成交时间	成交价	价格变动	成交量(手)	成交额(元)	性质
15:00:03	11.6	0.01	1718	1993355	买盘
14:57:00	11.59	-0.01	10	11590	卖盘
14:56:51	11.6	0.01	5	5800	买盘
14:56:48	11.59	--	20	23180	卖盘
14:56:36	11.59	-0.01	13	15067	卖盘
14:56:33	11.6	--	9	10440	买盘
14:56:24	11.6	--	90	104400	卖盘
14:56:18	11.6	--	5	5800	卖盘
14:56:15	11.6	--	10	11600	买盘
14:56:12	11.6	--	7	8120	买盘
14:56:09	11.6	--	7	8120	卖盘
14:56:03	11.6	--	3	3480	卖盘
14:56:00	11.6	0.01	5	5800	买盘
14:55:57	11.59	-0.01	32	37088	卖盘
14:55:54	11.6	--	1	1160	卖盘
14:55:51	11.6	--	8	9280	中性盘
14:55:45	11.6	0.01	304	352640	买盘
14:55:36	11.59	--	105	121695	卖盘
14:55:24	11.59	--	114	132126	卖盘
14:55:00	11.59	--	16	18544	卖盘
14:54:57	11.59	-0.01	5	5795	卖盘
14:54:54	11.6	0.01	191	221560	买盘
14:54:48	11.59	-0.01	6	6954	卖盘
14:54:45	11.6	0.01	20	23200	买盘
14:54:39	11.59	-0.01	2	2318	卖盘
14:54:30	11.6	0.01	18	20880	买盘
14:54:27	11.59	--	9	10431	卖盘
14:54:18	11.59	0.01	10	11590	中性盘
14:54:06	11.58	--	10	11580	卖盘
14:54:00	11.58	-0.02	25	28950	卖盘
14:53:54	11.6	0.02	25	29000	买盘
14:53:45	11.58	--	5	5790	卖盘
14:53:39	11.58	--	1	1158	卖盘
14:53:06	11.58	-0.02	15	17370	卖盘
14:52:57	11.6	--	40	46400	买盘
14:52:54	11.6	0.02	8	9280	买盘
14:52:48	11.58	-0.02	20	23160	卖盘
14:52:42	11.6	0.02	55	63800	买盘
14:52:33	11.58	-0.01	26	30108	卖盘
14:52:30	11.59	--	15	17848	买盘
14:52:27	11.59	--	10	11590	买盘
14:52:21	11.59	--	6	7649	卖盘
14:52:12	11.59	-0.01	10	11590	卖盘
14:52:09	11.6	--	32	37120	买盘
14:52:06	11.6	--	100	116000	买盘
14:51:48	11.6	0.01	18	20880	买盘
14:51:42	11.59	--	15	17385	卖盘
14:51:36	11.59	--	10	11590	卖盘
14:51:30	11.59	--	11	12749	卖盘
14:51:18	11.59	--	10	11590	卖盘
14:51:12	11.59	--	177	205143	卖盘
14:51:03	11.59	-0.01	3	3477	卖盘
14:50:57	11.6	0.01	30	34800	买盘
14:50:48	11.59	--	2	2318	卖盘
14:50:45	11.59	--	60	69540	卖盘
14:50:42	11.59	-0.01	15	17385	卖盘
14:50:36	11.6	0.01	19	22040	买盘
14:50:21	11.59	-0.01	5	5795	卖盘
14:50:18	11.6	--	37	42920	买盘
14:50:12	11.6	0.01	3	3480	买盘
14:50:09	11.59	-0.01	5	6258	卖盘
14:50:03	11.6	--	164	190240	买盘
14:49:54	11.6	0.01	89	103240	买盘
14:49:51	11.59	-0.01	30	34770	卖盘
14:49:48	11.6	--	1	1160	买盘
14:49:36	11.6	--	14	16240	买盘
14:49:21	11.6	--	3	3480	买盘
14:49:15	11.6	0.01	91	105560	买盘
14:49:09	11.59	-0.01	10	11590	卖盘
14:49:06	11.6	--	30	34800	买盘
14:49:03	11.6	--	25	29000	买盘
14:49:00	11.6	--	4	4640	买盘
14:48:42	11.6	0.01	26	30160	买盘
14:48:33	11.59	-0.01	5	5795	卖盘
14:48:24	11.6	--	11	12760	买盘
14:48:03	11.6	-0.01	38	45008	卖盘
14:48:00	11.61	--	103	119583	卖盘
14:47:51	11.61	-0.02	35	40635	卖盘
14:47:48	11.63	0.02	47	54661	买盘
14:47:42	11.61	0.01	10	11610	卖盘
14:47:33	11.6	--	11	12760	卖盘
14:47:30	11.6	-0.03	31	35960	卖盘
14:47:27	11.63	0.03	2	2326	中性盘
14:47:21	11.6	--	59	68440	卖盘
14:47:18	11.6	--	38	44312	买盘
14:47:15	11.6	-0.03	5	5800	买盘
14:47:12	11.63	0.03	4	5582	卖盘
14:47:09	11.6	--	5	6032	买盘
14:47:06	11.6	--	88	103008	卖盘
14:47:03	11.6	--	43	49880	卖盘
14:47:00	11.6	--	128	148480	卖盘
14:46:57	11.6	--	183	212280	卖盘
14:46:54	11.6	-0.01	191	221560	卖盘
14:46:51	11.61	-0.03	53	61533	卖盘
14:46:48	11.64	--	52	60528	买盘
14:46:36	11.64	--	1	1164	卖盘
14:46:33	11.64	--	51	59364	卖盘
14:46:30	11.64	--	36	41904	卖盘
14:46:27	11.64	0.04	69	80316	买盘
14:46:24	11.6	-0.01	39	45240	卖盘
14:46:21	11.61	-0.02	58	67338	卖盘
14:46:18	11.63	0.02	20	23260	中性盘
14:46:06	11.61	-0.02	48	55728	卖盘
14:46:03	11.63	-0.01	71	82573	卖盘
14:46:00	11.64	0.01	121	140844	买盘
14:45:48	11.63	--	3	3489	卖盘
14:45:30	11.63	-0.01	2	2326	卖盘
14:45:24	11.64	--	30	34920	买盘
14:45:15	11.64	--	65	75660	卖盘
14:45:03	11.64	0.01	35	40740	买盘
14:45:00	11.63	-0.02	3	3489	卖盘
14:44:36	11.65	--	1	1165	买盘
14:44:24	11.65	0.05	4	4660	买盘
14:44:15	11.6	-0.04	4000	4640000	卖盘
14:44:03	11.64	0.01	45	52380	买盘
14:43:57	11.63	--	8	9304	卖盘
14:43:51	11.63	--	10	11630	卖盘
14:43:45	11.63	--	50	58150	卖盘
14:43:33	11.63	--	10	11630	卖盘
14:43:30	11.63	--	2	2326	卖盘
14:43:27	11.63	--	40	46520	卖盘
14:43:21	11.63	--	55	63965	卖盘
14:43:15	11.63	--	9	10467	卖盘
14:43:12	11.63	--	3	3489	卖盘
14:43:06	11.63	--	20	23260	卖盘
14:43:00	11.63	--	3	3489	卖盘
14:42:27	11.63	--	2	2326	卖盘
14:41:54	11.63	--	1	1163	卖盘
14:41:51	11.63	--	2	2326	卖盘
14:41:42	11.63	--	6	6978	卖盘
14:41:30	11.63	-0.01	5	5815	卖盘
14:41:18	11.64	--	15	17460	买盘
14:41:00	11.64	--	9	10476	买盘
14:40:51	11.64	-0.01	557	649023	卖盘
14:40:30	11.65	--	4	4660	买盘
14:40:24	11.65	0.01	20	23300	买盘
14:40:21	11.64	-0.01	70	81480	卖盘
14:39:54	11.65	0.01	10	11650	买盘
14:39:51	11.64	--	1	1164	卖盘
14:39:36	11.64	--	4	4656	卖盘
14:39:30	11.64	--	10	11640	卖盘
14:39:21	11.64	--	83	96612	卖盘
14:39:18	11.64	-0.01	36	41904	卖盘
14:38:45	11.65	--	10	11650	买盘
14:38:42	11.65	--	5	5825	买盘
14:38:39	11.65	0.01	10	11650	中性盘
14:38:06	11.64	-0.01	100	116400	卖盘
14:38:03	11.65	-0.02	15	17475	卖盘
14:38:00	11.67	0.02	10	11670	买盘
14:37:57	11.65	0.01	2	2330	中性盘
14:37:36	11.64	-0.01	40	46560	卖盘
14:37:33	11.65	--	1	1165	卖盘
14:37:30	11.65	--	81	94365	卖盘
14:37:27	11.65	--	20	23300	卖盘
14:37:24	11.65	0.01	1	1165	买盘
14:37:03	11.64	--	30	34920	卖盘
14:36:45	11.64	--	414	482384	买盘
14:36:42	11.64	--	10	11640	买盘
14:36:39	11.64	--	4	4656	买盘
14:36:36	11.64	--	6	6984	买盘
14:36:33	11.64	--	92	107088	买盘
14:36:27	11.64	--	20	23280	买盘
14:36:24	11.64	--	5	5820	买盘
14:36:18	11.64	--	20	23280	买盘
14:35:57	11.64	0.01	18	20952	买盘
14:35:51	11.63	-0.01	8	9304	卖盘
14:35:45	11.64	--	13	15132	买盘
14:35:42	11.64	-0.04	168	196227	卖盘
14:35:39	11.68	0.01	500	584000	买盘
14:35:18	11.67	--	10	11670	买盘
14:35:12	11.67	0.02	10	11670	买盘
14:35:03	11.65	--	31	36115	卖盘
14:34:48	11.65	-0.02	188	219020	卖盘
14:34:45	11.67	--	70	81690	卖盘
14:34:36	11.67	-0.01	70	81690	卖盘
14:34:33	11.68	0.01	30	35040	买盘
14:34:30	11.67	--	84	98028	卖盘
14:34:27	11.67	--	108	126036	卖盘
14:34:24	11.67	0.02	120	140040	买盘
14:34:21	11.65	--	97	113005	卖盘
14:34:18	11.65	-0.01	100	116500	卖盘
14:34:15	11.66	0.01	49	57623	买盘
14:34:06	11.65	0.01	4	4660	买盘
14:33:57	11.64	--	12	13968	买盘
14:33:54	11.64	--	26	30264	买盘
14:33:51	11.64	0.01	5	5820	买盘
14:33:48	11.63	-0.01	50	58150	卖盘
14:33:45	11.64	--	1	1164	买盘
14:33:39	11.64	--	20	23280	买盘
14:33:30	11.64	--	37	43068	买盘
14:33:21	11.64	--	3	3492	买盘
14:33:06	11.64	--	8	9312	买盘
14:33:00	11.64	-0.02	13	15132	中性盘
14:32:57	11.66	0.02	78	90948	买盘
14:32:45	11.64	--	15	17460	买盘
14:32:42	11.64	--	27	31428	卖盘
14:32:39	11.64	--	20	23280	卖盘
14:32:15	11.64	-0.01	20	23280	卖盘
14:32:12	11.65	0.02	28	32620	买盘
14:32:06	11.63	0.01	10	11630	中性盘
14:31:15	11.62	0.01	17	19754	中性盘
14:30:54	11.61	-0.04	800	928800	卖盘
14:30:33	11.65	--	36	41940	卖盘
14:30:24	11.65	0.01	1	1165	买盘
14:30:18	11.64	--	5	5820	卖盘
14:30:12	11.64	--	84	97776	卖盘
14:30:09	11.64	-0.01	120	139680	卖盘
14:30:06	11.65	-0.01	59	68735	卖盘
14:29:54	11.66	0.01	3	3498	买盘
14:29:27	11.65	-0.01	2	2330	中性盘
14:28:06	11.66	--	2	3008	卖盘
14:28:03	11.66	-0.01	17	20311	卖盘
14:27:54	11.67	0.03	25	29175	买盘
14:27:42	11.64	-0.02	132	153648	卖盘
14:27:39	11.66	--	158	184228	卖盘
14:27:36	11.66	0.01	130	151580	买盘
14:27:24	11.65	0.01	15	17475	买盘
14:27:21	11.64	--	4	4656	卖盘
14:27:15	11.64	-0.02	30	34920	卖盘
14:26:54	11.66	--	3	3498	卖盘
14:26:51	11.66	--	3	3498	卖盘
14:26:42	11.66	--	10	11660	卖盘
14:26:33	11.66	0.01	5	5830	卖盘
14:26:15	11.65	0.01	4	4660	买盘
14:26:12	11.64	-0.01	114	132696	卖盘
14:26:09	11.65	-0.01	104	121160	卖盘
14:26:06	11.66	0.01	22	25652	买盘
14:26:00	11.65	--	1	1165	卖盘
14:25:09	11.65	--	31	36115	卖盘
14:24:57	11.65	-0.01	5	5825	卖盘
14:24:36	11.66	-0.01	102	118932	卖盘
14:24:33	11.67	--	10	11670	买盘
14:23:54	11.67	0.01	5	5835	买盘
14:23:51	11.66	-0.01	6	6996	卖盘
14:23:27	11.67	--	20	23340	买盘
14:23:24	11.67	0.01	5	5835	买盘
14:23:03	11.66	0.02	6	6996	买盘
14:22:12	11.64	--	26	30496	买盘
14:22:06	11.64	--	34	39576	买盘
14:22:03	11.64	0.01	200	232800	买盘
14:21:57	11.63	-0.01	4	4652	卖盘
14:21:54	11.64	--	10	11640	买盘
14:21:45	11.64	0.01	30	34920	买盘
14:21:15	11.63	-0.01	10	11630	卖盘
14:21:03	11.64	--	107	124548	买盘
14:21:00	11.64	-0.01	126	147595	卖盘
14:20:54	11.65	0.01	10	11650	中性盘
14:20:30	11.64	--	95	110812	买盘
14:20:18	11.64	--	3	3492	买盘
14:20:09	11.64	-0.03	401	467695	卖盘
14:20:03	11.67	--	9	10503	卖盘
14:20:00	11.67	--	20	23340	卖盘
14:19:54	11.67	--	20	23806	卖盘
14:19:51	11.67	0.01	262	306687	买盘
14:19:48	11.66	--	14	16324	卖盘
14:19:33	11.66	--	1	1166	卖盘
14:19:30	11.66	--	5	5830	卖盘
14:19:27	11.66	--	50	58300	卖盘
14:19:18	11.66	--	10	11660	卖盘
14:19:12	11.66	0.01	19	22154	买盘
14:18:39	11.65	--	3	3495	卖盘
14:18:36	11.65	--	40	46600	卖盘
14:18:21	11.65	--	10	11650	卖盘
14:17:51	11.65	-0.01	30	34950	卖盘
14:17:33	11.66	--	18	20988	卖盘
14:17:18	11.66	-0.01	2	2332	买盘
14:17:06	11.67	0.01	80	93360	买盘
14:17:00	11.66	-0.01	9	10494	卖盘
14:16:51	11.67	-0.01	1	1400	卖盘
14:16:42	11.68	--	23	26864	买盘
14:16:30	11.68	--	28	32704	卖盘
14:16:18	11.68	--	150	175200	卖盘
14:16:09	11.68	--	2	2336	卖盘
14:16:00	11.68	0.01	40	46720	买盘
14:15:57	11.67	--	20	23340	卖盘
14:15:33	11.67	--	2	2334	卖盘
14:15:21	11.67	--	109	128136	买盘
14:14:57	11.67	0.02	15	17505	买盘
14:14:12	11.65	-0.02	5	5825	卖盘
14:14:03	11.67	0.02	12	14004	买盘
14:13:42	11.65	--	50	58250	卖盘
14:13:24	11.65	--	35	40775	买盘
14:13:03	11.65	-0.01	15	17475	卖盘
14:12:54	11.66	--	12	13992	买盘
14:12:30	11.66	--	5	5830	买盘
14:12:27	11.66	--	20	23320	买盘
14:11:45	11.66	--	3	3498	买盘
14:11:39	11.66	0.01	12	13992	买盘
14:11:12	11.65	--	8	9320	买盘
14:10:48	11.65	-0.01	21	24465	中性盘
14:10:21	11.66	0.02	27	31482	买盘
14:10:15	11.64	-0.01	148	172272	卖盘
14:10:00	11.65	--	2	2330	买盘
14:09:57	11.65	0.01	15	17475	买盘
14:09:24	11.64	-0.01	32	37248	卖盘
14:08:45	11.65	--	1	1165	买盘
14:08:42	11.65	--	12	13980	买盘
14:08:27	11.65	--	39	45435	卖盘
14:08:24	11.65	-0.01	8	9320	卖盘
14:08:09	11.66	--	4	4664	买盘
14:07:51	11.66	--	12	13992	买盘
14:07:42	11.66	-0.01	10	11660	中性盘
14:06:51	11.67	0.02	12	14004	买盘
14:06:48	11.65	--	100	116500	卖盘
14:06:39	11.65	-0.02	10	11650	卖盘
14:06:36	11.67	0.01	90	105030	买盘
14:06:27	11.66	--	14	16324	卖盘
14:06:21	11.66	-0.01	10	11660	卖盘
14:06:03	11.67	0.01	11	12837	买盘
14:05:54	11.66	-0.01	6	6996	卖盘
14:05:51	11.67	0.01	12	14004	买盘
14:05:45	11.66	--	2	2332	卖盘
14:05:33	11.66	--	51	59466	买盘
14:05:12	11.66	--	30	34980	买盘
14:05:06	11.66	-0.01	33	38478	卖盘
14:04:57	11.67	0.01	12	14004	买盘
14:04:39	11.66	--	12	13992	买盘
14:04:36	11.66	0.01	20	23320	买盘
14:04:27	11.65	-0.01	10	11650	卖盘
14:04:18	11.66	--	7	8162	买盘
14:04:06	11.66	--	20	23320	买盘
14:03:48	11.66	--	62	72292	卖盘
14:03:39	11.66	-0.01	20	23320	中性盘
14:03:33	11.67	0.01	118	137706	买盘
14:03:18	11.66	-0.01	38	44541	卖盘
14:03:15	11.67	0.01	10	11670	买盘
14:02:57	11.66	-0.01	10	11660	卖盘
14:02:39	11.67	0.01	30	35010	买盘
14:02:36	11.66	-0.01	28	32648	卖盘
14:02:30	11.67	--	7	8169	买盘
14:02:24	11.67	0.01	12	14004	买盘
14:02:15	11.66	--	1	2098	买盘
14:01:54	11.66	-0.01	3	3731	卖盘
14:01:48	11.67	0.01	12	14004	买盘
14:01:24	11.66	0.02	8	10260	买盘
14:01:03	11.64	-0.02	5	5820	卖盘
14:01:00	11.66	--	5	5830	买盘
14:00:45	11.66	--	4	4664	买盘
14:00:36	11.66	--	12	13992	买盘
14:00:30	11.66	--	8	9328	买盘
14:00:27	11.66	0.02	78	90948	买盘
14:00:21	11.64	--	100	116400	卖盘
14:00:09	11.64	--	165	192060	买盘
14:00:06	11.64	--	42	48888	买盘
13:59:51	11.64	--	86	100104	买盘
13:59:45	11.64	0.01	50	58200	买盘
13:59:30	11.63	-0.01	24	27912	卖盘
13:59:27	11.64	--	18	20952	买盘
13:59:24	11.64	0.01	50	58200	买盘
13:59:21	11.63	--	20	23260	卖盘
13:59:15	11.63	-0.01	6	6978	卖盘
13:58:57	11.64	0.01	10	11640	买盘
13:58:42	11.63	--	65	75595	卖盘
13:58:33	11.63	-0.01	4	4652	卖盘
13:58:27	11.64	--	20	23280	买盘
13:58:15	11.64	--	9	10476	买盘
13:58:09	11.64	-0.02	25	29100	卖盘
13:58:03	11.66	0.03	12	13992	买盘
13:57:42	11.63	-0.01	3	3489	卖盘
13:57:36	11.64	--	9	10476	买盘
13:57:30	11.64	0.01	32	37248	买盘
13:57:15	11.63	-0.01	31	36053	卖盘
13:57:09	11.64	0.01	12	13968	买盘
13:56:57	11.63	-0.01	17	19771	卖盘
13:56:39	11.64	-0.01	107	124548	卖盘
13:56:18	11.65	-0.01	80	93200	卖盘
13:56:12	11.66	--	27	31482	买盘
13:55:42	11.66	--	56	65296	买盘
13:55:39	11.66	0.01	33	38478	买盘
13:55:36	11.65	--	1	1165	卖盘
13:55:33	11.65	-0.01	15	17475	卖盘
13:55:30	11.66	0.01	12	13992	买盘
13:55:27	11.65	--	16	18640	卖盘
13:55:21	11.65	--	40	46600	卖盘
13:55:15	11.65	--	8	9320	卖盘
13:54:57	11.65	-0.01	50	58250	卖盘
13:54:51	11.66	0.01	12	13992	买盘
13:54:48	11.65	--	8	9320	卖盘
13:54:45	11.65	--	4	4660	卖盘
13:54:42	11.65	--	7	8155	卖盘
13:54:39	11.65	-0.01	5	5825	卖盘
13:54:36	11.66	0.01	1	1166	买盘
13:54:30	11.65	-0.01	100	116500	卖盘
13:54:24	11.66	--	126	146916	买盘
13:54:21	11.66	0.01	11	12826	买盘
13:54:15	11.65	--	80	93200	卖盘
13:54:12	11.65	-0.01	15	17475	卖盘
13:54:06	11.66	--	15	17490	买盘
13:54:03	11.66	--	2	2332	买盘
13:53:57	11.66	--	30	34980	卖盘
13:53:48	11.66	--	10	11660	卖盘
13:53:45	11.66	--	37	43142	卖盘
13:53:39	11.66	--	5	5830	卖盘
13:53:33	11.66	-0.01	100	116600	卖盘
13:53:27	11.67	--	4	4668	买盘
13:53:18	11.67	-0.01	81	94527	卖盘
13:53:15	11.68	--	8	9344	买盘
13:53:03	11.68	--	6	7008	买盘
13:52:48	11.68	--	15	17520	买盘
13:52:36	11.68	--	17	19856	买盘
13:52:30	11.68	--	2	2336	卖盘
13:52:24	11.68	0.01	3	3504	买盘
13:52:21	11.67	--	26	30342	卖盘
13:52:15	11.67	--	20	23340	卖盘
13:52:12	11.67	--	40	46680	卖盘
13:52:06	11.67	-0.02	16	18672	卖盘
13:52:03	11.69	0.02	1	1169	买盘
13:52:00	11.67	--	30	35010	卖盘
13:51:57	11.67	-0.02	1	1167	卖盘
13:51:54	11.69	0.02	12	14028	买盘
13:51:48	11.67	--	269	313923	卖盘
13:51:36	11.67	-0.01	200	233400	卖盘
13:51:33	11.68	--	12	14016	卖盘
13:51:24	11.68	--	23	26864	卖盘
13:51:18	11.68	--	27	31536	卖盘
13:51:15	11.68	--	70	81760	卖盘
13:51:09	11.68	--	10	11680	卖盘
13:51:06	11.68	-0.01	10	11680	卖盘
13:51:03	11.69	0.01	13	15197	买盘
13:51:00	11.68	--	10	11680	卖盘
13:50:51	11.68	--	110	128480	卖盘
13:50:27	11.68	-0.01	103	120304	卖盘
13:50:12	11.69	--	20	23380	买盘
13:49:57	11.69	--	286	334334	卖盘
13:49:36	11.69	--	3	3507	卖盘
13:49:09	11.69	--	10	11690	卖盘
13:48:45	11.69	-0.03	40	46760	卖盘
13:48:36	11.72	0.03	5	5860	中性盘
13:48:24	11.69	--	1	1659	买盘
13:48:18	11.69	--	10	11690	买盘
13:48:12	11.69	-0.04	161	188887	卖盘
13:48:09	11.73	0.04	12	14076	买盘
13:47:36	11.69	--	16	19194	买盘
13:47:27	11.69	--	30	35070	买盘
13:47:21	11.69	--	49	57959	卖盘
13:47:18	11.69	-0.04	74	86506	卖盘
13:47:15	11.73	0.04	12	14076	买盘
13:47:03	11.69	--	49	57281	卖盘
13:47:00	11.69	--	36	42084	卖盘
13:46:42	11.69	-0.04	500	584500	卖盘
13:46:33	11.73	-0.01	20	23460	卖盘
13:46:30	11.74	0.01	12	14088	买盘
13:46:24	11.73	--	5	5865	卖盘
13:45:51	11.73	-0.01	2	2346	卖盘
13:45:48	11.74	0.01	12	14088	买盘
13:45:18	11.73	--	5	5865	卖盘
13:45:09	11.73	--	32	37536	卖盘
13:44:54	11.73	--	5	5865	卖盘
13:44:24	11.73	--	5	5865	卖盘
13:44:18	11.73	-0.01	5	5865	卖盘
13:44:15	11.74	0.01	12	14088	买盘
13:44:09	11.73	-0.01	30	35190	中性盘
13:43:18	11.74	0.04	12	14088	买盘
13:43:09	11.7	-0.03	208	243359	卖盘
13:43:06	11.73	--	53	62169	卖盘
13:42:54	11.73	0.01	176	206448	买盘
13:42:42	11.72	--	2	2344	买盘
13:42:27	11.72	--	11	12892	卖盘
13:42:24	11.72	--	1	1172	卖盘
13:42:18	11.72	--	2	2344	卖盘
13:41:57	11.72	--	4	4688	卖盘
13:41:45	11.72	--	3	3516	卖盘
13:41:42	11.72	-0.01	1	1172	卖盘
13:41:39	11.73	--	12	14076	买盘
13:41:30	11.73	0.01	27	31671	买盘
13:41:27	11.72	--	7	8204	卖盘
13:41:00	11.72	-0.01	21	24612	卖盘
13:40:57	11.73	--	2	2346	买盘
13:40:54	11.73	0.02	11	12903	买盘
13:40:42	11.71	--	20	23420	卖盘
13:40:21	11.71	-0.01	101	118271	卖盘
13:40:18	11.72	--	5	5860	卖盘
13:40:15	11.72	--	9	10548	卖盘
13:40:12	11.72	0.01	6	7032	买盘
13:40:06	11.71	--	3	3513	卖盘
13:40:00	11.71	-0.01	7	8197	卖盘
13:39:54	11.72	0.01	50	58600	买盘
13:39:39	11.71	-0.01	7	8197	卖盘
13:39:36	11.72	--	4	4688	买盘
13:39:18	11.72	0.01	10	11720	买盘
13:39:15	11.71	--	22	25762	卖盘
13:39:03	11.71	0.01	207	242888	买盘
13:38:57	11.7	--	10	11700	卖盘
13:38:39	11.7	-0.01	20	23400	卖盘
13:38:30	11.71	--	10	11710	买盘
13:38:21	11.71	--	10	11920	卖盘
13:38:15	11.71	-0.01	10	11710	卖盘
13:37:51	11.72	--	10	11720	卖盘
13:37:48	11.72	--	5	5860	卖盘
13:37:45	11.72	--	16	18752	卖盘
13:37:30	11.72	--	5	5860	卖盘
13:37:15	11.72	--	4	4688	卖盘
13:37:00	11.72	--	5	5860	卖盘
13:36:27	11.72	--	2	2344	卖盘
13:36:18	11.72	-0.01	5	5860	卖盘
13:36:03	11.73	--	1	1173	买盘
13:35:57	11.73	--	8	9384	买盘
13:35:42	11.73	0.01	3	3519	买盘
13:35:36	11.72	0.01	11	12892	买盘
13:35:30	11.71	--	10	11710	卖盘
13:35:21	11.71	--	5	5855	卖盘
13:35:12	11.71	0.01	368	431888	买盘
13:34:48	11.7	-0.01	53	62009	卖盘
13:34:42	11.71	--	15	17565	买盘
13:33:57	11.71	--	12	14052	买盘
13:33:42	11.71	--	5	5855	买盘
13:33:30	11.71	--	12	14052	买盘
13:33:27	11.71	0.01	43	50353	买盘
13:33:21	11.7	-0.01	50	58710	卖盘
13:33:03	11.71	--	11	12881	买盘
13:32:51	11.71	0.01	2	2342	买盘
13:32:06	11.7	--	27	31589	卖盘
13:31:48	11.7	--	1	1170	卖盘
13:31:27	11.7	--	22	26699	卖盘
13:31:15	11.7	-0.01	8	9360	卖盘
13:30:51	11.71	--	50	58550	买盘
13:30:27	11.71	--	9	10539	买盘
13:30:21	11.71	0.01	1	1171	买盘
13:30:06	11.7	--	9	10530	卖盘
13:29:54	11.7	--	30	35100	卖盘
13:29:45	11.7	--	10	11700	卖盘
13:29:42	11.7	--	50	58500	卖盘
13:29:39	11.7	--	5	5850	卖盘
13:29:33	11.7	--	25	29250	卖盘
13:29:24	11.7	--	10	11700	卖盘
13:29:15	11.7	--	20	23400	卖盘
13:29:06	11.7	--	2	2340	卖盘
13:28:54	11.7	-0.01	10	11700	卖盘
13:28:36	11.71	--	12	14052	买盘
13:28:24	11.71	--	55	64405	买盘
13:28:18	11.71	0.01	9	10539	买盘
13:28:12	11.7	--	2	2340	卖盘
13:28:06	11.7	--	102	119340	买盘
13:28:00	11.7	--	5	5850	买盘
13:27:57	11.7	--	2	2340	卖盘
13:27:54	11.7	-0.01	11	12870	卖盘
13:27:51	11.71	0.01	12	14052	买盘
13:27:48	11.7	--	8	9360	卖盘
13:27:45	11.7	--	11	12870	卖盘
13:27:27	11.7	--	2	2340	卖盘
13:27:21	11.7	0.01	8	9360	买盘
13:27:18	11.69	-0.01	60	70140	卖盘
13:27:06	11.7	--	14	16379	卖盘
13:27:03	11.7	-0.01	50	58500	卖盘
13:26:39	11.71	--	16	18736	买盘
13:26:36	11.71	--	10	11710	买盘
13:26:33	11.71	--	3	3513	买盘
13:26:27	11.71	-0.01	168	196728	卖盘
13:26:24	11.72	0.01	12	14064	买盘
13:26:21	11.71	--	5	5855	卖盘
13:26:18	11.71	-0.01	1	1171	卖盘
13:26:09	11.72	--	18	21096	卖盘
13:26:03	11.72	0.01	32	37504	买盘
13:25:42	11.71	-0.01	20	23420	卖盘
13:25:33	11.72	--	5	5860	买盘
13:25:27	11.72	--	4	4688	卖盘
13:25:24	11.72	-0.01	1	1172	卖盘
13:25:15	11.73	0.01	12	14076	买盘
13:25:09	11.72	--	12	14064	卖盘
13:25:00	11.72	-0.02	30	35160	卖盘
13:24:42	11.74	0.01	25	29350	买盘
13:24:30	11.73	--	27	31671	卖盘
13:24:21	11.73	--	9	10557	卖盘
13:24:15	11.73	-0.01	5	5865	卖盘
13:24:12	11.74	0.01	12	14088	买盘
13:24:09	11.73	--	7	8211	卖盘
13:24:06	11.73	--	26	30498	卖盘
13:24:03	11.73	--	20	23460	卖盘
13:23:57	11.73	--	32	37536	买盘
13:23:48	11.73	--	19	22287	卖盘
13:23:39	11.73	--	10	11730	卖盘
13:23:36	11.73	--	9	10557	卖盘
13:23:33	11.73	--	50	58650	卖盘
13:23:24	11.73	--	10	11730	卖盘
13:23:21	11.73	--	72	84456	卖盘
13:23:12	11.73	--	10	11730	卖盘
13:23:09	11.73	--	2	2346	卖盘
13:23:03	11.73	-0.01	6	7038	卖盘
13:22:57	11.74	--	40	46960	买盘
13:22:42	11.74	-0.01	63	73962	卖盘
13:22:33	11.75	--	37	43475	买盘
13:22:27	11.75	0.01	9	10575	买盘
13:22:21	11.74	--	3	3522	卖盘
13:21:54	11.74	-0.01	25	29350	卖盘
13:21:48	11.75	--	1	1175	买盘
13:21:39	11.75	--	25	29375	买盘
13:21:21	11.75	--	22	25850	买盘
13:20:54	11.75	0.01	5	5875	买盘
13:20:39	11.74	--	1	1174	卖盘
13:20:30	11.74	--	13	15262	卖盘
13:20:24	11.74	-0.02	50	58700	卖盘
13:20:21	11.76	0.02	5	5880	买盘
13:20:12	11.74	--	3	3522	卖盘
13:20:03	11.74	--	5	5870	卖盘
13:19:51	11.74	--	3	3522	卖盘
13:19:45	11.74	--	1	1174	卖盘
13:19:36	11.74	-0.02	1	1174	卖盘
13:19:21	11.76	0.02	300	352800	买盘
13:19:18	11.74	--	81	95094	卖盘
13:19:09	11.74	-0.01	15	17610	卖盘
13:19:03	11.75	0.01	26	30550	买盘
13:18:48	11.74	--	2	2348	卖盘
13:18:45	11.74	--	23	27002	买盘
13:18:42	11.74	--	5	5870	买盘
13:18:33	11.74	--	12	14088	买盘
13:18:21	11.74	-0.01	27	31698	卖盘
13:18:18	11.75	0.01	3	3525	买盘
13:18:03	11.74	-0.01	5	5870	卖盘
13:18:00	11.75	0.01	2	2350	买盘
13:17:39	11.74	--	4	4696	卖盘
13:17:30	11.74	-0.01	6	7044	卖盘
13:17:21	11.75	-0.02	9	10575	卖盘
13:17:15	11.77	--	29	34133	买盘
13:17:09	11.77	0.03	10	11770	买盘
13:17:06	11.74	-0.03	10	11740	卖盘
13:16:57	11.77	0.03	20	23540	买盘
13:16:51	11.74	-0.01	5	5870	卖盘
13:16:48	11.75	-0.02	5	5875	卖盘
13:16:27	11.77	0.03	50	58850	买盘
13:16:15	11.74	--	13	15262	卖盘
13:16:06	11.74	-0.02	20	23480	卖盘
13:16:03	11.76	--	2	2352	买盘
13:16:00	11.76	0.02	14	16464	买盘
13:15:57	11.74	--	7	8218	卖盘
13:15:48	11.74	--	20	23480	卖盘
13:15:36	11.74	-0.03	44	51656	卖盘
13:15:27	11.77	0.01	12	14124	买盘
13:15:21	11.76	-0.01	10	11760	卖盘
13:15:18	11.77	0.01	60	70620	买盘
13:15:15	11.76	-0.01	16	18816	卖盘
13:15:12	11.77	--	32	37664	买盘
13:14:57	11.77	--	19	22363	买盘
13:14:54	11.77	-0.02	26	30602	卖盘
13:14:48	11.79	--	20	23580	买盘
13:14:45	11.79	--	21	24759	买盘
13:14:42	11.79	0.02	13	15326	买盘
13:14:39	11.77	--	10	11770	卖盘
13:14:36	11.77	0.01	13	15301	买盘
13:14:27	11.76	--	10	11760	卖盘
13:14:24	11.76	-0.01	38	44688	卖盘
13:14:15	11.77	-0.02	13	15301	卖盘
13:13:51	11.79	0.02	4	4716	买盘
13:13:45	11.77	-0.03	2	2354	中性盘
13:13:24	11.8	--	25	30208	卖盘
13:13:21	11.8	--	67	79060	卖盘
13:13:15	11.8	-0.01	5	5900	卖盘
13:13:09	11.81	0.01	1	1181	买盘
13:13:06	11.8	-0.01	8	9440	卖盘
13:13:03	11.81	--	197	233601	卖盘
13:13:00	11.81	--	40	47240	卖盘
13:12:57	11.81	--	41	48421	卖盘
13:12:54	11.81	--	26	30706	卖盘
13:12:51	11.81	--	16	18896	卖盘
13:12:42	11.81	-0.01	100	118100	卖盘
13:12:36	11.82	--	8	9456	卖盘
13:12:33	11.82	-0.01	14	16548	卖盘
13:12:27	11.83	--	30	35490	买盘
13:12:21	11.83	--	30	35490	买盘
13:12:18	11.83	--	106	125398	买盘
13:12:12	11.83	--	13	15379	买盘
13:12:09	11.83	--	67	79261	买盘
13:12:06	11.83	--	3	3549	买盘
13:12:03	11.83	--	20	23660	买盘
13:12:00	11.83	--	52	61516	买盘
13:11:57	11.83	0.01	30	35490	买盘
13:11:54	11.82	0.01	4	4728	中性盘
13:11:51	11.81	--	24	28344	卖盘
13:11:45	11.81	-0.01	18	21258	卖盘
13:11:42	11.82	--	4	4728	卖盘
13:11:36	11.82	0.01	5	5910	买盘
13:11:30	11.81	--	5	5905	卖盘
13:11:27	11.81	--	136	160852	买盘
13:11:24	11.81	--	30	35430	买盘
13:11:21	11.81	--	169	199589	买盘
13:11:18	11.81	0.01	64	75584	买盘
13:11:15	11.8	-0.01	1	1180	卖盘
13:11:12	11.81	0.01	16	18896	买盘
13:11:03	11.8	--	3	3540	卖盘
13:11:00	11.8	0.04	340	401672	买盘
13:10:57	11.76	-0.04	25	29400	中性盘
13:10:54	11.8	0.02	500	590000	买盘
13:10:51	11.78	--	500	589000	买盘
13:10:45	11.78	0.02	726	855463	买盘
13:10:36	11.76	0.01	7	8232	买盘
13:10:18	11.75	0.03	1005	1181815	买盘
13:10:06	11.72	--	5	5860	卖盘
13:09:54	11.72	--	1	1172	卖盘
13:09:36	11.72	-0.01	10	11720	卖盘
13:09:30	11.73	--	1	1173	买盘
13:09:27	11.73	0.01	3	3519	买盘
13:09:15	11.72	-0.01	22	25784	卖盘
13:09:09	11.73	--	29	34017	买盘
13:09:06	11.73	0.01	22	25806	买盘
13:09:03	11.72	-0.01	6	7032	卖盘
13:09:00	11.73	0.02	10	11730	买盘
13:08:42	11.71	-0.02	33	38643	卖盘
13:08:33	11.73	0.01	30	35190	买盘
13:08:27	11.72	--	3	3516	买盘
13:08:18	11.72	--	9	10548	卖盘
13:08:00	11.72	-0.01	29	33988	卖盘
13:07:45	11.73	--	2	2346	买盘
13:07:36	11.73	--	18	21348	卖盘
13:07:21	11.73	--	1	2111	卖盘
13:07:15	11.73	--	6	7038	卖盘
13:07:12	11.73	0.01	74	86802	买盘
13:07:09	11.72	--	10	11720	卖盘
13:07:00	11.72	--	10	11720	卖盘
13:06:42	11.72	--	10	11720	卖盘
13:06:39	11.72	--	10	11720	卖盘
13:06:24	11.72	-0.01	10	11720	卖盘
13:06:12	11.73	--	5	5865	买盘
13:06:06	11.73	--	48	56304	卖盘
13:05:57	11.73	--	3	3519	卖盘
13:05:45	11.73	--	21	24633	买盘
13:05:39	11.73	--	22	25806	买盘
13:05:27	11.73	0.01	26	30498	买盘
13:05:18	11.72	--	1	1172	卖盘
13:05:09	11.72	--	58	67976	买盘
13:05:03	11.72	0.01	3	3516	买盘
13:04:48	11.71	0.01	27	31617	买盘
13:04:21	11.7	--	2	2340	卖盘
13:04:15	11.7	--	2	2340	卖盘
13:04:00	11.7	--	5	5850	卖盘
13:03:45	11.7	0.01	10	11700	买盘
13:03:36	11.69	-0.01	5	5845	卖盘
13:03:18	11.7	--	10	11700	买盘
13:03:12	11.7	--	3	3510	卖盘
13:03:03	11.7	--	30	35100	卖盘
13:03:00	11.7	--	32	37440	卖盘
13:02:51	11.7	-0.02	2	2340	卖盘
13:02:39	11.72	--	5	5860	买盘
13:02:33	11.72	--	9	10548	卖盘
13:02:30	11.72	-0.01	10	11720	卖盘
13:02:24	11.73	--	3	3519	买盘
13:02:12	11.73	--	17	19941	买盘
13:02:06	11.73	--	12	14076	卖盘
13:01:54	11.73	-0.01	2	2346	卖盘
13:01:39	11.74	--	10	11740	买盘
13:01:36	11.74	0.01	5	5870	买盘
13:01:33	11.73	--	5	5865	卖盘
13:01:06	11.73	0.01	53	62169	买盘
13:00:45	11.72	--	30	35160	卖盘
13:00:36	11.72	--	14	16408	卖盘
13:00:24	11.72	--	14	16408	卖盘
13:00:09	11.72	--	112	132201	买盘
13:00:06	11.72	0.01	60	70320	买盘
13:00:03	11.71	--	267	312657	卖盘
13:00:00	11.71	--	0	0	卖盘
11:30:00	11.71	--	0	0	卖盘
11:29:48	11.71	--	7	8197	买盘
11:29:45	11.71	--	6	7026	买盘
11:29:42	11.71	--	18	21078	买盘
11:29:36	11.71	-0.01	19	22249	卖盘
11:29:33	11.72	--	1	1172	卖盘
11:29:30	11.72	0.01	50	58600	买盘
11:29:24	11.71	0.01	6	7026	买盘
11:29:21	11.7	-0.01	1	1170	卖盘
11:29:12	11.71	0.01	17	19907	买盘
11:29:06	11.7	--	3	3510	卖盘
11:28:51	11.7	-0.03	8	9360	卖盘
11:28:39	11.73	--	3	3519	卖盘
11:28:24	11.73	-0.01	5	5865	卖盘
11:28:12	11.74	--	83	97442	卖盘
11:28:09	11.74	--	21	24654	卖盘
11:28:06	11.74	-0.01	7	8218	卖盘
11:27:57	11.75	--	38	44650	卖盘
11:27:54	11.75	-0.01	18	21150	卖盘
11:27:51	11.76	0.01	11	12936	买盘
11:27:45	11.75	--	20	23500	卖盘
11:27:42	11.75	-0.01	20	23500	卖盘
11:27:39	11.76	--	5	5880	卖盘
11:27:36	11.76	0.01	5	5880	卖盘
11:27:33	11.75	--	20	23500	卖盘
11:27:30	11.75	--	70	82250	卖盘
11:27:27	11.75	--	72	84600	卖盘
11:27:18	11.75	0.01	42	49350	买盘
11:27:12	11.74	-0.01	10	11740	卖盘
11:27:06	11.75	0.02	35	41125	买盘
11:27:03	11.73	-0.01	15	17595	卖盘
11:27:00	11.74	0.01	36	42264	买盘
11:26:57	11.73	--	6	7038	卖盘
11:26:54	11.73	-0.01	3	3519	中性盘
11:26:48	11.74	--	4	4696	买盘
11:26:39	11.74	0.04	30	35220	买盘
11:26:36	11.7	0.01	27	31589	卖盘
11:26:27	11.69	--	301	351869	卖盘
11:26:24	11.69	-0.06	15	17535	卖盘
11:26:18	11.75	0.06	700	822500	买盘
11:26:12	11.69	--	96	112457	买盘
11:26:03	11.69	--	60	70140	买盘
11:26:00	11.69	0.02	500	584500	买盘
11:25:48	11.67	0.01	300	350100	买盘
11:25:39	11.66	0.03	500	583000	买盘
11:25:24	11.63	--	1	1163	卖盘
11:25:15	11.63	-0.01	5	5815	中性盘
11:25:12	11.64	0.01	108	126643	买盘
11:25:03	11.63	--	88	102576	卖盘
11:25:00	11.63	-0.01	3	3489	中性盘
11:24:45	11.64	0.02	100	116400	买盘
11:24:21	11.62	-0.01	10	11620	卖盘
11:24:00	11.63	0.01	24	27912	买盘
11:23:54	11.62	-0.01	5	5810	卖盘
11:23:48	11.63	0.01	10	11630	买盘
11:23:39	11.62	--	1	1162	卖盘
11:23:21	11.62	--	35	41134	买盘
11:23:18	11.62	--	32	37184	买盘
11:23:12	11.62	0.01	56	65071	买盘
11:22:48	11.61	--	9	10449	卖盘
11:22:42	11.61	-0.01	10	11610	中性盘
11:22:30	11.62	0.02	1	1162	买盘
11:22:27	11.6	-0.01	15	17400	卖盘
11:22:24	11.61	0.01	43	49923	买盘
11:22:21	11.6	-0.01	5	5800	卖盘
11:22:18	11.61	0.01	11	12771	买盘
11:22:15	11.6	--	4	4640	卖盘
11:22:00	11.6	--	1	1160	卖盘
11:21:48	11.6	--	22	25520	买盘
11:21:45	11.6	--	50	58000	买盘
11:21:36	11.6	0.01	7	8120	买盘
11:21:21	11.59	-0.01	10	11590	卖盘
11:21:06	11.6	--	8	9280	卖盘
11:20:48	11.6	--	1	1160	卖盘
11:20:36	11.6	--	5	5800	卖盘
11:20:30	11.6	--	15	17400	卖盘
11:20:27	11.6	--	2	2320	卖盘
11:19:51	11.6	--	10	11600	卖盘
11:19:39	11.6	--	24	27840	买盘
11:19:36	11.6	--	50	58000	买盘
11:19:27	11.6	--	2	2320	买盘
11:19:00	11.6	--	10	11600	买盘
11:18:39	11.6	--	12	13920	卖盘
11:18:36	11.6	0.01	8	9280	买盘
11:18:27	11.59	-0.01	12	13908	卖盘
11:17:57	11.6	--	3	3480	买盘
11:17:54	11.6	0.01	12	13920	买盘
11:17:21	11.59	--	5	5795	卖盘
11:16:54	11.59	--	19	22021	买盘
11:16:48	11.59	--	12	13908	买盘
11:16:42	11.59	--	66	76494	卖盘
11:16:33	11.59	-0.03	3	3477	卖盘
11:15:48	11.62	0.02	23	26726	买盘
11:15:36	11.6	--	59	68440	买盘
11:15:33	11.6	0.01	31	35960	买盘
11:15:27	11.59	--	6	6954	卖盘
11:15:21	11.59	0.01	21	24339	买盘
11:15:15	11.58	--	50	57900	卖盘
11:15:12	11.58	-0.01	3	3474	卖盘
11:14:57	11.59	--	2	2318	买盘
11:14:42	11.59	--	20	23180	买盘
11:14:33	11.59	--	20	23180	买盘
11:14:30	11.59	--	100	115900	买盘
11:14:18	11.59	-0.01	53	61427	卖盘
11:13:51	11.6	--	20	23200	买盘
11:13:39	11.6	0.01	20	23200	买盘
11:13:36	11.59	--	10	11590	卖盘
11:13:03	11.59	-0.01	18	20862	卖盘
11:12:33	11.6	0.01	50	58000	买盘
11:12:30	11.59	-0.01	118	136762	卖盘
11:12:03	11.6	--	10	11600	买盘
11:12:00	11.6	0.01	11	12760	买盘
11:11:48	11.59	-0.01	5	5795	卖盘
11:11:33	11.6	--	3	3480	买盘
11:11:15	11.6	0.01	15	17400	买盘
11:11:12	11.59	-0.01	10	11590	卖盘
11:10:54	11.6	--	10	11600	买盘
11:10:42	11.6	--	1	1160	买盘
11:10:30	11.6	--	2	2320	卖盘
11:10:18	11.6	--	8	9280	卖盘
11:10:09	11.6	0.01	162	187920	买盘
11:10:06	11.59	--	9	10431	卖盘
11:10:03	11.59	-0.01	1	1159	卖盘
11:10:00	11.6	0.01	46	53360	买盘
11:09:54	11.59	--	32	37088	卖盘
11:09:39	11.59	--	57	66063	买盘
11:09:24	11.59	-0.01	7	8113	卖盘
11:09:18	11.6	--	6	6960	买盘
11:08:45	11.6	0.01	12	13920	买盘
11:08:36	11.59	--	7	8113	买盘
11:08:30	11.59	--	3	3477	卖盘
11:08:27	11.59	--	1	1159	卖盘
11:08:18	11.59	--	30	34770	卖盘
11:08:12	11.59	--	1	1159	卖盘
11:08:09	11.59	--	6	6954	卖盘
11:08:00	11.59	--	7	8113	卖盘
11:07:45	11.59	--	10	11590	卖盘
11:07:42	11.59	0.01	5	5795	中性盘
11:07:03	11.58	-0.02	5	5790	卖盘
11:07:00	11.6	--	5	5800	买盘
11:06:48	11.6	-0.02	12	13920	卖盘
11:06:30	11.62	--	11	12782	买盘
11:06:27	11.62	-0.01	156	181969	卖盘
11:06:21	11.63	--	6	6978	买盘
11:06:03	11.63	-0.01	5	5815	卖盘
11:05:45	11.64	--	31	36084	买盘
11:05:42	11.64	0.01	51	59364	买盘
11:05:39	11.63	--	41	47683	卖盘
11:05:33	11.63	-0.01	14	16282	卖盘
11:05:30	11.64	--	19	22116	买盘
11:05:24	11.64	0.01	31	36084	买盘
11:05:12	11.63	--	10	11630	卖盘
11:05:09	11.63	--	46	53498	买盘
11:05:06	11.63	--	25	29075	买盘
11:05:00	11.63	--	20	23260	买盘
11:04:57	11.63	-0.01	20	23260	卖盘
11:04:33	11.64	--	4	4656	卖盘
11:04:24	11.64	--	7	8148	买盘
11:04:12	11.64	-0.01	48	55872	卖盘
11:04:06	11.65	--	53	61745	卖盘
11:04:00	11.65	--	4	4660	卖盘
11:03:51	11.65	-0.01	131	152615	卖盘
11:03:42	11.66	--	9	10494	卖盘
11:03:36	11.66	--	6	6996	卖盘
11:03:30	11.66	--	5	5830	卖盘
11:03:27	11.66	--	18	20988	卖盘
11:03:24	11.66	--	19	22154	买盘
11:03:12	11.66	--	10	11660	买盘
11:03:09	11.66	-0.01	34	39644	卖盘
11:03:00	11.67	--	10	11670	买盘
11:02:57	11.67	--	78	91026	卖盘
11:02:48	11.67	-0.01	8	9336	中性盘
11:02:45	11.68	0.02	28	32704	买盘
11:02:42	11.66	--	15	17490	卖盘
11:02:33	11.66	0.02	14	16324	卖盘
11:02:30	11.64	--	16	18624	卖盘
11:02:27	11.64	--	50	58200	卖盘
11:02:15	11.64	-0.04	10	11640	卖盘
11:02:12	11.68	0.04	13	15184	买盘
11:02:09	11.64	-0.04	4	4656	卖盘
11:02:06	11.68	0.05	1022	1193696	买盘
11:02:03	11.63	-0.01	10	11630	卖盘
11:01:54	11.64	0.01	100	116400	买盘
11:01:51	11.63	--	35	40705	卖盘
11:01:45	11.63	--	10	11630	卖盘
11:01:36	11.63	--	120	139560	卖盘
11:01:33	11.63	--	15	17445	卖盘
11:01:30	11.63	0.01	77	89551	买盘
11:01:27	11.62	--	10	11620	卖盘
11:01:18	11.62	-0.01	4	4648	卖盘
11:01:12	11.63	0.01	31	36053	买盘
11:01:09	11.62	--	1	1162	卖盘
11:01:03	11.62	--	6	6971	卖盘
11:01:00	11.62	--	50	58099	卖盘
11:00:45	11.62	0.04	799	928902	买盘
11:00:36	11.58	--	59	68322	买盘
11:00:24	11.58	--	22	25476	卖盘
11:00:12	11.58	--	15	17370	中性盘
11:00:03	11.58	-0.01	60	69480	卖盘
10:59:39	11.59	0.01	23	26657	买盘
10:59:30	11.58	--	3	3474	卖盘
10:59:24	11.58	--	2	2316	卖盘
10:59:21	11.58	--	1	1158	买盘
10:58:51	11.58	0.01	50	57900	买盘
10:58:48	11.57	--	20	23140	卖盘
10:58:39	11.57	-0.01	40	46280	卖盘
10:58:24	11.58	--	2	2316	买盘
10:58:18	11.58	0.01	11	12738	买盘
10:58:12	11.57	--	15	17355	卖盘
10:58:03	11.57	-0.01	5	5785	卖盘
10:57:57	11.58	0.01	1	1158	买盘
10:57:42	11.57	--	3	3471	中性盘
10:57:33	11.57	--	10	11570	买盘
10:57:27	11.57	0.01	8	9256	中性盘
10:57:03	11.56	--	8	9248	卖盘
10:56:51	11.56	--	1	1156	卖盘
10:56:24	11.56	0.01	3	3468	中性盘
10:55:36	11.55	--	11	12705	买盘
10:55:33	11.55	--	29	33495	卖盘
10:55:21	11.55	-0.05	16	18480	卖盘
10:55:03	11.6	--	9	11368	卖盘
10:54:57	11.6	-0.01	239	277240	卖盘
10:54:54	11.61	0.01	8	9288	买盘
10:54:51	11.6	--	5	5800	卖盘
10:54:48	11.6	--	11	12760	卖盘
10:54:45	11.6	--	5	5800	卖盘
10:54:39	11.6	0.06	250	290232	买盘
10:54:30	11.54	-0.06	3	3461	卖盘
10:54:21	11.6	--	30	34800	卖盘
10:54:18	11.6	--	161	186760	卖盘
10:54:15	11.6	--	109	126440	卖盘
10:54:12	11.6	--	5	5800	卖盘
10:54:09	11.6	--	20	23200	卖盘
10:54:03	11.6	-0.01	7	8120	卖盘
10:54:00	11.61	0.01	10	11610	买盘
10:53:57	11.6	-0.01	21	24360	卖盘
10:53:54	11.61	-0.01	11	12771	卖盘
10:53:51	11.62	0.02	14	16267	买盘
10:53:45	11.6	-0.01	119	138040	卖盘
10:53:42	11.61	--	183	212463	买盘
10:53:33	11.61	--	17	19737	买盘
10:53:27	11.61	0.01	98	113778	买盘
10:53:24	11.6	-0.01	24	27840	卖盘
10:53:21	11.61	--	6	6966	买盘
10:53:15	11.61	0.01	5	5805	买盘
10:53:09	11.6	-0.01	10	11600	卖盘
10:53:06	11.61	0.01	10	11610	买盘
10:53:00	11.6	-0.01	24	27840	卖盘
10:52:51	11.61	0.01	32	37152	买盘
10:52:45	11.6	--	3	3480	卖盘
10:52:36	11.6	--	375	435000	买盘
10:52:30	11.6	0.06	1000	1160000	买盘
10:52:15	11.54	--	10	11540	买盘
10:52:03	11.54	0.03	18	20772	买盘
10:51:57	11.51	-0.03	8	9208	卖盘
10:51:54	11.54	--	20	23080	买盘
10:51:51	11.54	--	3	3461	买盘
10:51:48	11.54	-0.01	45	51929	卖盘
10:51:45	11.55	0.01	55	63525	买盘
10:51:42	11.54	--	20	23080	卖盘
10:51:33	11.54	--	3	3461	卖盘
10:51:18	11.54	0.02	432	498527	买盘
10:51:15	11.52	0.01	1	1152	买盘
10:51:06	11.51	--	5	5755	卖盘
10:50:51	11.51	--	10	12430	买盘
10:50:45	11.51	--	10	11740	卖盘
10:50:42	11.51	--	39	45809	买盘
10:50:30	11.51	0.01	22	25322	买盘
10:50:24	11.5	-0.01	30	34500	卖盘
10:50:15	11.51	0.01	5	5755	买盘
10:50:12	11.5	-0.01	1	1150	卖盘
10:50:09	11.51	--	6	6906	买盘
10:50:03	11.51	0.01	2	2302	买盘
10:49:36	11.5	--	1	1150	卖盘
10:49:18	11.5	--	10	11500	卖盘
10:49:15	11.5	0.02	270	311190	买盘
10:48:33	11.48	--	1	1148	买盘
10:48:15	11.48	0.01	10	11480	买盘
10:48:03	11.47	-0.01	40	45880	卖盘
10:47:24	11.48	--	5	5740	卖盘
10:47:06	11.48	-0.01	50	57400	卖盘
10:46:48	11.49	--	2	2298	卖盘
10:46:42	11.49	-0.01	2	2298	卖盘
10:45:48	11.5	0.01	3	3450	买盘
10:45:45	11.49	--	45	51705	卖盘
10:45:21	11.49	-0.01	1	1149	卖盘
10:45:15	11.5	--	10	11500	买盘
10:45:12	11.5	--	20	23000	买盘
10:45:09	11.5	--	95	109250	卖盘
10:44:57	11.5	-0.01	5	5750	中性盘
10:44:42	11.51	--	11	12891	卖盘
10:44:30	11.51	--	11	12661	卖盘
10:44:15	11.51	--	1	1151	卖盘
10:44:12	11.51	-0.01	6	6906	卖盘
10:44:09	11.52	0.01	3	3456	买盘
10:44:03	11.51	--	6	6906	卖盘
10:43:57	11.51	-0.01	96	110496	卖盘
10:43:54	11.52	--	3	3456	卖盘
10:43:51	11.52	--	18	20736	卖盘
10:43:45	11.52	--	20	23040	卖盘
10:43:42	11.52	--	20	23040	卖盘
10:43:36	11.52	-0.01	10	11520	中性盘
10:43:24	11.53	--	8	9224	买盘
10:43:21	11.53	0.01	100	115300	买盘
10:43:15	11.52	--	24	27648	卖盘
10:43:12	11.52	--	7	8064	卖盘
10:43:09	11.52	--	20	23040	卖盘
10:43:06	11.52	-0.01	10	11520	卖盘
10:43:00	11.53	0.01	6	6918	买盘
10:42:57	11.52	--	6	6912	卖盘
10:42:54	11.52	-0.01	5	5760	卖盘
10:42:36	11.53	--	5	5765	卖盘
10:42:30	11.53	0.01	6	6918	买盘
10:42:27	11.52	--	4	4608	卖盘
10:42:24	11.52	--	4	4608	买盘
10:42:18	11.52	--	50	57600	买盘
10:42:06	11.52	-0.01	26	29952	卖盘
10:42:03	11.53	0.01	60	69180	买盘
10:41:51	11.52	0.01	30	34560	买盘
10:41:33	11.51	0.03	398	459018	买盘
10:41:30	11.48	0.01	20	22960	买盘
10:41:27	11.47	--	5	5735	卖盘
10:41:15	11.47	--	50	57350	卖盘
10:41:12	11.47	--	10	11470	卖盘
10:41:03	11.47	--	42	48174	买盘
10:40:57	11.47	--	20	22940	买盘
10:40:54	11.47	0.01	10	11470	买盘
10:40:48	11.46	-0.01	20	22920	卖盘
10:40:39	11.47	--	1	1147	买盘
10:40:27	11.47	--	2	2294	买盘
10:40:15	11.47	0.01	3	3441	买盘
10:40:09	11.46	--	10	11460	卖盘
10:39:30	11.46	--	11	12606	卖盘
10:39:21	11.46	--	10	11460	卖盘
10:39:18	11.46	--	62	71052	买盘
10:39:00	11.46	0.01	20	22920	买盘
10:38:42	11.45	--	10	11450	卖盘
10:38:27	11.45	--	442	506776	买盘
10:38:21	11.45	--	50	57250	买盘
10:38:12	11.45	--	5	5725	买盘
10:37:45	11.45	0.02	3	3435	买盘
10:37:42	11.43	-0.02	1	1143	卖盘
10:37:24	11.45	--	2	2290	买盘
10:37:03	11.45	--	10	11450	买盘
10:36:57	11.45	--	26	30227	卖盘
10:36:45	11.45	-0.01	100	114500	卖盘
10:36:39	11.46	0.01	1	1146	买盘
10:36:36	11.45	--	8	9160	卖盘
10:36:33	11.45	--	1	1145	卖盘
10:36:30	11.45	--	30	34350	卖盘
10:36:21	11.45	--	10	11450	卖盘
10:36:15	11.45	--	10	11450	卖盘
10:36:03	11.45	--	10	11450	卖盘
10:35:57	11.45	-0.01	13	14884	卖盘
10:35:51	11.46	--	14	16044	买盘
10:35:48	11.46	--	8	9168	买盘
10:35:45	11.46	--	12	13752	买盘
10:35:39	11.46	-0.01	8	9168	卖盘
10:35:30	11.47	0.02	2	2294	买盘
10:35:09	11.45	--	9	10305	卖盘
10:34:57	11.45	-0.01	1	1145	卖盘
10:34:54	11.46	0.01	39	44694	买盘
10:34:48	11.45	0.03	801	917832	买盘
10:34:42	11.42	--	10	11420	买盘
10:34:18	11.42	0.02	20	22840	买盘
10:34:09	11.4	-0.02	85	96900	卖盘
10:33:45	11.42	--	57	65322	卖盘
10:33:42	11.42	--	10	11420	卖盘
10:33:30	11.42	--	9	10278	卖盘
10:32:36	11.42	-0.01	20	22840	卖盘
10:32:18	11.43	--	20	22860	买盘
10:32:15	11.43	--	2	2286	买盘
10:32:12	11.43	--	22	25146	买盘
10:31:54	11.43	--	10	11430	买盘
10:31:45	11.43	--	10	11430	买盘
10:31:42	11.43	--	114	130302	买盘
10:31:39	11.43	--	1	1143	买盘
10:31:36	11.43	--	1	1143	买盘
10:31:18	11.43	0.01	3	3429	买盘
10:30:51	11.42	0.01	114	131101	买盘
10:30:45	11.41	--	1	1141	买盘
10:30:24	11.41	0.01	29	33089	买盘
10:30:15	11.4	--	119	135660	卖盘
10:29:54	11.4	--	10	11400	卖盘
10:29:30	11.4	-0.01	80	91200	卖盘
10:28:51	11.41	--	110	125966	卖盘
10:28:30	11.41	--	35	39935	卖盘
10:28:24	11.41	-0.01	10	12322	卖盘
10:28:18	11.42	0.01	5	5710	买盘
10:28:03	11.41	-0.01	2	2282	卖盘
10:27:33	11.42	0.01	5	6623	买盘
10:27:24	11.41	-0.01	10	11410	卖盘
10:27:15	11.42	--	1	1142	买盘
10:27:09	11.42	--	1	1142	买盘
10:26:54	11.42	--	1	1142	买盘
10:26:21	11.42	--	22	25124	买盘
10:26:18	11.42	-0.01	10	11420	中性盘
10:25:54	11.43	0.01	22	25146	买盘
10:25:42	11.42	-0.01	21	24210	卖盘
10:25:30	11.43	--	20	22860	买盘
10:25:21	11.43	--	59	68351	买盘
10:25:12	11.43	--	30	34290	买盘
10:25:09	11.43	--	3	3429	买盘
10:25:03	11.43	--	83	94869	买盘
10:24:54	11.43	--	20	22860	买盘
10:24:48	11.43	--	6	6858	买盘
10:24:45	11.43	0.01	7	8001	买盘
10:24:33	11.42	--	3	3426	卖盘
10:24:24	11.42	--	17	19414	买盘
10:24:18	11.42	0.01	121	138182	买盘
10:24:09	11.41	--	4	4564	卖盘
10:24:06	11.41	--	23	26243	买盘
10:24:03	11.41	--	15	17115	买盘
10:24:00	11.41	--	5	5705	买盘
10:23:54	11.41	--	32	36512	卖盘
10:23:30	11.41	-0.01	50	57050	中性盘
10:23:24	11.42	--	20	22840	买盘
10:23:21	11.42	0.02	2	2284	买盘
10:23:12	11.4	--	11	12540	卖盘
10:23:06	11.4	--	74	84360	买盘
10:22:57	11.4	--	12	13680	买盘
10:22:54	11.4	--	30	34200	买盘
10:22:27	11.4	--	90	102600	卖盘
10:22:24	11.4	--	32	36480	卖盘
10:22:06	11.4	--	18	20520	买盘
10:21:36	11.4	--	6	6840	卖盘
10:21:30	11.4	--	216	246240	卖盘
10:21:18	11.4	--	5	5700	卖盘
10:20:36	11.4	-0.01	136	155040	卖盘
10:20:33	11.41	0.01	30	34230	买盘
10:20:24	11.4	--	40	45600	卖盘
10:20:21	11.4	0.01	167	190380	买盘
10:19:51	11.39	-0.01	11	12529	卖盘
10:19:33	11.4	--	12	13680	卖盘
10:19:30	11.4	--	16	18240	卖盘
10:19:15	11.4	--	136	155040	卖盘
10:18:51	11.4	--	3	3420	卖盘
10:18:45	11.4	--	1	1140	卖盘
10:18:36	11.4	-0.01	10	11400	卖盘
10:18:33	11.41	--	10	11410	买盘
10:18:27	11.41	--	30	34230	买盘
10:18:12	11.41	--	50	57050	买盘
10:18:03	11.41	--	16	18256	卖盘
10:17:42	11.41	--	5	5705	卖盘
10:17:33	11.41	--	36	41076	卖盘
10:17:18	11.41	--	1	1141	卖盘
10:17:09	11.41	--	37	42217	卖盘
10:17:00	11.41	-0.01	6	6846	卖盘
10:16:51	11.42	0.01	3	3426	买盘
10:16:45	11.41	--	7	7987	卖盘
10:16:42	11.41	--	178	203098	买盘
10:16:33	11.41	--	10	11410	买盘
10:16:27	11.41	--	1	1141	买盘
10:16:18	11.41	-0.01	5	5705	中性盘
10:16:03	11.42	0.01	10	11420	买盘
10:15:48	11.41	0.01	2	2282	买盘
10:15:36	11.4	--	5	5700	卖盘
10:15:33	11.4	0.01	12	13680	买盘
10:15:09	11.39	--	10	11390	卖盘
10:15:06	11.39	--	10	12096	买盘
10:15:00	11.39	0.01	56	63784	买盘
10:14:48	11.38	--	128	145664	买盘
10:14:33	11.38	--	8	9104	买盘
10:14:27	11.38	--	10	11380	买盘
10:14:15	11.38	0.01	4	4552	买盘
10:14:09	11.37	--	2	3206	买盘
10:14:06	11.37	--	1	1137	买盘
10:14:03	11.37	--	11	12507	买盘
10:14:00	11.37	--	50	56849	买盘
10:13:48	11.37	--	10	11370	买盘
10:13:42	11.37	--	10	11370	买盘
10:13:36	11.37	--	13	14780	买盘
10:13:30	11.37	0.01	10	11370	买盘
10:13:24	11.36	--	6	6816	卖盘
10:13:12	11.36	--	65	73840	卖盘
10:12:54	11.36	0.01	17	19312	买盘
10:12:36	11.35	--	67	76045	买盘
10:12:30	11.35	--	4	4540	买盘
10:12:27	11.35	--	10	11350	买盘
10:12:24	11.35	--	17	19295	买盘
10:12:12	11.35	0.01	25	28375	买盘
10:12:06	11.34	--	147	167174	买盘
10:12:00	11.34	--	1	1134	买盘
10:11:54	11.34	0.01	10	11340	买盘
10:11:45	11.33	--	4	4532	买盘
10:11:39	11.33	0.02	3	3399	买盘
10:11:36	11.31	--	10	11310	卖盘
10:11:18	11.31	-0.01	17	19227	卖盘
10:11:12	11.32	--	3	3396	买盘
10:11:00	11.32	0.01	20	22640	买盘
10:10:45	11.31	--	21	23751	买盘
10:10:42	11.31	--	20	22620	买盘
10:10:39	11.31	--	10	11310	买盘
10:10:36	11.31	--	17	19227	买盘
10:10:33	11.31	--	10	11310	买盘
10:10:30	11.31	--	12	13572	买盘
10:10:21	11.31	-0.02	229	258999	卖盘
10:10:09	11.33	0.02	50	56650	中性盘
10:09:30	11.31	-0.03	6	6786	卖盘
10:09:21	11.34	0.03	30	34020	买盘
10:09:18	11.31	-0.03	8	9048	卖盘
10:09:15	11.34	0.03	10	11340	买盘
10:08:39	11.31	--	2	2262	卖盘
10:08:24	11.31	--	80	90480	买盘
10:08:15	11.31	--	10	11310	买盘
10:08:12	11.31	--	1	1131	买盘
10:08:00	11.31	0.01	10	11310	买盘
10:07:39	11.3	-0.01	10	11300	卖盘
10:07:21	11.31	0.01	10	11310	买盘
10:07:03	11.3	-0.01	3	3390	卖盘
10:06:54	11.31	--	1	1131	买盘
10:06:27	11.31	0.01	24	27144	买盘
10:06:21	11.3	--	5	5650	卖盘
10:06:18	11.3	--	10	11300	卖盘
10:06:15	11.3	-0.01	72	81360	卖盘
10:06:12	11.31	0.01	11	12441	买盘
10:06:09	11.3	--	0	452	卖盘
10:05:45	11.3	-0.01	200	226000	卖盘
10:05:33	11.31	-0.01	296	334776	卖盘
10:05:30	11.32	--	10	11320	买盘
10:05:12	11.32	--	5	5660	买盘
10:05:09	11.32	--	23	26239	卖盘
10:05:06	11.32	--	10	11320	卖盘
10:05:03	11.32	-0.01	43	48676	卖盘
10:04:33	11.33	0.01	1	1133	买盘
10:04:27	11.32	-0.01	3	3396	卖盘
10:04:18	11.33	0.01	20	22660	买盘
10:04:12	11.32	-0.01	26	30337	卖盘
10:03:54	11.33	--	31	35123	买盘
10:03:09	11.33	0.01	50	56650	买盘
10:03:00	11.32	--	4	4528	卖盘
10:02:42	11.32	-0.01	10	11320	卖盘
10:02:27	11.33	--	2	2266	买盘
10:02:21	11.33	0.01	10	11330	买盘
10:02:18	11.32	--	4	4528	卖盘
10:01:57	11.32	-0.01	0	22	卖盘
10:01:39	11.33	--	4	4532	买盘
10:01:24	11.33	--	20	22660	买盘
10:01:06	11.33	--	9	10197	买盘
10:00:54	11.33	--	21	23793	买盘
10:00:30	11.33	--	3	3399	卖盘
10:00:18	11.33	-0.01	2	2266	卖盘
10:00:15	11.34	--	3	3402	买盘
10:00:12	11.34	--	20	22680	买盘
10:00:03	11.34	-0.01	20	22680	中性盘
09:59:45	11.35	--	9	10215	买盘
09:59:33	11.35	0.03	6	6810	买盘
09:59:18	11.32	-0.02	162	184040	卖盘
09:59:09	11.34	--	16	18144	买盘
09:58:57	11.34	--	5	5670	买盘
09:58:42	11.34	-0.01	38	43092	中性盘
09:57:57	11.35	--	25	28375	买盘
09:57:51	11.35	--	1	1135	买盘
09:57:30	11.35	--	3	3405	买盘
09:57:18	11.35	0.02	80	90800	买盘
09:56:51	11.33	--	3	3399	买盘
09:56:42	11.33	--	145	164285	卖盘
09:56:24	11.33	--	75	84975	买盘
09:56:03	11.33	--	100	113300	买盘
09:55:57	11.33	0.01	10	11330	买盘
09:55:48	11.32	-0.01	3	3396	卖盘
09:55:24	11.33	--	5	5665	买盘
09:55:18	11.33	0.01	5	5665	买盘
09:55:15	11.32	-0.01	320	362240	卖盘
09:55:12	11.33	--	10	11330	买盘
09:55:09	11.33	0.01	2	2266	买盘
09:54:51	11.32	-0.01	2	2264	卖盘
09:54:42	11.33	0.01	23	26059	买盘
09:54:39	11.32	--	2	2264	卖盘
09:54:36	11.32	--	4	4528	卖盘
09:54:18	11.32	--	29	32828	卖盘
09:54:06	11.32	-0.01	150	169800	卖盘
09:53:57	11.33	0.01	20	22660	买盘
09:53:54	11.32	-0.01	218	247025	卖盘
09:53:45	11.33	0.01	5	5665	买盘
09:53:42	11.32	--	25	28300	卖盘
09:53:24	11.32	--	1	1132	卖盘
09:53:18	11.32	--	1	1132	卖盘
09:53:09	11.32	-0.01	242	273944	卖盘
09:53:03	11.33	--	45	50985	买盘
09:52:51	11.33	--	15	16995	买盘
09:51:54	11.33	--	100	113300	买盘
09:51:51	11.33	--	11	12463	买盘
09:51:42	11.33	-0.02	2	2266	卖盘
09:51:24	11.35	0.02	13	14755	买盘
09:51:18	11.33	0.01	18	20394	买盘
09:51:15	11.32	-0.01	2	2264	卖盘
09:51:12	11.33	--	7	7931	卖盘
09:51:09	11.33	--	3	3399	买盘
09:50:54	11.33	-0.02	47	53251	卖盘
09:50:51	11.35	--	28	31780	卖盘
09:50:42	11.35	0.02	72	81720	买盘
09:50:24	11.33	0.01	36	40788	卖盘
09:50:06	11.32	-0.03	400	452800	卖盘
09:49:57	11.35	--	5	5675	买盘
09:49:54	11.35	-0.01	4	4540	中性盘
09:49:33	11.36	--	2	2272	买盘
09:49:18	11.36	--	44	49984	买盘
09:49:03	11.36	--	2	2272	买盘
09:48:57	11.36	0.03	1	1136	买盘
09:48:45	11.33	--	3	3399	买盘
09:48:42	11.33	--	77	87241	卖盘
09:48:39	11.33	0.01	102	115566	买盘
09:48:36	11.32	-0.01	23	26036	卖盘
09:48:33	11.33	--	4	4532	买盘
09:48:30	11.33	--	20	22660	买盘
09:48:27	11.33	--	89	100837	买盘
09:48:24	11.33	--	85	96305	卖盘
09:48:15	11.33	--	119	134827	买盘
09:48:12	11.33	--	1	1133	买盘
09:48:09	11.33	--	30	33990	买盘
09:48:06	11.33	0.01	10	11330	买盘
09:48:03	11.32	--	3	3396	卖盘
09:47:48	11.32	--	161	182478	买盘
09:47:42	11.32	--	5	5660	买盘
09:47:36	11.32	-0.01	125	142405	卖盘
09:47:33	11.33	--	25	28325	买盘
09:47:30	11.33	--	5	5665	买盘
09:47:24	11.33	0.01	32	36256	买盘
09:47:21	11.32	--	10	11546	买盘
09:47:15	11.32	--	28	31696	买盘
09:47:12	11.32	-0.01	44	49808	卖盘
09:47:06	11.33	0.01	30	33990	买盘
09:47:03	11.32	-0.01	4	4528	卖盘
09:46:57	11.33	--	47	53251	买盘
09:46:54	11.33	--	31	35123	买盘
09:46:45	11.33	-0.02	72	81576	卖盘
09:46:42	11.35	-0.01	4	4540	卖盘
09:46:36	11.36	--	105	119280	卖盘
09:46:33	11.36	-0.01	15	17040	卖盘
09:46:24	11.37	--	3	3410	买盘
09:46:15	11.37	--	31	35247	卖盘
09:46:12	11.37	--	28	31835	卖盘
09:46:09	11.37	--	16	18192	卖盘
09:46:00	11.37	--	25	28424	中性盘
09:45:45	11.37	--	10	11370	卖盘
09:45:33	11.37	--	5	5685	卖盘
09:45:30	11.37	--	19	21603	卖盘
09:45:27	11.37	--	10	11370	卖盘
09:45:21	11.37	-0.01	20	22740	卖盘
09:44:57	11.38	--	3	3414	买盘
09:44:51	11.38	--	5	5690	买盘
09:44:48	11.38	--	83	95341	卖盘
09:44:42	11.38	--	32	36416	卖盘
09:43:57	11.38	--	6	6828	卖盘
09:43:42	11.38	--	41	46658	卖盘
09:43:30	11.38	-0.01	20	22760	卖盘
09:43:21	11.39	--	20	22780	买盘
09:43:15	11.39	0.01	30	34170	买盘
09:42:57	11.38	-0.01	20	22760	卖盘
09:42:51	11.39	0.01	20	22780	买盘
09:42:42	11.38	--	10	11380	卖盘
09:42:30	11.38	-0.01	2	2276	卖盘
09:42:00	11.39	--	40	45560	卖盘
09:41:57	11.39	--	35	39865	卖盘
09:41:21	11.39	-0.01	9	10251	卖盘
09:41:00	11.4	0.01	20	22800	买盘
09:40:54	11.39	-0.01	10	11390	卖盘
09:40:39	11.4	0.01	3	3420	买盘
09:40:27	11.39	--	10	11390	卖盘
09:40:18	11.39	-0.01	13	14807	中性盘
09:40:03	11.4	-0.02	98	111720	卖盘
09:40:00	11.42	0.02	25	28550	买盘
09:39:45	11.4	--	1	1140	卖盘
09:39:39	11.4	0.02	10	11400	中性盘
09:39:15	11.38	-0.04	23	26174	卖盘
09:39:06	11.42	0.02	30	34260	中性盘
09:39:00	11.4	0.02	24	27360	中性盘
09:38:57	11.38	--	15	17070	卖盘
09:38:51	11.38	--	20	22760	卖盘
09:38:48	11.38	-0.02	18	20484	卖盘
09:38:45	11.4	0.02	92	105130	买盘
09:38:39	11.38	-0.02	2	2276	卖盘
09:38:27	11.4	--	2	2280	买盘
09:38:18	11.4	-0.01	155	176700	卖盘
09:38:15	11.41	--	17	19397	买盘
09:38:09	11.41	--	131	149471	买盘
09:38:06	11.41	--	7	7987	买盘
09:38:03	11.41	--	4	4564	买盘
09:37:57	11.41	--	264	301224	卖盘
09:37:54	11.41	--	78	88998	卖盘
09:37:51	11.41	--	5	5705	卖盘
09:37:48	11.41	--	7	7987	卖盘
09:37:39	11.41	--	10	11410	卖盘
09:37:33	11.41	-0.01	24	27384	卖盘
09:37:30	11.42	0.01	11	12562	买盘
09:37:27	11.41	--	23	26243	买盘
09:37:15	11.41	-0.01	67	76447	卖盘
09:37:03	11.42	--	6	6852	买盘
09:36:57	11.42	--	24	27408	卖盘
09:36:48	11.42	--	14	15988	卖盘
09:36:42	11.42	-0.01	11	12562	卖盘
09:36:39	11.43	--	6	6858	买盘
09:36:30	11.43	--	17	19431	买盘
09:36:15	11.43	--	1	1143	买盘
09:36:09	11.43	--	2	2286	买盘
09:35:51	11.43	--	56	64008	买盘
09:35:45	11.43	--	10	11430	买盘
09:35:33	11.43	--	4	4572	买盘
09:35:30	11.43	--	15	17145	买盘
09:35:24	11.43	--	2	2286	买盘
09:35:18	11.43	--	69	78867	买盘
09:35:06	11.43	--	1	1143	买盘
09:34:57	11.43	--	8	9144	买盘
09:34:30	11.43	0.01	16	18288	买盘
09:34:15	11.42	0.01	73	83366	买盘
09:34:00	11.41	-0.01	5	5705	卖盘
09:33:54	11.42	0.01	11	12562	买盘
09:33:42	11.41	--	10	11410	卖盘
09:33:24	11.41	--	3	3423	卖盘
09:33:18	11.41	-0.01	6	6846	中性盘
09:32:18	11.42	-0.01	1	1142	中性盘
09:31:24	11.43	-0.02	46	52578	卖盘
09:31:15	11.45	--	5	5725	买盘
09:31:09	11.45	--	9	10305	买盘
09:31:00	11.45	--	1	1145	买盘
09:30:42	11.45	0.02	5	5725	买盘
09:30:39	11.43	--	4	4572	卖盘
09:30:36	11.43	-0.02	7	8001	卖盘
09:30:27	11.45	0.02	2	2290	买盘
09:30:24	11.43	--	2	2286	卖盘
09:30:03	11.43	0.03	26	29718	买盘
09:30:00	11.4	--	0	0	卖盘
09:25:03	11.4	11.4	40	45600	买盘
