成交时间	成交价	价格变动	成交量(手)	成交额(元)	性质
15:00:03	10.06	0.01	470	472820	买盘
14:57:00	10.05	--	30	30401	卖盘
14:56:57	10.05	--	1	1005	卖盘
14:56:51	10.05	--	8	8040	买盘
14:56:45	10.05	-0.01	12	12060	中性盘
14:56:39	10.06	0.01	30	30180	买盘
14:56:36	10.05	--	15	15075	买盘
14:56:30	10.05	--	5	5025	卖盘
14:56:24	10.05	-0.01	1	1005	中性盘
14:56:18	10.06	0.01	22	22635	买盘
14:56:12	10.05	--	207	208537	买盘
14:56:09	10.05	--	123	124117	卖盘
14:56:06	10.05	--	269	270847	买盘
14:55:57	10.05	0.01	20	20100	买盘
14:55:54	10.04	--	9	9036	卖盘
14:55:45	10.04	--	1	1003	卖盘
14:55:42	10.04	--	4	4015	卖盘
14:55:33	10.04	-0.01	17	17068	卖盘
14:55:27	10.05	--	140	140700	买盘
14:55:18	10.05	--	20	20100	买盘
14:55:03	10.05	--	2	2010	买盘
14:54:51	10.05	--	10	10050	买盘
14:54:36	10.05	0.01	98	98490	买盘
14:54:27	10.04	-0.01	100	100399	卖盘
14:54:24	10.05	--	10	10050	买盘
14:54:18	10.05	0.01	7	7035	买盘
14:54:15	10.04	-0.01	5	5020	卖盘
14:54:12	10.05	0.01	21	21105	买盘
14:54:09	10.04	--	10	10040	卖盘
14:54:03	10.04	-0.01	5	5020	卖盘
14:53:54	10.05	0.01	19	19095	买盘
14:53:48	10.04	--	74	74296	买盘
14:53:39	10.04	0.01	23	23091	买盘
14:53:33	10.03	-0.01	8	8023	卖盘
14:53:27	10.04	--	5	5020	买盘
14:53:21	10.04	-0.01	301	302204	卖盘
14:53:15	10.05	0.01	20	20100	买盘
14:53:09	10.04	-0.01	70	70280	卖盘
14:53:03	10.05	--	10	10050	买盘
14:52:54	10.05	--	10	10050	买盘
14:52:51	10.05	--	160	160800	买盘
14:52:48	10.05	0.01	7	7035	买盘
14:52:45	10.04	-0.01	10	10040	卖盘
14:52:03	10.05	--	32	32160	买盘
14:51:48	10.05	--	41	41707	卖盘
14:51:36	10.05	--	0	502	卖盘
14:51:30	10.05	--	1	1005	买盘
14:51:06	10.05	-0.01	24	24120	卖盘
14:51:00	10.06	0.01	30	30180	买盘
14:50:54	10.05	-0.01	20	20100	卖盘
14:50:48	10.06	--	6	6036	买盘
14:50:45	10.06	--	50	50300	买盘
14:50:42	10.06	0.01	99	99594	买盘
14:50:36	10.05	--	5	5025	卖盘
14:50:33	10.05	--	10	10050	卖盘
14:50:30	10.05	--	26	26130	卖盘
14:50:21	10.05	--	6	6030	卖盘
14:50:06	10.05	--	3	3015	卖盘
14:49:54	10.05	--	20	20100	卖盘
14:49:48	10.05	-0.01	6	6030	卖盘
14:49:42	10.06	--	58	58348	买盘
14:49:36	10.06	--	25	25150	买盘
14:49:30	10.06	--	58	58348	买盘
14:49:00	10.06	0.01	23	23138	买盘
14:48:42	10.05	--	1	1005	买盘
14:48:30	10.05	--	158	158790	买盘
14:48:27	10.05	--	6	6030	买盘
14:48:18	10.05	--	81	81405	买盘
14:48:06	10.05	--	10	10050	买盘
14:47:57	10.05	--	24	24120	买盘
14:47:48	10.05	--	5	5025	买盘
14:47:45	10.05	--	17	17085	买盘
14:47:42	10.05	--	3	3015	买盘
14:47:39	10.05	--	129	129645	买盘
14:47:30	10.05	--	2	2010	买盘
14:47:24	10.05	0.01	3	3015	买盘
14:47:15	10.04	--	35	35140	卖盘
14:47:12	10.04	--	5	5020	卖盘
14:46:48	10.04	-0.01	5	5020	卖盘
14:46:45	10.05	0.01	12	12060	买盘
14:46:12	10.04	-0.01	10	10040	卖盘
14:46:09	10.05	0.01	7	7035	买盘
14:45:51	10.04	-0.01	1	1003	卖盘
14:45:30	10.05	0.01	49	49245	买盘
14:45:27	10.04	-0.01	73	73292	卖盘
14:45:09	10.05	--	39	39195	卖盘
14:45:06	10.05	--	42	42210	卖盘
14:44:51	10.05	--	10	10050	卖盘
14:44:45	10.05	--	10	10050	卖盘
14:44:30	10.05	--	75	75375	买盘
14:44:18	10.05	--	30	30150	买盘
14:44:15	10.05	--	10	10050	买盘
14:44:03	10.05	--	2	2010	买盘
14:43:42	10.05	--	5	5025	买盘
14:42:54	10.05	--	94	94470	买盘
14:42:39	10.05	-0.01	28	28140	卖盘
14:42:30	10.06	0.01	2	2012	买盘
14:42:24	10.05	--	10	10050	卖盘
14:41:42	10.05	--	6	6030	卖盘
14:41:27	10.05	--	9	9045	卖盘
14:41:24	10.05	--	19	19095	卖盘
14:41:18	10.05	--	8	8040	卖盘
14:41:15	10.05	--	15	15075	卖盘
14:41:12	10.05	--	12	12060	卖盘
14:41:09	10.05	-0.01	570	572850	卖盘
14:41:06	10.06	--	40	40240	买盘
14:40:57	10.06	--	4	4024	买盘
14:40:51	10.06	--	30	30180	买盘
14:40:21	10.06	--	205	206481	卖盘
14:40:00	10.06	--	40	40240	卖盘
14:39:27	10.06	-0.01	5	5030	卖盘
14:39:24	10.07	0.01	50	50350	买盘
14:39:06	10.06	-0.01	73	73438	卖盘
14:38:51	10.07	0.01	22	22154	买盘
14:38:33	10.06	--	6	6036	卖盘
14:38:27	10.06	-0.01	2	2012	卖盘
14:38:24	10.07	0.01	1	1007	买盘
14:38:03	10.06	-0.01	15	15090	卖盘
14:38:00	10.07	0.01	28	28196	买盘
14:37:54	10.06	--	20	20120	卖盘
14:37:45	10.06	--	2	2766	卖盘
14:37:42	10.06	--	6	6036	卖盘
14:37:36	10.06	--	140	140840	卖盘
14:37:18	10.06	--	1	1006	卖盘
14:37:03	10.06	-0.01	1	1006	卖盘
14:36:57	10.07	--	10	10070	买盘
14:36:54	10.07	0.01	15	15105	买盘
14:36:36	10.06	-0.01	200	201200	卖盘
14:36:24	10.07	--	160	161120	买盘
14:36:21	10.07	--	22	22154	买盘
14:36:06	10.07	--	10	10070	买盘
14:36:03	10.07	--	19	19133	买盘
14:35:18	10.07	--	4	4028	买盘
14:35:12	10.07	0.01	19	19133	买盘
14:35:09	10.06	-0.01	10	10060	卖盘
14:34:57	10.07	0.01	12	12084	买盘
14:34:45	10.06	--	2	2012	卖盘
14:34:39	10.06	-0.01	236	237416	卖盘
14:34:12	10.07	--	10	10070	买盘
14:33:57	10.07	--	11	11077	买盘
14:33:48	10.07	--	10	10070	买盘
14:33:39	10.07	0.01	16	16112	买盘
14:33:33	10.06	-0.01	60	60360	卖盘
14:33:18	10.07	0.01	1	1007	买盘
14:33:15	10.06	--	1	1006	卖盘
14:33:09	10.06	--	100	100600	卖盘
14:33:00	10.06	-0.01	10	10060	卖盘
14:32:57	10.07	--	14	14098	买盘
14:32:54	10.07	--	50	50350	买盘
14:32:48	10.07	0.01	21	21147	买盘
14:32:36	10.06	--	15	15090	卖盘
14:32:30	10.06	-0.01	8	8048	卖盘
14:32:27	10.07	0.01	38	38266	买盘
14:32:06	10.06	-0.01	80	80480	卖盘
14:32:03	10.07	--	5	5035	买盘
14:31:51	10.07	0.01	18	18126	买盘
14:31:33	10.06	--	10	10060	卖盘
14:31:24	10.06	-0.01	71	71426	卖盘
14:31:21	10.07	--	3	3021	买盘
14:31:15	10.07	--	50	50350	买盘
14:31:06	10.07	--	50	50350	买盘
14:31:00	10.07	0.01	50	50350	买盘
14:30:54	10.06	-0.01	30	30180	卖盘
14:30:24	10.07	--	10	10070	买盘
14:29:54	10.07	--	104	104728	买盘
14:29:48	10.07	--	20	20140	买盘
14:29:45	10.07	0.01	10	10070	买盘
14:29:21	10.06	--	50	50300	卖盘
14:28:51	10.06	--	2	2012	卖盘
14:28:36	10.06	-0.01	32	32192	卖盘
14:28:12	10.07	--	2	2014	买盘
14:27:54	10.07	0.01	10	10070	买盘
14:27:30	10.06	-0.01	6	6036	卖盘
14:27:12	10.07	--	6	6867	卖盘
14:26:42	10.07	--	105	105735	卖盘
14:26:36	10.07	--	1	1188	买盘
14:26:27	10.07	--	66	67287	卖盘
14:26:21	10.07	--	10	10070	卖盘
14:26:00	10.07	--	30	30210	卖盘
14:25:51	10.07	--	45	45315	卖盘
14:25:42	10.07	-0.01	17	17119	卖盘
14:25:36	10.08	--	18	18144	买盘
14:25:27	10.08	0.01	5	5040	买盘
14:25:21	10.07	--	6	6042	卖盘
14:25:06	10.07	--	1	1007	卖盘
14:25:03	10.07	-0.01	25	25175	卖盘
14:25:00	10.08	--	5	5040	买盘
14:24:51	10.08	0.01	1	1008	买盘
14:24:48	10.07	--	52	52364	卖盘
14:24:45	10.07	-0.01	11	11077	卖盘
14:23:33	10.08	0.01	23	23184	买盘
14:23:30	10.07	-0.01	31	31217	卖盘
14:23:24	10.08	--	3	3024	买盘
14:23:15	10.08	--	33	33264	买盘
14:22:54	10.08	0.01	713	718704	买盘
14:22:24	10.07	--	74	74699	买盘
14:22:21	10.07	--	171	172197	买盘
14:21:57	10.07	--	20	20140	买盘
14:21:54	10.07	--	12	12084	买盘
14:21:51	10.07	--	1	1007	买盘
14:21:42	10.07	--	14	14098	买盘
14:21:15	10.07	--	116	116812	买盘
14:21:12	10.07	--	25	25175	买盘
14:21:06	10.07	--	4	4028	买盘
14:20:30	10.07	0.02	10	10070	买盘
14:20:27	10.05	-0.02	134	134670	卖盘
14:20:00	10.07	-0.01	114	114858	卖盘
14:19:54	10.08	0.01	4	4032	买盘
14:19:09	10.07	--	50	50350	卖盘
14:19:06	10.07	-0.01	3	3021	卖盘
14:18:51	10.08	--	19	19152	买盘
14:18:12	10.08	--	7	7056	卖盘
14:18:00	10.08	--	4	4032	卖盘
14:17:57	10.08	--	5	5040	卖盘
14:17:54	10.08	--	34	34272	卖盘
14:17:42	10.08	--	78	78624	买盘
14:17:36	10.08	--	230	231840	买盘
14:17:27	10.08	--	16	16128	买盘
14:17:18	10.08	0.01	210	211680	买盘
14:17:12	10.07	-0.01	1	1007	卖盘
14:17:03	10.08	--	111	111888	买盘
14:17:00	10.08	--	20	20160	买盘
14:16:57	10.08	--	1	1008	买盘
14:16:42	10.08	0.01	44	44352	买盘
14:16:27	10.07	--	55	56331	买盘
14:16:24	10.07	--	63	63441	买盘
14:16:21	10.07	--	24	24168	买盘
14:16:15	10.07	--	500	503500	买盘
14:16:06	10.07	--	10	10070	买盘
14:16:03	10.07	--	89	89623	买盘
14:15:54	10.07	--	21	21147	买盘
14:15:42	10.07	0.01	6	6042	买盘
14:15:27	10.06	-0.01	146	146876	卖盘
14:15:21	10.07	--	100	100700	买盘
14:15:15	10.07	0.01	20	20140	买盘
14:14:33	10.06	0.01	134	134804	买盘
14:14:30	10.05	-0.01	0	783	卖盘
14:14:27	10.06	--	38	38228	买盘
14:14:15	10.06	--	16	16096	买盘
14:14:09	10.06	0.01	26	26156	买盘
14:14:06	10.05	-0.01	1	1005	卖盘
14:13:54	10.06	0.01	55	55330	买盘
14:13:45	10.05	-0.01	1	1005	卖盘
14:13:12	10.06	--	10	10060	买盘
14:13:09	10.06	--	8	8048	买盘
14:13:03	10.06	--	5	5030	买盘
14:13:00	10.06	--	64	64384	买盘
14:12:57	10.06	0.01	38	38228	买盘
14:12:54	10.05	-0.01	40	40200	卖盘
14:12:51	10.06	--	10	10060	买盘
14:12:45	10.06	--	8	8048	买盘
14:12:33	10.06	--	105	105630	买盘
14:12:21	10.06	--	3	3018	买盘
14:12:15	10.06	--	20	20120	卖盘
14:12:12	10.06	--	35	35210	买盘
14:12:09	10.06	-0.01	5	5030	卖盘
14:12:00	10.07	0.01	17	17119	买盘
14:11:54	10.06	--	15	15150	卖盘
14:11:51	10.06	--	100	100600	卖盘
14:11:48	10.06	--	20	20120	卖盘
14:11:33	10.06	--	20	20120	卖盘
14:11:21	10.06	--	20	20120	卖盘
14:11:06	10.06	--	8	8993	卖盘
14:11:00	10.06	--	20	20120	卖盘
14:10:51	10.06	-0.01	5	5030	卖盘
14:10:36	10.07	0.01	36	36252	买盘
14:10:27	10.06	-0.01	97	97582	卖盘
14:10:21	10.07	0.01	8	8056	买盘
14:10:18	10.06	--	10	10060	卖盘
14:10:15	10.06	--	10	10060	卖盘
14:10:12	10.06	--	10	10060	卖盘
14:10:06	10.06	--	6	6036	卖盘
14:10:00	10.06	--	62	62372	卖盘
14:09:42	10.06	--	20	20120	卖盘
14:09:39	10.06	0.01	409	411454	买盘
14:09:30	10.05	--	5	5025	卖盘
14:09:06	10.05	--	0	924	卖盘
14:09:00	10.05	--	10	10050	卖盘
14:08:54	10.05	-0.01	1	1005	卖盘
14:08:42	10.06	--	1	1006	买盘
14:08:30	10.06	0.01	10	10060	中性盘
14:08:09	10.05	-0.01	20	20100	卖盘
14:08:00	10.06	--	198	199248	买盘
14:07:51	10.06	--	16	17041	卖盘
14:07:45	10.06	--	16	16156	买盘
14:07:39	10.06	--	38	38228	买盘
14:07:30	10.06	--	9	9999	卖盘
14:07:24	10.06	--	10	10060	卖盘
14:07:21	10.06	--	0	744	卖盘
14:07:03	10.06	--	9	9375	买盘
14:07:00	10.06	--	12	12072	买盘
14:06:42	10.06	--	7	7726	卖盘
14:06:39	10.06	--	20	20120	卖盘
14:06:30	10.06	--	200	201200	卖盘
14:06:24	10.06	--	5	5030	卖盘
14:06:18	10.06	--	0	321	卖盘
14:06:06	10.06	--	1	1006	卖盘
14:06:00	10.06	--	186	187116	买盘
14:05:15	10.06	--	124	124744	卖盘
14:05:12	10.06	--	355	357130	卖盘
14:05:00	10.06	--	10	10060	卖盘
14:04:54	10.06	--	23	23138	买盘
14:04:48	10.06	--	61	61366	卖盘
14:04:42	10.06	--	17	17102	卖盘
14:04:36	10.06	--	23	23138	买盘
14:04:12	10.06	--	2	2012	买盘
14:04:09	10.06	--	1	1006	买盘
14:03:51	10.06	-0.01	339	341034	卖盘
14:03:42	10.07	--	20	20140	买盘
14:03:39	10.07	--	11	11077	买盘
14:03:36	10.07	--	16	16112	买盘
14:03:12	10.07	--	10	10070	买盘
14:02:54	10.07	--	6	6042	买盘
14:02:48	10.07	--	11	11077	买盘
14:02:12	10.07	0.01	5	5035	买盘
14:01:39	10.06	--	192	193152	买盘
14:01:36	10.06	0.01	5	5030	买盘
14:01:24	10.05	-0.01	47	47235	卖盘
14:01:18	10.06	--	170	171020	买盘
14:01:03	10.06	0.01	200	201200	买盘
14:00:51	10.05	-0.01	9	9045	卖盘
14:00:36	10.06	--	30	30180	买盘
14:00:06	10.06	0.01	10	10060	买盘
13:59:39	10.05	--	9	9045	卖盘
13:59:36	10.05	-0.01	10	10050	卖盘
13:59:12	10.06	0.01	75	75450	买盘
13:58:57	10.05	--	10	10050	卖盘
13:58:42	10.05	--	30	30150	卖盘
13:58:33	10.05	-0.01	100	100500	卖盘
13:58:24	10.06	--	3	3018	买盘
13:58:21	10.06	--	10	10060	买盘
13:57:48	10.06	--	10	10060	买盘
13:57:42	10.06	--	7	7042	买盘
13:57:39	10.06	--	41	41246	买盘
13:57:36	10.06	--	12	12072	买盘
13:57:27	10.06	--	12	12072	买盘
13:57:15	10.06	--	50	50300	买盘
13:57:12	10.06	0.01	10	10060	买盘
13:56:48	10.05	--	3	3015	卖盘
13:56:39	10.05	--	20	20100	卖盘
13:56:18	10.05	--	57	57285	买盘
13:55:21	10.05	--	4	4020	买盘
13:54:39	10.05	--	1	1005	买盘
13:54:18	10.05	--	15	15075	卖盘
13:54:06	10.05	--	5	5025	买盘
13:53:48	10.05	0.01	9	9045	中性盘
13:53:42	10.04	--	14	14055	卖盘
13:53:21	10.04	-0.01	5	5020	卖盘
13:52:48	10.05	-0.01	5	5025	卖盘
13:52:45	10.06	--	10	10060	买盘
13:52:42	10.06	--	104	104624	买盘
13:52:21	10.06	--	6	6036	买盘
13:52:15	10.06	--	8	8048	买盘
13:52:09	10.06	--	63	63378	买盘
13:52:00	10.06	0.02	12	12072	买盘
13:51:57	10.04	--	5	5020	卖盘
13:51:27	10.04	--	49	49768	买盘
13:51:24	10.04	--	10	10040	买盘
13:51:15	10.04	-0.01	40	40591	卖盘
13:51:12	10.05	--	2	2010	买盘
13:51:00	10.05	0.01	16	16080	买盘
13:50:36	10.04	-0.01	30	30119	卖盘
13:50:15	10.05	--	2	2010	卖盘
13:50:00	10.05	--	2	2010	卖盘
13:49:45	10.05	0.01	20	20100	买盘
13:49:36	10.04	--	30	30119	卖盘
13:49:27	10.04	--	50	50199	卖盘
13:49:12	10.04	--	100	100399	卖盘
13:48:39	10.04	--	4	4015	卖盘
13:48:33	10.04	-0.01	1	1003	卖盘
13:48:27	10.05	--	2	2010	买盘
13:48:18	10.05	-0.01	10	10050	卖盘
13:48:15	10.06	0.02	60	60360	买盘
13:48:09	10.04	-0.02	100	100399	卖盘
13:48:03	10.06	--	11	11066	买盘
13:48:00	10.06	0.01	200	201200	买盘
13:47:42	10.05	--	10	10050	卖盘
13:47:39	10.05	--	42	42210	买盘
13:47:36	10.05	--	10	10050	买盘
13:47:33	10.05	-0.01	48	48240	卖盘
13:47:30	10.06	--	8	8048	买盘
13:47:12	10.06	--	5	5030	买盘
13:47:03	10.06	--	5	5030	买盘
13:46:39	10.06	0.02	109	109654	买盘
13:46:36	10.04	-0.01	38	38152	卖盘
13:46:27	10.05	--	20	20100	买盘
13:46:15	10.05	-0.01	283	284415	卖盘
13:46:12	10.06	0.01	1	1006	买盘
13:45:48	10.05	--	10	10050	卖盘
13:45:39	10.05	--	5	5025	卖盘
13:45:24	10.05	-0.01	10	10050	卖盘
13:45:21	10.06	--	17	17102	买盘
13:45:18	10.06	--	12	12072	买盘
13:45:09	10.06	--	10	10060	买盘
13:45:06	10.06	--	2	2012	买盘
13:44:54	10.06	--	10	10060	买盘
13:44:48	10.06	--	5	5030	买盘
13:44:42	10.06	--	64	64384	买盘
13:44:21	10.06	0.01	25	25150	买盘
13:44:06	10.05	--	50	50250	卖盘
13:44:00	10.05	-0.01	25	25125	卖盘
13:43:39	10.06	0.01	2	2012	买盘
13:43:36	10.05	-0.02	3	3015	卖盘
13:43:24	10.07	0.01	2	2014	买盘
13:43:09	10.06	--	1	1006	卖盘
13:43:06	10.06	--	6	6307	买盘
13:42:24	10.06	--	28	28902	卖盘
13:42:18	10.06	--	5	5030	卖盘
13:42:06	10.06	--	100	100600	卖盘
13:42:03	10.06	--	10	10060	卖盘
13:41:48	10.06	-0.01	10	10060	卖盘
13:41:42	10.07	--	7	7049	买盘
13:41:39	10.07	0.01	29	29203	买盘
13:41:30	10.06	-0.01	8	8048	卖盘
13:41:21	10.07	-0.01	26	26182	中性盘
13:41:03	10.08	--	25	25200	买盘
13:40:57	10.08	0.01	26	26208	买盘
13:40:45	10.07	-0.01	3	3021	卖盘
13:40:42	10.08	-0.01	51	51408	卖盘
13:40:39	10.09	0.01	3	3027	买盘
13:40:36	10.08	--	99	99792	卖盘
13:40:33	10.08	-0.01	10	10080	卖盘
13:40:30	10.09	0.01	335	338015	买盘
13:40:27	10.08	--	10	10080	卖盘
13:40:24	10.08	--	50	50400	卖盘
13:40:18	10.08	--	15	15120	卖盘
13:40:12	10.08	--	479	482832	买盘
13:39:48	10.08	--	10	10080	买盘
13:39:27	10.08	0.02	200	201600	买盘
13:39:24	10.06	--	0	623	卖盘
13:39:21	10.06	--	3	3018	卖盘
13:38:54	10.06	--	366	368196	卖盘
13:38:39	10.06	--	10	10060	卖盘
13:38:36	10.06	--	71	72079	买盘
13:38:24	10.06	--	20	20120	买盘
13:38:06	10.06	--	22	22132	买盘
13:38:03	10.06	--	20	20120	买盘
13:37:57	10.06	--	49	49294	买盘
13:37:36	10.06	--	82	82844	卖盘
13:37:27	10.06	-0.01	45	45270	卖盘
13:37:24	10.07	--	10	10070	买盘
13:37:15	10.07	0.01	107	107749	买盘
13:37:09	10.06	-0.01	369	371214	卖盘
13:36:57	10.07	--	10	10070	买盘
13:36:54	10.07	--	25	25175	买盘
13:36:51	10.07	0.01	10	10070	买盘
13:36:27	10.06	-0.01	20	20120	卖盘
13:36:21	10.07	--	200	201400	买盘
13:36:18	10.07	--	16	16112	买盘
13:36:09	10.07	--	2	2014	买盘
13:36:06	10.07	--	12	12084	买盘
13:36:03	10.07	--	3	3021	买盘
13:35:51	10.07	0.01	2	2014	买盘
13:35:45	10.06	--	6	6036	卖盘
13:35:42	10.06	--	10	10060	卖盘
13:35:36	10.06	-0.01	63	64082	卖盘
13:35:30	10.07	0.01	45	45315	买盘
13:35:21	10.06	--	76	76456	卖盘
13:35:15	10.06	--	0	955	卖盘
13:34:57	10.06	--	44	44264	买盘
13:34:51	10.06	--	100	100600	买盘
13:34:48	10.06	0.01	150	150900	买盘
13:34:27	10.05	0.01	822	827044	买盘
13:34:21	10.04	-0.01	13	13051	卖盘
13:33:54	10.05	--	14	14070	买盘
13:33:15	10.05	0.01	10	10050	买盘
13:33:06	10.04	-0.01	20	20080	卖盘
13:32:54	10.05	--	7	7035	买盘
13:32:24	10.05	--	214	215070	买盘
13:32:09	10.05	--	8	8040	买盘
13:32:00	10.05	--	200	201000	买盘
13:31:54	10.05	--	7	7035	买盘
13:31:36	10.05	0.01	10	10050	买盘
13:31:21	10.04	-0.01	101	101403	卖盘
13:31:15	10.05	--	50	50250	买盘
13:31:06	10.05	0.01	5	5025	买盘
13:31:03	10.04	--	100	100972	买盘
13:30:57	10.04	--	20	20080	买盘
13:30:54	10.04	--	12	12047	买盘
13:30:51	10.04	-0.01	67	67699	卖盘
13:30:48	10.05	--	7	7035	买盘
13:30:36	10.05	--	7	7035	买盘
13:30:33	10.05	0.01	12	12060	买盘
13:30:24	10.04	--	1	1003	卖盘
13:30:12	10.04	--	0	491	卖盘
13:29:51	10.04	--	2	2007	卖盘
13:29:30	10.04	--	0	441	卖盘
13:29:27	10.04	--	20	20080	卖盘
13:29:00	10.04	--	109	110078	买盘
13:28:57	10.04	--	20	20080	买盘
13:28:45	10.04	--	81	81685	卖盘
13:28:27	10.04	--	0	923	卖盘
13:28:24	10.04	--	3	3734	买盘
13:28:21	10.04	--	53	53211	买盘
13:28:00	10.04	--	6	6305	卖盘
13:27:57	10.04	--	10	10040	卖盘
13:27:27	10.04	-0.01	200	200799	卖盘
13:27:21	10.05	--	21	21105	买盘
13:27:18	10.05	--	10	10050	买盘
13:27:15	10.05	0.01	5	5025	买盘
13:26:51	10.04	--	25	25099	卖盘
13:26:48	10.04	-0.01	20	20080	卖盘
13:26:42	10.05	--	4	4020	买盘
13:26:33	10.05	--	2	2010	买盘
13:26:27	10.05	0.01	1	1005	买盘
13:26:18	10.04	--	10	10040	卖盘
13:26:15	10.04	-0.01	0	963	卖盘
13:26:12	10.05	--	10	10050	买盘
13:26:09	10.05	--	6	6030	买盘
13:26:06	10.05	0.01	10	10050	买盘
13:26:00	10.04	-0.01	15	15059	卖盘
13:25:51	10.05	0.01	136	137443	买盘
13:25:45	10.04	--	100	100399	买盘
13:25:33	10.04	--	10	10040	买盘
13:25:00	10.04	--	24	24176	卖盘
13:24:57	10.04	--	33	34055	买盘
13:24:54	10.04	--	100	100399	买盘
13:24:27	10.04	--	12	12047	买盘
13:24:06	10.04	0.01	90	90359	买盘
13:24:03	10.03	--	44	45104	卖盘
13:23:54	10.03	-0.01	30	30089	卖盘
13:23:51	10.04	0.01	500	502431	买盘
13:23:45	10.03	--	34	34703	买盘
13:23:42	10.03	--	11	11033	买盘
13:23:39	10.03	--	35	35105	买盘
13:23:21	10.03	--	150	150650	卖盘
13:23:15	10.03	--	1	1002	卖盘
13:23:06	10.03	--	0	10	卖盘
13:22:45	10.03	--	10	10030	卖盘
13:22:21	10.03	--	0	872	卖盘
13:22:18	10.03	--	10	10030	卖盘
13:22:00	10.03	--	6	6018	卖盘
13:21:57	10.03	--	20	20421	卖盘
13:21:36	10.03	--	1	1002	卖盘
13:21:00	10.03	-0.01	1	1002	卖盘
13:20:42	10.04	--	1	1003	买盘
13:20:18	10.04	--	5	5020	买盘
13:20:12	10.04	--	50	50199	买盘
13:19:21	10.04	0.01	3	3011	买盘
13:19:18	10.03	--	6	6018	卖盘
13:19:12	10.03	--	5	5015	卖盘
13:19:06	10.03	--	29	29086	卖盘
13:18:42	10.03	--	2	2005	卖盘
13:18:24	10.03	--	2	2005	卖盘
13:18:15	10.03	--	2	2005	卖盘
13:18:03	10.03	--	4	4623	卖盘
13:17:24	10.03	--	0	862	卖盘
13:16:54	10.03	--	37	37201	买盘
13:16:42	10.03	0.01	10	10030	买盘
13:16:27	10.02	-0.01	0	10	卖盘
13:15:42	10.03	0.01	10	10030	买盘
13:15:39	10.02	-0.01	20	20040	中性盘
13:15:33	10.03	--	12	12036	买盘
13:15:09	10.03	--	5	5015	买盘
13:15:06	10.03	--	82	82246	卖盘
13:14:54	10.03	--	21	21063	卖盘
13:14:48	10.03	-0.01	40	40120	卖盘
13:14:33	10.04	0.01	40	40160	买盘
13:14:30	10.03	-0.01	5	5015	卖盘
13:13:45	10.04	--	5	5020	买盘
13:13:12	10.04	--	12	12047	卖盘
13:13:00	10.04	--	10	10040	卖盘
13:12:42	10.04	-0.01	2	2007	卖盘
13:12:33	10.05	0.01	3	3015	买盘
13:12:21	10.04	-0.01	1	1003	卖盘
13:12:12	10.05	--	16	16080	买盘
13:11:51	10.05	--	10	10050	买盘
13:11:09	10.05	0.03	1000	1005000	买盘
13:11:00	10.02	--	20	20040	买盘
13:10:24	10.02	--	15	15030	卖盘
13:10:18	10.02	--	18	18036	买盘
13:09:51	10.02	--	21	21042	卖盘
13:09:36	10.02	--	2	2004	买盘
13:09:33	10.02	--	66	66132	买盘
13:09:24	10.02	--	5	5010	买盘
13:09:03	10.02	--	8	8016	买盘
13:08:48	10.02	--	10	10020	买盘
13:08:45	10.02	--	6	6012	买盘
13:08:36	10.02	--	3	3006	买盘
13:07:51	10.02	-0.01	48	48096	卖盘
13:07:48	10.03	0.01	4	4011	买盘
13:07:42	10.02	-0.01	10	10020	卖盘
13:07:39	10.03	0.01	5	5015	买盘
13:07:36	10.02	-0.01	5	5010	卖盘
13:07:27	10.03	0.01	10	10030	买盘
13:06:42	10.02	--	20	20040	卖盘
13:06:00	10.02	--	62	62124	卖盘
13:05:45	10.02	0.01	200	200400	买盘
13:05:27	10.01	--	10	10010	卖盘
13:05:24	10.01	--	5	5005	卖盘
13:05:09	10.01	--	3	3003	买盘
13:05:03	10.01	--	32	32032	卖盘
13:04:15	10.01	-0.01	27	27027	卖盘
13:03:36	10.02	--	5	5010	买盘
13:03:06	10.02	--	5	5010	买盘
13:03:03	10.02	--	7	7014	买盘
13:02:36	10.02	0.01	5	5010	买盘
13:01:09	10.01	--	10	10010	卖盘
13:00:54	10.01	--	34	34034	买盘
13:00:36	10.01	-0.01	16	16016	卖盘
13:00:18	10.02	0.01	6	6012	买盘
13:00:03	10.01	--	19	19019	买盘
13:00:00	10.01	--	0	0	买盘
11:30:00	10.01	--	0	0	买盘
11:29:12	10.01	--	24	24024	卖盘
11:28:30	10.01	--	15	15015	中性盘
11:28:15	10.01	--	8	8008	卖盘
11:28:12	10.01	--	2	2002	买盘
11:28:03	10.01	--	9	9009	买盘
11:27:57	10.01	--	30	30030	买盘
11:27:45	10.01	--	68	68068	买盘
11:27:03	10.01	--	100	100100	买盘
11:27:00	10.01	-0.01	20	20020	中性盘
11:26:24	10.02	0.01	4	4008	买盘
11:26:21	10.01	-0.01	2	2002	中性盘
11:25:51	10.02	0.01	64	64128	买盘
11:25:45	10.01	--	114	114114	卖盘
11:25:42	10.01	-0.01	1	1001	中性盘
11:25:33	10.02	0.02	111	111222	买盘
11:25:06	10.0	--	193	193000	买盘
11:24:54	10.0	--	20	20000	买盘
11:24:42	10.0	--	20	20000	买盘
11:24:39	10.0	--	72	72000	买盘
11:24:21	10.0	--	7	7000	买盘
11:24:09	10.0	--	10	10000	买盘
11:24:03	10.0	--	100	100000	买盘
11:23:51	10.0	0.01	16	16000	买盘
11:23:45	9.99	--	10	9990	买盘
11:23:39	9.99	--	6	5994	买盘
11:23:33	9.99	--	17	16983	买盘
11:23:30	9.99	0.01	15	14985	买盘
11:23:21	9.98	--	59	59400	买盘
11:23:15	9.98	--	40	40399	卖盘
11:23:06	9.98	-0.01	17	16966	卖盘
11:23:03	9.99	0.01	10	9990	买盘
11:22:51	9.98	-0.01	99	98802	卖盘
11:22:36	9.99	--	84	83916	卖盘
11:22:30	9.99	--	29	28971	卖盘
11:22:27	9.99	--	199	198801	卖盘
11:22:18	9.99	--	2	1998	卖盘
11:22:06	9.99	--	300	299700	卖盘
11:22:03	9.99	-0.01	6	5994	卖盘
11:22:00	10.0	--	122	122000	买盘
11:21:54	10.0	0.01	1	1000	买盘
11:21:39	9.99	--	10	9990	卖盘
11:21:30	9.99	-0.01	57	56943	卖盘
11:21:27	10.0	--	5	5000	买盘
11:21:09	10.0	--	6	6000	买盘
11:20:36	10.0	--	23	23000	卖盘
11:20:33	10.0	--	24	24000	卖盘
11:20:03	10.0	--	58	58000	卖盘
11:19:42	10.0	--	11	11000	卖盘
11:19:33	10.0	--	26	26000	卖盘
11:19:27	10.0	--	3	3000	买盘
11:19:15	10.0	-0.01	99	99000	卖盘
11:18:57	10.01	--	48	48048	卖盘
11:18:30	10.01	--	2	2002	买盘
11:18:24	10.01	--	8	8008	卖盘
11:18:09	10.01	--	55	55055	买盘
11:18:03	10.01	--	45	45045	卖盘
11:18:00	10.01	-0.01	20	20020	卖盘
11:17:57	10.02	--	100	100200	买盘
11:17:06	10.02	0.01	3	3006	买盘
11:17:00	10.01	--	10	10010	卖盘
11:16:54	10.01	-0.01	30	30030	中性盘
11:16:33	10.02	--	20	20040	中性盘
11:15:45	10.02	--	2	2004	卖盘
11:15:42	10.02	-0.01	11	11022	中性盘
11:15:09	10.03	--	3	3009	买盘
11:14:54	10.03	0.02	112	112336	买盘
11:14:48	10.01	--	4	4004	卖盘
11:14:30	10.01	0.01	49	49049	买盘
11:14:18	10.0	-0.01	22	22000	卖盘
11:14:09	10.01	--	15	15015	卖盘
11:13:51	10.01	--	14	14014	卖盘
11:13:48	10.01	--	5	5005	卖盘
11:13:27	10.01	0.01	28	28028	买盘
11:13:24	10.0	-0.01	1	1000	卖盘
11:13:18	10.01	--	72	72072	卖盘
11:13:06	10.01	--	28	28028	卖盘
11:13:03	10.01	0.01	69	69069	买盘
11:12:45	10.0	-0.01	15	15000	中性盘
11:12:21	10.01	0.01	33	33033	买盘
11:12:12	10.0	--	100	100000	买盘
11:12:00	10.0	0.01	82	82000	买盘
11:11:57	9.99	--	200	199800	卖盘
11:11:51	9.99	-0.01	20	19980	卖盘
11:11:48	10.0	0.01	10	10000	买盘
11:11:45	9.99	-0.01	5	4995	卖盘
11:11:39	10.0	--	33	33000	买盘
11:11:06	10.0	--	6	6000	买盘
11:11:03	10.0	--	11	11000	卖盘
11:10:57	10.0	--	12	12000	卖盘
11:10:42	10.0	--	40	40000	卖盘
11:10:36	10.0	--	14	14000	卖盘
11:10:33	10.0	--	5	5000	卖盘
11:10:30	10.0	--	50	50000	卖盘
11:10:24	10.0	--	2	2000	卖盘
11:10:18	10.0	--	6	6000	卖盘
11:10:03	10.0	--	10	10000	卖盘
11:10:00	10.0	0.01	77	77000	买盘
11:09:57	9.99	-0.01	5	4995	卖盘
11:09:51	10.0	0.01	10	10000	买盘
11:09:45	9.99	-0.01	2	1998	卖盘
11:09:39	10.0	0.01	10	10000	买盘
11:09:36	9.99	-0.01	5	4995	卖盘
11:08:45	10.0	--	9	9000	买盘
11:08:36	10.0	--	25	25000	买盘
11:08:15	10.0	0.02	16	16520	买盘
11:08:09	9.98	--	11	10978	买盘
11:08:00	9.98	--	27	26946	买盘
11:07:57	9.98	--	351	350298	买盘
11:07:54	9.98	--	53	52894	买盘
11:07:45	9.98	--	100	99800	买盘
11:07:42	9.98	--	4	3992	买盘
11:07:33	9.98	--	5	4990	买盘
11:07:30	9.98	-0.03	1441	1438597	卖盘
11:07:15	10.01	--	7	7007	买盘
11:06:42	10.01	--	2	2002	买盘
11:06:12	10.01	--	76	76076	卖盘
11:05:51	10.01	--	13	13013	卖盘
11:05:15	10.01	-0.01	1	1001	卖盘
11:05:03	10.02	--	190	190380	买盘
11:04:15	10.02	--	50	50100	买盘
11:03:39	10.02	0.01	24	24048	卖盘
11:03:03	10.01	-0.01	1	1001	卖盘
11:02:21	10.02	0.01	86	86172	买盘
11:01:54	10.01	-0.01	2	2002	卖盘
11:01:33	10.02	--	61	61122	卖盘
11:01:21	10.02	--	5	5010	买盘
11:01:12	10.02	--	10	10020	买盘
11:01:09	10.02	--	1	1002	买盘
11:00:27	10.02	-0.01	34	34068	卖盘
10:59:51	10.03	--	1	1002	买盘
10:59:30	10.03	0.01	50	50150	买盘
10:59:18	10.02	--	6	6012	买盘
10:59:12	10.02	--	5	5010	买盘
10:59:03	10.02	--	5	5010	买盘
10:59:00	10.02	0.01	8	8016	买盘
10:58:57	10.01	--	10	10010	卖盘
10:58:00	10.01	-0.01	5	5005	中性盘
10:57:30	10.02	--	99	99198	卖盘
10:57:06	10.02	-0.01	5	5010	卖盘
10:56:27	10.03	0.01	30	30089	买盘
10:56:03	10.02	--	77	77154	买盘
10:55:57	10.02	0.01	11	11022	买盘
10:55:54	10.01	-0.01	100	100100	卖盘
10:55:06	10.02	--	12	12024	卖盘
10:54:09	10.02	--	29	29058	买盘
10:54:00	10.02	--	20	20040	买盘
10:53:45	10.02	--	10	10020	买盘
10:53:27	10.02	--	10	10020	买盘
10:53:03	10.02	--	54	54108	买盘
10:52:03	10.02	--	9	9018	买盘
10:51:57	10.02	--	7	7014	买盘
10:51:51	10.02	--	19	19038	买盘
10:51:42	10.02	0.01	1	1002	买盘
10:51:39	10.01	-0.01	44	44044	卖盘
10:50:42	10.02	0.01	5	5010	买盘
10:50:27	10.01	-0.01	50	50050	卖盘
10:50:15	10.02	--	13	13026	买盘
10:50:06	10.02	--	294	294588	卖盘
10:49:57	10.02	--	20	20040	卖盘
10:49:48	10.02	--	200	200400	卖盘
10:49:24	10.02	--	200	200400	卖盘
10:48:51	10.02	-0.01	10	10020	卖盘
10:48:21	10.03	--	10	10030	买盘
10:47:51	10.03	0.01	25	25075	买盘
10:47:45	10.02	-0.01	15	15030	卖盘
10:47:33	10.03	--	15	15044	买盘
10:47:30	10.03	--	2	2005	买盘
10:47:06	10.03	--	7	7021	买盘
10:46:45	10.03	--	12	12036	买盘
10:46:42	10.03	0.01	65	65194	买盘
10:46:36	10.02	-0.01	10	10020	卖盘
10:46:33	10.03	0.01	11	11033	买盘
10:46:30	10.02	--	54	54108	卖盘
10:46:12	10.02	-0.01	43	43086	卖盘
10:46:03	10.03	0.01	7	7021	买盘
10:45:57	10.02	-0.01	50	50100	卖盘
10:45:42	10.03	--	38	38114	卖盘
10:45:18	10.03	--	12	12036	买盘
10:45:09	10.03	--	8	8023	买盘
10:45:06	10.03	--	46	46138	买盘
10:44:57	10.03	--	34	34102	卖盘
10:44:48	10.03	--	2	2005	卖盘
10:44:45	10.03	--	30	30089	买盘
10:44:33	10.03	0.01	5	5015	买盘
10:44:30	10.02	--	7	7014	卖盘
10:44:27	10.02	--	8	8016	买盘
10:43:57	10.02	--	5	5010	买盘
10:43:30	10.02	--	41	41082	买盘
10:43:27	10.02	--	5	5010	买盘
10:43:21	10.02	--	2	2004	买盘
10:42:57	10.02	0.01	5	5010	买盘
10:42:45	10.01	0.01	5	5005	买盘
10:42:24	10.0	--	108	108000	买盘
10:42:18	10.0	--	10	10000	买盘
10:41:39	10.0	--	37	37000	买盘
10:41:33	10.0	--	19	19000	买盘
10:41:30	10.0	--	8	8000	买盘
10:41:21	10.0	0.01	4	4000	卖盘
10:41:18	9.99	-0.01	25	24975	卖盘
10:41:15	10.0	--	15	15000	卖盘
10:41:09	10.0	--	40	40520	买盘
10:41:06	10.0	--	6	6000	买盘
10:41:00	10.0	--	100	100000	买盘
10:40:57	10.0	--	100	100000	买盘
10:40:54	10.0	--	64	64000	买盘
10:40:51	10.0	--	25	25000	买盘
10:40:48	10.0	0.01	131	131000	买盘
10:40:39	9.99	-0.01	122	121878	卖盘
10:40:15	10.0	-0.01	423	423000	卖盘
10:40:12	10.01	--	110	110110	买盘
10:40:06	10.01	--	20	20020	买盘
10:40:03	10.01	--	19	19019	买盘
10:39:45	10.01	-0.01	2	2002	中性盘
10:39:15	10.02	--	229	229458	卖盘
10:39:03	10.02	--	3	3006	卖盘
10:38:57	10.02	--	36	36072	卖盘
10:38:42	10.02	0.02	35	35070	买盘
10:38:39	10.0	-0.02	100	100000	卖盘
10:38:30	10.02	0.02	7	7014	买盘
10:38:24	10.0	--	222	222000	卖盘
10:38:21	10.0	--	17	17000	卖盘
10:38:15	10.0	--	6	6000	卖盘
10:38:12	10.0	-0.01	68	68000	卖盘
10:38:09	10.01	-0.01	197	197197	卖盘
10:37:48	10.02	--	100	100200	买盘
10:37:36	10.02	--	43	43086	卖盘
10:37:33	10.02	--	99	99198	卖盘
10:37:03	10.02	-0.01	2	2004	卖盘
10:36:51	10.03	--	10	10030	买盘
10:36:45	10.03	--	151	151453	卖盘
10:36:42	10.03	--	50	50150	卖盘
10:36:21	10.03	--	20	20060	卖盘
10:36:09	10.03	--	10	10030	卖盘
10:35:51	10.03	-0.01	20	20060	卖盘
10:35:18	10.04	0.01	11	11043	买盘
10:35:06	10.03	--	10	10030	卖盘
10:34:51	10.03	--	4	4011	卖盘
10:34:36	10.03	--	72	72216	卖盘
10:34:21	10.03	--	288	288864	卖盘
10:34:18	10.03	--	1	1002	卖盘
10:33:33	10.03	-0.01	10	10030	卖盘
10:33:00	10.04	0.01	2	2007	买盘
10:32:54	10.03	-0.01	19	19057	卖盘
10:31:57	10.04	--	17	17068	卖盘
10:31:54	10.04	-0.01	3	3011	卖盘
10:31:36	10.05	--	8	8040	卖盘
10:31:33	10.05	-0.01	20	20100	卖盘
10:31:27	10.06	0.01	1	1006	买盘
10:31:18	10.05	--	6	6030	卖盘
10:31:09	10.05	--	20	20100	卖盘
10:31:06	10.05	-0.01	280	281400	卖盘
10:30:42	10.06	--	25	25150	卖盘
10:30:36	10.06	--	552	555312	卖盘
10:30:27	10.06	--	60	60360	卖盘
10:30:21	10.06	-0.01	57	57342	卖盘
10:30:18	10.07	0.01	50	50350	买盘
10:30:09	10.06	--	50	50300	卖盘
10:29:57	10.06	--	2	2012	卖盘
10:29:30	10.06	--	11	11066	卖盘
10:29:24	10.06	--	10	10060	卖盘
10:29:12	10.06	-0.01	50	50300	卖盘
10:29:09	10.07	0.01	9	9063	买盘
10:28:48	10.06	--	78	78468	卖盘
10:28:33	10.06	--	140	140840	买盘
10:28:24	10.06	--	20	20120	买盘
10:28:21	10.06	--	6	6036	买盘
10:27:24	10.06	0.01	301	302806	买盘
10:27:21	10.05	--	1	1005	卖盘
10:27:09	10.05	-0.01	17	17085	卖盘
10:27:03	10.06	--	203	204218	买盘
10:26:54	10.06	--	64	64384	买盘
10:26:24	10.06	0.01	1	1006	买盘
10:26:06	10.05	-0.01	11	11055	卖盘
10:26:00	10.06	--	5	5030	买盘
10:25:42	10.06	0.01	72	72432	买盘
10:25:36	10.05	-0.01	131	131655	卖盘
10:25:18	10.06	--	8	8048	买盘
10:25:09	10.06	--	1	1006	买盘
10:25:06	10.06	--	15	15090	买盘
10:24:45	10.06	--	2	2012	买盘
10:24:27	10.06	0.01	5	5030	买盘
10:24:24	10.05	--	30	30150	卖盘
10:24:15	10.05	--	6	6030	卖盘
10:23:51	10.05	--	42	42210	买盘
10:23:39	10.05	0.01	66	66330	中性盘
10:22:57	10.04	-0.02	16	16063	卖盘
10:22:54	10.06	--	28	28168	买盘
10:22:42	10.06	0.01	13	13078	买盘
10:22:36	10.05	-0.01	30	30150	卖盘
10:22:33	10.06	0.01	74	74444	买盘
10:22:12	10.05	-0.01	16	16080	卖盘
10:22:09	10.06	--	20	20120	买盘
10:21:54	10.06	--	2	2012	买盘
10:21:33	10.06	--	69	69414	买盘
10:21:18	10.06	0.01	107	107642	买盘
10:21:12	10.05	--	2	2010	买盘
10:21:06	10.05	--	3	3015	买盘
10:21:03	10.05	--	2	2010	买盘
10:21:00	10.05	--	8	8040	买盘
10:20:57	10.05	--	1	1005	买盘
10:20:54	10.05	0.01	4	4020	买盘
10:20:51	10.04	--	47	47187	买盘
10:20:39	10.04	--	100	100399	买盘
10:20:33	10.04	--	114	114455	买盘
10:20:30	10.04	--	2	2007	买盘
10:20:21	10.04	0.01	6	6023	买盘
10:20:06	10.03	--	2	2005	卖盘
10:19:27	10.03	--	69	69207	买盘
10:19:24	10.03	--	343	344029	卖盘
10:19:15	10.03	--	4	4011	卖盘
10:19:12	10.03	--	3	3009	卖盘
10:18:42	10.03	--	3	3009	卖盘
10:18:36	10.03	--	2	2005	卖盘
10:17:36	10.03	-0.01	10	10030	卖盘
10:17:09	10.04	--	19	19076	卖盘
10:17:06	10.04	--	50	50199	卖盘
10:16:42	10.04	--	30	30119	卖盘
10:16:33	10.04	--	7	7027	卖盘
10:16:24	10.04	--	32	32127	卖盘
10:16:12	10.04	-0.01	1	1003	卖盘
10:16:00	10.05	0.01	6	6030	买盘
10:15:54	10.04	--	20	20080	卖盘
10:15:36	10.04	-0.01	3	3011	卖盘
10:15:18	10.05	--	9	9045	买盘
10:14:57	10.05	0.01	5	5025	买盘
10:14:27	10.04	--	6	6023	卖盘
10:14:09	10.04	-0.01	3	3011	卖盘
10:14:03	10.05	0.01	76	76380	买盘
10:13:54	10.04	--	20	20080	卖盘
10:13:33	10.04	--	16	16063	卖盘
10:13:24	10.04	-0.01	3	3011	卖盘
10:13:18	10.05	0.01	27	27135	买盘
10:13:03	10.04	--	10	10040	卖盘
10:12:57	10.04	-0.01	5	5020	卖盘
10:12:51	10.05	--	11	11055	买盘
10:12:39	10.05	--	24	24120	买盘
10:12:27	10.05	--	2	2010	买盘
10:12:21	10.05	0.01	9	9045	买盘
10:12:15	10.04	-0.01	5	5020	卖盘
10:12:03	10.05	--	9	9045	买盘
10:11:57	10.05	0.01	27	27135	买盘
10:11:45	10.04	-0.01	2	2007	卖盘
10:11:39	10.05	0.01	10	10050	买盘
10:11:27	10.04	--	61	61243	卖盘
10:10:30	10.04	-0.01	95	95379	卖盘
10:10:24	10.05	--	113	113565	买盘
10:10:21	10.05	0.01	4	4020	买盘
10:10:18	10.04	-0.01	50	50199	卖盘
10:10:15	10.05	--	13	13065	买盘
10:10:03	10.05	--	52	52260	买盘
10:09:51	10.05	--	4	4020	买盘
10:09:39	10.05	--	15	15075	买盘
10:09:24	10.05	--	102	102510	买盘
10:09:15	10.05	--	1	1005	买盘
10:09:09	10.05	--	1	1005	买盘
10:08:57	10.05	0.01	6	6030	买盘
10:08:42	10.04	--	5	5020	卖盘
10:08:39	10.04	-0.01	20	20080	卖盘
10:08:36	10.05	--	62	62310	买盘
10:08:33	10.05	--	2	2010	买盘
10:08:30	10.05	--	23	23115	买盘
10:08:24	10.05	--	33	33165	买盘
10:08:15	10.05	--	1	1005	买盘
10:08:12	10.05	--	16	16080	买盘
10:08:06	10.05	--	102	102510	买盘
10:08:00	10.05	0.01	25	25125	买盘
10:07:57	10.04	--	10	10040	买盘
10:07:54	10.04	-0.01	82	82328	卖盘
10:07:48	10.05	0.01	80	80400	买盘
10:07:39	10.04	-0.01	299	300196	卖盘
10:07:36	10.05	0.01	16	16080	买盘
10:07:24	10.04	--	20	20080	卖盘
10:07:21	10.04	--	4	4015	卖盘
10:07:18	10.04	--	3	3011	卖盘
10:07:15	10.04	-0.01	20	20080	卖盘
10:07:09	10.05	0.02	28	28140	买盘
10:07:00	10.03	-0.02	20	20060	卖盘
10:06:57	10.05	0.01	28	28140	买盘
10:06:48	10.04	-0.01	11	11043	卖盘
10:06:45	10.05	--	257	258285	买盘
10:06:33	10.05	--	37	37185	卖盘
10:06:27	10.05	-0.01	30	30150	卖盘
10:06:21	10.06	--	1	1006	买盘
10:06:12	10.06	-0.01	30	30180	卖盘
10:06:06	10.07	0.01	6	6042	买盘
10:06:03	10.06	--	20	20120	买盘
10:06:00	10.06	--	10	10060	买盘
10:05:57	10.06	--	96	96576	卖盘
10:05:54	10.06	--	76	76456	买盘
10:05:48	10.06	--	11	11066	买盘
10:05:30	10.06	--	221	222326	卖盘
10:05:21	10.06	--	10	10060	卖盘
10:05:15	10.06	-0.01	34	34204	卖盘
10:05:06	10.07	--	7	7049	买盘
10:04:57	10.07	-0.01	51	51357	卖盘
10:04:54	10.08	--	5	5040	买盘
10:04:42	10.08	--	45	45360	卖盘
10:04:39	10.08	--	2	2016	卖盘
10:04:36	10.08	--	18	18144	卖盘
10:04:30	10.08	0.01	288	290304	买盘
10:04:27	10.07	--	5	5035	卖盘
10:04:24	10.07	--	3	3021	卖盘
10:04:21	10.07	--	100	100700	卖盘
10:04:12	10.07	-0.01	27	27189	卖盘
10:04:06	10.08	--	7	7056	买盘
10:03:57	10.08	--	57	57456	买盘
10:03:54	10.08	--	12	12096	买盘
10:03:51	10.08	-0.01	16	16128	卖盘
10:03:48	10.09	0.01	93	93837	买盘
10:03:42	10.08	--	125	126000	卖盘
10:03:39	10.08	--	44	44352	买盘
10:03:36	10.08	--	8	8064	买盘
10:03:30	10.08	-0.01	11	11088	买盘
10:03:27	10.09	0.01	113	114017	买盘
10:03:24	10.08	-0.01	6	6048	中性盘
10:03:21	10.09	--	7	7063	买盘
10:03:06	10.09	--	32	32288	买盘
10:03:03	10.09	0.01	77	77693	买盘
10:03:00	10.08	-0.01	20	20160	卖盘
10:02:54	10.09	0.01	22	22198	买盘
10:02:51	10.08	-0.01	10	10080	卖盘
10:02:48	10.09	--	95	95855	买盘
10:02:42	10.09	0.01	11	11099	买盘
10:02:39	10.08	--	8	8578	买盘
10:02:36	10.08	--	18	18637	卖盘
10:02:30	10.08	--	20	20160	卖盘
10:02:24	10.08	0.01	136	137602	买盘
10:02:18	10.07	-0.01	5	5035	卖盘
10:02:15	10.08	--	5	5040	买盘
10:02:12	10.08	0.01	13	13104	买盘
10:02:03	10.07	0.01	10	10070	卖盘
10:01:54	10.06	-0.02	40	40240	卖盘
10:01:45	10.08	0.02	234	235872	买盘
10:01:42	10.06	-0.01	1	1006	卖盘
10:01:39	10.07	--	17	17119	买盘
10:01:36	10.07	--	13	13091	买盘
10:01:27	10.07	0.01	13	13091	买盘
10:01:24	10.06	-0.01	2	2012	卖盘
10:01:21	10.07	0.01	55	55385	买盘
10:01:15	10.06	-0.01	22	22132	卖盘
10:01:09	10.07	--	7	7049	买盘
10:01:00	10.07	0.01	66	66462	买盘
10:00:57	10.06	-0.01	15	15090	卖盘
10:00:54	10.07	--	50	50350	买盘
10:00:45	10.07	0.01	20	20140	买盘
10:00:42	10.06	--	293	294758	买盘
10:00:36	10.06	--	3	3018	买盘
10:00:18	10.06	--	30	30180	买盘
10:00:00	10.06	0.01	100	100600	买盘
09:59:57	10.05	--	102	102510	买盘
09:59:54	10.05	--	2	2010	买盘
09:59:51	10.05	--	12	12060	买盘
09:59:45	10.05	-0.01	2	2010	卖盘
09:59:39	10.06	0.01	5	5030	买盘
09:59:33	10.05	--	6	6030	卖盘
09:59:27	10.05	--	10	10050	卖盘
09:59:18	10.05	--	80	80400	买盘
09:59:09	10.05	--	1	1005	买盘
09:58:57	10.05	0.01	5	5025	买盘
09:58:51	10.04	-0.01	43	43171	卖盘
09:58:48	10.05	--	5	5025	买盘
09:58:39	10.05	--	10	10050	买盘
09:58:36	10.05	0.01	16	16080	买盘
09:58:33	10.04	-0.01	2	2007	卖盘
09:58:21	10.05	0.01	3	3015	买盘
09:58:15	10.04	--	9	9036	卖盘
09:58:12	10.04	--	34	34136	买盘
09:57:57	10.04	--	3	3011	买盘
09:57:54	10.04	--	4	4015	买盘
09:57:51	10.04	-0.01	34	34136	买盘
09:57:48	10.05	0.01	60	60300	买盘
09:57:45	10.04	--	12	12047	卖盘
09:57:42	10.04	--	1	1003	卖盘
09:57:39	10.04	-0.01	1	1003	卖盘
09:57:36	10.05	--	23	23115	买盘
09:57:33	10.05	--	149	149745	卖盘
09:57:30	10.05	--	6	6030	卖盘
09:57:27	10.05	--	170	170850	卖盘
09:57:24	10.05	--	44	44220	卖盘
09:57:18	10.05	--	155	155775	卖盘
09:57:15	10.05	--	10	10050	卖盘
09:57:09	10.05	--	10	10050	卖盘
09:56:57	10.05	--	1	1005	卖盘
09:56:54	10.05	-0.01	5	5025	卖盘
09:56:51	10.06	--	72	72432	买盘
09:56:48	10.06	--	5	5030	买盘
09:56:36	10.06	--	10	10060	买盘
09:56:33	10.06	--	17	17102	买盘
09:56:24	10.06	--	1	1006	买盘
09:56:21	10.06	--	11	11066	买盘
09:56:18	10.06	--	12	12072	卖盘
09:56:09	10.06	--	140	140840	卖盘
09:56:06	10.06	--	22	22132	买盘
09:56:03	10.06	--	18	18108	买盘
09:56:00	10.06	--	72	72432	买盘
09:55:57	10.06	0.01	5	5030	买盘
09:55:54	10.05	-0.01	30	30150	卖盘
09:55:51	10.06	--	13	13078	买盘
09:55:48	10.06	--	23	23138	卖盘
09:55:45	10.06	--	147	147882	买盘
09:55:42	10.06	--	50	50300	买盘
09:55:39	10.06	--	52	52312	买盘
09:55:36	10.06	--	20	20120	买盘
09:55:33	10.06	0.01	34	34204	买盘
09:55:30	10.05	--	5	5025	买盘
09:55:27	10.05	--	36	36180	买盘
09:55:24	10.05	--	48	48240	卖盘
09:55:21	10.05	--	7	7035	买盘
09:55:18	10.05	0.01	73	73365	买盘
09:55:12	10.04	--	69	69276	买盘
09:55:09	10.04	--	8	8031	买盘
09:55:06	10.04	--	19	19076	买盘
09:55:03	10.04	--	25	25099	买盘
09:55:00	10.04	0.01	34	34136	买盘
09:54:57	10.03	--	126	127009	买盘
09:54:54	10.03	--	191	191573	买盘
09:54:51	10.03	--	15	15044	买盘
09:54:48	10.03	--	163	163489	买盘
09:54:45	10.03	--	210	210630	买盘
09:54:42	10.03	--	30	30089	买盘
09:54:39	10.03	--	130	130389	买盘
09:54:36	10.03	--	5	5015	买盘
09:54:30	10.03	--	160	160480	买盘
09:54:27	10.03	0.01	443	444329	买盘
09:54:24	10.02	-0.01	6	6012	卖盘
09:54:21	10.03	0.01	451	452353	买盘
09:54:18	10.02	0.01	13	13026	买盘
09:54:12	10.01	-0.01	1	1001	卖盘
09:54:09	10.02	0.01	3	3006	买盘
09:53:54	10.01	-0.01	41	41041	卖盘
09:53:51	10.02	--	7	7014	买盘
09:53:48	10.02	--	16	16032	买盘
09:53:42	10.02	--	10	10020	买盘
09:53:39	10.02	--	14	14028	买盘
09:53:36	10.02	0.01	5	5010	买盘
09:53:18	10.01	0.01	123	123123	买盘
09:53:15	10.0	-0.01	23	23000	卖盘
09:53:09	10.01	--	17	17017	买盘
09:53:03	10.01	-0.01	106	106106	卖盘
09:53:00	10.02	0.01	10	10020	买盘
09:52:54	10.01	--	149	149149	卖盘
09:52:48	10.01	0.01	127	127127	买盘
09:52:42	10.0	--	10	10000	卖盘
09:52:24	10.0	-0.01	35	35000	卖盘
09:52:18	10.01	0.01	13	13013	买盘
09:52:15	10.0	--	1	1000	卖盘
09:51:54	10.0	-0.02	22	22000	卖盘
09:51:51	10.02	0.01	20	20040	买盘
09:51:48	10.01	--	13	13013	买盘
09:51:45	10.01	0.01	36	36036	中性盘
09:51:30	10.0	-0.02	28	28000	卖盘
09:51:21	10.02	--	100	100200	买盘
09:51:18	10.02	--	13	13026	买盘
09:51:15	10.02	--	12	12024	买盘
09:50:54	10.02	--	42	42084	买盘
09:50:48	10.02	0.01	13	13026	买盘
09:50:39	10.01	0.01	14	14014	买盘
09:50:30	10.0	-0.01	30	30000	卖盘
09:50:15	10.01	0.01	45	45045	买盘
09:50:03	10.0	-0.01	54	54000	卖盘
09:50:00	10.01	--	5	5005	买盘
09:49:54	10.01	--	53	53053	买盘
09:49:51	10.01	--	3	3003	买盘
09:49:45	10.01	--	7	7007	买盘
09:49:36	10.01	-0.01	56	56056	卖盘
09:49:33	10.02	0.01	54	54108	买盘
09:49:24	10.01	--	20	20020	卖盘
09:49:15	10.01	--	14	14014	卖盘
09:49:06	10.01	--	20	20020	卖盘
09:49:03	10.01	--	37	37037	买盘
09:48:39	10.01	--	150	150150	买盘
09:48:24	10.01	0.01	8	8008	买盘
09:48:00	10.0	-0.01	20	20000	卖盘
09:47:57	10.01	--	206	206206	买盘
09:47:48	10.01	0.01	103	103103	买盘
09:47:45	10.0	--	140	140000	卖盘
09:47:27	10.0	-0.01	9	9000	卖盘
09:47:24	10.01	--	48	48048	买盘
09:47:18	10.01	--	2	2002	买盘
09:47:00	10.01	0.01	194	194194	买盘
09:46:51	10.0	-0.01	35	35000	卖盘
09:46:36	10.01	0.01	24	24024	买盘
09:46:30	10.0	-0.01	39	39000	卖盘
09:46:21	10.01	--	50	50050	买盘
09:46:15	10.01	--	17	17017	买盘
09:46:09	10.01	--	51	51051	买盘
09:46:00	10.01	--	13	13013	买盘
09:45:57	10.01	--	15	15015	买盘
09:45:30	10.01	0.01	13	13013	买盘
09:45:27	10.0	--	100	100000	卖盘
09:45:18	10.0	--	41	41000	卖盘
09:45:15	10.0	--	4	4000	卖盘
09:45:06	10.0	0.01	12	12000	买盘
09:45:03	9.99	-0.01	18	17982	卖盘
09:45:00	10.0	--	13	13000	买盘
09:44:57	10.0	0.01	102	102000	买盘
09:44:30	9.99	--	3	2997	买盘
09:44:00	9.99	--	14	13986	买盘
09:43:51	9.99	-0.01	17	16983	中性盘
09:43:36	10.0	--	61	61000	买盘
09:43:30	10.0	--	13	13000	买盘
09:43:24	10.0	0.02	62	62000	买盘
09:43:21	9.98	-0.01	36	35928	卖盘
09:43:15	9.99	--	1	999	买盘
09:43:00	9.99	--	18	17982	买盘
09:42:54	9.99	--	6	5994	买盘
09:42:39	9.99	--	10	9990	买盘
09:42:30	9.99	--	13	12987	买盘
09:42:27	9.99	--	10	9990	买盘
09:42:00	9.99	--	13	12987	买盘
09:41:36	9.99	--	32	31968	卖盘
09:41:24	9.99	--	27	26973	买盘
09:41:18	9.99	0.01	1	999	买盘
09:41:00	9.98	-0.01	20	19960	卖盘
09:40:54	9.99	--	9	8991	买盘
09:40:42	9.99	--	73	72927	买盘
09:40:15	9.99	0.01	5	4995	买盘
09:40:09	9.98	--	6	5988	卖盘
09:40:03	9.98	--	1	998	卖盘
09:40:00	9.98	-0.01	6	5988	卖盘
09:39:39	9.99	--	1	999	买盘
09:39:27	9.99	0.01	10	9990	买盘
09:39:09	9.98	--	1	998	卖盘
09:39:03	9.98	-0.01	1	998	卖盘
09:38:51	9.99	--	10	9990	买盘
09:38:42	9.99	0.01	4	3996	买盘
09:38:36	9.98	--	22	21956	卖盘
09:38:15	9.98	-0.01	30	29940	卖盘
09:37:57	9.99	0.01	33	32967	买盘
09:37:54	9.98	-0.01	30	29940	卖盘
09:37:42	9.99	0.01	5	4995	买盘
09:37:33	9.98	--	14	13972	卖盘
09:37:24	9.98	--	1	998	卖盘
09:37:18	9.98	-0.01	30	29940	卖盘
09:37:00	9.99	--	20	19980	买盘
09:36:57	9.99	--	5	4995	买盘
09:36:27	9.99	--	5	4995	买盘
09:36:09	9.99	0.01	4	3996	买盘
09:36:03	9.98	0.01	2	1996	买盘
09:35:48	9.97	--	26	26420	买盘
09:35:33	9.97	-0.01	12	11964	卖盘
09:35:27	9.98	--	5	4990	买盘
09:35:24	9.98	--	7	6986	买盘
09:35:21	9.98	--	10	9980	买盘
09:35:09	9.98	--	4	3992	买盘
09:35:03	9.98	--	9	8982	卖盘
09:34:54	9.98	0.01	43	42914	买盘
09:34:48	9.97	0.01	2	1994	买盘
09:34:42	9.96	--	10	9960	卖盘
09:34:36	9.96	--	2	1992	买盘
09:34:24	9.96	--	65	64740	买盘
09:34:21	9.96	--	100	99600	买盘
09:34:12	9.96	--	13	12948	买盘
09:34:09	9.96	-0.01	260	258960	卖盘
09:33:33	9.97	-0.01	20	19940	卖盘
09:33:30	9.98	--	10	9980	买盘
09:33:09	9.98	--	55	54890	卖盘
09:33:03	9.98	-0.01	30	29940	卖盘
09:32:48	9.99	--	5	4995	买盘
09:32:27	9.99	-0.01	28	27972	卖盘
09:32:24	10.0	--	4	4000	买盘
09:32:06	10.0	0.02	20	20000	买盘
09:31:27	9.98	-0.02	20	19960	卖盘
09:31:21	10.0	-0.01	8	8000	买盘
09:31:06	10.01	0.04	51	51051	买盘
09:30:09	9.97	--	12	11964	卖盘
09:30:00	9.97	--	0	0	卖盘
09:25:03	9.97	9.97	10	9970	买盘
