成交时间	成交价	价格变动	成交量(手)	成交额(元)	性质
15:00:03	8.27	--	470	388690	卖盘
14:57:03	8.27	--	0	0	卖盘
14:57:00	8.27	-0.01	105	86835	卖盘
14:56:57	8.28	--	6	4968	买盘
14:56:54	8.28	--	23	19044	买盘
14:56:48	8.28	0.01	1	827	买盘
14:56:42	8.27	-0.01	33	27291	卖盘
14:56:39	8.28	--	222	183816	买盘
14:56:36	8.28	--	100	82800	买盘
14:56:33	8.28	0.01	143	118403	买盘
14:56:27	8.27	-0.01	90	74430	卖盘
14:56:24	8.28	0.01	10	8280	买盘
14:56:12	8.27	--	59	48793	卖盘
14:56:09	8.27	-0.01	100	82700	卖盘
14:56:06	8.28	--	60	49679	买盘
14:56:03	8.28	--	7	5796	买盘
14:55:54	8.28	0.01	34	28151	买盘
14:55:48	8.27	-0.01	10	8270	卖盘
14:55:45	8.28	--	100	82800	买盘
14:55:42	8.28	0.01	72	59615	买盘
14:55:39	8.27	-0.01	1	827	卖盘
14:55:36	8.28	0.01	100	82800	买盘
14:55:24	8.27	--	15	12405	卖盘
14:55:18	8.27	--	180	148860	卖盘
14:55:15	8.27	-0.01	6	4962	卖盘
14:55:03	8.28	--	3	2484	买盘
14:55:00	8.28	0.01	1	827	买盘
14:54:54	8.27	-0.01	19	15713	卖盘
14:54:48	8.28	0.01	100	82800	买盘
14:54:39	8.27	--	87	71949	卖盘
14:54:36	8.27	-0.01	14	11578	卖盘
14:54:30	8.28	--	100	82800	买盘
14:54:27	8.28	0.01	1	827	买盘
14:54:21	8.27	-0.01	5	4135	卖盘
14:54:15	8.28	--	41	33948	买盘
14:54:12	8.28	0.01	1	827	买盘
14:54:06	8.27	--	12	9924	卖盘
14:54:03	8.27	-0.01	51	42177	卖盘
14:53:57	8.28	0.01	67	55475	买盘
14:53:54	8.27	-0.01	6	4962	卖盘
14:53:42	8.28	--	12	9936	买盘
14:53:36	8.28	--	10	8280	买盘
14:53:27	8.28	0.01	5	4140	买盘
14:53:24	8.27	--	7	5789	卖盘
14:53:21	8.27	--	4	3308	卖盘
14:53:15	8.27	-0.01	1	827	卖盘
14:53:00	8.28	0.01	69	57131	买盘
14:52:57	8.27	--	132	109164	卖盘
14:52:54	8.27	--	20	16540	卖盘
14:52:51	8.27	--	5	4135	卖盘
14:52:48	8.27	--	60	49620	卖盘
14:52:24	8.27	-0.01	15	12405	卖盘
14:52:18	8.28	--	14	11592	买盘
14:52:09	8.28	--	5	4140	买盘
14:52:06	8.28	0.01	15	12419	买盘
14:51:45	8.27	--	100	82700	卖盘
14:51:21	8.27	--	5	4135	卖盘
14:51:15	8.27	-0.01	2	1654	卖盘
14:51:12	8.28	--	40	33120	买盘
14:51:09	8.28	--	7	5796	买盘
14:50:48	8.28	0.01	20	16560	买盘
14:50:45	8.27	--	96	79392	卖盘
14:50:36	8.27	--	60	49620	卖盘
14:50:33	8.27	--	7	5789	卖盘
14:50:27	8.27	-0.01	19	15713	卖盘
14:50:21	8.28	--	14	11592	买盘
14:50:09	8.28	--	61	50507	卖盘
14:50:06	8.28	--	28	23184	卖盘
14:49:54	8.28	--	22	18216	卖盘
14:49:51	8.28	--	10	8280	卖盘
14:49:42	8.28	--	39	32291	卖盘
14:49:39	8.28	--	7	5796	卖盘
14:49:36	8.28	--	91	75348	买盘
14:49:33	8.28	--	4	3311	买盘
14:49:24	8.28	--	13	10764	买盘
14:49:21	8.28	--	17	14075	买盘
14:49:18	8.28	--	264	218591	买盘
14:49:12	8.28	--	22	18216	买盘
14:49:09	8.28	--	4	3311	买盘
14:49:06	8.28	-0.01	412	341136	卖盘
14:49:03	8.29	0.01	5	4145	买盘
14:49:00	8.28	--	6	4968	卖盘
14:48:54	8.28	--	6	4968	卖盘
14:48:45	8.28	-0.01	5	4140	卖盘
14:48:42	8.29	0.01	15	12434	买盘
14:48:39	8.28	-0.01	42	34776	卖盘
14:48:33	8.29	0.01	10	8290	买盘
14:48:24	8.28	--	23	19044	卖盘
14:48:15	8.28	-0.01	167	138276	卖盘
14:48:03	8.29	0.01	32	26527	买盘
14:47:57	8.28	--	10	8280	卖盘
14:47:54	8.28	--	6	4968	卖盘
14:47:27	8.28	--	3	2484	卖盘
14:47:24	8.28	--	16	13247	卖盘
14:47:21	8.28	--	50	41400	卖盘
14:47:09	8.28	--	1	827	卖盘
14:46:54	8.28	--	24	19872	卖盘
14:46:36	8.28	--	10	8280	卖盘
14:46:24	8.28	-0.01	20	16560	卖盘
14:46:18	8.29	0.01	25	20724	买盘
14:46:09	8.28	-0.01	4	3311	卖盘
14:45:54	8.29	0.01	10	8290	买盘
14:45:27	8.28	--	6	4968	买盘
14:45:24	8.28	--	1	827	卖盘
14:45:21	8.28	--	27	22356	买盘
14:45:03	8.28	--	241	199547	卖盘
14:44:57	8.28	--	6	4968	卖盘
14:44:33	8.28	--	6	4968	卖盘
14:44:24	8.28	--	7	5796	卖盘
14:43:54	8.28	--	9	7451	卖盘
14:43:39	8.28	--	8	6623	卖盘
14:43:24	8.28	--	10	8280	卖盘
14:43:15	8.28	--	12	9936	卖盘
14:43:12	8.28	--	5	4140	卖盘
14:42:45	8.28	--	74	61271	卖盘
14:42:42	8.28	-0.01	5	4140	卖盘
14:42:39	8.29	0.01	50	41449	买盘
14:42:33	8.28	--	100	82800	卖盘
14:42:27	8.28	-0.01	9	7451	卖盘
14:42:15	8.29	--	1	828	买盘
14:42:12	8.29	--	8	6631	买盘
14:41:51	8.29	0.01	2	1657	买盘
14:41:42	8.28	--	60	49679	卖盘
14:41:24	8.28	--	139	115464	买盘
14:41:21	8.28	--	60	49679	买盘
14:40:57	8.28	--	5	4140	买盘
14:40:54	8.28	--	5	4140	买盘
14:40:21	8.28	--	21	17388	买盘
14:40:18	8.28	--	10	8280	买盘
14:40:15	8.28	0.01	6	4968	买盘
14:40:12	8.27	-0.01	2	1654	卖盘
14:40:09	8.28	--	20	16560	买盘
14:39:54	8.28	--	20	16560	买盘
14:39:21	8.28	--	2	1655	买盘
14:39:15	8.28	--	4	3311	买盘
14:39:06	8.28	0.01	2	1655	买盘
14:38:51	8.27	--	18	14886	买盘
14:38:48	8.27	--	58	47966	买盘
14:38:42	8.27	--	10	8270	买盘
14:38:39	8.27	--	13	10751	买盘
14:38:36	8.27	0.01	14	11578	买盘
14:38:33	8.26	-0.01	11	9086	卖盘
14:38:24	8.27	--	15	12405	买盘
14:38:21	8.27	--	37	30599	买盘
14:38:12	8.27	--	47	38869	买盘
14:38:06	8.27	--	99	81873	买盘
14:37:57	8.27	0.01	3	2481	买盘
14:37:45	8.26	-0.01	55	45430	卖盘
14:37:39	8.27	--	1	827	买盘
14:37:36	8.27	0.01	204	168708	买盘
14:37:24	8.26	-0.01	5	4130	卖盘
14:37:21	8.27	--	2	1654	买盘
14:37:15	8.27	--	8	6616	买盘
14:37:06	8.27	0.01	75	62025	买盘
14:36:54	8.26	-0.01	19	15694	卖盘
14:36:51	8.27	--	25	20675	买盘
14:36:48	8.27	--	1	827	买盘
14:36:39	8.27	--	49	40523	买盘
14:36:36	8.27	--	16	13232	买盘
14:36:33	8.27	0.01	10	8270	买盘
14:36:24	8.26	-0.01	14	11564	卖盘
14:36:21	8.27	--	20	16540	买盘
14:36:12	8.27	--	12	9924	买盘
14:36:06	8.27	--	4	3308	买盘
14:36:03	8.27	0.01	14	11578	买盘
14:35:54	8.26	-0.01	13	10738	卖盘
14:35:36	8.27	0.01	4	3308	买盘
14:35:33	8.26	--	280	231280	卖盘
14:35:30	8.26	-0.01	596	492296	卖盘
14:35:24	8.27	--	8	6616	买盘
14:35:21	8.27	--	1	827	买盘
14:35:18	8.27	--	29	23983	买盘
14:35:06	8.27	0.01	4	3308	买盘
14:34:54	8.26	-0.01	5	4130	卖盘
14:34:48	8.27	--	4	3308	买盘
14:34:39	8.27	--	15	12405	买盘
14:34:36	8.27	--	4	3308	买盘
14:34:18	8.27	0.01	733	606191	买盘
14:34:15	8.26	-0.01	3	2478	卖盘
14:34:12	8.27	--	10	8270	买盘
14:34:06	8.27	--	9	7443	买盘
14:33:57	8.27	0.01	30	24810	买盘
14:33:54	8.26	-0.01	6	4956	卖盘
14:33:36	8.27	--	24	19848	买盘
14:33:30	8.27	--	32	26464	买盘
14:33:24	8.27	0.01	9	7443	买盘
14:33:21	8.26	-0.01	78	64428	卖盘
14:33:18	8.27	--	2	1654	买盘
14:33:15	8.27	0.01	30	24810	买盘
14:33:12	8.26	-0.01	25	20650	卖盘
14:33:09	8.27	--	145	120369	买盘
14:33:06	8.27	--	4	3308	买盘
14:33:03	8.27	--	3	2481	买盘
14:32:57	8.27	0.01	26	21502	买盘
14:32:54	8.26	-0.01	6	4956	卖盘
14:32:51	8.27	--	3	2481	买盘
14:32:39	8.27	--	9	7443	买盘
14:32:36	8.27	0.01	30	24810	买盘
14:32:33	8.26	-0.01	64	52864	卖盘
14:32:27	8.27	0.01	10	8270	买盘
14:32:24	8.26	-0.01	38	31388	卖盘
14:32:06	8.27	--	11	9097	买盘
14:32:03	8.27	0.01	43	35561	买盘
14:31:54	8.26	-0.01	6	4956	卖盘
14:31:48	8.27	--	9	7443	买盘
14:31:45	8.27	0.01	32	26464	买盘
14:31:42	8.26	--	20	16520	卖盘
14:31:33	8.26	--	15	12390	卖盘
14:31:30	8.26	--	1	826	卖盘
14:31:24	8.26	--	7	5782	卖盘
14:31:21	8.26	-0.01	22	18172	卖盘
14:31:18	8.27	--	8	6616	买盘
14:31:12	8.27	--	67	55409	买盘
14:31:03	8.27	--	50	41350	买盘
14:31:00	8.27	0.01	20	16540	买盘
14:30:54	8.26	-0.01	9	7434	卖盘
14:30:36	8.27	--	1	827	买盘
14:30:33	8.27	--	2	1654	买盘
14:30:30	8.27	0.01	50	41350	买盘
14:30:24	8.26	-0.01	4	3304	卖盘
14:30:09	8.27	--	139	114953	买盘
14:29:54	8.27	--	19	15713	买盘
14:29:48	8.27	--	3	2481	买盘
14:29:45	8.27	--	17	14059	买盘
14:29:36	8.27	--	163	134801	买盘
14:29:33	8.27	--	52	43004	买盘
14:29:27	8.27	--	62	51274	买盘
14:29:24	8.27	--	13	10751	买盘
14:29:15	8.27	0.01	33	27291	买盘
14:29:06	8.26	-0.01	30	24780	卖盘
14:29:00	8.27	--	2	1654	买盘
14:28:57	8.27	--	100	82700	买盘
14:28:51	8.27	-0.01	20	16540	中性盘
14:28:42	8.28	0.02	17	14075	买盘
14:28:39	8.26	-0.01	3	2478	卖盘
14:28:24	8.27	--	53	43831	卖盘
14:28:21	8.27	--	5	4135	卖盘
14:28:15	8.27	--	62	51274	买盘
14:28:03	8.27	--	13	10751	买盘
14:28:00	8.27	--	10	8270	买盘
14:27:57	8.27	--	12	9924	买盘
14:27:54	8.27	--	2	1654	买盘
14:27:48	8.27	--	10	8270	买盘
14:27:45	8.27	--	22	18194	买盘
14:27:42	8.27	--	39	32253	买盘
14:27:33	8.27	--	141	116607	买盘
14:27:30	8.27	0.01	350	289450	买盘
14:27:24	8.26	-0.01	7	5782	卖盘
14:27:12	8.27	--	50	41350	买盘
14:27:03	8.27	0.01	2	1654	买盘
14:26:54	8.26	--	6	4956	卖盘
14:26:39	8.26	--	500	413000	卖盘
14:26:24	8.26	--	19	15694	卖盘
14:26:21	8.26	-0.01	6	4956	卖盘
14:26:18	8.27	0.01	10	8270	买盘
14:26:15	8.26	--	5	4130	卖盘
14:26:12	8.26	-0.01	19	15694	卖盘
14:26:06	8.27	0.01	15	12405	买盘
14:26:03	8.26	-0.01	10	8260	卖盘
14:26:00	8.27	0.01	10	8270	买盘
14:25:54	8.26	-0.01	6	4956	卖盘
14:25:48	8.27	--	42	34734	买盘
14:25:39	8.27	--	55	45485	卖盘
14:25:36	8.27	-0.01	47	38869	卖盘
14:25:30	8.28	0.01	21	17388	买盘
14:25:27	8.27	--	131	108337	卖盘
14:25:24	8.27	-0.01	8	6616	卖盘
14:25:21	8.28	0.01	50	41400	买盘
14:25:18	8.27	-0.01	5	4135	卖盘
14:25:15	8.28	--	30	24839	买盘
14:25:09	8.28	--	2	1655	买盘
14:25:06	8.28	-0.01	1	827	中性盘
14:24:48	8.29	0.02	58	48081	买盘
14:24:45	8.27	-0.01	89	73603	卖盘
14:24:36	8.28	--	19	15731	买盘
14:24:30	8.28	--	12	9936	买盘
14:24:27	8.28	--	125	103499	卖盘
14:24:24	8.28	--	5	4140	卖盘
14:24:00	8.28	-0.01	10	8280	卖盘
14:23:57	8.29	0.01	88	72951	买盘
14:23:45	8.28	-0.01	19	15731	卖盘
14:23:42	8.29	0.01	300	248699	买盘
14:23:39	8.28	-0.01	10	8280	卖盘
14:23:33	8.29	0.01	20	16580	买盘
14:23:27	8.28	0.01	12	9936	买盘
14:23:24	8.27	-0.01	304	251408	卖盘
14:23:21	8.28	--	20	16560	买盘
14:23:15	8.28	--	2	1655	买盘
14:23:12	8.28	--	6	4968	买盘
14:23:09	8.28	--	16	13247	买盘
14:22:51	8.28	--	50	41400	买盘
14:22:42	8.28	--	5	4140	买盘
14:22:36	8.28	--	87	72036	买盘
14:22:30	8.28	0.01	206	170568	买盘
14:22:27	8.27	-0.01	9	7443	卖盘
14:22:15	8.28	--	30	24839	买盘
14:22:09	8.28	--	81	67068	买盘
14:22:06	8.28	0.01	6	4968	买盘
14:22:03	8.27	-0.01	3	2481	卖盘
14:22:00	8.28	--	5	4140	买盘
14:21:57	8.28	0.01	23	19044	买盘
14:21:54	8.27	--	6	4962	卖盘
14:21:51	8.27	--	60	49620	卖盘
14:21:45	8.27	--	10	8270	卖盘
14:21:39	8.27	0.01	23	19021	卖盘
14:21:36	8.26	--	500	413000	卖盘
14:21:33	8.26	-0.01	100	82600	卖盘
14:21:30	8.27	--	111	91797	买盘
14:21:27	8.27	0.01	41	33907	买盘
14:21:24	8.26	-0.01	454	375004	卖盘
14:21:21	8.27	--	10	8270	买盘
14:21:18	8.27	--	2	1654	买盘
14:21:15	8.27	--	16	13232	买盘
14:21:00	8.27	--	6	4962	买盘
14:20:57	8.27	0.01	96	79392	买盘
14:20:54	8.26	-0.01	13	10738	卖盘
14:20:51	8.27	--	8	6616	买盘
14:20:42	8.27	--	2	1654	买盘
14:20:39	8.27	--	5	4135	买盘
14:20:36	8.27	--	18	14886	买盘
14:20:33	8.27	0.01	1	827	买盘
14:20:30	8.26	-0.01	10	8260	卖盘
14:20:15	8.27	--	148	122396	卖盘
14:20:03	8.27	--	12	9924	卖盘
14:19:54	8.27	-0.01	13	10751	卖盘
14:19:42	8.28	--	10	8280	买盘
14:19:33	8.28	--	18	14903	买盘
14:19:30	8.28	--	47	38916	买盘
14:19:24	8.28	0.01	2	1655	买盘
14:19:21	8.27	-0.01	5	4135	卖盘
14:19:18	8.28	--	2	1655	买盘
14:19:15	8.28	--	20	16560	买盘
14:19:12	8.28	--	20	16560	买盘
14:19:09	8.28	--	11	9108	买盘
14:19:06	8.28	--	8	6623	买盘
14:19:00	8.28	--	20	16560	买盘
14:18:57	8.28	--	5	4140	买盘
14:18:54	8.28	--	12	9936	买盘
14:18:48	8.28	--	55	45540	买盘
14:18:45	8.28	-0.01	219	181332	卖盘
14:18:36	8.29	--	1	828	买盘
14:18:30	8.29	0.01	10	8290	买盘
14:18:18	8.28	--	5	4140	卖盘
14:18:00	8.28	--	1	827	买盘
14:17:57	8.28	--	20	16560	买盘
14:17:48	8.28	--	33	27323	买盘
14:17:45	8.28	--	18	14903	买盘
14:17:36	8.28	--	18	14903	买盘
14:17:30	8.28	--	2	1655	买盘
14:17:27	8.28	--	31	25667	买盘
14:17:24	8.28	--	42	34776	买盘
14:17:18	8.28	--	10	8280	买盘
14:17:15	8.28	0.01	2	1655	买盘
14:17:00	8.27	--	5	4135	卖盘
14:16:57	8.27	--	7	5789	卖盘
14:16:54	8.27	0.01	410	339070	中性盘
14:16:45	8.26	-0.01	480	396480	卖盘
14:16:33	8.27	-0.01	20	16540	卖盘
14:16:27	8.28	--	38	31463	卖盘
14:16:24	8.28	0.01	112	92736	买盘
14:16:18	8.27	-0.01	25	20675	卖盘
14:16:15	8.28	--	14	11592	买盘
14:16:12	8.28	0.01	24	19872	买盘
14:16:09	8.27	-0.01	562	464774	卖盘
14:16:06	8.28	--	20	16560	买盘
14:16:00	8.28	--	5	4140	买盘
14:15:57	8.28	--	72	59615	买盘
14:15:48	8.28	--	97	80316	买盘
14:15:45	8.28	--	5	4140	买盘
14:15:36	8.28	0.01	2	1655	买盘
14:15:27	8.27	--	400	330800	卖盘
14:15:15	8.27	--	178	147206	买盘
14:15:12	8.27	0.01	44	36388	买盘
14:15:09	8.26	-0.01	23	18998	卖盘
14:15:06	8.27	--	100	82700	买盘
14:15:03	8.27	--	11	9097	买盘
14:14:51	8.27	--	48	39696	买盘
14:14:45	8.27	0.01	5	4135	买盘
14:14:36	8.26	-0.01	80	66080	卖盘
14:14:33	8.27	--	225	186075	卖盘
14:14:18	8.27	--	424	350648	买盘
14:14:12	8.27	0.01	32	26464	买盘
14:14:09	8.26	--	100	82600	卖盘
14:13:57	8.26	--	138	113988	买盘
14:13:54	8.26	0.01	100	82600	买盘
14:13:51	8.25	-0.01	102	84150	卖盘
14:13:48	8.26	--	200	165200	买盘
14:13:39	8.26	0.01	2	1652	买盘
14:13:27	8.25	--	35	28875	买盘
14:13:21	8.25	--	5	4125	买盘
14:13:00	8.25	--	2	1650	卖盘
14:12:57	8.25	--	20	16500	卖盘
14:12:54	8.25	-0.01	71	58575	卖盘
14:12:48	8.26	--	1	826	买盘
14:12:30	8.26	0.01	40	33040	买盘
14:12:24	8.25	--	83	68475	买盘
14:12:21	8.25	--	537	443025	卖盘
14:12:18	8.25	--	18	14850	卖盘
14:12:06	8.25	--	298	245850	卖盘
14:11:57	8.25	--	3	2475	卖盘
14:11:54	8.25	--	10	8250	卖盘
14:11:51	8.25	-0.01	55	45375	卖盘
14:11:48	8.26	--	10	8260	买盘
14:11:45	8.26	0.01	2	1652	买盘
14:11:42	8.25	--	292	240900	卖盘
14:11:36	8.25	-0.01	200	165000	卖盘
14:11:24	8.26	0.01	3	2478	买盘
14:11:06	8.25	-0.01	3	2475	卖盘
14:11:03	8.26	--	1	826	买盘
14:10:51	8.26	-0.01	202	166852	卖盘
14:10:42	8.27	0.01	37	30599	买盘
14:10:39	8.26	--	30	24780	卖盘
14:10:33	8.26	--	9	7434	卖盘
14:10:30	8.26	--	60	49560	卖盘
14:10:27	8.26	--	11	9086	卖盘
14:10:12	8.26	--	8	6608	卖盘
14:09:51	8.26	--	52	42952	卖盘
14:09:48	8.26	--	49	40474	买盘
14:09:42	8.26	--	10	8260	卖盘
14:09:39	8.26	--	2	1652	卖盘
14:09:33	8.26	--	328	270928	买盘
14:09:24	8.26	0.01	10	8260	买盘
14:09:21	8.25	-0.01	235	193875	卖盘
14:09:18	8.26	--	10	8260	买盘
14:09:03	8.26	--	15	12390	买盘
14:09:00	8.26	--	30	24780	买盘
14:08:57	8.26	--	1	826	买盘
14:08:54	8.26	--	10	8260	买盘
14:08:51	8.26	--	30	24780	买盘
14:08:42	8.26	--	10	8260	买盘
14:08:33	8.26	--	315	260190	卖盘
14:08:27	8.26	-0.01	300	247800	卖盘
14:08:21	8.27	--	66	54582	买盘
14:08:18	8.27	--	100	82700	买盘
14:08:06	8.27	--	30	24810	买盘
14:07:57	8.27	0.01	5	4135	买盘
14:07:54	8.26	-0.01	13	10738	卖盘
14:07:45	8.27	--	33	27291	买盘
14:07:39	8.27	--	14	11578	卖盘
14:07:27	8.27	-0.01	7	5789	中性盘
14:07:21	8.28	--	108	89424	买盘
14:07:12	8.28	0.01	20	16560	买盘
14:07:06	8.27	-0.01	5	4135	卖盘
14:06:57	8.28	0.01	10	8280	买盘
14:06:54	8.27	-0.01	46	38042	卖盘
14:06:27	8.28	0.01	15	12419	买盘
14:06:24	8.27	--	7	5789	卖盘
14:06:21	8.27	-0.01	5	4135	卖盘
14:06:09	8.28	--	10	8280	买盘
14:06:00	8.28	0.01	2	1655	买盘
14:05:57	8.27	--	14	11578	卖盘
14:05:54	8.27	--	6	4962	卖盘
14:05:24	8.27	--	7	5789	卖盘
14:05:06	8.27	--	505	417635	卖盘
14:04:54	8.27	-0.01	6	4962	卖盘
14:04:45	8.28	0.01	100	82800	买盘
14:04:12	8.27	--	49	40523	买盘
14:04:03	8.27	--	2	1654	买盘
14:03:57	8.27	--	9	7443	买盘
14:03:45	8.27	--	30	24810	买盘
14:03:42	8.27	--	20	16540	买盘
14:03:30	8.27	--	10	8270	买盘
14:03:24	8.27	-0.01	1261	1042847	卖盘
14:03:12	8.28	--	112	92736	买盘
14:03:00	8.28	0.01	110	91080	买盘
14:02:57	8.27	--	9	7443	卖盘
14:02:54	8.27	-0.01	1	827	卖盘
14:02:51	8.28	--	50	41400	买盘
14:02:42	8.28	--	50	41400	买盘
14:02:36	8.28	--	20	16560	买盘
14:02:30	8.28	--	50	41400	买盘
14:02:27	8.28	0.01	20	16560	买盘
14:02:24	8.27	--	3	2481	卖盘
14:02:15	8.27	-0.01	97	80219	卖盘
14:02:12	8.28	--	2	1655	买盘
14:02:09	8.28	--	2	1655	买盘
14:01:39	8.28	--	85	70380	买盘
14:01:33	8.28	--	17	14075	买盘
14:01:12	8.28	0.01	100	82800	买盘
14:01:09	8.27	--	5	4135	卖盘
14:01:06	8.27	-0.01	25	20675	卖盘
14:01:03	8.28	--	15	12419	买盘
14:00:15	8.28	--	2	1655	买盘
14:00:12	8.28	--	102	84456	卖盘
14:00:09	8.28	--	31	25667	卖盘
14:00:03	8.28	--	4	3311	买盘
13:59:57	8.28	--	100	82800	买盘
13:59:54	8.28	0.01	50	41400	买盘
13:59:30	8.27	-0.01	5	4135	卖盘
13:59:27	8.28	--	10	8280	买盘
13:59:24	8.28	--	10	8280	买盘
13:59:18	8.28	--	10	8280	买盘
13:59:15	8.28	-0.01	426	352728	卖盘
13:58:42	8.29	--	32	26527	买盘
13:58:18	8.29	0.01	2	1657	买盘
13:58:09	8.28	-0.01	1	827	卖盘
13:58:06	8.29	0.01	10	8290	买盘
13:57:39	8.28	--	234	193751	买盘
13:57:12	8.28	--	1	827	买盘
13:57:03	8.28	--	100	82800	买盘
13:57:00	8.28	--	1	827	买盘
13:56:57	8.28	--	5	4140	买盘
13:56:54	8.28	--	5	4140	买盘
13:56:24	8.28	--	2	1655	买盘
13:56:15	8.28	--	34	28151	买盘
13:56:09	8.28	0.01	8	6623	买盘
13:55:48	8.27	--	5	4135	卖盘
13:55:06	8.27	--	1	827	卖盘
13:55:00	8.27	--	5	4135	卖盘
13:54:36	8.27	-0.01	3	2481	卖盘
13:54:30	8.28	0.01	2	1655	买盘
13:54:24	8.27	-0.01	7	5789	卖盘
13:54:18	8.28	0.01	32	26495	买盘
13:54:00	8.27	--	50	41350	卖盘
13:53:54	8.27	--	5	4135	卖盘
13:53:42	8.27	--	3	2481	卖盘
13:53:24	8.27	--	7	5789	卖盘
13:52:54	8.27	--	27	22329	卖盘
13:52:45	8.27	-0.01	9	7443	卖盘
13:52:33	8.28	0.01	2	1655	买盘
13:52:24	8.27	--	30	24810	卖盘
13:51:48	8.27	-0.01	4	3308	卖盘
13:51:33	8.28	0.01	13	10764	买盘
13:51:30	8.27	-0.01	10	8270	卖盘
13:51:06	8.28	--	22	18216	买盘
13:50:54	8.28	--	10	8280	买盘
13:50:42	8.28	--	96	79488	买盘
13:50:39	8.28	0.01	2	1655	买盘
13:49:54	8.27	--	80	66160	买盘
13:49:45	8.27	--	36	29772	卖盘
13:49:15	8.27	--	5	4135	卖盘
13:48:54	8.27	--	5	4135	卖盘
13:48:45	8.27	-0.01	3	2481	卖盘
13:48:39	8.28	0.01	16	13247	买盘
13:48:27	8.27	-0.01	30	24810	卖盘
13:48:15	8.28	0.01	9	7451	买盘
13:47:54	8.27	--	32	26464	卖盘
13:47:24	8.27	-0.01	30	24810	卖盘
13:47:06	8.28	0.01	100	82800	买盘
13:47:03	8.27	-0.01	10	8270	卖盘
13:46:48	8.28	--	2	1655	买盘
13:46:30	8.28	0.01	32	26495	买盘
13:46:24	8.27	--	11	9097	卖盘
13:46:09	8.27	-0.01	10	8270	卖盘
13:45:54	8.28	0.01	20	16560	买盘
13:45:15	8.27	-0.01	1	827	卖盘
13:44:54	8.28	--	2	1655	买盘
13:44:27	8.28	--	5	4140	买盘
13:44:06	8.28	--	3	2484	买盘
13:43:54	8.28	--	5	4140	卖盘
13:43:24	8.28	-0.01	13	10764	卖盘
13:42:57	8.29	0.01	53	43936	买盘
13:42:54	8.28	--	13	10764	卖盘
13:42:48	8.28	-0.01	50	41400	卖盘
13:42:45	8.29	0.01	11	9118	买盘
13:42:27	8.28	--	6	4968	卖盘
13:42:24	8.28	--	13	10764	卖盘
13:42:03	8.28	--	300	248399	卖盘
13:41:54	8.28	--	13	10764	卖盘
13:41:42	8.28	--	31	25667	卖盘
13:41:39	8.28	--	14	11592	买盘
13:41:24	8.28	--	10	8280	卖盘
13:41:21	8.28	-0.01	5	4140	卖盘
13:41:03	8.29	--	2	1657	买盘
13:40:18	8.29	--	13	10776	买盘
13:40:09	8.29	--	20	16580	买盘
13:40:03	8.29	0.01	93	77096	买盘
13:39:57	8.28	--	10	8280	卖盘
13:39:54	8.28	--	6	4968	卖盘
13:39:51	8.28	--	200	165600	卖盘
13:39:30	8.28	--	5	4140	卖盘
13:39:24	8.28	--	7	5796	卖盘
13:39:18	8.28	-0.01	1	827	卖盘
13:39:15	8.29	--	10	8290	买盘
13:39:09	8.29	--	2	1657	买盘
13:39:06	8.29	0.01	73	60516	买盘
13:38:54	8.28	-0.01	18	14903	卖盘
13:38:48	8.29	--	12	9947	买盘
13:38:33	8.29	0.01	30	24869	买盘
13:38:24	8.28	-0.01	5	4140	卖盘
13:38:21	8.29	--	3	2486	买盘
13:38:03	8.29	0.01	10	8290	买盘
13:37:57	8.28	--	1	827	卖盘
13:37:54	8.28	-0.01	6	4968	卖盘
13:37:36	8.29	0.01	13	10776	买盘
13:37:24	8.28	--	119	98531	买盘
13:37:21	8.28	--	48	39744	买盘
13:37:15	8.28	--	2	1655	买盘
13:37:09	8.28	0.01	3	2484	买盘
13:36:45	8.27	-0.01	1	827	卖盘
13:36:42	8.28	--	101	83628	买盘
13:36:21	8.28	--	10	8280	买盘
13:36:18	8.28	--	11	9108	买盘
13:36:06	8.28	--	1	827	买盘
13:35:57	8.28	0.01	10	8280	买盘
13:35:42	8.27	--	5	4135	卖盘
13:35:33	8.27	--	173	143071	买盘
13:35:30	8.27	--	10	8270	买盘
13:35:21	8.27	--	3	2481	买盘
13:35:18	8.27	--	2	1654	买盘
13:35:12	8.27	--	36	29772	买盘
13:35:09	8.27	--	10	8270	买盘
13:35:06	8.27	--	1	827	卖盘
13:35:03	8.27	--	98	81046	买盘
13:34:54	8.27	--	56	46312	买盘
13:34:51	8.27	--	20	16540	买盘
13:34:36	8.27	-0.01	75	62025	中性盘
13:34:15	8.28	0.01	50	41400	买盘
13:34:00	8.27	--	215	177805	卖盘
13:33:54	8.27	--	57	47139	卖盘
13:33:51	8.27	-0.01	3	2481	卖盘
13:33:24	8.28	--	2	1655	买盘
13:33:06	8.28	--	10	8280	买盘
13:33:03	8.28	--	81	67068	买盘
13:32:57	8.28	0.01	651	539028	买盘
13:32:42	8.27	--	3	2481	卖盘
13:32:30	8.27	--	3	2481	卖盘
13:32:12	8.27	-0.01	1	827	卖盘
13:32:09	8.28	--	1	827	买盘
13:31:51	8.28	--	127	105155	买盘
13:31:27	8.28	--	33	27323	买盘
13:31:06	8.28	--	114	94391	卖盘
13:30:54	8.28	--	2	1655	卖盘
13:30:42	8.28	--	4	3311	卖盘
13:30:12	8.28	--	20	16560	卖盘
13:30:09	8.28	0.01	326	269928	买盘
13:30:03	8.27	--	20	16540	卖盘
13:29:57	8.27	--	6	4962	卖盘
13:29:54	8.27	-0.01	5	4135	卖盘
13:29:39	8.28	0.01	5	4140	买盘
13:29:36	8.27	-0.01	5	4135	卖盘
13:29:33	8.28	0.01	2	1655	买盘
13:29:30	8.27	--	13	10751	卖盘
13:29:24	8.27	--	7	5789	卖盘
13:29:15	8.27	--	4	3308	卖盘
13:28:54	8.27	--	26	21502	卖盘
13:28:45	8.27	--	200	165400	卖盘
13:28:24	8.27	-0.01	27	22329	卖盘
13:28:09	8.28	0.01	1	827	买盘
13:27:54	8.27	--	2	1654	卖盘
13:27:42	8.27	-0.01	20	16540	卖盘
13:27:39	8.28	0.01	2	1655	买盘
13:27:24	8.27	--	1	827	卖盘
13:27:12	8.27	--	11	9097	卖盘
13:27:03	8.27	--	5	4135	卖盘
13:26:57	8.27	--	10	8270	卖盘
13:26:48	8.27	-0.01	11	9097	卖盘
13:25:45	8.28	--	2	1655	买盘
13:25:36	8.28	--	1	827	买盘
13:25:18	8.28	--	5	4140	买盘
13:25:09	8.28	--	5	4140	卖盘
13:24:54	8.28	--	5	4140	卖盘
13:24:42	8.28	--	10	8280	卖盘
13:24:39	8.28	0.01	11	9108	买盘
13:24:27	8.27	-0.01	9	7443	卖盘
13:23:57	8.28	--	5	4140	买盘
13:23:54	8.28	--	5	4140	买盘
13:23:48	8.28	--	2	1655	买盘
13:23:42	8.28	--	52	43056	买盘
13:23:18	8.28	0.01	64	52991	买盘
13:23:00	8.27	--	5	4135	卖盘
13:22:57	8.27	--	5	4135	买盘
13:22:54	8.27	--	50	41350	买盘
13:22:42	8.27	0.01	10	8270	买盘
13:22:15	8.26	--	26	21476	卖盘
13:22:06	8.26	-0.01	50	41300	卖盘
13:21:54	8.27	0.01	2	1654	买盘
13:21:48	8.26	-0.01	5	4130	卖盘
13:21:45	8.27	0.01	72	59544	买盘
13:21:42	8.26	-0.01	6	4956	卖盘
13:21:15	8.27	-0.01	116	95932	卖盘
13:20:54	8.28	--	12	9936	卖盘
13:20:45	8.28	--	8	6623	买盘
13:20:33	8.28	--	7	5796	买盘
13:20:30	8.28	--	10	8280	买盘
13:19:57	8.28	--	14	11592	卖盘
13:19:48	8.28	--	10	8280	卖盘
13:19:15	8.28	--	15	12419	卖盘
13:18:54	8.28	--	100	82800	卖盘
13:18:30	8.28	-0.01	5	4140	卖盘
13:18:03	8.29	--	2	1657	买盘
13:17:51	8.29	--	7	5802	买盘
13:17:21	8.29	--	20	16580	买盘
13:17:15	8.29	0.01	5	4145	买盘
13:17:00	8.28	-0.01	25	20700	卖盘
13:16:45	8.29	0.01	5	4145	买盘
13:16:42	8.28	--	20	16560	卖盘
13:16:21	8.28	--	2	1655	卖盘
13:16:15	8.28	--	126	104327	买盘
13:16:09	8.28	0.01	2	1655	买盘
13:15:57	8.27	--	10	8270	卖盘
13:15:48	8.27	--	52	43004	卖盘
13:15:36	8.27	--	1	827	卖盘
13:14:54	8.27	-0.01	28	23156	卖盘
13:14:12	8.28	0.01	2	1655	买盘
13:14:09	8.27	--	5	4135	卖盘
13:13:51	8.27	0.01	1	827	中性盘
13:13:27	8.26	--	50	41300	卖盘
13:13:24	8.26	--	3	2478	卖盘
13:13:21	8.26	-0.01	100	82600	卖盘
13:13:18	8.27	0.01	3	2481	买盘
13:13:12	8.26	--	4	3304	卖盘
13:13:06	8.26	-0.01	10	8260	卖盘
13:13:03	8.27	--	26	21502	买盘
13:12:54	8.27	--	10	8270	买盘
13:12:48	8.27	--	80	66160	卖盘
13:12:27	8.27	-0.01	5	4135	卖盘
13:12:18	8.28	--	2	1655	买盘
13:12:03	8.28	--	3	2484	买盘
13:11:42	8.28	0.01	25	20700	买盘
13:10:30	8.27	--	12	9924	买盘
13:10:24	8.27	0.01	2	1654	买盘
13:10:12	8.26	--	16	13216	卖盘
13:09:48	8.26	-0.01	80	66080	卖盘
13:09:45	8.27	0.01	8	6616	买盘
13:09:42	8.26	-0.01	491	405566	卖盘
13:09:24	8.27	--	104	86008	买盘
13:09:21	8.27	--	46	38042	买盘
13:09:18	8.27	--	12	9924	买盘
13:09:06	8.27	0.01	22	18194	买盘
13:08:54	8.26	-0.01	21	17346	卖盘
13:08:48	8.27	--	4	3308	买盘
13:08:27	8.27	0.01	2	1654	买盘
13:08:15	8.26	-0.01	9	7434	卖盘
13:08:12	8.27	--	20	16540	买盘
13:08:03	8.27	0.01	38	31426	买盘
13:07:30	8.26	-0.01	12	9912	卖盘
13:07:27	8.27	--	10	8270	买盘
13:07:15	8.27	-0.01	494	408538	卖盘
13:06:54	8.28	-0.01	6	4968	卖盘
13:06:33	8.29	--	12	9947	买盘
13:06:00	8.29	0.01	28	23211	买盘
13:05:54	8.28	-0.01	8	6623	卖盘
13:04:39	8.29	0.01	2	1657	买盘
13:04:03	8.28	--	2	1655	买盘
13:03:30	8.28	--	5	4140	买盘
13:03:15	8.28	-0.01	1	827	卖盘
13:02:42	8.29	0.01	2	1657	买盘
13:02:36	8.28	--	9	7451	买盘
13:02:33	8.28	--	20	16560	买盘
13:02:24	8.28	--	61	50507	买盘
13:02:09	8.28	--	5	4140	买盘
13:01:54	8.28	--	10	8280	买盘
13:01:39	8.28	--	21	17388	卖盘
13:00:57	8.28	--	59	48851	买盘
13:00:48	8.28	0.01	2	1655	买盘
13:00:42	8.27	--	4	3308	卖盘
13:00:09	8.27	-0.01	13	10751	卖盘
13:00:06	8.28	--	31	25667	买盘
13:00:03	8.28	--	0	0	买盘
11:30:03	8.28	--	0	0	买盘
11:29:48	8.28	0.01	12	9936	买盘
11:29:33	8.27	--	10	8270	卖盘
11:29:24	8.27	--	9	7443	卖盘
11:28:51	8.27	--	30	24810	卖盘
11:28:48	8.27	-0.01	6	4962	卖盘
11:28:39	8.28	0.01	15	12419	买盘
11:27:51	8.27	-0.01	33	27291	卖盘
11:27:42	8.28	--	15	12419	买盘
11:27:24	8.28	--	6	4968	买盘
11:26:51	8.28	--	2	1655	买盘
11:26:48	8.28	0.01	3	2484	买盘
11:26:21	8.27	--	20	16540	卖盘
11:25:42	8.27	--	20	16540	卖盘
11:25:36	8.27	--	9	7443	买盘
11:25:33	8.27	--	10	8270	买盘
11:25:27	8.27	--	5	4135	买盘
11:25:09	8.27	--	6	4962	买盘
11:25:03	8.27	--	15	12405	买盘
11:25:00	8.27	--	33	27291	买盘
11:24:57	8.27	0.01	32	26464	买盘
11:24:54	8.26	--	3	2478	卖盘
11:24:51	8.26	--	20	16520	卖盘
11:24:24	8.26	--	15	12390	卖盘
11:24:21	8.26	--	10	8260	卖盘
11:23:54	8.26	--	5	4130	卖盘
11:23:24	8.26	-0.01	3	2478	卖盘
11:23:03	8.27	0.01	2	1654	买盘
11:22:54	8.26	-0.01	101	83426	中性盘
11:22:39	8.27	0.01	9	7443	买盘
11:22:30	8.26	--	342	282492	卖盘
11:21:57	8.26	--	30	24780	卖盘
11:21:54	8.26	--	25	20650	卖盘
11:21:36	8.26	--	200	165200	卖盘
11:21:24	8.26	-0.01	25	20650	卖盘
11:21:18	8.27	-0.01	63	52101	卖盘
11:21:09	8.28	--	1	827	买盘
11:21:06	8.28	--	2	1655	买盘
11:20:57	8.28	0.01	5	4140	买盘
11:20:54	8.27	--	9	7443	卖盘
11:20:24	8.27	--	16	13232	卖盘
11:20:21	8.27	--	2	1654	卖盘
11:20:09	8.27	-0.01	100	82700	卖盘
11:19:57	8.28	0.01	7	5796	买盘
11:19:54	8.27	-0.01	5	4135	卖盘
11:19:12	8.28	0.01	2	1655	买盘
11:19:03	8.27	--	10	8270	卖盘
11:18:36	8.27	--	1	827	卖盘
11:18:21	8.27	-0.01	2	1654	卖盘
11:17:54	8.28	-0.01	35	28979	卖盘
11:17:48	8.29	--	27	22382	买盘
11:17:18	8.29	0.01	2	1657	买盘
11:17:09	8.28	--	30	24839	卖盘
11:17:03	8.28	-0.01	28	23184	卖盘
11:16:51	8.29	--	13	10776	买盘
11:16:39	8.29	--	31	25698	买盘
11:16:27	8.29	--	10	8290	买盘
11:15:21	8.29	--	2	1657	买盘
11:15:09	8.29	--	3	2486	买盘
11:15:03	8.29	--	32	26527	卖盘
11:14:30	8.29	--	23	19066	卖盘
11:14:15	8.29	--	2	1657	卖盘
11:14:12	8.29	--	35	29014	卖盘
11:14:06	8.29	--	15	12434	卖盘
11:13:54	8.29	--	30	24869	卖盘
11:13:51	8.29	--	75	62174	卖盘
11:13:39	8.29	--	1	828	卖盘
11:13:36	8.29	0.01	151	125178	买盘
11:13:27	8.28	--	10	8280	卖盘
11:13:24	8.28	--	7	5796	卖盘
11:13:18	8.28	-0.01	14	11592	卖盘
11:13:12	8.29	0.01	31	25698	买盘
11:13:06	8.28	--	10	8280	卖盘
11:12:48	8.28	--	30	24839	卖盘
11:12:42	8.28	--	3	2484	卖盘
11:12:12	8.28	--	10	8280	卖盘
11:11:57	8.28	--	1	827	卖盘
11:11:33	8.28	--	217	179676	卖盘
11:11:12	8.28	-0.01	100	82800	卖盘
11:11:09	8.29	--	63	52226	卖盘
11:11:06	8.29	--	2	1657	卖盘
11:10:54	8.29	--	16	13263	卖盘
11:10:45	8.29	--	23	19066	卖盘
11:10:33	8.29	--	7	5802	卖盘
11:10:30	8.29	--	20	16580	卖盘
11:10:27	8.29	--	16	13263	卖盘
11:10:12	8.29	--	4	3315	卖盘
11:10:09	8.29	--	20	16580	卖盘
11:09:57	8.29	-0.01	15	12434	卖盘
11:09:54	8.3	--	5	4150	买盘
11:09:36	8.3	--	2	1660	买盘
11:09:33	8.3	--	2	1660	买盘
11:09:06	8.3	--	3	2490	买盘
11:08:51	8.3	0.01	37	30710	买盘
11:08:45	8.29	-0.01	8	6631	卖盘
11:08:42	8.3	--	36	29880	买盘
11:08:12	8.3	--	1	830	买盘
11:07:42	8.3	--	2	1660	买盘
11:07:36	8.3	0.01	15	12450	买盘
11:07:00	8.29	--	17	14092	卖盘
11:06:51	8.29	--	10	8290	卖盘
11:06:45	8.29	-0.01	229	189840	卖盘
11:06:12	8.3	--	7	5810	买盘
11:05:45	8.3	--	2	1660	买盘
11:05:39	8.3	--	110	91300	买盘
11:05:27	8.3	--	1	830	买盘
11:04:57	8.3	0.01	50	41500	买盘
11:04:54	8.29	-0.01	30	24869	卖盘
11:04:12	8.3	--	1	830	买盘
11:03:51	8.3	--	2	1660	买盘
11:03:09	8.3	0.01	29	24070	买盘
11:02:48	8.29	-0.01	17	14092	卖盘
11:02:33	8.3	--	11	9130	卖盘
11:02:30	8.3	--	8	6640	卖盘
11:01:57	8.3	--	101	83830	卖盘
11:01:39	8.3	-0.01	37	30710	卖盘
11:01:12	8.31	--	10	8310	买盘
11:01:06	8.31	--	75	62325	卖盘
11:00:33	8.31	--	1	831	卖盘
11:00:30	8.31	0.01	147	122157	买盘
11:00:15	8.3	--	193	160190	买盘
11:00:12	8.3	--	210	174300	买盘
11:00:03	8.3	--	2	1660	买盘
10:59:57	8.3	0.01	37	30710	买盘
10:59:54	8.29	--	6	4973	卖盘
10:59:24	8.29	-0.01	7	5802	卖盘
10:59:15	8.3	--	7	5810	买盘
10:59:03	8.3	0.01	22	18260	买盘
10:59:00	8.29	-0.01	1	828	卖盘
10:58:54	8.3	--	16	13280	买盘
10:58:51	8.3	0.01	60	49800	买盘
10:58:24	8.29	--	7	5802	卖盘
10:58:15	8.29	--	12	9947	卖盘
10:58:12	8.29	--	1	828	卖盘
10:58:09	8.29	--	164	135956	买盘
10:58:06	8.29	--	120	99479	买盘
10:57:51	8.29	--	25	20724	买盘
10:57:36	8.29	--	14	11605	买盘
10:57:06	8.29	--	39	32330	买盘
10:57:00	8.29	0.01	11	9118	买盘
10:56:45	8.28	--	2	1655	卖盘
10:56:30	8.28	--	196	162288	买盘
10:56:12	8.28	0.01	2	1655	买盘
10:56:06	8.27	--	4	3308	卖盘
10:55:45	8.27	--	2	1654	卖盘
10:55:30	8.27	-0.01	19	15713	卖盘
10:55:15	8.28	0.01	44	36432	买盘
10:55:03	8.27	-0.01	18	14886	卖盘
10:54:51	8.28	--	25	20700	买盘
10:54:42	8.28	--	15	12419	买盘
10:54:36	8.28	--	10	8280	买盘
10:54:30	8.28	--	13	10764	买盘
10:54:27	8.28	--	6	4968	买盘
10:54:15	8.28	--	2	1655	买盘
10:54:06	8.28	--	18	14903	买盘
10:53:57	8.28	--	32	26495	买盘
10:53:54	8.28	--	288	238463	买盘
10:53:42	8.28	0.01	9	7451	买盘
10:53:24	8.27	-0.01	75	62025	卖盘
10:53:21	8.28	--	40	33120	买盘
10:52:54	8.28	0.01	52	43056	买盘
10:52:42	8.27	-0.01	41	33907	卖盘
10:52:30	8.28	0.01	4	3311	买盘
10:52:24	8.27	-0.01	10	8270	卖盘
10:52:21	8.28	0.01	2	1655	买盘
10:52:12	8.27	-0.01	50	41350	卖盘
10:52:00	8.28	--	37	30635	买盘
10:51:42	8.28	0.01	54	44712	买盘
10:51:39	8.27	--	5	4135	卖盘
10:51:24	8.27	--	7	5789	卖盘
10:51:12	8.27	-0.01	200	165400	卖盘
10:51:06	8.28	0.01	3	2484	买盘
10:50:54	8.27	-0.01	16	13232	卖盘
10:50:27	8.28	0.01	3	2484	买盘
10:50:24	8.27	--	7	5789	卖盘
10:49:54	8.27	--	6	4962	卖盘
10:49:27	8.27	--	5	4135	卖盘
10:49:24	8.27	--	2	1654	卖盘
10:48:54	8.27	-0.01	51	42177	卖盘
10:48:30	8.28	0.01	2	1655	买盘
10:48:24	8.27	-0.01	7	5789	卖盘
10:48:09	8.28	--	10	8280	买盘
10:48:00	8.28	--	6	4968	买盘
10:47:54	8.28	0.01	14	11592	买盘
10:47:24	8.27	--	5	4135	卖盘
10:47:18	8.27	--	1	827	卖盘
10:47:09	8.27	--	26	21502	买盘
10:47:06	8.27	--	20	16540	买盘
10:46:45	8.27	0.01	3	2481	买盘
10:46:39	8.26	-0.01	5	4130	卖盘
10:46:36	8.27	0.01	2	1654	买盘
10:46:33	8.26	--	13	10738	卖盘
10:46:24	8.26	--	1	826	卖盘
10:46:00	8.26	-0.01	20	16520	卖盘
10:45:54	8.27	--	93	76911	卖盘
10:45:51	8.27	--	22	18194	卖盘
10:45:45	8.27	-0.01	25	20675	卖盘
10:45:27	8.28	0.01	1	827	买盘
10:45:24	8.27	--	5	4135	卖盘
10:44:54	8.27	-0.01	18	14886	卖盘
10:44:42	8.28	--	2	1655	买盘
10:44:36	8.28	0.01	26	21528	买盘
10:44:30	8.27	--	2	1654	卖盘
10:44:09	8.27	0.01	90	74430	买盘
10:43:51	8.26	-0.01	22	18172	卖盘
10:43:48	8.27	0.01	10	8270	买盘
10:43:45	8.26	-0.01	1	826	卖盘
10:43:30	8.27	--	10	8270	买盘
10:43:03	8.27	--	37	30599	买盘
10:43:00	8.27	--	100	82700	买盘
10:42:54	8.27	--	10	8270	买盘
10:42:45	8.27	--	2	1654	买盘
10:42:42	8.27	0.01	20	16540	买盘
10:42:39	8.26	-0.01	97	80122	卖盘
10:42:36	8.27	0.01	13	10751	买盘
10:42:24	8.26	--	10	8260	卖盘
10:42:06	8.26	--	9	7434	卖盘
10:42:03	8.26	-0.01	14	11564	卖盘
10:42:00	8.27	0.01	3	2481	买盘
10:41:54	8.26	-0.01	3	2478	卖盘
10:41:39	8.27	0.01	15	12405	买盘
10:41:30	8.26	--	3	2478	卖盘
10:41:24	8.26	-0.01	3	2478	卖盘
10:41:09	8.27	--	2	1654	买盘
10:41:06	8.27	0.01	10	8270	买盘
10:40:51	8.26	-0.01	102	84252	卖盘
10:40:48	8.27	0.01	10	8270	买盘
10:40:42	8.26	--	24	19824	卖盘
10:40:33	8.26	--	5	4130	卖盘
10:40:30	8.26	--	250	206500	卖盘
10:40:27	8.26	--	4	3304	卖盘
10:40:24	8.26	--	33	27258	卖盘
10:40:21	8.26	-0.01	3	2478	卖盘
10:40:18	8.27	0.01	28	23156	买盘
10:40:12	8.26	--	101	83426	卖盘
10:39:54	8.26	-0.01	8	6608	卖盘
10:39:06	8.27	--	2	1654	买盘
10:38:57	8.27	0.01	2	1654	买盘
10:38:54	8.26	-0.01	9	7434	卖盘
10:38:27	8.27	0.01	20	16540	买盘
10:38:24	8.26	--	3	2478	卖盘
10:38:18	8.26	-0.01	12	9912	卖盘
10:37:51	8.27	0.01	7	5789	买盘
10:37:33	8.26	-0.01	118	97468	卖盘
10:37:21	8.27	--	94	77738	卖盘
10:37:15	8.27	--	74	61198	卖盘
10:37:06	8.27	-0.01	22	18194	卖盘
10:37:00	8.28	--	2	1655	买盘
10:36:57	8.28	0.01	5	4140	买盘
10:36:54	8.27	--	60	49620	卖盘
10:36:24	8.27	--	10	8270	卖盘
10:36:21	8.27	--	6	4962	卖盘
10:36:00	8.27	-0.01	20	16540	卖盘
10:35:57	8.28	--	10	8280	买盘
10:35:54	8.28	0.01	11	9108	买盘
10:35:24	8.27	--	12	9924	卖盘
10:35:18	8.27	-0.01	60	49620	卖盘
10:35:06	8.28	0.01	2	1655	买盘
10:34:54	8.27	-0.01	6	4962	卖盘
10:34:24	8.28	--	27	22356	买盘
10:34:06	8.28	--	52	43056	卖盘
10:34:03	8.28	--	79	65411	卖盘
10:33:54	8.28	-0.01	14	11592	卖盘
10:33:51	8.29	0.01	1	828	买盘
10:33:24	8.28	-0.01	15	12419	卖盘
10:33:12	8.29	--	3	2486	买盘
10:32:57	8.29	--	5	4145	买盘
10:32:51	8.29	0.01	5	4145	买盘
10:32:42	8.28	-0.01	20	16560	卖盘
10:32:36	8.29	0.01	5	4145	买盘
10:32:21	8.28	-0.01	6	4968	卖盘
10:32:09	8.29	0.01	5	4145	买盘
10:32:00	8.28	--	7	5796	卖盘
10:31:54	8.28	--	24	19872	卖盘
10:31:24	8.28	-0.01	18	14903	卖盘
10:31:15	8.29	0.01	2	1657	买盘
10:31:06	8.28	--	1	827	卖盘
10:30:24	8.28	-0.01	3	2484	卖盘
10:30:12	8.29	0.01	10	8290	买盘
10:30:03	8.28	--	11	9108	卖盘
10:30:00	8.28	--	10	8280	卖盘
10:29:36	8.28	-0.01	8	6623	卖盘
10:29:21	8.29	0.01	8	6631	买盘
10:29:18	8.28	-0.01	6	4968	卖盘
10:29:06	8.29	--	5	4145	买盘
10:28:21	8.29	--	4	3315	买盘
10:27:27	8.29	--	2	1657	买盘
10:27:18	8.29	--	9	7460	卖盘
10:27:09	8.29	-0.01	38	31501	卖盘
10:27:03	8.3	--	1	830	买盘
10:26:51	8.3	0.01	10	8300	买盘
10:26:48	8.29	--	3	2486	卖盘
10:26:33	8.29	--	50	41449	卖盘
10:26:12	8.29	0.02	236	195643	买盘
10:26:09	8.27	--	11	9097	买盘
10:26:06	8.27	--	37	30599	买盘
10:25:57	8.27	--	63	52101	买盘
10:25:54	8.27	--	10	8270	买盘
10:25:48	8.27	--	44	36388	买盘
10:25:42	8.27	0.01	20	16540	买盘
10:25:36	8.26	-0.01	100	82600	卖盘
10:25:30	8.27	--	7	5789	买盘
10:25:27	8.27	--	5	4135	买盘
10:25:12	8.27	--	2	1654	买盘
10:25:09	8.27	--	20	16540	买盘
10:25:03	8.27	--	5	4135	买盘
10:25:00	8.27	--	2	1654	买盘
10:24:57	8.27	--	10	8270	买盘
10:24:51	8.27	--	10	8270	买盘
10:24:42	8.27	--	11	9097	卖盘
10:24:39	8.27	-0.01	24	19848	中性盘
10:24:15	8.28	--	5	4140	买盘
10:24:12	8.28	0.01	50	41400	买盘
10:24:06	8.27	0.01	15	12405	中性盘
10:24:00	8.26	-0.01	211	174286	卖盘
10:23:51	8.27	-0.01	9	7443	卖盘
10:23:36	8.28	--	2	1655	买盘
10:23:30	8.28	0.01	28	23184	买盘
10:23:12	8.27	--	50	41350	卖盘
10:23:06	8.27	--	30	25215	买盘
10:23:03	8.27	--	3	2481	买盘
10:23:00	8.27	--	124	102548	买盘
10:22:54	8.27	--	30	24810	买盘
10:22:39	8.27	0.01	32	26464	买盘
10:22:30	8.26	--	35	28910	卖盘
10:22:27	8.26	-0.01	22	18172	卖盘
10:22:15	8.27	0.01	100	82700	买盘
10:22:06	8.26	-0.01	21	17346	卖盘
10:22:03	8.27	0.01	5	4135	买盘
10:21:48	8.26	-0.01	14	11564	卖盘
10:21:39	8.27	0.01	22	18194	买盘
10:21:36	8.26	--	90	74340	买盘
10:21:30	8.26	--	50	41300	买盘
10:21:27	8.26	--	5	4130	买盘
10:21:18	8.26	--	22	18172	买盘
10:21:15	8.26	--	83	68558	卖盘
10:21:03	8.26	--	60	49560	卖盘
10:21:00	8.26	0.01	12	9912	中性盘
10:20:45	8.25	-0.01	30	24750	卖盘
10:20:39	8.26	-0.01	100	82600	卖盘
10:20:33	8.27	0.01	15	12405	买盘
10:20:27	8.26	0.01	101	83426	买盘
10:20:21	8.25	-0.01	10	8250	卖盘
10:20:18	8.26	--	4	3304	买盘
10:20:12	8.26	--	16	13216	买盘
10:20:09	8.26	--	3	2478	买盘
10:20:00	8.26	--	4	3304	买盘
10:19:54	8.26	--	10	8260	买盘
10:19:45	8.26	--	2	1652	买盘
10:19:39	8.26	--	4	3304	买盘
10:19:33	8.26	--	41	33866	买盘
10:19:24	8.26	--	6	4956	买盘
10:19:21	8.26	--	6	4956	买盘
10:19:00	8.26	--	39	32214	卖盘
10:18:48	8.26	--	3	2478	卖盘
10:18:45	8.26	--	1	826	卖盘
10:18:18	8.26	-0.01	23	18998	卖盘
10:18:12	8.27	--	146	121163	卖盘
10:18:03	8.27	--	15	12405	卖盘
10:17:54	8.27	0.01	138	114531	买盘
10:17:51	8.26	--	2	1652	买盘
10:17:48	8.26	--	36	29736	买盘
10:17:45	8.26	--	34	28084	买盘
10:17:39	8.26	--	80	66080	买盘
10:17:33	8.26	-0.01	238	197009	卖盘
10:17:27	8.27	0.01	10	8270	买盘
10:17:21	8.26	-0.01	10	8260	卖盘
10:17:12	8.27	--	18	14886	买盘
10:17:00	8.27	-0.01	95	78565	卖盘
10:16:57	8.28	--	97	80316	卖盘
10:16:18	8.28	-0.01	100	82800	卖盘
10:16:15	8.29	0.01	30	24869	买盘
10:16:06	8.28	0.01	701	580428	买盘
10:15:54	8.27	0.01	3	2481	买盘
10:15:51	8.26	--	1	826	卖盘
10:15:36	8.26	--	2	2056	买盘
10:15:24	8.26	--	55	45851	卖盘
10:15:06	8.26	--	181	149910	买盘
10:15:00	8.26	--	4	3304	买盘
10:14:57	8.26	0.01	6	4956	买盘
10:14:54	8.25	-0.01	24	19800	卖盘
10:14:45	8.26	--	43	35518	买盘
10:14:42	8.26	--	2	1652	买盘
10:14:39	8.26	--	53	43778	买盘
10:14:36	8.26	--	3	2478	买盘
10:14:33	8.26	--	20	16520	买盘
10:14:27	8.26	--	7	5782	买盘
10:14:24	8.26	--	70	58241	卖盘
10:14:18	8.26	--	29	24358	买盘
10:14:15	8.26	--	54	44604	买盘
10:14:12	8.26	--	2	1652	买盘
10:14:09	8.26	--	30	24780	买盘
10:14:03	8.26	--	9	7434	买盘
10:14:00	8.26	--	2	1652	买盘
10:13:54	8.26	--	67	55763	卖盘
10:13:51	8.26	--	6	4956	卖盘
10:13:36	8.26	--	13	11142	卖盘
10:13:09	8.26	0.01	172	142072	买盘
10:13:06	8.25	--	76	62700	卖盘
10:13:00	8.25	-0.01	4	3300	卖盘
10:12:57	8.26	0.01	19	15694	买盘
10:12:54	8.25	-0.01	14	11550	卖盘
10:12:51	8.26	--	10	8260	买盘
10:12:48	8.26	--	17	14042	买盘
10:12:42	8.26	--	10	8260	买盘
10:12:33	8.26	--	6	4956	买盘
10:12:27	8.26	0.01	6	4956	买盘
10:12:24	8.25	-0.01	27	22275	卖盘
10:12:21	8.26	--	10	8260	买盘
10:12:15	8.26	--	3	2478	买盘
10:12:12	8.26	--	10	8260	买盘
10:12:09	8.26	--	176	145376	卖盘
10:12:06	8.26	--	5	4130	卖盘
10:12:00	8.26	--	7	5782	卖盘
10:11:57	8.26	--	3	2478	卖盘
10:11:54	8.26	-0.01	7	5782	卖盘
10:11:48	8.27	--	5	4135	买盘
10:11:42	8.27	--	6	4962	买盘
10:11:39	8.27	--	5	4135	买盘
10:11:33	8.27	--	14	11578	买盘
10:11:27	8.27	0.01	6	4962	买盘
10:11:24	8.26	-0.01	54	44604	卖盘
10:11:18	8.27	0.01	1	827	买盘
10:11:15	8.26	--	20	16520	卖盘
10:11:06	8.26	--	11	9086	卖盘
10:10:54	8.26	--	12	9912	卖盘
10:10:33	8.26	-0.01	12	9912	卖盘
10:10:30	8.27	--	35	28945	买盘
10:10:27	8.27	0.01	10	8270	买盘
10:10:24	8.26	--	12	9912	卖盘
10:10:18	8.26	--	32	26432	卖盘
10:10:15	8.26	-0.01	5	4130	卖盘
10:10:12	8.27	--	11	9097	买盘
10:10:09	8.27	0.01	2	1654	买盘
10:10:03	8.26	--	10	8260	卖盘
10:10:00	8.26	--	54	44604	卖盘
10:09:57	8.26	--	15	12390	卖盘
10:09:45	8.26	--	5	4130	中性盘
10:09:39	8.26	--	35	28910	买盘
10:09:30	8.26	--	70	57820	卖盘
10:09:24	8.26	0.01	3	2478	中性盘
10:09:15	8.25	--	60	49500	卖盘
10:09:12	8.25	--	20	16500	卖盘
10:09:06	8.25	-0.01	130	107250	卖盘
10:09:03	8.26	--	2	1652	买盘
10:09:00	8.26	--	50	41300	买盘
10:08:57	8.26	0.01	196	161896	买盘
10:08:54	8.25	-0.01	361	297825	卖盘
10:08:51	8.26	--	57	47082	买盘
10:08:45	8.26	--	16	13216	买盘
10:08:42	8.26	--	5	4130	买盘
10:08:36	8.26	--	63	52038	买盘
10:08:33	8.26	--	55	45430	买盘
10:08:27	8.26	--	58	47908	卖盘
10:08:24	8.26	-0.01	9	7434	卖盘
10:08:21	8.27	0.01	16	13232	买盘
10:08:15	8.26	--	8	6608	卖盘
10:08:12	8.26	-0.01	20	16520	卖盘
10:08:06	8.27	--	30	24810	买盘
10:08:03	8.27	--	4	3308	买盘
10:08:00	8.27	0.01	4	3308	买盘
10:07:57	8.26	--	444	366744	卖盘
10:07:54	8.26	--	5	4130	卖盘
10:07:51	8.26	-0.01	20	16520	卖盘
10:07:45	8.27	0.01	100	82700	买盘
10:07:36	8.26	--	33	27258	卖盘
10:07:24	8.26	--	20	16520	卖盘
10:07:21	8.26	--	23	18998	卖盘
10:07:03	8.26	--	3	2478	卖盘
10:07:00	8.26	--	69	56994	卖盘
10:06:54	8.26	--	14	11564	卖盘
10:06:51	8.26	-0.01	89	73514	卖盘
10:06:48	8.27	--	41	33907	买盘
10:06:45	8.27	0.01	57	47139	买盘
10:06:42	8.26	-0.01	30	24780	卖盘
10:06:39	8.27	0.01	20	16540	买盘
10:06:36	8.26	-0.01	30	24780	卖盘
10:06:33	8.27	--	5	4135	买盘
10:06:21	8.27	-0.01	827	683929	卖盘
10:06:18	8.28	-0.01	80	66240	卖盘
10:06:12	8.29	0.01	1	828	中性盘
10:05:36	8.28	-0.01	25	20700	卖盘
10:05:33	8.29	0.01	24	19895	买盘
10:05:24	8.28	--	100	82800	买盘
10:05:21	8.28	--	10	8280	卖盘
10:05:15	8.28	--	31	25667	买盘
10:05:12	8.28	--	9	7451	卖盘
10:05:09	8.28	--	55	45540	卖盘
10:04:54	8.28	--	8	6623	卖盘
10:04:42	8.28	-0.01	5	4140	卖盘
10:04:33	8.29	--	4	3315	买盘
10:04:24	8.29	--	1	828	卖盘
10:04:09	8.29	0.01	7	5802	买盘
10:04:06	8.28	--	210	173880	卖盘
10:03:54	8.28	-0.01	30	24839	卖盘
10:03:51	8.29	-0.01	23	19066	卖盘
10:03:39	8.3	0.02	1	830	买盘
10:03:33	8.28	--	1	827	卖盘
10:03:27	8.28	-0.01	9	7451	卖盘
10:03:24	8.29	0.01	3	2486	中性盘
10:03:03	8.28	--	3	2484	卖盘
10:02:54	8.28	-0.02	8	6623	卖盘
10:02:48	8.3	0.01	9	7470	买盘
10:02:36	8.29	0.01	100	82899	买盘
10:02:24	8.28	--	8	6623	卖盘
10:02:21	8.28	--	2	1655	卖盘
10:01:54	8.28	-0.01	8	6623	卖盘
10:01:51	8.29	--	20	16580	买盘
10:01:36	8.29	0.01	5	4145	中性盘
10:01:21	8.28	-0.01	16	13247	卖盘
10:01:15	8.29	--	2	1657	买盘
10:01:12	8.29	--	5	4145	买盘
10:00:51	8.29	--	59	48910	卖盘
10:00:39	8.29	--	50	41449	卖盘
10:00:36	8.29	--	80	66320	卖盘
10:00:21	8.29	--	3	2486	卖盘
10:00:15	8.29	--	60	49739	买盘
09:59:45	8.29	--	19	15750	卖盘
09:59:42	8.29	--	1	828	买盘
09:59:39	8.29	--	82	67978	买盘
09:59:36	8.29	-0.01	35	29014	卖盘
09:59:33	8.3	0.01	74	61420	买盘
09:59:06	8.29	-0.01	5	4145	买盘
09:58:54	8.3	--	1	830	买盘
09:58:51	8.3	0.01	20	16600	买盘
09:58:45	8.29	--	5	4145	卖盘
09:58:30	8.29	-0.01	40	33160	卖盘
09:58:12	8.3	--	14	11620	买盘
09:58:03	8.3	0.01	9	7470	买盘
09:58:00	8.29	--	35	29014	买盘
09:57:42	8.29	0.01	2	1657	买盘
09:57:36	8.28	-0.01	1	827	卖盘
09:57:33	8.29	0.01	40	33160	买盘
09:57:30	8.28	--	19	15731	卖盘
09:57:24	8.28	-0.01	412	341136	卖盘
09:57:18	8.29	--	6	4973	买盘
09:57:12	8.29	--	8	6631	买盘
09:57:09	8.29	0.01	100	82899	买盘
09:57:06	8.28	--	9	7451	卖盘
09:56:54	8.28	--	38	31463	卖盘
09:56:48	8.28	-0.01	7	5796	卖盘
09:56:45	8.29	0.01	34	28185	买盘
09:56:42	8.28	--	50	41400	卖盘
09:56:36	8.28	--	5	4140	卖盘
09:56:30	8.28	--	5	4140	卖盘
09:56:27	8.28	--	25	20700	卖盘
09:56:24	8.28	--	9	7451	卖盘
09:56:18	8.28	--	37	30635	买盘
09:56:12	8.28	0.01	10	8280	中性盘
09:56:03	8.27	-0.01	85	70295	卖盘
09:56:00	8.28	--	6	4968	卖盘
09:55:54	8.28	--	5	4140	卖盘
09:55:51	8.28	--	13	10764	买盘
09:55:48	8.28	-0.01	497	411515	卖盘
09:55:42	8.29	0.01	22	18237	买盘
09:55:36	8.28	-0.01	101	83628	卖盘
09:55:30	8.29	0.01	12	9947	买盘
09:55:24	8.28	-0.01	2	1655	卖盘
09:55:21	8.29	0.01	40	33160	买盘
09:55:18	8.28	-0.01	38	31463	卖盘
09:55:15	8.29	--	12	9947	买盘
09:55:12	8.29	--	46	38133	买盘
09:55:06	8.29	--	43	35646	买盘
09:55:03	8.29	-0.01	167	138443	卖盘
09:55:00	8.3	0.01	15	12450	买盘
09:54:57	8.29	--	9	7460	卖盘
09:54:54	8.29	-0.01	154	127665	卖盘
09:54:48	8.3	--	8	6640	买盘
09:54:45	8.3	--	10	8300	买盘
09:54:39	8.3	--	6	4980	买盘
09:54:33	8.3	--	1249	1036670	卖盘
09:54:24	8.3	--	12	9960	卖盘
09:54:21	8.3	-0.01	15	12450	卖盘
09:54:15	8.31	0.01	9	7479	买盘
09:54:09	8.3	--	100	83000	卖盘
09:54:06	8.3	--	100	83000	卖盘
09:53:54	8.3	-0.01	6	4980	卖盘
09:53:36	8.31	0.01	5	4155	买盘
09:53:24	8.3	-0.01	5	4150	卖盘
09:53:18	8.31	--	5	4155	买盘
09:53:12	8.31	0.01	12	9972	买盘
09:53:06	8.3	--	80	66400	卖盘
09:53:00	8.3	--	71	58930	卖盘
09:52:54	8.3	-0.01	5	4150	卖盘
09:52:51	8.31	0.01	43	35733	买盘
09:52:45	8.3	--	9	7470	卖盘
09:52:33	8.3	-0.01	9	7470	卖盘
09:52:30	8.31	0.01	13	10803	买盘
09:52:24	8.3	-0.01	7	5810	卖盘
09:52:21	8.31	0.01	66	54846	买盘
09:52:15	8.3	-0.01	9	7470	卖盘
09:52:09	8.31	0.01	34	28254	买盘
09:51:54	8.3	--	9	7470	卖盘
09:51:33	8.3	--	32	26560	卖盘
09:51:30	8.3	--	20	16600	卖盘
09:51:24	8.3	-0.01	12	9960	卖盘
09:51:12	8.31	--	74	61494	卖盘
09:51:09	8.31	--	20	16620	卖盘
09:51:06	8.31	--	7	5817	卖盘
09:50:54	8.31	--	5	4155	卖盘
09:50:45	8.31	--	2	1662	卖盘
09:50:36	8.31	-0.01	100	83100	卖盘
09:50:18	8.32	0.01	30	24960	买盘
09:50:12	8.31	-0.01	13	10803	卖盘
09:49:36	8.32	0.01	31	25792	买盘
09:49:33	8.31	-0.01	32	26592	卖盘
09:49:27	8.32	0.01	1	832	买盘
09:49:24	8.31	-0.01	9	7479	卖盘
09:49:21	8.32	0.01	39	32448	买盘
09:49:12	8.31	-0.01	202	167862	卖盘
09:49:06	8.32	--	26	21632	买盘
09:49:03	8.32	0.01	3	2496	买盘
09:48:54	8.31	-0.01	5	4155	卖盘
09:48:42	8.32	0.01	10	8320	买盘
09:48:39	8.31	--	96	79776	卖盘
09:48:24	8.31	--	7	5817	卖盘
09:48:21	8.31	--	1	831	卖盘
09:47:57	8.31	--	10	8310	卖盘
09:47:54	8.31	--	5	4155	卖盘
09:47:24	8.31	-0.01	5	4155	卖盘
09:47:12	8.32	--	10	8320	买盘
09:47:03	8.32	0.01	30	24960	买盘
09:46:45	8.31	--	6	4986	卖盘
09:46:27	8.31	--	10	8310	卖盘
09:46:15	8.31	--	4	3324	买盘
09:46:12	8.31	--	6	4986	卖盘
09:46:06	8.31	--	17	14127	卖盘
09:46:03	8.31	-0.01	60	49860	卖盘
09:46:00	8.32	--	13	10816	买盘
09:45:54	8.32	0.01	1	832	买盘
09:45:18	8.31	--	10	8310	卖盘
09:45:09	8.31	-0.01	81	67311	卖盘
09:45:00	8.32	0.01	42	34944	买盘
09:44:57	8.31	-0.01	1	831	卖盘
09:44:30	8.32	0.01	5	4160	买盘
09:44:27	8.31	-0.01	2	1662	卖盘
09:43:42	8.32	--	41	34112	卖盘
09:43:39	8.32	--	15	12480	卖盘
09:43:36	8.32	--	10	8320	卖盘
09:43:24	8.32	--	7	5824	卖盘
09:43:09	8.32	--	38	31616	买盘
09:43:03	8.32	--	12	9984	买盘
09:42:33	8.32	0.01	5	4160	买盘
09:42:18	8.31	-0.01	1	831	卖盘
09:42:06	8.32	0.01	11	9152	买盘
09:42:00	8.31	0.01	65	54015	中性盘
09:41:54	8.3	-0.02	338	280540	卖盘
09:41:45	8.32	0.01	59	49088	买盘
09:41:27	8.31	-0.01	6	4986	卖盘
09:41:24	8.32	--	5	4160	买盘
09:41:12	8.32	0.01	33	27456	买盘
09:41:09	8.31	-0.01	5	4155	卖盘
09:41:06	8.32	0.01	20	16640	买盘
09:40:57	8.31	-0.01	69	57339	卖盘
09:40:54	8.32	--	4	3328	买盘
09:40:51	8.32	--	7	5824	卖盘
09:40:48	8.32	0.01	3	2496	买盘
09:40:45	8.31	-0.01	43	35733	卖盘
09:40:30	8.32	--	5	4160	买盘
09:40:21	8.32	--	117	97344	买盘
09:40:15	8.32	0.01	20	16640	买盘
09:40:00	8.31	-0.01	120	99720	卖盘
09:39:51	8.32	--	2	1664	买盘
09:39:45	8.32	0.01	30	24960	买盘
09:39:42	8.31	-0.01	10	8310	卖盘
09:39:36	8.32	--	106	88192	卖盘
09:39:33	8.32	-0.01	10	8320	卖盘
09:39:24	8.33	--	3	2499	买盘
09:39:21	8.33	0.01	10	8330	买盘
09:39:06	8.32	--	31	25792	卖盘
09:39:00	8.32	--	17	14144	卖盘
09:38:51	8.32	--	4	3328	卖盘
09:38:48	8.32	-0.01	11	9152	卖盘
09:38:45	8.33	0.01	15	12495	买盘
09:38:39	8.32	--	100	83200	卖盘
09:38:24	8.32	--	1	832	卖盘
09:38:15	8.32	--	100	83200	卖盘
09:38:09	8.32	-0.01	2	1664	卖盘
09:38:03	8.33	0.01	1	833	买盘
09:38:00	8.32	--	6	4992	卖盘
09:37:48	8.32	--	70	58240	卖盘
09:37:42	8.32	-0.01	23	19136	卖盘
09:37:39	8.33	0.01	40	33320	买盘
09:37:27	8.32	--	3	2496	卖盘
09:37:21	8.32	-0.01	30	24960	卖盘
09:37:15	8.33	0.01	41	34153	买盘
09:37:00	8.32	-0.01	62	51584	卖盘
09:36:54	8.33	--	6	4998	买盘
09:36:21	8.33	0.01	100	83300	买盘
09:36:18	8.32	--	12	9984	买盘
09:36:12	8.32	--	10	8320	买盘
09:36:09	8.32	--	21	17472	卖盘
09:36:06	8.32	--	5	4160	卖盘
09:35:54	8.32	--	20	16640	卖盘
09:35:51	8.32	--	5	4160	买盘
09:35:45	8.32	0.01	10	8320	买盘
09:35:24	8.31	--	8	6648	买盘
09:35:21	8.31	--	3	2493	买盘
09:35:12	8.31	--	3	2493	买盘
09:35:09	8.31	0.01	5	4155	买盘
09:35:06	8.3	-0.01	100	83000	卖盘
09:35:03	8.31	--	10	8310	买盘
09:34:57	8.31	--	40	33240	买盘
09:34:48	8.31	--	20	16620	买盘
09:34:45	8.31	--	5	4155	买盘
09:34:36	8.31	--	186	154566	卖盘
09:34:18	8.31	--	62	51522	买盘
09:34:15	8.31	--	4	3324	买盘
09:34:03	8.31	0.01	220	182820	中性盘
09:33:51	8.3	-0.01	377	312910	卖盘
09:33:39	8.31	--	2	1662	卖盘
09:33:21	8.31	-0.01	1	831	卖盘
09:33:18	8.32	0.01	10	8320	买盘
09:33:15	8.31	-0.01	1	831	卖盘
09:33:09	8.32	--	6	4992	买盘
09:33:00	8.32	--	6	4992	买盘
09:32:57	8.32	--	187	155584	卖盘
09:32:45	8.32	--	16	13312	卖盘
09:32:36	8.32	0.01	89	74048	买盘
09:32:33	8.31	--	7	5817	卖盘
09:32:30	8.31	-0.01	8	6648	卖盘
09:32:27	8.32	0.01	20	16640	买盘
09:32:12	8.31	--	2	1662	买盘
09:32:09	8.31	--	6	4986	买盘
09:31:57	8.31	0.01	4	3324	中性盘
09:31:51	8.3	--	200	166000	卖盘
09:31:45	8.3	--	1	830	卖盘
09:31:33	8.3	0.01	21	17430	买盘
09:31:24	8.29	--	78	64661	卖盘
09:31:18	8.29	--	13	10776	卖盘
09:31:15	8.29	--	20	16580	卖盘
09:31:12	8.29	--	132	109427	买盘
09:31:06	8.29	--	30	24869	买盘
09:31:03	8.29	--	172	142587	买盘
09:31:00	8.29	--	20	16580	买盘
09:30:57	8.29	--	15	12434	买盘
09:30:54	8.29	--	9	7460	买盘
09:30:51	8.29	--	34	28185	卖盘
09:30:48	8.29	--	15	12434	卖盘
09:30:39	8.29	-0.01	125	103624	卖盘
09:30:27	8.3	--	518	429940	买盘
09:30:21	8.3	--	30	24900	买盘
09:30:12	8.3	--	2	1660	买盘
09:30:09	8.3	-0.02	210	174300	卖盘
09:30:06	8.32	0.02	606	504192	买盘
09:30:03	8.3	--	0	0	卖盘
09:25:03	8.3	8.3	393	326190	买盘
