成交时间	成交价	价格变动	成交量(手)	成交额(元)	性质
15:00:03	22.93	-0.02	1106	2538098	卖盘
14:57:00	22.95	--	0	0	卖盘
14:56:57	22.95	0.04	1223	2806785	买盘
14:56:54	22.91	0.01	13	29783	买盘
14:56:48	22.9	-0.01	15	34350	卖盘
14:56:45	22.91	--	11	25201	买盘
14:56:42	22.91	0.01	32	73312	买盘
14:56:36	22.9	--	5	11450	卖盘
14:56:33	22.9	--	4	9160	卖盘
14:56:30	22.9	-0.01	109	249609	卖盘
14:56:27	22.91	--	13	29783	买盘
14:56:24	22.91	--	4	9164	买盘
14:56:21	22.91	--	75	171825	买盘
14:56:18	22.91	0.01	63	144333	买盘
14:56:15	22.9	-0.01	6	13740	卖盘
14:56:12	22.91	0.01	6	13746	买盘
14:56:09	22.9	--	24	54960	卖盘
14:56:06	22.9	-0.01	17	38930	卖盘
14:56:03	22.91	0.01	57	130587	买盘
14:56:00	22.9	-0.01	62	141980	卖盘
14:55:57	22.91	--	15	34365	买盘
14:55:54	22.91	0.01	76	174116	买盘
14:55:51	22.9	-0.01	68	155720	卖盘
14:55:48	22.91	0.01	57	130587	买盘
14:55:45	22.9	--	29	66410	卖盘
14:55:42	22.9	--	38	87020	卖盘
14:55:39	22.9	--	1	2290	卖盘
14:55:36	22.9	-0.01	73	167170	卖盘
14:55:33	22.91	0.01	13	29783	买盘
14:55:30	22.9	--	4	9160	卖盘
14:55:27	22.9	--	48	109920	买盘
14:55:24	22.9	--	20	45800	买盘
14:55:21	22.9	--	2	4580	买盘
14:55:18	22.9	--	2	4580	买盘
14:55:15	22.9	-0.01	34	77860	卖盘
14:55:12	22.91	0.01	123	281793	买盘
14:55:03	22.9	-0.01	96	219840	卖盘
14:54:57	22.91	--	44	100804	卖盘
14:54:54	22.91	0.01	57	130587	买盘
14:54:51	22.9	--	9	20610	卖盘
14:54:48	22.9	-0.01	50	114500	卖盘
14:54:45	22.91	0.01	16	36656	买盘
14:54:42	22.9	-0.02	5	11450	卖盘
14:54:39	22.92	0.02	20	45840	买盘
14:54:36	22.9	--	10	22900	卖盘
14:54:33	22.9	--	191	437390	卖盘
14:54:30	22.9	--	2	4580	卖盘
14:54:27	22.9	--	5	11450	卖盘
14:54:24	22.9	-0.01	16	36640	卖盘
14:54:18	22.91	--	9	20619	买盘
14:54:15	22.91	0.01	78	178698	买盘
14:54:12	22.9	-0.01	112	256479	卖盘
14:54:06	22.91	0.01	10	22910	买盘
14:54:03	22.9	--	24	54960	卖盘
14:54:00	22.9	0.02	7	16029	买盘
14:53:57	22.88	-0.03	6	13728	卖盘
14:53:54	22.91	0.03	6	13746	买盘
14:53:51	22.88	-0.03	524	1198912	卖盘
14:53:48	22.91	--	4	9164	买盘
14:53:45	22.91	--	25	57275	买盘
14:53:42	22.91	--	1	2291	买盘
14:53:39	22.91	--	6	13746	买盘
14:53:36	22.91	--	21	48111	买盘
14:53:33	22.91	--	52	119132	买盘
14:53:30	22.91	--	20	45820	买盘
14:53:27	22.91	0.01	5	11455	买盘
14:53:24	22.9	-0.01	28	64119	卖盘
14:53:21	22.91	0.01	8	18328	买盘
14:53:18	22.9	--	19	43510	卖盘
14:53:15	22.9	-0.01	27	61829	卖盘
14:53:12	22.91	--	264	604824	买盘
14:53:09	22.91	--	2	4582	中性盘
14:53:03	22.91	-0.01	13	29783	卖盘
14:53:00	22.92	0.02	10	22920	买盘
14:52:54	22.9	-0.02	31	70990	卖盘
14:52:45	22.92	0.01	135	309420	买盘
14:52:42	22.91	0.01	1	2291	买盘
14:52:39	22.9	--	5	11450	卖盘
14:52:33	22.9	--	5	11450	卖盘
14:52:30	22.9	0.01	106	242739	卖盘
14:52:27	22.89	-0.01	103	235767	卖盘
14:52:24	22.9	--	21	48090	买盘
14:52:18	22.9	-0.01	51	116790	卖盘
14:52:15	22.91	0.02	15	34365	买盘
14:52:12	22.89	-0.01	144	329616	卖盘
14:52:09	22.9	--	13	29769	买盘
14:52:06	22.9	--	100	229000	买盘
14:52:03	22.9	0.01	34	77860	买盘
14:52:00	22.89	-0.01	5	11445	卖盘
14:51:57	22.9	--	9	20610	买盘
14:51:54	22.9	0.01	4	9160	买盘
14:51:51	22.89	--	1	2289	买盘
14:51:48	22.89	-0.02	18	41202	中性盘
14:51:36	22.91	0.01	94	215354	买盘
14:51:33	22.9	--	1	2290	买盘
14:51:30	22.9	--	3	6870	买盘
14:51:27	22.9	-0.01	149	341210	卖盘
14:51:24	22.91	--	79	180989	买盘
14:51:21	22.91	-0.01	25	57275	买盘
14:51:15	22.92	-0.01	18	41256	卖盘
14:51:12	22.93	0.01	7	16051	买盘
14:51:09	22.92	-0.01	2	4584	卖盘
14:51:06	22.93	--	29	66497	买盘
14:51:03	22.93	--	15	34395	买盘
14:51:00	22.93	--	9	20637	买盘
14:50:57	22.93	--	63	144459	卖盘
14:50:54	22.93	--	76	174268	卖盘
14:50:51	22.93	--	71	162803	卖盘
14:50:48	22.93	--	8	18344	卖盘
14:50:42	22.93	-0.01	29	66497	卖盘
14:50:39	22.94	--	25	57350	买盘
14:50:33	22.94	--	33	75702	买盘
14:50:30	22.94	--	18	41292	卖盘
14:50:27	22.94	--	10	22940	卖盘
14:50:24	22.94	-0.01	4	9176	卖盘
14:50:21	22.95	0.01	56	128520	买盘
14:50:18	22.94	--	3	6882	卖盘
14:50:15	22.94	-0.01	28	64232	卖盘
14:50:12	22.95	--	2	4590	买盘
14:50:09	22.95	--	75	172125	卖盘
14:50:06	22.95	--	1	2295	卖盘
14:50:03	22.95	--	45	103275	卖盘
14:50:00	22.95	-0.01	19	43605	卖盘
14:49:57	22.96	--	22	50512	买盘
14:49:54	22.96	0.01	19	43624	买盘
14:49:51	22.95	-0.01	21	48195	卖盘
14:49:48	22.96	--	11	25256	买盘
14:49:45	22.96	--	18	41328	买盘
14:49:42	22.96	--	46	105616	卖盘
14:49:39	22.96	--	464	1065344	卖盘
14:49:36	22.96	--	14	32144	卖盘
14:49:33	22.96	--	8	18368	卖盘
14:49:30	22.96	--	20	45920	卖盘
14:49:27	22.96	-0.01	14	32144	卖盘
14:49:24	22.97	--	130	298610	买盘
14:49:21	22.97	0.01	121	277937	买盘
14:49:18	22.96	-0.01	13	29848	中性盘
14:49:15	22.97	0.01	70	160790	买盘
14:49:12	22.96	-0.01	137	314552	卖盘
14:49:09	22.97	--	71	163087	买盘
14:49:06	22.97	--	187	429539	买盘
14:49:03	22.97	0.01	123	282531	买盘
14:49:00	22.96	--	43	98728	买盘
14:48:57	22.96	0.01	101	231896	买盘
14:48:54	22.95	--	34	78030	卖盘
14:48:51	22.95	-0.01	103	236385	卖盘
14:48:48	22.96	--	101	231896	买盘
14:48:45	22.96	0.01	128	293888	买盘
14:48:42	22.95	-0.01	35	80325	中性盘
14:48:33	22.96	0.02	110	252560	买盘
14:48:30	22.94	--	248	568912	买盘
14:48:27	22.94	--	6	13764	买盘
14:48:24	22.94	--	18	41292	买盘
14:48:21	22.94	0.01	11	25234	买盘
14:48:18	22.93	--	55	126115	卖盘
14:48:15	22.93	--	44	100892	买盘
14:48:12	22.93	--	21	48153	买盘
14:48:09	22.93	0.01	2	4586	买盘
14:48:06	22.92	0.01	29	66468	卖盘
14:48:03	22.91	--	6	13746	卖盘
14:48:00	22.91	-0.01	34	77894	卖盘
14:47:57	22.92	-0.01	20	45840	中性盘
14:47:54	22.93	0.03	76	174268	买盘
14:47:51	22.9	-0.01	51	116790	卖盘
14:47:48	22.91	0.01	20	45820	买盘
14:47:45	22.9	0.01	38	87020	买盘
14:47:42	22.89	-0.01	50	114450	卖盘
14:47:36	22.9	0.02	58	132820	买盘
14:47:33	22.88	--	54	123552	卖盘
14:47:27	22.88	0.01	117	267696	买盘
14:47:24	22.87	-0.01	24	54888	卖盘
14:47:21	22.88	0.01	12	27456	买盘
14:47:18	22.87	--	5	11435	卖盘
14:47:15	22.87	--	8	18296	卖盘
14:47:12	22.87	--	89	203543	卖盘
14:47:06	22.87	--	54	123498	卖盘
14:47:03	22.87	--	4	9148	卖盘
14:46:57	22.87	--	2	4574	卖盘
14:46:48	22.87	--	5	11435	卖盘
14:46:45	22.87	--	228	521436	买盘
14:46:42	22.87	0.01	30	68610	买盘
14:46:39	22.86	-0.01	14	32004	卖盘
14:46:36	22.87	--	15	34305	买盘
14:46:33	22.87	0.01	4	9148	买盘
14:46:30	22.86	--	2	4572	卖盘
14:46:27	22.86	--	6	13716	卖盘
14:46:24	22.86	--	3	6858	卖盘
14:46:09	22.86	-0.01	95	217170	买盘
14:46:06	22.87	--	29	66323	买盘
14:46:03	22.87	0.01	26	59462	买盘
14:46:00	22.86	--	9	20574	买盘
14:45:57	22.86	--	61	139446	买盘
14:45:54	22.86	--	3	6858	买盘
14:45:48	22.86	0.01	73	166878	买盘
14:45:45	22.85	-0.01	35	79975	卖盘
14:45:42	22.86	--	100	228600	买盘
14:45:39	22.86	--	5	11430	买盘
14:45:36	22.86	--	53	121158	买盘
14:45:33	22.86	--	21	48006	买盘
14:45:30	22.86	--	57	130302	卖盘
14:45:27	22.86	--	25	57150	卖盘
14:45:24	22.86	0.01	81	185166	买盘
14:45:18	22.85	--	101	230785	卖盘
14:45:15	22.85	--	2	4570	卖盘
14:45:12	22.85	--	4	9140	卖盘
14:45:06	22.85	-0.01	7	15995	卖盘
14:45:03	22.86	0.01	4	9144	买盘
14:44:57	22.85	--	2	4570	卖盘
14:44:54	22.85	0.01	345	788325	买盘
14:44:51	22.84	--	3	6852	卖盘
14:44:48	22.84	--	169	385996	买盘
14:44:45	22.84	--	20	45680	买盘
14:44:42	22.84	--	7	15988	买盘
14:44:39	22.84	--	52	118768	买盘
14:44:36	22.84	--	33	75372	买盘
14:44:33	22.84	--	20	45680	买盘
14:44:30	22.84	--	5	11420	买盘
14:44:27	22.84	--	20	45680	买盘
14:44:24	22.84	0.01	2	4568	买盘
14:44:21	22.83	--	5	11415	卖盘
14:44:15	22.83	--	79	180357	卖盘
14:44:12	22.83	--	317	723711	买盘
14:44:09	22.83	0.01	2	4566	买盘
14:44:06	22.82	-0.01	1	2282	卖盘
14:43:51	22.83	0.01	210	479429	买盘
14:43:48	22.82	0.01	65	148330	买盘
14:43:45	22.81	-0.02	134	305654	卖盘
14:43:39	22.83	--	2	4566	买盘
14:43:36	22.83	--	39	89037	买盘
14:43:33	22.83	0.02	50	114149	买盘
14:43:30	22.81	--	40	91240	卖盘
14:43:18	22.81	-0.02	2	4562	卖盘
14:43:15	22.83	0.01	148	337884	买盘
14:43:06	22.82	--	7	15974	买盘
14:42:57	22.82	--	15	34230	买盘
14:42:54	22.82	0.01	35	79870	买盘
14:42:51	22.81	--	2	4562	卖盘
14:42:48	22.81	-0.01	1	2281	卖盘
14:42:42	22.82	--	7	15974	买盘
14:42:30	22.82	--	4	9128	买盘
14:42:27	22.82	--	29	66178	买盘
14:42:18	22.82	--	23	52486	买盘
14:42:15	22.82	--	7	15974	买盘
14:42:12	22.82	--	25	57050	卖盘
14:42:09	22.82	--	29	66178	买盘
14:42:06	22.82	--	47	107254	卖盘
14:42:00	22.82	--	85	193970	卖盘
14:41:57	22.82	--	26	59332	买盘
14:41:51	22.82	--	1	2282	买盘
14:41:48	22.82	0.01	22	50204	卖盘
14:41:45	22.81	-0.02	1	2281	卖盘
14:41:39	22.83	0.01	44	100451	买盘
14:41:36	22.82	--	78	177996	买盘
14:41:33	22.82	-0.01	113	257866	卖盘
14:41:27	22.83	0.01	34	77622	买盘
14:41:24	22.82	--	119	271558	卖盘
14:41:21	22.82	--	1	2282	卖盘
14:41:18	22.82	-0.01	3	6846	中性盘
14:41:03	22.83	0.02	52	118715	买盘
14:41:00	22.81	-0.02	5	11405	卖盘
14:40:57	22.83	0.02	5	11415	买盘
14:40:54	22.81	-0.01	14	31934	卖盘
14:40:48	22.82	--	29	66178	买盘
14:40:45	22.82	--	7	15974	买盘
14:40:42	22.82	0.01	9	20538	买盘
14:40:39	22.81	-0.01	9	20529	卖盘
14:40:36	22.82	--	10	22820	买盘
14:40:33	22.82	--	57	130074	买盘
14:40:30	22.82	--	5	11410	买盘
14:40:27	22.82	0.01	5	11410	买盘
14:40:24	22.81	-0.01	26	59306	卖盘
14:40:21	22.82	--	234	533988	买盘
14:40:18	22.82	--	76	173432	买盘
14:40:09	22.82	--	20	45640	卖盘
14:40:06	22.82	0.01	10	22820	中性盘
14:40:00	22.81	-0.01	10	22810	卖盘
14:39:57	22.82	0.01	1	2282	中性盘
14:39:51	22.81	--	10	22810	卖盘
14:39:45	22.81	-0.02	20	45620	卖盘
14:39:42	22.83	0.02	68	155244	买盘
14:39:39	22.81	--	9	20529	卖盘
14:39:33	22.81	-0.02	10	22810	卖盘
14:39:30	22.83	0.02	3	6848	买盘
14:39:27	22.81	--	100	228100	卖盘
14:39:24	22.81	--	14	32755	卖盘
14:39:21	22.81	-0.02	42	95802	卖盘
14:39:18	22.83	0.01	86	196337	买盘
14:39:15	22.82	0.01	2	4564	买盘
14:39:09	22.81	-0.01	109	248629	卖盘
14:39:06	22.82	0.01	34	77588	买盘
14:39:00	22.81	--	10	22810	卖盘
14:38:57	22.81	--	4	9124	卖盘
14:38:54	22.81	--	5	11405	卖盘
14:38:45	22.81	--	7	15967	卖盘
14:38:42	22.81	--	28	63868	卖盘
14:38:39	22.81	--	24	54744	卖盘
14:38:36	22.81	-0.01	6	13686	卖盘
14:38:33	22.82	0.01	1	2282	买盘
14:38:30	22.81	-0.01	5	11405	卖盘
14:38:27	22.82	0.01	16	36512	买盘
14:38:21	22.81	--	20	45620	卖盘
14:38:18	22.81	--	5	11405	卖盘
14:38:15	22.81	-0.01	24	54744	卖盘
14:38:12	22.82	0.01	4	9128	买盘
14:38:09	22.81	--	106	241786	卖盘
14:38:06	22.81	-0.02	40	91240	卖盘
14:38:03	22.83	0.01	40	91320	买盘
14:38:00	22.82	--	39	88998	卖盘
14:37:51	22.82	-0.01	119	271558	卖盘
14:37:48	22.83	--	7	15980	买盘
14:37:45	22.83	--	3	6848	卖盘
14:37:42	22.83	--	20	45660	卖盘
14:37:39	22.83	-0.01	3	6848	卖盘
14:37:36	22.84	0.01	13	29692	买盘
14:37:33	22.83	-0.01	10	22830	卖盘
14:37:30	22.84	0.01	32	73088	买盘
14:37:27	22.83	--	102	232865	卖盘
14:37:24	22.83	--	55	125564	卖盘
14:37:21	22.83	-0.01	26	59357	卖盘
14:37:15	22.84	--	43	98212	买盘
14:37:12	22.84	0.01	17	38828	中性盘
14:37:09	22.83	-0.01	48	109583	卖盘
14:37:06	22.84	--	6	13704	卖盘
14:37:03	22.84	--	36	82224	卖盘
14:37:00	22.84	--	102	232968	卖盘
14:36:57	22.84	--	35	79940	卖盘
14:36:54	22.84	--	9	20556	卖盘
14:36:51	22.84	--	67	153028	卖盘
14:36:48	22.84	--	35	79940	卖盘
14:36:45	22.84	--	21	47964	卖盘
14:36:42	22.84	--	8	18272	卖盘
14:36:39	22.84	--	101	230684	卖盘
14:36:36	22.84	--	32	73088	卖盘
14:36:33	22.84	--	4	9136	卖盘
14:36:27	22.84	-0.01	4	9136	卖盘
14:36:24	22.85	--	20	45700	买盘
14:36:18	22.85	--	113	258205	买盘
14:36:15	22.85	0.01	4	9140	买盘
14:36:12	22.84	--	86	196424	卖盘
14:36:09	22.84	-0.01	9	20556	卖盘
14:36:06	22.85	--	4	9140	买盘
14:36:03	22.85	--	22	50270	买盘
14:35:57	22.85	--	105	239925	买盘
14:35:54	22.85	--	52	118820	买盘
14:35:51	22.85	--	18	41130	买盘
14:35:48	22.85	--	20	45700	买盘
14:35:45	22.85	--	5	11425	买盘
14:35:30	22.85	--	1	2285	买盘
14:35:27	22.85	--	11	25135	买盘
14:35:24	22.85	0.01	6	13710	买盘
14:35:18	22.84	--	15	34260	卖盘
14:35:15	22.84	-0.01	10	22840	卖盘
14:35:12	22.85	0.01	6	13710	买盘
14:34:54	22.84	--	100	228400	卖盘
14:34:48	22.84	--	13	29692	卖盘
14:34:45	22.84	--	3	6852	卖盘
14:34:39	22.84	--	41	93644	卖盘
14:34:36	22.84	--	77	175868	卖盘
14:34:30	22.84	-0.01	5	11420	卖盘
14:34:27	22.85	0.01	3	6855	买盘
14:34:15	22.84	--	11	25124	卖盘
14:34:12	22.84	--	77	175868	买盘
14:34:09	22.84	--	27	61668	卖盘
14:34:03	22.84	--	9	20556	买盘
14:34:00	22.84	-0.01	92	210128	卖盘
14:33:51	22.85	--	3	6855	买盘
14:33:45	22.85	--	27	61695	买盘
14:33:39	22.85	0.01	5	11425	买盘
14:33:36	22.84	--	90	205560	卖盘
14:33:33	22.84	-0.01	5	11420	卖盘
14:33:27	22.85	0.01	1	2285	买盘
14:33:24	22.84	--	21	47964	卖盘
14:33:21	22.84	--	61	139324	卖盘
14:33:18	22.84	--	4	9136	卖盘
14:33:15	22.84	-0.01	13	29692	卖盘
14:33:09	22.85	0.01	2	4570	买盘
14:33:06	22.84	0.02	3	6852	中性盘
14:33:00	22.82	-0.01	85	193970	卖盘
14:32:57	22.83	--	13	29678	买盘
14:32:54	22.83	-0.01	27	61640	卖盘
14:32:48	22.84	-0.01	10	22840	卖盘
14:32:42	22.85	0.02	12	27420	买盘
14:32:39	22.83	--	18	41094	卖盘
14:32:30	22.83	--	10	22830	卖盘
14:32:27	22.83	--	10	22830	卖盘
14:32:24	22.83	--	3	6848	买盘
14:32:21	22.83	-0.02	34	77622	卖盘
14:32:15	22.85	0.02	4	9140	买盘
14:32:06	22.83	-0.01	95	216884	卖盘
14:32:03	22.84	0.01	8	18272	中性盘
14:31:57	22.83	-0.01	100	228299	卖盘
14:31:45	22.84	--	21	47964	买盘
14:31:33	22.84	--	7	15988	买盘
14:31:27	22.84	--	10	22840	买盘
14:31:24	22.84	--	6	13704	买盘
14:31:21	22.84	0.01	11	25124	买盘
14:31:18	22.83	-0.01	1	2283	卖盘
14:31:15	22.84	0.02	4	9136	买盘
14:31:12	22.82	-0.01	48	109536	卖盘
14:31:09	22.83	-0.01	100	228299	卖盘
14:31:00	22.84	0.01	1	2284	买盘
14:30:57	22.83	--	1	2283	卖盘
14:30:54	22.83	--	5	11415	卖盘
14:30:51	22.83	--	40	91365	卖盘
14:30:48	22.83	--	5	11415	卖盘
14:30:45	22.83	--	9	20547	卖盘
14:30:39	22.83	-0.01	309	706565	卖盘
14:30:36	22.84	0.01	5	11420	买盘
14:30:33	22.83	--	5	11415	卖盘
14:30:24	22.83	-0.02	141	321903	卖盘
14:30:21	22.85	0.01	12	27420	买盘
14:30:15	22.84	-0.01	10	22840	卖盘
14:30:12	22.85	--	4	9140	买盘
14:30:00	22.85	--	2	4570	买盘
14:29:57	22.85	0.01	65	148525	买盘
14:29:51	22.84	-0.01	10	22840	卖盘
14:29:48	22.85	--	2	4570	买盘
14:29:45	22.85	--	114	260490	买盘
14:29:42	22.85	--	38	86830	买盘
14:29:36	22.85	--	60	137100	卖盘
14:29:24	22.85	-0.01	32	73120	卖盘
14:29:21	22.86	0.01	20	45720	买盘
14:29:18	22.85	-0.01	41	93685	卖盘
14:29:15	22.86	0.03	13	29718	买盘
14:29:12	22.83	-0.03	80	182640	卖盘
14:29:09	22.86	--	8	18288	买盘
14:29:06	22.86	0.01	2	4572	买盘
14:29:03	22.85	-0.01	3	6855	卖盘
14:28:57	22.86	--	32	73152	卖盘
14:28:51	22.86	--	47	107442	卖盘
14:28:48	22.86	--	2	4572	卖盘
14:28:45	22.86	--	7	16002	卖盘
14:28:42	22.86	0.02	6	13716	中性盘
14:28:33	22.84	-0.03	51	116484	卖盘
14:28:18	22.87	0.03	2	4574	买盘
14:28:15	22.84	--	19	43396	买盘
14:28:12	22.84	0.01	16	36544	中性盘
14:28:09	22.83	-0.02	37	84471	卖盘
14:28:06	22.85	--	59	134815	买盘
14:28:00	22.85	0.01	1	2285	买盘
14:27:57	22.84	-0.01	55	125620	卖盘
14:27:42	22.85	0.02	4	9140	买盘
14:27:33	22.83	--	1	2283	卖盘
14:27:30	22.83	-0.01	62	141546	卖盘
14:27:27	22.84	0.01	3	6852	中性盘
14:27:24	22.83	-0.02	47	107300	卖盘
14:27:15	22.85	--	16	36560	买盘
14:27:06	22.85	0.02	3	6855	买盘
14:27:03	22.83	-0.02	2	4566	卖盘
14:27:00	22.85	0.02	20	45700	买盘
14:26:57	22.83	-0.02	49	111866	卖盘
14:26:51	22.85	-0.01	232	530120	卖盘
14:26:48	22.86	--	6	13716	买盘
14:26:45	22.86	--	2	4572	买盘
14:26:42	22.86	0.01	4	9144	买盘
14:26:39	22.85	-0.02	89	203365	卖盘
14:26:36	22.87	--	2	4574	买盘
14:26:33	22.87	0.01	24	54888	买盘
14:26:30	22.86	-0.01	13	29718	卖盘
14:26:27	22.87	0.02	1	2287	买盘
14:26:21	22.85	-0.01	47	107395	卖盘
14:26:18	22.86	--	1	2286	卖盘
14:26:15	22.86	-0.01	6	13716	卖盘
14:26:12	22.87	0.01	4	9148	买盘
14:26:06	22.86	--	2	4572	卖盘
14:26:03	22.86	--	30	68580	买盘
14:26:00	22.86	--	2	4572	买盘
14:25:57	22.86	--	46	105156	卖盘
14:25:54	22.86	--	400	914400	卖盘
14:25:51	22.86	-0.01	17	38862	卖盘
14:25:45	22.87	--	4	9148	买盘
14:25:42	22.87	-0.01	102	233274	中性盘
14:25:36	22.88	0.01	58	132704	买盘
14:25:33	22.87	--	161	368207	卖盘
14:25:30	22.87	-0.01	18	41166	卖盘
14:25:27	22.88	0.01	6	13728	买盘
14:25:21	22.87	-0.01	4	9148	卖盘
14:25:18	22.88	0.01	27	61776	买盘
14:25:15	22.87	-0.01	28	64036	卖盘
14:25:12	22.88	--	20	45760	买盘
14:25:06	22.88	--	13	29744	买盘
14:24:45	22.88	--	4	9152	买盘
14:24:36	22.88	0.01	10	22880	买盘
14:24:33	22.87	--	4	9148	卖盘
14:24:30	22.87	--	19	43453	卖盘
14:24:27	22.87	-0.01	49	112063	卖盘
14:24:24	22.88	0.01	15	34320	买盘
14:24:21	22.87	-0.01	61	139507	卖盘
14:24:18	22.88	-0.01	10	22880	卖盘
14:24:15	22.89	0.01	4	9156	买盘
14:24:12	22.88	--	11	25168	买盘
14:24:09	22.88	-0.01	95	217360	卖盘
14:24:06	22.89	0.01	3	6867	买盘
14:24:03	22.88	--	227	519376	卖盘
14:24:00	22.88	--	5	11440	卖盘
14:23:54	22.88	--	10	22880	卖盘
14:23:51	22.88	--	6	13728	卖盘
14:23:48	22.88	-0.01	13	29744	卖盘
14:23:45	22.89	--	14	32046	买盘
14:23:42	22.89	0.01	53	121317	买盘
14:23:39	22.88	-0.01	4	9152	卖盘
14:23:36	22.89	0.01	22	50358	买盘
14:23:33	22.88	--	87	199056	卖盘
14:23:30	22.88	-0.01	14	32032	卖盘
14:23:24	22.89	0.01	18	41202	买盘
14:23:21	22.88	--	40	91520	卖盘
14:23:18	22.88	--	28	64064	卖盘
14:23:15	22.88	--	124	283712	卖盘
14:23:12	22.88	--	139	318032	卖盘
14:23:09	22.88	--	66	151008	买盘
14:23:06	22.88	--	2	4576	买盘
14:23:03	22.88	--	45	102960	卖盘
14:23:00	22.88	--	8	18304	卖盘
14:22:57	22.88	--	27	61776	卖盘
14:22:54	22.88	--	43	98384	买盘
14:22:51	22.88	--	57	130416	卖盘
14:22:48	22.88	--	50	114400	卖盘
14:22:42	22.88	--	10	22880	卖盘
14:22:39	22.88	-0.01	73	167024	卖盘
14:22:36	22.89	--	42	96138	买盘
14:22:33	22.89	0.01	10	22890	买盘
14:22:30	22.88	-0.01	22	50336	卖盘
14:22:24	22.89	--	11	25179	买盘
14:22:15	22.89	--	27	61803	买盘
14:22:06	22.89	0.01	2	4578	买盘
14:22:03	22.88	--	17	38896	卖盘
14:22:00	22.88	--	1	2288	卖盘
14:21:57	22.88	--	1	2288	卖盘
14:21:54	22.88	--	7	16016	卖盘
14:21:48	22.88	--	1	2288	卖盘
14:21:45	22.88	-0.01	13	29744	卖盘
14:21:42	22.89	0.01	4	9156	买盘
14:21:36	22.88	--	18	41184	买盘
14:21:33	22.88	-0.01	12	27456	卖盘
14:21:30	22.89	0.01	78	178542	买盘
14:21:27	22.88	-0.01	12	27456	卖盘
14:21:24	22.89	0.01	1	2289	买盘
14:21:21	22.88	--	4	9152	卖盘
14:21:18	22.88	--	283	647504	买盘
14:21:12	22.88	0.01	16	36608	买盘
14:21:09	22.87	-0.01	116	265292	卖盘
14:21:06	22.88	--	13	29744	买盘
14:21:03	22.88	0.01	15	34320	买盘
14:21:00	22.87	-0.01	98	224126	卖盘
14:20:57	22.88	0.01	15	34320	买盘
14:20:54	22.87	--	4	9148	卖盘
14:20:48	22.87	-0.01	4	9148	卖盘
14:20:45	22.88	0.01	11	25168	买盘
14:20:42	22.87	-0.01	90	205830	卖盘
14:20:36	22.88	0.01	39	89232	买盘
14:20:33	22.87	--	4	9148	卖盘
14:20:30	22.87	--	4	9148	卖盘
14:20:27	22.87	-0.01	2	4574	卖盘
14:20:24	22.88	0.01	100	228800	买盘
14:20:21	22.87	0.01	146	333902	买盘
14:20:12	22.86	--	133	304038	卖盘
14:20:09	22.86	--	8	18288	买盘
14:20:06	22.86	--	4	9144	买盘
14:20:03	22.86	--	88	201168	买盘
14:20:00	22.86	--	98	224028	买盘
14:19:57	22.86	--	36	82296	买盘
14:19:54	22.86	--	145	331470	买盘
14:19:51	22.86	0.01	19	43434	买盘
14:19:48	22.85	-0.01	19	43415	卖盘
14:19:45	22.86	--	32	73152	买盘
14:19:42	22.86	--	29	66294	买盘
14:19:36	22.86	--	5	11430	买盘
14:19:18	22.86	--	25	57150	买盘
14:19:15	22.86	0.01	26	59436	买盘
14:19:12	22.85	--	229	524498	买盘
14:19:09	22.85	--	32	73120	买盘
14:19:06	22.85	--	7	15995	买盘
14:19:03	22.85	--	16	36560	买盘
14:19:00	22.85	0.01	16	36560	买盘
14:18:54	22.84	--	12	27408	卖盘
14:18:48	22.84	-0.01	49	111916	卖盘
14:18:45	22.85	--	29	66265	买盘
14:18:42	22.85	--	14	31990	买盘
14:18:39	22.85	--	1	2285	买盘
14:18:33	22.85	0.01	102	233070	买盘
14:18:30	22.84	-0.01	9	20556	中性盘
14:18:27	22.85	--	81	185085	买盘
14:18:24	22.85	--	15	34275	买盘
14:18:21	22.85	0.01	6	13710	买盘
14:18:18	22.84	--	96	219264	买盘
14:18:15	22.84	0.01	46	105064	买盘
14:18:12	22.83	-0.01	16	36528	卖盘
14:18:09	22.84	--	13	29692	买盘
14:18:06	22.84	0.01	14	31976	买盘
14:18:00	22.83	-0.01	4	9132	卖盘
14:17:57	22.84	0.01	47	108764	买盘
14:17:54	22.83	--	50	114149	买盘
14:17:51	22.83	0.01	12	27395	买盘
14:17:48	22.82	-0.01	32	73024	卖盘
14:17:45	22.83	--	4	9132	买盘
14:17:42	22.83	--	34	77622	买盘
14:17:39	22.83	--	3	6848	买盘
14:17:36	22.83	--	74	168942	买盘
14:17:33	22.83	--	23	52508	买盘
14:17:30	22.83	--	5	11415	买盘
14:17:24	22.83	--	110	251129	买盘
14:17:18	22.83	0.01	2	4566	买盘
14:17:15	22.82	-0.01	8	18256	卖盘
14:17:12	22.83	0.01	30	68490	买盘
14:17:09	22.82	-0.01	17	38794	卖盘
14:17:06	22.83	0.01	53	120998	买盘
14:17:03	22.82	-0.01	75	171150	卖盘
14:16:57	22.83	0.01	10	22830	买盘
14:16:54	22.82	-0.01	1	2282	卖盘
14:16:45	22.83	--	1	2283	买盘
14:16:42	22.83	0.01	4	9132	买盘
14:16:36	22.82	--	6	13692	卖盘
14:16:27	22.82	-0.01	38	86716	卖盘
14:16:21	22.83	--	5	11415	买盘
14:16:18	22.83	--	30	68490	中性盘
14:16:15	22.83	--	3	6848	买盘
14:16:12	22.83	--	43	98168	买盘
14:16:09	22.83	--	215	490844	卖盘
14:16:06	22.83	--	122	278526	买盘
14:16:03	22.83	--	235	536505	卖盘
14:15:57	22.83	--	19	43377	卖盘
14:15:48	22.83	-0.01	1	2283	卖盘
14:15:45	22.84	--	6	13704	买盘
14:15:39	22.84	--	14	31976	买盘
14:15:36	22.84	0.01	2	4568	买盘
14:15:30	22.83	-0.01	2	4566	卖盘
14:15:24	22.84	--	14	31976	买盘
14:15:21	22.84	--	12	27408	买盘
14:15:18	22.84	--	44	100496	买盘
14:15:12	22.84	--	49	111916	买盘
14:15:09	22.84	--	13	29692	买盘
14:15:06	22.84	--	3	6852	买盘
14:15:03	22.84	--	41	93644	买盘
14:15:00	22.84	--	12	27408	买盘
14:14:54	22.84	0.01	5	11420	买盘
14:14:51	22.83	-0.01	2	4566	卖盘
14:14:39	22.84	--	4	9136	买盘
14:14:36	22.84	--	69	157596	买盘
14:14:33	22.84	0.01	60	137040	买盘
14:14:27	22.83	--	11	25112	买盘
14:14:24	22.83	--	25	57074	买盘
14:14:15	22.83	--	7	15980	买盘
14:14:12	22.83	--	56	127847	买盘
14:14:06	22.83	--	3	6848	买盘
14:14:03	22.83	--	7	15980	买盘
14:13:57	22.83	--	33	75339	买盘
14:13:54	22.83	--	5	11415	买盘
14:13:51	22.83	--	20	45660	买盘
14:13:48	22.83	--	2	4566	买盘
14:13:42	22.83	--	10	22830	买盘
14:13:39	22.83	--	6	13697	买盘
14:13:36	22.83	--	3	6848	买盘
14:13:33	22.83	--	3	6848	买盘
14:13:27	22.83	--	3	6848	买盘
14:13:21	22.83	0.01	5	11415	买盘
14:13:15	22.82	-0.01	10	22820	卖盘
14:13:12	22.83	--	19	43377	买盘
14:13:09	22.83	--	9	20547	买盘
14:13:06	22.83	--	3	6848	买盘
14:13:03	22.83	--	5	11415	买盘
14:13:00	22.83	--	1	2283	买盘
14:12:54	22.83	--	11	25112	买盘
14:12:48	22.83	--	1	2283	买盘
14:12:39	22.83	--	12	27395	买盘
14:12:36	22.83	0.01	11	25112	买盘
14:12:30	22.82	--	1	2282	卖盘
14:12:24	22.82	-0.01	4	9128	卖盘
14:12:21	22.83	0.01	54	123281	买盘
14:12:18	22.82	-0.01	2	4564	卖盘
14:12:12	22.83	--	16	36528	买盘
14:12:06	22.83	0.01	9	20547	买盘
14:12:03	22.82	--	39	88998	卖盘
14:12:00	22.82	-0.01	17	38794	卖盘
14:11:57	22.83	0.01	10	22830	买盘
14:11:54	22.82	-0.01	57	130074	卖盘
14:11:51	22.83	--	20	45660	买盘
14:11:48	22.83	--	1	2283	买盘
14:11:45	22.83	--	1	2283	买盘
14:11:42	22.83	--	5	11415	买盘
14:11:36	22.83	--	3	6848	买盘
14:11:33	22.83	--	15	34245	中性盘
14:11:21	22.83	0.01	36	82188	买盘
14:11:18	22.82	-0.01	19	43358	中性盘
14:11:09	22.83	0.01	4	9132	买盘
14:11:06	22.82	--	32	73024	买盘
14:11:00	22.82	-0.01	55	125510	买盘
14:10:54	22.83	0.02	12	27395	买盘
14:10:51	22.81	-0.01	1	2281	卖盘
14:10:48	22.82	--	11	25102	买盘
14:10:45	22.82	--	2	4564	买盘
14:10:39	22.82	0.01	4	9128	买盘
14:10:36	22.81	-0.01	9	20529	卖盘
14:10:33	22.82	--	2	4564	买盘
14:10:30	22.82	--	21	47922	买盘
14:10:21	22.82	--	40	91280	买盘
14:10:18	22.82	--	48	109536	买盘
14:10:15	22.82	--	20	45640	卖盘
14:10:12	22.82	--	13	29666	买盘
14:10:09	22.82	0.01	104	237328	买盘
14:10:06	22.81	-0.01	17	38777	卖盘
14:10:03	22.82	--	1	2282	买盘
14:09:54	22.82	0.02	10	22820	买盘
14:09:48	22.8	-0.02	53	120840	卖盘
14:09:39	22.82	--	4	9128	买盘
14:09:33	22.82	-0.01	42	95844	买盘
14:09:27	22.83	-0.01	14	31961	卖盘
14:09:24	22.84	0.04	33	75372	买盘
14:09:12	22.8	-0.04	70	159600	卖盘
14:09:09	22.84	--	304	694336	买盘
14:09:06	22.84	0.02	6	13704	买盘
14:09:00	22.82	-0.02	15	34230	卖盘
14:08:51	22.84	--	12	27408	买盘
14:08:42	22.84	--	16	36544	买盘
14:08:39	22.84	-0.01	33	75372	卖盘
14:08:36	22.85	0.01	3	6855	买盘
14:08:30	22.84	--	4	9136	卖盘
14:08:21	22.84	--	6	13704	买盘
14:08:18	22.84	--	35	79940	卖盘
14:08:15	22.84	-0.01	75	171300	卖盘
14:08:12	22.85	--	54	123390	买盘
14:08:06	22.85	--	219	500415	买盘
14:07:51	22.85	-0.01	20	45700	卖盘
14:07:48	22.86	0.03	2	4572	买盘
14:07:45	22.83	-0.04	123	280809	卖盘
14:07:39	22.87	--	9	20583	买盘
14:07:36	22.87	--	2	4574	买盘
14:07:18	22.87	0.02	20	45740	买盘
14:07:15	22.85	-0.01	100	228500	卖盘
14:07:12	22.86	--	2	4572	买盘
14:07:09	22.86	--	4	9144	买盘
14:07:06	22.86	--	20	45720	买盘
14:07:03	22.86	--	1	2286	买盘
14:07:00	22.86	-0.02	123	281178	卖盘
14:06:54	22.88	--	32	73216	买盘
14:06:51	22.88	--	17	38896	买盘
14:06:48	22.88	0.01	12	27456	买盘
14:06:42	22.87	-0.01	5	11435	卖盘
14:06:39	22.88	--	4	9152	买盘
14:06:36	22.88	-0.01	2	4576	中性盘
14:06:30	22.89	--	3	6867	买盘
14:06:24	22.89	0.03	50	114450	买盘
14:06:21	22.86	-0.01	400	914400	卖盘
14:06:18	22.87	-0.02	8	18296	卖盘
14:06:12	22.89	0.01	40	91560	买盘
14:06:09	22.88	0.01	4	9152	买盘
14:06:06	22.87	--	7	16009	买盘
14:06:03	22.87	-0.02	43	98341	买盘
14:05:57	22.89	--	5	11445	买盘
14:05:51	22.89	0.02	500	1144500	买盘
14:05:48	22.87	--	3	6861	中性盘
14:05:39	22.87	-0.01	260	594620	卖盘
14:05:36	22.88	--	40	91520	买盘
14:05:30	22.88	--	1	2288	买盘
14:05:27	22.88	0.01	5	11440	买盘
14:05:24	22.87	-0.01	43	98341	卖盘
14:05:21	22.88	--	14	32032	买盘
14:05:15	22.88	0.01	21	48048	买盘
14:05:12	22.87	-0.01	4	9148	卖盘
14:05:06	22.88	--	203	464464	买盘
14:04:57	22.88	--	5	11440	买盘
14:04:48	22.88	--	1	2288	买盘
14:04:45	22.88	--	46	105248	买盘
14:04:36	22.88	--	2	4576	买盘
14:04:33	22.88	0.01	3	6864	买盘
14:04:30	22.87	-0.01	1	2287	卖盘
14:04:24	22.88	0.01	4	9152	买盘
14:04:18	22.87	--	4	9148	买盘
14:04:15	22.87	-0.01	58	132646	买盘
14:04:09	22.88	0.01	41	93808	买盘
14:04:06	22.87	0.01	3	6861	买盘
14:04:00	22.86	--	26	59436	卖盘
14:03:57	22.86	-0.01	2	4572	卖盘
14:03:54	22.87	--	1	2287	买盘
14:03:51	22.87	--	20	45740	买盘
14:03:48	22.87	--	37	84619	买盘
14:03:36	22.87	--	2	4574	买盘
14:03:30	22.87	--	3	6861	买盘
14:03:21	22.87	0.01	80	182960	买盘
14:03:15	22.86	-0.01	1	2286	卖盘
14:03:06	22.87	--	14	32018	买盘
14:03:03	22.87	0.01	12	27444	买盘
14:03:00	22.86	--	12	27432	卖盘
14:02:54	22.86	--	6	13716	卖盘
14:02:51	22.86	-0.01	9	20574	卖盘
14:02:45	22.87	-0.01	1	2287	买盘
14:02:42	22.88	0.02	17	38896	买盘
14:02:39	22.86	--	171	390906	卖盘
14:02:36	22.86	--	12	27432	卖盘
14:02:33	22.86	--	17	38862	卖盘
14:02:24	22.86	--	253	578358	卖盘
14:02:21	22.86	--	6	13716	卖盘
14:02:06	22.86	--	15	34290	卖盘
14:02:03	22.86	-0.01	1	2286	卖盘
14:01:57	22.87	--	41	93767	买盘
14:01:51	22.87	--	40	91480	买盘
14:01:48	22.87	--	18	41166	买盘
14:01:42	22.87	--	56	128072	买盘
14:01:39	22.87	--	31	70897	买盘
14:01:36	22.87	0.01	2	4574	买盘
14:01:33	22.86	-0.01	5	11430	卖盘
14:01:30	22.87	--	17	38879	买盘
14:01:24	22.87	--	5	11435	买盘
14:01:21	22.87	--	10	22870	买盘
14:01:12	22.87	--	9	20583	买盘
14:01:09	22.87	0.01	9	20583	买盘
14:01:06	22.86	-0.01	25	57150	卖盘
14:00:51	22.87	--	6	13722	买盘
14:00:45	22.87	--	24	54888	买盘
14:00:42	22.87	--	1	2287	买盘
14:00:39	22.87	--	78	178386	买盘
14:00:36	22.87	--	3	6861	买盘
14:00:30	22.87	0.01	109	249283	买盘
14:00:18	22.86	--	3	6858	卖盘
14:00:15	22.86	--	4	9144	卖盘
14:00:09	22.86	--	10	22860	卖盘
14:00:06	22.86	-0.01	72	164592	卖盘
13:59:57	22.87	--	1	2287	买盘
13:59:51	22.87	-0.01	58	132646	卖盘
13:59:45	22.88	0.01	2	4576	买盘
13:59:39	22.87	--	12	27444	卖盘
13:59:36	22.87	-0.01	5	11435	卖盘
13:59:30	22.88	0.01	2	4576	买盘
13:59:21	22.87	--	10	22870	卖盘
13:59:18	22.87	--	10	22870	卖盘
13:59:12	22.87	-0.01	100	228700	卖盘
13:59:06	22.88	--	2	4576	买盘
13:59:00	22.88	-0.01	41	94082	卖盘
13:58:54	22.89	--	176	402864	买盘
13:58:51	22.89	--	48	109872	买盘
13:58:48	22.89	--	11	25179	卖盘
13:58:45	22.89	0.01	89	203721	买盘
13:58:39	22.88	-0.01	38	86944	卖盘
13:58:36	22.89	0.01	3	6867	买盘
13:58:30	22.88	--	6	13728	卖盘
13:58:24	22.88	-0.01	137	313456	卖盘
13:58:18	22.89	--	16	36624	买盘
13:58:12	22.89	--	2	4578	买盘
13:58:06	22.89	0.01	2	4578	买盘
13:58:03	22.88	-0.01	52	118976	卖盘
13:58:00	22.89	--	2	4578	买盘
13:57:54	22.89	0.01	49	112161	中性盘
13:57:48	22.88	-0.01	67	153296	卖盘
13:57:45	22.89	--	5	11445	卖盘
13:57:39	22.89	-0.01	50	114450	卖盘
13:57:36	22.9	0.01	14	32059	买盘
13:57:21	22.89	--	17	38913	卖盘
13:57:18	22.89	--	22	50358	买盘
13:57:12	22.89	--	259	592851	买盘
13:57:09	22.89	--	25	57225	买盘
13:57:06	22.89	--	2	4578	买盘
13:57:00	22.89	0.01	50	114450	买盘
13:56:57	22.88	-0.01	6	13728	卖盘
13:56:51	22.89	--	5	11445	买盘
13:56:45	22.89	--	33	75537	买盘
13:56:42	22.89	--	9	20601	买盘
13:56:39	22.89	--	6	13734	买盘
13:56:36	22.89	--	15	34335	买盘
13:56:30	22.89	0.01	22	50358	买盘
13:56:21	22.88	--	93	214797	买盘
13:56:15	22.88	--	14	32032	买盘
13:56:12	22.88	--	3	6864	买盘
13:56:09	22.88	--	5	11440	买盘
13:56:06	22.88	--	22	50336	买盘
13:56:03	22.88	0.01	28	64064	买盘
13:56:00	22.87	-0.01	24	54888	卖盘
13:55:57	22.88	0.01	222	507936	买盘
13:55:51	22.87	--	9	20583	卖盘
13:55:48	22.87	--	3	6861	卖盘
13:55:39	22.87	-0.01	8	18296	卖盘
13:55:36	22.88	--	2	4576	买盘
13:55:30	22.88	--	5	11440	买盘
13:55:27	22.88	0.01	244	558272	买盘
13:55:24	22.87	--	8	18296	卖盘
13:55:21	22.87	-0.01	3	6861	卖盘
13:55:18	22.88	0.01	43	98384	买盘
13:55:12	22.87	--	125	285875	买盘
13:55:09	22.87	--	31	70897	买盘
13:55:06	22.87	--	50	114350	买盘
13:55:03	22.87	--	7	16009	买盘
13:55:00	22.87	--	24	54888	买盘
13:54:57	22.87	--	6	13722	买盘
13:54:54	22.87	--	52	118924	买盘
13:54:48	22.87	--	38	86906	买盘
13:54:45	22.87	--	130	297310	买盘
13:54:42	22.87	0.01	17	38879	买盘
13:54:39	22.86	--	6	13716	卖盘
13:54:36	22.86	-0.01	4	9144	卖盘
13:54:33	22.87	0.02	11	25157	中性盘
13:54:30	22.85	-0.03	23	52555	卖盘
13:54:27	22.88	0.03	74	169312	买盘
13:54:24	22.85	-0.01	33	75405	卖盘
13:54:21	22.86	-0.01	29	66568	卖盘
13:54:18	22.87	0.01	12	27444	买盘
13:54:12	22.86	--	12	29443	买盘
13:54:09	22.86	0.02	32	73152	买盘
13:54:06	22.84	-0.01	9	20556	卖盘
13:54:03	22.85	0.01	3	6855	买盘
13:54:00	22.84	--	90	205560	买盘
13:53:57	22.84	--	104	237536	买盘
13:53:54	22.84	--	2	4568	买盘
13:53:36	22.84	--	17	38828	买盘
13:53:24	22.84	--	2	4568	买盘
13:53:18	22.84	0.02	73	166732	买盘
13:53:15	22.82	--	5	11410	卖盘
13:53:12	22.82	--	1	2282	买盘
13:53:09	22.82	--	21	47922	买盘
13:53:06	22.82	--	13	29666	买盘
13:53:03	22.82	--	42	95844	买盘
13:53:00	22.82	--	10	22820	买盘
13:52:57	22.82	--	30	68460	买盘
13:52:51	22.82	--	26	59332	买盘
13:52:48	22.82	--	8	18256	买盘
13:52:45	22.82	--	119	271558	买盘
13:52:42	22.82	--	36	82152	买盘
13:52:36	22.82	--	2	4564	买盘
13:52:33	22.82	--	105	239610	买盘
13:52:30	22.82	--	11	25102	买盘
13:52:27	22.82	0.01	300	684600	买盘
13:52:18	22.81	--	4	9124	买盘
13:52:15	22.81	0.01	5	11405	买盘
13:52:12	22.8	--	87	198360	买盘
13:52:09	22.8	--	20	45600	买盘
13:52:06	22.8	--	74	168720	卖盘
13:52:03	22.8	-0.01	121	275880	卖盘
13:52:00	22.81	0.01	20	45620	买盘
13:51:54	22.8	-0.01	105	239400	卖盘
13:51:51	22.81	0.01	50	114050	买盘
13:51:42	22.8	--	159	362520	买盘
13:51:39	22.8	--	20	45600	买盘
13:51:36	22.8	--	12	27360	买盘
13:51:33	22.8	--	5	11400	买盘
13:51:30	22.8	--	32	72960	买盘
13:51:21	22.8	--	33	75240	买盘
13:51:15	22.8	--	45	102600	买盘
13:51:09	22.8	--	105	239400	买盘
13:51:06	22.8	0.01	65	148200	买盘
13:51:03	22.79	-0.01	18	41022	卖盘
13:50:57	22.8	0.03	10	22800	中性盘
13:50:51	22.77	-0.03	241	548757	卖盘
13:50:45	22.8	--	11	25080	买盘
13:50:42	22.8	0.01	26	59280	买盘
13:50:39	22.79	-0.01	7	15953	卖盘
13:50:36	22.8	--	2	4560	买盘
13:50:33	22.8	--	10	22800	买盘
13:50:30	22.8	--	1	2280	买盘
13:50:27	22.8	-0.01	67	153261	卖盘
13:50:24	22.81	0.01	68	155108	买盘
13:50:21	22.8	--	17	40538	买盘
13:50:18	22.8	-0.01	118	269541	卖盘
13:50:15	22.81	0.01	10	22810	买盘
13:50:09	22.8	--	4	9120	卖盘
13:50:06	22.8	-0.01	4	9120	卖盘
13:49:57	22.81	--	6	13686	买盘
13:49:54	22.81	0.01	2	4562	买盘
13:49:51	22.8	-0.01	502	1144560	卖盘
13:49:45	22.81	--	5	11405	买盘
13:49:42	22.81	--	107	244067	买盘
13:49:39	22.81	--	10	22810	买盘
13:49:36	22.81	-0.01	108	246348	卖盘
13:49:27	22.82	0.01	60	136920	买盘
13:49:24	22.81	-0.01	49	111769	卖盘
13:49:21	22.82	--	62	141484	买盘
13:49:12	22.82	--	304	693728	买盘
13:49:06	22.82	--	4	9128	买盘
13:49:03	22.82	-0.01	34	77588	卖盘
13:49:00	22.83	0.01	10	22830	买盘
13:48:57	22.82	--	14	31948	卖盘
13:48:54	22.82	-0.01	51	116382	卖盘
13:48:51	22.83	--	5	11415	买盘
13:48:48	22.83	--	20	45660	买盘
13:48:39	22.83	--	37	84471	买盘
13:48:36	22.83	0.01	3	6848	买盘
13:48:33	22.82	-0.01	7	15974	卖盘
13:48:24	22.83	--	42	95886	买盘
13:48:21	22.83	0.01	50	114149	买盘
13:48:18	22.82	--	97	221354	卖盘
13:48:12	22.82	-0.01	1	2282	卖盘
13:48:09	22.83	--	17	38811	买盘
13:48:06	22.83	0.01	22	50225	买盘
13:48:03	22.82	-0.01	3	6846	卖盘
13:48:00	22.83	--	5	11415	买盘
13:47:57	22.83	0.01	100	228299	买盘
13:47:51	22.82	-0.01	52	118664	卖盘
13:47:45	22.83	-0.01	1	2283	中性盘
13:47:30	22.84	0.03	7	15988	买盘
13:47:27	22.81	-0.03	7	15967	中性盘
13:47:15	22.84	--	34	77656	买盘
13:47:12	22.84	0.04	10	22840	买盘
13:47:09	22.8	-0.01	69	157320	卖盘
13:47:06	22.81	-0.02	55	125455	卖盘
13:47:00	22.83	-0.01	9	20547	卖盘
13:46:57	22.84	--	92	210128	卖盘
13:46:51	22.84	--	14	31976	卖盘
13:46:48	22.84	--	7	15988	买盘
13:46:45	22.84	--	18	41112	卖盘
13:46:42	22.84	--	16	36544	卖盘
13:46:39	22.84	--	100	228400	卖盘
13:46:36	22.84	--	4	9136	卖盘
13:46:30	22.84	-0.01	10	22840	卖盘
13:46:24	22.85	--	12	27420	买盘
13:46:21	22.85	0.01	1	2285	买盘
13:46:12	22.84	-0.01	69	157596	卖盘
13:46:06	22.85	--	58	132530	买盘
13:46:03	22.85	--	17	38845	买盘
13:46:00	22.85	-0.01	19	43415	卖盘
13:45:57	22.86	--	57	130302	买盘
13:45:51	22.86	--	9	20574	买盘
13:45:42	22.86	--	4	9144	买盘
13:45:36	22.86	--	186	425470	卖盘
13:45:33	22.86	--	22	50292	卖盘
13:45:24	22.86	--	23	52578	卖盘
13:45:21	22.86	-0.01	2	4572	卖盘
13:45:18	22.87	0.01	20	45740	买盘
13:45:12	22.86	--	103	235458	卖盘
13:45:09	22.86	--	71	162306	卖盘
13:45:06	22.86	-0.01	135	308610	卖盘
13:45:00	22.87	--	1	2287	买盘
13:44:54	22.87	--	9	20583	买盘
13:44:51	22.87	--	5	11435	买盘
13:44:45	22.87	-0.01	45	102915	卖盘
13:44:42	22.88	-0.01	65	148720	卖盘
13:44:36	22.89	0.01	3	6867	买盘
13:44:33	22.88	-0.01	10	22880	卖盘
13:44:27	22.89	--	9	20601	买盘
13:44:24	22.89	--	1	2289	买盘
13:44:21	22.89	--	31	70959	买盘
13:44:18	22.89	0.01	3	6867	买盘
13:44:15	22.88	-0.01	48	109824	卖盘
13:44:12	22.89	--	34	77826	买盘
13:44:06	22.89	0.01	2	4578	买盘
13:44:00	22.88	--	147	336336	卖盘
13:43:51	22.88	-0.01	91	208208	卖盘
13:43:48	22.89	0.01	29	66381	买盘
13:43:39	22.88	--	51	116688	卖盘
13:43:36	22.88	--	3	6864	卖盘
13:43:33	22.88	--	477	1091376	买盘
13:43:30	22.88	0.01	10	22880	买盘
13:43:18	22.87	-0.01	307	702109	卖盘
13:43:12	22.88	0.01	35	80080	买盘
13:43:06	22.87	-0.01	38	86906	卖盘
13:43:00	22.88	--	13	29744	买盘
13:42:45	22.88	0.01	13	29744	买盘
13:42:42	22.87	--	116	265292	买盘
13:42:39	22.87	-0.01	189	432243	卖盘
13:42:36	22.88	--	22	50336	买盘
13:42:33	22.88	0.01	7	16016	买盘
13:42:24	22.87	--	10	22870	卖盘
13:42:21	22.87	--	31	70897	买盘
13:42:18	22.87	0.01	12	27444	买盘
13:42:15	22.86	-0.01	5	11430	卖盘
13:42:12	22.87	--	75	171525	买盘
13:42:09	22.87	--	20	45740	买盘
13:42:06	22.87	--	3	6861	买盘
13:42:03	22.87	--	79	180673	买盘
13:41:57	22.87	0.01	50	114350	买盘
13:41:54	22.86	-0.01	13	29718	卖盘
13:41:51	22.87	--	1	2287	买盘
13:41:39	22.87	--	5	11435	买盘
13:41:36	22.87	0.01	15	34305	买盘
13:41:33	22.86	-0.01	32	73152	卖盘
13:41:30	22.87	--	2	4574	买盘
13:41:24	22.87	--	1	2287	买盘
13:41:21	22.87	--	1	2287	买盘
13:41:15	22.87	--	12	29456	买盘
13:41:06	22.87	--	103	235561	买盘
13:40:57	22.87	--	1	2287	买盘
13:40:36	22.87	--	15	34305	买盘
13:40:30	22.87	0.01	3	6861	买盘
13:40:27	22.86	--	7	16002	卖盘
13:40:21	22.86	-0.01	8	18288	卖盘
13:40:18	22.87	0.01	10	22870	买盘
13:40:15	22.86	-0.01	17	38862	卖盘
13:40:06	22.87	--	8	18296	买盘
13:40:03	22.87	--	14	32018	买盘
13:40:00	22.87	--	1	2287	买盘
13:39:48	22.87	--	11	25157	买盘
13:39:42	22.87	--	37	84619	买盘
13:39:36	22.87	-0.01	103	235561	卖盘
13:39:33	22.88	0.01	20	45760	买盘
13:39:24	22.87	--	55	125785	卖盘
13:39:21	22.87	-0.01	15	34305	卖盘
13:39:18	22.88	--	100	228800	买盘
13:39:15	22.88	--	13	29744	买盘
13:39:09	22.88	--	27	61776	买盘
13:39:06	22.88	--	3	6864	买盘
13:39:00	22.88	--	2	4576	买盘
13:38:57	22.88	0.01	6	13728	买盘
13:38:54	22.87	-0.01	6	13722	卖盘
13:38:48	22.88	0.01	5	11440	买盘
13:38:42	22.87	-0.01	5	11435	卖盘
13:38:39	22.88	--	1	2288	买盘
13:38:33	22.88	--	2	4576	买盘
13:38:30	22.88	0.01	1	2288	买盘
13:38:27	22.87	--	12	27444	卖盘
13:38:24	22.87	--	1	2287	卖盘
13:38:21	22.87	--	5	11435	卖盘
13:38:18	22.87	-0.01	10	22870	卖盘
13:38:12	22.88	--	12	27456	买盘
13:38:06	22.88	0.01	2	4576	买盘
13:38:03	22.87	--	57	130359	卖盘
13:38:00	22.87	-0.01	5	11435	卖盘
13:37:57	22.88	--	31	70928	买盘
13:37:51	22.88	--	15	34320	买盘
13:37:48	22.88	--	60	137280	买盘
13:37:36	22.88	--	8	18304	买盘
13:37:33	22.88	--	3	6864	买盘
13:37:30	22.88	--	3	6864	买盘
13:37:27	22.88	0.01	5	11440	买盘
13:37:00	22.87	0.02	11	25157	买盘
13:36:57	22.85	-0.01	39	89115	卖盘
13:36:54	22.86	0.01	1	2286	买盘
13:36:51	22.85	--	13	29705	卖盘
13:36:48	22.85	-0.01	5	11425	卖盘
13:36:42	22.86	-0.01	371	848106	中性盘
13:36:39	22.87	0.02	25	57175	买盘
13:36:36	22.85	-0.01	5	11425	卖盘
13:36:33	22.86	--	6	13716	买盘
13:36:30	22.86	0.01	9	20574	买盘
13:36:27	22.85	--	1	2285	卖盘
13:36:24	22.85	--	2	4570	卖盘
13:36:21	22.85	-0.02	48	109680	卖盘
13:36:09	22.87	--	42	96054	买盘
13:36:06	22.87	0.01	272	622064	买盘
13:36:00	22.86	-0.01	3	6858	卖盘
13:35:51	22.87	--	79	180673	买盘
13:35:45	22.87	-0.01	2	4574	买盘
13:35:42	22.88	0.01	10	24367	卖盘
13:35:36	22.87	--	29	67123	买盘
13:35:30	22.87	-0.02	189	432243	卖盘
13:35:21	22.89	--	64	146496	卖盘
13:35:15	22.89	0.01	36	82404	买盘
13:35:12	22.88	0.01	2	4576	中性盘
13:34:57	22.87	-0.02	101	230987	卖盘
13:34:54	22.89	-0.01	88	201432	卖盘
13:34:51	22.9	--	5	11450	买盘
13:34:45	22.9	--	5	11450	买盘
13:34:39	22.9	--	2	4580	买盘
13:34:36	22.9	--	3	6870	买盘
13:34:30	22.9	--	50	114500	卖盘
13:34:27	22.9	--	3	6870	卖盘
13:34:24	22.9	--	8	18320	卖盘
13:34:21	22.9	--	5	11450	卖盘
13:34:18	22.9	--	9	20610	卖盘
13:34:15	22.9	-0.01	6	13740	卖盘
13:34:09	22.91	--	1	2291	买盘
13:34:06	22.91	0.01	102	233682	买盘
13:34:03	22.9	--	5	11450	卖盘
13:34:00	22.9	-0.01	20	45800	卖盘
13:33:51	22.91	0.01	3	6873	买盘
13:33:45	22.9	--	6	13740	卖盘
13:33:42	22.9	-0.01	5	11450	卖盘
13:33:33	22.91	--	5	11455	买盘
13:33:21	22.91	--	382	875162	买盘
13:33:18	22.91	--	10	22910	买盘
13:33:15	22.91	--	6	13746	买盘
13:33:12	22.91	--	1	2291	买盘
13:33:03	22.91	--	140	320740	卖盘
13:32:45	22.91	0.01	23	52693	买盘
13:32:42	22.9	--	21	48090	卖盘
13:32:39	22.9	-0.01	72	164880	卖盘
13:32:36	22.91	--	12	27492	卖盘
13:32:33	22.91	0.01	28	64148	买盘
13:32:30	22.9	-0.01	65	148850	卖盘
13:32:24	22.91	0.01	116	265756	买盘
13:32:21	22.9	--	7	16029	买盘
13:32:09	22.9	--	65	148850	买盘
13:32:06	22.9	0.01	29	66410	买盘
13:32:03	22.89	-0.01	5	11445	卖盘
13:32:00	22.9	--	1	2290	买盘
13:31:57	22.9	0.01	50	114500	买盘
13:31:54	22.89	--	95	217455	卖盘
13:31:48	22.89	-0.01	4	9156	卖盘
13:31:36	22.9	0.01	23	52670	买盘
13:31:33	22.89	--	56	128184	卖盘
13:31:30	22.89	--	6	13734	卖盘
13:31:24	22.89	-0.01	2	4578	卖盘
13:31:18	22.9	--	4	9160	买盘
13:31:15	22.9	--	42	96180	买盘
13:31:12	22.9	0.01	1	2290	买盘
13:31:09	22.89	-0.01	161	368529	卖盘
13:31:06	22.9	--	110	251899	买盘
13:31:03	22.9	0.01	9	20610	买盘
13:31:00	22.89	-0.01	40	91560	卖盘
13:30:48	22.9	0.01	1	2290	买盘
13:30:42	22.89	-0.01	68	155652	卖盘
13:30:39	22.9	--	1	2290	买盘
13:30:36	22.9	--	8	18320	买盘
13:30:33	22.9	--	3	6870	买盘
13:30:27	22.9	--	11	25190	买盘
13:30:24	22.9	--	20	45800	买盘
13:30:21	22.9	--	44	100760	卖盘
13:30:15	22.9	-0.01	35	80150	卖盘
13:30:12	22.91	--	51	116841	买盘
13:30:09	22.91	-0.01	3	6873	卖盘
13:30:06	22.92	--	11	25212	买盘
13:30:03	22.92	0.01	11	25212	买盘
13:30:00	22.91	-0.01	23	52693	卖盘
13:29:45	22.92	-0.01	17	38964	卖盘
13:29:39	22.93	0.01	34	77962	买盘
13:29:36	22.92	-0.01	500	1146000	卖盘
13:29:33	22.93	--	22	50446	卖盘
13:29:30	22.93	--	10	22930	卖盘
13:29:27	22.93	--	2	4586	卖盘
13:29:21	22.93	-0.01	26	59618	卖盘
13:29:18	22.94	--	124	284456	买盘
13:29:12	22.94	--	28	64232	买盘
13:29:09	22.94	--	121	277574	买盘
13:29:06	22.94	-0.01	58	133052	卖盘
13:29:03	22.95	--	116	266220	买盘
13:29:00	22.95	--	2	4590	买盘
13:28:57	22.95	--	80	183600	卖盘
13:28:54	22.95	--	120	275400	买盘
13:28:51	22.95	--	11	25245	卖盘
13:28:48	22.95	--	10	22950	卖盘
13:28:45	22.95	0.01	106	243270	买盘
13:28:42	22.94	-0.01	16	36704	卖盘
13:28:39	22.95	0.01	2	4590	买盘
13:28:36	22.94	-0.01	27	61938	卖盘
13:28:33	22.95	--	30	68850	买盘
13:28:30	22.95	--	12	27540	买盘
13:28:24	22.95	-0.01	100	229500	卖盘
13:28:21	22.96	0.01	568	1304128	买盘
13:28:18	22.95	--	1	2295	卖盘
13:28:15	22.95	-0.01	6	13770	卖盘
13:28:12	22.96	0.01	37	84952	买盘
13:28:09	22.95	0.01	251	576045	买盘
13:28:06	22.94	-0.01	3	6882	卖盘
13:28:03	22.95	--	104	238680	买盘
13:28:00	22.95	0.01	39	89505	买盘
13:27:57	22.94	--	127	291338	买盘
13:27:54	22.94	--	214	490916	买盘
13:27:48	22.94	0.01	38	87172	买盘
13:27:45	22.93	-0.01	16	36688	卖盘
13:27:42	22.94	--	14	32116	买盘
13:27:39	22.94	--	22	50468	买盘
13:27:36	22.94	0.01	13	29822	买盘
13:27:33	22.93	--	12	27516	买盘
13:27:27	22.93	--	1	2293	买盘
13:27:24	22.93	0.01	4	9172	卖盘
13:27:21	22.92	-0.01	66	151272	卖盘
13:27:18	22.93	--	78	178854	买盘
13:27:15	22.93	0.01	49	112357	买盘
13:27:12	22.92	--	3	6876	买盘
13:27:09	22.92	-0.01	12	27504	卖盘
13:27:03	22.93	0.01	37	84841	买盘
13:27:00	22.92	--	28	64176	买盘
13:26:54	22.92	0.01	2	4584	买盘
13:26:45	22.91	--	171	391761	买盘
13:26:39	22.91	--	4	9164	买盘
13:26:36	22.91	--	31	71021	买盘
13:26:33	22.91	0.01	9	20619	买盘
13:26:24	22.9	0.01	2	4580	中性盘
13:26:21	22.89	-0.01	18	41202	卖盘
13:26:03	22.9	--	34	77860	买盘
13:26:00	22.9	--	50	114500	买盘
13:25:57	22.9	0.01	12	27480	买盘
13:25:51	22.89	--	27	61803	买盘
13:25:48	22.89	0.01	14	32046	买盘
13:25:39	22.88	--	50	114400	卖盘
13:25:36	22.88	--	128	292864	买盘
13:25:33	22.88	--	3	6864	买盘
13:25:30	22.88	--	15	34320	买盘
13:25:21	22.88	0.01	1	2288	买盘
13:25:15	22.87	--	3	6861	卖盘
13:25:12	22.87	-0.01	88	201256	卖盘
13:25:09	22.88	--	4	9152	买盘
13:25:06	22.88	--	110	251680	买盘
13:25:03	22.88	--	2	4576	买盘
13:24:57	22.88	--	1	2288	买盘
13:24:54	22.88	-0.01	227	519376	卖盘
13:24:51	22.89	0.01	50	114450	买盘
13:24:48	22.88	--	100	228800	卖盘
13:24:39	22.88	-0.01	11	25168	卖盘
13:24:36	22.89	--	3	6867	卖盘
13:24:33	22.89	0.01	90	206010	买盘
13:24:30	22.88	--	11	25168	卖盘
13:24:27	22.88	-0.01	8	18304	卖盘
13:24:21	22.89	0.01	36	82404	买盘
13:24:18	22.88	-0.02	13	29744	卖盘
13:24:15	22.9	0.01	5	11450	买盘
13:24:09	22.89	0.01	2	4578	买盘
13:24:06	22.88	-0.02	188	430144	卖盘
13:24:03	22.9	0.01	7	16029	买盘
13:23:57	22.89	--	13	29757	卖盘
13:23:48	22.89	-0.01	5	11445	卖盘
13:23:45	22.9	0.01	8	18320	买盘
13:23:39	22.89	--	10	22890	卖盘
13:23:36	22.89	-0.01	86	196854	卖盘
13:23:33	22.9	--	53	121369	买盘
13:23:27	22.9	--	36	82440	买盘
13:23:24	22.9	--	10	22900	买盘
13:23:21	22.9	--	36	82440	卖盘
13:23:18	22.9	--	66	151140	卖盘
13:23:12	22.9	--	5	11450	卖盘
13:23:09	22.9	-0.01	20	45800	卖盘
13:23:03	22.91	--	2	4582	买盘
13:23:00	22.91	--	55	126005	卖盘
13:22:54	22.91	-0.01	317	726247	卖盘
13:22:51	22.92	0.01	4	9168	买盘
13:22:48	22.91	--	75	171825	卖盘
13:22:42	22.91	-0.01	57	130587	卖盘
13:22:39	22.92	0.01	50	114600	买盘
13:22:36	22.91	-0.01	1	2291	卖盘
13:22:33	22.92	--	11	25212	卖盘
13:22:27	22.92	-0.01	200	458400	中性盘
13:22:24	22.93	0.02	100	229300	买盘
13:22:21	22.91	-0.01	12	27492	卖盘
13:22:18	22.92	--	20	45840	卖盘
13:22:06	22.92	-0.01	20	45840	卖盘
13:22:03	22.93	0.01	11	25223	买盘
13:22:00	22.92	-0.01	44	100848	卖盘
13:21:54	22.93	--	1	2293	买盘
13:21:51	22.93	--	11	25223	买盘
13:21:48	22.93	--	49	112357	卖盘
13:21:45	22.93	-0.01	548	1256564	卖盘
13:21:42	22.94	--	5	11470	买盘
13:21:39	22.94	--	1	2294	买盘
13:21:36	22.94	--	2	4588	买盘
13:21:33	22.94	--	22	50468	买盘
13:21:30	22.94	--	1	2294	买盘
13:21:27	22.94	--	17	38998	买盘
13:21:24	22.94	--	44	100936	买盘
13:21:21	22.94	--	12	27528	买盘
13:21:18	22.94	--	20	45880	买盘
13:21:15	22.94	-0.01	78	178932	卖盘
13:21:12	22.95	0.02	474	1087830	买盘
13:21:09	22.93	-0.01	5	11465	卖盘
13:21:03	22.94	--	3	6882	中性盘
13:20:57	22.94	--	16	36704	卖盘
13:20:51	22.94	-0.01	19	43586	卖盘
13:20:48	22.95	0.01	2	4590	买盘
13:20:45	22.94	0.02	42	96348	卖盘
13:20:42	22.92	--	86	197112	买盘
13:20:39	22.92	--	28	64176	买盘
13:20:36	22.92	--	1	2292	买盘
13:20:33	22.92	-0.02	103	236076	卖盘
13:20:30	22.94	0.01	147	337218	买盘
13:20:27	22.93	--	12	27516	买盘
13:20:24	22.93	--	53	121529	买盘
13:20:21	22.93	0.02	34	77962	买盘
13:20:18	22.91	--	11	25201	卖盘
13:20:15	22.91	--	2	4582	卖盘
13:20:12	22.91	--	738	1690758	买盘
13:20:09	22.91	0.01	10	22910	买盘
13:20:06	22.9	--	33	75570	买盘
13:20:03	22.9	--	7	16029	买盘
13:20:00	22.9	0.01	30	68700	买盘
13:19:57	22.89	--	70	160230	卖盘
13:19:54	22.89	-0.01	44	100716	卖盘
13:19:51	22.9	--	16	36640	买盘
13:19:48	22.9	--	27	61829	买盘
13:19:45	22.9	0.01	62	141980	买盘
13:19:42	22.89	--	123	281547	买盘
13:19:36	22.89	--	7	16023	买盘
13:19:33	22.89	0.01	52	119028	买盘
13:19:27	22.88	--	59	134992	买盘
13:19:24	22.88	--	50	114400	买盘
13:19:18	22.88	--	77	176176	买盘
13:19:15	22.88	--	3	6864	买盘
13:19:12	22.88	--	11	25168	买盘
13:19:06	22.88	--	123	281424	卖盘
13:19:03	22.88	--	28	64064	卖盘
13:18:54	22.88	-0.01	167	382096	卖盘
13:18:51	22.89	--	3	6867	卖盘
13:18:45	22.89	0.01	11	25179	卖盘
13:18:42	22.88	-0.02	112	256256	卖盘
13:18:39	22.9	0.01	58	132820	买盘
13:18:36	22.89	-0.02	8	18312	卖盘
13:18:33	22.91	0.01	26	59566	买盘
13:18:27	22.9	--	18	41220	卖盘
13:18:24	22.9	--	12	27480	买盘
13:18:18	22.9	--	7	16029	买盘
13:18:15	22.9	--	4	9160	买盘
13:18:12	22.9	--	55	125949	买盘
13:18:09	22.9	--	54	123659	卖盘
13:18:06	22.9	--	10	22900	卖盘
13:18:03	22.9	--	3	6870	卖盘
13:18:00	22.9	--	50	114500	卖盘
13:17:57	22.9	--	14	32059	卖盘
13:17:51	22.9	-0.02	5	11450	卖盘
13:17:48	22.92	0.02	2	4584	买盘
13:17:45	22.9	-0.02	35	80150	卖盘
13:17:42	22.92	0.02	2	4584	买盘
13:17:39	22.9	-0.02	122	279380	卖盘
13:17:36	22.92	--	107	245244	买盘
13:17:33	22.92	--	34	77928	买盘
13:17:30	22.92	--	1	2292	卖盘
13:17:27	22.92	--	17	38964	买盘
13:17:24	22.92	0.01	22	50424	中性盘
13:17:15	22.91	--	10	22910	卖盘
13:17:12	22.91	-0.02	12	27492	卖盘
13:17:09	22.93	0.01	11	25223	买盘
13:17:06	22.92	-0.01	28	64176	卖盘
13:17:03	22.93	--	1008	2311344	买盘
13:17:00	22.93	--	93	213249	卖盘
13:16:57	22.93	-0.01	32	73376	卖盘
13:16:51	22.94	--	44	100936	卖盘
13:16:48	22.94	-0.01	30	68820	卖盘
13:16:45	22.95	--	51	117045	买盘
13:16:42	22.95	--	14	32130	买盘
13:16:39	22.95	-0.01	8	18360	卖盘
13:16:36	22.96	0.01	13	29848	买盘
13:16:33	22.95	--	155	355725	买盘
13:16:30	22.95	-0.01	42	96390	买盘
13:16:27	22.96	--	73	167608	买盘
13:16:24	22.96	0.01	92	211232	买盘
13:16:21	22.95	-0.01	26	59670	中性盘
13:16:18	22.96	0.02	49	112504	买盘
13:16:15	22.94	-0.02	6	13764	卖盘
13:16:12	22.96	--	12	27552	卖盘
13:16:09	22.96	--	43	98728	买盘
13:16:06	22.96	--	6	13776	买盘
13:16:03	22.96	--	97	222712	买盘
13:16:00	22.96	0.02	59	135464	买盘
13:15:57	22.94	--	3	6882	卖盘
13:15:54	22.94	--	52	119288	买盘
13:15:51	22.94	0.01	10	22940	买盘
13:15:48	22.93	-0.01	5	11465	中性盘
13:15:45	22.94	--	51	116994	买盘
13:15:42	22.94	0.02	552	1266288	买盘
13:15:39	22.92	--	13	29796	卖盘
13:15:36	22.92	-0.02	5	11460	卖盘
13:15:33	22.94	--	55	126170	买盘
13:15:30	22.94	0.03	605	1387870	买盘
13:15:27	22.91	-0.01	41	93931	卖盘
13:15:24	22.92	0.01	17	38964	买盘
13:15:21	22.91	-0.01	19	43529	卖盘
13:15:18	22.92	--	18	41256	买盘
13:15:15	22.92	0.01	12	27504	买盘
13:15:09	22.91	--	84	192444	买盘
13:15:06	22.91	--	80	183280	买盘
13:15:03	22.91	--	26	59566	买盘
13:15:00	22.91	0.01	13	29783	买盘
13:14:57	22.9	-0.01	24	54960	卖盘
13:14:54	22.91	0.01	30	68730	买盘
13:14:51	22.9	--	66	151140	卖盘
13:14:48	22.9	--	18	41220	卖盘
13:14:45	22.9	--	204	467160	买盘
13:14:42	22.9	--	147	336630	买盘
13:14:39	22.9	--	70	160300	买盘
13:14:36	22.9	--	81	185490	买盘
13:14:33	22.9	--	18	41220	买盘
13:14:24	22.9	0.01	340	778600	买盘
13:14:21	22.89	--	33	75537	买盘
13:14:18	22.89	0.01	45	103005	买盘
13:14:15	22.88	--	33	75504	卖盘
13:14:12	22.88	--	426	974688	买盘
13:14:09	22.88	0.01	9	20592	买盘
13:14:06	22.87	--	5	11435	卖盘
13:14:03	22.87	--	97	221839	买盘
13:14:00	22.87	0.01	8	18296	卖盘
13:13:57	22.86	-0.02	6	13716	卖盘
13:13:54	22.88	0.01	6	13728	买盘
13:13:51	22.87	--	2	4574	买盘
13:13:48	22.87	--	37	84619	买盘
13:13:45	22.87	0.01	86	196682	买盘
13:13:42	22.86	-0.01	17	38862	卖盘
13:13:39	22.87	--	50	114350	买盘
13:13:36	22.87	--	3	6861	买盘
13:13:33	22.87	--	115	263005	买盘
13:13:30	22.87	--	5	11435	买盘
13:13:27	22.87	0.01	30	68610	买盘
13:13:24	22.86	-0.01	7	16002	卖盘
13:13:21	22.87	0.01	18	41166	买盘
13:13:15	22.86	--	2	4572	卖盘
13:13:12	22.86	--	263	601218	买盘
13:13:09	22.86	--	1	2286	买盘
13:13:06	22.86	--	31	70866	买盘
13:13:03	22.86	0.01	29	66294	买盘
13:12:57	22.85	--	10	22850	卖盘
13:12:54	22.85	-0.01	19	43415	卖盘
13:12:51	22.86	0.01	6	13716	买盘
13:12:48	22.85	--	43	98255	卖盘
13:12:45	22.85	--	209	477565	买盘
13:12:42	22.85	--	32	73120	买盘
13:12:39	22.85	0.01	50	114250	买盘
13:12:33	22.84	--	65	148460	卖盘
13:12:30	22.84	-0.01	21	47964	卖盘
13:12:27	22.85	--	28	63980	买盘
13:12:24	22.85	0.01	30	68550	买盘
13:12:15	22.84	--	1	2284	买盘
13:12:12	22.84	0.02	1	2284	买盘
13:12:06	22.82	-0.02	3	6846	中性盘
13:12:00	22.84	0.04	80	182720	买盘
13:11:57	22.8	-0.04	40	91200	卖盘
13:11:51	22.84	0.04	1	2284	买盘
13:11:48	22.8	-0.01	47	107160	卖盘
13:11:45	22.81	--	10	22810	买盘
13:11:42	22.81	-0.03	26	59306	卖盘
13:11:39	22.84	-0.01	63	143892	卖盘
13:11:33	22.85	--	100	228500	买盘
13:11:30	22.85	--	40	91400	买盘
13:11:27	22.85	--	69	157665	卖盘
13:11:24	22.85	--	34	77690	卖盘
13:11:18	22.85	--	26	59410	卖盘
13:11:15	22.85	-0.01	10	22850	卖盘
13:11:12	22.86	--	74	169164	买盘
13:11:09	22.86	--	5	11430	买盘
13:11:06	22.86	-0.01	30	68580	中性盘
13:11:03	22.87	--	53	121211	买盘
13:11:00	22.87	0.01	25	57175	买盘
13:10:57	22.86	-0.01	13	29718	卖盘
13:10:54	22.87	--	11	25157	买盘
13:10:51	22.87	--	13	29731	买盘
13:10:48	22.87	--	22	50314	买盘
13:10:45	22.87	--	47	107489	卖盘
13:10:42	22.87	--	98	224126	卖盘
13:10:39	22.87	--	58	132646	卖盘
13:10:36	22.87	--	3	6861	卖盘
13:10:33	22.87	--	53	121211	中性盘
13:10:30	22.87	0.01	46	105202	买盘
13:10:24	22.86	--	176	402336	卖盘
13:10:21	22.86	0.01	234	534924	卖盘
13:10:18	22.85	-0.01	14	31990	卖盘
13:10:15	22.86	--	10	22860	买盘
13:10:12	22.86	--	57	130302	买盘
13:10:09	22.86	0.01	1	2286	中性盘
13:10:06	22.85	-0.01	35	79975	卖盘
13:10:03	22.86	--	8	18288	买盘
13:10:00	22.86	--	15	34290	买盘
13:09:57	22.86	0.01	25	57150	买盘
13:09:51	22.85	0.02	4	9140	买盘
13:09:42	22.83	-0.02	1	2283	卖盘
13:09:39	22.85	0.02	1	2285	买盘
13:09:36	22.83	-0.02	1	2283	中性盘
13:09:33	22.85	0.04	1228	2805980	买盘
13:09:30	22.81	--	40	91240	买盘
13:09:27	22.81	-0.01	88	200728	卖盘
13:09:24	22.82	--	53	120946	买盘
13:09:15	22.82	0.01	66	150612	买盘
13:09:12	22.81	--	63	143703	买盘
13:09:09	22.81	0.01	14	31934	买盘
13:09:06	22.8	-0.01	3	6840	卖盘
13:09:03	22.81	0.01	3	6843	买盘
13:09:00	22.8	--	37	84360	卖盘
13:08:57	22.8	--	4	9120	卖盘
13:08:54	22.8	0.03	194	444098	买盘
13:08:51	22.77	-0.02	64	145728	卖盘
13:08:45	22.79	0.01	1	2279	买盘
13:08:42	22.78	-0.02	14	31892	卖盘
13:08:39	22.8	0.02	220	501600	买盘
13:08:33	22.78	--	4	9112	卖盘
13:08:27	22.78	--	1	2278	买盘
13:08:24	22.78	--	6	13668	买盘
13:08:21	22.78	0.01	130	296140	买盘
13:08:18	22.77	--	11	25047	卖盘
13:08:15	22.77	--	17	38709	买盘
13:08:06	22.77	--	31	70587	买盘
13:08:03	22.77	--	11	25047	买盘
13:07:57	22.77	-0.01	17	38709	卖盘
13:07:54	22.78	0.01	4	9112	买盘
13:07:51	22.77	--	3	6831	买盘
13:07:48	22.77	--	6	13662	买盘
13:07:45	22.77	-0.01	2	4554	中性盘
13:07:39	22.78	0.01	2	4556	买盘
13:07:36	22.77	-0.01	1	2277	中性盘
13:07:33	22.78	--	19	43282	买盘
13:07:30	22.78	0.01	4	9112	买盘
13:07:27	22.77	--	23	52371	卖盘
13:07:24	22.77	--	23	52371	买盘
13:07:21	22.77	--	30	68310	买盘
13:07:18	22.77	--	21	47817	卖盘
13:07:15	22.77	--	53	120681	卖盘
13:07:09	22.77	--	8	18216	卖盘
13:07:06	22.77	-0.01	4	9108	卖盘
13:07:03	22.78	--	3	6834	买盘
13:07:00	22.78	--	6	13668	买盘
13:06:57	22.78	--	10	22780	买盘
13:06:54	22.78	--	38	86564	买盘
13:06:51	22.78	--	9	20502	卖盘
13:06:45	22.78	-0.01	42	95676	卖盘
13:06:39	22.79	--	97	221063	买盘
13:06:33	22.79	0.01	51	116229	买盘
13:06:30	22.78	--	18	41004	卖盘
13:06:24	22.78	--	7	15946	买盘
13:06:21	22.78	--	8	18224	买盘
13:06:18	22.78	--	52	118456	买盘
13:06:12	22.78	--	3	6834	买盘
13:06:06	22.78	--	43	97954	买盘
13:06:03	22.78	--	3	6834	买盘
13:06:00	22.78	0.01	36	82008	买盘
13:05:54	22.77	-0.01	3	6831	卖盘
13:05:51	22.78	0.01	16	36448	买盘
13:05:48	22.77	--	12	27324	卖盘
13:05:45	22.77	--	10	22770	卖盘
13:05:39	22.77	--	75	170775	卖盘
13:05:36	22.77	--	32	72864	买盘
13:05:33	22.77	--	6	13662	买盘
13:05:30	22.77	0.01	11	25047	买盘
13:05:27	22.76	-0.01	15	34140	卖盘
13:05:24	22.77	0.01	50	113850	买盘
13:05:21	22.76	-0.01	23	52348	卖盘
13:05:18	22.77	--	1	2277	买盘
13:05:15	22.77	--	3	6831	买盘
13:05:09	22.77	0.01	10	22770	买盘
13:05:06	22.76	-0.01	5	11380	卖盘
13:05:03	22.77	--	7	15939	买盘
13:05:00	22.77	--	11	25047	买盘
13:04:57	22.77	--	10	22770	买盘
13:04:54	22.77	0.01	5	11385	买盘
13:04:48	22.76	-0.01	1	2276	卖盘
13:04:39	22.77	0.01	18	40986	买盘
13:04:36	22.76	--	89	202564	买盘
13:04:33	22.76	--	5	11380	买盘
13:04:27	22.76	--	3	6828	买盘
13:04:24	22.76	0.01	36	81936	买盘
13:04:21	22.75	--	26	59150	卖盘
13:04:18	22.75	--	3	6825	卖盘
13:04:09	22.75	--	77	175175	买盘
13:04:06	22.75	--	106	241150	买盘
13:04:03	22.75	--	14	31850	买盘
13:04:00	22.75	--	14	31850	买盘
13:03:57	22.75	--	5	11375	买盘
13:03:51	22.75	--	22	50050	买盘
13:03:48	22.75	--	23	52325	买盘
13:03:42	22.75	--	1	2275	买盘
13:03:39	22.75	--	11	25025	买盘
13:03:36	22.75	--	8	18200	买盘
13:03:33	22.75	--	21	47775	买盘
13:03:30	22.75	0.01	12	27300	买盘
13:03:24	22.74	--	10	22740	卖盘
13:03:21	22.74	-0.01	5	11370	卖盘
13:03:18	22.75	--	4	9100	买盘
13:03:15	22.75	--	4	9100	买盘
13:03:12	22.75	--	2	4550	买盘
13:03:06	22.75	--	5	11375	买盘
13:03:03	22.75	0.02	7	15925	买盘
13:03:00	22.73	-0.01	33	75009	卖盘
13:02:54	22.74	--	5	11370	买盘
13:02:51	22.74	--	2	4548	买盘
13:02:48	22.74	0.01	3	6821	买盘
13:02:45	22.73	-0.02	5	11365	卖盘
13:02:39	22.75	0.02	200	455000	买盘
13:02:36	22.73	-0.01	13	29549	卖盘
13:02:33	22.74	--	3	6821	买盘
13:02:30	22.74	0.01	2	4548	买盘
13:02:27	22.73	0.01	4	9092	卖盘
13:02:21	22.72	-0.02	25	56800	卖盘
13:02:18	22.74	0.01	170	386580	买盘
13:02:15	22.73	--	3	6819	买盘
13:02:09	22.73	0.01	16	36368	买盘
13:02:06	22.72	-0.01	67	152224	卖盘
13:02:03	22.73	0.01	2	4546	买盘
13:01:57	22.72	--	17	38624	卖盘
13:01:51	22.72	--	10	22720	卖盘
13:01:48	22.72	-0.01	8	18176	卖盘
13:01:45	22.73	-0.01	15	34095	中性盘
13:01:42	22.74	--	23	52302	买盘
13:01:33	22.74	0.03	1	2274	买盘
13:01:30	22.71	-0.03	10	22710	卖盘
13:01:27	22.74	--	1	2274	买盘
13:01:24	22.74	0.04	11	25014	买盘
13:01:21	22.7	-0.01	39	88530	卖盘
13:01:18	22.71	0.01	37	84027	买盘
13:01:15	22.7	-0.01	25	56750	卖盘
13:01:12	22.71	--	3	6813	买盘
13:01:09	22.71	--	1	2271	买盘
13:01:00	22.71	--	13	29523	买盘
13:00:57	22.71	0.02	11	24981	买盘
13:00:54	22.69	--	7	15883	卖盘
13:00:51	22.69	0.01	6	13614	卖盘
13:00:45	22.68	--	313	709884	卖盘
13:00:42	22.68	--	75	170100	卖盘
13:00:36	22.68	-0.01	15	34020	卖盘
13:00:33	22.69	--	3	6807	买盘
13:00:30	22.69	--	1	2269	买盘
13:00:27	22.69	--	14	31766	买盘
13:00:18	22.69	0.01	1	2269	买盘
13:00:12	22.68	--	9	20412	卖盘
13:00:09	22.68	0.01	6	13608	卖盘
13:00:06	22.67	--	120	272040	卖盘
13:00:03	22.67	--	454	1029218	买盘
13:00:00	22.67	--	0	0	买盘
11:30:00	22.67	--	14	31738	买盘
11:29:57	22.67	--	52	117884	买盘
11:29:54	22.67	--	2	4534	买盘
11:29:51	22.67	--	4	9068	买盘
11:29:48	22.67	--	3	6801	买盘
11:29:45	22.67	--	159	360453	买盘
11:29:42	22.67	--	3	6801	买盘
11:29:39	22.67	--	1	2267	买盘
11:29:36	22.67	--	1	2267	买盘
11:29:33	22.67	--	3	6801	买盘
11:29:27	22.67	--	20	45340	买盘
11:29:24	22.67	--	22	49874	买盘
11:29:18	22.67	--	11	24937	买盘
11:29:15	22.67	--	27	61209	买盘
11:29:12	22.67	--	9	20403	买盘
11:29:09	22.67	0.01	10	22670	买盘
11:29:03	22.66	--	52	117832	卖盘
11:28:48	22.66	0.01	107	242462	买盘
11:28:42	22.65	-0.01	5	11325	卖盘
11:28:36	22.66	0.01	60	135960	买盘
11:28:33	22.65	--	37	83805	买盘
11:28:30	22.65	--	23	52095	买盘
11:28:27	22.65	--	36	81540	买盘
11:28:24	22.65	--	6	13590	买盘
11:28:21	22.65	-0.01	181	409965	卖盘
11:28:18	22.66	--	2	4532	买盘
11:28:15	22.66	--	10	22660	买盘
11:28:12	22.66	--	63	142758	买盘
11:28:06	22.66	--	45	101970	买盘
11:28:03	22.66	0.01	4	9064	买盘
11:27:57	22.65	--	91	206115	买盘
11:27:54	22.65	--	48	108720	买盘
11:27:51	22.65	--	12	27180	买盘
11:27:48	22.65	--	20	45300	买盘
11:27:45	22.65	--	540	1223100	买盘
11:27:42	22.65	--	3	6795	买盘
11:27:39	22.65	--	122	276330	买盘
11:27:36	22.65	--	10	22650	买盘
11:27:33	22.65	--	2	4530	买盘
11:27:27	22.65	--	16	36240	买盘
11:27:24	22.65	--	16	36240	买盘
11:27:21	22.65	--	18	40770	买盘
11:27:18	22.65	--	9	20385	买盘
11:27:15	22.65	0.01	1	2265	买盘
11:27:12	22.64	--	1	2264	买盘
11:27:09	22.64	--	24	54336	卖盘
11:27:06	22.64	-0.01	4	9056	中性盘
11:27:00	22.65	0.01	27	61154	买盘
11:26:57	22.64	--	25	56600	买盘
11:26:54	22.64	0.01	11	24904	买盘
11:26:48	22.63	-0.01	5	11315	卖盘
11:26:45	22.64	--	221	500344	买盘
11:26:42	22.64	--	21	47544	买盘
11:26:39	22.64	0.01	173	391672	买盘
11:26:36	22.63	-0.01	150	339450	卖盘
11:26:33	22.64	0.01	2	4528	买盘
11:26:27	22.63	-0.01	52	117676	卖盘
11:26:24	22.64	--	10	22640	买盘
11:26:21	22.64	0.01	1	2264	买盘
11:26:15	22.63	-0.01	39	88257	卖盘
11:26:12	22.64	0.01	10	22640	买盘
11:26:09	22.63	--	7	15841	买盘
11:26:06	22.63	--	36	81468	买盘
11:26:03	22.63	--	18	40734	买盘
11:26:00	22.63	--	25	56575	买盘
11:25:57	22.63	-0.01	259	586117	卖盘
11:25:51	22.64	0.01	30	67920	买盘
11:25:48	22.63	-0.01	11	24893	卖盘
11:25:42	22.64	--	12	27168	买盘
11:25:39	22.64	--	1	2264	买盘
11:25:36	22.64	0.01	14	31696	买盘
11:25:33	22.63	-0.01	7	15841	卖盘
11:25:30	22.64	--	20	45280	买盘
11:25:27	22.64	0.01	4	9056	买盘
11:25:24	22.63	-0.01	30	67890	卖盘
11:25:21	22.64	--	32	72448	买盘
11:25:18	22.64	0.01	31	70184	买盘
11:25:12	22.63	--	66	149358	卖盘
11:25:06	22.63	--	1	2263	卖盘
11:25:03	22.63	--	4	9052	买盘
11:25:00	22.63	--	154	348502	买盘
11:24:57	22.63	--	29	65627	买盘
11:24:51	22.63	--	13	29419	买盘
11:24:48	22.63	--	3	6789	买盘
11:24:45	22.63	--	2	4526	买盘
11:24:42	22.63	--	1	2263	买盘
11:24:39	22.63	--	184	416392	买盘
11:24:36	22.63	--	5	11315	买盘
11:24:33	22.63	--	12	27156	买盘
11:24:30	22.63	--	24	54312	买盘
11:24:27	22.63	--	3	6789	买盘
11:24:18	22.63	--	35	79205	买盘
11:24:15	22.63	--	4	9052	买盘
11:24:12	22.63	--	2	4526	买盘
11:24:09	22.63	--	8	18104	买盘
11:24:06	22.63	--	36	81468	买盘
11:24:03	22.63	--	16	36208	买盘
11:23:57	22.63	--	2	4526	买盘
11:23:54	22.63	--	6	13578	买盘
11:23:51	22.63	--	65	147095	买盘
11:23:48	22.63	--	2	4526	买盘
11:23:45	22.63	--	2	4526	买盘
11:23:42	22.63	0.01	17	38471	买盘
11:23:39	22.62	-0.01	15	33930	卖盘
11:23:36	22.63	--	2	4526	买盘
11:23:33	22.63	--	3	6789	买盘
11:23:27	22.63	--	8	18104	买盘
11:23:24	22.63	--	3	6789	买盘
11:23:21	22.63	--	6	13578	买盘
11:23:18	22.63	--	6	13578	买盘
11:23:15	22.63	--	12	27156	买盘
11:23:12	22.63	--	6	13578	买盘
11:23:09	22.63	--	49	110887	买盘
11:23:06	22.63	0.01	9	20367	买盘
11:23:03	22.62	--	10	22620	卖盘
11:22:57	22.62	-0.01	36	81432	卖盘
11:22:54	22.63	--	3	6789	买盘
11:22:48	22.63	0.01	10	22630	买盘
11:22:45	22.62	--	2	4524	卖盘
11:22:42	22.62	-0.01	6	13572	卖盘
11:22:39	22.63	--	31	70153	买盘
11:22:36	22.63	--	5	11315	买盘
11:22:33	22.63	--	46	104098	买盘
11:22:27	22.63	--	2	4526	买盘
11:22:24	22.63	--	13	29419	买盘
11:22:21	22.63	--	17	38471	买盘
11:22:15	22.63	--	101	228563	买盘
11:22:12	22.63	0.01	121	273823	买盘
11:22:09	22.62	--	10	22620	卖盘
11:22:06	22.62	-0.01	29	65598	卖盘
11:22:03	22.63	0.01	33	74679	买盘
11:22:00	22.62	-0.01	150	339300	卖盘
11:21:57	22.63	--	75	169725	买盘
11:21:54	22.63	--	5	11315	买盘
11:21:51	22.63	0.01	2	4526	买盘
11:21:42	22.62	-0.01	16	36192	卖盘
11:21:39	22.63	0.01	26	58838	买盘
11:21:36	22.62	-0.01	13	29406	卖盘
11:21:33	22.63	0.01	22	49786	买盘
11:21:30	22.62	-0.01	35	79170	卖盘
11:21:27	22.63	--	5	11315	买盘
11:21:24	22.63	--	60	135780	买盘
11:21:21	22.63	--	12	27156	买盘
11:21:18	22.63	--	2	4526	买盘
11:21:15	22.63	--	65	147095	买盘
11:21:12	22.63	--	30	67890	买盘
11:21:06	22.63	--	1	2263	买盘
11:21:03	22.63	--	8	18104	买盘
11:20:57	22.63	--	37	83731	买盘
11:20:54	22.63	0.01	48	108624	买盘
11:20:51	22.62	-0.01	21	47502	中性盘
11:20:48	22.63	0.01	9	20367	买盘
11:20:45	22.62	-0.01	6	13572	买盘
11:20:42	22.63	0.03	2	4526	买盘
11:20:39	22.6	-0.03	149	336740	卖盘
11:20:33	22.63	--	1	2263	买盘
11:20:27	22.63	--	3	6789	买盘
11:20:18	22.63	0.03	1	2263	买盘
11:20:15	22.6	--	46	106152	买盘
11:20:12	22.6	0.01	34	76840	买盘
11:20:09	22.59	-0.01	116	262044	卖盘
11:20:06	22.6	--	13	29380	买盘
11:20:03	22.6	--	45	101700	买盘
11:20:00	22.6	--	60	135600	买盘
11:19:57	22.6	--	66	149160	买盘
11:19:54	22.6	--	3	6780	买盘
11:19:51	22.6	--	55	124300	买盘
11:19:48	22.6	--	52	117520	买盘
11:19:45	22.6	0.01	4	9040	买盘
11:19:42	22.59	-0.01	127	286893	卖盘
11:19:39	22.6	--	14	31640	买盘
11:19:36	22.6	0.01	7	15820	买盘
11:19:33	22.59	-0.01	26	58734	卖盘
11:19:30	22.6	--	5	11300	买盘
11:19:27	22.6	--	4	9040	买盘
11:19:24	22.6	0.01	18	40680	买盘
11:19:21	22.59	-0.01	4	9036	卖盘
11:19:18	22.6	--	5	11300	买盘
11:19:15	22.6	--	147	332220	买盘
11:19:12	22.6	--	2	4520	买盘
11:19:09	22.6	--	111	250860	买盘
11:19:06	22.6	0.01	22	49720	买盘
11:19:03	22.59	--	169	381771	卖盘
11:19:00	22.59	-0.01	30	67770	卖盘
11:18:57	22.6	0.01	27	61020	买盘
11:18:51	22.59	-0.01	124	280116	卖盘
11:18:48	22.6	--	8	18080	买盘
11:18:45	22.6	--	14	31640	买盘
11:18:42	22.6	--	30	67800	买盘
11:18:39	22.6	--	159	359340	买盘
11:18:36	22.6	--	106	239560	买盘
11:18:33	22.6	0.01	8	18080	买盘
11:18:30	22.59	-0.01	100	225900	卖盘
11:18:27	22.6	--	4	9040	买盘
11:18:24	22.6	--	9	20340	买盘
11:18:21	22.6	--	35	79100	买盘
11:18:15	22.6	--	60	135600	买盘
11:18:12	22.6	--	48	108480	买盘
11:18:09	22.6	--	5	11300	买盘
11:18:06	22.6	--	5	11300	买盘
11:18:03	22.6	--	23	51980	买盘
11:18:00	22.6	-0.03	761	1719860	卖盘
11:17:54	22.63	--	27	61101	买盘
11:17:51	22.63	0.01	5	11315	买盘
11:17:48	22.62	--	29	65598	卖盘
11:17:45	22.62	--	31	70122	卖盘
11:17:42	22.62	--	5	11310	买盘
11:17:39	22.62	--	30	67860	买盘
11:17:36	22.62	0.01	10	22620	买盘
11:17:33	22.61	-0.01	31	70091	卖盘
11:17:30	22.62	--	6	13572	买盘
11:17:27	22.62	-0.01	8	18096	卖盘
11:17:24	22.63	--	47	106361	买盘
11:17:18	22.63	0.01	35	79205	买盘
11:17:15	22.62	-0.01	26	58812	卖盘
11:17:12	22.63	0.01	8	18104	买盘
11:17:09	22.62	-0.02	53	119886	卖盘
11:17:06	22.64	0.02	31	70184	买盘
11:17:03	22.62	-0.01	29	65598	卖盘
11:17:00	22.63	-0.01	25	56575	卖盘
11:16:57	22.64	--	1	2264	买盘
11:16:51	22.64	--	25	56600	卖盘
11:16:48	22.64	--	32	72448	卖盘
11:16:45	22.64	--	79	178856	买盘
11:16:42	22.64	0.02	2	4528	买盘
11:16:39	22.62	0.01	26	58812	卖盘
11:16:36	22.61	-0.01	78	176358	卖盘
11:16:33	22.62	-0.01	19	42978	卖盘
11:16:30	22.63	--	195	441285	买盘
11:16:27	22.63	0.01	101	228563	买盘
11:16:24	22.62	--	26	58812	卖盘
11:16:18	22.62	-0.01	26	58812	卖盘
11:16:15	22.63	--	27	61101	买盘
11:16:12	22.63	--	7	15841	买盘
11:16:09	22.63	0.01	28	63364	买盘
11:16:03	22.62	-0.01	49	110838	卖盘
11:16:00	22.63	-0.01	36	81468	中性盘
11:15:57	22.64	0.02	3	6792	买盘
11:15:54	22.62	-0.01	35	79170	卖盘
11:15:48	22.63	-0.01	27	61101	卖盘
11:15:45	22.64	--	30	67920	买盘
11:15:42	22.64	--	7	15848	买盘
11:15:39	22.64	0.01	113	255832	买盘
11:15:33	22.63	--	29	65627	卖盘
11:15:30	22.63	--	27	61101	卖盘
11:15:24	22.63	-0.01	42	95046	中性盘
11:15:18	22.64	0.02	78	176592	买盘
11:15:15	22.62	-0.01	67	151554	卖盘
11:15:09	22.63	-0.01	47	106361	卖盘
11:15:06	22.64	0.01	12	27168	买盘
11:15:03	22.63	--	28	63364	卖盘
11:15:00	22.63	--	26	58838	卖盘
11:14:54	22.63	--	26	58838	卖盘
11:14:48	22.63	-0.01	26	58838	卖盘
11:14:45	22.64	0.01	31	70184	买盘
11:14:39	22.63	--	31	70153	买盘
11:14:36	22.63	--	15	33945	买盘
11:14:33	22.63	-0.01	9	20367	卖盘
11:14:30	22.64	--	27	61128	买盘
11:14:24	22.64	0.01	146	330544	买盘
11:14:21	22.63	0.01	1	2263	买盘
11:14:18	22.62	-0.01	28	63336	卖盘
11:14:15	22.63	--	12	27156	卖盘
11:14:12	22.63	--	1	2263	卖盘
11:14:09	22.63	--	31	70153	卖盘
11:14:03	22.63	--	44	99572	买盘
11:14:00	22.63	0.02	89	201407	买盘
11:13:54	22.61	-0.01	26	58786	卖盘
11:13:51	22.62	--	11	24882	买盘
11:13:48	22.62	-0.01	28	63336	买盘
11:13:45	22.63	--	29	65627	买盘
11:13:42	22.63	0.01	7	15841	买盘
11:13:39	22.62	--	19	42978	卖盘
11:13:33	22.62	-0.02	79	178698	卖盘
11:13:30	22.64	0.01	30	67920	买盘
11:13:27	22.63	--	8	18104	买盘
11:13:24	22.63	--	29	65627	买盘
11:13:21	22.63	--	16	36208	买盘
11:13:18	22.63	--	19	42997	卖盘
11:13:15	22.63	--	44	99572	买盘
11:13:12	22.63	--	2	4526	买盘
11:13:09	22.63	--	50	113150	买盘
11:13:06	22.63	--	6	13578	买盘
11:13:03	22.63	--	9	20367	卖盘
11:13:00	22.63	--	46	104098	卖盘
11:12:57	22.63	--	4	9052	卖盘
11:12:54	22.63	--	26	58838	卖盘
11:12:48	22.63	--	93	210459	买盘
11:12:45	22.63	--	27	61101	买盘
11:12:42	22.63	--	3	6789	买盘
11:12:39	22.63	0.02	27	61101	买盘
11:12:36	22.61	--	11	24871	中性盘
11:12:33	22.61	-0.01	51	115311	卖盘
11:12:30	22.62	--	27	61074	买盘
11:12:27	22.62	-0.01	1	2262	中性盘
11:12:24	22.63	0.01	64	144832	买盘
11:12:21	22.62	--	4	9048	买盘
11:12:18	22.62	-0.02	22	49764	卖盘
11:12:15	22.64	0.01	41	92824	买盘
11:12:12	22.63	--	13	29419	买盘
11:12:09	22.63	-0.01	8	18104	卖盘
11:12:06	22.64	--	5	11320	买盘
11:12:03	22.64	--	36	81504	卖盘
11:12:00	22.64	--	45	101880	买盘
11:11:54	22.64	-0.01	7	15848	卖盘
11:11:51	22.65	0.02	1683	3814101	买盘
11:11:48	22.63	-0.02	28	63364	卖盘
11:11:45	22.65	0.01	27	61154	买盘
11:11:42	22.64	--	1	2264	买盘
11:11:39	22.64	0.01	44	99616	买盘
11:11:36	22.63	--	1	2263	买盘
11:11:33	22.63	-0.02	53	119939	卖盘
11:11:30	22.65	0.02	36	81540	买盘
11:11:24	22.63	--	36	81468	卖盘
11:11:21	22.63	--	25	56575	买盘
11:11:18	22.63	0.01	50	113150	买盘
11:11:15	22.62	-0.01	6	13572	卖盘
11:11:09	22.63	-0.02	33	74679	卖盘
11:11:06	22.65	0.02	2	4530	买盘
11:11:03	22.63	-0.02	26	58838	卖盘
11:11:00	22.65	0.03	41	92865	买盘
11:10:54	22.62	-0.02	18	40716	卖盘
11:10:51	22.64	0.03	3	6792	买盘
11:10:48	22.61	-0.04	27	61047	卖盘
11:10:45	22.65	--	32	72480	买盘
11:10:42	22.65	0.04	8	18120	买盘
11:10:39	22.61	-0.03	1061	2398921	卖盘
11:10:36	22.64	-0.01	25	56600	卖盘
11:10:33	22.65	--	54	122309	买盘
11:10:30	22.65	--	21	47565	买盘
11:10:27	22.65	-0.02	58	131370	卖盘
11:10:21	22.67	0.02	15	34005	买盘
11:10:18	22.65	-0.02	4	9060	卖盘
11:10:15	22.67	--	70	158690	买盘
11:10:12	22.67	0.01	4	9068	买盘
11:10:09	22.66	0.02	9	20394	卖盘
11:10:06	22.64	-0.02	300	679200	卖盘
11:10:03	22.66	--	176	398906	买盘
11:10:00	22.66	--	8	18128	买盘
11:09:57	22.66	--	12	27192	买盘
11:09:54	22.66	--	44	99704	买盘
11:09:51	22.66	--	7	15862	买盘
11:09:48	22.66	--	106	240196	买盘
11:09:45	22.66	--	16	36256	买盘
11:09:39	22.66	--	4	9064	买盘
11:09:36	22.66	--	42	95172	买盘
11:09:33	22.66	0.01	17	38522	买盘
11:09:30	22.65	--	12	27180	买盘
11:09:27	22.65	--	6	13590	买盘
11:09:21	22.65	--	63	142695	买盘
11:09:18	22.65	0.02	375	849375	买盘
11:09:15	22.63	--	13	29419	卖盘
11:09:12	22.63	-0.01	1	2263	卖盘
11:09:09	22.64	0.01	6	13584	买盘
11:09:06	22.63	--	13	29419	卖盘
11:09:03	22.63	-0.01	10	22630	卖盘
11:09:00	22.64	--	14	31696	买盘
11:08:57	22.64	--	4	9056	买盘
11:08:54	22.64	--	16	36224	买盘
11:08:51	22.64	--	10	22640	买盘
11:08:48	22.64	--	42	95088	买盘
11:08:45	22.64	--	106	239984	卖盘
11:08:42	22.64	-0.01	6	13584	卖盘
11:08:39	22.65	--	337	763305	买盘
11:08:36	22.65	0.01	2	4530	买盘
11:08:33	22.64	--	2	4528	卖盘
11:08:30	22.64	--	188	425632	买盘
11:08:21	22.64	--	4	9056	买盘
11:08:18	22.64	--	9	20376	买盘
11:08:15	22.64	0.01	16	36224	买盘
11:08:12	22.63	--	8	18104	卖盘
11:08:09	22.63	-0.01	57	128991	卖盘
11:08:06	22.64	0.01	2	4528	买盘
11:08:03	22.63	-0.01	5	11315	卖盘
11:08:00	22.64	--	4	9056	买盘
11:07:57	22.64	--	7	15848	买盘
11:07:48	22.64	-0.01	41	92824	卖盘
11:07:45	22.65	--	18	40770	卖盘
11:07:42	22.65	-0.01	43	97395	卖盘
11:07:39	22.66	0.02	59	135869	买盘
11:07:36	22.64	-0.01	10	22640	中性盘
11:07:30	22.65	--	312	706680	卖盘
11:07:27	22.65	0.01	50	113250	中性盘
11:07:24	22.64	-0.01	210	475440	卖盘
11:07:21	22.65	--	50	113250	买盘
11:07:18	22.65	--	15	33975	买盘
11:07:12	22.65	--	3	6795	买盘
11:07:09	22.65	-0.01	3	6795	卖盘
11:07:03	22.66	--	4	9064	买盘
11:07:00	22.66	--	19	43054	买盘
11:06:57	22.66	0.02	2	4532	买盘
11:06:54	22.64	-0.02	20	45280	卖盘
11:06:51	22.66	--	63	142758	买盘
11:06:48	22.66	--	32	72512	买盘
11:06:45	22.66	--	202	457732	买盘
11:06:42	22.66	--	44	99704	买盘
11:06:39	22.66	0.01	50	113300	买盘
11:06:36	22.65	0.01	38	86070	卖盘
11:06:33	22.64	-0.02	200	452800	卖盘
11:06:30	22.66	--	21	47586	买盘
11:06:27	22.66	0.01	111	251526	买盘
11:06:18	22.65	--	5	11325	卖盘
11:06:15	22.65	--	29	65685	卖盘
11:06:09	22.65	--	91	206115	买盘
11:06:06	22.65	--	12	27180	买盘
11:06:03	22.65	--	216	489239	买盘
11:06:00	22.65	--	108	244619	买盘
11:05:57	22.65	--	36	81540	买盘
11:05:54	22.65	--	2	4530	买盘
11:05:51	22.65	--	15	33975	买盘
11:05:48	22.65	--	10	22650	买盘
11:05:45	22.65	--	52	117779	买盘
11:05:42	22.65	--	235	532275	买盘
11:05:39	22.65	--	7	15854	买盘
11:05:36	22.65	--	11	24915	买盘
11:05:30	22.65	--	3	6795	买盘
11:05:27	22.65	0.01	41	92865	买盘
11:05:18	22.64	--	11	24904	卖盘
11:05:15	22.64	--	62	140458	买盘
11:05:12	22.64	--	21	47544	买盘
11:05:09	22.64	--	1	2264	买盘
11:05:06	22.64	0.01	51	115464	买盘
11:05:03	22.63	-0.01	8	18104	卖盘
11:05:00	22.64	--	3	6792	买盘
11:04:54	22.64	--	3	6792	买盘
11:04:48	22.64	--	14	31696	买盘
11:04:45	22.64	--	17	38488	买盘
11:04:42	22.64	0.01	65	147160	买盘
11:04:39	22.63	-0.01	3	6789	卖盘
11:04:36	22.64	--	31	70184	买盘
11:04:33	22.64	--	51	115464	买盘
11:04:30	22.64	--	22	49808	买盘
11:04:24	22.64	0.01	108	244512	买盘
11:04:18	22.63	-0.01	44	99572	卖盘
11:04:15	22.64	--	46	104144	买盘
11:04:12	22.64	0.01	7	15848	买盘
11:04:09	22.63	-0.01	14	31682	卖盘
11:04:03	22.64	--	50	113200	买盘
11:04:00	22.64	--	15	33960	买盘
11:03:54	22.64	0.02	76	172064	买盘
11:03:51	22.62	-0.01	95	214890	卖盘
11:03:48	22.63	--	16	36208	买盘
11:03:45	22.63	--	14	31682	买盘
11:03:42	22.63	--	8	18104	中性盘
11:03:39	22.63	-0.01	1	2263	卖盘
11:03:36	22.64	0.02	6	13584	买盘
11:03:33	22.62	-0.01	222	502164	卖盘
11:03:30	22.63	0.01	42	95046	买盘
11:03:27	22.62	-0.01	45	101790	卖盘
11:03:21	22.63	--	22	49786	卖盘
11:03:18	22.63	-0.01	54	122202	卖盘
11:03:15	22.64	--	7	15848	买盘
11:03:12	22.64	0.01	4	9056	买盘
11:03:09	22.63	--	17	38471	买盘
11:03:06	22.63	0.01	56	126728	买盘
11:03:03	22.62	-0.01	124	280488	卖盘
11:03:00	22.63	0.01	3	6789	买盘
11:02:54	22.62	--	16	36192	卖盘
11:02:51	22.62	--	10	22620	卖盘
11:02:48	22.62	-0.01	36	81432	卖盘
11:02:45	22.63	-0.01	52	117676	中性盘
11:02:42	22.64	0.01	9	20376	买盘
11:02:39	22.63	--	30	67890	买盘
11:02:36	22.63	--	33	74679	买盘
11:02:30	22.63	0.01	8	18104	买盘
11:02:27	22.62	--	11	24882	卖盘
11:02:24	22.62	-0.01	16	36192	卖盘
11:02:21	22.63	--	16	36208	买盘
11:02:18	22.63	--	20	45260	买盘
11:02:15	22.63	--	12	27156	买盘
11:02:12	22.63	--	41	92783	买盘
11:02:09	22.63	--	3	6789	买盘
11:02:06	22.63	--	54	124148	卖盘
11:02:03	22.63	-0.01	32	72416	卖盘
11:02:00	22.64	--	4	9056	买盘
11:01:54	22.64	0.01	4	9372	买盘
11:01:51	22.63	0.01	5	11315	买盘
11:01:48	22.62	-0.01	83	187746	卖盘
11:01:45	22.63	--	23	52049	买盘
11:01:42	22.63	-0.01	40	92466	卖盘
11:01:39	22.64	0.01	108	244512	买盘
11:01:36	22.63	-0.01	2	4526	卖盘
11:01:33	22.64	--	16	36224	买盘
11:01:30	22.64	0.01	4	9056	买盘
11:01:27	22.63	-0.01	15	33945	卖盘
11:01:24	22.64	--	13	29432	买盘
11:01:21	22.64	--	10	22640	买盘
11:01:18	22.64	--	35	79240	买盘
11:01:15	22.64	0.01	61	138104	买盘
11:01:12	22.63	-0.01	45	101835	卖盘
11:01:09	22.64	--	24	54336	买盘
11:01:06	22.64	--	11	24904	买盘
11:01:03	22.64	--	10	22640	买盘
11:01:00	22.64	0.01	61	138420	买盘
11:00:57	22.63	-0.01	60	137726	卖盘
11:00:54	22.64	0.01	12	27168	买盘
11:00:48	22.63	--	36	81468	卖盘
11:00:45	22.63	-0.01	49	110887	卖盘
11:00:42	22.64	0.01	1	2264	买盘
11:00:39	22.63	--	87	197197	买盘
11:00:36	22.63	0.01	9	22403	买盘
11:00:33	22.62	-0.01	171	387028	卖盘
11:00:30	22.63	--	14	31682	买盘
11:00:27	22.63	0.01	10	22630	买盘
11:00:24	22.62	-0.01	3	6786	卖盘
11:00:21	22.63	0.01	12	27156	买盘
11:00:18	22.62	--	8	18096	卖盘
11:00:15	22.62	--	17	38454	卖盘
11:00:12	22.62	--	72	164899	买盘
11:00:09	22.62	--	130	294060	买盘
11:00:06	22.62	0.01	148	334776	买盘
11:00:03	22.61	-0.01	39	88179	卖盘
11:00:00	22.62	--	204	461448	买盘
10:59:57	22.62	--	150	339300	买盘
10:59:54	22.62	--	2	4524	买盘
10:59:51	22.62	--	22	49764	买盘
10:59:48	22.62	-0.01	189	427744	卖盘
10:59:45	22.63	--	14	31682	买盘
10:59:42	22.63	--	34	76942	买盘
10:59:39	22.63	--	123	278349	买盘
10:59:36	22.63	--	98	221774	买盘
10:59:33	22.63	--	5	11315	买盘
10:59:30	22.63	--	3	6789	买盘
10:59:27	22.63	--	1	2263	买盘
10:59:24	22.63	0.01	26	58838	买盘
10:59:21	22.62	-0.01	35	79170	卖盘
10:59:18	22.63	-0.01	108	246350	卖盘
10:59:15	22.64	0.01	2	4528	买盘
10:59:12	22.63	-0.01	18	40734	卖盘
10:59:09	22.64	0.01	77	174328	买盘
10:59:06	22.63	--	19	43313	买盘
10:59:03	22.63	0.01	13	29419	买盘
10:59:00	22.62	-0.01	223	504426	卖盘
10:58:54	22.63	--	128	289664	卖盘
10:58:51	22.63	--	2	4526	卖盘
10:58:48	22.63	--	9	20367	买盘
10:58:45	22.63	-0.01	44	99572	卖盘
10:58:42	22.64	0.01	85	192440	买盘
10:58:39	22.63	--	18	40734	卖盘
10:58:36	22.63	--	21	47523	卖盘
10:58:33	22.63	-0.01	24	54312	卖盘
10:58:30	22.64	--	35	79240	买盘
10:58:27	22.64	--	57	129048	买盘
10:58:21	22.64	--	22	49808	买盘
10:58:18	22.64	0.02	12	27168	买盘
10:58:15	22.62	-0.02	43	97266	卖盘
10:58:12	22.64	0.02	17	38488	买盘
10:58:09	22.62	-0.01	58	131196	卖盘
10:58:06	22.63	0.01	18	42770	买盘
10:58:03	22.62	-0.01	28	63336	卖盘
10:58:00	22.63	--	14	31682	买盘
10:57:57	22.63	0.02	7	15841	买盘
10:57:54	22.61	0.01	41	92701	卖盘
10:57:51	22.6	-0.01	312	705120	卖盘
10:57:48	22.61	-0.02	59	133399	卖盘
10:57:45	22.63	0.03	3	6789	中性盘
10:57:42	22.6	-0.03	35	79100	卖盘
10:57:39	22.63	--	5	11315	卖盘
10:57:36	22.63	0.03	168	380184	买盘
10:57:33	22.6	--	25	56500	卖盘
10:57:30	22.6	--	201	454260	卖盘
10:57:27	22.6	-0.03	40	90400	卖盘
10:57:21	22.63	0.03	2	4526	买盘
10:57:18	22.6	-0.03	20	45200	卖盘
10:57:15	22.63	-0.01	37	83731	中性盘
10:57:12	22.64	--	82	185648	买盘
10:57:09	22.64	--	1	2264	中性盘
10:57:06	22.64	--	2424	5487936	卖盘
10:57:03	22.64	-0.01	57	129048	卖盘
10:57:00	22.65	--	24	54360	买盘
10:56:57	22.65	--	824	1866359	卖盘
10:56:54	22.65	--	147	332955	卖盘
10:56:51	22.65	--	24	54360	卖盘
10:56:48	22.65	--	71	160815	卖盘
10:56:45	22.65	-0.01	20	45300	卖盘
10:56:42	22.66	-0.02	1359	3079494	卖盘
10:56:39	22.68	--	51	115668	买盘
10:56:36	22.68	-0.01	1	2268	中性盘
10:56:33	22.69	0.01	95	215555	买盘
10:56:30	22.68	--	77	174636	卖盘
10:56:27	22.68	--	27	61236	卖盘
10:56:24	22.68	--	26	58968	卖盘
10:56:21	22.68	--	31	70308	卖盘
10:56:18	22.68	-0.01	26	58968	卖盘
10:56:15	22.69	--	65	147485	买盘
10:56:12	22.69	--	2	4538	卖盘
10:56:09	22.69	0.01	26	58994	卖盘
10:56:03	22.68	-0.01	73	165564	卖盘
10:56:00	22.69	--	54	122526	买盘
10:55:57	22.69	--	50	113450	卖盘
10:55:54	22.69	0.01	26	58994	卖盘
10:55:51	22.68	--	25	56700	卖盘
10:55:48	22.68	-0.01	81	183708	卖盘
10:55:42	22.69	-0.01	6	13614	卖盘
10:55:39	22.7	0.01	44	99880	买盘
10:55:36	22.69	--	6	13614	买盘
10:55:33	22.69	0.01	24	54456	中性盘
10:55:27	22.68	-0.01	39	88452	卖盘
10:55:24	22.69	--	17	38573	卖盘
10:55:21	22.69	--	8	18152	卖盘
10:55:18	22.69	-0.01	5	11345	卖盘
10:55:15	22.7	0.01	7	15890	中性盘
10:55:12	22.69	-0.04	36	81684	卖盘
10:55:09	22.73	0.04	28	63644	买盘
10:55:03	22.69	-0.01	606	1375014	卖盘
10:55:00	22.7	0.01	21	47670	中性盘
10:54:57	22.69	--	26	58994	卖盘
10:54:54	22.69	-0.01	87	197403	卖盘
10:54:51	22.7	--	35	79450	卖盘
10:54:48	22.7	--	33	74910	卖盘
10:54:42	22.7	--	62	140740	卖盘
10:54:39	22.7	-0.01	26	59020	卖盘
10:54:36	22.71	0.01	12	27252	买盘
10:54:33	22.7	-0.01	26	59020	卖盘
10:54:30	22.71	0.01	13	29523	买盘
10:54:27	22.7	--	29	65830	卖盘
10:54:24	22.7	--	60	136200	卖盘
10:54:21	22.7	--	69	156630	卖盘
10:54:18	22.7	--	26	59020	卖盘
10:54:12	22.7	--	43	97610	卖盘
10:54:09	22.7	-0.01	33	74910	卖盘
10:54:06	22.71	--	30	68130	买盘
10:54:03	22.71	--	28	63588	买盘
10:54:00	22.71	--	6	13626	买盘
10:53:57	22.71	0.01	34	77214	买盘
10:53:54	22.7	--	31	70370	卖盘
10:53:51	22.7	--	29	65830	卖盘
10:53:48	22.7	-0.01	26	59020	卖盘
10:53:45	22.71	0.01	10	22710	买盘
10:53:42	22.7	--	32	72640	卖盘
10:53:39	22.7	--	40	90800	卖盘
10:53:33	22.7	-0.01	75	170250	卖盘
10:53:30	22.71	0.01	4	9084	买盘
10:53:27	22.7	-0.01	26	59020	卖盘
10:53:24	22.71	0.01	75	170325	买盘
10:53:21	22.7	--	4	9080	买盘
10:53:18	22.7	--	20	45400	卖盘
10:53:12	22.7	--	28	63560	卖盘
10:53:09	22.7	--	26	59020	卖盘
10:53:06	22.7	0.01	11	24970	买盘
10:53:03	22.69	-0.01	38	86222	卖盘
10:53:00	22.7	0.01	9	20430	买盘
10:52:57	22.69	--	36	81684	卖盘
10:52:54	22.69	-0.01	56	127064	卖盘
10:52:51	22.7	0.01	1	2270	买盘
10:52:48	22.69	-0.01	32	72608	卖盘
10:52:45	22.7	0.01	23	52210	买盘
10:52:42	22.69	--	27	61263	卖盘
10:52:39	22.69	-0.01	26	58994	卖盘
10:52:36	22.7	0.01	2	4540	买盘
10:52:33	22.69	--	38	86222	中性盘
10:52:30	22.69	0.01	28	63532	买盘
10:52:27	22.68	--	36	81648	卖盘
10:52:24	22.68	--	131	297108	卖盘
10:52:21	22.68	-0.01	8	18144	卖盘
10:52:18	22.69	0.01	13	29497	卖盘
10:52:15	22.68	--	19	43092	卖盘
10:52:12	22.68	-0.01	50	113400	卖盘
10:52:09	22.69	--	35	79415	买盘
10:52:06	22.69	--	2	4538	买盘
10:52:03	22.69	--	32	72608	买盘
10:52:00	22.69	--	189	428841	卖盘
10:51:57	22.69	-0.01	182	412958	卖盘
10:51:54	22.7	--	40	90800	买盘
10:51:51	22.7	0.01	10	22700	买盘
10:51:48	22.69	-0.01	27	61263	卖盘
10:51:45	22.7	0.01	4	9080	买盘
10:51:42	22.69	-0.01	26	58994	卖盘
10:51:39	22.7	-0.01	9	20430	卖盘
10:51:36	22.71	0.01	10	22710	买盘
10:51:33	22.7	-0.01	23	52210	卖盘
10:51:30	22.71	0.01	26	59046	买盘
10:51:27	22.7	--	19	43130	卖盘
10:51:24	22.7	--	31	70370	卖盘
10:51:18	22.7	-0.01	37	83990	卖盘
10:51:15	22.71	0.01	1	2271	买盘
10:51:12	22.7	-0.01	28	63560	卖盘
10:51:09	22.71	--	36	81756	买盘
10:51:06	22.71	0.01	12	27252	买盘
10:51:03	22.7	-0.01	27	61290	卖盘
10:51:00	22.71	0.01	6	13626	买盘
10:50:57	22.7	-0.01	51	115770	卖盘
10:50:54	22.71	--	36	81756	买盘
10:50:51	22.71	0.01	10	22710	买盘
10:50:48	22.7	-0.01	37	83990	卖盘
10:50:42	22.71	--	20	45420	卖盘
10:50:39	22.71	0.01	26	59046	卖盘
10:50:33	22.7	-0.01	29	65830	卖盘
10:50:30	22.71	--	15	34065	买盘
10:50:27	22.71	0.01	18	40878	卖盘
10:50:24	22.7	-0.01	32	72640	卖盘
10:50:18	22.71	0.01	39	88569	买盘
10:50:12	22.7	-0.01	27	61290	卖盘
10:50:09	22.71	-0.01	11	24981	卖盘
10:50:06	22.72	0.01	1	2272	买盘
10:50:03	22.71	-0.01	26	59046	中性盘
10:49:57	22.72	0.02	76	172672	买盘
10:49:54	22.7	-0.02	139	315530	卖盘
10:49:48	22.72	--	26	59072	卖盘
10:49:45	22.72	--	4	9088	卖盘
10:49:42	22.72	--	26	59072	卖盘
10:49:39	22.72	0.02	53	120416	买盘
10:49:36	22.7	-0.01	23	52210	卖盘
10:49:33	22.71	-0.01	27	61317	卖盘
10:49:30	22.72	0.01	3	6816	买盘
10:49:27	22.71	--	76	172596	买盘
10:49:24	22.71	0.01	31	70401	买盘
10:49:21	22.7	--	11	24970	卖盘
10:49:18	22.7	--	26	59020	卖盘
10:49:15	22.7	--	48	108960	卖盘
10:49:12	22.7	--	27	61290	卖盘
10:49:09	22.7	--	26	59020	卖盘
10:49:03	22.7	--	61	138470	买盘
10:49:00	22.7	0.01	2	4540	买盘
10:48:57	22.69	--	53	120257	卖盘
10:48:54	22.69	0.01	29	65801	买盘
10:48:51	22.68	-0.01	106	240408	卖盘
10:48:48	22.69	--	30	68070	买盘
10:48:45	22.69	0.01	84	190596	买盘
10:48:42	22.68	-0.01	41	92988	卖盘
10:48:39	22.69	--	49	111181	买盘
10:48:36	22.69	0.01	35	79415	买盘
10:48:33	22.68	-0.01	43	97524	卖盘
10:48:30	22.69	0.01	375	852100	买盘
10:48:27	22.68	-0.01	143	324324	卖盘
10:48:24	22.69	--	94	213286	买盘
10:48:21	22.69	0.01	42	95298	买盘
10:48:18	22.68	-0.01	100	226800	卖盘
10:48:15	22.69	0.01	29	65801	买盘
10:48:12	22.68	--	38	86184	卖盘
10:48:09	22.68	-0.01	36	81648	卖盘
10:48:06	22.69	--	12	27228	买盘
10:48:03	22.69	--	28	63532	买盘
10:48:00	22.69	0.01	29	65801	买盘
10:47:57	22.68	-0.01	44	99792	卖盘
10:47:54	22.69	--	14	31766	买盘
10:47:51	22.69	-0.01	138	313122	卖盘
10:47:48	22.7	--	100	227000	卖盘
10:47:45	22.7	--	37	83990	卖盘
10:47:42	22.7	--	27	61290	卖盘
10:47:39	22.7	-0.01	36	81720	买盘
10:47:36	22.71	0.01	18	40878	买盘
10:47:33	22.7	-0.01	20	45400	卖盘
10:47:30	22.71	0.02	24	54504	买盘
10:47:27	22.69	-0.01	101	229169	卖盘
10:47:24	22.7	--	10	22700	卖盘
10:47:21	22.7	-0.01	7	15890	卖盘
10:47:18	22.71	0.01	31	70401	买盘
10:47:15	22.7	--	12	27240	卖盘
10:47:12	22.7	--	26	59020	卖盘
10:47:09	22.7	--	69	156630	买盘
10:47:06	22.7	0.01	119	270130	买盘
10:47:03	22.69	-0.01	28	63532	卖盘
10:47:00	22.7	0.01	56	127120	买盘
10:46:57	22.69	-0.01	39	88491	卖盘
10:46:54	22.7	-0.01	135	306450	卖盘
10:46:51	22.71	--	10	22710	卖盘
10:46:48	22.71	0.01	67	152157	买盘
10:46:45	22.7	--	10	22700	卖盘
10:46:42	22.7	--	114	258780	卖盘
10:46:39	22.7	-0.01	74	167980	卖盘
10:46:36	22.71	--	26	59046	买盘
10:46:33	22.71	--	33	74943	卖盘
10:46:30	22.71	--	7	15897	卖盘
10:46:27	22.71	0.01	39	88569	卖盘
10:46:24	22.7	--	30	68100	卖盘
10:46:21	22.7	--	20	45400	卖盘
10:46:18	22.7	--	35	79450	卖盘
10:46:15	22.7	--	5	11350	卖盘
10:46:12	22.7	--	28	63560	卖盘
10:46:09	22.7	--	26	59020	卖盘
10:46:06	22.7	--	3	6810	买盘
10:46:03	22.7	--	23	52210	卖盘
10:46:00	22.7	--	54	122580	卖盘
10:45:57	22.7	-0.02	36	81720	卖盘
10:45:54	22.72	-0.01	4	9088	卖盘
10:45:51	22.73	0.03	3	6819	买盘
10:45:48	22.7	0.01	26	59020	卖盘
10:45:45	22.69	-0.03	26	58994	买盘
10:45:42	22.72	0.03	11	24992	买盘
10:45:39	22.69	--	29	65801	买盘
10:45:36	22.69	--	12	27228	买盘
10:45:33	22.69	--	21	47649	卖盘
10:45:30	22.69	--	7	15883	卖盘
10:45:27	22.69	0.01	76	172444	中性盘
10:45:24	22.68	-0.02	305	691740	卖盘
10:45:21	22.7	--	161	365470	买盘
10:45:18	22.7	0.01	40	90800	买盘
10:45:15	22.69	0.01	20	45380	买盘
10:45:12	22.68	-0.01	37	83916	卖盘
10:45:09	22.69	--	43	97567	买盘
10:45:06	22.69	-0.01	14	31766	中性盘
10:45:03	22.7	--	88	199760	买盘
10:45:00	22.7	0.01	2	4540	买盘
10:44:57	22.69	--	29	65801	卖盘
10:44:54	22.69	--	53	120257	卖盘
10:44:51	22.69	-0.01	4	9076	卖盘
10:44:48	22.7	--	62	140740	买盘
10:44:45	22.7	0.01	10	22700	买盘
10:44:42	22.69	-0.01	27	61263	卖盘
10:44:36	22.7	--	8	18160	卖盘
10:44:33	22.7	--	49	111230	卖盘
10:44:30	22.7	--	23	52210	卖盘
10:44:27	22.7	--	28	63560	卖盘
10:44:24	22.7	-0.03	26	59020	卖盘
10:44:21	22.73	--	12	27276	买盘
10:44:18	22.73	--	21	47733	卖盘
10:44:15	22.73	0.01	600	1363800	买盘
10:44:12	22.72	--	53	120416	卖盘
10:44:09	22.72	-0.02	36	81792	卖盘
10:44:06	22.74	0.01	12	27287	买盘
10:44:03	22.73	--	38	86374	卖盘
10:44:00	22.73	-0.01	27	61371	卖盘
10:43:57	22.74	-0.01	58	131892	卖盘
10:43:54	22.75	--	40	91000	买盘
10:43:51	22.75	0.02	1	2275	买盘
10:43:48	22.73	--	26	59098	卖盘
10:43:45	22.73	--	150	340950	卖盘
10:43:42	22.73	--	58	131834	买盘
10:43:39	22.73	0.01	33	75009	买盘
10:43:36	22.72	-0.01	27	61344	卖盘
10:43:33	22.73	-0.02	17	38641	卖盘
10:43:30	22.75	0.03	2	4550	买盘
10:43:27	22.72	-0.04	85	193460	卖盘
10:43:24	22.76	--	82	186632	买盘
10:43:21	22.76	--	141	320916	买盘
10:43:18	22.76	--	7	15932	买盘
10:43:15	22.76	--	3	6828	买盘
10:43:12	22.76	--	14	31864	买盘
10:43:09	22.76	0.01	116	264016	买盘
10:43:06	22.75	--	10	22750	卖盘
10:43:03	22.75	--	37	84175	卖盘
10:43:00	22.75	--	6	13650	卖盘
10:42:57	22.75	0.03	104	238533	买盘
10:42:54	22.72	--	63	143136	买盘
10:42:51	22.72	0.01	11	24992	买盘
10:42:48	22.71	-0.01	48	109008	卖盘
10:42:45	22.72	0.01	5	11360	买盘
10:42:42	22.71	0.01	50	113550	中性盘
10:42:39	22.7	-0.01	48	108960	卖盘
10:42:36	22.71	-0.01	36	81756	卖盘
10:42:33	22.72	--	63	143136	买盘
10:42:30	22.72	0.01	2	4544	买盘
10:42:27	22.71	--	27	61317	卖盘
10:42:24	22.71	--	76	172596	中性盘
10:42:21	22.71	--	11	24981	买盘
10:42:18	22.71	-0.01	15	34065	卖盘
10:42:15	22.72	0.02	6	13632	买盘
10:42:12	22.7	-0.01	27	61290	卖盘
10:42:09	22.71	--	20	45420	卖盘
10:42:06	22.71	-0.01	43	97653	卖盘
10:42:03	22.72	--	94	213568	买盘
10:42:00	22.72	0.02	10	22720	买盘
10:41:57	22.7	-0.02	38	86260	卖盘
10:41:54	22.72	0.02	93	211296	买盘
10:41:51	22.7	-0.02	15	34050	中性盘
10:41:48	22.72	0.02	41	93152	买盘
10:41:45	22.7	--	7	15890	买盘
10:41:42	22.7	-0.02	204	463080	卖盘
10:41:39	22.72	--	64	145748	买盘
10:41:36	22.72	0.02	11	24992	买盘
10:41:33	22.7	--	126	286020	卖盘
10:41:30	22.7	-0.02	8	18160	卖盘
10:41:27	22.72	0.02	147	335915	买盘
10:41:24	22.7	--	38	86260	买盘
10:41:21	22.7	0.01	132	299640	买盘
10:41:18	22.69	--	250	567250	买盘
10:41:15	22.69	--	34	77146	卖盘
10:41:12	22.69	-0.01	73	165637	卖盘
10:41:09	22.7	0.01	46	104420	买盘
10:41:06	22.69	-0.01	43	97567	卖盘
10:41:03	22.7	0.01	33	75250	买盘
10:41:00	22.69	--	53	120257	卖盘
10:40:57	22.69	-0.01	40	90760	卖盘
10:40:54	22.7	0.01	8	18160	中性盘
10:40:51	22.69	-0.02	166	376654	卖盘
10:40:48	22.71	--	142	322482	卖盘
10:40:45	22.71	--	21	47691	卖盘
10:40:42	22.71	--	35	79485	卖盘
10:40:39	22.71	--	30	68130	卖盘
10:40:36	22.71	0.01	116	263436	买盘
10:40:33	22.7	--	26	59020	卖盘
10:40:30	22.7	0.01	11	24970	买盘
10:40:27	22.69	--	309	701121	卖盘
10:40:24	22.69	-0.01	82	186058	卖盘
10:40:21	22.7	0.01	442	1005269	买盘
10:40:18	22.69	--	122	276818	买盘
10:40:15	22.69	--	72	163368	买盘
10:40:12	22.69	--	83	188327	卖盘
10:40:09	22.69	--	67	152023	卖盘
10:40:06	22.69	--	43	97567	卖盘
10:40:03	22.69	--	50	113450	卖盘
10:40:00	22.69	--	65	147485	卖盘
10:39:57	22.69	--	28	63532	卖盘
10:39:54	22.69	0.01	139	315391	卖盘
10:39:51	22.68	-0.01	38	86184	卖盘
10:39:48	22.69	--	114	258666	买盘
10:39:45	22.69	-0.01	20	45380	买盘
10:39:42	22.7	0.01	57	129390	买盘
10:39:39	22.69	0.01	10	22690	卖盘
10:39:36	22.68	--	172	390096	卖盘
10:39:33	22.68	-0.01	249	564732	卖盘
10:39:30	22.69	--	39	88491	买盘
10:39:27	22.69	0.01	37	83953	中性盘
10:39:24	22.68	-0.01	82	185976	卖盘
10:39:21	22.69	--	80	181520	买盘
10:39:18	22.69	0.01	27	61263	买盘
10:39:15	22.68	-0.01	36	81648	卖盘
10:39:12	22.69	--	120	272280	卖盘
10:39:09	22.69	--	30	68070	卖盘
10:39:06	22.69	-0.01	65	147485	卖盘
10:39:03	22.7	--	12	27240	买盘
10:39:00	22.7	-0.01	422	958280	卖盘
10:38:57	22.71	--	398	903858	买盘
10:38:54	22.71	--	188	426948	卖盘
10:38:51	22.71	--	36	81756	卖盘
10:38:48	22.71	--	47	106737	卖盘
10:38:42	22.71	--	682	1548822	卖盘
10:38:39	22.71	0.01	42	97403	买盘
10:38:36	22.7	-0.01	1717	3897839	卖盘
10:38:33	22.71	0.01	2	6563	买盘
10:38:30	22.7	-0.01	130	295100	卖盘
10:38:27	22.71	--	68	154428	买盘
10:38:24	22.71	0.01	28	63588	买盘
10:38:21	22.7	-0.01	180	408600	卖盘
10:38:18	22.71	-0.01	39	88569	卖盘
10:38:15	22.72	--	13	29536	买盘
10:38:12	22.72	0.01	26	61253	买盘
10:38:09	22.71	--	209	474729	卖盘
10:38:06	22.71	--	41	93111	卖盘
10:38:03	22.71	-0.02	92	208932	卖盘
10:38:00	22.73	0.02	16	36368	买盘
10:37:57	22.71	-0.02	29	65859	卖盘
10:37:54	22.73	0.02	29	65917	买盘
10:37:51	22.71	--	55	124905	卖盘
10:37:48	22.71	--	52	118092	卖盘
10:37:45	22.71	-0.01	107	242997	卖盘
10:37:42	22.72	0.01	33	74976	买盘
10:37:39	22.71	--	5	11355	卖盘
10:37:36	22.71	--	41	93111	卖盘
10:37:33	22.71	--	112	254352	卖盘
10:37:30	22.71	-0.01	39	88569	卖盘
10:37:27	22.72	0.01	9	20448	中性盘
10:37:24	22.71	-0.01	44	99924	卖盘
10:37:21	22.72	--	26	59072	卖盘
10:37:18	22.72	--	8	18176	买盘
10:37:15	22.72	-0.01	41	93152	卖盘
10:37:12	22.73	--	32	72736	买盘
10:37:09	22.73	0.02	50	113650	买盘
10:37:06	22.71	-0.01	330	749430	卖盘
10:37:03	22.72	0.01	49	111328	买盘
10:37:00	22.71	-0.01	59	133989	卖盘
10:36:57	22.72	--	9	20448	买盘
10:36:54	22.72	--	35	79520	卖盘
10:36:51	22.72	--	49	111328	卖盘
10:36:48	22.72	-0.01	26	59072	卖盘
10:36:45	22.73	--	13	29549	买盘
10:36:42	22.73	0.02	30	68190	买盘
10:36:39	22.71	-0.01	115	261165	卖盘
10:36:36	22.72	0.01	31	70432	买盘
10:36:33	22.71	--	540	1226340	卖盘
10:36:30	22.71	-0.01	209	474639	卖盘
10:36:27	22.72	0.01	38	86336	卖盘
10:36:21	22.71	-0.01	28	63588	卖盘
10:36:18	22.72	--	76	172672	卖盘
10:36:15	22.72	-0.02	5	11360	卖盘
10:36:12	22.74	--	104	236495	买盘
10:36:09	22.74	0.02	68	154632	买盘
10:36:06	22.72	-0.01	2	4544	卖盘
10:36:03	22.73	0.02	6	13638	买盘
10:36:00	22.71	-0.03	27	61317	卖盘
10:35:57	22.74	0.02	39	88686	买盘
10:35:54	22.72	0.01	33	74976	中性盘
10:35:51	22.71	--	189	429219	卖盘
10:35:48	22.71	--	227	515517	卖盘
10:35:45	22.71	--	27	61317	卖盘
10:35:42	22.71	-0.01	142	322482	卖盘
10:35:39	22.72	0.01	1	2272	买盘
10:35:36	22.71	-0.03	27	61317	卖盘
10:35:33	22.74	--	1	2274	买盘
10:35:30	22.74	-0.02	41	93234	卖盘
10:35:27	22.76	0.05	40	91040	买盘
10:35:24	22.71	-0.03	1298	2947758	卖盘
10:35:21	22.74	-0.02	28	63671	卖盘
10:35:18	22.76	--	36	81936	买盘
10:35:12	22.76	--	66	150216	买盘
10:35:06	22.76	--	4	9104	买盘
10:35:03	22.76	-0.01	13	29588	卖盘
10:35:00	22.77	0.01	5	11385	买盘
10:34:57	22.76	-0.01	35	79660	卖盘
10:34:54	22.77	0.02	3	6831	买盘
10:34:51	22.75	--	32	72800	买盘
10:34:48	22.75	--	5	11375	买盘
10:34:45	22.75	-0.02	18	40950	卖盘
10:34:42	22.77	0.01	28	63756	买盘
10:34:39	22.76	0.01	10	22760	买盘
10:34:36	22.75	-0.01	26	59150	卖盘
10:34:33	22.76	--	31	70556	买盘
10:34:30	22.76	--	5	11380	买盘
10:34:27	22.76	0.01	76	172976	买盘
10:34:24	22.75	0.01	10	22750	中性盘
10:34:21	22.74	-0.01	42	95508	卖盘
10:34:18	22.75	--	18	40950	买盘
10:34:15	22.75	--	37	84175	卖盘
10:34:12	22.75	--	205	466375	买盘
10:34:09	22.75	0.01	16	36400	买盘
10:34:06	22.74	-0.01	34	77316	卖盘
10:34:03	22.75	0.01	11	25025	买盘
10:34:00	22.74	-0.01	21	47754	卖盘
10:33:57	22.75	0.01	27	61425	买盘
10:33:54	22.74	--	30	68220	买盘
10:33:51	22.74	--	35	79590	卖盘
10:33:48	22.74	0.01	5	11370	买盘
10:33:45	22.73	-0.01	41	93193	卖盘
10:33:42	22.74	--	45	102330	买盘
10:33:39	22.74	0.01	11	25014	买盘
10:33:36	22.73	-0.01	240	545520	卖盘
10:33:33	22.74	0.01	17	38658	中性盘
10:33:30	22.73	-0.01	139	315947	卖盘
10:33:27	22.74	--	43	97782	买盘
10:33:24	22.74	0.01	115	261509	买盘
10:33:21	22.73	-0.01	26	59098	卖盘
10:33:18	22.74	--	46	104604	买盘
10:33:15	22.74	--	27	61397	买盘
10:33:12	22.74	--	129	293346	卖盘
10:33:06	22.74	--	28	63671	卖盘
10:33:03	22.74	--	2	4548	卖盘
10:33:00	22.74	--	31	70494	卖盘
10:32:57	22.74	--	28	63671	卖盘
10:32:54	22.74	--	30	68220	卖盘
10:32:51	22.74	--	26	59123	卖盘
10:32:48	22.74	--	4	9096	卖盘
10:32:45	22.74	--	304	691296	买盘
10:32:42	22.74	0.01	35	79590	买盘
10:32:39	22.73	0.01	5	11365	买盘
10:32:36	22.72	-0.01	47	106784	卖盘
10:32:33	22.73	0.01	56	127288	买盘
10:32:30	22.72	--	49	111328	卖盘
10:32:27	22.72	-0.01	232	527104	卖盘
10:32:24	22.73	--	57	129561	卖盘
10:32:21	22.73	0.01	26	59098	中性盘
10:32:15	22.72	-0.01	75	170400	卖盘
10:32:12	22.73	0.01	50	113650	买盘
10:32:09	22.72	-0.01	50	113600	卖盘
10:32:06	22.73	-0.01	18	40914	卖盘
10:32:03	22.74	0.01	61	138714	买盘
10:32:00	22.73	-0.01	29	65917	卖盘
10:31:57	22.74	-0.01	12	27287	卖盘
10:31:54	22.75	0.01	3	6825	买盘
10:31:51	22.74	0.01	33	75042	买盘
10:31:48	22.73	--	5	11365	卖盘
10:31:45	22.73	--	26	59098	卖盘
10:31:42	22.73	-0.01	34	77282	卖盘
10:31:39	22.74	0.02	16	36384	买盘
10:31:36	22.72	-0.02	25	56800	卖盘
10:31:33	22.74	0.01	2	4548	买盘
10:31:30	22.73	-0.01	26	59098	卖盘
10:31:27	22.74	0.01	29	65946	买盘
10:31:24	22.73	--	6	13638	买盘
10:31:21	22.73	0.01	36	81828	买盘
10:31:18	22.72	--	12	27264	卖盘
10:31:15	22.72	-0.01	58	131776	卖盘
10:31:12	22.73	0.01	15	34095	买盘
10:31:09	22.72	-0.01	45	102240	卖盘
10:31:06	22.73	0.01	51	115923	卖盘
10:31:03	22.72	-0.03	44	99968	卖盘
10:31:00	22.75	--	48	109200	买盘
10:30:57	22.75	0.02	41	93275	买盘
10:30:54	22.73	0.01	80	181840	买盘
10:30:51	22.72	-0.01	91	206752	卖盘
10:30:48	22.73	0.01	49	111377	买盘
10:30:45	22.72	-0.01	29	65888	卖盘
10:30:42	22.73	0.01	234	531882	买盘
10:30:39	22.72	--	59	134048	卖盘
10:30:36	22.72	-0.01	44	99968	卖盘
10:30:33	22.73	0.01	218	495514	买盘
10:30:30	22.72	-0.03	75	170400	卖盘
10:30:27	22.75	0.02	27	61425	买盘
10:30:24	22.73	--	3	6819	卖盘
10:30:21	22.73	-0.01	38	86374	卖盘
10:30:18	22.74	0.01	23	52302	买盘
10:30:15	22.73	-0.02	284	645532	卖盘
10:30:12	22.75	0.01	4	9100	卖盘
10:30:06	22.74	-0.02	49	111425	中性盘
10:30:03	22.76	0.03	14	31864	买盘
10:30:00	22.73	-0.02	215	488695	卖盘
10:29:57	22.75	0.01	56	127400	买盘
10:29:54	22.74	0.01	1	2274	卖盘
10:29:51	22.73	--	63	143199	卖盘
10:29:48	22.73	-0.01	46	104558	卖盘
10:29:45	22.74	-0.01	3	6821	卖盘
10:29:42	22.75	0.02	27	61425	买盘
10:29:39	22.73	--	10	22730	卖盘
10:29:36	22.73	-0.01	187	425051	卖盘
10:29:33	22.74	0.01	2	4548	买盘
10:29:30	22.73	--	167	379591	卖盘
10:29:27	22.73	-0.01	9	20457	卖盘
10:29:24	22.74	-0.01	137	311538	卖盘
10:29:21	22.75	0.01	98	222950	买盘
10:29:15	22.74	--	104	236495	卖盘
10:29:12	22.74	-0.01	28	63671	卖盘
10:29:09	22.75	--	3	6825	买盘
10:29:03	22.75	--	4	9100	卖盘
10:29:00	22.75	-0.01	26	59150	卖盘
10:28:57	22.76	--	32	72832	买盘
10:28:54	22.76	0.01	3	6828	买盘
10:28:51	22.75	-0.01	48	109200	卖盘
10:28:48	22.76	0.01	290	660040	买盘
10:28:45	22.75	--	50	114364	买盘
10:28:42	22.75	--	81	185935	卖盘
10:28:39	22.75	--	16	36400	卖盘
10:28:36	22.75	--	70	159250	卖盘
10:28:30	22.75	-0.01	27	61425	卖盘
10:28:27	22.76	0.01	27	61452	买盘
10:28:24	22.75	--	12	27300	卖盘
10:28:21	22.75	-0.01	34	77350	卖盘
10:28:18	22.76	0.01	35	79660	买盘
10:28:15	22.75	--	26	59150	卖盘
10:28:12	22.75	--	87	197925	卖盘
10:28:09	22.75	--	4	9100	卖盘
10:28:06	22.75	-0.01	340	773500	卖盘
10:28:03	22.76	0.01	101	229876	买盘
10:28:00	22.75	-0.01	38	86450	卖盘
10:27:57	22.76	--	29	66004	买盘
10:27:54	22.76	0.01	13	29588	买盘
10:27:51	22.75	--	33	75075	卖盘
10:27:48	22.75	-0.02	26	59150	卖盘
10:27:45	22.77	0.01	17	38709	买盘
10:27:42	22.76	-0.01	21	47796	卖盘
10:27:39	22.77	0.01	235	535095	买盘
10:27:36	22.76	-0.01	45	102420	卖盘
10:27:33	22.77	0.01	10	22770	买盘
10:27:30	22.76	-0.01	26	59176	卖盘
10:27:27	22.77	0.01	54	122958	买盘
10:27:21	22.76	--	64	145664	卖盘
10:27:15	22.76	-0.01	61	138836	卖盘
10:27:12	22.77	0.01	36	81972	买盘
10:27:09	22.76	-0.01	5	11380	卖盘
10:27:06	22.77	--	61	138897	卖盘
10:27:03	22.77	--	6	13662	卖盘
10:27:00	22.77	-0.01	41	93357	卖盘
10:26:57	22.78	--	27	61506	买盘
10:26:54	22.78	--	9	20502	买盘
10:26:51	22.78	--	36	82008	买盘
10:26:48	22.78	0.01	1	2278	买盘
10:26:45	22.77	--	26	59202	卖盘
10:26:42	22.77	--	27	61479	卖盘
10:26:39	22.77	--	1	2277	卖盘
10:26:36	22.77	-0.02	26	59202	卖盘
10:26:33	22.79	--	38	86602	买盘
10:26:27	22.79	0.02	28	63812	买盘
10:26:21	22.77	--	63	143451	卖盘
10:26:18	22.77	--	31	70587	卖盘
10:26:15	22.77	--	32	72864	卖盘
10:26:12	22.77	--	27	61479	卖盘
10:26:06	22.77	--	50	113850	卖盘
10:26:00	22.77	-0.01	52	118404	卖盘
10:25:57	22.78	0.01	13	29614	中性盘
10:25:54	22.77	-0.01	43	97911	卖盘
10:25:51	22.78	--	82	186796	买盘
10:25:48	22.78	0.01	7	15946	买盘
10:25:45	22.77	-0.01	72	163944	卖盘
10:25:42	22.78	--	112	255136	买盘
10:25:39	22.78	--	5	11390	买盘
10:25:36	22.78	0.01	45	102510	买盘
10:25:30	22.77	-0.01	26	59202	卖盘
10:25:27	22.78	--	2	4556	买盘
10:25:24	22.78	--	47	107066	卖盘
10:25:21	22.78	--	26	59228	卖盘
10:25:18	22.78	--	88	200464	卖盘
10:25:15	22.78	--	26	59228	卖盘
10:25:12	22.78	-0.01	37	84286	卖盘
10:25:09	22.79	--	20	45580	买盘
10:25:06	22.79	--	65	148135	买盘
10:25:03	22.79	0.01	16	36464	买盘
10:25:00	22.78	-0.01	29	66062	卖盘
10:24:57	22.79	--	52	118508	买盘
10:24:51	22.79	--	1	2279	买盘
10:24:48	22.79	--	62	141298	卖盘
10:24:45	22.79	--	26	59254	卖盘
10:24:42	22.79	-0.01	27	61533	卖盘
10:24:36	22.8	0.01	27	61560	买盘
10:24:30	22.79	--	67	152693	卖盘
10:24:27	22.79	-0.01	36	82044	卖盘
10:24:24	22.8	--	1	2280	买盘
10:24:21	22.8	-0.01	70	159600	卖盘
10:24:15	22.81	-0.01	13	31728	卖盘
10:24:12	22.82	0.04	36	82357	买盘
10:24:06	22.78	--	328	747184	卖盘
10:24:00	22.78	-0.02	53	120734	卖盘
10:23:57	22.8	--	29	66120	买盘
10:23:54	22.8	0.02	20	45600	买盘
10:23:51	22.78	-0.01	38	86564	卖盘
10:23:48	22.79	--	2	4558	买盘
10:23:45	22.79	0.01	20	45580	卖盘
10:23:42	22.78	-0.02	27	61506	卖盘
10:23:39	22.8	0.02	102	232560	买盘
10:23:36	22.78	--	27	61506	买盘
10:23:33	22.78	0.01	24	54672	买盘
10:23:30	22.77	--	28	63756	卖盘
10:23:27	22.77	--	28	63756	卖盘
10:23:24	22.77	-0.01	62	141174	卖盘
10:23:21	22.78	--	56	127568	买盘
10:23:18	22.78	--	10	22780	买盘
10:23:15	22.78	--	53	120734	买盘
10:23:12	22.78	-0.02	31	70618	卖盘
10:23:09	22.8	--	52	118560	买盘
10:23:06	22.8	0.02	28	63840	买盘
10:23:00	22.78	0.01	26	59228	卖盘
10:22:57	22.77	-0.03	26	59202	卖盘
10:22:54	22.8	0.02	18	41040	买盘
10:22:51	22.78	-0.01	33	75174	卖盘
10:22:48	22.79	0.01	2	4558	买盘
10:22:45	22.78	-0.01	26	59228	卖盘
10:22:42	22.79	--	36	82044	买盘
10:22:39	22.79	--	2	4558	买盘
10:22:36	22.79	--	5	11395	卖盘
10:22:30	22.79	-0.01	28	63812	卖盘
10:22:27	22.8	-0.01	3	6840	卖盘
10:22:24	22.81	--	12	27372	买盘
10:22:21	22.81	--	8	20323	卖盘
10:22:18	22.81	--	10	22810	卖盘
10:22:15	22.81	-0.01	126	287406	卖盘
10:22:12	22.82	0.01	156	356197	买盘
10:22:09	22.81	0.04	34	77554	买盘
10:22:06	22.77	--	48	109296	卖盘
10:22:00	22.77	-0.01	37	84249	卖盘
10:21:57	22.78	--	35	79730	买盘
10:21:54	22.78	--	19	43282	买盘
10:21:51	22.78	-0.01	28	63784	卖盘
10:21:48	22.79	0.01	2	4558	买盘
10:21:45	22.78	--	26	59228	卖盘
10:21:42	22.78	-0.01	30	68340	卖盘
10:21:39	22.79	--	1	2279	买盘
10:21:36	22.79	0.01	6	13674	卖盘
10:21:33	22.78	0.01	35	79730	买盘
10:21:30	22.77	--	87	198099	卖盘
10:21:27	22.77	-0.01	51	116127	卖盘
10:21:24	22.78	0.01	92	209576	买盘
10:21:21	22.77	-0.01	40	91080	卖盘
10:21:18	22.78	--	11	25058	买盘
10:21:15	22.78	-0.03	1	2278	卖盘
10:21:12	22.81	--	27	61587	买盘
10:21:06	22.81	0.03	42	95802	买盘
10:21:03	22.78	--	55	125290	卖盘
10:21:00	22.78	--	39	88842	卖盘
10:20:57	22.78	-0.02	38	88636	卖盘
10:20:54	22.8	--	1	2280	买盘
10:20:51	22.8	--	2	4560	卖盘
10:20:48	22.8	--	7	15960	卖盘
10:20:45	22.8	--	31	70680	买盘
10:20:42	22.8	--	51	116280	买盘
10:20:39	22.8	0.01	19	43320	买盘
10:20:36	22.79	--	34	77486	卖盘
10:20:33	22.79	--	1	2279	卖盘
10:20:30	22.79	-0.01	31	70649	卖盘
10:20:27	22.8	0.01	27	61560	卖盘
10:20:21	22.79	--	36	82044	卖盘
10:20:15	22.79	--	31	70649	卖盘
10:20:12	22.79	--	33	75207	卖盘
10:20:06	22.79	--	35	79765	卖盘
10:20:03	22.79	-0.01	20	45580	卖盘
10:20:00	22.8	--	29	66325	买盘
10:19:57	22.8	0.01	64	145920	卖盘
10:19:51	22.79	-0.03	27	61533	卖盘
10:19:48	22.82	0.04	49	111818	买盘
10:19:45	22.78	-0.02	33	75174	卖盘
10:19:42	22.8	-0.02	23	52440	卖盘
10:19:39	22.82	0.02	1	2282	买盘
10:19:36	22.8	--	101	230280	买盘
10:19:33	22.8	0.02	5	11400	买盘
10:19:30	22.78	--	90	205020	卖盘
10:19:27	22.78	-0.02	61	138958	卖盘
10:19:24	22.8	--	5	11400	买盘
10:19:21	22.8	-0.02	160	364800	卖盘
10:19:18	22.82	--	17	38794	买盘
10:19:15	22.82	--	9	20538	卖盘
10:19:12	22.82	-0.01	28	63896	卖盘
10:19:09	22.83	--	34	77622	买盘
10:19:06	22.83	-0.01	7	15980	卖盘
10:19:03	22.84	0.01	28	63952	买盘
10:19:00	22.83	--	32	73056	卖盘
10:18:57	22.83	-0.01	28	63923	卖盘
10:18:54	22.84	0.01	15	34260	买盘
10:18:51	22.83	--	26	59357	卖盘
10:18:48	22.83	--	10	22830	卖盘
10:18:45	22.83	-0.01	26	59357	卖盘
10:18:42	22.84	--	29	66236	买盘
10:18:39	22.84	0.04	147	335748	买盘
10:18:36	22.8	-0.02	328	747840	卖盘
10:18:33	22.82	0.02	5	11410	买盘
10:18:30	22.8	--	26	59280	卖盘
10:18:27	22.8	-0.02	50	114000	卖盘
10:18:24	22.82	0.02	4	9128	买盘
10:18:21	22.8	--	52	120247	买盘
10:18:18	22.8	--	10	22800	买盘
10:18:15	22.8	--	28	64432	卖盘
10:18:12	22.8	--	39	90607	买盘
10:18:06	22.8	--	34	78112	卖盘
10:18:03	22.8	--	1	2280	卖盘
10:18:00	22.8	--	27	61560	卖盘
10:17:57	22.8	0.03	181	414367	买盘
10:17:54	22.77	--	3	6831	卖盘
10:17:51	22.77	--	26	59202	卖盘
10:17:48	22.77	-0.03	13	29601	中性盘
10:17:45	22.8	--	38	86640	买盘
10:17:42	22.8	0.04	35	79800	买盘
10:17:36	22.76	-0.04	413	939988	卖盘
10:17:33	22.8	0.05	221	503880	买盘
10:17:30	22.75	-0.01	36	81900	卖盘
10:17:27	22.76	-0.03	15	34140	卖盘
10:17:24	22.79	--	2	4558	买盘
10:17:21	22.79	--	27	61533	卖盘
10:17:18	22.79	0.04	1	2279	中性盘
10:17:15	22.75	-0.05	26	59150	卖盘
10:17:12	22.8	0.01	27	61560	买盘
10:17:09	22.79	--	128	292327	买盘
10:17:06	22.79	0.04	44	100276	买盘
10:17:03	22.75	--	6	13650	买盘
10:17:00	22.75	0.01	10	22750	卖盘
10:16:57	22.74	-0.05	26	59123	卖盘
10:16:54	22.79	0.05	1	2279	买盘
10:16:51	22.74	-0.01	32	72768	卖盘
10:16:48	22.75	0.01	23	52325	买盘
10:16:45	22.74	-0.01	86	195564	卖盘
10:16:42	22.75	-0.04	28	63700	中性盘
10:16:39	22.79	0.04	87	198273	买盘
10:16:36	22.75	--	30	68250	买盘
10:16:33	22.75	--	4	9100	买盘
10:16:30	22.75	--	48	109200	卖盘
10:16:27	22.75	--	982	2234050	买盘
10:16:24	22.75	0.01	19	43225	买盘
10:16:21	22.74	--	21	47754	卖盘
10:16:18	22.74	--	54	122795	买盘
10:16:15	22.74	-0.01	72	163728	卖盘
10:16:12	22.75	--	24	54600	卖盘
10:16:09	22.75	0.02	26	59150	卖盘
10:16:06	22.73	-0.01	56	127288	卖盘
10:16:03	22.74	--	33	75042	卖盘
10:16:00	22.74	--	28	63671	卖盘
10:15:57	22.74	-0.05	35	79590	卖盘
10:15:54	22.79	0.06	521	1187359	买盘
10:15:51	22.73	-0.01	34	77282	卖盘
10:15:45	22.74	-0.01	22	50028	卖盘
10:15:42	22.75	--	46	104650	买盘
10:15:39	22.75	--	6	13650	买盘
10:15:36	22.75	0.02	82	186550	买盘
10:15:33	22.73	-0.01	642	1459266	卖盘
10:15:30	22.74	-0.01	32	72768	卖盘
10:15:27	22.75	--	42	95550	买盘
10:15:24	22.75	--	8	18200	买盘
10:15:21	22.75	--	33	75075	买盘
10:15:18	22.75	--	5	11375	买盘
10:15:15	22.75	--	367	836585	卖盘
10:15:12	22.75	-0.01	27	61425	卖盘
10:15:09	22.76	0.01	119	271458	买盘
10:15:06	22.75	-0.01	32	72800	卖盘
10:15:03	22.76	0.01	200	455200	买盘
10:15:00	22.75	-0.01	29	65975	卖盘
10:14:57	22.76	--	32	72832	买盘
10:14:54	22.76	0.01	48	109248	买盘
10:14:51	22.75	-0.01	29	65975	卖盘
10:14:48	22.76	--	54	122904	买盘
10:14:45	22.76	-0.02	123	281609	卖盘
10:14:42	22.78	0.01	86	195908	买盘
10:14:39	22.77	--	2	4554	买盘
10:14:36	22.77	0.01	30	68310	买盘
10:14:33	22.76	--	31	70556	卖盘
10:14:30	22.76	--	36	81936	卖盘
10:14:27	22.76	-0.01	27	61452	卖盘
10:14:24	22.77	--	2	4554	买盘
10:14:21	22.77	--	7	15939	卖盘
10:14:18	22.77	--	7	15939	卖盘
10:14:15	22.77	0.01	29	66033	卖盘
10:14:12	22.76	-0.02	26	59176	卖盘
10:14:09	22.78	0.02	10	23395	买盘
10:14:06	22.76	-0.01	66	150216	卖盘
10:14:03	22.77	0.01	1	2277	买盘
10:14:00	22.76	--	26	59176	卖盘
10:13:57	22.76	--	35	79660	卖盘
10:13:54	22.76	--	25	56900	卖盘
10:13:51	22.76	-0.02	26	59176	卖盘
10:13:48	22.78	0.02	1	2278	买盘
10:13:45	22.76	-0.02	45	102420	卖盘
10:13:42	22.78	--	31	70618	买盘
10:13:39	22.78	--	101	230078	买盘
10:13:36	22.78	--	40	91120	买盘
10:13:33	22.78	0.01	52	118456	买盘
10:13:30	22.77	-0.01	107	243639	卖盘
10:13:27	22.78	--	77	175406	买盘
10:13:24	22.78	--	103	234634	买盘
10:13:21	22.78	-0.01	26	60890	卖盘
10:13:15	22.79	-0.01	26	59254	卖盘
10:13:12	22.8	--	28	63840	买盘
10:13:09	22.8	0.02	18	41655	买盘
10:13:06	22.78	-0.01	13	29614	卖盘
10:13:03	22.79	--	10	22790	买盘
10:13:00	22.79	0.01	41	93439	买盘
10:12:57	22.78	-0.01	82	186796	卖盘
10:12:54	22.79	0.01	32	72928	买盘
10:12:51	22.78	-0.01	26	59228	卖盘
10:12:48	22.79	--	1	2279	买盘
10:12:45	22.79	--	51	116229	买盘
10:12:42	22.79	-0.01	34	79149	卖盘
10:12:39	22.8	0.01	3	6840	买盘
10:12:36	22.79	--	26	59254	卖盘
10:12:33	22.79	--	28	63812	卖盘
10:12:30	22.79	--	68	155587	买盘
10:12:27	22.79	--	31	70649	买盘
10:12:24	22.79	--	1	2279	买盘
10:12:21	22.79	0.01	39	88881	买盘
10:12:18	22.78	-0.01	55	125290	卖盘
10:12:15	22.79	--	123	281980	卖盘
10:12:12	22.79	--	96	219399	买盘
10:12:09	22.79	0.02	36	82044	买盘
10:12:06	22.77	-0.02	26	59202	卖盘
10:12:03	22.79	0.02	10	22790	买盘
10:12:00	22.77	-0.02	29	66033	卖盘
10:11:57	22.79	0.01	57	129903	买盘
10:11:51	22.78	--	30	68340	买盘
10:11:48	22.78	--	7	15946	买盘
10:11:45	22.78	--	97	220966	卖盘
10:11:42	22.78	--	32	72896	买盘
10:11:39	22.78	0.03	13	29614	买盘
10:11:36	22.75	-0.01	59	134225	卖盘
10:11:33	22.76	--	236	537136	卖盘
10:11:30	22.76	--	44	100144	买盘
10:11:27	22.76	-0.01	273	621348	卖盘
10:11:24	22.77	0.01	6	13662	买盘
10:11:21	22.76	--	31	70556	卖盘
10:11:18	22.76	0.01	68	154768	买盘
10:11:15	22.75	-0.01	60	136500	卖盘
10:11:12	22.76	--	108	245808	买盘
10:11:09	22.76	0.01	48	109248	买盘
10:11:06	22.75	-0.01	54	122850	卖盘
10:11:00	22.76	0.01	23	52348	卖盘
10:10:57	22.75	-0.02	26	59150	卖盘
10:10:54	22.77	0.01	4	9108	买盘
10:10:51	22.76	--	39	88764	买盘
10:10:48	22.76	0.01	12	27312	买盘
10:10:45	22.75	--	32	72800	卖盘
10:10:42	22.75	-0.01	29	65975	卖盘
10:10:39	22.76	--	31	70556	买盘
10:10:36	22.76	0.01	13	29588	中性盘
10:10:33	22.75	--	40	91000	卖盘
10:10:30	22.75	--	50	113750	卖盘
10:10:27	22.75	-0.01	26	59150	卖盘
10:10:24	22.76	0.01	34	77384	买盘
10:10:21	22.75	--	65	147875	卖盘
10:10:18	22.75	0.01	10	22750	中性盘
10:10:15	22.74	--	62	143171	买盘
10:10:12	22.74	-0.01	24	54575	卖盘
10:10:09	22.75	0.01	2	4550	买盘
10:10:06	22.74	--	26	59123	卖盘
10:10:03	22.74	--	39	88686	卖盘
10:10:00	22.74	-0.01	28	63671	卖盘
10:09:57	22.75	--	27	61425	买盘
10:09:54	22.75	0.02	1	2275	买盘
10:09:51	22.73	-0.01	29	65917	卖盘
10:09:48	22.74	--	40	90960	买盘
10:09:45	22.74	-0.01	6	13643	卖盘
10:09:42	22.75	0.01	29	65975	买盘
10:09:39	22.74	0.01	5	11370	中性盘
10:09:36	22.73	--	76	172748	卖盘
10:09:33	22.73	-0.01	558	1268334	卖盘
10:09:30	22.74	0.01	216	491183	买盘
10:09:27	22.73	-0.02	96	218298	卖盘
10:09:24	22.75	0.01	26	59150	买盘
10:09:21	22.74	-0.01	86	195564	卖盘
10:09:18	22.75	0.01	38	86450	买盘
10:09:15	22.74	--	28	63671	卖盘
10:09:12	22.74	-0.01	26	59123	卖盘
10:09:09	22.75	--	223	507325	买盘
10:09:06	22.75	0.01	31	70525	买盘
10:09:03	22.74	--	25	56849	卖盘
10:09:00	22.74	-0.01	56	127343	卖盘
10:08:57	22.75	--	27	61425	买盘
10:08:54	22.75	0.01	30	68250	买盘
10:08:51	22.74	--	68	154632	卖盘
10:08:48	22.74	--	34	77316	卖盘
10:08:45	22.74	--	33	75042	卖盘
10:08:42	22.74	-0.01	78	177372	卖盘
10:08:39	22.75	--	24	54600	卖盘
10:08:36	22.75	--	69	156975	卖盘
10:08:33	22.75	--	16	36400	买盘
10:08:30	22.75	--	40	91000	卖盘
10:08:27	22.75	-0.01	43	97825	卖盘
10:08:24	22.76	0.01	6	13656	买盘
10:08:21	22.75	-0.01	78	177450	卖盘
10:08:18	22.76	0.01	2	4552	买盘
10:08:15	22.75	--	53	120575	卖盘
10:08:12	22.75	-0.01	39	88725	卖盘
10:08:09	22.76	--	34	77384	买盘
10:08:06	22.76	--	125	284500	买盘
10:08:03	22.76	--	64	145664	卖盘
10:08:00	22.76	-0.02	26	59176	卖盘
10:07:57	22.78	0.02	89	202742	买盘
10:07:54	22.76	--	27	61452	卖盘
10:07:51	22.76	-0.01	31	70556	卖盘
10:07:48	22.77	0.01	2	4554	买盘
10:07:45	22.76	-0.01	28	63728	卖盘
10:07:42	22.77	0.01	36	81972	买盘
10:07:39	22.76	-0.01	87	198012	买盘
10:07:36	22.77	0.01	5	11385	买盘
10:07:33	22.76	-0.01	33	75108	卖盘
10:07:30	22.77	--	19	43263	卖盘
10:07:27	22.77	--	121	275517	买盘
10:07:24	22.77	0.02	75	170775	买盘
10:07:21	22.75	-0.01	51	116025	卖盘
10:07:18	22.76	--	3	6828	卖盘
10:07:15	22.76	0.01	34	77384	买盘
10:07:12	22.75	--	143	325325	卖盘
10:07:06	22.75	-0.01	26	59150	卖盘
10:07:03	22.76	0.01	21	47796	买盘
10:07:00	22.75	-0.01	31	70525	卖盘
10:06:57	22.76	-0.01	62	141112	卖盘
10:06:54	22.77	0.01	71	161667	买盘
10:06:51	22.76	--	29	66004	卖盘
10:06:48	22.76	--	45	102420	卖盘
10:06:45	22.76	-0.01	48	109248	卖盘
10:06:42	22.77	--	3	6831	买盘
10:06:39	22.77	-0.01	122	277794	卖盘
10:06:36	22.78	0.01	62	141236	买盘
10:06:33	22.77	--	10	22770	卖盘
10:06:30	22.77	--	42	95634	卖盘
10:06:27	22.77	--	52	118404	卖盘
10:06:24	22.77	0.01	14	31878	中性盘
10:06:21	22.76	-0.01	29	66004	卖盘
10:06:18	22.77	0.01	26	59202	买盘
10:06:15	22.76	--	7	15932	卖盘
10:06:12	22.76	-0.01	26	59176	卖盘
10:06:09	22.77	-0.01	5	11385	中性盘
10:06:06	22.78	0.02	29	66062	买盘
10:06:03	22.76	0.01	85	193460	中性盘
10:06:00	22.75	--	39	88725	卖盘
10:05:57	22.75	-0.03	38	86450	卖盘
10:05:54	22.78	0.03	8	18224	买盘
10:05:51	22.75	-0.02	32	72800	卖盘
10:05:48	22.77	--	5	11385	买盘
10:05:45	22.77	-0.01	20	45540	卖盘
10:05:42	22.78	-0.01	49	113284	卖盘
10:05:39	22.79	0.01	8	18232	买盘
10:05:36	22.78	--	34	77452	卖盘
10:05:33	22.78	--	6	13668	卖盘
