成交时间	成交价	价格变动	成交量(手)	成交额(元)	性质
15:00:03	20.93	--	1074	2247882	买盘
14:57:00	20.93	--	10	20930	买盘
14:56:57	20.93	0.01	207	433251	买盘
14:56:54	20.92	-0.01	5	10460	卖盘
14:56:48	20.93	--	2	4186	买盘
14:56:45	20.93	--	74	154882	买盘
14:56:42	20.93	0.01	65	136045	买盘
14:56:39	20.92	-0.01	2	4184	卖盘
14:56:36	20.93	0.01	11	23023	买盘
14:56:33	20.92	-0.01	14	29288	卖盘
14:56:30	20.93	--	2	4186	买盘
14:56:24	20.93	--	47	98371	买盘
14:56:21	20.93	--	12	25116	买盘
14:56:18	20.93	--	75	156975	买盘
14:56:15	20.93	0.01	22	46046	买盘
14:56:12	20.92	-0.01	47	98324	卖盘
14:56:09	20.93	0.01	6	12558	买盘
14:56:06	20.92	--	10	20920	卖盘
14:56:03	20.92	--	49	102508	卖盘
14:56:00	20.92	--	72	150624	卖盘
14:55:57	20.92	--	3	6276	卖盘
14:55:51	20.92	--	1	2092	卖盘
14:55:45	20.92	--	2	4184	卖盘
14:55:42	20.92	-0.02	5	10460	卖盘
14:55:39	20.94	0.02	5	10470	买盘
14:55:36	20.92	-0.02	24	50208	卖盘
14:55:33	20.94	--	12	25128	买盘
14:55:30	20.94	--	18	37692	买盘
14:55:27	20.94	0.01	24	50256	买盘
14:55:24	20.93	0.01	7	14651	卖盘
14:55:21	20.92	--	107	223844	卖盘
14:55:18	20.92	--	113	236396	卖盘
14:55:15	20.92	-0.01	5	10460	卖盘
14:55:12	20.93	0.01	21	43953	买盘
14:55:09	20.92	--	6	12552	卖盘
14:55:06	20.92	--	66	138072	卖盘
14:55:03	20.92	0.01	11	23012	买盘
14:55:00	20.91	-0.02	10	20910	卖盘
14:54:54	20.93	--	10	20930	买盘
14:54:51	20.93	0.02	29	60697	买盘
14:54:48	20.91	-0.02	50	104550	卖盘
14:54:45	20.93	0.01	6	12558	买盘
14:54:42	20.92	--	1	2092	卖盘
14:54:39	20.92	--	33	69036	卖盘
14:54:33	20.92	-0.01	52	108784	卖盘
14:54:30	20.93	--	11	23023	买盘
14:54:24	20.93	--	1	2093	买盘
14:54:21	20.93	--	88	184184	卖盘
14:54:12	20.93	-0.01	2	4186	卖盘
14:54:09	20.94	0.01	19	39786	买盘
14:54:06	20.93	--	41	85813	卖盘
14:54:00	20.93	--	6	12558	卖盘
14:53:57	20.93	-0.01	27	56511	卖盘
14:53:54	20.94	--	10	20940	买盘
14:53:51	20.94	--	37	77478	买盘
14:53:48	20.94	0.01	2	4188	买盘
14:53:45	20.93	-0.02	6	12558	卖盘
14:53:39	20.95	--	88	184360	买盘
14:53:36	20.95	0.01	4	8380	买盘
14:53:33	20.94	-0.01	24	50256	卖盘
14:53:30	20.95	0.01	20	41900	买盘
14:53:27	20.94	-0.01	15	31410	卖盘
14:53:24	20.95	0.01	11	23045	买盘
14:53:21	20.94	--	5	10470	卖盘
14:53:18	20.94	-0.01	3	6282	卖盘
14:53:15	20.95	0.01	89	186455	买盘
14:53:09	20.94	-0.01	4	8376	卖盘
14:53:06	20.95	--	15	31425	卖盘
14:53:03	20.95	--	23	48185	卖盘
14:53:00	20.95	--	6	12570	卖盘
14:52:57	20.95	--	24	50280	卖盘
14:52:54	20.95	-0.01	16	33520	卖盘
14:52:51	20.96	--	34	71264	买盘
14:52:48	20.96	0.01	12	25152	买盘
14:52:45	20.95	--	7	14665	卖盘
14:52:42	20.95	--	20	41900	卖盘
14:52:36	20.95	--	34	71230	买盘
14:52:33	20.95	-0.01	10	20950	中性盘
14:52:27	20.96	0.01	5	10480	买盘
14:52:21	20.95	--	154	322797	卖盘
14:52:12	20.95	-0.01	2	4190	卖盘
14:52:09	20.96	--	18	37728	买盘
14:52:03	20.96	0.01	12	25152	买盘
14:51:51	20.95	-0.01	66	138270	卖盘
14:51:45	20.96	0.01	5	10480	买盘
14:51:42	20.95	-0.01	3	6285	卖盘
14:51:33	20.96	--	1	2096	买盘
14:51:21	20.96	--	17	35632	卖盘
14:51:15	20.96	0.01	6	12576	中性盘
14:51:09	20.95	-0.01	90	188550	卖盘
14:51:06	20.96	--	3	6288	卖盘
14:50:57	20.96	--	13	29176	买盘
14:50:54	20.96	0.01	29	60784	买盘
14:50:51	20.95	--	2	4190	卖盘
14:50:48	20.95	-0.01	33	69135	卖盘
14:50:39	20.96	--	9	18864	买盘
14:50:36	20.96	--	1	2096	买盘
14:50:30	20.96	--	20	41920	买盘
14:50:21	20.96	--	40	84007	卖盘
14:50:15	20.96	--	1	2096	卖盘
14:50:09	20.96	--	4	8384	卖盘
14:50:06	20.96	-0.01	12	25152	卖盘
14:50:00	20.97	0.01	5	10485	买盘
14:49:57	20.96	--	7	14672	卖盘
14:49:54	20.96	--	20	41920	卖盘
14:49:51	20.96	--	2	4192	卖盘
14:49:48	20.96	0.01	399	838232	买盘
14:49:36	20.95	-0.01	115	241092	卖盘
14:49:33	20.96	0.01	16	33536	买盘
14:49:27	20.95	--	85	178075	卖盘
14:49:24	20.95	--	5	10475	卖盘
14:49:12	20.95	--	4	8380	卖盘
14:49:09	20.95	-0.01	10	20950	卖盘
14:49:06	20.96	0.01	15	31440	买盘
14:49:03	20.95	--	89	186455	卖盘
14:49:00	20.95	--	25	52375	卖盘
14:48:57	20.95	--	6	12570	卖盘
14:48:54	20.95	0.01	51	108772	买盘
14:48:51	20.94	--	4	8376	卖盘
14:48:48	20.94	--	1	2094	卖盘
14:48:45	20.94	--	3	6282	卖盘
14:48:42	20.94	-0.01	7	14658	卖盘
14:48:39	20.95	0.01	1	2095	买盘
14:48:36	20.94	-0.01	2	4188	卖盘
14:48:33	20.95	--	2	4190	买盘
14:48:30	20.95	--	35	73492	卖盘
14:48:24	20.95	-0.01	6	12570	卖盘
14:48:18	20.96	0.01	3	6288	买盘
14:48:15	20.95	--	16	33520	卖盘
14:48:09	20.95	--	4	8380	卖盘
14:48:00	20.95	--	1	2095	卖盘
14:47:57	20.95	--	2	4190	卖盘
14:47:51	20.95	--	1	2095	卖盘
14:47:45	20.95	--	2	4190	卖盘
14:47:42	20.95	--	1	2095	卖盘
14:47:39	20.95	--	51	108772	买盘
14:47:36	20.95	0.01	18	37710	买盘
14:47:30	20.94	-0.01	10	20940	卖盘
14:47:24	20.95	--	51	106845	买盘
14:47:21	20.95	--	2	4190	买盘
14:47:18	20.95	0.01	7	14665	买盘
14:47:15	20.94	--	60	125640	卖盘
14:47:12	20.94	-0.01	5	10470	卖盘
14:47:09	20.95	0.01	10	20950	买盘
14:47:06	20.94	-0.01	10	20940	卖盘
14:47:03	20.95	--	17	35782	卖盘
14:47:00	20.95	--	81	169695	卖盘
14:46:57	20.95	--	19	39805	卖盘
14:46:54	20.95	--	31	64945	卖盘
14:46:51	20.95	--	20	43827	卖盘
14:46:48	20.95	-0.01	3	6285	卖盘
14:46:45	20.96	0.01	5	10480	买盘
14:46:42	20.95	-0.01	13	27235	卖盘
14:46:39	20.96	--	4	8384	买盘
14:46:36	20.96	-0.01	120	251520	卖盘
14:46:27	20.97	-0.01	1	2097	中性盘
14:46:24	20.98	0.02	4	8392	买盘
14:46:21	20.96	-0.01	10	20960	卖盘
14:46:18	20.97	--	9	18873	买盘
14:46:12	20.97	0.01	21	44037	买盘
14:46:03	20.96	-0.01	4	8384	卖盘
14:46:00	20.97	0.01	9	18873	买盘
14:45:57	20.96	--	2	4192	卖盘
14:45:54	20.96	-0.01	10	20960	卖盘
14:45:51	20.97	0.01	2	4194	买盘
14:45:42	20.96	-0.01	50	104800	卖盘
14:45:39	20.97	--	5	10485	买盘
14:45:36	20.97	--	4	8388	买盘
14:45:33	20.97	0.01	54	113238	买盘
14:45:30	20.96	-0.01	38	79648	卖盘
14:45:27	20.97	0.01	3	6291	买盘
14:45:18	20.96	-0.01	3	6288	卖盘
14:45:15	20.97	0.01	15	31455	买盘
14:45:09	20.96	--	105	220080	卖盘
14:45:06	20.96	0.01	21	44016	买盘
14:45:03	20.95	-0.01	19	39805	卖盘
14:45:00	20.96	0.01	10	20960	买盘
14:44:48	20.95	--	8	16760	卖盘
14:44:42	20.95	--	11	23045	卖盘
14:44:39	20.95	0.01	115	240925	买盘
14:44:27	20.94	--	2	4188	买盘
14:44:24	20.94	-0.01	25	52350	卖盘
14:44:15	20.95	--	15	31425	买盘
14:44:12	20.95	0.01	6	12570	买盘
14:44:09	20.94	-0.01	15	31410	卖盘
14:44:03	20.95	0.01	3	6285	买盘
14:44:00	20.94	--	2	4188	买盘
14:43:57	20.94	0.01	11	23034	买盘
14:43:51	20.93	--	12	25116	卖盘
14:43:48	20.93	--	13	27209	买盘
14:43:45	20.93	--	9	18837	买盘
14:43:39	20.93	--	10	20930	买盘
14:43:33	20.93	--	12	25116	买盘
14:43:27	20.93	0.01	13	27209	买盘
14:43:24	20.92	--	1	2092	买盘
14:43:21	20.92	--	12	25104	买盘
14:43:12	20.92	--	37	77404	买盘
14:43:06	20.92	--	106	221752	买盘
14:43:03	20.92	--	6	12552	买盘
14:43:00	20.92	0.01	6	12552	买盘
14:42:57	20.91	--	9	18819	买盘
14:42:54	20.91	--	7	14637	卖盘
14:42:51	20.91	-0.01	20	41820	卖盘
14:42:48	20.92	--	1	2092	买盘
14:42:45	20.92	--	5	10460	买盘
14:42:42	20.92	0.02	4	8368	买盘
14:42:39	20.9	-0.01	27	56429	卖盘
14:42:36	20.91	--	5	10455	卖盘
14:42:33	20.91	--	2	4182	卖盘
14:42:30	20.91	--	29	60639	买盘
14:42:27	20.91	--	20	41820	买盘
14:42:24	20.91	--	10	20910	买盘
14:42:21	20.91	--	9	18819	买盘
14:42:15	20.91	0.01	6	12546	买盘
14:42:12	20.9	--	12	25080	卖盘
14:42:09	20.9	--	6	12540	卖盘
14:42:06	20.9	-0.02	3	6270	卖盘
14:42:03	20.92	0.02	5	10460	买盘
14:42:00	20.9	--	81	169290	卖盘
14:41:57	20.9	--	9	18810	卖盘
14:41:54	20.9	--	20	41800	卖盘
14:41:51	20.9	-0.02	10	20900	卖盘
14:41:48	20.92	0.02	1	2092	买盘
14:41:45	20.9	-0.01	217	453529	卖盘
14:41:39	20.91	--	3	6273	卖盘
14:41:36	20.91	--	15	31365	买盘
14:41:33	20.91	-0.01	7	14637	卖盘
14:41:30	20.92	--	30	62760	买盘
14:41:24	20.92	0.02	3	6276	买盘
14:41:15	20.9	--	30	62699	卖盘
14:41:09	20.9	-0.02	18	37620	卖盘
14:41:06	20.92	0.02	10	20920	中性盘
14:41:00	20.9	-0.04	13	27169	卖盘
14:40:57	20.94	--	85	177990	买盘
14:40:54	20.94	0.03	3	6282	买盘
14:40:51	20.91	-0.03	5	10455	卖盘
14:40:48	20.94	--	4	8376	买盘
14:40:45	20.94	--	6	12564	买盘
14:40:42	20.94	0.03	5	10470	中性盘
14:40:39	20.91	-0.03	151	315741	卖盘
14:40:30	20.94	--	6	12564	卖盘
14:40:27	20.94	0.01	14	29316	买盘
14:40:24	20.93	--	40	83824	卖盘
14:40:12	20.93	--	12	25116	卖盘
14:40:06	20.93	-0.01	5	10465	卖盘
14:40:03	20.94	0.01	23	48162	买盘
14:39:57	20.93	-0.01	12	25116	卖盘
14:39:54	20.94	0.01	5	10470	中性盘
14:39:51	20.93	--	45	94185	卖盘
14:39:48	20.93	--	44	92092	卖盘
14:39:42	20.93	--	66	138138	卖盘
14:39:39	20.93	-0.02	10	20930	卖盘
14:39:33	20.95	0.02	7	14665	买盘
14:39:27	20.93	--	50	104650	卖盘
14:39:24	20.93	0.01	14	29302	买盘
14:39:21	20.92	-0.01	19	39748	卖盘
14:39:15	20.93	0.01	28	58604	买盘
14:39:12	20.92	-0.01	10	20920	卖盘
14:39:09	20.93	--	30	62790	买盘
14:39:06	20.93	--	68	142324	卖盘
14:39:03	20.93	--	13	27209	卖盘
14:39:00	20.93	--	27	56511	卖盘
14:38:57	20.93	-0.03	43	89999	卖盘
14:38:54	20.96	0.03	35	73360	买盘
14:38:51	20.93	-0.03	8	16744	买盘
14:38:48	20.96	0.03	2	4192	买盘
14:38:45	20.93	--	4	8372	买盘
14:38:42	20.93	-0.03	39	81627	卖盘
14:38:33	20.96	--	3	6288	买盘
14:38:27	20.96	-0.01	3	6288	中性盘
14:38:18	20.97	0.01	10	20970	买盘
14:38:15	20.96	-0.01	1	2096	中性盘
14:38:12	20.97	0.04	12	25164	卖盘
14:38:09	20.93	-0.03	85	177905	卖盘
14:38:03	20.96	-0.03	27	56592	卖盘
14:38:00	20.99	0.02	4	8396	买盘
14:37:57	20.97	--	7	14679	买盘
14:37:54	20.97	--	15	31455	卖盘
14:37:51	20.97	0.01	16	33552	买盘
14:37:48	20.96	-0.01	12	25152	卖盘
14:37:45	20.97	--	24	50328	买盘
14:37:42	20.97	0.01	1	2097	卖盘
14:37:39	20.96	-0.01	5	10480	卖盘
14:37:36	20.97	--	22	46134	卖盘
14:37:33	20.97	-0.01	6	12582	卖盘
14:37:30	20.98	0.01	3	6294	买盘
14:37:24	20.97	-0.01	7	14679	卖盘
14:37:21	20.98	--	25	52450	买盘
14:37:15	20.98	--	10	20980	买盘
14:37:12	20.98	--	5	10490	买盘
14:37:09	20.98	-0.02	8	16784	中性盘
14:37:06	21.0	--	3	6300	买盘
14:37:03	21.0	0.01	5	10500	买盘
14:36:57	20.99	0.01	5	10495	卖盘
14:36:54	20.98	-0.02	8	16784	卖盘
14:36:51	21.0	-0.01	66	138600	卖盘
14:36:48	21.01	--	1	2101	买盘
14:36:36	21.01	0.01	1	2101	买盘
14:36:30	21.0	--	6	12600	买盘
14:36:24	21.0	--	10	21000	买盘
14:36:21	21.0	--	23	48300	买盘
14:36:18	21.0	-0.01	444	933408	卖盘
14:36:15	21.01	--	30	63030	买盘
14:36:12	21.01	--	24	50424	买盘
14:36:09	21.01	--	11	23111	买盘
14:36:06	21.01	--	3	6303	买盘
14:36:03	21.01	--	1	2101	买盘
14:35:54	21.01	-0.01	65	136565	卖盘
14:35:51	21.02	0.01	57	119814	买盘
14:35:45	21.01	--	1	2101	卖盘
14:35:39	21.01	--	5	10505	卖盘
14:35:36	21.01	--	7	14707	买盘
14:35:33	21.01	--	18	37818	买盘
14:35:30	21.01	0.01	3	6303	买盘
14:35:27	21.0	--	15	31500	卖盘
14:35:24	21.0	-0.01	43	90300	卖盘
14:35:21	21.01	0.01	12	25212	买盘
14:35:18	21.0	-0.01	15	31500	卖盘
14:35:15	21.01	0.01	3	6303	买盘
14:35:12	21.0	--	7	14700	卖盘
14:35:09	21.0	-0.01	17	35700	卖盘
14:35:03	21.01	0.01	106	222706	买盘
14:35:00	21.0	--	98	205800	卖盘
14:34:57	21.0	-0.01	23	48300	卖盘
14:34:54	21.01	--	6	12606	买盘
14:34:51	21.01	0.01	2	4202	买盘
14:34:48	21.0	-0.01	92	193200	卖盘
14:34:45	21.01	0.01	14	29414	买盘
14:34:42	21.0	--	40	84882	卖盘
14:34:39	21.0	--	17	35700	卖盘
14:34:36	21.0	--	4	8400	卖盘
14:34:33	21.0	-0.01	18	37800	卖盘
14:34:30	21.01	0.01	3	6303	买盘
14:34:27	21.0	-0.01	115	241500	卖盘
14:34:24	21.01	0.01	5	10505	买盘
14:34:21	21.0	--	9	18900	卖盘
14:34:18	21.0	--	155	325500	卖盘
14:34:15	21.0	-0.01	51	107310	卖盘
14:34:09	21.01	--	39	83829	卖盘
14:34:06	21.01	--	18	37818	卖盘
14:34:03	21.01	--	3	6303	卖盘
14:34:00	21.01	--	61	128161	卖盘
14:33:57	21.01	--	2	4202	卖盘
14:33:54	21.01	-0.01	32	67232	卖盘
14:33:51	21.02	--	5	10510	买盘
14:33:48	21.02	0.01	3	6306	买盘
14:33:45	21.01	-0.02	265	556765	卖盘
14:33:39	21.03	--	3	6309	买盘
14:33:36	21.03	--	172	361716	卖盘
14:33:33	21.03	--	7	14721	卖盘
14:33:30	21.03	--	63	132489	卖盘
14:33:27	21.03	--	10	21030	卖盘
14:33:24	21.03	--	25	52575	卖盘
14:33:21	21.03	--	22	46266	卖盘
14:33:18	21.03	--	18	37854	卖盘
14:33:15	21.03	--	5	10515	卖盘
14:33:09	21.03	-0.01	73	153519	卖盘
14:33:06	21.04	--	24	50496	买盘
14:33:03	21.04	--	18	37872	买盘
14:32:57	21.04	0.01	23	48392	买盘
14:32:54	21.03	--	3	6309	卖盘
14:32:48	21.03	-0.01	109	229227	卖盘
14:32:45	21.04	0.01	18	37872	买盘
14:32:39	21.03	--	15	31545	卖盘
14:32:36	21.03	-0.01	5	10515	卖盘
14:32:33	21.04	--	2	4208	买盘
14:32:30	21.04	0.01	3	6312	买盘
14:32:27	21.03	-0.01	10	21030	卖盘
14:32:24	21.04	--	3	6312	买盘
14:32:21	21.04	--	10	21040	买盘
14:32:18	21.04	--	3	6312	买盘
14:32:15	21.04	--	35	73640	卖盘
14:32:12	21.04	--	200	420800	卖盘
14:32:06	21.04	--	21	44184	卖盘
14:32:03	21.04	--	80	168320	卖盘
14:32:00	21.04	--	19	39976	卖盘
14:31:57	21.04	--	45	94680	卖盘
14:31:54	21.04	--	15	31560	卖盘
14:31:51	21.04	--	2	4208	卖盘
14:31:48	21.04	--	4	8416	卖盘
14:31:45	21.04	--	18	37872	卖盘
14:31:42	21.04	-0.01	5	10520	卖盘
14:31:36	21.05	0.01	10	21050	买盘
14:31:33	21.04	--	2	4208	卖盘
14:31:21	21.04	-0.01	109	230556	卖盘
14:31:18	21.05	-0.01	5	10525	卖盘
14:31:15	21.06	0.01	58	122147	买盘
14:31:12	21.05	--	15	31575	卖盘
14:31:09	21.05	-0.01	50	105250	卖盘
14:31:03	21.06	--	7	14742	买盘
14:31:00	21.06	--	1	2106	卖盘
14:30:57	21.06	-0.02	34	71604	卖盘
14:30:54	21.08	0.02	65	137020	买盘
14:30:51	21.06	--	10	21060	卖盘
14:30:48	21.06	-0.01	37	77922	卖盘
14:30:42	21.07	--	76	160132	卖盘
14:30:39	21.07	--	2	4214	卖盘
14:30:36	21.07	-0.02	3	6321	卖盘
14:30:30	21.09	0.02	4	8436	买盘
14:30:27	21.07	-0.02	51	107457	卖盘
14:30:21	21.09	--	7	14763	卖盘
14:30:18	21.09	--	248	523032	卖盘
14:30:15	21.09	--	25	52725	卖盘
14:30:12	21.09	--	20	42180	卖盘
14:30:09	21.09	--	24	50616	卖盘
14:30:06	21.09	-0.01	7	14763	卖盘
14:30:03	21.1	--	18	37980	买盘
14:29:57	21.1	-0.01	16	33760	卖盘
14:29:51	21.11	--	22	46442	买盘
14:29:48	21.11	0.02	11	23221	买盘
14:29:42	21.09	--	3	6327	卖盘
14:29:39	21.09	0.01	5	10545	买盘
14:29:36	21.08	--	3	6323	卖盘
14:29:33	21.08	--	3	6323	卖盘
14:29:30	21.08	-0.02	21	44268	卖盘
14:29:27	21.1	0.01	2	4220	买盘
14:29:24	21.09	--	20	42180	卖盘
14:29:21	21.09	--	7	14763	卖盘
14:29:18	21.09	--	26	54834	卖盘
14:29:15	21.09	--	19	40071	卖盘
14:29:12	21.09	-0.01	15	31635	卖盘
14:29:06	21.1	--	2	4220	买盘
14:29:00	21.1	--	10	21100	中性盘
14:28:57	21.1	-0.01	50	105500	卖盘
14:28:51	21.11	--	8	16888	买盘
14:28:48	21.11	--	4	8444	买盘
14:28:42	21.11	0.01	1	2111	买盘
14:28:36	21.1	-0.01	5	10550	卖盘
14:28:24	21.11	0.01	3	6333	买盘
14:28:18	21.1	0.01	97	204670	买盘
14:28:00	21.09	0.01	48	101232	买盘
14:27:57	21.08	--	39	82212	买盘
14:27:51	21.08	--	6	12647	买盘
14:27:45	21.08	-0.01	19	40052	卖盘
14:27:42	21.09	0.01	15	31635	买盘
14:27:33	21.08	--	2	4216	卖盘
14:27:30	21.08	0.01	9	18972	买盘
14:27:27	21.07	-0.01	5	10535	卖盘
14:27:21	21.08	--	10	21080	买盘
14:27:18	21.08	0.01	3	6323	买盘
14:26:54	21.07	--	7	14749	买盘
14:26:51	21.07	--	7	14749	卖盘
14:26:48	21.07	--	2	4214	卖盘
14:26:42	21.07	-0.03	1	2107	卖盘
14:26:18	21.1	--	3	6330	买盘
14:26:15	21.1	--	31	65410	卖盘
14:26:09	21.1	--	63	132930	卖盘
14:26:00	21.1	--	60	126600	卖盘
14:25:57	21.1	--	1	2110	卖盘
14:25:51	21.1	-0.01	2	4220	卖盘
14:25:45	21.11	0.01	16	33776	买盘
14:25:42	21.1	--	33	69630	卖盘
14:25:36	21.1	--	1	2110	卖盘
14:25:27	21.1	-0.01	2	4220	卖盘
14:25:24	21.11	--	32	67552	买盘
14:25:15	21.11	--	3	6333	买盘
14:25:06	21.11	0.01	5	10555	买盘
14:25:03	21.1	-0.01	2	4220	卖盘
14:24:54	21.11	-0.01	3	6333	中性盘
14:24:42	21.12	0.01	30	63360	买盘
14:24:39	21.11	0.01	14	29554	中性盘
14:24:36	21.1	-0.02	10	21100	卖盘
14:24:27	21.12	0.01	5	10560	买盘
14:24:21	21.11	-0.01	40	84756	卖盘
14:24:06	21.12	--	36	76032	买盘
14:24:03	21.12	0.01	4	8448	买盘
14:24:00	21.11	--	2	4222	卖盘
14:23:54	21.11	--	2	4222	卖盘
14:23:51	21.11	--	5	11547	卖盘
14:23:48	21.11	-0.01	8	16888	卖盘
14:23:45	21.12	0.01	3	6336	买盘
14:23:36	21.11	-0.01	11	23221	卖盘
14:23:33	21.12	0.01	1	2112	买盘
14:23:21	21.11	--	4	8444	卖盘
14:23:18	21.11	-0.01	20	43022	卖盘
14:23:15	21.12	0.01	10	21120	买盘
14:23:09	21.11	--	1	2111	卖盘
14:23:03	21.11	-0.02	40	84440	卖盘
14:22:57	21.13	0.01	10	21130	买盘
14:22:45	21.12	-0.01	7	14784	卖盘
14:22:36	21.13	0.01	3	6339	买盘
14:22:33	21.12	--	1	2112	卖盘
14:22:30	21.12	-0.01	10	21120	卖盘
14:22:21	21.13	0.02	4	8452	买盘
14:22:18	21.11	--	45	94995	卖盘
14:22:03	21.11	--	1	2111	卖盘
14:22:00	21.11	-0.01	8	16888	卖盘
14:21:54	21.12	--	13	27456	中性盘
14:21:51	21.12	-0.01	19	40128	卖盘
14:21:48	21.13	0.01	1	2113	买盘
14:21:36	21.12	--	43	90816	买盘
14:21:21	21.12	-0.01	9	19008	卖盘
14:21:18	21.13	0.01	3	6339	买盘
14:21:15	21.12	-0.01	3	6336	卖盘
14:21:12	21.13	0.02	20	42260	买盘
14:21:06	21.11	-0.01	23	48553	卖盘
14:21:00	21.12	--	23	48576	卖盘
14:20:57	21.12	-0.01	28	59136	卖盘
14:20:48	21.13	0.01	2	4226	买盘
14:20:45	21.12	-0.01	82	173184	卖盘
14:20:42	21.13	0.01	63	133119	买盘
14:20:39	21.12	--	1	2112	买盘
14:20:30	21.12	--	15	31680	买盘
14:20:21	21.12	--	3	6336	买盘
14:20:18	21.12	0.01	105	221760	买盘
14:20:15	21.11	-0.01	8	16888	卖盘
14:20:06	21.12	--	10	21120	买盘
14:20:03	21.12	--	21	44352	买盘
14:20:00	21.12	0.01	40	84480	买盘
14:19:54	21.11	--	1	2111	卖盘
14:19:51	21.11	--	2	4222	卖盘
14:19:48	21.11	-0.01	2	4222	卖盘
14:19:45	21.12	0.02	69	145728	买盘
14:19:42	21.1	--	34	71740	买盘
14:19:30	21.1	--	10	21100	买盘
14:19:27	21.1	--	43	90730	卖盘
14:19:18	21.1	0.03	209	440990	买盘
14:19:15	21.07	-0.01	3	6321	卖盘
14:19:12	21.08	--	3	6323	买盘
14:19:03	21.08	--	18	37944	买盘
14:19:00	21.08	0.01	11	23187	买盘
14:18:57	21.07	0.01	1	2107	买盘
14:18:48	21.06	--	14	29484	买盘
14:18:45	21.06	--	2	4212	买盘
14:18:42	21.06	0.01	30	63179	买盘
14:18:33	21.05	--	2	4210	卖盘
14:18:30	21.05	0.01	152	320844	买盘
14:18:27	21.04	-0.01	10	21040	卖盘
14:18:24	21.05	0.01	1	2105	买盘
14:18:21	21.04	-0.01	1	2104	卖盘
14:18:15	21.05	--	7	14735	买盘
14:18:12	21.05	--	1	2105	买盘
14:18:09	21.05	--	10	21050	买盘
14:18:06	21.05	--	15	31575	买盘
14:18:00	21.05	0.01	22	46310	买盘
14:17:57	21.04	-0.01	1	2104	卖盘
14:17:54	21.05	--	2	4210	买盘
14:17:51	21.05	--	50	105250	买盘
14:17:48	21.05	--	4	8420	买盘
14:17:33	21.05	0.01	3	6315	买盘
14:17:21	21.04	--	1	2104	卖盘
14:17:18	21.04	-0.01	2	4208	卖盘
14:17:12	21.05	0.01	3	6315	买盘
14:16:57	21.04	-0.01	4	8416	卖盘
14:16:51	21.05	0.01	10	21050	买盘
14:16:48	21.04	-0.01	15	31560	卖盘
14:16:42	21.05	--	3	6315	买盘
14:16:33	21.05	--	1	2105	买盘
14:16:24	21.05	0.01	35	73675	买盘
14:16:21	21.04	-0.01	20	42080	卖盘
14:16:09	21.05	0.01	3	6315	买盘
14:16:03	21.04	--	6	12624	买盘
14:15:57	21.04	--	44	92576	卖盘
14:15:48	21.04	-0.01	29	61016	卖盘
14:15:45	21.05	0.01	4	8420	买盘
14:15:42	21.04	-0.01	11	23144	卖盘
14:15:36	21.05	--	16	33680	买盘
14:15:15	21.05	--	14	29470	买盘
14:14:51	21.05	--	5	10525	买盘
14:14:48	21.05	--	26	54730	买盘
14:14:42	21.05	--	3	6315	买盘
14:14:33	21.05	0.01	10	21050	买盘
14:14:24	21.04	-0.01	60	126240	卖盘
14:14:21	21.05	0.01	1	2105	买盘
14:14:18	21.04	-0.01	12	25248	卖盘
14:14:15	21.05	0.01	6	12630	买盘
14:14:12	21.04	--	15	31560	卖盘
14:13:54	21.04	--	2	4208	买盘
14:13:51	21.04	-0.01	4	8416	卖盘
14:13:48	21.05	--	11	23155	买盘
14:13:45	21.05	0.01	7	14735	买盘
14:13:42	21.04	0.01	4	8416	中性盘
14:13:36	21.03	-0.01	5	10515	卖盘
14:13:30	21.04	--	26	54704	买盘
14:13:27	21.04	--	3	6312	买盘
14:13:21	21.04	-0.01	10	21040	中性盘
14:13:15	21.05	0.01	5	10525	买盘
14:13:12	21.04	0.01	12	25248	买盘
14:13:06	21.03	--	3	6309	卖盘
14:12:57	21.03	-0.01	3	6309	卖盘
14:12:54	21.04	0.01	3	6312	买盘
14:12:51	21.03	-0.02	17	35751	卖盘
14:12:48	21.05	--	93	195765	买盘
14:12:45	21.05	--	6	12630	买盘
14:12:42	21.05	0.01	20	42100	买盘
14:12:36	21.04	-0.01	4	8416	中性盘
14:12:30	21.05	0.01	5	10525	买盘
14:12:27	21.04	--	6	12624	卖盘
14:12:18	21.04	--	17	35768	买盘
14:12:12	21.04	--	18	37872	买盘
14:12:06	21.04	--	10	21040	买盘
14:12:03	21.04	--	3	6312	买盘
14:11:57	21.04	-0.01	19	39976	卖盘
14:11:54	21.05	0.01	2	4210	买盘
14:11:51	21.04	-0.01	25	52600	卖盘
14:11:42	21.05	--	13	27365	买盘
14:11:30	21.05	--	2	4210	买盘
14:11:21	21.05	-0.05	782	1647330	卖盘
14:11:18	21.1	--	57	120270	买盘
14:11:15	21.1	0.01	1	2110	买盘
14:11:12	21.09	--	9	18981	卖盘
14:10:51	21.09	--	2	4218	卖盘
14:10:48	21.09	--	51	107559	买盘
14:10:45	21.09	0.01	3	6327	买盘
14:10:33	21.08	--	13	27403	卖盘
14:10:27	21.08	-0.01	1	2108	卖盘
14:10:09	21.09	--	3	6327	买盘
14:09:54	21.09	--	2	4218	买盘
14:09:51	21.09	--	20	42180	买盘
14:09:48	21.09	-0.01	13	27417	中性盘
14:09:42	21.1	0.01	17	35870	买盘
14:09:39	21.09	--	3	6327	买盘
14:09:36	21.09	--	4	8436	买盘
14:09:33	21.09	-0.01	9	18981	卖盘
14:09:30	21.1	--	3	6330	买盘
14:09:18	21.1	0.01	6	12660	买盘
14:09:12	21.09	--	1	2109	卖盘
14:09:09	21.09	-0.01	1	2109	卖盘
14:09:06	21.1	0.01	8	16880	买盘
14:08:57	21.09	--	7	14763	卖盘
14:08:51	21.09	--	5	10545	买盘
14:08:48	21.09	0.01	4	8436	买盘
14:08:42	21.08	-0.01	59	124371	卖盘
14:08:36	21.09	0.01	4	8436	买盘
14:08:33	21.08	-0.01	5	10540	卖盘
14:08:30	21.09	0.01	5	10545	买盘
14:08:18	21.08	-0.01	10	21080	卖盘
14:08:09	21.09	--	3	6327	买盘
14:08:06	21.09	0.01	55	115995	买盘
14:08:03	21.08	--	2	4216	卖盘
14:07:54	21.08	--	26	55946	买盘
14:07:36	21.08	--	3	6323	买盘
14:07:33	21.08	--	2	4216	买盘
14:07:30	21.08	--	2	5185	卖盘
14:07:24	21.08	--	19	41190	买盘
14:07:21	21.08	0.02	1	2108	买盘
14:07:18	21.06	-0.02	10	21060	卖盘
14:07:09	21.08	--	4	8432	买盘
14:07:03	21.08	-0.01	15	31619	卖盘
14:07:00	21.09	0.01	1	2109	买盘
14:06:48	21.08	-0.01	6	12647	卖盘
14:06:45	21.09	--	45	94905	买盘
14:06:39	21.09	--	4	8436	买盘
14:06:33	21.09	--	63	132867	买盘
14:06:30	21.09	--	2	4218	买盘
14:06:27	21.09	--	10	21090	买盘
14:06:15	21.09	--	1	2109	买盘
14:06:06	21.09	--	3	6327	买盘
14:06:00	21.09	--	2	4218	买盘
14:05:54	21.09	--	20	42180	买盘
14:05:48	21.09	0.01	3	6327	买盘
14:05:42	21.08	-0.01	2	4216	卖盘
14:05:36	21.09	0.01	71	149739	买盘
14:05:30	21.08	--	20	42160	卖盘
14:05:27	21.08	0.01	57	120155	买盘
14:05:24	21.07	-0.01	19	40033	卖盘
14:05:15	21.08	--	10	21080	买盘
14:05:00	21.08	0.01	2	4216	中性盘
14:04:39	21.07	--	1	2107	卖盘
14:04:27	21.07	-0.02	21	44247	卖盘
14:04:15	21.09	0.01	2	4218	买盘
14:04:12	21.08	-0.01	5	10540	卖盘
14:04:09	21.09	--	11	23199	买盘
14:04:06	21.09	--	28	59052	买盘
14:04:03	21.09	--	25	52725	买盘
14:04:00	21.09	--	2	4218	买盘
14:03:57	21.09	--	10	21090	买盘
14:03:45	21.09	0.01	30	63270	买盘
14:03:18	21.08	0.01	37	77996	买盘
14:03:12	21.07	-0.01	94	198058	卖盘
14:03:09	21.08	0.01	25	52699	买盘
14:03:06	21.07	-0.01	45	94815	卖盘
14:03:00	21.08	--	1	2108	买盘
14:02:54	21.08	0.01	6	12647	中性盘
14:02:33	21.07	-0.01	10	21070	卖盘
14:02:21	21.08	--	2	4216	卖盘
14:02:18	21.08	--	1	2108	卖盘
14:02:15	21.08	0.01	5	10540	买盘
14:02:12	21.07	--	30	63210	卖盘
14:02:03	21.07	--	25	52675	卖盘
14:01:54	21.07	--	20	42140	卖盘
14:01:39	21.07	--	99	208593	买盘
14:01:30	21.07	0.01	5	10535	买盘
14:01:27	21.06	--	1	2106	卖盘
14:01:21	21.06	--	23	48438	卖盘
14:01:18	21.06	--	39	83987	卖盘
14:01:06	21.06	0.03	164	345384	买盘
14:00:51	21.03	-0.02	19	39957	卖盘
14:00:48	21.05	--	1	2105	卖盘
14:00:42	21.05	-0.01	40	84200	卖盘
14:00:36	21.06	0.01	106	223236	买盘
14:00:27	21.05	-0.01	43	90515	卖盘
14:00:24	21.06	0.01	13	27378	买盘
14:00:15	21.05	--	2	4210	卖盘
14:00:12	21.05	--	2	4210	卖盘
14:00:09	21.05	--	32	67360	卖盘
14:00:06	21.05	--	2	4210	卖盘
14:00:03	21.05	--	20	42100	卖盘
14:00:00	21.05	--	45	94725	卖盘
13:59:57	21.05	--	5	10525	卖盘
13:59:54	21.05	-0.01	1	2105	卖盘
13:59:51	21.06	0.01	28	58968	买盘
13:59:48	21.05	--	3	6315	卖盘
13:59:45	21.05	0.01	69	145245	买盘
13:59:42	21.04	--	3	6312	卖盘
13:59:39	21.04	--	31	65224	买盘
13:59:33	21.04	0.01	2	4208	买盘
13:59:21	21.03	--	13	27339	卖盘
13:59:15	21.03	--	30	63090	卖盘
13:59:03	21.03	-0.01	2	4206	卖盘
13:58:48	21.04	-0.01	6	12624	卖盘
13:58:45	21.05	0.01	10	21050	买盘
13:58:42	21.04	-0.01	32	67328	卖盘
13:58:36	21.05	0.01	11	23155	买盘
13:58:33	21.04	-0.01	1	2104	卖盘
13:58:30	21.05	0.01	10	21050	买盘
13:58:21	21.04	-0.01	38	79952	卖盘
13:58:09	21.05	--	15	31575	买盘
13:58:00	21.05	--	1	2105	买盘
13:57:54	21.05	0.01	4	8420	买盘
13:57:51	21.04	--	5	10520	卖盘
13:57:48	21.04	-0.01	4	8416	卖盘
13:57:36	21.05	0.01	13	27365	买盘
13:57:33	21.04	--	2	4208	卖盘
13:57:30	21.04	--	6	12624	卖盘
13:57:27	21.04	--	33	69432	卖盘
13:57:15	21.04	--	1	2104	卖盘
13:57:12	21.04	-0.01	20	42080	卖盘
13:57:06	21.05	--	1	2105	买盘
13:57:00	21.05	--	1	2105	买盘
13:56:51	21.05	-0.01	23	48415	卖盘
13:56:48	21.06	0.01	5	10530	买盘
13:56:42	21.05	0.01	5	10525	中性盘
13:56:33	21.04	-0.02	1	2104	卖盘
13:56:30	21.06	--	1	2106	买盘
13:56:24	21.06	--	20	42120	买盘
13:56:21	21.06	0.01	10	21060	买盘
13:56:18	21.05	-0.01	33	69465	卖盘
13:56:12	21.06	0.01	3	6318	买盘
13:56:09	21.05	-0.01	5	10525	卖盘
13:56:06	21.06	0.01	4	8424	买盘
13:56:03	21.05	--	2	4210	卖盘
13:55:54	21.05	--	28	58940	买盘
13:55:45	21.05	--	3	6315	卖盘
13:55:42	21.05	--	5	10525	卖盘
13:55:39	21.05	0.01	6	12630	中性盘
13:55:15	21.04	-0.01	7	14728	卖盘
13:55:09	21.05	--	9	18945	卖盘
13:55:03	21.05	--	33	69465	卖盘
13:54:57	21.05	--	7	14735	卖盘
13:54:36	21.05	0.01	3	6315	中性盘
13:54:30	21.04	-0.01	7	14728	卖盘
13:54:27	21.05	--	27	56835	买盘
13:54:21	21.05	--	13	27365	买盘
13:54:15	21.05	--	4	8420	卖盘
13:54:03	21.05	--	5	10525	卖盘
13:53:51	21.05	-0.03	23	48415	卖盘
13:53:45	21.08	0.05	2	4216	买盘
13:53:39	21.03	--	50	105150	卖盘
13:53:36	21.03	-0.02	74	155622	卖盘
13:53:33	21.05	--	52	109460	买盘
13:53:30	21.05	0.02	10	21050	买盘
13:53:27	21.03	-0.02	3	6309	卖盘
13:53:24	21.05	0.02	35	73675	买盘
13:53:21	21.03	--	2	4206	卖盘
13:53:18	21.03	-0.02	3	6309	卖盘
13:53:15	21.05	--	13	27365	买盘
13:53:12	21.05	-0.05	702	1477710	卖盘
13:53:09	21.1	0.02	11	23210	买盘
13:53:06	21.08	--	3	6323	卖盘
13:53:03	21.08	-0.02	4	8432	卖盘
13:53:00	21.1	--	1	2110	买盘
13:52:57	21.1	0.01	10	21100	买盘
13:52:51	21.09	-0.01	3	6327	卖盘
13:52:45	21.1	0.01	7	14770	买盘
13:52:42	21.09	-0.01	3	6327	卖盘
13:52:36	21.1	--	9	18990	买盘
13:52:30	21.1	--	34	71740	买盘
13:52:24	21.1	0.01	25	52750	买盘
13:52:09	21.09	0.01	47	99123	买盘
13:52:06	21.08	-0.01	3	6323	卖盘
13:52:00	21.09	--	1	2109	买盘
13:51:45	21.09	--	4	8436	卖盘
13:51:42	21.09	-0.01	2	4218	卖盘
13:51:33	21.1	--	19	40090	卖盘
13:51:21	21.1	--	3	6330	卖盘
13:51:15	21.1	0.01	7	14770	卖盘
13:51:12	21.09	--	6	12654	买盘
13:51:09	21.09	--	10	21090	买盘
13:51:06	21.09	-0.01	23	48507	卖盘
13:51:00	21.1	--	109	229990	买盘
13:50:57	21.1	--	14	29540	买盘
13:50:45	21.1	0.01	13	27430	买盘
13:50:36	21.09	--	13	27417	卖盘
13:50:33	21.09	--	5	10545	卖盘
13:50:30	21.09	0.01	3	6327	买盘
13:50:21	21.08	-0.01	1	2108	卖盘
13:50:18	21.09	0.01	10	21090	买盘
13:50:12	21.08	--	55	115939	卖盘
13:50:03	21.08	-0.01	4	8432	卖盘
13:50:00	21.09	--	1	2109	买盘
13:49:54	21.09	--	43	90687	买盘
13:49:51	21.09	0.01	3	6327	买盘
13:49:36	21.08	0.02	316	666128	买盘
13:49:33	21.06	-0.02	10	21060	卖盘
13:49:24	21.08	--	12	25295	买盘
13:49:12	21.08	--	10	21080	买盘
13:49:09	21.08	--	1	2108	买盘
13:49:00	21.08	--	1	2108	买盘
13:48:39	21.08	0.01	81	170748	买盘
13:48:30	21.07	0.01	54	113778	买盘
13:48:15	21.06	-0.02	14	29484	卖盘
13:48:12	21.08	--	21	44268	买盘
13:48:09	21.08	--	2	4216	买盘
13:47:51	21.08	--	7	14755	买盘
13:47:45	21.08	0.02	2	4216	买盘
13:47:36	21.06	-0.02	20	42120	卖盘
13:47:33	21.08	0.01	10	21080	买盘
13:47:27	21.07	--	6	12642	买盘
13:47:24	21.07	-0.01	2	4214	卖盘
13:47:21	21.08	0.01	12	25295	买盘
13:47:15	21.07	-0.01	17	35819	卖盘
13:47:12	21.08	--	5	10540	买盘
13:47:09	21.08	0.01	12	25295	买盘
13:47:06	21.07	--	2	4214	卖盘
13:47:03	21.07	--	12	25284	卖盘
13:47:00	21.07	--	27	56889	卖盘
13:46:54	21.07	0.01	63	132741	买盘
13:46:51	21.06	-0.01	2	4212	卖盘
13:46:42	21.07	--	10	21070	买盘
13:46:39	21.07	--	1	2107	买盘
13:46:36	21.07	--	9	18963	买盘
13:46:33	21.07	--	9	18963	买盘
13:46:21	21.07	--	13	27391	买盘
13:45:57	21.07	0.01	15	31605	买盘
13:45:51	21.06	--	11	23166	卖盘
13:45:48	21.06	-0.01	20	42120	卖盘
13:45:45	21.07	0.01	5	10535	买盘
13:45:30	21.06	--	4	8424	买盘
13:45:21	21.06	--	16	33696	卖盘
13:45:18	21.06	--	1	2106	卖盘
13:45:15	21.06	--	11	23166	买盘
13:45:12	21.06	--	3	6318	买盘
13:45:09	21.06	--	9	18954	买盘
13:45:06	21.06	0.01	8	16848	买盘
13:45:03	21.05	-0.01	1	2105	卖盘
13:45:00	21.06	--	2	4212	买盘
13:44:51	21.06	--	5	10530	买盘
13:44:48	21.06	0.01	1	2106	买盘
13:44:42	21.05	--	22	46310	买盘
13:44:39	21.05	--	15	31575	买盘
13:44:36	21.05	-0.01	2	4210	买盘
13:44:27	21.06	--	6	12636	买盘
13:44:21	21.06	0.01	215	452790	买盘
13:44:12	21.05	--	6	12630	卖盘
13:44:09	21.05	--	18	37890	买盘
13:44:06	21.05	--	5	10525	买盘
13:44:00	21.05	0.02	33	69465	买盘
13:43:57	21.03	--	6	12618	卖盘
13:43:54	21.03	-0.02	67	140901	卖盘
13:43:51	21.05	0.03	4	8420	买盘
13:43:45	21.02	-0.01	33	69366	卖盘
13:43:39	21.03	--	4	8412	买盘
13:43:36	21.03	0.01	15	31545	买盘
13:43:33	21.02	--	2	4204	卖盘
13:43:30	21.02	--	10	21020	卖盘
13:43:27	21.02	-0.01	43	90386	卖盘
13:43:24	21.03	--	30	63090	买盘
13:43:21	21.03	0.01	7	14721	买盘
13:43:18	21.02	-0.01	55	115610	卖盘
13:43:15	21.03	0.01	6	12618	买盘
13:43:12	21.02	-0.01	10	21020	卖盘
13:43:09	21.03	--	8	16824	买盘
13:43:06	21.03	--	21	44163	卖盘
13:43:00	21.03	-0.02	7	14721	卖盘
13:42:57	21.05	0.02	52	109460	买盘
13:42:54	21.03	-0.01	144	302832	卖盘
13:42:51	21.04	-0.01	3	6312	卖盘
13:42:48	21.05	0.01	7	14735	买盘
13:42:42	21.04	--	8	16832	卖盘
13:42:30	21.04	--	5	10520	卖盘
13:42:24	21.04	-0.02	8	16832	卖盘
13:42:21	21.06	--	5	10530	买盘
13:42:18	21.06	0.02	2	4212	买盘
13:42:15	21.04	-0.02	1	2104	卖盘
13:42:12	21.06	--	13	27378	买盘
13:42:06	21.06	--	60	126359	买盘
13:41:51	21.06	--	1	2106	买盘
13:41:42	21.06	0.03	1	2106	卖盘
13:41:33	21.03	--	16	33648	买盘
13:41:24	21.03	--	2	4206	买盘
13:41:21	21.03	-0.03	82	172446	卖盘
13:41:18	21.06	--	53	111618	卖盘
13:41:15	21.06	-0.01	2	4212	买盘
13:41:09	21.07	0.01	16	33712	买盘
13:41:03	21.06	0.01	4	8424	卖盘
13:40:42	21.05	-0.03	9	18945	卖盘
13:40:39	21.08	--	3	6323	买盘
13:40:33	21.08	0.02	1	2108	买盘
13:40:27	21.06	0.01	15	31589	卖盘
13:40:24	21.05	-0.03	200	421000	卖盘
13:40:18	21.08	0.02	2	4216	买盘
13:40:15	21.06	--	5	10530	卖盘
13:40:09	21.06	--	15	31589	卖盘
13:40:00	21.06	--	7	14742	买盘
13:39:54	21.06	--	17	35802	卖盘
13:39:51	21.06	--	24	50544	买盘
13:39:48	21.06	--	5	10530	买盘
13:39:42	21.06	--	2	4212	买盘
13:39:39	21.06	--	58	122147	买盘
13:39:36	21.06	0.01	4	8424	买盘
13:39:33	21.05	-0.01	2	4210	卖盘
13:39:30	21.06	0.01	5	10530	买盘
13:39:24	21.05	--	33	69465	卖盘
13:39:21	21.05	--	20	42100	买盘
13:39:15	21.05	-0.01	50	105250	卖盘
13:39:09	21.06	0.01	6	12636	买盘
13:39:06	21.05	--	10	21050	卖盘
13:39:03	21.05	--	9	18945	卖盘
13:38:51	21.05	-0.01	27	56835	买盘
13:38:42	21.06	--	31	65285	买盘
13:38:39	21.06	0.01	29	61073	买盘
13:38:36	21.05	--	5	10525	卖盘
13:38:33	21.05	--	10	21050	卖盘
13:38:30	21.05	-0.01	22	46310	卖盘
13:38:27	21.06	0.01	9	18954	买盘
13:38:24	21.05	-0.01	5	10525	卖盘
13:38:18	21.06	--	12	25272	买盘
13:38:15	21.06	--	18	37908	卖盘
13:38:12	21.06	-0.01	14	29484	卖盘
13:38:09	21.07	--	2	4214	买盘
13:38:06	21.07	--	5	10535	买盘
13:38:03	21.07	--	1	2107	买盘
13:38:00	21.07	--	17	35819	卖盘
13:37:57	21.07	-0.01	10	21070	卖盘
13:37:54	21.08	--	20	42160	买盘
13:37:48	21.08	--	3	6323	买盘
13:37:45	21.08	--	65	137020	卖盘
13:37:39	21.08	-0.01	20	42160	卖盘
13:37:33	21.09	--	20	42180	买盘
13:37:27	21.09	--	10	21090	买盘
13:37:24	21.09	0.01	2	4218	买盘
13:37:21	21.08	--	5	10540	卖盘
13:37:12	21.08	-0.01	10	21080	卖盘
13:37:09	21.09	--	10	21090	买盘
13:37:06	21.09	0.01	10	21090	买盘
13:36:57	21.08	--	5	10540	卖盘
13:36:51	21.08	-0.01	60	126479	卖盘
13:36:48	21.09	--	7	14763	卖盘
13:36:39	21.09	--	14	29526	卖盘
13:36:36	21.09	--	6	12654	卖盘
13:36:33	21.09	--	28	59052	卖盘
13:36:30	21.09	--	3	6327	卖盘
13:36:12	21.09	--	2	4218	卖盘
13:36:09	21.09	-0.01	11	23199	卖盘
13:36:06	21.1	0.01	4	8440	买盘
13:35:57	21.09	--	1	2109	卖盘
13:35:54	21.09	--	4	8436	卖盘
13:35:51	21.09	-0.02	13	27417	卖盘
13:35:48	21.11	0.01	69	145659	买盘
13:35:45	21.1	0.01	10	21100	中性盘
13:35:27	21.09	-0.01	2	4218	卖盘
13:35:24	21.1	--	6	12660	卖盘
13:35:21	21.1	0.01	50	105500	买盘
13:35:15	21.09	--	1	2109	卖盘
13:35:12	21.09	--	10	21090	卖盘
13:35:09	21.09	-0.01	5	10545	卖盘
13:35:03	21.1	--	7	14770	买盘
13:34:57	21.1	--	13	27430	卖盘
13:34:54	21.1	--	40	84400	卖盘
13:34:51	21.1	--	4	8440	卖盘
13:34:36	21.1	--	45	94950	卖盘
13:34:30	21.1	--	15	31650	卖盘
13:34:27	21.1	-0.01	50	105500	卖盘
13:34:24	21.11	0.01	86	181546	买盘
13:34:18	21.1	-0.01	110	232100	卖盘
13:34:09	21.11	0.01	20	42220	买盘
13:34:03	21.1	--	20	42200	卖盘
13:34:00	21.1	-0.01	40	84400	卖盘
13:33:57	21.11	0.01	39	82329	买盘
13:33:54	21.1	-0.01	21	44310	卖盘
13:33:45	21.11	-0.01	229	483419	卖盘
13:33:36	21.12	--	3	6336	买盘
13:33:33	21.12	--	6	12672	买盘
13:33:21	21.12	--	57	120384	卖盘
13:33:18	21.12	-0.01	10	21120	卖盘
13:33:15	21.13	0.01	25	52825	买盘
13:33:12	21.12	--	10	21120	卖盘
13:33:09	21.12	-0.01	2	4224	卖盘
13:33:06	21.13	--	3	6339	买盘
13:33:03	21.13	--	1	2113	买盘
13:32:54	21.13	0.01	1	2113	买盘
13:32:51	21.12	-0.01	10	21120	中性盘
13:32:42	21.13	--	16	33808	买盘
13:32:36	21.13	--	4	8452	买盘
13:32:33	21.13	--	11	23243	买盘
13:32:30	21.13	--	42	88746	卖盘
13:32:24	21.13	-0.01	7	14791	卖盘
13:32:15	21.14	--	15	31710	买盘
13:32:03	21.14	--	6	12684	买盘
13:32:00	21.14	0.01	5	10570	买盘
13:31:48	21.13	--	5	10565	卖盘
13:31:45	21.13	-0.01	8	16904	卖盘
13:31:42	21.14	--	8	16912	买盘
13:31:33	21.14	-0.02	87	183918	卖盘
13:31:27	21.16	--	24	50784	买盘
13:31:18	21.16	--	1	2116	买盘
13:31:06	21.16	0.01	1	2116	买盘
13:31:00	21.15	-0.01	4	8460	卖盘
13:30:57	21.16	0.01	18	38088	买盘
13:30:45	21.15	--	2	4230	卖盘
13:30:42	21.15	--	10	21150	卖盘
13:30:39	21.15	0.01	43	90945	买盘
13:30:24	21.14	--	1	2114	买盘
13:30:21	21.14	--	39	82446	卖盘
13:30:18	21.14	-0.01	2	4228	卖盘
13:30:12	21.15	0.01	20	42300	买盘
13:30:09	21.14	--	2	4228	卖盘
13:30:00	21.14	0.02	11	23254	买盘
13:29:57	21.12	--	18	38016	买盘
13:29:54	21.12	--	10	21120	买盘
13:29:51	21.12	-0.02	5	10560	卖盘
13:29:42	21.14	0.03	1	2114	中性盘
13:29:24	21.11	--	8	16888	卖盘
13:29:09	21.11	-0.03	5	10555	卖盘
13:29:06	21.14	0.03	2	4228	买盘
13:29:03	21.11	-0.04	177	373647	卖盘
13:29:00	21.15	0.01	1	2115	买盘
13:28:57	21.14	--	39	82446	卖盘
13:28:48	21.14	0.03	56	118384	买盘
13:28:42	21.11	--	2	4222	卖盘
13:28:36	21.11	--	2	4222	卖盘
13:28:33	21.11	-0.03	22	46442	卖盘
13:28:30	21.14	--	10	21140	买盘
13:28:18	21.14	0.01	201	424914	买盘
13:28:15	21.13	0.02	48	101424	买盘
13:28:12	21.11	--	57	120327	卖盘
13:28:09	21.11	--	2	4222	卖盘
13:28:06	21.11	-0.01	1	2111	卖盘
13:28:00	21.12	0.01	6	12672	买盘
13:27:57	21.11	-0.01	2	4222	卖盘
13:27:42	21.12	--	38	80256	卖盘
13:27:39	21.12	-0.01	10	21120	卖盘
13:27:36	21.13	--	11	23243	买盘
13:27:33	21.13	--	5	10565	买盘
13:27:30	21.13	0.01	2	4226	买盘
13:27:27	21.12	-0.01	57	120384	卖盘
13:27:24	21.13	-0.01	75	158475	卖盘
13:27:21	21.14	--	10	21140	买盘
13:27:18	21.14	0.01	26	54964	买盘
13:27:15	21.13	--	15	31695	卖盘
13:27:09	21.13	--	10	21130	卖盘
13:27:06	21.13	-0.03	2	4226	卖盘
13:27:03	21.16	0.03	45	95220	买盘
13:26:57	21.13	-0.01	1	2113	卖盘
13:26:54	21.14	0.01	1	2114	买盘
13:26:51	21.13	--	3	6339	卖盘
13:26:48	21.13	--	20	42260	卖盘
13:26:45	21.13	-0.01	10	21130	卖盘
13:26:39	21.14	--	5	10570	卖盘
13:26:36	21.14	--	3	6342	卖盘
13:26:33	21.14	0.01	2	4228	中性盘
13:26:21	21.13	-0.02	7	14791	卖盘
13:26:18	21.15	--	3	6345	卖盘
13:26:15	21.15	--	2	4230	卖盘
13:26:09	21.15	--	23	48645	买盘
13:25:57	21.15	0.02	13	27494	买盘
13:25:54	21.13	-0.02	55	116215	卖盘
13:25:48	21.15	--	1	2115	买盘
13:25:45	21.15	-0.01	2	4230	卖盘
13:25:33	21.16	--	4	8464	买盘
13:25:30	21.16	0.01	1	2116	买盘
13:25:21	21.15	--	14	29609	卖盘
13:25:18	21.15	--	6	12690	卖盘
13:25:15	21.15	-0.01	20	42300	卖盘
13:25:09	21.16	--	1	2116	买盘
13:25:06	21.16	--	11	23276	买盘
13:25:03	21.16	--	18	38088	卖盘
13:24:54	21.16	-0.02	5	10580	卖盘
13:24:48	21.18	--	1	2118	买盘
13:24:33	21.18	--	38	80484	买盘
13:24:27	21.18	--	11	23298	卖盘
13:24:24	21.18	--	5	10590	卖盘
13:24:15	21.18	--	24	50832	买盘
13:24:09	21.18	--	3	6354	买盘
13:24:06	21.18	0.02	1	2118	买盘
13:24:00	21.16	-0.02	7	14812	卖盘
13:23:54	21.18	--	20	42360	买盘
13:23:48	21.18	--	5	10590	买盘
13:23:45	21.18	0.02	10	21180	买盘
13:23:36	21.16	-0.02	4	8464	卖盘
13:23:24	21.18	0.02	1	2118	买盘
13:23:03	21.16	--	10	21160	卖盘
13:23:00	21.16	--	2	4232	卖盘
13:22:51	21.16	0.01	1	3597	买盘
13:22:42	21.15	--	8	17279	卖盘
13:22:39	21.15	--	11	23265	卖盘
13:22:33	21.15	--	20	42300	卖盘
13:22:27	21.15	--	22	46530	卖盘
13:22:12	21.15	--	5	10575	卖盘
13:22:03	21.15	-0.01	31	65565	卖盘
13:22:00	21.16	0.01	1	2116	买盘
13:21:54	21.15	-0.01	22	46530	卖盘
13:21:51	21.16	0.01	1	2116	中性盘
13:21:33	21.15	-0.03	20	42300	卖盘
13:21:27	21.18	0.03	2	4236	买盘
13:21:21	21.15	-0.01	44	93060	卖盘
13:21:18	21.16	--	1	2116	买盘
13:21:06	21.16	--	2	5988	卖盘
13:20:54	21.16	--	32	67712	卖盘
13:20:39	21.16	--	2	4232	卖盘
13:20:36	21.16	--	13	27508	卖盘
13:20:33	21.16	-0.02	8	16928	卖盘
13:20:18	21.18	--	4	8472	卖盘
13:20:15	21.18	--	77	163086	卖盘
13:20:03	21.18	--	10	21180	卖盘
13:19:57	21.18	-0.01	1	2118	卖盘
13:19:54	21.19	--	7	14833	买盘
13:19:42	21.19	--	2	4238	买盘
13:19:36	21.19	--	1	2119	卖盘
13:19:33	21.19	--	2	4238	卖盘
13:19:27	21.19	-0.01	2	4238	卖盘
13:19:15	21.2	--	1	2120	买盘
13:19:12	21.2	--	4	8480	买盘
13:19:06	21.2	--	3	6360	卖盘
13:19:03	21.2	--	21	44520	卖盘
13:19:00	21.2	-0.01	5	10600	卖盘
13:18:51	21.21	--	16	33936	卖盘
13:18:45	21.21	-0.01	2	4242	卖盘
13:18:39	21.22	--	64	135808	买盘
13:18:36	21.22	-0.01	48	101856	卖盘
13:18:30	21.23	--	29	61567	卖盘
13:18:27	21.23	-0.01	20	42460	卖盘
13:18:21	21.24	0.01	14	29735	买盘
13:18:18	21.23	--	7	14861	买盘
13:18:15	21.23	0.01	1	2123	买盘
13:18:03	21.22	0.01	7	14854	买盘
13:17:54	21.21	--	67	142107	买盘
13:17:51	21.21	--	10	21210	买盘
13:17:48	21.21	0.01	1	2121	买盘
13:17:42	21.2	0.01	23	48760	买盘
13:17:36	21.19	--	12	27377	买盘
13:17:33	21.19	0.01	6	12714	买盘
13:17:30	21.18	--	1	2118	卖盘
13:17:21	21.18	--	4	8472	卖盘
13:17:18	21.18	0.02	13	27534	买盘
13:17:06	21.16	0.01	20	42679	买盘
13:17:00	21.15	--	4	8460	卖盘
13:16:57	21.15	0.01	17	35955	买盘
13:16:54	21.14	--	5	10570	卖盘
13:16:33	21.14	0.01	7	14798	买盘
13:16:21	21.13	--	30	63390	卖盘
13:15:57	21.13	-0.02	8	16904	卖盘
13:15:51	21.15	0.01	3	6345	买盘
13:15:42	21.14	-0.01	5	10570	卖盘
13:15:33	21.15	--	5	10575	买盘
13:15:00	21.15	0.01	24	50760	买盘
13:14:57	21.14	-0.01	2	4228	卖盘
13:14:51	21.15	--	10	21150	买盘
13:14:48	21.15	--	3	6345	买盘
13:14:42	21.15	--	5	10575	买盘
13:14:39	21.15	-0.01	23	48645	卖盘
13:14:21	21.16	--	50	105800	买盘
13:14:12	21.16	0.01	6	12696	买盘
13:13:57	21.15	0.03	2	4230	中性盘
13:13:51	21.12	-0.01	194	409728	卖盘
13:13:42	21.13	-0.03	15	31695	卖盘
13:13:36	21.16	0.01	3	6348	买盘
13:13:27	21.15	0.02	5	10575	买盘
13:13:24	21.13	-0.03	29	61277	卖盘
13:13:21	21.16	--	39	84280	卖盘
13:13:06	21.16	-0.01	70	148120	卖盘
13:13:03	21.17	--	10	21170	买盘
13:13:00	21.17	-0.01	38	80446	卖盘
13:12:51	21.18	-0.01	2	4236	卖盘
13:12:48	21.19	0.01	8	16952	买盘
13:12:45	21.18	-0.01	1	2118	卖盘
13:12:42	21.19	0.01	1	2119	买盘
13:12:39	21.18	--	17	36006	卖盘
13:12:33	21.18	--	1	2118	卖盘
13:12:24	21.18	--	11	23298	买盘
13:12:09	21.18	--	24	50832	买盘
13:12:03	21.18	--	10	21180	买盘
13:12:00	21.18	--	12	25416	买盘
13:11:57	21.18	0.01	2	4236	买盘
13:11:54	21.17	0.01	3	6351	卖盘
13:11:48	21.16	-0.02	7	14812	卖盘
13:11:45	21.18	--	5	10590	买盘
13:11:27	21.18	0.02	22	46596	买盘
13:11:24	21.16	-0.01	31	65955	卖盘
13:11:18	21.17	0.01	4	8468	买盘
13:11:15	21.16	-0.01	10	21160	卖盘
13:11:12	21.17	--	13	27521	买盘
13:11:00	21.17	0.01	5	10585	买盘
13:10:42	21.16	--	2	4232	卖盘
13:10:39	21.16	0.02	3	6348	买盘
13:10:36	21.14	0.01	1	2114	买盘
13:10:30	21.13	-0.02	20	42260	卖盘
13:10:27	21.15	0.02	12	25380	买盘
13:10:24	21.13	-0.01	40	84520	卖盘
13:10:21	21.14	--	2	4228	卖盘
13:10:18	21.14	--	3	6342	卖盘
13:10:15	21.14	--	9	19026	卖盘
13:10:12	21.14	0.01	5	10570	买盘
13:10:03	21.13	--	3	6339	卖盘
13:10:00	21.13	-0.01	25	52825	卖盘
13:09:57	21.14	0.01	5	10570	买盘
13:09:54	21.13	-0.01	7	14791	卖盘
13:09:51	21.14	0.01	2	4228	买盘
13:09:48	21.13	-0.01	1	2113	卖盘
13:09:39	21.14	--	7	14798	卖盘
13:09:30	21.14	-0.01	3	6342	卖盘
13:09:27	21.15	--	10	21150	买盘
13:09:24	21.15	-0.01	28	59219	卖盘
13:09:18	21.16	--	3	6348	买盘
13:09:15	21.16	0.01	30	63480	买盘
13:09:09	21.15	-0.01	2	4230	卖盘
13:09:06	21.16	--	7	14812	买盘
13:09:03	21.16	-0.02	31	65596	卖盘
13:08:48	21.18	--	1	2118	买盘
13:08:33	21.18	--	5	10590	买盘
13:08:30	21.18	--	12	25416	卖盘
13:08:18	21.18	-0.01	8	16944	中性盘
13:08:06	21.19	0.01	20	42380	买盘
13:07:57	21.18	--	3	6354	买盘
13:07:51	21.18	--	27	57355	卖盘
13:07:42	21.18	-0.03	2	4236	卖盘
13:07:30	21.21	0.03	60	127260	买盘
13:07:24	21.18	--	2	4236	卖盘
13:07:21	21.18	-0.02	4	8472	卖盘
13:07:18	21.2	--	2	4240	卖盘
13:07:12	21.2	-0.01	1	2120	卖盘
13:07:06	21.21	--	13	27573	卖盘
13:07:03	21.21	--	3	6363	卖盘
13:07:00	21.21	--	29	61509	卖盘
13:06:51	21.21	--	3	6363	卖盘
13:06:39	21.21	-0.01	1	2121	卖盘
13:06:36	21.22	--	12	25464	卖盘
13:06:24	21.22	-0.01	74	157028	卖盘
13:06:21	21.23	0.01	2	4246	买盘
13:06:18	21.22	-0.01	20	42440	卖盘
13:06:12	21.23	--	11	23353	卖盘
13:06:06	21.23	--	1	2123	卖盘
13:05:57	21.23	--	10	21230	卖盘
13:05:54	21.23	--	2	4246	卖盘
13:05:51	21.23	--	7	14861	买盘
13:05:48	21.23	0.01	14	29722	买盘
13:05:45	21.22	-0.01	8	16976	卖盘
13:05:39	21.23	0.01	57	121011	买盘
13:05:33	21.22	--	8	16976	卖盘
13:05:30	21.22	--	2	4244	卖盘
13:05:24	21.22	-0.01	10	21220	中性盘
13:05:06	21.23	0.02	10	21230	买盘
13:04:57	21.21	--	5	10605	买盘
13:04:51	21.21	--	5	10605	买盘
13:04:48	21.21	-0.02	13	27573	卖盘
13:04:42	21.23	0.02	5	10615	买盘
13:04:39	21.21	-0.02	10	21210	卖盘
13:04:36	21.23	0.01	8	16984	买盘
13:04:21	21.22	0.04	14	29708	买盘
13:04:15	21.18	-0.02	6	12708	卖盘
13:04:12	21.2	0.02	47	101590	买盘
13:04:03	21.18	-0.01	20	42360	买盘
13:03:57	21.19	0.04	2	4238	买盘
13:03:48	21.15	-0.03	21	44415	中性盘
13:03:39	21.18	0.03	17	36006	买盘
13:03:30	21.15	0.02	3	6345	买盘
13:03:27	21.13	--	27	57051	卖盘
13:03:21	21.13	-0.05	2	4226	卖盘
13:03:12	21.18	0.05	123	260514	买盘
13:02:51	21.13	-0.02	8	16904	卖盘
13:02:24	21.15	0.02	1	2115	买盘
13:02:21	21.13	-0.01	7	14791	卖盘
13:02:15	21.14	--	56	118384	卖盘
13:02:03	21.14	-0.01	9	19026	卖盘
13:01:54	21.15	--	6	12690	买盘
13:01:51	21.15	--	5	10575	买盘
13:01:39	21.15	-0.01	24	50760	卖盘
13:01:33	21.16	--	1	2116	买盘
13:01:30	21.16	0.01	7	14812	买盘
13:01:21	21.15	-0.01	1	2115	卖盘
13:01:15	21.16	0.01	11	23276	买盘
13:01:03	21.15	-0.01	1	2115	卖盘
13:00:24	21.16	-0.02	78	166275	卖盘
13:00:21	21.18	0.02	13	27534	买盘
13:00:09	21.16	-0.02	17	35972	卖盘
13:00:06	21.18	--	129	273222	买盘
13:00:03	21.18	0.02	214	454141	买盘
13:00:00	21.16	--	21	44436	买盘
11:30:00	21.16	--	4	8464	买盘
11:29:48	21.16	--	72	152352	买盘
11:29:45	21.16	--	5	10580	买盘
11:29:39	21.16	--	2	4232	买盘
11:29:24	21.16	--	3	6348	买盘
11:29:21	21.16	--	5	11807	卖盘
11:29:09	21.16	0.02	23	49556	买盘
11:29:06	21.14	-0.01	50	105700	卖盘
11:29:03	21.15	0.01	2	4230	买盘
11:29:00	21.14	-0.01	10	21140	卖盘
11:28:57	21.15	--	8	16920	买盘
11:28:48	21.15	--	16	35066	卖盘
11:28:45	21.15	-0.01	30	63449	卖盘
11:28:42	21.16	--	7	15700	买盘
11:28:39	21.16	--	10	21160	买盘
11:28:36	21.16	--	3	6348	买盘
11:28:33	21.16	0.01	12	25392	买盘
11:28:30	21.15	--	37	78255	卖盘
11:28:27	21.15	-0.01	7	14804	卖盘
11:28:15	21.16	--	11	23276	买盘
11:28:00	21.16	0.01	64	136651	买盘
11:27:57	21.15	--	3	6345	卖盘
11:27:54	21.15	-0.01	15	31724	卖盘
11:27:51	21.16	0.01	14	29624	买盘
11:27:42	21.15	-0.01	12	26268	卖盘
11:27:36	21.16	0.01	10	21160	买盘
11:27:27	21.15	--	4	8460	买盘
11:27:21	21.15	--	10	21150	买盘
11:27:18	21.15	0.01	6	12690	买盘
11:27:12	21.14	-0.01	1	2114	卖盘
11:27:09	21.15	--	7	14804	买盘
11:27:00	21.15	0.01	10	21150	买盘
11:26:57	21.14	--	10	21140	卖盘
11:26:45	21.14	-0.01	6	12684	卖盘
11:26:33	21.15	--	32	68906	卖盘
11:26:30	21.15	-0.01	6	12690	卖盘
11:26:27	21.16	--	6	12696	买盘
11:26:21	21.16	--	5	10580	买盘
11:26:18	21.16	0.01	4	8464	买盘
11:26:15	21.15	-0.01	5	10575	卖盘
11:26:09	21.16	0.01	2	4232	买盘
11:26:03	21.15	--	26	54989	卖盘
11:26:00	21.15	--	13	27494	卖盘
11:25:57	21.15	-0.01	3	6345	卖盘
11:25:54	21.16	--	15	31740	买盘
11:25:48	21.16	--	5	10580	买盘
11:25:42	21.16	--	5	10580	买盘
11:25:36	21.16	--	2	4232	买盘
11:25:33	21.16	--	39	82524	卖盘
11:25:18	21.16	-0.01	123	260268	卖盘
11:25:09	21.17	-0.01	13	27521	卖盘
11:25:06	21.18	--	6	12708	买盘
11:25:00	21.18	--	12	25416	买盘
11:24:54	21.18	0.02	2	4236	买盘
11:24:51	21.16	-0.02	5	10580	卖盘
11:24:48	21.18	0.01	5	10590	买盘
11:24:45	21.17	--	4	8468	买盘
11:24:42	21.17	--	16	33872	卖盘
11:24:36	21.17	--	12	25404	卖盘
11:24:30	21.17	-0.01	30	63510	卖盘
11:24:21	21.18	--	8	16944	卖盘
11:24:18	21.18	--	20	42360	卖盘
11:24:12	21.18	0.01	20	42360	卖盘
11:24:06	21.17	0.01	3	6351	卖盘
11:24:03	21.16	-0.01	20	42320	卖盘
11:23:48	21.17	0.01	1	2117	中性盘
11:23:36	21.16	-0.01	15	31740	卖盘
11:23:33	21.17	--	28	59276	买盘
11:23:27	21.17	0.01	1	2117	买盘
11:23:24	21.16	-0.01	4	8464	中性盘
11:23:18	21.17	0.01	85	180834	买盘
11:23:15	21.16	--	10	21160	买盘
11:23:09	21.16	--	18	38088	买盘
11:23:06	21.16	--	24	52011	卖盘
11:23:00	21.16	--	4	9352	买盘
11:22:57	21.16	--	24	50784	买盘
11:22:54	21.16	0.01	31	65596	买盘
11:22:51	21.15	0.01	1	2115	买盘
11:22:45	21.14	--	8	16912	买盘
11:22:42	21.14	--	3	6342	买盘
11:22:39	21.14	--	5	10570	买盘
11:22:33	21.14	0.03	56	118384	买盘
11:22:30	21.11	--	1	2111	卖盘
11:22:27	21.11	--	5	10555	卖盘
11:22:24	21.11	--	2	4222	卖盘
11:22:18	21.11	--	27	56997	买盘
11:22:12	21.11	--	2	4222	买盘
11:22:09	21.11	0.01	5	10555	买盘
11:22:06	21.1	-0.01	4	8440	卖盘
11:22:03	21.11	--	39	82329	卖盘
11:22:00	21.11	0.01	5	10555	中性盘
11:21:54	21.1	-0.01	12	25320	卖盘
11:21:51	21.11	0.01	6	12666	买盘
11:21:45	21.1	-0.02	16	33760	卖盘
11:21:42	21.12	0.02	2	4224	买盘
11:21:39	21.1	-0.02	10	21100	卖盘
11:21:36	21.12	0.01	11	23232	买盘
11:21:33	21.11	--	10	21110	卖盘
11:21:27	21.11	--	27	56997	买盘
11:21:24	21.11	--	38	80218	卖盘
11:21:21	21.11	-0.01	12	25332	卖盘
11:21:18	21.12	--	3	6336	买盘
11:21:15	21.12	0.01	1	2112	买盘
11:21:12	21.11	-0.01	66	139326	卖盘
11:21:09	21.12	--	6	12672	卖盘
11:21:06	21.12	--	6	12672	卖盘
11:21:03	21.12	--	22	46464	卖盘
11:21:00	21.12	0.01	71	149952	买盘
11:20:57	21.11	-0.01	10	21110	卖盘
11:20:54	21.12	--	1	2112	买盘
11:20:51	21.12	0.01	10	21120	买盘
11:20:48	21.11	-0.01	20	42220	卖盘
11:20:45	21.12	--	3	6336	卖盘
11:20:42	21.12	0.01	106	223872	买盘
11:20:39	21.11	--	18	37998	买盘
11:20:36	21.11	-0.01	24	50664	卖盘
11:20:27	21.12	-0.01	25	52800	卖盘
11:20:24	21.13	--	21	44373	卖盘
11:20:21	21.13	-0.01	17	35921	卖盘
11:20:18	21.14	0.01	10	21140	买盘
11:20:12	21.13	-0.01	1	2113	卖盘
11:20:09	21.14	-0.01	8	16912	卖盘
11:20:00	21.15	--	104	219959	卖盘
11:19:57	21.15	-0.01	6	12690	卖盘
11:19:54	21.16	--	12	25392	买盘
11:19:51	21.16	--	2	4232	买盘
11:19:48	21.16	-0.01	60	126960	卖盘
11:19:45	21.17	--	9	19053	卖盘
11:19:39	21.17	-0.02	33	69861	卖盘
11:19:36	21.19	--	25	52975	买盘
11:19:30	21.19	-0.01	20	42380	卖盘
11:19:27	21.2	--	47	99640	买盘
11:19:24	21.2	--	110	233200	卖盘
11:19:21	21.2	--	1	2120	卖盘
11:19:18	21.2	--	2	4240	卖盘
11:19:15	21.2	--	7	14840	卖盘
11:19:12	21.2	-0.01	110	233200	卖盘
11:19:09	21.21	0.01	21	44541	买盘
11:19:06	21.2	--	1	2120	卖盘
11:19:03	21.2	-0.01	17	36040	卖盘
11:19:00	21.21	--	5	10605	卖盘
11:18:57	21.21	--	5	10605	卖盘
11:18:54	21.21	-0.01	75	159075	卖盘
11:18:51	21.22	--	20	42440	卖盘
11:18:48	21.22	-0.01	1	2122	卖盘
11:18:45	21.23	0.01	2	4246	买盘
11:18:39	21.22	0.01	5	10610	卖盘
11:18:30	21.21	--	50	106050	卖盘
11:18:27	21.21	-0.02	6	12726	卖盘
11:18:24	21.23	--	14	29722	买盘
11:18:18	21.23	--	4	10211	卖盘
11:18:12	21.23	-0.01	2	4246	卖盘
11:18:09	21.24	0.01	1	2124	买盘
11:18:06	21.23	0.02	30	64093	买盘
11:18:03	21.21	-0.02	20	42420	卖盘
11:17:57	21.23	0.01	1	2123	中性盘
11:17:51	21.22	-0.02	2	4244	卖盘
11:17:45	21.24	0.02	3	6371	买盘
11:17:42	21.22	-0.02	9	19098	卖盘
11:17:27	21.24	--	22	46728	卖盘
11:17:24	21.24	--	2	4248	卖盘
11:17:21	21.24	--	3	6371	卖盘
11:17:12	21.24	--	2	4248	卖盘
11:17:09	21.24	--	50	106199	卖盘
11:17:06	21.24	0.02	67	142308	买盘
11:17:03	21.22	-0.02	75	159150	卖盘
11:17:00	21.24	0.01	20	42480	买盘
11:16:57	21.23	--	6	12738	卖盘
11:16:51	21.23	-0.01	20	42460	卖盘
11:16:48	21.24	--	5	10620	买盘
11:16:36	21.24	--	3	6371	卖盘
11:16:33	21.24	--	5	10620	卖盘
11:16:27	21.24	--	10	21240	卖盘
11:16:24	21.24	--	5	10620	买盘
11:16:21	21.24	--	10	21240	买盘
11:16:15	21.24	0.01	1	2124	买盘
11:16:12	21.23	--	10	21230	卖盘
11:16:06	21.23	-0.01	10	21230	卖盘
11:16:00	21.24	0.01	6	12743	买盘
11:15:57	21.23	--	6	12738	卖盘
11:15:39	21.23	--	12	25476	卖盘
11:15:30	21.23	0.01	1	2123	中性盘
11:15:15	21.22	--	2	4244	卖盘
11:15:12	21.22	--	30	63660	卖盘
11:15:06	21.22	-0.03	8	16976	卖盘
11:15:03	21.25	0.03	5	10625	买盘
11:15:00	21.22	--	45	95490	卖盘
11:14:57	21.22	--	68	144296	卖盘
11:14:54	21.22	-0.03	6	12732	卖盘
11:14:51	21.25	0.03	109	231625	买盘
11:14:42	21.22	--	4	8488	卖盘
11:14:33	21.22	-0.03	3	6366	卖盘
11:14:24	21.25	--	12	25500	卖盘
11:14:21	21.25	--	32	68000	卖盘
11:14:18	21.25	--	6	12750	卖盘
11:14:15	21.25	--	11	23375	卖盘
11:14:09	21.25	--	11	23375	卖盘
11:14:06	21.25	-0.02	10	21250	卖盘
11:14:00	21.27	--	23	48921	卖盘
11:13:54	21.27	-0.01	12	25524	卖盘
11:13:51	21.28	--	1	2128	买盘
11:13:48	21.28	--	23	48944	买盘
11:13:45	21.28	--	5	10640	买盘
11:13:36	21.28	0.01	2	4256	买盘
11:13:33	21.27	0.02	11	23397	买盘
11:13:30	21.25	-0.02	30	63750	卖盘
11:13:27	21.27	--	2	4254	卖盘
11:13:24	21.27	--	18	38286	买盘
11:13:21	21.27	--	51	108477	买盘
11:13:18	21.27	--	9	19143	买盘
11:13:12	21.27	--	5	10635	买盘
11:13:09	21.27	-0.03	46	97842	卖盘
11:13:06	21.3	0.01	100	213000	买盘
11:13:03	21.29	0.01	23	48967	买盘
11:13:00	21.28	0.01	5	10640	中性盘
11:12:45	21.27	-0.01	48	102096	卖盘
11:12:42	21.28	0.01	1	2128	买盘
11:12:39	21.27	0.05	8	17016	买盘
11:12:36	21.22	--	12	25464	卖盘
11:12:30	21.22	--	6	12732	卖盘
11:12:27	21.22	0.02	8	16976	买盘
11:12:24	21.2	--	16	33920	卖盘
11:12:18	21.2	--	3	6360	卖盘
11:12:15	21.2	--	20	42400	买盘
11:12:12	21.2	0.03	15	31800	买盘
11:12:09	21.17	-0.03	35	74095	卖盘
11:12:06	21.2	--	60	127200	买盘
11:12:00	21.2	--	16	33920	买盘
11:11:57	21.2	--	15	31800	买盘
11:11:54	21.2	--	50	106000	买盘
11:11:51	21.2	--	30	63600	买盘
11:11:48	21.2	--	13	27560	买盘
11:11:45	21.2	--	12	25440	买盘
11:11:42	21.2	0.01	30	63600	买盘
11:11:36	21.19	-0.01	36	76284	卖盘
11:11:33	21.2	--	70	148400	买盘
11:11:30	21.2	--	35	74200	买盘
11:11:27	21.2	--	176	373120	买盘
11:11:24	21.2	--	23	48760	买盘
11:11:21	21.2	--	37	78440	买盘
11:11:18	21.2	--	28	59360	买盘
11:11:15	21.2	--	6	12720	买盘
11:11:12	21.2	--	12	25440	买盘
11:11:09	21.2	--	44	93280	卖盘
11:11:06	21.2	-0.01	61	129320	卖盘
11:11:03	21.21	-0.01	6	12726	卖盘
11:11:00	21.22	--	2	4244	卖盘
11:10:57	21.22	-0.03	8	16976	卖盘
11:10:54	21.25	0.03	2	4250	买盘
11:10:51	21.22	-0.03	8	16976	卖盘
11:10:48	21.25	-0.03	80	170000	卖盘
11:10:42	21.28	-0.02	40	85120	中性盘
11:10:39	21.3	--	17	36210	买盘
11:10:36	21.3	--	8	17040	买盘
11:10:33	21.3	--	50	106500	买盘
11:10:30	21.3	--	127	270510	卖盘
11:10:27	21.3	--	44	93720	卖盘
11:10:24	21.3	--	74	157620	卖盘
11:10:21	21.3	-0.01	104	221520	卖盘
11:10:18	21.31	--	18	38358	卖盘
11:10:15	21.31	-0.02	102	217362	卖盘
11:10:12	21.33	0.02	14	29861	中性盘
11:10:09	21.31	-0.04	16	34096	卖盘
11:10:06	21.35	0.04	29	61915	中性盘
11:10:03	21.31	-0.04	3	6393	卖盘
11:10:00	21.35	--	44	93940	买盘
11:09:57	21.35	-0.02	30	64050	卖盘
11:09:54	21.37	--	25	53425	买盘
11:09:51	21.37	--	56	119672	买盘
11:09:48	21.37	--	20	42740	买盘
11:09:45	21.37	--	5	10685	买盘
11:09:42	21.37	--	39	83343	卖盘
11:09:39	21.37	0.02	16	34192	买盘
11:09:36	21.35	-0.04	104	222040	卖盘
11:09:33	21.39	0.03	30	64170	买盘
11:09:30	21.36	--	72	153792	卖盘
11:09:27	21.36	-0.01	55	117480	卖盘
11:09:24	21.37	0.02	10	21370	买盘
11:09:21	21.35	--	12	25620	卖盘
11:09:18	21.35	-0.01	51	108885	卖盘
11:09:15	21.36	--	31	66216	买盘
11:09:12	21.36	0.01	21	44856	买盘
11:09:09	21.35	0.03	43	91805	买盘
11:09:06	21.32	-0.02	30	63960	卖盘
11:09:03	21.34	0.04	31	66154	中性盘
11:09:00	21.3	0.05	375	798750	买盘
11:08:57	21.25	-0.05	253	537625	卖盘
11:08:54	21.3	0.05	170	362100	买盘
11:08:51	21.25	-0.02	32	68000	卖盘
11:08:48	21.27	--	38	80826	买盘
11:08:45	21.27	--	3	6381	买盘
11:08:42	21.27	--	159	338193	买盘
11:08:39	21.27	0.02	1	2127	中性盘
11:08:36	21.25	-0.05	233	495125	卖盘
11:08:30	21.3	0.01	75	159750	买盘
11:08:27	21.29	0.01	88	187352	买盘
11:08:24	21.28	--	68	144704	卖盘
11:08:18	21.28	-0.01	113	240464	卖盘
11:08:15	21.29	--	59	125611	买盘
11:08:12	21.29	0.01	16	34064	买盘
11:08:09	21.28	-0.01	35	74480	卖盘
11:08:06	21.29	--	8	17032	买盘
11:08:03	21.29	--	10	21290	买盘
11:08:00	21.29	0.01	24	51096	买盘
11:07:57	21.28	-0.01	35	74480	卖盘
11:07:54	21.29	-0.01	25	53225	卖盘
11:07:51	21.3	0.01	3	6390	买盘
11:07:48	21.29	0.01	23	48967	买盘
11:07:45	21.28	--	20	42560	卖盘
11:07:42	21.28	-0.02	41	87248	卖盘
11:07:39	21.3	--	24	51120	买盘
11:07:36	21.3	--	25	53250	买盘
11:07:33	21.3	--	68	144840	卖盘
11:07:30	21.3	--	22	46860	卖盘
11:07:27	21.3	--	39	83070	卖盘
11:07:24	21.3	--	35	74550	卖盘
11:07:21	21.3	0.01	25	53250	买盘
11:07:18	21.29	--	8	17032	买盘
11:07:15	21.29	-0.01	8	17032	中性盘
11:07:12	21.3	-0.02	200	426000	卖盘
11:07:09	21.32	--	30	63960	买盘
11:07:06	21.32	-0.06	24	51168	卖盘
11:07:03	21.38	0.05	52	111176	买盘
11:07:00	21.33	-0.06	2	4266	买盘
11:06:57	21.39	0.09	66	141174	买盘
11:06:54	21.3	-0.08	36	76680	卖盘
11:06:51	21.38	0.03	74	158212	买盘
11:06:48	21.35	-0.03	1510	3223850	卖盘
11:06:45	21.38	-0.02	11	23518	买盘
11:06:42	21.4	0.04	104	222559	买盘
11:06:39	21.36	--	3	6408	卖盘
11:06:36	21.36	-0.02	81	173016	卖盘
11:06:33	21.38	-0.01	13	27794	买盘
11:06:30	21.39	-0.01	4	8556	买盘
11:06:27	21.4	--	196	419440	买盘
11:06:24	21.4	--	27	57779	买盘
11:06:21	21.4	--	70	149800	买盘
11:06:18	21.4	-0.05	31	66340	卖盘
11:06:15	21.45	-0.02	58	124410	卖盘
11:06:12	21.47	-0.03	55	118085	中性盘
11:06:09	21.5	0.1	63	135450	买盘
11:06:06	21.4	-0.05	501	1072140	卖盘
11:06:03	21.45	-0.05	82	175890	卖盘
11:06:00	21.5	0.05	106	227900	买盘
11:05:57	21.45	-0.01	203	435435	卖盘
11:05:54	21.46	--	4	8584	买盘
11:05:51	21.46	0.04	47	100862	买盘
11:05:48	21.42	-0.03	68	145656	卖盘
11:05:45	21.45	0.03	20	42900	买盘
11:05:42	21.42	--	3	6426	卖盘
11:05:39	21.42	0.04	99	212058	买盘
11:05:36	21.38	0.02	38	81244	买盘
11:05:33	21.36	0.01	43	91848	买盘
11:05:30	21.35	0.05	145	309575	买盘
11:05:27	21.3	--	49	104370	卖盘
11:05:24	21.3	0.06	363	773190	买盘
11:05:21	21.24	--	140	297360	卖盘
11:05:18	21.24	0.08	1182	2511651	买盘
11:05:15	21.16	-0.03	1	2116	卖盘
11:05:12	21.19	0.03	53	112307	买盘
11:05:09	21.16	-0.02	30	63480	卖盘
11:05:06	21.18	--	16	33888	卖盘
11:05:03	21.18	--	23	48714	卖盘
11:05:00	21.18	0.03	65	137670	买盘
11:04:57	21.15	-0.01	72	152280	卖盘
11:04:54	21.16	-0.02	17	35972	卖盘
11:04:51	21.18	0.03	71	150378	买盘
11:04:48	21.15	--	11	23265	卖盘
11:04:45	21.15	--	2	4230	卖盘
11:04:42	21.15	--	9	19035	买盘
11:04:39	21.15	--	17	35955	买盘
11:04:36	21.15	--	20	42300	买盘
11:04:33	21.15	0.01	41	86715	买盘
11:04:30	21.14	0.01	7	14798	买盘
11:04:27	21.13	--	80	169040	卖盘
11:04:24	21.13	--	62	131006	卖盘
11:04:21	21.13	--	78	164814	买盘
11:04:18	21.13	0.01	15	31695	买盘
11:04:15	21.12	--	79	166848	中性盘
11:04:09	21.12	--	59	124608	买盘
11:04:06	21.12	-0.01	2	4224	买盘
11:04:03	21.13	0.01	66	139458	买盘
11:04:00	21.12	-0.01	4	8448	卖盘
11:03:57	21.13	--	7	14791	买盘
11:03:54	21.13	--	27	57051	买盘
11:03:51	21.13	-0.02	37	78181	买盘
11:03:48	21.15	--	48	101520	买盘
11:03:45	21.15	0.01	113	238994	买盘
11:03:42	21.14	-0.01	1	2114	中性盘
11:03:39	21.15	--	143	302445	买盘
11:03:36	21.15	--	26	54989	买盘
11:03:33	21.15	--	89	188235	买盘
11:03:30	21.15	--	7	14804	买盘
11:03:27	21.15	--	58	122669	卖盘
11:03:24	21.15	--	49	103635	卖盘
11:03:21	21.15	-0.04	82	173430	卖盘
11:03:18	21.19	-0.01	2	4238	中性盘
11:03:15	21.2	--	163	345560	卖盘
11:03:12	21.2	--	78	165360	卖盘
11:03:09	21.2	-0.01	105	222600	卖盘
11:03:06	21.21	--	28	59388	卖盘
11:03:03	21.21	--	81	171801	卖盘
11:03:00	21.21	--	29	61509	卖盘
11:02:57	21.21	-0.03	43	91203	卖盘
11:02:54	21.24	--	42	89208	买盘
11:02:51	21.24	0.02	22	46728	买盘
11:02:48	21.22	-0.02	95	201590	卖盘
11:02:45	21.24	0.03	40	84960	卖盘
11:02:42	21.21	-0.03	84	178164	卖盘
11:02:39	21.24	0.01	144	305856	买盘
11:02:36	21.23	-0.01	166	352418	卖盘
11:02:33	21.24	0.01	82	174168	买盘
11:02:30	21.23	-0.01	47	99781	卖盘
11:02:27	21.24	0.02	35	74340	买盘
11:02:24	21.22	--	50	106100	卖盘
11:02:21	21.22	--	21	44562	卖盘
11:02:18	21.22	--	25	53050	买盘
11:02:15	21.22	0.01	33	70026	买盘
11:02:12	21.21	0.01	59	125139	中性盘
11:02:09	21.2	-0.01	50	106000	卖盘
11:02:06	21.21	0.01	8	16968	买盘
11:02:03	21.2	0.02	55	116600	买盘
11:02:00	21.18	-0.01	133	281694	卖盘
11:01:57	21.19	0.01	56	118664	中性盘
11:01:54	21.18	--	38	80484	买盘
11:01:51	21.18	0.03	28	59304	买盘
11:01:48	21.15	-0.03	24	50760	卖盘
11:01:45	21.18	0.05	104	220272	买盘
11:01:42	21.13	-0.01	154	325402	卖盘
11:01:39	21.14	0.01	8	16912	买盘
11:01:36	21.13	0.01	27	57051	买盘
11:01:33	21.12	0.01	104	219648	买盘
11:01:30	21.11	0.01	10	21110	买盘
11:01:27	21.1	--	124	261640	卖盘
11:01:24	21.1	0.01	2	4220	卖盘
11:01:21	21.09	--	171	360639	买盘
11:01:18	21.09	0.01	5	10545	买盘
11:01:15	21.08	--	126	265608	买盘
11:01:12	21.08	0.02	8	16864	买盘
11:01:09	21.06	-0.02	32	67392	中性盘
11:01:06	21.08	0.03	41	86428	买盘
11:01:03	21.05	--	36	75780	买盘
11:00:57	21.05	0.02	33	69465	买盘
11:00:54	21.03	0.01	21	44163	买盘
11:00:51	21.02	-0.01	149	313198	卖盘
11:00:48	21.03	0.02	54	113562	买盘
11:00:45	21.01	--	53	111353	卖盘
11:00:42	21.01	0.01	30	63240	买盘
11:00:36	21.0	--	6	12600	卖盘
11:00:30	21.0	--	93	195300	买盘
11:00:27	21.0	0.01	112	235200	买盘
11:00:24	20.99	-0.01	8	16792	卖盘
11:00:21	21.0	--	41	86100	买盘
11:00:18	21.0	--	49	102900	买盘
11:00:15	21.0	--	52	109200	买盘
11:00:12	21.0	--	12	25200	买盘
11:00:09	21.0	--	45	94500	买盘
11:00:06	21.0	--	147	308700	买盘
11:00:03	21.0	--	86	180600	买盘
11:00:00	21.0	0.01	40	84000	买盘
10:59:57	20.99	--	21	44079	卖盘
10:59:54	20.99	--	4	8396	卖盘
10:59:51	20.99	--	109	228790	买盘
10:59:48	20.99	--	101	211998	买盘
10:59:45	20.99	0.01	7	14692	买盘
10:59:42	20.98	--	61	128187	卖盘
10:59:39	20.98	--	4	8392	卖盘
10:59:36	20.98	--	31	65038	卖盘
10:59:33	20.98	--	20	41960	卖盘
10:59:30	20.98	0.01	144	302112	买盘
10:59:27	20.97	-0.01	2	4194	卖盘
10:59:24	20.98	--	7	14686	买盘
10:59:21	20.98	--	39	81822	买盘
10:59:18	20.98	--	8	16784	买盘
10:59:15	20.98	0.01	20	41960	买盘
10:59:12	20.97	--	1	2097	卖盘
10:59:09	20.97	--	98	205506	买盘
10:59:06	20.97	--	1	2097	买盘
10:59:03	20.97	--	10	20970	买盘
10:59:00	20.97	0.01	60	125820	买盘
10:58:57	20.96	0.01	78	163488	买盘
10:58:54	20.95	--	20	41900	买盘
10:58:51	20.95	0.01	7	14665	买盘
10:58:48	20.94	-0.01	23	48162	卖盘
10:58:45	20.95	--	38	79610	买盘
10:58:33	20.95	--	5	10475	买盘
10:58:30	20.95	--	27	56565	买盘
10:58:27	20.95	0.01	2	4190	买盘
10:58:24	20.94	--	15	31410	卖盘
10:58:21	20.94	--	31	64914	卖盘
10:58:18	20.94	--	51	106794	卖盘
10:58:15	20.94	--	9	20667	卖盘
10:58:12	20.94	--	1	2094	卖盘
10:58:09	20.94	0.03	100	209400	买盘
10:58:06	20.91	-0.03	50	104550	卖盘
10:58:03	20.94	--	2	4188	买盘
10:58:00	20.94	0.01	16	33504	买盘
10:57:51	20.93	--	8	16744	卖盘
10:57:48	20.93	--	1	2093	卖盘
10:57:42	20.93	--	2	4186	买盘
10:57:39	20.93	--	10	20930	买盘
10:57:36	20.93	0.02	33	69069	买盘
10:57:33	20.91	-0.02	1	2091	卖盘
10:57:30	20.93	0.01	39	81627	买盘
10:57:24	20.92	0.01	8	16736	买盘
10:57:21	20.91	--	7	14637	卖盘
10:57:15	20.91	--	20	41820	卖盘
10:57:12	20.91	0.01	52	108732	买盘
10:57:06	20.9	--	33	68970	买盘
10:57:03	20.9	--	10	20900	买盘
10:56:57	20.9	0.01	85	177650	买盘
10:56:54	20.89	-0.01	33	68937	卖盘
10:56:51	20.9	--	20	41800	买盘
10:56:42	20.9	0.01	68	142120	买盘
10:56:36	20.89	--	19	39691	卖盘
10:56:33	20.89	0.02	69	144141	买盘
10:56:15	20.87	0.01	89	185743	买盘
10:56:12	20.86	--	5	10430	卖盘
10:56:09	20.86	--	10	20860	卖盘
10:56:03	20.86	--	3	6258	买盘
10:55:57	20.86	-0.01	2	4172	卖盘
10:55:54	20.87	0.01	1	2087	买盘
10:55:51	20.86	0.01	1	2086	中性盘
10:55:33	20.85	-0.01	3	6255	卖盘
10:55:27	20.86	--	20	41720	买盘
10:55:21	20.86	0.01	20	41720	买盘
10:55:15	20.85	-0.01	10	20850	卖盘
10:55:09	20.86	--	3	6258	买盘
10:55:06	20.86	--	2	4172	买盘
10:55:00	20.86	--	3	6258	买盘
10:54:57	20.86	--	36	75096	中性盘
10:54:51	20.86	--	1	2086	卖盘
10:54:48	20.86	--	3	6258	买盘
10:54:45	20.86	0.01	4	8344	买盘
10:54:42	20.85	-0.01	4	8340	卖盘
10:54:39	20.86	--	3	6258	中性盘
10:54:33	20.86	0.01	5	10430	中性盘
10:54:18	20.85	--	48	100080	买盘
10:54:15	20.85	--	10	20850	买盘
10:54:09	20.85	0.02	11	22935	卖盘
10:53:57	20.83	-0.02	125	260583	卖盘
10:53:51	20.85	0.02	5	10425	买盘
10:53:42	20.83	--	22	45825	卖盘
10:53:27	20.83	--	4	8332	卖盘
10:53:24	20.83	-0.03	6	12497	卖盘
10:53:18	20.86	--	4	8344	买盘
10:53:15	20.86	--	32	66752	买盘
10:53:06	20.86	--	6	12516	买盘
10:53:00	20.86	0.01	1	2086	买盘
10:52:45	20.85	0.03	61	127185	买盘
10:52:42	20.82	-0.03	26	54132	卖盘
10:52:39	20.85	0.03	87	181395	买盘
10:52:33	20.82	--	3	6246	卖盘
10:52:27	20.82	-0.01	7	14574	卖盘
10:52:24	20.83	--	2	4166	买盘
10:52:18	20.83	0.01	2	4166	买盘
10:52:09	20.82	--	5	10410	卖盘
10:52:03	20.82	--	3	6246	卖盘
10:52:00	20.82	-0.01	17	35394	卖盘
10:51:57	20.83	--	1	2083	买盘
10:51:48	20.83	--	5	10415	买盘
10:51:27	20.83	0.01	5	10415	买盘
10:51:21	20.82	--	6	12492	卖盘
10:51:18	20.82	--	29	60378	卖盘
10:51:06	20.82	--	11	22902	卖盘
10:51:03	20.82	-0.01	5	10410	卖盘
10:51:00	20.83	0.01	1	2083	买盘
10:50:48	20.82	--	9	18738	卖盘
10:50:45	20.82	--	6	12492	卖盘
10:50:39	20.82	--	10	20820	卖盘
10:50:33	20.82	-0.01	3	6246	卖盘
10:50:30	20.83	0.01	21	43743	买盘
10:50:27	20.82	--	48	101809	买盘
10:50:24	20.82	--	1	2290	卖盘
10:50:21	20.82	--	1	3955	买盘
10:50:12	20.82	--	6	12700	卖盘
10:50:09	20.82	--	3	6246	卖盘
10:50:03	20.82	--	4	8328	卖盘
10:50:00	20.82	--	1	3955	买盘
10:49:57	20.82	--	3	6246	买盘
10:49:51	20.82	--	60	124920	买盘
10:49:36	20.82	-0.01	3	6246	卖盘
10:49:21	20.83	0.01	3	6248	买盘
10:49:18	20.82	--	2	4164	卖盘
10:49:00	20.82	-0.03	30	62460	卖盘
10:48:45	20.85	0.03	40	83400	买盘
10:48:33	20.82	-0.01	50	104100	卖盘
10:48:09	20.83	-0.03	6	12497	卖盘
10:48:00	20.86	0.01	10	20860	买盘
10:47:54	20.85	--	3	8131	卖盘
10:47:51	20.85	-0.01	2	4170	卖盘
10:47:48	20.86	0.01	1	2086	买盘
10:47:39	20.85	--	10	20850	卖盘
10:47:33	20.85	--	31	64635	卖盘
10:47:30	20.85	--	5	10425	卖盘
10:47:24	20.85	0.02	90	187858	买盘
10:47:18	20.83	--	1	2083	卖盘
10:47:12	20.83	--	1	2083	卖盘
10:47:03	20.83	0.01	2	4166	中性盘
10:46:57	20.82	-0.03	10	20820	卖盘
10:46:54	20.85	0.03	2	4170	买盘
10:46:51	20.82	-0.03	12	24984	卖盘
10:46:48	20.85	0.01	10	20850	买盘
10:46:42	20.84	--	1	2084	买盘
10:46:27	20.84	-0.01	16	33344	卖盘
10:46:24	20.85	--	6	12510	买盘
10:46:18	20.85	0.01	45	93825	买盘
10:46:12	20.84	-0.01	5	10420	卖盘
10:46:09	20.85	--	91	189735	买盘
10:45:57	20.85	0.01	1	2085	买盘
10:45:54	20.84	--	25	52100	卖盘
10:45:45	20.84	0.02	12	25008	买盘
10:45:42	20.82	-0.02	9	18738	卖盘
10:45:39	20.84	--	14	29176	买盘
10:45:27	20.84	0.03	10	20840	买盘
10:45:12	20.81	--	10	20810	卖盘
10:45:06	20.81	-0.03	100	208100	卖盘
10:45:00	20.84	0.02	1	2084	买盘
10:44:51	20.82	-0.02	5	10410	卖盘
10:44:48	20.84	-0.01	2	4168	卖盘
10:44:27	20.85	--	89	187441	卖盘
10:44:21	20.85	-0.02	29	60465	卖盘
10:44:12	20.87	--	5	10435	买盘
10:44:06	20.87	--	21	43827	买盘
10:43:57	20.87	--	4	8348	卖盘
10:43:54	20.87	--	5	10435	卖盘
10:43:48	20.87	--	164	342268	买盘
10:43:45	20.87	--	19	39653	买盘
10:43:42	20.87	--	2	4174	买盘
10:43:36	20.87	0.01	1	2087	买盘
10:43:24	20.86	--	13	27118	卖盘
10:43:21	20.86	-0.01	3	6258	卖盘
10:43:15	20.87	--	4	8348	买盘
10:43:12	20.87	--	1	2087	买盘
10:43:09	20.87	0.01	3	6261	买盘
10:43:06	20.86	-0.01	6	12516	卖盘
10:42:51	20.87	--	1	2087	买盘
10:42:42	20.87	--	1	2087	买盘
10:42:36	20.87	-0.01	8	16696	卖盘
10:42:30	20.88	0.01	2	4176	买盘
10:42:27	20.87	0.02	4	8348	买盘
10:42:18	20.85	0.01	6	12718	买盘
10:42:15	20.84	-0.01	6	12504	卖盘
10:42:09	20.85	-0.02	52	110296	卖盘
10:42:06	20.87	--	8	16696	卖盘
10:42:03	20.87	--	5	10435	卖盘
10:41:54	20.87	0.02	60	125220	买盘
10:41:48	20.85	-0.02	5	10425	卖盘
10:41:39	20.87	0.02	1	2087	买盘
10:41:30	20.85	-0.02	3	6255	卖盘
10:41:24	20.87	0.01	102	212874	买盘
10:41:15	20.86	--	3	6258	买盘
10:41:12	20.86	--	3	6258	卖盘
10:41:09	20.86	--	9	18774	卖盘
10:41:06	20.86	--	5	10430	卖盘
10:41:03	20.86	0.01	2	4172	买盘
10:41:00	20.85	-0.01	55	114675	卖盘
10:40:57	20.86	--	37	77182	买盘
10:40:54	20.86	--	1	2086	买盘
10:40:48	20.86	--	5	10430	买盘
10:40:36	20.86	--	17	35462	卖盘
10:40:30	20.86	--	50	104300	卖盘
10:40:27	20.86	-0.01	5	10430	卖盘
10:40:24	20.87	0.01	12	25044	买盘
10:40:21	20.86	--	10	20860	卖盘
10:40:18	20.86	--	67	139762	卖盘
10:40:15	20.86	-0.01	1	2086	卖盘
10:40:12	20.87	0.01	7	14609	买盘
10:40:06	20.86	--	8	16688	卖盘
10:40:03	20.86	-0.01	17	35462	卖盘
10:40:00	20.87	--	25	52175	买盘
10:39:57	20.87	--	16	33392	买盘
10:39:51	20.87	--	46	96002	买盘
10:39:48	20.87	--	4	8348	买盘
10:39:45	20.87	--	17	35479	买盘
10:39:42	20.87	--	1	2087	买盘
10:39:36	20.87	--	3	6261	买盘
10:39:33	20.87	--	13	27131	买盘
10:39:30	20.87	--	16	33392	买盘
10:39:24	20.87	0.01	186	388182	买盘
10:39:21	20.86	--	5	10430	卖盘
10:39:18	20.86	-0.01	5	10430	卖盘
10:39:12	20.87	0.01	3	6261	买盘
10:39:09	20.86	-0.01	3	6258	卖盘
10:39:03	20.87	0.01	42	87654	买盘
10:38:51	20.86	--	10	20860	卖盘
10:38:48	20.86	0.01	10	20860	中性盘
10:38:39	20.85	-0.01	225	469333	卖盘
10:38:36	20.86	--	26	54236	买盘
10:38:33	20.86	--	5	10430	买盘
10:38:30	20.86	--	5	10430	买盘
10:38:18	20.86	--	4	10221	卖盘
10:38:15	20.86	--	40	83440	卖盘
10:38:12	20.86	--	16	33584	买盘
10:38:09	20.86	0.01	191	398426	买盘
10:38:06	20.85	--	10	20850	买盘
10:38:03	20.85	0.01	17	35445	买盘
10:38:00	20.84	-0.02	119	249871	卖盘
10:37:57	20.86	--	5	10430	买盘
10:37:51	20.86	--	1	2086	买盘
10:37:45	20.86	0.01	49	102214	买盘
10:37:42	20.85	--	13	27313	买盘
10:37:39	20.85	--	26	54210	买盘
10:37:30	20.85	--	5	10425	买盘
10:37:27	20.85	0.01	12	25020	买盘
10:37:21	20.84	--	2	4168	卖盘
10:37:18	20.84	--	20	41680	卖盘
10:37:12	20.84	--	26	54184	卖盘
10:37:09	20.84	--	3	6252	卖盘
10:37:03	20.84	--	55	114620	卖盘
10:37:00	20.84	--	56	116704	卖盘
10:36:57	20.84	--	3	6252	卖盘
10:36:54	20.84	0.03	307	639788	买盘
10:36:51	20.81	-0.02	8	16648	卖盘
10:36:48	20.83	0.01	12	24995	买盘
10:36:45	20.82	-0.01	2	4164	中性盘
10:36:36	20.83	0.01	6	12497	买盘
10:36:33	20.82	--	16	33312	卖盘
10:36:30	20.82	--	15	31230	卖盘
10:36:27	20.82	-0.02	11	22902	卖盘
10:36:21	20.84	0.02	7	14588	买盘
10:36:18	20.82	-0.01	10	20820	卖盘
10:36:12	20.83	--	22	45825	买盘
10:36:09	20.83	--	11	22912	卖盘
10:36:06	20.83	--	45	93734	卖盘
10:36:03	20.83	-0.01	6	12497	卖盘
10:36:00	20.84	--	28	58352	买盘
10:35:57	20.84	--	10	20840	买盘
10:35:54	20.84	--	1	2084	买盘
10:35:51	20.84	-0.01	6	12504	卖盘
10:35:48	20.85	0.01	10	20850	买盘
10:35:45	20.84	--	15	31260	卖盘
10:35:42	20.84	--	3	6252	卖盘
10:35:33	20.84	-0.01	3	6252	卖盘
10:35:27	20.85	0.01	2	4170	买盘
10:35:18	20.84	--	14	29176	卖盘
10:35:15	20.84	0.01	16	33344	买盘
10:35:09	20.83	-0.01	24	49991	卖盘
10:35:06	20.84	--	42	87528	买盘
10:35:03	20.84	--	1	2084	买盘
10:35:00	20.84	0.01	21	43764	买盘
10:34:57	20.83	--	20	41660	买盘
10:34:54	20.83	--	34	70822	卖盘
10:34:51	20.83	--	10	20830	卖盘
10:34:42	20.83	--	3	6248	卖盘
10:34:39	20.83	--	24	49991	买盘
10:34:36	20.83	0.01	12	24995	买盘
10:34:33	20.82	--	43	89526	卖盘
10:34:27	20.82	-0.01	15	31230	卖盘
10:34:21	20.83	0.01	36	74988	买盘
10:34:12	20.82	0.01	1	2082	卖盘
10:34:09	20.81	-0.03	5	10405	卖盘
10:34:06	20.84	0.03	10	20840	买盘
10:34:03	20.81	--	7	14567	卖盘
10:33:57	20.81	--	10	20810	卖盘
10:33:48	20.81	0.01	10	20810	中性盘
10:33:45	20.8	--	12	24960	卖盘
10:33:42	20.8	--	4	8320	卖盘
10:33:39	20.8	--	4	8320	卖盘
10:33:36	20.8	--	32	66560	卖盘
10:33:33	20.8	--	11	22880	卖盘
10:33:30	20.8	-0.01	30	62400	卖盘
10:33:27	20.81	0.01	1	2081	中性盘
10:33:21	20.8	-0.01	10	20800	卖盘
10:33:15	20.81	--	13	27053	买盘
10:33:12	20.81	--	4	8324	卖盘
10:33:09	20.81	-0.03	2	4162	卖盘
10:33:06	20.84	0.03	4	8336	买盘
10:33:03	20.81	--	3	6243	卖盘
10:32:57	20.81	-0.04	15	31214	卖盘
10:32:48	20.85	--	5	10425	买盘
10:32:45	20.85	--	33	70681	卖盘
10:32:42	20.85	-0.01	1	2085	卖盘
10:32:39	20.86	0.01	5	10430	买盘
10:32:36	20.85	--	1	2085	卖盘
10:32:33	20.85	--	11	22935	卖盘
10:32:30	20.85	--	3	6255	卖盘
10:32:27	20.85	--	5	10425	卖盘
10:32:21	20.85	--	5	10425	卖盘
10:32:18	20.85	--	1	2085	卖盘
10:32:12	20.85	-0.02	53	110505	卖盘
10:32:09	20.87	--	2	4174	买盘
10:32:06	20.87	0.01	5	10435	买盘
10:32:03	20.86	-0.01	5	10430	卖盘
10:32:00	20.87	-0.02	18	37566	卖盘
10:31:57	20.89	--	5	10445	买盘
10:31:45	20.89	--	27	56403	买盘
10:31:39	20.89	--	27	56403	卖盘
10:31:33	20.89	0.04	2	4178	中性盘
10:31:27	20.85	-0.03	98	204538	卖盘
10:31:24	20.88	--	3	6264	卖盘
10:31:18	20.88	-0.01	17	35496	卖盘
10:31:12	20.89	--	5	10445	买盘
10:31:09	20.89	-0.01	4	8356	卖盘
10:31:06	20.9	--	12	25080	买盘
10:31:03	20.9	0.01	4	8360	买盘
10:31:00	20.89	-0.01	33	68937	卖盘
10:30:51	20.9	-0.01	10	20900	中性盘
10:30:48	20.91	0.01	164	342924	买盘
10:30:45	20.9	--	7	14629	卖盘
10:30:42	20.9	--	12	25080	卖盘
10:30:39	20.9	--	2	4180	卖盘
10:30:33	20.9	-0.01	170	355300	卖盘
10:30:30	20.91	-0.01	29	60639	卖盘
10:30:27	20.92	--	26	54392	买盘
10:30:24	20.92	--	17	35564	买盘
10:30:21	20.92	--	12	25104	买盘
10:30:18	20.92	--	1	2092	买盘
10:30:15	20.92	--	20	41840	买盘
10:30:12	20.92	--	22	46024	买盘
10:30:06	20.92	-0.01	14	29288	卖盘
10:30:03	20.93	0.01	3	6279	买盘
10:30:00	20.92	--	47	98324	卖盘
10:29:57	20.92	--	19	39748	卖盘
10:29:54	20.92	-0.01	6	12552	卖盘
10:29:51	20.93	0.01	28	58604	买盘
10:29:48	20.92	--	114	238488	卖盘
10:29:45	20.92	-0.01	37	77404	卖盘
10:29:42	20.93	0.01	12	25116	买盘
10:29:39	20.92	--	14	29288	卖盘
10:29:36	20.92	-0.01	2	4184	卖盘
10:29:33	20.93	0.02	20	41860	买盘
10:29:30	20.91	-0.02	15	31365	卖盘
10:29:27	20.93	0.01	104	217672	买盘
10:29:24	20.92	--	20	41840	买盘
10:29:21	20.92	--	10	20920	买盘
10:29:15	20.92	0.02	30	62760	买盘
10:29:12	20.9	-0.01	150	313500	卖盘
10:29:09	20.91	0.01	9	18819	买盘
10:29:03	20.9	--	61	127489	买盘
10:29:00	20.9	--	112	234079	买盘
10:28:54	20.9	--	3	6270	买盘
10:28:48	20.9	0.01	2	4180	买盘
10:28:45	20.89	--	12	25068	卖盘
10:28:42	20.89	0.01	75	156675	买盘
10:28:39	20.88	--	2	4176	买盘
10:28:36	20.88	-0.01	21	43848	卖盘
10:28:33	20.89	0.01	10	20890	买盘
10:28:30	20.88	0.01	22	45936	买盘
10:28:27	20.87	-0.01	15	31305	卖盘
10:28:24	20.88	0.01	35	73080	买盘
10:28:21	20.87	-0.01	19	39653	卖盘
10:28:18	20.88	--	5	10440	买盘
10:28:15	20.88	0.01	27	56376	买盘
10:28:12	20.87	--	10	20870	卖盘
10:28:09	20.87	-0.01	3	6261	卖盘
10:28:06	20.88	0.01	33	68904	买盘
10:28:03	20.87	--	16	33392	卖盘
10:28:00	20.87	--	63	131481	买盘
10:27:57	20.87	--	50	104350	买盘
10:27:54	20.87	--	1	2087	买盘
10:27:48	20.87	0.01	25	52175	买盘
10:27:42	20.86	--	1	2086	买盘
10:27:39	20.86	--	26	54236	买盘
10:27:36	20.86	0.01	60	125160	买盘
10:27:33	20.85	--	20	41700	卖盘
10:27:24	20.85	--	10	20850	卖盘
10:27:21	20.85	0.01	139	289815	买盘
10:27:18	20.84	--	4	8336	卖盘
10:27:09	20.84	--	15	31260	买盘
10:27:03	20.84	--	50	104200	买盘
10:26:57	20.84	--	1	2084	买盘
10:26:54	20.84	0.01	12	25008	买盘
10:26:51	20.83	--	25	52074	卖盘
10:26:45	20.83	--	1	2083	卖盘
10:26:42	20.83	-0.01	4	8332	卖盘
10:26:39	20.84	--	2	4168	卖盘
10:26:36	20.84	0.01	24	50016	买盘
10:26:30	20.83	-0.01	52	108315	卖盘
10:26:27	20.84	0.02	2	4168	买盘
10:26:24	20.82	--	7	14574	卖盘
10:26:21	20.82	-0.01	13	27066	卖盘
10:26:18	20.83	0.01	9	18747	卖盘
10:26:15	20.82	-0.01	29	60378	卖盘
10:26:12	20.83	0.01	37	78362	买盘
10:26:09	20.82	-0.01	24	49968	卖盘
10:26:06	20.83	0.01	2	4166	买盘
10:26:00	20.82	-0.01	21	43722	卖盘
10:25:57	20.83	--	5	10415	买盘
10:25:51	20.83	0.02	20	41660	买盘
10:25:45	20.81	-0.01	28	58268	卖盘
10:25:42	20.82	-0.01	19	39558	买盘
10:25:39	20.83	0.01	70	145810	买盘
10:25:36	20.82	0.01	5	10410	买盘
10:25:33	20.81	--	9	18729	卖盘
10:25:30	20.81	-0.01	1	2081	卖盘
10:25:27	20.82	--	13	27066	买盘
10:25:24	20.82	0.01	6	12492	买盘
10:25:18	20.81	-0.01	14	29134	卖盘
10:25:12	20.82	0.02	100	208200	买盘
10:25:09	20.8	--	47	97760	卖盘
10:25:03	20.8	--	5	10400	卖盘
10:24:57	20.8	0.04	51	106080	买盘
10:24:54	20.76	-0.04	16	33216	卖盘
10:24:45	20.8	--	1	2080	买盘
10:24:30	20.8	-0.01	26	54080	卖盘
10:24:27	20.81	0.01	14	29134	买盘
10:24:24	20.8	--	1	2080	卖盘
10:24:15	20.8	--	1	2080	卖盘
10:24:12	20.8	--	370	769600	卖盘
10:24:06	20.8	-0.01	20	41600	卖盘
10:24:03	20.81	0.01	3	6243	买盘
10:24:00	20.8	-0.01	7	14560	卖盘
10:23:51	20.81	-0.01	15	31214	卖盘
10:23:36	20.82	--	11	23693	卖盘
10:23:33	20.82	--	0	208	卖盘
10:23:27	20.82	--	10	20820	卖盘
10:23:24	20.82	--	2	4164	卖盘
10:23:21	20.82	0.01	115	239430	买盘
10:23:18	20.81	--	66	138428	卖盘
10:23:15	20.81	-0.01	2	4162	卖盘
10:23:09	20.82	0.01	10	20820	买盘
10:23:03	20.81	--	20	41620	买盘
10:22:54	20.81	--	1	2081	买盘
10:22:51	20.81	0.01	10	20810	买盘
10:22:45	20.8	-0.01	2	4160	卖盘
10:22:36	20.81	0.01	1	2081	买盘
10:22:33	20.8	--	65	135200	卖盘
10:22:30	20.8	--	3	6240	卖盘
10:22:15	20.8	--	15	31200	买盘
10:22:09	20.8	0.03	102	212160	买盘
10:22:03	20.77	-0.03	1	2077	卖盘
10:21:57	20.8	--	2	4160	买盘
10:21:54	20.8	0.03	53	110240	买盘
10:21:48	20.77	-0.03	0	1017	卖盘
10:21:45	20.8	--	19	39520	买盘
10:21:39	20.8	--	5	10400	买盘
10:21:36	20.8	--	7	14560	买盘
10:21:33	20.8	0.03	2	4160	买盘
10:21:24	20.77	-0.03	11	22847	卖盘
10:21:12	20.8	--	1	2080	买盘
10:21:09	20.8	--	6	12480	买盘
10:21:03	20.8	0.04	11	22921	买盘
10:20:51	20.76	0.01	2	4152	中性盘
10:20:36	20.75	--	2	4150	买盘
10:20:33	20.75	--	4	8300	买盘
10:20:30	20.75	--	12	24900	买盘
10:20:27	20.75	0.01	45	93375	买盘
10:20:24	20.74	--	58	120291	卖盘
10:20:18	20.74	--	17	35258	买盘
10:20:12	20.74	--	3	6221	买盘
10:20:03	20.74	--	14	29035	买盘
10:19:54	20.74	--	11	22814	买盘
10:19:51	20.74	0.01	2	4148	买盘
10:19:42	20.73	-0.01	6	12438	中性盘
10:19:27	20.74	0.02	5	10370	买盘
10:19:24	20.72	-0.02	30	62160	卖盘
10:19:15	20.74	--	10	20740	卖盘
10:19:09	20.74	--	4	8296	卖盘
10:19:03	20.74	--	20	41480	卖盘
10:19:00	20.74	-0.01	26	53923	卖盘
10:18:48	20.75	--	7	14525	买盘
10:18:42	20.75	--	42	87150	卖盘
10:18:39	20.75	--	10	20750	卖盘
10:18:36	20.75	--	32	66400	卖盘
10:18:33	20.75	--	2	4150	卖盘
10:18:30	20.75	--	12	24900	卖盘
10:18:27	20.75	-0.01	1	2075	卖盘
10:18:21	20.76	--	7	14532	买盘
10:18:18	20.76	-0.01	51	105876	卖盘
10:18:09	20.77	-0.01	9	18693	卖盘
10:17:57	20.78	--	8	16624	卖盘
10:17:45	20.78	-0.02	5	10390	卖盘
10:17:42	20.8	--	2	4160	买盘
10:17:39	20.8	0.02	90	187200	买盘
10:17:27	20.78	-0.02	90	187020	卖盘
10:17:21	20.8	-0.01	10	20800	中性盘
10:17:18	20.81	--	8	16648	卖盘
10:17:15	20.81	0.03	2	4162	中性盘
10:17:09	20.78	-0.03	423	878994	卖盘
10:17:06	20.81	--	11	22891	买盘
10:16:57	20.81	0.01	40	83240	买盘
10:16:54	20.8	--	10	20800	买盘
10:16:51	20.8	-0.01	96	199680	卖盘
10:16:48	20.81	-0.01	10	20810	卖盘
10:16:42	20.82	0.01	14	29148	买盘
10:16:39	20.81	--	2	4162	卖盘
10:16:33	20.81	-0.01	5	10405	卖盘
10:16:30	20.82	0.01	92	191544	买盘
10:16:24	20.81	--	1	2081	买盘
10:16:21	20.81	--	1	2081	买盘
10:16:12	20.81	-0.01	2	4162	中性盘
10:16:06	20.82	--	1	2082	买盘
10:16:03	20.82	0.02	1	2082	买盘
10:15:57	20.8	-0.02	1	2080	卖盘
10:15:54	20.82	0.02	34	70788	买盘
10:15:45	20.8	-0.01	4	8320	卖盘
10:15:39	20.81	0.01	1	2081	买盘
10:15:30	20.8	--	6	12480	卖盘
10:15:27	20.8	--	3	6240	卖盘
10:15:24	20.8	--	5	10400	卖盘
10:15:21	20.8	--	34	70720	卖盘
10:15:18	20.8	--	5	10400	卖盘
10:15:12	20.8	0.01	39	81120	买盘
10:15:09	20.79	--	25	51975	卖盘
10:15:06	20.79	-0.01	31	64449	卖盘
10:15:00	20.8	--	7	14560	买盘
10:14:57	20.8	0.01	20	41600	买盘
10:14:54	20.79	-0.01	4	8316	卖盘
10:14:45	20.8	--	11	22880	买盘
10:14:39	20.8	0.01	96	199680	买盘
10:14:36	20.79	-0.02	246	511434	卖盘
10:14:33	20.81	0.01	3	6243	中性盘
10:14:24	20.8	-0.01	24	49920	卖盘
10:14:21	20.81	-0.01	10	20810	卖盘
10:14:18	20.82	--	4	8328	买盘
10:14:12	20.82	--	10	20820	买盘
10:14:09	20.82	0.01	5	10410	买盘
10:14:03	20.81	--	16	33296	卖盘
10:13:57	20.81	-0.01	6	12486	卖盘
10:13:54	20.82	0.01	3	6246	买盘
10:13:51	20.81	--	38	79078	卖盘
10:13:48	20.81	--	7	14567	卖盘
10:13:36	20.81	-0.01	32	66592	卖盘
10:13:33	20.82	0.01	1	2082	中性盘
10:13:24	20.81	--	12	24972	卖盘
10:13:21	20.81	-0.02	3	6243	卖盘
10:13:18	20.83	--	2	4166	中性盘
10:13:09	20.83	--	5	10415	卖盘
10:13:06	20.83	-0.01	15	31244	中性盘
10:13:00	20.84	-0.01	10	20840	买盘
10:12:57	20.85	0.05	67	139695	买盘
10:12:54	20.8	-0.03	33	68640	卖盘
10:12:45	20.83	-0.01	1	2083	中性盘
10:12:39	20.84	--	24	50016	买盘
10:12:36	20.84	--	40	83360	买盘
10:12:33	20.84	0.04	6	12504	中性盘
10:12:30	20.8	-0.04	207	430560	卖盘
10:12:27	20.84	--	8	16672	卖盘
10:12:24	20.84	-0.01	4	8336	卖盘
10:12:21	20.85	0.01	50	104250	买盘
10:12:18	20.84	-0.01	22	45848	卖盘
10:12:15	20.85	--	3	6255	买盘
10:12:12	20.85	--	38	79230	买盘
10:12:09	20.85	--	74	154290	买盘
10:12:06	20.85	0.01	22	45870	买盘
10:12:03	20.84	-0.01	5	10420	中性盘
10:12:00	20.85	--	3	6255	买盘
10:11:57	20.85	--	4	8340	买盘
10:11:51	20.85	0.02	13	27105	买盘
10:11:48	20.83	-0.02	3	6248	中性盘
10:11:45	20.85	0.04	94	195990	买盘
10:11:42	20.81	-0.01	55	114455	卖盘
10:11:39	20.82	0.01	2	4164	买盘
10:11:36	20.81	--	5	10405	卖盘
10:11:30	20.81	--	4	8324	卖盘
10:11:27	20.81	0.01	20	41620	买盘
10:11:24	20.8	-0.01	57	118560	卖盘
10:11:21	20.81	0.01	27	56187	买盘
10:11:18	20.8	--	11	22880	卖盘
10:11:15	20.8	0.01	17	35360	买盘
10:11:12	20.79	--	9	18711	卖盘
10:11:09	20.79	-0.01	35	72765	卖盘
10:11:06	20.8	--	21	43680	买盘
10:11:03	20.8	--	57	118560	买盘
10:11:00	20.8	--	40	83200	买盘
10:10:57	20.8	--	50	104000	买盘
10:10:54	20.8	--	6	12480	买盘
10:10:51	20.8	--	32	66560	买盘
10:10:48	20.8	--	118	245440	买盘
10:10:45	20.8	--	2	4160	买盘
10:10:42	20.8	--	10	20800	买盘
10:10:39	20.8	0.01	1	2080	买盘
10:10:27	20.79	0.01	2	4158	卖盘
10:10:24	20.78	-0.01	61	126758	卖盘
10:10:21	20.79	0.01	107	222453	买盘
10:10:18	20.78	-0.01	50	103900	卖盘
10:10:15	20.79	0.01	1	2079	买盘
10:09:57	20.78	--	6	12468	买盘
10:09:54	20.78	--	16	33248	买盘
10:09:48	20.78	0.01	38	78964	买盘
10:09:42	20.77	--	11	22847	卖盘
10:09:36	20.77	0.01	37	76849	买盘
10:09:27	20.76	--	4	8304	卖盘
10:09:24	20.76	--	7	14532	买盘
10:09:21	20.76	--	1	2076	卖盘
10:09:18	20.76	--	30	62280	卖盘
10:09:15	20.76	--	5	10380	卖盘
10:09:09	20.76	--	24	49824	买盘
10:08:54	20.76	0.02	67	139092	买盘
10:08:51	20.74	--	1	2074	买盘
10:08:45	20.74	--	8	16592	买盘
10:08:36	20.74	--	16	33184	卖盘
10:08:21	20.74	0.02	6	12443	买盘
10:08:18	20.72	-0.02	1	2072	中性盘
10:08:12	20.74	0.03	5	10370	买盘
10:08:09	20.71	-0.03	15	31065	卖盘
10:08:00	20.74	--	44	91256	买盘
10:07:51	20.74	--	4	8296	买盘
10:07:45	20.74	--	14	29035	买盘
10:07:42	20.74	--	1	2074	买盘
10:07:33	20.74	0.03	1	2074	买盘
10:07:30	20.71	-0.03	3	6213	卖盘
10:07:21	20.74	0.03	9	18666	买盘
10:07:12	20.71	-0.03	1	2071	中性盘
10:07:03	20.74	0.03	10	20740	买盘
10:07:00	20.71	-0.03	12	24852	卖盘
10:06:54	20.74	0.03	10	20740	买盘
10:06:51	20.71	-0.03	2	4142	卖盘
10:06:48	20.74	--	1	2074	买盘
10:06:33	20.74	-0.01	1	2074	买盘
10:06:21	20.75	--	23	47725	卖盘
10:06:18	20.75	--	23	47725	买盘
10:06:15	20.75	--	31	64325	买盘
10:06:09	20.75	--	3	6225	中性盘
10:06:03	20.75	--	16	33200	买盘
10:06:00	20.75	--	10	20750	买盘
10:05:54	20.75	0.01	10	20750	买盘
10:05:51	20.74	--	8	16592	卖盘
10:05:48	20.74	-0.01	5	10370	卖盘
10:05:39	20.75	0.01	1	2075	买盘
10:05:33	20.74	-0.01	18	37332	卖盘
10:05:30	20.75	0.01	36	74700	买盘
10:05:27	20.74	-0.01	10	20740	卖盘
10:05:21	20.75	0.01	7	14525	买盘
10:05:18	20.74	-0.01	11	22814	卖盘
10:05:12	20.75	0.01	10	20750	买盘
10:05:09	20.74	--	9	18666	卖盘
10:05:03	20.74	--	5	10370	卖盘
10:05:00	20.74	--	5	10370	卖盘
10:04:54	20.74	--	10	20740	卖盘
10:04:48	20.74	--	36	74664	买盘
10:04:45	20.74	0.02	1	2074	买盘
10:04:39	20.72	-0.02	2	4144	卖盘
10:04:27	20.74	--	15	31109	买盘
10:04:15	20.74	0.01	3	6221	买盘
10:04:12	20.73	--	6	12438	卖盘
10:04:06	20.73	--	3	6219	卖盘
10:04:03	20.73	--	8	16584	卖盘
10:03:57	20.73	--	5	10365	卖盘
10:03:48	20.73	--	2	4146	卖盘
10:03:45	20.73	--	14	29022	买盘
10:03:42	20.73	0.02	1	2073	买盘
10:03:33	20.71	--	2	4142	卖盘
10:03:21	20.71	0.01	5	10355	中性盘
10:03:12	20.7	--	10	20700	卖盘
10:03:09	20.7	--	2	4140	卖盘
10:03:06	20.7	--	9	18630	卖盘
10:02:57	20.7	--	6	12420	卖盘
10:02:51	20.7	--	1	2070	卖盘
10:02:48	20.7	-0.01	10	20700	卖盘
10:02:42	20.71	-0.03	51	105621	卖盘
10:02:39	20.74	--	7	14517	买盘
10:02:30	20.74	0.01	9	18666	买盘
10:02:27	20.73	--	13	26949	买盘
10:02:18	20.73	--	17	35241	卖盘
10:02:12	20.73	-0.02	2	4146	卖盘
10:02:03	20.75	0.01	27	56025	买盘
10:02:00	20.74	--	15	31109	卖盘
10:01:57	20.74	-0.01	12	24887	卖盘
10:01:54	20.75	--	31	64325	买盘
10:01:39	20.75	--	1	2075	买盘
10:01:36	20.75	0.01	7	14525	买盘
10:01:33	20.74	--	3	6221	卖盘
10:01:30	20.74	--	3	6221	买盘
10:01:27	20.74	0.01	12	24887	买盘
10:01:21	20.73	--	4	8292	卖盘
10:01:18	20.73	0.03	14	29022	买盘
10:01:09	20.7	0.01	5	10805	买盘
10:01:06	20.69	-0.01	31	64139	卖盘
10:00:54	20.7	-0.05	294	610194	卖盘
10:00:48	20.75	--	40	83000	买盘
10:00:45	20.75	--	1	2075	买盘
10:00:42	20.75	--	14	29050	卖盘
10:00:39	20.75	-0.01	9	18675	卖盘
10:00:36	20.76	--	69	143244	买盘
10:00:33	20.76	0.01	30	62280	买盘
10:00:30	20.75	--	35	72625	卖盘
10:00:27	20.75	-0.01	20	41500	卖盘
10:00:24	20.76	--	3	6228	买盘
10:00:21	20.76	-0.01	27	56052	卖盘
10:00:18	20.77	0.01	35	72695	买盘
10:00:15	20.76	--	3	6228	卖盘
10:00:12	20.76	--	4	8304	卖盘
10:00:09	20.76	--	1	2076	卖盘
10:00:06	20.76	-0.01	47	97572	卖盘
10:00:03	20.77	0.01	21	43617	买盘
10:00:00	20.76	--	56	116256	卖盘
09:59:57	20.76	-0.01	52	107952	中性盘
09:59:54	20.77	0.01	210	436170	买盘
09:59:48	20.76	--	1	2076	买盘
09:59:45	20.76	--	41	85116	卖盘
09:59:42	20.76	--	11	22836	卖盘
09:59:39	20.76	--	6	12456	买盘
09:59:36	20.76	--	3	6228	卖盘
09:59:33	20.76	-0.01	22	45672	买盘
09:59:30	20.77	0.01	16	33232	买盘
09:59:24	20.76	--	202	419352	买盘
09:59:21	20.76	-0.01	7	14532	卖盘
09:59:18	20.77	--	7	14539	买盘
09:59:15	20.77	--	1	2077	买盘
09:59:12	20.77	-0.01	1	2077	买盘
09:59:09	20.78	0.03	10	20780	买盘
09:59:03	20.75	-0.03	5	10375	中性盘
09:59:00	20.78	0.03	60	126550	买盘
09:58:54	20.75	--	3	6225	卖盘
09:58:42	20.75	0.03	153	317682	买盘
09:58:39	20.72	-0.02	10	20720	卖盘
09:58:36	20.74	--	4	8296	买盘
09:58:33	20.74	--	3	6221	买盘
09:58:30	20.74	--	3	6221	买盘
09:58:27	20.74	--	34	72382	买盘
09:58:24	20.74	--	3	6221	买盘
09:58:21	20.74	0.01	6	12443	买盘
09:58:18	20.73	--	10	20730	卖盘
09:58:15	20.73	--	3	6219	卖盘
09:58:12	20.73	0.01	11	23010	买盘
09:58:06	20.72	-0.01	6	12432	卖盘
09:58:03	20.73	--	6	14303	卖盘
09:58:00	20.73	0.02	4	8499	买盘
09:57:51	20.71	--	76	157396	卖盘
09:57:48	20.71	0.01	6	12426	买盘
09:57:39	20.7	--	39	81185	买盘
09:57:36	20.7	--	10	20700	买盘
09:57:30	20.7	0.01	4	8280	买盘
09:57:27	20.69	-0.01	20	41380	卖盘
09:57:21	20.7	0.01	6	12420	买盘
09:57:15	20.69	-0.01	12	24828	中性盘
09:57:06	20.7	0.02	24	49680	买盘
09:56:57	20.68	-0.01	48	99264	卖盘
09:56:51	20.69	0.01	38	78622	买盘
09:56:48	20.68	--	54	111672	卖盘
09:56:30	20.68	-0.01	3	6204	中性盘
09:56:18	20.69	0.01	12	24828	买盘
09:56:15	20.68	-0.01	3	6204	中性盘
09:56:12	20.69	0.03	42	86898	买盘
09:56:09	20.66	--	1	2066	买盘
09:56:06	20.66	-0.04	82	169412	卖盘
09:56:03	20.7	0.02	113	233910	买盘
09:56:00	20.68	-0.01	10	20680	卖盘
09:55:57	20.69	0.01	4	8276	买盘
09:55:54	20.68	--	3	6204	买盘
09:55:48	20.68	-0.01	4	8272	中性盘
09:55:45	20.69	--	4	8276	买盘
09:55:42	20.69	0.02	6	12414	买盘
09:55:39	20.67	-0.02	9	18603	卖盘
09:55:30	20.69	--	3	6207	买盘
09:55:27	20.69	-0.01	2	4138	买盘
09:55:24	20.7	0.01	31	65784	买盘
09:55:15	20.69	--	69	142761	卖盘
09:55:09	20.69	--	26	54249	卖盘
09:55:06	20.69	--	10	20690	卖盘
09:54:57	20.69	0.01	252	521388	买盘
09:54:45	20.68	0.01	36	74448	买盘
09:54:39	20.67	0.02	3	6201	买盘
09:54:33	20.65	--	20	41300	卖盘
09:54:30	20.65	0.01	17	35105	买盘
09:54:27	20.64	-0.01	48	99072	卖盘
09:54:21	20.65	--	56	115639	卖盘
09:54:18	20.65	--	5	10325	卖盘
09:54:15	20.65	--	3	6195	卖盘
09:54:12	20.65	--	5	10325	卖盘
09:54:09	20.65	--	19	39235	买盘
09:54:00	20.65	--	50	103250	买盘
09:53:57	20.65	--	3	6195	买盘
09:53:54	20.65	0.01	3	6195	买盘
09:53:51	20.64	--	3	6192	买盘
09:53:48	20.64	-0.01	24	49536	卖盘
09:53:45	20.65	--	2	4130	卖盘
09:53:42	20.65	-0.01	5	10325	卖盘
09:53:39	20.66	--	24	49584	买盘
09:53:36	20.66	--	7	14462	买盘
09:53:33	20.66	--	11	22726	买盘
09:53:30	20.66	--	6	12396	买盘
09:53:27	20.66	-0.01	5	10330	卖盘
09:53:24	20.67	0.01	1	2067	买盘
09:53:21	20.66	--	19	39254	卖盘
09:53:18	20.66	--	34	70244	卖盘
09:53:15	20.66	-0.01	5	10330	卖盘
09:53:09	20.67	0.01	2	4134	买盘
09:53:03	20.66	-0.01	23	47518	卖盘
09:53:00	20.67	-0.01	7	14469	卖盘
09:52:57	20.68	0.01	2	4136	买盘
09:52:51	20.67	-0.01	3	6201	卖盘
09:52:48	20.68	--	4	9885	卖盘
09:52:45	20.68	-0.01	3	6638	卖盘
09:52:42	20.69	0.01	1	2069	中性盘
09:52:30	20.68	--	13	26884	卖盘
09:52:27	20.68	--	31	64128	买盘
09:52:18	20.68	--	39	80652	卖盘
09:52:15	20.68	-0.01	42	86856	卖盘
09:52:12	20.69	0.01	12	24828	买盘
09:52:03	20.68	-0.02	1	2068	卖盘
09:51:57	20.7	--	5	10350	买盘
09:51:54	20.7	-0.02	27	55890	卖盘
09:51:51	20.72	0.01	35	72520	买盘
09:51:48	20.71	-0.01	5	10355	中性盘
09:51:45	20.72	0.02	27	55944	买盘
09:51:42	20.7	-0.02	73	151110	卖盘
09:51:39	20.72	--	4	8288	买盘
09:51:30	20.72	-0.01	35	72520	卖盘
09:51:27	20.73	--	32	66336	买盘
09:51:24	20.73	0.01	1	2073	买盘
09:51:21	20.72	-0.01	17	35224	卖盘
09:51:15	20.73	-0.01	8	16584	卖盘
09:51:12	20.74	--	48	99551	买盘
09:51:09	20.74	-0.01	111	230213	卖盘
09:51:06	20.75	0.01	12	24900	买盘
09:51:03	20.74	--	56	116143	卖盘
09:51:00	20.74	-0.01	32	66368	卖盘
09:50:57	20.75	0.01	50	103750	买盘
09:50:54	20.74	--	7	14517	买盘
09:50:51	20.74	-0.01	120	248879	卖盘
09:50:48	20.75	--	2	4150	买盘
09:50:45	20.75	0.01	27	56025	买盘
09:50:42	20.74	-0.01	24	49775	卖盘
09:50:39	20.75	--	35	72625	买盘
09:50:36	20.75	--	16	33200	卖盘
09:50:33	20.75	-0.01	73	151475	卖盘
09:50:30	20.76	--	30	62280	买盘
09:50:27	20.76	-0.01	6	12456	卖盘
09:50:24	20.77	0.01	8	16616	买盘
09:50:21	20.76	-0.01	14	29064	卖盘
09:50:18	20.77	0.02	16	33232	买盘
09:50:15	20.75	--	7	14525	卖盘
09:50:12	20.75	--	4	8300	卖盘
09:50:09	20.75	0.02	79	163925	买盘
09:50:03	20.73	0.01	10	20730	卖盘
09:50:00	20.72	--	13	26936	买盘
09:49:57	20.72	-0.01	22	45584	卖盘
09:49:54	20.73	--	86	178278	买盘
09:49:51	20.73	0.01	20	41460	买盘
09:49:48	20.72	--	27	55944	买盘
09:49:45	20.72	0.01	10	20720	买盘
09:49:42	20.71	--	28	57988	卖盘
09:49:39	20.71	--	18	37278	买盘
09:49:36	20.71	0.01	19	39349	买盘
09:49:33	20.7	--	27	55890	卖盘
09:49:30	20.7	--	29	60030	卖盘
09:49:24	20.7	0.01	62	128340	买盘
09:49:15	20.69	0.01	44	91036	买盘
09:49:12	20.68	-0.01	17	35156	卖盘
09:49:09	20.69	-0.01	9	18621	中性盘
09:49:03	20.7	0.02	73	151110	买盘
09:49:00	20.68	0.02	3	6204	买盘
09:48:54	20.66	-0.02	15	30990	卖盘
09:48:51	20.68	0.02	4	8272	买盘
09:48:48	20.66	--	29	59914	卖盘
09:48:45	20.66	0.02	59	123402	买盘
09:48:39	20.64	0.01	8	16512	买盘
09:48:36	20.63	--	3	6189	卖盘
09:48:33	20.63	0.02	48	99024	买盘
09:48:30	20.61	-0.01	200	412200	卖盘
09:48:24	20.62	--	2	4124	买盘
09:48:15	20.62	--	20	41240	买盘
09:48:12	20.62	0.01	8	16496	买盘
09:48:06	20.61	--	5	10305	卖盘
09:48:03	20.61	0.01	31	63891	买盘
09:47:51	20.6	0.01	28	57680	买盘
09:47:42	20.59	-0.01	2	4118	卖盘
09:47:39	20.6	0.01	5	10300	买盘
09:47:36	20.59	-0.01	1	2059	卖盘
09:47:33	20.6	--	9	18540	买盘
09:47:24	20.6	0.01	14	28840	买盘
09:47:18	20.59	--	1	2059	卖盘
09:47:15	20.59	--	15	30885	买盘
09:47:12	20.59	--	15	30885	买盘
09:47:06	20.59	--	20	41180	买盘
09:47:00	20.59	--	2	4118	买盘
09:46:54	20.59	--	3	6177	买盘
09:46:45	20.59	--	54	111186	买盘
09:46:42	20.59	--	26	53534	买盘
09:46:39	20.59	--	5	10295	买盘
09:46:36	20.59	--	6	12354	买盘
09:46:33	20.59	--	15	30885	买盘
09:46:21	20.59	--	48	98832	买盘
09:46:15	20.59	0.01	20	41180	买盘
09:46:09	20.58	-0.01	6	12347	卖盘
09:46:06	20.59	0.01	11	22649	买盘
09:46:03	20.58	-0.01	6	12347	卖盘
09:46:00	20.59	--	42	86478	买盘
09:45:57	20.59	0.01	21	43239	买盘
09:45:54	20.58	-0.01	27	55565	卖盘
09:45:48	20.59	--	10	20590	买盘
09:45:42	20.59	--	12	24708	买盘
09:45:39	20.59	--	14	28826	买盘
09:45:36	20.59	--	5	10295	买盘
09:45:33	20.59	0.01	10	20590	买盘
09:45:30	20.58	-0.01	20	41160	卖盘
09:45:24	20.59	--	5	10295	买盘
09:45:21	20.59	0.01	1	2059	买盘
09:45:15	20.58	--	10	20580	卖盘
09:45:09	20.58	--	10	20580	卖盘
09:45:00	20.58	0.01	100	205799	买盘
09:44:57	20.57	-0.01	6	13370	卖盘
09:44:54	20.58	--	20	41160	买盘
09:44:48	20.58	0.01	5	10290	买盘
09:44:45	20.57	-0.01	3	6171	卖盘
09:44:42	20.58	--	13	26753	买盘
09:44:36	20.58	0.02	50	102899	买盘
09:44:33	20.56	-0.01	5	10280	卖盘
09:44:30	20.57	--	10	20570	买盘
09:44:24	20.57	0.01	1	2057	中性盘
09:44:18	20.56	--	16	32896	卖盘
09:44:09	20.56	--	26	53456	卖盘
09:44:06	20.56	--	21	43176	卖盘
09:44:03	20.56	--	2	4112	卖盘
09:44:00	20.56	-0.01	113	232328	卖盘
09:43:54	20.57	--	7	14399	买盘
09:43:48	20.57	0.01	5	10285	买盘
09:43:42	20.56	-0.01	1	2056	卖盘
09:43:39	20.57	0.01	5	10285	买盘
09:43:33	20.56	-0.01	3	6168	卖盘
09:43:27	20.57	--	5	10285	买盘
09:43:21	20.57	0.01	22	45254	买盘
09:43:15	20.56	--	15	30839	买盘
09:43:12	20.56	--	22	45232	买盘
09:43:09	20.56	--	20	41120	卖盘
09:43:00	20.56	0.01	20	41120	买盘
09:42:51	20.55	-0.01	47	96585	卖盘
09:42:48	20.56	--	6	12336	买盘
09:42:45	20.56	0.01	8	16448	买盘
09:42:42	20.55	--	1	2055	卖盘
09:42:39	20.55	--	7	14385	卖盘
09:42:36	20.55	-0.01	53	108915	卖盘
09:42:33	20.56	--	2	4112	买盘
09:42:30	20.56	0.01	48	98688	买盘
09:42:27	20.55	-0.01	14	28770	卖盘
09:42:24	20.56	--	23	47288	买盘
09:42:21	20.56	--	5	10280	买盘
09:42:18	20.56	--	4	8224	买盘
09:42:09	20.56	0.01	2	4112	买盘
09:42:03	20.55	--	28	57540	卖盘
09:42:00	20.55	--	35	71925	卖盘
09:41:48	20.55	-0.01	10	20550	卖盘
09:41:42	20.56	-0.01	2	4112	卖盘
09:41:39	20.57	--	1	2057	买盘
09:41:33	20.57	--	9	18513	卖盘
09:41:24	20.57	0.02	6	12342	买盘
09:41:18	20.55	-0.02	17	34935	卖盘
09:41:15	20.57	0.02	10	20570	买盘
09:41:00	20.55	-0.02	1	2055	卖盘
09:40:57	20.57	0.02	4	8228	买盘
09:40:39	20.55	--	2	4110	卖盘
09:40:36	20.55	0.01	8	16440	买盘
09:40:33	20.54	-0.01	15	30810	卖盘
09:40:30	20.55	--	20	41100	买盘
09:40:24	20.55	0.01	2	4110	买盘
09:40:15	20.54	-0.01	5	10270	卖盘
09:40:06	20.55	--	41	84255	买盘
09:40:03	20.55	-0.03	51	106428	卖盘
09:39:57	20.58	--	13	26753	买盘
09:39:48	20.58	0.01	5	10290	买盘
09:39:39	20.57	--	5	10285	卖盘
09:39:36	20.57	--	16	32912	买盘
09:39:33	20.57	--	84	172788	买盘
09:39:30	20.57	0.01	8	16887	买盘
09:39:24	20.56	--	6	12336	卖盘
09:39:18	20.56	--	2	4112	卖盘
09:39:15	20.56	0.01	24	49344	买盘
09:39:03	20.55	--	9	18495	买盘
09:38:54	20.55	0.01	3	6165	买盘
09:38:51	20.54	--	96	197184	买盘
09:38:48	20.54	--	38	78052	买盘
09:38:45	20.54	--	20	41080	买盘
09:38:39	20.54	--	1	2054	买盘
09:38:36	20.54	--	2	4108	买盘
09:38:30	20.54	-0.01	6	12324	买盘
09:38:27	20.55	0.02	1	2055	中性盘
09:38:21	20.53	-0.01	5	10265	卖盘
09:38:18	20.54	--	1	2054	买盘
09:38:15	20.54	--	17	34918	卖盘
09:38:09	20.54	-0.02	3	6162	买盘
09:38:06	20.56	--	21	43176	买盘
09:38:03	20.56	0.04	10	20560	买盘
09:37:57	20.52	-0.04	130	266760	卖盘
09:37:54	20.56	0.02	1	2056	买盘
09:37:51	20.54	--	2	4108	买盘
09:37:48	20.54	--	1	2054	买盘
09:37:45	20.54	--	36	73944	买盘
09:37:42	20.54	--	5	10270	买盘
09:37:36	20.54	--	1	2054	买盘
09:37:33	20.54	--	34	69836	买盘
09:37:24	20.54	--	1	2054	买盘
09:37:18	20.54	--	25	51350	买盘
09:37:15	20.54	0.01	4	8216	买盘
09:37:12	20.53	-0.01	10	20530	卖盘
09:37:06	20.54	0.01	11	22594	买盘
09:37:03	20.53	--	25	51325	卖盘
09:36:57	20.53	-0.03	40	82120	卖盘
09:36:54	20.56	--	15	30839	卖盘
09:36:45	20.56	0.02	13	26728	中性盘
09:36:42	20.54	-0.04	1	2054	卖盘
09:36:39	20.58	0.02	151	310758	买盘
09:36:30	20.56	-0.01	52	106912	卖盘
09:36:27	20.57	0.04	32	65824	中性盘
09:36:21	20.53	-0.05	150	307950	卖盘
09:36:09	20.58	0.02	3	6173	买盘
09:36:06	20.56	-0.02	28	57568	卖盘
09:36:03	20.58	--	10	20580	买盘
09:36:00	20.58	--	1	2058	买盘
09:35:57	20.58	-0.02	15	30869	卖盘
09:35:54	20.6	0.02	25	51500	买盘
09:35:48	20.58	-0.02	47	96725	卖盘
09:35:42	20.6	--	100	206000	买盘
09:35:36	20.6	0.02	41	84460	买盘
09:35:33	20.58	-0.02	2	4116	卖盘
09:35:27	20.6	0.02	22	45320	买盘
09:35:21	20.58	-0.02	47	96725	卖盘
09:35:18	20.6	--	60	123600	卖盘
09:35:15	20.6	--	3	6180	卖盘
09:35:12	20.6	-0.01	13	26780	卖盘
09:35:09	20.61	--	13	26793	卖盘
09:35:06	20.61	--	46	94806	卖盘
09:35:03	20.61	-0.02	4	8244	卖盘
09:34:54	20.63	--	15	30945	卖盘
09:34:51	20.63	--	10	20630	卖盘
09:34:45	20.63	0.03	12	24756	买盘
09:34:36	20.6	-0.05	6	12360	卖盘
09:34:33	20.65	--	16	33040	买盘
09:34:30	20.65	--	18	37170	买盘
09:34:24	20.65	0.05	5	10325	买盘
09:34:21	20.6	-0.05	3	6180	卖盘
09:34:18	20.65	0.07	5	10325	买盘
09:34:12	20.58	-0.02	2	4116	卖盘
09:34:09	20.6	0.02	10	20600	买盘
09:34:06	20.58	--	51	104957	卖盘
09:34:00	20.58	--	9	18522	卖盘
09:33:57	20.58	0.02	153	314874	买盘
09:33:48	20.56	-0.02	3	6168	卖盘
09:33:42	20.58	0.01	1	2058	买盘
09:33:39	20.57	-0.01	10	20570	中性盘
09:33:24	20.58	0.02	28	57623	买盘
09:33:21	20.56	-0.01	15	30839	卖盘
09:33:18	20.57	0.02	12	24684	买盘
09:33:06	20.55	--	3	6165	卖盘
09:32:57	20.55	-0.02	65	133575	卖盘
09:32:54	20.57	--	27	55539	卖盘
09:32:51	20.57	-0.01	2	4114	卖盘
09:32:48	20.58	0.01	53	109073	买盘
09:32:45	20.57	0.01	33	67881	买盘
09:32:39	20.56	-0.01	10	20560	卖盘
09:32:36	20.57	0.01	13	26741	买盘
09:32:33	20.56	-0.01	3	6168	卖盘
09:32:30	20.57	--	5	10285	买盘
09:32:27	20.57	--	1	2057	买盘
09:32:24	20.57	0.01	6	12342	买盘
09:32:18	20.56	-0.01	10	20560	卖盘
09:32:15	20.57	0.01	10	20570	买盘
09:32:12	20.56	-0.03	1	2056	卖盘
09:32:09	20.59	0.02	83	170897	买盘
09:32:03	20.57	0.01	5	10285	买盘
09:32:00	20.56	-0.01	2	4112	卖盘
09:31:57	20.57	--	5	10285	买盘
09:31:51	20.57	--	1	2057	买盘
09:31:48	20.57	--	11	22627	卖盘
09:31:45	20.57	-0.01	5	10285	卖盘
09:31:42	20.58	--	20	41160	买盘
09:31:39	20.58	--	26	53507	买盘
09:31:33	20.58	--	23	47333	卖盘
09:31:30	20.58	--	10	20580	卖盘
09:31:27	20.58	--	1	2058	卖盘
09:31:24	20.58	0.01	5	10290	买盘
09:31:21	20.57	-0.01	11	22627	卖盘
09:31:18	20.58	-0.02	9	18522	中性盘
09:31:03	20.6	0.02	4	8240	买盘
09:31:00	20.58	--	13	26753	卖盘
09:30:57	20.58	-0.02	2	4116	卖盘
09:30:54	20.6	--	14	28840	卖盘
09:30:48	20.6	--	3	6180	卖盘
09:30:42	20.6	-0.02	6	12360	卖盘
09:30:39	20.62	0.02	10	20620	买盘
09:30:36	20.6	--	58	119480	卖盘
09:30:24	20.6	-0.05	6	12360	卖盘
09:30:21	20.65	--	1	2065	买盘
09:30:15	20.65	0.05	2	4130	买盘
09:30:12	20.6	-0.05	1	2060	卖盘
09:30:09	20.65	--	3	6195	买盘
09:30:06	20.65	--	6	12390	买盘
09:30:03	20.65	0.09	211	435714	中性盘
09:30:00	20.56	--	0	0	卖盘
09:25:03	20.56	20.56	102	209712	买盘
