成交时间	成交价	价格变动	成交量(手)	成交额(元)	性质
15:00:03	10.61	--	304	322544	买盘
14:57:00	10.61	0.01	10	10610	买盘
14:56:57	10.6	-0.01	10	10600	卖盘
14:56:51	10.61	--	2	2122	买盘
14:56:48	10.61	-0.01	90	95490	卖盘
14:56:27	10.62	--	111	117881	买盘
14:56:21	10.62	--	32	33984	买盘
14:56:18	10.62	0.01	15	15929	买盘
14:56:15	10.61	-0.01	20	21220	卖盘
14:56:12	10.62	--	31	32922	买盘
14:56:09	10.62	--	36	38232	买盘
14:55:57	10.62	0.01	8	8496	买盘
14:55:54	10.61	-0.01	2	2122	卖盘
14:55:30	10.62	0.01	50	53099	买盘
14:55:27	10.61	--	11	11671	卖盘
14:55:21	10.61	0.01	10	10610	中性盘
14:55:15	10.6	-0.01	80	84800	卖盘
14:55:12	10.61	--	64	67904	卖盘
14:55:09	10.61	-0.01	30	31830	卖盘
14:55:06	10.62	0.02	86	91332	买盘
14:55:00	10.6	--	211	223660	卖盘
14:54:57	10.6	--	13	13780	卖盘
14:54:45	10.6	--	6	6360	卖盘
14:54:36	10.6	--	32	33920	卖盘
14:54:33	10.6	-0.01	30	31800	卖盘
14:54:27	10.61	0.01	1	1061	买盘
14:54:12	10.6	--	22	23320	卖盘
14:53:54	10.6	-0.01	20	21200	卖盘
14:53:45	10.61	0.01	1	1061	买盘
14:53:42	10.6	--	5	5300	卖盘
14:53:33	10.6	--	30	31800	卖盘
14:53:24	10.6	--	2	2120	卖盘
14:53:18	10.6	-0.01	1	1060	卖盘
14:53:15	10.61	0.01	46	48806	买盘
14:53:12	10.6	-0.01	7	7420	卖盘
14:53:03	10.61	0.01	2	2122	买盘
14:52:57	10.6	-0.01	63	66780	卖盘
14:52:54	10.61	--	50	53050	买盘
14:52:45	10.61	0.01	1	1061	买盘
14:52:33	10.6	-0.01	5	5300	卖盘
14:52:24	10.61	--	22	23342	买盘
14:52:21	10.61	--	10	10610	买盘
14:52:15	10.61	0.01	2	2122	买盘
14:52:03	10.6	--	50	53000	卖盘
14:51:57	10.6	-0.01	30	31800	卖盘
14:51:42	10.61	0.01	2	2122	买盘
14:51:30	10.6	-0.01	86	91160	卖盘
14:51:24	10.61	0.01	4	4244	买盘
14:51:21	10.6	-0.01	4	4240	卖盘
14:51:18	10.61	0.01	20	21220	买盘
14:51:09	10.6	-0.01	5	5300	卖盘
14:51:03	10.61	0.01	10	10610	买盘
14:50:54	10.6	--	20	21200	卖盘
14:50:48	10.6	-0.01	2	2120	卖盘
14:50:42	10.61	0.01	3	3183	买盘
14:50:30	10.6	0.02	11	11660	买盘
14:50:24	10.58	--	20	21160	卖盘
14:50:21	10.58	--	1	1058	卖盘
14:50:15	10.58	--	10	10580	卖盘
14:50:09	10.58	--	89	94162	卖盘
14:49:45	10.58	-0.01	2	2116	卖盘
14:49:42	10.59	0.01	13	13767	买盘
14:49:39	10.58	--	5	5290	卖盘
14:49:33	10.58	--	18	19044	买盘
14:49:03	10.58	--	6	6348	买盘
14:48:33	10.58	--	3	3174	卖盘
14:48:27	10.58	--	10	10580	卖盘
14:48:24	10.58	--	20	21160	卖盘
14:48:21	10.58	--	10	10580	卖盘
14:48:15	10.58	--	14	14812	买盘
14:48:03	10.58	--	18	19044	卖盘
14:47:45	10.58	--	1	1058	卖盘
14:47:42	10.58	0.02	1	1058	中性盘
14:46:39	10.56	-0.03	0	855	卖盘
14:46:36	10.59	--	37	39183	卖盘
14:46:33	10.59	0.03	3	3177	买盘
14:46:27	10.56	--	11	11616	卖盘
14:46:24	10.56	-0.03	5	5280	卖盘
14:46:09	10.59	--	50	52950	买盘
14:46:00	10.59	0.03	11	11649	卖盘
14:45:45	10.56	-0.04	506	534494	卖盘
14:45:42	10.6	0.01	3	3180	买盘
14:45:39	10.59	--	22	23668	卖盘
14:45:30	10.59	--	42	45219	卖盘
14:45:24	10.59	-0.01	1	1059	卖盘
14:45:18	10.6	-0.01	4	4664	卖盘
14:45:15	10.61	0.01	50	53050	买盘
14:45:09	10.6	--	30	32255	卖盘
14:45:03	10.6	--	4	4240	卖盘
14:45:00	10.6	--	10	10600	卖盘
14:44:51	10.6	--	46	49661	卖盘
14:44:39	10.6	--	11	12380	卖盘
14:44:30	10.6	--	23	24761	卖盘
14:44:21	10.6	--	6	6360	卖盘
14:44:18	10.6	-0.01	30	32573	卖盘
14:44:12	10.61	0.01	60	63660	买盘
14:44:09	10.6	--	1	1537	卖盘
14:44:00	10.6	--	2	3084	卖盘
14:43:48	10.6	--	5	6158	卖盘
14:43:39	10.6	--	5	5967	卖盘
14:43:33	10.6	--	10	10600	卖盘
14:43:30	10.6	--	1	1325	卖盘
14:43:18	10.6	--	2	2650	卖盘
14:43:12	10.6	--	5	5300	卖盘
14:42:33	10.6	--	91	96460	卖盘
14:42:30	10.6	--	4	4240	卖盘
14:42:03	10.6	--	10	10600	卖盘
14:41:51	10.6	--	3	3180	卖盘
14:41:45	10.6	--	6	6360	卖盘
14:41:36	10.6	-0.01	13	13780	卖盘
14:40:51	10.61	--	2	2122	买盘
14:38:51	10.61	0.01	5	5305	买盘
14:38:39	10.6	--	8	8480	卖盘
14:37:57	10.6	--	66	69960	卖盘
14:37:54	10.6	-0.01	20	21200	卖盘
14:37:51	10.61	--	12	12732	买盘
14:37:33	10.61	0.01	29	30769	买盘
14:37:24	10.6	--	2	2120	卖盘
14:36:57	10.6	--	5	5300	卖盘
14:36:45	10.6	--	12	12720	卖盘
14:36:21	10.6	-0.01	20	21200	卖盘
14:36:12	10.61	--	40	42440	买盘
14:36:09	10.61	-0.02	31	32891	卖盘
14:35:06	10.63	0.02	40	42520	买盘
14:34:54	10.61	--	2	2122	卖盘
14:34:33	10.61	-0.02	10	10610	卖盘
14:34:18	10.63	--	3	3189	买盘
14:33:27	10.63	--	4	4252	买盘
14:33:24	10.63	--	16	17008	卖盘
14:33:21	10.63	-0.01	50	53150	卖盘
14:33:12	10.64	--	1	1064	买盘
14:32:33	10.64	0.01	1	1064	买盘
14:32:18	10.63	--	1	1063	卖盘
14:32:12	10.63	--	13	13819	买盘
14:31:54	10.63	--	20	21260	买盘
14:31:30	10.63	-0.01	25	26575	卖盘
14:30:36	10.64	0.01	23	24472	买盘
14:30:06	10.63	--	3	3189	卖盘
14:30:03	10.63	0.01	3	3189	买盘
14:29:51	10.62	--	11	11682	买盘
14:29:33	10.62	0.01	35	37170	买盘
14:29:24	10.61	0.01	61	64721	买盘
14:29:12	10.6	-0.01	10	10600	卖盘
14:29:03	10.61	--	12	12732	买盘
14:29:00	10.61	0.01	6	6366	买盘
14:28:51	10.6	0.01	20	21200	买盘
14:28:39	10.59	--	5	5295	卖盘
14:28:33	10.59	--	4	4236	卖盘
14:28:00	10.59	--	6	6354	卖盘
14:27:45	10.59	-0.01	10	10590	卖盘
14:27:42	10.6	--	29	30740	买盘
14:27:33	10.6	0.01	5	5300	买盘
14:27:30	10.59	--	4	4236	卖盘
14:27:18	10.59	--	6	6354	卖盘
14:27:09	10.59	-0.01	6	6354	卖盘
14:27:06	10.6	--	1	1060	买盘
14:26:51	10.6	--	11	11660	买盘
14:26:48	10.6	--	43	45580	买盘
14:26:39	10.6	--	5	5300	买盘
14:26:27	10.6	0.01	12	12720	买盘
14:26:24	10.59	--	8	8472	卖盘
14:25:57	10.59	-0.01	6	6354	卖盘
14:25:21	10.6	--	1	1060	买盘
14:25:12	10.6	-0.01	87	92220	卖盘
14:24:39	10.61	--	69	73209	卖盘
14:24:21	10.61	-0.01	10	10610	卖盘
14:23:54	10.62	0.01	5	5310	买盘
14:23:36	10.61	--	24	25464	买盘
14:23:27	10.61	--	6	6366	卖盘
14:23:15	10.61	0.01	8	8488	买盘
14:22:45	10.6	-0.01	3	3180	卖盘
14:22:36	10.61	--	15	15915	买盘
14:22:12	10.61	--	28	29708	买盘
14:21:51	10.61	--	1	1061	买盘
14:20:54	10.61	-0.01	6	6366	卖盘
14:20:45	10.62	0.01	4	4248	买盘
14:20:27	10.61	-0.01	4	4244	卖盘
14:20:06	10.62	0.01	1	1062	中性盘
14:19:57	10.61	--	31	32891	卖盘
14:19:21	10.61	-0.02	9	9549	卖盘
14:18:51	10.63	--	2	2126	买盘
14:18:39	10.63	--	30	31890	卖盘
14:18:33	10.63	--	9	9567	卖盘
14:18:27	10.63	-0.01	1	1063	卖盘
14:18:21	10.64	--	1	1064	买盘
14:18:18	10.64	--	10	10640	买盘
14:18:06	10.64	--	31	32984	买盘
14:17:54	10.64	--	1	1064	买盘
14:17:42	10.64	--	5	5320	中性盘
14:16:42	10.64	-0.01	3	3192	卖盘
14:16:36	10.65	0.01	1	1065	买盘
14:16:30	10.64	--	1	1064	卖盘
14:16:24	10.64	-0.01	20	21280	卖盘
14:16:12	10.65	0.01	1	1065	买盘
14:16:06	10.64	--	10	10640	卖盘
14:16:00	10.64	0.01	25	26600	买盘
14:15:36	10.63	--	10	10630	卖盘
14:15:00	10.63	-0.01	2	2126	卖盘
14:14:51	10.64	0.01	1	1064	买盘
14:14:33	10.63	-0.01	9	9567	卖盘
14:14:06	10.64	-0.01	19	20216	卖盘
14:14:03	10.65	--	13	13845	买盘
14:13:21	10.65	--	25	27157	卖盘
14:13:18	10.65	--	22	23430	卖盘
14:13:09	10.65	-0.02	20	21300	卖盘
14:13:06	10.67	--	1	1067	买盘
14:12:54	10.67	0.02	18	19206	买盘
14:12:45	10.65	--	10	10650	卖盘
14:12:42	10.65	-0.01	10	10650	卖盘
14:12:36	10.66	0.01	255	271830	买盘
14:12:33	10.65	--	1	1065	卖盘
14:12:27	10.65	--	2	2130	卖盘
14:12:24	10.65	--	9	9585	卖盘
14:12:18	10.65	-0.01	30	31950	卖盘
14:12:15	10.66	0.01	72	76752	买盘
14:11:57	10.65	0.02	195	208207	买盘
14:11:54	10.63	0.01	5	5315	卖盘
14:11:42	10.62	-0.02	5	5310	卖盘
14:11:39	10.64	0.02	13	13832	买盘
14:11:36	10.62	--	5	5310	卖盘
14:11:27	10.62	--	5	5310	卖盘
14:11:21	10.62	0.03	47	49913	买盘
14:11:18	10.59	--	1	1059	买盘
14:11:09	10.59	-0.03	7	7413	卖盘
14:11:03	10.62	--	5	5310	买盘
14:10:57	10.62	0.05	100	106199	买盘
14:10:18	10.57	--	10	10570	卖盘
14:10:00	10.57	--	353	373744	买盘
14:09:51	10.57	--	110	116270	买盘
14:09:48	10.57	--	9	9513	买盘
14:09:39	10.57	--	10	10570	买盘
14:09:36	10.57	--	1	1057	买盘
14:09:33	10.57	-0.02	513	542241	卖盘
14:09:30	10.59	--	3	3177	卖盘
14:09:12	10.59	-0.02	220	232980	卖盘
14:09:06	10.61	--	20	21220	买盘
14:09:03	10.61	-0.01	206	219584	卖盘
14:08:54	10.62	--	10	10620	买盘
14:08:39	10.62	-0.01	134	142308	卖盘
14:08:03	10.63	--	1	1063	卖盘
14:08:00	10.63	-0.01	50	53150	卖盘
14:07:51	10.64	0.01	16	17024	买盘
14:07:48	10.63	--	50	53150	卖盘
14:07:36	10.63	-0.01	20	21260	卖盘
14:06:57	10.64	-0.01	23	24684	卖盘
14:06:51	10.65	0.01	13	13845	买盘
14:06:33	10.64	--	6	7235	买盘
14:06:30	10.64	--	14	14896	买盘
14:06:06	10.64	--	1	1064	买盘
14:05:51	10.64	0.01	13	13832	买盘
14:05:24	10.63	--	10	10630	卖盘
14:05:03	10.63	--	3	3189	卖盘
14:04:57	10.63	-0.01	35	37205	卖盘
14:04:51	10.64	0.01	30	31920	买盘
14:04:30	10.63	-0.01	4	4252	卖盘
14:04:21	10.64	--	1	1064	买盘
14:04:12	10.64	--	3	3192	买盘
14:04:09	10.64	--	1	1064	买盘
14:04:06	10.64	-0.01	156	166196	卖盘
14:03:36	10.65	--	13	13845	买盘
14:03:33	10.65	0.01	130	138450	买盘
14:03:21	10.64	--	61	65755	卖盘
14:03:15	10.64	--	2	2128	卖盘
14:02:57	10.64	--	5	5320	卖盘
14:02:54	10.64	-0.01	10	10640	卖盘
14:02:36	10.65	--	1	1065	买盘
14:02:24	10.65	--	13	13845	买盘
14:01:27	10.65	--	13	13845	买盘
14:00:51	10.65	--	1	1065	买盘
14:00:24	10.65	--	8	8520	买盘
14:00:12	10.65	0.01	25	26625	买盘
14:00:00	10.64	--	25	26600	卖盘
13:59:48	10.64	-0.01	5	5320	卖盘
13:59:45	10.65	--	143	152295	买盘
13:59:27	10.65	0.01	18	19170	买盘
13:59:24	10.64	--	3	3192	卖盘
13:59:21	10.64	-0.01	20	21280	卖盘
13:59:06	10.65	0.01	1	1065	买盘
13:58:45	10.64	--	27	28728	买盘
13:58:21	10.64	--	8	8512	卖盘
13:58:15	10.64	--	19	20216	卖盘
13:58:12	10.64	--	28	29792	卖盘
13:58:06	10.64	-0.01	2	2128	卖盘
13:58:03	10.65	0.01	13	13845	买盘
13:57:51	10.64	-0.01	5	5320	中性盘
13:57:18	10.65	0.02	1	1065	买盘
13:57:00	10.63	-0.02	95	100985	卖盘
13:56:54	10.65	--	13	13845	买盘
13:56:51	10.65	0.02	2	2130	买盘
13:56:24	10.63	-0.02	30	31890	卖盘
13:55:33	10.65	--	1	1065	买盘
13:55:30	10.65	--	73	77745	买盘
13:55:12	10.65	--	10	10650	买盘
13:54:51	10.65	--	13	13845	买盘
13:54:39	10.65	-0.01	10	10650	卖盘
13:54:36	10.66	0.01	100	106600	买盘
13:54:15	10.65	--	5	5325	卖盘
13:54:12	10.65	--	10	10650	卖盘
13:54:09	10.65	--	4	4260	买盘
13:54:06	10.65	--	13	13845	买盘
13:53:48	10.65	--	101	107565	买盘
13:53:30	10.65	0.01	5	5325	买盘
13:53:15	10.64	0.01	8	8512	买盘
13:53:00	10.63	--	17	18071	卖盘
13:52:48	10.63	--	1	1063	卖盘
13:52:39	10.63	-0.01	7	7441	卖盘
13:52:36	10.64	--	13	13832	买盘
13:52:33	10.64	--	8	8512	买盘
13:52:15	10.64	-0.01	6	6384	中性盘
13:52:03	10.65	0.01	1	1065	买盘
13:51:54	10.64	0.01	7	7448	买盘
13:51:45	10.63	--	10	10630	卖盘
13:51:36	10.63	--	30	31890	卖盘
13:51:30	10.63	-0.01	34	36142	卖盘
13:51:18	10.64	--	2	2128	买盘
13:51:15	10.64	-0.01	1	1064	中性盘
13:51:03	10.65	--	13	13845	买盘
13:50:48	10.65	--	10	10650	卖盘
13:50:45	10.65	--	5	5325	卖盘
13:50:36	10.65	--	2	2130	卖盘
13:50:24	10.65	-0.01	2	2130	卖盘
13:50:21	10.66	0.01	1	1066	买盘
13:50:18	10.65	--	50	53250	卖盘
13:50:15	10.65	--	1	1065	卖盘
13:50:00	10.65	--	116	123540	卖盘
13:49:57	10.65	-0.02	8	8520	卖盘
13:49:51	10.67	0.01	65	69355	买盘
13:49:45	10.66	-0.01	12	12792	卖盘
13:49:12	10.67	0.01	10	10670	买盘
13:49:09	10.66	--	32	34112	卖盘
13:48:57	10.66	--	9	9594	卖盘
13:48:54	10.66	--	25	26650	买盘
13:48:48	10.66	--	20	21320	买盘
13:48:45	10.66	--	4	4264	买盘
13:48:36	10.66	--	5	5330	买盘
13:48:33	10.66	--	1	1066	买盘
13:48:30	10.66	0.01	13	13858	买盘
13:48:03	10.65	--	37	39405	买盘
13:47:48	10.65	--	5	5325	买盘
13:47:27	10.65	--	8	8520	买盘
13:47:15	10.65	--	13	13845	买盘
13:46:51	10.65	0.02	1	1065	买盘
13:46:42	10.63	--	3	3189	买盘
13:46:33	10.63	-0.02	4	4252	卖盘
13:46:30	10.65	0.02	13	13845	买盘
13:46:12	10.63	-0.02	18	19134	卖盘
13:46:09	10.65	--	4	4260	买盘
13:45:51	10.65	0.02	2	2130	买盘
13:45:48	10.63	--	5	5315	买盘
13:45:45	10.63	0.01	3	3189	买盘
13:45:39	10.62	--	10	10620	买盘
13:45:36	10.62	--	125	132750	买盘
13:45:09	10.62	--	13	13805	买盘
13:45:03	10.62	0.01	1	1062	买盘
13:44:30	10.61	-0.01	2	2122	卖盘
13:44:15	10.62	0.01	13	13805	买盘
13:44:03	10.61	--	43	45665	买盘
13:43:57	10.61	--	30	31830	买盘
13:43:51	10.61	0.01	8	8488	买盘
13:43:36	10.6	--	6	6360	卖盘
13:43:33	10.6	-0.01	5	5300	卖盘
13:43:18	10.61	0.01	14	14854	买盘
13:43:03	10.6	--	15	15900	卖盘
13:43:00	10.6	-0.01	1	1060	卖盘
13:42:36	10.61	0.01	10	10610	买盘
13:42:33	10.6	--	4	4240	买盘
13:42:24	10.6	--	14	14840	卖盘
13:41:45	10.6	--	10	10600	卖盘
13:41:42	10.6	-0.01	30	31800	卖盘
13:41:39	10.61	--	10	10610	买盘
13:41:33	10.61	0.01	10	10610	买盘
13:41:27	10.6	--	89	94340	卖盘
13:41:09	10.6	--	1	1060	卖盘
13:40:57	10.6	-0.01	10	10600	卖盘
13:40:48	10.61	--	2	2122	买盘
13:40:21	10.61	0.01	5	5305	买盘
13:40:09	10.6	-0.01	101	107060	卖盘
13:39:57	10.61	--	5	5305	买盘
13:39:48	10.61	--	20	21220	买盘
13:39:45	10.61	0.01	1	1061	买盘
13:39:36	10.6	-0.01	5	5300	卖盘
13:39:15	10.61	0.01	2	2122	买盘
13:39:12	10.6	-0.01	4	4240	卖盘
13:38:45	10.61	--	1	1061	买盘
13:38:15	10.61	--	2	2122	买盘
13:38:06	10.61	--	1	1061	买盘
13:37:45	10.61	0.01	1	1061	买盘
13:37:42	10.6	-0.01	18	19080	卖盘
13:37:36	10.61	0.01	3	3183	买盘
13:37:24	10.6	--	10	10600	卖盘
13:37:21	10.6	-0.01	5	5300	卖盘
13:37:15	10.61	0.01	2	2122	买盘
13:37:06	10.6	-0.01	1	1060	卖盘
13:36:45	10.61	0.01	2	2122	买盘
13:36:42	10.6	-0.01	4	4240	卖盘
13:36:18	10.61	--	1	1061	买盘
13:36:15	10.61	--	2	2122	买盘
13:35:45	10.61	--	1	1061	买盘
13:35:36	10.61	--	13	13793	买盘
13:35:15	10.61	--	2	2122	买盘
13:35:09	10.61	--	4	4244	买盘
13:34:54	10.61	--	12	12732	买盘
13:34:51	10.61	0.01	12	12732	买盘
13:34:48	10.6	-0.01	3	3180	卖盘
13:34:45	10.61	--	1	1061	买盘
13:34:42	10.61	--	13	13793	买盘
13:34:33	10.61	--	38	40318	买盘
13:34:15	10.61	--	1	1061	买盘
13:33:57	10.61	--	13	13793	买盘
13:33:51	10.61	-0.01	160	169760	卖盘
13:33:48	10.62	--	100	106199	买盘
13:33:45	10.62	--	2	2124	买盘
13:33:18	10.62	--	10	10620	买盘
13:33:09	10.62	--	13	13805	买盘
13:32:48	10.62	0.01	1	1062	买盘
13:32:45	10.61	--	1	1061	卖盘
13:32:39	10.61	--	10	10610	卖盘
13:32:36	10.61	--	2	2122	中性盘
13:32:06	10.61	--	5	5305	买盘
13:32:03	10.61	--	10	10610	卖盘
13:32:00	10.61	--	29	30769	卖盘
13:31:39	10.61	-0.01	26	27586	卖盘
13:31:36	10.62	--	10	10620	买盘
13:31:15	10.62	0.01	4	4248	买盘
13:31:09	10.61	-0.01	13	13793	卖盘
13:31:06	10.62	0.01	1	1062	买盘
13:30:57	10.61	--	161	170821	买盘
13:30:45	10.61	--	2	2122	买盘
13:30:21	10.61	--	3	3183	买盘
13:30:15	10.61	--	17	18037	买盘
13:30:03	10.61	0.01	10	10610	买盘
13:29:54	10.6	-0.01	3	3180	卖盘
13:29:45	10.61	0.01	101	107161	买盘
13:29:36	10.6	-0.01	100	106000	卖盘
13:29:18	10.61	--	1	1061	买盘
13:29:15	10.61	--	16	16976	买盘
13:29:12	10.61	--	5	5305	买盘
13:29:03	10.61	--	18	19098	买盘
13:28:36	10.61	--	13	13793	买盘
13:28:33	10.61	--	174	184614	买盘
13:28:15	10.61	--	20	21220	买盘
13:28:12	10.61	-0.01	137	145357	卖盘
13:28:00	10.62	--	10	10620	买盘
13:27:51	10.62	-0.04	95	100889	卖盘
13:27:33	10.66	0.01	1	1066	买盘
13:27:27	10.65	--	11	11715	买盘
13:27:12	10.65	0.01	10	10650	买盘
13:26:36	10.64	-0.01	20	21280	卖盘
13:26:30	10.65	--	48	51120	买盘
13:26:24	10.65	--	13	13845	买盘
13:26:18	10.65	0.01	35	37275	买盘
13:26:15	10.64	--	2	2128	卖盘
13:26:09	10.64	--	5	5320	买盘
13:26:06	10.64	0.01	10	10640	买盘
13:26:03	10.63	-0.01	25	26575	卖盘
13:25:51	10.64	--	1	1064	买盘
13:25:48	10.64	-0.01	7	7448	卖盘
13:25:27	10.65	0.01	10	10650	买盘
13:25:24	10.64	-0.01	10	10640	中性盘
13:25:15	10.65	--	13	13845	买盘
13:24:42	10.65	0.01	5	5325	买盘
13:24:30	10.64	-0.01	22	23408	卖盘
13:24:27	10.65	--	6	6390	买盘
13:24:12	10.65	--	13	13845	买盘
13:24:03	10.65	0.01	1	1065	买盘
13:24:00	10.64	--	6	6384	买盘
13:23:51	10.64	-0.02	59	62776	卖盘
13:23:42	10.66	0.02	6	6396	买盘
13:23:27	10.64	--	5	5320	卖盘
13:23:12	10.64	-0.02	25	26600	卖盘
13:23:06	10.66	--	23	24518	卖盘
13:23:00	10.66	-0.01	4	4264	卖盘
13:22:57	10.67	0.01	1	1067	买盘
13:22:51	10.66	--	2	2132	卖盘
13:22:33	10.66	-0.01	12	12792	中性盘
13:22:18	10.67	--	1	1067	买盘
13:22:09	10.67	0.03	12	12804	买盘
13:21:57	10.64	--	10	10640	卖盘
13:21:36	10.64	--	7	7448	卖盘
13:21:30	10.64	--	5	5320	卖盘
13:21:12	10.64	--	10	10640	卖盘
13:20:39	10.64	--	10	10640	卖盘
13:20:36	10.64	-0.04	8	8512	卖盘
13:20:33	10.68	0.03	50	53400	买盘
13:20:09	10.65	-0.01	120	127800	卖盘
13:20:06	10.66	0.01	5	5330	买盘
13:19:48	10.65	--	6	6390	买盘
13:19:36	10.65	-0.02	4	4260	卖盘
13:19:33	10.67	--	10	10670	卖盘
13:19:30	10.67	0.02	10	10670	买盘
13:19:24	10.65	-0.03	24	25560	卖盘
13:19:12	10.68	--	8	8544	买盘
13:18:48	10.68	0.03	1	1068	买盘
13:18:42	10.65	--	8	8520	卖盘
13:18:36	10.65	-0.03	6	6390	卖盘
13:18:33	10.68	0.03	22	23496	买盘
13:18:12	10.65	-0.03	5	5325	卖盘
13:17:51	10.68	--	2	2136	买盘
13:17:33	10.68	--	7	7476	买盘
13:17:12	10.68	--	4	4272	买盘
13:17:03	10.68	0.03	1	1068	买盘
13:17:00	10.65	0.01	11	11715	卖盘
13:16:51	10.64	-0.05	3	3192	卖盘
13:16:09	10.69	0.05	210	224490	买盘
13:16:00	10.64	--	4	4256	卖盘
13:15:51	10.64	-0.01	1	1064	卖盘
13:15:45	10.65	-0.01	10	10650	卖盘
13:15:33	10.66	-0.02	37	39442	卖盘
13:15:27	10.68	0.02	13	13884	中性盘
13:15:18	10.66	-0.02	11	11726	卖盘
13:15:09	10.68	-0.01	12	12816	卖盘
13:15:06	10.69	--	34	36346	卖盘
13:14:57	10.69	--	10	10690	卖盘
13:14:54	10.69	--	20	21380	卖盘
13:14:45	10.69	--	2	2138	卖盘
13:14:39	10.69	--	50	53450	卖盘
13:14:33	10.69	--	7	7483	卖盘
13:14:30	10.69	--	3	3207	卖盘
13:14:18	10.69	--	10	10690	卖盘
13:14:09	10.69	--	12	12828	卖盘
13:14:06	10.69	--	10	10690	卖盘
13:13:57	10.69	-0.01	5	5345	卖盘
13:13:54	10.7	--	1	1070	买盘
13:13:51	10.7	0.01	140	149800	买盘
13:13:48	10.69	-0.01	5	5345	卖盘
13:13:33	10.7	0.01	1	1070	中性盘
13:13:18	10.69	-0.01	60	64140	卖盘
13:13:03	10.7	-0.01	40	42800	卖盘
13:12:57	10.71	--	1	1071	卖盘
13:12:51	10.71	0.01	1	1071	买盘
13:12:33	10.7	--	12	12840	卖盘
13:12:27	10.7	--	67	71690	买盘
13:12:24	10.7	--	5	5350	买盘
13:12:21	10.7	--	77	82390	买盘
13:12:15	10.7	--	2	2140	买盘
13:12:09	10.7	--	9	9630	买盘
13:11:54	10.7	--	36	38520	买盘
13:11:48	10.7	--	1	1070	买盘
13:11:45	10.7	--	9	9630	买盘
13:11:42	10.7	--	135	144450	买盘
13:11:39	10.7	0.01	40	42800	买盘
13:11:36	10.69	-0.01	5	5345	卖盘
13:11:33	10.7	0.01	19	20330	买盘
13:11:27	10.69	--	15	16035	卖盘
13:11:21	10.69	--	10	10690	卖盘
13:11:18	10.69	-0.01	4	4276	卖盘
13:11:15	10.7	0.01	3	3210	买盘
13:11:00	10.69	0.01	15	16035	买盘
13:10:57	10.68	-0.01	10	10680	卖盘
13:10:51	10.69	--	29	31001	买盘
13:10:39	10.69	0.01	35	37415	买盘
13:10:15	10.68	--	8	8544	卖盘
13:10:09	10.68	-0.01	9	9612	卖盘
13:10:03	10.69	--	1	1069	买盘
13:09:57	10.69	0.01	70	74830	买盘
13:09:51	10.68	-0.01	5	5340	卖盘
13:09:42	10.69	0.01	40	42760	买盘
13:09:39	10.68	-0.01	25	26700	卖盘
13:09:27	10.69	0.01	18	19242	买盘
13:09:18	10.68	-0.01	11	11748	中性盘
13:09:12	10.69	0.01	78	83382	买盘
13:08:39	10.68	0.01	40	42720	买盘
13:08:33	10.67	--	41	43747	卖盘
13:08:21	10.67	-0.01	208	221936	卖盘
13:08:18	10.68	0.01	1	1068	买盘
13:08:12	10.67	--	1	1067	买盘
13:08:09	10.67	--	44	46948	买盘
13:07:48	10.67	--	1	1067	买盘
13:07:42	10.67	0.01	13	13871	买盘
13:07:33	10.66	--	1	1066	卖盘
13:07:30	10.66	-0.01	2	2132	卖盘
13:07:21	10.67	0.01	19	20273	买盘
13:07:12	10.66	--	20	21320	卖盘
13:07:09	10.66	--	91	97006	卖盘
13:07:03	10.66	0.01	18	19188	买盘
13:06:57	10.65	-0.01	1	1065	卖盘
13:06:54	10.66	--	19	20254	买盘
13:06:36	10.66	--	70	74620	买盘
13:06:33	10.66	0.01	1	1066	买盘
13:06:30	10.65	--	10	10650	卖盘
13:06:24	10.65	--	17	18105	卖盘
13:06:21	10.65	--	15	15975	买盘
13:06:15	10.65	--	85	90525	中性盘
13:06:03	10.65	--	3	3195	卖盘
13:05:54	10.65	--	2	2130	买盘
13:05:42	10.65	--	10	10650	买盘
13:05:27	10.65	--	10	10650	卖盘
13:05:24	10.65	-0.01	4	4260	卖盘
13:05:21	10.66	0.02	93	99138	买盘
13:05:09	10.64	-0.01	5	5320	卖盘
13:05:06	10.65	--	14	14910	买盘
13:04:48	10.65	--	1	1065	买盘
13:04:36	10.65	--	25	26625	买盘
13:04:30	10.65	--	4	4260	买盘
13:04:12	10.65	0.01	140	149100	买盘
13:04:00	10.64	--	20	21280	买盘
13:03:45	10.64	0.01	3	3192	买盘
13:03:42	10.63	--	7	7441	买盘
13:03:39	10.63	-0.01	5	5315	卖盘
13:03:36	10.64	0.01	52	55328	买盘
13:03:18	10.63	--	6	6378	卖盘
13:03:12	10.63	--	17	18071	买盘
13:03:09	10.63	--	67	71221	买盘
13:03:03	10.63	0.01	1	1063	买盘
13:02:51	10.62	--	2	2124	买盘
13:02:42	10.62	--	7	7433	买盘
13:02:06	10.62	--	38	40356	买盘
13:01:51	10.62	--	2	2124	买盘
13:01:36	10.62	--	184	195408	买盘
13:01:18	10.62	0.01	1	1062	买盘
13:01:15	10.61	--	1	1071	买盘
13:01:12	10.61	--	11	11671	买盘
13:01:09	10.61	0.01	2	2122	买盘
13:00:54	10.6	-0.01	1	1060	卖盘
13:00:45	10.61	--	5	5305	买盘
13:00:39	10.61	--	77	81697	买盘
13:00:30	10.61	--	15	15915	买盘
13:00:21	10.61	--	11	11671	买盘
13:00:18	10.61	--	5	5305	买盘
13:00:12	10.61	--	715	758615	买盘
13:00:09	10.61	--	1	1061	买盘
13:00:06	10.61	--	61	64721	买盘
13:00:03	10.61	--	52	55172	买盘
13:00:00	10.61	--	0	0	买盘
11:30:00	10.61	--	0	0	买盘
11:29:45	10.61	0.01	10	10610	买盘
11:29:39	10.6	--	2	2120	卖盘
11:29:30	10.6	-0.01	0	10	卖盘
11:29:21	10.61	0.01	84	89124	买盘
11:29:09	10.6	-0.01	10	10600	卖盘
11:28:36	10.61	--	105	111405	买盘
11:28:33	10.61	--	1	1061	买盘
11:28:21	10.61	0.01	9	9549	买盘
11:28:15	10.6	--	69	73140	卖盘
11:28:06	10.6	--	112	118720	卖盘
11:27:57	10.6	-0.01	124	131440	卖盘
11:27:45	10.61	-0.01	207	220677	卖盘
11:27:42	10.62	--	10	10620	买盘
11:27:39	10.62	--	4	4248	买盘
11:27:36	10.62	0.01	8	8496	买盘
11:27:30	10.61	--	1	1071	卖盘
11:27:18	10.61	--	233	247213	买盘
11:27:15	10.61	0.01	4	4244	买盘
11:26:54	10.6	-0.01	54	57240	卖盘
11:26:48	10.61	0.02	1	1061	买盘
11:26:21	10.59	-0.01	255	270045	卖盘
11:26:15	10.6	--	2	2120	买盘
11:25:21	10.6	--	2	2120	买盘
11:25:15	10.6	-0.01	1	1060	中性盘
11:25:03	10.61	0.02	11	11671	买盘
11:24:42	10.59	-0.01	50	52950	卖盘
11:24:36	10.6	--	4	4240	卖盘
11:24:30	10.6	--	11	11660	买盘
11:24:27	10.6	--	17	18020	买盘
11:24:24	10.6	--	20	21200	买盘
11:24:21	10.6	--	45	47700	买盘
11:24:15	10.6	--	4	4240	买盘
11:23:21	10.6	--	200	212000	买盘
11:23:18	10.6	--	1	1060	买盘
11:23:15	10.6	--	21	22260	买盘
11:23:03	10.6	--	8	8480	买盘
11:22:54	10.6	0.01	8	8480	买盘
11:22:48	10.59	-0.01	2	2118	卖盘
11:22:36	10.6	--	28	29680	买盘
11:22:21	10.6	--	32	33920	买盘
11:22:00	10.6	0.01	10	10600	买盘
11:21:54	10.59	-0.01	28	29652	卖盘
11:21:33	10.6	--	1	1060	买盘
11:21:21	10.6	--	45	47700	买盘
11:20:51	10.6	0.01	2	2120	买盘
11:20:39	10.59	--	1	1059	买盘
11:20:24	10.59	--	6	6354	买盘
11:19:48	10.59	--	1	1059	买盘
11:19:24	10.59	--	34	36006	买盘
11:19:09	10.59	--	10	10590	买盘
11:19:03	10.59	--	10	10590	买盘
11:18:42	10.59	--	48	50832	卖盘
11:18:21	10.59	--	13	13767	买盘
11:18:18	10.59	-0.01	27	28593	卖盘
11:18:03	10.6	0.01	1	1060	买盘
11:17:03	10.59	--	5	5295	买盘
11:17:00	10.59	--	25	26475	卖盘
11:16:57	10.59	--	17	18003	买盘
11:16:45	10.59	0.01	10	10590	买盘
11:16:27	10.58	-0.01	352	372416	卖盘
11:16:18	10.59	--	11	11649	买盘
11:16:15	10.59	0.01	1	1059	买盘
11:15:57	10.58	-0.01	5	5290	卖盘
11:15:48	10.59	--	12	12708	买盘
11:15:36	10.59	--	10	10590	买盘
11:15:33	10.59	--	68	72012	卖盘
11:15:21	10.59	--	5	5295	卖盘
11:14:57	10.59	--	2	2118	买盘
11:14:54	10.59	--	36	38124	买盘
11:14:48	10.59	-0.03	74	78366	卖盘
11:14:45	10.62	--	36	38232	买盘
11:14:33	10.62	--	1	1062	买盘
11:14:30	10.62	-0.02	235	249569	卖盘
11:14:24	10.64	0.01	7	7448	买盘
11:14:18	10.63	0.01	12	12756	买盘
11:14:15	10.62	--	25	26549	卖盘
11:14:12	10.62	--	6	6371	卖盘
11:13:42	10.62	--	2	2124	买盘
11:13:33	10.62	--	3	3185	买盘
11:13:21	10.62	0.01	21	22302	买盘
11:13:15	10.61	-0.01	18	19098	卖盘
11:12:48	10.62	--	1	1062	买盘
11:12:42	10.62	--	100	106199	买盘
11:12:36	10.62	-0.02	23	24426	中性盘
11:12:21	10.64	0.04	28	29792	买盘
11:11:36	10.6	--	5	5300	卖盘
11:11:33	10.6	--	205	217300	买盘
11:11:21	10.6	--	19	20140	买盘
11:11:03	10.6	--	3	3180	买盘
11:10:54	10.6	-0.05	5	5300	卖盘
11:10:51	10.65	0.05	150	159750	买盘
11:10:48	10.6	-0.03	9	9540	卖盘
11:10:39	10.63	-0.01	8	8504	卖盘
11:10:36	10.64	0.01	82	87248	买盘
11:10:33	10.63	--	10	10630	卖盘
11:10:24	10.63	--	20	21260	卖盘
11:10:21	10.63	0.01	112	119056	买盘
11:10:18	10.62	--	14	14867	卖盘
11:10:12	10.62	--	10	10620	卖盘
11:10:09	10.62	--	100	106199	卖盘
11:10:06	10.62	-0.01	15	15929	卖盘
11:10:03	10.63	-0.01	10	10630	中性盘
11:09:51	10.64	--	2	2128	买盘
11:09:45	10.64	--	14	15821	卖盘
11:09:27	10.64	--	10	10640	卖盘
11:09:24	10.64	-0.01	6	6384	卖盘
11:09:21	10.65	0.01	16	17040	买盘
11:09:18	10.64	--	22	23408	卖盘
11:09:03	10.64	-0.01	1	1064	卖盘
11:09:00	10.65	--	1	1065	卖盘
11:08:57	10.65	--	20	21300	卖盘
11:08:51	10.65	--	129	137385	卖盘
11:08:48	10.65	--	1	1065	卖盘
11:08:36	10.65	-0.01	30	31950	卖盘
11:08:24	10.66	--	47	50102	卖盘
11:08:15	10.66	--	10	10660	卖盘
11:08:09	10.66	--	50	53300	卖盘
11:07:48	10.66	-0.01	9	9594	卖盘
11:07:36	10.67	-0.01	16	17072	卖盘
11:07:33	10.68	0.01	1	1068	买盘
11:07:27	10.67	--	10	10670	卖盘
11:07:24	10.67	--	123	131241	卖盘
11:07:21	10.67	--	6	6402	卖盘
11:07:06	10.67	--	10	10670	卖盘
11:07:03	10.67	-0.01	2	2134	卖盘
11:06:54	10.68	0.01	23	24564	买盘
11:06:48	10.67	--	50	53350	卖盘
11:06:45	10.67	--	1	1067	卖盘
11:06:42	10.67	--	2	2134	卖盘
11:06:33	10.67	--	6	6402	卖盘
11:06:30	10.67	--	50	53350	卖盘
11:06:24	10.67	-0.01	10	10670	卖盘
11:06:21	10.68	--	157	167676	买盘
11:06:18	10.68	--	2	2136	买盘
11:06:15	10.68	--	4	4272	买盘
11:05:48	10.68	0.01	1	1068	买盘
11:05:30	10.67	0.01	10	10670	买盘
11:05:27	10.66	-0.01	20	21320	卖盘
11:05:24	10.67	0.01	38	40546	买盘
11:05:21	10.66	--	10	10660	卖盘
11:05:18	10.66	--	10	10660	卖盘
11:05:15	10.66	--	56	59696	卖盘
11:05:03	10.66	--	1	1066	卖盘
11:05:00	10.66	-0.01	10	10660	卖盘
11:04:54	10.67	0.01	67	71489	买盘
11:04:42	10.66	--	27	28782	卖盘
11:04:36	10.66	-0.01	16	17056	卖盘
11:04:33	10.67	0.01	2	2134	买盘
11:04:30	10.66	--	17	18122	买盘
11:04:24	10.66	--	12	12792	买盘
11:04:18	10.66	--	25	26650	卖盘
11:04:15	10.66	-0.02	15	15990	卖盘
11:04:09	10.68	--	1	1068	买盘
11:04:06	10.68	0.01	59	63012	买盘
11:04:03	10.67	0.01	1	1067	买盘
11:04:00	10.66	-0.01	20	21320	卖盘
11:03:54	10.67	0.02	30	32010	买盘
11:03:42	10.65	--	5	5325	卖盘
11:03:39	10.65	-0.02	2	2130	卖盘
11:03:36	10.67	0.02	13	13871	买盘
11:03:27	10.65	-0.01	40	42600	卖盘
11:03:24	10.66	0.01	51	54366	买盘
11:03:21	10.65	--	3	3195	卖盘
11:03:15	10.65	0.01	101	107565	买盘
11:03:12	10.64	--	112	119168	卖盘
11:03:06	10.64	-0.01	6	6384	卖盘
11:03:03	10.65	0.01	54	57510	买盘
11:02:57	10.64	--	10	10640	卖盘
11:02:48	10.64	0.01	57	60786	买盘
11:02:45	10.63	--	3	3189	买盘
11:02:21	10.63	--	26	27638	买盘
11:02:18	10.63	0.01	1	1063	买盘
11:02:12	10.62	-0.02	1	1062	卖盘
11:01:42	10.64	--	57	61307	买盘
11:01:33	10.64	--	25	26600	买盘
11:01:21	10.64	0.01	93	98952	买盘
11:01:15	10.63	-0.01	5	5315	卖盘
11:00:54	10.64	0.01	2	2128	买盘
11:00:51	10.63	--	5	5718	买盘
11:00:48	10.63	--	85	91014	卖盘
11:00:39	10.63	--	10	10630	卖盘
11:00:36	10.63	-0.01	5	5315	卖盘
11:00:33	10.64	0.01	1	1064	买盘
11:00:27	10.63	--	2	2126	卖盘
11:00:24	10.63	--	156	165828	卖盘
11:00:03	10.63	--	92	98199	买盘
10:59:57	10.63	0.01	6	6378	买盘
10:59:54	10.62	--	36	38232	卖盘
10:59:48	10.62	-0.01	140	148680	卖盘
10:59:45	10.63	0.01	5	5315	买盘
10:59:24	10.62	-0.01	67	71154	卖盘
10:59:18	10.63	--	1	1063	买盘
10:59:15	10.63	--	10	10630	买盘
10:59:06	10.63	--	11	11693	买盘
10:58:54	10.63	--	10	10630	买盘
10:58:51	10.63	--	122	129686	买盘
10:58:48	10.63	0.01	1	1063	买盘
10:58:45	10.62	--	7	7433	卖盘
10:58:42	10.62	--	9	9558	买盘
10:58:39	10.62	--	9	9558	卖盘
10:58:36	10.62	--	5	5310	卖盘
10:58:33	10.62	--	20	21240	卖盘
10:58:30	10.62	--	2	2124	卖盘
10:58:27	10.62	--	23	24426	买盘
10:58:21	10.62	--	14	14867	买盘
10:58:06	10.62	--	8	8496	卖盘
10:58:03	10.62	--	5	5310	卖盘
10:57:57	10.62	0.03	2	2124	买盘
10:57:48	10.59	-0.01	10	10590	卖盘
10:57:36	10.6	-0.03	4	4240	中性盘
10:57:21	10.63	0.01	28	29764	买盘
10:57:15	10.62	--	10	10620	买盘
10:57:09	10.62	--	6	6371	买盘
10:57:03	10.62	-0.01	94	100486	卖盘
10:57:00	10.63	0.01	43	45709	买盘
10:56:51	10.62	--	10	10620	卖盘
10:56:48	10.62	--	50	53099	卖盘
10:56:42	10.62	0.02	139	148021	买盘
10:56:36	10.6	0.01	30	31800	买盘
10:56:33	10.59	-0.01	9	9531	卖盘
10:56:24	10.6	--	24	25440	买盘
10:56:12	10.6	--	10	10600	买盘
10:56:06	10.6	--	143	151580	买盘
10:56:03	10.6	--	1	1060	卖盘
10:55:57	10.6	--	20	21200	买盘
10:55:51	10.6	-0.01	5	5957	卖盘
10:55:48	10.61	0.01	30	31830	买盘
10:55:45	10.6	-0.01	10	11002	卖盘
10:55:42	10.61	0.01	8	8488	买盘
10:55:39	10.6	-0.01	10	10600	卖盘
10:55:24	10.61	0.01	35	37135	买盘
10:55:18	10.6	0.01	25	26500	买盘
10:55:15	10.59	0.02	10	10590	卖盘
10:55:12	10.57	-0.02	5	5285	卖盘
10:54:57	10.59	-0.02	3	3177	中性盘
10:54:45	10.61	0.03	301	319361	买盘
10:54:42	10.58	-0.01	5	5290	卖盘
10:54:39	10.59	0.01	5	5295	买盘
10:54:36	10.58	-0.01	6	6348	卖盘
10:54:30	10.59	--	5	5295	买盘
10:54:21	10.59	0.01	186	196974	买盘
10:54:15	10.58	-0.01	1	1058	买盘
10:54:12	10.59	--	4	4236	卖盘
10:54:09	10.59	0.01	111	117549	买盘
10:54:06	10.58	--	4	4232	买盘
10:54:00	10.58	--	18	19044	买盘
10:53:57	10.58	--	1	1058	买盘
10:53:54	10.58	--	3	3174	买盘
10:53:45	10.58	--	3	3174	买盘
10:53:42	10.58	--	3	3174	买盘
10:53:33	10.58	0.01	1	1058	买盘
10:53:27	10.57	--	1	1057	买盘
10:53:24	10.57	--	6	6342	买盘
10:53:15	10.57	--	4	4228	买盘
10:53:09	10.57	--	4	4228	买盘
10:53:06	10.57	0.01	20	21140	买盘
10:53:00	10.56	--	1	1056	卖盘
10:52:54	10.56	--	10	10560	卖盘
10:52:48	10.56	--	216	228771	买盘
10:52:39	10.56	0.01	39	41184	买盘
10:52:36	10.55	--	16	16880	买盘
10:52:24	10.55	0.01	20	21100	买盘
10:52:12	10.54	--	29	30565	买盘
10:52:03	10.54	--	18	18972	买盘
10:51:48	10.54	--	1	1054	买盘
10:51:45	10.54	-0.01	52	54807	中性盘
10:51:21	10.55	0.01	113	119215	买盘
10:51:18	10.54	0.01	2	2108	中性盘
10:51:12	10.53	-0.02	2	2106	卖盘
10:51:09	10.55	0.01	60	63300	买盘
10:50:45	10.54	--	23	24241	买盘
10:50:30	10.54	--	4	4216	买盘
10:50:24	10.54	0.01	8	8432	买盘
10:50:21	10.53	--	43	45279	买盘
10:50:09	10.53	--	6	6318	买盘
10:50:03	10.53	-0.01	1	1053	中性盘
10:49:21	10.54	--	55	57969	买盘
10:48:27	10.54	--	28	29511	买盘
10:48:18	10.54	0.02	1	1054	买盘
10:48:09	10.52	0.01	19	19988	买盘
10:48:06	10.51	-0.01	80	84080	卖盘
10:47:51	10.52	--	2	2104	买盘
10:47:27	10.52	-0.02	79	83108	卖盘
10:47:24	10.54	--	97	102237	买盘
10:47:06	10.54	--	2	2108	买盘
10:46:33	10.54	--	1	1054	买盘
10:46:27	10.54	--	44	46375	买盘
10:45:33	10.54	--	51	53753	卖盘
10:45:27	10.54	-0.01	10	10540	卖盘
10:45:21	10.55	0.01	158	166690	买盘
10:45:15	10.54	--	30	31619	卖盘
10:45:12	10.54	--	10	10540	卖盘
10:44:54	10.54	-0.01	150	158100	卖盘
10:44:48	10.55	0.01	1	1055	买盘
10:44:42	10.54	--	20	21080	买盘
10:44:33	10.54	0.01	21	22134	买盘
10:44:30	10.53	-0.01	6	6318	卖盘
10:44:27	10.54	0.01	111	116993	买盘
10:44:24	10.53	--	10	10530	卖盘
10:44:12	10.53	--	10	10530	卖盘
10:44:09	10.53	--	5	5265	卖盘
10:43:57	10.53	--	10	10530	卖盘
10:43:27	10.53	--	8	8424	买盘
10:43:03	10.53	0.01	4	4212	买盘
10:42:57	10.52	--	9	9468	买盘
10:42:54	10.52	--	8	8416	卖盘
10:42:18	10.52	--	54	56808	买盘
10:42:15	10.52	--	4	4208	买盘
10:42:12	10.52	0.01	2	2104	买盘
10:42:03	10.51	-0.01	25	26275	卖盘
10:41:27	10.52	--	60	63120	买盘
10:41:18	10.52	0.01	1	1052	买盘
10:41:03	10.51	--	9	9459	卖盘
10:40:54	10.51	-0.01	100	105100	卖盘
10:40:27	10.52	--	90	94680	卖盘
10:40:00	10.52	--	16	16832	买盘
10:39:33	10.52	--	1	1052	买盘
10:39:21	10.52	--	5	5260	卖盘
10:39:03	10.52	--	1	1052	卖盘
10:39:00	10.52	--	38	39976	卖盘
10:38:54	10.52	-0.01	11	11572	卖盘
10:38:48	10.53	--	32	33696	买盘
10:38:39	10.53	--	20	21060	买盘
10:38:30	10.53	-0.01	11	11583	卖盘
10:38:24	10.54	--	3	3161	买盘
10:37:48	10.54	--	1	1054	买盘
10:37:42	10.54	--	5	5270	买盘
10:37:21	10.54	0.02	24	25295	买盘
10:37:09	10.52	-0.01	15	15780	卖盘
10:37:06	10.53	--	34	35802	买盘
10:36:51	10.53	--	52	54756	买盘
10:36:24	10.53	--	5	5265	买盘
10:36:21	10.53	--	3	3159	买盘
10:36:06	10.53	--	8	8424	买盘
10:36:03	10.53	--	1	1053	买盘
10:36:00	10.53	--	36	37908	卖盘
10:35:27	10.53	--	10	10530	买盘
10:35:21	10.53	-0.03	20	21060	中性盘
10:35:12	10.56	0.03	500	528000	买盘
10:35:03	10.53	--	4	4212	卖盘
10:35:00	10.53	-0.01	100	105300	卖盘
10:34:42	10.54	0.01	1	1054	卖盘
10:34:27	10.53	-0.01	100	105300	卖盘
10:34:24	10.54	--	209	220285	买盘
10:34:18	10.54	--	1	1054	买盘
10:34:15	10.54	0.01	2	2108	买盘
10:33:48	10.53	--	20	21060	卖盘
10:33:42	10.53	-0.01	20	21060	卖盘
10:33:24	10.54	0.01	159	167586	买盘
10:33:18	10.53	--	27	28431	买盘
10:33:12	10.53	--	8	8424	卖盘
10:33:09	10.53	--	4	4212	卖盘
10:32:51	10.53	0.02	193	203229	买盘
10:32:48	10.51	-0.01	3	3153	卖盘
10:32:45	10.52	--	2	2104	买盘
10:32:33	10.52	0.01	1	1052	买盘
10:32:27	10.51	-0.01	11	11561	卖盘
10:32:24	10.52	0.01	22	23144	买盘
10:31:54	10.51	--	1	1051	卖盘
10:31:45	10.51	--	20	21020	卖盘
10:31:36	10.51	--	7	7357	卖盘
10:31:30	10.51	-0.01	100	105100	卖盘
10:31:24	10.52	--	51	53652	买盘
10:31:21	10.52	0.01	8	8416	买盘
10:31:15	10.51	--	100	105100	卖盘
10:30:51	10.51	-0.01	4	4204	卖盘
10:30:48	10.52	--	1	1052	买盘
10:30:45	10.52	--	3	3156	买盘
10:30:24	10.52	0.01	29	30508	买盘
10:30:09	10.51	--	10	10510	卖盘
10:29:36	10.51	--	10	10510	卖盘
10:29:30	10.51	-0.01	40	42040	卖盘
10:29:24	10.52	0.01	53	55756	买盘
10:29:21	10.51	--	20	21020	卖盘
10:29:06	10.51	-0.01	6	6306	卖盘
10:29:03	10.52	0.01	1	1052	买盘
10:28:48	10.51	--	10	10510	卖盘
10:28:45	10.51	--	35	36785	买盘
10:28:24	10.51	0.01	122	128222	买盘
10:28:21	10.5	--	5	5250	卖盘
10:28:18	10.5	--	6	6300	卖盘
10:28:12	10.5	--	6	6300	卖盘
10:27:54	10.5	--	9	9450	卖盘
10:27:48	10.5	-0.01	15	15750	卖盘
10:27:45	10.51	--	1	1051	买盘
10:27:27	10.51	--	39	40989	买盘
10:27:18	10.51	--	1	1051	买盘
10:27:15	10.51	0.01	2	2102	买盘
10:27:12	10.5	-0.01	5	5250	卖盘
10:26:57	10.51	--	53	55703	卖盘
10:26:54	10.51	--	2	2102	卖盘
10:26:39	10.51	--	5	5255	买盘
10:26:36	10.51	--	10	10510	买盘
10:26:27	10.51	--	10	10510	买盘
10:26:21	10.51	--	6	6306	买盘
10:26:15	10.51	--	3	3153	买盘
10:26:06	10.51	--	7	7357	卖盘
10:26:03	10.51	--	20	21020	卖盘
10:25:57	10.51	-0.01	5	5255	卖盘
10:25:54	10.52	--	22	23144	买盘
10:25:51	10.52	--	2	2104	买盘
10:25:30	10.52	--	1	1052	买盘
10:25:27	10.52	0.02	96	100992	买盘
10:25:24	10.5	--	12	12600	卖盘
10:25:09	10.5	-0.02	100	105000	卖盘
10:24:45	10.52	--	4	4208	买盘
10:24:30	10.52	0.01	22	23144	买盘
10:24:24	10.51	--	54	56754	买盘
10:24:15	10.51	0.01	18	18918	买盘
10:23:54	10.5	--	18	18900	买盘
10:23:45	10.5	--	1	1050	买盘
10:23:42	10.5	--	20	21000	买盘
10:23:24	10.5	0.01	144	151200	买盘
10:23:18	10.49	--	5	5245	卖盘
10:23:12	10.49	--	2	2098	买盘
10:22:45	10.49	--	2	2098	买盘
10:22:27	10.49	--	16	16784	买盘
10:22:00	10.49	--	1	1049	买盘
10:21:27	10.49	0.01	29	30421	买盘
10:21:24	10.48	-0.01	7	7336	卖盘
10:21:15	10.49	--	3	3147	买盘
10:21:06	10.49	-0.01	1	1049	中性盘
10:20:54	10.5	0.02	22	23100	买盘
10:20:33	10.48	-0.02	21	22008	卖盘
10:20:30	10.5	--	13	13650	买盘
10:20:27	10.5	--	60	63000	买盘
10:20:15	10.5	0.02	1	1050	买盘
10:19:54	10.48	-0.01	50	52400	卖盘
10:19:48	10.49	0.01	1	1049	中性盘
10:19:36	10.48	-0.02	2	2096	卖盘
10:19:24	10.5	0.01	103	108150	买盘
10:19:18	10.49	-0.01	26	27274	卖盘
10:19:12	10.5	--	100	105000	买盘
10:19:00	10.5	--	2	2100	卖盘
10:18:54	10.5	-0.01	51	53550	卖盘
10:18:48	10.51	--	37	38887	买盘
10:18:45	10.51	--	3	3153	买盘
10:18:30	10.51	--	11	11561	买盘
10:18:24	10.51	--	40	42040	买盘
10:18:15	10.51	--	4	4204	买盘
10:17:54	10.51	--	4	4204	买盘
10:17:45	10.51	0.01	3	3153	买盘
10:17:42	10.5	--	10	10500	买盘
10:17:27	10.5	--	31	32550	买盘
10:17:06	10.5	-0.02	12	12600	卖盘
10:16:45	10.52	--	2	2104	买盘
10:16:42	10.52	0.02	51	53652	买盘
10:16:27	10.5	0.01	24	25200	买盘
10:16:12	10.49	-0.01	100	104900	卖盘
10:15:57	10.5	--	1	1050	卖盘
10:15:54	10.5	--	87	91350	卖盘
10:15:48	10.5	-0.01	6	6300	卖盘
10:15:42	10.51	--	62	65172	卖盘
10:15:36	10.51	0.01	30	32570	买盘
10:15:33	10.5	--	51	53550	卖盘
10:15:27	10.5	-0.01	25	26250	卖盘
10:15:21	10.51	--	7	7357	买盘
10:15:15	10.51	--	2	2102	买盘
10:15:09	10.51	-0.02	92	96702	卖盘
10:15:06	10.53	--	12	12636	买盘
10:15:03	10.53	--	52	54756	买盘
10:15:00	10.53	--	38	40014	买盘
10:14:54	10.53	--	5	5265	买盘
10:14:51	10.53	--	16	16848	买盘
10:14:45	10.53	0.01	31	32642	买盘
10:14:39	10.52	--	27	29445	买盘
10:14:33	10.52	0.01	50	52600	买盘
10:14:27	10.51	0.01	57	59907	买盘
10:14:21	10.5	--	5	5250	卖盘
10:14:18	10.5	--	31	32550	买盘
10:14:15	10.5	--	3	3150	买盘
10:14:09	10.5	0.01	20	21000	买盘
10:14:06	10.49	--	25	26225	卖盘
10:14:03	10.49	-0.01	2	2098	卖盘
10:14:00	10.5	0.02	43	45150	买盘
10:13:51	10.48	-0.02	30	31440	卖盘
10:13:48	10.5	--	5	5250	买盘
10:13:45	10.5	0.01	3	3150	买盘
10:13:42	10.49	0.01	45	47205	买盘
10:13:30	10.48	--	22	23056	买盘
10:13:27	10.48	--	10	10480	买盘
10:13:24	10.48	--	238	249424	买盘
10:13:21	10.48	--	8	8384	买盘
10:13:15	10.48	0.01	10	10480	买盘
10:13:12	10.47	--	122	127734	买盘
10:13:06	10.47	--	40	41880	买盘
10:13:03	10.47	0.01	19	19893	买盘
10:12:51	10.46	--	10	10460	卖盘
10:12:45	10.46	--	32	33472	买盘
10:12:42	10.46	--	10	10460	买盘
10:12:39	10.46	0.01	3	3138	买盘
10:12:33	10.45	-0.01	4	4180	卖盘
10:12:30	10.46	--	181	189326	买盘
10:12:24	10.46	0.01	40	41840	买盘
10:12:15	10.45	--	11	11495	卖盘
10:12:12	10.45	0.01	1	1045	买盘
10:12:09	10.44	-0.01	23	24012	卖盘
10:12:03	10.45	--	90	94050	买盘
10:12:00	10.45	--	19	19855	买盘
10:11:45	10.45	0.01	2	2090	买盘
10:11:33	10.44	--	10	10440	买盘
10:11:30	10.44	--	1	1044	买盘
10:11:27	10.44	--	6	6264	买盘
10:11:24	10.44	--	2	2088	买盘
10:11:21	10.44	--	83	86652	买盘
10:11:15	10.44	--	3	3132	买盘
10:11:12	10.44	0.01	7	7308	买盘
10:10:48	10.43	--	17	17731	买盘
10:10:42	10.43	--	10	10430	买盘
10:10:33	10.43	--	5	5215	买盘
10:10:27	10.43	-0.01	2	2086	卖盘
10:10:24	10.44	--	28	29232	买盘
10:10:09	10.44	0.02	60	62640	买盘
10:09:54	10.42	-0.02	30	31260	卖盘
10:09:48	10.44	0.01	3	3132	买盘
10:09:45	10.43	-0.01	4	4172	中性盘
10:09:24	10.44	--	37	38628	买盘
10:09:15	10.44	--	14	14616	买盘
10:08:54	10.44	--	20	20880	买盘
10:08:51	10.44	-0.01	14	14616	中性盘
10:08:30	10.45	--	1	1045	买盘
10:08:24	10.45	--	50	52250	买盘
10:08:15	10.45	--	1	1045	买盘
10:08:12	10.45	--	3	3135	买盘
10:08:00	10.45	--	1	1045	买盘
10:07:54	10.45	--	50	52250	买盘
10:07:45	10.45	--	25	26125	买盘
10:07:42	10.45	--	1	1045	卖盘
10:07:27	10.45	--	39	40755	卖盘
10:07:24	10.45	0.03	34	35530	买盘
10:07:15	10.42	--	51	53142	买盘
10:06:30	10.42	--	50	52100	买盘
10:06:15	10.42	0.06	301	313642	买盘
10:06:06	10.36	--	1	1036	卖盘
10:05:54	10.36	-0.01	50	51800	卖盘
10:05:51	10.37	0.01	9	9333	买盘
10:05:45	10.36	--	10	10360	卖盘
10:05:03	10.36	--	19	19684	卖盘
10:04:54	10.36	--	15	15540	卖盘
10:04:36	10.36	--	16	16576	卖盘
10:04:33	10.36	-0.01	5	5180	卖盘
10:04:30	10.37	0.02	1	1037	买盘
10:04:09	10.35	--	8	8280	卖盘
10:03:24	10.35	-0.01	13	13455	卖盘
10:03:15	10.36	0.01	2	2072	买盘
10:03:09	10.35	-0.01	19	19665	卖盘
10:03:03	10.36	--	9	9324	买盘
10:03:00	10.36	--	10	10360	中性盘
10:02:51	10.36	--	1	1036	买盘
10:02:45	10.36	0.01	1	1036	买盘
10:02:36	10.35	-0.01	10	10350	卖盘
10:02:33	10.36	--	8	8288	卖盘
10:02:24	10.36	--	10	10360	卖盘
10:02:21	10.36	--	8	8288	卖盘
10:02:12	10.36	--	51	52836	买盘
10:02:06	10.36	--	14	14504	买盘
10:02:00	10.36	--	96	99456	买盘
10:01:51	10.36	--	36	37296	买盘
10:01:45	10.36	--	29	30044	买盘
10:01:15	10.36	0.01	4	4144	买盘
10:00:51	10.35	-0.01	2	2070	卖盘
10:00:48	10.36	0.01	9	9324	中性盘
10:00:24	10.35	--	49	50715	卖盘
09:59:33	10.35	-0.01	253	261855	卖盘
09:59:30	10.36	--	10	10360	买盘
09:59:15	10.36	--	12	12432	买盘
09:59:09	10.36	--	26	26936	买盘
09:58:45	10.36	--	1	1036	买盘
09:58:42	10.36	-0.01	58	60088	卖盘
09:58:39	10.37	0.01	43	44591	买盘
09:58:33	10.36	-0.01	22	22792	卖盘
09:58:00	10.37	--	5	5185	买盘
09:57:51	10.37	0.01	20	20740	买盘
09:57:42	10.36	--	1	1036	卖盘
09:57:36	10.36	-0.01	20	20720	卖盘
09:57:21	10.37	--	8	8296	买盘
09:57:15	10.37	0.01	3	3110	买盘
09:57:06	10.36	-0.01	28	29008	卖盘
09:56:48	10.37	--	9	9333	买盘
09:56:36	10.37	--	28	29035	买盘
09:56:24	10.37	--	4	4148	买盘
09:56:12	10.37	--	48	49775	买盘
09:56:06	10.37	0.01	21	21777	买盘
09:55:33	10.36	--	26	26936	买盘
09:55:30	10.36	--	20	20720	买盘
09:55:21	10.36	--	10	10360	买盘
09:55:15	10.36	--	2	2072	买盘
09:55:09	10.36	0.01	20	20720	买盘
09:54:57	10.35	-0.01	10	10350	卖盘
09:54:48	10.36	--	56	58016	买盘
09:54:45	10.36	--	1	1036	买盘
09:54:18	10.36	--	7	7252	买盘
09:54:15	10.36	--	10	10360	买盘
09:54:09	10.36	--	10	10360	买盘
09:54:03	10.36	0.01	8	8288	买盘
09:53:57	10.35	--	40	41400	卖盘
09:53:54	10.35	-0.01	5	5175	卖盘
09:53:51	10.36	--	1	1036	买盘
09:53:48	10.36	--	3	3108	买盘
09:53:45	10.36	--	12	12432	买盘
09:53:42	10.36	0.01	17	17612	买盘
09:53:18	10.35	-0.01	33	34155	中性盘
09:53:15	10.36	0.02	4	4144	买盘
09:53:09	10.34	-0.01	20	20680	卖盘
09:52:51	10.35	--	3	3105	买盘
09:52:48	10.35	--	5	5175	买盘
09:52:21	10.35	-0.01	3	3105	中性盘
09:52:15	10.36	0.02	20	20720	买盘
09:52:00	10.34	--	2	2068	买盘
09:51:48	10.34	--	10	10340	买盘
09:51:45	10.34	-0.01	1	1034	买盘
09:51:30	10.35	0.01	6	6210	卖盘
09:51:27	10.34	--	8	8272	买盘
09:51:24	10.34	-0.01	12	12408	卖盘
09:51:21	10.35	--	1	1035	买盘
09:51:09	10.35	--	7	7245	卖盘
09:50:51	10.35	--	23	23805	卖盘
09:50:42	10.35	0.02	1	1035	卖盘
09:50:36	10.33	-0.01	200	206600	卖盘
09:50:15	10.34	-0.02	34	35156	卖盘
09:49:54	10.36	0.02	10	10360	买盘
09:49:48	10.34	-0.02	200	206800	卖盘
09:49:45	10.36	--	22	22792	买盘
09:49:39	10.36	--	20	20720	买盘
09:49:24	10.36	0.01	2	2072	买盘
09:49:00	10.35	--	25	25875	买盘
09:48:45	10.35	--	1	1035	买盘
09:48:27	10.35	--	10	10350	买盘
09:48:21	10.35	--	11	11385	买盘
09:48:15	10.35	--	2	2070	买盘
09:48:12	10.35	--	48	49680	买盘
09:48:03	10.35	--	10	10350	买盘
09:47:54	10.35	--	10	10350	买盘
09:47:45	10.35	--	11	11385	买盘
09:47:39	10.35	--	2	2070	买盘
09:47:30	10.35	--	11	11385	买盘
09:47:24	10.35	--	4	4140	买盘
09:47:15	10.35	0.02	2	2070	买盘
09:47:12	10.33	--	11	11363	买盘
09:47:00	10.33	--	10	10330	买盘
09:46:48	10.33	0.01	5	5165	买盘
09:46:45	10.32	-0.01	1	1032	中性盘
09:46:36	10.33	--	3	3099	买盘
09:46:33	10.33	0.02	10	10330	买盘
09:46:27	10.31	-0.02	33	34023	卖盘
09:46:24	10.33	--	5	5165	买盘
09:46:21	10.33	--	28	28924	卖盘
09:46:18	10.33	-0.02	100	103300	卖盘
09:46:12	10.35	--	40	41400	买盘
09:46:00	10.35	--	93	96255	卖盘
09:45:57	10.35	--	80	82800	卖盘
09:45:51	10.35	-0.01	1	1035	卖盘
09:45:42	10.36	0.01	27	27972	买盘
09:45:24	10.35	-0.02	50	51750	卖盘
09:45:15	10.37	0.02	20	20740	买盘
09:45:09	10.35	-0.02	140	144900	卖盘
09:45:06	10.37	--	28	29035	买盘
09:44:54	10.37	-0.02	6	6221	卖盘
09:44:15	10.39	0.03	28	29092	买盘
09:44:00	10.36	-0.01	25	25900	卖盘
09:43:57	10.37	--	4	4148	买盘
09:43:45	10.37	--	44	45628	买盘
09:43:42	10.37	-0.02	14	14517	卖盘
09:43:33	10.39	--	20	20780	买盘
09:43:15	10.39	--	24	24936	买盘
09:43:12	10.39	--	3	3117	买盘
09:42:51	10.39	--	18	18702	卖盘
09:42:48	10.39	-0.01	6	6234	卖盘
09:42:12	10.4	--	9	9360	卖盘
09:41:36	10.4	--	2	2080	买盘
09:41:15	10.4	--	5	5200	买盘
09:41:09	10.4	--	10	10400	买盘
09:40:54	10.4	-0.01	29	30160	卖盘
09:40:51	10.41	--	41	42681	买盘
09:40:39	10.41	--	10	10410	买盘
09:40:12	10.41	--	78	81198	买盘
09:40:09	10.41	--	11	11451	卖盘
09:39:54	10.41	--	2	2082	卖盘
09:39:39	10.41	--	7	7287	卖盘
09:39:36	10.41	--	3	3123	卖盘
09:39:18	10.41	-0.01	2	2082	卖盘
09:39:00	10.42	--	67	69814	卖盘
09:38:48	10.42	--	1	1042	卖盘
09:38:24	10.42	--	4	4168	卖盘
09:38:03	10.42	-0.01	10	10420	卖盘
09:37:51	10.43	--	12	12516	买盘
09:37:33	10.43	0.01	5	5215	买盘
09:37:30	10.42	-0.01	29	30218	卖盘
09:37:18	10.43	--	9	9387	买盘
09:36:51	10.43	0.01	1	1043	买盘
09:35:42	10.42	-0.01	30	31260	卖盘
09:35:36	10.43	--	45	46935	买盘
09:35:33	10.43	0.01	3	3129	买盘
09:34:57	10.42	--	17	17714	买盘
09:34:21	10.42	0.01	10	10420	买盘
09:33:36	10.41	--	4	4164	卖盘
09:33:03	10.41	0.01	25	26025	买盘
09:32:54	10.4	--	20	20800	卖盘
09:32:48	10.4	-0.01	9	9360	卖盘
09:32:12	10.41	--	4	4164	卖盘
09:31:39	10.41	--	5	5205	卖盘
09:30:57	10.41	-0.02	15	15615	卖盘
09:30:45	10.43	0.02	2	2086	卖盘
09:30:06	10.41	--	3	3123	买盘
09:30:03	10.41	--	14	14574	卖盘
09:30:00	10.41	--	0	0	卖盘
09:25:03	10.41	10.41	1	1041	买盘
