成交时间	成交价	价格变动	成交量(手)	成交额(元)	性质
15:00:03	15.27	0.01	3887	5935449	买盘
14:57:00	15.26	--	12	18312	买盘
14:56:57	15.26	--	69	105294	中性盘
14:56:54	15.26	--	140	213640	卖盘
14:56:51	15.26	-0.01	28	42728	卖盘
14:56:48	15.27	0.01	16	24432	买盘
14:56:45	15.26	--	14	21364	卖盘
14:56:42	15.26	--	43	65618	卖盘
14:56:39	15.26	0.01	255	390564	买盘
14:56:36	15.25	--	77	117425	卖盘
14:56:33	15.25	-0.02	138	211304	卖盘
14:56:30	15.27	0.01	224	342719	买盘
14:56:27	15.26	0.01	149	227374	买盘
14:56:24	15.25	--	13	19825	卖盘
14:56:21	15.25	-0.01	413	629825	卖盘
14:56:18	15.26	0.01	363	553938	买盘
14:56:15	15.25	-0.01	154	234850	卖盘
14:56:12	15.26	-0.01	32	48832	卖盘
14:56:09	15.27	--	41	62607	买盘
14:56:06	15.27	0.01	89	135903	买盘
14:56:03	15.26	-0.01	117	178542	卖盘
14:56:00	15.27	--	22	33594	买盘
14:55:57	15.27	0.01	34	51918	买盘
14:55:54	15.26	-0.01	63	96138	卖盘
14:55:51	15.27	0.01	107	163389	买盘
14:55:48	15.26	--	35	53410	卖盘
14:55:45	15.26	--	58	88508	卖盘
14:55:42	15.26	--	202	308252	卖盘
14:55:39	15.26	-0.01	7	10682	卖盘
14:55:36	15.27	0.01	50	76350	买盘
14:55:33	15.26	-0.01	44	67144	卖盘
14:55:30	15.27	--	117	179956	卖盘
14:55:27	15.27	-0.01	113	172551	卖盘
14:55:24	15.28	0.01	70	107189	买盘
14:55:21	15.27	-0.01	103	157281	卖盘
14:55:18	15.28	0.01	20	30560	中性盘
14:55:15	15.27	-0.02	190	290130	卖盘
14:55:12	15.29	0.01	107	163603	买盘
14:55:09	15.28	--	34	51952	买盘
14:55:06	15.28	-0.01	187	285736	卖盘
14:55:03	15.29	0.01	25	38225	买盘
14:55:00	15.28	--	61	93208	卖盘
14:54:57	15.28	-0.01	54	82512	卖盘
14:54:54	15.29	--	152	232408	买盘
14:54:48	15.29	--	10	15290	买盘
14:54:45	15.29	--	8	12232	买盘
14:54:42	15.29	--	13	19877	买盘
14:54:39	15.29	--	26	39754	买盘
14:54:36	15.29	--	151	230879	买盘
14:54:33	15.29	--	41	62689	买盘
14:54:30	15.29	--	7	10703	买盘
14:54:27	15.29	--	10	15290	买盘
14:54:24	15.29	--	18	27522	卖盘
14:54:21	15.29	--	10	15290	买盘
14:54:18	15.29	--	6	10473	卖盘
14:54:15	15.29	--	0	229	买盘
14:54:12	15.29	--	444	679640	卖盘
14:54:09	15.29	-0.01	142	217118	卖盘
14:54:06	15.3	--	12	18360	买盘
14:54:03	15.3	0.01	92	140760	买盘
14:54:00	15.29	--	220	336380	卖盘
14:53:57	15.29	-0.01	70	107030	卖盘
14:53:54	15.3	0.01	70	107100	买盘
14:53:48	15.29	-0.01	16	24464	卖盘
14:53:45	15.3	--	55	84150	买盘
14:53:42	15.3	0.01	3	4590	买盘
14:53:39	15.29	-0.01	118	180422	卖盘
14:53:36	15.3	--	14	21420	买盘
14:53:33	15.3	--	15	22950	买盘
14:53:30	15.3	--	61	93330	买盘
14:53:27	15.3	--	3	4590	买盘
14:53:24	15.3	0.01	21	32130	买盘
14:53:21	15.29	-0.01	12	18348	卖盘
14:53:18	15.3	--	122	186660	买盘
14:53:15	15.3	0.01	47	72675	买盘
14:53:12	15.29	--	36	55044	买盘
14:53:09	15.29	-0.01	56	85624	卖盘
14:53:06	15.3	0.01	131	200430	买盘
14:53:03	15.29	--	27	41283	买盘
14:53:00	15.29	--	64	97856	买盘
14:52:57	15.29	--	51	77979	买盘
14:52:54	15.29	--	25	38225	买盘
14:52:51	15.29	-0.01	2	3058	中性盘
14:52:48	15.3	0.01	78	119340	买盘
14:52:45	15.29	--	8	12232	买盘
14:52:42	15.29	--	2	3058	买盘
14:52:39	15.29	-0.01	76	117503	卖盘
14:52:36	15.3	--	6	9180	卖盘
14:52:33	15.3	--	16	24480	卖盘
14:52:30	15.3	--	123	188419	买盘
14:52:27	15.3	--	12	18360	买盘
14:52:24	15.3	0.01	16	25780	卖盘
14:52:21	15.29	-0.01	101	154429	卖盘
14:52:18	15.3	--	40	61200	卖盘
14:52:15	15.3	--	25	38250	买盘
14:52:12	15.3	--	129	197370	卖盘
14:52:09	15.3	0.01	78	119569	买盘
14:52:06	15.29	--	209	319561	卖盘
14:52:03	15.29	--	20	30580	卖盘
14:52:00	15.29	-0.01	38	58102	卖盘
14:51:57	15.3	--	79	120870	买盘
14:51:54	15.3	--	53	81090	买盘
14:51:51	15.3	--	12	18360	买盘
14:51:48	15.3	0.01	218	333540	买盘
14:51:42	15.29	-0.01	239	365431	买盘
14:51:39	15.3	0.02	15	22950	买盘
14:51:36	15.28	-0.02	89	135992	卖盘
14:51:33	15.3	0.02	22	33660	买盘
14:51:30	15.28	-0.02	182	278096	卖盘
14:51:27	15.3	0.01	70	107100	买盘
14:51:24	15.29	--	21	32109	卖盘
14:51:21	15.29	-0.01	15	22935	卖盘
14:51:18	15.3	0.01	8	12240	买盘
14:51:15	15.29	0.01	76	116204	买盘
14:51:12	15.28	-0.01	13	19864	卖盘
14:51:09	15.29	--	59	90211	买盘
14:51:06	15.29	--	23	35931	买盘
14:51:03	15.29	0.01	72	110088	买盘
14:51:00	15.28	-0.01	40	61120	卖盘
14:50:57	15.29	--	118	180422	买盘
14:50:54	15.29	0.01	95	145255	买盘
14:50:48	15.28	-0.01	40	61120	卖盘
14:50:45	15.29	0.01	54	82566	买盘
14:50:42	15.28	--	170	260524	买盘
14:50:39	15.28	0.01	136	207808	买盘
14:50:36	15.27	0.02	20	30540	买盘
14:50:33	15.25	-0.03	1	1525	卖盘
14:50:30	15.28	0.01	65	99320	买盘
14:50:27	15.27	0.03	337	514599	中性盘
14:50:18	15.24	--	219	333756	卖盘
14:50:15	15.24	-0.01	25	38100	卖盘
14:50:12	15.25	--	46	70150	买盘
14:50:09	15.25	--	98	149450	买盘
14:50:06	15.25	--	45	68625	买盘
14:50:03	15.25	--	25	38125	买盘
14:50:00	15.25	--	43	65575	买盘
14:49:57	15.25	--	86	131150	买盘
14:49:54	15.25	--	118	180712	卖盘
14:49:51	15.25	--	58	88450	卖盘
14:49:48	15.25	--	404	616100	卖盘
14:49:45	15.25	--	67	102175	卖盘
14:49:42	15.25	--	75	114375	卖盘
14:49:39	15.25	-0.01	141	215025	卖盘
14:49:36	15.26	0.01	102	155652	买盘
14:49:33	15.25	--	67	102175	卖盘
14:49:30	15.25	-0.02	136	208162	卖盘
14:49:27	15.27	0.01	132	201564	买盘
14:49:24	15.26	--	23	35098	买盘
14:49:21	15.26	-0.01	333	508158	卖盘
14:49:18	15.27	--	68	103836	卖盘
14:49:15	15.27	--	60	91620	卖盘
14:49:12	15.27	--	12	18324	卖盘
14:49:09	15.27	-0.01	10	15270	卖盘
14:49:06	15.28	0.01	7	10696	买盘
14:49:03	15.27	-0.01	172	262644	卖盘
14:49:00	15.28	--	104	158912	买盘
14:48:57	15.28	--	41	62648	买盘
14:48:54	15.28	--	1	1528	买盘
14:48:51	15.28	--	431	659332	卖盘
14:48:48	15.28	--	236	361372	卖盘
14:48:45	15.28	--	212	323936	卖盘
14:48:39	15.28	-0.01	111	169608	卖盘
14:48:36	15.29	--	42	64218	买盘
14:48:33	15.29	-0.01	77	118268	卖盘
14:48:30	15.3	--	70	107100	买盘
14:48:27	15.3	0.01	311	475830	买盘
14:48:24	15.29	-0.01	51	77979	卖盘
14:48:18	15.3	--	293	448290	买盘
14:48:15	15.3	--	173	264690	卖盘
14:48:12	15.3	--	94	143820	卖盘
14:48:09	15.3	-0.01	216	330480	卖盘
14:48:06	15.31	0.01	82	125542	买盘
14:48:03	15.3	--	718	1099305	卖盘
14:48:00	15.3	--	127	194310	卖盘
14:47:57	15.3	--	1688	2582640	卖盘
14:47:54	15.3	-0.01	165	252450	卖盘
14:47:51	15.31	0.01	56	85736	买盘
14:47:48	15.3	--	81	123930	卖盘
14:47:45	15.3	-0.01	900	1377000	卖盘
14:47:42	15.31	0.01	7	10717	买盘
14:47:39	15.3	-0.01	10	15300	卖盘
14:47:36	15.31	--	33	50523	买盘
14:47:33	15.31	0.01	61	93391	买盘
14:47:30	15.3	--	268	410040	卖盘
14:47:27	15.3	-0.01	12	18360	卖盘
14:47:24	15.31	0.01	42	64302	买盘
14:47:21	15.3	-0.01	235	359550	卖盘
14:47:18	15.31	0.01	3	4593	买盘
14:47:15	15.3	-0.01	57	87210	卖盘
14:47:12	15.31	--	2	3062	买盘
14:47:06	15.31	--	129	197499	卖盘
14:47:03	15.31	--	12	18372	卖盘
14:47:00	15.31	--	46	70426	卖盘
14:46:57	15.31	--	5	7655	买盘
14:46:54	15.31	--	12	18372	买盘
14:46:51	15.31	--	53	81143	卖盘
14:46:45	15.31	-0.01	82	126307	卖盘
14:46:42	15.32	0.01	14	21448	买盘
14:46:39	15.31	--	11	16841	卖盘
14:46:36	15.31	-0.01	88	134728	卖盘
14:46:33	15.32	--	56	85792	买盘
14:46:30	15.32	0.01	31	47492	买盘
14:46:27	15.31	--	87	133197	卖盘
14:46:24	15.31	--	11	16841	卖盘
14:46:21	15.31	--	10	15310	卖盘
14:46:18	15.31	--	151	231181	卖盘
14:46:15	15.31	--	29	44399	卖盘
14:46:09	15.31	--	50	76550	卖盘
14:46:06	15.31	--	3	5358	卖盘
14:46:00	15.31	--	361	552691	卖盘
14:45:57	15.31	-0.01	200	306200	卖盘
14:45:54	15.32	--	72	110304	买盘
14:45:51	15.32	--	2	3064	买盘
14:45:48	15.32	0.01	5	7660	买盘
14:45:45	15.31	-0.01	33	50523	卖盘
14:45:42	15.32	-0.01	11	16852	卖盘
14:45:39	15.33	0.01	2	3066	买盘
14:45:36	15.32	-0.01	31	47492	卖盘
14:45:33	15.33	0.01	119	182427	买盘
14:45:27	15.32	--	120	183840	卖盘
14:45:24	15.32	--	54	82728	卖盘
14:45:15	15.32	--	51	78132	卖盘
14:45:09	15.32	-0.01	380	582160	卖盘
14:45:06	15.33	0.01	32	49056	买盘
14:45:00	15.32	-0.01	99	151668	卖盘
14:44:57	15.33	--	8	12264	买盘
14:44:54	15.33	--	122	187026	买盘
14:44:51	15.33	--	16	24528	买盘
14:44:48	15.33	--	30	45990	买盘
14:44:42	15.33	0.01	15	22995	买盘
14:44:39	15.32	-0.01	30	45960	卖盘
14:44:36	15.33	--	2	3066	买盘
14:44:27	15.33	--	149	228417	买盘
14:44:24	15.33	0.01	30	45990	买盘
14:44:21	15.32	-0.01	14	21448	卖盘
14:44:18	15.33	--	10	15330	买盘
14:44:15	15.33	--	5	7665	买盘
14:44:12	15.33	--	9	13797	买盘
14:44:09	15.33	--	6	9198	买盘
14:44:06	15.33	--	10	15330	买盘
14:44:03	15.33	-0.01	467	716677	卖盘
14:44:00	15.34	0.01	225	345917	买盘
14:43:57	15.33	-0.01	10	15330	卖盘
14:43:54	15.34	0.01	2	3068	中性盘
14:43:51	15.33	-0.02	35	53655	卖盘
14:43:48	15.35	0.01	5	7675	买盘
14:43:45	15.34	0.01	2	3068	买盘
14:43:42	15.33	-0.01	120	183960	卖盘
14:43:39	15.34	-0.01	18	27612	卖盘
14:43:36	15.35	0.01	1	1535	买盘
14:43:33	15.34	--	10	15340	卖盘
14:43:30	15.34	-0.01	3	4602	卖盘
14:43:27	15.35	0.01	183	280905	买盘
14:43:21	15.34	-0.01	1	1534	卖盘
14:43:15	15.35	0.01	29	44515	买盘
14:43:06	15.34	--	15	23010	卖盘
14:43:03	15.34	--	6	9204	卖盘
14:43:00	15.34	--	320	490880	买盘
14:42:57	15.34	0.01	7	10738	买盘
14:42:54	15.33	--	172	263676	卖盘
14:42:51	15.33	-0.01	7	10731	卖盘
14:42:42	15.34	0.01	20	30680	买盘
14:42:33	15.33	--	4	6132	买盘
14:42:30	15.33	--	2	3066	买盘
14:42:27	15.33	0.01	6	9198	买盘
14:42:24	15.32	--	5	7660	卖盘
14:42:21	15.32	-0.01	42	64344	卖盘
14:42:12	15.33	--	212	325762	卖盘
14:42:09	15.33	--	7	10731	卖盘
14:42:06	15.33	--	48	74350	卖盘
14:42:03	15.33	-0.01	2	3066	卖盘
14:42:00	15.34	0.01	81	124254	买盘
14:41:57	15.33	-0.01	41	62853	卖盘
14:41:51	15.34	--	118	181012	买盘
14:41:48	15.34	--	15	23010	买盘
14:41:39	15.34	--	20	30680	买盘
14:41:36	15.34	0.01	10	15340	买盘
14:41:33	15.33	--	32	49056	卖盘
14:41:30	15.33	-0.01	5	7665	卖盘
14:41:27	15.34	0.02	50	76700	买盘
14:41:18	15.32	--	14	21448	买盘
14:41:15	15.32	0.01	5	7660	买盘
14:41:12	15.31	-0.02	6	9186	卖盘
14:41:09	15.33	0.01	104	159432	买盘
14:41:06	15.32	-0.01	106	162392	卖盘
14:41:00	15.33	0.01	31	47523	买盘
14:40:57	15.32	--	20	30640	卖盘
14:40:51	15.32	--	9	13788	卖盘
14:40:45	15.32	0.01	10	15320	买盘
14:40:42	15.31	--	180	275580	卖盘
14:40:39	15.31	-0.01	11	16841	卖盘
14:40:33	15.32	--	16	24512	卖盘
14:40:27	15.32	--	69	105708	卖盘
14:40:24	15.32	0.01	25	38300	卖盘
14:40:18	15.31	--	130	199030	卖盘
14:40:12	15.31	-0.02	20	30620	卖盘
14:40:09	15.33	0.02	200	306600	买盘
14:40:06	15.31	-0.01	38	58178	卖盘
14:40:00	15.32	0.01	8	12256	买盘
14:39:54	15.31	--	2	3062	卖盘
14:39:51	15.31	--	61	93391	卖盘
14:39:48	15.31	--	7	10717	中性盘
14:39:39	15.31	0.01	18	27558	买盘
14:39:36	15.3	-0.01	221	338130	卖盘
14:39:33	15.31	--	13	19903	买盘
14:39:30	15.31	--	10	15310	买盘
14:39:27	15.31	-0.02	431	659861	卖盘
14:39:24	15.33	0.01	21	32193	买盘
14:39:18	15.32	--	90	137880	卖盘
14:39:15	15.32	-0.01	2	3064	卖盘
14:39:12	15.33	--	2	3066	买盘
14:39:06	15.33	0.01	6	9198	买盘
14:39:00	15.32	0.01	95	145540	买盘
14:38:57	15.31	-0.01	71	108701	卖盘
14:38:54	15.32	0.01	54	82728	买盘
14:38:51	15.31	-0.01	52	79612	卖盘
14:38:45	15.32	--	20	30640	买盘
14:38:42	15.32	--	10	15320	买盘
14:38:39	15.32	--	3	4596	买盘
14:38:33	15.32	-0.01	62	94984	卖盘
14:38:30	15.33	--	50	76650	买盘
14:38:27	15.33	--	303	464499	买盘
14:38:21	15.33	--	12	18396	卖盘
14:38:18	15.33	-0.01	30	45990	卖盘
14:38:15	15.34	0.01	12	18408	买盘
14:38:12	15.33	--	134	205422	卖盘
14:38:06	15.33	--	14	21462	买盘
14:38:03	15.33	--	4	6132	买盘
14:38:00	15.33	-0.01	13	19929	卖盘
14:37:42	15.34	0.02	48	73632	买盘
14:37:39	15.32	-0.02	50	76600	卖盘
14:37:36	15.34	--	9	13806	买盘
14:37:30	15.34	--	7	10738	买盘
14:37:18	15.34	0.01	10	15340	买盘
14:37:15	15.33	--	23	35259	卖盘
14:37:12	15.33	--	20	30660	卖盘
14:37:06	15.33	--	11	16863	卖盘
14:37:03	15.33	--	31	47523	卖盘
14:36:54	15.33	--	23	35259	买盘
14:36:48	15.33	--	5	7665	买盘
14:36:45	15.33	--	36	55954	买盘
14:36:39	15.33	0.02	12	19162	买盘
14:36:36	15.31	-0.01	81	124011	卖盘
14:36:30	15.32	--	6	9192	买盘
14:36:27	15.32	--	43	66642	卖盘
14:36:24	15.32	--	7	10724	卖盘
14:36:21	15.32	--	25	38300	卖盘
14:36:18	15.32	--	1	1532	卖盘
14:36:15	15.32	--	18	27576	卖盘
14:36:09	15.32	--	20	30640	卖盘
14:36:06	15.32	--	84	128688	卖盘
14:36:03	15.32	--	56	86558	买盘
14:35:51	15.32	--	35	54386	卖盘
14:35:48	15.32	--	264	405214	买盘
14:35:45	15.32	0.01	75	114900	买盘
14:35:42	15.31	--	362	554987	卖盘
14:35:39	15.31	-0.01	5	7655	卖盘
14:35:30	15.32	--	7	10724	买盘
14:35:27	15.32	--	22	33704	买盘
14:35:21	15.32	--	10	15320	买盘
14:35:18	15.32	0.01	28	42896	买盘
14:35:15	15.31	-0.01	5	7655	卖盘
14:35:09	15.32	--	5	7660	买盘
14:35:06	15.32	-0.01	96	147838	卖盘
14:35:03	15.33	--	49	75117	买盘
14:35:00	15.33	0.01	56	85848	买盘
14:34:57	15.32	-0.01	1	2298	卖盘
14:34:48	15.33	--	14	21462	买盘
14:34:42	15.33	--	6	9198	卖盘
14:34:39	15.33	--	10	15330	卖盘
14:34:36	15.33	--	76	116508	买盘
14:34:27	15.33	--	15	22995	买盘
14:34:24	15.33	0.03	15	22995	买盘
14:34:18	15.3	-0.02	1030	1575900	卖盘
14:34:12	15.32	--	16	24512	卖盘
14:34:09	15.32	--	5	7660	卖盘
14:34:06	15.32	--	62	94984	卖盘
14:34:00	15.32	--	50	77366	卖盘
14:33:57	15.32	--	288	441982	买盘
14:33:51	15.32	--	237	363084	买盘
14:33:48	15.32	--	18	27576	买盘
14:33:45	15.32	--	5	7660	买盘
14:33:39	15.32	--	10	15320	买盘
14:33:36	15.32	--	10	15320	买盘
14:33:33	15.32	-0.01	22	34470	卖盘
14:33:30	15.33	0.01	2	3066	买盘
14:33:27	15.32	--	5	7660	卖盘
14:33:24	15.32	--	17	26044	卖盘
14:33:21	15.32	--	13	20682	买盘
14:33:18	15.32	0.01	15	22980	买盘
14:33:15	15.31	--	4	6124	卖盘
14:33:12	15.31	--	51	78081	卖盘
14:33:09	15.31	-0.01	15	22965	卖盘
14:33:06	15.32	0.01	28	42896	买盘
14:32:57	15.31	-0.01	25	38275	卖盘
14:32:51	15.32	0.01	30	45960	买盘
14:32:45	15.31	--	31	47461	卖盘
14:32:33	15.31	-0.02	121	185251	卖盘
14:32:30	15.33	0.01	30	45990	买盘
14:32:27	15.32	0.01	9	13788	中性盘
14:32:18	15.31	-0.02	20	30620	卖盘
14:32:15	15.33	0.01	5	7665	买盘
14:32:12	15.32	--	2	3064	卖盘
14:32:09	15.32	0.01	20	30640	买盘
14:32:06	15.31	-0.02	77	117887	卖盘
14:32:00	15.33	0.02	1	1533	买盘
14:31:57	15.31	-0.01	35	53585	卖盘
14:31:54	15.32	-0.01	50	76600	卖盘
14:31:51	15.33	--	86	131838	买盘
14:31:42	15.33	--	56	85848	买盘
14:31:39	15.33	0.02	100	153300	买盘
14:31:36	15.31	-0.01	86	131666	卖盘
14:31:33	15.32	--	11	16852	卖盘
14:31:30	15.32	--	30	45960	卖盘
14:31:27	15.32	-0.01	105	160860	卖盘
14:31:21	15.33	--	7	10731	买盘
14:31:15	15.33	0.01	10	15330	买盘
14:31:12	15.32	-0.01	108	165456	卖盘
14:31:09	15.33	--	18	27594	买盘
14:31:00	15.33	--	67	102711	卖盘
14:30:54	15.33	--	76	116508	卖盘
14:30:48	15.33	-0.01	40	61320	卖盘
14:30:42	15.34	--	100	153400	买盘
14:30:39	15.34	0.01	1	1534	买盘
14:30:36	15.33	--	203	311199	卖盘
14:30:33	15.33	--	18	27594	卖盘
14:30:30	15.33	--	8	12264	卖盘
14:30:27	15.33	--	1	1533	卖盘
14:30:24	15.33	--	20	30660	卖盘
14:30:21	15.33	-0.01	76	116508	卖盘
14:30:15	15.34	--	38	58292	卖盘
14:30:09	15.34	--	7	10738	卖盘
14:30:06	15.34	--	10	15340	卖盘
14:30:03	15.34	-0.01	130	199420	卖盘
14:29:57	15.35	--	29	44515	买盘
14:29:54	15.35	0.01	74	113590	买盘
14:29:48	15.34	--	10	15340	卖盘
14:29:45	15.34	-0.01	6	9204	卖盘
14:29:39	15.35	--	115	176525	卖盘
14:29:36	15.35	-0.01	328	503480	卖盘
14:29:33	15.36	0.01	58	89088	中性盘
14:29:15	15.35	--	4	6140	卖盘
14:29:12	15.35	--	49	75215	卖盘
14:29:09	15.35	-0.01	35	53725	卖盘
14:28:54	15.36	-0.01	167	256512	卖盘
14:28:51	15.37	--	11	16907	买盘
14:28:39	15.37	--	6	9222	买盘
14:28:36	15.37	-0.01	89	136793	卖盘
14:28:30	15.38	0.01	15	23070	买盘
14:28:27	15.37	--	30	46110	卖盘
14:28:24	15.37	--	73	112201	卖盘
14:28:21	15.37	--	15	23055	卖盘
14:28:18	15.37	-0.01	20	30740	卖盘
14:28:15	15.38	--	16	24608	买盘
14:28:12	15.38	0.01	20	30760	买盘
14:28:06	15.37	--	6	9222	卖盘
14:28:03	15.37	--	4	6148	卖盘
14:28:00	15.37	-0.01	5	7685	卖盘
14:27:54	15.38	--	5	7690	买盘
14:27:48	15.38	--	135	208399	卖盘
14:27:45	15.38	--	210	322980	卖盘
14:27:42	15.38	--	14	21532	卖盘
14:27:33	15.38	--	4	6152	卖盘
14:27:24	15.38	-0.01	93	143034	卖盘
14:27:06	15.39	-0.01	29	44631	卖盘
14:26:57	15.4	--	10	15400	买盘
14:26:42	15.4	0.01	34	52360	买盘
14:26:33	15.39	-0.01	13	20007	卖盘
14:26:30	15.4	--	59	90860	买盘
14:26:27	15.4	--	1	1540	买盘
14:26:24	15.4	--	1	1540	买盘
14:26:15	15.4	0.01	5	7700	买盘
14:26:12	15.39	-0.01	11	16929	卖盘
14:26:09	15.4	0.01	135	207900	买盘
14:26:06	15.39	-0.01	20	30780	卖盘
14:26:00	15.4	--	25	38500	买盘
14:25:54	15.4	--	56	86240	买盘
14:25:39	15.4	--	22	33880	买盘
14:25:33	15.4	0.01	10	15400	买盘
14:25:30	15.39	-0.01	3	4617	卖盘
14:25:27	15.4	--	24	36960	买盘
14:25:24	15.4	--	2	3080	买盘
14:25:21	15.4	--	196	302995	卖盘
14:25:18	15.4	--	200	308000	卖盘
14:25:15	15.4	--	7	10780	卖盘
14:25:12	15.4	-0.01	11	16940	卖盘
14:25:06	15.41	0.02	282	434947	买盘
14:25:03	15.39	--	3	4617	买盘
14:24:57	15.39	0.01	1	1539	买盘
14:24:54	15.38	-0.01	9	13842	卖盘
14:24:51	15.39	--	58	89262	卖盘
14:24:42	15.39	--	204	313956	卖盘
14:24:39	15.39	--	144	221616	买盘
14:24:36	15.39	0.01	22	33858	买盘
14:24:30	15.38	-0.01	31	48447	卖盘
14:24:18	15.39	0.01	25	38475	买盘
14:24:15	15.38	-0.01	6	9228	卖盘
14:24:12	15.39	0.01	1	1539	买盘
14:24:06	15.38	-0.01	11	16918	卖盘
14:24:00	15.39	--	4	6156	买盘
14:23:57	15.39	0.01	6	9234	买盘
14:23:51	15.38	-0.02	32	49216	卖盘
14:23:36	15.4	--	34	52360	买盘
14:23:27	15.4	0.02	8	12320	买盘
14:23:15	15.38	0.02	391	601358	买盘
14:23:12	15.36	--	9	13824	卖盘
14:23:06	15.36	-0.02	8	12288	卖盘
14:23:03	15.38	0.01	524	805912	买盘
14:22:57	15.37	--	22	33814	买盘
14:22:54	15.37	--	6	9222	买盘
14:22:51	15.37	--	9	13833	买盘
14:22:48	15.37	--	8	12296	买盘
14:22:45	15.37	--	16	24592	卖盘
14:22:39	15.37	--	30	46110	卖盘
14:22:27	15.37	0.01	2	3074	买盘
14:22:24	15.36	0.01	19	29184	卖盘
14:22:21	15.35	--	51	78285	卖盘
14:22:18	15.35	-0.01	100	153500	卖盘
14:22:15	15.36	--	123	188928	卖盘
14:22:12	15.36	--	2	3072	买盘
14:22:06	15.36	0.01	1	1536	买盘
14:22:03	15.35	-0.01	48	73680	卖盘
14:21:57	15.36	0.01	6	9216	买盘
14:21:51	15.35	-0.01	28	42980	卖盘
14:21:45	15.36	-0.02	39	59904	卖盘
14:21:42	15.38	0.01	90	138420	买盘
14:21:39	15.37	-0.01	55	84535	卖盘
14:21:36	15.38	--	74	113812	卖盘
14:21:30	15.38	--	10	15380	卖盘
14:21:27	15.38	--	6	9228	卖盘
14:21:24	15.38	--	26	39988	卖盘
14:21:21	15.38	--	14	21532	卖盘
14:21:18	15.38	-0.01	3	4614	卖盘
14:21:15	15.39	0.01	21	32319	买盘
14:21:12	15.38	-0.01	46	70748	卖盘
14:21:09	15.39	--	4	6156	买盘
14:21:03	15.39	--	3	4617	买盘
14:20:57	15.39	--	2	3078	买盘
14:20:54	15.39	--	109	167751	卖盘
14:20:48	15.39	-0.01	30	46170	卖盘
14:20:42	15.4	--	48	73920	买盘
14:20:39	15.4	--	5	7700	买盘
14:20:30	15.4	--	39	60060	买盘
14:20:21	15.4	-0.02	143	221375	卖盘
14:20:18	15.42	0.02	4	6168	买盘
14:20:15	15.4	-0.02	530	816200	卖盘
14:20:12	15.42	0.01	31	47802	买盘
14:20:09	15.41	-0.01	1	1541	卖盘
14:20:06	15.42	0.01	9	13878	中性盘
14:19:57	15.41	-0.01	115	177215	卖盘
14:19:54	15.42	--	5	7710	买盘
14:19:48	15.42	--	10	15420	买盘
14:19:45	15.42	-0.01	3	4626	中性盘
14:19:42	15.43	0.01	40	61720	买盘
14:19:39	15.42	--	21	32382	买盘
14:19:33	15.42	-0.01	87	134154	卖盘
14:19:27	15.43	--	1	1543	买盘
14:19:24	15.43	0.01	90	138870	买盘
14:19:21	15.42	--	6	9252	买盘
14:19:18	15.42	--	30	46260	买盘
14:19:15	15.42	0.01	14	21588	买盘
14:19:09	15.41	--	2	3082	买盘
14:19:06	15.41	0.01	52	80132	买盘
14:19:00	15.4	--	3	5390	卖盘
14:18:57	15.4	--	206	318395	买盘
14:18:54	15.4	--	30	46200	买盘
14:18:51	15.4	0.01	10	15400	买盘
14:18:45	15.39	-0.01	103	158517	卖盘
14:18:42	15.4	--	20	30800	买盘
14:18:30	15.4	0.02	50	77000	买盘
14:18:27	15.38	--	17	26146	卖盘
14:18:24	15.38	--	5	7690	卖盘
14:18:21	15.38	--	65	99970	买盘
14:18:18	15.38	--	13	19994	买盘
14:18:15	15.38	--	2	3076	买盘
14:18:06	15.38	--	110	169180	买盘
14:18:03	15.38	--	9	13842	买盘
14:18:00	15.38	--	11	16918	卖盘
14:17:57	15.38	--	6	9228	卖盘
14:17:54	15.38	--	37	56906	买盘
14:17:51	15.38	--	6	9228	买盘
14:17:48	15.38	--	10	15380	买盘
14:17:45	15.38	--	57	87666	买盘
14:17:36	15.38	0.01	5	7690	买盘
14:17:27	15.37	0.01	6	9990	买盘
14:17:12	15.36	-0.01	20	30720	卖盘
14:17:09	15.37	0.01	45	69933	买盘
14:17:06	15.36	--	4	6144	买盘
14:17:03	15.36	--	36	55296	买盘
14:16:57	15.36	--	12	18432	买盘
14:16:51	15.36	0.01	61	93696	中性盘
14:16:42	15.35	-0.01	30	46050	卖盘
14:16:36	15.36	--	15	23040	卖盘
14:16:30	15.36	0.01	5	7680	买盘
14:16:21	15.35	--	50	76750	卖盘
14:16:18	15.35	--	45	69075	卖盘
14:16:06	15.35	0.01	5	7675	买盘
14:16:00	15.34	--	9	13806	卖盘
14:15:57	15.34	-0.01	6	9204	卖盘
14:15:54	15.35	--	6	9210	买盘
14:15:51	15.35	--	50	76750	买盘
14:15:48	15.35	--	15	23025	买盘
14:15:36	15.35	0.01	5	7675	买盘
14:15:33	15.34	--	63	96642	卖盘
14:15:27	15.34	--	26	39884	卖盘
14:15:18	15.34	0.01	40	61360	卖盘
14:15:09	15.33	--	1	1533	卖盘
14:15:06	15.33	-0.01	66	101178	卖盘
14:15:00	15.34	--	10	15340	买盘
14:14:57	15.34	0.01	20	30680	买盘
14:14:54	15.33	-0.01	22	33726	卖盘
14:14:51	15.34	0.01	1	1534	买盘
14:14:48	15.33	-0.01	34	52122	卖盘
14:14:45	15.34	--	3	4602	买盘
14:14:39	15.34	--	20	30680	买盘
14:14:36	15.34	--	35	53690	买盘
14:14:27	15.34	0.01	6	9204	中性盘
14:14:15	15.33	--	3	4599	卖盘
14:14:12	15.33	-0.02	38	58254	卖盘
14:14:09	15.35	0.01	8	12280	买盘
14:14:03	15.34	--	42	64428	卖盘
14:13:54	15.34	--	1	1534	卖盘
14:13:51	15.34	--	24	36816	买盘
14:13:48	15.34	0.01	14	21476	买盘
14:13:42	15.33	-0.01	24	36792	卖盘
14:13:27	15.34	0.01	3	4602	中性盘
14:13:24	15.33	-0.01	111	170163	卖盘
14:13:21	15.34	--	18	27612	买盘
14:13:12	15.34	--	10	15340	买盘
14:13:03	15.34	0.02	2	3068	买盘
14:13:00	15.32	-0.02	16	24512	卖盘
14:12:48	15.34	0.01	147	225498	买盘
14:12:45	15.33	--	37	56721	买盘
14:12:42	15.33	--	1	1533	买盘
14:12:30	15.33	--	1	1533	买盘
14:12:27	15.33	0.01	2	3066	买盘
14:12:24	15.32	-0.01	4	6128	卖盘
14:12:21	15.33	--	3	4599	买盘
14:12:15	15.33	--	6	9198	卖盘
14:12:09	15.33	--	105	160965	卖盘
14:12:06	15.33	--	4	6132	卖盘
14:12:00	15.33	--	3	4599	卖盘
14:11:57	15.33	-0.01	34	52122	卖盘
14:11:54	15.34	0.01	1	1534	买盘
14:11:51	15.33	--	10	15330	卖盘
14:11:48	15.33	--	26	39858	卖盘
14:11:45	15.33	-0.01	5	7665	卖盘
14:11:42	15.34	0.01	5	7670	买盘
14:11:39	15.33	-0.01	4	6132	卖盘
14:11:36	15.34	0.01	1	1534	买盘
14:11:30	15.33	-0.01	74	113442	卖盘
14:11:24	15.34	--	4	6136	买盘
14:11:18	15.34	--	30	46020	买盘
14:11:15	15.34	--	1	1534	买盘
14:11:12	15.34	0.01	10	15340	买盘
14:11:09	15.33	--	70	107310	卖盘
14:11:03	15.33	--	4	6132	卖盘
14:11:00	15.33	-0.01	5	7665	卖盘
14:10:57	15.34	--	6	9204	买盘
14:10:54	15.34	--	15	23010	买盘
14:10:51	15.34	--	1	1534	买盘
14:10:48	15.34	-0.01	24	36816	卖盘
14:10:42	15.35	0.01	12	18420	买盘
14:10:39	15.34	--	16	24544	卖盘
14:10:36	15.34	-0.01	99	151866	卖盘
14:10:27	15.35	--	1	1535	买盘
14:10:24	15.35	--	46	70610	买盘
14:10:21	15.35	--	8	12280	买盘
14:10:12	15.35	--	2	3070	中性盘
14:10:09	15.35	--	33	50655	买盘
14:10:03	15.35	--	14	21490	买盘
14:09:57	15.35	--	10	15350	买盘
14:09:48	15.35	--	12	18420	买盘
14:09:45	15.35	0.01	7	10745	买盘
14:09:42	15.34	-0.01	14	21476	中性盘
14:09:39	15.35	--	98	151197	买盘
14:09:27	15.35	--	177	271695	买盘
14:09:21	15.35	0.01	7	10745	买盘
14:09:15	15.34	0.01	9	14573	卖盘
14:09:06	15.33	--	7	10731	卖盘
14:09:00	15.33	--	36	55188	卖盘
14:08:57	15.33	-0.02	10	15330	卖盘
14:08:48	15.35	0.02	4	6140	买盘
14:08:45	15.33	-0.02	53	81249	卖盘
14:08:42	15.35	--	9	13815	买盘
14:08:36	15.35	--	9	13815	买盘
14:08:33	15.35	--	5	7675	买盘
14:08:27	15.35	--	11	16885	买盘
14:08:24	15.35	0.02	4	6140	买盘
14:08:15	15.33	-0.02	124	190092	卖盘
14:08:09	15.35	0.01	110	168850	买盘
14:08:06	15.34	--	144	220896	卖盘
14:08:03	15.34	-0.01	60	92040	卖盘
14:08:00	15.35	--	40	61400	买盘
14:07:57	15.35	--	30	46050	买盘
14:07:48	15.35	--	80	122800	买盘
14:07:36	15.35	--	17	26095	买盘
14:07:33	15.35	--	5	7675	买盘
14:07:30	15.35	--	15	23025	买盘
14:07:18	15.35	--	5	7675	买盘
14:07:12	15.35	--	11	16885	买盘
14:07:00	15.35	0.01	10	15350	买盘
14:06:57	15.34	--	49	75166	买盘
14:06:54	15.34	0.01	2	3068	买盘
14:06:48	15.33	-0.01	27	41391	卖盘
14:06:45	15.34	--	3	4602	买盘
14:06:42	15.34	--	1	1534	买盘
14:06:39	15.34	0.01	32	49088	买盘
14:06:36	15.33	-0.01	9	13797	卖盘
14:06:33	15.34	0.01	61	93574	买盘
14:06:30	15.33	--	26	39858	卖盘
14:06:21	15.33	0.01	61	93513	买盘
14:06:18	15.32	--	11	16852	卖盘
14:06:15	15.32	-0.01	106	162392	卖盘
14:06:12	15.33	--	100	153300	买盘
14:06:09	15.33	--	9	13797	买盘
14:06:03	15.33	--	76	116508	买盘
14:05:51	15.33	0.01	9	13797	买盘
14:05:48	15.32	-0.01	11	16852	卖盘
14:05:45	15.33	0.01	30	45990	买盘
14:05:42	15.32	-0.01	220	337040	卖盘
14:05:36	15.33	--	2	3066	买盘
14:05:33	15.33	--	44	67452	买盘
14:05:30	15.33	--	86	131838	买盘
14:05:27	15.33	--	5	7665	买盘
14:05:24	15.33	0.01	2	3066	买盘
14:05:15	15.32	-0.01	102	156264	卖盘
14:05:12	15.33	0.01	63	96579	买盘
14:05:09	15.32	--	36	55918	卖盘
14:05:00	15.32	--	1	1532	卖盘
14:04:45	15.32	0.01	20	30640	买盘
14:04:42	15.31	--	100	153100	卖盘
14:04:39	15.31	--	200	306200	卖盘
14:04:36	15.31	-0.01	15	22965	卖盘
14:04:33	15.32	0.01	43	65876	买盘
14:04:24	15.31	-0.01	12	18372	卖盘
14:04:21	15.32	0.01	94	144008	买盘
14:04:18	15.31	--	1	1531	卖盘
14:04:15	15.31	--	3	4593	卖盘
14:04:12	15.31	--	19	29089	卖盘
14:04:06	15.31	--	3	4593	买盘
14:04:03	15.31	--	18	27558	买盘
14:04:00	15.31	--	12	18372	买盘
14:03:57	15.31	0.01	10	15310	买盘
14:03:45	15.3	--	101	154530	卖盘
14:03:42	15.3	-0.01	164	250920	卖盘
14:03:39	15.31	0.01	19	29089	买盘
14:03:36	15.3	--	74	113220	买盘
14:03:33	15.3	--	3	4590	卖盘
14:03:30	15.3	--	317	485010	卖盘
14:03:27	15.3	--	48	73440	卖盘
14:03:24	15.3	--	34	52020	卖盘
14:03:21	15.3	-0.01	50	76500	卖盘
14:03:18	15.31	0.01	20	30620	买盘
14:03:15	15.3	-0.01	30	45900	卖盘
14:03:12	15.31	0.01	24	36744	买盘
14:03:09	15.3	--	59	90270	卖盘
14:03:06	15.3	--	22	33660	卖盘
14:03:03	15.3	--	30	45900	卖盘
14:03:00	15.3	-0.01	12	18360	卖盘
14:02:57	15.31	--	52	80377	卖盘
14:02:54	15.31	--	63	97218	卖盘
14:02:51	15.31	0.01	44	67364	买盘
14:02:48	15.3	-0.01	7	10710	卖盘
14:02:45	15.31	--	34	52054	卖盘
14:02:42	15.31	0.01	12	18372	买盘
14:02:39	15.3	-0.01	50	76500	卖盘
14:02:33	15.31	--	16	24496	买盘
14:02:30	15.31	0.01	98	150038	买盘
14:02:27	15.3	--	9	13770	卖盘
14:02:21	15.3	-0.02	418	639540	卖盘
14:02:18	15.32	--	5	7660	买盘
14:02:12	15.32	--	2	3064	买盘
14:02:09	15.32	--	0	766	卖盘
14:02:06	15.32	--	143	219076	卖盘
14:02:03	15.32	-0.01	70	107240	卖盘
14:01:54	15.33	--	9	13797	买盘
14:01:51	15.33	--	37	56721	卖盘
14:01:48	15.33	0.01	10	15330	卖盘
14:01:39	15.32	--	170	260440	卖盘
14:01:36	15.32	-0.02	4	6128	卖盘
14:01:33	15.34	0.01	100	153400	买盘
14:01:30	15.33	--	20	30660	买盘
14:01:24	15.33	0.01	2	3066	买盘
14:01:21	15.32	-0.01	40	61280	卖盘
14:01:18	15.33	--	66	101178	买盘
14:01:15	15.33	0.01	8	12264	买盘
14:01:09	15.32	-0.01	65	99580	卖盘
14:01:06	15.33	--	1	1533	买盘
14:00:57	15.33	--	14	21462	买盘
14:00:54	15.33	0.01	11	16863	买盘
14:00:51	15.32	--	44	68174	卖盘
14:00:48	15.32	-0.01	34	52088	卖盘
14:00:42	15.33	0.01	4	6132	买盘
14:00:39	15.32	--	28	42896	卖盘
14:00:36	15.32	--	128	196096	卖盘
14:00:33	15.32	-0.01	176	269632	卖盘
14:00:30	15.33	0.01	3	4599	买盘
14:00:27	15.32	--	14	21448	卖盘
14:00:24	15.32	--	9	13788	卖盘
14:00:21	15.32	--	101	154732	买盘
14:00:18	15.32	--	53	81196	买盘
14:00:15	15.32	--	25	38300	买盘
14:00:12	15.32	--	4	6128	买盘
14:00:09	15.32	0.01	16	24512	买盘
14:00:06	15.31	-0.01	10	15310	卖盘
14:00:00	15.32	--	2	3064	买盘
13:59:57	15.32	-0.01	166	254312	卖盘
13:59:51	15.33	-0.01	9	13797	卖盘
13:59:48	15.34	0.01	5	7670	买盘
13:59:45	15.33	--	3	4599	卖盘
13:59:42	15.33	-0.01	1	1533	卖盘
13:59:39	15.34	0.01	5	7670	买盘
13:59:36	15.33	--	8	12264	卖盘
13:59:30	15.33	--	11	16863	卖盘
13:59:24	15.33	--	30	45990	卖盘
13:59:18	15.33	0.01	8	12264	买盘
13:59:15	15.32	-0.01	2	3064	卖盘
13:59:06	15.33	-0.01	2	3066	中性盘
13:59:00	15.34	0.02	6	9204	买盘
13:58:57	15.32	-0.01	14	21448	卖盘
13:58:54	15.33	--	58	88914	卖盘
13:58:39	15.33	0.01	88	134904	买盘
13:58:30	15.32	0.01	6	9192	卖盘
13:58:27	15.31	-0.02	134	205154	卖盘
13:58:21	15.33	0.02	12	18396	买盘
13:58:18	15.31	-0.02	34	52054	卖盘
13:58:15	15.33	--	5	7665	买盘
13:58:12	15.33	--	21	32193	买盘
13:58:09	15.33	--	2	3066	买盘
13:58:06	15.33	0.01	474	727408	买盘
13:58:00	15.32	--	89	136348	买盘
13:57:57	15.32	0.01	13	19916	买盘
13:57:54	15.31	--	23	35978	买盘
13:57:51	15.31	--	43	65833	买盘
13:57:48	15.31	0.01	23	35213	买盘
13:57:45	15.3	-0.01	2	3825	卖盘
13:57:42	15.31	--	42	64302	买盘
13:57:39	15.31	0.01	319	488389	买盘
13:57:36	15.3	--	7	10710	卖盘
13:57:33	15.3	-0.01	215	328950	卖盘
13:57:30	15.31	--	3	4593	买盘
13:57:27	15.31	0.01	48	73488	买盘
13:57:24	15.3	--	35	53550	卖盘
13:57:21	15.3	--	60	91800	卖盘
13:57:18	15.3	--	30	45900	卖盘
13:57:15	15.3	--	21	32130	卖盘
13:57:12	15.3	--	234	358785	卖盘
13:57:09	15.3	--	20	30600	卖盘
13:57:06	15.3	0.02	388	594634	买盘
13:57:03	15.28	-0.01	9	13752	卖盘
13:57:00	15.29	0.01	11	16819	买盘
13:56:57	15.28	-0.01	2	3056	卖盘
13:56:54	15.29	--	205	313980	卖盘
13:56:51	15.29	--	84	129200	卖盘
13:56:48	15.29	--	17	25993	卖盘
13:56:45	15.29	-0.01	4	6116	卖盘
13:56:42	15.3	--	6	9180	买盘
13:56:39	15.3	--	155	237150	买盘
13:56:36	15.3	--	66	101745	卖盘
13:56:33	15.3	--	99	151470	卖盘
13:56:30	15.3	--	360	551565	卖盘
13:56:27	15.3	--	185	283050	卖盘
13:56:24	15.3	--	65	99450	卖盘
13:56:21	15.3	--	26	39780	卖盘
13:56:18	15.3	--	30	45900	卖盘
13:56:15	15.3	-0.01	66	100980	卖盘
13:56:12	15.31	0.01	62	94922	买盘
13:56:09	15.3	--	334	511020	卖盘
13:56:06	15.3	--	30	45900	卖盘
13:56:03	15.3	--	371	567630	卖盘
13:56:00	15.3	--	15	22950	卖盘
13:55:57	15.3	--	1	1530	卖盘
13:55:54	15.3	-0.01	42	64260	卖盘
13:55:51	15.31	--	2	3062	买盘
13:55:48	15.31	0.01	5	7655	买盘
13:55:45	15.3	--	32	48960	卖盘
13:55:42	15.3	-0.01	20	30600	卖盘
13:55:39	15.31	0.01	12	18372	买盘
13:55:36	15.3	--	293	448290	卖盘
13:55:33	15.3	--	70	107100	卖盘
13:55:30	15.3	--	501	766530	卖盘
13:55:27	15.3	-0.01	38	58140	卖盘
13:55:24	15.31	--	47	71957	买盘
13:55:21	15.31	0.01	144	220464	买盘
13:55:18	15.3	-0.01	39	59670	卖盘
13:55:15	15.31	0.01	40	61240	买盘
13:55:12	15.3	-0.01	68	104040	卖盘
13:55:09	15.31	--	10	15310	买盘
13:55:06	15.31	--	7	10717	买盘
13:55:03	15.31	--	5	7655	卖盘
13:55:00	15.31	--	52	80377	卖盘
13:54:51	15.31	--	20	31385	买盘
13:54:48	15.31	--	71	109466	卖盘
13:54:45	15.31	--	10	15310	卖盘
13:54:42	15.31	-0.01	34	52054	卖盘
13:54:39	15.32	0.01	6	9192	买盘
13:54:36	15.31	--	110	168410	卖盘
13:54:33	15.31	-0.01	20	30620	卖盘
13:54:30	15.32	0.01	53	81196	买盘
13:54:27	15.31	-0.01	5	7655	卖盘
13:54:24	15.32	0.01	40	61280	买盘
13:54:21	15.31	--	16	24496	卖盘
13:54:18	15.31	--	100	153100	卖盘
13:54:15	15.31	-0.01	41	62771	卖盘
13:54:12	15.32	0.01	118	180776	买盘
13:54:09	15.31	--	11	16841	卖盘
13:54:06	15.31	-0.01	32	48992	卖盘
13:54:03	15.32	0.01	2	3064	买盘
13:54:00	15.31	--	15	22965	卖盘
13:53:57	15.31	-0.01	90	137790	卖盘
13:53:48	15.32	0.01	10	15320	买盘
13:53:45	15.31	-0.01	30	45930	卖盘
13:53:42	15.32	--	89	136348	买盘
13:53:39	15.32	--	35	53620	买盘
13:53:36	15.32	--	1	1532	买盘
13:53:33	15.32	--	60	91920	卖盘
13:53:30	15.32	--	48	73536	卖盘
13:53:24	15.32	-0.01	16	24512	卖盘
13:53:21	15.33	0.01	10	15330	买盘
13:53:18	15.32	-0.01	138	211416	卖盘
13:53:15	15.33	--	14	21462	买盘
13:53:12	15.33	--	15	22995	买盘
13:53:09	15.33	0.01	21	32193	买盘
13:53:03	15.32	-0.01	21	32172	卖盘
13:53:00	15.33	--	1	1533	买盘
13:52:57	15.33	--	6	9198	买盘
13:52:54	15.33	0.01	6	9198	买盘
13:52:51	15.32	--	70	107240	买盘
13:52:48	15.32	--	123	189202	卖盘
13:52:45	15.32	--	10	15320	卖盘
13:52:42	15.32	-0.01	7	10724	卖盘
13:52:39	15.33	0.01	3	4599	买盘
13:52:33	15.32	--	3	5362	买盘
13:52:30	15.32	--	4	6894	卖盘
13:52:24	15.32	--	10	16086	买盘
13:52:21	15.32	--	26	39832	买盘
13:52:18	15.32	--	27	41364	买盘
13:52:15	15.32	--	10	15320	买盘
13:52:12	15.32	--	42	64344	买盘
13:52:09	15.32	--	27	41364	买盘
13:52:06	15.32	0.01	18	27576	买盘
13:52:03	15.31	-0.01	34	52054	卖盘
13:52:00	15.32	--	11	16852	中性盘
13:51:54	15.32	--	2	3064	卖盘
13:51:51	15.32	--	3	4596	买盘
13:51:48	15.32	--	48	73536	卖盘
13:51:45	15.32	--	13	19916	卖盘
13:51:39	15.32	-0.01	12	18384	卖盘
13:51:36	15.33	--	13	19929	买盘
13:51:33	15.33	--	3	4599	买盘
13:51:27	15.33	--	15	22995	买盘
13:51:24	15.33	-0.01	197	302001	卖盘
13:51:21	15.34	--	3	4602	买盘
13:51:18	15.34	--	112	171808	买盘
13:51:12	15.34	--	32	49088	买盘
13:51:09	15.34	-0.01	11	16874	中性盘
13:51:06	15.35	0.02	2	3070	买盘
13:51:03	15.33	-0.01	7	10731	卖盘
13:51:00	15.34	--	2	3068	买盘
13:50:57	15.34	--	4	6136	卖盘
13:50:48	15.34	0.01	4	6136	买盘
13:50:45	15.33	-0.01	93	142569	卖盘
13:50:42	15.34	--	10	15340	卖盘
13:50:39	15.34	--	155	237770	卖盘
13:50:36	15.34	--	12	18408	卖盘
13:50:33	15.34	--	195	299130	卖盘
13:50:30	15.34	0.01	14	21476	买盘
13:50:27	15.33	--	6	9198	卖盘
13:50:24	15.33	--	23	35259	卖盘
13:50:21	15.33	--	5	7665	卖盘
13:50:18	15.33	--	15	22995	卖盘
13:50:12	15.33	--	8	12264	卖盘
13:50:06	15.33	--	16	24528	卖盘
13:50:03	15.33	--	4	6132	卖盘
13:50:00	15.33	0.01	17	26061	买盘
13:49:57	15.32	0.01	53	81196	买盘
13:49:54	15.31	--	258	395763	卖盘
13:49:51	15.31	--	2	3062	卖盘
13:49:48	15.31	--	10	15310	卖盘
13:49:45	15.31	--	47	71957	买盘
13:49:42	15.31	--	75	114825	买盘
13:49:39	15.31	--	5	7655	买盘
13:49:36	15.31	--	19	29089	买盘
13:49:33	15.31	-0.01	954	1461339	卖盘
13:49:30	15.32	-0.01	189	289548	卖盘
13:49:27	15.33	0.01	7	10731	买盘
13:49:24	15.32	--	29	44428	卖盘
13:49:21	15.32	--	61	93452	卖盘
13:49:15	15.32	--	40	61280	卖盘
13:49:12	15.32	-0.01	76	116432	卖盘
13:49:09	15.33	--	1	1533	买盘
13:49:06	15.33	--	12	18396	买盘
13:49:03	15.33	0.01	5	7665	买盘
13:49:00	15.32	-0.02	571	874772	卖盘
13:48:57	15.34	0.01	2	3068	中性盘
13:48:54	15.33	-0.01	98	150234	卖盘
13:48:51	15.34	--	123	188682	卖盘
13:48:48	15.34	--	5	7670	卖盘
13:48:45	15.34	--	50	76700	卖盘
13:48:42	15.34	-0.01	3	4602	卖盘
13:48:39	15.35	0.01	13	19955	买盘
13:48:36	15.34	--	15	23010	买盘
13:48:33	15.34	--	15	23010	卖盘
13:48:30	15.34	0.01	2	3068	卖盘
13:48:27	15.33	-0.02	50	76650	卖盘
13:48:24	15.35	0.01	10	15350	买盘
13:48:21	15.34	-0.01	10	15340	卖盘
13:48:18	15.35	0.01	3	4605	买盘
13:48:12	15.34	0.01	2	3068	中性盘
13:48:09	15.33	--	10	15330	卖盘
13:48:06	15.33	-0.02	50	76650	卖盘
13:48:03	15.35	--	5	7675	买盘
13:48:00	15.35	--	4	6140	买盘
13:47:54	15.35	0.02	1	1535	买盘
13:47:48	15.33	-0.02	492	754236	卖盘
13:47:39	15.35	--	52	79820	卖盘
13:47:36	15.35	-0.01	70	107450	卖盘
13:47:33	15.36	--	10	15360	买盘
13:47:27	15.36	--	8	12288	买盘
13:47:24	15.36	--	18	27648	买盘
13:47:18	15.36	--	3	4608	买盘
13:47:15	15.36	--	163	250368	卖盘
13:47:12	15.36	--	9	13824	卖盘
13:47:09	15.36	-0.01	20	30720	卖盘
13:47:06	15.37	--	10	15370	买盘
13:47:00	15.37	-0.01	44	67628	卖盘
13:46:51	15.38	0.01	30	46140	买盘
13:46:45	15.37	--	35	53795	买盘
13:46:36	15.37	--	35	53795	买盘
13:46:33	15.37	-0.01	10	15370	买盘
13:46:30	15.38	0.02	13	19994	买盘
13:46:27	15.36	-0.02	44	67584	卖盘
13:46:24	15.38	0.02	40	61520	买盘
13:46:18	15.36	-0.02	20	30720	卖盘
13:46:15	15.38	0.01	14	21532	买盘
13:46:12	15.37	--	2	3074	买盘
13:46:06	15.37	-0.01	5	7685	中性盘
13:46:03	15.38	--	30	46140	买盘
13:46:00	15.38	0.02	100	153800	买盘
13:45:57	15.36	--	263	403968	卖盘
13:45:54	15.36	--	18	27648	卖盘
13:45:48	15.36	-0.01	19	29184	卖盘
13:45:45	15.37	-0.01	54	82998	卖盘
13:45:42	15.38	--	4	6152	买盘
13:45:39	15.38	0.02	5	7690	中性盘
13:45:21	15.36	-0.02	64	98304	卖盘
13:45:15	15.38	--	5	8459	卖盘
13:45:12	15.38	--	26	39988	买盘
13:45:06	15.38	--	33	50754	买盘
13:44:57	15.38	0.01	241	370658	买盘
13:44:54	15.37	-0.01	2	3074	卖盘
13:44:51	15.38	--	16	24608	卖盘
13:44:48	15.38	-0.01	4	6152	卖盘
13:44:45	15.39	0.03	117	180063	买盘
13:44:39	15.36	-0.01	100	153600	卖盘
13:44:30	15.37	--	2	3074	买盘
13:44:24	15.37	0.01	4	6148	买盘
13:44:21	15.36	--	96	147686	买盘
13:44:18	15.36	0.01	1	1536	买盘
13:44:15	15.35	--	25	38375	卖盘
13:44:12	15.35	--	18	27630	卖盘
13:44:06	15.35	--	20	30700	卖盘
13:44:03	15.35	--	6	9210	买盘
13:44:00	15.35	--	122	187270	买盘
13:43:54	15.35	0.01	45	69075	买盘
13:43:51	15.34	-0.01	15	23010	卖盘
13:43:45	15.35	0.01	39	59865	买盘
13:43:39	15.34	-0.01	83	127322	卖盘
13:43:36	15.35	0.02	10	15350	买盘
13:43:33	15.33	0.01	117	179361	买盘
13:43:30	15.32	-0.02	72	110304	卖盘
13:43:27	15.34	--	108	165672	卖盘
13:43:24	15.34	--	20	30680	卖盘
13:43:21	15.34	--	11	16874	卖盘
13:43:18	15.34	--	122	187148	卖盘
13:43:15	15.34	0.01	31	47554	买盘
13:43:12	15.33	-0.01	287	439971	卖盘
13:43:09	15.34	0.01	17	26078	买盘
13:43:06	15.33	-0.01	4	6132	卖盘
13:43:00	15.34	-0.01	280	429520	卖盘
13:42:57	15.35	0.01	100	153500	买盘
13:42:54	15.34	-0.01	55	84370	卖盘
13:42:48	15.35	--	62	95170	买盘
13:42:45	15.35	--	35	53725	买盘
13:42:42	15.35	-0.01	694	1065290	卖盘
13:42:39	15.36	--	144	222489	卖盘
13:42:36	15.36	--	15	23040	卖盘
13:42:30	15.36	-0.01	3	4608	卖盘
13:42:27	15.37	--	50	76850	买盘
13:42:24	15.37	0.01	46	70702	买盘
13:42:21	15.36	-0.01	4	6144	卖盘
13:42:18	15.37	0.01	20	30740	买盘
13:42:09	15.36	-0.02	276	423936	卖盘
13:42:06	15.38	0.02	5	7690	买盘
13:42:03	15.36	-0.02	200	307200	卖盘
13:42:00	15.38	-0.01	3	4614	卖盘
13:41:57	15.39	0.02	5	7695	买盘
13:41:54	15.37	-0.01	109	167533	卖盘
13:41:51	15.38	-0.01	20	30760	中性盘
13:41:45	15.39	--	120	184680	买盘
13:41:42	15.39	--	37	56943	买盘
13:41:39	15.39	--	10	15390	买盘
13:41:36	15.39	--	31	47709	买盘
13:41:33	15.39	--	3	4617	买盘
13:41:27	15.39	0.01	23	35397	买盘
13:41:15	15.38	--	14	21532	卖盘
13:41:12	15.38	0.01	2	3076	中性盘
13:41:09	15.37	--	20	30740	卖盘
13:41:06	15.37	-0.01	4	6148	卖盘
13:41:03	15.38	-0.01	5	7690	中性盘
13:40:57	15.39	0.02	37	56943	买盘
13:40:54	15.37	-0.02	156	239772	卖盘
13:40:48	15.39	-0.01	20	30780	卖盘
13:40:42	15.4	0.01	5	7700	买盘
13:40:27	15.39	0.01	14	21546	买盘
13:40:18	15.38	--	19	29222	卖盘
13:40:12	15.38	--	22	33836	卖盘
13:40:09	15.38	0.01	19	29222	买盘
13:40:06	15.37	-0.01	12	18444	卖盘
13:40:03	15.38	--	5	7690	买盘
13:40:00	15.38	--	10	15380	买盘
13:39:57	15.38	--	30	46140	买盘
13:39:45	15.38	0.01	3	4614	买盘
13:39:42	15.37	--	6	9222	卖盘
13:39:39	15.37	--	10	15370	卖盘
13:39:36	15.37	--	2	3074	卖盘
13:39:33	15.37	--	58	89914	买盘
13:39:30	15.37	--	120	184440	买盘
13:39:27	15.37	0.01	1	1537	买盘
13:39:24	15.36	--	11	17126	买盘
13:39:21	15.36	--	20	30720	买盘
13:39:18	15.36	--	10	15360	买盘
13:39:15	15.36	--	33	50688	买盘
13:39:12	15.36	-0.01	249	383769	卖盘
13:39:06	15.37	--	21	32277	买盘
13:39:00	15.37	--	70	107590	买盘
13:38:54	15.37	--	36	55332	买盘
13:38:48	15.37	0.01	121	185977	买盘
13:38:45	15.36	--	5	7680	卖盘
13:38:42	15.36	--	20	30720	卖盘
13:38:39	15.36	--	3	4608	卖盘
13:38:36	15.36	--	226	347366	买盘
13:38:33	15.36	--	92	141312	买盘
13:38:30	15.36	--	7	10752	买盘
13:38:27	15.36	--	22	35097	卖盘
13:38:24	15.36	--	166	254976	卖盘
13:38:21	15.36	--	16	24576	卖盘
13:38:18	15.36	--	5	7680	卖盘
13:38:15	15.36	-0.01	200	307200	卖盘
13:38:12	15.37	0.01	13	19981	买盘
13:38:06	15.36	-0.01	88	135168	卖盘
13:38:03	15.37	--	14	21518	卖盘
13:38:00	15.37	--	9	13833	卖盘
13:37:57	15.37	-0.01	200	307400	卖盘
13:37:54	15.38	0.01	23	35374	买盘
13:37:51	15.37	-0.01	27	41499	卖盘
13:37:48	15.38	-0.01	356	547528	卖盘
13:37:45	15.39	0.01	17	26163	买盘
13:37:42	15.38	--	7	10766	卖盘
13:37:39	15.38	-0.01	55	84590	卖盘
13:37:33	15.39	0.01	20	30780	买盘
13:37:30	15.38	-0.01	26	39988	卖盘
13:37:21	15.39	-0.01	157	241623	卖盘
13:37:18	15.4	--	30	46200	卖盘
13:36:57	15.4	-0.02	10	15400	中性盘
13:36:45	15.42	0.02	30	46260	买盘
13:36:42	15.4	-0.03	3	4620	卖盘
13:36:36	15.43	0.03	32	49376	买盘
13:36:33	15.4	--	8	12320	卖盘
13:36:27	15.4	--	3	4620	买盘
13:36:21	15.4	-0.03	133	204820	卖盘
13:36:18	15.43	0.03	100	154300	买盘
13:36:12	15.4	-0.01	13	20020	卖盘
13:36:09	15.41	0.01	106	163346	买盘
13:36:06	15.4	--	10	15400	卖盘
13:36:00	15.4	-0.01	4	6160	卖盘
13:35:54	15.41	0.01	4	6164	中性盘
13:35:42	15.4	--	15	23100	卖盘
13:35:36	15.4	--	37	56980	卖盘
13:35:33	15.4	--	65	100100	卖盘
13:35:18	15.4	--	10	15400	卖盘
13:35:12	15.4	--	100	154000	卖盘
13:35:09	15.4	--	10	15400	卖盘
13:35:06	15.4	-0.03	1	1540	卖盘
13:35:03	15.43	0.01	123	189789	买盘
13:35:00	15.42	0.02	87	134154	买盘
13:34:45	15.4	-0.02	120	184800	卖盘
13:34:39	15.42	--	26	40863	卖盘
13:34:36	15.42	--	15	23130	卖盘
13:34:27	15.42	--	28	43176	卖盘
13:34:24	15.42	--	2	3084	卖盘
13:34:18	15.42	--	51	79413	买盘
13:34:06	15.42	0.02	10	15420	买盘
13:34:03	15.4	-0.02	34	52360	卖盘
13:33:54	15.42	-0.01	61	94062	卖盘
13:33:51	15.43	--	96	148128	卖盘
13:33:48	15.43	--	2	3086	卖盘
13:33:39	15.43	-0.01	3	4629	卖盘
13:33:30	15.44	--	30	46320	买盘
13:33:27	15.44	--	3	4632	买盘
13:33:15	15.44	0.01	20	30880	买盘
13:33:12	15.43	--	5	7715	卖盘
13:33:06	15.43	-0.01	22	33946	卖盘
13:33:03	15.44	0.01	12	18528	买盘
13:32:57	15.43	--	10	15430	卖盘
13:32:45	15.43	--	3	4629	卖盘
13:32:33	15.43	--	10	15430	卖盘
13:32:30	15.43	0.01	1	1543	买盘
13:32:24	15.42	--	100	154200	卖盘
13:32:21	15.42	--	1	1542	卖盘
13:32:12	15.42	--	7	10794	卖盘
13:32:09	15.42	0.01	59	90978	买盘
13:32:00	15.41	--	2	3082	买盘
13:31:57	15.41	0.01	100	154100	买盘
13:31:54	15.4	-0.01	5	7700	卖盘
13:31:48	15.41	--	5	7705	买盘
13:31:45	15.41	-0.01	9	13869	卖盘
13:31:42	15.42	--	10	15420	买盘
13:31:27	15.42	0.01	14	21588	买盘
13:31:24	15.41	0.01	6	9246	买盘
13:31:15	15.4	--	14	21560	买盘
13:31:12	15.4	--	30	46200	买盘
13:31:06	15.4	0.02	3	4620	中性盘
13:31:00	15.38	-0.02	390	599820	卖盘
13:30:57	15.4	-0.01	23	35420	卖盘
13:30:45	15.41	--	96	147936	卖盘
13:30:30	15.41	--	4	6164	买盘
13:30:27	15.41	--	1	1541	卖盘
13:30:24	15.41	0.01	6	9246	买盘
13:30:21	15.4	-0.02	223	343420	卖盘
13:30:12	15.42	0.01	21	32382	买盘
13:30:09	15.41	0.01	5	7705	买盘
13:30:06	15.4	-0.02	18	27720	卖盘
13:29:51	15.42	0.01	40	61680	买盘
13:29:48	15.41	--	80	123280	卖盘
13:29:39	15.41	--	10	15410	卖盘
13:29:30	15.41	-0.01	535	824435	卖盘
13:29:27	15.42	0.01	25	38550	买盘
13:29:18	15.41	-0.01	14	21574	卖盘
13:29:15	15.42	--	10	16191	买盘
13:29:09	15.42	0.01	2	3084	买盘
13:29:03	15.41	--	17	26197	卖盘
13:28:57	15.41	--	69	106329	卖盘
13:28:54	15.41	--	20	30820	卖盘
13:28:48	15.41	0.01	100	154870	买盘
13:28:45	15.4	-0.01	2	3080	卖盘
13:28:39	15.41	--	7	10787	买盘
13:28:36	15.41	0.01	15	23115	买盘
13:28:33	15.4	--	107	164780	卖盘
13:28:30	15.4	--	20	30800	卖盘
13:28:21	15.4	-0.01	6	9240	卖盘
13:28:18	15.41	--	10	15410	买盘
13:28:12	15.41	0.01	8	12328	买盘
13:28:09	15.4	--	1	1540	卖盘
13:28:03	15.4	--	100	154000	卖盘
13:28:00	15.4	-0.01	10	15400	卖盘
13:27:51	15.41	--	12	18492	卖盘
13:27:48	15.41	--	8	12328	卖盘
13:27:42	15.41	--	39	60099	卖盘
13:27:39	15.41	--	18	27738	卖盘
13:27:36	15.41	--	5	7705	卖盘
13:27:33	15.41	--	4	6164	卖盘
13:27:30	15.41	--	51	78591	卖盘
13:27:27	15.41	--	34	52394	买盘
13:27:24	15.41	0.01	3	4623	买盘
13:27:18	15.4	--	3	4620	卖盘
13:27:09	15.4	-0.01	3	4620	卖盘
13:27:06	15.41	--	15	23115	买盘
13:27:03	15.41	0.01	40	61640	买盘
13:26:57	15.4	--	5	7700	卖盘
13:26:51	15.4	-0.01	20	30800	卖盘
13:26:42	15.41	--	81	124821	卖盘
13:26:39	15.41	--	12	18492	卖盘
13:26:30	15.41	--	23	36213	卖盘
13:26:27	15.41	--	10	15410	卖盘
13:26:24	15.41	--	8	12328	卖盘
13:26:21	15.41	--	168	258888	卖盘
13:26:18	15.41	--	3	4623	卖盘
13:26:09	15.41	--	5	7705	卖盘
13:26:06	15.41	-0.01	46	70886	卖盘
13:26:00	15.42	--	117	180414	买盘
13:25:57	15.42	--	3	4626	买盘
13:25:54	15.42	0.01	10	15420	买盘
13:25:48	15.41	-0.01	1	1541	卖盘
13:25:45	15.42	--	6	9252	买盘
13:25:33	15.42	--	37	57054	买盘
13:25:30	15.42	-0.01	206	317652	卖盘
13:25:27	15.43	-0.01	22	33946	卖盘
13:25:24	15.44	0.01	10	15440	买盘
13:25:03	15.43	0.01	65	100295	买盘
13:24:57	15.42	-0.01	2	3084	卖盘
13:24:54	15.43	-0.01	85	131155	卖盘
13:24:51	15.44	--	14	21616	买盘
13:24:45	15.44	--	5	7720	买盘
13:24:39	15.44	--	10	15440	买盘
13:24:36	15.44	0.01	2	3088	买盘
13:24:33	15.43	-0.01	20	30860	卖盘
13:24:27	15.44	--	5	7720	买盘
13:24:18	15.44	--	4	6176	卖盘
13:24:15	15.44	0.01	1	1544	买盘
13:24:09	15.43	-0.01	1	1543	卖盘
13:24:00	15.44	0.01	8	12352	买盘
13:23:51	15.43	--	5	7715	卖盘
13:23:48	15.43	--	10	15430	卖盘
13:23:39	15.43	--	19	29317	卖盘
13:23:30	15.43	--	95	146585	卖盘
13:23:27	15.43	--	10	15430	买盘
13:23:24	15.43	0.01	50	77150	买盘
13:23:21	15.42	--	152	234384	卖盘
13:23:18	15.42	-0.01	5	7710	卖盘
13:23:15	15.43	0.01	2	3086	买盘
13:23:09	15.42	-0.01	4	6168	卖盘
13:23:06	15.43	0.01	12	18516	买盘
13:23:00	15.42	--	10	15420	卖盘
13:22:51	15.42	--	1	1542	卖盘
13:22:36	15.42	-0.01	2	3084	卖盘
13:22:33	15.43	--	27	41661	买盘
13:22:30	15.43	0.01	2	3086	买盘
13:22:27	15.42	--	31	47802	卖盘
13:22:21	15.42	--	7	10794	卖盘
13:22:18	15.42	--	4	6168	卖盘
13:22:09	15.42	--	10	15420	卖盘
13:22:06	15.42	--	5	7710	卖盘
13:22:03	15.42	--	17	26214	卖盘
13:22:00	15.42	--	10	15420	卖盘
13:21:54	15.42	--	3	4626	卖盘
13:21:51	15.42	--	8	12336	卖盘
13:21:45	15.42	--	52	80184	卖盘
13:21:39	15.42	-0.01	8	12336	卖盘
13:21:33	15.43	--	12	18516	买盘
13:21:30	15.43	--	36	56319	卖盘
13:21:21	15.43	--	1	2314	买盘
13:21:18	15.43	-0.01	198	306285	卖盘
13:21:09	15.44	--	21	32424	卖盘
13:20:54	15.44	--	10	15440	卖盘
13:20:48	15.44	--	33	50952	卖盘
13:20:42	15.44	-0.01	10	15440	卖盘
13:20:27	15.45	0.01	20	30900	买盘
13:20:21	15.44	--	2	3088	卖盘
13:20:15	15.44	0.01	3	4632	买盘
13:20:12	15.43	--	8	12344	卖盘
13:19:57	15.43	--	22	33946	卖盘
13:19:39	15.43	-0.02	300	462900	卖盘
13:19:33	15.45	-0.01	37	57165	卖盘
13:19:30	15.46	--	10	15460	买盘
13:19:27	15.46	--	34	52564	买盘
13:19:21	15.46	--	19	29374	买盘
13:19:15	15.46	0.01	20	30920	买盘
13:19:03	15.45	-0.01	164	253380	卖盘
13:18:57	15.46	--	5	7730	卖盘
13:18:54	15.46	0.01	23	35558	买盘
13:18:45	15.45	--	16	24720	卖盘
13:18:42	15.45	-0.01	1	1545	卖盘
13:18:33	15.46	--	35	54110	卖盘
13:18:27	15.46	-0.01	3	4638	卖盘
13:18:21	15.47	--	26	40222	买盘
13:18:12	15.47	-0.01	46	71162	卖盘
13:18:09	15.48	0.01	20	30960	买盘
13:17:54	15.47	-0.01	1	1547	卖盘
13:17:51	15.48	0.01	35	54180	买盘
13:17:39	15.47	-0.01	21	32487	卖盘
13:17:30	15.48	--	10	15480	买盘
13:17:27	15.48	--	53	82044	卖盘
13:17:21	15.48	0.03	125	193500	买盘
13:17:12	15.45	-0.01	20	30900	卖盘
13:17:06	15.46	0.01	60	93533	买盘
13:16:57	15.45	-0.01	11	16995	中性盘
13:16:51	15.46	0.01	176	272096	买盘
13:16:48	15.45	0.01	67	103515	买盘
13:16:45	15.44	--	9	13896	买盘
13:16:39	15.44	--	7	10808	卖盘
13:16:36	15.44	--	8	12352	买盘
13:16:30	15.44	--	2	3088	买盘
13:16:27	15.44	--	10	15440	买盘
13:16:15	15.44	0.01	2	3088	买盘
13:16:06	15.43	0.01	3	4629	卖盘
13:16:03	15.42	--	40	61680	卖盘
13:15:57	15.42	--	9	13878	卖盘
13:15:45	15.42	-0.02	123	189666	卖盘
13:15:42	15.44	0.02	54	83376	买盘
13:15:33	15.42	--	75	115650	买盘
13:15:27	15.42	-0.02	24	37008	中性盘
13:15:18	15.44	0.02	15	23160	买盘
13:15:12	15.42	--	10	15420	买盘
13:15:09	15.42	--	20	30840	卖盘
13:14:54	15.42	0.01	38	58596	卖盘
13:14:51	15.41	-0.03	143	220363	卖盘
13:14:45	15.44	--	25	38600	中性盘
13:14:39	15.44	-0.01	10	15440	买盘
13:14:36	15.45	0.01	50	77250	买盘
13:14:33	15.44	--	5	7720	买盘
13:14:27	15.44	-0.01	5	7720	卖盘
13:14:21	15.45	--	6	9270	买盘
13:14:18	15.45	-0.01	18	27810	卖盘
13:14:06	15.46	0.02	2	3092	买盘
13:14:03	15.44	--	112	172928	买盘
13:13:57	15.44	--	1	1544	买盘
13:13:54	15.44	-0.01	187	288728	卖盘
13:13:48	15.45	0.01	39	60255	买盘
13:13:33	15.44	0.02	40	61760	买盘
13:13:24	15.42	--	27	41634	卖盘
13:13:21	15.42	0.01	65	101001	买盘
13:13:12	15.41	-0.01	19	29279	卖盘
13:13:09	15.42	0.01	7	10794	买盘
13:13:06	15.41	0.01	2	3082	买盘
13:13:03	15.4	-0.02	180	277200	卖盘
13:13:00	15.42	0.01	300	462600	买盘
13:12:57	15.41	-0.01	4	6164	卖盘
13:12:54	15.42	0.01	47	73245	买盘
13:12:51	15.41	--	7	10787	买盘
13:12:45	15.41	--	164	253494	卖盘
13:12:42	15.41	-0.01	200	308200	卖盘
13:12:39	15.42	--	2	3084	买盘
13:12:36	15.42	0.01	19	29298	买盘
13:12:30	15.41	-0.01	34	52394	卖盘
13:12:24	15.42	--	10	15420	买盘
13:12:21	15.42	-0.01	10	15420	买盘
13:12:18	15.43	0.01	50	77150	买盘
13:12:15	15.42	-0.01	10	15420	卖盘
13:12:09	15.43	0.02	10	15430	买盘
13:12:06	15.41	-0.01	23	35443	卖盘
13:12:03	15.42	--	10	15420	卖盘
13:12:00	15.42	--	45	69390	卖盘
13:11:54	15.42	--	2	3855	买盘
13:11:51	15.42	--	20	30840	买盘
13:11:48	15.42	--	8	12336	买盘
13:11:45	15.42	--	7	10794	买盘
13:11:42	15.42	--	11	16962	买盘
13:11:39	15.42	--	55	84810	买盘
13:11:36	15.42	--	10	16191	卖盘
13:11:30	15.42	-0.01	53	81726	卖盘
13:11:21	15.43	0.01	3	4629	买盘
13:11:15	15.42	--	34	53199	卖盘
13:11:00	15.42	0.01	15	23130	买盘
13:10:54	15.41	--	5	7705	卖盘
13:10:51	15.41	0.01	47	72427	中性盘
13:10:48	15.4	-0.01	33	50820	卖盘
13:10:45	15.41	--	30	46230	买盘
13:10:33	15.41	0.01	22	33902	中性盘
13:10:30	15.4	-0.01	136	209440	卖盘
13:10:21	15.41	--	4	6164	卖盘
13:10:18	15.41	--	14	22344	买盘
13:10:15	15.41	0.01	25	38525	买盘
13:10:09	15.4	-0.01	97	150150	卖盘
13:10:06	15.41	--	44	68574	买盘
13:10:00	15.41	-0.01	34	53164	卖盘
13:09:57	15.42	0.01	6	9252	买盘
13:09:51	15.41	-0.01	3	4623	卖盘
13:09:48	15.42	--	5	7710	买盘
13:09:45	15.42	-0.03	49	75558	卖盘
13:09:39	15.45	0.01	5	7725	买盘
13:09:36	15.44	-0.01	9	13896	卖盘
13:09:33	15.45	-0.01	58	90382	卖盘
13:09:30	15.46	0.01	39	60294	买盘
13:09:27	15.45	--	10	15450	卖盘
13:09:21	15.45	--	8	12360	卖盘
13:09:18	15.45	--	16	24720	卖盘
13:09:15	15.45	--	70	108150	卖盘
13:09:09	15.45	-0.01	1	1545	卖盘
13:09:00	15.46	--	10	15460	卖盘
13:08:57	15.46	--	31	47926	卖盘
13:08:54	15.46	-0.01	60	92760	卖盘
13:08:48	15.47	--	8	12376	卖盘
13:08:45	15.47	--	8	12376	卖盘
13:08:39	15.47	--	2	3094	卖盘
13:08:36	15.47	-0.01	4	6961	卖盘
13:08:33	15.48	0.01	67	103716	买盘
13:08:27	15.47	--	20	30940	卖盘
13:08:21	15.47	--	10	15470	卖盘
13:08:15	15.47	--	13	20111	卖盘
13:08:12	15.47	--	10	15470	卖盘
13:08:06	15.47	--	10	15470	卖盘
13:08:03	15.47	-0.01	5	7735	卖盘
13:07:54	15.48	--	5	7740	买盘
13:07:33	15.48	--	48	74304	卖盘
13:07:30	15.48	-0.01	5	7740	卖盘
13:07:24	15.49	0.01	32	49568	买盘
13:07:21	15.48	0.01	2	3096	卖盘
13:07:15	15.47	--	0	773	卖盘
13:07:12	15.47	-0.01	16	25525	卖盘
13:07:09	15.48	0.01	40	62694	买盘
13:07:06	15.47	0.01	2	3094	中性盘
13:06:57	15.46	-0.02	100	154600	卖盘
13:06:42	15.48	0.01	55	85140	买盘
13:06:39	15.47	-0.01	4	6188	买盘
13:06:30	15.48	0.01	66	102168	买盘
13:06:24	15.47	0.01	1	1547	卖盘
13:06:21	15.46	-0.01	30	46380	卖盘
13:06:18	15.47	0.01	14	21658	买盘
13:06:12	15.46	--	8	12368	卖盘
13:06:06	15.46	--	5	7730	卖盘
13:06:03	15.46	-0.01	3	4638	卖盘
13:05:51	15.47	0.01	8	12376	买盘
13:05:48	15.46	-0.01	20	30920	卖盘
13:05:42	15.47	--	5	7735	卖盘
13:05:39	15.47	-0.01	1	1547	卖盘
13:05:36	15.48	0.02	17	26316	买盘
13:05:24	15.46	--	60	92760	卖盘
13:05:18	15.46	--	9	13914	卖盘
13:05:06	15.46	--	5	7730	卖盘
13:05:03	15.46	--	34	52564	买盘
13:04:57	15.46	0.01	2	3092	买盘
13:04:54	15.45	--	62	96562	买盘
13:04:48	15.45	--	55	84975	买盘
13:04:42	15.45	0.01	7	10815	买盘
13:04:39	15.44	--	68	104992	卖盘
13:04:24	15.44	--	73	112712	买盘
13:04:18	15.44	--	7	10808	买盘
13:04:06	15.44	--	4	6176	买盘
13:04:03	15.44	--	50	77200	买盘
13:04:00	15.44	--	20	30880	买盘
13:03:54	15.44	0.01	4	6176	买盘
13:03:33	15.43	0.01	108	166644	买盘
13:03:21	15.42	--	2	3084	卖盘
13:03:18	15.42	0.01	3	4626	中性盘
13:03:15	15.41	--	31	47771	卖盘
13:03:12	15.41	-0.01	33	50853	卖盘
13:03:06	15.42	--	9	13878	卖盘
13:03:03	15.42	--	21	32382	买盘
13:03:00	15.42	0.01	30	46260	买盘
13:02:57	15.41	--	19	30049	卖盘
13:02:39	15.41	0.01	40	61640	卖盘
13:02:36	15.4	--	37	56980	卖盘
13:02:27	15.4	-0.02	50	77000	卖盘
13:02:15	15.42	--	5	7710	买盘
13:02:12	15.42	--	20	30840	买盘
13:02:00	15.42	0.02	27	41634	买盘
13:01:54	15.4	--	41	63140	卖盘
13:01:39	15.4	--	36	55440	买盘
13:01:36	15.4	--	28	43120	买盘
13:01:30	15.4	--	10	15400	买盘
13:01:27	15.4	--	44	67760	买盘
13:01:15	15.4	--	3	4620	买盘
13:01:06	15.4	--	4	6160	买盘
13:01:00	15.4	--	2	3080	买盘
13:00:48	15.4	--	9	13860	买盘
13:00:42	15.4	0.02	5	7700	买盘
13:00:33	15.38	-0.01	3	4614	卖盘
13:00:27	15.39	0.01	18	28471	买盘
13:00:21	15.38	-0.01	4	6152	卖盘
13:00:12	15.39	0.01	50	76950	买盘
13:00:09	15.38	-0.02	12	18456	买盘
13:00:06	15.4	-0.01	1582	2437050	卖盘
13:00:03	15.41	0.03	394	607924	买盘
13:00:00	15.38	--	0	0	卖盘
11:30:00	15.38	--	0	0	卖盘
11:29:54	15.38	-0.02	10	15380	卖盘
11:29:48	15.4	0.02	1	1540	买盘
11:29:45	15.38	-0.03	14	21532	卖盘
11:29:39	15.41	0.03	5	7705	买盘
11:29:36	15.38	-0.03	15	23070	卖盘
11:29:33	15.41	0.03	55	84755	买盘
11:29:30	15.38	--	5	7690	卖盘
11:29:27	15.38	-0.03	10	15380	卖盘
11:29:24	15.41	0.03	5	7705	买盘
11:29:18	15.38	--	3	4614	卖盘
11:29:15	15.38	--	84	129192	买盘
11:29:12	15.38	--	27	41526	买盘
11:29:09	15.38	--	15	23070	买盘
11:29:03	15.38	-0.02	398	612124	卖盘
11:29:00	15.4	0.02	57	87780	中性盘
11:28:48	15.38	-0.02	402	618276	卖盘
11:28:36	15.4	-0.03	34	52360	卖盘
11:28:33	15.43	0.03	4	6172	买盘
11:28:30	15.4	--	118	181720	卖盘
11:28:27	15.4	--	10	15400	卖盘
11:28:21	15.4	-0.03	3	4620	卖盘
11:28:12	15.43	0.02	96	148128	买盘
11:28:06	15.41	--	1	1541	中性盘
11:28:00	15.41	-0.01	10	15410	卖盘
11:27:51	15.42	0.01	115	177330	买盘
11:27:48	15.41	--	11	16951	卖盘
11:27:42	15.41	--	20	30820	卖盘
11:27:39	15.41	--	19	29279	卖盘
11:27:36	15.41	--	11	16951	卖盘
11:27:33	15.41	--	30	46230	卖盘
11:27:12	15.41	--	5	7705	卖盘
11:27:09	15.41	--	50	77050	卖盘
11:26:57	15.41	-0.01	39	60099	卖盘
11:26:54	15.42	0.01	1	1542	买盘
11:26:51	15.41	-0.01	11	16951	卖盘
11:26:48	15.42	0.01	5	7710	买盘
11:26:45	15.41	--	28	43148	卖盘
11:26:42	15.41	-0.01	50	77050	卖盘
11:26:39	15.42	--	11	16962	买盘
11:26:36	15.42	0.01	36	55512	买盘
11:26:27	15.41	--	2	3082	卖盘
11:26:18	15.41	--	20	30820	卖盘
11:26:12	15.41	0.01	46	70886	买盘
11:26:09	15.4	--	39	60060	卖盘
11:26:06	15.4	--	3	4620	卖盘
11:26:03	15.4	--	45	69300	卖盘
11:25:57	15.4	--	7	10780	卖盘
11:25:51	15.4	--	30	46200	卖盘
11:25:45	15.4	--	49	75460	买盘
11:25:39	15.4	--	26	40040	买盘
11:25:33	15.4	--	10	15400	买盘
11:25:30	15.4	--	20	30800	买盘
11:25:27	15.4	--	58	89320	买盘
11:25:21	15.4	0.01	10	15400	买盘
11:25:18	15.39	-0.01	6	9234	卖盘
11:25:15	15.4	--	4	6160	买盘
11:25:12	15.4	--	68	104720	买盘
11:25:06	15.4	--	19	29260	买盘
11:25:03	15.4	--	21	32340	买盘
11:25:00	15.4	--	12	18480	买盘
11:24:57	15.4	--	28	43120	买盘
11:24:54	15.4	--	2	3080	买盘
11:24:48	15.4	--	1	1540	买盘
11:24:45	15.4	--	233	358820	买盘
11:24:42	15.4	--	140	215600	卖盘
11:24:39	15.4	-0.02	50	77000	卖盘
11:24:36	15.42	0.01	24	37008	买盘
11:24:33	15.41	--	39	60099	买盘
11:24:24	15.41	--	6	9246	买盘
11:24:21	15.41	0.01	3	4623	买盘
11:24:18	15.4	-0.01	10	15400	卖盘
11:24:12	15.41	0.01	1	1541	买盘
11:24:09	15.4	--	25	38500	卖盘
11:24:06	15.4	--	30	46200	卖盘
11:24:03	15.4	--	214	329560	买盘
11:24:00	15.4	0.01	3	4620	买盘
11:23:57	15.39	-0.01	34	52326	卖盘
11:23:54	15.4	--	40	61600	买盘
11:23:51	15.4	--	1	1540	买盘
11:23:48	15.4	0.01	1	1540	买盘
11:23:45	15.39	--	12	18468	卖盘
11:23:42	15.39	-0.01	602	926478	卖盘
11:23:39	15.4	--	15	23100	买盘
11:23:36	15.4	--	41	63140	买盘
11:23:33	15.4	--	98	150920	买盘
11:23:30	15.4	--	59	90860	卖盘
11:23:27	15.4	--	3	4620	卖盘
11:23:21	15.4	--	90	138600	卖盘
11:23:12	15.4	--	5	7700	卖盘
11:23:06	15.4	-0.01	15	23100	卖盘
11:23:00	15.41	0.01	56	86296	买盘
11:22:57	15.4	0.01	1	1540	买盘
11:22:54	15.39	-0.02	15	23085	卖盘
11:22:51	15.41	0.01	6	9246	买盘
11:22:48	15.4	0.03	9	13860	买盘
11:22:45	15.37	-0.04	82	126034	卖盘
11:22:39	15.41	--	91	140231	买盘
11:22:36	15.41	--	29	44689	买盘
11:22:30	15.41	--	35	53935	买盘
11:22:27	15.41	--	5	7705	买盘
11:22:24	15.41	0.02	15	23115	买盘
11:22:21	15.39	-0.03	49	76180	卖盘
11:22:18	15.42	0.01	179	276789	买盘
11:22:12	15.41	--	29	44689	买盘
11:22:06	15.41	0.02	2	3082	买盘
11:22:03	15.39	0.03	78	120042	中性盘
11:22:00	15.36	-0.01	445	684288	卖盘
11:21:57	15.37	-0.01	130	199810	卖盘
11:21:51	15.38	0.01	28	43064	买盘
11:21:48	15.37	0.01	5	7685	买盘
11:21:45	15.36	--	30	46080	卖盘
11:21:42	15.36	-0.01	20	30720	卖盘
11:21:39	15.37	-0.04	12	18444	卖盘
11:21:33	15.41	0.04	4	6164	买盘
11:21:30	15.37	-0.02	200	307400	卖盘
11:21:24	15.39	--	150	230850	卖盘
11:21:21	15.39	-0.02	614	945946	卖盘
11:21:18	15.41	-0.01	61	94001	卖盘
11:21:12	15.42	--	34	52428	卖盘
11:21:06	15.42	-0.01	15	23130	卖盘
11:21:03	15.43	0.01	58	89494	买盘
11:21:00	15.42	-0.01	15	23130	卖盘
11:20:57	15.43	--	2	3086	卖盘
11:20:48	15.43	-0.01	123	189789	卖盘
11:20:45	15.44	--	65	100360	卖盘
11:20:42	15.44	--	50	77200	卖盘
11:20:39	15.44	--	2	3088	卖盘
11:20:36	15.44	--	77	118888	卖盘
11:20:30	15.44	-0.01	12	18528	卖盘
11:20:27	15.45	0.01	3	4635	买盘
11:20:24	15.44	-0.01	498	768912	卖盘
11:20:21	15.45	--	52	80340	卖盘
11:20:18	15.45	-0.02	244	376980	卖盘
11:20:09	15.47	--	1	1547	买盘
11:20:06	15.47	0.01	12	18564	买盘
11:20:03	15.46	--	7	10822	卖盘
11:20:00	15.46	-0.02	8	12368	卖盘
11:19:54	15.48	0.02	19	29412	买盘
11:19:51	15.46	-0.02	14	21644	卖盘
11:19:45	15.48	0.02	6	9288	买盘
11:19:42	15.46	-0.01	20	30920	卖盘
11:19:36	15.47	-0.01	98	151606	卖盘
11:19:24	15.48	--	11	17802	卖盘
11:19:18	15.48	--	22	34830	买盘
11:19:09	15.48	--	47	72756	买盘
11:19:06	15.48	--	24	37926	卖盘
11:19:03	15.48	-0.02	28	43344	卖盘
11:18:54	15.5	--	50	77500	买盘
11:18:45	15.5	0.02	1	1550	中性盘
11:18:39	15.48	-0.02	651	1007748	卖盘
11:18:36	15.5	--	22	34100	卖盘
11:18:27	15.5	--	166	257300	卖盘
11:18:21	15.5	-0.01	40	62000	卖盘
11:18:15	15.51	0.01	7	10857	买盘
11:18:12	15.5	-0.01	22	34100	卖盘
11:18:09	15.51	0.01	20	31020	买盘
11:18:06	15.5	-0.01	84	130200	卖盘
11:17:54	15.51	--	18	27918	买盘
11:17:51	15.51	--	16	24816	买盘
11:17:45	15.51	--	3	4653	买盘
11:17:42	15.51	--	237	367587	卖盘
11:17:36	15.51	--	1	1551	卖盘
11:17:27	15.51	-0.01	100	155100	卖盘
11:17:15	15.52	--	2	3104	卖盘
11:17:09	15.52	--	21	32592	买盘
11:17:06	15.52	--	22	34144	买盘
11:17:03	15.52	--	5	7760	买盘
11:16:57	15.52	--	8	12416	卖盘
11:16:54	15.52	-0.01	12	18624	卖盘
11:16:51	15.53	--	1	1553	买盘
11:16:45	15.53	0.01	11	17083	买盘
11:16:42	15.52	-0.01	4	6208	卖盘
11:16:36	15.53	0.01	42	65226	买盘
11:16:33	15.52	-0.01	30	46560	卖盘
11:16:27	15.53	0.01	1	1553	买盘
11:16:18	15.52	--	58	90792	买盘
11:16:15	15.52	--	50	77600	买盘
11:16:12	15.52	--	6	9312	买盘
11:16:09	15.52	0.01	2	3104	买盘
11:16:06	15.51	--	30	46530	卖盘
11:16:03	15.51	--	6	9306	卖盘
11:16:00	15.51	0.01	252	390852	买盘
11:15:54	15.5	-0.01	31	48050	卖盘
11:15:45	15.51	--	1	1551	买盘
11:15:42	15.51	0.01	2	3102	买盘
11:15:39	15.5	-0.01	1	1550	卖盘
11:15:33	15.51	--	1	1551	买盘
11:15:30	15.51	-0.01	4	6204	买盘
11:15:24	15.52	0.02	52	80704	买盘
11:15:21	15.5	--	1	1550	买盘
11:15:18	15.5	--	5	7750	买盘
11:15:15	15.5	-0.02	23	35650	卖盘
11:15:12	15.52	--	3	4656	买盘
11:15:09	15.52	--	1	1552	买盘
11:15:03	15.52	0.02	17	26384	买盘
11:15:00	15.5	--	39	61225	卖盘
11:14:57	15.5	-0.02	8	13175	卖盘
11:14:54	15.52	-0.01	9	13968	买盘
11:14:51	15.53	--	1	1553	买盘
11:14:48	15.53	--	19	29507	买盘
11:14:42	15.53	--	20	31060	买盘
11:14:39	15.53	--	1	1553	买盘
11:14:33	15.53	--	9	13977	买盘
11:14:27	15.53	--	163	253139	买盘
11:14:24	15.53	0.05	18	27954	买盘
11:14:21	15.48	-0.01	2	3096	卖盘
11:14:18	15.49	-0.04	66	102234	卖盘
11:14:12	15.53	-0.01	8	12424	中性盘
11:14:09	15.54	--	91	141414	买盘
11:14:03	15.54	0.01	12	18648	买盘
11:14:00	15.53	-0.01	25	38825	卖盘
11:13:54	15.54	0.01	408	634032	买盘
11:13:48	15.53	-0.01	2	3106	中性盘
11:13:42	15.54	-0.01	26	40404	中性盘
11:13:39	15.55	--	20	31100	买盘
11:13:36	15.55	--	157	244135	买盘
11:13:33	15.55	--	7	10885	买盘
11:13:30	15.55	--	23	35765	买盘
11:13:27	15.55	0.01	128	199040	买盘
11:13:24	15.54	--	7	10878	买盘
11:13:21	15.54	0.03	4	6216	中性盘
11:13:18	15.51	-0.01	200	310200	卖盘
11:13:15	15.52	-0.03	8	12416	中性盘
11:13:12	15.55	0.04	7	10885	买盘
11:13:09	15.51	--	5	7755	卖盘
11:13:06	15.51	-0.04	2	3102	卖盘
11:13:03	15.55	0.05	514	800047	买盘
11:13:00	15.5	-0.01	37	57350	卖盘
11:12:57	15.51	--	14	21714	买盘
11:12:54	15.51	--	19	29469	买盘
11:12:51	15.51	--	36	55836	买盘
11:12:48	15.51	0.01	70	108570	买盘
11:12:42	15.5	0.01	26	41075	买盘
11:12:39	15.49	-0.01	3	4647	卖盘
11:12:33	15.5	--	399	618450	买盘
11:12:30	15.5	--	2	3100	买盘
11:12:27	15.5	0.01	200	310000	买盘
11:12:24	15.49	--	14	21686	买盘
11:12:21	15.49	-0.01	1	1549	买盘
11:12:15	15.5	--	34	52700	买盘
11:12:12	15.5	--	41	63550	买盘
11:12:09	15.5	--	13	20925	买盘
11:12:06	15.5	--	17	26350	买盘
11:12:00	15.5	0.02	111	172050	买盘
11:11:57	15.48	--	10	15480	卖盘
11:11:54	15.48	0.01	4	6192	买盘
11:11:51	15.47	-0.01	5	7735	卖盘
11:11:45	15.48	-0.01	9	13932	卖盘
11:11:42	15.49	0.02	111	171939	买盘
11:11:36	15.47	--	34	52598	卖盘
11:11:33	15.47	--	26	40222	卖盘
11:11:30	15.47	--	203	314041	买盘
11:11:24	15.47	--	15	23205	买盘
11:11:21	15.47	--	8	12376	买盘
11:11:18	15.47	--	9	13923	买盘
11:11:15	15.47	--	11	17017	买盘
11:11:12	15.47	-0.01	312	482664	卖盘
11:11:00	15.48	--	6	9288	买盘
11:10:57	15.48	--	1	1548	买盘
11:10:54	15.48	--	39	60372	买盘
11:10:51	15.48	--	1	1548	买盘
11:10:48	15.48	--	20	30960	买盘
11:10:45	15.48	--	4	6192	买盘
11:10:42	15.48	0.01	27	41796	买盘
11:10:36	15.47	--	5	7735	卖盘
11:10:33	15.47	--	31	47957	买盘
11:10:27	15.47	-0.01	1	1547	买盘
11:10:24	15.48	0.02	7	10836	买盘
11:10:21	15.46	0.01	6	9276	买盘
11:10:18	15.45	-0.01	2	3090	卖盘
11:10:12	15.46	--	11	17006	买盘
11:10:09	15.46	-0.03	32	50245	卖盘
11:10:03	15.49	0.03	11	17039	买盘
11:10:00	15.46	-0.02	220	340120	卖盘
11:09:54	15.48	--	190	294120	买盘
11:09:51	15.48	--	82	126936	买盘
11:09:48	15.48	0.02	2	3096	买盘
11:09:42	15.46	--	4	6957	买盘
11:09:39	15.46	--	7	10822	买盘
11:09:36	15.46	-0.01	18	28601	卖盘
11:09:30	15.47	0.01	5	8508	买盘
11:09:27	15.46	--	2	3092	卖盘
11:09:24	15.46	--	6	9276	买盘
11:09:21	15.46	--	2	3092	买盘
11:09:15	15.46	-0.01	19	29374	卖盘
11:09:12	15.47	0.01	14	21658	买盘
11:09:09	15.46	--	12	18552	卖盘
11:09:06	15.46	-0.01	2	3092	中性盘
11:09:03	15.47	0.03	17	26299	买盘
11:09:00	15.44	--	50	77200	卖盘
11:08:57	15.44	-0.03	10	15440	卖盘
11:08:54	15.47	--	13	20111	买盘
11:08:51	15.47	--	6	9282	买盘
11:08:45	15.47	-0.01	1	1547	中性盘
11:08:42	15.48	0.04	16	24768	买盘
11:08:39	15.44	-0.04	32	49408	卖盘
11:08:33	15.48	0.02	5	7740	买盘
11:08:30	15.46	-0.02	3	4638	买盘
11:08:24	15.48	--	15	23220	买盘
11:08:21	15.48	--	2	3096	买盘
11:08:18	15.48	--	347	537156	买盘
11:08:15	15.48	--	5	7740	买盘
11:08:12	15.48	--	30	46440	买盘
11:08:06	15.48	--	53	82044	卖盘
11:08:00	15.48	--	79	122292	买盘
11:07:54	15.48	--	12	18576	买盘
11:07:51	15.48	0.03	11	17028	买盘
11:07:42	15.45	-0.03	91	140595	卖盘
11:07:33	15.48	0.02	128	198144	买盘
11:07:27	15.46	--	10	15460	卖盘
11:07:18	15.46	0.01	8	12368	买盘
11:07:15	15.45	-0.01	53	81885	卖盘
11:07:12	15.46	--	49	75754	卖盘
11:07:06	15.46	-0.02	158	244268	卖盘
11:07:03	15.48	--	17	26316	买盘
11:07:00	15.48	--	1	1548	买盘
11:06:57	15.48	--	52	80496	卖盘
11:06:54	15.48	--	11	17028	卖盘
11:06:51	15.48	0.01	12	18576	买盘
11:06:48	15.47	-0.01	33	51051	卖盘
11:06:45	15.48	--	8	12384	买盘
11:06:42	15.48	--	22	34056	买盘
11:06:36	15.48	--	1	1548	买盘
11:06:33	15.48	0.02	15	23220	买盘
11:06:27	15.46	--	10	15460	卖盘
11:06:21	15.46	--	154	238084	卖盘
11:06:18	15.46	--	77	119042	买盘
11:06:15	15.46	--	3	4638	买盘
11:06:12	15.46	0.02	16	24736	中性盘
11:06:06	15.44	-0.04	3	4632	卖盘
11:06:03	15.48	--	2	3096	买盘
11:06:00	15.48	0.03	15	23220	买盘
11:05:57	15.45	-0.03	3	4635	卖盘
11:05:54	15.48	--	13	20124	买盘
11:05:51	15.48	0.04	10	15480	买盘
11:05:48	15.44	-0.01	108	166752	卖盘
11:05:45	15.45	-0.03	17	26265	卖盘
11:05:42	15.48	0.03	11	17028	买盘
11:05:39	15.45	-0.03	9	13905	卖盘
11:05:33	15.48	0.03	17	26316	买盘
11:05:27	15.45	-0.04	23	35535	卖盘
11:05:21	15.49	0.04	44	68156	买盘
11:05:18	15.45	-0.03	30	46350	卖盘
11:05:15	15.48	--	2	3096	买盘
11:05:12	15.48	-0.01	15	23220	中性盘
11:05:09	15.49	0.01	214	331486	买盘
11:05:06	15.48	-0.01	61	94428	卖盘
11:05:03	15.49	0.01	21	32529	买盘
11:05:00	15.48	-0.01	40	61920	卖盘
11:04:54	15.49	-0.01	25	38725	卖盘
11:04:48	15.5	0.02	13	20150	买盘
11:04:42	15.48	-0.03	140	217494	卖盘
11:04:39	15.51	0.01	4	6204	买盘
11:04:36	15.5	--	20	31775	买盘
11:04:33	15.5	0.02	67	103850	买盘
11:04:30	15.48	-0.02	52	80496	卖盘
11:04:27	15.5	0.02	1	1550	买盘
11:04:24	15.48	-0.02	30	46440	卖盘
11:04:21	15.5	0.01	21	33325	买盘
11:04:15	15.49	--	100	154900	卖盘
11:04:12	15.49	--	217	336907	买盘
11:04:09	15.49	0.01	18	27882	买盘
11:04:06	15.48	-0.01	32	49536	卖盘
11:04:03	15.49	--	118	182782	买盘
11:04:00	15.49	-0.01	56	86744	卖盘
11:03:57	15.5	--	27	41850	卖盘
11:03:54	15.5	-0.01	11	17050	卖盘
11:03:51	15.51	--	127	196977	买盘
11:03:42	15.51	0.01	81	125631	买盘
11:03:39	15.5	--	52	80600	卖盘
11:03:36	15.5	0.01	93	144150	买盘
11:03:33	15.49	--	29	44921	卖盘
11:03:30	15.49	-0.02	20	30980	卖盘
11:03:27	15.51	--	32	49632	买盘
11:03:24	15.51	0.01	20	31020	买盘
11:03:21	15.5	--	21	32550	卖盘
11:03:18	15.5	0.01	13	20150	卖盘
11:03:15	15.49	-0.02	49	75901	卖盘
11:03:12	15.51	0.02	29	44979	买盘
11:03:09	15.49	-0.01	105	162645	卖盘
11:03:03	15.5	--	15	23250	买盘
11:03:00	15.5	0.01	222	344100	买盘
11:02:57	15.49	--	156	241644	卖盘
11:02:54	15.49	-0.01	85	131665	卖盘
11:02:51	15.5	0.01	34	52700	买盘
11:02:48	15.49	-0.01	102	157998	卖盘
11:02:45	15.5	--	7	10850	买盘
11:02:42	15.5	--	29	44950	买盘
11:02:36	15.5	--	50	77500	卖盘
11:02:33	15.5	-0.01	72	111600	卖盘
11:02:30	15.51	0.01	6	9306	买盘
11:02:27	15.5	-0.01	50	77500	卖盘
11:02:24	15.51	--	12	18612	买盘
11:02:21	15.51	--	90	140365	卖盘
11:02:15	15.51	-0.01	30	46530	卖盘
11:02:12	15.52	--	29	45008	买盘
11:02:09	15.52	0.01	50	77600	买盘
11:02:06	15.51	--	250	388525	卖盘
11:02:03	15.51	-0.01	24	37224	卖盘
11:02:00	15.52	-0.01	11	17072	买盘
11:01:54	15.53	--	18	27954	买盘
11:01:51	15.53	0.02	14	21742	买盘
11:01:48	15.51	--	34	52734	卖盘
11:01:45	15.51	-0.02	122	189222	卖盘
11:01:39	15.53	--	30	46590	买盘
11:01:33	15.53	--	19	29507	买盘
11:01:24	15.53	-0.01	152	236056	卖盘
11:01:21	15.54	0.01	7	10878	买盘
11:01:15	15.53	--	11	17083	卖盘
11:01:12	15.53	--	46	71438	卖盘
11:01:09	15.53	--	17	26401	卖盘
11:01:06	15.53	--	51	79203	卖盘
11:01:03	15.53	-0.01	29	45037	卖盘
11:00:57	15.54	0.01	10	15540	买盘
11:00:54	15.53	-0.01	24	37272	卖盘
11:00:51	15.54	--	24	37296	买盘
11:00:48	15.54	--	37	57498	卖盘
11:00:45	15.54	--	1	1554	卖盘
11:00:42	15.54	0.01	96	149184	买盘
11:00:39	15.53	-0.01	37	57461	卖盘
11:00:33	15.54	--	23	35742	买盘
11:00:30	15.54	--	34	52836	买盘
11:00:24	15.54	--	2	3108	买盘
11:00:21	15.54	--	16	24864	买盘
11:00:18	15.54	0.01	32	50505	买盘
11:00:15	15.53	-0.01	65	100945	卖盘
11:00:12	15.54	--	18	27972	买盘
11:00:09	15.54	-0.01	5	7770	中性盘
11:00:06	15.55	--	141	219255	买盘
11:00:03	15.55	0.02	22	34210	买盘
11:00:00	15.53	-0.02	80	124240	卖盘
10:59:54	15.55	--	5	7775	买盘
10:59:51	15.55	--	18	27990	买盘
10:59:48	15.55	--	132	205260	买盘
10:59:42	15.55	--	21	32655	买盘
10:59:39	15.55	--	37	57535	卖盘
10:59:36	15.55	-0.01	9	13995	卖盘
10:59:33	15.56	0.01	22	34232	买盘
10:59:30	15.55	-0.02	2	3110	卖盘
10:59:24	15.57	--	60	93420	买盘
10:59:21	15.57	0.01	69	107433	买盘
10:59:18	15.56	--	163	253628	卖盘
10:59:15	15.56	--	175	272300	卖盘
10:59:12	15.56	--	180	280080	卖盘
10:59:09	15.56	--	15	23340	买盘
10:59:06	15.56	--	7	11670	买盘
10:59:03	15.56	--	5	7780	买盘
10:59:00	15.56	-0.01	58	90248	卖盘
10:58:57	15.57	--	3	4671	买盘
10:58:54	15.57	-0.01	9	14013	中性盘
10:58:51	15.58	--	90	140220	买盘
10:58:48	15.58	0.01	16	24928	买盘
10:58:45	15.57	0.02	140	217980	中性盘
10:58:42	15.55	-0.02	135	209925	卖盘
10:58:39	15.57	0.01	426	664060	买盘
10:58:36	15.56	-0.01	122	190610	卖盘
10:58:33	15.57	--	43	66951	买盘
10:58:30	15.57	--	18	28026	买盘
10:58:27	15.57	--	15	23355	买盘
10:58:24	15.57	-0.01	275	428175	卖盘
10:58:21	15.58	0.01	76	118408	买盘
10:58:18	15.57	--	107	166599	卖盘
10:58:15	15.57	--	21	32697	卖盘
10:58:12	15.57	-0.01	60	93420	卖盘
10:58:09	15.58	0.01	717	1117086	买盘
10:58:06	15.57	0.01	20	31140	买盘
10:58:03	15.56	-0.02	95	147820	卖盘
10:58:00	15.58	0.01	509	793022	买盘
10:57:57	15.57	-0.01	41	63837	中性盘
10:57:54	15.58	--	335	521930	买盘
10:57:51	15.58	0.01	62	96596	买盘
10:57:48	15.57	-0.01	35	54495	卖盘
10:57:45	15.58	--	11	17138	买盘
10:57:42	15.58	0.01	36	56088	买盘
10:57:39	15.57	--	107	166599	卖盘
10:57:36	15.57	0.01	295	459315	买盘
10:57:33	15.56	-0.01	17	26452	卖盘
10:57:30	15.57	0.01	104	162706	买盘
10:57:27	15.56	--	25	38900	买盘
10:57:24	15.56	0.01	119	185164	买盘
10:57:21	15.55	--	165	256575	卖盘
10:57:15	15.55	--	10	15550	卖盘
10:57:12	15.55	0.01	573	891015	买盘
10:57:09	15.54	0.01	18	27972	买盘
10:57:03	15.53	0.02	1367	2122951	买盘
10:57:00	15.51	-0.02	2	3102	卖盘
10:56:57	15.53	0.02	1000	1553000	买盘
10:56:54	15.51	--	62	96162	买盘
10:56:51	15.51	--	21	32571	买盘
10:56:45	15.51	--	185	286935	买盘
10:56:42	15.51	0.01	19	29469	买盘
10:56:39	15.5	--	2	3100	卖盘
10:56:36	15.5	--	543	841650	买盘
10:56:33	15.5	--	555	860250	买盘
10:56:30	15.5	--	7	11625	买盘
10:56:27	15.5	--	10	15500	买盘
10:56:24	15.5	--	236	365800	买盘
10:56:21	15.5	0.01	8	12400	买盘
10:56:18	15.49	--	6	10068	卖盘
10:56:15	15.49	--	10	15490	卖盘
10:56:12	15.49	0.02	306	473994	买盘
10:56:09	15.47	--	195	301665	买盘
10:56:06	15.47	--	17	26299	买盘
10:56:03	15.47	--	8	12376	买盘
10:56:00	15.47	-0.01	20	30940	卖盘
10:55:57	15.48	0.01	514	795672	买盘
10:55:51	15.47	--	46	71162	买盘
10:55:48	15.47	0.02	20	30940	买盘
10:55:45	15.45	-0.02	5	7725	卖盘
10:55:42	15.47	0.02	18	27846	买盘
10:55:36	15.45	--	127	196215	买盘
10:55:33	15.45	--	2	3090	买盘
10:55:30	15.45	--	22	33990	买盘
10:55:27	15.45	0.01	6	9270	买盘
10:55:18	15.44	-0.01	57	88008	中性盘
10:55:12	15.45	0.02	518	800310	买盘
10:55:06	15.43	-0.01	15	23145	卖盘
10:55:03	15.44	--	16	24704	买盘
10:55:00	15.44	0.01	113	174472	买盘
10:54:54	15.43	--	80	123440	卖盘
10:54:51	15.43	0.02	55	84865	买盘
10:54:48	15.41	--	10	15410	卖盘
10:54:45	15.41	-0.02	5	7705	卖盘
10:54:42	15.43	0.01	16	24688	买盘
10:54:39	15.42	-0.01	10	15420	卖盘
10:54:33	15.43	--	18	27774	买盘
10:54:30	15.43	--	2	3086	买盘
10:54:21	15.43	--	20	30860	买盘
10:54:18	15.43	-0.01	40	61720	卖盘
10:54:15	15.44	--	19	29336	买盘
10:54:12	15.44	--	23	35512	买盘
10:54:09	15.44	0.01	1	1544	买盘
10:54:06	15.43	-0.01	9	13887	卖盘
10:54:03	15.44	--	28	43232	买盘
10:54:00	15.44	0.01	5	7720	买盘
10:53:57	15.43	--	2	3086	卖盘
10:53:54	15.43	-0.01	12	18516	卖盘
10:53:51	15.44	0.01	38	58672	买盘
10:53:48	15.43	-0.01	64	98752	卖盘
10:53:45	15.44	--	3	4632	买盘
10:53:42	15.44	--	30	46320	买盘
10:53:39	15.44	--	130	200720	买盘
10:53:36	15.44	--	34	52496	买盘
10:53:33	15.44	--	36	55584	买盘
10:53:30	15.44	0.01	2	3088	买盘
10:53:27	15.43	-0.01	20	30860	卖盘
10:53:24	15.44	--	141	217704	买盘
10:53:21	15.44	--	28	43232	买盘
10:53:15	15.44	--	76	117344	买盘
10:53:12	15.44	--	17	26248	买盘
10:53:06	15.44	--	16	24704	买盘
10:53:03	15.44	--	53	81832	买盘
10:53:00	15.44	0.01	56	86464	买盘
10:52:57	15.43	--	11	16973	卖盘
10:52:54	15.43	--	10	15430	卖盘
10:52:51	15.43	--	25	38575	卖盘
10:52:48	15.43	0.01	44	67892	买盘
10:52:42	15.42	--	21	32382	买盘
10:52:36	15.42	--	3	4626	买盘
10:52:33	15.42	--	18	27756	买盘
10:52:30	15.42	--	65	100230	卖盘
10:52:27	15.42	-0.01	31	47802	卖盘
10:52:24	15.43	--	2	3086	买盘
10:52:21	15.43	0.01	19	29317	买盘
10:52:15	15.42	-0.01	100	154200	中性盘
10:52:09	15.43	0.01	37	57091	买盘
10:52:00	15.42	0.01	1	1542	买盘
10:51:57	15.41	--	306	472316	买盘
10:51:54	15.41	--	1	1541	买盘
10:51:51	15.41	--	16	24656	买盘
10:51:48	15.41	--	24	36984	买盘
10:51:42	15.41	--	18	27738	买盘
10:51:39	15.41	--	26	40066	买盘
10:51:33	15.41	--	17	26197	买盘
10:51:30	15.41	0.01	120	184920	买盘
10:51:24	15.4	-0.01	8	12320	卖盘
10:51:21	15.41	--	58	89378	买盘
10:51:18	15.41	--	10	15410	买盘
10:51:15	15.41	-0.01	29	44689	卖盘
10:51:12	15.42	0.01	21	32382	买盘
10:51:09	15.41	-0.01	30	46230	卖盘
10:51:00	15.42	--	17	26214	买盘
10:50:57	15.42	0.01	2	3084	买盘
10:50:54	15.41	--	5	7705	卖盘
10:50:51	15.41	0.01	10	15410	买盘
10:50:48	15.4	--	2	3080	卖盘
10:50:45	15.4	--	7	10780	卖盘
10:50:42	15.4	--	6	9240	买盘
10:50:39	15.4	0.01	13	20020	买盘
10:50:36	15.39	-0.01	109	167751	卖盘
10:50:33	15.4	--	7	10780	买盘
10:50:30	15.4	--	5	7700	买盘
10:50:27	15.4	0.01	14	21560	买盘
10:50:24	15.39	--	29	44631	卖盘
10:50:21	15.39	0.01	49	75411	买盘
10:50:18	15.38	0.02	50	76900	卖盘
10:50:12	15.36	-0.02	41	62976	卖盘
10:50:09	15.38	0.02	544	836672	买盘
10:50:06	15.36	--	18	27648	卖盘
10:50:03	15.36	-0.02	25	38400	卖盘
10:50:00	15.38	--	17	26146	买盘
10:49:57	15.38	0.02	77	118426	买盘
10:49:51	15.36	0.01	113	174336	买盘
10:49:48	15.35	-0.01	38	58330	卖盘
10:49:45	15.36	--	21	32256	买盘
10:49:42	15.36	--	21	32256	买盘
10:49:33	15.36	--	5	7680	买盘
10:49:30	15.36	--	18	27648	买盘
10:49:27	15.36	--	7	10752	买盘
10:49:21	15.36	--	16	24576	买盘
10:49:18	15.36	0.01	7	10752	中性盘
10:49:15	15.35	-0.01	30	46050	卖盘
10:49:12	15.36	-0.01	26	39936	卖盘
10:49:09	15.37	--	2	3074	买盘
10:49:06	15.37	--	9	13833	买盘
10:49:03	15.37	0.01	22	33814	买盘
10:49:00	15.36	--	11	16896	买盘
10:48:57	15.36	0.01	7	10752	买盘
10:48:54	15.35	-0.01	144	221040	卖盘
10:48:51	15.36	-0.01	164	251904	卖盘
10:48:48	15.37	0.01	7	10759	买盘
10:48:45	15.36	--	1	1536	卖盘
10:48:39	15.36	--	50	76800	卖盘
10:48:36	15.36	--	27	41472	买盘
10:48:33	15.36	--	29	44544	买盘
10:48:30	15.36	--	16	24576	买盘
10:48:27	15.36	-0.01	15	23040	卖盘
10:48:24	15.37	--	3	4611	买盘
10:48:21	15.37	--	18	27666	买盘
10:48:18	15.37	--	5	7685	卖盘
10:48:12	15.37	-0.01	28	43036	卖盘
10:48:03	15.38	--	8	12304	买盘
10:48:00	15.38	--	25	38450	买盘
10:47:54	15.38	--	2	3076	买盘
10:47:51	15.38	0.02	19	29222	买盘
10:47:48	15.36	-0.02	12	18432	卖盘
10:47:45	15.38	0.02	500	769000	买盘
10:47:42	15.36	--	8	12288	买盘
10:47:39	15.36	0.01	24	36864	买盘
10:47:33	15.35	-0.01	12	18420	卖盘
10:47:30	15.36	0.01	33	50688	买盘
10:47:27	15.35	-0.01	10	15350	卖盘
10:47:24	15.36	--	84	129024	买盘
10:47:21	15.36	--	56	86016	买盘
10:47:18	15.36	--	9	13824	买盘
10:47:15	15.36	0.01	30	46080	买盘
10:47:12	15.35	-0.04	209	320815	卖盘
10:47:09	15.39	0.01	58	89262	买盘
10:47:06	15.38	--	10	15380	卖盘
10:47:03	15.38	-0.01	61	93818	卖盘
10:47:00	15.39	0.01	4	6156	买盘
10:46:54	15.38	--	30	46140	卖盘
10:46:51	15.38	-0.01	1	1538	卖盘
10:46:45	15.39	--	2	3078	买盘
10:46:42	15.39	--	7	10773	买盘
10:46:39	15.39	--	4	6156	卖盘
10:46:36	15.39	--	3	4617	卖盘
10:46:33	15.39	--	8	12312	卖盘
10:46:24	15.39	-0.01	30	46170	卖盘
10:46:21	15.4	--	3	4620	买盘
10:46:12	15.4	0.01	32	49280	买盘
10:46:09	15.39	-0.01	3	4617	卖盘
10:46:00	15.4	-0.02	26	40040	卖盘
10:45:57	15.42	0.01	27	41634	买盘
10:45:54	15.41	--	37	57017	卖盘
10:45:51	15.41	--	26	40066	卖盘
10:45:45	15.41	0.01	268	412988	买盘
10:45:42	15.4	--	17	26180	卖盘
10:45:39	15.4	-0.01	72	110880	卖盘
10:45:33	15.41	--	62	95542	卖盘
10:45:30	15.41	--	72	110952	卖盘
10:45:27	15.41	--	77	118657	卖盘
10:45:21	15.41	--	7	10787	卖盘
10:45:18	15.41	--	110	169510	卖盘
10:45:15	15.41	--	2	3082	卖盘
10:45:12	15.41	0.01	113	174133	买盘
10:45:09	15.4	--	21	32340	卖盘
10:45:06	15.4	--	6	9240	卖盘
10:45:00	15.4	--	47	72380	卖盘
10:44:57	15.4	--	9	13860	卖盘
10:44:54	15.4	-0.01	70	107800	卖盘
10:44:51	15.41	0.01	7	10787	买盘
10:44:48	15.4	--	33	50820	卖盘
10:44:42	15.4	-0.01	9	13860	卖盘
10:44:39	15.41	--	29	44689	卖盘
10:44:30	15.41	--	64	98624	卖盘
10:44:27	15.41	-0.01	25	38525	中性盘
10:44:21	15.42	--	5	7710	买盘
10:44:18	15.42	--	8	12336	卖盘
10:44:15	15.42	--	28	43176	卖盘
10:44:09	15.42	--	64	98688	买盘
10:44:03	15.42	0.02	8	12336	买盘
10:44:00	15.4	-0.02	52	80080	卖盘
10:43:57	15.42	0.02	40	61680	买盘
10:43:51	15.4	-0.02	135	207900	卖盘
10:43:48	15.42	0.02	3	4626	买盘
10:43:45	15.4	--	30	46200	卖盘
10:43:39	15.4	-0.02	2	3080	卖盘
10:43:36	15.42	0.02	26	40092	买盘
10:43:33	15.4	0.01	674	1037960	买盘
10:43:27	15.39	0.03	212	326268	买盘
10:43:24	15.36	-0.02	33	50688	卖盘
10:43:21	15.38	0.03	7	10766	买盘
10:43:18	15.35	-0.03	135	207225	卖盘
10:43:15	15.38	0.02	35	53830	买盘
10:43:09	15.36	-0.03	5	7680	中性盘
10:43:03	15.39	0.04	1	1539	买盘
10:43:00	15.35	-0.04	15	23025	卖盘
10:42:57	15.39	0.04	1	1539	买盘
10:42:54	15.35	-0.04	20	30700	卖盘
10:42:51	15.39	0.04	666	1024974	买盘
10:42:48	15.35	-0.02	6	9210	卖盘
10:42:45	15.37	0.02	29	44573	买盘
10:42:42	15.35	--	31	47585	卖盘
10:42:39	15.35	0.01	54	82890	买盘
10:42:36	15.34	--	32	49088	卖盘
10:42:33	15.34	-0.01	195	299130	卖盘
10:42:30	15.35	0.01	25	38375	买盘
10:42:27	15.34	--	79	121186	卖盘
10:42:24	15.34	--	8	12272	卖盘
10:42:21	15.34	-0.01	147	225498	卖盘
10:42:18	15.35	--	115	176525	买盘
10:42:15	15.35	0.01	105	161175	买盘
10:42:12	15.34	--	107	164138	买盘
10:42:09	15.34	-0.01	81	124254	卖盘
10:42:06	15.35	--	24	36840	买盘
10:42:03	15.35	--	8	12280	买盘
10:42:00	15.35	--	75	115125	买盘
10:41:57	15.35	--	13	19955	买盘
10:41:54	15.35	--	18	27630	买盘
10:41:51	15.35	-0.03	216	331560	卖盘
10:41:48	15.38	--	2	3076	买盘
10:41:45	15.38	0.03	81	124578	买盘
10:41:42	15.35	--	629	965515	卖盘
10:41:39	15.35	--	205	314675	买盘
10:41:36	15.35	--	59	90565	买盘
10:41:33	15.35	--	40	61400	买盘
10:41:30	15.35	--	10	15350	买盘
10:41:27	15.35	0.02	50	76750	买盘
10:41:24	15.33	-0.02	33	50589	中性盘
10:41:21	15.35	-0.05	44	67540	卖盘
10:41:18	15.4	0.06	32	49280	买盘
10:41:15	15.34	-0.06	130	199420	卖盘
10:41:12	15.4	0.07	1	1540	卖盘
10:41:06	15.33	-0.07	1011	1550629	卖盘
10:41:03	15.4	0.05	28	43120	买盘
10:41:00	15.35	-0.05	297	455895	卖盘
10:40:57	15.4	--	2	3080	买盘
10:40:54	15.4	--	38	58520	买盘
10:40:51	15.4	--	8	12320	买盘
10:40:48	15.4	--	67	103180	买盘
10:40:45	15.4	0.01	31	47740	买盘
10:40:42	15.39	-0.01	688	1058832	卖盘
10:40:36	15.4	--	38	58520	买盘
10:40:33	15.4	--	22	33880	买盘
10:40:30	15.4	--	33	50820	买盘
10:40:27	15.4	-0.04	1178	1814890	卖盘
10:40:24	15.44	0.01	115	177560	买盘
10:40:18	15.43	--	7	11572	卖盘
10:40:15	15.43	--	17	26231	买盘
10:40:12	15.43	--	3	4629	买盘
10:40:09	15.43	--	25	38575	买盘
10:40:06	15.43	--	3	4629	买盘
10:40:03	15.43	0.01	35	54005	买盘
10:40:00	15.42	-0.01	20	30840	卖盘
10:39:57	15.43	--	12	18516	卖盘
10:39:54	15.43	--	59	91037	买盘
10:39:51	15.43	--	36	55548	买盘
10:39:48	15.43	--	75	115725	买盘
10:39:45	15.43	--	31	47833	买盘
10:39:42	15.43	--	34	52462	卖盘
10:39:39	15.43	--	6	9258	卖盘
10:39:36	15.43	--	24	37032	买盘
10:39:33	15.43	--	11	16973	买盘
10:39:30	15.43	--	5	7715	买盘
10:39:27	15.43	--	3	4629	买盘
10:39:24	15.43	-0.01	36	55548	中性盘
10:39:21	15.44	0.03	104	160576	买盘
10:39:18	15.41	--	34	52394	卖盘
10:39:15	15.41	-0.01	22	33902	卖盘
10:39:12	15.42	--	28	43176	买盘
10:39:09	15.42	--	22	33924	买盘
10:39:06	15.42	--	70	107940	买盘
10:39:03	15.42	--	62	95604	买盘
10:39:00	15.42	--	126	194292	买盘
10:38:57	15.42	--	6	9252	买盘
10:38:54	15.42	-0.01	280	431760	卖盘
10:38:51	15.43	--	13	20059	卖盘
10:38:48	15.43	--	16	24688	买盘
10:38:45	15.43	--	19	29317	买盘
10:38:42	15.43	--	3	4629	买盘
10:38:39	15.43	--	230	354890	买盘
10:38:36	15.43	--	53	81779	买盘
10:38:33	15.43	0.01	84	129612	买盘
10:38:30	15.42	-0.02	30	46260	卖盘
10:38:27	15.44	--	456	704064	买盘
10:38:24	15.44	-0.01	27	41688	买盘
10:38:21	15.45	0.03	65	100425	买盘
10:38:18	15.42	-0.02	24	37008	卖盘
10:38:15	15.44	--	9	13896	买盘
10:38:12	15.44	--	6	9264	买盘
10:38:09	15.44	--	10	15440	买盘
10:38:06	15.44	0.03	9	13896	买盘
10:38:03	15.41	-0.01	26	40066	卖盘
10:38:00	15.42	-0.02	37	57054	卖盘
10:37:57	15.44	-0.01	19	29336	卖盘
10:37:54	15.45	0.01	104	160680	买盘
10:37:51	15.44	--	412	636128	买盘
10:37:48	15.44	--	11	16984	买盘
10:37:45	15.44	0.04	15	23160	买盘
10:37:42	15.4	--	36	55440	卖盘
10:37:39	15.4	-0.02	14	21560	卖盘
10:37:36	15.42	--	2	3084	卖盘
10:37:33	15.42	--	12	19275	买盘
10:37:30	15.42	0.05	191	295293	买盘
10:37:27	15.37	-0.03	50	77618	卖盘
10:37:24	15.4	0.01	11	16940	买盘
10:37:21	15.39	-0.01	20	30780	中性盘
10:37:18	15.4	--	20	30800	买盘
10:37:15	15.4	--	49	75460	买盘
10:37:12	15.4	0.04	1	1540	买盘
10:37:09	15.36	-0.04	34	52224	卖盘
10:37:06	15.4	0.04	150	231000	买盘
10:37:03	15.36	--	45	69120	买盘
10:37:00	15.36	--	34	52224	买盘
10:36:57	15.36	--	21	32256	买盘
10:36:54	15.36	0.01	15	23040	买盘
10:36:48	15.35	--	63	96705	买盘
10:36:45	15.35	--	81	124335	买盘
10:36:42	15.35	--	239	366865	买盘
10:36:39	15.35	--	245	376075	买盘
10:36:36	15.35	--	160	245600	买盘
10:36:33	15.35	0.01	13	19955	买盘
10:36:30	15.34	-0.01	35	53690	卖盘
10:36:27	15.35	0.02	91	139685	买盘
10:36:24	15.33	-0.01	32	49056	卖盘
10:36:21	15.34	-0.01	209	320606	买盘
10:36:18	15.35	0.01	39	59865	买盘
10:36:15	15.34	-0.01	61	93574	卖盘
10:36:12	15.35	--	121	185735	买盘
10:36:09	15.35	0.01	36	55260	买盘
10:36:06	15.34	-0.01	25	38350	卖盘
10:36:03	15.35	0.01	8	12280	买盘
10:36:00	15.34	--	34	52156	卖盘
10:35:57	15.34	--	9	13806	卖盘
10:35:54	15.34	0.01	54	82836	买盘
10:35:51	15.33	-0.02	168	257544	卖盘
10:35:48	15.35	-0.01	38	58330	卖盘
10:35:45	15.36	0.01	10	15360	买盘
10:35:42	15.35	--	49	75215	买盘
10:35:39	15.35	-0.02	763	1171205	卖盘
10:35:36	15.37	--	15	23055	买盘
10:35:33	15.37	0.01	39	59943	买盘
10:35:30	15.36	-0.01	10	15360	卖盘
10:35:27	15.37	--	25	38425	买盘
10:35:24	15.37	--	93	142941	买盘
10:35:21	15.37	-0.01	214	329686	卖盘
10:35:18	15.38	--	39	60751	买盘
10:35:15	15.38	--	74	113812	买盘
10:35:12	15.38	--	63	96894	买盘
10:35:09	15.38	--	8	12304	买盘
10:35:06	15.38	--	38	58444	买盘
10:35:03	15.38	--	30	46140	买盘
10:35:00	15.38	0.01	273	419874	买盘
10:34:57	15.37	--	64	98368	卖盘
10:34:54	15.37	-0.01	20	30740	卖盘
10:34:51	15.38	--	96	147648	买盘
10:34:48	15.38	--	35	53830	买盘
10:34:45	15.38	--	73	112274	买盘
10:34:42	15.38	--	76	116888	买盘
10:34:39	15.38	--	21	32298	买盘
10:34:36	15.38	--	28	43064	买盘
10:34:33	15.38	--	84	129961	卖盘
10:34:30	15.38	--	57	87666	卖盘
10:34:27	15.38	-0.01	37	56906	卖盘
10:34:24	15.39	0.01	196	301644	买盘
10:34:21	15.38	--	477	733626	卖盘
10:34:18	15.38	--	50	76900	卖盘
10:34:15	15.38	--	53	81514	卖盘
10:34:12	15.38	--	3	4614	卖盘
10:34:09	15.38	--	54	83052	卖盘
10:34:06	15.38	--	17	26146	卖盘
10:34:03	15.38	-0.01	50	76900	卖盘
10:34:00	15.39	-0.01	22	33858	中性盘
10:33:57	15.4	--	6	9240	买盘
10:33:54	15.4	--	936	1441440	卖盘
10:33:51	15.4	-0.01	126	194040	卖盘
10:33:48	15.41	0.01	189	292019	中性盘
10:33:45	15.4	-0.02	780	1201200	卖盘
10:33:42	15.42	--	96	148032	买盘
10:33:39	15.42	--	16	24672	买盘
10:33:36	15.42	0.01	11	16962	买盘
10:33:33	15.41	-0.01	260	400660	卖盘
10:33:30	15.42	-0.01	11	16962	中性盘
10:33:27	15.43	--	95	146585	买盘
10:33:24	15.43	--	49	75607	买盘
10:33:21	15.43	0.01	42	64806	买盘
10:33:18	15.42	-0.01	146	225903	卖盘
10:33:15	15.43	--	35	54776	卖盘
10:33:12	15.43	-0.01	148	228364	卖盘
10:33:09	15.44	0.01	21	32424	买盘
10:33:06	15.43	-0.01	70	108010	卖盘
10:33:03	15.44	--	114	176016	买盘
10:33:00	15.44	-0.01	286	441584	卖盘
10:32:57	15.45	--	21	32445	买盘
10:32:51	15.45	--	38	58710	卖盘
10:32:48	15.45	--	71	109695	卖盘
10:32:45	15.45	--	15	23175	卖盘
10:32:42	15.45	--	9	13905	卖盘
10:32:39	15.45	0.01	149	230205	买盘
10:32:36	15.44	-0.01	18	27792	卖盘
10:32:30	15.45	--	7	10815	买盘
10:32:27	15.45	-0.02	835	1290075	卖盘
10:32:24	15.47	--	37	57239	买盘
10:32:18	15.47	-0.01	41	63427	卖盘
10:32:15	15.48	--	2	3096	买盘
10:32:12	15.48	--	95	147060	买盘
10:32:09	15.48	0.01	28	43344	买盘
10:32:06	15.47	--	5	7735	卖盘
10:32:03	15.47	--	30	46410	卖盘
10:32:00	15.47	-0.01	5	7735	卖盘
10:31:57	15.48	0.01	17	26316	买盘
10:31:54	15.47	--	42	64974	卖盘
10:31:51	15.47	-0.01	20	30940	卖盘
10:31:48	15.48	--	3	4644	买盘
10:31:45	15.48	--	22	34056	买盘
10:31:42	15.48	-0.01	3	4644	中性盘
10:31:39	15.49	0.01	40	61960	买盘
10:31:36	15.48	--	15	23220	买盘
10:31:27	15.48	--	26	40248	买盘
10:31:24	15.48	--	28	43344	中性盘
10:31:15	15.48	--	11	17028	买盘
10:31:09	15.48	--	35	54180	卖盘
10:31:06	15.48	0.01	36	55728	买盘
10:31:03	15.47	--	5	7735	卖盘
10:31:00	15.47	--	2	3094	卖盘
10:30:57	15.47	--	46	71162	卖盘
10:30:51	15.47	--	21	32487	卖盘
10:30:48	15.47	-0.01	39	60333	卖盘
10:30:45	15.48	--	9	13932	买盘
10:30:42	15.48	--	12	18576	卖盘
10:30:39	15.48	-0.02	4	6192	卖盘
10:30:36	15.5	--	44	68200	买盘
10:30:33	15.5	0.02	22	34100	买盘
10:30:30	15.48	-0.02	5	7740	卖盘
10:30:27	15.5	--	21	32550	买盘
10:30:24	15.5	--	25	38750	卖盘
10:30:21	15.5	--	48	74400	卖盘
10:30:18	15.5	--	60	93000	卖盘
10:30:09	15.5	-0.01	153	237150	卖盘
10:30:06	15.51	0.01	39	60489	买盘
10:30:00	15.5	--	10	15500	卖盘
10:29:57	15.5	--	85	131750	卖盘
10:29:54	15.5	0.04	253	392150	买盘
10:29:51	15.46	-0.01	538	831748	卖盘
10:29:48	15.47	-0.01	228	352716	卖盘
10:29:45	15.48	0.01	5	7740	买盘
10:29:42	15.47	-0.01	11	17017	卖盘
10:29:39	15.48	-0.02	109	168732	卖盘
10:29:36	15.5	0.02	25	39525	买盘
10:29:30	15.48	-0.01	42	65016	卖盘
10:29:27	15.49	--	223	346201	买盘
10:29:24	15.49	--	26	40274	买盘
10:29:21	15.49	0.01	43	66607	买盘
10:29:18	15.48	-0.01	67	103716	卖盘
10:29:15	15.49	0.01	35	54215	买盘
10:29:12	15.48	--	10	15480	卖盘
10:29:09	15.48	-0.01	13	20124	卖盘
10:29:06	15.49	--	14	21686	买盘
10:29:03	15.49	0.01	3	4647	买盘
10:29:00	15.48	-0.01	13	20124	卖盘
10:28:57	15.49	0.01	20	30980	买盘
10:28:54	15.48	--	46	71208	卖盘
10:28:51	15.48	-0.01	50	77400	卖盘
10:28:48	15.49	--	39	60411	买盘
10:28:45	15.49	--	11	17039	买盘
10:28:39	15.49	--	4	6196	买盘
10:28:36	15.49	0.01	15	23235	买盘
10:28:30	15.48	0.01	12	18576	卖盘
10:28:27	15.47	-0.02	34	52598	卖盘
10:28:24	15.49	--	29	44921	买盘
10:28:18	15.49	0.02	20	30980	买盘
10:28:15	15.47	-0.02	102	157794	卖盘
10:28:12	15.49	--	8	13166	卖盘
10:28:09	15.49	-0.01	1	2323	卖盘
10:28:06	15.5	--	11	17050	买盘
10:28:03	15.5	--	19	29450	买盘
10:28:00	15.5	0.01	20	31000	买盘
10:27:57	15.49	0.02	28	43372	中性盘
10:27:51	15.47	0.01	3	4641	买盘
10:27:48	15.46	-0.04	79	122134	卖盘
10:27:42	15.5	--	65	100750	买盘
10:27:39	15.5	--	12	18600	买盘
10:27:36	15.5	--	9	13950	买盘
10:27:27	15.5	0.04	20	31000	买盘
10:27:21	15.46	-0.01	40	61840	卖盘
10:27:18	15.47	--	42	65747	买盘
10:27:15	15.47	0.01	25	38675	买盘
10:27:12	15.46	--	3	4638	卖盘
10:27:09	15.46	-0.01	101	156146	卖盘
10:27:06	15.47	--	26	40222	买盘
10:27:03	15.47	--	17	26299	卖盘
10:27:00	15.47	--	18	27846	卖盘
10:26:57	15.47	0.01	14	21658	买盘
10:26:54	15.46	-0.01	10	15460	卖盘
10:26:51	15.47	--	24	37128	买盘
10:26:48	15.47	--	18	27846	买盘
10:26:45	15.47	-0.03	129	199563	卖盘
10:26:39	15.5	--	3	4650	买盘
10:26:36	15.5	--	15	23250	买盘
10:26:33	15.5	--	35	54250	买盘
10:26:30	15.5	--	9	13950	买盘
10:26:27	15.5	0.02	26	40300	买盘
10:26:24	15.48	-0.02	24	37152	卖盘
10:26:21	15.5	0.02	119	184450	买盘
10:26:18	15.48	-0.02	10	15480	卖盘
10:26:15	15.5	0.01	9	13950	买盘
10:26:12	15.49	-0.01	123	190527	卖盘
10:26:09	15.5	-0.01	188	291400	卖盘
10:26:06	15.51	0.01	135	209385	买盘
10:26:03	15.5	-0.01	129	200725	卖盘
10:26:00	15.51	0.01	190	294690	买盘
10:25:57	15.5	--	97	151125	卖盘
10:25:54	15.5	--	49	75950	卖盘
10:25:51	15.5	--	110	170500	卖盘
10:25:48	15.5	-0.01	14	21700	卖盘
10:25:45	15.51	0.01	12	18612	买盘
10:25:42	15.5	-0.02	204	316200	卖盘
10:25:39	15.52	0.01	86	133472	买盘
10:25:36	15.51	--	18	27918	买盘
10:25:33	15.51	--	2	3102	卖盘
10:25:27	15.51	--	25	38775	卖盘
10:25:24	15.51	-0.01	15	23265	卖盘
10:25:18	15.52	0.01	122	189344	买盘
10:25:15	15.51	0.01	9	13959	买盘
10:25:12	15.5	-0.01	13	20150	卖盘
10:25:09	15.51	--	7	10857	买盘
10:25:06	15.51	--	29	44979	买盘
10:25:03	15.51	--	19	29469	买盘
10:25:00	15.51	-0.01	9	13959	中性盘
10:24:57	15.52	--	140	217280	买盘
10:24:54	15.52	--	37	57424	买盘
10:24:51	15.52	0.01	40	62080	买盘
10:24:48	15.51	-0.01	23	35673	卖盘
10:24:45	15.52	0.01	31	48112	买盘
10:24:42	15.51	--	3	4653	卖盘
10:24:39	15.51	--	54	83754	卖盘
10:24:36	15.51	0.01	3	4653	买盘
10:24:33	15.5	-0.01	32	49600	卖盘
10:24:30	15.51	--	28	43428	买盘
10:24:27	15.51	--	29	44979	买盘
10:24:24	15.51	--	12	18612	卖盘
10:24:21	15.51	0.01	18	27918	买盘
10:24:18	15.5	-0.01	213	330150	卖盘
10:24:15	15.51	--	6	9306	买盘
10:24:12	15.51	-0.02	65	100815	卖盘
10:24:09	15.53	--	10	15530	买盘
10:24:06	15.53	0.02	34	52802	买盘
10:24:03	15.51	--	5	7755	卖盘
10:24:00	15.51	-0.02	20	31020	卖盘
10:23:57	15.53	--	7	10871	买盘
10:23:54	15.53	--	11	17083	买盘
10:23:51	15.53	--	28	43484	买盘
10:23:48	15.53	-0.01	82	127346	卖盘
10:23:45	15.54	0.01	118	183372	买盘
10:23:42	15.53	--	37	57461	卖盘
10:23:39	15.53	-0.01	110	170830	卖盘
10:23:36	15.54	0.01	27	41958	买盘
10:23:33	15.53	-0.01	15	23295	卖盘
10:23:27	15.54	--	21	32634	买盘
10:23:21	15.54	0.01	4	6216	买盘
10:23:18	15.53	-0.01	43	66779	卖盘
10:23:15	15.54	0.01	13	20202	买盘
10:23:12	15.53	-0.01	128	198784	卖盘
10:23:09	15.54	0.01	3	4662	买盘
10:23:06	15.53	--	7	10871	卖盘
10:23:03	15.53	--	62	96286	买盘
10:23:00	15.53	--	67	104051	买盘
10:22:57	15.53	-0.01	41	63673	卖盘
10:22:54	15.54	0.01	3	4662	买盘
10:22:51	15.53	--	17	26401	卖盘
10:22:48	15.53	--	11	17083	卖盘
10:22:42	15.53	--	50	77650	买盘
10:22:39	15.53	--	5	7765	卖盘
10:22:36	15.53	0.03	13	20189	买盘
10:22:33	15.5	-0.01	33	51150	卖盘
10:22:27	15.51	0.01	3	4653	中性盘
10:22:24	15.5	--	86	133300	卖盘
10:22:21	15.5	-0.01	100	155000	卖盘
10:22:18	15.51	--	30	46530	卖盘
10:22:15	15.51	0.01	11	17061	买盘
10:22:12	15.5	-0.02	31	48050	卖盘
10:22:06	15.52	--	17	26384	买盘
10:22:03	15.52	--	40	62080	买盘
10:22:00	15.52	--	11	17072	买盘
10:21:57	15.52	0.02	21	32592	买盘
10:21:54	15.5	--	210	326275	卖盘
10:21:51	15.5	--	17	27125	卖盘
10:21:48	15.5	-0.01	47	72850	卖盘
10:21:45	15.51	0.01	2	3102	买盘
10:21:42	15.5	--	3	4650	卖盘
10:21:39	15.5	0.02	166	257300	买盘
10:21:36	15.48	--	18	27864	买盘
10:21:33	15.48	--	12	18576	买盘
10:21:30	15.48	0.01	20	30960	买盘
10:21:27	15.47	-0.02	72	111384	卖盘
10:21:24	15.49	--	13	20137	买盘
10:21:18	15.49	0.01	6	9294	买盘
10:21:15	15.48	0.02	2	3096	中性盘
10:21:12	15.46	--	105	162330	卖盘
10:21:09	15.46	-0.02	10	15460	卖盘
10:21:06	15.48	--	17	26316	买盘
10:21:03	15.48	0.02	3	4644	买盘
10:21:00	15.46	--	29	44834	卖盘
10:20:57	15.46	0.01	62	95852	买盘
10:20:54	15.45	-0.01	38	58710	卖盘
10:20:51	15.46	--	21	32466	买盘
10:20:48	15.46	0.01	62	95852	买盘
10:20:45	15.45	--	15	23175	卖盘
10:20:42	15.45	-0.01	2	3090	卖盘
10:20:39	15.46	--	32	49472	买盘
10:20:36	15.46	--	97	149962	卖盘
10:20:30	15.46	--	20	30920	卖盘
10:20:27	15.46	0.01	58	89668	买盘
10:20:24	15.45	-0.01	30	46350	卖盘
10:20:21	15.46	--	35	54110	买盘
10:20:18	15.46	--	25	38650	买盘
10:20:15	15.46	--	30	46380	卖盘
10:20:12	15.46	--	108	166968	卖盘
10:20:06	15.46	--	1	1546	卖盘
10:20:03	15.46	0.01	5	7730	买盘
10:20:00	15.45	-0.01	97	149865	卖盘
10:19:57	15.46	0.01	30	46380	买盘
10:19:48	15.45	--	107	166087	买盘
10:19:45	15.45	--	18	27810	买盘
10:19:42	15.45	--	4	6180	买盘
10:19:39	15.45	0.01	31	47895	买盘
10:19:36	15.44	-0.01	31	47864	卖盘
10:19:30	15.45	--	50	77250	买盘
10:19:27	15.45	--	300	463500	买盘
10:19:24	15.45	--	8	12360	买盘
10:19:18	15.45	--	8	12360	买盘
10:19:15	15.45	0.02	46	71070	中性盘
10:19:12	15.43	-0.02	8	12344	卖盘
10:19:09	15.45	0.03	4	6180	卖盘
10:19:06	15.42	-0.01	509	784878	卖盘
10:19:03	15.43	--	172	266167	卖盘
10:19:00	15.43	-0.02	53	81779	卖盘
10:18:57	15.45	0.02	45	69525	买盘
10:18:54	15.43	-0.02	26	40118	卖盘
10:18:51	15.45	0.02	137	211665	买盘
10:18:48	15.43	-0.02	4	6172	卖盘
10:18:45	15.45	0.02	41	63345	买盘
10:18:39	15.43	-0.01	76	118039	卖盘
10:18:36	15.44	-0.01	29	44776	卖盘
10:18:33	15.45	--	59	91155	卖盘
10:18:30	15.45	--	56	86520	卖盘
10:18:27	15.45	--	20	30900	卖盘
10:18:24	15.45	--	7	10815	卖盘
10:18:21	15.45	--	52	80340	卖盘
10:18:18	15.45	-0.01	24	37080	卖盘
10:18:15	15.46	--	11	17006	买盘
10:18:12	15.46	--	15	23190	买盘
10:18:06	15.46	--	214	330844	卖盘
10:18:03	15.46	--	19	29374	卖盘
10:18:00	15.46	--	71	109766	卖盘
10:17:57	15.46	--	24	37104	卖盘
10:17:54	15.46	--	25	38650	卖盘
10:17:51	15.46	--	22	34012	卖盘
10:17:48	15.46	-0.02	195	301470	卖盘
10:17:45	15.48	0.02	63	97524	买盘
10:17:42	15.46	-0.03	8	12368	卖盘
10:17:39	15.49	0.01	428	662972	买盘
10:17:36	15.48	--	20	30960	卖盘
10:17:33	15.48	-0.01	1	1548	卖盘
10:17:30	15.49	--	22	34078	买盘
10:17:27	15.49	--	29	44921	买盘
10:17:24	15.49	-0.01	39	60411	卖盘
10:17:18	15.5	--	3	4650	买盘
10:17:15	15.5	--	101	157325	卖盘
10:17:12	15.5	--	104	161200	卖盘
10:17:09	15.5	--	40	62000	卖盘
10:17:06	15.5	--	14	21700	卖盘
10:17:03	15.5	--	265	411525	买盘
10:17:00	15.5	--	289	448725	卖盘
10:16:57	15.5	--	107	165850	卖盘
10:16:54	15.5	-0.01	111	172050	卖盘
10:16:51	15.51	--	365	566115	买盘
10:16:48	15.51	--	21	32571	买盘
10:16:45	15.51	--	15	23265	买盘
10:16:42	15.51	-0.01	143	222335	卖盘
10:16:39	15.52	--	9	13968	买盘
10:16:36	15.52	--	27	41904	买盘
10:16:30	15.52	--	61	94672	卖盘
10:16:27	15.52	--	51	79152	卖盘
10:16:24	15.52	--	9	13968	卖盘
10:16:21	15.52	--	10	15520	卖盘
10:16:18	15.52	-0.01	15	23280	卖盘
10:16:15	15.53	--	15	23295	买盘
10:16:12	15.53	--	11	17083	买盘
10:16:09	15.53	0.01	15	23295	买盘
10:16:06	15.52	--	47	72944	卖盘
10:16:03	15.52	-0.01	13	20952	卖盘
10:16:00	15.53	--	28	43484	卖盘
10:15:57	15.53	-0.01	336	521808	卖盘
10:15:54	15.54	0.01	20	31080	买盘
10:15:51	15.53	0.01	28	43484	中性盘
10:15:48	15.52	-0.02	17	27160	卖盘
10:15:45	15.54	--	30	46620	买盘
10:15:39	15.54	-0.01	168	261072	卖盘
10:15:36	15.55	--	30	47427	卖盘
10:15:33	15.55	--	255	396525	卖盘
10:15:30	15.55	--	100	155500	卖盘
10:15:27	15.55	--	23	35765	卖盘
10:15:24	15.55	-0.01	25	38875	卖盘
10:15:21	15.56	0.01	10	15560	买盘
10:15:18	15.55	-0.01	93	144615	卖盘
10:15:15	15.56	--	75	116700	买盘
10:15:12	15.56	0.01	11	17116	中性盘
10:15:09	15.55	-0.01	751	1167805	卖盘
10:15:06	15.56	--	65	101140	卖盘
10:14:57	15.56	-0.01	120	186720	卖盘
10:14:54	15.57	-0.01	5	7785	买盘
10:14:51	15.58	0.02	4	6232	买盘
10:14:48	15.56	-0.01	78	121368	卖盘
10:14:45	15.57	--	41	63837	买盘
10:14:39	15.57	--	15	23355	中性盘
10:14:36	15.57	-0.01	30	46710	卖盘
10:14:30	15.58	0.01	163	253954	买盘
10:14:27	15.57	--	1	1557	买盘
10:14:24	15.57	-0.01	26	40482	中性盘
10:14:18	15.58	--	10	15580	买盘
10:14:15	15.58	0.02	75	116850	买盘
10:14:12	15.56	--	63	98028	卖盘
10:14:09	15.56	-0.02	24	37344	卖盘
10:14:06	15.58	--	27	42066	买盘
10:14:03	15.58	0.02	35	54530	买盘
10:14:00	15.56	-0.02	38	59128	卖盘
10:13:57	15.58	--	11	17138	买盘
10:13:54	15.58	--	20	31160	买盘
10:13:48	15.58	--	60	93480	买盘
10:13:45	15.58	--	26	40508	买盘
10:13:36	15.58	0.02	20	31160	买盘
10:13:33	15.56	-0.02	23	35788	卖盘
10:13:30	15.58	--	9	14022	买盘
10:13:27	15.58	--	14	21812	买盘
10:13:24	15.58	0.03	73	113734	买盘
10:13:21	15.55	-0.03	29	45095	卖盘
10:13:18	15.58	0.03	4	6232	买盘
10:13:15	15.55	--	7	10885	卖盘
10:13:12	15.55	0.01	245	381752	买盘
10:13:09	15.54	--	1	1554	中性盘
10:13:06	15.54	0.03	18	27972	买盘
10:13:03	15.51	--	700	1085700	卖盘
10:13:00	15.51	-0.02	980	1519980	卖盘
10:12:57	15.53	0.02	6	9318	卖盘
10:12:54	15.51	-0.02	597	925947	卖盘
10:12:51	15.53	--	23	35719	买盘
10:12:48	15.53	-0.02	159	246927	卖盘
10:12:45	15.55	0.01	23	35765	买盘
10:12:42	15.54	0.01	2	3108	中性盘
10:12:39	15.53	-0.02	49	76097	卖盘
10:12:36	15.55	--	22	34210	买盘
10:12:33	15.55	--	79	122845	买盘
10:12:30	15.55	--	43	67642	卖盘
10:12:27	15.55	--	34	52870	卖盘
10:12:24	15.55	--	61	94855	买盘
10:12:21	15.55	0.01	3	4665	买盘
10:12:18	15.54	-0.01	24	37296	卖盘
10:12:15	15.55	0.01	3	4665	买盘
10:12:12	15.54	-0.01	24	37296	卖盘
10:12:09	15.55	0.01	14	21770	买盘
10:12:06	15.54	-0.01	61	94794	卖盘
10:12:03	15.55	--	23	35765	卖盘
10:12:00	15.55	--	2	3110	卖盘
10:11:57	15.55	-0.02	92	143837	卖盘
10:11:54	15.57	-0.02	18	28026	卖盘
10:11:51	15.59	0.04	2	3118	买盘
10:11:48	15.55	-0.04	260	404300	卖盘
10:11:45	15.59	--	18	28062	买盘
10:11:42	15.59	--	711	1108449	买盘
10:11:36	15.59	--	76	118484	卖盘
10:11:33	15.59	-0.01	57	88863	卖盘
10:11:30	15.6	--	7	10920	买盘
10:11:27	15.6	--	18	28080	买盘
10:11:24	15.6	--	70	109200	买盘
10:11:21	15.6	-0.01	115	179400	卖盘
10:11:18	15.61	0.01	107	167027	买盘
10:11:15	15.6	--	71	110760	买盘
10:11:12	15.6	-0.01	2	3120	买盘
10:11:06	15.61	--	30	46830	买盘
10:11:03	15.61	0.01	51	79611	买盘
10:11:00	15.6	--	29	45240	卖盘
10:10:57	15.6	--	21	32760	卖盘
10:10:54	15.6	--	20	31200	卖盘
10:10:48	15.6	0.01	262	408720	买盘
10:10:45	15.59	0.01	23	35857	买盘
10:10:42	15.58	-0.01	42	65436	卖盘
10:10:39	15.59	-0.01	61	95099	中性盘
10:10:36	15.6	--	260	405600	买盘
10:10:33	15.6	--	43	67080	买盘
10:10:30	15.6	--	61	95160	买盘
10:10:27	15.6	--	17	26520	买盘
10:10:24	15.6	--	12	18720	买盘
10:10:21	15.6	--	1	1560	买盘
10:10:18	15.6	0.01	31	48360	买盘
10:10:15	15.59	-0.01	70	109130	卖盘
10:10:12	15.6	--	43	67080	买盘
10:10:09	15.6	-0.01	578	901680	卖盘
10:10:03	15.61	-0.01	242	377762	中性盘
10:09:57	15.62	--	10	15620	买盘
10:09:54	15.62	0.02	16	24992	买盘
10:09:51	15.6	--	20	31200	卖盘
10:09:48	15.6	-0.03	2	3120	卖盘
10:09:45	15.63	0.03	142	221946	买盘
10:09:42	15.6	--	42	65520	卖盘
10:09:39	15.6	--	210	327600	卖盘
10:09:36	15.6	--	775	1209000	买盘
10:09:33	15.6	0.01	128	199680	买盘
10:09:30	15.59	--	10	15590	买盘
10:09:27	15.59	--	54	84186	买盘
10:09:24	15.59	--	39	60801	买盘
10:09:21	15.59	-0.01	22	34298	卖盘
10:09:18	15.6	--	4	6240	买盘
10:09:15	15.6	0.01	72	112320	买盘
10:09:12	15.59	-0.01	11	17149	卖盘
10:09:09	15.6	--	48	74880	买盘
10:09:06	15.6	--	118	184080	买盘
10:09:03	15.6	0.01	14	21840	买盘
10:09:00	15.59	-0.02	48	74832	卖盘
10:08:57	15.61	0.02	26	40586	买盘
10:08:54	15.59	0.02	280	436520	中性盘
10:08:51	15.57	-0.02	292	454644	卖盘
10:08:48	15.59	-0.01	137	213583	卖盘
10:08:45	15.6	--	46	71760	买盘
10:08:42	15.6	-0.03	657	1024920	卖盘
10:08:39	15.63	-0.01	15	23445	中性盘
10:08:36	15.64	--	132	206448	买盘
10:08:33	15.64	0.01	608	950912	买盘
10:08:30	15.63	-0.01	104	162552	卖盘
10:08:27	15.64	--	7	10948	买盘
10:08:24	15.64	--	20	31280	买盘
10:08:21	15.64	0.01	74	115736	买盘
10:08:18	15.63	--	8	12504	买盘
10:08:15	15.63	0.02	11	17974	中性盘
10:08:12	15.61	-0.02	20	31220	卖盘
10:08:09	15.63	0.02	269	420447	买盘
10:08:06	15.61	0.01	2	3122	买盘
10:08:03	15.6	--	1	1560	卖盘
10:08:00	15.6	--	401	625560	买盘
10:07:57	15.6	--	387	603720	买盘
10:07:54	15.6	--	35	54600	买盘
10:07:51	15.6	--	70	109200	买盘
10:07:48	15.6	--	21	32760	买盘
10:07:45	15.6	0.01	771	1202760	买盘
10:07:42	15.59	--	41	63919	买盘
10:07:39	15.59	0.01	732	1141188	买盘
10:07:36	15.58	--	9	14022	卖盘
10:07:33	15.58	0.01	47	74005	买盘
10:07:30	15.57	-0.01	86	133902	卖盘
10:07:27	15.58	--	97	151126	买盘
10:07:24	15.58	--	92	143336	买盘
10:07:21	15.58	--	32	49856	买盘
10:07:18	15.58	--	14	21812	买盘
10:07:15	15.58	--	109	169822	买盘
10:07:12	15.58	0.01	209	325622	买盘
10:07:09	15.57	--	5	7785	卖盘
10:07:06	15.57	-0.01	31	48267	卖盘
10:07:03	15.58	0.01	75	116850	买盘
10:07:00	15.57	--	33	51381	卖盘
10:06:57	15.57	-0.01	73	113661	卖盘
10:06:54	15.58	0.01	125	194750	买盘
10:06:51	15.57	0.02	335	521595	买盘
10:06:48	15.55	-0.02	62	96410	卖盘
10:06:45	15.57	--	18	28026	买盘
10:06:42	15.57	--	21	32697	买盘
10:06:39	15.57	0.02	7	10899	买盘
10:06:36	15.55	--	60	93300	卖盘
10:06:33	15.55	-0.02	96	150057	卖盘
10:06:30	15.57	0.02	14	21798	买盘
10:06:27	15.55	--	45	69975	卖盘
10:06:24	15.55	0.01	42	65310	卖盘
10:06:18	15.54	-0.03	38	59052	卖盘
10:06:15	15.57	0.02	766	1192662	买盘
10:06:12	15.55	--	10	15550	买盘
10:06:09	15.55	-0.02	437	679535	卖盘
10:06:06	15.57	--	47	73179	买盘
10:06:03	15.57	0.02	133	207081	买盘
10:05:57	15.55	--	60	93300	卖盘
10:05:54	15.55	--	188	292340	买盘
10:05:51	15.55	--	25	38875	买盘
10:05:48	15.55	--	76	118957	买盘
10:05:45	15.55	--	29	45095	买盘
10:05:39	15.55	--	23	35765	买盘
10:05:36	15.55	--	20	31100	买盘
10:05:33	15.55	0.01	86	133730	买盘
10:05:30	15.54	--	5	7770	卖盘
10:05:27	15.54	-0.01	36	55944	卖盘
10:05:24	15.55	0.01	4	6220	买盘
10:05:21	15.54	0.01	44	68376	买盘
10:05:18	15.53	-0.01	76	118028	卖盘
10:05:15	15.54	-0.01	5	7770	卖盘
10:05:12	15.55	0.01	21	32655	买盘
10:05:09	15.54	0.01	1	1554	买盘
10:05:06	15.53	-0.04	76	118028	卖盘
10:05:03	15.57	0.03	28	43596	买盘
10:05:00	15.54	--	10	15540	卖盘
10:04:57	15.54	-0.04	7	10878	卖盘
10:04:54	15.58	0.06	136	211888	买盘
10:04:48	15.52	--	114	176928	卖盘
10:04:45	15.52	--	22	34144	卖盘
10:04:42	15.52	-0.05	30	46560	卖盘
10:04:39	15.57	0.05	33	51381	买盘
10:04:36	15.52	-0.03	133	206416	卖盘
10:04:33	15.55	-0.03	538	836590	卖盘
10:04:30	15.58	0.01	44	68552	买盘
10:04:27	15.57	-0.01	35	54495	卖盘
10:04:24	15.58	0.01	26	40508	买盘
10:04:21	15.57	-0.01	10	15570	卖盘
10:04:18	15.58	--	226	352887	卖盘
10:04:15	15.58	-0.01	26	40508	卖盘
10:04:12	15.59	0.01	181	282179	买盘
10:04:09	15.58	--	70	109060	卖盘
10:04:06	15.58	--	82	128535	买盘
10:04:03	15.58	0.01	84	130872	买盘
10:04:00	15.57	-0.02	36	56052	卖盘
10:03:57	15.59	--	33	51447	买盘
10:03:54	15.59	-0.01	41	63919	卖盘
10:03:51	15.6	0.01	101	157560	买盘
10:03:48	15.59	-0.01	5	7795	卖盘
10:03:45	15.6	0.02	44	68640	买盘
10:03:42	15.58	-0.01	42	65436	卖盘
10:03:39	15.59	--	101	157459	买盘
10:03:36	15.59	0.01	39	60801	买盘
10:03:33	15.58	-0.01	7	10906	买盘
10:03:30	15.59	0.02	50	77950	买盘
10:03:27	15.57	-0.01	40	62280	卖盘
10:03:24	15.58	-0.01	46	71668	中性盘
10:03:21	15.59	--	75	116925	买盘
10:03:18	15.59	--	55	85745	买盘
10:03:15	15.59	--	66	102894	买盘
10:03:12	15.59	--	181	282179	买盘
10:03:09	15.59	--	99	154341	买盘
10:03:06	15.59	--	98	152782	买盘
10:03:03	15.59	0.02	44	68596	买盘
10:03:00	15.57	-0.02	49	76293	卖盘
10:02:57	15.59	--	6	9354	买盘
10:02:54	15.59	--	1	1559	买盘
10:02:51	15.59	0.03	551	859009	买盘
10:02:48	15.56	-0.01	228	354768	卖盘
10:02:45	15.57	--	17	26469	买盘
10:02:42	15.57	0.02	13	21019	买盘
10:02:39	15.55	-0.01	78	121290	卖盘
10:02:36	15.56	0.01	24	37344	买盘
10:02:33	15.55	--	9	13995	卖盘
10:02:30	15.55	--	11	17105	卖盘
10:02:27	15.55	0.02	699	1087722	买盘
10:02:24	15.53	0.01	126	195678	买盘
10:02:21	15.52	--	7	10864	卖盘
10:02:18	15.52	-0.01	6	9312	卖盘
10:02:15	15.53	--	31	48143	买盘
10:02:12	15.53	0.01	26	40378	买盘
10:02:09	15.52	--	5	7760	卖盘
10:02:06	15.52	0.01	29	45008	中性盘
10:02:03	15.51	-0.02	168	261343	卖盘
10:02:00	15.53	0.01	16	24848	买盘
10:01:57	15.52	--	31	48344	买盘
10:01:54	15.52	--	17	26384	买盘
10:01:51	15.52	--	18	28712	卖盘
10:01:48	15.52	--	8	12416	卖盘
10:01:45	15.52	--	304	472584	买盘
10:01:42	15.52	0.01	35	54320	买盘
10:01:39	15.51	-0.01	132	204732	卖盘
10:01:36	15.52	--	32	49664	买盘
10:01:33	15.52	--	81	125712	买盘
10:01:30	15.52	0.01	56	86912	买盘
10:01:27	15.51	--	29	44979	卖盘
10:01:21	15.51	--	603	935253	买盘
10:01:18	15.51	-0.01	1	1551	买盘
10:01:15	15.52	0.01	155	240560	买盘
10:01:12	15.51	--	50	78325	卖盘
10:01:09	15.51	--	6	9306	卖盘
10:01:06	15.51	--	306	474606	卖盘
10:01:03	15.51	0.01	192	298567	买盘
10:01:00	15.5	--	15	24025	卖盘
10:00:57	15.5	-0.01	54	83700	卖盘
10:00:54	15.51	0.01	86	133386	买盘
10:00:51	15.5	-0.02	10	15500	卖盘
10:00:45	15.52	0.02	45	69840	买盘
10:00:42	15.5	-0.01	209	323950	卖盘
10:00:39	15.51	--	40	62040	卖盘
10:00:36	15.51	--	13	20163	卖盘
10:00:33	15.51	-0.01	45	69795	卖盘
10:00:30	15.52	--	53	82256	买盘
10:00:24	15.52	0.01	29	45008	买盘
10:00:21	15.51	-0.01	266	412566	卖盘
10:00:18	15.52	-0.01	25	38800	卖盘
10:00:15	15.53	--	17	26401	买盘
10:00:09	15.53	0.02	23	35719	中性盘
10:00:06	15.51	-0.03	255	395505	卖盘
10:00:03	15.54	-0.01	23	35742	卖盘
09:59:57	15.55	0.01	8	12440	买盘
09:59:54	15.54	--	11	17094	买盘
09:59:51	15.54	--	10	15540	买盘
09:59:48	15.54	-0.01	49	76146	卖盘
09:59:45	15.55	0.01	126	195930	买盘
09:59:39	15.54	--	20	31080	卖盘
09:59:36	15.54	--	11	17094	卖盘
09:59:33	15.54	0.02	12	18648	买盘
09:59:30	15.52	--	73	114072	卖盘
09:59:27	15.52	-0.01	15	23280	卖盘
09:59:24	15.53	0.01	284	442278	买盘
09:59:21	15.52	--	63	97776	卖盘
09:59:18	15.52	-0.01	115	178480	卖盘
09:59:15	15.53	--	16	24848	买盘
09:59:12	15.53	0.01	5	7765	买盘
09:59:09	15.52	--	6	9312	卖盘
09:59:06	15.52	-0.01	268	416261	卖盘
09:59:03	15.53	0.01	465	723371	买盘
09:59:00	15.52	--	12	18624	卖盘
09:58:57	15.52	--	59	91568	买盘
09:58:54	15.52	--	28	43456	买盘
09:58:51	15.52	--	4	6208	买盘
09:58:48	15.52	--	35	54320	卖盘
09:58:45	15.52	-0.01	112	173824	卖盘
09:58:42	15.53	--	59	91627	买盘
09:58:39	15.53	--	22	34166	买盘
09:58:36	15.53	--	75	116475	买盘
09:58:33	15.53	--	32	49696	买盘
09:58:27	15.53	-0.04	395	613761	卖盘
09:58:24	15.57	0.04	25	38925	买盘
09:58:21	15.53	0.01	60	93180	卖盘
09:58:18	15.52	--	186	289898	买盘
09:58:15	15.52	-0.04	417	647509	卖盘
09:58:12	15.56	0.04	263	410457	买盘
09:58:09	15.52	--	10	15520	买盘
09:58:06	15.52	--	51	79152	买盘
09:58:03	15.52	-0.03	441	684788	卖盘
09:58:00	15.55	-0.01	144	223920	卖盘
09:57:57	15.56	0.01	52	80912	中性盘
09:57:54	15.55	-0.01	187	290785	卖盘
09:57:51	15.56	-0.01	38	59128	卖盘
09:57:48	15.57	0.01	75	116775	买盘
09:57:45	15.56	0.01	5	7780	卖盘
09:57:42	15.55	-0.02	47	73085	卖盘
09:57:39	15.57	0.01	36	56052	买盘
09:57:36	15.56	--	145	225620	买盘
09:57:33	15.56	0.01	47	73132	买盘
09:57:30	15.55	-0.01	13	20215	卖盘
09:57:27	15.56	--	26	40456	买盘
09:57:24	15.56	0.01	77	119812	买盘
09:57:21	15.55	--	10	15550	卖盘
09:57:12	15.55	0.03	780	1213319	买盘
09:57:06	15.52	0.01	140	218056	买盘
09:57:03	15.51	--	41	63591	买盘
09:57:00	15.51	0.01	44	68244	买盘
09:56:57	15.5	-0.01	5	7750	卖盘
09:56:54	15.51	--	23	35673	买盘
09:56:51	15.51	-0.01	161	249711	卖盘
09:56:48	15.52	--	29	45008	买盘
09:56:45	15.52	0.01	24	37248	买盘
09:56:42	15.51	-0.01	16	24816	卖盘
09:56:39	15.52	-0.02	452	702280	卖盘
09:56:36	15.54	--	24	38073	买盘
09:56:33	15.54	0.03	12	18648	买盘
09:56:30	15.51	-0.03	32	49632	卖盘
09:56:24	15.54	0.03	17	26418	买盘
09:56:21	15.51	-0.04	33	51183	卖盘
09:56:18	15.55	0.02	532	827260	买盘
09:56:15	15.53	--	41	63673	买盘
09:56:12	15.53	--	36	55908	买盘
09:56:09	15.53	--	6	9318	买盘
09:56:06	15.53	-0.01	353	548985	卖盘
09:56:03	15.54	--	18	27972	卖盘
09:56:00	15.54	--	26	40404	卖盘
09:55:57	15.54	-0.01	63	98679	中性盘
09:55:54	15.55	--	38	59090	买盘
09:55:51	15.55	0.02	34	52870	买盘
09:55:48	15.53	-0.02	16	24848	卖盘
09:55:45	15.55	0.02	21	32655	买盘
09:55:42	15.53	-0.02	50	77650	卖盘
09:55:39	15.55	-0.01	258	402325	卖盘
09:55:36	15.56	--	18	28008	买盘
09:55:33	15.56	0.01	404	628624	买盘
09:55:30	15.55	--	10	15550	卖盘
09:55:27	15.55	--	85	132175	卖盘
09:55:24	15.55	--	164	255439	买盘
09:55:21	15.55	0.03	30	46650	买盘
09:55:18	15.52	-0.03	208	322816	卖盘
09:55:15	15.55	--	20	31100	买盘
09:55:12	15.55	--	5	7775	买盘
09:55:09	15.55	-0.01	208	323440	卖盘
09:55:06	15.56	--	13	20228	买盘
09:55:03	15.56	-0.01	41	64574	卖盘
09:55:00	15.57	--	85	133123	买盘
09:54:57	15.57	0.01	18	28026	买盘
09:54:54	15.56	-0.01	39	61742	卖盘
09:54:48	15.57	0.01	10	15570	买盘
09:54:45	15.56	0.01	100	156097	买盘
09:54:42	15.55	0.01	79	122845	买盘
09:54:39	15.54	-0.02	20	31080	卖盘
09:54:36	15.56	0.01	46	71576	买盘
09:54:33	15.55	-0.01	66	102909	卖盘
09:54:27	15.56	0.01	51	79356	买盘
09:54:24	15.55	--	16	24880	卖盘
09:54:21	15.55	0.04	388	604615	买盘
09:54:15	15.51	-0.03	18	27918	卖盘
09:54:12	15.54	0.04	16	24864	买盘
09:54:09	15.5	-0.04	58	89900	卖盘
09:54:06	15.54	0.03	523	812742	买盘
09:54:03	15.51	0.01	41	63591	买盘
09:53:57	15.5	--	80	124000	卖盘
09:53:54	15.5	-0.01	200	310000	卖盘
09:53:51	15.51	0.01	53	82203	买盘
09:53:48	15.5	--	27	41850	卖盘
09:53:45	15.5	0.02	156	241800	买盘
09:53:42	15.48	--	39	60372	买盘
09:53:39	15.48	--	10	15480	买盘
09:53:36	15.48	--	1	1548	买盘
09:53:33	15.48	-0.01	340	526320	卖盘
09:53:30	15.49	-0.02	2	3098	中性盘
09:53:27	15.51	0.03	250	387750	买盘
09:53:24	15.48	-0.02	56	86688	卖盘
09:53:21	15.5	0.02	13	20150	买盘
09:53:15	15.48	-0.02	172	266256	卖盘
09:53:12	15.5	0.02	433	671150	买盘
09:53:09	15.48	-0.01	21	32508	卖盘
09:53:06	15.49	-0.01	9	13941	卖盘
09:53:03	15.5	--	7	10850	买盘
09:53:00	15.5	0.01	40	62000	买盘
09:52:57	15.49	0.01	40	61960	中性盘
09:52:54	15.48	-0.01	70	108360	卖盘
09:52:48	15.49	--	56	86744	买盘
09:52:45	15.49	-0.01	29	44921	卖盘
09:52:42	15.5	0.01	92	142600	买盘
09:52:39	15.49	-0.01	103	159547	卖盘
09:52:36	15.5	--	11	17050	买盘
09:52:33	15.5	0.02	58	89900	买盘
09:52:30	15.48	-0.01	10	15480	卖盘
09:52:27	15.49	-0.01	55	85195	卖盘
09:52:21	15.5	0.01	328	509175	买盘
09:52:18	15.49	--	34	52666	买盘
09:52:15	15.49	--	33	51117	中性盘
09:52:12	15.49	0.01	14	21686	买盘
09:52:06	15.48	-0.03	1	1548	卖盘
09:52:03	15.51	0.01	38	58938	买盘
09:52:00	15.5	--	219	339450	卖盘
09:51:57	15.5	--	51	79050	买盘
09:51:54	15.5	0.02	78	120900	买盘
09:51:51	15.48	--	25	38700	卖盘
09:51:45	15.48	-0.03	334	517032	卖盘
09:51:42	15.51	--	11	17061	买盘
09:51:39	15.51	--	51	79101	买盘
09:51:36	15.51	0.01	6	9306	买盘
09:51:33	15.5	--	14	21700	买盘
09:51:30	15.5	--	1	1550	买盘
09:51:27	15.5	0.02	17	26350	中性盘
09:51:24	15.48	-0.03	220	340560	卖盘
09:51:21	15.51	0.01	36	55836	买盘
09:51:18	15.5	-0.02	24	37200	卖盘
09:51:15	15.52	0.01	5	7760	买盘
09:51:12	15.51	--	11	17061	卖盘
09:51:09	15.51	0.01	15	23265	买盘
09:51:06	15.5	-0.02	43	66650	卖盘
09:51:03	15.52	0.01	57	88464	买盘
09:51:00	15.51	0.01	75	116325	买盘
09:50:57	15.5	--	196	303800	卖盘
