成交时间	成交价	价格变动	成交量(手)	成交额(元)	性质
15:00:03	16.94	--	1699	2878173	买盘
14:57:00	16.94	--	15	25410	买盘
14:56:57	16.94	--	130	220220	买盘
14:56:54	16.94	0.01	28	47432	买盘
14:56:51	16.93	--	119	201467	卖盘
14:56:48	16.93	-0.01	19	32167	卖盘
14:56:45	16.94	0.01	12	20328	买盘
14:56:42	16.93	-0.01	88	148984	卖盘
14:56:39	16.94	--	90	152460	买盘
14:56:36	16.94	--	29	49126	买盘
14:56:33	16.94	--	16	27104	买盘
14:56:30	16.94	0.01	34	57596	买盘
14:56:27	16.93	--	14	23702	卖盘
14:56:24	16.93	-0.01	5	8465	中性盘
14:56:21	16.94	--	114	193116	买盘
14:56:18	16.94	0.01	91	154154	买盘
14:56:15	16.93	--	36	60948	买盘
14:56:12	16.93	--	87	147291	买盘
14:56:09	16.93	--	40	67720	买盘
14:56:06	16.93	0.01	4	6772	卖盘
14:56:03	16.92	-0.01	94	159048	卖盘
14:56:00	16.93	--	15	25395	卖盘
14:55:57	16.93	0.01	170	287911	买盘
14:55:54	16.92	--	18	30456	卖盘
14:55:51	16.92	-0.01	32	54144	卖盘
14:55:42	16.93	--	8	15135	卖盘
14:55:39	16.93	-0.01	5	8465	卖盘
14:55:36	16.94	0.01	3	5082	买盘
14:55:33	16.93	0.01	254	430123	买盘
14:55:30	16.92	--	20	33840	买盘
14:55:27	16.92	0.01	3	5076	买盘
14:55:24	16.91	--	85	143735	卖盘
14:55:21	16.91	-0.01	9	15219	卖盘
14:55:18	16.92	--	41	69372	买盘
14:55:15	16.92	--	232	392544	买盘
14:55:06	16.92	--	9	15228	买盘
14:55:03	16.92	--	23	38916	买盘
14:55:00	16.92	--	85	143820	买盘
14:54:57	16.92	0.01	25	42300	买盘
14:54:45	16.91	0.01	10	16910	买盘
14:54:42	16.9	-0.01	38	64219	卖盘
14:54:39	16.91	-0.01	8	13528	买盘
14:54:36	16.92	0.01	8	13536	买盘
14:54:33	16.91	--	10	16910	买盘
14:54:30	16.91	0.01	5	8455	中性盘
14:54:24	16.9	-0.02	97	163930	卖盘
14:54:21	16.92	0.01	208	351936	买盘
14:54:18	16.91	--	23	38893	卖盘
14:54:12	16.91	0.01	92	155572	买盘
14:54:09	16.9	--	110	185899	卖盘
14:54:06	16.9	--	26	43939	卖盘
14:54:03	16.9	--	10	16900	卖盘
14:54:00	16.9	-0.01	7	11829	卖盘
14:53:57	16.91	--	33	55803	买盘
14:53:54	16.91	--	45	76095	买盘
14:53:51	16.91	--	121	204611	买盘
14:53:48	16.91	0.01	17	28747	买盘
14:53:42	16.9	-0.01	2	3379	卖盘
14:53:36	16.91	0.01	15	25365	买盘
14:53:30	16.9	-0.01	11	18590	卖盘
14:53:27	16.91	0.01	50	84550	买盘
14:53:24	16.9	--	12	20280	卖盘
14:53:21	16.9	-0.01	120	202799	卖盘
14:53:18	16.91	0.01	2	3382	买盘
14:53:15	16.9	-0.01	11	18590	卖盘
14:53:12	16.91	0.01	1	1691	买盘
14:53:06	16.9	-0.01	8	13519	卖盘
14:53:03	16.91	0.01	2	3382	买盘
14:53:00	16.9	-0.01	20	33800	卖盘
14:52:54	16.91	0.01	10	16910	买盘
14:52:51	16.9	-0.01	10	16900	卖盘
14:52:48	16.91	--	76	128516	买盘
14:52:45	16.91	--	2	3382	买盘
14:52:39	16.91	--	20	33820	买盘
14:52:12	16.91	0.01	17	28747	买盘
14:52:06	16.9	-0.01	4	6759	卖盘
14:52:03	16.91	0.01	15	25365	买盘
14:52:00	16.9	-0.01	20	33800	卖盘
14:51:57	16.91	--	10	16910	买盘
14:51:54	16.91	--	8	13528	买盘
14:51:51	16.91	--	9	15219	买盘
14:51:48	16.91	-0.01	130	219830	卖盘
14:51:45	16.92	--	210	355320	买盘
14:51:42	16.92	0.01	7	11844	买盘
14:51:39	16.91	-0.01	30	50730	卖盘
14:51:33	16.92	--	23	38916	买盘
14:51:30	16.92	0.01	8	13536	买盘
14:51:24	16.91	--	1	1691	卖盘
14:51:15	16.91	-0.01	3	5073	卖盘
14:51:12	16.92	0.01	11	18612	买盘
14:51:09	16.91	--	36	60876	卖盘
14:51:06	16.91	-0.01	2	3382	卖盘
14:51:03	16.92	0.01	8	13536	买盘
14:50:57	16.91	--	6	10146	卖盘
14:50:51	16.91	--	13	21983	卖盘
14:50:48	16.91	-0.01	50	84550	卖盘
14:50:42	16.92	0.01	9	15228	买盘
14:50:36	16.91	-0.01	1	1691	卖盘
14:50:30	16.92	0.01	3	5076	买盘
14:50:18	16.91	--	5	8455	卖盘
14:50:12	16.91	--	6	10146	卖盘
14:50:03	16.91	--	24	40584	卖盘
14:49:57	16.91	--	5	8455	卖盘
14:49:51	16.91	--	1	1691	卖盘
14:49:45	16.91	0.01	4	6764	买盘
14:49:39	16.9	-0.01	19	32109	卖盘
14:49:36	16.91	--	13	21983	买盘
14:49:30	16.91	--	1	1691	买盘
14:49:21	16.91	--	5	8455	卖盘
14:49:18	16.91	-0.01	9	15219	卖盘
14:49:12	16.92	0.01	64	108288	买盘
14:49:09	16.91	--	2	3382	卖盘
14:48:57	16.91	--	6	10146	卖盘
14:48:54	16.91	0.01	22	37202	中性盘
14:48:39	16.9	-0.02	3	5070	卖盘
14:48:30	16.92	0.02	20	33840	买盘
14:48:27	16.9	-0.01	6	10140	卖盘
14:48:24	16.91	--	5	8455	买盘
14:48:21	16.91	-0.01	23	38893	卖盘
14:48:15	16.92	0.01	1	1692	买盘
14:48:12	16.91	--	30	50730	卖盘
14:48:03	16.91	-0.01	5	8455	卖盘
14:47:48	16.92	--	130	219960	买盘
14:47:45	16.92	0.01	18	30456	买盘
14:47:42	16.91	--	2	3382	卖盘
14:47:39	16.91	--	3	5073	卖盘
14:47:30	16.91	--	2	3382	卖盘
14:47:27	16.91	-0.01	3	5073	买盘
14:47:15	16.92	0.02	8	13536	买盘
14:47:12	16.9	-0.02	1	1689	卖盘
14:47:09	16.92	0.03	21	35532	买盘
14:46:57	16.89	-0.01	1	1689	卖盘
14:46:54	16.9	--	10	16900	买盘
14:46:51	16.9	--	29	49009	买盘
14:46:45	16.9	-0.01	331	559390	卖盘
14:46:42	16.91	0.01	13	21983	中性盘
14:46:36	16.9	--	5	8450	卖盘
14:46:33	16.9	-0.01	55	92949	卖盘
14:46:30	16.91	--	7	11837	买盘
14:46:27	16.91	--	11	18601	买盘
14:46:24	16.91	--	5	8455	卖盘
14:46:21	16.91	--	25	42275	卖盘
14:46:12	16.91	--	11	18601	卖盘
14:46:09	16.91	-0.01	3	5073	卖盘
14:46:03	16.92	0.01	22	37224	买盘
14:45:57	16.91	--	15	25365	卖盘
14:45:51	16.91	--	65	109915	卖盘
14:45:48	16.91	--	21	35511	卖盘
14:45:45	16.91	--	28	47348	买盘
14:45:42	16.91	0.01	100	169100	买盘
14:45:30	16.9	-0.01	48	81120	卖盘
14:45:27	16.91	0.01	2	3382	买盘
14:45:15	16.9	--	4	6759	卖盘
14:45:12	16.9	--	15	25349	卖盘
14:45:09	16.9	--	60	101399	卖盘
14:45:06	16.9	--	40	67600	卖盘
14:45:00	16.9	--	3	5070	卖盘
14:44:54	16.9	--	22	37180	卖盘
14:44:51	16.9	--	11	18590	卖盘
14:44:48	16.9	--	6	10140	卖盘
14:44:42	16.9	--	1	1689	卖盘
14:44:39	16.9	--	26	43939	卖盘
14:44:30	16.9	--	1	1689	卖盘
14:44:21	16.9	-0.01	10	16900	卖盘
14:44:09	16.91	--	3	5073	买盘
14:44:06	16.91	--	158	267178	卖盘
14:44:00	16.91	-0.01	5	8455	卖盘
14:43:51	16.92	--	17	28764	买盘
14:43:45	16.92	--	30	50760	卖盘
14:43:33	16.92	--	4	6768	卖盘
14:43:27	16.92	--	7	11844	卖盘
14:43:21	16.92	--	24	40608	中性盘
14:43:06	16.92	--	100	169200	卖盘
14:42:54	16.92	--	2	3384	卖盘
14:42:42	16.92	-0.02	8	13536	卖盘
14:42:33	16.94	0.02	116	196504	买盘
14:42:30	16.92	-0.01	59	99828	卖盘
14:42:27	16.93	--	8	13544	卖盘
14:42:24	16.93	0.01	16	27088	买盘
14:42:12	16.92	--	47	79524	卖盘
14:42:09	16.92	--	6	10152	卖盘
14:42:03	16.92	-0.01	16	27072	卖盘
14:42:00	16.93	--	10	16930	买盘
14:41:54	16.93	0.01	5	8465	买盘
14:41:48	16.92	-0.01	84	142128	卖盘
14:41:45	16.93	-0.01	2	3386	卖盘
14:41:42	16.94	--	1	1694	买盘
14:41:27	16.94	--	93	157542	买盘
14:41:24	16.94	0.01	14	23716	买盘
14:41:21	16.93	--	10	16930	卖盘
14:41:18	16.93	--	31	52483	卖盘
14:41:15	16.93	--	1	1693	卖盘
14:41:12	16.93	-0.01	5	8465	卖盘
14:41:06	16.94	0.01	5	8470	买盘
14:41:03	16.93	-0.01	1	1693	卖盘
14:41:00	16.94	0.01	11	18634	买盘
14:40:57	16.93	-0.01	5	8465	卖盘
14:40:54	16.94	--	26	44044	买盘
14:40:51	16.94	0.01	7	11858	买盘
14:40:45	16.93	-0.01	16	27088	卖盘
14:40:42	16.94	--	10	16940	买盘
14:40:36	16.94	--	6	10164	买盘
14:40:18	16.94	0.01	1	1694	买盘
14:40:03	16.93	--	5	8465	卖盘
14:39:57	16.93	--	3	5079	卖盘
14:39:54	16.93	-0.01	2	3386	卖盘
14:39:51	16.94	--	18	30492	买盘
14:39:48	16.94	0.01	14	23716	买盘
14:39:42	16.93	-0.01	2	3386	卖盘
14:39:39	16.94	--	19	32186	买盘
14:39:36	16.94	--	3	5082	买盘
14:39:33	16.94	--	20	33880	买盘
14:39:21	16.94	--	3	5082	买盘
14:39:12	16.94	0.01	13	22022	买盘
14:39:03	16.93	--	44	74492	卖盘
14:38:51	16.93	--	1	1693	卖盘
14:38:48	16.93	--	2	3386	卖盘
14:38:45	16.93	-0.01	10	16930	卖盘
14:38:39	16.94	0.01	17	28798	买盘
14:38:24	16.93	--	15	25395	卖盘
14:38:21	16.93	-0.01	35	59255	卖盘
14:38:18	16.94	--	148	250712	买盘
14:38:15	16.94	--	10	16940	买盘
14:38:06	16.94	--	9	15246	买盘
14:38:00	16.94	--	14	23716	买盘
14:37:57	16.94	--	9	15246	买盘
14:37:48	16.94	0.02	42	71148	买盘
14:37:45	16.92	--	100	169200	卖盘
14:37:42	16.92	-0.01	6	10152	卖盘
14:37:39	16.93	--	46	77878	买盘
14:37:36	16.93	0.01	18	30474	买盘
14:37:33	16.92	--	5	8460	卖盘
14:37:30	16.92	--	50	84600	卖盘
14:37:15	16.92	-0.01	6	10152	卖盘
14:37:03	16.93	0.01	5	8465	中性盘
14:37:00	16.92	-0.01	14	23688	卖盘
14:36:57	16.93	-0.01	5	8465	卖盘
14:36:51	16.94	--	9	15246	买盘
14:36:39	16.94	0.01	20	33880	买盘
14:36:36	16.93	--	5	8465	买盘
14:36:33	16.93	-0.01	2	3386	买盘
14:36:24	16.94	0.01	119	201586	买盘
14:36:18	16.93	--	1	1693	卖盘
14:36:15	16.93	--	71	120203	卖盘
14:36:12	16.93	--	19	32167	卖盘
14:36:06	16.93	--	34	57562	卖盘
14:36:03	16.93	--	7	11851	卖盘
14:35:57	16.93	--	50	84650	卖盘
14:35:54	16.93	--	5	8465	卖盘
14:35:51	16.93	--	8	13544	卖盘
14:35:36	16.93	--	1	1693	卖盘
14:35:30	16.93	-0.01	1	1693	卖盘
14:35:15	16.94	--	90	152460	买盘
14:35:06	16.94	--	10	16940	买盘
14:34:51	16.94	0.01	40	67760	买盘
14:34:48	16.93	0.01	36	60948	中性盘
14:34:39	16.92	-0.01	10	16920	卖盘
14:34:36	16.93	0.01	7	11851	买盘
14:34:30	16.92	-0.02	20	33840	卖盘
14:34:21	16.94	0.02	94	159236	买盘
14:34:15	16.92	-0.01	50	84600	卖盘
14:34:12	16.93	-0.01	12	20316	卖盘
14:34:06	16.94	--	60	101640	买盘
14:34:00	16.94	--	10	16940	买盘
14:33:51	16.94	0.02	118	199892	买盘
14:33:42	16.92	-0.02	54	91368	卖盘
14:33:30	16.94	--	20	33880	买盘
14:33:27	16.94	0.02	15	25410	买盘
14:33:21	16.92	-0.02	8	13536	卖盘
14:33:06	16.94	--	37	62678	买盘
14:33:03	16.94	--	54	91476	买盘
14:32:54	16.94	--	10	16940	买盘
14:32:51	16.94	--	1	1694	买盘
14:32:48	16.94	--	90	152460	买盘
14:32:42	16.94	0.01	2	3388	买盘
14:32:39	16.93	--	45	76185	买盘
14:32:36	16.93	--	3	5079	买盘
14:32:33	16.93	--	169	286117	买盘
14:32:27	16.93	--	16	27088	卖盘
14:32:24	16.93	--	2	3386	买盘
14:32:21	16.93	--	120	203160	买盘
14:32:12	16.93	--	100	169300	买盘
14:32:09	16.93	0.01	55	93115	买盘
14:32:03	16.92	-0.01	3	5076	卖盘
14:32:00	16.93	0.01	3	5079	买盘
14:31:51	16.92	0.01	68	115056	买盘
14:31:42	16.91	-0.01	10	16910	卖盘
14:31:36	16.92	0.01	90	152280	买盘
14:31:30	16.91	--	2	3382	卖盘
14:31:12	16.91	0.01	63	106533	买盘
14:31:09	16.9	--	8	13519	卖盘
14:31:06	16.9	-0.01	5	8450	卖盘
14:31:03	16.91	0.01	10	16910	买盘
14:31:00	16.9	-0.01	5	8450	中性盘
14:30:33	16.91	0.01	5	8455	买盘
14:30:30	16.9	--	1	1689	卖盘
14:30:24	16.9	--	54	91259	卖盘
14:30:12	16.9	--	1	1689	卖盘
14:30:06	16.9	--	6	10140	卖盘
14:30:00	16.9	--	20	33800	卖盘
14:29:57	16.9	--	89	150410	买盘
14:29:48	16.9	0.01	27	45629	买盘
14:29:42	16.89	-0.01	5	8445	卖盘
14:29:33	16.9	--	21	35490	买盘
14:29:21	16.9	--	10	16900	买盘
14:29:18	16.9	-0.02	414	699659	卖盘
14:29:15	16.92	0.01	2	3384	买盘
14:29:12	16.91	-0.01	5	8455	卖盘
14:29:09	16.92	--	4	6768	买盘
14:29:00	16.92	0.01	10	16920	买盘
14:28:51	16.91	--	15	25365	卖盘
14:28:48	16.91	0.01	30	50730	买盘
14:28:36	16.9	--	30	50699	卖盘
14:28:30	16.9	--	35	59149	卖盘
14:28:21	16.9	--	100	169000	卖盘
14:28:15	16.9	-0.01	21	35490	卖盘
14:28:12	16.91	0.01	32	54112	买盘
14:28:03	16.9	-0.01	25	42250	卖盘
14:27:54	16.91	--	102	172482	卖盘
14:27:42	16.91	--	5	8455	卖盘
14:27:36	16.91	-0.01	5	8455	卖盘
14:27:33	16.92	0.01	2	3384	买盘
14:27:27	16.91	--	4	6764	卖盘
14:27:24	16.91	-0.01	4	6764	卖盘
14:27:18	16.92	--	90	152280	买盘
14:27:06	16.92	0.01	124	209808	买盘
14:27:03	16.91	--	1	1691	卖盘
14:27:00	16.91	--	3	5073	卖盘
14:26:54	16.91	--	20	33820	卖盘
14:26:48	16.91	-0.01	39	65949	卖盘
14:26:42	16.92	--	4	6768	买盘
14:26:33	16.92	--	10	16920	买盘
14:26:24	16.92	--	1	1692	买盘
14:26:21	16.92	--	9	15228	卖盘
14:26:18	16.92	--	1	1692	中性盘
14:26:12	16.92	--	1	1692	卖盘
14:25:57	16.92	--	3	5076	卖盘
14:25:51	16.92	--	1	1692	买盘
14:25:48	16.92	--	6	10152	买盘
14:25:39	16.92	--	6	10152	买盘
14:25:36	16.92	--	3	5076	卖盘
14:25:27	16.92	--	1	1692	卖盘
14:25:21	16.92	--	6	10152	卖盘
14:25:15	16.92	--	8	13536	卖盘
14:25:09	16.92	--	3	5076	卖盘
14:24:51	16.92	0.01	179	302868	买盘
14:24:42	16.91	-0.01	29	49039	卖盘
14:24:39	16.92	0.01	7	11844	买盘
14:24:27	16.91	--	3	5073	卖盘
14:24:21	16.91	-0.01	1	1691	卖盘
14:24:18	16.92	0.01	5	8460	买盘
14:24:03	16.91	--	10	16910	卖盘
14:24:00	16.91	--	1	1691	卖盘
14:23:57	16.91	--	4	6764	卖盘
14:23:45	16.91	--	5	8455	卖盘
14:22:57	16.91	--	2	3382	卖盘
14:22:39	16.91	--	14	23674	卖盘
14:22:30	16.91	-0.01	15	25365	卖盘
14:22:27	16.92	0.01	10	16920	中性盘
14:22:18	16.91	--	30	50730	卖盘
14:22:15	16.91	--	30	50730	卖盘
14:22:09	16.91	-0.01	6	10146	卖盘
14:22:03	16.92	--	15	25380	卖盘
14:21:48	16.92	--	17	29610	买盘
14:21:39	16.92	--	20	33840	买盘
14:21:36	16.92	--	12	20304	买盘
14:21:33	16.92	0.01	3	5076	买盘
14:21:24	16.91	-0.01	10	16910	卖盘
14:21:15	16.92	0.01	59	99828	买盘
14:20:54	16.91	-0.01	5	8455	卖盘
14:20:48	16.92	0.01	12	20304	买盘
14:20:45	16.91	--	27	45657	卖盘
14:20:24	16.91	-0.01	4	6764	卖盘
14:20:15	16.92	0.01	5	8460	买盘
14:20:06	16.91	--	10	16910	卖盘
14:19:57	16.91	--	15	25365	买盘
14:19:48	16.91	--	41	69331	买盘
14:19:42	16.91	--	5	8455	买盘
14:19:36	16.91	0.01	44	74404	买盘
14:19:30	16.9	--	66	111539	卖盘
14:19:27	16.9	--	4	6759	卖盘
14:19:15	16.9	-0.01	18	30419	卖盘
14:19:12	16.91	0.01	3	5073	买盘
14:19:03	16.9	--	30	50699	卖盘
14:18:54	16.9	--	3	5070	卖盘
14:18:51	16.9	--	5	8450	卖盘
14:18:48	16.9	--	1	1689	卖盘
14:18:45	16.9	--	8	13519	卖盘
14:18:21	16.9	0.01	243	410669	买盘
14:18:18	16.89	--	1	1689	卖盘
14:18:09	16.89	--	5	8445	卖盘
14:18:06	16.89	--	20	33780	卖盘
14:18:00	16.89	-0.01	62	104718	卖盘
14:17:39	16.9	0.01	26	43939	买盘
14:17:27	16.89	--	2	3378	卖盘
14:17:18	16.89	-0.01	17	28713	卖盘
14:16:54	16.9	--	2	3379	卖盘
14:16:48	16.9	--	3	5070	卖盘
14:16:36	16.9	--	50	84500	卖盘
14:16:33	16.9	--	1	1689	卖盘
14:16:30	16.9	--	20	33800	卖盘
14:16:21	16.9	--	58	98019	卖盘
14:16:12	16.9	-0.01	3	5070	卖盘
14:15:57	16.91	--	15	25365	卖盘
14:15:51	16.91	--	4	6764	卖盘
14:15:48	16.91	-0.01	5	8455	卖盘
14:15:33	16.92	--	6	10152	卖盘
14:15:30	16.92	--	20	33840	卖盘
14:15:27	16.92	--	1	1692	卖盘
14:15:24	16.92	--	80	135360	卖盘
14:15:18	16.92	--	61	103212	卖盘
14:15:15	16.92	-0.01	43	72756	卖盘
14:15:12	16.93	0.01	5	8465	买盘
14:15:09	16.92	--	19	32148	卖盘
14:15:06	16.92	--	10	16920	卖盘
14:15:00	16.92	-0.01	3	5076	卖盘
14:14:36	16.93	--	78	132054	卖盘
14:14:27	16.93	--	50	84650	卖盘
14:14:24	16.93	-0.01	17	28781	卖盘
14:14:21	16.94	0.01	11	18634	买盘
14:14:18	16.93	--	45	76185	卖盘
14:14:12	16.93	--	10	16930	卖盘
14:14:09	16.93	-0.01	20	33860	卖盘
14:14:06	16.94	0.01	65	110110	买盘
14:13:57	16.93	--	22	37246	卖盘
14:13:54	16.93	0.01	2	3386	中性盘
14:13:45	16.92	-0.01	11	18612	卖盘
14:13:39	16.93	--	7	11851	买盘
14:13:36	16.93	--	7	11851	卖盘
14:13:33	16.93	--	6	10158	卖盘
14:13:27	16.93	-0.01	10	16930	卖盘
14:13:24	16.94	--	3	5082	买盘
14:13:21	16.94	--	54	91476	卖盘
14:13:18	16.94	--	9	15246	卖盘
14:13:12	16.94	--	135	228690	卖盘
14:13:00	16.94	--	131	221914	卖盘
14:12:57	16.94	--	8	13552	卖盘
14:12:54	16.94	--	12	20328	卖盘
14:12:51	16.94	--	5	8470	卖盘
14:12:45	16.94	--	8	13552	卖盘
14:12:39	16.94	--	28	47432	卖盘
14:12:33	16.94	--	2	3388	卖盘
14:12:30	16.94	-0.01	207	350658	卖盘
14:12:24	16.95	--	3	5085	买盘
14:12:15	16.95	0.01	216	366120	买盘
14:12:09	16.94	--	5	8470	卖盘
14:12:00	16.94	-0.01	10	16940	卖盘
14:11:54	16.95	0.01	55	93225	买盘
14:11:45	16.94	--	5	8470	卖盘
14:11:42	16.94	--	10	16940	卖盘
14:11:27	16.94	-0.01	10	16940	卖盘
14:11:24	16.95	--	10	16950	买盘
14:11:18	16.95	0.01	4	6780	买盘
14:11:12	16.94	--	100	169400	卖盘
14:11:03	16.94	-0.01	10	16940	卖盘
14:11:00	16.95	0.01	253	428835	买盘
14:10:51	16.94	-0.01	25	42350	卖盘
14:10:48	16.95	--	29	49155	买盘
14:10:42	16.95	--	65	110175	买盘
14:10:39	16.95	0.01	1	1695	买盘
14:10:36	16.94	--	14	23716	卖盘
14:10:33	16.94	--	2	3388	卖盘
14:10:27	16.94	--	3	5082	卖盘
14:10:24	16.94	-0.01	146	247324	卖盘
14:10:21	16.95	0.01	263	445785	买盘
14:10:18	16.94	--	19	32186	买盘
14:10:15	16.94	0.01	11	18634	买盘
14:10:06	16.93	--	8	13544	买盘
14:10:03	16.93	--	26	44018	卖盘
14:10:00	16.93	--	1	1693	卖盘
14:09:51	16.93	--	1	1693	卖盘
14:09:48	16.93	--	6	10158	卖盘
14:09:45	16.93	--	2	3386	买盘
14:09:39	16.93	0.01	2	3386	买盘
14:09:36	16.92	-0.01	10	16920	卖盘
14:09:30	16.93	--	45	76185	卖盘
14:09:21	16.93	0.01	41	69413	买盘
14:09:09	16.92	--	10	16920	卖盘
14:09:00	16.92	--	234	395928	卖盘
14:08:51	16.92	--	5	8460	卖盘
14:08:45	16.92	--	2	3384	卖盘
14:08:33	16.92	--	2	3384	卖盘
14:08:24	16.92	--	7	11844	买盘
14:08:15	16.92	--	50	84600	买盘
14:08:03	16.92	-0.01	53	89676	卖盘
14:08:00	16.93	--	4	6772	卖盘
14:07:57	16.93	--	15	25395	卖盘
14:07:54	16.93	0.01	283	479119	买盘
14:07:39	16.92	--	5	8460	买盘
14:07:12	16.92	--	52	87984	卖盘
14:07:06	16.92	-0.01	15	25380	卖盘
14:07:00	16.93	--	12	20316	买盘
14:06:57	16.93	0.01	5	8465	买盘
14:06:54	16.92	--	3	5076	卖盘
14:06:51	16.92	--	3	5076	卖盘
14:06:48	16.92	-0.01	7	11844	卖盘
14:06:33	16.93	0.01	3	5079	买盘
14:06:30	16.92	--	10	16920	卖盘
14:06:18	16.92	--	13	21996	卖盘
14:06:15	16.92	--	6	10152	卖盘
14:06:12	16.92	--	1	1692	卖盘
14:05:57	16.92	--	168	284256	买盘
14:05:51	16.92	--	6	10152	买盘
14:05:45	16.92	0.01	35	59220	买盘
14:05:39	16.91	--	133	224903	买盘
14:05:36	16.91	--	3	5073	买盘
14:05:30	16.91	0.01	3	5073	买盘
14:05:00	16.9	0.01	355	599950	买盘
14:04:51	16.89	-0.01	2	3378	卖盘
14:04:48	16.9	--	17	28729	买盘
14:04:00	16.9	--	10	16900	买盘
14:03:54	16.9	0.01	26	43939	买盘
14:03:45	16.89	-0.01	60	101340	卖盘
14:03:33	16.9	0.01	82	138580	买盘
14:03:30	16.89	--	7	11823	卖盘
14:03:21	16.89	--	1	1689	卖盘
14:03:03	16.89	--	20	33780	卖盘
14:02:54	16.89	-0.01	5	8445	卖盘
14:02:51	16.9	--	97	163930	买盘
14:02:36	16.9	--	10	16900	买盘
14:02:27	16.9	--	6	10140	买盘
14:02:09	16.9	0.01	20	33800	买盘
14:02:06	16.89	--	1	1689	卖盘
14:02:00	16.89	--	3	5067	卖盘
14:01:57	16.89	-0.01	3	5067	卖盘
14:01:54	16.9	--	2	3379	买盘
14:01:45	16.9	0.01	78	131820	买盘
14:01:36	16.89	--	18	30402	卖盘
14:01:33	16.89	-0.01	9	15201	卖盘
14:01:30	16.9	--	6	10140	买盘
14:01:21	16.9	--	20	33800	买盘
14:01:15	16.9	0.01	13	21969	买盘
14:01:12	16.89	-0.01	11	18579	卖盘
14:01:00	16.9	0.02	199	336310	买盘
14:00:45	16.88	--	21	36967	买盘
14:00:33	16.88	--	6	10128	买盘
14:00:30	16.88	--	5	8440	买盘
14:00:21	16.88	--	15	25488	卖盘
14:00:18	16.88	--	4	8271	买盘
14:00:12	16.88	-0.01	0	168	卖盘
14:00:09	16.89	0.01	338	570882	买盘
14:00:03	16.88	--	2	4895	买盘
14:00:00	16.88	--	12	20256	买盘
13:59:42	16.88	--	5	8608	卖盘
13:59:36	16.88	-0.01	0	1519	卖盘
13:59:30	16.89	0.01	25	42225	买盘
13:59:09	16.88	0.01	12	20256	中性盘
13:59:06	16.87	-0.02	40	67480	卖盘
13:59:03	16.89	0.02	24	40536	买盘
13:58:54	16.87	-0.01	50	84350	卖盘
13:58:51	16.88	--	15	25320	卖盘
13:58:42	16.88	0.01	5	8440	买盘
13:58:39	16.87	--	27	45549	卖盘
13:58:30	16.87	--	5	8435	卖盘
13:58:21	16.87	--	37	62419	卖盘
13:58:00	16.87	-0.01	1	1687	卖盘
13:57:57	16.88	--	5	8440	买盘
13:57:54	16.88	0.01	4	6752	买盘
13:57:51	16.87	-0.01	35	59045	卖盘
13:57:39	16.88	--	9	15192	卖盘
13:57:21	16.88	-0.01	45	75960	卖盘
13:57:09	16.89	0.01	17	28713	买盘
13:57:03	16.88	--	3	5064	卖盘
13:56:48	16.88	--	3	5064	买盘
13:56:45	16.88	--	7	11816	卖盘
13:56:39	16.88	-0.01	36	60768	卖盘
13:56:36	16.89	0.01	9	15201	买盘
13:56:33	16.88	-0.01	14	23632	卖盘
13:56:21	16.89	0.01	4	6756	买盘
13:56:18	16.88	--	30	50640	卖盘
13:56:15	16.88	--	2	3376	卖盘
13:56:03	16.88	--	10	16880	卖盘
13:55:51	16.88	--	44	74272	卖盘
13:55:45	16.88	-0.02	11	18568	卖盘
13:55:30	16.9	0.02	25	42250	买盘
13:55:21	16.88	--	26	43888	卖盘
13:55:15	16.88	-0.02	5	8440	卖盘
13:55:00	16.9	0.01	3	5070	买盘
13:54:54	16.89	0.01	6	10134	买盘
13:54:51	16.88	0.01	26	43888	买盘
13:54:45	16.87	-0.01	28	47236	卖盘
13:54:42	16.88	-0.01	24	40512	卖盘
13:54:39	16.89	--	3	5067	卖盘
13:54:36	16.89	--	4	6756	卖盘
13:54:27	16.89	0.01	15	25335	中性盘
13:54:12	16.88	-0.01	120	202560	卖盘
13:54:00	16.89	0.01	6	10134	买盘
13:53:54	16.88	--	5	8440	卖盘
13:53:51	16.88	-0.01	15	25320	卖盘
13:53:36	16.89	--	1	1689	卖盘
13:53:27	16.89	0.01	5	8445	买盘
13:53:18	16.88	--	10	16880	卖盘
13:53:15	16.88	-0.01	20	33760	卖盘
13:53:12	16.89	--	3	5067	买盘
13:53:09	16.89	0.01	2	3378	买盘
13:53:06	16.88	--	13	21944	卖盘
13:53:03	16.88	--	14	23632	卖盘
13:52:57	16.88	--	7	11816	卖盘
13:52:54	16.88	-0.01	2	3376	卖盘
13:52:51	16.89	0.01	30	50670	买盘
13:52:48	16.88	--	39	65832	卖盘
13:52:39	16.88	--	2	3376	卖盘
13:52:33	16.88	--	3	5064	卖盘
13:52:18	16.88	-0.01	6	10128	卖盘
13:52:15	16.89	--	5	8445	买盘
13:52:06	16.89	0.01	10	16890	买盘
13:52:03	16.88	-0.01	80	135040	卖盘
13:51:51	16.89	--	46	77694	卖盘
13:51:48	16.89	--	20	33780	卖盘
13:51:45	16.89	--	3	5067	卖盘
13:51:36	16.89	--	17	28713	卖盘
13:51:33	16.89	--	25	42225	卖盘
13:51:24	16.89	-0.01	28	47292	卖盘
13:51:21	16.9	0.01	8	13519	买盘
13:51:18	16.89	--	60	101340	卖盘
13:51:15	16.89	--	2	3378	卖盘
13:51:00	16.89	-0.01	34	57426	卖盘
13:50:39	16.9	--	13	21969	卖盘
13:50:36	16.9	--	18	30419	卖盘
13:50:33	16.9	--	3	5070	卖盘
13:50:30	16.9	--	39	65910	买盘
13:50:24	16.9	0.01	25	42250	买盘
13:50:06	16.89	-0.01	10	16890	卖盘
13:49:57	16.9	--	3	5070	买盘
13:49:51	16.9	--	13	21969	买盘
13:49:48	16.9	--	11	18590	卖盘
13:49:42	16.9	--	10	16900	卖盘
13:49:39	16.9	--	5	8450	卖盘
13:49:36	16.9	--	13	21969	卖盘
13:49:33	16.9	--	10	16900	卖盘
13:49:24	16.9	--	1	1689	卖盘
13:49:00	16.9	--	21	35490	卖盘
13:48:48	16.9	-0.01	5	8450	卖盘
13:48:36	16.91	--	2	3382	买盘
13:48:12	16.91	--	160	270560	卖盘
13:48:00	16.91	-0.01	2	3382	卖盘
13:47:33	16.92	--	20	33840	买盘
13:47:30	16.92	0.01	2	3384	买盘
13:47:24	16.91	-0.01	4	6764	卖盘
13:47:15	16.92	--	15	25380	买盘
13:47:12	16.92	-0.01	66	111672	卖盘
13:47:03	16.93	0.01	19	32167	买盘
13:47:00	16.92	--	70	118440	卖盘
13:46:57	16.92	--	10	16920	卖盘
13:46:54	16.92	--	40	67680	卖盘
13:46:51	16.92	--	10	16920	卖盘
13:46:45	16.92	--	25	42300	卖盘
13:46:39	16.92	--	38	64296	买盘
13:46:36	16.92	--	8	13536	买盘
13:46:06	16.92	--	17	28764	买盘
13:46:00	16.92	--	35	59220	买盘
13:45:54	16.92	--	30	50760	买盘
13:45:45	16.92	--	43	72756	买盘
13:45:42	16.92	--	2	3384	买盘
13:45:33	16.92	0.01	2	3384	买盘
13:45:30	16.91	--	37	62567	卖盘
13:45:12	16.91	-0.01	30	50730	卖盘
13:45:09	16.92	--	9	15228	买盘
13:44:57	16.92	0.01	10	16920	买盘
13:44:45	16.91	-0.01	1	1691	卖盘
13:44:42	16.92	0.01	30	50760	买盘
13:44:39	16.91	--	48	81168	卖盘
13:44:36	16.91	--	6	10146	卖盘
13:44:33	16.91	-0.01	15	25365	卖盘
13:44:30	16.92	0.01	51	86292	买盘
13:44:24	16.91	--	10	16910	卖盘
13:44:18	16.91	0.01	92	155572	买盘
13:44:12	16.9	--	9	15209	中性盘
13:43:51	16.9	--	10	16900	买盘
13:43:48	16.9	--	17	28729	买盘
13:43:45	16.9	--	20	33800	买盘
13:43:42	16.9	0.01	16	27039	买盘
13:43:36	16.89	--	5	8445	卖盘
13:43:30	16.89	--	56	94584	卖盘
13:43:27	16.89	--	30	50670	卖盘
13:43:24	16.89	-0.01	8	13512	卖盘
13:43:21	16.9	--	28	47319	买盘
13:43:15	16.9	--	16	27039	买盘
13:43:12	16.9	0.02	16	27039	买盘
13:43:09	16.88	--	28	47264	卖盘
13:43:06	16.88	-0.02	9	15192	卖盘
13:43:03	16.9	0.01	408	689520	买盘
13:43:00	16.89	0.01	2	3378	买盘
13:42:54	16.88	-0.02	10	16880	卖盘
13:42:42	16.9	--	18	30419	买盘
13:42:39	16.9	--	3	5070	买盘
13:42:36	16.9	0.02	9	15209	买盘
13:42:33	16.88	--	130	219440	卖盘
13:42:21	16.88	-0.02	48	81024	卖盘
13:42:18	16.9	0.02	10	16900	买盘
13:41:54	16.88	-0.01	25	42200	卖盘
13:41:45	16.89	0.01	1	1689	买盘
13:41:36	16.88	-0.02	26	43888	卖盘
13:41:33	16.9	0.02	50	84500	买盘
13:41:24	16.88	--	10	16880	卖盘
13:41:15	16.88	-0.01	5	8440	卖盘
13:41:12	16.89	--	8	13512	卖盘
13:41:09	16.89	--	5	8445	买盘
13:41:03	16.89	0.01	1	1689	中性盘
13:40:33	16.88	0.01	2	3376	买盘
13:40:27	16.87	--	10	16870	卖盘
13:40:12	16.87	-0.01	7	11809	卖盘
13:40:09	16.88	0.01	5	8440	买盘
13:40:06	16.87	--	9	15183	卖盘
13:40:00	16.87	--	10	16870	卖盘
13:39:51	16.87	-0.01	15	25305	卖盘
13:39:48	16.88	--	10	16880	买盘
13:39:36	16.88	--	9	15192	买盘
13:39:27	16.88	--	41	69208	卖盘
13:39:21	16.88	--	1	1688	卖盘
13:39:15	16.88	--	5	8440	卖盘
13:39:12	16.88	--	6	10128	卖盘
13:39:06	16.88	--	48	81024	卖盘
13:38:48	16.88	--	44	74272	卖盘
13:38:42	16.88	--	4	6752	卖盘
13:38:18	16.88	--	42	70896	卖盘
13:38:15	16.88	-0.02	2	3376	卖盘
13:38:12	16.9	0.02	10	16900	买盘
13:38:06	16.88	--	20	33760	卖盘
13:37:45	16.88	-0.02	1	1688	卖盘
13:37:39	16.9	--	3	5070	买盘
13:37:09	16.9	0.02	16	27039	买盘
13:37:06	16.88	--	19	32071	卖盘
13:37:00	16.88	-0.01	3	5064	卖盘
13:36:57	16.89	0.01	5	8445	中性盘
13:36:42	16.88	-0.01	50	84400	卖盘
13:36:39	16.89	--	10	16890	卖盘
13:36:30	16.89	--	11	18579	卖盘
13:36:24	16.89	--	20	33780	卖盘
13:36:12	16.89	--	2	3378	卖盘
13:36:03	16.89	-0.01	5	8445	卖盘
13:35:27	16.9	-0.01	3	5070	卖盘
13:35:15	16.91	0.01	5	8455	买盘
13:35:12	16.9	-0.01	10	16900	卖盘
13:35:09	16.91	--	17	28747	买盘
13:35:06	16.91	0.01	18	30438	买盘
13:35:03	16.9	-0.01	1	1689	卖盘
13:34:54	16.91	--	8	13528	买盘
13:34:51	16.91	--	10	16910	中性盘
13:34:36	16.91	--	12	20292	卖盘
13:34:33	16.91	--	8	13528	买盘
13:34:24	16.91	--	117	197847	买盘
13:34:12	16.91	--	5	8455	买盘
13:34:03	16.91	--	100	169100	买盘
13:34:00	16.91	0.01	117	197847	买盘
13:33:57	16.9	--	59	99709	买盘
13:33:48	16.9	--	6	10140	卖盘
13:33:45	16.9	--	16	27039	卖盘
13:33:39	16.9	--	40	67600	卖盘
13:33:27	16.9	-0.01	58	98019	卖盘
13:33:24	16.91	0.01	7	11837	买盘
13:33:21	16.9	-0.01	3	5070	卖盘
13:33:15	16.91	0.01	60	101460	买盘
13:33:12	16.9	-0.01	10	16900	卖盘
13:33:03	16.91	0.01	7	11837	买盘
13:33:00	16.9	-0.01	7	11829	卖盘
13:32:48	16.91	0.01	20	33820	买盘
13:32:42	16.9	-0.01	30	50699	卖盘
13:32:39	16.91	0.01	67	113297	买盘
13:32:24	16.9	--	5	8450	卖盘
13:32:21	16.9	-0.01	40	67600	卖盘
13:32:15	16.91	--	23	38893	买盘
13:32:12	16.91	0.01	30	50730	买盘
13:32:06	16.9	-0.01	105	177449	卖盘
13:31:36	16.91	0.01	1	1691	买盘
13:31:33	16.9	-0.01	13	21969	卖盘
13:31:27	16.91	--	1	1691	买盘
13:31:21	16.91	--	7	11837	买盘
13:31:12	16.91	--	2	3382	卖盘
13:31:09	16.91	0.01	34	57494	买盘
13:30:57	16.9	-0.01	2	3379	卖盘
13:30:54	16.91	--	19	32129	买盘
13:30:51	16.91	--	15	25365	买盘
13:30:48	16.91	0.01	10	16910	买盘
13:30:45	16.9	-0.01	9	15209	卖盘
13:30:42	16.91	0.01	20	33820	买盘
13:30:36	16.9	--	5	8450	卖盘
13:30:30	16.9	-0.01	1	1689	卖盘
13:30:18	16.91	0.01	52	87932	买盘
13:30:15	16.9	--	1	1689	卖盘
13:30:09	16.9	0.02	40	67600	买盘
13:29:42	16.88	--	20	33760	卖盘
13:29:36	16.88	--	10	16880	卖盘
13:29:12	16.88	-0.03	215	362920	卖盘
13:29:03	16.91	0.01	20	33820	买盘
13:29:00	16.9	--	12	20280	卖盘
13:28:54	16.9	--	28	47319	卖盘
13:28:51	16.9	--	1	1689	卖盘
13:28:48	16.9	--	10	16900	卖盘
13:28:39	16.9	--	9	15209	买盘
13:28:36	16.9	--	5	8450	买盘
13:28:33	16.9	--	6	10140	卖盘
13:28:27	16.9	--	1	1689	卖盘
13:28:21	16.9	--	1	1689	买盘
13:28:18	16.9	0.01	5	8450	买盘
13:28:15	16.89	--	3	5067	买盘
13:28:12	16.89	-0.01	54	91206	卖盘
13:28:09	16.9	0.01	30	50699	买盘
13:28:06	16.89	--	1	1689	卖盘
13:27:54	16.89	-0.01	1	1689	卖盘
13:27:48	16.9	--	41	69290	买盘
13:27:45	16.9	0.01	30	50699	买盘
13:27:39	16.89	0.01	73	123297	买盘
13:27:33	16.88	--	50	84400	卖盘
13:27:30	16.88	-0.01	15	25320	卖盘
13:27:24	16.89	--	3	5067	买盘
13:27:15	16.89	--	52	87828	买盘
13:27:03	16.89	0.01	5	8445	买盘
13:27:00	16.88	--	16	27008	卖盘
13:26:54	16.88	--	13	21944	卖盘
13:26:51	16.88	--	46	77648	买盘
13:26:48	16.88	0.01	12	20256	买盘
13:26:45	16.87	--	5	8435	卖盘
13:26:39	16.87	--	15	25305	卖盘
13:26:36	16.87	--	226	381262	卖盘
13:26:33	16.87	--	20	33740	卖盘
13:26:30	16.87	--	20	33740	卖盘
13:26:27	16.87	--	2	3374	卖盘
13:26:24	16.87	--	12	20244	卖盘
13:26:18	16.87	--	2	3374	卖盘
13:26:12	16.87	-0.01	37	62419	卖盘
13:26:09	16.88	0.01	43	72584	买盘
13:26:06	16.87	--	9	15183	卖盘
13:26:03	16.87	--	28	47236	卖盘
13:25:54	16.87	--	22	37114	卖盘
13:25:51	16.87	--	1	1687	卖盘
13:25:48	16.87	--	4	6748	卖盘
13:25:45	16.87	-0.01	5	8435	卖盘
13:25:30	16.88	--	100	168800	卖盘
13:25:27	16.88	-0.01	10	16880	卖盘
13:25:21	16.89	--	3	5067	买盘
13:25:15	16.89	-0.01	23	38847	卖盘
13:25:12	16.9	--	14	23659	买盘
13:25:09	16.9	0.01	70	118299	买盘
13:25:06	16.89	-0.01	4	6756	卖盘
13:25:00	16.9	--	16	27039	卖盘
13:24:57	16.9	-0.01	8	13519	卖盘
13:24:51	16.91	0.01	52	87932	买盘
13:24:45	16.9	--	1	1689	卖盘
13:24:42	16.9	-0.01	72	121679	卖盘
13:24:39	16.91	0.01	18	30438	买盘
13:24:36	16.9	--	10	16900	卖盘
13:24:33	16.9	--	30	50699	卖盘
13:24:30	16.9	--	10	16900	卖盘
13:24:24	16.9	--	10	16900	卖盘
13:24:21	16.9	-0.01	83	140270	卖盘
13:24:15	16.91	--	20	33820	卖盘
13:24:03	16.91	--	10	16910	卖盘
13:24:00	16.91	--	6	10146	卖盘
13:23:57	16.91	--	70	118370	卖盘
13:23:51	16.91	-0.01	18	30438	卖盘
13:23:33	16.92	--	23	38916	卖盘
13:23:27	16.92	--	6	10152	卖盘
13:23:24	16.92	--	10	16920	卖盘
13:23:21	16.92	--	10	16920	卖盘
13:23:15	16.92	--	30	50760	卖盘
13:23:09	16.92	--	54	91368	卖盘
13:23:06	16.92	--	8	13536	卖盘
13:23:00	16.92	--	3	5076	卖盘
13:22:57	16.92	-0.01	43	72756	卖盘
13:22:54	16.93	0.01	7	11851	买盘
13:22:48	16.92	--	75	126900	卖盘
13:22:39	16.92	-0.01	10	16920	卖盘
13:22:30	16.93	0.01	1	1693	买盘
13:22:27	16.92	-0.01	1	1692	卖盘
13:22:18	16.93	0.01	142	240406	买盘
13:22:12	16.92	--	10	16920	卖盘
13:22:00	16.92	--	13	21996	卖盘
13:21:57	16.92	--	41	69372	买盘
13:21:45	16.92	0.02	5	8460	买盘
13:21:39	16.9	--	34	57459	卖盘
13:21:33	16.9	--	6	10140	卖盘
13:21:30	16.9	--	6	10140	卖盘
13:21:18	16.9	--	11	18590	卖盘
13:21:12	16.9	-0.03	28	47319	卖盘
13:21:09	16.93	--	12	20316	买盘
13:20:57	16.93	0.01	18	30474	买盘
13:20:51	16.92	--	9	15228	卖盘
13:20:48	16.92	-0.01	7	11844	卖盘
13:20:45	16.93	0.01	87	147291	买盘
13:20:39	16.92	-0.01	60	101520	卖盘
13:20:36	16.93	--	60	101580	买盘
13:20:33	16.93	0.01	4	6772	买盘
13:20:30	16.92	-0.01	3	5076	卖盘
13:20:27	16.93	0.01	18	30474	买盘
13:20:18	16.92	--	8	13536	卖盘
13:20:12	16.92	--	8	13536	卖盘
13:20:09	16.92	--	42	71064	卖盘
13:20:00	16.92	--	2	3384	卖盘
13:19:57	16.92	--	17	28764	卖盘
13:19:48	16.92	--	1	1692	卖盘
13:19:45	16.92	0.01	153	258876	买盘
13:19:36	16.91	--	14	23674	卖盘
13:19:27	16.91	0.01	7	11837	买盘
13:19:18	16.9	-0.01	1	1689	卖盘
13:19:15	16.91	0.01	1	1691	买盘
13:19:12	16.9	-0.01	40	67600	卖盘
13:19:09	16.91	-0.01	5	8455	中性盘
13:19:03	16.92	0.01	18	30456	买盘
13:19:00	16.91	0.01	11	18601	买盘
13:18:57	16.9	-0.02	86	145340	卖盘
13:18:51	16.92	--	10	16920	买盘
13:18:45	16.92	0.02	22	37224	买盘
13:18:42	16.9	-0.01	47	79430	卖盘
13:18:39	16.91	--	12	20292	卖盘
13:18:36	16.91	--	1	1691	卖盘
13:18:33	16.91	0.01	63	106533	买盘
13:18:27	16.9	-0.01	8	13519	卖盘
13:18:18	16.91	--	3	5073	买盘
13:18:06	16.91	--	87	148605	卖盘
13:18:03	16.91	--	2	3382	卖盘
13:17:57	16.91	--	18	30438	卖盘
13:17:51	16.91	--	3	5073	卖盘
13:17:45	16.91	--	5	8455	卖盘
13:17:42	16.91	--	4	6764	卖盘
13:17:39	16.91	--	29	49039	卖盘
13:17:36	16.91	--	20	33820	卖盘
13:17:33	16.91	--	2	3382	卖盘
13:17:21	16.91	-0.02	18	30438	卖盘
13:17:15	16.93	0.01	18	30474	买盘
13:17:06	16.92	-0.01	1	1692	中性盘
13:16:57	16.93	--	23	38939	买盘
13:16:51	16.93	0.02	30	50790	买盘
13:16:45	16.91	--	15	25365	卖盘
13:16:42	16.91	-0.02	15	25365	卖盘
13:16:39	16.93	--	19	32167	买盘
13:16:27	16.93	--	20	33860	买盘
13:16:24	16.93	0.01	1	1693	买盘
13:16:21	16.92	--	8	13536	买盘
13:16:18	16.92	0.01	14	23688	中性盘
13:16:06	16.91	-0.01	20	33820	卖盘
13:15:54	16.92	0.01	75	127103	买盘
13:15:51	16.91	-0.01	6	10146	卖盘
13:15:45	16.92	--	50	84600	买盘
13:15:42	16.92	--	10	16920	卖盘
13:15:39	16.92	--	18	30456	卖盘
13:15:33	16.92	--	78	131976	卖盘
13:15:27	16.92	--	23	38916	卖盘
13:15:24	16.92	-0.01	30	50760	卖盘
13:15:21	16.93	--	30	50790	买盘
13:15:18	16.93	--	33	55869	买盘
13:15:12	16.93	--	1	1693	买盘
13:15:09	16.93	--	5	8465	卖盘
13:14:57	16.93	-0.01	20	33860	卖盘
13:14:48	16.94	0.02	10	16940	买盘
13:14:45	16.92	--	3	5076	卖盘
13:14:39	16.92	--	19	32148	卖盘
13:14:33	16.92	-0.02	5	8460	卖盘
13:14:30	16.94	0.02	20	33880	买盘
13:14:24	16.92	--	5	8460	卖盘
13:14:21	16.92	--	2	3384	卖盘
13:14:06	16.92	--	1	1692	卖盘
13:14:03	16.92	--	5	8460	卖盘
13:14:00	16.92	--	43	72756	卖盘
13:13:51	16.92	-0.01	15	25380	卖盘
13:13:48	16.93	0.01	12	20316	买盘
13:13:45	16.92	-0.03	8	13536	卖盘
13:13:42	16.95	0.02	50	84750	买盘
13:13:36	16.93	--	41	69413	卖盘
13:13:24	16.93	--	16	27088	卖盘
13:13:21	16.93	-0.02	10	16930	卖盘
13:13:12	16.95	--	1	1695	买盘
13:13:06	16.95	--	101	172822	卖盘
13:13:03	16.95	--	29	49155	卖盘
13:13:00	16.95	--	5	8475	卖盘
13:12:57	16.95	--	126	213570	卖盘
13:12:54	16.95	--	5	8475	卖盘
13:12:51	16.95	-0.01	20	33900	卖盘
13:12:48	16.96	0.01	2	3392	买盘
13:12:45	16.95	--	71	120345	卖盘
13:12:42	16.95	0.01	249	422122	买盘
13:12:33	16.94	-0.01	10	16940	卖盘
13:12:15	16.95	--	1	1695	买盘
13:12:09	16.95	--	6	10170	买盘
13:12:06	16.95	--	32	55867	卖盘
13:12:00	16.95	--	10	16950	卖盘
13:11:57	16.95	0.02	457	774682	买盘
13:11:54	16.93	-0.01	6	10158	卖盘
13:11:51	16.94	--	1	1694	买盘
13:11:42	16.94	--	11	18634	买盘
13:11:36	16.94	0.02	100	169400	买盘
13:11:33	16.92	-0.01	5	8460	卖盘
13:11:27	16.93	--	12	20316	买盘
13:11:24	16.93	--	9	15237	买盘
13:11:21	16.93	0.01	32	54176	买盘
13:11:09	16.92	-0.01	24	40608	卖盘
13:11:06	16.93	--	34	57562	买盘
13:10:57	16.93	--	33	57494	卖盘
13:10:42	16.93	--	6	10158	卖盘
13:10:36	16.93	--	3	5079	卖盘
13:10:33	16.93	--	5	8532	买盘
13:10:27	16.93	0.01	17	28781	买盘
13:10:24	16.92	-0.01	28	47376	卖盘
13:10:21	16.93	0.01	9	15237	买盘
13:10:18	16.92	--	69	116748	卖盘
13:10:09	16.92	-0.01	17	28764	卖盘
13:10:03	16.93	0.01	5	8465	买盘
13:10:00	16.92	-0.01	8	13536	卖盘
13:09:48	16.93	0.01	73	123589	买盘
13:09:36	16.92	--	38	64296	买盘
13:09:30	16.92	0.01	10	16920	买盘
13:09:27	16.91	--	10	16910	卖盘
13:09:18	16.91	--	10	16910	卖盘
13:09:15	16.91	--	4	6764	卖盘
13:09:00	16.91	--	12	20292	卖盘
13:08:57	16.91	--	66	111606	卖盘
13:08:42	16.91	--	3	5073	卖盘
13:08:36	16.91	--	1	1691	卖盘
13:08:30	16.91	--	3	5073	卖盘
13:08:27	16.91	0.01	5	8455	卖盘
13:08:24	16.9	--	2	3379	卖盘
13:08:21	16.9	-0.01	91	153790	卖盘
13:08:18	16.91	--	9	15219	买盘
13:08:12	16.91	--	3	5073	买盘
13:08:09	16.91	-0.02	94	158954	卖盘
13:08:00	16.93	--	2	3386	买盘
13:07:54	16.93	--	10	16930	买盘
13:07:51	16.93	--	46	77878	买盘
13:07:45	16.93	-0.01	21	35553	卖盘
13:07:42	16.94	0.01	13	22022	买盘
13:07:39	16.93	--	103	174379	卖盘
13:07:36	16.93	--	11	18623	卖盘
13:07:33	16.93	--	36	60948	卖盘
13:07:30	16.93	--	7	11851	卖盘
13:07:27	16.93	--	1	1693	卖盘
13:07:21	16.93	--	17	28781	卖盘
13:07:18	16.93	--	28	47404	买盘
13:07:09	16.93	--	2	3386	买盘
13:07:06	16.93	--	49	82957	卖盘
13:07:03	16.93	--	110	186230	卖盘
13:07:00	16.93	--	30	50790	卖盘
13:06:57	16.93	--	90	152370	卖盘
13:06:54	16.93	-0.01	100	169300	卖盘
13:06:51	16.94	0.01	27	45738	买盘
13:06:48	16.93	--	27	45711	卖盘
13:06:45	16.93	-0.01	150	253950	卖盘
13:06:42	16.94	0.01	10	16940	买盘
13:06:36	16.93	--	28	47404	卖盘
13:06:33	16.93	-0.01	5	8465	卖盘
13:06:27	16.94	--	1	1694	买盘
13:06:24	16.94	-0.01	4	6776	中性盘
13:06:18	16.95	0.01	24	40680	买盘
13:06:15	16.94	-0.01	3	5082	卖盘
13:06:12	16.95	0.01	21	35595	买盘
13:06:06	16.94	--	17	28798	卖盘
13:06:03	16.94	--	16	27104	买盘
13:05:57	16.94	-0.01	28	47432	中性盘
13:05:36	16.95	0.02	8	13560	买盘
13:05:33	16.93	-0.02	10	16930	卖盘
13:05:30	16.95	0.01	17	28815	买盘
13:05:27	16.94	--	20	33880	卖盘
13:05:18	16.94	--	7	11858	卖盘
13:05:15	16.94	-0.01	43	72842	卖盘
13:05:12	16.95	0.01	25	42375	买盘
13:05:09	16.94	--	15	25410	卖盘
13:05:03	16.94	--	4	6776	卖盘
13:05:00	16.94	-0.01	25	42350	卖盘
13:04:57	16.95	0.01	58	98310	买盘
13:04:54	16.94	--	50	84700	卖盘
13:04:48	16.94	-0.01	46	77924	卖盘
13:04:45	16.95	--	1	1695	买盘
13:04:42	16.95	--	4	6780	买盘
13:04:39	16.95	0.01	13	22035	买盘
13:04:33	16.94	-0.01	22	37268	卖盘
13:04:30	16.95	--	10	16950	买盘
13:04:27	16.95	0.01	60	101700	买盘
13:04:24	16.94	--	2	3388	卖盘
13:04:15	16.94	--	10	16940	卖盘
13:04:12	16.94	--	10	16940	卖盘
13:04:09	16.94	-0.01	37	62678	卖盘
13:04:06	16.95	0.02	216	366120	买盘
13:04:00	16.93	--	5	8465	卖盘
13:03:57	16.93	--	26	44018	卖盘
13:03:54	16.93	-0.01	1	1693	卖盘
13:03:51	16.94	--	4	6776	中性盘
13:03:42	16.94	--	40	67760	卖盘
13:03:39	16.94	--	10	16940	卖盘
13:03:33	16.94	-0.01	62	105028	卖盘
13:03:30	16.95	--	130	220350	买盘
13:03:27	16.95	0.01	20	33900	买盘
13:03:21	16.94	--	20	33880	卖盘
13:03:18	16.94	0.01	112	189728	买盘
13:03:00	16.93	-0.01	15	25395	卖盘
13:02:57	16.94	0.01	5	8470	买盘
13:02:54	16.93	--	10	16930	卖盘
13:02:51	16.93	-0.01	40	67720	卖盘
13:02:48	16.94	--	83	140602	买盘
13:02:39	16.94	-0.01	91	154154	卖盘
13:02:33	16.95	0.01	12	20340	买盘
13:02:30	16.94	-0.01	1	1694	卖盘
13:02:27	16.95	--	20	33900	买盘
13:02:21	16.95	--	59	100005	买盘
13:02:18	16.95	0.01	20	33900	买盘
13:02:15	16.94	-0.01	15	25410	卖盘
13:02:09	16.95	--	69	116955	买盘
13:02:06	16.95	0.01	1	1695	买盘
13:02:03	16.94	-0.01	5	8470	卖盘
13:02:00	16.95	0.01	37	62715	买盘
13:01:45	16.94	--	6	10164	买盘
13:01:42	16.94	0.01	100	169400	买盘
13:01:39	16.93	-0.01	20	33860	卖盘
13:01:36	16.94	0.01	71	120274	买盘
13:01:30	16.93	--	264	446952	买盘
13:01:18	16.93	0.01	48	81264	买盘
13:01:12	16.92	-0.01	75	126900	卖盘
13:01:03	16.93	0.01	3	5079	买盘
13:01:00	16.92	--	2	3384	卖盘
13:00:54	16.92	--	2	3384	卖盘
13:00:45	16.92	-0.01	50	84600	卖盘
13:00:42	16.93	--	50	84650	买盘
13:00:33	16.93	0.02	3	5079	买盘
13:00:21	16.91	-0.01	4	6764	卖盘
13:00:18	16.92	0.01	8	13536	买盘
13:00:15	16.91	-0.01	10	16910	卖盘
13:00:12	16.92	0.01	2	3384	买盘
13:00:09	16.91	--	55	93005	卖盘
13:00:06	16.91	--	77	130207	卖盘
13:00:03	16.91	0.03	178	300998	买盘
13:00:00	16.88	--	0	0	中性盘
11:30:00	16.88	--	0	0	中性盘
11:29:54	16.88	-0.02	8	13504	卖盘
11:29:51	16.9	-0.01	5	8450	中性盘
11:29:48	16.91	0.04	24	40584	买盘
11:29:45	16.87	-0.03	7	11809	卖盘
11:29:39	16.9	--	7	11829	买盘
11:29:33	16.9	-0.01	13	21969	卖盘
11:29:27	16.91	0.05	34	57494	买盘
11:29:21	16.86	-0.04	30	50580	卖盘
11:29:18	16.9	0.04	16	27039	买盘
11:29:12	16.86	-0.04	12	20232	卖盘
11:29:06	16.9	0.04	502	848379	买盘
11:29:00	16.86	-0.02	7	11802	卖盘
11:28:57	16.88	0.02	4	6752	买盘
11:28:54	16.86	--	5	8430	卖盘
11:28:48	16.86	0.01	10	16860	中性盘
11:28:39	16.85	--	503	847555	卖盘
11:28:33	16.85	-0.01	11	18535	卖盘
11:28:30	16.86	0.01	21	35406	买盘
11:28:27	16.85	-0.01	9	15165	卖盘
11:28:15	16.86	0.01	4	6744	买盘
11:28:09	16.85	--	5	8425	卖盘
11:28:06	16.85	-0.01	2	3370	卖盘
11:28:03	16.86	0.01	3	5058	买盘
11:28:00	16.85	--	38	64030	卖盘
11:27:57	16.85	--	5	8425	卖盘
11:27:51	16.85	--	10	16850	卖盘
11:27:45	16.85	--	36	60660	买盘
11:27:42	16.85	--	30	50550	买盘
11:27:36	16.85	0.01	60	101100	买盘
11:27:33	16.84	--	35	58940	卖盘
11:27:27	16.84	-0.01	8	13472	卖盘
11:27:24	16.85	0.01	105	176925	买盘
11:27:21	16.84	--	6	10104	卖盘
11:27:18	16.84	-0.01	21	35364	卖盘
11:27:15	16.85	--	50	84250	买盘
11:27:12	16.85	--	10	16850	买盘
11:27:09	16.85	--	51	85935	买盘
11:27:06	16.85	--	1	1685	买盘
11:27:00	16.85	--	18	30330	买盘
11:26:57	16.85	--	10	16850	买盘
11:26:54	16.85	--	20	33700	买盘
11:26:51	16.85	--	4	6740	买盘
11:26:48	16.85	--	24	40440	买盘
11:26:45	16.85	--	49	82565	买盘
11:26:42	16.85	0.01	50	84250	买盘
11:26:36	16.84	--	15	25260	买盘
11:26:30	16.84	--	60	101040	买盘
11:26:24	16.84	--	11	18524	买盘
11:26:18	16.84	--	2	3368	买盘
11:26:15	16.84	--	5	8420	买盘
11:25:57	16.84	--	45	75780	卖盘
11:25:51	16.84	-0.01	6	10104	卖盘
11:25:48	16.85	--	20	33700	买盘
11:25:33	16.85	0.01	13	21905	买盘
11:25:30	16.84	--	22	37048	卖盘
11:25:27	16.84	--	19	31996	卖盘
11:25:12	16.84	0.01	203	341852	买盘
11:25:09	16.83	--	10	16830	买盘
11:25:06	16.83	--	10	16830	买盘
11:25:03	16.83	--	15	25244	买盘
11:24:57	16.83	-0.01	9	15146	卖盘
11:24:51	16.84	0.01	20	33680	买盘
11:24:48	16.83	--	9	15146	卖盘
11:24:45	16.83	--	12	20195	买盘
11:24:42	16.83	--	8	13463	卖盘
11:24:36	16.83	0.01	41	69003	买盘
11:24:30	16.82	--	6	10092	卖盘
11:24:24	16.82	--	7	11774	卖盘
11:24:18	16.82	--	16	26912	买盘
11:24:15	16.82	--	18	30276	买盘
11:24:12	16.82	0.01	6	10092	买盘
11:24:09	16.81	-0.01	7	11767	卖盘
11:23:57	16.82	--	3	5046	买盘
11:23:54	16.82	--	11	18502	卖盘
11:23:51	16.82	--	8	13456	卖盘
11:23:45	16.82	-0.01	14	23548	卖盘
11:23:42	16.83	--	16	26927	买盘
11:23:33	16.83	0.01	30	50489	买盘
11:23:30	16.82	--	9	15138	卖盘
11:23:18	16.82	0.02	8	13456	卖盘
11:23:06	16.8	--	13	21840	买盘
11:23:03	16.8	--	35	58800	买盘
11:22:57	16.8	-0.02	102	171360	卖盘
11:22:54	16.82	0.01	5	8410	中性盘
11:22:51	16.81	-0.03	31	52110	卖盘
11:22:48	16.84	0.02	120	202080	买盘
11:22:45	16.82	--	1	1682	卖盘
11:22:42	16.82	--	39	65598	买盘
11:22:39	16.82	--	8	13456	买盘
11:22:36	16.82	--	6	10092	买盘
11:22:24	16.82	--	19	31958	买盘
11:22:21	16.82	--	12	20184	买盘
11:22:15	16.82	0.01	10	16820	买盘
11:22:00	16.81	--	9	15128	买盘
11:21:57	16.81	0.01	6	10086	买盘
11:21:54	16.8	-0.01	30	50400	卖盘
11:21:51	16.81	0.01	9	15128	买盘
11:21:48	16.8	-0.01	33	55440	卖盘
11:21:45	16.81	--	2	3361	卖盘
11:21:36	16.81	0.02	2	3361	买盘
11:21:27	16.79	-0.01	6	10074	卖盘
11:21:24	16.8	-0.01	3	5040	卖盘
11:21:12	16.81	-0.01	33	55472	买盘
11:21:09	16.82	0.02	6	10092	买盘
11:21:03	16.8	-0.02	55	92400	卖盘
11:21:00	16.82	--	20	33640	买盘
11:20:57	16.82	0.02	20	33640	买盘
11:20:48	16.8	--	2	3360	卖盘
11:20:45	16.8	--	49	82320	买盘
11:20:42	16.8	--	5	8400	卖盘
11:20:27	16.8	--	14	23520	买盘
11:20:24	16.8	--	5	8400	买盘
11:20:15	16.8	--	6	10080	买盘
11:20:12	16.8	0.01	5	8400	买盘
11:20:03	16.79	-0.01	6	10074	卖盘
11:20:00	16.8	--	7	11760	卖盘
11:19:57	16.8	0.01	112	188160	买盘
11:19:30	16.79	-0.01	30	50370	卖盘
11:19:24	16.8	--	23	38640	买盘
11:19:15	16.8	--	20	33600	买盘
11:19:03	16.8	--	5	8400	买盘
11:19:00	16.8	--	40	67200	买盘
11:18:54	16.8	--	65	109200	卖盘
11:18:48	16.8	-0.01	1	1680	卖盘
11:18:45	16.81	-0.01	14	23534	卖盘
11:18:36	16.82	--	10	16820	买盘
11:18:18	16.82	0.01	50	84100	买盘
11:18:12	16.81	--	1	1680	买盘
11:18:06	16.81	--	9	15128	买盘
11:18:03	16.81	--	40	67240	买盘
11:18:00	16.81	0.01	7	11767	买盘
11:17:57	16.8	-0.01	3	5040	卖盘
11:17:54	16.81	--	20	33620	卖盘
11:17:51	16.81	0.01	5	8405	买盘
11:17:33	16.8	--	17	28560	买盘
11:17:21	16.8	0.01	6	10080	买盘
11:17:15	16.79	-0.01	8	13432	卖盘
11:17:09	16.8	--	4	6720	买盘
11:16:57	16.8	0.01	14	23520	买盘
11:16:45	16.79	--	33	55407	买盘
11:16:42	16.79	--	15	25185	买盘
11:16:39	16.79	--	2	3358	买盘
11:16:33	16.79	--	200	335800	买盘
11:16:30	16.79	--	6	10074	买盘
11:16:21	16.79	--	6	10074	买盘
11:16:18	16.79	--	3	5037	买盘
11:16:06	16.79	--	10	16790	买盘
11:15:57	16.79	0.01	47	78913	买盘
11:15:54	16.78	--	6	10068	买盘
11:15:42	16.78	--	2	3356	买盘
11:15:39	16.78	-0.01	31	52018	卖盘
11:15:33	16.79	--	6	10074	买盘
11:15:15	16.79	0.01	100	167900	买盘
11:15:12	16.78	--	10	16780	买盘
11:15:09	16.78	--	10	16780	买盘
11:15:06	16.78	--	1	1678	买盘
11:15:03	16.78	--	5	8390	买盘
11:15:00	16.78	--	27	45306	卖盘
11:14:57	16.78	-0.01	28	46984	卖盘
11:14:54	16.79	0.01	6	10074	买盘
11:14:48	16.78	--	29	48662	卖盘
11:14:42	16.78	--	50	83900	卖盘
11:14:39	16.78	--	11	18458	卖盘
11:14:36	16.78	--	16	26848	卖盘
11:14:30	16.78	--	7	11746	卖盘
11:14:21	16.78	--	3	5034	卖盘
11:14:18	16.78	0.01	7	11746	买盘
11:14:15	16.77	-0.01	7	11739	卖盘
11:14:12	16.78	--	5	8390	买盘
11:14:06	16.78	--	6	10068	买盘
11:14:03	16.78	-0.01	52	87256	卖盘
11:14:00	16.79	0.01	68	114172	买盘
11:13:48	16.78	-0.01	2	3356	卖盘
11:13:45	16.79	0.01	38	63802	买盘
11:13:42	16.78	--	6	10068	卖盘
11:13:39	16.78	-0.01	6	10068	卖盘
11:13:36	16.79	--	9	15111	买盘
11:13:24	16.79	0.01	6	10074	买盘
11:13:21	16.78	--	13	21814	卖盘
11:13:09	16.78	--	5	8390	卖盘
11:13:06	16.78	--	44	73832	买盘
11:13:03	16.78	--	8	13424	买盘
11:12:57	16.78	--	14	23492	买盘
11:12:54	16.78	--	5	8390	买盘
11:12:42	16.78	-0.01	40	67120	卖盘
11:12:36	16.79	--	3	5037	买盘
11:12:33	16.79	--	30	50370	买盘
11:12:30	16.79	-0.02	27	45333	卖盘
11:12:27	16.81	--	3	5043	买盘
11:12:12	16.81	-0.01	22	36982	卖盘
11:12:06	16.82	0.01	4	6728	买盘
11:12:03	16.81	--	21	35301	卖盘
11:11:51	16.81	--	15	25214	卖盘
11:11:48	16.81	0.01	32	53791	买盘
11:11:42	16.8	--	5	8400	卖盘
11:11:39	16.8	--	3	5040	卖盘
11:11:33	16.8	--	11	18480	买盘
11:11:27	16.8	--	15	25200	买盘
11:11:15	16.8	-0.02	6	10080	卖盘
11:11:09	16.82	0.02	2	3364	买盘
11:11:03	16.8	--	2	3360	卖盘
11:11:00	16.8	--	2	3360	卖盘
11:10:54	16.8	0.01	29	48720	买盘
11:10:39	16.79	0.01	7	11753	买盘
11:10:36	16.78	--	10	16780	卖盘
11:10:33	16.78	-0.01	2	3356	卖盘
11:10:27	16.79	--	7	11753	买盘
11:10:24	16.79	0.01	30	50370	买盘
11:10:21	16.78	--	31	52018	卖盘
11:10:18	16.78	--	1	1678	卖盘
11:10:15	16.78	--	4	6712	卖盘
11:10:12	16.78	-0.01	12	20136	卖盘
11:10:00	16.79	--	17	28543	卖盘
11:09:57	16.79	-0.01	10	16790	卖盘
11:09:54	16.8	0.01	6	10080	买盘
11:09:48	16.79	--	103	172937	卖盘
11:09:45	16.79	--	11	18469	卖盘
11:09:42	16.79	--	5	8395	卖盘
11:09:39	16.79	--	20	33580	卖盘
11:09:36	16.79	-0.01	5	8395	卖盘
11:09:33	16.8	0.01	20	33600	买盘
11:09:27	16.79	--	1	1679	买盘
11:09:21	16.79	--	7	11753	卖盘
11:09:18	16.79	--	8	13432	卖盘
11:09:09	16.79	--	3	5037	买盘
11:09:06	16.79	--	15	25185	买盘
11:08:54	16.79	-0.01	4	6716	卖盘
11:08:48	16.8	--	14	23520	买盘
11:08:39	16.8	0.01	10	16800	买盘
11:08:36	16.79	-0.01	55	92345	卖盘
11:08:15	16.8	0.01	10	16800	买盘
11:08:12	16.79	--	10	16790	卖盘
11:08:03	16.79	-0.01	20	33580	卖盘
11:07:57	16.8	--	51	85680	卖盘
11:07:36	16.8	-0.02	2	3360	卖盘
11:07:27	16.82	--	70	117740	买盘
11:07:24	16.82	--	3	5046	买盘
11:07:15	16.82	0.02	33	55506	买盘
11:07:06	16.8	--	7	11760	卖盘
11:06:54	16.8	-0.02	4	6720	卖盘
11:06:51	16.82	0.02	5	8410	买盘
11:06:48	16.8	--	10	16800	卖盘
11:06:39	16.8	-0.02	85	142800	卖盘
11:06:36	16.82	-0.01	7	11774	卖盘
11:06:30	16.83	-0.01	9	15146	卖盘
11:06:27	16.84	--	9	15156	买盘
11:06:21	16.84	--	3	5052	买盘
11:06:18	16.84	0.01	40	67360	买盘
11:06:15	16.83	--	34	57221	卖盘
11:06:12	16.83	--	24	40391	卖盘
11:06:09	16.83	--	12	20195	卖盘
11:06:06	16.83	--	114	191861	买盘
11:06:00	16.83	0.01	21	35343	买盘
11:05:54	16.82	-0.01	28	47096	卖盘
11:05:45	16.83	0.01	10	16830	买盘
11:05:42	16.82	--	10	16820	卖盘
11:05:33	16.82	0.02	2	3364	买盘
11:05:09	16.8	-0.01	3	5040	卖盘
11:05:06	16.81	--	6	10086	卖盘
11:05:03	16.81	--	22	36982	买盘
11:04:57	16.81	0.01	3	5043	买盘
11:04:54	16.8	-0.01	3	5040	卖盘
11:04:48	16.81	--	14	23534	卖盘
11:04:45	16.81	-0.01	1	1680	卖盘
11:04:42	16.82	0.01	2	3364	卖盘
11:04:39	16.81	--	17	28576	卖盘
11:04:36	16.81	--	5	8405	卖盘
11:04:30	16.81	0.01	10	16810	卖盘
11:04:27	16.8	-0.05	10	16800	卖盘
11:04:24	16.85	--	74	124690	买盘
11:04:18	16.85	--	48	80880	卖盘
11:04:15	16.85	--	72	121320	卖盘
11:04:12	16.85	--	4	6740	卖盘
11:04:09	16.85	--	5	8425	卖盘
11:04:06	16.85	--	40	67400	卖盘
11:04:03	16.85	-0.01	15	25275	卖盘
11:03:54	16.86	--	9	15174	买盘
11:03:45	16.86	--	36	60696	买盘
11:03:42	16.86	0.01	17	28662	买盘
11:03:39	16.85	-0.01	5	8425	卖盘
11:03:36	16.86	0.01	1	1686	买盘
11:03:33	16.85	--	14	23590	卖盘
11:03:27	16.85	0.05	292	492020	买盘
11:03:24	16.8	--	4	6720	买盘
11:03:18	16.8	0.01	82	137760	买盘
11:03:12	16.79	-0.03	26	43654	卖盘
11:03:09	16.82	0.03	500	841000	买盘
11:03:06	16.79	--	29	48691	卖盘
11:03:00	16.79	-0.01	114	191406	卖盘
11:02:54	16.8	0.01	20	33600	买盘
11:02:51	16.79	--	20	33580	卖盘
11:02:48	16.79	--	10	16790	卖盘
11:02:45	16.79	--	27	45333	卖盘
11:02:36	16.79	-0.01	12	20148	卖盘
11:02:33	16.8	--	10	16800	买盘
11:02:27	16.8	--	10	16800	买盘
11:02:24	16.8	--	18	30240	买盘
11:02:21	16.8	0.01	46	77280	买盘
11:02:18	16.79	--	2	3358	卖盘
11:02:15	16.79	-0.01	10	16790	卖盘
11:02:09	16.8	0.01	3	5040	买盘
11:02:06	16.79	--	3	5037	卖盘
11:02:00	16.79	--	14	23506	买盘
11:01:54	16.79	--	196	329084	买盘
11:01:48	16.79	--	10	16790	买盘
11:01:42	16.79	0.01	15	25185	买盘
11:01:36	16.78	--	25	41950	买盘
11:01:33	16.78	0.01	176	295328	买盘
11:01:27	16.77	-0.01	25	41925	卖盘
11:01:24	16.78	0.01	38	63764	买盘
11:01:15	16.77	--	196	328692	买盘
11:01:09	16.77	--	9	15093	买盘
11:01:06	16.77	0.01	18	30186	买盘
11:01:03	16.76	--	45	75420	卖盘
11:00:51	16.76	--	26	43576	买盘
11:00:39	16.76	--	9	15084	买盘
11:00:36	16.76	--	1	1676	买盘
11:00:33	16.76	0.01	50	83800	买盘
11:00:30	16.75	-0.01	1	1675	卖盘
11:00:24	16.76	--	15	25140	买盘
11:00:18	16.76	--	18	30168	买盘
11:00:15	16.76	0.01	3	5028	买盘
11:00:09	16.75	--	5	8375	卖盘
11:00:06	16.75	--	35	58625	卖盘
11:00:00	16.75	--	2	3350	卖盘
10:59:57	16.75	-0.01	3	5025	卖盘
10:59:48	16.76	--	3	5028	买盘
10:59:45	16.76	--	7	11732	买盘
10:59:33	16.76	0.01	24	40224	买盘
10:59:18	16.75	--	32	53600	买盘
10:59:15	16.75	--	7	11725	买盘
10:59:09	16.75	0.01	1	1675	买盘
10:59:06	16.74	--	7	11717	卖盘
10:59:03	16.74	-0.01	54	90395	卖盘
10:58:54	16.75	--	28	46900	买盘
10:58:42	16.75	--	14	23450	买盘
10:58:36	16.75	--	52	87100	买盘
10:58:33	16.75	--	5	8375	买盘
10:58:30	16.75	--	18	30150	买盘
10:58:24	16.75	--	6	10050	买盘
10:58:21	16.75	--	40	67000	买盘
10:58:18	16.75	--	1	1675	买盘
10:58:15	16.75	--	3	5025	买盘
10:58:12	16.75	--	6	10050	买盘
10:58:09	16.75	--	23	38525	买盘
10:58:03	16.75	--	2	3350	买盘
10:58:00	16.75	--	20	33500	买盘
10:57:57	16.75	--	10	16750	买盘
10:57:54	16.75	--	17	28475	买盘
10:57:48	16.75	0.01	18	30150	买盘
10:57:42	16.74	--	6	10043	卖盘
10:57:39	16.74	--	48	80351	卖盘
10:57:33	16.74	-0.01	27	45197	卖盘
10:57:30	16.75	--	5	8375	买盘
10:57:27	16.75	--	13	21775	买盘
10:57:24	16.75	--	10	16750	买盘
10:57:21	16.75	--	26	43550	买盘
10:57:18	16.75	--	3	5025	买盘
10:57:15	16.75	0.01	20	33500	买盘
10:57:09	16.74	--	40	66960	卖盘
10:56:51	16.74	-0.01	10	16740	卖盘
10:56:33	16.75	0.01	10	16750	买盘
10:56:30	16.74	--	10	16740	卖盘
10:56:18	16.74	--	27	45197	买盘
10:56:12	16.74	--	17	28457	买盘
10:55:57	16.74	0.01	35	58589	买盘
10:55:51	16.73	-0.01	20	33460	卖盘
10:55:45	16.74	--	1	1673	买盘
10:55:27	16.74	--	2	3347	买盘
10:55:18	16.74	-0.01	23	38502	卖盘
10:55:15	16.75	0.01	35	58625	买盘
10:55:12	16.74	--	20	33480	卖盘
10:55:09	16.74	--	106	177443	卖盘
10:55:06	16.74	-0.01	26	43523	卖盘
10:55:03	16.75	--	5	8375	买盘
10:54:51	16.75	--	10	16750	买盘
10:54:45	16.75	--	24	40200	卖盘
10:54:42	16.75	--	12	20100	卖盘
10:54:39	16.75	--	5	8375	卖盘
10:54:30	16.75	-0.01	30	50250	卖盘
10:54:24	16.76	--	10	16760	买盘
10:54:21	16.76	0.01	92	154192	买盘
10:54:12	16.75	--	11	18425	卖盘
10:54:09	16.75	-0.01	2	3350	卖盘
10:54:00	16.76	0.01	10	16760	买盘
10:53:51	16.75	-0.01	3	5025	卖盘
10:53:48	16.76	0.02	30	50280	买盘
10:53:42	16.74	-0.01	67	112157	卖盘
10:53:33	16.75	--	17	28475	买盘
10:53:27	16.75	--	20	33500	买盘
10:53:24	16.75	--	17	28475	买盘
10:53:21	16.75	--	10	16750	买盘
10:53:15	16.75	0.01	6	10050	买盘
10:53:12	16.74	-0.01	31	51893	卖盘
10:53:06	16.75	--	38	63650	买盘
10:53:03	16.75	-0.01	23	38525	卖盘
10:52:57	16.76	--	20	33520	买盘
10:52:51	16.76	--	15	25140	买盘
10:52:36	16.76	0.01	138	231288	买盘
10:52:33	16.75	--	57	95475	买盘
10:52:30	16.75	--	10	16750	买盘
10:52:27	16.75	0.01	30	50250	买盘
10:52:06	16.74	0.01	104	174095	买盘
10:51:51	16.73	--	99	165627	买盘
10:51:45	16.73	0.01	5	8365	买盘
10:51:36	16.72	--	11	18392	买盘
10:51:33	16.72	0.01	3	5016	买盘
10:51:30	16.71	--	9	15039	卖盘
10:51:21	16.71	--	69	115299	买盘
10:51:15	16.71	--	53	88563	买盘
10:51:12	16.71	0.01	40	66840	买盘
10:51:03	16.7	--	21	35070	买盘
10:51:00	16.7	--	24	40080	卖盘
10:50:51	16.7	-0.01	5	8350	卖盘
10:50:45	16.71	0.01	54	90234	买盘
10:50:42	16.7	--	1	1670	卖盘
10:50:36	16.7	--	6	10020	卖盘
10:50:33	16.7	-0.01	8	13360	卖盘
10:50:30	16.71	--	12	20052	买盘
10:50:18	16.71	-0.01	58	96918	卖盘
10:50:15	16.72	0.01	51	85272	买盘
10:50:09	16.71	--	20	33420	卖盘
10:49:54	16.71	--	20	33420	卖盘
10:49:51	16.71	--	10	16710	卖盘
10:49:45	16.71	-0.01	2	3342	卖盘
10:49:36	16.72	--	10	16720	买盘
10:49:21	16.72	--	13	21736	买盘
10:49:12	16.72	--	10	16720	买盘
10:49:09	16.72	-0.01	4	6688	卖盘
10:49:06	16.73	--	50	83650	买盘
10:48:57	16.73	--	14	23422	买盘
10:48:51	16.73	0.01	5	8365	买盘
10:48:48	16.72	--	27	45144	卖盘
10:48:39	16.72	--	11	18392	买盘
10:48:33	16.72	-0.01	1	1672	中性盘
10:48:18	16.73	0.01	14	23422	买盘
10:48:09	16.72	0.01	10	16720	买盘
10:48:06	16.71	-0.01	13	21723	卖盘
10:48:03	16.72	0.01	5	8360	买盘
10:48:00	16.71	-0.01	5	8355	卖盘
10:47:54	16.72	--	13	21736	买盘
10:47:45	16.72	--	18	30095	卖盘
10:47:42	16.72	-0.01	6	10032	卖盘
10:47:39	16.73	0.01	14	23422	买盘
10:47:30	16.72	--	50	83600	卖盘
10:47:27	16.72	--	25	41800	卖盘
10:47:03	16.72	-0.02	5	8360	卖盘
10:47:00	16.74	0.02	22	36828	买盘
10:46:54	16.72	--	71	118711	卖盘
10:46:48	16.72	-0.02	5	8360	卖盘
10:46:42	16.74	0.02	2	3347	买盘
10:46:39	16.72	--	6	10032	卖盘
10:46:27	16.72	--	10	16720	卖盘
10:46:15	16.72	-0.02	37	61863	卖盘
10:46:03	16.74	--	36	60263	卖盘
10:46:00	16.74	--	17	28457	买盘
10:45:54	16.74	--	13	21761	卖盘
10:45:48	16.74	0.02	9	15065	买盘
10:45:45	16.72	-0.02	70	117039	卖盘
10:45:33	16.74	0.02	10	16740	买盘
10:45:24	16.72	--	50	83600	卖盘
10:45:21	16.72	0.01	6	10032	买盘
10:45:06	16.71	0.01	6	10026	买盘
10:45:00	16.7	--	21	35070	卖盘
10:44:57	16.7	-0.01	10	16700	卖盘
10:44:54	16.71	--	1	1671	卖盘
10:44:45	16.71	0.01	3	5013	买盘
10:44:39	16.7	-0.01	14	23380	卖盘
10:44:24	16.71	-0.04	27	45117	卖盘
10:44:15	16.75	--	20	33500	中性盘
10:44:03	16.75	--	6	10050	卖盘
10:43:57	16.75	--	30	50250	卖盘
10:43:54	16.75	--	4	6700	卖盘
10:43:51	16.75	-0.01	5	8375	卖盘
10:43:48	16.76	--	53	88828	买盘
10:43:45	16.76	--	15	25140	买盘
10:43:33	16.76	0.01	171	286596	买盘
10:43:30	16.75	--	25	41875	卖盘
10:43:27	16.75	--	10	16750	卖盘
10:43:18	16.75	--	3	5025	卖盘
10:43:09	16.75	--	40	67000	卖盘
10:43:00	16.75	--	16	26800	卖盘
10:42:54	16.75	--	6	10050	卖盘
10:42:51	16.75	--	7	11725	卖盘
10:42:45	16.75	--	2	3350	卖盘
10:42:42	16.75	--	6	10050	卖盘
10:42:39	16.75	0.02	287	480725	买盘
10:42:33	16.73	--	22	36806	卖盘
10:42:30	16.73	--	9	15057	中性盘
10:42:27	16.73	-0.01	16	26768	卖盘
10:42:21	16.74	-0.01	17	28457	卖盘
10:42:15	16.75	0.01	1	1675	买盘
10:42:09	16.74	0.01	3	5021	买盘
10:42:03	16.73	-0.02	5	8365	卖盘
10:42:00	16.75	--	26	43550	买盘
10:41:57	16.75	0.02	34	56950	买盘
10:41:54	16.73	--	4	6692	卖盘
10:41:51	16.73	--	30	50190	卖盘
10:41:45	16.73	-0.01	60	100380	卖盘
10:41:36	16.74	-0.01	10	16740	卖盘
10:41:30	16.75	0.02	30	50250	买盘
10:41:27	16.73	-0.02	32	53536	卖盘
10:41:24	16.75	0.02	13	21775	买盘
10:41:12	16.73	-0.02	10	16730	卖盘
10:41:09	16.75	--	10	16750	买盘
10:41:03	16.75	-0.02	6	10050	卖盘
10:40:57	16.77	0.01	32	53664	买盘
10:40:54	16.76	-0.02	24	40224	卖盘
10:40:51	16.78	--	83	139274	买盘
10:40:42	16.78	--	15	25170	卖盘
10:40:39	16.78	0.01	86	144308	买盘
10:40:36	16.77	-0.01	30	50310	卖盘
10:40:33	16.78	--	20	33560	买盘
10:40:30	16.78	--	2	3356	买盘
10:40:27	16.78	--	15	25170	买盘
10:40:24	16.78	--	15	25170	买盘
10:40:21	16.78	--	27	45306	买盘
10:40:15	16.78	0.01	9	15102	中性盘
10:40:09	16.77	-0.01	55	92235	卖盘
10:40:06	16.78	--	57	95646	卖盘
10:40:03	16.78	0.03	387	649386	买盘
10:40:00	16.75	--	7	11725	卖盘
10:39:57	16.75	--	5	8375	卖盘
10:39:54	16.75	-0.01	35	58625	卖盘
10:39:51	16.76	0.01	10	16760	买盘
10:39:45	16.75	0.02	5	8375	中性盘
10:39:42	16.73	--	14	23422	买盘
10:39:39	16.73	--	4	6692	买盘
10:39:36	16.73	--	510	853230	买盘
10:39:33	16.73	0.01	41	68593	买盘
10:39:30	16.72	-0.01	1	1672	卖盘
10:39:21	16.73	--	5	8365	买盘
10:39:18	16.73	--	16	26768	买盘
10:39:15	16.73	--	34	56882	买盘
10:39:09	16.73	--	51	85323	买盘
10:39:06	16.73	--	4	6692	买盘
10:39:03	16.73	0.02	3	5019	买盘
10:39:00	16.71	--	3	5013	卖盘
10:38:57	16.71	--	14	23394	卖盘
10:38:54	16.71	--	21	35091	买盘
10:38:45	16.71	0.01	11	18381	买盘
10:38:42	16.7	0.02	547	913490	买盘
10:38:36	16.68	--	20	33360	买盘
10:38:27	16.68	--	54	90072	买盘
10:38:21	16.68	0.01	45	75060	买盘
10:38:15	16.67	--	30	50010	买盘
10:38:12	16.67	0.01	32	53344	买盘
10:38:03	16.66	0.02	419	698054	买盘
10:37:57	16.64	--	3	4992	买盘
10:37:54	16.64	--	7	11648	卖盘
10:37:51	16.64	--	13	21632	买盘
10:37:42	16.64	0.02	30	49920	买盘
10:37:27	16.62	-0.02	10	16620	卖盘
10:37:21	16.64	0.02	11	18304	买盘
10:37:18	16.62	--	5	8310	买盘
10:37:15	16.62	--	25	41550	卖盘
10:37:12	16.62	-0.01	3	4986	卖盘
10:37:09	16.63	--	7	11641	买盘
10:37:06	16.63	--	13	21619	买盘
10:37:03	16.63	--	1	1663	买盘
10:36:45	16.63	--	3	4989	买盘
10:36:42	16.63	0.01	10	16630	买盘
10:36:39	16.62	-0.01	34	56508	卖盘
10:36:15	16.63	--	28	46564	买盘
10:36:12	16.63	-0.01	21	34923	卖盘
10:35:48	16.64	0.01	30	49920	买盘
10:35:45	16.63	--	14	23282	卖盘
10:35:33	16.63	--	7	11641	卖盘
10:35:24	16.63	-0.01	5	8315	卖盘
10:35:15	16.64	--	13	21632	买盘
10:35:00	16.64	--	16	26624	买盘
10:34:45	16.64	--	18	29952	卖盘
10:34:42	16.64	--	8	13312	卖盘
10:34:30	16.64	--	35	58240	买盘
10:34:24	16.64	--	10	16640	买盘
10:34:03	16.64	0.01	9	14976	买盘
10:34:00	16.63	--	11	18293	买盘
10:33:51	16.63	-0.01	39	64856	卖盘
10:33:33	16.64	--	5	8320	买盘
10:33:30	16.64	--	6	9984	买盘
10:33:24	16.64	--	6	9984	买盘
10:33:06	16.64	--	7	11648	买盘
10:32:57	16.64	0.01	8	13312	买盘
10:32:30	16.63	--	24	39912	卖盘
10:32:27	16.63	0.01	8	13304	买盘
10:32:24	16.62	--	10	16620	卖盘
10:32:09	16.62	--	6	9972	卖盘
10:32:06	16.62	-0.01	1	1662	卖盘
10:32:00	16.63	--	10	16630	买盘
10:31:54	16.63	--	1	1663	买盘
10:31:51	16.63	0.02	2	3326	买盘
10:31:15	16.61	--	1	1661	卖盘
10:31:06	16.61	--	2	3322	买盘
10:31:00	16.61	--	5	8305	买盘
10:30:54	16.61	0.01	11	18271	买盘
10:30:42	16.6	--	10	16600	卖盘
10:30:36	16.6	--	7	11620	买盘
10:30:21	16.6	0.02	3	4980	买盘
10:30:18	16.58	0.01	2	3315	中性盘
10:30:09	16.57	-0.01	20	33140	卖盘
10:29:54	16.58	--	19	31501	买盘
10:29:51	16.58	--	3	4973	买盘
10:29:45	16.58	--	5	8290	卖盘
10:29:36	16.58	-0.02	60	99479	卖盘
10:29:33	16.6	--	26	43160	卖盘
10:29:24	16.6	--	30	49800	卖盘
10:29:12	16.6	--	5	8300	卖盘
10:29:09	16.6	--	30	49800	卖盘
10:29:06	16.6	-0.01	20	33200	卖盘
10:28:57	16.61	--	4	6644	买盘
10:28:54	16.61	0.01	12	19932	买盘
10:28:51	16.6	-0.01	71	117860	卖盘
10:28:39	16.61	-0.02	72	119592	买盘
10:28:36	16.63	0.02	10	16630	买盘
10:28:33	16.61	--	5	8305	买盘
10:28:27	16.61	--	4	6644	买盘
10:28:24	16.61	--	2	3322	买盘
10:28:15	16.61	--	18	29898	卖盘
10:28:06	16.61	--	27	44847	卖盘
10:27:51	16.61	--	15	24915	卖盘
10:27:33	16.61	-0.02	10	16610	卖盘
10:27:30	16.63	--	5	8315	买盘
10:27:27	16.63	--	10	16630	买盘
10:27:18	16.63	-0.02	12	19956	中性盘
10:27:15	16.65	0.02	183	304695	买盘
10:27:09	16.63	--	11	18293	卖盘
10:27:03	16.63	--	10	16630	卖盘
10:27:00	16.63	--	1	1663	卖盘
10:26:57	16.63	--	11	18293	买盘
10:26:54	16.63	--	5	8315	买盘
10:26:48	16.63	--	15	24945	卖盘
10:26:45	16.63	--	6	9978	卖盘
10:26:33	16.63	0.02	1	1663	买盘
10:26:30	16.61	-0.02	8	13288	卖盘
10:26:27	16.63	-0.01	5	8315	中性盘
10:26:15	16.64	0.01	9	14976	买盘
10:26:09	16.63	-0.01	12	19956	中性盘
10:26:00	16.64	0.01	12	19968	买盘
10:25:57	16.63	-0.02	2	3326	卖盘
10:25:54	16.65	--	3	4995	买盘
10:25:51	16.65	0.01	100	166500	买盘
10:25:48	16.64	--	11	18304	卖盘
10:25:45	16.64	--	6	9984	卖盘
10:25:42	16.64	-0.01	11	18304	卖盘
10:25:36	16.65	--	9	14984	买盘
10:25:27	16.65	--	29	48284	买盘
10:25:21	16.65	0.01	15	24974	买盘
10:25:18	16.64	-0.01	20	33280	卖盘
10:25:15	16.65	--	5	8325	买盘
10:25:03	16.65	--	10	16650	买盘
10:25:00	16.65	--	2	3329	买盘
10:24:57	16.65	--	35	58274	买盘
10:24:54	16.65	--	45	74925	买盘
10:24:51	16.65	--	5	8325	买盘
10:24:48	16.65	--	5	8325	买盘
10:24:45	16.65	0.01	10	16650	买盘
10:24:33	16.64	-0.01	12	19968	中性盘
10:24:27	16.65	0.01	22	36630	买盘
10:24:21	16.64	--	25	41600	买盘
10:24:18	16.64	--	20	33280	买盘
10:24:03	16.64	0.01	206	342784	买盘
10:23:51	16.63	--	7	11641	卖盘
10:23:48	16.63	-0.01	84	139692	卖盘
10:23:42	16.64	0.01	10	16640	买盘
10:23:36	16.63	--	1	1663	卖盘
10:23:33	16.63	--	64	106432	卖盘
10:23:30	16.63	0.03	380	631940	买盘
10:22:51	16.6	--	39	64740	买盘
10:22:39	16.6	0.01	5	8300	买盘
10:22:33	16.59	-0.02	6	9954	卖盘
10:22:12	16.61	--	40	66440	买盘
10:21:48	16.61	0.01	35	58135	买盘
10:21:45	16.6	--	5	8300	买盘
10:21:36	16.6	-0.01	75	124500	卖盘
10:21:33	16.61	0.01	10	16610	买盘
10:21:30	16.6	-0.01	35	58100	卖盘
10:21:24	16.61	0.01	6	9966	买盘
10:21:21	16.6	--	18	29880	卖盘
10:21:12	16.6	--	10	16600	卖盘
10:21:09	16.6	-0.02	2	3320	卖盘
10:21:06	16.62	0.01	100	166200	买盘
10:21:03	16.61	--	5	8305	卖盘
10:21:00	16.61	0.01	5	8305	买盘
10:20:57	16.6	--	4	6640	卖盘
10:20:54	16.6	--	20	33200	卖盘
10:20:45	16.6	-0.01	10	16600	卖盘
10:20:42	16.61	0.01	233	387013	买盘
10:20:39	16.6	--	8	13280	卖盘
10:20:36	16.6	-0.01	2	3320	卖盘
10:20:33	16.61	--	90	149490	卖盘
10:20:30	16.61	--	114	189354	卖盘
10:20:27	16.61	--	3	4983	卖盘
10:20:21	16.61	--	10	16610	卖盘
10:20:18	16.61	--	3	4983	卖盘
10:20:09	16.61	--	53	88033	卖盘
10:20:06	16.61	-0.01	16	26576	卖盘
10:19:51	16.62	0.01	54	89748	买盘
10:19:48	16.61	-0.01	19	31559	卖盘
10:19:42	16.62	--	10	16620	买盘
10:19:30	16.62	0.01	68	113016	买盘
10:19:15	16.61	--	3	4983	卖盘
10:19:09	16.61	--	18	29898	卖盘
10:18:51	16.61	0.01	130	215930	买盘
10:18:42	16.6	0.01	186	308760	买盘
10:18:36	16.59	--	21	34839	卖盘
10:18:33	16.59	0.01	131	217329	买盘
10:18:24	16.58	--	3	4973	卖盘
10:18:21	16.58	--	6	9947	卖盘
10:18:18	16.58	--	13	21553	卖盘
10:18:09	16.58	--	13	21553	卖盘
10:18:03	16.58	0.01	53	87873	买盘
10:18:00	16.57	-0.01	6	9942	卖盘
10:17:57	16.58	--	2	3315	买盘
10:17:54	16.58	--	70	116059	买盘
10:17:42	16.58	--	26	43107	买盘
10:17:30	16.58	--	20	33160	卖盘
10:17:27	16.58	--	40	66320	卖盘
10:17:09	16.58	--	11	18237	买盘
10:17:06	16.58	--	3	4973	买盘
10:16:57	16.58	--	10	16580	买盘
10:16:54	16.58	-0.01	11	18237	卖盘
10:16:51	16.59	0.01	15	24885	买盘
10:16:48	16.58	0.01	33	54713	买盘
10:16:45	16.57	--	123	203811	卖盘
10:16:42	16.57	--	20	33140	买盘
10:16:33	16.57	-0.01	5	8285	卖盘
10:16:30	16.58	0.02	12	19895	买盘
10:16:24	16.56	-0.02	40	66240	卖盘
10:16:15	16.58	0.01	21	34818	买盘
10:16:12	16.57	--	2	3314	买盘
10:16:06	16.57	0.01	2	3314	买盘
10:16:00	16.56	-0.01	60	99359	卖盘
10:15:54	16.57	-0.01	5	8285	买盘
10:15:51	16.58	--	6	9947	卖盘
10:15:45	16.58	--	3	4973	买盘
10:15:42	16.58	0.02	31	51397	买盘
10:15:39	16.56	--	6	9936	卖盘
10:15:36	16.56	-0.02	54	89424	卖盘
10:15:33	16.58	0.02	5	8290	买盘
10:15:15	16.56	0.01	56	92736	买盘
10:15:12	16.55	--	4	6620	卖盘
10:15:09	16.55	--	70	115850	卖盘
10:15:03	16.55	--	36	59580	买盘
10:15:00	16.55	--	5	8275	买盘
10:14:57	16.55	--	8	13240	买盘
10:14:54	16.55	0.01	1	1655	买盘
10:14:42	16.54	0.02	381	631182	买盘
10:14:36	16.52	--	40	66080	卖盘
10:14:21	16.52	0.01	120	198669	买盘
10:14:15	16.51	-0.01	85	140335	卖盘
10:14:12	16.52	--	5	8260	买盘
10:14:09	16.52	--	10	16520	买盘
10:14:06	16.52	--	4	6608	买盘
10:14:03	16.52	--	100	165200	买盘
10:13:54	16.52	--	37	61124	买盘
10:13:48	16.52	0.01	50	82600	买盘
10:13:39	16.51	--	30	49530	买盘
10:13:33	16.51	--	20	33020	买盘
10:13:30	16.51	--	65	107315	买盘
10:13:27	16.51	0.01	47	77597	买盘
10:13:18	16.5	--	157	259050	买盘
10:13:15	16.5	--	8	13200	买盘
10:13:12	16.5	--	32	52800	买盘
10:13:06	16.5	0.01	90	148500	买盘
10:13:03	16.49	-0.01	70	115429	卖盘
10:13:00	16.5	--	26	42900	买盘
10:12:42	16.5	0.01	57	94050	买盘
10:12:39	16.49	--	24	39575	买盘
10:12:33	16.49	--	9	14840	买盘
10:12:30	16.49	-0.01	34	56065	中性盘
10:12:27	16.5	0.01	12	19800	买盘
10:12:24	16.49	--	14	23085	买盘
10:12:21	16.49	0.01	20	32980	中性盘
10:12:09	16.48	0.02	9	14832	买盘
10:12:03	16.46	-0.04	4	6584	卖盘
10:12:00	16.5	0.02	10	16500	买盘
10:11:57	16.48	--	102	168096	买盘
10:11:54	16.48	--	7	11536	买盘
10:11:48	16.48	--	21	34608	买盘
10:11:45	16.48	0.02	20	32960	买盘
10:11:42	16.46	-0.01	94	154724	卖盘
10:11:39	16.47	-0.01	47	77409	卖盘
10:11:36	16.48	--	5	8240	买盘
10:11:33	16.48	0.01	26	42848	买盘
10:11:30	16.47	--	59	97173	买盘
10:11:27	16.47	0.01	35	57644	买盘
10:11:24	16.46	--	1	1646	买盘
10:11:21	16.46	-0.01	1	1646	中性盘
10:11:15	16.47	--	48	79056	买盘
10:11:12	16.47	--	25	41175	买盘
10:11:09	16.47	--	48	79056	买盘
10:11:06	16.47	--	5	8235	买盘
10:11:03	16.47	0.01	2	3294	买盘
10:10:57	16.46	-0.01	2	3292	卖盘
10:10:54	16.47	--	8	13176	买盘
10:10:33	16.47	0.01	27	44469	买盘
10:10:30	16.46	-0.01	5	8230	卖盘
10:10:27	16.47	0.02	7	11529	买盘
10:10:24	16.45	-0.01	17	27965	卖盘
10:10:21	16.46	--	3	4938	买盘
10:10:18	16.46	--	9	14814	买盘
10:10:12	16.46	-0.01	25	41150	卖盘
10:10:09	16.47	--	9	14822	买盘
10:10:06	16.47	--	16	26352	买盘
10:10:03	16.47	0.02	5	8235	买盘
10:09:57	16.45	--	7	11515	卖盘
10:09:33	16.45	-0.02	83	136535	卖盘
10:09:06	16.47	--	12	19764	买盘
10:09:00	16.47	0.02	5	8235	买盘
10:08:54	16.45	--	12	19740	卖盘
10:08:45	16.45	-0.01	20	32900	卖盘
10:08:33	16.46	--	90	148140	卖盘
10:08:21	16.46	0.01	11	18106	中性盘
10:08:18	16.45	--	11	18095	卖盘
10:08:15	16.45	--	5	8225	卖盘
10:08:12	16.45	0.01	9	14805	买盘
10:08:09	16.44	-0.01	5	8220	卖盘
10:08:00	16.45	--	30	49350	买盘
10:07:57	16.45	-0.02	91	149695	卖盘
10:07:51	16.47	0.02	30	49410	买盘
10:07:45	16.45	--	24	39480	买盘
10:07:42	16.45	--	9	14805	买盘
10:07:39	16.45	--	3	4935	买盘
10:07:36	16.45	--	77	126665	买盘
10:07:33	16.45	--	49	80605	买盘
10:07:30	16.45	--	27	44415	买盘
10:07:27	16.45	--	24	39480	买盘
10:07:24	16.45	--	3	4935	买盘
10:07:21	16.45	--	21	34545	买盘
10:07:18	16.45	--	10	16450	买盘
10:07:15	16.45	--	3	4935	买盘
10:07:12	16.45	0.02	60	98700	买盘
10:07:09	16.43	--	10	16430	买盘
10:07:06	16.43	--	18	29574	买盘
10:07:03	16.43	0.01	11	18073	买盘
10:07:00	16.42	--	5	8210	买盘
10:06:57	16.42	--	12	19704	买盘
10:06:54	16.42	--	31	50902	买盘
10:06:51	16.42	--	10	16420	买盘
10:06:48	16.42	--	4	6568	买盘
10:06:42	16.42	--	22	36124	买盘
10:06:39	16.42	--	20	32840	买盘
10:06:33	16.42	--	22	36124	买盘
10:06:30	16.42	-0.01	30	49260	卖盘
10:06:24	16.43	--	5	8215	买盘
10:06:15	16.43	-0.01	10	16430	买盘
10:06:09	16.44	0.04	5	8220	买盘
10:06:06	16.4	--	64	104959	卖盘
10:06:03	16.4	-0.04	787	1290680	卖盘
10:06:00	16.44	--	1	1644	买盘
10:05:57	16.44	--	2	3288	买盘
10:05:54	16.44	-0.01	5	8220	卖盘
10:05:51	16.45	--	1	1645	买盘
10:05:48	16.45	--	8	13160	买盘
10:05:45	16.45	--	2	3290	买盘
10:05:42	16.45	--	1	1645	买盘
10:05:39	16.45	--	21	34545	卖盘
10:05:27	16.45	-0.01	89	146405	卖盘
10:05:24	16.46	--	78	128388	卖盘
10:05:21	16.46	-0.01	5	8230	卖盘
10:05:18	16.47	0.01	10	16470	买盘
10:05:15	16.46	-0.01	42	69132	卖盘
10:05:09	16.47	--	61	100467	买盘
10:05:06	16.47	0.01	2	3294	买盘
10:05:03	16.46	-0.01	8	13168	卖盘
10:04:54	16.47	--	3	4941	买盘
10:04:51	16.47	--	1	1647	买盘
10:04:45	16.47	0.01	10	16470	买盘
10:04:42	16.46	-0.02	30	49380	卖盘
10:04:30	16.48	--	6	9888	买盘
10:04:27	16.48	--	1	1648	买盘
10:04:24	16.48	0.01	6	9888	买盘
10:04:18	16.47	-0.01	8	13176	卖盘
10:04:09	16.48	--	186	306528	卖盘
10:04:06	16.48	-0.01	42	69216	卖盘
10:04:03	16.49	--	20	32980	买盘
10:04:00	16.49	--	13	21436	买盘
10:03:57	16.49	--	9	14840	卖盘
10:03:54	16.49	--	3	4946	卖盘
10:03:51	16.49	--	10	16490	卖盘
10:03:48	16.49	--	5	8245	卖盘
10:03:45	16.49	-0.01	17	28032	卖盘
10:03:39	16.5	--	49	80850	买盘
10:03:36	16.5	--	266	438900	卖盘
10:03:33	16.5	--	93	153450	卖盘
10:03:30	16.5	--	7	11550	卖盘
10:03:27	16.5	--	10	16500	卖盘
10:03:24	16.5	-0.01	27	44550	卖盘
10:03:21	16.51	--	12	19812	买盘
10:03:18	16.51	0.01	19	31369	买盘
10:03:03	16.5	-0.01	152	250800	卖盘
10:02:54	16.51	-0.01	5	8255	卖盘
10:02:51	16.52	--	151	249452	卖盘
10:02:48	16.52	-0.01	42	69384	卖盘
10:02:39	16.53	--	2	3306	买盘
10:02:36	16.53	0.01	3	4959	买盘
10:02:30	16.52	-0.01	56	92512	卖盘
10:02:15	16.53	--	30	49590	买盘
10:02:12	16.53	--	4	6612	卖盘
10:02:03	16.53	-0.01	7	11571	卖盘
10:01:51	16.54	--	2	3308	买盘
10:01:24	16.54	0.02	20	33080	买盘
10:01:15	16.52	--	1	1652	买盘
10:01:12	16.52	--	70	116284	卖盘
10:01:06	16.52	-0.02	152	251104	卖盘
10:00:57	16.54	--	9	14886	买盘
10:00:54	16.54	0.01	1	1654	买盘
10:00:39	16.53	--	2	4314	买盘
10:00:36	16.53	--	22	36366	买盘
10:00:33	16.53	--	150	247950	买盘
10:00:27	16.53	--	42	70070	卖盘
10:00:24	16.53	--	69	114057	卖盘
10:00:21	16.53	-0.02	10	16530	卖盘
10:00:18	16.55	--	5	8275	买盘
10:00:09	16.55	--	225	372375	买盘
10:00:03	16.55	0.01	6	9930	中性盘
09:59:48	16.54	--	32	52928	卖盘
09:59:45	16.54	--	36	59544	卖盘
09:59:39	16.54	--	3	4962	卖盘
09:59:36	16.54	--	14	23156	买盘
09:59:33	16.54	0.01	22	36388	买盘
09:59:27	16.53	-0.01	60	99180	卖盘
09:59:12	16.54	0.01	12	19848	买盘
09:59:03	16.53	0.01	34	57210	买盘
09:59:00	16.52	--	22	36344	卖盘
09:58:51	16.52	--	2	3304	卖盘
09:58:48	16.52	--	1	1652	卖盘
09:58:36	16.52	0.01	23	37996	买盘
09:58:30	16.51	-0.01	65	107315	卖盘
09:58:24	16.52	-0.01	2	3304	中性盘
09:58:21	16.53	0.01	123	203319	买盘
09:58:18	16.52	-0.01	2	3304	卖盘
09:58:12	16.53	--	3	4959	买盘
09:58:09	16.53	--	14	23142	买盘
09:58:06	16.53	--	111	183483	卖盘
09:57:54	16.53	-0.02	7	11571	卖盘
09:57:51	16.55	--	64	105920	卖盘
09:57:48	16.55	--	6	9930	卖盘
09:57:39	16.55	0.02	17	28135	买盘
09:57:30	16.53	--	19	31407	卖盘
09:57:27	16.53	-0.01	86	142158	卖盘
09:57:24	16.54	--	7	11578	买盘
09:57:21	16.54	--	1	1654	买盘
09:57:18	16.54	--	6	9924	买盘
09:57:15	16.54	--	3	4962	买盘
09:57:12	16.54	--	7	11578	买盘
09:57:09	16.54	--	4	6616	买盘
09:57:06	16.54	-0.01	6	9924	中性盘
09:57:03	16.55	0.02	6	9930	买盘
09:56:51	16.53	--	10	16530	买盘
09:56:42	16.53	0.01	69	114057	买盘
09:56:36	16.52	-0.01	9	14868	卖盘
09:56:33	16.53	0.01	25	41325	买盘
09:56:27	16.52	-0.01	20	33040	卖盘
09:56:24	16.53	--	20	33060	买盘
09:56:21	16.53	--	5	8265	买盘
09:56:18	16.53	--	13	21489	买盘
09:56:12	16.53	0.03	19	31407	卖盘
09:55:54	16.5	-0.05	450	742500	卖盘
09:55:48	16.55	0.02	50	82750	买盘
09:55:45	16.53	0.01	8	13224	买盘
09:55:39	16.52	--	6	9912	卖盘
09:55:36	16.52	-0.01	18	29736	卖盘
09:55:30	16.53	0.01	8	13224	买盘
09:55:27	16.52	-0.01	33	54516	卖盘
09:55:21	16.53	0.01	17	28101	买盘
09:55:09	16.52	0.02	47	77644	卖盘
09:55:03	16.5	-0.02	571	942150	卖盘
09:55:00	16.52	-0.01	34	56168	卖盘
09:54:57	16.53	--	10	16530	买盘
09:54:51	16.53	--	11	18183	买盘
09:54:48	16.53	--	60	99180	卖盘
09:54:45	16.53	--	4	6612	卖盘
09:54:30	16.53	--	68	112404	买盘
09:54:27	16.53	0.02	10	16530	买盘
09:54:21	16.51	-0.02	256	422656	卖盘
09:54:15	16.53	--	12	19836	买盘
09:54:12	16.53	0.01	3	4959	买盘
09:54:09	16.52	-0.03	73	120596	卖盘
09:54:03	16.55	--	72	119160	买盘
09:53:57	16.55	0.02	5	8275	买盘
09:53:54	16.53	-0.02	22	36366	卖盘
09:53:45	16.55	0.02	3	4965	买盘
09:53:39	16.53	--	8	13224	买盘
09:53:36	16.53	--	5	8265	买盘
09:53:30	16.53	-0.02	46	76038	卖盘
09:53:18	16.55	--	9	14895	买盘
09:53:15	16.55	0.02	1	1655	买盘
09:53:12	16.53	-0.02	28	46284	卖盘
09:53:06	16.55	--	67	110885	卖盘
09:53:00	16.55	-0.01	43	71165	卖盘
09:52:48	16.56	--	38	62927	中性盘
09:52:33	16.56	--	2	3311	卖盘
09:52:30	16.56	--	21	34776	卖盘
09:52:24	16.56	-0.01	9	14903	卖盘
09:52:18	16.57	0.01	3	4971	买盘
09:52:15	16.56	-0.02	104	172224	卖盘
09:51:57	16.58	0.02	10	16580	买盘
09:51:51	16.56	-0.02	20	33120	卖盘
09:51:39	16.58	0.01	5	8290	买盘
09:51:33	16.57	-0.01	20	33140	卖盘
09:51:24	16.58	0.01	19	31501	买盘
09:51:21	16.57	--	11	18227	卖盘
09:51:15	16.57	--	32	53024	卖盘
09:51:03	16.57	--	21	34797	卖盘
09:50:51	16.57	-0.01	65	107705	卖盘
09:50:42	16.58	0.01	10	16580	买盘
09:50:30	16.57	-0.01	25	41425	卖盘
09:50:27	16.58	0.01	8	13263	买盘
09:50:24	16.57	--	33	54681	卖盘
09:50:21	16.57	--	76	125932	卖盘
09:50:18	16.57	-0.01	14	23198	卖盘
09:50:12	16.58	0.01	1	1657	买盘
09:50:09	16.57	-0.01	10	16570	卖盘
09:50:06	16.58	0.01	39	64661	买盘
09:50:03	16.57	--	11	18227	卖盘
09:50:00	16.57	-0.01	8	13256	卖盘
09:49:57	16.58	--	3	4973	买盘
09:49:51	16.58	0.01	2	3315	买盘
09:49:48	16.57	-0.01	15	24855	卖盘
09:49:45	16.58	--	20	33160	买盘
09:49:27	16.58	-0.01	98	162483	卖盘
09:49:24	16.59	-0.01	5	8295	卖盘
09:49:21	16.6	0.01	50	83000	买盘
09:49:12	16.59	-0.01	50	82950	卖盘
09:49:06	16.6	--	20	33200	买盘
09:49:00	16.6	0.01	51	84660	买盘
09:48:54	16.59	--	5	8295	卖盘
09:48:48	16.59	0.01	10	16590	买盘
09:48:42	16.58	--	1	1657	卖盘
09:48:39	16.58	-0.01	58	96163	卖盘
09:48:36	16.59	0.01	31	51429	买盘
09:48:33	16.58	--	10	16580	卖盘
09:48:24	16.58	0.01	5	8290	中性盘
09:48:21	16.57	-0.01	15	24855	卖盘
09:48:18	16.58	--	5	8290	买盘
09:48:15	16.58	0.01	29	48081	买盘
09:48:12	16.57	--	50	82850	卖盘
09:48:06	16.57	-0.01	10	16570	卖盘
09:48:00	16.58	--	4	6631	买盘
09:47:54	16.58	-0.01	59	97821	卖盘
09:47:45	16.59	--	1	1659	买盘
09:47:42	16.59	--	2	3318	卖盘
09:47:39	16.59	--	7	11613	买盘
09:47:33	16.59	-0.01	93	154287	卖盘
09:47:30	16.6	--	2	3320	买盘
09:47:27	16.6	0.01	10	16600	买盘
09:47:21	16.59	--	5	8295	卖盘
09:47:18	16.59	--	6	9954	卖盘
09:47:15	16.59	-0.01	7	11613	卖盘
09:47:09	16.6	--	1	1660	买盘
09:47:06	16.6	--	6	9960	买盘
09:47:03	16.6	-0.01	33	54780	卖盘
09:46:57	16.61	--	19	31559	买盘
09:46:48	16.61	0.01	2	3322	买盘
09:46:42	16.6	-0.01	1	1660	卖盘
09:46:27	16.61	0.01	2	3322	买盘
09:46:09	16.6	--	5	8300	买盘
09:46:03	16.6	0.01	5	8300	买盘
09:46:00	16.59	--	14	23226	卖盘
09:45:54	16.59	--	6	9954	卖盘
09:45:45	16.59	--	23	38157	买盘
09:45:33	16.59	0.02	10	16590	买盘
09:45:30	16.57	--	8	13256	卖盘
09:45:24	16.57	-0.02	1	1657	卖盘
09:45:18	16.59	--	8	13272	买盘
09:45:15	16.59	0.03	16	26544	买盘
09:45:06	16.56	-0.03	38	62927	卖盘
09:44:54	16.59	--	4	6636	买盘
09:44:51	16.59	0.03	17	28203	买盘
09:44:48	16.56	-0.04	278	460367	卖盘
09:44:36	16.6	--	43	71380	买盘
09:44:33	16.6	--	3	4980	买盘
09:44:30	16.6	-0.02	1	1660	中性盘
09:44:24	16.62	0.02	34	56508	买盘
09:44:18	16.6	--	26	43160	买盘
09:44:15	16.6	--	1	1660	买盘
09:44:12	16.6	--	1	1660	买盘
09:44:09	16.6	--	42	69720	买盘
09:44:06	16.6	--	4	6640	买盘
09:44:03	16.6	--	34	56440	卖盘
09:44:00	16.6	--	7	11620	卖盘
09:43:48	16.6	--	31	51460	买盘
09:43:45	16.6	0.02	20	33200	买盘
09:43:24	16.58	0.02	25	41449	买盘
09:43:15	16.56	-0.04	127	210311	卖盘
09:43:12	16.6	0.02	7	11620	买盘
09:43:03	16.58	0.02	444	736151	买盘
09:43:00	16.56	-0.01	2	3311	卖盘
09:42:57	16.57	-0.01	3	4971	中性盘
09:42:54	16.58	--	86	142587	买盘
09:42:51	16.58	--	1	1657	买盘
09:42:45	16.58	-0.01	30	49739	卖盘
09:42:36	16.59	-0.01	1	1659	中性盘
09:42:24	16.6	0.02	2	3320	卖盘
09:42:21	16.58	-0.02	200	331599	卖盘
09:42:09	16.6	--	37	61420	卖盘
09:42:03	16.6	--	17	28220	卖盘
09:42:00	16.6	-0.01	44	73040	卖盘
09:41:54	16.61	-0.01	67	111287	卖盘
09:41:48	16.62	--	10	16620	卖盘
09:41:39	16.62	0.01	10	16620	买盘
09:41:33	16.61	--	4	6644	卖盘
09:41:30	16.61	--	92	152812	卖盘
09:41:24	16.61	--	26	43186	卖盘
09:41:15	16.61	-0.01	124	205964	卖盘
09:41:12	16.62	-0.01	33	54846	卖盘
09:41:09	16.63	--	4	6652	买盘
09:41:03	16.63	0.01	10	16630	买盘
09:41:00	16.62	-0.01	6	9972	卖盘
09:40:54	16.63	-0.01	124	206212	卖盘
09:40:39	16.64	--	20	33280	卖盘
09:40:33	16.64	--	20	33280	卖盘
09:40:30	16.64	--	23	38272	卖盘
09:40:27	16.64	--	5	8320	卖盘
09:40:06	16.64	-0.01	3	4992	卖盘
09:39:57	16.65	--	11	18315	卖盘
09:39:48	16.65	--	8	13319	卖盘
09:39:45	16.65	--	1	1664	买盘
09:39:42	16.65	--	7	11654	买盘
09:39:36	16.65	--	10	16650	买盘
09:39:33	16.65	--	20	33300	买盘
09:39:24	16.65	--	97	161505	卖盘
09:39:21	16.65	-0.01	5	8325	卖盘
09:39:18	16.66	--	20	33320	买盘
09:39:06	16.66	0.01	5	8330	买盘
09:39:03	16.65	--	20	33300	卖盘
09:38:54	16.65	-0.01	40	66600	卖盘
09:38:51	16.66	--	17	28322	买盘
09:38:48	16.66	--	2	3332	买盘
09:38:45	16.66	0.01	10	16660	买盘
09:38:42	16.65	-0.02	10	16650	卖盘
09:38:33	16.67	0.01	26	43342	买盘
09:38:27	16.66	--	6	9996	买盘
09:38:24	16.66	0.01	36	59976	买盘
09:38:21	16.65	-0.02	1	1664	卖盘
09:38:15	16.67	0.01	26	43342	买盘
09:38:00	16.66	0.01	17	28322	买盘
09:37:57	16.65	--	7	11654	买盘
09:37:54	16.65	--	5	8325	买盘
09:37:36	16.65	--	5	8325	卖盘
09:37:27	16.65	-0.01	13	21644	卖盘
09:37:15	16.66	--	3	4998	买盘
09:37:09	16.66	--	17	28322	买盘
09:36:57	16.66	0.01	5	8330	中性盘
09:36:45	16.65	-0.03	40	66600	卖盘
09:36:39	16.68	--	15	25020	买盘
09:36:33	16.68	--	10	16680	买盘
09:36:30	16.68	--	97	161796	卖盘
09:36:21	16.68	-0.01	3	5004	卖盘
09:36:18	16.69	--	6	10014	买盘
09:36:03	16.69	0.01	10	16690	买盘
09:36:00	16.68	-0.01	30	50040	卖盘
09:35:57	16.69	0.03	5	8345	买盘
09:35:48	16.66	-0.03	10	16660	卖盘
09:35:42	16.69	0.03	48	80112	买盘
09:35:33	16.66	--	3	4998	买盘
09:35:30	16.66	--	16	26656	买盘
09:35:18	16.66	--	160	266560	买盘
09:35:03	16.66	--	20	33320	买盘
09:34:57	16.66	0.01	7	11662	买盘
09:34:51	16.65	--	80	133200	买盘
09:34:48	16.65	0.01	27	44954	买盘
09:34:39	16.64	--	7	11648	卖盘
09:34:21	16.64	--	17	28288	买盘
09:34:15	16.64	--	6	9984	买盘
09:34:12	16.64	--	4	6656	买盘
09:33:57	16.64	0.01	1	1664	买盘
09:33:51	16.63	-0.01	9	14967	卖盘
09:33:48	16.64	0.01	13	21632	买盘
09:33:45	16.63	-0.01	5	8315	卖盘
09:33:39	16.64	--	36	59904	买盘
09:33:30	16.64	-0.01	5	8320	卖盘
09:33:15	16.65	--	2	3329	买盘
09:33:12	16.65	--	4	6659	卖盘
09:33:09	16.65	--	5	8325	卖盘
09:33:06	16.65	--	1	1664	卖盘
09:33:03	16.65	--	3	4995	卖盘
09:33:00	16.65	-0.01	3	4995	卖盘
09:32:57	16.66	-0.01	5	8330	卖盘
09:32:54	16.67	--	16	26672	买盘
09:32:51	16.67	-0.02	2	3334	中性盘
09:32:21	16.69	0.04	10	16690	买盘
09:32:09	16.65	--	5	8325	卖盘
09:31:57	16.65	--	27	44954	买盘
09:31:54	16.65	--	1	1664	买盘
09:31:48	16.65	--	10	16650	买盘
09:31:42	16.65	--	8	13319	买盘
09:31:33	16.65	--	3	4995	买盘
09:31:27	16.65	--	5	8325	买盘
09:31:21	16.65	--	15	24974	买盘
09:31:18	16.65	0.02	15	24974	买盘
09:31:15	16.63	-0.01	1	1663	卖盘
09:31:00	16.64	0.02	10	16640	买盘
09:30:51	16.62	--	17	28254	卖盘
09:30:45	16.62	0.01	1	1662	买盘
09:30:39	16.61	-0.01	1	1661	卖盘
09:30:33	16.62	--	18	29916	买盘
09:30:30	16.62	--	4	6648	买盘
09:30:21	16.62	-0.02	14	23268	卖盘
09:30:18	16.64	0.01	42	69888	买盘
09:30:06	16.63	--	27	44901	买盘
09:30:03	16.63	-0.02	120	199560	中性盘
09:30:00	16.65	--	0	0	买盘
09:25:03	16.65	16.65	36	59939	买盘
