成交时间	成交价	价格变动	成交量(手)	成交额(元)	性质
15:00:03	7.6	0.01	954	725040	买盘
14:57:00	7.59	-0.01	48	36432	卖盘
14:56:57	7.6	0.01	7	5320	买盘
14:56:51	7.59	-0.01	157	119163	卖盘
14:56:48	7.6	--	128	97280	买盘
14:56:42	7.6	0.01	2	1520	买盘
14:56:36	7.59	--	10	7590	卖盘
14:56:33	7.59	-0.01	1	759	卖盘
14:56:24	7.6	--	10	7600	买盘
14:56:18	7.6	--	9	6840	买盘
14:56:09	7.6	--	263	199880	买盘
14:56:06	7.6	0.01	7	5320	买盘
14:56:03	7.59	-0.01	5	3795	卖盘
14:56:00	7.6	0.01	70	53200	买盘
14:55:57	7.59	--	80	60720	卖盘
14:55:51	7.59	--	18	13662	卖盘
14:55:48	7.59	-0.01	35	26565	卖盘
14:55:45	7.6	0.01	90	68400	买盘
14:55:39	7.59	-0.01	74	56166	卖盘
14:55:30	7.6	0.01	104	79040	买盘
14:55:27	7.59	--	18	13662	卖盘
14:55:21	7.59	--	14	10626	卖盘
14:55:18	7.59	--	10	7590	卖盘
14:55:12	7.59	-0.01	22	16698	卖盘
14:55:09	7.6	0.01	5	3800	买盘
14:55:06	7.59	--	32	24288	卖盘
14:55:03	7.59	--	723	548757	卖盘
14:54:54	7.59	-0.01	45	34155	卖盘
14:54:51	7.6	0.01	3	2280	买盘
14:54:48	7.59	--	100	75900	卖盘
14:54:45	7.59	--	30	22770	卖盘
14:54:39	7.59	--	20	15180	卖盘
14:54:36	7.59	--	20	15180	卖盘
14:54:30	7.59	--	278	211002	卖盘
14:54:24	7.59	--	20	15180	卖盘
14:54:21	7.59	--	395	299805	卖盘
14:54:18	7.59	-0.01	150	113850	卖盘
14:54:15	7.6	--	6	4560	买盘
14:54:09	7.6	0.01	10	7600	买盘
14:54:03	7.59	--	20	15180	卖盘
14:53:51	7.59	--	100	75900	卖盘
14:53:48	7.59	--	208	157872	卖盘
14:53:24	7.59	--	12	9108	卖盘
14:53:18	7.59	--	82	62238	买盘
14:53:15	7.59	--	9	6831	买盘
14:53:09	7.59	--	700	531300	买盘
14:53:03	7.59	--	595	451605	买盘
14:53:00	7.59	--	279	211761	卖盘
14:52:57	7.59	--	38	28842	卖盘
14:52:54	7.59	--	4	3036	卖盘
14:52:51	7.59	--	1	759	卖盘
14:52:48	7.59	--	678	514602	卖盘
14:52:45	7.59	--	20	15180	卖盘
14:52:42	7.59	--	20	15180	卖盘
14:52:30	7.59	--	140	106260	卖盘
14:52:27	7.59	--	48	36432	卖盘
14:52:24	7.59	--	100	75900	卖盘
14:52:18	7.59	--	110	83490	卖盘
14:52:15	7.59	--	47	35673	卖盘
14:52:06	7.59	--	10	7590	卖盘
14:51:54	7.59	--	1	759	卖盘
14:51:51	7.59	0.01	379	287661	买盘
14:51:45	7.58	-0.01	48	36384	卖盘
14:51:42	7.59	0.01	100	75900	买盘
14:51:39	7.58	-0.01	100	75800	卖盘
14:51:36	7.59	--	6	4554	买盘
14:51:27	7.59	-0.01	257	195063	卖盘
14:51:21	7.6	0.01	19	14440	买盘
14:51:12	7.59	0.01	422	320298	买盘
14:51:09	7.58	-0.01	14	10612	卖盘
14:50:45	7.59	--	20	15180	买盘
14:50:36	7.59	0.01	102	77418	买盘
14:50:33	7.58	--	25	18950	卖盘
14:50:24	7.58	--	1	758	卖盘
14:50:15	7.58	--	20	15160	卖盘
14:50:12	7.58	0.01	1152	873216	买盘
14:50:06	7.57	-0.01	20	15140	卖盘
14:50:03	7.58	0.01	78	59578	买盘
14:49:54	7.57	--	300	227100	卖盘
14:49:51	7.57	--	26	19682	卖盘
14:49:45	7.57	--	27	20439	卖盘
14:49:39	7.57	--	3	2271	卖盘
14:49:33	7.57	-0.01	8	6056	卖盘
14:49:30	7.58	--	10	7580	买盘
14:49:27	7.58	--	47	35626	买盘
14:49:24	7.58	0.01	45	34110	买盘
14:49:21	7.57	--	1	757	卖盘
14:49:15	7.57	-0.01	58	43906	卖盘
14:49:09	7.58	--	78	59124	买盘
14:49:06	7.58	--	15	11370	买盘
14:48:48	7.58	0.01	11	8338	买盘
14:48:45	7.57	-0.01	10	7570	卖盘
14:48:42	7.58	--	215	162970	买盘
14:48:33	7.58	0.01	2	1516	买盘
14:48:30	7.57	--	45	34065	卖盘
14:48:21	7.57	--	25	18925	卖盘
14:48:09	7.57	-0.01	48	36336	卖盘
14:48:03	7.58	0.01	4	3032	买盘
14:47:57	7.57	-0.01	30	22710	卖盘
14:47:48	7.58	--	30	22740	买盘
14:47:39	7.58	0.01	13	9854	买盘
14:47:33	7.57	-0.01	42	31794	卖盘
14:47:30	7.58	--	10	7580	买盘
14:47:24	7.58	0.01	21	15918	买盘
14:47:06	7.57	--	1456	1102192	买盘
14:47:03	7.57	0.01	6	4542	买盘
14:46:57	7.56	-0.01	43	32508	卖盘
14:46:51	7.57	0.01	20	15140	买盘
14:46:48	7.56	-0.01	15	11340	卖盘
14:46:42	7.57	0.01	24	18168	买盘
14:46:39	7.56	--	2	1512	卖盘
14:46:24	7.56	--	9	6804	卖盘
14:46:03	7.56	--	15	11340	卖盘
14:46:00	7.56	--	43	32508	卖盘
14:45:48	7.56	--	10	7560	卖盘
14:45:33	7.56	--	18	13608	卖盘
14:45:21	7.56	--	20	15120	卖盘
14:45:09	7.56	--	50	37800	卖盘
14:45:03	7.56	--	11	8316	卖盘
14:44:42	7.56	--	4	3024	卖盘
14:44:39	7.56	--	4	3024	卖盘
14:44:18	7.56	--	10	7560	卖盘
14:43:51	7.56	--	10	7560	卖盘
14:43:45	7.56	-0.01	35	26460	卖盘
14:43:36	7.57	0.01	30	22710	买盘
14:43:33	7.56	--	5	3780	卖盘
14:43:30	7.56	--	2	1512	卖盘
14:43:15	7.56	--	47	35532	卖盘
14:43:06	7.56	--	4	3024	卖盘
14:42:57	7.56	--	81	61614	买盘
14:42:54	7.56	--	188	142506	卖盘
14:42:51	7.56	--	2	1512	卖盘
14:42:48	7.56	--	11	8316	卖盘
14:42:45	7.56	--	16	12096	卖盘
14:42:36	7.56	--	243	183708	卖盘
14:41:51	7.56	--	30	22680	卖盘
14:41:42	7.56	--	34	25704	卖盘
14:41:36	7.56	--	110	83160	卖盘
14:41:33	7.56	--	10	7560	卖盘
14:41:30	7.56	--	15	11340	卖盘
14:41:24	7.56	--	10	7560	卖盘
14:41:21	7.56	--	32	24192	卖盘
14:41:18	7.56	--	20	15120	卖盘
14:41:09	7.56	--	7	5292	卖盘
14:41:06	7.56	--	10	7560	卖盘
14:41:00	7.56	-0.01	8	6048	卖盘
14:40:48	7.57	0.01	5	3785	买盘
14:40:45	7.56	--	14	10584	卖盘
14:40:27	7.56	-0.01	31	23436	卖盘
14:40:24	7.57	0.01	23	17411	买盘
14:40:15	7.56	--	5	3780	卖盘
14:40:03	7.56	--	28	21168	卖盘
14:39:57	7.56	--	8	6048	卖盘
14:39:48	7.56	-0.01	20	15120	卖盘
14:39:42	7.57	0.01	105	79485	买盘
14:39:36	7.56	--	4	3402	卖盘
14:39:27	7.56	--	10	7560	卖盘
14:39:21	7.56	--	15	11340	卖盘
14:39:18	7.56	--	29	21924	卖盘
14:38:51	7.56	--	1	756	卖盘
14:38:39	7.56	--	6	4536	卖盘
14:38:24	7.56	--	110	83160	中性盘
14:38:00	7.56	--	38	28728	买盘
14:37:45	7.56	--	28	21168	买盘
14:37:21	7.56	--	44	33264	买盘
14:37:15	7.56	--	4	3024	卖盘
14:37:09	7.56	--	400	302400	卖盘
14:36:57	7.56	--	10	7560	卖盘
14:36:45	7.56	--	15	11340	卖盘
14:35:21	7.56	--	8	6048	卖盘
14:34:57	7.56	--	200	151200	卖盘
14:34:48	7.56	--	2	1512	卖盘
14:34:24	7.56	--	40	30240	买盘
14:34:21	7.56	--	20	15120	买盘
14:34:18	7.56	--	10	7560	买盘
14:34:12	7.56	--	20	15120	买盘
14:34:06	7.56	--	116	87696	卖盘
14:33:54	7.56	-0.01	40	30240	卖盘
14:33:51	7.57	--	10	7570	买盘
14:33:42	7.57	0.01	7	5299	买盘
14:33:33	7.56	-0.01	90	68040	卖盘
14:33:27	7.57	0.01	13	9841	买盘
14:33:24	7.56	-0.01	18	13608	卖盘
14:32:33	7.57	0.01	1	757	买盘
14:32:30	7.56	-0.01	10	7560	卖盘
14:32:12	7.57	--	16	12112	买盘
14:32:03	7.57	0.01	26	19682	买盘
14:31:57	7.56	--	35	26460	卖盘
14:31:54	7.56	--	57	43092	买盘
14:31:24	7.56	0.01	29	21924	买盘
14:31:09	7.55	-0.01	2	1510	卖盘
14:31:03	7.56	--	1	756	买盘
14:31:00	7.56	--	2	1512	买盘
14:30:57	7.56	--	12	9072	卖盘
14:30:48	7.56	--	20	15120	卖盘
14:30:39	7.56	--	36	27216	卖盘
14:30:24	7.56	--	18	13608	卖盘
14:29:33	7.56	-0.01	31	23436	中性盘
14:28:42	7.57	0.02	39	29523	买盘
14:28:33	7.55	-0.01	170	128350	卖盘
14:28:27	7.56	--	84	63504	卖盘
14:28:21	7.56	--	5	3780	卖盘
14:28:09	7.56	--	21	15876	买盘
14:28:06	7.56	--	10	7560	买盘
14:27:57	7.56	--	16	12096	卖盘
14:27:51	7.56	--	6	4536	买盘
14:27:45	7.56	--	61	46116	买盘
14:27:42	7.56	--	5	3780	买盘
14:27:36	7.56	--	13	9828	买盘
14:27:27	7.56	--	1	756	买盘
14:27:21	7.56	--	50	37800	买盘
14:27:15	7.56	0.01	59	44604	买盘
14:27:12	7.55	-0.01	30	22650	卖盘
14:27:09	7.56	--	40	30240	买盘
14:27:06	7.56	--	170	128520	买盘
14:27:03	7.56	--	5	3780	买盘
14:26:54	7.56	--	66	49896	买盘
14:26:45	7.56	0.01	20	15120	买盘
14:26:39	7.55	-0.01	7	5285	卖盘
14:26:30	7.56	--	10	7560	买盘
14:26:24	7.56	--	14	10584	买盘
14:26:21	7.56	0.01	27	20412	买盘
14:26:00	7.55	--	21	15855	卖盘
14:25:30	7.55	-0.01	16	12080	卖盘
14:25:27	7.56	0.01	50	37800	买盘
14:25:24	7.55	-0.01	15	11325	卖盘
14:25:03	7.56	--	67	50652	买盘
14:24:36	7.56	--	30	22680	买盘
14:24:30	7.56	--	2	1512	买盘
14:24:24	7.56	--	72	54432	买盘
14:24:03	7.56	0.01	20	15120	买盘
14:24:00	7.55	--	40	30200	卖盘
14:23:57	7.55	-0.01	30	22650	卖盘
14:23:51	7.56	--	25	18900	买盘
14:23:45	7.56	--	10	7560	卖盘
14:23:42	7.56	--	10	7560	中性盘
14:23:33	7.56	--	10	7560	卖盘
14:23:27	7.56	--	17	12852	卖盘
14:23:24	7.56	--	20	15120	卖盘
14:23:21	7.56	--	12	9072	卖盘
14:23:18	7.56	--	10	7560	卖盘
14:23:15	7.56	-0.01	50	37800	卖盘
14:23:12	7.57	0.01	13	9841	买盘
14:23:09	7.56	--	35	26460	卖盘
14:23:03	7.56	--	20	15120	卖盘
14:22:51	7.56	--	40	30240	卖盘
14:22:48	7.56	--	70	52920	卖盘
14:22:45	7.56	--	40	30240	卖盘
14:22:42	7.56	--	50	37800	卖盘
14:22:36	7.56	--	12	9072	卖盘
14:22:27	7.56	--	55	41580	卖盘
14:22:21	7.56	--	4	3024	卖盘
14:22:18	7.56	--	100	75600	卖盘
14:22:15	7.56	--	101	76356	卖盘
14:22:12	7.56	--	50	37800	卖盘
14:22:09	7.56	--	50	37800	卖盘
14:21:15	7.56	--	2	1512	卖盘
14:21:00	7.56	-0.01	53	40068	卖盘
14:20:48	7.57	--	15	11355	买盘
14:20:45	7.57	--	7	5299	卖盘
14:20:36	7.57	--	53	40121	卖盘
14:20:33	7.57	--	20	15140	卖盘
14:20:30	7.57	--	130	98410	卖盘
14:20:27	7.57	--	54	40878	卖盘
14:20:24	7.57	--	52	39364	卖盘
14:20:21	7.57	--	288	218016	买盘
14:20:03	7.57	--	4	3028	买盘
14:20:00	7.57	--	50	37850	买盘
14:19:27	7.57	--	5	3785	买盘
14:19:24	7.57	--	10	7570	买盘
14:19:15	7.57	--	20	15140	买盘
14:18:33	7.57	0.01	52	39364	买盘
14:18:09	7.56	--	50	37800	卖盘
14:18:06	7.56	--	20	15120	卖盘
14:17:57	7.56	--	10	7560	卖盘
14:17:54	7.56	--	3	2268	卖盘
14:17:51	7.56	--	67	50652	买盘
14:17:42	7.56	--	4	3024	买盘
14:17:36	7.56	--	10	7560	买盘
14:17:27	7.56	--	75	56700	卖盘
14:17:21	7.56	--	200	151200	卖盘
14:17:18	7.56	-0.01	6	4536	卖盘
14:17:03	7.57	0.01	117	88569	买盘
14:17:00	7.56	-0.01	26	19656	卖盘
14:16:57	7.57	0.01	200	151400	买盘
14:16:54	7.56	-0.01	50	37800	卖盘
14:16:39	7.57	--	3	2271	买盘
14:16:18	7.57	0.01	30	22710	买盘
14:16:15	7.56	-0.01	50	37800	卖盘
14:16:12	7.57	0.01	4	3028	买盘
14:16:00	7.56	--	130	98280	卖盘
14:15:39	7.56	--	3	2268	卖盘
14:15:33	7.56	-0.01	100	75600	卖盘
14:15:15	7.57	0.01	51	38607	买盘
14:14:57	7.56	--	1	756	卖盘
14:14:51	7.56	-0.01	10	7560	卖盘
14:14:45	7.57	0.01	1	757	买盘
14:14:39	7.56	--	52	39312	卖盘
14:14:36	7.56	--	135	102060	卖盘
14:14:33	7.56	--	53	40068	卖盘
14:14:30	7.56	--	54	40824	卖盘
14:13:48	7.56	-0.01	30	22680	卖盘
14:13:33	7.57	--	8	6056	买盘
14:13:15	7.57	-0.01	10	7570	卖盘
14:13:09	7.58	0.01	10	7580	买盘
14:12:57	7.57	-0.01	20	15140	卖盘
14:12:54	7.58	0.01	20	15160	买盘
14:12:42	7.57	--	47	35579	卖盘
14:12:39	7.57	--	15	11355	卖盘
14:12:33	7.57	--	10	7570	卖盘
14:12:27	7.57	--	70	52990	卖盘
14:12:18	7.57	--	5	3785	卖盘
14:11:51	7.57	--	170	128690	买盘
14:11:45	7.57	0.01	78	59046	买盘
14:11:36	7.56	-0.01	100	75600	卖盘
14:11:30	7.57	--	15	11355	买盘
14:10:57	7.57	--	30	22710	买盘
14:10:45	7.57	0.01	25	18925	买盘
14:10:42	7.56	--	38	28728	卖盘
14:10:36	7.56	--	20	15120	卖盘
14:10:18	7.56	--	50	37800	卖盘
14:10:09	7.56	--	55	41580	卖盘
14:10:03	7.56	-0.01	100	75600	卖盘
14:09:57	7.57	0.01	10	7570	买盘
14:09:48	7.56	--	10	7560	卖盘
14:09:45	7.56	--	1	756	卖盘
14:09:36	7.56	--	50	37800	卖盘
14:09:27	7.56	--	20	15120	卖盘
14:08:18	7.56	-0.01	3	2268	卖盘
14:08:06	7.57	--	11	8327	买盘
14:08:00	7.57	--	7	5299	买盘
14:07:57	7.57	--	5	3785	买盘
14:07:39	7.57	0.01	27	20439	买盘
14:07:30	7.56	--	10	7560	卖盘
14:06:48	7.56	--	10	7560	卖盘
14:06:42	7.56	--	30	22680	卖盘
14:06:39	7.56	-0.01	10	7560	卖盘
14:06:06	7.57	0.01	1	757	买盘
14:05:54	7.56	--	11	8316	卖盘
14:05:45	7.56	--	30	22680	卖盘
14:05:42	7.56	--	4	3024	卖盘
14:05:33	7.56	--	49	37044	卖盘
14:05:30	7.56	--	11	8316	卖盘
14:05:27	7.56	--	15	11340	卖盘
14:05:21	7.56	--	30	22680	卖盘
14:05:18	7.56	--	100	75600	卖盘
14:04:57	7.56	--	38	28728	卖盘
14:04:33	7.56	--	29	21924	买盘
14:04:27	7.56	--	16	12096	卖盘
14:04:18	7.56	--	13	9828	卖盘
14:04:09	7.56	0.01	188	142128	买盘
14:04:06	7.55	-0.01	40	30200	卖盘
14:03:48	7.56	--	52	39312	卖盘
14:03:45	7.56	0.01	30	22680	中性盘
14:02:51	7.55	-0.01	62	46810	卖盘
14:02:48	7.56	--	95	71820	卖盘
14:02:42	7.56	-0.01	134	101304	卖盘
14:02:33	7.57	0.01	41	31037	买盘
14:02:27	7.56	--	4	3024	卖盘
14:02:15	7.56	-0.01	26	19656	卖盘
14:02:09	7.57	--	30	22710	买盘
14:02:06	7.57	0.01	25	18925	买盘
14:01:57	7.56	-0.01	16	12096	卖盘
14:01:45	7.57	0.01	7	5299	买盘
14:01:36	7.56	-0.01	15	11340	卖盘
14:01:06	7.57	0.01	192	145344	买盘
14:00:42	7.56	--	52	39312	卖盘
14:00:39	7.56	--	150	113400	卖盘
14:00:33	7.56	-0.01	2	1512	卖盘
14:00:27	7.57	--	10	7570	买盘
14:00:24	7.57	--	41	31037	买盘
14:00:21	7.57	0.01	140	105980	买盘
14:00:18	7.56	--	1	756	卖盘
14:00:15	7.56	--	20	15120	卖盘
14:00:09	7.56	--	105	79380	卖盘
14:00:06	7.56	--	67	50652	卖盘
14:00:03	7.56	--	495	374220	买盘
14:00:00	7.56	--	90	68040	买盘
13:59:57	7.56	--	70	52920	买盘
13:59:54	7.56	--	20	15120	买盘
13:59:45	7.56	--	10	7560	买盘
13:59:39	7.56	--	13	9828	买盘
13:59:33	7.56	0.01	20	15120	买盘
13:59:27	7.55	--	56	42280	卖盘
13:59:24	7.55	--	100	75500	卖盘
13:59:21	7.55	--	7	5285	卖盘
13:59:18	7.55	-0.01	16	12080	卖盘
13:59:15	7.56	0.01	3	2268	买盘
13:59:12	7.55	--	105	79275	卖盘
13:59:06	7.55	-0.01	36	27180	卖盘
13:59:03	7.56	0.01	33	24948	买盘
13:58:51	7.55	--	40	30200	卖盘
13:58:36	7.55	-0.01	718	542090	卖盘
13:58:27	7.56	--	4	3024	卖盘
13:58:18	7.56	--	22	16632	卖盘
13:58:09	7.56	--	8	6048	卖盘
13:58:03	7.56	--	1	756	卖盘
13:57:51	7.56	--	10	7560	卖盘
13:57:36	7.56	--	13	9828	买盘
13:57:33	7.56	-0.01	17	12852	中性盘
13:57:03	7.57	--	1	757	买盘
13:56:33	7.57	0.02	10	7570	买盘
13:56:27	7.55	-0.02	22	16610	卖盘
13:56:21	7.57	--	7	5299	买盘
13:56:15	7.57	0.02	2	1514	买盘
13:55:45	7.55	-0.01	27	20385	卖盘
13:55:30	7.56	0.01	2	1512	买盘
13:55:21	7.55	-0.01	30	22650	卖盘
13:55:15	7.56	--	2	1512	卖盘
13:55:06	7.56	0.01	48	36288	买盘
13:54:45	7.55	-0.01	454	342770	卖盘
13:54:39	7.56	--	63	47628	买盘
13:54:30	7.56	--	15	11340	买盘
13:54:00	7.56	0.01	10	7560	买盘
13:53:51	7.55	--	41	30955	卖盘
13:53:48	7.55	-0.01	4	3020	卖盘
13:53:45	7.56	--	10	7560	买盘
13:53:18	7.56	--	1	756	卖盘
13:53:06	7.56	-0.01	246	185976	卖盘
13:52:51	7.57	--	8	6056	买盘
13:52:48	7.57	0.01	5	3785	买盘
13:52:33	7.56	-0.01	4	3024	卖盘
13:52:21	7.57	--	14	10598	买盘
13:52:18	7.57	--	41	31037	买盘
13:52:03	7.57	--	15	11355	卖盘
13:51:57	7.57	--	13	9841	买盘
13:51:48	7.57	--	35	26495	卖盘
13:51:42	7.57	--	25	18925	买盘
13:51:39	7.57	--	72	54504	卖盘
13:51:27	7.57	--	16	12112	卖盘
13:51:12	7.57	0.01	47	35579	买盘
13:51:09	7.56	--	26	19656	卖盘
13:51:00	7.56	-0.01	117	88452	卖盘
13:50:48	7.57	--	12	9084	买盘
13:50:42	7.57	--	30	22710	买盘
13:50:30	7.57	--	20	15140	买盘
13:50:27	7.57	--	30	22710	买盘
13:50:24	7.57	0.01	30	22710	买盘
13:50:12	7.56	-0.01	11	8316	卖盘
13:49:57	7.57	--	10	7570	买盘
13:49:42	7.57	0.01	62	46934	买盘
13:49:33	7.56	--	6	4536	卖盘
13:49:21	7.56	0.01	19	14364	中性盘
13:49:03	7.55	-0.01	100	75500	卖盘
13:48:57	7.56	--	13	9828	买盘
13:48:48	7.56	--	2	1512	买盘
13:48:39	7.56	0.01	2	1512	买盘
13:48:33	7.55	-0.01	73	55115	卖盘
13:48:24	7.56	0.01	5	3780	买盘
13:48:21	7.55	-0.01	23	17365	卖盘
13:48:15	7.56	--	2	1512	买盘
13:48:09	7.56	--	7	5292	买盘
13:48:03	7.56	0.01	33	24948	买盘
13:47:51	7.55	--	42	31710	卖盘
13:47:27	7.55	-0.01	62	46810	卖盘
13:47:24	7.56	--	10	7560	买盘
13:46:54	7.56	--	7	5292	卖盘
13:46:51	7.56	--	15	11340	卖盘
13:46:33	7.56	-0.01	20	15120	卖盘
13:46:30	7.57	0.01	50	37850	买盘
13:46:27	7.56	-0.01	50	37800	卖盘
13:46:24	7.57	0.01	2	1514	买盘
13:46:00	7.56	--	3	2268	卖盘
13:45:39	7.56	--	1	756	卖盘
13:45:36	7.56	--	101	76356	买盘
13:45:30	7.56	--	20	15120	买盘
13:45:18	7.56	--	114	86184	卖盘
13:45:12	7.56	--	25	18900	卖盘
13:45:09	7.56	--	30	22680	卖盘
13:44:57	7.56	--	70	52920	卖盘
13:44:42	7.56	--	30	22680	卖盘
13:44:33	7.56	0.01	299	226044	买盘
13:44:30	7.55	--	10	7550	卖盘
13:44:24	7.55	--	10	7550	卖盘
13:44:21	7.55	-0.01	29	21895	卖盘
13:44:18	7.56	--	130	98280	买盘
13:44:15	7.56	0.01	49	37044	买盘
13:44:12	7.55	-0.01	15	11325	卖盘
13:44:09	7.56	0.01	10	7560	买盘
13:44:06	7.55	-0.01	32	24160	卖盘
13:44:00	7.56	0.01	3	2268	买盘
13:43:48	7.55	--	5	3775	卖盘
13:43:39	7.55	--	1	755	卖盘
13:43:30	7.55	--	5	3775	卖盘
13:43:24	7.55	-0.01	53	40015	卖盘
13:43:09	7.56	0.01	2	1512	买盘
13:43:06	7.55	--	10	7550	卖盘
13:43:03	7.55	--	31	23405	卖盘
13:43:00	7.55	--	61	46055	卖盘
13:42:57	7.55	--	200	151000	卖盘
13:42:54	7.55	--	3	2265	卖盘
13:42:51	7.55	--	20	15100	卖盘
13:42:45	7.55	--	5	3775	卖盘
13:42:39	7.55	--	10	7550	卖盘
13:42:33	7.55	--	52	39260	卖盘
13:42:27	7.55	--	53	40015	卖盘
13:42:24	7.55	-0.01	52	39260	卖盘
13:42:21	7.56	--	109	82404	卖盘
13:42:18	7.56	--	10	7560	卖盘
13:42:15	7.56	--	20	15120	卖盘
13:42:12	7.56	--	47	35532	卖盘
13:42:06	7.56	--	136	102816	卖盘
13:41:42	7.56	--	14	10584	卖盘
13:41:27	7.56	--	120	90720	卖盘
13:41:24	7.56	--	136	102816	卖盘
13:41:18	7.56	-0.01	80	60480	卖盘
13:41:00	7.57	--	50	37850	买盘
13:40:54	7.57	0.01	3	2271	买盘
13:40:39	7.56	--	150	113400	卖盘
13:40:18	7.56	--	50	37800	卖盘
13:40:09	7.56	--	40	30240	卖盘
13:39:57	7.56	--	31	23436	卖盘
13:39:45	7.56	-0.01	2	1512	卖盘
13:39:33	7.57	--	10	7570	买盘
13:39:06	7.57	--	7	5299	买盘
13:39:00	7.57	-0.01	229	173353	卖盘
13:38:48	7.58	0.01	2	1516	买盘
13:38:42	7.57	-0.01	30	22710	卖盘
13:38:39	7.58	0.01	300	227400	买盘
13:38:36	7.57	--	28	21196	卖盘
13:38:27	7.57	--	150	113550	卖盘
13:38:24	7.57	--	9	6813	卖盘
13:38:21	7.57	--	10	7570	卖盘
13:38:18	7.57	--	20	15140	卖盘
13:38:12	7.57	--	27	20439	卖盘
13:37:57	7.57	--	23	17411	卖盘
13:37:54	7.57	--	58	43906	买盘
13:37:45	7.57	0.01	10	7570	买盘
13:37:42	7.56	-0.01	3	2268	卖盘
13:37:39	7.57	--	2	1514	买盘
13:37:33	7.57	--	5	3785	买盘
13:37:30	7.57	0.01	4	3028	买盘
13:37:24	7.56	--	10	7560	卖盘
13:37:18	7.56	-0.01	3	2268	卖盘
13:37:09	7.57	--	14	10598	买盘
13:36:57	7.57	--	1	757	买盘
13:36:51	7.57	0.01	30	22710	买盘
13:36:48	7.56	-0.01	10	7560	卖盘
13:36:39	7.57	0.01	46	34822	中性盘
13:36:27	7.56	-0.01	200	151200	卖盘
13:35:30	7.57	--	94	71158	买盘
13:35:24	7.57	--	146	110522	卖盘
13:35:03	7.57	--	34	25738	卖盘
13:34:57	7.57	--	132	99924	卖盘
13:34:54	7.57	--	43	32551	卖盘
13:34:51	7.57	--	7	5299	卖盘
13:34:42	7.57	-0.01	1	757	卖盘
13:34:27	7.58	0.01	55	41690	买盘
13:34:21	7.57	--	17	12869	卖盘
13:34:18	7.57	--	93	70401	卖盘
13:34:15	7.57	--	140	105980	卖盘
13:34:00	7.57	--	5	3785	卖盘
13:33:48	7.57	--	1	757	卖盘
13:33:45	7.57	--	1	757	卖盘
13:33:36	7.57	-0.01	1	757	卖盘
13:33:15	7.58	--	30	22740	卖盘
13:33:12	7.58	--	200	151600	卖盘
13:33:03	7.58	--	78	59124	卖盘
13:32:51	7.58	-0.01	3	2274	卖盘
13:32:06	7.59	--	10	7590	买盘
13:31:57	7.59	--	2	1518	买盘
13:31:00	7.59	--	61	46299	卖盘
13:30:54	7.59	--	1	759	卖盘
13:30:33	7.59	--	389	295251	卖盘
13:30:18	7.59	--	10	7590	卖盘
13:30:00	7.59	--	56	42504	卖盘
13:29:45	7.59	--	8	6072	卖盘
13:29:24	7.59	--	20	15180	卖盘
13:29:21	7.59	--	24	18216	卖盘
13:29:09	7.59	--	73	55407	卖盘
13:29:03	7.59	--	11	8349	卖盘
13:28:51	7.59	--	210	159390	买盘
13:28:15	7.59	0.01	100	75900	买盘
13:27:57	7.58	--	30	22740	卖盘
13:27:51	7.58	--	20	15160	卖盘
13:27:36	7.58	--	4	3032	卖盘
13:27:33	7.58	--	4	3032	卖盘
13:27:18	7.58	--	10	7580	卖盘
13:27:00	7.58	-0.02	1	758	卖盘
13:26:51	7.6	0.01	240	182400	买盘
13:26:36	7.59	--	360	273240	买盘
13:26:27	7.59	--	5	3795	买盘
13:26:18	7.59	0.01	49	37191	买盘
13:26:03	7.58	-0.01	10	7580	卖盘
13:25:54	7.59	--	20	15180	买盘
13:25:45	7.59	--	30	22770	买盘
13:25:36	7.59	--	100	75900	买盘
13:25:21	7.59	--	10	7590	买盘
13:25:09	7.59	--	30	22770	买盘
13:25:06	7.59	-0.01	25	18975	买盘
13:24:57	7.6	0.01	26	19760	买盘
13:24:36	7.59	--	83	62997	卖盘
13:24:33	7.59	--	25	18975	卖盘
13:24:21	7.59	-0.01	162	122958	卖盘
13:24:18	7.6	0.01	111	84360	买盘
13:24:06	7.59	--	20	15180	卖盘
13:23:45	7.59	--	4	3036	卖盘
13:23:42	7.59	--	63	47817	卖盘
13:23:30	7.59	--	107	81213	卖盘
13:23:18	7.59	--	11	8349	卖盘
13:23:12	7.59	--	10	7590	卖盘
13:23:03	7.59	--	5	3795	卖盘
13:23:00	7.59	-0.01	100	75900	卖盘
13:22:57	7.6	--	8	6080	买盘
13:22:39	7.6	--	1	760	买盘
13:22:18	7.6	--	5	3800	买盘
13:22:03	7.6	0.01	41	31160	买盘
13:21:57	7.59	-0.01	24	18216	卖盘
13:21:45	7.6	0.01	36	27360	买盘
13:21:39	7.59	--	6	4554	卖盘
13:21:36	7.59	--	3	2277	卖盘
13:21:33	7.59	--	4	3036	卖盘
13:21:27	7.59	--	10	7590	卖盘
13:21:18	7.59	--	23	17457	卖盘
13:21:09	7.59	--	17	12903	卖盘
13:21:06	7.59	--	99	75141	卖盘
13:20:57	7.59	--	1	759	卖盘
13:20:54	7.59	--	5	3795	卖盘
13:20:27	7.59	-0.01	7	5313	卖盘
13:20:18	7.6	0.01	1	760	买盘
13:20:12	7.59	--	462	350658	卖盘
13:19:48	7.59	--	105	79695	卖盘
13:19:45	7.59	--	226	171534	卖盘
13:19:21	7.59	--	20	15180	卖盘
13:19:09	7.59	-0.01	100	75900	卖盘
13:18:48	7.6	--	106	80560	买盘
13:18:39	7.6	0.01	240	182400	买盘
13:18:24	7.59	-0.01	100	75900	卖盘
13:18:18	7.6	0.01	2	1520	买盘
13:18:12	7.59	-0.01	4	3036	卖盘
13:17:18	7.6	--	20	15200	买盘
13:17:15	7.6	0.01	20	15200	买盘
13:17:03	7.59	-0.01	4	3036	卖盘
13:16:45	7.6	--	7	5320	买盘
13:16:27	7.6	0.01	3	2280	买盘
13:16:12	7.59	-0.01	1	759	卖盘
13:16:06	7.6	--	1	760	买盘
13:15:57	7.6	--	80	61134	卖盘
13:15:42	7.6	--	20	15200	卖盘
13:15:36	7.6	-0.01	96	72960	卖盘
13:15:15	7.61	0.01	20	15220	买盘
13:15:12	7.6	--	12	9120	卖盘
13:15:06	7.6	--	10	7600	卖盘
13:15:03	7.6	--	20	15200	卖盘
13:15:00	7.6	--	2	1520	卖盘
13:14:51	7.6	--	79	60040	卖盘
13:14:24	7.6	--	10	7600	卖盘
13:13:48	7.6	--	10	7600	卖盘
13:13:33	7.6	--	5	3800	卖盘
13:13:30	7.6	--	5	3800	卖盘
13:12:57	7.6	--	18	14105	买盘
13:12:51	7.6	--	19	14440	买盘
13:12:48	7.6	--	65	49400	买盘
13:12:42	7.6	--	23	17480	买盘
13:12:24	7.6	--	5	3800	买盘
13:12:06	7.6	--	1	760	买盘
13:11:57	7.6	--	8	6080	买盘
13:11:42	7.6	--	20	15200	买盘
13:11:24	7.6	0.01	100	76000	买盘
13:10:42	7.59	-0.01	18	13662	卖盘
13:10:15	7.6	0.01	27	20520	买盘
13:10:03	7.59	-0.01	100	75900	卖盘
13:09:57	7.6	--	5	3800	买盘
13:09:54	7.6	0.01	20	15200	买盘
13:09:48	7.59	--	62	47058	卖盘
13:09:27	7.59	-0.01	1	759	卖盘
13:09:15	7.6	--	10	7600	买盘
13:09:09	7.6	--	9	6840	买盘
13:09:00	7.6	--	16	12160	买盘
13:08:54	7.6	-0.01	142	108254	卖盘
13:08:48	7.61	--	5	3805	买盘
13:08:45	7.61	--	4	3044	买盘
13:08:36	7.61	--	3	2283	买盘
13:08:24	7.61	0.01	40	30440	买盘
13:07:57	7.6	--	6	4560	卖盘
13:07:51	7.6	0.01	15	11825	买盘
13:07:18	7.59	-0.01	10	7590	卖盘
13:07:15	7.6	--	93	70680	买盘
13:07:03	7.6	--	10	7600	买盘
13:06:57	7.6	--	6	4560	买盘
13:06:54	7.6	-0.01	118	90014	卖盘
13:06:48	7.61	0.01	31	23591	买盘
13:06:42	7.6	--	8	6080	卖盘
13:06:12	7.6	-0.01	15	11400	卖盘
13:06:06	7.61	0.01	1	761	买盘
13:06:00	7.6	--	10	7600	卖盘
13:05:57	7.6	--	6	4560	卖盘
13:05:54	7.6	--	20	15200	卖盘
13:05:51	7.6	--	28	21280	卖盘
13:05:42	7.6	--	50	38000	卖盘
13:05:30	7.6	--	8	6080	卖盘
13:05:21	7.6	--	8	6080	卖盘
13:04:57	7.6	-0.01	180	136800	卖盘
13:04:39	7.61	--	1	761	买盘
13:03:48	7.61	0.01	20	15220	买盘
13:03:30	7.6	--	33	25080	卖盘
13:03:24	7.6	--	10	7600	卖盘
13:03:03	7.6	--	1	760	卖盘
13:02:39	7.6	--	50	38000	卖盘
13:02:33	7.6	--	5	3800	卖盘
13:02:30	7.6	-0.01	40	30400	卖盘
13:01:42	7.61	--	7	5327	买盘
13:01:30	7.61	--	50	38050	买盘
13:01:27	7.61	--	1	761	买盘
13:01:15	7.61	--	42	31962	买盘
13:01:06	7.61	0.01	10	7610	买盘
13:01:03	7.6	--	50	38000	卖盘
13:00:42	7.6	--	3	2280	卖盘
13:00:06	7.6	--	82	62320	卖盘
13:00:03	7.6	--	152	115945	买盘
13:00:00	7.6	--	0	0	买盘
11:30:00	7.6	--	0	0	买盘
11:29:57	7.6	--	10	7600	买盘
11:29:45	7.6	--	5	3800	买盘
11:29:24	7.6	--	6	4560	买盘
11:29:18	7.6	--	9	6840	买盘
11:29:09	7.6	--	2	1520	买盘
11:29:00	7.6	--	20	15200	买盘
11:28:30	7.6	--	11	8694	卖盘
11:28:24	7.6	--	248	188905	买盘
11:28:18	7.6	--	20	15200	买盘
11:28:12	7.6	--	32	24654	卖盘
11:28:09	7.6	--	51	38760	卖盘
11:28:00	7.6	--	416	316585	买盘
11:27:51	7.6	0.01	20	15200	买盘
11:27:42	7.59	-0.01	26	19734	卖盘
11:27:39	7.6	--	14	10640	买盘
11:27:24	7.6	--	66	50494	卖盘
11:27:21	7.6	--	78	59310	卖盘
11:26:45	7.6	--	4	3040	卖盘
11:26:42	7.6	--	70	53595	买盘
11:26:39	7.6	--	156	118560	买盘
11:26:27	7.6	--	30	22800	买盘
11:26:24	7.6	--	30	22800	买盘
11:26:18	7.6	--	57	43320	买盘
11:26:12	7.6	0.01	69	52440	买盘
11:25:54	7.59	--	100	75900	卖盘
11:25:42	7.59	--	29	22011	卖盘
11:25:21	7.59	-0.01	139	105501	卖盘
11:25:15	7.6	0.01	310	235600	买盘
11:24:51	7.59	-0.01	5	3795	卖盘
11:24:36	7.6	0.01	14	10640	买盘
11:24:30	7.59	-0.01	5	3795	卖盘
11:23:24	7.6	0.01	5	3800	买盘
11:23:18	7.59	-0.01	115	87285	卖盘
11:22:57	7.6	0.01	40	30400	买盘
11:22:36	7.59	--	48	36432	买盘
11:22:24	7.59	--	20	15180	买盘
11:22:12	7.59	--	172	130548	卖盘
11:22:09	7.59	--	100	75900	卖盘
11:21:57	7.59	--	1	759	卖盘
11:21:48	7.59	--	250	189750	卖盘
11:21:36	7.59	--	15	11385	卖盘
11:21:33	7.59	--	10	7590	卖盘
11:21:18	7.59	--	510	387090	卖盘
11:20:54	7.59	--	4	3036	卖盘
11:19:54	7.59	--	100	75900	卖盘
11:19:33	7.59	--	5	3795	卖盘
11:19:09	7.59	--	3	2277	卖盘
11:19:06	7.59	--	5	3795	卖盘
11:19:03	7.59	--	6	4554	卖盘
11:18:24	7.59	0.01	150	113850	买盘
11:18:09	7.58	--	10	7580	卖盘
11:18:06	7.58	-0.01	50	37900	卖盘
11:17:54	7.59	--	1	759	买盘
11:17:42	7.59	0.01	22	16698	买盘
11:17:12	7.58	--	70	53060	卖盘
11:17:09	7.58	--	70	53060	卖盘
11:17:06	7.58	-0.01	64	48512	卖盘
11:16:54	7.59	--	24	18216	卖盘
11:16:45	7.59	--	10	7590	卖盘
11:16:30	7.59	--	7	5313	卖盘
11:16:21	7.59	--	4	3036	卖盘
11:16:00	7.59	0.01	49	37191	中性盘
11:15:36	7.58	--	10	7580	卖盘
11:15:24	7.58	-0.01	107	81106	卖盘
11:15:15	7.59	0.01	311	236049	买盘
11:15:09	7.58	-0.01	6	4548	卖盘
11:14:48	7.59	0.01	5	3795	买盘
11:14:45	7.58	--	41	31078	卖盘
11:14:39	7.58	--	102	77316	卖盘
11:14:27	7.58	-0.01	48	36384	卖盘
11:14:21	7.59	0.01	56	42504	买盘
11:14:18	7.58	--	23	17434	卖盘
11:14:15	7.58	--	139	105362	卖盘
11:14:06	7.58	--	20	15160	卖盘
11:14:03	7.58	--	30	22740	卖盘
11:13:45	7.58	--	60	45480	卖盘
11:13:33	7.58	-0.01	41	31078	卖盘
11:13:27	7.59	0.01	20	15180	买盘
11:13:06	7.58	--	32	24271	卖盘
11:13:00	7.58	--	21	15918	卖盘
11:12:54	7.58	--	41	31078	卖盘
11:12:48	7.58	--	28	21224	卖盘
11:12:36	7.58	--	41	31078	卖盘
11:12:27	7.58	--	10	7580	卖盘
11:12:18	7.58	--	20	15160	卖盘
11:11:27	7.58	--	24	18192	卖盘
11:11:00	7.58	-0.01	70	53060	卖盘
11:10:54	7.59	0.01	3	2277	买盘
11:10:51	7.58	--	10	7580	卖盘
11:10:48	7.58	--	2	1970	买盘
11:10:42	7.58	--	2	1819	卖盘
11:10:27	7.58	--	50	37900	卖盘
11:10:24	7.58	--	459	347922	卖盘
11:10:18	7.58	-0.01	38	28804	卖盘
11:10:06	7.59	0.01	3	2277	买盘
11:10:00	7.58	-0.01	40	30320	卖盘
11:09:12	7.59	0.01	1	759	买盘
11:09:09	7.58	-0.01	30	22740	卖盘
11:09:06	7.59	--	21	15939	买盘
11:08:45	7.59	--	4	3036	买盘
11:08:30	7.59	--	23	17457	买盘
11:08:12	7.59	--	4	3036	买盘
11:08:09	7.59	--	161	122199	卖盘
11:07:54	7.59	--	21	15939	卖盘
11:07:51	7.59	--	41	31119	卖盘
11:07:21	7.59	--	205	155595	买盘
11:07:09	7.59	--	5	3795	买盘
11:07:06	7.59	0.01	8	6072	买盘
11:07:03	7.58	-0.01	10	7580	卖盘
11:06:57	7.59	--	10	7590	买盘
11:06:48	7.59	--	20	15180	买盘
11:06:24	7.59	--	210	159390	卖盘
11:06:21	7.59	--	51	38709	卖盘
11:06:18	7.59	--	48	36432	卖盘
11:06:09	7.59	--	31	23529	卖盘
11:05:54	7.59	--	90	68310	卖盘
11:05:48	7.59	--	11	8349	卖盘
11:05:39	7.59	--	41	31119	卖盘
11:05:36	7.59	--	5	3795	卖盘
11:05:33	7.59	--	8	6072	卖盘
11:05:24	7.59	-0.01	41	31119	中性盘
11:05:06	7.6	0.01	12	9120	买盘
11:04:51	7.59	--	25	18975	卖盘
11:04:48	7.59	--	30	22770	卖盘
11:04:42	7.59	--	1	759	卖盘
11:04:39	7.59	--	26	19734	卖盘
11:04:36	7.59	-0.01	41	31119	卖盘
11:04:33	7.6	0.01	10	7600	买盘
11:04:24	7.59	--	2	1518	卖盘
11:04:21	7.59	--	41	31119	卖盘
11:03:57	7.59	--	1	759	卖盘
11:03:54	7.59	--	50	37950	卖盘
11:03:45	7.59	-0.01	10	7590	卖盘
11:03:36	7.6	--	10	7600	买盘
11:03:30	7.6	0.01	28	21280	买盘
11:03:03	7.59	0.01	29	22011	买盘
11:02:57	7.58	--	2	1516	卖盘
11:02:39	7.58	-0.01	13	9854	卖盘
11:02:30	7.59	0.01	20	15180	买盘
11:02:21	7.58	-0.01	41	31078	卖盘
11:02:06	7.59	--	177	134343	买盘
11:01:57	7.59	--	64	48576	买盘
11:01:51	7.59	0.01	20	15180	买盘
11:01:39	7.58	-0.01	10	7580	卖盘
11:01:36	7.59	0.01	341	258819	买盘
11:00:51	7.58	-0.01	7	5306	卖盘
11:00:45	7.59	0.01	114	86526	买盘
11:00:15	7.58	-0.01	20	15160	卖盘
11:00:09	7.59	0.01	100	75900	买盘
11:00:03	7.58	-0.01	20	15160	卖盘
11:00:00	7.59	--	249	189446	买盘
10:59:45	7.59	--	106	80454	买盘
10:59:33	7.59	0.01	4	3036	买盘
10:59:27	7.58	--	26	19708	卖盘
10:59:24	7.58	--	3	2274	卖盘
10:59:00	7.58	--	3	2274	卖盘
10:58:57	7.58	--	2	1516	卖盘
10:57:57	7.58	-0.01	20	15160	卖盘
10:56:42	7.59	--	2	1518	买盘
10:56:36	7.59	--	1	1062	卖盘
10:56:33	7.59	--	16	12144	卖盘
10:56:27	7.59	--	3	2277	卖盘
10:56:18	7.59	--	91	69069	卖盘
10:56:12	7.59	--	30	22770	卖盘
10:56:09	7.59	--	48	36432	卖盘
10:56:00	7.59	--	10	7590	卖盘
10:55:51	7.59	--	65	49335	卖盘
10:55:45	7.59	--	5	3795	卖盘
10:55:21	7.59	--	51	38709	卖盘
10:55:15	7.59	--	35	26565	卖盘
10:55:03	7.59	--	44	33396	卖盘
10:54:51	7.59	0.01	113	86222	买盘
10:54:42	7.58	--	13	9854	卖盘
10:54:30	7.58	--	20	15160	卖盘
10:54:03	7.58	-0.01	35	26530	卖盘
10:53:45	7.59	--	10	7590	买盘
10:53:18	7.59	0.01	62	47058	买盘
10:53:09	7.58	-0.01	100	75800	卖盘
10:52:45	7.59	--	55	41745	买盘
10:52:27	7.59	0.01	1	759	买盘
10:52:24	7.58	--	30	22740	卖盘
10:51:51	7.58	--	68	51544	买盘
10:51:48	7.58	0.01	28	21224	买盘
10:51:03	7.57	-0.01	10	7570	卖盘
10:50:51	7.58	--	20	15160	买盘
10:50:48	7.58	--	7	5306	买盘
10:50:45	7.58	-0.01	127	96266	卖盘
10:50:39	7.59	--	1	759	买盘
10:50:00	7.59	0.01	13	9867	买盘
10:49:57	7.58	-0.01	20	15160	卖盘
10:49:51	7.59	--	11	8349	买盘
10:49:33	7.59	--	2	1518	买盘
10:49:30	7.59	0.01	106	80454	买盘
10:49:06	7.58	-0.01	151	114458	卖盘
10:48:42	7.59	0.01	29	22011	买盘
10:48:33	7.58	-0.01	1	758	卖盘
10:48:21	7.59	0.01	4	3036	买盘
10:47:30	7.58	-0.01	80	60640	卖盘
10:47:27	7.59	--	20	15180	买盘
10:47:21	7.59	--	80	60720	买盘
10:46:27	7.59	0.01	3	2277	买盘
10:46:24	7.58	--	22	16676	买盘
10:46:21	7.58	--	5	3790	买盘
10:46:09	7.58	--	50	37900	卖盘
10:45:45	7.58	--	20	15160	卖盘
10:45:42	7.58	--	5	3790	卖盘
10:45:39	7.58	--	41	31078	卖盘
10:45:21	7.58	-0.01	20	15160	卖盘
10:45:15	7.59	0.01	57	43263	买盘
10:45:06	7.58	--	10	7580	卖盘
10:44:57	7.58	0.01	10	7580	买盘
10:44:27	7.57	--	30	22710	卖盘
10:43:54	7.57	--	3	2271	卖盘
10:43:48	7.57	--	38	28766	卖盘
10:43:39	7.57	-0.02	48	36336	卖盘
10:43:27	7.59	0.01	20	15180	买盘
10:43:18	7.58	--	39	29978	卖盘
10:43:12	7.58	--	32	24256	卖盘
10:43:09	7.58	--	10	7580	卖盘
10:42:51	7.58	--	5	3790	卖盘
10:42:45	7.58	0.01	5	4131	买盘
10:42:36	7.57	-0.01	40	30280	卖盘
10:42:27	7.58	--	50	37900	买盘
10:42:18	7.58	--	33	25430	卖盘
10:42:06	7.58	--	10	7580	卖盘
10:41:48	7.58	--	20	15160	卖盘
10:41:45	7.58	--	57	43547	买盘
10:41:42	7.58	--	30	22740	买盘
10:41:15	7.58	0.01	150	113700	买盘
10:41:00	7.57	--	76	57532	买盘
10:40:51	7.57	--	5	3785	买盘
10:40:45	7.57	--	20	15140	买盘
10:40:36	7.57	--	1	757	买盘
10:40:27	7.57	0.01	77	58289	买盘
10:40:24	7.56	--	10	7560	买盘
10:40:21	7.56	0.01	416	314496	买盘
10:40:18	7.55	-0.01	205	154775	卖盘
10:40:15	7.56	0.01	10	7560	买盘
10:40:12	7.55	-0.01	113	85315	卖盘
10:40:06	7.56	0.01	20	15120	中性盘
10:39:42	7.55	-0.02	2700	2038500	卖盘
10:39:36	7.57	--	51	38607	卖盘
10:39:27	7.57	--	141	106737	卖盘
10:39:24	7.57	--	40	30280	卖盘
10:39:09	7.57	-0.01	10	7570	卖盘
10:39:00	7.58	0.01	65	49270	买盘
10:38:57	7.57	-0.01	92	69644	卖盘
10:38:45	7.58	--	10	7580	买盘
10:38:36	7.58	--	5	3790	买盘
10:38:21	7.58	--	66	50444	卖盘
10:38:18	7.58	--	420	318360	卖盘
10:38:15	7.58	-0.01	20	15160	卖盘
10:38:06	7.59	0.01	40	30360	买盘
10:37:57	7.58	-0.01	100	75800	卖盘
10:37:39	7.59	--	6	4554	买盘
10:37:30	7.59	--	222	169143	卖盘
10:37:27	7.59	--	5	3795	卖盘
10:37:15	7.59	--	86	65274	卖盘
10:37:12	7.59	--	131	99429	卖盘
10:37:06	7.59	--	100	75900	卖盘
10:37:00	7.59	--	10	7590	卖盘
10:36:54	7.59	--	20	15180	卖盘
10:36:42	7.59	--	400	303600	卖盘
10:36:09	7.59	-0.01	59	44781	卖盘
10:36:06	7.6	--	100	76000	卖盘
10:36:00	7.6	--	300	228000	卖盘
10:35:57	7.6	--	1	760	卖盘
10:35:54	7.6	--	20	15200	卖盘
10:35:48	7.6	--	19	14440	卖盘
10:35:45	7.6	--	51	38760	卖盘
10:35:39	7.6	--	1	760	卖盘
10:35:30	7.6	--	20	15200	卖盘
10:35:21	7.6	--	4	3040	卖盘
10:35:06	7.6	--	20	15200	卖盘
10:35:03	7.6	--	30	22800	卖盘
10:34:54	7.6	--	20	15200	卖盘
10:34:36	7.6	--	283	215703	买盘
10:34:33	7.6	--	10	7600	买盘
10:34:15	7.6	--	9	6840	买盘
10:34:06	7.6	--	54	41176	卖盘
10:33:57	7.6	--	60	45600	卖盘
10:33:48	7.6	--	61	46983	买盘
10:33:27	7.6	--	100	76000	买盘
10:33:09	7.6	0.01	300	228000	买盘
10:33:06	7.59	--	20	15180	卖盘
10:33:00	7.59	-0.01	8	6072	卖盘
10:32:00	7.6	0.01	10	7600	买盘
10:31:36	7.59	--	22	16698	卖盘
10:31:27	7.59	-0.01	7	5313	卖盘
10:31:24	7.6	--	28	21280	买盘
10:31:18	7.6	0.01	14	10640	买盘
10:31:15	7.59	--	174	132066	卖盘
10:31:09	7.59	-0.01	0	250	卖盘
10:30:54	7.6	--	40	30400	买盘
10:30:48	7.6	--	1	760	买盘
10:30:09	7.6	--	13	9880	买盘
10:29:42	7.6	0.01	8	6080	买盘
10:28:48	7.59	--	7	5313	卖盘
10:28:36	7.59	-0.01	10	7590	卖盘
10:27:45	7.6	--	31	23560	买盘
10:27:12	7.6	0.01	24	18240	买盘
10:27:09	7.59	-0.01	6	4554	卖盘
10:27:00	7.6	--	1	760	买盘
10:26:42	7.6	--	6	4560	卖盘
10:26:39	7.6	0.01	37	28120	买盘
10:26:36	7.59	--	1	759	卖盘
10:26:33	7.59	--	20	15180	卖盘
10:26:30	7.59	-0.01	10	7590	卖盘
10:26:27	7.6	--	100	76000	买盘
10:26:09	7.6	--	97	73720	买盘
10:25:57	7.6	--	59	44840	卖盘
10:25:45	7.6	--	20	15200	卖盘
10:25:42	7.6	--	26	19760	买盘
10:25:33	7.6	-0.01	10	7600	买盘
10:25:27	7.61	0.01	263	200630	买盘
10:25:03	7.6	--	152	115793	买盘
10:24:57	7.6	--	8	6080	买盘
10:24:51	7.6	--	20	15200	买盘
10:24:39	7.6	--	50	38000	买盘
10:24:18	7.6	--	6	4560	买盘
10:24:12	7.6	--	10	7600	买盘
10:23:51	7.6	0.01	100	76000	买盘
10:23:48	7.59	--	51	38709	卖盘
10:23:45	7.59	-0.01	4	3036	卖盘
10:23:09	7.6	--	10	7600	买盘
10:23:06	7.6	--	32	24320	买盘
10:23:00	7.6	-0.01	24	18726	卖盘
10:22:54	7.61	0.01	17	12937	买盘
10:22:51	7.6	--	2	1520	卖盘
10:22:36	7.6	-0.01	23	17480	卖盘
10:22:24	7.61	0.01	81	61641	买盘
10:22:21	7.6	--	103	78280	卖盘
10:22:18	7.6	-0.01	10	7600	卖盘
10:22:15	7.61	--	137	104257	买盘
10:21:57	7.61	0.01	5	3805	买盘
10:21:36	7.6	--	1	760	卖盘
10:21:27	7.6	--	89	67913	买盘
10:21:18	7.6	--	10	7600	买盘
10:21:12	7.6	--	19	14440	买盘
10:21:09	7.6	--	6	4560	买盘
10:21:03	7.6	--	2	2006	卖盘
10:20:51	7.6	--	30	22800	卖盘
10:20:15	7.6	--	167	127193	买盘
10:20:12	7.6	0.01	8	6080	买盘
10:20:03	7.59	--	110	83490	卖盘
10:19:45	7.59	--	10	7590	卖盘
10:19:27	7.59	-0.01	2	1518	卖盘
10:19:15	7.6	0.01	20	15200	买盘
10:18:57	7.59	--	61	46299	卖盘
10:18:24	7.59	-0.01	40	30360	卖盘
10:18:18	7.6	0.01	500	380000	买盘
10:18:12	7.59	--	18	13662	卖盘
10:17:33	7.59	--	60	45540	卖盘
10:17:30	7.59	--	30	22770	卖盘
10:17:06	7.59	--	20	15180	卖盘
10:16:48	7.59	0.01	355	269445	买盘
10:16:33	7.58	-0.01	15	11370	卖盘
10:16:18	7.59	0.01	142	107778	买盘
10:16:09	7.58	--	8	6064	卖盘
10:16:00	7.58	--	13	9854	卖盘
10:15:39	7.58	-0.01	3	2274	卖盘
10:15:33	7.59	--	55	41745	买盘
10:15:27	7.59	0.01	34	25806	买盘
10:15:24	7.58	--	10	7580	卖盘
10:15:21	7.58	-0.01	12	9096	卖盘
10:15:15	7.59	0.01	26	19734	买盘
10:15:09	7.58	-0.01	10	7580	卖盘
10:14:57	7.59	0.01	6	4554	买盘
10:14:51	7.58	-0.01	10	7580	卖盘
10:14:42	7.59	0.01	14	10626	买盘
10:14:36	7.58	-0.01	4	3032	卖盘
10:14:33	7.59	0.01	39	29601	买盘
10:14:12	7.58	-0.01	60	45480	卖盘
10:13:51	7.59	--	11	8349	买盘
10:13:48	7.59	--	5	3795	买盘
10:13:18	7.59	0.01	10	7590	买盘
10:13:12	7.58	--	50	37900	卖盘
10:12:33	7.58	--	6	4548	卖盘
10:12:27	7.58	--	4	3032	卖盘
10:12:21	7.58	--	1	758	卖盘
10:12:06	7.58	--	1	758	卖盘
10:11:33	7.58	--	1	758	卖盘
10:11:27	7.58	--	38	28804	卖盘
10:10:48	7.58	--	7	5306	卖盘
10:10:42	7.58	--	19	14402	卖盘
10:10:39	7.58	--	55	41690	卖盘
10:10:36	7.58	--	23	17434	卖盘
10:10:33	7.58	--	15	11370	卖盘
10:10:30	7.58	--	20	15160	卖盘
10:10:24	7.58	--	10	7580	卖盘
10:10:18	7.58	--	30	22740	卖盘
10:10:03	7.58	--	10	7580	卖盘
10:09:45	7.58	--	34	25772	卖盘
10:09:36	7.58	--	100	75800	卖盘
10:09:18	7.58	--	40	30320	卖盘
10:09:15	7.58	--	10	7580	卖盘
10:08:51	7.58	--	37	28046	卖盘
10:08:48	7.58	--	4	3032	卖盘
10:08:39	7.58	--	20	15160	卖盘
10:08:27	7.58	--	3	2274	卖盘
10:08:06	7.58	--	100	75800	卖盘
10:07:54	7.58	--	5	3790	卖盘
10:07:42	7.58	--	39	29562	卖盘
10:07:39	7.58	-0.01	5	3790	卖盘
10:07:36	7.59	--	29	22011	买盘
10:07:33	7.59	--	100	75900	买盘
10:07:15	7.59	--	9	6831	买盘
10:07:06	7.59	0.01	1	759	买盘
10:07:00	7.58	-0.01	300	227400	卖盘
10:06:57	7.59	--	20	15180	卖盘
10:06:54	7.59	0.01	11	8349	中性盘
10:06:33	7.58	--	70	53060	卖盘
10:06:27	7.58	-0.01	77	58366	卖盘
10:06:21	7.59	--	64	48576	卖盘
10:06:00	7.59	--	23	17457	买盘
10:05:57	7.59	--	20	15180	买盘
10:05:48	7.59	--	167	126753	卖盘
10:05:39	7.59	-0.01	26	19734	卖盘
10:05:12	7.6	0.01	69	52440	买盘
10:05:09	7.59	--	1	759	卖盘
10:04:18	7.59	--	20	15180	卖盘
10:04:03	7.59	-0.01	4	3036	卖盘
10:03:39	7.6	0.01	4	3040	买盘
10:03:30	7.59	-0.01	56	42504	卖盘
10:03:27	7.6	--	200	152000	买盘
10:03:18	7.6	0.01	12	9120	买盘
10:03:12	7.59	-0.01	30	22770	卖盘
10:03:06	7.6	--	10	7600	买盘
10:02:54	7.6	0.01	398	302480	买盘
10:02:45	7.59	--	21	15939	卖盘
10:02:39	7.59	--	30	22770	卖盘
10:02:33	7.59	--	20	15180	卖盘
10:02:27	7.59	--	3	2277	卖盘
10:02:24	7.59	--	15	11385	卖盘
10:02:18	7.59	--	30	22770	卖盘
10:02:12	7.59	--	40	30360	卖盘
10:02:09	7.59	--	69	52371	卖盘
10:02:06	7.59	--	58	44022	卖盘
10:01:57	7.59	--	300	227700	卖盘
10:01:54	7.59	--	36	27324	卖盘
10:01:42	7.59	-0.01	35	26565	卖盘
10:01:39	7.6	0.01	100	76000	买盘
10:01:30	7.59	-0.01	40	30360	卖盘
10:01:27	7.6	--	100	76000	买盘
10:01:24	7.6	--	1	760	卖盘
10:01:21	7.6	--	107	81320	买盘
10:01:12	7.6	--	67	50920	卖盘
10:01:09	7.6	--	100	76000	卖盘
10:01:06	7.6	-0.01	34	25840	卖盘
10:01:00	7.61	0.01	268	203948	买盘
10:00:54	7.6	--	72	54720	卖盘
10:00:48	7.6	--	10	7600	卖盘
10:00:42	7.6	--	38	28880	卖盘
10:00:30	7.6	0.01	99	75240	买盘
10:00:27	7.59	--	20	15180	卖盘
10:00:24	7.59	-0.01	72	54648	卖盘
10:00:18	7.6	--	10	7600	买盘
10:00:15	7.6	--	68	51680	买盘
10:00:09	7.6	--	200	152000	买盘
10:00:06	7.6	--	7	5320	买盘
09:59:54	7.6	-0.01	10	7600	中性盘
09:59:48	7.61	--	208	158288	买盘
09:59:30	7.61	0.01	317	241237	买盘
09:59:24	7.6	--	22	16720	卖盘
09:59:21	7.6	-0.01	10	7600	卖盘
09:59:18	7.61	0.01	10	7610	买盘
09:59:15	7.6	--	10	7600	卖盘
09:59:09	7.6	--	60	45600	卖盘
09:59:03	7.6	--	50	38000	卖盘
09:59:00	7.6	--	47	35720	卖盘
09:58:57	7.6	0.01	30	22800	买盘
09:58:54	7.59	-0.02	90	68310	卖盘
09:58:51	7.61	0.01	176	133936	买盘
09:58:48	7.6	0.01	44	33440	买盘
09:58:45	7.59	--	64	48576	卖盘
09:58:39	7.59	-0.01	70	53130	卖盘
09:58:36	7.6	--	30	22800	买盘
09:58:33	7.6	--	104	79040	买盘
09:58:30	7.6	--	200	152000	买盘
09:58:21	7.6	0.01	200	152000	买盘
09:58:15	7.59	--	7	5313	卖盘
09:57:57	7.59	--	95	72256	买盘
09:57:54	7.59	--	4	3643	卖盘
09:57:51	7.59	--	47	35824	买盘
09:57:42	7.59	--	5	3795	买盘
09:57:39	7.59	0.01	60	45540	买盘
09:57:30	7.58	-0.01	20	15160	卖盘
09:57:24	7.59	--	6	4554	买盘
09:57:06	7.59	--	3	2884	卖盘
09:57:03	7.59	--	50	37950	卖盘
09:57:00	7.59	--	9	6831	卖盘
09:56:45	7.59	--	20	15180	卖盘
09:56:39	7.59	--	17	12903	卖盘
09:56:36	7.59	--	70	53281	买盘
09:56:30	7.59	--	50	37950	买盘
09:56:21	7.59	--	150	113850	买盘
09:56:15	7.59	--	6	4554	买盘
09:56:06	7.59	--	1	759	买盘
09:56:00	7.59	--	11	8349	买盘
09:55:51	7.59	--	128	97759	卖盘
09:55:48	7.59	--	0	151	卖盘
09:55:45	7.59	--	16	12144	卖盘
09:55:30	7.59	0.01	33	25047	买盘
09:55:24	7.58	-0.01	221	167518	卖盘
09:55:15	7.59	--	50	37950	买盘
09:55:09	7.59	--	2	1518	买盘
09:55:03	7.59	0.01	50	37950	买盘
09:54:57	7.58	-0.01	10	7580	卖盘
09:54:45	7.59	0.01	50	37950	买盘
09:54:27	7.58	--	2	1516	卖盘
09:54:18	7.58	--	12	9096	卖盘
09:54:15	7.58	-0.01	100	75800	卖盘
09:54:06	7.59	--	4	3036	卖盘
09:53:57	7.59	0.01	207	157113	买盘
09:53:51	7.58	--	2	1516	卖盘
09:53:42	7.58	-0.01	50	37900	卖盘
09:53:33	7.59	0.01	50	37950	买盘
09:53:27	7.58	--	30	22740	卖盘
09:53:15	7.58	--	15	11370	卖盘
09:53:12	7.58	--	20	15160	卖盘
09:53:03	7.58	--	25	18950	卖盘
09:52:45	7.58	--	199	150842	卖盘
09:52:39	7.58	--	36	27629	买盘
09:52:33	7.58	0.01	50	37900	买盘
09:52:27	7.57	-0.01	10	7570	卖盘
09:52:21	7.58	--	4	3032	买盘
09:52:18	7.58	--	5	3790	买盘
09:52:15	7.58	--	100	75800	买盘
09:52:00	7.58	--	104	79248	卖盘
09:51:57	7.58	--	58	43964	卖盘
09:51:45	7.58	--	70	53060	卖盘
09:51:39	7.58	-0.01	100	75800	卖盘
09:51:36	7.59	--	166	126335	买盘
09:51:27	7.59	0.01	50	37950	买盘
09:51:21	7.58	--	14	10612	卖盘
09:51:18	7.58	-0.01	18	13644	卖盘
09:51:06	7.59	0.01	50	37950	买盘
09:51:03	7.58	-0.01	100	75800	卖盘
09:50:54	7.59	0.01	10	7590	买盘
09:50:39	7.58	-0.01	179	135682	卖盘
09:50:33	7.59	0.01	7	5313	买盘
09:50:15	7.58	--	10	7580	卖盘
09:50:00	7.58	-0.01	20	15160	卖盘
09:49:57	7.59	--	20	15180	买盘
09:49:54	7.59	--	10	7590	买盘
09:49:48	7.59	--	2	1935	卖盘
09:49:45	7.59	-0.01	6	4554	卖盘
09:49:39	7.6	0.01	1	760	买盘
09:49:36	7.59	--	9	6831	卖盘
09:49:24	7.59	--	8	6072	卖盘
09:49:15	7.59	--	235	178365	卖盘
09:49:12	7.59	--	3	2277	卖盘
09:49:06	7.59	-0.01	88	66792	卖盘
09:49:03	7.6	0.01	9	6840	买盘
09:48:48	7.59	--	40	30360	卖盘
09:48:30	7.59	--	2	1518	卖盘
09:48:24	7.59	-0.01	5	3795	卖盘
09:48:18	7.6	--	10	7600	买盘
09:48:15	7.6	--	57	43320	买盘
09:47:57	7.6	--	8	6080	卖盘
09:47:54	7.6	--	61	46360	卖盘
09:47:51	7.6	--	9	6840	卖盘
09:47:48	7.6	--	16	12160	卖盘
09:47:45	7.6	--	110	83600	卖盘
09:47:42	7.6	--	41	31160	卖盘
09:47:39	7.6	--	105	79800	卖盘
09:47:36	7.6	--	100	76000	卖盘
09:47:33	7.6	--	100	76000	卖盘
09:47:27	7.6	-0.01	10	7600	卖盘
09:46:54	7.61	0.01	2	1522	买盘
09:46:42	7.6	-0.01	20	15200	卖盘
09:46:39	7.61	0.01	10	7610	买盘
09:46:24	7.6	-0.01	2	1520	卖盘
09:46:12	7.61	--	98	74578	买盘
09:46:03	7.61	0.01	10	7610	买盘
09:45:54	7.6	-0.01	5	3800	卖盘
09:45:48	7.61	--	20	15220	买盘
09:45:42	7.61	--	20	15220	买盘
09:45:21	7.61	0.01	126	95886	买盘
09:45:12	7.6	--	5	3800	卖盘
09:44:57	7.6	-0.01	10	7600	卖盘
09:44:45	7.61	0.01	17	12937	买盘
09:44:42	7.6	--	1	760	卖盘
09:44:30	7.6	--	18	13680	卖盘
09:44:09	7.6	--	40	30400	卖盘
09:44:03	7.6	--	50	38000	卖盘
09:43:57	7.6	--	14	10640	卖盘
09:43:54	7.6	-0.01	20	15200	卖盘
09:43:48	7.61	0.01	56	42616	买盘
09:43:39	7.6	-0.01	105	79800	卖盘
09:43:30	7.61	0.01	8	6088	买盘
09:43:03	7.6	-0.01	1	760	卖盘
09:43:00	7.61	0.01	41	31201	买盘
09:42:48	7.6	-0.01	61	46360	卖盘
09:42:33	7.61	0.01	9	6849	买盘
09:42:24	7.6	--	5	3800	买盘
09:42:18	7.6	--	6	4560	卖盘
09:42:12	7.6	0.01	94	71440	买盘
09:42:09	7.59	-0.01	20	15180	卖盘
09:41:42	7.6	0.01	410	311600	买盘
09:41:39	7.59	--	25	18975	卖盘
09:41:30	7.59	--	273	207548	买盘
09:41:27	7.59	--	16	12144	卖盘
09:41:24	7.59	--	54	40986	卖盘
09:41:21	7.59	--	30	22770	卖盘
09:41:18	7.59	--	50	37950	卖盘
09:41:12	7.59	--	82	62238	卖盘
09:41:09	7.59	--	159	120681	卖盘
09:41:06	7.59	--	100	75900	卖盘
09:41:00	7.59	0.01	179	135861	买盘
09:40:54	7.58	-0.01	200	151600	卖盘
09:40:45	7.59	--	30	22770	卖盘
09:40:42	7.59	--	100	75900	卖盘
09:40:36	7.59	--	4	3036	卖盘
09:40:33	7.59	0.01	376	285384	买盘
09:40:27	7.58	-0.01	86	65188	卖盘
09:40:09	7.59	--	59	44781	卖盘
09:40:06	7.59	--	41	31119	买盘
09:40:03	7.59	--	364	276276	卖盘
09:39:45	7.59	--	141	107019	买盘
09:39:27	7.59	0.01	17	12903	买盘
09:39:21	7.58	-0.01	15	11370	卖盘
09:39:12	7.59	--	12	9108	买盘
09:39:03	7.59	--	111	84249	卖盘
09:38:57	7.59	--	40	30360	卖盘
09:38:39	7.59	--	15	11385	卖盘
09:38:33	7.59	-0.01	10	7590	卖盘
09:38:27	7.6	--	1	760	买盘
09:38:21	7.6	0.01	5	3800	买盘
09:38:18	7.59	-0.01	10	7590	卖盘
09:38:12	7.6	0.01	90	68400	买盘
09:38:06	7.59	--	6	4554	卖盘
09:38:00	7.59	--	100	75900	卖盘
09:37:54	7.59	-0.01	8	6072	卖盘
09:37:51	7.6	--	40	30400	买盘
09:37:48	7.6	0.01	100	76000	买盘
09:37:42	7.59	-0.01	15	11385	卖盘
09:37:36	7.6	--	39	29640	买盘
09:37:33	7.6	--	20	15200	买盘
09:37:30	7.6	0.01	12	9120	买盘
09:37:24	7.59	--	10	7590	卖盘
09:37:21	7.59	-0.01	10	7590	卖盘
09:37:18	7.6	0.01	15	11400	买盘
09:37:00	7.59	-0.01	44	33396	卖盘
09:36:57	7.6	0.01	7	5320	买盘
09:36:51	7.59	--	6	4554	卖盘
09:36:42	7.59	-0.01	17	12903	卖盘
09:36:36	7.6	0.01	30	22800	买盘
09:36:33	7.59	-0.01	16	12144	卖盘
09:36:30	7.6	0.01	92	69920	买盘
09:36:21	7.59	--	20	15180	卖盘
09:36:12	7.59	-0.01	2	1518	卖盘
09:36:09	7.6	--	10	7600	买盘
09:36:00	7.6	0.02	1	760	买盘
09:35:36	7.58	-0.02	14	10612	卖盘
09:35:33	7.6	0.02	50	38000	买盘
09:35:21	7.58	-0.02	50	37900	卖盘
09:35:15	7.6	--	30	22800	买盘
09:35:09	7.6	--	147	111720	卖盘
09:35:03	7.6	--	58	44080	买盘
09:35:00	7.6	0.01	1	760	买盘
09:34:54	7.59	-0.01	21	15939	中性盘
09:34:42	7.6	0.04	1	760	买盘
09:34:21	7.56	0.01	259	195804	买盘
09:34:18	7.55	-0.01	20	15100	卖盘
09:34:15	7.56	--	80	60480	买盘
09:34:12	7.56	--	524	396144	买盘
09:34:03	7.56	-0.05	417	315252	卖盘
09:33:57	7.61	0.01	2	1522	买盘
09:33:54	7.6	-0.01	48	36480	卖盘
09:33:51	7.61	0.01	5	3805	中性盘
09:33:48	7.6	-0.02	5	3800	卖盘
09:33:45	7.62	--	40	30480	买盘
09:33:39	7.62	--	15	11430	买盘
09:33:33	7.62	--	16	12192	卖盘
09:33:27	7.62	-0.01	56	42672	卖盘
09:33:24	7.63	--	2	1526	买盘
09:33:21	7.63	--	10	7630	卖盘
09:33:18	7.63	--	20	15260	卖盘
09:33:15	7.63	--	200	152600	卖盘
09:33:12	7.63	--	3	2289	卖盘
09:33:03	7.63	--	20	15260	卖盘
09:33:00	7.63	--	7	5341	卖盘
09:32:57	7.63	--	21	16023	卖盘
09:32:54	7.63	--	11	8393	卖盘
09:32:48	7.63	--	7	5341	卖盘
09:32:42	7.63	-0.01	49	37387	卖盘
09:32:39	7.64	0.01	132	100848	买盘
09:32:36	7.63	--	10	7630	买盘
09:32:33	7.63	0.01	9	6867	买盘
09:32:30	7.62	--	11	8382	卖盘
09:32:27	7.62	--	7	5334	买盘
09:32:21	7.62	-0.01	3	2286	中性盘
09:32:06	7.63	-0.01	24	18312	卖盘
09:32:03	7.64	0.01	20	15280	买盘
09:32:00	7.63	-0.01	20	15260	卖盘
09:31:57	7.64	0.01	10	7640	买盘
09:31:54	7.63	--	30	22890	卖盘
09:31:48	7.63	0.04	721	550123	买盘
09:31:45	7.59	--	17	12903	买盘
09:31:33	7.59	--	4	3036	卖盘
09:31:30	7.59	-0.01	45	34155	卖盘
09:31:27	7.6	--	1	760	买盘
09:31:24	7.6	0.02	21	15960	买盘
09:31:18	7.58	--	30	22740	卖盘
09:31:06	7.58	--	50	37900	卖盘
09:30:36	7.58	0.01	8	6064	买盘
09:30:33	7.57	-0.01	9	6813	卖盘
09:30:30	7.58	--	50	37900	买盘
09:30:24	7.58	-0.01	2	1516	买盘
09:30:18	7.59	-0.01	72	54648	卖盘
09:30:09	7.6	0.01	71	53960	买盘
09:30:06	7.59	0.01	95	72105	买盘
09:30:03	7.58	-0.01	295	223610	中性盘
09:30:00	7.59	--	0	0	买盘
09:25:03	7.59	7.59	138	104742	买盘
