成交时间	成交价	价格变动	成交量(手)	成交额(元)	性质
15:00:03	20.64	0.02	764	1576896	买盘
14:57:00	20.62	--	1	2062	卖盘
14:56:57	20.62	-0.02	5	10310	卖盘
14:56:51	20.64	--	63	130032	买盘
14:56:45	20.64	--	5	10320	买盘
14:56:42	20.64	0.03	26	54696	买盘
14:56:39	20.61	--	18	37098	买盘
14:56:36	20.61	--	21	43281	买盘
14:56:33	20.61	-0.03	56	116446	卖盘
14:56:30	20.64	-0.01	4	8256	买盘
14:56:27	20.65	0.04	3	6195	买盘
14:56:24	20.61	-0.03	560	1154160	卖盘
14:56:21	20.64	-0.01	121	249744	卖盘
14:56:18	20.65	--	60	123899	买盘
14:56:15	20.65	0.01	81	167265	买盘
14:56:12	20.64	-0.01	1	2064	卖盘
14:56:06	20.65	0.01	20	41300	买盘
14:56:03	20.64	-0.01	12	24768	卖盘
14:56:00	20.65	--	45	92925	买盘
14:55:51	20.65	0.01	14	28909	买盘
14:55:45	20.64	-0.01	20	41280	卖盘
14:55:42	20.65	0.01	24	49560	买盘
14:55:36	20.64	--	15	30960	卖盘
14:55:33	20.64	-0.01	1	2064	卖盘
14:55:30	20.65	--	15	30974	买盘
14:55:27	20.65	--	9	18585	买盘
14:55:24	20.65	--	7	14454	买盘
14:55:21	20.65	--	4	8260	买盘
14:55:18	20.65	--	94	194110	买盘
14:55:15	20.65	--	67	138355	买盘
14:55:09	20.65	--	7	14454	买盘
14:55:03	20.65	--	11	22715	买盘
14:55:00	20.65	--	1	2065	买盘
14:54:54	20.65	0.01	45	92925	买盘
14:54:51	20.64	--	36	74304	卖盘
14:54:48	20.64	-0.01	20	41280	卖盘
14:54:45	20.65	0.01	131	270515	买盘
14:54:39	20.64	--	1	2064	卖盘
14:54:36	20.64	--	96	198144	买盘
14:54:33	20.64	--	36	74304	买盘
14:54:30	20.64	--	8	16512	买盘
14:54:27	20.64	--	45	92880	买盘
14:54:24	20.64	--	25	51600	买盘
14:54:21	20.64	--	14	28896	买盘
14:54:15	20.64	--	91	188856	买盘
14:54:12	20.64	--	11	22704	买盘
14:54:09	20.64	--	3	6192	买盘
14:54:06	20.64	--	3	6192	买盘
14:54:00	20.64	--	11	22704	买盘
14:53:57	20.64	--	5	10320	买盘
14:53:54	20.64	--	16	33024	卖盘
14:53:48	20.64	--	56	115584	卖盘
14:53:45	20.64	--	23	47472	买盘
14:53:39	20.64	--	5	10320	买盘
14:53:36	20.64	0.02	19	39216	买盘
14:53:33	20.62	--	29	59798	卖盘
14:53:30	20.62	--	12	24744	卖盘
14:53:27	20.62	--	3	6186	卖盘
14:53:24	20.62	--	14	28868	买盘
14:53:21	20.62	--	408	841296	买盘
14:53:18	20.62	0.01	20	41240	买盘
14:53:15	20.61	--	3	6183	买盘
14:53:12	20.61	--	1	2061	买盘
14:53:09	20.61	--	10	20610	买盘
14:53:06	20.61	--	3	6183	买盘
14:53:03	20.61	-0.01	31	63891	卖盘
14:53:00	20.62	--	24	49488	买盘
14:52:57	20.62	--	30	61860	买盘
14:52:54	20.62	0.01	28	57736	买盘
14:52:48	20.61	--	6	12366	卖盘
14:52:45	20.61	--	33	68013	卖盘
14:52:42	20.61	-0.01	300	618300	卖盘
14:52:33	20.62	0.01	4	8248	买盘
14:52:30	20.61	--	2	4122	买盘
14:52:27	20.61	0.01	1	2061	中性盘
14:52:24	20.6	-0.02	3	6180	卖盘
14:52:21	20.62	0.02	12	24744	买盘
14:52:18	20.6	-0.01	22	45320	卖盘
14:52:15	20.61	0.01	2	4122	中性盘
14:52:12	20.6	-0.02	11	22660	卖盘
14:52:06	20.62	0.02	13	26806	买盘
14:52:00	20.6	--	19	39140	卖盘
14:51:57	20.6	0.01	26	53560	卖盘
14:51:54	20.59	-0.01	28	57652	卖盘
14:51:51	20.6	--	39	80340	买盘
14:51:48	20.6	--	6	12360	买盘
14:51:45	20.6	--	70	144200	买盘
14:51:42	20.6	--	5	10300	买盘
14:51:39	20.6	--	106	218360	买盘
14:51:36	20.6	-0.01	58	119480	卖盘
14:51:33	20.61	0.01	40	82440	中性盘
14:51:27	20.6	-0.05	313	644780	卖盘
14:51:24	20.65	0.03	40	82600	买盘
14:51:18	20.62	-0.01	63	129906	中性盘
14:51:15	20.63	--	7	14441	买盘
14:51:09	20.63	0.02	1	2063	买盘
14:51:06	20.61	-0.03	19	39159	卖盘
14:51:03	20.64	0.03	10	20640	买盘
14:50:57	20.61	--	10	20610	卖盘
14:50:54	20.61	--	2	4122	卖盘
14:50:48	20.61	-0.04	2	4122	卖盘
14:50:45	20.65	0.05	4	8260	买盘
14:50:42	20.6	--	38	78280	卖盘
14:50:36	20.6	-0.05	73	150380	卖盘
14:50:33	20.65	--	3	6195	卖盘
14:50:30	20.65	0.05	10	20650	买盘
14:50:24	20.6	--	3	6180	卖盘
14:50:15	20.6	--	10	21279	买盘
14:50:12	20.6	--	40	82400	买盘
14:50:09	20.6	--	10	20600	买盘
14:50:03	20.6	--	1	2060	买盘
14:50:00	20.6	-0.06	433	892330	卖盘
14:49:57	20.66	0.03	5	10330	买盘
14:49:54	20.63	--	20	41260	卖盘
14:49:48	20.63	--	584	1204792	买盘
14:49:45	20.63	--	10	20630	买盘
14:49:42	20.63	--	9	18567	买盘
14:49:39	20.63	--	2	4126	买盘
14:49:36	20.63	--	12	24756	买盘
14:49:33	20.63	--	21	43323	买盘
14:49:30	20.63	--	2	4126	买盘
14:49:27	20.63	0.02	2	4126	买盘
14:49:21	20.61	--	72	148392	卖盘
14:49:15	20.61	-0.02	34	70074	卖盘
14:49:12	20.63	--	5	10315	买盘
14:49:09	20.63	--	13	26819	买盘
14:49:06	20.63	0.02	16	33008	买盘
14:49:03	20.61	-0.02	16	32976	卖盘
14:49:00	20.63	0.03	1	2063	买盘
14:48:57	20.6	--	17	35020	卖盘
14:48:54	20.6	-0.06	500	1030000	卖盘
14:48:51	20.66	0.03	2	4132	买盘
14:48:48	20.63	-0.03	3	6189	卖盘
14:48:45	20.66	0.04	3	6198	买盘
14:48:39	20.62	--	10	20620	卖盘
14:48:36	20.62	--	58	119596	卖盘
14:48:30	20.62	-0.04	10	20620	卖盘
14:48:27	20.66	0.06	7	14462	买盘
14:48:21	20.6	-0.06	1	2060	卖盘
14:48:18	20.66	--	41	84706	买盘
14:48:12	20.66	--	1	2066	买盘
14:48:06	20.66	--	10	20660	买盘
14:48:00	20.66	-0.01	550	1136300	卖盘
14:47:57	20.67	--	26	53742	买盘
14:47:54	20.67	0.01	30	62010	买盘
14:47:48	20.66	--	5	10330	卖盘
14:47:45	20.66	-0.01	5	10330	卖盘
14:47:42	20.67	--	11	22737	买盘
14:47:39	20.67	0.01	1	2067	买盘
14:47:30	20.66	-0.01	10	20660	卖盘
14:47:21	20.67	--	4	8268	买盘
14:47:15	20.67	--	1	2067	买盘
14:47:03	20.67	--	9	18603	卖盘
14:46:57	20.67	-0.01	11	22737	中性盘
14:46:48	20.68	0.01	205	423940	买盘
14:46:42	20.67	--	1	2067	卖盘
14:46:39	20.67	--	2	4134	卖盘
14:46:36	20.67	--	18	37206	买盘
14:46:33	20.67	--	2	4134	买盘
14:46:30	20.67	--	1	2067	买盘
14:46:24	20.67	-0.01	1	2067	中性盘
14:46:15	20.68	0.01	5	10340	买盘
14:46:12	20.67	--	37	77512	卖盘
14:46:03	20.67	--	5	11368	买盘
14:46:00	20.67	0.01	37	76479	买盘
14:45:54	20.66	-0.01	28	57848	卖盘
14:45:51	20.67	--	14	28938	买盘
14:45:48	20.67	--	9	18603	买盘
14:45:27	20.67	--	2	4134	买盘
14:45:21	20.67	--	20	41340	买盘
14:45:18	20.67	--	1	2067	买盘
14:45:15	20.67	0.01	21	43407	买盘
14:45:03	20.66	--	24	49584	买盘
14:44:57	20.66	--	3	6198	买盘
14:44:51	20.66	--	4	8264	买盘
14:44:45	20.66	--	8	16528	卖盘
14:44:30	20.66	0.02	603	1245798	买盘
14:44:24	20.64	-0.01	40	84273	卖盘
14:44:21	20.65	--	10	20650	买盘
14:44:12	20.65	--	5	10325	买盘
14:44:06	20.65	--	17	35105	买盘
14:44:03	20.65	--	1	2065	买盘
14:43:57	20.65	--	4	8260	卖盘
14:43:54	20.65	0.01	1	2065	卖盘
14:43:51	20.64	-0.01	10	20640	卖盘
14:43:45	20.65	0.01	8	16520	卖盘
14:43:42	20.64	-0.01	51	105264	卖盘
14:43:36	20.65	--	23	47495	买盘
14:43:33	20.65	--	1	2065	买盘
14:43:30	20.65	--	10	20650	买盘
14:43:27	20.65	--	3	6195	买盘
14:43:21	20.65	--	31	64014	买盘
14:43:18	20.65	--	5	10325	买盘
14:43:15	20.65	-0.02	18	37170	卖盘
14:43:09	20.67	0.03	30	62010	买盘
14:43:03	20.64	--	37	76368	卖盘
14:42:54	20.64	--	20	41280	卖盘
14:42:42	20.64	0.01	2	4128	买盘
14:42:33	20.63	--	5	10315	卖盘
14:42:30	20.63	-0.02	16	33008	卖盘
14:42:27	20.65	--	42	86730	买盘
14:42:21	20.65	0.02	10	20650	买盘
14:42:12	20.63	-0.02	3	6189	卖盘
14:42:09	20.65	--	6	12390	买盘
14:42:06	20.65	--	5	10325	买盘
14:42:03	20.65	--	10	20650	买盘
14:41:57	20.65	0.02	14	28909	买盘
14:41:54	20.63	-0.02	5	10315	卖盘
14:41:51	20.65	--	5	10325	卖盘
14:41:48	20.65	--	3	6195	卖盘
14:41:45	20.65	-0.03	20	41300	中性盘
14:41:39	20.68	0.03	22	45496	买盘
14:41:36	20.65	0.02	1	2065	买盘
14:41:33	20.63	-0.02	59	121717	卖盘
14:41:27	20.65	--	2	4130	卖盘
14:41:21	20.65	--	14	28909	卖盘
14:41:15	20.65	-0.03	5	10325	卖盘
14:41:12	20.68	0.03	1	2068	买盘
14:41:09	20.65	--	18	37170	卖盘
14:41:06	20.65	-0.04	363	749595	卖盘
14:41:00	20.69	--	11	22759	买盘
14:40:57	20.69	0.01	9	18621	买盘
14:40:54	20.68	-0.01	13	26884	卖盘
14:40:45	20.69	-0.02	2	4138	卖盘
14:40:24	20.71	0.01	6	12426	卖盘
14:40:18	20.7	-0.01	300	621000	卖盘
14:40:15	20.71	--	2	4142	卖盘
14:40:12	20.71	-0.02	38	78698	卖盘
14:40:09	20.73	0.02	5	10365	买盘
14:39:54	20.71	-0.02	1	2071	卖盘
14:39:51	20.73	0.01	45	93285	买盘
14:39:48	20.72	--	1	2072	买盘
14:39:42	20.72	--	10	20720	买盘
14:39:36	20.72	-0.01	21	43512	卖盘
14:39:27	20.73	0.01	59	122307	买盘
14:39:24	20.72	--	5	10360	卖盘
14:39:21	20.72	-0.01	3	6216	卖盘
14:39:12	20.73	0.01	6	12438	买盘
14:39:03	20.72	--	9	18648	卖盘
14:39:00	20.72	-0.01	5	10360	卖盘
14:38:57	20.73	0.01	2	4146	买盘
14:38:48	20.72	0.01	2	4144	买盘
14:38:45	20.71	--	39	80769	卖盘
14:38:39	20.71	--	16	33136	卖盘
14:38:27	20.71	--	10	20710	卖盘
14:38:18	20.71	0.01	147	304437	买盘
14:38:09	20.7	-0.01	10	20700	卖盘
14:37:57	20.71	0.01	10	20710	买盘
14:37:48	20.7	--	10	20700	卖盘
14:37:45	20.7	--	39	81765	买盘
14:37:42	20.7	--	2	4140	买盘
14:37:39	20.7	--	10	20700	买盘
14:37:36	20.7	--	20	41400	买盘
14:37:15	20.7	0.02	142	293940	买盘
14:37:12	20.68	-0.01	3	6204	卖盘
14:37:03	20.69	--	5	10345	买盘
14:36:57	20.69	--	4	8276	买盘
14:36:54	20.69	0.02	10	20690	买盘
14:36:33	20.67	--	5	10335	卖盘
14:36:24	20.67	-0.02	50	103350	卖盘
14:36:18	20.69	0.02	15	31035	买盘
14:36:09	20.67	-0.02	10	20670	卖盘
14:36:06	20.69	0.01	10	20690	买盘
14:36:03	20.68	--	6	13442	卖盘
14:36:00	20.68	--	4	8272	卖盘
14:35:54	20.68	0.01	45	94094	买盘
14:35:51	20.67	--	74	152958	卖盘
14:35:42	20.67	--	29	59943	卖盘
14:35:33	20.67	--	53	109551	买盘
14:35:30	20.67	0.01	10	20670	买盘
14:35:24	20.66	-0.01	71	146686	卖盘
14:35:21	20.67	--	20	41340	买盘
14:35:15	20.67	-0.01	52	107484	卖盘
14:35:12	20.68	0.01	1	2068	买盘
14:35:06	20.67	-0.01	5	10335	卖盘
14:34:57	20.68	0.01	2	4136	买盘
14:34:54	20.67	--	20	41340	中性盘
14:34:48	20.67	-0.01	12	24804	卖盘
14:34:42	20.68	0.01	11	22748	买盘
14:34:39	20.67	--	8	16536	卖盘
14:34:30	20.67	-0.01	43	88881	卖盘
14:34:27	20.68	0.01	3	6204	买盘
14:34:24	20.67	-0.01	7	14469	卖盘
14:34:21	20.68	--	10	20680	买盘
14:34:18	20.68	--	10	20680	买盘
14:34:09	20.68	0.01	5	10340	买盘
14:34:06	20.67	-0.01	29	59943	卖盘
14:34:00	20.68	--	1	2068	买盘
14:33:54	20.68	--	4	8272	买盘
14:33:48	20.68	--	9	18612	买盘
14:33:45	20.68	--	49	102366	卖盘
14:33:39	20.68	-0.02	38	78584	卖盘
14:33:36	20.7	0.01	1	2070	买盘
14:33:33	20.69	--	5	10345	卖盘
14:33:24	20.69	--	13	27931	买盘
14:33:15	20.69	0.01	11	22759	买盘
14:33:12	20.68	--	10	20680	卖盘
14:33:03	20.68	-0.01	20	41360	卖盘
14:32:57	20.69	--	14	28966	买盘
14:32:54	20.69	--	15	31035	买盘
14:32:42	20.69	--	25	51725	买盘
14:32:39	20.69	-0.01	65	134485	卖盘
14:32:33	20.7	--	141	291870	卖盘
14:32:30	20.7	--	67	138690	卖盘
14:32:21	20.7	-0.01	1	2070	卖盘
14:32:18	20.71	--	6	12426	买盘
14:32:15	20.71	0.01	1	2071	买盘
14:32:12	20.7	-0.01	15	31050	卖盘
14:32:09	20.71	0.01	2	4142	买盘
14:32:03	20.7	-0.01	114	235980	卖盘
14:31:57	20.71	-0.01	74	153254	卖盘
14:31:54	20.72	0.01	4	8288	买盘
14:31:42	20.71	--	7	14497	卖盘
14:31:39	20.71	--	30	62130	买盘
14:31:36	20.71	--	17	35207	买盘
14:31:12	20.71	-0.01	70	144970	卖盘
14:31:00	20.72	--	8	16576	买盘
14:30:54	20.72	--	6	12432	买盘
14:30:48	20.72	--	12	24864	买盘
14:30:33	20.72	0.03	20	41440	买盘
14:30:27	20.69	-0.03	116	240004	卖盘
14:30:24	20.72	--	4	8288	买盘
14:30:21	20.72	--	10	20720	买盘
14:30:09	20.72	--	5	10360	买盘
14:29:57	20.72	--	2	4144	买盘
14:29:54	20.72	0.01	1	2072	买盘
14:29:39	20.71	-0.01	10	20710	卖盘
14:29:36	20.72	0.01	51	105672	买盘
14:29:33	20.71	--	1	2071	卖盘
14:29:21	20.71	-0.01	13	26923	中性盘
14:29:18	20.72	0.02	5	10360	中性盘
14:29:12	20.7	-0.04	35	72450	卖盘
14:29:03	20.74	0.04	30	62219	买盘
14:28:36	20.7	--	30	62100	卖盘
14:28:33	20.7	-0.03	53	109710	卖盘
14:28:30	20.73	0.03	10	20730	买盘
14:28:12	20.7	--	6	12420	买盘
14:28:09	20.7	-0.01	29	60030	买盘
14:28:00	20.71	0.01	3	6213	卖盘
14:27:54	20.7	--	15	31050	买盘
14:27:51	20.7	--	16	33120	买盘
14:27:45	20.7	-0.03	36	74520	卖盘
14:27:30	20.73	--	29	60117	中性盘
14:27:27	20.73	0.03	14	29022	买盘
14:27:24	20.7	--	10	20700	卖盘
14:27:21	20.7	-0.03	2	4140	卖盘
14:27:18	20.73	0.01	20	41460	买盘
14:26:57	20.72	--	28	58016	卖盘
14:26:51	20.72	--	23	47656	卖盘
14:26:48	20.72	-0.01	5	10360	卖盘
14:26:36	20.73	--	30	62190	买盘
14:26:33	20.73	0.01	4	8292	买盘
14:26:24	20.72	--	10	20720	卖盘
14:26:15	20.72	-0.01	10	20720	卖盘
14:26:09	20.73	0.01	20	41460	买盘
14:26:06	20.72	--	9	18648	卖盘
14:26:03	20.72	-0.01	25	51800	卖盘
14:25:57	20.73	--	7	14511	卖盘
14:25:54	20.73	--	50	104541	买盘
14:25:51	20.73	--	4	8292	买盘
14:25:48	20.73	--	19	39387	买盘
14:25:45	20.73	--	3	6219	买盘
14:25:42	20.73	--	95	198116	卖盘
14:25:39	20.73	-0.01	20	41460	卖盘
14:25:36	20.74	--	10	20740	中性盘
14:25:30	20.74	0.01	5	10370	买盘
14:25:27	20.73	-0.01	40	82920	卖盘
14:25:24	20.74	--	20	41480	卖盘
14:25:15	20.74	-0.03	2	4148	卖盘
14:25:12	20.77	0.02	15	31155	买盘
14:25:09	20.75	-0.01	4	8300	中性盘
14:25:06	20.76	0.01	85	176460	中性盘
14:25:00	20.75	-0.02	150	311250	卖盘
14:24:51	20.77	-0.01	348	722796	卖盘
14:24:45	20.78	--	5	10390	卖盘
14:24:42	20.78	--	24	49872	卖盘
14:24:39	20.78	--	8	16624	卖盘
14:24:33	20.78	--	15	31170	卖盘
14:24:30	20.78	--	20	41560	卖盘
14:24:24	20.78	--	12	24936	卖盘
14:24:21	20.78	--	5	10390	卖盘
14:24:18	20.78	-0.01	10	20780	卖盘
14:24:15	20.79	--	2	4158	卖盘
14:24:12	20.79	--	8	16632	买盘
14:24:09	20.79	0.01	2	4158	买盘
14:24:06	20.78	-0.01	10	20780	卖盘
14:24:03	20.79	--	1	2079	卖盘
14:23:57	20.79	--	12	24948	买盘
14:23:54	20.79	--	16	33264	卖盘
14:23:51	20.79	--	43	89397	买盘
14:23:48	20.79	--	1	2079	买盘
14:23:45	20.79	0.01	16	33264	买盘
14:23:42	20.78	-0.01	5	10390	卖盘
14:23:39	20.79	--	4	8316	买盘
14:23:36	20.79	--	2	4158	买盘
14:23:33	20.79	0.01	9	18711	买盘
14:23:30	20.78	--	51	105978	卖盘
14:23:27	20.78	--	10	20780	卖盘
14:23:21	20.78	--	30	62340	卖盘
14:23:18	20.78	--	106	220268	买盘
14:23:15	20.78	0.02	100	207800	买盘
14:23:12	20.76	-0.01	41	85116	卖盘
14:23:09	20.77	--	18	37386	买盘
14:23:06	20.77	--	20	41540	买盘
14:23:03	20.77	-0.01	22	45694	买盘
14:23:00	20.78	0.01	21	43638	买盘
14:22:57	20.77	-0.01	2	4154	中性盘
14:22:54	20.78	0.01	10	20780	买盘
14:22:48	20.77	--	36	74772	卖盘
14:22:42	20.77	--	9	18693	买盘
14:22:39	20.77	--	3	6231	买盘
14:22:33	20.77	0.01	43	89311	买盘
14:22:27	20.76	0.01	0	892	买盘
14:22:24	20.75	-0.01	39	80925	卖盘
14:22:18	20.76	--	1	2076	买盘
14:22:15	20.76	--	23	47748	买盘
14:22:09	20.76	--	8	16608	买盘
14:22:03	20.76	0.01	10	20760	买盘
14:21:57	20.75	--	2	4150	中性盘
14:21:54	20.75	0.01	86	178450	买盘
14:21:42	20.74	--	29	60145	买盘
14:21:39	20.74	--	10	20740	买盘
14:21:36	20.74	0.01	20	41480	买盘
14:21:33	20.73	-0.01	1	2073	卖盘
14:21:30	20.74	0.01	7	14517	买盘
14:21:21	20.73	--	9	18657	买盘
14:21:15	20.73	--	30	62190	买盘
14:21:12	20.73	--	7	14511	买盘
14:21:09	20.73	0.01	20	41460	买盘
14:21:06	20.72	-0.01	17	35224	卖盘
14:21:00	20.73	0.01	15	31095	买盘
14:20:57	20.72	-0.01	3	6216	卖盘
14:20:54	20.73	--	68	140964	买盘
14:20:48	20.73	0.01	1	2073	买盘
14:20:45	20.72	--	15	31080	卖盘
14:20:36	20.72	--	2	4144	卖盘
14:20:30	20.72	-0.01	5	10360	卖盘
14:20:24	20.73	0.01	5	10365	买盘
14:20:21	20.72	-0.01	10	20720	卖盘
14:20:09	20.73	--	25	51825	买盘
14:20:00	20.73	--	13	26949	买盘
14:19:57	20.73	0.01	6	12438	买盘
14:19:54	20.72	--	2	4144	卖盘
14:19:39	20.72	-0.02	20	41440	卖盘
14:19:33	20.74	0.01	7	14517	买盘
14:19:27	20.73	-0.01	15	31095	卖盘
14:19:24	20.74	--	25	51849	卖盘
14:19:15	20.74	-0.01	19	39406	卖盘
14:19:09	20.75	--	22	45650	买盘
14:18:57	20.75	0.02	2	4150	买盘
14:18:54	20.73	-0.02	5	10365	卖盘
14:18:42	20.75	-0.01	24	49800	卖盘
14:18:39	20.76	0.01	4	8304	买盘
14:18:36	20.75	--	14	29050	卖盘
14:18:33	20.75	-0.01	4	8300	卖盘
14:18:30	20.76	--	10	20760	买盘
14:18:27	20.76	--	70	145320	卖盘
14:18:24	20.76	-0.01	31	64356	卖盘
14:18:18	20.77	0.01	23	47771	买盘
14:18:12	20.76	-0.01	1	2076	卖盘
14:18:06	20.77	--	47	98657	卖盘
14:18:03	20.77	--	33	69579	买盘
14:18:00	20.77	--	23	47771	买盘
14:17:54	20.77	--	21	43617	买盘
14:17:48	20.77	-0.01	10	20770	中性盘
14:17:42	20.78	--	31	64418	买盘
14:17:36	20.78	--	23	47794	买盘
14:17:30	20.78	--	3	6234	买盘
14:17:27	20.78	0.01	20	41560	买盘
14:17:21	20.77	--	5	10385	卖盘
14:17:18	20.77	0.01	3	6231	买盘
14:17:09	20.76	-0.01	1	2076	卖盘
14:17:06	20.77	0.01	7	14539	买盘
14:17:03	20.76	--	41	85116	买盘
14:17:00	20.76	--	12	24912	买盘
14:16:57	20.76	--	20	41520	买盘
14:16:54	20.76	0.01	19	39444	买盘
14:16:51	20.75	--	123	255225	买盘
14:16:30	20.75	0.03	65	134875	买盘
14:16:27	20.72	0.01	10	20720	买盘
14:16:24	20.71	-0.01	82	169822	卖盘
14:16:21	20.72	0.01	12	24864	买盘
14:16:09	20.71	--	17	35207	买盘
14:16:06	20.71	0.01	3	6213	买盘
14:15:54	20.7	--	8	18423	买盘
14:15:48	20.7	--	4	8280	买盘
14:15:42	20.7	--	3	6210	买盘
14:15:39	20.7	--	43	89010	买盘
14:15:30	20.7	0.02	2	4140	买盘
14:15:21	20.68	0.01	11	22748	买盘
14:15:09	20.67	--	40	82680	买盘
14:15:06	20.67	--	22	45474	买盘
14:15:00	20.67	0.01	3	6201	买盘
14:14:57	20.66	--	47	97102	卖盘
14:14:51	20.66	--	1	2066	卖盘
14:14:45	20.66	--	1	2066	买盘
14:14:42	20.66	--	17	35122	买盘
14:14:36	20.66	0.01	37	76442	买盘
14:14:33	20.65	--	21	43365	买盘
14:14:24	20.65	0.01	21	43365	买盘
14:14:21	20.64	--	5	10320	买盘
14:14:15	20.64	0.02	5	10320	买盘
14:14:09	20.62	-0.01	50	103100	卖盘
14:14:06	20.63	0.01	23	47449	买盘
14:14:00	20.62	-0.01	2	4124	卖盘
14:13:57	20.63	--	5	10315	买盘
14:13:54	20.63	--	10	20630	买盘
14:13:51	20.63	--	1	2063	买盘
14:13:39	20.63	--	1	2063	买盘
14:13:24	20.63	--	18	37134	中性盘
14:13:21	20.63	0.01	14	28882	中性盘
14:13:15	20.62	-0.01	27	55674	卖盘
14:13:12	20.63	0.01	4	8252	卖盘
14:13:03	20.62	-0.01	10	20620	卖盘
14:12:42	20.63	0.01	20	41260	买盘
14:12:30	20.62	-0.01	17	35054	卖盘
14:12:18	20.63	0.01	4	8252	买盘
14:12:00	20.62	--	15	30930	卖盘
14:11:54	20.62	--	10	20620	卖盘
14:11:48	20.62	--	89	183518	买盘
14:11:36	20.62	--	5	10310	买盘
14:11:33	20.62	0.01	1	2062	买盘
14:11:30	20.61	-0.01	70	144270	卖盘
14:11:24	20.62	0.01	3	6186	买盘
14:11:21	20.61	-0.01	34	70074	卖盘
14:11:15	20.62	--	21	43302	买盘
14:11:09	20.62	--	56	115472	买盘
14:11:03	20.62	--	8	16496	买盘
14:10:51	20.62	--	4	8248	买盘
14:10:39	20.62	--	10	20620	买盘
14:10:27	20.62	0.01	1	2062	中性盘
14:10:24	20.61	-0.02	50	103050	卖盘
14:10:09	20.63	--	13	26819	买盘
14:10:06	20.63	0.02	15	30945	买盘
14:10:00	20.61	--	30	61830	卖盘
14:09:48	20.61	--	0	1030	卖盘
14:09:42	20.61	--	5	10305	卖盘
14:09:39	20.61	0.01	4	9274	买盘
14:09:33	20.6	--	12	24720	卖盘
14:09:09	20.6	-0.01	100	206000	卖盘
14:09:06	20.61	0.01	5	10305	买盘
14:09:03	20.6	--	3	6180	卖盘
14:09:00	20.6	-0.01	12	24720	卖盘
14:08:57	20.61	--	6	12366	买盘
14:08:48	20.61	--	10	20610	买盘
14:08:45	20.61	-0.02	110	227740	卖盘
14:08:42	20.63	--	16	33008	卖盘
14:08:39	20.63	--	2	4126	卖盘
14:08:36	20.63	--	1	2063	卖盘
14:08:24	20.63	-0.01	21	43323	卖盘
14:08:15	20.64	0.01	5	10320	买盘
14:08:09	20.63	--	2	4126	卖盘
14:08:06	20.63	--	10	20630	卖盘
14:08:03	20.63	--	6	12378	卖盘
14:07:51	20.63	--	1	2063	卖盘
14:07:48	20.63	-0.01	1	2063	卖盘
14:07:33	20.64	--	1	2064	买盘
14:07:27	20.64	--	5	10320	买盘
14:07:24	20.64	--	5	10320	买盘
14:07:06	20.64	-0.01	22	45408	卖盘
14:06:54	20.65	--	9	18585	卖盘
14:06:48	20.65	0.01	21	43365	买盘
14:06:39	20.64	-0.01	3	6192	卖盘
14:06:27	20.65	--	3	6195	卖盘
14:06:15	20.65	--	10	20650	卖盘
14:06:12	20.65	0.01	27	55754	买盘
14:06:03	20.64	--	3	6192	卖盘
14:06:00	20.64	--	27	55728	买盘
14:05:45	20.64	--	1	2064	买盘
14:05:42	20.64	0.01	208	429312	买盘
14:05:39	20.63	-0.01	32	66016	卖盘
14:05:33	20.64	--	2	4128	买盘
14:05:30	20.64	--	19	39216	买盘
14:05:27	20.64	--	17	35088	卖盘
14:05:15	20.64	--	25	51600	卖盘
14:05:12	20.64	--	14	28896	卖盘
14:04:48	20.64	--	10	20640	卖盘
14:04:42	20.64	--	36	74304	卖盘
14:04:27	20.64	--	6	12384	卖盘
14:04:18	20.64	--	51	105264	卖盘
14:04:15	20.64	-0.01	6	12384	卖盘
14:04:00	20.65	--	1	2065	买盘
14:03:48	20.65	--	5	10325	买盘
14:03:45	20.65	-0.01	21	43365	卖盘
14:03:36	20.66	--	1	2066	买盘
14:03:33	20.66	0.01	22	45452	买盘
14:03:30	20.65	-0.01	4	8260	卖盘
14:03:15	20.66	0.01	4	8264	买盘
14:03:00	20.65	-0.01	11	22715	卖盘
14:02:57	20.66	--	22	45452	买盘
14:02:54	20.66	--	44	90904	买盘
14:02:48	20.66	--	5	10330	买盘
14:02:45	20.66	--	30	61980	买盘
14:02:39	20.66	--	1	2066	买盘
14:02:24	20.66	--	1	2066	买盘
14:02:18	20.66	--	5	10330	买盘
14:02:12	20.66	0.01	5	10330	买盘
14:02:09	20.65	-0.01	10	20650	卖盘
14:02:06	20.66	0.01	3	6198	买盘
14:02:03	20.65	--	21	43365	卖盘
14:01:57	20.65	-0.01	5	10325	卖盘
14:01:45	20.66	0.01	12	24792	买盘
14:01:36	20.65	-0.01	2	4130	卖盘
14:01:33	20.66	0.01	1	2066	买盘
14:01:27	20.65	--	5	10325	卖盘
14:01:21	20.65	--	60	123899	卖盘
14:01:18	20.65	--	14	28909	卖盘
14:01:06	20.65	-0.01	10	20650	卖盘
14:01:03	20.66	0.01	10	20660	买盘
14:00:57	20.65	--	40	82600	卖盘
14:00:36	20.65	--	17	35105	卖盘
14:00:33	20.65	--	3	6195	卖盘
14:00:24	20.65	-0.01	2	4130	卖盘
14:00:12	20.66	--	2	4132	买盘
13:59:57	20.66	--	8	16528	买盘
13:59:48	20.66	--	2	4132	买盘
13:59:45	20.66	--	12	24792	买盘
13:59:42	20.66	--	8	16528	买盘
13:59:39	20.66	-0.01	6	12396	卖盘
13:59:36	20.67	0.01	4	8268	买盘
13:59:33	20.66	--	12	24792	卖盘
13:59:30	20.66	--	4	8264	卖盘
13:59:21	20.66	--	3	6198	卖盘
13:58:54	20.66	-0.01	10	20660	卖盘
13:58:48	20.67	--	10	20670	买盘
13:58:45	20.67	--	3	6201	买盘
13:58:42	20.67	0.01	10	20670	买盘
13:58:33	20.66	0.01	6	12396	中性盘
13:58:18	20.65	-0.01	1	2065	卖盘
13:58:12	20.66	--	3	6198	买盘
13:58:09	20.66	--	4	9297	卖盘
13:58:03	20.66	-0.01	7	14462	卖盘
13:57:57	20.67	0.01	5	10335	买盘
13:57:51	20.66	--	3	6198	卖盘
13:57:42	20.66	--	20	42353	卖盘
13:57:39	20.66	-0.01	12	24792	卖盘
13:57:30	20.67	--	5	10335	买盘
13:57:27	20.67	0.01	5	10335	买盘
13:57:18	20.66	-0.01	2	4132	卖盘
13:57:15	20.67	--	5	10335	买盘
13:56:42	20.67	--	20	41340	买盘
13:56:21	20.67	--	8	16536	买盘
13:56:00	20.67	0.01	20	41340	买盘
13:55:48	20.66	-0.01	9	18594	卖盘
13:55:39	20.67	--	7	14469	中性盘
13:55:30	20.67	--	5	10335	买盘
13:55:24	20.67	--	4	8268	买盘
13:55:21	20.67	--	10	20670	买盘
13:55:15	20.67	--	11	22737	买盘
13:55:12	20.67	--	5	10335	买盘
13:55:06	20.67	--	5	10335	买盘
13:55:00	20.67	0.01	1	2067	买盘
13:54:45	20.66	-0.01	43	88838	卖盘
13:54:33	20.67	0.02	5	10335	买盘
13:54:12	20.65	-0.01	6	12390	卖盘
13:54:06	20.66	0.01	47	97102	买盘
13:53:15	20.65	0.01	98	202370	买盘
13:53:09	20.64	--	3	6192	中性盘
13:53:00	20.64	--	7	14448	卖盘
13:52:54	20.64	0.01	3	6192	买盘
13:52:51	20.63	--	5	10315	卖盘
13:52:48	20.63	--	10	20630	卖盘
13:52:42	20.63	-0.01	10	20630	卖盘
13:52:39	20.64	-0.01	7	14448	卖盘
13:52:36	20.65	0.01	1	2065	买盘
13:52:33	20.64	--	2	4128	卖盘
13:52:27	20.64	--	3	6192	卖盘
13:52:21	20.64	-0.01	24	49536	卖盘
13:52:12	20.65	--	10	20650	买盘
13:52:09	20.65	0.01	11	22715	中性盘
13:51:57	20.64	--	46	94944	卖盘
13:51:54	20.64	-0.01	2	4128	卖盘
13:51:48	20.65	0.01	3	6195	买盘
13:51:45	20.64	-0.01	11	22704	卖盘
13:51:33	20.65	--	4	8260	卖盘
13:51:09	20.65	0.01	5	10325	买盘
13:51:06	20.64	-0.01	3	6192	卖盘
13:51:00	20.65	0.01	5	10325	买盘
13:50:51	20.64	-0.01	20	41280	卖盘
13:50:36	20.65	--	48	99120	卖盘
13:50:33	20.65	--	20	41300	卖盘
13:50:21	20.65	--	10	20650	卖盘
13:50:18	20.65	-0.02	10	20650	卖盘
13:50:03	20.67	--	33	68211	买盘
13:50:00	20.67	--	3	6201	买盘
13:49:54	20.67	--	15	31005	卖盘
13:49:51	20.67	-0.01	5	10335	卖盘
13:49:45	20.68	--	1	2068	买盘
13:49:42	20.68	--	2	4136	买盘
13:49:21	20.68	--	3	6204	买盘
13:49:12	20.68	--	13	26884	卖盘
13:49:00	20.68	--	2	4136	卖盘
13:48:06	20.68	-0.01	41	84788	卖盘
13:47:54	20.69	--	2	4138	买盘
13:47:51	20.69	0.01	8	16552	买盘
13:47:36	20.68	--	21	43428	卖盘
13:47:33	20.68	-0.01	4	8272	卖盘
13:47:21	20.69	--	5	10345	卖盘
13:47:18	20.69	--	5	10345	买盘
13:47:12	20.69	0.01	10	20690	买盘
13:46:57	20.68	--	47	97196	买盘
13:46:21	20.68	0.02	5	10340	买盘
13:46:15	20.66	0.01	1	2066	买盘
13:46:12	20.65	-0.01	20	41300	卖盘
13:46:03	20.66	-0.01	8	16528	卖盘
13:46:00	20.67	-0.01	4	8268	卖盘
13:45:57	20.68	--	5	10340	买盘
13:45:54	20.68	--	2	4136	买盘
13:45:27	20.68	0.02	18	37224	买盘
13:45:21	20.66	--	23	47518	买盘
13:45:06	20.66	--	44	90904	卖盘
13:44:57	20.66	-0.01	4	8264	卖盘
13:44:51	20.67	0.01	10	20670	买盘
13:44:48	20.66	--	10	20660	卖盘
13:44:45	20.66	--	4	8264	卖盘
13:44:42	20.66	--	22	45452	卖盘
13:44:39	20.66	--	26	53716	卖盘
13:44:36	20.66	--	11	22726	卖盘
13:44:30	20.66	-0.02	20	41320	卖盘
13:44:21	20.68	0.01	34	70312	买盘
13:44:18	20.67	--	38	78546	卖盘
13:44:03	20.67	--	2	4134	卖盘
13:43:48	20.67	-0.01	1	2067	卖盘
13:43:36	20.68	--	45	93060	卖盘
13:43:24	20.68	--	7	14476	卖盘
13:43:15	20.68	--	7	14476	卖盘
13:43:12	20.68	-0.01	1	2068	卖盘
13:42:39	20.69	--	2	4138	买盘
13:42:33	20.69	--	3	6207	卖盘
13:42:27	20.69	-0.01	20	41380	卖盘
13:42:12	20.7	0.01	2	4140	中性盘
13:41:54	20.69	-0.01	18	37242	卖盘
13:41:51	20.7	0.01	2	4140	买盘
13:41:39	20.69	--	5	10345	卖盘
13:41:33	20.69	--	11	22759	卖盘
13:41:27	20.69	--	20	41380	卖盘
13:41:18	20.69	-0.01	25	51725	卖盘
13:41:12	20.7	0.01	5	10350	中性盘
13:41:06	20.69	-0.02	8	16552	卖盘
13:41:03	20.71	-0.01	15	31065	中性盘
13:40:51	20.72	0.03	1	2072	买盘
13:40:45	20.69	-0.03	12	24828	卖盘
13:40:39	20.72	-0.01	10	20720	卖盘
13:40:30	20.73	--	63	131635	卖盘
13:40:27	20.73	--	2	4146	卖盘
13:40:24	20.73	--	3	6219	卖盘
13:40:21	20.73	0.04	35	73591	买盘
13:40:18	20.69	-0.03	235	486215	卖盘
13:40:15	20.72	--	20	41440	卖盘
13:40:06	20.72	--	11	22792	卖盘
13:40:00	20.72	-0.01	66	136752	卖盘
13:39:57	20.73	-0.01	5	10365	卖盘
13:39:45	20.74	--	28	58071	卖盘
13:39:39	20.74	-0.01	31	64293	中性盘
13:39:36	20.75	0.02	10	20750	买盘
13:39:30	20.73	--	1	2073	卖盘
13:39:27	20.73	-0.01	10	20730	卖盘
13:39:21	20.74	0.01	4	8296	买盘
13:39:18	20.73	-0.02	6	12438	卖盘
13:39:12	20.75	--	20	41500	买盘
13:39:09	20.75	0.02	44	91300	买盘
13:39:06	20.73	-0.01	15	31095	卖盘
13:39:03	20.74	-0.01	20	41480	卖盘
13:38:57	20.75	0.01	2	4150	买盘
13:38:54	20.74	-0.01	13	26961	卖盘
13:38:51	20.75	--	15	31125	买盘
13:38:42	20.75	--	25	51875	买盘
13:38:30	20.75	--	37	76775	买盘
13:38:24	20.75	--	9	18675	买盘
13:38:09	20.75	0.01	30	62250	买盘
13:38:00	20.74	--	23	47702	买盘
13:37:57	20.74	--	14	29035	买盘
13:37:54	20.74	--	10	20740	买盘
13:37:48	20.74	0.01	4	8296	买盘
13:37:45	20.73	--	10	20730	卖盘
13:37:42	20.73	--	20	41460	卖盘
13:37:39	20.73	--	6	12438	卖盘
13:37:30	20.73	--	5	10365	买盘
13:37:27	20.73	--	13	26949	买盘
13:37:21	20.73	--	1	2073	买盘
13:37:18	20.73	0.01	6	12438	中性盘
13:37:00	20.72	0.01	10	20720	买盘
13:36:57	20.71	--	10	20710	卖盘
13:36:51	20.71	0.01	23	47633	买盘
13:36:48	20.7	-0.01	10	20700	卖盘
13:36:45	20.71	0.01	14	28994	买盘
13:36:33	20.7	--	4	8280	买盘
13:36:30	20.7	--	13	26910	买盘
13:36:27	20.7	--	1	2070	买盘
13:36:24	20.7	--	1	2070	买盘
13:36:21	20.7	--	15	31050	买盘
13:36:18	20.7	--	18	37260	买盘
13:36:12	20.7	--	10	20700	买盘
13:36:06	20.7	--	2	4140	买盘
13:36:03	20.7	0.01	11	22770	买盘
13:35:54	20.69	--	58	120002	买盘
13:35:51	20.69	--	10	20690	买盘
13:35:45	20.69	--	2	4138	买盘
13:35:39	20.69	--	1	2069	买盘
13:35:30	20.69	0.01	7	14483	买盘
13:35:27	20.68	--	6	12408	卖盘
13:35:21	20.68	--	10	20680	卖盘
13:35:15	20.68	-0.01	1	2068	卖盘
13:35:06	20.69	--	10	20690	买盘
13:34:57	20.69	0.01	30	62070	买盘
13:34:54	20.68	--	29	59972	卖盘
13:34:18	20.68	--	14	28952	买盘
13:34:06	20.68	0.01	8	16544	买盘
13:33:39	20.67	--	21	43407	卖盘
13:33:33	20.67	--	10	20670	卖盘
13:33:30	20.67	-0.01	11	22737	卖盘
13:33:21	20.68	0.01	5	10340	买盘
13:33:09	20.67	--	17	35139	买盘
13:33:03	20.67	--	17	35139	卖盘
13:32:54	20.67	--	8	16536	卖盘
13:32:51	20.67	0.01	3	6201	买盘
13:32:42	20.66	--	6	12396	卖盘
13:32:03	20.66	--	5	10330	卖盘
13:31:54	20.66	--	18	37188	买盘
13:31:45	20.66	-0.01	10	20660	卖盘
13:31:42	20.67	--	2	4134	买盘
13:31:39	20.67	--	1	2067	买盘
13:31:36	20.67	--	3	6201	买盘
13:31:18	20.67	--	5	10335	买盘
13:31:15	20.67	0.01	7	14469	买盘
13:30:54	20.66	--	4	8264	卖盘
13:30:48	20.66	-0.01	8	16528	卖盘
13:30:42	20.67	--	1	2067	买盘
13:30:33	20.67	0.01	1	2067	买盘
13:30:21	20.66	--	23	47518	卖盘
13:30:18	20.66	-0.01	3	6198	卖盘
13:30:09	20.67	--	3	6201	买盘
13:29:57	20.67	--	1	2067	卖盘
13:29:45	20.67	--	2	4134	买盘
13:29:39	20.67	--	13	26871	卖盘
13:29:30	20.67	-0.01	7	14469	卖盘
13:29:18	20.68	0.01	3	6204	买盘
13:29:09	20.67	-0.01	5	10335	中性盘
13:28:30	20.68	0.02	5	10340	买盘
13:28:24	20.66	-0.02	30	61980	卖盘
13:28:21	20.68	--	3	6204	买盘
13:28:12	20.68	--	13	26884	买盘
13:27:54	20.68	--	1	2068	买盘
13:27:42	20.68	0.01	2	4136	买盘
13:27:30	20.67	--	3	6201	买盘
13:27:27	20.67	--	7	14469	卖盘
13:26:54	20.67	--	3	6201	卖盘
13:26:45	20.67	0.01	13	26871	买盘
13:26:36	20.66	-0.01	5	10330	中性盘
13:26:27	20.67	0.02	15	31005	买盘
13:26:24	20.65	-0.02	30	61949	卖盘
13:26:15	20.67	0.01	10	20670	买盘
13:26:06	20.66	-0.01	6	12396	卖盘
13:26:03	20.67	--	2	4134	买盘
13:26:00	20.67	--	9	18603	卖盘
13:25:57	20.67	--	5	10335	卖盘
13:25:51	20.67	--	1	2067	买盘
13:25:45	20.67	-0.02	7	14469	卖盘
13:25:42	20.69	--	10	20690	买盘
13:25:39	20.69	--	1	2069	买盘
13:25:30	20.69	--	43	88967	买盘
13:25:12	20.69	0.02	5	10345	买盘
13:25:09	20.67	--	16	33072	卖盘
13:24:57	20.67	--	15	31005	卖盘
13:24:33	20.67	--	202	417534	卖盘
13:24:30	20.67	--	10	20670	卖盘
13:24:27	20.67	0.01	103	212901	买盘
13:24:24	20.66	-0.01	2	4132	卖盘
13:24:18	20.67	0.01	3	6201	买盘
13:24:09	20.66	--	72	148752	卖盘
13:24:00	20.66	--	10	20660	卖盘
13:23:57	20.66	--	1	2066	卖盘
13:23:45	20.66	-0.01	25	51650	卖盘
13:23:42	20.67	--	2	4134	买盘
13:22:57	20.67	--	1	2067	买盘
13:22:51	20.67	-0.01	14	28938	卖盘
13:22:45	20.68	--	10	20680	买盘
13:22:30	20.68	--	27	55836	卖盘
13:22:24	20.68	-0.01	19	39292	卖盘
13:22:21	20.69	--	56	115864	卖盘
13:22:18	20.69	--	20	41380	卖盘
13:22:15	20.69	-0.01	25	51725	卖盘
13:22:09	20.7	0.01	9	18630	买盘
13:22:06	20.69	--	9	18621	卖盘
13:22:03	20.69	--	54	111726	卖盘
13:22:00	20.69	-0.01	2	4138	卖盘
13:21:42	20.7	--	35	72450	卖盘
13:21:39	20.7	--	5	10350	卖盘
13:21:30	20.7	--	4	8280	卖盘
13:21:21	20.7	--	10	20700	卖盘
13:21:15	20.7	--	26	53820	卖盘
13:21:12	20.7	--	2	4140	卖盘
13:21:09	20.7	--	1	2070	卖盘
13:21:06	20.7	--	16	33120	买盘
13:21:03	20.7	--	3	6210	买盘
13:21:00	20.7	0.01	4	8280	买盘
13:20:57	20.69	-0.01	100	206900	卖盘
13:20:51	20.7	--	21	43470	买盘
13:20:48	20.7	0.01	10	20700	买盘
13:20:39	20.69	-0.01	6	12414	卖盘
13:20:33	20.7	--	6	12420	买盘
13:20:30	20.7	--	2	4140	卖盘
13:20:24	20.7	0.01	29	60030	买盘
13:20:21	20.69	-0.01	45	93105	卖盘
13:20:12	20.7	--	91	188370	买盘
13:20:06	20.7	0.01	1	2070	买盘
13:20:03	20.69	-0.01	29	60001	卖盘
13:20:00	20.7	0.01	19	39330	买盘
13:19:57	20.69	--	10	20690	卖盘
13:19:51	20.69	--	14	28966	卖盘
13:19:42	20.69	--	5	10345	卖盘
13:19:39	20.69	-0.01	4	8276	卖盘
13:19:27	20.7	--	32	66240	买盘
13:19:18	20.7	--	10	20700	买盘
13:19:15	20.7	--	4	8280	买盘
13:19:03	20.7	--	2	4140	买盘
13:19:00	20.7	--	4	8280	买盘
13:18:57	20.7	--	5	10350	买盘
13:18:45	20.7	--	5	10350	买盘
13:18:42	20.7	--	5	10350	买盘
13:18:39	20.7	--	15	31050	买盘
13:18:30	20.7	--	8	16560	买盘
13:18:27	20.7	0.01	10	20700	买盘
13:18:24	20.69	--	6	12414	卖盘
13:18:15	20.69	-0.01	5	10345	卖盘
13:18:12	20.7	0.01	2	4140	买盘
13:18:09	20.69	--	57	117933	卖盘
13:17:51	20.69	--	84	173796	买盘
13:17:48	20.69	--	5	10345	买盘
13:17:30	20.69	--	19	39311	买盘
13:17:06	20.69	0.01	52	107588	买盘
13:17:00	20.68	--	10	21714	买盘
13:16:57	20.68	0.01	5	10340	买盘
13:16:54	20.67	--	1	2067	卖盘
13:16:45	20.67	--	10	20670	卖盘
13:16:42	20.67	--	24	49608	买盘
13:16:36	20.67	--	4	8268	买盘
13:16:33	20.67	--	5	10335	买盘
13:16:24	20.67	--	38	78546	买盘
13:16:21	20.67	0.01	5	10335	买盘
13:15:48	20.66	--	4	8264	卖盘
13:15:39	20.66	-0.02	21	43386	卖盘
13:15:36	20.68	0.03	8	16544	买盘
13:15:09	20.65	-0.01	205	423324	卖盘
13:15:03	20.66	-0.01	27	55782	卖盘
13:15:00	20.67	0.01	10	20670	买盘
13:14:57	20.66	--	5	10330	卖盘
13:14:45	20.66	-0.01	1	2066	卖盘
13:14:42	20.67	-0.01	3	6201	中性盘
13:14:30	20.68	0.01	5	10340	买盘
13:14:18	20.67	--	6	12402	买盘
13:14:06	20.67	0.01	50	103350	买盘
13:13:48	20.66	0.01	42	86772	买盘
13:13:45	20.65	--	5	10325	买盘
13:13:39	20.65	-0.01	1	2065	买盘
13:13:36	20.66	0.01	15	30990	买盘
13:13:30	20.65	-0.01	5	10325	卖盘
13:13:24	20.66	0.02	4	8264	买盘
13:13:21	20.64	-0.01	22	45408	卖盘
13:13:18	20.65	--	25	51625	买盘
13:13:03	20.65	0.01	1	2065	买盘
13:13:00	20.64	--	4	8256	中性盘
13:12:54	20.64	--	8	16512	买盘
13:12:45	20.64	0.01	6	12384	买盘
13:12:42	20.63	-0.01	55	113465	卖盘
13:12:27	20.64	0.01	1	2064	中性盘
13:12:15	20.63	--	35	72205	买盘
13:12:06	20.63	--	70	144410	买盘
13:11:57	20.63	0.01	5	10315	买盘
13:11:54	20.62	--	6	12372	卖盘
13:11:48	20.62	--	10	20620	卖盘
13:11:27	20.62	--	2	5155	买盘
13:11:24	20.62	--	11	22682	买盘
13:11:21	20.62	--	5	10310	买盘
13:11:15	20.62	0.01	6	12372	买盘
13:11:12	20.61	-0.01	4	8244	卖盘
13:11:09	20.62	--	2	4124	买盘
13:11:06	20.62	--	1	2062	买盘
13:10:54	20.62	0.01	5	10310	买盘
13:10:48	20.61	-0.01	4	8244	卖盘
13:10:39	20.62	0.02	3	6186	买盘
13:10:33	20.6	-0.01	88	181280	卖盘
13:10:30	20.61	--	6	12366	卖盘
13:10:27	20.61	--	10	20610	卖盘
13:10:21	20.61	--	1	2061	买盘
13:10:18	20.61	--	2	4122	买盘
13:09:51	20.61	0.01	7	14427	买盘
13:09:48	20.6	-0.01	3	6180	卖盘
13:09:42	20.61	--	20	41220	买盘
13:09:36	20.61	--	7	14427	买盘
13:09:27	20.61	-0.01	9	18549	卖盘
13:09:24	20.62	--	3	6186	买盘
13:09:00	20.62	--	2	4124	买盘
13:08:57	20.62	--	10	20620	买盘
13:08:51	20.62	--	3	6186	买盘
13:08:45	20.62	-0.01	5	10310	卖盘
13:08:39	20.63	--	2	4126	买盘
13:08:12	20.63	0.01	2	4126	买盘
13:08:00	20.62	0.02	35	72170	买盘
13:07:51	20.6	-0.02	1	2060	卖盘
13:07:48	20.62	0.02	1	2062	买盘
13:07:42	20.6	-0.01	7	14420	卖盘
13:07:30	20.61	--	5	10305	买盘
13:07:27	20.61	--	16	32976	卖盘
13:07:21	20.61	-0.01	10	20610	卖盘
13:07:12	20.62	--	10	20620	买盘
13:07:06	20.62	0.01	1	2062	买盘
13:06:36	20.61	--	24	49464	买盘
13:06:33	20.61	--	7	14427	买盘
13:06:30	20.61	--	6	12366	买盘
13:06:27	20.61	--	7	14427	买盘
13:06:12	20.61	--	40	82440	买盘
13:05:57	20.61	--	2	4122	买盘
13:05:48	20.61	0.01	76	156636	买盘
13:05:18	20.6	--	2	4120	卖盘
13:05:12	20.6	0.02	1	2060	卖盘
13:05:06	20.58	-0.02	20	41160	卖盘
13:04:39	20.6	0.02	20	41200	买盘
13:04:30	20.58	-0.01	7	14405	卖盘
13:04:27	20.59	--	1	2059	卖盘
13:04:24	20.59	--	5	10295	买盘
13:04:21	20.59	--	3	6177	卖盘
13:04:15	20.59	-0.01	2	4118	卖盘
13:04:06	20.6	--	1	2060	买盘
13:03:54	20.6	--	22	45320	买盘
13:03:48	20.6	--	10	20600	买盘
13:03:45	20.6	--	5	10300	买盘
13:03:36	20.6	--	10	20600	买盘
13:03:33	20.6	--	9	18540	买盘
13:03:30	20.6	--	10	20600	买盘
13:03:15	20.6	--	33	67980	卖盘
13:03:00	20.6	--	1	2060	买盘
13:02:45	20.6	--	2	4120	卖盘
13:02:33	20.6	0.03	20	41200	中性盘
13:01:36	20.57	-0.04	49	100793	卖盘
13:01:30	20.61	0.05	2	4122	买盘
13:01:24	20.56	-0.05	1	2056	卖盘
13:01:09	20.61	0.05	5	10305	买盘
13:01:03	20.56	--	7	14392	卖盘
13:01:00	20.56	-0.05	2	5140	卖盘
13:00:57	20.61	0.05	3	6183	买盘
13:00:09	20.56	--	8	16448	卖盘
13:00:06	20.56	--	10	20560	卖盘
13:00:03	20.56	--	158	324848	买盘
13:00:00	20.56	--	0	0	买盘
11:30:00	20.56	--	0	0	买盘
11:29:57	20.56	-0.04	51	104856	卖盘
11:29:54	20.6	0.01	5	10300	买盘
11:29:51	20.59	--	5	10295	卖盘
11:29:36	20.59	-0.01	1	2059	卖盘
11:29:33	20.6	--	3	6180	买盘
11:29:24	20.6	--	2	4120	买盘
11:29:09	20.6	0.01	4	8240	买盘
11:29:06	20.59	-0.01	9	18531	卖盘
11:29:03	20.6	0.01	1	2060	买盘
11:28:48	20.59	--	23	47357	卖盘
11:28:36	20.59	--	4	8236	买盘
11:28:30	20.59	--	8	16472	买盘
11:28:24	20.59	0.01	3	6177	买盘
11:28:21	20.58	-0.01	1	2058	卖盘
11:28:18	20.59	--	3	6177	买盘
11:28:00	20.59	--	1	2059	卖盘
11:27:51	20.59	--	1	2059	买盘
11:27:33	20.59	--	2	4118	买盘
11:27:30	20.59	--	1	2059	买盘
11:27:24	20.59	--	14	28826	买盘
11:27:12	20.59	0.02	31	63829	买盘
11:27:09	20.57	0.02	2	4114	买盘
11:27:06	20.55	--	15	31770	买盘
11:27:03	20.55	--	110	226050	买盘
11:27:00	20.55	--	37	76035	买盘
11:26:57	20.55	--	53	108915	买盘
11:26:51	20.55	--	30	61650	买盘
11:26:48	20.55	--	3	6165	买盘
11:26:42	20.55	--	30	61650	买盘
11:26:39	20.55	--	24	49320	买盘
11:26:36	20.55	--	5	10275	买盘
11:26:33	20.55	--	10	20550	买盘
11:26:18	20.55	-0.03	158	325799	卖盘
11:26:12	20.58	0.01	14	28811	买盘
11:26:03	20.57	--	15	30855	卖盘
11:25:45	20.57	--	2	4114	卖盘
11:25:36	20.57	--	16	32912	卖盘
11:25:33	20.57	-0.01	12	24684	卖盘
11:25:30	20.58	--	2	4116	买盘
11:25:27	20.58	--	40	82320	买盘
11:25:21	20.58	--	5	10290	买盘
11:25:06	20.58	-0.01	4	8232	卖盘
11:25:03	20.59	--	24	49416	买盘
11:25:00	20.59	--	4	8236	买盘
11:24:57	20.59	--	1	2059	买盘
11:24:54	20.59	0.01	1	2059	买盘
11:24:48	20.58	--	20	41160	卖盘
11:24:39	20.58	--	1	2058	买盘
11:24:33	20.58	-0.01	3	6173	中性盘
11:24:21	20.59	0.04	10	20590	买盘
11:24:03	20.55	-0.04	40	82200	卖盘
11:23:54	20.59	0.03	50	102950	买盘
11:23:45	20.56	0.01	5	10280	中性盘
11:23:39	20.55	--	20	41100	卖盘
11:23:30	20.55	--	2	5055	买盘
11:23:27	20.55	-0.03	12	25769	卖盘
11:23:24	20.58	0.03	8	16464	买盘
11:23:18	20.55	-0.01	73	150960	卖盘
11:23:09	20.56	--	10	20560	买盘
11:23:03	20.56	0.01	1	2056	买盘
11:22:45	20.55	--	11	22605	买盘
11:22:42	20.55	--	5	10275	买盘
11:22:39	20.55	--	2	4110	买盘
11:22:27	20.55	--	5	10275	买盘
11:22:24	20.55	--	8	16440	卖盘
11:22:21	20.55	--	12	24660	卖盘
11:22:12	20.55	--	3	6165	卖盘
11:22:09	20.55	-0.01	30	61650	卖盘
11:22:00	20.56	0.01	6	12336	买盘
11:21:57	20.55	--	6	12330	卖盘
11:21:54	20.55	-0.01	55	113025	卖盘
11:21:51	20.56	0.01	8	16448	买盘
11:21:48	20.55	--	20	41100	卖盘
11:21:42	20.55	--	2	4110	卖盘
11:21:39	20.55	-0.01	4	8220	卖盘
11:21:36	20.56	0.01	5	10280	买盘
11:21:27	20.55	--	10	20550	卖盘
11:21:24	20.55	-0.01	2	4110	卖盘
11:21:21	20.56	0.01	1	2056	买盘
11:21:18	20.55	--	11	22605	卖盘
11:21:15	20.55	--	6	12330	卖盘
11:21:09	20.55	--	43	88365	卖盘
11:21:03	20.55	-0.01	60	123300	卖盘
11:20:57	20.56	--	24	49344	买盘
11:20:54	20.56	--	1	2056	买盘
11:20:51	20.56	--	1	2056	买盘
11:20:48	20.56	--	3	6168	买盘
11:20:39	20.56	--	12	24672	买盘
11:20:36	20.56	--	37	77182	卖盘
11:20:24	20.56	--	35	71960	卖盘
11:20:09	20.56	-0.02	70	143920	卖盘
11:19:57	20.58	0.01	1	2058	买盘
11:19:54	20.57	--	6	12342	卖盘
11:19:45	20.57	-0.01	10	20570	卖盘
11:19:30	20.58	--	35	72030	卖盘
11:19:21	20.58	--	1	2058	卖盘
11:19:00	20.58	-0.01	6	12347	卖盘
11:18:54	20.59	0.01	5	10295	买盘
11:18:48	20.58	-0.01	1	2058	卖盘
11:18:30	20.59	--	1	2059	买盘
11:18:15	20.59	-0.01	3	6177	卖盘
11:18:12	20.6	0.01	42	86520	买盘
11:18:06	20.59	--	6	12354	买盘
11:18:03	20.59	-0.01	70	144130	卖盘
11:17:57	20.6	--	28	57680	买盘
11:17:51	20.6	0.01	2	4120	买盘
11:17:39	20.59	-0.01	15	30885	卖盘
11:17:27	20.6	--	5	10300	买盘
11:17:21	20.6	0.01	4	8240	买盘
11:17:15	20.59	-0.01	8	16472	卖盘
11:17:06	20.6	--	3	6180	买盘
11:16:51	20.6	--	5	10300	买盘
11:16:42	20.6	0.01	1	2060	买盘
11:16:36	20.59	--	9	18531	卖盘
11:16:27	20.59	--	8	16472	卖盘
11:16:18	20.59	--	1	2059	卖盘
11:16:12	20.59	--	144	296496	卖盘
11:16:09	20.59	--	17	35003	买盘
11:15:57	20.59	--	3	6177	买盘
11:15:54	20.59	-0.01	12	24708	卖盘
11:15:51	20.6	--	10	20600	买盘
11:15:39	20.6	0.01	1	2060	买盘
11:15:36	20.59	-0.01	10	20590	卖盘
11:15:33	20.6	0.01	1	2060	买盘
11:15:18	20.59	-0.01	120	247080	卖盘
11:15:15	20.6	0.01	8	16480	买盘
11:15:09	20.59	--	9	18531	卖盘
11:14:54	20.59	--	20	41180	买盘
11:14:48	20.59	0.01	10	20590	买盘
11:14:42	20.58	0.01	10	20580	中性盘
11:14:18	20.57	--	18	37026	卖盘
11:14:12	20.57	--	1	2057	卖盘
11:13:51	20.57	-0.01	57	118195	卖盘
11:13:48	20.58	--	2	4116	买盘
11:13:45	20.58	--	26	53507	买盘
11:13:42	20.58	--	35	72030	买盘
11:13:39	20.58	--	21	43218	买盘
11:13:36	20.58	--	28	57623	买盘
11:13:33	20.58	--	8	16464	买盘
11:13:18	20.58	0.01	10	20580	买盘
11:13:15	20.57	-0.01	8	16456	卖盘
11:13:06	20.58	--	1	2058	买盘
11:13:03	20.58	--	3	6173	买盘
11:12:57	20.58	--	39	80262	买盘
11:12:51	20.58	0.02	3	6173	买盘
11:12:48	20.56	-0.02	20	41120	卖盘
11:12:33	20.58	0.03	20	41160	买盘
11:12:30	20.55	-0.01	5	10275	卖盘
11:12:18	20.56	-0.02	17	34952	卖盘
11:12:15	20.58	0.02	17	34986	买盘
11:12:06	20.56	--	29	59623	卖盘
11:12:03	20.56	--	1	2056	卖盘
11:11:57	20.56	--	10	20560	卖盘
11:11:54	20.56	--	21	43176	卖盘
11:11:48	20.56	--	4	8224	卖盘
11:11:36	20.56	-0.02	100	205600	卖盘
11:11:33	20.58	-0.01	2	4116	卖盘
11:11:24	20.59	--	1	2059	买盘
11:11:21	20.59	--	4	8236	卖盘
11:11:12	20.59	--	3	6177	卖盘
11:11:09	20.59	--	2	4118	卖盘
11:11:06	20.59	--	1	2059	中性盘
11:10:57	20.59	--	2	4118	卖盘
11:10:54	20.59	0.01	1	2059	买盘
11:10:33	20.58	--	10	20580	卖盘
11:10:30	20.58	0.01	28	58652	买盘
11:10:27	20.57	-0.01	23	47311	卖盘
11:10:18	20.58	0.01	9	18522	买盘
11:10:15	20.57	-0.01	22	45254	卖盘
11:10:12	20.58	--	29	59681	买盘
11:10:09	20.58	--	31	63797	卖盘
11:10:03	20.58	--	2	4116	卖盘
11:10:00	20.58	0.01	26	53507	买盘
11:09:57	20.57	--	2	4114	卖盘
11:09:36	20.57	--	4	8228	卖盘
11:09:33	20.57	--	5	10285	卖盘
11:09:27	20.57	--	2	4114	卖盘
11:09:24	20.57	--	29	59653	买盘
11:09:21	20.57	--	7	14399	买盘
11:09:18	20.57	--	3	6171	买盘
11:09:15	20.57	--	2	4114	买盘
11:09:12	20.57	--	2	4114	买盘
11:09:06	20.57	--	33	67881	买盘
11:08:48	20.57	--	41	84337	买盘
11:08:45	20.57	--	2	4114	买盘
11:08:42	20.57	0.01	5	10285	买盘
11:08:36	20.56	--	4	8224	卖盘
11:08:33	20.56	-0.01	21	43176	中性盘
11:08:30	20.57	0.01	10	20570	买盘
11:08:27	20.56	--	4	8224	买盘
11:08:24	20.56	--	43	88408	卖盘
11:08:21	20.56	--	5	10280	卖盘
11:08:12	20.56	-0.01	6	12336	卖盘
11:08:09	20.57	--	2	4114	买盘
11:08:06	20.57	0.01	5	10285	买盘
11:08:03	20.56	--	4	8224	卖盘
11:08:00	20.56	-0.01	2	4112	卖盘
11:07:57	20.57	0.01	14	28798	买盘
11:07:51	20.56	--	16	32896	卖盘
11:07:45	20.56	--	2	4112	卖盘
11:07:42	20.56	-0.01	66	135696	卖盘
11:07:39	20.57	--	1	2057	买盘
11:07:33	20.57	--	9	18513	买盘
11:07:24	20.57	--	2	4114	买盘
11:07:21	20.57	-0.01	23	47311	卖盘
11:07:15	20.58	0.01	2	4116	买盘
11:07:12	20.57	-0.01	5	10285	卖盘
11:07:09	20.58	--	1	2058	买盘
11:07:06	20.58	--	6	12347	卖盘
11:07:03	20.58	-0.01	7	14405	卖盘
11:06:57	20.59	0.01	2	4118	中性盘
11:06:54	20.58	-0.02	11	22637	卖盘
11:06:45	20.6	-0.01	20	42230	卖盘
11:06:42	20.61	0.01	22	45342	买盘
11:06:39	20.6	--	177	364620	卖盘
11:06:36	20.6	--	80	164800	卖盘
11:06:27	20.6	-0.01	35	72100	卖盘
11:06:18	20.61	--	106	218466	卖盘
11:06:09	20.61	--	10	20610	卖盘
11:06:06	20.61	--	12	24732	卖盘
11:06:03	20.61	-0.01	30	61830	卖盘
11:05:54	20.62	--	13	26806	卖盘
11:05:51	20.62	-0.01	32	65984	卖盘
11:05:48	20.63	-0.02	1	2063	中性盘
11:05:36	20.65	--	11	22715	卖盘
11:05:27	20.65	0.02	16	33040	买盘
11:05:24	20.63	-0.02	10	20630	卖盘
11:05:18	20.65	0.02	3	6195	买盘
11:04:48	20.63	-0.02	5	10315	中性盘
11:04:30	20.65	0.04	18	37170	中性盘
11:04:27	20.61	-0.02	100	206100	卖盘
11:04:21	20.63	0.01	1	2063	中性盘
11:04:15	20.62	--	9	18558	买盘
11:04:12	20.62	--	8	16496	买盘
11:04:00	20.62	0.01	13	26806	买盘
11:03:57	20.61	-0.01	6	12366	卖盘
11:03:42	20.62	0.01	2	4124	买盘
11:03:39	20.61	-0.01	10	20610	卖盘
11:03:33	20.62	--	100	206200	买盘
11:03:27	20.62	0.01	5	10310	买盘
11:03:21	20.61	--	10	20610	卖盘
11:03:18	20.61	-0.01	4	8244	卖盘
11:03:12	20.62	0.01	10	20620	买盘
11:03:09	20.61	-0.01	3	6183	卖盘
11:02:57	20.62	--	2	4124	买盘
11:02:54	20.62	--	1	2062	买盘
11:02:48	20.62	--	1	2062	买盘
11:02:42	20.62	--	18	37116	买盘
11:02:27	20.62	0.02	4	8248	中性盘
11:02:24	20.6	-0.03	200	412000	卖盘
11:02:09	20.63	--	9	18567	买盘
11:02:06	20.63	--	47	96961	买盘
11:02:03	20.63	--	2	4126	买盘
11:02:00	20.63	--	1	2063	买盘
11:01:57	20.63	--	1	2063	买盘
11:01:54	20.63	--	39	82334	卖盘
11:01:45	20.63	-0.04	33	68079	卖盘
11:01:33	20.67	--	10	20670	买盘
11:01:30	20.67	--	1	2067	买盘
11:01:27	20.67	--	1	2067	卖盘
11:01:24	20.67	--	14	28938	卖盘
11:01:15	20.67	--	10	20670	卖盘
11:01:09	20.67	--	2	4134	买盘
11:01:06	20.67	--	1	2067	卖盘
11:01:03	20.67	--	19	39273	买盘
11:00:57	20.67	0.04	10	20670	买盘
11:00:51	20.63	-0.03	71	146473	卖盘
11:00:27	20.66	0.01	6	12581	买盘
11:00:18	20.65	--	5	10325	卖盘
11:00:15	20.65	--	5	10325	卖盘
11:00:09	20.65	0.01	5	10325	中性盘
11:00:00	20.64	-0.01	8	16512	卖盘
10:59:57	20.65	--	26	53689	买盘
10:59:39	20.65	0.01	2	4130	买盘
10:59:33	20.64	--	1	2064	卖盘
10:59:24	20.64	-0.01	1	2064	卖盘
10:59:15	20.65	0.02	5	10325	中性盘
10:59:09	20.63	-0.03	20	41260	卖盘
10:59:03	20.66	0.03	6	12396	买盘
10:59:00	20.63	-0.03	1	2063	卖盘
10:58:54	20.66	0.03	22	45452	买盘
10:58:51	20.63	-0.01	21	43323	卖盘
10:58:48	20.64	0.01	2	4128	买盘
10:58:42	20.63	-0.01	10	20630	卖盘
10:58:39	20.64	-0.01	2	4128	买盘
10:58:36	20.65	0.02	18	37170	中性盘
10:58:30	20.63	-0.03	5	10315	中性盘
10:58:09	20.66	--	5	10330	买盘
10:58:06	20.66	0.03	19	39254	买盘
10:57:57	20.63	--	2	4126	买盘
10:57:54	20.63	-0.03	39	80457	卖盘
10:57:51	20.66	--	17	35122	买盘
10:57:45	20.66	--	17	35122	卖盘
10:57:42	20.66	--	24	49584	卖盘
10:57:39	20.66	-0.01	15	30990	卖盘
10:57:27	20.67	0.01	22	45474	中性盘
10:57:12	20.66	-0.01	7	14462	卖盘
10:57:03	20.67	0.01	2	4134	买盘
10:57:00	20.66	-0.01	31	64046	卖盘
10:56:54	20.67	0.01	19	39273	买盘
10:56:51	20.66	--	5	10330	卖盘
10:56:42	20.66	--	1	2066	买盘
10:56:30	20.66	--	5	10330	买盘
10:56:24	20.66	--	9	18594	买盘
10:56:15	20.66	--	26	53716	卖盘
10:56:09	20.66	--	90	185940	买盘
10:56:00	20.66	0.02	5	10330	买盘
10:55:48	20.64	-0.02	1	2064	买盘
10:55:33	20.66	--	38	78508	买盘
10:55:12	20.66	0.04	20	41320	买盘
10:55:09	20.62	0.02	14	29899	买盘
10:55:03	20.6	-0.02	23	48410	卖盘
10:54:51	20.62	-0.03	20	41240	卖盘
10:54:39	20.65	0.02	14	28909	买盘
10:54:36	20.63	--	2	4126	买盘
10:54:30	20.63	0.02	5	10315	买盘
10:54:27	20.61	-0.02	2	5152	卖盘
10:54:21	20.63	0.02	28	57764	买盘
10:54:12	20.61	-0.01	11	22671	卖盘
10:54:09	20.62	-0.01	26	53612	卖盘
10:54:03	20.63	-0.03	31	63953	卖盘
10:53:54	20.66	--	3	6198	买盘
10:53:51	20.66	0.03	44	90904	买盘
10:53:48	20.63	--	2	4126	卖盘
10:53:45	20.63	--	74	152662	买盘
10:53:36	20.63	--	5	10315	买盘
10:53:30	20.63	--	10	20630	买盘
10:53:27	20.63	-0.01	13	26819	卖盘
10:53:21	20.64	-0.01	30	61920	卖盘
10:53:18	20.65	-0.01	10	20650	中性盘
10:53:12	20.66	0.02	2	4132	买盘
10:53:09	20.64	-0.02	20	41280	买盘
10:53:06	20.66	0.02	10	20660	买盘
10:53:03	20.64	--	1	2064	卖盘
10:53:00	20.64	-0.01	11	22704	卖盘
10:52:57	20.65	-0.01	2	4130	中性盘
10:52:48	20.66	--	8	16528	买盘
10:52:45	20.66	--	10	20660	中性盘
10:52:39	20.66	--	14	29957	卖盘
10:52:36	20.66	-0.01	1	2066	卖盘
10:52:33	20.67	0.01	19	40306	买盘
10:52:30	20.66	0.01	45	92970	买盘
10:52:27	20.65	--	20	42332	卖盘
10:52:21	20.65	--	23	48527	买盘
10:52:12	20.65	--	1	2065	买盘
10:52:00	20.65	--	25	52657	卖盘
10:51:57	20.65	-0.02	15	32007	买盘
10:51:54	20.67	0.04	7	14469	买盘
10:51:51	20.63	-0.02	6	12378	卖盘
10:51:42	20.65	0.01	11	22715	买盘
10:51:36	20.64	0.02	2	4128	买盘
10:51:24	20.62	0.05	16	32992	买盘
10:51:21	20.57	-0.05	13	26741	卖盘
10:51:18	20.62	--	23	47426	买盘
10:51:12	20.62	--	17	35054	买盘
10:51:00	20.62	0.06	32	65984	买盘
10:50:57	20.56	-0.01	5	12027	卖盘
10:50:54	20.57	0.01	27	55539	买盘
10:50:39	20.56	-0.01	453	932396	中性盘
10:50:36	20.57	--	15	30855	买盘
10:50:33	20.57	0.02	10	20570	买盘
10:50:30	20.55	--	1	2055	卖盘
10:50:27	20.55	--	48	98640	买盘
10:50:21	20.55	--	53	108915	买盘
10:50:18	20.55	0.01	10	20550	中性盘
10:50:12	20.54	-0.03	6	12324	卖盘
10:50:03	20.57	0.03	19	39083	买盘
10:49:51	20.54	0.01	14	28756	买盘
10:49:45	20.53	-0.01	13	26689	卖盘
10:49:42	20.54	--	3	6162	买盘
10:49:39	20.54	--	10	20540	买盘
10:49:36	20.54	-0.01	57	117078	卖盘
10:49:33	20.55	--	1	2055	卖盘
10:49:30	20.55	--	9	18495	买盘
10:49:24	20.55	--	42	86310	买盘
10:49:21	20.55	--	5	10275	买盘
10:49:18	20.55	--	4	8220	买盘
10:49:15	20.55	--	5	10275	买盘
10:49:09	20.55	0.01	5	10275	买盘
10:49:03	20.54	--	10	20540	卖盘
10:48:57	20.54	-0.01	6	12324	卖盘
10:48:48	20.55	0.01	10	20550	买盘
10:48:45	20.54	-0.01	1	2054	卖盘
10:48:42	20.55	--	108	221940	买盘
10:48:39	20.55	--	10	20550	买盘
10:48:36	20.55	0.01	11	22605	买盘
10:48:33	20.54	-0.01	15	30810	卖盘
10:48:30	20.55	0.01	32	65760	买盘
10:48:24	20.54	--	1	2054	卖盘
10:48:18	20.54	0.01	10	20540	中性盘
10:48:15	20.53	-0.01	1	2053	卖盘
10:48:12	20.54	0.03	1	2054	买盘
10:48:09	20.51	-0.02	30	61530	卖盘
10:48:06	20.53	--	18	36954	买盘
10:48:03	20.53	--	2	4106	买盘
10:47:57	20.53	--	7	14371	买盘
10:47:51	20.53	-0.02	122	250466	卖盘
10:47:39	20.55	0.01	69	141795	买盘
10:47:36	20.54	0.04	19	39026	中性盘
10:47:27	20.5	-0.05	2048	4198400	卖盘
10:47:24	20.55	--	3	6165	买盘
10:47:21	20.55	--	5	10275	买盘
10:47:18	20.55	--	2	4110	买盘
10:47:15	20.55	0.01	1	2055	买盘
10:47:12	20.54	--	4	8216	卖盘
10:47:06	20.54	-0.01	9	18486	卖盘
10:47:03	20.55	--	1	2055	买盘
10:47:00	20.55	0.01	3	6165	买盘
10:46:57	20.54	-0.01	148	303992	卖盘
10:46:54	20.55	--	5	10275	买盘
10:46:51	20.55	--	58	119190	买盘
10:46:48	20.55	--	5	10275	买盘
10:46:45	20.55	--	25	51375	买盘
10:46:42	20.55	--	4	8220	买盘
10:46:39	20.55	--	43	88365	买盘
10:46:36	20.55	--	20	41100	买盘
10:46:33	20.55	--	10	20550	买盘
10:46:30	20.55	--	30	61650	买盘
10:46:27	20.55	--	11	22605	买盘
10:46:24	20.55	--	4	8220	买盘
10:46:21	20.55	--	51	104805	买盘
10:46:18	20.55	--	86	176730	买盘
10:46:15	20.55	--	1	2055	买盘
10:46:12	20.55	-0.01	155	318525	卖盘
10:46:09	20.56	-0.01	10	20560	卖盘
10:46:06	20.57	0.01	1	2057	买盘
10:46:00	20.56	--	31	63735	买盘
10:45:57	20.56	--	5	10280	买盘
10:45:54	20.56	--	16	32896	买盘
10:45:48	20.56	--	97	199432	买盘
10:45:45	20.56	--	6	12336	买盘
10:45:42	20.56	--	20	41120	买盘
10:45:30	20.56	--	1	2056	买盘
10:45:27	20.56	--	1	2056	买盘
10:45:24	20.56	--	1	2056	买盘
10:45:21	20.56	--	1	2056	买盘
10:45:15	20.56	0.01	10	20560	买盘
10:45:09	20.55	--	57	117135	买盘
10:45:00	20.55	--	9	18495	买盘
10:44:57	20.55	0.01	6	12330	买盘
10:44:51	20.54	--	15	30810	卖盘
10:44:48	20.54	-0.01	17	34918	卖盘
10:44:45	20.55	--	3	6165	买盘
10:44:42	20.55	--	107	219885	买盘
10:44:39	20.55	--	24	49320	买盘
10:44:36	20.55	--	2	4110	买盘
10:44:33	20.55	--	30	61650	买盘
10:44:30	20.55	--	132	271260	卖盘
10:44:27	20.55	--	3	6165	卖盘
10:44:24	20.55	-0.01	15	30825	卖盘
10:44:21	20.56	0.01	22	45232	买盘
10:44:18	20.55	-0.01	14	28770	卖盘
10:44:15	20.56	--	4	8224	买盘
10:44:12	20.56	--	12	24672	买盘
10:44:09	20.56	--	5	10280	买盘
10:44:06	20.56	--	20	41120	买盘
10:43:57	20.56	--	18	37008	买盘
10:43:54	20.56	--	33	67848	买盘
10:43:48	20.56	--	52	106912	买盘
10:43:45	20.56	--	4	8224	买盘
10:43:42	20.56	--	3	6168	买盘
10:43:39	20.56	--	2	4112	买盘
10:43:36	20.56	--	13	26728	买盘
10:43:30	20.56	-0.01	148	304288	卖盘
10:43:27	20.57	--	3	6171	卖盘
10:43:24	20.57	--	4	8228	买盘
10:43:12	20.57	0.01	3	6171	卖盘
10:43:03	20.56	-0.02	24	49344	卖盘
10:42:57	20.58	0.01	17	34986	买盘
10:42:51	20.57	--	3	6171	买盘
10:42:48	20.57	-0.01	16	32912	卖盘
10:42:45	20.58	0.01	47	96725	买盘
10:42:42	20.57	-0.01	2	4114	卖盘
10:42:39	20.58	--	7	14405	买盘
10:42:30	20.58	--	1	2058	买盘
10:42:24	20.58	-0.02	111	228437	卖盘
10:42:21	20.6	--	7	14420	卖盘
10:42:18	20.6	--	4	8240	卖盘
10:42:12	20.6	--	10	20600	卖盘
10:42:09	20.6	--	2	4120	买盘
10:42:06	20.6	0.01	5	10300	买盘
10:41:54	20.59	-0.01	4	8236	卖盘
10:41:51	20.6	0.01	3	6180	买盘
10:41:48	20.59	--	5	10295	买盘
10:41:42	20.59	--	5	10295	买盘
10:41:39	20.59	0.01	3	6177	买盘
10:41:36	20.58	--	8	16464	卖盘
10:41:24	20.58	--	3	6173	买盘
10:41:21	20.58	--	12	24695	买盘
10:41:18	20.58	--	24	49391	买盘
10:41:12	20.58	--	22	45275	买盘
10:41:09	20.58	--	3	6173	买盘
10:41:06	20.58	--	5	10290	买盘
10:41:03	20.58	-0.01	1	2058	买盘
10:41:00	20.59	0.02	20	41180	买盘
10:40:57	20.57	-0.01	50	102850	卖盘
10:40:48	20.58	0.02	5	10290	买盘
10:40:42	20.56	-0.02	14	28784	卖盘
10:40:39	20.58	0.02	13	26753	买盘
10:40:33	20.56	0.01	3	6168	卖盘
10:40:30	20.55	--	84	172620	买盘
10:40:27	20.55	-0.01	102	209610	卖盘
10:40:24	20.56	-0.02	19	39064	卖盘
10:40:21	20.58	0.02	5	10290	买盘
10:40:15	20.56	0.02	9	18504	买盘
10:40:12	20.54	-0.01	10	20540	卖盘
10:40:09	20.55	0.01	1	2055	卖盘
10:40:06	20.54	--	1	2054	卖盘
10:39:57	20.54	--	41	84214	买盘
10:39:54	20.54	--	10	20540	买盘
10:39:51	20.54	--	39	80106	卖盘
10:39:48	20.54	--	20	41080	卖盘
10:39:45	20.54	-0.02	5	10270	卖盘
10:39:42	20.56	0.01	7	14392	买盘
10:39:39	20.55	-0.01	5	10275	买盘
10:39:36	20.56	0.02	5	10280	买盘
10:39:30	20.54	0.02	2	4108	中性盘
10:39:15	20.52	--	19	38988	卖盘
10:39:12	20.52	-0.01	22	45144	卖盘
10:39:09	20.53	--	11	22583	买盘
10:39:06	20.53	--	1	2053	买盘
10:39:03	20.53	--	5	10265	买盘
10:39:00	20.53	-0.03	38	78014	卖盘
10:38:57	20.56	-0.01	2	4112	卖盘
10:38:51	20.57	0.05	22	45254	中性盘
10:38:45	20.52	-0.06	502	1030104	卖盘
10:38:42	20.58	--	20	41160	卖盘
10:38:36	20.58	--	34	69972	卖盘
10:38:27	20.58	-0.01	17	34986	卖盘
10:38:24	20.59	0.01	52	107068	买盘
10:38:15	20.58	0.01	3	6173	买盘
10:38:12	20.57	--	10	20570	卖盘
10:38:06	20.57	--	30	61710	卖盘
10:37:57	20.57	-0.01	10	20570	卖盘
10:37:51	20.58	--	11	22637	卖盘
10:37:48	20.58	--	5	10290	卖盘
10:37:45	20.58	--	10	20580	卖盘
10:37:42	20.58	-0.01	20	41160	卖盘
10:37:39	20.59	0.01	21	43239	买盘
10:37:36	20.58	--	2	4116	卖盘
10:37:33	20.58	--	48	98783	卖盘
10:37:30	20.58	--	5	10290	卖盘
10:37:27	20.58	-0.01	4	8232	卖盘
10:37:24	20.59	0.01	51	105009	买盘
10:37:21	20.58	-0.01	20	41160	卖盘
10:37:15	20.59	0.01	5	10295	买盘
10:37:12	20.58	-0.01	2	4116	卖盘
10:37:09	20.59	--	58	119422	卖盘
10:37:06	20.59	--	60	123540	卖盘
10:37:00	20.59	-0.01	10	20590	卖盘
10:36:57	20.6	--	10	20600	买盘
10:36:54	20.6	--	9	18540	买盘
10:36:51	20.6	-0.01	124	255440	卖盘
10:36:45	20.61	--	2	4122	卖盘
10:36:42	20.61	--	21	43281	卖盘
10:36:39	20.61	--	8	16488	卖盘
10:36:36	20.61	0.01	3	6183	卖盘
10:36:30	20.6	--	11	22660	卖盘
10:36:18	20.6	-0.05	500	1030000	卖盘
10:36:09	20.65	--	35	72275	卖盘
10:36:00	20.65	-0.01	16	33040	卖盘
10:35:48	20.66	--	3	6198	买盘
10:35:45	20.66	--	21	43386	买盘
10:35:39	20.66	-0.01	5	10330	卖盘
10:35:33	20.67	--	2	4134	买盘
10:35:12	20.67	0.01	5	10335	买盘
10:34:57	20.66	--	5	10330	卖盘
10:34:51	20.66	-0.01	5	10330	卖盘
10:34:42	20.67	--	10	20670	买盘
10:34:33	20.67	--	31	64077	卖盘
10:34:27	20.67	--	3	6201	卖盘
10:34:24	20.67	-0.01	1	2067	卖盘
10:34:15	20.68	0.02	1	2068	买盘
10:34:06	20.66	-0.01	11	22726	卖盘
10:34:03	20.67	0.01	7	14469	买盘
10:34:00	20.66	--	17	35122	卖盘
10:33:45	20.66	-0.01	1	2066	卖盘
10:33:42	20.67	0.01	3	6201	买盘
10:33:39	20.66	--	50	103300	卖盘
10:33:36	20.66	-0.01	3	6198	卖盘
10:33:30	20.67	0.01	5	10335	买盘
10:33:27	20.66	-0.01	1	2066	卖盘
10:33:18	20.67	--	1	2067	买盘
10:33:15	20.67	--	5	10335	买盘
10:33:12	20.67	--	21	43407	卖盘
10:33:09	20.67	-0.01	7	14469	卖盘
10:33:06	20.68	--	8	16544	买盘
10:32:54	20.68	0.01	1	2068	买盘
10:32:36	20.67	0.01	6	12402	中性盘
10:32:21	20.66	--	43	88838	卖盘
10:32:03	20.66	-0.02	34	70244	卖盘
10:32:00	20.68	--	37	76516	卖盘
10:31:57	20.68	--	30	62040	卖盘
10:31:51	20.68	--	2	4136	卖盘
10:31:45	20.68	0.01	2	4136	买盘
10:31:30	20.67	--	8	16536	卖盘
10:31:21	20.67	-0.02	5	10335	卖盘
10:31:15	20.69	0.02	3	6207	买盘
10:31:09	20.67	--	5	10335	卖盘
10:31:06	20.67	-0.01	140	289380	卖盘
10:31:03	20.68	--	2	4136	卖盘
10:30:54	20.68	--	6	12408	卖盘
10:30:51	20.68	--	15	31020	卖盘
10:30:42	20.68	--	7	14476	卖盘
10:30:39	20.68	--	1	2068	卖盘
10:30:21	20.68	-0.01	6	12408	卖盘
10:30:18	20.69	0.01	7	14483	买盘
10:30:15	20.68	--	1	2068	卖盘
10:30:12	20.68	--	17	35156	卖盘
10:30:06	20.68	--	20	41360	卖盘
10:30:03	20.68	-0.01	1	2068	卖盘
10:30:00	20.69	--	8	16552	买盘
10:29:57	20.69	0.01	8	16552	买盘
10:29:54	20.68	-0.01	8	16544	卖盘
10:29:45	20.69	0.01	5	10345	买盘
10:29:42	20.68	--	20	41360	卖盘
10:29:39	20.68	-0.02	30	62040	卖盘
10:29:33	20.7	--	8	16560	买盘
10:29:27	20.7	--	15	31050	买盘
10:29:18	20.7	--	21	43470	买盘
10:29:09	20.7	--	31	64170	买盘
10:29:06	20.7	--	1	2070	买盘
10:28:51	20.7	0.01	1	2070	买盘
10:28:48	20.69	0.01	6	12414	买盘
10:28:45	20.68	-0.01	4	8272	卖盘
10:28:36	20.69	--	6	12414	卖盘
10:28:27	20.69	--	59	122071	卖盘
10:28:18	20.69	-0.01	2	4138	卖盘
10:28:12	20.7	--	12	24840	卖盘
10:28:00	20.7	0.01	1	2070	买盘
10:27:51	20.69	--	45	93105	卖盘
10:27:45	20.69	--	25	51725	卖盘
10:27:36	20.69	-0.01	7	14483	卖盘
10:27:30	20.7	0.01	5	10350	买盘
10:27:06	20.69	-0.02	2	4138	卖盘
10:27:00	20.71	0.01	38	78698	买盘
10:26:57	20.7	0.01	3	6210	买盘
10:26:51	20.69	-0.01	10	20690	卖盘
10:26:45	20.7	0.01	2	4140	买盘
10:26:42	20.69	-0.01	1	2069	卖盘
10:26:36	20.7	0.01	7	14490	买盘
10:26:33	20.69	-0.01	4	8276	卖盘
10:26:30	20.7	--	4	8280	中性盘
10:26:24	20.7	-0.01	14	28980	中性盘
10:26:15	20.71	0.01	13	26923	买盘
10:26:12	20.7	--	12	24840	买盘
10:26:09	20.7	--	2	4140	卖盘
10:26:06	20.7	-0.01	5	10350	卖盘
10:26:03	20.71	0.01	1	2071	买盘
10:25:57	20.7	--	5	10350	卖盘
10:25:54	20.7	-0.01	13	26910	卖盘
10:25:51	20.71	0.01	5	10355	买盘
10:25:48	20.7	-0.01	5	10350	卖盘
10:25:42	20.71	0.01	22	45562	买盘
10:25:39	20.7	-0.01	13	26910	卖盘
10:25:33	20.71	0.01	1	2071	买盘
10:25:30	20.7	--	12	24840	卖盘
10:25:27	20.7	-0.01	12	24840	卖盘
10:25:09	20.71	0.01	4	8284	买盘
10:25:00	20.7	-0.01	3	6210	卖盘
10:24:57	20.71	--	2	4142	买盘
10:24:54	20.71	--	15	31065	卖盘
10:24:39	20.71	--	39	80769	买盘
10:24:30	20.71	0.01	7	14497	买盘
10:24:27	20.7	--	3	6210	卖盘
10:24:21	20.7	--	19	39330	买盘
10:24:15	20.7	--	1	2070	买盘
10:24:09	20.7	--	16	33120	卖盘
10:24:03	20.7	--	10	20700	卖盘
10:24:00	20.7	0.01	13	26910	买盘
10:23:57	20.69	--	3	6207	卖盘
10:23:51	20.69	--	10	20690	卖盘
10:23:45	20.69	-0.01	1	2069	卖盘
10:23:36	20.7	0.01	2	4140	买盘
10:23:33	20.69	--	5	10345	卖盘
10:23:24	20.69	--	3	6207	买盘
10:23:21	20.69	--	45	93105	卖盘
10:23:18	20.69	--	5	10345	卖盘
10:23:15	20.69	--	2	4138	卖盘
10:23:09	20.69	--	6	12414	卖盘
10:23:03	20.69	--	54	111726	买盘
10:22:51	20.69	0.02	10	20690	买盘
10:22:45	20.67	-0.02	3	6201	卖盘
10:22:39	20.69	0.02	8	16552	买盘
10:22:33	20.67	--	4	8268	买盘
10:22:24	20.67	0.02	10	20670	买盘
10:22:21	20.65	-0.02	10	20650	中性盘
10:22:12	20.67	0.01	92	190164	买盘
10:22:09	20.66	--	10	20660	卖盘
10:22:06	20.66	0.02	67	138422	买盘
10:22:00	20.64	--	13	26832	卖盘
10:21:48	20.64	0.01	8	16512	买盘
10:21:42	20.63	-0.01	4	8252	卖盘
10:21:39	20.64	--	10	20640	买盘
10:21:36	20.64	--	79	163056	买盘
10:21:30	20.64	0.01	1	2064	买盘
10:21:27	20.63	-0.01	13	26819	卖盘
10:21:24	20.64	--	5	10320	买盘
10:21:21	20.64	0.01	7	14448	买盘
10:21:15	20.63	--	1	2063	卖盘
10:21:12	20.63	--	13	26819	卖盘
10:21:09	20.63	-0.01	25	51575	卖盘
10:21:06	20.64	--	3	6192	买盘
10:21:03	20.64	--	5	10320	买盘
10:21:00	20.64	0.01	20	41280	买盘
10:20:54	20.63	--	1	2063	卖盘
10:20:51	20.63	-0.01	18	37134	卖盘
10:20:48	20.64	0.02	43	88752	买盘
10:20:39	20.62	0.01	29	59798	买盘
10:20:30	20.61	0.01	27	56677	买盘
10:20:27	20.6	-0.01	3	6180	卖盘
10:20:24	20.61	0.01	1	2061	买盘
10:20:21	20.6	--	17	35020	卖盘
10:20:12	20.6	--	6	12360	卖盘
10:20:09	20.6	0.01	10	20600	买盘
10:20:06	20.59	-0.01	10	20590	卖盘
10:20:00	20.6	--	20	41200	卖盘
10:19:57	20.6	--	19	39140	卖盘
10:19:54	20.6	--	4	8240	卖盘
10:19:48	20.6	0.01	67	138020	买盘
10:19:45	20.59	0.01	6	12354	买盘
10:19:42	20.58	-0.01	2	4116	卖盘
10:19:36	20.59	--	11	22649	买盘
10:19:33	20.59	--	3	6177	买盘
10:19:30	20.59	-0.01	49	100891	卖盘
10:19:24	20.6	--	8	16480	卖盘
10:19:21	20.6	--	12	24720	卖盘
10:19:18	20.6	--	10	20600	买盘
10:19:15	20.6	0.01	35	72100	买盘
10:19:12	20.59	--	5	10295	卖盘
10:19:09	20.59	-0.01	10	20590	卖盘
10:19:06	20.6	0.01	10	20600	买盘
10:19:03	20.59	-0.01	10	20590	卖盘
10:19:00	20.6	0.01	9	18540	买盘
10:18:54	20.59	-0.01	8	16472	卖盘
10:18:51	20.6	--	3	6180	买盘
10:18:48	20.6	--	3	6180	买盘
10:18:45	20.6	--	13	26780	买盘
10:18:36	20.6	--	13	26780	买盘
10:18:33	20.6	--	1	2060	买盘
10:18:30	20.6	--	1	2060	买盘
10:18:27	20.6	-0.01	31	63860	卖盘
10:18:21	20.61	-0.01	32	65952	卖盘
10:18:18	20.62	--	10	20620	买盘
10:18:15	20.62	-0.01	2	4124	买盘
10:18:12	20.63	0.01	284	585892	买盘
10:18:09	20.62	-0.01	20	41240	卖盘
10:18:03	20.63	--	27	55701	买盘
10:18:00	20.63	--	15	30945	买盘
10:17:57	20.63	--	36	74268	买盘
10:17:51	20.63	--	3	6189	买盘
10:17:48	20.63	--	3	6189	买盘
10:17:45	20.63	--	22	46417	卖盘
10:17:42	20.63	--	8	17535	卖盘
10:17:36	20.63	-0.01	16	33008	卖盘
10:17:33	20.64	0.01	12	24768	买盘
10:17:30	20.63	--	5	10315	卖盘
10:17:24	20.63	-0.01	33	68079	卖盘
10:17:21	20.64	0.01	5	10320	买盘
10:17:18	20.63	-0.01	20	41260	卖盘
10:17:15	20.64	--	15	30960	买盘
10:17:06	20.64	0.01	12	24768	卖盘
10:17:03	20.63	-0.01	15	30945	卖盘
10:16:57	20.64	-0.02	5	10320	卖盘
10:16:54	20.66	0.01	11	22726	买盘
10:16:51	20.65	--	12	24780	买盘
10:16:48	20.65	0.01	1	2065	买盘
10:16:42	20.64	-0.01	1	2064	卖盘
10:16:36	20.65	--	5	10325	买盘
10:16:33	20.65	0.01	5	10325	买盘
10:16:24	20.64	--	12	24768	买盘
10:16:09	20.64	0.02	1	2064	买盘
10:15:51	20.62	0.01	73	150526	买盘
10:15:48	20.61	-0.01	1	2061	卖盘
10:15:45	20.62	--	1	2062	买盘
10:15:42	20.62	--	42	86604	卖盘
10:15:39	20.62	--	15	30930	卖盘
10:15:30	20.62	--	5	10310	买盘
10:15:27	20.62	0.01	2	4124	买盘
10:15:24	20.61	-0.01	15	30915	卖盘
10:15:21	20.62	0.01	5	10310	买盘
10:15:15	20.61	-0.01	2	4122	中性盘
10:15:06	20.62	0.01	42	86604	买盘
10:15:03	20.61	--	38	78318	买盘
10:15:00	20.61	--	4	8244	买盘
10:14:57	20.61	0.01	22	45342	买盘
10:14:48	20.6	-0.01	51	105060	卖盘
10:14:45	20.61	--	89	183429	买盘
10:14:39	20.61	--	10	20610	买盘
10:14:36	20.61	0.01	17	35037	买盘
10:14:33	20.6	-0.01	41	84460	卖盘
10:14:30	20.61	0.01	32	65952	买盘
10:14:27	20.6	--	5	10300	卖盘
10:14:24	20.6	--	9	18540	卖盘
10:14:21	20.6	-0.01	4	8240	卖盘
10:14:15	20.61	-0.01	72	148927	卖盘
10:14:12	20.62	--	7	14434	买盘
10:14:09	20.62	--	19	39178	买盘
10:14:06	20.62	0.01	10	20620	买盘
10:14:03	20.61	-0.01	49	100989	卖盘
10:13:57	20.62	--	17	35054	买盘
10:13:54	20.62	-0.02	77	158774	卖盘
10:13:51	20.64	--	37	76368	买盘
10:13:45	20.64	0.01	7	14448	买盘
10:13:42	20.63	-0.01	69	142347	卖盘
10:13:39	20.64	-0.02	24	49536	卖盘
10:13:36	20.66	0.01	13	26858	买盘
10:13:33	20.65	-0.01	3	6195	卖盘
10:13:18	20.66	0.02	1	2066	买盘
10:13:09	20.64	--	5	10320	买盘
10:13:03	20.64	--	1	2064	买盘
10:13:00	20.64	-0.01	95	196080	卖盘
10:12:57	20.65	--	9	18585	买盘
10:12:51	20.65	--	22	45430	买盘
10:12:48	20.65	0.01	3	6195	买盘
10:12:45	20.64	0.01	3	6192	卖盘
10:12:42	20.63	0.02	10	20630	中性盘
10:12:39	20.61	-0.02	92	189612	卖盘
10:12:33	20.63	--	7	14441	卖盘
10:12:30	20.63	--	6	12378	卖盘
10:12:27	20.63	--	45	92835	卖盘
10:12:21	20.63	-0.01	7	14441	卖盘
10:12:15	20.64	--	10	20640	买盘
10:12:12	20.64	0.01	4	8256	买盘
10:12:00	20.63	--	28	59290	买盘
10:11:57	20.63	--	12	24756	买盘
10:11:54	20.63	--	1	2063	买盘
10:11:51	20.63	--	5	10315	卖盘
10:11:45	20.63	--	9	18567	卖盘
10:11:42	20.63	0.01	6	12378	买盘
10:11:39	20.62	--	1	2062	买盘
10:11:36	20.62	--	3	6186	买盘
10:11:33	20.62	-0.01	4	8248	中性盘
10:11:30	20.63	--	22	45386	买盘
10:11:24	20.63	--	3	6189	买盘
10:11:21	20.63	-0.02	60	123780	卖盘
10:11:15	20.65	--	5	10325	买盘
10:11:12	20.65	0.02	5	10325	买盘
10:11:09	20.63	-0.02	2	4126	卖盘
10:11:06	20.65	--	29	59884	卖盘
10:10:57	20.65	-0.02	4	8260	卖盘
10:10:51	20.67	--	5	10335	买盘
10:10:48	20.67	--	22	45474	卖盘
10:10:45	20.67	--	2	4134	卖盘
10:10:36	20.67	0.02	11	22737	买盘
10:10:33	20.65	0.02	6	12390	中性盘
10:10:24	20.63	--	16	33008	买盘
10:10:21	20.63	-0.02	12	24756	卖盘
10:10:18	20.65	0.02	11	22715	买盘
10:10:15	20.63	--	45	92835	买盘
10:10:09	20.63	--	7	14441	买盘
10:10:06	20.63	--	6	12378	买盘
10:10:03	20.63	0.02	2	4126	中性盘
10:09:54	20.61	-0.02	105	216405	卖盘
10:09:51	20.63	--	6	12378	中性盘
10:09:48	20.63	--	17	35071	买盘
10:09:45	20.63	--	3	6189	买盘
10:09:42	20.63	--	20	41260	买盘
10:09:36	20.63	--	10	20630	买盘
10:09:30	20.63	0.03	5	10315	买盘
10:09:24	20.6	--	35	72100	买盘
10:09:21	20.6	0.01	14	28840	买盘
10:09:18	20.59	-0.01	40	82360	卖盘
10:09:15	20.6	--	5	10300	买盘
10:09:09	20.6	0.02	14	28840	买盘
10:09:03	20.58	0.01	10	20580	卖盘
10:09:00	20.57	-0.01	74	152218	卖盘
10:08:57	20.58	--	6	12347	买盘
10:08:54	20.58	--	342	704391	买盘
10:08:51	20.58	--	30	61739	买盘
10:08:48	20.58	--	11	22637	买盘
10:08:45	20.58	--	31	63797	买盘
10:08:42	20.58	--	32	65856	买盘
10:08:39	20.58	--	59	121421	买盘
10:08:36	20.58	-0.06	199	409541	卖盘
10:08:33	20.64	0.03	43	88752	买盘
10:08:30	20.61	--	3	6183	卖盘
10:08:27	20.61	0.01	24	49464	卖盘
10:08:24	20.6	-0.03	20	41200	卖盘
10:08:21	20.63	0.02	29	59827	买盘
10:08:18	20.61	0.01	5	10305	中性盘
10:08:15	20.6	--	52	107120	买盘
10:08:12	20.6	--	33	67980	买盘
10:08:09	20.6	-0.01	215	442900	卖盘
10:08:06	20.61	0.01	3	6183	买盘
10:08:03	20.6	--	12	24720	卖盘
10:08:00	20.6	0.02	121	249260	买盘
10:07:57	20.58	0.02	94	193451	买盘
10:07:54	20.56	--	9	18504	卖盘
10:07:51	20.56	--	27	55512	卖盘
10:07:48	20.56	--	30	61679	卖盘
10:07:45	20.56	-0.02	20	41120	卖盘
10:07:42	20.58	--	46	94667	买盘
10:07:39	20.58	-0.02	17	34986	卖盘
10:07:36	20.6	--	20	41200	买盘
10:07:33	20.6	--	16	32960	买盘
10:07:30	20.6	-0.01	227	467620	卖盘
10:07:27	20.61	--	12	24732	买盘
10:07:24	20.61	--	32	65952	买盘
10:07:21	20.61	--	52	107172	卖盘
10:07:18	20.61	--	68	140148	卖盘
10:07:12	20.61	-0.04	138	284418	卖盘
10:07:09	20.65	-0.01	5	10325	卖盘
10:07:06	20.66	0.01	2	4132	中性盘
10:07:03	20.65	-0.02	80	165200	卖盘
10:07:00	20.67	-0.02	15	31005	卖盘
10:06:57	20.69	0.01	14	28966	买盘
10:06:54	20.68	-0.02	99	204732	卖盘
10:06:51	20.7	-0.03	509	1055141	卖盘
10:06:39	20.73	0.01	165	342045	中性盘
10:06:36	20.72	--	27	55944	卖盘
10:06:30	20.72	-0.01	74	153328	卖盘
10:06:27	20.73	--	2	4146	买盘
10:06:24	20.73	-0.01	32	66336	买盘
10:06:18	20.74	0.02	1	2074	买盘
10:06:15	20.72	--	40	82880	卖盘
10:06:09	20.72	-0.01	50	103600	卖盘
10:06:06	20.73	--	10	20730	卖盘
10:06:03	20.73	--	6	12438	卖盘
10:06:00	20.73	--	2	4146	卖盘
10:05:57	20.73	--	19	39946	买盘
10:05:48	20.73	--	55	115528	卖盘
10:05:45	20.73	-0.02	17	35241	卖盘
10:05:39	20.75	0.02	4	8300	买盘
10:05:36	20.73	--	2	4146	卖盘
10:05:33	20.73	-0.01	6	12438	卖盘
10:05:27	20.74	-0.01	1	2074	卖盘
10:05:21	20.75	0.01	2	4150	买盘
10:05:18	20.74	--	5	10370	卖盘
10:05:09	20.74	0.01	3	6221	中性盘
10:05:00	20.73	-0.01	145	300585	卖盘
10:04:51	20.74	--	5	10370	卖盘
10:04:48	20.74	--	49	101625	买盘
10:04:45	20.74	-0.01	5	10370	卖盘
10:04:42	20.75	0.01	30	62250	买盘
10:04:33	20.74	-0.01	1	2074	卖盘
10:04:30	20.75	--	2	4150	买盘
10:04:27	20.75	--	2	4150	买盘
10:04:24	20.75	0.02	1	2075	买盘
10:04:18	20.73	-0.02	20	41460	卖盘
10:04:15	20.75	0.01	12	24900	买盘
10:04:12	20.74	0.01	4	8296	中性盘
10:04:09	20.73	--	2	4146	卖盘
10:04:06	20.73	-0.02	12	24876	卖盘
10:04:00	20.75	0.02	12	24900	买盘
10:03:57	20.73	-0.01	16	33727	卖盘
10:03:54	20.74	--	3	7736	卖盘
10:03:51	20.74	--	11	23373	买盘
10:03:45	20.74	--	3	6221	买盘
10:03:39	20.74	--	1	2074	买盘
10:03:33	20.74	--	5	10370	买盘
10:03:30	20.74	-0.01	16	34698	卖盘
10:03:24	20.75	0.01	2	4150	买盘
10:03:21	20.74	--	3	6221	卖盘
10:03:18	20.74	--	3	6221	卖盘
10:03:15	20.74	--	5	10370	卖盘
10:03:09	20.74	-0.01	4	8296	卖盘
10:03:00	20.75	--	24	49800	买盘
10:02:57	20.75	--	6	12450	买盘
10:02:51	20.75	0.01	35	72625	买盘
10:02:39	20.74	--	6	12443	卖盘
10:02:36	20.74	--	24	50335	买盘
10:02:33	20.74	--	146	302804	买盘
10:02:30	20.74	--	43	89182	买盘
10:02:27	20.74	--	16	33184	买盘
10:02:24	20.74	--	14	29035	买盘
10:02:21	20.74	0.01	15	31109	买盘
10:02:15	20.73	-0.01	14	29022	卖盘
10:02:12	20.74	--	11	22814	买盘
10:02:06	20.74	--	2	4148	买盘
10:02:03	20.74	--	3	6221	买盘
10:02:00	20.74	--	1	2074	买盘
10:01:54	20.74	0.01	17	35258	中性盘
10:01:51	20.73	-0.01	38	78774	卖盘
10:01:48	20.74	-0.01	20	41480	卖盘
10:01:36	20.75	0.02	14	29050	买盘
10:01:33	20.73	-0.01	39	80847	卖盘
10:01:27	20.74	--	30	62219	买盘
10:01:21	20.74	0.01	5	10370	买盘
10:01:18	20.73	-0.01	2	4146	卖盘
10:01:15	20.74	--	1	2074	卖盘
10:01:12	20.74	--	15	31109	卖盘
10:01:06	20.74	--	13	26961	买盘
10:01:00	20.74	0.01	12	24887	买盘
10:00:57	20.73	-0.02	43	89139	卖盘
10:00:48	20.75	--	13	26975	买盘
10:00:39	20.75	--	8	16600	卖盘
10:00:36	20.75	0.02	4	8300	买盘
10:00:33	20.73	-0.01	5	10365	卖盘
10:00:27	20.74	--	10	20740	买盘
10:00:21	20.74	0.01	3	6221	买盘
10:00:18	20.73	--	1	2073	卖盘
10:00:15	20.73	--	17	35241	卖盘
10:00:12	20.73	--	1	2073	卖盘
10:00:09	20.73	--	1	2073	卖盘
10:00:00	20.73	-0.02	15	31095	卖盘
09:59:57	20.75	0.02	40	83000	买盘
09:59:51	20.73	-0.01	57	118161	卖盘
09:59:48	20.74	0.01	20	41480	中性盘
09:59:45	20.73	--	21	43533	卖盘
09:59:42	20.73	--	10	20730	卖盘
09:59:39	20.73	-0.02	1	2073	卖盘
09:59:36	20.75	0.02	25	51875	买盘
09:59:27	20.73	-0.03	121	250833	卖盘
09:59:24	20.76	0.01	43	89268	买盘
09:59:21	20.75	--	25	51875	卖盘
09:59:15	20.75	-0.01	36	74700	卖盘
09:59:12	20.76	-0.01	24	49824	卖盘
09:59:09	20.77	0.01	4	8308	买盘
09:59:06	20.76	--	61	126636	买盘
09:59:03	20.76	0.01	7	14532	买盘
09:59:00	20.75	-0.02	3	6225	卖盘
09:58:57	20.77	--	6	12462	卖盘
09:58:54	20.77	--	4	8308	买盘
09:58:48	20.77	--	3	6231	买盘
09:58:42	20.77	--	20	41540	卖盘
09:58:39	20.77	0.02	34	70618	买盘
09:58:36	20.75	-0.01	23	47725	卖盘
09:58:33	20.76	-0.01	19	39444	卖盘
09:58:27	20.77	--	60	124620	买盘
09:58:24	20.77	--	1	2077	买盘
09:58:18	20.77	--	10	20770	卖盘
09:58:15	20.77	--	83	172391	卖盘
09:58:12	20.77	--	31	64387	买盘
09:58:06	20.77	--	7	14539	卖盘
09:58:00	20.77	--	1	2077	卖盘
09:57:57	20.77	-0.01	6	12462	卖盘
09:57:54	20.78	0.01	10	20780	买盘
09:57:51	20.77	-0.01	10	20770	卖盘
09:57:48	20.78	--	2	4156	买盘
09:57:45	20.78	0.01	1	2078	买盘
09:57:39	20.77	-0.01	65	135005	卖盘
09:57:36	20.78	--	6	12468	买盘
09:57:33	20.78	--	14	29092	买盘
09:57:30	20.78	--	2	4156	买盘
09:57:27	20.78	--	35	72730	买盘
09:57:24	20.78	--	2	4156	买盘
09:57:21	20.78	0.01	1	2078	买盘
09:57:18	20.77	-0.01	8	16616	卖盘
09:57:15	20.78	--	4	8312	买盘
09:57:12	20.78	0.01	30	62340	买盘
09:57:00	20.77	0.01	6	12462	买盘
09:56:57	20.76	-0.01	11	22836	卖盘
09:56:54	20.77	--	5	10385	买盘
09:56:48	20.77	--	6	12462	买盘
09:56:39	20.77	0.01	12	24924	买盘
09:56:36	20.76	--	4	8304	买盘
09:56:33	20.76	--	1	2076	买盘
09:56:30	20.76	-0.01	35	72660	卖盘
09:56:24	20.77	0.01	30	62310	买盘
09:56:21	20.76	--	1	2076	买盘
09:56:18	20.76	--	1	2076	买盘
09:56:15	20.76	--	37	76812	买盘
09:56:12	20.76	--	11	22836	买盘
09:56:09	20.76	0.01	6	12456	买盘
09:56:06	20.75	-0.01	13	26975	卖盘
09:56:03	20.76	0.01	13	26988	买盘
09:56:00	20.75	--	38	78850	卖盘
09:55:57	20.75	--	2	4150	卖盘
09:55:54	20.75	--	4	8300	卖盘
09:55:51	20.75	--	9	18675	卖盘
09:55:48	20.75	--	83	172225	买盘
09:55:45	20.75	0.01	17	35275	卖盘
09:55:42	20.74	-0.01	3	6221	卖盘
09:55:39	20.75	0.01	16	33200	买盘
09:55:36	20.74	-0.01	27	55997	卖盘
09:55:33	20.75	0.01	6	12450	买盘
09:55:30	20.74	-0.01	1	2074	卖盘
09:55:21	20.75	-0.02	33	68475	卖盘
09:55:15	20.77	0.02	7	14539	买盘
09:55:09	20.75	--	7	14525	买盘
09:55:06	20.75	0.01	10	20750	买盘
09:55:03	20.74	--	13	26961	卖盘
09:55:00	20.74	--	20	41480	卖盘
09:54:57	20.74	-0.01	18	37332	卖盘
09:54:54	20.75	0.01	1	2075	买盘
09:54:51	20.74	--	6	12443	卖盘
09:54:48	20.74	--	17	35258	卖盘
09:54:45	20.74	0.01	60	124439	买盘
09:54:42	20.73	--	26	53898	卖盘
09:54:36	20.73	--	46	95358	卖盘
09:54:33	20.73	--	22	45606	卖盘
09:54:30	20.73	-0.01	4	8292	卖盘
09:54:24	20.74	--	3	6221	买盘
09:54:21	20.74	-0.03	192	398207	卖盘
09:54:18	20.77	0.02	38	78926	买盘
09:54:15	20.75	--	51	105825	卖盘
09:54:12	20.75	--	3	6225	卖盘
09:54:09	20.75	-0.01	10	20750	卖盘
09:54:06	20.76	--	48	99648	买盘
09:54:03	20.76	--	16	33216	买盘
09:54:00	20.76	--	5	10380	中性盘
09:53:54	20.76	0.01	64	132864	买盘
09:53:51	20.75	--	21	43575	卖盘
09:53:48	20.75	-0.01	5	10375	卖盘
09:53:45	20.76	-0.01	29	60204	卖盘
09:53:42	20.77	0.02	1	2077	买盘
09:53:39	20.75	-0.01	80	166000	卖盘
09:53:36	20.76	--	18	37368	买盘
09:53:33	20.76	-0.01	58	120408	卖盘
09:53:30	20.77	--	1	2077	买盘
09:53:27	20.77	--	1	2077	买盘
09:53:24	20.77	0.01	8	16616	买盘
09:53:21	20.76	--	32	66432	卖盘
09:53:12	20.76	--	32	66432	卖盘
09:53:09	20.76	0.01	1	2076	买盘
09:53:06	20.75	--	4	8300	卖盘
09:53:03	20.75	-0.01	12	24900	卖盘
09:53:00	20.76	0.01	3	6228	买盘
09:52:57	20.75	--	21	43575	卖盘
09:52:54	20.75	--	2	4150	卖盘
09:52:51	20.75	--	26	53950	卖盘
09:52:48	20.75	--	34	70550	卖盘
09:52:45	20.75	--	142	294650	买盘
09:52:36	20.75	--	2	4150	买盘
09:52:33	20.75	0.02	20	41500	买盘
09:52:30	20.73	-0.02	9	18657	中性盘
09:52:27	20.75	--	14	29050	卖盘
09:52:24	20.75	--	3	6225	卖盘
09:52:21	20.75	0.03	6	12450	买盘
09:52:18	20.72	-0.03	6	12432	卖盘
09:52:15	20.75	0.04	10	20750	买盘
09:52:12	20.71	-0.04	193	399703	卖盘
09:52:06	20.75	0.04	4	8300	买盘
09:52:03	20.71	--	29	60059	卖盘
09:52:00	20.71	-0.04	3	6213	卖盘
09:51:57	20.75	0.04	10	20750	买盘
09:51:54	20.71	--	3	6213	卖盘
09:51:51	20.71	-0.07	10	20710	中性盘
09:51:48	20.78	0.07	14	29092	买盘
09:51:45	20.71	-0.04	39	80769	卖盘
09:51:42	20.75	0.01	33	68475	买盘
09:51:39	20.74	0.03	1	2074	中性盘
09:51:36	20.71	-0.07	250	517750	卖盘
09:51:33	20.78	--	2	4156	买盘
09:51:30	20.78	-0.01	56	116368	卖盘
09:51:27	20.79	0.01	3	6237	买盘
09:51:24	20.78	--	10	20780	卖盘
09:51:21	20.78	-0.01	9	18702	卖盘
09:51:15	20.79	-0.01	23	47817	卖盘
09:51:12	20.8	-0.01	283	590137	卖盘
09:51:09	20.81	0.01	4	8324	买盘
09:51:06	20.8	-0.01	85	176800	卖盘
09:51:03	20.81	--	1	2081	卖盘
09:51:00	20.81	-0.01	25	54022	卖盘
09:50:57	20.82	--	5	10410	买盘
09:50:54	20.82	--	5	10410	买盘
09:50:51	20.82	0.01	2	4164	买盘
09:50:48	20.81	--	15	31214	卖盘
09:50:45	20.81	--	42	87402	卖盘
09:50:42	20.81	-0.01	134	278854	卖盘
09:50:36	20.82	0.01	4	8328	买盘
09:50:33	20.81	--	4	8324	卖盘
09:50:30	20.81	-0.01	16	33296	卖盘
09:50:27	20.82	--	3	6246	买盘
09:50:24	20.82	--	1	2082	买盘
09:50:21	20.82	--	64	133248	卖盘
09:50:18	20.82	--	8	16656	卖盘
09:50:15	20.82	-0.01	6	12492	卖盘
09:50:12	20.83	0.01	14	29161	中性盘
09:50:00	20.82	-0.03	67	139494	卖盘
09:49:57	20.85	0.01	18	37530	买盘
09:49:54	20.84	-0.01	20	41680	卖盘
09:49:51	20.85	--	51	106418	卖盘
09:49:48	20.85	--	5	10425	卖盘
09:49:45	20.85	--	2	4170	卖盘
09:49:42	20.85	--	18	37530	卖盘
09:49:39	20.85	--	40	83400	卖盘
09:49:36	20.85	--	16	33360	卖盘
09:49:33	20.85	--	110	229350	卖盘
09:49:30	20.85	-0.01	2	4170	卖盘
09:49:27	20.86	--	1	2086	买盘
09:49:24	20.86	--	5	10430	买盘
09:49:21	20.86	-0.01	0	1043	卖盘
09:49:15	20.87	--	1	2087	买盘
09:49:12	20.87	0.01	11	22957	中性盘
09:49:09	20.86	-0.01	24	50064	卖盘
09:49:00	20.87	--	4	8348	卖盘
09:48:57	20.87	--	3	7304	买盘
09:48:51	20.87	--	22	46957	卖盘
09:48:48	20.87	--	28	58436	卖盘
09:48:45	20.87	-0.01	67	139829	卖盘
09:48:36	20.88	--	5	10440	买盘
09:48:33	20.88	--	13	27144	卖盘
09:48:27	20.88	--	54	112752	卖盘
09:48:21	20.88	-0.02	6	12528	卖盘
09:48:18	20.9	0.02	1	2090	买盘
09:48:15	20.88	--	7	14616	买盘
09:48:09	20.88	-0.02	3	6264	卖盘
09:48:06	20.9	0.02	2	4180	买盘
09:47:54	20.88	-0.01	1	2088	卖盘
09:47:51	20.89	0.01	1	2089	中性盘
09:47:33	20.88	--	21	43848	买盘
09:47:27	20.88	--	1	2088	买盘
09:47:24	20.88	0.01	1	2088	买盘
09:47:21	20.87	--	30	62610	卖盘
09:47:15	20.87	--	10	20870	卖盘
09:46:57	20.87	--	9	18783	卖盘
09:46:54	20.87	0.02	117	245222	买盘
09:46:45	20.85	-0.01	26	54210	卖盘
09:46:39	20.86	--	39	82397	卖盘
09:46:36	20.86	-0.01	54	112644	卖盘
09:46:33	20.87	--	4	8348	买盘
09:46:24	20.87	0.01	1	2087	中性盘
09:46:21	20.86	-0.01	30	62580	卖盘
09:46:15	20.87	--	5	10435	卖盘
09:46:09	20.87	--	1	2087	卖盘
09:46:06	20.87	0.01	1	2087	买盘
09:46:03	20.86	-0.01	134	279524	卖盘
09:46:00	20.87	--	1	2087	卖盘
09:45:57	20.87	0.01	18	37566	买盘
09:45:54	20.86	--	11	22946	卖盘
09:45:51	20.86	--	67	139762	卖盘
09:45:48	20.86	--	5	10430	卖盘
09:45:45	20.86	-0.01	41	85526	卖盘
09:45:39	20.87	--	27	56349	卖盘
09:45:27	20.87	-0.01	21	43827	卖盘
09:45:21	20.88	0.01	1	2088	买盘
09:45:18	20.87	--	37	77219	卖盘
09:45:15	20.87	--	23	48001	卖盘
09:45:09	20.87	--	7	14609	卖盘
09:45:06	20.87	-0.01	6	12522	卖盘
09:45:00	20.88	0.01	1	2088	买盘
09:44:57	20.87	--	11	22957	买盘
09:44:42	20.87	0.01	5	10435	买盘
09:44:36	20.86	--	7	14602	卖盘
09:44:30	20.86	-0.01	10	20860	卖盘
09:44:27	20.87	--	10	20870	买盘
09:44:18	20.87	--	5	10435	买盘
09:44:15	20.87	0.01	6	12522	中性盘
09:44:12	20.86	-0.01	29	60494	卖盘
09:44:03	20.87	--	15	32348	买盘
09:43:54	20.87	--	57	118959	买盘
09:43:51	20.87	-0.01	22	45914	卖盘
09:43:48	20.88	0.01	1	2088	中性盘
09:43:45	20.87	--	47	98089	卖盘
09:43:30	20.87	--	13	27131	卖盘
09:43:27	20.87	--	9	18783	卖盘
09:43:18	20.87	--	3	6261	卖盘
09:43:15	20.87	-0.01	20	41740	卖盘
09:43:12	20.88	0.01	8	16704	买盘
09:43:09	20.87	--	5	10435	卖盘
09:43:03	20.87	-0.01	10	20870	卖盘
09:42:54	20.88	-0.01	43	89784	卖盘
09:42:45	20.89	-0.01	28	58492	中性盘
09:42:39	20.9	0.01	5	10450	买盘
09:42:36	20.89	--	11	22979	卖盘
09:42:33	20.89	-0.01	53	110717	卖盘
09:42:27	20.9	-0.01	6	12540	卖盘
09:42:24	20.91	0.01	2	4182	买盘
09:42:15	20.9	--	5	10450	卖盘
09:42:12	20.9	-0.02	5	10450	卖盘
09:42:09	20.92	--	57	119244	买盘
09:42:03	20.92	--	1	2092	买盘
09:42:00	20.92	--	4	8368	买盘
09:41:57	20.92	0.01	10	20920	买盘
09:41:42	20.91	-0.01	1	2091	卖盘
09:41:39	20.92	0.01	5	10460	卖盘
09:41:33	20.91	-0.02	4	8364	卖盘
09:41:30	20.93	0.01	6	12558	买盘
09:41:15	20.92	0.01	31	64852	买盘
09:41:12	20.91	-0.01	5	10455	卖盘
09:41:06	20.92	--	1	2092	卖盘
09:41:03	20.92	--	5	10460	买盘
09:40:51	20.92	0.03	1	2092	买盘
09:40:42	20.89	0.01	3	6267	中性盘
09:40:36	20.88	--	33	68904	卖盘
09:40:33	20.88	-0.01	11	22968	卖盘
09:40:24	20.89	--	4	8356	卖盘
09:40:18	20.89	--	8	16712	卖盘
09:40:15	20.89	--	13	27157	卖盘
09:40:06	20.89	--	1	2089	卖盘
09:40:03	20.89	-0.01	62	129518	卖盘
09:40:00	20.9	--	1	2090	买盘
09:39:57	20.9	--	14	29259	买盘
09:39:54	20.9	--	3	6270	买盘
09:39:51	20.9	--	7	14629	卖盘
09:39:48	20.9	--	2	4180	卖盘
09:39:45	20.9	--	6	12540	卖盘
09:39:39	20.9	-0.03	10	20900	卖盘
09:39:33	20.93	0.01	8	16744	买盘
09:39:27	20.92	-0.03	12	25104	卖盘
09:39:24	20.95	--	12	25140	中性盘
09:39:15	20.95	-0.03	10	20950	卖盘
09:39:12	20.98	--	9	18882	买盘
09:39:06	20.98	--	7	14686	买盘
09:39:03	20.98	--	5	10490	买盘
09:39:00	20.98	-0.01	5	10490	卖盘
09:38:57	20.99	0.01	8	16792	买盘
09:38:48	20.98	-0.01	8	16784	卖盘
09:38:45	20.99	--	11	23089	买盘
09:38:42	20.99	0.07	6	12593	买盘
09:38:36	20.92	-0.06	180	376560	卖盘
09:38:33	20.98	--	2	4196	买盘
09:38:30	20.98	0.04	12	25176	买盘
09:38:24	20.94	-0.01	5	10470	中性盘
09:38:18	20.95	0.01	1	2095	买盘
09:38:15	20.94	0.01	2	4188	买盘
09:38:12	20.93	0.01	126	263718	买盘
09:38:03	20.92	--	10	20920	卖盘
09:38:00	20.92	--	94	196648	卖盘
09:37:57	20.92	0.02	25	52300	买盘
09:37:48	20.9	0.01	15	31349	中性盘
09:37:42	20.89	--	9	18801	买盘
09:37:39	20.89	-0.01	52	108628	卖盘
09:37:36	20.9	--	6	12540	买盘
09:37:30	20.9	0.01	35	73150	买盘
09:37:27	20.89	--	10	20890	卖盘
09:37:21	20.89	--	6	12534	卖盘
09:37:15	20.89	0.02	7	14623	买盘
09:37:12	20.87	-0.02	4	8348	卖盘
09:37:09	20.89	0.02	7	14623	买盘
09:37:03	20.87	--	2	4174	卖盘
09:37:00	20.87	--	10	20870	卖盘
09:36:51	20.87	--	68	141916	买盘
09:36:33	20.87	--	3	6261	买盘
09:36:30	20.87	--	1	2087	买盘
09:36:27	20.87	0.02	31	64697	卖盘
09:36:18	20.85	-0.04	34	72912	卖盘
09:36:12	20.89	--	10	20890	买盘
09:36:09	20.89	0.04	4	8356	买盘
09:36:03	20.85	-0.01	101	210585	卖盘
09:36:00	20.86	-0.01	62	129436	卖盘
09:35:57	20.87	--	20	41740	买盘
09:35:54	20.87	--	41	85567	买盘
09:35:51	20.87	--	75	156525	买盘
09:35:48	20.87	0.02	1	2087	买盘
09:35:45	20.85	--	1	2085	卖盘
09:35:42	20.85	-0.02	60	125100	卖盘
09:35:39	20.87	0.01	4	8348	卖盘
09:35:36	20.86	0.01	6	12516	中性盘
09:35:33	20.85	-0.02	150	312750	卖盘
09:35:30	20.87	0.01	21	43827	买盘
09:35:27	20.86	0.01	39	81354	中性盘
09:35:24	20.85	--	68	141780	卖盘
09:35:18	20.85	--	5	10425	卖盘
09:35:12	20.85	-0.02	8	16680	卖盘
09:35:09	20.87	0.02	65	135655	买盘
09:35:06	20.85	-0.02	53	110505	卖盘
09:35:03	20.87	--	106	221222	卖盘
09:35:00	20.87	0.01	13	27131	买盘
09:34:57	20.86	--	9	18774	卖盘
09:34:54	20.86	-0.01	4	8344	卖盘
09:34:51	20.87	0.01	10	20870	买盘
09:34:48	20.86	--	7	14602	卖盘
09:34:45	20.86	--	17	35462	卖盘
09:34:42	20.86	-0.01	20	41720	卖盘
09:34:39	20.87	--	5	10435	买盘
09:34:36	20.87	0.01	2	4174	买盘
09:34:33	20.86	-0.01	1	2086	卖盘
09:34:30	20.87	0.01	1	2087	买盘
09:34:24	20.86	--	4	8344	买盘
09:34:21	20.86	--	9	18774	卖盘
09:34:15	20.86	--	91	189826	买盘
09:34:12	20.86	--	10	20860	买盘
09:34:03	20.86	--	40	85400	买盘
09:34:00	20.86	0.01	2	4172	买盘
09:33:54	20.85	-0.01	14	29190	卖盘
09:33:48	20.86	-0.01	21	43806	卖盘
09:33:39	20.87	--	26	54262	卖盘
09:33:33	20.87	-0.03	5	10435	卖盘
09:33:27	20.9	--	3	6270	卖盘
09:33:24	20.9	--	25	52250	卖盘
09:33:21	20.9	--	50	104500	卖盘
09:33:15	20.9	-0.02	1	2090	中性盘
09:33:09	20.92	0.02	30	62760	买盘
09:33:06	20.9	-0.02	1	2090	买盘
09:33:03	20.92	-0.01	12	25104	卖盘
09:33:00	20.93	0.01	28	58604	买盘
09:32:57	20.92	-0.01	20	41840	卖盘
09:32:51	20.93	0.01	4	8372	买盘
09:32:48	20.92	--	50	104600	卖盘
09:32:45	20.92	--	10	20920	卖盘
09:32:33	20.92	0.05	59	123428	买盘
09:32:27	20.87	-0.05	5	10435	卖盘
09:32:21	20.92	0.05	4	8368	买盘
09:32:12	20.87	--	8	16696	卖盘
09:32:09	20.87	--	1	2087	卖盘
09:32:03	20.87	--	2	4174	卖盘
09:32:00	20.87	0.03	6	12522	卖盘
09:31:57	20.84	-0.03	26	54184	卖盘
09:31:51	20.87	0.03	2	4174	买盘
09:31:48	20.84	0.01	11	22924	买盘
09:31:45	20.83	-0.01	8	16664	卖盘
09:31:39	20.84	--	60	125040	买盘
09:31:33	20.84	--	2	4168	买盘
09:31:30	20.84	--	2	4168	买盘
09:31:27	20.84	--	33	68772	卖盘
09:31:24	20.84	--	12	25008	卖盘
09:31:15	20.84	--	3	6252	卖盘
09:31:12	20.84	-0.03	1	2084	中性盘
09:31:06	20.87	0.03	24	50088	买盘
09:31:03	20.84	0.02	4	8336	中性盘
09:31:00	20.82	-0.01	27	56214	卖盘
09:30:57	20.83	-0.04	20	41660	卖盘
09:30:51	20.87	0.03	35	73045	买盘
09:30:48	20.84	0.02	11	22924	中性盘
09:30:39	20.82	-0.02	50	104100	卖盘
09:30:30	20.84	0.03	2	4168	买盘
09:30:27	20.81	-0.03	3	6243	卖盘
09:30:21	20.84	--	19	39596	买盘
09:30:15	20.84	0.03	100	208400	买盘
09:30:12	20.81	-0.01	151	314231	卖盘
09:30:09	20.82	--	63	131166	买盘
09:30:06	20.82	--	9	18738	买盘
09:30:03	20.82	-0.05	209	435804	卖盘
09:30:00	20.87	--	0	0	买盘
09:25:03	20.87	20.87	105	219135	买盘
