成交时间	成交价	价格变动	成交量(手)	成交额(元)	性质
15:00:03	19.68	--	1288	2534784	买盘
14:57:00	19.68	--	0	0	买盘
14:56:57	19.68	0.01	1	1968	买盘
14:56:54	19.67	-0.01	31	60977	卖盘
14:56:51	19.68	--	37	72816	买盘
14:56:48	19.68	--	41	80688	买盘
14:56:45	19.68	0.01	26	51168	买盘
14:56:42	19.67	-0.01	9	17703	卖盘
14:56:39	19.68	--	24	47232	买盘
14:56:36	19.68	--	115	226320	买盘
14:56:33	19.68	0.01	10	19680	买盘
14:56:30	19.67	--	3	5901	卖盘
14:56:27	19.67	-0.01	1	1967	卖盘
14:56:24	19.68	0.01	60	119142	买盘
14:56:21	19.67	--	6	11802	卖盘
14:56:18	19.67	--	14	27538	卖盘
14:56:15	19.67	-0.02	30	59010	卖盘
14:56:06	19.69	0.02	100	196900	买盘
14:56:03	19.67	0.01	1	1967	卖盘
14:55:57	19.66	-0.02	1	1966	卖盘
14:55:54	19.68	0.02	3	5904	中性盘
14:55:48	19.66	-0.03	5	9830	卖盘
14:55:45	19.69	0.03	35	68915	买盘
14:55:39	19.66	-0.03	1	1966	卖盘
14:55:36	19.69	0.03	59	116171	买盘
14:55:30	19.66	0.01	25	49150	中性盘
14:55:18	19.65	-0.04	500	982499	卖盘
14:55:15	19.69	--	25	49225	卖盘
14:55:12	19.69	--	12	23628	卖盘
14:55:06	19.69	--	10	19690	卖盘
14:55:03	19.69	--	387	762003	买盘
14:54:57	19.69	0.01	5	9845	买盘
14:54:54	19.68	-0.01	34	66912	卖盘
14:54:51	19.69	--	6	11814	买盘
14:54:48	19.69	0.01	2	3938	买盘
14:54:45	19.68	--	32	62976	卖盘
14:54:42	19.68	-0.01	1	1968	卖盘
14:54:36	19.69	0.01	3	5907	买盘
14:54:33	19.68	--	9	17712	卖盘
14:54:27	19.68	0.01	97	190896	中性盘
14:54:21	19.67	-0.01	514	1011038	卖盘
14:54:18	19.68	-0.01	3	5904	卖盘
14:54:15	19.69	0.01	7	13783	买盘
14:54:12	19.68	--	18	35424	买盘
14:54:09	19.68	--	19	37392	卖盘
14:54:00	19.68	-0.01	16	31488	卖盘
14:53:57	19.69	0.01	12	23628	买盘
14:53:45	19.68	-0.01	5	9840	卖盘
14:53:42	19.69	--	5	9845	卖盘
14:53:39	19.69	--	1	1969	卖盘
14:53:36	19.69	--	37	72853	卖盘
14:53:33	19.69	--	4	7876	卖盘
14:53:30	19.69	--	5	9845	卖盘
14:53:27	19.69	--	18	35442	卖盘
14:53:24	19.69	--	104	204776	卖盘
14:53:21	19.69	--	63	124047	买盘
14:53:00	19.69	0.01	3	5907	买盘
14:52:57	19.68	-0.03	1	1968	卖盘
14:52:54	19.71	0.03	1127	2221317	买盘
14:52:51	19.68	--	41	80688	卖盘
14:52:45	19.68	--	10	19680	卖盘
14:52:42	19.68	--	10	19680	卖盘
14:52:39	19.68	--	29	57072	卖盘
14:52:24	19.68	--	10	19680	卖盘
14:52:18	19.68	--	8	15744	卖盘
14:52:09	19.68	-0.01	3	5904	卖盘
14:52:06	19.69	0.01	14	27566	买盘
14:52:00	19.68	--	10	19680	卖盘
14:51:57	19.68	--	5	9840	卖盘
14:51:51	19.68	-0.01	54	108121	卖盘
14:51:48	19.69	--	25	49225	卖盘
14:51:45	19.69	0.02	128	252150	买盘
14:51:39	19.67	-0.01	10	19670	卖盘
14:51:36	19.68	0.01	29	57072	买盘
14:51:33	19.67	--	34	66878	卖盘
14:51:30	19.67	--	53	104251	卖盘
14:51:27	19.67	-0.01	1	1967	卖盘
14:51:24	19.68	0.01	1	1968	买盘
14:51:21	19.67	--	6	11802	卖盘
14:51:18	19.67	0.01	5	9835	中性盘
14:51:09	19.66	-0.01	32	62912	卖盘
14:51:00	19.67	0.01	52	102441	买盘
14:50:54	19.66	-0.01	39	76674	卖盘
14:50:51	19.67	0.01	9	17703	买盘
14:50:45	19.66	--	99	194634	卖盘
14:50:42	19.66	-0.01	5	9830	卖盘
14:50:27	19.67	--	20	39340	买盘
14:50:21	19.67	-0.02	481	947936	卖盘
14:50:18	19.69	-0.01	37	72853	卖盘
14:50:15	19.7	--	10	19700	买盘
14:50:06	19.7	--	4	7880	买盘
14:50:03	19.7	-0.01	87	171390	卖盘
14:49:57	19.71	0.01	2	3942	买盘
14:49:54	19.7	--	16	31520	卖盘
14:49:51	19.7	--	13	25610	卖盘
14:49:48	19.7	--	12	23640	卖盘
14:49:45	19.7	--	4	7880	卖盘
14:49:42	19.7	--	4	7880	卖盘
14:49:39	19.7	-0.01	11	21670	卖盘
14:49:36	19.71	0.01	51	100521	买盘
14:49:33	19.7	--	2	3940	卖盘
14:49:30	19.7	--	2	3940	卖盘
14:49:27	19.7	--	71	139870	卖盘
14:49:18	19.7	-0.01	32	63040	卖盘
14:49:15	19.71	0.01	1	1971	买盘
14:49:12	19.7	--	12	23640	卖盘
14:49:09	19.7	--	5	9850	卖盘
14:49:06	19.7	0.01	1	1970	中性盘
14:49:03	19.69	-0.01	20	39380	卖盘
14:49:00	19.7	--	6	11820	卖盘
14:48:57	19.7	0.01	198	391675	买盘
14:48:51	19.69	-0.01	3	5907	卖盘
14:48:48	19.7	--	94	185180	买盘
14:48:42	19.7	0.01	1	1970	买盘
14:48:33	19.69	--	25	49225	卖盘
14:48:27	19.69	--	4	7876	卖盘
14:48:24	19.69	--	21	41349	卖盘
14:48:21	19.69	--	2	3938	卖盘
14:48:12	19.69	--	28	55132	卖盘
14:48:09	19.69	-0.01	11	21659	卖盘
14:48:03	19.7	0.01	37	72890	买盘
14:48:00	19.69	-0.01	11	21659	卖盘
14:47:57	19.7	0.01	23	45310	买盘
14:47:54	19.69	-0.01	3	5907	卖盘
14:47:51	19.7	--	10	19700	买盘
14:47:45	19.7	--	39	76830	买盘
14:47:39	19.7	0.01	1	1970	买盘
14:47:36	19.69	--	37	72853	卖盘
14:47:33	19.69	--	253	498157	卖盘
14:47:27	19.69	-0.01	149	293892	卖盘
14:47:24	19.7	0.01	300	591000	买盘
14:47:18	19.69	--	9	17721	买盘
14:47:12	19.69	--	1	1969	买盘
14:47:09	19.69	--	12	23628	卖盘
14:47:06	19.69	--	30	59070	卖盘
14:47:03	19.69	--	11	21659	卖盘
14:47:00	19.69	--	1	1969	卖盘
14:46:57	19.69	-0.01	78	153582	卖盘
14:46:54	19.7	0.01	1	1970	买盘
14:46:51	19.69	--	2	3938	卖盘
14:46:48	19.69	--	2	3938	卖盘
14:46:42	19.69	--	115	226435	卖盘
14:46:39	19.69	--	5	9845	卖盘
14:46:30	19.69	--	45	88605	卖盘
14:46:21	19.69	--	1	1969	卖盘
14:46:12	19.69	--	105	206745	卖盘
14:46:09	19.69	--	11	21659	卖盘
14:46:06	19.69	--	5	9845	卖盘
14:46:03	19.69	--	12	23628	卖盘
14:45:57	19.69	--	25	49225	卖盘
14:45:54	19.69	0.01	105	206745	买盘
14:45:51	19.68	--	10	19680	卖盘
14:45:48	19.68	-0.01	4	7872	卖盘
14:45:45	19.69	--	6	11814	买盘
14:45:33	19.69	0.01	65	127985	买盘
14:45:21	19.68	0.01	85	167280	买盘
14:45:18	19.67	-0.01	11	21637	卖盘
14:45:12	19.68	0.01	3	5904	买盘
14:45:06	19.67	--	40	78680	卖盘
14:45:03	19.67	-0.01	1	1967	卖盘
14:44:54	19.68	--	1	1968	买盘
14:44:48	19.68	--	1	1968	买盘
14:44:45	19.68	-0.01	8	15744	卖盘
14:44:39	19.69	0.01	1	1969	买盘
14:44:33	19.68	--	3	5904	卖盘
14:44:30	19.68	-0.01	8	15744	卖盘
14:44:27	19.69	--	1	1969	买盘
14:44:21	19.69	0.01	1	1969	中性盘
14:44:18	19.68	--	4	7872	卖盘
14:44:15	19.68	-0.01	10	19680	卖盘
14:44:12	19.69	--	92	181148	买盘
14:44:06	19.69	0.01	41	80729	买盘
14:44:00	19.68	-0.01	6	11808	中性盘
14:43:54	19.69	0.01	141	277629	买盘
14:43:48	19.68	--	16	31488	卖盘
14:43:30	19.68	--	9	17712	卖盘
14:43:18	19.68	-0.01	34	66912	卖盘
14:43:15	19.69	--	1	1969	买盘
14:43:12	19.69	0.01	1	1969	买盘
14:43:06	19.68	--	4	7872	买盘
14:43:03	19.68	--	60	118080	买盘
14:42:45	19.68	--	80	157440	卖盘
14:42:42	19.68	-0.01	30	59040	卖盘
14:42:39	19.69	--	64	126016	买盘
14:42:36	19.69	0.01	16	31504	买盘
14:42:27	19.68	--	16	31488	卖盘
14:42:18	19.68	--	54	106272	买盘
14:42:09	19.68	--	4	7872	卖盘
14:42:06	19.68	--	20	39360	卖盘
14:42:03	19.68	-0.01	9	17712	卖盘
14:42:00	19.69	0.01	9	17721	买盘
14:41:51	19.68	0.01	69	135792	买盘
14:41:45	19.67	-0.01	1	1967	卖盘
14:41:42	19.68	--	1	1968	买盘
14:41:39	19.68	--	6	11808	买盘
14:41:27	19.68	--	49	96432	卖盘
14:41:18	19.68	--	1	1968	卖盘
14:41:15	19.68	-0.01	1	1968	卖盘
14:41:12	19.69	--	113	222497	卖盘
14:41:09	19.69	--	5	9845	卖盘
14:41:06	19.69	--	50	98450	卖盘
14:40:51	19.69	0.02	172	338668	买盘
14:40:45	19.67	-0.02	2	3934	卖盘
14:40:42	19.69	0.01	55	108295	买盘
14:40:36	19.68	-0.01	1	1968	买盘
14:40:33	19.69	--	5	9845	买盘
14:40:24	19.69	--	5	9845	买盘
14:40:18	19.69	0.02	18	35442	买盘
14:40:12	19.67	-0.02	1	1967	卖盘
14:40:09	19.69	0.02	1	1969	买盘
14:39:54	19.67	-0.02	5	9835	卖盘
14:39:51	19.69	-0.01	28	55132	卖盘
14:39:48	19.7	0.01	1	1970	买盘
14:39:45	19.69	--	3	5907	卖盘
14:39:42	19.69	--	26	51194	买盘
14:39:39	19.69	0.02	51	100419	买盘
14:39:36	19.67	-0.02	3	5901	卖盘
14:39:21	19.69	0.02	1	1969	买盘
14:39:15	19.67	--	14	27538	卖盘
14:39:06	19.67	--	19	37373	卖盘
14:39:00	19.67	-0.02	1	1967	卖盘
14:38:51	19.69	0.03	1	1969	买盘
14:38:42	19.66	-0.03	96	188736	卖盘
14:38:36	19.69	0.02	1	1969	买盘
14:38:33	19.67	--	1	1967	卖盘
14:38:30	19.67	-0.02	5	9835	卖盘
14:38:27	19.69	-0.01	3	5907	卖盘
14:38:09	19.7	0.01	3	5910	买盘
14:38:06	19.69	--	21	41349	买盘
14:38:03	19.69	0.03	16	31504	买盘
14:38:00	19.66	-0.03	82	161212	卖盘
14:37:57	19.69	--	50	98450	买盘
14:37:54	19.69	-0.01	20	39380	卖盘
14:37:51	19.7	--	25	49250	买盘
14:37:45	19.7	0.01	31	61070	买盘
14:37:42	19.69	-0.01	5	9845	卖盘
14:37:39	19.7	--	1	1970	买盘
14:37:33	19.7	0.05	2	3940	买盘
14:37:24	19.65	-0.05	500	982499	卖盘
14:37:18	19.7	--	3	5910	买盘
14:37:12	19.7	--	14	27580	买盘
14:37:06	19.7	-0.01	38	74860	卖盘
14:36:57	19.71	--	66	131544	卖盘
14:36:51	19.71	--	2	3942	卖盘
14:36:48	19.71	-0.01	18	35478	卖盘
14:36:45	19.72	0.01	11	21692	买盘
14:36:42	19.71	-0.01	5	9855	卖盘
14:36:39	19.72	0.01	20	39440	买盘
14:36:33	19.71	--	5	9855	卖盘
14:36:21	19.71	-0.01	6	11826	卖盘
14:36:18	19.72	0.01	14	27608	买盘
14:36:15	19.71	--	20	39420	卖盘
14:36:12	19.71	--	24	47304	卖盘
14:36:09	19.71	--	7	13797	卖盘
14:36:06	19.71	0.01	393	774603	买盘
14:36:03	19.7	--	100	197000	卖盘
14:36:00	19.7	--	10	19700	卖盘
14:35:57	19.7	--	6	11820	卖盘
14:35:54	19.7	--	84	165480	卖盘
14:35:51	19.7	--	4	7880	卖盘
14:35:48	19.7	--	200	394000	卖盘
14:35:45	19.7	-0.01	50	98500	卖盘
14:35:39	19.71	0.01	17	33507	买盘
14:35:36	19.7	--	35	68950	卖盘
14:35:27	19.7	--	1	1970	卖盘
14:35:24	19.7	--	5	9850	卖盘
14:35:21	19.7	--	3	5910	卖盘
14:35:18	19.7	--	5	9850	卖盘
14:35:15	19.7	--	10	19700	卖盘
14:35:06	19.7	-0.01	1	1970	卖盘
14:34:57	19.71	0.01	1	1971	买盘
14:34:51	19.7	--	13	25610	卖盘
14:34:39	19.7	0.01	132	260552	买盘
14:34:36	19.69	-0.01	33	64977	卖盘
14:34:33	19.7	--	101	198970	买盘
14:34:27	19.7	--	50	98500	买盘
14:34:21	19.7	--	20	39400	买盘
14:34:18	19.7	0.01	53	104410	买盘
14:34:15	19.69	-0.01	1	1969	卖盘
14:34:12	19.7	--	24	47280	买盘
14:34:09	19.7	0.01	26	51220	买盘
14:34:03	19.69	-0.01	13	25597	卖盘
14:34:00	19.7	0.01	20	39400	买盘
14:33:54	19.69	--	12	23628	卖盘
14:33:51	19.69	--	2	3938	卖盘
14:33:48	19.69	-0.01	8	15752	卖盘
14:33:42	19.7	0.01	37	72890	买盘
14:33:39	19.69	-0.01	11	21659	卖盘
14:33:36	19.7	--	1	1970	买盘
14:33:30	19.7	0.01	5	9850	买盘
14:33:27	19.69	--	1	1969	卖盘
14:33:24	19.69	-0.01	6	11814	卖盘
14:33:21	19.7	--	83	163510	买盘
14:33:18	19.7	0.01	5	9850	买盘
14:33:03	19.69	--	1	1969	卖盘
14:33:00	19.69	--	100	196900	卖盘
14:32:54	19.69	--	1	1969	卖盘
14:32:48	19.69	--	5	9845	卖盘
14:32:42	19.69	--	14	27566	买盘
14:32:39	19.69	--	26	51194	买盘
14:32:30	19.69	0.01	108	212652	买盘
14:32:27	19.68	-0.01	1	1968	卖盘
14:32:21	19.69	--	22	43318	买盘
14:32:18	19.69	0.01	50	98450	买盘
14:32:12	19.68	--	95	186960	卖盘
14:32:09	19.68	0.01	104	204672	买盘
14:32:03	19.67	-0.01	2	3934	卖盘
14:32:00	19.68	--	65	127920	买盘
14:31:57	19.68	0.01	39	76752	买盘
14:31:54	19.67	--	2	3934	买盘
14:31:51	19.67	-0.01	40	78680	卖盘
14:31:48	19.68	--	1	1968	买盘
14:31:42	19.68	--	3	5904	买盘
14:31:39	19.68	--	2	3936	买盘
14:31:36	19.68	0.02	3	5904	买盘
14:31:33	19.66	--	4	7864	卖盘
14:31:30	19.66	--	1	1966	卖盘
14:31:18	19.66	-0.02	10	19660	卖盘
14:31:12	19.68	0.01	24	47232	买盘
14:31:06	19.67	--	31	60977	卖盘
14:31:03	19.67	--	1	1967	卖盘
14:31:00	19.67	--	12	23604	卖盘
14:30:57	19.67	--	3	5901	卖盘
14:30:48	19.67	--	1	1967	卖盘
14:30:45	19.67	--	14	27538	卖盘
14:30:39	19.67	--	1	1967	卖盘
14:30:36	19.67	--	3	5901	卖盘
14:30:33	19.67	--	5	9835	卖盘
14:30:30	19.67	--	5	9835	卖盘
14:30:27	19.67	-0.01	9	17703	卖盘
14:30:24	19.68	0.01	100	196800	买盘
14:30:21	19.67	--	10	19670	卖盘
14:30:18	19.67	-0.01	1	1967	卖盘
14:30:00	19.68	0.01	69	135792	买盘
14:29:51	19.67	--	2	3934	卖盘
14:29:36	19.67	0.01	1	1967	买盘
14:29:33	19.66	-0.01	1	1966	卖盘
14:29:30	19.67	0.01	5	9835	买盘
14:29:24	19.66	--	25	49150	卖盘
14:29:21	19.66	--	21	41286	卖盘
14:29:06	19.66	-0.01	1	1966	卖盘
14:29:03	19.67	-0.01	1	1967	卖盘
14:28:57	19.68	--	12	23616	买盘
14:28:51	19.68	--	7	13776	卖盘
14:28:45	19.68	--	13	25584	卖盘
14:28:42	19.68	--	1	1968	卖盘
14:28:39	19.68	-0.01	2	3936	卖盘
14:28:33	19.69	--	37	72853	买盘
14:28:27	19.69	0.01	83	163427	买盘
14:28:21	19.68	-0.01	43	84624	卖盘
14:28:09	19.69	--	50	98450	卖盘
14:28:06	19.69	--	14	27566	卖盘
14:28:03	19.69	--	1	1969	卖盘
14:28:00	19.69	--	36	70884	买盘
14:27:57	19.69	--	7	13783	买盘
14:27:51	19.69	0.01	5	9845	买盘
14:27:39	19.68	-0.01	6	11808	卖盘
14:27:36	19.69	--	1	1969	买盘
14:27:33	19.69	--	48	94512	卖盘
14:27:30	19.69	--	71	139799	卖盘
14:27:24	19.69	--	13	25597	卖盘
14:27:21	19.69	--	12	23628	卖盘
14:27:18	19.69	-0.01	1	1969	卖盘
14:27:15	19.7	0.01	180	354600	买盘
14:27:12	19.69	--	10	19690	卖盘
14:27:09	19.69	--	20	39380	卖盘
14:27:03	19.69	--	5	9845	卖盘
14:27:00	19.69	--	5	9845	卖盘
14:26:57	19.69	--	11	21659	卖盘
14:26:54	19.69	--	2	3938	卖盘
14:26:48	19.69	--	1	1969	卖盘
14:26:42	19.69	-0.01	115	226435	卖盘
14:26:39	19.7	0.01	3	5910	买盘
14:26:36	19.69	--	10	19690	卖盘
14:26:27	19.69	0.01	183	360327	买盘
14:26:24	19.68	-0.01	13	25584	卖盘
14:26:18	19.69	--	21	41349	买盘
14:26:15	19.69	0.01	1	1969	买盘
14:26:12	19.68	--	13	25584	卖盘
14:25:54	19.68	0.01	47	92496	买盘
14:25:51	19.67	--	15	29505	卖盘
14:25:45	19.67	--	2	3934	卖盘
14:25:33	19.67	0.01	42	82614	买盘
14:25:21	19.66	--	168	330288	买盘
14:25:18	19.66	--	4	7864	买盘
14:25:15	19.66	--	1	1966	买盘
14:25:12	19.66	--	3	5898	买盘
14:25:09	19.66	-0.01	25	49150	卖盘
14:25:00	19.67	0.01	7	13769	买盘
14:24:57	19.66	-0.01	3	5898	卖盘
14:24:54	19.67	0.01	3	5901	买盘
14:24:48	19.66	-0.01	15	29490	卖盘
14:24:45	19.67	--	7	13769	买盘
14:24:42	19.67	0.01	4	7868	买盘
14:24:33	19.66	-0.01	70	137620	卖盘
14:24:30	19.67	--	1	1967	买盘
14:24:24	19.67	--	10	19670	买盘
14:24:21	19.67	--	1	1967	买盘
14:24:12	19.67	--	43	84581	买盘
14:24:03	19.67	--	1	1967	买盘
14:23:51	19.67	0.01	6	11802	买盘
14:23:48	19.66	-0.01	1	1966	中性盘
14:23:30	19.67	--	5	9835	买盘
14:23:24	19.67	0.01	10	19670	买盘
14:23:15	19.66	--	1	1966	买盘
14:23:12	19.66	0.01	21	41286	买盘
14:23:09	19.65	-0.01	6	11790	卖盘
14:23:06	19.66	--	10	19660	买盘
14:23:00	19.66	--	1	1966	买盘
14:22:54	19.66	--	5	9830	买盘
14:22:48	19.66	--	1	1966	买盘
14:22:45	19.66	--	10	19660	买盘
14:22:15	19.66	0.01	1	1966	买盘
14:22:12	19.65	--	5	9825	卖盘
14:22:09	19.65	--	2	3929	卖盘
14:21:54	19.65	--	3	5895	卖盘
14:21:51	19.65	-0.01	15	29474	卖盘
14:21:45	19.66	0.01	34	66844	买盘
14:21:42	19.65	--	10	19650	卖盘
14:21:36	19.65	-0.01	19	37335	卖盘
14:21:30	19.66	0.01	11	21626	买盘
14:21:24	19.65	-0.01	6	11790	卖盘
14:21:06	19.66	--	11	21626	买盘
14:21:03	19.66	0.01	15	29490	买盘
14:21:00	19.65	-0.01	19	37335	卖盘
14:20:54	19.66	--	6	11796	买盘
14:20:42	19.66	--	2	3932	买盘
14:20:39	19.66	0.01	155	304730	买盘
14:20:27	19.65	--	63	123794	买盘
14:20:18	19.65	0.01	1	1964	买盘
14:20:15	19.64	--	26	51064	买盘
14:20:12	19.64	--	1	1964	买盘
14:20:09	19.64	--	20	39280	买盘
14:20:06	19.64	--	6	11784	买盘
14:20:00	19.64	--	1	1964	买盘
14:19:54	19.64	--	51	100164	买盘
14:19:51	19.64	--	1	1964	买盘
14:19:42	19.64	--	10	19640	买盘
14:19:39	19.64	--	20	39280	买盘
14:19:30	19.64	--	48	94272	买盘
14:19:27	19.64	--	5	9820	买盘
14:19:18	19.64	0.01	1	1964	买盘
14:19:09	19.63	--	23	45149	卖盘
14:19:06	19.63	-0.01	1	1963	卖盘
14:19:00	19.64	0.01	5	9820	买盘
14:18:57	19.63	-0.01	22	43186	卖盘
14:18:54	19.64	0.01	20	39280	买盘
14:18:51	19.63	-0.01	22	43186	卖盘
14:18:48	19.64	--	15	29460	买盘
14:18:42	19.64	--	21	41244	买盘
14:18:39	19.64	0.01	20	39280	买盘
14:18:36	19.63	-0.01	1	1963	卖盘
14:18:33	19.64	-0.01	54	106056	卖盘
14:18:30	19.65	--	1	1964	买盘
14:18:27	19.65	--	1	1964	买盘
14:18:24	19.65	--	1	1964	买盘
14:18:21	19.65	--	3	5895	买盘
14:18:09	19.65	0.01	20	39300	买盘
14:18:06	19.64	--	6	11784	卖盘
14:18:00	19.64	-0.01	2	3928	卖盘
14:17:54	19.65	0.02	1	1964	买盘
14:17:39	19.63	-0.02	2	3926	卖盘
14:17:36	19.65	--	2	3929	买盘
14:17:24	19.65	0.02	1	1964	买盘
14:17:21	19.63	-0.02	1	1963	卖盘
14:17:15	19.65	0.01	66	129689	买盘
14:17:09	19.64	--	32	62848	卖盘
14:17:06	19.64	--	1	1964	卖盘
14:17:00	19.64	-0.01	1	1964	卖盘
14:16:54	19.65	0.01	1	1964	买盘
14:16:51	19.64	-0.01	2	3928	卖盘
14:16:48	19.65	0.01	1	1964	买盘
14:16:39	19.64	--	16	31424	买盘
14:16:36	19.64	-0.01	39	76596	卖盘
14:16:33	19.65	0.01	5	9825	买盘
14:16:30	19.64	--	36	70704	卖盘
14:16:21	19.64	--	15	29460	卖盘
14:16:09	19.64	--	1	1964	卖盘
14:16:03	19.64	--	11	21604	买盘
14:16:00	19.64	--	4	7856	买盘
14:15:57	19.64	--	3	5892	买盘
14:15:51	19.64	--	15	29460	买盘
14:15:48	19.64	--	102	200328	买盘
14:15:30	19.64	0.01	25	49100	买盘
14:15:21	19.63	-0.01	26	51038	卖盘
14:15:15	19.64	0.01	10	19640	买盘
14:15:03	19.63	-0.01	28	54964	卖盘
14:15:00	19.64	0.01	1	1964	买盘
14:14:57	19.63	-0.01	1	1963	卖盘
14:14:42	19.64	0.01	4	7856	买盘
14:14:39	19.63	--	80	157040	卖盘
14:14:33	19.63	-0.01	10	19630	卖盘
14:14:30	19.64	--	15	29460	买盘
14:14:27	19.64	--	26	51064	卖盘
14:14:21	19.64	--	45	88380	卖盘
14:14:15	19.64	--	20	39280	卖盘
14:14:12	19.64	--	53	104092	卖盘
14:14:06	19.64	--	21	41244	卖盘
14:14:00	19.64	-0.01	50	98200	卖盘
14:13:57	19.65	0.01	9	17685	买盘
14:13:48	19.64	--	35	68740	卖盘
14:13:24	19.64	-0.01	1	1964	卖盘
14:13:18	19.65	-0.01	117	229904	卖盘
14:13:00	19.66	0.01	25	49150	买盘
14:12:54	19.65	--	19	37335	卖盘
14:12:36	19.65	--	4	7859	卖盘
14:12:33	19.65	-0.01	4	7859	卖盘
14:12:30	19.66	--	2	3932	买盘
14:12:24	19.66	--	11	21626	买盘
14:12:15	19.66	--	1	1966	买盘
14:12:03	19.66	-0.01	42	82572	卖盘
14:11:57	19.67	0.01	8	15736	买盘
14:11:42	19.66	-0.01	1	1966	卖盘
14:11:24	19.67	0.01	17	33439	中性盘
14:11:18	19.66	-0.01	27	53082	卖盘
14:11:12	19.67	-0.01	2	3934	卖盘
14:11:09	19.68	0.01	20	39360	买盘
14:11:03	19.67	--	5	9835	卖盘
14:10:54	19.67	--	6	11802	卖盘
14:10:45	19.67	--	23	45241	卖盘
14:10:30	19.67	--	1	1967	买盘
14:10:24	19.67	--	19	37373	卖盘
14:10:15	19.67	--	5	9835	卖盘
14:10:06	19.67	--	10	19670	卖盘
14:09:57	19.67	--	5	9835	卖盘
14:09:54	19.67	-0.01	8	15736	卖盘
14:09:48	19.68	--	3	5904	买盘
14:09:42	19.68	--	10	19680	卖盘
14:09:15	19.68	--	1	1968	卖盘
14:09:06	19.68	--	8	15744	卖盘
14:09:03	19.68	-0.01	131	257808	卖盘
14:09:00	19.69	0.01	11	21659	买盘
14:08:57	19.68	--	3	5904	卖盘
14:08:54	19.68	--	1	1968	卖盘
14:08:36	19.68	--	10	19680	卖盘
14:08:30	19.68	--	1	1968	卖盘
14:08:27	19.68	-0.01	20	39360	卖盘
14:08:24	19.69	--	3	5907	买盘
14:08:21	19.69	--	1	1969	买盘
14:08:15	19.69	--	10	19690	买盘
14:08:12	19.69	-0.01	37	74310	卖盘
14:08:09	19.7	0.01	1	1970	买盘
14:08:06	19.69	--	10	19690	卖盘
14:08:03	19.69	--	5	10356	卖盘
14:07:54	19.69	--	10	19690	卖盘
14:07:51	19.69	-0.01	1	1969	卖盘
14:07:48	19.7	--	100	197000	买盘
14:07:45	19.7	0.01	30	59100	买盘
14:07:42	19.69	-0.01	5	9845	卖盘
14:07:39	19.7	--	100	197000	买盘
14:07:36	19.7	--	19	37430	买盘
14:07:27	19.7	0.01	74	145780	买盘
14:07:12	19.69	--	25	49225	买盘
14:07:06	19.69	--	57	112233	卖盘
14:07:03	19.69	--	1	1969	卖盘
14:07:00	19.69	--	50	98450	卖盘
14:06:48	19.69	-0.01	7	13783	买盘
14:06:39	19.7	--	1	1970	买盘
14:06:33	19.7	0.01	110	216700	买盘
14:06:30	19.69	-0.01	10	19690	卖盘
14:06:27	19.7	--	51	100470	买盘
14:06:24	19.7	--	30	59100	买盘
14:06:21	19.7	--	1	1970	买盘
14:06:15	19.7	0.01	10	19700	买盘
14:06:06	19.69	-0.01	9	17721	卖盘
14:06:00	19.7	0.02	10	19700	买盘
14:05:45	19.68	--	55	108240	卖盘
14:05:42	19.68	-0.01	5	9840	卖盘
14:05:39	19.69	0.01	66	129954	买盘
14:05:33	19.68	--	5	9840	卖盘
14:05:30	19.68	--	13	25584	卖盘
14:05:27	19.68	--	510	1003680	买盘
14:05:21	19.68	--	5	9840	买盘
14:05:18	19.68	--	8	15744	买盘
14:05:15	19.68	--	5	9840	买盘
14:05:06	19.68	0.02	3	5904	买盘
14:04:57	19.66	--	10	19660	卖盘
14:04:54	19.66	--	1	1966	卖盘
14:04:51	19.66	--	2	3932	卖盘
14:04:48	19.66	--	14	27524	买盘
14:04:45	19.66	--	23	45218	买盘
14:04:39	19.66	--	4	7864	买盘
14:04:30	19.66	-0.03	14	27524	卖盘
14:04:21	19.69	0.03	110	216590	买盘
14:04:09	19.66	0.02	1	1966	卖盘
14:04:06	19.64	-0.04	6	11784	买盘
14:04:03	19.68	--	24	47232	卖盘
14:04:00	19.68	0.05	384	755712	买盘
14:03:57	19.63	-0.01	500	981500	卖盘
14:03:39	19.64	--	86	168904	买盘
14:03:33	19.64	--	10	19640	买盘
14:03:30	19.64	0.01	41	80524	中性盘
14:03:18	19.63	-0.03	530	1040390	卖盘
14:03:15	19.66	0.01	24	47184	买盘
14:03:09	19.65	--	54	107976	买盘
14:03:06	19.65	--	12	23580	买盘
14:03:03	19.65	0.01	79	155235	买盘
14:02:57	19.64	--	542	1064488	卖盘
14:02:54	19.64	--	12	23568	卖盘
14:02:51	19.64	-0.01	12	23568	卖盘
14:02:48	19.65	0.01	10	19650	买盘
14:02:42	19.64	--	2	3928	卖盘
14:02:39	19.64	--	50	99103	买盘
14:02:33	19.64	--	5	9820	买盘
14:02:12	19.64	0.01	16	31424	买盘
14:02:03	19.63	--	2	3926	卖盘
14:01:51	19.63	-0.01	6	11778	卖盘
14:01:48	19.64	0.01	6	11784	中性盘
14:01:33	19.63	-0.01	150	294450	卖盘
14:01:15	19.64	--	1	1964	卖盘
14:01:12	19.64	--	14	27496	买盘
14:01:09	19.64	-0.01	8	15712	卖盘
14:01:06	19.65	-0.01	2	4028	卖盘
14:01:03	19.66	0.01	36	70776	买盘
14:00:57	19.65	--	1	1964	卖盘
14:00:51	19.65	0.01	6	13656	买盘
14:00:48	19.64	-0.01	4	7856	中性盘
14:00:45	19.65	--	53	104144	买盘
14:00:36	19.65	--	10	19650	买盘
14:00:33	19.65	--	10	19650	买盘
14:00:30	19.65	--	10	19650	买盘
14:00:27	19.65	0.01	20	39300	买盘
14:00:24	19.64	-0.01	21	41244	卖盘
14:00:18	19.65	0.01	11	21615	买盘
14:00:12	19.64	-0.01	5	9820	卖盘
13:59:54	19.65	--	4	7958	卖盘
13:59:45	19.65	--	5	11691	买盘
13:59:39	19.65	--	19	37433	卖盘
13:59:33	19.65	--	2	3929	卖盘
13:59:27	19.65	--	3	5895	卖盘
13:59:18	19.65	--	1	1964	卖盘
13:59:09	19.65	--	4	9726	买盘
13:59:06	19.65	--	78	153270	买盘
13:59:03	19.65	--	30	58949	买盘
13:58:57	19.65	--	6	11790	买盘
13:58:54	19.65	0.01	422	829229	买盘
13:58:48	19.64	--	10	19640	卖盘
13:58:45	19.64	-0.01	5	9820	卖盘
13:58:36	19.65	--	2	3929	买盘
13:58:15	19.65	--	1	1964	买盘
13:58:12	19.65	0.01	2	3929	买盘
13:58:09	19.64	--	5	9820	卖盘
13:58:03	19.64	-0.01	1	1964	卖盘
13:57:57	19.65	0.01	1	1964	买盘
13:57:51	19.64	--	10	19640	卖盘
13:57:45	19.64	-0.01	55	108020	卖盘
13:57:33	19.65	0.01	1	1964	买盘
13:57:27	19.64	-0.01	2	3928	卖盘
13:57:24	19.65	0.01	3	5895	买盘
13:57:21	19.64	--	4	7856	卖盘
13:57:18	19.64	--	2	3928	卖盘
13:57:15	19.64	--	14	27496	卖盘
13:57:12	19.64	--	3	5892	卖盘
13:57:06	19.64	--	32	62848	卖盘
13:56:51	19.64	0.01	6	11784	买盘
13:56:36	19.63	--	1	1963	卖盘
13:56:33	19.63	-0.01	40	78520	卖盘
13:56:30	19.64	--	10	19640	卖盘
13:56:27	19.64	0.01	52	102128	买盘
13:56:12	19.63	--	5	9815	卖盘
13:56:09	19.63	-0.01	6	11778	卖盘
13:56:03	19.64	0.01	6	11784	买盘
13:56:00	19.63	-0.01	14	27482	卖盘
13:55:39	19.64	0.01	2	3928	买盘
13:55:36	19.63	-0.01	30	58890	卖盘
13:55:33	19.64	--	4	7856	买盘
13:55:30	19.64	--	6	11784	买盘
13:55:27	19.64	--	1	1964	买盘
13:55:18	19.64	--	2	3928	买盘
13:55:15	19.64	0.01	16	31424	买盘
13:55:03	19.63	-0.01	2	3926	卖盘
13:55:00	19.64	0.01	4	7856	买盘
13:54:51	19.63	--	3	5889	卖盘
13:54:48	19.63	--	2	3926	卖盘
13:54:45	19.63	-0.01	6	11778	卖盘
13:54:39	19.64	0.01	20	39280	买盘
13:54:24	19.63	--	28	54964	卖盘
13:54:21	19.63	-0.01	80	157040	卖盘
13:54:18	19.64	0.01	1	1964	买盘
13:54:09	19.63	--	20	39260	卖盘
13:53:57	19.63	-0.01	1	1963	卖盘
13:53:51	19.64	--	4	7856	买盘
13:53:48	19.64	0.01	1	1964	买盘
13:53:45	19.63	--	5	9815	卖盘
13:53:42	19.63	-0.01	19	37297	卖盘
13:53:39	19.64	0.01	7	13748	买盘
13:53:36	19.63	--	3	5889	卖盘
13:53:27	19.63	--	8	15704	卖盘
13:53:09	19.63	-0.01	1	1963	卖盘
13:53:06	19.64	--	19	37316	卖盘
13:52:54	19.64	-0.01	5	9820	卖盘
13:52:48	19.65	0.01	10	19650	买盘
13:52:45	19.64	--	50	98200	卖盘
13:52:39	19.64	-0.01	49	96236	卖盘
13:52:24	19.65	0.01	20	39300	买盘
13:52:03	19.64	--	1	1964	卖盘
13:52:00	19.64	--	27	53028	卖盘
13:51:57	19.64	--	4	7856	卖盘
13:51:54	19.64	--	15	29460	卖盘
13:51:48	19.64	--	20	39280	卖盘
13:51:45	19.64	-0.01	106	208184	卖盘
13:51:42	19.65	0.01	30	58949	买盘
13:51:36	19.64	--	44	86416	卖盘
13:51:33	19.64	-0.01	1	1964	卖盘
13:51:30	19.65	--	21	41265	买盘
13:51:21	19.65	--	22	43230	买盘
13:51:06	19.65	--	5	9825	买盘
13:51:00	19.65	--	1	1964	卖盘
13:50:57	19.65	--	59	115934	卖盘
13:50:51	19.65	--	1	1964	卖盘
13:50:48	19.65	--	5	9825	卖盘
13:50:45	19.65	--	483	949094	买盘
13:50:36	19.65	--	50	98250	买盘
13:50:27	19.65	0.01	51	100215	买盘
13:50:24	19.64	--	110	216040	卖盘
13:50:12	19.64	--	98	192472	买盘
13:50:06	19.64	0.01	20	39280	买盘
13:50:00	19.63	--	1	1963	卖盘
13:49:57	19.63	--	26	51038	卖盘
13:49:54	19.63	--	10	19630	卖盘
13:49:45	19.63	--	35	68705	卖盘
13:49:42	19.63	--	199	390637	卖盘
13:49:39	19.63	0.01	50	98150	买盘
13:49:33	19.62	-0.02	50	98100	卖盘
13:49:30	19.64	--	281	553278	买盘
13:49:27	19.64	0.01	2	3928	买盘
13:49:15	19.63	-0.01	20	39260	卖盘
13:49:12	19.64	0.01	4	7856	买盘
13:49:09	19.63	--	8	15704	卖盘
13:49:03	19.63	-0.01	2	3926	卖盘
13:48:54	19.64	-0.01	97	191077	卖盘
13:48:51	19.65	--	2	3929	买盘
13:48:48	19.65	--	15	29474	买盘
13:48:33	19.65	--	13	25544	卖盘
13:48:30	19.65	--	8	15719	买盘
13:48:27	19.65	--	10	19650	买盘
13:48:24	19.65	-0.01	400	786000	卖盘
13:48:21	19.66	0.01	5	9830	买盘
13:48:18	19.65	--	8	15719	卖盘
13:48:15	19.65	-0.01	1	1964	卖盘
13:48:09	19.66	0.01	18	35388	买盘
13:47:51	19.65	0.01	125	245624	买盘
13:47:48	19.64	--	10	19640	卖盘
13:47:45	19.64	-0.01	5	9820	卖盘
13:47:42	19.65	0.01	60	117899	买盘
13:47:39	19.64	--	116	229218	卖盘
13:47:33	19.64	-0.01	30	58920	卖盘
13:47:30	19.65	--	10	19650	买盘
13:47:24	19.65	--	80	157200	买盘
13:47:21	19.65	0.01	4	7859	买盘
13:47:15	19.64	-0.01	66	129624	卖盘
13:47:09	19.65	-0.01	20	39300	中性盘
13:47:06	19.66	0.01	228	448248	买盘
13:47:03	19.65	--	86	168990	卖盘
13:47:00	19.65	-0.01	20	39300	卖盘
13:46:57	19.66	--	267	524922	买盘
13:46:33	19.66	0.01	5	9830	买盘
13:46:21	19.65	-0.01	3	5895	卖盘
13:46:18	19.66	0.01	16	31456	买盘
13:46:15	19.65	--	30	58949	卖盘
13:46:12	19.65	--	5	9825	卖盘
13:46:09	19.65	--	1	1964	卖盘
13:46:03	19.65	--	2	3929	买盘
13:45:57	19.65	0.01	20	39300	买盘
13:45:54	19.64	-0.01	1	1964	卖盘
13:45:45	19.65	0.01	5	9825	买盘
13:45:42	19.64	--	64	125696	卖盘
13:45:39	19.64	-0.01	20	39280	卖盘
13:45:36	19.65	0.01	55	108074	买盘
13:45:33	19.64	-0.01	7	13748	卖盘
13:45:27	19.65	--	91	178815	买盘
13:45:21	19.65	--	8	15719	买盘
13:45:18	19.65	--	20	39300	买盘
13:45:03	19.65	--	239	469634	买盘
13:44:54	19.65	--	10	19650	买盘
13:44:51	19.65	--	5	9825	买盘
13:44:48	19.65	--	41	80565	买盘
13:44:45	19.65	--	11	21615	买盘
13:44:42	19.65	--	65	127724	买盘
13:44:30	19.65	--	121	237764	买盘
13:44:21	19.65	0.01	20	39300	买盘
13:44:15	19.64	--	40	78560	卖盘
13:44:12	19.64	--	64	125696	卖盘
13:44:06	19.64	--	10	19640	卖盘
13:44:03	19.64	--	16	31424	卖盘
13:43:57	19.64	--	80	157120	买盘
13:43:54	19.64	--	14	27496	买盘
13:43:51	19.64	-0.01	11	21604	卖盘
13:43:45	19.65	0.01	40	78600	买盘
13:43:42	19.64	--	55	108020	卖盘
13:43:30	19.64	-0.01	300	589200	卖盘
13:43:27	19.65	0.01	5	9825	买盘
13:43:24	19.64	-0.01	1	1964	卖盘
13:43:21	19.65	--	10	19650	买盘
13:43:18	19.65	0.01	56	110039	买盘
13:43:12	19.64	-0.01	1	1964	卖盘
13:43:00	19.65	0.01	50	98250	买盘
13:42:57	19.64	-0.01	1	1964	卖盘
13:42:51	19.65	0.01	63	123794	买盘
13:42:48	19.64	--	69	135516	买盘
13:42:45	19.64	--	2	3928	买盘
13:42:42	19.64	0.01	1	1964	买盘
13:42:36	19.63	--	60	117780	卖盘
13:42:33	19.63	-0.01	24	47112	卖盘
13:42:30	19.64	0.01	11	21604	买盘
13:42:27	19.63	--	6	11778	卖盘
13:42:24	19.63	--	19	37297	卖盘
13:42:21	19.63	--	2	3926	卖盘
13:42:18	19.63	--	3	5889	卖盘
13:42:15	19.63	--	15	29445	卖盘
13:42:03	19.63	--	20	39260	卖盘
13:41:57	19.63	--	61	119743	卖盘
13:41:51	19.63	--	1	1963	买盘
13:41:48	19.63	--	5	9815	买盘
13:41:45	19.63	--	14	27482	买盘
13:41:42	19.63	0.01	3	5889	买盘
13:41:39	19.62	-0.01	20	39240	卖盘
13:41:36	19.63	--	2	3926	买盘
13:41:33	19.63	0.01	2	3926	买盘
13:41:27	19.62	-0.02	21	41202	卖盘
13:41:24	19.64	0.01	33	64812	买盘
13:41:21	19.63	0.01	2	3926	买盘
13:41:18	19.62	-0.02	1	1962	卖盘
13:41:12	19.64	0.02	1	1964	买盘
13:41:09	19.62	0.01	2	3924	中性盘
13:41:03	19.61	-0.02	25	49025	卖盘
13:40:51	19.63	0.02	20	39260	买盘
13:40:45	19.61	-0.01	7	13727	卖盘
13:40:42	19.62	--	3	5886	买盘
13:40:39	19.62	--	14	27468	买盘
13:40:33	19.62	-0.01	30	58860	卖盘
13:40:30	19.63	0.01	4	7852	买盘
13:40:27	19.62	--	1	1962	卖盘
13:40:21	19.62	-0.01	1	1962	卖盘
13:40:18	19.63	-0.01	22	43186	卖盘
13:40:12	19.64	0.01	3	5892	买盘
13:39:57	19.63	-0.01	1	1963	卖盘
13:39:54	19.64	0.01	19	37316	买盘
13:39:48	19.63	--	2	3926	买盘
13:39:45	19.63	0.01	27	53001	买盘
13:39:42	19.62	-0.01	100	196200	卖盘
13:39:33	19.63	--	10	19630	买盘
13:39:24	19.63	0.01	10	19630	买盘
13:39:06	19.62	0.01	2	3924	中性盘
13:39:00	19.61	--	145	284345	卖盘
13:38:51	19.61	--	100	196100	卖盘
13:38:48	19.61	--	14	27454	卖盘
13:38:45	19.61	--	301	590261	买盘
13:38:42	19.61	--	90	176490	买盘
13:38:39	19.61	--	203	398083	买盘
13:38:36	19.61	--	70	137270	买盘
13:38:30	19.61	0.01	57	111777	买盘
13:38:21	19.6	-0.01	1	1960	卖盘
13:38:18	19.61	--	7	13727	买盘
13:38:15	19.61	--	225	441225	买盘
13:38:12	19.61	0.01	53	103933	买盘
13:38:06	19.6	-0.01	14	27440	卖盘
13:38:00	19.61	0.01	50	98050	买盘
13:37:57	19.6	-0.01	1	1960	卖盘
13:37:54	19.61	--	79	154919	卖盘
13:37:51	19.61	-0.01	10	19610	卖盘
13:37:48	19.62	--	10	19620	买盘
13:37:42	19.62	--	20	39240	买盘
13:37:33	19.62	--	6	11772	买盘
13:37:24	19.62	0.02	1	1962	买盘
13:37:12	19.6	--	10	19600	卖盘
13:37:09	19.6	--	10	19600	卖盘
13:37:06	19.6	-0.01	1	1960	卖盘
13:37:00	19.61	0.01	15	29415	中性盘
13:36:54	19.6	-0.02	10	19600	卖盘
13:36:51	19.62	0.02	107	209934	买盘
13:36:36	19.6	-0.03	512	1003520	卖盘
13:36:24	19.63	--	16	31408	买盘
13:36:21	19.63	--	41	80483	卖盘
13:36:18	19.63	--	178	349414	卖盘
13:36:15	19.63	--	10	19630	卖盘
13:36:09	19.63	--	12	23556	卖盘
13:36:03	19.63	-0.01	1	1963	卖盘
13:35:57	19.64	--	21	41244	买盘
13:35:54	19.64	--	10	19640	买盘
13:35:51	19.64	-0.02	226	443864	卖盘
13:35:42	19.66	--	5	9830	买盘
13:35:33	19.66	0.01	63	123858	买盘
13:35:30	19.65	-0.01	20	39300	卖盘
13:35:24	19.66	0.01	23	45218	买盘
13:35:21	19.65	--	41	80565	卖盘
13:35:18	19.65	--	2	3929	卖盘
13:35:15	19.65	--	3	5895	卖盘
13:35:12	19.65	--	10	19650	卖盘
13:35:06	19.65	--	10	19650	卖盘
13:35:03	19.65	--	35	68775	买盘
13:35:00	19.65	--	5	9825	买盘
13:34:57	19.65	--	30	58949	卖盘
13:34:54	19.65	--	5	9825	卖盘
13:34:51	19.65	--	5	9825	卖盘
13:34:48	19.65	--	41	80565	买盘
13:34:45	19.65	--	2	3929	买盘
13:34:42	19.65	0.01	2	3929	中性盘
13:34:33	19.64	-0.02	300	589200	卖盘
13:34:30	19.66	--	11	21626	买盘
13:34:24	19.66	0.01	400	786400	买盘
13:34:18	19.65	-0.01	8	15719	卖盘
13:34:12	19.66	0.01	159	312594	买盘
13:34:09	19.65	--	10	19650	卖盘
13:34:06	19.65	--	25	49125	卖盘
13:34:00	19.65	--	1	1964	卖盘
13:33:51	19.65	--	10	19650	卖盘
13:33:48	19.65	0.01	41	80761	买盘
13:33:42	19.64	-0.01	10	19640	卖盘
13:33:39	19.65	--	49	96285	买盘
13:33:33	19.65	0.01	2	3929	买盘
13:33:30	19.64	--	1	1964	卖盘
13:33:27	19.64	-0.01	8	15712	卖盘
13:33:24	19.65	-0.01	22	44998	卖盘
13:33:21	19.66	0.01	10	19660	买盘
13:33:18	19.65	-0.01	10	19650	卖盘
13:33:12	19.66	--	136	267376	卖盘
13:33:09	19.66	--	30	58980	卖盘
13:33:06	19.66	-0.01	1	1966	卖盘
13:33:03	19.67	--	2	3934	买盘
13:32:57	19.67	0.01	10	19670	买盘
13:32:45	19.66	-0.01	20	39320	卖盘
13:32:42	19.67	--	7	13769	买盘
13:32:33	19.67	0.01	2	3934	买盘
13:32:30	19.66	--	11	21626	卖盘
13:32:24	19.66	--	1	1966	卖盘
13:32:18	19.66	-0.02	16	31456	卖盘
13:32:09	19.68	0.01	51	100368	买盘
13:32:03	19.67	--	10	19670	卖盘
13:32:00	19.67	-0.01	3	5901	卖盘
13:31:54	19.68	0.01	20	39360	买盘
13:31:51	19.67	--	2	3934	卖盘
13:31:45	19.67	--	11	21637	卖盘
13:31:39	19.67	--	6	11802	卖盘
13:31:36	19.67	--	10	19670	卖盘
13:31:24	19.67	--	1	1967	卖盘
13:31:21	19.67	--	10	19670	卖盘
13:31:18	19.67	0.01	158	310786	买盘
13:31:00	19.66	--	1	1966	卖盘
13:30:51	19.66	-0.02	17	33422	卖盘
13:30:39	19.68	0.02	55	108240	买盘
13:30:33	19.66	--	4	7864	卖盘
13:30:24	19.66	--	2	3932	买盘
13:30:21	19.66	--	2	3932	买盘
13:30:15	19.66	--	18	35388	卖盘
13:30:12	19.66	-0.02	1	1966	卖盘
13:30:06	19.68	--	2	3936	买盘
13:30:00	19.68	0.02	20	39360	买盘
13:29:51	19.66	0.01	2	3932	中性盘
13:29:48	19.65	-0.01	201	394965	卖盘
13:29:45	19.66	--	5	9830	买盘
13:29:27	19.66	--	8	15728	卖盘
13:29:21	19.66	--	6	11796	卖盘
13:29:12	19.66	-0.03	1	1966	卖盘
13:29:00	19.69	0.01	7	13783	买盘
13:28:57	19.68	-0.01	5	9840	中性盘
13:28:54	19.69	0.04	30	59070	买盘
13:28:51	19.65	-0.03	161	316365	卖盘
13:28:48	19.68	--	5	9840	卖盘
13:28:39	19.68	--	2	4132	买盘
13:28:36	19.68	--	10	19680	买盘
13:28:27	19.68	0.03	19	37392	买盘
13:28:21	19.65	--	31	60914	买盘
13:28:18	19.65	-0.01	62	121829	卖盘
13:28:15	19.66	--	8	15728	卖盘
13:28:12	19.66	--	6	11796	卖盘
13:28:09	19.66	--	29	57014	买盘
13:28:06	19.66	--	19	37354	买盘
13:28:03	19.66	0.01	53	104198	买盘
13:27:54	19.65	-0.01	1	1964	中性盘
13:27:45	19.66	0.02	63	123858	买盘
13:27:36	19.64	-0.02	189	371196	卖盘
13:27:33	19.66	0.01	35	68810	买盘
13:27:30	19.65	--	1	1964	卖盘
13:27:27	19.65	--	214	420509	卖盘
13:27:15	19.65	--	32	62879	卖盘
13:27:09	19.65	--	28	55019	买盘
13:27:06	19.65	0.01	11	21615	买盘
13:27:03	19.64	-0.01	1	1964	卖盘
13:26:57	19.65	--	90	176850	买盘
13:26:45	19.65	0.01	10	19650	买盘
13:26:42	19.64	--	1	1964	卖盘
13:26:39	19.64	--	10	19640	买盘
13:26:36	19.64	--	6	11784	买盘
13:26:33	19.64	--	1	1964	买盘
13:26:30	19.64	--	1	1964	买盘
13:26:15	19.64	0.02	2	3928	买盘
13:26:12	19.62	-0.01	74	145188	卖盘
13:26:06	19.63	0.01	95	186485	买盘
13:26:03	19.62	--	17	33354	买盘
13:26:00	19.62	--	17	33354	买盘
13:25:57	19.62	0.01	5	9810	买盘
13:25:54	19.61	-0.01	4	7844	中性盘
13:25:48	19.62	-0.01	67	131454	卖盘
13:25:45	19.63	-0.01	3	5889	卖盘
13:25:42	19.64	0.01	4	7856	买盘
13:25:39	19.63	--	4	7852	卖盘
13:25:36	19.63	0.01	1	1963	中性盘
13:25:30	19.62	--	1	1962	卖盘
13:25:27	19.62	-0.02	21	41202	卖盘
13:25:24	19.64	-0.01	11	21604	中性盘
13:25:18	19.65	0.02	16	31439	买盘
13:25:12	19.63	-0.02	10	19630	卖盘
13:25:09	19.65	0.05	1	1964	买盘
13:25:06	19.6	-0.05	500	980000	卖盘
13:25:03	19.65	0.01	23	45195	买盘
13:24:57	19.64	--	22	43208	买盘
13:24:54	19.64	--	1	1964	买盘
13:24:51	19.64	-0.01	91	178724	卖盘
13:24:48	19.65	--	20	39300	买盘
13:24:42	19.65	--	7	13754	买盘
13:24:39	19.65	0.01	1	1964	买盘
13:24:36	19.64	--	18	35352	买盘
13:24:33	19.64	--	5	9820	买盘
13:24:30	19.64	--	77	151228	卖盘
13:24:21	19.64	-0.01	5	9820	卖盘
13:24:15	19.65	0.01	2	3929	买盘
13:24:12	19.64	-0.01	3	5892	卖盘
13:24:09	19.65	--	16	31439	买盘
13:24:06	19.65	0.01	20	39300	买盘
13:24:03	19.64	--	1	1964	卖盘
13:24:00	19.64	--	3	5892	卖盘
13:23:57	19.64	--	1	1964	卖盘
13:23:54	19.64	--	18	35352	买盘
13:23:51	19.64	--	30	58920	买盘
13:23:45	19.64	-0.01	64	125696	卖盘
13:23:42	19.65	0.01	76	149340	买盘
13:23:39	19.64	--	11	21604	卖盘
13:23:27	19.64	--	35	68740	卖盘
13:23:24	19.64	--	12	23568	卖盘
13:23:18	19.64	--	12	23568	买盘
13:23:15	19.64	--	20	39280	买盘
13:23:12	19.64	--	8	15712	买盘
13:23:00	19.64	--	12	23568	买盘
13:22:57	19.64	--	18	35352	买盘
13:22:54	19.64	--	44	86416	卖盘
13:22:51	19.64	--	10	19640	卖盘
13:22:45	19.64	--	136	267104	卖盘
13:22:42	19.64	--	50	98200	卖盘
13:22:39	19.64	-0.01	10	19640	卖盘
13:22:36	19.65	0.01	3	5895	买盘
13:22:27	19.64	-0.01	41	80524	卖盘
13:22:21	19.65	0.01	21	41265	买盘
13:22:18	19.64	--	46	90344	卖盘
13:22:12	19.64	--	36	70704	买盘
13:22:09	19.64	--	3	5892	买盘
13:22:03	19.64	0.01	43	84452	买盘
13:22:00	19.63	-0.01	1	1963	卖盘
13:21:57	19.64	0.01	6	11784	买盘
13:21:54	19.63	-0.01	1	1963	卖盘
13:21:45	19.64	--	9	17676	买盘
13:21:39	19.64	--	30	58920	买盘
13:21:36	19.64	--	61	119804	买盘
13:21:33	19.64	--	22	43208	买盘
13:21:30	19.64	-0.01	5	9820	卖盘
13:21:27	19.65	0.01	30	58949	买盘
13:21:24	19.64	--	4	7856	卖盘
13:21:21	19.64	0.01	11	21604	中性盘
13:21:09	19.63	-0.02	1	1963	卖盘
13:21:06	19.65	0.01	30	58949	买盘
13:21:00	19.64	-0.01	20	39280	卖盘
13:20:54	19.65	--	50	98250	买盘
13:20:51	19.65	--	20	39300	买盘
13:20:42	19.65	--	5	9825	买盘
13:20:36	19.65	-0.01	24	47160	卖盘
13:20:30	19.66	--	31	60946	买盘
13:20:27	19.66	0.01	9	17694	买盘
13:20:21	19.65	-0.01	7	13754	卖盘
13:20:12	19.66	-0.01	215	422690	卖盘
13:20:03	19.67	-0.01	20	39340	中性盘
13:19:48	19.68	0.01	9	19483	买盘
13:19:45	19.67	-0.01	11	21833	卖盘
13:19:39	19.68	--	4	7872	买盘
13:19:33	19.68	-0.01	195	383760	卖盘
13:19:30	19.69	--	7	13783	卖盘
13:19:24	19.69	0.01	64	126016	买盘
13:19:15	19.68	--	3	5904	卖盘
13:19:03	19.68	-0.01	1	1968	卖盘
13:18:57	19.69	--	35	68915	买盘
13:18:48	19.69	0.01	1	1969	买盘
13:18:42	19.68	-0.01	1	1968	卖盘
13:18:36	19.69	--	2	3938	买盘
13:18:27	19.69	--	3	5907	买盘
13:18:24	19.69	-0.01	1	1969	卖盘
13:18:21	19.7	0.01	2	3940	买盘
13:18:18	19.69	-0.01	1	1969	卖盘
13:18:15	19.7	--	10	19700	买盘
13:18:12	19.7	--	4	7880	买盘
13:18:06	19.7	--	11	21670	买盘
13:18:00	19.7	--	7	13790	买盘
13:17:57	19.7	0.02	3	5910	买盘
13:17:54	19.68	--	20	39360	卖盘
13:17:51	19.68	--	8	15744	卖盘
13:17:48	19.68	--	30	59040	卖盘
13:17:42	19.68	--	10	19680	卖盘
13:17:30	19.68	--	19	37392	卖盘
13:17:24	19.68	0.01	8	15744	买盘
13:17:03	19.67	-0.01	1	1967	卖盘
13:16:57	19.68	-0.03	716	1409088	卖盘
13:16:54	19.71	--	17	33507	买盘
13:16:39	19.71	0.01	26	51246	买盘
13:16:36	19.7	--	5	9850	卖盘
13:16:27	19.7	-0.01	100	197000	卖盘
13:16:24	19.71	--	6	11826	卖盘
13:16:21	19.71	0.01	20	39420	中性盘
13:16:15	19.7	--	42	82740	卖盘
13:16:09	19.7	--	26	51220	卖盘
13:16:03	19.7	--	4	7880	卖盘
13:16:00	19.7	--	52	102440	卖盘
13:15:57	19.7	-0.01	57	112290	卖盘
13:15:39	19.71	--	4	7884	卖盘
13:15:36	19.71	--	16	31536	卖盘
13:15:33	19.71	--	6	11826	卖盘
13:15:30	19.71	-0.01	9	17739	中性盘
13:15:06	19.72	0.01	30	59160	买盘
13:15:00	19.71	--	20	39420	买盘
13:14:51	19.71	-0.01	10	19710	卖盘
13:14:48	19.72	--	1	1972	买盘
13:14:42	19.72	--	5	9860	买盘
13:14:33	19.72	--	58	114376	买盘
13:14:27	19.72	0.01	16	31552	买盘
13:14:15	19.71	--	10	19710	买盘
13:14:12	19.71	--	11	21681	卖盘
13:14:03	19.71	-0.01	3	5913	中性盘
13:13:57	19.72	0.02	120	236640	买盘
13:13:54	19.7	-0.01	19	37430	卖盘
13:13:51	19.71	--	125	246375	买盘
13:13:45	19.71	0.01	108	212868	买盘
13:13:42	19.7	--	30	59100	买盘
13:13:30	19.7	0.01	30	59100	买盘
13:13:24	19.69	--	10	19690	卖盘
13:13:18	19.69	0.01	17	33473	买盘
13:13:15	19.68	-0.01	267	525456	卖盘
13:13:12	19.69	--	1	1969	买盘
13:13:06	19.69	--	101	198869	卖盘
13:13:03	19.69	--	25	49225	卖盘
13:13:00	19.69	--	6	11814	卖盘
13:12:57	19.69	--	10	19690	卖盘
13:12:54	19.69	-0.01	10	19690	卖盘
13:12:51	19.7	--	10	19700	买盘
13:12:48	19.7	--	181	356570	买盘
13:12:42	19.7	0.01	91	179270	买盘
13:12:39	19.69	-0.01	61	120109	卖盘
13:12:33	19.7	0.01	200	394000	买盘
13:12:27	19.69	-0.01	20	39380	卖盘
13:12:21	19.7	0.01	10	19700	买盘
13:12:18	19.69	--	10	19690	卖盘
13:12:12	19.69	-0.01	20	39380	卖盘
13:12:06	19.7	0.01	20	39400	买盘
13:12:03	19.69	-0.01	20	39380	卖盘
13:11:57	19.7	0.01	50	98500	买盘
13:11:42	19.69	0.02	141	277629	买盘
13:11:39	19.67	-0.02	388	763196	卖盘
13:11:33	19.69	--	3	5907	买盘
13:11:27	19.69	-0.01	32	63008	卖盘
13:11:24	19.7	0.01	515	1014550	买盘
13:11:15	19.69	--	1	1969	卖盘
13:11:09	19.69	--	1	1969	中性盘
13:10:57	19.69	0.01	27	53163	买盘
13:10:54	19.68	--	1	1968	卖盘
13:10:51	19.68	-0.01	10	19680	卖盘
13:10:48	19.69	0.01	91	179179	买盘
13:10:42	19.68	--	6	13185	卖盘
13:10:36	19.68	-0.01	1	1968	卖盘
13:10:30	19.69	0.01	8	15752	买盘
13:10:18	19.68	--	4	7872	卖盘
13:10:15	19.68	-0.01	5	9840	卖盘
13:10:06	19.69	0.01	5	9845	买盘
13:10:03	19.68	-0.01	2	3936	卖盘
13:09:54	19.69	-0.01	60	118140	卖盘
13:09:51	19.7	--	9	17730	买盘
13:09:48	19.7	--	5	9850	买盘
13:09:45	19.7	--	5	9850	买盘
13:09:36	19.7	--	15	29550	买盘
13:09:30	19.7	-0.01	115	226550	卖盘
13:09:24	19.71	--	50	98550	买盘
13:09:18	19.71	--	6	11826	买盘
13:09:15	19.71	--	10	19710	买盘
13:09:09	19.71	--	3	5913	买盘
13:09:06	19.71	--	11	21681	买盘
13:09:00	19.71	--	1	1971	买盘
13:08:45	19.71	--	195	384345	卖盘
13:08:39	19.71	--	10	19710	卖盘
13:08:36	19.71	-0.01	7	13797	卖盘
13:08:33	19.72	0.01	1	1972	买盘
13:08:30	19.71	-0.01	5	9855	卖盘
13:08:27	19.72	--	10	19720	买盘
13:08:24	19.72	--	126	248472	买盘
13:08:09	19.72	--	10	19720	买盘
13:08:06	19.72	--	22	43384	买盘
13:07:51	19.72	--	116	230309	卖盘
13:07:48	19.72	--	25	49300	卖盘
13:07:45	19.72	-0.01	1	1972	卖盘
13:07:42	19.73	--	3	5919	买盘
13:07:39	19.73	0.01	22	43406	买盘
13:07:36	19.72	--	41	81266	买盘
13:07:33	19.72	--	100	197200	买盘
13:07:27	19.72	--	1	1972	买盘
13:07:24	19.72	0.01	20	39440	买盘
13:07:21	19.71	-0.01	1	1971	卖盘
13:07:18	19.72	--	1	1972	买盘
13:07:15	19.72	0.02	27	53244	买盘
13:07:12	19.7	-0.02	30	59100	卖盘
13:07:09	19.72	0.02	8	15776	买盘
13:07:06	19.7	-0.01	6	11820	卖盘
13:07:03	19.71	--	3	5913	买盘
13:07:00	19.71	--	20	39420	买盘
13:06:57	19.71	--	11	21681	买盘
13:06:54	19.71	0.01	50	98550	买盘
13:06:48	19.7	-0.01	14	27580	卖盘
13:06:45	19.71	0.01	3	5913	买盘
13:06:42	19.7	0.01	1	1970	买盘
13:06:30	19.69	-0.01	10	19690	卖盘
13:06:27	19.7	--	8	15760	买盘
13:06:24	19.7	--	7	13790	买盘
13:06:21	19.7	--	73	143810	买盘
13:06:15	19.7	0.01	50	98500	买盘
13:06:06	19.69	--	45	88605	卖盘
13:06:03	19.69	-0.01	8	15752	卖盘
13:06:00	19.7	0.01	1	1970	买盘
13:05:57	19.69	--	21	41349	卖盘
13:05:51	19.69	0.03	110	216590	买盘
13:05:48	19.66	-0.03	2	3932	卖盘
13:05:42	19.69	0.03	1	1969	买盘
13:05:33	19.66	-0.03	95	186770	卖盘
13:05:27	19.69	0.01	2	3938	买盘
13:05:24	19.68	--	2	3936	卖盘
13:05:15	19.68	-0.01	4	7872	卖盘
13:04:51	19.69	-0.01	2	3938	中性盘
13:04:42	19.7	0.01	20	39400	买盘
13:04:39	19.69	-0.01	6	11814	卖盘
13:04:33	19.7	--	3	5910	卖盘
13:04:27	19.7	--	30	59100	卖盘
13:04:21	19.7	--	15	29550	卖盘
13:04:18	19.7	--	16	31520	卖盘
13:04:15	19.7	-0.01	1	1970	卖盘
13:04:12	19.71	0.01	12	23652	买盘
13:04:06	19.7	--	47	92590	买盘
13:04:03	19.7	--	5	9850	买盘
13:03:57	19.7	--	232	457040	卖盘
13:03:51	19.7	--	2	3940	卖盘
13:03:48	19.7	--	39	76830	卖盘
13:03:45	19.7	--	4	7880	卖盘
13:03:42	19.7	-0.01	5	9850	卖盘
13:03:36	19.71	--	13	25623	买盘
13:03:30	19.71	--	9	17739	买盘
13:03:27	19.71	0.01	4	7884	中性盘
13:03:18	19.7	-0.01	100	197000	卖盘
13:03:15	19.71	-0.01	10	19710	卖盘
13:03:12	19.72	--	5	9860	买盘
13:03:06	19.72	0.01	5	9860	买盘
13:03:03	19.71	-0.01	4	7884	卖盘
13:02:57	19.72	--	137	270164	卖盘
13:02:54	19.72	0.01	46	90712	买盘
13:02:48	19.71	--	100	197100	卖盘
13:02:42	19.71	--	7	13797	卖盘
13:02:39	19.71	-0.01	45	88695	卖盘
13:02:36	19.72	0.01	100	197200	买盘
13:02:33	19.71	-0.01	4	7884	卖盘
13:02:27	19.72	--	24	47328	买盘
13:02:24	19.72	--	30	59160	买盘
13:02:18	19.72	0.01	9	17748	买盘
13:02:15	19.71	-0.01	13	25623	卖盘
13:02:12	19.72	--	9	17748	买盘
13:02:09	19.72	--	28	55216	卖盘
13:02:06	19.72	--	17	33524	卖盘
13:02:00	19.72	--	27	53244	卖盘
13:01:54	19.72	--	19	37468	卖盘
13:01:51	19.72	--	10	19720	卖盘
13:01:48	19.72	--	1	1972	卖盘
13:01:42	19.72	--	15	29580	卖盘
13:01:39	19.72	--	2	3944	卖盘
13:01:36	19.72	-0.01	94	185368	卖盘
13:01:33	19.73	--	48	94704	卖盘
13:01:30	19.73	-0.01	200	394600	卖盘
13:01:24	19.74	0.01	7	13817	买盘
13:01:21	19.73	-0.01	6	11838	卖盘
13:01:18	19.74	0.01	63	124361	买盘
13:01:15	19.73	-0.01	15	29595	卖盘
13:01:12	19.74	--	10	19740	买盘
13:01:09	19.74	0.01	1	1973	买盘
13:01:06	19.73	--	8	15784	卖盘
13:01:03	19.73	--	100	197300	卖盘
13:01:00	19.73	--	73	144029	买盘
13:00:57	19.73	--	5	9865	买盘
13:00:54	19.73	--	5	9865	买盘
13:00:51	19.73	0.01	22	43406	买盘
13:00:48	19.72	--	10	19720	卖盘
13:00:39	19.72	-0.01	2	3944	卖盘
13:00:33	19.73	--	32	63136	买盘
13:00:27	19.73	0.01	10	19730	买盘
13:00:24	19.72	--	3	5916	卖盘
13:00:18	19.72	0.01	17	33524	买盘
13:00:15	19.71	-0.01	5	9855	卖盘
13:00:09	19.72	0.01	96	189312	买盘
13:00:06	19.71	-0.01	74	145854	卖盘
13:00:03	19.72	0.02	358	705995	买盘
13:00:00	19.7	--	0	0	卖盘
11:30:00	19.7	-0.01	5	9850	卖盘
11:29:57	19.71	0.01	17	33507	买盘
11:29:51	19.7	--	304	598880	买盘
11:29:48	19.7	0.01	99	195030	买盘
11:29:45	19.69	-0.01	49	96481	卖盘
11:29:39	19.7	0.02	20	39400	买盘
11:29:36	19.68	-0.02	9	17712	卖盘
11:29:33	19.7	0.01	56	110320	买盘
11:29:24	19.69	0.01	88	173272	买盘
11:29:21	19.68	-0.01	1	1968	卖盘
11:29:18	19.69	--	19	37411	买盘
11:29:15	19.69	--	276	543444	买盘
11:29:12	19.69	0.01	23	45287	买盘
11:29:03	19.68	0.02	3	5904	买盘
11:28:57	19.66	-0.02	2	3932	卖盘
11:28:54	19.68	0.02	500	984000	买盘
11:28:48	19.66	--	45	88470	买盘
11:28:45	19.66	0.01	16	31456	买盘
11:28:42	19.65	--	2	3929	卖盘
11:28:39	19.65	-0.01	4	7859	卖盘
11:28:36	19.66	0.01	1	1966	买盘
11:28:33	19.65	--	11	21615	买盘
11:28:30	19.65	--	10	19650	买盘
11:28:27	19.65	--	20	39300	买盘
11:28:21	19.65	--	4	7859	买盘
11:28:18	19.65	--	2	3929	买盘
11:28:15	19.65	--	5	9825	买盘
11:28:12	19.65	--	18	35370	买盘
11:28:03	19.65	--	10	19650	买盘
11:27:54	19.65	0.02	31	60914	买盘
11:27:51	19.63	-0.02	50	98150	卖盘
11:27:45	19.65	0.02	200	393000	买盘
11:27:36	19.63	-0.02	16	31408	卖盘
11:27:33	19.65	0.02	11	21615	买盘
11:27:30	19.63	-0.02	2	3926	卖盘
11:27:27	19.65	--	3	5895	买盘
11:27:21	19.65	0.02	30	58949	买盘
11:27:18	19.63	0.01	22	43186	中性盘
11:27:09	19.62	-0.03	11	21582	卖盘
11:27:06	19.65	--	1	1964	买盘
11:27:03	19.65	--	1	1964	买盘
11:26:54	19.65	0.02	10	19650	买盘
11:26:48	19.63	--	73	143299	卖盘
11:26:45	19.63	-0.02	10	19630	卖盘
11:26:39	19.65	0.02	1	1964	买盘
11:26:36	19.63	--	6	11778	卖盘
11:26:33	19.63	-0.03	2	3926	卖盘
11:26:27	19.66	0.01	89	174974	买盘
11:26:24	19.65	--	2	3929	买盘
11:26:18	19.65	--	1	1964	卖盘
11:26:15	19.65	0.02	4	7859	中性盘
11:26:06	19.63	--	85	166855	卖盘
11:25:57	19.63	-0.02	16	31408	卖盘
11:25:48	19.65	--	38	74670	买盘
11:25:36	19.65	--	2	3929	买盘
11:25:27	19.65	--	17	33405	买盘
11:25:15	19.65	--	36	70740	买盘
11:25:09	19.65	--	10	19650	买盘
11:25:00	19.65	--	2	3929	买盘
11:24:54	19.65	0.02	1	1964	买盘
11:24:42	19.63	--	3	5889	卖盘
11:24:36	19.63	--	5	9815	卖盘
11:24:33	19.63	--	1	1963	卖盘
11:24:30	19.63	-0.02	2	3926	卖盘
11:24:24	19.65	0.04	286	561990	买盘
11:24:21	19.61	-0.02	8	15688	卖盘
11:24:15	19.63	0.02	8	15704	买盘
11:24:12	19.61	--	30	58830	卖盘
11:24:06	19.61	--	1	1961	卖盘
11:24:00	19.61	--	1	1961	买盘
11:23:54	19.61	0.01	10	19610	买盘
11:23:45	19.6	--	31	60760	卖盘
11:23:39	19.6	-0.01	1	1960	卖盘
11:23:33	19.61	--	46	90206	卖盘
11:23:30	19.61	--	6	11766	卖盘
11:23:18	19.61	--	20	39220	卖盘
11:23:15	19.61	--	1	1961	卖盘
11:22:54	19.61	--	5	9805	卖盘
11:22:51	19.61	-0.02	50	98050	卖盘
11:22:48	19.63	-0.01	1	1963	卖盘
11:22:45	19.64	--	46	90344	卖盘
11:22:39	19.64	-0.01	6	11784	中性盘
11:22:24	19.65	0.02	434	852809	买盘
11:22:06	19.63	--	1	1963	买盘
11:22:00	19.63	--	21	41223	卖盘
11:21:48	19.63	0.03	187	367081	买盘
11:21:42	19.6	--	19	37240	卖盘
11:21:39	19.6	-0.03	1	1960	卖盘
11:21:36	19.63	0.03	16	31408	买盘
11:21:30	19.6	--	10	19600	卖盘
11:21:27	19.6	0.03	23	45080	买盘
11:21:21	19.57	-0.01	6	11742	卖盘
11:21:18	19.58	-0.02	13	25453	中性盘
11:21:15	19.6	0.04	60	117600	买盘
11:21:03	19.56	-0.04	2	3911	卖盘
11:20:57	19.6	--	1	1960	买盘
11:20:54	19.6	--	232	454720	买盘
11:20:48	19.6	--	20	39200	买盘
11:20:39	19.6	-0.03	7	13720	中性盘
11:20:36	19.63	0.03	2	3926	中性盘
11:20:30	19.6	--	1	1960	卖盘
11:20:27	19.6	--	54	105859	买盘
11:20:24	19.6	0.05	10	19600	买盘
11:20:21	19.55	-0.04	202	394910	卖盘
11:20:15	19.59	-0.01	57	111663	卖盘
11:20:12	19.6	0.01	4	7840	买盘
11:20:09	19.59	-0.01	10	19590	卖盘
11:20:06	19.6	--	206	403760	买盘
11:20:03	19.6	--	463	907480	买盘
11:20:00	19.6	--	1	1960	买盘
11:19:57	19.6	0.01	254	497840	买盘
11:19:54	19.59	0.01	257	503463	买盘
11:19:51	19.58	-0.01	2	3915	中性盘
11:19:48	19.59	--	10	19590	买盘
11:19:42	19.59	0.08	41	80319	买盘
11:19:39	19.51	-0.08	501	977451	卖盘
11:19:33	19.59	--	5	9795	买盘
11:19:30	19.59	0.02	50	97950	买盘
11:19:27	19.57	-0.01	40	78280	卖盘
11:19:24	19.58	--	15	29369	买盘
11:19:15	19.58	0.01	1	1957	买盘
11:19:12	19.57	--	1	1957	卖盘
11:19:09	19.57	--	142	277894	买盘
11:19:03	19.57	0.06	10	19570	买盘
11:19:00	19.51	-0.06	500	975500	卖盘
11:18:57	19.57	--	38	74366	买盘
11:18:54	19.57	0.01	1	1957	买盘
11:18:51	19.56	-0.01	1	1955	卖盘
11:18:48	19.57	-0.02	10	19570	中性盘
11:18:33	19.59	0.02	192	376128	买盘
11:18:30	19.57	-0.02	239	467723	卖盘
11:18:21	19.59	--	5	9795	买盘
11:18:18	19.59	--	101	197859	买盘
11:18:15	19.59	0.01	1	1959	买盘
11:18:09	19.58	--	100	195799	卖盘
11:18:06	19.58	--	10	19580	卖盘
11:17:45	19.58	--	7	13705	卖盘
11:17:39	19.58	--	5	9790	卖盘
11:17:36	19.58	-0.01	120	234959	卖盘
11:17:30	19.59	--	1	1959	买盘
11:17:24	19.59	--	20	39180	买盘
11:17:18	19.59	--	10	19590	买盘
11:17:15	19.59	--	9	17631	买盘
11:17:12	19.59	--	3	5877	卖盘
11:17:06	19.59	-0.01	8	15672	卖盘
11:16:57	19.6	--	1	1960	买盘
11:16:54	19.6	--	10	19600	买盘
11:16:45	19.6	--	6	11760	买盘
11:16:36	19.6	-0.02	24	48980	卖盘
11:16:27	19.62	0.01	5	9810	买盘
11:16:21	19.61	0.01	3	5883	买盘
11:16:15	19.6	-0.05	0	19	中性盘
11:16:00	19.65	--	51	100215	买盘
11:15:39	19.65	--	4	7859	卖盘
11:15:33	19.65	--	96	188640	卖盘
11:15:18	19.65	--	2	3929	卖盘
11:15:15	19.65	--	84	165060	卖盘
11:15:12	19.65	--	4	7859	卖盘
11:15:09	19.65	--	12	23580	卖盘
11:15:06	19.65	0.05	214	420549	买盘
11:15:00	19.6	--	11	21560	买盘
11:14:57	19.6	--	3	5880	买盘
11:14:48	19.6	--	1	1960	买盘
11:14:33	19.6	0.02	18	35280	买盘
11:14:21	19.58	--	12	23495	卖盘
11:14:09	19.58	-0.02	2	3915	卖盘
11:14:00	19.6	--	1	1960	买盘
11:13:54	19.6	--	1	1960	买盘
11:13:48	19.6	0.02	1	1960	买盘
11:13:42	19.58	--	32	62655	买盘
11:13:36	19.58	0.01	3	5873	买盘
11:13:27	19.57	--	15	29355	卖盘
11:13:15	19.57	--	4	7828	买盘
11:13:06	19.57	0.02	9	17613	买盘
11:12:54	19.55	-0.01	11	21505	卖盘
11:12:48	19.56	0.05	50	97800	买盘
11:12:45	19.51	-0.04	502	979402	卖盘
11:12:42	19.55	-0.02	2	3910	卖盘
11:12:18	19.57	0.02	1	1957	买盘
11:12:15	19.55	-0.01	7	13685	卖盘
11:12:09	19.56	-0.01	5	9780	卖盘
11:11:57	19.57	--	7	13699	卖盘
11:11:54	19.57	-0.01	5	9785	卖盘
11:11:45	19.58	--	1	1957	买盘
11:11:42	19.58	--	1	1957	买盘
11:11:33	19.58	-0.01	116	227127	卖盘
11:11:24	19.59	--	31	60729	卖盘
11:11:21	19.59	-0.01	1	1959	卖盘
11:11:18	19.6	0.01	43	84280	买盘
11:11:15	19.59	-0.01	5	9795	卖盘
11:11:06	19.6	--	232	456640	卖盘
11:11:03	19.6	-0.01	101	197960	卖盘
11:10:57	19.61	--	11	21571	买盘
11:10:54	19.61	-0.01	10	19610	卖盘
11:10:45	19.62	--	4	7848	买盘
11:10:42	19.62	--	11	21582	卖盘
11:10:33	19.62	--	5	9810	卖盘
11:10:27	19.62	0.02	5	9810	中性盘
11:10:24	19.6	--	30	58800	卖盘
11:10:12	19.6	-0.03	500	980000	卖盘
11:10:09	19.63	-0.01	1	1963	卖盘
11:10:00	19.64	--	120	235680	卖盘
11:09:57	19.64	-0.02	20	39280	卖盘
11:09:45	19.66	--	1	1966	买盘
11:09:36	19.66	0.02	1	1966	买盘
11:09:33	19.64	--	25	49100	卖盘
11:09:21	19.64	-0.02	1	1964	卖盘
11:09:18	19.66	--	49	96334	卖盘
11:09:15	19.66	--	24	47184	卖盘
11:09:09	19.66	--	38	74708	卖盘
11:09:06	19.66	--	19	37354	卖盘
11:09:00	19.66	--	22	43252	卖盘
11:08:57	19.66	--	5	9830	卖盘
11:08:54	19.66	--	3	5898	卖盘
11:08:51	19.66	--	2	3932	卖盘
11:08:48	19.66	-0.01	2	3932	卖盘
11:08:45	19.67	0.03	1	1967	买盘
11:08:42	19.64	-0.02	2	3928	卖盘
11:08:39	19.66	0.02	5	9830	买盘
11:08:36	19.64	0.01	10	19640	中性盘
11:08:24	19.63	--	1	1963	卖盘
11:08:21	19.63	-0.03	5	9815	卖盘
11:08:15	19.66	0.03	5	9830	中性盘
11:08:03	19.63	--	7	13741	买盘
11:07:54	19.63	--	46	90298	卖盘
11:07:42	19.63	-0.04	2	3926	卖盘
11:07:39	19.67	-0.01	1	1967	中性盘
11:07:36	19.68	0.05	3	5904	买盘
11:07:33	19.63	--	28	54964	买盘
11:07:27	19.63	--	78	153114	卖盘
11:07:21	19.63	--	10	19630	卖盘
11:07:18	19.63	--	2	3926	卖盘
11:07:15	19.63	--	5	9815	卖盘
11:07:12	19.63	--	2	3926	卖盘
11:07:03	19.63	--	534	1048242	买盘
11:07:00	19.63	--	4	7852	买盘
11:06:57	19.63	--	9	17667	买盘
11:06:54	19.63	--	19	37297	买盘
11:06:51	19.63	0.01	100	196300	中性盘
11:06:36	19.62	-0.09	500	981000	卖盘
11:06:33	19.71	0.01	26	51246	买盘
11:06:30	19.7	--	5	9850	卖盘
11:06:27	19.7	0.05	191	376270	买盘
11:06:24	19.65	-0.05	1	1964	卖盘
11:06:15	19.7	0.04	305	600850	买盘
11:06:09	19.66	0.01	22	43252	买盘
11:06:06	19.65	--	2	3929	卖盘
11:05:57	19.65	0.02	2	3929	卖盘
11:05:51	19.63	-0.02	89	174746	卖盘
11:05:48	19.65	--	4	7859	买盘
11:05:45	19.65	-0.01	1	1964	中性盘
11:05:39	19.66	0.01	30	58980	买盘
11:05:36	19.65	-0.03	1	1964	卖盘
11:05:30	19.68	--	200	393600	买盘
11:05:24	19.68	0.03	70	137760	买盘
11:05:21	19.65	0.01	9	17685	买盘
11:05:18	19.64	--	3	5892	买盘
11:05:15	19.64	-0.04	2	3928	中性盘
11:05:09	19.68	0.03	300	590400	买盘
11:05:03	19.65	0.04	32	62879	买盘
11:04:57	19.61	-0.04	10	19610	卖盘
11:04:54	19.65	--	27	53054	买盘
11:04:45	19.65	0.04	505	992324	买盘
11:04:42	19.61	-0.02	6	11766	卖盘
11:04:30	19.63	--	10	19630	买盘
11:04:27	19.63	--	1	1963	买盘
11:04:21	19.63	--	5	9815	买盘
11:04:15	19.63	--	2	3926	卖盘
11:04:06	19.63	--	14	27482	买盘
11:04:03	19.63	0.03	58	113854	买盘
11:04:00	19.6	-0.03	3	5880	卖盘
11:03:54	19.63	-0.02	2	3926	买盘
11:03:51	19.65	0.05	103	202394	买盘
11:03:48	19.6	0.01	12	23520	卖盘
11:03:45	19.59	-0.04	5	9795	卖盘
11:03:42	19.63	0.03	262	514306	买盘
11:03:39	19.6	--	5	9800	买盘
11:03:36	19.6	--	17	33320	买盘
11:03:30	19.6	--	254	497840	买盘
11:03:27	19.6	--	8	15680	买盘
11:03:21	19.6	--	13	25480	买盘
11:03:18	19.6	--	5	9800	买盘
11:03:15	19.6	--	5	9800	买盘
11:03:09	19.6	0.01	254	497840	买盘
11:03:06	19.59	--	78	152802	买盘
11:03:03	19.59	--	17	33303	买盘
11:02:57	19.59	--	255	499545	买盘
11:02:48	19.59	0.01	254	497586	买盘
11:02:45	19.58	0.01	8	15663	买盘
11:02:42	19.57	--	3	5871	卖盘
11:02:39	19.57	0.02	7	13699	买盘
11:02:36	19.55	-0.02	10	19550	卖盘
11:02:30	19.57	-0.01	10	19570	卖盘
11:02:27	19.58	--	10	19580	买盘
11:02:21	19.58	--	10	19580	买盘
11:02:15	19.58	0.01	10	19580	买盘
11:02:12	19.57	--	20	39140	卖盘
11:02:09	19.57	--	9	17613	卖盘
11:02:03	19.57	-0.01	12	23484	卖盘
11:02:00	19.58	--	40	78320	买盘
11:01:57	19.58	--	15	29369	买盘
11:01:54	19.58	--	85	166430	买盘
11:01:51	19.58	-0.01	17	33286	卖盘
11:01:48	19.59	0.02	1	1959	买盘
11:01:42	19.57	-0.02	7	13699	中性盘
11:01:36	19.59	0.02	603	1181277	买盘
11:01:33	19.57	-0.01	1	1957	中性盘
11:01:24	19.58	0.01	70	137060	买盘
11:01:15	19.57	0.02	11	21527	买盘
11:01:12	19.55	-0.02	1	1955	中性盘
11:01:06	19.57	0.03	10	19570	买盘
11:01:00	19.54	-0.03	98	191492	卖盘
11:00:54	19.57	--	5	9785	买盘
11:00:51	19.57	0.01	34	66538	买盘
11:00:48	19.56	--	12	23472	卖盘
11:00:45	19.56	--	51	99756	买盘
11:00:42	19.56	--	166	324696	买盘
11:00:30	19.56	0.04	154	301224	买盘
11:00:27	19.52	-0.03	100	195200	卖盘
11:00:24	19.55	--	216	422280	买盘
11:00:21	19.55	--	50	97750	买盘
11:00:18	19.55	-0.01	52	101660	卖盘
11:00:12	19.56	--	14	27384	买盘
11:00:00	19.56	--	30	58679	买盘
10:59:48	19.56	0.02	121	236675	买盘
10:59:45	19.54	-0.02	13	25402	卖盘
10:59:42	19.56	0.02	1	1955	买盘
10:59:36	19.54	--	1	1954	卖盘
10:59:24	19.54	-0.02	4	7816	卖盘
10:59:21	19.56	0.02	9	17604	买盘
10:59:15	19.54	-0.02	1	1954	中性盘
10:59:09	19.56	--	24	46944	买盘
10:59:00	19.56	0.06	300	586800	买盘
10:58:57	19.5	-0.03	500	975000	卖盘
10:58:54	19.53	-0.01	30	58590	卖盘
10:58:42	19.54	--	93	181722	买盘
10:58:33	19.54	0.01	219	427926	买盘
10:58:30	19.53	--	5	9765	卖盘
10:58:27	19.53	-0.01	2	3906	卖盘
10:58:15	19.54	0.01	2	3908	买盘
10:58:12	19.53	-0.01	5	9765	卖盘
10:58:03	19.54	--	3	5862	买盘
10:58:00	19.54	-0.01	10	19540	买盘
10:57:57	19.55	0.01	26	50830	买盘
10:57:51	19.54	--	22	42988	卖盘
10:57:42	19.54	--	50	97700	卖盘
10:57:33	19.54	--	21	41034	卖盘
10:57:24	19.54	-0.01	2	3908	卖盘
10:57:15	19.55	-0.01	1	1955	买盘
10:57:06	19.56	0.02	14	27384	买盘
10:57:03	19.54	-0.01	1	1954	卖盘
10:56:54	19.55	--	14	27370	卖盘
10:56:48	19.55	--	75	146625	卖盘
10:56:45	19.55	--	1	1955	卖盘
10:56:42	19.55	-0.01	6	11730	卖盘
10:56:33	19.56	0.01	1	1955	买盘
10:56:27	19.55	0.01	18	35190	买盘
10:56:24	19.54	--	5	9770	卖盘
10:56:18	19.54	-0.01	5	9770	卖盘
10:56:15	19.55	--	25	48875	卖盘
10:56:09	19.55	--	5	9775	卖盘
10:56:06	19.55	-0.01	20	39100	卖盘
10:55:54	19.56	0.01	98	191688	买盘
10:55:51	19.55	--	15	29325	卖盘
10:55:48	19.55	-0.01	21	41055	卖盘
10:55:42	19.56	0.01	1	1955	买盘
10:55:36	19.55	--	31	60605	卖盘
10:55:33	19.55	--	3	5865	卖盘
10:55:27	19.55	--	11	21505	卖盘
10:55:21	19.55	0.01	44	86020	买盘
10:55:18	19.54	--	28	54731	买盘
10:55:03	19.54	0.01	26	50804	买盘
10:55:00	19.53	-0.01	39	76167	卖盘
10:54:48	19.54	0.01	1	1954	买盘
10:54:39	19.53	--	20	39060	卖盘
10:54:36	19.53	--	11	21483	卖盘
10:54:33	19.53	-0.01	2	3906	卖盘
10:54:27	19.54	0.02	10	19540	买盘
10:54:21	19.52	-0.02	30	58560	卖盘
10:54:18	19.54	0.04	10	19540	买盘
10:54:00	19.5	-0.04	500	975000	卖盘
10:53:54	19.54	--	5	9770	买盘
10:53:51	19.54	0.02	1	1954	中性盘
10:53:42	19.52	0.01	5	9760	中性盘
10:53:24	19.51	--	30	58530	买盘
10:53:21	19.51	--	54	105354	买盘
10:53:18	19.51	-0.06	116	226316	卖盘
10:53:15	19.57	0.05	500	978500	买盘
10:53:09	19.52	-0.02	36	70272	卖盘
10:53:06	19.54	0.02	10	19540	买盘
10:53:03	19.52	-0.02	2	3904	卖盘
10:53:00	19.54	--	27	52758	买盘
10:52:54	19.54	0.01	183	357582	买盘
10:52:51	19.53	-0.01	64	124992	卖盘
10:52:48	19.54	--	12	23448	买盘
10:52:42	19.54	--	10	19540	买盘
10:52:39	19.54	0.01	4	7816	买盘
10:52:33	19.53	-0.01	1	1953	卖盘
10:52:27	19.54	-0.02	36	70344	卖盘
10:52:24	19.56	0.02	8	15647	买盘
10:52:21	19.54	-0.01	50	97700	卖盘
10:52:18	19.55	-0.01	2	3910	卖盘
10:52:15	19.56	-0.01	26	50856	中性盘
10:52:09	19.57	0.01	195	381615	买盘
10:52:06	19.56	-0.01	1	1955	卖盘
10:52:03	19.57	0.01	82	160474	买盘
10:51:51	19.56	0.02	44	86064	买盘
10:51:48	19.54	-0.02	3	5862	卖盘
10:51:45	19.56	-0.01	1	1955	买盘
10:51:39	19.57	0.04	332	649724	买盘
10:51:36	19.53	--	5	9765	卖盘
10:51:33	19.53	--	4	7812	卖盘
10:51:30	19.53	-0.01	3	5859	卖盘
10:51:24	19.54	-0.02	7	13678	买盘
10:51:18	19.56	0.04	55	107580	买盘
10:51:09	19.52	-0.03	1	1952	卖盘
10:51:06	19.55	-0.01	5	9775	卖盘
10:51:03	19.56	--	3	5868	买盘
10:50:54	19.56	--	6	11736	买盘
10:50:45	19.56	0.01	10	19560	买盘
10:50:42	19.55	-0.01	5	9775	卖盘
10:50:39	19.56	-0.01	4	7823	买盘
10:50:36	19.57	0.02	130	254410	买盘
10:50:24	19.55	--	53	103615	买盘
10:50:21	19.55	--	10	19550	买盘
10:50:18	19.55	--	3	5865	买盘
10:50:12	19.55	--	66	129030	买盘
10:50:06	19.55	-0.01	1	1955	买盘
10:50:03	19.56	0.01	26	52792	买盘
10:49:57	19.55	--	6	11730	卖盘
10:49:54	19.55	--	2	3910	卖盘
10:49:48	19.55	-0.01	100	195500	卖盘
10:49:45	19.56	-0.02	191	373596	卖盘
10:49:42	19.58	--	8	15663	中性盘
10:49:39	19.58	0.01	10	19580	买盘
10:49:36	19.57	--	2	3914	卖盘
10:49:33	19.57	0.01	8	15656	买盘
10:49:30	19.56	--	2	3911	卖盘
10:49:27	19.56	--	609	1191204	卖盘
10:49:24	19.56	--	1	1955	卖盘
10:49:21	19.56	-0.01	120	234719	卖盘
10:49:18	19.57	--	100	195700	买盘
10:49:15	19.57	--	1	1957	买盘
10:49:12	19.57	0.01	2	3914	买盘
10:49:06	19.56	--	7	13692	买盘
10:49:00	19.56	-0.02	31	60635	卖盘
10:48:57	19.58	0.01	70	137060	买盘
10:48:54	19.57	-0.01	3	5871	卖盘
10:48:51	19.58	0.02	564	1104312	买盘
10:48:48	19.56	--	21	41076	卖盘
10:48:42	19.56	--	2	3911	卖盘
10:48:39	19.56	--	281	549655	买盘
10:48:36	19.56	0.01	60	117359	买盘
10:48:33	19.55	--	5	9775	买盘
10:48:30	19.55	--	8	15640	买盘
10:48:27	19.55	--	50	97750	买盘
10:48:18	19.55	--	3	5865	买盘
10:48:15	19.55	--	69	136830	卖盘
10:48:12	19.55	--	23	44965	卖盘
10:48:09	19.55	--	5	9775	卖盘
10:48:06	19.55	--	22	43010	卖盘
10:48:03	19.55	0.03	276	539599	买盘
10:48:00	19.52	--	11	21472	买盘
10:47:57	19.52	-0.02	4	7808	卖盘
10:47:54	19.54	--	5	9770	买盘
10:47:51	19.54	0.02	110	214940	买盘
10:47:48	19.52	-0.02	48	95628	卖盘
10:47:42	19.54	0.02	4	7816	买盘
10:47:39	19.52	-0.02	500	976000	卖盘
10:47:27	19.54	0.02	21	41034	买盘
10:47:21	19.52	0.08	70	136659	买盘
10:47:18	19.44	-0.01	1	1944	卖盘
10:47:15	19.45	-0.1	432	842165	卖盘
10:47:12	19.55	0.03	800	1564000	买盘
10:47:09	19.52	--	5	9760	卖盘
10:47:06	19.52	--	5	9760	卖盘
10:47:03	19.52	0.02	389	759347	买盘
10:46:48	19.5	-0.01	1	1950	中性盘
10:46:36	19.51	0.02	92	179492	买盘
10:46:30	19.49	-0.01	5	9745	卖盘
10:46:24	19.5	-0.01	9	17550	买盘
10:46:09	19.51	0.02	320	624320	买盘
10:45:54	19.49	--	2	3897	卖盘
10:45:51	19.49	--	1	1948	卖盘
10:45:48	19.49	--	18	35082	卖盘
10:45:36	19.49	--	13	25336	买盘
10:45:24	19.49	0.03	37	72113	买盘
10:45:21	19.46	-0.01	42	81732	卖盘
10:45:15	19.47	-0.02	2	3894	卖盘
10:45:12	19.49	0.02	5	9745	买盘
10:45:09	19.47	--	1	1947	卖盘
10:45:06	19.47	0.02	1	1947	卖盘
10:44:54	19.45	-0.04	400	778000	卖盘
10:44:51	19.49	--	1	1948	买盘
10:44:45	19.49	-0.01	22	42878	卖盘
10:44:42	19.5	--	16	31200	买盘
10:44:39	19.5	--	3	5850	买盘
10:44:30	19.5	--	15	29250	买盘
10:44:24	19.5	-0.02	53	105280	卖盘
10:44:18	19.52	0.02	102	199104	买盘
10:44:09	19.5	-0.01	413	805350	卖盘
10:44:06	19.51	--	5	9755	卖盘
10:43:57	19.51	--	1	1951	卖盘
10:43:54	19.51	0.01	2	3902	买盘
10:43:48	19.5	-0.01	4	7800	卖盘
10:43:45	19.51	0.01	15	29265	买盘
10:43:39	19.5	-0.01	51	99450	卖盘
10:43:36	19.51	0.01	1	1951	买盘
10:43:30	19.5	-0.01	100	195000	卖盘
10:43:27	19.51	0.01	15	29265	买盘
10:43:12	19.5	--	7	13650	卖盘
10:43:09	19.5	0.03	280	546019	买盘
10:43:06	19.47	--	5	9735	买盘
10:43:03	19.47	0.01	3	5841	买盘
10:42:57	19.46	-0.01	4	7784	卖盘
10:42:51	19.47	0.01	2	3894	买盘
10:42:45	19.46	-0.01	5	9730	卖盘
10:42:39	19.47	--	5	9735	买盘
10:42:36	19.47	-0.02	112	218064	卖盘
10:42:21	19.49	0.03	2	3897	买盘
10:42:09	19.46	--	2	3892	卖盘
10:42:06	19.46	-0.03	500	973000	卖盘
10:42:00	19.49	--	0	1929	卖盘
10:41:57	19.49	--	6	11713	卖盘
10:41:54	19.49	0.02	45	87705	买盘
10:41:48	19.47	--	1	1947	卖盘
10:41:45	19.47	-0.02	11	21417	卖盘
10:41:39	19.49	-0.01	6	11693	中性盘
10:41:33	19.5	0.05	20	39000	买盘
10:41:18	19.45	--	1	1945	卖盘
10:41:15	19.45	-0.04	500	972500	卖盘
10:41:12	19.49	-0.01	5	9745	卖盘
10:41:09	19.5	--	1	1950	买盘
10:41:03	19.5	--	103	200850	买盘
10:41:00	19.5	--	24	46800	卖盘
10:40:57	19.5	--	5	9750	卖盘
10:40:54	19.5	--	38	74100	卖盘
10:40:48	19.5	-0.02	33	64350	卖盘
10:40:42	19.52	0.02	8	15616	买盘
10:40:39	19.5	-0.02	5	9750	卖盘
10:40:36	19.52	-0.01	20	39040	卖盘
10:40:30	19.53	0.03	10	19530	买盘
10:40:24	19.5	--	3	5850	卖盘
10:40:21	19.5	--	2	3900	卖盘
10:40:18	19.5	0.01	11	21450	中性盘
10:40:06	19.49	--	2	3897	买盘
10:40:00	19.49	--	51	99398	买盘
10:39:54	19.49	0.02	4	7795	买盘
10:39:51	19.47	-0.02	22	42834	卖盘
10:39:48	19.49	-0.06	443	863406	卖盘
10:39:42	19.55	0.02	15	29325	买盘
10:39:39	19.53	--	46	89838	卖盘
10:39:36	19.53	-0.01	20	39060	卖盘
10:39:33	19.54	0.02	199	388846	买盘
10:39:27	19.52	0.02	15	29280	买盘
10:39:24	19.5	--	2	3900	卖盘
10:39:18	19.5	-0.03	11	21450	卖盘
10:39:15	19.53	0.03	26	50778	买盘
10:39:12	19.5	--	60	117000	买盘
10:39:09	19.5	--	23	44850	卖盘
10:39:03	19.5	-0.01	280	546000	卖盘
10:39:00	19.51	0.01	5	9755	买盘
10:38:57	19.5	--	49	95550	买盘
10:38:54	19.5	0.01	5	9750	买盘
10:38:51	19.49	-0.01	144	280656	卖盘
10:38:48	19.5	0.01	117	228150	买盘
10:38:45	19.49	--	29	56520	卖盘
10:38:42	19.49	--	22	42878	买盘
10:38:39	19.49	0.02	113	220236	买盘
10:38:33	19.47	-0.02	26	50622	卖盘
10:38:27	19.49	0.02	2	3897	中性盘
10:38:18	19.47	-0.02	62	120714	卖盘
10:38:12	19.49	0.04	5	9745	买盘
10:37:57	19.45	-0.04	2	3890	卖盘
10:37:54	19.49	0.04	302	588598	买盘
10:37:42	19.45	--	3	5835	卖盘
10:37:36	19.45	--	2	3890	卖盘
10:37:33	19.45	0.05	100	194500	卖盘
10:37:24	19.4	-0.05	500	969999	卖盘
10:37:21	19.45	--	428	832460	买盘
10:37:15	19.45	0.01	63	122535	买盘
10:37:12	19.44	--	15	29160	卖盘
10:37:09	19.44	0.01	134	260496	买盘
10:37:03	19.43	--	2	3886	买盘
10:37:00	19.43	--	13	25259	卖盘
10:36:57	19.43	--	15	29145	卖盘
10:36:51	19.43	-0.01	3	5829	卖盘
10:36:45	19.44	0.01	1	1944	买盘
10:36:42	19.43	0.04	41	79663	买盘
10:36:39	19.39	--	1	1939	卖盘
10:36:27	19.39	--	2	3878	买盘
10:36:24	19.39	0.01	1	1939	买盘
10:36:21	19.38	--	10	19380	卖盘
10:36:15	19.38	-0.01	10	19380	卖盘
10:36:06	19.39	0.01	62	120218	买盘
10:35:57	19.38	-0.01	7	15038	卖盘
10:35:54	19.39	0.01	28	54292	买盘
10:35:48	19.38	-0.01	1	1938	卖盘
10:35:39	19.39	--	1	1939	买盘
10:35:33	19.39	--	8	15512	买盘
10:35:30	19.39	-0.03	600	1163865	卖盘
10:35:18	19.42	0.02	10	19420	买盘
10:35:09	19.4	-0.01	300	582000	卖盘
10:35:06	19.41	--	9	17469	买盘
10:34:54	19.41	--	32	62112	买盘
10:34:48	19.41	0.01	1	1941	买盘
10:34:45	19.4	--	39	75660	卖盘
10:34:42	19.4	--	256	498114	卖盘
10:34:36	19.4	-0.01	51	98940	卖盘
10:34:33	19.41	0.01	50	97050	买盘
10:34:27	19.4	--	12	23280	卖盘
10:34:21	19.4	--	7	13579	买盘
10:34:18	19.4	--	21	40740	买盘
10:34:12	19.4	--	1	1939	卖盘
10:34:09	19.4	--	3	5820	卖盘
10:34:06	19.4	0.01	1	1939	卖盘
10:34:03	19.39	-0.01	32	62048	卖盘
10:34:00	19.4	--	25	48500	买盘
10:33:51	19.4	--	35	67900	买盘
10:33:45	19.4	--	1	1939	买盘
10:33:39	19.4	--	50	97465	卖盘
10:33:33	19.4	--	2	3879	卖盘
10:33:18	19.4	--	10	19400	卖盘
10:33:09	19.4	-0.02	300	582000	卖盘
10:32:54	19.42	-0.01	1	1942	卖盘
10:32:51	19.43	0.01	19	36917	买盘
10:32:48	19.42	--	8	15536	卖盘
10:32:45	19.42	-0.01	8	15536	卖盘
10:32:42	19.43	0.01	16	31088	中性盘
10:32:33	19.42	--	2	3884	卖盘
10:32:30	19.42	--	1	1942	卖盘
10:32:21	19.42	-0.01	321	623382	卖盘
10:32:18	19.43	--	1	1943	卖盘
10:32:12	19.43	-0.01	1	1943	卖盘
10:32:09	19.44	--	28	54432	买盘
10:32:03	19.44	--	5	9720	买盘
10:31:45	19.44	0.01	5	9720	买盘
10:31:42	19.43	--	10	19430	卖盘
10:31:39	19.43	--	40	77720	卖盘
10:31:33	19.43	-0.01	5	9715	卖盘
10:31:30	19.44	--	50	97200	买盘
10:31:09	19.44	0.01	10	19440	买盘
10:31:03	19.43	-0.01	2	3886	卖盘
10:30:54	19.44	0.01	1	1944	买盘
10:30:51	19.43	--	1	1943	买盘
10:30:48	19.43	-0.01	43	83549	中性盘
10:30:42	19.44	--	50	97200	买盘
10:30:36	19.44	0.01	6	11664	买盘
10:30:33	19.43	--	1	1943	卖盘
10:30:30	19.43	--	92	178756	买盘
10:30:27	19.43	--	1	1943	买盘
10:30:24	19.43	--	81	157383	卖盘
10:30:21	19.43	--	20	38860	卖盘
10:30:15	19.43	--	4	7772	卖盘
10:30:12	19.43	--	10	19430	卖盘
10:30:09	19.43	--	50	97150	卖盘
10:30:00	19.43	--	5	9715	卖盘
10:29:48	19.43	--	2	3886	卖盘
10:29:42	19.43	-0.01	3	5829	卖盘
10:29:39	19.44	--	50	97200	买盘
10:29:36	19.44	0.01	1	1944	买盘
10:29:27	19.43	--	11	21373	卖盘
10:29:24	19.43	--	3	5829	买盘
10:29:18	19.43	0.01	1	1943	中性盘
10:29:12	19.42	-0.02	10	19420	卖盘
10:29:00	19.44	--	11	21384	买盘
10:28:57	19.44	0.01	106	206064	买盘
10:28:48	19.43	--	2	3886	卖盘
10:28:45	19.43	--	12	23316	卖盘
10:28:42	19.43	--	3	5829	卖盘
10:28:36	19.43	-0.01	1	1943	卖盘
10:28:21	19.44	0.02	5	9720	买盘
10:28:15	19.42	--	4	7768	卖盘
10:28:12	19.42	-0.02	10	19420	卖盘
10:28:06	19.44	-0.01	1	3421	买盘
10:28:03	19.45	0.03	10	19450	买盘
10:27:57	19.42	--	10	19420	卖盘
10:27:51	19.42	--	6	11652	卖盘
10:27:48	19.42	-0.01	39	75738	卖盘
10:27:33	19.43	-0.02	2	3886	中性盘
10:27:18	19.45	0.03	7	13615	买盘
10:27:06	19.42	-0.04	116	225272	卖盘
10:27:03	19.46	-0.01	3	5838	中性盘
10:26:57	19.47	0.03	40	77880	买盘
10:26:54	19.44	--	21	40824	卖盘
10:26:51	19.44	-0.02	15	29160	卖盘
10:26:48	19.46	0.06	3	5838	买盘
10:26:45	19.4	-0.03	500	969999	卖盘
10:26:42	19.43	0.01	12	23316	中性盘
10:26:33	19.42	--	500	971000	卖盘
10:26:18	19.42	-0.06	300	582600	卖盘
10:26:15	19.48	0.01	554	1079192	买盘
10:26:09	19.47	-0.01	1	1947	买盘
10:26:06	19.48	0.06	2	3896	中性盘
10:26:00	19.42	-0.07	100	194200	卖盘
10:25:57	19.49	--	3	5846	买盘
10:25:54	19.49	0.01	100	194899	买盘
10:25:48	19.48	-0.02	126	245448	卖盘
10:25:45	19.5	--	8	15600	买盘
10:25:42	19.5	--	2	3900	买盘
10:25:39	19.5	-0.01	27	52650	卖盘
10:25:36	19.51	0.01	9	17559	买盘
10:25:33	19.5	--	31	60450	买盘
10:25:30	19.5	-0.03	69	134550	卖盘
10:25:27	19.53	--	92	179676	卖盘
10:25:24	19.53	0.01	75	146475	买盘
10:25:18	19.52	--	22	42944	卖盘
10:25:15	19.52	--	1	1952	卖盘
10:25:12	19.52	0.01	27	52704	买盘
10:25:09	19.51	0.01	65	126815	买盘
10:25:06	19.5	--	10	19500	卖盘
10:25:03	19.5	--	15	29250	卖盘
10:25:00	19.5	--	1	1950	卖盘
10:24:57	19.5	0.01	93	181350	买盘
10:24:54	19.49	--	4	7795	买盘
10:24:51	19.49	--	30	58469	买盘
10:24:48	19.49	--	10	19490	买盘
10:24:42	19.49	--	21	40929	买盘
10:24:36	19.49	--	1	1948	买盘
10:24:33	19.49	--	13	25336	买盘
10:24:30	19.49	0.02	12	23387	买盘
10:24:27	19.47	-0.02	20	38940	卖盘
10:24:24	19.49	0.03	100	194899	买盘
10:24:21	19.46	-0.02	54	105084	卖盘
10:24:18	19.48	0.01	8	15584	买盘
10:24:12	19.47	-0.01	3	5841	中性盘
10:24:09	19.48	0.02	55	107140	买盘
10:24:06	19.46	-0.01	5	9730	卖盘
10:24:00	19.47	0.01	16	31152	买盘
10:23:57	19.46	0.01	116	225736	买盘
10:23:54	19.45	--	69	134205	买盘
10:23:51	19.45	--	200	389000	买盘
10:23:48	19.45	0.01	88	171160	买盘
10:23:42	19.44	--	13	25272	买盘
10:23:39	19.44	-0.01	6	11664	买盘
10:23:36	19.45	0.01	63	122535	买盘
10:23:33	19.44	--	1	1944	买盘
10:23:30	19.44	0.03	10	19440	买盘
10:23:18	19.41	-0.01	165	320265	卖盘
10:23:15	19.42	-0.02	1	1942	卖盘
10:23:12	19.44	0.02	20	38880	买盘
10:23:09	19.42	-0.03	20	38840	卖盘
10:23:03	19.45	0.03	138	268410	买盘
10:22:54	19.42	--	3	5826	卖盘
10:22:51	19.42	-0.01	11	21362	卖盘
10:22:45	19.43	--	5	9715	卖盘
10:22:42	19.43	--	6	11658	中性盘
10:22:39	19.43	--	139	270077	买盘
10:22:36	19.43	--	16	31088	买盘
10:22:27	19.43	--	2	3886	买盘
10:22:24	19.43	--	9	17487	卖盘
10:22:15	19.43	--	5	9715	中性盘
10:22:06	19.43	--	5	9715	卖盘
10:21:57	19.43	--	45	87435	买盘
10:21:48	19.43	--	25	48575	买盘
10:21:33	19.43	0.02	1	1943	买盘
10:21:30	19.41	-0.02	23	44643	卖盘
10:21:27	19.43	--	16	31088	卖盘
10:21:21	19.43	--	104	202072	买盘
10:21:18	19.43	0.01	4	7772	买盘
10:21:12	19.42	--	20	38840	卖盘
10:21:09	19.42	-0.01	12	23304	卖盘
10:21:06	19.43	0.01	7	13601	买盘
10:21:03	19.42	--	5	9710	买盘
10:20:57	19.42	0.01	13	25246	买盘
10:20:54	19.41	-0.01	30	58230	卖盘
10:20:51	19.42	--	16	31072	卖盘
10:20:48	19.42	--	4	7768	卖盘
10:20:45	19.42	--	9	17478	买盘
10:20:42	19.42	--	2	3884	买盘
10:20:36	19.42	--	1	1942	买盘
10:20:30	19.42	-0.02	25	48550	卖盘
10:20:27	19.44	0.02	20	38880	买盘
10:20:24	19.42	-0.01	10	19420	卖盘
10:20:18	19.43	-0.01	5	9715	中性盘
10:20:15	19.44	0.01	30	58320	买盘
10:20:12	19.43	--	30	58290	卖盘
10:20:09	19.43	--	2	3886	买盘
10:20:03	19.43	0.01	3	5829	中性盘
10:20:00	19.42	-0.02	1	1942	卖盘
10:19:48	19.44	0.02	13	25272	买盘
10:19:45	19.42	-0.03	22	42724	卖盘
10:19:39	19.45	0.03	6	11670	买盘
10:19:36	19.42	-0.02	28	54376	卖盘
10:19:33	19.44	--	1	1944	卖盘
10:19:30	19.44	0.02	79	153576	买盘
10:19:27	19.42	--	30	58260	卖盘
10:19:24	19.42	--	5	9710	卖盘
10:19:21	19.42	--	5	9710	卖盘
10:19:18	19.42	-0.02	10	19420	中性盘
10:19:15	19.44	0.03	2	3888	买盘
10:19:12	19.41	--	3	5823	卖盘
10:19:06	19.41	-0.01	150	291150	卖盘
10:19:03	19.42	--	24	46608	买盘
10:18:51	19.42	--	5	9710	买盘
10:18:48	19.42	0.01	60	116520	买盘
10:18:45	19.41	-0.01	30	58230	卖盘
10:18:39	19.42	--	6	11652	买盘
10:18:33	19.42	--	2	3884	买盘
10:18:30	19.42	--	20	38840	买盘
10:18:21	19.42	--	32	62144	买盘
10:18:18	19.42	-0.02	19	36898	卖盘
10:18:15	19.44	--	10	19440	买盘
10:18:12	19.44	0.02	21	40824	买盘
10:18:09	19.42	--	3	5826	卖盘
10:18:06	19.42	-0.03	10	19420	卖盘
10:18:00	19.45	0.02	21	40845	买盘
10:17:57	19.43	-0.02	17	33031	卖盘
10:17:45	19.45	0.02	6	11670	买盘
10:17:42	19.43	-0.02	33	64119	卖盘
10:17:39	19.45	--	22	42790	买盘
10:17:36	19.45	--	10	19450	买盘
10:17:30	19.45	--	7	13615	买盘
10:17:27	19.45	0.01	15	29175	买盘
10:17:21	19.44	-0.01	22	42768	买盘
10:17:18	19.45	--	14	27230	买盘
10:17:15	19.45	--	30	58350	买盘
10:17:12	19.45	0.02	100	194500	买盘
10:17:09	19.43	-0.02	5	9715	卖盘
10:16:57	19.45	--	2	3890	买盘
10:16:54	19.45	0.02	45	87525	买盘
10:16:51	19.43	--	20	38860	卖盘
10:16:45	19.43	--	5	9715	卖盘
10:16:42	19.43	-0.01	123	238989	卖盘
10:16:39	19.44	0.01	111	215784	买盘
10:16:36	19.43	0.01	22	42746	买盘
10:16:33	19.42	--	20	38840	卖盘
10:16:27	19.42	-0.01	36	69912	卖盘
10:16:24	19.43	0.01	40	77720	买盘
10:16:21	19.42	--	10	19420	卖盘
10:16:15	19.42	--	10	19420	卖盘
10:16:12	19.42	-0.01	104	201968	买盘
10:16:09	19.43	0.01	56	108808	买盘
10:16:06	19.42	--	2	3884	买盘
10:16:00	19.42	0.01	1	1942	买盘
10:15:57	19.41	-0.01	6	11646	卖盘
10:15:54	19.42	--	1	1942	买盘
10:15:48	19.42	0.01	103	200026	买盘
10:15:42	19.41	--	5	9705	卖盘
10:15:39	19.41	--	12	23292	卖盘
10:15:36	19.41	--	25	48525	卖盘
10:15:27	19.41	-0.01	12	23292	卖盘
10:15:24	19.42	--	64	124288	卖盘
10:15:18	19.42	0.01	70	135940	买盘
10:15:15	19.41	-0.01	3	5823	卖盘
10:15:06	19.42	-0.01	11	21362	卖盘
10:15:00	19.43	0.01	2	3886	买盘
10:14:54	19.42	--	7	13594	卖盘
10:14:48	19.42	0.01	61	118462	买盘
10:14:45	19.41	0.01	2	3882	买盘
10:14:42	19.4	-0.01	42	81480	卖盘
10:14:36	19.41	--	9	17469	买盘
10:14:33	19.41	-0.04	11	21351	中性盘
10:14:27	19.45	0.04	256	497920	买盘
10:14:18	19.41	--	5	9705	卖盘
10:14:15	19.41	-0.03	1	1941	中性盘
10:14:09	19.44	--	94	182736	卖盘
10:14:06	19.44	--	19	36936	卖盘
10:14:03	19.44	--	21	40824	卖盘
10:14:00	19.44	--	60	116640	卖盘
10:13:57	19.44	--	6	11664	卖盘
10:13:54	19.44	--	20	38880	买盘
10:13:48	19.44	0.02	25	48600	买盘
10:13:45	19.42	-0.02	5	9710	中性盘
10:13:42	19.44	0.04	10	19440	买盘
10:13:39	19.4	-0.04	21	40740	卖盘
10:13:36	19.44	0.01	9	17496	卖盘
10:13:33	19.43	-0.02	11	21373	卖盘
10:13:30	19.45	-0.01	124	241180	卖盘
10:13:27	19.46	0.03	90	175140	买盘
10:13:24	19.43	0.01	6	11658	卖盘
10:13:21	19.42	-0.02	10	19420	卖盘
10:13:18	19.44	0.02	85	165240	买盘
10:13:15	19.42	-0.02	26	50492	卖盘
10:13:12	19.44	0.01	41	79704	买盘
10:13:06	19.43	0.01	10	19430	买盘
10:13:03	19.42	--	5	9710	卖盘
10:13:00	19.42	0.01	29	56318	买盘
10:12:57	19.41	0.01	20	38820	买盘
10:12:54	19.4	--	3	5820	卖盘
10:12:48	19.4	--	31	60139	买盘
10:12:45	19.4	0.01	83	161020	买盘
10:12:42	19.39	-0.01	1	1939	中性盘
10:12:36	19.4	0.01	100	194000	买盘
10:12:33	19.39	0.01	1	1939	买盘
10:12:30	19.38	--	7	13566	卖盘
10:12:27	19.38	--	53	102714	卖盘
10:12:24	19.38	--	6	11628	卖盘
10:12:21	19.38	0.01	45	87210	买盘
10:12:15	19.37	--	11	21307	买盘
10:12:12	19.37	0.02	31	60047	买盘
10:12:09	19.35	--	33	63855	买盘
10:12:00	19.35	0.01	1	1935	买盘
10:11:57	19.34	--	35	67690	买盘
10:11:54	19.34	0.01	30	58020	买盘
10:11:51	19.33	-0.02	3	5798	卖盘
10:11:45	19.35	0.02	84	162540	买盘
10:11:42	19.33	--	12	23195	买盘
10:11:39	19.33	--	31	59922	买盘
10:11:33	19.33	--	1	1932	买盘
10:11:30	19.33	0.03	3	5798	中性盘
10:11:24	19.3	--	4	7720	买盘
10:11:18	19.3	-0.03	119	229670	卖盘
10:11:15	19.33	0.01	39	75387	买盘
10:11:00	19.32	0.02	30	57960	买盘
10:10:57	19.3	-0.02	3	5790	中性盘
10:10:54	19.32	0.02	81	156492	买盘
10:10:36	19.3	0.01	94	181420	买盘
10:10:33	19.29	0.01	64	123456	买盘
10:10:30	19.28	--	16	30848	买盘
10:10:21	19.28	--	15	28920	买盘
10:10:15	19.28	0.01	6	11568	买盘
10:10:12	19.27	0.01	10	19270	中性盘
10:09:57	19.26	-0.02	30	57780	卖盘
10:09:54	19.28	0.01	16	30848	买盘
10:09:48	19.27	--	10	19270	买盘
10:09:36	19.27	--	3	5781	买盘
10:09:27	19.27	0.02	5	9635	买盘
10:09:21	19.25	-0.01	74	142450	卖盘
10:09:18	19.26	0.01	26	50384	买盘
10:09:15	19.25	--	20	38500	卖盘
10:09:06	19.25	--	7	13475	卖盘
10:08:51	19.25	--	10	19250	卖盘
10:08:45	19.25	--	40	77000	卖盘
10:08:36	19.25	--	3	5775	卖盘
10:08:33	19.25	--	29	55825	卖盘
10:08:18	19.25	-0.03	400	770000	卖盘
10:08:15	19.28	--	1	1928	买盘
10:08:12	19.28	0.03	12	23136	中性盘
10:07:57	19.25	-0.02	302	581350	卖盘
10:07:51	19.27	-0.01	20	38540	卖盘
10:07:39	19.28	0.01	15	28920	买盘
10:07:36	19.27	-0.01	18	34686	卖盘
10:07:33	19.28	0.01	1	1928	买盘
10:07:27	19.27	--	3	6590	买盘
10:07:21	19.27	--	42	80934	买盘
10:07:15	19.27	--	9	17343	买盘
10:07:12	19.27	--	10	19270	买盘
10:07:09	19.27	-0.01	144	278605	卖盘
10:07:00	19.28	--	14	26992	买盘
10:06:57	19.28	--	2	3856	买盘
10:06:54	19.28	--	153	294984	卖盘
10:06:36	19.28	-0.01	1	1928	卖盘
10:06:30	19.29	--	64	123456	买盘
10:06:27	19.29	0.01	1	1929	买盘
10:06:24	19.28	-0.01	45	86760	卖盘
10:06:03	19.29	-0.01	15	28935	卖盘
10:05:51	19.3	-0.02	110	212300	卖盘
10:05:48	19.32	0.02	35	67620	买盘
10:05:36	19.3	--	20	38600	卖盘
10:05:30	19.3	--	15	28950	卖盘
10:05:27	19.3	0.01	71	137030	买盘
10:05:24	19.29	--	3	5787	买盘
10:05:21	19.29	--	7	13503	卖盘
10:05:18	19.29	-0.01	3	5787	中性盘
10:05:03	19.3	0.03	5	9650	中性盘
10:04:54	19.27	-0.04	500	963500	卖盘
10:04:51	19.31	0.02	30	57929	买盘
10:04:42	19.29	-0.03	507	978003	卖盘
10:04:30	19.32	0.02	1	1932	买盘
10:04:27	19.3	-0.01	602	1161860	卖盘
10:04:21	19.31	-0.01	2	3861	卖盘
10:04:18	19.32	-0.01	31	59892	卖盘
10:04:15	19.33	--	15	28994	买盘
10:04:09	19.33	--	10	19330	买盘
10:04:06	19.33	--	4	7731	卖盘
10:04:03	19.33	--	5	9665	卖盘
10:04:00	19.33	--	2	3865	卖盘
10:03:57	19.33	--	20	38660	卖盘
10:03:51	19.33	-0.01	2	3865	卖盘
10:03:48	19.34	0.01	13	25142	中性盘
10:03:42	19.33	--	2	3865	卖盘
10:03:39	19.33	-0.01	2	3865	卖盘
10:03:36	19.34	0.01	2	3868	中性盘
10:03:27	19.33	0.01	7	13530	卖盘
10:03:24	19.32	0.01	1	1932	买盘
10:03:21	19.31	--	1	1930	卖盘
10:03:15	19.31	--	3	5793	卖盘
10:03:12	19.31	-0.01	10	19310	卖盘
10:03:09	19.32	--	18	34776	卖盘
10:03:06	19.32	0.01	3	5796	中性盘
10:03:03	19.31	--	4	7723	卖盘
10:03:00	19.31	--	7	13517	卖盘
10:02:57	19.31	--	26	50206	卖盘
10:02:54	19.31	-0.06	442	853502	卖盘
10:02:51	19.37	--	2	3874	卖盘
10:02:48	19.37	0.06	11	21307	中性盘
10:02:45	19.31	-0.06	503	971292	卖盘
10:02:39	19.37	--	22	42614	卖盘
10:02:33	19.37	-0.01	2	3874	卖盘
10:02:30	19.38	--	1	1938	买盘
10:02:27	19.38	0.01	20	38760	买盘
10:02:15	19.37	0.02	85	164645	买盘
10:02:03	19.35	--	1	1935	卖盘
10:01:54	19.35	-0.01	10	19350	卖盘
10:01:51	19.36	--	55	106480	买盘
10:01:45	19.36	--	5	9680	买盘
10:01:42	19.36	--	6	11616	买盘
10:01:36	19.36	0.01	3	5808	买盘
10:01:33	19.35	-0.01	10	19350	卖盘
10:01:30	19.36	0.02	19	36784	买盘
10:01:24	19.34	--	23	44482	卖盘
10:01:21	19.34	--	80	154720	卖盘
10:01:18	19.34	--	8	15472	卖盘
10:01:15	19.34	-0.02	118	228212	买盘
10:01:03	19.36	0.04	240	464640	买盘
10:01:00	19.32	--	1	1932	卖盘
10:00:57	19.32	-0.02	4	7728	卖盘
10:00:54	19.34	--	10	19340	卖盘
10:00:51	19.34	-0.01	10	19340	卖盘
10:00:45	19.35	0.02	229	443115	买盘
10:00:36	19.33	-0.02	45	86984	卖盘
10:00:30	19.35	--	15	29025	买盘
10:00:27	19.35	-0.01	180	348300	卖盘
10:00:24	19.36	--	60	116160	卖盘
10:00:15	19.36	-0.01	40	77440	卖盘
10:00:09	19.37	0.01	50	96850	买盘
10:00:06	19.36	-0.01	40	77440	卖盘
10:00:03	19.37	--	13	25181	买盘
10:00:00	19.37	0.01	10	19370	买盘
09:59:57	19.36	--	18	34848	卖盘
09:59:54	19.36	--	20	38720	卖盘
09:59:51	19.36	--	26	50336	卖盘
09:59:48	19.36	-0.01	22	42592	卖盘
09:59:42	19.37	0.01	50	96850	买盘
09:59:39	19.36	--	6	11616	卖盘
09:59:36	19.36	-0.01	5	9680	卖盘
09:59:30	19.37	0.01	2	3874	买盘
09:59:27	19.36	--	30	58080	卖盘
09:59:24	19.36	--	2	3872	卖盘
09:59:21	19.36	--	8	15488	买盘
09:59:18	19.36	--	39	75504	买盘
09:59:15	19.36	--	3	5808	买盘
09:59:12	19.36	-0.01	20	38720	中性盘
09:59:03	19.37	0.01	16	30992	买盘
09:59:00	19.36	0.01	38	73568	买盘
09:58:57	19.35	--	11	21285	卖盘
09:58:51	19.35	--	2	3870	买盘
09:58:48	19.35	--	41	79335	买盘
09:58:45	19.35	--	9	17415	买盘
09:58:42	19.35	--	1	1935	买盘
09:58:39	19.35	0.01	2	3870	买盘
09:58:27	19.34	-0.01	8	15472	中性盘
09:58:21	19.35	0.02	350	677250	买盘
09:58:18	19.33	--	13	25128	买盘
09:58:15	19.33	--	23	44458	买盘
09:58:12	19.33	0.01	13	25128	买盘
09:58:06	19.32	-0.01	16	30912	卖盘
09:58:03	19.33	0.01	2	3865	买盘
09:57:54	19.32	-0.01	52	100464	卖盘
09:57:51	19.33	0.01	15	28994	买盘
09:57:39	19.32	0.01	6	12403	买盘
09:57:33	19.31	-0.01	1	1930	卖盘
09:57:30	19.32	--	22	42504	买盘
09:57:27	19.32	0.01	79	152628	买盘
09:57:03	19.31	--	56	108136	买盘
09:56:57	19.31	0.01	5	9655	买盘
09:56:54	19.3	--	1	1930	卖盘
09:56:51	19.3	-0.01	1	1930	卖盘
09:56:48	19.31	--	11	21241	买盘
09:56:36	19.31	0.01	10	19310	买盘
09:56:33	19.3	-0.01	5	9650	卖盘
09:56:30	19.31	--	39	75309	卖盘
09:56:24	19.31	--	5	9655	卖盘
09:56:21	19.31	-0.01	1	1930	卖盘
09:56:12	19.32	0.01	22	42504	买盘
09:56:06	19.31	--	8	15447	卖盘
09:56:00	19.31	--	8	15447	买盘
09:55:48	19.31	0.01	10	19310	买盘
09:55:42	19.3	-0.01	13	25090	中性盘
09:55:36	19.31	--	81	156411	买盘
09:55:33	19.31	--	1	1930	买盘
09:55:30	19.31	--	50	96550	买盘
09:55:27	19.31	--	12	23172	买盘
09:55:18	19.31	0.01	3	5793	买盘
09:55:09	19.3	-0.01	19	36670	卖盘
09:55:06	19.31	--	72	139032	买盘
09:54:54	19.31	0.01	1	1930	买盘
09:54:51	19.3	--	1	1930	卖盘
09:54:33	19.3	-0.01	11	21230	卖盘
09:54:30	19.31	--	1	1930	买盘
09:54:27	19.31	--	2	3861	买盘
09:54:24	19.31	0.01	25	48275	买盘
09:54:21	19.3	--	14	27020	卖盘
09:54:18	19.3	--	5	9650	卖盘
09:54:12	19.3	--	5	9650	卖盘
09:54:00	19.3	--	2	3860	卖盘
09:53:54	19.3	0.01	1	1930	买盘
09:53:51	19.29	--	1	1929	卖盘
09:53:39	19.29	-0.01	11	21219	卖盘
09:53:36	19.3	0.01	20	38600	买盘
09:53:33	19.29	--	6	11574	卖盘
09:53:30	19.29	-0.01	5	9645	卖盘
09:53:27	19.3	0.01	1	1930	买盘
09:53:24	19.29	-0.01	13	25077	卖盘
09:53:18	19.3	0.01	3	5790	买盘
09:53:12	19.29	--	1	1929	卖盘
09:53:06	19.29	-0.01	10	19290	卖盘
09:52:48	19.3	--	20	38600	卖盘
09:52:39	19.3	-0.01	17	32810	卖盘
09:52:27	19.31	--	1	1930	买盘
09:52:24	19.31	--	40	77240	买盘
09:52:06	19.31	0.01	1	1930	中性盘
09:51:54	19.3	-0.02	50	96500	卖盘
09:51:51	19.32	0.01	1	1932	买盘
09:51:48	19.31	--	4	7723	卖盘
09:51:39	19.31	--	14	27034	卖盘
09:51:33	19.31	--	17	32827	买盘
09:51:27	19.31	-0.01	17	32827	卖盘
09:51:24	19.32	0.01	19	36708	买盘
09:51:15	19.31	0.01	48	92688	买盘
09:51:12	19.3	--	10	19300	卖盘
09:51:09	19.3	--	1	1930	卖盘
09:51:06	19.3	-0.01	23	44390	卖盘
09:51:03	19.31	0.01	5	9655	买盘
09:51:00	19.3	--	1	1930	卖盘
09:50:54	19.3	-0.01	2	3860	卖盘
09:50:51	19.31	--	8	15447	买盘
09:50:48	19.31	0.01	21	40551	买盘
09:50:39	19.3	--	1	1930	卖盘
09:50:36	19.3	--	25	48250	买盘
09:50:33	19.3	-0.02	81	156330	卖盘
09:50:27	19.32	0.01	1	1932	买盘
09:50:21	19.31	0.02	27	52137	买盘
09:50:15	19.29	-0.01	220	424380	卖盘
09:50:06	19.3	--	18	34740	买盘
09:50:03	19.3	0.01	42	81060	买盘
09:50:00	19.29	--	79	152391	卖盘
09:49:57	19.29	--	60	115740	卖盘
09:49:51	19.29	-0.01	40	77160	卖盘
09:49:48	19.3	0.01	1	1930	买盘
09:49:45	19.29	--	26	50154	卖盘
09:49:39	19.29	0.01	69	134991	买盘
09:49:36	19.28	--	2	3856	卖盘
09:49:33	19.28	--	2	3856	卖盘
09:49:30	19.28	-0.01	2	3856	卖盘
09:49:27	19.29	--	20	38580	买盘
09:49:24	19.29	-0.01	39	75269	卖盘
09:49:15	19.3	--	7	13510	买盘
09:49:09	19.3	0.01	5	9650	买盘
09:49:00	19.29	--	1	1929	卖盘
09:48:54	19.29	--	106	206364	买盘
09:48:42	19.29	0.01	23	44367	买盘
09:48:39	19.28	-0.01	1	1928	卖盘
09:48:36	19.29	-0.03	88	169752	卖盘
09:48:27	19.32	0.01	100	193200	买盘
09:48:21	19.31	0.01	108	208548	买盘
09:48:15	19.3	--	1	1930	卖盘
09:48:12	19.3	-0.02	50	96500	卖盘
09:48:09	19.32	--	84	162288	买盘
09:47:57	19.32	0.01	10	19320	买盘
09:47:54	19.31	--	13	25103	卖盘
09:47:51	19.31	0.01	1	1930	卖盘
09:47:48	19.3	-0.02	4	7720	卖盘
09:47:42	19.32	--	17	32844	买盘
09:47:30	19.32	0.03	7	13524	买盘
09:47:24	19.29	-0.05	12	23148	中性盘
09:47:15	19.34	0.05	100	193400	买盘
09:47:12	19.29	--	13	25077	买盘
09:47:06	19.29	--	3	5787	买盘
09:47:03	19.29	-0.01	26	50154	卖盘
09:47:00	19.3	0.01	10	19300	买盘
09:46:48	19.29	-0.01	26	50154	卖盘
09:46:45	19.3	--	2	3860	买盘
09:46:42	19.3	--	9	17370	买盘
09:46:39	19.3	0.01	56	108080	买盘
09:46:36	19.29	-0.01	6	11574	卖盘
09:46:30	19.3	--	20	38600	买盘
09:46:27	19.3	--	1	1930	买盘
09:46:24	19.3	--	5	9650	买盘
09:46:15	19.3	0.02	15	28950	买盘
09:46:12	19.28	--	4	7712	卖盘
09:46:06	19.28	-0.02	10	19280	卖盘
09:46:03	19.3	0.02	11	21230	买盘
09:45:57	19.28	-0.02	29	55912	卖盘
09:45:54	19.3	--	1	1930	买盘
09:45:48	19.3	--	8	15440	卖盘
09:45:45	19.3	-0.01	10	19300	卖盘
09:45:36	19.31	--	5	9655	买盘
09:45:33	19.31	--	2	3861	买盘
09:45:27	19.31	--	13	25103	卖盘
09:45:24	19.31	-0.01	28	54068	卖盘
09:45:21	19.32	0.01	24	46368	买盘
09:45:18	19.31	--	5	9655	卖盘
09:45:15	19.31	--	10	19310	卖盘
09:45:09	19.31	0.01	1	1930	买盘
09:45:06	19.3	-0.01	14	27020	卖盘
09:45:00	19.31	0.05	1	1930	买盘
09:44:57	19.26	-0.05	46	88596	卖盘
09:44:51	19.31	--	10	19310	卖盘
09:44:48	19.31	--	1	1930	卖盘
09:44:45	19.31	0.01	43	83033	中性盘
09:44:42	19.3	-0.02	65	125450	卖盘
09:44:36	19.32	0.01	12	23184	买盘
09:44:33	19.31	-0.01	28	54068	卖盘
09:44:30	19.32	0.01	3	5796	买盘
09:44:27	19.31	-0.01	23	44413	卖盘
09:44:24	19.32	--	8	15456	买盘
09:44:21	19.32	0.01	16	30912	买盘
09:44:15	19.31	--	68	131308	卖盘
09:44:12	19.31	-0.01	50	96550	卖盘
09:44:09	19.32	0.01	50	96600	买盘
09:44:06	19.31	--	10	19310	卖盘
09:43:54	19.31	-0.01	3	5793	卖盘
09:43:51	19.32	--	12	23184	买盘
09:43:42	19.32	--	50	96600	买盘
09:43:30	19.32	-0.01	31	59892	卖盘
09:43:27	19.33	0.01	4	7731	买盘
09:43:24	19.32	-0.01	17	32844	卖盘
09:43:21	19.33	-0.01	53	102448	卖盘
09:43:18	19.34	0.01	11	21274	中性盘
09:43:12	19.33	--	4	7731	卖盘
09:43:00	19.33	-0.01	6	11597	卖盘
09:42:57	19.34	0.01	10	19340	买盘
09:42:54	19.33	--	5	9665	卖盘
09:42:48	19.33	-0.01	10	19330	卖盘
09:42:33	19.34	--	106	205004	卖盘
09:42:30	19.34	--	40	77360	卖盘
09:42:24	19.34	--	52	100568	卖盘
09:42:18	19.34	--	3	5802	卖盘
09:42:12	19.34	--	5	9670	卖盘
09:42:03	19.34	--	22	42548	买盘
09:41:54	19.34	--	31	59954	买盘
09:41:51	19.34	--	11	21274	卖盘
09:41:42	19.34	--	160	309440	卖盘
09:41:36	19.34	-0.01	52	100568	卖盘
09:41:33	19.35	--	43	83205	买盘
09:41:30	19.35	--	3	5805	买盘
09:41:27	19.35	--	1	1935	买盘
09:41:21	19.35	0.01	22	42570	买盘
09:41:18	19.34	--	7	13538	卖盘
09:41:09	19.34	-0.01	15	29010	卖盘
09:41:03	19.35	0.01	6	11610	买盘
09:40:54	19.34	--	8	15472	卖盘
09:40:51	19.34	--	12	23208	卖盘
09:40:48	19.34	0.01	65	125710	买盘
09:40:45	19.33	--	100	193299	卖盘
09:40:42	19.33	--	200	386599	卖盘
09:40:36	19.33	--	41	79253	卖盘
09:40:30	19.33	--	20	38660	卖盘
09:40:27	19.33	-0.01	25	48324	卖盘
09:40:21	19.34	0.01	51	98634	买盘
09:40:18	19.33	--	3	5798	卖盘
09:40:15	19.33	--	3	5798	卖盘
09:40:12	19.33	--	1	1932	卖盘
09:40:03	19.33	--	9	17397	卖盘
09:40:00	19.33	-0.01	80	154640	卖盘
09:39:54	19.34	0.01	32	61888	买盘
09:39:45	19.33	--	15	28994	卖盘
09:39:42	19.33	-0.01	19	36727	卖盘
09:39:39	19.34	0.01	186	359724	买盘
09:39:33	19.33	--	9	17397	卖盘
09:39:30	19.33	-0.01	169	326677	卖盘
09:39:27	19.34	0.01	1	1934	买盘
09:39:24	19.33	-0.01	55	106314	卖盘
09:39:18	19.34	--	11	21274	买盘
09:39:15	19.34	--	21	40614	卖盘
09:39:12	19.34	0.01	5	9670	买盘
09:39:09	19.33	-0.01	76	146908	卖盘
09:39:06	19.34	--	15	29010	买盘
09:39:00	19.34	-0.01	60	116040	卖盘
09:38:57	19.35	--	57	110295	卖盘
09:38:51	19.35	--	138	267030	买盘
09:38:36	19.35	--	6	11610	买盘
09:38:33	19.35	--	10	19350	买盘
09:38:30	19.35	--	28	54180	卖盘
09:38:15	19.35	--	6	11610	卖盘
09:38:12	19.35	-0.01	75	145125	卖盘
09:38:09	19.36	0.03	5	9680	中性盘
09:37:54	19.33	-0.02	146	282218	卖盘
09:37:42	19.35	-0.01	84	162540	卖盘
09:37:33	19.36	--	19	36784	买盘
09:37:30	19.36	--	66	127776	卖盘
09:37:24	19.36	--	5	9680	卖盘
09:37:21	19.36	--	12	23232	买盘
09:37:15	19.36	--	7	13552	买盘
09:37:12	19.36	0.01	2	3872	买盘
09:37:03	19.35	--	14	27090	卖盘
09:36:51	19.35	-0.01	1	1935	卖盘
09:36:48	19.36	0.01	9	17424	买盘
09:36:45	19.35	--	19	36765	卖盘
09:36:30	19.35	-0.01	12	23220	卖盘
09:36:24	19.36	0.01	1	1936	买盘
09:36:21	19.35	0.01	64	123840	买盘
09:36:18	19.34	--	22	42548	买盘
09:36:12	19.34	-0.01	109	210806	中性盘
09:35:54	19.35	0.01	60	116100	买盘
09:35:48	19.34	--	11	21274	卖盘
09:35:45	19.34	-0.01	44	85096	卖盘
09:35:42	19.35	--	9	17415	买盘
09:35:39	19.35	0.01	21	40635	买盘
09:35:36	19.34	-0.01	1	1934	卖盘
09:35:33	19.35	--	1	1935	买盘
09:35:30	19.35	-0.01	29	56115	卖盘
09:35:27	19.36	--	20	38720	买盘
09:35:24	19.36	--	50	96800	买盘
09:35:18	19.36	0.01	7	13552	买盘
09:35:06	19.35	0.01	78	150930	买盘
09:35:03	19.34	--	9	17406	卖盘
09:35:00	19.34	--	55	106370	卖盘
09:34:54	19.34	-0.01	43	83162	卖盘
09:34:51	19.35	0.01	9	17415	买盘
09:34:42	19.34	-0.01	100	193400	卖盘
09:34:39	19.35	--	55	106425	买盘
09:34:33	19.35	--	4	7740	卖盘
09:34:30	19.35	--	26	50310	买盘
09:34:27	19.35	--	3	5805	卖盘
09:34:24	19.35	--	10	19350	卖盘
09:34:21	19.35	--	98	189630	买盘
09:34:12	19.35	--	7	13545	买盘
09:34:09	19.35	--	27	52245	卖盘
09:34:06	19.35	--	23	44505	卖盘
09:34:03	19.35	--	22	42570	卖盘
09:34:00	19.35	-0.01	100	193500	卖盘
09:33:51	19.36	--	4	7744	卖盘
09:33:48	19.36	0.01	8	15488	卖盘
09:33:45	19.35	--	10	19350	卖盘
09:33:42	19.35	-0.02	10	19350	卖盘
09:33:39	19.37	--	56	108472	买盘
09:33:30	19.37	--	3	5811	买盘
09:33:27	19.37	-0.02	44	85228	卖盘
09:33:24	19.39	0.01	118	228802	买盘
09:33:15	19.38	--	67	129846	卖盘
09:33:12	19.38	--	12	23256	卖盘
09:33:09	19.38	-0.01	22	42636	卖盘
09:33:06	19.39	--	95	184205	买盘
09:33:00	19.39	0.01	10	19390	买盘
09:32:54	19.38	-0.01	80	155040	卖盘
09:32:51	19.39	-0.01	66	127974	卖盘
09:32:48	19.4	0.01	26	50439	买盘
09:32:45	19.39	--	12	23268	卖盘
09:32:42	19.39	--	1	1939	卖盘
09:32:36	19.39	--	17	32963	卖盘
09:32:33	19.39	--	32	62048	卖盘
09:32:30	19.39	--	1	1939	卖盘
09:32:27	19.39	--	67	129913	买盘
09:32:24	19.39	--	50	96950	买盘
09:32:21	19.39	--	40	77560	卖盘
09:32:18	19.39	-0.01	56	108584	卖盘
09:32:15	19.4	-0.01	27	52379	卖盘
09:32:12	19.41	0.01	5	9705	买盘
09:32:09	19.4	--	2	3879	卖盘
09:32:06	19.4	-0.01	10	19400	中性盘
09:32:03	19.41	0.02	51	98991	买盘
09:32:00	19.39	0.01	13	25207	买盘
09:31:54	19.38	--	10	19380	卖盘
09:31:51	19.38	--	22	42636	卖盘
09:31:48	19.38	-0.03	166	321708	卖盘
09:31:45	19.41	0.02	103	199923	买盘
09:31:39	19.39	0.01	13	25207	买盘
09:31:36	19.38	-0.02	21	40698	卖盘
09:31:33	19.4	0.02	17	32980	买盘
09:31:30	19.38	-0.01	1	1938	卖盘
09:31:27	19.39	-0.01	20	38780	买盘
09:31:24	19.4	--	4	7759	买盘
09:31:21	19.4	0.01	30	58199	中性盘
09:31:15	19.39	-0.01	47	91133	卖盘
09:31:12	19.4	--	20	38800	卖盘
09:31:09	19.4	--	56	108639	卖盘
09:31:03	19.4	--	5	9700	卖盘
09:31:00	19.4	--	44	85360	买盘
09:30:57	19.4	0.01	7	13579	买盘
09:30:54	19.39	--	11	21329	卖盘
09:30:48	19.39	-0.01	1	1939	卖盘
09:30:45	19.4	0.01	1	1939	买盘
09:30:42	19.39	-0.02	10	19390	卖盘
09:30:36	19.41	--	31	60171	买盘
09:30:33	19.41	0.02	2	3882	买盘
09:30:30	19.39	-0.02	2	3878	卖盘
09:30:27	19.41	0.01	12	23292	买盘
09:30:24	19.4	-0.01	77	149380	卖盘
09:30:18	19.41	--	10	19410	买盘
09:30:15	19.41	--	12	23292	卖盘
09:30:12	19.41	0.01	6	11646	买盘
09:30:09	19.4	-0.01	2	3879	卖盘
09:30:06	19.41	0.02	1	1941	买盘
09:30:03	19.39	0.01	211	409129	买盘
09:30:00	19.38	--	0	0	买盘
09:25:03	19.38	19.38	234	453492	买盘
