成交时间	成交价	价格变动	成交量(手)	成交额(元)	性质
15:00:03	18.99	--	1651	3135248	买盘
14:57:00	18.99	--	0	0	买盘
14:56:57	18.99	--	17	32282	买盘
14:56:54	18.99	--	5	9495	买盘
14:56:51	18.99	--	70	132930	卖盘
14:56:48	18.99	-0.01	21	39879	卖盘
14:56:45	19.0	--	17	32300	买盘
14:56:42	19.0	--	24	45600	买盘
14:56:39	19.0	--	4	7600	买盘
14:56:36	19.0	--	16	30400	买盘
14:56:33	19.0	0.01	47	89300	买盘
14:56:30	18.99	-0.01	17	32282	卖盘
14:56:27	19.0	--	76	144400	买盘
14:56:24	19.0	--	39	74100	买盘
14:56:21	19.0	--	61	115900	买盘
14:56:18	19.0	--	363	689700	卖盘
14:56:15	19.0	--	6	11400	卖盘
14:56:12	19.0	--	25	47500	卖盘
14:56:09	19.0	--	56	106400	卖盘
14:56:06	19.0	--	10	19000	卖盘
14:56:03	19.0	-0.01	5	9500	卖盘
14:56:00	19.01	--	74	140674	买盘
14:55:54	19.01	--	70	133070	买盘
14:55:51	19.01	--	1	1901	中性盘
14:55:48	19.01	-0.02	26	49426	卖盘
14:55:45	19.03	0.02	23	43769	买盘
14:55:42	19.01	-0.01	146	277546	卖盘
14:55:39	19.02	0.01	59	112218	买盘
14:55:36	19.01	--	21	39921	卖盘
14:55:33	19.01	-0.01	2	3802	卖盘
14:55:30	19.02	--	197	374694	卖盘
14:55:27	19.02	--	15	28530	卖盘
14:55:24	19.02	-0.01	15	28530	卖盘
14:55:18	19.03	--	11	20933	买盘
14:55:15	19.03	--	3	5709	买盘
14:55:12	19.03	-0.01	63	119889	卖盘
14:55:09	19.04	--	9	17136	买盘
14:55:06	19.04	--	5	9520	买盘
14:55:03	19.04	0.01	28	53312	买盘
14:55:00	19.03	-0.01	2	3806	卖盘
14:54:57	19.04	--	22	41888	卖盘
14:54:54	19.04	--	78	148512	买盘
14:54:48	19.04	--	10	19040	买盘
14:54:45	19.04	--	15	28560	买盘
14:54:42	19.04	0.01	59	112336	买盘
14:54:39	19.03	-0.01	22	41866	卖盘
14:54:36	19.04	0.01	28	53312	买盘
14:54:33	19.03	--	20	38060	卖盘
14:54:30	19.03	--	2	3806	卖盘
14:54:27	19.03	0.01	3	5709	卖盘
14:54:24	19.02	-0.01	12	22824	卖盘
14:54:21	19.03	0.01	115	218845	买盘
14:54:18	19.02	-0.01	48	91296	卖盘
14:54:15	19.03	0.01	10	19030	买盘
14:54:12	19.02	--	14	26628	卖盘
14:54:09	19.02	--	36	68472	卖盘
14:54:06	19.02	--	74	140748	卖盘
14:54:03	19.02	-0.01	27	51354	卖盘
14:54:00	19.03	0.01	50	95150	买盘
14:53:57	19.02	0.01	7	13314	中性盘
14:53:54	19.01	-0.01	22	41822	卖盘
14:53:51	19.02	0.01	4	7608	买盘
14:53:48	19.01	--	15	28515	卖盘
14:53:45	19.01	--	8	15208	卖盘
14:53:42	19.01	--	30	57030	买盘
14:53:39	19.01	0.01	3	5703	买盘
14:53:27	19.0	--	166	315400	买盘
14:53:24	19.0	--	8	15200	买盘
14:53:21	19.0	--	39	74100	买盘
14:53:18	19.0	--	23	43700	买盘
14:53:15	19.0	--	11	20900	买盘
14:53:12	19.0	--	7	13300	买盘
14:53:09	19.0	--	59	112100	买盘
14:53:06	19.0	--	1	1900	买盘
14:53:03	19.0	--	42	79800	买盘
14:53:00	19.0	--	15	28500	买盘
14:52:57	19.0	--	15	28500	买盘
14:52:54	19.0	0.01	5	9500	买盘
14:52:51	18.99	-0.01	5	9495	卖盘
14:52:48	19.0	--	6	11400	买盘
14:52:45	19.0	0.01	25	47500	买盘
14:52:42	18.99	0.01	5	9495	中性盘
14:52:33	18.98	--	70	132860	买盘
14:52:30	18.98	--	8	15184	买盘
14:52:27	18.98	-0.02	2	3796	买盘
14:52:21	19.0	0.02	561	1065900	买盘
14:52:18	18.98	-0.01	179	339742	卖盘
14:52:12	18.99	--	68	129131	买盘
14:52:09	18.99	0.01	27	51272	买盘
14:52:06	18.98	--	15	28470	卖盘
14:51:57	18.98	--	12	22776	买盘
14:51:54	18.98	--	1	1898	买盘
14:51:51	18.98	--	57	108186	买盘
14:51:48	18.98	--	40	75920	买盘
14:51:45	18.98	0.01	1	1898	买盘
14:51:42	18.97	--	24	45528	卖盘
14:51:39	18.97	--	41	77777	卖盘
14:51:36	18.97	--	20	37940	卖盘
14:51:33	18.97	0.01	4	7588	买盘
14:51:30	18.96	-0.01	5	9480	卖盘
14:51:27	18.97	0.01	1	1897	买盘
14:51:24	18.96	0.01	114	216144	买盘
14:51:21	18.95	-0.01	49	92855	卖盘
14:51:18	18.96	0.01	22	41712	卖盘
14:51:15	18.95	--	252	477540	卖盘
14:51:12	18.95	--	28	53060	卖盘
14:51:09	18.95	--	25	47375	卖盘
14:51:06	18.95	--	61	115595	卖盘
14:51:03	18.95	--	67	126965	卖盘
14:51:00	18.95	--	37	70115	卖盘
14:50:57	18.95	-0.01	167	317223	卖盘
14:50:51	18.96	0.01	13	24648	买盘
14:50:48	18.95	-0.02	100	189500	卖盘
14:50:45	18.97	--	27	51219	买盘
14:50:42	18.97	--	121	229537	买盘
14:50:39	18.97	0.01	193	366121	买盘
14:50:36	18.96	-0.01	34	64464	卖盘
14:50:33	18.97	0.01	70	132790	买盘
14:50:30	18.96	-0.02	20	37920	卖盘
14:50:27	18.98	0.01	250	474500	买盘
14:50:24	18.97	--	16	30352	买盘
14:50:21	18.97	--	18	34146	买盘
14:50:18	18.97	-0.02	13	24661	卖盘
14:50:15	18.99	--	5	9495	卖盘
14:50:12	18.99	--	4	7595	卖盘
14:50:09	18.99	0.01	42	79758	买盘
14:50:06	18.98	--	7	13286	卖盘
14:50:03	18.98	--	12	22776	卖盘
14:50:00	18.98	--	4	7592	卖盘
14:49:57	18.98	--	123	233454	买盘
14:49:54	18.98	0.03	1	1898	买盘
14:49:51	18.95	-0.03	188	356260	卖盘
14:49:48	18.98	-0.01	16	30368	中性盘
14:49:45	18.99	--	160	303840	买盘
14:49:42	18.99	--	35	66465	卖盘
14:49:39	18.99	--	10	18990	卖盘
14:49:36	18.99	0.01	10	18990	买盘
14:49:33	18.98	-0.01	514	975572	卖盘
14:49:30	18.99	0.01	40	75960	买盘
14:49:27	18.98	--	12	22776	卖盘
14:49:24	18.98	--	9	17082	卖盘
14:49:21	18.98	0.01	12	22776	买盘
14:49:18	18.97	-0.01	47	89159	卖盘
14:49:15	18.98	--	119	225862	买盘
14:49:12	18.98	0.01	10	18980	买盘
14:49:09	18.97	-0.01	40	75880	卖盘
14:49:06	18.98	--	76	144248	买盘
14:49:03	18.98	-0.01	321	609258	卖盘
14:49:00	18.99	-0.01	54	102545	卖盘
14:48:57	19.0	--	8	15466	卖盘
14:48:54	19.0	--	2	5434	卖盘
14:48:51	19.0	0.01	8	15200	买盘
14:48:48	18.99	--	86	163314	买盘
14:48:45	18.99	--	104	197495	买盘
14:48:42	18.99	--	5	9495	买盘
14:48:39	18.99	--	64	121535	买盘
14:48:36	18.99	-0.01	268	508931	中性盘
14:48:33	19.0	0.02	27	51300	买盘
14:48:30	18.98	-0.02	130	246740	卖盘
14:48:27	19.0	--	5	9500	买盘
14:48:24	19.0	0.01	14	26600	买盘
14:48:21	18.99	-0.03	679	1289421	卖盘
14:48:18	19.02	-0.01	12	22824	卖盘
14:48:12	19.03	--	8	15224	买盘
14:48:09	19.03	0.02	78	148434	买盘
14:48:06	19.01	-0.01	25	47525	卖盘
14:48:03	19.02	--	141	268182	卖盘
14:47:57	19.02	--	21	39942	卖盘
14:47:54	19.02	--	377	717054	买盘
14:47:51	19.02	0.01	9	17118	买盘
14:47:48	19.01	--	1	1901	卖盘
14:47:45	19.01	-0.01	71	134971	中性盘
14:47:42	19.02	0.01	29	55158	买盘
14:47:39	19.01	--	10	19010	买盘
14:47:36	19.01	--	8	15208	买盘
14:47:33	19.01	0.01	184	349784	买盘
14:47:30	19.0	--	84	159600	买盘
14:47:27	19.0	--	63	119700	买盘
14:47:24	19.0	--	25	47500	买盘
14:47:21	19.0	-0.02	248	471200	卖盘
14:47:18	19.02	--	5	9510	买盘
14:47:15	19.02	--	1215	2310930	买盘
14:47:09	19.02	--	23	43746	买盘
14:47:06	19.02	-0.01	22	41844	卖盘
14:47:03	19.03	--	13	24739	买盘
14:47:00	19.03	0.01	2	3806	买盘
14:46:57	19.02	--	40	76080	卖盘
14:46:54	19.02	--	2	3804	卖盘
14:46:51	19.02	0.02	624	1186848	买盘
14:46:48	19.0	-0.01	14	26600	卖盘
14:46:42	19.01	0.01	35	66535	中性盘
14:46:39	19.0	0.01	23	43700	卖盘
14:46:36	18.99	-0.01	107	203192	卖盘
14:46:33	19.0	--	102	193800	买盘
14:46:30	19.0	--	22	41800	买盘
14:46:27	19.0	-0.02	436	828400	卖盘
14:46:24	19.02	0.02	15	28530	买盘
14:46:21	19.0	-0.01	27	51300	卖盘
14:46:18	19.01	0.02	10	19010	买盘
14:46:15	18.99	-0.01	36	68364	卖盘
14:46:12	19.0	-0.02	471	894900	卖盘
14:46:09	19.02	0.02	3	5706	中性盘
14:46:06	19.0	-0.01	24	45600	卖盘
14:46:03	19.01	0.02	3	5703	卖盘
14:46:00	18.99	-0.01	24	45575	卖盘
14:45:57	19.0	--	96	183977	买盘
14:45:54	19.0	--	18	34200	买盘
14:45:51	19.0	--	57	108300	买盘
14:45:48	19.0	-0.01	347	659623	卖盘
14:45:45	19.01	--	92	174892	卖盘
14:45:42	19.01	0.01	5	9505	中性盘
14:45:30	19.0	--	11	20900	卖盘
14:45:27	19.0	--	9	17100	卖盘
14:45:24	19.0	--	31	60477	买盘
14:45:21	19.0	0.01	13	24700	买盘
14:45:18	18.99	-0.01	16	30383	卖盘
14:45:12	19.0	--	441	837900	买盘
14:45:09	19.0	--	1	1900	买盘
14:45:06	19.0	--	74	140600	买盘
14:45:03	19.0	-0.08	1450	2755323	卖盘
14:45:00	19.08	--	11	20987	买盘
14:44:57	19.08	--	39	75728	卖盘
14:44:54	19.08	--	4	7631	卖盘
14:44:51	19.08	--	3	5723	卖盘
14:44:48	19.08	--	133	253763	卖盘
14:44:45	19.08	0.01	55	105531	买盘
14:44:42	19.07	-0.01	67	127769	卖盘
14:44:39	19.08	--	87	167579	买盘
14:44:36	19.08	0.01	1	1907	买盘
14:44:33	19.07	-0.01	1	1907	卖盘
14:44:30	19.08	--	10	19080	买盘
14:44:27	19.08	--	33	62963	买盘
14:44:24	19.08	--	40	76320	买盘
14:44:21	19.08	--	5	9540	买盘
14:44:18	19.08	--	81	154719	卖盘
14:44:15	19.08	--	10	19080	卖盘
14:44:12	19.08	--	55	104939	卖盘
14:44:09	19.08	-0.01	67	129572	卖盘
14:44:06	19.09	0.01	3	5727	买盘
14:44:00	19.08	--	20	38160	卖盘
14:43:57	19.08	-0.01	10	19080	卖盘
14:43:54	19.09	--	100	190900	买盘
14:43:51	19.09	-0.01	31	59179	卖盘
14:43:48	19.1	--	6	11460	买盘
14:43:45	19.1	--	2	3820	买盘
14:43:36	19.1	0.01	3	5730	卖盘
14:43:33	19.09	-0.01	300	572700	卖盘
14:43:30	19.1	--	25	47750	卖盘
14:43:27	19.1	--	3	5730	卖盘
14:43:24	19.1	0.01	16	30560	中性盘
14:43:12	19.09	-0.04	10	19090	卖盘
14:43:09	19.13	0.03	54	104889	买盘
14:43:03	19.1	--	4	7640	卖盘
14:43:00	19.1	0.01	124	237164	买盘
14:42:57	19.09	--	10	19090	卖盘
14:42:54	19.09	-0.01	14	26726	卖盘
14:42:51	19.1	--	3	5730	买盘
14:42:48	19.1	--	10	19100	买盘
14:42:39	19.1	-0.03	276	528745	卖盘
14:42:33	19.13	0.02	43	82259	买盘
14:42:27	19.11	-0.02	53	101283	中性盘
14:42:24	19.13	-0.01	10	19130	买盘
14:42:12	19.14	--	53	101442	买盘
14:42:09	19.14	--	1	1914	卖盘
14:42:06	19.14	0.04	63	120582	买盘
14:42:03	19.1	-0.03	550	1050500	卖盘
14:41:48	19.13	--	27	51651	卖盘
14:41:33	19.13	--	6	11478	卖盘
14:41:30	19.13	--	10	19455	买盘
14:41:27	19.13	--	44	85759	卖盘
14:41:18	19.13	--	20	38260	卖盘
14:41:12	19.13	--	4	7652	卖盘
14:41:09	19.13	-0.02	12	22956	卖盘
14:41:06	19.15	0.02	20	38300	买盘
14:41:03	19.13	--	5	9565	卖盘
14:40:51	19.13	-0.03	540	1033020	卖盘
14:40:42	19.16	--	31	59396	买盘
14:40:39	19.16	0.01	149	285484	买盘
14:40:36	19.15	--	4	7659	卖盘
14:40:30	19.15	-0.01	5	9575	卖盘
14:40:27	19.16	--	6	11496	买盘
14:40:24	19.16	--	76	145616	买盘
14:40:21	19.16	--	11	21076	买盘
14:40:18	19.16	0.01	12	22992	买盘
14:40:15	19.15	-0.01	11	21065	卖盘
14:40:12	19.16	0.01	16	30656	买盘
14:40:09	19.15	--	30	57449	卖盘
14:40:06	19.15	-0.01	2	3829	卖盘
14:39:57	19.16	--	35	67060	买盘
14:39:51	19.16	--	30	57480	买盘
14:39:36	19.16	--	18	36059	卖盘
14:39:33	19.16	--	6	11496	卖盘
14:39:30	19.16	--	10	19504	买盘
14:39:27	19.16	--	14	28395	卖盘
14:39:24	19.16	--	9	17244	卖盘
14:39:21	19.16	--	47	90052	卖盘
14:39:15	19.16	--	7	13412	卖盘
14:39:12	19.16	--	5	9580	卖盘
14:39:06	19.16	0.01	271	519580	买盘
14:39:03	19.15	-0.01	9	17235	卖盘
14:39:00	19.16	--	7	13412	买盘
14:38:57	19.16	--	50	95800	买盘
14:38:51	19.16	--	12	22992	买盘
14:38:45	19.16	--	13	24908	买盘
14:38:36	19.16	--	48	91968	买盘
14:38:27	19.16	0.01	50	95800	买盘
14:38:21	19.15	--	1	1914	卖盘
14:38:18	19.15	--	5	9575	卖盘
14:38:15	19.15	-0.01	6	11490	卖盘
14:38:09	19.16	0.01	81	155196	买盘
14:38:03	19.15	-0.01	13	24894	卖盘
14:38:00	19.16	0.01	30	57480	买盘
14:37:57	19.15	--	73	140407	卖盘
14:37:51	19.15	-0.01	9	17235	卖盘
14:37:48	19.16	0.01	6	11496	买盘
14:37:39	19.15	--	10	19150	卖盘
14:37:36	19.15	--	17	32554	卖盘
14:37:33	19.15	--	1	1914	卖盘
14:37:30	19.15	--	104	200462	买盘
14:37:21	19.15	0.02	70	134050	买盘
14:37:06	19.13	-0.01	195	373035	卖盘
14:37:03	19.14	--	1	1914	买盘
14:36:54	19.14	0.01	4	7656	买盘
14:36:51	19.13	-0.01	36	68868	卖盘
14:36:42	19.14	-0.01	2	3828	卖盘
14:36:39	19.15	--	40	76600	买盘
14:36:36	19.15	--	180	344700	买盘
14:36:33	19.15	0.01	58	111069	买盘
14:36:24	19.14	--	29	55506	卖盘
14:36:21	19.14	-0.01	25	47850	卖盘
14:36:18	19.15	--	2	3829	买盘
14:36:12	19.15	0.01	30	57449	买盘
14:36:09	19.14	-0.01	5	9570	卖盘
14:36:03	19.15	0.01	2	3829	买盘
14:35:57	19.14	--	30	57420	卖盘
14:35:54	19.14	-0.01	2	3828	卖盘
14:35:51	19.15	--	4	7659	买盘
14:35:45	19.15	--	10	19150	买盘
14:35:42	19.15	--	1	1914	买盘
14:35:33	19.15	--	55	105324	买盘
14:35:27	19.15	--	59	112984	买盘
14:35:15	19.15	0.01	20	38300	买盘
14:35:09	19.14	--	5	9570	卖盘
14:35:06	19.14	-0.01	65	124410	卖盘
14:35:03	19.15	0.01	15	28724	买盘
14:34:51	19.14	--	3	5742	卖盘
14:34:39	19.14	-0.01	35	66990	卖盘
14:34:33	19.15	0.01	2	3829	买盘
14:34:24	19.14	--	50	95700	卖盘
14:34:18	19.14	-0.01	22	42108	卖盘
14:34:12	19.15	0.01	1	1914	买盘
14:34:06	19.14	--	293	561127	买盘
14:33:57	19.14	-0.01	39	76234	卖盘
14:33:54	19.15	0.01	25	47875	买盘
14:33:51	19.14	-0.01	56	107184	卖盘
14:33:45	19.15	0.01	15	28724	买盘
14:33:42	19.14	--	10	19140	卖盘
14:33:33	19.14	--	6	11484	卖盘
14:33:30	19.14	0.01	39	74971	买盘
14:33:27	19.13	-0.01	112	215461	卖盘
14:33:24	19.14	--	22	42108	买盘
14:33:12	19.14	--	35	68502	卖盘
14:33:09	19.14	--	7	13398	卖盘
14:33:06	19.14	0.01	468	896153	买盘
14:33:03	19.13	--	143	273559	卖盘
14:32:57	19.13	--	40	77686	卖盘
14:32:54	19.13	--	1	1913	卖盘
14:32:51	19.13	-0.01	8	15304	卖盘
14:32:48	19.14	--	67	128238	买盘
14:32:42	19.14	--	26	49764	卖盘
14:32:39	19.14	--	7	13398	买盘
14:32:33	19.14	0.01	11	21054	中性盘
14:32:27	19.13	-0.01	130	250143	卖盘
14:32:21	19.14	--	5	9570	买盘
14:32:12	19.14	-0.01	69	132525	卖盘
14:32:06	19.15	--	86	164690	买盘
14:32:00	19.15	0.01	12	22980	买盘
14:31:57	19.14	-0.01	29	57247	卖盘
14:31:51	19.15	0.01	5	9575	买盘
14:31:42	19.14	0.01	52	101154	买盘
14:31:36	19.13	--	6	11478	卖盘
14:31:30	19.13	--	28	53564	买盘
14:31:24	19.13	--	3	5739	买盘
14:31:21	19.13	--	1	1913	买盘
14:31:18	19.13	0.01	50	95650	买盘
14:31:12	19.12	--	20	38240	卖盘
14:31:06	19.12	--	15	28680	卖盘
14:31:03	19.12	0.01	24	45888	买盘
14:30:54	19.11	--	39	74529	买盘
14:30:51	19.11	--	4	7644	买盘
14:30:45	19.11	--	5	9555	买盘
14:30:42	19.11	--	14	26754	买盘
14:30:39	19.11	--	18	34398	买盘
14:30:36	19.11	0.01	200	382200	买盘
14:30:30	19.1	--	20	38200	卖盘
14:30:27	19.1	--	75	143250	买盘
14:30:24	19.1	0.01	20	38200	买盘
14:30:03	19.09	--	5	9545	卖盘
14:29:57	19.09	-0.01	14	26726	卖盘
14:29:51	19.1	--	36	68760	买盘
14:29:42	19.1	--	60	114600	卖盘
14:29:15	19.1	--	4	7640	卖盘
14:28:57	19.1	--	8	15280	卖盘
14:28:45	19.1	--	6	11460	卖盘
14:28:36	19.1	--	7	13370	卖盘
14:28:33	19.1	--	20	38200	卖盘
14:28:30	19.1	--	69	131790	卖盘
14:28:21	19.1	-0.01	60	114600	卖盘
14:28:18	19.11	0.01	6	11466	买盘
14:28:15	19.1	-0.01	9	17190	卖盘
14:28:09	19.11	--	50	95550	买盘
14:28:00	19.11	--	4	7644	买盘
14:27:57	19.11	--	17	32487	买盘
14:27:54	19.11	--	58	110838	卖盘
14:27:48	19.11	--	45	85995	卖盘
14:27:45	19.11	--	17	32487	卖盘
14:27:42	19.11	--	80	152880	买盘
14:27:36	19.11	0.01	20	38220	买盘
14:27:30	19.1	-0.01	17	32470	卖盘
14:27:15	19.11	--	29	55419	买盘
14:27:12	19.11	-0.01	49	93639	卖盘
14:27:09	19.12	0.01	10	19120	买盘
14:27:06	19.11	-0.01	1	1911	卖盘
14:27:00	19.12	--	3	5736	买盘
14:26:51	19.12	--	4	7648	卖盘
14:26:48	19.12	-0.01	36	68832	卖盘
14:26:45	19.13	0.01	12	22956	买盘
14:26:42	19.12	--	10	19120	卖盘
14:26:27	19.12	-0.02	50	95600	卖盘
14:26:09	19.14	--	59	114016	卖盘
14:26:06	19.14	--	5	9570	卖盘
14:25:57	19.14	--	11	21054	卖盘
14:25:54	19.14	--	5	9570	卖盘
14:25:51	19.14	--	20	38280	卖盘
14:25:48	19.14	--	1	1914	卖盘
14:25:45	19.14	--	4	7656	卖盘
14:25:42	19.14	--	211	403854	卖盘
14:25:27	19.14	-0.01	60	114840	卖盘
14:25:24	19.15	--	1	1914	买盘
14:25:06	19.15	0.01	31	59364	买盘
14:25:00	19.14	--	60	114840	卖盘
14:24:48	19.14	-0.01	31	59334	卖盘
14:24:42	19.15	--	20	38300	买盘
14:24:33	19.15	0.01	9	17235	买盘
14:24:27	19.14	--	50	95700	卖盘
14:24:24	19.14	-0.01	1	1914	卖盘
14:24:15	19.15	0.01	5	9575	买盘
14:24:12	19.14	-0.01	29	55506	卖盘
14:24:09	19.15	0.01	13	24894	买盘
14:24:06	19.14	--	2	3828	卖盘
14:23:54	19.14	--	10	19140	卖盘
14:23:51	19.14	--	8	15312	卖盘
14:23:27	19.14	--	52	99528	卖盘
14:23:24	19.14	--	37	70818	卖盘
14:23:21	19.14	-0.01	15	28710	卖盘
14:23:09	19.15	-0.01	6	11490	中性盘
14:23:03	19.16	0.02	181	346796	买盘
14:22:51	19.14	--	1	2737	卖盘
14:22:48	19.14	--	38	72732	卖盘
14:22:42	19.14	--	9	17226	买盘
14:22:36	19.14	0.01	1	1914	中性盘
14:22:27	19.13	-0.02	50	95650	卖盘
14:22:24	19.15	--	2	3829	买盘
14:22:21	19.15	--	9	18326	卖盘
14:22:09	19.15	0.03	290	556173	买盘
14:21:48	19.12	-0.02	4	7648	卖盘
14:21:45	19.14	0.01	1	1914	买盘
14:21:36	19.13	0.01	20	38260	中性盘
14:21:27	19.12	--	63	120456	卖盘
14:21:18	19.12	--	77	147224	买盘
14:21:12	19.12	0.01	5	9560	买盘
14:21:09	19.11	--	3	5733	买盘
14:21:06	19.11	--	11	21021	卖盘
14:20:57	19.11	--	2	3822	卖盘
14:20:54	19.11	0.01	12	22932	买盘
14:20:51	19.1	--	9	17190	卖盘
14:20:42	19.1	--	3	5730	买盘
14:20:39	19.1	0.01	200	382000	买盘
14:20:30	19.09	--	7	13363	卖盘
14:20:24	19.09	0.01	33	62997	买盘
14:20:09	19.08	-0.01	9	17172	卖盘
14:20:06	19.09	--	42	80178	买盘
14:20:00	19.09	0.01	2	3818	买盘
14:19:54	19.08	-0.01	3	5723	卖盘
14:19:51	19.09	0.01	30	57270	买盘
14:19:45	19.08	--	12	22895	卖盘
14:19:42	19.08	-0.01	35	66780	卖盘
14:19:39	19.09	0.01	58	110722	买盘
14:19:36	19.08	-0.01	15	28619	卖盘
14:19:33	19.09	0.01	10	19090	买盘
14:19:24	19.08	-0.01	21	40068	卖盘
14:19:21	19.09	--	1	1909	买盘
14:19:12	19.09	--	14	26726	买盘
14:19:09	19.09	--	98	187082	卖盘
14:19:03	19.09	--	21	40089	买盘
14:19:00	19.09	--	1	1909	买盘
14:18:57	19.09	--	8	15272	卖盘
14:18:54	19.09	0.01	11	20999	买盘
14:18:51	19.08	-0.01	10	19080	卖盘
14:18:42	19.09	--	53	101177	买盘
14:18:39	19.09	0.01	12	22908	买盘
14:18:36	19.08	--	4	7631	卖盘
14:18:27	19.08	-0.01	25	47699	卖盘
14:18:24	19.09	--	17	32453	买盘
14:18:18	19.09	--	46	87814	买盘
14:18:15	19.09	--	60	114540	买盘
14:18:12	19.09	0.01	6	11454	买盘
14:18:09	19.08	-0.01	9	17172	卖盘
14:18:06	19.09	--	2	3818	买盘
14:18:03	19.09	--	4	7636	买盘
14:18:00	19.09	--	232	442888	买盘
14:17:57	19.09	--	24	45816	买盘
14:17:54	19.09	0.01	30	57270	买盘
14:17:45	19.08	-0.01	10	19080	卖盘
14:17:36	19.09	0.01	50	95450	买盘
14:17:24	19.08	-0.01	1	1907	卖盘
14:17:15	19.09	0.01	14	26726	买盘
14:17:12	19.08	--	13	24803	卖盘
14:17:06	19.08	--	16	30527	卖盘
14:17:03	19.08	0.01	3	5723	买盘
14:17:00	19.07	--	39	74373	卖盘
14:16:57	19.07	--	10	19070	卖盘
14:16:51	19.07	-0.01	66	125862	卖盘
14:16:45	19.08	0.01	84	160272	买盘
14:16:42	19.07	--	111	211677	卖盘
14:16:39	19.07	--	138	263166	卖盘
14:16:36	19.07	--	42	80094	卖盘
14:16:27	19.07	--	10	19070	卖盘
14:16:24	19.07	-0.01	105	200235	买盘
14:16:18	19.08	0.01	110	209879	买盘
14:16:15	19.07	--	85	162095	卖盘
14:16:12	19.07	-0.01	60	114420	卖盘
14:16:06	19.08	--	1	1907	买盘
14:16:00	19.08	--	21	40068	卖盘
14:15:57	19.08	--	10	19080	卖盘
14:15:54	19.08	-0.01	6	11447	卖盘
14:15:51	19.09	0.01	98	187082	买盘
14:15:48	19.08	-0.01	52	99215	卖盘
14:15:45	19.09	--	2	3818	买盘
14:15:39	19.09	--	3	5727	买盘
14:15:36	19.09	--	12	22908	卖盘
14:15:33	19.09	--	10	19090	卖盘
14:15:24	19.09	--	10	19090	卖盘
14:15:21	19.09	--	9	17181	卖盘
14:15:18	19.09	--	59	112631	卖盘
14:15:15	19.09	--	4	7636	卖盘
14:15:12	19.09	-0.01	21	40089	卖盘
14:15:03	19.1	--	6	11460	卖盘
14:15:00	19.1	--	13	24830	卖盘
14:14:57	19.1	-0.01	6	11460	卖盘
14:14:54	19.11	0.01	148	282828	买盘
14:14:51	19.1	-0.01	21	40110	卖盘
14:14:48	19.11	0.01	22	42042	买盘
14:14:45	19.1	-0.01	10	19100	卖盘
14:14:42	19.11	0.01	46	87906	买盘
14:14:36	19.1	--	27	51570	卖盘
14:14:30	19.1	-0.01	30	57300	卖盘
14:14:21	19.11	0.01	67	128037	买盘
14:14:18	19.1	-0.01	10	19100	卖盘
14:14:12	19.11	--	16	30576	买盘
14:14:09	19.11	--	12	22932	卖盘
14:14:06	19.11	-0.01	39	74529	卖盘
14:14:03	19.12	--	50	95600	买盘
14:14:00	19.12	0.01	14	26768	买盘
14:13:57	19.11	-0.01	5	9555	卖盘
14:13:54	19.12	0.01	80	152960	买盘
14:13:51	19.11	--	10	19110	卖盘
14:13:48	19.11	-0.01	48	91728	卖盘
14:13:36	19.12	--	174	332688	卖盘
14:13:33	19.12	--	9	17208	卖盘
14:13:30	19.12	--	24	45888	卖盘
14:13:24	19.12	--	10	19120	卖盘
14:13:06	19.12	-0.03	20	38240	卖盘
14:12:54	19.15	0.03	21	40215	买盘
14:12:51	19.12	-0.03	349	667288	卖盘
14:12:48	19.15	--	10	19150	买盘
14:12:45	19.15	--	2	3829	买盘
14:12:42	19.15	--	4	7659	买盘
14:12:39	19.15	--	4	8751	卖盘
14:12:36	19.15	--	150	287250	卖盘
14:12:24	19.15	--	44	84260	卖盘
14:12:18	19.15	--	32	61279	卖盘
14:12:12	19.15	--	0	823	卖盘
14:12:09	19.15	--	7	13404	卖盘
14:11:57	19.15	--	19	36385	卖盘
14:11:54	19.15	-0.01	71	135965	卖盘
14:11:45	19.16	--	5	9580	买盘
14:11:30	19.16	--	1	1916	买盘
14:11:27	19.16	--	5	9580	买盘
14:11:24	19.16	--	2	3832	买盘
14:11:12	19.16	--	13	24908	买盘
14:11:06	19.16	-0.01	23	44068	卖盘
14:11:03	19.17	0.01	100	191700	买盘
14:11:00	19.16	--	35	67060	卖盘
14:10:51	19.16	--	10	19160	卖盘
14:10:39	19.16	0.01	4	7664	买盘
14:10:36	19.15	--	3	5745	卖盘
14:10:33	19.15	-0.01	24	45960	卖盘
14:10:30	19.16	--	32	61312	买盘
14:10:27	19.16	--	3	5748	买盘
14:10:18	19.16	0.01	70	134120	买盘
14:10:12	19.15	-0.01	1	1914	卖盘
14:10:09	19.16	0.01	45	86220	买盘
14:10:06	19.15	--	25	47875	卖盘
14:10:03	19.15	-0.01	20	38300	卖盘
14:10:00	19.16	0.01	8	15328	买盘
14:09:54	19.15	-0.01	19	36385	卖盘
14:09:48	19.16	0.01	6	11496	买盘
14:09:42	19.15	-0.01	4	7659	卖盘
14:09:36	19.16	0.01	5	9580	买盘
14:09:33	19.15	-0.01	3	5745	卖盘
14:09:09	19.16	0.01	8	15328	买盘
14:08:57	19.15	--	10	19150	卖盘
14:08:51	19.15	-0.02	1	1914	卖盘
14:08:48	19.17	0.02	7	13419	买盘
14:08:45	19.15	-0.01	24	45960	卖盘
14:08:39	19.16	--	18	34488	买盘
14:08:33	19.16	-0.01	41	78556	卖盘
14:08:30	19.17	--	10	19170	买盘
14:08:21	19.17	0.01	12	23004	买盘
14:08:18	19.16	--	33	63228	卖盘
14:08:12	19.16	--	1	1916	卖盘
14:08:09	19.16	-0.01	3	5748	卖盘
14:08:03	19.17	0.01	5	9585	买盘
14:07:51	19.16	--	23	44068	卖盘
14:07:45	19.16	--	8	15328	卖盘
14:07:33	19.16	-0.01	60	114960	卖盘
14:07:27	19.17	--	14	26838	买盘
14:07:18	19.17	--	12	23004	买盘
14:07:15	19.17	0.01	1	1917	买盘
14:07:12	19.16	-0.01	3	5748	卖盘
14:07:09	19.17	--	50	95850	买盘
14:07:06	19.17	--	3	5751	卖盘
14:07:03	19.17	--	82	157194	卖盘
14:06:54	19.17	--	5	9585	卖盘
14:06:30	19.17	-0.01	15	28755	卖盘
14:06:24	19.18	0.01	5	9590	买盘
14:06:12	19.17	--	24	46008	卖盘
14:06:06	19.17	--	27	51759	卖盘
14:05:48	19.17	--	20	38340	卖盘
14:05:42	19.17	0.01	32	61344	买盘
14:05:39	19.16	--	20	38320	卖盘
14:05:33	19.16	-0.01	25	47900	卖盘
14:05:27	19.17	0.01	5	9585	买盘
14:05:24	19.16	-0.01	1	1916	卖盘
14:05:21	19.17	0.01	6	11502	买盘
14:05:09	19.16	-0.01	10	19160	卖盘
14:04:51	19.17	0.01	10	19170	买盘
14:04:48	19.16	-0.01	11	21076	卖盘
14:04:45	19.17	0.01	40	76680	买盘
14:04:39	19.16	-0.01	2	3832	卖盘
14:04:36	19.17	0.01	5	9585	买盘
14:04:30	19.16	-0.01	21	40236	卖盘
14:04:24	19.17	--	1	1917	买盘
14:04:18	19.17	--	3	5751	买盘
14:04:06	19.17	--	10	19170	买盘
14:04:03	19.17	0.01	5	9585	买盘
14:03:57	19.16	-0.01	5	9580	卖盘
14:03:51	19.17	--	100	191700	买盘
14:03:30	19.17	0.01	74	141858	买盘
14:03:21	19.16	-0.01	3	5748	卖盘
14:03:12	19.17	0.01	14	26838	买盘
14:03:09	19.16	-0.01	5	9580	卖盘
14:03:06	19.17	--	5	9585	买盘
14:03:00	19.17	0.01	20	38340	买盘
14:02:54	19.16	-0.01	34	65144	卖盘
14:02:51	19.17	--	6	11502	买盘
14:02:48	19.17	--	7	13419	买盘
14:02:36	19.17	--	80	153360	买盘
14:02:30	19.17	0.01	3	5751	买盘
14:02:24	19.16	--	15	28740	买盘
14:02:21	19.16	--	3	5748	买盘
14:02:12	19.16	--	3	5748	买盘
14:02:00	19.16	0.01	26	49816	买盘
14:01:57	19.15	--	10	19150	卖盘
14:01:54	19.15	-0.01	1	1914	卖盘
14:01:51	19.16	--	1	1916	买盘
14:01:48	19.16	0.01	10	19160	买盘
14:01:45	19.15	-0.01	31	59364	卖盘
14:01:30	19.16	--	354	678264	买盘
14:01:27	19.16	0.01	19	36404	买盘
14:01:24	19.15	-0.01	5	9575	卖盘
14:01:21	19.16	0.01	12	22992	买盘
14:01:18	19.15	--	6	11490	卖盘
14:01:09	19.15	-0.01	1	1914	卖盘
14:01:03	19.16	--	10	19160	买盘
14:00:57	19.16	--	58	111128	买盘
14:00:54	19.16	0.01	16	30656	买盘
14:00:45	19.15	-0.01	23	44045	卖盘
14:00:39	19.16	0.01	50	95800	买盘
14:00:33	19.15	--	21	40215	卖盘
14:00:30	19.15	--	8	15319	卖盘
14:00:27	19.15	--	3	5745	卖盘
14:00:24	19.15	--	4	7659	卖盘
14:00:15	19.15	--	44	84260	卖盘
14:00:12	19.15	0.01	33	63194	买盘
14:00:09	19.14	--	1	1914	卖盘
14:00:06	19.14	-0.01	12	22968	卖盘
14:00:00	19.15	0.01	100	191500	买盘
13:59:51	19.14	-0.01	11	21054	卖盘
13:59:42	19.15	0.01	2	3829	买盘
13:59:39	19.14	--	19	36366	卖盘
13:59:27	19.14	--	10	19140	卖盘
13:59:12	19.14	--	1	1914	卖盘
13:59:09	19.14	-0.01	10	19140	卖盘
13:59:06	19.15	0.01	5	9575	买盘
13:58:57	19.14	--	16	30624	卖盘
13:58:51	19.14	--	1	1914	卖盘
13:58:42	19.14	--	3	5742	卖盘
13:58:33	19.14	-0.01	10	19140	卖盘
13:58:30	19.15	0.01	3	5745	买盘
13:58:24	19.14	-0.01	5	9570	卖盘
13:58:21	19.15	0.01	13	24894	买盘
13:58:18	19.14	0.01	5	9570	买盘
13:58:15	19.13	-0.01	1	1913	卖盘
13:58:12	19.14	--	35	66990	买盘
13:58:09	19.14	-0.01	3	5742	买盘
13:57:54	19.15	0.01	25	47875	买盘
13:57:51	19.14	--	10	19140	卖盘
13:57:48	19.14	-0.01	12	22968	卖盘
13:57:45	19.15	0.01	10	19150	买盘
13:57:42	19.14	--	5	9570	卖盘
13:57:39	19.14	--	2	3828	卖盘
13:57:30	19.14	0.01	1	1914	卖盘
13:57:27	19.13	--	1	1913	卖盘
13:57:24	19.13	-0.02	5	9565	卖盘
13:57:21	19.15	0.02	207	396404	买盘
13:57:18	19.13	--	22	42086	卖盘
13:57:15	19.13	--	10	19130	卖盘
13:57:12	19.13	-0.01	24	45912	卖盘
13:57:03	19.14	0.01	26	49764	买盘
13:56:57	19.13	--	25	47825	卖盘
13:56:51	19.13	-0.01	135	258255	卖盘
13:56:45	19.14	--	11	21054	卖盘
13:56:42	19.14	-0.01	10	19140	卖盘
13:56:36	19.15	0.01	5	9575	买盘
13:56:27	19.14	--	13	24882	卖盘
13:56:24	19.14	--	10	19140	卖盘
13:56:15	19.14	--	20	38280	卖盘
13:56:06	19.14	-0.01	3	5742	卖盘
13:56:03	19.15	0.01	15	28724	买盘
13:56:00	19.14	-0.01	24	45936	卖盘
13:55:54	19.15	--	3	5745	买盘
13:55:51	19.15	--	10	19150	买盘
13:55:48	19.15	--	75	143625	买盘
13:55:45	19.15	--	20	38300	买盘
13:55:39	19.15	--	12	22980	买盘
13:55:30	19.15	--	44	84260	卖盘
13:55:27	19.15	--	40	76600	卖盘
13:55:18	19.15	0.01	10	19150	卖盘
13:55:15	19.14	--	29	55506	买盘
13:55:06	19.14	-0.02	174	333036	卖盘
13:54:57	19.16	--	8	15328	买盘
13:54:51	19.16	0.01	30	57480	买盘
13:54:48	19.15	--	9	17235	买盘
13:54:42	19.15	--	1	1914	买盘
13:54:36	19.15	0.01	23	44045	买盘
13:54:33	19.14	--	3	5742	卖盘
13:54:30	19.14	--	10	19140	卖盘
13:54:27	19.14	-0.01	11	21054	卖盘
13:54:24	19.15	0.01	32	61279	买盘
13:54:21	19.14	--	1	1914	卖盘
13:54:18	19.14	-0.02	15	28710	卖盘
13:54:15	19.16	0.02	76	145616	买盘
13:54:09	19.14	-0.01	22	42108	卖盘
13:54:06	19.15	--	5	9575	卖盘
13:54:03	19.15	--	17	32554	卖盘
13:53:54	19.15	--	23	44045	卖盘
13:53:51	19.15	0.01	14	26809	中性盘
13:53:48	19.14	-0.01	39	74646	卖盘
13:53:45	19.15	--	3	5745	卖盘
13:53:42	19.15	--	12	22980	卖盘
13:53:36	19.15	--	2	3829	卖盘
13:53:33	19.15	0.01	1	1914	卖盘
13:53:24	19.14	--	5	9570	卖盘
13:53:21	19.14	-0.01	10	19140	卖盘
13:53:15	19.15	--	48	91920	买盘
13:53:12	19.15	0.01	10	19150	买盘
13:53:09	19.14	-0.01	3	5742	卖盘
13:53:06	19.15	0.01	32	61279	买盘
13:53:03	19.14	--	10	19140	卖盘
13:52:51	19.14	-0.01	3	5742	卖盘
13:52:48	19.15	--	10	19150	卖盘
13:52:45	19.15	--	118	225969	卖盘
13:52:39	19.15	--	20	38300	卖盘
13:52:30	19.15	-0.01	42	80430	卖盘
13:52:27	19.16	--	1	1916	买盘
13:52:24	19.16	0.01	53	101548	买盘
13:52:21	19.15	-0.01	9	17235	卖盘
13:52:12	19.16	--	17	32572	买盘
13:52:09	19.16	--	33	63228	卖盘
13:52:03	19.16	-0.01	29	55564	卖盘
13:52:00	19.17	0.01	7	13419	买盘
13:51:54	19.16	--	6	11496	卖盘
13:51:51	19.16	--	19	36404	卖盘
13:51:48	19.16	--	8	15328	卖盘
13:51:33	19.16	--	88	168608	买盘
13:51:30	19.16	0.01	20	38320	买盘
13:51:27	19.15	--	19	36385	卖盘
13:51:24	19.15	--	21	40215	卖盘
13:51:21	19.15	--	17	32554	卖盘
13:51:18	19.15	-0.01	6	11490	卖盘
13:51:12	19.16	0.01	20	38320	买盘
13:51:09	19.15	--	10	19150	卖盘
13:51:06	19.15	--	29	55534	卖盘
13:50:57	19.15	-0.01	5	9575	卖盘
13:50:36	19.16	--	24	45984	卖盘
13:50:33	19.16	-0.01	170	325720	卖盘
13:50:30	19.17	--	40	76680	买盘
13:50:27	19.17	--	98	187866	卖盘
13:50:24	19.17	--	41	78597	卖盘
13:50:18	19.17	-0.01	1	1917	卖盘
13:50:12	19.18	--	2	3836	买盘
13:50:06	19.18	--	5	9590	买盘
13:50:03	19.18	--	50	95900	卖盘
13:49:57	19.18	-0.01	2	3836	卖盘
13:49:54	19.19	--	4	7676	买盘
13:49:45	19.19	--	15	28785	卖盘
13:49:39	19.19	--	13	24947	卖盘
13:49:27	19.19	--	138	264822	卖盘
13:49:24	19.19	-0.01	89	170791	卖盘
13:49:18	19.2	--	18	34560	买盘
13:49:12	19.2	0.01	10	19200	买盘
13:49:06	19.19	--	10	19190	卖盘
13:49:03	19.19	-0.01	20	38380	卖盘
13:48:57	19.2	--	4	7680	买盘
13:48:33	19.2	--	21	40320	卖盘
13:48:27	19.2	--	10	19200	卖盘
13:48:24	19.2	--	1	1920	卖盘
13:48:18	19.2	--	49	94080	卖盘
13:48:15	19.2	--	5	9600	卖盘
13:48:12	19.2	-0.01	19	36480	卖盘
13:48:06	19.21	0.01	18	34578	买盘
13:48:03	19.2	--	12	23040	卖盘
13:47:57	19.2	-0.01	9	17280	卖盘
13:47:54	19.21	0.01	4	7684	买盘
13:47:51	19.2	-0.01	12	23040	卖盘
13:47:42	19.21	--	17	32657	买盘
13:47:33	19.21	0.01	20	38420	买盘
13:47:30	19.2	-0.01	24	46080	卖盘
13:47:24	19.21	--	3	5763	买盘
13:47:18	19.21	--	13	24973	买盘
13:47:15	19.21	--	68	130628	卖盘
13:47:12	19.21	--	3	5763	卖盘
13:47:06	19.21	--	23	44183	卖盘
13:47:03	19.21	0.01	60	115260	买盘
13:46:54	19.2	-0.01	1	1920	中性盘
13:46:51	19.21	0.02	21	40341	买盘
13:46:45	19.19	--	5	9595	卖盘
13:46:42	19.19	-0.01	5	9595	卖盘
13:46:36	19.2	--	1	1920	买盘
13:46:33	19.2	-0.01	10	19200	中性盘
13:46:30	19.21	0.01	249	478329	买盘
13:46:27	19.2	--	5	9600	买盘
13:46:24	19.2	--	18	34560	买盘
13:46:15	19.2	--	12	23040	卖盘
13:46:09	19.2	--	5	9600	卖盘
13:46:03	19.2	--	94	180480	买盘
13:46:00	19.2	--	6	11520	买盘
13:45:57	19.2	--	12	23040	买盘
13:45:54	19.2	--	69	132480	买盘
13:45:45	19.2	--	10	19200	买盘
13:45:27	19.2	0.01	20	38400	买盘
13:45:21	19.19	-0.01	2	3838	卖盘
13:45:15	19.2	0.01	100	192000	买盘
13:45:12	19.19	--	7	13433	卖盘
13:45:06	19.19	-0.01	176	337744	卖盘
13:44:54	19.2	--	2	3840	买盘
13:44:51	19.2	0.01	131	251520	买盘
13:44:48	19.19	-0.01	3	5757	卖盘
13:44:45	19.2	--	22	42240	买盘
13:44:39	19.2	--	2	3840	买盘
13:44:33	19.2	--	3	5760	买盘
13:44:24	19.2	--	30	57600	买盘
13:44:21	19.2	--	3	5760	买盘
13:44:09	19.2	0.01	100	192000	买盘
13:44:06	19.19	--	1	1919	卖盘
13:44:03	19.19	-0.01	1	1919	卖盘
13:43:57	19.2	0.01	69	132480	买盘
13:43:48	19.19	--	5	9595	卖盘
13:43:39	19.19	--	14	26866	卖盘
13:43:36	19.19	--	12	23028	卖盘
13:43:33	19.19	--	1	1919	卖盘
13:43:30	19.19	--	5	9595	卖盘
13:43:27	19.19	--	3	5757	卖盘
13:43:24	19.19	-0.01	160	307040	卖盘
13:43:18	19.2	--	10	19200	买盘
13:43:15	19.2	0.01	2	3840	买盘
13:43:12	19.19	--	34	65246	买盘
13:43:09	19.19	--	5	9595	买盘
13:43:03	19.19	--	10	19190	买盘
13:42:57	19.19	--	104	199576	买盘
13:42:54	19.19	0.01	400	767600	买盘
13:42:51	19.18	--	10	19180	卖盘
13:42:48	19.18	--	6	11508	卖盘
13:42:45	19.18	-0.01	27	51786	卖盘
13:42:42	19.19	0.01	35	67165	买盘
13:42:36	19.18	--	10	19180	卖盘
13:42:33	19.18	--	13	24934	卖盘
13:42:24	19.18	--	361	692398	买盘
13:42:21	19.18	--	3	5754	买盘
13:42:18	19.18	--	14	26852	买盘
13:42:15	19.18	0.01	20	38360	买盘
13:42:12	19.17	--	9	17253	卖盘
13:42:09	19.17	-0.01	74	141858	卖盘
13:42:03	19.18	--	5	9590	买盘
13:42:00	19.18	--	1	1918	买盘
13:41:51	19.18	--	31	59458	卖盘
13:41:48	19.18	--	5	9590	卖盘
13:41:45	19.18	--	12	23016	买盘
13:41:39	19.18	--	48	92064	买盘
13:41:30	19.18	--	5	9590	买盘
13:41:27	19.18	--	54	103572	卖盘
13:41:24	19.18	--	20	38360	卖盘
13:41:21	19.18	0.01	2	3836	买盘
13:41:18	19.17	--	100	191700	卖盘
13:41:15	19.17	--	5	9585	卖盘
13:41:12	19.17	-0.01	70	134190	卖盘
13:41:09	19.18	0.01	24	46032	买盘
13:41:06	19.17	--	5	9585	卖盘
13:41:00	19.17	--	39	74763	卖盘
13:40:57	19.17	--	9	17253	卖盘
13:40:54	19.17	--	65	124605	卖盘
13:40:48	19.17	--	8	15336	卖盘
13:40:42	19.17	--	7	13419	卖盘
13:40:39	19.17	-0.01	18	34506	卖盘
13:40:24	19.18	--	35	67130	买盘
13:40:21	19.18	--	157	301126	卖盘
13:40:12	19.18	-0.01	33	63294	卖盘
13:40:06	19.19	--	150	287850	买盘
13:40:03	19.19	0.01	3	5757	买盘
13:39:57	19.18	--	2	3836	卖盘
13:39:51	19.18	-0.01	23	44114	卖盘
13:39:45	19.19	--	10	19190	买盘
13:39:42	19.19	--	58	111302	卖盘
13:39:39	19.19	--	9	17271	卖盘
13:39:36	19.19	-0.01	21	40299	卖盘
13:39:33	19.2	0.01	32	61440	买盘
13:39:30	19.19	--	15	28785	卖盘
13:39:27	19.19	--	18	34542	卖盘
13:39:12	19.19	--	22	42218	卖盘
13:39:09	19.19	--	12	23028	卖盘
13:39:06	19.19	0.01	11	21109	买盘
13:38:57	19.18	--	2	3836	卖盘
13:38:54	19.18	-0.01	51	97818	卖盘
13:38:36	19.19	--	99	189981	卖盘
13:38:33	19.19	--	1	1919	卖盘
13:38:24	19.19	-0.01	4	7676	卖盘
13:38:09	19.2	--	36	69120	买盘
13:38:06	19.2	--	5	9600	买盘
13:37:48	19.2	0.01	30	57600	买盘
13:37:45	19.19	-0.01	20	38380	卖盘
13:37:42	19.2	0.01	53	101760	买盘
13:37:39	19.19	-0.01	2	3838	卖盘
13:37:36	19.2	0.01	168	322560	买盘
13:37:30	19.19	--	12	23028	卖盘
13:37:27	19.19	--	2	3838	卖盘
13:37:24	19.19	--	32	61408	卖盘
13:37:21	19.19	--	10	19190	卖盘
13:37:18	19.19	-0.01	12	23028	卖盘
13:37:15	19.2	0.01	40	76800	买盘
13:37:12	19.19	--	2	3838	卖盘
13:37:06	19.19	0.01	102	195738	买盘
13:37:03	19.18	--	4	7672	卖盘
13:37:00	19.18	--	5	9590	卖盘
13:36:54	19.18	--	15	28770	买盘
13:36:48	19.18	0.01	5	9590	买盘
13:36:42	19.17	-0.03	15	28755	卖盘
13:36:27	19.2	0.03	43	82560	买盘
13:36:24	19.17	-0.01	10	19170	卖盘
13:36:21	19.18	0.01	3	5754	买盘
13:36:12	19.17	-0.01	16	30672	卖盘
13:36:06	19.18	--	16	30688	卖盘
13:36:03	19.18	-0.02	10	19180	卖盘
13:35:51	19.2	--	13	24960	卖盘
13:35:48	19.2	--	4	7680	卖盘
13:35:45	19.2	--	61	117120	卖盘
13:35:42	19.2	--	4	7680	卖盘
13:35:39	19.2	--	38	72960	卖盘
13:35:36	19.2	--	2	3840	卖盘
13:35:27	19.2	--	24	46080	卖盘
13:35:21	19.2	--	12	23040	卖盘
13:35:18	19.2	--	2	3840	卖盘
13:35:09	19.2	--	1	1920	卖盘
13:34:57	19.2	--	5	9600	卖盘
13:34:54	19.2	--	34	65280	买盘
13:34:48	19.2	0.02	13	24960	买盘
13:34:42	19.18	--	5	9590	卖盘
13:34:36	19.18	-0.03	8	15344	中性盘
13:34:33	19.21	--	30	58744	卖盘
13:34:30	19.21	0.01	69	133355	买盘
13:34:24	19.2	0.02	41	78720	买盘
13:34:15	19.18	-0.02	26	49868	卖盘
13:34:12	19.2	-0.01	11	21120	中性盘
13:34:06	19.21	0.01	80	153680	买盘
13:34:03	19.2	--	3	5760	买盘
13:33:54	19.2	-0.01	14	26880	中性盘
13:33:48	19.21	0.01	14	26894	买盘
13:33:45	19.2	-0.01	16	30720	卖盘
13:33:39	19.21	0.01	4	7684	买盘
13:33:36	19.2	-0.01	10	19200	卖盘
13:33:33	19.21	0.01	31	59551	买盘
13:33:27	19.2	--	43	82560	买盘
13:33:24	19.2	--	11	21120	买盘
13:33:15	19.2	--	60	115200	卖盘
13:33:09	19.2	--	15	28800	卖盘
13:33:03	19.2	0.03	81	155520	买盘
13:32:57	19.17	--	5	9585	卖盘
13:32:51	19.17	--	9	17253	卖盘
13:32:36	19.17	-0.03	57	109269	卖盘
13:32:33	19.2	--	56	107520	买盘
13:32:30	19.2	--	6	11520	买盘
13:32:18	19.2	--	2	3840	买盘
13:32:12	19.2	0.02	15	28800	买盘
13:32:09	19.18	-0.03	10	19180	中性盘
13:32:00	19.21	0.03	100	192100	买盘
13:31:45	19.18	-0.02	33	63294	卖盘
13:31:39	19.2	--	2	3840	买盘
13:31:27	19.2	-0.01	3	5760	中性盘
13:31:18	19.21	--	5	9605	买盘
13:31:15	19.21	--	38	74112	卖盘
13:31:09	19.21	0.01	10	20016	买盘
13:31:06	19.2	-0.02	49	95193	卖盘
13:31:03	19.22	0.01	10	19220	买盘
13:31:00	19.21	--	23	44183	卖盘
13:30:57	19.21	--	25	48025	卖盘
13:30:54	19.21	--	8	15368	卖盘
13:30:51	19.21	--	30	57630	卖盘
13:30:48	19.21	--	82	157522	卖盘
13:30:45	19.21	--	341	655061	卖盘
13:30:42	19.21	--	1	1921	卖盘
13:30:39	19.21	--	105	201705	卖盘
13:30:33	19.21	--	5	9605	卖盘
13:30:30	19.21	--	100	192100	卖盘
13:30:24	19.21	-0.01	75	144075	卖盘
13:30:12	19.22	0.01	7	13454	买盘
13:30:09	19.21	--	21	40341	卖盘
13:30:03	19.21	--	1	1921	卖盘
13:29:51	19.21	-0.01	10	19210	卖盘
13:29:48	19.22	--	19	36518	卖盘
13:29:45	19.22	--	14	26908	卖盘
13:29:42	19.22	--	7	13454	卖盘
13:29:39	19.22	--	78	149916	买盘
13:29:36	19.22	--	17	32673	买盘
13:29:33	19.22	0.01	2	3844	买盘
13:29:30	19.21	-0.01	400	768400	卖盘
13:29:24	19.22	--	54	103788	卖盘
13:29:21	19.22	-0.01	5	9610	卖盘
13:29:15	19.23	0.01	4	7692	买盘
13:29:12	19.22	-0.01	61	117242	卖盘
13:29:09	19.23	--	18	34614	买盘
13:29:06	19.23	--	5	9615	买盘
13:29:00	19.23	--	9	17307	卖盘
13:28:57	19.23	-0.01	87	167301	卖盘
13:28:54	19.24	--	3	5771	买盘
13:28:51	19.24	0.01	51	98123	买盘
13:28:48	19.23	-0.01	84	161532	卖盘
13:28:45	19.24	--	8	15391	买盘
13:28:42	19.24	--	8	15391	买盘
13:28:39	19.24	0.01	20	38480	买盘
13:28:36	19.23	--	5	9615	卖盘
13:28:30	19.23	-0.01	3	5769	中性盘
13:28:24	19.24	0.02	42	80808	买盘
13:28:15	19.22	--	6	11532	卖盘
13:28:09	19.22	--	3	5766	买盘
13:28:06	19.22	0.01	16	30752	买盘
13:27:57	19.21	-0.02	9	17289	卖盘
13:27:54	19.23	0.02	100	192300	买盘
13:27:51	19.21	-0.02	11	21131	卖盘
13:27:48	19.23	0.02	75	144225	买盘
13:27:45	19.21	0.04	542	1041988	买盘
13:27:39	19.17	-0.01	60	115020	卖盘
13:27:36	19.18	0.01	8	15344	买盘
13:27:33	19.17	-0.01	2	3834	卖盘
13:27:30	19.18	0.01	17	32606	买盘
13:27:27	19.17	-0.01	87	166779	卖盘
13:27:24	19.18	0.01	25	47950	买盘
13:27:18	19.17	-0.01	3	5751	卖盘
13:27:15	19.18	--	12	23016	买盘
13:27:12	19.18	--	5	9590	买盘
13:27:09	19.18	0.01	11	21098	买盘
13:27:00	19.17	0.01	33	63261	买盘
13:26:57	19.16	-0.01	35	67060	卖盘
13:26:54	19.17	--	7	13419	买盘
13:26:45	19.17	0.01	6	11502	买盘
13:26:42	19.16	-0.01	5	9580	卖盘
13:26:39	19.17	--	60	115020	买盘
13:26:36	19.17	--	10	19170	买盘
13:26:33	19.17	--	5	9585	买盘
13:26:30	19.17	0.01	8	15336	买盘
13:26:24	19.16	-0.01	5	9580	卖盘
13:26:21	19.17	--	5	9585	买盘
13:26:18	19.17	0.02	8	15336	买盘
13:26:12	19.15	-0.01	5	9575	卖盘
13:26:09	19.16	0.01	1	1916	中性盘
13:26:03	19.15	--	18	34470	卖盘
13:25:57	19.15	--	12	22980	卖盘
13:25:54	19.15	--	3	5745	买盘
13:25:51	19.15	--	17	32554	卖盘
13:25:48	19.15	--	7	13404	买盘
13:25:45	19.15	--	3	5745	卖盘
13:25:42	19.15	--	70	134050	卖盘
13:25:36	19.15	--	58	111069	卖盘
13:25:30	19.15	--	39	74685	卖盘
13:25:27	19.15	0.01	8	15319	中性盘
13:25:18	19.14	-0.05	9	17226	卖盘
13:25:15	19.19	0.01	260	498940	买盘
13:25:12	19.18	--	55	105490	买盘
13:25:09	19.18	0.04	20	38360	买盘
13:25:03	19.14	-0.04	8	15312	卖盘
13:24:54	19.18	0.05	1	1918	买盘
13:24:51	19.13	-0.08	304	581552	卖盘
13:24:48	19.21	0.02	300	576300	买盘
13:24:45	19.19	--	2	3838	卖盘
13:24:36	19.19	-0.01	11	21109	卖盘
13:24:30	19.2	--	10	19200	买盘
13:24:27	19.2	--	23	44160	卖盘
13:24:24	19.2	--	60	115200	卖盘
13:24:21	19.2	-0.01	99	190080	卖盘
13:24:18	19.21	--	131	251651	买盘
13:24:15	19.21	--	49	94129	买盘
13:24:06	19.21	0.01	5	9605	中性盘
13:24:00	19.2	-0.01	56	107520	卖盘
13:23:57	19.21	--	31	59551	卖盘
13:23:54	19.21	--	103	197863	卖盘
13:23:51	19.21	--	14	26894	卖盘
13:23:48	19.21	--	18	34578	卖盘
13:23:45	19.21	--	8	15368	卖盘
13:23:42	19.21	--	1	1921	卖盘
13:23:39	19.21	--	23	44183	卖盘
13:23:36	19.21	--	44	84524	买盘
13:23:27	19.21	--	42	80682	卖盘
13:23:24	19.21	--	29	55709	卖盘
13:23:21	19.21	--	5	9605	卖盘
13:23:18	19.21	--	11	21131	卖盘
13:23:15	19.21	--	10	19210	卖盘
13:23:12	19.21	--	5	9605	卖盘
13:23:09	19.21	--	25	48025	卖盘
13:23:06	19.21	--	77	147917	买盘
13:23:03	19.21	--	19	36499	卖盘
13:23:00	19.21	--	13	24973	卖盘
13:22:51	19.21	0.01	80	153680	买盘
13:22:48	19.2	--	24	46080	卖盘
13:22:45	19.2	-0.01	60	115200	卖盘
13:22:42	19.21	--	19	36499	买盘
13:22:39	19.21	0.01	24	46104	买盘
13:22:36	19.2	-0.01	5	9600	卖盘
13:22:30	19.21	0.01	17	32657	买盘
13:22:27	19.2	-0.01	11	21120	卖盘
13:22:24	19.21	--	13	24973	买盘
13:22:21	19.21	--	1	1921	买盘
13:22:18	19.21	0.01	2	3842	买盘
13:22:15	19.2	-0.01	25	48000	卖盘
13:22:12	19.21	--	10	19210	买盘
13:22:09	19.21	0.01	28	53788	买盘
13:22:06	19.2	--	13	24960	卖盘
13:22:03	19.2	--	32	61440	卖盘
13:22:00	19.2	--	10	19200	卖盘
13:21:54	19.2	--	60	115200	买盘
13:21:51	19.2	0.01	36	69120	买盘
13:21:45	19.19	-0.01	45	86355	卖盘
13:21:42	19.2	--	3	5760	买盘
13:21:39	19.2	--	5	9600	买盘
13:21:36	19.2	--	8	15360	买盘
13:21:33	19.2	--	42	80640	卖盘
13:21:30	19.2	-0.01	8	15360	卖盘
13:21:27	19.21	--	35	67235	买盘
13:21:24	19.21	0.01	18	34578	买盘
13:21:21	19.2	--	8	15360	卖盘
13:21:09	19.2	-0.02	8	15360	卖盘
13:21:00	19.22	--	25	48050	买盘
13:20:57	19.22	0.01	32	61504	买盘
13:20:54	19.21	--	5	9605	卖盘
13:20:51	19.21	-0.01	50	96050	卖盘
13:20:45	19.22	-0.01	76	146072	中性盘
13:20:42	19.23	--	42	80766	买盘
13:20:39	19.23	-0.01	23	44229	卖盘
13:20:36	19.24	--	19	36556	买盘
13:20:33	19.24	0.01	7	13467	买盘
13:20:30	19.23	-0.01	63	121149	卖盘
13:20:27	19.24	-0.01	16	30783	买盘
13:20:24	19.25	--	220	423500	买盘
13:20:21	19.25	0.01	231	444675	买盘
13:20:18	19.24	-0.02	89	171236	卖盘
13:20:15	19.26	0.01	193	371718	买盘
13:20:09	19.25	0.01	419	806575	买盘
13:20:06	19.24	--	26	50023	卖盘
13:20:03	19.24	--	27	51947	卖盘
13:20:00	19.24	--	101	194323	买盘
13:19:57	19.24	-0.01	23	44252	卖盘
13:19:54	19.25	--	47	90475	买盘
13:19:51	19.25	0.01	50	96250	买盘
13:19:48	19.24	--	9	17316	买盘
13:19:45	19.24	0.01	59	113515	买盘
13:19:39	19.23	-0.01	20	38460	卖盘
13:19:36	19.24	0.03	9	17316	买盘
13:19:33	19.21	-0.02	12	23052	卖盘
13:19:30	19.23	--	25	48075	买盘
13:19:27	19.23	--	40	76920	买盘
13:19:24	19.23	0.03	10	19230	买盘
13:19:21	19.2	-0.02	133	255360	卖盘
13:19:18	19.22	0.02	276	530472	买盘
13:19:15	19.2	--	635	1219200	买盘
13:19:12	19.2	0.01	753	1445760	买盘
13:19:09	19.19	-0.01	42	80598	卖盘
13:19:06	19.2	--	109	209280	买盘
13:19:03	19.2	--	30	57600	买盘
13:18:57	19.2	0.01	53	101760	买盘
13:18:54	19.19	--	111	213009	买盘
13:18:51	19.19	--	108	207252	买盘
13:18:48	19.19	--	20	38380	买盘
13:18:45	19.19	--	38	72922	买盘
13:18:42	19.19	--	34	65246	买盘
13:18:39	19.19	--	64	122816	买盘
13:18:36	19.19	--	30	57570	买盘
13:18:33	19.19	0.01	495	949905	买盘
13:18:30	19.18	0.02	25	47950	买盘
13:18:27	19.16	-0.02	113	216508	卖盘
13:18:24	19.18	0.02	456	874608	买盘
13:18:18	19.16	0.01	529	1013793	买盘
13:18:12	19.15	0.01	123	235544	买盘
13:18:09	19.14	--	25	47850	买盘
13:18:06	19.14	0.01	3	5742	买盘
13:18:03	19.13	-0.01	21	40173	卖盘
13:17:57	19.14	--	30	57420	买盘
13:17:54	19.14	0.01	5	9570	买盘
13:17:51	19.13	-0.02	1	1913	卖盘
13:17:36	19.15	0.02	700	1340500	买盘
13:17:30	19.13	--	35	66955	买盘
13:17:27	19.13	--	13	24869	卖盘
13:17:24	19.13	-0.01	6	11478	中性盘
13:17:21	19.14	0.01	10	19140	买盘
13:17:18	19.13	--	1	1913	买盘
13:17:15	19.13	--	7	13391	买盘
13:17:06	19.13	-0.01	13	26552	卖盘
13:17:03	19.14	0.01	19	36366	买盘
13:16:45	19.13	--	7	13391	卖盘
13:16:36	19.13	--	30	57390	卖盘
13:16:27	19.13	--	58	111183	买盘
13:16:24	19.13	0.01	52	99476	买盘
13:16:21	19.12	-0.01	1	1912	卖盘
13:16:12	19.13	0.01	65	124345	买盘
13:16:03	19.12	-0.01	5	9560	卖盘
13:16:00	19.13	--	38	72694	买盘
13:15:54	19.13	--	8	15304	买盘
13:15:51	19.13	--	6	11478	买盘
13:15:45	19.13	--	28	53564	卖盘
13:15:42	19.13	--	1	1913	卖盘
13:15:36	19.13	-0.01	15	28695	卖盘
13:15:33	19.14	0.01	32	61248	买盘
13:15:30	19.13	-0.01	20	38260	卖盘
13:15:27	19.14	0.01	10	19140	买盘
13:15:24	19.13	--	12	22956	卖盘
13:15:18	19.13	--	35	66955	卖盘
13:15:15	19.13	-0.01	2	3826	卖盘
13:15:09	19.14	0.01	2	3828	买盘
13:15:06	19.13	--	1	1913	卖盘
13:15:03	19.13	--	31	59303	卖盘
13:15:00	19.13	--	23	43999	卖盘
13:14:57	19.13	-0.02	59	112867	卖盘
13:14:54	19.15	0.02	96	183840	买盘
13:14:48	19.13	-0.01	10	19130	卖盘
13:14:45	19.14	--	5	9570	买盘
13:14:30	19.14	--	3	5742	买盘
13:14:27	19.14	--	21	40194	卖盘
13:14:24	19.14	-0.01	14	26796	卖盘
13:14:18	19.15	0.01	3	5745	买盘
13:14:15	19.14	-0.01	4	7656	中性盘
13:14:09	19.15	0.01	20	38300	买盘
13:14:03	19.14	-0.01	1	1914	卖盘
13:14:00	19.15	0.01	90	172350	买盘
13:13:57	19.14	-0.01	10	19140	卖盘
13:13:54	19.15	--	12	22980	卖盘
13:13:51	19.15	--	70	134050	卖盘
13:13:48	19.15	--	32	61279	买盘
13:13:42	19.15	--	1	1914	买盘
13:13:39	19.15	0.02	54	103409	买盘
13:13:36	19.13	-0.02	2	3826	卖盘
13:13:33	19.15	--	10	19150	买盘
13:13:30	19.15	--	7	13404	买盘
13:13:21	19.15	--	9	17235	买盘
13:13:09	19.15	-0.01	17	32554	卖盘
13:13:06	19.16	0.01	11	21076	买盘
13:13:00	19.15	--	6	11490	卖盘
13:12:54	19.15	0.03	382	731530	买盘
13:12:51	19.12	--	20	38240	卖盘
13:12:45	19.12	--	3	5736	卖盘
13:12:42	19.12	--	15	28680	买盘
13:12:39	19.12	-0.02	5	9560	卖盘
13:12:36	19.14	0.03	12	22968	买盘
13:12:33	19.11	-0.01	12	22932	中性盘
13:12:30	19.12	--	64	122368	买盘
13:12:27	19.12	0.01	5	9560	买盘
13:12:24	19.11	-0.01	5	9555	卖盘
13:12:21	19.12	--	10	19120	买盘
13:12:18	19.12	--	10	19120	买盘
13:12:15	19.12	-0.02	16	30592	卖盘
13:12:12	19.14	0.01	2	3828	买盘
13:12:09	19.13	-0.01	26	49738	卖盘
13:12:06	19.14	0.04	33	63162	买盘
13:12:03	19.1	-0.05	100	191000	卖盘
13:11:57	19.15	0.02	11	21065	买盘
13:11:54	19.13	--	3	5739	卖盘
13:11:51	19.13	--	45	86085	卖盘
13:11:48	19.13	--	5	9565	卖盘
13:11:42	19.13	--	23	43999	卖盘
13:11:39	19.13	--	2	3826	买盘
13:11:33	19.13	--	2	3826	卖盘
13:11:30	19.13	-0.02	10	19130	卖盘
13:11:27	19.15	0.01	9	17235	买盘
13:11:24	19.14	0.01	197	377058	买盘
13:11:21	19.13	--	25	47825	卖盘
13:11:15	19.13	--	30	57390	卖盘
13:11:12	19.13	-0.01	21	40173	卖盘
13:11:09	19.14	--	15	28710	买盘
13:11:03	19.14	--	37	70818	卖盘
13:11:00	19.14	0.01	49	93786	买盘
13:10:57	19.13	-0.01	100	191300	卖盘
13:10:54	19.14	0.01	10	19140	买盘
13:10:51	19.13	--	217	415121	卖盘
13:10:48	19.13	--	4	7652	卖盘
13:10:45	19.13	--	5	9565	卖盘
13:10:42	19.13	--	15	28695	卖盘
13:10:36	19.13	--	3	5739	卖盘
13:10:33	19.13	-0.01	13	24869	卖盘
13:10:27	19.14	0.01	1	1914	中性盘
13:10:24	19.13	-0.01	31	59303	卖盘
13:10:21	19.14	--	9	17226	卖盘
13:10:15	19.14	0.01	43	82302	买盘
13:10:12	19.13	--	1	1913	卖盘
13:10:00	19.13	--	201	384513	买盘
13:09:57	19.13	--	5	9565	买盘
13:09:54	19.13	--	20	38260	买盘
13:09:51	19.13	-0.01	13	24869	中性盘
13:09:48	19.14	--	50	95700	买盘
13:09:45	19.14	--	7	13398	买盘
13:09:42	19.14	0.01	108	206712	买盘
13:09:39	19.13	--	1	1913	卖盘
13:09:33	19.13	--	23	43999	卖盘
13:09:30	19.13	--	15	28695	卖盘
13:09:27	19.13	--	5	9565	卖盘
13:09:21	19.13	0.01	3	5739	买盘
13:09:12	19.12	-0.02	6	11472	卖盘
13:09:03	19.14	0.03	3	5742	买盘
13:09:00	19.11	-0.03	10	19110	卖盘
13:08:57	19.14	0.01	260	497640	买盘
13:08:51	19.13	--	10	19130	中性盘
13:08:42	19.13	0.03	50	95650	买盘
13:08:39	19.1	-0.03	101	192910	卖盘
13:08:36	19.13	-0.01	5	9565	中性盘
13:08:27	19.14	0.04	41	78474	买盘
13:08:24	19.1	--	44	84040	买盘
13:08:18	19.1	--	3	5730	买盘
13:08:15	19.1	--	10	19100	买盘
13:08:12	19.1	-0.03	197	376270	卖盘
13:08:06	19.13	--	64	122432	买盘
13:08:03	19.13	--	10	19130	买盘
13:07:54	19.13	0.01	10	19130	买盘
13:07:48	19.12	--	15	28680	卖盘
13:07:42	19.12	--	10	19120	卖盘
13:07:39	19.12	--	15	28680	买盘
13:07:30	19.12	0.02	14	26768	买盘
13:07:12	19.1	--	1	1910	卖盘
13:07:06	19.1	--	12	22920	卖盘
13:07:03	19.1	0.01	13	24830	买盘
13:07:00	19.09	-0.01	16	30544	卖盘
13:06:57	19.1	--	11	21010	买盘
13:06:54	19.1	--	37	70670	买盘
13:06:48	19.1	--	3	5730	买盘
13:06:45	19.1	-0.01	6	11460	买盘
13:06:42	19.11	-0.01	31	59241	卖盘
13:06:39	19.12	-0.02	3	5736	卖盘
13:06:24	19.14	0.05	34	65076	买盘
13:06:18	19.09	--	13	24817	买盘
13:06:15	19.09	-0.04	537	1025133	卖盘
13:06:06	19.13	--	2	3826	卖盘
13:06:03	19.13	--	106	202778	卖盘
13:06:00	19.13	-0.01	2	3826	卖盘
13:05:57	19.14	--	10	19140	买盘
13:05:42	19.14	--	21	40194	卖盘
13:05:36	19.14	--	5	9570	卖盘
13:05:33	19.14	--	5	9570	卖盘
13:05:27	19.14	-0.01	55	105270	中性盘
13:05:24	19.15	--	3	5745	买盘
13:05:21	19.15	--	17	32554	买盘
13:05:15	19.15	--	5	9575	买盘
13:05:12	19.15	--	33	63194	买盘
13:05:09	19.15	0.01	146	279590	买盘
13:05:06	19.14	--	23	44022	卖盘
13:05:03	19.14	--	56	107184	卖盘
13:05:00	19.14	-0.01	10	19140	卖盘
13:04:51	19.15	0.01	2	3829	买盘
13:04:45	19.14	-0.02	136	260304	卖盘
13:04:42	19.16	0.01	24	45984	买盘
13:04:39	19.15	-0.01	5	9575	卖盘
13:04:36	19.16	0.01	108	206928	买盘
13:04:33	19.15	0.01	18	34470	买盘
13:04:30	19.14	-0.01	23	44022	卖盘
13:04:18	19.15	-0.01	50	95750	卖盘
13:04:15	19.16	0.01	30	57480	买盘
13:04:12	19.15	--	20	38300	卖盘
13:04:09	19.15	--	21	40215	卖盘
13:04:06	19.15	--	4	7659	卖盘
13:04:03	19.15	-0.01	14	26809	卖盘
13:04:00	19.16	0.01	2	3832	买盘
13:03:57	19.15	--	25	47875	买盘
13:03:54	19.15	0.01	71	135965	买盘
13:03:51	19.14	-0.01	22	42108	卖盘
13:03:48	19.15	0.02	55	105324	买盘
13:03:45	19.13	-0.02	30	57390	卖盘
13:03:42	19.15	--	16	30639	买盘
13:03:39	19.15	0.01	100	191500	买盘
13:03:36	19.14	--	17	32538	买盘
13:03:33	19.14	--	5	9570	卖盘
13:03:30	19.14	--	15	28710	买盘
13:03:27	19.14	0.01	9	17226	买盘
13:03:24	19.13	-0.01	5	9565	卖盘
13:03:18	19.14	0.01	8	15312	买盘
13:03:06	19.13	0.03	32	61216	买盘
13:03:03	19.1	0.02	45	85950	买盘
13:03:00	19.08	-0.02	294	560952	卖盘
13:02:57	19.1	--	32	61120	买盘
13:02:54	19.1	--	30	57300	买盘
13:02:51	19.1	--	8	15280	买盘
13:02:45	19.1	-0.05	241	460310	卖盘
13:02:42	19.15	0.02	305	584075	买盘
13:02:39	19.13	--	1	1913	买盘
13:02:36	19.13	0.01	27	51651	买盘
13:02:30	19.12	--	10	19120	卖盘
13:02:27	19.12	0.02	384	734208	买盘
13:02:24	19.1	--	8	15280	卖盘
13:02:21	19.1	-0.01	33	63030	卖盘
13:02:15	19.11	0.01	12	22932	买盘
13:02:12	19.1	--	942	1799220	买盘
13:02:09	19.1	--	49	93590	买盘
13:01:57	19.1	0.01	24	45840	买盘
13:01:54	19.09	--	16	30544	中性盘
13:01:48	19.09	--	1	1909	买盘
13:01:45	19.09	--	5	9545	卖盘
13:01:42	19.09	--	1	1909	买盘
13:01:39	19.09	--	28	53452	买盘
13:01:36	19.09	--	50	95450	买盘
13:01:30	19.09	0.01	9	17181	买盘
13:01:27	19.08	--	199	379691	买盘
13:01:24	19.08	0.01	15	28619	买盘
13:01:15	19.07	--	29	55303	买盘
13:01:12	19.07	--	4	7628	买盘
13:01:09	19.07	--	80	152560	买盘
13:01:06	19.07	--	50	95350	买盘
13:01:03	19.07	0.01	3	5721	买盘
13:00:57	19.06	--	3	5718	买盘
13:00:54	19.06	--	41	78146	买盘
13:00:51	19.06	--	1	1905	买盘
13:00:48	19.06	--	32	60991	买盘
13:00:45	19.06	--	61	116265	买盘
13:00:42	19.06	-0.01	62	118171	中性盘
13:00:36	19.07	0.01	27	51489	买盘
13:00:30	19.06	0.01	50	95300	买盘
13:00:15	19.05	--	1	1905	卖盘
13:00:09	19.05	--	22	41910	卖盘
13:00:06	19.05	--	170	323850	卖盘
13:00:03	19.05	0.04	1226	2335530	买盘
13:00:00	19.01	--	0	0	卖盘
11:30:00	19.01	--	16	30416	卖盘
11:29:57	19.01	--	11	20911	买盘
11:29:54	19.01	--	1	1901	买盘
11:29:51	19.01	0.01	35	66535	买盘
11:29:48	19.0	-0.01	8	15200	卖盘
11:29:45	19.01	--	8	15208	买盘
11:29:42	19.01	-0.01	5	9505	卖盘
11:29:33	19.02	0.02	16	30432	卖盘
11:29:30	19.0	-0.02	100	190000	卖盘
11:29:18	19.02	--	42	79884	买盘
11:29:15	19.02	--	8	15216	买盘
11:29:12	19.02	-0.01	50	95100	中性盘
11:29:06	19.03	--	5	9515	买盘
11:29:00	19.03	0.03	50	95150	买盘
11:28:57	19.0	--	10	20197	买盘
11:28:51	19.0	-0.02	494	939303	卖盘
11:28:48	19.02	0.02	1	1902	中性盘
11:28:30	19.0	-0.02	103	195700	卖盘
11:28:27	19.02	--	11	20922	买盘
11:28:21	19.02	0.02	49	93198	买盘
11:28:15	19.0	--	47	90497	买盘
11:28:12	19.0	--	8	15200	买盘
11:28:09	19.0	--	51	97603	卖盘
11:28:06	19.0	-0.02	17	32300	卖盘
11:28:03	19.02	0.02	7	13314	买盘
11:28:00	19.0	--	5	9500	卖盘
11:27:45	19.0	0.02	9	18297	买盘
11:27:36	18.98	-0.02	5	9490	卖盘
11:27:27	19.0	--	22	41800	买盘
11:27:15	19.0	-0.02	284	540303	卖盘
11:27:09	19.02	--	14	26628	买盘
11:27:03	19.02	--	20	38040	买盘
11:26:57	19.02	--	1	1902	买盘
11:26:54	19.02	-0.01	7	13314	中性盘
11:26:51	19.03	--	19	36157	买盘
11:26:45	19.03	0.02	6	11418	买盘
11:26:33	19.01	-0.02	20	38020	卖盘
11:26:21	19.03	0.03	12	22836	买盘
11:26:18	19.0	-0.03	350	665000	卖盘
11:26:15	19.03	0.03	7	13321	买盘
11:26:12	19.0	--	23	43700	卖盘
11:26:09	19.0	--	4	7600	卖盘
11:26:00	19.0	--	9	17100	卖盘
11:25:54	19.0	--	16	30400	卖盘
11:25:42	19.0	--	1	1900	卖盘
11:25:39	19.0	--	90	172197	买盘
11:25:36	19.0	0.01	3	5700	买盘
11:25:33	18.99	0.03	10	18990	买盘
11:25:30	18.96	-0.04	160	303360	卖盘
11:25:27	19.0	--	7	13300	买盘
11:25:21	19.0	--	46	87400	买盘
11:25:15	19.0	--	418	794200	买盘
11:25:06	19.0	--	5	9500	买盘
11:25:03	19.0	--	30	57000	买盘
11:25:00	19.0	-0.03	232	441503	卖盘
11:24:54	19.03	--	36	68508	卖盘
11:24:48	19.03	-0.01	9	17127	卖盘
11:24:45	19.04	0.01	35	66640	买盘
11:24:39	19.03	0.01	54	102762	买盘
11:24:33	19.02	-0.01	15	28530	卖盘
11:24:30	19.03	--	50	95150	买盘
11:24:27	19.03	--	3	5709	卖盘
11:24:21	19.03	0.01	6	11418	买盘
11:24:18	19.02	-0.01	5	9510	卖盘
11:24:15	19.03	0.01	60	114180	买盘
11:24:12	19.02	--	17	32334	卖盘
11:24:09	19.02	--	13	24726	卖盘
11:24:06	19.02	--	32	60864	买盘
11:23:54	19.02	--	1	1902	买盘
11:23:45	19.02	--	50	95100	买盘
11:23:42	19.02	--	2	3804	买盘
11:23:39	19.02	-0.01	35	66570	卖盘
11:23:36	19.03	0.01	8	15224	卖盘
11:23:30	19.02	--	5	9510	卖盘
11:23:27	19.02	-0.01	110	209220	卖盘
11:23:24	19.03	0.01	40	76120	买盘
11:23:15	19.02	-0.01	3	5706	卖盘
11:23:12	19.03	--	64	121792	卖盘
11:23:09	19.03	--	26	49478	卖盘
11:23:03	19.03	--	43	81829	买盘
11:22:51	19.03	--	2	3806	买盘
11:22:45	19.03	-0.01	66	125598	卖盘
11:22:39	19.04	0.01	479	912016	买盘
11:22:33	19.03	-0.01	100	190300	卖盘
11:22:30	19.04	--	10	19040	买盘
11:22:27	19.04	--	21	39984	买盘
11:22:24	19.04	--	1	1904	买盘
11:22:21	19.04	0.01	2	3808	买盘
11:22:18	19.03	-0.01	11	20933	中性盘
11:22:06	19.04	0.01	60	114240	买盘
11:21:57	19.03	-0.01	7	13321	卖盘
11:21:54	19.04	0.01	9	17136	买盘
11:21:42	19.03	--	11	20933	买盘
11:21:39	19.03	--	9	17127	买盘
11:21:36	19.03	--	1	1903	买盘
11:21:33	19.03	--	50	95150	买盘
11:21:30	19.03	--	2	3806	买盘
11:21:27	19.03	0.01	46	87538	买盘
11:21:18	19.02	0.01	19	36138	买盘
11:21:12	19.01	-0.01	12	22812	卖盘
11:21:09	19.02	0.01	30	57060	买盘
11:21:06	19.01	-0.01	8	15208	卖盘
11:21:03	19.02	--	50	95100	买盘
11:20:57	19.02	0.01	8	15216	买盘
11:20:54	19.01	--	5	9505	卖盘
11:20:51	19.01	--	11	20911	买盘
11:20:48	19.01	0.01	48	91248	买盘
11:20:42	19.0	--	12	22800	卖盘
11:20:33	19.0	--	43	81700	卖盘
11:20:27	19.0	--	21	41097	买盘
11:20:24	19.0	--	46	87400	买盘
11:20:21	19.0	--	64	121600	买盘
11:20:18	19.0	0.01	79	150100	买盘
11:20:12	18.99	--	2	3797	卖盘
11:20:09	18.99	0.01	10	18990	买盘
11:20:00	18.98	--	22	41756	卖盘
11:19:54	18.98	--	3	5694	买盘
11:19:48	18.98	-0.02	1	1898	中性盘
11:19:42	19.0	0.02	10	19000	买盘
11:19:39	18.98	--	10	18980	买盘
11:19:33	18.98	-0.02	5	9490	中性盘
11:19:21	19.0	0.03	89	169100	买盘
11:19:18	18.97	-0.01	10	18970	卖盘
11:19:09	18.98	-0.02	22	41756	卖盘
11:19:06	19.0	0.02	123	233700	买盘
11:18:51	18.98	-0.01	5	9490	卖盘
11:18:42	18.99	--	10	18990	买盘
11:18:39	18.99	--	10	18990	买盘
11:18:36	18.99	-0.01	40	77783	卖盘
11:18:33	19.0	0.01	5	9500	买盘
11:18:27	18.99	--	10	18990	卖盘
11:18:24	18.99	--	10	18990	卖盘
11:18:18	18.99	-0.01	46	87354	卖盘
11:18:15	19.0	0.01	1	1900	买盘
11:18:12	18.99	-0.01	2	3797	卖盘
11:18:06	19.0	0.01	11	20900	买盘
11:18:03	18.99	-0.01	2	3797	卖盘
11:17:45	19.0	0.01	100	190000	买盘
11:17:39	18.99	-0.01	5	9495	卖盘
11:17:36	19.0	--	1	1900	买盘
11:17:30	19.0	--	4	7600	买盘
11:17:27	19.0	-0.01	3	5700	中性盘
11:17:21	19.01	--	8	15208	买盘
11:17:18	19.01	0.01	119	226219	买盘
11:17:15	19.0	-0.01	13	24700	卖盘
11:17:06	19.01	--	20	38020	买盘
11:17:03	19.01	--	27	51327	买盘
11:17:00	19.01	0.01	22	41822	买盘
11:16:51	19.0	--	28	53200	卖盘
11:16:42	19.0	-0.01	103	195700	卖盘
11:16:33	19.01	--	12	22812	买盘
11:16:24	19.01	0.01	2	3802	买盘
11:16:21	19.0	-0.01	55	104500	卖盘
11:16:06	19.01	0.01	25	47525	买盘
11:16:03	19.0	--	2	3800	卖盘
11:16:00	19.0	--	200	380000	卖盘
11:15:54	19.0	-0.01	63	119700	卖盘
11:15:48	19.01	--	13	24713	买盘
11:15:42	19.01	--	9	17109	买盘
11:15:27	19.01	--	2	3802	买盘
11:15:21	19.01	0.01	10	19010	买盘
11:15:18	19.0	-0.01	5	9500	卖盘
11:15:15	19.01	--	20	39141	卖盘
11:15:12	19.01	--	5	9505	卖盘
11:15:09	19.01	--	13	25492	买盘
11:15:06	19.01	--	13	24713	买盘
11:15:03	19.01	0.01	10	19010	买盘
11:14:54	19.0	--	61	115900	卖盘
11:14:51	19.0	--	12	22800	卖盘
11:14:42	19.0	0.01	92	174800	买盘
11:14:39	18.99	-0.01	2	3797	卖盘
11:14:36	19.0	--	30	57000	买盘
11:14:30	19.0	--	30	57000	买盘
11:14:27	19.0	0.01	100	190000	买盘
11:14:24	18.99	--	10	18990	卖盘
11:14:21	18.99	-0.01	34	64565	卖盘
11:14:18	19.0	0.01	2	3800	买盘
11:14:15	18.99	-0.01	24	45575	卖盘
11:14:12	19.0	0.01	5	9500	买盘
11:14:03	18.99	-0.01	1	1898	卖盘
11:14:00	19.0	0.01	30	57000	买盘
11:13:57	18.99	--	15	28484	卖盘
11:13:54	18.99	-0.01	10	18990	卖盘
11:13:48	19.0	--	13	24700	买盘
11:13:45	19.0	--	19	36100	买盘
11:13:42	19.0	0.01	16	30400	买盘
11:13:33	18.99	--	2	3797	卖盘
11:13:30	18.99	--	5	9495	卖盘
11:13:27	18.99	0.01	59	112116	买盘
11:13:24	18.98	-0.01	5	9490	卖盘
11:13:15	18.99	0.02	1	1898	买盘
11:13:12	18.97	-0.01	26	49322	卖盘
11:13:09	18.98	--	9	17100	买盘
11:13:06	18.98	0.01	34	64532	买盘
11:13:03	18.97	-0.01	7	13279	卖盘
11:12:57	18.98	--	35	66430	卖盘
11:12:51	18.98	--	22	41756	卖盘
11:12:42	18.98	--	9	17082	卖盘
11:12:39	18.98	--	45	85410	卖盘
11:12:36	18.98	--	5	9490	卖盘
11:12:33	18.98	-0.01	5	9490	卖盘
11:12:30	18.99	0.01	8	15191	买盘
11:12:27	18.98	--	21	39858	卖盘
11:12:18	18.98	--	25	47450	卖盘
11:12:15	18.98	-0.01	12	22776	卖盘
11:12:12	18.99	--	10	18990	买盘
11:12:09	18.99	--	27	51272	买盘
11:12:06	18.99	--	68	130955	卖盘
11:12:03	18.99	--	10	18990	卖盘
11:11:57	18.99	-0.01	26	49373	卖盘
11:11:51	19.0	0.01	105	199500	买盘
11:11:45	18.99	-0.01	12	22787	卖盘
11:11:42	19.0	0.01	14	26600	买盘
11:11:39	18.99	-0.01	2	3797	卖盘
11:11:36	19.0	0.01	3	5700	买盘
11:11:33	18.99	--	5	9495	卖盘
11:11:30	18.99	--	21	39879	卖盘
11:11:24	18.99	-0.01	28	53171	卖盘
11:11:18	19.0	0.01	15	28500	中性盘
11:11:15	18.99	-0.01	5	9495	卖盘
11:11:12	19.0	--	6	11400	买盘
11:11:09	19.0	--	8	15200	买盘
11:11:06	19.0	--	6	11400	卖盘
11:10:54	19.0	-0.01	6	11400	卖盘
11:10:51	19.01	--	20	39141	卖盘
11:10:48	19.01	-0.01	5	9505	卖盘
11:10:45	19.02	0.01	8	15216	买盘
11:10:39	19.01	--	5	9505	卖盘
11:10:33	19.01	0.01	19	36898	买盘
11:10:30	19.0	--	10	19000	买盘
11:10:27	19.0	--	28	53200	卖盘
11:10:24	19.0	-0.01	57	108300	卖盘
11:10:21	19.01	0.01	21	39921	买盘
11:10:18	19.0	--	2	3800	卖盘
11:10:15	19.0	--	4	7600	卖盘
11:10:12	19.0	--	3	5700	卖盘
11:10:09	19.0	-0.01	20	38000	卖盘
11:10:03	19.01	0.01	16	30416	买盘
11:10:00	19.0	--	16	30400	买盘
11:09:54	19.0	-0.02	29	56221	卖盘
11:09:51	19.02	0.01	23	43746	买盘
11:09:48	19.01	--	2	3802	卖盘
11:09:45	19.01	0.01	61	116740	买盘
11:09:39	19.0	--	31	58900	卖盘
11:09:36	19.0	--	8	15200	卖盘
11:09:33	19.0	--	2	3800	卖盘
11:09:30	19.0	--	25	47500	卖盘
11:09:27	19.0	--	3	5700	卖盘
11:09:21	19.0	--	5	9500	卖盘
11:09:18	19.0	--	10	19000	卖盘
11:09:15	19.0	-0.01	23	43700	卖盘
11:09:09	19.01	--	19	37240	卖盘
11:09:03	19.01	--	10	19010	卖盘
11:08:54	19.01	-0.01	5	9505	卖盘
11:08:48	19.02	-0.01	25	47550	卖盘
11:08:39	19.03	--	97	184591	卖盘
11:08:33	19.03	--	2	3806	卖盘
11:08:30	19.03	--	14	26642	卖盘
11:08:27	19.03	-0.01	26	49478	卖盘
11:08:21	19.04	0.01	10	19040	买盘
11:08:18	19.03	-0.01	52	98956	卖盘
11:08:15	19.04	--	5	9520	买盘
11:08:12	19.04	0.01	10	19040	买盘
11:08:09	19.03	-0.01	1	1903	卖盘
11:08:06	19.04	--	25	47600	买盘
11:08:03	19.04	--	45	85680	买盘
11:08:00	19.04	--	11	20944	买盘
11:07:57	19.04	0.01	8	15232	买盘
11:07:51	19.03	--	6	11418	卖盘
11:07:45	19.03	-0.01	10	19030	卖盘
11:07:42	19.04	0.01	20	38080	买盘
11:07:39	19.03	--	101	192203	卖盘
11:07:36	19.03	--	1	1903	卖盘
11:07:27	19.03	--	44	83732	卖盘
11:07:24	19.03	--	13	24739	买盘
11:07:18	19.03	--	1	1903	买盘
11:07:15	19.03	0.02	12	22836	买盘
11:07:12	19.01	-0.02	31	58931	卖盘
11:07:09	19.03	0.02	18	34254	买盘
11:07:06	19.01	-0.02	61	115961	卖盘
11:07:03	19.03	0.02	10	19030	买盘
11:06:57	19.01	-0.02	1	2680	卖盘
11:06:48	19.03	--	17	32351	卖盘
11:06:45	19.03	--	20	38060	卖盘
11:06:42	19.03	-0.01	10	19030	卖盘
11:06:36	19.04	0.01	18	34272	卖盘
11:06:33	19.03	-0.02	7	13321	卖盘
11:06:27	19.05	0.02	12	22860	买盘
11:06:24	19.03	--	48	91344	卖盘
11:06:18	19.03	-0.02	50	95150	卖盘
11:06:15	19.05	0.02	40	76200	买盘
11:06:12	19.03	-0.01	1	1903	卖盘
11:06:06	19.04	--	1	1904	买盘
11:06:03	19.04	--	20	38080	卖盘
11:06:00	19.04	--	4	7616	卖盘
11:05:57	19.04	-0.01	10	19040	卖盘
11:05:54	19.05	-0.01	5	9525	中性盘
11:05:51	19.06	0.02	24	45744	买盘
11:05:48	19.04	-0.02	13	24752	卖盘
11:05:42	19.06	--	3	5718	卖盘
11:05:39	19.06	--	107	203942	卖盘
11:05:36	19.06	0.01	100	190600	买盘
11:05:33	19.05	-0.01	15	28575	卖盘
11:05:30	19.06	--	11	20966	卖盘
11:05:27	19.06	--	5	9530	卖盘
11:05:21	19.06	-0.01	1	1905	卖盘
11:05:15	19.07	--	90	171630	卖盘
11:05:12	19.07	--	99	188793	卖盘
11:05:09	19.07	--	16	30512	卖盘
11:05:06	19.07	-0.01	73	139211	卖盘
11:05:03	19.08	--	108	206063	买盘
11:05:00	19.08	0.01	21	40068	买盘
11:04:57	19.07	-0.01	8	15256	卖盘
11:04:54	19.08	--	5	9540	买盘
11:04:51	19.08	--	25	47699	卖盘
11:04:48	19.08	-0.01	29	55331	卖盘
11:04:42	19.09	--	10	19090	买盘
11:04:39	19.09	--	17	32453	卖盘
11:04:36	19.09	--	62	118358	卖盘
11:04:33	19.09	0.01	1	1909	买盘
11:04:30	19.08	-0.01	7	13355	卖盘
11:04:27	19.09	-0.01	74	141266	中性盘
11:04:24	19.1	0.01	237	452670	买盘
11:04:21	19.09	-0.01	35	66815	中性盘
11:04:18	19.1	0.01	130	248300	买盘
11:04:12	19.09	-0.01	20	38180	卖盘
11:04:09	19.1	0.01	6	11460	买盘
11:04:06	19.09	--	50	95450	买盘
11:04:03	19.09	--	4	7636	买盘
11:03:57	19.09	0.01	47	89723	买盘
11:03:54	19.08	--	144	274752	买盘
11:03:51	19.08	0.01	28	53423	买盘
11:03:48	19.07	--	11	20977	卖盘
11:03:45	19.07	0.01	107	204049	买盘
11:03:42	19.06	-0.01	3	5718	卖盘
11:03:39	19.07	0.01	21	40047	买盘
11:03:33	19.06	-0.01	12	22872	买盘
11:03:30	19.07	0.02	76	144932	买盘
11:03:27	19.05	0.01	35	66675	中性盘
11:03:24	19.04	-0.02	35	66640	卖盘
11:03:21	19.06	0.02	40	76240	买盘
11:03:18	19.04	-0.02	17	32368	卖盘
11:03:09	19.06	0.02	153	291618	买盘
11:03:06	19.04	--	111	211344	买盘
11:03:00	19.04	--	60	114240	买盘
11:02:57	19.04	0.01	14	26656	买盘
11:02:51	19.03	0.02	214	407242	买盘
11:02:48	19.01	--	12	22812	买盘
11:02:45	19.01	0.01	5	9505	买盘
11:02:39	19.0	--	28	53200	卖盘
11:02:36	19.0	--	34	64600	买盘
11:02:33	19.0	--	96	182400	卖盘
11:02:30	19.0	--	307	583300	买盘
11:02:27	19.0	0.01	44	83600	买盘
11:02:24	18.99	--	46	87354	卖盘
11:02:21	18.99	--	10	18990	卖盘
11:02:12	18.99	--	40	75960	卖盘
11:02:09	18.99	-0.01	60	113939	卖盘
11:02:06	19.0	--	43	81700	买盘
11:02:03	19.0	0.01	12	22800	买盘
11:01:57	18.99	--	38	72237	买盘
11:01:45	18.99	0.01	19	36081	买盘
11:01:39	18.98	-0.01	10	18980	卖盘
11:01:33	18.99	--	18	34182	买盘
11:01:30	18.99	0.01	25	47474	买盘
11:01:27	18.98	--	7	13286	买盘
11:01:24	18.98	--	15	28470	买盘
11:01:21	18.98	-0.01	6	11388	卖盘
11:01:15	18.99	0.01	155	294345	买盘
11:01:12	18.98	--	20	37960	买盘
11:01:09	18.98	--	33	62634	买盘
11:01:06	18.98	0.01	15	28470	买盘
11:01:03	18.97	--	30	56910	卖盘
11:01:00	18.97	-0.01	61	115717	卖盘
11:00:57	18.98	--	76	144248	买盘
11:00:51	18.98	0.01	10	18980	买盘
11:00:42	18.97	-0.01	12	22764	卖盘
11:00:39	18.98	0.01	10	18980	买盘
11:00:36	18.97	--	3	5691	卖盘
11:00:33	18.97	--	6	11382	卖盘
11:00:30	18.97	--	2	3794	买盘
11:00:27	18.97	--	35	66395	买盘
11:00:24	18.97	0.01	60	113820	买盘
11:00:21	18.96	-0.01	37	70152	卖盘
11:00:18	18.97	--	5	9485	买盘
11:00:15	18.97	0.01	8	15176	买盘
11:00:03	18.96	--	2	3792	卖盘
11:00:00	18.96	--	10	18960	卖盘
10:59:57	18.96	--	93	176328	买盘
10:59:54	18.96	0.01	50	94800	买盘
10:59:51	18.95	--	2	3790	卖盘
10:59:48	18.95	--	3	5685	卖盘
10:59:45	18.95	--	20	37900	卖盘
10:59:42	18.95	--	5	9475	卖盘
10:59:39	18.95	-0.01	1	1895	卖盘
10:59:33	18.96	0.01	3	5688	买盘
10:59:30	18.95	--	6	11370	卖盘
10:59:27	18.95	-0.01	30	56850	卖盘
10:59:24	18.96	--	5	9480	买盘
10:59:21	18.96	0.01	21	39816	买盘
10:59:18	18.95	-0.01	16	30320	卖盘
10:59:15	18.96	0.01	24	45504	买盘
10:59:12	18.95	--	4	7580	卖盘
10:58:57	18.95	-0.01	5	9475	卖盘
10:58:51	18.96	0.01	10	18960	买盘
10:58:48	18.95	-0.01	47	89065	卖盘
10:58:45	18.96	--	17	32232	卖盘
10:58:42	18.96	0.01	13	24648	买盘
10:58:33	18.95	--	21	39795	买盘
10:58:30	18.95	--	5	9475	买盘
10:58:27	18.95	--	8	15160	买盘
10:58:21	18.95	-0.01	28	53060	卖盘
10:58:15	18.96	0.01	62	117552	买盘
10:58:12	18.95	-0.01	29	54955	卖盘
10:58:06	18.96	--	5	9480	买盘
10:57:57	18.96	--	8	15168	买盘
10:57:51	18.96	-0.01	92	174432	卖盘
10:57:48	18.97	--	6	11382	买盘
10:57:45	18.97	0.01	20	37940	买盘
10:57:42	18.96	-0.01	49	92904	卖盘
10:57:36	18.97	--	10	18970	买盘
10:57:27	18.97	--	31	58807	卖盘
10:57:24	18.97	--	15	28455	卖盘
10:57:21	18.97	--	30	56910	卖盘
10:57:18	18.97	-0.01	6	11382	卖盘
10:57:15	18.98	0.01	16	30368	买盘
10:57:09	18.97	--	5	9485	卖盘
10:57:03	18.97	--	20	37940	卖盘
10:57:00	18.97	-0.02	3	5691	卖盘
10:56:57	18.99	--	10	18990	买盘
10:56:51	18.99	0.01	35	66465	买盘
10:56:45	18.98	--	6	11388	卖盘
10:56:42	18.98	--	7	13286	卖盘
10:56:39	18.98	-0.01	1	1898	卖盘
10:56:36	18.99	0.01	3	5696	买盘
10:56:33	18.98	-0.01	66	125268	卖盘
10:56:30	18.99	0.01	107	203192	买盘
10:56:27	18.98	--	17	32266	卖盘
10:56:24	18.98	--	2	3796	卖盘
10:56:21	18.98	-0.01	10	18980	卖盘
10:56:18	18.99	0.01	61	115838	买盘
10:56:15	18.98	--	57	108186	卖盘
10:56:09	18.98	-0.01	1	1898	卖盘
10:56:06	18.99	0.01	85	161415	买盘
10:56:03	18.98	-0.01	1	1898	卖盘
10:56:00	18.99	--	11	20889	买盘
10:55:54	18.99	0.01	30	56969	买盘
10:55:51	18.98	0.01	45	85410	买盘
10:55:48	18.97	-0.01	3	5691	卖盘
10:55:42	18.98	--	19	36062	卖盘
10:55:39	18.98	--	2	3796	卖盘
10:55:36	18.98	--	47	89206	买盘
10:55:30	18.98	0.01	21	39858	买盘
10:55:27	18.97	--	25	47425	卖盘
10:55:18	18.97	--	10	18970	卖盘
10:55:12	18.97	--	76	144172	买盘
10:55:09	18.97	--	10	18970	买盘
10:55:06	18.97	--	17	32248	卖盘
10:55:00	18.97	--	10	18970	卖盘
10:54:57	18.97	0.01	237	449589	买盘
10:54:54	18.96	--	1	1896	卖盘
10:54:51	18.96	--	2	3792	卖盘
10:54:48	18.96	--	35	66360	买盘
10:54:45	18.96	-0.01	13	24648	卖盘
10:54:42	18.97	0.01	8	15176	买盘
10:54:39	18.96	--	4	7584	卖盘
10:54:36	18.96	-0.01	2	3792	卖盘
10:54:33	18.97	0.01	2	3794	买盘
10:54:30	18.96	--	11	20856	卖盘
10:54:27	18.96	0.01	3	5688	中性盘
10:54:21	18.95	-0.01	8	15160	买盘
10:54:15	18.96	0.02	23	43608	买盘
10:54:12	18.94	-0.02	150	284100	卖盘
10:54:06	18.96	0.01	13	24648	买盘
10:54:03	18.95	--	6	11370	卖盘
10:53:54	18.95	-0.01	5	9475	卖盘
10:53:51	18.96	0.01	5	9480	中性盘
10:53:45	18.95	-0.01	37	70209	卖盘
10:53:39	18.96	-0.02	40	77641	卖盘
10:53:36	18.98	--	5	9490	买盘
10:53:30	18.98	-0.01	31	58838	卖盘
10:53:27	18.99	0.01	16	30383	买盘
10:53:24	18.98	--	20	37960	卖盘
10:53:18	18.98	--	16	30368	卖盘
10:53:15	18.98	--	5	9490	卖盘
10:53:09	18.98	-0.01	6	11388	卖盘
10:53:00	18.99	--	1	1898	买盘
10:52:57	18.99	--	13	24686	卖盘
10:52:54	18.99	--	5	9495	卖盘
10:52:48	18.99	0.01	402	763397	买盘
10:52:42	18.98	0.02	60	113880	买盘
10:52:36	18.96	-0.02	5	9480	卖盘
10:52:33	18.98	--	67	127166	卖盘
10:52:30	18.98	-0.01	9	17082	卖盘
10:52:27	18.99	0.01	50	94949	买盘
10:52:24	18.98	-0.01	2	3796	卖盘
10:52:21	18.99	--	9	17091	买盘
10:52:18	18.99	0.01	57	108242	买盘
10:52:09	18.98	-0.01	15	28470	卖盘
10:52:06	18.99	--	9	17091	买盘
10:52:03	18.99	0.01	23	43677	买盘
10:52:00	18.98	--	154	292386	卖盘
10:51:57	18.98	--	50	94900	卖盘
10:51:54	18.98	-0.01	60	113880	卖盘
10:51:51	18.99	--	63	119636	买盘
10:51:48	18.99	0.01	44	83556	买盘
10:51:45	18.98	-0.01	4	7592	卖盘
10:51:42	18.99	0.01	8	15191	买盘
10:51:36	18.98	0.02	142	269516	买盘
10:51:33	18.96	-0.02	10	18960	卖盘
10:51:30	18.98	0.02	33	62634	买盘
10:51:24	18.96	-0.02	257	487272	卖盘
10:51:21	18.98	--	3	5694	买盘
10:51:18	18.98	0.01	57	108186	买盘
10:51:09	18.97	0.01	55	104335	买盘
10:51:06	18.96	0.01	145	274920	买盘
10:51:03	18.95	--	5	9475	卖盘
10:51:00	18.95	--	4	7580	买盘
10:50:57	18.95	0.01	155	293725	买盘
10:50:51	18.94	--	24	45456	买盘
10:50:42	18.94	0.01	45	85230	买盘
10:50:36	18.93	0.01	2	3786	买盘
10:50:33	18.92	-0.01	22	41624	卖盘
10:50:27	18.93	--	72	136296	买盘
10:50:24	18.93	0.01	10	18930	买盘
10:50:15	18.92	--	24	45408	买盘
10:50:12	18.92	0.01	60	113520	买盘
10:50:09	18.91	--	4	7564	卖盘
10:50:06	18.91	--	1	1891	卖盘
10:50:03	18.91	--	12	22692	卖盘
10:50:00	18.91	0.01	95	179645	买盘
10:49:51	18.9	-0.01	25	47250	卖盘
10:49:45	18.91	0.01	17	32147	买盘
10:49:42	18.9	-0.01	50	94500	卖盘
10:49:36	18.91	0.01	30	56730	买盘
10:49:30	18.9	-0.01	20	37800	卖盘
10:49:24	18.91	--	14	26474	买盘
10:49:21	18.91	0.01	20	37820	买盘
10:49:18	18.9	--	173	326970	买盘
10:49:15	18.9	--	33	62369	买盘
10:49:12	18.9	0.01	10	18900	买盘
10:49:00	18.89	--	9	17001	卖盘
10:48:57	18.89	-0.01	9	17001	卖盘
10:48:51	18.9	0.01	5	9450	买盘
10:48:48	18.89	--	20	37780	卖盘
10:48:36	18.89	-0.01	16	30224	卖盘
10:48:24	18.9	0.01	4	7559	买盘
10:48:15	18.89	--	151	285239	卖盘
10:48:12	18.89	--	6	11334	卖盘
10:48:00	18.89	-0.01	3	5667	卖盘
10:47:57	18.9	--	20	37800	买盘
10:47:54	18.9	--	49	92610	卖盘
10:47:45	18.9	--	1	1889	卖盘
10:47:42	18.9	--	3	5670	买盘
10:47:39	18.9	--	50	94500	买盘
10:47:36	18.9	0.01	59	111509	买盘
10:47:33	18.89	-0.01	5	9445	卖盘
10:47:30	18.9	--	14	26459	买盘
10:47:21	18.9	-0.01	31	58589	买盘
10:47:12	18.91	0.02	30	56730	买盘
10:47:06	18.89	-0.01	14	26446	卖盘
10:47:03	18.9	--	1	1889	中性盘
10:47:00	18.9	--	10	18900	买盘
10:46:48	18.9	0.01	10	18900	买盘
10:46:45	18.89	-0.01	41	77449	卖盘
10:46:39	18.9	0.01	5	9450	中性盘
10:46:36	18.89	--	50	94450	卖盘
10:46:27	18.89	-0.01	50	94450	卖盘
10:46:24	18.9	--	36	68040	买盘
10:46:15	18.9	0.01	40	75600	买盘
10:46:03	18.89	--	5	9445	卖盘
10:46:00	18.89	--	20	37780	卖盘
10:45:57	18.89	--	1	1889	卖盘
10:45:54	18.89	--	18	34002	买盘
10:45:51	18.89	0.01	10	18890	买盘
10:45:48	18.88	--	55	103840	卖盘
10:45:45	18.88	--	6	11328	卖盘
10:45:36	18.88	--	21	39648	卖盘
10:45:30	18.88	--	2	3776	卖盘
10:45:27	18.88	--	10	18880	卖盘
10:45:21	18.88	--	6	11328	卖盘
10:45:18	18.88	-0.01	46	86848	卖盘
10:45:12	18.89	--	25	47225	买盘
10:45:03	18.89	--	12	22668	买盘
10:44:57	18.89	--	10	18890	买盘
10:44:54	18.89	0.01	9	17001	买盘
10:44:48	18.88	-0.01	10	18880	卖盘
10:44:39	18.89	--	12	22668	买盘
10:44:36	18.89	-0.01	2	3778	卖盘
10:44:33	18.9	--	106	200339	买盘
10:44:27	18.9	--	38	71820	买盘
10:44:18	18.9	--	59	111509	卖盘
10:44:12	18.9	-0.01	11	20790	卖盘
10:44:09	18.91	--	192	363072	卖盘
10:44:06	18.91	-0.01	5	9455	卖盘
10:44:03	18.92	0.01	50	94600	买盘
10:44:00	18.91	-0.01	9	17019	卖盘
10:43:54	18.92	--	109	206228	卖盘
10:43:51	18.92	-0.01	14	26488	中性盘
10:43:45	18.93	--	10	18930	买盘
10:43:42	18.93	0.01	10	18930	买盘
10:43:39	18.92	-0.01	6	11352	买盘
10:43:33	18.93	--	10	18930	买盘
10:43:24	18.93	--	2	3786	买盘
10:43:15	18.93	--	7	13251	卖盘
10:43:12	18.93	--	2	3786	卖盘
10:43:09	18.93	--	28	53004	卖盘
10:43:06	18.93	0.01	10	18930	卖盘
10:43:00	18.92	-0.01	35	66220	卖盘
10:42:57	18.93	--	10	18930	买盘
10:42:54	18.93	--	3	5679	买盘
10:42:48	18.93	0.01	2	3786	买盘
10:42:45	18.92	--	6	11352	卖盘
10:42:39	18.92	--	14	26488	卖盘
10:42:36	18.92	--	4	7568	买盘
10:42:33	18.92	0.01	5	9460	买盘
10:42:24	18.91	--	5	9455	中性盘
10:42:18	18.91	0.01	15	28365	买盘
10:42:15	18.9	--	14	26459	卖盘
10:42:12	18.9	--	33	62369	买盘
10:42:00	18.9	--	3	5670	卖盘
10:41:57	18.9	--	5	9450	卖盘
10:41:54	18.9	--	9	17010	买盘
10:41:51	18.9	--	1	1889	买盘
10:41:48	18.9	0.02	4	7559	买盘
10:41:45	18.88	--	5	9440	卖盘
10:41:42	18.88	--	10	18880	卖盘
10:41:39	18.88	-0.02	63	118944	卖盘
10:41:36	18.9	0.01	107	202229	买盘
10:41:27	18.89	--	13	24557	买盘
10:41:24	18.89	-0.01	29	54781	中性盘
10:41:06	18.9	0.01	10	18900	买盘
10:41:03	18.89	-0.01	80	151120	卖盘
10:40:57	18.9	--	76	143640	买盘
10:40:54	18.9	--	5	9450	买盘
10:40:51	18.9	--	10	18900	买盘
10:40:48	18.9	--	5	9450	买盘
10:40:45	18.9	--	6	11340	买盘
10:40:42	18.9	--	5	9450	买盘
10:40:36	18.9	--	10	18900	买盘
10:40:33	18.9	0.01	102	192780	买盘
10:40:30	18.89	--	4	7556	买盘
10:40:24	18.89	0.01	204	385356	买盘
10:40:21	18.88	-0.01	10	18880	卖盘
10:40:15	18.89	0.01	8	15112	买盘
10:40:12	18.88	--	15	28320	卖盘
10:40:09	18.88	--	8	15104	卖盘
10:40:06	18.88	0.01	152	286976	买盘
10:39:57	18.87	--	10	18870	买盘
10:39:54	18.87	--	35	66045	买盘
10:39:51	18.87	--	25	47175	买盘
10:39:45	18.87	--	10	18870	买盘
10:39:42	18.87	--	10	18870	买盘
10:39:39	18.87	0.01	7	13209	买盘
10:39:33	18.86	-0.01	2	3772	卖盘
10:39:27	18.87	0.01	214	403818	买盘
10:39:24	18.86	--	2	3772	卖盘
10:39:21	18.86	--	36	67952	买盘
10:39:18	18.86	--	20	37720	买盘
10:39:12	18.86	0.01	99	186714	买盘
10:39:09	18.85	-0.01	10	18850	卖盘
10:39:06	18.86	--	14	26404	买盘
10:39:03	18.86	0.01	10	18860	买盘
10:39:00	18.85	--	4	7540	卖盘
10:38:54	18.85	--	33	62205	买盘
10:38:51	18.85	0.01	2	3770	买盘
10:38:48	18.84	-0.01	15	28260	卖盘
10:38:45	18.85	--	197	371345	买盘
10:38:42	18.85	0.01	60	113100	买盘
10:38:39	18.84	-0.01	6	11304	卖盘
10:38:33	18.85	0.01	9	16965	买盘
10:38:30	18.84	--	108	203472	买盘
10:38:27	18.84	--	31	58404	买盘
10:38:24	18.84	--	103	194052	买盘
10:38:21	18.84	--	39	73476	买盘
10:38:18	18.84	0.01	5	9420	买盘
10:38:15	18.83	-0.01	10	18830	卖盘
10:38:03	18.84	0.01	10	18840	买盘
10:37:57	18.83	0.01	3	5648	买盘
10:37:54	18.82	-0.01	52	97864	卖盘
10:37:51	18.83	0.01	56	105447	买盘
10:37:39	18.82	--	15	28230	卖盘
10:37:30	18.82	--	3	5646	买盘
10:37:12	18.82	--	15	28230	买盘
10:37:06	18.82	--	3	5646	买盘
10:37:03	18.82	--	56	105392	买盘
10:36:51	18.82	--	32	60224	买盘
10:36:45	18.82	--	11	20702	卖盘
10:36:36	18.82	--	5	9410	卖盘
10:36:30	18.82	--	8	15056	卖盘
10:36:24	18.82	--	5	9410	卖盘
10:36:21	18.82	--	5	9410	卖盘
10:36:15	18.82	0.01	10	18820	买盘
10:36:09	18.81	-0.01	40	75240	卖盘
10:36:03	18.82	0.01	1	1882	买盘
10:36:00	18.81	-0.01	1	1880	卖盘
10:35:51	18.82	--	16	30112	买盘
10:35:45	18.82	--	40	75280	买盘
10:35:42	18.82	--	44	82808	卖盘
10:35:30	18.82	--	47	88454	卖盘
10:35:12	18.82	-0.01	5	9410	卖盘
10:35:09	18.83	--	72	135576	买盘
10:35:06	18.83	--	6	11297	买盘
10:35:03	18.83	0.01	30	56489	买盘
10:34:51	18.82	0.01	80	150560	买盘
10:34:45	18.81	--	3	5643	卖盘
10:34:42	18.81	0.01	53	99693	买盘
10:34:30	18.8	--	10	18800	中性盘
10:34:27	18.8	--	90	169200	买盘
10:34:21	18.8	0.01	7	13160	买盘
10:34:18	18.79	-0.01	3	5637	卖盘
10:34:15	18.8	--	3	5640	买盘
10:34:06	18.8	0.01	2	3760	买盘
10:34:03	18.79	0.01	5	9395	买盘
10:34:00	18.78	--	8	15024	卖盘
10:33:57	18.78	-0.02	30	56340	卖盘
10:33:54	18.8	0.02	10	18800	买盘
10:33:48	18.78	--	20	37560	卖盘
10:33:45	18.78	-0.02	5	9390	卖盘
10:33:42	18.8	0.02	7	13160	买盘
10:33:24	18.78	--	27	50931	卖盘
10:33:18	18.78	-0.01	10	18780	卖盘
10:33:09	18.79	-0.01	4	7516	卖盘
10:33:06	18.8	-0.01	129	242520	卖盘
10:33:03	18.81	0.01	5	9405	买盘
10:33:00	18.8	-0.02	50	94000	卖盘
10:32:45	18.82	0.01	22	41404	买盘
10:32:36	18.81	--	88	165528	卖盘
10:32:33	18.81	--	5	9405	卖盘
10:32:30	18.81	--	7	13167	卖盘
10:32:24	18.81	--	7	13167	卖盘
10:32:09	18.81	-0.01	8	15047	卖盘
10:31:51	18.82	-0.01	2	3764	买盘
10:31:39	18.83	-0.01	1	1882	中性盘
10:31:33	18.84	0.01	16	30144	买盘
10:31:30	18.83	-0.01	3	5648	中性盘
10:31:09	18.84	0.01	10	18840	买盘
10:31:00	18.83	--	6	11297	中性盘
10:30:54	18.83	--	11	20712	卖盘
10:30:51	18.83	0.01	20	37660	卖盘
10:30:48	18.82	--	14	26348	买盘
10:30:45	18.82	0.01	13	24466	买盘
10:30:42	18.81	-0.02	93	174933	卖盘
10:30:36	18.83	--	1	1882	买盘
10:30:33	18.83	0.01	9	16947	卖盘
10:30:24	18.82	--	5	9410	买盘
10:30:21	18.82	--	3	5646	买盘
10:30:18	18.82	--	8	15056	买盘
10:30:15	18.82	--	25	47050	卖盘
10:30:03	18.82	--	40	75280	卖盘
10:30:00	18.82	-0.02	457	860074	卖盘
10:29:57	18.84	--	45	84780	买盘
10:29:48	18.84	--	5	9420	买盘
10:29:45	18.84	0.01	1	1884	买盘
10:29:42	18.83	--	3	5648	买盘
10:29:39	18.83	-0.01	57	107330	中性盘
10:29:27	18.84	0.01	17	32028	买盘
10:29:24	18.83	--	2	3765	卖盘
10:29:21	18.83	--	3	5648	卖盘
10:29:15	18.83	0.01	4	7531	买盘
10:29:12	18.82	--	1	1882	卖盘
10:29:09	18.82	--	3	5646	卖盘
10:29:00	18.82	--	1	1882	卖盘
10:28:54	18.82	--	11	20702	卖盘
10:28:48	18.82	-0.01	35	65870	卖盘
10:28:45	18.83	--	1	1882	买盘
10:28:39	18.83	--	10	18830	买盘
10:28:36	18.83	--	36	67788	买盘
10:28:33	18.83	0.01	20	37660	买盘
10:28:24	18.82	-0.01	15	28230	卖盘
10:28:21	18.83	--	26	48957	卖盘
10:28:18	18.83	--	24	45191	买盘
10:28:15	18.83	--	3	5648	买盘
10:28:03	18.83	--	9	16947	卖盘
10:27:51	18.83	--	71	133693	卖盘
10:27:45	18.83	--	21	39543	卖盘
10:27:30	18.83	--	8	15063	卖盘
10:27:21	18.83	-0.01	27	50840	卖盘
10:27:15	18.84	--	110	207240	买盘
10:27:12	18.84	-0.01	12	22608	中性盘
10:27:06	18.85	0.02	78	147030	买盘
10:27:03	18.83	-0.01	3	5648	卖盘
10:27:00	18.84	--	8	15072	买盘
10:26:57	18.84	-0.01	40	75360	买盘
10:26:45	18.85	0.01	38	71630	买盘
10:26:42	18.84	--	11	20724	卖盘
10:26:39	18.84	--	5	9420	卖盘
10:26:30	18.84	--	5	9420	卖盘
10:26:27	18.84	0.01	46	86664	买盘
10:26:18	18.83	-0.01	3	5648	卖盘
10:26:15	18.84	--	21	39564	买盘
10:26:09	18.84	-0.01	29	54636	卖盘
10:26:03	18.85	0.01	5	9425	买盘
10:26:00	18.84	-0.01	1	1884	卖盘
10:25:57	18.85	--	6	11310	卖盘
10:25:54	18.85	--	94	177190	买盘
10:25:51	18.85	--	44	82940	买盘
10:25:48	18.85	0.01	17	32045	买盘
10:25:45	18.84	--	70	131880	卖盘
10:25:42	18.84	--	6	11304	买盘
10:25:39	18.84	--	4	7536	买盘
10:25:36	18.84	-0.01	1	1884	中性盘
10:25:33	18.85	0.01	100	188500	买盘
10:25:30	18.84	--	4	7536	买盘
10:25:27	18.84	--	14	26376	卖盘
10:25:21	18.84	-0.01	7	13188	卖盘
10:25:18	18.85	--	7	13195	买盘
10:25:15	18.85	--	12	22620	卖盘
10:25:09	18.85	-0.01	17	32045	卖盘
10:25:06	18.86	--	4	7544	买盘
10:25:03	18.86	--	28	52808	买盘
10:24:57	18.86	0.01	3	5658	买盘
10:24:51	18.85	--	17	32045	买盘
10:24:48	18.85	--	103	194155	买盘
10:24:45	18.85	--	7	13195	买盘
10:24:42	18.85	--	5	9425	买盘
10:24:39	18.85	--	2	3770	买盘
10:24:27	18.85	--	19	35815	买盘
10:24:24	18.85	--	18	33930	买盘
10:24:21	18.85	--	1	1885	买盘
10:24:18	18.85	--	3	5655	买盘
10:24:12	18.85	0.02	154	290290	买盘
10:24:03	18.83	--	30	56489	卖盘
10:23:57	18.83	--	101	190182	卖盘
10:23:54	18.83	--	52	97915	买盘
10:23:51	18.83	--	50	94149	买盘
10:23:48	18.83	--	1	1882	买盘
10:23:45	18.83	--	34	64021	买盘
10:23:42	18.83	0.01	6	11297	买盘
10:23:39	18.82	-0.01	160	301120	卖盘
10:23:36	18.83	--	92	173235	买盘
10:23:33	18.83	--	19	35777	买盘
10:23:27	18.83	0.01	53	99798	买盘
10:23:24	18.82	--	2	3764	卖盘
10:23:12	18.82	0.01	188	353816	买盘
10:23:09	18.81	--	20	37620	卖盘
10:23:06	18.81	-0.01	30	56429	卖盘
10:23:00	18.82	0.01	1	1882	买盘
10:22:54	18.81	-0.01	30	56429	卖盘
10:22:51	18.82	--	20	37640	买盘
10:22:48	18.82	0.01	4	7528	买盘
10:22:45	18.81	--	10	18810	卖盘
10:22:42	18.81	--	53	99693	卖盘
10:22:39	18.81	--	16	30095	卖盘
10:22:36	18.81	--	5	9405	卖盘
10:22:33	18.81	--	90	169290	卖盘
10:22:30	18.81	--	3	5643	卖盘
10:22:27	18.81	--	4	7523	卖盘
10:22:24	18.81	--	3	5643	卖盘
10:22:21	18.81	--	5	9405	卖盘
10:22:15	18.81	-0.01	5	9405	卖盘
10:22:03	18.82	0.01	25	47050	买盘
10:22:00	18.81	-0.01	1	1880	卖盘
10:21:57	18.82	0.01	5	9410	买盘
10:21:42	18.81	-0.01	3	5643	卖盘
10:21:36	18.82	--	10	18820	买盘
10:21:33	18.82	--	7	13174	买盘
10:21:18	18.82	--	47	88454	卖盘
10:21:15	18.82	--	50	94100	卖盘
10:21:09	18.82	--	3	5646	卖盘
10:21:06	18.82	--	29	54578	买盘
10:21:03	18.82	--	9	16938	买盘
10:21:00	18.82	--	3	5646	买盘
10:20:57	18.82	--	26	48932	卖盘
10:20:54	18.82	--	23	43286	卖盘
10:20:51	18.82	--	2	3764	卖盘
10:20:48	18.82	--	5	9410	卖盘
10:20:45	18.82	--	1	1882	卖盘
10:20:39	18.82	--	5	9410	卖盘
10:20:27	18.82	0.01	8	15056	中性盘
10:20:15	18.81	-0.03	110	206910	中性盘
10:20:06	18.84	--	100	188400	买盘
10:20:00	18.84	--	16	30144	买盘
10:19:54	18.84	0.04	10	18840	买盘
10:19:48	18.8	-0.04	300	564000	卖盘
10:19:45	18.84	0.01	17	32028	买盘
10:19:39	18.83	0.01	54	101681	买盘
10:19:33	18.82	-0.01	2	3764	卖盘
10:19:27	18.83	-0.01	22	41425	买盘
10:19:21	18.84	0.01	128	241152	买盘
10:19:18	18.83	--	25	47074	卖盘
10:19:09	18.83	-0.01	124	233491	卖盘
10:19:06	18.84	0.01	25	47100	买盘
10:19:03	18.83	-0.01	12	22595	卖盘
10:18:57	18.84	--	5	9420	买盘
10:18:54	18.84	--	13	24492	卖盘
10:18:51	18.84	0.01	33	62172	卖盘
10:18:48	18.83	-0.01	100	188299	卖盘
10:18:45	18.84	--	30	56520	买盘
10:18:39	18.84	0.01	10	18840	买盘
10:18:36	18.83	-0.01	10	18830	卖盘
10:18:33	18.84	0.01	20	37680	买盘
10:18:27	18.83	--	7	13180	买盘
10:18:24	18.83	0.01	10	18830	买盘
10:18:21	18.82	-0.01	30	56460	卖盘
10:18:18	18.83	--	6	11297	买盘
10:18:12	18.83	0.01	1	1882	买盘
10:18:09	18.82	--	20	37640	卖盘
10:18:06	18.82	0.01	18	33876	买盘
10:18:03	18.81	--	2	3761	卖盘
10:18:00	18.81	--	5	9405	买盘
10:17:57	18.81	--	4	7523	卖盘
10:17:51	18.81	--	5	9405	买盘
10:17:48	18.81	--	10	18810	买盘
10:17:42	18.81	0.01	1	1880	买盘
10:17:36	18.8	--	30	56400	卖盘
10:17:33	18.8	--	80	150400	卖盘
10:17:30	18.8	-0.02	6	11280	卖盘
10:17:24	18.82	0.02	1	1882	买盘
10:17:21	18.8	--	47	88360	卖盘
10:17:18	18.8	--	2	3760	卖盘
10:17:15	18.8	--	3	5640	卖盘
10:17:03	18.8	-0.02	7	13160	卖盘
10:16:54	18.82	-0.01	5	9410	卖盘
10:16:48	18.83	-0.01	17	32010	卖盘
10:16:45	18.84	0.01	38	71592	买盘
10:16:39	18.83	-0.01	3	5648	卖盘
10:16:33	18.84	--	9	16956	卖盘
10:16:30	18.84	--	5	9420	卖盘
10:16:27	18.84	-0.01	30	56520	卖盘
10:16:21	18.85	-0.01	3	5655	买盘
10:16:18	18.86	0.01	20	37720	买盘
10:16:15	18.85	--	5	11253	卖盘
10:16:12	18.85	--	146	275210	卖盘
10:16:06	18.85	--	23	43355	卖盘
10:16:03	18.85	--	2	3770	卖盘
10:16:00	18.85	-0.01	4	7540	卖盘
10:15:57	18.86	0.01	11	20746	买盘
10:15:51	18.85	--	17	32101	买盘
10:15:48	18.85	--	128	241280	买盘
10:15:42	18.85	--	29	56493	卖盘
10:15:36	18.85	-0.02	147	277095	卖盘
10:15:30	18.87	0.01	27	50949	买盘
10:15:27	18.86	0.01	80	150880	买盘
10:15:24	18.85	--	51	96191	卖盘
10:15:21	18.85	-0.03	6	11310	卖盘
10:15:18	18.88	0.03	100	188800	买盘
10:15:15	18.85	--	22	41470	卖盘
10:15:12	18.85	0.01	10	18850	中性盘
10:15:06	18.84	-0.01	48	90432	卖盘
10:15:03	18.85	--	6	11310	买盘
10:14:54	18.85	0.02	14	26390	买盘
10:14:48	18.83	--	10	18830	卖盘
10:14:45	18.83	-0.01	3	5648	卖盘
10:14:42	18.84	0.01	1	1884	买盘
10:14:39	18.83	--	21	39543	卖盘
10:14:36	18.83	--	15	28244	买盘
10:14:33	18.83	--	7	13180	买盘
10:14:30	18.83	0.01	5	9415	买盘
10:14:27	18.82	0.01	5	9410	卖盘
10:14:18	18.81	-0.02	50	94050	卖盘
10:14:15	18.83	0.02	44	82851	买盘
10:14:12	18.81	0.01	14	26334	卖盘
10:14:06	18.8	--	100	188000	卖盘
10:14:00	18.8	-0.01	108	203040	卖盘
10:13:57	18.81	0.01	57	107216	买盘
10:13:51	18.8	--	89	167320	买盘
10:13:48	18.8	--	33	62040	买盘
10:13:45	18.8	--	5	9400	买盘
10:13:42	18.8	--	5	9400	买盘
10:13:39	18.8	0.01	20	37600	买盘
10:13:36	18.79	-0.01	20	37580	卖盘
10:13:30	18.8	0.01	3	5640	买盘
10:13:24	18.79	0.01	10	18790	买盘
10:13:15	18.78	--	39	73242	买盘
10:13:00	18.78	0.02	30	56340	买盘
10:12:57	18.76	0.02	10	18760	买盘
10:12:42	18.74	-0.01	36	67464	卖盘
10:12:36	18.75	--	5	9375	买盘
10:12:33	18.75	-0.02	20	37500	买盘
10:12:30	18.77	0.02	56	105112	买盘
10:12:27	18.75	--	5	9375	买盘
10:12:18	18.75	--	6	11250	买盘
10:12:15	18.75	--	13	24375	买盘
10:12:12	18.75	--	5	9375	买盘
10:12:09	18.75	--	3	5625	买盘
10:12:06	18.75	--	2	3750	买盘
10:12:03	18.75	-0.01	15	28125	卖盘
10:12:00	18.76	0.01	13	24388	买盘
10:11:54	18.75	0.01	19	35625	买盘
10:11:45	18.74	--	2	3747	买盘
10:11:42	18.74	0.01	23	43102	买盘
10:11:36	18.73	-0.01	5	9365	卖盘
10:11:33	18.74	--	3	5621	买盘
10:11:30	18.74	0.01	8	14991	买盘
10:11:27	18.73	--	10	18730	卖盘
10:11:24	18.73	-0.01	4	7492	卖盘
10:11:21	18.74	--	27	50597	买盘
10:11:18	18.74	0.01	7	13117	买盘
10:11:15	18.73	--	1	1873	卖盘
10:11:12	18.73	--	1	1873	卖盘
10:11:09	18.73	0.01	74	138602	买盘
10:11:06	18.72	--	10	18720	卖盘
10:11:00	18.72	0.01	51	95472	买盘
10:10:48	18.71	0.01	20	37420	买盘
10:10:39	18.7	--	3	5610	买盘
10:10:36	18.7	--	50	93500	买盘
10:10:18	18.7	0.03	2	3740	买盘
10:09:54	18.67	-0.03	5	9335	卖盘
10:09:51	18.7	0.03	62	115940	买盘
10:09:48	18.67	--	40	74680	卖盘
10:09:39	18.67	--	26	48542	卖盘
10:09:36	18.67	-0.01	6	11202	卖盘
10:09:33	18.68	--	3	5604	买盘
10:09:30	18.68	0.01	2	3736	买盘
10:09:21	18.67	0.01	10	18670	卖盘
10:09:06	18.66	-0.01	5	9330	卖盘
10:09:00	18.67	0.01	2	3734	买盘
10:08:57	18.66	-0.01	17	31722	卖盘
10:08:51	18.67	--	18	33606	买盘
10:08:42	18.67	--	10	18670	买盘
10:08:39	18.67	--	6	11202	买盘
10:08:36	18.67	0.01	20	37340	买盘
10:08:33	18.66	--	1	1866	卖盘
10:08:30	18.66	--	1	1866	买盘
10:08:24	18.66	0.01	17	31722	买盘
10:08:12	18.65	--	27	50354	买盘
10:08:09	18.65	0.01	5	9325	买盘
10:08:00	18.64	-0.01	14	26096	卖盘
10:07:57	18.65	--	3	5595	买盘
10:07:51	18.65	--	4	7459	买盘
10:07:48	18.65	0.01	5	9325	买盘
10:07:45	18.64	--	3	5592	中性盘
10:07:39	18.64	0.01	10	18640	买盘
10:07:36	18.63	-0.01	11	20493	卖盘
10:07:33	18.64	--	2	3728	买盘
10:07:27	18.64	--	5	9320	买盘
10:07:24	18.64	--	10	18640	买盘
10:07:21	18.64	--	2	3728	买盘
10:07:15	18.64	0.01	5	9320	买盘
10:07:09	18.63	--	64	119232	卖盘
10:07:06	18.63	-0.01	12	22356	卖盘
10:07:03	18.64	--	18	33552	买盘
10:07:00	18.64	0.01	2	3728	买盘
10:06:57	18.63	-0.01	3	5589	卖盘
10:06:54	18.64	0.01	40	74560	买盘
10:06:51	18.63	-0.01	7	13041	卖盘
10:06:45	18.64	--	4	7456	买盘
10:06:42	18.64	0.01	1	1864	中性盘
10:06:39	18.63	-0.01	90	167670	卖盘
10:06:36	18.64	--	10	18640	卖盘
10:06:33	18.64	-0.01	8	14912	卖盘
10:06:30	18.65	0.01	10	18650	买盘
10:06:27	18.64	--	17	31688	卖盘
10:06:24	18.64	--	18	33552	卖盘
10:06:21	18.64	--	8	14912	卖盘
10:06:18	18.64	-0.01	5	9320	卖盘
10:06:12	18.65	--	7	13054	卖盘
10:06:06	18.65	-0.01	614	1145110	卖盘
10:06:03	18.66	--	32	59712	卖盘
10:05:57	18.66	-0.01	1	1866	卖盘
10:05:51	18.67	--	5	9335	买盘
10:05:48	18.67	--	33	61611	买盘
10:05:42	18.67	--	1	1867	买盘
10:05:39	18.67	--	5	9335	买盘
10:05:33	18.67	--	4	7468	买盘
10:05:27	18.67	0.01	10	18670	买盘
10:05:21	18.66	--	5	9330	卖盘
10:05:09	18.66	0.01	10	18660	买盘
10:05:00	18.65	--	10	18650	买盘
10:04:57	18.65	--	8	14919	买盘
10:04:54	18.65	--	10	18650	买盘
10:04:48	18.65	--	19	35435	卖盘
10:04:45	18.65	--	20	37300	卖盘
10:04:42	18.65	--	61	113764	卖盘
10:04:39	18.65	--	8	14919	卖盘
10:04:36	18.65	0.01	7	13054	买盘
10:04:30	18.64	-0.03	6	11184	卖盘
10:04:21	18.67	0.02	227	423809	买盘
10:04:18	18.65	--	1	1864	卖盘
10:04:12	18.65	-0.02	240	447599	卖盘
10:04:06	18.67	--	38	70946	卖盘
10:04:03	18.67	--	1	1867	卖盘
10:04:00	18.67	-0.01	4	7468	卖盘
10:03:57	18.68	-0.01	178	332504	卖盘
10:03:54	18.69	-0.01	15	28035	卖盘
10:03:48	18.7	--	16	29920	买盘
10:03:45	18.7	-0.01	92	172040	卖盘
10:03:42	18.71	-0.02	21	39291	卖盘
10:03:39	18.73	0.02	7	13111	买盘
10:03:33	18.71	-0.02	8	14968	卖盘
10:03:30	18.73	--	1	1873	买盘
10:03:27	18.73	0.01	30	56190	买盘
10:03:15	18.72	-0.01	9	16848	卖盘
10:03:09	18.73	0.02	2	3746	买盘
10:03:06	18.71	--	20	37420	卖盘
10:03:00	18.71	-0.01	12	22452	卖盘
10:02:57	18.72	0.01	31	58032	买盘
10:02:45	18.71	0.01	5	9355	买盘
10:02:36	18.7	0.01	25	46750	买盘
10:02:33	18.69	-0.01	1	1869	卖盘
10:02:30	18.7	0.01	10	18700	买盘
10:02:24	18.69	0.01	57	106533	买盘
10:02:21	18.68	--	17	31756	买盘
10:02:18	18.68	--	54	100872	买盘
10:02:12	18.68	0.01	2	3736	买盘
10:02:09	18.67	-0.01	238	444644	卖盘
10:02:03	18.68	--	44	82192	买盘
10:02:00	18.68	0.01	50	93400	买盘
10:01:57	18.67	--	12	22404	卖盘
10:01:48	18.67	-0.01	8	14936	卖盘
10:01:45	18.68	0.01	10	18680	买盘
10:01:39	18.67	--	13	24271	卖盘
10:01:36	18.67	0.01	14	26455	买盘
10:01:33	18.66	-0.01	13	24258	卖盘
10:01:27	18.67	--	14	26138	买盘
10:01:24	18.67	0.01	5	9335	买盘
10:01:21	18.66	0.01	15	27990	中性盘
10:01:09	18.65	--	24	44760	卖盘
10:01:00	18.65	-0.01	20	38847	卖盘
10:00:57	18.66	--	2	4049	买盘
10:00:54	18.66	--	27	51930	卖盘
10:00:51	18.66	--	21	39186	卖盘
10:00:48	18.66	-0.01	23	42918	卖盘
10:00:45	18.67	0.01	13	24271	买盘
10:00:39	18.66	-0.01	12	22392	卖盘
10:00:30	18.67	0.01	5	9335	买盘
10:00:24	18.66	--	73	136218	卖盘
10:00:21	18.66	-0.01	10	18660	卖盘
10:00:15	18.67	-0.01	10	18670	卖盘
10:00:09	18.68	--	131	244708	卖盘
10:00:06	18.68	--	10	18680	卖盘
09:59:57	18.68	--	5	9340	卖盘
09:59:54	18.68	-0.01	8	14944	卖盘
09:59:48	18.69	--	20	37380	买盘
09:59:45	18.69	-0.03	37	70068	卖盘
09:59:33	18.72	0.03	36	67392	买盘
09:59:24	18.69	-0.01	4	7476	卖盘
09:59:18	18.7	-0.02	11	20570	买盘
09:59:15	18.72	0.03	2	3744	买盘
09:59:12	18.69	-0.03	108	201852	卖盘
09:59:09	18.72	0.02	49	91728	买盘
09:59:06	18.7	--	8	14960	卖盘
09:59:03	18.7	--	10	18700	卖盘
09:59:00	18.7	--	27	51443	卖盘
09:58:57	18.7	--	5	9350	卖盘
09:58:51	18.7	-0.03	73	136510	中性盘
09:58:42	18.73	0.03	40	74920	买盘
09:58:39	18.7	-0.02	8	14960	卖盘
09:58:36	18.72	0.02	22	41184	中性盘
09:58:30	18.7	--	32	59840	卖盘
09:58:27	18.7	-0.03	10	18700	卖盘
09:58:24	18.73	0.03	5	9365	买盘
09:58:21	18.7	-0.03	18	33660	卖盘
09:58:09	18.73	0.03	10	18730	买盘
09:58:06	18.7	-0.03	16	29920	卖盘
09:58:03	18.73	0.01	50	93650	买盘
09:58:00	18.72	-0.01	3	5616	中性盘
09:57:51	18.73	0.03	1	1873	买盘
09:57:48	18.7	--	17	31790	卖盘
09:57:42	18.7	--	13	24310	卖盘
09:57:36	18.7	--	1	1870	卖盘
09:57:33	18.7	0.01	14	26180	买盘
09:57:30	18.69	--	17	31773	卖盘
09:57:21	18.69	-0.01	6	11214	卖盘
09:57:18	18.7	0.01	228	426360	买盘
09:57:15	18.69	--	39	72891	卖盘
09:57:12	18.69	--	2	3738	卖盘
09:57:09	18.69	--	41	76629	卖盘
09:57:06	18.69	-0.01	8	14952	卖盘
09:57:03	18.7	0.01	13	24310	买盘
09:57:00	18.69	--	53	99057	卖盘
09:56:48	18.69	--	20	37380	卖盘
09:56:45	18.69	-0.01	1	1869	卖盘
09:56:42	18.7	0.04	135	252450	买盘
09:56:36	18.66	--	16	30173	买盘
09:56:33	18.66	0.01	8	14928	买盘
09:56:30	18.65	-0.01	6	11190	卖盘
09:56:27	18.66	0.01	1	1866	买盘
09:56:24	18.65	--	8	14919	卖盘
09:56:21	18.65	-0.02	6	12737	卖盘
09:56:18	18.67	0.01	14	26138	买盘
09:56:15	18.66	--	17	31722	卖盘
09:56:12	18.66	--	2	4049	买盘
09:56:09	18.66	-0.04	30	57528	卖盘
09:56:06	18.7	0.04	30	56100	买盘
09:55:57	18.66	-0.01	69	128754	卖盘
09:55:54	18.67	--	2	3734	卖盘
09:55:48	18.67	--	102	190751	买盘
09:55:45	18.67	--	35	65345	买盘
09:55:36	18.67	-0.03	8	14936	卖盘
09:55:33	18.7	--	15	28050	买盘
09:55:30	18.7	--	28	52360	买盘
09:55:27	18.7	--	8	14960	买盘
09:55:24	18.7	--	3	5610	买盘
09:55:21	18.7	--	3	5610	买盘
09:55:12	18.7	0.05	1	1870	买盘
09:55:09	18.65	--	47	87655	卖盘
09:55:06	18.65	-0.02	430	801949	卖盘
09:55:00	18.67	0.02	95	178261	买盘
09:54:57	18.65	--	83	154795	卖盘
09:54:54	18.65	-0.02	2	3729	卖盘
09:54:45	18.67	0.03	10	18670	中性盘
09:54:42	18.64	-0.04	303	564792	卖盘
09:54:39	18.68	0.04	10	18680	买盘
09:54:36	18.64	-0.03	22	41008	卖盘
09:54:33	18.67	0.03	7	13069	中性盘
09:54:30	18.64	-0.03	59	110945	卖盘
09:54:27	18.67	0.03	3	5601	买盘
09:54:21	18.64	-0.03	10	18640	卖盘
09:54:15	18.67	0.03	24	44808	买盘
09:54:09	18.64	--	12	22368	买盘
09:54:06	18.64	0.02	30	55920	买盘
09:54:03	18.62	-0.02	51	94962	卖盘
09:54:00	18.64	0.01	8	14912	买盘
09:53:57	18.63	--	28	52164	卖盘
09:53:54	18.63	-0.01	1	1863	卖盘
09:53:51	18.64	0.01	42	78288	买盘
09:53:48	18.63	0.01	50	93150	卖盘
09:53:45	18.62	-0.02	37	68894	卖盘
09:53:42	18.64	0.01	11	20504	买盘
09:53:39	18.63	0.01	187	348381	中性盘
09:53:36	18.62	-0.01	12	22344	卖盘
09:53:33	18.63	--	240	447120	卖盘
09:53:30	18.63	--	22	40986	卖盘
09:53:27	18.63	-0.02	27	50301	卖盘
09:53:24	18.65	-0.01	1	1864	卖盘
09:53:21	18.66	0.02	41	76506	买盘
09:53:18	18.64	--	15	27960	买盘
09:53:15	18.64	-0.01	44	82016	卖盘
09:53:12	18.65	--	21	39165	买盘
09:53:06	18.65	--	16	29839	买盘
09:53:00	18.65	-0.03	34	63409	卖盘
09:52:54	18.68	-0.02	92	171856	卖盘
09:52:51	18.7	0.01	16	29920	买盘
09:52:45	18.69	-0.01	13	24297	卖盘
09:52:42	18.7	--	20	37400	买盘
09:52:39	18.7	0.01	5	9350	买盘
09:52:36	18.69	-0.01	8	14952	中性盘
09:52:27	18.7	--	38	71060	买盘
09:52:24	18.7	--	136	254320	卖盘
09:52:21	18.7	-0.01	16	29920	卖盘
09:52:18	18.71	0.01	41	76711	买盘
09:52:15	18.7	-0.01	3	5610	卖盘
09:52:12	18.71	-0.01	338	632828	卖盘
09:52:09	18.72	--	50	95041	卖盘
09:52:03	18.72	-0.01	13	24336	卖盘
09:52:00	18.73	--	17	31841	买盘
09:51:57	18.73	--	88	164824	卖盘
09:51:54	18.73	-0.01	6	11238	卖盘
09:51:48	18.74	-0.01	20	37480	卖盘
09:51:39	18.75	0.01	25	46875	买盘
09:51:36	18.74	--	70	131180	卖盘
09:51:33	18.74	-0.01	50	93699	卖盘
09:51:30	18.75	--	6	11250	买盘
09:51:27	18.75	--	35	65625	买盘
09:51:24	18.75	--	8	15000	买盘
09:51:21	18.75	0.02	15	28125	买盘
09:51:18	18.73	-0.02	30	56190	卖盘
09:51:15	18.75	--	35	65625	卖盘
09:51:12	18.75	--	1	1875	卖盘
09:51:09	18.75	0.02	77	144375	买盘
09:51:06	18.73	-0.01	20	37460	卖盘
09:51:03	18.74	-0.01	3	5621	卖盘
09:51:00	18.75	--	26	48750	卖盘
09:50:57	18.75	-0.01	46	86250	卖盘
09:50:54	18.76	0.01	69	129444	买盘
09:50:51	18.75	--	35	65625	卖盘
09:50:48	18.75	--	4	7500	卖盘
09:50:45	18.75	--	142	266250	买盘
09:50:42	18.75	--	2	3750	买盘
09:50:39	18.75	-0.01	29	54375	卖盘
09:50:33	18.76	0.01	12	22512	中性盘
09:50:27	18.75	--	5	9375	卖盘
09:50:21	18.75	--	11	20625	卖盘
09:50:18	18.75	--	29	54375	卖盘
09:50:15	18.75	-0.02	100	187500	卖盘
09:50:12	18.77	--	11	20647	买盘
09:50:03	18.77	0.02	10	18770	中性盘
09:49:57	18.75	-0.02	200	375000	卖盘
09:49:54	18.77	-0.01	89	167053	卖盘
09:49:48	18.78	-0.01	28	54368	卖盘
09:49:45	18.79	--	12	22548	买盘
09:49:39	18.79	0.01	1	1879	买盘
09:49:36	18.78	-0.01	200	375693	卖盘
09:49:33	18.79	--	5	9395	买盘
09:49:30	18.79	-0.01	14	26306	卖盘
09:49:27	18.8	0.01	4	7520	买盘
09:49:18	18.79	--	20	37580	卖盘
09:49:09	18.79	--	212	398348	买盘
09:49:06	18.79	0.01	10	18790	买盘
09:49:03	18.78	-0.01	46	86388	卖盘
09:49:00	18.79	--	1	1879	买盘
09:48:54	18.79	--	10	18790	买盘
09:48:48	18.79	--	9	16911	买盘
09:48:45	18.79	--	5	9395	买盘
09:48:42	18.79	--	25	46975	卖盘
09:48:36	18.79	-0.01	70	131530	卖盘
09:48:33	18.8	0.01	20	37600	买盘
09:48:27	18.79	-0.01	15	28185	卖盘
09:48:24	18.8	0.01	42	78960	买盘
09:48:18	18.79	-0.01	20	37580	卖盘
09:48:15	18.8	--	5	9400	买盘
09:48:12	18.8	--	43	80840	买盘
09:48:09	18.8	--	41	77080	买盘
09:48:06	18.8	--	79	148520	卖盘
09:48:00	18.8	--	21	39480	买盘
09:47:57	18.8	--	21	39480	买盘
09:47:48	18.8	0.01	20	37600	买盘
09:47:39	18.79	-0.01	10	18790	卖盘
09:47:30	18.8	--	2	3760	买盘
09:47:27	18.8	--	5	9400	买盘
09:47:24	18.8	--	23	43240	买盘
09:47:18	18.8	0.01	11	20680	买盘
09:47:06	18.79	--	1	1879	买盘
09:47:03	18.79	0.01	2	3758	买盘
09:46:57	18.78	-0.01	4	7512	卖盘
09:46:54	18.79	0.01	14	26306	中性盘
09:46:48	18.78	--	45	84510	卖盘
09:46:42	18.78	-0.01	19	35682	卖盘
09:46:39	18.79	--	104	195416	买盘
09:46:33	18.79	0.01	8	15032	中性盘
09:46:15	18.78	-0.01	199	373722	卖盘
09:46:03	18.79	--	204	383316	买盘
09:45:51	18.79	--	20	37580	买盘
09:45:45	18.79	-0.01	57	107103	卖盘
09:45:42	18.8	--	8	15040	买盘
09:45:39	18.8	--	10	18800	买盘
09:45:36	18.8	0.01	15	28200	买盘
09:45:33	18.79	-0.01	20	37580	卖盘
09:45:30	18.8	--	5	9400	买盘
09:45:27	18.8	--	5	9400	买盘
09:45:21	18.8	--	4	7520	卖盘
09:45:15	18.8	--	105	197400	买盘
09:45:12	18.8	--	95	178600	卖盘
09:45:09	18.8	-0.01	8	15040	卖盘
09:45:06	18.81	0.01	3	5643	买盘
09:44:57	18.8	0.01	30	56400	买盘
09:44:54	18.79	--	0	1653	卖盘
09:44:48	18.79	--	6	11274	卖盘
09:44:45	18.79	--	202	379558	卖盘
09:44:42	18.79	--	87	163473	买盘
09:44:39	18.79	--	5	9395	买盘
09:44:36	18.79	--	5	9395	买盘
09:44:30	18.79	-0.01	64	120256	卖盘
09:44:24	18.8	0.01	10	18800	买盘
09:44:18	18.79	--	5	9395	卖盘
09:44:15	18.79	-0.01	1	1879	卖盘
09:44:12	18.8	0.01	31	58280	买盘
09:44:03	18.79	--	5	9395	卖盘
09:44:00	18.79	-0.01	45	84555	卖盘
09:43:57	18.8	0.01	20	37600	买盘
09:43:51	18.79	--	1	1879	买盘
09:43:36	18.79	--	29	54491	卖盘
09:43:27	18.79	-0.01	13	24427	卖盘
09:43:24	18.8	--	17	31960	卖盘
09:43:21	18.8	--	145	272600	卖盘
09:43:18	18.8	--	49	92120	卖盘
09:43:12	18.8	--	21	39480	卖盘
09:43:09	18.8	-0.01	6	11280	卖盘
09:43:06	18.81	0.01	2	3761	买盘
09:43:03	18.8	-0.01	6	11280	卖盘
09:43:00	18.81	--	20	37620	买盘
09:42:39	18.81	-0.01	114	214433	卖盘
09:42:36	18.82	0.01	1	1882	买盘
09:42:33	18.81	--	106	199386	卖盘
09:42:21	18.81	--	6	11286	买盘
09:42:18	18.81	0.01	7	13167	中性盘
09:42:15	18.8	-0.01	137	257560	卖盘
09:42:12	18.81	--	3	5643	卖盘
09:42:09	18.81	-0.01	72	135432	卖盘
09:42:06	18.82	--	10	18820	买盘
09:42:03	18.82	0.01	3	5646	买盘
09:41:57	18.81	-0.01	6	11286	卖盘
09:41:48	18.82	--	5	9410	买盘
09:41:42	18.82	--	6	11292	买盘
09:41:39	18.82	-0.01	18	33876	卖盘
09:41:33	18.83	0.01	10	18830	买盘
09:41:30	18.82	--	2	3764	卖盘
09:41:24	18.82	--	15	28230	卖盘
09:41:21	18.82	0.01	5	9410	中性盘
09:41:18	18.81	-0.01	5	9405	卖盘
09:41:15	18.82	--	20	37640	卖盘
09:41:12	18.82	--	21	39522	买盘
09:41:09	18.82	--	5	9410	买盘
09:41:06	18.82	0.01	2	3764	买盘
09:41:03	18.81	--	6	11286	卖盘
09:40:57	18.81	-0.01	20	37620	卖盘
09:40:54	18.82	0.01	45	84690	买盘
09:40:51	18.81	-0.01	20	37620	卖盘
09:40:48	18.82	--	2	3764	卖盘
09:40:45	18.82	0.01	111	208902	买盘
09:40:36	18.81	--	5	9405	卖盘
09:40:30	18.81	--	10	18810	卖盘
09:40:27	18.81	-0.01	20	37620	卖盘
09:40:24	18.82	-0.01	2	3764	卖盘
09:40:21	18.83	--	3	5648	买盘
09:40:12	18.83	--	1	1882	买盘
09:40:09	18.83	-0.01	6	11297	买盘
09:40:06	18.84	--	35	65940	买盘
09:40:03	18.84	0.01	130	244920	买盘
09:39:57	18.83	-0.01	1	1882	卖盘
09:39:54	18.84	-0.01	3	5652	中性盘
09:39:48	18.85	--	2	3770	买盘
09:39:45	18.85	-0.01	7	13195	卖盘
09:39:42	18.86	--	10	18860	买盘
09:39:39	18.86	--	104	196144	买盘
09:39:36	18.86	-0.03	293	553484	卖盘
09:39:27	18.89	0.01	18	34002	买盘
09:39:24	18.88	0.02	16	30208	买盘
09:39:21	18.86	--	3	5658	卖盘
09:39:18	18.86	--	5	9430	卖盘
09:39:09	18.86	-0.01	5	9430	卖盘
09:39:06	18.87	0.01	1	1887	买盘
09:39:00	18.86	--	123	232977	买盘
09:38:57	18.86	--	3	5658	买盘
09:38:51	18.86	--	5	9430	买盘
09:38:48	18.86	--	77	146108	卖盘
09:38:42	18.86	--	7	13202	卖盘
09:38:39	18.86	0.03	130	246179	买盘
09:38:30	18.83	0.03	5	9415	中性盘
09:38:21	18.8	--	4	7520	买盘
09:38:18	18.8	--	29	54520	买盘
09:38:15	18.8	--	8	15040	买盘
09:38:12	18.8	-0.03	49	92120	卖盘
09:38:09	18.83	--	1	1882	买盘
09:38:06	18.83	-0.01	1	1882	中性盘
09:38:00	18.84	0.04	10	18840	买盘
09:37:57	18.8	-0.04	10	18800	卖盘
09:37:54	18.84	0.04	40	75360	买盘
09:37:51	18.8	0.02	3	5640	中性盘
09:37:33	18.78	--	2	3756	卖盘
09:37:27	18.78	--	199	373722	买盘
09:37:24	18.78	--	45	84510	买盘
09:37:21	18.78	--	24	45072	买盘
09:37:18	18.78	--	172	323016	卖盘
09:37:06	18.78	-0.07	100	187800	卖盘
09:36:57	18.85	0.06	330	622050	买盘
09:36:54	18.79	-0.01	3	5637	卖盘
09:36:51	18.8	0.01	13	24440	买盘
09:36:45	18.79	-0.01	1	1879	卖盘
09:36:42	18.8	0.01	3	5640	买盘
09:36:39	18.79	--	10	18790	卖盘
09:36:36	18.79	-0.01	30	56370	卖盘
09:36:30	18.8	--	4	7520	买盘
09:36:27	18.8	0.01	6	11280	买盘
09:36:24	18.79	--	2	3758	卖盘
09:36:21	18.79	--	21	39459	买盘
09:36:18	18.79	--	11	20669	买盘
09:36:15	18.79	0.01	34	63886	买盘
09:36:12	18.78	--	64	120192	买盘
09:36:03	18.78	-0.01	55	103290	中性盘
09:36:00	18.79	0.01	43	80797	买盘
09:35:57	18.78	--	5	9390	买盘
09:35:54	18.78	--	8	15024	买盘
09:35:51	18.78	0.01	9	16902	卖盘
09:35:48	18.77	--	14	26278	卖盘
09:35:45	18.77	--	29	54433	卖盘
09:35:42	18.77	-0.01	11	20647	卖盘
09:35:33	18.78	--	18	33804	买盘
09:35:27	18.78	--	10	18780	买盘
09:35:18	18.78	0.02	142	266676	买盘
09:35:15	18.76	-0.02	12	22512	卖盘
09:35:12	18.78	--	43	80754	买盘
09:35:06	18.78	--	14	26292	买盘
09:34:57	18.78	0.02	5	9390	买盘
09:34:51	18.76	-0.03	40	75040	卖盘
09:34:48	18.79	--	5	9395	买盘
09:34:45	18.79	0.01	10	18790	买盘
09:34:42	18.78	-0.01	5	9390	卖盘
09:34:36	18.79	--	16	30064	卖盘
09:34:33	18.79	--	8	15032	卖盘
09:34:30	18.79	--	28	52612	卖盘
09:34:27	18.79	--	7	13153	卖盘
09:34:24	18.79	--	10	18790	卖盘
09:34:21	18.79	0.03	43	80797	买盘
09:34:18	18.76	-0.03	17	31892	卖盘
09:34:15	18.79	--	8	15032	买盘
09:34:12	18.79	-0.01	44	82676	卖盘
09:34:09	18.8	0.01	5	9400	买盘
09:34:03	18.79	--	3	5637	卖盘
09:34:00	18.79	-0.01	60	112740	卖盘
09:33:57	18.8	0.01	10	18800	买盘
09:33:51	18.79	--	16	30064	卖盘
09:33:45	18.79	--	14	26306	卖盘
09:33:42	18.79	0.04	2	3758	中性盘
09:33:36	18.75	0.04	1	1875	买盘
09:33:27	18.71	-0.1	30	56130	卖盘
09:33:21	18.81	0.05	65	122264	买盘
09:33:18	18.76	0.01	32	60032	卖盘
09:33:15	18.75	-0.01	22	41250	卖盘
09:33:12	18.76	--	3	5628	买盘
09:33:09	18.76	0.01	50	93800	买盘
09:33:06	18.75	-0.01	10	18750	卖盘
09:33:03	18.76	--	2	3752	买盘
09:33:00	18.76	--	8	15008	买盘
09:32:51	18.76	--	84	157584	卖盘
09:32:48	18.76	-0.04	21	39396	卖盘
09:32:42	18.8	--	11	20680	买盘
09:32:39	18.8	--	18	33840	买盘
09:32:36	18.8	--	1	1880	买盘
09:32:33	18.8	-0.01	82	154160	卖盘
09:32:27	18.81	0.01	30	56429	买盘
09:32:24	18.8	-0.01	59	110920	卖盘
09:32:21	18.81	-0.01	23	43263	卖盘
09:32:18	18.82	--	2	3764	买盘
09:32:15	18.82	--	10	18820	买盘
09:32:12	18.82	-0.01	99	186318	卖盘
09:32:09	18.83	--	1	1882	卖盘
09:32:06	18.83	0.01	53	99798	买盘
09:32:03	18.82	--	14	26348	卖盘
09:32:00	18.82	-0.01	5	9410	卖盘
09:31:54	18.83	0.01	4	7531	买盘
09:31:45	18.82	-0.01	6	11292	卖盘
09:31:42	18.83	--	10	18830	买盘
09:31:39	18.83	--	7	13180	买盘
09:31:36	18.83	--	10	18830	买盘
09:31:33	18.83	--	18	33894	买盘
09:31:30	18.83	-0.02	25	47074	中性盘
09:31:21	18.85	--	101	190385	买盘
09:31:18	18.85	--	5	9425	买盘
09:31:15	18.85	--	62	116870	买盘
09:31:12	18.85	--	32	60320	卖盘
09:31:09	18.85	--	7	13195	卖盘
09:31:03	18.85	0.02	19	35815	买盘
09:31:00	18.83	-0.02	3	5648	卖盘
09:30:57	18.85	0.02	49	92365	买盘
09:30:54	18.83	-0.02	14	26361	卖盘
09:30:48	18.85	0.04	9	16965	买盘
09:30:42	18.81	-0.04	3	5643	卖盘
09:30:36	18.85	0.04	1	1885	买盘
09:30:33	18.81	-0.04	42	79002	卖盘
09:30:30	18.85	0.05	13	24505	中性盘
09:30:27	18.8	-0.05	41	77080	卖盘
09:30:21	18.85	--	4	7540	买盘
09:30:18	18.85	--	2	3770	买盘
09:30:09	18.85	-0.01	3	5655	中性盘
09:30:06	18.86	--	36	67896	买盘
09:30:03	18.86	-0.02	168	316848	中性盘
09:30:00	18.88	--	0	0	买盘
09:25:03	18.88	18.88	89	168032	买盘
