成交时间	成交价	价格变动	成交量(手)	成交额(元)	性质
15:00:03	3.94	--	567	223398	卖盘
14:57:00	3.94	--	0	0	卖盘
14:56:51	3.94	--	2	788	卖盘
14:56:45	3.94	--	25	9850	卖盘
14:56:42	3.94	--	338	133172	卖盘
14:56:39	3.94	--	140	55160	卖盘
14:56:36	3.94	-0.01	32	12608	卖盘
14:56:33	3.95	--	1	395	买盘
14:56:24	3.95	0.01	269	106255	买盘
14:56:18	3.94	-0.01	10	3940	卖盘
14:56:12	3.95	0.01	20	7900	买盘
14:56:09	3.94	--	1	394	卖盘
14:56:03	3.94	--	5	1970	卖盘
14:56:00	3.94	--	22	8668	卖盘
14:55:57	3.94	--	2	788	卖盘
14:55:51	3.94	--	10	3940	卖盘
14:55:45	3.94	--	122	48068	卖盘
14:55:39	3.94	--	150	59100	卖盘
14:55:33	3.94	--	5	1970	卖盘
14:55:27	3.94	-0.01	80	31520	卖盘
14:55:24	3.95	0.01	60	23700	买盘
14:55:18	3.94	--	22	8668	卖盘
14:55:15	3.94	--	2	788	卖盘
14:55:12	3.94	--	302	118988	卖盘
14:55:09	3.94	--	72	28368	卖盘
14:55:00	3.94	--	712	280756	买盘
14:54:57	3.94	0.01	50	19700	买盘
14:54:54	3.93	--	12	4716	卖盘
14:54:51	3.93	-0.01	50	19650	卖盘
14:54:48	3.94	--	20	7880	买盘
14:54:45	3.94	--	24	9456	买盘
14:54:42	3.94	--	38	14972	买盘
14:54:33	3.94	--	64	25216	买盘
14:54:27	3.94	--	3	1182	买盘
14:54:24	3.94	--	33	13002	买盘
14:54:21	3.94	--	4	1576	买盘
14:54:18	3.94	--	34	13396	买盘
14:54:15	3.94	--	15	5910	买盘
14:54:09	3.94	--	5	1970	买盘
14:54:06	3.94	--	2	788	买盘
14:54:03	3.94	--	27	10638	买盘
14:54:00	3.94	--	14	5516	买盘
14:53:57	3.94	0.01	50	19700	买盘
14:53:54	3.93	--	11	4323	卖盘
14:53:51	3.93	--	100	39300	卖盘
14:53:48	3.93	-0.01	45	17685	卖盘
14:53:45	3.94	--	15	5910	买盘
14:53:42	3.94	--	590	232460	买盘
14:53:36	3.94	--	30	11820	买盘
14:53:33	3.94	0.01	1	394	买盘
14:53:30	3.93	-0.01	410	161130	卖盘
14:53:24	3.94	0.01	18	7092	买盘
14:53:21	3.93	-0.01	33	12969	卖盘
14:53:18	3.94	--	12	4728	买盘
14:53:15	3.94	0.01	93	36642	买盘
14:53:12	3.93	-0.01	8	3144	卖盘
14:53:09	3.94	--	20	7880	买盘
14:53:06	3.94	0.01	171	67374	买盘
14:52:51	3.93	-0.01	257	101001	卖盘
14:52:42	3.94	0.01	115	45310	买盘
14:52:36	3.93	--	168	66024	卖盘
14:52:30	3.93	--	15	5895	卖盘
14:52:27	3.93	-0.01	71	27903	卖盘
14:52:18	3.94	--	263	103622	买盘
14:52:12	3.94	--	35	13790	买盘
14:52:09	3.94	0.01	24	9456	买盘
14:52:03	3.93	-0.01	3	1179	卖盘
14:52:00	3.94	--	19	7486	买盘
14:51:57	3.94	0.01	30	11820	买盘
14:51:54	3.93	-0.01	2	786	卖盘
14:51:48	3.94	--	3	1182	买盘
14:51:45	3.94	--	80	31520	买盘
14:51:42	3.94	--	50	19700	买盘
14:51:39	3.94	--	3	1182	买盘
14:51:36	3.94	--	1	394	买盘
14:51:33	3.94	--	128	50597	卖盘
14:51:30	3.94	--	10	3940	卖盘
14:51:27	3.94	--	34	13624	买盘
14:51:24	3.94	--	200	78800	买盘
14:51:21	3.94	--	34	13396	买盘
14:51:18	3.94	0.01	1052	414488	买盘
14:51:12	3.93	-0.01	1	393	卖盘
14:51:09	3.94	--	130	51385	卖盘
14:51:00	3.94	--	120	47280	卖盘
14:50:54	3.94	--	17	6698	卖盘
14:50:51	3.94	--	126	49644	卖盘
14:50:48	3.94	--	865	341038	买盘
14:50:45	3.94	--	10	3940	买盘
14:50:36	3.94	--	24	9456	买盘
14:50:33	3.94	--	36	14184	买盘
14:50:30	3.94	--	310	122140	买盘
14:50:27	3.94	--	1	394	买盘
14:50:24	3.94	--	26	10244	买盘
14:50:18	3.94	--	351	138459	卖盘
14:50:09	3.94	--	31	12214	卖盘
14:50:06	3.94	--	123	48462	卖盘
14:50:00	3.94	-0.01	4	1576	卖盘
14:49:54	3.95	0.01	13	5135	买盘
14:49:51	3.94	-0.01	134	52796	卖盘
14:49:45	3.95	--	16	6320	买盘
14:49:36	3.95	--	10	3950	买盘
14:49:30	3.95	0.01	60	23700	买盘
14:49:27	3.94	--	100	39400	卖盘
14:49:24	3.94	--	30	11820	卖盘
14:49:21	3.94	--	56	22064	卖盘
14:49:18	3.94	--	792	312158	卖盘
14:49:12	3.94	--	1	394	卖盘
14:49:09	3.94	--	2	788	卖盘
14:49:06	3.94	--	12	4728	卖盘
14:49:00	3.94	--	1	394	卖盘
14:48:57	3.94	-0.01	660	260040	卖盘
14:48:54	3.95	0.01	6	2370	买盘
14:48:42	3.94	-0.01	4	1576	卖盘
14:48:39	3.95	--	3	1185	买盘
14:48:33	3.95	0.01	41	16195	买盘
14:48:30	3.94	-0.01	400	157600	卖盘
14:48:27	3.95	0.01	114	45030	买盘
14:48:24	3.94	--	17	6698	卖盘
14:48:06	3.94	--	54	21276	卖盘
14:48:03	3.94	-0.01	172	67768	卖盘
14:47:57	3.95	--	88	34760	买盘
14:47:51	3.95	0.01	7	2765	买盘
14:47:42	3.94	--	57	22458	卖盘
14:47:36	3.94	--	30	11820	卖盘
14:47:27	3.94	--	15	5910	卖盘
14:47:21	3.94	-0.01	126	49644	卖盘
14:47:15	3.95	0.01	101	39895	买盘
14:47:09	3.94	-0.01	51	20094	卖盘
14:47:00	3.95	0.01	58	22910	买盘
14:46:57	3.94	--	122	48068	卖盘
14:46:54	3.94	--	8	3152	卖盘
14:46:51	3.94	-0.01	23	9062	卖盘
14:46:48	3.95	0.01	1	395	买盘
14:46:42	3.94	--	24	9456	卖盘
14:46:39	3.94	-0.01	30	11820	卖盘
14:46:36	3.95	0.01	179	70705	买盘
14:46:30	3.94	--	10	3940	卖盘
14:46:27	3.94	--	26	10244	卖盘
14:46:24	3.94	--	200	78800	卖盘
14:46:21	3.94	--	36	14184	卖盘
14:46:18	3.94	--	4	1576	卖盘
14:46:12	3.94	--	200	78800	卖盘
14:46:09	3.94	--	10	4058	买盘
14:46:06	3.94	--	35	13790	买盘
14:46:00	3.94	--	269	105986	买盘
14:45:54	3.94	--	5	1970	买盘
14:45:51	3.94	--	229	90226	买盘
14:45:42	3.94	--	9	3546	买盘
14:45:39	3.94	--	6	2364	买盘
14:45:30	3.94	--	90	35460	买盘
14:45:27	3.94	--	222	87743	卖盘
14:45:24	3.94	--	64	25216	卖盘
14:45:18	3.94	--	11	4334	卖盘
14:45:15	3.94	--	133	52402	卖盘
14:45:12	3.94	-0.01	568	223792	卖盘
14:45:09	3.95	0.01	26	10270	买盘
14:45:06	3.94	--	1570	618580	卖盘
14:45:03	3.94	--	60	23640	卖盘
14:45:00	3.94	-0.01	32	12608	卖盘
14:44:57	3.95	0.01	40	15800	买盘
14:44:54	3.94	-0.01	163	64222	卖盘
14:44:48	3.95	0.01	131	51745	买盘
14:44:42	3.94	--	488	192272	卖盘
14:44:39	3.94	--	20	7880	卖盘
14:44:36	3.94	--	50	19700	卖盘
14:44:30	3.94	--	41	16154	卖盘
14:44:27	3.94	--	199	78406	卖盘
14:44:24	3.94	--	173	68162	卖盘
14:44:21	3.94	--	26	10244	卖盘
14:44:18	3.94	-0.01	177	69895	卖盘
14:44:12	3.95	--	801	316395	买盘
14:44:06	3.95	0.01	84	33180	买盘
14:44:03	3.94	--	103	40582	卖盘
14:44:00	3.94	-0.01	70	27580	卖盘
14:43:57	3.95	0.01	20	7900	买盘
14:43:54	3.94	-0.01	120	47280	卖盘
14:43:48	3.95	--	7	2765	买盘
14:43:45	3.95	0.01	136	53720	买盘
14:43:39	3.94	--	14	5516	卖盘
14:43:36	3.94	--	5	1970	卖盘
14:43:33	3.94	--	3	1182	卖盘
14:43:24	3.94	--	918	361692	卖盘
14:43:15	3.94	-0.01	106	41764	卖盘
14:43:12	3.95	0.01	4	1580	买盘
14:43:00	3.94	--	140	55160	卖盘
14:42:54	3.94	-0.01	42	16548	卖盘
14:42:51	3.95	0.01	90	35550	买盘
14:42:48	3.94	--	90	35460	卖盘
14:42:45	3.94	--	11	4334	卖盘
14:42:42	3.94	--	55	21670	卖盘
14:42:39	3.94	--	21	8274	卖盘
14:42:33	3.94	--	245	96530	卖盘
14:42:30	3.94	-0.01	50	19700	卖盘
14:42:27	3.95	0.01	95	37525	买盘
14:42:21	3.94	--	11	4334	卖盘
14:42:12	3.94	--	6	2364	卖盘
14:42:03	3.94	--	82	32308	卖盘
14:42:00	3.94	-0.01	6	2364	卖盘
14:41:54	3.95	0.01	2	790	买盘
14:41:51	3.94	--	15	5910	卖盘
14:41:48	3.94	-0.01	64	25216	卖盘
14:41:45	3.95	0.01	34	13430	买盘
14:41:33	3.94	--	9	3546	卖盘
14:41:30	3.94	--	38	14972	卖盘
14:41:06	3.94	-0.01	10	3940	卖盘
14:41:03	3.95	0.01	64	25280	买盘
14:40:57	3.94	-0.01	26	10244	卖盘
14:40:54	3.95	0.01	62	24490	买盘
14:40:51	3.94	--	61	24034	卖盘
14:40:48	3.94	--	18	7092	卖盘
14:40:45	3.94	--	23	9062	卖盘
14:40:42	3.94	-0.01	46	18124	卖盘
14:40:36	3.95	0.01	1	395	买盘
14:40:33	3.94	--	30	11820	卖盘
14:40:30	3.94	-0.01	400	157600	卖盘
14:40:24	3.95	0.01	41	16195	买盘
14:40:21	3.94	--	76	29944	卖盘
14:40:15	3.94	--	58	22852	卖盘
14:40:09	3.94	--	10	3940	卖盘
14:40:06	3.94	--	19	7486	卖盘
14:40:00	3.94	--	1	394	卖盘
14:39:54	3.94	--	3	1182	卖盘
14:39:48	3.94	--	10	3940	卖盘
14:39:45	3.94	--	17	6698	卖盘
14:39:36	3.94	--	58	22852	卖盘
14:39:33	3.94	-0.01	120	47280	卖盘
14:39:30	3.95	0.01	25	9875	买盘
14:39:27	3.94	--	2	788	卖盘
14:39:21	3.94	-0.01	10	3940	卖盘
14:39:15	3.95	0.01	16	6320	买盘
14:39:09	3.94	--	90	35460	卖盘
14:39:06	3.94	--	70	27580	卖盘
14:39:03	3.94	--	60	23640	卖盘
14:38:54	3.94	--	100	39400	卖盘
14:38:51	3.94	-0.01	21	8274	卖盘
14:38:48	3.95	0.01	27	10665	买盘
14:38:45	3.94	--	26	10244	卖盘
14:38:42	3.94	--	100	39400	卖盘
14:38:33	3.94	--	1	394	卖盘
14:38:24	3.94	--	204	80376	卖盘
14:38:15	3.94	--	15	5910	卖盘
14:38:12	3.94	--	68	26792	卖盘
14:37:48	3.94	-0.01	20	7880	卖盘
14:37:45	3.95	0.01	150	59250	买盘
14:37:39	3.94	--	310	122140	卖盘
14:37:36	3.94	-0.01	29	11426	卖盘
14:37:33	3.95	--	60	23700	买盘
14:37:30	3.95	0.01	33	13035	买盘
14:37:27	3.94	-0.01	4	1576	卖盘
14:37:18	3.95	0.01	1	395	买盘
14:37:15	3.94	--	34	13396	卖盘
14:37:12	3.94	-0.01	4	1576	卖盘
14:37:09	3.95	--	16	6320	买盘
14:37:06	3.95	0.01	25	9875	买盘
14:36:54	3.94	--	1	394	卖盘
14:36:48	3.94	--	4	1576	卖盘
14:36:45	3.94	-0.01	436	171784	卖盘
14:36:36	3.95	--	2	790	买盘
14:36:30	3.95	0.01	105	41475	买盘
14:36:27	3.94	-0.01	1	394	卖盘
14:36:21	3.95	--	15	5925	买盘
14:36:18	3.95	--	30	11850	买盘
14:36:15	3.95	--	3	1185	买盘
14:36:12	3.95	0.01	204	80580	买盘
14:36:06	3.94	-0.01	2	788	卖盘
14:36:03	3.95	0.01	1	395	买盘
14:36:00	3.94	--	400	157600	卖盘
14:35:57	3.94	--	1	394	卖盘
14:35:54	3.94	-0.01	27	10638	卖盘
14:35:48	3.95	--	5	1975	买盘
14:35:45	3.95	0.01	2	790	买盘
14:35:24	3.94	--	35	13790	卖盘
14:35:21	3.94	--	20	7880	卖盘
14:35:18	3.94	-0.01	11	4334	卖盘
14:35:03	3.95	0.01	3	1185	买盘
14:35:00	3.94	--	103	40582	卖盘
14:34:57	3.94	--	47	18518	卖盘
14:34:54	3.94	--	11	4334	卖盘
14:34:51	3.94	-0.01	5	1970	卖盘
14:34:39	3.95	0.01	9	3555	买盘
14:34:36	3.94	--	30	11820	卖盘
14:34:30	3.94	-0.01	37	14578	卖盘
14:34:27	3.95	--	19	7505	买盘
14:34:21	3.95	--	10	3950	买盘
14:34:18	3.95	--	10	3950	买盘
14:34:12	3.95	0.01	27	10665	买盘
14:34:09	3.94	-0.01	36	14184	卖盘
14:34:03	3.95	0.01	9	3555	买盘
14:33:57	3.94	--	55	21670	卖盘
14:33:54	3.94	--	10	3940	卖盘
14:33:48	3.94	-0.01	6	2364	卖盘
14:33:42	3.95	--	10	3950	买盘
14:33:39	3.95	0.01	181	71495	买盘
14:33:36	3.94	-0.01	13	5122	卖盘
14:33:24	3.95	0.01	842	332590	买盘
14:33:18	3.94	--	25	9850	卖盘
14:33:09	3.94	-0.01	16	6304	卖盘
14:33:00	3.95	0.01	5	1975	买盘
14:32:54	3.94	-0.01	50	19700	卖盘
14:32:51	3.95	0.01	9	3555	买盘
14:32:48	3.94	--	7	2758	卖盘
14:32:45	3.94	-0.01	8	3152	卖盘
14:32:27	3.95	0.01	26	10270	买盘
14:32:24	3.94	-0.01	33	13002	卖盘
14:32:12	3.95	0.01	2	790	买盘
14:32:09	3.94	-0.01	12	4728	卖盘
14:32:06	3.95	--	11	4345	买盘
14:32:03	3.95	--	12	4740	买盘
14:32:00	3.95	--	12	4740	买盘
14:31:36	3.95	--	41	16195	买盘
14:31:30	3.95	0.01	53	20935	买盘
14:31:24	3.94	--	116	45704	卖盘
14:31:21	3.94	-0.01	42	16548	卖盘
14:31:15	3.95	--	32	12640	买盘
14:31:06	3.95	0.01	82	32390	买盘
14:30:57	3.94	--	16	6304	卖盘
14:30:51	3.94	-0.01	25	9850	卖盘
14:30:48	3.95	--	20	7900	买盘
14:30:42	3.95	--	50	19750	买盘
14:30:27	3.95	--	50	19750	买盘
14:30:21	3.95	--	2	790	买盘
14:30:15	3.95	--	5	1975	买盘
14:30:09	3.95	0.01	1	395	买盘
14:30:03	3.94	-0.01	9	3546	卖盘
14:30:00	3.95	0.01	36	14220	买盘
14:29:54	3.94	-0.01	24	9456	卖盘
14:29:33	3.95	--	35	13825	买盘
14:29:30	3.95	0.01	1	395	买盘
14:29:18	3.94	-0.01	33	13002	卖盘
14:29:15	3.95	--	1	395	买盘
14:29:09	3.95	0.01	28	11060	买盘
14:29:03	3.94	-0.01	50	19700	卖盘
14:29:00	3.95	0.01	500	197500	买盘
14:28:57	3.94	--	500	197000	卖盘
14:28:51	3.94	--	77	30338	卖盘
14:28:42	3.94	--	11	4334	卖盘
14:28:36	3.94	--	3	1182	卖盘
14:28:15	3.94	-0.01	23	9062	卖盘
14:28:12	3.95	--	2	790	买盘
14:28:06	3.95	0.01	2	790	买盘
14:28:03	3.94	--	10	3940	卖盘
14:27:57	3.94	--	40	15760	卖盘
14:27:54	3.94	-0.01	100	39400	卖盘
14:27:51	3.95	0.01	10	3950	买盘
14:27:30	3.94	--	351	138294	卖盘
14:27:18	3.94	--	98	38612	卖盘
14:27:15	3.94	--	105	41370	卖盘
14:27:09	3.94	-0.01	9	3546	卖盘
14:26:57	3.95	0.01	2	790	买盘
14:26:51	3.94	--	3	1182	卖盘
14:26:48	3.94	--	110	43340	卖盘
14:26:42	3.94	--	12	4728	卖盘
14:26:36	3.94	--	80	31520	卖盘
14:26:30	3.94	--	3	1182	卖盘
14:26:27	3.94	-0.01	31	12214	卖盘
14:26:21	3.95	0.01	10	3950	买盘
14:26:15	3.94	--	28	11032	卖盘
14:26:09	3.94	-0.01	200	78800	卖盘
14:26:00	3.95	0.01	152	60040	买盘
14:25:57	3.94	--	238	93772	卖盘
14:25:54	3.94	--	85	33490	卖盘
14:25:48	3.94	-0.01	145	57130	卖盘
14:25:42	3.95	0.01	30	11850	买盘
14:25:39	3.94	--	10	3940	卖盘
14:25:30	3.94	--	20	7880	卖盘
14:25:18	3.94	-0.01	69	27186	卖盘
14:25:06	3.95	0.01	5	1975	买盘
14:25:03	3.94	-0.01	100	39400	卖盘
14:25:00	3.95	0.01	3	1185	买盘
14:24:57	3.94	--	10	3940	卖盘
14:24:54	3.94	--	803	316382	卖盘
14:24:51	3.94	--	119	46886	卖盘
14:24:48	3.94	--	25	9850	卖盘
14:24:45	3.94	--	30	11820	卖盘
14:24:42	3.94	--	40	15760	卖盘
14:24:36	3.94	--	236	92984	卖盘
14:24:33	3.94	--	200	78800	卖盘
14:24:30	3.94	-0.01	150	59100	卖盘
14:24:24	3.95	0.01	6	2370	买盘
14:24:21	3.94	--	100	39400	卖盘
14:24:09	3.94	-0.01	6	2364	卖盘
14:24:06	3.95	0.01	51	20145	买盘
14:24:03	3.94	--	1	394	卖盘
14:24:00	3.94	--	103	40582	卖盘
14:23:54	3.94	--	30	11820	卖盘
14:23:48	3.94	--	11	4334	卖盘
14:23:45	3.94	--	20	7880	卖盘
14:23:42	3.94	-0.01	3	1182	卖盘
14:23:39	3.95	0.01	2	790	买盘
14:23:27	3.94	--	54	21276	卖盘
14:23:18	3.94	--	20	7880	卖盘
14:23:15	3.94	--	5	1970	卖盘
14:23:03	3.94	-0.01	3	1182	卖盘
14:22:54	3.95	--	60	23700	买盘
14:22:51	3.95	0.01	30	11850	买盘
14:22:48	3.94	-0.01	152	59888	卖盘
14:22:42	3.95	0.01	50	19750	买盘
14:22:39	3.94	--	30	11820	卖盘
14:22:24	3.94	--	80	31520	卖盘
14:22:21	3.94	--	48	18912	卖盘
14:22:15	3.94	--	81	31914	卖盘
14:22:12	3.94	--	150	59100	卖盘
14:21:57	3.94	--	30	11820	卖盘
14:21:51	3.94	--	1	394	卖盘
14:21:45	3.94	--	10	3940	卖盘
14:21:39	3.94	-0.01	5	1970	卖盘
14:21:36	3.95	0.01	28	11060	买盘
14:21:30	3.94	-0.01	316	124504	卖盘
14:21:27	3.95	--	4	1580	买盘
14:21:15	3.95	0.01	9	3555	买盘
14:21:12	3.94	-0.01	35	13790	卖盘
14:21:00	3.95	--	37	14615	买盘
14:20:51	3.95	0.01	4	1580	买盘
14:20:48	3.94	-0.01	50	19700	卖盘
14:20:45	3.95	--	13	5135	买盘
14:20:33	3.95	--	9	3555	买盘
14:20:27	3.95	0.01	118	46610	买盘
14:20:24	3.94	--	249	98106	卖盘
14:20:21	3.94	-0.01	10	3940	卖盘
14:20:18	3.95	0.01	20	7900	买盘
14:20:15	3.94	--	15	5910	卖盘
14:20:12	3.94	--	41	16154	卖盘
14:20:03	3.94	--	1	394	卖盘
14:20:00	3.94	--	37	14578	卖盘
14:19:48	3.94	-0.01	16	6304	卖盘
14:19:45	3.95	--	3	1185	买盘
14:19:39	3.95	0.01	1	395	买盘
14:19:27	3.94	--	10	3940	卖盘
14:19:21	3.94	-0.01	6	2364	卖盘
14:19:18	3.95	0.01	10	3950	买盘
14:19:15	3.94	--	2	788	卖盘
14:18:57	3.94	--	10	3940	卖盘
14:18:54	3.94	--	100	39400	卖盘
14:18:45	3.94	--	430	169420	卖盘
14:18:39	3.94	-0.01	20	7880	卖盘
14:18:36	3.95	0.01	22	8690	买盘
14:18:30	3.94	--	44	17336	卖盘
14:18:24	3.94	--	136	53584	卖盘
14:18:15	3.94	--	30	11820	卖盘
14:18:00	3.94	--	8	3152	卖盘
14:17:51	3.94	--	53	20882	卖盘
14:17:48	3.94	--	8	3152	卖盘
14:17:33	3.94	-0.01	38	14972	卖盘
14:17:30	3.95	--	38	15010	买盘
14:17:21	3.95	--	48	18960	买盘
14:17:18	3.95	--	245	96775	买盘
14:17:12	3.95	--	2	790	买盘
14:16:57	3.95	0.01	21	8295	买盘
14:16:51	3.94	-0.01	110	43340	卖盘
14:16:39	3.95	0.01	48	18960	买盘
14:16:30	3.94	--	10	3940	卖盘
14:16:24	3.94	--	2	788	卖盘
14:16:12	3.94	--	180	70920	卖盘
14:16:06	3.94	--	20	7880	卖盘
14:16:00	3.94	--	70	27580	卖盘
14:15:48	3.94	--	5	1970	卖盘
14:15:36	3.94	--	140	55160	卖盘
14:15:33	3.94	--	3	1182	卖盘
14:15:18	3.94	--	3	1182	卖盘
14:15:15	3.94	-0.01	25	9850	卖盘
14:15:12	3.95	0.01	10	3950	买盘
14:15:06	3.94	--	11	4334	卖盘
14:15:03	3.94	--	45	17730	卖盘
14:15:00	3.94	--	50	19700	卖盘
14:14:57	3.94	--	1	394	卖盘
14:14:45	3.94	--	7	2758	卖盘
14:14:39	3.94	-0.01	1	394	卖盘
14:14:33	3.95	--	26	10270	买盘
14:14:24	3.95	--	20	7900	买盘
14:14:15	3.95	--	112	44240	买盘
14:14:12	3.95	0.01	10	3950	买盘
14:14:09	3.94	-0.01	20	7880	卖盘
14:14:06	3.95	--	84	33180	买盘
14:13:54	3.95	--	22	8690	买盘
14:13:51	3.95	0.01	60	23700	买盘
14:13:36	3.94	--	12	4728	卖盘
14:13:33	3.94	--	32	12608	卖盘
14:13:27	3.94	-0.01	11	4334	卖盘
14:13:24	3.95	--	1	395	买盘
14:13:21	3.95	0.01	33	13035	买盘
14:13:18	3.94	-0.01	51	20094	卖盘
14:13:15	3.95	0.01	34	13430	买盘
14:13:12	3.94	-0.01	1	394	卖盘
14:13:03	3.95	--	55	21725	买盘
14:13:00	3.95	--	10	3950	买盘
14:12:54	3.95	0.01	54	21330	买盘
14:12:48	3.94	-0.01	3	1536	卖盘
14:12:45	3.95	0.01	20	7900	买盘
14:12:39	3.94	-0.01	30	11820	卖盘
14:12:24	3.95	--	8	3160	买盘
14:12:15	3.95	--	10	3950	买盘
14:12:12	3.95	--	101	39895	买盘
14:12:03	3.95	--	30	11850	买盘
14:11:57	3.95	--	110	43450	买盘
14:11:54	3.95	--	14	5530	买盘
14:11:51	3.95	--	197	77815	卖盘
14:11:45	3.95	-0.01	30	11850	卖盘
14:11:42	3.96	0.01	1	396	买盘
14:11:30	3.95	--	39	15405	卖盘
14:11:27	3.95	--	60	23700	卖盘
14:11:18	3.95	--	10	3950	卖盘
14:11:15	3.95	--	24	9480	卖盘
14:11:12	3.95	--	48	18960	买盘
14:11:09	3.95	--	12	4740	卖盘
14:11:06	3.95	--	15	5925	卖盘
14:10:57	3.95	--	29	11455	买盘
14:10:51	3.95	--	73	28835	买盘
14:10:36	3.95	0.01	20	7900	买盘
14:10:33	3.94	--	4	1576	卖盘
14:10:30	3.94	-0.01	73	28762	卖盘
14:10:27	3.95	0.01	126	49770	买盘
14:10:15	3.94	-0.01	39	15366	卖盘
14:10:09	3.95	--	105	41475	买盘
14:10:03	3.95	--	30	11850	买盘
14:09:57	3.95	--	51	20145	买盘
14:09:54	3.95	--	42	16590	买盘
14:09:39	3.95	--	20	7900	买盘
14:09:33	3.95	--	59	23305	买盘
14:09:30	3.95	--	70	27650	买盘
14:09:21	3.95	-0.01	1	395	中性盘
14:09:09	3.96	0.01	20	7920	买盘
14:09:06	3.95	-0.01	1181	466574	卖盘
14:09:03	3.96	--	50	19800	买盘
14:09:00	3.96	--	5	1980	买盘
14:08:54	3.96	0.01	10	3960	买盘
14:08:51	3.95	--	300	118500	卖盘
14:08:42	3.95	-0.01	150	59250	卖盘
14:08:39	3.96	0.01	1	396	买盘
14:08:24	3.95	-0.01	452	178540	卖盘
14:08:21	3.96	--	122	48312	买盘
14:08:09	3.96	--	50	19800	买盘
14:08:06	3.96	--	1	396	买盘
14:08:00	3.96	0.01	250	99000	买盘
14:07:57	3.95	-0.01	7	2765	卖盘
14:07:54	3.96	0.01	1	396	买盘
14:07:42	3.95	-0.01	13	5135	卖盘
14:07:36	3.96	0.01	3	1188	买盘
14:07:33	3.95	-0.01	77	30415	卖盘
14:07:30	3.96	--	9	3564	买盘
14:07:21	3.96	--	5	1980	买盘
14:07:12	3.96	--	5	1980	买盘
14:07:03	3.96	--	10	3960	买盘
14:06:54	3.96	--	50	19800	买盘
14:06:51	3.96	0.01	18	7128	买盘
14:06:48	3.95	--	10	3950	卖盘
14:06:42	3.95	-0.01	110	43450	卖盘
14:06:39	3.96	0.01	3446	1364616	买盘
14:06:33	3.95	--	50	19750	卖盘
14:06:24	3.95	-0.01	1	395	卖盘
14:06:03	3.96	0.01	6	2376	买盘
14:05:51	3.95	-0.01	15	5925	卖盘
14:05:39	3.96	0.01	120	47520	买盘
14:05:36	3.95	--	50	19750	卖盘
14:05:33	3.95	-0.01	52	20619	卖盘
14:05:30	3.96	--	14	5544	买盘
14:05:27	3.96	0.01	7	2772	买盘
14:05:12	3.95	-0.01	133	52535	卖盘
14:05:09	3.96	0.01	4	1584	买盘
14:04:51	3.95	--	12	4740	卖盘
14:04:33	3.95	--	14	5530	卖盘
14:04:21	3.95	--	100	39500	卖盘
14:04:15	3.95	-0.01	25	9875	卖盘
14:04:09	3.96	0.01	10	3960	买盘
14:04:03	3.95	-0.01	4	1580	卖盘
14:04:00	3.96	0.01	8	3168	买盘
14:03:57	3.95	-0.01	99	39105	卖盘
14:03:42	3.96	--	5	1980	买盘
14:03:39	3.96	0.01	38	15048	买盘
14:03:36	3.95	--	170	67150	卖盘
14:03:24	3.95	-0.01	13	5135	卖盘
14:03:21	3.96	0.01	3	1188	买盘
14:03:03	3.95	-0.01	55	21725	卖盘
14:03:00	3.96	0.01	48	19008	买盘
14:02:54	3.95	-0.01	10	3950	卖盘
14:02:51	3.96	0.01	300	118800	买盘
14:02:45	3.95	--	20	7900	卖盘
14:02:39	3.95	--	10	3950	卖盘
14:02:36	3.95	--	90	35787	买盘
14:02:33	3.95	--	10	3950	买盘
14:02:30	3.95	--	8	3160	买盘
14:02:27	3.95	--	100	39500	买盘
14:02:24	3.95	--	1030	406850	买盘
14:02:18	3.95	--	1	395	买盘
14:02:15	3.95	--	2	790	买盘
14:02:12	3.95	--	1000	395000	买盘
14:02:09	3.95	--	62	24490	买盘
14:02:03	3.95	--	80	31600	买盘
14:02:00	3.95	--	94	37130	买盘
14:01:57	3.95	--	179	70705	买盘
14:01:54	3.95	--	131	51745	买盘
14:01:51	3.95	--	78	30810	买盘
14:01:48	3.95	--	164	64780	买盘
14:01:45	3.95	--	84	33180	买盘
14:01:42	3.95	--	80	31600	买盘
14:01:36	3.95	--	120	47400	买盘
14:01:33	3.95	--	5	1975	买盘
14:01:30	3.95	--	93	36735	买盘
14:01:27	3.95	--	1	395	买盘
14:01:24	3.95	--	236	93220	买盘
14:01:18	3.95	--	116	45820	买盘
14:01:06	3.95	--	75	29625	买盘
14:01:00	3.95	--	20	7900	买盘
14:00:57	3.95	--	78	30810	买盘
14:00:54	3.95	--	73	28835	买盘
14:00:48	3.95	0.01	11	4345	买盘
14:00:45	3.94	-0.01	36	14184	卖盘
14:00:42	3.95	--	6	2370	买盘
14:00:27	3.95	0.01	4	1580	买盘
14:00:24	3.94	--	104	40976	卖盘
14:00:18	3.94	-0.01	50	19700	卖盘
14:00:15	3.95	--	30	11850	买盘
14:00:06	3.95	--	20	7900	买盘
14:00:03	3.95	--	309	122055	买盘
14:00:00	3.95	--	5	1975	买盘
13:59:51	3.95	--	263	103885	买盘
13:59:36	3.95	--	11	4345	买盘
13:59:33	3.95	--	115	45425	买盘
13:59:30	3.95	--	70	27650	买盘
13:59:09	3.95	--	20	7900	买盘
13:59:03	3.95	0.01	22	8690	买盘
13:59:00	3.94	-0.01	50	19700	卖盘
13:58:57	3.95	--	20	7900	买盘
13:58:54	3.95	0.01	50	19750	买盘
13:58:51	3.94	-0.01	30	11820	卖盘
13:58:42	3.95	--	14	5530	买盘
13:58:39	3.95	0.01	22	8690	买盘
13:58:33	3.94	-0.01	180	70920	卖盘
13:58:30	3.95	0.01	150	59250	买盘
13:58:21	3.94	--	2	788	卖盘
13:58:15	3.94	--	9	3546	卖盘
13:58:03	3.94	-0.01	10	3940	卖盘
13:57:57	3.95	--	78	30810	买盘
13:57:54	3.95	0.01	46	18170	买盘
13:57:51	3.94	--	17	6698	卖盘
13:57:48	3.94	--	15	5910	卖盘
13:57:39	3.94	-0.01	12	4728	卖盘
13:57:30	3.95	0.01	20	7900	买盘
13:57:27	3.94	--	4	1576	卖盘
13:57:12	3.94	-0.01	100	39400	卖盘
13:57:09	3.95	--	10	3950	买盘
13:56:45	3.95	0.01	161	63595	买盘
13:56:39	3.94	-0.01	391	154054	卖盘
13:56:15	3.95	--	16	6320	买盘
13:56:06	3.95	0.01	20	7900	买盘
13:56:00	3.94	-0.01	8	3152	卖盘
13:55:42	3.95	--	78	30810	买盘
13:55:36	3.95	--	4	1580	买盘
13:55:21	3.95	--	1	395	买盘
13:55:18	3.95	0.01	2	790	买盘
13:55:09	3.94	--	325	128050	卖盘
13:55:06	3.94	-0.01	36	14184	卖盘
13:55:00	3.95	--	78	30810	买盘
13:54:45	3.95	0.01	15	5925	买盘
13:54:42	3.94	--	10	3940	卖盘
13:54:36	3.94	--	3	1182	卖盘
13:54:33	3.94	-0.01	5	1970	卖盘
13:54:27	3.95	0.01	10	3950	买盘
13:54:18	3.94	-0.01	1	394	卖盘
13:54:03	3.95	0.01	78	30810	买盘
13:53:57	3.94	-0.01	100	39400	卖盘
13:53:54	3.95	--	400	158000	买盘
13:53:45	3.95	0.01	5	1975	买盘
13:53:39	3.94	--	1	394	卖盘
13:53:36	3.94	-0.01	40	15760	卖盘
13:53:33	3.95	0.01	1	395	买盘
13:53:30	3.94	--	4	1576	卖盘
13:53:27	3.94	--	20	7880	卖盘
13:53:18	3.94	--	1	394	卖盘
13:53:12	3.94	--	30	11820	卖盘
13:53:09	3.94	--	20	7880	卖盘
13:52:51	3.94	--	4	1576	卖盘
13:52:30	3.94	--	515	202910	卖盘
13:52:24	3.94	--	100	39400	卖盘
13:52:15	3.94	--	4	1576	卖盘
13:52:09	3.94	-0.01	44	17336	卖盘
13:52:00	3.95	0.01	166	65570	买盘
13:51:54	3.94	-0.01	80	31520	卖盘
13:51:48	3.95	--	20	7900	买盘
13:51:42	3.95	--	100	39500	买盘
13:51:39	3.95	0.01	200	79000	买盘
13:51:36	3.94	--	4	1576	卖盘
13:51:30	3.94	-0.01	33	13002	卖盘
13:51:27	3.95	--	3	1185	买盘
13:51:24	3.95	0.01	5	1975	买盘
13:51:18	3.94	-0.01	30	11820	卖盘
13:51:09	3.95	--	260	102700	买盘
13:51:06	3.95	0.01	1	395	买盘
13:50:51	3.94	-0.01	8	3152	卖盘
13:50:48	3.95	0.01	500	197500	买盘
13:50:39	3.94	--	100	39400	卖盘
13:50:36	3.94	-0.01	51	20094	卖盘
13:50:33	3.95	--	20	7900	买盘
13:50:30	3.95	--	46	18170	买盘
13:50:27	3.95	--	3	1185	买盘
13:50:24	3.95	--	250	98750	买盘
13:50:18	3.95	--	30	11850	买盘
13:50:06	3.95	--	78	30810	买盘
13:50:00	3.95	--	11	4345	买盘
13:49:57	3.95	0.01	41	16195	买盘
13:49:48	3.94	-0.01	3	1182	卖盘
13:49:42	3.95	--	45	17775	买盘
13:49:39	3.95	0.01	20	7900	买盘
13:49:27	3.94	--	55	21670	卖盘
13:49:24	3.94	--	91	35854	卖盘
13:49:21	3.94	-0.01	22	8668	卖盘
13:49:18	3.95	0.01	93	36735	买盘
13:49:00	3.94	-0.01	89	35066	卖盘
13:48:48	3.95	0.01	110	43450	买盘
13:48:45	3.94	--	42	16548	卖盘
13:48:42	3.94	-0.01	100	39400	卖盘
13:48:24	3.95	--	40	15800	买盘
13:48:09	3.95	0.01	43	16985	买盘
13:47:54	3.94	-0.01	130	51220	卖盘
13:47:48	3.95	0.01	29	11455	买盘
13:47:45	3.94	--	100	39400	卖盘
13:47:42	3.94	--	114	44916	卖盘
13:47:30	3.94	--	17	6698	卖盘
13:47:27	3.94	--	124	48856	卖盘
13:47:21	3.94	-0.01	20	7880	卖盘
13:47:12	3.95	--	107	42265	买盘
13:47:09	3.95	--	9	3555	买盘
13:47:00	3.95	0.01	1	395	买盘
13:46:57	3.94	-0.01	6	2364	卖盘
13:46:45	3.95	0.01	278	109810	买盘
13:46:39	3.94	--	21	8274	卖盘
13:46:36	3.94	--	200	78800	卖盘
13:46:27	3.94	-0.01	9	3546	卖盘
13:46:18	3.95	0.01	51	20145	买盘
13:46:15	3.94	--	50	19700	卖盘
13:46:03	3.94	--	2	788	卖盘
13:45:51	3.94	--	621	244674	卖盘
13:45:48	3.94	--	50	19700	卖盘
13:45:39	3.94	--	9	3546	卖盘
13:45:36	3.94	-0.01	27	10638	卖盘
13:45:33	3.95	0.01	8	3160	买盘
13:45:27	3.94	--	8	3152	卖盘
13:45:24	3.94	-0.01	5	1970	卖盘
13:45:18	3.95	--	1	395	买盘
13:45:15	3.95	0.01	8	3160	买盘
13:45:12	3.94	--	55	21670	卖盘
13:45:09	3.94	--	402	158388	卖盘
13:45:06	3.94	--	20	7880	卖盘
13:45:03	3.94	-0.01	5	1970	卖盘
13:45:00	3.95	0.01	37	14615	买盘
13:44:54	3.94	--	103	40582	卖盘
13:44:51	3.94	--	100	39400	卖盘
13:44:48	3.94	--	15	5910	卖盘
13:44:42	3.94	--	195	76830	卖盘
13:44:36	3.94	--	354	139476	卖盘
13:44:33	3.94	--	6	2364	卖盘
13:44:30	3.94	--	130	51220	卖盘
13:44:21	3.94	--	640	252160	卖盘
13:44:18	3.94	--	15	5910	卖盘
13:44:15	3.94	--	932	367208	卖盘
13:44:12	3.94	--	12	4728	卖盘
13:44:06	3.94	--	300	118200	卖盘
13:44:03	3.94	-0.01	99	39006	卖盘
13:43:54	3.95	0.01	17	6715	买盘
13:43:51	3.94	--	31	12214	卖盘
13:43:48	3.94	--	70	27580	卖盘
13:43:45	3.94	--	60	23640	卖盘
13:43:42	3.94	--	21	8274	卖盘
13:43:30	3.94	-0.01	60	23640	卖盘
13:43:24	3.95	--	165	65175	买盘
13:43:15	3.95	--	6	2370	买盘
13:43:09	3.95	0.01	56	22120	买盘
13:43:03	3.94	-0.01	777	306138	卖盘
13:43:00	3.95	0.01	162	63990	买盘
13:42:54	3.94	--	200	78800	卖盘
13:42:51	3.94	--	10	3940	卖盘
13:42:48	3.94	--	45	17730	卖盘
13:42:45	3.94	-0.01	1	394	卖盘
13:42:42	3.95	0.01	2	790	买盘
13:42:36	3.94	--	141	55554	卖盘
13:42:30	3.94	--	19	7486	卖盘
13:42:18	3.94	-0.01	200	78800	卖盘
13:42:15	3.95	--	5	1975	买盘
13:42:06	3.95	0.01	66	26070	买盘
13:42:03	3.94	--	100	39400	卖盘
13:42:00	3.94	--	217	85498	卖盘
13:41:57	3.94	--	50	19700	卖盘
13:41:54	3.94	-0.01	21	8274	卖盘
13:41:51	3.95	0.01	1030	406850	买盘
13:41:48	3.94	--	250	98500	卖盘
13:41:45	3.94	--	25	9850	卖盘
13:41:42	3.94	--	7	2758	卖盘
13:41:33	3.94	--	70	27580	卖盘
13:41:30	3.94	--	30	11820	卖盘
13:41:24	3.94	-0.01	1	394	卖盘
13:41:21	3.95	--	9	3555	买盘
13:41:15	3.95	0.01	200	79000	买盘
13:41:12	3.94	-0.01	1	394	卖盘
13:41:09	3.95	--	1	395	买盘
13:40:57	3.95	--	30	11850	买盘
13:40:45	3.95	--	11	4345	买盘
13:40:39	3.95	--	21	8295	买盘
13:40:36	3.95	--	50	19750	买盘
13:40:33	3.95	--	6	2370	买盘
13:40:24	3.95	--	5	1975	买盘
13:40:12	3.95	--	1	395	买盘
13:40:06	3.95	0.01	810	319950	买盘
13:40:00	3.94	--	304	119776	卖盘
13:39:51	3.94	-0.01	251	98894	卖盘
13:39:45	3.95	0.01	39	15405	买盘
13:39:42	3.94	-0.01	40	15760	卖盘
13:39:39	3.95	0.01	1	395	买盘
13:39:36	3.94	-0.01	10	3940	卖盘
13:39:33	3.95	0.01	20	7900	买盘
13:39:30	3.94	--	1	394	卖盘
13:39:21	3.94	-0.01	7	2758	卖盘
13:39:06	3.95	0.01	5	1975	买盘
13:39:03	3.94	-0.01	3	1182	卖盘
13:38:54	3.95	0.01	76	30020	买盘
13:38:45	3.94	-0.01	1	394	卖盘
13:38:39	3.95	--	20	7900	买盘
13:38:30	3.95	0.01	4	1580	买盘
13:38:27	3.94	--	13	5122	卖盘
13:38:24	3.94	--	16	6304	卖盘
13:38:21	3.94	--	130	51220	卖盘
13:38:18	3.94	-0.01	41	16154	卖盘
13:38:15	3.95	0.01	7	2765	买盘
13:38:12	3.94	-0.01	1	394	卖盘
13:38:09	3.95	0.01	1	395	买盘
13:38:00	3.94	-0.01	10	3940	卖盘
13:37:57	3.95	0.01	1	395	买盘
13:37:54	3.94	--	262	103228	卖盘
13:37:48	3.94	-0.01	192	75648	卖盘
13:37:42	3.95	--	2	790	买盘
13:37:39	3.95	0.01	10	3950	买盘
13:37:24	3.94	--	218	85892	卖盘
13:37:21	3.94	--	12	4728	卖盘
13:37:12	3.94	-0.01	7	2758	卖盘
13:37:00	3.95	0.01	5	1975	买盘
13:36:54	3.94	--	4	1576	卖盘
13:36:48	3.94	-0.01	65	25610	卖盘
13:36:45	3.95	0.01	4	1580	买盘
13:36:42	3.94	--	18	7092	卖盘
13:36:36	3.94	--	14	5516	卖盘
13:36:33	3.94	--	1	394	卖盘
13:36:27	3.94	--	110	43340	卖盘
13:36:24	3.94	--	120	47280	卖盘
13:36:21	3.94	--	51	20094	卖盘
13:36:18	3.94	--	20	7880	卖盘
13:36:15	3.94	--	100	39400	卖盘
13:36:12	3.94	-0.01	60	23640	卖盘
13:36:09	3.95	0.01	5	1975	买盘
13:35:51	3.94	-0.01	6	2364	卖盘
13:35:48	3.95	--	1	395	买盘
13:35:33	3.95	0.01	5	1975	买盘
13:35:27	3.94	--	1	394	卖盘
13:35:24	3.94	--	5	1970	卖盘
13:35:21	3.94	--	40	15760	卖盘
13:35:18	3.94	--	47	18518	卖盘
13:35:09	3.94	-0.01	30	11820	卖盘
13:35:06	3.95	--	1	395	买盘
13:34:54	3.95	0.01	36	14220	买盘
13:34:45	3.94	--	50	19700	卖盘
13:34:36	3.94	--	101	39794	卖盘
13:34:30	3.94	--	26	10244	卖盘
13:34:15	3.94	--	353	139397	卖盘
13:34:12	3.94	--	10	3940	卖盘
13:34:00	3.94	-0.01	23	9062	卖盘
13:33:57	3.95	0.01	20	7900	买盘
13:33:54	3.94	-0.01	26	10244	卖盘
13:33:45	3.95	0.01	1	395	买盘
13:33:42	3.94	--	125	49250	卖盘
13:33:33	3.94	--	6	2364	卖盘
13:33:27	3.94	--	50	19700	卖盘
13:33:24	3.94	-0.01	28	11032	卖盘
13:33:12	3.95	--	10	3950	买盘
13:33:03	3.95	0.01	10	3950	买盘
13:33:00	3.94	-0.01	1	394	卖盘
13:32:57	3.95	0.01	142	56090	买盘
13:32:42	3.94	--	35	13829	卖盘
13:32:33	3.94	-0.01	39	15366	卖盘
13:32:18	3.95	0.01	1026	405270	买盘
13:32:12	3.94	-0.01	30	11820	卖盘
13:32:09	3.95	--	1	395	买盘
13:32:03	3.95	--	34	13430	买盘
13:31:57	3.95	--	100	39500	买盘
13:31:45	3.95	--	107	42265	买盘
13:31:36	3.95	0.01	40	15800	买盘
13:31:33	3.94	-0.01	647	254918	卖盘
13:31:30	3.95	--	50	19750	买盘
13:31:27	3.95	0.01	1	395	买盘
13:31:24	3.94	-0.01	1	394	卖盘
13:31:21	3.95	0.01	4	1580	买盘
13:31:09	3.94	-0.01	3	1182	卖盘
13:31:03	3.95	0.01	20	7900	买盘
13:31:00	3.94	-0.01	22	8668	卖盘
13:30:57	3.95	0.01	1100	434500	买盘
13:30:54	3.94	--	253	99682	卖盘
13:30:48	3.94	-0.01	15	5910	卖盘
13:30:42	3.95	--	25	9875	买盘
13:30:36	3.95	--	55	21725	买盘
13:30:33	3.95	--	30	11850	买盘
13:30:24	3.95	--	83	32785	买盘
13:30:15	3.95	0.01	5	1975	买盘
13:30:09	3.94	-0.01	11	4334	卖盘
13:29:51	3.95	0.01	1	395	买盘
13:29:48	3.94	--	30	11820	卖盘
13:29:42	3.94	-0.01	12	4728	卖盘
13:29:24	3.95	--	100	39500	买盘
13:29:21	3.95	0.01	1	395	买盘
13:29:15	3.94	-0.01	11	4334	卖盘
13:29:12	3.95	0.01	200	79000	买盘
13:29:09	3.94	-0.01	55	21670	卖盘
13:29:06	3.95	0.01	16	6320	买盘
13:28:54	3.94	-0.01	50	19700	卖盘
13:28:48	3.95	--	119	47005	买盘
13:28:45	3.95	--	17	6715	买盘
13:28:42	3.95	--	57	22515	买盘
13:28:39	3.95	--	1125	444454	卖盘
13:28:36	3.95	-0.01	24	9480	卖盘
13:28:33	3.96	0.01	16	6336	买盘
13:28:27	3.95	--	1554	613830	卖盘
13:28:24	3.95	-0.01	400	158000	卖盘
13:28:21	3.96	--	100	39600	买盘
13:28:03	3.96	--	20	7920	买盘
13:27:54	3.96	0.01	2	792	买盘
13:27:45	3.95	--	10	3950	卖盘
13:27:42	3.95	--	23	9085	卖盘
13:27:30	3.95	-0.01	60	23700	卖盘
13:27:27	3.96	0.01	101	39996	买盘
13:27:18	3.95	-0.01	1735	685325	卖盘
13:27:12	3.96	0.01	68	26928	买盘
13:26:57	3.95	--	50	19750	卖盘
13:26:48	3.95	--	160	63200	卖盘
13:26:42	3.95	--	50	19750	卖盘
13:26:36	3.95	--	10	3950	卖盘
13:26:33	3.95	--	62	24490	卖盘
13:26:24	3.95	--	3	1185	卖盘
13:26:18	3.95	--	150	59250	卖盘
13:26:15	3.95	--	12	4740	卖盘
13:26:12	3.95	--	6	2370	卖盘
13:26:06	3.95	--	20	7900	卖盘
13:26:03	3.95	-0.01	5	1975	卖盘
13:25:57	3.96	0.01	451	178596	买盘
13:25:51	3.95	--	30	11850	卖盘
13:25:45	3.95	--	2	790	卖盘
13:25:39	3.95	--	14	5530	卖盘
13:25:27	3.95	--	35	13825	卖盘
13:25:15	3.95	--	150	59250	卖盘
13:25:03	3.95	--	50	19750	卖盘
13:25:00	3.95	-0.01	15	5925	卖盘
13:24:57	3.96	0.01	1	396	买盘
13:24:51	3.95	-0.01	3	1185	卖盘
13:24:39	3.96	0.01	5	1980	买盘
13:24:27	3.95	--	4	1580	卖盘
13:24:21	3.95	--	11	4345	卖盘
13:24:09	3.95	-0.01	9	3555	卖盘
13:23:45	3.96	0.01	10	3960	买盘
13:23:36	3.95	--	100	39500	卖盘
13:23:33	3.95	--	2	790	卖盘
13:23:27	3.95	-0.01	30	11850	卖盘
13:23:24	3.96	--	2	792	买盘
13:23:15	3.96	--	210	83160	买盘
13:23:12	3.96	0.01	98	38808	买盘
13:23:03	3.95	--	22	8690	卖盘
13:23:00	3.95	--	130	51350	卖盘
13:22:57	3.95	--	17	6715	卖盘
13:22:48	3.95	-0.01	50	19750	卖盘
13:22:42	3.96	--	27	10692	买盘
13:22:36	3.96	0.01	1	396	买盘
13:22:33	3.95	--	20	7900	卖盘
13:22:27	3.95	--	239	94405	卖盘
13:22:24	3.95	--	152	60040	卖盘
13:22:21	3.95	-0.01	4	1580	卖盘
13:22:03	3.96	0.01	54	21384	买盘
13:21:54	3.95	--	100	39500	卖盘
13:21:42	3.95	--	40	15800	卖盘
13:21:33	3.95	-0.01	111	43845	卖盘
13:21:30	3.96	--	50	19800	买盘
13:21:18	3.96	0.01	6	2376	买盘
13:21:12	3.95	-0.01	1	395	卖盘
13:21:06	3.96	0.01	5	1980	买盘
13:21:03	3.95	-0.01	260	102700	卖盘
13:20:57	3.96	--	4	1584	买盘
13:20:48	3.96	0.01	1	396	买盘
13:20:45	3.95	-0.01	10	3950	卖盘
13:20:39	3.96	--	33	13068	买盘
13:20:36	3.96	0.01	17	6732	买盘
13:20:33	3.95	--	40	15800	卖盘
13:20:30	3.95	-0.01	30	11850	卖盘
13:20:27	3.96	0.01	172	68112	买盘
13:20:24	3.95	--	43	16985	卖盘
13:20:15	3.95	--	1	395	卖盘
13:20:12	3.95	--	10	3950	卖盘
13:20:03	3.95	--	28	11060	卖盘
13:20:00	3.95	--	17	6715	卖盘
13:19:54	3.95	-0.01	110	43450	卖盘
13:19:48	3.96	--	20	7920	买盘
13:19:45	3.96	--	5	1980	买盘
13:19:39	3.96	0.01	10	3960	买盘
13:19:33	3.95	--	86	33970	卖盘
13:19:30	3.95	--	6	2370	卖盘
13:19:21	3.95	-0.01	25	9875	卖盘
13:19:18	3.96	0.01	15	5940	买盘
13:19:12	3.95	-0.01	110	43450	卖盘
13:19:06	3.96	0.01	11	4356	买盘
13:18:51	3.95	-0.01	4	1580	卖盘
13:18:48	3.96	--	3	1188	买盘
13:18:45	3.96	--	20	7920	买盘
13:18:15	3.96	--	48	19008	买盘
13:18:06	3.96	0.01	22	8712	买盘
13:17:45	3.95	-0.01	49	19355	卖盘
13:17:39	3.96	0.01	43	17028	买盘
13:17:21	3.95	--	10	3950	卖盘
13:17:12	3.95	-0.01	20	7900	卖盘
13:17:09	3.96	0.01	1	396	买盘
13:17:03	3.95	--	1	395	卖盘
13:17:00	3.95	--	10	3950	卖盘
13:16:54	3.95	--	474	187230	卖盘
13:16:45	3.95	--	6	2370	卖盘
13:16:33	3.95	-0.01	5	1975	卖盘
13:16:27	3.96	0.01	25	9900	买盘
13:16:24	3.95	-0.01	8	3160	卖盘
13:16:21	3.96	--	2	792	买盘
13:16:15	3.96	0.01	98	38808	买盘
13:16:00	3.95	-0.01	245	96775	卖盘
13:15:57	3.96	0.01	2	792	买盘
13:15:54	3.95	--	264	104280	卖盘
13:15:36	3.95	-0.01	30	11850	卖盘
13:15:12	3.96	--	70	27720	买盘
13:15:09	3.96	0.01	2	792	买盘
13:15:03	3.95	-0.01	40	15800	卖盘
13:15:00	3.96	--	10	3960	买盘
13:14:57	3.96	--	20	7920	买盘
13:14:54	3.96	--	46	18216	买盘
13:14:51	3.96	0.01	10	3960	买盘
13:14:48	3.95	-0.01	123	48585	卖盘
13:14:45	3.96	--	97	38412	买盘
13:14:42	3.96	--	3	1188	买盘
13:14:36	3.96	--	15	5940	买盘
13:14:30	3.96	--	17	6732	买盘
13:14:24	3.96	--	149	59004	买盘
13:14:21	3.96	--	6	2376	买盘
13:14:18	3.96	0.01	50	19800	买盘
13:14:12	3.95	--	8	3160	卖盘
13:14:09	3.95	-0.01	1	395	卖盘
13:14:06	3.96	--	152	60192	买盘
13:14:03	3.96	--	10	3960	买盘
13:13:54	3.96	--	10	3960	买盘
13:13:48	3.96	--	33	13068	买盘
13:13:45	3.96	--	200	79200	买盘
13:13:42	3.96	0.01	309	122364	买盘
13:13:39	3.95	-0.01	10	3950	卖盘
13:13:33	3.96	--	21	8316	买盘
13:13:30	3.96	--	20	7920	买盘
13:13:27	3.96	--	3	1188	买盘
13:13:18	3.96	0.01	30	11880	买盘
13:13:15	3.95	-0.01	1	395	卖盘
13:13:06	3.96	0.01	1	396	买盘
13:12:51	3.95	--	20	7900	卖盘
13:12:48	3.95	-0.01	37	14615	卖盘
13:12:42	3.96	--	11	4356	买盘
13:12:39	3.96	--	600	237600	买盘
13:12:30	3.96	--	5	1980	买盘
13:12:21	3.96	--	5	1980	买盘
13:12:18	3.96	0.01	400	158400	买盘
13:12:15	3.95	-0.01	1	395	卖盘
13:12:09	3.96	--	46	18216	买盘
13:12:00	3.96	--	130	51480	买盘
13:11:57	3.96	--	4	1584	买盘
13:11:51	3.96	--	34	13464	买盘
13:11:48	3.96	--	17	6732	买盘
13:11:42	3.96	--	1	396	买盘
13:11:27	3.96	--	5	1980	买盘
13:11:12	3.96	--	8	3168	买盘
13:11:09	3.96	--	6	2376	买盘
13:11:03	3.96	--	35	13860	买盘
13:10:57	3.96	--	90	35640	买盘
13:10:48	3.96	0.01	9	3564	买盘
13:10:36	3.95	-0.01	13	5135	卖盘
13:10:30	3.96	--	20	7920	买盘
13:10:27	3.96	--	210	83160	买盘
13:10:24	3.96	-0.01	3949	1564184	卖盘
13:10:18	3.97	0.01	15	5955	买盘
13:10:15	3.96	-0.01	321	127116	卖盘
13:10:12	3.97	0.01	33	13101	买盘
13:10:06	3.96	-0.01	28	11088	卖盘
13:09:48	3.97	--	100	39700	买盘
13:09:45	3.97	0.01	3	1191	买盘
13:09:39	3.96	-0.01	316	125136	卖盘
13:09:36	3.97	0.01	11	4367	买盘
13:09:27	3.96	-0.01	40	15840	卖盘
13:08:57	3.97	--	20	7940	买盘
13:08:54	3.97	0.01	2	794	买盘
13:08:48	3.96	-0.01	4	1584	卖盘
13:08:45	3.97	0.01	10	3970	买盘
13:08:42	3.96	--	1	396	卖盘
13:08:33	3.96	--	2	792	卖盘
13:08:30	3.96	-0.01	160	63360	卖盘
13:08:27	3.97	--	30	11910	买盘
13:08:24	3.97	--	50	19850	买盘
13:08:12	3.97	--	2	794	买盘
13:08:06	3.97	0.01	9	3573	买盘
13:07:54	3.96	-0.01	10	3960	卖盘
13:07:42	3.97	--	23	9131	买盘
13:07:30	3.97	0.01	7	2779	买盘
13:07:15	3.96	--	150	59400	卖盘
13:07:03	3.96	-0.01	4	1584	卖盘
13:06:57	3.97	0.01	4	1588	买盘
13:06:51	3.96	-0.01	59	23364	卖盘
13:06:45	3.97	--	60	23820	买盘
13:06:42	3.97	--	80	31760	买盘
13:06:39	3.97	0.01	20	7940	买盘
13:06:33	3.96	-0.01	21	8316	卖盘
13:06:30	3.97	--	20	7940	买盘
13:06:18	3.97	--	68	26996	买盘
13:06:03	3.97	--	3	1191	买盘
13:06:00	3.97	--	195	77415	买盘
13:05:54	3.97	--	15	5955	买盘
13:05:42	3.97	--	579	229863	买盘
13:05:21	3.97	--	3	1191	买盘
13:05:09	3.97	--	16	6352	买盘
13:05:06	3.97	0.01	176	69872	买盘
13:05:00	3.96	--	110	43560	卖盘
13:04:57	3.96	-0.01	17	6732	卖盘
13:04:54	3.97	--	21	8337	买盘
13:04:51	3.97	--	20	7940	买盘
13:04:42	3.97	--	16	6352	买盘
13:04:30	3.97	--	500	198500	买盘
13:04:24	3.97	0.01	36	14292	买盘
13:04:21	3.96	-0.01	53	20988	卖盘
13:04:18	3.97	--	69	27393	买盘
13:04:12	3.97	--	56	22232	买盘
13:04:06	3.97	--	2	794	买盘
13:04:03	3.97	--	5	1985	买盘
13:03:48	3.97	--	6	2382	买盘
13:03:39	3.97	--	12	4764	买盘
13:03:36	3.97	--	10	3970	买盘
13:03:24	3.97	--	50	19850	买盘
13:03:03	3.97	0.01	1	397	买盘
13:02:54	3.96	--	10	3960	卖盘
13:02:51	3.96	-0.01	10	3960	卖盘
13:02:42	3.97	0.01	110	43670	买盘
13:02:18	3.96	-0.01	7	2772	卖盘
13:02:06	3.97	0.01	1	397	买盘
13:02:00	3.96	--	39	15444	卖盘
13:01:48	3.96	--	5	1980	卖盘
13:01:42	3.96	-0.01	100	39600	卖盘
13:01:39	3.97	--	50	19850	买盘
13:01:30	3.97	--	1	397	买盘
13:01:15	3.97	--	5	1985	买盘
13:00:57	3.97	--	100	39700	买盘
13:00:42	3.97	--	50	19850	买盘
13:00:39	3.97	--	54	21438	买盘
13:00:30	3.97	--	8	3176	买盘
13:00:27	3.97	0.01	10	3970	买盘
13:00:12	3.96	--	28	11088	卖盘
13:00:09	3.96	-0.01	739	292644	卖盘
13:00:06	3.97	--	108	42876	买盘
13:00:03	3.97	0.01	1380	547860	买盘
13:00:00	3.96	--	0	0	卖盘
11:30:00	3.96	--	0	0	卖盘
11:29:48	3.96	--	50	19800	卖盘
11:29:45	3.96	--	61	24156	卖盘
11:29:42	3.96	-0.01	12	4752	卖盘
11:29:27	3.97	0.01	3	1191	买盘
11:29:24	3.96	-0.01	77	30492	卖盘
11:29:18	3.97	--	52	20644	买盘
11:29:15	3.97	--	28	11116	买盘
11:29:12	3.97	0.01	3	1191	买盘
11:29:09	3.96	-0.01	262	103752	卖盘
11:28:57	3.97	0.01	1200	476400	买盘
11:28:54	3.96	--	1	396	卖盘
11:28:51	3.96	--	99	39204	卖盘
11:28:36	3.96	--	1	396	卖盘
11:28:21	3.96	--	226	89496	卖盘
11:28:18	3.96	--	90	35640	卖盘
11:28:15	3.96	--	188	74448	卖盘
11:28:03	3.96	-0.01	48	19008	卖盘
11:27:57	3.97	--	28	11116	买盘
11:27:54	3.97	0.01	50	19850	买盘
11:27:42	3.96	-0.01	128	50688	卖盘
11:27:36	3.97	0.01	1	397	买盘
11:27:24	3.96	--	80	31680	卖盘
11:27:15	3.96	--	80	31680	卖盘
11:27:12	3.96	--	3	1188	卖盘
11:27:09	3.96	-0.01	5	1980	卖盘
11:27:06	3.97	0.01	5	1985	买盘
11:26:57	3.96	-0.01	15	5940	卖盘
11:26:51	3.97	0.01	10	3970	买盘
11:26:45	3.96	--	3	1188	卖盘
11:26:42	3.96	--	230	91080	卖盘
11:26:36	3.96	--	172	68127	买盘
11:26:30	3.96	--	5	1980	买盘
11:26:27	3.96	--	88	34848	买盘
11:26:24	3.96	--	12	4752	买盘
11:26:21	3.96	0.01	3	1188	买盘
11:26:18	3.95	-0.01	356	140620	卖盘
11:26:09	3.96	0.01	5	1980	买盘
11:25:57	3.95	-0.01	2	790	卖盘
11:25:51	3.96	--	31	12276	买盘
11:25:45	3.96	--	55	21780	买盘
11:25:42	3.96	--	4	1584	买盘
11:25:36	3.96	--	16	6336	买盘
11:25:24	3.96	--	61	24156	买盘
11:25:15	3.96	--	50	19800	买盘
11:25:12	3.96	--	13	5148	买盘
11:25:09	3.96	--	6	2376	买盘
11:25:00	3.96	-0.01	2118	838728	卖盘
11:24:54	3.97	0.01	23	9131	买盘
11:24:51	3.96	--	30	11880	卖盘
11:24:33	3.96	-0.01	66	26136	卖盘
11:24:30	3.97	--	30	11910	买盘
11:24:18	3.97	0.01	10	3970	买盘
11:24:15	3.96	-0.01	3	1188	卖盘
11:24:12	3.97	--	50	19850	买盘
11:24:09	3.97	--	2	794	买盘
11:24:03	3.97	--	4	1588	买盘
11:24:00	3.97	0.01	5	1985	买盘
11:23:51	3.96	--	40	15840	卖盘
11:23:48	3.96	--	20	7920	卖盘
11:23:45	3.96	-0.01	4	1584	卖盘
11:23:36	3.97	--	5	1985	买盘
11:23:18	3.97	0.01	22	8734	买盘
11:23:15	3.96	-0.01	122	48312	卖盘
11:23:06	3.97	--	5	1985	买盘
11:23:03	3.97	--	36	14292	买盘
11:22:54	3.97	--	3	1191	买盘
11:22:51	3.97	0.01	6	2382	买盘
11:22:48	3.96	-0.01	62	24552	卖盘
11:22:45	3.97	0.01	8	3176	买盘
11:22:42	3.96	--	1	396	卖盘
11:22:39	3.96	-0.01	10	3960	卖盘
11:22:33	3.97	0.01	5	1985	买盘
11:22:27	3.96	-0.01	36	14256	卖盘
11:22:24	3.97	--	21	8337	买盘
11:22:21	3.97	0.01	4	1588	买盘
11:22:15	3.96	-0.01	73	28908	卖盘
11:22:12	3.97	0.01	5	1985	买盘
11:22:06	3.96	--	10	3960	卖盘
11:22:03	3.96	-0.01	505	199980	卖盘
11:21:45	3.97	0.01	31	12307	买盘
11:21:36	3.96	--	20	7920	卖盘
11:21:33	3.96	-0.01	20	7920	卖盘
11:21:15	3.97	0.01	100	39700	买盘
11:21:09	3.96	--	55	21780	卖盘
11:21:06	3.96	--	30	11880	卖盘
11:21:03	3.96	-0.01	101	39996	卖盘
11:20:51	3.97	0.01	3	1191	买盘
11:20:48	3.96	--	20	7920	卖盘
11:20:45	3.96	--	3	1188	卖盘
11:20:42	3.96	--	9	3564	卖盘
11:20:36	3.96	--	75	29700	买盘
11:20:18	3.96	0.01	10	3960	买盘
11:20:12	3.95	--	2	790	卖盘
11:20:06	3.95	-0.01	13	5135	卖盘
11:20:03	3.96	--	36	14256	买盘
11:19:48	3.96	--	1	396	买盘
11:19:42	3.96	--	10	3960	买盘
11:19:33	3.96	--	1	396	买盘
11:19:30	3.96	--	79	31284	买盘
11:19:24	3.96	0.01	2	792	买盘
11:19:15	3.95	-0.01	50	19750	卖盘
11:19:09	3.96	--	10	3960	买盘
11:19:06	3.96	--	26	10296	卖盘
11:18:54	3.96	--	274	108504	买盘
11:18:45	3.96	--	110	43560	买盘
11:18:36	3.96	--	78	30888	卖盘
11:18:33	3.96	--	6	2376	卖盘
11:18:30	3.96	--	2	792	卖盘
11:18:27	3.96	--	2	792	卖盘
11:18:24	3.96	0.01	74	29304	买盘
11:18:21	3.95	-0.01	318	125610	卖盘
11:18:18	3.96	--	2	792	买盘
11:18:15	3.96	0.01	2	792	卖盘
11:18:09	3.95	-0.01	70	27650	卖盘
11:18:00	3.96	--	36	14256	买盘
11:17:48	3.96	--	10	3960	买盘
11:17:42	3.96	--	20	7920	买盘
11:17:39	3.96	0.01	18	7128	买盘
11:17:33	3.95	-0.01	5	1975	卖盘
11:17:27	3.96	--	74	29304	卖盘
11:17:24	3.96	--	68	26928	卖盘
11:17:21	3.96	--	30	11880	卖盘
11:17:15	3.96	--	30	11880	卖盘
11:17:12	3.96	--	183	72468	买盘
11:17:06	3.96	--	1	396	买盘
11:17:03	3.96	--	51	20196	买盘
11:17:00	3.96	--	100	39600	买盘
11:16:57	3.96	--	68	26928	买盘
11:16:54	3.96	--	18	7128	买盘
11:16:51	3.96	--	32	12672	买盘
11:16:48	3.96	--	1032	408672	卖盘
11:16:45	3.96	--	20	7920	卖盘
11:16:36	3.96	--	78	30888	卖盘
11:16:30	3.96	--	150	59400	卖盘
11:16:24	3.96	--	17	6732	卖盘
11:16:21	3.96	-0.01	78	30888	卖盘
11:16:18	3.97	0.01	1	397	买盘
11:16:15	3.96	--	7	2772	卖盘
11:16:03	3.96	--	192	76032	买盘
11:16:00	3.96	--	36	14256	买盘
11:15:57	3.96	--	30	11880	买盘
11:15:54	3.96	--	13	5148	买盘
11:15:45	3.96	--	19	7524	买盘
11:15:39	3.96	--	3	1188	买盘
11:15:36	3.96	--	2127	842292	买盘
11:15:30	3.96	--	1	396	买盘
11:15:27	3.96	--	4	1584	买盘
11:15:18	3.96	--	1	396	买盘
11:15:15	3.96	--	40	15840	买盘
11:15:09	3.96	--	41	16236	买盘
11:14:42	3.96	0.01	111	43956	买盘
11:14:36	3.95	-0.01	1	395	卖盘
11:14:33	3.96	--	30	11880	买盘
11:14:30	3.96	--	21	8316	买盘
11:14:27	3.96	0.01	10	3960	买盘
11:14:24	3.95	-0.01	9	3555	卖盘
11:14:21	3.96	--	216	85536	买盘
11:14:12	3.96	--	22	8712	买盘
11:14:09	3.96	--	7	2772	买盘
11:14:06	3.96	--	108	42768	卖盘
11:14:03	3.96	--	149	59004	卖盘
11:14:00	3.96	-0.01	30	11880	卖盘
11:13:57	3.97	0.01	4	1588	买盘
11:13:54	3.96	--	418	165528	卖盘
11:13:51	3.96	--	106	41976	卖盘
11:13:45	3.96	--	292	115632	卖盘
11:13:42	3.96	--	8	3168	卖盘
11:13:39	3.96	--	36	14256	卖盘
11:13:36	3.96	--	25	9900	卖盘
11:13:33	3.96	--	108	42768	卖盘
11:13:30	3.96	-0.01	30	11880	卖盘
11:13:24	3.97	0.01	77	30569	买盘
11:13:21	3.96	--	20	7920	卖盘
11:13:15	3.96	--	125	49500	卖盘
11:13:12	3.96	--	50	19800	卖盘
11:13:06	3.96	--	89	35244	卖盘
11:13:03	3.96	-0.01	40	15840	卖盘
11:13:00	3.97	0.01	31	12307	买盘
11:12:57	3.96	--	10	3960	卖盘
11:12:54	3.96	--	10	3960	卖盘
11:12:51	3.96	--	123	48708	卖盘
11:12:48	3.96	--	20	7920	卖盘
11:12:42	3.96	--	60	23760	卖盘
11:12:39	3.96	--	93	36828	卖盘
11:12:33	3.96	--	5	1980	卖盘
11:12:27	3.96	--	226	89496	卖盘
11:12:24	3.96	--	50	19800	卖盘
11:12:21	3.96	--	20	7920	卖盘
11:12:15	3.96	--	20	7920	卖盘
11:12:12	3.96	--	30	11880	卖盘
11:12:03	3.96	--	40	15840	卖盘
11:11:57	3.96	--	226	89496	卖盘
11:11:54	3.96	-0.01	103	40788	卖盘
11:11:48	3.97	0.01	10	3970	买盘
11:11:42	3.96	--	10	3960	卖盘
11:11:39	3.96	--	1000	396000	卖盘
11:11:36	3.96	--	118	46728	卖盘
11:11:33	3.96	-0.01	6	2376	卖盘
11:11:27	3.97	--	8	3176	买盘
11:11:24	3.97	--	14	5558	买盘
11:11:21	3.97	0.01	12	4764	买盘
11:11:12	3.96	--	50	19800	卖盘
11:11:00	3.96	-0.01	78	30888	卖盘
11:10:51	3.97	0.01	391	155227	买盘
11:10:48	3.96	-0.01	89	35244	卖盘
11:10:39	3.97	--	13	5161	买盘
11:10:33	3.97	--	46	18262	买盘
11:10:30	3.97	0.01	79	31363	买盘
11:10:27	3.96	-0.01	54	21384	卖盘
11:10:15	3.97	0.01	10	3970	买盘
11:10:12	3.96	--	78	30888	卖盘
11:10:09	3.96	--	92	36432	卖盘
11:10:06	3.96	-0.01	93	36828	卖盘
11:10:03	3.97	--	28	11116	买盘
11:09:57	3.97	--	30	11910	买盘
11:09:51	3.97	0.01	31	12307	买盘
11:09:48	3.96	--	1004	397584	卖盘
11:09:45	3.96	--	86	34056	卖盘
11:09:39	3.96	--	77	30492	卖盘
11:09:36	3.96	--	66	26136	卖盘
11:09:33	3.96	--	93	36828	卖盘
11:09:30	3.96	-0.01	50	19800	卖盘
11:09:27	3.97	--	697	276709	买盘
11:09:24	3.97	0.01	13	5161	买盘
11:09:21	3.96	-0.01	115	45540	卖盘
11:09:18	3.97	--	13	5161	买盘
11:09:15	3.97	--	166	65902	买盘
11:09:12	3.97	--	71	28187	买盘
11:09:09	3.97	--	23	9131	买盘
11:09:06	3.97	--	73	28981	买盘
11:08:54	3.97	0.01	240	95280	买盘
11:08:51	3.96	-0.01	200	79200	卖盘
11:08:48	3.97	--	143	56771	买盘
11:08:45	3.97	--	53	21041	买盘
11:08:42	3.97	0.01	50	19850	买盘
11:08:39	3.96	-0.01	82	32472	卖盘
11:08:27	3.97	--	38	15086	买盘
11:08:24	3.97	--	18	7146	买盘
11:08:21	3.97	0.01	53	21041	买盘
11:08:18	3.96	-0.01	5	1980	卖盘
11:08:12	3.97	--	300	119100	买盘
11:08:09	3.97	--	78	30966	买盘
11:08:06	3.97	0.01	182	72254	买盘
11:08:03	3.96	-0.01	5	1980	卖盘
11:07:57	3.97	--	50	19850	买盘
11:07:51	3.97	--	10	3970	买盘
11:07:48	3.97	0.01	80	31760	买盘
11:07:36	3.96	--	250	99000	卖盘
11:07:33	3.96	--	60	23760	卖盘
11:07:27	3.96	--	1013	401148	买盘
11:07:24	3.96	--	46	18216	买盘
11:07:21	3.96	--	79	31284	买盘
11:07:18	3.96	--	15	5940	买盘
11:07:15	3.96	0.01	6	2376	买盘
11:07:09	3.95	-0.01	76	30020	卖盘
11:07:06	3.96	--	70	27720	买盘
11:07:03	3.96	--	23	9108	买盘
11:06:57	3.96	--	200	79200	买盘
11:06:54	3.96	--	1000	396000	买盘
11:06:45	3.96	--	20	7920	买盘
11:06:39	3.96	--	379	150084	买盘
11:06:36	3.96	--	6	2376	买盘
11:06:30	3.96	0.01	8	3168	买盘
11:06:18	3.95	--	1	395	卖盘
11:06:09	3.95	-0.01	76	30020	卖盘
11:06:03	3.96	--	52	20592	买盘
11:06:00	3.96	0.01	50	19800	买盘
11:05:54	3.95	--	6	2370	卖盘
11:05:51	3.95	-0.01	138	54510	卖盘
11:05:45	3.96	0.01	115	45540	买盘
11:05:42	3.95	--	72	28440	卖盘
11:05:39	3.95	--	76	30020	卖盘
11:05:36	3.95	-0.01	66	26070	卖盘
11:05:30	3.96	--	1	396	买盘
11:05:27	3.96	--	7	2772	买盘
11:05:24	3.96	0.01	76	30096	买盘
11:05:21	3.95	--	73	28835	卖盘
11:05:18	3.95	-0.01	1	395	卖盘
11:05:15	3.96	0.01	28	11088	买盘
11:05:12	3.95	--	66	26070	卖盘
11:05:09	3.95	-0.01	206	81370	卖盘
11:05:03	3.96	--	2	792	买盘
11:04:54	3.96	0.01	100	39600	买盘
11:04:51	3.95	--	1182	466890	卖盘
11:04:48	3.95	--	50	19750	卖盘
11:04:45	3.95	-0.01	73	28835	卖盘
11:04:39	3.96	--	86	34056	买盘
11:04:30	3.96	0.01	5	1980	买盘
11:04:18	3.95	-0.01	10	3950	卖盘
11:04:15	3.96	--	35	13860	买盘
11:04:06	3.96	0.01	60	23760	买盘
11:04:00	3.95	-0.01	142	56090	卖盘
11:03:57	3.96	--	5	1980	买盘
11:03:54	3.96	--	10	3960	买盘
11:03:51	3.96	0.01	19	7524	买盘
11:03:48	3.95	-0.01	9	3555	卖盘
11:03:45	3.96	0.01	30	11880	买盘
11:03:42	3.95	-0.01	30	11850	卖盘
11:03:39	3.96	0.01	40	15840	买盘
11:03:36	3.95	-0.01	400	158000	卖盘
11:03:33	3.96	--	324	128304	买盘
11:03:24	3.96	--	30	11880	买盘
11:03:18	3.96	0.01	100	39600	买盘
11:03:15	3.95	--	34	13430	卖盘
11:03:09	3.95	--	1030	406850	卖盘
11:03:03	3.95	--	152	60040	卖盘
11:03:00	3.95	--	113	44635	卖盘
11:02:57	3.95	--	180	71100	卖盘
11:02:42	3.95	--	4472	1766756	买盘
11:02:30	3.95	--	3	1185	买盘
11:02:27	3.95	--	30	11850	买盘
11:02:21	3.95	0.01	10	3950	买盘
11:02:06	3.94	--	70	27580	卖盘
11:02:03	3.94	--	20	7880	卖盘
11:01:51	3.94	-0.01	35	13790	卖盘
11:01:48	3.95	--	2801	1106395	买盘
11:01:30	3.95	0.01	20	7900	买盘
11:01:15	3.94	--	48	18912	卖盘
11:01:12	3.94	-0.01	1	394	卖盘
11:01:06	3.95	0.01	20	7900	买盘
11:01:03	3.94	-0.01	9	3546	卖盘
11:00:57	3.95	--	5	1975	买盘
11:00:51	3.95	--	59	23305	买盘
11:00:45	3.95	--	486	191970	买盘
11:00:39	3.95	0.01	100	39500	买盘
11:00:36	3.94	--	3	1182	卖盘
11:00:33	3.94	--	6	2364	卖盘
11:00:30	3.94	--	13	5122	卖盘
11:00:21	3.94	-0.01	15	5910	卖盘
11:00:03	3.95	0.01	1	395	买盘
10:59:48	3.94	-0.01	20	7880	卖盘
10:59:45	3.95	0.01	1	395	买盘
10:59:27	3.94	--	38	14972	卖盘
10:59:21	3.94	--	103	40582	卖盘
10:59:18	3.94	--	37	14578	卖盘
10:59:12	3.94	--	14	5516	卖盘
10:59:06	3.94	--	30	11820	卖盘
10:58:51	3.94	--	11	4334	卖盘
10:58:48	3.94	--	45	17730	卖盘
10:58:45	3.94	-0.01	50	19700	卖盘
10:58:39	3.95	0.01	3	1185	买盘
10:58:33	3.94	-0.01	5	1970	卖盘
10:58:27	3.95	--	217	85715	买盘
10:58:24	3.95	--	2	790	买盘
10:58:15	3.95	0.01	2	790	买盘
10:58:00	3.94	--	8	3152	卖盘
10:57:54	3.94	-0.01	10	3940	卖盘
10:57:48	3.95	--	60	23700	买盘
10:57:45	3.95	0.01	13	5135	买盘
10:57:42	3.94	--	22	8668	卖盘
10:57:36	3.94	--	1	394	卖盘
10:57:30	3.94	-0.01	20	7880	卖盘
10:57:21	3.95	0.01	50	19750	买盘
10:57:18	3.94	--	230	90620	卖盘
10:57:03	3.94	-0.01	7	2758	卖盘
10:56:57	3.95	0.01	1	395	买盘
10:56:39	3.94	--	3	1182	卖盘
10:56:36	3.94	-0.01	40	15760	卖盘
10:56:27	3.95	0.01	10	3950	买盘
10:56:09	3.94	-0.01	5	1970	卖盘
10:56:06	3.95	0.01	560	221200	买盘
10:56:03	3.94	-0.01	83	32702	卖盘
10:55:57	3.95	--	50	19750	买盘
10:55:45	3.95	0.01	35	13825	买盘
10:55:42	3.94	--	1	394	卖盘
10:55:39	3.94	-0.01	1	394	卖盘
10:55:33	3.95	--	1	395	买盘
10:55:27	3.95	0.01	5	1975	买盘
10:55:15	3.94	-0.01	45	17730	卖盘
10:54:48	3.95	0.01	5	1975	买盘
10:54:30	3.94	--	40	15760	卖盘
10:54:15	3.94	--	2	788	卖盘
10:53:57	3.94	-0.01	60	23640	卖盘
10:53:51	3.95	0.01	149	58855	买盘
10:53:45	3.94	--	12	4728	卖盘
10:53:42	3.94	--	14	5516	卖盘
10:52:54	3.94	--	20	7880	卖盘
10:52:51	3.94	--	88	34672	卖盘
10:52:48	3.94	-0.01	74	29156	卖盘
10:52:24	3.95	0.01	1	395	买盘
10:52:09	3.94	-0.01	19	7486	卖盘
10:52:00	3.95	0.01	2	790	买盘
10:51:57	3.94	-0.01	31	12214	卖盘
10:51:48	3.95	0.01	200	79000	买盘
10:51:42	3.94	--	483	190302	卖盘
10:51:36	3.94	--	103	40582	卖盘
10:51:30	3.94	--	1	394	卖盘
10:51:24	3.94	--	16	6304	卖盘
10:51:21	3.94	--	60	23640	卖盘
10:51:03	3.94	--	9	3546	卖盘
10:50:57	3.94	-0.01	89	35066	卖盘
10:50:36	3.95	0.01	70	27650	买盘
10:50:30	3.94	--	10	3940	卖盘
10:50:18	3.94	--	1	394	卖盘
10:50:09	3.94	-0.01	8	3152	卖盘
10:50:00	3.95	0.01	4	1580	买盘
10:49:45	3.94	--	50	19700	卖盘
10:49:39	3.94	--	105	41370	卖盘
10:49:36	3.94	-0.01	4	1576	卖盘
10:49:24	3.95	--	10	3950	买盘
10:49:18	3.95	0.01	4	1580	买盘
10:49:15	3.94	-0.01	50	19700	卖盘
10:49:06	3.95	0.01	30	11850	买盘
10:49:03	3.94	--	4	1576	卖盘
10:48:57	3.94	--	51	20094	卖盘
10:48:51	3.94	-0.01	100	39400	卖盘
10:48:48	3.95	--	10	3950	买盘
10:48:42	3.95	--	5	1975	买盘
10:48:39	3.95	--	226	89270	买盘
10:48:36	3.95	0.01	54	21330	买盘
10:48:33	3.94	--	68	26792	卖盘
10:48:24	3.94	-0.01	566	223004	卖盘
10:48:21	3.95	0.01	100	39500	买盘
10:48:09	3.94	-0.01	78	30732	卖盘
10:48:06	3.95	--	27	10665	买盘
10:48:03	3.95	--	20	7900	买盘
10:47:54	3.95	0.01	20	7900	买盘
10:47:48	3.94	--	9	3546	卖盘
10:47:30	3.94	--	42	16548	卖盘
10:47:24	3.94	--	100	39400	卖盘
10:47:03	3.94	-0.01	5	1970	卖盘
10:46:45	3.95	0.01	10	3950	买盘
10:46:42	3.94	-0.01	200	78800	卖盘
10:46:21	3.95	0.01	2	790	买盘
10:46:18	3.94	--	200	78800	卖盘
10:46:06	3.94	--	50	19700	卖盘
10:46:00	3.94	--	155	61070	卖盘
10:45:57	3.94	-0.01	50	19700	卖盘
10:45:54	3.95	0.01	10	3950	买盘
10:45:48	3.94	--	287	113078	卖盘
10:45:45	3.94	--	3	1182	卖盘
10:45:30	3.94	--	29	11426	卖盘
10:45:27	3.94	--	33	13002	卖盘
10:45:24	3.94	--	187	73678	卖盘
10:45:18	3.94	--	10	3940	卖盘
10:45:12	3.94	--	18	7092	卖盘
10:44:54	3.94	--	3	1182	卖盘
10:44:39	3.94	--	110	43340	卖盘
10:44:36	3.94	-0.01	12	4728	卖盘
10:44:33	3.95	--	5	1975	买盘
10:44:30	3.95	0.01	10	3950	买盘
10:44:15	3.94	-0.01	90	35460	卖盘
10:44:09	3.95	0.01	51	20145	买盘
10:44:03	3.94	--	170	66980	卖盘
10:44:00	3.94	-0.01	58	22852	卖盘
10:43:54	3.95	0.01	50	19750	买盘
10:43:48	3.94	--	340	133960	卖盘
10:43:42	3.94	-0.01	2	788	卖盘
10:43:27	3.95	0.01	70	27650	买盘
10:43:21	3.94	--	20	7880	卖盘
10:43:18	3.94	--	27	10638	卖盘
10:43:09	3.94	--	3	1182	卖盘
10:43:06	3.94	--	1	394	卖盘
10:43:03	3.94	--	43	16942	卖盘
10:43:00	3.94	-0.01	170	66980	卖盘
10:42:48	3.95	--	5	1975	买盘
10:42:39	3.95	0.01	1	395	买盘
10:42:36	3.94	--	412	162328	卖盘
10:42:33	3.94	-0.01	96	37824	卖盘
10:42:27	3.95	0.01	285	112575	买盘
10:42:18	3.94	--	200	78800	卖盘
10:42:15	3.94	-0.01	5	1970	卖盘
10:42:06	3.95	0.01	17	6715	买盘
10:41:54	3.94	-0.01	60	23640	卖盘
10:41:48	3.95	--	725	286375	买盘
10:41:27	3.95	--	50	19750	买盘
10:41:24	3.95	--	120	47400	买盘
10:41:09	3.95	--	7	2765	买盘
10:40:54	3.95	--	52	20540	买盘
10:40:51	3.95	0.01	2	790	买盘
10:40:45	3.94	--	12	4728	卖盘
10:40:36	3.94	--	10	3940	卖盘
10:40:30	3.94	-0.01	50	19700	卖盘
10:40:27	3.95	0.01	2	790	买盘
10:40:24	3.94	--	100	39400	卖盘
10:40:18	3.94	--	63	24822	卖盘
10:40:15	3.94	--	80	31520	卖盘
10:40:12	3.94	-0.01	109	42946	卖盘
10:40:09	3.95	0.01	658	259910	买盘
10:40:03	3.94	--	790	311260	卖盘
10:40:00	3.94	--	1	394	卖盘
10:39:51	3.94	--	40	15760	卖盘
10:39:48	3.94	-0.01	319	125686	卖盘
10:39:45	3.95	0.01	40	15800	买盘
10:39:39	3.94	--	9	3546	卖盘
10:39:36	3.94	--	185	72890	卖盘
10:39:33	3.94	--	5	1970	卖盘
10:39:24	3.94	--	20	7880	卖盘
10:39:15	3.94	-0.01	15	5910	卖盘
10:39:06	3.95	0.01	59	23305	买盘
10:38:54	3.94	-0.01	34	13396	卖盘
10:38:51	3.95	--	25	9875	买盘
10:38:39	3.95	0.01	22	8690	买盘
10:38:30	3.94	--	20	7880	卖盘
10:38:27	3.94	--	4	1576	卖盘
10:38:24	3.94	--	4	1576	卖盘
10:38:06	3.94	--	50	19700	卖盘
10:37:54	3.94	--	20	7880	卖盘
10:37:51	3.94	--	6	2364	卖盘
10:37:48	3.94	--	72	28368	卖盘
10:37:42	3.94	--	94	37036	卖盘
10:37:39	3.94	-0.01	61	24034	卖盘
10:37:33	3.95	0.01	213	84135	买盘
10:37:30	3.94	--	21	8274	卖盘
10:37:21	3.94	--	410	161540	卖盘
10:37:18	3.94	--	25	9850	卖盘
10:37:15	3.94	--	80	31520	卖盘
10:37:12	3.94	--	20	7880	卖盘
10:37:06	3.94	-0.01	99	39006	卖盘
10:37:00	3.95	0.01	200	79000	买盘
10:36:57	3.94	--	91	35854	卖盘
10:36:51	3.94	--	12	4728	卖盘
10:36:45	3.94	--	13	5122	卖盘
10:36:42	3.94	--	4	1576	卖盘
10:36:39	3.94	--	112	44128	卖盘
10:36:36	3.94	-0.01	130	51220	卖盘
10:36:30	3.95	0.01	10	3950	买盘
10:36:21	3.94	--	500	197000	卖盘
10:36:12	3.94	--	50	19700	卖盘
10:36:09	3.94	--	20	7880	卖盘
10:36:06	3.94	-0.01	3	1182	卖盘
10:35:54	3.95	0.01	70	27650	买盘
10:35:51	3.94	--	80	31520	卖盘
10:35:33	3.94	-0.01	270	106380	卖盘
10:35:24	3.95	--	1	395	买盘
10:35:12	3.95	--	30	11850	买盘
10:35:06	3.95	0.01	9	3555	买盘
10:35:00	3.94	--	68	26792	卖盘
10:34:54	3.94	-0.01	100	39400	卖盘
10:34:45	3.95	0.01	55	21725	买盘
10:34:42	3.94	--	20	7880	卖盘
10:34:39	3.94	--	100	39400	卖盘
10:34:36	3.94	--	300	118200	卖盘
10:34:33	3.94	--	4	1576	卖盘
10:34:15	3.94	-0.01	10	3940	卖盘
10:34:06	3.95	0.01	31	12245	买盘
10:34:03	3.94	--	9	3546	卖盘
10:33:54	3.94	--	95	37430	卖盘
10:33:48	3.94	-0.01	250	98500	卖盘
10:33:45	3.95	--	88	34760	买盘
10:33:42	3.95	0.01	2	790	买盘
10:33:39	3.94	--	163	64222	卖盘
10:33:27	3.94	--	500	197000	卖盘
10:33:18	3.94	--	7	2758	卖盘
10:33:15	3.94	-0.01	80	31520	卖盘
10:33:12	3.95	0.01	120	47400	买盘
10:33:03	3.94	-0.01	15	5910	卖盘
10:32:54	3.95	--	2	790	买盘
10:32:48	3.95	0.01	55	21725	买盘
10:32:45	3.94	--	30	11820	卖盘
10:32:42	3.94	--	23	9062	卖盘
10:32:39	3.94	-0.01	150	59100	卖盘
10:32:24	3.95	--	10	3950	买盘
10:32:00	3.95	0.01	27	10665	买盘
10:31:54	3.94	--	1	394	卖盘
10:31:51	3.94	-0.01	10	3940	卖盘
10:31:48	3.95	0.01	26	10270	买盘
10:31:36	3.94	--	3	1182	卖盘
10:31:30	3.94	--	150	59100	卖盘
10:31:27	3.94	-0.01	110	43340	卖盘
10:31:06	3.95	0.01	10	3950	买盘
10:30:54	3.94	-0.01	4	1576	卖盘
10:30:48	3.95	--	52	20540	买盘
10:30:33	3.95	--	10	3950	买盘
10:30:30	3.95	--	100	39500	买盘
10:30:24	3.95	0.01	10	3950	买盘
10:30:18	3.94	-0.01	39	15366	卖盘
10:30:15	3.95	--	65	25675	买盘
10:30:09	3.95	0.01	120	47400	买盘
10:30:03	3.94	-0.01	5	1970	卖盘
10:30:00	3.95	--	537	212115	买盘
10:29:57	3.95	--	10	3950	买盘
10:29:48	3.95	--	6	2370	买盘
10:29:42	3.95	--	6	2370	买盘
10:29:33	3.95	0.01	1	395	买盘
10:29:27	3.94	--	3	1182	卖盘
10:29:21	3.94	-0.01	382	150508	卖盘
10:29:09	3.95	--	120	47400	买盘
10:28:54	3.95	0.01	5	1975	买盘
10:28:51	3.94	--	5	1970	卖盘
10:28:45	3.94	-0.01	15	5910	卖盘
10:28:39	3.95	0.01	3	1185	买盘
10:28:36	3.94	-0.01	92	36248	卖盘
10:28:33	3.95	--	4	1580	买盘
10:28:24	3.95	--	5	1975	买盘
10:28:21	3.95	--	56	22120	买盘
10:28:15	3.95	--	1	395	买盘
10:28:03	3.95	--	14	5530	买盘
10:28:00	3.95	--	10	3950	买盘
10:27:51	3.95	--	2	790	买盘
10:27:45	3.95	--	1	395	买盘
10:27:33	3.95	--	100	39500	买盘
10:27:27	3.95	--	82	32390	买盘
10:27:21	3.95	0.01	41	16195	买盘
10:27:18	3.94	-0.01	2	788	卖盘
10:27:09	3.95	--	58	22910	买盘
10:27:03	3.95	--	1	395	买盘
10:26:57	3.95	--	23	9085	买盘
10:26:51	3.95	--	104	41080	买盘
10:26:45	3.95	0.01	20	7900	买盘
10:26:36	3.94	-0.01	20	7880	卖盘
10:26:33	3.95	--	112	44240	买盘
10:26:30	3.95	--	20	7900	买盘
10:26:03	3.95	0.01	1	395	买盘
10:26:00	3.94	-0.01	20	7880	卖盘
10:25:57	3.95	--	18	7110	买盘
10:25:51	3.95	0.01	26	10270	买盘
10:25:48	3.94	-0.01	95	37430	卖盘
10:25:30	3.95	--	50	19750	买盘
10:25:24	3.95	--	7	2765	买盘
10:25:21	3.95	--	7	2765	买盘
10:25:18	3.95	--	35	13825	买盘
10:25:15	3.95	0.01	30	11850	买盘
10:25:09	3.94	-0.01	1	394	卖盘
10:25:00	3.95	--	294	116130	买盘
10:24:57	3.95	--	633	250035	买盘
10:24:51	3.95	--	30	11850	买盘
10:24:45	3.95	--	5	1975	买盘
10:24:39	3.95	0.01	152	60040	买盘
10:24:36	3.94	-0.01	209	82346	卖盘
10:24:30	3.95	--	12	4740	买盘
10:24:27	3.95	--	28	11060	买盘
10:24:24	3.95	--	56	22120	买盘
10:24:21	3.95	--	4	1580	买盘
10:24:03	3.95	--	2	790	买盘
10:24:00	3.95	--	50	19750	买盘
10:23:57	3.95	--	376	148520	买盘
10:23:54	3.95	--	78	30810	买盘
10:23:51	3.95	--	3	1185	买盘
10:23:42	3.95	--	50	19750	买盘
10:23:36	3.95	--	50	19750	买盘
10:23:33	3.95	0.01	55	21725	买盘
10:23:27	3.94	--	10	3940	卖盘
10:23:24	3.94	-0.01	39	15366	卖盘
10:23:18	3.95	--	2	790	买盘
10:23:06	3.95	0.01	1	395	买盘
10:23:03	3.94	-0.01	60	23640	卖盘
10:22:57	3.95	--	28	11060	买盘
10:22:51	3.95	--	56	22120	买盘
10:22:42	3.95	--	50	19750	买盘
10:22:39	3.95	0.01	15	5925	买盘
10:22:33	3.94	-0.01	278	109532	卖盘
10:22:24	3.95	0.01	24	9480	买盘
10:22:18	3.94	--	6	2364	卖盘
10:22:12	3.94	--	50	19700	卖盘
10:22:09	3.94	-0.01	41	16154	卖盘
10:22:06	3.95	0.01	6	2370	买盘
10:22:03	3.94	--	18	7092	卖盘
10:22:00	3.94	-0.01	20	7880	卖盘
10:21:57	3.95	0.01	16	6320	买盘
10:21:54	3.94	--	73	28762	卖盘
10:21:51	3.94	-0.01	50	19700	卖盘
10:21:48	3.95	0.01	8	3160	买盘
10:21:21	3.94	--	50	19700	卖盘
10:21:18	3.94	--	22	8668	卖盘
10:21:03	3.94	--	1	394	卖盘
10:20:51	3.94	-0.01	1	394	卖盘
10:20:45	3.95	0.01	40	15800	买盘
10:20:42	3.94	--	90	35460	卖盘
10:20:33	3.94	--	45	17730	卖盘
10:20:30	3.94	--	8	3152	卖盘
10:20:27	3.94	--	1	394	卖盘
10:20:24	3.94	--	5	1970	卖盘
10:20:21	3.94	--	25	9850	卖盘
10:20:12	3.94	--	20	7880	卖盘
10:20:03	3.94	--	4	1576	卖盘
10:20:00	3.94	--	48	18912	卖盘
10:19:57	3.94	--	11	4334	卖盘
10:19:51	3.94	--	3	1182	卖盘
10:19:42	3.94	--	101	39794	卖盘
10:19:36	3.94	--	110	43340	卖盘
10:19:30	3.94	--	7	2758	卖盘
10:19:24	3.94	--	273	107562	卖盘
10:19:18	3.94	--	101	39794	卖盘
10:19:12	3.94	--	15	5910	卖盘
10:19:09	3.94	-0.01	10	3940	卖盘
10:19:06	3.95	0.01	7	2765	买盘
10:18:57	3.94	--	40	15760	卖盘
10:18:54	3.94	-0.01	19	7486	卖盘
10:18:51	3.95	0.01	3	1185	买盘
10:18:48	3.94	--	200	78800	卖盘
10:18:45	3.94	--	50	19700	卖盘
10:18:39	3.94	--	3	1182	卖盘
10:18:36	3.94	--	21	8274	卖盘
10:18:33	3.94	--	47	18518	卖盘
10:18:27	3.94	--	624	245856	卖盘
10:18:18	3.94	-0.01	40	15760	卖盘
10:18:09	3.95	0.01	85	33575	买盘
10:18:03	3.94	--	15	5910	卖盘
10:17:54	3.94	--	8	3152	卖盘
10:17:48	3.94	--	10	3940	卖盘
10:17:45	3.94	--	30	11820	卖盘
10:17:24	3.94	-0.01	24	9456	卖盘
10:17:09	3.95	0.01	63	24885	买盘
10:17:06	3.94	-0.01	13	5122	卖盘
10:17:03	3.95	--	1	395	买盘
10:16:48	3.95	--	100	39500	买盘
10:16:39	3.95	0.01	90	35550	买盘
10:16:36	3.94	-0.01	2	788	卖盘
10:16:30	3.95	--	1	395	买盘
10:16:15	3.95	0.01	17	6715	买盘
10:16:12	3.94	-0.01	12	4728	卖盘
10:16:03	3.95	0.01	1	395	买盘
10:15:57	3.94	--	50	19700	卖盘
10:15:45	3.94	-0.01	20	7880	卖盘
10:15:42	3.95	0.01	74	29230	买盘
10:15:33	3.94	--	750	295500	卖盘
10:15:27	3.94	--	26	10244	卖盘
10:15:24	3.94	-0.01	1	394	卖盘
10:15:21	3.95	--	80	31600	买盘
10:15:18	3.95	--	33	13035	买盘
10:15:06	3.95	--	2	790	买盘
10:15:03	3.95	--	1	395	买盘
10:15:00	3.95	--	1	395	买盘
10:14:57	3.95	--	1	395	买盘
10:14:51	3.95	0.01	10	3950	买盘
10:14:48	3.94	-0.01	150	59100	卖盘
10:14:45	3.95	--	380	150100	买盘
10:14:42	3.95	0.01	20	7900	买盘
10:14:39	3.94	-0.01	40	15760	卖盘
10:14:33	3.95	--	33	13035	买盘
10:14:30	3.95	--	1	395	买盘
10:14:24	3.95	--	10	3950	买盘
10:14:21	3.95	--	15	5925	买盘
10:14:06	3.95	0.01	2	790	买盘
10:14:00	3.94	-0.01	314	123716	卖盘
10:13:57	3.95	--	8	3160	买盘
10:13:51	3.95	--	19	7505	买盘
10:13:39	3.95	--	600	237000	买盘
10:13:36	3.95	--	1	395	买盘
10:13:33	3.95	--	5	1975	买盘
10:13:30	3.95	0.01	5	1975	买盘
10:13:27	3.94	-0.01	19	7486	卖盘
10:13:24	3.95	--	1	395	买盘
10:13:21	3.95	--	14	5530	买盘
10:13:18	3.95	--	3	1185	买盘
10:13:15	3.95	--	1	395	买盘
10:13:12	3.95	--	5	1975	买盘
10:13:06	3.95	--	1	395	买盘
10:13:03	3.95	0.01	172	67940	买盘
10:12:48	3.94	--	1	394	卖盘
10:12:39	3.94	-0.01	9	3546	卖盘
10:12:30	3.95	0.01	1046	413170	买盘
10:12:27	3.94	-0.01	3	1182	卖盘
10:12:24	3.95	0.01	127	50165	买盘
10:12:21	3.94	-0.01	20	7880	卖盘
10:12:18	3.95	--	29	11455	买盘
10:12:09	3.95	--	50	19750	买盘
10:11:54	3.95	--	1	395	买盘
10:11:51	3.95	--	19	7505	买盘
10:11:48	3.95	--	29	11455	买盘
10:11:45	3.95	0.01	26	10270	买盘
10:11:42	3.94	-0.01	40	15760	卖盘
10:11:33	3.95	--	26	10270	买盘
10:11:30	3.95	0.01	15	5925	买盘
10:11:24	3.94	--	2	788	卖盘
10:11:18	3.94	--	3	1182	卖盘
10:11:12	3.94	-0.01	6	2364	卖盘
10:11:03	3.95	--	11	4345	买盘
10:11:00	3.95	--	128	50560	买盘
10:10:57	3.95	--	119	47005	买盘
10:10:51	3.95	0.01	5	1975	买盘
10:10:45	3.94	--	10	3940	卖盘
10:10:36	3.94	--	30	11820	卖盘
10:10:30	3.94	--	6	2364	卖盘
10:10:27	3.94	-0.01	186	73284	卖盘
10:10:18	3.95	0.01	870	343650	买盘
10:10:12	3.94	-0.01	15	5910	卖盘
10:10:06	3.95	--	72	28440	买盘
10:10:03	3.95	0.01	1	395	买盘
10:10:00	3.94	--	1257	495258	卖盘
10:09:48	3.94	--	30	11820	卖盘
10:09:42	3.94	--	16	6304	卖盘
10:09:39	3.94	--	16	6304	卖盘
10:09:24	3.94	--	100	39400	卖盘
10:09:21	3.94	--	83	32702	卖盘
10:09:06	3.94	--	131	51614	卖盘
10:09:03	3.94	--	38	14972	卖盘
10:08:51	3.94	-0.01	72	28368	卖盘
10:08:42	3.95	--	19	7505	买盘
10:08:39	3.95	0.01	10	3950	买盘
10:08:36	3.94	--	20	7880	卖盘
10:08:33	3.94	-0.01	48	18912	卖盘
10:08:30	3.95	--	9	3555	买盘
10:08:27	3.95	--	15	5925	买盘
10:08:21	3.95	--	10	3950	买盘
10:08:00	3.95	--	1148	453460	买盘
10:07:54	3.95	--	169	66755	买盘
10:07:45	3.95	0.01	100	39500	买盘
10:07:39	3.94	--	17	6698	卖盘
10:07:33	3.94	--	6	2364	卖盘
10:07:27	3.94	-0.01	2	788	卖盘
10:07:24	3.95	0.01	1	395	买盘
10:07:15	3.94	-0.01	7	2758	卖盘
10:07:06	3.95	--	130	51350	买盘
10:06:57	3.95	--	38	15010	买盘
10:06:48	3.95	0.01	10	3950	买盘
10:06:42	3.94	--	110	43340	卖盘
10:06:39	3.94	-0.01	2	788	卖盘
10:06:30	3.95	--	11	4345	买盘
10:06:27	3.95	--	52	20540	买盘
10:06:24	3.95	--	1	395	买盘
10:06:21	3.95	0.01	4	1580	买盘
10:06:15	3.94	-0.01	1	394	卖盘
10:06:12	3.95	0.01	3	1185	买盘
10:06:09	3.94	-0.01	3	1182	卖盘
10:06:00	3.95	--	96	37920	买盘
10:05:54	3.95	--	1	395	买盘
10:05:51	3.95	--	10	3950	买盘
10:05:48	3.95	--	100	39500	买盘
10:05:45	3.95	--	55	21725	买盘
10:05:36	3.95	--	50	19750	买盘
10:05:30	3.95	--	929	367034	卖盘
10:05:18	3.95	0.01	1160	458516	买盘
10:05:15	3.94	-0.01	15	5910	卖盘
10:05:12	3.95	0.01	177	69915	买盘
10:05:09	3.94	-0.01	60	23640	卖盘
10:05:06	3.95	--	7	2765	买盘
10:05:03	3.95	--	1556	614620	买盘
10:04:57	3.95	0.01	5	1975	买盘
10:04:54	3.94	--	5	1970	卖盘
10:04:51	3.94	-0.01	500	197000	卖盘
10:04:48	3.95	0.01	97	38315	买盘
10:04:39	3.94	-0.01	100	39400	卖盘
10:04:36	3.95	0.01	50	19750	买盘
10:04:33	3.94	--	10	3940	卖盘
10:04:30	3.94	--	100	39400	卖盘
10:04:24	3.94	-0.01	507	199758	卖盘
10:04:21	3.95	--	1	395	买盘
10:04:15	3.95	0.01	34	13430	买盘
10:04:12	3.94	--	101	39794	卖盘
10:04:09	3.94	--	50	19700	卖盘
10:04:00	3.94	--	100	39400	卖盘
10:03:57	3.94	--	19	7486	卖盘
10:03:54	3.94	--	12	4728	卖盘
10:03:51	3.94	-0.01	154	60676	卖盘
10:03:48	3.95	0.01	6	2370	买盘
10:03:30	3.94	--	55	21670	卖盘
10:03:27	3.94	-0.01	20	7880	卖盘
10:03:24	3.95	--	299	118105	买盘
10:03:12	3.95	--	40	15800	买盘
10:03:06	3.95	0.01	2	790	买盘
10:03:03	3.94	--	10	3940	卖盘
10:03:00	3.94	--	20	7880	卖盘
10:02:51	3.94	-0.01	1	394	卖盘
10:02:45	3.95	0.01	15	5925	买盘
10:02:42	3.94	-0.01	26	10244	卖盘
10:02:30	3.95	--	5	1975	买盘
10:02:21	3.95	--	1	395	买盘
10:02:15	3.95	--	1	395	买盘
10:02:06	3.95	0.01	2	790	买盘
10:02:00	3.94	--	5	1970	卖盘
10:01:54	3.94	-0.01	260	102440	卖盘
10:01:48	3.95	0.01	1	395	买盘
10:01:45	3.94	--	1	394	卖盘
10:01:39	3.94	--	105	41370	卖盘
10:01:33	3.94	--	5	1970	卖盘
10:01:30	3.94	--	27	10638	卖盘
10:01:15	3.94	--	133	52402	卖盘
10:01:03	3.94	--	22	8668	卖盘
10:01:00	3.94	--	113	44522	卖盘
10:00:54	3.94	--	5	1970	卖盘
10:00:51	3.94	--	2	788	卖盘
10:00:39	3.94	-0.01	6	2364	卖盘
10:00:36	3.95	--	20	7900	买盘
10:00:27	3.95	0.01	10	3950	买盘
10:00:24	3.94	--	34	13396	卖盘
10:00:21	3.94	-0.01	10	3940	卖盘
10:00:15	3.95	--	60	23700	买盘
10:00:06	3.95	--	6	2370	买盘
10:00:03	3.95	--	25	9875	买盘
10:00:00	3.95	--	59	23305	买盘
09:59:57	3.95	--	12	4740	买盘
09:59:54	3.95	--	73	28835	买盘
09:59:51	3.95	--	2	790	买盘
09:59:48	3.95	--	289	114234	卖盘
09:59:45	3.95	--	40	15800	卖盘
09:59:42	3.95	--	500	197500	卖盘
09:59:39	3.95	--	50	19750	卖盘
09:59:36	3.95	--	121	47795	卖盘
09:59:33	3.95	--	30	11850	卖盘
09:59:30	3.95	--	16	6320	卖盘
09:59:27	3.95	--	31	12245	卖盘
09:59:24	3.95	--	191	75445	卖盘
09:59:21	3.95	--	60	23700	卖盘
09:59:18	3.95	--	20	7900	卖盘
09:59:15	3.95	--	23	9085	卖盘
09:59:12	3.95	-0.01	20	7900	卖盘
09:59:06	3.96	0.01	1	396	买盘
09:59:03	3.95	--	54	21330	卖盘
09:59:00	3.95	--	20	7900	卖盘
09:58:54	3.95	--	100	39500	卖盘
09:58:51	3.95	-0.01	14	5530	卖盘
09:58:48	3.96	0.01	157	62172	买盘
09:58:42	3.95	--	25	9875	卖盘
09:58:36	3.95	--	10	3950	卖盘
09:58:33	3.95	--	28	11060	卖盘
09:58:27	3.95	--	2	790	卖盘
09:58:24	3.95	--	96	37920	卖盘
09:58:12	3.95	--	1196	472736	买盘
09:58:09	3.95	--	81	31995	买盘
09:58:06	3.95	--	45	17775	买盘
09:58:03	3.95	--	200	79000	买盘
09:57:57	3.95	--	100	39500	买盘
09:57:54	3.95	--	6	2370	买盘
09:57:45	3.95	0.01	50	19750	买盘
09:57:42	3.94	-0.01	1	394	卖盘
09:57:39	3.95	--	500	197500	买盘
09:57:33	3.95	0.01	91	35945	买盘
09:57:30	3.94	-0.01	100	39400	卖盘
09:57:27	3.95	0.01	40	15800	买盘
09:57:24	3.94	-0.01	4	1576	卖盘
09:57:21	3.95	--	200	79000	买盘
09:57:15	3.95	--	19	7505	买盘
09:57:06	3.95	--	77	30415	买盘
09:57:03	3.95	--	1	395	买盘
09:56:51	3.95	0.01	243	95985	买盘
09:56:45	3.94	-0.01	19	7486	卖盘
09:56:39	3.95	--	1	395	买盘
09:56:36	3.95	0.01	19	7505	买盘
09:56:21	3.94	--	22	8668	卖盘
09:56:18	3.94	--	245	96530	卖盘
09:56:12	3.94	--	10	3940	卖盘
09:56:09	3.94	--	44	17336	卖盘
09:56:06	3.94	--	25	9850	卖盘
09:55:57	3.94	-0.01	4	1576	卖盘
09:55:54	3.95	0.01	7	2765	买盘
09:55:48	3.94	--	30	11820	卖盘
09:55:42	3.94	-0.01	42	16548	卖盘
09:55:27	3.95	--	7	2765	买盘
09:55:21	3.95	--	147	58065	买盘
09:55:12	3.95	--	1	395	买盘
09:55:09	3.95	0.01	143	56485	买盘
09:55:00	3.94	-0.01	80	31520	卖盘
09:54:57	3.95	--	4	1580	买盘
09:54:54	3.95	--	1	395	买盘
09:54:51	3.95	--	30	11850	买盘
09:54:45	3.95	0.01	10	3950	买盘
09:54:42	3.94	-0.01	7	2758	卖盘
09:54:30	3.95	--	101	39895	买盘
09:54:27	3.95	0.01	2	790	买盘
09:54:24	3.94	-0.01	39	15366	卖盘
09:54:21	3.95	--	54	21330	买盘
09:54:18	3.95	0.01	10	3950	买盘
09:54:15	3.94	-0.01	6	2364	卖盘
09:54:12	3.95	-0.01	277	109415	卖盘
09:54:03	3.96	0.01	6	2376	买盘
09:53:57	3.95	-0.01	5010	1978950	卖盘
09:53:51	3.96	--	40	15840	买盘
09:53:48	3.96	0.01	16	6336	买盘
09:53:45	3.95	-0.01	80	31600	卖盘
09:53:42	3.96	--	973	385308	买盘
09:53:33	3.96	0.01	10	3960	买盘
09:53:27	3.95	--	51	20145	卖盘
09:53:24	3.95	--	13	5135	卖盘
09:53:18	3.95	--	25	9875	卖盘
09:53:15	3.95	-0.01	27	10665	卖盘
09:53:12	3.96	--	12	4752	买盘
09:53:09	3.96	--	13	5148	买盘
09:53:03	3.96	0.01	16	6336	买盘
09:52:54	3.95	-0.01	11	4345	卖盘
09:52:45	3.96	--	165	65340	买盘
09:52:42	3.96	0.01	8	3168	买盘
09:52:39	3.95	--	5	1975	卖盘
09:52:36	3.95	-0.01	3	1185	卖盘
09:52:30	3.96	--	45	17820	买盘
09:52:24	3.96	0.01	1	396	买盘
09:52:18	3.95	--	18	7110	卖盘
09:52:12	3.95	--	74	29230	卖盘
09:52:03	3.95	--	50	19750	卖盘
09:51:57	3.95	-0.01	57	22515	卖盘
09:51:54	3.96	--	5	1980	买盘
09:51:48	3.96	0.01	198	78408	买盘
09:51:42	3.95	-0.01	10	3950	卖盘
09:51:39	3.96	0.01	283	112068	买盘
09:51:30	3.95	-0.01	43	16985	卖盘
09:51:21	3.96	--	4	1584	买盘
09:51:15	3.96	0.01	1	396	买盘
09:51:09	3.95	--	10	3950	卖盘
09:51:06	3.95	-0.01	18	7110	卖盘
09:50:57	3.96	--	59	23364	买盘
09:50:42	3.96	--	122	48312	买盘
09:50:36	3.96	0.01	1	396	买盘
09:50:33	3.95	-0.01	3	1185	卖盘
09:50:30	3.96	--	57	22572	买盘
09:50:09	3.96	--	1	396	买盘
09:50:06	3.96	0.01	60	23760	买盘
09:50:00	3.95	-0.01	1	395	卖盘
09:49:54	3.96	--	23	9108	买盘
09:49:48	3.96	0.01	51	20196	买盘
09:49:39	3.95	-0.01	23	9085	卖盘
09:49:36	3.96	--	70	27720	买盘
09:49:33	3.96	--	5	1980	买盘
09:49:30	3.96	--	125	49500	买盘
09:49:27	3.96	--	1	396	买盘
09:49:24	3.96	--	15	5940	买盘
09:49:21	3.96	--	120	47520	买盘
09:49:15	3.96	0.01	56	22176	买盘
09:49:12	3.95	-0.01	16	6320	卖盘
09:49:09	3.96	0.01	30	11880	买盘
09:49:06	3.95	-0.01	152	60040	卖盘
09:49:03	3.96	--	79	31284	买盘
09:49:00	3.96	0.01	35	13860	买盘
09:48:54	3.95	-0.01	30	11850	卖盘
09:48:51	3.96	--	10	3960	买盘
09:48:48	3.96	--	254	100584	买盘
09:48:45	3.96	--	50	19800	买盘
09:48:42	3.96	0.01	30	11880	买盘
09:48:36	3.95	--	8	3160	卖盘
09:48:33	3.95	--	10	3950	卖盘
09:48:24	3.95	-0.01	3	1185	卖盘
09:48:21	3.96	--	50	19800	买盘
09:48:18	3.96	--	11	4356	买盘
09:48:15	3.96	0.01	1	396	买盘
09:48:12	3.95	--	58	22910	卖盘
09:47:54	3.95	0.01	902	356290	买盘
09:47:45	3.94	-0.01	17	6698	卖盘
09:47:42	3.95	0.01	1147	453065	买盘
09:47:39	3.94	-0.01	870	342780	卖盘
09:47:33	3.95	--	42	16590	买盘
09:47:30	3.95	0.01	3	1185	买盘
09:47:21	3.94	-0.01	26	10244	卖盘
09:47:18	3.95	0.01	314	124030	买盘
09:47:15	3.94	--	9	3546	卖盘
09:47:12	3.94	-0.01	48	18912	卖盘
09:47:09	3.95	0.01	602	237790	买盘
09:47:06	3.94	--	39	15366	卖盘
09:47:00	3.94	-0.01	108	42552	卖盘
09:46:57	3.95	--	10	3950	买盘
09:46:54	3.95	0.01	3	1185	买盘
09:46:51	3.94	-0.01	51	20094	卖盘
09:46:48	3.95	0.01	5	1975	买盘
09:46:39	3.94	--	20	7880	卖盘
09:46:36	3.94	--	1	394	卖盘
09:46:27	3.94	--	12	4728	卖盘
09:46:24	3.94	-0.01	6	2364	卖盘
09:46:21	3.95	--	3	1185	买盘
09:46:18	3.95	0.01	20	7900	买盘
09:46:12	3.94	--	21	8274	卖盘
09:46:03	3.94	--	50	19700	卖盘
09:46:00	3.94	-0.01	65	25610	卖盘
09:45:51	3.95	0.01	28	11060	买盘
09:45:45	3.94	--	8	3152	卖盘
09:45:36	3.94	-0.01	206	81164	卖盘
09:45:33	3.95	0.01	14	5530	买盘
09:45:30	3.94	--	30	11820	卖盘
09:45:27	3.94	--	67	26398	卖盘
09:45:21	3.94	-0.01	2	788	卖盘
09:45:15	3.95	0.01	20	7900	买盘
09:45:12	3.94	--	4	1576	卖盘
09:45:09	3.94	-0.01	23	9062	卖盘
09:45:06	3.95	0.01	5	1975	买盘
09:45:00	3.94	-0.01	16	6304	卖盘
09:44:54	3.95	--	95	37525	买盘
09:44:51	3.95	--	34	13430	买盘
09:44:48	3.95	--	2	790	买盘
09:44:45	3.95	0.01	29	11455	买盘
09:44:42	3.94	-0.01	10	3940	卖盘
09:44:39	3.95	--	40	15800	买盘
09:44:30	3.95	--	2	790	买盘
09:44:27	3.95	0.01	150	59250	买盘
09:44:24	3.94	--	1	394	卖盘
09:44:21	3.94	--	12	4728	卖盘
09:44:18	3.94	--	1	394	卖盘
09:44:12	3.94	-0.01	1333	525202	卖盘
09:44:09	3.95	--	35	13825	买盘
09:44:03	3.95	--	110	43450	买盘
09:44:00	3.95	0.01	100	39500	买盘
09:43:57	3.94	-0.01	1648	649312	卖盘
09:43:48	3.95	--	351	138645	买盘
09:43:36	3.95	--	8	3160	买盘
09:43:33	3.95	--	60	23700	买盘
09:43:27	3.95	--	1	395	买盘
09:43:21	3.95	--	38	15010	买盘
09:43:18	3.95	0.01	18	7110	买盘
09:43:15	3.94	--	56	22064	卖盘
09:43:12	3.94	-0.01	6	2364	卖盘
09:43:09	3.95	--	10	3950	买盘
09:42:57	3.95	--	3	1185	买盘
09:42:54	3.95	--	41	16195	买盘
09:42:51	3.95	--	254	100330	买盘
09:42:48	3.95	0.01	158	62410	买盘
09:42:42	3.94	--	118	46492	卖盘
09:42:39	3.94	-0.01	9	3546	卖盘
09:42:33	3.95	0.01	240	94800	买盘
09:42:27	3.94	--	3	1182	卖盘
09:42:18	3.94	-0.01	1	394	卖盘
09:42:12	3.95	0.01	11	4345	买盘
09:42:09	3.94	-0.01	7	2758	卖盘
09:42:03	3.95	--	35	13825	买盘
09:41:57	3.95	0.01	24	9480	买盘
09:41:54	3.94	--	10	3940	卖盘
09:41:39	3.94	-0.01	7	2758	卖盘
09:41:30	3.95	--	10	3950	买盘
09:41:27	3.95	0.01	5	1975	买盘
09:41:24	3.94	-0.01	29	11623	卖盘
09:41:21	3.95	--	30	11850	买盘
09:41:18	3.95	0.01	50	19750	买盘
09:41:15	3.94	--	20	7880	卖盘
09:41:09	3.94	--	10	3940	卖盘
09:40:51	3.94	--	35	13790	卖盘
09:40:42	3.94	--	102	40188	卖盘
09:40:39	3.94	--	45	17730	卖盘
09:40:33	3.94	--	51	20094	卖盘
09:40:24	3.94	-0.01	57	22458	卖盘
09:40:21	3.95	0.01	24	9480	买盘
09:40:12	3.94	--	9	3546	卖盘
09:40:09	3.94	--	4	1576	卖盘
09:40:00	3.94	--	5	1970	卖盘
09:39:57	3.94	--	51	20094	卖盘
09:39:54	3.94	-0.01	16	6304	卖盘
09:39:51	3.95	0.01	1	395	买盘
09:39:48	3.94	-0.01	50	19700	卖盘
09:39:42	3.95	0.01	10	3950	买盘
09:39:39	3.94	-0.01	110	43340	卖盘
09:39:27	3.95	--	10	3950	买盘
09:39:12	3.95	0.01	12	4740	买盘
09:39:06	3.94	--	469	184786	卖盘
09:39:03	3.94	-0.01	4	1576	卖盘
09:39:00	3.95	--	110	43450	买盘
09:38:51	3.95	0.01	153	60435	买盘
09:38:48	3.94	-0.01	21	8274	卖盘
09:38:45	3.95	0.01	101	39895	买盘
09:38:42	3.94	--	2	788	卖盘
09:38:39	3.94	--	100	39400	卖盘
09:38:36	3.94	--	30	11820	卖盘
09:38:21	3.94	--	7	2758	卖盘
09:38:18	3.94	--	30	11820	卖盘
09:38:15	3.94	--	9	3546	卖盘
09:38:12	3.94	--	11	4334	卖盘
09:38:09	3.94	--	50	19700	卖盘
09:38:06	3.94	-0.01	29	11426	卖盘
09:38:03	3.95	--	36	14220	买盘
09:37:57	3.95	--	18	7110	买盘
09:37:54	3.95	0.01	2	790	买盘
09:37:48	3.94	--	1	394	卖盘
09:37:45	3.94	--	181	71314	卖盘
09:37:42	3.94	--	30	11820	卖盘
09:37:39	3.94	--	10	3940	卖盘
09:37:33	3.94	-0.01	65	25610	卖盘
09:37:30	3.95	0.01	107	42265	买盘
09:37:27	3.94	--	10	3940	卖盘
09:37:24	3.94	-0.01	31	12214	卖盘
09:37:18	3.95	0.01	114	45030	买盘
09:37:15	3.94	--	100	39400	卖盘
09:37:12	3.94	--	105	41685	卖盘
09:37:06	3.94	--	219	86286	卖盘
09:36:57	3.94	--	1	394	卖盘
09:36:42	3.94	--	137	53978	买盘
09:36:39	3.94	--	16	6304	买盘
09:36:36	3.94	--	20	7880	买盘
09:36:33	3.94	--	83	32702	买盘
09:36:30	3.94	--	120	47280	买盘
09:36:21	3.94	--	45	17730	买盘
09:36:18	3.94	--	10	3940	买盘
09:36:15	3.94	0.01	250	98500	买盘
09:36:12	3.93	-0.01	70	27510	卖盘
09:36:06	3.94	--	110	43340	买盘
09:36:03	3.94	--	6	2364	买盘
09:36:00	3.94	--	20	7880	买盘
09:35:57	3.94	--	90	35460	买盘
09:35:54	3.94	--	73	28762	买盘
09:35:51	3.94	--	207	81558	买盘
09:35:48	3.94	--	6	2364	买盘
09:35:45	3.94	--	16	6304	买盘
09:35:42	3.94	--	37	14578	买盘
09:35:36	3.94	--	347	136718	买盘
09:35:33	3.94	--	30	11820	买盘
09:35:30	3.94	--	50	19700	买盘
09:35:27	3.94	--	9	3546	买盘
09:35:24	3.94	--	152	59888	买盘
09:35:18	3.94	--	96	37824	买盘
09:35:15	3.94	--	24	9456	买盘
09:35:12	3.94	--	50	19700	买盘
09:35:09	3.94	--	14	5516	买盘
09:35:03	3.94	--	113	44522	买盘
09:34:57	3.94	--	440	173360	卖盘
09:34:45	3.94	--	17	6698	买盘
09:34:42	3.94	--	107	42158	卖盘
09:34:39	3.94	--	76	29944	卖盘
09:34:36	3.94	--	87	34278	卖盘
09:34:33	3.94	--	10	3940	卖盘
09:34:30	3.94	--	21	8274	买盘
09:34:27	3.94	--	3	1182	买盘
09:34:24	3.94	--	40	15760	买盘
09:34:21	3.94	--	1056	416064	买盘
09:34:18	3.94	--	34	13396	买盘
09:34:15	3.94	--	199	78406	买盘
09:34:12	3.94	--	7	2758	买盘
09:34:09	3.94	0.01	68	26792	买盘
09:34:00	3.93	--	10	3930	卖盘
09:33:45	3.93	-0.01	176	69168	卖盘
09:33:42	3.94	0.01	2	788	买盘
09:33:33	3.93	--	17	6681	卖盘
09:33:27	3.93	-0.01	4	1572	卖盘
09:33:24	3.94	--	220	86680	买盘
09:33:21	3.94	0.01	136	53584	买盘
09:33:15	3.93	--	11	4323	卖盘
09:33:12	3.93	--	145	56985	卖盘
09:33:03	3.93	--	30	11790	卖盘
09:32:54	3.93	--	102	40086	卖盘
09:32:51	3.93	-0.01	96	37728	卖盘
09:32:45	3.94	0.01	250	98500	买盘
09:32:39	3.93	--	8	3144	卖盘
09:32:36	3.93	--	56	22008	卖盘
09:32:33	3.93	--	31	12183	卖盘
09:32:30	3.93	--	53	20829	卖盘
09:32:27	3.93	-0.01	101	39693	卖盘
09:32:24	3.94	--	10	3940	买盘
09:32:21	3.94	--	2	788	买盘
09:32:15	3.94	--	46	18124	买盘
09:32:09	3.94	0.01	210	82740	买盘
09:32:06	3.93	-0.01	105	41265	卖盘
09:32:00	3.94	--	10	3940	买盘
09:31:57	3.94	--	268	105592	买盘
09:31:54	3.94	--	1529	602426	卖盘
09:31:51	3.94	--	80	31520	卖盘
09:31:48	3.94	--	4	1576	卖盘
09:31:42	3.94	--	78	30732	卖盘
09:31:39	3.94	--	57	22458	卖盘
09:31:36	3.94	--	9	3546	卖盘
09:31:33	3.94	--	197	77618	卖盘
09:31:30	3.94	--	5	1970	买盘
09:31:24	3.94	--	55	21670	卖盘
09:31:18	3.94	-0.01	51	20094	卖盘
09:31:15	3.95	0.01	1287	508365	买盘
09:31:12	3.94	--	206	81164	买盘
09:31:09	3.94	--	1	394	买盘
09:31:06	3.94	--	7	2758	买盘
09:31:03	3.94	--	102	40188	卖盘
09:31:00	3.94	--	5	1970	卖盘
09:30:57	3.94	--	53	20882	卖盘
09:30:54	3.94	--	32	12608	卖盘
09:30:45	3.94	--	3	1182	买盘
09:30:39	3.94	0.01	100	39400	买盘
09:30:36	3.93	-0.01	3	1179	卖盘
09:30:27	3.94	--	117	46098	卖盘
09:30:21	3.94	--	415	163510	卖盘
09:30:18	3.94	-0.01	16	6304	卖盘
09:30:15	3.95	--	20	7900	买盘
09:30:12	3.95	0.01	101	39895	买盘
09:30:09	3.94	-0.01	6	2364	卖盘
09:30:06	3.95	0.01	185	73075	买盘
09:30:03	3.94	-0.01	357	140658	卖盘
09:30:00	3.95	--	0	0	买盘
09:25:03	3.95	3.95	358	141410	买盘
