成交时间	成交价	价格变动	成交量(手)	成交额(元)	性质
15:00:03	5.24	--	4449	2331276	买盘
14:57:00	5.24	0.01	11	5764	买盘
14:56:51	5.23	-0.01	18	9414	卖盘
14:56:45	5.24	0.01	29	15196	买盘
14:56:42	5.23	--	100	52300	卖盘
14:56:36	5.23	--	51	26673	卖盘
14:56:30	5.23	-0.01	43	22489	卖盘
14:56:24	5.24	0.01	501	262524	买盘
14:56:15	5.23	-0.01	22	11506	卖盘
14:56:12	5.24	0.01	30	15720	买盘
14:56:09	5.23	-0.01	1	523	卖盘
14:56:06	5.24	0.01	50	26200	买盘
14:56:03	5.23	-0.01	20	10460	卖盘
14:56:00	5.24	--	594	311256	买盘
14:55:57	5.24	--	5	2620	买盘
14:55:42	5.24	--	58	30392	买盘
14:55:33	5.24	0.01	16	8384	买盘
14:55:18	5.23	--	7	3661	卖盘
14:55:15	5.23	--	11	5753	卖盘
14:55:12	5.23	--	5	2615	卖盘
14:55:09	5.23	-0.01	14	7322	卖盘
14:55:06	5.24	0.01	168	88032	买盘
14:55:03	5.23	--	7	3661	卖盘
14:54:51	5.23	--	5	2615	卖盘
14:54:48	5.23	--	1	523	卖盘
14:54:39	5.23	--	2	1046	卖盘
14:54:30	5.23	-0.01	9	4707	卖盘
14:54:27	5.24	0.01	60	31440	买盘
14:54:24	5.23	--	10	5230	卖盘
14:54:21	5.23	-0.01	10	5230	卖盘
14:54:12	5.24	--	10	5240	买盘
14:54:09	5.24	0.01	5	2620	买盘
14:54:06	5.23	--	20	10460	卖盘
14:53:48	5.23	--	19	9937	卖盘
14:53:30	5.23	-0.01	40	20920	卖盘
14:53:24	5.24	0.01	62	32488	买盘
14:53:12	5.23	-0.01	91	47593	卖盘
14:53:06	5.24	--	16	8384	买盘
14:53:03	5.24	--	10	5240	买盘
14:52:57	5.24	0.01	2	1048	买盘
14:52:36	5.23	--	5	2615	卖盘
14:52:30	5.23	-0.01	3	1569	卖盘
14:52:21	5.24	0.01	3	1572	买盘
14:52:18	5.23	-0.01	146	76358	卖盘
14:52:00	5.24	0.01	1	524	买盘
14:51:57	5.23	--	20	10460	卖盘
14:51:39	5.23	--	1	523	卖盘
14:51:30	5.23	--	69	36087	卖盘
14:51:27	5.23	--	2	1046	卖盘
14:51:21	5.23	-0.01	1	523	卖盘
14:51:12	5.24	0.01	29	15196	买盘
14:51:09	5.23	--	241	126043	卖盘
14:51:00	5.23	--	10	5230	卖盘
14:50:45	5.23	--	5	2615	卖盘
14:50:21	5.23	-0.01	7	3661	卖盘
14:50:00	5.24	0.01	59	31298	买盘
14:49:57	5.23	--	1395	729585	买盘
14:49:42	5.23	--	100	52300	买盘
14:49:39	5.23	--	157	82111	买盘
14:49:36	5.23	--	6	3138	买盘
14:49:30	5.23	0.01	241	126043	买盘
14:49:27	5.22	--	10	5220	卖盘
14:49:12	5.22	--	48	25056	卖盘
14:49:03	5.22	-0.01	14	7308	卖盘
14:49:00	5.23	0.01	20	10460	买盘
14:48:51	5.22	-0.01	5	2610	卖盘
14:48:45	5.23	0.01	21	10983	买盘
14:48:24	5.22	-0.01	9	4698	卖盘
14:48:21	5.23	--	205	107215	买盘
14:48:09	5.23	0.01	100	52300	买盘
14:48:06	5.22	--	5	2610	卖盘
14:48:03	5.22	-0.01	39	20358	卖盘
14:47:39	5.23	--	5	2615	买盘
14:47:24	5.23	--	42	21966	买盘
14:47:15	5.23	--	10	5230	买盘
14:47:12	5.23	--	40	20920	买盘
14:47:09	5.23	--	1	523	买盘
14:46:54	5.23	--	12	6276	买盘
14:46:51	5.23	--	11	5753	买盘
14:46:39	5.23	--	3	1569	买盘
14:46:24	5.23	0.01	1	523	买盘
14:46:21	5.22	--	40	20880	卖盘
14:46:09	5.22	-0.01	9	4698	卖盘
14:45:57	5.23	0.01	10	5230	买盘
14:45:54	5.22	--	20	10440	卖盘
14:45:48	5.22	-0.01	5	2610	卖盘
14:45:42	5.23	--	23	12029	买盘
14:45:39	5.23	0.01	3	1569	买盘
14:45:36	5.22	-0.01	7	3654	卖盘
14:44:57	5.23	0.01	1	523	买盘
14:44:48	5.22	--	20	10440	卖盘
14:44:42	5.22	--	79	41238	卖盘
14:44:33	5.22	--	16	8352	卖盘
14:44:30	5.22	-0.01	24	12528	卖盘
14:44:27	5.23	--	103	53869	买盘
14:44:15	5.23	0.01	1	523	买盘
14:43:57	5.22	--	5	2610	卖盘
14:43:54	5.22	--	31	16182	卖盘
14:43:51	5.22	--	103	53766	卖盘
14:43:42	5.22	-0.01	30	15660	卖盘
14:43:33	5.23	0.01	1	523	买盘
14:43:12	5.22	--	1	522	卖盘
14:43:09	5.22	-0.01	2	1044	卖盘
14:42:57	5.23	0.01	1	523	买盘
14:42:48	5.22	--	5	2610	卖盘
14:42:42	5.22	-0.01	31	16182	卖盘
14:42:27	5.23	0.01	23	12029	买盘
14:42:03	5.22	-0.01	51	26622	卖盘
14:41:54	5.23	--	24	12552	买盘
14:41:48	5.23	0.01	1	523	买盘
14:41:36	5.22	--	23	12006	卖盘
14:41:33	5.22	-0.01	10	5220	卖盘
14:41:30	5.23	0.01	1	523	买盘
14:41:18	5.22	--	10	5220	卖盘
14:41:12	5.22	--	1	522	卖盘
14:41:03	5.22	--	20	10440	卖盘
14:40:39	5.22	--	3	1566	卖盘
14:40:33	5.22	-0.01	7	3654	卖盘
14:40:30	5.23	0.01	1	523	买盘
14:40:24	5.22	-0.01	30	15660	卖盘
14:40:15	5.23	--	10	5230	买盘
14:40:12	5.23	0.01	30	15690	买盘
14:39:36	5.22	-0.01	12	6264	卖盘
14:39:30	5.23	0.01	5	2615	买盘
14:39:24	5.22	-0.01	32	16704	卖盘
14:39:21	5.23	0.01	1	523	买盘
14:39:06	5.22	-0.01	12	6264	卖盘
14:39:00	5.23	-0.01	13	6799	卖盘
14:38:51	5.24	0.01	55	28820	买盘
14:38:48	5.23	--	9	4707	卖盘
14:38:45	5.23	--	117	61191	卖盘
14:38:42	5.23	0.01	20	10460	卖盘
14:38:39	5.22	-0.01	40	20880	卖盘
14:38:36	5.23	--	49	26050	买盘
14:38:30	5.23	--	21	11082	卖盘
14:38:24	5.23	--	11	6176	买盘
14:38:15	5.23	--	7	3760	卖盘
14:38:12	5.23	-0.01	35	18305	卖盘
14:38:06	5.24	0.01	2	1048	买盘
14:38:03	5.23	--	9	4707	卖盘
14:38:00	5.23	--	111	58053	卖盘
14:37:57	5.23	--	28	14644	卖盘
14:37:54	5.23	--	17	8891	卖盘
14:37:51	5.23	--	4	2515	买盘
14:37:48	5.23	0.01	2	1046	买盘
14:37:39	5.22	-0.01	44	22968	卖盘
14:37:33	5.23	--	77	40370	卖盘
14:37:30	5.23	--	66	34518	卖盘
14:37:27	5.23	--	140	73643	卖盘
14:37:21	5.23	--	16	8368	卖盘
14:37:15	5.23	--	81	42363	卖盘
14:37:12	5.23	--	41	21443	买盘
14:37:09	5.23	--	4	2092	卖盘
14:37:06	5.23	--	100	52300	卖盘
14:37:03	5.23	--	5	2615	卖盘
14:37:00	5.23	--	20	10460	卖盘
14:36:48	5.23	--	489	255747	卖盘
14:36:39	5.23	--	2	1046	卖盘
14:36:36	5.23	--	194	101462	买盘
14:36:33	5.23	--	16	8368	买盘
14:36:18	5.23	0.01	42	21966	买盘
14:36:15	5.22	--	5	2610	卖盘
14:36:06	5.22	--	27	14094	卖盘
14:36:00	5.22	--	35	18270	卖盘
14:35:51	5.22	-0.01	67	34974	卖盘
14:35:48	5.23	--	4	2092	卖盘
14:35:39	5.23	--	23	12029	卖盘
14:35:36	5.23	--	65	33995	卖盘
14:35:27	5.23	--	21	10983	卖盘
14:35:21	5.23	--	49	25627	卖盘
14:35:18	5.23	--	1	523	卖盘
14:35:06	5.23	-0.01	28	14644	卖盘
14:35:03	5.24	0.01	63	33012	买盘
14:34:54	5.23	--	500	261500	卖盘
14:34:42	5.23	-0.01	5	2615	卖盘
14:34:33	5.24	0.01	5	2620	买盘
14:34:30	5.23	-0.01	41	21443	卖盘
14:34:24	5.24	0.01	30	15720	买盘
14:34:12	5.23	-0.01	10	5230	卖盘
14:34:00	5.24	0.01	159	83316	买盘
14:33:30	5.23	-0.01	10	5230	卖盘
14:33:21	5.24	0.01	30	15720	买盘
14:33:15	5.23	--	5	2615	卖盘
14:33:12	5.23	--	1000	523000	卖盘
14:33:06	5.23	--	169	88387	卖盘
14:33:03	5.23	--	20	10460	卖盘
14:33:00	5.23	--	1240	648933	买盘
14:32:42	5.23	--	44	23012	买盘
14:32:39	5.23	--	30	15690	买盘
14:32:36	5.23	0.01	57	29811	买盘
14:32:24	5.22	-0.01	4	2088	卖盘
14:32:18	5.23	--	29	15167	买盘
14:32:15	5.23	0.01	27	14121	买盘
14:32:03	5.22	--	7	3654	卖盘
14:31:54	5.22	-0.01	23	12006	卖盘
14:31:45	5.23	--	86	44978	买盘
14:31:21	5.23	0.01	130	67990	买盘
14:31:12	5.22	--	48	25056	卖盘
14:31:06	5.22	--	49	25578	卖盘
14:30:54	5.22	--	25	13050	买盘
14:30:45	5.22	--	37	19314	买盘
14:30:39	5.22	--	2	1044	买盘
14:30:33	5.22	--	24	12528	买盘
14:30:30	5.22	-0.01	1662	867564	卖盘
14:30:18	5.23	--	3	1569	买盘
14:30:15	5.23	--	37	19351	买盘
14:29:54	5.23	--	3	1569	买盘
14:29:42	5.23	0.01	64	33472	买盘
14:29:36	5.22	--	45	23490	卖盘
14:29:30	5.22	-0.01	1	522	卖盘
14:29:27	5.23	--	30	15690	买盘
14:29:24	5.23	--	5	2615	买盘
14:29:15	5.23	--	31	16213	买盘
14:29:09	5.23	0.01	30	15690	买盘
14:29:03	5.22	-0.01	30	15660	卖盘
14:28:57	5.23	--	204	106692	买盘
14:28:45	5.23	--	31	16213	买盘
14:28:42	5.23	--	30	15690	买盘
14:28:36	5.23	--	10	5230	买盘
14:28:30	5.23	--	5	2615	买盘
14:28:15	5.23	0.01	31	16213	买盘
14:28:12	5.22	-0.01	20	10440	卖盘
14:27:45	5.23	--	31	16213	买盘
14:27:33	5.23	--	1	523	买盘
14:27:24	5.23	0.01	1	523	买盘
14:27:18	5.22	--	50	26100	卖盘
14:27:15	5.22	--	100	52200	卖盘
14:26:48	5.22	-0.01	5	2610	卖盘
14:26:45	5.23	0.01	50	26150	买盘
14:26:42	5.22	--	105	54810	卖盘
14:26:36	5.22	--	70	36540	卖盘
14:26:30	5.22	--	185	96570	买盘
14:26:27	5.22	--	400	208800	买盘
14:26:18	5.22	--	200	104400	买盘
14:26:03	5.22	--	51	26622	买盘
14:25:54	5.22	--	4	2088	买盘
14:25:48	5.22	--	4	2088	买盘
14:25:45	5.22	--	10	5220	买盘
14:25:39	5.22	--	500	261000	买盘
14:25:18	5.22	0.01	10	5220	买盘
14:25:15	5.21	--	165	85965	卖盘
14:25:03	5.21	--	100	52100	卖盘
14:25:00	5.21	--	20	10420	卖盘
14:24:57	5.21	-0.01	7	3647	卖盘
14:24:54	5.22	0.01	8	4176	买盘
14:24:51	5.21	--	6	3126	卖盘
14:24:39	5.21	--	16	8336	卖盘
14:24:30	5.21	--	20	10420	卖盘
14:24:24	5.21	--	130	67730	卖盘
14:24:18	5.21	--	20	10420	卖盘
14:24:15	5.21	--	1	521	卖盘
14:24:12	5.21	--	5	2605	卖盘
14:24:06	5.21	--	3	1563	卖盘
14:24:00	5.21	--	12	6252	卖盘
14:23:57	5.21	--	81	42201	卖盘
14:23:39	5.21	--	4	2084	卖盘
14:23:36	5.21	--	45	23445	卖盘
14:23:30	5.21	--	47	24487	卖盘
14:23:21	5.21	--	200	104200	卖盘
14:23:15	5.21	--	49	25529	卖盘
14:23:03	5.21	-0.01	44	22924	卖盘
14:22:57	5.22	--	1	522	买盘
14:22:54	5.22	0.01	19	9918	买盘
14:22:51	5.21	--	54	28134	卖盘
14:22:45	5.21	--	50	26050	卖盘
14:22:36	5.21	--	312	162552	卖盘
14:22:30	5.21	--	46	23966	卖盘
14:22:24	5.21	--	7	3647	卖盘
14:22:21	5.21	--	48	25008	卖盘
14:22:18	5.21	-0.01	3	1563	卖盘
14:22:15	5.22	0.01	5	2610	买盘
14:22:09	5.21	--	59	30739	卖盘
14:22:06	5.21	-0.01	81	42201	卖盘
14:22:03	5.22	--	1044	544968	卖盘
14:22:00	5.22	--	20	10440	卖盘
14:21:51	5.22	--	49	25578	卖盘
14:21:48	5.22	--	38	19836	卖盘
14:21:36	5.22	--	8	4176	卖盘
14:21:30	5.22	--	5	2610	卖盘
14:21:18	5.22	--	10	5220	卖盘
14:21:15	5.22	-0.01	33	17226	卖盘
14:21:12	5.23	0.01	1	523	买盘
14:21:09	5.22	--	130	67860	卖盘
14:21:00	5.22	--	52	27144	卖盘
14:20:57	5.22	--	30	15660	卖盘
14:20:54	5.22	--	157	81954	卖盘
14:20:48	5.22	-0.01	20	10440	卖盘
14:20:45	5.23	0.01	9	4707	买盘
14:20:42	5.22	--	60	31320	卖盘
14:20:39	5.22	--	48	25056	卖盘
14:20:36	5.22	--	10	5220	卖盘
14:20:33	5.22	--	12	6264	卖盘
14:20:27	5.22	--	55	28710	卖盘
14:20:24	5.22	--	24	12528	卖盘
14:20:06	5.22	--	5	2610	卖盘
14:19:51	5.22	--	6	3132	卖盘
14:19:33	5.22	--	20	10440	卖盘
14:19:18	5.22	-0.01	2	1044	卖盘
14:19:00	5.23	0.01	8	4184	买盘
14:18:54	5.22	--	20	10440	卖盘
14:18:42	5.22	-0.01	98	51156	卖盘
14:18:27	5.23	0.01	4	2092	买盘
14:18:24	5.22	-0.01	104	54288	卖盘
14:18:21	5.23	0.01	30	15690	买盘
14:18:03	5.22	--	10	5220	卖盘
14:17:54	5.22	--	98	51156	卖盘
14:17:48	5.22	--	33	17226	卖盘
14:17:45	5.22	--	10	5220	卖盘
14:17:21	5.22	--	20	10440	卖盘
14:17:18	5.22	-0.01	72	37584	卖盘
14:17:15	5.23	0.01	4	2092	买盘
14:17:12	5.22	--	47	24534	卖盘
14:17:03	5.22	--	20	10440	卖盘
14:16:54	5.22	--	20	10440	卖盘
14:16:48	5.22	--	10	5220	卖盘
14:16:36	5.22	--	3	1566	卖盘
14:16:33	5.22	--	5	2610	卖盘
14:16:30	5.22	--	3	1566	卖盘
14:16:21	5.22	--	1	522	卖盘
14:16:18	5.22	--	61	31842	卖盘
14:16:09	5.22	-0.01	5	2610	卖盘
14:15:54	5.23	0.01	5	2615	买盘
14:15:51	5.22	-0.01	5	2610	卖盘
14:15:36	5.23	--	71	37133	买盘
14:15:33	5.23	--	30	15690	买盘
14:15:30	5.23	--	139	72697	卖盘
14:15:27	5.23	--	200	104600	卖盘
14:15:24	5.23	--	188	98324	卖盘
14:15:18	5.23	--	99	51777	卖盘
14:15:12	5.23	--	100	52300	卖盘
14:15:00	5.23	--	170	88910	卖盘
14:14:57	5.23	--	241	126043	卖盘
14:14:54	5.23	--	170	88910	卖盘
14:14:48	5.23	--	60	31380	卖盘
14:14:39	5.23	--	331	173113	卖盘
14:14:36	5.23	--	17	8891	卖盘
14:14:33	5.23	--	23	12029	卖盘
14:14:30	5.23	--	12	6276	卖盘
14:14:12	5.23	--	6	3138	卖盘
14:14:00	5.23	-0.01	80	41840	卖盘
14:13:30	5.24	--	8	4192	买盘
14:13:21	5.24	0.01	12	6288	买盘
14:12:39	5.23	--	9	4707	卖盘
14:12:33	5.23	--	45	23535	卖盘
14:12:15	5.23	-0.01	20	10460	卖盘
14:12:12	5.24	--	37	19388	买盘
14:12:09	5.24	0.01	458	239992	买盘
14:12:03	5.23	--	197	103031	卖盘
14:12:00	5.23	-0.01	42	21966	卖盘
14:11:48	5.24	0.01	1	524	买盘
14:11:30	5.23	--	50	26150	卖盘
14:11:09	5.23	-0.01	10	5230	卖盘
14:11:06	5.24	0.01	30	15720	买盘
14:10:33	5.23	-0.01	9	4707	卖盘
14:10:30	5.24	--	100	52400	买盘
14:10:27	5.24	--	6	3144	买盘
14:10:12	5.24	--	1	524	买盘
14:10:09	5.24	--	468	245232	买盘
14:10:03	5.24	0.01	20	10480	买盘
14:09:42	5.23	-0.01	10	5230	卖盘
14:09:33	5.24	0.01	36	18864	买盘
14:09:15	5.23	-0.01	16	8368	卖盘
14:09:03	5.24	0.01	1	524	买盘
14:08:54	5.23	--	199	104077	卖盘
14:08:48	5.23	--	5	2615	卖盘
14:08:42	5.23	--	1	523	卖盘
14:08:15	5.23	-0.01	13	6799	卖盘
14:07:51	5.24	--	3904	2045806	卖盘
14:07:45	5.24	--	100	52400	卖盘
14:07:39	5.24	--	20	10480	卖盘
14:07:33	5.24	-0.01	50	26200	卖盘
14:07:30	5.25	0.01	2	1050	买盘
14:07:06	5.24	-0.01	6	3144	卖盘
14:07:00	5.25	--	15	7875	买盘
14:06:51	5.25	--	452	237300	买盘
14:06:39	5.25	--	59	30975	买盘
14:06:27	5.25	--	187	98175	买盘
14:06:24	5.25	--	100	52500	买盘
14:06:21	5.25	--	35	18375	买盘
14:06:15	5.25	0.01	54	28350	买盘
14:06:12	5.24	-0.01	50	26200	卖盘
14:05:51	5.25	--	8	4200	买盘
14:05:09	5.25	0.01	10	5250	买盘
14:05:06	5.24	-0.01	9	4716	卖盘
14:04:48	5.25	0.01	3	1575	买盘
14:04:45	5.24	-0.01	5	2620	卖盘
14:04:12	5.25	0.01	3	1575	买盘
14:04:09	5.24	-0.01	305	159820	卖盘
14:04:03	5.25	--	21	11025	买盘
14:03:36	5.25	--	10	5250	买盘
14:03:33	5.25	--	2	1050	买盘
14:03:27	5.25	0.01	160	84000	买盘
14:02:51	5.24	--	11	5764	卖盘
14:02:48	5.24	--	7	3668	卖盘
14:02:42	5.24	--	16	8384	卖盘
14:02:30	5.24	--	394	206456	卖盘
14:02:15	5.24	--	6	3144	卖盘
14:01:51	5.24	-0.01	30	15720	卖盘
14:01:45	5.25	0.01	43	22575	买盘
14:01:33	5.24	--	30	15720	卖盘
14:01:24	5.24	-0.01	12	6288	卖盘
14:01:15	5.25	0.01	12	6300	买盘
14:01:06	5.24	--	10	5240	卖盘
14:00:42	5.24	--	12	6288	卖盘
14:00:36	5.24	--	717	376121	买盘
14:00:30	5.24	--	3	1572	买盘
14:00:18	5.24	--	70	36680	买盘
14:00:12	5.24	0.01	20	10480	买盘
14:00:03	5.23	-0.01	3	1569	卖盘
13:59:51	5.24	0.01	200	104800	买盘
13:59:48	5.23	-0.01	70	36610	卖盘
13:59:30	5.24	--	83	43492	买盘
13:59:27	5.24	--	30	15720	买盘
13:59:21	5.24	--	6	3144	买盘
13:59:18	5.24	--	80	41920	买盘
13:59:06	5.24	--	218	114232	买盘
13:59:03	5.24	--	105	55020	买盘
13:58:54	5.24	--	218	114232	买盘
13:58:48	5.24	--	30	15720	买盘
13:58:45	5.24	--	218	114232	买盘
13:58:42	5.24	--	2	1048	买盘
13:58:36	5.24	--	110	57640	买盘
13:58:33	5.24	--	30	15720	买盘
13:58:30	5.24	--	218	114232	买盘
13:58:27	5.24	0.01	107	56068	买盘
13:58:24	5.23	-0.01	53	27719	卖盘
13:58:21	5.24	--	238	124712	买盘
13:58:18	5.24	--	5	2620	买盘
13:58:12	5.24	--	218	114232	买盘
13:58:09	5.24	--	20	10480	买盘
13:58:03	5.24	--	218	114232	买盘
13:57:45	5.24	0.01	139	72836	买盘
13:57:39	5.23	-0.01	167	87341	卖盘
13:57:27	5.24	0.01	160	83840	买盘
13:57:21	5.23	--	20	10460	卖盘
13:57:15	5.23	--	100	52300	卖盘
13:57:00	5.23	--	10	5230	卖盘
13:56:54	5.23	--	10	5230	卖盘
13:56:45	5.23	--	3	1569	卖盘
13:56:09	5.23	--	175	91525	卖盘
13:56:00	5.23	--	51	26673	卖盘
13:55:51	5.23	-0.01	4	2092	卖盘
13:55:30	5.24	0.01	35	18340	买盘
13:55:18	5.23	-0.01	24	12552	卖盘
13:55:12	5.24	0.01	15	7860	买盘
13:54:48	5.23	-0.01	100	52300	卖盘
13:54:03	5.24	0.01	400	209600	买盘
13:53:57	5.23	--	10	5230	卖盘
13:53:51	5.23	--	130	67990	卖盘
13:53:42	5.23	--	1	523	卖盘
13:53:27	5.23	-0.01	10	5230	卖盘
13:53:09	5.24	--	2	1048	买盘
13:52:57	5.24	0.01	50	26200	买盘
13:52:48	5.23	-0.01	1	523	卖盘
13:52:33	5.24	0.01	15	7860	买盘
13:51:33	5.23	--	76	39748	卖盘
13:51:21	5.23	-0.01	5	2615	卖盘
13:51:12	5.24	0.01	6	3144	买盘
13:50:54	5.23	-0.01	1	523	卖盘
13:50:45	5.24	--	10	5240	买盘
13:50:27	5.24	--	58	30392	买盘
13:50:15	5.24	--	20	10480	买盘
13:50:12	5.24	0.01	50	26200	买盘
13:50:09	5.23	-0.01	180	94140	卖盘
13:50:06	5.24	--	259	135716	买盘
13:49:51	5.24	--	4	2096	买盘
13:49:33	5.24	--	100	52400	买盘
13:49:30	5.24	--	8	4192	买盘
13:49:06	5.24	--	10	5240	买盘
13:48:51	5.24	--	10	5240	买盘
13:48:48	5.24	0.01	2	1048	买盘
13:48:12	5.23	--	10	5230	卖盘
13:47:57	5.23	--	337	176251	买盘
13:47:48	5.23	--	40	20920	买盘
13:47:45	5.23	0.01	10	5230	买盘
13:47:42	5.22	-0.01	8	4176	卖盘
13:47:39	5.23	--	1040	543920	买盘
13:47:36	5.23	--	13	6799	买盘
13:47:30	5.23	--	32	16736	买盘
13:47:15	5.23	--	5	2615	买盘
13:47:12	5.23	--	10	5230	买盘
13:47:06	5.23	--	6	3138	买盘
13:47:03	5.23	--	195	101985	买盘
13:47:00	5.23	--	8	4184	买盘
13:46:57	5.23	--	10	5230	买盘
13:46:51	5.23	0.01	500	261500	买盘
13:46:39	5.22	-0.01	5	2610	卖盘
13:46:33	5.23	0.01	2	1046	买盘
13:46:12	5.22	--	80	41760	卖盘
13:46:09	5.22	-0.01	27	14094	卖盘
13:46:00	5.23	--	48	25104	买盘
13:45:42	5.23	0.01	39	20397	买盘
13:45:36	5.22	-0.01	51	26622	卖盘
13:45:27	5.23	0.01	1	523	买盘
13:45:18	5.22	-0.01	9	4698	卖盘
13:45:00	5.23	--	30	15690	买盘
13:44:51	5.23	0.01	37	19351	买盘
13:44:48	5.22	--	50	26100	卖盘
13:44:45	5.22	--	13	6786	卖盘
13:44:42	5.22	--	3	1566	卖盘
13:44:36	5.22	--	1324	691128	卖盘
13:44:27	5.22	-0.01	387	202014	卖盘
13:44:18	5.23	--	70	36610	买盘
13:44:15	5.23	--	50	26150	买盘
13:44:03	5.23	--	80	41840	买盘
13:44:00	5.23	--	80	41840	买盘
13:43:57	5.23	--	225	117675	买盘
13:43:51	5.23	--	10	5230	买盘
13:43:42	5.23	--	815	426245	卖盘
13:43:39	5.23	--	10	5230	卖盘
13:43:36	5.23	-0.01	42	21966	卖盘
13:43:27	5.24	0.01	10	5240	买盘
13:43:24	5.23	--	149	77927	卖盘
13:43:21	5.23	--	47	24581	卖盘
13:43:18	5.23	--	3	1569	卖盘
13:43:15	5.23	--	14	7322	卖盘
13:43:12	5.23	--	18	9414	卖盘
13:43:09	5.23	--	25	13075	卖盘
13:43:06	5.23	--	52	27196	卖盘
13:43:03	5.23	--	122	63806	卖盘
13:42:48	5.23	--	50	26150	卖盘
13:42:45	5.23	--	6	3138	卖盘
13:42:36	5.23	--	13	6799	卖盘
13:42:27	5.23	--	14	7322	卖盘
13:42:24	5.23	--	15	7845	卖盘
13:42:21	5.23	--	12	6276	卖盘
13:42:18	5.23	--	829	433567	卖盘
13:42:06	5.23	--	300	156900	卖盘
13:41:51	5.23	--	33	17259	卖盘
13:41:48	5.23	--	8	4184	卖盘
13:41:33	5.23	-0.01	1	523	卖盘
13:41:27	5.24	--	5	2620	买盘
13:41:09	5.24	--	100	52400	买盘
13:41:06	5.24	--	5	2620	买盘
13:40:54	5.24	--	30	15720	买盘
13:40:48	5.24	--	1	524	买盘
13:40:45	5.24	--	270	141480	买盘
13:40:33	5.24	0.01	1	524	买盘
13:40:30	5.23	--	66	34518	卖盘
13:39:57	5.23	-0.01	8	4184	卖盘
13:39:51	5.24	--	34	17816	买盘
13:39:42	5.24	--	9	4716	买盘
13:39:39	5.24	0.01	3	1572	买盘
13:39:24	5.23	-0.01	6	3138	卖盘
13:39:03	5.24	--	105	55020	买盘
13:38:45	5.24	--	10	5240	买盘
13:38:27	5.24	0.01	5	2620	买盘
13:38:24	5.23	--	40	20920	卖盘
13:37:48	5.23	-0.01	91	47593	卖盘
13:37:27	5.24	--	30	15720	买盘
13:37:24	5.24	--	8	4192	买盘
13:37:21	5.24	0.01	1	524	买盘
13:37:18	5.23	--	83	43409	卖盘
13:37:00	5.23	--	50	26150	卖盘
13:36:54	5.23	-0.01	10	5230	卖盘
13:36:48	5.24	0.01	116	60784	买盘
13:36:45	5.23	--	34	17782	卖盘
13:36:27	5.23	--	163	85249	卖盘
13:36:24	5.23	--	10	5230	卖盘
13:36:18	5.23	-0.01	2	1046	卖盘
13:36:12	5.24	--	20	10480	买盘
13:35:54	5.24	0.01	14	7336	买盘
13:35:48	5.23	--	6	3138	卖盘
13:35:39	5.23	--	409	213907	卖盘
13:35:33	5.23	-0.01	60	31380	卖盘
13:35:27	5.24	0.01	72	37728	买盘
13:35:24	5.23	--	1000	523000	卖盘
13:35:18	5.23	--	56	29288	卖盘
13:35:12	5.23	--	18	9414	卖盘
13:35:06	5.23	--	348	182004	卖盘
13:34:54	5.23	--	30	15690	卖盘
13:34:51	5.23	--	10	5230	卖盘
13:34:42	5.23	--	10	5230	卖盘
13:34:36	5.23	--	7	3661	卖盘
13:34:27	5.23	--	36	18828	卖盘
13:34:18	5.23	--	20	10460	卖盘
13:33:57	5.23	-0.01	42	21966	卖盘
13:33:51	5.24	0.01	20	10480	买盘
13:33:45	5.23	-0.01	5	2615	卖盘
13:33:39	5.24	--	56	29454	卖盘
13:33:36	5.24	--	100	52400	卖盘
13:33:33	5.24	--	92	48208	卖盘
13:33:30	5.24	--	199	104276	卖盘
13:33:27	5.24	--	10	5240	卖盘
13:33:24	5.24	--	92	48208	卖盘
13:33:18	5.24	--	66	34584	卖盘
13:33:15	5.24	--	15	7860	卖盘
13:33:09	5.24	--	14	7336	卖盘
13:33:06	5.24	-0.01	209	109516	卖盘
13:32:54	5.25	0.01	10	5250	买盘
13:32:48	5.24	-0.01	10	5240	卖盘
13:32:42	5.25	0.01	25	13125	买盘
13:32:39	5.24	-0.01	2	1048	卖盘
13:32:30	5.25	0.01	1	525	买盘
13:32:21	5.24	-0.01	78	40872	卖盘
13:32:15	5.25	0.01	6	3150	买盘
13:32:09	5.24	-0.01	1017	532908	卖盘
13:32:00	5.25	--	21	11025	买盘
13:31:48	5.25	0.01	55	28875	买盘
13:31:45	5.24	-0.01	20	10480	卖盘
13:31:30	5.25	--	1	525	买盘
13:31:00	5.25	0.01	1	525	买盘
13:30:15	5.24	-0.01	21	11004	卖盘
13:29:54	5.25	--	58	30450	买盘
13:29:42	5.25	--	40	21000	买盘
13:29:36	5.25	0.01	34	17850	买盘
13:29:33	5.24	--	2	1048	卖盘
13:29:27	5.24	-0.01	2	1048	卖盘
13:29:15	5.25	--	5	2625	买盘
13:29:12	5.25	--	32	16800	买盘
13:29:09	5.25	--	28	14700	买盘
13:29:06	5.25	--	30	15750	买盘
13:28:54	5.25	--	10	5250	买盘
13:28:48	5.25	--	32	16800	买盘
13:28:36	5.25	--	159	83475	买盘
13:28:15	5.25	0.01	30	15750	买盘
13:28:12	5.24	--	14	7451	卖盘
13:27:54	5.24	-0.01	50	26200	卖盘
13:27:51	5.25	--	20	10500	买盘
13:27:45	5.25	0.01	14	7350	买盘
13:27:42	5.24	-0.01	6	3144	卖盘
13:27:12	5.25	--	6	3150	买盘
13:27:09	5.25	--	1	525	买盘
13:26:48	5.25	0.01	6	3150	买盘
13:26:45	5.24	-0.01	154	80696	卖盘
13:26:30	5.25	--	90	47250	买盘
13:26:09	5.25	0.01	4	2100	买盘
13:25:45	5.24	--	61	31964	卖盘
13:25:33	5.24	--	9	4716	卖盘
13:25:30	5.24	-0.01	5	2620	卖盘
13:25:24	5.25	0.01	30	15750	买盘
13:25:21	5.24	--	6	3144	卖盘
13:25:18	5.24	--	1	822	卖盘
13:25:15	5.24	--	100	52400	卖盘
13:25:09	5.24	--	100	52400	卖盘
13:24:54	5.24	--	17	8908	卖盘
13:24:51	5.24	--	10	5240	卖盘
13:24:27	5.24	-0.01	1	524	卖盘
13:24:18	5.25	0.01	7	3675	买盘
13:24:12	5.24	-0.01	2	1048	卖盘
13:24:03	5.25	0.01	1	525	买盘
13:23:54	5.24	--	17	8908	卖盘
13:23:42	5.24	--	20	10480	卖盘
13:23:33	5.24	--	5	2620	卖盘
13:23:03	5.24	--	114	59736	卖盘
13:22:42	5.24	--	1	524	卖盘
13:22:18	5.24	--	5	2620	卖盘
13:22:15	5.24	--	22	11528	卖盘
13:22:00	5.24	--	9	4716	卖盘
13:21:48	5.24	--	2	1048	卖盘
13:21:42	5.24	--	4	2096	卖盘
13:21:27	5.24	--	10	5240	卖盘
13:21:18	5.24	--	140	73360	卖盘
13:21:15	5.24	--	65	34060	卖盘
13:21:06	5.24	-0.01	24	12576	卖盘
13:21:00	5.25	0.01	11	5775	买盘
13:20:21	5.24	--	10	5240	卖盘
13:19:54	5.24	--	26	13624	卖盘
13:19:12	5.24	--	30	15720	卖盘
13:19:09	5.24	--	1	524	卖盘
13:18:03	5.24	--	57	29868	卖盘
13:17:54	5.24	-0.01	8	4192	卖盘
13:17:48	5.25	--	10	5250	买盘
13:17:42	5.25	0.01	10	5250	买盘
13:17:39	5.24	--	34	17816	卖盘
13:17:33	5.24	--	18	9432	卖盘
13:17:18	5.24	-0.01	24	12576	卖盘
13:16:48	5.25	0.01	42	22050	买盘
13:16:24	5.24	-0.01	24	12576	卖盘
13:16:12	5.25	0.01	3	1575	买盘
13:16:09	5.24	-0.01	10	5240	卖盘
13:15:51	5.25	0.01	13	6825	买盘
13:15:45	5.24	-0.01	8	4192	卖盘
13:15:36	5.25	--	10	5250	买盘
13:15:33	5.25	--	18	9450	买盘
13:15:24	5.25	--	20	10500	买盘
13:15:15	5.25	--	227	119175	买盘
13:15:09	5.25	--	13	6825	买盘
13:15:00	5.25	--	58	30450	买盘
13:14:54	5.25	--	921	483525	卖盘
13:14:48	5.25	-0.01	3	1575	卖盘
13:14:33	5.26	0.01	2	1052	买盘
13:14:30	5.25	-0.01	10	5250	卖盘
13:14:21	5.26	--	30	15780	买盘
13:14:12	5.26	0.01	1	526	买盘
13:13:45	5.25	-0.01	70	36750	卖盘
13:13:42	5.26	0.01	1	526	买盘
13:13:15	5.25	-0.01	96	50400	卖盘
13:13:00	5.26	--	4	2104	买盘
13:12:30	5.26	0.01	1	526	买盘
13:12:21	5.25	-0.01	4	2100	卖盘
13:12:09	5.26	0.01	1	526	买盘
13:11:57	5.25	--	17	8925	卖盘
13:11:51	5.25	--	1	525	卖盘
13:11:12	5.25	--	1	525	卖盘
13:11:00	5.25	-0.01	10	5250	卖盘
13:10:33	5.26	0.01	1	526	买盘
13:10:21	5.25	-0.01	6	3150	卖盘
13:10:18	5.26	0.01	10	5260	买盘
13:10:06	5.25	-0.01	51	26775	卖盘
13:09:57	5.26	0.01	1	526	买盘
13:09:48	5.25	--	11	5775	卖盘
13:09:39	5.25	--	250	131250	卖盘
13:09:36	5.25	-0.01	8	4200	卖盘
13:09:24	5.26	--	50	26300	买盘
13:08:51	5.26	0.01	5	2630	买盘
13:08:48	5.25	-0.01	10	5250	卖盘
13:08:36	5.26	0.01	1	526	买盘
13:08:27	5.25	-0.01	8	4200	卖盘
13:08:24	5.26	0.01	8	4208	买盘
13:08:18	5.25	-0.01	352	184800	卖盘
13:08:00	5.26	0.01	80	42080	买盘
13:07:57	5.25	-0.01	4	2100	卖盘
13:07:51	5.26	0.01	1	526	买盘
13:07:48	5.25	--	24	12600	卖盘
13:07:42	5.25	--	8	4200	卖盘
13:07:39	5.25	-0.01	1008	529200	卖盘
13:07:18	5.26	0.01	21	11046	买盘
13:07:15	5.25	--	19	9975	卖盘
13:06:57	5.25	-0.01	8	4200	卖盘
13:06:54	5.26	0.01	1	526	买盘
13:06:09	5.25	--	10	5250	卖盘
13:06:00	5.25	--	50	26250	卖盘
13:05:51	5.25	--	68	35700	卖盘
13:05:45	5.25	-0.01	1	525	卖盘
13:05:42	5.26	0.01	65	34190	买盘
13:05:36	5.25	--	2	1050	卖盘
13:05:24	5.25	-0.01	9	4725	卖盘
13:05:15	5.26	--	46	24196	买盘
13:04:48	5.26	--	131	68906	买盘
13:04:45	5.26	0.01	1	526	买盘
13:04:36	5.25	--	100	52500	卖盘
13:04:27	5.25	--	32	16800	卖盘
13:04:24	5.25	-0.01	170	89250	卖盘
13:04:09	5.26	0.01	1	526	买盘
13:04:00	5.25	-0.01	245	128625	卖盘
13:03:57	5.26	0.01	25	13150	买盘
13:03:48	5.25	--	11	5775	卖盘
13:03:42	5.25	-0.01	15	7875	卖盘
13:03:36	5.26	0.01	1	526	买盘
13:03:33	5.25	--	18	9450	卖盘
13:03:15	5.25	--	4	2100	卖盘
13:03:12	5.25	--	20	10500	卖盘
13:02:36	5.25	--	64	33600	卖盘
13:02:30	5.25	--	8	4200	卖盘
13:02:27	5.25	--	15	7875	卖盘
13:02:24	5.25	-0.01	2	1050	卖盘
13:02:21	5.26	--	40	21040	买盘
13:02:18	5.26	--	3	1578	买盘
13:02:09	5.26	0.01	245	128870	买盘
13:02:03	5.25	--	10	5250	卖盘
13:02:00	5.25	-0.01	8	4200	卖盘
13:01:57	5.26	0.01	10	5260	买盘
13:01:54	5.25	--	32	16800	卖盘
13:01:51	5.25	-0.01	33	17325	卖盘
13:01:48	5.26	0.01	4	2104	买盘
13:01:45	5.25	--	72	37800	卖盘
13:01:42	5.25	--	16	8400	卖盘
13:01:39	5.25	--	64	33600	卖盘
13:01:33	5.25	--	40	21000	卖盘
13:01:30	5.25	--	14	7350	卖盘
13:01:21	5.25	--	8	4200	卖盘
13:01:15	5.25	--	308	161700	卖盘
13:01:12	5.25	--	22	11550	卖盘
13:00:54	5.25	--	41	21525	卖盘
13:00:48	5.25	--	267	140175	卖盘
13:00:42	5.25	--	35	18375	卖盘
13:00:39	5.25	--	20	10500	卖盘
13:00:30	5.25	--	8	4200	卖盘
13:00:21	5.25	--	16	8400	卖盘
13:00:15	5.25	--	120	63000	卖盘
13:00:09	5.25	-0.01	5	2625	卖盘
13:00:06	5.26	0.01	337	177262	买盘
13:00:03	5.25	--	819	429975	卖盘
13:00:00	5.25	--	0	0	卖盘
11:30:00	5.25	--	34	17850	卖盘
11:29:54	5.25	--	98	51450	卖盘
11:29:51	5.25	--	201	105525	卖盘
11:29:48	5.25	--	31	16275	卖盘
11:29:45	5.25	--	35	18375	卖盘
11:29:42	5.25	--	62	32550	卖盘
11:29:39	5.25	-0.01	40	21000	卖盘
11:29:36	5.26	--	91	47866	买盘
11:29:27	5.26	0.01	5	2630	买盘
11:29:24	5.25	-0.01	6	3150	卖盘
11:29:15	5.26	--	86	45236	买盘
11:28:57	5.26	--	30	15780	买盘
11:28:33	5.26	--	69	36294	买盘
11:28:24	5.26	--	100	52600	买盘
11:27:57	5.26	0.01	42	22092	买盘
11:27:54	5.25	-0.01	50	26250	卖盘
11:27:48	5.26	0.01	13	6838	买盘
11:27:45	5.25	--	49	25725	卖盘
11:27:42	5.25	-0.01	106	55650	卖盘
11:27:39	5.26	--	35	18410	买盘
11:27:18	5.26	0.01	40	21040	买盘
11:27:06	5.25	--	2	1050	卖盘
11:27:03	5.25	--	10	5250	卖盘
11:26:42	5.25	--	50	26250	卖盘
11:26:30	5.25	--	10	5250	卖盘
11:26:09	5.25	--	10	5250	卖盘
11:26:03	5.25	--	9	4725	买盘
11:25:57	5.25	--	20	10500	买盘
11:25:48	5.25	--	1	525	买盘
11:25:42	5.25	--	6	3150	买盘
11:25:33	5.25	--	4	2100	买盘
11:25:24	5.25	--	68	35700	买盘
11:25:15	5.25	-0.01	16	8400	中性盘
11:25:12	5.26	0.02	10	5260	买盘
11:25:03	5.24	--	8	4192	卖盘
11:24:57	5.24	--	8	4192	卖盘
11:24:54	5.24	--	16	8384	卖盘
11:24:51	5.24	--	16	8384	卖盘
11:24:45	5.24	-0.02	8	4192	卖盘
11:24:39	5.26	0.02	74	38924	买盘
11:24:24	5.24	-0.02	3	1572	卖盘
11:24:21	5.26	0.02	1	526	买盘
11:24:06	5.24	-0.02	24	12576	卖盘
11:23:54	5.26	0.02	9	4734	买盘
11:23:42	5.24	--	48	25152	卖盘
11:23:36	5.24	--	328	171872	卖盘
11:23:33	5.24	--	109	57116	卖盘
11:23:30	5.24	-0.02	41	21484	卖盘
11:23:27	5.26	0.01	70	36820	买盘
11:23:24	5.25	--	3	1575	卖盘
11:23:21	5.25	--	42	22050	卖盘
11:23:18	5.25	--	117	61425	卖盘
11:23:09	5.25	--	2	1050	卖盘
11:23:06	5.25	-0.01	1	525	卖盘
11:23:03	5.26	0.01	9	4734	买盘
11:23:00	5.25	--	10	5250	卖盘
11:22:57	5.25	--	2	1050	卖盘
11:22:42	5.25	--	17	8925	卖盘
11:22:39	5.25	--	14	7350	卖盘
11:22:33	5.25	--	11	5775	卖盘
11:22:30	5.25	--	116	60905	买盘
11:22:24	5.25	--	2	1050	买盘
11:22:21	5.25	--	20	10500	买盘
11:21:51	5.25	0.01	10	5250	买盘
11:21:39	5.24	--	85	44540	卖盘
11:21:30	5.24	0.01	233	122092	买盘
11:21:21	5.23	--	52	27196	卖盘
11:21:18	5.23	-0.01	459	240057	卖盘
11:21:12	5.24	--	284	148816	买盘
11:21:09	5.24	--	707	370468	卖盘
11:21:06	5.24	--	81	42444	卖盘
11:21:03	5.24	-0.01	343	179732	卖盘
11:20:57	5.25	0.01	902	473550	买盘
11:20:54	5.24	--	2	1048	卖盘
11:20:06	5.24	--	4	2096	卖盘
11:20:00	5.24	--	11	5764	卖盘
11:19:57	5.24	--	30	15720	卖盘
11:19:27	5.24	-0.01	1	524	卖盘
11:19:18	5.25	0.01	55	28875	买盘
11:19:09	5.24	--	1	524	卖盘
11:18:51	5.24	--	60	31440	卖盘
11:18:48	5.24	-0.01	15	7860	卖盘
11:18:45	5.25	--	2	1050	买盘
11:18:39	5.25	0.01	2	1050	买盘
11:18:36	5.24	--	4	2096	卖盘
11:18:33	5.24	--	70	36680	卖盘
11:18:30	5.24	-0.01	300	157200	卖盘
11:18:21	5.25	0.01	5	2625	买盘
11:17:39	5.24	-0.01	11	5764	卖盘
11:17:33	5.25	0.01	1	525	买盘
11:17:30	5.24	--	82	42968	卖盘
11:17:24	5.24	-0.01	35	18340	卖盘
11:17:15	5.25	0.01	1	525	买盘
11:17:12	5.24	--	6	3144	卖盘
11:17:09	5.24	--	6	3144	卖盘
11:17:06	5.24	--	10	5240	卖盘
11:16:54	5.24	--	40	20960	卖盘
11:16:18	5.24	--	2	1048	卖盘
11:16:06	5.24	--	2	1048	卖盘
11:15:48	5.24	--	24	12576	卖盘
11:15:36	5.24	--	4	2096	卖盘
11:15:12	5.24	0.01	45	23580	买盘
11:15:06	5.23	-0.01	1	523	卖盘
11:15:00	5.24	--	47	24628	买盘
11:14:57	5.24	--	40	20960	买盘
11:14:36	5.24	--	25	13100	买盘
11:14:30	5.24	0.01	200	104800	买盘
11:14:27	5.23	--	50	26150	卖盘
11:13:39	5.23	-0.01	5	2615	卖盘
11:13:36	5.24	--	20	10480	买盘
11:13:24	5.24	--	20	10480	买盘
11:13:09	5.24	--	151	79124	卖盘
11:12:54	5.24	0.01	9	4716	买盘
11:12:48	5.23	-0.01	4	2092	卖盘
11:12:30	5.24	--	3	1572	买盘
11:12:27	5.24	0.01	20	10480	买盘
11:12:21	5.23	-0.01	106	55438	卖盘
11:12:15	5.24	--	10	5240	买盘
11:12:12	5.24	--	32	16768	买盘
11:12:03	5.24	-0.01	525	275100	卖盘
11:11:57	5.25	0.01	100	52500	买盘
11:11:51	5.24	-0.01	8	4192	卖盘
11:11:45	5.25	--	65	34125	买盘
11:11:30	5.25	0.01	55	28875	买盘
11:11:27	5.24	--	8	4192	卖盘
11:11:12	5.24	-0.01	1	524	卖盘
11:11:09	5.25	--	20	10500	买盘
11:11:00	5.25	--	34	17850	买盘
11:10:48	5.25	--	2	1569	卖盘
11:10:39	5.25	--	7	3680	买盘
11:10:27	5.25	--	26	13650	买盘
11:10:24	5.25	--	13	6825	买盘
11:10:18	5.25	--	110	57750	买盘
11:10:15	5.25	--	1064	559119	卖盘
11:10:09	5.25	-0.01	8	4200	卖盘
11:10:06	5.26	--	286	150436	买盘
11:10:03	5.26	0.01	278	146228	买盘
11:10:00	5.25	--	92	48300	卖盘
11:09:51	5.25	--	102	53550	卖盘
11:09:48	5.25	--	24	12600	卖盘
11:09:45	5.25	--	120	63000	卖盘
11:09:42	5.25	--	40	21000	卖盘
11:09:30	5.25	--	47	24675	卖盘
11:09:27	5.25	--	8	4200	卖盘
11:09:21	5.25	--	665	349125	卖盘
11:09:18	5.25	-0.01	4	2100	卖盘
11:09:12	5.26	0.01	10	5260	买盘
11:08:45	5.25	--	8	4200	卖盘
11:08:42	5.25	--	39	20475	卖盘
11:08:39	5.25	--	6	3150	卖盘
11:08:15	5.25	-0.01	30	15750	卖盘
11:08:06	5.26	0.01	11	5786	买盘
11:07:18	5.25	--	4	2100	卖盘
11:07:06	5.25	--	1	525	卖盘
11:07:03	5.25	--	10	5250	卖盘
11:07:00	5.25	--	1	525	卖盘
11:06:45	5.25	--	16	8400	卖盘
11:06:42	5.25	--	17	8925	卖盘
11:06:36	5.25	--	10	5250	卖盘
11:06:27	5.25	--	15	7875	卖盘
11:06:21	5.25	--	10	5250	卖盘
11:06:15	5.25	--	2	1050	卖盘
11:06:09	5.25	--	118	61950	卖盘
11:05:36	5.25	--	2	1050	卖盘
11:05:33	5.25	--	8	4200	卖盘
11:05:30	5.25	--	4	2446	卖盘
11:05:21	5.25	--	20	10500	卖盘
11:05:18	5.25	--	8	4200	卖盘
11:05:15	5.25	--	290	152250	卖盘
11:05:09	5.25	-0.01	8	4200	卖盘
11:05:03	5.26	0.01	29	15254	买盘
11:04:48	5.25	--	8	4200	卖盘
11:04:45	5.25	--	15	7875	卖盘
11:04:39	5.25	--	6	3150	卖盘
11:04:33	5.25	--	8	4200	卖盘
11:04:30	5.25	--	24	12600	卖盘
11:04:27	5.25	--	8	4200	卖盘
11:04:24	5.25	--	8	4200	卖盘
11:04:21	5.25	--	15	7875	卖盘
11:04:15	5.25	--	40	21000	卖盘
11:04:12	5.25	--	52	27300	卖盘
11:04:09	5.25	--	1	525	卖盘
11:04:03	5.25	--	125	65625	卖盘
11:03:57	5.25	--	176	92400	卖盘
11:03:39	5.25	--	102	53550	卖盘
11:03:30	5.25	-0.01	20	10500	卖盘
11:03:27	5.26	--	10	5260	买盘
11:03:12	5.26	0.01	2	1052	买盘
11:03:09	5.25	--	15	7875	卖盘
11:02:54	5.25	--	26	13650	卖盘
11:02:51	5.25	--	0	99	卖盘
11:02:33	5.25	-0.01	12	6300	卖盘
11:02:30	5.26	0.01	5	2630	买盘
11:02:21	5.25	--	30	15750	卖盘
11:02:18	5.25	--	11	5775	卖盘
11:02:15	5.25	--	24	12600	卖盘
11:02:00	5.25	--	7	3675	卖盘
11:01:57	5.25	--	118	61950	卖盘
11:01:54	5.25	--	200	105000	卖盘
11:01:51	5.25	--	10	5250	卖盘
11:01:48	5.25	--	20	10500	卖盘
11:01:36	5.25	--	234	122934	买盘
11:01:33	5.25	--	60	31500	买盘
11:01:24	5.25	--	20	10500	买盘
11:01:03	5.25	--	40	21000	买盘
11:00:51	5.25	--	1	525	买盘
11:00:45	5.25	--	49	26166	卖盘
11:00:30	5.25	--	10	5250	卖盘
11:00:15	5.25	--	111	58275	卖盘
11:00:09	5.25	--	6	3150	卖盘
11:00:06	5.25	--	201	105525	卖盘
11:00:00	5.25	--	6	3150	卖盘
10:59:57	5.25	-0.01	10	5250	卖盘
10:59:54	5.26	0.01	5	2630	买盘
10:59:48	5.25	--	30	15750	卖盘
10:59:45	5.25	--	4	2100	卖盘
10:59:39	5.25	--	39	20475	卖盘
10:59:36	5.25	--	100	52500	卖盘
10:59:33	5.25	--	4	2100	卖盘
10:59:30	5.25	--	200	105000	卖盘
10:59:27	5.25	--	95	49875	卖盘
10:59:24	5.25	--	20	10500	卖盘
10:59:06	5.25	--	51	26775	卖盘
10:58:57	5.25	--	101	53025	卖盘
10:58:45	5.25	--	14	7350	卖盘
10:58:36	5.25	--	181	95025	卖盘
10:58:27	5.25	--	2	1050	卖盘
10:58:21	5.25	-0.01	24	12600	卖盘
10:58:15	5.26	0.01	5	2630	买盘
10:58:12	5.25	--	25	13125	卖盘
10:57:54	5.25	--	16	8400	卖盘
10:57:48	5.25	--	8	4200	卖盘
10:57:45	5.25	--	12	6300	卖盘
10:57:42	5.25	--	25	13125	卖盘
10:57:39	5.25	--	91	47775	卖盘
10:57:36	5.25	--	6	3150	卖盘
10:57:30	5.25	--	45	23703	卖盘
10:57:27	5.25	--	5	2630	卖盘
10:57:21	5.25	--	1	525	卖盘
10:57:18	5.25	--	24	12600	卖盘
10:57:12	5.25	--	2	1050	卖盘
10:57:09	5.25	--	8	4200	卖盘
10:57:06	5.25	--	10	5250	卖盘
10:56:57	5.25	--	1	525	卖盘
10:56:51	5.25	--	72	37800	卖盘
10:56:30	5.25	--	8	4200	卖盘
10:56:21	5.25	-0.01	8	4200	卖盘
10:56:09	5.26	0.01	261	137286	买盘
10:56:00	5.25	-0.01	15	7875	卖盘
10:55:51	5.26	0.01	4	2104	买盘
10:55:48	5.25	--	28	14700	卖盘
10:55:39	5.25	-0.01	75	39375	卖盘
10:55:36	5.26	0.01	20	10520	买盘
10:55:27	5.25	--	20	10500	卖盘
10:55:21	5.25	--	1	525	卖盘
10:55:18	5.25	--	1	525	卖盘
10:55:06	5.25	--	69	36225	卖盘
10:54:54	5.25	--	68	35700	卖盘
10:54:36	5.25	-0.01	52	27300	卖盘
10:54:21	5.26	--	19	9994	买盘
10:54:12	5.26	--	7	3682	买盘
10:54:09	5.26	--	34	17884	买盘
10:53:57	5.26	0.01	37	19462	买盘
10:53:51	5.25	--	62	32550	卖盘
10:53:48	5.25	-0.01	53	27825	卖盘
10:53:39	5.26	0.01	3	1578	买盘
10:53:30	5.25	--	65	34125	卖盘
10:53:27	5.25	--	68	35700	卖盘
10:53:21	5.25	--	1	525	卖盘
10:52:54	5.25	--	72	37800	卖盘
10:52:48	5.25	--	35	18375	卖盘
10:52:39	5.25	--	8	4200	卖盘
10:52:36	5.25	--	8	4200	卖盘
10:52:30	5.25	-0.01	2	1050	卖盘
10:52:21	5.26	--	50	26300	买盘
10:52:18	5.26	0.01	20	10520	买盘
10:52:12	5.25	--	7	3675	卖盘
10:52:09	5.25	--	19	9975	卖盘
10:52:03	5.25	--	102	53550	卖盘
10:52:00	5.25	--	15	7875	卖盘
10:51:48	5.25	--	42	22050	卖盘
10:51:45	5.25	--	15	7875	卖盘
10:51:39	5.25	--	68	35700	卖盘
10:51:24	5.25	--	60	31500	卖盘
10:51:21	5.25	--	45	23625	卖盘
10:51:15	5.25	--	10	5250	卖盘
10:51:06	5.25	--	4	2100	卖盘
10:51:03	5.25	--	20	10500	卖盘
10:51:00	5.25	--	3	1575	卖盘
10:50:57	5.25	--	1	525	卖盘
10:50:42	5.25	--	70	36750	卖盘
10:50:39	5.25	--	257	134925	卖盘
10:50:24	5.25	--	16	8400	卖盘
10:49:27	5.25	--	5	2625	卖盘
10:49:18	5.25	--	50	26250	卖盘
10:49:15	5.25	0.01	142	74550	买盘
10:49:09	5.24	--	50	26200	卖盘
10:49:06	5.24	-0.01	1	524	卖盘
10:48:57	5.25	--	10	5250	买盘
10:48:54	5.25	--	12	6300	买盘
10:48:51	5.25	--	478	250950	卖盘
10:48:42	5.25	--	15	7875	卖盘
10:48:39	5.25	-0.01	5	2625	卖盘
10:48:12	5.26	--	40	21040	买盘
10:48:06	5.26	--	40	21040	买盘
10:47:57	5.26	0.01	21	11046	买盘
10:47:51	5.25	--	23	12075	卖盘
10:47:48	5.25	--	49	25725	卖盘
10:47:27	5.25	--	18	9450	卖盘
10:47:21	5.25	--	358	187950	买盘
10:47:06	5.25	0.01	1000	525000	买盘
10:46:39	5.24	-0.01	146	76504	卖盘
10:46:36	5.25	--	10	5250	买盘
10:46:27	5.25	0.01	50	26250	买盘
10:46:21	5.24	-0.01	4	2096	卖盘
10:46:06	5.25	--	24	12600	买盘
10:45:54	5.25	--	200	105000	买盘
10:45:18	5.25	0.01	8	4200	买盘
10:45:09	5.24	-0.01	1	524	卖盘
10:45:06	5.25	--	1	525	买盘
10:44:48	5.25	--	50	26250	买盘
10:44:42	5.25	--	110	57750	买盘
10:44:33	5.25	--	2	1050	买盘
10:44:24	5.25	--	20	10500	买盘
10:44:09	5.25	--	13	6825	买盘
10:44:06	5.25	0.01	8	4200	买盘
10:44:03	5.24	-0.01	30	15720	卖盘
10:43:21	5.25	--	150	78750	买盘
10:43:18	5.25	0.01	45	23625	买盘
10:43:12	5.24	--	9	4716	卖盘
10:43:09	5.24	--	5	2620	卖盘
10:43:06	5.24	--	100	52400	卖盘
10:42:54	5.24	--	173	90652	卖盘
10:42:51	5.24	-0.01	5	2620	卖盘
10:42:48	5.25	0.01	1	525	买盘
10:42:36	5.24	--	10	5240	卖盘
10:42:27	5.24	--	50	26200	卖盘
10:42:21	5.24	--	3	1572	卖盘
10:42:09	5.24	--	2	1048	卖盘
10:41:54	5.24	--	5	2620	卖盘
10:41:45	5.24	-0.01	4	2096	卖盘
10:41:36	5.25	0.01	20	10500	买盘
10:41:15	5.24	-0.01	9	4716	卖盘
10:41:09	5.25	0.01	72	37800	买盘
10:41:06	5.24	--	1	524	卖盘
10:40:42	5.24	--	17	8908	卖盘
10:40:36	5.24	--	16	8384	卖盘
10:40:30	5.24	-0.01	20	10480	卖盘
10:40:18	5.25	0.01	100	52500	买盘
10:39:51	5.24	--	74	38776	卖盘
10:39:45	5.24	--	10	5240	卖盘
10:39:39	5.24	-0.01	10	5240	卖盘
10:39:30	5.25	0.01	1	525	买盘
10:39:24	5.24	--	500	262000	卖盘
10:39:18	5.24	--	10	5240	卖盘
10:39:15	5.24	--	60	31440	卖盘
10:39:09	5.24	--	117	61308	买盘
10:39:06	5.24	0.01	281	147244	买盘
10:39:03	5.23	--	42	21966	卖盘
10:39:00	5.23	-0.01	119	62237	卖盘
10:38:57	5.24	0.01	50	26200	买盘
10:38:54	5.23	-0.01	1	523	卖盘
10:38:51	5.24	--	40	20960	买盘
10:38:48	5.24	--	100	52400	买盘
10:38:45	5.24	--	17	8908	买盘
10:38:42	5.24	--	10	5240	买盘
10:38:39	5.24	--	253	132572	买盘
10:38:30	5.24	--	15	7860	买盘
10:38:24	5.24	--	8	4192	买盘
10:38:21	5.24	--	349	182876	买盘
10:38:15	5.24	--	10	5240	买盘
10:38:12	5.24	--	1	524	买盘
10:38:06	5.24	--	1780	932720	卖盘
10:38:00	5.24	--	171	89604	卖盘
10:37:57	5.24	--	280	146720	卖盘
10:37:54	5.24	--	15	7860	卖盘
10:37:48	5.24	--	31	16244	卖盘
10:37:45	5.24	--	187	97988	卖盘
10:37:21	5.24	--	10	5240	卖盘
10:37:12	5.24	--	10	5240	卖盘
10:37:09	5.24	--	11	5764	卖盘
10:37:06	5.24	-0.01	1	524	卖盘
10:36:48	5.25	0.01	2	1050	买盘
10:36:42	5.24	--	40	20960	卖盘
10:36:39	5.24	-0.01	10	5240	卖盘
10:36:36	5.25	0.01	7	3675	买盘
10:36:33	5.24	-0.01	20	10480	卖盘
10:36:21	5.25	0.01	50	26250	买盘
10:36:15	5.24	--	66	34584	卖盘
10:35:57	5.24	--	10	5240	卖盘
10:35:54	5.24	--	51	26724	卖盘
10:35:48	5.24	-0.01	30	15720	卖盘
10:35:45	5.25	--	37	19425	买盘
10:35:12	5.25	--	1	525	买盘
10:35:06	5.25	--	11	5775	卖盘
10:35:03	5.25	--	50	26250	卖盘
10:35:00	5.25	--	129	67725	卖盘
10:34:57	5.25	--	25	13125	卖盘
10:34:54	5.25	--	27	14175	卖盘
10:34:51	5.25	--	25	13125	卖盘
10:34:48	5.25	--	370	194250	卖盘
10:34:45	5.25	--	206	108150	卖盘
10:34:39	5.25	--	20	10500	卖盘
10:34:33	5.25	-0.01	10	5250	卖盘
10:34:30	5.26	0.01	3	1578	买盘
10:34:21	5.25	--	2	1050	卖盘
10:34:18	5.25	--	27	14175	卖盘
10:34:15	5.25	--	139	72975	卖盘
10:34:12	5.25	--	100	52500	卖盘
10:34:06	5.25	-0.01	30	15750	卖盘
10:34:00	5.26	0.01	3	1578	买盘
10:33:57	5.25	--	18	9450	卖盘
10:33:54	5.25	--	20	10500	卖盘
10:33:51	5.25	--	11	5775	卖盘
10:33:48	5.25	--	8	4200	卖盘
10:33:45	5.25	--	1074	563850	卖盘
10:33:42	5.25	--	686	360150	卖盘
10:33:36	5.25	--	10	5250	卖盘
10:33:30	5.25	--	5	2625	卖盘
10:33:24	5.25	--	500	262500	卖盘
10:33:12	5.25	-0.01	20	10500	卖盘
10:33:09	5.26	--	21	11046	买盘
10:32:57	5.26	--	1	526	买盘
10:32:39	5.26	0.01	11	5786	买盘
10:32:36	5.25	-0.01	3	1575	卖盘
10:32:06	5.26	--	7	3682	买盘
10:32:03	5.26	--	20	10520	买盘
10:31:39	5.26	--	10	5260	买盘
10:31:36	5.26	0.01	40	21040	买盘
10:31:33	5.25	--	6	3150	卖盘
10:31:30	5.25	-0.01	10	5250	卖盘
10:31:24	5.26	0.01	200	105200	买盘
10:31:18	5.25	--	3	1575	卖盘
10:31:09	5.25	-0.01	10	5250	卖盘
10:31:00	5.26	0.01	2	1052	买盘
10:30:42	5.25	-0.01	19	9975	卖盘
10:30:30	5.26	0.01	7	3682	买盘
10:30:27	5.25	-0.01	14	7350	卖盘
10:30:18	5.26	0.01	200	105200	买盘
10:30:06	5.25	--	6	3150	卖盘
10:30:03	5.25	-0.01	1	525	卖盘
10:29:57	5.26	--	48	25248	买盘
10:29:51	5.26	0.01	40	21040	买盘
10:29:09	5.25	--	1	525	卖盘
10:29:06	5.25	--	1	525	卖盘
10:28:54	5.25	-0.01	30	15750	卖盘
10:28:51	5.26	--	13	6838	买盘
10:28:33	5.26	--	34	17884	买盘
10:28:27	5.26	0.01	14	7364	买盘
10:28:06	5.25	--	1	525	卖盘
10:28:03	5.25	-0.01	1	525	卖盘
10:28:00	5.26	--	66	34716	卖盘
10:27:57	5.26	--	113	59438	卖盘
10:27:54	5.26	--	45	23670	卖盘
10:27:51	5.26	--	201	105726	卖盘
10:27:48	5.26	--	14	7364	卖盘
10:27:45	5.26	--	10	5260	卖盘
10:27:42	5.26	--	27	14202	卖盘
10:27:39	5.26	--	40	21040	卖盘
10:27:36	5.26	--	94	49444	卖盘
10:27:33	5.26	--	3	1578	卖盘
10:27:30	5.26	--	5	2630	卖盘
10:27:27	5.26	--	178	93628	卖盘
10:27:21	5.26	--	200	105200	卖盘
10:27:12	5.26	--	43	22618	卖盘
10:27:06	5.26	--	20	10520	卖盘
10:27:03	5.26	--	4	2104	卖盘
10:27:00	5.26	--	8	4208	卖盘
10:26:57	5.26	-0.01	12	6312	卖盘
10:26:54	5.27	--	212	111723	买盘
10:26:51	5.27	0.01	93	49010	买盘
10:26:48	5.26	--	233	122558	卖盘
10:26:45	5.26	--	2	1052	卖盘
10:26:39	5.26	--	174	91524	卖盘
10:26:36	5.26	--	6	3156	卖盘
10:26:33	5.26	--	8	4208	卖盘
10:26:30	5.26	--	26	13676	卖盘
10:26:27	5.26	--	30	15780	卖盘
10:26:24	5.26	-0.01	63	33138	卖盘
10:26:21	5.27	0.01	25	13174	买盘
10:26:18	5.26	--	420	220920	卖盘
10:26:15	5.26	-0.01	100	52600	卖盘
10:26:12	5.27	0.01	30	15809	买盘
10:26:09	5.26	-0.01	1	526	卖盘
10:26:06	5.27	0.01	40	21080	买盘
10:26:00	5.26	--	5	2630	卖盘
10:25:57	5.26	--	49	25774	卖盘
10:25:54	5.26	--	3	1578	卖盘
10:25:51	5.26	-0.01	21	11046	卖盘
10:25:48	5.27	0.01	65	34255	买盘
10:25:45	5.26	-0.01	18	9468	卖盘
10:25:39	5.27	0.01	3	1580	买盘
10:25:36	5.26	--	795	418170	卖盘
10:25:33	5.26	--	33	17358	卖盘
10:25:27	5.26	-0.01	11	5786	卖盘
10:25:24	5.27	0.01	6	3161	买盘
10:25:18	5.26	--	28	14728	卖盘
10:25:15	5.26	-0.01	43	22618	卖盘
10:25:12	5.27	0.01	34	17918	买盘
10:25:09	5.26	-0.01	205	107830	卖盘
10:25:06	5.27	--	10	5270	买盘
10:25:03	5.27	--	61	32146	买盘
10:25:00	5.27	0.01	10	5270	买盘
10:24:57	5.26	--	102	53652	卖盘
10:24:54	5.26	--	150	78900	卖盘
10:24:51	5.26	--	223	117298	卖盘
10:24:48	5.26	--	7	3682	卖盘
10:24:45	5.26	-0.01	4	2104	卖盘
10:24:42	5.27	--	3	1580	买盘
10:24:39	5.27	0.01	21	11067	买盘
10:24:36	5.26	--	1	526	卖盘
10:24:33	5.26	--	291	153066	卖盘
10:24:30	5.26	-0.01	120	63120	卖盘
10:24:24	5.27	0.01	9	4743	买盘
10:24:21	5.26	--	40	21040	卖盘
10:24:15	5.26	--	20	10520	卖盘
10:24:12	5.26	--	4	2104	卖盘
10:24:09	5.26	--	1	526	卖盘
10:24:06	5.26	--	350	184100	卖盘
10:24:00	5.26	-0.01	5	2630	卖盘
10:23:54	5.27	0.01	1	527	买盘
10:23:48	5.26	--	3	1578	卖盘
10:23:36	5.26	-0.01	1	526	卖盘
10:23:33	5.27	--	10	5270	买盘
10:23:30	5.27	0.01	21	11067	买盘
10:23:18	5.26	--	2	1052	卖盘
10:23:15	5.26	--	56	29456	卖盘
10:23:12	5.26	-0.01	157	82582	卖盘
10:23:09	5.27	0.01	38	20026	买盘
10:23:06	5.26	--	20	10520	卖盘
10:22:57	5.26	-0.01	501	263526	卖盘
10:22:51	5.27	0.01	110	57969	买盘
10:22:48	5.26	--	5	2630	卖盘
10:22:45	5.26	--	1	526	卖盘
10:22:39	5.26	--	1	526	卖盘
10:22:36	5.26	-0.01	23	12098	卖盘
10:22:33	5.27	0.01	65	34255	买盘
10:22:27	5.26	-0.01	1	526	卖盘
10:22:24	5.27	--	21	11067	买盘
10:22:21	5.27	--	5	2635	买盘
10:22:18	5.27	--	101	53226	买盘
10:22:12	5.27	--	10	5270	买盘
10:22:09	5.27	0.01	61	32146	买盘
10:22:06	5.26	-0.01	3	1578	卖盘
10:22:03	5.27	--	11	5796	买盘
10:22:00	5.27	--	119	62850	卖盘
10:21:57	5.27	-0.01	292	153884	卖盘
10:21:54	5.28	--	382	201696	买盘
10:21:51	5.28	0.01	109	57552	买盘
10:21:48	5.27	-0.01	219	115412	卖盘
10:21:45	5.28	0.01	85	44880	买盘
10:21:42	5.27	--	150	79050	卖盘
10:21:39	5.27	-0.01	100	52699	卖盘
10:21:36	5.28	--	256	135168	买盘
10:21:33	5.28	0.01	13	6864	买盘
10:21:30	5.27	--	126	66402	卖盘
10:21:27	5.27	--	89	46902	卖盘
10:21:21	5.27	--	258	135966	卖盘
10:21:18	5.27	--	1022	538983	买盘
10:21:12	5.27	--	50	26349	买盘
10:21:09	5.27	--	61	32146	买盘
10:21:06	5.27	--	215	113304	买盘
10:21:03	5.27	--	101	53226	买盘
10:21:00	5.27	--	24	12647	买盘
10:20:51	5.27	--	37	19499	买盘
10:20:48	5.27	0.01	130	68510	买盘
10:20:45	5.26	-0.01	5	2630	卖盘
10:20:42	5.27	--	34	17918	买盘
10:20:36	5.27	--	63	33201	买盘
10:20:33	5.27	0.01	17	8959	买盘
10:20:30	5.26	--	20	10520	卖盘
10:20:27	5.26	-0.01	18	9468	卖盘
10:20:24	5.27	0.01	3085	1625794	买盘
10:20:21	5.26	--	5	2630	买盘
10:20:18	5.26	--	18	9468	买盘
10:20:15	5.26	--	25	13355	卖盘
10:20:09	5.26	--	116	61016	卖盘
10:20:06	5.26	--	101	53126	卖盘
10:20:03	5.26	--	360	189680	买盘
10:20:00	5.26	--	62	32612	买盘
10:19:57	5.26	--	51	26826	买盘
10:19:54	5.26	--	7	3682	买盘
10:19:51	5.26	0.01	20	10520	买盘
10:19:48	5.25	-0.01	273	143325	卖盘
10:19:45	5.26	0.01	22	11572	买盘
10:19:42	5.25	-0.01	42	22050	卖盘
10:19:39	5.26	--	123	64698	买盘
10:19:33	5.26	0.01	10	5260	买盘
10:19:30	5.25	-0.01	264	138600	卖盘
10:19:27	5.26	--	5	2630	买盘
10:19:24	5.26	0.01	15	7890	买盘
10:19:21	5.25	-0.01	1	525	卖盘
10:19:18	5.26	--	4	2104	买盘
10:19:15	5.26	--	72	37872	卖盘
10:19:09	5.26	0.01	10	5260	卖盘
10:19:06	5.25	-0.01	88	46200	卖盘
10:19:03	5.26	0.01	80	42080	买盘
10:19:00	5.25	--	1	525	卖盘
10:18:57	5.25	-0.02	2	1050	卖盘
10:18:54	5.27	--	24	12647	买盘
10:18:51	5.27	0.01	201	106032	买盘
10:18:48	5.26	--	100	52600	卖盘
10:18:45	5.26	--	861	452886	卖盘
10:18:42	5.26	--	46	24196	卖盘
10:18:39	5.26	-0.01	1	526	卖盘
10:18:36	5.27	0.01	491	258756	买盘
10:18:33	5.26	--	148	77848	卖盘
10:18:30	5.26	--	159	83634	卖盘
10:18:24	5.26	--	10	5260	卖盘
10:18:21	5.26	0.01	260	137180	买盘
10:18:18	5.25	--	211	110775	卖盘
10:18:15	5.25	-0.01	1397	733425	卖盘
10:18:09	5.26	--	5	2630	买盘
10:18:06	5.26	--	21	11046	买盘
10:18:03	5.26	--	44	23144	买盘
10:18:00	5.26	--	32	16832	买盘
10:17:57	5.26	0.01	516	271416	买盘
10:17:54	5.25	--	10	5250	卖盘
10:17:51	5.25	--	2	1050	卖盘
10:17:45	5.25	0.01	283	148575	买盘
10:17:33	5.24	--	2	1048	卖盘
10:17:30	5.24	--	32	16768	买盘
10:17:27	5.24	--	5	2620	买盘
10:17:24	5.24	-0.01	15	7860	卖盘
10:17:21	5.25	0.01	218	114450	买盘
10:17:15	5.24	--	6	3144	卖盘
10:16:57	5.24	0.01	35	18340	买盘
10:16:51	5.23	-0.02	16	8368	卖盘
10:16:48	5.25	--	17	8925	买盘
10:16:45	5.25	0.02	6003	3151575	买盘
10:16:33	5.23	-0.01	100	52300	卖盘
10:16:21	5.24	0.01	1	524	买盘
10:16:00	5.23	--	1	523	卖盘
10:15:57	5.23	--	30	15690	卖盘
10:15:48	5.23	--	39	20397	卖盘
10:15:39	5.23	--	1	523	卖盘
10:15:36	5.23	--	2	1046	卖盘
10:15:30	5.23	--	150	78450	卖盘
10:15:12	5.23	--	1	523	卖盘
10:14:54	5.23	--	30	15690	卖盘
10:14:39	5.23	--	42	21966	买盘
10:14:24	5.23	--	1	523	买盘
10:14:15	5.23	--	79	41520	卖盘
10:14:09	5.23	--	15	7845	卖盘
10:13:51	5.23	0.01	5	2934	买盘
10:13:48	5.22	-0.01	95	49590	卖盘
10:13:45	5.23	--	34	17985	卖盘
10:13:36	5.23	--	10	5230	卖盘
10:13:27	5.23	--	82	43205	买盘
10:13:24	5.23	--	424	221955	卖盘
10:13:21	5.23	--	21	10983	卖盘
10:13:00	5.23	--	9	5026	买盘
10:12:57	5.23	--	190	99573	卖盘
10:12:54	5.23	--	5	2615	卖盘
10:12:51	5.23	--	355	185984	买盘
10:12:42	5.23	--	7	3661	买盘
10:12:30	5.23	--	500	261500	买盘
10:12:09	5.23	--	13	6799	买盘
10:12:03	5.23	--	82	42886	买盘
10:12:00	5.23	--	121	63283	买盘
10:11:54	5.23	--	1	523	买盘
10:11:51	5.23	--	13	6799	买盘
10:11:39	5.23	0.01	400	209200	买盘
10:11:30	5.22	-0.01	30	15660	卖盘
10:11:21	5.23	0.01	140	73220	买盘
10:11:09	5.22	-0.01	1	522	卖盘
10:11:03	5.23	--	140	73220	买盘
10:10:54	5.23	--	640	334720	买盘
10:10:15	5.23	--	140	73220	买盘
10:10:12	5.23	0.01	40	20920	买盘
10:10:06	5.22	-0.01	191	99702	卖盘
10:09:57	5.23	--	140	73220	买盘
10:09:54	5.23	0.01	81	42363	买盘
10:09:45	5.22	-0.01	194	101268	卖盘
10:09:33	5.23	0.01	19	9937	买盘
10:09:30	5.22	--	30	15660	买盘
10:09:24	5.22	-0.01	1	522	卖盘
10:09:21	5.23	--	40	20920	买盘
10:09:12	5.23	--	40	20920	买盘
10:09:09	5.23	--	40	20920	买盘
10:09:06	5.23	0.01	185	96755	买盘
10:09:03	5.22	--	170	88740	卖盘
10:08:57	5.22	-0.01	20	10440	卖盘
10:08:54	5.23	--	140	73220	买盘
10:08:48	5.23	--	40	20920	买盘
10:08:39	5.23	0.01	150	78450	买盘
10:08:36	5.22	--	21	10962	卖盘
10:08:30	5.22	--	1	522	卖盘
10:08:24	5.22	--	501	261522	买盘
10:08:15	5.22	--	90	46980	买盘
10:08:00	5.22	--	50	26100	买盘
10:07:54	5.22	--	30	15660	买盘
10:07:48	5.22	--	39	20358	卖盘
10:07:45	5.22	--	11	5742	买盘
10:07:42	5.22	--	89	46458	卖盘
10:07:39	5.22	--	30	15660	卖盘
10:07:27	5.22	--	120	62640	卖盘
10:07:18	5.22	--	92	48024	卖盘
10:07:06	5.22	--	1	522	卖盘
10:07:03	5.22	--	20	10440	卖盘
10:06:36	5.22	--	106	55332	卖盘
10:06:33	5.22	--	22	11484	卖盘
10:06:27	5.22	--	6	3132	卖盘
10:06:21	5.22	-0.01	10	5220	卖盘
10:06:00	5.23	0.01	100	52300	买盘
10:05:57	5.22	--	40	20880	卖盘
10:05:45	5.22	--	10	5220	卖盘
10:05:42	5.22	--	3	1566	卖盘
10:05:39	5.22	--	5	2610	卖盘
10:05:33	5.22	--	9	4698	卖盘
10:05:24	5.22	--	20	10440	卖盘
10:05:18	5.22	-0.01	10	5220	卖盘
10:05:06	5.23	0.01	140	73220	买盘
10:05:00	5.22	--	20	10440	卖盘
10:04:51	5.22	--	557	290754	买盘
10:04:45	5.22	0.01	12	6264	买盘
10:04:42	5.21	-0.01	111	57831	卖盘
10:04:39	5.22	0.01	181	94482	买盘
10:04:33	5.21	-0.01	170	88570	卖盘
10:04:09	5.22	0.01	1	522	买盘
10:04:06	5.21	-0.01	56	29176	卖盘
10:03:54	5.22	--	50	26100	买盘
10:03:48	5.22	--	200	104400	买盘
10:03:42	5.22	0.01	2	1044	中性盘
10:03:21	5.21	-0.01	30	15630	卖盘
10:03:18	5.22	0.01	40	20880	买盘
10:03:06	5.21	--	1	521	卖盘
10:03:00	5.21	-0.01	20	10420	卖盘
10:02:57	5.22	0.01	106	55332	买盘
10:02:54	5.21	--	3	1563	卖盘
10:02:48	5.21	-0.01	10	5210	卖盘
10:02:45	5.22	--	10	5220	买盘
10:02:36	5.22	0.01	10	5220	买盘
10:02:27	5.21	--	213	110973	卖盘
10:02:18	5.21	--	128	66688	卖盘
10:01:57	5.21	--	10	5210	卖盘
10:01:54	5.21	-0.01	10	5210	卖盘
10:01:39	5.22	--	30	15660	买盘
10:01:36	5.22	0.01	10	5220	买盘
10:01:27	5.21	--	1	521	卖盘
10:01:24	5.21	-0.01	3	1563	卖盘
10:01:21	5.22	--	307	160254	买盘
10:00:57	5.22	--	4	2088	买盘
10:00:48	5.22	0.01	20	10440	买盘
10:00:45	5.21	-0.01	10	5210	卖盘
10:00:33	5.22	--	30	15660	买盘
10:00:27	5.22	--	48	25056	买盘
10:00:21	5.22	-0.01	214	111708	卖盘
10:00:15	5.23	0.01	157	82111	买盘
10:00:12	5.22	-0.01	358	186876	卖盘
10:00:09	5.23	0.01	10	5230	买盘
10:00:06	5.22	--	119	62118	卖盘
10:00:03	5.22	--	6	3132	卖盘
10:00:00	5.22	--	24	12528	卖盘
09:59:57	5.22	--	1000	522000	卖盘
09:59:54	5.22	-0.01	12	6264	卖盘
09:59:51	5.23	0.01	8	4184	买盘
09:59:39	5.22	--	70	36540	卖盘
09:59:36	5.22	--	264	137808	卖盘
09:59:33	5.22	-0.01	60	31320	卖盘
09:59:30	5.23	0.01	30	15690	买盘
09:59:21	5.22	--	100	52200	卖盘
09:59:15	5.22	--	13	6786	卖盘
09:59:12	5.22	--	407	212454	卖盘
09:59:09	5.22	-0.01	8	4176	卖盘
09:59:03	5.23	0.01	11	5753	买盘
09:58:57	5.22	--	283	147726	卖盘
09:58:54	5.22	--	20	10440	卖盘
09:58:48	5.22	--	32	16704	卖盘
09:58:45	5.22	--	54	28188	卖盘
09:58:42	5.22	--	5	2610	卖盘
09:58:39	5.22	--	48	25056	卖盘
09:58:36	5.22	-0.01	8	4176	卖盘
09:58:33	5.23	0.01	2	1046	买盘
09:58:30	5.22	--	32	16704	卖盘
09:58:27	5.22	-0.01	13	6786	卖盘
09:58:21	5.23	0.01	27	14121	买盘
09:58:15	5.22	-0.01	10	5220	卖盘
09:58:06	5.23	0.01	12	6276	买盘
09:58:03	5.22	--	28	14616	卖盘
09:57:48	5.22	--	6	3132	卖盘
09:57:42	5.22	--	5	2610	卖盘
09:57:39	5.22	--	272	141984	卖盘
09:57:36	5.22	--	1	522	卖盘
09:57:33	5.22	--	8	4176	卖盘
09:57:12	5.22	-0.01	13	6786	卖盘
09:57:06	5.23	--	82	42886	买盘
09:57:03	5.23	--	18	9414	买盘
09:56:57	5.23	--	158	82634	买盘
09:56:51	5.23	0.01	13	6799	买盘
09:56:48	5.22	--	142	74124	卖盘
09:56:36	5.22	-0.01	2	1044	卖盘
09:56:30	5.23	0.01	11	5753	买盘
09:56:06	5.22	--	1	522	卖盘
09:56:03	5.22	-0.01	69	36018	卖盘
09:55:57	5.23	0.01	10	5230	买盘
09:55:30	5.22	-0.01	1	522	卖盘
09:55:18	5.23	--	10	5230	买盘
09:55:15	5.23	--	81	42363	买盘
09:55:12	5.23	0.01	139	72697	买盘
09:55:09	5.22	-0.01	54	28188	卖盘
09:55:03	5.23	--	20	10460	买盘
09:54:57	5.23	0.01	5	2615	买盘
09:54:51	5.22	--	50	26100	卖盘
09:54:48	5.22	-0.01	15	7830	卖盘
09:54:39	5.23	--	105	54915	买盘
09:54:36	5.23	--	600	313800	买盘
09:54:21	5.23	--	100	52300	买盘
09:54:09	5.23	--	20	10460	买盘
09:54:06	5.23	0.01	95	49685	买盘
09:54:00	5.22	-0.01	11	5742	卖盘
09:53:48	5.23	0.01	111	58053	买盘
09:53:45	5.22	-0.01	50	26100	卖盘
09:53:33	5.23	--	10	5230	买盘
09:53:18	5.23	0.01	7	3661	买盘
09:53:12	5.22	-0.01	51	26622	卖盘
09:53:06	5.23	--	100	52300	买盘
09:52:51	5.23	0.01	80	41840	买盘
09:52:09	5.22	-0.01	1	522	卖盘
09:52:06	5.23	--	18	9414	买盘
09:52:03	5.23	0.01	7	3661	买盘
09:51:54	5.22	--	49	25578	卖盘
09:51:48	5.22	--	26	13572	卖盘
09:51:45	5.22	--	8	4176	卖盘
09:51:39	5.22	--	4	2088	卖盘
09:51:30	5.22	-0.01	269	140418	卖盘
09:51:24	5.23	--	21	10983	买盘
09:51:15	5.23	--	96	50208	买盘
09:51:12	5.23	--	1	523	买盘
09:51:09	5.23	--	10	5230	买盘
09:51:06	5.23	--	95	49685	买盘
09:51:03	5.23	--	1	523	买盘
09:51:00	5.23	--	11	5753	买盘
09:50:57	5.23	0.01	50	26150	买盘
09:50:51	5.22	--	10	5220	卖盘
09:50:48	5.22	--	171	89262	卖盘
09:50:45	5.22	-0.01	20	10440	卖盘
09:50:42	5.23	--	20	10460	买盘
09:50:39	5.23	--	355	185973	卖盘
09:50:36	5.23	--	7	3661	卖盘
09:50:30	5.23	--	10	5230	卖盘
09:50:18	5.23	--	24	12552	卖盘
09:50:15	5.23	--	17	8891	卖盘
09:50:09	5.23	--	50	26150	卖盘
09:50:03	5.23	--	95	49899	买盘
09:49:51	5.23	--	14	7322	买盘
09:49:45	5.23	--	68	35564	买盘
09:49:39	5.23	--	17	8891	买盘
09:49:33	5.23	0.01	82	42886	买盘
09:49:27	5.22	-0.01	54	28188	卖盘
09:49:15	5.23	--	62	32426	买盘
09:49:09	5.23	--	1	523	买盘
09:49:03	5.23	-0.01	1752	916343	卖盘
09:49:00	5.24	--	13	6812	买盘
09:48:33	5.24	--	10	5240	买盘
09:48:30	5.24	--	10	5240	买盘
09:48:24	5.24	--	2	1048	买盘
09:48:21	5.24	0.01	3	1572	买盘
09:48:15	5.23	-0.01	8	4184	卖盘
09:48:06	5.24	--	2	1048	买盘
09:48:03	5.24	0.01	14	7336	买盘
09:48:00	5.23	--	50	26150	卖盘
09:47:57	5.23	-0.01	15	7845	卖盘
09:47:39	5.24	--	10	5240	买盘
09:47:36	5.24	--	120	62880	买盘
09:47:33	5.24	0.01	119	62356	买盘
09:47:30	5.23	--	9	4707	卖盘
09:47:24	5.23	-0.01	9	4707	卖盘
09:47:21	5.24	--	64	33536	买盘
09:47:12	5.24	--	2	1048	买盘
09:47:06	5.24	--	3	1572	买盘
09:47:03	5.24	--	15	7860	买盘
09:46:45	5.24	--	4	2096	买盘
09:46:42	5.24	--	499	261476	买盘
09:46:36	5.24	--	5	2620	买盘
09:46:33	5.24	0.01	7	3668	买盘
09:46:30	5.23	-0.01	73	38179	卖盘
09:46:27	5.24	0.01	50	26200	买盘
09:46:24	5.23	--	54	28242	卖盘
09:46:18	5.23	--	140	73220	卖盘
09:46:12	5.23	-0.01	35	18305	卖盘
09:46:03	5.24	0.01	1	524	买盘
09:45:57	5.23	--	50	26150	卖盘
09:45:51	5.23	-0.01	32	16736	卖盘
09:45:48	5.24	--	10	5240	买盘
09:45:39	5.24	0.01	193	101132	买盘
09:45:36	5.23	-0.01	141	73743	卖盘
09:45:33	5.24	--	39	20436	买盘
09:45:30	5.24	--	20	10480	买盘
09:45:24	5.24	0.01	18	9432	买盘
09:45:18	5.23	--	131	68513	卖盘
09:45:09	5.23	--	1	523	卖盘
09:45:03	5.23	--	23	12029	卖盘
09:44:54	5.23	--	80	41840	卖盘
09:44:51	5.23	--	2795	1462260	买盘
09:44:48	5.23	0.01	28	14644	买盘
09:44:39	5.22	-0.01	22	11484	卖盘
09:44:33	5.23	--	32	16736	买盘
09:44:30	5.23	--	26	14016	卖盘
09:44:24	5.23	-0.01	35	18305	卖盘
09:44:21	5.24	0.01	318	166632	买盘
09:44:18	5.23	-0.01	10	5230	卖盘
09:44:15	5.24	--	55	28820	买盘
09:44:03	5.24	0.01	14	7336	买盘
09:43:57	5.23	--	95	49685	卖盘
09:43:54	5.23	--	250	130750	卖盘
09:43:45	5.23	--	100	52300	卖盘
09:43:42	5.23	0.01	2580	1349444	买盘
09:43:39	5.22	--	62	32364	卖盘
09:43:15	5.22	--	250	130500	卖盘
09:43:09	5.22	-0.01	88	45936	卖盘
09:43:03	5.23	0.01	15	7845	买盘
09:42:57	5.22	-0.01	7	3654	卖盘
09:42:48	5.23	0.01	1	523	买盘
09:42:39	5.22	-0.01	1	522	卖盘
09:42:36	5.23	0.01	86	44978	买盘
09:42:30	5.22	-0.01	15	7830	卖盘
09:42:21	5.23	--	5	2615	买盘
09:42:09	5.23	--	1	523	买盘
09:42:03	5.23	0.01	24	12552	买盘
09:42:00	5.22	-0.01	3	1566	卖盘
09:41:57	5.23	--	34	17782	买盘
09:41:48	5.23	--	129	67467	买盘
09:41:42	5.23	0.01	55	28765	买盘
09:41:39	5.22	-0.01	200	104400	卖盘
09:41:33	5.23	--	2	1046	买盘
09:41:27	5.23	--	10	5230	买盘
09:41:18	5.23	0.01	31	16213	买盘
09:41:12	5.22	--	41	21402	卖盘
09:41:06	5.22	-0.01	17	8874	卖盘
09:41:03	5.23	--	7	3661	买盘
09:40:45	5.23	0.01	15	7845	买盘
09:40:42	5.22	--	1	522	卖盘
09:40:39	5.22	--	21	10962	卖盘
09:40:27	5.22	--	38	19836	卖盘
09:40:24	5.22	--	1	522	卖盘
09:40:18	5.22	-0.01	139	72558	卖盘
09:40:03	5.23	--	7	3661	买盘
09:39:57	5.23	0.01	50	26150	买盘
09:39:48	5.22	--	42	21924	卖盘
09:39:42	5.22	--	400	208800	卖盘
09:39:33	5.22	--	128	66816	卖盘
09:39:27	5.22	--	62	32364	卖盘
09:39:24	5.22	-0.01	25	13050	卖盘
09:39:21	5.23	0.01	248	129704	买盘
09:39:15	5.22	--	10	5220	卖盘
09:39:12	5.22	--	25	13050	卖盘
09:39:09	5.22	-0.01	296	154512	卖盘
09:39:06	5.23	--	18	9414	买盘
09:39:03	5.23	0.01	101	52823	买盘
09:39:00	5.22	-0.01	40	20880	卖盘
09:38:57	5.23	0.01	94	49162	买盘
09:38:54	5.22	-0.01	44	22968	卖盘
09:38:51	5.23	0.01	10	5230	买盘
09:38:48	5.22	-0.01	78	40716	卖盘
09:38:45	5.23	0.01	45	23535	买盘
09:38:42	5.22	-0.01	65	33930	卖盘
09:38:39	5.23	--	208	108784	买盘
09:38:33	5.23	--	50	26150	买盘
09:38:24	5.23	-0.01	1114	583040	卖盘
09:38:18	5.24	0.01	300	157200	买盘
09:38:12	5.23	-0.01	2	1046	卖盘
09:38:06	5.24	0.01	52	27248	买盘
09:38:03	5.23	--	470	245810	卖盘
09:37:57	5.23	--	18	9414	卖盘
09:37:54	5.23	--	199	104077	卖盘
09:37:48	5.23	--	200	104600	卖盘
09:37:45	5.23	--	38	19874	卖盘
09:37:39	5.23	--	4	2092	卖盘
09:37:33	5.23	--	6	3138	卖盘
09:37:27	5.23	0.01	4036	2110932	买盘
09:37:21	5.22	--	5	2610	买盘
09:37:18	5.22	0.01	48	25056	买盘
09:37:15	5.21	--	110	57310	卖盘
09:37:12	5.21	--	16	8336	卖盘
09:37:06	5.21	-0.01	1	521	卖盘
09:37:00	5.22	0.01	54	28188	买盘
09:36:57	5.21	-0.01	37	19277	卖盘
09:36:51	5.22	0.01	2	1044	买盘
09:36:48	5.21	--	256	133376	卖盘
09:36:45	5.21	-0.01	35	18235	卖盘
09:36:42	5.22	--	13	6786	买盘
09:36:36	5.22	0.01	51	26622	买盘
09:36:27	5.21	-0.01	1	521	卖盘
09:36:24	5.22	--	10	5220	买盘
09:36:18	5.22	0.01	10	5220	买盘
09:36:06	5.21	-0.01	56	29176	卖盘
09:36:03	5.22	0.01	4	2088	买盘
09:36:00	5.21	--	22	11462	卖盘
09:35:57	5.21	--	25	13025	卖盘
09:35:54	5.21	--	37	19277	卖盘
09:35:48	5.21	--	44	22924	卖盘
09:35:42	5.21	--	85	44285	卖盘
09:35:39	5.21	--	41	21361	卖盘
09:35:36	5.21	-0.01	236	122956	卖盘
09:35:33	5.22	--	14	7308	买盘
09:35:24	5.22	--	118	61596	买盘
09:35:18	5.22	--	46	24012	买盘
09:35:12	5.22	--	10	5220	买盘
09:35:06	5.22	--	10	5220	买盘
09:35:03	5.22	0.01	5	2610	买盘
09:35:00	5.21	--	52	27092	卖盘
09:34:51	5.21	--	18	9378	卖盘
09:34:45	5.21	--	1	521	卖盘
09:34:36	5.21	--	11	5731	卖盘
09:34:27	5.21	-0.01	139	72419	卖盘
09:34:15	5.22	--	9	4698	买盘
09:34:06	5.22	--	3	1566	买盘
09:34:00	5.22	0.01	6	3132	买盘
09:33:57	5.21	--	79	41159	卖盘
09:33:54	5.21	--	14	7294	卖盘
09:33:48	5.21	-0.01	13	6773	卖盘
09:33:45	5.22	--	10	5220	买盘
09:33:39	5.22	--	15	7830	买盘
09:33:33	5.22	--	6	3132	买盘
09:33:21	5.22	0.01	1	522	买盘
09:33:18	5.21	--	53	27613	卖盘
09:33:12	5.21	-0.01	3	1563	卖盘
09:33:09	5.22	--	20	10440	买盘
09:33:06	5.22	0.01	55	28710	买盘
09:33:03	5.21	-0.01	3	1563	卖盘
09:32:39	5.22	--	8	4176	买盘
09:32:36	5.22	--	45	23490	买盘
09:32:33	5.22	--	10	5220	买盘
09:32:30	5.22	0.01	4	2088	买盘
09:32:21	5.21	--	64	33344	卖盘
09:32:15	5.21	--	41	21361	卖盘
09:32:12	5.21	--	4	2084	卖盘
09:32:09	5.21	--	4	2084	卖盘
09:32:06	5.21	-0.01	258	134418	卖盘
09:32:03	5.22	0.01	5	2610	买盘
09:31:51	5.21	--	38	19798	卖盘
09:31:48	5.21	-0.01	71	36991	卖盘
09:31:42	5.22	0.01	55	28710	买盘
09:31:36	5.21	--	31	16151	卖盘
09:31:33	5.21	--	47	24487	卖盘
09:31:09	5.21	-0.01	50	26050	卖盘
09:31:03	5.22	0.01	8	4176	买盘
09:30:42	5.21	-0.01	81	42201	卖盘
09:30:30	5.22	0.01	7	3654	买盘
09:30:27	5.21	--	1	521	卖盘
09:30:12	5.21	-0.01	2	1042	卖盘
09:30:09	5.22	0.01	6	3132	买盘
09:30:06	5.21	--	40	20840	卖盘
09:30:03	5.21	-0.01	583	303743	卖盘
09:30:00	5.22	--	0	0	买盘
09:25:03	5.22	5.22	217	113274	买盘
