成交时间	成交价	价格变动	成交量(手)	成交额(元)	性质
15:00:03	11.07	--	1181	1307367	买盘
14:57:00	11.07	0.01	31	34317	买盘
14:56:54	11.06	--	81	89586	卖盘
14:56:48	11.06	-0.01	24	26544	卖盘
14:56:45	11.07	--	47	52029	买盘
14:56:39	11.07	0.01	5	5535	买盘
14:56:36	11.06	-0.01	33	36498	卖盘
14:56:33	11.07	--	22	24354	买盘
14:56:30	11.07	--	5	5535	买盘
14:56:24	11.07	0.01	10	11070	买盘
14:56:21	11.06	-0.01	3	3318	卖盘
14:56:18	11.07	0.01	18	19926	买盘
14:56:15	11.06	--	30	33180	卖盘
14:56:12	11.06	--	10	11060	卖盘
14:56:09	11.06	-0.01	1	1106	卖盘
14:56:00	11.07	--	3	3321	买盘
14:55:57	11.07	0.01	68	75276	买盘
14:55:54	11.06	-0.01	10	11060	卖盘
14:55:45	11.07	0.01	17	18819	买盘
14:55:42	11.06	--	10	11060	卖盘
14:55:36	11.06	--	68	75208	卖盘
14:55:33	11.06	--	60	66360	中性盘
14:55:18	11.06	--	13	14378	卖盘
14:55:15	11.06	--	24	26544	买盘
14:55:09	11.06	0.01	100	110600	买盘
14:54:57	11.05	-0.01	121	133705	卖盘
14:54:54	11.06	0.01	161	178066	买盘
14:54:51	11.05	-0.01	240	265200	卖盘
14:54:48	11.06	--	83	91798	买盘
14:54:45	11.06	--	19	21014	买盘
14:54:42	11.06	0.01	45	49770	买盘
14:54:39	11.05	-0.01	38	41990	卖盘
14:54:33	11.06	--	16	17696	卖盘
14:54:27	11.06	0.01	139	153734	买盘
14:54:24	11.05	--	34	37570	卖盘
14:54:21	11.05	-0.01	13	14365	卖盘
14:54:15	11.06	0.01	36	39816	买盘
14:54:12	11.05	--	2	2210	卖盘
14:54:09	11.05	-0.01	60	66300	卖盘
14:54:06	11.06	--	2	2212	买盘
14:54:03	11.06	--	7	7742	买盘
14:54:00	11.06	--	50	55300	买盘
14:53:48	11.06	--	3	3318	买盘
14:53:39	11.06	--	50	55300	买盘
14:53:33	11.06	--	4	4424	买盘
14:53:30	11.06	--	71	78526	卖盘
14:53:27	11.06	-0.01	3	3318	卖盘
14:53:24	11.07	0.01	20	22140	买盘
14:53:18	11.06	--	2	2212	卖盘
14:53:12	11.06	-0.01	25	27650	卖盘
14:53:06	11.07	0.01	2	2214	买盘
14:52:57	11.06	-0.01	100	110600	卖盘
14:52:51	11.07	--	2	2214	买盘
14:52:42	11.07	0.01	25	27675	买盘
14:52:39	11.06	--	8	8848	卖盘
14:52:36	11.06	--	14	15484	卖盘
14:52:27	11.06	-0.01	1	1106	卖盘
14:52:21	11.07	--	102	112914	买盘
14:52:15	11.07	0.01	10	11070	买盘
14:52:06	11.06	--	1	1106	卖盘
14:52:03	11.06	-0.01	23	25438	卖盘
14:51:48	11.07	--	6	6642	买盘
14:51:45	11.07	--	100	110700	买盘
14:51:42	11.07	--	33	36531	买盘
14:51:39	11.07	--	12	13284	买盘
14:51:36	11.07	0.01	1	1107	买盘
14:51:33	11.06	--	2	2212	卖盘
14:51:18	11.06	--	12	13272	卖盘
14:51:12	11.06	--	67	74102	卖盘
14:51:09	11.06	-0.01	10	11060	卖盘
14:51:06	11.07	0.01	35	38745	买盘
14:51:03	11.06	--	74	81844	卖盘
14:50:57	11.06	--	22	24332	卖盘
14:50:54	11.06	--	9	9954	卖盘
14:50:48	11.06	--	113	124978	买盘
14:50:45	11.06	--	8	8848	买盘
14:50:36	11.06	0.01	22	24332	买盘
14:50:30	11.05	--	3	3315	卖盘
14:50:27	11.05	-0.01	2	2210	卖盘
14:50:24	11.06	--	85	94010	买盘
14:50:15	11.06	0.01	103	113918	买盘
14:50:09	11.05	--	20	22100	卖盘
14:50:06	11.05	-0.01	1	1105	卖盘
14:50:03	11.06	--	392	433552	买盘
14:49:51	11.06	--	6	6636	卖盘
14:49:48	11.06	--	12	13272	卖盘
14:49:45	11.06	--	82	90692	买盘
14:49:39	11.06	--	9	9954	卖盘
14:49:36	11.06	--	4	4424	卖盘
14:49:33	11.06	0.01	34	37604	中性盘
14:49:21	11.05	-0.01	55	60775	卖盘
14:49:12	11.06	--	20	22120	卖盘
14:49:06	11.06	0.01	288	318528	买盘
14:49:03	11.05	-0.01	20	22100	卖盘
14:49:00	11.06	--	100	110600	买盘
14:48:57	11.06	0.01	48	53088	买盘
14:48:54	11.05	-0.01	1	1105	卖盘
14:48:51	11.06	--	30	33180	买盘
14:48:45	11.06	0.01	5	5530	买盘
14:48:36	11.05	--	105	116025	卖盘
14:48:33	11.05	--	37	40885	卖盘
14:48:27	11.05	--	93	102765	买盘
14:48:24	11.05	0.01	200	221000	买盘
14:48:21	11.04	--	40	44160	卖盘
14:48:12	11.04	--	3	3311	卖盘
14:48:09	11.04	--	1	1104	卖盘
14:48:06	11.04	-0.01	20	22080	卖盘
14:48:03	11.05	0.01	150	165750	买盘
14:47:57	11.04	--	8	8832	卖盘
14:47:48	11.04	-0.01	10	11040	卖盘
14:47:45	11.05	0.01	54	59670	买盘
14:47:42	11.04	--	16	17664	买盘
14:47:36	11.04	--	20	22080	买盘
14:47:33	11.04	--	17	18768	卖盘
14:47:24	11.04	--	5	5520	卖盘
14:47:18	11.04	--	10	11040	卖盘
14:47:09	11.04	--	12	13247	卖盘
14:47:06	11.04	0.01	232	256127	买盘
14:47:03	11.03	-0.01	11	12133	卖盘
14:47:00	11.04	0.01	401	442703	买盘
14:46:57	11.03	--	26	28678	卖盘
14:46:51	11.03	--	1	1103	卖盘
14:46:48	11.03	-0.01	15	16545	卖盘
14:46:45	11.04	0.01	5	5520	买盘
14:46:36	11.03	--	5	5515	卖盘
14:46:33	11.03	--	5	5515	卖盘
14:46:27	11.03	--	5	5515	卖盘
14:46:24	11.03	--	5	5515	卖盘
14:46:21	11.03	--	60	66180	卖盘
14:46:09	11.03	-0.01	120	132360	卖盘
14:45:48	11.04	0.01	13	14351	买盘
14:45:45	11.03	--	65	71695	卖盘
14:45:30	11.03	--	100	110300	卖盘
14:45:27	11.03	--	10	11030	卖盘
14:45:12	11.03	-0.01	10	11030	卖盘
14:45:00	11.04	0.01	10	11040	买盘
14:44:57	11.03	--	8	8824	卖盘
14:44:51	11.03	--	1	1103	卖盘
14:44:45	11.03	--	9	9927	卖盘
14:44:39	11.03	0.01	188	207364	买盘
14:44:36	11.02	-0.01	82	90364	卖盘
14:44:33	11.03	0.01	10	11030	买盘
14:44:24	11.02	-0.01	5	5510	卖盘
14:44:21	11.03	0.01	5	5515	买盘
14:44:12	11.02	-0.01	13	14326	卖盘
14:44:09	11.03	0.01	20	22060	买盘
14:44:03	11.02	-0.01	52	57304	卖盘
14:43:57	11.03	--	99	109197	买盘
14:43:54	11.03	--	25	27575	买盘
14:43:48	11.03	--	4	4412	买盘
14:43:42	11.03	--	1	1103	买盘
14:43:39	11.03	--	12	13236	买盘
14:43:21	11.03	--	1	1103	买盘
14:43:18	11.03	--	242	267477	卖盘
14:43:12	11.03	-0.01	2	2206	卖盘
14:43:03	11.04	--	18	19872	买盘
14:43:00	11.04	--	20	22080	买盘
14:42:57	11.04	0.01	41	45264	买盘
14:42:54	11.03	--	20	22060	卖盘
14:42:48	11.03	--	2	2206	卖盘
14:42:45	11.03	--	7	7721	卖盘
14:42:42	11.03	--	68	75004	卖盘
14:42:39	11.03	--	37	40811	卖盘
14:42:33	11.03	--	41	45774	卖盘
14:42:27	11.03	--	34	37502	卖盘
14:42:21	11.03	0.01	165	181995	买盘
14:42:15	11.02	-0.01	5	5510	卖盘
14:42:06	11.03	0.01	10	11030	买盘
14:42:03	11.02	--	11	12122	卖盘
14:42:00	11.02	-0.02	10	11020	卖盘
14:41:54	11.04	0.01	97	107087	买盘
14:41:42	11.03	--	160	176480	卖盘
14:41:33	11.03	--	103	113609	卖盘
14:41:30	11.03	-0.01	8	8824	卖盘
14:41:27	11.04	--	4	4416	买盘
14:41:24	11.04	--	1	1104	买盘
14:41:21	11.04	--	1	1104	买盘
14:41:12	11.04	0.01	9	9936	买盘
14:41:09	11.03	--	42	46326	卖盘
14:41:06	11.03	-0.01	2	2206	卖盘
14:41:03	11.04	--	12	13247	买盘
14:40:54	11.04	--	7	7727	买盘
14:40:48	11.04	--	8	8832	卖盘
14:40:42	11.04	--	10	11040	卖盘
14:40:39	11.04	--	10	11040	卖盘
14:40:36	11.04	-0.01	7	7727	卖盘
14:40:12	11.05	0.01	2	2210	买盘
14:40:03	11.04	--	78	86112	卖盘
14:39:54	11.04	--	20	22080	卖盘
14:39:33	11.04	--	33	36432	买盘
14:39:30	11.04	--	43	47471	买盘
14:39:18	11.04	--	8	8832	卖盘
14:39:15	11.04	--	100	110399	卖盘
14:39:09	11.04	0.01	32	35328	买盘
14:39:00	11.03	--	1	1103	卖盘
14:38:57	11.03	--	1	1103	卖盘
14:38:45	11.03	-0.01	1	1103	卖盘
14:38:39	11.04	--	41	45264	卖盘
14:38:36	11.04	-0.01	9	9936	卖盘
14:38:33	11.05	0.01	9	9945	买盘
14:38:30	11.04	0.02	3	3311	中性盘
14:38:18	11.02	-0.02	1063	1171426	卖盘
14:38:12	11.04	--	19	20976	卖盘
14:38:06	11.04	--	11	12143	买盘
14:38:03	11.04	--	16	17664	买盘
14:38:00	11.04	--	20	22080	买盘
14:37:57	11.04	--	25	27599	买盘
14:37:54	11.04	--	32	35328	卖盘
14:37:48	11.04	-0.01	43	47471	卖盘
14:37:39	11.05	--	17	18785	买盘
14:37:33	11.05	--	613	677917	买盘
14:37:30	11.05	0.01	200	221000	买盘
14:37:21	11.04	-0.01	44	48575	卖盘
14:37:18	11.05	--	200	221000	买盘
14:37:03	11.05	0.01	13	14365	买盘
14:36:57	11.04	--	13	14351	卖盘
14:36:54	11.04	--	71	78384	卖盘
14:36:45	11.04	-0.01	2	2760	卖盘
14:36:39	11.05	--	20	22100	买盘
14:36:33	11.05	0.01	3	3315	买盘
14:36:27	11.04	--	50	55199	卖盘
14:36:21	11.04	-0.01	11	12143	卖盘
14:36:15	11.05	--	21	23205	买盘
14:36:00	11.05	0.01	10	11050	买盘
14:35:54	11.04	0.01	10	11040	中性盘
14:35:48	11.03	-0.01	326	359578	卖盘
14:35:45	11.04	--	6	6623	卖盘
14:35:33	11.04	--	2	2208	卖盘
14:35:27	11.04	--	10	11040	卖盘
14:35:24	11.04	-0.01	120	132480	卖盘
14:35:21	11.05	--	2	2210	买盘
14:35:18	11.05	--	12	13260	买盘
14:35:15	11.05	--	8	8840	买盘
14:35:06	11.05	0.01	15	16575	买盘
14:35:03	11.04	--	9	9936	卖盘
14:34:57	11.04	-0.01	30	33120	卖盘
14:34:36	11.05	--	10	11050	买盘
14:34:33	11.05	0.01	10	11050	买盘
14:34:30	11.04	--	15	16560	卖盘
14:34:27	11.04	-0.01	23	25391	卖盘
14:34:24	11.05	0.01	12	13260	买盘
14:34:12	11.04	0.01	85	93840	买盘
14:34:09	11.03	--	25	27575	卖盘
14:34:06	11.03	--	6	6618	卖盘
14:34:03	11.03	--	12	13236	卖盘
14:34:00	11.03	--	200	220600	卖盘
14:33:51	11.03	0.01	214	236042	买盘
14:33:45	11.02	-0.01	30	33060	卖盘
14:33:42	11.03	0.01	54	59562	买盘
14:33:39	11.02	--	75	82650	卖盘
14:33:36	11.02	-0.01	51	56202	卖盘
14:33:30	11.03	--	6	6618	买盘
14:33:27	11.03	--	10	11030	买盘
14:33:21	11.03	0.01	26	28678	买盘
14:33:18	11.02	-0.01	17	18734	卖盘
14:33:15	11.03	--	209	230527	卖盘
14:33:09	11.03	--	25	27575	卖盘
14:33:03	11.03	--	5	5515	卖盘
14:33:00	11.03	--	250	275750	买盘
14:32:57	11.03	0.01	10	11030	买盘
14:32:54	11.02	--	88	96976	卖盘
14:32:51	11.02	-0.01	10	11020	卖盘
14:32:48	11.03	--	10	11030	买盘
14:32:39	11.03	0.01	22	24266	买盘
14:32:30	11.02	--	32	35264	卖盘
14:32:27	11.02	--	1	1102	卖盘
14:32:21	11.02	-0.01	476	524552	卖盘
14:32:15	11.03	--	1	1103	买盘
14:32:12	11.03	-0.01	292	322076	卖盘
14:32:09	11.04	0.01	62	68448	买盘
14:32:06	11.03	-0.01	8	8824	卖盘
14:32:03	11.04	0.01	50	55199	买盘
14:31:51	11.03	-0.01	19	20957	卖盘
14:31:45	11.04	--	12	13247	买盘
14:31:39	11.04	--	50	55199	买盘
14:31:36	11.04	--	60	66240	买盘
14:31:21	11.04	--	18	19872	买盘
14:31:03	11.04	0.01	6	6623	买盘
14:31:00	11.03	-0.01	371	409213	卖盘
14:30:48	11.04	0.01	21	23184	买盘
14:30:45	11.03	-0.01	20	22060	卖盘
14:30:42	11.04	--	13	14351	买盘
14:30:36	11.04	--	10	11040	买盘
14:30:30	11.04	--	150	165600	买盘
14:30:27	11.04	--	23	25391	买盘
14:30:24	11.04	--	3	3311	买盘
14:30:21	11.04	--	54	59615	买盘
14:30:15	11.04	--	1	1104	买盘
14:30:06	11.04	--	48	52991	卖盘
14:30:03	11.04	--	14	15455	买盘
14:29:57	11.04	0.01	139	153456	买盘
14:29:54	11.03	-0.01	10	11030	卖盘
14:29:48	11.04	0.01	5	5520	买盘
14:29:45	11.03	--	50	55150	卖盘
14:29:42	11.03	-0.02	4	4412	卖盘
14:29:27	11.05	0.03	2	2210	买盘
14:29:15	11.02	--	3	3306	卖盘
14:29:12	11.02	--	40	44080	卖盘
14:29:03	11.02	0.01	5	5510	中性盘
14:28:54	11.01	-0.04	14	15414	卖盘
14:28:51	11.05	--	5	5525	买盘
14:28:42	11.05	--	12	13260	买盘
14:28:36	11.05	0.05	5	5525	买盘
14:28:30	11.0	--	172	189200	买盘
14:28:27	11.0	--	3	3300	买盘
14:28:21	11.0	--	45	49500	买盘
14:28:18	11.0	-0.05	8969	9865900	卖盘
14:28:15	11.05	--	150	165750	卖盘
14:28:03	11.05	--	50	55250	卖盘
14:28:00	11.05	-0.01	200	221000	卖盘
14:27:57	11.06	0.01	2	2212	买盘
14:27:51	11.05	-0.01	100	110500	卖盘
14:27:48	11.06	--	7	7742	买盘
14:27:45	11.06	0.01	7	7742	买盘
14:27:36	11.05	-0.01	44	48620	卖盘
14:27:18	11.06	0.01	5	5530	买盘
14:27:12	11.05	-0.01	60	66300	卖盘
14:27:03	11.06	0.01	20	22120	买盘
14:27:00	11.05	-0.01	28	30940	卖盘
14:26:57	11.06	--	5	5530	买盘
14:26:54	11.06	--	57	63042	买盘
14:26:45	11.06	0.01	2	2212	买盘
14:26:42	11.05	--	21	23205	卖盘
14:26:36	11.05	--	3	3315	卖盘
14:26:30	11.05	--	50	55250	卖盘
14:26:27	11.05	--	50	55250	卖盘
14:26:21	11.05	-0.01	17	18785	卖盘
14:26:09	11.06	--	306	338436	卖盘
14:26:06	11.06	--	20	22120	卖盘
14:26:03	11.06	--	12	13272	卖盘
14:25:57	11.06	0.01	278	307468	买盘
14:25:54	11.05	--	2	2210	卖盘
14:25:48	11.05	--	20	22100	卖盘
14:25:45	11.05	--	14	15470	卖盘
14:25:42	11.05	0.01	68	75140	买盘
14:25:39	11.04	-0.01	36	39744	卖盘
14:25:27	11.05	--	4	4420	卖盘
14:25:24	11.05	--	16	17680	买盘
14:25:18	11.05	--	141	155805	卖盘
14:25:15	11.05	--	385	425425	卖盘
14:25:09	11.05	--	10	11050	卖盘
14:25:03	11.05	--	200	221000	卖盘
14:25:00	11.05	-0.01	4	4420	卖盘
14:24:54	11.06	0.01	153	169218	买盘
14:24:48	11.05	-0.01	20	22100	卖盘
14:24:36	11.06	0.01	10	11060	买盘
14:24:30	11.05	--	9	9945	卖盘
14:24:27	11.05	--	10	11050	卖盘
14:24:24	11.05	--	23	25415	卖盘
14:24:18	11.05	--	4	4420	卖盘
14:24:03	11.05	-0.01	45	49725	卖盘
14:23:51	11.06	-0.01	32	35392	卖盘
14:23:48	11.07	0.01	25	27675	买盘
14:23:45	11.06	--	40	44240	卖盘
14:23:42	11.06	--	3	3318	卖盘
14:23:39	11.06	--	20	22120	卖盘
14:23:30	11.06	--	65	71890	卖盘
14:23:15	11.06	0.01	381	421386	买盘
14:23:12	11.05	--	30	33150	卖盘
14:23:06	11.05	-0.01	26	28730	卖盘
14:23:00	11.06	0.01	10	11060	买盘
14:22:39	11.05	0.01	52	57460	买盘
14:22:24	11.04	--	6	6623	卖盘
14:22:21	11.04	--	59	65688	买盘
14:22:18	11.04	-0.01	290	320712	卖盘
14:22:15	11.05	0.01	76	83980	买盘
14:22:09	11.04	-0.01	240	264960	卖盘
14:22:06	11.05	0.01	4	4420	买盘
14:21:57	11.04	--	4	4416	卖盘
14:21:54	11.04	--	8	8832	卖盘
14:21:45	11.04	--	42	46920	买盘
14:21:36	11.04	--	50	55199	买盘
14:21:33	11.04	-0.01	605	668472	卖盘
14:21:24	11.05	--	17	18785	卖盘
14:21:21	11.05	-0.01	9	9945	卖盘
14:21:15	11.06	0.01	8	8848	买盘
14:20:51	11.05	--	20	22100	买盘
14:20:48	11.05	--	100	110500	买盘
14:20:42	11.05	-0.01	160	176800	卖盘
14:20:39	11.06	--	71	78526	卖盘
14:20:33	11.06	--	8	8848	卖盘
14:20:30	11.06	--	15	16590	卖盘
14:20:27	11.06	-0.01	138	152628	卖盘
14:20:24	11.07	0.01	5	5535	买盘
14:20:18	11.06	--	8	8848	卖盘
14:20:15	11.06	--	9	9954	卖盘
14:20:12	11.06	--	20	22120	卖盘
14:20:06	11.06	--	3	3318	卖盘
14:19:57	11.06	--	30	33180	卖盘
14:19:54	11.06	--	15	16590	卖盘
14:19:48	11.06	--	4	4424	买盘
14:19:36	11.06	--	65	71890	买盘
14:19:33	11.06	0.01	10	11060	买盘
14:19:27	11.05	-0.01	3	3315	卖盘
14:19:24	11.06	0.01	6	6636	买盘
14:19:15	11.05	--	30	33150	卖盘
14:19:06	11.05	--	35	38675	买盘
14:18:57	11.05	--	27	29835	卖盘
14:18:39	11.05	--	15	16575	买盘
14:18:36	11.05	0.01	25	27625	中性盘
14:18:24	11.04	-0.02	270	298080	卖盘
14:18:21	11.06	0.01	2	2212	买盘
14:18:18	11.05	0.01	9	9945	买盘
14:18:09	11.04	-0.02	1	1104	卖盘
14:17:51	11.06	0.01	30	33180	买盘
14:17:48	11.05	-0.01	1	1105	中性盘
14:17:45	11.06	--	299	330694	买盘
14:17:33	11.06	0.01	53	58618	买盘
14:17:30	11.05	0.01	132	145860	卖盘
14:17:12	11.04	--	4	4416	卖盘
14:16:51	11.04	-0.02	363	400751	卖盘
14:16:42	11.06	--	67	74102	卖盘
14:16:39	11.06	--	59	65254	卖盘
14:16:36	11.06	--	15	16590	卖盘
14:16:24	11.06	--	107	118342	卖盘
14:16:15	11.06	--	100	110600	卖盘
14:16:06	11.06	0.01	60	66360	买盘
14:15:57	11.05	--	134	148070	卖盘
14:15:48	11.05	-0.01	31	34255	卖盘
14:15:45	11.06	--	66	72996	卖盘
14:15:42	11.06	-0.01	40	44240	卖盘
14:15:36	11.07	0.01	100	110700	买盘
14:15:30	11.06	-0.01	2	2212	卖盘
14:15:18	11.07	--	10	11070	买盘
14:15:12	11.07	--	4	4428	买盘
14:15:09	11.07	--	86	95202	卖盘
14:15:06	11.07	--	54	59778	卖盘
14:15:03	11.07	--	2	2214	卖盘
14:14:57	11.07	--	46	50922	卖盘
14:14:48	11.07	--	24	26568	卖盘
14:14:39	11.07	--	8	8856	卖盘
14:14:36	11.07	--	10	11070	卖盘
14:14:15	11.07	-0.01	50	55350	卖盘
14:14:12	11.08	0.01	20	22160	买盘
14:13:51	11.07	-0.01	6	6642	卖盘
14:13:48	11.08	--	5	5540	买盘
14:13:45	11.08	--	43	47644	买盘
14:13:12	11.08	--	2	2216	买盘
14:13:09	11.08	0.01	23	25484	买盘
14:13:06	11.07	--	19	21033	卖盘
14:12:33	11.07	--	26	28782	卖盘
14:12:30	11.07	--	10	11070	卖盘
14:12:27	11.07	--	10	11070	卖盘
14:12:18	11.07	--	191	211437	买盘
14:12:15	11.07	--	29	32103	买盘
14:12:12	11.07	0.01	26	28782	买盘
14:12:09	11.06	-0.01	126	139356	卖盘
14:12:06	11.07	--	42	46494	买盘
14:12:03	11.07	--	21	23247	买盘
14:12:00	11.07	0.01	28	30996	买盘
14:11:54	11.06	--	78	86268	卖盘
14:11:51	11.06	-0.01	60	66360	卖盘
14:11:45	11.07	--	77	85239	买盘
14:11:42	11.07	--	27	29889	买盘
14:11:30	11.07	--	23	25461	买盘
14:11:24	11.07	--	5	5535	买盘
14:11:18	11.07	--	26	28782	买盘
14:11:12	11.07	--	5	5535	买盘
14:11:09	11.07	--	33	36531	买盘
14:10:51	11.07	--	152	168264	卖盘
14:10:39	11.07	--	3	3321	卖盘
14:10:21	11.07	--	30	33210	卖盘
14:10:15	11.07	--	20	22140	卖盘
14:10:12	11.07	--	26	28782	卖盘
14:09:57	11.07	--	60	66420	卖盘
14:09:51	11.07	--	4	4428	卖盘
14:09:45	11.07	--	2	2214	卖盘
14:09:39	11.07	--	25	27675	卖盘
14:09:36	11.07	--	5	5535	卖盘
14:09:24	11.07	-0.02	27	29889	卖盘
14:09:21	11.09	0.01	21	23289	买盘
14:09:18	11.08	-0.01	29	32132	卖盘
14:09:09	11.09	--	2	2218	买盘
14:09:03	11.09	0.01	81	89829	买盘
14:08:57	11.08	--	20	22160	卖盘
14:08:36	11.08	-0.01	4	4432	中性盘
14:08:30	11.09	0.03	27	29943	买盘
14:08:24	11.06	-0.01	119	131614	卖盘
14:08:18	11.07	-0.01	88	97416	卖盘
14:08:12	11.08	--	89	98612	卖盘
14:08:00	11.08	--	29	32132	卖盘
14:07:48	11.08	-0.01	4	4432	卖盘
14:07:33	11.09	--	20	22180	卖盘
14:07:21	11.09	-0.01	30	33270	中性盘
14:07:18	11.1	0.01	50	55500	买盘
14:07:15	11.09	--	8	8872	卖盘
14:07:09	11.09	--	18	19962	中性盘
14:07:03	11.09	--	21	23289	买盘
14:07:00	11.09	0.01	1	1109	买盘
14:06:57	11.08	--	20	22160	卖盘
14:06:48	11.08	-0.02	3	3324	卖盘
14:06:36	11.1	0.02	8	8880	买盘
14:06:33	11.08	-0.01	35	38780	卖盘
14:06:21	11.09	--	0	554	卖盘
14:06:15	11.09	-0.01	8	8872	卖盘
14:06:09	11.1	0.01	1	1110	买盘
14:06:00	11.09	--	27	29943	买盘
14:05:48	11.09	--	65	72085	卖盘
14:05:42	11.09	--	2	2218	买盘
14:05:39	11.09	--	2	2218	买盘
14:05:36	11.09	--	38	42142	买盘
14:05:33	11.09	--	85	94265	买盘
14:05:30	11.09	--	23	25507	买盘
14:05:27	11.09	0.01	87	96483	买盘
14:05:24	11.08	-0.01	41	45428	卖盘
14:05:21	11.09	--	21	23289	买盘
14:05:18	11.09	0.01	65	72085	买盘
14:05:15	11.08	-0.01	74	81992	卖盘
14:05:12	11.09	0.01	7	7763	买盘
14:05:09	11.08	-0.01	3	3324	卖盘
14:04:45	11.09	--	28	31052	买盘
14:04:42	11.09	--	2	2218	买盘
14:04:39	11.09	--	11	12199	买盘
14:04:36	11.09	--	5	5545	买盘
14:03:54	11.09	--	47	52123	卖盘
14:03:51	11.09	--	200	221800	卖盘
14:03:48	11.09	--	88	97592	卖盘
14:03:36	11.09	--	16	17744	卖盘
14:03:33	11.09	--	11	12199	卖盘
14:03:30	11.09	--	8	8872	卖盘
14:03:18	11.09	--	10	11090	卖盘
14:03:12	11.09	-0.01	5	5545	卖盘
14:02:54	11.1	0.01	28	31080	买盘
14:02:51	11.09	-0.01	23	25507	卖盘
14:02:45	11.1	0.01	23	25530	买盘
14:02:33	11.09	-0.01	20	22180	卖盘
14:02:27	11.1	--	5	5550	买盘
14:02:21	11.1	--	10	11100	买盘
14:02:18	11.1	--	38	42180	买盘
14:02:15	11.1	--	40	44400	买盘
14:02:12	11.1	--	27	29970	买盘
14:02:09	11.1	--	33	36630	买盘
14:01:48	11.1	--	8	8880	买盘
14:01:45	11.1	--	6	6660	买盘
14:01:42	11.1	--	159	176490	买盘
14:01:36	11.1	0.01	4	4440	买盘
14:01:33	11.09	-0.01	23	25507	卖盘
14:01:27	11.1	--	6	6660	买盘
14:01:21	11.1	--	10	11100	买盘
14:01:12	11.1	0.01	36	39960	买盘
14:01:00	11.09	-0.01	65	72085	卖盘
14:00:57	11.1	0.01	23	25530	买盘
14:00:51	11.09	-0.01	10	11090	卖盘
14:00:48	11.1	--	14	15540	买盘
14:00:45	11.1	--	33	36630	买盘
14:00:39	11.1	--	43	47730	买盘
14:00:36	11.1	--	28	31080	买盘
14:00:30	11.1	--	58	64380	买盘
14:00:27	11.1	--	16	17760	买盘
14:00:06	11.1	--	37	41070	买盘
13:59:54	11.1	--	171	189810	买盘
13:59:51	11.1	--	295	327450	卖盘
13:59:45	11.1	--	121	134310	买盘
13:59:42	11.1	--	38	42180	买盘
13:59:39	11.1	--	5	5550	买盘
13:59:36	11.1	--	4	4440	买盘
13:59:33	11.1	--	270	299700	买盘
13:59:27	11.1	--	2	2220	买盘
13:59:24	11.1	--	21	23310	买盘
13:59:21	11.1	--	10	11100	买盘
13:59:15	11.1	0.01	17	18870	买盘
13:59:00	11.09	0.01	446	494614	买盘
13:58:57	11.08	--	10	11080	买盘
13:58:51	11.08	--	5	5540	买盘
13:58:48	11.08	--	55	60940	买盘
13:58:42	11.08	--	66	73128	买盘
13:58:36	11.08	--	58	64264	卖盘
13:58:27	11.08	--	20	22160	卖盘
13:58:15	11.08	--	179	198332	买盘
13:58:12	11.08	--	10	11080	买盘
13:58:09	11.08	--	29	32132	买盘
13:58:03	11.08	--	113	125204	买盘
13:57:48	11.08	0.01	73	80884	买盘
13:57:27	11.07	--	163	180441	卖盘
13:57:18	11.07	--	9	9963	卖盘
13:57:09	11.07	--	5	5535	卖盘
13:56:51	11.07	--	100	110700	卖盘
13:56:45	11.07	0.01	18	19926	买盘
13:56:42	11.06	-0.01	4	5319	卖盘
13:56:33	11.07	0.01	50	55350	买盘
13:56:30	11.06	-0.01	108	119448	卖盘
13:56:27	11.07	0.01	4	4428	买盘
13:56:18	11.06	--	80	88480	卖盘
13:56:09	11.06	-0.01	10	11060	卖盘
13:55:48	11.07	--	16	17922	卖盘
13:55:45	11.07	--	3	3321	卖盘
13:55:42	11.07	--	17	19715	买盘
13:55:39	11.07	-0.01	32	35634	卖盘
13:55:30	11.08	--	10	11080	买盘
13:55:27	11.08	--	8	8864	买盘
13:55:12	11.08	--	1	1108	买盘
13:55:09	11.08	0.01	51	56508	买盘
13:55:00	11.07	--	10	11070	卖盘
13:54:54	11.07	-0.01	10	11070	卖盘
13:54:45	11.08	--	3	3324	买盘
13:54:09	11.08	0.01	91	100828	买盘
13:53:57	11.07	--	2	2214	卖盘
13:53:54	11.07	-0.01	7	8302	卖盘
13:53:45	11.08	0.01	1	1108	买盘
13:53:42	11.07	--	12	13284	卖盘
13:53:39	11.07	--	4	4428	卖盘
13:53:33	11.07	--	2	2214	卖盘
13:53:21	11.07	--	9	9963	卖盘
13:53:00	11.07	--	10	11070	卖盘
13:52:51	11.07	--	1	1107	卖盘
13:52:36	11.07	--	10	11070	卖盘
13:52:24	11.07	--	1	1107	卖盘
13:52:18	11.07	0.01	13	14734	买盘
13:52:15	11.06	-0.01	12	13272	卖盘
13:52:12	11.07	0.01	80	88560	买盘
13:52:09	11.06	-0.01	250	276500	卖盘
13:52:03	11.07	--	132	146124	买盘
13:52:00	11.07	--	1	1107	买盘
13:51:57	11.07	--	16	17712	买盘
13:51:48	11.07	0.01	5	5535	买盘
13:51:27	11.06	--	239	264334	买盘
13:51:21	11.06	--	36	39816	买盘
13:51:18	11.06	-0.01	296	327376	卖盘
13:51:12	11.07	0.01	92	101844	买盘
13:51:09	11.06	--	2	2212	卖盘
13:50:57	11.06	-0.01	17	18802	卖盘
13:50:54	11.07	0.01	28	30996	买盘
13:50:45	11.06	-0.01	30	33180	卖盘
13:50:36	11.07	--	9	9963	买盘
13:50:12	11.07	--	28	30996	买盘
13:50:06	11.07	--	23	25461	买盘
13:49:57	11.07	0.01	28	30996	买盘
13:49:42	11.06	-0.01	2	2212	中性盘
13:49:33	11.07	0.02	117	129519	买盘
13:49:27	11.05	--	52	57460	卖盘
13:49:24	11.05	-0.01	20	22100	卖盘
13:49:21	11.06	0.01	65	71890	买盘
13:49:09	11.05	--	15	16575	卖盘
13:49:00	11.05	--	12	13260	卖盘
13:48:54	11.05	-0.01	10	11050	卖盘
13:48:51	11.06	--	20	22120	买盘
13:48:21	11.06	0.01	5	5530	买盘
13:48:15	11.05	0.01	4	4420	买盘
13:48:12	11.04	-0.02	190	209759	卖盘
13:48:09	11.06	--	54	59724	买盘
13:48:03	11.06	0.01	5	5530	买盘
13:47:54	11.05	--	1	1105	卖盘
13:47:45	11.05	--	3	3315	买盘
13:47:42	11.05	--	5	5525	卖盘
13:47:36	11.05	-0.01	14	15470	卖盘
13:47:24	11.06	--	22	24332	买盘
13:47:21	11.06	0.01	4	4424	买盘
13:47:18	11.05	--	12	13260	卖盘
13:47:03	11.05	-0.01	13	14365	卖盘
13:46:54	11.06	0.01	31	34286	买盘
13:46:42	11.05	--	197	217685	买盘
13:46:36	11.05	0.01	53	58565	买盘
13:46:33	11.04	-0.01	40	44160	卖盘
13:46:21	11.05	0.01	23	25415	买盘
13:46:18	11.04	-0.01	186	205343	卖盘
13:46:15	11.05	0.01	179	197795	买盘
13:46:09	11.04	-0.01	304	335616	卖盘
13:46:06	11.05	0.01	11	12155	中性盘
13:45:48	11.04	--	34	37536	卖盘
13:45:42	11.04	-0.01	23	25391	卖盘
13:45:39	11.05	0.02	53	58565	买盘
13:45:24	11.03	-0.01	173	190819	卖盘
13:45:21	11.04	--	475	524400	买盘
13:45:18	11.04	--	17	18768	卖盘
13:45:12	11.04	--	103	113711	买盘
13:45:09	11.04	0.01	4	4416	买盘
13:45:06	11.03	--	100	110300	卖盘
13:45:00	11.03	--	7	7721	卖盘
13:44:57	11.03	-0.01	6	6618	卖盘
13:44:54	11.04	--	286	315744	买盘
13:44:51	11.04	--	1	1104	买盘
13:44:48	11.04	--	58	64031	买盘
13:44:45	11.04	--	5	5520	买盘
13:44:42	11.04	--	143	157872	买盘
13:44:36	11.04	0.01	42	46368	买盘
13:44:33	11.03	--	18	19854	卖盘
13:44:30	11.03	-0.01	40	44120	卖盘
13:44:24	11.04	0.01	25	27599	买盘
13:44:21	11.03	-0.01	233	256998	卖盘
13:44:15	11.04	--	112	123647	买盘
13:44:12	11.04	0.01	27	29807	买盘
13:44:09	11.03	--	2	2206	卖盘
13:44:03	11.03	-0.01	40	44120	卖盘
13:44:00	11.04	0.01	10	11040	买盘
13:43:48	11.03	-0.01	55	60665	中性盘
13:43:42	11.04	--	10	11040	买盘
13:43:36	11.04	--	212	234047	买盘
13:43:33	11.04	--	11	12143	买盘
13:43:27	11.04	0.01	37	40848	买盘
13:43:21	11.03	-0.01	114	125741	卖盘
13:43:18	11.04	0.01	6	6623	中性盘
13:43:06	11.03	-0.01	1181	1302643	卖盘
13:43:03	11.04	-0.01	100	110399	卖盘
13:43:00	11.05	0.01	59	65195	买盘
13:42:57	11.04	-0.01	30	33120	卖盘
13:42:54	11.05	--	17	18785	买盘
13:42:48	11.05	0.01	10	11050	买盘
13:42:45	11.04	--	110	121439	卖盘
13:42:39	11.04	-0.01	50	55199	卖盘
13:42:30	11.05	--	2	2210	买盘
13:42:27	11.05	--	183	202767	卖盘
13:42:24	11.05	-0.01	16	17680	卖盘
13:42:21	11.06	0.01	19	21014	买盘
13:42:18	11.05	--	49	54145	卖盘
13:42:15	11.05	--	200	221000	卖盘
13:42:12	11.05	--	12	13260	卖盘
13:42:06	11.05	-0.01	3	3315	卖盘
13:42:03	11.06	0.01	106	117236	买盘
13:41:57	11.05	-0.01	17	18785	卖盘
13:41:54	11.06	0.01	70	77420	买盘
13:41:51	11.05	-0.01	107	118235	卖盘
13:41:36	11.06	0.01	10	11060	买盘
13:41:33	11.05	-0.01	7	7735	卖盘
13:41:24	11.06	--	25	27650	买盘
13:41:18	11.06	--	204	225624	卖盘
13:41:15	11.06	--	9	9954	卖盘
13:41:12	11.06	--	30	33180	卖盘
13:41:00	11.06	-0.01	22	24332	卖盘
13:40:48	11.07	--	24	26568	买盘
13:40:27	11.07	--	25	27675	买盘
13:39:57	11.07	--	25	27675	买盘
13:39:39	11.07	--	200	221400	买盘
13:39:30	11.07	--	23	25461	买盘
13:39:21	11.07	0.01	24	26568	买盘
13:39:15	11.06	--	8	8848	卖盘
13:39:06	11.06	--	2	2212	买盘
13:39:03	11.06	0.01	10	11060	买盘
13:39:00	11.05	-0.02	14	15470	卖盘
13:38:51	11.07	0.01	25	27675	买盘
13:38:45	11.06	--	7	7742	卖盘
13:38:30	11.06	--	17	18802	卖盘
13:38:27	11.06	--	1	1106	卖盘
13:38:24	11.06	0.01	2	2212	买盘
13:38:21	11.05	-0.01	113	124865	卖盘
13:38:18	11.06	--	66	72996	买盘
13:38:12	11.06	--	6	6636	买盘
13:37:51	11.06	--	129	142674	买盘
13:37:45	11.06	--	1	1106	买盘
13:37:36	11.06	--	3	3318	买盘
13:37:33	11.06	--	130	143780	买盘
13:37:30	11.06	--	143	158158	买盘
13:37:27	11.06	--	27	29862	买盘
13:37:18	11.06	--	30	33180	买盘
13:37:15	11.06	--	10	11060	买盘
13:37:09	11.06	0.01	9	9954	买盘
13:36:57	11.05	-0.01	30	33150	卖盘
13:36:54	11.06	--	24	26544	买盘
13:36:45	11.06	0.01	56	61936	买盘
13:36:33	11.05	-0.01	100	110500	卖盘
13:36:21	11.06	0.01	25	27650	买盘
13:36:06	11.05	-0.01	216	238680	卖盘
13:35:54	11.06	0.01	25	27650	买盘
13:35:48	11.05	--	40	44200	卖盘
13:35:33	11.05	-0.01	15	16575	卖盘
13:35:30	11.06	--	2	2212	卖盘
13:35:27	11.06	--	2	2212	买盘
13:35:21	11.06	--	255	282583	买盘
13:35:12	11.06	0.01	102	112812	买盘
13:35:09	11.05	-0.02	10	11050	卖盘
13:34:51	11.07	0.01	25	27675	买盘
13:34:48	11.06	--	59	66017	卖盘
13:34:42	11.06	--	454	503064	卖盘
13:34:39	11.06	--	10	11060	卖盘
13:34:36	11.06	--	4	4424	卖盘
13:34:33	11.06	--	1	1106	卖盘
13:34:30	11.06	--	5	5530	卖盘
13:34:24	11.06	-0.01	37	40922	卖盘
13:34:21	11.07	0.01	62	68755	买盘
13:34:18	11.06	--	64	70784	卖盘
13:34:15	11.06	--	10	11060	卖盘
13:34:12	11.06	--	131	144886	卖盘
13:34:06	11.06	--	65	71890	卖盘
13:33:54	11.06	-0.01	260	287560	卖盘
13:33:51	11.07	0.01	25	27675	买盘
13:33:48	11.06	--	28	30968	卖盘
13:33:39	11.06	-0.01	4	4424	卖盘
13:33:30	11.07	0.01	19	21033	买盘
13:33:24	11.06	--	10	11060	卖盘
13:33:21	11.06	--	75	82950	卖盘
13:33:15	11.06	--	37	40922	卖盘
13:33:09	11.06	-0.01	3	3318	卖盘
13:33:06	11.07	--	20	22140	买盘
13:33:00	11.07	0.01	10	11070	买盘
13:32:57	11.06	--	7	7742	卖盘
13:32:54	11.06	--	3	3318	卖盘
13:32:51	11.06	-0.01	50	55300	卖盘
13:32:48	11.07	0.01	33	36531	买盘
13:32:42	11.06	-0.01	6	6636	卖盘
13:32:36	11.07	0.01	40	44280	买盘
13:32:30	11.06	--	30	33180	卖盘
13:32:27	11.06	-0.01	30	33180	卖盘
13:32:18	11.07	0.01	6	6642	买盘
13:31:57	11.06	-0.01	15	16590	卖盘
13:31:54	11.07	--	55	60885	卖盘
13:31:51	11.07	--	10	11070	卖盘
13:31:33	11.07	0.01	51	56457	买盘
13:31:30	11.06	-0.01	23	25438	卖盘
13:31:18	11.07	--	12	13284	买盘
13:31:15	11.07	--	1	1107	买盘
13:30:48	11.07	--	42	46494	买盘
13:30:45	11.07	--	48	53136	买盘
13:30:42	11.07	--	20	22140	买盘
13:30:33	11.07	--	60	66420	买盘
13:30:15	11.07	0.01	20	22140	买盘
13:30:06	11.06	-0.01	50	55300	卖盘
13:30:03	11.07	--	11	12177	买盘
13:29:48	11.07	--	19	21033	买盘
13:29:42	11.07	0.01	20	22140	买盘
13:29:18	11.06	-0.01	100	110600	卖盘
13:29:06	11.07	--	2	2214	买盘
13:28:57	11.07	--	41	45387	买盘
13:28:51	11.07	0.01	100	110700	买盘
13:28:45	11.06	-0.01	4	4424	卖盘
13:28:42	11.07	0.01	2	2214	买盘
13:28:39	11.06	-0.01	9	9954	卖盘
13:28:30	11.07	0.01	10	11070	买盘
13:28:24	11.06	-0.01	10	11060	卖盘
13:28:15	11.07	0.01	2	2214	买盘
13:28:06	11.06	-0.01	99	109494	卖盘
13:27:57	11.07	0.01	1	1107	买盘
13:27:51	11.06	--	10	11060	卖盘
13:27:42	11.06	-0.01	20	22120	卖盘
13:27:33	11.07	0.01	18	19926	买盘
13:27:30	11.06	--	9	9954	卖盘
13:27:24	11.06	--	500	553000	卖盘
13:27:12	11.06	-0.01	20	22120	卖盘
13:27:09	11.07	--	10	11070	买盘
13:26:57	11.07	--	11	12177	卖盘
13:26:54	11.07	--	20	22140	卖盘
13:26:51	11.07	--	95	105165	卖盘
13:26:30	11.07	0.01	34	37638	买盘
13:26:27	11.06	--	200	221200	卖盘
13:26:18	11.06	-0.01	56	61936	卖盘
13:26:15	11.07	--	10	11070	买盘
13:26:06	11.07	--	2	2214	买盘
13:25:57	11.07	0.01	2	2214	买盘
13:25:54	11.06	--	29	32074	卖盘
13:25:30	11.06	0.01	19	21401	买盘
13:25:27	11.05	-0.01	12	13260	卖盘
13:25:18	11.06	--	18	20626	卖盘
13:25:03	11.06	-0.01	10	11060	卖盘
13:24:57	11.07	0.01	3	3321	买盘
13:24:39	11.06	--	18	20295	买盘
13:24:30	11.06	--	5	6248	卖盘
13:24:15	11.06	0.01	43	47945	买盘
13:24:12	11.05	-0.01	14	15470	卖盘
13:24:09	11.06	--	32	35392	买盘
13:24:06	11.06	0.01	20	22120	买盘
13:23:57	11.05	-0.01	11	12155	卖盘
13:23:48	11.06	--	10	11060	买盘
13:23:42	11.06	0.01	72	79632	买盘
13:23:39	11.05	-0.01	229	253045	卖盘
13:23:36	11.06	--	114	126802	卖盘
13:23:27	11.06	--	4	4424	卖盘
13:23:21	11.06	--	15	16590	卖盘
13:23:18	11.06	-0.01	3	3318	卖盘
13:23:12	11.07	0.01	9	9963	买盘
13:23:03	11.06	--	60	66360	卖盘
13:23:00	11.06	--	22	24332	卖盘
13:22:57	11.06	--	20	22120	卖盘
13:22:48	11.06	--	20	22120	卖盘
13:22:36	11.06	-0.01	600	663600	卖盘
13:22:21	11.07	--	23	25461	卖盘
13:22:18	11.07	--	4	4428	卖盘
13:22:15	11.07	--	17	18819	卖盘
13:22:09	11.07	--	8	8856	卖盘
13:22:03	11.07	--	3	3321	卖盘
13:21:57	11.07	-0.01	10	11070	卖盘
13:21:54	11.08	0.01	2	2216	买盘
13:21:51	11.07	--	20	22140	卖盘
13:21:48	11.07	--	23	25461	卖盘
13:21:45	11.07	--	30	33210	卖盘
13:21:42	11.07	--	6	6642	卖盘
13:21:33	11.07	--	1	1107	卖盘
13:21:27	11.07	-0.01	1	1107	卖盘
13:21:12	11.08	--	377	418270	卖盘
13:21:06	11.08	--	1	1108	卖盘
13:21:03	11.08	--	127	140716	卖盘
13:21:00	11.08	-0.01	30	33240	卖盘
13:20:48	11.09	--	6	6654	买盘
13:20:33	11.09	0.01	5	5545	买盘
13:20:24	11.08	-0.01	28	31024	卖盘
13:20:09	11.09	0.01	74	82066	买盘
13:20:06	11.08	--	9	10526	卖盘
13:20:03	11.08	-0.01	101	111908	卖盘
13:19:54	11.09	0.01	8	8872	买盘
13:19:42	11.08	-0.01	5	5540	卖盘
13:19:27	11.09	--	3	3327	买盘
13:19:24	11.09	--	25	27725	买盘
13:19:06	11.09	0.01	1	1109	买盘
13:18:57	11.08	-0.01	3	3324	卖盘
13:18:51	11.09	--	24	26616	买盘
13:18:42	11.09	--	1	1109	买盘
13:18:39	11.09	--	20	22180	买盘
13:18:30	11.09	-0.01	52	57668	卖盘
13:18:15	11.1	0.01	25	27750	买盘
13:18:12	11.09	--	16	17744	卖盘
13:18:09	11.09	--	25	27725	卖盘
13:18:00	11.09	-0.01	71	78739	卖盘
13:17:57	11.1	--	5	5550	买盘
13:17:54	11.1	--	24	26640	买盘
13:17:33	11.1	--	10	11100	买盘
13:17:30	11.1	--	18	19980	买盘
13:17:24	11.1	--	25	27750	买盘
13:17:06	11.1	--	10	11100	买盘
13:16:57	11.1	--	25	27750	买盘
13:16:36	11.1	0.01	22	24420	买盘
13:16:33	11.09	--	10	11090	卖盘
13:16:21	11.09	0.01	63	69867	中性盘
13:15:57	11.08	-0.01	94	104152	卖盘
13:15:54	11.09	--	15	16635	买盘
13:15:48	11.09	0.01	25	27725	买盘
13:15:42	11.08	-0.01	5	5540	卖盘
13:15:30	11.09	0.01	48	53232	买盘
13:15:27	11.08	-0.01	2	2216	卖盘
13:15:24	11.09	--	100	110900	买盘
13:15:15	11.09	--	25	27725	买盘
13:15:09	11.09	--	11	12199	买盘
13:14:54	11.09	0.01	4	4436	买盘
13:14:51	11.08	-0.01	3	3324	卖盘
13:14:48	11.09	0.01	24	26616	买盘
13:14:30	11.08	-0.01	422	467576	卖盘
13:14:27	11.09	--	10	11090	买盘
13:14:18	11.09	0.01	102	113118	买盘
13:14:12	11.08	-0.01	2	2216	卖盘
13:14:06	11.09	--	2	2218	买盘
13:13:57	11.09	--	310	343790	卖盘
13:13:54	11.09	--	30	33270	卖盘
13:13:48	11.09	--	6	6654	卖盘
13:13:36	11.09	--	4	4436	卖盘
13:13:27	11.09	--	4	4436	卖盘
13:13:21	11.09	-0.01	7	7763	卖盘
13:13:15	11.1	0.01	24	26640	买盘
13:13:09	11.09	-0.01	9	9981	卖盘
13:12:54	11.1	--	25	27750	买盘
13:12:33	11.1	--	10	11100	买盘
13:12:27	11.1	--	34	37906	卖盘
13:12:24	11.1	-0.01	10	11100	卖盘
13:12:21	11.11	0.01	24	26664	买盘
13:12:15	11.1	--	7	7770	卖盘
13:12:06	11.1	--	12	13320	卖盘
13:12:03	11.1	--	76	85303	买盘
13:11:51	11.1	--	25	27750	买盘
13:11:48	11.1	0.01	77	85470	买盘
13:11:45	11.09	-0.01	1	1109	卖盘
13:11:39	11.1	0.01	10	11100	买盘
13:11:36	11.09	-0.01	3	3327	卖盘
13:11:27	11.1	--	5	5550	买盘
13:11:18	11.1	--	25	27750	买盘
13:11:06	11.1	0.01	1	1110	买盘
13:11:03	11.09	--	10	11090	卖盘
13:10:48	11.09	-0.01	34	37706	中性盘
13:10:21	11.1	0.01	25	27750	买盘
13:10:18	11.09	-0.01	4	4602	卖盘
13:10:12	11.1	0.01	120	133200	买盘
13:10:06	11.09	--	83	92047	卖盘
13:10:03	11.09	-0.01	10	11090	卖盘
13:09:57	11.1	0.01	25	27750	买盘
13:09:54	11.09	--	9	9981	卖盘
13:09:51	11.09	--	13	14417	卖盘
13:09:21	11.09	-0.01	120	133080	卖盘
13:09:18	11.1	0.01	1	1110	买盘
13:09:15	11.09	--	71	78739	卖盘
13:09:00	11.09	-0.01	26	28834	卖盘
13:08:57	11.1	--	25	27750	买盘
13:08:54	11.1	0.01	2	2220	买盘
13:08:51	11.09	--	1	1109	卖盘
13:08:48	11.09	--	3	3327	卖盘
13:08:33	11.09	-0.01	30	33270	卖盘
13:08:27	11.1	--	126	139860	买盘
13:08:21	11.1	0.01	24	26640	买盘
13:08:06	11.09	--	12	13308	卖盘
13:07:45	11.09	--	40	45302	买盘
13:07:39	11.09	--	200	221800	买盘
13:07:27	11.09	0.01	2	2218	买盘
13:07:24	11.08	--	164	181712	卖盘
13:07:21	11.08	--	51	56508	卖盘
13:07:15	11.08	--	20	22160	卖盘
13:07:12	11.08	--	17	18836	卖盘
13:07:06	11.08	--	80	88640	卖盘
13:06:51	11.08	--	110	121880	卖盘
13:06:45	11.08	-0.01	10	11080	卖盘
13:06:36	11.09	--	37	41033	卖盘
13:06:21	11.09	--	27	29943	卖盘
13:06:15	11.09	--	2	2218	卖盘
13:06:06	11.09	--	49	54341	买盘
13:05:45	11.09	--	57	63213	卖盘
13:05:36	11.09	--	5	5545	卖盘
13:05:27	11.09	--	12	13308	卖盘
13:05:18	11.09	--	147	163023	卖盘
13:05:15	11.09	0.01	5	5545	买盘
13:05:12	11.08	-0.01	130	144040	卖盘
13:04:57	11.09	--	105	116445	买盘
13:04:54	11.09	0.01	10	11090	买盘
13:04:51	11.08	-0.01	6	6648	卖盘
13:04:45	11.09	0.01	40	44360	买盘
13:04:42	11.08	--	1	1108	卖盘
13:04:27	11.08	-0.01	4	4432	卖盘
13:04:21	11.09	--	10	11090	买盘
13:04:15	11.09	--	41	45469	卖盘
13:04:09	11.09	--	16	17744	买盘
13:04:06	11.09	0.01	1	1109	买盘
13:04:00	11.08	-0.01	10	11080	卖盘
13:03:57	11.09	--	40	44360	买盘
13:03:48	11.09	0.01	62	68758	买盘
13:03:45	11.08	--	50	55400	卖盘
13:03:27	11.08	-0.01	23	25484	卖盘
13:03:15	11.09	--	10	11090	买盘
13:03:12	11.09	--	34	37706	买盘
13:03:09	11.09	--	50	55450	买盘
13:02:48	11.09	-0.01	127	140843	卖盘
13:02:30	11.1	0.01	5	5550	买盘
13:02:27	11.09	-0.01	1	1109	卖盘
13:02:15	11.1	--	27	29970	买盘
13:01:57	11.1	--	19	21090	卖盘
13:01:51	11.1	--	59	65490	卖盘
13:01:27	11.1	--	21	23310	卖盘
13:01:24	11.1	--	4	4440	卖盘
13:01:03	11.1	-0.01	1	1110	卖盘
13:01:00	11.11	--	5	5555	买盘
13:00:54	11.11	0.01	19	21109	买盘
13:00:42	11.1	0.01	22	24420	买盘
13:00:36	11.09	--	1	1109	卖盘
13:00:30	11.09	--	91	100919	卖盘
13:00:24	11.09	--	10	11090	卖盘
13:00:18	11.09	--	1	1109	卖盘
13:00:09	11.09	-0.01	181	200729	卖盘
13:00:06	11.1	0.01	230	255300	买盘
13:00:03	11.09	-0.01	462	512358	卖盘
13:00:00	11.1	--	0	0	买盘
11:30:00	11.1	--	0	0	买盘
11:29:51	11.1	--	9	9990	买盘
11:29:45	11.1	--	18	19980	买盘
11:29:24	11.1	0.01	10	11100	买盘
11:29:21	11.09	--	3	3327	卖盘
11:29:18	11.09	--	10	11090	卖盘
11:29:15	11.09	--	150	166350	卖盘
11:29:12	11.09	--	1	1109	卖盘
11:28:45	11.09	-0.01	10	11090	卖盘
11:28:36	11.1	0.01	21	23310	买盘
11:28:30	11.09	--	5	5545	卖盘
11:28:21	11.09	--	20	22180	卖盘
11:28:15	11.09	-0.01	5	5545	卖盘
11:28:12	11.1	--	6	6660	买盘
11:28:00	11.1	0.01	1	1110	买盘
11:27:57	11.09	-0.01	21	23289	卖盘
11:27:51	11.1	--	4	4440	买盘
11:27:45	11.1	--	51	56610	买盘
11:27:42	11.1	0.01	40	44400	买盘
11:27:39	11.09	-0.01	21	23289	卖盘
11:27:27	11.1	--	42	46620	买盘
11:27:18	11.1	--	100	111000	买盘
11:27:00	11.1	--	42	46620	买盘
11:26:51	11.1	--	1	1110	买盘
11:26:48	11.1	--	30	33300	买盘
11:26:33	11.1	0.01	20	22200	买盘
11:26:27	11.09	--	5	5545	卖盘
11:26:24	11.09	-0.01	2	2218	卖盘
11:26:18	11.1	0.01	2	2220	买盘
11:26:15	11.09	-0.01	19	21071	卖盘
11:26:12	11.1	0.01	5	5550	买盘
11:26:06	11.09	--	117	129753	卖盘
11:25:51	11.09	-0.01	39	43251	卖盘
11:25:42	11.1	0.01	8	8880	买盘
11:25:36	11.09	--	13	14417	卖盘
11:25:33	11.09	--	20	22180	卖盘
11:25:18	11.09	--	234	260060	买盘
11:25:12	11.09	--	30	33270	买盘
11:25:06	11.09	0.01	50	55450	买盘
11:25:00	11.08	-0.01	7	7756	卖盘
11:24:57	11.09	-0.01	3	3327	卖盘
11:24:54	11.1	0.01	35	38850	买盘
11:24:45	11.09	0.01	20	22180	买盘
11:24:36	11.08	-0.01	35	38780	卖盘
11:24:30	11.09	--	10	11090	买盘
11:24:27	11.09	0.01	50	55450	买盘
11:24:24	11.08	-0.01	2	2216	卖盘
11:24:21	11.09	--	100	110900	买盘
11:24:18	11.09	0.01	108	119772	买盘
11:24:15	11.08	--	61	67588	卖盘
11:24:12	11.08	-0.01	22	24376	卖盘
11:24:06	11.09	0.01	241	267269	买盘
11:23:51	11.08	-0.01	12	13296	卖盘
11:23:45	11.09	--	2	2218	买盘
11:23:39	11.09	--	3	3327	买盘
11:23:36	11.09	--	38	42142	买盘
11:23:30	11.09	--	55	60995	买盘
11:23:27	11.09	--	35	38815	买盘
11:23:21	11.09	0.01	5	5545	买盘
11:23:15	11.08	--	5	5540	卖盘
11:23:09	11.08	--	8	8864	卖盘
11:23:06	11.08	--	29	32132	买盘
11:22:57	11.08	0.01	40	44320	买盘
11:22:54	11.07	-0.01	65	71955	卖盘
11:22:48	11.08	--	20	22160	买盘
11:22:45	11.08	--	7	7756	买盘
11:22:36	11.08	--	10	11080	买盘
11:22:27	11.08	0.01	13	14404	买盘
11:22:24	11.07	-0.01	2	2214	卖盘
11:22:18	11.08	--	13	14404	买盘
11:22:15	11.08	--	4	4432	买盘
11:22:12	11.08	0.01	5	5540	买盘
11:22:09	11.07	--	2	2214	卖盘
11:22:06	11.07	--	20	22140	卖盘
11:21:54	11.07	--	10	11070	卖盘
11:21:51	11.07	--	101	111807	卖盘
11:21:24	11.07	--	2	2214	卖盘
11:21:21	11.07	--	6	6642	卖盘
11:21:15	11.07	--	8	8856	卖盘
11:21:12	11.07	--	21	23247	卖盘
11:21:00	11.07	0.01	63	69741	买盘
11:20:57	11.06	-0.01	10	11060	卖盘
11:20:48	11.07	--	10	11070	买盘
11:20:12	11.07	0.01	14	15498	买盘
11:19:54	11.06	0.01	28	31355	买盘
11:19:51	11.05	-0.01	1	1105	卖盘
11:19:39	11.06	0.01	2	2212	买盘
11:19:30	11.05	-0.01	48	53040	卖盘
11:19:03	11.06	--	70	77420	买盘
11:18:45	11.06	0.01	2	2212	买盘
11:18:39	11.05	-0.01	4	4420	卖盘
11:18:36	11.06	--	15	16590	买盘
11:18:24	11.06	0.01	13	14378	买盘
11:18:15	11.05	-0.01	1	1105	卖盘
11:18:09	11.06	0.01	1	1106	买盘
11:18:00	11.05	-0.01	178	196690	卖盘
11:17:54	11.06	--	117	129402	买盘
11:17:51	11.06	--	102	113530	卖盘
11:17:45	11.06	-0.01	5	5530	卖盘
11:17:36	11.07	0.01	5	5535	买盘
11:17:30	11.06	-0.01	40	44240	卖盘
11:17:21	11.07	--	5	5535	买盘
11:17:18	11.07	0.01	5	5535	买盘
11:17:06	11.06	-0.01	30	33180	卖盘
11:16:51	11.07	0.01	66	73062	买盘
11:16:42	11.06	--	4	4424	卖盘
11:16:33	11.06	--	3	3705	买盘
11:16:24	11.06	--	6	6636	买盘
11:16:21	11.06	--	100	110600	买盘
11:16:18	11.06	-0.01	29	32792	卖盘
11:16:15	11.07	--	6	6642	买盘
11:16:12	11.07	0.01	11	12177	买盘
11:16:03	11.06	--	42	46839	买盘
11:15:54	11.06	--	8	9566	卖盘
11:15:51	11.06	0.01	1	1493	买盘
11:15:48	11.05	--	8	8840	卖盘
11:15:36	11.05	--	79	87295	卖盘
11:15:18	11.05	-0.01	1	1105	卖盘
11:15:15	11.06	--	270	298620	买盘
11:15:09	11.06	0.01	370	409220	买盘
11:14:48	11.05	--	1	1105	卖盘
11:14:36	11.05	--	29	32045	卖盘
11:14:30	11.05	-0.01	10	11050	卖盘
11:14:27	11.06	0.01	6	6636	买盘
11:14:24	11.05	--	8	8840	卖盘
11:14:15	11.05	--	1	1105	卖盘
11:14:12	11.05	-0.01	4	4420	卖盘
11:13:57	11.06	--	6	6636	买盘
11:13:54	11.06	--	89	99152	卖盘
11:13:51	11.06	--	66	72996	卖盘
11:13:30	11.06	-0.01	50	55300	卖盘
11:13:09	11.07	--	6	6642	买盘
11:13:03	11.07	--	65	71955	买盘
11:12:51	11.07	0.01	10	11070	买盘
11:12:36	11.06	-0.01	2	2212	卖盘
11:12:30	11.07	--	15	16605	买盘
11:12:15	11.07	--	13	14391	买盘
11:12:06	11.07	--	33	36531	卖盘
11:11:57	11.07	-0.01	5	5535	中性盘
11:11:51	11.08	0.01	8	8864	买盘
11:11:48	11.07	--	12	13284	卖盘
11:11:45	11.07	--	62	68634	卖盘
11:11:42	11.07	--	2	2214	卖盘
11:11:30	11.07	-0.01	10	11070	卖盘
11:11:27	11.08	--	10	11080	买盘
11:11:24	11.08	0.01	202	223816	买盘
11:11:18	11.07	--	48	53136	卖盘
11:11:09	11.07	--	10	11070	卖盘
11:11:03	11.07	-0.01	200	221400	卖盘
11:10:51	11.08	0.01	13	14404	买盘
11:10:48	11.07	-0.01	1	1107	卖盘
11:10:24	11.08	--	5	5540	买盘
11:10:18	11.08	0.01	2	2216	买盘
11:10:12	11.07	-0.01	1	1107	卖盘
11:10:03	11.08	0.01	10	11080	买盘
11:10:00	11.07	-0.01	2	2214	卖盘
11:09:51	11.08	0.01	10	11080	买盘
11:09:48	11.07	-0.01	5	5535	卖盘
11:09:42	11.08	0.01	11	12188	买盘
11:09:39	11.07	-0.01	95	105165	卖盘
11:09:36	11.08	0.01	8	8864	中性盘
11:09:30	11.07	-0.02	28	30996	卖盘
11:09:27	11.09	--	8	8872	买盘
11:09:18	11.09	--	39	43251	买盘
11:09:12	11.09	0.02	5	5545	买盘
11:09:06	11.07	--	40	44280	卖盘
11:09:03	11.07	--	26	28782	卖盘
11:08:57	11.07	--	27	29999	卖盘
11:08:54	11.07	--	3	3321	卖盘
11:08:51	11.07	-0.02	48	53136	卖盘
11:08:48	11.09	0.01	100	110900	买盘
11:08:33	11.08	--	89	98612	买盘
11:08:30	11.08	--	11	12188	卖盘
11:08:24	11.08	0.01	8	8864	买盘
11:08:12	11.07	-0.01	38	42066	卖盘
11:08:09	11.08	--	10	11080	中性盘
11:08:06	11.08	0.01	21	23268	卖盘
11:08:03	11.07	--	27	29889	卖盘
11:08:00	11.07	--	24	26568	卖盘
11:07:51	11.07	--	125	138375	卖盘
11:07:48	11.07	-0.01	28	30996	卖盘
11:07:45	11.08	0.01	9	9972	买盘
11:07:39	11.07	--	27	29889	卖盘
11:07:36	11.07	-0.01	27	29889	卖盘
11:07:33	11.08	0.01	29	32132	买盘
11:07:30	11.07	--	26	28782	卖盘
11:07:27	11.07	--	80	88560	卖盘
11:07:24	11.07	-0.01	23	25461	卖盘
11:07:21	11.08	0.01	10	11080	买盘
11:07:15	11.07	-0.01	27	29889	卖盘
11:07:12	11.08	--	26	28808	买盘
11:07:09	11.08	--	20	22160	买盘
11:07:06	11.08	--	25	27700	买盘
11:07:03	11.08	--	24	27589	卖盘
11:07:00	11.08	-0.01	35	38780	卖盘
11:06:57	11.09	0.01	6	6654	买盘
11:06:51	11.08	--	57	63156	卖盘
11:06:48	11.08	-0.01	23	25484	卖盘
11:06:45	11.09	0.01	32	35488	买盘
11:06:36	11.08	0.01	117	129746	买盘
11:06:33	11.07	--	1	1107	卖盘
11:06:24	11.07	-0.01	28	30996	卖盘
11:06:18	11.08	--	10	11080	买盘
11:06:15	11.08	0.01	195	216060	买盘
11:06:12	11.07	-0.01	1	1107	卖盘
11:06:09	11.08	0.01	51	56508	买盘
11:06:06	11.07	--	51	56457	卖盘
11:06:03	11.07	--	65	71955	卖盘
11:06:00	11.07	--	1	1107	卖盘
11:05:57	11.07	--	48	53136	卖盘
11:05:54	11.07	-0.01	23	25461	卖盘
11:05:51	11.08	0.01	20	22160	买盘
11:05:45	11.07	--	48	53136	买盘
11:05:39	11.07	0.01	25	27675	买盘
11:05:33	11.06	--	10	11060	卖盘
11:05:24	11.06	--	16	18083	卖盘
11:05:18	11.06	--	17	18802	卖盘
11:05:15	11.06	-0.01	36	39816	卖盘
11:05:12	11.07	--	16	17712	买盘
11:05:09	11.07	0.01	23	25461	买盘
11:04:57	11.06	-0.01	4	4424	卖盘
11:04:54	11.07	0.01	21	23247	买盘
11:04:45	11.06	-0.01	10	11060	卖盘
11:04:33	11.07	0.01	25	27675	买盘
11:04:27	11.06	-0.01	40	44240	卖盘
11:04:21	11.07	0.01	10	11070	买盘
11:04:18	11.06	--	1	1106	卖盘
11:04:15	11.06	-0.01	150	165900	卖盘
11:04:12	11.07	0.01	35	38745	买盘
11:03:39	11.06	--	46	50876	卖盘
11:03:36	11.06	-0.01	13	14378	卖盘
11:03:33	11.07	--	30	33210	买盘
11:03:24	11.07	0.01	5	5535	买盘
11:03:18	11.06	-0.01	20	22120	卖盘
11:03:15	11.07	--	25	27675	买盘
11:03:09	11.07	--	45	49815	买盘
11:03:03	11.07	--	10	11070	买盘
11:02:48	11.07	0.01	10	11070	买盘
11:02:45	11.06	-0.01	50	55300	卖盘
11:02:33	11.07	--	65	71955	买盘
11:02:30	11.07	--	57	63099	买盘
11:02:24	11.07	0.01	10	11070	买盘
11:02:12	11.06	--	8	8848	买盘
11:02:09	11.06	--	1	1106	买盘
11:02:06	11.06	0.01	29	32074	买盘
11:01:57	11.05	-0.01	3	3315	卖盘
11:01:51	11.06	0.01	10	11060	买盘
11:01:39	11.05	-0.01	6	6630	卖盘
11:01:36	11.06	0.01	41	45346	买盘
11:01:18	11.05	--	14	15470	卖盘
11:01:12	11.05	-0.01	1	1105	卖盘
11:01:03	11.06	--	24	26544	买盘
11:01:00	11.06	0.01	9	9954	买盘
11:00:51	11.05	-0.02	6	6630	卖盘
11:00:30	11.07	0.01	25	27675	买盘
11:00:24	11.06	0.01	65	71890	中性盘
11:00:12	11.05	-0.01	200	221000	卖盘
11:00:09	11.06	--	14	15484	买盘
11:00:06	11.06	--	20	22120	买盘
11:00:03	11.06	--	2	2212	买盘
10:59:54	11.06	--	10	11060	买盘
10:59:48	11.06	--	104	115024	卖盘
10:59:39	11.06	--	30	33180	买盘
10:59:27	11.06	-0.01	12	13272	卖盘
10:59:24	11.07	0.01	20	22140	买盘
10:59:21	11.06	-0.01	106	117236	卖盘
10:59:12	11.07	--	35	38745	买盘
10:59:09	11.07	--	1	1107	买盘
10:59:03	11.07	--	25	27675	买盘
10:58:57	11.07	--	27	29889	买盘
10:58:36	11.07	-0.01	90	99630	卖盘
10:58:30	11.08	0.01	24	26592	买盘
10:58:24	11.07	--	10	11070	卖盘
10:58:18	11.07	--	60	66420	卖盘
10:58:09	11.07	-0.01	4	4428	卖盘
10:58:06	11.08	0.01	42	46536	买盘
10:57:57	11.07	--	50	55350	卖盘
10:57:51	11.07	--	300	332100	卖盘
10:57:45	11.07	-0.01	15	16605	卖盘
10:57:42	11.08	--	3	3324	买盘
10:57:33	11.08	--	25	27700	买盘
10:57:09	11.08	--	44	48752	买盘
10:57:06	11.08	--	20	22160	买盘
10:56:57	11.08	--	100	110800	买盘
10:56:54	11.08	--	13	14404	卖盘
10:56:51	11.08	-0.01	13	14404	中性盘
10:56:36	11.09	0.01	25	27725	买盘
10:56:33	11.08	--	20	22160	中性盘
10:56:24	11.08	--	1	1108	买盘
10:56:21	11.08	--	100	110800	买盘
10:56:12	11.08	--	13	14404	买盘
10:56:06	11.08	0.01	25	27700	买盘
10:55:57	11.07	--	2	2214	卖盘
10:55:51	11.07	-0.01	25	27675	卖盘
10:55:39	11.08	--	24	26592	买盘
10:55:36	11.08	0.01	3	3324	买盘
10:55:24	11.07	-0.01	5	5535	卖盘
10:55:06	11.08	0.01	25	27700	买盘
10:55:03	11.07	-0.01	5	5535	卖盘
10:54:48	11.08	--	5	5540	买盘
10:54:39	11.08	--	101	111908	买盘
10:54:30	11.08	0.02	24	26592	买盘
10:54:24	11.06	-0.02	70	77420	卖盘
10:54:21	11.08	--	4	4432	买盘
10:54:03	11.08	0.02	25	27700	买盘
10:54:00	11.06	-0.01	100	110600	卖盘
10:53:51	11.07	--	31	34317	买盘
10:53:45	11.07	--	5	5535	买盘
10:53:33	11.07	--	45	49815	买盘
10:53:27	11.07	--	13	14391	买盘
10:53:24	11.07	--	8	8856	买盘
10:53:03	11.07	--	10	11070	买盘
10:53:00	11.07	--	27	29889	买盘
10:52:51	11.07	--	87	96309	卖盘
10:52:45	11.07	-0.01	26	28782	卖盘
10:52:30	11.08	--	50	55400	买盘
10:52:24	11.08	0.01	7	7756	买盘
10:52:21	11.07	--	13	14391	卖盘
10:52:15	11.07	-0.01	61	67527	卖盘
10:52:12	11.08	--	2	2216	买盘
10:52:09	11.08	--	5	5540	买盘
10:51:45	11.08	--	36	39888	买盘
10:51:39	11.08	0.01	20	22160	买盘
10:51:33	11.07	0.01	2	2214	中性盘
10:51:21	11.06	-0.01	32	35392	卖盘
10:51:18	11.07	0.01	25	27675	买盘
10:51:15	11.06	-0.01	50	55300	卖盘
10:51:12	11.07	--	10	11070	买盘
10:51:09	11.07	--	4	4428	买盘
10:51:06	11.07	--	14	15498	买盘
10:51:03	11.07	--	21	23247	买盘
10:51:00	11.07	0.01	5	5535	买盘
10:50:57	11.06	-0.01	23	25438	卖盘
10:50:54	11.07	--	1	1107	买盘
10:50:51	11.07	-0.01	210	232470	卖盘
10:50:42	11.08	--	93	103044	买盘
10:50:39	11.08	--	15	16620	买盘
10:50:30	11.08	--	11	12188	买盘
10:50:27	11.08	--	44	48752	买盘
10:50:18	11.08	0.01	4	4432	买盘
10:50:15	11.07	--	25	27675	卖盘
10:50:00	11.07	--	1	1107	卖盘
10:49:51	11.07	--	34	37638	买盘
10:49:36	11.07	--	10	11070	买盘
10:49:06	11.07	--	1	1107	买盘
10:49:03	11.07	0.01	6	6642	买盘
10:49:00	11.06	--	5	5530	卖盘
10:48:51	11.06	-0.01	10	11060	卖盘
10:48:45	11.07	--	2	2214	买盘
10:48:42	11.07	--	1	1107	买盘
10:48:39	11.07	--	2	2214	买盘
10:48:36	11.07	0.01	2	2214	买盘
10:48:33	11.06	--	31	34286	买盘
10:48:12	11.06	--	10	11060	买盘
10:48:06	11.06	--	25	27650	买盘
10:48:00	11.06	--	20	22120	买盘
10:47:57	11.06	0.01	20	22120	买盘
10:47:54	11.05	--	1	1105	卖盘
10:47:45	11.05	--	1	1105	卖盘
10:47:42	11.05	-0.01	53	58565	卖盘
10:47:39	11.06	0.01	44	48664	买盘
10:47:30	11.05	--	42	46410	卖盘
10:47:24	11.05	-0.01	19	20995	卖盘
10:47:21	11.06	0.01	10	11060	买盘
10:47:15	11.05	--	30	33150	卖盘
10:47:09	11.05	--	6	6630	卖盘
10:46:54	11.05	-0.01	4	4420	卖盘
10:46:45	11.06	--	1	1106	买盘
10:46:39	11.06	--	8	8848	买盘
10:46:21	11.06	--	22	24332	卖盘
10:46:18	11.06	--	67	74102	卖盘
10:46:15	11.06	--	1	1106	卖盘
10:46:12	11.06	--	10	11060	卖盘
10:46:03	11.06	--	26	28756	卖盘
10:46:00	11.06	-0.01	58	64148	卖盘
10:45:39	11.07	--	22	24354	买盘
10:45:36	11.07	0.01	26	28782	买盘
10:45:33	11.06	--	5	5530	卖盘
10:45:30	11.06	--	18	19908	买盘
10:45:21	11.06	--	10	11060	买盘
10:45:15	11.06	0.01	50	55300	买盘
10:45:12	11.05	-0.01	9	9945	卖盘
10:45:09	11.06	0.01	45	49770	买盘
10:44:51	11.05	--	12	13260	卖盘
10:44:48	11.05	-0.01	20	22100	卖盘
10:44:33	11.06	0.01	76	84056	买盘
10:44:30	11.05	-0.01	100	110500	卖盘
10:44:24	11.06	0.01	106	117236	买盘
10:44:18	11.05	--	50	55250	卖盘
10:44:12	11.05	0.01	189	208845	买盘
10:44:03	11.04	-0.01	10	11040	卖盘
10:43:54	11.05	--	30	33150	买盘
10:43:45	11.05	--	2	2210	买盘
10:43:39	11.05	--	100	110500	买盘
10:43:33	11.05	0.01	5	5525	买盘
10:43:30	11.04	-0.01	147	162288	卖盘
10:43:24	11.05	--	11	12155	买盘
10:43:15	11.05	--	3	3315	买盘
10:43:12	11.05	0.01	24	26520	买盘
10:43:09	11.04	-0.01	400	441599	卖盘
10:43:06	11.05	--	46	50830	买盘
10:43:00	11.05	--	14	15470	买盘
10:42:57	11.05	--	20	22100	买盘
10:42:54	11.05	0.01	50	55250	买盘
10:42:51	11.04	--	402	443807	卖盘
10:42:48	11.04	-0.01	1	1104	卖盘
10:42:45	11.05	--	54	59670	买盘
10:42:36	11.05	--	10	11050	买盘
10:42:24	11.05	0.01	20	22100	买盘
10:42:18	11.04	-0.01	23	25391	卖盘
10:42:15	11.05	--	25	27625	买盘
10:42:09	11.05	0.01	10	11050	买盘
10:42:06	11.04	--	23	25391	卖盘
10:42:03	11.04	-0.01	56	61823	卖盘
10:42:00	11.05	0.01	6	6630	买盘
10:41:48	11.04	-0.01	11	12143	卖盘
10:41:45	11.05	0.02	24	26520	买盘
10:41:42	11.03	-0.01	315	347445	卖盘
10:41:39	11.04	0.01	39	43056	买盘
10:41:33	11.03	-0.01	5	5515	卖盘
10:41:27	11.04	--	10	11040	买盘
10:41:24	11.04	--	15	16560	买盘
10:41:18	11.04	--	25	27599	买盘
10:41:15	11.04	--	10	11040	买盘
10:41:12	11.04	0.01	1	1104	买盘
10:41:06	11.03	-0.01	15	16545	卖盘
10:41:03	11.04	--	15	16560	买盘
10:40:57	11.04	--	24	26495	买盘
10:40:54	11.04	--	5	5520	买盘
10:40:48	11.04	--	10	11040	买盘
10:40:45	11.04	--	27	29807	买盘
10:40:42	11.04	--	35	38640	买盘
10:40:39	11.04	--	9	9936	买盘
10:40:27	11.04	0.01	10	11040	买盘
10:40:18	11.03	-0.01	5	5515	卖盘
10:40:15	11.04	0.01	24	26495	买盘
10:40:09	11.03	--	50	55150	卖盘
10:40:03	11.03	--	41	45223	买盘
10:40:00	11.03	--	11	12133	买盘
10:39:57	11.03	--	9	9927	买盘
10:39:54	11.03	--	51	56253	卖盘
10:39:51	11.03	-0.01	23	25369	卖盘
10:39:48	11.04	0.01	20	22080	买盘
10:39:45	11.03	--	77	84931	卖盘
10:39:42	11.03	-0.01	100	110300	卖盘
10:39:36	11.04	0.01	10	11040	买盘
10:39:33	11.03	-0.01	32	35296	卖盘
10:39:30	11.04	--	9	9936	卖盘
10:39:27	11.04	--	20	22080	卖盘
10:39:21	11.04	0.01	72	79488	买盘
10:39:18	11.03	-0.01	10	11030	卖盘
10:39:15	11.04	--	29	32015	买盘
10:39:09	11.04	--	118	130271	买盘
10:39:03	11.04	--	211	232943	买盘
10:39:00	11.04	0.01	33	36432	买盘
10:38:57	11.03	--	18	19854	买盘
10:38:51	11.03	--	269	296707	卖盘
10:38:45	11.03	--	35	38605	卖盘
10:38:42	11.03	--	30	33090	卖盘
10:38:39	11.03	-0.01	20	22060	卖盘
10:38:36	11.04	0.01	2	2208	买盘
10:38:33	11.03	--	16	17648	卖盘
10:38:27	11.03	-0.01	68	75004	卖盘
10:38:21	11.04	--	3	3311	买盘
10:38:15	11.04	--	331	365424	卖盘
10:38:12	11.04	--	17	18768	卖盘
10:38:09	11.04	--	10	11040	卖盘
10:38:06	11.04	--	25	27599	卖盘
10:38:03	11.04	--	112	123647	买盘
10:37:57	11.04	--	10	11040	买盘
10:37:48	11.04	0.01	102	112607	买盘
10:37:45	11.03	--	196	216188	卖盘
10:37:42	11.03	--	61	67283	卖盘
10:37:39	11.03	-0.01	54	59562	卖盘
10:37:36	11.04	0.01	25	27599	买盘
10:37:33	11.03	--	10	11030	卖盘
10:37:24	11.03	-0.01	21	23163	卖盘
10:37:21	11.04	--	15	16560	买盘
10:37:18	11.04	--	1	1104	买盘
10:37:12	11.04	--	40	44160	买盘
10:37:09	11.04	--	8	8832	买盘
10:37:06	11.04	--	3	3311	买盘
10:37:03	11.04	--	30	33120	买盘
10:37:00	11.04	-0.01	39	43056	卖盘
10:36:54	11.05	0.01	1	1105	买盘
10:36:51	11.04	-0.01	1	1104	卖盘
10:36:45	11.05	0.02	25	27625	买盘
10:36:36	11.03	-0.02	40	44120	卖盘
10:36:18	11.05	--	25	27625	买盘
10:36:15	11.05	0.01	32	35360	买盘
10:36:06	11.04	--	7	7727	卖盘
10:36:00	11.04	--	5	5520	卖盘
10:35:57	11.04	--	25	27599	买盘
10:35:51	11.04	0.01	41	45264	买盘
10:35:48	11.03	-0.01	6	6618	卖盘
10:35:42	11.04	--	3	3311	买盘
10:35:39	11.04	--	67	73968	卖盘
10:35:30	11.04	-0.01	27	29807	卖盘
10:35:18	11.05	0.01	32	35360	买盘
10:35:12	11.04	--	5	5520	卖盘
10:35:09	11.04	--	24	26495	卖盘
10:35:03	11.04	-0.01	50	55199	卖盘
10:34:54	11.05	--	108	119340	卖盘
10:34:45	11.05	--	5	5525	买盘
10:34:42	11.05	--	19	20995	买盘
10:34:36	11.05	--	5	5525	买盘
10:34:21	11.05	-0.01	41	45305	卖盘
10:34:15	11.06	0.01	25	27650	买盘
10:34:09	11.05	--	5	5525	卖盘
10:34:00	11.05	--	37	40885	买盘
10:33:51	11.05	--	5	5525	买盘
10:33:48	11.05	--	2	2210	买盘
10:33:42	11.05	--	59	65195	买盘
10:33:27	11.05	-0.01	20	22100	买盘
10:33:15	11.06	0.01	25	27650	买盘
10:33:12	11.05	--	28	30940	卖盘
10:33:06	11.05	-0.01	1	1105	卖盘
10:33:03	11.06	--	1	1106	买盘
10:33:00	11.06	0.01	20	22120	买盘
10:32:57	11.05	--	8	8840	卖盘
10:32:54	11.05	--	5	5525	卖盘
10:32:48	11.05	--	117	129285	卖盘
10:32:45	11.05	--	65	71825	卖盘
10:32:27	11.05	-0.01	16	17680	中性盘
10:32:18	11.06	0.01	53	58618	买盘
10:32:15	11.05	0.01	58	64090	买盘
10:32:12	11.04	-0.01	110	121439	卖盘
10:32:06	11.05	--	150	165750	买盘
10:32:03	11.05	--	3	3315	买盘
10:32:00	11.05	--	20	22100	买盘
10:31:57	11.05	0.01	102	112710	买盘
10:31:54	11.04	-0.01	10	11040	卖盘
10:31:51	11.05	--	40	44200	买盘
10:31:48	11.05	0.01	25	27625	买盘
10:31:45	11.04	-0.01	15	16560	卖盘
10:31:39	11.05	0.01	38	41990	买盘
10:31:36	11.04	-0.01	3	3311	卖盘
10:31:33	11.05	--	10	11050	买盘
10:31:24	11.05	0.01	6	6630	买盘
10:31:21	11.04	--	1	1104	卖盘
10:31:12	11.04	--	9	9936	买盘
10:31:09	11.04	--	95	104879	买盘
10:31:06	11.04	--	33	36432	买盘
10:31:03	11.04	--	12	13247	买盘
10:31:00	11.04	--	13	14351	买盘
10:30:57	11.04	--	5	5520	买盘
10:30:51	11.04	--	71	78384	买盘
10:30:48	11.04	--	25	27599	买盘
10:30:45	11.04	0.01	40	44160	买盘
10:30:42	11.03	-0.01	11	12133	卖盘
10:30:39	11.04	0.01	39	43056	买盘
10:30:36	11.03	--	10	11030	卖盘
10:30:33	11.03	--	9	9927	卖盘
10:30:30	11.03	--	65	71695	卖盘
10:30:18	11.03	--	19	20957	卖盘
10:30:15	11.03	--	27	29781	卖盘
10:30:12	11.03	--	41	45223	买盘
10:30:09	11.03	0.01	4	4412	买盘
10:30:06	11.02	-0.01	12	13224	卖盘
10:30:03	11.03	--	1	1103	买盘
10:30:00	11.03	0.01	20	22060	买盘
10:29:54	11.02	--	16	17632	卖盘
10:29:48	11.02	--	10	11020	卖盘
10:29:45	11.02	-0.01	34	37468	卖盘
10:29:39	11.03	0.01	31	34193	买盘
10:29:36	11.02	-0.01	182	200564	卖盘
10:29:33	11.03	--	10	11030	买盘
10:29:27	11.03	--	2	2206	买盘
10:29:24	11.03	--	2	2206	买盘
10:29:21	11.03	0.01	10	11030	买盘
10:29:18	11.02	--	4	4408	卖盘
10:29:15	11.02	--	33	36366	卖盘
10:29:09	11.02	--	70	77140	卖盘
10:29:03	11.02	--	23	25346	卖盘
10:29:00	11.02	-0.01	16	17632	卖盘
10:28:54	11.03	--	191	210673	卖盘
10:28:45	11.03	--	5	5515	卖盘
10:28:42	11.03	-0.01	5	5515	卖盘
10:28:39	11.04	0.01	3	3311	买盘
10:28:36	11.03	-0.01	244	269132	卖盘
10:28:33	11.04	--	10	11040	买盘
10:28:30	11.04	0.01	63	69552	买盘
10:28:24	11.03	-0.01	10	11030	卖盘
10:28:21	11.04	--	35	38640	买盘
10:28:15	11.04	--	1	1104	买盘
10:28:09	11.04	--	12	13247	买盘
10:28:06	11.04	0.01	10	11040	买盘
10:28:03	11.03	-0.01	20	22060	卖盘
10:28:00	11.04	--	10	11040	买盘
10:27:57	11.04	--	2	2208	买盘
10:27:54	11.04	--	30	33120	买盘
10:27:51	11.04	0.01	10	11040	买盘
10:27:48	11.03	-0.01	76	83828	卖盘
10:27:45	11.04	--	20	22080	买盘
10:27:39	11.04	0.01	300	331200	买盘
10:27:36	11.03	--	6	6618	卖盘
10:27:33	11.03	--	48	52944	卖盘
10:27:30	11.03	-0.01	20	22060	卖盘
10:27:24	11.04	0.01	48	52991	买盘
10:27:18	11.03	-0.01	32	35296	卖盘
10:27:15	11.04	--	231	255023	买盘
10:27:12	11.04	0.01	132	145728	买盘
10:27:09	11.03	-0.01	21	23163	卖盘
10:27:06	11.04	--	12	13247	买盘
10:27:03	11.04	0.01	2	2208	买盘
10:26:57	11.03	-0.01	123	135669	卖盘
10:26:54	11.04	--	10	11040	买盘
10:26:48	11.04	--	13	14351	买盘
10:26:45	11.04	0.01	10	11040	买盘
10:26:42	11.03	-0.01	10	11030	卖盘
10:26:39	11.04	--	414	457055	买盘
10:26:36	11.04	--	20	22080	买盘
10:26:33	11.04	--	20	22080	买盘
10:26:30	11.04	0.01	16	17664	买盘
10:26:21	11.03	--	13	14339	卖盘
10:26:18	11.03	-0.01	5	5515	卖盘
10:26:15	11.04	--	2	2208	买盘
10:26:09	11.04	0.01	13	14351	买盘
10:26:06	11.03	-0.01	51	56253	卖盘
10:26:00	11.04	0.01	30	33120	卖盘
10:25:57	11.03	-0.01	698	769894	卖盘
10:25:45	11.04	0.01	14	15455	买盘
10:25:42	11.03	--	40	44671	卖盘
10:25:39	11.03	-0.01	19	20957	卖盘
10:25:36	11.04	--	52	57407	买盘
10:25:33	11.04	0.01	40	44160	买盘
10:25:30	11.03	-0.01	87	95961	卖盘
10:25:27	11.04	--	49	54095	中性盘
10:25:24	11.04	--	10	11040	买盘
10:25:21	11.04	0.01	4	4416	买盘
10:25:18	11.03	--	225	248175	卖盘
10:25:12	11.03	--	106	116918	卖盘
10:25:09	11.03	-0.01	304	335312	卖盘
10:25:06	11.04	--	40	44160	买盘
10:25:03	11.04	--	15	16560	买盘
10:25:00	11.04	--	2	2208	买盘
10:24:57	11.04	0.01	4	4416	买盘
10:24:54	11.03	--	15	16545	卖盘
10:24:51	11.03	-0.01	50	55150	卖盘
10:24:48	11.04	0.01	113	124751	买盘
10:24:45	11.03	--	40	44120	卖盘
10:24:42	11.03	-0.01	6	6618	卖盘
10:24:39	11.04	--	2	2208	买盘
10:24:36	11.04	--	8	8832	买盘
10:24:30	11.04	--	50	55199	买盘
10:24:27	11.04	--	10	11040	买盘
10:24:24	11.04	-0.01	947	1045487	卖盘
10:24:21	11.05	-0.01	10	11050	卖盘
10:24:18	11.06	0.01	81	89586	买盘
10:24:09	11.05	-0.01	105	116025	卖盘
10:24:06	11.06	--	9	9954	卖盘
10:24:03	11.06	--	3	3318	卖盘
10:24:00	11.06	0.01	3	3318	买盘
10:23:57	11.05	-0.01	5	5525	卖盘
10:23:54	11.06	0.01	15	16590	买盘
10:23:51	11.05	-0.01	202	223210	卖盘
10:23:48	11.06	0.01	21	23226	买盘
10:23:39	11.05	--	31	34255	卖盘
10:23:36	11.05	-0.01	50	55250	卖盘
10:23:30	11.06	0.01	5	5530	买盘
10:23:24	11.05	-0.01	273	301665	卖盘
10:23:18	11.06	--	10	11060	买盘
10:23:06	11.06	--	87	96222	卖盘
10:22:57	11.06	--	10	11060	卖盘
10:22:48	11.06	0.01	6	6636	买盘
10:22:39	11.05	-0.01	26	28730	卖盘
10:22:36	11.06	0.01	50	55300	买盘
10:22:30	11.05	-0.01	16	17680	卖盘
10:22:27	11.06	0.01	48	53088	买盘
10:22:24	11.05	--	2	2210	卖盘
10:22:21	11.05	-0.01	38	41990	卖盘
10:22:12	11.06	0.01	55	60830	买盘
10:22:09	11.05	-0.01	1010	1116050	卖盘
10:22:06	11.06	--	1	1106	买盘
10:22:03	11.06	--	180	199080	买盘
10:22:00	11.06	--	9	9954	买盘
10:21:57	11.06	--	13	14378	买盘
10:21:54	11.06	--	260	287560	卖盘
10:21:36	11.06	-0.01	8	8848	卖盘
10:21:33	11.07	--	5	5535	买盘
10:21:21	11.07	0.01	1	1107	买盘
10:21:18	11.06	--	10	11060	卖盘
10:21:12	11.06	--	2	2212	卖盘
10:21:09	11.06	--	8	8848	卖盘
10:21:03	11.06	--	32	35392	买盘
10:21:00	11.06	--	127	140462	买盘
10:20:57	11.06	--	60	66360	买盘
10:20:54	11.06	--	37	40922	买盘
10:20:39	11.06	0.01	16	17696	买盘
10:20:36	11.05	-0.01	200	221000	卖盘
10:20:33	11.06	--	51	56406	买盘
10:20:30	11.06	--	10	11060	买盘
10:20:21	11.06	--	20	22120	买盘
10:20:18	11.06	--	3	3318	买盘
10:20:15	11.06	--	15	16590	买盘
10:20:12	11.06	--	19	21014	买盘
10:20:09	11.06	--	25	27650	卖盘
10:20:03	11.06	0.01	55	60830	买盘
10:20:00	11.05	-0.01	123	135915	卖盘
10:19:57	11.06	--	5	5530	买盘
10:19:54	11.06	--	50	55300	买盘
10:19:51	11.06	--	27	29862	买盘
10:19:48	11.06	--	6	6636	买盘
10:19:42	11.06	--	5	5530	买盘
10:19:39	11.06	0.01	19	21014	买盘
10:19:36	11.05	-0.01	171	188955	卖盘
10:19:24	11.06	0.01	6	6636	买盘
10:19:21	11.05	-0.01	10	11050	卖盘
10:19:18	11.06	0.01	30	33180	买盘
10:19:12	11.05	--	24	26520	卖盘
10:19:09	11.05	--	10	11050	卖盘
10:19:06	11.05	--	4	4420	卖盘
10:18:48	11.05	--	13	14365	买盘
10:18:45	11.05	--	20	22100	买盘
10:18:42	11.05	--	7	7735	卖盘
10:18:39	11.05	--	140	154700	卖盘
10:18:33	11.05	--	10	11050	卖盘
10:18:24	11.05	-0.01	5	5525	卖盘
10:18:18	11.06	0.02	20	22120	买盘
10:18:12	11.04	-0.01	480	529920	卖盘
10:18:09	11.05	-0.01	120	132600	卖盘
10:17:57	11.06	0.01	30	33180	买盘
10:17:54	11.05	--	20	22100	卖盘
10:17:39	11.05	-0.01	6	6630	卖盘
10:17:36	11.06	0.01	50	55300	买盘
10:17:27	11.05	--	90	99450	卖盘
10:17:21	11.05	--	50	55250	卖盘
10:17:18	11.05	--	40	44200	卖盘
10:17:15	11.05	--	44	48620	卖盘
10:17:12	11.05	0.01	25	27625	买盘
10:17:03	11.04	-0.01	58	64031	卖盘
10:17:00	11.05	--	55	60775	买盘
10:16:57	11.05	0.01	56	61880	买盘
10:16:54	11.04	-0.01	139	153456	卖盘
10:16:51	11.05	0.01	14	15470	买盘
10:16:45	11.04	--	59	65135	卖盘
10:16:42	11.04	--	63	69552	卖盘
10:16:39	11.04	--	27	29807	卖盘
10:16:36	11.04	--	23	25391	卖盘
10:16:33	11.04	--	13	14351	卖盘
10:16:30	11.04	-0.01	20	22080	卖盘
10:16:27	11.05	0.01	10	11050	买盘
10:16:24	11.04	-0.01	23	25391	卖盘
10:16:12	11.05	--	10	11050	买盘
10:16:06	11.05	0.01	18	19890	中性盘
10:16:03	11.04	-0.02	10	11040	卖盘
10:16:00	11.06	--	301	332906	买盘
10:15:57	11.06	0.01	10	11060	买盘
10:15:54	11.05	-0.01	20	22100	卖盘
10:15:51	11.06	0.01	38	42028	买盘
10:15:48	11.05	-0.01	208	229840	卖盘
10:15:36	11.06	--	17	18802	买盘
10:15:33	11.06	0.01	29	32074	买盘
10:15:30	11.05	--	27	29835	卖盘
10:15:27	11.05	--	20	22100	卖盘
10:15:18	11.05	--	28	30940	卖盘
10:15:15	11.05	-0.01	2	2210	卖盘
10:15:12	11.06	0.01	25	27650	买盘
10:15:06	11.05	--	50	55250	卖盘
10:15:00	11.05	-0.01	121	133705	卖盘
10:14:54	11.06	0.01	37	40922	买盘
10:14:51	11.05	-0.01	89	98345	卖盘
10:14:45	11.06	--	6	6636	买盘
10:14:42	11.06	0.01	26	28756	买盘
10:14:39	11.05	-0.01	18	19890	卖盘
10:14:36	11.06	--	2	2212	买盘
10:14:33	11.06	0.01	20	22120	买盘
10:14:27	11.05	-0.01	1	1105	卖盘
10:14:24	11.06	--	26	28756	买盘
10:14:21	11.06	-0.01	128	141568	卖盘
10:14:18	11.07	0.01	10	11070	买盘
10:14:15	11.06	--	70	77420	卖盘
10:14:09	11.06	-0.01	12	13272	卖盘
10:14:06	11.07	0.01	2	2214	买盘
10:14:03	11.06	--	22	24332	买盘
10:13:57	11.06	--	2	2212	卖盘
10:13:54	11.06	-0.01	3	3318	卖盘
10:13:51	11.07	--	2	2214	买盘
10:13:39	11.07	0.02	1	1107	买盘
10:13:33	11.05	-0.01	581	642005	卖盘
10:13:27	11.06	--	10	11060	买盘
10:13:24	11.06	-0.01	182	201292	卖盘
10:13:21	11.07	--	10	11070	买盘
10:13:18	11.07	--	100	110700	买盘
10:13:15	11.07	--	194	214758	买盘
10:13:06	11.07	0.01	5	5535	买盘
10:12:54	11.06	--	10	11060	卖盘
10:12:51	11.06	-0.01	10	11060	卖盘
10:12:48	11.07	--	9	9963	买盘
10:12:42	11.07	--	9	9963	买盘
10:12:39	11.07	0.01	13	14391	买盘
10:12:33	11.06	--	2	2212	卖盘
10:12:30	11.06	--	50	55300	卖盘
10:12:27	11.06	--	130	143780	卖盘
10:12:21	11.06	--	38	42028	卖盘
10:12:15	11.06	--	1	1106	卖盘
10:12:12	11.06	--	39	43134	买盘
10:12:09	11.06	--	56	61936	买盘
10:12:06	11.06	--	6	6636	买盘
10:12:03	11.06	--	100	110600	卖盘
10:11:57	11.06	--	10	11060	卖盘
10:11:54	11.06	-0.01	40	44240	中性盘
10:11:42	11.07	0.01	502	555714	买盘
10:11:39	11.06	--	20	22120	卖盘
10:11:33	11.06	--	2	2212	卖盘
10:11:30	11.06	--	1	1106	买盘
10:11:27	11.06	--	10	11060	买盘
10:11:24	11.06	--	3	3318	买盘
10:11:21	11.06	--	20	22120	买盘
10:11:18	11.06	--	5	5530	买盘
10:11:15	11.06	-0.01	26	28756	卖盘
10:11:12	11.07	0.02	12	13284	买盘
10:11:06	11.05	-0.01	450	497250	卖盘
10:11:03	11.06	-0.01	30	33180	卖盘
10:11:00	11.07	0.01	25	27675	买盘
10:10:54	11.06	--	10	11060	卖盘
10:10:51	11.06	--	152	168112	卖盘
10:10:48	11.06	-0.01	70	77420	卖盘
10:10:45	11.07	0.01	3	3321	买盘
10:10:42	11.06	-0.01	100	110600	卖盘
10:10:39	11.07	--	50	55350	买盘
10:10:33	11.07	0.01	106	117342	买盘
10:10:15	11.06	-0.01	16	17696	卖盘
10:10:12	11.07	0.01	133	147231	买盘
10:10:09	11.06	--	50	55300	卖盘
10:10:03	11.06	--	33	36498	卖盘
10:10:00	11.06	--	28	30968	卖盘
10:09:51	11.06	-0.01	19	21014	中性盘
10:09:42	11.07	0.01	71	78597	买盘
10:09:39	11.06	-0.01	50	55300	卖盘
10:09:36	11.07	0.02	300	332100	买盘
10:09:33	11.05	-0.02	200	221000	卖盘
10:09:30	11.07	0.01	219	242433	买盘
10:09:24	11.06	--	171	189126	卖盘
10:09:18	11.06	--	9	9954	卖盘
10:09:15	11.06	--	130	143780	买盘
10:09:12	11.06	0.01	61	67466	买盘
10:09:09	11.05	--	65	71825	卖盘
10:09:06	11.05	-0.01	14	15470	卖盘
10:09:03	11.06	0.01	100	110600	买盘
10:09:00	11.05	--	6	6630	卖盘
10:08:54	11.05	-0.01	476	525980	卖盘
10:08:51	11.06	--	11	12166	卖盘
10:08:48	11.06	--	84	92904	卖盘
10:08:45	11.06	--	3	3318	卖盘
10:08:42	11.06	--	115	127190	卖盘
10:08:39	11.06	--	16	17696	卖盘
10:08:36	11.06	--	4	4424	卖盘
10:08:33	11.06	--	5	5530	卖盘
10:08:27	11.06	-0.01	30	33180	卖盘
10:08:15	11.07	--	53	58671	卖盘
10:08:06	11.07	--	26	28782	卖盘
10:08:03	11.07	--	33	36531	卖盘
10:07:54	11.07	--	41	45387	卖盘
10:07:48	11.07	-0.01	13	14391	卖盘
10:07:45	11.08	--	83	91964	卖盘
10:07:42	11.08	0.01	89	98612	买盘
10:07:39	11.07	--	15	16605	卖盘
10:07:33	11.07	-0.01	26	28782	卖盘
10:07:30	11.08	--	5	5540	买盘
10:07:21	11.08	-0.01	18	19944	卖盘
10:07:18	11.09	0.01	11	12199	买盘
10:07:15	11.08	--	8	8864	卖盘
10:07:12	11.08	--	10	11080	卖盘
10:07:09	11.08	--	14	15512	卖盘
10:07:03	11.08	0.01	8	8864	中性盘
10:06:57	11.07	--	65	71955	卖盘
10:06:48	11.07	--	21	23247	卖盘
10:06:42	11.07	--	28	30996	卖盘
10:06:39	11.07	-0.01	35	38745	卖盘
10:06:36	11.08	--	7	7756	买盘
10:06:33	11.08	--	112	124096	买盘
10:06:24	11.08	--	10	11080	买盘
10:06:21	11.08	--	10	11080	买盘
10:06:18	11.08	--	8	8864	买盘
10:06:12	11.08	-0.01	8	8864	中性盘
10:06:03	11.09	0.01	46	51180	买盘
10:06:00	11.08	--	26	28808	卖盘
10:05:54	11.08	0.01	157	174897	买盘
10:05:51	11.07	--	105	116235	卖盘
10:05:48	11.07	--	6	6642	卖盘
10:05:45	11.07	-0.01	50	55350	卖盘
10:05:42	11.08	--	11	12188	买盘
10:05:39	11.08	--	15	16620	买盘
10:05:36	11.08	--	5	5540	买盘
10:05:33	11.08	0.01	21	23268	买盘
10:05:30	11.07	-0.01	30	33210	卖盘
10:05:24	11.08	--	13	14404	买盘
10:05:21	11.08	--	7	7922	卖盘
10:05:18	11.08	-0.01	10	11080	卖盘
10:05:15	11.09	--	30	33270	买盘
10:05:03	11.09	0.01	6	6654	买盘
10:04:54	11.08	--	112	125037	买盘
10:04:45	11.08	--	100	110800	买盘
10:04:36	11.08	--	10	11080	买盘
10:04:24	11.08	--	396	438934	卖盘
10:04:18	11.08	--	25	27700	卖盘
10:04:09	11.08	--	68	76285	买盘
10:04:03	11.08	0.01	35	38780	买盘
10:03:48	11.07	--	20	22140	卖盘
10:03:45	11.07	--	2	2214	卖盘
10:03:42	11.07	--	5	5535	卖盘
10:03:36	11.07	--	10	11070	买盘
10:03:33	11.07	--	10	11070	买盘
10:03:30	11.07	--	15	16605	买盘
10:03:27	11.07	--	19	21033	买盘
10:03:24	11.07	--	4	4428	买盘
10:03:21	11.07	--	16	17712	买盘
10:03:18	11.07	--	11	12177	买盘
10:03:15	11.07	--	22	24354	卖盘
10:03:12	11.07	--	50	55350	卖盘
10:03:03	11.07	-0.01	10	11070	卖盘
10:02:54	11.08	--	3	3324	买盘
10:02:48	11.08	--	17	19002	卖盘
10:02:45	11.08	--	2	3157	买盘
10:02:42	11.08	0.01	3	3324	买盘
10:02:39	11.07	--	24	26568	卖盘
10:02:33	11.07	-0.01	113	125091	卖盘
10:02:27	11.08	--	2	2216	买盘
10:02:24	11.08	--	21	23434	卖盘
10:02:21	11.08	--	6	6648	卖盘
10:02:18	11.08	--	4	4432	卖盘
10:02:15	11.08	--	35	39721	卖盘
10:02:12	11.08	--	9	9972	买盘
10:02:06	11.08	--	6	6648	中性盘
10:02:00	11.08	--	30	33240	卖盘
10:01:57	11.08	0.01	9	9972	买盘
10:01:54	11.07	-0.01	29	32103	卖盘
10:01:48	11.08	0.01	10	11080	买盘
10:01:45	11.07	0.01	14	15498	买盘
10:01:42	11.06	-0.01	80	88480	卖盘
10:01:39	11.07	--	18	19926	买盘
10:01:36	11.07	--	82	90774	买盘
10:01:33	11.07	-0.01	20	22140	卖盘
10:01:27	11.08	--	19	21052	卖盘
10:01:18	11.08	0.02	1	1108	卖盘
10:01:15	11.06	--	12	13272	卖盘
10:01:12	11.06	-0.01	283	312998	卖盘
10:01:06	11.07	0.01	12	13284	中性盘
10:01:00	11.06	--	199	220094	卖盘
10:00:51	11.06	-0.03	500	553000	卖盘
10:00:48	11.09	--	12	13308	买盘
10:00:39	11.09	0.01	50	55450	买盘
10:00:36	11.08	--	218	241544	卖盘
10:00:33	11.08	--	1	1108	卖盘
10:00:27	11.08	-0.01	50	55400	卖盘
10:00:24	11.09	--	94	104246	卖盘
10:00:21	11.09	--	80	88720	卖盘
10:00:15	11.09	--	22	24398	卖盘
10:00:09	11.09	-0.01	4	4436	卖盘
10:00:06	11.1	--	20	22200	买盘
10:00:03	11.1	--	370	410700	卖盘
10:00:00	11.1	-0.01	10	11100	卖盘
09:59:57	11.11	0.01	10	11110	买盘
09:59:54	11.1	--	22	24420	卖盘
09:59:51	11.1	-0.01	113	125430	卖盘
09:59:48	11.11	0.01	5	5555	买盘
09:59:45	11.1	-0.01	50	55500	卖盘
09:59:42	11.11	--	248	275528	买盘
09:59:39	11.11	--	10	11110	买盘
09:59:36	11.11	--	25	27775	买盘
09:59:33	11.11	--	13	14443	买盘
09:59:30	11.11	--	100	111100	买盘
09:59:24	11.11	--	20	22220	买盘
09:59:21	11.11	--	5	5555	买盘
09:59:18	11.11	--	155	173260	卖盘
09:59:15	11.11	-0.01	33	36663	卖盘
09:59:12	11.12	--	265	294680	买盘
09:59:03	11.12	--	95	106740	卖盘
09:58:57	11.12	--	3	3335	卖盘
09:58:54	11.12	--	210	233531	卖盘
09:58:42	11.12	--	60	66720	卖盘
09:58:39	11.12	-0.01	12	13343	卖盘
09:58:36	11.13	--	16	17808	买盘
09:58:33	11.13	0.01	14	15582	买盘
09:58:27	11.12	-0.01	10	11120	卖盘
09:58:24	11.13	0.01	10	11130	买盘
09:58:18	11.12	--	8	8896	卖盘
09:58:15	11.12	--	24	26687	卖盘
09:58:12	11.12	--	13	14455	卖盘
09:58:06	11.12	0.01	156	173472	买盘
09:58:03	11.11	--	7	7777	卖盘
09:58:00	11.11	-0.01	1	1111	卖盘
09:57:57	11.12	0.01	50	55599	买盘
09:57:54	11.11	-0.01	10	11110	卖盘
09:57:51	11.12	--	5	5560	买盘
09:57:48	11.12	0.01	52	57823	买盘
09:57:42	11.11	-0.01	1	1111	卖盘
09:57:39	11.12	0.01	47	52263	买盘
09:57:30	11.11	-0.01	91	101101	卖盘
09:57:24	11.12	--	3	3335	买盘
09:57:21	11.12	0.01	84	93408	买盘
09:57:18	11.11	--	15	16665	卖盘
09:57:09	11.11	--	114	126654	卖盘
09:57:06	11.11	--	25	27775	卖盘
09:57:03	11.11	--	13	14443	卖盘
09:57:00	11.11	-0.01	16	17776	卖盘
09:56:51	11.12	--	47	52263	买盘
09:56:48	11.12	0.01	27	30023	买盘
09:56:45	11.11	--	3	3333	卖盘
09:56:39	11.11	--	1	1111	卖盘
09:56:33	11.11	-0.01	62	68882	卖盘
09:56:27	11.12	0.01	8	8896	买盘
09:56:21	11.11	-0.01	0	55	卖盘
09:56:18	11.12	0.01	13	14455	买盘
09:56:15	11.11	-0.01	60	66660	卖盘
09:56:12	11.12	--	3	3335	买盘
09:56:06	11.12	0.01	1	1112	买盘
09:56:03	11.11	-0.01	24	26664	卖盘
09:55:57	11.12	0.01	19	21128	买盘
09:55:48	11.11	-0.01	28	31108	卖盘
09:55:42	11.12	0.01	110	122319	买盘
09:55:33	11.11	--	153	169983	卖盘
09:55:18	11.11	-0.01	1190	1322090	卖盘
09:55:12	11.12	--	53	58935	卖盘
09:55:09	11.12	--	8	8896	买盘
09:55:00	11.12	0.01	85	94520	买盘
09:54:54	11.11	--	130	144430	买盘
09:54:51	11.11	--	5	5555	买盘
09:54:48	11.11	-0.01	428	475508	卖盘
09:54:36	11.12	--	2	2224	买盘
09:54:30	11.12	0.01	2	2224	买盘
09:54:27	11.11	-0.01	260	288860	卖盘
09:54:21	11.12	-0.01	10	11120	卖盘
09:54:18	11.13	--	1	1113	买盘
09:54:03	11.13	--	1	1113	卖盘
09:54:00	11.13	--	29	32277	卖盘
09:53:57	11.13	--	9	10017	卖盘
09:53:54	11.13	--	4	4452	卖盘
09:53:42	11.13	--	54	60102	卖盘
09:53:39	11.13	--	29	32277	卖盘
09:53:30	11.13	-0.01	9	10017	中性盘
09:53:27	11.14	0.01	3	3342	买盘
09:53:21	11.13	-0.01	10	11130	中性盘
09:53:12	11.14	0.02	42	46788	买盘
09:53:06	11.12	-0.01	25	27799	卖盘
09:53:03	11.13	-0.01	84	93492	中性盘
09:53:00	11.14	0.01	1	1114	买盘
09:52:57	11.13	--	7	7791	卖盘
09:52:54	11.13	--	5	5565	卖盘
09:52:51	11.13	--	25	27825	卖盘
09:52:48	11.13	--	109	121317	卖盘
09:52:45	11.13	--	6	6678	卖盘
09:52:36	11.13	--	120	133560	卖盘
09:52:33	11.13	--	3	3339	卖盘
09:52:27	11.13	0.01	161	179193	买盘
09:52:24	11.12	--	1	1112	卖盘
09:52:18	11.12	--	30	33360	卖盘
09:52:12	11.12	--	20	22240	卖盘
09:52:09	11.12	--	13	14455	卖盘
09:52:06	11.12	--	51	56711	卖盘
09:52:03	11.12	--	79	87848	卖盘
09:52:00	11.12	-0.01	6	6671	卖盘
09:51:57	11.13	--	26	28938	买盘
09:51:54	11.13	--	10	11130	买盘
09:51:39	11.13	--	20	22260	买盘
09:51:36	11.13	0.01	7	7791	买盘
09:51:33	11.12	--	20	22240	卖盘
09:51:30	11.12	0.01	84	93408	中性盘
09:51:18	11.11	-0.01	106	117766	卖盘
09:51:12	11.12	--	8	8896	卖盘
09:51:09	11.12	--	246	273552	卖盘
09:51:03	11.12	-0.01	15	16680	卖盘
09:51:00	11.13	0.01	30	33390	买盘
09:50:54	11.12	-0.01	1	1112	卖盘
09:50:51	11.13	0.01	44	48972	买盘
09:50:42	11.12	-0.01	85	94520	卖盘
09:50:39	11.13	--	6	6678	卖盘
09:50:36	11.13	--	198	220374	卖盘
09:50:33	11.13	--	35	38955	买盘
09:50:24	11.13	--	5	5565	买盘
09:50:21	11.13	--	2	2226	买盘
09:50:12	11.13	0.01	10	11130	买盘
09:50:06	11.12	-0.01	9	10008	卖盘
09:50:00	11.13	--	2	2226	买盘
09:49:54	11.13	0.01	10	11130	买盘
09:49:48	11.12	--	124	137888	卖盘
09:49:42	11.12	-0.01	50	55599	卖盘
09:49:39	11.13	0.01	23	25599	买盘
09:49:33	11.12	0.01	5	5560	卖盘
09:49:30	11.11	-0.01	100	111100	卖盘
09:49:27	11.12	--	5	5560	卖盘
09:49:18	11.12	--	4	4448	卖盘
09:49:15	11.12	-0.01	10	11120	卖盘
09:49:12	11.13	0.01	1	1113	买盘
09:49:09	11.12	--	40	44480	卖盘
09:49:06	11.12	-0.01	4	4448	卖盘
09:48:48	11.13	--	201	223713	买盘
09:48:45	11.13	0.01	32	35616	买盘
09:48:39	11.12	--	10	11120	卖盘
09:48:36	11.12	--	6	6671	中性盘
09:48:27	11.12	0.01	17	18904	买盘
09:48:24	11.11	--	120	133320	卖盘
09:48:21	11.11	-0.01	14	15554	卖盘
09:48:15	11.12	0.01	10	11120	买盘
09:48:12	11.11	-0.01	10	11110	卖盘
09:48:09	11.12	0.01	7	7783	买盘
09:48:03	11.11	--	21	23331	卖盘
09:48:00	11.11	--	12	13332	卖盘
09:47:54	11.11	-0.01	131	145541	卖盘
09:47:51	11.12	-0.01	83	92296	卖盘
09:47:42	11.13	--	30	33390	买盘
09:47:39	11.13	0.01	5	5565	买盘
09:47:36	11.12	-0.01	43	47816	卖盘
09:47:33	11.13	-0.01	1	1113	中性盘
09:47:21	11.14	--	5	5570	买盘
09:47:18	11.14	0.02	105	116970	买盘
09:47:12	11.12	-0.02	46	51152	卖盘
09:47:00	11.14	-0.01	47	52358	卖盘
09:46:57	11.15	--	81	90315	卖盘
09:46:51	11.15	--	8	8920	卖盘
09:46:48	11.15	--	5	5575	卖盘
09:46:45	11.15	--	10	11150	卖盘
09:46:39	11.15	--	22	24530	买盘
09:46:30	11.15	--	20	22300	买盘
09:46:24	11.15	--	38	42370	买盘
09:46:21	11.15	--	10	11150	买盘
09:46:18	11.15	--	34	37910	买盘
09:46:15	11.15	0.01	4	4460	买盘
09:46:06	11.14	-0.01	52	57928	卖盘
09:46:03	11.15	-0.01	20	22300	中性盘
09:46:00	11.16	--	25	27900	买盘
09:45:57	11.16	0.02	30	33480	买盘
09:45:45	11.14	--	162	180468	卖盘
09:45:42	11.14	--	106	118084	卖盘
09:45:36	11.14	--	3	3342	卖盘
09:45:33	11.14	--	2	2228	卖盘
09:45:27	11.14	0.02	119	132566	买盘
09:45:24	11.12	-0.02	13	14455	卖盘
09:45:21	11.14	--	44	49016	买盘
09:45:18	11.14	0.02	73	81322	买盘
09:45:12	11.12	0.01	5	5560	中性盘
09:45:06	11.11	-0.03	36	39996	卖盘
09:45:00	11.14	0.03	7	7798	买盘
09:44:57	11.11	-0.03	3	3333	卖盘
09:44:51	11.14	0.03	122	135908	买盘
09:44:45	11.11	--	10	11110	卖盘
09:44:42	11.11	0.01	108	119988	买盘
09:44:39	11.1	--	29	32190	卖盘
09:44:36	11.1	0.01	2	2220	买盘
09:44:33	11.09	-0.01	10	11090	卖盘
09:44:27	11.1	--	48	53280	卖盘
09:44:24	11.1	--	30	33300	买盘
09:44:21	11.1	--	50	55500	买盘
09:44:15	11.1	--	72	79920	卖盘
09:44:12	11.1	0.01	2	2220	中性盘
09:44:00	11.09	--	67	74303	卖盘
09:43:54	11.09	--	48	53232	卖盘
09:43:42	11.09	--	128	141952	卖盘
09:43:39	11.09	--	17	18853	买盘
09:43:36	11.09	--	38	42142	买盘
09:43:33	11.09	--	48	53232	卖盘
09:43:21	11.09	-0.01	8	8872	卖盘
09:43:15	11.1	--	147	163170	买盘
09:43:09	11.1	0.01	36	39960	买盘
09:43:06	11.09	--	172	190748	买盘
09:43:03	11.09	--	66	73194	卖盘
09:43:00	11.09	-0.01	129	143061	卖盘
09:42:45	11.1	--	8	8880	买盘
09:42:42	11.1	0.01	28	31080	买盘
09:42:39	11.09	-0.01	16	17744	卖盘
09:42:36	11.1	0.01	1	1110	买盘
09:42:30	11.09	--	15	16635	卖盘
09:42:24	11.09	--	30	33270	卖盘
09:42:21	11.09	--	40	44360	卖盘
09:42:18	11.09	0.02	51	56559	买盘
09:42:09	11.07	--	80	88560	卖盘
09:42:06	11.07	-0.01	124	137268	卖盘
09:42:03	11.08	0.01	102	113016	买盘
09:42:00	11.07	--	410	453870	卖盘
09:41:45	11.07	-0.01	1	1107	卖盘
09:41:42	11.08	--	2	2216	买盘
09:41:39	11.08	--	40	44320	买盘
09:41:33	11.08	--	60	66480	买盘
09:41:21	11.08	--	17	18836	买盘
09:41:18	11.08	-0.01	376	416608	卖盘
09:41:15	11.09	--	33	36597	卖盘
09:41:12	11.09	-0.01	57	63213	卖盘
09:41:09	11.1	0.01	3	3330	买盘
09:41:06	11.09	-0.01	44	48796	卖盘
09:41:00	11.1	0.01	51	56610	买盘
09:40:54	11.09	-0.01	38	42142	卖盘
09:40:39	11.1	--	199	220890	卖盘
09:40:36	11.1	--	5	5550	卖盘
09:40:27	11.1	--	40	44400	卖盘
09:40:24	11.1	-0.01	11	12210	卖盘
09:40:21	11.11	--	6	6666	卖盘
09:40:18	11.11	0.01	12	13332	买盘
09:40:15	11.1	-0.01	20	22200	卖盘
09:40:12	11.11	0.01	116	128876	买盘
09:40:09	11.1	--	17	18870	买盘
09:40:00	11.1	--	16	17760	买盘
09:39:57	11.1	--	23	25530	买盘
09:39:54	11.1	0.01	1	1110	买盘
09:39:48	11.09	-0.01	30	33270	中性盘
09:39:45	11.1	0.01	45	49950	买盘
09:39:39	11.09	0.01	29	32161	中性盘
09:39:36	11.08	--	18	19944	卖盘
09:39:30	11.08	-0.01	18	19944	卖盘
09:39:27	11.09	--	34	37706	买盘
09:39:24	11.09	0.01	58	64322	买盘
09:39:21	11.08	-0.01	87	96396	卖盘
09:39:18	11.09	--	40	44360	买盘
09:39:15	11.09	--	60	66540	买盘
09:39:12	11.09	0.01	20	22180	买盘
09:39:09	11.08	--	5	5540	卖盘
09:39:03	11.08	--	14	15512	卖盘
09:39:00	11.08	--	1	1108	卖盘
09:38:57	11.08	0.01	1	1108	卖盘
09:38:54	11.07	-0.01	77	85239	卖盘
09:38:51	11.08	--	27	29916	买盘
09:38:48	11.08	--	5	5540	买盘
09:38:45	11.08	--	76	84208	买盘
09:38:42	11.08	--	241	267028	买盘
09:38:39	11.08	0.01	7	7756	买盘
09:38:36	11.07	-0.01	28	30996	卖盘
09:38:33	11.08	0.01	25	27700	买盘
09:38:30	11.07	-0.01	17	18819	卖盘
09:38:27	11.08	0.01	13	14404	买盘
09:38:24	11.07	--	110	121770	卖盘
09:38:21	11.07	-0.01	45	49815	卖盘
09:38:18	11.08	--	9	9972	买盘
09:38:15	11.08	0.02	17	18836	买盘
09:38:12	11.06	-0.01	114	126084	卖盘
09:38:09	11.07	--	51	56457	买盘
09:38:06	11.07	--	70	77490	买盘
09:38:03	11.07	0.01	15	16605	买盘
09:38:00	11.06	-0.01	18	19908	卖盘
09:37:57	11.07	--	242	267894	卖盘
09:37:54	11.07	--	144	159408	卖盘
09:37:51	11.07	--	46	50922	卖盘
09:37:48	11.07	0.01	20	22140	中性盘
09:37:42	11.06	--	74	81844	卖盘
09:37:39	11.06	-0.01	15	16590	卖盘
09:37:36	11.07	--	30	33210	买盘
09:37:33	11.07	--	305	337635	买盘
09:37:30	11.07	-0.01	133	147231	卖盘
09:37:21	11.08	0.01	12	13296	买盘
09:37:18	11.07	-0.01	72	79704	卖盘
09:37:15	11.08	--	196	217168	买盘
09:37:12	11.08	--	175	193900	买盘
09:37:06	11.08	--	21	23268	买盘
09:37:03	11.08	0.01	6	6648	买盘
09:37:00	11.07	-0.02	234	259038	卖盘
09:36:57	11.09	--	10	11090	买盘
09:36:54	11.09	0.01	10	11090	买盘
09:36:51	11.08	--	13	14404	卖盘
09:36:48	11.08	--	26	28808	卖盘
09:36:45	11.08	--	39	43212	卖盘
09:36:39	11.08	-0.01	38	42104	卖盘
09:36:36	11.09	0.01	2	2218	买盘
09:36:33	11.08	--	35	38780	卖盘
09:36:30	11.08	-0.01	75	83100	卖盘
09:36:27	11.09	--	80	88720	买盘
09:36:24	11.09	--	29	32161	买盘
09:36:18	11.09	--	71	78739	买盘
09:36:15	11.09	-0.01	71	78739	卖盘
09:36:12	11.1	--	76	84360	买盘
09:36:09	11.1	0.01	5	5550	买盘
09:36:06	11.09	-0.01	19	21071	卖盘
09:36:03	11.1	--	11	12210	买盘
09:36:00	11.1	--	7	7770	买盘
09:35:57	11.1	--	216	239760	卖盘
09:35:54	11.1	--	58	64380	卖盘
09:35:51	11.1	--	30	33300	卖盘
09:35:48	11.1	-0.01	9	9990	卖盘
09:35:45	11.11	--	12	13332	买盘
09:35:42	11.11	--	1	1111	买盘
09:35:39	11.11	-0.01	97	107767	卖盘
09:35:33	11.12	--	4	4448	买盘
09:35:30	11.12	0.01	111	123431	买盘
09:35:21	11.11	--	12	13332	卖盘
09:35:18	11.11	-0.01	100	111100	卖盘
09:35:15	11.12	--	7	7783	买盘
09:35:12	11.12	--	2	2224	买盘
09:35:09	11.12	-0.02	111	123431	卖盘
09:35:06	11.14	0.01	5	5570	买盘
09:35:03	11.13	0.01	10	11130	中性盘
09:34:57	11.12	-0.01	11	12232	卖盘
09:34:54	11.13	0.01	15	16695	中性盘
09:34:51	11.12	--	44	48928	卖盘
09:34:48	11.12	-0.01	35	38920	卖盘
09:34:42	11.13	--	33	36729	买盘
09:34:39	11.13	--	13	14469	买盘
09:34:36	11.13	--	10	11130	买盘
09:34:33	11.13	-0.01	107	119091	卖盘
09:34:30	11.14	--	15	16710	买盘
09:34:27	11.14	--	10	11140	买盘
09:34:24	11.14	0.01	5	5570	买盘
09:34:21	11.13	--	13	14469	中性盘
09:34:15	11.13	--	10	11130	买盘
09:34:09	11.13	--	12	13356	买盘
09:34:06	11.13	0.01	5	5565	买盘
09:34:03	11.12	--	55	61159	卖盘
09:33:51	11.12	--	11	12232	卖盘
09:33:48	11.12	--	32	35584	买盘
09:33:45	11.12	0.01	30	33360	买盘
09:33:39	11.11	--	68	75548	卖盘
09:33:33	11.11	-0.01	24	26664	中性盘
09:33:24	11.12	0.02	2	2224	买盘
09:33:21	11.1	--	20	22200	卖盘
09:33:18	11.1	-0.02	10	11100	中性盘
09:33:09	11.12	0.02	25	27799	买盘
09:33:06	11.1	0.01	5	5550	买盘
09:33:00	11.09	0.01	3	3327	卖盘
09:32:57	11.08	-0.02	48	53184	卖盘
09:32:54	11.1	--	4	4440	卖盘
09:32:51	11.1	--	11	12210	买盘
09:32:45	11.1	0.02	120	133200	买盘
09:32:42	11.08	-0.02	43	47644	卖盘
09:32:39	11.1	0.03	109	120990	买盘
09:32:36	11.07	-0.01	160	177120	卖盘
09:32:33	11.08	--	1	1108	买盘
09:32:30	11.08	-0.02	90	99720	卖盘
09:32:24	11.1	--	11	12210	中性盘
09:32:21	11.1	--	2	2220	买盘
09:32:18	11.1	--	5	5550	买盘
09:32:12	11.1	--	30	33300	买盘
09:32:09	11.1	-0.01	229	254190	卖盘
09:32:06	11.11	--	22	24442	买盘
09:32:03	11.11	-0.02	10	11110	中性盘
09:31:54	11.13	0.03	34	37842	买盘
09:31:51	11.1	--	4	4440	买盘
09:31:45	11.1	0.03	5	5550	买盘
09:31:42	11.07	--	270	298890	买盘
09:31:39	11.07	--	280	309960	买盘
09:31:36	11.07	--	114	126198	买盘
09:31:33	11.07	0.01	50	55350	买盘
09:31:27	11.06	--	35	38710	卖盘
09:31:24	11.06	-0.01	70	77420	卖盘
09:31:21	11.07	--	79	87453	买盘
09:31:18	11.07	--	1	1107	买盘
09:31:15	11.07	--	23	25461	买盘
09:31:12	11.07	--	39	43173	买盘
09:31:09	11.07	--	5	5535	买盘
09:31:06	11.07	--	1	1107	买盘
09:31:03	11.07	--	41	45387	卖盘
09:30:54	11.07	--	6	6642	买盘
09:30:51	11.07	-0.01	127	140589	卖盘
09:30:48	11.08	0.01	16	17728	中性盘
09:30:42	11.07	--	5	5535	卖盘
09:30:33	11.07	-0.02	15	16605	卖盘
09:30:30	11.09	0.01	52	57668	买盘
09:30:27	11.08	0.01	4	4432	买盘
09:30:24	11.07	0.02	14	15498	买盘
09:30:18	11.05	0.01	14	15470	卖盘
09:30:15	11.04	-0.01	141	155664	卖盘
09:30:09	11.05	0.01	5	5525	卖盘
09:30:06	11.04	-0.01	117	129167	卖盘
09:30:03	11.05	--	603	666315	卖盘
09:30:00	11.05	--	0	0	卖盘
09:25:03	11.05	11.05	283	312715	买盘
