成交时间	成交价	价格变动	成交量(手)	成交额(元)	性质
15:00:03	4.89	--	776	379464	买盘
14:57:00	4.89	--	0	0	买盘
14:56:57	4.89	0.01	240	117359	买盘
14:56:51	4.88	-0.01	103	50264	卖盘
14:56:48	4.89	--	85	41565	买盘
14:56:42	4.89	0.01	1	488	买盘
14:56:39	4.88	-0.01	15	7320	卖盘
14:56:33	4.89	0.01	62	30317	买盘
14:56:30	4.88	-0.01	80	39040	卖盘
14:56:24	4.89	0.01	4	1955	买盘
14:56:21	4.88	-0.01	10	4880	卖盘
14:56:18	4.89	--	71	34719	买盘
14:56:15	4.89	0.01	10	4890	买盘
14:56:09	4.88	-0.01	9	4392	卖盘
14:56:03	4.89	0.01	17	8313	买盘
14:55:57	4.88	-0.01	1	488	卖盘
14:55:51	4.89	--	45	22078	卖盘
14:55:48	4.89	--	1	488	卖盘
14:55:42	4.89	--	9	4401	卖盘
14:55:39	4.89	0.01	32	16063	买盘
14:55:33	4.88	--	19	9272	卖盘
14:55:30	4.88	--	10	4880	卖盘
14:55:27	4.88	-0.01	46	22448	卖盘
14:55:24	4.89	--	8	3911	买盘
14:55:18	4.89	0.01	28	13692	买盘
14:55:15	4.88	-0.01	12	5856	卖盘
14:55:09	4.89	0.01	2	977	买盘
14:55:06	4.88	-0.01	9	4392	卖盘
14:55:00	4.89	--	28	13765	卖盘
14:54:51	4.89	--	38	18997	买盘
14:54:45	4.89	--	20	9780	买盘
14:54:39	4.89	0.01	15	7334	买盘
14:54:21	4.88	-0.01	68	33184	卖盘
14:54:18	4.89	--	7	3423	买盘
14:54:15	4.89	--	1	488	买盘
14:54:12	4.89	--	31	15158	买盘
14:54:09	4.89	--	50	24450	买盘
14:54:06	4.89	--	20	9780	买盘
14:54:03	4.89	--	15	7334	买盘
14:53:57	4.89	--	5	2445	买盘
14:53:51	4.89	--	35	17115	买盘
14:53:48	4.89	0.01	185	90465	买盘
14:53:42	4.88	-0.01	20	9760	卖盘
14:53:39	4.89	--	41	20049	买盘
14:53:33	4.89	0.01	70	34230	买盘
14:53:30	4.88	-0.01	180	87840	卖盘
14:53:27	4.89	0.01	82	40098	买盘
14:53:24	4.88	-0.01	90	43920	卖盘
14:53:18	4.89	0.01	4	1955	买盘
14:53:15	4.88	-0.01	744	363072	卖盘
14:53:12	4.89	--	10	4890	买盘
14:53:06	4.89	--	5	2445	买盘
14:53:03	4.89	0.01	20	9780	买盘
14:53:00	4.88	-0.01	235	114680	卖盘
14:52:57	4.89	--	16	7823	买盘
14:52:54	4.89	0.01	1	488	买盘
14:52:48	4.88	-0.01	150	73200	卖盘
14:52:45	4.89	0.01	25	12225	买盘
14:52:39	4.88	--	5	2440	卖盘
14:52:36	4.88	-0.01	3	1464	卖盘
14:52:33	4.89	--	152	74328	买盘
14:52:30	4.89	--	1	488	买盘
14:52:27	4.89	0.01	30	14669	买盘
14:52:24	4.88	--	10	4880	卖盘
14:52:09	4.88	--	5	2440	卖盘
14:52:06	4.88	-0.01	67	32940	卖盘
14:52:03	4.89	--	25	12225	买盘
14:52:00	4.89	0.01	55	26895	买盘
14:51:57	4.88	-0.01	87	42456	卖盘
14:51:54	4.89	0.01	15	7334	买盘
14:51:51	4.88	-0.01	21	10248	卖盘
14:51:48	4.89	0.01	161	78729	买盘
14:51:27	4.88	-0.01	9	4392	卖盘
14:51:09	4.89	0.01	5	2445	买盘
14:50:57	4.88	--	55	26840	卖盘
14:50:51	4.88	-0.01	6	2928	卖盘
14:50:30	4.89	--	10	4890	买盘
14:50:24	4.89	0.01	3	1467	买盘
14:50:21	4.88	-0.01	5	2440	卖盘
14:50:15	4.89	--	10	4890	买盘
14:50:09	4.89	--	52	25428	买盘
14:50:03	4.89	--	1	488	买盘
14:49:54	4.89	--	27	13203	买盘
14:49:51	4.89	--	100	48900	买盘
14:49:48	4.89	--	6	2934	买盘
14:49:39	4.89	-0.01	565	276553	卖盘
14:49:30	4.9	0.01	10	4900	买盘
14:49:21	4.89	--	200	97800	卖盘
14:49:18	4.89	--	9	4401	卖盘
14:49:06	4.89	-0.01	2	977	卖盘
14:49:00	4.9	0.01	4	1960	买盘
14:48:57	4.89	--	18	8802	卖盘
14:48:42	4.89	--	77	37653	卖盘
14:48:30	4.89	--	100	48900	卖盘
14:48:24	4.89	--	88	43032	卖盘
14:48:21	4.89	--	9	4401	卖盘
14:48:18	4.89	-0.01	497	243032	卖盘
14:48:09	4.9	--	5	2450	买盘
14:48:00	4.9	--	20	9800	买盘
14:47:48	4.9	0.01	5	2450	买盘
14:47:39	4.89	--	471	230539	卖盘
14:47:24	4.89	-0.01	15	7334	卖盘
14:47:18	4.9	--	5	2450	买盘
14:47:12	4.9	--	17	8330	买盘
14:47:09	4.9	0.01	120	58800	买盘
14:46:51	4.89	-0.01	15	7364	卖盘
14:46:30	4.9	--	18	8820	买盘
14:46:18	4.9	--	8	3920	买盘
14:46:06	4.9	0.01	17	8330	买盘
14:45:51	4.89	-0.01	61	29828	卖盘
14:45:45	4.9	0.01	5	2450	买盘
14:45:42	4.89	--	62	30317	卖盘
14:45:33	4.89	-0.01	12	5868	卖盘
14:45:15	4.9	0.01	144	70560	买盘
14:45:00	4.89	-0.01	1	733	卖盘
14:44:57	4.9	--	81	39690	买盘
14:44:54	4.9	--	17	8330	买盘
14:44:48	4.9	0.01	64	31360	买盘
14:44:45	4.89	-0.01	2	977	卖盘
14:44:39	4.9	--	11	5390	买盘
14:43:57	4.9	0.01	29	14210	买盘
14:43:51	4.89	-0.01	200	97800	卖盘
14:43:45	4.9	--	41	20090	买盘
14:43:36	4.9	--	1	490	买盘
14:43:33	4.9	--	8	3920	买盘
14:43:30	4.9	0.01	490	240100	买盘
14:43:12	4.89	--	63	30806	卖盘
14:43:06	4.89	--	500	244499	卖盘
14:43:03	4.89	-0.01	9	4401	卖盘
14:42:51	4.9	--	10	4900	买盘
14:42:48	4.9	--	20	9800	买盘
14:42:45	4.9	--	8	3920	买盘
14:42:42	4.9	0.01	100	49000	买盘
14:42:33	4.89	--	15	7334	卖盘
14:42:30	4.89	-0.01	26	12714	卖盘
14:42:24	4.9	--	4	1960	买盘
14:42:21	4.9	--	11	5390	买盘
14:42:03	4.9	--	311	152390	买盘
14:41:54	4.9	--	8	3920	买盘
14:41:48	4.9	--	114	55860	买盘
14:41:45	4.9	--	6	2940	买盘
14:41:36	4.9	0.01	204	99960	买盘
14:41:21	4.89	-0.01	15	7334	卖盘
14:41:15	4.9	--	51	24990	买盘
14:41:06	4.9	0.01	204	99960	买盘
14:41:00	4.89	--	1	488	卖盘
14:40:51	4.89	-0.01	57	27872	卖盘
14:40:45	4.9	--	20	9800	买盘
14:40:39	4.9	--	1	490	买盘
14:40:27	4.9	0.01	204	99960	买盘
14:40:00	4.89	-0.01	30	14669	卖盘
14:39:33	4.9	0.01	204	99960	买盘
14:39:27	4.89	--	20	9780	卖盘
14:39:24	4.89	--	15	7334	卖盘
14:39:18	4.89	-0.01	4	1955	卖盘
14:39:12	4.9	0.01	17	8330	买盘
14:38:48	4.89	-0.01	110	53790	卖盘
14:38:33	4.9	0.01	1	490	买盘
14:38:30	4.89	--	107	52323	卖盘
14:38:24	4.89	--	56	27384	卖盘
14:38:12	4.89	--	5	2904	卖盘
14:38:09	4.89	-0.01	100	48900	卖盘
14:38:06	4.9	0.01	164	80360	买盘
14:37:51	4.89	--	5	2445	卖盘
14:37:48	4.89	--	63	30806	卖盘
14:37:36	4.89	-0.01	10	4890	卖盘
14:37:06	4.9	--	67	32830	买盘
14:36:54	4.9	--	144	70560	买盘
14:36:48	4.9	0.01	1	490	买盘
14:36:27	4.89	-0.01	55	26895	卖盘
14:36:24	4.9	--	1	490	卖盘
14:36:21	4.9	--	12	5880	卖盘
14:36:15	4.9	--	21	10290	买盘
14:36:12	4.9	--	2	980	买盘
14:36:09	4.9	--	11	5390	买盘
14:36:06	4.9	--	60	29400	买盘
14:36:00	4.9	--	7	3430	卖盘
14:35:54	4.9	--	23	11270	买盘
14:35:51	4.9	--	144	70560	买盘
14:35:45	4.9	0.01	50	24500	买盘
14:35:36	4.89	-0.01	50	24450	卖盘
14:35:30	4.9	--	10	4900	买盘
14:35:27	4.9	--	17	8330	买盘
14:35:06	4.9	--	123	60270	卖盘
14:35:00	4.9	--	5	2450	卖盘
14:34:54	4.9	--	9	4410	卖盘
14:34:51	4.9	--	3	1470	卖盘
14:34:48	4.9	--	27	13230	卖盘
14:34:45	4.9	--	5	2450	买盘
14:34:33	4.9	--	144	70560	买盘
14:34:21	4.9	-0.01	31	15190	卖盘
14:34:18	4.91	0.01	5	2455	买盘
14:34:15	4.9	--	29	14210	卖盘
14:34:09	4.9	--	5	2450	卖盘
14:34:06	4.9	--	5	2450	卖盘
14:34:00	4.9	--	20	9800	卖盘
14:33:57	4.9	--	105	51450	买盘
14:33:51	4.9	--	2	980	买盘
14:33:48	4.9	--	40	19600	买盘
14:33:36	4.9	--	43	21315	卖盘
14:33:33	4.9	--	100	49000	卖盘
14:33:30	4.9	--	40	19600	卖盘
14:33:24	4.9	-0.01	82	40180	卖盘
14:33:18	4.91	0.01	184	90344	买盘
14:33:15	4.9	--	22	10780	卖盘
14:33:12	4.9	--	30	14700	卖盘
14:33:09	4.9	--	40	19600	卖盘
14:33:03	4.9	--	24	12005	买盘
14:32:57	4.9	--	50	24500	买盘
14:32:54	4.9	--	13	6370	买盘
14:32:51	4.9	--	40	19600	买盘
14:32:48	4.9	--	15	7350	买盘
14:32:45	4.9	--	30	14700	买盘
14:32:42	4.9	--	147	72275	卖盘
14:32:36	4.9	--	36	17640	卖盘
14:32:30	4.9	--	22	10780	卖盘
14:32:21	4.9	--	10	4900	卖盘
14:32:18	4.9	-0.01	11	5635	卖盘
14:32:12	4.91	0.01	144	70704	买盘
14:32:09	4.9	--	10	4900	卖盘
14:32:03	4.9	--	3	1470	卖盘
14:32:00	4.9	--	62	30380	卖盘
14:31:57	4.9	--	57	27930	卖盘
14:31:54	4.9	--	4	1960	卖盘
14:31:51	4.9	--	10	4900	卖盘
14:31:45	4.9	--	96	47040	卖盘
14:31:39	4.9	--	113	55370	卖盘
14:31:30	4.9	--	259	127155	卖盘
14:31:24	4.9	--	63	30870	卖盘
14:31:15	4.9	--	68	33320	卖盘
14:30:57	4.9	-0.01	32	15680	卖盘
14:30:54	4.91	--	259	127169	卖盘
14:30:51	4.91	-0.01	33	16203	卖盘
14:30:48	4.92	0.01	17	8364	买盘
14:30:42	4.91	-0.01	68	33388	卖盘
14:30:39	4.92	0.01	35	17220	买盘
14:30:36	4.91	--	100	49100	卖盘
14:30:33	4.91	--	21	10311	卖盘
14:30:30	4.91	--	1	491	卖盘
14:30:27	4.91	-0.01	60	29460	卖盘
14:30:21	4.92	--	180	88560	买盘
14:30:06	4.92	--	1	492	买盘
14:30:03	4.92	0.01	4	1968	买盘
14:30:00	4.91	-0.01	10	4910	卖盘
14:29:39	4.92	0.01	10	4920	买盘
14:29:33	4.91	--	5	2455	卖盘
14:29:27	4.91	--	20	9820	卖盘
14:29:24	4.91	--	1	491	卖盘
14:29:18	4.91	-0.01	50	24550	卖盘
14:29:00	4.92	0.01	10	4920	买盘
14:28:54	4.91	--	245	120295	卖盘
14:28:42	4.91	--	55	27005	卖盘
14:28:24	4.91	-0.01	100	49100	卖盘
14:28:18	4.92	--	7	3444	买盘
14:27:36	4.92	0.01	10	4920	买盘
14:27:27	4.91	-0.01	9	4419	卖盘
14:27:18	4.92	0.01	144	70848	买盘
14:27:15	4.91	-0.01	1	491	卖盘
14:27:12	4.92	--	15	7380	买盘
14:26:57	4.92	0.01	4	1968	买盘
14:26:51	4.91	--	34	16694	卖盘
14:26:42	4.91	--	50	24550	卖盘
14:26:39	4.91	--	12	5892	卖盘
14:26:33	4.91	--	28	13748	买盘
14:26:27	4.91	--	52	25532	买盘
14:26:24	4.91	--	15	7365	买盘
14:26:21	4.91	--	10	4910	买盘
14:26:15	4.91	--	200	98200	买盘
14:26:12	4.91	--	166	81506	买盘
14:26:09	4.91	0.01	30	14730	买盘
14:26:06	4.9	-0.01	108	52920	卖盘
14:25:45	4.91	0.01	304	149264	买盘
14:25:09	4.9	-0.01	13	6370	卖盘
14:25:00	4.91	--	13	6383	买盘
14:24:42	4.91	0.01	1	491	买盘
14:24:39	4.9	--	68	33320	卖盘
14:24:36	4.9	-0.01	23	11270	卖盘
14:24:15	4.91	0.01	241	118331	买盘
14:24:06	4.9	--	5	2450	卖盘
14:24:03	4.9	--	27	13230	卖盘
14:23:57	4.9	--	100	49000	卖盘
14:23:54	4.9	--	110	53900	卖盘
14:23:51	4.9	--	1	490	卖盘
14:23:45	4.9	--	186	91140	卖盘
14:23:33	4.9	-0.01	160	78400	卖盘
14:23:27	4.91	0.01	1	491	买盘
14:23:24	4.9	-0.01	6	2940	卖盘
14:23:21	4.91	--	65	31915	买盘
14:23:18	4.91	--	20	9820	买盘
14:23:12	4.91	--	19	9329	买盘
14:23:06	4.91	--	15	7365	买盘
14:23:03	4.91	0.01	8	3928	买盘
14:23:00	4.9	-0.01	182	89180	卖盘
14:22:57	4.91	--	6	2946	买盘
14:22:39	4.91	--	8	3928	买盘
14:22:36	4.91	--	144	70704	买盘
14:22:21	4.91	0.01	22	10802	买盘
14:22:18	4.9	-0.01	39	19110	卖盘
14:22:12	4.91	--	11	5401	买盘
14:22:09	4.91	--	10	4910	买盘
14:22:00	4.91	--	21	10311	买盘
14:21:51	4.91	0.01	10	4910	买盘
14:21:48	4.9	--	137	67130	卖盘
14:21:42	4.9	--	10	4900	卖盘
14:21:36	4.9	--	100	49000	卖盘
14:21:18	4.9	-0.01	30	14700	卖盘
14:21:15	4.91	0.01	144	70704	买盘
14:21:12	4.9	--	12	5880	卖盘
14:21:09	4.9	-0.01	15	7350	卖盘
14:21:03	4.91	0.01	7	3437	买盘
14:21:00	4.9	--	60	29400	卖盘
14:20:57	4.9	--	40	19600	卖盘
14:20:48	4.9	-0.01	645	316050	卖盘
14:20:45	4.91	0.01	14	6874	买盘
14:20:42	4.9	--	20	9800	卖盘
14:20:39	4.9	-0.01	1	735	卖盘
14:20:33	4.91	--	7	3437	买盘
14:20:27	4.91	0.01	3	1473	买盘
14:20:18	4.9	--	19	9555	卖盘
14:20:09	4.9	--	10075	4936750	卖盘
14:20:00	4.9	--	548	268520	买盘
14:19:57	4.9	0.01	10	4900	买盘
14:19:51	4.89	-0.01	47	23227	卖盘
14:19:48	4.9	--	74	36260	买盘
14:19:45	4.9	--	1	490	买盘
14:19:39	4.9	--	281	137690	买盘
14:19:30	4.9	--	144	70560	买盘
14:19:15	4.9	--	41	20090	买盘
14:19:00	4.9	--	27	13230	买盘
14:18:45	4.9	0.01	10	4900	买盘
14:18:36	4.89	-0.01	5	2445	卖盘
14:18:33	4.9	--	60	29400	买盘
14:18:27	4.9	--	15	7350	买盘
14:18:21	4.9	--	144	70560	买盘
14:18:18	4.9	0.01	12	5880	买盘
14:18:06	4.89	--	15	7334	卖盘
14:17:51	4.89	--	28	13692	卖盘
14:17:15	4.89	--	26	12714	卖盘
14:17:06	4.89	--	200	97800	卖盘
14:16:51	4.89	-0.01	9	4401	卖盘
14:16:48	4.9	0.01	15	7350	买盘
14:16:45	4.89	--	7	3667	卖盘
14:16:33	4.89	-0.01	6	2934	卖盘
14:16:27	4.9	--	28	13720	买盘
14:15:57	4.9	0.01	142	69580	买盘
14:15:51	4.89	--	10	4890	卖盘
14:15:45	4.89	--	68	33252	卖盘
14:15:42	4.89	--	415	203179	买盘
14:15:33	4.89	--	150	73350	买盘
14:15:30	4.89	0.01	20	9780	买盘
14:15:27	4.88	-0.01	23	11224	卖盘
14:15:24	4.89	--	10	4890	买盘
14:15:21	4.89	--	44	21516	买盘
14:15:12	4.89	--	167	81663	买盘
14:15:09	4.89	--	160	78240	买盘
14:15:00	4.89	0.01	38	18582	买盘
14:14:57	4.88	-0.01	15	7564	卖盘
14:14:54	4.89	--	51	24939	买盘
14:14:48	4.89	--	50	24450	买盘
14:14:24	4.89	0.01	10	4890	买盘
14:14:18	4.88	-0.01	3	1464	卖盘
14:14:12	4.89	--	10	4890	买盘
14:14:00	4.89	--	20	9780	买盘
14:13:54	4.89	--	40	19560	买盘
14:13:45	4.89	0.01	303	148167	买盘
14:13:39	4.88	-0.01	47	22936	卖盘
14:13:36	4.89	--	144	70416	买盘
14:13:33	4.89	--	76	37164	买盘
14:13:18	4.89	--	10	4890	买盘
14:13:03	4.89	--	39	19071	买盘
14:12:57	4.89	--	25	12225	买盘
14:12:18	4.89	--	13	6357	买盘
14:12:06	4.89	--	50	24450	买盘
14:12:03	4.89	--	522	255502	卖盘
14:11:57	4.89	--	46	22494	卖盘
14:11:45	4.89	-0.01	37	18337	卖盘
14:11:21	4.9	--	76	37240	买盘
14:11:12	4.9	0.01	2	980	买盘
14:10:57	4.89	--	311	152079	买盘
14:10:42	4.89	--	50	24450	买盘
14:10:39	4.89	--	6	2934	买盘
14:10:24	4.89	--	40	19560	买盘
14:10:18	4.89	0.01	3	1467	买盘
14:10:15	4.88	-0.01	46	22448	卖盘
14:10:09	4.89	--	75	36675	买盘
14:10:06	4.89	--	18	8802	买盘
14:09:45	4.89	--	15	7334	买盘
14:09:42	4.89	--	1	488	买盘
14:09:39	4.89	--	6	2934	买盘
14:09:36	4.89	--	144	70416	买盘
14:09:21	4.89	--	10	4890	买盘
14:09:15	4.89	-0.01	421	205869	卖盘
14:09:06	4.9	0.01	4	1960	买盘
14:09:00	4.89	-0.01	50	24450	卖盘
14:08:57	4.9	0.01	50	24500	买盘
14:08:30	4.89	--	10	4890	卖盘
14:08:18	4.89	--	10	4890	卖盘
14:08:03	4.89	--	5	2445	卖盘
14:07:57	4.89	--	80	39120	卖盘
14:07:51	4.89	--	46	22494	卖盘
14:07:12	4.89	--	9	4401	卖盘
14:07:09	4.89	-0.01	13	6601	卖盘
14:07:00	4.9	--	144	70560	买盘
14:06:54	4.9	0.01	50	24500	买盘
14:06:51	4.89	--	10	4890	卖盘
14:06:48	4.89	--	20	9780	卖盘
14:06:27	4.89	--	82	40098	卖盘
14:06:18	4.89	--	6	2934	卖盘
14:06:09	4.89	--	127	62102	卖盘
14:06:03	4.89	--	138	67482	卖盘
14:05:54	4.89	--	87	42543	卖盘
14:05:48	4.89	--	25	12225	卖盘
14:05:45	4.89	--	200	97800	卖盘
14:05:27	4.89	--	4	2200	卖盘
14:04:51	4.89	--	1	733	卖盘
14:04:45	4.89	-0.01	430	210270	卖盘
14:04:42	4.9	--	144	70560	买盘
14:04:15	4.9	0.01	50	24500	买盘
14:04:12	4.89	--	100	48900	卖盘
14:04:03	4.89	--	10	4890	卖盘
14:04:00	4.89	-0.01	10	4890	卖盘
14:03:57	4.9	0.01	5	2450	买盘
14:03:51	4.89	--	1	733	卖盘
14:03:45	4.89	--	57	27872	卖盘
14:03:33	4.89	--	100	48900	卖盘
14:03:21	4.89	--	6	2934	卖盘
14:03:09	4.89	--	1	488	卖盘
14:02:51	4.89	--	2	977	卖盘
14:02:48	4.89	-0.01	10	4890	卖盘
14:02:42	4.9	0.01	144	70560	买盘
14:02:33	4.89	--	49	23961	卖盘
14:02:12	4.89	--	25	12225	卖盘
14:01:45	4.89	-0.01	7	3423	卖盘
14:01:27	4.9	0.01	30	14700	买盘
14:01:00	4.89	-0.01	10	4890	卖盘
14:00:57	4.9	0.01	2	980	买盘
14:00:45	4.89	--	7	3423	卖盘
14:00:39	4.89	--	100	48900	卖盘
14:00:21	4.89	-0.01	10	4890	卖盘
14:00:15	4.9	--	72	35280	买盘
13:59:42	4.9	--	25	12250	买盘
13:59:33	4.9	0.01	4	1960	买盘
13:59:30	4.89	--	23	11247	卖盘
13:59:09	4.89	-0.01	9	4401	卖盘
13:58:57	4.9	--	5	2450	买盘
13:58:45	4.9	--	56	27440	买盘
13:58:39	4.9	--	10	4900	买盘
13:58:30	4.9	--	1	490	买盘
13:58:18	4.9	--	144	70560	买盘
13:58:06	4.9	--	9	4410	买盘
13:58:00	4.9	--	10	4900	买盘
13:57:51	4.9	--	53	25970	买盘
13:57:39	4.9	--	18	8820	买盘
13:57:33	4.9	--	21	10290	买盘
13:57:18	4.9	--	144	70560	买盘
13:57:15	4.9	--	83	40670	买盘
13:57:03	4.9	--	1	490	买盘
13:56:57	4.9	0.01	1	490	买盘
13:56:45	4.89	--	200	97800	卖盘
13:56:33	4.89	-0.01	23	11247	卖盘
13:56:21	4.9	--	20	9800	买盘
13:56:12	4.9	0.01	23	11270	买盘
13:56:09	4.89	-0.01	67	32762	卖盘
13:56:03	4.9	--	30	14700	买盘
13:55:57	4.9	--	75	36750	买盘
13:55:30	4.9	--	20	9800	买盘
13:55:18	4.9	--	1	490	买盘
13:55:03	4.9	--	1	490	买盘
13:54:30	4.9	0.01	144	70560	买盘
13:54:27	4.89	-0.01	57	27872	卖盘
13:54:03	4.9	0.01	76	37240	买盘
13:53:51	4.89	--	20	9780	卖盘
13:53:45	4.89	-0.01	362	177018	卖盘
13:53:36	4.9	0.01	2	980	买盘
13:53:27	4.89	--	100	48900	卖盘
13:53:24	4.89	--	4	1955	卖盘
13:53:21	4.89	--	10	4890	卖盘
13:53:15	4.89	-0.01	10	4890	卖盘
13:53:09	4.9	--	80	39200	买盘
13:53:06	4.9	--	14	6860	买盘
13:52:39	4.9	--	9	4410	买盘
13:52:24	4.9	--	28	13720	买盘
13:52:21	4.9	--	25	12250	买盘
13:52:18	4.9	0.01	10	4900	买盘
13:52:15	4.89	-0.01	9	4401	卖盘
13:52:09	4.9	--	18	8820	买盘
13:51:57	4.9	--	1	490	买盘
13:51:48	4.9	0.01	3	1470	买盘
13:51:39	4.89	--	690	337410	卖盘
13:51:18	4.89	--	14	6846	卖盘
13:51:00	4.89	--	15	7334	卖盘
13:50:57	4.89	-0.01	12	5868	卖盘
13:50:24	4.9	0.01	233	114170	买盘
13:50:12	4.89	-0.01	31	15158	卖盘
13:49:45	4.9	0.01	26	12740	买盘
13:49:39	4.89	-0.01	4	2200	卖盘
13:49:30	4.9	--	26	12740	买盘
13:49:15	4.9	0.01	90	44100	买盘
13:49:12	4.89	-0.01	5	2445	卖盘
13:49:06	4.9	0.01	25	12250	买盘
13:49:00	4.89	--	38	18582	买盘
13:48:48	4.89	--	36	17604	买盘
13:48:42	4.89	--	40	19560	买盘
13:48:30	4.89	--	26	12714	买盘
13:48:27	4.89	0.01	105	51345	中性盘
13:48:12	4.88	-0.01	40	19520	卖盘
13:48:03	4.89	--	5	2445	买盘
13:47:57	4.89	--	206	100734	买盘
13:47:54	4.89	--	30	14669	买盘
13:47:48	4.89	--	26	12714	买盘
13:47:36	4.89	--	18	8802	买盘
13:47:33	4.89	-0.01	441	215649	卖盘
13:47:06	4.9	--	58	28420	买盘
13:47:00	4.9	--	102	49980	买盘
13:46:45	4.9	0.01	25	12250	买盘
13:46:39	4.89	-0.01	3	1467	卖盘
13:46:30	4.9	--	100	49000	买盘
13:46:27	4.9	--	26	12740	买盘
13:46:12	4.9	0.01	26	12740	买盘
13:46:00	4.89	-0.01	21	10269	卖盘
13:45:45	4.9	0.01	26	12740	买盘
13:45:27	4.89	--	46	22738	买盘
13:45:24	4.89	--	1	488	买盘
13:45:18	4.89	--	62	30562	卖盘
13:45:09	4.89	--	0	244	买盘
13:45:06	4.89	--	26	12714	买盘
13:44:51	4.89	--	36	17604	买盘
13:44:48	4.89	--	13	6357	买盘
13:44:45	4.89	--	134	65525	买盘
13:44:42	4.89	--	10	4890	买盘
13:44:33	4.89	--	25	12225	买盘
13:44:24	4.89	--	26	12714	买盘
13:44:21	4.89	--	8	3911	买盘
13:44:12	4.89	--	27	13203	买盘
13:44:06	4.89	--	6	2934	买盘
13:44:00	4.89	0.01	10	4890	买盘
13:43:54	4.88	-0.01	10	4880	卖盘
13:43:51	4.89	0.01	26	12714	买盘
13:43:48	4.88	-0.01	50	24400	卖盘
13:43:33	4.89	--	50	24450	买盘
13:43:30	4.89	--	26	12714	买盘
13:43:18	4.89	0.01	4	1955	买盘
13:43:15	4.88	-0.01	150	73200	卖盘
13:43:06	4.89	--	26	12714	买盘
13:43:00	4.89	--	42	20538	买盘
13:42:48	4.89	--	26	12714	买盘
13:42:33	4.89	0.01	27	13203	买盘
13:42:30	4.88	-0.01	1	488	卖盘
13:42:27	4.89	--	26	12714	买盘
13:42:21	4.89	--	4	1955	买盘
13:42:18	4.89	--	10	4890	买盘
13:42:12	4.89	--	25	12225	买盘
13:42:09	4.89	0.01	54	26406	买盘
13:42:03	4.88	-0.01	60	29280	卖盘
13:42:00	4.89	--	20	9780	买盘
13:41:57	4.89	--	49	23961	买盘
13:41:51	4.89	--	20	9780	买盘
13:41:48	4.89	0.01	27	13203	买盘
13:41:42	4.88	-0.01	10	4880	卖盘
13:41:36	4.89	--	100	48900	买盘
13:41:27	4.89	--	26	12714	买盘
13:41:15	4.89	-0.01	86	42054	卖盘
13:41:09	4.9	--	26	12740	买盘
13:41:00	4.9	0.01	20	9800	买盘
13:40:54	4.89	-0.01	15	7334	卖盘
13:40:48	4.9	--	26	12740	买盘
13:40:27	4.9	0.01	26	12740	买盘
13:40:21	4.89	-0.01	39	19071	卖盘
13:40:09	4.9	--	26	12740	买盘
13:39:48	4.9	0.02	26	12740	买盘
13:39:33	4.88	-0.02	21	10248	卖盘
13:39:30	4.9	0.02	25	12250	买盘
13:39:09	4.88	-0.01	38	18544	卖盘
13:39:06	4.89	--	11	5623	买盘
13:38:48	4.89	--	26	12714	买盘
13:38:45	4.89	--	69	33741	买盘
13:38:39	4.89	0.01	10	4890	买盘
13:38:36	4.88	-0.01	5	2440	卖盘
13:38:27	4.89	--	26	12714	买盘
13:38:24	4.89	--	30	14669	买盘
13:38:12	4.89	--	26	12714	买盘
13:38:00	4.89	--	102	49878	买盘
13:37:54	4.89	--	60	29339	买盘
13:37:48	4.89	--	26	12714	买盘
13:37:42	4.89	--	5	2445	买盘
13:37:39	4.89	--	11	5379	买盘
13:37:24	4.89	--	27	13203	买盘
13:37:15	4.89	0.01	10	4890	买盘
13:37:09	4.88	-0.01	2	976	卖盘
13:37:06	4.89	--	25	12225	买盘
13:37:00	4.89	--	15	7334	买盘
13:36:57	4.89	--	10	4890	买盘
13:36:48	4.89	--	26	12714	买盘
13:36:42	4.89	--	83	40831	卖盘
13:36:27	4.89	--	2	1222	买盘
13:36:24	4.89	--	1	488	买盘
13:36:15	4.89	-0.01	46	22738	卖盘
13:36:12	4.9	--	26	12740	买盘
13:35:48	4.9	--	26	12740	买盘
13:35:45	4.9	0.01	16	7840	买盘
13:35:33	4.89	-0.01	50	24450	卖盘
13:35:27	4.9	--	37	18130	买盘
13:35:12	4.9	--	26	12740	买盘
13:35:06	4.9	--	24	11760	买盘
13:34:51	4.9	0.01	25	12250	买盘
13:34:48	4.89	-0.01	15	7334	卖盘
13:34:30	4.9	--	26	12740	买盘
13:34:12	4.9	--	26	12740	买盘
13:33:51	4.9	--	27	13230	买盘
13:33:42	4.9	--	3	1470	买盘
13:33:30	4.9	0.01	26	12740	买盘
13:33:15	4.89	-0.01	7	3667	卖盘
13:33:12	4.9	0.01	26	12740	买盘
13:33:09	4.89	--	50	24450	卖盘
13:32:57	4.89	-0.01	38	18582	卖盘
13:32:54	4.9	0.01	26	12740	买盘
13:32:48	4.89	--	31	15403	卖盘
13:32:42	4.89	-0.01	110	53790	卖盘
13:32:30	4.9	0.01	25	12250	买盘
13:32:24	4.89	-0.01	86	42054	卖盘
13:32:12	4.9	--	26	12740	买盘
13:31:48	4.9	--	26	12740	买盘
13:31:45	4.9	--	5	2450	买盘
13:31:42	4.9	0.01	3	1470	买盘
13:31:36	4.89	-0.01	19	9291	卖盘
13:31:30	4.9	--	1	490	买盘
13:31:27	4.9	--	26	12740	买盘
13:31:12	4.9	0.01	8	3920	买盘
13:31:09	4.89	--	44	21516	卖盘
13:31:03	4.89	-0.01	10	4890	卖盘
13:30:51	4.9	--	22	10780	买盘
13:30:45	4.9	--	64	31360	买盘
13:30:42	4.9	--	6	2940	买盘
13:30:39	4.9	--	30	14700	买盘
13:30:27	4.9	--	26	12740	买盘
13:30:18	4.9	0.01	1	490	买盘
13:30:09	4.89	-0.01	2	977	卖盘
13:29:54	4.9	--	21	10290	买盘
13:29:51	4.9	0.01	20	9800	买盘
13:29:06	4.89	-0.01	9	4401	卖盘
13:29:03	4.9	0.01	14	6860	买盘
13:29:00	4.89	-0.01	6	3178	卖盘
13:28:57	4.9	--	10	4900	买盘
13:28:54	4.9	0.01	1	490	买盘
13:28:48	4.89	--	20	9780	卖盘
13:28:42	4.89	--	20	9780	卖盘
13:28:39	4.89	-0.01	30	14669	卖盘
13:28:36	4.9	0.01	21	10290	买盘
13:28:21	4.89	--	12	5868	卖盘
13:28:15	4.89	--	60	29339	卖盘
13:27:57	4.89	--	12	5868	卖盘
13:27:54	4.89	--	11	5379	卖盘
13:27:45	4.89	--	32	15647	卖盘
13:27:27	4.89	-0.01	3	1467	卖盘
13:27:24	4.9	0.01	11	5390	买盘
13:27:09	4.89	--	10	4890	卖盘
13:26:57	4.89	--	99	48411	卖盘
13:26:54	4.89	-0.01	10	4890	卖盘
13:26:30	4.9	0.01	6	2940	买盘
13:25:45	4.89	--	188	91932	卖盘
13:24:45	4.89	--	59	28850	卖盘
13:24:42	4.89	-0.01	65	31784	卖盘
13:24:39	4.9	0.01	13	6370	买盘
13:24:36	4.89	-0.01	1	488	卖盘
13:24:12	4.9	0.01	3	1470	买盘
13:24:03	4.89	--	21	10269	卖盘
13:24:00	4.89	--	141	68949	卖盘
13:23:51	4.89	-0.01	30	14669	卖盘
13:23:42	4.9	0.01	2	980	买盘
13:23:06	4.89	-0.01	48	23472	卖盘
13:23:03	4.9	--	1	490	买盘
13:22:45	4.9	--	55	27097	卖盘
13:22:36	4.9	--	100	49000	卖盘
13:22:33	4.9	-0.01	50	24500	卖盘
13:22:27	4.91	--	1	491	买盘
13:22:21	4.91	0.01	1	491	买盘
13:22:15	4.9	--	30	14700	卖盘
13:22:06	4.9	--	200	98000	卖盘
13:21:51	4.9	-0.01	10	4900	卖盘
13:21:45	4.91	0.01	100	49100	买盘
13:21:30	4.9	--	47	23030	卖盘
13:21:27	4.9	-0.01	290	142100	卖盘
13:21:15	4.91	0.01	80	39280	买盘
13:21:06	4.9	--	20	9800	卖盘
13:20:45	4.9	--	5	2450	卖盘
13:20:42	4.9	-0.01	56	27440	卖盘
13:20:30	4.91	--	3	1473	买盘
13:20:06	4.91	0.01	40	19640	买盘
13:19:57	4.9	--	9	4410	卖盘
13:18:54	4.9	--	20	9800	卖盘
13:18:33	4.9	-0.01	5	2450	卖盘
13:18:18	4.91	--	102	50082	买盘
13:18:09	4.91	--	200	98200	买盘
13:18:00	4.91	--	50	24550	买盘
13:17:54	4.91	0.01	100	49100	买盘
13:17:36	4.9	-0.01	120	58800	卖盘
13:17:33	4.91	0.01	6	2946	买盘
13:17:27	4.9	--	9	4410	卖盘
13:17:24	4.9	-0.01	10	4900	卖盘
13:17:06	4.91	0.01	2	982	买盘
13:17:03	4.9	-0.01	62	30380	卖盘
13:16:57	4.91	--	1	491	买盘
13:16:39	4.91	0.01	102	50082	买盘
13:16:15	4.9	-0.01	30	14700	卖盘
13:16:06	4.91	--	28	13748	买盘
13:16:03	4.91	--	10	4910	买盘
13:16:00	4.91	--	24	11784	买盘
13:15:39	4.91	0.01	1	491	买盘
13:15:33	4.9	-0.01	10	4900	卖盘
13:15:21	4.91	0.01	5	2455	买盘
13:15:09	4.9	-0.01	3	1470	卖盘
13:15:03	4.91	0.01	6	2946	买盘
13:15:00	4.9	--	145	71050	卖盘
13:14:54	4.9	--	112	54880	卖盘
13:14:48	4.9	--	50	24500	卖盘
13:14:15	4.9	-0.01	24	11760	卖盘
13:14:12	4.91	0.01	3	1473	买盘
13:14:03	4.9	-0.01	3	1470	卖盘
13:13:57	4.91	0.01	33	16203	买盘
13:13:54	4.9	-0.01	2	980	卖盘
13:13:51	4.91	0.01	10	4910	买盘
13:13:24	4.9	-0.01	60	29400	卖盘
13:13:15	4.91	--	110	54010	买盘
13:13:12	4.91	--	20	9820	买盘
13:13:06	4.91	0.01	2	982	买盘
13:13:03	4.9	-0.01	50	24500	卖盘
13:13:00	4.91	--	25	12275	买盘
13:12:57	4.91	0.01	9	4419	买盘
13:12:54	4.9	--	25	12250	卖盘
13:12:51	4.9	-0.01	1	490	卖盘
13:12:39	4.91	--	26	12766	买盘
13:12:36	4.91	--	4	1964	买盘
13:12:27	4.91	--	5	2455	买盘
13:12:24	4.91	--	26	12766	买盘
13:12:06	4.91	--	25	12275	买盘
13:12:00	4.91	0.01	26	12766	买盘
13:11:51	4.9	-0.01	200	98000	卖盘
13:11:45	4.91	--	3	1473	买盘
13:11:39	4.91	--	3	1473	买盘
13:11:36	4.91	0.01	26	12766	买盘
13:11:24	4.9	--	5	2450	卖盘
13:11:21	4.9	--	144	70903	买盘
13:11:18	4.9	--	26	12740	买盘
13:11:09	4.9	--	6	2940	买盘
13:11:03	4.9	--	26	12740	买盘
13:10:57	4.9	--	10	4900	买盘
13:10:39	4.9	--	31	15190	买盘
13:10:30	4.9	0.01	4	1960	买盘
13:10:24	4.89	-0.01	40	19560	卖盘
13:10:21	4.9	--	26	12740	买盘
13:10:03	4.9	--	26	12740	买盘
13:09:48	4.9	--	26	12740	买盘
13:09:39	4.9	--	26	12740	买盘
13:09:36	4.9	--	71	34790	买盘
13:09:27	4.9	--	16	7840	买盘
13:09:24	4.9	0.01	26	12740	买盘
13:09:15	4.89	--	100	48900	卖盘
13:09:03	4.89	-0.01	10	4890	卖盘
13:09:00	4.9	--	26	12740	买盘
13:08:42	4.9	--	4	1960	买盘
13:08:39	4.9	--	26	12740	买盘
13:08:18	4.9	--	25	12250	买盘
13:08:03	4.9	--	26	12740	买盘
13:08:00	4.9	--	10	4900	买盘
13:07:54	4.9	--	120	58800	买盘
13:07:42	4.9	--	26	12740	买盘
13:07:33	4.9	0.01	25	12250	买盘
13:07:24	4.89	-0.01	49	23961	卖盘
13:07:21	4.9	--	26	12740	买盘
13:07:18	4.9	--	20	9800	买盘
13:07:12	4.9	--	5	2450	买盘
13:07:03	4.9	--	26	12740	买盘
13:06:54	4.9	--	20	9800	买盘
13:06:45	4.9	--	26	12740	买盘
13:06:24	4.9	0.01	36	17640	买盘
13:06:18	4.89	-0.01	44	21516	卖盘
13:05:57	4.9	--	26	12740	买盘
13:05:51	4.9	0.01	56	27440	买盘
13:05:39	4.89	--	61	29828	买盘
13:05:33	4.89	--	13	6357	买盘
13:05:03	4.89	0.01	20	9780	买盘
13:04:48	4.88	-0.01	10	4880	卖盘
13:04:36	4.89	--	21	10269	买盘
13:04:30	4.89	--	5	2445	买盘
13:04:27	4.89	0.01	24	11736	买盘
13:04:24	4.88	-0.01	50	24400	卖盘
13:04:21	4.89	--	60	29339	买盘
13:04:18	4.89	0.01	8	3911	买盘
13:03:57	4.88	-0.01	106	51728	卖盘
13:03:51	4.89	--	30	14669	买盘
13:03:45	4.89	--	26	12714	买盘
13:03:39	4.89	0.01	60	29339	买盘
13:03:24	4.88	-0.01	120	58560	卖盘
13:03:12	4.89	--	10	4890	买盘
13:03:03	4.89	0.01	1	488	买盘
13:02:33	4.88	-0.01	80	39040	卖盘
13:02:24	4.89	--	3	1467	买盘
13:02:03	4.89	0.01	15	7334	买盘
13:01:39	4.88	--	22	10736	卖盘
13:01:36	4.88	-0.01	120	58560	卖盘
13:01:12	4.89	0.01	120	58679	买盘
13:01:09	4.88	-0.01	5	2440	卖盘
13:00:09	4.89	--	15	7334	买盘
13:00:06	4.89	0.01	7	3423	买盘
13:00:03	4.88	-0.02	415	202520	卖盘
13:00:00	4.9	--	0	0	买盘
11:30:00	4.9	--	0	0	买盘
11:29:54	4.9	0.02	5	2450	买盘
11:29:45	4.88	-0.01	200	97600	卖盘
11:29:36	4.89	-0.01	202	98778	卖盘
11:29:33	4.9	0.01	1	490	买盘
11:29:30	4.89	-0.01	6	2934	卖盘
11:29:18	4.9	0.01	12	5880	买盘
11:29:09	4.89	--	123	60146	卖盘
11:29:06	4.89	-0.01	16	7823	卖盘
11:28:42	4.9	--	86	42140	买盘
11:28:30	4.9	0.01	85	41650	买盘
11:28:27	4.89	-0.01	3	1467	卖盘
11:28:06	4.9	0.01	9	4410	买盘
11:27:48	4.89	--	20	9780	中性盘
11:26:39	4.89	-0.01	15	7334	中性盘
11:26:21	4.9	0.01	33	16170	买盘
11:26:15	4.89	--	69	33741	买盘
11:26:12	4.89	--	110	53790	买盘
11:26:06	4.89	--	40	19560	买盘
11:26:03	4.89	--	51	24939	买盘
11:26:00	4.89	--	11	5379	买盘
11:25:45	4.89	--	3	1467	买盘
11:25:42	4.89	--	56	27384	卖盘
11:25:12	4.89	0.01	15	7334	买盘
11:25:00	4.88	--	20	9760	卖盘
11:24:48	4.88	--	19	9272	卖盘
11:24:33	4.88	--	1	488	卖盘
11:24:15	4.88	--	100	48800	卖盘
11:24:03	4.88	--	79	38552	买盘
11:24:00	4.88	--	3	1464	买盘
11:23:57	4.88	--	173	84424	买盘
11:23:54	4.88	--	30	14640	买盘
11:23:51	4.88	--	30	14640	买盘
11:23:48	4.88	--	20	9760	买盘
11:23:45	4.88	--	177	86376	买盘
11:23:42	4.88	--	39	19032	买盘
11:23:39	4.88	0.01	10	4880	买盘
11:23:36	4.87	-0.01	25	12175	卖盘
11:23:33	4.88	--	144	70272	买盘
11:23:30	4.88	--	58	28304	买盘
11:23:21	4.88	--	4	1952	买盘
11:23:09	4.88	--	3	1464	买盘
11:23:06	4.88	0.01	100	48800	买盘
11:23:03	4.87	-0.01	51	24837	卖盘
11:23:00	4.88	--	2	976	买盘
11:22:57	4.88	--	7	3416	买盘
11:22:54	4.88	0.01	110	53680	买盘
11:22:51	4.87	-0.01	30	14610	卖盘
11:22:48	4.88	--	100	48800	买盘
11:22:45	4.88	--	90	43920	买盘
11:22:42	4.88	0.01	107	52216	买盘
11:22:36	4.87	--	15	7305	卖盘
11:22:30	4.87	--	80	38960	卖盘
11:22:27	4.87	-0.01	26	12662	卖盘
11:22:24	4.88	--	205	100040	买盘
11:22:21	4.88	0.01	10	4880	买盘
11:22:15	4.87	-0.01	25	12175	卖盘
11:22:12	4.88	--	5	2440	买盘
11:22:03	4.88	0.01	42	20496	买盘
11:21:54	4.87	-0.01	83	40421	卖盘
11:21:51	4.88	0.01	102	49776	买盘
11:21:48	4.87	--	110	53570	卖盘
11:21:42	4.87	-0.01	95	46265	卖盘
11:21:39	4.88	--	4	1952	买盘
11:21:33	4.88	--	636	310612	卖盘
11:21:09	4.88	-0.01	30	14640	卖盘
11:21:06	4.89	--	72	35208	买盘
11:20:57	4.89	0.01	30	14669	买盘
11:20:54	4.88	-0.01	22	10980	卖盘
11:20:42	4.89	0.01	10	4890	买盘
11:20:39	4.88	-0.01	1	732	卖盘
11:20:27	4.89	--	5	2445	买盘
11:20:21	4.89	-0.01	432	211248	卖盘
11:20:15	4.9	--	1	490	买盘
11:20:12	4.9	--	20	9800	买盘
11:20:00	4.9	--	103	50862	卖盘
11:19:54	4.9	--	76	37240	卖盘
11:19:36	4.9	--	93	45668	买盘
11:19:15	4.9	--	18	8820	买盘
11:19:12	4.9	--	12	5880	买盘
11:18:54	4.9	--	48	23520	买盘
11:18:30	4.9	-0.01	119	58310	卖盘
11:17:54	4.91	--	61	29951	买盘
11:17:36	4.91	0.01	115	56465	买盘
11:17:33	4.9	--	23	11270	卖盘
11:17:21	4.9	--	1	735	卖盘
11:17:06	4.9	--	280	137200	卖盘
11:17:03	4.9	--	4	1960	卖盘
11:16:42	4.9	-0.01	6	2940	卖盘
11:16:30	4.91	0.01	26	12766	买盘
11:16:09	4.9	--	15	7350	卖盘
11:15:57	4.9	--	4	1960	卖盘
11:15:54	4.9	-0.01	50	24500	卖盘
11:15:51	4.91	--	26	12766	买盘
11:15:45	4.91	0.01	29	14239	买盘
11:15:27	4.9	--	8	4165	买盘
11:15:24	4.9	--	39	19110	买盘
11:15:15	4.9	--	26	12740	买盘
11:14:51	4.9	--	26	12740	买盘
11:14:42	4.9	--	33	16415	卖盘
11:14:33	4.9	--	50	24500	卖盘
11:14:30	4.9	--	27	13475	买盘
11:14:27	4.9	--	3	1470	买盘
11:14:24	4.9	--	3	1470	买盘
11:14:09	4.9	--	25	12250	买盘
11:13:57	4.9	--	11	5390	买盘
11:13:54	4.9	--	21	10290	买盘
11:13:51	4.9	--	36	17640	买盘
11:13:39	4.9	--	5	2450	买盘
11:13:33	4.9	--	26	12740	买盘
11:13:30	4.9	-0.01	46	22785	卖盘
11:13:24	4.91	--	6	2946	买盘
11:13:18	4.91	--	61	29951	买盘
11:13:12	4.91	0.01	36	17676	买盘
11:12:57	4.9	-0.01	30	14700	卖盘
11:12:51	4.91	0.01	2	982	买盘
11:12:48	4.9	-0.01	53	25970	卖盘
11:12:36	4.91	0.01	26	12766	买盘
11:12:30	4.9	--	21	10290	卖盘
11:12:24	4.9	--	33	16415	买盘
11:12:18	4.9	--	26	12740	买盘
11:12:09	4.9	--	10	4900	买盘
11:12:00	4.9	--	100	49000	买盘
11:11:54	4.9	--	129	63210	买盘
11:11:48	4.9	--	22	10780	买盘
11:11:45	4.9	--	38	18620	买盘
11:11:33	4.9	--	25	12250	买盘
11:11:12	4.9	0.01	26	12740	买盘
11:11:09	4.89	--	7	3423	卖盘
11:11:06	4.89	--	8	3911	买盘
11:11:03	4.89	--	17	8313	买盘
11:11:00	4.89	--	44	21516	买盘
11:10:57	4.89	--	26	12714	买盘
11:10:51	4.89	--	83	40587	买盘
11:10:48	4.89	0.01	100	48900	买盘
11:10:45	4.88	-0.01	77	37576	卖盘
11:10:42	4.89	--	30	14669	买盘
11:10:39	4.89	--	148	72372	买盘
11:10:36	4.89	--	30	14669	买盘
11:10:33	4.89	--	20	9780	买盘
11:10:24	4.89	--	102	49878	买盘
11:10:18	4.89	0.01	26	12714	买盘
11:10:15	4.88	-0.01	100	48800	卖盘
11:10:12	4.89	0.01	30	14669	买盘
11:09:51	4.88	--	85	41724	卖盘
11:09:45	4.88	--	600	292800	卖盘
11:09:39	4.88	--	10	4880	卖盘
11:09:36	4.88	--	7	3416	卖盘
11:09:33	4.88	--	40	19520	卖盘
11:09:27	4.88	--	47	22936	卖盘
11:09:21	4.88	--	2	976	卖盘
11:09:18	4.88	--	100	48800	卖盘
11:09:12	4.88	--	32	15616	卖盘
11:08:57	4.88	-0.01	82	40016	卖盘
11:08:48	4.89	0.01	41	20049	买盘
11:08:45	4.88	--	102	49776	卖盘
11:08:42	4.88	-0.01	10	4880	卖盘
11:08:36	4.89	0.01	102	49878	买盘
11:08:33	4.88	--	9	4392	卖盘
11:08:27	4.88	-0.01	100	48800	卖盘
11:08:24	4.89	0.01	2	977	买盘
11:08:18	4.88	-0.01	100	48800	卖盘
11:08:03	4.89	--	4	1955	买盘
11:07:57	4.89	--	245	119804	卖盘
11:07:48	4.89	--	100	48900	卖盘
11:07:42	4.89	-0.01	5	2445	卖盘
11:07:33	4.9	--	1	490	买盘
11:07:27	4.9	--	181	88935	卖盘
11:07:24	4.9	--	48	23520	卖盘
11:07:15	4.9	-0.01	88	43120	卖盘
11:07:12	4.91	0.01	110	54010	买盘
11:07:09	4.9	--	4	2205	卖盘
11:06:57	4.9	--	1	490	卖盘
11:06:39	4.9	--	17	8330	买盘
11:06:36	4.9	--	15	7350	买盘
11:06:09	4.9	-0.01	13	6370	卖盘
11:06:06	4.91	0.01	102	50082	买盘
11:06:03	4.9	--	18	8820	卖盘
11:05:51	4.9	--	179	87710	卖盘
11:05:48	4.9	-0.01	40	19600	卖盘
11:05:33	4.91	--	25	12275	买盘
11:05:27	4.91	--	2	982	买盘
11:05:18	4.91	-0.01	1	491	买盘
11:05:03	4.92	0.01	42	20664	买盘
11:04:54	4.91	0.01	51	25041	买盘
11:04:51	4.9	--	3	1470	卖盘
11:04:48	4.9	--	6	2940	买盘
11:04:45	4.9	0.01	4	1960	买盘
11:04:42	4.89	0.01	20	9780	中性盘
11:04:21	4.88	-0.01	602	294020	卖盘
11:04:18	4.89	--	17	8313	卖盘
11:04:15	4.89	--	20	9780	卖盘
11:04:12	4.89	--	76	37164	卖盘
11:04:00	4.89	-0.01	6	2934	卖盘
11:03:54	4.9	0.01	35	17150	买盘
11:03:36	4.89	--	5	2445	卖盘
11:03:27	4.89	--	88	43032	买盘
11:03:24	4.89	--	3	1467	买盘
11:03:18	4.89	--	3	1467	买盘
11:03:15	4.89	--	100	48900	买盘
11:03:12	4.89	--	13	6357	买盘
11:03:00	4.89	--	110	53790	买盘
11:02:57	4.89	-0.01	183	89487	卖盘
11:02:51	4.9	--	10	4900	买盘
11:02:45	4.9	0.01	5	2450	买盘
11:02:42	4.89	--	2	977	买盘
11:02:39	4.89	-0.01	18	8802	卖盘
11:02:36	4.9	0.01	60	29400	买盘
11:02:27	4.89	-0.01	800	391200	卖盘
11:02:15	4.9	-0.02	698	342265	卖盘
11:02:12	4.92	0.02	61	30012	买盘
11:02:03	4.9	--	700	343000	卖盘
11:01:54	4.9	-0.02	1882	922180	卖盘
11:01:36	4.92	--	30	14760	买盘
11:01:09	4.92	--	2	984	买盘
11:01:06	4.92	--	28	13776	买盘
11:01:03	4.92	--	186	91512	卖盘
11:01:00	4.92	-0.01	11	5412	卖盘
11:00:48	4.93	0.01	7	3451	买盘
11:00:39	4.92	--	114	56088	买盘
11:00:09	4.92	--	2	984	买盘
11:00:03	4.92	--	71	34932	买盘
10:59:57	4.92	--	1	492	买盘
10:59:42	4.92	0.01	2	984	买盘
10:59:36	4.91	-0.01	34	16694	卖盘
10:59:27	4.92	0.01	79	38868	买盘
10:59:12	4.91	-0.01	3	1473	卖盘
10:59:09	4.92	--	2	984	买盘
10:59:06	4.92	0.01	20	9840	买盘
10:58:48	4.91	-0.01	15	7365	卖盘
10:58:45	4.92	--	125	61500	买盘
10:58:39	4.92	--	2	984	买盘
10:58:30	4.92	0.01	25	12300	买盘
10:58:27	4.91	--	100	49100	卖盘
10:58:21	4.91	--	10	4910	卖盘
10:58:18	4.91	-0.01	15	7365	卖盘
10:58:09	4.92	0.01	45	22140	买盘
10:58:03	4.91	-0.01	1	491	卖盘
10:57:36	4.92	--	2	984	买盘
10:57:18	4.92	--	21	10332	买盘
10:57:06	4.92	0.01	2	984	买盘
10:57:03	4.91	-0.01	68	33388	卖盘
10:56:57	4.92	--	15	7380	买盘
10:56:21	4.92	--	16	7872	买盘
10:56:18	4.92	--	1	492	买盘
10:56:12	4.92	--	4	1968	买盘
10:55:57	4.92	--	2	984	买盘
10:55:54	4.92	--	5	2460	买盘
10:55:48	4.92	--	24	12054	买盘
10:55:36	4.92	--	33	16236	买盘
10:55:30	4.92	--	11	5412	买盘
10:55:27	4.92	--	10	4920	买盘
10:55:21	4.92	--	1	492	买盘
10:55:06	4.92	--	50	24600	买盘
10:55:00	4.92	--	30	14760	买盘
10:54:51	4.92	0.01	1	492	买盘
10:54:48	4.91	-0.01	10	4910	卖盘
10:54:39	4.92	--	102	50184	买盘
10:54:21	4.92	--	1	492	买盘
10:54:15	4.92	0.01	38	18696	买盘
10:54:12	4.91	--	15	7365	卖盘
10:54:09	4.91	--	127	62357	卖盘
10:53:57	4.91	--	42	20622	卖盘
10:53:39	4.91	--	10	4910	卖盘
10:53:18	4.91	--	77	37807	买盘
10:53:15	4.91	--	4	1964	买盘
10:53:06	4.91	--	319	156629	卖盘
10:52:51	4.91	-0.01	10	4910	卖盘
10:52:48	4.92	--	124	61008	买盘
10:52:42	4.92	--	48	23616	买盘
10:52:09	4.92	0.01	112	55104	买盘
10:52:06	4.91	--	27	13257	卖盘
10:52:03	4.91	--	10	4910	卖盘
10:51:54	4.91	--	41	20131	卖盘
10:51:33	4.91	--	25	12275	卖盘
10:51:24	4.91	-0.01	162	79542	卖盘
10:51:18	4.92	0.01	10	4920	买盘
10:51:15	4.91	--	10	4910	卖盘
10:51:09	4.91	-0.01	10	4910	中性盘
10:50:27	4.92	0.01	146	71832	买盘
10:50:18	4.91	--	6	2946	买盘
10:50:15	4.91	--	1	491	卖盘
10:50:12	4.91	--	17	8347	中性盘
10:49:54	4.91	--	50	24550	买盘
10:49:45	4.91	--	48	23568	卖盘
10:49:27	4.91	--	20	9820	卖盘
10:49:24	4.91	--	1	491	中性盘
10:49:21	4.91	0.01	1	491	中性盘
10:49:09	4.9	-0.01	47	23030	卖盘
10:49:00	4.91	-0.01	20	9820	中性盘
10:48:42	4.92	0.01	203	99876	买盘
10:48:36	4.91	--	1	491	买盘
10:48:33	4.91	--	8	3928	买盘
10:48:27	4.91	--	56	27741	卖盘
10:48:21	4.91	--	25	12275	卖盘
10:48:09	4.91	--	16	8101	买盘
10:48:06	4.91	--	17	8347	买盘
10:48:00	4.91	--	11	5646	卖盘
10:47:51	4.91	--	4	1964	卖盘
10:47:48	4.91	--	130	63830	卖盘
10:47:45	4.91	--	26	12766	卖盘
10:47:42	4.91	--	44	21849	买盘
10:47:30	4.91	0.01	124	60884	买盘
10:47:27	4.9	--	50	24500	卖盘
10:47:24	4.9	-0.01	539	264110	卖盘
10:47:21	4.91	0.01	147	72177	买盘
10:47:15	4.9	-0.01	11	5390	卖盘
10:47:09	4.91	0.01	1	491	买盘
10:46:57	4.9	--	17	8330	卖盘
10:46:54	4.9	--	4	1960	卖盘
10:46:48	4.9	--	42	20580	卖盘
10:46:45	4.9	--	20	9800	卖盘
10:46:42	4.9	--	12	5880	卖盘
10:46:36	4.9	--	10	4900	卖盘
10:46:33	4.9	--	45	22050	卖盘
10:46:30	4.9	-0.01	21	10290	卖盘
10:46:21	4.91	--	656	322341	卖盘
10:46:06	4.91	--	10	4910	卖盘
10:46:03	4.91	--	10	4910	卖盘
10:46:00	4.91	--	100	49100	卖盘
10:45:51	4.91	-0.01	97	47627	卖盘
10:45:48	4.92	0.01	374	184008	买盘
10:45:42	4.91	--	10	4910	卖盘
10:45:30	4.91	-0.01	100	49100	卖盘
10:45:09	4.92	0.01	15	7380	买盘
10:45:00	4.91	-0.01	100	49100	卖盘
10:44:57	4.92	--	25	12300	中性盘
10:44:36	4.92	0.01	11	5412	买盘
10:44:30	4.91	-0.01	127	62357	卖盘
10:44:21	4.92	--	42	20910	买盘
10:44:06	4.92	--	2	984	买盘
10:44:00	4.92	--	265	130380	买盘
10:43:54	4.92	0.01	10	4920	买盘
10:43:51	4.91	-0.01	20	9820	卖盘
10:43:48	4.92	0.01	122	60024	买盘
10:43:39	4.91	--	9	4419	卖盘
10:43:30	4.91	-0.01	110	54010	卖盘
10:43:27	4.92	0.01	101	49692	买盘
10:43:18	4.91	--	3	1473	卖盘
10:43:00	4.91	--	100	49100	卖盘
10:42:54	4.91	--	47	23322	卖盘
10:42:42	4.91	--	20	9820	卖盘
10:42:36	4.91	--	100	49100	卖盘
10:42:33	4.91	-0.01	70	34370	卖盘
10:42:15	4.92	--	2	984	买盘
10:42:09	4.92	--	20	9840	买盘
10:41:54	4.92	--	320	157440	买盘
10:41:45	4.92	0.01	3	1476	买盘
10:41:36	4.91	--	14	6874	卖盘
10:41:33	4.91	-0.01	50	24550	卖盘
10:41:12	4.92	--	63	31242	卖盘
10:41:09	4.92	--	85	41820	卖盘
10:41:06	4.92	--	85	41820	卖盘
10:41:03	4.92	-0.01	10	4920	卖盘
10:40:54	4.93	0.01	1	493	买盘
10:40:39	4.92	--	5	2460	卖盘
10:40:30	4.92	--	102	50184	卖盘
10:40:27	4.92	--	101	49692	卖盘
10:40:24	4.92	-0.01	32	15744	卖盘
10:40:21	4.93	0.01	3	1479	买盘
10:40:18	4.92	--	3	1722	卖盘
10:40:15	4.92	-0.01	49	24108	卖盘
10:40:12	4.93	--	50	24650	买盘
10:40:06	4.93	--	80	39440	买盘
10:40:00	4.93	--	11	5423	买盘
10:39:48	4.93	--	2	986	买盘
10:39:33	4.93	--	1	493	买盘
10:39:24	4.93	--	205	101065	买盘
10:39:18	4.93	--	31	15283	买盘
10:39:15	4.93	0.01	12	5916	买盘
10:39:03	4.92	-0.01	4	1968	卖盘
10:38:48	4.93	0.01	89	43877	买盘
10:38:45	4.92	--	25	12300	卖盘
10:38:39	4.92	--	62	30504	买盘
10:38:30	4.92	--	70	34440	买盘
10:38:27	4.92	--	19	9348	买盘
10:38:18	4.92	0.01	52	25584	买盘
10:38:15	4.91	--	94	46399	卖盘
10:38:12	4.91	--	120	58920	卖盘
10:38:09	4.91	-0.01	296	145336	卖盘
10:38:03	4.92	--	50	24600	买盘
10:37:57	4.92	--	10	4920	买盘
10:37:45	4.92	0.01	80	39360	买盘
10:37:42	4.91	-0.01	78	38298	卖盘
10:37:36	4.92	--	200	98400	买盘
10:37:33	4.92	0.01	10	4920	买盘
10:37:27	4.91	--	20	9820	卖盘
10:37:24	4.91	-0.01	100	49100	卖盘
10:37:21	4.92	--	1	492	买盘
10:37:09	4.92	0.01	4	1968	买盘
10:37:00	4.91	-0.01	40	19640	卖盘
10:36:57	4.92	0.01	15	7380	买盘
10:36:54	4.91	--	530	260230	卖盘
10:36:51	4.91	-0.01	105	51555	卖盘
10:36:48	4.92	0.01	24	11808	买盘
10:36:45	4.91	-0.01	20	9820	卖盘
10:36:42	4.92	--	10	4920	买盘
10:36:39	4.92	--	27	13284	买盘
10:36:33	4.92	--	5	2460	买盘
10:36:30	4.92	--	57	28044	买盘
10:36:27	4.92	--	636	312912	买盘
10:36:21	4.92	0.01	538	264696	买盘
10:36:18	4.91	-0.01	410	201310	卖盘
10:36:12	4.92	0.01	322	158424	买盘
10:36:09	4.91	--	3	1473	卖盘
10:36:06	4.91	--	10	4910	卖盘
10:36:03	4.91	--	7	3437	卖盘
10:36:00	4.91	--	10	4910	卖盘
10:35:57	4.91	--	65	31915	卖盘
10:35:54	4.91	-0.01	10	4910	卖盘
10:35:51	4.92	0.01	150	73800	买盘
10:35:48	4.91	-0.01	60	29460	卖盘
10:35:45	4.92	0.01	30	14760	买盘
10:35:36	4.91	--	7	3437	卖盘
10:35:21	4.91	--	21	10311	卖盘
10:35:12	4.91	-0.01	20	9820	卖盘
10:35:06	4.92	0.01	100	49200	买盘
10:35:00	4.91	-0.01	145	71195	卖盘
10:34:57	4.92	--	18	8856	卖盘
10:34:48	4.92	-0.01	5	2460	中性盘
10:34:42	4.93	0.02	4	1972	买盘
10:34:39	4.91	-0.01	582	285762	卖盘
10:34:36	4.92	--	33	16236	卖盘
10:34:33	4.92	--	10	4920	卖盘
10:34:30	4.92	--	81	39852	卖盘
10:34:27	4.92	--	34	16728	卖盘
10:34:24	4.92	--	26	12792	卖盘
10:34:21	4.92	-0.01	32	15990	卖盘
10:34:15	4.93	0.01	139	68527	买盘
10:34:06	4.92	-0.01	45	22140	卖盘
10:33:51	4.93	--	168	82824	卖盘
10:33:48	4.93	--	33	16268	卖盘
10:33:45	4.93	--	80	39440	卖盘
10:33:39	4.93	--	91	45109	卖盘
10:33:36	4.93	--	43	21445	卖盘
10:33:33	4.93	--	11	5423	卖盘
10:33:30	4.93	--	1	493	卖盘
10:33:27	4.93	--	155	76415	卖盘
10:33:24	4.93	--	325	160225	卖盘
10:33:21	4.93	--	30	14790	卖盘
10:33:15	4.93	--	317	156281	卖盘
10:33:12	4.93	--	25	12325	卖盘
10:33:09	4.93	--	50	24650	卖盘
10:33:03	4.93	-0.01	32	15776	卖盘
10:32:57	4.94	0.01	20	9880	买盘
10:32:54	4.93	-0.01	57	28101	卖盘
10:32:36	4.94	--	3	1482	买盘
10:32:18	4.94	--	20	9880	买盘
10:32:00	4.94	--	13	6422	买盘
10:31:51	4.94	--	52	25935	卖盘
10:31:45	4.94	--	13	6422	卖盘
10:31:42	4.94	--	70	34580	卖盘
10:31:39	4.94	--	50	24700	卖盘
10:31:27	4.94	--	10	4940	卖盘
10:31:18	4.94	-0.01	57	28158	卖盘
10:31:09	4.95	0.01	10	4950	买盘
10:31:06	4.94	-0.01	60	29640	卖盘
10:31:03	4.95	0.01	69	34155	买盘
10:31:00	4.94	-0.01	68	33592	卖盘
10:30:57	4.95	--	20	9900	买盘
10:30:54	4.95	0.01	50	24750	买盘
10:30:48	4.94	--	11	5434	卖盘
10:30:39	4.94	--	10	4940	卖盘
10:30:36	4.94	--	20	9880	卖盘
10:30:30	4.94	-0.01	74	36556	卖盘
10:30:27	4.95	--	1	495	买盘
10:30:18	4.95	--	150	74250	买盘
10:30:09	4.95	--	51	25245	买盘
10:30:06	4.95	--	10	4950	买盘
10:29:54	4.95	0.01	119	58905	买盘
10:29:51	4.94	-0.01	15	7410	卖盘
10:29:45	4.95	--	25	12375	买盘
10:29:36	4.95	--	69	34155	买盘
10:29:30	4.95	--	10	4950	买盘
10:29:27	4.95	--	30	14850	买盘
10:29:24	4.95	0.01	21	10395	买盘
10:29:18	4.94	--	1124	555256	卖盘
10:29:15	4.94	-0.01	10	4940	卖盘
10:29:12	4.95	0.01	20	9900	买盘
10:29:09	4.94	--	56	27664	卖盘
10:29:06	4.94	-0.01	13	6422	卖盘
10:29:03	4.95	0.01	24	11880	买盘
10:29:00	4.94	--	3	1482	卖盘
10:28:54	4.94	--	14	6916	卖盘
10:28:51	4.94	--	30	14820	卖盘
10:28:48	4.94	-0.01	10	4940	卖盘
10:28:45	4.95	0.01	810	400950	买盘
10:28:42	4.94	--	4	1976	卖盘
10:28:39	4.94	--	10	4940	卖盘
10:28:30	4.94	--	30	14820	卖盘
10:28:24	4.94	--	50	24700	卖盘
10:28:15	4.94	-0.01	27	13585	卖盘
10:28:09	4.95	0.02	334	165330	买盘
10:28:03	4.93	-0.01	11	5423	卖盘
10:28:00	4.94	--	5	2470	买盘
10:27:51	4.94	--	10	4940	买盘
10:27:45	4.94	--	20	9880	买盘
10:27:42	4.94	--	5	2470	买盘
10:27:36	4.94	--	1	494	卖盘
10:27:33	4.94	--	39	19266	卖盘
10:27:30	4.94	-0.01	60	29640	买盘
10:27:21	4.95	0.01	101	50242	买盘
10:27:18	4.94	-0.01	20	9880	卖盘
10:27:12	4.95	0.01	7	3465	买盘
10:27:09	4.94	-0.01	86	42484	卖盘
10:27:06	4.95	0.01	10	4950	买盘
10:26:57	4.94	--	10	4940	卖盘
10:26:48	4.94	--	60	29640	卖盘
10:26:45	4.94	--	20	9880	卖盘
10:26:42	4.94	--	17	8398	卖盘
10:26:30	4.94	--	56	27664	卖盘
10:26:27	4.94	--	274	135603	买盘
10:26:12	4.94	--	1	494	买盘
10:26:09	4.94	--	3	1482	买盘
10:26:03	4.94	--	42	20748	买盘
10:25:57	4.94	--	20	9880	买盘
10:25:54	4.94	0.01	5	2470	买盘
10:25:48	4.93	-0.01	72	35496	卖盘
10:25:42	4.94	--	35	17290	买盘
10:25:39	4.94	--	56	27664	买盘
10:25:36	4.94	--	37	18278	买盘
10:25:24	4.94	--	117	57798	买盘
10:25:18	4.94	0.01	23	11362	买盘
10:25:15	4.93	-0.01	151	74443	卖盘
10:25:03	4.94	--	60	29640	买盘
10:25:00	4.94	--	15	7410	买盘
10:24:57	4.94	--	20	9880	买盘
10:24:45	4.94	--	18	8892	买盘
10:24:42	4.94	--	15	7410	买盘
10:24:27	4.94	--	6	2964	买盘
10:24:21	4.94	--	5	2470	买盘
10:24:18	4.94	--	31	15314	卖盘
10:24:12	4.94	--	73	36309	卖盘
10:24:09	4.94	--	410	202787	买盘
10:23:54	4.94	0.01	300	148200	买盘
10:23:45	4.93	-0.01	100	49300	卖盘
10:23:30	4.94	--	2	988	买盘
10:23:24	4.94	--	28	13832	买盘
10:23:18	4.94	--	7	3458	买盘
10:23:15	4.94	--	81	40014	买盘
10:23:03	4.94	--	5	2470	买盘
10:22:54	4.94	0.01	2	988	买盘
10:22:48	4.93	--	20	9860	卖盘
10:22:42	4.93	-0.01	20	9860	卖盘
10:22:36	4.94	--	20	9880	买盘
10:22:21	4.94	--	2	988	买盘
10:22:18	4.94	--	25	12350	买盘
10:22:15	4.94	--	100	49400	买盘
10:22:12	4.94	--	436	215384	买盘
10:22:09	4.94	--	14	6916	买盘
10:22:06	4.94	0.01	2	988	买盘
10:21:57	4.93	--	86	42398	卖盘
10:21:48	4.93	-0.01	1	493	卖盘
10:21:42	4.94	--	42	20748	买盘
10:21:39	4.94	--	126	62244	买盘
10:21:36	4.94	0.01	26	12844	买盘
10:21:30	4.93	-0.01	1	493	卖盘
10:21:27	4.94	--	4	1976	买盘
10:21:18	4.94	--	17	8398	卖盘
10:21:15	4.94	--	18	8892	买盘
10:21:12	4.94	0.01	12	5928	中性盘
10:21:06	4.93	-0.01	100	49300	卖盘
10:21:03	4.94	--	5	2470	卖盘
10:21:00	4.94	--	51	25194	卖盘
10:20:57	4.94	-0.01	20	9880	卖盘
10:20:54	4.95	0.01	20	9900	买盘
10:20:48	4.94	0.01	27	13417	买盘
10:20:45	4.93	--	33	16268	卖盘
10:20:39	4.93	-0.01	13	6823	卖盘
10:20:36	4.94	--	30	14820	卖盘
10:20:33	4.94	--	31	15314	卖盘
10:20:27	4.94	--	13	6422	卖盘
10:20:18	4.94	--	62	30628	卖盘
10:20:15	4.94	--	8	3952	卖盘
10:20:12	4.94	--	107	52858	卖盘
10:20:09	4.94	--	50	24700	卖盘
10:20:06	4.94	--	58	28652	卖盘
10:20:03	4.94	-0.01	7	3458	卖盘
10:20:00	4.95	0.01	20	9900	买盘
10:19:57	4.94	--	20	9880	卖盘
10:19:54	4.94	--	32	15808	卖盘
10:19:51	4.94	--	10	4940	卖盘
10:19:48	4.94	-0.01	59	29146	卖盘
10:19:45	4.95	0.01	44	21780	买盘
10:19:42	4.94	--	60	29640	卖盘
10:19:36	4.94	-0.01	82	40508	卖盘
10:19:30	4.95	--	68	33660	买盘
10:19:27	4.95	--	50	24750	买盘
10:19:24	4.95	0.01	123	60885	卖盘
10:19:21	4.94	-0.01	1932	954408	卖盘
10:19:18	4.95	--	20	9900	卖盘
10:19:12	4.95	--	50	24750	卖盘
10:19:09	4.95	-0.01	104	51480	卖盘
10:19:06	4.96	0.01	67	33232	买盘
10:19:03	4.95	--	218	108053	卖盘
10:19:00	4.95	--	14	6930	卖盘
10:18:57	4.95	--	150	74250	卖盘
10:18:54	4.95	--	8	3960	卖盘
10:18:51	4.95	--	1015	502425	卖盘
10:18:48	4.95	--	103	50985	卖盘
10:18:45	4.95	--	14	6930	卖盘
10:18:42	4.95	--	59	29205	卖盘
10:18:39	4.95	--	15	7425	卖盘
10:18:36	4.95	--	85	42075	卖盘
10:18:33	4.95	--	21	10395	卖盘
10:18:30	4.95	--	56	27720	卖盘
10:18:24	4.95	--	139	69052	卖盘
10:18:21	4.95	--	48	23760	卖盘
10:18:18	4.95	--	275	136125	买盘
10:18:15	4.95	--	8	3960	买盘
10:18:12	4.95	-0.01	10	4950	买盘
10:18:09	4.96	0.01	318	157728	买盘
10:18:06	4.95	--	39	19552	卖盘
10:18:03	4.95	--	346	171270	卖盘
10:18:00	4.95	--	59	29205	卖盘
10:17:57	4.95	--	27	13365	卖盘
10:17:54	4.95	--	107	52965	卖盘
10:17:51	4.95	--	235	116325	卖盘
10:17:48	4.95	--	308	152460	卖盘
10:17:42	4.95	--	200	99000	卖盘
10:17:39	4.95	-0.01	56	27720	卖盘
10:17:36	4.96	0.01	42	20832	买盘
10:17:30	4.95	--	155	76725	卖盘
10:17:27	4.95	--	30	14850	卖盘
10:17:24	4.95	-0.01	2	990	卖盘
10:17:21	4.96	--	12	5952	买盘
10:17:18	4.96	0.01	158	78368	买盘
10:17:15	4.95	--	165	81675	卖盘
10:17:09	4.95	--	430	212850	卖盘
10:17:06	4.95	--	20	9900	卖盘
10:17:03	4.95	-0.01	60	29700	卖盘
10:16:57	4.96	--	16	7936	买盘
10:16:54	4.96	--	55	27280	买盘
10:16:51	4.96	--	25	12400	买盘
10:16:45	4.96	--	20	9920	买盘
10:16:39	4.96	--	346	171616	买盘
10:16:36	4.96	--	106	52576	买盘
10:16:33	4.96	--	13	6448	买盘
10:16:30	4.96	-0.01	1003	497855	卖盘
10:16:27	4.97	0.01	259	128723	买盘
10:16:24	4.96	--	30	14880	卖盘
10:16:21	4.96	-0.01	36	17984	卖盘
10:16:18	4.97	0.01	29	14413	买盘
10:16:15	4.96	-0.01	10	4960	卖盘
10:16:12	4.97	0.01	49	24353	买盘
10:16:09	4.96	--	5	2480	卖盘
10:16:06	4.96	-0.01	31	15376	卖盘
10:16:03	4.97	--	50	24850	买盘
10:16:00	4.97	0.01	1	497	买盘
10:15:51	4.96	--	115	57040	卖盘
10:15:48	4.96	-0.01	74	36704	卖盘
10:15:45	4.97	--	1051	522347	买盘
10:15:42	4.97	--	102	50942	买盘
10:15:39	4.97	0.01	93	46221	买盘
10:15:36	4.96	-0.01	87	43152	卖盘
10:15:33	4.97	0.01	400	198800	买盘
10:15:30	4.96	-0.01	6	2976	卖盘
10:15:27	4.97	--	63	31311	买盘
10:15:24	4.97	--	116	57652	买盘
10:15:21	4.97	--	345	171465	买盘
10:15:18	4.97	0.01	46	22862	买盘
10:15:15	4.96	--	95	47120	卖盘
10:15:09	4.96	--	30	14880	卖盘
10:15:06	4.96	--	15	7440	卖盘
10:15:03	4.96	--	27	13392	卖盘
10:15:00	4.96	--	905	449128	买盘
10:14:57	4.96	--	25	12400	买盘
10:14:54	4.96	--	26	12896	买盘
10:14:51	4.96	--	6	2976	买盘
10:14:48	4.96	0.01	70	34720	买盘
10:14:45	4.95	-0.01	2	990	卖盘
10:14:42	4.96	0.01	80	39680	买盘
10:14:39	4.95	--	56	27720	卖盘
10:14:36	4.95	--	72	35640	卖盘
10:14:33	4.95	-0.01	172	85140	卖盘
10:14:30	4.96	--	91	45136	买盘
10:14:27	4.96	0.01	18	8928	买盘
10:14:24	4.95	--	17	8662	卖盘
10:14:21	4.95	--	80	39600	卖盘
10:14:18	4.95	0.01	47	23265	买盘
10:14:12	4.94	-0.01	35	17290	卖盘
10:14:06	4.95	--	15	7425	卖盘
10:14:03	4.95	0.01	111	54945	卖盘
10:14:00	4.94	--	2202	1088035	卖盘
10:13:54	4.94	-0.01	20	9880	卖盘
10:13:51	4.95	0.01	14	6930	买盘
10:13:48	4.94	--	25	12350	卖盘
10:13:42	4.94	--	5	2470	卖盘
10:13:39	4.94	--	71	35074	卖盘
10:13:36	4.94	--	5	2470	卖盘
10:13:33	4.94	--	41	20254	卖盘
10:13:30	4.94	--	30	14820	卖盘
10:13:27	4.94	0.01	2464	1217645	买盘
10:13:21	4.93	--	6	2958	卖盘
10:13:18	4.93	--	141	69710	买盘
10:13:15	4.93	--	100	49300	买盘
10:13:12	4.93	--	1200	591600	买盘
10:13:09	4.93	0.01	5	2465	买盘
10:13:00	4.92	--	10	4920	卖盘
10:12:57	4.92	-0.01	70	34440	卖盘
10:12:54	4.93	0.01	14	6902	买盘
10:12:51	4.92	--	9	4674	卖盘
10:12:48	4.92	-0.01	10	4920	卖盘
10:12:45	4.93	--	10	4930	买盘
10:12:42	4.93	--	30	14790	买盘
10:12:39	4.93	--	29	14297	买盘
10:12:36	4.93	--	67	33031	买盘
10:12:33	4.93	--	4	1972	买盘
10:12:30	4.93	--	10	4930	买盘
10:12:27	4.93	--	386	190298	买盘
10:12:21	4.93	--	892	440051	卖盘
10:12:18	4.93	--	3	1479	卖盘
10:12:15	4.93	--	8	3944	卖盘
10:12:12	4.93	--	10	4930	卖盘
10:12:09	4.93	-0.01	804	396372	卖盘
10:12:06	4.94	0.01	15	7410	买盘
10:12:03	4.93	--	30	14790	卖盘
10:12:00	4.93	-0.01	10	4930	卖盘
10:11:57	4.94	--	3	1482	买盘
10:11:54	4.94	--	27	13338	买盘
10:11:48	4.94	0.01	14	6916	买盘
10:11:42	4.93	--	20	9860	卖盘
10:11:30	4.93	-0.01	100	49300	卖盘
10:11:27	4.94	--	6	2964	买盘
10:11:21	4.94	0.01	19	9386	买盘
10:11:15	4.93	--	196	96628	卖盘
10:11:12	4.93	--	30	14790	卖盘
10:11:09	4.93	--	30	14790	卖盘
10:11:06	4.93	0.01	906	446855	买盘
10:11:03	4.92	--	399	196308	卖盘
10:10:57	4.92	-0.01	10	4920	卖盘
10:10:54	4.93	--	133	65569	买盘
10:10:51	4.93	0.01	1408	694144	买盘
10:10:45	4.92	-0.01	5	2460	卖盘
10:10:39	4.93	0.01	19	9367	买盘
10:10:27	4.92	-0.01	1004	494214	卖盘
10:10:15	4.93	0.01	90	44370	买盘
10:10:12	4.92	--	30	14760	卖盘
10:10:09	4.92	--	20	9840	卖盘
10:10:06	4.92	--	20	9840	卖盘
10:10:03	4.92	-0.01	133	65436	卖盘
10:10:00	4.93	0.01	105	51765	买盘
10:09:57	4.92	--	22	10824	卖盘
10:09:54	4.92	-0.01	10	4920	卖盘
10:09:51	4.93	0.01	14	6902	买盘
10:09:45	4.92	--	50	24600	卖盘
10:09:39	4.92	--	205	100860	卖盘
10:09:36	4.92	--	25	12300	卖盘
10:09:27	4.92	-0.01	61	30012	卖盘
10:09:24	4.93	--	36	17748	买盘
10:09:21	4.93	0.01	610	300730	买盘
10:09:18	4.92	--	23	11316	卖盘
10:09:12	4.92	--	74	36654	卖盘
10:09:09	4.92	-0.01	35	17220	卖盘
10:09:06	4.93	0.01	24	11832	买盘
10:09:03	4.92	-0.01	11	5412	卖盘
10:08:48	4.93	--	14	6902	买盘
10:08:33	4.93	0.01	491	242063	买盘
10:08:30	4.92	-0.01	48	23616	卖盘
10:08:27	4.93	0.01	74	36482	买盘
10:08:24	4.92	-0.01	30	14760	卖盘
10:08:15	4.93	0.01	6	2958	买盘
10:08:06	4.92	--	46	22632	卖盘
10:08:03	4.92	-0.01	4	2214	卖盘
10:08:00	4.93	0.01	44	21692	买盘
10:07:57	4.92	--	25	12300	卖盘
10:07:54	4.92	--	50	24600	卖盘
10:07:51	4.92	-0.01	425	209346	卖盘
10:07:45	4.93	0.01	20	9860	买盘
10:07:42	4.92	-0.01	38	18696	卖盘
10:07:21	4.93	0.01	10	4930	买盘
10:07:15	4.92	-0.01	30	14760	卖盘
10:07:12	4.93	--	625	308125	买盘
10:07:06	4.93	0.01	400	197200	买盘
10:07:03	4.92	--	3	1476	卖盘
10:06:51	4.92	--	414	203688	卖盘
10:06:48	4.92	--	20	9840	卖盘
10:06:45	4.92	--	60	29520	卖盘
10:06:42	4.92	-0.01	10	4920	卖盘
10:06:39	4.93	0.01	243	119799	买盘
10:06:30	4.92	--	10	4920	卖盘
10:06:27	4.92	--	34	16728	买盘
10:06:24	4.92	0.01	46	22632	买盘
10:06:21	4.91	--	30	14730	卖盘
10:06:12	4.91	-0.02	122	59902	卖盘
10:06:06	4.93	0.01	400	197200	买盘
10:06:03	4.92	--	150	73800	买盘
10:06:00	4.92	--	50	24600	买盘
10:05:57	4.92	--	2	984	买盘
10:05:51	4.92	--	130	63960	买盘
10:05:45	4.92	--	500	246000	买盘
10:05:42	4.92	--	33	16236	买盘
10:05:39	4.92	0.01	20	9840	买盘
10:05:36	4.91	-0.01	30	14730	卖盘
10:05:21	4.92	--	15	7380	买盘
10:05:18	4.92	--	9	4428	买盘
10:05:15	4.92	--	40	19680	买盘
10:05:12	4.92	--	59	29028	买盘
10:05:09	4.92	--	8	3936	买盘
10:05:06	4.92	--	2	984	买盘
10:05:03	4.92	--	9	4428	买盘
10:05:00	4.92	0.01	27	13284	买盘
10:04:57	4.91	-0.01	61	29951	卖盘
10:04:54	4.92	--	72	35424	买盘
10:04:48	4.92	--	2	984	买盘
10:04:45	4.92	--	20	9840	买盘
10:04:39	4.92	--	25	12300	买盘
10:04:36	4.92	--	5	2460	买盘
10:04:33	4.92	-0.01	57	28044	卖盘
10:04:30	4.93	0.01	200	98600	买盘
10:04:27	4.92	--	10	4920	卖盘
10:04:24	4.92	--	20	9840	卖盘
10:04:21	4.92	--	6	2952	买盘
10:04:18	4.92	--	40	19680	买盘
10:04:12	4.92	--	1962	965304	卖盘
10:04:09	4.92	-0.01	70	34440	卖盘
10:04:06	4.93	--	86	42398	买盘
10:04:00	4.93	--	121	59653	买盘
10:03:57	4.93	--	201	99093	买盘
10:03:54	4.93	0.01	102	50286	买盘
10:03:51	4.92	-0.01	26	12792	卖盘
10:03:48	4.93	0.01	20	9860	买盘
10:03:45	4.92	-0.01	22	10824	卖盘
10:03:42	4.93	0.01	10	4930	买盘
10:03:39	4.92	-0.01	2	984	卖盘
10:03:36	4.93	--	16	7888	买盘
10:03:33	4.93	--	300	147900	买盘
10:03:30	4.93	0.01	72	35496	买盘
10:03:12	4.92	--	10	4920	卖盘
10:03:09	4.92	--	10	4920	卖盘
10:03:06	4.92	0.02	1044	513648	买盘
10:02:54	4.9	-0.01	2803	1373715	卖盘
10:02:48	4.91	0.01	1	491	买盘
10:02:45	4.9	-0.01	13	6370	卖盘
10:02:42	4.91	0.01	170	83470	买盘
10:02:36	4.9	--	80	39200	卖盘
10:02:30	4.9	--	3	1470	卖盘
10:02:27	4.9	-0.01	10	4900	卖盘
10:02:24	4.91	0.01	1	491	买盘
10:02:21	4.9	--	4	2205	卖盘
10:02:15	4.9	--	101	49490	卖盘
10:02:12	4.9	--	10	4900	卖盘
10:02:09	4.9	--	20	9800	卖盘
10:02:03	4.9	0.01	621	304535	买盘
10:01:57	4.89	-0.01	80	39120	卖盘
10:01:54	4.9	--	50	24500	买盘
10:01:51	4.9	--	152	74480	买盘
10:01:48	4.9	--	10	4900	买盘
10:01:45	4.9	--	30	14700	买盘
10:01:33	4.9	--	52	25480	卖盘
10:01:27	4.9	--	67	32830	买盘
10:01:24	4.9	--	116	56840	买盘
10:01:21	4.9	--	53	25970	卖盘
10:01:18	4.9	-0.01	110	53900	卖盘
10:01:15	4.91	0.01	3	1473	买盘
10:01:12	4.9	--	202	98980	卖盘
10:01:09	4.9	-0.01	289	141610	卖盘
10:01:00	4.91	--	39	19149	买盘
10:00:57	4.91	--	10	4910	买盘
10:00:54	4.91	0.01	18	8838	买盘
10:00:51	4.9	--	30	14700	卖盘
10:00:48	4.9	--	30	14700	卖盘
10:00:42	4.9	-0.01	1	490	卖盘
10:00:39	4.91	--	57	27987	买盘
10:00:33	4.91	0.01	200	98200	买盘
10:00:30	4.9	-0.01	20	9800	卖盘
10:00:27	4.91	0.01	63	30933	买盘
10:00:24	4.9	--	25	12250	卖盘
10:00:09	4.9	--	5	2450	卖盘
10:00:06	4.9	--	22	10780	卖盘
10:00:00	4.9	-0.01	15	7350	卖盘
09:59:57	4.91	--	22	10802	买盘
09:59:51	4.91	--	30	14730	买盘
09:59:48	4.91	--	5	2455	买盘
09:59:45	4.91	0.01	11	5401	买盘
09:59:39	4.9	--	55	26950	卖盘
09:59:36	4.9	--	10	4900	卖盘
09:59:30	4.9	--	100	49000	卖盘
09:59:27	4.9	-0.01	37	18130	卖盘
09:59:24	4.91	--	144	70704	买盘
09:59:21	4.91	0.01	1	491	买盘
09:59:18	4.9	--	47	23030	卖盘
09:59:15	4.9	-0.01	25	12250	卖盘
09:59:12	4.91	0.01	47	23077	买盘
09:59:03	4.9	-0.01	10	4900	卖盘
09:59:00	4.91	0.01	65	31915	买盘
09:58:57	4.9	--	20	9800	卖盘
09:58:54	4.9	--	106	52185	卖盘
09:58:51	4.9	--	20	9800	卖盘
09:58:45	4.9	--	20	9800	卖盘
09:58:42	4.9	--	20	9800	卖盘
09:58:36	4.9	0.01	1652	809725	买盘
09:58:30	4.89	-0.01	98	47922	卖盘
09:58:24	4.9	--	144	70560	买盘
09:58:18	4.9	--	15	7350	买盘
09:58:06	4.9	0.01	100	49000	买盘
09:58:03	4.89	-0.01	229	111980	卖盘
09:58:00	4.9	0.01	29	14210	买盘
09:57:57	4.89	--	5	2445	卖盘
09:57:54	4.89	--	41	20049	卖盘
09:57:45	4.89	-0.01	140	68460	卖盘
09:57:27	4.9	--	144	70560	买盘
09:57:24	4.9	--	200	98000	买盘
09:57:21	4.9	--	200	98000	买盘
09:57:18	4.9	0.01	10	4900	买盘
09:57:09	4.89	--	10	4890	卖盘
09:57:00	4.89	-0.01	38	18582	卖盘
09:56:57	4.9	--	800	392000	买盘
09:56:51	4.9	--	41	20090	买盘
09:56:42	4.9	--	16	7840	买盘
09:56:39	4.9	--	109	53410	买盘
09:56:36	4.9	0.01	15	7350	买盘
09:56:33	4.89	-0.01	43	21027	卖盘
09:56:30	4.9	--	27	13230	买盘
09:56:27	4.9	--	105	51450	买盘
09:56:24	4.9	--	241	118090	买盘
09:56:15	4.9	--	100	49000	买盘
09:56:12	4.9	--	18	8820	买盘
09:56:06	4.9	--	23	11270	买盘
09:56:00	4.9	--	36	17640	买盘
09:55:54	4.9	0.01	50	24500	买盘
09:55:51	4.89	--	136	66504	卖盘
09:55:45	4.89	-0.01	5	2445	卖盘
09:55:39	4.9	0.01	100	49000	买盘
09:55:36	4.89	--	3	1467	卖盘
09:55:33	4.89	--	1	733	卖盘
09:55:27	4.89	-0.01	20	9780	卖盘
09:55:24	4.9	0.01	193	94570	买盘
09:55:15	4.89	--	209	102201	卖盘
09:55:12	4.89	-0.01	15	7334	卖盘
09:55:00	4.9	0.01	24	11760	买盘
09:54:57	4.89	--	6	2934	卖盘
09:54:54	4.89	0.01	18	8802	买盘
09:54:48	4.88	--	49	23912	卖盘
09:54:42	4.88	-0.01	53	25864	卖盘
09:54:39	4.89	-0.01	37	18093	中性盘
09:54:36	4.9	--	60	29645	买盘
09:54:33	4.9	0.01	1133	555170	买盘
09:54:30	4.89	--	6	2934	卖盘
09:54:27	4.89	--	32	15647	卖盘
09:54:24	4.89	-0.01	221	108069	卖盘
09:54:18	4.9	0.01	550	269500	买盘
09:54:06	4.89	--	2	977	卖盘
09:54:03	4.89	--	100	48900	卖盘
09:54:00	4.89	--	3	1467	卖盘
09:53:54	4.89	--	22	10758	卖盘
09:53:51	4.89	--	30	14669	卖盘
09:53:48	4.89	--	9	4401	卖盘
09:53:42	4.89	--	21	10269	卖盘
09:53:36	4.89	--	10	4890	卖盘
09:53:33	4.89	--	45	22249	买盘
09:53:30	4.89	--	4	1955	买盘
09:53:27	4.89	--	90	44010	卖盘
09:53:24	4.89	--	65	31784	买盘
09:53:15	4.89	-0.01	81	39609	卖盘
09:53:12	4.9	0.01	152	74480	买盘
09:53:09	4.89	-0.01	10	4890	卖盘
09:53:06	4.9	0.01	57	27930	买盘
09:53:03	4.89	--	81	39609	卖盘
09:53:00	4.89	-0.01	20	9780	卖盘
09:52:57	4.9	0.01	29	14210	买盘
09:52:54	4.89	--	30	14669	卖盘
09:52:48	4.89	--	370	180930	买盘
09:52:39	4.89	--	53	25917	卖盘
09:52:33	4.89	--	14	6846	买盘
09:52:30	4.89	--	345	168705	买盘
09:52:24	4.89	--	144	70416	买盘
09:52:21	4.89	--	9	4401	买盘
09:52:18	4.89	0.01	100	48900	买盘
09:52:15	4.88	-0.01	310	151280	卖盘
09:52:09	4.89	0.01	89	43521	买盘
09:52:03	4.88	--	141	68808	卖盘
09:51:57	4.88	--	22	10736	卖盘
09:51:51	4.88	--	44	21716	买盘
09:51:48	4.88	--	350	170800	买盘
09:51:45	4.88	--	2	976	买盘
09:51:39	4.88	--	318	155184	买盘
09:51:36	4.88	0.01	186	90768	买盘
09:51:33	4.87	-0.01	3	1461	卖盘
09:51:24	4.88	--	344	167872	买盘
09:51:21	4.88	--	1049	511912	买盘
09:51:15	4.88	--	14	6832	买盘
09:51:00	4.88	--	79	38552	买盘
09:50:48	4.88	--	13	6344	买盘
09:50:42	4.88	--	77	37576	买盘
09:50:24	4.88	0.01	549	267912	买盘
09:50:21	4.87	--	144	70128	买盘
09:50:03	4.87	--	90	43830	买盘
09:49:54	4.87	--	137	66719	买盘
09:49:51	4.87	--	87	42369	买盘
09:49:42	4.87	--	67	32629	买盘
09:49:36	4.87	0.01	9	4383	买盘
09:49:33	4.86	--	20	9720	卖盘
09:49:24	4.86	-0.01	50	24300	卖盘
09:49:15	4.87	0.01	15	7305	买盘
09:49:00	4.86	-0.01	20	9720	卖盘
09:48:48	4.87	--	42	20454	买盘
09:48:42	4.87	--	33	16071	买盘
09:48:33	4.87	0.01	4	1948	买盘
09:48:27	4.86	--	18	8748	卖盘
09:48:18	4.86	--	10	4860	卖盘
09:48:15	4.86	-0.01	1	486	卖盘
09:48:09	4.87	0.01	20	9740	买盘
09:48:06	4.86	--	5	2430	卖盘
09:48:03	4.86	--	2	972	卖盘
09:47:57	4.86	-0.01	144	69984	卖盘
09:47:54	4.87	--	110	53570	买盘
09:47:51	4.87	--	40	19480	买盘
09:47:48	4.87	--	144	70128	买盘
09:47:45	4.87	--	3	1461	买盘
09:47:42	4.87	--	6	2922	买盘
09:47:39	4.87	--	1	487	买盘
09:47:33	4.87	--	2	974	买盘
09:47:30	4.87	--	5	2435	买盘
09:47:27	4.87	--	11	5357	买盘
09:47:24	4.87	-0.01	158	76946	卖盘
09:47:09	4.88	0.01	74	36112	买盘
09:47:03	4.87	--	1033	503071	卖盘
09:47:00	4.87	--	1	487	卖盘
09:46:54	4.87	--	10	4870	卖盘
09:46:48	4.87	-0.01	10	4870	买盘
09:46:45	4.88	--	100	48800	买盘
09:46:42	4.88	--	18	8784	买盘
09:46:39	4.88	--	50	24400	买盘
09:46:30	4.88	--	21	10248	买盘
09:46:18	4.88	0.01	2006	978928	买盘
09:45:57	4.87	--	53	26054	卖盘
09:45:48	4.87	--	127	62092	买盘
09:45:45	4.87	--	27	13149	买盘
09:45:30	4.87	--	10	4870	买盘
09:45:18	4.87	--	16	8035	卖盘
09:45:12	4.87	0.01	3	1704	买盘
09:45:09	4.86	-0.01	90	43740	卖盘
09:45:06	4.87	--	3	1461	买盘
09:45:03	4.87	0.01	174	84738	买盘
09:45:00	4.86	--	20	9720	卖盘
09:44:54	4.86	-0.01	1053	511758	卖盘
09:44:51	4.87	--	144	70128	买盘
09:44:42	4.87	--	36	17532	买盘
09:44:36	4.87	--	20	9983	卖盘
09:44:30	4.87	--	36	17775	买盘
09:44:21	4.87	--	1	487	买盘
09:44:12	4.87	-0.01	162	79137	卖盘
09:44:06	4.88	--	120	58560	买盘
09:43:51	4.88	--	2	976	买盘
09:43:48	4.88	--	172	83936	买盘
09:43:45	4.88	--	10	4880	买盘
09:43:39	4.88	--	12	5856	买盘
09:43:30	4.88	--	10	4880	买盘
09:43:24	4.88	--	150	73200	买盘
09:43:15	4.88	0.01	5	2440	买盘
09:43:12	4.87	-0.01	5	2678	卖盘
09:43:06	4.88	--	5	2440	买盘
09:43:03	4.88	--	6	2928	买盘
09:42:57	4.88	--	29	14152	买盘
09:42:54	4.88	--	100	48800	买盘
09:42:48	4.88	0.01	144	70272	买盘
09:42:45	4.87	--	30	14610	卖盘
09:42:36	4.87	--	65	31655	买盘
09:42:33	4.87	0.01	100	48700	买盘
09:42:27	4.86	-0.01	39	18954	卖盘
09:42:24	4.87	0.02	2	974	买盘
09:42:09	4.85	-0.02	20	9700	卖盘
09:42:00	4.87	--	229	111523	买盘
09:41:57	4.87	--	126	61362	买盘
09:41:51	4.87	--	208	101296	买盘
09:41:48	4.87	0.01	144	70128	买盘
09:41:45	4.86	--	26	12636	卖盘
09:41:33	4.86	-0.01	6	2916	卖盘
09:41:15	4.87	--	20	9740	买盘
09:41:03	4.87	--	100	48700	买盘
09:41:00	4.87	--	2	974	买盘
09:40:57	4.87	0.01	20	9740	买盘
09:40:51	4.86	--	16	7776	卖盘
09:40:48	4.86	--	79	38855	买盘
09:40:42	4.86	--	10	4860	买盘
09:40:39	4.86	0.01	35	17010	买盘
09:40:27	4.85	-0.01	4	1939	卖盘
09:40:18	4.86	0.01	1	486	买盘
09:40:12	4.85	-0.01	4	1939	卖盘
09:40:09	4.86	--	10	4860	卖盘
09:40:03	4.86	--	15	7290	卖盘
09:40:00	4.86	--	50	24300	卖盘
09:39:54	4.86	--	2	972	卖盘
09:39:51	4.86	--	70	34020	卖盘
09:39:48	4.86	--	41	19926	买盘
09:39:42	4.86	0.01	65	31590	买盘
09:39:33	4.85	--	253	122704	卖盘
09:39:27	4.85	--	26	12609	卖盘
09:38:57	4.85	-0.01	9	4365	卖盘
09:38:51	4.86	0.01	1000	486000	买盘
09:38:48	4.85	--	12	5820	买盘
09:38:39	4.85	--	96	46560	买盘
09:38:36	4.85	--	25	12125	买盘
09:38:21	4.85	--	20	9700	买盘
09:38:15	4.85	0.01	1	484	中性盘
09:38:09	4.84	-0.01	105	51062	卖盘
09:38:06	4.85	--	3	1455	买盘
09:38:03	4.85	--	273	132647	卖盘
09:37:45	4.85	-0.01	2	969	卖盘
09:37:42	4.86	0.01	4	1944	买盘
09:37:36	4.85	--	50	24250	卖盘
09:37:33	4.85	--	6	2910	卖盘
09:37:30	4.85	--	15	7517	卖盘
09:37:24	4.85	--	28	13579	卖盘
09:37:18	4.85	-0.01	20	9700	卖盘
09:37:15	4.86	0.01	47	22842	买盘
09:37:06	4.85	--	1	484	卖盘
09:37:03	4.85	--	20	9700	卖盘
09:37:00	4.85	-0.01	7	3394	卖盘
09:36:57	4.86	0.01	6	2916	买盘
09:36:51	4.85	--	60	29099	卖盘
09:36:48	4.85	-0.01	99	48015	卖盘
09:36:42	4.86	0.01	6	2916	买盘
09:36:36	4.85	--	85	41225	卖盘
09:36:33	4.85	--	20	9700	卖盘
09:36:24	4.85	-0.01	10	4850	卖盘
09:36:06	4.86	--	5	2430	买盘
09:36:00	4.86	0.01	100	48600	买盘
09:35:54	4.85	--	10	4850	卖盘
09:35:51	4.85	--	9	4365	卖盘
09:35:45	4.85	--	50	24250	卖盘
09:35:42	4.85	--	1	484	卖盘
09:35:36	4.85	--	130	63049	卖盘
09:35:33	4.85	-0.01	100	48500	卖盘
09:35:27	4.86	--	30	14580	买盘
09:35:21	4.86	--	70	34020	买盘
09:35:15	4.86	--	9	4374	卖盘
09:35:12	4.86	-0.01	3	1458	卖盘
09:35:09	4.87	0.01	50	24350	买盘
09:35:06	4.86	--	1	486	卖盘
09:35:03	4.86	--	62	30132	买盘
09:35:00	4.86	0.01	10	4860	卖盘
09:34:57	4.85	-0.01	1000	484999	卖盘
09:34:54	4.86	--	10	4860	卖盘
09:34:51	4.86	--	30	14580	卖盘
09:34:48	4.86	--	5	2430	卖盘
09:34:42	4.86	--	40	19440	卖盘
09:34:00	4.86	0.01	3	1458	中性盘
09:33:42	4.85	-0.01	56	27159	卖盘
09:33:39	4.86	--	134	65124	买盘
09:33:36	4.86	--	30	14580	买盘
09:33:33	4.86	--	40	19440	买盘
09:33:21	4.86	0.01	10	4860	买盘
09:33:18	4.85	-0.01	5	2425	卖盘
09:33:12	4.86	--	20	9720	买盘
09:33:09	4.86	0.01	5	2430	买盘
09:33:06	4.85	-0.01	10	4850	卖盘
09:33:03	4.86	0.01	67	32562	买盘
09:33:00	4.85	--	160	77600	卖盘
09:32:51	4.85	--	1	484	卖盘
09:32:42	4.85	-0.01	100	48500	卖盘
09:32:39	4.86	--	2	972	买盘
09:32:30	4.86	--	35	17010	买盘
09:32:24	4.86	0.01	240	116640	买盘
09:32:15	4.85	--	35	16975	卖盘
09:32:12	4.85	-0.01	40	19400	卖盘
09:32:03	4.86	--	5	2430	买盘
09:32:00	4.86	--	1	486	买盘
09:31:54	4.86	0.01	4	1944	买盘
09:31:51	4.85	--	118	57229	买盘
09:31:48	4.85	--	18	8730	买盘
09:31:45	4.85	--	11	5335	买盘
09:31:42	4.85	--	9	4365	买盘
09:31:39	4.85	--	10	4850	买盘
09:31:36	4.85	--	6	2910	买盘
09:31:33	4.85	--	1	484	买盘
09:31:12	4.85	0.01	1	484	买盘
09:31:06	4.84	--	11	5324	买盘
09:31:00	4.84	--	139	67276	卖盘
09:30:48	4.84	--	30	14520	卖盘
09:30:45	4.84	--	5	2420	卖盘
09:30:21	4.84	-0.01	1	484	卖盘
09:30:15	4.85	--	142	68870	买盘
09:30:12	4.85	-0.01	53	25704	卖盘
09:30:09	4.86	--	99	48114	买盘
09:30:06	4.86	--	10	4860	买盘
09:30:03	4.86	0.01	483	234738	买盘
09:30:00	4.85	--	0	0	卖盘
09:25:03	4.85	4.85	102	49470	买盘
