成交时间	成交价	价格变动	成交量(手)	成交额(元)	性质
15:00:03	21.45	0.02	2355	5051475	买盘
14:57:00	21.43	-0.01	135	289305	卖盘
14:56:57	21.44	-0.01	6	12864	中性盘
14:56:54	21.45	0.02	173	371085	买盘
14:56:51	21.43	-0.01	74	158582	卖盘
14:56:48	21.44	--	31	66464	卖盘
14:56:45	21.44	--	111	237984	卖盘
14:56:42	21.44	-0.01	8	17152	卖盘
14:56:39	21.45	0.02	15	32175	买盘
14:56:36	21.43	-0.01	10	21430	卖盘
14:56:33	21.44	--	135	289440	卖盘
14:56:30	21.44	0.01	11	23584	买盘
14:56:27	21.43	--	539	1155077	卖盘
14:56:24	21.43	-0.01	54	115722	中性盘
14:56:21	21.44	--	50	107200	买盘
14:56:18	21.44	0.01	91	195104	买盘
14:56:15	21.43	--	10	21430	卖盘
14:56:12	21.43	--	73	156439	卖盘
14:56:09	21.43	-0.01	15	32145	卖盘
14:56:06	21.44	--	3	6432	买盘
14:56:03	21.44	0.01	150	321600	买盘
14:56:00	21.43	--	1	2143	卖盘
14:55:57	21.43	--	108	231444	卖盘
14:55:54	21.43	--	8	17144	卖盘
14:55:51	21.43	0.01	421	902203	买盘
14:55:48	21.42	--	43	92106	卖盘
14:55:45	21.42	--	80	171360	卖盘
14:55:42	21.42	--	33	70686	卖盘
14:55:39	21.42	-0.01	27	57834	卖盘
14:55:36	21.43	0.01	6	12858	买盘
14:55:33	21.42	--	23	49266	卖盘
14:55:30	21.42	-0.01	62	132804	卖盘
14:55:27	21.43	0.01	119	255017	买盘
14:55:24	21.42	--	67	143514	卖盘
14:55:21	21.42	--	40	85680	中性盘
14:55:18	21.42	-0.01	10	21420	卖盘
14:55:15	21.43	0.01	35	75005	买盘
14:55:12	21.42	--	13	27846	卖盘
14:55:09	21.42	--	29	62118	卖盘
14:55:06	21.42	--	163	349146	卖盘
14:55:03	21.42	--	52	111384	卖盘
14:55:00	21.42	--	308	659736	卖盘
14:54:57	21.42	--	53	113526	卖盘
14:54:54	21.42	-0.01	21	44982	卖盘
14:54:51	21.43	0.01	21	45003	买盘
14:54:48	21.42	--	117	250614	卖盘
14:54:45	21.42	--	10	21420	卖盘
14:54:42	21.42	--	141	302022	买盘
14:54:39	21.42	--	62	132804	买盘
14:54:36	21.42	--	29	62118	买盘
14:54:33	21.42	--	8	17136	买盘
14:54:30	21.42	--	52	111384	买盘
14:54:27	21.42	0.01	58	124236	买盘
14:54:24	21.41	-0.01	8	17128	卖盘
14:54:21	21.42	--	67	143514	买盘
14:54:18	21.42	--	20	42840	买盘
14:54:15	21.42	--	39	83538	卖盘
14:54:12	21.42	--	9	19278	卖盘
14:54:09	21.42	--	2	4284	卖盘
14:54:06	21.42	--	29	62118	卖盘
14:54:03	21.42	0.01	34	72828	买盘
14:54:00	21.41	-0.01	92	196972	卖盘
14:53:57	21.42	--	37	79254	卖盘
14:53:54	21.42	--	16	34272	卖盘
14:53:51	21.42	0.01	1	2142	卖盘
14:53:48	21.41	-0.01	144	308304	卖盘
14:53:45	21.42	--	104	222768	卖盘
14:53:42	21.42	--	50	107100	卖盘
14:53:39	21.42	--	17	36414	卖盘
14:53:36	21.42	--	85	182070	买盘
14:53:33	21.42	--	40	85680	买盘
14:53:30	21.42	--	46	98532	买盘
14:53:27	21.42	0.01	95	203490	买盘
14:53:24	21.41	--	36	77076	卖盘
14:53:21	21.41	--	11	23551	卖盘
14:53:18	21.41	-0.01	7	14987	卖盘
14:53:12	21.42	--	5	10710	买盘
14:53:09	21.42	0.01	3	6426	买盘
14:53:06	21.41	--	31	66371	卖盘
14:53:03	21.41	-0.01	17	36397	卖盘
14:53:00	21.42	--	19	40698	买盘
14:52:57	21.42	0.01	6	12852	买盘
14:52:54	21.41	-0.01	40	85640	卖盘
14:52:51	21.42	--	16	34272	买盘
14:52:48	21.42	--	2	4284	买盘
14:52:45	21.42	0.01	10	21420	买盘
14:52:42	21.41	--	82	175562	卖盘
14:52:39	21.41	-0.01	21	44961	卖盘
14:52:36	21.42	0.01	31	66402	中性盘
14:52:33	21.41	--	166	355406	卖盘
14:52:30	21.41	-0.01	146	312586	卖盘
14:52:27	21.42	--	75	160650	买盘
14:52:24	21.42	--	18	38556	买盘
14:52:21	21.42	--	34	72828	买盘
14:52:15	21.42	--	159	340578	买盘
14:52:12	21.42	--	15	32130	买盘
14:52:09	21.42	--	11	23562	买盘
14:52:06	21.42	--	8	17136	卖盘
14:52:03	21.42	--	15	32130	卖盘
14:52:00	21.42	--	6	12852	卖盘
14:51:57	21.42	0.01	55	117810	买盘
14:51:54	21.41	-0.02	1	2141	卖盘
14:51:51	21.43	0.02	41	87863	买盘
14:51:48	21.41	-0.01	19	40679	卖盘
14:51:45	21.42	0.01	5	10710	买盘
14:51:42	21.41	-0.01	23	49243	卖盘
14:51:39	21.42	0.01	15	32130	买盘
14:51:36	21.41	-0.01	27	57807	卖盘
14:51:30	21.42	0.01	5	10710	买盘
14:51:27	21.41	--	3	6423	卖盘
14:51:24	21.41	--	5	10705	卖盘
14:51:21	21.41	-0.01	65	139165	卖盘
14:51:18	21.42	-0.01	5	10710	卖盘
14:51:15	21.43	0.02	1	2143	买盘
14:51:12	21.41	--	23	49243	卖盘
14:51:09	21.41	-0.01	102	218382	卖盘
14:51:06	21.42	--	7	14994	卖盘
14:51:03	21.42	-0.01	4	8568	卖盘
14:50:57	21.43	--	1	2143	买盘
14:50:51	21.43	0.02	48	102864	买盘
14:50:48	21.41	--	33	70653	卖盘
14:50:42	21.41	-0.01	65	139165	卖盘
14:50:39	21.42	-0.01	54	115668	买盘
14:50:36	21.43	0.01	114	244302	买盘
14:50:33	21.42	0.01	83	177786	买盘
14:50:30	21.41	-0.01	175	374675	卖盘
14:50:27	21.42	--	262	561204	买盘
14:50:24	21.42	--	8	17136	买盘
14:50:21	21.42	--	39	83538	买盘
14:50:18	21.42	0.01	17	36414	买盘
14:50:15	21.41	-0.01	53	113473	卖盘
14:50:12	21.42	--	52	111384	买盘
14:50:06	21.42	0.01	4	8568	买盘
14:50:03	21.41	-0.01	12	25692	卖盘
14:50:00	21.42	--	1	2142	买盘
14:49:57	21.42	--	62	132804	买盘
14:49:51	21.42	--	15	32130	买盘
14:49:48	21.42	--	7	14994	买盘
14:49:45	21.42	--	58	124236	买盘
14:49:42	21.42	0.01	18	38556	买盘
14:49:39	21.41	-0.01	32	68512	卖盘
14:49:33	21.42	--	10	21420	买盘
14:49:30	21.42	--	27	57834	卖盘
14:49:27	21.42	--	6	12852	卖盘
14:49:24	21.42	--	16	34272	卖盘
14:49:21	21.42	--	5	10710	中性盘
14:49:18	21.42	--	110	235620	卖盘
14:49:12	21.42	--	165	353430	卖盘
14:49:09	21.42	--	11	23562	卖盘
14:49:06	21.42	--	13	27846	卖盘
14:49:03	21.42	-0.01	21	44982	卖盘
14:49:00	21.43	0.01	12	25716	买盘
14:48:57	21.42	--	82	175644	卖盘
14:48:54	21.42	--	7	14994	卖盘
14:48:51	21.42	--	1	2142	卖盘
14:48:48	21.42	--	100	214200	卖盘
14:48:45	21.42	--	3	6426	卖盘
14:48:42	21.42	--	18	38556	买盘
14:48:39	21.42	0.01	10	21420	买盘
14:48:36	21.41	-0.01	34	72794	卖盘
14:48:33	21.42	0.01	18	38556	买盘
14:48:30	21.41	--	5	10705	卖盘
14:48:27	21.41	-0.01	19	40679	卖盘
14:48:24	21.42	0.01	23	49266	买盘
14:48:21	21.41	--	6	12846	卖盘
14:48:15	21.41	-0.02	20	42820	卖盘
14:48:12	21.43	0.01	8	17144	买盘
14:48:09	21.42	-0.01	45	96390	卖盘
14:48:06	21.43	0.01	102	218586	买盘
14:48:03	21.42	-0.01	61	130662	卖盘
14:48:00	21.43	0.01	3	6429	买盘
14:47:57	21.42	--	22	47124	卖盘
14:47:54	21.42	--	5	10710	卖盘
14:47:51	21.42	0.01	49	104958	买盘
14:47:48	21.41	-0.01	52	111332	卖盘
14:47:45	21.42	--	5	10710	买盘
14:47:42	21.42	0.01	52	111384	买盘
14:47:39	21.41	--	18	38538	卖盘
14:47:36	21.41	-0.01	13	27833	卖盘
14:47:33	21.42	0.01	54	115668	买盘
14:47:30	21.41	-0.01	47	100627	卖盘
14:47:27	21.42	0.01	10	21420	买盘
14:47:18	21.41	-0.01	49	104909	卖盘
14:47:15	21.42	0.01	21	44982	买盘
14:47:12	21.41	--	1	2141	卖盘
14:47:09	21.41	-0.01	18	38538	卖盘
14:47:03	21.42	--	58	124236	买盘
14:47:00	21.42	0.01	6	12852	买盘
14:46:57	21.41	-0.01	6	12846	卖盘
14:46:51	21.42	--	26	55692	买盘
14:46:48	21.42	0.01	41	87822	买盘
14:46:45	21.41	--	15	32115	卖盘
14:46:42	21.41	--	100	214100	卖盘
14:46:39	21.41	--	14	29974	卖盘
14:46:36	21.41	--	11	23551	买盘
14:46:33	21.41	--	6	12846	买盘
14:46:30	21.41	0.01	13	27833	买盘
14:46:27	21.4	--	1	2140	卖盘
14:46:24	21.4	-0.01	39	83460	卖盘
14:46:21	21.41	0.01	25	53525	买盘
14:46:18	21.4	-0.01	130	278200	卖盘
14:46:15	21.41	0.01	4	8564	买盘
14:46:12	21.4	-0.01	5	10700	卖盘
14:46:09	21.41	--	14	29974	买盘
14:46:06	21.41	--	48	102768	买盘
14:46:03	21.41	--	4	8564	买盘
14:45:57	21.41	--	27	57807	卖盘
14:45:54	21.41	--	40	85640	卖盘
14:45:51	21.41	0.01	8	17128	卖盘
14:45:48	21.4	-0.01	20	42800	卖盘
14:45:45	21.41	--	4	8564	卖盘
14:45:42	21.41	--	10	21410	卖盘
14:45:39	21.41	0.01	78	166998	中性盘
14:45:33	21.4	-0.02	70	149800	卖盘
14:45:30	21.42	0.01	10	21420	买盘
14:45:27	21.41	--	6	12846	卖盘
14:45:24	21.41	--	30	64230	中性盘
14:45:18	21.41	--	34	72794	卖盘
14:45:15	21.41	--	1	2141	卖盘
14:45:12	21.41	--	22	47102	卖盘
14:45:09	21.41	--	93	199113	卖盘
14:45:06	21.41	--	2	4282	卖盘
14:45:03	21.41	--	34	72794	卖盘
14:45:00	21.41	--	133	284753	卖盘
14:44:57	21.41	--	13	27833	卖盘
14:44:54	21.41	--	140	299740	卖盘
14:44:51	21.41	-0.01	5	10705	卖盘
14:44:48	21.42	0.01	21	44982	买盘
14:44:45	21.41	--	18	38538	卖盘
14:44:42	21.41	--	16	34256	卖盘
14:44:39	21.41	--	10	21410	卖盘
14:44:36	21.41	--	1	2141	卖盘
14:44:33	21.41	--	20	42820	卖盘
14:44:30	21.41	0.01	23	49243	买盘
14:44:27	21.4	-0.01	2	4280	卖盘
14:44:21	21.41	--	9	19269	买盘
14:44:18	21.41	0.01	33	70653	买盘
14:44:12	21.4	-0.01	24	51360	卖盘
14:44:09	21.41	--	12	25692	中性盘
14:44:06	21.41	-0.01	25	53525	卖盘
14:44:03	21.42	0.01	68	145656	买盘
14:44:00	21.41	--	1	2141	卖盘
14:43:51	21.41	--	3	6423	卖盘
14:43:48	21.41	--	2	4282	卖盘
14:43:45	21.41	--	7	14987	卖盘
14:43:42	21.41	--	2	4282	卖盘
14:43:39	21.41	-0.02	250	535250	卖盘
14:43:33	21.43	0.02	41	87863	买盘
14:43:30	21.41	-0.02	35	74935	卖盘
14:43:24	21.43	--	22	47146	买盘
14:43:21	21.43	0.02	14	30002	买盘
14:43:15	21.41	-0.01	9	19269	卖盘
14:43:12	21.42	--	4	8568	买盘
14:43:06	21.42	-0.01	69	147798	卖盘
14:43:03	21.43	--	1	2143	买盘
14:43:00	21.43	--	2	4286	买盘
14:42:57	21.43	0.01	5	10715	买盘
14:42:54	21.42	--	6	12852	卖盘
14:42:51	21.42	-0.01	100	214200	卖盘
14:42:48	21.43	--	1	2143	卖盘
14:42:45	21.43	--	20	42860	卖盘
14:42:42	21.43	--	38	81434	卖盘
14:42:39	21.43	-0.01	4	8572	卖盘
14:42:36	21.44	0.01	20	42880	买盘
14:42:33	21.43	-0.01	89	190727	卖盘
14:42:30	21.44	--	25	53600	买盘
14:42:27	21.44	0.01	1	2144	买盘
14:42:24	21.43	-0.01	13	27859	卖盘
14:42:15	21.44	0.01	24	51456	买盘
14:42:12	21.43	-0.01	5	10715	卖盘
14:42:09	21.44	0.01	1	2144	买盘
14:42:06	21.43	--	3	6429	卖盘
14:42:03	21.43	-0.01	11	23573	卖盘
14:42:00	21.44	--	53	113632	卖盘
14:41:57	21.44	-0.01	10	21440	卖盘
14:41:54	21.45	0.02	81	173745	买盘
14:41:51	21.43	--	11	23573	卖盘
14:41:48	21.43	-0.01	6	12858	卖盘
14:41:45	21.44	-0.01	34	72896	买盘
14:41:39	21.45	0.01	174	373230	买盘
14:41:36	21.44	--	159	340896	卖盘
14:41:33	21.44	--	10	21440	卖盘
14:41:30	21.44	--	180	385920	卖盘
14:41:27	21.44	-0.01	11	23584	卖盘
14:41:24	21.45	0.01	12	25740	买盘
14:41:21	21.44	--	62	132928	卖盘
14:41:18	21.44	--	31	66464	卖盘
14:41:12	21.44	-0.01	2	4288	卖盘
14:41:09	21.45	0.01	12	25740	买盘
14:41:06	21.44	-0.01	5	10720	卖盘
14:41:03	21.45	0.01	12	25740	买盘
14:40:57	21.44	--	78	167232	卖盘
14:40:54	21.44	--	6	12864	卖盘
14:40:51	21.44	-0.01	12	25728	卖盘
14:40:48	21.45	--	1	2145	买盘
14:40:45	21.45	0.01	2	4290	买盘
14:40:42	21.44	-0.01	55	117920	卖盘
14:40:39	21.45	--	25	53625	买盘
14:40:36	21.45	0.01	4	8580	买盘
14:40:33	21.44	-0.01	6	12864	卖盘
14:40:30	21.45	--	2	4290	买盘
14:40:27	21.45	--	5	10725	买盘
14:40:24	21.45	0.01	51	109395	买盘
14:40:21	21.44	-0.01	47	100768	卖盘
14:40:18	21.45	--	46	98670	买盘
14:40:15	21.45	--	10	21450	买盘
14:40:12	21.45	--	30	64350	卖盘
14:40:09	21.45	-0.01	90	193050	卖盘
14:40:06	21.46	0.01	65	139490	买盘
14:40:03	21.45	--	13	27885	卖盘
14:40:00	21.45	-0.01	1	2145	卖盘
14:39:57	21.46	--	1	2146	买盘
14:39:54	21.46	--	22	47212	买盘
14:39:51	21.46	--	25	53650	买盘
14:39:48	21.46	0.01	83	178118	买盘
14:39:45	21.45	-0.01	4	8580	卖盘
14:39:42	21.46	0.01	2	4292	买盘
14:39:39	21.45	-0.01	9	19305	卖盘
14:39:36	21.46	0.01	62	133052	买盘
14:39:33	21.45	--	12	25740	卖盘
14:39:30	21.45	--	9	19305	卖盘
14:39:27	21.45	--	24	51480	卖盘
14:39:24	21.45	--	12	25740	卖盘
14:39:18	21.45	-0.01	26	55770	卖盘
14:39:15	21.46	--	15	32190	买盘
14:39:12	21.46	0.01	5	10730	买盘
14:39:09	21.45	-0.01	3	6435	卖盘
14:39:06	21.46	--	16	34336	买盘
14:39:03	21.46	--	10	21460	买盘
14:38:57	21.46	0.01	117	251082	买盘
14:38:54	21.45	-0.01	19	40755	卖盘
14:38:48	21.46	0.01	20	42920	买盘
14:38:45	21.45	-0.01	76	163020	卖盘
14:38:42	21.46	--	124	266104	买盘
14:38:39	21.46	0.01	5	10730	买盘
14:38:36	21.45	-0.01	9	19305	卖盘
14:38:33	21.46	0.01	2	4292	买盘
14:38:30	21.45	--	7	15015	卖盘
14:38:27	21.45	-0.01	1	2145	卖盘
14:38:24	21.46	--	3	6438	买盘
14:38:21	21.46	--	9	19314	买盘
14:38:18	21.46	--	55	118030	买盘
14:38:15	21.46	0.01	31	66526	买盘
14:38:12	21.45	-0.01	137	293865	卖盘
14:38:09	21.46	--	25	53650	买盘
14:38:06	21.46	--	23	49358	买盘
14:38:00	21.46	0.01	21	45066	买盘
14:37:54	21.45	-0.01	10	21450	卖盘
14:37:48	21.46	--	16	34336	买盘
14:37:42	21.46	--	10	21460	买盘
14:37:39	21.46	--	5	10730	买盘
14:37:36	21.46	0.01	19	40774	买盘
14:37:33	21.45	0.01	3	6435	中性盘
14:37:30	21.44	-0.01	85	182240	卖盘
14:37:27	21.45	--	1	2145	买盘
14:37:24	21.45	--	20	42900	卖盘
14:37:21	21.45	--	9	19305	买盘
14:37:18	21.45	--	12	25740	卖盘
14:37:15	21.45	--	44	94380	卖盘
14:37:09	21.45	--	19	40755	卖盘
14:37:06	21.45	-0.01	5	10725	中性盘
14:37:03	21.46	0.01	42	90132	买盘
14:37:00	21.45	--	50	107250	买盘
14:36:54	21.45	--	200	429000	买盘
14:36:48	21.45	0.01	18	38610	买盘
14:36:45	21.44	-0.01	93	199392	卖盘
14:36:42	21.45	0.01	1	2145	买盘
14:36:36	21.44	--	7	15008	卖盘
14:36:30	21.44	--	35	75040	卖盘
14:36:27	21.44	-0.01	19	40736	卖盘
14:36:24	21.45	0.01	15	32175	买盘
14:36:21	21.44	-0.01	5	10720	卖盘
14:36:18	21.45	--	7	15015	买盘
14:36:15	21.45	--	10	21450	买盘
14:36:12	21.45	--	1	2145	买盘
14:36:09	21.45	0.01	8	17160	买盘
14:36:06	21.44	--	20	42880	卖盘
14:36:03	21.44	--	12	25728	卖盘
14:35:54	21.44	--	12	25728	卖盘
14:35:45	21.44	--	10	21440	卖盘
14:35:42	21.44	-0.01	5	10720	卖盘
14:35:39	21.45	0.01	2	4290	买盘
14:35:36	21.44	--	10	21440	卖盘
14:35:33	21.44	--	9	19296	卖盘
14:35:30	21.44	-0.01	150	321600	卖盘
14:35:27	21.45	0.01	2	4290	买盘
14:35:24	21.44	--	9	19296	卖盘
14:35:21	21.44	--	21	45024	卖盘
14:35:18	21.44	--	20	42880	卖盘
14:35:12	21.44	-0.01	20	42880	卖盘
14:35:06	21.45	--	12	25740	买盘
14:35:03	21.45	0.01	14	30030	买盘
14:35:00	21.44	-0.01	61	130784	卖盘
14:34:57	21.45	--	40	85800	买盘
14:34:54	21.45	--	19	40755	买盘
14:34:51	21.45	--	5	10725	买盘
14:34:48	21.45	--	2	4290	买盘
14:34:45	21.45	--	13	27885	买盘
14:34:42	21.45	0.01	42	90090	买盘
14:34:39	21.44	-0.01	13	27872	卖盘
14:34:36	21.45	0.01	5	10725	买盘
14:34:30	21.44	--	58	124352	买盘
14:34:27	21.44	--	6	12864	买盘
14:34:24	21.44	--	10	21440	买盘
14:34:18	21.44	--	22	47168	买盘
14:34:12	21.44	0.01	152	325888	买盘
14:34:09	21.43	-0.01	12	25716	卖盘
14:34:00	21.44	0.01	40	85760	买盘
14:33:57	21.43	--	90	193277	买盘
14:33:54	21.43	--	9	19287	买盘
14:33:51	21.43	--	127	272161	买盘
14:33:48	21.43	--	20	42860	买盘
14:33:45	21.43	--	9	19287	买盘
14:33:36	21.43	0.01	67	143581	买盘
14:33:33	21.42	--	1	2142	卖盘
14:33:30	21.42	--	10	21420	卖盘
14:33:27	21.42	-0.01	12	25704	卖盘
14:33:24	21.43	0.01	30	64290	买盘
14:33:21	21.42	--	55	117810	买盘
14:33:15	21.42	-0.01	110	235620	卖盘
14:33:09	21.43	0.01	8	17144	买盘
14:33:06	21.42	-0.01	13	27846	卖盘
14:33:03	21.43	0.01	30	64290	买盘
14:33:00	21.42	--	6	12852	卖盘
14:32:57	21.42	-0.01	25	53550	卖盘
14:32:54	21.43	--	2	4286	买盘
14:32:45	21.43	--	14	30002	买盘
14:32:42	21.43	0.01	5	10715	买盘
14:32:39	21.42	-0.01	17	36414	卖盘
14:32:36	21.43	--	30	64290	买盘
14:32:33	21.43	0.01	1	2143	买盘
14:32:30	21.42	--	17	36414	卖盘
14:32:27	21.42	-0.01	8	17136	卖盘
14:32:24	21.43	0.02	6	12858	买盘
14:32:21	21.41	-0.02	11	23551	卖盘
14:32:18	21.43	0.02	1	2143	买盘
14:32:15	21.41	--	20	42820	卖盘
14:32:12	21.41	-0.02	6	12846	卖盘
14:32:09	21.43	0.02	45	96435	买盘
14:32:06	21.41	--	65	139165	买盘
14:32:03	21.41	--	92	196972	买盘
14:32:00	21.41	--	26	55666	买盘
14:31:57	21.41	--	85	181985	买盘
14:31:54	21.41	--	115	246215	买盘
14:31:51	21.41	--	135	289035	买盘
14:31:48	21.41	0.01	34	72794	买盘
14:31:45	21.4	--	40	85600	卖盘
14:31:42	21.4	-0.01	3	6420	卖盘
14:31:39	21.41	--	10	21410	买盘
14:31:36	21.41	--	50	107050	买盘
14:31:33	21.41	--	18	38538	卖盘
14:31:30	21.41	--	1	2141	卖盘
14:31:27	21.41	--	10	21410	卖盘
14:31:24	21.41	--	50	107050	卖盘
14:31:21	21.41	--	23	49243	卖盘
14:31:18	21.41	--	374	800734	卖盘
14:31:15	21.41	--	10	21410	卖盘
14:31:12	21.41	--	8	17128	卖盘
14:31:06	21.41	--	2	4282	卖盘
14:31:03	21.41	--	57	122037	卖盘
14:31:00	21.41	--	54	115614	买盘
14:30:57	21.41	--	5	10705	买盘
14:30:54	21.41	--	10	21410	买盘
14:30:51	21.41	0.01	20	42820	买盘
14:30:45	21.4	--	4	8560	卖盘
14:30:42	21.4	--	23	49220	卖盘
14:30:39	21.4	--	40	85600	卖盘
14:30:36	21.4	--	1	2140	卖盘
14:30:33	21.4	--	89	190460	卖盘
14:30:30	21.4	--	100	214000	卖盘
14:30:24	21.4	--	24	51360	卖盘
14:30:21	21.4	--	14	29959	卖盘
14:30:18	21.4	--	1	2140	卖盘
14:30:15	21.4	--	17	36380	卖盘
14:30:12	21.4	--	5	10700	卖盘
14:30:09	21.4	--	30	64199	卖盘
14:30:06	21.4	-0.01	1	2140	卖盘
14:30:03	21.41	0.01	6	12846	买盘
14:29:57	21.4	--	110	235399	卖盘
14:29:54	21.4	--	14	29959	卖盘
14:29:51	21.4	--	25	53500	卖盘
14:29:48	21.4	--	13	27819	卖盘
14:29:45	21.4	--	16	34240	卖盘
14:29:42	21.4	--	40	85600	卖盘
14:29:39	21.4	--	69	147660	卖盘
14:29:33	21.4	-0.01	19	41730	卖盘
14:29:30	21.41	--	8	17128	买盘
14:29:27	21.41	--	10	21410	买盘
14:29:21	21.41	--	33	70653	买盘
14:29:18	21.41	--	29	62089	卖盘
14:29:12	21.41	--	5	10705	卖盘
14:29:09	21.41	--	21	44961	卖盘
14:29:06	21.41	--	22	47102	卖盘
14:29:03	21.41	--	12	25692	卖盘
14:29:00	21.41	--	10	21410	卖盘
14:28:57	21.41	-0.01	14	29974	卖盘
14:28:51	21.42	0.01	3	6426	买盘
14:28:42	21.41	-0.01	35	74935	卖盘
14:28:36	21.42	--	8	17136	卖盘
14:28:33	21.42	--	11	23562	卖盘
14:28:24	21.42	--	15	32130	卖盘
14:28:21	21.42	--	4	8568	卖盘
14:28:15	21.42	--	10	21420	卖盘
14:28:09	21.42	-0.01	10	21420	卖盘
14:28:06	21.43	0.01	6	12858	买盘
14:28:00	21.42	-0.01	5	10710	卖盘
14:27:54	21.43	--	6	12858	买盘
14:27:51	21.43	--	18	38574	买盘
14:27:39	21.43	0.01	3	6429	买盘
14:27:36	21.42	-0.01	12	25704	卖盘
14:27:30	21.43	0.01	32	68576	买盘
14:27:24	21.42	--	1	2142	卖盘
14:27:21	21.42	--	2	4284	卖盘
14:27:12	21.42	--	5	10710	卖盘
14:27:09	21.42	-0.01	60	128520	卖盘
14:27:06	21.43	0.01	4	8572	买盘
14:27:03	21.42	-0.01	4	8568	卖盘
14:27:00	21.43	--	11	23573	买盘
14:26:54	21.43	0.01	8	17144	买盘
14:26:51	21.42	--	11	23562	卖盘
14:26:48	21.42	--	13	27846	卖盘
14:26:42	21.42	--	8	17136	卖盘
14:26:39	21.42	--	15	32130	卖盘
14:26:36	21.42	--	86	184212	买盘
14:26:33	21.42	0.01	7	14994	买盘
14:26:21	21.41	-0.01	14	29974	卖盘
14:26:18	21.42	--	1	2142	买盘
14:26:15	21.42	--	9	19278	买盘
14:26:06	21.42	--	9	19278	卖盘
14:26:03	21.42	--	10	21420	卖盘
14:26:00	21.42	--	20	42840	卖盘
14:25:54	21.42	--	4	8568	卖盘
14:25:51	21.42	--	15	32130	卖盘
14:25:36	21.42	-0.01	22	47124	中性盘
14:25:30	21.43	0.01	5	10715	买盘
14:25:21	21.42	--	16	34272	买盘
14:25:15	21.42	--	4	8568	买盘
14:25:12	21.42	-0.01	180	387295	卖盘
14:25:09	21.43	--	4	8572	买盘
14:25:06	21.43	--	4	8572	买盘
14:25:03	21.43	0.01	53	113579	买盘
14:25:00	21.42	--	37	79254	卖盘
14:24:54	21.42	-0.01	2	4284	卖盘
14:24:51	21.43	0.01	6	12858	买盘
14:24:45	21.42	-0.01	20	42840	卖盘
14:24:39	21.43	0.01	22	47146	买盘
14:24:36	21.42	-0.01	2	4284	卖盘
14:24:30	21.43	--	20	42860	买盘
14:24:24	21.43	--	14	30002	买盘
14:24:21	21.43	--	2	4286	买盘
14:24:18	21.43	--	10	21430	买盘
14:24:15	21.43	--	5	10715	买盘
14:24:12	21.43	0.01	14	30002	买盘
14:24:09	21.42	--	29	62118	卖盘
14:24:03	21.42	--	3	6426	卖盘
14:24:00	21.42	-0.01	49	104958	卖盘
14:23:48	21.43	--	99	212157	卖盘
14:23:45	21.43	--	1	2143	卖盘
14:23:42	21.43	-0.01	10	21430	卖盘
14:23:33	21.44	0.01	9	19296	买盘
14:23:30	21.43	-0.01	46	98578	卖盘
14:23:24	21.44	0.01	29	62176	买盘
14:23:21	21.43	--	29	62147	卖盘
14:23:18	21.43	-0.01	9	19287	卖盘
14:23:15	21.44	--	5	10720	买盘
14:23:12	21.44	--	13	27872	买盘
14:23:09	21.44	0.01	17	36448	买盘
14:23:06	21.43	--	10	21430	卖盘
14:23:03	21.43	-0.01	6	12858	卖盘
14:23:00	21.44	--	28	60032	买盘
14:22:57	21.44	--	1	2144	买盘
14:22:54	21.44	--	110	235840	买盘
14:22:51	21.44	0.01	16	34304	买盘
14:22:45	21.43	-0.01	6	12858	卖盘
14:22:30	21.44	0.01	15	32160	买盘
14:22:27	21.43	--	20	42860	卖盘
14:22:21	21.43	-0.01	29	62147	卖盘
14:22:18	21.44	0.01	7	15008	买盘
14:22:12	21.43	--	2	4286	卖盘
14:22:06	21.43	--	10	21430	卖盘
14:22:00	21.43	0.01	139	297877	买盘
14:21:57	21.42	--	6	12852	卖盘
14:21:54	21.42	--	20	42840	卖盘
14:21:51	21.42	-0.01	10	21420	卖盘
14:21:48	21.43	0.01	5	10715	买盘
14:21:45	21.42	-0.01	2	4284	卖盘
14:21:42	21.43	0.01	9	19287	买盘
14:21:39	21.42	--	10	21420	卖盘
14:21:36	21.42	--	20	42840	卖盘
14:21:33	21.42	--	8	17136	卖盘
14:21:21	21.42	--	14	29988	卖盘
14:21:15	21.42	--	27	57834	卖盘
14:21:12	21.42	--	10	21420	卖盘
14:21:03	21.42	--	185	396676	买盘
14:21:00	21.42	--	39	83538	买盘
14:20:57	21.42	--	30	64260	买盘
14:20:54	21.42	--	30	64260	买盘
14:20:51	21.42	--	4	8568	买盘
14:20:48	21.42	--	2	4284	买盘
14:20:45	21.42	--	30	64260	买盘
14:20:42	21.42	--	13	27846	买盘
14:20:39	21.42	0.01	7	14994	买盘
14:20:36	21.41	-0.01	5	10705	卖盘
14:20:33	21.42	0.01	110	235620	买盘
14:20:30	21.41	0.01	10	21410	卖盘
14:20:27	21.4	-0.01	56	119839	卖盘
14:20:24	21.41	--	22	47102	买盘
14:20:21	21.41	--	35	74935	买盘
14:20:18	21.41	0.01	41	87781	买盘
14:20:15	21.4	-0.01	28	59919	卖盘
14:20:09	21.41	0.01	4	8564	买盘
14:20:06	21.4	--	246	526440	买盘
14:20:03	21.4	0.01	23	49220	买盘
14:20:00	21.39	-0.01	5	10695	卖盘
14:19:57	21.4	--	125	267500	买盘
14:19:54	21.4	--	72	154080	买盘
14:19:51	21.4	--	10	21400	买盘
14:19:48	21.4	--	47	100580	买盘
14:19:45	21.4	--	35	74900	买盘
14:19:42	21.4	--	50	107000	买盘
14:19:39	21.4	0.01	35	74900	买盘
14:19:36	21.39	-0.01	7	14973	卖盘
14:19:33	21.4	0.01	32	68480	买盘
14:19:30	21.39	-0.01	10	21390	卖盘
14:19:27	21.4	0.01	9	19260	买盘
14:19:24	21.39	--	3	6417	卖盘
14:19:21	21.39	--	8	17112	卖盘
14:19:18	21.39	--	35	74865	卖盘
14:19:15	21.39	-0.01	3	6417	卖盘
14:19:12	21.4	0.01	49	104860	买盘
14:19:09	21.39	--	53	113367	卖盘
14:19:06	21.39	--	5	10695	卖盘
14:19:03	21.39	-0.01	15	32085	卖盘
14:19:00	21.4	0.01	3	6420	买盘
14:18:57	21.39	--	9	19251	卖盘
14:18:54	21.39	-0.01	10	21390	卖盘
14:18:51	21.4	0.01	1	2140	买盘
14:18:48	21.39	--	55	117645	买盘
14:18:42	21.39	--	10	21390	卖盘
14:18:39	21.39	--	120	256680	卖盘
14:18:33	21.39	-0.01	10	21390	卖盘
14:18:30	21.4	--	2	4280	买盘
14:18:27	21.4	0.01	7	14979	买盘
14:18:24	21.39	--	28	59892	卖盘
14:18:21	21.39	-0.01	52	111228	卖盘
14:18:18	21.4	0.01	9	19260	买盘
14:18:15	21.39	--	20	42780	买盘
14:18:12	21.39	-0.01	4	8556	中性盘
14:18:09	21.4	--	240	513599	买盘
14:18:06	21.4	--	76	162640	买盘
14:18:03	21.4	0.01	27	57779	买盘
14:18:00	21.39	--	52	111228	卖盘
14:17:57	21.39	--	521	1114419	卖盘
14:17:54	21.39	--	10	21390	卖盘
14:17:51	21.39	--	16	34224	卖盘
14:17:48	21.39	-0.01	12	25668	卖盘
14:17:45	21.4	0.01	31	66340	买盘
14:17:42	21.39	--	50	106950	卖盘
14:17:36	21.39	--	101	216039	卖盘
14:17:33	21.39	-0.01	29	62031	卖盘
14:17:30	21.4	--	42	89880	买盘
14:17:27	21.4	--	57	121979	买盘
14:17:24	21.4	0.01	125	267500	买盘
14:17:21	21.39	-0.01	2	4278	卖盘
14:17:18	21.4	--	13	27819	买盘
14:17:15	21.4	--	2	4280	买盘
14:17:12	21.4	--	356	761840	卖盘
14:17:09	21.4	--	155	331700	卖盘
14:17:06	21.4	--	208	445119	卖盘
14:17:03	21.4	--	62	132680	卖盘
14:17:00	21.4	--	50	107000	卖盘
14:16:57	21.4	--	2	4280	卖盘
14:16:54	21.4	--	11	23540	卖盘
14:16:48	21.4	-0.01	57	121979	卖盘
14:16:45	21.41	--	3	6423	买盘
14:16:39	21.41	--	575	1231075	卖盘
14:16:36	21.41	--	25	53525	卖盘
14:16:33	21.41	--	40	85640	卖盘
14:16:30	21.41	--	8	17128	卖盘
14:16:27	21.41	-0.01	16	34256	卖盘
14:16:24	21.42	--	20	42840	买盘
14:16:15	21.42	--	104	224503	卖盘
14:16:12	21.42	--	62	132804	卖盘
14:16:09	21.42	--	30	64260	卖盘
14:16:03	21.42	--	19	40698	卖盘
14:16:00	21.42	--	2	4284	卖盘
14:15:57	21.42	--	32	68544	卖盘
14:15:54	21.42	--	12	25704	卖盘
14:15:51	21.42	--	29	62118	卖盘
14:15:48	21.42	--	49	104958	卖盘
14:15:45	21.42	--	25	53550	卖盘
14:15:42	21.42	--	23	49266	卖盘
14:15:39	21.42	--	20	42840	卖盘
14:15:36	21.42	--	11	23562	卖盘
14:15:33	21.42	--	5	10710	卖盘
14:15:30	21.42	--	130	278460	卖盘
14:15:27	21.42	--	154	329868	卖盘
14:15:24	21.42	--	9	19278	卖盘
14:15:21	21.42	-0.01	12	25704	卖盘
14:15:15	21.43	--	2	4286	买盘
14:15:09	21.43	0.01	9	19287	买盘
14:15:06	21.42	--	11	23562	卖盘
14:15:03	21.42	-0.01	1	2142	卖盘
14:15:00	21.43	--	1	2143	卖盘
14:14:57	21.43	--	29	62554	买盘
14:14:51	21.43	0.01	30	64290	买盘
14:14:48	21.42	--	10	21420	卖盘
14:14:45	21.42	-0.01	7	14994	卖盘
14:14:33	21.43	--	75	162460	卖盘
14:14:30	21.43	--	5	10715	卖盘
14:14:27	21.43	-0.01	18	38574	卖盘
14:14:24	21.44	--	7	15008	买盘
14:14:21	21.44	0.01	55	117920	买盘
14:14:18	21.43	--	10	21430	卖盘
14:14:15	21.43	-0.01	4	8572	卖盘
14:14:12	21.44	0.01	30	64320	买盘
14:14:06	21.43	-0.01	15	32145	卖盘
14:14:00	21.44	--	1	2144	买盘
14:13:57	21.44	--	6	12864	中性盘
14:13:54	21.44	--	8	17152	卖盘
14:13:51	21.44	--	70	150080	卖盘
14:13:45	21.44	--	6	12864	卖盘
14:13:42	21.44	--	9	19296	卖盘
14:13:39	21.44	--	36	77184	卖盘
14:13:36	21.44	--	4	8576	卖盘
14:13:33	21.44	--	12	25728	卖盘
14:13:27	21.44	-0.01	2	4288	卖盘
14:13:24	21.45	0.01	5	10725	买盘
14:13:21	21.44	--	2	4288	卖盘
14:13:15	21.44	0.01	13	27872	中性盘
14:13:12	21.43	-0.01	38	81434	卖盘
14:13:09	21.44	--	14	30016	买盘
14:13:03	21.44	--	18	38592	买盘
14:12:57	21.44	--	2	4288	买盘
14:12:54	21.44	--	12	25728	卖盘
14:12:51	21.44	-0.01	2	4288	卖盘
14:12:48	21.45	0.01	276	592020	买盘
14:12:45	21.44	--	24	51456	卖盘
14:12:42	21.44	0.01	129	276576	买盘
14:12:39	21.43	--	26	55718	卖盘
14:12:36	21.43	-0.01	100	214300	卖盘
14:12:33	21.44	0.01	28	60032	买盘
14:12:30	21.43	--	1	2143	卖盘
14:12:27	21.43	--	11	23573	卖盘
14:12:24	21.43	--	56	120008	卖盘
14:12:21	21.43	--	2	4286	卖盘
14:12:18	21.43	--	7	15001	卖盘
14:12:15	21.43	-0.01	26	55718	卖盘
14:12:12	21.44	0.01	5	10720	买盘
14:12:09	21.43	-0.01	2	4286	卖盘
14:12:06	21.44	--	14	30016	买盘
14:12:03	21.44	--	3	6432	买盘
14:11:57	21.44	--	1	2144	买盘
14:11:54	21.44	-0.01	85	182240	卖盘
14:11:42	21.45	--	10	21450	买盘
14:11:33	21.45	--	56	120120	买盘
14:11:30	21.45	0.01	9	19305	买盘
14:11:27	21.44	-0.01	3	6432	卖盘
14:11:24	21.45	0.01	1	2145	买盘
14:11:21	21.44	-0.01	10	21440	卖盘
14:11:18	21.45	--	18	38610	买盘
14:11:12	21.45	--	10	21450	买盘
14:11:06	21.45	--	5	10725	买盘
14:11:03	21.45	--	12	25740	买盘
14:10:57	21.45	0.01	12	25740	买盘
14:10:54	21.44	-0.01	14	30016	卖盘
14:10:51	21.45	0.01	30	64350	买盘
14:10:48	21.44	--	3	6432	卖盘
14:10:45	21.44	--	12	25728	卖盘
14:10:42	21.44	-0.01	9	19296	卖盘
14:10:39	21.45	--	14	30030	买盘
14:10:36	21.45	--	22	47190	买盘
14:10:30	21.45	--	2	4290	买盘
14:10:24	21.45	--	6	12870	买盘
14:10:18	21.45	0.01	5	10725	买盘
14:10:15	21.44	-0.01	10	21440	卖盘
14:10:09	21.45	--	5	10725	买盘
14:10:03	21.45	--	13	27885	买盘
14:10:00	21.45	--	31	66495	卖盘
14:09:57	21.45	--	5	10725	卖盘
14:09:54	21.45	-0.01	5	10725	卖盘
14:09:51	21.46	0.01	11	23606	买盘
14:09:42	21.45	--	8	17160	卖盘
14:09:39	21.45	--	29	62205	卖盘
14:09:36	21.45	--	10	21450	卖盘
14:09:30	21.45	-0.01	2	4290	卖盘
14:09:27	21.46	--	6	12876	买盘
14:09:24	21.46	0.01	5	10730	买盘
14:09:21	21.45	-0.01	2	4290	卖盘
14:09:18	21.46	0.01	12	25752	买盘
14:09:15	21.45	--	2	4290	卖盘
14:09:12	21.45	--	8	17160	买盘
14:09:09	21.45	--	13	27885	买盘
14:09:06	21.45	--	2	4290	买盘
14:09:03	21.45	-0.01	13	27885	卖盘
14:09:00	21.46	0.01	1	2146	买盘
14:08:57	21.45	--	62	132990	卖盘
14:08:51	21.45	--	36	77220	卖盘
14:08:42	21.45	--	3	6435	卖盘
14:08:39	21.45	-0.01	6	12870	中性盘
14:08:33	21.46	0.01	59	126614	买盘
14:08:30	21.45	--	3	6435	卖盘
14:08:27	21.45	-0.01	2	4290	卖盘
14:08:24	21.46	0.01	9	19314	买盘
14:08:21	21.45	--	18	38610	卖盘
14:08:18	21.45	--	2	4290	卖盘
14:08:15	21.45	-0.01	10	21450	卖盘
14:08:12	21.46	0.01	12	25752	买盘
14:08:06	21.45	--	1	2145	卖盘
14:08:00	21.45	--	1	2145	卖盘
14:07:57	21.45	--	26	55770	卖盘
14:07:54	21.45	--	150	321750	卖盘
14:07:51	21.45	--	3	6435	卖盘
14:07:48	21.45	--	20	42900	卖盘
14:07:45	21.45	--	8	17160	卖盘
14:07:42	21.45	-0.01	13	27885	卖盘
14:07:39	21.46	--	5	10730	买盘
14:07:36	21.46	--	2	4292	买盘
14:07:33	21.46	0.01	5	10730	买盘
14:07:30	21.45	-0.01	4	8580	卖盘
14:07:27	21.46	0.01	12	25752	买盘
14:07:21	21.45	--	8	17160	卖盘
14:07:18	21.45	-0.01	17	36465	卖盘
14:07:15	21.46	0.01	10	21460	买盘
14:07:12	21.45	-0.01	9	19305	卖盘
14:07:09	21.46	--	13	27898	买盘
14:07:03	21.46	-0.01	32	68672	卖盘
14:06:54	21.47	--	9	19323	买盘
14:06:48	21.47	0.01	31	66557	买盘
14:06:45	21.46	--	17	36482	买盘
14:06:42	21.46	--	25	53650	买盘
14:06:39	21.46	--	5	10730	买盘
14:06:36	21.46	--	5	10730	买盘
14:06:33	21.46	--	8	17168	买盘
14:06:27	21.46	--	1	2146	买盘
14:06:24	21.46	-0.01	12	25752	卖盘
14:06:21	21.47	--	21	45087	买盘
14:06:18	21.47	--	3	6441	买盘
14:06:12	21.47	--	4	8588	买盘
14:06:09	21.47	-0.01	10	21470	买盘
14:06:06	21.48	--	13	27924	买盘
14:05:57	21.48	--	100	214800	买盘
14:05:54	21.48	--	6	12888	买盘
14:05:51	21.48	-0.01	12	25776	卖盘
14:05:48	21.49	0.01	4	8596	买盘
14:05:45	21.48	--	14	30072	中性盘
14:05:36	21.48	0.01	6	12888	买盘
14:05:33	21.47	-0.02	10	21470	卖盘
14:05:24	21.49	0.02	4	8596	买盘
14:05:18	21.47	--	8	17176	卖盘
14:05:15	21.47	-0.02	5	10735	卖盘
14:05:06	21.49	--	5	10745	买盘
14:05:00	21.49	--	5	10745	买盘
14:04:51	21.49	0.02	57	122492	买盘
14:04:48	21.47	--	1	2147	卖盘
14:04:45	21.47	0.01	37	79439	买盘
14:04:42	21.46	--	15	32190	买盘
14:04:39	21.46	--	24	51504	卖盘
14:04:36	21.46	-0.01	8	17168	卖盘
14:04:33	21.47	--	14	30058	买盘
14:04:24	21.47	--	2	4294	买盘
14:04:21	21.47	-0.02	43	92321	卖盘
14:04:12	21.49	--	4	8596	买盘
14:04:03	21.49	0.03	52	111747	买盘
14:03:57	21.46	-0.03	160	343360	卖盘
14:03:54	21.49	--	1	2149	买盘
14:03:48	21.49	0.02	2	4298	买盘
14:03:45	21.47	-0.01	1	2147	卖盘
14:03:42	21.48	--	10	21480	卖盘
14:03:36	21.48	--	19	40812	买盘
14:03:33	21.48	0.01	5	10740	买盘
14:03:30	21.47	-0.02	6	12882	卖盘
14:03:24	21.49	--	2	4298	买盘
14:03:21	21.49	0.01	173	371777	买盘
14:03:18	21.48	--	47	100956	卖盘
14:03:15	21.48	-0.01	5	10740	卖盘
14:03:12	21.49	0.01	42	90258	买盘
14:03:09	21.48	--	9	19332	卖盘
14:03:06	21.48	-0.01	25	53700	卖盘
14:03:03	21.49	--	13	27936	买盘
14:03:00	21.49	0.01	7	15042	买盘
14:02:57	21.48	--	11	23628	卖盘
14:02:54	21.48	-0.01	18	38664	卖盘
14:02:51	21.49	--	1	2149	买盘
14:02:45	21.49	--	3	6446	买盘
14:02:39	21.49	0.01	9	19341	买盘
14:02:30	21.48	--	1	2148	卖盘
14:02:27	21.48	--	10	21480	卖盘
14:02:24	21.48	-0.01	63	135324	卖盘
14:02:21	21.49	--	120	257879	买盘
14:02:18	21.49	0.01	7	15042	买盘
14:02:15	21.48	--	248	532704	卖盘
14:02:12	21.48	--	24	51552	卖盘
14:02:06	21.48	--	43	92364	卖盘
14:02:00	21.48	--	2	4296	中性盘
14:01:54	21.48	-0.01	1	2148	买盘
14:01:48	21.49	0.02	2	4298	买盘
14:01:45	21.47	-0.01	24	51528	卖盘
14:01:42	21.48	-0.01	2	4296	中性盘
14:01:33	21.49	0.02	4	8596	买盘
14:01:30	21.47	-0.01	117	251199	卖盘
14:01:27	21.48	--	7	15036	卖盘
14:01:24	21.48	0.01	22	47256	买盘
14:01:21	21.47	--	15	32205	卖盘
14:01:18	21.47	--	20	42940	卖盘
14:01:15	21.47	--	11	23617	卖盘
14:01:12	21.47	--	5	10735	买盘
14:01:06	21.47	--	8	17176	卖盘
14:01:03	21.47	0.01	14	30058	卖盘
14:01:00	21.46	--	12	25752	卖盘
14:00:57	21.46	--	29	62234	买盘
14:00:54	21.46	--	26	55796	卖盘
14:00:51	21.46	-0.01	5	10730	卖盘
14:00:45	21.47	0.01	5	10735	买盘
14:00:42	21.46	--	5	10730	卖盘
14:00:39	21.46	-0.01	10	21460	卖盘
14:00:36	21.47	-0.02	11	23617	中性盘
14:00:15	21.49	0.02	126	270774	买盘
14:00:12	21.47	--	5	10735	买盘
14:00:09	21.47	--	3	6441	买盘
14:00:06	21.47	-0.01	10	21470	买盘
13:59:57	21.48	0.01	10	21480	中性盘
13:59:39	21.47	-0.02	4	8588	卖盘
13:59:33	21.49	0.03	43	92407	买盘
13:59:21	21.46	--	24	51504	卖盘
13:59:18	21.46	--	14	30044	卖盘
13:59:15	21.46	--	2	4292	卖盘
13:59:09	21.46	--	1	2146	卖盘
13:59:06	21.46	-0.02	20	42920	中性盘
13:58:57	21.48	0.03	5	10740	买盘
13:58:51	21.45	--	30	64350	卖盘
13:58:42	21.45	--	119	255255	卖盘
13:58:39	21.45	--	47	100815	买盘
13:58:33	21.45	--	30	64350	买盘
13:58:30	21.45	--	27	57915	买盘
13:58:27	21.45	--	12	25740	买盘
13:58:24	21.45	--	26	55770	买盘
13:58:12	21.45	--	3	6435	买盘
13:58:09	21.45	0.01	91	195195	买盘
13:58:03	21.44	-0.01	41	87904	卖盘
13:58:00	21.45	--	30	64350	买盘
13:57:57	21.45	0.01	11	23595	买盘
13:57:54	21.44	--	2	4288	卖盘
13:57:51	21.44	--	1	2144	卖盘
13:57:48	21.44	--	5	10720	卖盘
13:57:42	21.44	--	10	21440	卖盘
13:57:39	21.44	--	6	12864	买盘
13:57:36	21.44	--	35	75040	买盘
13:57:33	21.44	0.01	26	55744	买盘
13:57:30	21.43	--	20	42860	卖盘
13:57:27	21.43	--	6	12858	卖盘
13:57:18	21.43	--	33	70719	卖盘
13:57:15	21.43	-0.01	4	8572	卖盘
13:57:12	21.44	--	10	21440	买盘
13:57:06	21.44	0.01	20	42880	买盘
13:57:03	21.43	--	0	407	卖盘
13:57:00	21.43	-0.01	4	8572	卖盘
13:56:57	21.44	--	174	373056	买盘
13:56:54	21.44	--	9	19296	买盘
13:56:48	21.44	--	5	10720	买盘
13:56:45	21.44	--	25	53600	买盘
13:56:42	21.44	0.01	5	10720	买盘
13:56:39	21.43	-0.01	169	362167	卖盘
13:56:30	21.44	--	174	373056	买盘
13:56:27	21.44	--	1	2144	买盘
13:56:24	21.44	--	20	42880	买盘
13:56:21	21.44	--	10	21440	买盘
13:56:18	21.44	0.01	4	8576	买盘
13:56:15	21.43	-0.01	10	21430	卖盘
13:56:12	21.44	--	37	79328	买盘
13:56:09	21.44	--	5	10720	买盘
13:56:06	21.44	0.01	12	25728	买盘
13:56:03	21.43	--	5	10715	卖盘
13:56:00	21.43	-0.01	5	10715	卖盘
13:55:57	21.44	0.01	4	8576	买盘
13:55:48	21.43	-0.01	27	57861	卖盘
13:55:45	21.44	0.01	3	6432	买盘
13:55:42	21.43	-0.01	10	21430	卖盘
13:55:39	21.44	0.01	10	21440	买盘
13:55:36	21.43	-0.01	9	19287	卖盘
13:55:33	21.44	0.01	1	2144	买盘
13:55:30	21.43	--	3	6429	卖盘
13:55:27	21.43	--	3	6429	卖盘
13:55:24	21.43	--	30	64290	卖盘
13:55:18	21.43	-0.01	35	75005	卖盘
13:55:15	21.44	--	1	2144	买盘
13:55:09	21.44	0.01	30	64320	买盘
13:55:03	21.43	--	10	21430	卖盘
13:55:00	21.43	--	10	21430	卖盘
13:54:57	21.43	--	5	10715	卖盘
13:54:54	21.43	--	8	17144	卖盘
13:54:51	21.43	--	46	98578	卖盘
13:54:48	21.43	-0.01	19	40717	卖盘
13:54:45	21.44	0.01	75	160800	买盘
13:54:42	21.43	-0.01	14	30002	卖盘
13:54:39	21.44	--	5	10720	买盘
13:54:36	21.44	0.01	33	70752	买盘
13:54:33	21.43	-0.01	8	17144	卖盘
13:54:30	21.44	--	41	87904	卖盘
13:54:24	21.44	--	15	32160	卖盘
13:54:21	21.44	0.01	16	34304	买盘
13:54:18	21.43	--	9	19287	卖盘
13:54:15	21.43	-0.01	29	62147	卖盘
13:54:09	21.44	0.01	12	25728	买盘
13:54:06	21.43	--	46	98578	卖盘
13:54:03	21.43	0.01	19	40717	买盘
13:54:00	21.42	-0.01	16	34272	卖盘
13:53:57	21.43	--	13	27859	卖盘
13:53:54	21.43	0.01	60	128580	卖盘
13:53:51	21.42	-0.01	58	124236	卖盘
13:53:48	21.43	--	9	19287	买盘
13:53:45	21.43	--	12	25716	卖盘
13:53:42	21.43	-0.01	33	70719	卖盘
13:53:39	21.44	--	59	126496	卖盘
13:53:36	21.44	-0.01	116	248704	卖盘
13:53:33	21.45	--	5	10725	买盘
13:53:27	21.45	--	6	12870	买盘
13:53:24	21.45	--	218	467610	卖盘
13:53:21	21.45	--	22	47190	卖盘
13:53:18	21.45	--	14	30030	卖盘
13:53:15	21.45	--	107	229515	卖盘
13:53:12	21.45	--	1	2145	卖盘
13:53:09	21.45	--	100	214500	卖盘
13:53:06	21.45	-0.01	61	130845	卖盘
13:53:00	21.46	-0.01	25	53650	中性盘
13:52:57	21.47	--	200	429400	买盘
13:52:54	21.47	0.01	7	15029	买盘
13:52:51	21.46	-0.01	6	12876	卖盘
13:52:48	21.47	--	7	15029	买盘
13:52:42	21.47	0.01	26	55822	买盘
13:52:39	21.46	-0.01	14	30044	卖盘
13:52:36	21.47	0.01	123	264081	买盘
13:52:33	21.46	--	6	12876	卖盘
13:52:30	21.46	-0.01	96	206016	卖盘
13:52:27	21.47	0.01	25	53675	买盘
13:52:24	21.46	-0.01	10	21460	卖盘
13:52:15	21.47	--	24	51528	卖盘
13:52:12	21.47	-0.01	70	150290	卖盘
13:52:06	21.48	--	12	25776	买盘
13:52:00	21.48	--	1	2148	买盘
13:51:57	21.48	--	78	167544	卖盘
13:51:54	21.48	-0.01	25	53700	卖盘
13:51:51	21.49	0.01	64	137536	买盘
13:51:48	21.48	-0.01	2	4296	卖盘
13:51:45	21.49	0.01	30	64469	买盘
13:51:39	21.48	-0.01	9	19332	卖盘
13:51:33	21.49	--	12	25787	买盘
13:51:30	21.49	--	5	10745	买盘
13:51:27	21.49	--	5	10745	买盘
13:51:21	21.49	--	9	19341	买盘
13:51:18	21.49	--	2	4298	买盘
13:51:15	21.49	--	107	229942	卖盘
13:51:12	21.49	--	47	101002	卖盘
13:51:06	21.49	-0.01	97	208452	卖盘
13:50:57	21.5	--	5	10750	买盘
13:50:54	21.5	0.01	1	2150	买盘
13:50:51	21.49	-0.01	141	303009	卖盘
13:50:48	21.5	--	14	31841	卖盘
13:50:45	21.5	--	14	30100	卖盘
13:50:42	21.5	--	64	137600	卖盘
13:50:39	21.5	-0.01	69	148350	卖盘
13:50:36	21.51	0.01	3	6453	买盘
13:50:33	21.5	--	36	77400	卖盘
13:50:30	21.5	--	5	10750	卖盘
13:50:21	21.5	-0.01	70	150500	卖盘
13:50:18	21.51	0.01	2	4302	买盘
13:50:15	21.5	-0.01	5	10750	卖盘
13:50:12	21.51	0.01	99	212949	买盘
13:50:09	21.5	-0.01	40	86000	卖盘
13:50:06	21.51	--	32	68832	买盘
13:50:03	21.51	--	61	131211	买盘
13:49:57	21.51	0.01	11	23661	买盘
13:49:54	21.5	-0.01	27	58050	卖盘
13:49:51	21.51	--	40	86040	买盘
13:49:48	21.51	--	15	32265	买盘
13:49:45	21.51	--	24	51624	卖盘
13:49:42	21.51	--	58	124758	卖盘
13:49:39	21.51	--	49	105399	卖盘
13:49:36	21.51	--	68	146268	卖盘
13:49:33	21.51	--	61	131211	卖盘
13:49:30	21.51	--	4	8604	卖盘
13:49:27	21.51	--	36	77436	卖盘
13:49:24	21.51	--	4	8604	卖盘
13:49:21	21.51	--	17	36567	卖盘
13:49:18	21.51	0.01	124	266724	买盘
13:49:15	21.5	-0.01	10	21500	卖盘
13:49:03	21.51	--	5	10755	买盘
13:48:57	21.51	--	6	12906	买盘
13:48:54	21.51	--	34	73134	卖盘
13:48:51	21.51	--	10	21510	卖盘
13:48:45	21.51	--	8	17208	买盘
13:48:42	21.51	--	4	8604	买盘
13:48:39	21.51	--	6	12906	买盘
13:48:36	21.51	--	6	12906	买盘
13:48:33	21.51	0.01	1	2151	买盘
13:48:30	21.5	-0.01	3	6450	卖盘
13:48:27	21.51	0.01	10	21510	买盘
13:48:24	21.5	-0.01	6	12900	卖盘
13:48:21	21.51	--	1	2151	买盘
13:48:18	21.51	--	6	12906	买盘
13:48:15	21.51	--	65	139815	卖盘
13:48:12	21.51	--	23	49473	买盘
13:48:09	21.51	--	4	8604	买盘
13:48:06	21.51	--	11	23661	买盘
13:48:03	21.51	0.01	9	19359	卖盘
13:48:00	21.5	-0.01	72	154800	卖盘
13:47:57	21.51	-0.01	40	86040	卖盘
13:47:54	21.52	0.01	20	43040	买盘
13:47:45	21.51	--	5	10755	卖盘
13:47:39	21.51	--	12	25812	卖盘
13:47:36	21.51	0.01	2	4302	买盘
13:47:33	21.5	--	40	86000	卖盘
13:47:30	21.5	--	108	232200	卖盘
13:47:27	21.5	--	4	8600	卖盘
13:47:24	21.5	--	8	17200	卖盘
13:47:12	21.5	--	20	43000	卖盘
13:47:09	21.5	--	9	19350	卖盘
13:47:06	21.5	-0.01	53	113950	卖盘
13:47:03	21.51	0.01	60	129060	买盘
13:46:57	21.5	--	1	2150	卖盘
13:46:54	21.5	--	15	32250	卖盘
13:46:51	21.5	--	4	8600	卖盘
13:46:48	21.5	--	20	43000	卖盘
13:46:42	21.5	--	9	19350	卖盘
13:46:36	21.5	--	12	25800	卖盘
13:46:33	21.5	--	232	499208	买盘
13:46:30	21.5	--	1	2150	买盘
13:46:27	21.5	--	20	43000	买盘
13:46:24	21.5	0.01	1	2150	买盘
13:46:18	21.49	--	53	113896	买盘
13:46:15	21.49	--	42	90258	买盘
13:46:12	21.49	--	41	88109	买盘
13:46:09	21.49	--	78	167622	买盘
13:46:06	21.49	-0.01	629	1351721	卖盘
13:46:03	21.5	--	44	94600	买盘
13:46:00	21.5	--	365	784750	买盘
13:45:57	21.5	--	205	440750	买盘
13:45:54	21.5	--	116	249400	买盘
13:45:51	21.5	--	7	15050	买盘
13:45:48	21.5	--	19	40850	买盘
13:45:45	21.5	--	61	131150	买盘
13:45:42	21.5	--	9	19350	买盘
13:45:39	21.5	--	47	101050	买盘
13:45:36	21.5	--	109	234350	买盘
13:45:33	21.5	--	68	146200	买盘
13:45:30	21.5	--	12	25800	买盘
13:45:27	21.5	0.01	6	12900	买盘
13:45:24	21.49	-0.01	57	122492	卖盘
13:45:21	21.5	--	131	281650	买盘
13:45:18	21.5	0.01	39	83850	买盘
13:45:12	21.49	-0.01	20	42980	卖盘
13:45:09	21.5	--	19	40850	买盘
13:45:06	21.5	--	68	146200	买盘
13:45:03	21.5	--	19	40850	买盘
13:45:00	21.5	--	7	15050	买盘
13:44:57	21.5	--	3	6450	买盘
13:44:54	21.5	--	120	258000	买盘
13:44:51	21.5	--	8	17200	买盘
13:44:48	21.5	--	2	4300	买盘
13:44:45	21.5	--	3	6450	买盘
13:44:42	21.5	--	8	17200	买盘
13:44:39	21.5	--	497	1068550	买盘
13:44:36	21.5	--	92	197800	买盘
13:44:30	21.5	--	17	36550	买盘
13:44:27	21.5	--	5	10750	买盘
13:44:24	21.5	--	11	23650	买盘
13:44:21	21.5	--	10	21500	买盘
13:44:15	21.5	0.01	23	49450	买盘
13:44:12	21.49	-0.01	16	34384	卖盘
13:44:09	21.5	0.01	2	4300	买盘
13:44:03	21.49	-0.01	10	21490	卖盘
13:44:00	21.5	--	29	62350	买盘
13:43:57	21.5	0.01	30	64500	买盘
13:43:54	21.49	-0.01	6	12893	卖盘
13:43:51	21.5	--	9	19350	买盘
13:43:48	21.5	--	1	2150	买盘
13:43:45	21.5	0.01	5	10750	买盘
13:43:42	21.49	-0.01	1	2149	卖盘
13:43:39	21.5	--	2	4300	买盘
13:43:36	21.5	0.01	5	10750	买盘
13:43:33	21.49	-0.01	4	8596	卖盘
13:43:30	21.5	--	5	10750	买盘
13:43:27	21.5	--	14	30100	买盘
13:43:24	21.5	0.01	20	43000	买盘
13:43:21	21.49	--	1	2149	卖盘
13:43:18	21.49	--	35	75215	卖盘
13:43:15	21.49	-0.01	23	49427	卖盘
13:43:12	21.5	0.01	2	4300	买盘
13:43:06	21.49	-0.01	2	4298	卖盘
13:43:03	21.5	0.01	125	268750	买盘
13:43:00	21.49	--	51	109598	买盘
13:42:57	21.49	--	42	90258	卖盘
13:42:54	21.49	--	141	303009	买盘
13:42:51	21.49	--	7	15042	买盘
13:42:48	21.49	0.01	7	15042	买盘
13:42:45	21.48	-0.01	7	15036	卖盘
13:42:39	21.49	0.01	8	17192	买盘
13:42:36	21.48	-0.01	18	38664	卖盘
13:42:33	21.49	--	1	2149	买盘
13:42:30	21.49	--	60	128939	买盘
13:42:27	21.49	--	5	10745	买盘
13:42:21	21.49	0.01	5	10745	买盘
13:42:18	21.48	-0.01	62	133176	卖盘
13:42:12	21.49	--	5	10745	买盘
13:42:09	21.49	--	30	64469	买盘
13:42:06	21.49	--	4	8596	买盘
13:42:03	21.49	--	11	23639	买盘
13:42:00	21.49	0.01	29	62320	买盘
13:41:57	21.48	-0.01	55	118140	卖盘
13:41:54	21.49	--	5	10745	买盘
13:41:51	21.49	0.01	15	32234	买盘
13:41:48	21.48	-0.01	14	30072	卖盘
13:41:45	21.49	--	10	21490	买盘
13:41:42	21.49	--	1	2149	买盘
13:41:33	21.49	--	13	27936	买盘
13:41:27	21.49	0.01	5	10745	买盘
13:41:21	21.48	--	20	42960	卖盘
13:41:18	21.48	-0.01	154	330792	卖盘
13:41:15	21.49	0.01	23	49427	买盘
13:41:12	21.48	--	137	294276	卖盘
13:41:09	21.48	--	1	2148	卖盘
13:41:06	21.48	--	12	25776	卖盘
13:41:03	21.48	--	3	6444	卖盘
13:41:00	21.48	--	20	42960	卖盘
13:40:57	21.48	-0.01	15	32220	卖盘
13:40:54	21.49	0.01	4	8596	买盘
13:40:51	21.48	--	12	25776	卖盘
13:40:48	21.48	-0.01	13	27924	卖盘
13:40:45	21.49	0.01	10	21490	买盘
13:40:42	21.48	-0.01	1	2148	卖盘
13:40:36	21.49	0.01	24	51575	买盘
13:40:33	21.48	--	16	34368	卖盘
13:40:30	21.48	--	2	4296	卖盘
13:40:27	21.48	-0.01	1	2148	卖盘
13:40:24	21.49	0.01	44	94556	买盘
13:40:21	21.48	--	5	10740	卖盘
13:40:18	21.48	--	13	27924	卖盘
13:40:15	21.48	--	13	27924	卖盘
13:40:12	21.48	--	10	21480	卖盘
13:40:09	21.48	--	40	85920	卖盘
13:40:06	21.48	--	2	4296	卖盘
13:40:03	21.48	--	3	6444	卖盘
13:40:00	21.48	--	108	231984	卖盘
13:39:57	21.48	--	21	45108	卖盘
13:39:54	21.48	-0.01	5	10740	卖盘
13:39:51	21.49	0.01	63	135387	买盘
13:39:48	21.48	--	4	8592	卖盘
13:39:42	21.48	--	11	23628	卖盘
13:39:39	21.48	--	50	107400	卖盘
13:39:33	21.48	--	40	85920	卖盘
13:39:30	21.48	--	79	169692	卖盘
13:39:27	21.48	--	20	42960	卖盘
13:39:24	21.48	-0.01	2	4296	卖盘
13:39:15	21.49	0.01	17	36533	买盘
13:39:12	21.48	-0.01	6	12888	卖盘
13:39:06	21.49	--	19	40831	买盘
13:39:03	21.49	0.01	6	12893	买盘
13:39:00	21.48	-0.01	6	12888	卖盘
13:38:57	21.49	--	25	53724	买盘
13:38:54	21.49	0.01	158	339542	买盘
13:38:51	21.48	--	10	21480	卖盘
13:38:48	21.48	-0.01	17	36516	卖盘
13:38:45	21.49	--	100	214899	买盘
13:38:42	21.49	--	2	4298	买盘
13:38:39	21.49	--	2	4298	买盘
13:38:36	21.49	--	20	42980	买盘
13:38:30	21.49	0.01	5	10745	买盘
13:38:27	21.48	-0.01	1	2148	卖盘
13:38:24	21.49	0.01	20	42980	买盘
13:38:21	21.48	--	71	152508	卖盘
13:38:18	21.48	-0.01	6	12888	卖盘
13:38:15	21.49	--	21	45129	买盘
13:38:09	21.49	--	15	32234	买盘
13:38:06	21.49	--	51	109598	买盘
13:38:03	21.49	--	1	2149	买盘
13:37:57	21.49	--	24	51575	卖盘
13:37:51	21.49	--	2	4298	卖盘
13:37:42	21.49	-0.01	8	17192	卖盘
13:37:39	21.5	0.01	9	19350	买盘
13:37:33	21.49	--	8	17192	卖盘
13:37:30	21.49	--	4	8596	卖盘
13:37:24	21.49	0.01	15	32234	买盘
13:37:21	21.48	--	20	42960	卖盘
13:37:18	21.48	--	21	45108	卖盘
13:37:15	21.48	--	7	15036	卖盘
13:37:06	21.48	-0.02	4	8592	卖盘
13:37:03	21.5	--	9	19350	买盘
13:37:00	21.5	0.01	110	236500	买盘
13:36:57	21.49	--	68	146132	卖盘
13:36:51	21.49	--	11	23639	卖盘
13:36:48	21.49	-0.01	87	186963	卖盘
13:36:45	21.5	0.01	10	21500	买盘
13:36:42	21.49	--	29	62320	卖盘
13:36:39	21.49	-0.01	64	137536	卖盘
13:36:36	21.5	0.01	23	49450	买盘
13:36:33	21.49	--	6	12893	卖盘
13:36:30	21.49	--	23	49427	买盘
13:36:24	21.49	--	1	2149	买盘
13:36:21	21.49	-0.01	14	30085	卖盘
13:36:18	21.5	0.01	34	73100	买盘
13:36:15	21.49	--	12	25787	卖盘
13:36:09	21.49	--	15	32234	卖盘
13:36:06	21.49	--	5	10745	卖盘
13:36:03	21.49	--	6	12893	卖盘
13:35:57	21.49	--	35	75215	卖盘
13:35:54	21.49	--	14	30085	卖盘
13:35:48	21.49	--	10	21490	卖盘
13:35:42	21.49	--	20	42980	卖盘
13:35:36	21.49	--	6	12893	卖盘
13:35:33	21.49	--	101	217048	买盘
13:35:27	21.49	--	9	19341	卖盘
13:35:24	21.49	0.01	31	66619	买盘
13:35:21	21.48	-0.01	13	27924	卖盘
13:35:12	21.49	--	1	2149	买盘
13:35:09	21.49	--	85	182665	买盘
13:35:03	21.49	--	10	21490	买盘
13:35:00	21.49	--	2	4298	买盘
13:34:57	21.49	0.01	9	19341	买盘
13:34:54	21.48	-0.02	37	79476	卖盘
13:34:48	21.5	0.01	2	4300	买盘
13:34:45	21.49	-0.01	5	10745	中性盘
13:34:42	21.5	0.01	70	150500	买盘
13:34:39	21.49	--	10	21490	买盘
13:34:36	21.49	--	21	45129	卖盘
13:34:33	21.49	--	4	8596	卖盘
13:34:30	21.49	--	13	27936	卖盘
13:34:27	21.49	--	5	10745	卖盘
13:34:24	21.49	--	7	15042	买盘
13:34:21	21.49	--	50	107449	买盘
13:34:15	21.49	--	2	4298	买盘
13:34:12	21.49	--	5	10745	中性盘
13:34:09	21.49	-0.01	5	10745	卖盘
13:34:06	21.5	0.01	21	45150	买盘
13:34:03	21.49	--	57	122492	卖盘
13:34:00	21.49	-0.01	15	32234	卖盘
13:33:54	21.5	0.01	1	2150	买盘
13:33:51	21.49	--	3	6446	卖盘
13:33:45	21.49	--	5	10745	卖盘
13:33:42	21.49	--	14	30085	卖盘
13:33:39	21.49	--	4	8596	卖盘
13:33:36	21.49	--	19	40831	卖盘
13:33:33	21.49	--	19	40831	买盘
13:33:24	21.49	--	11	23639	卖盘
13:33:21	21.49	--	32	68768	中性盘
13:33:09	21.49	0.01	20	42980	中性盘
13:33:06	21.48	-0.01	76	163248	卖盘
13:33:03	21.49	0.01	15	32234	买盘
13:33:00	21.48	-0.01	17	36516	卖盘
13:32:57	21.49	--	19	40831	买盘
13:32:54	21.49	0.01	15	32234	买盘
13:32:51	21.48	--	17	36516	卖盘
13:32:48	21.48	-0.01	50	107400	卖盘
13:32:45	21.49	0.01	2	4298	买盘
13:32:42	21.48	-0.01	5	10740	卖盘
13:32:39	21.49	0.01	19	40831	买盘
13:32:33	21.48	-0.01	27	57996	卖盘
13:32:30	21.49	--	4	8596	买盘
13:32:24	21.49	--	16	34384	买盘
13:32:21	21.49	--	4	8596	买盘
13:32:18	21.49	0.01	7	15042	买盘
13:32:15	21.48	-0.01	26	55848	卖盘
13:32:12	21.49	--	15	32234	买盘
13:32:09	21.49	--	10	21490	买盘
13:32:06	21.49	--	24	51575	买盘
13:32:03	21.49	--	13	27936	卖盘
13:32:00	21.49	--	13	27936	卖盘
13:31:57	21.49	--	3	6446	卖盘
13:31:54	21.49	--	6	12893	卖盘
13:31:51	21.49	0.01	1	2149	中性盘
13:31:45	21.48	-0.01	50	107400	卖盘
13:31:42	21.49	--	10	21490	卖盘
13:31:39	21.49	--	85	182665	买盘
13:31:36	21.49	--	29	62320	买盘
13:31:33	21.49	0.01	5	10745	买盘
13:31:30	21.48	-0.01	3	6444	卖盘
13:31:27	21.49	--	32	68768	买盘
13:31:24	21.49	--	5	10745	买盘
13:31:18	21.49	--	5	10745	买盘
13:31:15	21.49	--	19	40831	卖盘
13:31:12	21.49	--	12	25787	卖盘
13:31:09	21.49	--	14	30085	卖盘
13:31:06	21.49	--	24	51575	卖盘
13:31:03	21.49	--	25	53724	买盘
13:31:00	21.49	--	60	128939	买盘
13:30:57	21.49	--	11	23639	买盘
13:30:54	21.49	--	10	21490	买盘
13:30:51	21.49	--	5	10745	买盘
13:30:48	21.49	0.01	7	15042	买盘
13:30:42	21.48	-0.01	56	120288	卖盘
13:30:39	21.49	--	3	6446	卖盘
13:30:36	21.49	--	10	21490	卖盘
13:30:33	21.49	--	40	85960	卖盘
13:30:30	21.49	--	14	30085	卖盘
13:30:24	21.49	0.01	83	178367	买盘
13:30:21	21.48	-0.01	5	10740	卖盘
13:30:18	21.49	0.01	20	42980	买盘
13:30:15	21.48	-0.01	6	12888	卖盘
13:30:12	21.49	0.01	97	208452	买盘
13:30:09	21.48	-0.01	5	10740	卖盘
13:30:06	21.49	--	5	10745	买盘
13:30:00	21.49	0.01	35	75215	买盘
13:29:57	21.48	--	69	148212	卖盘
13:29:54	21.48	--	2	4296	卖盘
13:29:51	21.48	--	4	8592	卖盘
13:29:48	21.48	--	2	4296	卖盘
13:29:45	21.48	--	1	2148	卖盘
13:29:36	21.48	-0.01	15	32220	卖盘
13:29:30	21.49	-0.01	5	10745	卖盘
13:29:21	21.5	--	1	2150	买盘
13:29:18	21.5	--	28	60200	买盘
13:29:15	21.5	0.01	17	36550	买盘
13:29:12	21.49	--	8	17192	卖盘
13:29:09	21.49	--	30	64469	卖盘
13:29:06	21.49	-0.01	49	105300	卖盘
13:29:03	21.5	--	7	15050	买盘
13:29:00	21.5	--	15	32250	买盘
13:28:54	21.5	--	70	151618	卖盘
13:28:51	21.5	-0.01	10	21500	卖盘
13:28:48	21.51	0.01	5	10755	买盘
13:28:45	21.5	-0.01	3	6450	卖盘
13:28:42	21.51	0.01	10	21510	买盘
13:28:39	21.5	-0.01	54	116100	卖盘
13:28:36	21.51	--	58	124758	卖盘
13:28:33	21.51	-0.01	9	19359	中性盘
13:28:30	21.52	0.02	2	4304	买盘
13:28:27	21.5	-0.01	246	528900	卖盘
13:28:21	21.51	--	23	49473	卖盘
13:28:15	21.51	--	27	58077	卖盘
13:28:12	21.51	0.01	13	28995	买盘
13:28:09	21.5	-0.01	1	2150	卖盘
13:28:06	21.51	--	11	23661	买盘
13:28:03	21.51	--	3	6453	买盘
13:27:51	21.51	--	51	109701	买盘
13:27:48	21.51	0.01	33	70983	买盘
13:27:39	21.5	--	21	45150	卖盘
13:27:36	21.5	--	22	47300	卖盘
13:27:33	21.5	-0.01	17	36550	买盘
13:27:30	21.51	0.01	12	25812	买盘
13:27:27	21.5	--	171	367650	买盘
13:27:24	21.5	--	15	32250	卖盘
13:27:21	21.5	--	10	21500	卖盘
13:27:15	21.5	--	6	12900	买盘
13:27:12	21.5	--	154	331100	买盘
13:27:09	21.5	--	180	387000	买盘
13:27:06	21.5	0.01	208	447200	买盘
13:27:03	21.49	--	18	38682	卖盘
13:26:57	21.49	0.01	125	268625	买盘
13:26:54	21.48	--	48	103104	买盘
13:26:51	21.48	0.01	80	171840	买盘
13:26:48	21.47	-0.01	11	23617	卖盘
13:26:45	21.48	--	2	4296	买盘
13:26:42	21.48	--	26	55848	卖盘
13:26:39	21.48	--	44	94512	买盘
13:26:36	21.48	--	35	75180	买盘
13:26:33	21.48	0.01	32	68736	买盘
13:26:30	21.47	-0.01	74	158878	卖盘
13:26:27	21.48	--	8	17184	卖盘
13:26:24	21.48	--	37	79476	买盘
13:26:21	21.48	0.01	50	107400	买盘
13:26:18	21.47	-0.01	158	339226	卖盘
13:26:15	21.48	--	432	927936	买盘
13:26:12	21.48	--	54	115992	卖盘
13:26:09	21.48	--	66	141768	卖盘
13:26:06	21.48	--	66	141768	买盘
13:26:03	21.48	--	54	115992	卖盘
13:26:00	21.48	--	4	8592	卖盘
13:25:57	21.48	--	3	6444	卖盘
13:25:54	21.48	--	38	81624	卖盘
13:25:51	21.48	-0.01	110	236280	卖盘
13:25:48	21.49	--	4	8596	买盘
13:25:45	21.49	0.01	4	8596	买盘
13:25:42	21.48	-0.01	11	23628	卖盘
13:25:39	21.49	-0.01	55	118194	买盘
13:25:36	21.5	0.01	33	70950	买盘
13:25:33	21.49	-0.01	51	109598	卖盘
13:25:30	21.5	0.01	12	25800	买盘
13:25:27	21.49	--	44	94556	卖盘
13:25:24	21.49	--	39	83811	卖盘
13:25:21	21.49	-0.01	4	8596	卖盘
13:25:18	21.5	--	6	12900	买盘
13:25:15	21.5	--	25	54868	卖盘
13:25:12	21.5	--	132	283800	卖盘
13:25:09	21.5	--	41	88150	卖盘
13:25:06	21.5	--	5	10750	卖盘
13:25:03	21.5	--	18	38700	卖盘
13:25:00	21.5	--	109	234350	卖盘
13:24:57	21.5	-0.01	57	122550	卖盘
13:24:54	21.51	--	29	62379	买盘
13:24:51	21.51	--	1	2151	买盘
13:24:45	21.51	--	64	137664	卖盘
13:24:42	21.51	-0.01	114	245214	卖盘
13:24:39	21.52	0.01	2	4304	买盘
13:24:36	21.51	-0.01	90	193590	卖盘
13:24:33	21.52	0.01	106	228112	买盘
13:24:30	21.51	--	9	19359	卖盘
13:24:27	21.51	-0.01	5	10755	卖盘
13:24:24	21.52	--	8	17216	买盘
13:24:21	21.52	--	15	32280	卖盘
13:24:18	21.52	-0.01	9	19368	卖盘
13:24:15	21.53	0.01	1	2153	买盘
13:24:09	21.52	-0.01	7	15064	卖盘
13:24:06	21.53	--	6	12918	买盘
13:24:03	21.53	--	44	94732	卖盘
13:24:00	21.53	--	38	81814	卖盘
13:23:57	21.53	--	40	86120	卖盘
13:23:54	21.53	-0.01	36	77508	卖盘
13:23:51	21.54	--	6	12924	买盘
13:23:48	21.54	0.01	18	38772	买盘
13:23:45	21.53	-0.01	6	12918	卖盘
13:23:42	21.54	--	5	10770	买盘
13:23:39	21.54	--	2	4308	买盘
13:23:36	21.54	-0.02	13	28002	中性盘
13:23:33	21.56	0.02	66	142296	买盘
13:23:30	21.54	--	14	30156	卖盘
13:23:27	21.54	--	118	254172	卖盘
13:23:24	21.54	-0.01	11	23694	卖盘
13:23:21	21.55	--	26	56030	买盘
13:23:18	21.55	0.01	6	12930	中性盘
13:23:15	21.54	-0.02	70	150780	卖盘
13:23:12	21.56	0.01	33	71148	买盘
13:23:09	21.55	--	10	21550	卖盘
13:23:06	21.55	--	20	43100	卖盘
13:23:03	21.55	--	49	105595	卖盘
13:23:00	21.55	0.01	19	40945	买盘
13:22:57	21.54	--	47	101238	卖盘
13:22:54	21.54	--	2	4308	卖盘
13:22:51	21.54	0.01	1	2154	卖盘
13:22:48	21.53	--	43	92579	卖盘
13:22:45	21.53	-0.01	6	12918	卖盘
13:22:39	21.54	0.01	6	12924	买盘
13:22:36	21.53	--	17	36601	买盘
13:22:33	21.53	0.01	48	103344	买盘
13:22:30	21.52	-0.01	10	21520	卖盘
13:22:27	21.53	0.01	34	73202	买盘
13:22:24	21.52	0.01	5	10760	卖盘
13:22:21	21.51	--	10	21510	卖盘
13:22:18	21.51	-0.02	34	73134	卖盘
13:22:15	21.53	0.02	51	109803	买盘
13:22:12	21.51	-0.01	23	49473	卖盘
13:22:09	21.52	0.01	2	4304	买盘
13:22:06	21.51	--	11	23661	卖盘
13:22:00	21.51	0.01	56	120456	买盘
13:21:57	21.5	--	16	34400	卖盘
13:21:54	21.5	--	31	66650	卖盘
13:21:51	21.5	--	20	43000	卖盘
13:21:48	21.5	--	19	40850	卖盘
13:21:45	21.5	--	7	15050	卖盘
13:21:42	21.5	--	3	6450	卖盘
13:21:39	21.5	--	20	44032	买盘
13:21:33	21.5	--	22	47300	买盘
13:21:30	21.5	--	43	92450	买盘
13:21:27	21.5	0.01	7	15050	买盘
13:21:24	21.49	-0.01	5	10745	卖盘
13:21:21	21.5	0.01	39	83850	买盘
13:21:18	21.49	--	1	2149	卖盘
13:21:15	21.49	-0.01	33	70917	卖盘
13:21:12	21.5	--	121	260150	买盘
13:21:09	21.5	--	3	6450	买盘
13:21:06	21.5	0.01	17	36550	买盘
13:21:03	21.49	--	1	2149	买盘
13:21:00	21.49	-0.01	36	77364	卖盘
13:20:57	21.5	--	46	98900	买盘
13:20:54	21.5	-0.01	200	431118	卖盘
13:20:51	21.51	-0.01	25	53775	卖盘
13:20:48	21.52	--	13	27976	买盘
13:20:45	21.52	0.01	10	21520	买盘
13:20:42	21.51	0.01	12	25812	买盘
13:20:39	21.5	-0.02	1	2150	卖盘
13:20:33	21.52	0.01	58	124816	买盘
13:20:30	21.51	-0.01	190	408690	卖盘
13:20:27	21.52	--	48	103296	卖盘
13:20:24	21.52	--	72	154944	卖盘
13:20:21	21.52	-0.01	6	12912	卖盘
13:20:18	21.53	--	12	25836	卖盘
13:20:15	21.53	--	105	226065	买盘
13:20:12	21.53	--	84	180852	卖盘
13:20:09	21.53	--	33	71049	卖盘
13:20:06	21.53	--	36	77508	卖盘
13:20:03	21.53	--	5	10765	卖盘
13:20:00	21.53	-0.01	48	103344	卖盘
13:19:54	21.54	-0.01	24	51696	卖盘
13:19:51	21.55	0.01	10	21550	买盘
13:19:48	21.54	-0.01	95	204630	卖盘
13:19:45	21.55	--	2	4310	买盘
13:19:42	21.55	-0.02	100	215500	卖盘
13:19:39	21.57	-0.01	46	99222	卖盘
13:19:36	21.58	--	10	21580	买盘
13:19:33	21.58	--	25	53949	买盘
13:19:30	21.58	--	10	21580	买盘
13:19:27	21.58	--	63	135954	卖盘
13:19:24	21.58	--	71	153218	卖盘
13:19:21	21.58	--	67	144586	卖盘
13:19:18	21.58	--	27	58265	卖盘
13:19:15	21.58	-0.01	3	6473	卖盘
13:19:09	21.59	-0.01	8	17272	卖盘
13:19:06	21.6	0.01	32	69120	买盘
13:19:03	21.59	--	18	38862	卖盘
13:19:00	21.59	--	22	47498	卖盘
13:18:57	21.59	--	30	64770	卖盘
13:18:54	21.59	-0.01	28	60452	卖盘
13:18:51	21.6	--	13	28080	买盘
13:18:48	21.6	--	227	490320	卖盘
13:18:45	21.6	--	64	138240	卖盘
13:18:42	21.6	-0.01	134	289440	卖盘
13:18:39	21.61	--	20	43220	买盘
13:18:36	21.61	0.01	308	665588	买盘
13:18:33	21.6	--	23	49680	卖盘
13:18:30	21.6	-0.01	5	10800	卖盘
13:18:27	21.61	--	3	6483	买盘
13:18:24	21.61	--	60	129660	买盘
13:18:21	21.61	--	23	49703	卖盘
13:18:18	21.61	-0.01	292	631012	卖盘
13:18:15	21.62	--	13	28106	买盘
13:18:12	21.62	--	60	130584	卖盘
13:18:09	21.62	--	39	84318	卖盘
13:18:06	21.62	--	6	12972	卖盘
13:18:03	21.62	--	3	7783	买盘
13:18:00	21.62	--	17	37618	卖盘
13:17:57	21.62	--	66	143989	买盘
13:17:54	21.62	--	5	10810	买盘
13:17:51	21.62	0.01	35	75670	买盘
13:17:48	21.61	0.01	14	30254	中性盘
13:17:45	21.6	-0.01	13	28080	卖盘
13:17:42	21.61	-0.01	19	41059	中性盘
13:17:39	21.62	0.01	17	36754	买盘
13:17:36	21.61	--	14	30254	买盘
13:17:33	21.61	--	29	62669	买盘
13:17:30	21.61	0.01	9	19449	买盘
13:17:27	21.6	-0.02	55	118800	中性盘
13:17:24	21.62	0.02	132	286248	买盘
13:17:21	21.6	--	9	19440	卖盘
13:17:18	21.6	--	24	51840	卖盘
13:17:15	21.6	--	32	69120	卖盘
13:17:12	21.6	0.01	732	1582416	买盘
13:17:09	21.59	--	63	136017	买盘
13:17:06	21.59	-0.01	22	47498	中性盘
13:17:03	21.6	0.01	14	30240	买盘
13:17:00	21.59	0.01	13	28067	中性盘
13:16:57	21.58	-0.01	59	127321	卖盘
13:16:54	21.59	-0.01	33	71247	卖盘
13:16:51	21.6	0.01	313	676080	买盘
13:16:48	21.59	--	120	259080	卖盘
13:16:45	21.59	--	82	177038	卖盘
13:16:42	21.59	--	15	32385	卖盘
13:16:39	21.59	--	28	60452	卖盘
13:16:36	21.59	--	36	77724	卖盘
13:16:33	21.59	0.01	107	231013	买盘
13:16:30	21.58	--	7	15105	买盘
13:16:27	21.58	--	624	1346592	卖盘
13:16:24	21.58	--	2	4316	卖盘
13:16:21	21.58	--	93	200693	卖盘
13:16:18	21.58	-0.01	162	349596	卖盘
13:16:15	21.59	--	22	47498	买盘
13:16:09	21.59	--	99	213741	买盘
13:16:06	21.59	0.01	14	30226	买盘
13:16:03	21.58	--	39	84162	卖盘
13:16:00	21.58	-0.01	11	23737	卖盘
13:15:57	21.59	0.01	20	43180	买盘
13:15:54	21.58	--	7	15105	卖盘
13:15:51	21.58	--	26	56107	卖盘
13:15:48	21.58	--	32	69056	卖盘
13:15:45	21.58	--	16	34528	卖盘
13:15:42	21.58	-0.01	19	41002	卖盘
13:15:39	21.59	0.02	86	185674	买盘
13:15:36	21.57	-0.01	10	21570	卖盘
13:15:33	21.58	--	119	256801	卖盘
13:15:30	21.58	0.01	188	405703	买盘
13:15:27	21.57	--	6	12942	卖盘
13:15:24	21.57	0.01	15	32355	中性盘
13:15:21	21.56	-0.01	66	142296	卖盘
13:15:18	21.57	0.01	85	183345	买盘
13:15:15	21.56	--	34	73304	卖盘
13:15:12	21.56	-0.01	71	153076	卖盘
13:15:09	21.57	0.01	96	207072	买盘
13:15:06	21.56	--	8	17248	卖盘
13:15:03	21.56	--	9	19404	卖盘
13:15:00	21.56	--	81	174636	卖盘
13:14:57	21.56	0.01	201	433356	买盘
13:14:54	21.55	--	26	56030	买盘
13:14:51	21.55	-0.01	7	15085	买盘
13:14:48	21.56	--	35	75460	买盘
13:14:45	21.56	--	15	32339	买盘
13:14:42	21.56	-0.01	187	403172	卖盘
13:14:39	21.57	--	27	58239	买盘
13:14:36	21.57	0.01	48	103536	买盘
13:14:33	21.56	--	8	17248	卖盘
13:14:30	21.56	-0.02	45	97020	卖盘
13:14:27	21.58	0.02	223	481233	买盘
13:14:24	21.56	-0.01	173	372988	卖盘
13:14:21	21.57	--	208	448656	买盘
13:14:18	21.57	0.01	62	133734	买盘
13:14:15	21.56	-0.02	49	105644	卖盘
13:14:12	21.58	--	15	32369	买盘
13:14:09	21.58	0.01	9	19422	买盘
13:14:06	21.57	0.01	12	25884	买盘
13:14:03	21.56	--	26	56056	卖盘
13:14:00	21.56	0.01	57	122891	卖盘
13:13:57	21.55	-0.04	133	286615	卖盘
13:13:54	21.59	0.03	550	1187450	买盘
13:13:51	21.56	--	57	122891	买盘
13:13:48	21.56	--	41	88396	买盘
13:13:45	21.56	--	67	144452	买盘
13:13:42	21.56	-0.01	132	284592	卖盘
13:13:39	21.57	0.01	5	10785	买盘
13:13:36	21.56	--	19	40964	买盘
13:13:33	21.56	--	29	62523	买盘
13:13:30	21.56	--	41	88396	买盘
13:13:27	21.56	0.01	10	21560	买盘
13:13:24	21.55	0.01	26	56030	买盘
13:13:21	21.54	-0.01	12	25848	卖盘
13:13:18	21.55	--	71	153005	买盘
13:13:15	21.55	0.01	106	228430	买盘
13:13:12	21.54	0.01	54	116316	买盘
13:13:09	21.53	--	14	30142	卖盘
13:13:06	21.53	--	2	4306	卖盘
13:13:00	21.53	--	41	88273	买盘
13:12:57	21.53	0.02	27	58131	买盘
13:12:54	21.51	--	5	10755	卖盘
13:12:51	21.51	--	7	15057	卖盘
13:12:45	21.51	--	6	12906	卖盘
13:12:42	21.51	-0.01	20	43020	卖盘
13:12:39	21.52	0.01	94	202288	买盘
13:12:36	21.51	--	5	10755	买盘
13:12:33	21.51	0.01	5	10755	买盘
13:12:30	21.5	-0.01	99	212850	卖盘
13:12:27	21.51	0.01	35	75285	买盘
13:12:24	21.5	--	10	21500	卖盘
13:12:21	21.5	--	473	1017982	买盘
13:12:15	21.5	0.01	32	68800	买盘
13:12:12	21.49	--	505	1085245	卖盘
13:12:09	21.49	-0.01	5	10745	卖盘
13:12:06	21.5	0.01	10	21500	买盘
13:12:03	21.49	--	675	1450575	卖盘
13:12:00	21.49	0.01	11	23639	买盘
13:11:57	21.48	-0.01	15	32220	卖盘
13:11:54	21.49	--	5	10745	买盘
13:11:51	21.49	--	35	75215	买盘
13:11:48	21.49	--	20	42980	卖盘
13:11:45	21.49	0.01	127	272923	买盘
13:11:42	21.48	-0.01	19	40812	卖盘
13:11:39	21.49	-0.01	5	10745	买盘
13:11:36	21.5	0.01	6	12900	买盘
13:11:33	21.49	--	138	296562	买盘
13:11:30	21.49	0.01	41	88109	买盘
13:11:27	21.48	-0.01	66	141768	卖盘
13:11:24	21.49	--	280	601720	买盘
13:11:18	21.49	0.01	25	53724	买盘
13:11:15	21.48	--	243	521964	买盘
13:11:12	21.48	--	30	64440	买盘
13:11:06	21.48	--	1	2148	买盘
13:11:03	21.48	-0.01	15	32220	中性盘
13:11:00	21.49	0.01	388	833811	买盘
13:10:57	21.48	--	521	1119108	卖盘
13:10:54	21.48	--	3	6444	卖盘
13:10:51	21.48	--	20	42960	卖盘
13:10:48	21.48	--	50	107400	卖盘
13:10:45	21.48	--	24	51552	卖盘
13:10:42	21.48	0.01	41	88068	买盘
13:10:39	21.47	-0.01	23	49381	卖盘
13:10:36	21.48	0.01	179	384492	买盘
13:10:33	21.47	-0.01	10	21470	卖盘
13:10:30	21.48	0.01	2	4296	买盘
13:10:27	21.47	--	38	81586	卖盘
13:10:21	21.47	0.01	43	92321	买盘
13:10:18	21.46	-0.01	64	137344	卖盘
13:10:15	21.47	--	45	96615	买盘
13:10:12	21.47	0.01	34	72998	买盘
13:10:09	21.46	-0.01	1	2146	卖盘
13:10:06	21.47	-0.01	13	27911	卖盘
13:10:03	21.48	--	19	40812	买盘
13:10:00	21.48	--	120	257760	买盘
13:09:57	21.48	0.02	130	279240	买盘
13:09:54	21.46	-0.02	48	103008	卖盘
13:09:51	21.48	--	16	34368	买盘
13:09:48	21.48	--	22	47256	买盘
13:09:45	21.48	--	15	32220	买盘
13:09:42	21.48	--	20	42960	买盘
13:09:39	21.48	0.01	35	75180	买盘
13:09:33	21.47	0.01	225	483075	买盘
13:09:30	21.46	--	5	10730	卖盘
13:09:27	21.46	-0.01	34	72964	卖盘
13:09:24	21.47	0.01	17	36499	买盘
13:09:21	21.46	--	2	4292	卖盘
13:09:18	21.46	0.01	41	87986	买盘
13:09:15	21.45	-0.01	35	75075	卖盘
13:09:12	21.46	--	29	62234	卖盘
13:09:09	21.46	0.01	34	72964	中性盘
13:09:03	21.45	-0.01	114	244530	卖盘
13:09:00	21.46	--	19	40774	买盘
13:08:57	21.46	--	1	2146	卖盘
13:08:54	21.46	--	55	118030	卖盘
13:08:51	21.46	--	15	32190	卖盘
13:08:48	21.46	--	18	38628	卖盘
13:08:45	21.46	-0.01	3	6438	卖盘
13:08:42	21.47	0.02	25	53675	买盘
13:08:39	21.45	-0.02	67	143715	卖盘
13:08:36	21.47	0.01	1	2147	买盘
13:08:30	21.46	--	52	111592	买盘
13:08:27	21.46	0.01	10	21460	买盘
13:08:24	21.45	--	6	12870	卖盘
13:08:21	21.45	--	7	15015	卖盘
13:08:18	21.45	--	7	15015	卖盘
13:08:15	21.45	-0.01	123	263835	卖盘
13:08:12	21.46	--	18	38628	买盘
13:08:09	21.46	--	50	107300	买盘
13:08:06	21.46	--	10	21460	买盘
13:08:03	21.46	--	9	19314	买盘
13:08:00	21.46	--	40	85840	买盘
13:07:57	21.46	--	7	15022	买盘
13:07:54	21.46	--	108	231768	卖盘
13:07:51	21.46	--	3	6438	卖盘
13:07:48	21.46	--	33	70818	买盘
13:07:45	21.46	--	13	27898	买盘
13:07:42	21.46	-0.01	35	75110	卖盘
13:07:39	21.47	--	45	96615	买盘
13:07:36	21.47	0.01	10	21470	中性盘
13:07:30	21.46	-0.01	50	107300	卖盘
13:07:27	21.47	--	6	12882	卖盘
13:07:24	21.47	0.01	39	83733	买盘
13:07:21	21.46	-0.01	9	19314	卖盘
13:07:18	21.47	0.03	90	193230	买盘
13:07:15	21.44	-0.01	85	182240	卖盘
13:07:12	21.45	--	13	27885	买盘
13:07:09	21.45	--	77	165165	卖盘
13:07:06	21.45	-0.02	123	263835	卖盘
13:07:03	21.47	0.01	33	70851	买盘
13:06:57	21.46	--	5	10730	卖盘
13:06:54	21.46	0.01	68	145928	买盘
13:06:51	21.45	--	100	214500	卖盘
13:06:48	21.45	-0.01	18	38610	卖盘
13:06:45	21.46	0.01	10	21460	买盘
13:06:42	21.45	--	106	227370	卖盘
13:06:39	21.45	--	15	32175	卖盘
13:06:36	21.45	--	36	77220	卖盘
13:06:30	21.45	-0.01	15	32175	卖盘
13:06:27	21.46	0.01	56	120176	买盘
13:06:24	21.45	-0.01	20	42900	卖盘
13:06:21	21.46	--	8	17168	买盘
13:06:15	21.46	0.01	1	2146	买盘
13:06:12	21.45	--	4	8580	卖盘
13:06:09	21.45	--	60	128700	卖盘
13:06:06	21.45	-0.01	10	21450	卖盘
13:06:03	21.46	0.01	10	21460	买盘
13:06:00	21.45	--	27	57915	卖盘
13:05:57	21.45	--	12	25740	卖盘
13:05:54	21.45	0.01	56	120120	买盘
13:05:51	21.44	-0.01	2	4288	卖盘
13:05:48	21.45	0.01	11	23595	买盘
13:05:45	21.44	-0.01	2	4288	卖盘
13:05:42	21.45	--	35	75075	买盘
13:05:39	21.45	0.01	86	184470	买盘
13:05:36	21.44	-0.01	57	122208	卖盘
13:05:30	21.45	0.01	9	19305	买盘
13:05:27	21.44	--	30	64320	卖盘
13:05:24	21.44	0.01	24	51456	买盘
13:05:21	21.43	-0.01	64	137152	卖盘
13:05:18	21.44	--	38	81472	买盘
13:05:12	21.44	0.01	3	6432	买盘
13:05:09	21.43	-0.01	10	21430	卖盘
13:05:06	21.44	-0.01	188	403072	卖盘
13:05:03	21.45	--	25	53625	买盘
13:05:00	21.45	--	38	81510	卖盘
13:04:57	21.45	--	99	212355	卖盘
13:04:54	21.45	--	7	15015	卖盘
13:04:51	21.45	-0.01	10	21450	卖盘
13:04:48	21.46	--	3	6438	买盘
13:04:45	21.46	0.01	18	38628	买盘
13:04:42	21.45	--	60	128700	卖盘
13:04:39	21.45	-0.01	2	4290	卖盘
13:04:36	21.46	--	111	238206	卖盘
13:04:33	21.46	--	118	253228	买盘
13:04:27	21.46	--	1	2146	买盘
13:04:24	21.46	--	23	49358	买盘
13:04:21	21.46	--	53	113738	卖盘
13:04:18	21.46	--	3	6438	卖盘
13:04:12	21.46	--	44	94424	卖盘
13:04:06	21.46	--	33	70818	卖盘
13:04:03	21.46	-0.02	86	184556	卖盘
13:04:00	21.48	0.01	3	6444	买盘
13:03:57	21.47	--	9	19323	卖盘
13:03:54	21.47	0.01	2	4294	买盘
13:03:51	21.46	--	11	23606	卖盘
13:03:48	21.46	-0.02	15	32190	卖盘
13:03:45	21.48	0.01	59	126732	买盘
13:03:42	21.47	--	6	12882	卖盘
13:03:39	21.47	--	7	15029	买盘
13:03:36	21.47	0.01	3	6441	买盘
13:03:33	21.46	-0.02	12	25752	卖盘
13:03:30	21.48	--	73	156804	买盘
13:03:27	21.48	0.01	52	111696	买盘
13:03:24	21.47	--	38	81586	卖盘
13:03:21	21.47	--	28	60116	卖盘
13:03:18	21.47	--	11	23617	卖盘
13:03:15	21.47	--	45	96615	卖盘
13:03:12	21.47	--	137	294139	买盘
13:03:09	21.47	--	3	6441	买盘
13:03:06	21.47	--	1	2147	买盘
13:03:03	21.47	0.01	7	15029	买盘
13:03:00	21.46	-0.01	6	12876	卖盘
13:02:57	21.47	0.01	10	21470	买盘
13:02:54	21.46	--	3	6438	买盘
13:02:51	21.46	-0.01	27	57942	卖盘
13:02:48	21.47	--	60	128820	卖盘
13:02:45	21.47	--	63	135261	卖盘
13:02:42	21.47	--	5	10735	卖盘
13:02:39	21.47	--	10	21470	卖盘
13:02:36	21.47	--	17	36499	卖盘
13:02:33	21.47	0.01	139	298433	买盘
13:02:30	21.46	-0.01	23	49358	卖盘
13:02:24	21.47	--	10	21470	买盘
13:02:18	21.47	--	48	103056	买盘
13:02:15	21.47	--	18	38646	买盘
13:02:09	21.47	0.01	34	72998	买盘
13:02:06	21.46	-0.01	6	12876	卖盘
13:02:03	21.47	0.01	41	88027	买盘
13:01:54	21.46	--	44	94424	卖盘
13:01:51	21.46	--	13	27898	卖盘
13:01:48	21.46	--	8	17168	卖盘
13:01:45	21.46	--	30	64380	卖盘
13:01:36	21.46	--	6	12876	卖盘
13:01:33	21.46	--	19	40774	买盘
13:01:30	21.46	0.01	91	195286	买盘
13:01:27	21.45	--	6	12870	卖盘
13:01:24	21.45	--	139	298155	买盘
13:01:21	21.45	--	53	113685	买盘
13:01:18	21.45	--	236	506220	买盘
13:01:15	21.45	--	6	12870	买盘
13:01:12	21.45	--	17	36465	买盘
13:01:09	21.45	--	19	40755	买盘
13:01:06	21.45	--	25	53625	买盘
13:01:03	21.45	0.01	9	19305	买盘
13:01:00	21.44	-0.01	21	45024	卖盘
13:00:57	21.45	--	10	21450	买盘
13:00:54	21.45	0.01	180	386100	买盘
13:00:51	21.44	-0.01	75	160800	卖盘
13:00:48	21.45	0.01	24	51480	买盘
13:00:45	21.44	0.01	11	23584	买盘
13:00:42	21.43	-0.01	36	77148	卖盘
13:00:39	21.44	--	179	383776	买盘
13:00:33	21.44	--	29	62176	买盘
13:00:30	21.44	--	6	12864	买盘
13:00:24	21.44	0.01	6	12864	买盘
13:00:21	21.43	--	38	81434	买盘
13:00:18	21.43	--	4	8572	买盘
13:00:15	21.43	--	1	2143	买盘
13:00:12	21.43	--	1	2143	买盘
13:00:09	21.43	0.03	34	72862	买盘
13:00:06	21.4	-0.03	175	374500	卖盘
13:00:03	21.43	0.05	1332	2854476	买盘
13:00:00	21.38	--	0	0	买盘
11:30:00	21.38	--	0	0	买盘
11:29:57	21.38	-0.01	60	128280	中性盘
11:29:48	21.39	--	7	14973	卖盘
11:29:45	21.39	0.02	83	177537	买盘
11:29:42	21.37	--	32	68384	买盘
11:29:39	21.37	-0.02	64	136768	卖盘
11:29:36	21.39	--	2	4278	卖盘
11:29:33	21.39	0.02	85	181815	买盘
11:29:30	21.37	-0.02	177	378249	卖盘
11:29:27	21.39	--	11	23529	买盘
11:29:24	21.39	--	14	29946	买盘
11:29:21	21.39	--	66	141174	买盘
11:29:18	21.39	0.01	62	132618	买盘
11:29:15	21.38	--	27	57726	卖盘
11:29:12	21.38	--	1	2138	卖盘
11:29:06	21.38	--	6	12828	买盘
11:29:03	21.38	0.01	122	260836	买盘
11:29:00	21.37	--	65	138905	卖盘
11:28:57	21.37	-0.01	15	32055	卖盘
11:28:54	21.38	--	9	19242	买盘
11:28:51	21.38	--	15	32070	买盘
11:28:48	21.38	--	49	104762	买盘
11:28:45	21.38	0.01	59	126142	买盘
11:28:42	21.37	--	14	29918	卖盘
11:28:36	21.37	--	9	19233	卖盘
11:28:30	21.37	--	96	205152	买盘
11:28:27	21.37	--	21	44877	买盘
11:28:24	21.37	--	9	19233	买盘
11:28:21	21.37	--	10	21370	买盘
11:28:18	21.37	--	33	70521	买盘
11:28:15	21.37	--	13	27781	买盘
11:28:12	21.37	--	4	8548	买盘
11:28:09	21.37	--	18	38466	买盘
11:28:06	21.37	--	4	8548	买盘
11:28:03	21.37	0.01	13	27781	买盘
11:27:57	21.36	--	43	91848	卖盘
11:27:54	21.36	0.01	51	108936	买盘
11:27:51	21.35	-0.01	31	66185	卖盘
11:27:48	21.36	0.01	52	111072	买盘
11:27:45	21.35	-0.01	16	34160	卖盘
11:27:42	21.36	--	2	4272	买盘
11:27:39	21.36	--	125	267000	买盘
11:27:36	21.36	--	12	25632	买盘
11:27:33	21.36	0.01	10	21360	买盘
11:27:30	21.35	--	3	6405	卖盘
11:27:27	21.35	--	4	8540	卖盘
11:27:21	21.35	--	40	85400	卖盘
11:27:18	21.35	--	16	34160	买盘
11:27:15	21.35	--	13	27755	买盘
11:27:12	21.35	--	1	2135	买盘
11:27:09	21.35	--	217	463295	买盘
11:27:06	21.35	--	55	117425	买盘
11:27:03	21.35	--	13	27755	买盘
11:27:00	21.35	--	15	32025	买盘
11:26:57	21.35	--	1	2135	买盘
11:26:54	21.35	--	25	53375	买盘
11:26:51	21.35	--	65	138775	买盘
11:26:48	21.35	--	12	25620	买盘
11:26:45	21.35	--	18	38430	买盘
11:26:42	21.35	--	20	42700	买盘
11:26:39	21.35	0.01	11	23485	买盘
11:26:36	21.34	-0.01	100	213400	卖盘
11:26:33	21.35	--	16	34160	买盘
11:26:30	21.35	0.01	1	2135	买盘
11:26:27	21.34	-0.01	4	8536	卖盘
11:26:24	21.35	0.01	152	325886	买盘
11:26:21	21.34	0.01	38	81092	买盘
11:26:18	21.33	--	65	138645	卖盘
11:26:15	21.33	--	1	2133	卖盘
11:26:12	21.33	-0.01	50	106649	卖盘
11:26:09	21.34	--	261	556974	买盘
11:26:06	21.34	--	111	236874	买盘
11:26:03	21.34	0.01	24	51216	买盘
11:26:00	21.33	-0.01	35	74655	卖盘
11:25:57	21.34	--	18	38412	买盘
11:25:54	21.34	--	152	324368	买盘
11:25:51	21.34	0.01	1	2134	买盘
11:25:48	21.33	--	18	38394	卖盘
11:25:45	21.33	-0.01	12	25595	卖盘
11:25:42	21.34	--	9	19206	买盘
11:25:36	21.34	0.01	2	4268	买盘
11:25:33	21.33	--	13	27728	卖盘
11:25:30	21.33	-0.01	12	25595	卖盘
11:25:27	21.34	--	11	23474	买盘
11:25:24	21.34	--	1	2134	买盘
11:25:21	21.34	--	45	96030	买盘
11:25:18	21.34	--	29	61886	买盘
11:25:12	21.34	0.01	26	55484	买盘
11:25:09	21.33	--	8	17064	卖盘
11:25:06	21.33	-0.01	21	44793	卖盘
11:25:03	21.34	0.01	124	264616	买盘
11:25:00	21.33	-0.01	19	40527	卖盘
11:24:57	21.34	--	11	23474	买盘
11:24:54	21.34	--	29	61886	买盘
11:24:51	21.34	--	4	8536	买盘
11:24:48	21.34	--	24	51216	买盘
11:24:45	21.34	0.01	16	34144	买盘
11:24:42	21.33	--	10	21330	卖盘
11:24:39	21.33	--	7	14930	卖盘
11:24:36	21.33	--	2	4266	卖盘
11:24:33	21.33	--	34	72522	卖盘
11:24:30	21.33	-0.01	14	29861	卖盘
11:24:27	21.34	0.01	16	34144	买盘
11:24:24	21.33	-0.01	46	98117	卖盘
11:24:21	21.34	0.01	5	10670	买盘
11:24:18	21.33	--	9	19197	卖盘
11:24:15	21.33	--	6	12797	卖盘
11:24:12	21.33	--	5	10665	卖盘
11:24:09	21.33	0.01	13	27728	买盘
11:24:06	21.32	-0.01	10	21320	卖盘
11:24:03	21.33	--	3	6398	买盘
11:24:00	21.33	0.01	15	31994	买盘
11:23:57	21.32	-0.01	9	19188	卖盘
11:23:54	21.33	--	7	14930	买盘
11:23:51	21.33	--	26	55457	买盘
11:23:48	21.33	--	14	29861	买盘
11:23:45	21.33	-0.01	20	42660	中性盘
11:23:42	21.34	--	155	330770	买盘
11:23:39	21.34	--	35	74690	买盘
11:23:36	21.34	0.01	14	29876	买盘
11:23:33	21.33	--	117	249560	卖盘
11:23:30	21.33	-0.01	40	85320	卖盘
11:23:27	21.34	0.01	37	78958	买盘
11:23:24	21.33	--	25	53324	卖盘
11:23:21	21.33	--	6	12797	卖盘
11:23:18	21.33	0.01	40	85320	买盘
11:23:15	21.32	-0.01	7	14924	卖盘
11:23:12	21.33	0.01	41	87453	买盘
11:23:09	21.32	--	49	104468	买盘
11:23:06	21.32	--	2	4264	买盘
11:23:03	21.32	--	4	8528	买盘
11:23:00	21.32	0.01	10	21320	买盘
11:22:54	21.31	-0.03	20	42620	卖盘
11:22:51	21.34	0.01	11	23474	买盘
11:22:48	21.33	0.02	1	2133	买盘
11:22:45	21.31	--	5	10655	卖盘
11:22:42	21.31	-0.02	71	151301	卖盘
11:22:39	21.33	0.01	198	422333	买盘
11:22:36	21.32	--	8	17056	买盘
11:22:33	21.32	--	60	127920	买盘
11:22:30	21.32	0.01	5	10660	买盘
11:22:24	21.31	--	3	6393	卖盘
11:22:21	21.31	-0.01	28	59668	中性盘
11:22:18	21.32	--	110	234520	买盘
11:22:15	21.32	--	10	21320	买盘
11:22:12	21.32	--	5	10660	买盘
11:22:09	21.32	0.01	1	2132	买盘
11:22:06	21.31	--	8	17815	卖盘
11:22:03	21.31	-0.01	50	106550	卖盘
11:22:00	21.32	--	2	4264	买盘
11:21:57	21.32	0.01	1	2132	买盘
11:21:54	21.31	--	16	34096	卖盘
11:21:51	21.31	--	2	4262	卖盘
11:21:48	21.31	--	0	1363	买盘
11:21:45	21.31	0.01	28	59668	买盘
11:21:42	21.3	--	10	21300	买盘
11:21:39	21.3	-0.01	22	46860	卖盘
11:21:36	21.31	--	20	42620	买盘
11:21:33	21.31	0.01	9	19179	买盘
11:21:30	21.3	-0.01	10	21300	卖盘
11:21:27	21.31	--	71	151301	买盘
11:21:21	21.31	0.01	10	21310	买盘
11:21:18	21.3	--	60	127800	卖盘
11:21:15	21.3	-0.01	220	468600	卖盘
11:21:12	21.31	0.01	6	12786	买盘
11:21:09	21.3	-0.01	13	27690	卖盘
11:21:06	21.31	0.01	24	51144	买盘
11:21:03	21.3	--	39	84135	买盘
11:21:00	21.3	--	76	161880	买盘
11:20:57	21.3	--	19	40470	买盘
11:20:54	21.3	--	47	100110	买盘
11:20:51	21.3	--	11	23430	买盘
11:20:48	21.3	--	10	21300	买盘
11:20:45	21.3	0.01	5	10650	买盘
11:20:36	21.29	--	20	42580	买盘
11:20:33	21.29	-0.01	140	298060	卖盘
11:20:30	21.3	--	59	125670	买盘
11:20:24	21.3	--	10	21300	买盘
11:20:21	21.3	0.01	54	115020	买盘
11:20:18	21.29	--	6	12774	卖盘
11:20:15	21.29	-0.01	4	8516	卖盘
11:20:12	21.3	--	5	10650	买盘
11:20:09	21.3	--	108	230040	买盘
11:20:06	21.3	0.01	19	40470	买盘
11:20:03	21.29	--	23	48967	买盘
11:20:00	21.29	--	30	63870	买盘
11:19:57	21.29	--	3	6387	买盘
11:19:54	21.29	--	2	4258	买盘
11:19:51	21.29	-0.01	3	6387	中性盘
11:19:48	21.3	0.01	26	55380	买盘
11:19:45	21.29	-0.01	91	193739	卖盘
11:19:42	21.3	--	16	34080	买盘
11:19:39	21.3	--	22	46860	买盘
11:19:36	21.3	0.01	48	102240	买盘
11:19:27	21.29	--	1	2129	买盘
11:19:24	21.29	-0.01	12	25548	卖盘
11:19:18	21.3	0.01	62	132060	买盘
11:19:15	21.29	--	5	10645	卖盘
11:19:09	21.29	-0.01	16	34064	卖盘
11:19:06	21.3	0.01	29	61770	买盘
11:18:57	21.29	--	24	51096	卖盘
11:18:54	21.29	-0.01	10	21290	卖盘
11:18:51	21.3	0.01	47	100110	买盘
11:18:48	21.29	--	7	14903	买盘
11:18:45	21.29	--	6	12774	卖盘
11:18:42	21.29	--	52	110708	卖盘
11:18:39	21.29	--	5	10645	买盘
11:18:36	21.29	--	14	29806	买盘
11:18:30	21.29	-0.01	6	12774	卖盘
11:18:27	21.3	0.01	5	10650	买盘
11:18:24	21.29	-0.01	4	8516	卖盘
11:18:21	21.3	0.01	7	14910	买盘
11:18:12	21.29	-0.01	31	65999	卖盘
11:18:09	21.3	--	2	4260	买盘
11:18:03	21.3	0.01	53	112890	买盘
11:18:00	21.29	--	18	38322	卖盘
11:17:54	21.29	-0.01	1	2129	卖盘
11:17:51	21.3	0.01	6	12780	买盘
11:17:42	21.29	-0.01	121	257609	卖盘
11:17:36	21.3	0.01	15	31950	买盘
11:17:33	21.29	--	2	4258	卖盘
11:17:30	21.29	--	2	4258	卖盘
11:17:27	21.29	--	19	40451	买盘
11:17:15	21.29	--	14	29806	买盘
11:17:09	21.29	--	2	4258	买盘
11:17:03	21.29	--	4	8516	买盘
11:17:00	21.29	--	6	12774	买盘
11:16:57	21.29	--	2	4258	买盘
11:16:51	21.29	-0.01	1	2129	中性盘
11:16:48	21.3	--	7	14910	买盘
11:16:45	21.3	0.01	10	21300	买盘
11:16:42	21.29	-0.01	5	10645	卖盘
11:16:36	21.3	--	13	27690	买盘
11:16:33	21.3	--	79	168270	买盘
11:16:30	21.3	0.01	6	12780	买盘
11:16:27	21.29	-0.01	35	74515	卖盘
11:16:24	21.3	--	13	27690	买盘
11:16:15	21.3	--	18	38340	买盘
11:16:09	21.3	0.01	3	6390	买盘
11:16:06	21.29	-0.01	15	31935	卖盘
11:16:03	21.3	0.01	5	10650	买盘
11:16:00	21.29	--	5	10645	卖盘
11:15:57	21.29	--	64	136256	买盘
11:15:54	21.29	--	8	17032	买盘
11:15:51	21.29	0.01	50	106450	买盘
11:15:48	21.28	-0.01	10	21280	卖盘
11:15:45	21.29	--	6	12774	买盘
11:15:42	21.29	--	14	29806	买盘
11:15:39	21.29	0.01	12	25548	买盘
11:15:36	21.28	--	4	8512	卖盘
11:15:33	21.28	0.01	10	21280	卖盘
11:15:27	21.27	-0.02	10	21270	卖盘
11:15:24	21.29	0.02	15	31935	买盘
11:15:21	21.27	-0.01	6	12762	卖盘
11:15:18	21.28	--	2	4256	买盘
11:15:15	21.28	0.01	1	2128	中性盘
11:15:06	21.27	-0.01	5	10635	卖盘
11:15:03	21.28	0.01	20	42560	买盘
11:14:54	21.27	--	10	21270	卖盘
11:14:51	21.27	0.01	27	57429	买盘
11:14:48	21.26	-0.01	1	2126	卖盘
11:14:45	21.27	--	4	8508	买盘
11:14:42	21.27	--	12	25524	买盘
11:14:39	21.27	0.01	41	87207	买盘
11:14:36	21.26	-0.01	48	102048	卖盘
11:14:30	21.27	--	89	189303	买盘
11:14:27	21.27	--	20	42540	买盘
11:14:21	21.27	0.01	22	46794	买盘
11:14:18	21.26	-0.01	1	2126	卖盘
11:14:15	21.27	0.01	5	10635	买盘
11:14:12	21.26	-0.01	5	10630	卖盘
11:14:09	21.27	0.01	6	12762	买盘
11:14:06	21.26	-0.01	6	12756	卖盘
11:14:03	21.27	0.02	11	23418	买盘
11:14:00	21.25	-0.01	4	8500	卖盘
11:13:57	21.26	0.01	3	6378	买盘
11:13:54	21.25	--	20	42500	卖盘
11:13:51	21.25	--	134	284750	卖盘
11:13:48	21.25	--	5	10625	卖盘
11:13:45	21.25	-0.01	12	25500	卖盘
11:13:42	21.26	0.01	19	40394	买盘
11:13:36	21.25	--	6	12750	卖盘
11:13:33	21.25	--	11	23375	买盘
11:13:30	21.25	--	75	159375	买盘
11:13:27	21.25	--	16	34000	卖盘
11:13:24	21.25	--	4	8500	买盘
11:13:21	21.25	--	5	10625	买盘
11:13:18	21.25	--	52	110500	买盘
11:13:15	21.25	--	4	8500	买盘
11:13:12	21.25	--	8	17000	买盘
11:13:09	21.25	--	15	31875	卖盘
11:13:06	21.25	-0.01	5	10625	买盘
11:13:03	21.26	0.01	10	23364	买盘
11:13:00	21.25	-0.01	10	21250	卖盘
11:12:57	21.26	0.01	3	6378	买盘
11:12:54	21.25	--	7	14896	买盘
11:12:51	21.25	--	72	153000	买盘
11:12:48	21.25	--	6	12750	买盘
11:12:45	21.25	--	12	25500	买盘
11:12:42	21.25	--	298	635353	卖盘
11:12:39	21.25	-0.01	51	108375	卖盘
11:12:36	21.26	--	2	4252	买盘
11:12:33	21.26	0.01	20	42520	买盘
11:12:30	21.25	-0.01	2	4250	卖盘
11:12:27	21.26	--	20	42520	买盘
11:12:24	21.26	--	3	6378	买盘
11:12:18	21.26	--	2	4252	买盘
11:12:09	21.26	--	23	48898	卖盘
11:12:06	21.26	--	7	14882	卖盘
11:12:03	21.26	-0.01	163	346538	卖盘
11:12:00	21.27	0.01	17	36159	买盘
11:11:57	21.26	--	26	55276	卖盘
11:11:54	21.26	--	15	31890	卖盘
11:11:51	21.26	--	4	8504	卖盘
11:11:45	21.26	-0.01	10	21260	卖盘
11:11:42	21.27	--	9	19143	买盘
11:11:36	21.27	-0.01	2	4254	买盘
11:11:18	21.28	-0.01	132	280896	卖盘
11:11:03	21.29	0.01	122	259738	买盘
11:11:00	21.28	--	20	42560	买盘
11:10:54	21.28	0.02	1	2128	买盘
11:10:51	21.26	-0.01	10	21260	卖盘
11:10:48	21.27	-0.01	2	4254	中性盘
11:10:45	21.28	0.02	8	17024	买盘
11:10:42	21.26	--	8	17008	卖盘
11:10:36	21.26	--	114	242364	卖盘
11:10:30	21.26	--	13	27638	卖盘
11:10:24	21.26	-0.01	20	42520	卖盘
11:10:21	21.27	0.01	8	17016	买盘
11:10:18	21.26	--	2	4252	卖盘
11:10:15	21.26	0.01	1	2126	买盘
11:10:12	21.25	--	15	31875	卖盘
11:10:06	21.25	-0.01	36	76500	卖盘
11:10:03	21.26	--	8	17008	买盘
11:10:00	21.26	--	5	10630	买盘
11:09:57	21.26	--	12	25512	买盘
11:09:54	21.26	-0.01	17	36142	卖盘
11:09:51	21.27	0.01	2	4254	买盘
11:09:48	21.26	0.01	22	46772	卖盘
11:09:45	21.25	-0.02	20	42500	卖盘
11:09:42	21.27	0.01	14	29778	买盘
11:09:39	21.26	--	10	21260	卖盘
11:09:36	21.26	--	55	116930	买盘
11:09:30	21.26	0.01	22	46772	买盘
11:09:27	21.25	-0.01	10	21250	卖盘
11:09:24	21.26	--	79	167975	买盘
11:09:15	21.26	--	1	4230	卖盘
11:09:12	21.26	-0.01	150	318900	卖盘
11:09:09	21.27	0.01	1	2127	中性盘
11:09:06	21.26	-0.02	63	133938	卖盘
11:09:03	21.28	0.02	3	6384	买盘
11:08:57	21.26	-0.01	55	116930	卖盘
11:08:51	21.27	0.01	5	10635	买盘
11:08:48	21.26	-0.03	109	231734	卖盘
11:08:45	21.29	0.02	21	44709	买盘
11:08:42	21.27	--	5	10635	卖盘
11:08:39	21.27	--	2	4254	卖盘
11:08:33	21.27	-0.02	19	40413	卖盘
11:08:27	21.29	--	8	17032	买盘
11:08:21	21.29	--	20	42580	买盘
11:08:18	21.29	--	4	8516	买盘
11:08:15	21.29	--	200	425800	卖盘
11:08:12	21.29	-0.01	30	63870	卖盘
11:08:09	21.3	0.01	14	29820	买盘
11:08:06	21.29	-0.01	30	63870	卖盘
11:08:03	21.3	--	27	57510	买盘
11:07:57	21.3	--	1	2130	买盘
11:07:51	21.3	--	147	313110	卖盘
11:07:48	21.3	--	11	23430	卖盘
11:07:45	21.3	--	6	12780	卖盘
11:07:42	21.3	--	24	51120	卖盘
11:07:36	21.3	--	3	6390	卖盘
11:07:33	21.3	--	10	21300	卖盘
11:07:27	21.3	--	32	68160	卖盘
11:07:24	21.3	--	80	170400	卖盘
11:07:21	21.3	--	9	19170	卖盘
11:07:18	21.3	--	12	25560	卖盘
11:07:15	21.3	--	21	44730	卖盘
11:07:12	21.3	-0.01	3	6390	卖盘
11:07:09	21.31	--	111	236541	买盘
11:07:06	21.31	--	89	189659	买盘
11:07:03	21.31	--	44	93764	买盘
11:07:00	21.31	0.01	4	8524	买盘
11:06:54	21.3	--	13	27690	卖盘
11:06:51	21.3	-0.01	13	27690	卖盘
11:06:48	21.31	0.01	15	31964	买盘
11:06:45	21.3	--	15	31950	卖盘
11:06:39	21.3	-0.01	15	31950	卖盘
11:06:33	21.31	0.01	69	147039	买盘
11:06:30	21.3	-0.01	7	14910	买盘
11:06:24	21.31	0.02	433	922723	买盘
11:06:21	21.29	-0.02	8	17032	卖盘
11:06:18	21.31	0.01	50	106550	买盘
11:06:12	21.3	0.01	20	42600	买盘
11:06:09	21.29	-0.01	124	263996	卖盘
11:06:06	21.3	--	6	12780	买盘
11:06:03	21.3	0.01	7	14910	买盘
11:06:00	21.29	-0.01	11	23419	卖盘
11:05:57	21.3	--	55	117916	卖盘
11:05:54	21.3	-0.01	1	2130	卖盘
11:05:51	21.31	0.01	1	2131	买盘
11:05:48	21.3	--	54	115020	卖盘
11:05:45	21.3	--	8	18403	买盘
11:05:42	21.3	--	26	55380	买盘
11:05:39	21.3	--	8	17040	买盘
11:05:33	21.3	--	108	230040	买盘
11:05:27	21.3	-0.01	10	21300	卖盘
11:05:24	21.31	0.02	3	6393	买盘
11:05:21	21.29	-0.02	14	29806	卖盘
11:05:18	21.31	0.02	11	23441	买盘
11:05:15	21.29	--	22	46838	卖盘
11:05:12	21.29	-0.01	12	25548	卖盘
11:05:09	21.3	--	55	117150	卖盘
11:05:06	21.3	--	52	110760	买盘
11:05:03	21.3	--	6	12780	买盘
11:05:00	21.3	--	2	4260	买盘
11:04:57	21.3	--	1	2130	买盘
11:04:54	21.3	--	122	259860	买盘
11:04:51	21.3	-0.01	17	36210	卖盘
11:04:48	21.31	0.01	43	91633	买盘
11:04:45	21.3	--	32	68160	卖盘
11:04:42	21.3	--	10	21300	卖盘
11:04:39	21.3	--	6	12780	卖盘
11:04:36	21.3	--	47	100110	卖盘
11:04:33	21.3	--	11	23430	卖盘
11:04:30	21.3	--	24	51120	卖盘
11:04:27	21.3	0.01	7	14910	买盘
11:04:21	21.29	0.01	1	2129	中性盘
11:04:18	21.28	-0.02	21	44688	卖盘
11:04:15	21.3	--	4	8520	买盘
11:04:12	21.3	0.01	63	134190	买盘
11:04:09	21.29	--	4	8516	买盘
11:04:06	21.29	-0.01	11	23419	卖盘
11:04:03	21.3	0.01	42	89460	买盘
11:04:00	21.29	-0.01	55	117095	卖盘
11:03:57	21.3	--	16	34080	买盘
11:03:54	21.3	--	103	219390	买盘
11:03:48	21.3	--	15	31950	买盘
11:03:45	21.3	0.01	114	242820	买盘
11:03:42	21.29	-0.01	7	14903	卖盘
11:03:39	21.3	0.01	13	27690	买盘
11:03:36	21.29	--	59	125611	卖盘
11:03:33	21.29	-0.01	5	10645	卖盘
11:03:24	21.3	0.01	29	61770	买盘
11:03:21	21.29	-0.01	1	2129	卖盘
11:03:18	21.3	-0.01	4	8520	中性盘
11:03:12	21.31	--	10	21310	买盘
11:03:09	21.31	--	1	2131	买盘
11:03:06	21.31	--	138	294078	买盘
11:03:03	21.31	--	5	10655	买盘
11:03:00	21.31	--	65	138515	买盘
11:02:57	21.31	0.01	150	319650	买盘
11:02:54	21.3	-0.01	93	198090	卖盘
11:02:51	21.31	--	11	23441	买盘
11:02:48	21.31	--	73	155563	卖盘
11:02:45	21.31	--	180	383580	卖盘
11:02:42	21.31	--	5	10655	卖盘
11:02:39	21.31	--	7	14917	卖盘
11:02:36	21.31	--	30	63929	卖盘
11:02:33	21.31	-0.01	12	25572	卖盘
11:02:30	21.32	--	10	21320	买盘
11:02:27	21.32	--	4	8528	买盘
11:02:24	21.32	--	33	70356	买盘
11:02:21	21.32	0.01	13	27716	买盘
11:02:18	21.31	-0.01	5	10655	卖盘
11:02:12	21.32	--	61	130052	卖盘
11:02:09	21.32	--	12	25584	卖盘
11:02:06	21.32	-0.01	22	46904	卖盘
11:02:03	21.33	0.01	47	100250	买盘
11:02:00	21.32	--	24	51168	买盘
11:01:57	21.32	0.01	7	14924	买盘
11:01:54	21.31	--	29	61798	卖盘
11:01:51	21.31	-0.01	49	104419	卖盘
11:01:48	21.32	--	2	4264	买盘
11:01:45	21.32	--	17	36244	买盘
11:01:42	21.32	-0.01	52	110864	卖盘
11:01:39	21.33	0.01	24	51191	买盘
11:01:36	21.32	--	10	21320	卖盘
11:01:33	21.32	-0.01	56	119392	卖盘
11:01:30	21.33	0.01	34	72522	买盘
11:01:21	21.32	--	16	34112	买盘
11:01:18	21.32	-0.01	27	57564	买盘
11:01:15	21.33	0.01	159	339147	买盘
11:01:12	21.32	--	16	34112	买盘
11:01:09	21.32	--	123	262236	买盘
11:01:06	21.32	--	59	125788	买盘
11:01:03	21.32	0.01	50	106600	买盘
11:00:57	21.31	--	25	53275	卖盘
11:00:54	21.31	--	25	53275	买盘
11:00:51	21.31	0.01	6	12786	买盘
11:00:45	21.3	--	11	23430	卖盘
11:00:42	21.3	0.01	588	1252440	买盘
11:00:39	21.29	--	48	102192	卖盘
11:00:36	21.29	--	94	200126	卖盘
11:00:33	21.29	-0.01	3	6387	卖盘
11:00:30	21.3	--	88	187440	买盘
11:00:27	21.3	--	23	48990	买盘
11:00:24	21.3	--	5	10650	买盘
11:00:18	21.3	--	1	2130	买盘
11:00:15	21.3	0.01	33	70290	买盘
11:00:12	21.29	0.01	258	549303	买盘
11:00:09	21.28	--	2	4256	买盘
11:00:06	21.28	--	81	172368	买盘
11:00:03	21.28	--	48	102144	买盘
11:00:00	21.28	--	35	74480	买盘
10:59:54	21.28	--	16	34048	买盘
10:59:51	21.28	--	33	70224	买盘
10:59:45	21.28	0.01	90	191520	买盘
10:59:42	21.27	0.01	2	4254	中性盘
10:59:39	21.26	--	4	8504	卖盘
10:59:36	21.26	-0.01	25	53150	卖盘
10:59:33	21.27	0.01	53	112731	买盘
10:59:27	21.26	--	25	53150	卖盘
10:59:21	21.26	--	54	114804	卖盘
10:59:18	21.26	0.02	35	75473	买盘
10:59:15	21.24	-0.01	2	4248	卖盘
10:59:09	21.25	--	42	89250	买盘
10:59:06	21.25	--	4	8500	买盘
10:59:00	21.25	-0.01	15	31875	卖盘
10:58:57	21.26	0.01	9	19134	买盘
10:58:54	21.25	--	29	61625	卖盘
10:58:51	21.25	--	1	2125	卖盘
10:58:48	21.25	--	10	21250	卖盘
10:58:45	21.25	--	31	65875	卖盘
10:58:42	21.25	-0.01	83	176375	卖盘
10:58:39	21.26	0.01	30	63780	买盘
10:58:36	21.25	-0.01	21	44625	卖盘
10:58:33	21.26	0.01	6	12756	买盘
10:58:27	21.25	-0.01	17	36125	卖盘
10:58:24	21.26	0.01	19	40394	买盘
10:58:18	21.25	--	5	10625	卖盘
10:58:15	21.25	-0.01	42	89250	卖盘
10:58:12	21.26	0.01	3	6378	买盘
10:58:09	21.25	-0.01	40	85000	卖盘
10:58:06	21.26	--	2	4252	买盘
10:58:03	21.26	--	63	135001	卖盘
10:58:00	21.26	-0.01	3	6378	卖盘
10:57:57	21.27	--	63	134022	卖盘
10:57:54	21.27	--	11	23397	卖盘
10:57:51	21.27	0.01	60	127620	买盘
10:57:48	21.26	-0.01	15	32931	卖盘
10:57:45	21.27	--	2	4254	买盘
10:57:39	21.27	--	9	19143	卖盘
10:57:36	21.27	--	36	76572	卖盘
10:57:33	21.27	0.01	7	14889	买盘
10:57:30	21.26	-0.01	41	87166	卖盘
10:57:27	21.27	0.01	4	8508	买盘
10:57:24	21.26	--	17	36142	卖盘
10:57:21	21.26	--	2	4252	卖盘
10:57:15	21.26	-0.02	10	21260	卖盘
10:57:12	21.28	0.01	8	17024	买盘
10:57:09	21.27	-0.01	14	29778	卖盘
10:57:03	21.28	--	12	25536	买盘
10:57:00	21.28	--	68	144704	买盘
10:56:57	21.28	--	60	129786	卖盘
10:56:54	21.28	--	8	17024	卖盘
10:56:51	21.28	--	16	34048	卖盘
10:56:48	21.28	--	1	2128	卖盘
10:56:45	21.28	--	6	12768	卖盘
10:56:42	21.28	--	7	14896	卖盘
10:56:39	21.28	--	10	21280	卖盘
10:56:36	21.28	--	33	70224	卖盘
10:56:33	21.28	-0.01	63	134064	卖盘
10:56:30	21.29	--	1	2129	买盘
10:56:27	21.29	0.01	11	23419	买盘
10:56:24	21.28	-0.01	26	55328	卖盘
10:56:21	21.29	--	14	29806	买盘
10:56:18	21.29	--	15	31935	买盘
10:56:15	21.29	--	42	89418	卖盘
10:56:12	21.29	--	8	17032	卖盘
10:56:09	21.29	0.01	91	193739	中性盘
10:56:06	21.28	-0.01	65	138320	卖盘
10:56:03	21.29	0.01	59	125611	买盘
10:56:00	21.28	-0.01	15	31920	卖盘
10:55:57	21.29	0.01	8	17032	买盘
10:55:51	21.28	--	17	36197	卖盘
10:55:48	21.28	--	12	25536	卖盘
10:55:45	21.28	--	15	31920	卖盘
10:55:42	21.28	-0.01	16	34048	卖盘
10:55:39	21.29	0.01	1	2129	买盘
10:55:36	21.28	-0.01	17	36176	卖盘
10:55:33	21.29	0.01	40	85160	买盘
10:55:30	21.28	-0.01	6	12768	卖盘
10:55:24	21.29	0.01	8	17032	买盘
10:55:21	21.28	--	4	8512	卖盘
10:55:18	21.28	-0.01	13	27664	卖盘
10:55:15	21.29	--	20	42580	买盘
10:55:12	21.29	0.01	16	34064	买盘
10:55:09	21.28	--	326	693728	卖盘
10:55:06	21.28	-0.01	11	23408	卖盘
10:55:03	21.29	0.01	4	8516	买盘
10:55:00	21.28	--	8	17024	卖盘
10:54:57	21.28	--	9	19152	买盘
10:54:54	21.28	--	78	165984	买盘
10:54:51	21.28	--	12	25536	买盘
10:54:48	21.28	0.01	57	121296	买盘
10:54:45	21.27	-0.01	8	17016	卖盘
10:54:42	21.28	0.01	33	70224	买盘
10:54:39	21.27	--	13	27651	卖盘
10:54:36	21.27	-0.01	8	17016	卖盘
10:54:33	21.28	0.01	8	17024	买盘
10:54:30	21.27	--	2	4254	卖盘
10:54:27	21.27	--	20	42540	卖盘
10:54:24	21.27	-0.01	10	21270	卖盘
10:54:21	21.28	0.01	40	85120	买盘
10:54:18	21.27	--	30	63810	买盘
10:54:15	21.27	0.01	43	91461	买盘
10:54:12	21.26	--	16	34016	卖盘
10:54:09	21.26	--	55	116930	卖盘
10:54:06	21.26	-0.01	37	78662	卖盘
10:54:03	21.27	--	9	19143	买盘
10:54:00	21.27	0.01	32	68064	买盘
10:53:57	21.26	--	2	4252	买盘
10:53:54	21.26	-0.01	14	29764	卖盘
10:53:51	21.27	0.03	20	42540	买盘
10:53:48	21.24	-0.02	95	201779	卖盘
10:53:45	21.26	--	20	42520	卖盘
10:53:42	21.26	--	48	102048	买盘
10:53:39	21.26	--	22	46772	买盘
10:53:36	21.26	--	54	114804	买盘
10:53:33	21.26	--	47	99922	买盘
10:53:27	21.26	0.01	2	4252	买盘
10:53:24	21.25	--	2	4250	卖盘
10:53:21	21.25	--	2	4250	卖盘
10:53:18	21.25	0.03	2054	4364750	买盘
10:53:15	21.22	--	6	12732	买盘
10:53:12	21.22	--	7	14854	买盘
10:53:09	21.22	0.01	8	16976	买盘
10:53:06	21.21	-0.01	12	25452	卖盘
10:53:03	21.22	--	32	67904	买盘
10:53:00	21.22	0.01	11	23342	买盘
10:52:57	21.21	-0.01	1	2121	卖盘
10:52:54	21.22	0.01	2	4244	买盘
10:52:51	21.21	-0.01	24	50904	卖盘
10:52:48	21.22	--	55	116710	买盘
10:52:45	21.22	--	16	33952	买盘
10:52:42	21.22	--	8	16976	买盘
10:52:39	21.22	--	16	33952	买盘
10:52:36	21.22	0.01	179	379838	买盘
10:52:33	21.21	-0.01	10	21210	卖盘
10:52:27	21.22	0.01	34	72148	买盘
10:52:24	21.21	--	5	10605	卖盘
10:52:21	21.21	--	7	14847	卖盘
10:52:12	21.21	-0.01	20	42420	卖盘
10:52:06	21.22	--	44	93368	买盘
10:52:03	21.22	--	10	21220	买盘
10:52:00	21.22	--	8	16976	买盘
10:51:57	21.22	0.01	3	6366	买盘
10:51:54	21.21	-0.01	14	29694	卖盘
10:51:48	21.22	0.01	24	50928	买盘
10:51:42	21.21	--	22	46662	买盘
10:51:39	21.21	-0.01	12	25452	卖盘
10:51:36	21.22	0.02	83	176126	买盘
10:51:33	21.2	--	3	6360	卖盘
10:51:30	21.2	-0.01	10	21200	卖盘
10:51:27	21.21	0.02	477	1013032	买盘
10:51:24	21.19	--	6	12714	卖盘
10:51:21	21.19	--	67	144028	卖盘
10:51:15	21.19	-0.01	53	112307	卖盘
10:51:09	21.2	--	29	61480	买盘
10:51:06	21.2	--	133	281960	买盘
10:51:03	21.2	0.01	45	95400	买盘
10:51:00	21.19	-0.01	20	42380	卖盘
10:50:57	21.2	--	9	19080	买盘
10:50:54	21.2	--	12	25440	买盘
10:50:51	21.2	--	99	209880	买盘
10:50:48	21.2	--	2	4240	买盘
10:50:45	21.2	0.01	35	74200	买盘
10:50:42	21.19	-0.01	8	16952	卖盘
10:50:39	21.2	--	11	23320	买盘
10:50:36	21.2	0.01	21	44520	买盘
10:50:30	21.19	-0.01	5	10595	卖盘
10:50:27	21.2	--	34	72080	买盘
10:50:24	21.2	--	11	23320	买盘
10:50:21	21.2	--	1	2120	买盘
10:50:18	21.2	--	11	23320	买盘
10:50:15	21.2	--	5	10600	买盘
10:50:09	21.2	--	40	84800	买盘
10:50:06	21.2	--	2	4240	买盘
10:50:03	21.2	0.01	19	40280	买盘
10:50:00	21.19	-0.01	17	36023	卖盘
10:49:57	21.2	--	6	12720	买盘
10:49:54	21.2	--	4	8480	买盘
10:49:48	21.2	--	42	89103	卖盘
10:49:42	21.2	0.01	28	61416	买盘
10:49:39	21.19	-0.01	31	65689	卖盘
10:49:36	21.2	--	2	4240	买盘
10:49:33	21.2	0.01	136	288320	买盘
10:49:30	21.19	-0.01	6	12714	卖盘
10:49:24	21.2	--	4	8480	买盘
10:49:18	21.2	--	4	8480	买盘
10:49:15	21.2	--	9	19080	买盘
10:49:12	21.2	--	6	12720	买盘
10:49:09	21.2	--	112	237440	买盘
10:49:06	21.2	--	17	36040	买盘
10:49:03	21.2	--	4	8480	买盘
10:48:57	21.2	--	73	154823	卖盘
10:48:54	21.2	-0.01	74	156880	卖盘
10:48:51	21.21	0.01	1	2121	买盘
10:48:48	21.2	--	208	440960	卖盘
10:48:45	21.2	--	5	10600	卖盘
10:48:42	21.2	--	14	29680	卖盘
10:48:39	21.2	--	207	440896	买盘
10:48:33	21.2	--	73	154760	买盘
10:48:30	21.2	--	52	110240	买盘
10:48:27	21.2	0.01	12	25440	买盘
10:48:24	21.19	-0.01	121	256399	卖盘
10:48:21	21.2	--	21	44520	买盘
10:48:18	21.2	--	4	8480	买盘
10:48:12	21.2	--	8	16960	买盘
10:48:06	21.2	--	9	19080	买盘
10:48:03	21.2	--	21	44520	买盘
10:47:57	21.2	--	132	279840	买盘
10:47:51	21.2	0.01	3	6360	买盘
10:47:48	21.19	--	7	14833	买盘
10:47:45	21.19	--	5	10595	买盘
10:47:42	21.19	-0.01	1	2119	中性盘
10:47:27	21.2	--	168	356160	买盘
10:47:24	21.2	--	4	8480	买盘
10:47:21	21.2	0.02	3	6360	买盘
10:47:15	21.18	-0.01	83	175794	卖盘
10:47:12	21.19	0.01	7	14833	中性盘
10:47:09	21.18	--	3	6354	卖盘
10:47:06	21.18	-0.01	13	27534	卖盘
10:47:03	21.19	0.01	33	69927	买盘
10:47:00	21.18	--	54	114372	卖盘
10:46:57	21.18	0.01	344	728592	买盘
10:46:48	21.17	--	9	19053	卖盘
10:46:45	21.17	-0.01	10	21170	卖盘
10:46:42	21.18	--	1	2118	买盘
10:46:39	21.18	--	6	12708	买盘
10:46:33	21.18	--	48	101664	卖盘
10:46:30	21.18	--	25	52950	卖盘
10:46:27	21.18	-0.01	55	116490	卖盘
10:46:24	21.19	0.01	180	381420	买盘
10:46:21	21.18	-0.01	60	127080	卖盘
10:46:18	21.19	0.01	1	2119	买盘
10:46:15	21.18	-0.01	16	33888	卖盘
10:46:12	21.19	0.01	18	38142	买盘
10:46:09	21.18	--	21	44478	卖盘
10:46:06	21.18	-0.01	5	10590	卖盘
10:46:03	21.19	--	17	36023	买盘
10:45:45	21.19	--	6	12714	买盘
10:45:39	21.19	--	11	23309	卖盘
10:45:36	21.19	--	16	33904	卖盘
10:45:33	21.19	--	5	10595	卖盘
10:45:30	21.19	--	11	23309	卖盘
10:45:27	21.19	--	10	21190	卖盘
10:45:18	21.19	-0.01	14	29666	卖盘
10:45:15	21.2	--	14	29680	买盘
10:45:09	21.2	--	135	286200	买盘
10:45:03	21.2	--	4	8480	买盘
10:45:00	21.2	--	96	205279	买盘
10:44:57	21.2	0.01	87	184440	买盘
10:44:54	21.19	--	1	2119	卖盘
10:44:51	21.19	--	784	1661656	卖盘
10:44:48	21.19	-0.01	10	21190	卖盘
10:44:45	21.2	--	35	74200	买盘
10:44:42	21.2	--	69	146280	买盘
10:44:36	21.2	--	5	10600	买盘
10:44:33	21.2	--	20	42400	买盘
10:44:27	21.2	--	6	12720	卖盘
10:44:24	21.2	--	118	250160	卖盘
10:44:18	21.2	--	11	23320	卖盘
10:44:15	21.2	-0.01	11	23320	卖盘
10:44:12	21.21	--	29	61509	买盘
10:44:09	21.21	--	36	76356	买盘
10:44:06	21.21	--	13	27573	买盘
10:44:03	21.21	--	102	216342	买盘
10:44:00	21.21	--	45	95445	买盘
10:43:57	21.21	0.01	3	6363	买盘
10:43:54	21.2	--	50	106000	卖盘
10:43:51	21.2	-0.01	15	31800	卖盘
10:43:48	21.21	0.01	40	84840	买盘
10:43:45	21.2	-0.01	35	74200	卖盘
10:43:42	21.21	0.01	10	21210	买盘
10:43:39	21.2	-0.01	7	14840	卖盘
10:43:36	21.21	--	110	233310	买盘
10:43:33	21.21	--	48	101808	买盘
10:43:30	21.21	--	19	40299	买盘
10:43:27	21.21	0.01	53	112413	买盘
10:43:21	21.2	-0.01	69	146280	卖盘
10:43:18	21.21	--	162	343602	买盘
10:43:15	21.21	0.01	123	260883	买盘
10:43:12	21.2	-0.01	80	169600	卖盘
10:43:09	21.21	--	23	48783	买盘
10:43:06	21.21	--	136	288456	买盘
10:43:03	21.21	0.01	7	14847	买盘
10:43:00	21.2	-0.01	17	36040	卖盘
10:42:57	21.21	--	4	8484	买盘
10:42:54	21.21	--	100	212100	买盘
10:42:51	21.21	0.01	90	190890	买盘
10:42:48	21.2	--	2	4240	卖盘
10:42:45	21.2	-0.01	25	53000	卖盘
10:42:42	21.21	--	92	195132	买盘
10:42:39	21.21	--	48	101808	买盘
10:42:36	21.21	--	61	129381	买盘
10:42:33	21.21	0.01	19	40299	买盘
10:42:30	21.2	--	10	21200	卖盘
10:42:27	21.2	-0.01	46	97520	卖盘
10:42:24	21.21	0.01	20	42420	买盘
10:42:21	21.2	-0.01	7	14840	卖盘
10:42:12	21.21	--	15	31815	买盘
10:42:09	21.21	0.01	30	63630	买盘
10:42:06	21.2	0.01	57	121836	买盘
10:42:00	21.19	-0.01	3	6357	卖盘
10:41:57	21.2	--	1	2120	买盘
10:41:48	21.2	--	11	23320	买盘
10:41:45	21.2	0.01	317	672040	买盘
10:41:42	21.19	--	8	16952	买盘
10:41:36	21.19	-0.01	2	4238	卖盘
10:41:33	21.2	0.01	50	106000	买盘
10:41:30	21.19	--	29	61451	买盘
10:41:27	21.19	0.01	1	2119	买盘
10:41:24	21.18	--	13	27534	卖盘
10:41:21	21.18	-0.01	1	2118	卖盘
10:41:15	21.19	--	10	21190	买盘
10:41:12	21.19	0.01	23	48737	买盘
10:41:03	21.18	-0.01	50	105900	买盘
10:40:57	21.19	0.01	26	55094	买盘
10:40:54	21.18	-0.01	9	20184	卖盘
10:40:51	21.19	0.01	40	84760	买盘
10:40:48	21.18	-0.01	24	50832	卖盘
10:40:45	21.19	--	3	6357	买盘
10:40:42	21.19	0.01	2	4238	买盘
10:40:39	21.18	-0.02	10	21180	卖盘
10:40:36	21.2	0.01	60	127200	买盘
10:40:33	21.19	-0.01	19	40261	卖盘
10:40:30	21.2	0.01	10	21200	买盘
10:40:27	21.19	--	5	10595	卖盘
10:40:21	21.19	-0.01	17	36023	卖盘
10:40:18	21.2	--	45	95400	卖盘
10:40:15	21.2	--	24	50880	中性盘
10:40:12	21.2	0.01	52	110240	买盘
10:40:09	21.19	-0.01	10	21190	卖盘
10:40:06	21.2	0.01	121	256520	买盘
10:40:03	21.19	-0.01	9	19071	卖盘
10:39:57	21.2	-0.01	42	89040	卖盘
10:39:54	21.21	-0.01	47	99687	中性盘
10:39:45	21.22	0.01	30	63660	买盘
10:39:42	21.21	-0.01	91	193011	卖盘
10:39:39	21.22	--	31	65782	买盘
10:39:33	21.22	--	8	16976	买盘
10:39:27	21.22	0.01	35	74270	买盘
10:39:24	21.21	-0.01	61	129381	卖盘
10:39:21	21.22	--	8	16976	买盘
10:39:18	21.22	--	10	21220	买盘
10:39:15	21.22	0.01	22	46684	买盘
10:39:12	21.21	-0.01	50	106050	卖盘
10:39:09	21.22	--	16	33952	买盘
10:39:06	21.22	--	11	23342	买盘
10:39:03	21.22	--	2	4244	买盘
10:39:00	21.22	--	2	4244	买盘
10:38:57	21.22	--	21	44562	卖盘
10:38:54	21.22	--	53	112466	买盘
10:38:48	21.22	--	66	140052	买盘
10:38:45	21.22	--	4	8488	卖盘
10:38:42	21.22	--	4	8488	卖盘
10:38:39	21.22	0.01	41	87002	买盘
10:38:36	21.21	-0.01	25	53025	卖盘
10:38:33	21.22	-0.01	6	12732	中性盘
10:38:30	21.23	0.01	22	46706	买盘
10:38:27	21.22	--	7	14854	卖盘
10:38:24	21.22	0.01	140	297080	买盘
10:38:21	21.21	--	9	19089	买盘
10:38:18	21.21	0.02	17	36057	买盘
10:38:15	21.19	-0.01	15	31785	卖盘
10:38:12	21.2	--	14	29680	卖盘
10:38:09	21.2	--	9	19080	卖盘
10:38:06	21.2	0.01	836	1772320	买盘
10:38:03	21.19	--	14	29666	卖盘
10:38:00	21.19	-0.01	5	10595	卖盘
10:37:57	21.2	0.01	1	2120	买盘
10:37:54	21.19	0.01	24	50856	卖盘
10:37:51	21.18	-0.01	10	21180	卖盘
10:37:48	21.19	--	24	50856	买盘
10:37:45	21.19	--	63	133497	买盘
10:37:42	21.19	--	175	370825	买盘
10:37:39	21.19	--	14	29666	买盘
10:37:36	21.19	--	3	6357	买盘
10:37:33	21.19	--	82	173758	买盘
10:37:30	21.19	0.01	32	67808	买盘
10:37:27	21.18	--	4	8472	卖盘
10:37:24	21.18	-0.01	3	6354	卖盘
10:37:18	21.19	0.01	14	29666	买盘
10:37:12	21.18	-0.01	22	46596	卖盘
10:37:09	21.19	0.02	17	37018	买盘
10:37:06	21.17	-0.01	16	33872	卖盘
10:37:03	21.18	--	14	29652	买盘
10:37:00	21.18	--	51	108018	买盘
10:36:57	21.18	--	70	148260	买盘
10:36:54	21.18	0.01	26	55068	买盘
10:36:39	21.17	-0.01	5	10585	卖盘
10:36:36	21.18	0.01	8	16944	买盘
10:36:30	21.17	--	10	21170	卖盘
10:36:27	21.17	-0.01	7	14819	卖盘
10:36:24	21.18	0.01	2	4236	买盘
10:36:21	21.17	--	4	8468	卖盘
10:36:18	21.17	--	10	21170	卖盘
10:36:12	21.17	-0.01	1	2117	卖盘
10:36:09	21.18	0.01	26	55068	买盘
10:36:06	21.17	-0.01	2	4234	卖盘
10:36:03	21.18	0.01	41	86838	买盘
10:36:00	21.17	--	2	4234	卖盘
10:35:57	21.17	-0.01	3	6351	卖盘
10:35:54	21.18	0.01	35	74130	买盘
10:35:51	21.17	-0.01	23	48691	卖盘
10:35:48	21.18	--	103	218154	买盘
10:35:45	21.18	--	18	38124	买盘
10:35:42	21.18	--	21	44478	买盘
10:35:36	21.18	0.01	20	42360	买盘
10:35:33	21.17	-0.01	7	14819	卖盘
10:35:21	21.18	--	44	94314	卖盘
10:35:18	21.18	--	30	63540	卖盘
10:35:15	21.18	--	20	42360	卖盘
10:35:12	21.18	0.01	85	181025	买盘
10:35:09	21.17	--	55	116435	卖盘
10:35:06	21.17	--	56	118552	卖盘
10:35:00	21.17	--	2	4234	卖盘
10:34:57	21.17	--	240	508080	卖盘
10:34:51	21.17	--	34	71978	买盘
10:34:48	21.17	0.01	29	61393	买盘
10:34:45	21.16	--	7	14812	卖盘
10:34:42	21.16	-0.02	10	21160	卖盘
10:34:39	21.18	0.01	216	457488	买盘
10:34:36	21.17	0.01	7	14819	买盘
10:34:30	21.16	-0.01	52	110032	买盘
10:34:27	21.17	--	7	14819	买盘
10:34:24	21.17	0.01	50	105850	买盘
10:34:21	21.16	--	30	63480	买盘
10:34:18	21.16	0.01	28	59248	买盘
10:34:15	21.15	-0.01	38	80370	卖盘
10:34:12	21.16	-0.01	43	90988	卖盘
10:34:09	21.17	--	14	29638	买盘
10:34:06	21.17	-0.01	3	6351	买盘
10:34:00	21.18	--	38	80484	买盘
10:33:57	21.18	0.03	103	218154	买盘
10:33:54	21.15	-0.01	119	251684	卖盘
10:33:51	21.16	--	13	27508	买盘
10:33:48	21.16	--	23	48668	买盘
10:33:45	21.16	-0.02	44	93104	卖盘
10:33:42	21.18	0.01	35	74130	买盘
10:33:39	21.17	--	2	4234	买盘
10:33:36	21.17	--	58	122786	卖盘
10:33:33	21.17	-0.01	5	10585	中性盘
10:33:27	21.18	--	7	14826	买盘
10:33:21	21.18	0.05	9	19062	买盘
10:33:12	21.13	-0.05	11	23243	中性盘
10:33:09	21.18	0.06	20	42360	买盘
10:33:06	21.12	-0.05	3	6336	卖盘
10:33:03	21.17	0.02	200	423400	买盘
10:33:00	21.15	0.03	200	423000	买盘
10:32:57	21.12	--	5	10560	买盘
10:32:42	21.12	0.01	1	2112	买盘
10:32:36	21.11	0.01	12	25332	买盘
10:32:33	21.1	-0.01	38	80180	卖盘
10:32:27	21.11	--	13	27443	买盘
10:32:24	21.11	0.01	8	16888	买盘
10:32:21	21.1	--	19	40090	卖盘
10:32:18	21.1	--	12	25320	买盘
10:32:15	21.1	--	4	8440	买盘
10:32:12	21.1	--	5	10550	买盘
10:32:09	21.1	0.01	4	8440	买盘
10:32:03	21.09	--	21	44289	卖盘
10:31:57	21.09	--	1	2109	卖盘
10:31:54	21.09	0.01	359	757152	买盘
10:31:51	21.08	--	14	29511	卖盘
10:31:48	21.08	-0.01	91	191827	卖盘
10:31:45	21.09	--	8	16872	买盘
10:31:36	21.09	--	1	2109	买盘
10:31:30	21.09	0.01	12	25308	买盘
10:31:27	21.08	--	9	18972	卖盘
10:31:24	21.08	-0.01	1	2108	卖盘
10:31:21	21.09	--	15	31635	买盘
10:31:18	21.09	--	10	21090	买盘
10:31:15	21.09	--	14	29526	买盘
10:31:12	21.09	-0.02	66	141281	卖盘
10:31:09	21.11	0.02	19	40109	买盘
10:31:06	21.09	-0.01	9	18981	卖盘
10:31:00	21.1	0.01	9	18990	买盘
10:30:57	21.09	--	23	48507	卖盘
10:30:54	21.09	--	15	31635	卖盘
10:30:51	21.09	--	20	42180	卖盘
10:30:48	21.09	--	48	101253	卖盘
10:30:45	21.09	--	40	84360	买盘
10:30:42	21.09	--	1	2109	买盘
10:30:39	21.09	--	9	18981	买盘
10:30:36	21.09	-0.01	53	111777	卖盘
10:30:33	21.1	0.01	60	126600	买盘
10:30:30	21.09	-0.01	100	210900	卖盘
10:30:24	21.1	--	8	16880	买盘
10:30:18	21.1	--	240	506400	买盘
10:30:15	21.1	--	116	244760	卖盘
10:30:12	21.1	--	5	10550	卖盘
10:30:09	21.1	-0.01	75	158250	卖盘
10:30:06	21.11	0.01	14	29554	买盘
10:30:03	21.1	--	4	8440	卖盘
10:30:00	21.1	-0.01	5	10550	卖盘
10:29:57	21.11	0.01	10	21110	买盘
10:29:54	21.1	--	9	18990	卖盘
10:29:51	21.1	--	1	2110	卖盘
10:29:42	21.1	-0.02	10	21100	卖盘
10:29:36	21.12	0.01	13	27456	买盘
10:29:33	21.11	-0.01	6	12666	中性盘
10:29:30	21.12	--	4	8448	买盘
10:29:27	21.12	--	31	65493	买盘
10:29:24	21.12	--	299	631488	买盘
10:29:21	21.12	0.01	4	8448	买盘
10:29:18	21.11	-0.01	23	50642	卖盘
10:29:15	21.12	-0.01	27	58502	卖盘
10:29:12	21.13	--	4	8452	买盘
10:29:09	21.13	--	4	8452	买盘
10:29:06	21.13	0.01	20	42260	买盘
10:29:03	21.12	--	50	105600	卖盘
10:28:57	21.12	--	4	8448	卖盘
10:28:48	21.12	-0.01	1	2112	卖盘
10:28:45	21.13	--	26	54938	买盘
10:28:36	21.13	--	66	139458	卖盘
10:28:33	21.13	-0.01	28	59164	卖盘
10:28:30	21.14	-0.01	122	259810	卖盘
10:28:27	21.15	0.01	121	256126	买盘
10:28:18	21.14	--	7	14798	卖盘
10:28:12	21.14	--	5	10570	买盘
10:28:09	21.14	-0.01	5	10570	中性盘
10:28:03	21.15	--	43	90945	买盘
10:28:00	21.15	0.01	5	10575	买盘
10:27:51	21.14	--	24	50736	买盘
10:27:45	21.14	-0.01	9	19026	卖盘
10:27:39	21.15	0.01	10	21150	买盘
10:27:36	21.14	-0.01	10	21140	卖盘
10:27:33	21.15	--	7	14804	买盘
10:27:27	21.15	--	9	19035	买盘
10:27:24	21.15	0.01	5	10575	买盘
10:27:21	21.14	-0.01	4	8456	卖盘
10:27:18	21.15	--	10	21150	买盘
10:27:09	21.15	0.01	9	19035	买盘
10:27:06	21.14	-0.01	23	50313	卖盘
10:27:00	21.15	--	4	8460	买盘
10:26:54	21.15	--	3	6345	卖盘
10:26:51	21.15	-0.01	15	31724	卖盘
10:26:48	21.16	0.01	17	35972	买盘
10:26:45	21.15	-0.01	5	10575	卖盘
10:26:42	21.16	0.02	1	2116	买盘
10:26:39	21.14	-0.02	10	21140	卖盘
10:26:33	21.16	-0.01	1	2116	中性盘
10:26:27	21.17	0.03	8	16936	买盘
10:26:24	21.14	-0.03	81	171234	卖盘
10:26:15	21.17	-0.01	6	12702	买盘
10:26:12	21.18	0.01	5	10590	买盘
10:26:09	21.17	0.01	23	48691	中性盘
10:26:06	21.16	-0.01	28	59248	卖盘
10:26:03	21.17	--	16	33872	卖盘
10:26:00	21.17	--	62	131254	买盘
10:25:57	21.17	--	4	8468	卖盘
10:25:54	21.17	--	4	8468	卖盘
10:25:51	21.17	-0.01	2	4234	中性盘
10:25:45	21.18	0.01	12	25416	买盘
10:25:42	21.17	0.02	59	124903	中性盘
10:25:39	21.15	-0.03	100	211500	卖盘
10:25:33	21.18	0.02	2	4659	买盘
10:25:30	21.16	-0.01	15	31740	卖盘
10:25:27	21.17	--	12	25404	买盘
10:25:24	21.17	-0.01	14	31331	买盘
10:25:21	21.18	--	62	131316	买盘
10:25:18	21.18	--	12	25416	买盘
10:25:15	21.18	0.02	7	14826	买盘
10:25:12	21.16	-0.01	8	16928	卖盘
10:25:09	21.17	--	7	14819	卖盘
10:25:06	21.17	--	10	21170	卖盘
10:25:03	21.17	--	5	10585	卖盘
10:25:00	21.17	0.01	199	421283	买盘
10:24:57	21.16	--	30	63480	卖盘
10:24:54	21.16	--	2	4232	卖盘
10:24:51	21.16	--	67	142195	买盘
10:24:48	21.16	--	90	190440	买盘
10:24:45	21.16	--	29	61364	买盘
10:24:42	21.16	--	3	6348	买盘
10:24:39	21.16	--	1	2116	买盘
10:24:36	21.16	0.03	43	90988	买盘
10:24:30	21.13	--	1	2113	中性盘
10:24:27	21.13	0.01	3	6339	买盘
10:24:24	21.12	-0.04	13	27456	卖盘
10:24:21	21.16	0.01	10	21160	买盘
10:24:18	21.15	0.01	246	520289	买盘
10:24:15	21.14	0.01	160	338240	买盘
10:24:12	21.13	-0.01	4	8452	卖盘
10:24:09	21.14	--	4	8456	买盘
10:24:06	21.14	0.01	125	264250	买盘
10:24:03	21.13	--	20	42260	买盘
10:24:00	21.13	0.01	410	866330	买盘
10:23:57	21.12	--	10	21120	卖盘
10:23:54	21.12	-0.01	100	211200	卖盘
10:23:51	21.13	--	69	145797	买盘
10:23:48	21.13	0.01	27	57051	买盘
10:23:45	21.12	--	14	29568	卖盘
10:23:42	21.12	--	5	10560	卖盘
10:23:39	21.12	-0.01	49	103488	卖盘
10:23:36	21.13	--	16	33808	买盘
10:23:33	21.13	0.01	15	31695	买盘
10:23:30	21.12	-0.01	111	234432	卖盘
10:23:27	21.13	--	64	135232	买盘
10:23:24	21.13	--	5	10565	买盘
10:23:21	21.13	--	4	8452	买盘
10:23:18	21.13	--	11	23243	买盘
10:23:15	21.13	--	14	29582	买盘
10:23:12	21.13	--	5	10565	买盘
10:23:09	21.13	--	21	44373	卖盘
10:23:06	21.13	--	3	6339	卖盘
10:23:03	21.13	-0.01	2	4226	中性盘
10:23:00	21.14	0.01	75	158550	买盘
10:22:57	21.13	--	10	21130	卖盘
10:22:54	21.13	-0.01	123	259899	卖盘
10:22:51	21.14	0.01	51	107814	买盘
10:22:48	21.13	--	8	16904	卖盘
10:22:45	21.13	-0.01	114	240882	卖盘
10:22:42	21.14	--	89	188146	买盘
10:22:33	21.14	0.01	43	90902	买盘
10:22:30	21.13	--	8	16904	卖盘
10:22:27	21.13	--	28	59164	卖盘
10:22:24	21.13	--	40	84520	卖盘
10:22:21	21.13	-0.01	1	2113	卖盘
10:22:18	21.14	--	85	179690	买盘
10:22:15	21.14	--	3	6342	买盘
10:22:09	21.14	0.01	45	95130	买盘
10:22:00	21.13	-0.01	54	114102	卖盘
10:21:51	21.14	--	23	48622	卖盘
10:21:48	21.14	--	31	65534	买盘
10:21:45	21.14	--	52	109928	买盘
10:21:42	21.14	--	10	21140	买盘
10:21:39	21.14	--	10	21140	买盘
10:21:36	21.14	--	3	6342	买盘
10:21:33	21.14	--	15	31710	买盘
10:21:30	21.14	--	9	19026	卖盘
10:21:27	21.14	--	22	46508	卖盘
10:21:24	21.14	--	3	6342	卖盘
10:21:21	21.14	--	13	27482	卖盘
10:21:18	21.14	-0.01	2	4228	卖盘
10:21:15	21.15	--	2	4230	买盘
10:21:12	21.15	--	5	10575	卖盘
10:21:09	21.15	0.02	1	2115	卖盘
10:21:06	21.13	-0.03	150	316950	卖盘
10:21:00	21.16	0.03	25	52900	买盘
10:20:57	21.13	-0.03	33	69729	卖盘
10:20:54	21.16	--	2	4232	买盘
10:20:51	21.16	0.01	10	21160	买盘
10:20:48	21.15	-0.01	19	40185	卖盘
10:20:45	21.16	--	5	10580	买盘
10:20:42	21.16	0.01	96	203136	买盘
10:20:39	21.15	--	2	4230	卖盘
10:20:36	21.15	--	10	21150	卖盘
10:20:33	21.15	--	43	90945	卖盘
10:20:27	21.15	0.01	5	12605	买盘
10:20:24	21.14	0.01	7	14798	中性盘
10:20:18	21.13	-0.02	10	21130	卖盘
10:20:15	21.15	0.02	7	14804	买盘
10:20:12	21.13	-0.03	13	27469	卖盘
10:20:09	21.16	0.03	11	23276	买盘
10:20:06	21.13	-0.03	10	21130	卖盘
10:20:03	21.16	0.04	3	6348	买盘
10:20:00	21.12	-0.01	32	67584	卖盘
10:19:57	21.13	0.01	5	10565	中性盘
10:19:51	21.12	--	29	61248	卖盘
10:19:48	21.12	-0.04	3	6336	卖盘
10:19:45	21.16	0.03	100	211600	买盘
10:19:42	21.13	--	19	40147	卖盘
10:19:39	21.13	0.01	5	10565	中性盘
10:19:36	21.12	-0.01	201	424512	卖盘
10:19:33	21.13	--	58	122554	卖盘
10:19:30	21.13	--	10	21130	卖盘
10:19:27	21.13	--	40	84520	卖盘
10:19:24	21.13	0.01	47	99311	买盘
10:19:21	21.12	--	83	175296	卖盘
10:19:18	21.12	-0.01	141	297792	卖盘
10:19:12	21.13	0.01	158	333854	卖盘
10:19:09	21.12	-0.01	312	659577	卖盘
10:19:03	21.13	0.01	20	42260	买盘
10:19:00	21.12	-0.01	4	8448	卖盘
10:18:57	21.13	0.01	24	50712	买盘
10:18:54	21.12	0.01	8	16896	中性盘
10:18:51	21.11	-0.01	155	327205	卖盘
10:18:48	21.12	0.01	5	10560	买盘
10:18:45	21.11	--	20	42220	卖盘
10:18:42	21.11	--	17	35887	卖盘
10:18:39	21.11	-0.01	7	14777	卖盘
10:18:36	21.12	0.01	18	38016	买盘
10:18:33	21.11	-0.02	254	536194	卖盘
10:18:30	21.13	0.01	79	166927	买盘
10:18:24	21.12	--	10	21120	买盘
10:18:21	21.12	-0.01	32	69062	卖盘
10:18:18	21.13	--	4	8452	买盘
10:18:15	21.13	0.01	43	90859	买盘
10:18:12	21.12	-0.01	6	12672	卖盘
10:18:09	21.13	--	5	10565	买盘
10:18:06	21.13	--	5	10565	买盘
10:18:03	21.13	--	17	35921	卖盘
10:18:00	21.13	-0.01	19	40147	卖盘
10:17:57	21.14	--	4	10147	卖盘
10:17:54	21.14	--	7	14798	卖盘
10:17:48	21.14	-0.01	9	19026	卖盘
10:17:45	21.15	-0.01	24	50760	卖盘
10:17:42	21.16	--	1	2116	买盘
10:17:36	21.16	--	108	228528	卖盘
10:17:33	21.16	--	186	393576	卖盘
10:17:30	21.16	--	2	4232	卖盘
10:17:27	21.16	--	8	16928	卖盘
10:17:24	21.16	--	118	249688	卖盘
10:17:21	21.16	-0.01	13	27508	卖盘
10:17:18	21.17	0.01	16	33872	买盘
10:17:15	21.16	--	10	21160	卖盘
10:17:12	21.16	-0.01	12	25392	卖盘
10:17:09	21.17	--	1	2117	买盘
10:17:06	21.17	--	5	10585	买盘
10:17:03	21.17	--	23	48691	买盘
10:17:00	21.17	--	7	14819	买盘
10:16:54	21.17	--	18	38106	买盘
10:16:51	21.17	0.01	8	16936	买盘
10:16:48	21.16	--	24	50784	卖盘
10:16:45	21.16	0.01	26	55016	买盘
10:16:42	21.15	--	40	84600	卖盘
10:16:39	21.15	0.02	99	209808	卖盘
10:16:36	21.13	-0.02	35	73955	卖盘
10:16:33	21.15	-0.01	6	12690	卖盘
10:16:30	21.16	0.01	29	61998	买盘
10:16:27	21.15	--	70	148050	买盘
10:16:24	21.15	0.01	93	196695	买盘
10:16:21	21.14	--	219	462966	卖盘
10:16:18	21.14	--	3	6342	卖盘
10:16:15	21.14	--	13	27482	卖盘
10:16:12	21.14	0.01	52	109928	买盘
10:16:09	21.13	0.02	13	27469	买盘
10:16:06	21.11	--	68	143548	卖盘
10:16:03	21.11	-0.01	29	61219	卖盘
10:16:00	21.12	--	6	12672	买盘
10:15:57	21.12	--	209	441408	买盘
10:15:54	21.12	--	133	280896	买盘
10:15:51	21.12	--	16	33792	买盘
10:15:48	21.12	0.01	52	109824	买盘
10:15:45	21.11	--	4	8444	买盘
10:15:42	21.11	--	124	261764	买盘
10:15:39	21.11	--	41	86551	买盘
10:15:36	21.11	-0.01	68	143548	卖盘
10:15:33	21.12	0.01	3	6336	买盘
10:15:30	21.11	-0.01	114	240654	卖盘
10:15:27	21.12	--	52	109824	买盘
10:15:24	21.12	--	73	154176	买盘
10:15:21	21.12	--	3	6336	买盘
10:15:12	21.12	0.03	104	219648	买盘
10:15:09	21.09	--	10	21090	卖盘
10:15:06	21.09	-0.01	101	213009	卖盘
10:15:03	21.1	--	48	101280	买盘
10:15:00	21.1	0.01	19	40090	买盘
10:14:57	21.09	-0.01	12	25308	卖盘
10:14:54	21.1	--	60	126600	买盘
10:14:51	21.1	--	11	23210	买盘
10:14:48	21.1	0.01	25	52750	买盘
10:14:45	21.09	--	11	23199	卖盘
10:14:39	21.09	--	28	59052	买盘
10:14:36	21.09	0.03	6	12654	买盘
10:14:33	21.06	-0.02	23	48438	卖盘
10:14:30	21.08	0.02	132	278256	买盘
10:14:24	21.06	--	1	2106	买盘
10:14:21	21.06	0.01	1	2106	买盘
10:14:18	21.05	--	14	29470	卖盘
10:14:15	21.05	--	10	21050	买盘
10:14:12	21.05	0.01	13	27365	买盘
10:14:09	21.04	0.01	155	326120	买盘
10:14:06	21.03	--	26	54678	买盘
10:14:03	21.03	--	48	100944	买盘
10:14:00	21.03	--	6	12618	买盘
10:13:57	21.03	--	2	4206	买盘
10:13:54	21.03	--	8	16824	买盘
10:13:51	21.03	0.01	11	23133	买盘
10:13:45	21.02	--	13	27326	卖盘
10:13:42	21.02	-0.01	26	54652	卖盘
10:13:39	21.03	--	12	25236	买盘
10:13:36	21.03	--	8	16824	买盘
10:13:33	21.03	--	1	2103	买盘
10:13:30	21.03	--	7	14721	买盘
10:13:27	21.03	--	10	21030	买盘
10:13:24	21.03	--	6	12618	买盘
10:13:21	21.03	--	11	23133	买盘
10:13:18	21.03	-0.01	4	8412	中性盘
10:13:15	21.04	--	2	4208	买盘
10:13:12	21.04	--	6	12624	买盘
10:13:09	21.04	-0.04	13	27352	卖盘
10:13:06	21.08	0.02	73	153884	买盘
10:13:03	21.06	0.01	70	147420	买盘
10:13:00	21.05	--	2	4210	买盘
10:12:57	21.05	-0.01	16	33680	中性盘
10:12:54	21.06	--	5	10530	买盘
10:12:51	21.06	--	6	12636	买盘
10:12:45	21.06	0.01	9	18954	买盘
10:12:42	21.05	-0.01	20	42100	卖盘
10:12:39	21.06	--	4	8424	买盘
10:12:36	21.06	0.04	30	63179	买盘
