成交时间	成交价	价格变动	成交量(手)	成交额(元)	性质
15:00:03	11.74	--	639	750186	买盘
14:57:00	11.74	--	0	0	买盘
14:56:57	11.74	--	10	11740	买盘
14:56:51	11.74	0.01	104	122096	买盘
14:56:42	11.73	-0.01	33	38709	卖盘
14:56:39	11.74	0.01	32	37568	买盘
14:56:36	11.73	-0.01	78	91494	卖盘
14:56:33	11.74	--	34	39916	买盘
14:56:30	11.74	--	28	32872	买盘
14:56:24	11.74	--	46	54004	买盘
14:56:21	11.74	--	65	76310	买盘
14:56:18	11.74	--	25	29350	买盘
14:56:12	11.74	0.01	40	46960	买盘
14:56:09	11.73	-0.01	24	29102	卖盘
14:56:06	11.74	0.01	28	32872	买盘
14:55:57	11.73	-0.01	163	191199	卖盘
14:55:54	11.74	0.01	37	43438	买盘
14:55:51	11.73	-0.01	141	165393	卖盘
14:55:48	11.74	--	15	17610	买盘
14:55:36	11.74	--	44	51656	买盘
14:55:33	11.74	--	20	23480	买盘
14:55:30	11.74	--	6	7044	买盘
14:55:27	11.74	--	107	125618	买盘
14:55:21	11.74	0.01	5	5870	买盘
14:55:18	11.73	-0.01	5	5865	卖盘
14:55:09	11.74	--	76	89224	买盘
14:55:06	11.74	--	10	11740	买盘
14:55:03	11.74	--	104	122096	买盘
14:55:00	11.74	--	4	4696	买盘
14:54:54	11.74	--	10	11740	买盘
14:54:51	11.74	--	61	71614	买盘
14:54:48	11.74	0.01	10	11740	买盘
14:54:45	11.73	-0.01	97	113781	卖盘
14:54:42	11.74	--	28	32872	买盘
14:54:30	11.74	--	118	138532	买盘
14:54:24	11.74	--	39	45786	买盘
14:54:18	11.74	--	110	129140	买盘
14:54:15	11.74	--	15	17610	买盘
14:53:54	11.74	--	18	21132	买盘
14:53:45	11.74	-0.01	38	44612	卖盘
14:53:42	11.75	0.01	62	72850	买盘
14:53:39	11.74	--	16	18784	卖盘
14:53:36	11.74	--	7	8218	买盘
14:53:33	11.74	--	95	111530	卖盘
14:53:30	11.74	--	1	1174	卖盘
14:53:27	11.74	--	6	7044	卖盘
14:53:24	11.74	--	14	16436	买盘
14:53:21	11.74	--	1	1174	买盘
14:53:15	11.74	--	1	1174	卖盘
14:53:09	11.74	--	39	45786	买盘
14:53:03	11.74	--	62	72788	买盘
14:53:00	11.74	-0.01	4	4696	卖盘
14:52:57	11.75	0.01	40	47000	买盘
14:52:54	11.74	-0.01	3	3522	卖盘
14:52:42	11.75	0.01	18	21150	买盘
14:52:36	11.74	--	2	2348	卖盘
14:52:24	11.74	--	12	14088	卖盘
14:52:21	11.74	--	5	5870	卖盘
14:52:15	11.74	--	9	10566	卖盘
14:52:09	11.74	-0.01	150	176100	卖盘
14:52:06	11.75	0.01	10	11750	买盘
14:52:03	11.74	-0.01	6	7044	卖盘
14:51:57	11.75	0.01	95	111625	买盘
14:51:54	11.74	--	110	129140	卖盘
14:51:48	11.74	--	110	129140	卖盘
14:51:39	11.74	--	16	18784	卖盘
14:51:30	11.74	-0.01	9	10566	卖盘
14:51:27	11.75	--	50	58750	买盘
14:51:24	11.75	--	7	8225	买盘
14:51:15	11.75	0.01	225	264375	买盘
14:51:12	11.74	-0.01	40	46960	卖盘
14:51:09	11.75	0.01	10	11750	买盘
14:50:57	11.74	--	1	1174	卖盘
14:50:51	11.74	--	1	1174	卖盘
14:50:45	11.74	-0.01	67	78658	卖盘
14:50:30	11.75	--	5	5875	买盘
14:50:21	11.75	--	13	15275	买盘
14:50:12	11.75	--	225	264375	卖盘
14:50:09	11.75	--	5	5875	卖盘
14:50:06	11.75	--	15	17625	卖盘
14:50:03	11.75	--	290	340750	卖盘
14:49:57	11.75	--	10	11750	卖盘
14:49:48	11.75	--	1	1175	卖盘
14:49:45	11.75	--	1	1175	卖盘
14:49:42	11.75	--	6	7050	卖盘
14:49:39	11.75	--	10	11750	卖盘
14:49:30	11.75	--	21	24675	卖盘
14:49:27	11.75	--	131	153925	买盘
14:49:24	11.75	--	10	11750	买盘
14:49:18	11.75	0.01	1	1175	买盘
14:49:15	11.74	-0.01	1	1174	卖盘
14:49:09	11.75	0.01	238	279650	买盘
14:49:06	11.74	--	1	1174	卖盘
14:48:51	11.74	-0.01	47	55178	卖盘
14:48:48	11.75	0.01	10	11750	买盘
14:48:42	11.74	-0.01	3	3522	卖盘
14:48:39	11.75	0.01	50	58750	买盘
14:48:36	11.74	-0.01	10	11740	卖盘
14:48:30	11.75	--	20	23500	买盘
14:48:27	11.75	--	10	11750	买盘
14:48:21	11.75	--	18	21150	买盘
14:47:57	11.75	0.01	14	16450	买盘
14:47:51	11.74	--	3	3522	卖盘
14:47:42	11.74	-0.01	8	9392	中性盘
14:47:36	11.75	0.02	4	4700	买盘
14:47:33	11.73	-0.01	3	3519	卖盘
14:47:30	11.74	--	8	9392	买盘
14:47:27	11.74	-0.01	12	14088	卖盘
14:47:18	11.75	--	6	7050	买盘
14:47:09	11.75	0.01	17	19975	买盘
14:47:06	11.74	--	8	9392	买盘
14:46:51	11.74	--	75	88050	卖盘
14:46:48	11.74	--	50	58700	卖盘
14:46:45	11.74	--	5	5870	卖盘
14:46:39	11.74	--	9	10566	卖盘
14:46:33	11.74	--	2	2348	卖盘
14:46:27	11.74	--	23	27002	卖盘
14:46:18	11.74	0.01	136	159664	买盘
14:46:12	11.73	-0.01	30	35190	卖盘
14:46:09	11.74	--	30	35220	买盘
14:46:06	11.74	--	10	11740	买盘
14:46:03	11.74	0.01	101	118574	买盘
14:46:00	11.73	-0.01	10	11730	卖盘
14:45:51	11.74	0.01	57	66918	买盘
14:45:48	11.73	-0.01	11	12903	卖盘
14:45:42	11.74	--	27	31698	买盘
14:45:39	11.74	--	19	22306	买盘
14:45:33	11.74	-0.01	84	98616	卖盘
14:45:30	11.75	0.01	16	18800	买盘
14:45:24	11.74	-0.01	21	24654	卖盘
14:45:21	11.75	0.01	38	44650	买盘
14:45:18	11.74	-0.01	100	117400	卖盘
14:45:12	11.75	0.01	5	5875	买盘
14:45:09	11.74	--	12	14088	卖盘
14:45:03	11.74	--	2	2348	卖盘
14:44:51	11.74	--	12	14088	买盘
14:44:45	11.74	--	39	45786	买盘
14:44:42	11.74	--	7	8218	买盘
14:44:39	11.74	--	200	234800	买盘
14:44:33	11.74	--	43	50482	买盘
14:44:30	11.74	--	20	23480	买盘
14:44:24	11.74	0.01	2	2348	买盘
14:44:21	11.73	-0.01	21	24633	卖盘
14:44:09	11.74	--	3	3522	买盘
14:44:03	11.74	0.01	11	12914	买盘
14:43:33	11.73	--	1	1173	卖盘
14:43:27	11.73	-0.01	15	17595	卖盘
14:43:24	11.74	--	15	17610	买盘
14:43:18	11.74	--	1	1174	买盘
14:43:12	11.74	--	52	61048	卖盘
14:43:06	11.74	--	5	5870	卖盘
14:43:03	11.74	--	10	11740	卖盘
14:43:00	11.74	--	4	4696	买盘
14:42:57	11.74	--	5	5870	买盘
14:42:48	11.74	-0.01	31	36394	卖盘
14:42:42	11.75	0.01	70	82250	买盘
14:42:39	11.74	--	5	5870	卖盘
14:42:36	11.74	--	30	35220	卖盘
14:42:33	11.74	--	8	9392	卖盘
14:42:27	11.74	-0.01	6	7044	卖盘
14:42:21	11.75	0.01	6	7050	买盘
14:42:18	11.74	--	10	11740	卖盘
14:42:12	11.74	--	30	35220	卖盘
14:42:09	11.74	--	20	23480	卖盘
14:42:03	11.74	-0.01	1	1174	卖盘
14:41:48	11.75	--	25	29375	买盘
14:41:45	11.75	--	21	24675	卖盘
14:41:42	11.75	--	10	11750	卖盘
14:41:36	11.75	--	30	35250	卖盘
14:41:30	11.75	-0.01	2	2350	卖盘
14:41:24	11.76	--	8	9408	买盘
14:41:18	11.76	0.01	5	5880	买盘
14:41:12	11.75	--	4	4700	卖盘
14:41:03	11.75	-0.01	6	7050	卖盘
14:41:00	11.76	0.01	53	62328	买盘
14:40:48	11.75	-0.01	9	10575	卖盘
14:40:45	11.76	0.01	17	19992	买盘
14:40:42	11.75	-0.01	2	2350	卖盘
14:40:39	11.76	--	173	203448	买盘
14:40:24	11.76	0.01	10	11760	买盘
14:40:21	11.75	-0.01	52	61100	卖盘
14:40:18	11.76	0.01	21	24696	买盘
14:40:09	11.75	--	5	5875	卖盘
14:40:03	11.75	--	119	139825	卖盘
14:39:54	11.75	-0.01	79	92825	卖盘
14:39:51	11.76	--	20	23520	买盘
14:39:48	11.76	--	20	23520	买盘
14:39:42	11.76	--	10	11760	买盘
14:39:36	11.76	--	30	35280	买盘
14:39:09	11.76	--	5	5880	买盘
14:39:03	11.76	--	24	28224	买盘
14:39:00	11.76	--	11	14006	卖盘
14:38:57	11.76	--	9	10584	卖盘
14:38:51	11.76	--	6	7056	卖盘
14:38:42	11.76	--	11	12936	卖盘
14:38:36	11.76	-0.01	28	32928	卖盘
14:38:30	11.77	0.01	8	9416	买盘
14:38:24	11.76	--	34	39984	卖盘
14:38:12	11.76	--	12	14112	卖盘
14:38:03	11.76	--	32	37632	卖盘
14:37:57	11.76	--	6	7056	卖盘
14:37:51	11.76	--	4	4704	卖盘
14:37:48	11.76	--	41	48216	卖盘
14:37:39	11.76	--	5	5880	卖盘
14:37:36	11.76	--	3	3528	卖盘
14:37:33	11.76	--	27	31752	卖盘
14:37:30	11.76	--	75	88200	卖盘
14:37:27	11.76	--	5	5880	卖盘
14:37:21	11.76	--	50	58800	卖盘
14:37:18	11.76	--	66	77616	卖盘
14:37:15	11.76	--	5	5880	卖盘
14:37:09	11.76	--	73	85848	卖盘
14:37:03	11.76	--	20	23520	卖盘
14:37:00	11.76	-0.01	3	3528	卖盘
14:36:51	11.77	--	3	3531	买盘
14:36:24	11.77	-0.01	63	74974	卖盘
14:36:21	11.78	0.01	86	101308	买盘
14:36:18	11.77	--	10	11770	卖盘
14:36:15	11.77	--	100	117700	卖盘
14:36:12	11.77	--	5	5885	卖盘
14:36:09	11.77	--	11	12947	卖盘
14:36:06	11.77	--	23	27071	卖盘
14:36:03	11.77	--	38	44726	卖盘
14:36:00	11.77	--	115	135355	卖盘
14:35:51	11.77	--	10	11770	卖盘
14:35:42	11.77	--	19	22363	卖盘
14:35:39	11.77	--	3	3531	卖盘
14:35:36	11.77	--	60	70620	卖盘
14:35:33	11.77	--	10	11770	卖盘
14:35:30	11.77	--	12	14124	卖盘
14:35:27	11.77	-0.01	2	2707	卖盘
14:35:21	11.78	0.01	40	47120	买盘
14:35:15	11.77	-0.01	2	2354	卖盘
14:35:09	11.78	0.01	20	23560	买盘
14:35:06	11.77	--	1	1177	卖盘
14:35:03	11.77	-0.01	4	4708	卖盘
14:35:00	11.78	0.01	17	20026	买盘
14:34:57	11.77	-0.01	10	11770	卖盘
14:34:51	11.78	0.01	3	3534	买盘
14:34:48	11.77	--	10	11770	卖盘
14:34:36	11.77	--	23	27071	卖盘
14:34:33	11.77	--	4	4708	卖盘
14:34:30	11.77	-0.01	5	5885	卖盘
14:34:27	11.78	0.01	161	189658	买盘
14:34:18	11.77	-0.01	20	23540	卖盘
14:34:15	11.78	--	2	2356	买盘
14:34:12	11.78	0.01	10	11780	买盘
14:34:09	11.77	--	9	10593	卖盘
14:34:06	11.77	--	55	64735	卖盘
14:34:03	11.77	--	22	25894	卖盘
14:34:00	11.77	--	10	11770	卖盘
14:33:57	11.77	-0.01	13	15301	卖盘
14:33:54	11.78	--	10	11780	买盘
14:33:48	11.78	--	10	11780	买盘
14:33:42	11.78	0.01	4	4712	买盘
14:33:36	11.77	-0.01	7	8239	卖盘
14:33:33	11.78	0.01	18	21204	买盘
14:33:30	11.77	-0.01	10	11770	卖盘
14:33:24	11.78	0.01	64	75392	买盘
14:33:21	11.77	--	3	3531	卖盘
14:33:15	11.77	-0.01	47	55319	卖盘
14:33:09	11.78	0.01	20	23560	买盘
14:33:06	11.77	--	5	5885	卖盘
14:33:03	11.77	--	28	32956	卖盘
14:32:57	11.77	--	11	12947	卖盘
14:32:54	11.77	--	28	32956	卖盘
14:32:48	11.77	-0.01	26	30602	卖盘
14:32:45	11.78	0.01	55	64790	买盘
14:32:42	11.77	--	25	29425	卖盘
14:32:39	11.77	0.01	149	175373	中性盘
14:32:33	11.76	-0.01	69	81144	卖盘
14:32:30	11.77	0.01	449	528578	买盘
14:32:27	11.76	--	1	1176	卖盘
14:32:24	11.76	--	25	29400	卖盘
14:32:18	11.76	-0.01	10	11760	卖盘
14:32:15	11.77	--	5	5885	买盘
14:32:00	11.77	--	70	82390	买盘
14:31:57	11.77	--	10	11770	买盘
14:31:54	11.77	--	43	50611	买盘
14:31:51	11.77	--	8	9416	买盘
14:31:45	11.77	--	25	29425	买盘
14:31:36	11.77	--	2	2354	买盘
14:31:33	11.77	0.01	8	9416	买盘
14:31:30	11.76	-0.01	10	11760	卖盘
14:31:27	11.77	--	12	14124	买盘
14:31:24	11.77	--	6	7062	买盘
14:31:21	11.77	0.01	2	2354	买盘
14:31:18	11.76	--	6	7056	卖盘
14:31:12	11.76	-0.01	3	3528	卖盘
14:31:06	11.77	--	20	23540	买盘
14:31:00	11.77	0.01	2	2354	买盘
14:30:57	11.76	-0.01	5	5880	卖盘
14:30:36	11.77	0.01	23	27071	买盘
14:30:30	11.76	--	14	16464	卖盘
14:30:18	11.76	--	8	9408	买盘
14:30:09	11.76	--	7	8232	买盘
14:30:00	11.76	0.01	5	5880	买盘
14:29:57	11.75	-0.01	392	460600	卖盘
14:29:54	11.76	-0.01	10	11760	卖盘
14:29:48	11.77	--	14	16478	买盘
14:29:45	11.77	0.01	6	7062	买盘
14:29:42	11.76	-0.01	20	23520	卖盘
14:29:33	11.77	0.01	5	5885	买盘
14:29:30	11.76	-0.01	13	15288	卖盘
14:29:24	11.77	0.01	2	2354	买盘
14:29:21	11.76	--	30	35280	卖盘
14:29:18	11.76	0.02	244	286944	买盘
14:29:15	11.74	--	20	23480	卖盘
14:29:12	11.74	-0.01	366	429684	卖盘
14:29:03	11.75	--	18	21150	卖盘
14:28:51	11.75	--	73	85775	买盘
14:28:48	11.75	--	16	18800	买盘
14:28:42	11.75	-0.01	66	77550	卖盘
14:28:39	11.76	0.01	6	7056	买盘
14:28:36	11.75	--	206	242050	卖盘
14:28:33	11.75	--	8	9400	卖盘
14:28:30	11.75	-0.01	4	4700	卖盘
14:28:27	11.76	0.01	3	3528	买盘
14:28:21	11.75	--	13	15275	卖盘
14:28:06	11.75	-0.01	16	18800	卖盘
14:28:03	11.76	0.01	19	22344	买盘
14:28:00	11.75	-0.01	35	41125	卖盘
14:27:42	11.76	0.01	42	49392	买盘
14:27:36	11.75	-0.01	1	1175	卖盘
14:27:30	11.76	0.01	50	58800	买盘
14:27:27	11.75	-0.01	10	11750	卖盘
14:27:21	11.76	--	30	35280	买盘
14:27:18	11.76	0.01	11	12936	买盘
14:27:15	11.75	--	19	22325	卖盘
14:27:12	11.75	--	10	11750	卖盘
14:27:09	11.75	-0.01	53	62275	买盘
14:27:03	11.76	0.01	100	117600	买盘
14:26:57	11.75	--	3	3525	买盘
14:26:51	11.75	0.01	6	7050	买盘
14:26:45	11.74	-0.01	2	2348	卖盘
14:26:39	11.75	--	10	11750	买盘
14:26:24	11.75	--	8	9400	买盘
14:26:15	11.75	--	15	17625	买盘
14:26:12	11.75	--	12	14100	买盘
14:26:03	11.75	--	5	5875	买盘
14:25:51	11.75	-0.01	38	44650	卖盘
14:25:42	11.76	0.01	15	17640	买盘
14:25:39	11.75	--	47	55225	卖盘
14:25:33	11.75	--	148	173900	买盘
14:25:21	11.75	--	30	35250	买盘
14:25:15	11.75	--	52	61100	卖盘
14:25:03	11.75	--	217	254975	卖盘
14:24:57	11.75	--	15	17625	卖盘
14:24:51	11.75	--	2	2350	卖盘
14:24:48	11.75	-0.01	20	23500	卖盘
14:24:45	11.76	0.01	13	15288	买盘
14:24:36	11.75	-0.01	25	29375	卖盘
14:24:33	11.76	0.01	13	15288	买盘
14:24:30	11.75	--	60	70500	卖盘
14:24:27	11.75	--	10	11750	卖盘
14:24:15	11.75	--	6	7050	卖盘
14:24:12	11.75	-0.01	50	58750	卖盘
14:24:09	11.76	0.01	5	5880	买盘
14:24:06	11.75	--	10	11750	卖盘
14:23:57	11.75	--	8	9400	卖盘
14:23:51	11.75	-0.01	21	24675	卖盘
14:23:48	11.76	--	61	71736	卖盘
14:23:45	11.76	--	20	23520	卖盘
14:23:42	11.76	--	233	274008	买盘
14:23:39	11.76	0.01	10	11760	买盘
14:23:36	11.75	-0.01	171	200925	卖盘
14:23:33	11.76	0.01	5	5880	买盘
14:23:30	11.75	-0.01	50	58750	卖盘
14:23:24	11.76	--	14	16464	买盘
14:23:21	11.76	--	60	70560	买盘
14:23:18	11.76	0.01	5	5880	买盘
14:23:12	11.75	-0.01	2	2350	卖盘
14:23:09	11.76	--	10	11760	买盘
14:23:03	11.76	--	10	11760	买盘
14:23:00	11.76	--	5	5880	买盘
14:22:54	11.76	--	15	17640	买盘
14:22:48	11.76	--	31	36456	买盘
14:22:45	11.76	--	13	15288	买盘
14:22:39	11.76	0.01	5	5880	中性盘
14:22:30	11.75	-0.01	46	54050	卖盘
14:22:27	11.76	--	8	9408	卖盘
14:22:24	11.76	--	284	333984	卖盘
14:22:21	11.76	--	14	16464	卖盘
14:22:18	11.76	--	15	17640	卖盘
14:22:09	11.76	--	5	5880	卖盘
14:22:00	11.76	-0.01	6	7056	卖盘
14:21:57	11.77	--	5	5885	买盘
14:21:54	11.77	--	19	22363	买盘
14:21:45	11.77	0.01	80	94160	买盘
14:21:42	11.76	-0.01	15	17640	卖盘
14:21:36	11.77	--	3	3531	买盘
14:21:33	11.77	--	21	24717	买盘
14:21:27	11.77	0.02	20	23540	买盘
14:21:24	11.75	-0.01	97	113975	卖盘
14:21:21	11.76	--	10	11760	卖盘
14:21:18	11.76	--	9	10584	卖盘
14:21:15	11.76	--	14	16464	买盘
14:21:12	11.76	--	6	7056	卖盘
14:21:09	11.76	0.01	9	10584	买盘
14:21:03	11.75	-0.01	2	2350	卖盘
14:21:00	11.76	0.01	76	89376	买盘
14:20:57	11.75	-0.01	2	2350	卖盘
14:20:51	11.76	0.01	100	117600	买盘
14:20:45	11.75	-0.01	7	8225	卖盘
14:20:42	11.76	0.01	32	37632	买盘
14:20:36	11.75	--	27	31725	卖盘
14:20:30	11.75	-0.01	50	58750	卖盘
14:20:21	11.76	--	26	30576	买盘
14:20:18	11.76	0.01	20	23520	买盘
14:20:15	11.75	-0.01	87	102225	卖盘
14:20:06	11.76	--	5	5880	买盘
14:20:03	11.76	--	3	3528	卖盘
14:20:00	11.76	0.01	7	8232	中性盘
14:19:57	11.75	-0.01	459	539325	卖盘
14:19:54	11.76	--	10	11760	卖盘
14:19:48	11.76	-0.01	30	35280	卖盘
14:19:45	11.77	0.01	17	20009	买盘
14:19:42	11.76	--	19	22344	卖盘
14:19:39	11.76	--	10	11760	卖盘
14:19:36	11.76	--	29	34104	卖盘
14:19:33	11.76	--	10	11760	卖盘
14:19:30	11.76	--	15	17640	卖盘
14:19:27	11.76	--	10	11760	卖盘
14:19:24	11.76	0.01	117	137592	买盘
14:19:21	11.75	--	50	58750	卖盘
14:19:18	11.75	-0.01	168	197400	卖盘
14:19:15	11.76	--	50	58800	卖盘
14:19:12	11.76	0.01	18	21168	买盘
14:19:09	11.75	-0.01	40	47000	卖盘
14:19:06	11.76	-0.01	10	11760	中性盘
14:18:57	11.77	0.01	25	29425	买盘
14:18:54	11.76	--	200	235200	卖盘
14:18:51	11.76	--	5	5880	买盘
14:18:48	11.76	--	27	31752	卖盘
14:18:45	11.76	-0.01	10	11760	卖盘
14:18:42	11.77	0.01	40	47080	买盘
14:18:36	11.76	--	7	8232	卖盘
14:18:27	11.76	--	177	208152	买盘
14:18:24	11.76	0.01	26	30576	买盘
14:18:18	11.75	-0.01	20	23500	卖盘
14:18:15	11.76	0.01	3	3528	买盘
14:18:06	11.75	-0.01	32	37600	卖盘
14:18:03	11.76	0.02	5	5880	中性盘
14:17:51	11.74	-0.03	13	15262	卖盘
14:17:48	11.77	0.03	500	588500	买盘
14:17:45	11.74	--	5	5870	卖盘
14:17:42	11.74	-0.01	9	10566	卖盘
14:17:36	11.75	--	3	3525	买盘
14:17:30	11.75	--	30	35250	买盘
14:17:27	11.75	--	5	5875	买盘
14:17:21	11.75	-0.01	26	30550	卖盘
14:17:18	11.76	0.01	33	38808	买盘
14:17:15	11.75	--	38	44650	卖盘
14:17:09	11.75	0.02	15	17625	卖盘
14:17:06	11.73	-0.02	50	58650	卖盘
14:17:03	11.75	--	13	15275	买盘
14:17:00	11.75	-0.01	88	103400	卖盘
14:16:57	11.76	0.01	34	39984	买盘
14:16:54	11.75	-0.01	52	61100	卖盘
14:16:51	11.76	--	21	24696	买盘
14:16:48	11.76	0.01	10	11760	买盘
14:16:45	11.75	--	4	4700	卖盘
14:16:42	11.75	--	6	7050	卖盘
14:16:39	11.75	--	2	2350	卖盘
14:16:36	11.75	--	15	17625	卖盘
14:16:33	11.75	--	20	23500	卖盘
14:16:30	11.75	0.02	113	132775	买盘
14:16:24	11.73	--	9	10557	卖盘
14:16:21	11.73	-0.01	310	363630	卖盘
14:16:18	11.74	-0.01	15	17610	卖盘
14:16:15	11.75	--	3	3525	买盘
14:16:09	11.75	--	84	98700	买盘
14:16:06	11.75	--	45	52875	买盘
14:16:00	11.75	0.01	68	79900	买盘
14:15:57	11.74	--	52	61048	买盘
14:15:51	11.74	-0.01	114	133836	卖盘
14:15:48	11.75	--	42	49350	买盘
14:15:45	11.75	0.01	105	123375	买盘
14:15:39	11.74	--	10	11740	卖盘
14:15:36	11.74	-0.01	17	19958	卖盘
14:15:33	11.75	0.01	88	103400	买盘
14:15:27	11.74	-0.01	10	11740	卖盘
14:15:24	11.75	--	1	1175	买盘
14:15:21	11.75	0.01	30	35250	买盘
14:15:12	11.74	-0.01	2	2348	买盘
14:15:09	11.75	--	31	36425	卖盘
14:15:03	11.75	--	93	109275	买盘
14:15:00	11.75	--	281	330175	买盘
14:14:57	11.75	--	63	74025	买盘
14:14:54	11.75	--	167	196225	买盘
14:14:51	11.75	--	26	30550	买盘
14:14:48	11.75	--	252	296100	买盘
14:14:45	11.75	--	51	59925	买盘
14:14:42	11.75	--	72	84600	买盘
14:14:39	11.75	--	157	184475	买盘
14:14:36	11.75	--	51	59925	买盘
14:14:33	11.75	--	100	117500	买盘
14:14:27	11.75	0.02	1084	1273700	买盘
14:14:24	11.73	--	35	41055	买盘
14:14:21	11.73	0.01	32	37536	买盘
14:14:18	11.72	-0.01	23	26956	卖盘
14:14:15	11.73	--	140	164220	买盘
14:14:12	11.73	0.01	72	84456	买盘
14:14:09	11.72	0.01	363	426584	买盘
14:14:06	11.71	-0.01	300	351300	卖盘
14:14:03	11.72	0.01	59	69148	买盘
14:13:54	11.71	--	48	56208	买盘
14:13:51	11.71	--	442	517582	买盘
14:13:48	11.71	--	22	25762	买盘
14:13:45	11.71	--	18	21078	买盘
14:13:36	11.71	--	10	11710	买盘
14:13:33	11.71	--	83	97193	买盘
14:13:30	11.71	--	3	3513	买盘
14:13:27	11.71	--	12	14052	买盘
14:13:24	11.71	0.01	7	8197	买盘
14:13:18	11.7	-0.01	31	36270	卖盘
14:13:15	11.71	--	55	64405	买盘
14:13:12	11.71	0.01	30	35130	买盘
14:13:09	11.7	-0.01	10	11700	卖盘
14:13:06	11.71	0.01	20	23420	买盘
14:13:03	11.7	--	11	12870	卖盘
14:12:57	11.7	0.01	235	275815	买盘
14:12:54	11.69	-0.01	24	28056	卖盘
14:12:51	11.7	--	12	14040	买盘
14:12:48	11.7	--	10	11700	买盘
14:12:45	11.7	--	1	1170	买盘
14:12:42	11.7	0.01	25	29250	买盘
14:12:39	11.69	--	30	35070	卖盘
14:12:33	11.69	-0.01	1	1169	卖盘
14:12:27	11.7	--	10	11700	买盘
14:12:24	11.7	--	10	11700	买盘
14:12:18	11.7	--	44	51480	买盘
14:12:12	11.7	--	9	10530	买盘
14:12:06	11.7	--	10	11700	买盘
14:12:03	11.7	--	87	101790	买盘
14:12:00	11.7	--	10	11700	买盘
14:11:57	11.7	--	12	14040	买盘
14:11:54	11.7	-0.01	7	8494	卖盘
14:11:51	11.71	0.01	30	35130	买盘
14:11:48	11.7	--	5	5850	卖盘
14:11:45	11.7	--	30	35100	卖盘
14:11:42	11.7	--	39	46495	买盘
14:11:33	11.7	--	25	29250	买盘
14:11:09	11.7	--	15	17550	买盘
14:11:03	11.7	--	5	5850	买盘
14:10:51	11.7	--	9	10530	买盘
14:10:42	11.7	--	27	31589	买盘
14:10:39	11.7	--	14	16379	买盘
14:10:36	11.7	0.01	16	18720	买盘
14:10:30	11.69	0.01	3	3507	中性盘
14:10:24	11.68	-0.02	4	4672	卖盘
14:10:21	11.7	--	37	43290	买盘
14:10:18	11.7	--	18	21060	买盘
14:10:09	11.7	0.02	11	12870	买盘
14:10:00	11.68	-0.02	50	58400	卖盘
14:09:51	11.7	0.01	300	351000	买盘
14:09:42	11.69	--	2	2338	卖盘
14:09:36	11.69	--	8	9352	买盘
14:09:24	11.69	--	37	43253	买盘
14:09:21	11.69	0.01	20	23380	买盘
14:09:15	11.68	-0.01	1	1168	卖盘
14:09:03	11.69	--	10	11690	买盘
14:09:00	11.69	--	15	17535	买盘
14:08:45	11.69	-0.01	20	23380	卖盘
14:08:33	11.7	--	6	7020	买盘
14:08:30	11.7	--	13	15736	卖盘
14:08:27	11.7	-0.01	8	9360	卖盘
14:08:24	11.71	0.01	351	411021	买盘
14:08:15	11.7	--	2	2340	卖盘
14:08:09	11.7	--	12	14040	卖盘
14:08:03	11.7	--	8	9360	卖盘
14:08:00	11.7	--	9	10530	卖盘
14:07:54	11.7	0.01	669	783373	买盘
14:07:51	11.69	--	10	11690	买盘
14:07:45	11.69	--	0	526	卖盘
14:07:33	11.69	--	17	19873	卖盘
14:07:27	11.69	-0.01	30	35070	卖盘
14:07:18	11.7	--	23	26910	买盘
14:07:15	11.7	0.01	5	5850	买盘
14:07:12	11.69	--	16	18704	卖盘
14:07:00	11.69	--	12	14028	卖盘
14:06:54	11.69	--	7	8183	卖盘
14:06:45	11.69	--	5	5845	卖盘
14:06:42	11.69	--	27	32205	买盘
14:06:30	11.69	--	71	83525	卖盘
14:06:21	11.69	-0.01	30	35070	卖盘
14:06:12	11.7	0.01	39	45630	买盘
14:05:48	11.69	--	10	11690	卖盘
14:05:45	11.69	-0.01	10	11690	卖盘
14:05:42	11.7	--	2	2340	买盘
14:05:21	11.7	--	29	33930	买盘
14:05:18	11.7	0.01	4	4680	买盘
14:05:15	11.69	0.02	115	135077	买盘
14:04:42	11.67	-0.02	406	474327	卖盘
14:04:39	11.69	--	13	15839	买盘
14:04:36	11.69	-0.01	7	8183	卖盘
14:04:33	11.7	0.01	25	29250	买盘
14:04:30	11.69	--	2	2338	买盘
14:04:27	11.69	--	5	5845	卖盘
14:04:06	11.69	0.01	12	14028	买盘
14:03:48	11.68	-0.01	4	4672	卖盘
14:03:45	11.69	--	6	7014	买盘
14:03:42	11.69	--	50	58450	买盘
14:03:15	11.69	0.01	19	22211	买盘
14:03:03	11.68	--	2	2336	卖盘
14:03:00	11.68	-0.01	3	3504	卖盘
14:02:48	11.69	--	3	3507	买盘
14:02:24	11.69	--	18	21042	买盘
14:02:21	11.69	--	15	17535	买盘
14:02:18	11.69	--	18	21042	买盘
14:02:15	11.69	--	26	30394	买盘
14:02:09	11.69	0.01	10	11690	买盘
14:01:54	11.68	-0.01	4	4672	卖盘
14:01:36	11.69	--	10	11690	买盘
14:01:24	11.69	--	5	5845	买盘
14:01:21	11.69	--	16	18704	买盘
14:01:15	11.69	--	29	33901	买盘
14:01:09	11.69	--	48	56112	卖盘
14:01:06	11.69	-0.01	11	12859	卖盘
14:00:54	11.7	--	1	1170	买盘
14:00:51	11.7	--	10	11700	买盘
14:00:42	11.7	--	1	1170	买盘
14:00:36	11.7	--	5	5850	买盘
14:00:21	11.7	0.01	62	72540	买盘
14:00:00	11.69	0.01	273	319137	买盘
13:59:27	11.68	--	10	11680	卖盘
13:58:51	11.68	--	74	86432	买盘
13:58:42	11.68	--	18	21024	买盘
13:58:30	11.68	--	15	17520	买盘
13:58:24	11.68	--	6	7008	买盘
13:58:00	11.68	0.01	8	9344	买盘
13:57:54	11.67	-0.01	2	2334	卖盘
13:57:45	11.68	--	3	3504	买盘
13:57:42	11.68	--	9	10512	买盘
13:57:39	11.68	--	13	15184	买盘
13:57:33	11.68	0.01	46	53728	买盘
13:56:48	11.67	--	18	21006	卖盘
13:56:30	11.67	-0.01	10	11670	卖盘
13:55:36	11.68	--	12	14016	买盘
13:55:33	11.68	-0.01	14	16352	卖盘
13:55:21	11.69	--	21	24549	买盘
13:55:03	11.69	0.01	25	29225	买盘
13:54:54	11.68	-0.01	1	1168	卖盘
13:54:51	11.69	--	16	18704	买盘
13:54:42	11.69	0.01	10	11690	买盘
13:54:39	11.68	-0.01	25	29200	卖盘
13:54:36	11.69	--	24	28056	买盘
13:54:33	11.69	--	5	5845	买盘
13:54:24	11.69	--	20	23380	买盘
13:54:15	11.69	0.01	6	7014	买盘
13:54:09	11.68	--	4	4672	卖盘
13:54:06	11.68	--	2	2336	卖盘
13:53:48	11.68	--	27	31536	买盘
13:53:30	11.68	0.01	100	116800	买盘
13:53:18	11.67	-0.01	49	57183	卖盘
13:53:06	11.68	--	22	25696	买盘
13:53:00	11.68	0.01	20	23360	买盘
13:52:57	11.67	--	2	2334	卖盘
13:52:42	11.67	--	20	23340	卖盘
13:52:30	11.67	--	20	23340	卖盘
13:52:06	11.67	--	6	7002	买盘
13:51:57	11.67	--	10	11670	买盘
13:51:54	11.67	--	7	8169	买盘
13:51:51	11.67	--	17	19839	买盘
13:51:48	11.67	--	5	5835	买盘
13:51:45	11.67	--	10	11670	买盘
13:51:42	11.67	--	11	12837	买盘
13:51:27	11.67	--	23	26841	买盘
13:51:24	11.67	--	18	21006	买盘
13:51:21	11.67	--	1	1167	买盘
13:51:12	11.67	--	14	16338	买盘
13:51:06	11.67	0.01	1	1167	买盘
13:51:00	11.66	-0.01	15	17490	卖盘
13:50:57	11.67	--	1	1167	买盘
13:50:42	11.67	--	5	5835	买盘
13:50:36	11.67	0.01	10	11670	买盘
13:50:30	11.66	-0.01	10	11660	卖盘
13:50:24	11.67	0.01	15	17505	中性盘
13:50:00	11.66	--	3	3498	卖盘
13:49:42	11.66	--	7	8162	卖盘
13:49:24	11.66	-0.01	127	148898	卖盘
13:49:12	11.67	--	22	26117	买盘
13:48:51	11.67	-0.01	104	122091	卖盘
13:48:45	11.68	--	1	1168	买盘
13:48:24	11.68	--	16	18688	买盘
13:48:03	11.68	--	7	8176	买盘
13:47:54	11.68	--	33	38544	买盘
13:47:51	11.68	--	3	3504	买盘
13:47:36	11.68	0.01	168	196224	买盘
13:47:27	11.67	--	10	11670	卖盘
13:47:00	11.67	-0.01	5	5835	卖盘
13:46:39	11.68	0.01	10	11680	买盘
13:46:33	11.67	--	4	4668	卖盘
13:46:12	11.67	-0.01	2	2334	卖盘
13:46:03	11.68	--	39	45552	买盘
13:45:45	11.68	--	6	7008	买盘
13:45:42	11.68	--	6	7008	买盘
13:45:21	11.68	0.01	8	9344	买盘
13:45:12	11.67	0.01	19	22173	卖盘
13:45:09	11.66	-0.02	100	116600	卖盘
13:45:06	11.68	0.01	1	1168	买盘
13:45:03	11.67	0.01	4	4668	买盘
13:44:39	11.66	0.01	7	8605	买盘
13:44:36	11.65	-0.01	2	2330	卖盘
13:44:24	11.66	--	5	5830	买盘
13:44:09	11.66	--	6	6996	买盘
13:44:06	11.66	--	100	116600	买盘
13:44:03	11.66	--	41	47806	买盘
13:43:48	11.66	-0.01	245	285670	卖盘
13:43:30	11.67	-0.01	21	24507	卖盘
13:43:24	11.68	0.01	7	8176	买盘
13:43:15	11.67	--	7	8169	买盘
13:42:51	11.67	0.01	3	3501	中性盘
13:42:39	11.66	-0.02	1	1166	卖盘
13:42:33	11.68	--	5	5840	买盘
13:42:18	11.68	--	18	21024	买盘
13:41:57	11.68	--	16	18688	买盘
13:41:48	11.68	-0.01	1	1168	卖盘
13:41:21	11.69	0.03	3	3507	买盘
13:40:51	11.66	-0.03	209	243694	卖盘
13:40:45	11.69	--	16	18704	买盘
13:40:33	11.69	--	14	16366	买盘
13:40:21	11.69	0.01	9	10521	买盘
13:40:18	11.68	--	31	36208	卖盘
13:40:15	11.68	--	35	40880	卖盘
13:40:00	11.68	0.01	61	71248	买盘
13:39:57	11.67	-0.01	5	5835	卖盘
13:39:42	11.68	0.01	39	45552	买盘
13:39:30	11.67	-0.01	30	35010	卖盘
13:39:27	11.68	--	6	7008	买盘
13:39:24	11.68	--	24	28032	买盘
13:39:21	11.68	--	69	80592	买盘
13:38:57	11.68	--	3	3504	买盘
13:38:54	11.68	--	20	23360	买盘
13:38:33	11.68	--	23	26864	买盘
13:38:30	11.68	--	26	30368	卖盘
13:38:27	11.68	--	30	35040	卖盘
13:38:00	11.68	0.01	24	28032	买盘
13:37:39	11.67	-0.01	3	3501	中性盘
13:37:24	11.68	--	5	5840	买盘
13:37:18	11.68	--	18	21024	买盘
13:36:45	11.68	--	2	2336	卖盘
13:36:42	11.68	--	50	58400	卖盘
13:36:27	11.68	--	32	37376	卖盘
13:36:00	11.68	-0.01	5	5840	卖盘
13:35:42	11.69	--	10	11690	买盘
13:35:36	11.69	--	16	18704	买盘
13:35:33	11.69	0.01	5	5845	买盘
13:35:27	11.68	--	7	8176	买盘
13:35:24	11.68	--	10	11680	买盘
13:35:21	11.68	0.02	29	33872	买盘
13:35:15	11.66	0.01	1	1166	中性盘
13:34:42	11.65	--	15	17475	买盘
13:34:39	11.65	--	20	23300	买盘
13:34:21	11.65	--	49	57085	买盘
13:34:18	11.65	-0.03	216	251640	卖盘
13:34:00	11.68	--	12	14016	卖盘
13:33:39	11.68	-0.01	13	15184	卖盘
13:33:24	11.69	--	4	4676	卖盘
13:33:03	11.69	--	17	19873	买盘
13:32:54	11.69	--	82	95858	买盘
13:32:45	11.69	--	6	7014	买盘
13:32:27	11.69	0.01	15	17535	买盘
13:31:42	11.68	--	10	11680	卖盘
13:31:39	11.68	--	33	38544	卖盘
13:31:36	11.68	--	20	23360	卖盘
13:31:27	11.68	-0.02	387	452016	卖盘
13:31:21	11.7	0.01	13	15209	买盘
13:31:09	11.69	--	111	129759	卖盘
13:31:06	11.69	--	8	9352	买盘
13:31:03	11.69	0.01	2	2338	中性盘
13:31:00	11.68	-0.01	694	810592	卖盘
13:30:57	11.69	-0.01	5	5845	卖盘
13:30:51	11.7	0.01	20	23400	买盘
13:30:48	11.69	-0.01	3	3507	卖盘
13:30:33	11.7	--	20	23400	买盘
13:30:21	11.7	--	13	15209	买盘
13:30:12	11.7	0.01	3	3510	买盘
13:30:06	11.69	-0.01	6	7014	卖盘
13:30:03	11.7	-0.01	3	3510	中性盘
13:29:36	11.71	0.01	96	112416	买盘
13:29:33	11.7	--	5	5850	卖盘
13:29:30	11.7	--	40	46800	卖盘
13:29:27	11.7	--	2	2340	卖盘
13:29:24	11.7	--	76	88920	卖盘
13:29:21	11.7	--	30	35100	卖盘
13:29:06	11.7	--	127	148590	买盘
13:29:00	11.7	--	16	18720	买盘
13:28:51	11.7	--	360	421200	买盘
13:28:48	11.7	--	22	25740	买盘
13:28:33	11.7	--	53	62009	买盘
13:28:30	11.7	--	64	74880	买盘
13:28:03	11.7	0.01	5	5850	买盘
13:28:00	11.69	--	1	1169	卖盘
13:27:57	11.69	--	5	5845	卖盘
13:27:42	11.69	--	18	21042	买盘
13:27:39	11.69	--	42	49098	买盘
13:27:36	11.69	--	88	102872	买盘
13:27:33	11.69	--	25	29225	买盘
13:27:30	11.69	--	9	10521	买盘
13:27:24	11.69	--	8	9352	买盘
13:27:21	11.69	--	5	5845	买盘
13:27:18	11.69	--	88	102872	买盘
13:27:12	11.69	0.01	5	5845	买盘
13:27:09	11.68	--	211	246448	买盘
13:27:06	11.68	--	1	1168	买盘
13:26:54	11.68	0.01	7	8176	买盘
13:26:39	11.67	--	2	2334	买盘
13:26:36	11.67	-0.01	18	21006	卖盘
13:26:30	11.68	0.01	51	59568	买盘
13:26:21	11.67	-0.01	10	11670	卖盘
13:26:18	11.68	--	1	1168	买盘
13:26:06	11.68	--	1	1168	买盘
13:26:03	11.68	0.01	5	5840	买盘
13:25:57	11.67	--	15	17505	买盘
13:25:51	11.67	--	39	45513	买盘
13:25:39	11.67	--	1	1167	买盘
13:25:36	11.67	--	14	16338	买盘
13:25:12	11.67	0.02	5	5835	买盘
13:24:57	11.65	-0.02	64	74560	卖盘
13:24:54	11.67	--	126	147042	买盘
13:24:12	11.67	0.01	2	2334	买盘
13:24:00	11.66	-0.01	1	1166	卖盘
13:23:51	11.67	0.01	21	24507	买盘
13:23:30	11.66	--	1	1166	卖盘
13:23:24	11.66	-0.01	10	11660	卖盘
13:23:21	11.67	0.01	20	23340	买盘
13:23:18	11.66	--	28	32648	买盘
13:22:51	11.66	--	5	5830	卖盘
13:22:36	11.66	--	30	34980	卖盘
13:22:30	11.66	--	10	11660	卖盘
13:22:27	11.66	--	69	80454	卖盘
13:22:12	11.66	--	5	5830	卖盘
13:21:12	11.66	--	5	5830	卖盘
13:21:06	11.66	--	1	1166	买盘
13:20:45	11.66	0.01	11	12826	买盘
13:20:36	11.65	--	14	16310	买盘
13:20:30	11.65	--	20	23300	买盘
13:20:21	11.65	--	12	13980	买盘
13:20:18	11.65	0.01	5	5825	买盘
13:20:12	11.64	--	40	46560	卖盘
13:19:57	11.64	-0.01	1	1164	卖盘
13:19:33	11.65	--	29	33785	卖盘
13:18:24	11.65	-0.01	1	1165	卖盘
13:18:15	11.66	--	1	1166	买盘
13:18:09	11.66	--	10	11660	买盘
13:17:54	11.66	0.01	20	23320	买盘
13:17:09	11.65	0.01	3	3495	买盘
13:16:33	11.64	0.01	7	8148	中性盘
13:16:18	11.63	--	6	6978	卖盘
13:16:12	11.63	--	29	33727	卖盘
13:16:06	11.63	--	9	10467	卖盘
13:16:00	11.63	--	8	9304	卖盘
13:15:57	11.63	-0.02	9	10467	卖盘
13:15:45	11.65	--	3	3495	买盘
13:15:42	11.65	--	67	78055	买盘
13:15:39	11.65	--	3	3495	买盘
13:15:21	11.65	0.01	15	17475	买盘
13:15:12	11.64	--	8	9312	买盘
13:14:42	11.64	--	18	20952	买盘
13:14:39	11.64	--	1	1164	买盘
13:14:09	11.64	--	6	6984	买盘
13:13:57	11.64	0.01	9	10476	买盘
13:13:54	11.63	-0.01	5	5815	卖盘
13:13:39	11.64	--	1	1164	买盘
13:12:39	11.64	0.01	5	5820	买盘
13:12:21	11.63	-0.01	5	5815	卖盘
13:12:18	11.64	--	18	20952	买盘
13:11:36	11.64	--	49	57036	卖盘
13:11:30	11.64	--	9	10476	卖盘
13:11:03	11.64	--	79	91956	买盘
13:10:57	11.64	--	2	2328	买盘
13:10:42	11.64	0.01	6	6984	买盘
13:10:24	11.63	--	5	5815	买盘
13:10:21	11.63	--	14	16282	买盘
13:10:06	11.63	--	2	2326	买盘
13:09:54	11.63	--	100	116300	买盘
13:09:48	11.63	--	53	61639	买盘
13:09:39	11.63	--	10	11630	买盘
13:09:36	11.63	--	16	18608	买盘
13:09:30	11.63	--	10	11630	买盘
13:09:18	11.63	0.01	102	118626	买盘
13:08:57	11.62	--	18	20916	卖盘
13:08:24	11.62	-0.01	100	116199	卖盘
13:08:21	11.63	--	2	2326	买盘
13:08:15	11.63	--	5	5815	买盘
13:08:09	11.63	--	5	5815	卖盘
13:07:36	11.63	0.01	10	11630	买盘
13:07:24	11.62	--	10	11620	买盘
13:07:18	11.62	--	28	32535	买盘
13:07:15	11.62	--	5	5810	买盘
13:07:06	11.62	0.01	1	1162	买盘
13:07:00	11.61	-0.01	108	125388	卖盘
13:06:30	11.62	--	28	32535	买盘
13:06:21	11.62	--	20	23240	买盘
13:06:15	11.62	--	20	23240	买盘
13:06:06	11.62	--	57	66234	买盘
13:05:54	11.62	--	12	13943	买盘
13:05:42	11.62	-0.01	61	70882	卖盘
13:05:36	11.63	--	11	12793	买盘
13:05:33	11.63	--	20	23260	买盘
13:05:21	11.63	0.02	14	16282	买盘
13:05:09	11.61	-0.02	109	126549	卖盘
13:04:45	11.63	0.01	10	11630	买盘
13:04:42	11.62	--	10	11620	卖盘
13:04:27	11.62	-0.01	8	9296	卖盘
13:03:57	11.63	0.01	1	1163	买盘
13:03:51	11.62	-0.01	3	3485	卖盘
13:03:45	11.63	--	5	5815	买盘
13:03:24	11.63	--	5	5815	买盘
13:03:12	11.63	--	2	2326	卖盘
13:03:09	11.63	--	14	16282	买盘
13:03:06	11.63	--	5	5815	买盘
13:03:03	11.63	--	1	1163	卖盘
13:03:00	11.63	--	9	10467	买盘
13:02:57	11.63	--	9	10467	买盘
13:02:48	11.63	--	3	3489	买盘
13:02:42	11.63	--	25	29075	卖盘
13:02:36	11.63	--	17	19771	卖盘
13:02:33	11.63	--	30	34890	卖盘
13:02:15	11.63	0.01	47	54661	中性盘
13:01:15	11.62	0.01	13	15105	买盘
13:01:12	11.61	-0.01	10	11610	卖盘
13:00:24	11.62	--	28	32535	买盘
13:00:21	11.62	--	67	77854	买盘
13:00:15	11.62	--	5	5810	买盘
13:00:12	11.62	--	25	29049	买盘
13:00:06	11.62	--	108	125495	买盘
13:00:03	11.62	--	42	48804	买盘
13:00:00	11.62	-0.01	64	74716	卖盘
11:30:00	11.63	--	0	0	买盘
11:29:57	11.63	-0.01	1	1163	买盘
11:29:03	11.64	0.01	3	3492	买盘
11:28:57	11.63	--	2	2326	卖盘
11:28:48	11.63	--	44	51172	卖盘
11:28:27	11.63	--	5	5815	卖盘
11:28:12	11.63	--	20	23260	卖盘
11:28:00	11.63	-0.01	3	3489	卖盘
11:27:51	11.64	0.01	20	23280	买盘
11:27:33	11.63	-0.01	180	209340	卖盘
11:27:15	11.64	--	6	6984	买盘
11:26:48	11.64	--	337	392268	买盘
11:26:30	11.64	0.01	39	45396	买盘
11:26:24	11.63	--	1	1163	卖盘
11:26:03	11.63	-0.01	1	1163	卖盘
11:25:42	11.64	-0.01	94	109416	卖盘
11:25:21	11.65	--	58	67570	买盘
11:25:18	11.65	0.01	25	29125	买盘
11:25:06	11.64	--	1	1164	卖盘
11:24:57	11.64	--	69	80769	买盘
11:24:42	11.64	--	34	39576	买盘
11:24:39	11.64	0.01	212	246768	买盘
11:24:36	11.63	--	34	39542	买盘
11:24:33	11.63	0.01	34	39542	买盘
11:24:09	11.62	-0.01	20	23240	卖盘
11:24:00	11.63	0.01	14	16282	买盘
11:23:54	11.62	--	4	5461	买盘
11:23:48	11.62	--	235	273070	买盘
11:23:45	11.62	--	1	1510	卖盘
11:23:36	11.62	0.03	30	35673	买盘
11:23:33	11.59	-0.01	16	18544	卖盘
11:23:30	11.6	-0.02	1	1160	中性盘
11:23:24	11.62	0.02	41	47642	买盘
11:23:21	11.6	--	57	66120	买盘
11:23:18	11.6	--	50	58000	买盘
11:23:15	11.6	0.01	39	45240	买盘
11:23:12	11.59	--	2	2318	买盘
11:23:09	11.59	--	1	1159	买盘
11:23:06	11.59	0.01	4	4636	买盘
11:23:03	11.58	--	6	7260	买盘
11:23:00	11.58	--	4	4632	买盘
11:22:57	11.58	--	14	16212	买盘
11:22:54	11.58	--	21	24318	买盘
11:22:51	11.58	--	13	15054	买盘
11:22:48	11.58	--	11	12738	买盘
11:22:45	11.58	--	1	1158	买盘
11:22:42	11.58	--	107	123906	买盘
11:22:39	11.58	--	23	26634	买盘
11:22:36	11.58	--	4	4632	买盘
11:22:33	11.58	--	3	3474	买盘
11:22:30	11.58	--	2	2316	买盘
11:22:27	11.58	--	4	4632	买盘
11:22:24	11.58	--	100	115800	买盘
11:22:21	11.58	-0.02	47	55271	卖盘
11:22:18	11.6	--	48	55680	买盘
11:22:12	11.6	0.01	358	415280	买盘
11:22:09	11.59	-0.01	23	26657	卖盘
11:22:00	11.6	--	34	39440	买盘
11:21:57	11.6	-0.01	736	854108	卖盘
11:21:51	11.61	--	2	2322	卖盘
11:21:30	11.61	-0.01	154	179606	卖盘
11:21:27	11.62	--	20	23240	卖盘
11:21:24	11.62	--	28	32535	卖盘
11:21:18	11.62	--	20	23240	卖盘
11:21:12	11.62	--	2	2324	卖盘
11:21:06	11.62	-0.01	5	5810	卖盘
11:21:03	11.63	0.01	5	5815	买盘
11:21:00	11.62	--	4	4648	卖盘
11:20:57	11.62	-0.01	5	5810	卖盘
11:20:51	11.63	--	15	17445	卖盘
11:20:42	11.63	0.01	20	23260	买盘
11:20:39	11.62	-0.02	200	232399	卖盘
11:20:36	11.64	0.01	5	5820	买盘
11:20:24	11.63	--	20	23260	卖盘
11:20:21	11.63	--	12	13956	卖盘
11:20:18	11.63	--	26	30238	买盘
11:20:12	11.63	0.01	20	23260	买盘
11:20:09	11.62	-0.01	20	23240	卖盘
11:20:03	11.63	--	19	22097	卖盘
11:20:00	11.63	--	5	5815	卖盘
11:19:54	11.63	--	111	129093	卖盘
11:19:45	11.63	--	11	12793	卖盘
11:19:36	11.63	--	8	9304	卖盘
11:19:33	11.63	--	15	17445	卖盘
11:19:24	11.63	--	1	1163	中性盘
11:19:18	11.63	--	1	1163	买盘
11:18:45	11.63	--	17	19771	卖盘
11:18:24	11.63	-0.01	10	11630	中性盘
11:18:12	11.64	0.01	25	29100	买盘
11:18:03	11.63	0.01	5	5815	买盘
11:18:00	11.62	-0.01	1	1162	卖盘
11:17:54	11.63	-0.01	11	12793	卖盘
11:17:42	11.64	0.01	8	9312	买盘
11:17:39	11.63	-0.01	50	58150	卖盘
11:17:36	11.64	--	96	111744	买盘
11:17:33	11.64	0.01	12	13968	买盘
11:17:30	11.63	-0.01	20	23260	卖盘
11:17:27	11.64	--	10	11640	买盘
11:17:21	11.64	--	16	18624	买盘
11:17:06	11.64	-0.01	104	121056	卖盘
11:16:57	11.65	-0.01	94	109510	卖盘
11:16:42	11.66	0.01	18	20988	买盘
11:16:39	11.65	-0.01	5	5825	卖盘
11:16:36	11.66	--	15	17490	买盘
11:16:33	11.66	--	13	15158	买盘
11:16:12	11.66	--	11	12826	买盘
11:16:06	11.66	-0.01	110	128260	卖盘
11:15:57	11.67	-0.01	5	5835	卖盘
11:15:48	11.68	--	22	25696	买盘
11:15:42	11.68	0.01	5	5840	买盘
11:15:27	11.67	--	12	14004	买盘
11:15:21	11.67	-0.01	40	46680	卖盘
11:15:18	11.68	--	19	22192	买盘
11:15:03	11.68	--	6	7008	买盘
11:14:54	11.68	0.01	12	14016	买盘
11:14:48	11.67	-0.01	5	5835	卖盘
11:14:42	11.68	--	34	39712	买盘
11:14:33	11.68	--	9	10512	买盘
11:14:21	11.68	--	35	40880	买盘
11:14:09	11.68	0.02	68	79424	买盘
11:14:06	11.66	-0.02	5	5830	卖盘
11:14:03	11.68	0.01	50	58400	买盘
11:14:00	11.67	0.01	2	2334	买盘
11:13:57	11.66	-0.01	6	6996	卖盘
11:13:48	11.67	--	100	116700	买盘
11:13:33	11.67	--	3	3501	买盘
11:13:21	11.67	--	23	26841	买盘
11:13:18	11.67	--	5	5835	买盘
11:13:12	11.67	--	1	1167	买盘
11:13:06	11.67	--	39	45513	买盘
11:13:00	11.67	0.02	104	121368	买盘
11:12:57	11.65	--	78	90870	卖盘
11:12:54	11.65	--	6	6990	卖盘
11:12:51	11.65	-0.01	3	3495	卖盘
11:12:42	11.66	-0.01	10	11660	卖盘
11:12:33	11.67	0.01	21	24507	买盘
11:12:30	11.66	--	10	11660	卖盘
11:12:27	11.66	-0.01	7	8162	中性盘
11:12:24	11.67	--	88	103011	买盘
11:12:21	11.67	0.01	10	11670	买盘
11:12:18	11.66	-0.02	2	2332	卖盘
11:12:12	11.68	0.01	25	29200	买盘
11:12:00	11.67	--	5	5835	卖盘
11:11:54	11.67	-0.01	5	5835	卖盘
11:11:51	11.68	--	2	2336	买盘
11:11:48	11.68	0.01	5	5840	买盘
11:11:45	11.67	-0.01	20	23340	卖盘
11:11:33	11.68	--	43	50224	卖盘
11:11:27	11.68	--	6	7008	买盘
11:11:24	11.68	--	3	3504	买盘
11:11:18	11.68	0.01	11	12848	中性盘
11:11:09	11.67	--	5	5835	卖盘
11:11:03	11.67	-0.02	4	4668	卖盘
11:11:00	11.69	--	10	11690	买盘
11:10:48	11.69	--	38	44422	买盘
11:10:45	11.69	--	2	2338	买盘
11:10:30	11.69	--	10	11690	买盘
11:10:27	11.69	0.03	25	29225	买盘
11:10:24	11.66	-0.03	372	433752	卖盘
11:10:21	11.69	--	14	16366	买盘
11:10:18	11.69	0.01	19	22211	中性盘
11:10:12	11.68	-0.01	249	290832	卖盘
11:10:06	11.69	--	102	119238	买盘
11:10:03	11.69	0.01	106	123914	买盘
11:09:54	11.68	--	24	28032	卖盘
11:09:51	11.68	0.02	314	366752	买盘
11:09:48	11.66	-0.01	5	5830	卖盘
11:09:45	11.67	--	16	18672	买盘
11:09:42	11.67	--	9	10503	买盘
11:09:36	11.67	0.01	15	17505	买盘
11:09:30	11.66	-0.01	28	32648	卖盘
11:08:57	11.67	--	27	31509	卖盘
11:08:48	11.67	--	20	23340	卖盘
11:08:45	11.67	--	20	23340	卖盘
11:08:42	11.67	--	6	7002	买盘
11:08:36	11.67	--	26	30342	买盘
11:08:30	11.67	0.01	11	12837	买盘
11:08:21	11.66	-0.01	1	1166	卖盘
11:08:18	11.67	-0.01	16	18672	卖盘
11:08:06	11.68	--	1	1168	买盘
11:08:03	11.68	0.01	10	11680	买盘
11:07:54	11.67	--	9	10503	买盘
11:07:42	11.67	0.01	10	11670	买盘
11:07:30	11.66	-0.01	4	4664	卖盘
11:07:00	11.67	0.01	1	1167	买盘
11:06:57	11.66	-0.01	10	11660	卖盘
11:06:54	11.67	--	5	5835	买盘
11:06:51	11.67	-0.01	19	22173	卖盘
11:06:48	11.68	0.01	30	35040	买盘
11:06:39	11.67	--	10	11670	卖盘
11:06:36	11.67	-0.01	5	5835	卖盘
11:06:30	11.68	--	36	42048	买盘
11:06:27	11.68	0.01	8	9344	买盘
11:06:24	11.67	-0.01	43	50181	卖盘
11:06:12	11.68	--	5	5840	买盘
11:06:03	11.68	--	11	12848	买盘
11:05:57	11.68	--	11	12848	卖盘
11:05:54	11.68	--	8	9344	卖盘
11:05:48	11.68	-0.01	21	24528	卖盘
11:05:42	11.69	--	13	15197	买盘
11:05:39	11.69	0.01	22	25718	买盘
11:05:27	11.68	--	15	17520	卖盘
11:05:24	11.68	-0.01	50	58400	卖盘
11:05:18	11.69	0.01	9	10521	买盘
11:05:15	11.68	-0.01	3	3504	卖盘
11:05:03	11.69	0.01	25	29225	买盘
11:04:54	11.68	-0.01	5	5840	卖盘
11:04:51	11.69	0.01	35	40915	买盘
11:04:48	11.68	--	4	4672	卖盘
11:04:36	11.68	--	231	269808	卖盘
11:04:27	11.68	-0.01	20	23360	卖盘
11:04:12	11.69	-0.01	182	212758	卖盘
11:04:06	11.7	0.01	6	7020	买盘
11:04:00	11.69	-0.01	2	2338	卖盘
11:03:54	11.7	--	6	7020	买盘
11:03:45	11.7	--	119	139230	买盘
11:03:39	11.7	--	6	7020	买盘
11:03:36	11.7	--	15	17550	买盘
11:03:27	11.7	--	7	8189	买盘
11:03:21	11.7	--	37	43290	买盘
11:03:18	11.7	--	6	7020	买盘
11:03:03	11.7	0.01	60	70200	买盘
11:02:54	11.69	-0.01	1	1169	卖盘
11:02:36	11.7	--	8	9360	买盘
11:02:12	11.7	0.01	6	7020	买盘
11:02:00	11.69	-0.01	10	11690	卖盘
11:01:51	11.7	-0.01	16	18720	卖盘
11:01:48	11.71	--	116	135836	买盘
11:01:45	11.71	--	5	5855	买盘
11:01:30	11.71	--	24	28104	买盘
11:01:27	11.71	--	10	11710	买盘
11:01:24	11.71	0.01	43	50353	买盘
11:01:21	11.7	--	11	12870	卖盘
11:01:06	11.7	--	8	9360	买盘
11:00:51	11.7	-0.02	42	49140	卖盘
11:00:48	11.72	--	5	5860	买盘
11:00:39	11.72	--	8	9376	买盘
11:00:33	11.72	0.03	679	795788	买盘
11:00:18	11.69	--	9	10521	买盘
11:00:09	11.69	--	6	7014	买盘
11:00:03	11.69	--	16	18704	买盘
10:59:48	11.69	--	14	16366	买盘
10:59:30	11.69	--	51	59619	买盘
10:59:27	11.69	--	6	7014	买盘
10:59:18	11.69	--	10	11690	买盘
10:59:09	11.69	0.01	6	7014	买盘
10:59:06	11.68	-0.01	5	5840	卖盘
10:59:03	11.69	0.01	21	24549	买盘
10:58:57	11.68	--	55	64240	买盘
10:58:51	11.68	--	19	22192	买盘
10:58:48	11.68	--	13	15184	卖盘
10:58:33	11.68	-0.01	13	15184	卖盘
10:58:15	11.69	--	4	4676	买盘
10:58:09	11.69	--	39	45591	买盘
10:58:06	11.69	0.01	24	28056	买盘
10:58:03	11.68	-0.01	30	35040	卖盘
10:58:00	11.69	0.01	12	14028	买盘
10:57:57	11.68	--	7	8176	卖盘
10:57:51	11.68	--	13	15184	买盘
10:57:48	11.68	--	19	22192	买盘
10:57:45	11.68	-0.01	13	15184	卖盘
10:57:36	11.69	0.02	3	3507	买盘
10:57:30	11.67	-0.01	34	39678	卖盘
10:57:15	11.68	--	10	11680	买盘
10:56:51	11.68	--	31	36208	买盘
10:56:48	11.68	--	27	31536	买盘
10:56:27	11.68	--	47	54896	卖盘
10:55:42	11.68	-0.01	70	81760	卖盘
10:55:36	11.69	--	17	19873	买盘
10:55:33	11.69	--	114	133266	买盘
10:55:09	11.69	0.01	36	42084	买盘
10:55:03	11.68	--	150	175200	买盘
10:54:57	11.68	--	3	3504	买盘
10:54:48	11.68	--	4	4672	买盘
10:54:42	11.68	--	43	50224	买盘
10:54:39	11.68	-0.01	24	28032	卖盘
10:54:36	11.69	0.01	75	87675	买盘
10:54:18	11.68	-0.01	10	11680	卖盘
10:54:06	11.69	0.01	18	21042	买盘
10:54:03	11.68	--	166	193888	买盘
10:53:54	11.68	--	28	32704	买盘
10:53:48	11.68	-0.01	27	31536	中性盘
10:53:39	11.69	--	10	11690	买盘
10:53:36	11.69	--	22	25718	买盘
10:53:21	11.69	--	1	1169	买盘
10:53:18	11.69	--	17	19873	买盘
10:53:06	11.69	--	31	36239	买盘
10:53:03	11.69	0.01	39	45591	买盘
10:53:00	11.68	--	77	89936	买盘
10:52:48	11.68	-0.01	5	5840	卖盘
10:52:30	11.69	0.01	50	58450	买盘
10:52:15	11.68	--	15	17520	买盘
10:52:12	11.68	--	10	11680	买盘
10:52:03	11.68	0.01	8	9344	买盘
10:51:54	11.67	-0.01	17	19839	中性盘
10:51:42	11.68	0.01	150	175200	买盘
10:51:33	11.67	--	3	3501	买盘
10:51:24	11.67	-0.01	19	22173	中性盘
10:51:21	11.68	--	32	37376	买盘
10:51:09	11.68	0.01	27	31536	买盘
10:51:03	11.67	0.01	17	19839	买盘
10:50:54	11.66	-0.01	2	2332	卖盘
10:50:42	11.67	--	5	5835	买盘
10:50:33	11.67	--	3	3501	买盘
10:50:30	11.67	--	63	73521	卖盘
10:50:18	11.67	--	33	38511	买盘
10:50:15	11.67	--	20	23340	买盘
10:50:09	11.67	--	21	24507	买盘
10:50:03	11.67	--	4	4668	买盘
10:49:42	11.67	--	5	5835	卖盘
10:49:33	11.67	--	11	12837	买盘
10:49:21	11.67	--	6	7002	卖盘
10:49:09	11.67	-0.01	20	23340	卖盘
10:49:06	11.68	--	1	1168	买盘
10:49:03	11.68	0.01	52	60736	买盘
10:48:57	11.67	0.01	30	35010	买盘
10:48:54	11.66	-0.01	30	35831	卖盘
10:48:48	11.67	--	20	23340	买盘
10:48:45	11.67	0.01	30	35010	买盘
10:48:24	11.66	0.01	57	67324	买盘
10:48:12	11.65	-0.01	20	23300	卖盘
10:48:03	11.66	--	11	12826	买盘
10:47:57	11.66	--	43	50138	买盘
10:47:51	11.66	0.01	15	17490	买盘
10:47:48	11.65	-0.01	10	11650	卖盘
10:47:12	11.66	-0.01	6	6996	中性盘
10:47:03	11.67	--	12	14004	买盘
10:46:51	11.67	--	5	5835	买盘
10:46:45	11.67	--	19	22173	买盘
10:46:42	11.67	--	20	23340	买盘
10:46:39	11.67	--	6	7002	买盘
10:46:24	11.67	0.01	10	11670	买盘
10:46:18	11.66	--	5	5830	卖盘
10:46:06	11.66	-0.01	66	76956	卖盘
10:46:03	11.67	0.01	12	14004	买盘
10:45:42	11.66	0.01	20	23320	买盘
10:45:39	11.65	-0.01	5	5825	卖盘
10:45:36	11.66	0.01	77	89782	买盘
10:45:24	11.65	0.02	23	26795	买盘
10:45:15	11.63	--	9	10467	卖盘
10:45:06	11.63	-0.02	20	23260	卖盘
10:45:03	11.65	0.01	12	13980	买盘
10:44:57	11.64	--	6	6984	买盘
10:44:30	11.64	--	10	11640	买盘
10:44:27	11.64	--	20	23280	买盘
10:44:15	11.64	--	23	26772	买盘
10:44:09	11.64	--	5	5820	买盘
10:44:03	11.64	--	12	13968	买盘
10:43:54	11.64	--	23	26772	买盘
10:43:42	11.64	-0.01	21	24444	中性盘
10:43:03	11.65	-0.01	12	13980	中性盘
10:42:03	11.66	--	12	13992	买盘
10:42:00	11.66	--	57	66462	买盘
10:41:27	11.66	--	41	47806	买盘
10:41:24	11.66	--	41	47806	买盘
10:41:21	11.66	0.06	46	53636	买盘
10:41:06	11.6	-0.03	116	134560	卖盘
10:40:51	11.63	--	15	17445	买盘
10:40:42	11.63	--	6	6978	买盘
10:40:36	11.63	-0.02	29	33727	卖盘
10:40:33	11.65	0.02	100	116500	买盘
10:40:27	11.63	-0.01	2	2326	卖盘
10:40:18	11.64	0.01	27	31428	买盘
10:40:12	11.63	--	9	10467	买盘
10:40:06	11.63	--	8	9304	买盘
10:39:48	11.63	0.02	10	11630	买盘
10:39:39	11.61	-0.01	5	5805	卖盘
10:39:36	11.62	-0.01	8	9296	中性盘
10:39:33	11.63	--	5	5815	买盘
10:39:30	11.63	0.01	1	1163	买盘
10:39:18	11.62	--	2	2324	卖盘
10:39:09	11.62	0.03	3	3485	中性盘
10:38:54	11.59	-0.01	171	198189	卖盘
10:38:45	11.6	--	200	232000	卖盘
10:38:21	11.6	--	26	30160	卖盘
10:38:18	11.6	-0.04	935	1084600	卖盘
10:38:09	11.64	0.01	25	29100	买盘
10:38:06	11.63	--	1	1163	卖盘
10:38:03	11.63	--	1	1163	卖盘
10:38:00	11.63	--	10	11630	卖盘
10:37:54	11.63	-0.01	7	8141	卖盘
10:37:51	11.64	0.01	5	5820	中性盘
10:37:30	11.63	-0.01	84	97692	卖盘
10:37:12	11.64	--	76	88464	卖盘
10:37:09	11.64	--	5	5820	卖盘
10:37:06	11.64	--	5	5820	卖盘
10:37:03	11.64	--	23	27074	买盘
10:36:54	11.64	--	16	19485	卖盘
10:36:48	11.64	-0.01	41	47724	卖盘
10:36:45	11.65	0.01	5	5825	买盘
10:36:33	11.64	--	66	77126	买盘
10:36:30	11.64	-0.01	18	21813	卖盘
10:36:18	11.65	0.01	4	4660	买盘
10:36:12	11.64	--	6	6984	卖盘
10:35:39	11.64	--	20	23280	卖盘
10:35:27	11.64	--	3	3492	卖盘
10:35:24	11.64	-0.01	1	1164	卖盘
10:35:18	11.65	0.02	24	27960	买盘
10:35:15	11.63	--	2	2628	买盘
10:35:12	11.63	--	50	58150	买盘
10:35:03	11.63	--	10	11630	买盘
10:35:00	11.63	0.01	31	36053	买盘
10:34:57	11.62	-0.01	37	42994	卖盘
10:34:45	11.63	-0.02	524	610272	卖盘
10:34:33	11.65	0.01	112	131540	买盘
10:34:27	11.64	-0.01	5	5820	卖盘
10:34:09	11.65	--	50	58250	买盘
10:34:06	11.65	-0.02	313	364645	卖盘
10:34:00	11.67	0.01	5	5835	买盘
10:33:57	11.66	-0.01	2	2332	卖盘
10:33:54	11.67	--	1	1167	买盘
10:33:51	11.67	--	1	1167	买盘
10:33:42	11.67	--	36	42012	卖盘
10:33:27	11.67	0.01	4	4668	买盘
10:33:21	11.66	-0.01	108	125928	卖盘
10:33:15	11.67	--	4	4668	卖盘
10:33:12	11.67	--	32	37344	卖盘
10:32:51	11.67	0.01	36	42012	买盘
10:32:48	11.66	-0.01	20	23320	卖盘
10:32:45	11.67	--	22	25674	买盘
10:32:27	11.67	--	3	3501	买盘
10:32:06	11.67	--	24	28008	卖盘
10:31:45	11.67	--	16	18672	买盘
10:31:42	11.67	--	5	5835	买盘
10:31:33	11.67	-0.01	179	208893	卖盘
10:31:27	11.68	0.01	5	5840	买盘
10:31:09	11.67	-0.01	12	14004	卖盘
10:31:06	11.68	0.01	5	5840	买盘
10:31:03	11.67	--	5	5835	卖盘
10:31:00	11.67	-0.01	5	5835	卖盘
10:30:48	11.68	--	3	3504	买盘
10:30:42	11.68	--	7	8176	买盘
10:30:30	11.68	--	5	5840	买盘
10:30:24	11.68	-0.01	135	157785	卖盘
10:30:21	11.69	--	16	18704	买盘
10:30:18	11.69	--	20	23380	买盘
10:30:06	11.69	--	8	9352	买盘
10:30:03	11.69	--	21	24549	买盘
10:30:00	11.69	--	6	7014	买盘
10:29:51	11.69	--	125	146125	买盘
10:29:12	11.69	0.01	3	3507	买盘
10:29:09	11.68	-0.01	290	338720	卖盘
10:29:03	11.69	--	22	25718	买盘
10:28:54	11.69	--	4	4676	买盘
10:28:36	11.69	--	150	175350	卖盘
10:28:09	11.69	--	36	42084	卖盘
10:27:39	11.69	--	1	1169	买盘
10:27:33	11.69	--	13	15197	买盘
10:27:27	11.69	0.01	10	11690	买盘
10:27:18	11.68	-0.01	10	11680	卖盘
10:27:12	11.69	0.01	17	19873	买盘
10:27:03	11.68	--	1	1168	卖盘
10:26:33	11.68	-0.01	13	15184	卖盘
10:26:21	11.69	--	70	81830	卖盘
10:26:12	11.69	-0.01	10	11690	卖盘
10:26:06	11.7	--	66	77220	买盘
10:25:42	11.7	--	18	21060	买盘
10:25:39	11.7	--	10	11700	买盘
10:25:33	11.7	-0.01	163	190710	卖盘
10:25:27	11.71	--	50	58550	买盘
10:25:21	11.71	--	12	14052	买盘
10:25:18	11.71	--	53	62063	买盘
10:25:09	11.71	0.01	5	5855	买盘
10:25:03	11.7	-0.01	12	14040	卖盘
10:24:51	11.71	--	20	23420	买盘
10:24:33	11.71	--	10	11710	买盘
10:24:27	11.71	0.01	5	5855	买盘
10:24:24	11.7	-0.01	16	18720	卖盘
10:24:15	11.71	0.01	114	133494	买盘
10:24:06	11.7	--	5	5850	卖盘
10:23:45	11.7	-0.01	15	17550	卖盘
10:23:36	11.71	0.01	7	8197	买盘
10:23:33	11.7	-0.01	20	23400	卖盘
10:23:18	11.71	0.01	77	90167	买盘
10:23:00	11.7	--	5	5850	卖盘
10:22:57	11.7	-0.01	40	46800	卖盘
10:22:51	11.71	--	21	24591	买盘
10:22:48	11.71	--	1	1171	买盘
10:22:39	11.71	--	5	5855	买盘
10:22:33	11.71	--	26	30446	买盘
10:22:30	11.71	--	1	1171	买盘
10:22:21	11.71	--	26	30446	买盘
10:22:12	11.71	--	48	56208	买盘
10:22:09	11.71	--	96	112416	买盘
10:22:06	11.71	--	15	17565	买盘
10:21:48	11.71	0.01	250	292750	买盘
10:21:24	11.7	--	4	4680	买盘
10:21:12	11.7	0.01	44	51480	买盘
10:21:09	11.69	-0.01	193	225991	卖盘
10:21:06	11.7	0.01	61	71370	买盘
10:20:45	11.69	--	34	40540	买盘
10:20:42	11.69	--	5	5845	买盘
10:20:39	11.69	--	100	116900	买盘
10:20:33	11.69	--	5	5845	买盘
10:20:30	11.69	0.01	13	15197	买盘
10:20:21	11.68	-0.01	19	22192	卖盘
10:20:18	11.69	--	16	18704	买盘
10:19:30	11.69	0.01	9	10521	买盘
10:19:27	11.68	--	2	3398	卖盘
10:19:18	11.68	--	5	5840	卖盘
10:19:09	11.68	--	20	23360	卖盘
10:18:57	11.68	--	22	25696	买盘
10:18:54	11.68	-0.01	25	29200	卖盘
10:18:30	11.69	0.01	4	4676	买盘
10:18:21	11.68	-0.01	1	1168	卖盘
10:18:06	11.69	--	25	29225	买盘
10:17:36	11.69	--	16	19078	卖盘
10:17:33	11.69	--	15	17535	卖盘
10:17:27	11.69	-0.01	100	117694	卖盘
10:17:21	11.7	0.01	9	10530	买盘
10:17:15	11.69	-0.01	14	16366	卖盘
10:17:12	11.7	--	2	2340	买盘
10:17:00	11.7	0.01	18	21060	买盘
10:16:57	11.69	--	112	130928	卖盘
10:16:54	11.69	-0.01	30	35070	卖盘
10:16:51	11.7	0.01	7	8189	买盘
10:16:27	11.69	--	19	22211	卖盘
10:16:21	11.69	--	14	16366	卖盘
10:15:54	11.69	-0.01	3	3507	卖盘
10:15:42	11.7	--	26	30419	买盘
10:15:36	11.7	--	3	3510	买盘
10:15:33	11.7	--	4	5499	卖盘
10:15:27	11.7	--	2	2340	卖盘
10:15:21	11.7	-0.01	21	24570	卖盘
10:15:18	11.71	0.01	33	38643	买盘
10:15:15	11.7	-0.01	3	3510	卖盘
10:15:12	11.71	0.01	20	23420	买盘
10:15:09	11.7	--	20	23400	卖盘
10:15:06	11.7	--	10	11700	卖盘
10:15:00	11.7	-0.01	5	5850	卖盘
10:14:57	11.71	--	30	35130	买盘
10:14:54	11.71	0.01	12	14052	买盘
10:14:51	11.7	-0.01	9	10530	卖盘
10:14:48	11.71	--	20	23420	买盘
10:14:45	11.71	0.01	22	25762	买盘
10:14:42	11.7	-0.01	1	1170	卖盘
10:14:39	11.71	0.01	23	26933	买盘
10:14:36	11.7	--	150	175500	卖盘
10:14:30	11.7	--	1	1170	卖盘
10:14:15	11.7	-0.01	141	164970	卖盘
10:14:06	11.71	0.01	20	23771	买盘
10:13:57	11.7	--	5	6669	卖盘
10:13:54	11.7	--	32	37791	买盘
10:13:48	11.7	--	4	4680	买盘
10:13:45	11.7	--	33	38610	买盘
10:13:36	11.7	--	10	12519	卖盘
10:13:30	11.7	-0.01	20	23400	卖盘
10:13:27	11.71	--	3	3513	买盘
10:13:24	11.71	0.01	100	117100	买盘
10:13:18	11.7	--	110	128699	卖盘
10:13:03	11.7	--	44	51480	卖盘
10:12:54	11.7	--	12	14040	卖盘
10:12:51	11.7	-0.01	109	127529	卖盘
10:12:48	11.71	--	23	26933	卖盘
10:12:45	11.71	--	2	2342	卖盘
10:12:42	11.71	0.01	118	138178	买盘
10:12:39	11.7	--	14	16379	卖盘
10:12:30	11.7	--	5	5850	卖盘
10:12:27	11.7	--	7	8541	买盘
10:12:24	11.7	0.01	4	4680	买盘
10:12:21	11.69	--	4	4676	卖盘
10:12:18	11.69	-0.01	57	66633	卖盘
10:12:06	11.7	--	3	3510	买盘
10:12:00	11.7	--	5	5850	买盘
10:11:51	11.7	--	6	7020	买盘
10:11:48	11.7	0.01	15	17550	买盘
10:11:45	11.69	-0.01	10	11690	卖盘
10:11:39	11.7	--	3	3510	买盘
10:11:36	11.7	--	42	49140	买盘
10:11:33	11.7	-0.01	49	58464	卖盘
10:11:30	11.71	--	32	37472	买盘
10:11:27	11.71	0.01	11	12881	买盘
10:11:24	11.7	--	26	30419	卖盘
10:11:18	11.7	--	60	70200	卖盘
10:11:15	11.7	--	40	46800	卖盘
10:11:12	11.7	--	55	64349	卖盘
10:11:09	11.7	--	20	23400	卖盘
10:11:03	11.7	--	68	79595	买盘
10:11:00	11.7	0.01	2	2340	买盘
10:10:57	11.69	-0.01	40	46760	卖盘
10:10:54	11.7	--	53	62009	买盘
10:10:51	11.7	--	105	122849	买盘
10:10:48	11.7	--	25	29250	买盘
10:10:45	11.7	--	6	7020	买盘
10:10:42	11.7	--	42	49140	买盘
10:10:36	11.7	-0.01	234	274914	卖盘
10:10:30	11.71	--	73	85483	卖盘
10:10:24	11.71	--	23	26933	买盘
10:10:21	11.71	--	10	11710	买盘
10:10:18	11.71	0.01	64	74944	买盘
10:10:15	11.7	--	248	290195	卖盘
10:10:12	11.7	0.01	674	788580	买盘
10:10:06	11.69	--	35	41604	买盘
10:10:03	11.69	--	5	5845	买盘
10:10:00	11.69	--	35	40915	买盘
10:09:57	11.69	--	8	9352	买盘
10:09:54	11.69	--	403	471107	买盘
10:09:45	11.69	0.01	6	7014	买盘
10:09:36	11.68	--	18	21024	卖盘
10:09:15	11.68	-0.01	2	2336	中性盘
10:09:12	11.69	0.02	17	19873	买盘
10:09:06	11.67	--	27	31509	卖盘
10:08:54	11.67	--	112	130704	卖盘
10:08:51	11.67	0.01	218	254406	买盘
10:08:45	11.66	0.01	23	26818	卖盘
10:08:42	11.65	-0.02	15	17475	卖盘
10:08:39	11.67	0.01	250	291750	买盘
10:08:33	11.66	--	46	53636	买盘
10:08:24	11.66	--	49	57134	买盘
10:08:18	11.66	--	1	1166	买盘
10:08:12	11.66	0.01	19	22154	买盘
10:08:00	11.65	0.01	52	60580	买盘
10:07:48	11.64	--	2	2328	卖盘
10:07:39	11.64	--	7	8148	卖盘
10:07:30	11.64	-0.02	130	151320	卖盘
10:07:24	11.66	--	6	6996	卖盘
10:07:21	11.66	0.01	19	22154	买盘
10:07:09	11.65	-0.01	15	17475	中性盘
10:07:00	11.66	0.02	8	9328	买盘
10:06:57	11.64	--	10	11640	卖盘
10:06:48	11.64	-0.02	45	53124	卖盘
10:06:45	11.66	0.01	10	11660	买盘
10:06:42	11.65	0.01	1	1165	中性盘
10:06:36	11.64	-0.01	2	2328	卖盘
10:06:24	11.65	--	10	11650	买盘
10:06:21	11.65	--	8	10135	卖盘
10:06:09	11.65	--	20	23300	卖盘
10:06:06	11.65	--	3	3844	买盘
10:05:57	11.65	--	3	3495	买盘
10:05:54	11.65	--	10	11650	买盘
10:05:48	11.65	-0.01	48	55920	卖盘
10:05:42	11.66	-0.01	7	8162	中性盘
10:05:39	11.67	--	19	22173	买盘
10:05:36	11.67	0.01	27	31509	买盘
10:05:21	11.66	-0.01	6	6996	中性盘
10:05:12	11.67	0.02	22	25674	买盘
10:05:00	11.65	0.01	48	55920	买盘
10:04:57	11.64	-0.01	32	37457	卖盘
10:04:54	11.65	0.01	2	2330	中性盘
10:04:39	11.64	--	28	33080	卖盘
10:04:24	11.64	--	1	1420	卖盘
10:04:18	11.64	-0.03	29	33756	卖盘
10:04:15	11.67	0.03	50	58350	买盘
10:04:12	11.64	-0.03	12	14712	卖盘
10:04:09	11.67	--	79	92193	买盘
10:04:00	11.67	--	4	4668	买盘
10:03:57	11.67	--	5	5835	买盘
10:03:54	11.67	--	20	23596	买盘
10:03:45	11.67	0.01	5	5835	买盘
10:03:39	11.66	--	10	11660	卖盘
10:03:30	11.66	0.02	99	115865	买盘
10:03:06	11.64	--	2	2328	卖盘
10:02:57	11.64	-0.01	11	12804	卖盘
10:02:54	11.65	0.01	29	33785	买盘
10:02:45	11.64	--	10	11640	卖盘
10:02:42	11.64	--	5	5820	卖盘
10:02:39	11.64	--	10	11640	卖盘
10:02:15	11.64	--	4	4656	买盘
10:02:12	11.64	--	19	22116	买盘
10:02:00	11.64	-0.01	15	17460	卖盘
10:01:48	11.65	0.01	8	9320	买盘
10:01:45	11.64	-0.01	5	5820	卖盘
10:01:36	11.65	--	9	10485	买盘
10:01:27	11.65	--	5	6162	卖盘
10:01:15	11.65	--	0	827	买盘
10:01:12	11.65	0.01	199	232918	买盘
10:01:06	11.64	-0.01	20	23280	卖盘
10:01:03	11.65	--	9	10485	买盘
10:00:42	11.65	--	42	48930	买盘
10:00:39	11.65	--	19	22135	买盘
10:00:27	11.65	--	20	23300	卖盘
10:00:21	11.65	0.01	10	11650	卖盘
10:00:18	11.64	-0.02	50	58200	卖盘
10:00:12	11.66	0.01	62	72292	买盘
10:00:09	11.65	-0.01	7	8155	卖盘
09:59:51	11.66	--	31	36146	买盘
09:59:39	11.66	--	1	1166	买盘
09:59:36	11.66	--	2	2332	买盘
09:59:33	11.66	0.01	30	34980	买盘
09:59:15	11.65	--	7	8155	买盘
09:58:48	11.65	0.01	3	3495	中性盘
09:58:30	11.64	-0.01	12	13968	卖盘
09:58:24	11.65	0.01	40	46600	买盘
09:58:12	11.64	--	8	9312	卖盘
09:58:03	11.64	-0.01	5	5820	卖盘
09:58:00	11.65	0.01	39	45435	买盘
09:57:57	11.64	--	5	5820	卖盘
09:57:54	11.64	--	19	22116	卖盘
09:57:48	11.64	--	16	18624	卖盘
09:57:18	11.64	--	5	5820	卖盘
09:57:12	11.64	0.01	8	9603	买盘
09:57:06	11.63	-0.01	20	23457	卖盘
09:57:03	11.64	--	10	11640	买盘
09:57:00	11.64	--	20	23280	买盘
09:56:48	11.64	--	3	3492	买盘
09:56:45	11.64	0.01	20	23280	买盘
09:56:42	11.63	--	7	8141	买盘
09:56:36	11.63	0.01	12	13956	买盘
09:56:30	11.62	-0.01	1	1162	卖盘
09:56:24	11.63	--	5	5815	买盘
09:56:21	11.63	--	16	18608	买盘
09:56:18	11.63	-0.01	14	16282	卖盘
09:56:03	11.64	0.01	8	9312	买盘
09:55:45	11.63	0.01	2	2326	买盘
09:55:39	11.62	--	28	32535	买盘
09:55:36	11.62	--	20	23240	买盘
09:55:30	11.62	--	6	6971	买盘
09:55:24	11.62	--	15	17430	买盘
09:55:18	11.62	--	19	22078	买盘
09:55:15	11.62	-0.01	102	118523	卖盘
09:55:12	11.63	0.01	22	25586	买盘
09:54:48	11.62	--	1	1162	卖盘
09:54:27	11.62	-0.01	3	3485	买盘
09:54:24	11.63	0.01	25	29075	买盘
09:54:21	11.62	--	7	8133	卖盘
09:54:12	11.62	-0.01	2	2324	卖盘
09:54:09	11.63	0.01	26	30238	买盘
09:54:06	11.62	--	6	6971	买盘
09:54:03	11.62	-0.01	44	51128	卖盘
09:54:00	11.63	0.01	6	6978	买盘
09:53:51	11.62	-0.01	2	2324	卖盘
09:53:36	11.63	--	5	5815	买盘
09:53:15	11.63	--	13	15119	卖盘
09:53:06	11.63	--	10	11630	卖盘
09:53:03	11.63	0.01	44	51172	买盘
09:52:54	11.62	-0.02	5	5810	中性盘
09:52:42	11.64	--	4	4656	卖盘
09:52:39	11.64	0.03	1	1164	中性盘
09:52:30	11.61	-0.03	400	464400	卖盘
09:52:27	11.64	--	17	19788	买盘
09:52:24	11.64	0.01	5	5820	买盘
09:52:21	11.63	--	20	23260	卖盘
09:52:18	11.63	--	5	5815	卖盘
09:52:15	11.63	-0.01	22	25586	卖盘
09:52:12	11.64	--	9	10476	买盘
09:52:00	11.64	-0.01	38	44232	卖盘
09:51:45	11.65	0.01	50	58250	买盘
09:51:42	11.64	--	20	23280	卖盘
09:51:18	11.64	-0.01	10	11640	卖盘
09:51:15	11.65	--	15	17475	买盘
09:51:12	11.65	--	3	3495	买盘
09:51:09	11.65	--	19	22135	买盘
09:50:57	11.65	--	6	6990	买盘
09:50:51	11.65	-0.01	33	38445	卖盘
09:50:48	11.66	--	20	23320	买盘
09:50:45	11.66	--	22	25652	买盘
09:50:42	11.66	--	6	6996	买盘
09:50:39	11.66	--	19	22154	买盘
09:50:18	11.66	0.01	18	20988	买盘
09:50:15	11.65	-0.01	4	4660	卖盘
09:50:12	11.66	--	22	25652	买盘
09:50:03	11.66	--	8	9328	买盘
09:49:51	11.66	-0.01	1	1166	卖盘
09:49:36	11.67	-0.01	10	11670	买盘
09:49:30	11.68	0.01	16	18688	买盘
09:49:24	11.67	--	8	10187	卖盘
09:49:21	11.67	--	7	8169	卖盘
09:49:18	11.67	--	4	4668	卖盘
09:49:15	11.67	0.01	65	76170	买盘
09:49:09	11.66	-0.01	5	5830	卖盘
09:49:06	11.67	--	5	5835	买盘
09:48:54	11.67	0.01	50	58350	买盘
09:48:48	11.66	-0.01	52	60632	卖盘
09:48:21	11.67	--	10	11670	买盘
09:48:18	11.67	--	9	10503	买盘
09:48:12	11.67	--	8	9336	买盘
09:48:06	11.67	--	16	19523	卖盘
09:48:03	11.67	-0.01	18	21006	卖盘
09:48:00	11.68	0.01	5	5840	买盘
09:47:57	11.67	--	10	11670	卖盘
09:47:39	11.67	--	2	2334	卖盘
09:47:36	11.67	--	17	20154	买盘
09:47:33	11.67	--	21	24507	买盘
09:47:30	11.67	--	2	2334	买盘
09:47:27	11.67	0.01	79	92193	买盘
09:47:18	11.66	--	104	121264	买盘
09:47:15	11.66	--	15	17490	买盘
09:47:12	11.66	--	1	1166	买盘
09:47:06	11.66	-0.01	1	1166	买盘
09:47:03	11.67	--	123	143541	买盘
09:46:39	11.67	0.01	335	390945	买盘
09:46:27	11.66	--	40	46640	买盘
09:46:12	11.66	0.01	196	228536	买盘
09:46:09	11.65	0.02	143	166595	买盘
09:46:06	11.63	0.01	84	97692	买盘
09:46:00	11.62	-0.01	30	34860	卖盘
09:45:57	11.63	0.01	25	29075	买盘
09:45:54	11.62	-0.01	6	6971	卖盘
09:45:48	11.63	--	60	69780	买盘
09:45:42	11.63	--	29	33727	买盘
09:45:39	11.63	0.01	19	22097	买盘
09:45:30	11.62	-0.01	17	19754	卖盘
09:45:27	11.63	0.01	1	1163	买盘
09:45:24	11.62	-0.01	50	58099	卖盘
09:45:18	11.63	--	14	16282	买盘
09:45:12	11.63	--	22	25586	买盘
09:45:00	11.63	0.01	25	29075	买盘
09:44:39	11.62	--	10	11620	卖盘
09:44:18	11.62	--	10	11620	卖盘
09:44:09	11.62	--	10	11620	卖盘
09:43:45	11.62	--	50	58099	卖盘
09:43:39	11.62	--	1	1162	卖盘
09:43:30	11.62	-0.01	2	2324	卖盘
09:43:15	11.63	--	1	1163	买盘
09:43:06	11.63	--	7	8571	卖盘
09:43:03	11.63	0.01	39	46089	买盘
09:43:00	11.62	-0.01	10	11620	卖盘
09:42:51	11.63	--	4	4652	买盘
09:42:42	11.63	-0.01	13	15549	卖盘
09:42:36	11.64	0.01	10	11640	买盘
09:42:21	11.63	-0.01	20	23260	卖盘
09:42:15	11.64	0.01	6	6984	买盘
09:42:12	11.63	--	7	8141	卖盘
09:42:09	11.63	--	5	5815	卖盘
09:42:06	11.63	--	4	4652	卖盘
09:41:42	11.63	-0.01	2	2326	卖盘
09:41:36	11.64	0.01	5	5820	买盘
09:41:33	11.63	--	2	2326	卖盘
09:41:21	11.63	-0.01	109	126767	卖盘
09:40:57	11.64	0.01	5	5820	买盘
09:40:45	11.63	-0.01	4	4652	卖盘
09:40:39	11.64	--	119	138516	买盘
09:40:12	11.64	0.01	22	25608	买盘
09:40:03	11.63	--	4	5384	买盘
09:39:42	11.63	--	26	30238	买盘
09:39:27	11.63	-0.01	10	11630	买盘
09:39:21	11.64	0.01	15	17460	买盘
09:39:18	11.63	--	119	138397	卖盘
09:39:12	11.63	-0.01	77	89551	卖盘
09:39:09	11.64	0.01	5	5820	买盘
09:39:03	11.63	--	40	46520	卖盘
09:38:57	11.63	--	0	23	卖盘
09:38:54	11.63	-0.02	50	58150	卖盘
09:38:45	11.65	0.02	32	37280	买盘
09:38:42	11.63	-0.02	13	15688	卖盘
09:38:36	11.65	--	10	11650	买盘
09:38:15	11.65	-0.01	31	36697	卖盘
09:38:12	11.66	0.01	28	32648	买盘
09:38:06	11.65	-0.01	2	2912	卖盘
09:38:03	11.66	--	32	37312	买盘
09:38:00	11.66	--	28	32648	买盘
09:37:57	11.66	0.01	10	11660	买盘
09:37:45	11.65	-0.01	1	1165	卖盘
09:37:39	11.66	-0.01	8	9328	中性盘
09:37:27	11.67	--	30	35010	买盘
09:37:12	11.67	--	57	66519	买盘
09:37:03	11.67	--	87	101529	买盘
09:36:51	11.67	0.01	63	73521	买盘
09:36:45	11.66	--	12	14994	卖盘
09:36:42	11.66	--	7	8325	买盘
09:36:27	11.66	-0.01	26	31318	卖盘
09:36:24	11.67	--	5	5835	买盘
09:36:15	11.67	0.01	8	9336	买盘
09:36:06	11.66	0.05	211	246189	买盘
09:36:00	11.61	-0.02	50	58050	卖盘
09:35:57	11.63	--	12	13956	买盘
09:35:42	11.63	--	7	8141	买盘
09:35:39	11.63	0.02	19	22097	买盘
09:35:36	11.61	-0.02	5	5805	卖盘
09:35:33	11.63	--	15	17445	买盘
09:35:21	11.63	0.03	39	45357	买盘
09:35:18	11.6	-0.01	61	70760	卖盘
09:35:15	11.61	--	21	24381	买盘
09:35:12	11.61	--	63	73143	买盘
09:35:09	11.61	--	1	1161	买盘
09:35:06	11.61	0.01	7	8127	买盘
09:35:03	11.6	--	19	22040	卖盘
09:34:57	11.6	0.01	3	3480	买盘
09:34:54	11.59	--	9	10431	买盘
09:34:51	11.59	--	11	12749	卖盘
09:34:48	11.59	--	7	8113	卖盘
09:34:36	11.59	--	20	23180	卖盘
09:34:27	11.59	--	5	5795	买盘
09:34:06	11.59	0.01	5	5795	中性盘
09:33:54	11.58	-0.02	20	23160	卖盘
09:33:48	11.6	0.02	1	1160	买盘
09:33:45	11.58	--	18	20844	卖盘
09:33:36	11.58	-0.01	299	346242	卖盘
09:33:30	11.59	0.01	0	312	中性盘
09:33:18	11.58	--	31	35898	卖盘
09:33:15	11.58	--	10	11580	卖盘
09:33:09	11.58	--	5	5790	卖盘
09:33:06	11.58	--	82	94956	卖盘
09:32:57	11.58	-0.04	100	115800	卖盘
09:32:45	11.62	--	22	25564	买盘
09:32:39	11.62	--	6	6971	买盘
09:32:36	11.62	--	6	6971	买盘
09:32:30	11.62	--	70	82188	卖盘
09:32:27	11.62	--	2	2324	卖盘
09:32:21	11.62	--	12	13943	卖盘
09:32:18	11.62	-0.01	95	110389	卖盘
09:32:15	11.63	--	39	45357	买盘
09:32:12	11.63	0.01	6	6978	买盘
09:32:09	11.62	--	15	17430	卖盘
09:32:06	11.62	-0.01	30	34860	卖盘
09:32:03	11.63	--	1	1163	买盘
09:31:51	11.63	--	5	5815	买盘
09:31:45	11.63	--	7	8141	买盘
09:31:39	11.63	--	18	20934	买盘
09:31:33	11.63	0.01	10	11630	买盘
09:31:30	11.62	--	27	31687	卖盘
09:31:18	11.62	--	20	23240	卖盘
09:31:09	11.62	--	12	13943	买盘
09:30:57	11.62	--	9	10458	买盘
09:30:42	11.62	-0.01	7	8133	卖盘
09:30:39	11.63	--	19	22097	买盘
09:30:30	11.63	--	2	2326	买盘
09:30:27	11.63	0.01	60	69780	买盘
09:30:21	11.62	-0.01	15	17430	中性盘
09:30:09	11.63	0.03	50	58150	买盘
09:30:03	11.6	-0.03	40	46400	卖盘
09:30:00	11.63	--	0	0	买盘
09:25:03	11.63	11.63	115	133745	买盘
