成交时间	成交价	价格变动	成交量(手)	成交额(元)	性质
15:00:03	8.96	0.01	4788	4290908	买盘
14:57:00	8.95	--	110	98449	卖盘
14:56:57	8.95	-0.01	5	4475	卖盘
14:56:54	8.96	0.01	6	5376	买盘
14:56:51	8.95	--	1	894	卖盘
14:56:48	8.95	--	5	4475	卖盘
14:56:45	8.95	--	56	50119	卖盘
14:56:42	8.95	--	31	27744	卖盘
14:56:39	8.95	-0.01	53	47434	卖盘
14:56:36	8.96	0.01	25	22400	买盘
14:56:33	8.95	-0.01	53	47434	卖盘
14:56:30	8.96	0.01	87	77952	买盘
14:56:27	8.95	--	47	42065	卖盘
14:56:24	8.95	-0.01	15	13424	卖盘
14:56:21	8.96	0.01	137	122752	买盘
14:56:18	8.95	--	96	85920	卖盘
14:56:15	8.95	-0.01	295	264025	卖盘
14:56:12	8.96	0.01	230	206080	买盘
14:56:09	8.95	0.01	27	24164	买盘
14:56:06	8.94	-0.01	31	27714	卖盘
14:56:03	8.95	--	246	220169	买盘
14:56:00	8.95	--	20	17900	买盘
14:55:57	8.95	--	15	13424	买盘
14:55:54	8.95	--	44	39380	买盘
14:55:51	8.95	--	9	8054	买盘
14:55:48	8.95	0.01	135	120824	买盘
14:55:42	8.94	--	25	22350	卖盘
14:55:39	8.94	--	129	115326	卖盘
14:55:36	8.94	--	92	82248	卖盘
14:55:33	8.94	--	40	35760	卖盘
14:55:30	8.94	0.01	139	124266	买盘
14:55:27	8.93	--	44	39292	买盘
14:55:21	8.93	0.01	8	7144	中性盘
14:55:18	8.92	-0.02	28	24976	卖盘
14:55:15	8.94	0.01	212	189528	买盘
14:55:12	8.93	--	71	63403	卖盘
14:55:09	8.93	0.01	961	858173	买盘
14:55:06	8.92	--	10	8920	卖盘
14:55:03	8.92	--	24	21408	卖盘
14:54:57	8.92	--	20	17840	卖盘
14:54:54	8.92	--	5	4460	卖盘
14:54:51	8.92	--	5	4460	卖盘
14:54:48	8.92	--	74	66008	买盘
14:54:45	8.92	--	13	11596	买盘
14:54:42	8.92	0.01	30	26760	买盘
14:54:39	8.91	--	55	49824	卖盘
14:54:33	8.91	-0.01	13	11583	卖盘
14:54:30	8.92	0.01	49	43708	买盘
14:54:27	8.91	-0.01	50	44550	卖盘
14:54:24	8.92	0.01	606	540552	买盘
14:54:21	8.91	-0.01	43	38313	卖盘
14:54:18	8.92	--	101	90092	买盘
14:54:15	8.92	--	2	1784	买盘
14:54:12	8.92	--	475	423700	买盘
14:54:09	8.92	0.01	30	26760	买盘
14:54:06	8.91	--	251	223641	卖盘
14:54:03	8.91	--	102	90882	卖盘
14:54:00	8.91	--	114	101574	卖盘
14:53:57	8.91	-0.01	21	18711	卖盘
14:53:54	8.92	--	226	201592	买盘
14:53:51	8.92	0.01	56	49952	买盘
14:53:48	8.91	-0.01	10	8910	卖盘
14:53:45	8.92	0.01	185	165020	买盘
14:53:42	8.91	-0.01	67	59697	卖盘
14:53:39	8.92	--	46	41032	买盘
14:53:33	8.92	--	10	8920	买盘
14:53:30	8.92	--	12	10704	买盘
14:53:27	8.92	--	40	35680	买盘
14:53:24	8.92	-0.01	548	488816	卖盘
14:53:21	8.93	--	83	74119	买盘
14:53:18	8.93	0.01	107	95551	买盘
14:53:15	8.92	--	20	17840	卖盘
14:53:12	8.92	--	566	504872	卖盘
14:53:09	8.92	--	395	352340	卖盘
14:53:06	8.92	--	32	28544	卖盘
14:53:03	8.92	--	658	586936	卖盘
14:53:00	8.92	--	27	24084	卖盘
14:52:57	8.92	-0.01	92	82064	卖盘
14:52:54	8.93	--	18	16074	买盘
14:52:51	8.93	--	20	17860	买盘
14:52:48	8.93	--	150	133950	买盘
14:52:45	8.93	--	21	18753	买盘
14:52:42	8.93	-0.01	565	504545	卖盘
14:52:39	8.94	0.01	318	284292	买盘
14:52:36	8.93	--	28	25004	卖盘
14:52:33	8.93	-0.01	72	64296	卖盘
14:52:30	8.94	0.01	52	46488	买盘
14:52:27	8.93	--	34	30362	卖盘
14:52:24	8.93	--	70	62510	卖盘
14:52:21	8.93	--	30	26790	卖盘
14:52:18	8.93	--	57	50901	卖盘
14:52:15	8.93	0.01	381	340233	买盘
14:52:12	8.92	-0.01	971	866132	卖盘
14:52:09	8.93	--	34	30362	卖盘
14:52:06	8.93	0.01	153	136629	买盘
14:52:03	8.92	-0.01	153	136476	卖盘
14:52:00	8.93	--	6	5358	卖盘
14:51:57	8.93	--	107	95551	卖盘
14:51:54	8.93	-0.01	50	44650	卖盘
14:51:51	8.94	--	42	37548	买盘
14:51:42	8.94	--	112	100128	买盘
14:51:39	8.94	-0.01	8	7152	卖盘
14:51:36	8.95	0.01	1481	1325495	买盘
14:51:33	8.94	-0.01	114	101916	卖盘
14:51:30	8.95	--	14	12529	买盘
14:51:27	8.95	--	90	80585	卖盘
14:51:21	8.95	--	13	11634	卖盘
14:51:18	8.95	--	278	249669	买盘
14:51:15	8.95	--	12	10740	买盘
14:51:12	8.95	--	20	17900	买盘
14:51:09	8.95	--	116	103864	卖盘
14:51:03	8.95	--	107	95764	卖盘
14:51:00	8.95	--	77	68915	卖盘
14:50:54	8.95	-0.01	24	21480	卖盘
14:50:48	8.96	0.01	64	57344	买盘
14:50:45	8.95	--	25	22375	卖盘
14:50:42	8.95	--	11	9845	卖盘
14:50:39	8.95	--	507	453764	卖盘
14:50:36	8.95	--	47	42065	卖盘
14:50:33	8.95	-0.01	18	16109	卖盘
14:50:27	8.96	--	6	5376	卖盘
14:50:24	8.96	-0.01	14	12544	卖盘
14:50:21	8.97	0.01	18	16146	买盘
14:50:18	8.96	--	16	14336	卖盘
14:50:15	8.96	--	182	163072	买盘
14:50:12	8.96	0.01	10	8960	买盘
14:50:06	8.95	-0.01	5	4475	卖盘
14:50:03	8.96	-0.01	6	5376	卖盘
14:50:00	8.97	0.02	774	694278	买盘
14:49:54	8.95	-0.01	1000	894999	卖盘
14:49:48	8.96	--	30	26880	卖盘
14:49:45	8.96	-0.01	70	62720	卖盘
14:49:42	8.97	--	5	4485	买盘
14:49:39	8.97	0.01	2	1794	买盘
14:49:30	8.96	--	5	4480	卖盘
14:49:27	8.96	--	25	22400	卖盘
14:49:24	8.96	--	34	30464	卖盘
14:49:18	8.96	--	25	22400	卖盘
14:49:15	8.96	-0.01	39	34944	卖盘
14:49:12	8.97	--	15	13455	买盘
14:49:09	8.97	--	24	21528	买盘
14:49:06	8.97	0.01	51	45747	买盘
14:49:03	8.96	--	101	90496	卖盘
14:49:00	8.96	--	1000	896000	卖盘
14:48:57	8.96	-0.01	1	896	卖盘
14:48:51	8.97	0.01	2	1794	买盘
14:48:48	8.96	--	19	17024	卖盘
14:48:45	8.96	--	64	57344	卖盘
14:48:42	8.96	--	77	68992	卖盘
14:48:39	8.96	--	118	105728	卖盘
14:48:36	8.96	--	600	537600	卖盘
14:48:27	8.96	-0.01	5	4480	卖盘
14:48:24	8.97	--	3	2691	买盘
14:48:18	8.97	--	8	7176	买盘
14:48:15	8.97	0.01	24	21528	买盘
14:48:12	8.96	--	67	60032	卖盘
14:48:09	8.96	--	60	53760	卖盘
14:48:03	8.96	--	15	13440	卖盘
14:48:00	8.96	--	141	126336	卖盘
14:47:54	8.96	-0.01	30	26880	卖盘
14:47:51	8.97	--	65	58305	买盘
14:47:48	8.97	--	130	116610	买盘
14:47:45	8.97	0.01	20	17940	买盘
14:47:39	8.96	--	9	8064	卖盘
14:47:36	8.96	-0.01	60	53760	卖盘
14:47:33	8.97	--	6	5382	买盘
14:47:30	8.97	--	11	9867	买盘
14:47:27	8.97	--	15	13455	买盘
14:47:24	8.97	0.01	47	42159	买盘
14:47:21	8.96	-0.01	1179	1057217	卖盘
14:47:18	8.97	--	150	134550	买盘
14:47:12	8.97	--	45	40365	买盘
14:47:09	8.97	0.01	6	5382	买盘
14:47:03	8.96	-0.01	18	16128	卖盘
14:47:00	8.97	--	39	34983	买盘
14:46:57	8.97	0.01	101	90597	买盘
14:46:54	8.96	-0.01	18	16128	卖盘
14:46:51	8.97	0.01	141	126477	买盘
14:46:48	8.96	-0.01	13	11648	卖盘
14:46:42	8.97	0.01	96	86112	买盘
14:46:39	8.96	-0.01	3	2688	卖盘
14:46:27	8.97	--	18	16208	卖盘
14:46:24	8.97	--	111	99567	卖盘
14:46:21	8.97	--	5	4485	卖盘
14:46:18	8.97	--	27	24219	卖盘
14:46:15	8.97	--	37	33189	卖盘
14:46:12	8.97	--	18	16980	买盘
14:46:09	8.97	0.01	10	8970	买盘
14:46:06	8.96	-0.01	50	44800	卖盘
14:46:00	8.97	--	4	3650	卖盘
14:45:57	8.97	--	1045	938199	买盘
14:45:51	8.97	0.01	100	89700	买盘
14:45:48	8.96	--	1	896	卖盘
14:45:39	8.96	-0.01	30	26880	卖盘
14:45:33	8.97	0.01	28	25205	买盘
14:45:27	8.96	--	8	7168	卖盘
14:45:24	8.96	--	3	2688	卖盘
14:45:21	8.96	-0.01	88	78848	卖盘
14:45:18	8.97	--	5	4485	买盘
14:45:12	8.97	--	10	8970	买盘
14:45:09	8.97	--	68	60996	买盘
14:45:03	8.97	--	191	171389	卖盘
14:45:00	8.97	--	80	71760	卖盘
14:44:57	8.97	--	13	11661	卖盘
14:44:54	8.97	--	18	16146	卖盘
14:44:51	8.97	--	577	517569	卖盘
14:44:48	8.97	-0.01	6	5382	卖盘
14:44:45	8.98	0.01	19	17062	买盘
14:44:42	8.97	--	13	11661	卖盘
14:44:39	8.97	--	2	1794	卖盘
14:44:36	8.97	--	110	98670	卖盘
14:44:33	8.97	-0.01	41	36777	卖盘
14:44:30	8.98	--	85	76330	买盘
14:44:27	8.98	0.01	9	8082	买盘
14:44:21	8.97	-0.01	72	64584	卖盘
14:44:15	8.98	0.01	28	25144	买盘
14:43:57	8.97	-0.01	20	17940	卖盘
14:43:51	8.98	--	51	45798	买盘
14:43:48	8.98	--	93	83514	买盘
14:43:45	8.98	--	6	5388	买盘
14:43:42	8.98	--	55	49390	买盘
14:43:39	8.98	--	36	32328	买盘
14:43:36	8.98	--	10	8980	买盘
14:43:33	8.98	--	522	468756	买盘
14:43:30	8.98	--	22	19756	买盘
14:43:27	8.98	--	50	44900	买盘
14:43:18	8.98	--	1800	1616400	买盘
14:43:15	8.98	0.01	396	355608	买盘
14:43:00	8.97	--	24	21528	卖盘
14:42:54	8.97	-0.01	2	1794	卖盘
14:42:48	8.98	0.01	71	63758	买盘
14:42:45	8.97	-0.01	15	13455	卖盘
14:42:39	8.98	0.01	25	22450	买盘
14:42:36	8.97	--	20	17940	卖盘
14:42:27	8.97	--	50	44850	卖盘
14:42:24	8.97	--	95	85215	卖盘
14:42:21	8.97	--	21	18837	卖盘
14:42:18	8.97	--	1	897	卖盘
14:42:06	8.97	--	34	30498	卖盘
14:42:03	8.97	--	242	217074	卖盘
14:42:00	8.97	--	24	21528	卖盘
14:41:57	8.97	--	62	55614	卖盘
14:41:51	8.97	--	43	38571	卖盘
14:41:45	8.97	--	2	1794	卖盘
14:41:42	8.97	--	24	21528	卖盘
14:41:39	8.97	-0.01	10	8970	卖盘
14:41:36	8.98	0.01	6	5388	买盘
14:41:33	8.97	--	70	62790	卖盘
14:41:30	8.97	--	55	49335	卖盘
14:41:27	8.97	--	18	16146	卖盘
14:41:24	8.97	--	149	133653	卖盘
14:41:21	8.97	--	300	269100	卖盘
14:41:15	8.97	--	3	2691	卖盘
14:41:09	8.97	-0.01	35	31395	卖盘
14:41:00	8.98	--	100	89800	买盘
14:40:57	8.98	--	38	34124	买盘
14:40:54	8.98	--	10	8980	买盘
14:40:51	8.98	-0.01	212	190376	卖盘
14:40:36	8.99	--	45	40455	卖盘
14:40:33	8.99	0.02	68	61132	买盘
14:40:27	8.97	-0.01	1016	911352	卖盘
14:40:24	8.98	-0.01	12	10776	卖盘
14:40:21	8.99	0.01	15	13485	买盘
14:39:57	8.98	0.01	5	4490	买盘
14:39:54	8.97	--	10	8970	卖盘
14:39:51	8.97	-0.01	276	248406	卖盘
14:39:36	8.98	--	17	15266	买盘
14:39:30	8.98	-0.01	48	43104	卖盘
14:39:27	8.99	0.01	10	8990	买盘
14:39:21	8.98	--	109	97882	卖盘
14:39:06	8.98	-0.01	50	44900	中性盘
14:39:00	8.99	0.01	568	510667	买盘
14:38:54	8.98	--	40	35920	买盘
14:38:51	8.98	--	5	4490	卖盘
14:38:48	8.98	--	73	65554	买盘
14:38:42	8.98	--	6	5388	买盘
14:38:36	8.98	--	4	3592	买盘
14:38:30	8.98	--	40	35920	卖盘
14:38:18	8.98	-0.01	117	105066	卖盘
14:38:15	8.99	0.01	26	23374	买盘
14:38:06	8.98	-0.01	16	14368	卖盘
14:38:00	8.99	--	248	222952	卖盘
14:37:57	8.99	--	30	26970	卖盘
14:37:54	8.99	--	300	269700	卖盘
14:37:33	8.99	-0.01	8	7192	卖盘
14:37:21	9.0	--	6	5400	买盘
14:37:06	9.0	--	35	31500	买盘
14:37:03	9.0	--	238	214227	卖盘
14:36:57	9.0	--	4	3600	卖盘
14:36:54	9.0	--	322	289800	卖盘
14:36:51	9.0	--	18	16200	卖盘
14:36:39	9.0	--	1	900	卖盘
14:36:36	9.0	--	2	1800	卖盘
14:36:33	9.0	--	142	127800	卖盘
14:36:30	9.0	--	5	4500	卖盘
14:36:27	9.0	--	84	75600	卖盘
14:36:18	9.0	--	102	91800	卖盘
14:36:15	9.0	--	8	7200	卖盘
14:36:09	9.0	--	1	900	卖盘
14:36:00	9.0	--	2	1800	卖盘
14:35:57	9.0	--	15	13500	卖盘
14:35:54	9.0	--	16	14400	卖盘
14:35:42	9.0	--	1	900	卖盘
14:35:24	9.0	-0.01	200	180000	卖盘
14:35:21	9.01	--	1	901	买盘
14:35:18	9.01	--	9	8109	买盘
14:35:12	9.01	0.01	50	45050	买盘
14:35:06	9.0	-0.01	99	89100	卖盘
14:34:57	9.01	--	1	901	买盘
14:34:51	9.01	--	6	5406	买盘
14:34:48	9.01	--	10	9010	买盘
14:34:45	9.01	--	1	901	买盘
14:34:30	9.01	0.01	112	100912	买盘
14:34:24	9.0	-0.01	78	70200	卖盘
14:34:15	9.01	0.01	12	10812	买盘
14:34:03	9.0	-0.01	2	1800	卖盘
14:34:00	9.01	0.01	24	21624	买盘
14:33:51	9.0	--	21	18900	卖盘
14:33:45	9.0	--	3	3573	买盘
14:33:42	9.0	--	30	27000	买盘
14:33:39	9.0	--	1	900	买盘
14:33:36	9.0	--	44	39600	买盘
14:33:33	9.0	--	51	45900	买盘
14:33:30	9.0	--	12	10800	买盘
14:33:27	9.0	--	42	37800	买盘
14:33:24	9.0	--	10	9000	买盘
14:33:18	9.0	--	1	900	买盘
14:33:12	9.0	--	5	4500	买盘
14:33:09	9.0	--	30	27000	买盘
14:33:06	9.0	--	5	4500	买盘
14:33:03	9.0	--	401	360900	买盘
14:32:57	9.0	0.01	100	90000	买盘
14:32:54	8.99	-0.01	399	358701	卖盘
14:32:48	9.0	0.01	24	21600	买盘
14:32:45	8.99	-0.01	17	15283	卖盘
14:32:42	9.0	--	159	143100	买盘
14:32:39	9.0	--	29	26100	买盘
14:32:36	9.0	0.01	50	45000	买盘
14:32:33	8.99	-0.01	16	14384	卖盘
14:32:30	9.0	--	41	36900	买盘
14:32:27	9.0	0.01	2	1800	买盘
14:32:21	8.99	-0.01	8	7192	卖盘
14:32:06	9.0	0.01	22	19800	买盘
14:32:00	8.99	--	236	212164	买盘
14:31:57	8.99	--	1	899	买盘
14:31:51	8.99	--	6	5394	买盘
14:31:48	8.99	0.01	530	476470	买盘
14:31:42	8.98	--	11	9878	卖盘
14:31:39	8.98	-0.01	10	8980	卖盘
14:31:33	8.99	0.01	467	419833	买盘
14:31:30	8.98	--	40	35920	卖盘
14:31:27	8.98	--	6	5388	卖盘
14:31:24	8.98	--	32	28736	卖盘
14:31:21	8.98	--	134	120332	卖盘
14:31:18	8.98	--	1	898	卖盘
14:31:09	8.98	--	1	898	卖盘
14:31:06	8.98	--	2	1796	卖盘
14:31:03	8.98	--	50	44900	买盘
14:31:00	8.98	--	55	49390	买盘
14:30:57	8.98	0.01	2	1796	买盘
14:30:54	8.97	-0.01	32	28704	卖盘
14:30:48	8.98	--	19	17062	买盘
14:30:45	8.98	--	20	17960	买盘
14:30:42	8.98	0.01	30	26940	买盘
14:30:33	8.97	-0.01	10	8970	卖盘
14:30:30	8.98	--	5	4490	买盘
14:30:24	8.98	--	3	2694	买盘
14:30:15	8.98	--	43	38614	买盘
14:30:09	8.98	--	11	9878	买盘
14:30:03	8.98	--	2	1796	买盘
14:29:57	8.98	--	50	44900	买盘
14:29:51	8.98	--	7	6286	买盘
14:29:45	8.98	--	7	6286	买盘
14:29:39	8.98	--	41	36818	买盘
14:29:33	8.98	--	9	8082	买盘
14:29:27	8.98	--	7	6286	买盘
14:29:21	8.98	0.01	511	458878	买盘
14:29:18	8.97	-0.01	145	130065	卖盘
14:29:15	8.98	--	3	2694	买盘
14:29:06	8.98	--	9	8082	买盘
14:29:03	8.98	0.01	143	128414	买盘
14:29:00	8.97	--	31	27807	卖盘
14:28:48	8.97	--	192	172224	卖盘
14:28:42	8.97	-0.01	30	26910	卖盘
14:28:36	8.98	0.01	8	7184	买盘
14:28:33	8.97	--	14	12558	卖盘
14:28:27	8.97	--	8	7176	卖盘
14:28:18	8.97	-0.01	40	35880	卖盘
14:28:12	8.98	--	30	26940	买盘
14:27:51	8.98	0.01	1	898	买盘
14:27:48	8.97	-0.01	5	4485	卖盘
14:27:45	8.98	0.01	4	3592	买盘
14:27:30	8.97	-0.01	14	12558	卖盘
14:27:27	8.98	--	3	2694	买盘
14:27:18	8.98	--	20	17960	买盘
14:27:12	8.98	0.01	10	8980	买盘
14:27:06	8.97	-0.01	40	35880	卖盘
14:27:00	8.98	0.01	6	5388	买盘
14:26:54	8.97	--	25	22425	卖盘
14:26:45	8.97	--	2	1794	卖盘
14:26:42	8.97	--	34	30498	卖盘
14:26:36	8.97	--	17	16110	卖盘
14:26:33	8.97	--	60	53820	卖盘
14:26:27	8.97	-0.01	6	5382	卖盘
14:26:24	8.98	--	5	4490	买盘
14:26:21	8.98	--	28	25144	买盘
14:26:15	8.98	--	20	17960	买盘
14:26:12	8.98	--	3	2694	买盘
14:26:09	8.98	0.01	19	17062	买盘
14:26:06	8.97	-0.01	126	113022	卖盘
14:26:00	8.98	--	21	18858	买盘
14:25:48	8.98	0.01	5	4490	买盘
14:25:39	8.97	-0.01	3	2691	卖盘
14:25:33	8.98	--	40	35920	卖盘
14:25:30	8.98	-0.01	90	80820	卖盘
14:25:27	8.99	0.01	12	10788	买盘
14:25:24	8.98	-0.01	216	193968	卖盘
14:25:21	8.99	0.01	102	91698	买盘
14:25:18	8.98	--	40	35920	卖盘
14:25:15	8.98	-0.01	130	116740	卖盘
14:25:09	8.99	--	50	44950	买盘
14:25:00	8.99	--	4	3596	买盘
14:24:51	8.99	--	64	57536	买盘
14:24:48	8.99	--	63	56637	买盘
14:24:42	8.99	0.01	30	26970	买盘
14:24:36	8.98	--	2	1796	卖盘
14:24:30	8.98	--	777	697746	卖盘
14:24:24	8.98	--	187	167926	卖盘
14:24:18	8.98	--	52	46696	卖盘
14:24:12	8.98	-0.01	10	8980	卖盘
14:24:09	8.99	0.01	101	90799	买盘
14:24:00	8.98	--	148	132904	卖盘
14:23:57	8.98	-0.01	307	275686	卖盘
14:23:54	8.99	--	68	61132	买盘
14:23:42	8.99	--	29	26071	卖盘
14:23:33	8.99	--	1	899	卖盘
14:23:27	8.99	--	22	19778	买盘
14:23:24	8.99	-0.01	28	25172	卖盘
14:23:12	9.0	0.02	6	5400	买盘
14:23:03	8.98	-0.01	10	8980	卖盘
14:23:00	8.99	--	109	97991	买盘
14:22:51	8.99	--	10	8990	买盘
14:22:48	8.99	0.01	50	44950	买盘
14:22:45	8.98	-0.01	5	4490	卖盘
14:22:39	8.99	-0.01	151	135749	卖盘
14:22:27	9.0	0.01	20	18000	买盘
14:22:24	8.99	--	52	46748	买盘
14:22:21	8.99	--	71	63829	买盘
14:22:18	8.99	--	43	38657	买盘
14:22:15	8.99	--	10	8990	买盘
14:22:12	8.99	--	305	274195	买盘
14:22:09	8.99	0.01	21	18879	买盘
14:22:03	8.98	--	17	15266	卖盘
14:21:51	8.98	--	189	170494	买盘
14:21:45	8.98	--	439	394222	买盘
14:21:39	8.98	--	10	8980	买盘
14:21:36	8.98	--	5	4490	买盘
14:21:33	8.98	--	50	44900	买盘
14:21:30	8.98	--	22	19756	买盘
14:21:27	8.98	--	192	172541	卖盘
14:21:18	8.98	--	10	8980	卖盘
14:21:12	8.98	--	27	25018	买盘
14:21:09	8.98	--	24	21552	买盘
14:21:06	8.98	--	22	19756	买盘
14:21:03	8.98	--	10	8980	买盘
14:20:57	8.98	--	816	732768	买盘
14:20:51	8.98	--	20	17960	买盘
14:20:42	8.98	0.01	14	12572	买盘
14:20:39	8.97	-0.01	42	37674	卖盘
14:20:33	8.98	0.01	37	33226	买盘
14:20:30	8.97	-0.01	77	69069	卖盘
14:20:27	8.98	0.01	157	140986	买盘
14:20:21	8.97	--	2	1794	卖盘
14:20:18	8.97	--	71	63687	买盘
14:20:15	8.97	--	50	44850	买盘
14:20:12	8.97	--	120	107640	买盘
14:20:09	8.97	--	23	20631	买盘
14:20:06	8.97	--	26	23322	买盘
14:20:00	8.97	--	31	27807	买盘
14:19:57	8.97	--	24	21528	买盘
14:19:54	8.97	--	83	74451	卖盘
14:19:51	8.97	-0.01	2	1794	卖盘
14:19:48	8.98	0.01	81	72738	买盘
14:19:45	8.97	-0.01	10	8970	中性盘
14:19:36	8.98	0.01	73	65554	买盘
14:19:33	8.97	-0.01	452	405444	卖盘
14:19:30	8.98	--	54	48492	买盘
14:19:27	8.98	0.01	100	89800	买盘
14:19:24	8.97	--	409	366873	卖盘
14:19:15	8.97	-0.01	79	70863	卖盘
14:19:12	8.98	--	6	5388	买盘
14:19:09	8.98	0.01	20	17960	买盘
14:19:03	8.97	-0.01	28	25116	卖盘
14:19:00	8.98	0.01	6	5388	买盘
14:18:51	8.97	--	50	44850	卖盘
14:18:48	8.97	--	22	19734	卖盘
14:18:45	8.97	-0.01	60	53820	卖盘
14:18:36	8.98	--	2	1796	买盘
14:18:33	8.98	--	8	7184	买盘
14:18:27	8.98	--	10	8980	买盘
14:18:24	8.98	--	54	48492	买盘
14:18:21	8.98	-0.01	205	184458	卖盘
14:18:15	8.99	--	84	75516	买盘
14:18:06	8.99	0.01	10	8990	中性盘
14:17:54	8.98	-0.01	521	467858	卖盘
14:17:45	8.99	0.01	5	4495	中性盘
14:17:39	8.98	-0.01	600	538800	卖盘
14:17:33	8.99	--	6	5924	买盘
14:17:30	8.99	--	20	17980	买盘
14:17:27	8.99	--	20	17980	买盘
14:17:21	8.99	--	89	80379	卖盘
14:17:18	8.99	--	10	8990	卖盘
14:17:03	8.99	--	193	173507	卖盘
14:17:00	8.99	-0.01	87	78213	卖盘
14:16:57	9.0	--	150	135000	买盘
14:16:54	9.0	0.01	2	1800	买盘
14:16:51	8.99	--	12	11318	卖盘
14:16:48	8.99	-0.01	166	149234	卖盘
14:16:42	9.0	--	3	2700	买盘
14:16:36	9.0	--	14	12600	买盘
14:16:24	9.0	--	33	30105	卖盘
14:16:21	9.0	--	16	14895	买盘
14:16:18	9.0	--	251	226305	卖盘
14:16:15	9.0	--	11	9900	卖盘
14:16:12	9.0	--	10	9000	卖盘
14:16:09	9.0	--	3	2700	卖盘
14:16:06	9.0	--	41	36900	卖盘
14:15:57	9.0	--	14	12600	卖盘
14:15:51	9.0	--	355	319995	买盘
14:15:36	9.0	0.01	24	21600	买盘
14:15:27	8.99	-0.01	54	48546	卖盘
14:15:21	9.0	--	20	18000	买盘
14:15:09	9.0	-0.01	625	562905	卖盘
14:15:06	9.01	-0.01	107	96407	卖盘
14:15:03	9.02	--	363	327435	卖盘
14:15:00	9.02	-0.01	500	451000	卖盘
14:14:57	9.03	--	7	6321	买盘
14:14:54	9.03	--	99	90290	卖盘
14:14:51	9.03	--	50	45150	卖盘
14:14:48	9.03	--	50	45150	卖盘
14:14:45	9.03	--	5	4515	卖盘
14:14:42	9.03	--	52	46965	卖盘
14:14:33	9.03	--	6	5418	卖盘
14:14:24	9.03	-0.01	31	27992	卖盘
14:14:18	9.04	0.01	14	12655	买盘
14:14:12	9.03	--	10	9030	卖盘
14:14:09	9.03	--	5	4515	卖盘
14:14:03	9.03	-0.01	70	63209	卖盘
14:14:00	9.04	--	24	21695	买盘
14:13:54	9.04	--	3	2711	买盘
14:13:48	9.04	0.01	76	68704	买盘
14:13:45	9.03	--	30	27089	卖盘
14:13:42	9.03	-0.01	185	167055	卖盘
14:13:36	9.04	0.01	508	459231	买盘
14:13:33	9.03	--	5	4515	卖盘
14:13:21	9.03	--	5	4515	卖盘
14:13:15	9.03	--	10	9030	卖盘
14:13:09	9.03	0.01	23	20769	买盘
14:13:03	9.02	-0.01	69	62238	卖盘
14:13:00	9.03	0.01	22	19866	买盘
14:12:57	9.02	-0.01	25	22550	卖盘
14:12:45	9.03	0.01	24	21672	买盘
14:12:42	9.02	--	3	2706	卖盘
14:12:39	9.02	--	115	103730	卖盘
14:12:36	9.02	-0.01	6	5412	卖盘
14:12:33	9.03	--	11	9933	买盘
14:12:27	9.03	-0.01	53	47859	卖盘
14:12:24	9.04	--	2	1807	买盘
14:12:18	9.04	0.02	35	31639	买盘
14:12:09	9.02	-0.02	56	50512	卖盘
14:12:06	9.04	0.02	5	4520	中性盘
14:12:00	9.02	-0.03	36	32472	卖盘
14:11:54	9.05	0.03	2000	1810000	买盘
14:11:48	9.02	--	3	2706	卖盘
14:11:45	9.02	--	29	26158	卖盘
14:11:36	9.02	-0.01	20	18040	卖盘
14:11:24	9.03	--	1	902	卖盘
14:11:15	9.03	--	2	1805	卖盘
14:11:12	9.03	-0.01	20	18060	中性盘
14:11:09	9.04	0.01	504	455615	买盘
14:11:06	9.03	--	18	16253	卖盘
14:10:51	9.03	--	3	2709	卖盘
14:10:39	9.03	--	11	9933	卖盘
14:10:30	9.03	--	10	9030	卖盘
14:10:09	9.03	--	5	4515	卖盘
14:10:06	9.03	--	50	45150	卖盘
14:10:03	9.03	--	2	1805	卖盘
14:10:00	9.03	0.01	1120	1011359	买盘
14:09:57	9.02	-0.01	20	18040	卖盘
14:09:51	9.03	0.01	60	54179	买盘
14:09:48	9.02	--	1	902	卖盘
14:09:45	9.02	-0.01	32	28864	卖盘
14:09:36	9.03	0.01	11	9933	买盘
14:09:33	9.02	--	30	27060	卖盘
14:09:21	9.02	-0.01	20	18040	卖盘
14:09:18	9.03	--	10	9030	买盘
14:09:15	9.03	0.01	20	18060	买盘
14:09:12	9.02	-0.01	1	902	卖盘
14:08:57	9.03	0.01	51	46053	买盘
14:08:48	9.02	--	6	5412	卖盘
14:08:45	9.02	-0.01	75	67650	卖盘
14:08:33	9.03	--	2	1805	买盘
14:08:12	9.03	--	115	103844	卖盘
14:07:54	9.03	-0.01	116	104747	卖盘
14:07:36	9.04	-0.01	150	135600	卖盘
14:07:27	9.05	0.01	52	47060	买盘
14:07:24	9.04	-0.01	50	45199	卖盘
14:07:18	9.05	0.01	52	47060	买盘
14:07:15	9.04	--	2	1807	卖盘
14:07:09	9.04	-0.01	50	45199	卖盘
14:07:00	9.05	--	43	38915	买盘
14:06:57	9.05	--	44	39820	买盘
14:06:54	9.05	--	20	18100	买盘
14:06:51	9.05	0.01	1	905	买盘
14:06:48	9.04	-0.01	22	19887	卖盘
14:06:45	9.05	0.01	181	163805	买盘
14:06:42	9.04	-0.01	364	329055	卖盘
14:06:39	9.05	--	130	117650	买盘
14:06:36	9.05	--	2	1810	买盘
14:06:33	9.05	--	2	1810	买盘
14:06:24	9.05	0.01	27	24435	买盘
14:06:18	9.04	--	10	9040	买盘
14:06:09	9.04	0.01	21	18984	买盘
14:06:06	9.03	-0.01	23	20769	卖盘
14:06:03	9.04	0.01	90	81359	买盘
14:05:54	9.03	0.01	200	180600	买盘
14:05:51	9.02	-0.01	2	1804	卖盘
14:05:48	9.03	0.01	12	10836	买盘
14:05:36	9.02	--	810	731512	买盘
14:05:33	9.02	--	10	9020	买盘
14:05:24	9.02	--	21	18942	买盘
14:05:21	9.02	0.01	10	9020	买盘
14:05:09	9.01	-0.01	69	62169	卖盘
14:05:06	9.02	0.01	209	188518	买盘
14:05:00	9.01	--	116	104516	卖盘
14:04:51	9.01	--	468	421668	买盘
14:04:42	9.01	--	1	901	买盘
14:04:39	9.01	--	3	2703	买盘
14:04:33	9.01	--	35	31535	买盘
14:04:30	9.01	--	5	4505	买盘
14:04:03	9.01	0.01	190	171190	买盘
14:03:57	9.0	-0.01	3	2700	卖盘
14:03:54	9.01	--	53	47753	买盘
14:03:42	9.01	0.01	50	45050	买盘
14:03:33	9.0	--	163	146700	卖盘
14:03:21	9.0	--	113	102195	买盘
14:03:18	9.0	--	20	18000	买盘
14:03:15	9.0	--	102	91800	买盘
14:03:12	9.0	--	200	180000	买盘
14:03:09	9.0	--	10	9000	买盘
14:03:06	9.0	--	1	900	买盘
14:03:03	9.0	--	300	270000	买盘
14:03:00	9.0	--	30	27000	买盘
14:02:54	9.0	--	7	6300	买盘
14:02:42	9.0	--	290	261000	买盘
14:02:30	9.0	0.01	15	13500	买盘
14:02:27	8.99	--	50	44950	卖盘
14:02:24	8.99	--	10	8990	卖盘
14:02:21	8.99	--	3	2697	卖盘
14:02:18	8.99	--	200	179800	卖盘
14:02:15	8.99	--	2	1798	卖盘
14:02:09	8.99	--	18	16182	卖盘
14:02:06	8.99	--	10	8990	中性盘
14:01:57	8.99	--	3	2697	买盘
14:01:54	8.99	-0.01	2	1798	卖盘
14:01:48	9.0	0.01	70	63000	买盘
14:01:45	8.99	--	10	8990	卖盘
14:01:39	8.99	-0.01	200	179800	卖盘
14:01:36	9.0	--	9	8100	买盘
14:01:33	9.0	--	11	9900	买盘
14:01:30	9.0	--	9	8100	买盘
14:01:27	9.0	--	30	27000	买盘
14:01:24	9.0	0.01	29	26100	买盘
14:01:21	8.99	--	36	32364	卖盘
14:01:18	8.99	-0.01	7	6293	卖盘
14:01:15	9.0	0.01	400	360000	买盘
14:01:12	8.99	--	6	5394	卖盘
14:01:03	8.99	-0.01	137	123163	卖盘
14:01:00	9.0	--	50	45000	买盘
14:00:57	9.0	--	1	900	买盘
14:00:51	9.0	0.01	5	4500	买盘
14:00:48	8.99	-0.01	38	34162	卖盘
14:00:39	9.0	0.01	500	450000	买盘
14:00:36	8.99	--	20	17980	卖盘
14:00:30	8.99	-0.01	140	125860	卖盘
14:00:27	9.0	0.01	19	17100	买盘
14:00:18	8.99	--	3	2697	卖盘
14:00:15	8.99	-0.01	28	25172	卖盘
14:00:09	9.0	0.01	12	10800	买盘
13:59:57	8.99	--	7	6293	买盘
13:59:42	8.99	--	11	9889	卖盘
13:59:36	8.99	--	16	14384	买盘
13:59:33	8.99	--	35	31465	买盘
13:59:27	8.99	--	21	18879	买盘
13:59:21	8.99	--	15	13485	买盘
13:59:18	8.99	--	33	29667	买盘
13:59:15	8.99	--	20	17980	买盘
13:59:12	8.99	--	9	8091	买盘
13:59:09	8.99	--	17	15283	买盘
13:59:03	8.99	--	35	31465	买盘
13:59:00	8.99	0.01	14	12586	买盘
13:58:54	8.98	-0.01	2	1796	卖盘
13:58:51	8.99	--	4	3596	买盘
13:58:45	8.99	-0.01	151	135749	卖盘
13:58:39	9.0	0.02	67	60300	买盘
13:58:18	8.98	-0.02	206	184988	卖盘
13:58:15	9.0	0.01	264	237600	买盘
13:58:09	8.99	0.01	10	8990	买盘
13:58:00	8.98	--	21	18858	卖盘
13:57:57	8.98	--	55	49390	买盘
13:57:54	8.98	--	2	1796	买盘
13:57:48	8.98	--	2	1796	买盘
13:57:45	8.98	--	180	161640	卖盘
13:57:36	8.98	--	15	13470	卖盘
13:57:33	8.98	-0.01	52	46696	卖盘
13:57:21	8.99	0.01	42	37758	买盘
13:57:15	8.98	--	26	23348	卖盘
13:57:06	8.98	--	79	70942	买盘
13:57:03	8.98	--	71	63758	买盘
13:57:00	8.98	--	10	8980	买盘
13:56:54	8.98	--	55	49390	卖盘
13:56:51	8.98	--	50	44900	卖盘
13:56:48	8.98	-0.01	1	898	卖盘
13:56:42	8.99	--	205	184295	买盘
13:56:39	8.99	0.01	50	44950	买盘
13:56:30	8.98	--	42	37716	卖盘
13:56:21	8.98	--	18	16164	卖盘
13:56:15	8.98	--	5	4490	卖盘
13:56:12	8.98	0.01	223	200254	买盘
13:56:03	8.97	--	10	8970	卖盘
13:56:00	8.97	-0.01	23	20631	卖盘
13:55:33	8.98	--	10	8980	买盘
13:55:30	8.98	--	45	40410	买盘
13:55:27	8.98	--	31	27838	卖盘
13:55:24	8.98	--	55	49390	卖盘
13:55:03	8.98	-0.01	50	44900	卖盘
13:54:54	8.99	0.01	1	899	买盘
13:54:48	8.98	--	50	44900	卖盘
13:54:45	8.98	--	1	898	卖盘
13:54:42	8.98	--	124	111352	卖盘
13:54:39	8.98	-0.01	17	15266	卖盘
13:54:36	8.99	0.01	60	53940	买盘
13:54:30	8.98	--	2	1796	卖盘
13:54:27	8.98	-0.01	16	14368	卖盘
13:54:18	8.99	0.01	66	59334	买盘
13:54:12	8.98	--	14	12572	卖盘
13:54:06	8.98	--	1	898	卖盘
13:54:00	8.98	--	2	1796	卖盘
13:53:57	8.98	--	3	2694	卖盘
13:53:45	8.98	--	78	70044	卖盘
13:53:39	8.98	--	13	11674	卖盘
13:53:36	8.98	--	10	8980	卖盘
13:53:33	8.98	--	9	8082	卖盘
13:53:30	8.98	--	2	1796	卖盘
13:53:27	8.98	--	26	23348	卖盘
13:53:24	8.98	--	20	17960	卖盘
13:53:18	8.98	-0.01	35	31430	卖盘
13:53:15	8.99	0.01	2	1798	买盘
13:53:12	8.98	--	169	151762	卖盘
13:53:00	8.98	--	10	8980	卖盘
13:52:57	8.98	--	33	29634	卖盘
13:52:48	8.98	--	180	161640	卖盘
13:52:45	8.98	--	6	5388	卖盘
13:52:42	8.98	--	6	5388	卖盘
13:52:36	8.98	--	7	6286	卖盘
13:52:33	8.98	--	16	14368	卖盘
13:52:27	8.98	--	114	102372	卖盘
13:52:15	8.98	--	6	5388	卖盘
13:52:12	8.98	-0.01	10	8980	卖盘
13:52:09	8.99	--	10	8990	买盘
13:52:06	8.99	0.01	1	899	买盘
13:51:54	8.98	--	50	44900	卖盘
13:51:45	8.98	--	4	3592	卖盘
13:51:42	8.98	-0.01	115	103270	卖盘
13:51:39	8.99	0.01	1	899	买盘
13:51:36	8.98	--	58	52084	卖盘
13:51:33	8.98	-0.01	33	29634	卖盘
13:51:24	8.99	--	42	37758	卖盘
13:51:21	8.99	--	50	44950	卖盘
13:51:18	8.99	--	20	17980	卖盘
13:51:15	8.99	--	10	8990	卖盘
13:51:03	8.99	--	7	6293	卖盘
13:51:00	8.99	-0.01	43	38657	卖盘
13:50:57	9.0	0.01	53	47700	买盘
13:50:54	8.99	-0.01	7	6293	卖盘
13:50:51	9.0	0.01	40	36000	买盘
13:50:48	8.99	--	200	179800	卖盘
13:50:42	8.99	--	50	44950	卖盘
13:50:39	8.99	-0.01	2	1798	卖盘
13:50:36	9.0	0.01	37	33300	买盘
13:50:33	8.99	-0.01	46	41354	卖盘
13:50:27	9.0	0.01	3	2700	买盘
13:50:24	8.99	-0.01	56	50344	卖盘
13:50:21	9.0	--	3	2700	卖盘
13:50:18	9.0	0.01	14	12600	卖盘
13:50:15	8.99	-0.01	610	548390	卖盘
13:50:09	9.0	-0.01	116	104400	卖盘
13:50:06	9.01	--	152	136952	买盘
13:50:03	9.01	0.01	22	19822	买盘
13:50:00	9.0	-0.01	20	18000	卖盘
13:49:57	9.01	0.01	20	18020	买盘
13:49:51	9.0	--	51	45900	卖盘
13:49:48	9.0	--	6	5400	卖盘
13:49:45	9.0	--	30	27000	卖盘
13:49:39	9.0	-0.01	7	6300	卖盘
13:49:36	9.01	0.01	1	901	买盘
13:49:33	9.0	--	1	900	卖盘
13:49:27	9.0	--	23	20700	卖盘
13:49:09	9.0	--	41	36900	卖盘
13:48:57	9.0	-0.01	20	18000	卖盘
13:48:54	9.01	0.01	9	8109	买盘
13:48:48	9.0	--	40	36000	卖盘
13:48:45	9.0	--	3	2700	卖盘
13:48:39	9.0	--	62	55800	卖盘
13:48:21	9.0	-0.01	6	5400	卖盘
13:48:15	9.01	0.01	10	9010	买盘
13:48:09	9.0	--	5	4500	卖盘
13:48:06	9.0	--	12	10800	卖盘
13:48:03	9.0	--	28	25200	卖盘
13:48:00	9.0	-0.01	10	9000	卖盘
13:47:54	9.01	0.01	1	901	买盘
13:47:51	9.0	--	10	9000	卖盘
13:47:33	9.0	--	8	7200	卖盘
13:47:27	9.0	--	12	10800	买盘
13:47:15	9.0	--	3	2700	买盘
13:47:12	9.0	--	8	7200	卖盘
13:47:09	9.0	-0.01	20	18000	卖盘
13:47:03	9.01	0.01	22	19822	买盘
13:47:00	9.0	--	25	22500	卖盘
13:46:54	9.0	--	73	65700	买盘
13:46:51	9.0	--	269	242100	买盘
13:46:45	9.0	--	31	27900	买盘
13:46:39	9.0	--	50	45000	买盘
13:46:30	9.0	--	20	18000	买盘
13:46:27	9.0	0.01	35	31500	买盘
13:46:18	8.99	-0.01	1	899	卖盘
13:46:15	9.0	--	50	45000	买盘
13:46:12	9.0	--	10	9000	买盘
13:46:09	9.0	0.01	8	7200	买盘
13:46:06	8.99	--	220	197780	卖盘
13:46:03	8.99	--	36	32364	卖盘
13:46:00	8.99	-0.01	7	6293	卖盘
13:45:57	9.0	0.01	1	900	买盘
13:45:36	8.99	--	1	899	卖盘
13:45:27	8.99	-0.01	202	181598	卖盘
13:45:18	9.0	--	27	24300	买盘
13:45:15	9.0	--	50	45000	买盘
13:45:12	9.0	--	22	19800	买盘
13:44:54	9.0	0.02	10	9000	买盘
13:44:51	8.98	--	186	167028	卖盘
13:44:48	8.98	--	80	71840	卖盘
13:44:39	8.98	--	1	898	卖盘
13:44:30	8.98	-0.01	3	2694	卖盘
13:44:27	8.99	--	28	25172	买盘
13:44:21	8.99	--	40	35960	买盘
13:44:15	8.99	--	60	53940	买盘
13:44:09	8.99	--	5	4495	买盘
13:44:06	8.99	0.01	10	8990	买盘
13:44:03	8.98	-0.01	7	6286	卖盘
13:44:00	8.99	--	6	5394	买盘
13:43:57	8.99	-0.01	312	280488	卖盘
13:43:54	9.0	--	30	27000	买盘
13:43:51	9.0	--	21	18900	买盘
13:43:48	9.0	0.01	47	42300	买盘
13:43:45	8.99	--	68	61132	卖盘
13:43:39	8.99	-0.01	13	11687	卖盘
13:43:36	9.0	0.01	25	22500	买盘
13:43:30	8.99	-0.01	4	3596	卖盘
13:43:27	9.0	--	18	16200	买盘
13:43:21	9.0	0.01	23	20700	买盘
13:43:12	8.99	--	51	45849	卖盘
13:43:09	8.99	-0.01	16	14384	卖盘
13:43:06	9.0	--	30	27000	买盘
13:43:00	9.0	--	1	900	买盘
13:42:57	9.0	--	30	27000	买盘
13:42:54	9.0	--	11	9900	买盘
13:42:39	9.0	--	12	10800	买盘
13:42:36	9.0	--	233	209700	买盘
13:42:12	9.0	0.01	10	9000	买盘
13:42:03	8.99	--	15	13485	卖盘
13:42:00	8.99	--	10	8990	卖盘
13:41:54	8.99	0.01	221	198679	买盘
13:41:45	8.98	0.01	124	111352	买盘
13:41:39	8.97	--	16	14352	卖盘
13:41:33	8.97	-0.01	20	17940	买盘
13:41:30	8.98	0.01	24	21552	买盘
13:41:24	8.97	-0.02	79	70863	卖盘
13:41:06	8.99	0.01	6	5394	买盘
13:41:00	8.98	-0.01	128	114944	卖盘
13:40:57	8.99	-0.01	38	34162	卖盘
13:40:54	9.0	0.01	1	900	买盘
13:40:45	8.99	--	14	12586	买盘
13:40:39	8.99	--	10	8990	买盘
13:40:33	8.99	-0.01	11	9889	买盘
13:40:09	9.0	0.01	30	27000	买盘
13:40:06	8.99	--	10	8990	卖盘
13:40:00	8.99	--	8	7192	卖盘
13:39:57	8.99	-0.01	2	1798	卖盘
13:39:54	9.0	--	8	7200	买盘
13:39:48	9.0	--	10	9000	买盘
13:39:45	9.0	--	5	4500	买盘
13:39:39	9.0	--	10	9000	买盘
13:39:36	9.0	--	37	33300	卖盘
13:39:27	9.0	--	14	12600	卖盘
13:39:24	9.0	--	26	23400	卖盘
13:39:21	9.0	--	4	3600	卖盘
13:39:15	9.0	0.02	123	110700	买盘
13:39:09	8.98	-0.01	98	88004	卖盘
13:38:57	8.99	--	50	44950	买盘
13:38:54	8.99	--	40	35960	买盘
13:38:51	8.99	0.01	1	899	买盘
13:38:48	8.98	-0.01	15	13470	卖盘
13:38:42	8.99	--	43	38657	买盘
13:38:36	8.99	--	16	14384	卖盘
13:38:33	8.99	--	10	8990	卖盘
13:38:27	8.99	0.01	15	13485	买盘
13:38:18	8.98	0.01	5	4490	中性盘
13:38:09	8.97	--	336	301392	卖盘
13:37:51	8.97	0.01	30	26910	买盘
13:37:36	8.96	--	6	5376	卖盘
13:37:33	8.96	--	8	7168	买盘
13:37:30	8.96	--	10	8960	买盘
13:37:27	8.96	--	4	3584	买盘
13:37:21	8.96	0.01	20	17920	买盘
13:37:15	8.95	-0.01	39	34905	卖盘
13:37:12	8.96	--	27	24192	买盘
13:37:09	8.96	0.01	5	4480	买盘
13:37:06	8.95	--	40	35800	卖盘
13:37:03	8.95	--	2	1789	卖盘
13:36:57	8.95	--	55	49224	卖盘
13:36:48	8.95	--	9	8054	卖盘
13:36:42	8.95	--	2	1789	卖盘
13:36:39	8.95	--	10	8950	卖盘
13:36:36	8.95	--	24	21480	卖盘
13:36:33	8.95	--	68	60859	卖盘
13:36:30	8.95	-0.02	80	71600	卖盘
13:36:27	8.97	0.02	10	8970	买盘
13:36:21	8.95	--	7	6264	卖盘
13:36:12	8.95	-0.01	384	344503	卖盘
13:36:09	8.96	--	200	179200	卖盘
13:35:51	8.96	-0.01	111	99456	卖盘
13:35:48	8.97	0.01	2	1794	买盘
13:35:42	8.96	-0.01	20	17920	卖盘
13:35:39	8.97	--	6	5382	买盘
13:35:36	8.97	-0.01	381	342645	卖盘
13:35:30	8.98	0.01	4	3600	买盘
13:35:24	8.97	--	20	17940	卖盘
13:35:21	8.97	-0.01	55	49335	卖盘
13:35:18	8.98	0.01	64	57472	买盘
13:35:15	8.97	--	58	52026	卖盘
13:35:09	8.97	--	57	51129	卖盘
13:35:06	8.97	--	5	4485	卖盘
13:35:03	8.97	--	31	27807	卖盘
13:35:00	8.97	--	18	16146	卖盘
13:34:57	8.97	--	2	1794	卖盘
13:34:51	8.97	--	45	40365	卖盘
13:34:45	8.97	--	180	161460	卖盘
13:34:39	8.97	-0.01	45	40365	卖盘
13:34:36	8.98	--	18	16164	买盘
13:34:30	8.98	--	55	49390	买盘
13:34:27	8.98	0.01	18	16164	买盘
13:34:24	8.97	-0.01	23	20631	卖盘
13:34:21	8.98	--	10	8980	买盘
13:34:15	8.98	0.01	54	48492	买盘
13:34:12	8.97	-0.01	60	53820	卖盘
13:34:09	8.98	--	102	91596	买盘
13:34:06	8.98	--	57	51186	买盘
13:34:03	8.98	--	20	17960	买盘
13:34:00	8.98	0.01	10	8980	买盘
13:33:57	8.97	-0.01	11	9867	卖盘
13:33:54	8.98	--	20	17960	买盘
13:33:48	8.98	0.01	106	95188	买盘
13:33:45	8.97	-0.01	150	134550	卖盘
13:33:42	8.98	0.01	100	89800	买盘
13:33:39	8.97	-0.01	42	37674	卖盘
13:33:36	8.98	0.01	61	54778	买盘
13:33:33	8.97	-0.01	46	41262	卖盘
13:33:24	8.98	--	165	148170	买盘
13:33:21	8.98	--	62	55676	买盘
13:33:18	8.98	--	16	14368	买盘
13:33:12	8.98	--	53	47594	买盘
13:33:09	8.98	-0.01	503	452583	卖盘
13:33:03	8.99	0.01	5	4495	买盘
13:32:57	8.98	-0.01	20	17960	卖盘
13:32:51	8.99	0.01	22	19778	买盘
13:32:48	8.98	-0.01	11	9878	卖盘
13:32:45	8.99	0.01	57	51243	买盘
13:32:39	8.98	--	30	26940	卖盘
13:32:36	8.98	-0.01	18	16164	卖盘
13:32:30	8.99	0.01	30	26970	买盘
13:32:27	8.98	-0.01	63	56574	卖盘
13:32:24	8.99	--	4	3596	买盘
13:32:21	8.99	--	10	8990	买盘
13:32:15	8.99	0.01	13	11687	买盘
13:32:09	8.98	--	107	96086	卖盘
13:32:06	8.98	--	16	14368	卖盘
13:32:03	8.98	-0.01	20	17960	卖盘
13:32:00	8.99	--	100	89900	买盘
13:31:51	8.99	--	6	5394	买盘
13:31:48	8.99	--	1	899	买盘
13:31:45	8.99	--	22	19778	买盘
13:31:36	8.99	-0.01	170	152830	卖盘
13:31:33	9.0	0.01	20	18000	买盘
13:31:27	8.99	--	2	1798	卖盘
13:31:24	8.99	--	9	8091	卖盘
13:31:21	8.99	-0.01	10	8990	卖盘
13:31:15	9.0	--	21	18900	买盘
13:31:12	9.0	--	2	1800	买盘
13:31:09	9.0	--	6	5400	买盘
13:31:06	9.0	--	273	245700	卖盘
13:31:03	9.0	-0.01	50	45000	卖盘
13:30:57	9.01	0.01	14	12614	买盘
13:30:54	9.0	--	3	2700	卖盘
13:30:51	9.0	--	81	72900	卖盘
13:30:48	9.0	--	7	6300	卖盘
13:30:45	9.0	-0.01	2	1800	卖盘
13:30:42	9.01	--	12	10812	买盘
13:30:24	9.01	-0.01	15	13515	卖盘
13:30:21	9.02	0.01	3	2706	买盘
13:30:18	9.01	--	9	8109	卖盘
13:30:15	9.01	--	1	901	中性盘
13:30:09	9.01	--	28	25228	买盘
13:30:03	9.01	0.01	69	62169	买盘
13:29:57	9.0	-0.01	5	4500	卖盘
13:29:54	9.01	--	1	901	买盘
13:29:51	9.01	0.01	1	901	买盘
13:29:45	9.0	--	2	1800	卖盘
13:29:42	9.0	0.02	24	21600	买盘
13:29:39	8.98	-0.02	400	359200	卖盘
13:29:30	9.0	--	70	63000	卖盘
13:29:24	9.0	--	2	1800	卖盘
13:29:21	9.0	--	120	108000	卖盘
13:29:15	9.0	-0.01	43	38700	卖盘
13:29:12	9.01	--	8	7208	买盘
13:29:09	9.01	0.01	12	10812	买盘
13:29:06	9.0	--	13	11700	卖盘
13:29:03	9.0	--	20	18000	卖盘
13:29:00	9.0	-0.01	3	2700	卖盘
13:28:57	9.01	0.01	9	8109	买盘
13:28:51	9.0	--	34	30600	卖盘
13:28:48	9.0	--	318	286200	卖盘
13:28:45	9.0	-0.01	9	8100	卖盘
13:28:42	9.01	0.01	16	14416	买盘
13:28:39	9.0	--	13	11700	卖盘
13:28:33	9.0	-0.01	5	4500	卖盘
13:28:30	9.01	0.01	1	901	买盘
13:28:24	9.0	-0.01	8	7200	卖盘
13:28:21	9.01	--	30	27030	买盘
13:28:12	9.01	--	26	23426	买盘
13:28:03	9.01	0.01	400	360400	买盘
13:28:00	9.0	-0.01	179	161100	卖盘
13:27:54	9.01	--	26	23426	买盘
13:27:45	9.01	0.01	30	27030	买盘
13:27:42	9.0	--	8	7200	卖盘
13:27:39	9.0	-0.01	21	18900	卖盘
13:27:36	9.01	0.01	30	27030	买盘
13:27:33	9.0	-0.01	155	139500	卖盘
13:27:24	9.01	--	17	15317	买盘
13:27:21	9.01	0.01	20	18020	中性盘
13:27:12	9.0	--	95	85500	买盘
13:27:06	9.0	--	6	5400	买盘
13:27:03	9.0	--	3	2700	买盘
13:27:00	9.0	-0.01	167	150300	卖盘
13:26:57	9.01	--	2	1802	卖盘
13:26:54	9.01	--	105	94605	卖盘
13:26:51	9.01	0.01	96	86496	买盘
13:26:48	9.0	-0.01	200	180000	卖盘
13:26:45	9.01	0.01	21	18921	买盘
13:26:42	9.0	--	70	63000	卖盘
13:26:39	9.0	-0.01	18	16200	卖盘
13:26:24	9.01	--	61	54961	买盘
13:26:21	9.01	0.01	30	27030	买盘
13:26:18	9.0	-0.01	13	11700	卖盘
13:26:15	9.01	0.01	14	12614	买盘
13:26:12	9.0	-0.01	12	10800	卖盘
13:26:09	9.01	0.01	59	53159	买盘
13:26:06	9.0	-0.01	11	9900	卖盘
13:26:00	9.01	--	25	22525	买盘
13:25:51	9.01	--	10	9010	买盘
13:25:45	9.01	0.01	118	106318	买盘
13:25:39	9.0	--	5	4500	卖盘
13:25:36	9.0	-0.01	3	2700	卖盘
13:25:33	9.01	0.01	25	22525	买盘
13:25:24	9.0	--	103	92700	卖盘
13:25:18	9.0	-0.02	171	153900	卖盘
13:25:12	9.02	0.01	104	93808	买盘
13:25:09	9.01	--	5	4505	买盘
13:25:06	9.01	-0.01	11	9911	卖盘
13:25:03	9.02	0.01	56	50512	买盘
13:25:00	9.01	-0.01	2	1802	卖盘
13:24:57	9.02	--	10	9020	买盘
13:24:54	9.02	--	2028	1829256	买盘
13:24:48	9.02	--	3	2706	买盘
13:24:45	9.02	--	9	8118	买盘
13:24:42	9.02	-0.01	10	9020	中性盘
13:24:33	9.03	0.02	250	225749	买盘
13:24:30	9.01	--	2	1802	卖盘
13:24:27	9.01	-0.01	2	1802	卖盘
13:24:21	9.02	0.01	1	902	中性盘
13:24:18	9.01	-0.02	1039	936139	卖盘
13:24:15	9.03	0.01	33	29798	买盘
13:24:12	9.02	--	20	18040	卖盘
13:24:09	9.02	--	40	36080	卖盘
13:24:03	9.02	--	41	36982	卖盘
13:23:57	9.02	--	22	19844	卖盘
13:23:54	9.02	--	67	60434	卖盘
13:23:42	9.02	-0.01	19	17138	卖盘
13:23:36	9.03	0.01	30	27089	买盘
13:23:30	9.02	-0.01	25	22550	卖盘
13:23:27	9.03	--	100	90300	买盘
13:23:24	9.03	0.01	13	11739	买盘
13:23:18	9.02	-0.01	1	902	卖盘
13:23:15	9.03	0.01	2	1805	买盘
13:23:09	9.02	-0.01	151	136202	卖盘
13:23:06	9.03	-0.01	467	421700	卖盘
13:22:54	9.04	-0.01	6	5423	卖盘
13:22:51	9.05	-0.01	3	2715	卖盘
13:22:48	9.06	0.02	28	25368	买盘
13:22:42	9.04	--	12	10847	卖盘
13:22:39	9.04	-0.01	100	90399	卖盘
13:22:33	9.05	0.01	58	52490	买盘
13:22:27	9.04	--	30	27119	卖盘
13:22:21	9.04	-0.01	17	15367	卖盘
13:22:18	9.05	--	13	11765	买盘
13:22:15	9.05	--	3	2715	买盘
13:22:09	9.05	--	24	21720	卖盘
13:22:06	9.05	-0.01	61	55205	卖盘
13:22:03	9.06	--	9	8154	买盘
13:22:00	9.06	--	5	4530	买盘
13:21:45	9.06	0.01	4	3624	买盘
13:21:42	9.05	-0.01	40	36200	卖盘
13:21:39	9.06	--	8	7248	卖盘
13:21:36	9.06	--	212	192072	卖盘
13:21:33	9.06	--	11	9966	卖盘
13:21:27	9.06	--	100	90600	卖盘
13:21:18	9.06	--	61	55266	卖盘
13:21:15	9.06	0.01	51	46206	买盘
13:21:09	9.05	-0.01	5	4525	卖盘
13:21:03	9.06	--	170	154020	卖盘
13:20:57	9.06	--	3	2718	卖盘
13:20:39	9.06	-0.01	11	9966	卖盘
13:20:33	9.07	--	26	23582	买盘
13:20:30	9.07	0.01	27	24489	买盘
13:20:24	9.06	--	13	11778	卖盘
13:20:18	9.06	0.01	37	33522	中性盘
13:20:06	9.05	-0.01	127	114935	卖盘
13:20:00	9.06	0.01	54	48924	买盘
13:19:57	9.05	-0.01	5	4525	卖盘
13:19:48	9.06	--	59	53454	买盘
13:19:42	9.06	--	33	29898	买盘
13:19:33	9.06	0.01	32	28992	买盘
13:19:24	9.05	-0.01	60	54300	卖盘
13:19:21	9.06	--	60	54360	买盘
13:19:18	9.06	--	13	11778	买盘
13:19:12	9.06	--	2	1812	买盘
13:19:06	9.06	0.01	58	52548	买盘
13:18:51	9.05	-0.01	9	8145	卖盘
13:18:48	9.06	0.01	161	145866	买盘
13:18:42	9.05	--	17	15385	卖盘
13:18:39	9.05	--	34	30770	卖盘
13:18:30	9.05	--	14	12670	卖盘
13:18:21	9.05	--	3	2715	买盘
13:18:18	9.05	--	88	79640	买盘
13:18:12	9.05	--	6	5430	买盘
13:18:06	9.05	0.01	6	5430	买盘
13:18:03	9.04	-0.01	21	18984	卖盘
13:17:57	9.05	0.01	88	79640	买盘
13:17:51	9.04	--	30	27119	卖盘
13:17:39	9.04	-0.01	5	4520	卖盘
13:17:33	9.05	--	18	16290	买盘
13:17:24	9.05	0.01	8	7240	买盘
13:17:21	9.04	--	10	9040	卖盘
13:17:18	9.04	-0.01	20	18080	卖盘
13:17:15	9.05	0.01	5	4525	买盘
13:17:12	9.04	--	200	180799	卖盘
13:17:03	9.04	--	44	39775	买盘
13:17:00	9.04	--	81	73224	买盘
13:16:57	9.04	0.01	18	16271	买盘
13:16:54	9.03	-0.01	8	7223	卖盘
13:16:51	9.04	0.01	118	106671	买盘
13:16:42	9.03	--	10	9030	卖盘
13:16:39	9.03	-0.01	2	1805	卖盘
13:16:36	9.04	0.01	5	4520	买盘
13:16:33	9.03	--	2	1805	卖盘
13:16:18	9.03	-0.01	25	22575	卖盘
13:16:15	9.04	--	5	4520	买盘
13:16:09	9.04	--	11	9943	买盘
13:15:54	9.04	--	10	9040	买盘
13:15:51	9.04	--	9	8135	买盘
13:15:48	9.04	--	10	9040	卖盘
13:15:45	9.04	--	20	18080	卖盘
13:15:21	9.04	--	45	40679	买盘
13:15:18	9.04	--	10	9040	买盘
13:15:12	9.04	--	51	46103	卖盘
13:15:06	9.04	--	30	27119	卖盘
13:15:03	9.04	--	29	26215	卖盘
13:14:48	9.04	--	50	45199	卖盘
13:14:45	9.04	--	10	9040	卖盘
13:14:42	9.04	--	23	20791	卖盘
13:14:39	9.04	--	3	2711	买盘
13:14:36	9.04	--	14	12655	买盘
13:14:33	9.04	0.01	6	5423	买盘
13:14:30	9.03	--	141	127322	卖盘
13:14:24	9.03	-0.01	10	9030	卖盘
13:14:18	9.04	0.01	266	240463	买盘
13:14:12	9.03	--	3	2709	卖盘
13:14:09	9.03	--	83	74949	卖盘
13:14:06	9.03	--	51	46053	卖盘
13:14:03	9.03	-0.01	338	305214	卖盘
13:14:00	9.04	0.01	1	903	买盘
13:13:51	9.03	--	2	1805	卖盘
13:13:45	9.03	-0.01	209	188727	卖盘
13:13:30	9.04	--	20	18080	买盘
13:13:21	9.04	--	35	31639	买盘
13:13:18	9.04	-0.02	553	499911	卖盘
13:13:15	9.06	0.01	3	2718	买盘
13:13:12	9.05	--	4	3620	卖盘
13:13:00	9.05	-0.01	48	43440	买盘
13:12:57	9.06	0.02	9	8154	买盘
13:12:51	9.04	-0.02	40	36160	卖盘
13:12:48	9.06	--	23	20838	买盘
13:12:45	9.06	--	59	53454	买盘
13:12:36	9.06	0.01	1	906	买盘
13:12:33	9.05	--	20	18100	卖盘
13:12:30	9.05	--	23	20815	卖盘
13:12:09	9.05	--	90	81450	卖盘
13:12:06	9.05	-0.01	9	8145	卖盘
13:12:03	9.06	0.01	2	1812	买盘
13:12:00	9.05	-0.01	200	181000	卖盘
13:11:57	9.06	--	36	32616	买盘
13:11:54	9.06	--	464	420384	卖盘
13:11:48	9.06	-0.01	38	34428	卖盘
13:11:45	9.07	--	8	7256	买盘
13:11:42	9.07	--	11	9977	买盘
13:11:36	9.07	--	4	3628	买盘
13:11:30	9.07	--	350	317450	买盘
13:11:21	9.07	--	30	27210	买盘
13:11:18	9.07	-0.01	569	516083	卖盘
13:11:09	9.08	-0.01	30	27240	卖盘
13:11:03	9.09	--	60	54540	买盘
13:11:00	9.09	--	5	4545	买盘
13:10:57	9.09	0.01	100	90900	买盘
13:10:54	9.08	--	5	4540	卖盘
13:10:51	9.08	--	10	9080	卖盘
13:10:36	9.08	--	4	3632	卖盘
13:10:33	9.08	--	92	83536	买盘
13:10:27	9.08	0.01	15	13620	买盘
13:10:24	9.07	-0.01	14	12698	卖盘
13:10:21	9.08	0.01	51	46308	买盘
13:10:18	9.07	--	68	61676	卖盘
13:10:15	9.07	-0.01	75	68025	卖盘
13:10:12	9.08	--	16	14528	买盘
13:10:06	9.08	--	44	39952	买盘
13:10:03	9.08	--	10	9080	买盘
13:09:57	9.08	--	17	15436	买盘
13:09:54	9.08	--	1	908	买盘
13:09:51	9.08	0.01	42	38136	买盘
13:09:45	9.07	--	2	1814	卖盘
13:09:42	9.07	-0.01	32	29024	卖盘
13:09:39	9.08	0.01	4	3632	买盘
13:09:33	9.07	--	2	1814	卖盘
13:09:30	9.07	-0.01	5	4535	卖盘
13:09:27	9.08	0.01	64	58112	买盘
13:09:24	9.07	-0.01	2	1814	卖盘
13:09:21	9.08	0.01	1	908	买盘
13:09:15	9.07	-0.01	1	907	卖盘
13:09:09	9.08	0.01	6	5448	买盘
13:09:00	9.07	0.01	91	82537	买盘
13:08:54	9.06	--	10	9060	卖盘
13:08:48	9.06	--	11	9966	卖盘
13:08:45	9.06	--	17	15402	卖盘
13:08:42	9.06	--	11	9966	卖盘
13:08:39	9.06	--	6	5436	卖盘
13:08:36	9.06	0.01	18	16308	买盘
13:08:33	9.05	-0.01	3	2715	卖盘
13:08:30	9.06	0.01	10	9060	买盘
13:08:27	9.05	-0.01	723	654315	卖盘
13:08:18	9.06	--	70	63420	买盘
13:08:15	9.06	--	10	9060	买盘
13:08:12	9.06	--	5	4530	买盘
13:08:09	9.06	0.01	60	54360	买盘
13:08:06	9.05	-0.01	10	9050	卖盘
13:08:03	9.06	0.01	60	54360	买盘
13:07:51	9.05	-0.01	125	113125	卖盘
13:07:42	9.06	--	10	9060	买盘
13:07:39	9.06	--	136	123216	买盘
13:07:33	9.06	--	253	229218	卖盘
13:07:30	9.06	-0.01	500	453000	卖盘
13:07:27	9.07	0.01	23	20861	买盘
13:07:24	9.06	--	138	125028	卖盘
13:07:21	9.06	-0.01	1	906	卖盘
13:07:18	9.07	--	47	42629	买盘
13:07:15	9.07	--	1	907	买盘
13:07:12	9.07	--	1	907	买盘
13:07:09	9.07	--	40	36280	买盘
13:07:06	9.07	-0.01	5	4535	卖盘
13:07:03	9.08	0.01	50	45400	买盘
13:07:00	9.07	-0.01	7	6349	卖盘
13:06:54	9.08	0.01	6	5448	买盘
13:06:48	9.07	--	30	27210	卖盘
13:06:45	9.07	--	13	11791	买盘
13:06:33	9.07	--	3	2721	卖盘
13:06:30	9.07	--	19	17233	卖盘
13:06:24	9.07	--	58	52606	卖盘
13:06:21	9.07	--	6	5442	卖盘
13:06:06	9.07	0.01	7	6349	中性盘
13:06:03	9.06	-0.02	50	45300	卖盘
13:05:57	9.08	0.01	395	358660	买盘
13:05:51	9.07	--	12	10884	买盘
13:05:48	9.07	-0.01	90	81630	卖盘
13:05:42	9.08	0.01	3	2724	买盘
13:05:39	9.07	--	31	28117	卖盘
13:05:33	9.07	--	59	53513	卖盘
13:05:30	9.07	-0.01	20	18140	卖盘
13:05:27	9.08	0.01	37	33596	买盘
13:05:24	9.07	--	15	13605	卖盘
13:05:06	9.07	-0.01	300	272100	卖盘
13:04:57	9.08	0.01	3	2724	买盘
13:04:54	9.07	-0.01	23	20861	卖盘
13:04:36	9.08	--	7	6356	买盘
13:04:30	9.08	--	119	108052	卖盘
13:04:27	9.08	--	5	4540	卖盘
13:04:24	9.08	--	124	112592	卖盘
13:04:21	9.08	--	1	908	卖盘
13:04:09	9.08	-0.01	25	22700	卖盘
13:04:06	9.09	0.01	29	26361	买盘
13:04:03	9.08	-0.01	10	9080	卖盘
13:04:00	9.09	0.01	80	72720	买盘
13:03:57	9.08	--	5	4540	卖盘
13:03:54	9.08	--	9	8172	卖盘
13:03:51	9.08	--	9	8172	卖盘
13:03:45	9.08	--	63	57204	买盘
13:03:33	9.08	0.01	33	29964	买盘
13:03:21	9.07	--	60	54420	卖盘
13:03:18	9.07	-0.01	80	72560	卖盘
13:03:12	9.08	--	2	1816	买盘
13:03:09	9.08	--	2	1816	买盘
13:03:06	9.08	--	2	1816	买盘
13:02:57	9.08	--	423	384084	卖盘
13:02:51	9.08	--	10	9080	卖盘
13:02:45	9.08	-0.01	20	18160	卖盘
13:02:42	9.09	0.01	29	26361	买盘
13:02:33	9.08	--	10	9080	卖盘
13:02:30	9.08	-0.01	1	908	卖盘
13:02:27	9.09	--	21	19089	买盘
13:02:21	9.09	--	37	33633	卖盘
13:02:18	9.09	--	54	49086	卖盘
13:02:15	9.09	--	16	14544	卖盘
13:02:12	9.09	--	58	52722	卖盘
13:02:03	9.09	-0.01	20	18180	卖盘
13:02:00	9.1	--	58	52780	买盘
13:01:57	9.1	0.01	14	12740	买盘
13:01:54	9.09	-0.01	3	2727	卖盘
13:01:51	9.1	--	2	1820	买盘
13:01:48	9.1	--	54	49140	买盘
13:01:45	9.1	--	18	16380	买盘
13:01:42	9.1	--	20	18200	买盘
13:01:39	9.1	--	35	31850	买盘
13:01:36	9.1	--	15	13650	买盘
13:01:33	9.1	0.01	30	27300	买盘
13:01:30	9.09	--	2	1818	买盘
13:01:24	9.09	-0.01	58	52722	卖盘
13:01:21	9.1	0.01	655	596050	买盘
13:01:18	9.09	--	4	3636	中性盘
13:01:12	9.09	-0.01	10	9090	中性盘
13:01:09	9.1	0.02	36	32760	买盘
13:01:03	9.08	--	25	22700	卖盘
13:01:00	9.08	-0.01	8	7264	卖盘
13:00:57	9.09	0.01	1800	1636200	买盘
13:00:54	9.08	--	2	1816	买盘
13:00:51	9.08	--	18	16344	买盘
13:00:42	9.08	--	81	73548	买盘
13:00:36	9.08	0.01	5	4540	买盘
13:00:33	9.07	--	14	12698	买盘
13:00:30	9.07	-0.01	10	9070	中性盘
13:00:24	9.08	0.01	806	731848	买盘
13:00:21	9.07	0.01	158	143306	买盘
13:00:18	9.06	-0.01	10	9060	中性盘
13:00:12	9.07	0.04	759	688413	买盘
13:00:09	9.03	--	12	10836	卖盘
13:00:06	9.03	--	2003	1808708	卖盘
13:00:03	9.03	--	1234	1114302	买盘
13:00:00	9.03	--	0	0	买盘
11:30:00	9.03	--	0	0	买盘
11:29:57	9.03	0.01	25	22575	买盘
11:29:51	9.02	--	5	4510	卖盘
11:29:42	9.02	--	68	61336	买盘
11:29:36	9.02	--	17	15334	买盘
11:29:30	9.02	0.01	34	30668	买盘
11:29:27	9.01	-0.01	15	13515	卖盘
11:29:15	9.02	0.01	64	57728	买盘
11:29:09	9.01	--	14	12614	卖盘
11:29:06	9.01	--	45	40545	卖盘
11:29:03	9.01	--	7	6307	卖盘
11:29:00	9.01	--	60	54060	买盘
11:28:57	9.01	--	13	11713	买盘
11:28:48	9.01	-0.01	5	4505	卖盘
11:28:42	9.02	0.01	22	19844	买盘
11:28:39	9.01	--	103	92803	卖盘
11:28:27	9.01	--	11	9911	卖盘
11:28:21	9.01	-0.01	2	1802	卖盘
11:28:18	9.02	--	2	1804	买盘
11:28:03	9.02	--	38	34276	买盘
11:27:57	9.02	--	7	6314	买盘
11:27:51	9.02	--	10	9020	卖盘
11:27:48	9.02	--	13	11726	卖盘
11:27:45	9.02	--	10	9020	卖盘
11:27:36	9.02	--	21	18942	卖盘
11:27:33	9.02	--	1106	997612	买盘
11:27:15	9.02	0.01	10	9020	买盘
11:27:12	9.01	-0.01	15	13515	卖盘
11:27:06	9.02	--	48	43296	买盘
11:27:03	9.02	--	22	19844	买盘
11:27:00	9.02	--	31	27962	买盘
11:26:57	9.02	0.01	90	81180	买盘
11:26:54	9.01	-0.01	40	36040	卖盘
11:26:45	9.02	--	1	902	买盘
11:26:42	9.02	--	23	20746	买盘
11:26:39	9.02	0.01	13	11726	买盘
11:26:36	9.01	--	33	29733	卖盘
11:26:15	9.01	--	5	4505	卖盘
11:26:06	9.01	0.01	30	27030	中性盘
11:25:57	9.0	-0.01	10	9000	卖盘
11:25:54	9.01	--	6	5406	卖盘
11:25:51	9.01	--	44	39644	买盘
11:25:42	9.01	--	3	2703	买盘
11:25:30	9.01	-0.01	176	158576	卖盘
11:25:24	9.02	0.01	70	63140	买盘
11:25:21	9.01	--	7	6307	卖盘
11:25:15	9.01	--	20	18020	卖盘
11:25:12	9.01	--	45	40545	卖盘
11:25:03	9.01	-0.01	45	40545	卖盘
11:24:54	9.02	0.01	85	76670	买盘
11:24:51	9.01	--	90	81090	卖盘
11:24:48	9.01	--	2	1802	卖盘
11:24:45	9.01	-0.01	51	45951	卖盘
11:24:39	9.02	0.01	1	902	买盘
11:24:33	9.01	-0.01	14	12614	卖盘
11:24:30	9.02	0.01	34	30668	买盘
11:24:15	9.01	-0.01	70	63070	卖盘
11:24:12	9.02	0.01	50	45100	买盘
11:24:09	9.01	--	59	53159	买盘
11:24:03	9.01	--	13	11713	买盘
11:23:57	9.01	--	10	9010	买盘
11:23:54	9.01	--	19	17119	卖盘
11:23:48	9.01	--	3	2703	买盘
11:23:45	9.01	--	7	6307	卖盘
11:23:39	9.01	--	205	184705	卖盘
11:23:33	9.01	--	30	27030	卖盘
11:23:27	9.01	--	18	16218	买盘
11:23:24	9.01	-0.01	22	19822	卖盘
11:23:18	9.02	--	27	24354	买盘
11:23:15	9.02	--	55	49610	买盘
11:23:12	9.02	0.01	96	86592	买盘
11:23:09	9.01	-0.01	20	18020	卖盘
11:23:00	9.02	--	2	1804	买盘
11:22:54	9.02	--	35	31570	买盘
11:22:45	9.02	0.01	108	97416	买盘
11:22:42	9.01	--	50	45050	买盘
11:22:39	9.01	--	305	274805	买盘
11:22:36	9.01	0.01	1	901	买盘
11:22:33	9.0	--	55	49500	卖盘
11:22:27	9.0	--	44	39600	卖盘
11:22:24	9.0	-0.01	10	9000	卖盘
11:22:21	9.01	--	21	18921	卖盘
11:22:18	9.01	--	29	26129	买盘
11:22:12	9.01	--	28	25228	卖盘
11:22:09	9.01	--	19	17119	买盘
11:22:06	9.01	0.01	67	60367	买盘
11:22:00	9.0	--	5	4500	卖盘
11:21:51	9.0	--	12	10800	卖盘
11:21:48	9.0	--	11	9900	买盘
11:21:39	9.0	--	33	29700	卖盘
11:21:36	9.0	--	30	27000	卖盘
11:21:33	9.0	--	10	9000	卖盘
11:21:30	9.0	-0.01	5	4500	卖盘
11:21:24	9.01	--	78	70278	买盘
11:21:21	9.01	0.03	15	13515	买盘
11:21:18	8.98	-0.02	613	550474	卖盘
11:21:00	9.0	--	30	27000	卖盘
11:20:54	9.0	--	24	21600	买盘
11:20:45	9.0	--	50	45000	买盘
11:20:42	9.0	--	5	4500	卖盘
11:20:36	9.0	--	4	3600	买盘
11:20:27	9.0	--	16	14400	卖盘
11:20:24	9.0	--	32	28800	卖盘
11:20:03	9.0	--	9	8100	卖盘
11:20:00	9.0	--	32	28800	买盘
11:19:51	9.0	0.01	10	9000	买盘
11:19:48	8.99	--	100	89900	卖盘
11:19:45	8.99	-0.01	10	8990	卖盘
11:19:42	9.0	--	8	7200	买盘
11:19:39	9.0	--	10	9000	买盘
11:19:36	9.0	--	6	5400	买盘
11:19:33	9.0	0.01	25	22500	卖盘
11:19:27	8.99	--	35	31465	卖盘
11:19:18	8.99	-0.01	238	213962	卖盘
11:19:09	9.0	--	55	49500	卖盘
11:18:54	9.0	-0.02	50	45000	卖盘
11:18:45	9.02	0.01	10	9020	买盘
11:18:39	9.01	0.01	86	77486	买盘
11:18:36	9.0	--	10	9000	卖盘
11:18:33	9.0	--	1	900	卖盘
11:18:30	9.0	-0.01	20	18000	卖盘
11:18:27	9.01	0.01	10	9010	买盘
11:18:21	9.0	--	291	261900	卖盘
11:18:09	9.0	--	16	14400	卖盘
11:18:03	9.0	-0.01	1	900	卖盘
11:18:00	9.01	0.01	83	74783	买盘
11:17:54	9.0	-0.01	553	497700	卖盘
11:17:48	9.01	--	10	9010	买盘
11:17:45	9.01	--	2	1802	买盘
11:17:39	9.01	-0.01	16	14416	买盘
11:17:36	9.02	--	12	10824	卖盘
11:17:33	9.02	0.01	68	61336	买盘
11:17:27	9.01	-0.01	455	409955	卖盘
11:17:18	9.02	--	9	8118	买盘
11:17:15	9.02	--	287	258874	买盘
11:17:00	9.02	0.01	270	243540	买盘
11:16:57	9.01	-0.01	200	180200	卖盘
11:16:54	9.02	--	5	4510	买盘
11:16:48	9.02	--	4	3608	买盘
11:16:39	9.02	0.01	29	26158	买盘
11:16:36	9.01	-0.01	10	9010	卖盘
11:16:24	9.02	0.01	11	9922	买盘
11:16:21	9.01	--	105	94605	卖盘
11:16:15	9.01	--	2	1802	卖盘
11:15:42	9.01	--	5	4505	卖盘
11:15:39	9.01	--	71	63971	买盘
11:15:36	9.01	0.01	3	2703	买盘
11:15:27	9.0	-0.01	40	36000	卖盘
11:15:24	9.01	0.01	10	9010	买盘
11:15:21	9.0	--	63	56700	卖盘
11:15:18	9.0	-0.01	50	45000	卖盘
11:15:06	9.01	0.01	12	10812	买盘
11:15:03	9.0	--	36	32400	卖盘
11:14:57	9.0	--	4	3600	卖盘
11:14:51	9.0	--	20	18000	卖盘
11:14:42	9.0	--	55	49500	卖盘
11:14:39	9.0	-0.01	4	3600	卖盘
11:14:36	9.01	0.01	3	2703	买盘
11:14:27	9.0	-0.01	30	27000	卖盘
11:14:24	9.01	--	10	9010	买盘
11:14:21	9.01	--	10	9010	买盘
11:14:12	9.01	--	10	9010	买盘
11:14:03	9.01	--	3	2703	卖盘
11:13:54	9.01	--	12	10812	卖盘
11:13:51	9.01	--	4	3604	买盘
11:13:48	9.01	--	23	20723	买盘
11:13:42	9.01	0.01	38	34238	买盘
11:13:39	9.0	--	5	4500	卖盘
11:13:36	9.0	--	48	43200	卖盘
11:13:33	9.0	-0.01	9	8100	卖盘
11:13:27	9.01	0.01	2	1802	买盘
11:13:18	9.0	--	61	54900	卖盘
11:13:15	9.0	--	5	4500	卖盘
11:13:12	9.0	--	15	13500	卖盘
11:13:06	9.0	-0.01	50	45000	卖盘
11:12:57	9.01	0.01	12	10812	买盘
11:12:54	9.0	-0.01	6	5400	卖盘
11:12:51	9.01	--	4	3604	买盘
11:12:48	9.01	--	57	51357	买盘
11:12:45	9.01	--	93	83793	买盘
11:12:42	9.01	0.01	32	28832	买盘
11:12:39	9.0	--	60	54000	卖盘
11:12:36	9.0	-0.01	31	27900	卖盘
11:12:33	9.01	0.01	40	36040	买盘
11:12:27	9.0	-0.01	134	120600	卖盘
11:12:24	9.01	0.01	10	9010	买盘
11:12:21	9.0	--	30	27000	卖盘
11:12:18	9.0	--	5	4500	卖盘
11:12:15	9.0	--	42	37800	卖盘
11:12:09	9.0	--	18	16200	卖盘
11:12:06	9.0	--	67	60300	卖盘
11:12:03	9.0	--	10	9000	卖盘
11:12:00	9.0	--	110	99000	卖盘
11:11:57	9.0	--	2	1800	卖盘
11:11:54	9.0	-0.01	41	36900	卖盘
11:11:51	9.01	0.01	8	7208	买盘
11:11:48	9.0	--	40	36000	卖盘
11:11:45	9.0	-0.01	10	9000	卖盘
11:11:39	9.01	--	10	9010	买盘
11:11:36	9.01	--	62	55862	买盘
11:11:33	9.01	0.01	1	901	买盘
11:11:27	9.0	-0.01	1	900	卖盘
11:11:24	9.01	--	5	4505	买盘
11:11:15	9.01	0.01	6	5406	买盘
11:11:12	9.0	-0.01	50	45000	卖盘
11:11:09	9.01	0.01	14	12614	买盘
11:11:03	9.0	-0.01	32	28800	卖盘
11:10:54	9.01	0.01	10	9010	买盘
11:10:45	9.0	--	6	5400	卖盘
11:10:39	9.0	-0.01	2	1800	卖盘
11:10:33	9.01	0.01	48	43248	买盘
11:10:30	9.0	--	39	35100	卖盘
11:10:24	9.0	--	20	18000	卖盘
11:10:21	9.0	--	20	18000	卖盘
11:10:15	9.0	--	1	900	卖盘
11:10:12	9.0	--	50	45000	卖盘
11:10:03	9.0	-0.01	20	18000	卖盘
11:09:57	9.01	--	6	5406	买盘
11:09:51	9.01	--	30	27030	买盘
11:09:42	9.01	-0.02	15	13515	卖盘
11:09:36	9.03	0.02	100	90300	买盘
11:09:33	9.01	-0.02	386	347786	卖盘
11:09:24	9.03	--	80	72240	卖盘
11:09:21	9.03	--	51	46053	卖盘
11:09:18	9.03	--	2	1805	卖盘
11:09:15	9.03	--	20	18060	卖盘
11:09:09	9.03	--	50	45150	卖盘
11:09:06	9.03	-0.01	10	9030	卖盘
11:08:51	9.04	0.01	20	18080	买盘
11:08:48	9.03	--	1	902	卖盘
11:08:45	9.03	-0.01	40	36120	卖盘
11:08:39	9.04	--	9	8135	买盘
11:08:30	9.04	--	23	20791	买盘
11:08:27	9.04	--	22	19887	卖盘
11:08:24	9.04	--	8	7231	卖盘
11:08:18	9.04	0.01	3	2711	中性盘
11:08:12	9.03	-0.01	8	7223	卖盘
11:08:09	9.04	-0.01	22	19887	中性盘
11:07:57	9.05	0.01	10	9050	买盘
11:07:54	9.04	-0.01	16	14463	卖盘
11:07:51	9.05	0.01	29	26245	买盘
11:07:48	9.04	-0.01	60	54239	卖盘
11:07:45	9.05	0.01	30	27150	买盘
11:07:39	9.04	--	5	4520	卖盘
11:07:36	9.04	--	60	54239	卖盘
11:07:33	9.04	--	77	69608	卖盘
11:07:30	9.04	-0.01	24	21695	卖盘
11:07:27	9.05	--	27	24435	买盘
11:07:21	9.05	--	5	4525	买盘
11:07:15	9.05	--	5	4525	买盘
11:07:09	9.05	--	41	37105	买盘
11:07:06	9.05	0.01	10	9050	买盘
11:07:00	9.04	--	10	9040	卖盘
11:06:57	9.04	--	44	39775	卖盘
11:06:48	9.04	--	11	9943	卖盘
11:06:42	9.04	--	14	12655	买盘
11:06:39	9.04	--	1	903	买盘
11:06:36	9.04	--	11	9943	买盘
11:06:33	9.04	--	46	41583	买盘
11:06:30	9.04	--	57	51527	买盘
11:06:27	9.04	0.01	12	10847	买盘
11:06:24	9.03	-0.01	10	9030	卖盘
11:06:21	9.04	-0.01	3	2711	中性盘
11:06:18	9.05	0.01	141	127605	买盘
11:06:15	9.04	0.01	10	9040	中性盘
11:06:12	9.03	-0.01	7	6321	卖盘
11:06:09	9.04	--	30	27119	卖盘
11:06:06	9.04	--	36	32543	卖盘
11:06:00	9.04	0.01	33	29831	买盘
11:05:54	9.03	-0.02	56	50568	卖盘
11:05:51	9.05	0.01	58	52490	买盘
11:05:48	9.04	--	12	10847	买盘
11:05:45	9.04	--	11	9943	买盘
11:05:42	9.04	--	1	903	买盘
11:05:39	9.04	--	9	8135	买盘
11:05:36	9.04	--	50	45199	买盘
11:05:33	9.04	--	46	41583	买盘
11:05:30	9.04	-0.01	378	341730	卖盘
11:05:27	9.05	0.01	2	1810	买盘
11:05:24	9.04	--	6	5423	卖盘
11:05:21	9.04	-0.01	23	20791	卖盘
11:05:15	9.05	0.01	3	2715	买盘
11:05:09	9.04	0.01	5256	4752309	买盘
11:05:03	9.03	--	6	5418	卖盘
11:05:00	9.03	--	5	4515	卖盘
11:04:57	9.03	--	10	9030	卖盘
11:04:48	9.03	0.01	59	53276	买盘
11:04:45	9.02	--	20	18040	卖盘
11:04:42	9.02	--	10	9020	卖盘
11:04:39	9.02	-0.01	5	4510	卖盘
11:04:36	9.03	--	12	10836	买盘
11:04:33	9.03	0.01	20	18060	买盘
11:04:18	9.02	--	10	9020	卖盘
11:04:12	9.02	--	5	4510	卖盘
11:04:06	9.02	--	2	1804	卖盘
11:04:03	9.02	--	15	13530	卖盘
11:03:54	9.02	--	42	37884	买盘
11:03:51	9.02	--	45	40590	买盘
11:03:42	9.02	--	33	29766	卖盘
11:03:27	9.02	--	10	9020	卖盘
11:03:18	9.02	0.01	64	57728	买盘
11:03:15	9.01	-0.01	20	18020	卖盘
11:03:12	9.02	0.01	86	77572	买盘
11:03:09	9.01	-0.01	24	21624	卖盘
11:03:03	9.02	--	14	12628	买盘
11:02:54	9.02	--	178	160556	买盘
11:02:51	9.02	--	3	2706	买盘
11:02:45	9.02	0.01	10	9020	买盘
11:02:33	9.01	-0.01	183	164883	卖盘
11:02:30	9.02	--	1	902	买盘
11:02:24	9.02	--	10	9020	买盘
11:02:21	9.02	-0.01	471	424842	卖盘
11:02:18	9.03	--	59	53276	买盘
11:02:15	9.03	--	10	9030	买盘
11:02:09	9.03	--	14	12642	买盘
11:02:00	9.03	0.01	74	66822	买盘
11:01:57	9.02	-0.01	308	277816	卖盘
11:01:51	9.03	0.01	5	4515	买盘
11:01:48	9.02	--	111	100122	卖盘
11:01:45	9.02	-0.01	10	9020	卖盘
11:01:42	9.03	--	23	20769	买盘
11:01:39	9.03	0.01	20	18060	买盘
11:01:36	9.02	-0.01	10	9020	卖盘
11:01:33	9.03	--	45	40635	买盘
11:01:24	9.03	--	29	26186	买盘
11:01:21	9.03	--	298	269094	卖盘
11:01:18	9.03	--	29	26186	卖盘
11:01:12	9.03	-0.02	2	1805	卖盘
11:01:09	9.05	0.01	9	8145	买盘
11:01:03	9.04	-0.01	1	903	卖盘
11:01:00	9.05	0.02	6	5430	买盘
11:00:57	9.03	-0.01	20	18060	卖盘
11:00:51	9.04	--	10	9040	卖盘
11:00:48	9.04	--	5	4520	卖盘
11:00:45	9.04	--	10	9040	卖盘
11:00:42	9.04	--	10	9040	卖盘
11:00:33	9.04	0.01	42	37968	买盘
11:00:30	9.03	-0.02	54	48762	卖盘
11:00:27	9.05	0.01	254	229870	买盘
11:00:21	9.04	--	80	72654	卖盘
11:00:18	9.04	-0.01	84	75936	卖盘
11:00:06	9.05	--	1	905	买盘
11:00:03	9.05	--	11	9955	买盘
10:59:57	9.05	0.01	72	65160	买盘
10:59:54	9.04	--	33	29831	卖盘
10:59:51	9.04	--	71	64183	卖盘
10:59:48	9.04	--	58	52431	卖盘
10:59:45	9.04	--	21	18984	卖盘
10:59:36	9.04	--	37	33448	卖盘
10:59:33	9.04	--	67	61137	买盘
10:59:30	9.04	--	50	45199	买盘
10:59:24	9.04	0.01	100	90399	买盘
10:59:15	9.03	--	1	902	卖盘
10:59:12	9.03	-0.01	54	48762	卖盘
10:59:09	9.04	0.01	200	180799	买盘
10:58:57	9.03	--	10	9030	中性盘
10:58:54	9.03	--	26	23478	买盘
10:58:51	9.03	--	53	47859	买盘
10:58:48	9.03	--	177	159831	买盘
10:58:45	9.03	--	38	34314	买盘
10:58:39	9.03	--	14	12642	买盘
10:58:33	9.03	--	8	7223	买盘
10:58:24	9.03	--	54	48762	买盘
10:58:21	9.03	--	10	9030	买盘
10:58:18	9.03	--	20	18060	买盘
10:58:12	9.03	0.01	72	65015	买盘
10:58:03	9.02	-0.01	3	2706	卖盘
10:57:51	9.03	--	20	18060	买盘
10:57:48	9.03	0.01	75	67725	买盘
10:57:45	9.02	-0.01	3	2706	卖盘
10:57:36	9.03	0.01	11	9933	买盘
10:57:33	9.02	--	156	140712	买盘
10:57:30	9.02	--	25	22550	买盘
10:57:27	9.02	--	66	59532	买盘
10:57:21	9.02	--	66	59532	卖盘
10:57:18	9.02	--	10	9020	卖盘
10:57:12	9.02	--	19	17138	卖盘
10:57:09	9.02	--	200	180400	卖盘
10:56:57	9.02	--	18	16236	买盘
10:56:39	9.02	0.01	80	72160	买盘
10:56:36	9.01	-0.01	36	32436	卖盘
10:56:27	9.02	--	100	90200	买盘
10:56:18	9.02	0.01	9	8118	买盘
10:56:06	9.01	-0.01	18	16218	卖盘
10:56:03	9.02	--	106	95612	买盘
10:55:45	9.02	0.01	10	9020	买盘
10:55:42	9.01	--	15	13515	卖盘
10:55:36	9.01	0.01	159	143259	卖盘
10:55:33	9.0	--	3	2700	卖盘
10:55:30	9.0	-0.01	25	22500	卖盘
10:55:27	9.01	0.01	38	34238	买盘
10:55:24	9.0	-0.01	204	183600	卖盘
10:55:21	9.01	--	20	18020	买盘
10:55:18	9.01	--	10	9010	买盘
10:55:15	9.01	0.01	31	27931	买盘
10:55:12	9.0	-0.02	7	6300	卖盘
10:54:57	9.02	0.02	420	378840	买盘
10:54:45	9.0	-0.01	107	96300	卖盘
10:54:39	9.01	--	100	90100	卖盘
10:54:36	9.01	--	137	123437	卖盘
10:54:33	9.01	--	6	5406	卖盘
10:54:27	9.01	--	90	81090	卖盘
10:54:21	9.01	--	10	9010	卖盘
10:54:15	9.01	-0.01	250	225250	卖盘
10:54:03	9.02	--	30	27060	买盘
10:54:00	9.02	--	25	22550	卖盘
10:53:57	9.02	-0.01	20	18040	卖盘
10:53:54	9.03	--	2	1805	买盘
10:53:51	9.03	0.01	6	5418	买盘
10:53:45	9.02	-0.01	101	91102	卖盘
10:53:39	9.03	--	40	36120	买盘
10:53:30	9.03	--	26	23478	买盘
10:53:27	9.03	--	34	30701	卖盘
10:53:24	9.03	-0.01	9	8126	中性盘
10:53:21	9.04	0.02	20	18080	买盘
10:53:18	9.02	-0.02	25	22550	卖盘
10:53:09	9.04	--	4	3615	买盘
10:53:00	9.04	--	2	1807	买盘
10:52:54	9.04	--	6	5423	买盘
10:52:51	9.04	--	4	3615	买盘
10:52:48	9.04	--	13	11751	买盘
10:52:45	9.04	--	24	21695	买盘
10:52:42	9.04	--	76	68704	买盘
10:52:30	9.04	--	4	3615	买盘
10:52:15	9.04	0.03	35	31639	买盘
10:52:12	9.01	-0.03	150	135150	卖盘
10:52:09	9.04	--	5	4520	买盘
10:52:06	9.04	0.01	32	28927	买盘
10:52:00	9.03	--	20	18060	买盘
10:51:57	9.03	--	70	63209	买盘
10:51:54	9.03	0.01	10	9030	买盘
10:51:51	9.02	--	5	4510	买盘
10:51:42	9.02	0.01	10	9020	买盘
10:51:36	9.01	-0.01	0	9	卖盘
10:51:33	9.02	--	89	80278	买盘
10:51:27	9.02	0.01	77	69454	买盘
10:51:21	9.01	0.01	36	32436	买盘
10:51:15	9.0	--	20	18000	卖盘
10:51:03	9.0	--	624	561600	买盘
10:51:00	9.0	0.01	25	22500	买盘
10:50:51	8.99	-0.01	100	89900	卖盘
10:50:48	9.0	0.01	402	361800	买盘
10:50:42	8.99	--	159	142941	买盘
10:50:39	8.99	--	7	6293	买盘
10:50:36	8.99	--	9	8091	买盘
10:50:33	8.99	--	70	62930	买盘
10:50:30	8.99	--	5	4495	买盘
10:50:27	8.99	--	10	8990	买盘
10:50:24	8.99	--	11	9889	中性盘
10:50:21	8.99	-0.01	100	89900	中性盘
10:50:15	9.0	0.01	11	9900	买盘
10:50:09	8.99	0.02	195	175313	买盘
10:50:06	8.97	-0.01	272	243984	卖盘
10:50:00	8.98	--	20	17960	中性盘
10:49:57	8.98	-0.01	2	1796	中性盘
10:49:54	8.99	0.02	200	179800	买盘
10:49:45	8.97	-0.01	21	18837	卖盘
10:49:42	8.98	--	40	35920	买盘
10:49:30	8.98	--	40	35920	买盘
10:49:27	8.98	-0.01	161	144578	卖盘
10:49:18	8.99	--	11	9889	买盘
10:49:15	8.99	--	395	355105	卖盘
10:49:00	8.99	--	22	19778	卖盘
10:48:54	8.99	-0.01	20	17980	卖盘
10:48:51	9.0	--	10	9000	买盘
10:48:42	9.0	0.01	10	9000	买盘
10:48:39	8.99	-0.01	5	4495	卖盘
10:48:21	9.0	--	116	104400	卖盘
10:48:18	9.0	--	20	18000	卖盘
10:48:12	9.0	-0.01	144	129600	卖盘
10:48:09	9.01	0.01	157	141457	买盘
10:48:03	9.0	--	43	38700	买盘
10:47:57	9.0	--	18	16200	买盘
10:47:51	9.0	--	23	20700	中性盘
10:47:36	9.0	--	15	13500	买盘
10:47:33	9.0	--	9	8100	买盘
10:47:30	9.0	0.01	3	2700	买盘
10:47:27	8.99	-0.01	40	35960	卖盘
10:47:24	9.0	--	4	3600	买盘
10:47:21	9.0	-0.01	244	219600	卖盘
10:47:15	9.01	0.02	1	901	买盘
10:47:06	8.99	--	382	343418	卖盘
10:47:03	8.99	-0.01	40	35960	卖盘
10:46:57	9.0	--	10	9000	买盘
10:46:54	9.0	0.01	10	9000	买盘
10:46:51	8.99	-0.01	2	1798	卖盘
10:46:45	9.0	--	35	31500	买盘
10:46:42	9.0	--	38	34200	买盘
10:46:39	9.0	--	35	31500	买盘
10:46:27	9.0	--	10	9000	买盘
10:46:24	9.0	0.01	4	3600	买盘
10:46:21	8.99	-0.01	100	89900	卖盘
10:46:15	9.0	--	7	6300	买盘
10:46:12	9.0	--	37	33300	买盘
10:46:09	9.0	--	15	13500	买盘
10:46:06	9.0	--	2	1800	买盘
10:45:54	9.0	-0.01	68	61200	卖盘
10:45:51	9.01	-0.01	5	4505	卖盘
10:45:39	9.02	--	239	215578	卖盘
10:45:36	9.02	-0.01	10	9020	卖盘
10:45:33	9.03	--	10	9030	买盘
10:45:30	9.03	--	17	15350	买盘
10:45:27	9.03	--	30	27089	买盘
10:45:24	9.03	--	6	5418	买盘
10:45:21	9.03	--	8	7223	买盘
10:45:18	9.03	--	26	23478	卖盘
10:45:15	9.03	-0.01	10	9030	卖盘
10:45:03	9.04	--	10	9040	买盘
10:45:00	9.04	0.01	10	9040	买盘
10:44:57	9.03	-0.01	96	86688	卖盘
10:44:54	9.04	--	42	37968	买盘
10:44:51	9.04	--	14	12655	买盘
10:44:48	9.04	--	51	46103	买盘
10:44:45	9.04	-0.01	7	6327	卖盘
10:44:42	9.05	0.02	15	13575	买盘
10:44:39	9.03	-0.02	360	325080	卖盘
10:44:36	9.05	--	2	1810	买盘
10:44:33	9.05	0.01	115	104075	买盘
10:44:30	9.04	--	10	9040	卖盘
10:44:27	9.04	-0.01	5	4520	卖盘
10:44:24	9.05	0.01	16	14480	买盘
10:44:15	9.04	--	394	356175	卖盘
10:44:12	9.04	--	9	8135	卖盘
10:44:06	9.04	--	30	27119	卖盘
10:44:03	9.04	--	50	45199	卖盘
10:44:00	9.04	0.01	500	452027	买盘
10:43:57	9.03	--	47	42441	买盘
10:43:51	9.03	--	100	90300	买盘
10:43:48	9.03	0.01	2	1805	买盘
10:43:45	9.02	-0.01	34	30668	卖盘
10:43:42	9.03	--	2	1805	买盘
10:43:39	9.03	--	222	200466	买盘
10:43:36	9.03	0.01	19	17157	买盘
10:43:33	9.02	--	67	60434	卖盘
10:43:30	9.02	--	49	44198	卖盘
10:43:27	9.02	--	3	2706	卖盘
10:43:21	9.02	--	56	50512	卖盘
10:43:18	9.02	--	30	27060	卖盘
10:43:15	9.02	--	24	21648	卖盘
10:43:12	9.02	--	14	12628	卖盘
10:43:09	9.02	--	32	28864	卖盘
10:43:06	9.02	--	22	19844	卖盘
10:43:03	9.02	--	460	414920	卖盘
10:43:00	9.02	-0.01	124	111848	卖盘
10:42:51	9.03	0.01	4	3611	买盘
10:42:48	9.02	--	40	36080	卖盘
10:42:45	9.02	0.02	824	743248	买盘
10:42:42	9.0	--	112	100800	卖盘
10:42:39	9.0	-0.01	25	22500	卖盘
10:42:36	9.01	--	10	9010	买盘
10:42:33	9.01	0.01	2	1802	买盘
10:42:30	9.0	-0.01	5	4500	卖盘
10:42:21	9.01	--	1	901	买盘
10:42:18	9.01	--	10	9010	卖盘
10:42:12	9.01	--	50	45050	卖盘
10:42:09	9.01	-0.01	4	3604	卖盘
10:42:06	9.02	0.01	136	122672	买盘
10:42:03	9.01	-0.01	51	45951	卖盘
10:42:00	9.02	--	52	46904	买盘
10:41:57	9.02	--	32	28864	买盘
10:41:51	9.02	--	9	8118	买盘
10:41:48	9.02	-0.01	9	8118	中性盘
10:41:42	9.03	0.01	12	10836	买盘
10:41:39	9.02	--	35	31570	卖盘
10:41:36	9.02	-0.01	5	4510	卖盘
10:41:33	9.03	--	2	1805	买盘
10:41:30	9.03	0.01	342	308826	买盘
10:41:27	9.02	--	1	902	卖盘
10:41:24	9.02	--	36	32472	卖盘
10:41:21	9.02	-0.01	10	9020	卖盘
10:41:18	9.03	0.01	10	9030	买盘
10:41:15	9.02	--	25	22550	卖盘
10:41:12	9.02	--	6	5412	卖盘
10:41:09	9.02	--	100	90200	卖盘
10:41:06	9.02	-0.01	8	7216	卖盘
10:41:03	9.03	--	51	46053	买盘
10:41:00	9.03	--	23	20769	买盘
10:40:57	9.03	--	31	27992	买盘
10:40:54	9.03	--	66	59597	买盘
10:40:48	9.03	--	18	16253	买盘
10:40:45	9.03	--	2	1805	买盘
10:40:42	9.03	0.01	124	111971	买盘
10:40:39	9.02	-0.01	29	26158	卖盘
10:40:36	9.03	--	7	6321	买盘
10:40:33	9.03	0.01	10	9030	买盘
10:40:27	9.02	--	110	99220	卖盘
10:40:18	9.02	--	30	27060	卖盘
10:40:12	9.02	--	52	46904	买盘
10:40:09	9.02	--	187	168674	买盘
10:40:06	9.02	--	3	2706	买盘
10:40:00	9.02	0.01	36	32472	买盘
10:39:57	9.01	--	74	66674	卖盘
10:39:51	9.01	-0.02	232	209032	卖盘
10:39:48	9.03	0.01	39	35217	买盘
10:39:42	9.02	--	2	1804	卖盘
10:39:36	9.02	--	19	17138	买盘
10:39:30	9.02	--	3	2706	买盘
10:39:27	9.02	--	30	27060	买盘
10:39:21	9.02	-0.01	1	902	中性盘
10:39:15	9.03	--	20	18060	买盘
10:39:12	9.03	0.02	50	45150	买盘
10:39:09	9.01	-0.02	5	4505	卖盘
10:39:06	9.03	-0.01	13	11739	买盘
10:39:03	9.04	0.01	20	18080	买盘
10:39:00	9.03	-0.01	77	70406	卖盘
10:38:57	9.04	--	30	27119	买盘
10:38:51	9.04	0.01	51	46103	买盘
10:38:45	9.03	--	17	15350	卖盘
10:38:42	9.03	-0.01	19	17157	卖盘
10:38:39	9.04	--	48	43391	买盘
10:38:36	9.04	--	70	63279	买盘
10:38:33	9.04	--	3	2711	买盘
10:38:27	9.04	0.01	275	248599	买盘
10:38:24	9.03	-0.01	536	484007	卖盘
10:38:21	9.04	--	161	145544	买盘
10:38:18	9.04	--	28	25311	买盘
10:38:15	9.04	0.01	75	67800	买盘
10:38:12	9.03	-0.01	54	48762	卖盘
10:38:09	9.04	0.01	3	2711	买盘
10:38:03	9.03	--	14	12642	卖盘
10:38:00	9.03	-0.01	29	26186	卖盘
10:37:57	9.04	--	3	2711	买盘
10:37:54	9.04	0.01	20	18080	买盘
10:37:51	9.03	-0.01	3	2709	卖盘
10:37:48	9.04	--	5	4520	买盘
10:37:45	9.04	--	60	54239	买盘
10:37:42	9.04	0.01	20	18080	买盘
10:37:39	9.03	--	70	63209	卖盘
10:37:36	9.03	--	533	481326	买盘
10:37:33	9.03	--	15	13544	买盘
10:37:30	9.03	0.02	316	285348	买盘
10:37:24	9.01	--	4	3604	买盘
10:37:21	9.01	-0.01	10	9010	卖盘
10:37:18	9.02	0.01	22	19844	买盘
10:37:15	9.01	--	3	2703	卖盘
10:37:12	9.01	-0.01	43	38743	卖盘
10:37:06	9.02	0.01	70	63140	买盘
10:37:03	9.01	--	12	10812	卖盘
10:36:57	9.01	--	20	18020	卖盘
10:36:51	9.01	--	75	67575	买盘
10:36:48	9.01	0.01	164	147764	买盘
10:36:45	9.0	--	29	26100	卖盘
10:36:42	9.0	--	51	45900	买盘
10:36:39	9.0	--	59	53100	卖盘
10:36:36	9.0	0.04	241	216900	买盘
10:36:33	8.96	0.01	60	53760	卖盘
10:36:24	8.95	-0.05	10	8950	卖盘
10:36:21	9.0	0.04	500	450000	买盘
10:36:18	8.96	0.01	42	37632	中性盘
10:36:12	8.95	-0.01	87	77865	卖盘
10:36:09	8.96	--	79	70784	买盘
10:36:06	8.96	--	2	1792	买盘
10:36:00	8.96	--	20	17920	买盘
10:35:57	8.96	--	8	7168	买盘
10:35:54	8.96	0.01	5	4480	买盘
10:35:51	8.95	-0.01	62	55489	卖盘
10:35:48	8.96	--	6	5376	卖盘
10:35:45	8.96	--	8	7168	卖盘
10:35:42	8.96	-0.02	5	4480	卖盘
10:35:36	8.98	--	4	3592	买盘
10:35:30	8.98	0.01	30	26940	中性盘
10:35:21	8.97	-0.02	57	51129	卖盘
10:35:09	8.99	0.01	25	22475	中性盘
10:35:00	8.98	-0.02	5	4490	卖盘
10:34:54	9.0	--	16	14400	买盘
10:34:42	9.0	--	50	45000	买盘
10:34:39	9.0	--	47	42300	买盘
10:34:30	9.0	--	2	1800	买盘
10:34:24	9.0	--	6	5400	买盘
10:34:21	9.0	--	85	76500	卖盘
10:34:15	9.0	--	5	4500	卖盘
10:34:12	9.0	0.02	11	9900	中性盘
10:34:06	8.98	-0.02	380	341240	卖盘
10:33:57	9.0	--	18	16200	卖盘
10:33:54	9.0	--	74	66600	买盘
10:33:51	9.0	--	6	5400	买盘
10:33:48	9.0	--	10	9000	买盘
10:33:45	9.0	--	36	32400	买盘
10:33:42	9.0	--	96	86400	卖盘
10:33:39	9.0	--	10	9000	卖盘
10:33:36	9.0	-0.01	252	226800	卖盘
10:33:33	9.01	--	17	15317	买盘
10:33:30	9.01	--	5	4505	买盘
10:33:24	9.01	0.01	1	901	买盘
10:33:21	9.0	--	4	3600	卖盘
10:33:18	9.0	--	10	9000	卖盘
10:33:12	9.0	--	39	35100	买盘
10:33:09	9.0	0.01	30	27000	买盘
10:33:03	8.99	-0.01	74	66526	卖盘
10:33:00	9.0	--	2	1800	买盘
10:32:57	9.0	--	150	135000	卖盘
10:32:51	9.0	--	3	2700	卖盘
10:32:45	9.0	0.01	80	72000	买盘
10:32:42	8.99	-0.01	1	899	卖盘
10:32:39	9.0	0.01	12	10800	买盘
10:32:33	8.99	-0.01	5	4495	卖盘
10:32:27	9.0	--	5	4500	买盘
10:32:21	9.0	0.01	35	31500	买盘
10:32:18	8.99	--	3	2697	卖盘
10:32:15	8.99	-0.01	20	17980	卖盘
10:32:09	9.0	0.01	10	9000	买盘
10:32:03	8.99	-0.01	26	23374	卖盘
10:31:54	9.0	0.01	11	9900	买盘
10:31:51	8.99	--	20	17980	卖盘
10:31:48	8.99	-0.01	43	38657	卖盘
10:31:39	9.0	--	140	126000	买盘
10:31:33	9.0	-0.01	179	161100	卖盘
10:31:27	9.01	-0.01	10	9010	卖盘
10:31:21	9.02	0.01	200	180400	买盘
10:31:18	9.01	--	26	23426	卖盘
10:31:09	9.01	--	20	18020	中性盘
10:31:06	9.01	--	5	4505	买盘
10:31:03	9.01	--	45	40545	卖盘
10:31:00	9.01	--	55	49555	卖盘
10:30:57	9.01	--	1	901	卖盘
10:30:54	9.01	0.01	341	307241	买盘
10:30:51	9.0	--	21	18900	卖盘
10:30:48	9.0	-0.01	24	21600	卖盘
10:30:45	9.01	0.01	57	51357	买盘
10:30:39	9.0	-0.01	100	90000	卖盘
10:30:33	9.01	--	237	213537	卖盘
10:30:30	9.01	-0.01	10	9010	卖盘
10:30:27	9.02	0.03	68	61336	买盘
10:30:24	8.99	-0.03	350	314650	卖盘
10:30:21	9.02	0.01	3	2706	买盘
10:30:18	9.01	--	40	36040	卖盘
10:30:12	9.01	-0.01	35	31535	卖盘
10:30:06	9.02	0.01	250	225500	买盘
10:30:00	9.01	0.01	28	25228	中性盘
10:29:57	9.0	-0.02	50	45000	卖盘
10:29:54	9.02	0.02	10	9020	买盘
10:29:51	9.0	-0.01	46	41400	卖盘
10:29:48	9.01	0.01	49	44149	买盘
10:29:45	9.0	-0.01	477	429300	卖盘
10:29:42	9.01	--	212	191012	买盘
10:29:39	9.01	0.01	31	27931	买盘
10:29:36	9.0	--	30	27000	卖盘
10:29:33	9.0	--	30	27000	卖盘
10:29:27	9.0	--	31	27900	买盘
10:29:24	9.0	--	100	90000	买盘
10:29:18	9.0	--	21	18900	买盘
10:29:09	9.0	-0.02	43	38700	买盘
10:29:06	9.02	0.02	153	138006	买盘
10:29:03	9.0	0.03	10	9000	买盘
10:28:54	8.97	-0.03	52	46644	卖盘
10:28:51	9.0	--	13	11700	买盘
10:28:48	9.0	-0.02	89	80973	卖盘
10:28:45	9.02	0.01	426	384252	买盘
10:28:42	9.01	--	22	19822	买盘
10:28:39	9.01	--	241	217141	卖盘
10:28:36	9.01	--	29	26129	卖盘
10:28:30	9.01	-0.01	8	7208	卖盘
10:28:27	9.02	--	223	201146	卖盘
10:28:24	9.02	--	107	96514	卖盘
10:28:21	9.02	--	3	2706	卖盘
10:28:12	9.02	--	130	117260	卖盘
10:28:09	9.02	--	6	5412	卖盘
10:28:06	9.02	--	96	86592	买盘
10:28:03	9.02	0.01	146	131692	买盘
10:27:57	9.01	-0.01	10	9010	卖盘
10:27:54	9.02	0.01	63	56826	买盘
10:27:51	9.01	0.01	92	82892	买盘
10:27:45	9.0	-0.01	34	30600	卖盘
10:27:42	9.01	--	7	6307	买盘
10:27:36	9.01	--	3	2703	买盘
10:27:33	9.01	--	15	13515	买盘
10:27:30	9.01	0.01	121	109021	买盘
10:27:27	9.0	--	105	94500	卖盘
10:27:21	9.0	0.01	779	701127	买盘
10:27:09	8.99	0.05	511	459389	买盘
10:27:06	8.94	-0.03	102	91188	卖盘
10:27:00	8.97	--	5	4485	买盘
10:26:57	8.97	--	6	5382	卖盘
10:26:54	8.97	0.02	299	268203	买盘
10:26:51	8.95	--	10	8950	卖盘
10:26:48	8.95	--	10	8950	卖盘
10:26:45	8.95	--	56	50119	卖盘
10:26:33	8.95	-0.02	20	17900	买盘
10:26:30	8.97	--	14	12558	买盘
10:26:27	8.97	--	14	12558	卖盘
10:26:24	8.97	--	1	897	卖盘
10:26:21	8.97	--	182	163254	卖盘
10:26:18	8.97	0.04	40	35880	买盘
10:26:15	8.93	-0.01	1238	1105534	卖盘
10:26:09	8.94	--	54	48276	卖盘
10:26:06	8.94	-0.01	75	67050	卖盘
10:26:03	8.95	--	12	10740	买盘
10:26:00	8.95	0.01	1	894	买盘
10:25:57	8.94	--	15	13410	卖盘
10:25:54	8.94	-0.01	96	85824	卖盘
10:25:42	8.95	--	20	17900	买盘
10:25:39	8.95	--	302	270290	卖盘
10:25:36	8.95	-0.01	68	60859	卖盘
10:25:33	8.96	--	31	27776	买盘
10:25:21	8.96	--	55	49280	买盘
10:25:18	8.96	--	22	19712	卖盘
10:25:12	8.96	0.01	84	75264	买盘
10:25:09	8.95	-0.02	50	44750	卖盘
10:25:06	8.97	0.01	52	46644	买盘
10:25:03	8.96	--	20	17920	卖盘
10:25:00	8.96	-0.01	75	67200	买盘
10:24:57	8.97	0.01	107	95979	买盘
10:24:54	8.96	--	63	56448	买盘
10:24:51	8.96	--	17	15232	买盘
10:24:48	8.96	-0.01	92	82432	卖盘
10:24:45	8.97	0.01	60	53820	买盘
10:24:42	8.96	--	6	5376	卖盘
10:24:39	8.96	--	15	13440	卖盘
10:24:36	8.96	0.01	7	6272	中性盘
10:24:33	8.95	--	1	894	卖盘
10:24:30	8.95	-0.01	10	8950	卖盘
10:24:27	8.96	0.01	42	37632	卖盘
10:24:24	8.95	-0.01	30	26849	卖盘
10:24:21	8.96	--	5	4480	买盘
10:24:18	8.96	-0.01	33	29568	中性盘
10:24:12	8.97	0.02	100	89700	买盘
10:24:09	8.95	--	142	127089	卖盘
10:24:06	8.95	--	10	8950	卖盘
10:24:03	8.95	-0.01	9	8054	卖盘
10:24:00	8.96	0.02	82	73472	买盘
10:23:57	8.94	--	46	41124	卖盘
10:23:54	8.94	--	56	50064	卖盘
10:23:51	8.94	--	10	8940	卖盘
10:23:48	8.94	--	240	214560	卖盘
10:23:45	8.94	--	15	13410	买盘
10:23:42	8.94	--	10	8940	买盘
10:23:39	8.94	-0.01	5	4470	买盘
10:23:36	8.95	0.01	88	78760	买盘
10:23:33	8.94	--	5	4470	买盘
10:23:30	8.94	0.02	114	101916	买盘
10:23:27	8.92	-0.01	55	49060	卖盘
10:23:24	8.93	0.01	21	18753	中性盘
10:23:21	8.92	-0.02	30	26760	卖盘
10:23:18	8.94	0.01	596	532824	买盘
10:23:15	8.93	--	188	167884	买盘
10:23:12	8.93	--	20	17860	买盘
10:23:09	8.93	--	83	74119	卖盘
10:23:06	8.93	-0.01	96	85728	卖盘
10:22:57	8.94	-0.01	45	40230	卖盘
10:22:48	8.95	-0.01	10	8950	卖盘
10:22:45	8.96	--	74	66304	卖盘
10:22:42	8.96	--	105	94080	卖盘
10:22:39	8.96	--	409	366464	买盘
10:22:36	8.96	0.01	276	247296	买盘
10:22:33	8.95	-0.01	58	51909	卖盘
10:22:30	8.96	--	20	17920	买盘
10:22:24	8.96	-0.01	158	141568	卖盘
10:22:18	8.97	-0.02	2444	2192268	卖盘
10:22:15	8.99	0.01	6	5394	买盘
10:22:09	8.98	--	169	151762	卖盘
10:22:06	8.98	--	89	79922	卖盘
10:22:03	8.98	--	106	95188	卖盘
10:22:00	8.98	--	10	8980	卖盘
10:21:57	8.98	--	27	24246	卖盘
10:21:54	8.98	--	10	8980	卖盘
10:21:51	8.98	--	169	151762	卖盘
10:21:48	8.98	--	2	1796	卖盘
10:21:45	8.98	--	113	101474	卖盘
10:21:42	8.98	--	48	43104	买盘
10:21:39	8.98	--	235	211030	卖盘
10:21:36	8.98	-0.01	30	26940	卖盘
10:21:33	8.99	0.01	26	23374	买盘
10:21:30	8.98	--	42	37716	买盘
10:21:27	8.98	--	16	14368	买盘
10:21:24	8.98	--	795	713910	卖盘
10:21:21	8.98	-0.01	7	6286	卖盘
10:21:18	8.99	0.01	49	44051	买盘
10:21:15	8.98	-0.01	8	7184	卖盘
10:21:12	8.99	--	20	17980	买盘
10:21:09	8.99	--	74	66526	买盘
10:21:06	8.99	0.01	55	49445	买盘
10:21:03	8.98	--	28	25144	卖盘
10:21:00	8.98	-0.01	32	28736	卖盘
10:20:57	8.99	--	6	5394	买盘
10:20:51	8.99	--	10	8990	买盘
10:20:48	8.99	--	20	17980	买盘
10:20:45	8.99	--	535	480965	卖盘
10:20:42	8.99	-0.01	63	56637	卖盘
10:20:39	9.0	--	115	103500	买盘
10:20:36	9.0	0.01	188	169200	买盘
10:20:30	8.99	--	225	202275	卖盘
10:20:27	8.99	--	4	3596	卖盘
10:20:24	8.99	--	20	17980	卖盘
10:20:21	8.99	-0.01	44	39556	卖盘
10:20:18	9.0	0.01	2	1800	买盘
10:20:15	8.99	--	350	314650	买盘
10:20:12	8.99	--	40	35960	买盘
10:20:09	8.99	0.01	119	106981	买盘
10:20:06	8.98	-0.01	29	26042	卖盘
10:20:03	8.99	--	20	17980	买盘
10:19:57	8.99	0.01	31	27869	买盘
10:19:54	8.98	--	41	36818	卖盘
10:19:51	8.98	--	10	8980	卖盘
10:19:48	8.98	-0.01	12	10776	卖盘
10:19:45	8.99	0.01	10	8990	买盘
10:19:42	8.98	--	40	35920	卖盘
10:19:36	8.98	-0.01	8	7184	卖盘
10:19:33	8.99	--	4	3596	买盘
10:19:30	8.99	-0.01	32	28768	卖盘
10:19:27	9.0	0.02	2	1800	买盘
10:19:24	8.98	-0.02	413	370874	卖盘
10:19:21	9.0	0.01	326	293400	买盘
10:19:18	8.99	--	210	188790	卖盘
10:19:12	8.99	--	9	8091	卖盘
10:19:09	8.99	0.01	1	899	中性盘
10:19:00	8.98	--	693	622314	卖盘
10:18:57	8.98	--	156	140088	卖盘
10:18:54	8.98	-0.02	67	60166	卖盘
10:18:51	9.0	0.02	653	587700	买盘
10:18:48	8.98	-0.01	49	44002	卖盘
10:18:45	8.99	--	1	899	买盘
10:18:39	8.99	--	30	26970	买盘
10:18:36	8.99	--	18	16182	买盘
10:18:33	8.99	--	20	17980	卖盘
10:18:30	8.99	-0.01	551	495349	卖盘
10:18:27	9.0	0.01	83	74700	买盘
10:18:24	8.99	--	264	237336	卖盘
10:18:15	8.99	-0.01	3	2697	卖盘
10:18:12	9.0	0.01	81	72900	买盘
10:18:09	8.99	-0.01	110	98890	卖盘
10:18:06	9.0	0.01	10	9000	买盘
10:18:03	8.99	-0.01	144	129456	卖盘
10:17:57	9.0	--	200	180000	买盘
10:17:54	9.0	--	20	18000	买盘
10:17:51	9.0	--	119	107100	卖盘
10:17:48	9.0	--	256	230400	卖盘
10:17:45	9.0	--	40	36000	卖盘
10:17:42	9.0	--	15	13500	卖盘
10:17:36	9.0	--	170	153000	卖盘
10:17:33	9.0	--	5	4500	卖盘
10:17:30	9.0	-0.01	21	18900	卖盘
10:17:21	9.01	0.01	15	13515	买盘
10:17:18	9.0	-0.01	2	1800	卖盘
10:17:15	9.01	--	100	90100	买盘
10:17:09	9.01	--	81	72981	卖盘
10:17:06	9.01	--	3	2703	卖盘
10:17:03	9.01	--	33	29733	卖盘
10:16:57	9.01	--	10	9010	卖盘
10:16:54	9.01	--	10	9010	卖盘
10:16:51	9.01	--	21	18921	卖盘
10:16:48	9.01	0.01	62	55862	买盘
10:16:45	9.0	-0.01	196	176400	卖盘
10:16:39	9.01	0.01	11	9911	买盘
10:16:36	9.0	-0.01	110	99000	卖盘
10:16:30	9.01	--	5	4505	买盘
10:16:27	9.01	-0.01	28	25228	卖盘
10:16:24	9.02	--	83	74866	买盘
10:16:21	9.02	--	6	5412	买盘
10:16:18	9.02	0.01	27	24354	买盘
10:16:15	9.01	--	37	33337	卖盘
10:16:12	9.01	--	20	18020	卖盘
10:16:09	9.01	-0.01	54	48654	卖盘
10:16:06	9.02	0.01	5	4510	买盘
10:16:03	9.01	-0.01	5	4505	卖盘
10:16:00	9.02	0.01	106	95612	买盘
10:15:54	9.01	--	21	18921	卖盘
10:15:51	9.01	-0.01	26	23426	卖盘
10:15:48	9.02	--	59	53218	买盘
10:15:45	9.02	--	6	5412	买盘
10:15:42	9.02	-0.01	251	226402	卖盘
10:15:39	9.03	--	80	72240	买盘
10:15:27	9.03	--	1	902	买盘
10:15:24	9.03	--	106	95718	买盘
10:15:21	9.03	0.01	120	108359	买盘
10:15:15	9.02	-0.01	110	99220	卖盘
10:15:12	9.03	--	428	386484	卖盘
10:15:06	9.03	--	108	97524	卖盘
10:15:03	9.03	--	216	195048	卖盘
10:15:00	9.03	-0.01	1198	1081794	卖盘
10:14:57	9.04	0.01	22	19887	买盘
10:14:54	9.03	-0.01	130	117389	卖盘
10:14:51	9.04	--	280	253119	卖盘
10:14:48	9.04	0.01	225	203399	买盘
10:14:45	9.03	--	61	55082	卖盘
10:14:42	9.03	-0.01	102	92106	卖盘
10:14:36	9.04	--	9	8135	买盘
10:14:33	9.04	0.01	91	82263	买盘
10:14:30	9.03	-0.01	20	18060	卖盘
10:14:27	9.04	--	22	19887	买盘
10:14:24	9.04	--	104	94015	买盘
10:14:21	9.04	--	7	6327	买盘
10:14:18	9.04	--	573	517991	买盘
10:14:12	9.04	--	6	5423	买盘
10:14:09	9.04	-0.01	50	45199	卖盘
10:14:06	9.05	--	50	45250	买盘
10:14:03	9.05	0.02	97	87785	买盘
10:14:00	9.03	-0.01	18	16253	卖盘
10:13:57	9.04	--	135	122039	买盘
10:13:54	9.04	--	19	17176	卖盘
10:13:51	9.04	--	14	12655	卖盘
10:13:48	9.04	--	526	475503	买盘
10:13:42	9.04	--	4	3615	买盘
10:13:39	9.04	0.01	13	11751	买盘
10:13:36	9.03	-0.01	34	30701	卖盘
10:13:33	9.04	0.01	11	9943	买盘
10:13:30	9.03	--	34	30701	买盘
10:13:27	9.03	--	5	4515	买盘
10:13:21	9.03	--	5	4515	卖盘
10:13:18	9.03	--	32	28895	卖盘
10:13:15	9.03	-0.01	154	139062	中性盘
10:13:12	9.04	0.02	199	179895	买盘
10:13:09	9.02	-0.01	73	65846	卖盘
10:13:03	9.03	--	46	41538	买盘
10:12:57	9.03	0.01	118	106553	买盘
10:12:51	9.02	0.01	1	902	中性盘
10:12:45	9.01	--	10	9010	卖盘
10:12:42	9.01	-0.01	1534	1382134	卖盘
10:12:39	9.02	--	70	63140	买盘
10:12:33	9.02	0.01	5	4510	买盘
10:12:30	9.01	-0.01	20	18020	卖盘
10:12:27	9.02	0.01	97	87494	买盘
10:12:24	9.01	-0.01	3	2703	卖盘
10:12:21	9.02	--	227	204754	买盘
10:12:18	9.02	0.01	1	902	买盘
10:12:15	9.01	--	7	6307	卖盘
10:12:12	9.01	--	50	45050	买盘
10:12:09	9.01	0.01	29	26129	买盘
10:12:06	9.0	--	111	99900	卖盘
10:12:03	9.0	-0.01	47	42300	卖盘
10:12:00	9.01	--	162	145962	买盘
10:11:57	9.01	--	141	127041	买盘
10:11:54	9.01	0.01	72	64872	买盘
10:11:51	9.0	--	23	20700	卖盘
10:11:48	9.0	--	250	225000	卖盘
10:11:45	9.0	--	90	81000	卖盘
10:11:42	9.0	0.01	199	179100	买盘
10:11:39	8.99	--	225	202275	买盘
10:11:36	8.99	--	75	67425	买盘
10:11:33	8.99	--	368	330832	买盘
10:11:30	8.99	--	11	9889	买盘
10:11:27	8.99	--	167	150133	买盘
10:11:24	8.99	--	171	153729	买盘
10:11:21	8.99	0.01	53	47647	买盘
10:11:18	8.98	--	11	9878	卖盘
10:11:15	8.98	-0.01	35	31430	卖盘
10:11:12	8.99	--	72	64728	卖盘
10:11:09	8.99	--	153	137547	卖盘
10:11:06	8.99	--	1	899	卖盘
10:11:03	8.99	--	52	46748	卖盘
10:11:00	8.99	--	78	70122	卖盘
10:10:57	8.99	--	34	30566	卖盘
10:10:51	8.99	--	247	222053	卖盘
10:10:48	8.99	-0.01	73	65627	卖盘
10:10:45	9.0	0.01	15	13500	买盘
10:10:42	8.99	-0.01	80	71920	卖盘
10:10:39	9.0	-0.01	1107	996300	卖盘
10:10:36	9.01	-0.01	260	234260	卖盘
10:10:33	9.02	0.01	160	144320	买盘
10:10:30	9.01	-0.01	527	474827	卖盘
10:10:27	9.02	--	63	56826	买盘
10:10:24	9.02	--	1	902	买盘
10:10:21	9.02	--	71	64042	卖盘
10:10:18	9.02	--	15	13530	卖盘
10:10:15	9.02	-0.01	45	40590	卖盘
10:10:12	9.03	0.01	93	83979	买盘
10:10:09	9.02	-0.01	410	369820	卖盘
10:10:03	9.03	--	17	15350	卖盘
10:10:00	9.03	-0.01	32	28895	卖盘
10:09:57	9.04	--	20	18080	买盘
10:09:51	9.04	--	66	60197	卖盘
10:09:42	9.04	-0.01	345	311879	卖盘
10:09:39	9.05	--	64	57920	卖盘
10:09:36	9.05	--	53	47965	卖盘
10:09:33	9.05	--	92	83260	卖盘
10:09:27	9.05	--	409	370145	卖盘
10:09:24	9.05	0.01	146	132130	买盘
10:09:21	9.04	--	82	74498	买盘
10:09:18	9.04	--	109	98535	卖盘
10:09:15	9.04	-0.01	4	3615	卖盘
10:09:12	9.05	--	15	13575	买盘
10:09:09	9.05	--	101	91405	买盘
10:09:06	9.05	--	73	66065	买盘
10:09:03	9.05	--	43	38915	卖盘
10:09:00	9.05	--	9	8145	买盘
10:08:57	9.05	--	110	99550	买盘
10:08:54	9.05	--	7	6335	买盘
10:08:51	9.05	-0.02	274	247970	卖盘
10:08:48	9.07	--	262	237634	买盘
10:08:45	9.07	--	124	112468	买盘
10:08:39	9.07	--	20	18140	买盘
10:08:36	9.07	-0.01	465	422290	卖盘
10:08:33	9.08	--	106	96248	买盘
10:08:30	9.08	--	64	58112	买盘
10:08:27	9.08	0.01	54	49032	买盘
10:08:24	9.07	-0.01	11	9977	卖盘
10:08:21	9.08	--	154	140204	买盘
10:08:18	9.08	--	215	195755	卖盘
10:08:15	9.08	--	39	35412	卖盘
10:08:12	9.08	--	36	32688	卖盘
10:08:09	9.08	--	21	19068	卖盘
10:08:06	9.08	0.01	184	167444	买盘
10:08:03	9.07	--	683	619481	买盘
10:08:00	9.07	--	58	52606	买盘
10:07:57	9.07	0.01	61	55327	买盘
10:07:54	9.06	--	165	149490	卖盘
10:07:51	9.06	--	18	16308	卖盘
10:07:48	9.06	-0.01	100	90600	卖盘
10:07:45	9.07	--	51	46257	买盘
10:07:42	9.07	0.01	12	10884	买盘
10:07:39	9.06	--	678	614268	买盘
10:07:36	9.06	0.01	117	106002	买盘
10:07:33	9.05	0.01	28	25340	中性盘
10:07:21	9.04	0.02	73	65992	中性盘
10:07:18	9.02	-0.04	118	106436	卖盘
10:07:15	9.06	--	50	45300	卖盘
10:07:12	9.06	--	28	25368	卖盘
10:07:09	9.06	0.06	451	409457	买盘
10:07:06	9.0	-0.02	108	97200	卖盘
10:07:03	9.02	0.01	59	53218	卖盘
10:07:00	9.01	--	544	490144	卖盘
10:06:57	9.01	--	29	26129	卖盘
10:06:54	9.01	-0.01	104	93704	卖盘
10:06:48	9.02	-0.03	18	16236	卖盘
10:06:45	9.05	-0.01	2	1810	中性盘
10:06:42	9.06	0.01	588	532728	买盘
10:06:36	9.05	--	332	300514	卖盘
10:06:33	9.05	-0.01	80	72400	卖盘
10:06:30	9.06	0.01	109	98754	卖盘
10:06:27	9.05	--	53	47965	卖盘
10:06:24	9.05	--	114	103170	卖盘
10:06:21	9.05	--	155	140275	卖盘
10:06:18	9.05	-0.01	155	140275	卖盘
10:06:15	9.06	--	198	179388	买盘
10:06:12	9.06	--	283	256398	买盘
10:06:09	9.06	--	249	225594	买盘
10:06:06	9.06	--	83	75198	买盘
10:06:03	9.06	0.01	47	42582	买盘
10:06:00	9.05	-0.01	15	13575	卖盘
10:05:57	9.06	--	30	27180	买盘
10:05:54	9.06	0.01	20	18120	中性盘
10:05:51	9.05	-0.01	63	57015	卖盘
10:05:48	9.06	--	30	27180	卖盘
10:05:45	9.06	--	259	234654	卖盘
10:05:42	9.06	0.02	746	676727	买盘
10:05:39	9.04	-0.02	49	44295	卖盘
10:05:36	9.06	0.01	421	381426	买盘
10:05:33	9.05	-0.01	8	7240	中性盘
10:05:30	9.06	--	200	181254	买盘
10:05:27	9.06	--	164	149435	买盘
10:05:24	9.06	--	41	37146	买盘
10:05:21	9.06	--	47	42582	买盘
10:05:18	9.06	-0.01	451	408606	卖盘
10:05:15	9.07	--	85	77095	卖盘
10:05:12	9.07	--	329	298403	买盘
10:05:09	9.07	0.01	68	61676	买盘
10:05:06	9.06	-0.01	133	120498	卖盘
10:05:03	9.07	--	11	9977	买盘
10:05:00	9.07	--	7	6349	买盘
10:04:57	9.07	--	13	11791	卖盘
10:04:54	9.07	-0.01	162	146934	卖盘
10:04:51	9.08	--	80	72694	卖盘
10:04:48	9.08	--	8	7264	卖盘
10:04:45	9.08	-0.02	120	108960	卖盘
10:04:42	9.1	0.02	60	54600	买盘
10:04:39	9.08	-0.02	345	313260	卖盘
10:04:36	9.1	--	909	827190	卖盘
10:04:33	9.1	-0.01	199	181090	卖盘
10:04:30	9.11	0.01	218	198598	买盘
10:04:27	9.1	--	788	717080	卖盘
10:04:24	9.1	--	636	578760	买盘
10:04:21	9.1	--	100	91000	买盘
10:04:15	9.1	-0.02	660	600600	卖盘
10:04:12	9.12	--	74	67488	卖盘
10:04:09	9.12	-0.01	90	82080	卖盘
10:04:06	9.13	0.02	871	796062	买盘
10:04:03	9.11	-0.01	24	21864	卖盘
10:04:00	9.12	--	938	855455	买盘
10:03:57	9.12	--	32	29183	买盘
10:03:54	9.12	--	214	195167	买盘
10:03:51	9.12	-0.01	175	159672	卖盘
10:03:48	9.13	--	51	46563	买盘
10:03:45	9.13	-0.01	38	34694	买盘
10:03:42	9.14	0.01	1539	1406646	买盘
10:03:39	9.13	-0.01	20	18260	卖盘
10:03:36	9.14	--	28	25592	买盘
10:03:33	9.14	-0.01	5	4570	买盘
10:03:30	9.15	0.01	722	660630	买盘
10:03:27	9.14	--	85	77690	卖盘
10:03:24	9.14	--	91	83174	卖盘
10:03:21	9.14	--	40	36560	卖盘
10:03:18	9.14	-0.01	27	24678	卖盘
10:03:15	9.15	0.04	75	68625	买盘
10:03:12	9.11	-0.02	1	911	卖盘
10:03:09	9.13	0.02	6	5478	中性盘
10:03:06	9.11	-0.02	291	265101	卖盘
10:03:03	9.13	-0.01	77	70301	卖盘
10:03:00	9.14	--	147	134358	卖盘
10:02:57	9.14	-0.02	293	267802	卖盘
10:02:54	9.16	0.02	2492	2283514	买盘
10:02:51	9.14	--	41	37474	买盘
10:02:48	9.14	0.01	1	914	买盘
10:02:45	9.13	--	30	27390	卖盘
10:02:42	9.13	0.02	4	3652	买盘
10:02:39	9.11	-0.01	106	96566	卖盘
10:02:36	9.12	0.01	41	37392	中性盘
10:02:33	9.11	--	2138	1947717	卖盘
10:02:27	9.11	-0.02	18	16398	卖盘
10:02:24	9.13	0.02	23	20999	买盘
10:02:21	9.11	0.01	31	28241	买盘
10:02:18	9.1	-0.03	15	13650	中性盘
10:02:15	9.13	0.03	406	370678	买盘
10:02:12	9.1	--	184	167440	卖盘
10:02:09	9.1	--	48	43680	卖盘
10:02:06	9.1	--	311	283010	买盘
10:02:03	9.1	0.01	34	30940	卖盘
10:02:00	9.09	-0.02	94	85446	卖盘
10:01:57	9.11	0.02	155	141205	买盘
10:01:54	9.09	--	56	50904	卖盘
10:01:51	9.09	-0.01	320	290880	卖盘
10:01:48	9.1	0.01	30	27300	买盘
10:01:45	9.09	--	17	15453	卖盘
10:01:42	9.09	--	135	122733	卖盘
10:01:39	9.09	--	119	108171	买盘
10:01:36	9.09	0.01	203	184527	买盘
10:01:33	9.08	-0.01	136	123488	卖盘
10:01:30	9.09	0.01	115	104535	买盘
10:01:27	9.08	-0.01	145	131660	卖盘
10:01:24	9.09	--	36	32724	买盘
10:01:21	9.09	0.01	139	126351	买盘
10:01:18	9.08	--	157	142556	卖盘
10:01:15	9.08	--	238	216104	买盘
10:01:12	9.08	--	223	202484	买盘
10:01:09	9.08	--	308	279664	买盘
10:01:06	9.08	--	87	78996	买盘
10:01:00	9.08	--	12	10896	买盘
10:00:57	9.08	--	147	133476	卖盘
10:00:54	9.08	--	103	93524	卖盘
10:00:51	9.08	-0.01	553	502124	卖盘
10:00:48	9.09	--	90	81810	买盘
10:00:45	9.09	0.01	41	37269	买盘
10:00:42	9.08	--	107	97156	卖盘
10:00:39	9.08	--	40	36320	卖盘
10:00:36	9.08	-0.01	20	18160	卖盘
10:00:33	9.09	0.01	21	19089	买盘
10:00:30	9.08	--	13	11804	卖盘
10:00:27	9.08	-0.01	571	518468	卖盘
10:00:24	9.09	--	228	207252	卖盘
10:00:21	9.09	-0.01	67	60903	卖盘
10:00:18	9.1	--	133	121030	买盘
10:00:15	9.1	--	2	1820	买盘
10:00:12	9.1	--	17	15470	买盘
10:00:09	9.1	-0.01	258	234780	卖盘
10:00:06	9.11	0.01	246	224106	买盘
10:00:03	9.1	-0.01	375	341250	卖盘
10:00:00	9.11	0.01	58	52838	买盘
09:59:57	9.1	-0.02	182	165620	卖盘
09:59:54	9.12	-0.01	76	69312	卖盘
09:59:51	9.13	0.03	234	213642	买盘
09:59:48	9.1	--	138	125580	卖盘
09:59:45	9.1	--	407	370370	卖盘
09:59:42	9.1	-0.01	1259	1145690	卖盘
09:59:39	9.11	--	414	377154	卖盘
09:59:36	9.11	--	316	287876	卖盘
09:59:33	9.11	-0.01	174	158514	卖盘
09:59:30	9.12	-0.01	105	95759	买盘
09:59:27	9.13	0.01	70	63910	买盘
09:59:24	9.12	--	825	752399	买盘
09:59:21	9.12	--	5	4560	买盘
09:59:18	9.12	--	117	106703	买盘
09:59:15	9.12	--	829	756212	卖盘
09:59:12	9.12	-0.02	63	57455	卖盘
09:59:09	9.14	--	104	95056	买盘
09:59:06	9.14	0.01	97	88658	买盘
09:59:03	9.13	-0.01	105	95865	中性盘
09:59:00	9.14	--	1390	1270460	卖盘
09:58:57	9.14	--	47	42958	卖盘
09:58:54	9.14	--	80	73120	卖盘
09:58:51	9.14	--	527	481678	卖盘
09:58:48	9.14	0.01	104	95056	买盘
09:58:45	9.13	--	721	658273	买盘
09:58:42	9.13	--	46	41998	卖盘
09:58:39	9.13	--	2	1826	卖盘
09:58:36	9.13	--	157	143341	卖盘
09:58:33	9.13	-0.01	185	168905	卖盘
09:58:30	9.14	--	204	186456	买盘
09:58:27	9.14	0.01	112	102368	买盘
09:58:24	9.13	--	410	374330	卖盘
09:58:21	9.13	--	54	49302	卖盘
09:58:18	9.13	--	66	60258	卖盘
09:58:15	9.13	0.01	1722	1572934	买盘
09:58:12	9.12	--	50	45599	卖盘
09:58:09	9.12	0.01	162	147744	买盘
09:58:06	9.11	-0.01	131	119340	卖盘
09:58:03	9.12	0.01	139	126767	买盘
09:58:00	9.11	-0.01	135	122984	卖盘
09:57:57	9.12	--	32	29183	买盘
09:57:54	9.12	--	96	87551	买盘
09:57:51	9.12	0.01	532	485183	买盘
09:57:48	9.11	--	39	35529	卖盘
09:57:45	9.11	--	30	27330	卖盘
09:57:42	9.11	--	169	153959	卖盘
09:57:39	9.11	--	150	136877	买盘
09:57:36	9.11	--	133	121162	买盘
09:57:33	9.11	0.01	95	86545	买盘
09:57:30	9.1	--	109	99190	卖盘
09:57:27	9.1	--	71	64610	买盘
09:57:24	9.1	0.01	42	38220	买盘
09:57:21	9.09	-0.01	144	130896	卖盘
09:57:18	9.1	--	380	345800	卖盘
09:57:15	9.1	-0.01	135	122850	卖盘
09:57:12	9.11	--	330	300630	买盘
09:57:09	9.11	--	20	18220	买盘
09:57:06	9.11	--	51	46461	买盘
09:57:03	9.11	--	262	238681	卖盘
09:57:00	9.11	-0.02	543	494672	卖盘
09:56:57	9.13	0.01	74	67562	买盘
09:56:54	9.12	--	150	136800	中性盘
09:56:51	9.12	-0.01	224	204287	卖盘
09:56:48	9.13	0.01	136	124168	买盘
09:56:45	9.12	-0.01	112	102143	卖盘
09:56:42	9.13	--	382	348766	买盘
09:56:39	9.13	-0.01	217	198121	卖盘
09:56:36	9.14	--	158	144412	买盘
09:56:33	9.14	--	255	233070	买盘
09:56:30	9.14	0.01	387	353718	买盘
09:56:27	9.13	--	66	60258	买盘
09:56:24	9.13	-0.02	871	795223	卖盘
09:56:21	9.15	--	218	199470	买盘
09:56:18	9.15	0.02	275	251625	买盘
09:56:15	9.13	-0.01	88	80344	卖盘
09:56:12	9.14	-0.01	110	100540	卖盘
09:56:09	9.15	--	308	281820	卖盘
09:56:06	9.15	0.01	112	102480	买盘
09:56:03	9.14	-0.01	800	731200	卖盘
09:56:00	9.15	--	240	219600	买盘
09:55:57	9.15	0.02	1216	1112640	买盘
09:55:54	9.13	--	554	505802	买盘
09:55:51	9.13	-0.02	1554	1418802	卖盘
09:55:48	9.15	0.01	188	172020	买盘
09:55:45	9.14	-0.01	728	665392	中性盘
09:55:42	9.15	0.01	549	502335	买盘
09:55:39	9.14	-0.01	359	328126	卖盘
09:55:36	9.15	0.03	191	174765	买盘
09:55:33	9.12	0.01	1710	1559519	中性盘
09:55:30	9.11	-0.02	24	21864	卖盘
09:55:27	9.13	0.01	140	127820	买盘
09:55:24	9.12	0.01	143	130415	买盘
09:55:21	9.11	--	377	343447	买盘
09:55:18	9.11	0.01	346	315206	买盘
09:55:15	9.1	0.01	1903	1731730	买盘
09:55:12	9.09	--	210	190890	买盘
09:55:09	9.09	0.01	340	309060	买盘
09:55:06	9.08	-0.01	115	104420	买盘
09:55:03	9.09	0.02	639	580851	买盘
09:55:00	9.07	--	233	211331	买盘
09:54:57	9.07	0.01	339	307473	买盘
09:54:54	9.06	--	61	55266	卖盘
09:54:51	9.06	--	19	17214	卖盘
09:54:48	9.06	0.03	1341	1214946	买盘
09:54:45	9.03	-0.01	35	31604	卖盘
09:54:42	9.04	0.01	450	406799	买盘
09:54:39	9.03	--	5	4515	卖盘
09:54:36	9.03	--	73	65919	买盘
09:54:33	9.03	0.01	400	361200	买盘
09:54:30	9.02	0.01	209	189311	买盘
09:54:27	9.01	-0.01	70	63070	卖盘
09:54:24	9.02	--	116	104632	买盘
09:54:21	9.02	0.01	484	436568	买盘
09:54:18	9.01	0.01	165	148665	买盘
09:54:15	9.0	-0.01	49	44100	卖盘
09:54:12	9.01	--	310	279310	买盘
09:54:09	9.01	0.01	15	13515	买盘
09:54:06	9.0	-0.01	25	22500	卖盘
09:54:03	9.01	0.01	560	504758	买盘
09:54:00	9.0	--	128	115200	买盘
09:53:57	9.0	0.01	156	140400	买盘
09:53:54	8.99	--	76	68324	卖盘
09:53:51	8.99	--	36	32364	卖盘
09:53:48	8.99	--	49	44051	买盘
09:53:45	8.99	0.01	344	309256	买盘
09:53:39	8.98	--	248	222704	卖盘
09:53:36	8.98	0.01	76	68248	买盘
09:53:33	8.97	-0.01	105	94185	卖盘
09:53:30	8.98	--	160	143680	买盘
09:53:27	8.98	0.02	746	669908	买盘
09:53:24	8.96	-0.01	21	18816	卖盘
09:53:21	8.97	--	33	29601	买盘
09:53:18	8.97	0.01	105	94185	中性盘
09:53:15	8.96	--	68	60928	卖盘
09:53:12	8.96	0.01	32	28672	卖盘
09:53:09	8.95	--	632	565640	卖盘
09:53:06	8.95	-0.01	150	134250	卖盘
09:53:03	8.96	--	35	31360	买盘
09:53:00	8.96	-0.01	232	207872	中性盘
09:52:57	8.97	0.01	184	165048	买盘
09:52:54	8.96	-0.02	16	14336	中性盘
09:52:48	8.98	0.02	72	64656	买盘
09:52:45	8.96	-0.03	126	112896	卖盘
09:52:42	8.99	0.02	117	105183	买盘
09:52:39	8.97	-0.02	336	301392	卖盘
09:52:36	8.99	0.01	39	35061	买盘
09:52:33	8.98	--	35	31430	买盘
09:52:30	8.98	-0.01	134	120332	卖盘
09:52:27	8.99	-0.01	78	70122	卖盘
09:52:24	9.0	--	22	19800	买盘
09:52:21	9.0	-0.02	71	63900	卖盘
09:52:18	9.02	0.01	629	567358	买盘
09:52:15	9.01	0.01	668	601868	买盘
09:52:12	9.0	-0.01	108	97200	卖盘
09:52:09	9.01	--	133	119833	买盘
09:52:06	9.01	--	86	77486	卖盘
09:52:03	9.01	--	461	415361	卖盘
09:52:00	9.01	--	107	96407	卖盘
09:51:57	9.01	--	571	514471	买盘
09:51:54	9.01	0.01	947	853247	买盘
09:51:51	9.0	--	105	94500	卖盘
09:51:48	9.0	--	625	562500	卖盘
09:51:45	9.0	-0.01	24	21600	卖盘
09:51:42	9.01	0.01	505	455005	买盘
09:51:39	9.0	-0.01	381	342900	卖盘
09:51:36	9.01	0.01	1196	1077596	买盘
09:51:33	9.0	0.01	124	111600	买盘
09:51:30	8.99	-0.03	291	261609	卖盘
09:51:27	9.02	0.01	86	77572	买盘
09:51:24	9.01	0.02	433	390133	买盘
09:51:21	8.99	-0.01	73	65627	卖盘
09:51:18	9.0	--	585	526500	卖盘
09:51:15	9.0	-0.01	664	597600	卖盘
09:51:12	9.01	--	569	512669	卖盘
09:51:09	9.01	--	20	18020	卖盘
09:51:06	9.01	--	54	48654	卖盘
09:51:03	9.01	--	148	133348	卖盘
09:51:00	9.01	--	337	303637	买盘
09:50:57	9.01	--	258	232458	买盘
09:50:54	9.01	0.01	33	29733	买盘
09:50:51	9.0	--	90	81000	卖盘
09:50:48	9.0	0.01	2642	2377800	买盘
09:50:45	8.99	--	86	77314	买盘
09:50:42	8.99	-0.01	154	138446	卖盘
09:50:39	9.0	--	99	89100	买盘
09:50:36	9.0	--	20	18000	买盘
09:50:33	9.0	--	468	421200	买盘
09:50:30	9.0	--	133	119700	买盘
09:50:27	9.0	--	128	115200	卖盘
09:50:24	9.0	--	35	31500	卖盘
09:50:21	9.0	-0.01	175	157500	卖盘
09:50:18	9.01	-0.01	303	273003	卖盘
09:50:15	9.02	-0.01	245	220990	卖盘
09:50:12	9.03	-0.01	47	42441	中性盘
09:50:09	9.04	--	288	260351	买盘
09:50:06	9.04	--	262	236847	买盘
09:50:03	9.04	--	328	296512	卖盘
09:50:00	9.04	--	262	236847	买盘
09:49:57	9.04	0.01	331	299224	买盘
09:49:54	9.03	-0.01	112	101136	卖盘
09:49:51	9.04	0.01	242	218767	买盘
09:49:48	9.03	-0.01	390	352170	卖盘
09:49:45	9.04	-0.01	193	174471	卖盘
09:49:42	9.05	0.02	526	476030	买盘
09:49:39	9.03	-0.01	341	307923	卖盘
09:49:36	9.04	0.02	229	207015	买盘
09:49:33	9.02	-0.02	371	334642	卖盘
09:49:30	9.04	--	115	103959	买盘
09:49:27	9.04	0.02	42	37968	买盘
09:49:24	9.02	--	201	181302	卖盘
09:49:21	9.02	0.01	481	433862	买盘
09:49:18	9.01	-0.01	61	54961	卖盘
09:49:15	9.02	0.02	576	519552	买盘
09:49:12	9.0	--	60	54000	卖盘
09:49:09	9.0	--	10	9000	卖盘
09:49:06	9.0	--	85	76500	买盘
09:49:03	9.0	0.01	1332	1198800	买盘
09:49:00	8.99	--	289	259811	买盘
09:48:57	8.99	--	60	53940	买盘
09:48:54	8.99	0.01	315	283185	买盘
09:48:51	8.98	--	480	431040	买盘
09:48:48	8.98	--	109	97882	买盘
09:48:45	8.98	0.01	454	407692	买盘
09:48:42	8.97	-0.01	22	19734	卖盘
09:48:39	8.98	0.02	351	315198	买盘
09:48:36	8.96	--	159	142464	卖盘
09:48:33	8.96	0.01	582	521472	买盘
09:48:30	8.95	--	21	18795	卖盘
09:48:27	8.95	--	624	558480	买盘
09:48:24	8.95	--	84	75180	买盘
09:48:21	8.95	--	329	294455	买盘
09:48:18	8.95	--	905	809974	买盘
09:48:15	8.95	--	20	17900	买盘
09:48:12	8.95	0.01	918	821609	买盘
09:48:09	8.94	--	2600	2324400	买盘
09:48:06	8.94	-0.01	151	134994	中性盘
09:48:03	8.95	0.02	96	85920	买盘
09:48:00	8.93	--	333	297369	卖盘
09:47:57	8.93	--	212	189316	卖盘
09:47:54	8.93	--	862	769766	买盘
09:47:51	8.93	--	441	393813	买盘
09:47:48	8.93	0.01	9	8037	买盘
09:47:45	8.92	-0.01	100	89200	卖盘
09:47:42	8.93	0.02	962	859512	买盘
09:47:39	8.91	--	235	209385	买盘
09:47:36	8.91	-0.01	139	123849	中性盘
09:47:33	8.92	0.01	300	267600	买盘
09:47:30	8.91	0.01	127	113157	买盘
09:47:27	8.9	--	28	24920	卖盘
09:47:24	8.9	--	151	134390	买盘
09:47:21	8.9	--	324	288360	买盘
09:47:18	8.9	-0.01	16	14240	中性盘
09:47:15	8.91	0.01	556	495396	买盘
09:47:12	8.9	--	717	638130	买盘
09:47:09	8.9	0.02	33	29370	买盘
09:47:06	8.88	--	15	13320	卖盘
09:47:03	8.88	-0.02	20	17760	卖盘
09:47:00	8.9	0.02	93	82770	买盘
09:46:57	8.88	--	2	1776	买盘
09:46:54	8.88	--	410	364080	买盘
09:46:51	8.88	--	211	187368	买盘
09:46:48	8.88	--	181	160728	买盘
09:46:45	8.88	-0.01	37	32856	卖盘
09:46:42	8.89	0.01	234	208026	买盘
09:46:39	8.88	--	51	45288	买盘
09:46:36	8.88	0.01	115	102120	买盘
09:46:33	8.87	--	30	26609	买盘
09:46:30	8.87	--	1008	894095	买盘
09:46:27	8.87	--	182	161434	买盘
09:46:24	8.87	--	38	33706	买盘
09:46:21	8.87	-0.02	347	307789	卖盘
09:46:18	8.89	--	159	141351	买盘
09:46:15	8.89	0.02	165	146685	买盘
09:46:12	8.87	--	210	186269	卖盘
09:46:09	8.87	-0.02	148	131276	卖盘
09:46:06	8.89	0.01	12	10668	买盘
09:46:03	8.88	--	43	38184	买盘
09:46:00	8.88	--	22	19536	买盘
09:45:57	8.88	-0.01	25	22200	卖盘
09:45:54	8.89	--	333	296037	买盘
09:45:51	8.89	0.01	62	55118	买盘
09:45:48	8.88	--	95	84360	卖盘
09:45:45	8.88	-0.01	18	15984	卖盘
09:45:42	8.89	--	24	21336	买盘
09:45:39	8.89	--	8	7112	买盘
09:45:36	8.89	--	100	88900	买盘
09:45:33	8.89	-0.01	30	26670	卖盘
09:45:30	8.9	0.02	1	890	中性盘
09:45:27	8.88	-0.03	19	16872	卖盘
09:45:24	8.91	0.01	315	280665	买盘
09:45:21	8.9	--	5	4450	买盘
09:45:18	8.9	0.01	79	70310	中性盘
09:45:15	8.89	-0.02	306	272034	卖盘
09:45:12	8.91	--	34	30294	卖盘
09:45:09	8.91	0.01	854	760914	买盘
09:45:06	8.9	-0.01	119	105910	卖盘
09:45:03	8.91	0.01	524	466884	买盘
09:45:00	8.9	--	22	19580	买盘
09:44:57	8.9	--	73	64970	买盘
09:44:54	8.9	0.03	9	8010	买盘
09:44:51	8.87	-0.03	33	29270	卖盘
09:44:48	8.9	--	6	5340	卖盘
09:44:45	8.9	--	1001	890890	卖盘
09:44:42	8.9	0.03	1550	1379500	买盘
09:44:39	8.87	--	288	255455	买盘
09:44:36	8.87	--	100	88699	买盘
09:44:33	8.87	--	171	151677	买盘
09:44:30	8.87	--	222	196913	买盘
09:44:27	8.87	0.01	24	21287	买盘
09:44:24	8.86	-0.01	52	46072	卖盘
09:44:21	8.87	--	40	35480	买盘
09:44:18	8.87	--	106	94021	卖盘
09:44:15	8.87	--	18	15965	卖盘
09:44:12	8.87	--	227	202120	买盘
09:44:09	8.87	0.01	429	380522	买盘
09:44:06	8.86	--	263	233017	卖盘
09:44:03	8.86	-0.01	400	354515	卖盘
09:44:00	8.87	0.04	738	655377	买盘
09:43:57	8.83	-0.03	965	852095	卖盘
09:43:54	8.86	0.01	140	124039	买盘
09:43:51	8.85	-0.01	32	28320	卖盘
09:43:45	8.86	0.01	40	35440	买盘
09:43:42	8.85	--	133	117705	买盘
09:43:39	8.85	0.01	127	112395	买盘
09:43:36	8.84	--	93	82212	卖盘
09:43:30	8.84	--	2	1768	买盘
09:43:24	8.84	0.01	26	22984	买盘
09:43:21	8.83	0.01	8	7064	卖盘
09:43:18	8.82	-0.02	286	252252	卖盘
09:43:15	8.84	0.01	102	90168	买盘
09:43:12	8.83	--	57	50331	买盘
09:43:09	8.83	--	417	368211	买盘
09:43:06	8.83	--	124	109492	卖盘
09:43:03	8.83	--	57	50331	卖盘
09:43:00	8.83	0.02	24	21192	卖盘
09:42:54	8.81	-0.01	142	125560	卖盘
09:42:51	8.82	-0.01	145	127890	中性盘
09:42:48	8.83	0.02	208	183664	买盘
09:42:45	8.81	-0.01	300	264300	卖盘
09:42:42	8.82	0.01	174	153468	买盘
09:42:39	8.81	--	65	57265	买盘
09:42:36	8.81	--	251	221131	买盘
09:42:33	8.81	--	75	66075	买盘
09:42:30	8.81	--	401	353281	卖盘
09:42:27	8.81	0.01	301	265181	买盘
09:42:24	8.8	-0.01	148	130240	卖盘
09:42:21	8.81	0.02	75	66075	买盘
09:42:18	8.79	-0.02	158	138882	卖盘
09:42:15	8.81	--	238	209678	卖盘
09:42:12	8.81	-0.02	19	16739	卖盘
09:42:09	8.83	--	90	79470	买盘
09:42:06	8.83	--	2	1766	买盘
09:42:03	8.83	--	25	22075	买盘
09:42:00	8.83	--	812	717419	买盘
09:41:57	8.83	-0.02	2136	1886088	卖盘
09:41:54	8.85	--	249	220365	买盘
09:41:51	8.85	--	733	648705	买盘
09:41:48	8.85	--	114	100890	买盘
09:41:45	8.85	-0.01	22	19470	卖盘
09:41:42	8.86	0.01	89	78854	买盘
09:41:39	8.85	--	443	392055	卖盘
09:41:36	8.85	-0.01	456	403560	卖盘
09:41:33	8.86	0.01	30	26580	买盘
09:41:30	8.85	-0.01	303	268155	卖盘
09:41:27	8.86	-0.01	37	32782	卖盘
09:41:24	8.87	--	58	51445	买盘
09:41:21	8.87	--	46	40802	买盘
09:41:18	8.87	-0.01	981	870146	卖盘
09:41:15	8.88	0.01	225	199800	买盘
09:41:12	8.87	-0.01	289	256342	卖盘
09:41:09	8.88	--	25	22200	买盘
09:41:06	8.88	--	191	169608	买盘
09:41:03	8.88	--	302	268291	卖盘
09:41:00	8.88	-0.02	237	210456	卖盘
09:40:57	8.9	--	55	48950	买盘
09:40:54	8.9	0.02	68	60520	买盘
09:40:51	8.88	-0.02	5	4440	卖盘
09:40:48	8.9	0.01	113	100570	买盘
09:40:45	8.89	--	33	29337	买盘
09:40:42	8.89	0.01	33	29337	买盘
09:40:39	8.88	--	247	220108	卖盘
09:40:36	8.88	--	57	50616	卖盘
09:40:33	8.88	-0.02	631	560328	卖盘
09:40:30	8.9	0.02	99	88110	买盘
09:40:27	8.88	-0.02	747	663336	卖盘
09:40:24	8.9	--	495	440550	买盘
09:40:21	8.9	--	123	109470	买盘
09:40:18	8.9	--	318	283020	买盘
09:40:15	8.9	0.01	33	29370	买盘
09:40:12	8.89	0.01	227	201803	买盘
09:40:09	8.88	-0.01	427	379176	卖盘
09:40:06	8.89	--	827	735203	买盘
09:40:00	8.89	0.01	12	10668	买盘
09:39:57	8.88	-0.02	240	213120	卖盘
09:39:54	8.9	0.02	105	93450	买盘
09:39:51	8.88	-0.02	788	699744	卖盘
09:39:48	8.9	--	137	121930	买盘
09:39:45	8.9	--	111	98790	买盘
09:39:42	8.9	0.01	38	33820	买盘
09:39:39	8.89	--	136	120904	买盘
09:39:36	8.89	--	392	348488	卖盘
09:39:33	8.89	-0.01	23	20447	卖盘
09:39:30	8.9	-0.01	101	90068	卖盘
09:39:27	8.91	0.01	152	136064	买盘
09:39:24	8.9	--	292	259960	买盘
09:39:21	8.9	0.01	258	229620	买盘
09:39:18	8.89	-0.01	123	109347	卖盘
09:39:15	8.9	0.01	129	114810	买盘
09:39:12	8.89	0.02	62	55118	买盘
09:39:09	8.87	--	14	12417	卖盘
09:39:06	8.87	-0.04	351	312144	卖盘
09:39:03	8.91	0.02	628	559628	买盘
09:39:00	8.89	-0.02	53	47117	卖盘
09:38:57	8.91	0.02	254	226314	买盘
09:38:54	8.89	-0.01	152	135128	中性盘
09:38:51	8.9	0.01	640	569600	买盘
09:38:48	8.89	-0.01	58	51562	卖盘
09:38:45	8.9	--	627	558030	买盘
09:38:42	8.9	--	1126	1002140	买盘
09:38:39	8.9	--	357	317730	卖盘
09:38:36	8.9	--	132	117480	卖盘
09:38:33	8.9	-0.01	79	70310	卖盘
09:38:30	8.91	0.01	64	57024	买盘
09:38:27	8.9	--	66	58740	卖盘
09:38:24	8.9	-0.01	263	234070	卖盘
09:38:21	8.91	--	484	431244	卖盘
09:38:18	8.91	--	194	172854	卖盘
09:38:15	8.91	--	38	33858	卖盘
09:38:12	8.91	0.03	357	318087	买盘
09:38:09	8.88	-0.01	1357	1205016	卖盘
09:38:06	8.89	-0.01	217	192913	中性盘
09:38:03	8.9	0.02	291	258990	买盘
09:38:00	8.88	-0.02	122	108336	卖盘
09:37:57	8.9	--	166	147740	买盘
09:37:54	8.9	-0.01	207	184230	卖盘
09:37:51	8.91	--	284	253044	买盘
09:37:48	8.91	--	300	267300	卖盘
09:37:45	8.91	0.01	106	94446	买盘
09:37:42	8.9	--	34	30260	卖盘
09:37:39	8.9	--	176	156640	买盘
09:37:33	8.9	0.04	400	356000	买盘
09:37:30	8.86	-0.02	689	610454	卖盘
09:37:27	8.88	0.01	196	174048	买盘
09:37:24	8.87	0.01	215	190704	买盘
09:37:21	8.86	--	13	11518	卖盘
09:37:18	8.86	0.01	19	16834	买盘
09:37:15	8.85	--	961	850485	卖盘
09:37:12	8.85	--	69	61065	卖盘
09:37:09	8.85	--	519	459315	买盘
09:37:06	8.85	0.01	436	385860	买盘
09:37:03	8.84	-0.01	344	304096	卖盘
09:37:00	8.85	--	132	116820	买盘
09:36:57	8.85	0.02	697	616845	买盘
09:36:54	8.83	-0.02	432	381456	卖盘
09:36:51	8.85	0.01	189	167265	买盘
09:36:48	8.84	--	211	186524	买盘
09:36:45	8.84	--	200	176800	买盘
09:36:42	8.84	--	47	41548	买盘
09:36:39	8.84	--	285	251940	买盘
09:36:36	8.84	0.01	181	160004	买盘
09:36:33	8.83	-0.01	16	14128	卖盘
09:36:30	8.84	--	105	92820	买盘
09:36:27	8.84	0.02	99	87516	买盘
09:36:24	8.82	-0.01	56	49392	卖盘
09:36:21	8.83	--	139	122737	买盘
09:36:18	8.83	--	22	19426	买盘
09:36:15	8.83	0.01	54	47682	买盘
09:36:12	8.82	-0.01	6	5292	卖盘
09:36:09	8.83	0.02	71	62693	买盘
09:36:06	8.81	-0.01	566	498646	卖盘
09:36:03	8.82	--	96	85130	买盘
09:36:00	8.82	0.02	131	115542	买盘
09:35:57	8.8	--	117	102960	卖盘
09:35:54	8.8	--	10	8800	卖盘
09:35:51	8.8	--	3	2640	卖盘
09:35:48	8.8	--	170	149600	买盘
09:35:45	8.8	--	128	112640	买盘
09:35:42	8.8	0.01	209	183920	买盘
09:35:39	8.79	-0.01	100	87899	卖盘
09:35:36	8.8	0.01	3	2640	买盘
09:35:33	8.79	0.01	264	232055	买盘
09:35:30	8.78	-0.01	7	6146	卖盘
09:35:27	8.79	--	22	19337	买盘
09:35:24	8.79	0.01	15	13184	买盘
09:35:21	8.78	-0.01	85	74630	卖盘
09:35:18	8.79	--	23	20216	买盘
09:35:15	8.79	-0.01	56	49223	中性盘
09:35:09	8.8	0.02	800	704000	买盘
09:35:06	8.78	-0.01	95	83410	卖盘
09:35:03	8.79	--	366	321713	卖盘
09:35:00	8.79	--	106	93173	卖盘
09:34:57	8.79	--	40	35160	卖盘
09:34:54	8.79	--	699	614420	卖盘
09:34:51	8.79	0.01	169	148551	买盘
09:34:48	8.78	0.01	54	47412	买盘
09:34:45	8.77	--	186	163122	卖盘
09:34:42	8.77	0.01	130	114010	卖盘
09:34:39	8.76	-0.01	20	17520	卖盘
09:34:36	8.77	0.01	235	206095	买盘
09:34:33	8.76	-0.01	35	30660	卖盘
09:34:30	8.77	0.01	47	41219	买盘
09:34:27	8.76	-0.01	50	43800	卖盘
09:34:24	8.77	--	33	28941	买盘
09:34:21	8.77	0.01	31	27187	买盘
09:34:18	8.76	-0.02	8	7008	卖盘
09:34:15	8.78	--	48	42144	买盘
09:34:12	8.78	--	49	43022	买盘
09:34:09	8.78	0.01	111	97458	买盘
09:34:06	8.77	--	123	107871	买盘
09:34:03	8.77	--	93	81561	买盘
09:34:00	8.77	-0.01	496	434992	中性盘
09:33:57	8.78	0.01	253	222133	买盘
09:33:54	8.77	-0.01	185	162245	卖盘
09:33:51	8.78	0.01	46	40388	买盘
09:33:45	8.77	--	6	5262	卖盘
09:33:42	8.77	-0.01	57	49989	卖盘
09:33:39	8.78	-0.01	130	114139	卖盘
09:33:36	8.79	-0.01	41	36039	中性盘
09:33:30	8.8	--	200	176000	买盘
09:33:27	8.8	--	119	104720	买盘
09:33:24	8.8	0.01	492	432960	买盘
09:33:21	8.79	0.01	92	80867	买盘
09:33:18	8.78	-0.01	171	150138	卖盘
09:33:15	8.79	--	23	20216	买盘
09:33:12	8.79	--	20	17580	买盘
09:33:09	8.79	-0.01	315	276885	卖盘
09:33:06	8.8	--	237	208560	买盘
09:33:03	8.8	-0.02	86	75680	卖盘
09:33:00	8.82	--	252	222264	卖盘
09:32:57	8.82	-0.03	537	473634	中性盘
09:32:54	8.85	0.03	1537	1360245	买盘
09:32:51	8.82	0.02	98	86436	买盘
09:32:48	8.8	-0.02	198	174240	卖盘
09:32:45	8.82	0.02	858	756756	买盘
09:32:42	8.8	--	694	610720	卖盘
09:32:39	8.8	--	108	95040	卖盘
09:32:36	8.8	0.01	787	692560	买盘
09:32:33	8.79	--	50	43949	买盘
09:32:30	8.79	--	60	52739	买盘
09:32:27	8.79	--	331	290949	买盘
09:32:24	8.79	-0.01	309	271611	卖盘
09:32:21	8.8	--	108	95040	卖盘
09:32:18	8.8	--	556	489280	买盘
09:32:15	8.8	--	475	418000	买盘
09:32:12	8.8	--	25	22000	买盘
09:32:09	8.8	--	43	37840	买盘
09:32:06	8.8	--	406	357280	卖盘
09:32:03	8.8	--	162	142560	卖盘
09:32:00	8.8	--	104	91520	卖盘
09:31:57	8.8	--	319	280720	买盘
09:31:54	8.8	0.01	186	163680	买盘
09:31:51	8.79	0.02	100	87899	买盘
09:31:48	8.77	-0.02	21	18417	卖盘
09:31:45	8.79	0.02	40	35160	买盘
09:31:42	8.77	-0.02	82	71914	卖盘
09:31:39	8.79	-0.01	63	55376	卖盘
09:31:36	8.8	0.06	709	623920	买盘
09:31:33	8.74	-0.03	32	27968	卖盘
09:31:30	8.77	0.03	10	8770	买盘
09:31:27	8.74	-0.05	88	76912	卖盘
09:31:24	8.79	0.05	649	571182	买盘
09:31:21	8.74	--	360	314640	买盘
09:31:18	8.74	--	117	102258	买盘
09:31:15	8.74	--	811	708814	买盘
09:31:12	8.74	--	36	31464	买盘
09:31:09	8.74	--	146	127604	买盘
09:31:06	8.74	--	538	470212	买盘
09:31:03	8.74	-0.07	1334	1166755	卖盘
09:31:00	8.81	0.01	169	148889	买盘
09:30:57	8.8	0.01	22	19360	买盘
09:30:54	8.79	0.03	197	173162	买盘
09:30:51	8.76	0.01	60	52560	买盘
09:30:48	8.75	-0.04	220	192500	卖盘
09:30:45	8.79	--	713	626726	买盘
09:30:42	8.79	0.04	74	65045	买盘
09:30:39	8.75	-0.01	153	133875	中性盘
09:30:36	8.76	-0.03	122	106872	卖盘
09:30:33	8.79	--	34	29885	买盘
09:30:30	8.79	-0.01	58	50981	中性盘
09:30:27	8.8	--	39	34320	买盘
09:30:24	8.8	0.01	64	56320	买盘
09:30:21	8.79	-0.01	48	42191	卖盘
09:30:18	8.8	0.01	23	20240	买盘
09:30:15	8.79	0.05	774	680345	买盘
09:30:12	8.74	--	17	14858	卖盘
09:30:09	8.74	--	6	5244	卖盘
09:30:06	8.74	--	594	519156	卖盘
09:30:03	8.74	--	2006	1753278	买盘
09:30:00	8.74	--	0	0	买盘
09:25:03	8.74	8.74	1956	1709544	买盘
