成交时间	成交价	价格变动	成交量(手)	成交额(元)	性质
15:00:03	11.3	--	1166	1317580	买盘
14:57:00	11.3	--	54	61020	买盘
14:56:57	11.3	0.01	62	70060	买盘
14:56:48	11.29	--	28	31611	卖盘
14:56:36	11.29	-0.01	5	5645	卖盘
14:56:33	11.3	--	10	11300	买盘
14:56:30	11.3	0.01	68	76840	买盘
14:56:21	11.29	0.01	486	549145	买盘
14:56:18	11.28	--	17	19176	卖盘
14:56:15	11.28	--	2	2256	卖盘
14:56:09	11.28	--	25	28200	卖盘
14:56:06	11.28	-0.01	5	5640	卖盘
14:56:03	11.29	0.01	10	11290	买盘
14:55:57	11.28	-0.01	12	13536	卖盘
14:55:48	11.29	--	30	33870	买盘
14:55:39	11.29	--	5	5645	买盘
14:55:33	11.29	0.01	18	20322	买盘
14:55:30	11.28	-0.01	202	227856	卖盘
14:55:24	11.29	--	16	18741	卖盘
14:55:18	11.29	-0.01	77	86933	卖盘
14:55:15	11.3	0.01	266	301032	买盘
14:55:12	11.29	0.01	3	3386	中性盘
14:55:03	11.28	-0.01	80	90240	卖盘
14:54:54	11.29	--	35	39515	卖盘
14:54:42	11.29	--	6	6773	卖盘
14:54:39	11.29	--	28	31611	买盘
14:54:36	11.29	0.01	540	609660	买盘
14:54:27	11.28	--	195	219960	卖盘
14:54:24	11.28	--	3	3384	卖盘
14:54:18	11.28	-0.01	2	2256	卖盘
14:54:12	11.29	--	25	28224	买盘
14:54:06	11.29	--	50	56449	买盘
14:54:03	11.29	-0.01	10	11290	中性盘
14:54:00	11.3	--	6	6780	买盘
14:53:54	11.3	--	100	113000	买盘
14:53:39	11.3	0.03	2	2260	买盘
14:53:36	11.27	-0.03	110	123970	卖盘
14:53:24	11.3	0.03	45	50850	买盘
14:53:21	11.27	-0.02	205	231035	卖盘
14:53:12	11.29	0.01	8	9032	中性盘
14:53:09	11.28	--	10	11280	卖盘
14:53:03	11.28	-0.01	319	359832	卖盘
14:52:57	11.29	0.01	5	5645	买盘
14:52:54	11.28	--	38	42864	卖盘
14:52:45	11.28	-0.01	130	146640	卖盘
14:52:42	11.29	--	100	112899	买盘
14:52:39	11.29	--	25	28224	买盘
14:52:36	11.29	--	32	36128	买盘
14:52:33	11.29	--	57	64352	卖盘
14:52:30	11.29	--	43	48546	买盘
14:52:21	11.29	--	30	33870	买盘
14:52:18	11.29	--	36	40644	卖盘
14:52:09	11.29	--	60	67740	卖盘
14:51:57	11.29	0.01	115	129834	买盘
14:51:54	11.28	-0.01	30	33840	卖盘
14:51:36	11.29	0.01	40	45160	买盘
14:51:33	11.28	0.02	10	11280	卖盘
14:51:27	11.26	-0.02	300	337800	卖盘
14:51:24	11.28	--	9	10152	卖盘
14:51:21	11.28	--	5	5640	卖盘
14:51:12	11.28	--	20	22560	卖盘
14:50:51	11.28	-0.01	3	3384	卖盘
14:50:48	11.29	0.01	385	434664	买盘
14:50:45	11.28	-0.01	69	77832	卖盘
14:50:42	11.29	--	20	22580	买盘
14:50:36	11.29	0.01	2	2258	买盘
14:50:30	11.28	-0.01	25	28200	卖盘
14:50:24	11.29	--	33	37257	卖盘
14:50:21	11.29	-0.01	10	11290	卖盘
14:50:18	11.3	0.01	5	5650	买盘
14:50:12	11.29	--	46	51933	卖盘
14:50:09	11.29	--	261	294669	卖盘
14:50:06	11.29	--	1	1129	卖盘
14:50:03	11.29	--	10	11290	卖盘
14:49:57	11.29	--	47	53062	卖盘
14:49:45	11.29	-0.01	1	1129	卖盘
14:49:39	11.3	--	5	5650	买盘
14:49:36	11.3	--	63	71190	买盘
14:49:33	11.3	0.01	10	11300	买盘
14:49:30	11.29	--	107	120802	卖盘
14:49:27	11.29	--	27	30482	卖盘
14:49:24	11.29	--	12	13547	卖盘
14:49:18	11.29	-0.01	1	1129	卖盘
14:49:15	11.3	0.01	4	4520	买盘
14:49:12	11.29	-0.01	30	33870	卖盘
14:49:09	11.3	--	3	3390	买盘
14:49:06	11.3	--	40	45200	买盘
14:49:03	11.3	--	1	1130	买盘
14:48:57	11.3	--	36	40680	买盘
14:48:54	11.3	0.01	292	329960	买盘
14:48:48	11.29	-0.02	232	261927	卖盘
14:48:45	11.31	0.01	207	234117	买盘
14:48:42	11.3	--	100	113000	卖盘
14:48:39	11.3	--	53	59890	卖盘
14:48:33	11.3	--	65	73450	卖盘
14:48:30	11.3	--	167	188710	卖盘
14:48:27	11.3	--	17	19210	卖盘
14:48:24	11.3	--	105	118650	卖盘
14:48:12	11.3	--	2	2260	卖盘
14:48:09	11.3	--	2	2260	卖盘
14:48:06	11.3	--	15	16950	卖盘
14:48:03	11.3	--	39	44070	买盘
14:48:00	11.3	--	65	73450	买盘
14:47:57	11.3	--	161	181930	买盘
14:47:54	11.3	--	4	4520	买盘
14:47:51	11.3	--	10	11300	买盘
14:47:48	11.3	--	233	263290	买盘
14:47:45	11.3	-0.01	666	753032	卖盘
14:47:42	11.31	--	12	13572	买盘
14:47:39	11.31	--	120	135720	买盘
14:47:36	11.31	--	5	5655	买盘
14:47:18	11.31	--	16	18096	买盘
14:47:12	11.31	0.01	50	56550	买盘
14:47:09	11.3	-0.01	56	63280	卖盘
14:47:06	11.31	--	8	9048	买盘
14:46:54	11.31	0.01	2	2262	买盘
14:46:51	11.3	--	2	2260	卖盘
14:46:48	11.3	--	5	5650	卖盘
14:46:42	11.3	--	5	5650	卖盘
14:46:39	11.3	--	10	11300	卖盘
14:46:27	11.3	-0.01	6	6780	卖盘
14:46:24	11.31	--	23	26013	买盘
14:46:21	11.31	--	47	53157	买盘
14:46:18	11.31	0.01	50	56550	买盘
14:46:15	11.3	--	107	120910	卖盘
14:46:09	11.3	-0.01	7	7910	卖盘
14:46:06	11.31	--	238	269178	买盘
14:46:03	11.31	0.01	24	27144	买盘
14:46:00	11.3	--	26	29380	卖盘
14:45:51	11.3	--	103	116390	卖盘
14:45:48	11.3	--	77	87688	买盘
14:45:45	11.3	0.01	4	4520	买盘
14:45:42	11.29	-0.01	15	16935	卖盘
14:45:39	11.3	--	12	13560	买盘
14:45:36	11.3	--	50	56500	买盘
14:45:33	11.3	--	15	16950	买盘
14:45:30	11.3	--	18	20340	买盘
14:45:24	11.3	--	70	79100	买盘
14:45:21	11.3	--	132	149160	买盘
14:45:18	11.3	--	282	318660	买盘
14:45:15	11.3	--	100	113000	买盘
14:45:12	11.3	0.01	530	598900	买盘
14:45:09	11.29	-0.01	36	40644	卖盘
14:45:03	11.3	--	7	7910	买盘
14:44:57	11.3	--	5	5650	买盘
14:44:54	11.3	--	365	412450	买盘
14:44:51	11.3	--	56	63280	买盘
14:44:42	11.3	--	18	20340	买盘
14:44:39	11.3	0.01	11	12430	买盘
14:44:36	11.29	--	8	9032	卖盘
14:44:27	11.29	0.01	26	29353	买盘
14:44:24	11.28	--	30	33840	卖盘
14:44:21	11.28	-0.01	5	5640	卖盘
14:44:15	11.29	--	50	56449	买盘
14:44:03	11.29	0.01	574	648046	买盘
14:43:57	11.28	-0.01	5	5640	卖盘
14:43:51	11.29	0.01	2	2258	买盘
14:43:45	11.28	-0.01	10	11280	卖盘
14:43:27	11.29	--	4	4516	买盘
14:43:24	11.29	0.01	4	4516	买盘
14:43:18	11.28	-0.01	50	56400	卖盘
14:43:06	11.29	--	12	13547	买盘
14:43:03	11.29	0.02	8	9032	买盘
14:43:00	11.27	-0.01	27	30429	卖盘
14:42:57	11.28	--	11	12408	买盘
14:42:54	11.28	--	17	19176	卖盘
14:42:51	11.28	-0.01	14	15792	卖盘
14:42:48	11.29	--	34	38386	买盘
14:42:39	11.29	0.02	1	1129	买盘
14:42:36	11.27	--	1	1127	卖盘
14:42:30	11.27	-0.01	15	16905	卖盘
14:42:27	11.28	0.01	10	11280	中性盘
14:42:15	11.27	-0.03	15	16905	卖盘
14:42:12	11.3	0.02	1044	1179720	买盘
14:42:00	11.28	0.01	66	74448	买盘
14:41:57	11.27	--	5	5635	卖盘
14:41:54	11.27	-0.01	10	11270	卖盘
14:41:39	11.28	--	300	338400	买盘
14:41:36	11.28	0.01	1	1128	买盘
14:41:24	11.27	--	10	11270	卖盘
14:41:21	11.27	--	19	21413	卖盘
14:41:18	11.27	--	10	11270	卖盘
14:41:15	11.27	--	50	56350	卖盘
14:41:09	11.27	--	9	10143	卖盘
14:41:06	11.27	--	55	61985	卖盘
14:41:03	11.27	--	39	43953	卖盘
14:41:00	11.27	--	77	86779	卖盘
14:40:57	11.27	--	11	12397	卖盘
14:40:45	11.27	--	2	2254	卖盘
14:40:42	11.27	--	84	94668	卖盘
14:40:36	11.27	--	108	121716	卖盘
14:40:30	11.27	--	10	11270	卖盘
14:40:18	11.27	0.01	129	145383	买盘
14:40:15	11.26	-0.01	2	2252	卖盘
14:40:06	11.27	--	10	11270	买盘
14:39:54	11.27	0.01	10	11270	买盘
14:39:33	11.26	--	10	11260	卖盘
14:39:24	11.26	--	5	5630	卖盘
14:39:15	11.26	-0.01	4	4504	卖盘
14:39:12	11.27	--	3	3381	买盘
14:39:03	11.27	--	10	11270	买盘
14:38:42	11.27	0.01	3	3381	卖盘
14:38:39	11.26	-0.01	3	3378	卖盘
14:38:36	11.27	--	23	25921	买盘
14:38:24	11.27	--	5	5635	买盘
14:38:15	11.27	--	2	2254	卖盘
14:38:12	11.27	-0.01	10	11270	卖盘
14:38:06	11.28	0.01	1	1128	买盘
14:38:03	11.27	--	3	3381	卖盘
14:37:57	11.27	--	14	15778	卖盘
14:37:48	11.27	--	20	22540	卖盘
14:37:42	11.27	0.01	48	54096	买盘
14:37:39	11.26	--	24	27024	卖盘
14:37:33	11.26	--	27	30402	卖盘
14:37:18	11.26	-0.01	9	10134	卖盘
14:37:09	11.27	--	200	225400	买盘
14:36:33	11.27	0.01	1	1127	买盘
14:36:30	11.26	--	3	3378	卖盘
14:36:27	11.26	-0.01	17	19142	卖盘
14:36:24	11.27	0.01	6	6762	买盘
14:36:21	11.26	--	10	11260	卖盘
14:36:09	11.26	-0.01	4	4954	卖盘
14:35:48	11.27	0.01	141	158907	买盘
14:35:45	11.26	--	3	3378	卖盘
14:35:30	11.26	--	6	6756	卖盘
14:35:21	11.26	--	60	67560	卖盘
14:35:12	11.26	--	40	45040	卖盘
14:34:54	11.26	--	5	5630	卖盘
14:34:51	11.26	-0.01	200	225200	卖盘
14:34:36	11.27	0.01	50	56350	买盘
14:34:33	11.26	-0.01	6	6756	卖盘
14:34:12	11.27	--	20	22540	买盘
14:34:00	11.27	--	2	2254	买盘
14:33:54	11.27	--	1	1127	买盘
14:33:36	11.27	--	21	23667	卖盘
14:33:24	11.27	--	16	18032	卖盘
14:33:09	11.27	--	55	61985	买盘
14:32:42	11.27	--	13	14651	买盘
14:32:33	11.27	0.02	24	27048	买盘
14:32:21	11.25	-0.01	0	450	卖盘
14:32:09	11.26	-0.01	10	11260	中性盘
14:31:54	11.27	0.01	100	112700	买盘
14:31:51	11.26	--	20	22520	买盘
14:31:48	11.26	--	2	2252	买盘
14:31:36	11.26	--	19	21394	买盘
14:31:12	11.26	0.02	100	112600	买盘
14:30:57	11.24	--	12	13488	卖盘
14:30:27	11.24	--	4	4496	卖盘
14:30:21	11.24	--	2	2922	买盘
14:30:15	11.24	--	4	4496	买盘
14:30:12	11.24	--	15	16860	买盘
14:30:06	11.24	--	1	1124	买盘
14:30:00	11.24	--	43	49231	卖盘
14:29:57	11.24	--	20	22704	卖盘
14:29:54	11.24	--	10	11240	卖盘
14:29:45	11.24	-0.01	4	4496	卖盘
14:29:36	11.25	0.01	10	11250	买盘
14:29:24	11.24	-0.01	1	1124	卖盘
14:29:18	11.25	--	11	13275	卖盘
14:29:09	11.25	--	12	13725	买盘
14:29:06	11.25	--	10	11250	买盘
14:28:45	11.25	--	24	27900	卖盘
14:28:42	11.25	--	10	11250	卖盘
14:28:27	11.25	--	18	20250	卖盘
14:28:21	11.25	--	8	9000	卖盘
14:28:15	11.25	--	39	44100	买盘
14:28:12	11.25	--	6	6750	买盘
14:28:09	11.25	--	1	1125	买盘
14:28:06	11.25	--	10	11250	买盘
14:27:27	11.25	--	93	105525	卖盘
14:27:21	11.25	-0.01	6	6750	卖盘
14:27:18	11.26	0.01	28	31528	买盘
14:27:15	11.25	-0.01	50	56250	卖盘
14:27:12	11.26	0.01	30	33780	买盘
14:27:03	11.25	--	124	139500	卖盘
14:26:57	11.25	-0.01	10	11250	卖盘
14:26:54	11.26	0.01	17	19142	买盘
14:26:48	11.25	-0.01	3	3375	卖盘
14:26:42	11.26	0.01	2	2252	买盘
14:26:33	11.25	-0.01	5	5625	卖盘
14:26:00	11.26	--	1	1126	买盘
14:25:51	11.26	--	71	79946	买盘
14:25:42	11.26	--	37	41662	买盘
14:25:27	11.26	--	2	2252	买盘
14:25:00	11.26	0.01	30	33780	买盘
14:24:54	11.25	--	30	33750	卖盘
14:24:48	11.25	-0.01	25	28125	卖盘
14:24:30	11.26	--	15	16890	买盘
14:24:21	11.26	--	6	6756	买盘
14:24:12	11.26	--	11	12386	买盘
14:24:09	11.26	--	20	22520	买盘
14:24:00	11.26	--	6	6756	买盘
14:23:54	11.26	-0.02	245	275870	卖盘
14:23:51	11.28	--	7	7896	买盘
14:23:30	11.28	--	5	5640	买盘
14:23:27	11.28	--	7	7896	买盘
14:23:21	11.28	--	3	3384	买盘
14:23:09	11.28	0.01	1	1128	买盘
14:23:06	11.27	--	3	3381	卖盘
14:23:00	11.27	-0.01	60	67620	卖盘
14:22:48	11.28	0.01	62	69936	买盘
14:22:36	11.27	-0.01	4	4508	卖盘
14:22:33	11.28	--	1	1128	买盘
14:22:30	11.28	--	13	14664	买盘
14:22:27	11.28	--	20	22560	买盘
14:22:15	11.28	--	10	11280	买盘
14:22:09	11.28	--	84	94977	卖盘
14:22:06	11.28	-0.01	10	11280	卖盘
14:22:00	11.29	--	7	7902	买盘
14:21:54	11.29	--	10	11290	买盘
14:21:33	11.29	0.01	10	11290	买盘
14:21:30	11.28	--	6	7670	买盘
14:21:18	11.28	--	19	21657	卖盘
14:21:12	11.28	-0.01	4	4512	卖盘
14:21:09	11.29	--	9	10161	买盘
14:21:00	11.29	0.01	20	22580	买盘
14:20:57	11.28	--	56	63168	卖盘
14:20:42	11.28	--	10	11280	卖盘
14:20:39	11.28	-0.01	9	10152	卖盘
14:20:36	11.29	0.01	3	3386	买盘
14:20:33	11.28	--	8	9024	卖盘
14:20:30	11.28	--	1	1128	卖盘
14:20:27	11.28	--	32	36096	卖盘
14:20:21	11.28	0.01	96	109190	买盘
14:20:18	11.27	-0.01	7	7889	卖盘
14:20:03	11.28	--	7	7896	买盘
14:19:57	11.28	--	19	21432	买盘
14:19:54	11.28	--	10	11280	买盘
14:19:51	11.28	--	282	318096	买盘
14:19:48	11.28	--	50	56400	买盘
14:19:33	11.28	0.01	1	1128	买盘
14:19:21	11.27	-0.01	10	11270	卖盘
14:19:15	11.28	--	17	19176	买盘
14:19:09	11.28	0.01	160	180480	买盘
14:19:03	11.27	-0.01	5	5635	卖盘
14:19:00	11.28	0.01	20	22560	买盘
14:18:39	11.27	--	20	22540	卖盘
14:18:30	11.27	--	6	6762	卖盘
14:18:24	11.27	-0.01	5	5635	卖盘
14:18:00	11.28	--	12	13536	买盘
14:17:54	11.28	0.01	1	1128	买盘
14:17:48	11.27	--	30	33810	卖盘
14:17:18	11.27	--	8	9016	卖盘
14:17:06	11.27	--	3	3381	卖盘
14:16:42	11.27	0.01	75	84525	买盘
14:16:30	11.26	-0.01	31	34906	卖盘
14:16:09	11.27	--	8	9016	买盘
14:16:00	11.27	--	30	33810	买盘
14:15:57	11.27	--	4	4508	买盘
14:15:54	11.27	--	45	50715	买盘
14:15:45	11.27	--	6	6762	买盘
14:15:36	11.27	0.01	5	5635	买盘
14:15:27	11.26	-0.01	10	11260	中性盘
14:15:06	11.27	0.01	533	600691	买盘
14:15:00	11.26	--	20	22520	买盘
14:14:48	11.26	0.01	11	12386	买盘
14:14:45	11.25	-0.01	7	8100	卖盘
14:14:42	11.26	--	5	5630	买盘
14:14:39	11.26	--	4	4504	买盘
14:14:33	11.26	--	2	2252	买盘
14:14:21	11.26	0.01	5	5630	买盘
14:13:54	11.25	--	1	1125	卖盘
14:13:12	11.25	--	5	5625	卖盘
14:13:06	11.25	--	4	4500	卖盘
14:13:03	11.25	--	3	3375	卖盘
14:12:39	11.25	-0.01	5	5625	卖盘
14:12:24	11.26	--	18	20268	卖盘
14:12:12	11.26	--	1	1126	卖盘
14:12:00	11.26	--	10	11260	卖盘
14:11:36	11.26	--	34	38284	买盘
14:10:57	11.26	--	67	75442	卖盘
14:10:51	11.26	--	1	1126	卖盘
14:10:45	11.26	--	2	2252	买盘
14:10:36	11.26	--	17	19142	卖盘
14:10:33	11.26	--	5	5630	卖盘
14:10:15	11.26	--	10	11260	卖盘
14:10:12	11.26	--	15	16890	买盘
14:10:03	11.26	--	2	2252	卖盘
14:09:54	11.26	--	5	5630	卖盘
14:09:42	11.26	--	5	5630	卖盘
14:09:36	11.26	--	12	13512	卖盘
14:09:33	11.26	--	9	10134	卖盘
14:09:27	11.26	--	10	11260	卖盘
14:09:03	11.26	--	8	9008	卖盘
14:08:57	11.26	--	1	1126	卖盘
14:08:45	11.26	--	1	1126	卖盘
14:08:42	11.26	--	13	14638	卖盘
14:08:39	11.26	--	30	33780	卖盘
14:08:33	11.26	0.01	4	4504	中性盘
14:08:21	11.25	-0.01	336	378000	卖盘
14:08:18	11.26	--	174	195924	买盘
14:08:15	11.26	--	4	4504	买盘
14:07:48	11.26	0.02	52	58552	买盘
14:07:15	11.24	-0.01	30	33720	卖盘
14:07:12	11.25	-0.01	5	5625	卖盘
14:07:00	11.26	--	51	57426	买盘
14:06:54	11.26	--	23	25898	买盘
14:06:45	11.26	--	18	20268	卖盘
14:06:39	11.26	--	7	7882	卖盘
14:06:27	11.26	--	1	1126	卖盘
14:06:21	11.26	--	10	11260	卖盘
14:06:18	11.26	--	4	4504	卖盘
14:06:00	11.26	--	3	3378	卖盘
14:05:54	11.26	-0.01	30	33780	卖盘
14:05:48	11.27	--	20	22540	买盘
14:05:39	11.27	--	14	15778	买盘
14:05:24	11.27	--	2	2254	买盘
14:05:18	11.27	--	34	38318	买盘
14:05:09	11.27	--	15	16905	买盘
14:04:39	11.27	-0.01	14	15778	卖盘
14:04:33	11.28	0.01	36	40608	买盘
14:04:30	11.27	0.01	5	5635	买盘
14:04:27	11.26	-0.01	12	13512	卖盘
14:04:21	11.27	--	11	12847	卖盘
14:04:15	11.27	--	88	99852	买盘
14:04:09	11.27	--	1	1127	买盘
14:04:03	11.27	--	14	16228	卖盘
14:03:54	11.27	--	27	31105	买盘
14:03:45	11.27	--	0	450	卖盘
14:03:42	11.27	--	5	5635	卖盘
14:03:36	11.27	--	60	67620	卖盘
14:03:33	11.27	--	120	135240	卖盘
14:03:24	11.27	--	17	19835	买盘
14:03:18	11.27	--	10	11270	买盘
14:03:15	11.27	--	20	22540	买盘
14:03:03	11.27	--	6	7212	卖盘
14:02:57	11.27	--	10	11270	卖盘
14:02:54	11.27	--	283	319617	买盘
14:02:42	11.27	0.01	2	2254	买盘
14:02:33	11.26	0.01	90	101340	买盘
14:02:27	11.25	--	88	99000	卖盘
14:02:21	11.25	--	240	270000	卖盘
14:02:18	11.25	--	24	27000	卖盘
14:02:06	11.25	--	4	4500	卖盘
14:01:51	11.25	0.01	270	304425	买盘
14:01:15	11.24	--	65	73060	买盘
14:01:09	11.24	--	58	65192	买盘
14:00:39	11.24	0.02	60	67440	买盘
14:00:27	11.22	-0.02	9	10098	卖盘
14:00:18	11.24	0.01	12	13488	买盘
13:59:48	11.23	-0.02	5	5615	卖盘
13:59:24	11.25	0.01	180	202500	买盘
13:59:06	11.24	--	49	55076	卖盘
13:58:54	11.24	-0.01	10	11240	卖盘
13:58:51	11.25	--	10	11250	买盘
13:58:42	11.25	--	73	82125	买盘
13:58:30	11.25	--	20	22500	买盘
13:58:27	11.25	0.02	12	13500	买盘
13:58:24	11.23	0.01	4	4492	买盘
13:58:18	11.22	--	14	15708	卖盘
13:58:00	11.22	-0.01	0	224	卖盘
13:57:51	11.23	--	10	11230	买盘
13:57:45	11.23	-0.02	16	17968	卖盘
13:57:36	11.25	--	10	11250	买盘
13:57:24	11.25	--	180	202500	买盘
13:57:18	11.25	--	14	15750	买盘
13:57:15	11.25	--	120	135000	买盘
13:56:45	11.25	--	2	2250	买盘
13:56:42	11.25	--	308	346500	买盘
13:56:33	11.25	0.01	14	15750	买盘
13:56:15	11.24	-0.01	10	11240	卖盘
13:56:06	11.25	0.01	213	239625	买盘
13:55:57	11.24	--	10	11240	卖盘
13:55:54	11.24	-0.01	5	5620	中性盘
13:55:45	11.25	0.02	133	149625	买盘
13:55:42	11.23	--	2	2246	卖盘
13:55:21	11.23	-0.01	6	6738	卖盘
13:55:09	11.24	0.01	700	786800	买盘
13:54:54	11.23	--	5	5615	卖盘
13:54:48	11.23	-0.01	2	2246	卖盘
13:54:39	11.24	--	1	1124	买盘
13:54:27	11.24	--	5	5620	买盘
13:54:18	11.24	--	6	6744	卖盘
13:54:03	11.24	--	1	1124	卖盘
13:54:00	11.24	0.02	53	59572	买盘
13:53:57	11.22	-0.01	10	11220	卖盘
13:53:51	11.23	0.01	20	22460	买盘
13:53:36	11.22	--	12	13464	卖盘
13:53:27	11.22	-0.02	1	1122	卖盘
13:53:03	11.24	0.02	250	281000	买盘
13:52:48	11.22	--	139	155958	买盘
13:52:42	11.22	0.01	1	1122	买盘
13:52:21	11.21	--	182	204022	买盘
13:52:06	11.21	--	20	22420	买盘
13:51:39	11.21	0.01	2	2242	买盘
13:51:18	11.2	-0.01	100	112000	卖盘
13:51:12	11.21	0.01	10	11210	买盘
13:51:06	11.2	-0.01	16	17920	卖盘
13:51:03	11.21	--	21	23541	买盘
13:51:00	11.21	--	31	34751	买盘
13:50:45	11.21	0.01	6	6726	买盘
13:50:42	11.2	-0.01	19	21280	卖盘
13:50:39	11.21	--	20	22420	买盘
13:50:36	11.21	0.01	6	6726	买盘
13:50:33	11.2	-0.01	200	224000	卖盘
13:50:24	11.21	0.01	11	12331	买盘
13:50:12	11.2	-0.01	14	15679	卖盘
13:50:09	11.21	--	20	22420	买盘
13:49:48	11.21	--	3	3363	买盘
13:49:24	11.21	0.01	9	10089	买盘
13:48:57	11.2	-0.01	3	3360	卖盘
13:48:36	11.21	--	1	1121	买盘
13:48:27	11.21	--	20	22420	买盘
13:48:15	11.21	0.01	2	2242	买盘
13:48:00	11.2	--	9	10080	卖盘
13:47:51	11.2	--	2	2240	卖盘
13:47:45	11.2	--	35	39200	卖盘
13:47:36	11.2	--	2	2240	卖盘
13:47:15	11.2	-0.01	300	336000	卖盘
13:47:09	11.21	--	112	125552	买盘
13:47:00	11.21	0.01	6	6726	买盘
13:46:54	11.2	--	1	1120	卖盘
13:46:18	11.2	--	14	15679	卖盘
13:46:09	11.2	-0.01	56	62719	卖盘
13:46:06	11.21	--	10	11210	买盘
13:46:00	11.21	--	3	3363	买盘
13:45:57	11.21	--	51	57171	买盘
13:45:39	11.21	--	60	67260	买盘
13:45:30	11.21	--	34	38114	买盘
13:45:18	11.21	--	2	2242	买盘
13:45:12	11.21	--	1	1121	买盘
13:44:45	11.21	--	13	14573	卖盘
13:44:30	11.21	--	100	112100	卖盘
13:43:57	11.21	--	110	123310	卖盘
13:43:48	11.21	-0.01	50	56050	卖盘
13:43:21	11.22	--	10	11220	买盘
13:43:06	11.22	--	50	56100	买盘
13:43:03	11.22	--	5	5610	买盘
13:42:45	11.22	0.01	10	11220	买盘
13:42:18	11.21	-0.01	14	15694	卖盘
13:42:15	11.22	--	10	11220	买盘
13:42:06	11.22	--	1	1122	买盘
13:42:00	11.22	0.01	30	33660	买盘
13:41:42	11.21	--	50	56050	卖盘
13:41:27	11.21	--	8	8968	卖盘
13:41:21	11.21	--	33	36993	卖盘
13:41:12	11.21	--	6	6726	卖盘
13:41:06	11.21	--	10	11210	卖盘
13:41:03	11.21	--	10	11210	卖盘
13:40:57	11.21	--	3	3363	卖盘
13:40:42	11.21	--	9	10089	卖盘
13:40:39	11.21	--	66	73986	卖盘
13:40:33	11.21	--	10	11210	卖盘
13:40:30	11.21	--	24	26904	卖盘
13:40:21	11.21	--	7	7847	卖盘
13:40:18	11.21	--	39	43719	卖盘
13:40:12	11.21	--	25	28025	卖盘
13:40:06	11.21	-0.01	1	1121	卖盘
13:39:48	11.22	--	30	33660	买盘
13:39:27	11.22	--	5	5610	买盘
13:38:39	11.22	--	1	1122	买盘
13:38:24	11.22	--	10	11220	买盘
13:38:18	11.22	--	10	12117	卖盘
13:37:51	11.22	--	9	10322	买盘
13:37:36	11.22	-0.02	90	101877	卖盘
13:37:30	11.24	0.01	2	2248	买盘
13:37:24	11.23	--	29	32567	卖盘
13:36:24	11.23	-0.01	3	3369	卖盘
13:36:15	11.24	--	6	6744	买盘
13:35:48	11.24	--	1	1124	买盘
13:35:33	11.24	--	10	11240	卖盘
13:35:24	11.24	--	31	34844	卖盘
13:35:21	11.24	--	7	7868	卖盘
13:35:00	11.24	--	190	213560	买盘
13:34:54	11.24	--	5	5620	买盘
13:34:48	11.24	--	4	4496	买盘
13:34:33	11.24	0.02	8	8992	买盘
13:34:18	11.22	--	14	15708	卖盘
13:33:42	11.22	--	1	1346	买盘
13:33:27	11.22	0.01	9	10098	买盘
13:33:00	11.21	-0.01	54	60534	卖盘
13:32:36	11.22	--	169	190515	卖盘
13:32:18	11.22	--	1	1122	卖盘
13:32:12	11.22	--	14	15708	卖盘
13:32:06	11.22	--	1	1122	卖盘
13:31:54	11.22	-0.01	9	10322	卖盘
13:31:24	11.23	--	2	2246	买盘
13:31:18	11.23	-0.01	15	17743	卖盘
13:30:51	11.24	0.01	3	3372	买盘
13:30:48	11.23	--	64	71872	卖盘
13:30:42	11.23	--	6	6738	卖盘
13:30:36	11.23	--	6	6962	卖盘
13:30:18	11.23	-0.01	13	14599	卖盘
13:30:15	11.24	--	22	24728	买盘
13:29:54	11.24	--	50	56200	买盘
13:29:51	11.24	--	1	1124	买盘
13:29:39	11.24	--	60	67440	买盘
13:29:27	11.24	--	2	2248	买盘
13:29:12	11.24	0.01	7	7868	买盘
13:29:03	11.23	--	3	3369	卖盘
13:28:54	11.23	--	25	28075	卖盘
13:28:51	11.23	--	5	5615	卖盘
13:28:21	11.23	--	5	5615	卖盘
13:28:18	11.23	--	40	44920	卖盘
13:28:15	11.23	--	10	11230	卖盘
13:28:03	11.23	--	9	10107	卖盘
13:28:00	11.23	--	35	39305	卖盘
13:27:57	11.23	-0.01	50	56150	卖盘
13:27:36	11.24	--	55	61820	买盘
13:27:18	11.24	--	3	3372	买盘
13:26:54	11.24	0.01	12	13488	买盘
13:26:39	11.23	0.01	3	3369	买盘
13:26:33	11.22	0.01	14	15708	中性盘
13:26:21	11.21	--	8	8968	卖盘
13:25:48	11.21	-0.03	50	56050	卖盘
13:24:54	11.24	--	3	3372	买盘
13:24:36	11.24	0.03	30	33720	买盘
13:24:33	11.21	--	20	22420	卖盘
13:23:51	11.21	--	30	33630	卖盘
13:23:45	11.21	--	20	22420	卖盘
13:23:42	11.21	--	15	16815	卖盘
13:23:18	11.21	--	12	13452	卖盘
13:23:15	11.21	--	19	21299	卖盘
13:23:12	11.21	--	19	21299	卖盘
13:23:06	11.21	--	13	14573	卖盘
13:22:45	11.21	--	19	21299	卖盘
13:22:33	11.21	-0.02	14	15694	卖盘
13:22:30	11.23	0.02	74	83102	买盘
13:22:21	11.21	--	20	22420	卖盘
13:22:15	11.21	--	1	1121	买盘
13:22:09	11.21	--	5	5605	买盘
13:22:06	11.21	0.01	17	19057	买盘
13:22:03	11.2	--	15	16800	卖盘
13:21:24	11.2	--	5	5600	卖盘
13:20:57	11.2	--	14	16576	买盘
13:20:54	11.2	--	2	2240	买盘
13:20:42	11.2	--	20	22400	买盘
13:20:33	11.2	--	10	11200	买盘
13:20:24	11.2	0.01	20	22400	买盘
13:20:18	11.19	-0.01	10	11190	卖盘
13:19:54	11.2	--	1	1120	买盘
13:19:51	11.2	--	23	25760	买盘
13:19:42	11.2	--	69	77280	买盘
13:19:39	11.2	0.01	13	14559	买盘
13:19:33	11.19	-0.01	39	43641	卖盘
13:19:30	11.2	--	28	31359	买盘
13:19:27	11.2	--	10	11200	买盘
13:19:18	11.2	--	10	11200	买盘
13:19:06	11.2	--	3	3360	买盘
13:19:03	11.2	--	111	124319	买盘
13:19:00	11.2	--	10	11200	买盘
13:18:54	11.2	--	50	56000	买盘
13:18:51	11.2	--	5	5600	买盘
13:18:45	11.2	--	54	60479	买盘
13:18:36	11.2	0.01	10	11200	买盘
13:18:33	11.19	-0.01	513	574047	卖盘
13:18:30	11.2	--	7	7839	买盘
13:18:21	11.2	0.01	492	551040	买盘
13:17:33	11.19	-0.01	12	13428	卖盘
13:17:06	11.2	--	2	2240	买盘
13:17:00	11.2	--	41	45920	买盘
13:16:51	11.2	--	5	5600	买盘
13:16:39	11.2	--	20	22400	买盘
13:16:30	11.2	--	5	5600	买盘
13:16:15	11.2	--	1	1120	买盘
13:16:06	11.2	--	3	3360	买盘
13:15:57	11.2	0.01	30	33600	买盘
13:15:51	11.19	--	39	43641	卖盘
13:15:48	11.19	--	3	3357	卖盘
13:15:18	11.19	--	7	7833	卖盘
13:15:15	11.19	--	4	4476	卖盘
13:15:12	11.19	--	9	10071	卖盘
13:14:33	11.19	-0.01	14	15666	卖盘
13:14:30	11.2	0.01	20	22400	买盘
13:14:27	11.19	-0.01	150	167850	卖盘
13:14:15	11.2	0.01	50	56000	买盘
13:14:03	11.19	--	20	22380	卖盘
13:13:48	11.19	-0.01	80	89520	卖盘
13:13:42	11.2	0.01	50	56000	买盘
13:13:39	11.19	--	3	3357	卖盘
13:13:33	11.19	-0.01	21	23499	卖盘
13:13:30	11.2	0.01	50	56000	买盘
13:13:27	11.19	--	7	7833	卖盘
13:13:24	11.19	--	32	35808	卖盘
13:13:18	11.19	-0.01	133	148827	卖盘
13:13:12	11.2	--	210	235199	买盘
13:13:09	11.2	0.01	5	5600	买盘
13:13:06	11.19	-0.01	7	7833	卖盘
13:12:45	11.2	0.01	93	104160	买盘
13:12:36	11.19	-0.01	9	10071	卖盘
13:12:33	11.2	0.01	10	11200	买盘
13:12:24	11.19	-0.01	11	12309	卖盘
13:11:57	11.2	--	16	17920	买盘
13:11:51	11.2	0.01	1	1120	买盘
13:11:45	11.19	--	30	33570	卖盘
13:11:33	11.19	-0.01	3	3357	卖盘
13:11:21	11.2	--	10	11200	买盘
13:11:06	11.2	0.01	10	11200	买盘
13:11:03	11.19	--	9	10071	卖盘
13:11:00	11.19	-0.01	5	5595	卖盘
13:10:51	11.2	0.01	10	11200	买盘
13:10:39	11.19	-0.01	5	5595	卖盘
13:10:36	11.2	0.01	5	5600	买盘
13:10:33	11.19	-0.01	13	14547	卖盘
13:10:27	11.2	--	2	2240	买盘
13:10:24	11.2	0.01	3	3360	买盘
13:09:57	11.19	--	11	12309	卖盘
13:09:36	11.19	-0.01	2	2238	卖盘
13:09:33	11.2	--	3	3360	买盘
13:09:21	11.2	--	27	30239	买盘
13:09:03	11.2	0.01	3	3360	买盘
13:08:51	11.19	-0.01	2	2238	卖盘
13:08:45	11.2	--	3	3360	买盘
13:08:36	11.2	--	10	11200	买盘
13:08:33	11.2	--	20	22400	买盘
13:08:30	11.2	--	50	56000	买盘
13:08:00	11.2	0.01	9	10080	买盘
13:07:54	11.19	--	20	22380	卖盘
13:07:42	11.19	-0.01	39	43641	卖盘
13:07:30	11.2	0.01	12	13440	买盘
13:07:27	11.19	--	35	39165	卖盘
13:07:03	11.19	--	10	11190	卖盘
13:07:00	11.19	-0.01	5	5595	卖盘
13:06:39	11.2	0.01	45	50400	买盘
13:06:36	11.19	--	5	5595	卖盘
13:06:33	11.19	--	22	24618	卖盘
13:06:30	11.19	--	105	117495	卖盘
13:06:27	11.19	--	20	22380	卖盘
13:06:24	11.19	--	70	78330	卖盘
13:06:15	11.19	--	50	55950	卖盘
13:06:03	11.19	--	7	7833	卖盘
13:06:00	11.19	--	50	55950	卖盘
13:05:51	11.19	--	3	3357	卖盘
13:05:36	11.19	-0.01	20	22380	卖盘
13:05:21	11.2	0.01	10	11200	买盘
13:05:18	11.19	--	23	25737	卖盘
13:05:15	11.19	-0.01	25	27975	卖盘
13:05:03	11.2	0.01	15	16800	买盘
13:04:57	11.19	-0.01	5	5595	卖盘
13:04:30	11.2	--	20	22400	买盘
13:04:24	11.2	0.01	25	28000	买盘
13:04:18	11.19	-0.01	20	22380	卖盘
13:03:51	11.2	--	27	30239	买盘
13:03:45	11.2	--	30	33600	买盘
13:03:42	11.2	--	47	52640	买盘
13:03:00	11.2	--	31	34720	买盘
13:02:39	11.2	--	11	12320	买盘
13:02:27	11.2	0.01	20	22400	买盘
13:02:24	11.19	--	30	33570	卖盘
13:01:36	11.19	-0.01	91	101829	卖盘
13:00:33	11.2	0.01	50	56000	买盘
13:00:18	11.19	-0.01	10	11190	卖盘
13:00:12	11.2	--	18	20160	买盘
13:00:09	11.2	--	20	22400	买盘
13:00:06	11.2	--	145	162400	买盘
13:00:03	11.2	-0.03	1029	1152480	卖盘
13:00:00	11.23	--	0	0	买盘
11:30:00	11.23	--	0	0	买盘
11:29:54	11.23	--	3	3369	买盘
11:29:42	11.23	--	20	22460	买盘
11:29:39	11.23	--	270	303210	买盘
11:29:18	11.23	0.01	1	1123	买盘
11:29:15	11.22	-0.01	73	81906	卖盘
11:29:12	11.23	--	10	11230	买盘
11:29:03	11.23	0.01	1	1123	买盘
11:28:57	11.22	-0.01	51	57222	卖盘
11:28:51	11.23	--	1	1123	买盘
11:28:45	11.23	--	4	4492	买盘
11:28:39	11.23	0.01	12	13476	买盘
11:28:36	11.22	--	25	28050	卖盘
11:28:33	11.22	-0.01	26	29172	卖盘
11:28:06	11.23	0.01	5	5615	买盘
11:28:03	11.22	--	7	7854	卖盘
11:27:54	11.22	--	3	3366	卖盘
11:27:45	11.22	-0.01	20	22440	卖盘
11:27:36	11.23	--	1	1123	买盘
11:27:33	11.23	--	1	1123	买盘
11:27:18	11.23	0.01	10	11230	买盘
11:27:09	11.22	--	11	12342	卖盘
11:27:00	11.22	-0.01	10	11220	卖盘
11:26:30	11.23	--	16	17968	买盘
11:26:00	11.23	0.01	1	1123	买盘
11:25:57	11.22	-0.01	3	3366	卖盘
11:25:48	11.23	--	2	2246	买盘
11:25:45	11.23	0.01	2	2246	买盘
11:25:42	11.22	-0.01	5	5610	卖盘
11:25:21	11.23	--	2	2246	买盘
11:24:57	11.23	--	4	4492	买盘
11:24:48	11.23	0.01	1	1123	买盘
11:24:30	11.22	--	25	28050	买盘
11:24:27	11.22	0.01	5	5610	买盘
11:24:15	11.21	--	10	11210	卖盘
11:23:54	11.21	-0.01	102	114342	卖盘
11:23:42	11.22	-0.01	4	4488	卖盘
11:23:27	11.23	0.01	2	2246	买盘
11:23:24	11.22	--	5	5610	卖盘
11:23:18	11.22	-0.01	15	16830	卖盘
11:23:09	11.23	--	38	42674	买盘
11:23:03	11.23	0.01	1	1123	买盘
11:23:00	11.22	--	9	10098	卖盘
11:22:54	11.22	--	3	3366	卖盘
11:22:51	11.22	-0.01	2	2244	卖盘
11:22:39	11.23	0.01	8	8984	买盘
11:22:36	11.22	-0.01	1	1122	卖盘
11:22:00	11.23	0.01	8	8984	买盘
11:21:57	11.22	--	58	65076	卖盘
11:21:45	11.22	--	20	22440	卖盘
11:21:42	11.22	--	10	11220	卖盘
11:21:39	11.22	--	16	17952	卖盘
11:21:36	11.22	--	16	17952	卖盘
11:21:15	11.22	--	10	11220	卖盘
11:21:09	11.22	--	38	42636	卖盘
11:21:00	11.22	--	16	17952	买盘
11:20:51	11.22	0.01	1	1122	买盘
11:20:36	11.21	-0.01	4	4484	卖盘
11:20:33	11.22	--	10	11220	买盘
11:20:03	11.22	--	105	117810	卖盘
11:19:51	11.22	--	2	2244	卖盘
11:19:48	11.22	-0.01	5	5610	卖盘
11:19:45	11.23	0.01	23	25829	买盘
11:19:42	11.22	--	6	6732	卖盘
11:19:39	11.22	--	1	1122	卖盘
11:19:15	11.22	--	4	4488	买盘
11:19:06	11.22	0.01	7	7854	中性盘
11:18:42	11.21	-0.02	78	87438	卖盘
11:18:33	11.23	0.01	11	12353	买盘
11:18:30	11.22	--	3	3366	卖盘
11:17:39	11.22	-0.01	9	10098	卖盘
11:17:30	11.23	--	44	49412	买盘
11:16:54	11.23	0.01	1	1123	买盘
11:16:48	11.22	--	19	21318	卖盘
11:16:45	11.22	--	50	56100	卖盘
11:16:39	11.22	--	32	35904	卖盘
11:16:36	11.22	-0.01	13	14586	卖盘
11:16:21	11.23	--	1	1123	买盘
11:16:18	11.23	0.01	98	110054	买盘
11:15:42	11.22	--	15	16830	卖盘
11:15:36	11.22	--	60	67320	卖盘
11:15:24	11.22	--	4	4488	卖盘
11:15:21	11.22	--	361	405042	买盘
11:15:12	11.22	0.01	11	12342	买盘
11:15:09	11.21	--	10	11210	卖盘
11:14:21	11.21	-0.01	5	5605	卖盘
11:14:18	11.22	--	38	42636	买盘
11:14:15	11.22	--	1	1122	买盘
11:13:48	11.22	0.01	20	22440	买盘
11:13:42	11.21	--	28	31388	卖盘
11:13:39	11.21	--	14	15694	卖盘
11:13:36	11.21	--	10	11210	卖盘
11:13:24	11.21	--	5	5605	卖盘
11:13:21	11.21	--	5	5605	卖盘
11:13:18	11.21	-0.01	20	22420	卖盘
11:13:03	11.22	0.01	1	1122	买盘
11:13:00	11.21	--	130	145730	卖盘
11:12:51	11.21	--	36	40356	卖盘
11:12:27	11.21	--	57	63897	卖盘
11:12:24	11.21	--	8	8968	卖盘
11:12:15	11.21	--	1	1121	卖盘
11:12:09	11.21	--	20	22420	卖盘
11:12:03	11.21	-0.01	306	343026	卖盘
11:12:00	11.22	0.01	1	1122	买盘
11:11:45	11.21	--	5	5605	卖盘
11:11:39	11.21	--	50	56946	卖盘
11:11:33	11.21	--	20	22420	卖盘
11:11:30	11.21	-0.01	50	56050	卖盘
11:11:27	11.22	0.01	3	3366	买盘
11:11:21	11.21	-0.01	6	6726	卖盘
11:11:18	11.22	0.01	14	15708	买盘
11:11:03	11.21	-0.01	10	11210	卖盘
11:10:57	11.22	--	6	6732	买盘
11:10:48	11.22	--	6	6732	买盘
11:10:45	11.22	--	80	89883	卖盘
11:10:39	11.22	--	5	5610	卖盘
11:10:21	11.22	--	10	11220	卖盘
11:10:15	11.22	-0.01	5	5610	卖盘
11:10:12	11.23	--	2	2246	买盘
11:09:57	11.23	--	5	5615	买盘
11:09:42	11.23	--	38	42674	买盘
11:09:39	11.23	0.01	1	1123	买盘
11:09:36	11.22	--	17	19074	卖盘
11:09:18	11.22	--	10	11220	卖盘
11:09:15	11.22	--	5	5610	卖盘
11:08:48	11.22	--	106	119930	买盘
11:08:42	11.22	--	20	22440	买盘
11:08:39	11.22	--	1	1122	买盘
11:08:18	11.22	0.01	5	5610	买盘
11:08:15	11.21	-0.01	26	29146	卖盘
11:08:06	11.22	--	22	24684	买盘
11:07:54	11.22	--	30	33660	买盘
11:07:30	11.22	0.01	1	1122	买盘
11:06:51	11.21	--	3	3363	卖盘
11:06:48	11.21	-0.01	10	11210	卖盘
11:06:45	11.22	0.01	1	1122	买盘
11:06:33	11.21	-0.01	8	8968	卖盘
11:06:24	11.22	--	9	10098	买盘
11:06:18	11.22	--	89	99981	卖盘
11:06:15	11.22	--	7	7854	卖盘
11:06:06	11.22	--	7	7854	卖盘
11:05:54	11.22	--	7	7854	卖盘
11:05:48	11.22	--	12	13464	卖盘
11:05:45	11.22	--	7	7854	卖盘
11:05:42	11.22	--	6	6732	卖盘
11:05:36	11.22	-0.01	4	4488	卖盘
11:05:27	11.23	--	11	12353	买盘
11:05:18	11.23	--	1	1123	买盘
11:04:51	11.23	--	10	11230	买盘
11:04:36	11.23	--	23	25829	买盘
11:04:03	11.23	0.01	1	1123	买盘
11:04:00	11.22	-0.01	11	12342	卖盘
11:03:57	11.23	0.01	5	5615	买盘
11:03:51	11.22	--	16	17952	卖盘
11:03:42	11.22	--	20	22440	卖盘
11:03:39	11.22	--	50	56100	卖盘
11:03:24	11.22	--	16	18950	买盘
11:03:21	11.22	--	14	15831	卖盘
11:03:12	11.22	0.01	5	6608	买盘
11:03:03	11.21	-0.01	2	2242	卖盘
11:03:00	11.22	--	1	1122	买盘
11:02:57	11.22	--	1	1122	买盘
11:02:48	11.22	--	2	2367	卖盘
11:02:36	11.22	--	22	25682	买盘
11:02:30	11.22	--	21	23562	买盘
11:02:06	11.22	-0.01	4	4611	卖盘
11:01:57	11.23	0.01	1	1123	买盘
11:01:54	11.22	--	5	5610	卖盘
11:01:27	11.22	--	2	3242	买盘
11:01:24	11.22	-0.01	47	52734	卖盘
11:01:21	11.23	--	5	5615	买盘
11:01:18	11.23	0.01	2	2246	买盘
11:00:48	11.22	--	2	2244	买盘
11:00:45	11.22	--	1	1122	买盘
11:00:42	11.22	-0.01	3	3366	卖盘
11:00:33	11.23	--	5	5615	卖盘
11:00:27	11.23	--	25	28075	买盘
11:00:06	11.23	--	45	50535	买盘
11:00:03	11.23	--	146	163958	买盘
10:59:54	11.23	0.02	6	6738	买盘
10:59:48	11.21	-0.02	100	112100	卖盘
10:59:30	11.23	0.01	13	14599	买盘
10:59:06	11.22	--	5	5610	买盘
10:59:00	11.22	--	5	5610	买盘
10:58:54	11.22	--	50	56100	买盘
10:58:45	11.22	--	10	11220	买盘
10:58:42	11.22	--	23	25929	卖盘
10:58:21	11.22	--	168	189494	买盘
10:58:09	11.22	--	15	16830	买盘
10:58:03	11.22	--	5	5610	买盘
10:57:54	11.22	--	1	1122	买盘
10:57:48	11.22	--	10	11220	买盘
10:57:45	11.22	--	41	46002	买盘
10:57:42	11.22	--	324	363651	卖盘
10:57:39	11.22	--	20	22440	卖盘
10:57:33	11.22	-0.01	13	14586	卖盘
10:57:30	11.23	0.01	1	1123	买盘
10:57:27	11.22	--	19	21318	卖盘
10:57:18	11.22	--	24	26928	卖盘
10:57:12	11.22	--	55	61710	卖盘
10:57:06	11.22	-0.01	1	1122	卖盘
10:56:54	11.23	0.01	32	35936	买盘
10:56:51	11.22	--	6	6732	卖盘
10:56:27	11.22	--	15	16830	卖盘
10:56:24	11.22	-0.01	2	2244	卖盘
10:56:18	11.23	--	1	1123	买盘
10:56:15	11.23	0.01	270	303210	买盘
10:56:03	11.22	-0.01	16	17952	卖盘
10:55:48	11.23	0.01	1	1123	买盘
10:55:30	11.22	-0.01	10	11220	卖盘
10:55:27	11.23	--	15	16845	买盘
10:55:18	11.23	--	22	24706	买盘
10:55:15	11.23	--	1	1123	买盘
10:55:12	11.23	--	38	42674	买盘
10:54:42	11.23	0.01	1	1123	买盘
10:54:33	11.22	--	16	17952	卖盘
10:54:27	11.22	-0.01	87	97614	卖盘
10:54:12	11.23	--	10	11230	买盘
10:54:09	11.23	--	5	5615	买盘
10:54:06	11.23	--	16	17968	买盘
10:54:03	11.23	--	1	1123	买盘
10:54:00	11.23	--	1	1123	买盘
10:53:57	11.23	-0.01	33	37059	卖盘
10:53:48	11.24	--	100	112400	买盘
10:53:39	11.24	-0.01	3	3866	卖盘
10:53:24	11.25	--	12	13500	买盘
10:53:15	11.25	--	8	9000	买盘
10:53:09	11.25	--	34	38250	买盘
10:53:03	11.25	0.01	1	1125	买盘
10:52:45	11.24	--	63	70812	卖盘
10:52:30	11.24	--	9	10116	卖盘
10:52:18	11.24	--	2	2248	卖盘
10:52:12	11.24	--	4	4496	卖盘
10:51:48	11.24	--	11	12364	卖盘
10:51:45	11.24	--	154	173725	买盘
10:51:42	11.24	0.01	5	5620	买盘
10:51:27	11.23	--	121	135883	买盘
10:51:18	11.23	--	16	17968	买盘
10:51:15	11.23	--	1	1123	买盘
10:51:03	11.23	--	6	6738	买盘
10:51:00	11.23	0.01	37	41551	买盘
10:50:48	11.22	-0.01	20	22440	卖盘
10:50:42	11.23	--	1	1123	买盘
10:50:39	11.23	--	10	11230	买盘
10:50:24	11.23	0.01	100	112300	买盘
10:50:21	11.22	--	3	3366	卖盘
10:50:18	11.22	--	1	1122	卖盘
10:50:15	11.22	--	92	103224	卖盘
10:50:03	11.22	-0.01	21	23562	卖盘
10:49:39	11.23	--	260	291980	卖盘
10:49:36	11.23	--	21	23583	卖盘
10:48:45	11.23	-0.01	20	22460	卖盘
10:48:42	11.24	--	1	1124	买盘
10:48:12	11.24	--	5	5620	买盘
10:48:03	11.24	--	73	82052	买盘
10:47:36	11.24	--	60	67440	买盘
10:47:30	11.24	--	1	1124	买盘
10:47:27	11.24	--	125	140500	买盘
10:46:57	11.24	0.01	6	6744	买盘
10:46:54	11.23	--	5	5615	卖盘
10:46:45	11.23	0.01	26	29198	中性盘
10:46:36	11.22	-0.01	10	11220	卖盘
10:46:33	11.23	--	15	16845	买盘
10:46:30	11.23	--	1	1123	买盘
10:45:57	11.23	--	25	28075	买盘
10:45:54	11.23	--	100	112300	买盘
10:45:24	11.23	0.01	24	26952	买盘
10:45:21	11.22	-0.01	3	3366	卖盘
10:45:18	11.23	--	1	1123	买盘
10:44:36	11.23	--	6	6738	卖盘
10:44:33	11.23	--	14	15722	买盘
10:44:30	11.23	--	5	5615	买盘
10:44:06	11.23	--	1	1123	买盘
10:44:03	11.23	--	1	1123	买盘
10:43:57	11.23	--	24	26952	卖盘
10:43:39	11.23	0.01	10	11230	买盘
10:43:36	11.22	--	10	11220	卖盘
10:43:12	11.22	--	30	33660	卖盘
10:42:57	11.22	-0.01	10	11220	卖盘
10:42:54	11.23	0.01	1	1123	买盘
10:42:51	11.22	--	10	11220	卖盘
10:42:30	11.22	--	1	1122	卖盘
10:42:27	11.22	--	20	22440	卖盘
10:42:21	11.22	--	20	22440	卖盘
10:42:12	11.22	--	13	14586	卖盘
10:42:09	11.22	--	132	148104	卖盘
10:42:06	11.22	--	4	4488	卖盘
10:41:51	11.22	-0.01	16	17952	卖盘
10:41:48	11.23	--	14	15722	买盘
10:41:42	11.23	--	7	7861	买盘
10:41:30	11.23	--	20	22460	买盘
10:41:24	11.23	-0.01	331	371713	卖盘
10:41:03	11.24	--	2	2248	买盘
10:40:48	11.24	--	3	3372	买盘
10:40:45	11.24	0.01	1	1124	买盘
10:40:42	11.23	--	4	4492	卖盘
10:40:36	11.23	--	63	70749	卖盘
10:40:18	11.23	--	26	29198	卖盘
10:40:15	11.23	--	20	22460	卖盘
10:40:03	11.23	--	10	11230	卖盘
10:39:57	11.23	--	1	1123	卖盘
10:39:51	11.23	-0.01	9	10107	卖盘
10:39:42	11.24	--	19	21356	买盘
10:39:39	11.24	0.01	20	22480	买盘
10:39:36	11.23	--	4	4492	卖盘
10:39:27	11.23	--	20	22460	卖盘
10:39:18	11.23	--	4	4492	卖盘
10:39:15	11.23	--	5	5615	卖盘
10:39:09	11.23	--	60	67380	卖盘
10:38:51	11.23	--	4	4492	卖盘
10:38:48	11.23	-0.01	19	21337	卖盘
10:38:39	11.24	0.01	13	14612	买盘
10:38:36	11.23	-0.01	32	35936	卖盘
10:38:12	11.24	--	177	198948	卖盘
10:37:54	11.24	--	7	7868	卖盘
10:37:45	11.24	-0.01	3	3372	卖盘
10:37:36	11.25	--	31	34875	买盘
10:37:33	11.25	--	93	104625	买盘
10:37:09	11.25	--	3	3375	买盘
10:37:03	11.25	--	54	60750	卖盘
10:36:48	11.25	--	40	45000	卖盘
10:36:45	11.25	--	7	7875	买盘
10:36:24	11.25	--	1	1125	买盘
10:36:21	11.25	--	6	6750	买盘
10:36:06	11.25	--	34	38250	买盘
10:36:03	11.25	--	285	320625	卖盘
10:36:00	11.25	--	8	9000	卖盘
10:35:42	11.25	--	9	10125	卖盘
10:35:30	11.25	-0.01	49	55125	卖盘
10:35:18	11.26	--	1	1126	买盘
10:35:15	11.26	--	1	1126	买盘
10:34:39	11.26	0.01	5	5630	买盘
10:34:24	11.25	-0.01	19	21375	卖盘
10:34:06	11.26	--	1	1126	买盘
10:33:27	11.26	--	5	5630	买盘
10:33:24	11.26	--	339	382389	卖盘
10:33:15	11.26	-0.01	5	5630	卖盘
10:32:54	11.27	--	1	1127	买盘
10:32:51	11.27	--	1	1127	买盘
10:32:42	11.27	--	10	11270	买盘
10:31:57	11.27	--	20	22990	卖盘
10:31:54	11.27	--	6	6762	卖盘
10:31:45	11.27	-0.01	10	11270	卖盘
10:31:33	11.28	--	2	2256	买盘
10:30:54	11.28	--	37	41736	买盘
10:30:51	11.28	0.01	10	11280	买盘
10:30:39	11.27	--	3	3381	卖盘
10:30:33	11.27	--	19	21413	卖盘
10:30:24	11.27	-0.01	13	14651	卖盘
10:30:21	11.28	0.01	41	46248	买盘
10:30:18	11.27	-0.01	8	9016	卖盘
10:30:06	11.28	0.01	10	11280	买盘
10:29:48	11.27	--	2	2930	买盘
10:29:36	11.27	--	2	2254	买盘
10:29:33	11.27	-0.01	75	84975	卖盘
10:29:27	11.28	--	20	22560	买盘
10:29:15	11.28	--	126	142128	买盘
10:29:12	11.28	--	40	45120	买盘
10:28:57	11.28	--	14	15792	买盘
10:28:21	11.28	0.01	250	282000	买盘
10:28:15	11.27	-0.01	0	676	卖盘
10:28:06	11.28	--	3	3384	买盘
10:28:03	11.28	0.01	11	12408	买盘
10:27:48	11.27	-0.01	30	33810	卖盘
10:27:18	11.28	--	20	22560	买盘
10:27:06	11.28	0.01	10	11280	买盘
10:27:00	11.27	-0.01	4	4508	卖盘
10:26:57	11.28	0.01	27	30456	买盘
10:26:51	11.27	-0.01	8	9016	卖盘
10:26:48	11.28	--	1	1128	买盘
10:26:15	11.28	0.01	10	11280	买盘
10:25:54	11.27	--	1	1127	卖盘
10:25:36	11.27	-0.01	102	114954	卖盘
10:25:15	11.28	--	25	28200	买盘
10:25:03	11.28	--	10	11280	买盘
10:25:00	11.28	0.01	94	106032	买盘
10:24:51	11.27	-0.01	24	27048	卖盘
10:24:24	11.28	0.01	27	30456	买盘
10:24:15	11.27	--	6	6762	卖盘
10:24:12	11.27	--	4	4508	卖盘
10:23:57	11.27	0.01	3	3381	买盘
10:23:45	11.26	-0.01	1	1126	卖盘
10:23:30	11.27	-0.01	7	7889	卖盘
10:23:24	11.28	0.01	10	11280	买盘
10:23:21	11.27	--	12	13524	卖盘
10:23:09	11.27	--	30	33810	卖盘
10:22:54	11.27	--	7	7889	卖盘
10:22:48	11.27	--	37	41699	卖盘
10:22:09	11.27	--	2	2254	卖盘
10:21:57	11.27	--	5	5635	卖盘
10:21:51	11.27	--	28	31556	卖盘
10:21:42	11.27	--	8	9016	买盘
10:21:36	11.27	--	30	33810	买盘
10:21:33	11.27	--	3	3381	买盘
10:21:27	11.27	--	50	56350	买盘
10:21:15	11.27	-0.01	47	52969	卖盘
10:21:03	11.28	0.01	10	11280	买盘
10:20:51	11.27	--	4	4508	买盘
10:20:33	11.27	--	20	22540	买盘
10:20:24	11.27	0.01	50	56350	买盘
10:20:18	11.26	--	12	13512	卖盘
10:20:00	11.26	-0.01	30	33780	卖盘
10:19:42	11.27	--	1	1127	买盘
10:19:24	11.27	--	3	3381	卖盘
10:19:12	11.27	--	1	1127	卖盘
10:19:06	11.27	--	2	2254	卖盘
10:18:54	11.27	--	16	18032	买盘
10:18:36	11.27	0.01	50	56350	买盘
10:18:30	11.26	--	8	9008	卖盘
10:18:27	11.26	-0.01	32	36032	卖盘
10:18:24	11.27	0.01	20	22540	买盘
10:18:18	11.26	-0.01	38	42788	卖盘
10:18:15	11.27	0.01	7	7889	买盘
10:18:09	11.26	--	44	49544	卖盘
10:18:03	11.26	--	20	22520	卖盘
10:17:48	11.26	--	8	9008	卖盘
10:17:45	11.26	--	13	14638	卖盘
10:17:36	11.26	-0.01	50	56300	卖盘
10:17:33	11.27	--	32	36064	买盘
10:17:30	11.27	--	2	2254	买盘
10:17:27	11.27	-0.01	12	13524	卖盘
10:17:24	11.28	0.01	4	4512	买盘
10:17:15	11.27	-0.01	4	4508	卖盘
10:17:09	11.28	0.01	5	5640	买盘
10:16:54	11.27	--	288	324576	卖盘
10:16:51	11.27	-0.01	9	10143	卖盘
10:16:48	11.28	--	3	3384	买盘
10:16:30	11.28	--	4	4512	买盘
10:16:03	11.28	-0.01	40	45120	中性盘
10:15:45	11.29	0.01	4	4516	买盘
10:15:42	11.28	--	5	5640	卖盘
10:15:27	11.28	--	2	2256	卖盘
10:15:18	11.28	--	5	5640	卖盘
10:15:06	11.28	--	7	7896	卖盘
10:15:00	11.28	--	1	1128	卖盘
10:14:54	11.28	--	7	7896	卖盘
10:14:45	11.28	-0.01	12	13536	卖盘
10:14:27	11.29	0.01	7	7902	买盘
10:14:21	11.28	--	7	7896	卖盘
10:14:06	11.28	-0.01	10	11280	卖盘
10:14:03	11.29	0.01	15	16935	买盘
10:13:57	11.28	-0.01	9	10152	卖盘
10:13:45	11.29	0.01	6	6773	买盘
10:13:39	11.28	-0.01	10	11280	卖盘
10:13:27	11.29	0.01	2	2258	买盘
10:13:21	11.28	-0.01	2	2256	卖盘
10:13:18	11.29	--	13	14676	买盘
10:13:15	11.29	0.01	20	22580	买盘
10:12:57	11.28	0.01	69	77832	买盘
10:12:54	11.27	-0.01	14	15778	卖盘
10:12:51	11.28	0.01	11	12408	买盘
10:12:45	11.27	-0.01	5	5635	卖盘
10:12:42	11.28	0.01	36	40608	买盘
10:12:27	11.27	-0.01	3	3381	卖盘
10:12:06	11.28	--	8	9024	卖盘
10:12:03	11.28	--	20	22560	卖盘
10:11:54	11.28	-0.01	6	6768	卖盘
10:11:51	11.29	--	50	56449	买盘
10:11:45	11.29	--	10	11290	买盘
10:11:33	11.29	--	34	38386	买盘
10:11:30	11.29	--	16	18064	买盘
10:10:57	11.29	--	10	11290	买盘
10:10:39	11.29	--	11	12418	买盘
10:10:30	11.29	0.01	18	20322	买盘
10:10:27	11.28	-0.01	7	7896	卖盘
10:10:24	11.29	0.01	100	112899	买盘
10:10:21	11.28	--	8	9024	卖盘
10:10:18	11.28	-0.01	8	9024	卖盘
10:10:15	11.29	--	13	14676	买盘
10:10:09	11.29	0.01	6	6773	买盘
10:09:57	11.28	-0.01	4	4512	卖盘
10:09:51	11.29	0.01	6	6773	买盘
10:09:42	11.28	--	15	16920	买盘
10:09:36	11.28	0.01	5	5640	买盘
10:09:27	11.27	-0.01	8	9016	卖盘
10:09:18	11.28	--	7	7896	买盘
10:09:15	11.28	--	56	63168	买盘
10:09:03	11.28	--	9	10152	买盘
10:09:00	11.28	--	20	22560	买盘
10:08:51	11.28	0.01	2	2256	买盘
10:08:48	11.27	--	18	20286	卖盘
10:08:45	11.27	-0.01	29	32683	卖盘
10:08:42	11.28	--	1	1128	买盘
10:08:36	11.28	0.01	20	22560	买盘
10:08:18	11.27	--	43	48461	买盘
10:08:06	11.27	--	3	3381	买盘
10:07:57	11.27	--	7	7889	买盘
10:07:48	11.27	0.01	1	1127	中性盘
10:07:39	11.26	-0.02	15	16890	卖盘
10:07:36	11.28	0.02	8	9024	买盘
10:07:30	11.26	--	5	6080	卖盘
10:07:27	11.26	--	1	1126	卖盘
10:07:06	11.26	--	35	39410	买盘
10:07:00	11.26	--	6	6756	买盘
10:06:54	11.26	0.01	25	28150	买盘
10:06:51	11.25	--	6	6750	卖盘
10:06:48	11.25	-0.01	8	9000	卖盘
10:06:42	11.26	--	11	12386	买盘
10:06:39	11.26	0.01	13	14638	买盘
10:06:36	11.25	-0.01	8	9000	卖盘
10:06:27	11.26	0.01	12	13512	买盘
10:06:18	11.25	--	21	23625	卖盘
10:06:15	11.25	--	2	2250	中性盘
10:06:12	11.25	0.01	20	22500	中性盘
10:05:45	11.24	-0.01	41	46084	卖盘
10:05:42	11.25	0.01	4	4500	买盘
10:05:39	11.24	-0.01	7	7868	卖盘
10:05:36	11.25	0.01	10	11250	买盘
10:05:33	11.24	-0.01	10	11240	卖盘
10:05:21	11.25	--	10	11250	买盘
10:05:18	11.25	--	4	4500	卖盘
10:05:09	11.25	-0.01	163	183375	卖盘
10:05:06	11.26	0.01	1	1126	买盘
10:05:03	11.25	-0.01	14	15750	卖盘
10:04:54	11.26	--	40	45040	卖盘
10:04:51	11.26	--	23	25898	卖盘
10:04:45	11.26	--	10	11260	卖盘
10:04:42	11.26	--	25	28150	卖盘
10:04:39	11.26	--	5	5630	卖盘
10:04:30	11.26	-0.01	25	28150	卖盘
10:04:27	11.27	--	1	1127	中性盘
10:04:24	11.27	--	37	41699	买盘
10:04:21	11.27	--	4	4508	买盘
10:04:18	11.27	--	14	15778	买盘
10:04:15	11.27	--	2	2254	买盘
10:04:12	11.27	-0.01	86	96922	卖盘
10:04:09	11.28	--	4	4512	买盘
10:03:48	11.28	--	64	72192	卖盘
10:03:33	11.28	-0.01	7	7896	卖盘
10:03:09	11.29	--	23	25966	卖盘
10:03:06	11.29	--	105	118544	卖盘
10:03:00	11.29	--	42	47418	卖盘
10:02:57	11.29	--	10	11290	卖盘
10:02:48	11.29	-0.01	5	5645	卖盘
10:02:42	11.3	--	12	13560	买盘
10:02:33	11.3	0.01	16	18080	买盘
10:02:30	11.29	--	20	22580	卖盘
10:02:21	11.29	--	10	11290	卖盘
10:02:18	11.29	-0.01	22	24837	卖盘
10:02:09	11.3	--	19	21470	买盘
10:02:06	11.3	--	6	6780	买盘
10:02:03	11.3	0.01	26	29380	买盘
10:02:00	11.29	-0.01	9	10161	卖盘
10:01:51	11.3	--	10	11300	买盘
10:01:39	11.3	--	35	39550	买盘
10:01:36	11.3	--	32	36160	买盘
10:01:30	11.3	0.01	110	124300	买盘
10:01:21	11.29	-0.01	20	22580	卖盘
10:01:18	11.3	--	4	4520	买盘
10:01:12	11.3	0.01	20	22600	买盘
10:00:54	11.29	--	15	16935	卖盘
10:00:51	11.29	-0.01	5	5645	卖盘
10:00:45	11.3	0.01	53	59890	买盘
10:00:42	11.29	--	6	6773	卖盘
10:00:30	11.29	--	15	16935	卖盘
10:00:18	11.29	--	6	6773	卖盘
10:00:06	11.29	--	25	28224	卖盘
10:00:03	11.29	--	20	22580	卖盘
09:59:45	11.29	--	21	23709	卖盘
09:59:42	11.29	--	10	11290	卖盘
09:59:36	11.29	--	14	15805	卖盘
09:59:30	11.29	--	4	4516	卖盘
09:59:21	11.29	-0.01	100	112899	卖盘
09:59:15	11.3	0.01	9	10170	买盘
09:59:09	11.29	-0.01	3	3386	卖盘
09:59:00	11.3	--	29	32770	买盘
09:58:57	11.3	--	10	11300	买盘
09:58:45	11.3	--	1	1130	买盘
09:58:42	11.3	--	40	45200	买盘
09:58:33	11.3	--	5	5650	买盘
09:58:30	11.3	0.01	25	28250	买盘
09:58:27	11.29	--	2	2258	卖盘
09:58:24	11.29	-0.01	8	9032	卖盘
09:58:18	11.3	--	17	19210	买盘
09:58:15	11.3	0.01	94	106220	买盘
09:58:09	11.29	-0.01	3	3386	卖盘
09:58:06	11.3	--	25	28250	买盘
09:58:00	11.3	-0.01	1	1130	买盘
09:57:57	11.31	0.01	50	56550	买盘
09:57:54	11.3	--	55	62150	卖盘
09:57:51	11.3	--	123	138990	卖盘
09:57:45	11.3	-0.01	155	175150	卖盘
09:57:39	11.31	0.01	11	12441	买盘
09:57:36	11.3	--	127	143510	卖盘
09:57:27	11.3	-0.01	105	118650	卖盘
09:57:24	11.31	--	2	2262	买盘
09:57:18	11.31	0.01	15	16965	买盘
09:57:15	11.3	-0.01	10	11300	卖盘
09:57:12	11.31	--	265	299715	卖盘
09:57:09	11.31	-0.01	44	49764	卖盘
09:57:03	11.32	--	16	18112	买盘
09:57:00	11.32	0.01	17	19244	买盘
09:56:54	11.31	-0.01	19	21489	卖盘
09:56:51	11.32	0.01	26	29432	买盘
09:56:48	11.31	--	2	2262	卖盘
09:56:45	11.31	--	10	11310	卖盘
09:56:42	11.31	-0.01	3	3393	卖盘
09:56:36	11.32	0.01	40	45280	买盘
09:56:33	11.31	-0.01	28	31668	卖盘
09:56:27	11.32	-0.01	109	123388	卖盘
09:56:24	11.33	--	38	43054	买盘
09:56:21	11.33	0.01	10	11330	买盘
09:56:18	11.32	--	36	40752	卖盘
09:56:15	11.32	-0.01	86	97352	卖盘
09:56:09	11.33	--	3	3399	买盘
09:56:03	11.33	--	13	14729	买盘
09:56:00	11.33	--	230	260590	买盘
09:55:57	11.33	0.01	14	15862	买盘
09:55:54	11.32	--	25	28300	卖盘
09:55:51	11.32	--	10	11320	卖盘
09:55:48	11.32	--	63	71316	买盘
09:55:45	11.32	--	80	90560	买盘
09:55:42	11.32	--	4	4528	买盘
09:55:39	11.32	-0.01	15	16980	卖盘
09:55:36	11.33	0.01	19	21527	买盘
09:55:33	11.32	--	10	11320	卖盘
09:55:30	11.32	-0.01	25	28300	卖盘
09:55:27	11.33	--	68	77044	买盘
09:55:18	11.33	--	98	111034	买盘
09:55:15	11.33	0.01	10	11330	买盘
09:55:12	11.32	-0.01	210	237720	卖盘
09:55:09	11.33	0.01	113	128029	买盘
09:55:06	11.32	-0.01	50	56600	卖盘
09:55:03	11.33	--	22	24926	买盘
09:54:57	11.33	--	23	26059	买盘
09:54:54	11.33	--	55	62315	买盘
09:54:51	11.33	--	98	111034	买盘
09:54:48	11.33	--	36	40788	买盘
09:54:45	11.33	--	9	10197	买盘
09:54:42	11.33	--	80	90640	买盘
09:54:39	11.33	--	3	3399	买盘
09:54:36	11.33	--	75	84975	买盘
09:54:33	11.33	0.01	5	5665	买盘
09:54:30	11.32	--	5	5660	卖盘
09:54:27	11.32	--	78	88296	买盘
09:54:24	11.32	--	4	4528	买盘
09:54:21	11.32	--	21	23772	买盘
09:54:18	11.32	--	46	52072	买盘
09:54:15	11.32	-0.01	43	48676	买盘
09:54:09	11.33	0.02	95	107635	买盘
09:53:57	11.31	-0.01	184	208104	卖盘
09:53:54	11.32	--	85	96220	买盘
09:53:45	11.32	--	12	13584	买盘
09:53:42	11.32	0.01	12	13584	买盘
09:53:39	11.31	--	12	13572	卖盘
09:53:36	11.31	--	5	5655	卖盘
09:53:30	11.31	--	10	11310	卖盘
09:53:27	11.31	--	50	56550	卖盘
09:53:24	11.31	0.02	280	316680	买盘
09:53:21	11.29	-0.01	15	16935	卖盘
09:53:18	11.3	--	100	113000	买盘
09:53:15	11.3	--	10	11300	买盘
09:53:00	11.3	--	16	18080	买盘
09:52:57	11.3	--	15	16950	买盘
09:52:54	11.3	--	67	75710	买盘
09:52:45	11.3	0.01	4	4520	买盘
09:52:39	11.29	-0.01	43	48546	卖盘
09:52:36	11.3	--	4	4520	买盘
09:52:33	11.3	--	165	186450	买盘
09:52:30	11.3	--	36	40680	买盘
09:52:27	11.3	--	131	148030	卖盘
09:52:24	11.3	--	5	5650	卖盘
09:52:18	11.3	-0.01	13	14690	卖盘
09:52:15	11.31	0.01	127	143637	买盘
09:52:12	11.3	-0.01	123	138990	卖盘
09:52:06	11.31	--	7	7917	买盘
09:52:03	11.31	--	87	98397	买盘
09:52:00	11.31	--	17	19227	买盘
09:51:57	11.31	--	3	3393	买盘
09:51:54	11.31	-0.01	156	176436	卖盘
09:51:51	11.32	0.01	6	6792	买盘
09:51:45	11.31	--	1	1131	卖盘
09:51:42	11.31	-0.01	8	9048	卖盘
09:51:39	11.32	--	24	27168	买盘
09:51:36	11.32	0.01	38	43016	买盘
09:51:33	11.31	--	24	27144	卖盘
09:51:30	11.31	--	12	13572	卖盘
09:51:27	11.31	--	68	77609	买盘
09:51:24	11.31	0.01	36	40716	买盘
09:51:21	11.3	-0.01	6	6780	卖盘
09:51:18	11.31	--	25	28275	买盘
09:51:12	11.31	-0.01	13	14703	卖盘
09:51:09	11.32	--	81	91692	买盘
09:51:06	11.32	-0.01	35	39620	卖盘
09:51:03	11.33	0.01	21	23793	买盘
09:51:00	11.32	--	4	4528	卖盘
09:50:57	11.32	-0.01	16	18112	卖盘
09:50:54	11.33	0.01	99	112167	买盘
09:50:48	11.32	--	41	46412	卖盘
09:50:45	11.32	0.02	79	89428	买盘
09:50:42	11.3	--	50	56500	卖盘
09:50:39	11.3	-0.01	228	257640	卖盘
09:50:36	11.31	-0.01	10	11310	中性盘
09:50:33	11.32	0.02	366	414312	买盘
09:50:30	11.3	--	70	79100	买盘
09:50:27	11.3	0.01	16	18080	买盘
09:50:24	11.29	-0.01	64	72256	卖盘
09:50:21	11.3	--	50	56500	买盘
09:50:18	11.3	0.01	40	45200	买盘
09:50:15	11.29	--	18	20322	卖盘
09:50:12	11.29	-0.01	15	16935	卖盘
09:50:09	11.3	--	100	113000	买盘
09:50:06	11.3	0.01	38	42940	买盘
09:50:00	11.29	--	139	156931	买盘
09:49:54	11.29	--	3	3386	买盘
09:49:51	11.29	--	4	4516	买盘
09:49:48	11.29	--	45	50804	买盘
09:49:45	11.29	--	9	10386	买盘
09:49:42	11.29	--	58	65481	买盘
09:49:39	11.29	0.01	3	3386	买盘
09:49:36	11.28	--	72	81216	卖盘
09:49:33	11.28	--	10	11280	卖盘
09:49:27	11.28	--	10	11280	卖盘
09:49:24	11.28	0.01	197	223118	买盘
09:49:18	11.27	-0.01	30	33810	卖盘
09:49:12	11.28	0.01	54	60912	买盘
09:49:06	11.27	--	7	7889	买盘
09:49:00	11.27	0.01	97	109319	买盘
09:48:57	11.26	-0.01	10	11260	卖盘
09:48:54	11.27	--	16	18032	买盘
09:48:48	11.27	0.01	5	5635	买盘
09:48:39	11.26	-0.01	68	76568	卖盘
09:48:33	11.27	0.01	65	73277	买盘
09:48:30	11.26	-0.01	100	112600	卖盘
09:48:24	11.27	0.01	7	7889	买盘
09:48:21	11.26	-0.01	57	64182	卖盘
09:48:12	11.27	--	10	11270	买盘
09:48:09	11.27	--	1	1127	买盘
09:48:06	11.27	0.01	5	5635	中性盘
09:48:00	11.26	-0.02	30	33780	卖盘
09:47:57	11.28	0.01	62	69936	买盘
09:47:54	11.27	--	91	102782	卖盘
09:47:48	11.27	-0.01	1	1127	卖盘
09:47:45	11.28	--	1	1128	买盘
09:47:42	11.28	--	30	33840	买盘
09:47:36	11.28	--	74	84374	买盘
09:47:33	11.28	-0.01	10	11280	中性盘
09:47:30	11.29	0.01	5	5645	买盘
09:47:27	11.28	0.01	23	25944	买盘
09:47:24	11.27	--	102	114954	卖盘
09:47:21	11.27	-0.01	18	20286	卖盘
09:47:18	11.28	--	10	11280	买盘
09:47:15	11.28	--	20	22560	买盘
09:47:12	11.28	--	26	29328	买盘
09:47:06	11.28	0.01	15	16920	买盘
09:47:00	11.27	--	14	15778	卖盘
09:46:54	11.27	-0.01	66	74382	卖盘
09:46:51	11.28	--	108	121824	卖盘
09:46:48	11.28	--	30	33840	卖盘
09:46:45	11.28	--	114	128591	买盘
09:46:42	11.28	--	30	33840	买盘
09:46:39	11.28	--	10	11280	买盘
09:46:33	11.28	0.02	20	22560	买盘
09:46:30	11.26	-0.02	15	16890	卖盘
09:46:27	11.28	--	26	29328	买盘
09:46:24	11.28	--	30	33840	买盘
09:46:21	11.28	0.01	40	45120	买盘
09:46:18	11.27	-0.01	10	11270	卖盘
09:46:15	11.28	-0.01	87	98136	卖盘
09:46:12	11.29	0.01	5	5645	买盘
09:46:09	11.28	-0.01	2	2256	卖盘
09:46:06	11.29	--	12	13547	买盘
09:46:03	11.29	--	59	66611	买盘
09:46:00	11.29	0.01	60	67740	买盘
09:45:57	11.28	-0.01	96	108288	卖盘
09:45:54	11.29	--	3	3386	买盘
09:45:51	11.29	--	44	49675	买盘
09:45:48	11.29	-0.01	136	153544	卖盘
09:45:45	11.3	--	71	80230	买盘
09:45:42	11.3	--	9	10170	买盘
09:45:39	11.3	0.01	3	3390	买盘
09:45:36	11.29	--	10	11290	卖盘
09:45:33	11.29	--	12	13547	卖盘
09:45:27	11.29	0.01	152	171608	买盘
09:45:24	11.28	--	239	269592	卖盘
09:45:21	11.28	--	7	7896	卖盘
09:45:15	11.28	0.01	41	46248	买盘
09:45:12	11.27	-0.01	6	6762	卖盘
09:45:09	11.28	0.02	47	53016	买盘
09:45:06	11.26	--	4	4504	买盘
09:44:57	11.26	0.01	4	4504	买盘
09:44:51	11.25	--	35	39375	买盘
09:44:48	11.25	--	105	118125	买盘
09:44:45	11.25	0.01	1	1125	买盘
09:44:39	11.24	--	115	129260	卖盘
09:44:36	11.24	--	102	114648	买盘
09:44:33	11.24	0.01	30	33720	买盘
09:44:27	11.23	--	77	86471	买盘
09:44:24	11.23	--	22	24706	买盘
09:44:21	11.23	--	5	5615	买盘
09:44:18	11.23	0.01	200	224600	买盘
09:44:12	11.22	--	24	27926	买盘
09:44:06	11.22	--	10	11220	买盘
09:44:03	11.22	--	9	10098	买盘
09:44:00	11.22	0.01	52	58344	买盘
09:43:51	11.21	--	6	6726	买盘
09:43:48	11.21	--	5	5605	买盘
09:43:45	11.21	--	13	14573	买盘
09:43:42	11.21	--	50	56050	买盘
09:43:39	11.21	0.01	5	5605	买盘
09:43:33	11.2	--	5	5600	中性盘
09:43:21	11.2	--	28	31359	买盘
09:43:15	11.2	--	2	2240	买盘
09:43:12	11.2	--	50	56000	买盘
09:43:06	11.2	--	39	43680	买盘
09:43:00	11.2	0.01	30	33600	买盘
09:42:54	11.19	-0.01	4	4476	卖盘
09:42:51	11.2	--	1	1120	买盘
09:42:48	11.2	0.01	15	16800	买盘
09:42:45	11.19	--	26	29094	卖盘
09:42:39	11.19	--	3	3357	卖盘
09:42:21	11.19	--	12	13428	卖盘
09:42:18	11.19	--	112	125328	买盘
09:42:03	11.19	--	14	15666	买盘
09:41:45	11.19	--	3	3357	买盘
09:41:42	11.19	--	8	8952	买盘
09:41:36	11.19	--	31	34689	买盘
09:41:03	11.19	--	28	31332	买盘
09:40:48	11.19	--	10	11190	卖盘
09:40:45	11.19	-0.01	4	4476	卖盘
09:40:39	11.2	0.01	4	4480	买盘
09:40:36	11.19	--	24	26856	卖盘
09:40:30	11.19	--	55	61545	买盘
09:40:18	11.19	--	4	4476	买盘
09:40:00	11.19	-0.01	6	6714	卖盘
09:39:48	11.2	--	20	22400	买盘
09:39:45	11.2	--	3	3360	买盘
09:39:42	11.2	--	27	30239	买盘
09:39:39	11.2	--	10	11200	买盘
09:39:33	11.2	--	132	147840	买盘
09:39:30	11.2	--	101	113120	买盘
09:39:27	11.2	--	30	33600	买盘
09:39:24	11.2	--	5	5600	买盘
09:39:21	11.2	--	27	30239	买盘
09:39:15	11.2	--	10	11200	买盘
09:39:12	11.2	--	3	3360	买盘
09:39:09	11.2	--	9	10080	买盘
09:39:06	11.2	--	2	2240	买盘
09:39:00	11.2	--	5	5600	买盘
09:38:54	11.2	0.02	9	10080	买盘
09:38:51	11.18	-0.01	5	5590	卖盘
09:38:48	11.19	0.01	5	5595	中性盘
09:38:39	11.18	-0.01	21	23478	卖盘
09:38:33	11.19	--	8	8952	买盘
09:38:27	11.19	--	1	1119	买盘
09:38:24	11.19	0.01	54	60426	买盘
09:38:18	11.18	-0.01	12	13416	卖盘
09:38:15	11.19	0.01	55	61545	买盘
09:38:06	11.18	--	4	4472	卖盘
09:38:00	11.18	--	178	199004	买盘
09:37:51	11.18	0.01	8	8944	买盘
09:37:39	11.17	--	4	4468	卖盘
09:37:36	11.17	-0.01	2	2234	卖盘
09:37:33	11.18	0.01	1	1118	买盘
09:37:30	11.17	0.01	3	3351	中性盘
09:37:06	11.16	--	16	17856	卖盘
09:37:00	11.16	--	7	8035	中性盘
09:36:57	11.16	--	13	14508	买盘
09:36:54	11.16	-0.02	27	30132	卖盘
09:36:51	11.18	0.02	67	74906	买盘
09:36:48	11.16	--	4	4464	卖盘
09:36:42	11.16	--	3	3348	买盘
09:36:39	11.16	--	50	55800	买盘
09:36:36	11.16	--	5	5580	买盘
09:36:33	11.16	0.01	32	35712	买盘
09:36:30	11.15	-0.01	60	66900	卖盘
09:36:27	11.16	0.01	2	2232	买盘
09:36:24	11.15	-0.01	45	50175	卖盘
09:36:21	11.16	--	5	5580	买盘
09:36:18	11.16	--	1	1116	买盘
09:36:15	11.16	--	12	13392	买盘
09:36:03	11.16	0.01	45	50220	买盘
09:36:00	11.15	-0.01	51	56865	卖盘
09:35:54	11.16	--	10	11160	买盘
09:35:48	11.16	0.01	6	6696	买盘
09:35:45	11.15	-0.01	10	11150	卖盘
09:35:39	11.16	--	1	1116	买盘
09:35:33	11.16	--	5	5580	买盘
09:35:27	11.16	-0.01	1	1116	卖盘
09:35:18	11.17	0.03	2	2234	中性盘
09:35:06	11.14	-0.04	97	108058	卖盘
09:34:57	11.18	--	12	13416	买盘
09:34:54	11.18	--	132	147576	买盘
09:34:51	11.18	0.02	30	33540	买盘
09:34:45	11.16	-0.02	40	44640	中性盘
09:34:33	11.18	--	2	2236	买盘
09:34:30	11.18	--	3	3354	买盘
09:34:27	11.18	0.02	21	23478	买盘
09:34:24	11.16	-0.02	3	3348	卖盘
09:34:15	11.18	--	10	11180	买盘
09:34:06	11.18	--	12	13416	买盘
09:34:03	11.18	--	3	3354	买盘
09:33:54	11.18	--	2	2236	买盘
09:33:48	11.18	--	5	5590	买盘
09:33:42	11.18	-0.01	55	61490	买盘
09:33:36	11.19	0.01	10	11190	买盘
09:33:33	11.18	--	1	1118	买盘
09:33:30	11.18	--	1	1118	卖盘
09:33:27	11.18	--	12	13416	卖盘
09:33:24	11.18	--	8	8944	卖盘
09:33:21	11.18	--	1	1118	买盘
09:33:12	11.18	--	3	3354	买盘
09:33:09	11.18	--	96	107328	中性盘
09:33:06	11.18	-0.01	33	36894	卖盘
09:32:57	11.19	0.01	11	12309	买盘
09:32:45	11.18	-0.01	21	23478	中性盘
09:32:24	11.19	0.05	100	111900	买盘
09:32:12	11.14	-0.04	20	22280	卖盘
09:32:09	11.18	-0.01	6	6708	中性盘
09:31:42	11.19	--	2	2238	买盘
09:31:36	11.19	0.01	115	128685	买盘
09:31:33	11.18	-0.01	1	1118	卖盘
09:31:30	11.19	--	3	3357	买盘
09:31:27	11.19	--	6	6714	买盘
09:31:24	11.19	--	3	3357	买盘
09:31:15	11.19	-0.01	4	4476	卖盘
09:31:09	11.2	--	10	11200	买盘
09:31:00	11.2	--	36	40320	买盘
09:30:45	11.2	--	31	34720	买盘
09:30:42	11.2	0.04	100	112000	买盘
09:30:39	11.16	-0.04	32	35712	卖盘
09:30:36	11.2	--	10	11200	买盘
09:30:33	11.2	0.01	35	39200	买盘
09:30:30	11.19	0.03	31	34689	买盘
09:30:27	11.16	-0.03	36	40176	卖盘
09:30:24	11.19	--	36	40284	卖盘
09:30:21	11.19	-0.01	10	11190	卖盘
09:30:12	11.2	--	5	5600	买盘
09:30:06	11.2	--	2	2240	买盘
09:30:03	11.2	--	321	359520	卖盘
09:30:00	11.2	--	0	0	卖盘
09:25:03	11.2	11.2	59	66080	买盘
