成交时间	成交价	价格变动	成交量(手)	成交额(元)	性质
15:00:03	37.78	--	1116	4216399	卖盘
14:57:00	37.78	0.02	27	103857	买盘
14:56:57	37.76	-0.02	1	3776	卖盘
14:56:54	37.78	0.01	18	68004	买盘
14:56:51	37.77	-0.01	5	18885	卖盘
14:56:48	37.78	0.01	5	18890	买盘
14:56:45	37.77	--	4	15108	卖盘
14:56:42	37.77	0.01	5	18885	中性盘
14:56:36	37.76	-0.01	5	18880	卖盘
14:56:33	37.77	-0.01	6	22662	中性盘
14:56:30	37.78	0.02	168	634704	买盘
14:56:27	37.76	-0.01	57	217157	卖盘
14:56:24	37.77	-0.01	8	30216	卖盘
14:56:21	37.78	--	7	26446	买盘
14:56:18	37.78	--	1	3778	买盘
14:56:15	37.78	0.01	54	204012	中性盘
14:56:12	37.77	-0.01	4	15108	卖盘
14:56:09	37.78	--	22	83116	卖盘
14:56:03	37.78	--	2	7556	卖盘
14:56:00	37.78	0.01	48	181344	买盘
14:55:57	37.77	--	7	26439	卖盘
14:55:54	37.77	--	11	41547	卖盘
14:55:51	37.77	-0.01	17	64209	卖盘
14:55:48	37.78	0.01	5	18890	买盘
14:55:45	37.77	--	40	152930	卖盘
14:55:42	37.77	--	4	15108	卖盘
14:55:39	37.77	--	22	83094	卖盘
14:55:36	37.77	--	11	41547	卖盘
14:55:33	37.77	--	18	67986	卖盘
14:55:30	37.77	--	19	71763	卖盘
14:55:27	37.77	0.01	400	1510800	中性盘
14:55:24	37.76	-0.01	58	219008	卖盘
14:55:21	37.77	-0.01	1	3777	买盘
14:55:18	37.78	0.02	2	7556	买盘
14:55:15	37.76	-0.01	32	120832	卖盘
14:55:12	37.77	--	1	3777	卖盘
14:55:06	37.77	-0.01	3	11331	卖盘
14:55:03	37.78	0.01	5	18890	买盘
14:55:00	37.77	--	5	18885	买盘
14:54:57	37.77	--	16	60432	买盘
14:54:51	37.77	--	1	3777	卖盘
14:54:48	37.77	-0.01	4	15108	卖盘
14:54:45	37.78	0.01	18	68004	买盘
14:54:42	37.77	-0.01	5	18885	卖盘
14:54:39	37.78	--	8	30224	卖盘
14:54:36	37.78	0.01	14	52892	买盘
14:54:33	37.77	--	3	11331	卖盘
14:54:30	37.77	--	1	3777	卖盘
14:54:24	37.77	0.01	3	11331	中性盘
14:54:18	37.76	--	56	211456	卖盘
14:54:15	37.76	0.01	3	11328	卖盘
14:54:12	37.75	-0.01	163	615325	卖盘
14:54:09	37.76	0.01	2	7552	买盘
14:54:06	37.75	-0.01	33	124575	卖盘
14:54:03	37.76	--	3	11328	买盘
14:54:00	37.76	--	3	11328	买盘
14:53:57	37.76	--	4	15104	买盘
14:53:54	37.76	--	25	94400	卖盘
14:53:51	37.76	-0.02	2	7552	卖盘
14:53:48	37.78	-0.01	37	139786	买盘
14:53:45	37.79	0.03	24	90696	买盘
14:53:36	37.76	0.03	19	71744	买盘
14:53:33	37.73	-0.03	12	45275	卖盘
14:53:30	37.76	0.03	20	75520	买盘
14:53:27	37.73	-0.02	29	109416	卖盘
14:53:24	37.75	0.02	4	15100	中性盘
14:53:18	37.73	-0.03	3	11318	卖盘
14:53:15	37.76	0.01	18	67968	买盘
14:53:09	37.75	--	33	124575	买盘
14:53:06	37.75	-0.01	10	37750	卖盘
14:53:03	37.76	--	14	52864	买盘
14:53:00	37.76	--	3	11328	卖盘
14:52:54	37.76	--	9	33984	卖盘
14:52:51	37.76	--	10	37760	卖盘
14:52:48	37.76	--	1	3776	卖盘
14:52:45	37.76	--	20	75520	卖盘
14:52:39	37.76	--	21	79296	卖盘
14:52:36	37.76	0.01	18	67968	买盘
14:52:30	37.75	-0.01	6	22650	卖盘
14:52:24	37.76	--	2	7552	卖盘
14:52:18	37.76	--	6	22656	卖盘
14:52:15	37.76	-0.08	13	49088	卖盘
14:52:09	37.84	0.04	5	18920	买盘
14:52:06	37.8	--	14	52919	卖盘
14:52:03	37.8	--	27	102059	卖盘
14:51:57	37.8	--	3	11340	卖盘
14:51:54	37.8	--	5	18900	卖盘
14:51:51	37.8	-0.06	3	11340	卖盘
14:51:39	37.86	0.02	25	94650	卖盘
14:51:36	37.84	0.04	1	3784	买盘
14:51:33	37.8	0.04	2	7559	买盘
14:51:27	37.76	-0.12	1	3776	卖盘
14:51:24	37.88	0.05	142	537896	买盘
14:51:21	37.83	0.03	1	3783	买盘
14:51:18	37.8	-0.06	11	41580	卖盘
14:51:15	37.86	0.06	5	18930	买盘
14:51:12	37.8	-0.05	100	378000	卖盘
14:51:09	37.85	--	144	545040	卖盘
14:51:03	37.85	-0.03	8	30280	卖盘
14:50:57	37.88	--	24	90912	卖盘
14:50:54	37.88	-0.01	1	3788	卖盘
14:50:51	37.89	0.01	3	11367	买盘
14:50:48	37.88	-0.02	7	26516	卖盘
14:50:42	37.9	--	2	7580	买盘
14:50:39	37.9	--	2	7580	买盘
14:50:36	37.9	--	56	212240	卖盘
14:50:33	37.9	--	70	265300	卖盘
14:50:30	37.9	--	9	34110	卖盘
14:50:27	37.9	-0.01	31	117490	卖盘
14:50:24	37.91	0.01	14	53073	买盘
14:50:21	37.9	--	25	94750	卖盘
14:50:18	37.9	-0.01	10	37900	卖盘
14:50:15	37.91	-0.01	2	7581	卖盘
14:50:09	37.92	-0.01	24	91008	买盘
14:50:06	37.93	0.01	38	144134	买盘
14:50:00	37.92	--	24	91008	卖盘
14:49:54	37.92	-0.01	3	11376	卖盘
14:49:51	37.93	0.01	19	72067	买盘
14:49:48	37.92	--	5	18960	卖盘
14:49:45	37.92	--	11	41712	卖盘
14:49:42	37.92	-0.01	14	53088	卖盘
14:49:39	37.93	0.01	24	91032	买盘
14:49:33	37.92	--	34	128928	买盘
14:49:27	37.92	--	42	159264	买盘
14:49:18	37.92	0.02	71	269232	买盘
14:49:12	37.9	-0.02	10	37900	卖盘
14:49:09	37.92	0.02	20	75840	买盘
14:49:06	37.9	-0.02	10	37900	卖盘
14:49:03	37.92	0.01	6	22752	买盘
14:49:00	37.91	0.01	5	18955	中性盘
14:48:54	37.9	-0.01	11	41690	卖盘
14:48:48	37.91	-0.01	3	11372	卖盘
14:48:45	37.92	0.02	23	87216	买盘
14:48:42	37.9	-0.01	5	18950	卖盘
14:48:39	37.91	--	4	15163	卖盘
14:48:33	37.91	0.01	5	18955	买盘
14:48:27	37.9	--	8	30320	卖盘
14:48:24	37.9	--	1	3790	卖盘
14:48:21	37.9	0.03	157	595030	买盘
14:48:18	37.87	-0.01	31	117396	卖盘
14:48:12	37.88	--	8	30304	买盘
14:48:09	37.88	0.01	6	22728	买盘
14:48:06	37.87	--	1	3786	卖盘
14:48:03	37.87	-0.01	6	22722	卖盘
14:47:57	37.88	--	2	7576	买盘
14:47:54	37.88	0.01	9	34092	买盘
14:47:51	37.87	--	11	41657	卖盘
14:47:48	37.87	--	5	18935	卖盘
14:47:45	37.87	--	5	18935	卖盘
14:47:42	37.87	--	7	26509	卖盘
14:47:39	37.87	0.02	22	83314	买盘
14:47:33	37.85	0.01	16	60560	买盘
14:47:30	37.84	--	5	18920	卖盘
14:47:27	37.84	-0.01	1	3784	卖盘
14:47:24	37.85	0.01	1	3785	买盘
14:47:21	37.84	-0.01	10	37840	卖盘
14:47:15	37.85	--	13	49205	卖盘
14:47:12	37.85	--	30	113550	卖盘
14:47:09	37.85	--	3	11355	买盘
14:47:03	37.85	--	9	34065	卖盘
14:47:00	37.85	--	1	3785	买盘
14:46:57	37.85	-0.03	5	18925	卖盘
14:46:45	37.88	--	4	15152	买盘
14:46:42	37.88	0.03	2	7576	中性盘
14:46:39	37.85	-0.04	56	211960	卖盘
14:46:36	37.89	--	1	3789	卖盘
14:46:33	37.89	0.03	73	276597	买盘
14:46:30	37.86	-0.02	5	18930	卖盘
14:46:27	37.88	0.02	5	18940	中性盘
14:46:18	37.86	-0.02	1	3786	卖盘
14:46:15	37.88	--	20	75760	中性盘
14:46:03	37.88	--	1	3788	卖盘
14:45:57	37.88	-0.01	11	41668	卖盘
14:45:51	37.89	0.04	32	121248	买盘
14:45:48	37.85	-0.03	7	26495	卖盘
14:45:45	37.88	0.03	1	3788	买盘
14:45:42	37.85	-0.03	30	113550	卖盘
14:45:33	37.88	--	1	3788	买盘
14:45:30	37.88	--	6	22728	卖盘
14:45:24	37.88	--	2	7576	卖盘
14:45:21	37.88	--	19	71972	卖盘
14:45:06	37.88	-0.01	3	11364	卖盘
14:45:00	37.89	-0.01	6	22734	卖盘
14:44:57	37.9	-0.02	5	18950	买盘
14:44:54	37.92	0.02	57	216144	买盘
14:44:51	37.9	0.02	10	37900	买盘
14:44:48	37.88	-0.01	10	37880	卖盘
14:44:45	37.89	--	4	15156	卖盘
14:44:42	37.89	0.01	4	15156	买盘
14:44:39	37.88	--	1	3788	卖盘
14:44:33	37.88	-0.01	10	37880	卖盘
14:44:30	37.89	--	5	18945	卖盘
14:44:24	37.89	0.01	8	30312	买盘
14:44:21	37.88	-0.01	1	3788	卖盘
14:44:18	37.89	0.01	53	200817	买盘
14:44:15	37.88	--	4	15152	卖盘
14:44:09	37.88	--	5	18940	卖盘
14:44:06	37.88	-0.01	5	18940	卖盘
14:44:03	37.89	0.01	5	18945	买盘
14:43:57	37.88	--	26	98488	卖盘
14:43:54	37.88	0.02	34	128792	买盘
14:43:51	37.86	0.01	3	11358	中性盘
14:43:45	37.85	--	3	11355	卖盘
14:43:36	37.85	--	7	26495	卖盘
14:43:30	37.85	--	3	11355	卖盘
14:43:27	37.85	--	10	37850	卖盘
14:43:24	37.85	--	77	291445	卖盘
14:43:18	37.85	--	3	11355	卖盘
14:43:15	37.85	--	42	158970	卖盘
14:43:09	37.85	--	18	68130	卖盘
14:43:00	37.85	-0.01	5	18925	卖盘
14:42:57	37.86	-0.03	6	22716	卖盘
14:42:54	37.89	--	5	18945	买盘
14:42:51	37.89	--	62	234918	买盘
14:42:45	37.89	-0.03	53	200817	卖盘
14:42:39	37.92	--	11	41712	买盘
14:42:36	37.92	0.01	5	18960	买盘
14:42:33	37.91	--	17	64446	卖盘
14:42:30	37.91	--	19	72029	卖盘
14:42:24	37.91	--	11	41700	卖盘
14:42:15	37.91	--	5	18955	卖盘
14:42:12	37.91	--	16	60655	卖盘
14:42:09	37.91	--	38	144058	卖盘
14:42:03	37.91	--	1	3790	卖盘
14:41:57	37.91	--	35	132685	卖盘
14:41:54	37.91	--	11	41700	卖盘
14:41:51	37.91	--	22	83401	卖盘
14:41:48	37.91	-0.01	2	7581	卖盘
14:41:45	37.92	0.01	174	659808	中性盘
14:41:39	37.91	-0.01	219	830228	卖盘
14:41:33	37.92	--	7	26544	卖盘
14:41:30	37.92	--	1	3792	卖盘
14:41:27	37.92	--	16	60672	卖盘
14:41:21	37.92	--	31	117552	卖盘
14:41:09	37.92	-0.08	20	75840	卖盘
14:41:03	38.0	0.01	50	190000	买盘
14:40:51	37.99	-0.01	7	26593	卖盘
14:40:48	38.0	0.01	15	57000	买盘
14:40:45	37.99	-0.01	2	7598	卖盘
14:40:42	38.0	--	4	15200	买盘
14:40:39	38.0	0.01	10	38000	买盘
14:40:36	37.99	-0.01	7	26593	中性盘
14:40:30	38.0	0.07	8	30400	买盘
14:40:27	37.93	-0.07	5	18965	卖盘
14:40:21	38.0	0.05	150	570000	买盘
14:40:18	37.95	-0.02	1	3795	卖盘
14:40:15	37.97	0.01	10	37970	买盘
14:40:03	37.96	--	3	11388	卖盘
14:39:51	37.96	--	7	26572	卖盘
14:39:48	37.96	0.01	22	83512	买盘
14:39:42	37.95	0.02	6	22770	中性盘
14:39:33	37.93	--	42	159306	买盘
14:39:24	37.93	0.03	14	53102	买盘
14:39:18	37.9	-0.07	5	18950	卖盘
14:39:15	37.97	0.06	23	87331	买盘
14:39:12	37.91	-0.02	8	30327	卖盘
14:39:06	37.93	0.02	2	7586	买盘
14:39:03	37.91	-0.02	2	7581	卖盘
14:39:00	37.93	-0.01	17	64481	卖盘
14:38:57	37.94	0.01	63	239022	中性盘
14:38:39	37.93	--	9	34137	买盘
14:38:36	37.93	--	7	26551	买盘
14:38:18	37.93	0.02	3	11379	买盘
14:38:15	37.91	0.01	1	3790	买盘
14:38:12	37.9	--	1	3790	卖盘
14:38:03	37.9	--	2	7580	买盘
14:38:00	37.9	--	101	382790	买盘
14:37:54	37.9	--	1	3790	中性盘
14:37:48	37.9	--	5	18950	买盘
14:37:45	37.9	--	14	53060	买盘
14:37:42	37.9	--	15	56850	买盘
14:37:39	37.9	--	2	7580	买盘
14:37:36	37.9	--	1	3790	买盘
14:37:33	37.9	0.01	2	7580	买盘
14:37:21	37.89	--	11	41679	买盘
14:37:18	37.89	0.01	3	11367	买盘
14:37:15	37.88	--	1	3788	卖盘
14:37:12	37.88	-0.01	20	75760	卖盘
14:37:06	37.89	0.01	3	11367	买盘
14:36:57	37.88	0.02	2	7576	买盘
14:36:51	37.86	-0.04	10	37860	中性盘
14:36:27	37.9	0.07	16	60640	买盘
14:36:24	37.83	-0.07	1	3783	卖盘
14:36:21	37.9	--	1	3790	买盘
14:36:09	37.9	--	2	7580	卖盘
14:36:06	37.9	--	3	11370	卖盘
14:36:03	37.9	--	4	15160	卖盘
14:36:00	37.9	--	43	162970	卖盘
14:35:57	37.9	--	54	204660	卖盘
14:35:54	37.9	--	20	75800	卖盘
14:35:51	37.9	-0.03	10	37900	卖盘
14:35:45	37.93	0.02	3	11379	买盘
14:35:42	37.91	-0.02	2	7581	卖盘
14:35:33	37.93	--	1	3793	卖盘
14:35:30	37.93	--	2	7586	卖盘
14:35:21	37.93	--	3	11379	卖盘
14:35:12	37.93	-0.03	3	11379	卖盘
14:35:09	37.96	--	2	7592	买盘
14:35:03	37.96	--	292	1108432	卖盘
14:35:00	37.96	--	20	75920	卖盘
14:34:57	37.96	-0.01	122	463112	卖盘
14:34:51	37.97	-0.03	26	98722	卖盘
14:34:39	38.0	-0.02	118	448400	卖盘
14:34:33	38.02	-0.01	24	91248	卖盘
14:34:30	38.03	-0.02	11	41833	买盘
14:34:27	38.05	0.03	16	60879	买盘
14:34:24	38.02	--	13	49426	卖盘
14:34:21	38.02	--	37	140674	卖盘
14:34:18	38.02	-0.03	10	38020	卖盘
14:34:15	38.05	--	13	49464	买盘
14:34:12	38.05	0.02	7	26634	买盘
14:34:09	38.03	-0.02	3	11409	中性盘
14:34:06	38.05	0.03	321	1221405	买盘
14:34:00	38.02	0.02	107	406814	卖盘
14:33:54	38.0	-0.03	52	197600	卖盘
14:33:51	38.03	0.01	6	22818	买盘
14:33:48	38.02	0.01	4	15208	买盘
14:33:45	38.01	0.04	10	38010	买盘
14:33:42	37.97	0.01	31	117707	中性盘
14:33:39	37.96	-0.01	20	75920	卖盘
14:33:36	37.97	0.01	30	113910	中性盘
14:33:33	37.96	-0.04	6	22776	卖盘
14:33:30	38.0	--	30	114000	买盘
14:33:27	38.0	0.04	315	1197000	买盘
14:33:24	37.96	--	1007	3822572	卖盘
14:33:21	37.96	--	320	1214720	卖盘
14:33:18	37.96	--	2	7592	卖盘
14:33:15	37.96	--	46	174616	卖盘
14:33:12	37.96	-0.01	50	189800	卖盘
14:33:09	37.97	--	7	26579	买盘
14:33:06	37.97	--	2	7594	买盘
14:33:03	37.97	0.01	53	201241	买盘
14:33:00	37.96	-0.01	37	140452	卖盘
14:32:57	37.97	0.01	11	41767	买盘
14:32:54	37.96	--	2	7592	卖盘
14:32:51	37.96	-0.01	3	11388	卖盘
14:32:48	37.97	0.02	62	235414	买盘
14:32:45	37.95	--	3	11385	卖盘
14:32:42	37.95	--	6	22770	卖盘
14:32:39	37.95	--	19	72105	卖盘
14:32:36	37.95	--	7	26565	卖盘
14:32:33	37.95	0.05	204	776608	买盘
14:32:27	37.9	--	9	34110	卖盘
14:32:18	37.9	0.03	182	689780	买盘
14:32:09	37.87	0.01	5	18935	买盘
14:32:03	37.86	-0.01	2	7572	卖盘
14:32:00	37.87	0.06	97	367339	买盘
14:31:57	37.81	--	14	52934	买盘
14:31:54	37.81	0.02	5	18905	买盘
14:31:51	37.79	--	5	18895	买盘
14:31:45	37.79	-0.01	22	83138	卖盘
14:31:42	37.8	0.02	2	7559	买盘
14:31:30	37.78	-0.02	14	52892	卖盘
14:31:27	37.8	0.01	29	109619	买盘
14:31:15	37.79	--	12	45348	买盘
14:31:00	37.79	0.01	32	120928	买盘
14:30:57	37.78	--	10	37780	卖盘
14:30:54	37.78	--	10	37780	卖盘
14:30:51	37.78	--	3	11334	买盘
14:30:48	37.78	0.01	5	18890	买盘
14:30:42	37.77	0.02	57	215289	买盘
14:30:39	37.75	0.01	36	135900	买盘
14:30:36	37.74	--	4	15096	卖盘
14:30:33	37.74	--	4	15096	卖盘
14:30:30	37.74	-0.01	6	22644	卖盘
14:30:27	37.75	0.01	31	117025	买盘
14:30:24	37.74	-0.01	2	7548	卖盘
14:30:21	37.75	--	1	3775	买盘
14:30:18	37.75	--	5	18875	买盘
14:30:12	37.75	0.01	1	3775	买盘
14:30:03	37.74	0.01	2	7548	中性盘
14:30:00	37.73	0.01	20	75460	买盘
14:29:51	37.72	--	1	3772	卖盘
14:29:45	37.72	-0.01	3	11316	卖盘
14:29:27	37.73	0.01	2	7545	买盘
14:29:24	37.72	-0.01	4	15088	卖盘
14:29:18	37.73	--	1	3772	买盘
14:29:15	37.73	--	5	18865	卖盘
14:29:09	37.73	-0.01	3	11318	卖盘
14:29:03	37.74	-0.01	10	37740	买盘
14:29:00	37.75	--	20	75500	卖盘
14:28:54	37.75	--	9	33975	卖盘
14:28:51	37.75	-0.01	1	3775	卖盘
14:28:48	37.76	--	1	3776	买盘
14:28:39	37.76	-0.01	8	30208	卖盘
14:28:27	37.77	--	3	11331	卖盘
14:28:15	37.77	-0.03	7	26439	卖盘
14:28:00	37.8	--	17	64259	卖盘
14:27:57	37.8	--	5	18900	卖盘
14:27:54	37.8	--	16	60479	卖盘
14:27:45	37.8	--	17	64259	卖盘
14:27:42	37.8	--	102	385560	卖盘
14:27:36	37.8	-0.01	8	30239	卖盘
14:27:21	37.81	--	3	11343	卖盘
14:27:09	37.81	-0.02	53	200393	卖盘
14:27:00	37.83	-0.02	1	3783	卖盘
14:26:48	37.85	0.01	8	30280	买盘
14:26:45	37.84	--	1	3784	买盘
14:26:42	37.84	--	2	7568	卖盘
14:26:39	37.84	--	3	11352	卖盘
14:26:36	37.84	--	5	18920	卖盘
14:26:33	37.84	--	12	45408	卖盘
14:26:30	37.84	--	1	3784	卖盘
14:26:27	37.84	--	7	26488	卖盘
14:26:18	37.84	-0.01	2	7568	卖盘
14:26:03	37.85	--	64	242240	卖盘
14:26:00	37.85	-0.03	1	3785	卖盘
14:25:57	37.88	--	15	56820	买盘
14:25:45	37.88	0.03	58	219704	买盘
14:25:30	37.85	-0.01	11	41635	卖盘
14:25:24	37.86	-0.02	2	7572	中性盘
14:25:21	37.88	--	2	7576	买盘
14:25:15	37.88	--	20	75760	买盘
14:25:00	37.88	--	1	3788	买盘
14:24:54	37.88	-0.01	1	3788	中性盘
14:24:48	37.89	0.01	148	560772	买盘
14:24:36	37.88	0.04	1	3788	买盘
14:24:27	37.84	--	13	49192	买盘
14:24:24	37.84	--	7	26488	卖盘
14:24:21	37.84	--	37	140008	卖盘
14:24:09	37.84	-0.06	46	174064	卖盘
14:23:57	37.9	--	35	132650	买盘
14:23:54	37.9	--	7	26530	买盘
14:23:51	37.9	0.01	10	37900	买盘
14:23:48	37.89	--	6	22734	卖盘
14:23:45	37.89	--	5	18945	卖盘
14:23:42	37.89	--	1	3789	卖盘
14:23:39	37.89	--	4	15156	买盘
14:23:36	37.89	0.01	15	56835	买盘
14:23:33	37.88	-0.01	1	3788	中性盘
14:23:27	37.89	0.01	17	64413	买盘
14:23:24	37.88	0.05	3	11364	买盘
14:23:21	37.83	-0.06	2	7566	卖盘
14:23:15	37.89	0.07	39	147771	中性盘
14:23:03	37.82	--	61	230702	卖盘
14:23:00	37.82	-0.07	11	41602	卖盘
14:22:57	37.89	0.07	5	18945	买盘
14:22:54	37.82	-0.08	62	234484	卖盘
14:22:51	37.9	--	3	11370	卖盘
14:22:45	37.9	-0.02	2	7580	卖盘
14:22:42	37.92	0.02	1	3792	买盘
14:22:39	37.9	-0.05	51	193290	卖盘
14:22:36	37.95	0.02	33	125235	买盘
14:22:33	37.93	-0.02	79	299647	卖盘
14:22:30	37.95	0.02	13	49335	买盘
14:22:24	37.93	0.02	27	102411	买盘
14:22:18	37.91	--	10	37910	卖盘
14:22:15	37.91	-0.01	3	11372	中性盘
14:22:12	37.92	0.02	36	136512	买盘
14:22:09	37.9	--	38	145839	买盘
14:22:06	37.9	--	52	197080	买盘
14:22:03	37.9	--	205	778920	买盘
14:22:00	37.9	--	40	151600	买盘
14:21:54	37.9	--	65	246350	买盘
14:21:48	37.9	0.01	25	94750	买盘
14:21:45	37.89	0.04	6	22734	买盘
14:21:42	37.85	-0.04	50	189250	卖盘
14:21:39	37.89	--	19	71991	卖盘
14:21:36	37.89	0.02	123	467865	买盘
14:21:33	37.87	0.01	4	15147	中性盘
14:21:30	37.86	-0.01	10	37860	卖盘
14:21:27	37.87	0.01	28	106036	买盘
14:21:24	37.86	--	1	3786	卖盘
14:21:18	37.86	0.01	90	340740	买盘
14:21:12	37.85	--	1	3785	卖盘
14:21:09	37.85	0.03	98	370930	买盘
14:20:57	37.82	--	2	7564	买盘
14:20:54	37.82	0.02	1	3782	中性盘
14:20:51	37.8	-0.02	30	113399	卖盘
14:20:45	37.82	0.01	30	113460	买盘
14:20:42	37.81	0.01	10	37810	中性盘
14:20:39	37.8	-0.02	20	75600	卖盘
14:20:36	37.82	--	6	22692	买盘
14:20:33	37.82	--	9	34038	买盘
14:20:30	37.82	-0.06	1	3782	中性盘
14:20:27	37.88	0.05	130	492440	买盘
14:20:24	37.83	0.01	2	7566	中性盘
14:20:15	37.82	--	2	7564	卖盘
14:20:09	37.82	--	3	11346	卖盘
14:20:06	37.82	--	6	22692	卖盘
14:20:03	37.82	-0.06	3	11346	中性盘
14:19:57	37.88	0.07	300	1136400	买盘
14:19:54	37.81	--	10	37810	卖盘
14:19:51	37.81	--	1	3781	卖盘
14:19:48	37.81	-0.01	7	26467	卖盘
14:19:45	37.82	--	7	26474	买盘
14:19:39	37.82	--	15	56730	买盘
14:19:36	37.82	-0.01	13	49166	买盘
14:19:33	37.83	0.01	163	616629	买盘
14:19:30	37.82	0.02	2	7564	买盘
14:19:21	37.8	--	3	11340	卖盘
14:19:18	37.8	--	23	86940	买盘
14:19:15	37.8	0.03	51	192780	买盘
14:19:09	37.77	-0.03	2	7554	中性盘
14:19:06	37.8	0.05	300	1134000	买盘
14:19:00	37.75	--	5	18875	卖盘
14:18:51	37.75	0.02	23	86825	买盘
14:18:48	37.73	--	2	7545	卖盘
14:18:36	37.73	0.01	2	7545	买盘
14:18:30	37.72	0.01	63	237636	中性盘
14:18:24	37.71	-0.01	33	124443	卖盘
14:18:18	37.72	0.01	6	22632	买盘
14:18:12	37.71	--	6	22626	卖盘
14:18:09	37.71	--	4	15084	卖盘
14:18:00	37.71	0.01	17	64107	卖盘
14:17:57	37.7	--	5	18850	卖盘
14:17:54	37.7	-0.01	50	188500	卖盘
14:17:48	37.71	0.01	12	45252	买盘
14:17:45	37.7	--	5	18850	卖盘
14:17:42	37.7	--	3	11310	卖盘
14:17:36	37.7	--	6	22620	卖盘
14:17:30	37.7	--	10	37700	卖盘
14:17:06	37.7	--	3	11310	卖盘
14:17:00	37.7	--	12	45240	卖盘
14:16:57	37.7	--	4	15080	卖盘
14:16:54	37.7	-0.01	74	278980	卖盘
14:16:45	37.71	--	5	18855	卖盘
14:16:42	37.71	--	10	37710	卖盘
14:16:36	37.71	-0.01	5	18855	卖盘
14:16:21	37.72	--	1	3772	卖盘
14:16:18	37.72	-0.02	5	18860	卖盘
14:16:09	37.74	--	20	75480	买盘
14:16:00	37.74	--	5	18870	卖盘
14:15:51	37.74	--	1	3774	卖盘
14:15:48	37.74	-0.02	3	11322	卖盘
14:15:45	37.76	0.02	2	7552	买盘
14:15:42	37.74	--	9	33966	卖盘
14:15:39	37.74	--	19	71706	卖盘
14:15:33	37.74	-0.01	10	37740	卖盘
14:15:30	37.75	0.01	5	18875	买盘
14:15:27	37.74	--	6	22644	卖盘
14:15:12	37.74	--	5	18870	卖盘
14:15:09	37.74	--	9	33966	卖盘
14:15:06	37.74	--	6	22644	卖盘
14:14:51	37.74	-0.05	3	11322	卖盘
14:14:48	37.79	--	7	26453	买盘
14:14:36	37.79	0.05	1	3779	中性盘
14:14:30	37.74	-0.06	1	3774	卖盘
14:14:24	37.8	--	110	415799	卖盘
14:14:21	37.8	-0.05	6	22680	卖盘
14:14:15	37.85	0.02	100	378500	买盘
14:14:12	37.83	-0.01	9	34047	卖盘
14:14:09	37.84	0.01	10	37840	买盘
14:14:03	37.83	0.03	33	124839	买盘
14:14:00	37.8	--	8	30239	卖盘
14:13:57	37.8	--	10	37800	卖盘
14:13:51	37.8	0.05	468	1769039	买盘
14:13:45	37.75	--	1	3775	卖盘
14:13:42	37.75	--	1	3775	卖盘
14:13:36	37.75	--	10	37750	卖盘
14:13:33	37.75	--	8	30200	卖盘
14:13:18	37.75	--	8	30200	买盘
14:13:15	37.75	-0.05	4	15100	中性盘
14:13:03	37.8	0.05	211	797579	买盘
14:12:54	37.75	0.02	57	215175	买盘
14:12:51	37.73	--	2	7545	卖盘
14:12:48	37.73	--	11	41503	卖盘
14:12:33	37.73	--	11	41503	卖盘
14:12:24	37.73	--	3	11318	卖盘
14:12:18	37.73	--	1	3772	卖盘
14:11:48	37.73	-0.01	1	3772	卖盘
14:11:45	37.74	0.01	3	11322	买盘
14:11:36	37.73	--	11	41503	卖盘
14:11:30	37.73	0.03	76	286748	买盘
14:11:24	37.7	--	7	26390	卖盘
14:11:18	37.7	--	3	11310	卖盘
14:11:00	37.7	-0.01	14	52780	卖盘
14:10:57	37.71	0.01	2	7542	买盘
14:10:42	37.7	-0.02	15	56550	卖盘
14:10:39	37.72	--	15	56580	买盘
14:10:33	37.72	0.02	3	11316	买盘
14:10:30	37.7	-0.01	100	377000	卖盘
14:10:27	37.71	--	10	37710	卖盘
14:10:21	37.71	-0.01	3	11313	卖盘
14:10:15	37.72	--	2	7544	买盘
14:10:12	37.72	0.01	2	7544	买盘
14:10:06	37.71	--	3	11313	卖盘
14:10:03	37.71	--	3	11313	卖盘
14:09:54	37.71	--	1	3771	卖盘
14:09:51	37.71	0.01	18	67878	买盘
14:09:48	37.7	--	1	3770	卖盘
14:09:39	37.7	--	3	11310	卖盘
14:09:36	37.7	--	35	131950	卖盘
14:09:30	37.7	-0.01	59	222430	卖盘
14:09:27	37.71	0.01	6	22626	买盘
14:09:21	37.7	-0.01	6	22620	卖盘
14:09:06	37.71	--	3	11313	卖盘
14:09:00	37.71	--	1	3771	卖盘
14:08:42	37.71	--	1	3771	卖盘
14:08:39	37.71	--	7	26397	卖盘
14:08:30	37.71	0.01	6	22626	买盘
14:08:21	37.7	--	12	45240	卖盘
14:08:15	37.7	-0.01	1	3770	卖盘
14:08:09	37.71	--	4	15084	卖盘
14:08:06	37.71	--	1	3771	卖盘
14:08:03	37.71	0.01	7	26397	中性盘
14:07:51	37.7	--	6	22620	卖盘
14:07:45	37.7	--	4	15080	卖盘
14:07:42	37.7	--	6	22620	卖盘
14:07:36	37.7	--	3	11310	卖盘
14:07:33	37.7	0.05	12	45240	买盘
14:07:30	37.65	-0.02	7	26355	卖盘
14:07:27	37.67	--	4	15068	卖盘
14:07:18	37.67	-0.03	8	30136	卖盘
14:07:15	37.7	--	7	26390	卖盘
14:07:12	37.7	--	11	41470	卖盘
14:07:09	37.7	--	15	56550	卖盘
14:06:57	37.7	0.07	17	64090	买盘
14:06:45	37.63	-0.02	6	22578	卖盘
14:06:36	37.65	-0.09	18	67770	卖盘
14:06:33	37.74	--	7	26418	卖盘
14:06:27	37.74	0.11	75	285616	买盘
14:06:24	37.63	-0.02	7	26341	卖盘
14:06:21	37.65	-0.06	5	18825	买盘
14:06:15	37.71	0.05	222	837162	买盘
14:06:12	37.66	0.01	14	52723	买盘
14:06:06	37.65	-0.01	3	11295	卖盘
14:06:03	37.66	0.01	7	26361	买盘
14:06:00	37.65	-0.01	8	30120	卖盘
14:05:57	37.66	--	3	11297	买盘
14:05:54	37.66	--	31	116745	卖盘
14:05:51	37.66	-0.03	6	22595	卖盘
14:05:45	37.69	0.04	15	56535	买盘
14:05:39	37.65	--	11	41415	卖盘
14:05:30	37.65	--	7	26355	卖盘
14:05:18	37.65	-0.01	6	22590	卖盘
14:05:06	37.66	-0.05	9	33894	卖盘
14:05:00	37.71	0.05	1	3771	买盘
14:04:54	37.66	-0.05	7	26361	卖盘
14:04:51	37.71	0.04	2	7542	买盘
14:04:45	37.67	--	6	22602	卖盘
14:04:33	37.67	-0.05	6	22602	卖盘
14:04:30	37.72	0.01	1	3772	买盘
14:04:24	37.71	-0.01	7	26397	中性盘
14:04:15	37.72	0.05	2	7544	买盘
14:04:12	37.67	--	7	26369	卖盘
14:04:00	37.67	--	5	18835	卖盘
14:03:48	37.67	0.02	7	26369	中性盘
14:03:39	37.65	-0.07	7	26355	卖盘
14:03:36	37.72	0.05	37	139564	买盘
14:03:27	37.67	0.03	5	18835	中性盘
14:03:15	37.64	-0.06	11	41404	中性盘
14:03:06	37.7	0.08	33	124410	买盘
14:02:57	37.62	--	10	37620	买盘
14:02:54	37.62	-0.06	8	30095	卖盘
14:02:51	37.68	0.06	2	7536	买盘
14:02:42	37.62	--	6	22572	卖盘
14:02:39	37.62	--	10	37620	买盘
14:02:36	37.62	0.02	4	15047	买盘
14:02:33	37.6	--	7	26320	卖盘
14:02:27	37.6	-0.02	5	18800	卖盘
14:02:21	37.62	--	6	22572	卖盘
14:02:18	37.62	0.02	5	18810	中性盘
14:02:09	37.6	--	6	22560	卖盘
14:02:00	37.6	--	9	33840	卖盘
14:01:48	37.6	--	7	26320	卖盘
14:01:42	37.6	-0.08	5	18800	卖盘
14:01:39	37.68	0.08	101	380568	买盘
14:01:36	37.6	--	6	22560	卖盘
14:01:27	37.6	--	14	52640	买盘
14:01:24	37.6	--	3	11280	卖盘
14:01:15	37.6	--	5	18800	卖盘
14:01:12	37.6	--	6	22560	卖盘
14:01:03	37.6	--	7	26320	卖盘
14:01:00	37.6	--	12	45120	买盘
14:00:57	37.6	0.02	3	11280	买盘
14:00:54	37.58	-0.02	6	22548	卖盘
14:00:48	37.6	0.02	5	18800	买盘
14:00:42	37.58	--	7	26306	卖盘
14:00:39	37.58	-0.02	1	3758	卖盘
14:00:36	37.6	0.02	49	184240	买盘
14:00:30	37.58	-0.02	19	71402	卖盘
14:00:27	37.6	-0.05	191	718160	卖盘
14:00:21	37.65	0.01	31	116715	买盘
14:00:09	37.64	0.03	1	3764	买盘
13:59:45	37.61	0.01	8	30088	买盘
13:59:42	37.6	--	14	52640	卖盘
13:59:21	37.6	0.02	40	150400	买盘
13:59:15	37.58	-0.02	4	15032	卖盘
13:59:09	37.6	0.03	11	41360	买盘
13:59:06	37.57	--	64	240448	卖盘
13:59:03	37.57	-0.01	10	37570	卖盘
13:59:00	37.58	--	10	37580	买盘
13:58:57	37.58	0.01	5	18790	买盘
13:58:48	37.57	0.02	58	217906	买盘
13:58:45	37.55	-0.02	10	37550	卖盘
13:58:39	37.57	0.02	5	18785	买盘
13:58:30	37.55	0.02	22	82610	买盘
13:58:27	37.53	-0.01	42	157626	卖盘
13:58:24	37.54	--	1	3754	中性盘
13:58:18	37.54	-0.01	40	150160	卖盘
13:58:12	37.55	--	21	78855	买盘
13:58:09	37.55	-0.03	13	48814	卖盘
13:58:06	37.58	0.01	6	22548	买盘
13:58:03	37.57	0.01	5	18785	卖盘
13:57:54	37.56	-0.03	30	112680	卖盘
13:57:48	37.59	-0.01	2	7518	中性盘
13:57:45	37.6	--	4	15040	买盘
13:57:42	37.6	--	1	3760	买盘
13:57:39	37.6	--	7	26320	卖盘
13:57:36	37.6	--	3	11280	卖盘
13:57:33	37.6	-0.01	33	124080	卖盘
13:57:30	37.61	--	108	406188	卖盘
13:57:27	37.61	--	5	18805	卖盘
13:57:24	37.61	--	14	52654	卖盘
13:57:15	37.61	--	13	48893	卖盘
13:57:12	37.61	-0.01	1	3761	卖盘
13:57:09	37.62	--	1	3761	买盘
13:57:03	37.62	--	3	11286	买盘
13:57:00	37.62	-0.02	58	218195	卖盘
13:56:57	37.64	--	5	18820	卖盘
13:56:51	37.64	-0.01	2	7528	卖盘
13:56:45	37.65	--	3	11295	卖盘
13:56:42	37.65	--	5	18825	卖盘
13:56:39	37.65	-0.01	1	3765	卖盘
13:56:24	37.66	--	4	15063	卖盘
13:56:06	37.66	0.02	11	41425	买盘
13:56:00	37.64	-0.04	22	82808	卖盘
13:55:48	37.68	--	2	7536	买盘
13:55:36	37.68	--	52	197141	卖盘
13:55:33	37.68	--	20	75360	卖盘
13:55:27	37.68	-0.01	10	37680	卖盘
13:55:24	37.69	0.01	2	7538	买盘
13:55:21	37.68	--	12	45216	卖盘
13:55:18	37.68	--	3	11304	卖盘
13:55:15	37.68	--	3	11304	卖盘
13:55:06	37.68	--	10	37680	卖盘
13:55:00	37.68	-0.02	40	150720	卖盘
13:54:57	37.7	--	3	11310	卖盘
13:54:54	37.7	--	3	13949	买盘
13:54:51	37.7	0.01	13	50141	买盘
13:54:48	37.69	--	10	37690	卖盘
13:54:39	37.69	--	10	37690	卖盘
13:54:33	37.69	--	31	116839	卖盘
13:54:27	37.69	-0.03	5	18845	卖盘
13:54:24	37.72	0.03	16	60352	买盘
13:54:21	37.69	-0.01	14	53519	卖盘
13:54:18	37.7	--	5	21866	卖盘
13:54:12	37.7	0.01	61	230724	买盘
13:54:09	37.69	-0.01	2	7538	卖盘
13:54:06	37.7	--	10	37700	买盘
13:54:03	37.7	--	8	30160	买盘
13:54:00	37.7	--	27	104806	卖盘
13:53:54	37.7	--	6	22620	卖盘
13:53:51	37.7	--	0	754	卖盘
13:53:42	37.7	--	2	7540	卖盘
13:53:36	37.7	-0.03	6	22620	卖盘
13:53:30	37.73	0.03	14	52821	买盘
13:53:27	37.7	--	30	113100	卖盘
13:53:24	37.7	--	7	26390	卖盘
13:53:18	37.7	--	4	15080	卖盘
13:53:15	37.7	--	9	33930	卖盘
13:53:12	37.7	--	6	22620	卖盘
13:53:09	37.7	--	29	109330	卖盘
13:53:06	37.7	--	51	192270	卖盘
13:53:03	37.7	--	22	82940	卖盘
13:53:00	37.7	-0.01	89	335530	卖盘
13:52:54	37.71	--	20	75420	卖盘
13:52:51	37.71	--	1	3771	卖盘
13:52:42	37.71	-0.01	310	1169010	卖盘
13:52:39	37.72	-0.01	6	22632	卖盘
13:52:36	37.73	--	3	11318	买盘
13:52:30	37.73	0.01	4	15091	买盘
13:52:24	37.72	--	10	37720	卖盘
13:52:06	37.72	-0.01	10	37720	卖盘
13:51:54	37.73	--	1	3772	卖盘
13:51:51	37.73	-0.02	10	37730	卖盘
13:51:48	37.75	0.02	15	56625	买盘
13:51:45	37.73	--	13	49048	卖盘
13:51:42	37.73	--	10	37730	卖盘
13:51:21	37.73	-0.02	22	83006	卖盘
13:51:18	37.75	--	13	49075	卖盘
13:51:15	37.75	--	6	22650	卖盘
13:51:06	37.75	0.02	8	30200	买盘
13:51:03	37.73	--	7	26410	卖盘
13:50:57	37.73	-0.03	10	37730	卖盘
13:50:51	37.76	0.03	1	3776	买盘
13:50:48	37.73	-0.03	200	754599	卖盘
13:50:42	37.76	0.01	100	377600	中性盘
13:50:33	37.75	--	25	94375	卖盘
13:50:30	37.75	--	1	3775	卖盘
13:50:27	37.75	0.01	2	7550	中性盘
13:50:24	37.74	--	1	3774	卖盘
13:50:21	37.74	--	15	56610	卖盘
13:50:18	37.74	--	3	11322	卖盘
13:50:12	37.74	-0.04	4	15096	卖盘
13:50:09	37.78	--	23	86894	中性盘
13:49:57	37.78	0.06	1	3778	买盘
13:49:42	37.72	-0.06	9	33948	卖盘
13:49:36	37.78	--	36	136008	卖盘
13:49:33	37.78	--	15	56670	卖盘
13:49:30	37.78	0.01	57	215346	买盘
13:49:24	37.77	0.05	4	15108	买盘
13:49:18	37.72	-0.05	14	52808	卖盘
13:49:15	37.77	--	43	162411	卖盘
13:49:12	37.77	-0.01	2	7554	卖盘
13:49:00	37.78	--	66	249348	卖盘
13:48:57	37.78	--	5	18890	卖盘
13:48:54	37.78	-0.04	2	7556	卖盘
13:48:48	37.82	--	1	3782	买盘
13:48:42	37.82	-0.03	6	22692	中性盘
13:48:36	37.85	0.02	306	1158474	买盘
13:48:33	37.83	--	27	102141	卖盘
13:48:27	37.83	-0.01	53	200499	卖盘
13:48:24	37.84	0.01	60	230559	买盘
13:48:21	37.83	-0.01	5	18915	卖盘
13:48:15	37.84	0.01	30	113520	中性盘
13:48:09	37.83	--	50	189150	卖盘
13:48:06	37.83	--	6	22698	卖盘
13:48:03	37.83	--	3	11349	卖盘
13:48:00	37.83	0.01	30	113490	买盘
13:47:54	37.82	--	24	90768	卖盘
13:47:51	37.82	--	1	3782	卖盘
13:47:42	37.82	-0.01	38	143716	卖盘
13:47:39	37.83	--	23	87009	卖盘
13:47:36	37.83	--	1	3783	卖盘
13:47:30	37.83	--	13	49179	卖盘
13:47:27	37.83	--	3	11349	买盘
13:47:24	37.83	0.01	70	264810	买盘
13:47:21	37.82	--	2	7564	卖盘
13:47:09	37.82	0.01	44	166408	买盘
13:47:06	37.81	-0.01	7	26467	卖盘
13:47:03	37.82	0.01	10	37820	买盘
13:47:00	37.81	--	8	30248	卖盘
13:46:54	37.81	-0.01	10	37810	卖盘
13:46:51	37.82	0.01	1	3782	买盘
13:46:48	37.81	--	2	7562	卖盘
13:46:45	37.81	-0.01	5	18905	卖盘
13:46:42	37.82	0.01	12	45384	买盘
13:46:27	37.81	-0.02	71	268451	卖盘
13:46:24	37.83	--	5	18915	买盘
13:46:21	37.83	0.01	100	378300	买盘
13:46:18	37.82	-0.01	1	3782	卖盘
13:46:06	37.83	0.01	19	71877	买盘
13:46:03	37.82	-0.01	2	7564	卖盘
13:46:00	37.83	0.01	13	49179	买盘
13:45:57	37.82	--	1	3782	卖盘
13:45:54	37.82	--	15	56730	卖盘
13:45:48	37.82	--	90	340380	买盘
13:45:45	37.82	--	1	3782	卖盘
13:45:39	37.82	-0.01	1	3782	卖盘
13:45:27	37.83	0.02	3	11349	买盘
13:45:21	37.81	-0.01	9	34029	卖盘
13:45:18	37.82	--	5	18910	卖盘
13:45:15	37.82	-0.01	13	49166	中性盘
13:45:09	37.83	0.01	10	37830	买盘
13:45:00	37.82	--	8	30256	卖盘
13:44:57	37.82	-0.01	5	18910	卖盘
13:44:45	37.83	--	3	11349	买盘
13:44:42	37.83	0.02	10	37830	买盘
13:44:39	37.81	--	5	18905	卖盘
13:44:30	37.81	-0.01	1	3781	卖盘
13:44:24	37.82	-0.01	6	22692	卖盘
13:44:12	37.83	0.02	2	7566	买盘
13:44:03	37.81	--	2	7562	卖盘
13:44:00	37.81	-0.02	6	22686	卖盘
13:43:51	37.83	0.03	17	64311	中性盘
13:43:33	37.8	-0.06	8	30239	卖盘
13:43:30	37.86	-0.03	35	132510	卖盘
13:43:27	37.89	--	8	30312	买盘
13:43:24	37.89	0.01	20	75780	买盘
13:43:21	37.88	-0.01	6	22728	卖盘
13:43:12	37.89	-0.01	5	18945	中性盘
13:43:06	37.9	--	70	265300	买盘
13:43:03	37.9	--	25	94750	买盘
13:43:00	37.9	0.05	132	500280	买盘
13:42:57	37.85	-0.05	32	121120	卖盘
13:42:54	37.9	0.05	174	659460	买盘
13:42:51	37.85	-0.03	2	7570	卖盘
13:42:48	37.88	0.03	35	132580	买盘
13:42:45	37.85	--	1	3785	卖盘
13:42:42	37.85	-0.02	25	94625	卖盘
13:42:39	37.87	0.07	123	466141	买盘
13:42:36	37.8	-0.02	2	7559	卖盘
13:42:33	37.82	-0.01	2	7564	中性盘
13:42:27	37.83	0.01	8	33706	买盘
13:42:24	37.82	--	5	18910	卖盘
13:42:21	37.82	--	25	94550	卖盘
13:42:18	37.82	-0.01	9	34038	卖盘
13:42:15	37.83	0.01	10	37830	买盘
13:42:09	37.82	0.02	90	340720	买盘
13:42:06	37.8	0.02	77	291060	买盘
13:42:03	37.78	--	7	26446	卖盘
13:41:57	37.78	-0.02	5	18890	卖盘
13:41:51	37.8	0.02	100	378000	买盘
13:41:48	37.78	0.01	4	15112	买盘
13:41:39	37.77	--	10	37770	卖盘
13:41:33	37.77	0.02	9	33993	买盘
13:41:27	37.75	--	10	37750	卖盘
13:41:24	37.75	0.02	1	3775	卖盘
13:41:21	37.73	--	3	11318	卖盘
13:41:15	37.73	0.02	1	3772	中性盘
13:40:54	37.71	--	51	192321	买盘
13:40:51	37.71	0.01	10	37710	买盘
13:40:48	37.7	-0.01	2	7540	卖盘
13:40:39	37.71	-0.07	40	150840	卖盘
13:40:27	37.78	0.08	2	7556	买盘
13:40:21	37.7	-0.1	1	3770	卖盘
13:40:15	37.8	0.1	196	740880	买盘
13:40:03	37.7	-0.08	260	980200	卖盘
13:39:54	37.78	0.05	78	294684	买盘
13:39:51	37.73	--	5	18865	卖盘
13:39:42	37.73	--	6	22637	卖盘
13:39:36	37.73	--	5	18865	卖盘
13:39:33	37.73	0.03	28	105643	买盘
13:39:30	37.7	--	1	3770	卖盘
13:39:27	37.7	0.01	2	7540	买盘
13:39:21	37.69	--	5	18845	卖盘
13:39:18	37.69	--	8	32036	买盘
13:39:03	37.69	-0.01	1	3769	买盘
13:38:57	37.7	--	0	1885	卖盘
13:38:54	37.7	0.02	3	13195	买盘
13:38:51	37.68	-0.02	200	753600	卖盘
13:38:45	37.7	--	4	16965	卖盘
13:38:42	37.7	-0.01	5	18850	卖盘
13:38:33	37.71	0.01	22	84847	买盘
13:38:30	37.7	--	5	18850	卖盘
13:38:27	37.7	--	5	18850	卖盘
13:38:21	37.7	-0.01	5	18850	卖盘
13:38:18	37.71	--	13	50908	卖盘
13:38:12	37.71	--	4	15084	卖盘
13:38:09	37.71	--	10	37710	卖盘
13:38:03	37.71	--	1	3771	卖盘
13:37:57	37.71	-0.02	10	37710	卖盘
13:37:51	37.73	--	3	11318	卖盘
13:37:48	37.73	--	9	33957	买盘
13:37:33	37.73	--	13	49048	卖盘
13:37:27	37.73	-0.02	1	3772	卖盘
13:37:24	37.75	--	2	7550	买盘
13:37:15	37.75	--	3	11325	卖盘
13:37:12	37.75	-0.01	1	3775	卖盘
13:37:03	37.76	--	4	15104	买盘
13:36:51	37.76	0.03	6	22656	买盘
13:36:45	37.73	0.02	1	3772	卖盘
13:36:42	37.71	-0.06	0	1885	卖盘
13:36:39	37.77	0.06	8	30216	买盘
13:36:36	37.71	--	6	22626	卖盘
13:36:33	37.71	--	12	45252	卖盘
13:36:30	37.71	--	10	37710	买盘
13:36:24	37.71	--	8	30168	买盘
13:36:21	37.71	--	28	105588	卖盘
13:36:12	37.71	--	5	18855	卖盘
13:36:09	37.71	--	2	7542	卖盘
13:36:06	37.71	0.01	44	165924	买盘
13:36:03	37.7	-0.01	28	106577	卖盘
13:35:54	37.71	0.01	10	37710	买盘
13:35:48	37.7	--	5	18850	卖盘
13:35:45	37.7	-0.01	20	75400	卖盘
13:35:36	37.71	-0.08	4	15084	卖盘
13:35:33	37.79	-0.01	22	83138	买盘
13:35:21	37.8	--	10	37800	买盘
13:35:18	37.8	--	20	75600	买盘
13:35:09	37.8	0.12	6	22680	中性盘
13:35:03	37.68	-0.13	1010	3805680	卖盘
13:35:00	37.81	-0.02	10	37810	卖盘
13:34:57	37.83	--	10	37830	卖盘
13:34:51	37.83	0.02	41	158810	买盘
13:34:48	37.81	-0.01	5	18905	卖盘
13:34:39	37.82	--	3	11421	卖盘
13:34:36	37.82	-0.01	2	11270	中性盘
13:34:33	37.83	0.01	19	71877	买盘
13:34:30	37.82	0.01	3	11346	买盘
13:34:27	37.81	--	7	26467	卖盘
13:34:24	37.81	--	8	30248	卖盘
13:34:21	37.81	--	15	56715	买盘
13:34:18	37.81	0.01	5	18905	买盘
13:34:15	37.8	--	39	147420	卖盘
13:34:12	37.8	--	7	26459	卖盘
13:34:06	37.8	--	80	302400	卖盘
13:34:03	37.8	--	1	3779	卖盘
13:34:00	37.8	--	18	68040	卖盘
13:33:54	37.8	--	91	343980	卖盘
13:33:48	37.8	--	1	3779	卖盘
13:33:45	37.8	0.11	239	903419	买盘
13:33:33	37.69	--	5	18845	卖盘
13:33:30	37.69	-0.01	3	11307	卖盘
13:33:27	37.7	0.01	4	15080	买盘
13:33:21	37.69	--	6	22614	卖盘
13:33:18	37.69	--	3	11307	卖盘
13:33:15	37.69	0.01	4	15076	卖盘
13:33:00	37.68	0.02	29	109272	买盘
13:32:57	37.66	--	20	75320	买盘
13:32:45	37.66	-0.04	39	146874	卖盘
13:32:39	37.7	0.02	32	120640	买盘
13:32:36	37.68	--	2	7536	买盘
13:32:33	37.68	--	2	7536	买盘
13:32:30	37.68	--	9	33912	买盘
13:32:27	37.68	--	14	52752	卖盘
13:32:21	37.68	-0.01	1	3768	卖盘
13:32:18	37.69	0.01	10	37690	买盘
13:32:12	37.68	0.03	5	18840	买盘
13:32:09	37.65	--	2	7530	卖盘
13:32:03	37.65	-0.03	1	3765	卖盘
13:32:00	37.68	--	4	15072	买盘
13:31:54	37.68	0.03	1	3768	买盘
13:31:48	37.65	--	1	3765	卖盘
13:31:39	37.65	--	20	75300	卖盘
13:31:36	37.65	--	23	86595	买盘
13:31:33	37.65	--	1	3765	买盘
13:31:27	37.65	0.01	9	33885	买盘
13:31:21	37.64	-0.01	3	11292	卖盘
13:31:18	37.65	--	4	15060	买盘
13:31:15	37.65	0.01	2	7530	中性盘
13:31:06	37.64	-0.05	50	188200	卖盘
13:30:57	37.69	0.04	107	403283	买盘
13:30:51	37.65	--	1	3765	卖盘
13:30:48	37.65	-0.04	2	7530	卖盘
13:30:42	37.69	0.05	5	18845	买盘
13:30:39	37.64	--	1	3764	卖盘
13:30:36	37.64	--	10	37640	卖盘
13:30:33	37.64	--	7	26348	卖盘
13:30:27	37.64	-0.01	4	15056	卖盘
13:30:21	37.65	--	14	52710	卖盘
13:30:12	37.65	-0.05	4	15060	卖盘
13:30:09	37.7	-0.01	40	150800	卖盘
13:30:03	37.71	-0.01	11	41481	卖盘
13:30:00	37.72	--	29	109388	买盘
13:29:54	37.72	--	2	7544	买盘
13:29:45	37.72	--	13	49036	卖盘
13:29:33	37.72	--	3	11316	卖盘
13:29:27	37.72	-0.01	16	60352	卖盘
13:29:24	37.73	0.01	1	3772	买盘
13:29:21	37.72	--	8	30176	卖盘
13:29:18	37.72	--	45	169740	卖盘
13:29:15	37.72	--	12	45264	卖盘
13:29:12	37.72	0.01	8	30176	买盘
13:29:09	37.71	-0.01	5	18855	卖盘
13:29:06	37.72	0.01	3	11316	买盘
13:29:03	37.71	--	1	3771	卖盘
13:28:57	37.71	0.01	11	41481	中性盘
13:28:48	37.7	-0.02	7	26390	卖盘
13:28:42	37.72	--	3	11316	卖盘
13:28:36	37.72	-0.02	6	22632	中性盘
13:28:30	37.74	0.02	6	22644	买盘
13:28:24	37.72	-0.01	6	22632	卖盘
13:28:15	37.73	-0.01	6	22637	卖盘
13:28:06	37.74	0.04	10	37740	卖盘
13:28:03	37.7	-0.01	147	554190	卖盘
13:27:57	37.71	-0.01	23	86733	卖盘
13:27:51	37.72	-0.03	8	30176	卖盘
13:27:48	37.75	0.03	12	45300	买盘
13:27:45	37.72	--	12	45264	买盘
13:27:42	37.72	--	16	60352	买盘
13:27:36	37.72	0.01	11	41492	买盘
13:27:33	37.71	-0.01	10	37710	卖盘
13:27:30	37.72	0.01	53	199916	买盘
13:27:27	37.71	--	17	64107	卖盘
13:27:24	37.71	--	8	30168	卖盘
13:27:21	37.71	--	9	33939	卖盘
13:27:18	37.71	-0.01	7	26397	中性盘
13:27:12	37.72	--	1	3772	买盘
13:27:06	37.72	-0.04	24	90528	卖盘
13:27:03	37.76	--	10	37760	买盘
13:26:57	37.76	-0.02	15	56640	卖盘
13:26:54	37.78	0.01	5	18890	买盘
13:26:48	37.77	--	17	64209	买盘
13:26:45	37.77	-0.03	54	203958	卖盘
13:26:42	37.8	--	6	22680	卖盘
13:26:39	37.8	--	1	3779	卖盘
13:26:36	37.8	--	15	56699	买盘
13:26:33	37.8	--	5	18900	买盘
13:26:30	37.8	--	15	56699	卖盘
13:26:27	37.8	--	16	60479	卖盘
13:26:24	37.8	--	14	52919	卖盘
13:26:21	37.8	--	6	22680	卖盘
13:26:18	37.8	--	53	200339	买盘
13:26:15	37.8	0.02	10	37800	买盘
13:26:12	37.78	-0.02	19	71782	中性盘
13:26:09	37.8	--	14	52919	买盘
13:26:06	37.8	--	3	11340	中性盘
13:26:03	37.8	-0.01	64	241919	买盘
13:26:00	37.81	0.02	101	381881	买盘
13:25:57	37.79	-0.03	53	200287	卖盘
13:25:54	37.82	0.02	32	121024	买盘
13:25:51	37.8	-0.02	29	109619	卖盘
13:25:48	37.82	0.01	28	105896	买盘
13:25:45	37.81	-0.01	23	86963	中性盘
13:25:42	37.82	0.02	26	98332	买盘
13:25:39	37.8	-0.03	15	56699	卖盘
13:25:36	37.83	--	6	22698	买盘
13:25:33	37.83	0.02	2	7566	买盘
13:25:30	37.81	--	19	71839	卖盘
13:25:27	37.81	-0.02	4	15124	卖盘
13:25:24	37.83	0.04	19	71877	买盘
13:25:21	37.79	-0.01	5	18895	买盘
13:25:18	37.8	--	49	185220	买盘
13:25:15	37.8	0.01	84	317520	买盘
13:25:12	37.79	0.02	71	268309	买盘
13:25:09	37.77	0.01	41	154857	买盘
13:25:06	37.76	--	6	22656	中性盘
13:25:00	37.76	--	5	18880	买盘
13:24:57	37.76	0.01	20	75520	买盘
13:24:51	37.75	0.02	2	7550	买盘
13:24:48	37.73	0.06	103	388618	买盘
13:24:45	37.67	-0.03	39	146913	卖盘
13:24:42	37.7	--	7	26390	买盘
13:24:39	37.7	0.03	90	339300	买盘
13:24:33	37.67	0.06	66	248622	买盘
13:24:30	37.61	--	7	26327	卖盘
13:24:27	37.61	--	3	11283	卖盘
13:24:24	37.61	-0.01	42	157962	卖盘
13:24:21	37.62	0.02	63	237005	买盘
13:24:15	37.6	--	1	3760	卖盘
13:24:12	37.6	--	10	37600	卖盘
13:24:09	37.6	0.06	146	548960	买盘
13:24:06	37.54	--	1	3754	买盘
13:24:03	37.54	--	21	78834	卖盘
13:24:00	37.54	-0.03	6	22524	卖盘
13:23:57	37.57	0.02	53	199121	买盘
13:23:54	37.55	0.01	4	15019	买盘
13:23:51	37.54	--	18	67572	卖盘
13:23:48	37.54	--	12	45048	卖盘
13:23:45	37.54	--	13	48802	卖盘
13:23:39	37.54	--	7	26278	卖盘
13:23:36	37.54	--	4	15016	卖盘
13:23:30	37.54	0.02	56	210224	买盘
13:23:27	37.52	-0.01	6	22512	卖盘
13:23:18	37.53	-0.02	6	22518	卖盘
13:23:15	37.55	0.02	1	3754	买盘
13:23:12	37.53	0.01	2	7506	买盘
13:23:09	37.52	-0.01	25	93800	卖盘
13:23:06	37.53	--	27	101331	卖盘
13:23:00	37.53	--	8	30024	卖盘
13:22:54	37.53	--	35	131355	卖盘
13:22:45	37.53	-0.02	11	41283	卖盘
13:22:42	37.55	0.01	19	71345	中性盘
13:22:33	37.54	--	7	26278	卖盘
13:22:30	37.54	-0.02	5	18770	卖盘
13:22:27	37.56	--	12	45072	卖盘
13:22:21	37.56	--	6	22536	卖盘
13:22:18	37.56	--	6	22536	卖盘
13:22:12	37.56	--	6	22536	卖盘
13:22:09	37.56	0.02	51	191556	买盘
13:22:03	37.54	--	36	135144	卖盘
13:22:00	37.54	-0.04	7	26278	卖盘
13:21:51	37.58	0.05	4	15032	买盘
13:21:48	37.53	-0.05	6	22518	卖盘
13:21:42	37.58	--	5	18790	买盘
13:21:39	37.58	--	23	86434	买盘
13:21:36	37.58	0.02	5	18790	买盘
13:21:27	37.56	-0.04	7	26292	卖盘
13:21:18	37.6	0.04	5	18800	买盘
13:21:15	37.56	-0.02	6	22536	卖盘
13:21:06	37.58	-0.02	7	26306	卖盘
13:21:03	37.6	--	3	11280	买盘
13:21:00	37.6	0.01	9	33840	买盘
13:20:57	37.59	--	5	18795	卖盘
13:20:54	37.59	-0.04	6	22554	卖盘
13:20:48	37.63	0.02	40	150520	买盘
13:20:42	37.61	--	6	22566	卖盘
13:20:36	37.61	--	10	37610	买盘
13:20:30	37.61	-0.02	53	199333	卖盘
13:20:27	37.63	--	448	1685824	买盘
13:20:24	37.63	0.01	40	150520	买盘
13:20:21	37.62	--	7	26334	卖盘
13:20:18	37.62	-0.02	81	304722	卖盘
13:20:15	37.64	--	50	188200	买盘
13:20:12	37.64	0.01	31	116684	买盘
13:20:09	37.63	--	11	41393	卖盘
13:20:06	37.63	0.01	87	327381	买盘
13:20:03	37.62	--	5	18810	卖盘
13:20:00	37.62	--	6	22572	卖盘
13:19:57	37.62	-0.01	13	48906	卖盘
13:19:54	37.63	-0.02	1	3763	中性盘
13:19:51	37.65	--	3	11295	买盘
13:19:48	37.65	0.01	40	150600	买盘
13:19:45	37.64	--	1	3764	买盘
13:19:42	37.64	--	8	30112	买盘
13:19:39	37.64	0.03	21	79044	买盘
13:19:36	37.61	-0.02	10	37610	卖盘
13:19:33	37.63	0.03	39	146757	买盘
13:19:27	37.6	-0.03	32	120320	卖盘
13:19:24	37.63	0.03	3	11289	买盘
13:19:21	37.6	--	10	37600	卖盘
13:19:18	37.6	--	42	157920	买盘
13:19:15	37.6	--	29	109040	买盘
13:19:06	37.6	0.02	5	18800	买盘
13:19:03	37.58	-0.02	6	22548	中性盘
13:19:00	37.6	0.02	211	793360	买盘
13:18:57	37.58	0.02	23	86434	买盘
13:18:54	37.56	0.06	412	1547472	买盘
13:18:51	37.5	--	26	97500	卖盘
13:18:48	37.5	--	10	37500	卖盘
13:18:45	37.5	--	2	7500	卖盘
13:18:42	37.5	--	6	22500	卖盘
13:18:36	37.5	--	3	11250	卖盘
13:18:33	37.5	--	100	375000	卖盘
13:18:30	37.5	0.07	228	855000	买盘
13:18:27	37.43	-0.01	23	86089	卖盘
13:18:21	37.44	--	18	67392	卖盘
13:18:18	37.44	-0.01	1	3744	卖盘
13:18:15	37.45	0.01	10	37450	买盘
13:18:09	37.44	0.01	16	59904	买盘
13:18:06	37.43	--	10	37430	卖盘
13:18:00	37.43	-0.02	64	239552	卖盘
13:17:57	37.45	0.02	13	48685	买盘
13:17:54	37.43	-0.01	2	7486	卖盘
13:17:51	37.44	--	25	93600	买盘
13:17:48	37.44	--	12	44928	买盘
13:17:42	37.44	--	6	22464	买盘
13:17:36	37.44	--	20	74880	卖盘
13:17:33	37.44	--	25	93600	卖盘
13:17:30	37.44	--	20	74880	卖盘
13:17:27	37.44	--	6	22464	卖盘
13:17:24	37.44	--	8	29952	卖盘
13:17:15	37.44	--	1	3744	卖盘
13:17:12	37.44	--	24	89856	卖盘
13:17:09	37.44	-0.01	4	14976	中性盘
13:17:03	37.45	0.01	48	179760	买盘
13:17:00	37.44	-0.01	2	7488	卖盘
13:16:57	37.45	0.01	11	41195	买盘
13:16:51	37.44	-0.01	13	48672	卖盘
13:16:39	37.45	0.02	11	41195	中性盘
13:16:30	37.43	-0.05	7	26201	卖盘
13:16:27	37.48	0.05	3	11243	买盘
13:16:21	37.43	-0.01	85	318155	卖盘
13:16:18	37.44	--	7	26208	卖盘
13:16:09	37.44	--	0	37	卖盘
13:16:06	37.44	-0.04	7	26208	卖盘
13:16:00	37.48	0.05	25	93699	买盘
13:15:57	37.43	-0.01	9	33687	卖盘
13:15:54	37.44	--	7	26208	买盘
13:15:51	37.44	--	2	7488	买盘
13:15:48	37.44	--	18	67392	卖盘
13:15:45	37.44	-0.04	14	52416	卖盘
13:15:36	37.48	0.05	7	26235	买盘
13:15:33	37.43	-0.02	6	22458	卖盘
13:15:27	37.45	-0.03	14	52430	卖盘
13:15:24	37.48	0.03	8	29983	买盘
13:15:21	37.45	--	4	14980	卖盘
13:15:18	37.45	0.01	311	1164695	买盘
13:15:12	37.44	-0.01	14	52416	卖盘
13:15:09	37.45	--	4	14980	买盘
13:15:06	37.45	--	5	18725	买盘
13:15:00	37.45	-0.01	102	381990	卖盘
13:14:51	37.46	--	8	29968	卖盘
13:14:48	37.46	-0.03	1	3746	卖盘
13:14:45	37.49	0.03	1	3749	买盘
13:14:42	37.46	0.01	7	26222	中性盘
13:14:39	37.45	-0.04	7	26215	卖盘
13:14:36	37.49	0.03	38	142462	买盘
13:14:33	37.46	--	4	14984	卖盘
13:14:27	37.46	-0.02	6	22476	卖盘
13:14:18	37.48	-0.02	9	33732	中性盘
13:14:15	37.5	0.05	53	198750	买盘
13:14:06	37.45	-0.03	43	161035	卖盘
13:14:03	37.48	--	6	22487	买盘
13:14:00	37.48	0.03	40	149920	买盘
13:13:57	37.45	-0.02	204	763980	卖盘
13:13:54	37.47	-0.01	57	213579	卖盘
13:13:51	37.48	--	2	7495	买盘
13:13:45	37.48	--	12	44975	买盘
13:13:42	37.48	-0.02	1	3747	卖盘
13:13:36	37.5	--	21	78750	卖盘
13:13:33	37.5	--	8	30000	买盘
13:13:27	37.5	0.01	56	210000	买盘
13:13:24	37.49	--	30	112470	卖盘
13:13:21	37.49	-0.01	7	26243	卖盘
13:13:18	37.5	-0.01	6	22500	卖盘
13:13:15	37.51	0.01	2	7502	买盘
13:13:12	37.5	0.01	6	22500	中性盘
13:13:00	37.49	-0.03	10	37490	卖盘
13:12:57	37.52	0.03	5	18760	买盘
13:12:51	37.49	-0.02	35	131215	卖盘
13:12:48	37.51	-0.01	11	41261	卖盘
13:12:45	37.52	0.01	5	18760	买盘
13:12:42	37.51	-0.01	5	18755	卖盘
13:12:39	37.52	--	11	41272	买盘
13:12:30	37.52	0.02	50	187600	买盘
13:12:27	37.5	-0.03	7	26250	卖盘
13:12:21	37.53	--	14	52542	买盘
13:12:18	37.53	0.02	3	11259	买盘
13:12:15	37.51	-0.02	7	26257	中性盘
13:12:12	37.53	0.02	61	228933	买盘
13:12:06	37.51	--	7	26257	卖盘
13:12:03	37.51	-0.02	6	22506	卖盘
13:12:00	37.53	0.01	14	52542	买盘
13:11:57	37.52	0.01	7	26264	买盘
13:11:54	37.51	-0.02	49	183799	卖盘
13:11:51	37.53	--	6	22518	买盘
13:11:48	37.53	0.02	1	3753	中性盘
13:11:42	37.51	-0.02	8	30008	卖盘
13:11:33	37.53	-0.01	9	33777	卖盘
13:11:30	37.54	--	13	48802	卖盘
13:11:21	37.54	--	6	22524	卖盘
13:11:18	37.54	0.04	62	232748	买盘
13:11:12	37.5	--	2	7500	卖盘
13:11:09	37.5	--	7	26250	卖盘
13:11:06	37.5	--	2	7500	买盘
13:11:03	37.5	0.01	49	183750	买盘
13:11:00	37.49	-0.01	24	89976	卖盘
13:10:57	37.5	0.01	5	18750	买盘
13:10:51	37.49	--	20	74980	卖盘
13:10:48	37.49	--	10	37490	卖盘
13:10:42	37.49	0.01	10	37490	买盘
13:10:39	37.48	0.01	7	26235	买盘
13:10:36	37.47	-0.01	6	22482	卖盘
13:10:33	37.48	-0.01	68	254863	卖盘
13:10:30	37.49	0.01	36	134964	买盘
13:10:27	37.48	--	7	26235	卖盘
13:10:24	37.48	--	5	18740	卖盘
13:10:21	37.48	--	12	44975	卖盘
13:10:15	37.48	0.01	431	1615387	买盘
13:10:12	37.47	0.01	26	97422	中性盘
13:10:03	37.46	-0.02	13	48698	卖盘
13:10:00	37.48	--	10	37480	买盘
13:09:57	37.48	0.01	11	41228	买盘
13:09:54	37.47	0.01	15	56205	中性盘
13:09:51	37.46	-0.02	55	206030	卖盘
13:09:48	37.48	--	76	284848	买盘
13:09:45	37.48	--	70	262360	卖盘
13:09:42	37.48	-0.01	6	22487	卖盘
13:09:39	37.49	--	8	29992	买盘
13:09:36	37.49	0.01	32	119968	买盘
13:09:30	37.48	-0.02	26	97447	卖盘
13:09:24	37.5	--	20	75000	买盘
13:09:21	37.5	0.02	16	60000	买盘
13:09:18	37.48	-0.02	1	3747	卖盘
13:09:15	37.5	0.02	10	37500	买盘
13:09:12	37.48	--	5	18740	卖盘
13:09:09	37.48	-0.02	7	26235	卖盘
13:09:06	37.5	0.02	20	75000	买盘
13:08:57	37.48	-0.02	7	26235	卖盘
13:08:54	37.5	--	5	18750	买盘
13:08:51	37.5	0.02	13	48750	买盘
13:08:48	37.48	--	8	29983	卖盘
13:08:45	37.48	--	2	7495	卖盘
13:08:36	37.48	--	6	22487	卖盘
13:08:33	37.48	0.01	74	277352	买盘
13:08:30	37.47	--	51	191097	卖盘
13:08:24	37.47	0.01	11	41217	中性盘
13:08:15	37.46	-0.02	6	22476	卖盘
13:08:12	37.48	0.01	43	161164	买盘
13:08:06	37.47	-0.01	2	7494	卖盘
13:08:03	37.48	0.01	17	63715	买盘
13:08:00	37.47	--	66	247302	卖盘
13:07:54	37.47	--	5	18735	卖盘
13:07:51	37.47	-0.01	16	59952	卖盘
13:07:48	37.48	--	10	37480	买盘
13:07:45	37.48	--	42	157416	卖盘
13:07:42	37.48	-0.02	7	26235	卖盘
13:07:39	37.5	0.02	2	7500	买盘
13:07:30	37.48	-0.02	31	116187	卖盘
13:07:24	37.5	0.02	14	52500	买盘
13:07:18	37.48	-0.02	10	37480	卖盘
13:07:15	37.5	--	69	258750	买盘
13:07:09	37.5	--	26	97500	买盘
13:07:03	37.5	--	4	15000	卖盘
13:07:00	37.5	0.02	2	7500	中性盘
13:06:57	37.48	-0.02	16	59967	卖盘
13:06:54	37.5	--	4	15000	卖盘
13:06:51	37.5	--	65	243750	卖盘
13:06:45	37.5	-0.02	6	22500	卖盘
13:06:39	37.52	0.02	1	3752	买盘
13:06:36	37.5	--	7	26250	卖盘
13:06:33	37.5	--	6	22500	卖盘
13:06:24	37.5	--	6	22500	卖盘
13:06:15	37.5	--	5	18750	卖盘
13:06:12	37.5	-0.04	6	22500	卖盘
13:06:03	37.54	--	30	112620	买盘
13:05:57	37.54	0.07	20	75080	买盘
13:05:51	37.47	-0.07	7	26229	卖盘
13:05:42	37.54	0.07	10	37540	买盘
13:05:39	37.47	-0.06	97	363459	卖盘
13:05:30	37.53	--	7	26271	卖盘
13:05:24	37.53	--	13	48789	卖盘
13:05:18	37.53	--	9	33777	卖盘
13:05:15	37.53	0.06	54	202662	买盘
13:05:12	37.47	-0.03	12	44964	中性盘
13:05:09	37.5	0.04	7	26250	买盘
13:05:06	37.46	--	42	157332	卖盘
13:05:03	37.46	-0.01	4	14984	卖盘
13:05:00	37.47	--	2	7494	买盘
13:04:57	37.47	-0.03	23	86181	卖盘
13:04:54	37.5	--	6	22500	买盘
13:04:51	37.5	0.02	1	3750	买盘
13:04:48	37.48	--	5	18740	卖盘
13:04:45	37.48	--	7	26235	卖盘
13:04:39	37.48	-0.02	9	33732	卖盘
13:04:36	37.5	0.02	17	63750	买盘
13:04:33	37.48	-0.02	7	26235	卖盘
13:04:30	37.5	-0.02	6	22500	卖盘
13:04:27	37.52	-0.01	2	7504	买盘
13:04:24	37.53	--	29	108837	买盘
13:04:21	37.53	0.01	8	30024	买盘
13:04:15	37.52	0.04	13	48776	中性盘
13:04:12	37.48	-0.05	7	26235	卖盘
13:04:06	37.53	0.03	19	74722	卖盘
13:04:00	37.5	--	57	213750	卖盘
13:03:54	37.5	--	230	862500	卖盘
13:03:51	37.5	-0.02	27	101250	卖盘
13:03:45	37.52	--	2	7504	买盘
13:03:42	37.52	0.02	2	7504	买盘
13:03:39	37.5	-0.02	107	401250	卖盘
13:03:27	37.52	-0.04	17	63784	卖盘
13:03:21	37.56	--	23	86388	卖盘
13:03:18	37.56	--	27	101412	卖盘
13:03:15	37.56	-0.01	57	214092	卖盘
13:03:12	37.57	--	1	3757	买盘
13:03:09	37.57	0.01	16	60112	买盘
13:03:06	37.56	-0.01	17	63852	卖盘
13:03:03	37.57	--	23	86411	买盘
13:02:57	37.57	0.01	54	202878	买盘
13:02:54	37.56	--	9	33804	卖盘
13:02:51	37.56	--	11	41316	卖盘
13:02:48	37.56	--	33	123948	卖盘
13:02:45	37.56	--	6	22536	卖盘
13:02:42	37.56	--	13	48828	卖盘
13:02:33	37.56	-0.02	7	26292	卖盘
13:02:27	37.58	--	17	63886	买盘
13:02:21	37.58	0.02	13	48854	买盘
13:02:18	37.56	--	20	75120	卖盘
13:02:15	37.56	-0.02	20	75120	卖盘
13:02:12	37.58	0.02	24	90192	买盘
13:02:09	37.56	-0.02	3	11268	卖盘
13:02:06	37.58	--	10	37580	买盘
13:02:03	37.58	0.02	4	15032	买盘
13:02:00	37.56	-0.03	7	26292	卖盘
13:01:51	37.59	0.02	4	15036	买盘
13:01:48	37.57	-0.02	49	184093	卖盘
13:01:39	37.59	0.01	10	37590	买盘
13:01:36	37.58	0.02	15	56370	买盘
13:01:33	37.56	--	15	56340	卖盘
13:01:30	37.56	--	3	11268	卖盘
13:01:27	37.56	-0.02	52	195312	卖盘
13:01:24	37.58	--	5	18790	买盘
13:01:21	37.58	0.02	3	11274	买盘
13:01:15	37.56	-0.02	7	26292	卖盘
13:01:09	37.58	0.02	38	142804	买盘
13:01:06	37.56	0.02	324	1216944	买盘
13:01:03	37.54	--	5	18770	买盘
13:01:00	37.54	--	4	15016	买盘
13:00:57	37.54	-0.01	110	412940	卖盘
13:00:54	37.55	--	54	202769	买盘
13:00:51	37.55	--	15	56324	买盘
13:00:48	37.55	--	22	82610	买盘
13:00:45	37.55	0.01	10	37550	买盘
13:00:42	37.54	-0.01	7	26278	卖盘
13:00:39	37.55	0.01	4	15019	买盘
13:00:33	37.54	--	32	120128	买盘
13:00:30	37.54	0.04	3	11262	买盘
13:00:27	37.5	-0.04	20	75000	卖盘
13:00:24	37.54	0.03	26	97604	买盘
13:00:21	37.51	-0.01	56	210056	中性盘
13:00:15	37.52	0.02	1	3752	买盘
13:00:12	37.5	--	24	90000	卖盘
13:00:09	37.5	--	19	71587	卖盘
13:00:06	37.5	--	57	213750	卖盘
13:00:03	37.5	0.06	204	765000	买盘
13:00:00	37.44	--	3	11232	买盘
11:30:00	37.44	-0.01	10	37440	卖盘
11:29:51	37.45	--	2	7490	买盘
11:29:48	37.45	-0.03	30	112350	卖盘
11:29:45	37.48	--	2	7495	卖盘
11:29:42	37.48	--	3	11243	卖盘
11:29:36	37.48	--	6	22487	卖盘
11:29:33	37.48	0.02	16	59967	买盘
11:29:30	37.46	0.03	8	29968	买盘
11:29:27	37.43	-0.05	6	22458	卖盘
11:29:18	37.48	0.04	4	14991	买盘
11:29:15	37.44	-0.05	6	22464	卖盘
11:29:09	37.49	--	28	104972	买盘
11:29:06	37.49	0.06	8	29992	买盘
11:29:03	37.43	-0.06	7	26201	卖盘
11:28:57	37.49	--	3	11247	买盘
11:28:54	37.49	--	10	37490	买盘
11:28:48	37.49	0.06	51	191199	买盘
11:28:45	37.43	--	40	149720	卖盘
11:28:42	37.43	-0.07	6	22458	卖盘
11:28:39	37.5	0.02	60	225000	买盘
11:28:33	37.48	0.06	8	29983	中性盘
11:28:30	37.42	-0.08	14	52388	卖盘
11:28:27	37.5	0.07	2	7500	买盘
11:28:18	37.43	-0.06	8	29944	卖盘
11:28:15	37.49	0.06	4	14996	中性盘
11:28:12	37.43	-0.07	5	18715	卖盘
11:28:09	37.5	0.07	17	63750	买盘
11:28:06	37.43	--	35	131005	卖盘
11:27:57	37.43	0.01	7	26201	中性盘
11:27:45	37.42	-0.08	26	97292	卖盘
11:27:42	37.5	0.08	50	187500	买盘
11:27:36	37.42	-0.06	7	26194	卖盘
11:27:30	37.48	0.06	10	37480	买盘
11:27:24	37.42	-0.03	19	71098	卖盘
11:27:21	37.45	--	3	11235	买盘
11:27:18	37.45	--	12	44940	卖盘
11:27:12	37.45	-0.05	6	22470	卖盘
11:27:09	37.5	0.01	5	18750	买盘
11:27:06	37.49	0.04	10	37490	买盘
11:27:03	37.45	--	14	52430	卖盘
11:26:57	37.45	--	5	18725	卖盘
11:26:54	37.45	--	6	22470	卖盘
11:26:51	37.45	-0.04	6	22470	卖盘
11:26:48	37.49	0.04	18	67482	买盘
11:26:45	37.45	-0.03	29	108605	卖盘
11:26:42	37.48	0.03	1	3747	买盘
11:26:39	37.45	-0.03	6	22470	卖盘
11:26:36	37.48	0.03	4	14991	买盘
11:26:30	37.45	--	7	26215	卖盘
11:26:27	37.45	0.03	46	172270	买盘
11:26:24	37.42	-0.01	12	44904	中性盘
11:26:21	37.43	0.01	4	14972	买盘
11:26:18	37.42	-0.01	7	26194	卖盘
11:26:15	37.43	0.01	1	3743	买盘
11:26:12	37.42	0.02	3	11226	中性盘
11:26:06	37.4	--	9	33660	卖盘
11:25:57	37.4	--	7	26180	卖盘
11:25:51	37.4	--	25	93500	卖盘
11:25:45	37.4	0.01	7	26180	卖盘
11:25:39	37.39	--	11	41129	买盘
11:25:36	37.39	--	11	41129	卖盘
11:25:33	37.39	-0.01	7	26173	卖盘
11:25:30	37.4	0.02	7	26180	买盘
11:25:24	37.38	--	6	22428	卖盘
11:25:18	37.38	--	2	7476	卖盘
11:25:15	37.38	0.02	18	67284	买盘
11:25:12	37.36	-0.02	11	41096	卖盘
11:25:09	37.38	0.01	5	18690	买盘
11:25:00	37.37	-0.01	7	26159	卖盘
11:24:57	37.38	--	66	246708	买盘
11:24:54	37.38	0.01	94	351372	买盘
11:24:51	37.37	--	26	97162	卖盘
11:24:42	37.37	-0.01	5	18685	卖盘
11:24:39	37.38	--	37	138306	买盘
11:24:30	37.38	-0.01	21	78498	卖盘
11:24:27	37.39	0.01	6	22434	中性盘
11:24:18	37.38	--	7	26166	卖盘
11:24:06	37.38	-0.1	6	22428	卖盘
11:24:03	37.48	0.1	60	224879	买盘
11:23:54	37.38	-0.07	41	153258	卖盘
11:23:51	37.45	--	2	7490	卖盘
11:23:45	37.45	-0.03	7	26215	卖盘
11:23:36	37.48	--	20	74960	卖盘
11:23:33	37.48	--	9	33732	卖盘
11:23:30	37.48	--	11	41228	卖盘
11:23:27	37.48	--	5	18740	卖盘
11:23:21	37.48	--	6	22487	卖盘
11:23:18	37.48	-0.01	2	7495	卖盘
11:23:15	37.49	0.01	10	37490	买盘
11:23:12	37.48	-0.01	6	22487	卖盘
11:23:09	37.49	--	10	37490	卖盘
11:23:06	37.49	--	4	14996	卖盘
11:23:00	37.49	0.01	76	284924	买盘
11:22:57	37.48	0.11	1	3747	中性盘
11:22:48	37.37	-0.12	7	26159	卖盘
11:22:45	37.49	0.12	3	11247	买盘
11:22:39	37.37	-0.13	6	22422	卖盘
11:22:36	37.5	0.14	10	37500	买盘
11:22:27	37.36	-0.14	7	26152	中性盘
11:22:18	37.5	0.16	2	7500	中性盘
11:22:15	37.34	-0.17	7	26138	卖盘
11:22:12	37.51	0.01	5	18755	买盘
11:22:06	37.5	--	62	232500	买盘
11:22:03	37.5	--	91	341250	卖盘
11:22:00	37.5	--	5	18750	卖盘
11:21:57	37.5	--	80	300000	卖盘
11:21:54	37.5	--	20	75000	卖盘
11:21:51	37.5	--	10	37500	卖盘
11:21:48	37.5	0.12	336	1260000	买盘
11:21:42	37.38	0.03	16	59808	买盘
11:21:39	37.35	-0.01	10	37350	卖盘
11:21:36	37.36	0.01	1	3736	买盘
11:21:33	37.35	--	19	70965	卖盘
11:21:27	37.35	0.01	111	414585	买盘
11:21:24	37.34	--	2	7468	卖盘
11:21:21	37.34	--	6	22404	卖盘
11:21:18	37.34	--	33	123222	买盘
11:21:12	37.34	0.03	68	253912	买盘
11:21:09	37.31	-0.03	8	29848	卖盘
11:21:06	37.34	0.01	2	7468	买盘
11:21:03	37.33	0.03	17	63461	买盘
11:21:00	37.3	-0.03	6	22380	卖盘
11:20:54	37.33	0.03	3	11199	买盘
11:20:48	37.3	-0.02	6	22380	卖盘
11:20:45	37.32	0.02	6	22392	买盘
11:20:42	37.3	0.02	80	298400	买盘
11:20:39	37.28	0.01	36	134208	买盘
11:20:36	37.27	--	10	37270	卖盘
11:20:27	37.27	-0.03	10	37270	卖盘
11:20:18	37.3	0.03	25	93250	买盘
11:20:15	37.27	-0.03	6	22362	中性盘
11:20:12	37.3	0.04	2	7459	买盘
11:20:03	37.26	-0.04	8	29808	中性盘
11:19:57	37.3	0.05	1	3729	买盘
11:19:54	37.25	0.01	7	26075	卖盘
11:19:51	37.24	-0.06	15	55860	卖盘
11:19:48	37.3	0.06	2	7459	买盘
11:19:42	37.24	-0.01	9	33516	卖盘
11:19:39	37.25	--	17	63325	买盘
11:19:36	37.25	0.01	5	18625	买盘
11:19:30	37.24	--	9	33516	卖盘
11:19:21	37.24	-0.01	7	26068	卖盘
11:19:18	37.25	0.01	16	59600	卖盘
11:19:09	37.24	-0.03	7	26068	中性盘
11:19:06	37.27	0.02	2	7454	买盘
11:19:03	37.25	--	5	18625	卖盘
11:18:57	37.25	0.02	12	44700	卖盘
11:18:48	37.23	--	39	145197	卖盘
11:18:45	37.23	0.01	3	11168	中性盘
11:18:36	37.22	-0.03	10	37220	卖盘
11:18:33	37.25	--	5	18625	买盘
11:18:30	37.25	0.02	1	3725	买盘
11:18:27	37.23	--	17	63290	卖盘
11:18:24	37.23	--	7	26060	卖盘
11:18:15	37.23	-0.01	7	26060	卖盘
11:18:12	37.24	-0.01	3	11172	中性盘
11:18:03	37.25	0.03	17	63325	买盘
11:17:51	37.22	-0.02	31	115382	卖盘
11:17:42	37.24	0.02	9	33516	买盘
11:17:39	37.22	-0.01	50	186100	卖盘
11:17:36	37.23	-0.01	1	3722	卖盘
11:17:33	37.24	0.01	10	37240	买盘
11:17:30	37.23	--	9	33507	买盘
11:17:21	37.23	--	13	48398	买盘
11:17:18	37.23	--	8	29783	买盘
11:17:12	37.23	0.01	20	74460	买盘
11:17:09	37.22	--	6	22332	卖盘
11:16:57	37.22	0.01	21	78162	中性盘
11:16:45	37.21	-0.03	7	26047	卖盘
11:16:42	37.24	0.03	5	18620	买盘
11:16:36	37.21	--	6	22326	卖盘
11:16:33	37.21	--	18	66978	卖盘
11:16:24	37.21	0.01	19	70699	买盘
11:16:21	37.2	0.01	5	18600	卖盘
11:16:12	37.19	-0.04	7	26033	卖盘
11:16:06	37.23	0.03	2	7445	买盘
11:16:03	37.2	-0.03	10	37200	卖盘
11:15:57	37.23	--	2	7445	买盘
11:15:54	37.23	--	10	37230	买盘
11:15:51	37.23	0.04	14	52121	卖盘
11:15:45	37.19	-0.04	50	185950	卖盘
11:15:42	37.23	0.04	12	44675	买盘
11:15:39	37.19	-0.02	7	26033	卖盘
11:15:36	37.21	0.03	16	59536	中性盘
11:15:27	37.18	-0.04	133	494494	卖盘
11:15:21	37.22	0.01	5	18610	买盘
11:15:18	37.21	-0.02	7	26047	卖盘
11:15:09	37.23	0.01	13	48398	买盘
11:15:06	37.22	-0.01	6	22332	卖盘
11:15:03	37.23	--	2	7445	卖盘
11:14:57	37.23	--	6	22337	卖盘
11:14:54	37.23	-0.01	52	193595	卖盘
11:14:48	37.24	--	17	63308	买盘
11:14:45	37.24	--	11	40964	买盘
11:14:36	37.24	0.01	14	52136	买盘
11:14:33	37.23	-0.01	7	26060	卖盘
11:14:30	37.24	--	6	22344	买盘
11:14:27	37.24	--	1	3724	买盘
11:14:21	37.24	-0.02	79	294196	卖盘
11:14:15	37.26	--	3	11178	买盘
11:14:09	37.26	--	7	26082	卖盘
11:14:00	37.26	-0.02	6	22356	卖盘
11:13:57	37.28	0.01	7	26096	买盘
11:13:51	37.27	--	56	208712	买盘
11:13:48	37.27	0.03	24	89448	买盘
11:13:39	37.24	--	24	89376	卖盘
11:13:27	37.24	-0.03	7	26068	卖盘
11:13:24	37.27	0.04	50	186350	买盘
11:13:18	37.23	--	8	29783	卖盘
11:13:12	37.23	--	4	14891	买盘
11:13:09	37.23	0.01	6	22337	买盘
11:13:06	37.22	-0.01	6	22332	卖盘
11:13:03	37.23	--	20	74460	买盘
11:12:57	37.23	0.01	1	3722	买盘
11:12:54	37.22	-0.01	6	22332	卖盘
11:12:51	37.23	0.01	7	26060	买盘
11:12:45	37.22	--	7	26054	卖盘
11:12:39	37.22	--	32	119104	卖盘
11:12:33	37.22	--	22	81884	卖盘
11:12:24	37.22	0.01	13	48386	买盘
11:12:21	37.21	-0.01	22	81862	卖盘
11:12:18	37.22	--	2	7444	买盘
11:12:12	37.22	--	11	40942	买盘
11:12:09	37.22	--	17	63274	买盘
11:12:03	37.22	0.01	10	37220	买盘
11:12:00	37.21	-0.01	19	70699	卖盘
11:11:51	37.22	--	1	3722	卖盘
11:11:48	37.22	0.01	7	26054	卖盘
11:11:39	37.21	-0.04	5	18605	卖盘
11:11:36	37.25	0.04	1	3725	买盘
11:11:27	37.21	--	7	26047	卖盘
11:11:24	37.21	-0.01	10	37210	卖盘
11:11:15	37.22	--	11	40942	卖盘
11:11:09	37.22	0.01	9	33498	买盘
11:11:06	37.21	-0.01	6	22326	卖盘
11:11:03	37.22	--	1	3722	买盘
11:10:54	37.22	--	10	37220	买盘
11:10:51	37.22	-0.06	6	22332	卖盘
11:10:48	37.28	0.03	8	29824	买盘
11:10:45	37.25	0.04	3	11175	买盘
11:10:42	37.21	--	7	26047	卖盘
11:10:33	37.21	--	6	22326	卖盘
11:10:27	37.21	--	3	11163	卖盘
11:10:21	37.21	--	6	22326	卖盘
11:10:18	37.21	--	2	7442	卖盘
11:10:12	37.21	--	5	18605	卖盘
11:10:09	37.21	--	7	26047	卖盘
11:09:57	37.21	--	6	22326	卖盘
11:09:54	37.21	0.01	1	3721	中性盘
11:09:48	37.2	--	7	26040	卖盘
11:09:42	37.2	--	4	18562	买盘
11:09:39	37.2	--	3	11160	买盘
11:09:36	37.2	--	147	546840	卖盘
11:09:33	37.2	--	8	29760	卖盘
11:09:30	37.2	-0.03	10	37200	卖盘
11:09:27	37.23	0.03	3	11168	买盘
11:09:24	37.2	--	6	22320	卖盘
11:09:21	37.2	--	24	89280	买盘
11:09:18	37.2	--	81	301320	买盘
11:09:15	37.2	--	7	26040	买盘
11:09:12	37.2	0.04	10	37200	买盘
11:09:09	37.16	-0.04	51	189515	卖盘
11:09:06	37.2	0.02	40	148800	买盘
11:09:03	37.18	-0.02	7	26026	卖盘
11:09:00	37.2	--	2	7440	买盘
11:08:57	37.2	--	10	37200	买盘
11:08:54	37.2	-0.03	77	286440	卖盘
11:08:51	37.23	-0.09	6	22337	卖盘
11:08:48	37.32	0.07	3	11196	买盘
11:08:42	37.25	-0.02	81	301725	卖盘
11:08:33	37.27	--	1	3727	卖盘
11:08:30	37.27	-0.03	7	26089	卖盘
11:08:24	37.3	--	4	14919	买盘
11:08:21	37.3	--	59	221934	卖盘
11:08:18	37.3	--	6	22380	卖盘
11:08:15	37.3	-0.01	76	283480	卖盘
11:08:09	37.31	-0.01	7	26117	卖盘
11:08:00	37.32	--	31	115692	卖盘
11:07:57	37.32	-0.03	6	22392	卖盘
11:07:54	37.35	0.03	1	3735	卖盘
11:07:51	37.32	--	35	130620	卖盘
11:07:45	37.32	--	9	33588	卖盘
11:07:36	37.32	-0.03	6	22392	卖盘
11:07:33	37.35	0.03	2	7470	买盘
11:07:24	37.32	--	6	22392	卖盘
11:07:18	37.32	--	2	7464	卖盘
11:07:15	37.32	0.01	3	11196	买盘
11:07:12	37.31	-0.01	7	26117	卖盘
11:07:09	37.32	0.02	3	11196	买盘
11:07:03	37.3	-0.02	6	22380	卖盘
11:07:00	37.32	0.02	17	63444	买盘
11:06:51	37.3	-0.01	57	212609	卖盘
11:06:48	37.31	0.01	2	7462	买盘
11:06:39	37.3	--	7	26109	卖盘
11:06:33	37.3	--	9	33570	卖盘
11:06:30	37.3	--	6	22380	卖盘
11:06:27	37.3	--	5	18650	卖盘
11:06:18	37.3	--	6	22380	卖盘
11:06:12	37.3	--	28	106304	买盘
11:06:09	37.3	0.03	5	18650	买盘
11:06:06	37.27	--	16	59632	卖盘
11:06:03	37.27	-0.01	2	7454	卖盘
11:05:57	37.28	-0.02	5	18640	卖盘
11:05:54	37.3	-0.01	27	102574	卖盘
11:05:48	37.31	0.01	4	14924	买盘
11:05:45	37.3	-0.01	6	22380	卖盘
11:05:39	37.31	--	20	74620	卖盘
11:05:36	37.31	--	9	33579	卖盘
11:05:33	37.31	-0.04	7	26117	卖盘
11:05:27	37.35	--	6	22410	买盘
11:05:24	37.35	--	37	138195	买盘
11:05:18	37.35	--	36	134460	卖盘
11:05:15	37.35	-0.02	8	29880	卖盘
11:05:12	37.37	--	92	343804	买盘
11:05:09	37.37	-0.01	4	14947	买盘
11:05:06	37.38	0.01	56	209328	卖盘
11:05:03	37.37	0.02	1	3736	中性盘
11:05:00	37.35	-0.02	14	52290	卖盘
11:04:54	37.37	0.03	96	358752	买盘
11:04:51	37.34	-0.01	13	48542	卖盘
11:04:48	37.35	--	14	52290	买盘
11:04:45	37.35	--	12	44820	买盘
11:04:39	37.35	-0.01	27	100845	卖盘
11:04:36	37.36	0.01	4	14944	买盘
11:04:30	37.35	0.04	6	22410	买盘
11:04:27	37.31	--	7	26117	卖盘
11:04:24	37.31	--	17	63427	买盘
11:04:21	37.31	--	11	41041	买盘
11:04:18	37.31	-0.04	39	145509	卖盘
11:04:15	37.35	--	1	3735	买盘
11:04:12	37.35	--	45	168075	卖盘
11:04:09	37.35	--	1	3735	卖盘
11:04:06	37.35	-0.02	24	89640	中性盘
11:04:00	37.37	0.06	52	194324	买盘
11:03:54	37.31	-0.04	7	26117	卖盘
11:03:51	37.35	-0.02	14	52290	卖盘
11:03:48	37.37	--	96	358752	买盘
11:03:45	37.37	-0.02	18	67266	卖盘
11:03:42	37.39	--	1	3739	买盘
11:03:36	37.39	0.09	20	74780	买盘
11:03:33	37.3	-0.07	186	695645	卖盘
11:03:30	37.37	-0.01	56	209272	卖盘
11:03:27	37.38	0.01	3	11214	中性盘
11:03:21	37.37	--	14	52318	卖盘
11:03:12	37.37	-0.03	12	44844	卖盘
11:03:03	37.4	--	10	37400	买盘
11:03:00	37.4	--	302	1129517	卖盘
11:02:57	37.4	-0.02	68	254320	卖盘
11:02:54	37.42	-0.01	49	183358	卖盘
11:02:48	37.43	-0.02	9	33687	卖盘
11:02:42	37.45	0.02	1	3745	买盘
11:02:39	37.43	-0.01	7	26201	卖盘
11:02:36	37.44	--	19	71136	买盘
11:02:33	37.44	--	5	18720	买盘
11:02:30	37.44	0.01	6	22464	买盘
11:02:27	37.43	-0.01	17	63631	卖盘
11:02:18	37.44	0.01	5	18720	中性盘
11:02:15	37.43	-0.01	7	26201	卖盘
11:02:12	37.44	--	55	205920	卖盘
11:02:09	37.44	--	12	44928	买盘
11:02:06	37.44	-0.01	28	104832	卖盘
11:02:03	37.45	--	2	7490	买盘
11:02:00	37.45	--	6	22470	买盘
11:01:57	37.45	0.01	3	11235	买盘
11:01:54	37.44	--	7	26208	卖盘
11:01:45	37.44	0.01	9	33696	买盘
11:01:42	37.43	--	6	22458	卖盘
11:01:39	37.43	-0.01	18	67374	卖盘
11:01:33	37.44	0.03	7	26208	买盘
11:01:27	37.41	--	5	18705	卖盘
11:01:21	37.41	-0.04	7	26186	卖盘
11:01:18	37.45	-0.01	4	14980	买盘
11:01:15	37.46	0.04	1	3746	中性盘
11:01:12	37.42	-0.01	13	48646	卖盘
11:01:09	37.43	0.02	8	29944	中性盘
11:01:06	37.41	-0.07	30	112229	卖盘
11:01:03	37.48	0.07	1	3747	买盘
11:01:00	37.41	-0.08	26	97265	卖盘
11:00:57	37.49	0.08	9	33741	买盘
11:00:54	37.41	-0.05	5	18705	卖盘
11:00:51	37.46	-0.04	4	14984	买盘
11:00:48	37.5	0.05	79	296250	买盘
11:00:45	37.45	-0.05	49	183505	卖盘
11:00:42	37.5	--	1	3750	买盘
11:00:39	37.5	--	11	41250	买盘
11:00:36	37.5	0.01	26	97500	中性盘
11:00:33	37.49	-0.05	32	119968	卖盘
11:00:30	37.54	-0.01	32	120128	买盘
11:00:27	37.55	--	23	86365	买盘
11:00:24	37.55	--	10	37550	买盘
11:00:21	37.55	--	5	18775	买盘
11:00:18	37.55	--	18	67590	买盘
11:00:15	37.55	--	20	75100	卖盘
11:00:12	37.55	-0.01	8	30039	卖盘
11:00:09	37.56	0.04	21	78876	买盘
11:00:06	37.52	0.02	1	3752	中性盘
11:00:03	37.5	-0.05	10	37500	卖盘
10:59:57	37.55	0.02	180	675900	买盘
10:59:54	37.53	0.02	20	75060	买盘
10:59:51	37.51	-0.01	15	56265	卖盘
10:59:48	37.52	0.02	10	37520	买盘
10:59:45	37.5	--	129	483750	买盘
10:59:42	37.5	--	12	45000	买盘
10:59:39	37.5	--	60	225000	买盘
10:59:36	37.5	--	23	86250	买盘
10:59:33	37.5	0.05	10	37500	买盘
10:59:30	37.45	--	170	636650	卖盘
10:59:27	37.45	-0.01	405	1516725	中性盘
10:59:24	37.46	0.01	150	561900	买盘
10:59:21	37.45	0.01	75	280875	买盘
10:59:18	37.44	--	102	381888	买盘
10:59:15	37.44	--	22	82368	买盘
10:59:12	37.44	0.01	22	82368	买盘
10:59:09	37.43	--	12	44916	卖盘
10:59:06	37.43	0.01	99	370557	买盘
10:59:03	37.42	0.01	7	26194	中性盘
10:58:57	37.41	-0.01	16	59855	卖盘
10:58:54	37.42	--	5	18710	买盘
10:58:51	37.42	0.02	46	172132	买盘
10:58:48	37.4	--	109	407660	卖盘
10:58:39	37.4	-0.01	20	74800	卖盘
10:58:36	37.41	-0.01	62	231941	卖盘
10:58:33	37.42	-0.01	4	14968	卖盘
10:58:30	37.43	0.01	15	56145	买盘
10:58:27	37.42	0.01	2	7484	买盘
10:58:24	37.41	0.01	10	37410	中性盘
10:58:15	37.4	-0.02	7	26180	卖盘
10:58:12	37.42	-0.01	1	3742	买盘
10:58:09	37.43	0.03	38	142234	买盘
10:58:06	37.4	-0.03	91	340340	卖盘
10:58:03	37.43	0.01	9	33687	买盘
10:57:57	37.42	--	15	56130	卖盘
10:57:54	37.42	0.05	200	752104	买盘
10:57:51	37.37	--	16	59791	卖盘
10:57:45	37.37	--	91	340067	卖盘
10:57:42	37.37	-0.03	37	138269	卖盘
10:57:30	37.4	--	13	48620	卖盘
10:57:27	37.4	--	88	329120	卖盘
10:57:24	37.4	0.03	406	1518440	买盘
10:57:21	37.37	0.01	8	29895	买盘
10:57:18	37.36	--	6	22416	卖盘
10:57:15	37.36	0.06	154	575344	买盘
10:57:09	37.3	-0.05	7	26109	卖盘
10:57:03	37.35	--	27	100845	卖盘
10:56:57	37.35	--	7	26145	卖盘
10:56:54	37.35	--	3	11205	卖盘
10:56:51	37.35	-0.01	2	7470	卖盘
10:56:48	37.36	0.01	20	74720	买盘
10:56:45	37.35	-0.01	10	37350	卖盘
10:56:39	37.36	-0.02	2	7472	卖盘
10:56:33	37.38	--	23	85974	卖盘
10:56:27	37.38	--	17	63546	卖盘
10:56:24	37.38	--	58	216804	卖盘
10:56:21	37.38	--	64	239232	卖盘
10:56:18	37.38	--	11	41118	卖盘
10:56:15	37.38	--	19	71022	卖盘
10:56:12	37.38	--	6	22428	卖盘
10:56:09	37.38	--	10	37380	卖盘
10:56:06	37.38	--	13	48594	卖盘
10:56:03	37.38	-0.02	8	29904	买盘
10:55:54	37.4	0.03	106	396440	买盘
10:55:51	37.37	--	20	74740	卖盘
10:55:48	37.37	-0.01	1	3736	卖盘
10:55:45	37.38	--	25	93450	买盘
10:55:42	37.38	0.01	29	108402	买盘
10:55:39	37.37	-0.01	6	22422	卖盘
10:55:36	37.38	--	12	44856	卖盘
10:55:33	37.38	--	81	302778	卖盘
10:55:30	37.38	--	6	22428	卖盘
10:55:27	37.38	-0.01	2	7476	卖盘
10:55:24	37.39	--	2	7478	买盘
10:55:21	37.39	0.01	25	93475	买盘
10:55:18	37.38	--	18	67284	卖盘
10:55:15	37.38	--	6	22428	卖盘
10:55:06	37.38	-0.01	6	22428	卖盘
10:55:03	37.39	0.01	7	26173	买盘
10:55:00	37.38	-0.02	37	138306	卖盘
10:54:57	37.4	--	9	33660	买盘
10:54:51	37.4	0.01	5	18700	买盘
10:54:48	37.39	--	48	179472	卖盘
10:54:45	37.39	-0.01	7	26173	卖盘
10:54:42	37.4	--	4	14960	买盘
10:54:39	37.4	--	2	7480	买盘
10:54:36	37.4	--	37	138380	卖盘
10:54:33	37.4	-0.01	16	59840	卖盘
10:54:27	37.41	--	7	26186	卖盘
10:54:24	37.41	--	19	71079	卖盘
10:54:21	37.41	-0.01	16	59855	卖盘
10:54:18	37.42	0.02	32	119744	买盘
10:54:15	37.4	-0.02	81	302940	卖盘
10:54:12	37.42	0.01	40	149680	买盘
10:54:06	37.41	0.01	11	41150	买盘
10:54:03	37.4	0.03	181	676940	买盘
10:54:00	37.37	--	7	26159	卖盘
10:53:54	37.37	--	21	78477	买盘
10:53:51	37.37	0.02	2	7473	买盘
10:53:48	37.35	--	7	26145	卖盘
10:53:39	37.35	-0.02	7	26145	卖盘
10:53:36	37.37	--	6	22422	买盘
10:53:33	37.37	-0.02	8	29895	买盘
10:53:30	37.39	0.06	200	747800	买盘
10:53:27	37.33	-0.04	7	26131	卖盘
10:53:24	37.37	--	13	48581	买盘
10:53:21	37.37	0.01	5	18685	买盘
10:53:18	37.36	0.02	29	108344	买盘
10:53:15	37.34	-0.02	6	22404	卖盘
10:53:12	37.36	0.02	13	48568	买盘
10:53:03	37.34	-0.03	24	89616	卖盘
10:53:00	37.37	0.01	8	29895	买盘
10:52:57	37.36	-0.01	2	7472	卖盘
10:52:54	37.37	--	9	33633	买盘
10:52:51	37.37	0.01	10	37370	买盘
10:52:45	37.36	0.04	5	18680	买盘
10:52:42	37.32	--	7	26124	卖盘
10:52:36	37.32	--	2	7464	卖盘
10:52:30	37.32	-0.05	27	100764	卖盘
10:52:27	37.37	0.02	10	37370	买盘
10:52:24	37.35	0.03	10	37350	买盘
10:52:21	37.32	--	6	22392	卖盘
10:52:12	37.32	0.05	20	74640	买盘
10:52:09	37.27	0.01	6	22362	中性盘
10:51:57	37.26	-0.06	6	22356	卖盘
10:51:48	37.32	--	7	26124	卖盘
10:51:45	37.32	0.07	25	93300	买盘
10:51:39	37.25	-0.12	5	18625	卖盘
10:51:36	37.37	0.1	443	1655491	买盘
10:51:30	37.27	0.02	3	11181	买盘
10:51:24	37.25	-0.02	10	37250	卖盘
10:51:21	37.27	--	26	96902	买盘
10:51:18	37.27	--	39	145353	卖盘
10:51:15	37.27	-0.03	6	22362	卖盘
10:51:12	37.3	-0.03	2	7459	买盘
10:51:09	37.33	0.03	52	194116	买盘
10:51:06	37.3	0.03	2	7459	中性盘
10:51:03	37.27	-0.03	6	22362	卖盘
10:51:00	37.3	--	2	7459	卖盘
10:50:57	37.3	0.03	5	18650	买盘
10:50:51	37.27	--	107	398789	卖盘
10:50:48	37.27	--	11	40997	卖盘
10:50:45	37.27	--	4	14908	卖盘
10:50:42	37.27	-0.03	7	26089	卖盘
10:50:39	37.3	--	2	7459	买盘
10:50:36	37.3	0.05	50	186500	买盘
10:50:30	37.25	--	126	469350	卖盘
10:50:27	37.25	--	25	93125	卖盘
10:50:24	37.25	--	1	3725	卖盘
10:50:18	37.25	--	214	797150	买盘
10:50:12	37.25	0.05	205	763625	买盘
10:50:09	37.2	-0.04	9	33480	卖盘
10:50:06	37.24	--	1	3724	买盘
10:50:03	37.24	--	13	48412	买盘
10:50:00	37.24	0.04	7	26068	买盘
10:49:57	37.2	0.02	11	40920	中性盘
10:49:45	37.18	--	32	118976	买盘
10:49:39	37.18	--	30	111540	买盘
10:49:36	37.18	--	8	29744	买盘
10:49:30	37.18	-0.02	150	557700	卖盘
10:49:24	37.2	-0.04	7	26040	卖盘
10:49:21	37.24	0.06	21	78204	买盘
10:49:18	37.18	-0.03	244	907192	卖盘
10:49:12	37.21	0.01	17	63257	中性盘
10:49:03	37.2	0.03	7	26040	中性盘
10:48:57	37.17	-0.08	29	107793	卖盘
10:48:54	37.25	0.05	60	223500	买盘
10:48:51	37.2	--	7	26040	卖盘
10:48:48	37.2	-0.05	15	55800	卖盘
10:48:39	37.25	0.05	115	428375	买盘
10:48:36	37.2	--	10	37200	卖盘
10:48:30	37.2	--	8	29760	卖盘
10:48:18	37.2	--	6	22320	卖盘
10:48:15	37.2	--	34	126480	买盘
10:48:09	37.2	0.03	2	7440	买盘
10:48:06	37.17	--	6	22302	卖盘
10:48:03	37.17	-0.03	1	3717	卖盘
10:47:57	37.2	--	37	137640	买盘
10:47:51	37.2	0.04	1	3720	买盘
10:47:45	37.16	-0.04	6	22295	卖盘
10:47:39	37.2	0.04	1	3720	买盘
10:47:33	37.16	--	6	22295	卖盘
10:47:30	37.16	-0.04	104	386463	卖盘
10:47:24	37.2	-0.01	6	22320	卖盘
10:47:18	37.21	0.01	5	18605	买盘
10:47:12	37.2	0.03	7	26040	中性盘
10:47:06	37.17	--	1	3717	卖盘
10:47:03	37.17	-0.01	3	11151	卖盘
10:47:00	37.18	0.01	31	115258	中性盘
10:46:51	37.17	-0.03	7	26019	卖盘
10:46:42	37.2	0.03	2	7440	买盘
10:46:39	37.17	-0.03	5	18585	卖盘
10:46:33	37.2	--	2	7440	买盘
10:46:30	37.2	0.01	5	18600	买盘
10:46:27	37.19	--	26	96694	卖盘
10:46:21	37.19	--	8	29752	买盘
10:46:18	37.19	--	45	167355	买盘
10:46:15	37.19	--	11	40909	卖盘
10:46:06	37.19	-0.03	9	33471	卖盘
10:46:03	37.22	0.03	30	111660	买盘
10:45:54	37.19	-0.03	7	26033	卖盘
10:45:51	37.22	-0.01	210	781620	买盘
10:45:48	37.23	0.01	1	3722	买盘
10:45:45	37.22	--	16	59552	卖盘
10:45:36	37.22	-0.01	28	104216	卖盘
10:45:33	37.23	--	12	44675	卖盘
10:45:21	37.23	--	7	26060	卖盘
10:45:15	37.23	--	14	52121	买盘
10:45:12	37.23	-0.01	8	29783	买盘
10:45:09	37.24	--	3	11172	买盘
10:45:03	37.24	--	3	11172	买盘
10:45:00	37.24	-0.02	8	29792	中性盘
10:44:51	37.26	0.03	2	7452	买盘
10:44:48	37.23	-0.04	7	26060	卖盘
10:44:45	37.27	0.01	33	122991	买盘
10:44:42	37.26	0.01	1	3726	买盘
10:44:39	37.25	-0.01	106	394850	卖盘
10:44:36	37.26	--	60	223560	卖盘
10:44:33	37.26	--	3	11178	卖盘
10:44:30	37.26	0.01	2	7452	卖盘
10:44:27	37.25	-0.01	7	26075	卖盘
10:44:24	37.26	--	6	22356	卖盘
10:44:18	37.26	--	4	14904	卖盘
10:44:15	37.26	--	12	44712	卖盘
10:44:12	37.26	--	1	3726	卖盘
10:44:09	37.26	0.01	6	22356	买盘
10:44:06	37.25	0.03	19	70775	买盘
10:44:03	37.22	--	43	160046	卖盘
10:44:00	37.22	-0.02	4	14888	卖盘
10:43:54	37.24	-0.01	8	29792	中性盘
10:43:48	37.25	0.03	3	11175	买盘
10:43:42	37.22	-0.03	6	22332	中性盘
10:43:36	37.25	--	15	55875	买盘
10:43:33	37.25	--	10	37250	卖盘
10:43:27	37.25	0.02	3	11175	买盘
10:43:21	37.23	--	19	70737	卖盘
10:43:12	37.23	0.03	17	63290	买盘
10:43:09	37.2	--	7	26040	卖盘
10:43:00	37.2	-0.02	6	22320	卖盘
10:42:54	37.22	0.01	5	18610	中性盘
10:42:48	37.21	-0.01	10	37210	卖盘
10:42:39	37.22	-0.03	50	186100	卖盘
10:42:36	37.25	--	6	22350	卖盘
10:42:33	37.25	--	3	11175	买盘
10:42:30	37.25	0.02	7	26075	买盘
10:42:27	37.23	-0.03	7	26060	卖盘
10:42:21	37.26	-0.01	20	74520	卖盘
10:42:15	37.27	--	181	674587	卖盘
10:42:09	37.27	--	13	48451	卖盘
10:42:06	37.27	--	41	152807	卖盘
10:42:03	37.27	-0.01	40	149080	卖盘
10:42:00	37.28	--	4	14912	买盘
10:41:54	37.28	--	50	186400	卖盘
10:41:51	37.28	-0.02	5	18640	卖盘
10:41:48	37.3	0.02	2	7459	买盘
10:41:42	37.28	-0.02	10	37280	卖盘
10:41:39	37.3	0.02	18	67140	买盘
10:41:36	37.28	--	1	3728	卖盘
10:41:30	37.28	--	6	22368	卖盘
10:41:27	37.28	--	103	383984	卖盘
10:41:21	37.28	0.01	13	48464	买盘
10:41:18	37.27	-0.01	1	3727	卖盘
10:41:15	37.28	-0.04	3	11184	卖盘
10:41:12	37.32	--	48	179136	卖盘
10:41:09	37.32	0.02	52	194064	买盘
10:41:06	37.3	--	10	37300	买盘
10:41:03	37.3	0.03	1	3729	买盘
10:40:57	37.27	-0.04	39	145353	卖盘
10:40:48	37.31	0.01	8	29848	买盘
10:40:45	37.3	-0.01	38	141740	卖盘
10:40:42	37.31	0.01	5	18655	买盘
10:40:39	37.3	--	10	37300	卖盘
10:40:36	37.3	--	7	26109	卖盘
10:40:33	37.3	--	15	55949	卖盘
10:40:30	37.3	0.02	143	533390	买盘
10:40:27	37.28	0.01	28	104384	买盘
10:40:24	37.27	--	32	119264	卖盘
10:40:21	37.27	--	2	7454	卖盘
10:40:15	37.27	--	19	70813	买盘
10:40:12	37.27	0.02	9	33543	买盘
10:40:06	37.25	-0.02	10	37250	卖盘
10:40:03	37.27	-0.01	28	104356	买盘
10:40:00	37.28	0.01	60	223680	买盘
10:39:57	37.27	-0.01	16	59632	卖盘
10:39:54	37.28	0.01	30	111840	买盘
10:39:51	37.27	--	11	40997	卖盘
10:39:45	37.27	--	10	37270	卖盘
10:39:42	37.27	--	18	67086	卖盘
10:39:39	37.27	0.01	61	227347	买盘
10:39:33	37.26	0.01	11	40986	中性盘
10:39:30	37.25	--	14	52150	卖盘
10:39:21	37.25	-0.01	21	78225	卖盘
10:39:18	37.26	0.01	24	89424	中性盘
10:39:12	37.25	0.02	2	7450	买盘
10:39:06	37.23	-0.02	28	104243	卖盘
10:39:03	37.25	0.02	11	40975	买盘
10:38:57	37.23	--	6	22337	卖盘
10:38:54	37.23	--	1	3722	买盘
10:38:51	37.23	--	50	186149	买盘
10:38:48	37.23	0.03	5	18615	买盘
10:38:45	37.2	--	51	189720	卖盘
10:38:42	37.2	--	44	163680	卖盘
10:38:39	37.2	0.04	132	491040	买盘
10:38:33	37.16	-0.01	7	26011	买盘
10:38:27	37.17	--	6	22302	买盘
10:38:24	37.17	0.02	20	74340	买盘
10:38:15	37.15	0.04	4	14860	中性盘
10:38:12	37.11	0.01	6	22266	中性盘
10:38:09	37.1	--	10	37100	买盘
10:38:06	37.1	0.05	6	22260	买盘
10:38:00	37.05	-0.02	6	22230	卖盘
10:37:57	37.07	0.02	1	3707	买盘
10:37:51	37.05	--	11	40755	卖盘
10:37:45	37.05	--	51	188955	买盘
10:37:42	37.05	0.03	35	129674	买盘
10:37:39	37.02	-0.03	9	33318	卖盘
10:37:36	37.05	--	1	3704	买盘
10:37:33	37.05	--	30	111149	买盘
10:37:30	37.05	--	20	74100	买盘
10:37:27	37.05	-0.05	71	263055	卖盘
10:37:24	37.1	--	28	103880	买盘
10:37:21	37.1	--	1	3710	买盘
10:37:18	37.1	--	11	40810	买盘
10:37:15	37.1	-0.08	45	166950	卖盘
10:37:12	37.18	0.05	2	7436	买盘
10:37:09	37.13	0.05	1	3713	买盘
10:37:06	37.08	-0.02	8	29664	卖盘
10:37:03	37.1	0.04	1	3710	中性盘
10:36:54	37.06	0.01	11	40766	卖盘
10:36:51	37.05	-0.07	4	14819	卖盘
10:36:48	37.12	--	13	48256	买盘
10:36:45	37.12	-0.01	12	44544	中性盘
10:36:39	37.13	0.08	1	3713	中性盘
10:36:36	37.05	-0.07	200	741000	卖盘
10:36:33	37.12	-0.01	6	22272	卖盘
10:36:30	37.13	--	1	3713	中性盘
10:36:21	37.13	-0.02	7	25991	卖盘
10:36:15	37.15	0.03	2	7430	卖盘
10:36:12	37.12	--	17	63103	买盘
10:36:09	37.12	0.01	3	11136	买盘
10:36:00	37.11	-0.01	16	59376	卖盘
10:35:54	37.12	0.01	3	11136	卖盘
10:35:48	37.11	--	31	115041	卖盘
10:35:39	37.11	-0.04	16	59376	中性盘
10:35:30	37.15	0.05	10	37150	买盘
10:35:27	37.1	-0.05	6	22260	卖盘
10:35:24	37.15	-0.05	22	81730	卖盘
10:35:18	37.2	0.05	4	14880	买盘
10:35:15	37.15	-0.09	6	22290	卖盘
10:35:09	37.24	--	1	3724	卖盘
10:35:06	37.24	0.06	9	33516	中性盘
10:34:54	37.18	-0.03	6	22308	卖盘
10:34:51	37.21	--	14	52094	卖盘
10:34:45	37.21	--	20	74420	卖盘
10:34:42	37.21	--	7	26047	卖盘
10:34:36	37.21	0.03	2	7442	卖盘
10:34:33	37.18	-0.07	11	40898	卖盘
10:34:30	37.25	0.05	15	55875	买盘
10:34:24	37.2	--	2	7440	卖盘
10:34:21	37.2	-0.05	7	26040	卖盘
10:34:18	37.25	0.05	31	115475	买盘
10:34:09	37.2	-0.02	7	26040	卖盘
10:34:06	37.22	0.02	2	7444	买盘
10:34:03	37.2	--	4	14880	卖盘
10:34:00	37.2	--	7	26040	卖盘
10:33:57	37.2	0.05	69	256680	买盘
10:33:48	37.15	-0.02	6	22290	卖盘
10:33:39	37.17	0.02	14	52038	买盘
10:33:36	37.15	-0.02	7	26005	卖盘
10:33:33	37.17	--	1	3717	买盘
10:33:27	37.17	--	27	100359	买盘
10:33:24	37.17	--	5	18585	买盘
10:33:21	37.17	--	18	66906	买盘
10:33:18	37.17	--	6	22302	买盘
10:33:15	37.17	--	18	66906	买盘
10:33:12	37.17	--	20	74340	买盘
10:33:09	37.17	--	2	7434	卖盘
10:33:06	37.17	--	7	26019	卖盘
10:33:03	37.17	0.01	11	40887	中性盘
10:32:54	37.16	0.01	10	37160	卖盘
10:32:48	37.15	--	9	33435	卖盘
10:32:42	37.15	-0.05	7	26005	卖盘
10:32:33	37.2	--	11	40920	卖盘
10:32:30	37.2	--	18	66960	卖盘
10:32:27	37.2	--	5	18600	卖盘
10:32:24	37.2	0.02	4	14880	卖盘
10:32:21	37.18	--	9	33462	买盘
10:32:18	37.18	0.03	4	14872	买盘
10:32:15	37.15	--	9	33435	卖盘
10:32:09	37.15	-0.03	9	33435	卖盘
10:32:06	37.18	-0.05	3	11154	卖盘
10:32:03	37.23	-0.02	6	22337	中性盘
10:32:00	37.25	0.07	30	111750	买盘
10:31:57	37.18	--	7	26026	卖盘
10:31:54	37.18	-0.05	20	74360	卖盘
10:31:51	37.23	0.03	2	7445	买盘
10:31:48	37.2	-0.07	12	44640	卖盘
10:31:45	37.27	0.04	19	70813	买盘
10:31:42	37.23	0.03	5	18615	买盘
10:31:36	37.2	-0.03	57	212040	卖盘
10:31:27	37.23	0.03	1	3722	中性盘
10:31:24	37.2	-0.03	26	96720	卖盘
10:31:21	37.23	-0.04	3	11168	卖盘
10:31:18	37.27	0.04	3	11181	中性盘
10:31:15	37.23	--	6	22337	卖盘
10:31:12	37.23	-0.05	18	67014	卖盘
10:31:06	37.28	0.05	8	29824	买盘
10:31:03	37.23	-0.03	27	100520	卖盘
10:31:00	37.26	-0.02	15	55890	中性盘
10:30:54	37.28	--	14	52192	买盘
10:30:51	37.28	--	60	223680	买盘
10:30:48	37.28	--	6	22368	买盘
10:30:45	37.28	--	19	70832	卖盘
10:30:42	37.28	-0.02	12	44736	卖盘
10:30:36	37.3	--	3	11190	买盘
10:30:33	37.3	0.02	58	216339	买盘
10:30:30	37.28	-0.02	6	22368	卖盘
10:30:27	37.3	-0.03	6	22380	卖盘
10:30:24	37.33	0.03	8	29864	中性盘
10:30:18	37.3	--	57	212609	卖盘
10:30:15	37.3	--	14	52219	卖盘
10:30:09	37.3	0.01	6	22380	卖盘
10:30:03	37.29	-0.07	22	82038	中性盘
10:30:00	37.36	0.06	60	224160	买盘
10:29:57	37.3	0.04	74	276020	买盘
10:29:54	37.26	-0.02	45	167670	卖盘
10:29:48	37.28	0.02	8	29824	买盘
10:29:45	37.26	--	13	48438	卖盘
10:29:42	37.26	-0.02	19	70794	卖盘
10:29:39	37.28	0.02	16	59648	买盘
10:29:36	37.26	-0.02	8	29808	卖盘
10:29:33	37.28	0.03	10	37280	买盘
10:29:30	37.25	-0.02	29	108025	卖盘
10:29:27	37.27	0.01	51	190077	买盘
10:29:24	37.26	0.01	8	29808	买盘
10:29:21	37.25	-0.01	8	29800	卖盘
10:29:18	37.26	0.01	27	100602	卖盘
10:29:15	37.25	--	50	186250	卖盘
10:29:12	37.25	-0.01	47	175075	卖盘
10:29:09	37.26	0.01	12	44712	买盘
10:29:06	37.25	0.02	20	74500	买盘
10:29:03	37.23	-0.02	8	29783	卖盘
10:29:00	37.25	0.02	1	3725	买盘
10:28:57	37.23	0.03	76	282948	买盘
10:28:54	37.2	--	5	18600	卖盘
10:28:51	37.2	-0.02	17	63240	卖盘
10:28:48	37.22	0.02	38	141436	买盘
10:28:45	37.2	-0.01	13	48360	卖盘
10:28:39	37.21	-0.01	152	565592	卖盘
10:28:36	37.22	-0.01	1	3722	买盘
10:28:30	37.23	-0.02	56	208487	买盘
10:28:24	37.25	0.03	5	18625	中性盘
10:28:21	37.22	-0.01	21	78162	卖盘
10:28:18	37.23	--	11	40953	卖盘
10:28:15	37.23	0.01	10	37230	中性盘
10:28:06	37.22	-0.01	6	22332	卖盘
10:28:03	37.23	-0.06	7	26060	卖盘
10:28:00	37.29	--	13	48477	买盘
10:27:57	37.29	-0.01	23	85767	卖盘
10:27:54	37.3	--	1	3729	买盘
10:27:51	37.3	--	30	111899	买盘
10:27:48	37.3	--	1	3729	买盘
10:27:45	37.3	-0.01	51	190230	卖盘
10:27:42	37.31	-0.06	62	231322	卖盘
10:27:39	37.37	--	51	190587	卖盘
10:27:36	37.37	0.01	78	291486	买盘
10:27:33	37.36	--	43	160648	卖盘
10:27:30	37.36	--	20	74720	卖盘
10:27:27	37.36	--	138	515568	卖盘
10:27:24	37.36	--	17	63512	卖盘
10:27:21	37.36	0.01	108	403488	中性盘
10:27:18	37.35	0.04	27	100845	中性盘
10:27:15	37.31	--	1	3731	卖盘
10:27:12	37.31	-0.04	20	74620	卖盘
10:27:09	37.35	--	3	11205	卖盘
10:27:06	37.35	0.04	69	257715	买盘
10:27:03	37.31	0.01	11	41041	买盘
10:27:00	37.3	-0.05	13	48489	卖盘
10:26:57	37.35	0.05	36	134460	买盘
10:26:54	37.3	--	56	208879	买盘
10:26:51	37.3	--	40	149200	买盘
10:26:45	37.3	0.01	71	264830	买盘
10:26:42	37.29	--	18	67122	卖盘
10:26:39	37.29	0.01	34	126786	中性盘
10:26:33	37.28	--	91	339248	卖盘
10:26:30	37.28	--	33	123024	卖盘
10:26:27	37.28	-0.01	7	26096	卖盘
10:26:24	37.29	0.01	7	26103	买盘
10:26:21	37.28	--	13	48464	卖盘
10:26:18	37.28	--	26	96928	卖盘
10:26:15	37.28	--	19	70832	卖盘
10:26:12	37.28	0.01	67	250297	买盘
10:26:09	37.27	0.06	1	3727	买盘
10:26:06	37.21	-0.07	8	29768	卖盘
10:26:03	37.28	0.07	32	119296	买盘
10:26:00	37.21	-0.07	25	93025	卖盘
10:25:57	37.28	0.07	23	85744	买盘
10:25:54	37.21	-0.08	6	22326	卖盘
10:25:48	37.29	0.03	26	96954	买盘
10:25:45	37.26	--	10	37260	买盘
10:25:42	37.26	-0.03	75	279450	中性盘
10:25:39	37.29	--	2	7458	买盘
10:25:36	37.29	0.09	4	14916	买盘
10:25:33	37.2	-0.09	6	22320	卖盘
10:25:30	37.29	--	2	7458	买盘
10:25:27	37.29	-0.02	84	313236	卖盘
10:25:24	37.31	0.01	26	97006	买盘
10:25:21	37.3	0.01	68	253639	买盘
10:25:18	37.29	-0.01	33	123057	卖盘
10:25:15	37.3	0.01	16	59679	买盘
10:25:12	37.29	--	2	7458	卖盘
10:25:09	37.29	-0.11	93	346797	卖盘
10:25:06	37.4	0.1	31	115940	买盘
10:25:03	37.3	--	31	115629	买盘
10:25:00	37.3	--	10	37300	买盘
10:24:57	37.3	-0.06	32	119359	卖盘
10:24:54	37.36	--	14	52304	买盘
10:24:51	37.36	--	14	52304	卖盘
10:24:48	37.36	-0.04	19	70984	卖盘
10:24:45	37.4	-0.04	116	437056	卖盘
10:24:42	37.44	--	72	270092	卖盘
10:24:39	37.44	--	69	258335	卖盘
10:24:36	37.44	--	47	175968	卖盘
10:24:33	37.44	--	7	26208	卖盘
10:24:30	37.44	--	42	157248	卖盘
10:24:27	37.44	--	25	93600	卖盘
10:24:24	37.44	0.08	744	2785536	买盘
10:24:21	37.36	0.06	30	112080	买盘
10:24:18	37.3	-0.06	15	55949	卖盘
10:24:15	37.36	0.05	35	130760	买盘
10:24:12	37.31	--	8	29848	卖盘
10:24:09	37.31	-0.05	23	85813	卖盘
10:24:06	37.36	0.06	5	18680	中性盘
10:24:03	37.3	-0.14	74	276020	卖盘
10:24:00	37.44	0.15	229	857376	买盘
10:23:57	37.29	-0.01	29	108141	卖盘
10:23:54	37.3	0.01	4	14919	买盘
10:23:51	37.29	-0.04	20	74580	卖盘
10:23:48	37.33	0.04	15	55995	买盘
10:23:45	37.29	--	25	93225	卖盘
10:23:42	37.29	0.11	514	1916706	买盘
10:23:39	37.18	--	3	11154	买盘
10:23:36	37.18	-0.01	3	11154	中性盘
10:23:33	37.19	0.04	14	52066	买盘
10:23:30	37.15	-0.03	11	40865	卖盘
10:23:27	37.18	0.03	89	330902	买盘
10:23:24	37.15	0.03	22	81730	买盘
10:23:21	37.12	0.02	41	152192	买盘
10:23:18	37.1	0.01	28	103880	买盘
10:23:15	37.09	-0.01	8	29672	卖盘
10:23:12	37.1	--	20	74200	卖盘
10:23:09	37.1	0.01	22	81620	买盘
10:23:06	37.09	--	9	33381	买盘
10:23:03	37.09	0.01	2	7418	买盘
10:23:00	37.08	0.09	88	326304	买盘
10:22:57	36.99	0.05	320	1183680	买盘
10:22:54	36.94	0.05	169	624286	买盘
10:22:51	36.89	--	4	14756	卖盘
10:22:48	36.89	-0.04	65	239785	卖盘
10:22:45	36.93	0.01	73	269589	买盘
10:22:42	36.92	--	2	7384	买盘
10:22:39	36.92	0.02	29	107068	买盘
10:22:36	36.9	--	14	51660	卖盘
10:22:30	36.9	0.03	116	429479	买盘
10:22:27	36.87	--	11	40557	卖盘
10:22:24	36.87	--	19	70053	卖盘
10:22:21	36.87	0.07	10	36870	买盘
10:22:15	36.8	--	8	29439	卖盘
10:22:12	36.8	0.01	7	25759	卖盘
10:22:06	36.79	--	10	36790	卖盘
10:22:03	36.79	0.04	6	22074	中性盘
10:22:00	36.75	--	521	1914675	卖盘
10:21:51	36.75	-0.04	7	25725	卖盘
10:21:45	36.79	0.04	8	29432	买盘
10:21:42	36.75	-0.05	25	91875	卖盘
10:21:30	36.8	0.01	88	323840	买盘
10:21:27	36.79	--	2	7358	卖盘
10:21:24	36.79	--	2	7358	卖盘
10:21:21	36.79	0.05	51	187629	买盘
10:21:18	36.74	-0.04	26	95524	卖盘
10:21:15	36.78	0.04	2	7356	买盘
10:21:09	36.74	--	7	25718	卖盘
10:20:57	36.74	-0.04	6	22044	卖盘
10:20:51	36.78	0.01	8	29424	买盘
10:20:48	36.77	0.04	3	11031	买盘
10:20:45	36.73	--	23	84479	卖盘
10:20:36	36.73	--	7	25710	卖盘
10:20:24	36.73	-0.07	8	29383	卖盘
10:20:15	36.8	0.07	10	36800	买盘
10:20:12	36.73	-0.06	6	22037	中性盘
10:20:09	36.79	--	2	7358	买盘
10:20:06	36.79	--	5	18395	买盘
10:20:03	36.79	--	14	51506	卖盘
10:20:00	36.79	--	5	18395	卖盘
10:19:54	36.79	--	6	22074	卖盘
10:19:51	36.79	--	6	22074	卖盘
10:19:48	36.79	-0.04	12	44148	中性盘
10:19:45	36.83	0.04	100	368300	买盘
10:19:42	36.79	0.08	7	25753	买盘
10:19:39	36.71	-0.08	12	44052	卖盘
10:19:36	36.79	--	93	342147	买盘
10:19:33	36.79	0.04	3	11037	买盘
10:19:30	36.75	-0.04	6	22050	卖盘
10:19:24	36.79	--	5	18395	卖盘
10:19:21	36.79	0.08	5	18395	买盘
10:19:18	36.71	--	17	62407	卖盘
10:19:15	36.71	-0.08	20	73420	卖盘
10:19:12	36.79	0.01	10	36790	买盘
10:19:09	36.78	0.06	3	11034	买盘
10:19:06	36.72	-0.08	8	29376	卖盘
10:19:03	36.8	--	10	36800	买盘
10:18:57	36.8	0.01	229	842719	买盘
10:18:54	36.79	--	2	7358	买盘
10:18:51	36.79	--	28	103012	买盘
10:18:48	36.79	-0.02	13	47827	卖盘
10:18:45	36.81	-0.03	7	25767	中性盘
10:18:39	36.84	0.01	28	103667	买盘
10:18:36	36.83	-0.01	10	36830	卖盘
10:18:33	36.84	0.03	297	1094148	买盘
10:18:30	36.81	0.01	6	22086	中性盘
10:18:24	36.8	-0.03	6	22080	卖盘
10:18:15	36.83	0.03	15	55245	买盘
10:18:12	36.8	-0.03	7	25759	卖盘
10:18:09	36.83	--	32	117856	买盘
10:18:06	36.83	0.01	14	51562	中性盘
10:18:00	36.82	-0.03	32	117824	卖盘
10:17:57	36.85	--	85	313225	买盘
10:17:54	36.85	--	2	7370	买盘
10:17:51	36.85	0.02	45	165825	买盘
10:17:48	36.83	-0.03	33	121539	卖盘
10:17:45	36.86	0.01	5	18430	买盘
10:17:42	36.85	-0.01	15	55275	卖盘
10:17:39	36.86	0.03	42	154812	买盘
10:17:36	36.83	-0.02	2	7366	卖盘
10:17:33	36.85	0.02	39	143715	买盘
10:17:30	36.83	--	4	14732	卖盘
10:17:27	36.83	--	22	81026	买盘
10:17:24	36.83	0.03	1	3683	买盘
10:17:18	36.8	-0.02	8	29439	卖盘
10:17:15	36.82	--	8	29456	买盘
10:17:12	36.82	0.02	2	7364	买盘
10:17:06	36.8	--	7	25759	卖盘
10:17:03	36.8	--	12	47324	买盘
10:17:00	36.8	0.02	22	80960	买盘
10:16:54	36.78	-0.01	13	48328	卖盘
10:16:51	36.79	--	3	11037	卖盘
10:16:48	36.79	-0.01	2	7358	卖盘
10:16:45	36.8	0.01	30	110399	买盘
10:16:42	36.79	--	11	43632	买盘
10:16:39	36.79	--	1	3679	买盘
10:16:36	36.79	0.05	9	33111	买盘
10:16:33	36.74	-0.05	7	25718	卖盘
10:16:30	36.79	--	13	48342	卖盘
10:16:27	36.79	-0.01	1	3679	卖盘
10:16:24	36.8	0.01	1	3679	买盘
10:16:21	36.79	--	14	51506	卖盘
10:16:18	36.79	--	5	18395	卖盘
10:16:15	36.79	--	8	32595	买盘
10:16:12	36.79	0.01	7	25753	买盘
10:16:09	36.78	--	4	14712	中性盘
10:16:06	36.78	-0.01	2	7356	买盘
10:16:00	36.79	--	10	36790	买盘
10:15:57	36.79	--	7	25753	买盘
10:15:54	36.79	--	10	36790	买盘
10:15:51	36.79	0.01	156	573924	买盘
10:15:48	36.78	--	8	29424	买盘
10:15:42	36.78	0.06	3	11034	买盘
10:15:39	36.72	-0.06	8	29376	卖盘
10:15:33	36.78	0.05	7	25746	买盘
10:15:27	36.73	-0.05	7	25710	卖盘
10:15:24	36.78	0.04	7	25746	买盘
10:15:21	36.74	-0.01	2	7348	中性盘
10:15:18	36.75	0.03	14	51450	买盘
10:15:15	36.72	0.01	7	25704	中性盘
10:15:06	36.71	0.03	17	62407	中性盘
10:14:54	36.68	-0.11	13	47684	卖盘
10:14:48	36.79	0.11	12	44148	买盘
10:14:45	36.68	-0.1	60	220080	卖盘
10:14:42	36.78	-0.01	14	51492	卖盘
10:14:39	36.79	-0.01	3	11037	卖盘
10:14:36	36.8	--	24	88320	卖盘
10:14:33	36.8	-0.04	16	58879	卖盘
10:14:30	36.84	0.02	15	55260	买盘
10:14:27	36.82	-0.03	27	99414	卖盘
10:14:21	36.85	-0.01	24	88440	中性盘
10:14:18	36.86	0.02	6	22116	买盘
10:14:15	36.84	-0.02	5	18420	卖盘
10:14:12	36.86	-0.01	27	99522	卖盘
10:14:09	36.87	--	24	88488	卖盘
10:14:06	36.87	0.03	21	77427	买盘
10:14:03	36.84	--	22	81048	卖盘
10:14:00	36.84	--	73	268932	卖盘
10:13:57	36.84	--	6	22104	卖盘
10:13:54	36.84	--	7	25788	卖盘
10:13:51	36.84	0.04	9	33156	买盘
10:13:48	36.8	-0.03	7	25759	卖盘
10:13:45	36.83	--	15	55245	中性盘
10:13:42	36.83	0.03	11	40513	买盘
10:13:39	36.8	0.02	37	136160	买盘
10:13:36	36.78	--	26	95628	卖盘
10:13:33	36.78	--	9	33102	卖盘
10:13:30	36.78	-0.01	5	18390	卖盘
10:13:27	36.79	0.01	10	36790	买盘
10:13:24	36.78	--	2	7356	卖盘
10:13:21	36.78	0.06	33	121374	买盘
10:13:18	36.72	-0.03	2	7344	买盘
10:13:15	36.75	-0.02	11	40425	中性盘
10:13:12	36.77	-0.01	5	18385	中性盘
10:13:09	36.78	--	61	224358	买盘
10:13:06	36.78	--	5	18390	买盘
10:13:03	36.78	--	17	62526	买盘
10:13:00	36.78	-0.11	4	14712	买盘
10:12:57	36.89	0.11	500	1844500	买盘
10:12:54	36.78	0.02	10	36780	中性盘
10:12:51	36.76	-0.02	30	110280	卖盘
10:12:48	36.78	--	11	40458	买盘
10:12:45	36.78	0.02	13	47814	买盘
10:12:42	36.76	-0.02	20	73520	卖盘
10:12:33	36.78	0.02	2	7356	中性盘
10:12:30	36.76	0.06	8	29408	中性盘
10:12:27	36.7	--	60	220200	卖盘
10:12:24	36.7	-0.04	12	44040	卖盘
10:12:21	36.74	0.02	10	36740	买盘
10:12:18	36.72	--	34	124848	买盘
10:12:15	36.72	0.02	2	7344	买盘
10:12:12	36.7	0.02	58	212860	买盘
10:12:09	36.68	--	28	102704	买盘
10:12:06	36.68	0.02	20	73360	买盘
10:12:03	36.66	--	8	29327	买盘
10:12:00	36.66	-0.01	14	51323	卖盘
10:11:57	36.67	--	46	168682	买盘
10:11:54	36.67	--	2	7334	买盘
10:11:51	36.67	0.02	17	62339	买盘
10:11:48	36.65	--	11	40315	卖盘
10:11:45	36.65	--	12	43980	卖盘
10:11:42	36.65	-0.01	5	18325	卖盘
10:11:39	36.66	0.01	5	18330	买盘
10:11:36	36.65	0.03	13	47645	买盘
10:11:33	36.62	0.01	5	18310	买盘
10:11:30	36.61	--	14	51254	卖盘
10:11:27	36.61	0.01	4	14644	买盘
10:11:24	36.6	-0.01	108	395280	卖盘
10:11:21	36.61	--	4	14644	买盘
10:11:18	36.61	--	2	7322	买盘
10:11:15	36.61	--	9	32949	买盘
10:11:12	36.61	-0.02	9	32949	卖盘
10:11:09	36.63	0.02	2	7326	买盘
10:11:06	36.61	0.01	5	18305	买盘
10:11:03	36.6	--	8	29280	买盘
10:11:00	36.6	--	15	54900	买盘
10:10:57	36.6	-0.01	10	36600	中性盘
10:10:51	36.61	-0.02	28	102508	卖盘
10:10:42	36.63	-0.04	7	25641	卖盘
10:10:39	36.67	0.11	1	3667	中性盘
10:10:33	36.56	--	11	40216	买盘
10:10:30	36.56	-0.04	4	14624	卖盘
10:10:27	36.6	-0.01	10	36600	卖盘
10:10:24	36.61	0.01	12	43932	买盘
10:10:21	36.6	0.02	71	259860	买盘
10:10:18	36.58	-0.01	23	84134	买盘
10:10:09	36.59	0.04	8	29272	买盘
10:10:00	36.55	--	4	14619	买盘
10:09:57	36.55	-0.05	18	65790	卖盘
10:09:51	36.6	0.05	2	7320	买盘
10:09:48	36.55	--	3	10965	卖盘
10:09:45	36.55	0.03	60	219299	买盘
10:09:42	36.52	-0.03	10	36520	卖盘
10:09:39	36.55	0.03	1	3654	买盘
10:09:33	36.52	-0.03	6	21912	卖盘
10:09:24	36.55	0.03	12	43860	买盘
10:09:21	36.52	0.02	20	73040	卖盘
10:09:12	36.5	-0.04	6	21900	卖盘
10:09:09	36.54	0.04	68	248472	买盘
10:09:03	36.5	0.06	11	40150	买盘
10:09:00	36.44	-0.06	15	54660	卖盘
10:08:54	36.5	--	1	3650	买盘
10:08:51	36.5	0.01	39	142350	买盘
10:08:48	36.49	-0.01	12	43788	卖盘
10:08:45	36.5	--	20	73000	买盘
10:08:39	36.5	--	9	32850	卖盘
10:08:27	36.5	--	12	43800	卖盘
10:08:21	36.5	0.06	43	156950	买盘
10:08:18	36.44	0.02	6	21864	中性盘
10:08:06	36.42	0.02	6	21852	中性盘
10:07:57	36.4	--	134	487760	卖盘
10:07:54	36.4	--	9	32760	卖盘
10:07:48	36.4	--	12	43680	卖盘
10:07:45	36.4	--	7	25480	卖盘
10:07:42	36.4	--	3	10920	卖盘
10:07:39	36.4	0.01	77	280280	买盘
10:07:33	36.39	-0.01	7	25473	卖盘
10:07:30	36.4	--	12	43680	买盘
10:07:27	36.4	--	43	156520	卖盘
10:07:21	36.4	-0.04	7	25480	卖盘
10:07:15	36.44	0.04	1	3644	买盘
10:07:12	36.4	-0.04	7	25480	卖盘
10:07:09	36.44	0.04	4	14576	买盘
10:07:03	36.4	0.01	2	7280	卖盘
10:07:00	36.39	-0.05	7	25473	卖盘
10:06:57	36.44	0.05	15	54660	买盘
10:06:48	36.39	--	6	21834	卖盘
10:06:45	36.39	--	10	36390	卖盘
10:06:42	36.39	0.03	2	7278	买盘
10:06:39	36.36	-0.01	56	203616	卖盘
10:06:36	36.37	-0.02	51	185487	卖盘
10:06:33	36.39	-0.01	6	21834	卖盘
10:06:30	36.4	0.04	1	3640	买盘
10:06:27	36.36	--	7	25452	卖盘
10:06:21	36.36	0.01	4	17780	买盘
10:06:18	36.35	-0.01	41	149035	卖盘
10:06:15	36.36	--	10	36360	买盘
10:06:12	36.36	0.01	7	25452	买盘
10:06:06	36.35	--	7	25445	卖盘
10:06:03	36.35	--	17	61795	卖盘
10:06:00	36.35	--	15	54525	买盘
10:05:57	36.35	0.05	10	36350	买盘
10:05:54	36.3	-0.05	6	21780	卖盘
10:05:51	36.35	0.07	2	7270	买盘
10:05:48	36.28	-0.01	31	112468	卖盘
10:05:42	36.29	0.01	6	21774	卖盘
10:05:39	36.28	--	1	3628	卖盘
10:05:36	36.28	--	10	36280	卖盘
10:05:33	36.28	-0.08	9	32652	中性盘
10:05:27	36.36	0.06	7	25452	买盘
10:05:24	36.3	0.04	5	18150	买盘
10:05:21	36.26	-0.1	7	25382	卖盘
10:05:18	36.36	0.06	215	781740	买盘
10:05:15	36.3	0.04	26	94379	买盘
10:05:09	36.26	--	6	21756	卖盘
10:05:06	36.26	-0.01	43	155918	卖盘
10:05:00	36.27	0.01	13	47151	买盘
10:04:57	36.26	-0.01	10	36260	卖盘
10:04:51	36.27	0.01	14	50778	买盘
10:04:48	36.26	--	7	25382	卖盘
10:04:45	36.26	-0.01	2	7252	卖盘
10:04:42	36.27	--	13	47151	买盘
10:04:39	36.27	0.01	22	79794	买盘
10:04:36	36.26	-0.01	34	123284	卖盘
10:04:33	36.27	0.01	3	10881	卖盘
10:04:27	36.26	-0.08	7	25382	卖盘
10:04:24	36.34	0.08	52	188968	买盘
10:04:18	36.26	-0.01	50	181300	卖盘
10:04:15	36.27	--	6	21762	卖盘
10:04:12	36.27	-0.02	52	188604	卖盘
10:04:09	36.29	0.01	17	61693	中性盘
10:04:03	36.28	-0.02	7	25396	卖盘
10:03:57	36.3	--	11	39930	买盘
10:03:54	36.3	--	3	10890	卖盘
10:03:51	36.3	-0.01	10	36300	卖盘
10:03:45	36.31	0.01	1	3631	卖盘
10:03:42	36.3	--	8	29039	买盘
10:03:39	36.3	-0.01	58	210539	卖盘
10:03:36	36.31	--	1	3631	买盘
10:03:33	36.31	0.01	5	18155	买盘
10:03:30	36.3	--	8	29039	卖盘
10:03:27	36.3	--	25	90750	买盘
10:03:24	36.3	--	26	94379	买盘
10:03:21	36.3	--	15	54449	买盘
10:03:18	36.3	0.02	5	18150	买盘
10:03:15	36.28	-0.02	3	10884	卖盘
10:03:09	36.3	--	12	43560	买盘
10:03:06	36.3	--	10	36300	买盘
10:03:03	36.3	-0.01	57	206909	卖盘
10:02:57	36.31	-0.01	30	108930	卖盘
10:02:54	36.32	--	2	7264	中性盘
10:02:51	36.32	0.01	2	7264	买盘
10:02:48	36.31	--	12	43572	卖盘
10:02:45	36.31	-0.01	5	18155	卖盘
10:02:42	36.32	0.01	5	18160	买盘
10:02:39	36.31	0.01	21	76251	买盘
10:02:36	36.3	-0.01	18	65339	卖盘
10:02:33	36.31	--	56	203336	买盘
10:02:24	36.31	-0.01	56	203336	卖盘
10:02:21	36.32	--	3	10896	卖盘
10:02:18	36.32	-0.03	14	50848	卖盘
10:02:15	36.35	0.04	14	50890	中性盘
10:02:06	36.31	--	12	43572	卖盘
10:02:03	36.31	-0.05	6	21786	卖盘
10:01:57	36.36	0.02	32	116352	买盘
10:01:51	36.34	0.03	12	43608	买盘
10:01:48	36.31	-0.04	1	3631	中性盘
10:01:45	36.35	--	37	134495	买盘
10:01:42	36.35	--	8	29080	买盘
10:01:39	36.35	0.04	1	3635	买盘
10:01:36	36.31	-0.03	10	36310	卖盘
10:01:30	36.34	0.04	8	29072	买盘
10:01:24	36.3	--	12	43560	卖盘
10:01:18	36.3	--	6	21780	卖盘
10:01:15	36.3	--	19	68970	卖盘
10:01:12	36.3	--	15	54449	卖盘
10:01:09	36.3	--	12	43560	卖盘
10:01:06	36.3	--	80	293884	买盘
10:01:00	36.3	0.04	7	25409	买盘
10:00:57	36.26	-0.04	15	54390	卖盘
10:00:54	36.3	--	2	7259	买盘
10:00:51	36.3	--	27	98009	买盘
10:00:48	36.3	--	12	43560	买盘
10:00:45	36.3	--	16	58079	买盘
10:00:39	36.3	0.01	72	261359	买盘
10:00:36	36.29	-0.01	9	32661	中性盘
10:00:30	36.3	0.05	107	388409	买盘
10:00:24	36.25	-0.04	12	43500	卖盘
10:00:21	36.29	-0.01	10	36290	中性盘
10:00:15	36.3	0.04	14	50819	买盘
10:00:12	36.26	-0.04	12	43512	中性盘
10:00:06	36.3	--	1	3629	卖盘
10:00:03	36.3	--	23	83490	卖盘
10:00:00	36.3	--	2	7259	卖盘
09:59:57	36.3	--	2	7259	卖盘
09:59:54	36.3	--	2	7259	卖盘
09:59:51	36.3	--	7	25409	卖盘
09:59:48	36.3	0.09	266	965579	买盘
09:59:45	36.21	-0.01	9	32589	卖盘
09:59:42	36.22	--	1	3622	卖盘
09:59:39	36.22	-0.03	7	25354	卖盘
09:59:36	36.25	-0.02	1	3625	中性盘
09:59:30	36.27	0.02	14	50778	中性盘
09:59:27	36.25	--	102	369750	卖盘
09:59:24	36.25	-0.03	2	7250	卖盘
09:59:21	36.28	0.03	2	7256	买盘
09:59:18	36.25	--	412	1496545	买盘
09:59:15	36.25	--	32	116000	买盘
09:59:12	36.25	0.01	27	97875	买盘
09:59:06	36.24	-0.01	9	32616	卖盘
09:59:03	36.25	-0.03	101	366125	卖盘
09:59:00	36.28	--	9	32652	买盘
09:58:57	36.28	--	36	130608	买盘
09:58:54	36.28	0.03	4	14512	中性盘
09:58:51	36.25	-0.04	300	1087500	卖盘
09:58:48	36.29	--	4	14516	买盘
09:58:45	36.29	0.01	9	32661	买盘
09:58:42	36.28	--	6	21768	卖盘
09:58:39	36.28	--	33	119724	卖盘
09:58:36	36.28	--	11	39908	卖盘
09:58:33	36.28	--	39	141492	买盘
09:58:30	36.28	0.02	11	39908	买盘
09:58:27	36.26	-0.01	66	239316	卖盘
09:58:24	36.27	-0.01	6	21762	卖盘
09:58:21	36.28	--	15	54420	买盘
09:58:18	36.28	-0.02	246	892488	卖盘
09:58:15	36.3	0.01	2	7259	买盘
09:58:12	36.29	-0.01	36	130644	卖盘
09:58:09	36.3	-0.01	38	137940	卖盘
09:58:06	36.31	0.01	9	32679	买盘
09:58:03	36.3	0.01	3	10890	中性盘
09:58:00	36.29	-0.02	19	68951	卖盘
09:57:57	36.31	--	10	36310	买盘
09:57:54	36.31	--	8	29048	买盘
09:57:51	36.31	--	15	54465	卖盘
09:57:48	36.31	0.01	5	18155	卖盘
09:57:45	36.3	0.01	20	72600	卖盘
09:57:42	36.29	0.01	18	65322	买盘
09:57:39	36.28	-0.03	278	1008584	卖盘
09:57:36	36.31	--	12	43572	买盘
09:57:33	36.31	--	68	246908	买盘
09:57:30	36.31	--	50	181550	买盘
09:57:27	36.31	--	27	98037	买盘
09:57:24	36.31	0.01	1	3631	买盘
09:57:18	36.3	-0.01	12	43560	卖盘
09:57:12	36.31	0.01	13	47203	买盘
09:57:09	36.3	--	30	108899	卖盘
09:57:06	36.3	-0.01	7	25409	卖盘
09:57:03	36.31	0.01	9	32679	中性盘
09:56:54	36.3	-0.02	7	25409	中性盘
09:56:45	36.32	0.03	46	167072	卖盘
09:56:42	36.29	-0.04	180	653220	卖盘
09:56:36	36.33	--	30	108990	卖盘
09:56:33	36.33	-0.03	7	25431	中性盘
09:56:30	36.36	0.03	55	199980	买盘
09:56:27	36.33	--	31	112623	买盘
09:56:24	36.33	--	24	87192	买盘
09:56:21	36.33	-0.03	52	189315	卖盘
09:56:15	36.36	0.01	5	18180	买盘
09:56:12	36.35	--	36	130860	卖盘
09:56:09	36.35	0.02	7	28680	买盘
09:56:06	36.33	-0.01	60	217980	卖盘
09:56:03	36.34	--	16	58144	买盘
09:56:00	36.34	--	34	123556	买盘
09:55:54	36.34	0.01	6	21804	买盘
09:55:51	36.33	--	12	43596	买盘
09:55:48	36.33	-0.02	17	61761	中性盘
09:55:45	36.35	0.02	112	407519	买盘
09:55:42	36.33	-0.02	36	130788	中性盘
09:55:39	36.35	0.04	1	3635	买盘
09:55:36	36.31	-0.02	46	167026	卖盘
09:55:33	36.33	--	12	43596	卖盘
09:55:27	36.33	-0.02	11	39963	卖盘
09:55:24	36.35	0.04	33	123190	买盘
09:55:21	36.31	0.01	14	50834	中性盘
09:55:15	36.3	--	42	152460	卖盘
09:55:12	36.3	-0.03	17	61709	卖盘
09:55:06	36.33	0.03	10	36330	买盘
09:55:03	36.3	--	8	29039	卖盘
09:54:57	36.3	0.01	12	43560	卖盘
09:54:54	36.29	0.01	518	1879822	买盘
09:54:51	36.28	--	107	388196	买盘
09:54:48	36.28	--	95	344660	买盘
09:54:45	36.28	--	43	156004	买盘
09:54:42	36.28	--	24	87072	买盘
09:54:39	36.28	-0.03	129	468012	卖盘
09:54:36	36.31	--	2	7262	买盘
09:54:33	36.31	0.01	20	72620	买盘
09:54:30	36.3	0.01	100	363000	中性盘
09:54:27	36.29	-0.02	6	21774	卖盘
09:54:24	36.31	0.03	9	32679	买盘
09:54:21	36.28	0.01	28	101584	卖盘
09:54:18	36.27	-0.01	53	192231	卖盘
09:54:15	36.28	--	52	188656	卖盘
09:54:12	36.28	--	43	156004	卖盘
09:54:09	36.28	--	24	87072	卖盘
09:54:06	36.28	-0.01	6	21768	卖盘
09:54:03	36.29	--	13	47177	买盘
09:54:00	36.29	-0.04	92	334267	卖盘
09:53:57	36.33	0.02	23	83559	买盘
09:53:51	36.31	--	3	14124	买盘
09:53:48	36.31	--	84	305004	买盘
09:53:42	36.31	--	7	25417	买盘
09:53:39	36.31	0.02	172	624532	买盘
09:53:36	36.29	-0.02	86	312094	卖盘
09:53:30	36.31	--	14	50834	买盘
09:53:27	36.31	0.04	7	25417	买盘
09:53:24	36.27	0.01	13	47151	买盘
09:53:21	36.26	-0.05	100	362600	卖盘
09:53:18	36.31	0.05	13	47203	买盘
09:53:15	36.26	-0.04	18	65268	卖盘
09:53:12	36.3	--	14	50819	买盘
09:53:09	36.3	-0.01	17	61709	中性盘
09:53:06	36.31	--	75	272724	买盘
09:53:03	36.31	0.04	25	90775	买盘
09:53:00	36.27	0.01	247	899097	买盘
09:52:57	36.26	0.01	55	199430	买盘
09:52:54	36.25	-0.01	44	159500	卖盘
09:52:51	36.26	-0.01	38	137788	卖盘
09:52:48	36.27	0.01	34	123318	买盘
09:52:45	36.26	--	15	54390	买盘
09:52:42	36.26	--	15	54390	卖盘
09:52:39	36.26	--	63	228438	卖盘
09:52:36	36.26	-0.01	43	155918	卖盘
09:52:33	36.27	0.01	14	50778	买盘
09:52:30	36.26	-0.01	34	123284	卖盘
09:52:27	36.27	--	20	72540	买盘
09:52:24	36.27	--	50	181350	买盘
09:52:21	36.27	-0.03	74	268398	中性盘
09:52:18	36.3	0.03	19	68970	买盘
09:52:15	36.27	-0.04	8	29016	卖盘
09:52:12	36.31	--	22	79882	买盘
09:52:09	36.31	--	25	90775	卖盘
09:52:06	36.31	0.06	1	3631	中性盘
09:52:03	36.25	-0.06	249	902625	卖盘
09:52:00	36.31	--	31	112561	卖盘
09:51:57	36.31	-0.01	43	156133	卖盘
09:51:54	36.32	0.01	13	47216	买盘
09:51:51	36.31	--	17	61727	卖盘
09:51:48	36.31	--	43	156133	卖盘
09:51:45	36.31	-0.03	17	61727	中性盘
09:51:42	36.34	-0.01	105	381570	卖盘
09:51:39	36.35	-0.03	33	119955	卖盘
09:51:36	36.38	0.02	21	76398	买盘
09:51:33	36.36	--	261	948996	卖盘
09:51:30	36.36	--	30	109080	卖盘
09:51:27	36.36	--	33	119988	卖盘
09:51:24	36.36	--	27	98172	卖盘
09:51:21	36.36	-0.03	47	170892	卖盘
09:51:18	36.39	--	24	87336	买盘
09:51:15	36.39	--	36	131004	买盘
09:51:12	36.39	-0.02	75	272925	卖盘
09:51:09	36.41	-0.01	6	21845	买盘
09:51:06	36.42	0.01	74	269508	买盘
09:51:03	36.41	--	9	32769	卖盘
09:51:00	36.41	--	17	61896	卖盘
09:50:57	36.41	-0.02	10	36410	卖盘
09:50:54	36.43	-0.01	100	364300	卖盘
09:50:51	36.44	-0.01	7	25508	买盘
09:50:48	36.45	-0.01	6	21870	买盘
09:50:42	36.46	0.01	103	375538	买盘
09:50:39	36.45	-0.02	163	594135	卖盘
09:50:36	36.47	--	146	532462	买盘
09:50:33	36.47	--	166	605402	卖盘
09:50:30	36.47	--	22	80234	卖盘
09:50:27	36.47	-0.01	51	185997	卖盘
09:50:24	36.48	0.01	8	29183	买盘
09:50:21	36.47	-0.02	22	80234	卖盘
09:50:18	36.49	0.01	11	40139	买盘
09:50:15	36.48	--	31	113087	卖盘
09:50:12	36.48	-0.01	32	116735	卖盘
09:50:09	36.49	--	14	51086	买盘
09:50:06	36.49	--	6	21894	买盘
09:50:03	36.49	-0.01	67	244483	卖盘
09:50:00	36.5	--	74	270100	买盘
09:49:57	36.5	--	2	7300	买盘
09:49:54	36.5	--	11	40150	买盘
09:49:51	36.5	-0.04	99	361350	卖盘
09:49:48	36.54	--	53	193662	卖盘
09:49:45	36.54	0.01	2	7308	卖盘
09:49:42	36.53	--	7	25571	卖盘
09:49:39	36.53	-0.01	4	14612	卖盘
09:49:36	36.54	0.01	12	43848	买盘
09:49:27	36.53	--	2	7306	卖盘
09:49:24	36.53	--	2	7306	卖盘
09:49:21	36.53	0.03	1	3653	买盘
09:49:18	36.5	-0.03	1	3650	卖盘
09:49:15	36.53	0.04	12	43836	买盘
09:49:12	36.49	-0.04	27	98523	买盘
09:49:09	36.53	0.05	7	25571	买盘
09:49:06	36.48	--	22	80256	卖盘
09:49:03	36.48	-0.01	8	29183	卖盘
09:49:00	36.49	0.02	5	18245	中性盘
09:48:57	36.47	--	7	25529	卖盘
09:48:54	36.47	--	5	18235	卖盘
09:48:51	36.47	-0.06	3	10941	卖盘
09:48:48	36.53	0.07	4	14612	中性盘
09:48:45	36.46	-0.08	54	196884	卖盘
09:48:42	36.54	0.08	89	325206	买盘
09:48:39	36.46	--	1	3646	卖盘
09:48:36	36.46	--	40	145840	买盘
09:48:33	36.46	--	45	164070	买盘
09:48:30	36.46	--	86	313556	买盘
09:48:27	36.46	--	67	244282	买盘
09:48:24	36.46	--	48	175008	买盘
09:48:21	36.46	--	6	21876	买盘
09:48:18	36.46	-0.06	93	339078	卖盘
09:48:15	36.52	0.02	10	36520	买盘
09:48:12	36.5	--	7	25550	卖盘
09:48:09	36.5	--	30	109500	卖盘
09:48:06	36.5	--	5	18250	卖盘
09:48:03	36.5	--	9	32850	卖盘
09:48:00	36.5	--	24	87600	买盘
09:47:57	36.5	0.05	22	80300	买盘
09:47:54	36.45	--	12	43740	卖盘
09:47:51	36.45	0.03	12	43740	中性盘
09:47:48	36.42	-0.02	30	109260	卖盘
09:47:45	36.44	0.01	38	138472	中性盘
09:47:42	36.43	-0.01	84	306012	卖盘
09:47:39	36.44	-0.02	11	40084	卖盘
09:47:36	36.46	--	70	255220	买盘
09:47:33	36.46	-0.04	49	178654	卖盘
09:47:30	36.5	--	2	7300	卖盘
09:47:27	36.5	--	6	21900	卖盘
09:47:24	36.5	-0.03	16	58400	卖盘
09:47:21	36.53	0.03	11	40183	买盘
09:47:18	36.5	-0.03	226	824900	卖盘
09:47:15	36.53	-0.02	40	146120	卖盘
09:47:12	36.55	--	1	3654	买盘
09:47:09	36.55	-0.01	18	65790	中性盘
09:47:00	36.56	-0.02	17	62152	卖盘
09:46:57	36.58	--	10	36580	买盘
09:46:54	36.58	-0.02	185	676730	卖盘
09:46:51	36.6	-0.05	85	311100	卖盘
09:46:42	36.65	-0.05	125	458125	卖盘
09:46:39	36.7	-0.01	12	44040	卖盘
09:46:36	36.71	--	9	33039	卖盘
09:46:30	36.71	-0.01	10	36710	买盘
09:46:27	36.72	0.02	3	11016	卖盘
09:46:24	36.7	-0.05	174	638580	卖盘
09:46:21	36.75	0.02	3	11025	买盘
09:46:18	36.73	0.02	8	29383	买盘
09:46:15	36.71	-0.04	130	477230	卖盘
09:46:12	36.75	--	62	227850	买盘
09:46:09	36.75	--	3	11025	买盘
09:46:06	36.75	--	11	40425	卖盘
09:46:00	36.75	0.02	1	3675	中性盘
09:45:54	36.73	-0.02	30	110189	卖盘
09:45:51	36.75	--	10	36750	卖盘
09:45:42	36.75	-0.03	28	102900	卖盘
09:45:39	36.78	--	4	14712	买盘
09:45:36	36.78	0.03	5	18390	买盘
09:45:33	36.75	--	54	198450	卖盘
09:45:27	36.75	--	13	47775	卖盘
09:45:24	36.75	--	2	7350	卖盘
09:45:21	36.75	-0.03	4	14700	买盘
09:45:18	36.78	0.04	3	11034	买盘
09:45:15	36.74	-0.01	14	51436	卖盘
09:45:00	36.75	-0.03	10	36750	卖盘
09:44:51	36.78	--	14	51492	买盘
09:44:42	36.78	--	20	73560	买盘
09:44:39	36.78	--	32	117696	买盘
09:44:33	36.78	0.02	67	246426	买盘
09:44:30	36.76	--	7	25732	卖盘
09:44:27	36.76	-0.02	6	22056	卖盘
09:44:21	36.78	0.02	8	29424	买盘
09:44:18	36.76	--	2	7352	卖盘
09:44:15	36.76	-0.05	13	47788	卖盘
09:44:12	36.81	0.05	10	36810	买盘
09:44:09	36.76	-0.02	8	29408	卖盘
09:44:06	36.78	-0.02	4	14712	卖盘
09:44:03	36.8	--	11	40480	卖盘
09:44:00	36.8	-0.01	3	11040	中性盘
09:43:57	36.81	--	5	18405	买盘
09:43:54	36.81	0.06	10	36810	买盘
09:43:51	36.75	-0.06	12	44100	卖盘
09:43:48	36.81	--	16	58896	买盘
09:43:45	36.81	--	1	3681	买盘
09:43:42	36.81	0.01	9	33129	买盘
09:43:39	36.8	-0.05	10	36800	中性盘
09:43:36	36.85	0.04	63	232155	买盘
09:43:33	36.81	--	2	7362	卖盘
09:43:30	36.81	--	2	7362	卖盘
09:43:27	36.81	--	12	44172	买盘
09:43:24	36.81	0.01	3	11043	买盘
09:43:21	36.8	--	10	36800	卖盘
09:43:15	36.8	--	2	7359	卖盘
09:43:12	36.8	0.03	188	691840	买盘
09:43:09	36.77	--	2	7354	卖盘
09:43:06	36.77	0.03	8	29416	买盘
09:43:00	36.74	--	21	77154	卖盘
09:42:54	36.74	--	5	18370	卖盘
09:42:51	36.74	--	13	47762	买盘
09:42:48	36.74	--	9	33066	卖盘
09:42:45	36.74	--	5	18370	卖盘
09:42:39	36.74	-0.03	38	139612	中性盘
09:42:30	36.77	--	10	36770	买盘
09:42:24	36.77	0.04	3	11031	买盘
09:42:21	36.73	-0.04	44	161612	卖盘
09:42:18	36.77	--	3	11031	买盘
09:42:15	36.77	0.03	2	7354	买盘
09:42:09	36.74	-0.01	33	121242	卖盘
09:42:06	36.75	-0.02	1	3675	卖盘
09:42:03	36.77	0.02	5	18385	买盘
09:42:00	36.75	0.01	10	36750	卖盘
09:41:57	36.74	--	5	18370	卖盘
09:41:54	36.74	--	7	25718	买盘
09:41:51	36.74	--	13	47762	卖盘
09:41:48	36.74	-0.01	20	73480	卖盘
09:41:45	36.75	--	13	47775	买盘
09:41:39	36.75	--	1	3675	买盘
09:41:30	36.75	--	18	66150	买盘
09:41:21	36.75	--	22	80850	卖盘
09:41:18	36.75	-0.01	10	36750	卖盘
09:41:12	36.76	-0.02	10	36760	卖盘
09:41:09	36.78	-0.02	18	66204	卖盘
09:41:06	36.8	0.02	6	22080	买盘
09:41:00	36.78	-0.01	10	36780	卖盘
09:40:57	36.79	-0.01	1	3679	卖盘
09:40:48	36.8	--	21	77280	卖盘
09:40:45	36.8	--	87	320160	卖盘
09:40:42	36.8	-0.01	15	55199	卖盘
09:40:39	36.81	0.01	54	198774	买盘
09:40:36	36.8	--	5	18400	卖盘
09:40:30	36.8	--	22	80960	卖盘
09:40:27	36.8	-0.01	5	18400	卖盘
09:40:21	36.81	--	8	29448	买盘
09:40:15	36.81	-0.01	4	14724	卖盘
09:40:12	36.82	0.01	1	3682	中性盘
09:40:09	36.81	-0.01	6	22086	卖盘
09:40:03	36.82	0.01	3	11046	中性盘
09:39:57	36.81	-0.07	124	456444	卖盘
09:39:54	36.88	-0.01	44	162272	卖盘
09:39:51	36.89	--	90	332010	卖盘
09:39:48	36.89	--	4	14756	卖盘
09:39:45	36.89	--	12	44268	卖盘
09:39:42	36.89	--	7	25823	卖盘
09:39:39	36.89	--	20	73780	卖盘
09:39:36	36.89	--	13	47957	卖盘
09:39:33	36.89	--	3	11067	卖盘
09:39:30	36.89	0.01	4	14756	买盘
09:39:27	36.88	-0.01	12	44256	卖盘
09:39:24	36.89	--	5	18445	买盘
09:39:21	36.89	--	1	3689	买盘
09:39:18	36.89	0.01	26	95914	买盘
09:39:12	36.88	0.05	29	106952	买盘
09:39:03	36.83	--	2	7366	卖盘
09:39:00	36.83	--	1	3683	卖盘
09:38:57	36.83	--	6	22098	卖盘
09:38:54	36.83	-0.05	13	47879	卖盘
09:38:51	36.88	0.05	15	55320	买盘
09:38:45	36.83	--	10	36830	卖盘
09:38:42	36.83	-0.07	5	18415	中性盘
09:38:39	36.9	--	5	18450	卖盘
09:38:33	36.9	--	45	166050	买盘
09:38:30	36.9	0.08	12	44280	买盘
09:38:24	36.82	--	17	62594	卖盘
09:38:18	36.82	-0.02	10	36820	卖盘
09:38:15	36.84	-0.04	18	66312	卖盘
09:38:06	36.88	-0.02	26	95888	卖盘
09:38:03	36.9	--	12	44280	卖盘
09:38:00	36.9	--	3	11070	卖盘
09:37:54	36.9	--	50	184500	卖盘
09:37:51	36.9	0.02	16	59040	买盘
09:37:48	36.88	--	31	114328	卖盘
09:37:42	36.88	--	12	44256	卖盘
09:37:36	36.88	--	5	18440	卖盘
09:37:33	36.88	-0.03	1	3688	卖盘
09:37:30	36.91	0.03	20	73820	买盘
09:37:27	36.88	-0.02	15	55320	卖盘
09:37:21	36.9	--	4	14760	卖盘
09:37:18	36.9	--	2	7380	卖盘
09:37:15	36.9	0.02	3	11070	中性盘
09:37:09	36.88	-0.02	53	195464	卖盘
09:37:00	36.9	--	48	177120	买盘
09:36:57	36.9	--	27	99630	买盘
09:36:54	36.9	--	18	66420	买盘
09:36:51	36.9	-0.01	96	354240	卖盘
09:36:48	36.91	0.01	4	14763	买盘
09:36:45	36.9	-0.01	5	18450	卖盘
09:36:42	36.91	0.01	3	11072	买盘
09:36:39	36.9	--	1	3690	卖盘
09:36:36	36.9	-0.01	16	59040	卖盘
09:36:33	36.91	0.01	5	18455	买盘
09:36:30	36.9	-0.01	8	29520	中性盘
09:36:27	36.91	0.05	54	199313	买盘
09:36:24	36.86	-0.05	5	18430	卖盘
09:36:21	36.91	--	2	7381	买盘
09:36:15	36.91	0.05	15	55364	买盘
09:36:12	36.86	-0.02	1	3686	卖盘
09:36:09	36.88	-0.03	5	18440	卖盘
09:36:06	36.91	0.02	53	195622	买盘
09:36:03	36.89	--	2	7378	买盘
09:36:00	36.89	--	4	14756	买盘
09:35:57	36.89	--	42	154938	卖盘
09:35:51	36.89	0.01	14	51646	买盘
09:35:45	36.88	--	18	66384	买盘
09:35:42	36.88	--	10	36880	买盘
09:35:33	36.88	--	4	14752	买盘
09:35:30	36.88	0.01	4	14752	买盘
09:35:27	36.87	-0.01	6	22122	中性盘
09:35:24	36.88	--	1	3688	买盘
09:35:21	36.88	--	31	114328	买盘
09:35:18	36.88	--	2	7376	买盘
09:35:15	36.88	0.09	32	118016	买盘
09:35:12	36.79	--	1	3679	卖盘
09:35:06	36.79	--	6	22074	买盘
09:35:00	36.79	0.01	5	18395	买盘
09:34:45	36.78	--	22	80916	卖盘
09:34:42	36.78	0.03	59	217002	买盘
09:34:39	36.75	0.01	24	88200	买盘
09:34:36	36.74	-0.01	8	29392	卖盘
09:34:33	36.75	-0.03	16	58800	卖盘
09:34:30	36.78	--	1	3678	买盘
09:34:24	36.78	--	6	22068	买盘
09:34:18	36.78	--	5	18390	卖盘
09:34:15	36.78	-0.01	7	25746	卖盘
09:34:09	36.79	0.01	5	18395	买盘
09:34:03	36.78	0.07	15	55170	中性盘
09:34:00	36.71	--	14	51394	买盘
09:33:57	36.71	-0.07	9	33039	卖盘
09:33:54	36.78	0.06	4	14712	买盘
09:33:51	36.72	--	65	238680	买盘
09:33:48	36.72	0.01	6	22032	买盘
09:33:36	36.71	--	13	47723	卖盘
09:33:33	36.71	--	10	36710	卖盘
09:33:30	36.71	0.03	75	275325	买盘
09:33:27	36.68	--	7	25676	卖盘
09:33:24	36.68	--	1	3668	卖盘
09:33:21	36.68	--	6	22008	卖盘
09:33:18	36.68	-0.02	12	44016	卖盘
09:33:15	36.7	--	4	14680	买盘
09:33:12	36.7	--	2	7340	买盘
09:33:09	36.7	-0.01	13	47710	卖盘
09:33:06	36.71	0.01	26	95446	买盘
09:33:03	36.7	-0.01	2	7340	卖盘
09:33:00	36.71	0.01	3	11013	买盘
09:32:57	36.7	-0.02	12	44040	卖盘
09:32:54	36.72	--	33	121176	买盘
09:32:51	36.72	0.02	14	51408	买盘
09:32:48	36.7	--	17	62390	卖盘
09:32:45	36.7	--	81	297270	卖盘
09:32:42	36.7	-0.04	3	11010	卖盘
09:32:39	36.74	0.04	5	18370	买盘
09:32:36	36.7	-0.03	225	825750	卖盘
09:32:33	36.73	0.01	3	11018	卖盘
09:32:30	36.72	-0.02	6	22032	卖盘
09:32:27	36.74	--	1	3674	卖盘
09:32:24	36.74	--	2	7348	卖盘
09:32:21	36.74	-0.04	6	22044	卖盘
09:32:18	36.78	0.06	75	275850	买盘
09:32:15	36.72	-0.06	6	22032	卖盘
09:32:12	36.78	0.04	116	426648	买盘
09:32:09	36.74	-0.04	10	36740	卖盘
09:32:06	36.78	--	24	88272	买盘
09:32:03	36.78	--	4	14712	买盘
09:31:57	36.78	0.04	31	114018	买盘
09:31:51	36.74	--	6	22044	卖盘
09:31:48	36.74	0.01	21	77154	买盘
09:31:36	36.73	-0.01	1	3672	中性盘
09:31:30	36.74	-0.04	4	14696	卖盘
09:31:24	36.78	0.06	27	99306	买盘
09:31:21	36.72	--	5	18360	买盘
09:31:18	36.72	0.01	55	201960	买盘
09:31:15	36.71	-0.01	1	3671	卖盘
09:31:12	36.72	-0.03	10	36720	买盘
