成交时间	成交价	价格变动	成交量(手)	成交额(元)	性质
15:00:03	50.57	--	659	3336001	卖盘
14:57:00	50.57	--	9	45513	卖盘
14:56:57	50.57	--	1	5057	卖盘
14:56:54	50.57	-0.01	5	25285	卖盘
14:56:51	50.58	0.02	36	182088	买盘
14:56:48	50.56	-0.01	18	91008	卖盘
14:56:45	50.57	0.01	6	30342	买盘
14:56:42	50.56	--	28	141568	卖盘
14:56:39	50.56	-0.01	3	15168	卖盘
14:56:36	50.57	--	1	5057	买盘
14:56:33	50.57	--	9	45513	买盘
14:56:30	50.57	--	9	45513	买盘
14:56:27	50.57	--	4	20228	买盘
14:56:24	50.57	--	16	80912	卖盘
14:56:21	50.57	--	4	20228	买盘
14:56:18	50.57	--	5	25285	中性盘
14:56:15	50.57	0.01	17	85969	买盘
14:56:12	50.56	--	3	15168	卖盘
14:56:09	50.56	--	22	111232	卖盘
14:56:06	50.56	-0.01	5	25280	卖盘
14:56:03	50.57	--	22	111254	卖盘
14:55:57	50.57	0.01	20	101140	买盘
14:55:54	50.56	--	65	328640	卖盘
14:55:51	50.56	0.01	4	20224	买盘
14:55:48	50.55	--	7	35385	卖盘
14:55:45	50.55	--	5	25275	买盘
14:55:42	50.55	0.01	19	96045	中性盘
14:55:36	50.54	--	14	70756	卖盘
14:55:30	50.54	-0.03	10	50540	卖盘
14:55:21	50.57	0.06	7	35399	买盘
14:55:18	50.51	-0.06	153	772803	卖盘
14:55:12	50.57	--	7	35399	卖盘
14:55:09	50.57	--	14	70798	卖盘
14:55:06	50.57	0.04	29	146653	买盘
14:55:03	50.53	--	13	65689	卖盘
14:55:00	50.53	-0.04	4	20212	卖盘
14:54:57	50.57	0.01	6	30342	买盘
14:54:54	50.56	-0.01	35	176960	中性盘
14:54:48	50.57	0.04	7	35399	买盘
14:54:45	50.53	-0.04	8	40424	卖盘
14:54:42	50.57	0.05	38	192166	买盘
14:54:39	50.52	--	6	30312	卖盘
14:54:36	50.52	--	8	40416	卖盘
14:54:30	50.52	-0.04	166	838632	卖盘
14:54:27	50.56	0.05	24	121344	买盘
14:54:24	50.51	-0.04	55	277805	卖盘
14:54:21	50.55	--	10	50550	买盘
14:54:18	50.55	--	24	121320	买盘
14:54:15	50.55	--	13	65715	买盘
14:54:12	50.55	--	3	15165	买盘
14:54:09	50.55	--	16	80880	买盘
14:54:06	50.55	--	8	40440	卖盘
14:54:03	50.55	--	18	90990	卖盘
14:53:57	50.55	--	8	40440	买盘
14:53:51	50.55	-0.01	3	15165	卖盘
14:53:48	50.56	0.01	1	5056	卖盘
14:53:45	50.55	-0.02	35	176925	卖盘
14:53:42	50.57	0.02	5	25285	买盘
14:53:39	50.55	-0.01	21	106155	卖盘
14:53:36	50.56	-0.02	24	121344	卖盘
14:53:30	50.58	0.01	20	101160	买盘
14:53:27	50.57	-0.01	1	5057	卖盘
14:53:24	50.58	0.01	14	70812	中性盘
14:53:21	50.57	-0.01	15	75855	卖盘
14:53:18	50.58	-0.02	1	5058	中性盘
14:53:15	50.6	--	12	60720	买盘
14:53:12	50.6	--	12	60720	买盘
14:53:09	50.6	-0.01	1	5060	卖盘
14:53:06	50.61	--	28	141708	买盘
14:53:03	50.61	0.01	48	242928	买盘
14:53:00	50.6	--	53	268180	卖盘
14:52:57	50.6	--	52	263120	卖盘
14:52:54	50.6	-0.01	1	5060	卖盘
14:52:51	50.61	--	16	80976	买盘
14:52:48	50.61	--	53	268233	买盘
14:52:45	50.61	0.01	30	151830	买盘
14:52:42	50.6	--	9	45540	卖盘
14:52:39	50.6	-0.01	17	86020	卖盘
14:52:36	50.61	0.01	9	45549	买盘
14:52:33	50.6	-0.01	46	232760	卖盘
14:52:30	50.61	0.01	58	293538	卖盘
14:52:27	50.6	--	38	192280	卖盘
14:52:24	50.6	--	22	111320	卖盘
14:52:21	50.6	-0.02	32	161920	卖盘
14:52:18	50.62	0.02	16	80992	买盘
14:52:12	50.6	-0.01	112	566720	卖盘
14:52:09	50.61	--	3	15183	卖盘
14:52:06	50.61	-0.01	7	35427	卖盘
14:52:03	50.62	--	15	75930	买盘
14:52:00	50.62	0.01	2	10124	中性盘
14:51:57	50.61	-0.02	15	75915	卖盘
14:51:54	50.63	0.01	1	5063	买盘
14:51:51	50.62	--	10	50620	卖盘
14:51:48	50.62	-0.01	22	111364	卖盘
14:51:42	50.63	-0.02	20	101260	卖盘
14:51:39	50.65	--	10	50650	买盘
14:51:36	50.65	--	3	15195	卖盘
14:51:30	50.65	-0.03	7	35455	卖盘
14:51:27	50.68	--	4	20272	买盘
14:51:24	50.68	-0.01	2	10136	买盘
14:51:15	50.69	-0.01	94	476486	卖盘
14:51:12	50.7	--	55	278850	卖盘
14:51:09	50.7	--	26	131820	卖盘
14:51:06	50.7	0.01	66	334620	买盘
14:51:03	50.69	0.01	11	55759	买盘
14:51:00	50.68	-0.01	2	10136	卖盘
14:50:54	50.69	--	9	45621	买盘
14:50:51	50.69	-0.01	97	491693	卖盘
14:50:45	50.7	--	22	111540	买盘
14:50:42	50.7	--	18	91260	卖盘
14:50:39	50.7	-0.01	8	40560	卖盘
14:50:36	50.71	--	1	5071	买盘
14:50:33	50.71	--	1	5071	买盘
14:50:30	50.71	--	1	5071	买盘
14:50:27	50.71	-0.02	42	212982	卖盘
14:50:24	50.73	0.01	3	15218	买盘
14:50:18	50.72	-0.01	8	40576	卖盘
14:50:15	50.73	--	2	10146	买盘
14:50:09	50.73	-0.02	6	30437	卖盘
14:50:06	50.75	--	5	25375	买盘
14:50:00	50.75	0.01	22	111650	买盘
14:49:57	50.74	--	6	30444	卖盘
14:49:51	50.74	--	1	5074	卖盘
14:49:45	50.74	--	28	142072	卖盘
14:49:42	50.74	--	3	15222	卖盘
14:49:39	50.74	-0.01	10	50740	中性盘
14:49:36	50.75	0.01	13	65975	买盘
14:49:30	50.74	-0.01	15	76110	卖盘
14:49:27	50.75	0.01	5	25375	买盘
14:49:21	50.74	--	7	35518	卖盘
14:49:12	50.74	0.01	5	25370	买盘
14:49:09	50.73	0.01	2	10146	卖盘
14:49:06	50.72	--	13	65936	买盘
14:48:57	50.72	-0.01	13	65936	卖盘
14:48:51	50.73	0.01	13	65949	买盘
14:48:45	50.72	--	1	5072	卖盘
14:48:42	50.72	--	1	5072	卖盘
14:48:39	50.72	0.02	13	65936	买盘
14:48:36	50.7	--	51	258570	卖盘
14:48:30	50.7	--	10	50700	卖盘
14:48:27	50.7	--	89	451230	卖盘
14:48:24	50.7	-0.01	2	10140	卖盘
14:48:18	50.71	--	13	65923	买盘
14:48:15	50.71	--	15	76065	买盘
14:48:12	50.71	--	5	25355	买盘
14:48:09	50.71	--	9	45639	买盘
14:48:06	50.71	0.01	12	60852	买盘
14:48:03	50.7	-0.01	8	40560	卖盘
14:48:00	50.71	--	2	10142	买盘
14:47:57	50.71	0.01	2	10142	中性盘
14:47:54	50.7	-0.01	36	182520	卖盘
14:47:51	50.71	--	1	5071	卖盘
14:47:45	50.71	--	13	65923	卖盘
14:47:42	50.71	0.01	40	202840	买盘
14:47:39	50.7	--	6	30420	卖盘
14:47:36	50.7	--	23	116610	卖盘
14:47:33	50.7	--	11	55770	卖盘
14:47:30	50.7	--	2	10140	卖盘
14:47:27	50.7	--	5	25350	卖盘
14:47:24	50.7	-0.01	17	86190	卖盘
14:47:21	50.71	0.01	9	45639	买盘
14:47:15	50.7	--	18	91260	卖盘
14:47:12	50.7	-0.01	14	70980	卖盘
14:47:09	50.71	0.01	30	152130	买盘
14:47:06	50.7	-0.01	57	288990	卖盘
14:47:03	50.71	--	1	5071	买盘
14:47:00	50.71	--	10	50710	买盘
14:46:57	50.71	--	34	172414	卖盘
14:46:54	50.71	--	5	25355	卖盘
14:46:51	50.71	--	5	25355	卖盘
14:46:30	50.71	-0.04	73	370183	卖盘
14:46:24	50.75	--	1	5075	卖盘
14:46:21	50.75	-0.03	9	45675	卖盘
14:46:06	50.78	--	105	533190	卖盘
14:46:03	50.78	--	8	40624	卖盘
14:46:00	50.78	--	52	264056	卖盘
14:45:57	50.78	-0.01	1	5078	卖盘
14:45:54	50.79	0.01	19	96501	买盘
14:45:51	50.78	--	61	309758	卖盘
14:45:48	50.78	-0.01	10	50780	卖盘
14:45:45	50.79	--	6	30474	买盘
14:45:42	50.79	--	50	253950	买盘
14:45:39	50.79	--	2	10158	买盘
14:45:33	50.79	0.01	1	5079	卖盘
14:45:30	50.78	-0.01	9	45702	卖盘
14:45:27	50.79	-0.01	1	5079	卖盘
14:45:21	50.8	0.01	52	264160	中性盘
14:45:18	50.79	-0.04	1	5079	卖盘
14:45:15	50.83	0.05	3	15249	买盘
14:45:12	50.78	-0.05	1	5078	卖盘
14:45:06	50.83	--	3	15249	买盘
14:45:03	50.83	--	9	45747	买盘
14:45:00	50.83	--	6	34361	卖盘
14:44:48	50.83	--	4	20332	卖盘
14:44:45	50.83	0.05	239	1216056	买盘
14:44:42	50.78	-0.01	25	126950	卖盘
14:44:39	50.79	--	2	10158	买盘
14:44:30	50.79	--	14	71106	卖盘
14:44:24	50.79	--	9	45711	卖盘
14:44:21	50.79	-0.01	6	30474	卖盘
14:44:18	50.8	--	4	20320	卖盘
14:44:15	50.8	0.01	3	15240	卖盘
14:44:12	50.79	-0.01	10	50790	卖盘
14:44:09	50.8	--	2	10160	买盘
14:44:06	50.8	--	8	40640	买盘
14:44:03	50.8	--	10	50800	买盘
14:44:00	50.8	-0.02	92	467360	卖盘
14:43:51	50.82	-0.01	1	5082	中性盘
14:43:39	50.83	--	44	224465	卖盘
14:43:36	50.83	--	7	35581	卖盘
14:43:33	50.83	-0.01	18	91494	卖盘
14:43:24	50.84	0.01	15	76260	买盘
14:43:21	50.83	--	2	10166	卖盘
14:43:18	50.83	--	3	15249	卖盘
14:43:15	50.83	--	54	278751	买盘
14:43:12	50.83	--	6	30498	买盘
14:43:09	50.83	0.03	5	25415	买盘
14:43:06	50.8	-0.03	25	127000	卖盘
14:42:57	50.83	--	1	5083	买盘
14:42:54	50.83	--	90	458283	卖盘
14:42:48	50.83	--	34	177091	买盘
14:42:33	50.83	--	15	77058	卖盘
14:42:30	50.83	--	1	5083	卖盘
14:42:27	50.83	-0.02	3	15249	卖盘
14:42:21	50.85	--	0	4373	卖盘
14:42:18	50.85	--	8	40680	卖盘
14:42:12	50.85	0.02	2	10881	买盘
14:42:09	50.83	-0.02	12	60996	卖盘
14:42:06	50.85	0.01	24	122040	买盘
14:42:03	50.84	0.01	5	25420	卖盘
14:41:57	50.83	--	1	5083	卖盘
14:41:51	50.83	-0.02	12	60996	卖盘
14:41:45	50.85	0.02	11	55935	买盘
14:41:42	50.83	--	3	15249	卖盘
14:41:39	50.83	-0.01	2	10166	卖盘
14:41:33	50.84	0.01	2	10168	卖盘
14:41:30	50.83	-0.01	89	452387	卖盘
14:41:27	50.84	0.01	213	1087162	买盘
14:41:21	50.83	-0.01	4	20332	卖盘
14:41:18	50.84	--	8	40672	买盘
14:41:15	50.84	--	11	55924	买盘
14:41:09	50.84	0.01	4	20336	买盘
14:41:06	50.83	-0.01	30	152490	卖盘
14:41:00	50.84	--	5	25420	买盘
14:40:57	50.84	0.01	5	25420	买盘
14:40:54	50.83	--	24	121992	卖盘
14:40:45	50.83	-0.01	1	5083	卖盘
14:40:42	50.84	-0.01	62	316021	卖盘
14:40:36	50.85	-0.01	1	5085	卖盘
14:40:27	50.86	-0.04	7	35602	卖盘
14:40:21	50.9	0.03	11	55990	买盘
14:40:15	50.87	-0.03	3	15261	中性盘
14:40:03	50.9	--	4	20360	买盘
14:39:54	50.9	-0.05	70	356300	卖盘
14:39:51	50.95	0.04	2	10190	买盘
14:39:36	50.91	-0.04	6	30545	卖盘
14:39:33	50.95	-0.01	1	5095	中性盘
14:39:27	50.96	0.01	11	56056	买盘
14:39:24	50.95	--	0	1019	卖盘
14:39:15	50.95	--	1	5095	卖盘
14:39:12	50.95	--	10	50950	卖盘
14:39:06	50.95	--	157	799915	卖盘
14:39:00	50.95	--	2	10190	卖盘
14:38:57	50.95	--	41	212971	买盘
14:38:54	50.95	--	3	15285	买盘
14:38:51	50.95	0.04	38	193610	买盘
14:38:48	50.91	-0.04	21	106911	卖盘
14:38:39	50.95	--	2	10190	买盘
14:38:36	50.95	--	40	204819	卖盘
14:38:27	50.95	--	52	264940	卖盘
14:38:24	50.95	--	2	10190	卖盘
14:38:21	50.95	--	10	50950	卖盘
14:38:18	50.95	--	1	5095	卖盘
14:38:12	50.95	0.05	95	488101	买盘
14:38:09	50.9	-0.02	4	20360	卖盘
14:38:06	50.92	0.01	66	336072	买盘
14:38:03	50.91	--	2	10182	买盘
14:38:00	50.91	--	33	168003	卖盘
14:37:54	50.91	--	15	76365	买盘
14:37:51	50.91	-0.01	5	25455	买盘
14:37:39	50.92	-0.03	1	5092	买盘
14:37:33	50.95	--	1	5095	买盘
14:37:30	50.95	0.04	11	56045	买盘
14:37:27	50.91	--	5	25455	卖盘
14:37:21	50.91	-0.04	5	25455	卖盘
14:37:18	50.95	0.03	54	275130	买盘
14:37:15	50.92	-0.03	8	40736	买盘
14:37:09	50.95	0.03	7	35665	买盘
14:37:03	50.92	0.01	1	5092	买盘
14:36:54	50.91	--	4	20364	买盘
14:36:51	50.91	--	8	40728	买盘
14:36:48	50.91	--	10	50910	卖盘
14:36:39	50.91	-0.04	10	50910	卖盘
14:36:33	50.95	0.11	5	25475	买盘
14:36:24	50.84	-0.11	71	360964	卖盘
14:36:15	50.95	0.04	15	76425	买盘
14:36:00	50.91	0.03	102	519281	买盘
14:35:48	50.88	-0.02	5	25440	卖盘
14:35:45	50.9	0.02	10	50900	买盘
14:35:39	50.88	0.03	11	60241	买盘
14:35:21	50.85	--	3	15255	卖盘
14:35:18	50.85	0.01	1	5085	买盘
14:35:09	50.84	--	96	488064	买盘
14:34:57	50.84	-0.04	5	25420	卖盘
14:34:54	50.88	--	14	71232	买盘
14:34:48	50.88	--	15	76320	买盘
14:34:30	50.88	-0.09	15	77134	卖盘
14:34:18	50.97	0.05	30	152910	买盘
14:34:15	50.92	0.02	3	15276	卖盘
14:34:12	50.9	0.01	6	34815	买盘
14:34:09	50.89	-0.03	19	96691	卖盘
14:34:06	50.92	0.02	23	117116	买盘
14:34:03	50.9	--	35	178150	买盘
14:33:57	50.9	-0.01	2	10180	卖盘
14:33:51	50.91	--	8	40728	买盘
14:33:48	50.91	0.01	5	25455	买盘
14:33:45	50.9	-0.02	2	10180	卖盘
14:33:42	50.92	0.02	1	5092	买盘
14:33:39	50.9	--	2	10180	卖盘
14:33:36	50.9	-0.02	1	5090	卖盘
14:33:33	50.92	--	3	15276	买盘
14:33:27	50.92	--	5	25460	买盘
14:33:24	50.92	--	2	10184	买盘
14:33:18	50.92	-0.04	12	61104	卖盘
14:33:15	50.96	--	3	15288	买盘
14:33:12	50.96	--	4	20384	买盘
14:33:09	50.96	-0.02	2	10192	买盘
14:33:06	50.98	0.02	113	576074	买盘
14:32:57	50.96	--	7	35672	买盘
14:32:54	50.96	-0.02	36	183456	卖盘
14:32:51	50.98	0.02	2	10196	买盘
14:32:45	50.96	--	4	20384	卖盘
14:32:42	50.96	0.06	17	86632	买盘
14:32:39	50.9	--	1	5090	买盘
14:32:36	50.9	-0.06	43	218870	卖盘
14:32:30	50.96	--	5	25480	买盘
14:32:27	50.96	-0.02	6	30576	买盘
14:32:24	50.98	--	1	5098	买盘
14:32:21	50.98	0.07	55	280390	买盘
14:32:18	50.91	-0.07	10	50910	卖盘
14:32:15	50.98	0.07	4	20392	买盘
14:32:12	50.91	-0.04	25	127274	卖盘
14:32:09	50.95	--	4	20380	买盘
14:32:03	50.95	0.04	6	30570	买盘
14:32:00	50.91	0.01	1	5091	买盘
14:31:57	50.9	--	40	203600	买盘
14:31:54	50.9	--	16	81440	买盘
14:31:51	50.9	--	2	10180	买盘
14:31:48	50.9	0.01	1	5090	买盘
14:31:42	50.89	0.01	61	310429	买盘
14:31:39	50.88	0.01	8	40704	买盘
14:31:36	50.87	0.01	1	5087	买盘
14:31:33	50.86	-0.01	4	20344	卖盘
14:31:30	50.87	0.01	15	76305	买盘
14:31:18	50.86	0.03	131	667283	买盘
14:31:15	50.83	--	53	269399	卖盘
14:31:06	50.83	--	3	15249	卖盘
14:31:00	50.83	--	12	60996	买盘
14:30:57	50.83	0.01	50	254150	买盘
14:30:51	50.82	--	58	294756	卖盘
14:30:45	50.82	-0.01	13	66066	卖盘
14:30:42	50.83	0.01	3	15249	买盘
14:30:36	50.82	--	10	50820	卖盘
14:30:33	50.82	0.01	161	818202	买盘
14:30:27	50.81	--	3	15243	卖盘
14:30:09	50.81	--	16	81296	买盘
14:29:54	50.81	0.01	20	101620	买盘
14:29:45	50.8	--	2	10160	卖盘
14:29:42	50.8	--	3	15240	卖盘
14:29:39	50.8	0.02	32	162560	买盘
14:29:36	50.78	--	1	5078	卖盘
14:29:27	50.78	0.07	6	30468	中性盘
14:29:09	50.71	-0.06	100	507100	卖盘
14:29:06	50.77	--	10	50770	卖盘
14:29:03	50.77	0.02	12	60924	买盘
14:28:51	50.75	--	2	10150	卖盘
14:28:45	50.75	--	2	10150	买盘
14:28:30	50.75	-0.06	8	40600	卖盘
14:28:24	50.81	0.04	15	76215	买盘
14:28:21	50.77	--	1	5077	买盘
14:28:18	50.77	-0.03	7	39600	卖盘
14:28:15	50.8	0.02	4	21336	买盘
14:28:09	50.78	--	8	40624	卖盘
14:28:06	50.78	--	2	10156	卖盘
14:28:03	50.78	--	1	5078	卖盘
14:27:57	50.78	--	116	589048	买盘
14:27:45	50.78	0.01	2	10156	买盘
14:27:36	50.77	-0.01	5	25385	卖盘
14:27:33	50.78	0.01	5	25390	买盘
14:27:30	50.77	--	2	10154	卖盘
14:27:27	50.77	-0.01	3	15231	卖盘
14:27:24	50.78	--	5	25390	买盘
14:27:21	50.78	0.01	5	25390	买盘
14:27:15	50.77	-0.01	2	10154	卖盘
14:27:09	50.78	0.01	27	137106	买盘
14:26:57	50.77	-0.01	2	10154	卖盘
14:26:54	50.78	--	1	5078	买盘
14:26:45	50.78	--	6	30468	买盘
14:26:42	50.78	--	26	132028	买盘
14:26:33	50.78	0.03	1	5078	买盘
14:26:30	50.75	-0.02	10	50750	卖盘
14:26:27	50.77	--	2	10154	卖盘
14:26:24	50.77	0.02	22	111694	买盘
14:26:18	50.75	--	3	15225	卖盘
14:26:15	50.75	-0.02	20	101500	卖盘
14:26:12	50.77	0.02	10	50770	买盘
14:26:06	50.75	--	1	5075	卖盘
14:26:00	50.75	--	1	5075	卖盘
14:25:57	50.75	--	3	15225	卖盘
14:25:54	50.75	0.02	8	40600	买盘
14:25:48	50.73	-0.02	5	25365	卖盘
14:25:45	50.75	--	2	10150	买盘
14:25:39	50.75	--	4	20300	买盘
14:25:33	50.75	--	10	50750	买盘
14:25:21	50.75	--	1	5075	买盘
14:25:00	50.75	0.03	2	10150	买盘
14:24:54	50.72	--	10	50720	买盘
14:24:51	50.72	0.01	2	10144	买盘
14:24:45	50.71	-0.01	1	5071	卖盘
14:24:36	50.72	0.01	12	60864	买盘
14:24:33	50.71	--	8	40568	卖盘
14:24:30	50.71	--	7	35497	卖盘
14:24:27	50.71	-0.01	61	309331	卖盘
14:24:21	50.72	0.01	5	25360	买盘
14:24:15	50.71	-0.01	5	25355	卖盘
14:24:06	50.72	--	26	131872	买盘
14:24:00	50.72	--	58	294176	卖盘
14:23:57	50.72	-0.03	26	131872	卖盘
14:23:54	50.75	0.03	6	30450	中性盘
14:23:39	50.72	-0.03	19	96368	卖盘
14:23:27	50.75	-0.02	1	5075	卖盘
14:23:24	50.77	0.02	213	1081401	买盘
14:23:15	50.75	--	13	65975	卖盘
14:23:12	50.75	--	1	5075	卖盘
14:23:09	50.75	--	11	55825	卖盘
14:23:06	50.75	--	2	10150	卖盘
14:23:03	50.75	--	14	71050	买盘
14:22:57	50.75	--	5	25375	买盘
14:22:51	50.75	--	2	10150	买盘
14:22:48	50.75	--	1	5075	买盘
14:22:45	50.75	-0.02	10	50750	卖盘
14:22:27	50.77	--	3	15231	买盘
14:22:24	50.77	-0.01	3	15231	卖盘
14:22:21	50.78	--	2	10156	买盘
14:22:12	50.78	--	5	25390	卖盘
14:22:09	50.78	--	2	10156	卖盘
14:22:03	50.78	--	2	10156	卖盘
14:21:57	50.78	-0.02	2	10156	中性盘
14:21:42	50.8	--	3	15240	买盘
14:21:33	50.8	0.03	34	172720	买盘
14:21:30	50.77	-0.01	7	35539	卖盘
14:21:18	50.78	0.01	2	10156	买盘
14:21:15	50.77	-0.01	1	5077	中性盘
14:21:12	50.78	--	5	25390	买盘
14:21:09	50.78	--	1	5078	买盘
14:21:03	50.78	0.06	50	253900	买盘
14:21:00	50.72	-0.05	42	213024	卖盘
14:20:54	50.77	0.05	12	60924	中性盘
14:20:42	50.72	-0.06	10	50720	卖盘
14:20:27	50.78	0.06	7	35546	买盘
14:20:24	50.72	--	1	5072	卖盘
14:20:15	50.72	--	13	65936	卖盘
14:20:09	50.72	-0.02	48	243456	卖盘
14:20:00	50.74	0.01	4	20296	买盘
14:19:57	50.73	--	5	25365	卖盘
14:19:51	50.73	--	1	5073	卖盘
14:19:36	50.73	-0.01	1	5073	卖盘
14:19:33	50.74	--	1	5074	买盘
14:19:27	50.74	0.02	58	294292	买盘
14:19:21	50.72	-0.01	2	10144	卖盘
14:19:18	50.73	0.01	3	15218	买盘
14:19:00	50.72	--	1	5072	买盘
14:18:57	50.72	-0.01	21	106512	卖盘
14:18:54	50.73	0.02	5	25365	买盘
14:18:51	50.71	-0.01	4	20284	卖盘
14:18:48	50.72	0.01	3	15216	中性盘
14:18:33	50.71	--	11	55781	卖盘
14:18:27	50.71	--	5	25355	卖盘
14:18:21	50.71	--	1	5071	卖盘
14:18:18	50.71	--	4	20284	卖盘
14:18:15	50.71	--	27	136917	卖盘
14:18:12	50.71	--	6	30426	卖盘
14:18:09	50.71	--	18	91278	卖盘
14:18:00	50.71	--	7	35497	卖盘
14:17:57	50.71	0.01	16	81136	卖盘
14:17:54	50.7	-0.01	6	30420	卖盘
14:17:51	50.71	0.01	85	431035	买盘
14:17:48	50.7	--	41	207870	卖盘
14:17:45	50.7	-0.01	5	25350	卖盘
14:17:42	50.71	--	4	20284	买盘
14:17:39	50.71	0.01	5	25355	买盘
14:17:36	50.7	-0.01	1	5070	卖盘
14:17:30	50.71	--	10	50710	买盘
14:17:21	50.71	--	3	15213	卖盘
14:17:18	50.71	--	5	25355	卖盘
14:17:15	50.71	--	4	20284	卖盘
14:17:12	50.71	--	5	25355	卖盘
14:17:06	50.71	--	21	106491	卖盘
14:17:00	50.71	--	13	65923	卖盘
14:16:57	50.71	--	4	20284	卖盘
14:16:54	50.71	-0.01	38	192698	卖盘
14:16:51	50.72	0.01	1	5072	中性盘
14:16:48	50.71	--	5	25355	卖盘
14:16:45	50.71	--	33	167343	卖盘
14:16:42	50.71	--	12	60852	卖盘
14:16:39	50.71	-0.03	5	25355	卖盘
14:16:36	50.74	0.03	20	101480	中性盘
14:16:24	50.71	-0.03	33	167343	卖盘
14:16:21	50.74	-0.01	1	5074	卖盘
14:16:18	50.75	--	22	111650	卖盘
14:16:15	50.75	--	8	40600	卖盘
14:16:09	50.75	-0.01	2	10150	卖盘
14:16:03	50.76	--	19	96444	卖盘
14:16:00	50.76	-0.01	36	182736	卖盘
14:15:57	50.77	--	6	30462	买盘
14:15:45	50.77	--	19	100524	卖盘
14:15:42	50.77	--	30	155356	卖盘
14:15:39	50.77	--	3	15231	卖盘
14:15:36	50.77	--	2	10154	卖盘
14:15:33	50.77	--	5	25385	卖盘
14:15:24	50.77	--	4	20308	卖盘
14:15:21	50.77	-0.01	1	5077	卖盘
14:15:06	50.78	-0.01	16	81248	卖盘
14:14:57	50.79	--	20	101580	卖盘
14:14:54	50.79	--	1	5079	卖盘
14:14:45	50.79	-0.01	120	609480	卖盘
14:14:42	50.8	-0.01	28	142240	卖盘
14:14:36	50.81	--	5	25405	卖盘
14:14:33	50.81	-0.01	10	50810	卖盘
14:14:30	50.82	0.01	1	5082	买盘
14:14:27	50.81	-0.01	1	5081	卖盘
14:14:06	50.82	--	39	198198	卖盘
14:14:03	50.82	-0.01	3	15246	卖盘
14:13:57	50.83	--	5	25415	买盘
14:13:48	50.83	0.01	1	5083	买盘
14:13:39	50.82	--	18	91476	卖盘
14:13:33	50.82	--	16	81312	卖盘
14:13:27	50.82	--	5	25410	卖盘
14:13:24	50.82	-0.01	4	20328	卖盘
14:13:21	50.83	0.01	3	15249	买盘
14:13:18	50.82	--	1	5082	卖盘
14:13:15	50.82	--	2	10164	卖盘
14:13:12	50.82	--	3	15246	卖盘
14:13:09	50.82	0.01	55	279510	买盘
14:13:03	50.81	-0.01	3	15243	卖盘
14:12:54	50.82	--	1	5082	买盘
14:12:51	50.82	--	24	121968	买盘
14:12:45	50.82	--	14	71148	买盘
14:12:33	50.82	--	9	45738	卖盘
14:12:24	50.82	--	1	5082	卖盘
14:12:21	50.82	0.01	23	116886	买盘
14:12:03	50.81	--	5	25405	卖盘
14:12:00	50.81	--	4	20324	卖盘
14:11:57	50.81	--	6	30486	卖盘
14:11:54	50.81	--	15	76215	卖盘
14:11:51	50.81	-0.01	1	5081	卖盘
14:11:48	50.82	0.01	2	10164	买盘
14:11:42	50.81	--	6	30486	卖盘
14:11:39	50.81	-0.01	1	5081	卖盘
14:11:36	50.82	--	7	35574	买盘
14:11:33	50.82	--	4	20328	买盘
14:11:30	50.82	0.01	19	96558	买盘
14:11:27	50.81	--	7	35567	卖盘
14:11:24	50.81	--	1	5081	卖盘
14:11:21	50.81	-0.01	8	40648	卖盘
14:11:18	50.82	0.01	5	25410	买盘
14:11:12	50.81	--	1	5081	卖盘
14:11:09	50.81	--	1	5081	卖盘
14:11:06	50.81	-0.01	10	50810	卖盘
14:11:03	50.82	0.01	6	30492	买盘
14:10:54	50.81	--	1	5081	卖盘
14:10:42	50.81	--	6	30486	卖盘
14:10:39	50.81	-0.01	4	20324	卖盘
14:10:36	50.82	0.01	20	101640	买盘
14:10:27	50.81	--	1	5081	卖盘
14:10:24	50.81	--	5	25405	卖盘
14:10:15	50.81	0.01	7	35567	买盘
14:10:12	50.8	--	13	66040	卖盘
14:10:09	50.8	--	50	254000	卖盘
14:10:00	50.8	--	7	35560	卖盘
14:09:57	50.8	--	24	121920	卖盘
14:09:51	50.8	0.01	102	518160	买盘
14:09:48	50.79	-0.01	5	25395	卖盘
14:09:45	50.8	--	8	40640	买盘
14:09:36	50.8	0.01	40	203200	买盘
14:09:33	50.79	--	3	15237	卖盘
14:09:27	50.79	-0.01	12	60948	卖盘
14:09:24	50.8	--	40	203200	买盘
14:09:21	50.8	0.01	25	127000	买盘
14:09:18	50.79	--	25	126975	卖盘
14:09:06	50.79	-0.01	1	5079	卖盘
14:09:03	50.8	0.01	2	10160	买盘
14:08:57	50.79	-0.01	3	15237	卖盘
14:08:54	50.8	0.01	15	76200	买盘
14:08:51	50.79	-0.01	4	20316	卖盘
14:08:45	50.8	0.01	2	10160	买盘
14:08:42	50.79	-0.01	2	10158	卖盘
14:08:36	50.8	--	25	127000	买盘
14:08:30	50.8	--	1	5080	买盘
14:08:27	50.8	--	2	10160	买盘
14:08:21	50.8	0.01	143	726440	买盘
14:08:15	50.79	-0.01	5	25395	卖盘
14:08:12	50.8	0.01	2	10160	买盘
14:08:09	50.79	--	1	5079	卖盘
14:08:03	50.79	--	14	71106	卖盘
14:08:00	50.79	-0.01	2	10158	卖盘
14:07:51	50.8	0.01	4	20320	买盘
14:07:39	50.79	-0.01	5	25395	卖盘
14:07:36	50.8	--	1	5080	买盘
14:07:33	50.8	0.01	4	20320	买盘
14:07:30	50.79	-0.01	20	101580	卖盘
14:07:27	50.8	0.01	1	5080	买盘
14:07:21	50.79	--	15	76185	卖盘
14:07:09	50.79	--	2	10158	卖盘
14:07:06	50.79	--	2	10158	卖盘
14:06:54	50.79	0.02	7	35553	买盘
14:06:51	50.77	-0.02	15	76155	卖盘
14:06:45	50.79	--	1	5079	卖盘
14:06:42	50.79	--	4	20316	买盘
14:06:39	50.79	0.02	7	35553	买盘
14:06:30	50.77	-0.01	116	588932	卖盘
14:06:27	50.78	--	3	15234	买盘
14:06:21	50.78	--	4	20312	买盘
14:06:15	50.78	0.01	1	5078	买盘
14:06:06	50.77	--	5	28431	买盘
14:06:03	50.77	--	1	5077	买盘
14:05:57	50.77	--	3	17261	卖盘
14:05:51	50.77	-0.02	5	25385	卖盘
14:05:48	50.79	--	20	101580	买盘
14:05:39	50.79	0.01	5	25395	买盘
14:05:33	50.78	--	9	45702	卖盘
14:05:30	50.78	-0.01	9	45702	卖盘
14:05:21	50.79	0.02	1	5079	买盘
14:05:03	50.77	--	2	10154	卖盘
14:04:51	50.77	-0.01	2	10154	卖盘
14:04:48	50.78	--	1	8124	买盘
14:04:33	50.78	-0.01	3	17265	卖盘
14:04:30	50.79	0.01	6	30474	买盘
14:04:27	50.78	-0.01	1	5078	卖盘
14:04:24	50.79	0.01	12	60948	买盘
14:04:12	50.78	-0.01	3	18280	中性盘
14:04:03	50.79	--	10	50790	买盘
14:03:51	50.79	0.03	2	10158	中性盘
14:03:48	50.76	-0.04	29	147204	卖盘
14:03:45	50.8	0.04	5	25400	买盘
14:03:39	50.76	--	5	25380	卖盘
14:03:36	50.76	-0.04	10	50760	卖盘
14:03:33	50.8	0.03	27	137160	买盘
14:03:30	50.77	-0.02	26	132002	卖盘
14:03:27	50.79	0.02	3	15237	买盘
14:03:18	50.77	--	4	20308	卖盘
14:03:12	50.77	-0.03	5	25385	卖盘
14:03:06	50.8	0.03	3	15240	买盘
14:02:54	50.77	--	4	20308	买盘
14:02:48	50.77	--	3	15231	买盘
14:02:45	50.77	-0.03	2	10154	卖盘
14:02:36	50.8	--	1	5080	买盘
14:02:18	50.8	--	1	5080	买盘
14:02:12	50.8	0.03	17	86360	买盘
14:02:09	50.77	-0.03	6	30462	卖盘
14:02:06	50.8	-0.01	6	30480	卖盘
14:02:03	50.81	0.01	5	25405	买盘
14:01:57	50.8	--	10	50800	买盘
14:01:48	50.8	0.03	2	10160	中性盘
14:01:39	50.77	-0.03	6	30462	卖盘
14:01:33	50.8	0.01	2	10160	买盘
14:01:30	50.79	-0.01	3	15237	卖盘
14:01:27	50.8	--	11	55880	买盘
14:01:21	50.8	-0.01	63	320040	卖盘
14:01:18	50.81	0.01	7	35567	买盘
14:01:09	50.8	--	1	5080	买盘
14:01:03	50.8	0.01	11	55880	买盘
14:01:00	50.79	--	1	5079	卖盘
14:00:57	50.79	--	6	30474	卖盘
14:00:48	50.79	-0.01	15	76185	卖盘
14:00:42	50.8	--	5	25400	买盘
14:00:39	50.8	--	1	5080	买盘
14:00:33	50.8	0.01	6	30480	买盘
14:00:30	50.79	--	17	86343	中性盘
14:00:24	50.79	--	1	5079	卖盘
14:00:21	50.79	--	3	15237	买盘
14:00:15	50.79	0.01	12	60948	买盘
14:00:09	50.78	--	3	15234	卖盘
14:00:03	50.78	0.02	20	101560	买盘
14:00:00	50.76	-0.01	51	258876	卖盘
13:59:54	50.77	0.01	3	15231	买盘
13:59:51	50.76	--	1	5076	卖盘
13:59:48	50.76	--	4	20304	卖盘
13:59:45	50.76	0.01	14	71064	买盘
13:59:42	50.75	-0.01	11	55825	卖盘
13:59:39	50.76	0.01	5	25380	买盘
13:59:36	50.75	--	2	10150	卖盘
13:59:27	50.75	-0.01	5	25375	卖盘
13:59:24	50.76	0.01	10	50760	买盘
13:59:21	50.75	--	35	177625	卖盘
13:59:18	50.75	--	24	121800	卖盘
13:59:15	50.75	-0.01	10	50750	卖盘
13:59:12	50.76	--	12	60912	买盘
13:59:09	50.76	0.01	6	30456	买盘
13:59:06	50.75	-0.01	1	5075	卖盘
13:59:00	50.76	--	7	35532	买盘
13:58:57	50.76	0.01	10	50760	买盘
13:58:54	50.75	--	14	71050	卖盘
13:58:45	50.75	--	5	25375	卖盘
13:58:42	50.75	-0.01	56	284200	卖盘
13:58:39	50.76	0.01	11	55836	买盘
13:58:33	50.75	-0.01	19	96425	卖盘
13:58:30	50.76	0.01	1	5076	买盘
13:58:27	50.75	--	2	10150	卖盘
13:58:21	50.75	-0.01	5	25375	卖盘
13:58:15	50.76	--	3	15228	买盘
13:58:12	50.76	--	5	25380	买盘
13:58:06	50.76	--	3	15228	卖盘
13:58:03	50.76	--	3	15228	卖盘
13:58:00	50.76	--	9	45684	卖盘
13:57:57	50.76	--	1	5076	卖盘
13:57:54	50.76	-0.01	5	25380	卖盘
13:57:45	50.77	-0.01	25	126925	卖盘
13:57:39	50.78	--	10	50780	买盘
13:57:36	50.78	--	4	20312	卖盘
13:57:33	50.78	-0.01	11	55858	卖盘
13:57:15	50.79	-0.01	2	10158	卖盘
13:57:06	50.8	0.01	5	25400	买盘
13:57:03	50.79	-0.01	35	177765	卖盘
13:56:54	50.8	--	1	5080	卖盘
13:56:51	50.8	--	2	10160	卖盘
13:56:48	50.8	-0.01	2	10160	卖盘
13:56:36	50.81	-0.02	162	823122	卖盘
13:56:33	50.83	-0.01	2	10166	卖盘
13:56:30	50.84	0.01	3	15252	买盘
13:56:27	50.83	-0.01	9	45747	卖盘
13:56:24	50.84	--	11	55924	买盘
13:56:12	50.84	--	2	10168	买盘
13:56:06	50.84	--	8	40672	卖盘
13:56:03	50.84	--	21	106764	卖盘
13:55:54	50.84	0.01	1	5084	买盘
13:55:48	50.83	-0.01	3	15249	卖盘
13:55:45	50.84	0.01	2	10168	买盘
13:55:39	50.83	--	4	20332	卖盘
13:55:21	50.83	--	5	25415	卖盘
13:55:12	50.83	--	26	132158	卖盘
13:55:09	50.83	--	5	25415	卖盘
13:55:06	50.83	--	1	5083	卖盘
13:54:39	50.83	-0.01	20	101660	卖盘
13:54:36	50.84	0.01	2	10168	买盘
13:54:33	50.83	-0.01	1	5083	卖盘
13:54:27	50.84	0.01	6	30504	买盘
13:54:18	50.83	-0.01	10	50830	卖盘
13:54:09	50.84	-0.01	1	5084	卖盘
13:54:03	50.85	0.01	3	15255	买盘
13:53:51	50.84	-0.01	3	15252	卖盘
13:53:48	50.85	0.01	1	5085	买盘
13:53:42	50.84	-0.01	2	10168	卖盘
13:53:36	50.85	0.01	2	10170	买盘
13:53:30	50.84	--	2	10168	卖盘
13:53:27	50.84	--	1	5084	卖盘
13:53:21	50.84	-0.01	1	5084	中性盘
13:53:09	50.85	0.02	50	254250	买盘
13:53:06	50.83	--	1	5083	卖盘
13:53:03	50.83	-0.01	24	121992	卖盘
13:53:00	50.84	0.01	5	25420	买盘
13:52:45	50.83	--	5	25415	卖盘
13:52:42	50.83	--	2	10166	卖盘
13:52:39	50.83	0.01	27	137241	买盘
13:52:36	50.82	--	2	10164	卖盘
13:52:30	50.82	--	2	10164	卖盘
13:52:24	50.82	--	4	20328	卖盘
13:52:21	50.82	--	10	50820	卖盘
13:52:18	50.82	0.01	35	177870	买盘
13:52:15	50.81	--	1	5081	卖盘
13:52:12	50.81	--	10	50810	卖盘
13:52:00	50.81	0.01	42	213402	买盘
13:51:57	50.8	--	3	15240	卖盘
13:51:54	50.8	--	2	10160	中性盘
13:51:45	50.8	--	5	25400	买盘
13:51:42	50.8	--	13	66040	卖盘
13:51:39	50.8	-0.01	6	30480	卖盘
13:51:30	50.81	-0.01	8	40648	卖盘
13:51:21	50.82	--	3	15246	卖盘
13:51:15	50.82	-0.01	5	25410	卖盘
13:51:09	50.83	-0.01	7	35581	卖盘
13:51:06	50.84	--	2	10168	买盘
13:50:48	50.84	-0.01	1	5084	卖盘
13:50:39	50.85	-0.02	7	35595	卖盘
13:50:33	50.87	--	5	25435	买盘
13:50:24	50.87	0.01	5	25435	买盘
13:50:21	50.86	-0.02	1	5086	卖盘
13:50:18	50.88	--	23	117024	卖盘
13:50:12	50.88	0.02	12	61056	买盘
13:50:03	50.86	-0.01	16	81376	卖盘
13:50:00	50.87	--	1	5087	卖盘
13:49:54	50.87	--	1	5087	卖盘
13:49:51	50.87	-0.01	4	20348	卖盘
13:49:45	50.88	--	1	5088	卖盘
13:49:42	50.88	0.01	9	45792	买盘
13:49:39	50.87	--	1	5087	卖盘
13:49:36	50.87	--	2	10174	卖盘
13:49:33	50.87	--	2	10174	卖盘
13:49:30	50.87	-0.01	4	20348	中性盘
13:49:18	50.88	-0.02	3	15264	卖盘
13:49:15	50.9	--	5	25450	卖盘
13:49:06	50.9	--	2	10180	卖盘
13:49:03	50.9	--	10	50900	卖盘
13:49:00	50.9	-0.01	1	5090	卖盘
13:48:54	50.91	--	6	30545	买盘
13:48:51	50.91	--	13	66183	卖盘
13:48:48	50.91	-0.01	1	5091	卖盘
13:48:45	50.92	0.01	2	10184	卖盘
13:48:42	50.91	--	1	5091	卖盘
13:48:36	50.91	--	2	10182	卖盘
13:48:33	50.91	--	23	117092	卖盘
13:48:30	50.91	--	4	20364	卖盘
13:48:27	50.91	--	21	106911	卖盘
13:48:24	50.91	--	1	5091	卖盘
13:48:21	50.91	-0.01	9	45819	卖盘
13:48:18	50.92	--	21	106932	卖盘
13:48:12	50.92	--	5	25460	卖盘
13:48:09	50.92	0.01	1	5092	买盘
13:48:06	50.91	--	1	5091	卖盘
13:48:00	50.91	-0.01	19	96729	卖盘
13:47:57	50.92	0.01	12	61104	中性盘
13:47:51	50.91	--	1	5091	卖盘
13:47:39	50.91	-0.06	110	560010	卖盘
13:47:36	50.97	0.05	38	193686	买盘
13:47:33	50.92	-0.05	3	15276	卖盘
13:47:21	50.97	0.05	1	5097	买盘
13:47:15	50.92	-0.05	14	71288	卖盘
13:47:06	50.97	--	1	5097	买盘
13:46:57	50.97	0.03	148	754356	买盘
13:46:51	50.94	0.02	8	40752	买盘
13:46:45	50.92	--	1	5092	卖盘
13:46:42	50.92	--	1	5092	卖盘
13:46:39	50.92	--	10	50920	卖盘
13:46:36	50.92	--	1	5092	卖盘
13:46:33	50.92	--	5	25460	卖盘
13:46:30	50.92	--	5	25460	卖盘
13:46:27	50.92	--	91	463372	卖盘
13:46:21	50.92	--	2	10184	卖盘
13:46:15	50.92	--	16	81472	买盘
13:46:12	50.92	--	3	15276	买盘
13:46:09	50.92	--	2	10184	卖盘
13:46:03	50.92	--	6	30552	卖盘
13:46:00	50.92	--	2	10184	卖盘
13:45:54	50.92	0.01	10	50920	买盘
13:45:39	50.91	--	2	10182	卖盘
13:45:36	50.91	--	5	25455	卖盘
13:45:33	50.91	0.01	69	351279	买盘
13:45:30	50.9	--	51	259590	卖盘
13:45:24	50.9	--	1	5090	卖盘
13:45:21	50.9	0.02	45	232663	买盘
13:45:18	50.88	-0.02	2	10176	卖盘
13:45:12	50.9	-0.01	20	101800	买盘
13:45:00	50.91	-0.01	96	490212	卖盘
13:44:57	50.92	--	2	10184	卖盘
13:44:48	50.92	--	3	15276	卖盘
13:44:30	50.92	-0.03	2	10184	卖盘
13:44:24	50.95	0.03	5	25475	买盘
13:44:18	50.92	--	10	50920	卖盘
13:44:15	50.92	--	48	244416	买盘
13:44:12	50.92	--	1	5092	买盘
13:44:06	50.92	--	72	366624	买盘
13:44:03	50.92	--	33	168036	买盘
13:43:54	50.92	--	1	5092	买盘
13:43:51	50.92	0.08	2	10184	买盘
13:43:45	50.84	--	44	227305	买盘
13:43:42	50.84	-0.06	218	1109786	卖盘
13:43:36	50.9	--	10	50900	卖盘
13:43:30	50.9	--	3	15270	卖盘
13:43:27	50.9	0.01	38	197033	买盘
13:43:24	50.89	--	21	106869	买盘
13:43:12	50.89	0.02	96	488544	买盘
13:43:06	50.87	--	1	5087	买盘
13:43:03	50.87	--	13	66131	买盘
13:42:57	50.87	0.02	7	35609	买盘
13:42:48	50.85	--	3	15255	卖盘
13:42:45	50.85	--	6	30510	买盘
13:42:42	50.85	--	6	30510	买盘
13:42:39	50.85	--	2	10170	买盘
13:42:36	50.85	0.01	2	10170	买盘
13:42:30	50.84	--	8	40672	买盘
13:42:27	50.84	0.01	24	122016	买盘
13:42:24	50.83	0.01	13	66079	买盘
13:42:15	50.82	0.02	21	106722	买盘
13:42:12	50.8	--	1	5080	卖盘
13:42:09	50.8	0.01	10	50800	买盘
13:42:06	50.79	--	1	5079	卖盘
13:42:03	50.79	--	25	126975	买盘
13:42:00	50.79	--	8	40632	买盘
13:41:54	50.79	0.01	10	50790	买盘
13:41:51	50.78	--	32	162496	卖盘
13:41:48	50.78	--	10	50780	买盘
13:41:42	50.78	0.01	3	15234	买盘
13:41:39	50.77	--	36	182772	卖盘
13:41:33	50.77	-0.02	5	25385	卖盘
13:41:30	50.79	0.01	4	20316	买盘
13:41:27	50.78	--	1	5078	卖盘
13:41:24	50.78	0.01	5	25390	买盘
13:41:21	50.77	-0.02	2	10154	卖盘
13:41:18	50.79	--	2	10158	买盘
13:41:12	50.79	0.01	8	40632	买盘
13:41:09	50.78	--	1	5078	买盘
13:41:06	50.78	--	2	10156	卖盘
13:41:03	50.78	-0.01	1	5078	卖盘
13:41:00	50.79	--	1	5079	买盘
13:40:51	50.79	0.01	4	20316	买盘
13:40:45	50.78	--	9	45702	卖盘
13:40:39	50.78	--	10	50780	卖盘
13:40:33	50.78	-0.01	10	50780	卖盘
13:40:27	50.79	0.02	11	55869	买盘
13:40:24	50.77	-0.01	1	5077	中性盘
13:40:21	50.78	--	4	20312	买盘
13:40:18	50.78	-0.02	9	45702	卖盘
13:40:15	50.8	0.02	25	127000	中性盘
13:40:12	50.78	--	1	5078	卖盘
13:40:06	50.78	-0.03	50	253900	卖盘
13:40:03	50.81	0.01	15	76215	买盘
13:40:00	50.8	--	5	25400	买盘
13:39:57	50.8	--	8	40640	买盘
13:39:54	50.8	--	3	15240	买盘
13:39:51	50.8	--	23	116840	买盘
13:39:42	50.8	-0.01	14	71120	卖盘
13:39:39	50.81	-0.01	15	76215	卖盘
13:39:36	50.82	0.01	2	10164	买盘
13:39:27	50.81	0.01	35	177835	卖盘
13:39:24	50.8	--	41	208280	卖盘
13:39:21	50.8	--	8	40640	卖盘
13:39:15	50.8	-0.01	10	50800	卖盘
13:39:12	50.81	--	9	45729	买盘
13:39:00	50.81	-0.01	12	60972	卖盘
13:38:57	50.82	--	18	91476	卖盘
13:38:48	50.82	-0.01	2	10164	卖盘
13:38:39	50.83	--	2	10166	卖盘
13:38:36	50.83	--	7	35581	卖盘
13:38:27	50.83	-0.01	1	5083	卖盘
13:38:24	50.84	--	1	5084	买盘
13:38:21	50.84	-0.01	4	20336	卖盘
13:38:18	50.85	--	1	5085	买盘
13:38:15	50.85	0.01	1	5085	买盘
13:38:09	50.84	-0.01	3	15252	卖盘
13:38:06	50.85	--	1	5085	买盘
13:38:00	50.85	--	29	147465	卖盘
13:37:54	50.85	--	2	10170	卖盘
13:37:48	50.85	-0.01	5	25425	卖盘
13:37:45	50.86	--	16	81376	中性盘
13:37:30	50.86	--	69	350934	卖盘
13:37:21	50.86	0.01	22	111892	买盘
13:37:18	50.85	--	10	50850	买盘
13:37:09	50.85	--	3	15255	买盘
13:37:03	50.85	--	12	61020	卖盘
13:37:00	50.85	--	1	5085	卖盘
13:36:57	50.85	-0.01	12	61020	卖盘
13:36:51	50.86	0.01	6	30516	买盘
13:36:45	50.85	--	8	40680	卖盘
13:36:42	50.85	0.03	25	127125	买盘
13:36:39	50.82	-0.03	24	121968	卖盘
13:36:36	50.85	0.01	10	50850	买盘
13:36:33	50.84	--	27	137268	卖盘
13:36:30	50.84	--	11	55924	卖盘
13:36:24	50.84	--	12	61008	买盘
13:36:21	50.84	--	5	25420	买盘
13:36:15	50.84	-0.01	5	25420	卖盘
13:36:06	50.85	-0.01	8	40680	卖盘
13:36:03	50.86	0.01	1	5086	买盘
13:35:57	50.85	--	1	5085	卖盘
13:35:54	50.85	--	20	101700	卖盘
13:35:51	50.85	-0.01	1	5085	卖盘
13:35:48	50.86	--	5	25430	买盘
13:35:42	50.86	--	36	183096	卖盘
13:35:39	50.86	--	1	5086	卖盘
13:35:36	50.86	-0.01	1	5086	卖盘
13:35:27	50.87	-0.01	95	483265	卖盘
13:35:24	50.88	--	16	81408	买盘
13:35:21	50.88	-0.01	5	25440	买盘
13:35:09	50.89	0.01	16	81424	买盘
13:35:06	50.88	-0.01	14	71232	卖盘
13:35:03	50.89	0.01	2	10178	买盘
13:34:51	50.88	0.01	8	40704	中性盘
13:34:36	50.87	-0.03	63	320481	卖盘
13:34:21	50.9	--	20	101800	买盘
13:34:18	50.9	0.02	12	61080	买盘
13:34:15	50.88	-0.02	5	25440	中性盘
13:34:03	50.9	0.03	11	55990	买盘
13:34:00	50.87	-0.02	50	254350	卖盘
13:33:54	50.89	--	2	10178	买盘
13:33:51	50.89	--	1	5089	买盘
13:33:48	50.89	-0.01	1	5089	中性盘
13:33:42	50.9	0.02	13	66170	买盘
13:33:39	50.88	-0.01	7	35616	卖盘
13:33:36	50.89	--	4	20356	卖盘
13:33:27	50.89	0.01	1	5089	买盘
13:33:24	50.88	-0.01	3	15264	卖盘
13:33:15	50.89	-0.01	2	10178	买盘
13:33:09	50.9	0.01	6	30540	买盘
13:33:06	50.89	--	51	259539	卖盘
13:33:03	50.89	--	1	5089	卖盘
13:33:00	50.89	--	6	30534	卖盘
13:32:57	50.89	--	1	5089	卖盘
13:32:48	50.89	--	17	86513	卖盘
13:32:45	50.89	-0.01	2	10178	卖盘
13:32:42	50.9	--	3	15270	买盘
13:32:39	50.9	0.01	2	10180	买盘
13:32:36	50.89	-0.01	1	5089	卖盘
13:32:27	50.9	--	4	20360	买盘
13:32:15	50.9	--	27	137430	卖盘
13:32:09	50.9	-0.02	5	25450	卖盘
13:32:06	50.92	0.02	50	254600	买盘
13:32:03	50.9	-0.01	5	25450	卖盘
13:32:00	50.91	--	16	81456	买盘
13:31:51	50.91	0.02	1	5091	买盘
13:31:48	50.89	-0.02	9	45801	卖盘
13:31:42	50.91	--	10	50910	卖盘
13:31:30	50.91	-0.01	30	152730	卖盘
13:31:27	50.92	0.01	4	20368	买盘
13:31:24	50.91	--	1	5091	卖盘
13:31:18	50.91	0.01	22	112001	买盘
13:31:15	50.9	--	5	25450	买盘
13:31:12	50.9	0.01	2	10180	中性盘
13:31:03	50.89	-0.02	6	30534	卖盘
13:31:00	50.91	0.01	2	10182	买盘
13:30:57	50.9	0.01	2	10180	中性盘
13:30:54	50.89	-0.01	1	5089	卖盘
13:30:51	50.9	-0.01	34	173060	中性盘
13:30:48	50.91	0.02	2	10182	买盘
13:30:42	50.89	-0.01	31	157759	卖盘
13:30:39	50.9	-0.01	10	50900	卖盘
13:30:36	50.91	0.01	2	10182	买盘
13:30:33	50.9	-0.01	4	20360	卖盘
13:30:30	50.91	--	20	101820	买盘
13:30:21	50.91	-0.01	3	15272	卖盘
13:30:15	50.92	--	14	71288	买盘
13:30:12	50.92	--	2	10184	买盘
13:30:03	50.92	--	107	544844	买盘
13:29:57	50.92	-0.03	4	20368	卖盘
13:29:54	50.95	--	20	101900	买盘
13:29:51	50.95	--	1	5095	买盘
13:29:48	50.95	0.03	30	152850	买盘
13:29:45	50.92	-0.03	11	56012	卖盘
13:29:24	50.95	-0.01	51	259845	卖盘
13:29:21	50.96	-0.02	53	270088	卖盘
13:29:12	50.98	--	3	15293	卖盘
13:29:06	50.98	-0.02	1	5098	卖盘
13:28:54	51.0	--	1	5100	买盘
13:28:51	51.0	0.02	9	45900	买盘
13:28:48	50.98	-0.02	1	5098	卖盘
13:28:45	51.0	0.02	4	20400	买盘
13:28:42	50.98	--	2	10196	卖盘
13:28:24	50.98	--	25	127449	卖盘
13:28:21	50.98	0.01	5	25490	买盘
13:28:09	50.97	--	13	66261	买盘
13:28:03	50.97	0.02	4	20388	买盘
13:28:00	50.95	-0.02	9	45855	卖盘
13:27:54	50.97	0.01	20	101940	买盘
13:27:51	50.96	0.01	6	30576	买盘
13:27:39	50.95	0.03	111	565545	买盘
13:27:36	50.92	-0.03	4	20368	卖盘
13:27:27	50.95	0.03	2	10190	买盘
13:27:21	50.92	--	1	5092	中性盘
13:27:18	50.92	0.01	50	254600	买盘
13:27:15	50.91	0.01	7	35637	买盘
13:27:06	50.9	--	3	15270	卖盘
13:27:00	50.9	--	4	20360	买盘
13:26:57	50.9	--	1	5090	买盘
13:26:51	50.9	0.01	3	15270	买盘
13:26:48	50.89	--	3	15267	卖盘
13:26:45	50.89	--	2	10178	卖盘
13:26:42	50.89	--	38	193382	买盘
13:26:36	50.89	--	23	117047	买盘
13:26:33	50.89	--	63	320607	买盘
13:26:30	50.89	--	8	40712	买盘
13:26:27	50.89	0.02	1	5089	买盘
13:26:24	50.87	0.01	2	10174	卖盘
13:26:21	50.86	--	34	172924	卖盘
13:26:18	50.86	-0.03	3	15258	卖盘
13:26:15	50.89	0.02	155	788795	买盘
13:26:12	50.87	0.01	15	76305	买盘
13:26:09	50.86	-0.01	4	20344	卖盘
13:26:06	50.87	0.01	7	35609	买盘
13:26:03	50.86	--	3	15258	卖盘
13:25:57	50.86	--	15	76290	卖盘
13:25:54	50.86	0.01	5	25430	中性盘
13:25:51	50.85	--	2	10170	卖盘
13:25:48	50.85	-0.01	12	61020	卖盘
13:25:45	50.86	0.01	10	50860	买盘
13:25:42	50.85	--	57	289845	卖盘
13:25:39	50.85	-0.01	1	5085	卖盘
13:25:36	50.86	0.01	3	15258	中性盘
13:25:33	50.85	0.01	2	10170	卖盘
13:25:30	50.84	--	5	25420	卖盘
13:25:27	50.84	0.01	7	35588	中性盘
13:25:24	50.83	-0.01	101	513383	卖盘
13:25:21	50.84	-0.01	2	10168	中性盘
13:25:18	50.85	0.01	17	86445	买盘
13:25:15	50.84	0.01	5	25420	买盘
13:25:12	50.83	-0.01	25	127075	卖盘
13:25:09	50.84	--	5	25420	卖盘
13:25:06	50.84	--	2	10168	卖盘
13:25:03	50.84	-0.01	14	71176	卖盘
13:25:00	50.85	-0.01	114	579690	卖盘
13:24:57	50.86	--	3	15258	买盘
13:24:54	50.86	--	3	15258	买盘
13:24:51	50.86	-0.01	18	91548	卖盘
13:24:48	50.87	-0.01	7	35609	卖盘
13:24:45	50.88	--	3	15264	买盘
13:24:36	50.88	--	9	45792	卖盘
13:24:33	50.88	-0.01	7	35616	卖盘
13:24:30	50.89	--	2	10178	买盘
13:24:27	50.89	--	24	122136	买盘
13:24:24	50.89	--	13	66157	卖盘
13:24:21	50.89	--	18	91602	卖盘
13:24:18	50.89	--	4	20356	卖盘
13:24:15	50.89	-0.01	15	76335	卖盘
13:24:09	50.9	--	18	91620	买盘
13:24:06	50.9	--	1	5090	卖盘
13:24:03	50.9	-0.01	13	66170	卖盘
13:24:00	50.91	0.01	12	61091	买盘
13:23:57	50.9	-0.01	4	20360	卖盘
13:23:54	50.91	--	29	147639	卖盘
13:23:51	50.91	--	33	168003	卖盘
13:23:48	50.91	-0.01	10	50910	卖盘
13:23:45	50.92	--	15	76380	卖盘
13:23:42	50.92	--	2	10184	卖盘
13:23:39	50.92	-0.02	27	137484	卖盘
13:23:30	50.94	-0.01	50	254700	卖盘
13:23:27	50.95	--	10	50950	买盘
13:23:24	50.95	--	8	40760	买盘
13:23:21	50.95	--	1	5095	买盘
13:23:18	50.95	0.01	6	30570	买盘
13:23:15	50.94	-0.01	3	15282	卖盘
13:23:12	50.95	--	3	15285	买盘
13:23:09	50.95	--	11	56045	卖盘
13:23:06	50.95	-0.01	28	142660	卖盘
13:23:00	50.96	-0.01	40	203840	卖盘
13:22:54	50.97	--	6	30582	卖盘
13:22:48	50.97	--	11	56067	卖盘
13:22:45	50.97	-0.02	6	30582	卖盘
13:22:39	50.99	0.01	8	40792	买盘
13:22:36	50.98	-0.01	5	25490	卖盘
13:22:27	50.99	-0.01	32	163168	卖盘
13:22:24	51.0	0.01	2	10200	买盘
13:22:21	50.99	-0.01	8	40792	卖盘
13:22:18	51.0	-0.01	8	40800	卖盘
13:22:15	51.01	-0.01	45	229545	买盘
13:22:06	51.02	--	0	1173	卖盘
13:22:00	51.02	--	17	86734	卖盘
13:21:57	51.02	--	7	35714	卖盘
13:21:51	51.02	0.01	15	76530	卖盘
13:21:45	51.01	--	10	54937	买盘
13:21:42	51.01	-0.04	24	124974	卖盘
13:21:39	51.05	--	53	270565	买盘
13:21:24	51.05	0.04	9	45945	买盘
13:21:18	51.01	-0.06	3	15303	卖盘
13:21:15	51.07	0.02	37	188959	买盘
13:21:06	51.05	--	4	20420	买盘
13:21:00	51.05	0.03	39	199095	买盘
13:20:54	51.02	--	4	20408	卖盘
13:20:51	51.02	--	16	84183	卖盘
13:20:45	51.02	-0.03	13	66326	卖盘
13:20:36	51.05	--	1	5105	买盘
13:20:33	51.05	--	12	61260	买盘
13:20:21	51.05	-0.02	40	204200	卖盘
13:20:18	51.07	0.02	7	35749	买盘
13:20:12	51.05	--	10	51050	卖盘
13:20:09	51.05	--	3	15315	中性盘
13:20:06	51.05	--	2	10210	买盘
13:20:00	51.05	-0.02	2	10210	卖盘
13:19:57	51.07	--	6	30642	买盘
13:19:51	51.07	0.04	11	56177	买盘
13:19:42	51.03	-0.04	1	5103	卖盘
13:19:39	51.07	0.02	16	81712	买盘
13:19:36	51.05	0.02	3	15315	买盘
13:19:30	51.03	--	2	10206	卖盘
13:19:27	51.03	-0.01	16	81648	买盘
13:19:24	51.04	0.04	5	25520	买盘
13:19:18	51.0	-0.03	32	163200	卖盘
13:19:15	51.03	--	4	20412	卖盘
13:19:12	51.03	0.02	6	30618	买盘
13:19:09	51.01	0.01	1	5101	中性盘
13:19:03	51.0	-0.01	13	66300	卖盘
13:18:57	51.01	--	15	76515	买盘
13:18:51	51.01	-0.02	32	163232	卖盘
13:18:48	51.03	--	7	35721	卖盘
13:18:45	51.03	--	1	5103	买盘
13:18:42	51.03	0.02	1	5103	买盘
13:18:33	51.01	--	5	25505	卖盘
13:18:30	51.01	0.01	5	25505	买盘
13:18:27	51.0	-0.01	1	5100	卖盘
13:18:21	51.01	0.01	3	15303	买盘
13:18:18	51.0	--	4	20400	卖盘
13:18:15	51.0	-0.01	12	61200	卖盘
13:18:09	51.01	0.01	5	25505	买盘
13:18:06	51.0	--	2	10200	买盘
13:18:03	51.0	--	5	25500	买盘
13:18:00	51.0	--	4	20400	买盘
13:17:57	51.0	0.01	11	56100	买盘
13:17:54	50.99	-0.01	7	35693	卖盘
13:17:51	51.0	--	45	229500	买盘
13:17:48	51.0	0.01	1	5100	买盘
13:17:42	50.99	--	1	5099	买盘
13:17:39	50.99	0.02	35	178465	买盘
13:17:36	50.97	-0.02	8	40776	卖盘
13:17:33	50.99	0.02	8	40792	买盘
13:17:27	50.97	0.02	22	112134	中性盘
13:17:18	50.95	--	9	45855	卖盘
13:17:15	50.95	-0.01	18	91710	卖盘
13:17:09	50.96	--	3	15288	卖盘
13:17:03	50.96	0.01	7	35672	买盘
13:17:00	50.95	--	5	25475	卖盘
13:16:57	50.95	--	6	30570	买盘
13:16:51	50.95	0.02	21	106995	买盘
13:16:48	50.93	--	8	40744	买盘
13:16:45	50.93	--	3	15279	买盘
13:16:42	50.93	--	14	71302	买盘
13:16:39	50.93	--	3	15279	买盘
13:16:36	50.93	--	10	50930	买盘
13:16:27	50.93	0.01	3	15279	买盘
13:16:24	50.92	--	3	15276	卖盘
13:16:21	50.92	-0.01	35	178220	卖盘
13:16:18	50.93	--	4	20372	中性盘
13:16:15	50.93	-0.02	1	5093	卖盘
13:16:12	50.95	0.02	9	45855	买盘
13:16:09	50.93	0.01	9	45837	中性盘
13:16:06	50.92	--	8	40736	卖盘
13:16:03	50.92	-0.01	23	117116	卖盘
13:16:00	50.93	0.01	1	5093	中性盘
13:15:57	50.92	-0.03	28	142576	卖盘
13:15:54	50.95	0.03	23	117185	买盘
13:15:51	50.92	--	2	10184	卖盘
13:15:45	50.92	--	3	15276	买盘
13:15:42	50.92	0.03	2	10184	买盘
13:15:39	50.89	-0.06	31	157759	卖盘
13:15:36	50.95	--	9	45855	买盘
13:15:30	50.95	-0.01	43	219085	卖盘
13:15:24	50.96	--	4	20384	买盘
13:15:21	50.96	-0.03	27	137592	卖盘
13:15:12	50.99	--	1	5099	卖盘
13:15:09	50.99	-0.01	4	20396	卖盘
13:15:06	51.0	--	7	35700	买盘
13:15:00	51.0	-0.04	22	112200	卖盘
13:14:57	51.04	-0.01	19	96976	买盘
13:14:51	51.05	--	27	137835	买盘
13:14:48	51.05	--	13	66365	买盘
13:14:45	51.05	--	9	45945	买盘
13:14:39	51.05	-0.01	9	45945	卖盘
13:14:36	51.06	--	11	56166	买盘
13:14:33	51.06	-0.04	1	5106	中性盘
13:14:30	51.1	0.04	1	5110	买盘
13:14:27	51.06	-0.13	2	10212	中性盘
13:14:18	51.19	0.02	4	20476	买盘
13:14:15	51.17	0.07	10	51170	买盘
13:14:12	51.1	-0.08	2	10220	卖盘
13:14:09	51.18	-0.01	15	76770	卖盘
13:14:06	51.19	-0.01	1	5119	卖盘
13:14:03	51.2	-0.03	29	148480	卖盘
13:14:00	51.23	--	5	25615	卖盘
13:13:57	51.23	-0.02	7	35861	卖盘
13:13:48	51.25	--	6	30750	买盘
13:13:45	51.25	-0.02	7	35875	卖盘
13:13:42	51.27	0.01	19	97413	买盘
13:13:39	51.26	-0.01	12	61512	卖盘
13:13:36	51.27	-0.01	10	51270	卖盘
13:13:24	51.28	-0.02	17	87176	卖盘
13:13:21	51.3	--	22	112860	卖盘
13:13:18	51.3	--	10	51300	卖盘
13:13:15	51.3	-0.03	7	35910	卖盘
13:13:09	51.33	0.01	23	118059	买盘
13:13:06	51.32	--	75	384900	卖盘
13:13:03	51.32	--	35	179620	卖盘
13:13:00	51.32	--	57	292524	卖盘
13:12:57	51.32	--	1	5132	卖盘
13:12:54	51.32	--	3	15396	卖盘
13:12:51	51.32	--	7	35924	卖盘
13:12:48	51.32	--	2	10264	卖盘
13:12:45	51.32	--	12	61584	卖盘
13:12:42	51.32	-0.01	11	56452	卖盘
13:12:39	51.33	--	43	220719	买盘
13:12:33	51.33	--	17	87261	卖盘
13:12:30	51.33	--	12	61596	卖盘
13:12:27	51.33	-0.01	44	225852	卖盘
13:12:24	51.34	--	4	20536	买盘
13:12:21	51.34	--	4	20536	买盘
13:12:18	51.34	--	6	30804	卖盘
13:12:15	51.34	--	5	25670	卖盘
13:12:12	51.34	--	36	184824	卖盘
13:12:09	51.34	--	56	287504	卖盘
13:12:03	51.34	-0.01	21	107814	卖盘
13:12:00	51.35	--	33	169455	卖盘
13:11:57	51.35	--	3	15405	卖盘
13:11:54	51.35	--	9	46215	卖盘
13:11:51	51.35	-0.01	21	107835	卖盘
13:11:48	51.36	--	21	107856	买盘
13:11:45	51.36	-0.01	44	225984	买盘
13:11:42	51.37	--	10	51370	买盘
13:11:39	51.37	0.01	40	205480	买盘
13:11:36	51.36	--	18	92448	卖盘
13:11:33	51.36	-0.01	33	169488	卖盘
13:11:30	51.37	0.01	16	82192	买盘
13:11:27	51.36	--	6	30816	卖盘
13:11:24	51.36	--	5	25680	卖盘
13:11:21	51.36	-0.01	54	277344	卖盘
13:11:15	51.37	--	19	97603	卖盘
13:11:12	51.37	--	53	272261	买盘
13:11:09	51.37	--	9	46233	卖盘
13:11:06	51.37	--	34	174658	买盘
13:11:03	51.37	0.03	26	133562	买盘
13:11:00	51.34	-0.03	7	35938	卖盘
13:10:57	51.37	--	14	71918	买盘
13:10:51	51.37	0.04	28	143836	买盘
13:10:42	51.33	-0.04	1	5133	卖盘
13:10:39	51.37	0.04	11	56507	买盘
13:10:36	51.33	--	10	51330	卖盘
13:10:33	51.33	-0.05	4	20532	卖盘
13:10:30	51.38	0.05	5	25690	买盘
13:10:27	51.33	--	10	51330	卖盘
13:10:24	51.33	0.01	105	538965	卖盘
13:10:21	51.32	-0.03	22	112904	卖盘
13:10:18	51.35	0.03	107	549445	买盘
13:10:15	51.32	--	9	46188	卖盘
13:10:12	51.32	--	7	35924	卖盘
13:10:09	51.32	-0.01	11	56452	卖盘
13:10:06	51.33	0.03	24	123192	买盘
13:10:03	51.3	-0.02	2	10260	卖盘
13:10:00	51.32	--	10	51320	买盘
13:09:57	51.32	--	7	35924	买盘
13:09:54	51.32	0.04	41	210412	买盘
13:09:51	51.28	-0.04	5	25640	卖盘
13:09:48	51.32	0.04	8	41056	买盘
13:09:45	51.28	--	72	369216	卖盘
13:09:42	51.28	-0.02	8	41024	中性盘
13:09:39	51.3	0.04	368	1887840	买盘
13:09:36	51.26	-0.01	5	25630	卖盘
13:09:33	51.27	--	9	46143	卖盘
13:09:30	51.27	0.02	15	76905	买盘
13:09:27	51.25	-0.01	7	35875	卖盘
13:09:24	51.26	-0.01	3	15378	卖盘
13:09:21	51.27	0.02	6	30762	买盘
13:09:18	51.25	--	9	46125	卖盘
13:09:12	51.25	-0.01	6	30750	卖盘
13:09:09	51.26	0.03	15	76890	买盘
13:09:06	51.23	--	2	10246	卖盘
13:09:03	51.23	--	1	5123	买盘
13:09:00	51.23	--	31	158813	买盘
13:08:57	51.23	0.02	24	122951	买盘
13:08:54	51.21	--	2	10242	卖盘
13:08:51	51.21	0.01	2	10242	买盘
13:08:48	51.2	--	7	35840	卖盘
13:08:45	51.2	-0.01	10	51200	卖盘
13:08:42	51.21	0.01	10	51210	买盘
13:08:39	51.2	--	27	138700	买盘
13:08:36	51.2	--	25	128000	买盘
13:08:33	51.2	--	136	696320	买盘
13:08:30	51.2	--	24	122880	买盘
13:08:27	51.2	0.02	19	97280	买盘
13:08:21	51.18	0.08	2	10236	中性盘
13:08:15	51.1	-0.01	112	572320	卖盘
13:08:09	51.11	0.01	15	76665	买盘
13:08:06	51.1	--	23	117530	买盘
13:08:03	51.1	0.01	12	61320	买盘
13:07:57	51.09	--	21	107289	买盘
13:07:51	51.09	--	1	5109	买盘
13:07:45	51.09	0.01	69	352521	买盘
13:07:42	51.08	0.03	13	66404	买盘
13:07:36	51.05	-0.02	1	5105	卖盘
13:07:30	51.07	0.02	26	132782	买盘
13:07:21	51.05	--	3	15315	卖盘
13:07:18	51.05	--	1	5105	买盘
13:07:15	51.05	--	1	5105	买盘
13:07:09	51.05	0.03	10	51050	买盘
13:07:03	51.02	0.01	5	25510	中性盘
13:06:54	51.01	--	7	35707	买盘
13:06:51	51.01	0.01	6	30606	买盘
13:06:48	51.0	-0.01	1	5100	卖盘
13:06:45	51.01	--	5	25505	买盘
13:06:42	51.01	0.01	15	76515	买盘
13:06:36	51.0	-0.01	1	5100	卖盘
13:06:33	51.01	-0.04	1	5101	卖盘
13:06:27	51.05	0.04	3	15315	买盘
13:06:24	51.01	0.01	8	40808	卖盘
13:06:12	51.0	--	5	25500	卖盘
13:06:09	51.0	--	3	15300	卖盘
13:05:57	51.0	0.04	1	5100	买盘
13:05:51	50.96	-0.07	3	15288	卖盘
13:05:48	51.03	0.07	40	204120	买盘
13:05:42	50.96	-0.04	2	10192	卖盘
13:05:39	51.0	--	50	255000	买盘
13:05:36	51.0	0.04	10	51000	买盘
13:05:30	50.96	--	10	50960	卖盘
13:05:24	50.96	-0.04	40	203840	卖盘
13:05:21	51.0	--	5	25500	卖盘
13:05:15	51.0	--	2	10200	卖盘
13:05:12	51.0	--	8	40800	买盘
13:05:09	51.0	--	1	5100	买盘
13:05:03	51.0	--	7	35700	买盘
13:04:54	51.0	0.04	15	76500	买盘
13:04:51	50.96	-0.04	39	198744	卖盘
13:04:45	51.0	0.04	1	5100	买盘
13:04:42	50.96	-0.04	10	50960	卖盘
13:04:39	51.0	0.04	1	5100	买盘
13:04:36	50.96	--	1	5096	卖盘
13:04:33	50.96	--	2	10192	卖盘
13:04:30	50.96	-0.04	8	40768	卖盘
13:04:27	51.0	--	6	30600	买盘
13:04:21	51.0	0.04	4	20400	买盘
13:04:15	50.96	-0.04	5	25480	卖盘
13:04:12	51.0	0.03	9	45900	买盘
13:04:06	50.97	0.01	2	10194	中性盘
13:04:03	50.96	--	16	81536	卖盘
13:03:57	50.96	0.01	11	56056	中性盘
13:03:54	50.95	-0.01	17	86615	卖盘
13:03:48	50.96	-0.04	21	107016	卖盘
13:03:39	51.0	--	7	35700	买盘
13:03:33	51.0	--	7	35700	买盘
13:03:30	51.0	--	3	15300	买盘
13:03:24	51.0	--	6	30600	卖盘
13:03:21	51.0	--	9	45900	卖盘
13:03:18	51.0	--	2	10200	卖盘
13:03:15	51.0	-0.01	1	5100	卖盘
13:03:09	51.01	-0.07	33	168333	卖盘
13:03:06	51.08	--	1	5108	买盘
13:03:00	51.08	--	1	5108	买盘
13:02:57	51.08	-0.01	18	91944	卖盘
13:02:48	51.09	--	1	5109	卖盘
13:02:45	51.09	-0.01	2	10218	卖盘
13:02:42	51.1	--	1	5110	买盘
13:02:39	51.1	-0.01	5	25550	卖盘
13:02:36	51.11	0.01	9	45999	买盘
13:02:33	51.1	-0.01	1	5110	卖盘
13:02:30	51.11	-0.01	4	20444	卖盘
13:02:24	51.12	--	4	20448	买盘
13:02:18	51.12	0.01	4	20448	买盘
13:02:15	51.11	-0.01	1	5111	卖盘
13:02:09	51.12	-0.06	12	61344	卖盘
13:02:03	51.18	0.06	52	266136	买盘
13:02:00	51.12	-0.06	3	15336	卖盘
13:01:57	51.18	--	1	5118	买盘
13:01:48	51.18	--	12	61416	卖盘
13:01:45	51.18	--	3	15354	卖盘
13:01:42	51.18	--	3	15354	卖盘
13:01:39	51.18	0.03	13	66534	买盘
13:01:33	51.15	-0.03	5	25575	卖盘
13:01:30	51.18	0.03	8	40944	买盘
13:01:27	51.15	--	3	15345	卖盘
13:01:24	51.15	--	5	25575	卖盘
13:01:21	51.15	--	5	25575	卖盘
13:01:15	51.15	-0.03	12	61380	卖盘
13:01:12	51.18	--	2	10236	卖盘
13:01:06	51.18	-0.01	10	51180	卖盘
13:01:00	51.19	--	6	30714	买盘
13:00:57	51.19	0.01	2	10238	买盘
13:00:48	51.18	-0.02	5	25590	卖盘
13:00:39	51.2	--	10	51200	买盘
13:00:30	51.2	0.08	103	527360	买盘
13:00:21	51.12	-0.05	20	102240	卖盘
13:00:18	51.17	0.06	2	10234	卖盘
13:00:15	51.11	--	1	5111	买盘
13:00:12	51.11	--	4	20444	买盘
13:00:09	51.11	-0.07	207	1057977	卖盘
13:00:06	51.18	0.02	185	946830	买盘
13:00:03	51.16	0.01	251	1284116	买盘
13:00:00	51.15	--	0	0	买盘
11:30:00	51.15	0.02	1	5115	买盘
11:29:57	51.13	-0.02	10	51130	中性盘
11:29:54	51.15	0.02	200	1023000	买盘
11:29:51	51.13	-0.02	33	168729	卖盘
11:29:45	51.15	--	3	15345	买盘
11:29:39	51.15	0.02	13	66495	买盘
11:29:36	51.13	-0.02	35	178955	卖盘
11:29:30	51.15	--	9	46035	买盘
11:29:27	51.15	0.02	14	71610	买盘
11:29:24	51.13	-0.02	40	204520	卖盘
11:29:21	51.15	0.02	6	30690	买盘
11:29:18	51.13	-0.02	11	56243	卖盘
11:29:15	51.15	--	3	15345	买盘
11:29:12	51.15	--	2	10230	买盘
11:29:09	51.15	--	21	107415	卖盘
11:29:06	51.15	-0.01	11	56265	中性盘
11:29:03	51.16	0.01	15	76740	买盘
11:29:00	51.15	--	4	20460	卖盘
11:28:57	51.15	--	3	15345	买盘
11:28:54	51.15	0.02	10	51150	买盘
11:28:48	51.13	-0.02	1	5113	卖盘
11:28:45	51.15	-0.01	9	46035	中性盘
11:28:39	51.16	0.03	22	112551	买盘
11:28:36	51.13	--	9	46017	卖盘
11:28:33	51.13	--	7	35791	卖盘
11:28:30	51.13	-0.04	5	25565	卖盘
11:28:27	51.17	0.02	19	97223	买盘
11:28:24	51.15	0.02	8	40920	买盘
11:28:21	51.13	--	52	265876	卖盘
11:28:12	51.13	--	8	40904	买盘
11:28:09	51.13	--	3	15339	买盘
11:28:06	51.13	--	3	15339	买盘
11:28:03	51.13	-0.03	4	20452	买盘
11:27:57	51.16	0.06	3	15347	买盘
11:27:54	51.1	-0.05	43	219730	卖盘
11:27:51	51.15	0.02	5	25575	买盘
11:27:45	51.13	--	5	25565	卖盘
11:27:42	51.13	--	5	25565	卖盘
11:27:39	51.13	-0.05	478	2444014	卖盘
11:27:36	51.18	0.01	139	711402	买盘
11:27:30	51.17	0.01	16	81872	买盘
11:27:27	51.16	--	5	25580	买盘
11:27:24	51.16	--	3	15347	卖盘
11:27:21	51.16	-0.01	21	107436	卖盘
11:27:15	51.17	0.01	34	173978	中性盘
11:27:12	51.16	-0.02	3	15347	卖盘
11:27:09	51.18	--	14	71652	买盘
11:27:06	51.18	--	5	25590	买盘
11:27:00	51.18	0.02	131	670458	买盘
11:26:54	51.16	-0.02	30	153480	卖盘
11:26:48	51.18	0.06	65	332670	买盘
11:26:45	51.12	-0.05	2	10224	卖盘
11:26:42	51.17	0.01	35	179095	买盘
11:26:39	51.16	--	12	61391	买盘
11:26:36	51.16	0.01	6	30695	买盘
11:26:33	51.15	-0.01	13	66495	中性盘
11:26:30	51.16	0.07	196	1002735	买盘
11:26:27	51.09	-0.01	63	321867	卖盘
11:26:24	51.1	0.01	36	183960	买盘
11:26:21	51.09	--	56	286104	买盘
11:26:18	51.09	--	13	66417	买盘
11:26:12	51.09	0.01	21	107289	买盘
11:26:09	51.08	0.03	34	173672	买盘
11:26:00	51.05	--	0	2807	卖盘
11:25:57	51.05	0.07	38	193990	买盘
11:25:54	50.98	--	1	5098	卖盘
11:25:51	50.98	--	7	35686	卖盘
11:25:48	50.98	--	66	336468	买盘
11:25:45	50.98	-0.02	70	356860	卖盘
11:25:42	51.0	--	40	204000	买盘
11:25:39	51.0	--	23	117300	买盘
11:25:36	51.0	0.02	14	71400	买盘
11:25:27	50.98	0.02	145	739210	买盘
11:25:18	50.96	-0.02	11	56056	卖盘
11:25:15	50.98	0.01	4	20392	买盘
11:25:12	50.97	--	9	45873	买盘
11:25:06	50.97	--	1	5097	买盘
11:24:57	50.97	-0.01	10	50970	卖盘
11:24:54	50.98	-0.01	12	61175	中性盘
11:24:51	50.99	-0.01	6	30594	中性盘
11:24:39	51.0	0.01	12	61200	买盘
11:24:36	50.99	--	7	35693	卖盘
11:24:33	50.99	-0.01	78	397722	卖盘
11:24:30	51.0	--	10	51000	买盘
11:24:27	51.0	--	5	25500	买盘
11:24:24	51.0	--	28	142800	买盘
11:24:21	51.0	--	18	91800	卖盘
11:24:15	51.0	-0.07	14	71400	卖盘
11:24:09	51.07	--	8	40856	卖盘
11:24:06	51.07	-0.01	8	40856	卖盘
11:24:03	51.08	0.01	2	10216	买盘
11:23:57	51.07	--	2	10214	卖盘
11:23:51	51.07	-0.01	4	20428	买盘
11:23:48	51.08	0.01	4	20432	买盘
11:23:45	51.07	-0.01	4	20428	卖盘
11:23:42	51.08	-0.01	1	5108	买盘
11:23:39	51.09	--	4	20436	买盘
11:23:30	51.09	0.02	1	5109	买盘
11:23:27	51.07	-0.02	16	81712	卖盘
11:23:24	51.09	-0.01	2	10218	中性盘
11:23:21	51.1	--	14	71540	买盘
11:23:15	51.1	0.01	102	521220	买盘
11:23:12	51.09	-0.01	17	86853	中性盘
11:23:09	51.1	0.01	7	35770	买盘
11:23:06	51.09	-0.01	9	45981	卖盘
11:23:03	51.1	--	14	71540	买盘
11:23:00	51.1	--	3	15330	买盘
11:22:57	51.1	0.01	82	419020	买盘
11:22:54	51.09	0.03	75	383175	买盘
11:22:51	51.06	--	7	35742	卖盘
11:22:48	51.06	--	1	5106	卖盘
11:22:45	51.06	0.03	239	1221355	买盘
11:22:42	51.03	--	32	163296	买盘
11:22:39	51.03	0.03	5	25515	买盘
11:22:36	51.0	--	2	10200	卖盘
11:22:33	51.0	-0.02	5	25500	卖盘
11:22:30	51.02	0.02	43	219386	买盘
11:22:27	51.0	--	2	10200	卖盘
11:22:24	51.0	--	6	30600	卖盘
11:22:18	51.0	--	25	127500	卖盘
11:22:15	51.0	--	10	51000	卖盘
11:22:12	51.0	--	36	183600	买盘
11:22:03	51.0	0.01	105	535500	买盘
11:22:00	50.99	0.01	11	56089	买盘
11:21:57	50.98	--	8	40784	卖盘
11:21:51	50.98	--	2	10196	买盘
11:21:48	50.98	--	8	40784	卖盘
11:21:42	50.98	-0.02	1	5098	卖盘
11:21:39	51.0	0.02	3	15300	买盘
11:21:36	50.98	-0.02	57	290586	卖盘
11:21:33	51.0	--	3	15300	买盘
11:21:30	51.0	0.01	2	10200	买盘
11:21:27	50.99	--	3	15297	卖盘
11:21:24	50.99	--	2	10198	买盘
11:21:21	50.99	-0.01	4	20396	买盘
11:21:06	51.0	0.01	101	515100	买盘
11:21:03	50.99	-0.01	11	56089	卖盘
11:21:00	51.0	--	10	51000	买盘
11:20:54	51.0	0.01	29	147900	买盘
11:20:48	50.99	--	8	40792	买盘
11:20:45	50.99	0.03	11	56089	买盘
11:20:36	50.96	0.01	14	71344	买盘
11:20:30	50.95	-0.01	1	5095	卖盘
11:20:27	50.96	0.01	6	30576	买盘
11:20:15	50.95	0.04	13	66235	买盘
11:20:12	50.91	-0.01	2	10182	卖盘
11:20:09	50.92	--	1	5092	买盘
11:20:03	50.92	0.01	5	25460	买盘
11:20:00	50.91	0.01	2	10182	买盘
11:19:57	50.9	--	1	5090	卖盘
11:19:51	50.9	0.01	93	477187	买盘
11:19:48	50.89	-0.01	12	61068	卖盘
11:19:45	50.9	0.01	4	20360	买盘
11:19:36	50.89	--	2	10178	卖盘
11:19:33	50.89	0.03	18	91602	买盘
11:19:30	50.86	-0.03	1	5086	卖盘
11:19:21	50.89	--	6	30534	买盘
11:19:18	50.89	--	4	20356	买盘
11:19:12	50.89	--	1	5089	中性盘
11:19:09	50.89	--	12	61068	卖盘
11:19:06	50.89	0.02	10	50890	买盘
11:19:03	50.87	-0.02	37	188219	卖盘
11:18:57	50.89	0.02	8	40712	买盘
11:18:54	50.87	-0.02	6	30522	卖盘
11:18:42	50.89	0.02	2	10178	买盘
11:18:36	50.87	--	10	50870	卖盘
11:18:33	50.87	-0.01	2	10174	卖盘
11:18:30	50.88	-0.01	2	10176	买盘
11:18:27	50.89	0.02	29	147581	买盘
11:18:21	50.87	-0.02	10	50870	卖盘
11:18:15	50.89	--	4	20356	买盘
11:18:12	50.89	--	14	71246	买盘
11:18:00	50.89	--	2	10178	买盘
11:17:57	50.89	0.02	10	50890	买盘
11:17:54	50.87	-0.02	3	15261	卖盘
11:17:48	50.89	--	1	5089	买盘
11:17:45	50.89	--	1	5089	买盘
11:17:42	50.89	--	6	30534	买盘
11:17:39	50.89	--	5	25445	买盘
11:17:36	50.89	--	5	25445	买盘
11:17:30	50.89	--	8	40712	卖盘
11:17:27	50.89	--	12	61068	买盘
11:17:18	50.89	--	3	15267	买盘
11:17:15	50.89	--	2	10178	买盘
11:17:09	50.89	--	13	66157	买盘
11:17:06	50.89	--	5	25445	买盘
11:17:03	50.89	--	3	15267	买盘
11:16:57	50.89	0.01	10	50890	买盘
11:16:54	50.88	0.01	14	71232	买盘
11:16:51	50.87	--	14	71218	买盘
11:16:45	50.87	-0.03	19	96653	卖盘
11:16:42	50.9	--	10	50900	买盘
11:16:39	50.9	0.02	2	10180	买盘
11:16:33	50.88	-0.02	12	61056	卖盘
11:16:30	50.9	0.02	3	15270	买盘
11:16:18	50.88	--	1	5088	卖盘
11:16:15	50.88	-0.02	1	5088	卖盘
11:16:12	50.9	0.02	1	5090	买盘
11:16:06	50.88	-0.02	6	30528	卖盘
11:16:03	50.9	--	1	5090	买盘
11:16:00	50.9	--	10	50900	买盘
11:15:57	50.9	--	12	61080	买盘
11:15:54	50.9	--	3	15270	买盘
11:15:51	50.9	--	34	173060	买盘
11:15:42	50.9	0.03	21	106890	买盘
11:15:39	50.87	-0.03	1	5087	卖盘
11:15:33	50.9	0.03	7	35630	买盘
11:15:21	50.87	-0.03	3	15261	卖盘
11:15:18	50.9	0.03	91	463190	买盘
11:15:12	50.87	0.02	34	172958	买盘
11:15:09	50.85	--	10	50850	买盘
11:15:06	50.85	--	1	5085	买盘
11:15:03	50.85	-0.01	28	142380	卖盘
11:15:00	50.86	--	11	55946	买盘
11:14:57	50.86	0.01	12	61032	买盘
11:14:51	50.85	--	3	15255	卖盘
11:14:45	50.85	0.01	25	127125	买盘
11:14:42	50.84	-0.01	10	50840	卖盘
11:14:39	50.85	0.02	1	5085	买盘
11:14:30	50.83	--	8	40664	买盘
11:14:27	50.83	--	21	106743	买盘
11:14:24	50.83	--	15	76245	买盘
11:14:18	50.83	-0.02	10	50830	卖盘
11:14:15	50.85	0.02	14	71190	买盘
11:14:06	50.83	0.01	14	71162	买盘
11:13:57	50.82	--	5	25410	买盘
11:13:54	50.82	0.01	10	50820	买盘
11:13:51	50.81	--	3	15243	卖盘
11:13:48	50.81	--	7	35567	卖盘
11:13:45	50.81	--	12	60972	卖盘
11:13:39	50.81	--	11	55891	买盘
11:13:36	50.81	--	10	50810	买盘
11:13:33	50.81	--	7	35567	卖盘
11:13:27	50.81	0.01	26	132106	买盘
11:13:21	50.8	-0.02	4	20320	卖盘
11:13:18	50.82	0.01	6	30492	买盘
11:13:15	50.81	--	2	10162	卖盘
11:13:12	50.81	--	3	15243	卖盘
11:13:09	50.81	0.01	4	20324	买盘
11:13:06	50.8	--	12	60960	买盘
11:13:00	50.8	-0.02	28	142240	卖盘
11:12:54	50.82	0.02	8	40656	买盘
11:12:51	50.8	--	11	55880	卖盘
11:12:48	50.8	-0.01	10	50800	卖盘
11:12:42	50.81	-0.01	7	35567	卖盘
11:12:39	50.82	0.01	11	55902	买盘
11:12:36	50.81	-0.01	20	101620	卖盘
11:12:30	50.82	--	2	10164	卖盘
11:12:24	50.82	-0.03	18	91476	卖盘
11:12:21	50.85	0.03	3	15255	中性盘
11:12:15	50.82	-0.03	10	50820	卖盘
11:12:12	50.85	-0.01	2	10170	中性盘
11:12:06	50.86	--	5	25430	买盘
11:11:57	50.86	--	7	35602	买盘
11:11:54	50.86	--	3	15258	卖盘
11:11:51	50.86	-0.01	1	5086	卖盘
11:11:48	50.87	0.01	7	35609	买盘
11:11:45	50.86	-0.01	5	25430	卖盘
11:11:39	50.87	--	12	61044	卖盘
11:11:36	50.87	0.01	6	30522	卖盘
11:11:30	50.86	-0.01	17	86462	卖盘
11:11:27	50.87	--	7	35609	买盘
11:11:24	50.87	--	1	5087	买盘
11:11:18	50.87	-0.01	2	10174	卖盘
11:11:15	50.88	-0.01	15	76320	卖盘
11:11:12	50.89	0.01	24	122136	买盘
11:11:09	50.88	--	6	30528	卖盘
11:11:03	50.88	-0.01	4	20352	卖盘
11:11:00	50.89	--	4	20356	买盘
11:10:57	50.89	--	12	61068	买盘
11:10:54	50.89	--	2	10178	买盘
11:10:48	50.89	--	3	15267	买盘
11:10:42	50.89	--	3	15267	卖盘
11:10:39	50.89	--	3	15267	卖盘
11:10:36	50.89	--	5	25445	卖盘
11:10:33	50.89	--	2	10178	卖盘
11:10:30	50.89	--	13	66157	卖盘
11:10:27	50.89	--	3	15267	卖盘
11:10:24	50.89	--	2	10178	卖盘
11:10:21	50.89	0.01	47	239183	买盘
11:10:18	50.88	-0.01	2	10176	卖盘
11:10:15	50.89	0.01	4	20356	买盘
11:10:12	50.88	--	8	40704	卖盘
11:10:06	50.88	-0.01	2	10176	卖盘
11:10:03	50.89	0.01	1	5089	中性盘
11:10:00	50.88	--	3	15264	卖盘
11:09:57	50.88	-0.02	14	71232	卖盘
11:09:54	50.9	0.02	28	142520	买盘
11:09:48	50.88	-0.01	12	61056	卖盘
11:09:45	50.89	--	2	10178	卖盘
11:09:42	50.89	0.01	4	20356	中性盘
11:09:39	50.88	--	24	122112	卖盘
11:09:36	50.88	--	32	162816	卖盘
11:09:33	50.88	-0.01	5	25440	卖盘
11:09:30	50.89	0.01	6	30534	买盘
11:09:27	50.88	-0.01	5	25440	卖盘
11:09:24	50.89	--	5	25445	买盘
11:09:18	50.89	--	13	66157	买盘
11:09:12	50.89	--	2	10178	买盘
11:09:09	50.89	--	1	5089	买盘
11:09:06	50.89	0.01	2	10178	买盘
11:09:00	50.88	-0.01	15	76320	卖盘
11:08:57	50.89	-0.01	10	50890	卖盘
11:08:51	50.9	0.01	9	45810	买盘
11:08:48	50.89	--	3	15267	卖盘
11:08:45	50.89	--	10	50890	卖盘
11:08:42	50.89	--	15	76335	卖盘
11:08:39	50.89	--	6	30534	卖盘
11:08:36	50.89	--	13	66157	卖盘
11:08:33	50.89	--	18	91602	卖盘
11:08:30	50.89	--	24	122136	卖盘
11:08:27	50.89	-0.01	10	50890	卖盘
11:08:21	50.9	--	31	157790	买盘
11:08:18	50.9	--	2	10180	卖盘
11:08:15	50.9	--	12	61080	卖盘
11:08:12	50.9	--	30	152700	卖盘
11:08:09	50.9	--	8	40720	卖盘
11:08:06	50.9	--	2	10180	卖盘
11:08:03	50.9	-0.01	14	71260	卖盘
11:08:00	50.91	--	12	61091	买盘
11:07:57	50.91	-0.01	6	30545	买盘
11:07:54	50.92	--	1	5092	卖盘
11:07:51	50.92	0.01	21	106932	买盘
11:07:48	50.91	--	4	20364	卖盘
11:07:45	50.91	-0.07	10	50910	卖盘
11:07:42	50.98	--	6	30587	买盘
11:07:36	50.98	0.07	6	30587	买盘
11:07:33	50.91	-0.01	5	25455	卖盘
11:07:30	50.92	0.01	1	5092	卖盘
11:07:27	50.91	-0.07	7	35637	卖盘
11:07:18	50.98	--	2	10196	买盘
11:07:15	50.98	-0.02	19	96862	卖盘
11:07:12	51.0	-0.02	33	170595	卖盘
11:07:09	51.02	0.02	3	15306	买盘
11:07:06	51.0	-0.01	3	15300	卖盘
11:07:03	51.01	0.01	54	275454	中性盘
11:07:00	51.0	--	1	5100	卖盘
11:06:54	51.0	-0.04	57	290700	卖盘
11:06:51	51.04	0.04	24	122496	买盘
11:06:48	51.0	-0.04	21	107100	卖盘
11:06:45	51.04	--	8	40832	卖盘
11:06:42	51.04	--	5	25520	卖盘
11:06:39	51.04	--	11	56144	卖盘
11:06:36	51.04	0.04	211	1076944	买盘
11:06:33	51.0	--	37	188700	卖盘
11:06:30	51.0	--	20	102000	卖盘
11:06:27	51.0	--	12	61200	卖盘
11:06:24	51.0	--	12	61200	卖盘
11:06:21	51.0	--	2	10200	卖盘
11:06:18	51.0	--	11	56100	卖盘
11:06:15	51.0	0.04	204	1043205	买盘
11:06:09	50.96	-0.04	40	203840	卖盘
11:06:00	51.0	--	10	53295	卖盘
11:05:57	51.0	--	8	40800	卖盘
11:05:54	51.0	-0.02	2	10200	卖盘
11:05:51	51.02	0.02	8	40816	买盘
11:05:48	51.0	-0.02	37	188700	卖盘
11:05:42	51.02	--	3	15306	卖盘
11:05:39	51.02	0.02	31	158162	买盘
11:05:36	51.0	-0.02	1	5100	卖盘
11:05:33	51.02	0.02	12	61224	买盘
11:05:30	51.0	--	5	25500	卖盘
11:05:27	51.0	-0.02	13	66300	卖盘
11:05:24	51.02	0.02	22	112244	买盘
11:05:21	51.0	--	5	25500	卖盘
11:05:18	51.0	--	89	453900	卖盘
11:05:15	51.0	--	3	15300	卖盘
11:05:12	51.0	--	35	178500	卖盘
11:05:09	51.0	--	15	76500	卖盘
11:05:06	51.0	--	36	183600	卖盘
11:05:03	51.0	--	34	173400	卖盘
11:05:00	51.0	-0.01	8	40800	卖盘
11:04:57	51.01	-0.03	3	15303	买盘
11:04:54	51.04	--	10	51040	买盘
11:04:51	51.04	--	6	30624	卖盘
11:04:48	51.04	0.03	40	204160	买盘
11:04:45	51.01	-0.03	17	86717	卖盘
11:04:42	51.04	0.03	4	20416	买盘
11:04:36	51.01	--	16	81616	卖盘
11:04:33	51.01	-0.02	17	86717	卖盘
11:04:30	51.03	-0.02	15	76545	卖盘
11:04:27	51.05	0.01	28	142940	买盘
11:04:24	51.04	0.01	40	204160	买盘
11:04:21	51.03	0.03	5	25515	买盘
11:04:18	51.0	--	5	25500	卖盘
11:04:15	51.0	--	1	5100	卖盘
11:04:12	51.0	-0.03	23	117300	卖盘
11:04:09	51.03	0.03	65	331695	买盘
11:04:06	51.0	0.04	23	120105	买盘
11:04:03	50.96	-0.04	18	94021	卖盘
11:04:00	51.0	-0.01	22	112200	卖盘
11:03:57	51.01	0.03	50	257855	买盘
11:03:54	50.98	--	1	5098	中性盘
11:03:48	50.98	-0.02	2	10196	卖盘
11:03:45	51.0	0.04	27	137700	买盘
11:03:42	50.96	--	5	25480	卖盘
11:03:33	50.96	--	8	40768	卖盘
11:03:30	50.96	-0.04	20	101920	卖盘
11:03:27	51.0	--	2	10200	卖盘
11:03:24	51.0	--	2	10200	卖盘
11:03:21	51.0	--	190	969000	卖盘
11:03:18	51.0	-0.05	24	122400	卖盘
11:03:15	51.05	0.05	114	581970	买盘
11:03:12	51.0	--	97	494700	卖盘
11:03:09	51.0	--	1	5100	卖盘
11:03:06	51.0	-0.02	7	35700	卖盘
11:03:03	51.02	0.02	18	91836	买盘
11:02:57	51.0	--	1	5100	卖盘
11:02:51	51.0	--	8	40800	卖盘
11:02:48	51.0	-0.02	12	61200	卖盘
11:02:45	51.02	0.02	12	61224	买盘
11:02:42	51.0	-0.01	20	102000	卖盘
11:02:39	51.01	0.01	15	76515	买盘
11:02:33	51.0	--	59	300900	买盘
11:02:24	51.0	-0.01	20	102000	中性盘
11:02:21	51.01	0.02	28	142828	买盘
11:02:18	50.99	-0.01	10	50990	卖盘
11:02:15	51.0	-0.01	2	10200	买盘
11:02:12	51.01	0.01	7	35707	买盘
11:02:09	51.0	-0.01	2	10200	卖盘
11:02:06	51.01	0.01	2	10202	买盘
11:02:03	51.0	-0.01	5	25500	卖盘
11:02:00	51.01	--	19	96919	买盘
11:01:57	51.01	-0.03	12	64017	卖盘
11:01:54	51.04	0.01	7	35728	中性盘
11:01:51	51.03	-0.02	5	27811	卖盘
11:01:48	51.05	0.01	25	127625	买盘
11:01:45	51.04	-0.01	7	35728	中性盘
11:01:42	51.05	--	3	15315	买盘
11:01:39	51.05	0.02	55	280775	买盘
11:01:36	51.03	0.03	14	71442	卖盘
11:01:30	51.0	-0.01	51	260100	卖盘
11:01:27	51.01	0.01	15	76515	买盘
11:01:24	51.0	-0.01	228	1162800	卖盘
11:01:21	51.01	0.01	16	81616	买盘
11:01:18	51.0	--	10	51000	卖盘
11:01:15	51.0	0.01	416	2121600	买盘
11:01:12	50.99	0.01	32	163168	买盘
11:01:09	50.98	--	10	50980	买盘
11:01:06	50.98	0.01	5	25490	买盘
11:01:03	50.97	--	33	168201	卖盘
11:01:00	50.97	0.05	4	20388	买盘
11:00:57	50.92	-0.05	36	183312	卖盘
11:00:54	50.97	0.01	12	61164	买盘
11:00:51	50.96	0.03	5	25480	买盘
11:00:48	50.93	-0.05	4	20372	卖盘
11:00:45	50.98	0.01	25	127449	买盘
11:00:39	50.97	0.08	77	392469	买盘
11:00:30	50.89	--	11	55979	卖盘
11:00:27	50.89	--	8	40712	卖盘
11:00:24	50.89	-0.08	13	66157	中性盘
11:00:21	50.97	0.09	130	662610	买盘
11:00:15	50.88	0.03	410	2086080	买盘
11:00:12	50.85	--	18	91530	卖盘
11:00:09	50.85	--	5	25425	卖盘
11:00:06	50.85	0.05	117	598606	买盘
11:00:03	50.8	-0.01	2	10160	卖盘
11:00:00	50.81	--	14	71134	买盘
10:59:57	50.81	-0.01	6	30486	买盘
10:59:51	50.82	0.02	10	50820	买盘
10:59:48	50.8	-0.01	50	254000	卖盘
10:59:45	50.81	--	35	177835	卖盘
10:59:42	50.81	-0.01	5	25405	卖盘
10:59:39	50.82	0.01	10	50820	买盘
10:59:36	50.81	-0.01	4	20324	卖盘
10:59:33	50.82	--	38	193116	买盘
10:59:30	50.82	-0.03	10	50820	卖盘
10:59:24	50.85	--	2	10170	买盘
10:59:21	50.85	-0.01	39	200043	卖盘
10:59:18	50.86	0.01	3	15258	中性盘
10:59:12	50.85	--	3	15255	卖盘
10:59:09	50.85	--	19	96615	卖盘
10:59:03	50.85	0.01	65	333881	买盘
10:59:00	50.84	0.02	8	40672	买盘
10:58:57	50.82	-0.03	14	71148	中性盘
10:58:51	50.85	--	32	162720	买盘
10:58:48	50.85	--	1	5085	买盘
10:58:45	50.85	--	146	746122	卖盘
10:58:42	50.85	--	11	55935	卖盘
10:58:39	50.85	--	6	30510	卖盘
10:58:36	50.85	--	2	10170	卖盘
10:58:33	50.85	--	16	81360	卖盘
10:58:30	50.85	--	2	10170	卖盘
10:58:27	50.85	-0.04	322	1638742	卖盘
10:58:24	50.89	0.04	70	356230	买盘
10:58:21	50.85	--	33	167805	买盘
10:58:15	50.85	-0.04	2	10170	中性盘
10:58:12	50.89	0.04	63	320607	买盘
10:58:09	50.85	--	75	381375	卖盘
10:58:06	50.85	-0.05	5	25425	卖盘
10:58:03	50.9	--	1	5090	买盘
10:58:00	50.9	--	10	50900	买盘
10:57:51	50.9	-0.02	40	203600	买盘
10:57:48	50.92	0.01	57	290244	买盘
10:57:45	50.91	--	2	10182	买盘
10:57:42	50.91	--	241	1226931	卖盘
10:57:39	50.91	--	11	56000	卖盘
10:57:36	50.91	-0.01	15	76365	卖盘
10:57:33	50.92	0.01	10	50920	中性盘
10:57:30	50.91	-0.04	4	20364	卖盘
10:57:27	50.95	0.04	3	15285	买盘
10:57:24	50.91	-0.04	40	203640	卖盘
10:57:21	50.95	-0.02	12	61140	卖盘
10:57:15	50.97	--	30	152910	买盘
10:57:12	50.97	--	11	56067	买盘
10:57:09	50.97	-0.02	33	168201	卖盘
10:57:06	50.99	--	52	265148	买盘
10:57:03	50.99	0.02	22	112178	买盘
10:57:00	50.97	-0.01	10	50970	卖盘
10:56:57	50.98	--	29	147842	中性盘
10:56:54	50.98	0.01	1	5098	买盘
10:56:51	50.97	-0.02	2	10194	卖盘
10:56:48	50.99	0.02	74	377326	买盘
10:56:45	50.97	--	19	96843	买盘
10:56:42	50.97	--	16	81552	买盘
10:56:39	50.97	--	19	96843	买盘
10:56:36	50.97	0.01	1	5097	买盘
10:56:33	50.96	0.01	24	122304	中性盘
10:56:30	50.95	--	8	40760	卖盘
10:56:27	50.95	--	16	81520	卖盘
10:56:24	50.95	--	3	15285	卖盘
10:56:18	50.95	0.1	147	748965	买盘
10:56:15	50.85	-0.07	182	925470	卖盘
10:56:12	50.92	0.03	108	549936	买盘
10:56:09	50.89	-0.01	12	61068	中性盘
10:56:06	50.9	0.02	39	198510	买盘
10:56:03	50.88	--	15	76320	卖盘
10:56:00	50.88	-0.01	16	81408	卖盘
10:55:57	50.89	0.01	7	35623	卖盘
10:55:54	50.88	--	32	162816	卖盘
10:55:51	50.88	-0.01	20	101760	卖盘
10:55:48	50.89	0.01	10	50890	买盘
10:55:45	50.88	--	9	45792	卖盘
10:55:42	50.88	--	22	111936	买盘
10:55:39	50.88	--	23	117024	买盘
10:55:36	50.88	0.02	2	10176	买盘
10:55:33	50.86	-0.02	56	284816	卖盘
10:55:30	50.88	--	12	61056	买盘
10:55:27	50.88	0.02	7	35616	买盘
10:55:24	50.86	--	15	76290	买盘
10:55:21	50.86	0.01	21	106806	买盘
10:55:18	50.85	--	31	157635	卖盘
10:55:15	50.85	-0.01	99	503415	卖盘
10:55:12	50.86	--	21	106806	买盘
10:55:09	50.86	0.01	18	91548	买盘
10:55:06	50.85	-0.03	31	157635	卖盘
10:55:03	50.88	0.03	13	66144	买盘
10:55:00	50.85	-0.01	26	132210	卖盘
10:54:57	50.86	-0.02	27	137322	卖盘
10:54:54	50.88	--	65	330720	买盘
10:54:51	50.88	--	66	335808	买盘
10:54:48	50.88	--	4	20352	买盘
10:54:45	50.88	--	8	40704	卖盘
10:54:42	50.88	--	8	40704	卖盘
10:54:39	50.88	-0.02	21	106848	卖盘
10:54:36	50.9	0.02	24	122160	买盘
10:54:33	50.88	--	12	61056	卖盘
10:54:30	50.88	0.03	150	763200	买盘
10:54:27	50.85	-0.03	4	20340	卖盘
10:54:24	50.88	0.03	1	5088	买盘
10:54:21	50.85	0.15	63	320355	买盘
10:54:18	50.7	0.09	11	55770	中性盘
10:54:15	50.61	-0.07	26	131586	卖盘
10:54:12	50.68	-0.02	9	45612	卖盘
10:54:09	50.7	-0.18	61	309270	卖盘
10:54:06	50.88	--	3	15264	卖盘
10:54:03	50.88	-0.03	2	10176	卖盘
10:54:00	50.91	-0.02	33	168003	卖盘
10:53:57	50.93	-0.04	30	152790	卖盘
10:53:54	50.97	--	26	132522	买盘
10:53:48	50.97	-0.02	20	101940	中性盘
10:53:45	50.99	--	10	50990	买盘
10:53:39	50.99	-0.01	10	50990	卖盘
10:53:36	51.0	--	3	15300	买盘
10:53:33	51.0	--	56	285600	卖盘
10:53:30	51.0	-0.05	20	102000	卖盘
10:53:27	51.05	0.05	34	173570	买盘
10:53:24	51.0	-0.05	15	76500	卖盘
10:53:21	51.05	-0.03	5	25525	买盘
10:53:18	51.08	0.03	29	148132	买盘
10:53:15	51.05	-0.02	25	127625	卖盘
10:53:12	51.07	-0.03	16	81712	卖盘
10:53:09	51.1	--	6	30660	买盘
10:53:06	51.1	--	24	122640	买盘
10:53:03	51.1	-0.06	368	1880480	卖盘
10:53:00	51.16	0.06	94	480903	买盘
10:52:57	51.1	-0.01	105	536550	卖盘
10:52:54	51.11	--	40	204440	买盘
10:52:51	51.11	--	51	260661	卖盘
10:52:48	51.11	--	72	367992	卖盘
10:52:45	51.11	--	94	480434	买盘
10:52:42	51.11	0.01	64	327104	买盘
10:52:39	51.1	-0.05	3	15330	中性盘
10:52:36	51.15	0.04	55	281325	买盘
10:52:33	51.11	0.01	100	511100	买盘
10:52:30	51.1	-0.05	58	296380	中性盘
10:52:27	51.15	0.01	72	368280	买盘
10:52:24	51.14	-0.02	36	184104	中性盘
10:52:21	51.16	-0.02	44	225103	卖盘
10:52:18	51.18	0.02	6	30708	买盘
10:52:15	51.16	0.08	36	184176	买盘
10:52:12	51.08	0.08	19	97052	买盘
10:52:09	51.0	--	20	102000	卖盘
10:52:06	51.0	--	107	545700	买盘
10:52:03	51.0	--	56	285600	买盘
10:52:00	51.0	--	277	1412700	买盘
10:51:57	51.0	0.01	125	637500	买盘
10:51:54	50.99	-0.01	41	209059	卖盘
10:51:51	51.0	0.03	83	423300	买盘
10:51:48	50.97	0.06	136	693192	买盘
10:51:45	50.91	-0.02	153	778923	卖盘
10:51:42	50.93	0.03	115	585695	买盘
10:51:39	50.9	--	104	529360	买盘
10:51:36	50.9	--	59	300310	卖盘
10:51:33	50.9	--	108	549720	卖盘
10:51:30	50.9	0.07	89	453010	买盘
10:51:27	50.83	-0.02	14	71162	卖盘
10:51:24	50.85	0.03	12	61020	买盘
10:51:21	50.82	0.02	13	66066	买盘
10:51:18	50.8	0.14	21	106680	买盘
10:51:15	50.66	-0.02	21	106386	卖盘
10:51:12	50.68	0.03	58	293944	买盘
10:51:09	50.65	0.05	20	101300	买盘
10:51:06	50.6	--	16	80960	卖盘
10:51:03	50.6	-0.01	30	151800	卖盘
10:51:00	50.61	0.05	69	349209	买盘
10:50:57	50.56	0.04	52	262912	买盘
10:50:54	50.52	0.02	52	262704	买盘
10:50:51	50.5	--	313	1580650	买盘
10:50:48	50.5	--	140	707000	买盘
10:50:45	50.5	0.01	150	757500	买盘
10:50:42	50.49	0.04	94	474606	买盘
10:50:39	50.45	0.02	23	116035	买盘
10:50:36	50.43	0.08	270	1361610	买盘
10:50:30	50.35	0.03	50	253411	买盘
10:50:27	50.32	0.1	110	553520	买盘
10:50:24	50.22	--	37	185814	卖盘
10:50:21	50.22	-0.07	52	261144	卖盘
10:50:18	50.29	0.08	78	392262	买盘
10:50:15	50.21	-0.01	188	943948	买盘
10:50:12	50.22	0.06	41	205902	买盘
10:50:09	50.16	--	11	55175	卖盘
10:50:06	50.16	-0.04	5	25080	卖盘
10:50:03	50.2	--	2	10040	买盘
10:50:00	50.2	0.04	444	2228880	买盘
10:49:57	50.16	0.06	162	812592	买盘
10:49:54	50.1	-0.03	2	10020	卖盘
10:49:51	50.13	0.03	4	20052	买盘
10:49:48	50.1	-0.05	4	20040	卖盘
10:49:45	50.15	0.04	10	50150	买盘
10:49:39	50.11	-0.03	6	30066	卖盘
10:49:36	50.14	--	4	20056	买盘
10:49:27	50.14	0.09	16	80224	买盘
10:49:21	50.05	-0.1	1	5005	卖盘
10:49:15	50.15	0.05	49	245735	买盘
10:49:12	50.1	--	5	25050	买盘
10:49:09	50.1	--	3	15030	买盘
10:49:06	50.1	0.07	10	50100	买盘
10:49:03	50.03	-0.07	18	90054	卖盘
10:49:00	50.1	--	2	10020	买盘
10:48:54	50.1	--	1	5010	买盘
10:48:48	50.1	--	19	95190	卖盘
10:48:45	50.1	--	3	15030	卖盘
10:48:42	50.1	-0.02	38	190380	卖盘
10:48:36	50.12	--	12	60144	买盘
10:48:33	50.12	-0.01	22	110264	买盘
10:48:30	50.13	-0.03	15	75195	卖盘
10:48:24	50.16	--	5	25080	买盘
10:48:21	50.16	--	7	35112	买盘
10:48:18	50.16	-0.02	10	50160	卖盘
10:48:15	50.18	0.01	54	270972	买盘
10:48:12	50.17	--	40	200680	买盘
10:48:09	50.17	-0.01	6	30102	卖盘
10:48:06	50.18	--	23	115414	买盘
10:48:03	50.18	-0.01	12	60216	卖盘
10:48:00	50.19	-0.01	32	160608	中性盘
10:47:57	50.2	0.01	9	45180	买盘
10:47:54	50.19	0.01	29	145551	买盘
10:47:51	50.18	-0.02	4	20072	中性盘
10:47:48	50.2	0.01	14	70280	买盘
10:47:45	50.19	--	11	55209	买盘
10:47:42	50.19	--	9	45171	买盘
10:47:39	50.19	0.01	25	125475	买盘
10:47:36	50.18	-0.01	47	235846	卖盘
10:47:33	50.19	--	27	135513	卖盘
10:47:30	50.19	-0.01	93	466767	卖盘
10:47:27	50.2	--	10	50200	买盘
10:47:24	50.2	0.03	106	532120	买盘
10:47:21	50.17	-0.03	98	491666	卖盘
10:47:18	50.2	0.02	80	401600	买盘
10:47:15	50.18	-0.01	10	50180	卖盘
10:47:09	50.19	0.03	70	351330	买盘
10:47:06	50.16	-0.01	61	305976	卖盘
10:47:03	50.17	-0.01	2	10034	买盘
10:47:00	50.18	0.02	103	516854	买盘
10:46:57	50.16	0.01	46	230735	买盘
10:46:54	50.15	0.02	49	245735	买盘
10:46:51	50.13	-0.02	2	10026	卖盘
10:46:48	50.15	0.03	100	501500	买盘
10:46:42	50.12	0.03	32	160384	买盘
10:46:36	50.09	--	21	105189	卖盘
10:46:33	50.09	-0.03	4	20036	卖盘
10:46:30	50.12	0.01	11	55132	买盘
10:46:27	50.11	0.02	80	400880	买盘
10:46:21	50.09	0.01	6	30054	买盘
10:46:18	50.08	--	16	80128	买盘
10:46:15	50.08	0.08	15	75120	买盘
10:46:09	50.0	-0.04	34	170000	卖盘
10:46:06	50.04	0.01	22	110088	买盘
10:46:03	50.03	--	2	10006	中性盘
10:45:57	50.03	--	3	15009	卖盘
10:45:54	50.03	0.03	7	35021	买盘
10:45:51	50.0	-0.03	5	25000	卖盘
10:45:48	50.03	0.03	10	50030	买盘
10:45:45	50.0	-0.01	13	65000	卖盘
10:45:39	50.01	0.01	32	160032	买盘
10:45:36	50.0	--	1	5000	买盘
10:45:27	50.0	--	30	150000	卖盘
10:45:21	50.0	--	30	150000	卖盘
10:45:18	50.0	--	1	5000	卖盘
10:45:09	50.0	--	1	5000	卖盘
10:45:03	50.0	--	44	220000	买盘
10:45:00	50.0	0.01	9	45000	买盘
10:44:54	49.99	--	10	49990	卖盘
10:44:51	49.99	--	3	14997	卖盘
10:44:36	49.99	0.01	6	29994	中性盘
10:44:33	49.98	--	3	14993	卖盘
10:44:30	49.98	--	8	39984	卖盘
10:44:27	49.98	--	13	64973	卖盘
10:44:24	49.98	--	9	44982	买盘
10:44:18	49.98	--	6	29987	买盘
10:44:12	49.98	--	1	4998	买盘
10:44:06	49.98	--	3	14993	买盘
10:44:03	49.98	--	4	19992	买盘
10:43:54	49.98	-0.02	8	39984	卖盘
10:43:51	50.0	0.02	12	60000	买盘
10:43:48	49.98	-0.01	5	24990	卖盘
10:43:45	49.99	-0.01	1	4999	中性盘
10:43:33	50.0	0.02	6	30000	买盘
10:43:30	49.98	-0.02	2	9996	卖盘
10:43:27	50.0	0.01	15	75000	买盘
10:43:24	49.99	--	22	109978	卖盘
10:43:21	49.99	-0.01	1	4999	卖盘
10:43:18	50.0	--	5	25000	买盘
10:43:15	50.0	--	2	10000	买盘
10:43:12	50.0	--	24	120000	卖盘
10:43:09	50.0	-0.05	4	20000	卖盘
10:43:03	50.05	--	3	15015	买盘
10:42:54	50.05	0.03	17	85085	买盘
10:42:48	50.02	-0.03	8	40016	卖盘
10:42:45	50.05	--	2	10010	买盘
10:42:36	50.05	-0.02	57	285285	卖盘
10:42:33	50.07	--	1	5007	卖盘
10:42:30	50.07	0.02	1	5007	中性盘
10:42:27	50.05	--	2	10010	卖盘
10:42:24	50.05	--	10	50050	卖盘
10:42:21	50.05	-0.04	2	10010	卖盘
10:42:12	50.09	0.04	7	35063	买盘
10:42:09	50.05	--	2	10010	卖盘
10:42:06	50.05	-0.03	7	35035	卖盘
10:42:03	50.08	0.03	1	5008	买盘
10:41:54	50.05	--	1	5005	卖盘
10:41:42	50.05	--	10	50050	卖盘
10:41:39	50.05	-0.04	5	25025	卖盘
10:41:36	50.09	0.04	1	5009	卖盘
10:41:33	50.05	--	13	65064	卖盘
10:41:30	50.05	--	20	100100	卖盘
10:41:27	50.05	--	28	140140	卖盘
10:41:21	50.05	0.05	4	20020	买盘
10:41:18	50.0	-0.05	2	10000	卖盘
10:41:15	50.05	--	4	20020	买盘
10:41:12	50.05	--	4	20020	卖盘
10:41:09	50.05	--	16	80080	买盘
10:41:06	50.05	--	47	235235	买盘
10:40:57	50.05	0.01	16	80080	买盘
10:40:54	50.04	--	1	5004	买盘
10:40:48	50.04	0.03	3	15012	买盘
10:40:42	50.01	-0.03	2	10002	卖盘
10:40:39	50.04	-0.01	1	5004	买盘
10:40:36	50.05	--	2	10010	买盘
10:40:33	50.05	--	21	105105	买盘
10:40:30	50.05	--	17	85085	买盘
10:40:27	50.05	0.03	1	5005	买盘
10:40:24	50.02	-0.03	1	5002	中性盘
10:40:15	50.05	-0.05	8	40040	卖盘
10:40:12	50.1	0.05	2	10020	中性盘
10:40:06	50.05	-0.07	3	15015	卖盘
10:40:03	50.12	-0.01	8	40096	中性盘
10:39:54	50.13	-0.01	3	15039	中性盘
10:39:45	50.14	--	7	35098	买盘
10:39:42	50.14	0.09	1	5014	中性盘
10:39:36	50.05	-0.11	5	25025	卖盘
10:39:33	50.16	0.01	54	270864	买盘
10:39:30	50.15	--	22	110330	买盘
10:39:27	50.15	--	2	10030	买盘
10:39:24	50.15	--	19	95285	卖盘
10:39:18	50.15	-0.01	2	10030	卖盘
10:39:15	50.16	-0.02	91	456455	卖盘
10:39:12	50.18	0.02	13	65234	买盘
10:39:09	50.16	-0.02	4	20064	卖盘
10:39:06	50.18	--	29	145522	卖盘
10:39:03	50.18	--	4	20072	卖盘
10:38:57	50.18	--	52	260936	买盘
10:38:54	50.18	--	60	301080	买盘
10:38:51	50.18	--	8	40144	买盘
10:38:48	50.18	0.02	8	40144	买盘
10:38:45	50.16	--	6	30095	卖盘
10:38:42	50.16	-0.01	13	65207	卖盘
10:38:36	50.17	0.02	4	20068	买盘
10:38:33	50.15	--	4	20060	卖盘
10:38:30	50.15	-0.01	14	70210	卖盘
10:38:27	50.16	0.01	18	90288	买盘
10:38:24	50.15	-0.01	21	105315	卖盘
10:38:21	50.16	--	12	60191	买盘
10:38:18	50.16	0.01	3	15047	买盘
10:38:15	50.15	--	2	10030	卖盘
10:38:12	50.15	--	15	75225	买盘
10:38:09	50.15	--	7	35105	买盘
10:38:06	50.15	--	5	25075	买盘
10:38:00	50.15	0.02	20	100300	买盘
10:37:54	50.13	0.07	95	476235	买盘
10:37:51	50.06	0.01	66	330396	买盘
10:37:45	50.05	0.02	1	5005	买盘
10:37:42	50.03	-0.02	1	5003	卖盘
10:37:39	50.05	0.01	5	25025	买盘
10:37:36	50.04	-0.01	1	5004	中性盘
10:37:33	50.05	--	19	95095	买盘
10:37:30	50.05	0.01	7	35035	买盘
10:37:27	50.04	0.01	5	25020	买盘
10:37:24	50.03	0.01	2	10006	中性盘
10:37:21	50.02	-0.02	139	695278	中性盘
10:37:18	50.04	0.03	5	25020	买盘
10:37:12	50.01	-0.04	20	100020	卖盘
10:37:09	50.05	0.01	2	10010	买盘
10:37:06	50.04	0.01	11	55044	买盘
10:37:03	50.03	--	5	25015	买盘
10:37:00	50.03	--	2	10006	买盘
10:36:57	50.03	--	6	30018	买盘
10:36:54	50.03	--	9	45027	买盘
10:36:51	50.03	--	41	205123	买盘
10:36:45	50.03	0.03	6	30018	买盘
10:36:42	50.0	-0.01	58	290000	卖盘
10:36:39	50.01	0.01	26	130026	买盘
10:36:36	50.0	--	15	75000	买盘
10:36:33	50.0	--	21	105000	买盘
10:36:30	50.0	--	26	130000	买盘
10:36:27	50.0	0.01	34	170000	买盘
10:36:18	49.99	-0.01	1	4999	卖盘
10:36:12	50.0	0.01	17	85000	买盘
10:36:06	49.99	-0.01	1	4999	卖盘
10:36:03	50.0	--	2	10000	买盘
10:36:00	50.0	--	1	5000	买盘
10:35:54	50.0	--	40	200000	买盘
10:35:45	50.0	0.06	138	690000	买盘
10:35:42	49.94	0.02	1	4994	买盘
10:35:39	49.92	-0.02	14	69888	卖盘
10:35:36	49.94	--	5	24970	卖盘
10:35:27	49.94	-0.01	3	14982	卖盘
10:35:24	49.95	0.04	28	139860	买盘
10:35:15	49.91	-0.04	82	409262	中性盘
10:35:12	49.95	0.04	51	254745	买盘
10:35:03	49.91	--	2	9982	买盘
10:34:57	49.91	0.03	1	4991	买盘
10:34:51	49.88	-0.01	8	39904	卖盘
10:34:48	49.89	--	2	9978	买盘
10:34:45	49.89	-0.01	15	74835	买盘
10:34:36	49.9	--	24	119760	卖盘
10:34:33	49.9	--	3	14970	买盘
10:34:30	49.9	--	50	249500	买盘
10:34:27	49.9	0.02	10	49900	买盘
10:34:24	49.88	--	4	19952	卖盘
10:34:15	49.88	--	1	4988	卖盘
10:34:12	49.88	-0.02	22	109736	卖盘
10:34:09	49.9	0.02	1	4990	买盘
10:34:06	49.88	--	15	74820	卖盘
10:34:03	49.88	--	14	69832	中性盘
10:33:33	49.88	--	8	39904	买盘
10:33:27	49.88	0.01	2	9976	买盘
10:33:24	49.87	-0.01	18	89766	卖盘
10:33:21	49.88	--	9	44892	卖盘
10:33:18	49.88	--	14	69832	买盘
10:33:12	49.88	-0.05	2	9976	卖盘
10:33:09	49.93	--	10	49930	买盘
10:33:06	49.93	0.03	9	44937	买盘
10:33:00	49.9	--	12	59880	卖盘
10:32:54	49.9	-0.03	3	14970	卖盘
10:32:51	49.93	0.03	3	14979	买盘
10:32:45	49.9	-0.03	6	29940	卖盘
10:32:36	49.93	--	7	34951	卖盘
10:32:33	49.93	--	20	99860	卖盘
10:32:30	49.93	-0.01	10	49930	卖盘
10:32:27	49.94	--	13	64922	买盘
10:32:24	49.94	--	7	34958	买盘
10:32:21	49.94	--	4	19976	买盘
10:32:18	49.94	--	6	29964	买盘
10:32:09	49.94	--	2	9988	买盘
10:32:06	49.94	-0.04	5	28615	卖盘
10:32:03	49.98	--	5	24990	卖盘
10:32:00	49.98	-0.01	12	59975	卖盘
10:31:54	49.99	--	10	51339	买盘
10:31:51	49.99	--	1	4999	买盘
10:31:48	49.99	--	3	14997	买盘
10:31:42	49.99	0.01	6	29994	买盘
10:31:39	49.98	-0.01	2	9996	卖盘
10:31:33	49.99	0.01	95	474905	买盘
10:31:30	49.98	-0.01	1	4998	卖盘
10:31:27	49.99	--	10	49990	买盘
10:31:24	49.99	0.01	26	129974	买盘
10:31:18	49.98	0.04	20	99960	买盘
10:31:12	49.94	-0.04	22	109868	卖盘
10:31:09	49.98	0.04	2	9996	买盘
10:31:03	49.94	-0.04	5	24970	卖盘
10:31:00	49.98	0.04	10	49980	买盘
10:30:57	49.94	--	6	29964	买盘
10:30:54	49.94	--	15	74910	买盘
10:30:42	49.94	--	9	44946	买盘
10:30:39	49.94	0.01	1	4994	中性盘
10:30:30	49.93	--	5	24965	卖盘
10:30:27	49.93	--	5	24965	卖盘
10:30:21	49.93	-0.03	3	14979	卖盘
10:30:18	49.96	0.03	2	9992	买盘
10:30:12	49.93	0.03	15	74895	中性盘
10:30:06	49.9	-0.08	10	49900	卖盘
10:30:03	49.98	0.08	13	64973	买盘
10:30:00	49.9	--	1	4990	卖盘
10:29:48	49.9	0.05	50	249500	买盘
10:29:36	49.85	-0.05	20	99700	卖盘
10:29:33	49.9	0.05	15	74850	买盘
10:29:27	49.85	0.01	76	378860	中性盘
10:29:15	49.84	--	19	94696	卖盘
10:29:12	49.84	-0.01	32	159488	卖盘
10:29:09	49.85	--	5	24925	买盘
10:29:06	49.85	0.01	1	4985	买盘
10:29:00	49.84	--	12	59808	买盘
10:28:57	49.84	-0.01	4	19936	买盘
10:28:54	49.85	--	3	14955	卖盘
10:28:51	49.85	-0.05	27	134595	卖盘
10:28:48	49.9	--	19	94810	买盘
10:28:39	49.9	0.05	1	4990	买盘
10:28:33	49.85	0.03	2	9970	卖盘
10:28:24	49.82	-0.03	14	69748	卖盘
10:28:21	49.85	--	2	9970	卖盘
10:28:09	49.85	-0.07	7	34895	卖盘
10:28:06	49.92	--	2	9984	买盘
10:28:03	49.92	0.07	2	9984	买盘
10:28:00	49.85	--	2	9970	卖盘
10:27:54	49.85	--	5	24925	卖盘
10:27:51	49.85	0.02	203	1015992	买盘
10:27:48	49.83	-0.02	6	29898	卖盘
10:27:45	49.85	--	4	19940	买盘
10:27:30	49.85	-0.07	115	574222	卖盘
10:27:24	49.92	-0.06	17	84864	卖盘
10:27:21	49.98	0.06	14	69972	买盘
10:27:15	49.92	--	7	34944	卖盘
10:27:12	49.92	-0.05	9	44928	卖盘
10:27:06	49.97	--	7	34979	卖盘
10:27:03	49.97	0.01	25	124925	买盘
10:27:00	49.96	--	2	9992	卖盘
10:26:54	49.96	--	27	134892	卖盘
10:26:51	49.96	--	1	4996	卖盘
10:26:48	49.96	-0.01	5	24980	卖盘
10:26:42	49.97	-0.02	12	59964	卖盘
10:26:39	49.99	--	5	24995	卖盘
10:26:27	49.99	--	15	74985	买盘
10:26:24	49.99	--	56	279944	买盘
10:26:21	49.99	-0.01	7	34993	卖盘
10:26:18	50.0	-0.01	1	5000	卖盘
10:26:15	50.01	0.02	11	55011	买盘
10:26:12	49.99	--	1	4999	卖盘
10:26:09	49.99	-0.01	1	4999	卖盘
10:26:06	50.0	--	6	30000	买盘
10:26:03	50.0	-0.07	63	315000	卖盘
10:26:00	50.07	--	1	5007	卖盘
10:25:57	50.07	0.07	72	360504	买盘
10:25:54	50.0	--	11	55000	卖盘
10:25:51	50.0	--	7	35000	卖盘
10:25:48	50.0	-0.05	45	225000	中性盘
10:25:45	50.05	0.05	120	600600	买盘
10:25:42	50.0	--	26	130000	买盘
10:25:39	50.0	0.01	4	20000	买盘
10:25:36	49.99	-0.01	2	9998	卖盘
10:25:33	50.0	0.01	1	5000	买盘
10:25:30	49.99	0.02	2	9998	卖盘
10:25:24	49.97	-0.03	16	83999	卖盘
10:25:21	50.0	0.1	46	230000	买盘
10:25:18	49.9	-0.07	57	284430	卖盘
10:25:15	49.97	--	64	319808	卖盘
10:25:12	49.97	-0.02	32	159904	卖盘
10:25:06	49.99	0.03	16	79984	买盘
10:25:03	49.96	--	4	19984	卖盘
10:24:57	49.96	--	90	449640	卖盘
10:24:54	49.96	-0.03	12	59952	卖盘
10:24:51	49.99	--	65	324935	买盘
10:24:48	49.99	--	8	39992	买盘
10:24:45	49.99	--	5	24995	买盘
10:24:39	49.99	0.07	2	9998	买盘
10:24:36	49.92	-0.01	57	284544	卖盘
10:24:33	49.93	-0.06	7	34951	卖盘
10:24:30	49.99	--	7	34993	买盘
10:24:27	49.99	--	4	19996	买盘
10:24:24	49.99	--	28	139972	买盘
10:24:21	49.99	--	67	334933	卖盘
10:24:15	49.99	-0.01	1	4999	卖盘
10:24:12	50.0	--	14	70000	买盘
10:24:09	50.0	--	30	150000	买盘
10:24:06	50.0	0.01	129	645000	买盘
10:24:03	49.99	-0.01	55	274945	卖盘
10:24:00	50.0	0.01	27	135000	买盘
10:23:57	49.99	0.08	15	74985	买盘
10:23:54	49.91	-0.09	2	9982	卖盘
10:23:45	50.0	0.09	10	50000	买盘
10:23:42	49.91	-0.11	30	149730	卖盘
10:23:39	50.02	0.02	2	10004	买盘
10:23:36	50.0	--	2	10000	买盘
10:23:30	50.0	0.04	11	55000	买盘
10:23:27	49.96	-0.06	49	244804	卖盘
10:23:24	50.02	-0.03	9	45018	中性盘
10:23:21	50.05	0.03	146	730730	买盘
10:23:18	50.02	-0.01	9	45018	买盘
10:23:15	50.03	--	2	10006	卖盘
10:23:12	50.03	-0.06	1	5003	卖盘
10:23:09	50.09	0.06	53	265477	买盘
10:23:06	50.03	-0.03	2	10006	中性盘
10:23:03	50.06	0.06	7	35042	买盘
10:23:00	50.0	--	2	10000	卖盘
10:22:57	50.0	0.03	3	15000	中性盘
10:22:54	49.97	-0.11	9	44973	卖盘
10:22:51	50.08	0.01	29	145232	买盘
10:22:48	50.07	--	4	20028	卖盘
10:22:45	50.07	--	30	150210	卖盘
10:22:42	50.07	-0.02	63	319446	中性盘
10:22:39	50.09	0.04	250	1253251	买盘
10:22:36	50.05	-0.01	4	20020	卖盘
10:22:33	50.06	-0.01	3	15018	卖盘
10:22:30	50.07	0.02	8	40056	卖盘
10:22:27	50.05	-0.02	14	70070	中性盘
10:22:24	50.07	0.02	2	10014	中性盘
10:22:21	50.05	-0.01	19	95095	卖盘
10:22:18	50.06	-0.03	28	140168	卖盘
10:22:15	50.09	0.03	54	270486	买盘
10:22:12	50.06	--	1	5006	卖盘
10:22:09	50.06	-0.03	25	125150	卖盘
10:22:06	50.09	0.03	51	255459	买盘
10:22:03	50.06	-0.04	44	220264	卖盘
10:22:00	50.1	--	4	20040	卖盘
10:21:57	50.1	0.04	73	365730	买盘
10:21:54	50.06	-0.04	7	35042	卖盘
10:21:51	50.1	0.04	20	100200	买盘
10:21:48	50.06	--	4	20024	买盘
10:21:42	50.06	0.06	7	35042	买盘
10:21:39	50.0	-0.04	62	310000	卖盘
10:21:36	50.04	0.08	117	585468	买盘
10:21:30	49.96	--	2	9992	卖盘
10:21:27	49.96	0.04	10	49960	买盘
10:21:24	49.92	-0.04	1	4992	中性盘
10:21:21	49.96	0.06	1	4996	买盘
10:21:18	49.9	-0.02	33	164670	卖盘
10:21:15	49.92	0.03	21	104832	买盘
10:21:12	49.89	-0.01	15	74835	卖盘
10:21:06	49.9	--	18	89820	买盘
10:21:03	49.9	--	3	14970	买盘
10:21:00	49.9	0.01	6	29940	卖盘
10:20:57	49.89	-0.03	1	4989	卖盘
10:20:54	49.92	0.02	51	254592	买盘
10:20:51	49.9	--	1	4990	卖盘
10:20:48	49.9	-0.02	10	49900	卖盘
10:20:45	49.92	--	6	29952	买盘
10:20:42	49.92	--	19	94848	买盘
10:20:36	49.92	--	14	69888	卖盘
10:20:30	49.92	--	5	24960	卖盘
10:20:27	49.92	-0.06	46	229632	卖盘
10:20:24	49.98	--	11	54978	买盘
10:20:21	49.98	0.01	27	134946	买盘
10:20:18	49.97	-0.01	3	14991	中性盘
10:20:15	49.98	--	14	69972	买盘
10:20:12	49.98	--	5	24990	买盘
10:20:09	49.98	--	27	134946	买盘
10:20:06	49.98	--	94	469811	买盘
10:20:03	49.98	--	8	39984	卖盘
10:20:00	49.98	--	9	44982	卖盘
10:19:57	49.98	--	5	24990	卖盘
10:19:54	49.98	0.08	6	29987	买盘
10:19:51	49.9	-0.08	35	174650	卖盘
10:19:48	49.98	-0.02	4	19992	卖盘
10:19:45	50.0	--	5	25000	买盘
10:19:42	50.0	0.01	3	15000	买盘
10:19:39	49.99	-0.01	14	69986	卖盘
10:19:36	50.0	-0.03	3	15000	卖盘
10:19:33	50.03	--	8	40024	买盘
10:19:30	50.03	0.02	6	30018	买盘
10:19:27	50.01	-0.06	5	25005	卖盘
10:19:21	50.07	-0.03	19	95133	买盘
10:19:18	50.1	--	49	245490	买盘
10:19:15	50.1	-0.04	46	230460	卖盘
10:19:12	50.14	0.03	37	185518	买盘
10:19:09	50.11	-0.03	124	621364	卖盘
10:19:06	50.14	-0.01	7	35098	卖盘
10:19:03	50.15	-0.05	65	325975	中性盘
10:19:00	50.2	0.05	72	361440	买盘
10:18:57	50.15	0.01	38	190570	中性盘
10:18:54	50.14	-0.06	52	260728	卖盘
10:18:51	50.2	--	146	732920	买盘
10:18:48	50.2	--	24	120480	买盘
10:18:45	50.2	-0.01	58	291160	卖盘
10:18:42	50.21	--	38	190798	买盘
10:18:39	50.21	0.01	26	130546	买盘
10:18:36	50.2	--	5	25100	卖盘
10:18:33	50.2	0.11	43	215860	买盘
10:18:30	50.09	-0.01	88	440792	卖盘
10:18:27	50.1	0.02	43	215430	买盘
10:18:24	50.08	-0.02	63	315504	卖盘
10:18:21	50.1	0.01	55	275550	买盘
10:18:18	50.09	0.02	44	220396	买盘
10:18:15	50.07	0.07	9	45063	买盘
10:18:12	50.0	--	16	80000	卖盘
10:18:09	50.0	--	35	175000	卖盘
10:18:06	50.0	--	5	25000	卖盘
10:18:03	50.0	--	8	40000	卖盘
10:18:00	50.0	0.01	196	980000	买盘
10:17:57	49.99	0.01	45	224955	买盘
10:17:54	49.98	-0.01	10	49980	卖盘
10:17:51	49.99	0.02	99	494901	中性盘
10:17:48	49.97	-0.01	25	124925	卖盘
10:17:45	49.98	-0.01	7	34986	卖盘
10:17:42	49.99	--	5	24995	卖盘
10:17:39	49.99	0.02	134	670715	买盘
10:17:36	49.97	--	4	19988	卖盘
10:17:33	49.97	--	59	294823	买盘
10:17:30	49.97	--	7	34979	买盘
10:17:27	49.97	--	25	124925	买盘
10:17:24	49.97	0.01	12	59964	买盘
10:17:21	49.96	--	36	179856	买盘
10:17:18	49.96	0.01	47	234812	买盘
10:17:15	49.95	0.01	38	189810	买盘
10:17:12	49.94	0.02	7	34958	买盘
10:17:09	49.92	0.01	151	753792	中性盘
10:17:06	49.91	0.03	42	209622	买盘
10:17:03	49.88	--	5	24940	买盘
10:17:00	49.88	--	4	19952	买盘
10:16:57	49.88	0.02	7	34916	买盘
10:16:54	49.86	0.01	33	164538	买盘
10:16:51	49.85	--	10	49850	卖盘
10:16:48	49.85	--	35	174475	买盘
10:16:45	49.85	0.05	41	204385	买盘
10:16:42	49.8	-0.01	58	288840	卖盘
10:16:39	49.81	0.01	4	19924	买盘
10:16:36	49.8	0.03	21	104580	买盘
10:16:33	49.77	-0.03	66	328482	卖盘
10:16:30	49.8	0.02	57	283860	买盘
10:16:24	49.78	0.01	58	288724	买盘
10:16:21	49.77	0.02	101	502677	买盘
10:16:15	49.75	-0.02	1	4975	中性盘
10:16:12	49.77	0.02	20	99540	买盘
10:16:09	49.75	0.04	27	134325	买盘
10:16:03	49.71	0.02	2	9942	买盘
10:16:00	49.69	-0.01	26	129194	卖盘
10:15:54	49.7	--	9	44730	卖盘
10:15:51	49.7	0.01	13	64610	买盘
10:15:48	49.69	--	14	69566	卖盘
10:15:45	49.69	--	8	41689	买盘
10:15:42	49.69	0.01	30	149070	买盘
10:15:39	49.68	--	7	34776	卖盘
10:15:36	49.68	0.03	11	54648	买盘
10:15:33	49.65	--	10	49650	卖盘
10:15:27	49.65	--	160	794400	卖盘
10:15:21	49.65	-0.04	5	24825	中性盘
10:15:18	49.69	0.04	21	104349	买盘
10:15:15	49.65	-0.04	78	387270	中性盘
10:15:12	49.69	0.01	47	233543	买盘
10:15:09	49.68	0.03	5	24840	买盘
10:15:06	49.65	--	9	44685	卖盘
10:15:03	49.65	-0.04	9	44685	卖盘
10:15:00	49.69	0.04	50	248450	买盘
10:14:57	49.65	--	4	19860	卖盘
10:14:51	49.65	-0.01	10	49650	卖盘
10:14:48	49.66	--	75	372450	买盘
10:14:45	49.66	--	1	4966	买盘
10:14:42	49.66	--	10	49660	买盘
10:14:39	49.66	-0.03	33	163878	卖盘
10:14:36	49.69	-0.01	22	109318	卖盘
10:14:33	49.7	-0.02	25	124250	买盘
10:14:30	49.72	0.02	67	333124	买盘
10:14:27	49.7	-0.02	49	243530	卖盘
10:14:24	49.72	0.02	5	24860	中性盘
10:14:21	49.7	-0.06	25	124250	卖盘
10:14:18	49.76	0.02	65	323440	买盘
10:14:15	49.74	-0.01	13	64662	卖盘
10:14:12	49.75	0.01	17	84575	买盘
10:14:09	49.74	-0.01	4	19896	卖盘
10:14:06	49.75	--	8	39800	买盘
10:14:03	49.75	--	4	19900	买盘
10:14:00	49.75	-0.03	14	69650	卖盘
10:13:57	49.78	--	16	79648	买盘
10:13:54	49.78	0.02	5	24890	买盘
10:13:51	49.76	--	2	9952	卖盘
10:13:45	49.76	-0.02	34	169184	卖盘
10:13:42	49.78	-0.01	64	318592	卖盘
10:13:39	49.79	--	9	44811	卖盘
10:13:36	49.79	0.09	7	34853	中性盘
10:13:33	49.7	-0.05	194	964180	中性盘
10:13:30	49.75	0.05	82	407950	中性盘
10:13:27	49.7	-0.06	2	9940	卖盘
10:13:24	49.76	0.06	32	159232	买盘
10:13:21	49.7	--	37	183890	买盘
10:13:18	49.7	0.01	10	49700	买盘
10:13:15	49.69	--	17	84473	卖盘
10:13:12	49.69	--	29	144101	买盘
10:13:09	49.69	--	16	79504	买盘
10:13:06	49.69	-0.01	37	183853	卖盘
10:13:03	49.7	0.02	23	114310	买盘
10:13:00	49.68	0.03	24	119232	买盘
10:12:57	49.65	--	8	39720	卖盘
10:12:54	49.65	--	52	258180	卖盘
10:12:51	49.65	0.04	3	14895	买盘
10:12:48	49.61	-0.04	5	24805	卖盘
10:12:45	49.65	0.02	17	84405	买盘
10:12:42	49.63	0.04	23	114149	买盘
10:12:39	49.59	0.01	2	9918	买盘
10:12:36	49.58	--	2	9916	卖盘
10:12:33	49.58	0.04	241	1199637	买盘
10:12:30	49.54	0.02	10	49540	买盘
10:12:27	49.52	-0.02	8	39616	买盘
10:12:24	49.54	0.02	74	366596	买盘
10:12:21	49.52	-0.01	17	84184	中性盘
10:12:18	49.53	0.03	22	108966	买盘
10:12:12	49.5	-0.04	11	54450	中性盘
10:12:09	49.54	0.14	8	39632	买盘
10:12:06	49.4	-0.15	19	93860	卖盘
10:12:03	49.55	0.01	5	24775	买盘
10:12:00	49.54	0.17	17	84218	买盘
10:11:54	49.37	-0.13	15	74055	卖盘
10:11:48	49.5	0.13	99	490050	买盘
10:11:45	49.37	0.01	8	39496	买盘
10:11:39	49.36	-0.01	7	34552	卖盘
10:11:36	49.37	0.01	10	49370	买盘
10:11:30	49.36	0.02	88	434368	买盘
10:11:24	49.34	--	40	197360	买盘
10:11:21	49.34	-0.01	5	24670	中性盘
10:11:18	49.35	-0.01	2	9870	中性盘
10:11:09	49.36	0.04	30	148080	买盘
10:11:06	49.32	--	1	4932	买盘
10:11:03	49.32	--	1	4932	买盘
10:11:00	49.32	0.02	39	192348	买盘
10:10:57	49.3	0.01	12	59160	买盘
10:10:54	49.29	--	8	39432	买盘
10:10:51	49.29	--	1	4929	买盘
10:10:48	49.29	--	1	4929	买盘
10:10:45	49.29	0.06	1	4929	买盘
10:10:33	49.23	--	8	39384	买盘
10:10:24	49.23	0.03	2	9846	买盘
10:10:21	49.2	--	2	9840	卖盘
10:10:15	49.2	0.07	54	265680	买盘
10:10:06	49.13	0.02	2	9826	买盘
10:09:42	49.11	0.02	20	100184	买盘
10:09:39	49.09	0.09	5	24545	买盘
10:09:33	49.0	--	2	9800	卖盘
10:09:30	49.0	--	3	14700	买盘
10:09:27	49.0	0.03	7	34300	买盘
10:09:12	48.97	--	2	9794	买盘
10:09:09	48.97	--	17	83249	买盘
10:09:03	48.97	0.02	2	9794	买盘
10:08:57	48.95	--	4	19580	卖盘
10:08:54	48.95	0.01	3	14685	买盘
10:08:51	48.94	0.01	12	58728	买盘
10:08:48	48.93	--	10	48930	卖盘
10:08:45	48.93	0.01	5	24465	买盘
10:08:42	48.92	-0.01	9	44028	卖盘
10:08:39	48.93	--	8	39144	买盘
10:08:36	48.93	-0.02	33	161469	卖盘
10:08:33	48.95	0.01	1	4895	买盘
10:08:30	48.94	--	1	4894	卖盘
10:08:21	48.94	--	1	4894	买盘
10:08:18	48.94	0.01	9	44046	买盘
10:08:12	48.93	--	5	25443	买盘
10:08:09	48.93	0.01	8	39144	买盘
10:08:06	48.92	--	11	53812	买盘
10:08:03	48.92	-0.01	13	63596	卖盘
10:08:00	48.93	--	2	9786	买盘
10:07:57	48.93	--	14	68502	买盘
10:07:54	48.93	--	4	19572	买盘
10:07:48	48.93	0.02	2	9786	买盘
10:07:42	48.91	-0.02	2	9782	卖盘
10:07:36	48.93	--	53	261286	买盘
10:07:33	48.93	0.01	2	9786	买盘
10:07:27	48.92	-0.01	10	48920	卖盘
10:07:21	48.93	0.01	2	9786	买盘
10:07:15	48.92	--	5	24460	买盘
10:07:12	48.92	-0.03	16	78272	卖盘
10:07:00	48.95	0.03	1	4895	买盘
10:06:54	48.92	-0.03	5	24460	卖盘
10:06:51	48.95	0.03	60	293700	买盘
10:06:36	48.92	--	2	9784	卖盘
10:06:33	48.92	0.01	2	9784	买盘
10:06:27	48.91	--	9	44019	卖盘
10:06:24	48.91	0.01	4	20542	买盘
10:06:21	48.9	-0.01	10	48900	卖盘
10:06:18	48.91	--	10	48910	买盘
10:06:12	48.91	-0.04	15	73365	卖盘
10:06:09	48.95	0.04	15	73425	买盘
10:06:06	48.91	-0.04	10	48910	卖盘
10:06:03	48.95	-0.02	7	34265	卖盘
10:06:00	48.97	0.01	5	24485	买盘
10:05:57	48.96	-0.01	2	9792	卖盘
10:05:48	48.97	--	23	112631	卖盘
10:05:42	48.97	--	5	24485	卖盘
10:05:36	48.97	0.02	6	29382	买盘
10:05:33	48.95	-0.01	30	146850	卖盘
10:05:27	48.96	--	9	44064	卖盘
10:05:24	48.96	--	15	73440	中性盘
10:05:18	48.96	--	3	14688	卖盘
10:05:15	48.96	0.01	2	9792	中性盘
10:05:09	48.95	-0.02	10	48950	卖盘
10:05:00	48.97	-0.03	12	58764	卖盘
10:04:54	49.0	0.02	27	132300	买盘
10:04:51	48.98	-0.02	1	4898	卖盘
10:04:48	49.0	--	20	98000	买盘
10:04:39	49.0	-0.08	122	600740	卖盘
10:04:33	49.08	0.02	1	4908	买盘
10:04:30	49.06	-0.01	5	24530	卖盘
10:04:27	49.07	0.01	2	11776	买盘
10:04:24	49.06	--	9	44154	卖盘
10:04:15	49.06	0.01	6	29436	买盘
10:04:12	49.05	0.01	7	34335	中性盘
10:04:00	49.04	-0.03	29	142216	卖盘
10:03:57	49.07	--	61	299327	买盘
10:03:54	49.07	0.01	5	24535	买盘
10:03:48	49.06	--	40	196240	卖盘
10:03:39	49.06	-0.02	3	14718	卖盘
10:03:30	49.08	0.02	10	49080	买盘
10:03:27	49.06	-0.01	25	122650	卖盘
10:03:18	49.07	--	22	107954	买盘
10:03:06	49.07	0.01	2	9814	中性盘
10:02:57	49.06	--	2	9812	卖盘
10:02:54	49.06	--	1	4906	卖盘
10:02:33	49.06	-0.02	5	24530	卖盘
10:02:27	49.08	--	1	4908	卖盘
10:02:24	49.08	-0.01	25	126282	卖盘
10:02:15	49.09	-0.01	8	39272	卖盘
10:02:09	49.1	--	7	34370	买盘
10:02:06	49.1	--	1	4910	卖盘
10:02:03	49.1	--	4	19640	卖盘
10:02:00	49.1	-0.01	56	274960	卖盘
10:01:45	49.11	-0.02	7	34377	卖盘
10:01:30	49.13	-0.01	3	14739	买盘
10:01:27	49.14	--	9	44226	买盘
10:01:24	49.14	0.01	14	68796	买盘
10:01:21	49.13	-0.01	19	93347	卖盘
10:01:18	49.14	--	1	4914	买盘
10:01:15	49.14	--	1	4914	买盘
10:01:12	49.14	-0.01	2	9828	买盘
10:01:09	49.15	0.01	5	24575	买盘
10:01:06	49.14	--	1	4914	卖盘
10:00:51	49.14	0.01	7	34398	买盘
10:00:45	49.13	-0.01	1	4913	买盘
10:00:36	49.14	--	1	4914	卖盘
10:00:33	49.14	--	4	19656	买盘
10:00:18	49.14	0.04	3	14742	买盘
10:00:12	49.1	--	3	14730	卖盘
10:00:03	49.1	--	1	4910	卖盘
10:00:00	49.1	-0.03	1	4910	卖盘
09:59:57	49.13	0.03	1	4913	买盘
09:59:48	49.1	0.01	1	4910	买盘
09:59:36	49.09	--	2	9818	买盘
09:59:33	49.09	--	1	4909	买盘
09:59:24	49.09	--	10	49090	买盘
09:59:21	49.09	0.01	5	24545	买盘
09:59:18	49.08	-0.02	9	44172	卖盘
09:59:09	49.1	--	2	9820	买盘
09:59:03	49.1	0.02	2	9820	买盘
09:58:57	49.08	--	2	9816	卖盘
09:58:54	49.08	--	9	44172	买盘
09:58:36	49.08	0.02	2	9816	买盘
09:58:21	49.06	--	3	14718	卖盘
09:58:18	49.06	--	18	88308	买盘
09:58:12	49.06	--	23	112838	买盘
09:58:06	49.06	--	9	44154	买盘
09:58:00	49.06	--	2	9812	买盘
09:57:57	49.06	--	5	24530	买盘
09:57:54	49.06	--	3	14718	买盘
09:57:51	49.06	--	10	49060	买盘
09:57:48	49.06	--	4	19624	买盘
09:57:36	49.06	--	6	29436	卖盘
09:57:21	49.06	0.01	14	68684	买盘
09:57:18	49.05	--	6	29430	卖盘
09:57:09	49.05	--	16	78480	卖盘
09:56:57	49.05	--	2	9810	买盘
09:56:51	49.05	--	1	4905	买盘
09:56:48	49.05	--	3	14715	买盘
09:56:45	49.05	-0.01	24	117720	买盘
09:56:42	49.06	--	10	49060	卖盘
09:56:39	49.06	--	54	264924	买盘
09:56:33	49.06	--	6	29436	买盘
09:56:27	49.06	--	2	9812	买盘
09:56:24	49.06	--	14	68684	买盘
09:56:21	49.06	--	3	14718	卖盘
09:56:09	49.06	0.02	21	103026	买盘
09:56:03	49.04	-0.01	35	171640	卖盘
09:56:00	49.05	--	8	39240	买盘
09:55:54	49.05	--	10	49050	买盘
09:55:51	49.05	0.01	2	9810	买盘
09:55:48	49.04	--	38	186352	买盘
09:55:39	49.04	--	4	19616	买盘
09:55:36	49.04	--	6	29424	买盘
09:55:30	49.04	0.02	10	49040	买盘
09:55:27	49.02	--	20	98040	卖盘
09:55:21	49.02	--	14	68628	买盘
09:55:15	49.02	0.02	1	4902	买盘
09:55:09	49.0	--	3	14700	卖盘
09:55:06	49.0	--	1	4900	卖盘
09:55:00	49.0	--	10	49000	卖盘
09:54:57	49.0	--	6	30772	买盘
09:54:54	49.0	--	12	58800	买盘
09:54:51	49.0	--	26	127400	买盘
09:54:48	49.0	--	30	147000	买盘
09:54:39	49.0	0.02	5	24500	买盘
09:54:36	48.98	-0.02	7	34286	卖盘
09:54:27	49.0	0.03	1	4900	买盘
09:54:24	48.97	-0.01	12	58764	卖盘
09:54:18	48.98	--	13	63673	买盘
09:54:15	48.98	--	15	73470	买盘
09:54:12	48.98	-0.02	2	9796	卖盘
09:54:06	49.0	0.02	8	39200	买盘
09:54:03	48.98	0.01	1	4898	中性盘
09:53:51	48.97	-0.03	26	127322	卖盘
09:53:48	49.0	0.02	23	112700	买盘
09:53:45	48.98	--	2	9796	买盘
09:53:42	48.98	--	1	4898	买盘
09:53:39	48.98	-0.02	17	83266	卖盘
09:53:36	49.0	--	4	19600	买盘
09:53:33	49.0	--	5	24500	买盘
09:53:30	49.0	0.02	2	9800	买盘
09:53:24	48.98	-0.02	11	53878	卖盘
09:53:21	49.0	--	2	9800	买盘
09:53:18	49.0	--	1	4900	买盘
09:53:09	49.0	--	6	29400	买盘
09:53:06	49.0	--	1	4900	买盘
09:53:03	49.0	--	39	193942	卖盘
09:53:00	49.0	--	21	102900	卖盘
09:52:54	49.0	--	14	68600	卖盘
09:52:51	49.0	-0.01	44	217658	卖盘
09:52:48	49.01	--	6	29406	买盘
09:52:36	49.01	-0.01	17	83317	卖盘
09:52:33	49.02	--	1	4902	买盘
09:52:30	49.02	--	5	24510	买盘
09:52:27	49.02	--	1	4902	买盘
09:52:24	49.02	-0.01	6	29412	卖盘
09:52:21	49.03	0.01	7	34321	买盘
09:52:18	49.02	-0.01	22	107844	卖盘
09:52:15	49.03	--	33	161799	买盘
09:52:09	49.03	--	4	19612	卖盘
09:52:06	49.03	--	11	53933	卖盘
09:52:03	49.03	-0.01	10	49030	卖盘
09:52:00	49.04	--	1	4904	买盘
09:51:54	49.04	--	1	4904	卖盘
09:51:51	49.04	-0.01	2	9808	卖盘
09:51:45	49.05	--	1	4905	买盘
09:51:42	49.05	0.01	3	14715	中性盘
09:51:39	49.04	-0.01	46	225584	卖盘
09:51:36	49.05	-0.01	12	58860	卖盘
09:51:27	49.06	--	5	24530	卖盘
09:51:24	49.06	-0.01	6	29436	卖盘
09:51:21	49.07	--	8	39256	买盘
09:51:12	49.07	--	4	19628	买盘
09:51:06	49.07	--	3	14721	买盘
09:51:00	49.07	-0.03	3	14721	卖盘
09:50:54	49.1	--	9	44190	买盘
09:50:51	49.1	0.02	6	29460	买盘
09:50:48	49.08	-0.05	17	83436	卖盘
09:50:45	49.13	--	10	49130	买盘
09:50:39	49.13	0.03	7	34391	中性盘
09:50:18	49.1	-0.01	56	274960	卖盘
09:50:15	49.11	0.01	3	14733	买盘
09:50:12	49.1	--	2	9820	卖盘
09:50:09	49.1	--	5	24550	卖盘
09:50:06	49.1	-0.03	18	88380	卖盘
09:50:03	49.13	-0.01	10	49130	卖盘
09:50:00	49.14	0.03	49	240786	买盘
09:49:57	49.11	--	5	24555	买盘
09:49:51	49.11	--	30	147330	卖盘
09:49:45	49.11	-0.02	1	4911	卖盘
09:49:39	49.13	0.02	6	29478	卖盘
09:49:30	49.11	-0.03	7	34377	卖盘
09:49:18	49.14	0.03	1	4914	中性盘
09:49:12	49.11	-0.03	1	4911	卖盘
09:49:06	49.14	0.03	1	4914	买盘
09:49:03	49.11	--	9	44199	卖盘
09:49:00	49.11	--	10	49110	卖盘
09:48:51	49.11	-0.03	1	4911	卖盘
09:48:48	49.14	--	1	4914	买盘
09:48:39	49.14	-0.02	5	24570	卖盘
09:48:36	49.16	--	10	49160	买盘
09:48:33	49.16	--	0	2851	卖盘
09:48:30	49.16	--	1	4916	卖盘
09:48:21	49.16	0.03	9	46308	买盘
09:48:18	49.13	-0.06	51	253412	卖盘
09:48:15	49.19	0.03	4	19676	买盘
09:48:12	49.16	-0.03	11	54075	卖盘
09:48:00	49.19	0.03	2	9838	买盘
09:47:54	49.16	0.01	5	24580	买盘
09:47:51	49.15	-0.01	13	63895	卖盘
09:47:48	49.16	0.01	4	19664	买盘
09:47:39	49.15	--	12	58980	卖盘
09:47:36	49.15	-0.01	3	14745	卖盘
09:47:27	49.16	--	8	39328	卖盘
09:47:24	49.16	--	11	54075	卖盘
09:47:09	49.16	--	6	29495	卖盘
09:47:06	49.16	0.01	8	39328	买盘
09:47:03	49.15	-0.01	0	98	卖盘
09:46:57	49.16	--	8	39328	卖盘
09:46:54	49.16	--	2	9832	卖盘
09:46:51	49.16	--	1	4916	买盘
09:46:45	49.16	0.01	2	9832	买盘
09:46:39	49.15	-0.01	4	19660	卖盘
09:46:30	49.16	0.03	7	34412	买盘
09:46:24	49.13	-0.02	6	29478	卖盘
09:46:21	49.15	0.02	10	49150	买盘
09:46:18	49.13	-0.02	3	14739	卖盘
09:46:12	49.15	0.02	2	9830	买盘
09:46:06	49.13	--	5	26530	买盘
09:46:03	49.13	--	10	49130	买盘
09:46:00	49.13	--	14	68782	买盘
09:45:54	49.13	--	9	44217	买盘
09:45:51	49.13	0.01	20	98260	买盘
09:45:45	49.12	--	5	24560	卖盘
09:45:39	49.12	-0.01	2	9824	卖盘
09:45:33	49.13	--	7	34391	买盘
09:45:30	49.13	--	20	98260	买盘
09:45:24	49.13	--	0	2947	卖盘
09:45:18	49.13	0.03	1	6878	买盘
09:45:12	49.1	-0.01	7	34370	卖盘
09:45:06	49.11	0.01	88	432168	买盘
09:45:00	49.1	0.04	5	24550	买盘
09:44:57	49.06	-0.04	18	88308	卖盘
09:44:54	49.1	-0.01	7	34370	卖盘
09:44:51	49.11	-0.02	37	181707	卖盘
09:44:48	49.13	0.01	22	108086	买盘
09:44:42	49.12	-0.01	2	9824	中性盘
09:44:39	49.13	--	3	14739	买盘
09:44:36	49.13	--	18	88434	买盘
09:44:33	49.13	--	10	49130	买盘
09:44:30	49.13	0.02	10	49130	买盘
09:44:27	49.11	-0.02	12	58932	卖盘
09:44:24	49.13	0.02	1	4913	买盘
09:44:09	49.11	--	5	24555	买盘
09:44:03	49.11	0.04	2	9822	买盘
09:44:00	49.07	-0.01	24	117768	卖盘
09:43:54	49.08	-0.03	100	490800	卖盘
09:43:48	49.11	-0.01	6	29466	卖盘
09:43:45	49.12	0.01	2	9824	买盘
09:43:42	49.11	-0.02	4	19644	卖盘
09:43:36	49.13	--	15	73695	买盘
09:43:30	49.13	--	4	19652	买盘
09:43:18	49.13	0.03	20	98260	买盘
09:43:15	49.1	--	4	19640	买盘
09:43:09	49.1	--	8	39280	买盘
09:43:06	49.1	0.01	15	73650	买盘
09:43:03	49.09	-0.01	2	9818	卖盘
09:43:00	49.1	--	18	88380	买盘
09:42:57	49.1	-0.01	16	78560	卖盘
09:42:51	49.11	--	33	165009	卖盘
09:42:42	49.11	0.01	0	1964	中性盘
09:42:33	49.1	--	1	4910	卖盘
09:42:30	49.1	--	3	14730	卖盘
09:42:24	49.1	--	2	9820	卖盘
09:42:12	49.1	--	11	54010	卖盘
09:42:09	49.1	-0.03	5	24550	卖盘
09:42:06	49.13	0.03	2	9826	买盘
09:42:03	49.1	-0.03	4	19640	卖盘
09:41:51	49.13	--	6	29478	买盘
09:41:48	49.13	--	2	9826	买盘
09:41:39	49.13	--	19	93347	卖盘
09:41:36	49.13	--	1	4913	卖盘
09:41:30	49.13	-0.02	5	24565	买盘
09:41:15	49.15	0.02	5	24575	买盘
09:41:12	49.13	--	2	9826	卖盘
09:41:06	49.13	-0.02	2	9826	卖盘
09:40:57	49.15	--	15	73725	卖盘
09:40:51	49.15	-0.02	4	19660	卖盘
09:40:48	49.17	0.01	2	9834	买盘
09:40:45	49.16	-0.01	3	14747	卖盘
09:40:36	49.17	--	4	19668	卖盘
09:40:33	49.17	-0.02	26	127842	卖盘
09:40:30	49.19	--	15	73785	买盘
09:40:24	49.19	0.01	4	19676	买盘
09:40:21	49.18	-0.02	16	78688	卖盘
09:40:18	49.2	--	3	14760	买盘
09:40:06	49.2	--	10	49200	卖盘
09:40:00	49.2	-0.03	77	378840	卖盘
09:39:57	49.23	--	1	4923	买盘
09:39:54	49.23	-0.01	9	44307	买盘
09:39:48	49.24	0.01	23	113252	买盘
09:39:42	49.23	--	1	4923	卖盘
09:39:36	49.23	0.01	1	4923	卖盘
09:39:30	49.22	-0.02	10	49220	卖盘
09:39:24	49.24	0.01	6	29544	买盘
09:39:21	49.23	0.01	4	19692	中性盘
09:39:18	49.22	--	7	34454	卖盘
09:39:15	49.22	--	4	19688	卖盘
09:39:12	49.22	--	7	34454	卖盘
09:39:09	49.22	-0.01	2	9844	卖盘
09:39:03	49.23	--	2	9846	买盘
09:39:00	49.23	--	7	34461	卖盘
09:38:48	49.23	--	1	4923	卖盘
09:38:45	49.23	-0.05	24	118151	卖盘
09:38:30	49.28	-0.02	6	29568	中性盘
09:38:18	49.3	0.02	16	78880	买盘
09:38:15	49.28	-0.02	8	42380	卖盘
09:38:09	49.3	-0.02	4	19720	卖盘
09:38:06	49.32	0.03	2	9864	卖盘
09:38:03	49.29	-0.03	9	44361	卖盘
09:38:00	49.32	--	18	88776	买盘
09:37:57	49.32	--	8	39456	买盘
09:37:54	49.32	--	10	49320	买盘
09:37:48	49.32	--	3	14796	买盘
09:37:42	49.32	-0.07	3	14796	卖盘
09:37:15	49.39	--	1	4939	中性盘
09:37:12	49.39	-0.01	8	39512	卖盘
09:37:06	49.4	--	1	4940	买盘
09:37:00	49.4	-0.02	16	79040	卖盘
09:36:57	49.42	0.02	20	98840	买盘
09:36:54	49.4	-0.02	5	24700	卖盘
09:36:51	49.42	--	25	123550	买盘
09:36:48	49.42	0.02	2	9884	买盘
09:36:42	49.4	--	2	9880	卖盘
09:36:39	49.4	0.01	5	24700	买盘
09:36:33	49.39	0.1	4	19756	买盘
09:36:21	49.29	--	48	236592	卖盘
09:36:18	49.29	0.01	20	100551	买盘
09:36:15	49.28	-0.01	1	4928	买盘
09:36:12	49.29	--	1	4929	买盘
09:36:06	49.29	0.06	2	9858	买盘
09:36:03	49.23	-0.06	4	19692	卖盘
09:35:45	49.29	0.09	4	19716	买盘
09:35:36	49.2	--	10	49200	卖盘
09:35:33	49.2	-0.02	2	9840	卖盘
09:35:30	49.22	0.01	14	68908	买盘
09:35:24	49.21	-0.01	2	9842	中性盘
09:35:21	49.22	--	2	9844	买盘
09:35:18	49.22	--	20	98440	买盘
09:35:12	49.22	0.02	22	108284	买盘
09:35:09	49.2	-0.01	5	24600	卖盘
09:35:00	49.21	--	4	19684	买盘
09:34:57	49.21	-0.08	13	63973	卖盘
09:34:45	49.29	0.07	8	39432	买盘
09:34:42	49.22	-0.07	6	29532	卖盘
09:34:39	49.29	0.07	20	98580	买盘
09:34:36	49.22	-0.07	1	4922	卖盘
09:34:33	49.29	--	49	241521	买盘
09:34:18	49.29	--	13	64077	买盘
09:34:15	49.29	--	4	19716	买盘
09:34:06	49.29	--	3	14787	买盘
09:34:00	49.29	--	10	49290	卖盘
09:33:57	49.29	--	30	147870	卖盘
09:33:54	49.29	-0.09	6	29574	卖盘
09:33:51	49.38	0.09	1	4938	买盘
09:33:42	49.29	--	2	9858	中性盘
09:33:33	49.29	0.08	1	4929	买盘
09:33:24	49.21	0.01	2	9842	买盘
09:33:18	49.2	0.02	1	4920	中性盘
09:33:12	49.18	--	1	4918	卖盘
09:33:09	49.18	0.01	14	68852	中性盘
09:33:00	49.17	--	8	39336	买盘
09:32:57	49.17	--	9	44253	买盘
09:32:54	49.17	--	1	4917	买盘
09:32:45	49.17	-0.03	5	24585	卖盘
09:32:39	49.2	-0.01	10	49200	卖盘
09:32:36	49.21	0.01	1	4921	买盘
09:32:33	49.2	-0.18	32	157440	卖盘
09:32:30	49.38	0.17	4	19752	买盘
09:32:27	49.21	-0.18	1	4921	中性盘
09:32:21	49.39	0.18	2	9878	买盘
09:32:15	49.21	--	7	34447	卖盘
09:32:12	49.21	-0.19	8	39368	卖盘
09:32:09	49.4	--	1	4940	卖盘
09:32:06	49.4	-0.01	8	39520	卖盘
09:31:57	49.41	-0.01	59	291519	卖盘
09:31:54	49.42	0.01	3	14826	买盘
09:31:51	49.41	-0.01	9	44469	卖盘
09:31:48	49.42	--	5	24710	卖盘
09:31:45	49.42	-0.02	10	49420	卖盘
09:31:39	49.44	0.02	1	4944	买盘
09:31:36	49.42	--	40	197680	买盘
09:31:33	49.42	-0.03	2	9884	中性盘
09:31:30	49.45	--	47	232415	买盘
09:31:27	49.45	0.03	2	9890	买盘
09:31:24	49.42	--	19	93898	卖盘
09:31:21	49.42	--	41	202622	卖盘
09:31:18	49.42	-0.03	14	69188	卖盘
09:31:15	49.45	0.03	5	24725	买盘
09:31:12	49.42	-0.03	11	54362	卖盘
09:31:09	49.45	0.03	7	34615	买盘
09:31:06	49.42	-0.01	12	59304	卖盘
09:31:03	49.43	-0.02	5	24715	中性盘
09:31:00	49.45	--	10	49450	买盘
09:30:57	49.45	--	3	14835	买盘
09:30:51	49.45	-0.04	34	168130	卖盘
09:30:45	49.49	0.04	14	69286	买盘
09:30:39	49.45	--	20	98900	卖盘
09:30:36	49.45	-0.03	1	4945	卖盘
09:30:33	49.48	--	1	4948	买盘
09:30:30	49.48	-0.05	1	4948	卖盘
09:30:27	49.53	0.05	3	14859	买盘
09:30:24	49.48	0.03	1	4948	中性盘
09:30:09	49.45	-0.1	4	19780	卖盘
09:30:06	49.55	0.1	16	79280	买盘
09:30:03	49.45	0.03	71	351095	买盘
09:30:00	49.42	--	0	0	买盘
09:25:03	49.42	49.42	37	182854	买盘
