成交时间	成交价	价格变动	成交量(手)	成交额(元)	性质
15:00:03	6.55	0.01	4991	3269118	买盘
14:57:00	6.54	--	21	13734	买盘
14:56:54	6.54	0.01	18	11772	买盘
14:56:51	6.53	-0.01	15	9795	卖盘
14:56:48	6.54	--	200	130800	买盘
14:56:45	6.54	0.01	50	32700	买盘
14:56:39	6.53	-0.01	24	15672	卖盘
14:56:30	6.54	--	151	98754	买盘
14:56:27	6.54	--	204	133416	买盘
14:56:24	6.54	--	401	262254	买盘
14:56:21	6.54	--	201	131454	买盘
14:56:18	6.54	0.01	113	73902	买盘
14:56:12	6.53	--	6	3918	卖盘
14:56:09	6.53	-0.01	59	38527	卖盘
14:56:06	6.54	--	21	13734	买盘
14:56:03	6.54	0.01	346	226284	买盘
14:55:57	6.53	--	60	39180	卖盘
14:55:54	6.53	--	508	331724	卖盘
14:55:51	6.53	-0.01	159	103827	卖盘
14:55:48	6.54	--	150	98100	买盘
14:55:45	6.54	--	53	34662	买盘
14:55:42	6.54	0.01	171	111834	买盘
14:55:39	6.53	-0.01	78	50934	卖盘
14:55:36	6.54	--	20	13080	买盘
14:55:33	6.54	--	35	22890	买盘
14:55:30	6.54	0.01	131	85674	买盘
14:55:27	6.53	0.01	22	14366	中性盘
14:55:21	6.52	-0.01	197	128443	卖盘
14:55:18	6.53	--	16	10448	买盘
14:55:15	6.53	--	462	302019	卖盘
14:55:09	6.53	--	150	97950	卖盘
14:55:06	6.53	-0.01	170	111010	卖盘
14:55:03	6.54	0.01	47	30738	买盘
14:55:00	6.53	--	8	5224	卖盘
14:54:57	6.53	-0.01	16	10448	卖盘
14:54:54	6.54	--	8	5232	买盘
14:54:51	6.54	--	9	5886	买盘
14:54:48	6.54	--	46	30084	买盘
14:54:45	6.54	0.01	120	78800	买盘
14:54:42	6.53	-0.01	248	161944	卖盘
14:54:39	6.54	--	18	11772	买盘
14:54:36	6.54	--	71	46434	买盘
14:54:30	6.54	--	8	5232	买盘
14:54:27	6.54	--	8	5232	买盘
14:54:24	6.54	--	8	5232	买盘
14:54:21	6.54	--	72	47088	买盘
14:54:18	6.54	--	24	15696	买盘
14:54:15	6.54	--	26	17004	买盘
14:54:12	6.54	0.01	8	5232	买盘
14:54:09	6.53	-0.01	131	85543	卖盘
14:54:06	6.54	--	15	9810	买盘
14:54:03	6.54	--	8	5232	买盘
14:54:00	6.54	--	475	310650	买盘
14:53:54	6.54	--	27	17658	买盘
14:53:51	6.54	--	14	9156	买盘
14:53:48	6.54	--	8	5232	买盘
14:53:45	6.54	--	8	5232	买盘
14:53:39	6.54	--	41	26814	买盘
14:53:36	6.54	0.01	9	5886	买盘
14:53:33	6.53	--	40	26120	卖盘
14:53:30	6.53	-0.01	5	3265	卖盘
14:53:27	6.54	--	37	24198	买盘
14:53:21	6.54	--	28	18312	买盘
14:53:18	6.54	--	18	11772	买盘
14:53:15	6.54	0.01	13	8502	买盘
14:53:12	6.53	-0.01	51	33303	卖盘
14:53:09	6.54	--	23	15042	买盘
14:53:06	6.54	--	8	5232	买盘
14:53:03	6.54	--	51	33354	买盘
14:53:00	6.54	--	8	5232	买盘
14:52:57	6.54	--	65	42510	买盘
14:52:54	6.54	--	382	249828	买盘
14:52:51	6.54	--	1	654	买盘
14:52:48	6.54	0.01	299	195546	买盘
14:52:45	6.53	--	29	18937	卖盘
14:52:42	6.53	--	36	23508	卖盘
14:52:39	6.53	-0.01	14	9142	卖盘
14:52:36	6.54	--	8	5232	买盘
14:52:33	6.54	--	18	11772	买盘
14:52:30	6.54	--	33	21582	买盘
14:52:27	6.54	0.01	505	330270	买盘
14:52:24	6.53	--	220	143660	买盘
14:52:21	6.53	--	18	11754	买盘
14:52:18	6.53	--	15	9795	买盘
14:52:15	6.53	--	8	5224	买盘
14:52:12	6.53	0.01	139	90767	买盘
14:52:09	6.52	-0.02	210	136920	卖盘
14:52:06	6.54	--	508	332232	买盘
14:52:03	6.54	--	15	9810	买盘
14:52:00	6.54	0.01	68	44472	买盘
14:51:57	6.53	-0.01	50	32650	卖盘
14:51:51	6.54	--	68	44472	买盘
14:51:48	6.54	0.01	23	15042	买盘
14:51:45	6.53	--	61	39833	买盘
14:51:42	6.53	0.01	536	350008	买盘
14:51:39	6.52	-0.01	81	52812	卖盘
14:51:36	6.53	--	17	11101	买盘
14:51:33	6.53	--	37	24161	买盘
14:51:30	6.53	--	2	1306	买盘
14:51:27	6.53	-0.01	79	51587	卖盘
14:51:24	6.54	--	2	1308	买盘
14:51:21	6.54	0.01	9	5886	买盘
14:51:18	6.53	-0.01	13	8489	卖盘
14:51:15	6.54	--	46	30084	买盘
14:51:12	6.54	--	19	12426	买盘
14:51:09	6.54	--	31	20274	买盘
14:51:06	6.54	0.01	44	29233	买盘
14:51:03	6.53	--	21	13908	买盘
14:50:57	6.53	-0.01	268	175461	卖盘
14:50:54	6.54	0.01	23	15042	买盘
14:50:51	6.53	--	10	6530	卖盘
14:50:48	6.53	-0.01	7	4571	卖盘
14:50:42	6.54	0.01	23	15042	买盘
14:50:39	6.53	-0.01	43	28079	卖盘
14:50:36	6.54	0.01	8	5232	买盘
14:50:30	6.53	-0.01	33	21549	卖盘
14:50:27	6.54	--	15	9810	买盘
14:50:24	6.54	--	83	54282	买盘
14:50:21	6.54	--	57	37278	买盘
14:50:18	6.54	0.01	8	5232	买盘
14:50:15	6.53	--	18	11754	卖盘
14:50:12	6.53	--	30	19590	卖盘
14:50:06	6.53	-0.01	274	178922	卖盘
14:50:03	6.54	--	8	5232	买盘
14:50:00	6.54	--	35	22890	买盘
14:49:57	6.54	--	8	5232	买盘
14:49:54	6.54	--	16	10464	买盘
14:49:48	6.54	--	36	23544	买盘
14:49:45	6.54	0.01	21	13734	买盘
14:49:42	6.53	-0.01	284	185452	卖盘
14:49:39	6.54	--	13	8502	买盘
14:49:36	6.54	0.01	9	5886	卖盘
14:49:33	6.53	-0.01	113	73789	卖盘
14:49:30	6.54	--	93	60822	买盘
14:49:27	6.54	--	518	338772	买盘
14:49:21	6.54	--	22	14388	买盘
14:49:18	6.54	0.01	44	28776	买盘
14:49:15	6.53	-0.01	23	15019	卖盘
14:49:03	6.54	--	33	21582	买盘
14:48:57	6.54	--	26	17200	买盘
14:48:51	6.54	0.01	28	18312	买盘
14:48:48	6.53	--	49	31997	卖盘
14:48:45	6.53	-0.01	7	4571	卖盘
14:48:42	6.54	--	35	22890	卖盘
14:48:39	6.54	--	9	5886	买盘
14:48:36	6.54	0.01	85	55590	买盘
14:48:33	6.53	--	18	11754	卖盘
14:48:30	6.53	-0.02	14	9142	卖盘
14:48:24	6.55	0.01	31	20305	买盘
14:48:21	6.54	0.01	15	9810	中性盘
14:48:18	6.53	--	49	31997	卖盘
14:48:15	6.53	-0.02	1	653	卖盘
14:48:12	6.55	0.01	22	14410	买盘
14:48:09	6.54	0.01	214	139956	买盘
14:48:06	6.53	-0.01	24	15672	卖盘
14:48:03	6.54	--	8	5232	买盘
14:48:00	6.54	--	37	24198	买盘
14:47:57	6.54	-0.01	108	70632	卖盘
14:47:54	6.55	--	37	24235	买盘
14:47:51	6.55	0.01	25	16375	买盘
14:47:48	6.54	-0.01	17	11118	卖盘
14:47:45	6.55	--	1	655	买盘
14:47:42	6.55	0.01	28	18340	买盘
14:47:39	6.54	-0.01	7	4578	卖盘
14:47:36	6.55	--	8	5240	买盘
14:47:33	6.55	--	8	5240	买盘
14:47:30	6.55	--	18	11790	买盘
14:47:27	6.55	--	9	5895	买盘
14:47:24	6.55	0.01	18	11790	买盘
14:47:21	6.54	-0.01	29	18966	卖盘
14:47:18	6.55	0.01	10	6550	买盘
14:47:15	6.54	--	67	43818	买盘
14:47:12	6.54	--	53	34662	买盘
14:47:09	6.54	--	137	89598	买盘
14:47:06	6.54	--	2	1308	买盘
14:47:03	6.54	--	35	22890	买盘
14:47:00	6.54	--	136	88944	买盘
14:46:57	6.54	--	8	5232	买盘
14:46:51	6.54	--	15	9810	买盘
14:46:48	6.54	--	8	5232	买盘
14:46:45	6.54	--	154	100716	买盘
14:46:36	6.54	--	15	9810	买盘
14:46:33	6.54	0.01	8	5232	买盘
14:46:30	6.53	-0.01	8	5224	卖盘
14:46:27	6.54	--	8	5232	买盘
14:46:24	6.54	--	4	2616	买盘
14:46:21	6.54	--	16	10464	买盘
14:46:18	6.54	0.01	9	5886	买盘
14:46:15	6.53	--	21	13713	卖盘
14:46:09	6.53	--	39	25467	买盘
14:46:06	6.53	--	20	13060	买盘
14:46:00	6.53	--	22	14366	买盘
14:45:51	6.53	--	27	17631	买盘
14:45:45	6.53	--	15	9795	买盘
14:45:42	6.53	--	14	9142	卖盘
14:45:39	6.53	--	2	1306	卖盘
14:45:36	6.53	--	300	195900	卖盘
14:45:33	6.53	-0.01	100	65300	卖盘
14:45:24	6.54	0.01	7	4578	买盘
14:45:21	6.53	--	2	1306	卖盘
14:45:12	6.53	-0.01	2	1306	卖盘
14:45:03	6.54	--	21	13734	买盘
14:44:57	6.54	--	4	2616	买盘
14:44:54	6.54	--	1	654	买盘
14:44:51	6.54	--	201	131454	买盘
14:44:48	6.54	0.01	8	5232	买盘
14:44:45	6.53	-0.01	2	1306	卖盘
14:44:42	6.54	0.01	9	5886	买盘
14:44:39	6.53	--	45	29385	卖盘
14:44:36	6.53	-0.01	315	205695	卖盘
14:44:33	6.54	--	6	3924	买盘
14:44:30	6.54	0.01	8	5232	买盘
14:44:27	6.53	-0.01	15	9795	卖盘
14:44:21	6.54	--	97	63438	买盘
14:44:15	6.54	--	15	9810	买盘
14:44:09	6.54	--	9	5886	买盘
14:44:06	6.54	--	17	11118	买盘
14:44:03	6.54	-0.01	10	6540	买盘
14:44:00	6.55	0.02	1	655	买盘
14:43:57	6.53	-0.01	35	22855	卖盘
14:43:54	6.54	--	1	654	中性盘
14:43:51	6.54	-0.01	20	13080	卖盘
14:43:48	6.55	--	1	655	买盘
14:43:45	6.55	0.01	26	17030	买盘
14:43:39	6.54	--	15	9810	卖盘
14:43:36	6.54	--	11	7194	卖盘
14:43:33	6.54	--	1	654	卖盘
14:43:30	6.54	--	141	92214	买盘
14:43:27	6.54	0.01	2	1308	买盘
14:43:24	6.53	-0.01	76	49628	卖盘
14:43:21	6.54	--	318	207972	卖盘
14:43:18	6.54	--	55	35970	买盘
14:43:12	6.54	0.01	8	5232	买盘
14:43:09	6.53	-0.01	45	29385	卖盘
14:43:03	6.54	0.01	9	5886	买盘
14:43:00	6.53	-0.01	17	11101	卖盘
14:42:54	6.54	--	6	3924	买盘
14:42:51	6.54	--	67	43818	买盘
14:42:48	6.54	--	29	18966	买盘
14:42:45	6.54	0.01	1	654	买盘
14:42:39	6.53	-0.01	29	18937	卖盘
14:42:36	6.54	--	4	2616	买盘
14:42:33	6.54	--	12	7848	买盘
14:42:30	6.54	0.01	16	10464	买盘
14:42:27	6.53	-0.01	45	29385	卖盘
14:42:24	6.54	--	8	5232	买盘
14:42:21	6.54	--	150	98100	买盘
14:42:18	6.54	--	9	5886	买盘
14:42:15	6.54	--	9	5886	买盘
14:42:12	6.54	0.01	62	40548	买盘
14:42:09	6.53	--	24	15672	卖盘
14:42:06	6.53	--	15	9795	卖盘
14:42:03	6.53	--	31	20243	卖盘
14:42:00	6.53	-0.01	12	7836	卖盘
14:41:57	6.54	--	23	15042	买盘
14:41:54	6.54	--	8	5232	买盘
14:41:51	6.54	0.01	26	17004	买盘
14:41:45	6.53	-0.01	24	15672	卖盘
14:41:42	6.54	0.01	8	5232	买盘
14:41:39	6.53	-0.01	7	4571	卖盘
14:41:33	6.54	--	76	49704	卖盘
14:41:30	6.54	--	125	81750	卖盘
14:41:27	6.54	-0.01	21	13734	卖盘
14:41:24	6.55	0.01	29	18995	买盘
14:41:21	6.54	-0.01	18	11772	卖盘
14:41:18	6.55	-0.01	19	12445	中性盘
14:41:12	6.56	--	29	19024	买盘
14:41:09	6.56	--	2	1312	买盘
14:41:06	6.56	0.01	200	131200	买盘
14:41:03	6.55	0.01	42	27510	买盘
14:41:00	6.54	-0.02	71	46434	卖盘
14:40:57	6.56	--	31	20336	买盘
14:40:54	6.56	0.01	33	21648	买盘
14:40:51	6.55	--	108	70740	卖盘
14:40:48	6.55	--	16	10480	卖盘
14:40:45	6.55	-0.01	15	9825	卖盘
14:40:42	6.56	--	71	46576	买盘
14:40:39	6.56	--	19	12464	买盘
14:40:36	6.56	--	187	123314	卖盘
14:40:33	6.56	-0.01	44	28864	卖盘
14:40:27	6.57	--	270	177390	买盘
14:40:24	6.57	--	30	19710	买盘
14:40:21	6.57	--	8	5256	买盘
14:40:18	6.57	--	9	5913	买盘
14:40:15	6.57	--	70	45990	买盘
14:40:12	6.57	-0.01	133	87564	卖盘
14:40:09	6.58	0.01	6	3948	买盘
14:40:06	6.57	-0.01	101	66357	卖盘
14:40:03	6.58	--	2	1316	买盘
14:40:00	6.58	0.01	56	36848	买盘
14:39:57	6.57	--	755	496508	买盘
14:39:54	6.57	0.01	1	657	买盘
14:39:51	6.56	--	207	135792	卖盘
14:39:48	6.56	-0.01	309	202717	卖盘
14:39:45	6.57	0.01	28	18396	买盘
14:39:42	6.56	-0.01	5	3280	卖盘
14:39:39	6.57	--	12	7884	买盘
14:39:36	6.57	--	58	38106	买盘
14:39:33	6.57	0.01	16	10512	买盘
14:39:30	6.56	-0.01	20	13120	卖盘
14:39:27	6.57	0.02	12	7884	买盘
14:39:24	6.55	-0.02	102	66810	卖盘
14:39:21	6.57	--	59	38763	买盘
14:39:18	6.57	-0.01	215	141255	中性盘
14:39:12	6.58	0.01	1002	659316	买盘
14:39:09	6.57	--	58	38414	卖盘
14:39:06	6.57	--	8	5604	买盘
14:39:03	6.57	--	1	657	买盘
14:39:00	6.57	0.01	9	5913	买盘
14:38:57	6.56	--	18	11808	买盘
14:38:54	6.56	-0.01	39	25584	中性盘
14:38:51	6.57	0.03	700	459900	买盘
14:38:45	6.54	-0.03	407	266178	卖盘
14:38:42	6.57	0.03	18	11826	买盘
14:38:39	6.54	-0.02	718	469572	卖盘
14:38:36	6.56	--	5	3280	买盘
14:38:33	6.56	--	8	5248	买盘
14:38:27	6.56	-0.01	18	11808	买盘
14:38:24	6.57	0.01	1000	657000	买盘
14:38:21	6.56	0.02	8	5248	买盘
14:38:18	6.54	-0.02	108	70632	卖盘
14:38:15	6.56	--	8	5248	买盘
14:38:12	6.56	--	16	10496	买盘
14:38:09	6.56	0.02	3	1967	买盘
14:38:06	6.54	-0.02	1	654	卖盘
14:38:03	6.56	--	17	11152	买盘
14:38:00	6.56	--	163	106928	买盘
14:37:54	6.56	0.01	700	459200	买盘
14:37:51	6.55	--	16	10480	买盘
14:37:48	6.55	--	18	11790	买盘
14:37:45	6.55	--	38	24890	买盘
14:37:42	6.55	0.01	708	463740	买盘
14:37:33	6.54	--	11	7194	买盘
14:37:30	6.54	-0.01	1	654	买盘
14:37:27	6.55	0.01	347	227285	买盘
14:37:24	6.54	--	11	7194	买盘
14:37:21	6.54	0.02	17	11118	买盘
14:37:15	6.52	-0.03	5	3260	卖盘
14:37:12	6.55	0.02	500	327500	买盘
14:37:09	6.53	--	26	16978	买盘
14:37:06	6.53	--	8	5224	买盘
14:37:03	6.53	--	18	11754	买盘
14:36:57	6.53	--	105	68565	买盘
14:36:54	6.53	--	16	10448	买盘
14:36:51	6.53	--	1	653	买盘
14:36:48	6.53	0.01	9	5877	买盘
14:36:45	6.52	--	270	176040	买盘
14:36:42	6.52	--	31	20212	买盘
14:36:39	6.52	0.01	2	1304	买盘
14:36:36	6.51	-0.01	100	65100	卖盘
14:36:30	6.52	--	117	76284	买盘
14:36:27	6.52	--	8	5216	买盘
14:36:24	6.52	0.01	116	75632	买盘
14:36:21	6.51	-0.01	1	651	卖盘
14:36:18	6.52	--	26	16952	买盘
14:36:09	6.52	--	9	5868	买盘
14:36:06	6.52	--	8	5216	买盘
14:36:03	6.52	--	8	5216	买盘
14:35:57	6.52	--	8	5216	买盘
14:35:54	6.52	0.02	21	13692	买盘
14:35:51	6.5	-0.02	19	12350	卖盘
14:35:48	6.52	0.02	8	5216	买盘
14:35:42	6.5	-0.01	1350	877500	卖盘
14:35:39	6.51	-0.01	530	345030	卖盘
14:35:36	6.52	--	8	5216	买盘
14:35:33	6.52	--	8	5216	买盘
14:35:30	6.52	--	9	5868	买盘
14:35:27	6.52	-0.01	620	404240	卖盘
14:35:24	6.53	--	9	5877	买盘
14:35:21	6.53	0.01	24	15672	买盘
14:35:18	6.52	-0.01	18	11736	卖盘
14:35:15	6.53	-0.02	104	67912	卖盘
14:35:12	6.55	--	8	5240	买盘
14:35:09	6.55	--	617	404135	买盘
14:35:00	6.55	0.01	8	5240	买盘
14:34:57	6.54	--	19	12426	卖盘
14:34:54	6.54	-0.01	100	65400	卖盘
14:34:51	6.55	--	34	22270	买盘
14:34:48	6.55	--	190	124450	买盘
14:34:42	6.55	0.01	9	5895	买盘
14:34:39	6.54	-0.01	236	154344	卖盘
14:34:36	6.55	--	10	6550	买盘
14:34:33	6.55	--	8	5240	买盘
14:34:30	6.55	-0.01	276	180780	卖盘
14:34:27	6.56	--	19	12464	买盘
14:34:24	6.56	--	1	656	买盘
14:34:21	6.56	--	10	6560	买盘
14:34:15	6.56	--	27	17712	买盘
14:34:12	6.56	--	105	68880	买盘
14:34:09	6.56	--	410	268960	买盘
14:34:06	6.56	0.01	27	17712	买盘
14:34:03	6.55	-0.01	18	11790	卖盘
14:34:00	6.56	--	5	3280	买盘
14:33:57	6.56	--	120	78720	买盘
14:33:54	6.56	--	308	202048	买盘
14:33:48	6.56	0.01	116	76096	买盘
14:33:45	6.55	--	1	655	卖盘
14:33:42	6.55	--	58	37990	买盘
14:33:39	6.55	--	512	335360	买盘
14:33:36	6.55	--	19	12445	买盘
14:33:33	6.55	--	1	655	买盘
14:33:30	6.55	--	1	655	买盘
14:33:27	6.55	--	9	5895	买盘
14:33:24	6.55	--	10	6550	买盘
14:33:21	6.55	--	133	87115	买盘
14:33:18	6.55	--	4	2620	买盘
14:33:15	6.55	--	20	13100	买盘
14:33:12	6.55	--	1	655	买盘
14:33:09	6.55	--	58	37990	买盘
14:33:06	6.55	--	1	655	买盘
14:33:03	6.55	--	10	6550	买盘
14:33:00	6.55	--	16	10480	买盘
14:32:57	6.55	--	64	41920	买盘
14:32:51	6.55	--	1	655	买盘
14:32:48	6.55	--	8	5240	买盘
14:32:42	6.55	--	28	18340	买盘
14:32:39	6.55	0.01	11	7205	买盘
14:32:36	6.54	-0.01	19	12426	卖盘
14:32:30	6.55	0.01	8	5240	买盘
14:32:27	6.54	--	7	4578	卖盘
14:32:24	6.54	--	20	13080	卖盘
14:32:21	6.54	--	29	18966	卖盘
14:32:18	6.54	-0.01	1	654	卖盘
14:32:15	6.55	0.01	228	149340	买盘
14:32:12	6.54	-0.01	14	9156	卖盘
14:32:09	6.55	0.01	35	22925	买盘
14:32:03	6.54	--	23	15042	卖盘
14:32:00	6.54	-0.01	8	5232	卖盘
14:31:57	6.55	--	11	7205	买盘
14:31:54	6.55	-0.01	415	271825	卖盘
14:31:51	6.56	--	17	11152	买盘
14:31:45	6.56	0.01	18	11808	买盘
14:31:42	6.55	-0.01	22	14410	卖盘
14:31:36	6.56	--	19	12464	买盘
14:31:33	6.56	--	2	1312	买盘
14:31:30	6.56	--	18	11808	买盘
14:31:27	6.56	--	8	5248	买盘
14:31:24	6.56	0.01	9	5904	买盘
14:31:21	6.55	-0.01	19	12445	卖盘
14:31:18	6.56	--	25	16400	买盘
14:31:15	6.56	-0.01	27	17712	卖盘
14:31:12	6.57	--	1	657	买盘
14:31:09	6.57	--	16	10512	买盘
14:31:06	6.57	--	8	5256	买盘
14:31:03	6.57	0.01	20	13140	买盘
14:31:00	6.56	-0.01	7	4592	卖盘
14:30:57	6.57	0.01	11	7227	买盘
14:30:51	6.56	--	13	8528	卖盘
14:30:48	6.56	-0.01	100	65600	卖盘
14:30:39	6.57	0.01	11	7227	买盘
14:30:36	6.56	-0.01	10	6560	卖盘
14:30:33	6.57	0.01	50	32850	买盘
14:30:30	6.56	-0.01	5	3280	卖盘
14:30:27	6.57	--	764	501948	买盘
14:30:24	6.57	--	107	70299	买盘
14:30:21	6.57	--	15	9855	买盘
14:30:18	6.57	--	11	7227	买盘
14:30:15	6.57	--	191	125487	买盘
14:30:12	6.57	--	50	32850	买盘
14:30:06	6.57	--	2	1314	买盘
14:30:03	6.57	--	42	27594	买盘
14:29:57	6.57	--	12	7884	买盘
14:29:54	6.57	--	36	23652	买盘
14:29:51	6.57	0.01	15	9855	买盘
14:29:45	6.56	--	64	41984	买盘
14:29:39	6.56	-0.01	30	19680	卖盘
14:29:36	6.57	--	21	13797	买盘
14:29:30	6.57	0.01	500	328500	买盘
14:29:27	6.56	--	8	5248	买盘
14:29:24	6.56	--	21	13776	买盘
14:29:18	6.56	0.01	11	7216	买盘
14:29:15	6.55	-0.01	24	15720	卖盘
14:29:12	6.56	--	1	656	买盘
14:29:09	6.56	--	21	13776	买盘
14:29:00	6.56	--	154	101024	卖盘
14:28:57	6.56	-0.01	34	22304	卖盘
14:28:54	6.57	--	11	7227	买盘
14:28:51	6.57	--	3	1971	买盘
14:28:48	6.57	--	9	5913	买盘
14:28:45	6.57	0.01	27	17739	买盘
14:28:42	6.56	--	3	1967	买盘
14:28:39	6.56	-0.01	1	656	卖盘
14:28:33	6.57	--	11	7227	买盘
14:28:30	6.57	0.01	21	13797	买盘
14:28:27	6.56	--	10	6560	买盘
14:28:21	6.56	--	2	1312	买盘
14:28:18	6.56	--	19	12464	买盘
14:28:15	6.56	-0.01	15	9840	卖盘
14:28:12	6.57	--	32	21024	买盘
14:28:09	6.57	--	1	657	买盘
14:28:06	6.57	--	9	5913	买盘
14:28:03	6.57	--	16	10512	买盘
14:28:00	6.57	--	34	22338	买盘
14:27:54	6.57	--	105	68985	买盘
14:27:51	6.57	--	10	6570	买盘
14:27:48	6.57	--	57	37449	买盘
14:27:45	6.57	0.01	11	7227	买盘
14:27:36	6.56	--	26	17056	买盘
14:27:30	6.56	-0.01	11	7216	买盘
14:27:27	6.57	0.02	1100	722700	买盘
14:27:24	6.55	--	12	7860	买盘
14:27:21	6.55	--	13	8515	买盘
14:27:18	6.55	--	8	5240	买盘
14:27:15	6.55	--	27	17685	买盘
14:27:09	6.55	--	10	6550	买盘
14:27:06	6.55	--	8	5240	买盘
14:27:00	6.55	--	11	7205	买盘
14:26:57	6.55	0.01	37	24235	买盘
14:26:54	6.54	-0.01	16	10464	卖盘
14:26:48	6.55	--	11	7205	买盘
14:26:42	6.55	--	35	22925	买盘
14:26:39	6.55	--	1	655	卖盘
14:26:36	6.55	--	18	11790	买盘
14:26:33	6.55	--	11	7205	买盘
14:26:30	6.55	--	29	18995	买盘
14:26:27	6.55	--	13	8515	卖盘
14:26:24	6.55	--	59	38645	卖盘
14:26:18	6.55	-0.01	23	15065	卖盘
14:26:15	6.56	--	19	12464	买盘
14:26:12	6.56	--	2	1312	买盘
14:26:06	6.56	--	8	5248	买盘
14:26:03	6.56	0.01	20	13120	买盘
14:26:00	6.55	-0.01	22	14410	卖盘
14:25:57	6.56	--	20	13120	买盘
14:25:54	6.56	0.01	8	5248	买盘
14:25:51	6.55	--	149	97595	买盘
14:25:48	6.55	--	11	7205	买盘
14:25:45	6.55	--	21	13755	买盘
14:25:42	6.55	-0.01	58	37990	卖盘
14:25:39	6.56	--	20	13120	买盘
14:25:36	6.56	0.01	21	13776	买盘
14:25:33	6.55	-0.01	7	4585	卖盘
14:25:24	6.56	--	8	5248	买盘
14:25:21	6.56	0.01	41	26896	买盘
14:25:18	6.55	0.01	2	1310	买盘
14:25:15	6.54	-0.01	10	6540	中性盘
14:25:12	6.55	--	9	5895	买盘
14:25:09	6.55	--	10	6550	买盘
14:25:06	6.55	0.02	11	7205	买盘
14:25:03	6.53	-0.01	56	36568	卖盘
14:25:00	6.54	-0.01	12	7848	卖盘
14:24:57	6.55	--	22	14410	买盘
14:24:54	6.55	--	18	11790	买盘
14:24:51	6.55	--	11	7205	买盘
14:24:45	6.55	0.01	2	1310	买盘
14:24:42	6.54	-0.01	226	147804	卖盘
14:24:36	6.55	--	21	13755	买盘
14:24:33	6.55	--	46	30130	买盘
14:24:27	6.55	--	20	13100	买盘
14:24:24	6.55	--	18	11790	买盘
14:24:18	6.55	--	68	44540	卖盘
14:24:15	6.55	--	25	16375	买盘
14:24:12	6.55	--	8	5240	买盘
14:24:09	6.55	--	11	7205	买盘
14:24:03	6.55	-0.01	13	8515	卖盘
14:24:00	6.56	--	33	21648	买盘
14:23:57	6.56	--	11	7216	买盘
14:23:54	6.56	0.01	45	29520	买盘
14:23:51	6.55	--	61	39955	卖盘
14:23:48	6.55	--	402	263310	卖盘
14:23:45	6.55	-0.01	31	20305	卖盘
14:23:42	6.56	--	11	7216	买盘
14:23:39	6.56	0.01	11	7216	买盘
14:23:36	6.55	-0.01	18	11790	卖盘
14:23:33	6.56	--	221	144976	买盘
14:23:30	6.56	--	8	5248	买盘
14:23:27	6.56	-0.01	152	99712	卖盘
14:23:24	6.57	0.01	13	8541	买盘
14:23:21	6.56	-0.01	111	72816	卖盘
14:23:18	6.57	--	12	7884	买盘
14:23:15	6.57	--	38	24966	买盘
14:23:12	6.57	--	4	2628	买盘
14:23:09	6.57	--	11	7227	买盘
14:23:06	6.57	--	10	6570	买盘
14:23:03	6.57	--	4	2628	买盘
14:23:00	6.57	--	18	11826	买盘
14:22:57	6.57	-0.01	51	33507	卖盘
14:22:54	6.58	--	1	658	买盘
14:22:51	6.58	0.01	13	8554	买盘
14:22:48	6.57	--	550	361350	卖盘
14:22:42	6.57	--	3	1971	买盘
14:22:39	6.57	--	30	19710	卖盘
14:22:36	6.57	--	18	11826	买盘
14:22:30	6.57	--	29	19053	卖盘
14:22:27	6.57	0.01	495	325215	买盘
14:22:24	6.56	-0.01	51	33456	卖盘
14:22:21	6.57	--	18	11826	买盘
14:22:15	6.57	--	8	5256	买盘
14:22:12	6.57	--	11	7227	买盘
14:22:09	6.57	--	49	32193	买盘
14:22:06	6.57	--	5	3285	买盘
14:22:03	6.57	--	11	7227	买盘
14:21:57	6.57	--	71	46647	买盘
14:21:54	6.57	--	16	10512	买盘
14:21:48	6.57	--	8	5256	买盘
14:21:45	6.57	0.01	11	7227	买盘
14:21:42	6.56	--	43	28208	买盘
14:21:36	6.56	--	9	5904	买盘
14:21:33	6.56	--	2	1312	买盘
14:21:30	6.56	--	21	13776	买盘
14:21:24	6.56	--	7	4592	买盘
14:21:18	6.56	--	8	5248	买盘
14:21:15	6.56	--	92	60352	买盘
14:21:12	6.56	--	218	143008	买盘
14:21:06	6.56	--	8	5248	买盘
14:21:03	6.56	--	29	19024	买盘
14:21:00	6.56	--	73	47888	买盘
14:20:51	6.56	--	30	19680	卖盘
14:20:45	6.56	--	4	2624	买盘
14:20:42	6.56	0.01	2	1312	买盘
14:20:36	6.55	--	8	5240	买盘
14:20:33	6.55	-0.01	16	10480	卖盘
14:20:27	6.56	-0.01	3	1967	卖盘
14:20:24	6.57	0.02	510	335070	买盘
14:20:21	6.55	-0.02	21	13755	卖盘
14:20:18	6.57	0.01	19	12483	买盘
14:20:15	6.56	--	20	13120	买盘
14:20:12	6.56	--	3	1967	买盘
14:20:09	6.56	--	23	15088	买盘
14:20:03	6.56	--	14	9184	卖盘
14:20:00	6.56	--	16	10496	卖盘
14:19:54	6.56	--	4	2624	买盘
14:19:51	6.56	--	8	5248	买盘
14:19:48	6.56	--	11	7216	买盘
14:19:42	6.56	--	13	8528	买盘
14:19:39	6.56	--	19	12464	买盘
14:19:33	6.56	--	11	7216	买盘
14:19:27	6.56	--	13	8528	买盘
14:19:24	6.56	--	8	5248	买盘
14:19:21	6.56	--	22	14432	买盘
14:19:15	6.56	--	10	6560	买盘
14:19:09	6.56	0.02	8	5248	买盘
14:19:06	6.54	--	18	11772	卖盘
14:19:03	6.54	-0.02	14	9156	卖盘
14:19:00	6.56	--	10	6560	买盘
14:18:57	6.56	0.03	34	22304	买盘
14:18:54	6.53	-0.03	87	56811	卖盘
14:18:51	6.56	0.03	11	7216	买盘
14:18:48	6.53	--	64	41792	卖盘
14:18:42	6.53	-0.03	14	9142	卖盘
14:18:39	6.56	--	19	12464	买盘
14:18:36	6.56	--	32	20992	买盘
14:18:33	6.56	0.03	10	6560	买盘
14:18:30	6.53	-0.03	8	5224	卖盘
14:18:27	6.56	0.03	64	41984	买盘
14:18:24	6.53	--	49	31997	卖盘
14:18:21	6.53	-0.04	224	146272	卖盘
14:18:18	6.57	--	10	6570	买盘
14:18:15	6.57	0.01	3	1971	买盘
14:18:12	6.56	--	10	6560	卖盘
14:18:09	6.56	--	68	44608	卖盘
14:18:06	6.56	-0.01	12	7871	卖盘
14:18:03	6.57	--	13	8541	买盘
14:18:00	6.57	-0.01	152	100166	卖盘
14:17:57	6.58	0.01	302	198716	买盘
14:17:54	6.57	-0.01	17	11169	卖盘
14:17:51	6.58	--	33	21714	买盘
14:17:48	6.58	0.01	9	5922	买盘
14:17:45	6.57	-0.01	21	13797	卖盘
14:17:39	6.58	--	21	13818	买盘
14:17:33	6.58	--	26	17108	买盘
14:17:30	6.58	0.01	260	171080	买盘
14:17:27	6.57	-0.01	32	21024	卖盘
14:17:24	6.58	--	23	15134	买盘
14:17:21	6.58	--	52	34216	买盘
14:17:18	6.58	--	8	5264	买盘
14:17:15	6.58	--	114	75012	买盘
14:17:12	6.58	--	10	6580	买盘
14:17:09	6.58	--	24	15792	买盘
14:17:06	6.58	--	9	5922	买盘
14:17:03	6.58	--	21	13818	买盘
14:17:00	6.58	--	31	20398	买盘
14:16:57	6.58	--	21	13818	买盘
14:16:54	6.58	--	11	7238	买盘
14:16:51	6.58	--	28	18424	买盘
14:16:45	6.58	--	2	1316	买盘
14:16:42	6.58	--	25	16450	买盘
14:16:36	6.58	0.01	8	5264	买盘
14:16:33	6.57	-0.01	15	9855	卖盘
14:16:30	6.58	--	21	13818	买盘
14:16:27	6.58	--	11	7238	买盘
14:16:24	6.58	0.01	11	7238	买盘
14:16:21	6.57	0.01	669	439887	买盘
14:16:18	6.56	--	104	68224	买盘
14:16:12	6.56	--	32	20992	买盘
14:16:09	6.56	--	8	5248	买盘
14:16:06	6.56	--	1	656	买盘
14:16:03	6.56	--	34	22304	买盘
14:16:00	6.56	--	2	1312	买盘
14:15:57	6.56	--	1	656	买盘
14:15:54	6.56	--	12	7871	买盘
14:15:51	6.56	--	2	1312	买盘
14:15:48	6.56	--	11	7216	买盘
14:15:45	6.56	--	3	1967	买盘
14:15:42	6.56	0.01	1	656	买盘
14:15:39	6.55	-0.01	44	28820	卖盘
14:15:36	6.56	--	1	656	买盘
14:15:33	6.56	0.01	34	22304	买盘
14:15:30	6.55	--	3	1965	卖盘
14:15:24	6.55	--	563	368810	买盘
14:15:21	6.55	--	11	7205	买盘
14:15:18	6.55	--	30	19650	买盘
14:15:03	6.55	--	3	1965	买盘
14:14:57	6.55	--	5	3275	买盘
14:14:54	6.55	--	12	7860	买盘
14:14:51	6.55	--	16	10480	买盘
14:14:45	6.55	0.01	1	655	买盘
14:14:42	6.54	--	37	24688	买盘
14:14:39	6.54	--	201	131454	买盘
14:14:36	6.54	--	12	7848	买盘
14:14:33	6.54	--	16	10464	买盘
14:14:24	6.54	--	25	16350	买盘
14:14:21	6.54	--	50	32700	买盘
14:14:18	6.54	--	13	8502	买盘
14:14:15	6.54	0.01	4	2616	买盘
14:14:12	6.53	-0.01	9	5877	卖盘
14:14:09	6.54	0.01	25	16350	买盘
14:14:06	6.53	-0.01	23	15019	卖盘
14:14:03	6.54	--	12	7848	买盘
14:14:00	6.54	--	9	5886	买盘
14:13:57	6.54	--	12	7848	买盘
14:13:54	6.54	--	12	7848	买盘
14:13:45	6.54	--	109	71286	买盘
14:13:42	6.54	0.01	20	13080	买盘
14:13:39	6.53	-0.01	56	36568	卖盘
14:13:33	6.54	0.01	11	7194	买盘
14:13:27	6.53	--	116	75748	买盘
14:13:24	6.53	--	33	21549	买盘
14:13:21	6.53	--	16	10448	买盘
14:13:12	6.53	--	117	76401	买盘
14:13:09	6.53	0.01	17	11101	买盘
14:13:06	6.52	-0.01	13	8476	卖盘
14:13:03	6.53	--	13	8489	买盘
14:13:00	6.53	-0.01	14	9142	买盘
14:12:57	6.54	0.01	55	35970	买盘
14:12:54	6.53	--	48	31344	买盘
14:12:51	6.53	--	191	124723	买盘
14:12:42	6.53	0.01	14	9142	买盘
14:12:36	6.52	--	14	9128	买盘
14:12:33	6.52	0.01	31	20212	买盘
14:12:30	6.51	-0.01	11	7161	卖盘
14:12:27	6.52	--	12	7823	买盘
14:12:24	6.52	--	14	9128	买盘
14:12:18	6.52	--	9	5868	买盘
14:12:15	6.52	--	31	20212	买盘
14:12:03	6.52	--	2	1304	买盘
14:12:00	6.52	--	14	9128	买盘
14:11:57	6.52	--	21	13692	买盘
14:11:54	6.52	--	11	7171	买盘
14:11:45	6.52	0.01	15	9780	买盘
14:11:42	6.51	-0.01	1	651	卖盘
14:11:39	6.52	--	8	5216	买盘
14:11:36	6.52	-0.01	10	6520	卖盘
14:11:33	6.53	--	11	7183	买盘
14:11:30	6.53	0.02	12	7836	买盘
14:11:21	6.51	-0.02	14	9114	卖盘
14:11:18	6.53	--	20	13060	买盘
14:11:15	6.53	0.01	284	185843	买盘
14:11:09	6.52	-0.01	30	19560	卖盘
14:11:03	6.53	--	17	11101	买盘
14:11:00	6.53	--	8	5224	买盘
14:10:57	6.53	--	8	5224	买盘
14:10:48	6.53	--	23	15019	买盘
14:10:45	6.53	--	9	5877	买盘
14:10:42	6.53	-0.01	38	25238	卖盘
14:10:36	6.54	--	8	5232	买盘
14:10:33	6.54	--	12	7848	买盘
14:10:30	6.54	--	11	7194	买盘
14:10:27	6.54	--	46	30084	买盘
14:10:24	6.54	0.01	12	7848	买盘
14:10:21	6.53	-0.01	112	73136	卖盘
14:10:15	6.54	0.01	8	5232	买盘
14:10:12	6.53	--	70	45710	卖盘
14:10:09	6.53	-0.01	126	82278	卖盘
14:10:06	6.54	--	25	16350	买盘
14:10:03	6.54	0.01	10	6540	买盘
14:10:00	6.53	-0.01	23	15019	卖盘
14:09:57	6.54	--	8	5232	买盘
14:09:54	6.54	--	11	7194	买盘
14:09:51	6.54	0.01	12	7848	买盘
14:09:45	6.53	-0.01	18	11754	卖盘
14:09:42	6.54	0.01	3	1962	买盘
14:09:39	6.53	-0.01	2	1306	卖盘
14:09:36	6.54	--	20	13080	买盘
14:09:30	6.54	--	13	8502	买盘
14:09:27	6.54	--	9	5886	买盘
14:09:24	6.54	--	35	22890	买盘
14:09:18	6.54	--	11	7194	买盘
14:09:15	6.54	0.01	9	5886	买盘
14:09:12	6.53	-0.01	6	3918	卖盘
14:09:09	6.54	--	14	9156	买盘
14:09:06	6.54	--	8	5232	买盘
14:09:03	6.54	--	3	1962	买盘
14:08:57	6.54	-0.01	37	24198	卖盘
14:08:54	6.55	0.01	20	13100	买盘
14:08:51	6.54	0.01	10	6540	中性盘
14:08:48	6.53	-0.01	148	96644	卖盘
14:08:45	6.54	--	2	1308	买盘
14:08:42	6.54	-0.01	15	9810	中性盘
14:08:39	6.55	--	12	7860	买盘
14:08:36	6.55	--	12	7860	买盘
14:08:33	6.55	--	59	38645	买盘
14:08:30	6.55	0.01	5	3340	买盘
14:08:27	6.54	--	11	7194	卖盘
14:08:24	6.54	-0.01	6	3924	中性盘
14:08:18	6.55	--	12	7860	买盘
14:08:15	6.55	0.02	30	19650	买盘
14:08:12	6.53	-0.02	36	23508	卖盘
14:08:09	6.55	--	27	17685	买盘
14:08:06	6.55	--	11	7205	买盘
14:08:00	6.55	--	127	83185	买盘
14:07:57	6.55	--	60	39300	买盘
14:07:54	6.55	0.01	28	18340	买盘
14:07:51	6.54	-0.01	40	26160	卖盘
14:07:48	6.55	--	19	12445	买盘
14:07:42	6.55	0.01	22	14410	买盘
14:07:36	6.54	0.01	1	654	买盘
14:07:33	6.53	-0.01	10	6530	卖盘
14:07:30	6.54	-0.01	10	6540	卖盘
14:07:27	6.55	0.02	23	15065	买盘
14:07:21	6.53	-0.01	9	5877	卖盘
14:07:18	6.54	-0.01	42	27468	卖盘
14:07:15	6.55	0.01	14	9170	买盘
14:07:12	6.54	-0.01	7	4578	卖盘
14:07:09	6.55	--	27	17685	买盘
14:06:57	6.55	0.02	12	7860	买盘
14:06:54	6.53	-0.02	1	653	卖盘
14:06:51	6.55	--	16	10480	买盘
14:06:48	6.55	--	11	7205	买盘
14:06:45	6.55	0.01	14	9170	买盘
14:06:42	6.54	--	2	1308	买盘
14:06:39	6.54	-0.01	3	1962	卖盘
14:06:36	6.55	--	20	13100	买盘
14:06:30	6.55	--	21	13755	买盘
14:06:24	6.55	--	12	7860	买盘
14:06:18	6.55	--	24	15720	买盘
14:06:12	6.55	--	8	5240	买盘
14:06:09	6.55	--	8	5240	买盘
14:06:00	6.55	0.02	12	7860	买盘
14:05:54	6.53	-0.02	33	21549	卖盘
14:05:48	6.55	0.01	20	13100	买盘
14:05:45	6.54	-0.01	4	2616	卖盘
14:05:36	6.55	--	21	13755	买盘
14:05:33	6.55	-0.01	12	7860	中性盘
14:05:27	6.56	0.03	8	5248	买盘
14:05:21	6.53	-0.02	35	22855	卖盘
14:05:15	6.55	-0.01	8	5240	买盘
14:05:12	6.56	--	1	656	买盘
14:05:09	6.56	--	26	17056	买盘
14:05:03	6.56	0.01	25	16400	买盘
14:04:57	6.55	--	9	5895	买盘
14:04:51	6.55	--	12	7860	买盘
14:04:48	6.55	--	8	5240	买盘
14:04:45	6.55	-0.01	11	7205	卖盘
14:04:42	6.56	--	2	1312	买盘
14:04:39	6.56	--	9	5904	买盘
14:04:36	6.56	--	12	7871	买盘
14:04:30	6.56	--	8	5248	买盘
14:04:27	6.56	--	44	28864	买盘
14:04:24	6.56	--	17	11152	买盘
14:04:21	6.56	--	12	7871	买盘
14:04:18	6.56	--	14	9184	买盘
14:04:09	6.56	--	19	12464	买盘
14:04:06	6.56	0.01	12	7871	买盘
14:04:03	6.55	-0.01	6	3930	卖盘
14:04:00	6.56	0.01	8	5248	买盘
14:03:57	6.55	--	4	2849	买盘
14:03:54	6.55	--	12	7860	买盘
14:03:51	6.55	--	11	7205	买盘
14:03:48	6.55	--	8	5240	买盘
14:03:45	6.55	--	1	655	买盘
14:03:42	6.55	--	12	7860	买盘
14:03:39	6.55	--	12	7860	买盘
14:03:30	6.55	--	8	5240	买盘
14:03:27	6.55	--	25	16375	买盘
14:03:24	6.55	--	2	1310	买盘
14:03:21	6.55	--	8	5240	买盘
14:03:12	6.55	--	110	72050	买盘
14:03:09	6.55	0.01	20	13100	买盘
14:03:06	6.54	-0.01	12	7848	卖盘
14:03:03	6.55	--	11	7205	买盘
14:02:54	6.55	--	12	7860	买盘
14:02:48	6.55	--	8	5240	买盘
14:02:45	6.55	--	19	12445	买盘
14:02:42	6.55	0.02	12	7860	买盘
14:02:30	6.53	-0.02	58	37874	卖盘
14:02:27	6.55	--	25	16375	买盘
14:02:24	6.55	0.01	11	7205	买盘
14:02:21	6.54	-0.01	5	3270	卖盘
14:02:18	6.55	0.01	13	8515	买盘
14:02:15	6.54	-0.01	6	3924	卖盘
14:02:12	6.55	0.01	20	13100	买盘
14:02:09	6.54	--	11	7194	买盘
14:02:06	6.54	--	25	16350	买盘
14:02:03	6.54	--	2	1308	买盘
14:02:00	6.54	--	1	654	买盘
14:01:57	6.54	0.01	65	42510	买盘
14:01:51	6.53	-0.01	15	9795	卖盘
14:01:48	6.54	--	29	18966	买盘
14:01:45	6.54	--	12	7848	买盘
14:01:42	6.54	--	3	1962	买盘
14:01:39	6.54	--	35	22890	买盘
14:01:36	6.54	--	10	6540	买盘
14:01:30	6.54	--	23	15042	买盘
14:01:27	6.54	--	19	12426	买盘
14:01:24	6.54	--	2	1308	买盘
14:01:18	6.54	--	12	7848	买盘
14:01:09	6.54	--	8	5232	买盘
14:01:06	6.54	0.02	9	5886	买盘
14:01:03	6.52	-0.01	20	13300	卖盘
14:01:00	6.53	--	1	653	买盘
14:00:51	6.53	-0.01	136	88808	卖盘
14:00:45	6.54	--	2	1308	买盘
14:00:27	6.54	--	200	130800	买盘
14:00:24	6.54	--	3	1962	买盘
14:00:18	6.54	--	1	654	买盘
14:00:12	6.54	--	15	9810	买盘
14:00:06	6.54	-0.03	187	122298	卖盘
13:59:57	6.57	--	28	18396	买盘
13:59:54	6.57	0.03	190	124830	买盘
13:59:51	6.54	--	8	5232	买盘
13:59:48	6.54	-0.02	7	4578	卖盘
13:59:42	6.56	-0.01	77	50512	卖盘
13:59:39	6.57	0.01	10	6570	买盘
13:59:36	6.56	0.01	44	28864	买盘
13:59:24	6.55	--	10	6550	买盘
13:59:15	6.55	--	8	5240	买盘
13:59:12	6.55	-0.01	15	9825	卖盘
13:59:03	6.56	--	3	1967	买盘
13:59:00	6.56	--	81	53136	卖盘
13:58:57	6.56	-0.02	15	9840	卖盘
13:58:51	6.58	0.02	1162	764596	买盘
13:58:45	6.56	--	59	38704	买盘
13:58:42	6.56	-0.01	2	1312	买盘
13:58:39	6.57	--	9	5913	买盘
13:58:33	6.57	0.01	21	13797	买盘
13:58:27	6.56	-0.01	181	118736	中性盘
13:58:18	6.57	--	41	26937	买盘
13:58:15	6.57	0.01	16	10512	买盘
13:58:09	6.56	--	22	14432	买盘
13:58:06	6.56	--	9	5904	买盘
13:58:03	6.56	-0.01	2	1312	中性盘
13:57:57	6.57	0.01	19	12483	买盘
13:57:54	6.56	-0.01	14	9184	卖盘
13:57:51	6.57	--	9	5913	买盘
13:57:48	6.57	0.01	105	68985	买盘
13:57:42	6.56	-0.01	20	13120	中性盘
13:57:39	6.57	--	11	7227	买盘
13:57:36	6.57	--	324	212868	买盘
13:57:24	6.57	--	9	5913	买盘
13:57:18	6.57	0.02	1509	991413	买盘
13:57:15	6.55	-0.01	71	46832	卖盘
13:57:12	6.56	0.01	113	74128	买盘
13:57:09	6.55	-0.01	33	21615	卖盘
13:57:03	6.56	--	18	11808	买盘
13:57:00	6.56	0.01	82	53792	买盘
13:56:57	6.55	--	178	116590	卖盘
13:56:54	6.55	-0.01	49	32095	卖盘
13:56:45	6.56	0.01	10	6560	买盘
13:56:39	6.55	-0.01	14	9170	卖盘
13:56:36	6.56	--	9	5904	买盘
13:56:33	6.56	--	58	38048	买盘
13:56:24	6.56	--	3	1967	买盘
13:56:21	6.56	0.01	12	7871	买盘
13:56:18	6.55	-0.01	41	26855	卖盘
13:56:15	6.56	--	8	5248	买盘
13:56:12	6.56	--	4	2624	买盘
13:56:09	6.56	0.01	8	5248	买盘
13:56:06	6.55	-0.01	9	5895	卖盘
13:56:03	6.56	--	2	1312	买盘
13:56:00	6.56	--	18	11808	买盘
13:55:57	6.56	--	10	6560	买盘
13:55:54	6.56	0.01	8	5248	买盘
13:55:48	6.55	-0.01	19	12772	卖盘
13:55:45	6.56	--	27	17712	买盘
13:55:42	6.56	--	423	277665	卖盘
13:55:36	6.56	--	10	6560	卖盘
13:55:33	6.56	-0.01	9	5904	卖盘
13:55:27	6.57	0.02	582	382853	买盘
13:55:24	6.55	-0.01	102	66810	卖盘
13:55:21	6.56	0.01	44	28864	买盘
13:55:18	6.55	-0.01	12	7860	卖盘
13:55:06	6.56	0.01	8	5248	买盘
13:55:03	6.55	-0.01	15	9825	卖盘
13:54:57	6.56	0.01	8	5248	买盘
13:54:54	6.55	--	618	404790	买盘
13:54:51	6.55	0.01	24	15720	买盘
13:54:45	6.54	--	69	45132	买盘
13:54:42	6.54	--	12	7848	买盘
13:54:39	6.54	0.01	19	12426	买盘
13:54:36	6.53	-0.01	6	3918	卖盘
13:54:33	6.54	--	173	113142	买盘
13:54:27	6.54	--	76	49704	买盘
13:54:24	6.54	0.01	151	98754	买盘
13:54:21	6.53	-0.01	20	13060	卖盘
13:54:18	6.54	--	11	7194	买盘
13:54:15	6.54	--	8	5232	买盘
13:54:09	6.54	0.01	23	15042	买盘
13:54:03	6.53	--	600	392341	买盘
13:53:54	6.53	0.01	102	66606	买盘
13:53:51	6.52	--	110	71720	买盘
13:53:42	6.52	--	3	1955	买盘
13:53:39	6.52	--	10	6520	买盘
13:53:33	6.52	--	8	5216	买盘
13:53:30	6.52	--	4	2608	卖盘
13:53:27	6.52	--	9	5868	买盘
13:53:24	6.52	-0.01	13	8476	卖盘
13:53:21	6.53	0.02	10	6530	买盘
13:53:18	6.51	-0.02	100	65100	卖盘
13:53:15	6.53	--	8	5224	买盘
13:53:12	6.53	0.01	8	5224	买盘
13:53:03	6.52	--	54	35208	卖盘
13:53:00	6.52	--	190	124329	买盘
13:52:57	6.52	--	129	84108	买盘
13:52:54	6.52	--	8	5216	买盘
13:52:45	6.52	--	116	75632	买盘
13:52:42	6.52	0.01	6	3911	买盘
13:52:39	6.51	--	196	127862	买盘
13:52:36	6.51	--	8	5208	买盘
13:52:33	6.51	--	8	5208	买盘
13:52:27	6.51	0.01	198	128898	买盘
13:52:24	6.5	--	3	1950	买盘
13:52:21	6.5	--	9	5850	买盘
13:52:18	6.5	--	81	52650	买盘
13:52:15	6.5	--	20	13000	买盘
13:52:09	6.5	--	83	53950	买盘
13:52:03	6.5	--	10	6500	买盘
13:52:00	6.5	--	9	5850	买盘
13:51:57	6.5	--	381	247650	买盘
13:51:54	6.5	0.01	7	4550	买盘
13:51:42	6.49	0.01	6	3894	买盘
13:51:39	6.48	--	26	17405	买盘
13:51:36	6.48	--	43	27864	买盘
13:51:30	6.48	-0.01	139	90188	卖盘
13:51:27	6.49	--	14	9618	买盘
13:51:24	6.49	0.01	107	69443	买盘
13:51:21	6.48	-0.01	10	6480	卖盘
13:51:18	6.49	--	9	5841	买盘
13:51:15	6.49	--	8	5192	买盘
13:51:06	6.49	-0.01	5	3245	卖盘
13:51:03	6.5	0.01	28	18200	买盘
13:51:00	6.49	0.01	74	48026	买盘
13:50:57	6.48	-0.01	11	7128	卖盘
13:50:54	6.49	--	1	649	买盘
13:50:51	6.49	--	18	11682	买盘
13:50:42	6.49	--	2	1298	买盘
13:50:39	6.49	--	9	5841	买盘
13:50:36	6.49	0.01	8	5192	买盘
13:50:33	6.48	--	7	4536	卖盘
13:50:30	6.48	-0.01	10	6480	卖盘
13:50:27	6.49	--	9	5841	买盘
13:50:24	6.49	--	3	1947	买盘
13:50:21	6.49	--	52	33748	买盘
13:50:18	6.49	--	9	5841	买盘
13:50:15	6.49	--	8	5192	买盘
13:50:09	6.49	0.01	62	40238	买盘
13:50:06	6.48	-0.01	7	4536	卖盘
13:50:03	6.49	--	42	27258	买盘
13:50:00	6.49	--	8	5192	买盘
13:49:57	6.49	-0.01	141	91509	卖盘
13:49:54	6.5	--	6	3900	买盘
13:49:48	6.5	--	9	5850	买盘
13:49:42	6.5	--	3	1950	买盘
13:49:39	6.5	--	9	5850	买盘
13:49:36	6.5	--	9	5850	买盘
13:49:30	6.5	0.01	180	117000	买盘
13:49:27	6.49	-0.01	5	3245	卖盘
13:49:24	6.5	--	160	104000	买盘
13:49:18	6.5	--	9	5850	买盘
13:49:12	6.5	--	49	31850	买盘
13:49:09	6.5	--	43	27950	买盘
13:49:03	6.5	--	3	1950	买盘
13:49:00	6.5	--	10	6500	买盘
13:48:57	6.5	--	8	5200	买盘
13:48:51	6.5	-0.01	10	6500	卖盘
13:48:45	6.51	--	16	10416	中性盘
13:48:36	6.51	--	8	5208	买盘
13:48:33	6.51	--	43	27993	卖盘
13:48:30	6.51	-0.01	50	32550	卖盘
13:48:27	6.52	--	32	20864	买盘
13:48:24	6.52	0.05	13	8476	买盘
13:48:21	6.47	-0.05	1568	1014496	卖盘
13:48:18	6.52	--	10	6520	买盘
13:48:06	6.52	--	9	5868	买盘
13:48:03	6.52	0.01	2	1304	买盘
13:48:00	6.51	-0.01	11	7161	卖盘
13:47:57	6.52	0.01	8	5216	买盘
13:47:54	6.51	-0.01	1	651	卖盘
13:47:45	6.52	--	8	5216	买盘
13:47:42	6.52	--	3	1955	买盘
13:47:39	6.52	--	8	5216	买盘
13:47:33	6.52	--	11	7171	买盘
13:47:24	6.52	--	2	1304	买盘
13:47:21	6.52	--	10	6520	买盘
13:47:18	6.52	--	8	5216	买盘
13:47:12	6.52	--	50	32599	买盘
13:47:06	6.52	--	8	5216	买盘
13:47:03	6.52	--	3	1955	买盘
13:47:00	6.52	--	8	5216	买盘
13:46:54	6.52	0.01	8	5216	买盘
13:46:45	6.51	-0.01	16	10416	卖盘
13:46:42	6.52	--	2	1304	买盘
13:46:39	6.52	--	8	5216	买盘
13:46:36	6.52	--	6	3911	买盘
13:46:33	6.52	--	24	15647	买盘
13:46:30	6.52	--	17	11279	买盘
13:46:24	6.52	--	3	1955	买盘
13:46:21	6.52	--	8	5216	买盘
13:46:18	6.52	--	8	5216	买盘
13:46:06	6.52	--	8	5216	买盘
13:46:03	6.52	--	15	9780	买盘
13:46:00	6.52	0.01	6	3911	买盘
13:45:57	6.51	-0.01	13	8463	卖盘
13:45:54	6.52	--	18	11736	买盘
13:45:51	6.52	--	6	3911	买盘
13:45:42	6.52	0.01	3	1955	买盘
13:45:39	6.51	--	4	2604	买盘
13:45:36	6.51	-0.01	26	16926	卖盘
13:45:24	6.52	0.01	2	1304	买盘
13:45:21	6.51	--	41	26691	卖盘
13:45:09	6.51	--	5	3255	卖盘
13:45:06	6.51	-0.01	37	24087	卖盘
13:45:03	6.52	0.01	8	5216	买盘
13:45:00	6.51	--	70	45570	卖盘
13:44:54	6.51	--	112	72912	卖盘
13:44:48	6.51	-0.01	10	6510	卖盘
13:44:45	6.52	0.01	2	1304	买盘
13:44:42	6.51	-0.01	7	4557	卖盘
13:44:24	6.52	--	3	1955	买盘
13:44:18	6.52	--	1	652	卖盘
13:44:12	6.52	--	5	3260	卖盘
13:44:09	6.52	--	4	2608	买盘
13:44:03	6.52	--	12	7823	买盘
13:44:00	6.52	-0.01	5	3260	卖盘
13:43:54	6.53	--	1	653	买盘
13:43:51	6.53	0.02	40	26120	买盘
13:43:42	6.51	--	1	651	卖盘
13:43:36	6.51	-0.02	18	11718	卖盘
13:43:33	6.53	0.01	114	74442	买盘
13:43:24	6.52	0.01	2	1304	买盘
13:43:18	6.51	-0.01	3	1953	卖盘
13:43:15	6.52	0.01	6	3911	买盘
13:43:12	6.51	-0.01	2	1302	卖盘
13:43:09	6.52	--	78	50856	卖盘
13:43:06	6.52	--	27	17604	买盘
13:43:03	6.52	0.01	14	9128	买盘
13:42:57	6.51	-0.01	6	3906	卖盘
13:42:54	6.52	--	6	3911	买盘
13:42:48	6.52	--	6	3911	买盘
13:42:45	6.52	--	1	652	买盘
13:42:42	6.52	--	2	1304	买盘
13:42:39	6.52	-0.01	13	8476	卖盘
13:42:33	6.53	0.01	24	15672	买盘
13:42:30	6.52	-0.01	2	1304	卖盘
13:42:27	6.53	--	1	653	买盘
13:42:24	6.53	0.01	3	1959	买盘
13:42:18	6.52	--	5	3260	买盘
13:42:15	6.52	0.01	1	652	买盘
13:42:06	6.51	--	3	2350	买盘
13:42:03	6.51	--	9	5859	买盘
13:42:00	6.51	--	3	1953	买盘
13:41:57	6.51	-0.01	92	60152	卖盘
13:41:54	6.52	--	50	32599	买盘
13:41:48	6.52	--	7	4564	卖盘
13:41:45	6.52	0.01	6	3911	卖盘
13:41:39	6.51	-0.01	112	73302	卖盘
13:41:33	6.52	--	16	10432	买盘
13:41:24	6.52	--	2	1304	买盘
13:41:15	6.52	--	8	5216	卖盘
13:41:12	6.52	--	22	14343	买盘
13:41:06	6.52	--	22	14343	买盘
13:41:03	6.52	--	8	5216	卖盘
13:41:00	6.52	--	5	3260	卖盘
13:40:57	6.52	-0.01	30	19560	买盘
13:40:51	6.53	0.01	9	5877	买盘
13:40:48	6.52	--	42	27384	买盘
13:40:45	6.52	--	4	2608	买盘
13:40:42	6.52	--	2	1304	买盘
13:40:36	6.52	0.02	21	13692	买盘
13:40:33	6.5	-0.02	100	65000	卖盘
13:40:24	6.52	--	11	7171	买盘
13:40:21	6.52	--	78	50856	买盘
13:40:18	6.52	--	6	3911	买盘
13:40:12	6.52	--	50	32599	买盘
13:40:00	6.52	--	192	125183	卖盘
13:39:54	6.52	--	139	90628	卖盘
13:39:51	6.52	--	7	4564	卖盘
13:39:48	6.52	-0.01	7	4564	卖盘
13:39:45	6.53	--	57	37221	买盘
13:39:42	6.53	--	3	1959	买盘
13:39:39	6.53	0.01	1	653	中性盘
13:39:27	6.52	-0.04	25	16299	卖盘
13:39:24	6.56	0.09	2	1312	买盘
13:39:21	6.47	-0.09	2776	1796072	卖盘
13:39:12	6.56	--	1	656	卖盘
13:39:09	6.56	--	2	1312	买盘
13:39:06	6.56	-0.01	13	8528	卖盘
13:39:03	6.57	0.01	3	1971	买盘
13:39:00	6.56	--	21	13776	卖盘
13:38:54	6.56	-0.01	690	452640	卖盘
13:38:48	6.57	--	115	75555	买盘
13:38:45	6.57	--	2	1314	买盘
13:38:42	6.57	0.01	2	1314	买盘
13:38:39	6.56	-0.01	6	3935	卖盘
13:38:33	6.57	--	24	15768	买盘
13:38:27	6.57	--	11	7227	买盘
13:38:24	6.57	--	27	17739	买盘
13:38:18	6.57	--	40	26280	买盘
13:38:09	6.57	--	48	31536	买盘
13:38:06	6.57	--	23	15111	买盘
13:38:03	6.57	--	2	1314	买盘
13:38:00	6.57	--	14	9198	买盘
13:37:54	6.57	--	15	9855	买盘
13:37:51	6.57	--	16	10512	买盘
13:37:48	6.57	--	102	67014	卖盘
13:37:45	6.57	-0.01	61	40077	卖盘
13:37:42	6.58	--	25	16450	买盘
13:37:39	6.58	0.01	8	5264	买盘
13:37:30	6.57	--	5	3285	卖盘
13:37:24	6.57	--	60	39420	买盘
13:37:18	6.57	--	5	3285	买盘
13:37:15	6.57	--	5	3285	买盘
13:37:06	6.57	-0.01	24	15768	卖盘
13:37:03	6.58	0.01	3	1974	买盘
13:37:00	6.57	--	115	75555	卖盘
13:36:57	6.57	--	50	32850	卖盘
13:36:54	6.57	-0.01	6	3942	卖盘
13:36:51	6.58	--	105	69090	买盘
13:36:48	6.58	--	180	118440	买盘
13:36:45	6.58	0.01	2	1316	买盘
13:36:39	6.57	--	20	13140	卖盘
13:36:36	6.57	-0.01	1	657	卖盘
13:36:24	6.58	0.01	4	2632	买盘
13:36:18	6.57	-0.01	424	278699	卖盘
13:36:15	6.58	0.01	173	113834	买盘
13:36:09	6.57	--	6	3942	卖盘
13:36:06	6.57	-0.01	17	11169	卖盘
13:36:03	6.58	--	520	342160	买盘
13:36:00	6.58	--	336	221094	卖盘
13:35:57	6.58	--	10	6580	卖盘
13:35:54	6.58	-0.01	18	11844	卖盘
13:35:51	6.59	0.01	3	1977	买盘
13:35:48	6.58	-0.01	13	8554	卖盘
13:35:45	6.59	0.01	222	146950	买盘
13:35:42	6.58	-0.01	414	272418	卖盘
13:35:39	6.59	0.01	203	133777	买盘
13:35:36	6.58	--	100	65800	卖盘
13:35:33	6.58	--	71	46718	卖盘
13:35:30	6.58	-0.01	30	19740	卖盘
13:35:24	6.59	--	13	8567	买盘
13:35:21	6.59	0.01	12	7908	买盘
13:35:15	6.58	--	27	17766	卖盘
13:35:12	6.58	--	22	14476	卖盘
13:35:09	6.58	-0.01	21	13818	卖盘
13:35:06	6.59	--	20	13180	卖盘
13:35:03	6.59	0.01	966	637246	买盘
13:35:00	6.58	--	268	176344	买盘
13:34:57	6.58	0.01	1132	744856	买盘
13:34:51	6.57	-0.01	60	39420	卖盘
13:34:48	6.58	--	1	658	买盘
13:34:45	6.58	--	22	14482	卖盘
13:34:42	6.58	0.01	449	296093	买盘
13:34:39	6.57	-0.01	295	193815	卖盘
13:34:33	6.58	--	34	22372	买盘
13:34:30	6.58	--	8	5270	卖盘
13:34:27	6.58	0.01	1692	1113987	买盘
13:34:24	6.57	--	78	51246	卖盘
13:34:21	6.57	0.01	617	405375	买盘
13:34:18	6.56	-0.01	43	28208	卖盘
13:34:15	6.57	0.01	22	14454	买盘
13:34:12	6.56	--	110	72160	卖盘
13:34:09	6.56	--	100	65600	卖盘
13:34:06	6.56	-0.01	14	9184	卖盘
13:34:03	6.57	--	17	11819	卖盘
13:34:00	6.57	--	194	127458	卖盘
13:33:57	6.57	--	50	32850	卖盘
13:33:54	6.57	-0.01	712	467784	卖盘
13:33:51	6.58	0.01	232	152656	买盘
13:33:45	6.57	--	13	8541	卖盘
13:33:42	6.57	--	388	254922	买盘
13:33:39	6.57	--	10	6570	买盘
13:33:33	6.57	--	17	11169	买盘
13:33:30	6.57	--	24	15768	买盘
13:33:27	6.57	-0.01	359	235863	卖盘
13:33:24	6.58	--	111	73038	买盘
13:33:21	6.58	0.01	201	132258	买盘
13:33:18	6.57	--	670	440190	卖盘
13:33:15	6.57	-0.01	132	86724	卖盘
13:33:12	6.58	0.01	87	57246	买盘
13:33:06	6.57	--	32	21024	买盘
13:33:03	6.57	--	3	1971	买盘
13:33:00	6.57	0.01	1	657	买盘
13:32:57	6.56	-0.01	50	32800	中性盘
13:32:51	6.57	0.04	52	34164	买盘
13:32:48	6.53	-0.05	2	1306	中性盘
13:32:42	6.58	0.05	4000	2632000	买盘
13:32:39	6.53	0.01	1	653	买盘
13:32:33	6.52	-0.01	27	17604	卖盘
13:32:24	6.53	--	3	1959	买盘
13:32:18	6.53	0.01	24	15672	买盘
13:32:15	6.52	-0.01	1	652	卖盘
13:32:12	6.53	--	50	32650	买盘
13:32:03	6.53	0.01	2	1306	买盘
13:32:00	6.52	--	243	159003	买盘
13:31:54	6.52	--	203	132356	买盘
13:31:51	6.52	0.01	102	66504	买盘
13:31:45	6.51	-0.01	17	11067	卖盘
13:31:42	6.52	--	3	1955	买盘
13:31:39	6.52	--	127	82804	买盘
13:31:33	6.52	--	119	77588	买盘
13:31:27	6.52	--	41	26732	买盘
13:31:24	6.52	--	2	1304	买盘
13:31:21	6.52	--	14	9128	买盘
13:31:18	6.52	0.01	4	2608	买盘
13:31:03	6.51	0.01	5	3255	中性盘
13:30:48	6.5	-0.01	702	456300	卖盘
13:30:45	6.51	--	168	109368	买盘
13:30:33	6.51	--	2	1302	买盘
13:30:27	6.51	--	2	1302	买盘
13:30:24	6.51	--	53	34503	买盘
13:30:21	6.51	--	30	19530	买盘
13:30:18	6.51	--	15	9765	买盘
13:30:15	6.51	--	85	55335	卖盘
13:30:09	6.51	0.01	435	283185	买盘
13:30:03	6.5	-0.01	82	53300	卖盘
13:29:45	6.51	--	5	3255	买盘
13:29:39	6.51	--	2	1302	买盘
13:29:33	6.51	--	40	26040	买盘
13:29:30	6.51	--	50	32550	买盘
13:29:24	6.51	--	2	1302	买盘
13:29:12	6.51	0.01	6	3906	买盘
13:29:06	6.5	-0.01	54	35100	卖盘
13:29:03	6.51	--	3	1953	买盘
13:28:42	6.51	--	2	1302	买盘
13:28:39	6.51	0.01	4	2604	买盘
13:28:33	6.5	-0.01	5	3250	卖盘
13:28:24	6.51	0.01	3	1953	买盘
13:28:21	6.5	-0.01	128	83200	卖盘
13:28:15	6.51	--	205	133455	买盘
13:28:03	6.51	0.01	2	1302	中性盘
13:27:51	6.5	-0.02	500	325000	卖盘
13:27:48	6.52	--	25	16495	买盘
13:27:45	6.52	0.01	18	11736	买盘
13:27:42	6.51	-0.01	3	1953	买盘
13:27:39	6.52	0.01	30	19560	买盘
13:27:36	6.51	--	129	83979	买盘
13:27:33	6.51	--	79	51429	卖盘
13:27:27	6.51	-0.01	6	3906	卖盘
13:27:24	6.52	--	2	1304	买盘
13:27:18	6.52	--	105	68460	买盘
13:27:15	6.52	--	8	5216	买盘
13:27:12	6.52	-0.01	938	611654	卖盘
13:27:06	6.53	--	43	28079	买盘
13:27:03	6.53	--	5	3265	买盘
13:27:00	6.53	--	10	6530	买盘
13:26:57	6.53	--	15	9795	买盘
13:26:54	6.53	--	106	69218	买盘
13:26:51	6.53	-0.01	48	31350	卖盘
13:26:42	6.54	0.01	12	7848	买盘
13:26:39	6.53	--	144	94678	买盘
13:26:33	6.53	-0.01	75	48981	卖盘
13:26:30	6.54	--	105	68670	买盘
13:26:24	6.54	--	3	1962	买盘
13:26:21	6.54	0.01	305	199470	买盘
13:26:12	6.53	--	7	5217	买盘
13:26:09	6.53	--	253	165209	买盘
13:26:03	6.53	--	82	53546	买盘
13:26:00	6.53	0.01	7	4571	买盘
13:25:42	6.52	--	11	7745	买盘
13:25:39	6.52	--	8	5294	卖盘
13:25:36	6.52	--	49	31947	卖盘
13:25:33	6.52	--	150	97800	卖盘
13:25:30	6.52	--	20	13040	卖盘
13:25:24	6.52	--	72	46944	卖盘
13:25:21	6.52	--	5	3260	卖盘
13:25:12	6.52	--	506	329912	卖盘
13:25:09	6.52	--	1	652	卖盘
13:25:06	6.52	-0.01	42	27384	卖盘
13:25:03	6.53	--	215	140395	买盘
13:25:00	6.53	0.01	114	74442	买盘
13:24:57	6.52	--	20	13040	卖盘
13:24:54	6.52	-0.01	61	39772	卖盘
13:24:48	6.53	--	5	3265	买盘
13:24:45	6.53	--	10	6530	买盘
13:24:42	6.53	0.01	2	1306	买盘
13:24:36	6.52	-0.01	16	10432	卖盘
13:24:33	6.53	0.01	84	54852	买盘
13:24:30	6.52	--	282	183864	卖盘
13:24:24	6.52	--	28	18256	卖盘
13:24:21	6.52	--	130	84760	卖盘
13:24:09	6.52	0.02	3097	2019817	买盘
13:24:03	6.5	0.01	17	11050	买盘
13:24:00	6.49	--	11	7139	卖盘
13:23:57	6.49	--	20	12980	卖盘
13:23:54	6.49	--	60	38940	卖盘
13:23:51	6.49	-0.01	150	97350	卖盘
13:23:48	6.5	0.01	24	15600	买盘
13:23:42	6.49	--	103	66847	卖盘
13:23:39	6.49	--	7	4543	卖盘
13:23:33	6.49	-0.01	5	3245	卖盘
13:23:24	6.5	--	614	399178	卖盘
13:23:21	6.5	--	30	19500	卖盘
13:23:18	6.5	--	520	338000	卖盘
13:23:09	6.5	--	73	47450	卖盘
13:23:06	6.5	-0.01	27	17550	卖盘
13:23:03	6.51	0.01	3	1953	买盘
13:22:57	6.5	--	31	20150	卖盘
13:22:54	6.5	--	20	13000	卖盘
13:22:51	6.5	--	126	81900	卖盘
13:22:48	6.5	--	312	202800	卖盘
13:22:45	6.5	-0.01	7	4550	卖盘
13:22:42	6.51	--	2	1302	买盘
13:22:39	6.51	--	13	8463	买盘
13:22:33	6.51	--	24	15624	买盘
13:22:27	6.51	--	1	651	买盘
13:22:24	6.51	--	278	180978	买盘
13:22:21	6.51	--	9	5859	买盘
13:22:12	6.51	--	76	49476	买盘
13:22:09	6.51	0.01	2	1302	买盘
13:22:06	6.5	--	6	3900	卖盘
13:22:03	6.5	-0.01	12	7800	卖盘
13:22:00	6.51	0.01	57	37107	买盘
13:21:57	6.5	-0.01	100	65000	卖盘
13:21:51	6.51	0.01	62	40362	买盘
13:21:48	6.5	-0.01	13	8450	卖盘
13:21:45	6.51	--	5	3255	买盘
13:21:42	6.51	0.01	5	3255	买盘
13:21:39	6.5	--	16	10400	卖盘
13:21:36	6.5	-0.01	2	1300	卖盘
13:21:33	6.51	--	5	3255	买盘
13:21:30	6.51	--	305	198555	买盘
13:21:27	6.51	0.01	2	1302	买盘
13:21:24	6.5	-0.01	19	12350	卖盘
13:21:21	6.51	--	11	7161	买盘
13:21:18	6.51	--	5	3255	买盘
13:21:12	6.51	--	36	23436	买盘
13:21:03	6.51	--	189	123039	买盘
13:21:00	6.51	--	3	1953	买盘
13:20:57	6.51	--	8	5208	买盘
13:20:54	6.51	--	20	13130	买盘
13:20:51	6.51	0.01	10	6510	买盘
13:20:45	6.5	-0.01	10	6500	卖盘
13:20:42	6.51	--	9	5859	买盘
13:20:39	6.51	--	10	6510	买盘
13:20:36	6.51	--	14	9114	买盘
13:20:30	6.51	--	2	1302	买盘
13:20:27	6.51	--	14	9114	买盘
13:20:24	6.51	--	21	13671	买盘
13:20:21	6.51	--	22	14322	买盘
13:20:18	6.51	--	5	3255	买盘
13:20:15	6.51	--	1	651	买盘
13:20:06	6.51	--	117	76167	买盘
13:20:03	6.51	--	2	1302	买盘
13:19:57	6.51	--	5	3255	买盘
13:19:54	6.51	--	34	22134	买盘
13:19:51	6.51	-0.01	48	31248	卖盘
13:19:48	6.52	0.01	100	65199	买盘
13:19:42	6.51	--	56	36456	买盘
13:19:39	6.51	-0.01	44	28644	中性盘
13:19:33	6.52	0.02	449	292748	买盘
13:19:27	6.5	--	10	6500	卖盘
13:19:24	6.5	0.01	649	422311	买盘
13:19:21	6.49	--	10	6490	卖盘
13:19:18	6.49	-0.01	14	9086	买盘
13:19:15	6.5	0.02	2000	1300000	买盘
13:19:12	6.48	-0.01	7	4536	卖盘
13:19:03	6.49	--	3	1947	买盘
13:19:00	6.49	--	20	12980	买盘
13:18:57	6.49	0.01	10	6490	买盘
13:18:54	6.48	-0.01	10	6480	卖盘
13:18:51	6.49	--	2	1298	买盘
13:18:48	6.49	-0.01	82	53218	卖盘
13:18:45	6.5	--	20	13000	买盘
13:18:42	6.5	0.01	55	35750	买盘
13:18:39	6.49	--	22	14278	卖盘
13:18:36	6.49	--	9	5841	卖盘
13:18:33	6.49	-0.01	84	54516	卖盘
13:18:27	6.5	0.01	206	133900	买盘
13:18:24	6.49	-0.01	8	5192	卖盘
13:18:21	6.5	--	18	11700	买盘
13:18:18	6.5	--	12	7800	买盘
13:18:15	6.5	--	69	44850	买盘
13:18:12	6.5	--	24	15600	买盘
13:18:09	6.5	--	30	19500	买盘
13:18:06	6.5	--	32	20800	买盘
13:18:03	6.5	--	7	4550	买盘
13:17:57	6.5	--	18	11700	买盘
13:17:54	6.5	--	32	20800	买盘
13:17:45	6.5	--	1470	955500	买盘
13:17:42	6.5	--	10	6500	买盘
13:17:39	6.5	--	5	3250	买盘
13:17:33	6.5	0.01	1001	650650	买盘
13:17:30	6.49	--	124	80476	卖盘
13:17:24	6.49	-0.01	67	43483	卖盘
13:17:18	6.5	0.01	5	3250	买盘
13:17:15	6.49	--	51	33099	卖盘
13:17:12	6.49	0.01	577	374473	中性盘
13:17:06	6.48	--	2017	1307016	卖盘
13:17:03	6.48	--	97	62856	买盘
13:17:00	6.48	--	10	6480	买盘
13:16:51	6.48	-0.01	20	12960	卖盘
13:16:48	6.49	--	39	25311	买盘
13:16:42	6.49	--	137	88913	买盘
13:16:36	6.49	-0.01	46	29854	买盘
13:16:33	6.5	0.01	104	67600	买盘
13:16:30	6.49	-0.01	24	15576	卖盘
13:16:27	6.5	0.01	20	13000	买盘
13:16:24	6.49	-0.01	131	85343	卖盘
13:16:21	6.5	0.01	66	43225	买盘
13:16:18	6.49	-0.01	25	16225	买盘
13:16:09	6.5	--	3	1950	买盘
13:16:06	6.5	0.01	1010	656500	买盘
13:15:54	6.49	0.02	3016	1957384	买盘
13:15:51	6.47	--	1	647	买盘
13:15:48	6.47	--	3	1941	买盘
13:15:42	6.47	--	111	71817	买盘
13:15:39	6.47	--	5	3235	买盘
13:15:36	6.47	--	10	6470	买盘
13:15:33	6.47	--	31	20057	买盘
13:15:30	6.47	--	33	21351	买盘
13:15:27	6.47	0.01	4	2588	买盘
13:15:24	6.46	-0.01	10	6460	卖盘
13:15:21	6.47	--	4	2588	买盘
13:15:18	6.47	--	23	14881	买盘
13:15:15	6.47	--	35	22645	买盘
13:15:12	6.47	--	23	14881	买盘
13:15:09	6.47	--	92	59524	买盘
13:15:06	6.47	--	84	54348	买盘
13:15:03	6.47	0.01	6	3882	买盘
13:14:54	6.46	--	531	343426	买盘
13:14:48	6.46	--	1	646	买盘
13:14:42	6.46	--	871	562911	卖盘
13:14:39	6.46	--	190	122740	卖盘
13:14:36	6.46	0.03	5940	3837640	买盘
13:14:33	6.43	--	134	86162	买盘
13:14:30	6.43	--	14	9002	买盘
13:14:27	6.43	--	220	141460	买盘
13:14:24	6.43	--	3	1929	买盘
13:14:21	6.43	--	16	10288	买盘
13:14:18	6.43	--	36	23148	买盘
13:14:15	6.43	--	5	3215	买盘
13:14:12	6.43	--	55	35365	买盘
13:14:09	6.43	--	70	45010	买盘
13:14:06	6.43	--	48	30864	买盘
13:14:03	6.43	--	2	1286	买盘
13:14:00	6.43	--	20	12860	买盘
13:13:54	6.43	--	20	12860	买盘
13:13:51	6.43	--	22	14146	买盘
13:13:45	6.43	--	1	643	买盘
13:13:42	6.43	--	3	1929	买盘
13:13:33	6.43	--	1952	1255136	买盘
13:13:27	6.43	--	5	3215	买盘
13:13:24	6.43	0.01	2	1286	买盘
13:13:21	6.42	--	43	27606	卖盘
13:13:18	6.42	--	1	642	卖盘
13:13:15	6.42	-0.01	5	3210	卖盘
13:13:12	6.43	--	2	1286	买盘
13:13:06	6.43	--	12	7716	买盘
13:13:03	6.43	0.01	121	77803	买盘
13:13:00	6.42	-0.01	7	4494	卖盘
13:12:57	6.43	--	6	3858	买盘
13:12:54	6.43	0.01	1	643	买盘
13:12:51	6.42	-0.01	292	187464	卖盘
13:12:45	6.43	--	47	30221	买盘
13:12:42	6.43	--	3	1929	买盘
13:12:36	6.43	--	3	1929	买盘
13:12:33	6.43	-0.01	625	402511	卖盘
13:12:30	6.44	--	61	39284	买盘
13:12:27	6.44	--	51	32844	买盘
13:12:24	6.44	--	3	1932	买盘
13:12:21	6.44	--	20	12880	买盘
13:12:18	6.44	--	2	1288	买盘
13:12:15	6.44	--	9	5796	买盘
13:12:06	6.44	--	60	38640	买盘
13:12:03	6.44	0.01	2	1288	买盘
13:12:00	6.43	-0.01	8	5144	卖盘
13:11:57	6.44	--	20	12880	买盘
13:11:54	6.44	0.01	15	9660	买盘
13:11:51	6.43	-0.01	4	2572	卖盘
13:11:48	6.44	0.01	20	12880	买盘
13:11:45	6.43	-0.01	7	4501	卖盘
13:11:42	6.44	--	23	14812	买盘
13:11:39	6.44	--	20	12880	买盘
13:11:33	6.44	--	5	3220	买盘
13:11:30	6.44	--	8	5152	买盘
13:11:27	6.44	--	100	64400	买盘
13:11:24	6.44	0.01	2	1288	买盘
13:11:18	6.43	-0.01	70	45010	卖盘
13:11:12	6.44	0.01	6	3864	买盘
13:11:09	6.43	-0.01	1	643	卖盘
13:11:06	6.44	--	20	12880	买盘
13:11:03	6.44	0.01	27	17388	买盘
13:11:00	6.43	--	212	136316	卖盘
13:10:54	6.43	--	1	643	卖盘
13:10:48	6.43	--	20	12866	买盘
13:10:42	6.43	--	2	1286	买盘
13:10:39	6.43	--	20	12860	买盘
13:10:36	6.43	--	20	12860	买盘
13:10:33	6.43	0.01	53	34079	买盘
13:10:30	6.42	-0.01	20	12840	卖盘
13:10:24	6.43	--	33	21219	买盘
13:10:21	6.43	--	85	54655	买盘
13:10:18	6.43	--	45	28935	买盘
13:10:09	6.43	-0.01	449	288906	卖盘
13:10:06	6.44	--	50	32200	买盘
13:10:03	6.44	--	12	7728	买盘
13:09:57	6.44	--	52	33488	买盘
13:09:42	6.44	0.01	3	1932	买盘
13:09:36	6.43	-0.01	138	88734	卖盘
13:09:30	6.44	--	8	5152	买盘
13:09:24	6.44	0.01	3	1932	买盘
13:09:12	6.43	--	43	27649	卖盘
13:09:03	6.43	--	16	10288	卖盘
13:08:48	6.43	-0.01	1	643	卖盘
13:08:42	6.44	--	2	1288	买盘
13:08:36	6.44	--	31	19964	买盘
13:08:30	6.44	--	3	1932	买盘
13:08:24	6.44	--	3	1932	买盘
13:08:03	6.44	0.01	2	1288	买盘
13:07:54	6.43	-0.01	100	64300	卖盘
13:07:51	6.44	--	10	6440	买盘
13:07:42	6.44	0.01	3	1932	买盘
13:07:39	6.43	--	43	27649	卖盘
13:07:36	6.43	-0.01	10	6430	卖盘
13:07:27	6.44	--	105	67620	买盘
13:07:24	6.44	--	2	1288	买盘
13:07:18	6.44	--	7	4508	买盘
13:07:03	6.44	--	3	1932	买盘
13:07:00	6.44	--	9	5796	买盘
13:06:51	6.44	--	5	3220	买盘
13:06:48	6.44	--	25	16100	买盘
13:06:42	6.44	--	115	74060	买盘
13:06:39	6.44	--	27	17388	买盘
13:06:36	6.44	--	2	1288	买盘
13:06:33	6.44	--	24	15456	买盘
13:06:27	6.44	--	11	7084	买盘
13:06:24	6.44	--	3	1932	买盘
13:06:06	6.44	--	31	19964	买盘
13:06:03	6.44	--	2	1288	买盘
13:06:00	6.44	--	6	3864	买盘
13:05:54	6.44	--	2	1288	买盘
13:05:45	6.44	--	39	25116	买盘
13:05:42	6.44	--	43	27692	买盘
13:05:24	6.44	--	38	24472	买盘
13:05:21	6.44	--	26	16744	买盘
13:05:12	6.44	--	34	21896	买盘
13:05:09	6.44	--	15	9660	买盘
13:05:03	6.44	--	31	19964	买盘
13:04:54	6.44	0.01	102	65688	买盘
13:04:51	6.43	-0.01	15	9645	卖盘
13:04:42	6.44	--	16	10304	买盘
13:04:39	6.44	--	1	644	买盘
13:04:33	6.44	0.01	5	3220	买盘
13:04:27	6.43	-0.01	100	64300	卖盘
13:04:24	6.44	0.01	3	1932	买盘
13:04:21	6.43	--	15	9645	卖盘
13:04:12	6.43	-0.01	17	10931	卖盘
13:04:09	6.44	--	78	50232	买盘
13:04:06	6.44	0.01	30	19320	买盘
13:04:03	6.43	-0.01	502	322786	卖盘
13:03:54	6.44	--	2	1288	买盘
13:03:51	6.44	--	5	3220	买盘
13:03:42	6.44	--	6	3864	买盘
13:03:36	6.44	--	5	3220	买盘
13:03:33	6.44	--	10	6440	买盘
13:03:30	6.44	-0.01	616	396761	卖盘
13:03:24	6.45	0.01	5	3225	买盘
13:03:21	6.44	--	12	7728	卖盘
13:03:15	6.44	--	268	173178	买盘
13:03:03	6.44	--	3	1932	买盘
13:02:54	6.44	--	51	32844	买盘
13:02:48	6.44	-0.01	123	79269	卖盘
13:02:45	6.45	--	60	38700	买盘
13:02:42	6.45	0.01	2	1290	买盘
13:02:39	6.44	--	136	87584	卖盘
13:02:30	6.44	--	30	19320	卖盘
13:02:27	6.44	-0.01	200	128800	卖盘
13:02:24	6.45	0.01	3	1935	买盘
13:02:21	6.44	-0.01	11	7084	卖盘
13:02:12	6.45	0.01	9	5805	买盘
13:02:09	6.44	-0.01	5	3220	卖盘
13:02:03	6.45	0.01	2	1290	买盘
13:02:00	6.44	--	1	644	卖盘
13:01:51	6.44	--	36	23184	卖盘
13:01:48	6.44	--	7	4508	卖盘
13:01:45	6.44	-0.01	1000	644006	卖盘
13:01:42	6.45	--	3	1935	买盘
13:01:33	6.45	--	10	6450	买盘
13:01:27	6.45	--	2	1290	买盘
13:01:24	6.45	--	7	4515	买盘
13:01:21	6.45	--	11	7095	买盘
13:01:15	6.45	--	11	7095	买盘
13:01:12	6.45	--	5	3225	买盘
13:01:09	6.45	--	5	3225	买盘
13:01:06	6.45	--	20	12900	买盘
13:01:03	6.45	--	3	1935	买盘
13:00:57	6.45	--	9	5805	买盘
13:00:51	6.45	--	21	13545	买盘
13:00:48	6.45	--	21	13545	买盘
13:00:42	6.45	--	2	1290	买盘
13:00:24	6.45	--	13	8385	买盘
13:00:21	6.45	--	6	3870	买盘
13:00:18	6.45	0.01	19	12255	买盘
13:00:12	6.44	--	13	8372	卖盘
13:00:09	6.44	--	4	2576	卖盘
13:00:06	6.44	--	61	39284	卖盘
13:00:03	6.44	0.02	3881	2499743	买盘
13:00:00	6.42	--	0	0	卖盘
11:30:00	6.42	--	23	14766	卖盘
11:29:48	6.42	--	18	11556	卖盘
11:29:42	6.42	0.01	158	101859	买盘
11:29:36	6.41	-0.01	8	5128	卖盘
11:29:33	6.42	--	200	128400	买盘
11:29:27	6.42	--	4	2568	买盘
11:29:21	6.42	--	6	3852	买盘
11:29:18	6.42	--	140	89880	买盘
11:29:03	6.42	--	3	1926	买盘
11:28:51	6.42	--	43	27606	买盘
11:28:42	6.42	0.01	2	1284	买盘
11:28:30	6.41	-0.01	7	4487	卖盘
11:28:27	6.42	--	13	8346	买盘
11:28:21	6.42	--	3	1926	买盘
11:28:15	6.42	--	30	19260	买盘
11:28:03	6.42	0.01	2	1284	买盘
11:27:48	6.41	--	8	5128	买盘
11:27:45	6.41	--	22	14102	买盘
11:27:42	6.41	--	3	1923	买盘
11:27:36	6.41	--	5	3205	买盘
11:27:30	6.41	--	25	16025	买盘
11:27:27	6.41	--	1	641	买盘
11:27:21	6.41	--	23	14743	买盘
11:27:15	6.41	--	11	7051	买盘
11:27:09	6.41	--	15	9615	买盘
11:27:03	6.41	--	3	1923	买盘
11:26:54	6.41	--	3	1923	买盘
11:26:51	6.41	--	34	21794	买盘
11:26:45	6.41	--	5	3205	买盘
11:26:42	6.41	--	2	1282	买盘
11:26:39	6.41	0.01	10	6410	买盘
11:26:36	6.4	-0.01	8	5120	卖盘
11:26:30	6.41	--	10	6410	买盘
11:26:24	6.41	--	5	3205	买盘
11:26:21	6.41	--	30	19230	买盘
11:26:18	6.41	--	10	6410	买盘
11:26:12	6.41	--	107	68587	买盘
11:26:09	6.41	0.01	84	53844	买盘
11:26:06	6.4	-0.01	2	1280	卖盘
11:26:03	6.41	--	24	15384	买盘
11:25:57	6.41	--	20	12820	买盘
11:25:54	6.41	--	70	44870	买盘
11:25:51	6.41	--	16	10256	买盘
11:25:42	6.41	--	99	63459	买盘
11:25:39	6.41	--	7	4487	买盘
11:25:24	6.41	--	33	21153	买盘
11:25:21	6.41	--	1	641	买盘
11:25:18	6.41	0.01	48	30768	中性盘
11:25:00	6.4	-0.02	139	88960	卖盘
11:24:57	6.42	0.01	1000	642000	买盘
11:24:54	6.41	--	10	6410	买盘
11:24:51	6.41	--	1	641	买盘
11:24:48	6.41	--	28	17948	买盘
11:24:42	6.41	--	2	1282	买盘
11:24:33	6.41	0.01	10	6410	买盘
11:24:30	6.4	-0.01	100	64000	卖盘
11:24:27	6.41	--	1	641	买盘
11:24:24	6.41	--	3	1923	买盘
11:24:21	6.41	--	3	1923	买盘
11:24:18	6.41	0.01	10	6410	买盘
11:24:15	6.4	--	40	25600	卖盘
11:24:12	6.4	-0.01	10	6400	卖盘
11:24:09	6.41	--	166	106406	买盘
11:24:06	6.41	--	2	1282	买盘
11:24:03	6.41	0.01	2	1282	买盘
11:24:00	6.4	-0.01	100	64000	卖盘
11:23:57	6.41	0.01	95	60895	买盘
11:23:54	6.4	-0.01	232	148480	卖盘
11:23:51	6.41	--	43	27563	买盘
11:23:48	6.41	0.01	5	3205	买盘
11:23:45	6.4	-0.01	62	39680	卖盘
11:23:42	6.41	--	3	1923	买盘
11:23:39	6.41	--	66	42306	买盘
11:23:36	6.41	--	26	16666	买盘
11:23:30	6.41	--	700	448700	买盘
11:23:24	6.41	--	8	5128	买盘
11:23:21	6.41	--	143	91663	买盘
11:23:18	6.41	--	100	64100	买盘
11:23:12	6.41	--	7	4487	买盘
11:23:09	6.41	--	1	641	买盘
11:23:06	6.41	--	4	2564	买盘
11:23:03	6.41	--	3	1923	买盘
11:22:57	6.41	--	7	4487	买盘
11:22:51	6.41	--	3	1923	买盘
11:22:48	6.41	--	12	7692	买盘
11:22:45	6.41	--	406	260246	买盘
11:22:42	6.41	--	2	1282	买盘
11:22:39	6.41	0.01	40	25640	买盘
11:22:33	6.4	-0.01	32	20480	卖盘
11:22:27	6.41	--	10	6410	买盘
11:22:24	6.41	--	11	7051	买盘
11:22:21	6.41	--	4	2564	买盘
11:22:15	6.41	--	1	641	买盘
11:22:03	6.41	--	6	3846	买盘
11:21:57	6.41	--	49	31409	买盘
11:21:51	6.41	--	11	7051	买盘
11:21:48	6.41	--	20	12820	买盘
11:21:45	6.41	--	2	1282	买盘
11:21:42	6.41	--	3	1923	买盘
11:21:33	6.41	--	5	3205	买盘
11:21:30	6.41	--	8	5128	买盘
11:21:21	6.41	--	3	1923	买盘
11:21:15	6.41	--	40	26274	卖盘
11:21:12	6.41	-0.01	10	6410	卖盘
11:21:09	6.42	--	118	75756	买盘
11:21:03	6.42	0.01	3	1926	买盘
11:21:00	6.41	--	25	16025	卖盘
11:20:57	6.41	-0.01	200	128200	卖盘
11:20:54	6.42	0.01	6	3852	买盘
11:20:48	6.41	-0.01	5	3205	卖盘
11:20:42	6.42	0.01	12	7704	买盘
11:20:36	6.41	--	18	11538	卖盘
11:20:30	6.41	--	231	148071	卖盘
11:20:27	6.41	-0.01	38	24358	卖盘
11:20:24	6.42	0.01	15	9630	买盘
11:20:21	6.41	-0.01	23	14743	卖盘
11:20:18	6.42	--	11	7062	买盘
11:20:06	6.42	--	30	19260	买盘
11:20:03	6.42	0.01	2	1284	买盘
11:19:45	6.41	-0.01	20	12820	卖盘
11:19:42	6.42	0.01	3	1926	买盘
11:19:30	6.41	-0.01	8	5128	卖盘
11:19:27	6.42	--	26	16692	买盘
11:19:24	6.42	0.01	2	1284	买盘
11:19:09	6.41	--	125	80125	卖盘
11:19:03	6.41	--	90	57690	卖盘
11:19:00	6.41	--	479	307045	买盘
11:18:51	6.41	--	1	641	买盘
11:18:48	6.41	--	1	641	买盘
11:18:45	6.41	--	15	9615	买盘
11:18:42	6.41	--	2	1282	买盘
11:18:39	6.41	0.01	20	12820	买盘
11:18:33	6.4	-0.01	32	20480	卖盘
11:18:24	6.41	--	103	66023	买盘
11:18:21	6.41	0.01	1	641	买盘
11:18:18	6.4	-0.01	11	7040	卖盘
11:18:15	6.41	--	22	14102	买盘
11:18:09	6.41	--	80	51280	买盘
11:18:03	6.41	--	149	95509	买盘
11:17:54	6.41	--	30	19230	买盘
11:17:51	6.41	0.01	1	641	买盘
11:17:45	6.4	-0.01	8	5120	卖盘
11:17:42	6.41	--	40	25640	买盘
11:17:33	6.41	0.01	1	641	买盘
11:17:27	6.4	-0.01	2	1280	卖盘
11:17:24	6.41	--	8	5128	买盘
11:17:21	6.41	--	1	641	买盘
11:17:03	6.41	0.01	132	84612	买盘
11:17:00	6.4	-0.01	55	35200	卖盘
11:16:57	6.41	0.01	9	5769	买盘
11:16:54	6.4	-0.01	40	25600	卖盘
11:16:51	6.41	--	6	3846	买盘
11:16:48	6.41	--	15	9615	买盘
11:16:42	6.41	--	2	1282	买盘
11:16:36	6.41	0.01	47	30127	买盘
11:16:33	6.4	-0.01	3	1920	卖盘
11:16:27	6.41	0.01	218	139738	买盘
11:16:21	6.4	-0.01	9	5760	卖盘
11:16:18	6.41	--	10	6410	买盘
11:16:12	6.41	--	23	14743	买盘
11:16:09	6.41	--	102	65382	买盘
11:16:03	6.41	0.01	3	1923	买盘
11:16:00	6.4	-0.01	158	101120	卖盘
11:15:54	6.41	--	1	641	买盘
11:15:51	6.41	--	1	641	买盘
11:15:48	6.41	--	500	320500	买盘
11:15:42	6.41	0.01	26	16666	买盘
11:15:39	6.4	-0.01	5	3200	卖盘
11:15:27	6.41	0.01	2	1282	买盘
11:15:24	6.4	-0.01	29	18560	卖盘
11:15:21	6.41	0.01	3	1923	买盘
11:15:18	6.4	--	21	13440	卖盘
11:15:15	6.4	-0.01	30	19200	卖盘
11:15:03	6.41	0.01	3	1923	买盘
11:15:00	6.4	--	142	90880	卖盘
11:14:57	6.4	-0.01	13	8320	卖盘
11:14:54	6.41	--	6	3846	买盘
11:14:51	6.41	--	1	641	买盘
11:14:48	6.41	--	1	641	买盘
11:14:45	6.41	--	33	21153	买盘
11:14:42	6.41	0.01	2	1282	买盘
11:14:33	6.4	-0.01	50	32000	卖盘
11:14:30	6.41	--	17	10897	买盘
11:14:27	6.41	0.01	19	12179	买盘
11:14:24	6.4	-0.01	300	192000	卖盘
11:14:21	6.41	--	34	21794	买盘
11:14:15	6.41	--	200	128200	买盘
11:14:12	6.41	--	21	13461	买盘
11:14:03	6.41	--	2	1282	买盘
11:14:00	6.41	--	188	120508	买盘
11:13:57	6.41	--	7	4487	买盘
11:13:54	6.41	--	20	12820	买盘
11:13:51	6.41	--	1	641	买盘
11:13:48	6.41	--	103	66023	买盘
11:13:42	6.41	--	103	66023	买盘
11:13:36	6.41	--	213	136533	买盘
11:13:24	6.41	--	2	1282	买盘
11:13:21	6.41	0.01	27	17307	买盘
11:13:12	6.4	-0.01	145	92800	卖盘
11:13:03	6.41	0.01	3	1923	买盘
11:13:00	6.4	--	148	94720	卖盘
11:12:57	6.4	-0.01	3	1920	卖盘
11:12:51	6.41	--	1	641	买盘
11:12:45	6.41	--	100	64100	买盘
11:12:42	6.41	0.01	7	4487	买盘
11:12:33	6.4	-0.01	4	2560	卖盘
11:12:30	6.41	--	22	14102	买盘
11:12:24	6.41	--	3	1923	买盘
11:12:21	6.41	--	12	7692	买盘
11:12:18	6.41	--	150	96150	买盘
11:12:12	6.41	--	64	41024	买盘
11:12:09	6.41	0.01	2	1282	买盘
11:12:03	6.4	-0.01	96	61440	卖盘
11:11:51	6.41	--	1	641	买盘
11:11:45	6.41	--	116	74356	买盘
11:11:42	6.41	0.01	9	5769	买盘
11:11:39	6.4	--	28	17920	卖盘
11:11:36	6.4	-0.01	36	23040	卖盘
11:11:27	6.41	0.01	100	64100	买盘
11:11:24	6.4	-0.01	20	12800	卖盘
11:11:21	6.41	0.01	5	3205	买盘
11:11:18	6.4	--	6	3840	卖盘
11:11:12	6.4	-0.01	35	22400	卖盘
11:11:03	6.41	0.01	3	1923	买盘
11:11:00	6.4	--	138	88320	卖盘
11:10:54	6.4	--	40	25600	卖盘
11:10:48	6.4	-0.01	119	76160	卖盘
11:10:45	6.41	--	56	35896	买盘
11:10:42	6.41	0.01	2	1282	买盘
11:10:39	6.4	-0.01	18	12051	卖盘
11:10:36	6.41	--	78	49998	买盘
11:10:30	6.41	--	66	42306	卖盘
11:10:27	6.41	--	24	15384	卖盘
11:10:24	6.41	--	96	61536	买盘
11:10:21	6.41	-0.01	3	1923	买盘
11:10:18	6.42	0.01	74	48137	买盘
11:10:15	6.41	--	200	128200	卖盘
11:10:06	6.41	-0.01	5	3205	卖盘
11:10:03	6.42	0.01	2	1284	买盘
11:10:00	6.41	-0.01	138	88458	卖盘
11:09:54	6.42	0.01	7	4494	买盘
11:09:51	6.41	--	43	27563	卖盘
11:09:48	6.41	-0.01	103	66023	卖盘
11:09:42	6.42	--	6	3852	买盘
11:09:36	6.42	--	50	32100	买盘
11:09:30	6.42	--	4	2568	买盘
11:09:27	6.42	0.01	1	642	买盘
11:09:24	6.41	-0.01	113	72433	卖盘
11:09:21	6.42	0.01	1011	649062	买盘
11:09:18	6.41	-0.01	250	160250	卖盘
11:09:15	6.42	--	20	12840	买盘
11:09:12	6.42	--	50	32100	买盘
11:09:06	6.42	--	14	8988	买盘
11:09:03	6.42	0.01	53	34026	买盘
11:09:00	6.41	-0.01	139	89099	卖盘
11:08:54	6.42	--	5	3210	买盘
11:08:51	6.42	--	77	49434	买盘
11:08:45	6.42	--	15	9630	买盘
11:08:42	6.42	--	2	1284	买盘
11:08:33	6.42	--	180	115560	买盘
11:08:21	6.42	0.01	21	13482	买盘
11:08:18	6.41	-0.01	7	4487	卖盘
11:08:09	6.42	--	64	41088	买盘
11:08:03	6.42	--	2	1284	买盘
11:07:57	6.42	--	5	3210	买盘
11:07:48	6.42	--	1	642	买盘
11:07:42	6.42	-0.01	906	581652	卖盘
11:07:39	6.43	--	4	2572	买盘
11:07:36	6.43	0.01	2	1286	买盘
11:07:27	6.42	-0.01	40	25680	卖盘
11:07:24	6.43	--	3	1929	买盘
11:07:21	6.43	--	29	18647	买盘
11:07:18	6.43	--	61	39223	买盘
11:07:15	6.43	0.01	50	32150	买盘
11:07:09	6.42	-0.01	188	120696	卖盘
11:07:03	6.43	0.01	53	34079	买盘
11:06:57	6.42	--	1	642	卖盘
11:06:51	6.42	-0.01	9	5778	卖盘
11:06:42	6.43	0.01	2	1286	买盘
11:06:30	6.42	--	13	8346	卖盘
11:06:27	6.42	-0.01	285	182970	卖盘
11:06:24	6.43	0.01	5	3215	买盘
11:06:21	6.42	--	13	8346	卖盘
11:06:09	6.42	-0.01	47	30174	卖盘
11:06:03	6.43	0.01	52	33436	买盘
11:06:00	6.42	--	373	239466	卖盘
11:05:57	6.42	--	20	12840	卖盘
11:05:54	6.42	-0.01	23	14766	卖盘
11:05:51	6.43	--	2	1286	买盘
11:05:48	6.43	0.01	2	1286	买盘
11:05:45	6.42	-0.01	37	23754	卖盘
11:05:42	6.43	--	3	1929	买盘
11:05:39	6.43	0.01	25	16075	买盘
11:05:36	6.42	--	209	134178	卖盘
11:05:33	6.42	--	1000	642000	卖盘
11:05:24	6.42	-0.01	34	21828	卖盘
11:05:21	6.43	--	7	4501	买盘
11:05:18	6.43	-0.01	26	16910	卖盘
11:05:12	6.44	0.01	11	7084	买盘
11:05:09	6.43	--	47	30221	卖盘
11:05:03	6.43	--	832	534976	卖盘
11:04:48	6.43	-0.01	60	38580	卖盘
11:04:42	6.44	0.01	24	15456	买盘
11:04:33	6.43	--	19	12217	卖盘
11:04:24	6.43	--	11	7073	卖盘
11:04:21	6.43	-0.01	13	8359	卖盘
11:04:09	6.44	0.01	1	644	买盘
11:04:06	6.43	-0.01	69	44367	卖盘
11:04:03	6.44	--	2	1288	买盘
11:04:00	6.44	0.01	10	6440	买盘
11:03:57	6.43	-0.01	32	20576	卖盘
11:03:45	6.44	--	15	9660	买盘
11:03:42	6.44	--	3	1932	买盘
11:03:36	6.44	0.01	50	32200	买盘
11:03:30	6.43	-0.01	20	12860	卖盘
11:03:21	6.44	--	2	1288	买盘
11:03:15	6.44	0.01	10	6440	买盘
11:03:09	6.43	-0.01	272	174896	卖盘
11:03:03	6.44	--	13	8372	买盘
11:02:54	6.44	--	10	6440	买盘
11:02:42	6.44	--	2	1288	买盘
11:02:21	6.44	--	38	24472	买盘
11:02:18	6.44	--	8	5152	买盘
11:02:09	6.44	--	9	5796	买盘
11:02:03	6.44	--	2	1288	买盘
11:02:00	6.44	0.01	24	15456	买盘
11:01:45	6.43	-0.01	500	321500	卖盘
11:01:42	6.44	--	3	1932	买盘
11:01:30	6.44	0.01	500	322000	买盘
11:01:27	6.43	-0.01	13	8359	卖盘
11:01:21	6.44	--	35	22540	买盘
11:01:15	6.44	--	45	28980	买盘
11:01:09	6.44	--	467	301198	买盘
11:01:03	6.44	--	3	1932	买盘
11:01:00	6.44	--	77	49588	买盘
11:00:51	6.44	--	50	32200	买盘
11:00:45	6.44	--	32	20608	买盘
11:00:42	6.44	0.01	13	8372	买盘
11:00:36	6.43	-0.01	1	643	卖盘
11:00:33	6.44	--	20	12880	买盘
11:00:24	6.44	--	200	128800	买盘
11:00:21	6.44	--	60	38640	买盘
11:00:18	6.44	0.01	125	80500	买盘
11:00:09	6.43	-0.01	47	30221	卖盘
11:00:06	6.44	--	22	14168	买盘
11:00:03	6.44	--	22	14168	买盘
11:00:00	6.44	--	3	1932	买盘
10:59:48	6.44	--	10	6440	买盘
10:59:42	6.44	--	13	8372	买盘
10:59:27	6.44	--	4	2576	买盘
10:59:24	6.44	0.01	5	3220	买盘
10:59:21	6.43	--	57	36651	买盘
10:59:18	6.43	-0.01	35	22505	卖盘
10:59:12	6.44	--	4	2576	买盘
10:59:03	6.44	--	23	14812	买盘
10:59:00	6.44	0.01	4	2576	买盘
10:58:54	6.43	-0.01	60	38580	卖盘
10:58:51	6.44	--	5	3220	买盘
10:58:48	6.44	--	5	3220	买盘
10:58:45	6.44	--	31	19964	买盘
10:58:42	6.44	--	2	1288	买盘
10:58:39	6.44	--	6	3864	买盘
10:58:36	6.44	--	1	644	买盘
10:58:33	6.44	--	13	8372	买盘
10:58:30	6.44	--	7	4508	买盘
10:58:21	6.44	--	140	90160	买盘
10:58:18	6.44	--	20	12880	买盘
10:58:15	6.44	--	57	36708	买盘
10:58:12	6.44	0.01	5	3220	买盘
10:58:09	6.43	-0.01	47	30221	卖盘
10:58:06	6.44	--	120	77280	买盘
10:58:03	6.44	--	51	32844	买盘
10:58:00	6.44	--	50	32200	买盘
10:57:57	6.44	--	18	11592	买盘
10:57:51	6.44	--	68	43792	买盘
10:57:48	6.44	--	7	4508	买盘
10:57:45	6.44	--	31	19964	买盘
10:57:42	6.44	--	3	1932	买盘
10:57:36	6.44	--	7	4508	买盘
10:57:33	6.44	--	327	210588	买盘
10:57:30	6.44	--	10	6440	买盘
10:57:27	6.44	0.01	28	18032	买盘
10:57:24	6.43	-0.01	89	57227	卖盘
10:57:21	6.44	--	6	3864	买盘
10:57:18	6.44	0.01	1	644	买盘
10:57:09	6.43	-0.01	21	13503	卖盘
10:57:06	6.44	0.01	20	12880	买盘
10:57:03	6.43	--	5	3215	卖盘
10:56:54	6.43	--	460	296114	买盘
10:56:51	6.43	--	22	14146	买盘
10:56:48	6.43	--	34	21862	买盘
10:56:45	6.43	--	67	43081	买盘
10:56:42	6.43	--	404	259772	买盘
10:56:39	6.43	--	25	16075	买盘
10:56:27	6.43	0.01	3	1929	买盘
10:56:24	6.42	-0.01	38	24396	卖盘
10:56:21	6.43	--	3	1929	买盘
10:56:15	6.43	--	1	643	买盘
10:56:12	6.43	--	47	30221	买盘
10:56:09	6.43	0.01	10	6430	买盘
10:56:06	6.42	-0.01	34	21828	卖盘
10:56:03	6.43	0.01	2	1286	买盘
10:56:00	6.42	--	14	8988	卖盘
10:55:54	6.42	--	7	4494	卖盘
10:55:51	6.42	--	66	42372	卖盘
10:55:48	6.42	--	1	642	卖盘
10:55:45	6.42	--	387	248454	买盘
10:55:42	6.42	--	19	12198	买盘
10:55:39	6.42	--	6	3852	买盘
10:55:36	6.42	--	530	340260	买盘
10:55:33	6.42	--	45	28890	买盘
10:55:30	6.42	--	78	50076	买盘
10:55:21	6.42	--	11	7062	买盘
10:55:18	6.42	--	10	6420	买盘
10:55:15	6.42	--	35	22470	买盘
10:55:12	6.42	--	17	10914	买盘
10:55:09	6.42	--	58	37236	买盘
10:55:06	6.42	--	5	3210	买盘
10:55:03	6.42	--	8	5136	买盘
10:55:00	6.42	0.01	1661	1066362	买盘
10:54:54	6.41	-0.01	110	70510	卖盘
10:54:51	6.42	0.01	6	3852	买盘
10:54:45	6.41	--	609	390381	买盘
10:54:42	6.41	--	92	58972	买盘
10:54:39	6.41	--	100	64100	买盘
10:54:36	6.41	--	58	37178	买盘
10:54:30	6.41	--	3	1923	买盘
10:54:27	6.41	--	123	78843	买盘
10:54:24	6.41	--	37	23717	买盘
10:54:21	6.41	--	526	337166	买盘
10:54:18	6.41	--	132	84612	买盘
10:54:15	6.41	--	2	1282	买盘
10:54:09	6.41	--	117	74997	买盘
10:54:06	6.41	--	5	3205	买盘
10:54:03	6.41	--	57	36537	买盘
10:54:00	6.41	--	5	3205	买盘
10:53:57	6.41	--	38	24358	买盘
10:53:51	6.41	--	70	44870	买盘
10:53:48	6.41	--	313	200633	买盘
10:53:45	6.41	--	100	64100	买盘
10:53:42	6.41	--	513	328833	买盘
10:53:39	6.41	0.01	202	129482	买盘
10:53:36	6.4	-0.01	8	5120	卖盘
10:53:33	6.41	--	206	132046	买盘
10:53:30	6.41	-0.01	359	230747	卖盘
10:53:27	6.42	0.01	15	9630	买盘
10:53:24	6.41	-0.01	1	641	卖盘
10:53:21	6.42	0.01	12	7704	买盘
10:53:09	6.41	0.01	142	91034	买盘
10:53:06	6.4	-0.01	4	2560	卖盘
10:53:03	6.41	--	17	10897	买盘
10:53:00	6.41	--	170	108970	买盘
10:52:57	6.41	--	31	19871	买盘
10:52:54	6.41	--	4	2564	买盘
10:52:51	6.41	-0.01	192	123700	卖盘
10:52:42	6.42	0.01	2	1284	买盘
10:52:36	6.41	--	442	283334	买盘
10:52:33	6.41	--	1	641	买盘
10:52:30	6.41	--	100	64100	买盘
10:52:27	6.41	--	16	10256	买盘
10:52:21	6.41	--	10	6410	买盘
10:52:18	6.41	--	1	641	买盘
10:52:15	6.41	--	15	9615	买盘
10:52:12	6.41	--	1	641	买盘
10:52:06	6.41	--	18	11538	买盘
10:52:03	6.41	--	22	14102	买盘
10:52:00	6.41	--	125	80125	买盘
10:51:57	6.41	0.01	19	12179	买盘
10:51:54	6.4	-0.01	53	33920	卖盘
10:51:48	6.41	--	3	1923	买盘
10:51:42	6.41	--	10	6410	买盘
10:51:39	6.41	--	5	3205	买盘
10:51:30	6.41	--	7	4487	买盘
10:51:27	6.41	--	80	51280	买盘
10:51:21	6.41	0.01	19	12179	买盘
10:51:12	6.4	-0.01	1000	640000	卖盘
10:51:09	6.41	--	80	51280	买盘
10:51:06	6.41	--	76	48716	买盘
10:51:03	6.41	--	25	16025	买盘
10:51:00	6.41	--	17	10897	买盘
10:50:57	6.41	--	12	7692	买盘
10:50:54	6.41	0.01	57	36537	买盘
10:50:51	6.4	--	50	32000	卖盘
10:50:45	6.4	-0.01	9	5760	卖盘
10:50:42	6.41	0.01	2	1282	买盘
10:50:39	6.4	--	220	140800	卖盘
10:50:30	6.4	-0.01	18	11520	卖盘
10:50:24	6.41	--	5	3205	买盘
10:50:21	6.41	0.01	4	2564	买盘
10:50:18	6.4	-0.01	118	75520	卖盘
10:50:12	6.41	0.01	20	12820	买盘
10:50:09	6.4	-0.01	86	55040	卖盘
10:50:06	6.41	--	480	307680	买盘
10:50:03	6.41	0.01	2	1282	买盘
10:50:00	6.4	-0.01	155	99200	卖盘
10:49:57	6.41	0.01	40	25640	买盘
10:49:51	6.4	-0.01	0	576	卖盘
10:49:42	6.41	--	3	1923	买盘
10:49:39	6.41	--	16	10256	买盘
10:49:36	6.41	--	78	49998	买盘
10:49:30	6.41	-0.01	1024	657012	卖盘
10:49:21	6.42	--	42	26964	买盘
10:49:12	6.42	0.01	20	12840	买盘
10:49:06	6.41	-0.01	52	33332	卖盘
10:49:03	6.42	0.01	3	1926	买盘
10:48:57	6.41	-0.01	8	5128	卖盘
10:48:45	6.42	--	4	2568	买盘
10:48:42	6.42	--	2	1284	买盘
10:48:36	6.42	--	349	224058	买盘
10:48:27	6.42	--	51	32742	买盘
10:48:21	6.42	--	53	34026	买盘
10:48:18	6.42	--	2	1284	买盘
10:48:15	6.42	--	30	19260	买盘
10:48:12	6.42	0.01	20	12840	买盘
10:48:09	6.41	-0.01	516	330756	卖盘
10:48:06	6.42	--	1001	642642	买盘
10:48:03	6.42	0.01	2	1284	买盘
10:48:00	6.41	--	500	320500	卖盘
10:47:54	6.41	--	3	1923	卖盘
10:47:51	6.41	--	11	7051	卖盘
10:47:45	6.41	--	83	53215	买盘
10:47:42	6.41	--	561	359601	买盘
10:47:36	6.41	0.01	10	6410	买盘
10:47:33	6.4	-0.01	7	4480	卖盘
10:47:30	6.41	--	700	448700	买盘
10:47:21	6.41	--	22	14102	买盘
10:47:18	6.41	0.01	10	6410	买盘
10:47:15	6.4	--	110	70400	卖盘
10:47:06	6.4	-0.01	47	30080	卖盘
10:47:03	6.41	--	203	130123	买盘
10:46:54	6.41	0.01	15	9615	买盘
10:46:51	6.4	-0.01	58	37120	卖盘
10:46:48	6.41	--	12	7692	买盘
10:46:45	6.41	--	20	12820	买盘
10:46:42	6.41	0.01	1013	649333	买盘
10:46:39	6.4	-0.01	86	55040	卖盘
10:46:36	6.41	0.01	52	33332	买盘
10:46:33	6.4	-0.01	1008	645120	卖盘
10:46:30	6.41	--	17	10897	买盘
10:46:27	6.41	--	7	4487	买盘
10:46:24	6.41	0.01	3	1923	买盘
10:46:21	6.4	--	22	14080	卖盘
10:46:18	6.4	--	47	30080	卖盘
10:46:15	6.4	--	5	3200	卖盘
10:46:09	6.4	--	3	1920	卖盘
10:46:06	6.4	-0.01	249	159360	卖盘
10:46:03	6.41	--	2	1282	买盘
10:45:57	6.41	0.01	1	641	买盘
10:45:54	6.4	--	10	6400	卖盘
10:45:51	6.4	--	1	640	卖盘
10:45:45	6.4	-0.01	32	20480	卖盘
10:45:42	6.41	0.01	3	1923	买盘
10:45:33	6.4	--	12	7680	卖盘
10:45:30	6.4	-0.01	1	640	卖盘
10:45:27	6.41	--	284	182044	买盘
10:45:24	6.41	0.01	2	1282	买盘
10:45:21	6.4	-0.01	11	7040	卖盘
10:45:18	6.41	--	1	641	买盘
10:45:15	6.41	--	411	263451	买盘
10:45:09	6.41	0.01	51	32691	买盘
10:45:06	6.4	-0.01	51	32640	卖盘
10:45:03	6.41	--	3	1923	买盘
10:44:54	6.41	0.01	4	2564	买盘
10:44:48	6.4	-0.01	8	5120	卖盘
10:44:42	6.41	--	2	1282	买盘
10:44:39	6.41	0.01	15	9615	买盘
10:44:36	6.4	--	20	12800	卖盘
10:44:27	6.4	--	1311	839059	买盘
10:44:24	6.4	--	55	35200	买盘
10:44:21	6.4	--	66	42240	买盘
10:44:18	6.4	--	4	2560	买盘
10:44:15	6.4	--	1497	958700	卖盘
10:44:09	6.4	--	47	30080	卖盘
10:44:06	6.4	--	8	5120	卖盘
10:44:03	6.4	-0.01	52	33280	卖盘
10:44:00	6.41	0.01	260	166660	买盘
10:43:57	6.4	--	210	134419	买盘
10:43:51	6.4	--	186	119040	买盘
10:43:45	6.4	--	195	124800	买盘
10:43:42	6.4	--	3	1920	买盘
10:43:39	6.4	--	29	18560	买盘
10:43:33	6.4	--	43	27520	买盘
10:43:27	6.4	--	2509	1606380	卖盘
10:43:24	6.4	-0.01	64	40960	卖盘
10:43:21	6.41	--	9	5769	买盘
10:43:15	6.41	0.01	100	64100	买盘
10:43:12	6.4	-0.01	100	64000	卖盘
10:43:06	6.41	--	7	4487	买盘
10:43:03	6.41	--	3	1923	买盘
10:43:00	6.41	--	6	3846	买盘
10:42:57	6.41	--	215	137815	买盘
10:42:54	6.41	--	52	33332	买盘
10:42:51	6.41	--	1	641	买盘
10:42:48	6.41	--	319	204479	买盘
10:42:42	6.41	0.01	2	1282	买盘
10:42:33	6.4	-0.01	200	128000	卖盘
10:42:30	6.41	0.01	2	1282	买盘
10:42:27	6.4	-0.01	346	221440	卖盘
10:42:21	6.41	--	166	106406	买盘
10:42:18	6.41	--	26	16666	买盘
10:42:15	6.41	--	10	6410	买盘
10:42:12	6.41	0.01	10	6410	买盘
10:42:09	6.4	-0.01	63	40320	卖盘
10:42:03	6.41	0.01	8	5128	买盘
10:42:00	6.4	-0.01	10	6400	卖盘
10:41:54	6.41	--	91	58331	买盘
10:41:51	6.41	--	1	641	买盘
10:41:48	6.41	0.01	25	16025	中性盘
10:41:45	6.4	-0.02	1	640	卖盘
10:41:42	6.42	0.01	303	194526	买盘
10:41:39	6.41	--	723	463462	买盘
10:41:36	6.41	--	6	3846	买盘
10:41:33	6.41	0.01	1	641	买盘
10:41:30	6.4	-0.01	154	98560	卖盘
10:41:27	6.41	--	10	6410	买盘
10:41:21	6.41	--	33	21153	买盘
10:41:09	6.41	0.01	1	641	买盘
10:41:06	6.4	-0.01	47	30080	卖盘
10:41:03	6.41	--	23	14743	买盘
10:41:00	6.41	0.01	31	19871	买盘
10:40:57	6.4	-0.01	9	5760	卖盘
10:40:54	6.41	--	9	5769	买盘
10:40:51	6.41	--	1	641	买盘
10:40:42	6.41	--	165	105765	买盘
10:40:36	6.41	--	156	99996	买盘
10:40:33	6.41	0.01	1025	657025	买盘
10:40:30	6.4	--	10	6400	买盘
10:40:27	6.4	--	2966	1898240	卖盘
10:40:21	6.4	-0.01	177	113280	卖盘
10:40:18	6.41	--	8	5128	买盘
10:40:15	6.41	0.01	20	12820	买盘
10:40:12	6.4	--	21	13440	卖盘
10:40:09	6.4	--	9	5760	卖盘
10:40:03	6.4	-0.01	108	69747	卖盘
10:40:00	6.41	--	200	128200	卖盘
10:39:57	6.41	--	300	192300	卖盘
10:39:51	6.41	--	31	19871	卖盘
10:39:48	6.41	--	4	2564	卖盘
10:39:42	6.41	0.01	78	50010	买盘
10:39:39	6.4	-0.01	500	320000	卖盘
10:39:36	6.41	--	8	5128	买盘
10:39:33	6.41	0.01	253	162173	买盘
10:39:30	6.4	-0.01	31	19840	卖盘
10:39:24	6.41	--	5	3205	买盘
10:39:21	6.41	--	3	1923	买盘
10:39:15	6.41	--	231	148699	卖盘
10:39:12	6.41	--	18	11538	卖盘
10:39:09	6.41	--	20	12820	卖盘
10:39:06	6.41	--	349	223715	卖盘
10:39:03	6.41	--	45	28845	卖盘
10:38:57	6.41	--	308	197434	卖盘
10:38:54	6.41	-0.01	14	8974	卖盘
10:38:48	6.42	--	23	14766	买盘
10:38:45	6.42	--	5	3210	买盘
10:38:42	6.42	0.01	35	22470	买盘
10:38:30	6.41	--	50	32050	卖盘
10:38:24	6.41	-0.01	304	194864	卖盘
10:38:21	6.42	--	23	14766	买盘
10:38:15	6.42	-0.01	175	112350	卖盘
10:38:12	6.43	0.01	15	9645	买盘
10:38:09	6.42	-0.01	50	32100	卖盘
10:38:06	6.43	0.01	20	12860	买盘
10:38:03	6.42	-0.01	13	8346	卖盘
10:38:00	6.43	0.01	10	6430	买盘
10:37:45	6.42	--	6	3852	卖盘
10:37:42	6.42	-0.01	17	10914	卖盘
10:37:39	6.43	--	6	3858	买盘
10:37:36	6.43	--	10	6430	买盘
10:37:33	6.43	--	5	3215	买盘
10:37:27	6.43	--	367	236289	卖盘
10:37:24	6.43	-0.01	2	1286	卖盘
10:37:21	6.44	0.01	513	330372	买盘
10:37:18	6.43	0.01	135	87139	买盘
10:37:12	6.42	--	4	2568	卖盘
10:37:03	6.42	-0.01	53	34026	卖盘
10:36:54	6.43	--	50	32150	买盘
10:36:48	6.43	0.01	2	1286	买盘
10:36:45	6.42	-0.01	6	3852	卖盘
10:36:42	6.43	--	3	1929	买盘
10:36:30	6.43	--	14	9002	买盘
10:36:27	6.43	0.01	20	12860	买盘
10:36:24	6.42	-0.01	11	7062	卖盘
10:36:21	6.43	--	11	7073	买盘
10:36:18	6.43	--	12	7716	买盘
10:36:06	6.43	--	200	128600	买盘
10:36:03	6.43	0.01	3	1929	买盘
10:36:00	6.42	-0.01	110	70620	卖盘
10:35:54	6.43	0.01	111	71373	买盘
10:35:45	6.42	--	300	192600	卖盘
10:35:42	6.42	-0.01	1023	656766	卖盘
10:35:36	6.43	--	44	28600	卖盘
10:35:30	6.43	0.01	2956	1901042	买盘
10:35:27	6.42	--	60	38520	买盘
10:35:21	6.42	--	13	8346	买盘
10:35:18	6.42	--	28	17976	买盘
10:35:12	6.42	--	25	16050	买盘
10:35:06	6.42	--	10	6420	买盘
10:35:03	6.42	--	3	1926	买盘
10:35:00	6.42	--	3	1926	买盘
10:34:57	6.42	--	3	1926	买盘
10:34:54	6.42	--	170	109140	卖盘
10:34:51	6.42	--	67	43014	买盘
10:34:48	6.42	0.02	16	10272	买盘
10:34:45	6.4	-0.02	50	32000	卖盘
10:34:42	6.42	--	3	1926	买盘
10:34:39	6.42	-0.01	50	32100	中性盘
10:34:27	6.43	0.05	1000	643000	买盘
10:34:24	6.38	-0.05	6051	3860538	卖盘
10:34:21	6.43	--	19	12217	买盘
10:34:18	6.43	--	91	58513	买盘
10:34:15	6.43	--	3	1929	买盘
10:34:12	6.43	--	60	38580	买盘
10:34:09	6.43	--	137	88091	买盘
10:34:03	6.43	0.02	7	4501	买盘
10:34:00	6.41	-0.02	11	7051	卖盘
10:33:45	6.43	--	1003	644929	买盘
10:33:36	6.43	0.02	5000	3215000	买盘
10:33:30	6.41	--	1	641	卖盘
10:33:24	6.41	-0.01	41	26281	卖盘
10:33:21	6.42	0.01	23	14766	买盘
10:33:15	6.41	--	25	16025	卖盘
10:33:09	6.41	0.02	389	249349	买盘
10:33:06	6.39	-0.01	5000	3195000	卖盘
10:33:03	6.4	-0.01	50	32000	卖盘
10:33:00	6.41	--	33	21153	买盘
10:32:57	6.41	--	25	16025	买盘
10:32:54	6.41	--	183	117303	卖盘
10:32:51	6.41	-0.01	9	5769	卖盘
10:32:42	6.42	0.01	92	59064	买盘
10:32:39	6.41	-0.01	200	128200	卖盘
10:32:36	6.42	0.01	7	4494	买盘
10:32:27	6.41	--	5	3205	卖盘
10:32:24	6.41	--	105	67305	买盘
10:32:21	6.41	--	10	6410	买盘
10:32:12	6.41	0.01	1	641	中性盘
10:32:09	6.4	-0.02	150	96000	卖盘
10:32:06	6.42	--	134	86028	买盘
10:32:03	6.42	0.01	3	1926	买盘
10:32:00	6.41	-0.01	21	13461	卖盘
10:31:57	6.42	0.01	7	4494	买盘
10:31:54	6.41	-0.01	1000	641000	卖盘
10:31:51	6.42	--	41	26322	买盘
10:31:48	6.42	--	5	3210	买盘
10:31:42	6.42	--	3	1926	买盘
10:31:39	6.42	--	3	1926	买盘
10:31:36	6.42	--	10	6420	买盘
10:31:33	6.42	0.01	15	9630	买盘
10:31:30	6.41	-0.01	107	68587	卖盘
10:31:24	6.42	--	13	8346	买盘
10:31:21	6.42	--	13	8346	买盘
10:31:15	6.42	--	62	39804	买盘
10:31:09	6.42	0.01	115	73830	买盘
10:31:06	6.41	-0.01	3	1923	卖盘
10:31:03	6.42	0.01	9	5778	买盘
10:31:00	6.41	--	34	21794	卖盘
10:30:57	6.41	--	10	6410	卖盘
10:30:51	6.41	-0.01	537	344217	卖盘
10:30:45	6.42	--	507	325494	买盘
10:30:42	6.42	0.01	3	1926	买盘
10:30:36	6.41	--	69	44229	卖盘
10:30:33	6.41	--	5	3205	卖盘
10:30:24	6.41	0.01	82	52562	买盘
10:30:21	6.4	-0.01	94	60160	卖盘
10:30:18	6.41	--	41	26281	买盘
10:30:15	6.41	0.01	14	8974	买盘
10:30:12	6.4	-0.01	52	33280	卖盘
10:30:09	6.41	--	10	6410	买盘
10:30:06	6.41	--	10	6410	买盘
10:30:03	6.41	--	4	2564	买盘
10:30:00	6.41	--	11	7051	买盘
10:29:57	6.41	--	80	51280	买盘
10:29:51	6.41	--	457	292937	买盘
10:29:48	6.41	--	561	359601	买盘
10:29:45	6.41	--	51	32691	买盘
10:29:42	6.41	--	117	74997	买盘
10:29:39	6.41	0.01	15	9615	买盘
10:29:36	6.4	-0.01	379	242880	卖盘
10:29:33	6.41	-0.01	818	524338	卖盘
10:29:30	6.42	--	10	6420	买盘
10:29:21	6.42	0.01	23	14766	买盘
10:29:12	6.41	--	126	80766	卖盘
10:29:09	6.41	--	33	21153	卖盘
10:29:03	6.41	--	445	285245	买盘
10:29:00	6.41	--	5	3205	买盘
10:28:57	6.41	--	50	32050	买盘
10:28:54	6.41	--	14	8974	买盘
10:28:51	6.41	--	244	156404	卖盘
10:28:48	6.41	-0.01	32	20512	卖盘
10:28:45	6.42	--	33	21186	买盘
10:28:42	6.42	0.01	41	26322	买盘
10:28:39	6.41	-0.01	1	641	中性盘
10:28:27	6.42	0.01	118	75756	买盘
10:28:24	6.41	--	5	3205	买盘
10:28:21	6.41	--	285	182685	卖盘
10:28:18	6.41	-0.01	10	6410	卖盘
10:28:15	6.42	0.01	50	32100	买盘
10:28:12	6.41	--	354	226914	买盘
10:28:09	6.41	-0.01	642	411522	卖盘
10:28:03	6.42	--	13	8346	买盘
10:28:00	6.42	--	61	39162	买盘
10:27:54	6.42	--	10	6420	买盘
10:27:51	6.42	--	20	12840	买盘
10:27:45	6.42	--	30	19260	买盘
10:27:42	6.42	--	2160	1387060	买盘
10:27:39	6.42	--	45	28890	买盘
10:27:27	6.42	--	14	8988	买盘
10:27:24	6.42	--	38	24396	买盘
10:27:21	6.42	--	4	2568	买盘
10:27:18	6.42	0.01	19	12198	买盘
10:27:15	6.41	--	239	153199	卖盘
10:27:12	6.41	-0.01	80	51280	卖盘
10:27:09	6.42	0.01	6	3852	买盘
10:27:06	6.41	-0.01	50	32050	卖盘
10:27:03	6.42	--	81	52002	买盘
10:27:00	6.42	--	15	9630	买盘
10:26:54	6.42	--	9	5778	买盘
10:26:51	6.42	-0.01	481	308802	卖盘
10:26:45	6.43	--	26	16718	买盘
10:26:42	6.43	0.01	25	16075	买盘
10:26:39	6.42	-0.01	62	39804	卖盘
10:26:36	6.43	--	42	27006	买盘
10:26:33	6.43	--	59	37937	买盘
10:26:30	6.43	0.01	23	14789	买盘
10:26:24	6.42	-0.01	457	293394	卖盘
10:26:21	6.43	--	3	1929	买盘
10:26:15	6.43	0.01	35	22505	买盘
10:26:12	6.42	-0.01	535	343470	卖盘
10:26:06	6.43	--	264	169752	买盘
10:26:03	6.43	-0.01	735	473209	卖盘
10:26:00	6.44	--	20	12880	买盘
10:25:54	6.44	0.01	8	5152	买盘
10:25:48	6.43	--	41	26401	买盘
10:25:45	6.43	-0.01	79	51401	卖盘
10:25:42	6.44	--	11	7084	买盘
10:25:39	6.44	0.01	39	25116	买盘
10:25:36	6.43	--	148	95202	买盘
10:25:33	6.43	--	262	169070	卖盘
10:25:30	6.43	--	19	12217	卖盘
10:25:24	6.43	-0.01	130	83590	卖盘
10:25:21	6.44	--	4	2576	买盘
10:25:18	6.44	0.01	7	4508	买盘
10:25:15	6.43	-0.01	132	84876	卖盘
10:25:12	6.44	--	355	228620	买盘
10:25:09	6.44	--	1	644	买盘
10:25:06	6.44	0.01	5	3220	买盘
10:25:03	6.43	--	182	117026	卖盘
10:25:00	6.43	--	500	321500	卖盘
10:24:51	6.43	-0.01	518	333074	卖盘
10:24:48	6.44	0.01	89	57316	买盘
10:24:45	6.43	-0.01	122	78446	卖盘
10:24:42	6.44	0.01	3	1932	买盘
10:24:33	6.43	0.01	1709	1098925	买盘
10:24:30	6.42	--	30	19260	卖盘
10:24:24	6.42	-0.01	172	110424	卖盘
10:24:21	6.43	0.01	3	1929	买盘
10:24:18	6.42	--	21	13482	卖盘
10:24:12	6.42	--	2	1284	卖盘
10:24:09	6.42	0.01	186	119412	买盘
10:24:06	6.41	-0.01	268	171788	卖盘
10:24:03	6.42	--	28	17976	买盘
10:24:00	6.42	--	315	202230	买盘
10:23:57	6.42	--	212	136104	买盘
10:23:54	6.42	--	2	1284	买盘
10:23:51	6.42	--	20	12840	买盘
10:23:48	6.42	0.01	25	16050	买盘
10:23:45	6.41	-0.01	129	82689	卖盘
10:23:42	6.42	--	320	205440	买盘
10:23:39	6.42	--	20	12840	买盘
10:23:36	6.42	--	70	44940	买盘
10:23:33	6.42	--	5	3210	买盘
10:23:30	6.42	--	24	15408	买盘
10:23:27	6.42	--	10	6420	买盘
10:23:24	6.42	--	139	89238	买盘
10:23:21	6.42	--	1069	686298	买盘
10:23:18	6.42	--	24	15408	买盘
10:23:09	6.42	0.01	9	5778	买盘
10:23:06	6.41	-0.01	152	97432	卖盘
10:23:03	6.42	--	3	1926	买盘
10:23:00	6.42	0.01	10	6420	买盘
10:22:54	6.41	--	201	128841	卖盘
10:22:51	6.41	-0.01	55	35255	卖盘
10:22:48	6.42	0.01	21	13482	买盘
10:22:45	6.41	--	126	80766	卖盘
10:22:42	6.41	-0.01	6	3846	卖盘
10:22:36	6.42	0.01	24	15408	买盘
10:22:27	6.41	--	14	8974	卖盘
10:22:24	6.41	-0.01	644	412804	卖盘
10:22:21	6.42	0.01	27	17334	买盘
10:22:18	6.41	--	582	373062	卖盘
10:22:12	6.41	--	117	74997	卖盘
10:22:09	6.41	--	3	1923	卖盘
10:22:06	6.41	0.01	1015	650916	买盘
10:22:03	6.4	-0.01	217	138880	卖盘
10:22:00	6.41	--	38	24358	买盘
10:21:57	6.41	--	90	57690	买盘
10:21:54	6.41	--	10	6410	买盘
10:21:51	6.41	--	77	49357	买盘
10:21:48	6.41	0.01	4	2564	买盘
10:21:45	6.4	-0.01	1591	1018240	卖盘
10:21:42	6.41	0.01	120	76920	买盘
10:21:39	6.4	-0.01	1	640	卖盘
10:21:36	6.41	0.01	25	16025	买盘
10:21:33	6.4	-0.01	153	97920	卖盘
10:21:30	6.41	0.01	13	8333	买盘
10:21:27	6.4	--	26	16640	买盘
10:21:24	6.4	-0.01	126	80640	卖盘
10:21:21	6.41	--	100	64100	买盘
10:21:18	6.41	0.01	696	446136	买盘
10:21:15	6.4	-0.01	1610	1030592	卖盘
10:21:12	6.41	0.01	282	180762	买盘
10:21:09	6.4	-0.01	608	389126	卖盘
10:21:06	6.41	0.01	501	321141	买盘
10:21:03	6.4	-0.01	220	140800	卖盘
10:21:00	6.41	--	45	28845	买盘
10:20:57	6.41	0.01	2	1282	买盘
10:20:54	6.4	-0.01	124	79360	卖盘
10:20:51	6.41	--	2	1282	买盘
10:20:48	6.41	--	30	19230	买盘
10:20:42	6.41	--	173	110893	卖盘
10:20:36	6.41	-0.01	14	8974	卖盘
10:20:30	6.42	0.01	17	10914	买盘
10:20:27	6.41	--	72	46152	买盘
10:20:24	6.41	-0.01	52	33332	卖盘
10:20:21	6.42	--	3	1926	买盘
10:20:18	6.42	0.01	63	40446	买盘
10:20:15	6.41	--	2	1282	卖盘
10:20:12	6.41	--	594	380754	卖盘
10:20:09	6.41	--	1	641	卖盘
10:20:06	6.41	--	278	178198	买盘
10:20:03	6.41	--	53	33973	卖盘
10:20:00	6.41	-0.01	70	44870	卖盘
10:19:57	6.42	0.01	29	18618	买盘
10:19:54	6.41	--	150	96150	卖盘
10:19:51	6.41	--	111	71151	卖盘
10:19:48	6.41	--	30	19230	买盘
10:19:45	6.41	--	141	90381	买盘
10:19:42	6.41	0.01	130	83330	买盘
10:19:36	6.4	--	50	32000	卖盘
10:19:33	6.4	--	22	14080	卖盘
10:19:30	6.4	--	594	380601	买盘
10:19:27	6.4	0.01	71	45440	买盘
10:19:24	6.39	-0.01	1132	723348	卖盘
10:19:21	6.4	--	111	71040	买盘
10:19:18	6.4	--	42	26880	买盘
10:19:15	6.4	--	140	89600	买盘
10:19:12	6.4	0.01	219	140160	买盘
10:19:09	6.39	--	507	323973	卖盘
10:19:06	6.39	--	84	53676	卖盘
10:19:03	6.39	--	468	299052	卖盘
10:19:00	6.39	-0.01	10	6390	卖盘
10:18:57	6.4	0.01	9	5760	买盘
10:18:54	6.39	-0.01	44	28116	卖盘
10:18:51	6.4	--	10	6400	买盘
10:18:48	6.4	-0.01	5097	3262278	卖盘
10:18:42	6.41	--	1360	871760	卖盘
10:18:39	6.41	-0.01	700	448700	卖盘
10:18:36	6.42	-0.01	137	87954	卖盘
10:18:33	6.43	0.01	6	3858	买盘
10:18:30	6.42	0.01	25	16050	卖盘
10:18:27	6.41	--	113	72433	买盘
10:18:24	6.41	-0.01	8265	5298307	卖盘
10:18:21	6.42	--	4	2568	买盘
10:18:18	6.42	-0.01	3085	1981173	卖盘
10:18:15	6.43	0.01	9	5787	买盘
10:18:09	6.42	-0.01	56	35952	卖盘
10:18:06	6.43	--	24	15432	买盘
10:18:03	6.43	0.01	180	115740	买盘
10:18:00	6.42	-0.01	116	74472	卖盘
10:17:57	6.43	0.01	21	13503	买盘
10:17:54	6.42	-0.01	819	525798	卖盘
10:17:51	6.43	--	6	3858	买盘
10:17:48	6.43	0.01	5	3215	买盘
10:17:45	6.42	--	122	78324	卖盘
10:17:42	6.42	-0.01	55	35310	卖盘
10:17:39	6.43	--	15	9645	买盘
10:17:36	6.43	--	28	18004	买盘
10:17:33	6.43	0.01	12	7716	买盘
10:17:27	6.42	--	22	14124	卖盘
10:17:24	6.42	-0.01	144	92448	卖盘
10:17:21	6.43	0.01	104	66872	买盘
10:17:18	6.42	--	6	3852	卖盘
10:17:15	6.42	--	201	129042	卖盘
10:17:12	6.42	--	160	102720	卖盘
10:17:09	6.42	--	156	100152	卖盘
10:17:06	6.42	--	192	123899	卖盘
10:17:03	6.42	--	128	82176	卖盘
10:17:00	6.42	--	15	9630	卖盘
10:16:57	6.42	--	182	116844	卖盘
10:16:54	6.42	--	20	12840	卖盘
10:16:51	6.42	-0.01	17	10914	卖盘
10:16:48	6.43	0.01	191	122813	买盘
10:16:45	6.42	-0.01	143	91806	卖盘
10:16:42	6.43	0.01	8	5144	买盘
10:16:39	6.42	-0.01	508	326136	卖盘
10:16:36	6.43	--	88	56584	买盘
10:16:33	6.43	0.01	12	7716	买盘
10:16:30	6.42	--	20	12840	卖盘
10:16:27	6.42	--	20	12840	卖盘
10:16:24	6.42	-0.01	143	91806	卖盘
10:16:21	6.43	0.01	4	2572	买盘
10:16:18	6.42	--	122	78324	卖盘
10:16:09	6.42	--	45	28890	卖盘
10:16:06	6.42	--	117	75114	卖盘
10:16:03	6.42	-0.01	194	124548	卖盘
10:16:00	6.43	--	135	86805	买盘
10:15:57	6.43	--	65	41795	买盘
10:15:54	6.43	--	42	27006	买盘
10:15:51	6.43	--	23	14789	买盘
10:15:48	6.43	--	3	1929	买盘
10:15:45	6.43	--	165	106095	买盘
10:15:42	6.43	--	4	2572	买盘
10:15:39	6.43	-0.01	190	122170	卖盘
10:15:33	6.44	--	9	5796	买盘
10:15:30	6.44	--	907	584108	买盘
10:15:27	6.44	--	23	14812	买盘
10:15:24	6.44	--	135	86940	买盘
10:15:21	6.44	--	63	40572	买盘
10:15:18	6.44	--	69	44436	买盘
10:15:15	6.44	--	8	5152	买盘
10:15:09	6.44	0.01	5	3220	买盘
10:15:06	6.43	--	206	132458	卖盘
10:15:03	6.43	-0.01	132	84876	卖盘
10:15:00	6.44	--	3	1932	买盘
10:14:57	6.44	--	30	19320	买盘
10:14:54	6.44	0.01	2	1288	买盘
10:14:51	6.43	--	1	643	卖盘
10:14:48	6.43	--	22	14146	卖盘
10:14:45	6.43	-0.01	128	82304	卖盘
10:14:42	6.44	--	53	34132	买盘
10:14:39	6.44	--	470	302680	买盘
10:14:30	6.44	--	545	350980	买盘
10:14:27	6.44	0.01	30	19320	买盘
10:14:24	6.43	--	127	81661	卖盘
10:14:21	6.43	-0.01	504	324072	卖盘
10:14:15	6.44	0.01	12	7728	买盘
10:14:09	6.43	--	300	192900	卖盘
10:14:06	6.43	--	47	30221	卖盘
10:14:03	6.43	--	173	111239	买盘
10:14:00	6.43	0.01	7	4501	买盘
10:13:57	6.42	-0.01	748	480241	卖盘
10:13:54	6.43	--	38	24434	卖盘
10:13:51	6.43	-0.01	49	31507	卖盘
10:13:48	6.44	0.01	115	74060	买盘
10:13:45	6.43	--	125	80375	卖盘
10:13:42	6.43	0.01	5	3215	中性盘
10:13:36	6.42	-0.01	415	266430	卖盘
10:13:33	6.43	--	82	53221	买盘
10:13:30	6.43	--	14	9002	买盘
10:13:27	6.43	--	13	8359	买盘
10:13:24	6.43	--	24	15579	卖盘
10:13:21	6.43	--	3	2424	买盘
10:13:18	6.43	--	40	25720	买盘
10:13:15	6.43	--	31	19933	买盘
10:13:12	6.43	--	45	28935	买盘
10:13:09	6.43	--	17	10931	买盘
10:13:03	6.43	--	14	9002	买盘
10:13:00	6.43	--	558	358941	卖盘
10:12:57	6.43	-0.01	544	349792	卖盘
10:12:54	6.44	--	23	14812	买盘
10:12:45	6.44	--	147	94668	买盘
10:12:42	6.44	0.01	4	2576	买盘
10:12:39	6.43	-0.01	35	22505	卖盘
10:12:36	6.44	--	436	280784	买盘
10:12:30	6.44	--	38	24472	买盘
10:12:27	6.44	--	23	14812	买盘
10:12:24	6.44	--	246	158424	买盘
10:12:21	6.44	--	19	12236	买盘
10:12:18	6.44	0.01	21	13524	买盘
10:12:15	6.43	--	2	1286	卖盘
10:12:09	6.43	-0.01	107	68801	卖盘
10:12:06	6.44	0.01	100	64400	买盘
10:12:03	6.43	-0.01	226	145318	卖盘
10:12:00	6.44	0.01	10	6440	买盘
10:11:57	6.43	--	75	48225	卖盘
10:11:51	6.43	0.01	129	83442	买盘
10:11:48	6.42	--	77	49434	卖盘
10:11:45	6.42	-0.01	123	78966	卖盘
10:11:42	6.43	--	8	5144	买盘
10:11:39	6.43	0.01	103	66229	买盘
10:11:36	6.42	--	439	281838	卖盘
10:11:33	6.42	-0.01	8	5136	卖盘
10:11:30	6.43	--	3	1929	买盘
10:11:27	6.43	--	47	30221	买盘
10:11:24	6.43	--	105	67515	买盘
10:11:21	6.43	--	392	252203	卖盘
10:11:15	6.43	0.01	173	111734	买盘
10:11:12	6.42	-0.01	215	138030	卖盘
10:11:09	6.43	--	7	4648	卖盘
10:11:06	6.43	--	447	287916	买盘
10:11:03	6.43	--	207	133101	买盘
10:11:00	6.43	--	502	322786	买盘
10:10:57	6.43	--	28	18004	买盘
10:10:54	6.43	--	296	190475	卖盘
10:10:51	6.43	-0.01	382	245626	卖盘
10:10:45	6.44	--	224	144256	买盘
10:10:42	6.44	--	105	67620	买盘
10:10:39	6.44	0.01	46	29624	买盘
10:10:33	6.43	-0.01	401	257843	卖盘
10:10:30	6.44	--	4	2576	买盘
10:10:27	6.44	--	26	16744	买盘
10:10:24	6.44	--	140	90160	买盘
10:10:21	6.44	0.01	27	17388	买盘
10:10:18	6.43	-0.01	40	25720	卖盘
10:10:15	6.44	--	9	5796	买盘
10:10:09	6.44	--	27	17388	买盘
10:10:06	6.44	--	10	6440	买盘
10:10:03	6.44	--	134	86296	买盘
10:10:00	6.44	--	100	64400	买盘
10:09:57	6.44	--	63	40572	买盘
10:09:54	6.44	--	10	6440	买盘
10:09:51	6.44	--	108	69552	买盘
10:09:48	6.44	0.01	129	83076	买盘
10:09:45	6.43	-0.01	137	88091	卖盘
10:09:42	6.44	--	3	1932	买盘
10:09:39	6.44	--	61	39284	买盘
10:09:36	6.44	--	78	50232	买盘
10:09:33	6.44	--	415	267260	买盘
10:09:27	6.44	0.01	58	37352	买盘
10:09:24	6.43	-0.01	126	81018	卖盘
10:09:21	6.44	0.01	104	67233	买盘
10:09:18	6.43	--	270	173847	买盘
10:09:15	6.43	--	37	23791	买盘
10:09:12	6.43	--	1	643	买盘
10:09:09	6.43	--	40	25720	卖盘
10:09:06	6.43	0.01	4	2572	中性盘
10:09:03	6.42	-0.01	684	439128	卖盘
10:09:00	6.43	--	407	261746	买盘
10:08:57	6.43	--	36	23148	买盘
10:08:54	6.43	--	7	4501	买盘
10:08:51	6.43	0.01	161	103818	买盘
10:08:48	6.42	--	18	11556	卖盘
10:08:45	6.42	--	140	89880	卖盘
10:08:42	6.42	--	4	2568	卖盘
10:08:39	6.42	--	359	230927	卖盘
10:08:36	6.42	--	16	10291	买盘
10:08:33	6.42	--	55	35310	买盘
10:08:30	6.42	-0.01	707	454195	卖盘
10:08:27	6.43	--	132	84876	买盘
10:08:24	6.43	--	143	91949	买盘
10:08:21	6.43	--	1763	1134232	买盘
10:08:18	6.43	0.01	12	7716	中性盘
10:08:15	6.42	--	141	90522	卖盘
10:08:12	6.42	--	600	385200	卖盘
10:08:09	6.42	-0.01	978	628055	卖盘
10:08:06	6.43	--	84	54012	买盘
10:08:03	6.43	--	581	373583	买盘
10:08:00	6.43	--	364	234180	买盘
10:07:57	6.43	--	14	9002	买盘
10:07:54	6.43	--	359	230837	买盘
10:07:51	6.43	0.01	290	186476	买盘
10:07:48	6.42	--	767	492414	卖盘
10:07:45	6.42	-0.01	125	80250	卖盘
10:07:42	6.43	0.01	3	1929	买盘
10:07:39	6.42	-0.01	424	272233	卖盘
10:07:36	6.43	0.01	140	90020	买盘
10:07:33	6.42	-0.01	32	20544	卖盘
10:07:30	6.43	-0.01	189	121527	中性盘
10:07:24	6.44	--	141	90804	买盘
10:07:21	6.44	--	4	2576	买盘
10:07:15	6.44	0.01	72	46368	买盘
10:07:12	6.43	--	6	3858	买盘
10:07:09	6.43	--	3	1929	买盘
10:07:06	6.43	--	17	10931	卖盘
10:07:03	6.43	-0.01	131	84233	卖盘
10:07:00	6.44	--	54	34776	买盘
10:06:57	6.44	0.01	31	19964	买盘
10:06:54	6.43	--	23	14789	卖盘
10:06:51	6.43	--	332	213476	卖盘
10:06:45	6.43	-0.01	161	103523	卖盘
10:06:42	6.44	--	3	1932	买盘
10:06:39	6.44	--	13	8372	买盘
10:06:36	6.44	--	1	644	买盘
10:06:30	6.44	-0.01	17	10948	卖盘
10:06:27	6.45	0.02	466	300570	买盘
10:06:24	6.43	-0.02	196	126028	卖盘
10:06:21	6.45	0.01	451	290895	买盘
10:06:15	6.44	0.01	27	17388	买盘
10:06:12	6.43	--	14	9002	卖盘
10:06:09	6.43	0.01	468	300924	买盘
10:06:06	6.42	-0.01	45	28890	卖盘
10:06:03	6.43	-0.01	180	115740	卖盘
10:06:00	6.44	-0.01	66	42504	买盘
10:05:57	6.45	--	454	292830	买盘
10:05:54	6.45	0.03	21	13545	买盘
10:05:48	6.42	-0.01	516	331272	卖盘
10:05:45	6.43	--	169	108667	买盘
10:05:42	6.43	--	17	10931	买盘
10:05:39	6.43	--	38	24434	买盘
10:05:36	6.43	--	79	50797	买盘
10:05:33	6.43	--	564	362652	买盘
10:05:30	6.43	0.01	26	16718	卖盘
10:05:27	6.42	-0.02	187	120054	卖盘
10:05:24	6.44	0.01	398	256312	买盘
10:05:21	6.43	--	142	91306	买盘
10:05:18	6.43	--	12	7716	买盘
10:05:15	6.43	--	713	458459	卖盘
10:05:12	6.43	-0.01	15	9645	卖盘
10:05:09	6.44	--	2	1288	买盘
10:05:06	6.44	0.01	126	81144	买盘
10:05:03	6.43	--	129	82947	卖盘
10:05:00	6.43	0.01	101	64943	中性盘
10:04:54	6.42	-0.01	137	87954	卖盘
10:04:51	6.43	0.01	17	10931	中性盘
10:04:48	6.42	-0.02	809	519378	卖盘
10:04:45	6.44	--	133	85652	买盘
10:04:42	6.44	0.01	10	6440	买盘
10:04:39	6.43	--	161	103523	卖盘
10:04:33	6.43	--	164	105471	买盘
10:04:30	6.43	0.01	1143	734949	买盘
10:04:27	6.42	-0.01	400	256800	卖盘
10:04:24	6.43	--	195	125385	买盘
10:04:21	6.43	--	59	37937	买盘
10:04:18	6.43	-0.02	390	251393	卖盘
10:04:15	6.45	0.01	1	645	买盘
10:04:12	6.44	0.01	19	12236	买盘
10:04:09	6.43	-0.01	110	70730	卖盘
10:04:06	6.44	--	3337	2149028	买盘
10:04:03	6.44	-0.01	49	31556	卖盘
10:04:00	6.45	--	4	2580	买盘
10:03:57	6.45	--	2	1290	买盘
10:03:54	6.45	--	2184	1408725	买盘
10:03:51	6.45	--	16	10320	买盘
10:03:48	6.45	--	78	50310	买盘
10:03:45	6.45	--	142	91590	买盘
10:03:42	6.45	--	4	2580	买盘
10:03:36	6.45	--	100	64500	买盘
10:03:33	6.45	--	6	3870	买盘
10:03:27	6.45	--	428	276143	买盘
10:03:24	6.45	-0.01	206	133179	卖盘
10:03:21	6.46	0.01	469	303309	买盘
10:03:18	6.45	--	40	25800	买盘
10:03:15	6.45	0.01	12	7740	买盘
10:03:12	6.44	-0.01	900	579600	卖盘
10:03:09	6.45	-0.01	942	607848	卖盘
10:03:06	6.46	--	45	29070	卖盘
10:03:03	6.46	--	132	85272	卖盘
10:02:57	6.46	--	1	646	卖盘
10:02:54	6.46	--	300	193800	卖盘
10:02:51	6.46	--	76	49483	买盘
10:02:48	6.46	0.01	59	38114	买盘
10:02:45	6.45	-0.01	224	144480	卖盘
10:02:42	6.46	--	29	18734	买盘
10:02:39	6.46	0.01	14	9044	买盘
10:02:36	6.45	--	6	3870	卖盘
10:02:33	6.45	0.01	10	6450	卖盘
10:02:30	6.44	--	23	14812	卖盘
10:02:27	6.44	--	342	220248	卖盘
10:02:24	6.44	-0.01	1214	782331	卖盘
10:02:21	6.45	--	12	7740	买盘
10:02:18	6.45	0.01	7	4515	买盘
10:02:15	6.44	--	100	64400	卖盘
10:02:12	6.44	--	90	57960	卖盘
10:02:06	6.44	-0.01	65	41860	卖盘
10:02:03	6.45	--	184	118680	买盘
10:01:54	6.45	0.01	709	457305	买盘
10:01:51	6.44	0.01	115	74060	买盘
10:01:48	6.43	--	45	28935	卖盘
10:01:45	6.43	-0.02	140	90020	卖盘
10:01:42	6.45	--	10	6450	买盘
10:01:39	6.45	--	18	11610	买盘
10:01:36	6.45	0.01	813	524385	买盘
10:01:30	6.44	--	25	16100	买盘
10:01:27	6.44	--	50	32200	买盘
10:01:24	6.44	-0.01	268	172720	卖盘
10:01:21	6.45	0.01	7	4515	买盘
10:01:15	6.44	-0.01	312	200928	卖盘
10:01:12	6.45	--	11	7095	卖盘
10:01:09	6.45	--	5	3225	卖盘
10:01:06	6.45	--	301	194145	卖盘
10:01:03	6.45	--	371	239295	卖盘
10:01:00	6.45	--	150	96750	卖盘
10:00:57	6.45	-0.01	3	1935	卖盘
10:00:54	6.46	0.02	259	167830	买盘
10:00:51	6.44	-0.01	1359	875324	卖盘
10:00:48	6.45	0.01	81	52245	买盘
10:00:45	6.44	-0.01	381	245364	卖盘
10:00:42	6.45	--	12	7740	买盘
10:00:39	6.45	--	49	31605	买盘
10:00:36	6.45	--	38	24510	买盘
10:00:33	6.45	--	121	78045	买盘
10:00:30	6.45	--	23	14835	买盘
10:00:27	6.45	--	68	43860	买盘
10:00:24	6.45	-0.01	74	47730	卖盘
10:00:18	6.46	--	116	74936	买盘
10:00:15	6.46	--	1	646	买盘
10:00:12	6.46	0.01	20	12920	买盘
10:00:09	6.45	--	28	18060	买盘
10:00:06	6.45	--	50	32250	买盘
10:00:03	6.45	-0.01	67	43215	卖盘
10:00:00	6.46	--	4	2584	买盘
09:59:57	6.46	--	480	310080	买盘
09:59:54	6.46	0.01	152	98192	买盘
09:59:51	6.45	--	120	77400	卖盘
09:59:48	6.45	--	183	118035	买盘
09:59:45	6.45	--	138	89010	买盘
09:59:42	6.45	--	31	19995	买盘
09:59:39	6.45	--	39	25155	买盘
09:59:36	6.45	--	49	31605	买盘
09:59:33	6.45	--	10	6450	买盘
09:59:30	6.45	--	30	19350	买盘
09:59:27	6.45	--	116	74820	买盘
09:59:24	6.45	-0.01	184	118680	中性盘
09:59:21	6.46	0.01	30	19380	买盘
09:59:18	6.45	-0.01	306	197370	卖盘
09:59:15	6.46	--	80	51680	买盘
09:59:06	6.46	0.01	14	9044	买盘
09:59:03	6.45	--	127	81915	卖盘
09:59:00	6.45	--	261	168345	卖盘
09:58:57	6.45	--	20	12900	卖盘
09:58:54	6.45	--	32	20640	卖盘
09:58:48	6.45	--	255	164475	买盘
09:58:45	6.45	--	151	97395	买盘
09:58:42	6.45	--	31	19995	买盘
09:58:39	6.45	--	15	9675	买盘
09:58:33	6.45	--	53	34185	买盘
09:58:30	6.45	--	50	32250	买盘
09:58:27	6.45	--	2	1290	买盘
09:58:24	6.45	--	61	39345	买盘
09:58:21	6.45	--	167	107715	卖盘
09:58:18	6.45	--	52	33540	卖盘
09:58:15	6.45	--	44	28380	卖盘
09:58:12	6.45	--	28	18060	卖盘
09:58:09	6.45	--	20	12900	卖盘
09:58:06	6.45	0.01	36	23220	中性盘
09:58:03	6.44	-0.02	190	122360	卖盘
09:58:00	6.46	0.02	101	65246	买盘
09:57:57	6.44	--	33	21252	卖盘
09:57:54	6.44	--	202	130603	买盘
09:57:51	6.44	0.01	37	23828	买盘
09:57:48	6.43	-0.01	32	20576	卖盘
09:57:45	6.44	-0.01	361	232612	卖盘
09:57:42	6.45	--	20	12900	买盘
09:57:39	6.45	0.01	13	8385	卖盘
09:57:36	6.44	-0.01	554	356776	卖盘
09:57:33	6.45	--	509	328305	买盘
09:57:30	6.45	0.01	2	1290	买盘
09:57:27	6.44	-0.01	500	322000	卖盘
09:57:24	6.45	--	48	30960	买盘
09:57:21	6.45	0.01	59	38055	卖盘
09:57:15	6.44	--	38	24472	卖盘
09:57:12	6.44	-0.01	1001	644644	卖盘
09:57:09	6.45	0.01	54	34830	买盘
09:57:06	6.44	--	0	515	卖盘
09:57:03	6.44	--	147	94668	卖盘
09:57:00	6.44	-0.01	54	34776	卖盘
09:56:54	6.45	--	23	14835	买盘
09:56:51	6.45	0.01	413	266385	买盘
09:56:48	6.44	-0.01	26	16744	卖盘
09:56:45	6.45	--	325	209625	买盘
09:56:39	6.45	0.01	82	52890	买盘
09:56:36	6.44	-0.01	49	31556	卖盘
09:56:33	6.45	--	413	266385	买盘
09:56:30	6.45	--	27	17415	买盘
09:56:27	6.45	-0.01	384	247680	卖盘
09:56:24	6.46	0.01	144	93024	买盘
09:56:21	6.45	-0.01	10	6450	卖盘
09:56:18	6.46	--	45	29070	卖盘
09:56:12	6.46	-0.01	5	3230	中性盘
09:56:09	6.47	--	45	29115	买盘
09:56:06	6.47	0.02	54	34938	买盘
09:56:03	6.45	-0.01	136	87720	卖盘
09:56:00	6.46	--	269	173774	买盘
09:55:57	6.46	--	9	5814	买盘
09:55:54	6.46	--	99	63954	买盘
09:55:51	6.46	0.01	15	9690	买盘
09:55:48	6.45	--	520	335400	卖盘
09:55:45	6.45	0.01	300	193500	中性盘
09:55:42	6.44	-0.02	156	100464	卖盘
09:55:39	6.46	0.01	26	16796	买盘
09:55:36	6.45	-0.01	2	1290	中性盘
09:55:33	6.46	0.01	64	41344	买盘
09:55:30	6.45	--	135	87075	卖盘
09:55:27	6.45	--	1	645	卖盘
09:55:24	6.45	0.01	374	241230	买盘
09:55:21	6.44	-0.01	85	54740	卖盘
09:55:18	6.45	0.01	585	377325	买盘
09:55:15	6.44	-0.01	64	41216	卖盘
09:55:12	6.45	0.01	31	19995	买盘
09:55:03	6.44	--	153	98532	卖盘
09:55:00	6.44	--	410	264059	买盘
09:54:57	6.44	--	35	22540	买盘
09:54:54	6.44	0.01	838	539672	买盘
09:54:51	6.43	--	5	3215	卖盘
09:54:48	6.43	-0.01	48	30864	卖盘
09:54:45	6.44	0.01	148	95312	买盘
09:54:42	6.43	-0.01	129	82947	卖盘
09:54:39	6.44	--	555	357420	买盘
09:54:36	6.44	0.01	45	28980	买盘
09:54:33	6.43	--	6	3858	卖盘
09:54:30	6.43	--	11	7073	卖盘
09:54:27	6.43	-0.01	10	6430	卖盘
09:54:24	6.44	--	174	112056	买盘
09:54:18	6.44	0.01	1484	956018	买盘
09:54:15	6.43	--	141	90663	买盘
09:54:12	6.43	--	75	48225	买盘
09:54:09	6.43	--	274	176182	买盘
09:54:06	6.43	--	123	79089	卖盘
09:54:03	6.43	-0.01	125	80375	中性盘
09:53:57	6.44	0.01	273	175812	买盘
09:53:54	6.43	--	37	23791	买盘
09:53:51	6.43	--	55	35365	买盘
09:53:48	6.43	0.01	20	12860	买盘
09:53:45	6.42	--	46	29532	卖盘
09:53:42	6.42	-0.02	100	64200	卖盘
09:53:39	6.44	0.01	23	14812	买盘
09:53:36	6.43	--	213	136959	卖盘
09:53:30	6.43	0.01	289	185827	中性盘
09:53:27	6.42	-0.01	2003	1285926	卖盘
09:53:24	6.43	--	377	242411	买盘
09:53:21	6.43	-0.01	737	473891	卖盘
09:53:18	6.44	0.01	447	287868	买盘
09:53:15	6.43	-0.01	341	219263	卖盘
09:53:12	6.44	--	323	208012	买盘
09:53:09	6.44	--	243	156492	买盘
09:53:06	6.44	0.01	123	79212	买盘
09:53:03	6.43	-0.01	220	141460	卖盘
09:53:00	6.44	--	453	291732	买盘
09:52:57	6.44	-0.02	468	301392	卖盘
09:52:54	6.46	0.01	360	232560	买盘
09:52:48	6.45	--	1540	993300	卖盘
09:52:45	6.45	--	11	7095	卖盘
09:52:42	6.45	--	310	199950	买盘
09:52:39	6.45	--	123	79335	买盘
09:52:36	6.45	--	42	27090	买盘
09:52:33	6.45	--	61	39345	买盘
09:52:30	6.45	--	6	3870	买盘
09:52:27	6.45	--	211	136095	买盘
09:52:24	6.45	0.01	55	35475	买盘
09:52:21	6.44	--	50	32200	卖盘
09:52:18	6.44	--	67	43148	卖盘
09:52:15	6.44	-0.01	420	270480	卖盘
09:52:12	6.45	0.01	177	114165	买盘
09:52:09	6.44	--	132	85008	卖盘
09:52:06	6.44	--	344	221536	卖盘
09:52:03	6.44	--	31	19964	卖盘
09:52:00	6.44	-0.01	10	6440	卖盘
09:51:57	6.45	--	110	70950	买盘
09:51:54	6.45	--	32	20640	买盘
09:51:51	6.45	--	21	13545	买盘
09:51:48	6.45	--	320	206400	买盘
09:51:45	6.45	--	260	167700	卖盘
09:51:42	6.45	--	305	196725	卖盘
09:51:39	6.45	--	8	5160	卖盘
09:51:36	6.45	--	49	31605	卖盘
09:51:33	6.45	0.01	25	16125	中性盘
09:51:30	6.44	-0.02	1136	731906	卖盘
09:51:27	6.46	--	96	62016	买盘
09:51:24	6.46	0.01	58	37468	买盘
09:51:21	6.45	0.01	54	34830	卖盘
09:51:18	6.44	-0.01	2240	1442560	卖盘
09:51:15	6.45	-0.02	38	24510	卖盘
09:51:12	6.47	0.01	1	647	买盘
09:51:09	6.46	-0.01	61	39406	卖盘
09:51:06	6.47	0.02	86	55642	买盘
09:51:03	6.45	-0.02	3993	2575942	卖盘
09:50:57	6.47	--	46	29762	卖盘
09:50:54	6.47	--	755	488485	卖盘
09:50:51	6.47	--	94	60818	卖盘
09:50:48	6.47	--	155	100285	卖盘
09:50:45	6.47	--	14	9058	卖盘
09:50:42	6.47	--	23	14881	卖盘
09:50:39	6.47	--	4	2588	买盘
09:50:36	6.47	0.01	22	14234	中性盘
09:50:33	6.46	-0.01	207	133722	卖盘
09:50:30	6.47	--	5	3235	卖盘
09:50:27	6.47	-0.01	137	88639	卖盘
09:50:24	6.48	0.02	38	24624	买盘
09:50:21	6.46	-0.01	176	113696	卖盘
09:50:18	6.47	0.01	29	18763	买盘
09:50:15	6.46	--	100	64600	卖盘
09:50:12	6.46	--	625	403750	卖盘
09:50:09	6.46	-0.01	150	96900	卖盘
09:50:06	6.47	--	15	9705	买盘
09:50:03	6.47	--	91	58877	买盘
09:50:00	6.47	--	292	188924	卖盘
09:49:57	6.47	-0.01	100	64700	卖盘
09:49:54	6.48	0.01	32	20736	买盘
09:49:51	6.47	-0.01	15	9705	卖盘
09:49:48	6.48	--	96	62208	买盘
09:49:45	6.48	--	2	1296	买盘
09:49:42	6.48	0.01	7	4536	买盘
09:49:39	6.47	-0.01	86	55642	卖盘
09:49:36	6.48	0.01	101	65448	买盘
09:49:33	6.47	--	22	14234	卖盘
09:49:30	6.47	--	1	647	中性盘
09:49:27	6.47	-0.01	17	10999	卖盘
09:49:24	6.48	0.02	4	2592	买盘
09:49:21	6.46	--	55	35530	买盘
09:49:18	6.46	-0.02	442	285532	卖盘
09:49:15	6.48	--	18	11664	买盘
09:49:12	6.48	-0.01	145	93960	卖盘
09:49:09	6.49	0.01	26	16874	买盘
09:49:06	6.48	-0.01	20	12960	卖盘
09:49:03	6.49	0.01	4885	3170365	买盘
09:49:00	6.48	--	302	195696	卖盘
09:48:57	6.48	-0.01	107	69336	卖盘
09:48:54	6.49	0.01	50	32450	买盘
09:48:51	6.48	-0.01	475	307800	卖盘
09:48:48	6.49	--	30	19470	买盘
09:48:45	6.49	0.01	75	48675	买盘
09:48:42	6.48	--	205	132840	卖盘
09:48:39	6.48	0.01	88	57024	买盘
09:48:36	6.47	-0.01	269	174043	卖盘
09:48:33	6.48	--	45	29160	卖盘
09:48:30	6.48	--	33	21384	卖盘
09:48:27	6.48	0.01	42	27403	买盘
09:48:24	6.47	-0.01	250	161750	卖盘
09:48:21	6.48	--	33	21384	买盘
09:48:18	6.48	0.01	30	19440	买盘
09:48:15	6.47	--	568	367496	卖盘
09:48:12	6.47	--	418	270446	卖盘
09:48:09	6.47	-0.01	332	214804	卖盘
09:48:06	6.48	0.01	59	38232	买盘
09:48:03	6.47	--	455	294385	买盘
09:48:00	6.47	0.01	299	193453	卖盘
09:47:57	6.46	-0.02	639	412794	卖盘
09:47:54	6.48	0.02	120	77760	买盘
09:47:48	6.46	-0.01	400	258400	卖盘
09:47:45	6.47	--	46	29762	买盘
09:47:42	6.47	--	293	189571	买盘
09:47:39	6.47	--	73	47231	买盘
09:47:36	6.47	--	17	10999	买盘
09:47:33	6.47	--	140	90580	买盘
09:47:30	6.47	-0.01	1142	739333	卖盘
09:47:27	6.48	--	259	167832	买盘
09:47:24	6.48	--	665	430920	买盘
09:47:21	6.48	--	73	47304	买盘
09:47:18	6.48	--	27	17496	买盘
09:47:15	6.48	--	68	44064	买盘
09:47:12	6.48	0.01	197	127656	买盘
09:47:09	6.47	-0.01	114	73758	卖盘
09:47:03	6.48	0.01	47	30456	中性盘
09:47:00	6.47	-0.01	511	330804	卖盘
09:46:57	6.48	--	44	28512	买盘
09:46:54	6.48	--	137	88776	买盘
09:46:48	6.48	-0.01	411	266788	卖盘
09:46:45	6.49	0.01	206	133882	买盘
09:46:42	6.48	-0.01	249	161812	卖盘
09:46:39	6.49	0.01	895	580855	买盘
09:46:36	6.48	-0.01	1121	726408	卖盘
09:46:33	6.49	--	2	1298	买盘
09:46:30	6.49	0.01	67	43483	买盘
09:46:27	6.48	--	53	34344	卖盘
09:46:24	6.48	-0.01	164	106272	卖盘
09:46:21	6.49	0.01	215	139535	买盘
09:46:18	6.48	-0.01	400	259200	卖盘
09:46:15	6.49	0.01	104	67496	中性盘
09:46:09	6.48	-0.01	672	435456	卖盘
09:46:06	6.49	--	130	84370	买盘
09:46:03	6.49	0.01	139	90211	中性盘
09:46:00	6.48	-0.02	667	432403	卖盘
09:45:57	6.5	--	330	214500	买盘
09:45:54	6.5	--	215	139750	买盘
09:45:51	6.5	--	125	81250	买盘
09:45:48	6.5	--	107	69550	买盘
09:45:45	6.5	--	122	79300	买盘
09:45:42	6.5	--	123	79950	买盘
09:45:39	6.5	--	5294	3441100	买盘
09:45:36	6.5	--	74	48100	买盘
09:45:33	6.5	--	22	14300	买盘
09:45:30	6.5	0.01	713	463450	买盘
09:45:27	6.49	-0.01	162	105138	卖盘
09:45:24	6.5	--	56	36400	买盘
09:45:21	6.5	--	170	110500	买盘
09:45:18	6.5	0.01	4	2600	买盘
09:45:15	6.49	--	335	217415	卖盘
09:45:12	6.49	--	31	20119	卖盘
09:45:09	6.49	--	700	454300	卖盘
09:45:06	6.49	--	190	123310	买盘
09:45:03	6.49	0.01	567	367983	买盘
09:45:00	6.48	--	29	18792	卖盘
09:44:57	6.48	-0.01	276	178848	卖盘
09:44:54	6.49	-0.01	106	68794	卖盘
09:44:51	6.5	0.01	64	41600	买盘
09:44:48	6.49	--	51	33099	卖盘
09:44:45	6.49	-0.01	153	99297	中性盘
09:44:42	6.5	--	790	513500	买盘
09:44:39	6.5	--	44	28600	买盘
09:44:36	6.5	0.01	394	256100	买盘
09:44:33	6.49	--	283	183667	卖盘
09:44:27	6.49	--	44	28556	卖盘
09:44:24	6.49	-0.01	147	95403	卖盘
09:44:21	6.5	--	65	42250	买盘
09:44:18	6.5	--	48	31200	买盘
09:44:15	6.5	-0.02	7032	4570800	卖盘
09:44:12	6.52	-0.01	62	40424	卖盘
09:44:09	6.53	0.01	1	653	买盘
09:44:06	6.52	-0.01	910	593320	卖盘
09:44:03	6.53	--	106	69218	买盘
09:44:00	6.53	--	57	37221	买盘
09:43:57	6.53	--	55	35915	买盘
09:43:54	6.53	--	36	23508	买盘
09:43:51	6.53	--	3	1959	买盘
09:43:48	6.53	--	608	397024	卖盘
09:43:45	6.53	--	49	31997	卖盘
09:43:42	6.53	--	389	254017	卖盘
09:43:39	6.53	-0.01	9	5877	卖盘
09:43:36	6.54	--	81	52974	买盘
09:43:33	6.54	0.01	6	3924	买盘
09:43:30	6.53	-0.01	258	168474	卖盘
09:43:27	6.54	--	30	19620	买盘
09:43:24	6.54	--	21	13734	买盘
09:43:21	6.54	--	9	5886	买盘
09:43:18	6.54	--	136	88944	买盘
09:43:15	6.54	--	254	166116	买盘
09:43:12	6.54	0.01	5	3270	买盘
09:43:09	6.53	-0.01	96	62688	卖盘
09:43:06	6.54	--	490	320460	买盘
09:43:03	6.54	--	10	6540	买盘
09:43:00	6.54	--	280	183120	买盘
09:42:57	6.54	--	15	9810	买盘
09:42:54	6.54	--	76	49704	买盘
09:42:51	6.54	--	503	328962	卖盘
09:42:48	6.54	-0.01	37	24198	卖盘
09:42:45	6.55	0.01	118	77290	买盘
09:42:42	6.54	--	315	206010	卖盘
09:42:39	6.54	-0.03	114	74556	卖盘
09:42:36	6.57	0.02	248	162936	买盘
09:42:33	6.55	--	86	56330	买盘
09:42:30	6.55	--	123	80565	卖盘
09:42:27	6.55	-0.02	60	39300	卖盘
09:42:24	6.57	0.02	61	40077	买盘
09:42:21	6.55	--	57	37335	卖盘
09:42:18	6.55	--	20	13100	卖盘
09:42:12	6.55	--	200	131000	卖盘
09:42:06	6.55	-0.01	402	263310	卖盘
09:42:03	6.56	-0.01	2	1312	中性盘
09:41:57	6.57	--	49	32193	买盘
09:41:54	6.57	--	33	21681	买盘
09:41:45	6.57	0.02	37	24309	买盘
09:41:42	6.55	-0.02	5	3275	卖盘
09:41:39	6.57	0.02	38	24966	买盘
09:41:36	6.55	-0.02	4	2620	卖盘
09:41:33	6.57	--	75	49275	买盘
09:41:27	6.57	--	51	33507	买盘
09:41:24	6.57	--	28	18396	买盘
09:41:21	6.57	--	7	4599	买盘
09:41:09	6.57	0.02	1000	657000	买盘
09:41:06	6.55	--	128	83840	卖盘
09:41:03	6.55	--	138	90390	卖盘
09:40:57	6.55	--	110	72050	卖盘
09:40:54	6.55	-0.02	21	13755	卖盘
09:40:51	6.57	0.02	200	131400	买盘
09:40:48	6.55	-0.02	1	655	中性盘
09:40:45	6.57	0.03	1	657	买盘
09:40:42	6.54	-0.03	5	3270	卖盘
09:40:36	6.57	0.03	100	65700	买盘
09:40:33	6.54	-0.03	241	157614	卖盘
09:40:30	6.57	--	3	1971	买盘
09:40:27	6.57	0.04	304	199728	中性盘
09:40:24	6.53	-0.05	45	29385	卖盘
09:40:21	6.58	0.05	1	658	买盘
09:40:18	6.53	-0.05	221	144313	卖盘
09:40:15	6.58	--	8	5264	买盘
09:40:12	6.58	0.05	18	11844	买盘
09:40:06	6.53	-0.04	2230	1456190	卖盘
09:40:03	6.57	-0.01	400	262800	卖盘
09:39:54	6.58	0.01	222	146076	买盘
09:39:51	6.57	-0.01	93	61101	卖盘
