成交时间	成交价	价格变动	成交量(手)	成交额(元)	性质
15:00:03	38.99	--	801	3123099	卖盘
14:57:00	38.99	-0.01	1	3899	卖盘
14:56:57	39.0	--	5	19500	买盘
14:56:54	39.0	0.01	9	35100	中性盘
14:56:51	38.99	-0.02	30	116970	卖盘
14:56:48	39.01	0.01	2	7802	买盘
14:56:42	39.0	0.01	39	153426	买盘
14:56:39	38.99	-0.01	63	245637	卖盘
14:56:36	39.0	0.01	175	682500	买盘
14:56:33	38.99	--	20	77980	卖盘
14:56:30	38.99	-0.01	21	81879	卖盘
14:56:27	39.0	0.01	111	432900	买盘
14:56:24	38.99	--	15	58485	卖盘
14:56:21	38.99	--	20	77980	买盘
14:56:18	38.99	--	144	561456	买盘
14:56:15	38.99	0.01	25	97475	买盘
14:56:12	38.98	-0.01	2	7795	卖盘
14:56:09	38.99	-0.01	2	7798	中性盘
14:56:03	39.0	--	51	198900	买盘
14:56:00	39.0	0.01	71	276900	买盘
14:55:54	38.99	0.02	15	58485	买盘
14:55:51	38.97	--	73	284481	买盘
14:55:48	38.97	0.01	3	11691	买盘
14:55:45	38.96	-0.03	3	11688	卖盘
14:55:42	38.99	--	2	7798	卖盘
14:55:39	38.99	0.03	27	105273	买盘
14:55:36	38.96	-0.01	44	171424	卖盘
14:55:33	38.97	0.01	3	11691	中性盘
14:55:30	38.96	0.01	2	7792	卖盘
14:55:27	38.95	-0.01	64	249280	卖盘
14:55:24	38.96	--	6	23376	买盘
14:55:21	38.96	-0.01	19	74024	卖盘
14:55:18	38.97	--	23	89631	买盘
14:55:15	38.97	--	3	11691	买盘
14:55:12	38.97	--	17	66249	买盘
14:55:09	38.97	--	5	19485	买盘
14:55:06	38.97	-0.01	71	276687	卖盘
14:55:03	38.98	--	4	15591	买盘
14:55:00	38.98	--	1	3897	买盘
14:54:57	38.98	--	13	50673	买盘
14:54:54	38.98	--	25	97449	买盘
14:54:51	38.98	-0.01	147	573006	卖盘
14:54:48	38.99	-0.01	11	42889	中性盘
14:54:45	39.0	0.01	20	78000	买盘
14:54:42	38.99	--	39	152061	买盘
14:54:39	38.99	-0.01	55	214445	卖盘
14:54:33	39.0	0.01	19	74100	买盘
14:54:30	38.99	-0.01	14	54586	卖盘
14:54:27	39.0	0.01	4	15600	买盘
14:54:24	38.99	-0.01	7	27293	卖盘
14:54:21	39.0	--	20	78000	买盘
14:54:18	39.0	--	5	19500	买盘
14:54:15	39.0	-0.01	4	18174	卖盘
14:54:09	39.01	--	3	11703	买盘
14:54:06	39.01	0.03	7	28633	买盘
14:54:03	38.98	-0.02	5	22062	卖盘
14:54:00	39.0	0.01	54	211926	买盘
14:53:57	38.99	--	30	116970	买盘
14:53:54	38.99	-0.01	65	253435	卖盘
14:53:51	39.0	--	14	54600	买盘
14:53:45	39.0	--	3	11700	买盘
14:53:39	39.0	--	1	3900	买盘
14:53:36	39.0	-0.01	23	92274	卖盘
14:53:33	39.01	0.01	3	11703	买盘
14:53:30	39.0	--	12	46800	卖盘
14:53:27	39.0	--	6	23400	卖盘
14:53:24	39.0	--	47	183300	卖盘
14:53:21	39.0	--	0	1326	买盘
14:53:18	39.0	--	13	53274	卖盘
14:53:15	39.0	--	5	19500	卖盘
14:53:12	39.0	--	1	5226	买盘
14:53:09	39.0	--	42	163800	买盘
14:53:06	39.0	--	125	487500	卖盘
14:53:03	39.0	--	87	339300	卖盘
14:53:00	39.0	--	66	257400	卖盘
14:52:57	39.0	-0.01	52	202800	卖盘
14:52:51	39.01	--	8	31208	买盘
14:52:48	39.01	--	5	19505	买盘
14:52:45	39.01	--	98	382298	卖盘
14:52:42	39.01	-0.01	5	19505	卖盘
14:52:39	39.02	--	2	7804	买盘
14:52:36	39.02	--	23	89746	买盘
14:52:33	39.02	--	21	81942	卖盘
14:52:30	39.02	--	22	85844	卖盘
14:52:27	39.02	--	10	39020	卖盘
14:52:21	39.02	0.01	120	468240	买盘
14:52:18	39.01	--	28	109228	卖盘
14:52:15	39.01	-0.01	10	39010	卖盘
14:52:12	39.02	--	5	19510	买盘
14:52:09	39.02	-0.01	14	54628	卖盘
14:52:03	39.03	--	7	27321	买盘
14:52:00	39.03	-0.01	29	113187	卖盘
14:51:54	39.04	--	40	156160	卖盘
14:51:51	39.04	--	3	11712	卖盘
14:51:48	39.04	--	14	54656	卖盘
14:51:45	39.04	-0.01	21	81984	卖盘
14:51:39	39.05	0.01	2	7809	买盘
14:51:36	39.04	-0.01	1	3904	中性盘
14:51:30	39.05	--	6	23430	买盘
14:51:27	39.05	--	3	11715	买盘
14:51:24	39.05	--	11	42955	买盘
14:51:18	39.05	--	1	3904	买盘
14:51:12	39.05	--	1	5232	卖盘
14:51:06	39.05	0.01	8	33817	买盘
14:51:00	39.04	--	4	15616	卖盘
14:50:57	39.04	-0.01	5	19520	卖盘
14:50:54	39.05	--	2	7809	买盘
14:50:51	39.05	--	11	44282	卖盘
14:50:48	39.05	--	16	62479	卖盘
14:50:42	39.05	--	2	7809	卖盘
14:50:39	39.05	--	9	37722	卖盘
14:50:27	39.05	-0.01	62	242109	卖盘
14:50:18	39.06	-0.01	22	85932	卖盘
14:50:15	39.07	-0.01	17	66419	卖盘
14:50:12	39.08	0.01	7	27356	买盘
14:50:09	39.07	-0.01	6	23442	卖盘
14:50:06	39.08	--	1	3908	买盘
14:50:03	39.08	--	28	109424	买盘
14:50:00	39.08	-0.01	93	363444	卖盘
14:49:57	39.09	--	1	3909	卖盘
14:49:51	39.09	0.01	4	15636	中性盘
14:49:48	39.08	-0.01	1	3908	卖盘
14:49:45	39.09	--	1	3909	买盘
14:49:42	39.09	0.01	1	3909	中性盘
14:49:36	39.08	--	4	15632	买盘
14:49:33	39.08	--	6	23448	买盘
14:49:30	39.08	--	1	3908	买盘
14:49:27	39.08	-0.02	4	15632	卖盘
14:49:24	39.1	0.03	133	520030	买盘
14:49:18	39.07	--	20	78140	卖盘
14:49:15	39.07	--	15	58605	卖盘
14:49:12	39.07	--	1	3907	卖盘
14:49:06	39.07	--	19	74233	卖盘
14:49:03	39.07	--	7	27349	卖盘
14:48:57	39.07	--	3	11721	卖盘
14:48:51	39.07	--	19	74233	买盘
14:48:45	39.07	--	16	62512	买盘
14:48:42	39.07	--	1	3907	买盘
14:48:39	39.07	--	1	3907	买盘
14:48:33	39.07	-0.02	25	97675	卖盘
14:48:30	39.09	0.02	1	3909	买盘
14:48:21	39.07	-0.01	6	23442	卖盘
14:48:18	39.08	--	8	31264	卖盘
14:48:15	39.08	0.01	26	101608	买盘
14:48:00	39.07	0.01	3	11721	买盘
14:47:57	39.06	-0.01	2	7812	卖盘
14:47:54	39.07	-0.01	1	3907	卖盘
14:47:48	39.08	0.02	1	3908	买盘
14:47:30	39.06	--	5	19530	卖盘
14:47:27	39.06	--	17	66402	卖盘
14:47:24	39.06	0.01	6	23436	卖盘
14:47:00	39.05	-0.01	20	78100	卖盘
14:46:57	39.06	--	7	27342	买盘
14:46:54	39.06	0.01	1	3906	买盘
14:46:48	39.05	-0.01	6	23430	卖盘
14:46:33	39.06	0.02	2	7812	买盘
14:46:30	39.04	-0.01	15	58560	卖盘
14:46:27	39.05	--	2	7809	买盘
14:46:24	39.05	0.01	44	171820	买盘
14:46:21	39.04	--	6	23424	卖盘
14:46:18	39.04	-0.01	6	23424	卖盘
14:46:15	39.05	0.01	8	31239	买盘
14:46:12	39.04	0.01	32	124928	卖盘
14:46:03	39.03	-0.01	5	19515	卖盘
14:46:00	39.04	--	1	3904	买盘
14:45:54	39.04	--	6	23424	买盘
14:45:48	39.04	-0.01	16	62464	卖盘
14:45:42	39.05	--	9	35145	买盘
14:45:39	39.05	--	1	3904	买盘
14:45:33	39.05	0.01	135	527175	买盘
14:45:30	39.04	-0.01	12	46848	卖盘
14:45:24	39.05	0.01	104	406119	买盘
14:45:21	39.04	0.01	24	93696	中性盘
14:45:18	39.03	-0.02	11	42933	卖盘
14:45:09	39.05	--	2	7809	买盘
14:45:06	39.05	--	4	15619	买盘
14:44:51	39.05	0.03	3	11715	买盘
14:44:48	39.02	-0.01	10	39020	卖盘
14:44:42	39.03	--	51	199053	卖盘
14:44:39	39.03	--	4	15612	卖盘
14:44:27	39.03	--	1	3903	卖盘
14:44:24	39.03	--	1	3903	卖盘
14:44:21	39.03	--	10	39030	卖盘
14:44:18	39.03	0.01	11	42933	买盘
14:44:09	39.02	--	9	35118	卖盘
14:44:00	39.02	--	14	54628	买盘
14:43:57	39.02	--	5	19510	买盘
14:43:54	39.02	0.01	2	7804	买盘
14:43:48	39.01	-0.02	3	11703	中性盘
14:43:33	39.03	0.02	48	187344	买盘
14:43:30	39.01	--	6	23406	买盘
14:43:27	39.01	0.01	1	3901	买盘
14:43:24	39.0	--	3	11700	卖盘
14:43:21	39.0	--	6	23400	卖盘
14:43:12	39.0	--	1	3900	卖盘
14:43:09	39.0	--	100	390000	卖盘
14:43:03	39.0	-0.01	150	585000	卖盘
14:43:00	39.01	--	2	7802	卖盘
14:42:54	39.01	--	37	144337	卖盘
14:42:45	39.01	-0.01	3	11703	卖盘
14:42:42	39.02	0.01	6	23412	买盘
14:42:39	39.01	-0.04	11	42911	卖盘
14:42:36	39.05	0.03	14	54669	买盘
14:42:33	39.02	-0.01	2	7804	卖盘
14:42:27	39.03	-0.02	5	19515	卖盘
14:42:24	39.05	--	42	164010	买盘
14:42:18	39.05	0.03	3	11715	买盘
14:42:15	39.02	-0.03	17	66334	卖盘
14:42:12	39.05	--	1	3904	买盘
14:42:09	39.05	0.03	1	3904	买盘
14:42:06	39.02	-0.03	5	19510	卖盘
14:42:00	39.05	--	3	11715	买盘
14:41:54	39.05	--	1	3904	买盘
14:41:36	39.05	-0.01	14	54669	中性盘
14:41:30	39.06	0.01	47	183582	买盘
14:41:18	39.05	-0.01	10	39050	卖盘
14:41:12	39.06	0.01	6	23436	买盘
14:41:06	39.05	-0.01	5	19525	卖盘
14:41:03	39.06	--	5	19530	买盘
14:41:00	39.06	0.01	14	54684	买盘
14:40:57	39.05	-0.01	1	3904	卖盘
14:40:54	39.06	0.01	10	39060	买盘
14:40:48	39.05	-0.01	1	3904	中性盘
14:40:36	39.06	0.05	100	390600	买盘
14:40:33	39.01	-0.04	3	11703	卖盘
14:40:30	39.05	0.04	11	42955	买盘
14:40:24	39.01	0.01	3	11703	买盘
14:40:21	39.0	-0.01	10	39000	卖盘
14:40:15	39.01	0.01	70	273070	买盘
14:40:12	39.0	-0.01	1	3900	卖盘
14:40:09	39.01	--	14	54614	买盘
14:40:06	39.01	--	6	23406	买盘
14:40:00	39.01	--	2	7802	买盘
14:39:51	39.01	-0.04	67	261367	卖盘
14:39:36	39.05	--	5	19525	买盘
14:39:33	39.05	--	24	93720	卖盘
14:39:30	39.05	-0.01	30	117149	卖盘
14:39:27	39.06	-0.01	1	3906	卖盘
14:39:24	39.07	--	8	31256	买盘
14:39:18	39.07	--	5	19535	买盘
14:39:15	39.07	0.01	4	15628	买盘
14:39:12	39.06	-0.01	13	50778	卖盘
14:39:06	39.07	0.01	1	3907	买盘
14:39:03	39.06	-0.01	7	27342	卖盘
14:38:57	39.07	--	11	42977	买盘
14:38:54	39.07	--	10	39070	买盘
14:38:51	39.07	--	17	66419	买盘
14:38:48	39.07	--	4	15628	卖盘
14:38:45	39.07	--	7	27349	卖盘
14:38:42	39.07	--	4	15628	卖盘
14:38:30	39.07	--	15	58605	卖盘
14:38:27	39.07	-0.01	4	15628	中性盘
14:38:24	39.08	-0.01	2	7816	中性盘
14:38:18	39.09	--	54	211086	买盘
14:38:09	39.09	--	1	3909	买盘
14:38:03	39.09	--	41	160269	卖盘
14:37:57	39.09	-0.01	21	82089	卖盘
14:37:51	39.1	--	14	54740	买盘
14:37:45	39.1	--	2	7820	买盘
14:37:42	39.1	-0.05	54	211140	卖盘
14:37:39	39.15	0.01	101	395415	买盘
14:37:36	39.14	0.04	6	23484	买盘
14:37:33	39.1	-0.05	2	7820	卖盘
14:37:24	39.15	--	7	27405	买盘
14:37:21	39.15	--	19	74385	卖盘
14:37:15	39.15	--	1	3915	卖盘
14:37:12	39.15	--	4	15660	卖盘
14:37:09	39.15	-0.03	5	19575	卖盘
14:37:03	39.18	0.03	29	113622	买盘
14:37:00	39.15	0.01	29	113535	买盘
14:36:54	39.14	--	36	140904	卖盘
14:36:51	39.14	-0.01	20	78280	卖盘
14:36:48	39.15	0.01	14	54810	买盘
14:36:45	39.14	--	18	70452	卖盘
14:36:42	39.14	--	15	58710	卖盘
14:36:36	39.14	0.05	13	50882	买盘
14:36:33	39.09	-0.01	30	117270	卖盘
14:36:30	39.1	--	2	7820	卖盘
14:36:27	39.1	0.01	53	207230	买盘
14:36:24	39.09	--	15	58635	卖盘
14:36:21	39.09	--	40	156360	卖盘
14:36:18	39.09	--	9	35181	卖盘
14:36:15	39.09	--	4	15636	卖盘
14:36:12	39.09	0.01	4	15636	买盘
14:36:06	39.08	--	1	3908	卖盘
14:36:00	39.08	-0.02	1	3908	中性盘
14:35:48	39.1	0.03	29	113390	买盘
14:35:42	39.07	0.01	5	19535	买盘
14:35:39	39.06	-0.01	5	19530	卖盘
14:35:36	39.07	-0.02	10	39070	买盘
14:35:30	39.09	--	1	3909	卖盘
14:35:27	39.09	0.03	30	117270	买盘
14:35:24	39.06	-0.02	25	97650	卖盘
14:35:21	39.08	0.03	1	3908	买盘
14:35:18	39.05	-0.01	14	54669	卖盘
14:35:09	39.06	-0.02	7	27342	中性盘
14:35:06	39.08	0.03	26	101608	买盘
14:35:00	39.05	--	2	7809	买盘
14:34:57	39.05	--	1	3904	买盘
14:34:54	39.05	--	2	7809	卖盘
14:34:48	39.05	0.04	15	58574	买盘
14:34:45	39.01	--	1	3901	买盘
14:34:42	39.01	--	12	46812	买盘
14:34:30	39.01	--	5	19505	买盘
14:34:27	39.01	--	24	93624	买盘
14:34:24	39.01	-0.03	57	222357	卖盘
14:34:18	39.04	0.02	11	42944	买盘
14:34:06	39.02	0.01	2	7804	中性盘
14:34:00	39.01	--	5	19505	卖盘
14:33:57	39.01	--	13	50713	卖盘
14:33:54	39.01	--	45	175545	买盘
14:33:39	39.01	--	10	39010	买盘
14:33:27	39.01	0.01	4	15604	买盘
14:33:24	39.0	--	1	3900	买盘
14:33:21	39.0	--	10	39000	买盘
14:33:18	39.0	--	17	66300	买盘
14:33:15	39.0	--	15	58500	买盘
14:33:12	39.0	--	12	46800	买盘
14:33:09	39.0	--	36	140400	买盘
14:33:06	39.0	--	35	136500	买盘
14:33:03	39.0	--	16	62400	买盘
14:33:00	39.0	0.01	8	31200	买盘
14:32:57	38.99	-0.01	10	38990	卖盘
14:32:54	39.0	0.01	23	89700	买盘
14:32:48	38.99	--	1	3899	卖盘
14:32:42	38.99	--	5	19495	卖盘
14:32:39	38.99	--	5	19495	卖盘
14:32:33	38.99	0.02	5	19495	买盘
14:32:24	38.97	-0.01	50	194850	卖盘
14:32:15	38.98	-0.01	1	3897	中性盘
14:32:06	38.99	--	1	3899	买盘
14:32:03	38.99	--	6	23394	买盘
14:32:00	38.99	--	3	11697	卖盘
14:31:54	38.99	-0.01	7	27293	卖盘
14:31:51	39.0	0.01	1	3900	买盘
14:31:48	38.99	0.01	14	54586	买盘
14:31:45	38.98	--	26	101347	卖盘
14:31:30	38.98	-0.01	15	58469	卖盘
14:31:24	38.99	--	1	3899	卖盘
14:31:18	38.99	--	2	7798	买盘
14:31:09	38.99	0.01	16	62384	买盘
14:31:06	38.98	-0.01	1	3897	卖盘
14:30:51	38.99	-0.01	1	3899	中性盘
14:30:48	39.0	0.01	10	39000	买盘
14:30:45	38.99	--	1	3899	买盘
14:30:36	38.99	--	1	3899	卖盘
14:30:30	38.99	-0.01	12	46788	卖盘
14:30:27	39.0	--	24	93600	买盘
14:30:24	39.0	--	1	3900	买盘
14:30:21	39.0	--	5	19500	买盘
14:30:12	39.0	-0.01	136	530400	卖盘
14:30:06	39.01	--	8	31208	卖盘
14:30:00	39.01	--	10	39010	卖盘
14:29:57	39.01	--	5	19505	卖盘
14:29:54	39.01	-0.03	2	7802	卖盘
14:29:51	39.04	0.03	5	19520	买盘
14:29:45	39.01	-0.03	8	31208	卖盘
14:29:42	39.04	0.03	17	66368	买盘
14:29:39	39.01	-0.01	4	15604	卖盘
14:29:33	39.02	--	17	66334	卖盘
14:29:21	39.02	-0.04	4	15608	卖盘
14:29:06	39.06	0.01	20	78120	买盘
14:28:57	39.05	-0.01	7	27334	卖盘
14:28:54	39.06	--	1	3906	买盘
14:28:48	39.06	0.01	25	97650	买盘
14:28:42	39.05	0.01	8	31239	买盘
14:28:30	39.04	--	11	42944	卖盘
14:28:24	39.04	--	5	19520	卖盘
14:28:15	39.04	0.02	68	265472	买盘
14:28:12	39.02	--	50	195100	买盘
14:27:57	39.02	--	4	15608	买盘
14:27:54	39.02	--	3	11706	买盘
14:27:48	39.02	--	13	50726	买盘
14:27:42	39.02	-0.01	37	144374	卖盘
14:27:39	39.03	0.01	33	128799	买盘
14:27:33	39.02	-0.01	13	50726	卖盘
14:27:30	39.03	0.01	1	3903	买盘
14:27:27	39.02	0.03	4	15608	买盘
14:27:24	38.99	-0.03	10	38990	卖盘
14:27:18	39.02	--	6	23412	买盘
14:27:15	39.02	--	43	167786	买盘
14:27:12	39.02	0.01	15	58530	买盘
14:27:09	39.01	--	4	15604	卖盘
14:26:57	39.01	0.01	10	39010	买盘
14:26:51	39.0	--	4	15600	买盘
14:26:48	39.0	--	2	7800	买盘
14:26:39	39.0	0.02	62	241800	买盘
14:26:30	38.98	--	2	7795	买盘
14:26:24	38.98	-0.01	3	11693	卖盘
14:26:21	38.99	--	7	27293	买盘
14:26:18	38.99	0.04	33	128667	买盘
14:26:15	38.95	--	3	11685	买盘
14:26:12	38.95	-0.04	9	35055	卖盘
14:26:09	38.99	--	5	19495	买盘
14:26:06	38.99	0.04	5	19495	买盘
14:26:03	38.95	--	9	35055	买盘
14:26:00	38.95	--	7	27265	卖盘
14:25:57	38.95	0.01	2	7790	中性盘
14:25:45	38.94	-0.05	1	3894	卖盘
14:25:36	38.99	0.06	15	58485	买盘
14:25:27	38.93	--	48	186864	卖盘
14:25:06	38.93	--	5	19465	卖盘
14:24:57	38.93	-0.07	2	7786	卖盘
14:24:54	39.0	0.08	3	11700	买盘
14:24:51	38.92	-0.08	2	7784	卖盘
14:24:39	39.0	--	6	23400	买盘
14:24:36	39.0	--	3	11700	买盘
14:24:30	39.0	-0.02	23	89700	中性盘
14:24:27	39.02	0.02	8	31216	买盘
14:24:24	39.0	--	78	304200	买盘
14:24:21	39.0	0.1	8	31200	买盘
14:24:15	38.9	--	6	23340	卖盘
14:24:12	38.9	--	41	159490	卖盘
14:24:00	38.9	--	19	73910	卖盘
14:23:57	38.9	--	10	38900	卖盘
14:23:54	38.9	--	37	143930	卖盘
14:23:42	38.9	--	10	38900	卖盘
14:23:39	38.9	0.01	4	15560	买盘
14:23:33	38.89	--	12	46668	卖盘
14:23:27	38.89	0.01	4	15556	买盘
14:23:21	38.88	--	22	86313	卖盘
14:23:18	38.88	-0.01	34	132192	卖盘
14:23:09	38.89	--	1	3889	买盘
14:23:06	38.89	--	31	120559	买盘
14:23:00	38.89	-0.01	61	237229	卖盘
14:22:57	38.9	--	7	27230	买盘
14:22:54	38.9	--	3	11670	买盘
14:22:51	38.9	--	15	58350	卖盘
14:22:48	38.9	--	8	31120	卖盘
14:22:42	38.9	-0.01	2	7780	卖盘
14:22:39	38.91	--	8	31127	买盘
14:22:36	38.91	0.01	2	7781	买盘
14:22:27	38.9	--	5	19450	卖盘
14:22:24	38.9	-0.01	17	66130	卖盘
14:22:18	38.91	--	44	171203	买盘
14:22:15	38.91	0.01	5	19455	买盘
14:22:12	38.9	-0.01	4	15560	卖盘
14:22:09	38.91	--	13	50582	买盘
14:22:06	38.91	0.01	36	140076	买盘
14:22:00	38.9	-0.01	25	97250	卖盘
14:21:54	38.91	--	3	11672	买盘
14:21:51	38.91	--	20	77820	卖盘
14:21:48	38.91	-0.09	5	19455	卖盘
14:21:42	39.0	0.09	1	3900	买盘
14:21:36	38.91	-0.09	3	11672	卖盘
14:21:33	39.0	-0.04	84	327600	卖盘
14:21:27	39.04	0.03	5	19520	买盘
14:21:24	39.01	0.01	4	15604	中性盘
14:21:09	39.0	-0.04	15	58500	卖盘
14:21:06	39.04	--	24	93696	卖盘
14:21:03	39.04	--	10	39040	卖盘
14:21:00	39.04	--	5	19520	卖盘
14:20:57	39.04	-0.01	15	58560	中性盘
14:20:54	39.05	--	8	31239	买盘
14:20:51	39.05	0.01	141	550605	买盘
14:20:48	39.04	0.04	8	31232	买盘
14:20:45	39.0	--	122	475800	卖盘
14:20:39	39.0	-0.04	7	27300	卖盘
14:20:36	39.04	0.13	21	81984	买盘
14:20:30	38.91	-0.09	25	97274	卖盘
14:20:24	39.0	0.01	6	23400	买盘
14:20:18	38.99	0.04	42	163758	买盘
14:20:15	38.95	0.03	1	3895	买盘
14:20:12	38.92	-0.01	10	38920	卖盘
14:20:09	38.93	0.01	34	132362	买盘
14:20:06	38.92	--	2	7784	买盘
14:20:03	38.92	0.01	17	66164	买盘
14:19:54	38.91	0.03	10	38910	买盘
14:19:51	38.88	--	48	186624	卖盘
14:19:48	38.88	--	3	11664	卖盘
14:19:45	38.88	0.01	1	6298	买盘
14:19:42	38.87	--	2	7773	买盘
14:19:39	38.87	--	8	31095	卖盘
14:19:36	38.87	0.01	12	46644	买盘
14:19:27	38.86	--	35	136010	卖盘
14:19:24	38.86	--	25	97150	买盘
14:19:21	38.86	--	43	167098	买盘
14:19:18	38.86	--	2	7772	买盘
14:19:12	38.86	0.01	17	66062	买盘
14:19:09	38.85	--	12	47163	买盘
14:19:06	38.85	--	15	58275	买盘
14:19:03	38.85	--	19	73815	买盘
14:18:57	38.85	--	5	19425	买盘
14:18:54	38.85	--	15	58275	买盘
14:18:51	38.85	--	79	306915	买盘
14:18:48	38.85	--	2	7770	买盘
14:18:45	38.85	--	46	182051	卖盘
14:18:39	38.85	--	42	163170	卖盘
14:18:36	38.85	--	7	29526	卖盘
14:18:30	38.85	--	33	130302	买盘
14:18:27	38.85	--	13	50505	买盘
14:18:24	38.85	--	80	310800	买盘
14:18:21	38.85	--	1	3885	买盘
14:18:18	38.85	--	2	7770	买盘
14:18:15	38.85	--	6	23310	买盘
14:18:12	38.85	-0.01	95	370862	卖盘
14:18:09	38.86	--	16	62176	买盘
14:18:06	38.86	0.01	20	77720	买盘
14:18:03	38.85	-0.01	3	11655	卖盘
14:18:00	38.86	--	5	19430	买盘
14:17:57	38.86	--	1	3886	买盘
14:17:54	38.86	--	1	3886	买盘
14:17:51	38.86	-0.01	3	11658	卖盘
14:17:48	38.87	0.01	59	229332	买盘
14:17:45	38.86	-0.01	58	225388	卖盘
14:17:42	38.87	-0.01	3	11661	中性盘
14:17:39	38.88	--	1	3888	买盘
14:17:36	38.88	--	80	311040	买盘
14:17:33	38.88	0.02	34	132192	买盘
14:17:24	38.86	--	3	11658	卖盘
14:17:21	38.86	-0.01	2	7772	中性盘
14:17:18	38.87	--	20	77740	买盘
14:17:15	38.87	0.01	201	781287	买盘
14:17:12	38.86	-0.01	14	56502	卖盘
14:17:09	38.87	-0.01	2	7773	买盘
14:17:06	38.88	0.01	5	19440	买盘
14:17:03	38.87	-0.01	25	97175	卖盘
14:17:00	38.88	--	46	178848	买盘
14:16:57	38.88	--	26	101088	买盘
14:16:51	38.88	0.02	1	3888	买盘
14:16:48	38.86	-0.02	3	11658	卖盘
14:16:42	38.88	0.01	17	66096	买盘
14:16:39	38.87	-0.01	4	15547	中性盘
14:16:36	38.88	--	35	136080	买盘
14:16:33	38.88	--	3	11664	买盘
14:16:27	38.88	0.01	3	11664	买盘
14:16:24	38.87	-0.01	12	46644	卖盘
14:16:21	38.88	--	43	168661	卖盘
14:16:18	38.88	--	5	19440	卖盘
14:16:12	38.88	-0.02	20	77760	卖盘
14:16:06	38.9	0.01	44	173571	买盘
14:16:03	38.89	--	10	38890	买盘
14:16:00	38.89	-0.01	1	3889	中性盘
14:15:57	38.9	--	32	124480	买盘
14:15:54	38.9	0.01	1	3890	买盘
14:15:51	38.89	-0.01	1	3889	卖盘
14:15:48	38.9	--	1	3890	买盘
14:15:45	38.9	--	57	223208	卖盘
14:15:42	38.9	--	3	13926	卖盘
14:15:39	38.9	--	58	225620	卖盘
14:15:36	38.9	--	404	1571560	卖盘
14:15:30	38.9	-0.04	65	252850	卖盘
14:15:27	38.94	0.01	14	54516	买盘
14:15:24	38.93	--	38	149997	卖盘
14:15:18	38.93	-0.01	55	214115	卖盘
14:15:12	38.94	0.01	2	7788	买盘
14:15:09	38.93	-0.01	2	7786	卖盘
14:15:03	38.94	-0.01	83	323202	卖盘
14:14:54	38.95	0.01	10	38950	买盘
14:14:51	38.94	-0.01	1	3894	卖盘
14:14:48	38.95	--	91	354445	卖盘
14:14:45	38.95	--	16	62320	卖盘
14:14:42	38.95	-0.01	7	27265	卖盘
14:14:33	38.96	-0.01	35	136360	卖盘
14:14:27	38.97	-0.01	30	116910	卖盘
14:14:24	38.98	--	65	253369	买盘
14:14:21	38.98	--	0	1169	卖盘
14:14:15	38.98	-0.01	20	77960	卖盘
14:14:12	38.99	0.01	29	114747	买盘
14:14:09	38.98	--	49	191001	卖盘
14:14:06	38.98	--	52	202695	卖盘
14:14:03	38.98	--	40	155920	卖盘
14:14:00	38.98	--	13	50673	卖盘
14:13:57	38.98	-0.01	8	31183	卖盘
14:13:48	38.99	-0.02	4	15596	卖盘
14:13:39	39.01	0.03	1	3901	买盘
14:13:36	38.98	--	10	38980	卖盘
14:13:30	38.98	-0.02	215	838069	卖盘
14:13:27	39.0	--	1	3900	卖盘
14:13:24	39.0	--	8	31200	买盘
14:13:09	39.0	--	1	3900	卖盘
14:13:06	39.0	-0.02	30	117000	卖盘
14:13:03	39.02	--	58	226316	买盘
14:13:00	39.02	0.01	1	3902	买盘
14:12:51	39.01	--	14	54614	卖盘
14:12:48	39.01	-0.01	10	39010	卖盘
14:12:45	39.02	--	1	3902	买盘
14:12:36	39.02	--	2	7804	买盘
14:12:30	39.02	0.01	10	39020	买盘
14:12:27	39.01	-0.01	20	78020	卖盘
14:12:18	39.02	--	5	19510	买盘
14:12:12	39.02	0.01	3	11706	买盘
14:12:09	39.01	-0.01	6	23406	卖盘
14:12:06	39.02	--	4	15608	买盘
14:12:03	39.02	-0.02	11	42922	卖盘
14:11:45	39.04	0.02	1	3904	买盘
14:11:39	39.02	-0.02	2	7804	中性盘
14:11:33	39.04	--	15	58560	买盘
14:11:30	39.04	--	20	78080	买盘
14:11:21	39.04	--	30	117120	卖盘
14:11:15	39.04	--	3	11712	卖盘
14:11:12	39.04	--	6	23424	卖盘
14:11:09	39.04	0.02	3	11712	买盘
14:11:06	39.02	--	2	7804	买盘
14:11:03	39.02	--	3	11706	卖盘
14:10:42	39.02	--	17	66334	买盘
14:10:36	39.02	--	20	78040	买盘
14:10:33	39.02	--	2	7804	买盘
14:10:30	39.02	-0.04	15	58530	卖盘
14:10:09	39.06	--	4	15624	买盘
14:10:06	39.06	--	1	3906	买盘
14:10:03	39.06	0.04	2	7812	买盘
14:10:00	39.02	0.02	1	3902	买盘
14:09:51	39.0	--	1	3900	卖盘
14:09:39	39.0	-0.06	124	483600	卖盘
14:09:33	39.06	-0.02	2	7812	中性盘
14:09:21	39.08	--	31	121148	买盘
14:09:15	39.08	0.02	6	23448	买盘
14:09:03	39.06	0.04	3	11718	买盘
14:08:51	39.02	--	8	31216	卖盘
14:08:48	39.02	-0.04	1	3902	卖盘
14:08:39	39.06	--	1	3906	买盘
14:08:36	39.06	0.05	5	19530	买盘
14:08:33	39.01	--	1	3901	卖盘
14:08:30	39.01	0.02	11	42911	中性盘
14:08:24	38.99	-0.01	26	101374	卖盘
14:08:21	39.0	--	3	12753	买盘
14:08:18	39.0	--	1	3900	买盘
14:08:15	39.0	0.01	6	23400	买盘
14:08:12	38.99	-0.01	4	15596	中性盘
14:08:03	39.0	--	2	7800	买盘
14:08:00	39.0	0.01	16	62400	买盘
14:07:57	38.99	-0.01	3	11697	卖盘
14:07:54	39.0	0.02	20	78000	买盘
14:07:48	38.98	-0.02	4	15591	卖盘
14:07:45	39.0	0.02	10	39000	买盘
14:07:42	38.98	--	4	15591	卖盘
14:07:39	38.98	-0.02	4	15591	卖盘
14:07:33	39.0	0.02	3	11700	买盘
14:07:30	38.98	--	4	15591	卖盘
14:07:27	38.98	--	4	15591	卖盘
14:07:21	38.98	--	1	3897	买盘
14:07:18	38.98	--	5	19490	买盘
14:07:15	38.98	0.01	2	7795	买盘
14:07:12	38.97	-0.01	7	27279	卖盘
14:07:06	38.98	-0.02	4	15591	卖盘
14:07:03	39.0	--	3	11700	买盘
14:07:00	39.0	--	2	7800	买盘
14:06:51	39.0	--	24	93600	买盘
14:06:36	39.0	0.02	42	163800	买盘
14:06:33	38.98	-0.02	15	58469	卖盘
14:06:30	39.0	0.02	3	11700	买盘
14:06:27	38.98	-0.02	39	152022	卖盘
14:06:21	39.0	--	2	7800	买盘
14:06:15	39.0	--	3	11700	买盘
14:06:12	39.0	--	10	39000	买盘
14:06:03	39.0	0.02	2	7800	买盘
14:05:57	38.98	-0.02	2	7795	卖盘
14:05:54	39.0	0.02	21	81900	买盘
14:05:48	38.98	--	3	11693	卖盘
14:05:45	38.98	-0.01	6	23387	卖盘
14:05:42	38.99	--	15	58485	买盘
14:05:39	38.99	--	16	62384	买盘
14:05:33	38.99	0.01	2	7798	买盘
14:05:27	38.98	-0.01	4	15591	卖盘
14:05:18	38.99	--	1	3899	买盘
14:05:15	38.99	-0.01	4	15596	卖盘
14:05:06	39.0	--	4	15600	买盘
14:05:03	39.0	-0.04	6	23400	中性盘
14:04:51	39.04	--	5	19520	买盘
14:04:48	39.04	0.04	5	19520	买盘
14:04:45	39.0	-0.04	8	31200	卖盘
14:04:33	39.04	0.04	2	7808	买盘
14:04:27	39.0	--	3	11700	卖盘
14:04:24	39.0	--	19	74100	买盘
14:04:18	39.0	--	10	39000	买盘
14:04:15	39.0	--	3	11700	买盘
14:04:12	39.0	--	25	97500	买盘
14:04:06	39.0	0.01	20	78000	买盘
14:04:03	38.99	-0.01	5	19495	卖盘
14:03:57	39.0	--	30	117000	买盘
14:03:54	39.0	--	2	7800	买盘
14:03:48	39.0	--	5	19500	买盘
14:03:45	39.0	-0.05	90	351000	卖盘
14:03:42	39.05	--	6	23430	卖盘
14:03:39	39.05	-0.01	44	171820	卖盘
14:03:36	39.06	--	209	816354	买盘
14:03:30	39.06	0.01	14	54684	买盘
14:03:27	39.05	-0.01	15	58574	卖盘
14:03:21	39.06	--	3	11718	买盘
14:03:18	39.06	--	6	23436	买盘
14:03:12	39.06	--	19	74214	买盘
14:03:09	39.06	--	20	78120	卖盘
14:03:06	39.06	0.01	10	39060	中性盘
14:03:03	39.05	-0.03	10	39050	卖盘
14:02:57	39.08	--	4	15632	买盘
14:02:51	39.08	--	5	19540	卖盘
14:02:48	39.08	--	2	7816	卖盘
14:02:45	39.08	0.02	11	42988	买盘
14:02:39	39.06	-0.03	7	27342	卖盘
14:02:36	39.09	--	3	11727	卖盘
14:02:30	39.09	-0.01	3	11727	买盘
14:02:18	39.1	--	1	3910	买盘
14:02:15	39.1	--	5	19550	买盘
14:02:09	39.1	0.04	1	3910	买盘
14:02:06	39.06	-0.04	324	1265544	卖盘
14:02:03	39.1	0.01	9	35190	买盘
14:02:00	39.09	--	1	3909	卖盘
14:01:57	39.09	-0.01	22	85998	卖盘
14:01:54	39.1	--	14	54740	买盘
14:01:51	39.1	--	13	50830	买盘
14:01:48	39.1	0.01	6	23460	买盘
14:01:45	39.09	-0.01	2	7818	中性盘
14:01:42	39.1	0.01	40	156400	买盘
14:01:33	39.09	--	42	164178	卖盘
14:01:27	39.09	-0.01	10	39090	卖盘
14:01:24	39.1	--	19	74290	买盘
14:01:21	39.1	0.01	26	101660	买盘
14:01:15	39.09	-0.01	6	23454	卖盘
14:01:12	39.1	0.01	15	58650	买盘
14:01:09	39.09	--	46	179814	卖盘
14:01:06	39.09	-0.01	23	89907	卖盘
14:01:03	39.1	0.01	11	43010	买盘
14:01:00	39.09	-0.01	37	144633	卖盘
14:00:57	39.1	--	10	39100	买盘
14:00:54	39.1	0.01	39	152490	买盘
14:00:51	39.09	-0.01	14	54726	卖盘
14:00:48	39.1	-0.05	26	101660	卖盘
14:00:45	39.15	--	61	238815	卖盘
14:00:42	39.15	--	13	50895	卖盘
14:00:39	39.15	--	1	3915	卖盘
14:00:36	39.15	0.02	72	281880	买盘
14:00:33	39.13	--	4	15652	卖盘
14:00:30	39.13	--	4	15652	买盘
14:00:27	39.13	0.04	2	7826	买盘
14:00:24	39.09	-0.04	232	906888	卖盘
14:00:21	39.13	0.03	2	7826	买盘
14:00:12	39.1	0.01	94	367540	买盘
14:00:09	39.09	--	11	42999	卖盘
14:00:00	39.09	-0.01	6	23454	卖盘
13:59:57	39.1	--	1	3910	买盘
13:59:54	39.1	--	4	15640	买盘
13:59:51	39.1	--	73	285430	卖盘
13:59:45	39.1	--	1	3910	卖盘
13:59:39	39.1	--	1	3910	卖盘
13:59:36	39.1	0.01	7	27370	买盘
13:59:33	39.09	--	56	218904	买盘
13:59:30	39.09	0.01	38	148542	买盘
13:59:27	39.08	-0.01	30	117240	卖盘
13:59:24	39.09	0.01	5	19545	买盘
13:59:21	39.08	0.01	8	31264	买盘
13:59:18	39.07	-0.01	17	66419	卖盘
13:59:12	39.08	0.01	44	171952	买盘
13:59:09	39.07	--	6	23442	卖盘
13:59:06	39.07	--	50	195350	卖盘
13:59:03	39.07	--	1	3907	卖盘
13:59:00	39.07	--	1	3907	卖盘
13:58:57	39.07	0.02	146	570422	买盘
13:58:48	39.05	--	26	101529	买盘
13:58:45	39.05	--	4	15619	买盘
13:58:39	39.05	0.01	9	35145	买盘
13:58:33	39.04	0.02	50	195200	买盘
13:58:30	39.02	--	9	35118	中性盘
13:58:27	39.02	0.02	4	15608	买盘
13:58:21	39.0	--	2	7800	卖盘
13:58:18	39.0	0.02	11	42900	买盘
13:58:15	38.98	--	2	7795	卖盘
13:58:09	38.98	0.02	2	7795	买盘
13:58:00	38.96	-0.02	8	31168	卖盘
13:57:48	38.98	--	5	19490	买盘
13:57:42	38.98	--	10	38980	买盘
13:57:36	38.98	0.03	9	35082	买盘
13:57:30	38.95	-0.01	19	74005	卖盘
13:57:27	38.96	0.01	6	23376	中性盘
13:57:24	38.95	-0.01	4	15580	卖盘
13:57:12	38.96	--	10	38960	卖盘
13:57:09	38.96	-0.04	3	11999	卖盘
13:57:03	39.0	0.02	7	27300	买盘
13:56:57	38.98	0.03	11	42878	买盘
13:56:54	38.95	--	24	93480	卖盘
13:56:51	38.95	--	9	35055	卖盘
13:56:48	38.95	--	6	23370	卖盘
13:56:45	38.95	-0.01	3	11685	卖盘
13:56:42	38.96	-0.04	7	27272	卖盘
13:56:33	39.0	0.04	1	3900	买盘
13:56:30	38.96	0.01	3	11688	中性盘
13:56:15	38.95	-0.05	50	194750	卖盘
13:56:12	39.0	0.02	205	799500	买盘
13:56:06	38.98	--	47	183205	买盘
13:56:00	38.98	--	12	46775	买盘
13:55:57	38.98	--	3	11693	买盘
13:55:54	38.98	0.01	14	54571	买盘
13:55:51	38.97	-0.01	1	3897	卖盘
13:55:48	38.98	--	8	31183	买盘
13:55:42	38.98	--	11	42878	买盘
13:55:39	38.98	--	10	38980	买盘
13:55:36	38.98	--	1	3897	买盘
13:55:33	38.98	--	5	19490	买盘
13:55:30	38.98	--	17	66266	买盘
13:55:27	38.98	--	8	31183	买盘
13:55:24	38.98	--	8	31183	买盘
13:55:21	38.98	--	6	23387	买盘
13:55:18	38.98	0.04	12	46775	买盘
13:55:15	38.94	-0.04	5	19470	卖盘
13:55:12	38.98	--	7	27285	买盘
13:55:09	38.98	--	2	7795	买盘
13:55:06	38.98	--	9	35082	卖盘
13:55:03	38.98	--	5	19490	卖盘
13:54:57	38.98	-0.01	100	389799	卖盘
13:54:39	38.99	--	12	46788	买盘
13:54:33	38.99	0.01	6	23394	买盘
13:54:24	38.98	--	8	31183	买盘
13:54:21	38.98	--	10	38980	买盘
13:54:12	38.98	0.01	26	101347	买盘
13:54:09	38.97	-0.02	93	362421	卖盘
13:54:03	38.99	0.01	6	23394	买盘
13:54:00	38.98	--	5	19490	卖盘
13:53:57	38.98	--	6	23387	卖盘
13:53:54	38.98	--	5	19490	卖盘
13:53:51	38.98	--	27	105245	买盘
13:53:48	38.98	--	8	31183	买盘
13:53:42	38.98	--	21	81858	买盘
13:53:24	38.98	--	7	27285	买盘
13:53:21	38.98	0.05	2	7795	买盘
13:53:15	38.93	-0.05	20	77860	卖盘
13:53:12	38.98	0.03	1	3897	买盘
13:53:09	38.95	-0.03	15	58425	卖盘
13:53:03	38.98	0.05	9	35082	中性盘
13:53:00	38.93	--	13	52594	卖盘
13:52:57	38.93	-0.05	10	38930	卖盘
13:52:54	38.98	--	10	38980	买盘
13:52:42	38.98	0.03	6	23387	买盘
13:52:36	38.95	--	14	54530	卖盘
13:52:27	38.95	-0.04	3	11685	卖盘
13:52:21	38.99	0.01	83	323617	买盘
13:52:18	38.98	-0.01	3	11693	中性盘
13:52:09	38.99	--	8	31192	买盘
13:52:06	38.99	--	2	7798	买盘
13:52:03	38.99	--	12	46788	卖盘
13:51:57	38.99	--	20	77980	卖盘
13:51:54	38.99	--	12	46788	卖盘
13:51:51	38.99	--	59	230041	买盘
13:51:48	38.99	0.01	5	19495	买盘
13:51:45	38.98	0.03	2	7795	买盘
13:51:42	38.95	-0.04	20	77900	卖盘
13:51:39	38.99	-0.01	22	85778	买盘
13:51:33	39.0	--	34	132600	买盘
13:51:30	39.0	--	16	62400	买盘
13:51:27	39.0	--	3	11700	买盘
13:51:24	39.0	--	2	7800	买盘
13:51:21	39.0	--	3	11700	买盘
13:51:18	39.0	--	31	120900	买盘
13:51:15	39.0	--	1	3900	买盘
13:51:12	39.0	--	5	19500	买盘
13:51:09	39.0	-0.02	76	296400	卖盘
13:51:06	39.02	--	10	39020	买盘
13:51:00	39.02	--	2	7804	买盘
13:50:57	39.02	-0.01	17	66334	卖盘
13:50:54	39.03	--	10	39030	买盘
13:50:51	39.03	--	10	39030	买盘
13:50:48	39.03	--	16	62448	卖盘
13:50:45	39.03	--	15	58545	卖盘
13:50:42	39.03	0.03	47	183441	买盘
13:50:39	39.0	0.01	5	19500	卖盘
13:50:36	38.99	-0.01	13	50687	卖盘
13:50:33	39.0	0.01	32	124800	买盘
13:50:30	38.99	-0.01	4	15596	卖盘
13:50:24	39.0	--	10	39000	买盘
13:50:21	39.0	--	28	109200	买盘
13:50:12	39.0	0.01	154	600600	买盘
13:50:09	38.99	0.01	40	155960	买盘
13:50:06	38.98	--	1	3897	卖盘
13:50:00	38.98	0.08	15	58469	买盘
13:49:57	38.9	-0.08	212	824680	卖盘
13:49:54	38.98	--	102	397595	买盘
13:49:48	38.98	--	1	3897	买盘
13:49:45	38.98	0.03	34	132532	买盘
13:49:42	38.95	--	14	54530	卖盘
13:49:39	38.95	--	80	311600	买盘
13:49:36	38.95	--	16	62320	买盘
13:49:30	38.95	--	16	62320	买盘
13:49:27	38.95	--	7	27265	买盘
13:49:24	38.95	--	2	7790	买盘
13:49:21	38.95	--	10	38950	买盘
13:49:18	38.95	--	133	518035	买盘
13:49:15	38.95	--	3	11685	买盘
13:49:09	38.95	--	8	31160	买盘
13:49:03	38.95	0.02	4	15580	买盘
13:49:00	38.93	--	10	38930	买盘
13:48:57	38.93	-0.02	15	58395	卖盘
13:48:54	38.95	0.02	22	85690	买盘
13:48:39	38.93	0.03	12	46716	买盘
13:48:36	38.9	--	105	408450	买盘
13:48:33	38.9	--	4	15560	买盘
13:48:30	38.9	0.01	3	11670	买盘
13:48:27	38.89	-0.01	84	326676	卖盘
13:48:18	38.9	--	1	3890	买盘
13:48:15	38.9	--	6	23340	买盘
13:48:09	38.9	0.02	1	3890	买盘
13:48:03	38.88	-0.02	45	174960	卖盘
13:48:00	38.9	0.01	58	225620	买盘
13:47:57	38.89	--	14	54446	买盘
13:47:54	38.89	--	12	46668	买盘
13:47:51	38.89	--	34	132226	买盘
13:47:45	38.89	-0.01	49	190561	卖盘
13:47:42	38.9	0.01	8	31120	买盘
13:47:39	38.89	-0.01	32	124448	卖盘
13:47:36	38.9	--	5	19450	买盘
13:47:33	38.9	--	5	19450	买盘
13:47:30	38.9	0.01	34	132260	买盘
13:47:24	38.89	--	57	221673	卖盘
13:47:21	38.89	-0.01	4	15556	卖盘
13:47:18	38.9	--	2	7780	买盘
13:47:15	38.9	0.02	5	19450	买盘
13:47:09	38.88	-0.02	34	132230	卖盘
13:47:06	38.9	0.02	1	3890	买盘
13:47:03	38.88	-0.02	10	38880	卖盘
13:47:00	38.9	--	11	42790	买盘
13:46:57	38.9	--	11	42790	买盘
13:46:54	38.9	--	6	23340	买盘
13:46:51	38.9	-0.03	120	466800	卖盘
13:46:45	38.93	--	6	23358	买盘
13:46:42	38.93	--	4	15572	买盘
13:46:39	38.93	--	1	3893	买盘
13:46:36	38.93	--	11	42823	卖盘
13:46:33	38.93	-0.01	3	11679	卖盘
13:46:30	38.94	0.01	28	109032	中性盘
13:46:27	38.93	-0.02	6	23358	卖盘
13:46:21	38.95	0.02	64	249280	买盘
13:46:15	38.93	--	1	3893	买盘
13:46:09	38.93	0.04	25	97325	买盘
13:46:06	38.89	-0.01	20	78907	卖盘
13:46:03	38.9	--	11	42790	买盘
13:46:00	38.9	0.01	44	171160	买盘
13:45:57	38.89	--	5	19445	买盘
13:45:54	38.89	0.02	10	38890	买盘
13:45:42	38.87	--	38	147706	卖盘
13:45:36	38.87	--	24	93288	卖盘
13:45:33	38.87	0.02	22	85514	买盘
13:45:30	38.85	--	2	7770	买盘
13:45:27	38.85	--	3	11655	卖盘
13:45:24	38.85	--	30	116550	卖盘
13:45:21	38.85	--	6	23310	买盘
13:45:18	38.85	--	10	38850	买盘
13:45:12	38.85	-0.03	56	217560	卖盘
13:45:09	38.88	--	2	7776	买盘
13:45:06	38.88	--	27	104976	买盘
13:45:03	38.88	0.03	19	73872	买盘
13:45:00	38.85	--	3	11655	买盘
13:44:57	38.85	-0.02	13	50505	卖盘
13:44:54	38.87	-0.02	3	11661	中性盘
13:44:51	38.89	-0.01	1	3889	买盘
13:44:48	38.9	--	4	15560	买盘
13:44:45	38.9	0.01	33	128370	买盘
13:44:42	38.89	-0.01	3	11667	买盘
13:44:39	38.9	0.08	4	15560	买盘
13:44:36	38.82	-0.07	10	41576	卖盘
13:44:33	38.89	--	7	27223	卖盘
13:44:30	38.89	0.03	24	94463	买盘
13:44:27	38.86	-0.03	29	115453	卖盘
13:44:21	38.89	0.02	10	38890	买盘
13:44:18	38.87	0.06	161	626934	买盘
13:44:15	38.81	-0.01	17	65977	中性盘
13:44:12	38.82	--	128	496896	买盘
13:44:09	38.82	--	7	27174	买盘
13:44:06	38.82	--	18	69876	买盘
13:44:03	38.82	0.02	1	3882	买盘
13:44:00	38.8	-0.02	11	42680	卖盘
13:43:57	38.82	0.02	21	81522	买盘
13:43:54	38.8	--	13	53078	买盘
13:43:51	38.8	--	17	65960	买盘
13:43:48	38.8	--	65	252199	买盘
13:43:45	38.8	--	17	65960	买盘
13:43:42	38.8	0.05	42	162960	买盘
13:43:39	38.75	-0.05	3	11625	卖盘
13:43:36	38.8	0.07	130	504399	买盘
13:43:33	38.73	-0.07	9	34857	卖盘
13:43:30	38.8	--	56	217279	买盘
13:43:27	38.8	0.07	5	19400	买盘
13:43:24	38.73	--	3	11618	卖盘
13:43:21	38.73	0.01	5	19365	中性盘
13:43:18	38.72	--	19	73568	卖盘
13:43:15	38.72	0.01	22	85184	买盘
13:43:12	38.71	0.01	76	294196	买盘
13:43:09	38.7	--	34	131580	卖盘
13:43:06	38.7	--	2	7740	卖盘
13:43:03	38.7	--	32	123840	卖盘
13:43:00	38.7	--	28	108360	卖盘
13:42:57	38.7	-0.02	116	448920	卖盘
13:42:54	38.72	0.01	99	383328	中性盘
13:42:51	38.71	--	20	77420	卖盘
13:42:48	38.71	--	38	147098	卖盘
13:42:45	38.71	-0.09	35	135485	卖盘
13:42:42	38.8	--	6	23280	买盘
13:42:39	38.8	--	3	11640	买盘
13:42:36	38.8	-0.02	25	97000	卖盘
13:42:33	38.82	0.02	6	23292	买盘
13:42:30	38.8	-0.03	1	3879	卖盘
13:42:27	38.83	0.01	19	73777	买盘
13:42:24	38.82	-0.02	8	31056	卖盘
13:42:21	38.84	--	273	1060332	买盘
13:42:18	38.84	0.04	64	248576	买盘
13:42:15	38.8	-0.05	758	2941040	卖盘
13:42:09	38.85	0.03	5	19425	买盘
13:42:06	38.82	-0.01	153	593946	卖盘
13:42:03	38.83	-0.02	158	613514	卖盘
13:42:00	38.85	--	1	3885	买盘
13:41:57	38.85	--	221	861343	卖盘
13:41:54	38.85	-0.02	107	415695	卖盘
13:41:51	38.87	0.01	21	81627	买盘
13:41:48	38.86	-0.01	29	112694	卖盘
13:41:45	38.87	--	5	19435	买盘
13:41:42	38.87	0.01	12	46644	买盘
13:41:39	38.86	-0.01	11	42746	卖盘
13:41:36	38.87	-0.01	67	260428	卖盘
13:41:33	38.88	--	2	7776	买盘
13:41:30	38.88	--	3	11664	买盘
13:41:27	38.88	-0.01	36	139968	卖盘
13:41:24	38.89	--	11	42779	买盘
13:41:18	38.89	--	12	46668	买盘
13:41:09	38.89	--	7	27223	买盘
13:41:06	38.89	-0.01	52	202228	卖盘
13:41:03	38.9	0.01	35	136150	中性盘
13:40:57	38.89	-0.01	100	388900	卖盘
13:40:54	38.9	0.01	21	81690	买盘
13:40:51	38.89	-0.01	6	23334	卖盘
13:40:48	38.9	--	1	3890	买盘
13:40:42	38.9	--	2	7780	买盘
13:40:39	38.9	0.04	4	15560	中性盘
13:40:27	38.86	-0.05	305	1185230	卖盘
13:40:24	38.91	0.01	1	3890	中性盘
13:40:21	38.9	--	94	366788	买盘
13:40:12	38.9	--	5	19450	买盘
13:40:03	38.9	-0.01	19	73910	卖盘
13:40:00	38.91	--	3	11672	买盘
13:39:57	38.91	--	3	11672	买盘
13:39:54	38.91	--	9	35019	买盘
13:39:51	38.91	0.04	26	101165	买盘
13:39:48	38.87	-0.01	10	38870	卖盘
13:39:45	38.88	--	6	23328	买盘
13:39:42	38.88	--	2	7776	买盘
13:39:39	38.88	--	14	54432	买盘
13:39:36	38.88	--	109	426552	卖盘
13:39:33	38.88	-0.01	8	31104	卖盘
13:39:30	38.89	--	14	54446	买盘
13:39:27	38.89	-0.01	11	42779	卖盘
13:39:24	38.9	0.01	21	81690	买盘
13:39:21	38.89	-0.01	46	178894	卖盘
13:39:18	38.9	--	1	3890	买盘
13:39:12	38.9	--	3	11670	买盘
13:39:09	38.9	-0.01	61	237290	卖盘
13:39:03	38.91	-0.02	2	7781	卖盘
13:38:57	38.93	--	2	7786	买盘
13:38:54	38.93	--	2	7786	买盘
13:38:51	38.93	--	28	109004	买盘
13:38:45	38.93	0.03	7	27251	买盘
13:38:42	38.9	-0.03	23	89470	卖盘
13:38:39	38.93	--	18	70074	买盘
13:38:36	38.93	--	18	70074	买盘
13:38:33	38.93	0.03	15	58395	买盘
13:38:27	38.9	-0.04	84	327888	中性盘
13:38:24	38.94	0.01	115	447810	买盘
13:38:21	38.93	-0.01	4	15572	卖盘
13:38:18	38.94	--	5	19470	买盘
13:38:12	38.94	0.01	2	7788	买盘
13:38:09	38.93	-0.01	1	3893	卖盘
13:38:06	38.94	0.01	5	19470	买盘
13:38:03	38.93	--	10	38930	卖盘
13:38:00	38.93	0.06	59	229687	买盘
13:37:51	38.87	-0.03	50	194350	卖盘
13:37:45	38.9	--	146	567940	买盘
13:37:42	38.9	0.02	20	77800	买盘
13:37:39	38.88	-0.01	14	54432	卖盘
13:37:36	38.89	--	4	15556	买盘
13:37:33	38.89	--	38	147782	买盘
13:37:30	38.89	--	11	42779	买盘
13:37:27	38.89	-0.01	68	264452	卖盘
13:37:24	38.9	--	5	19450	买盘
13:37:21	38.9	--	9	35010	买盘
13:37:18	38.9	--	21	81690	买盘
13:37:15	38.9	-0.02	76	295640	卖盘
13:37:09	38.92	0.02	2	7784	买盘
13:37:03	38.9	--	15	58350	买盘
13:37:00	38.9	0.02	8	31120	买盘
13:36:54	38.88	-0.01	4	15552	卖盘
13:36:51	38.89	-0.01	1	3889	中性盘
13:36:48	38.9	0.01	44	171160	买盘
13:36:45	38.89	0.04	29	112781	买盘
13:36:42	38.85	--	46	178710	买盘
13:36:39	38.85	--	23	89355	买盘
13:36:36	38.85	--	117	454545	买盘
13:36:33	38.85	--	37	143745	买盘
13:36:30	38.85	--	41	159285	买盘
13:36:27	38.85	--	17	66045	买盘
13:36:24	38.85	-0.03	198	769230	卖盘
13:36:21	38.88	0.01	48	186624	买盘
13:36:18	38.87	--	4	15547	卖盘
13:36:15	38.87	--	47	182689	卖盘
13:36:12	38.87	0.02	26	101062	买盘
13:36:09	38.85	-0.02	9	34965	卖盘
13:36:03	38.87	0.03	3	11661	买盘
13:36:00	38.84	-0.01	85	330140	卖盘
13:35:57	38.85	--	21	81585	买盘
13:35:54	38.85	0.01	10	38850	买盘
13:35:51	38.84	--	12	46608	买盘
13:35:48	38.84	-0.01	26	100984	卖盘
13:35:45	38.85	--	19	73815	买盘
13:35:42	38.85	-0.02	77	299145	卖盘
13:35:39	38.87	0.02	10	38870	买盘
13:35:36	38.85	-0.02	267	1037295	卖盘
13:35:33	38.87	-0.01	19	73853	卖盘
13:35:27	38.88	-0.01	150	583200	卖盘
13:35:21	38.89	0.01	9	35001	买盘
13:35:18	38.88	-0.02	21	81648	卖盘
13:35:15	38.9	--	219	851910	买盘
13:35:12	38.9	--	40	155600	买盘
13:35:09	38.9	--	65	252850	买盘
13:35:03	38.9	--	6	23340	买盘
13:35:00	38.9	--	154	599060	卖盘
13:34:57	38.9	--	38	147820	卖盘
13:34:54	38.9	--	11	42790	卖盘
13:34:48	38.9	-0.01	43	167270	卖盘
13:34:45	38.91	--	6	23345	买盘
13:34:42	38.91	--	61	237350	买盘
13:34:39	38.91	-0.02	255	992204	卖盘
13:34:36	38.93	0.01	122	474946	买盘
13:34:33	38.92	--	8	31136	买盘
13:34:30	38.92	--	1	3892	买盘
13:34:27	38.92	--	195	758940	卖盘
13:34:24	38.92	-0.01	2	7784	卖盘
13:34:21	38.93	--	27	105111	买盘
13:34:18	38.93	0.01	11	42823	买盘
13:34:12	38.92	-0.01	24	93408	卖盘
13:34:09	38.93	--	3	11679	买盘
13:34:06	38.93	--	10	38930	买盘
13:34:03	38.93	--	12	46716	买盘
13:33:57	38.93	--	12	46716	买盘
13:33:54	38.93	-0.01	181	704633	卖盘
13:33:51	38.94	-0.01	5	19470	卖盘
13:33:48	38.95	--	11	42845	买盘
13:33:45	38.95	-0.01	99	385605	卖盘
13:33:42	38.96	--	5	19480	买盘
13:33:39	38.96	0.01	12	46752	中性盘
13:33:36	38.95	-0.02	32	124640	卖盘
13:33:30	38.97	--	2	7794	买盘
13:33:27	38.97	--	9	35073	买盘
13:33:24	38.97	--	11	42867	买盘
13:33:21	38.97	0.02	12	46764	买盘
13:33:15	38.95	-0.01	10	38950	卖盘
13:33:12	38.96	-0.01	42	163632	卖盘
13:33:09	38.97	--	5	19485	买盘
13:33:06	38.97	-0.01	29	113013	卖盘
13:33:03	38.98	--	3	11693	买盘
13:33:00	38.98	0.01	20	77960	买盘
13:32:57	38.97	-0.01	66	257202	卖盘
13:32:54	38.98	0.01	2	7795	买盘
13:32:51	38.97	-0.01	155	604035	卖盘
13:32:48	38.98	-0.01	119	463861	卖盘
13:32:45	38.99	--	40	155960	买盘
13:32:39	38.99	--	6	23394	买盘
13:32:36	38.99	-0.01	74	288526	卖盘
13:32:33	39.0	--	135	526500	买盘
13:32:30	39.0	0.01	19	74100	买盘
13:32:27	38.99	--	28	109172	卖盘
13:32:24	38.99	--	2	7798	卖盘
13:32:21	38.99	--	65	253435	卖盘
13:32:18	38.99	-0.01	18	70182	卖盘
13:32:15	39.0	--	9	35100	买盘
13:32:12	39.0	--	5	19500	买盘
13:32:09	39.0	--	1	3900	买盘
13:32:03	39.0	-0.03	502	1957800	卖盘
13:32:00	39.03	--	5	19515	买盘
13:31:57	39.03	0.01	7	27321	中性盘
13:31:54	39.02	-0.02	241	940382	卖盘
13:31:48	39.04	--	1	3904	买盘
13:31:45	39.04	0.01	2	7808	中性盘
13:31:33	39.03	-0.02	151	589353	卖盘
13:31:30	39.05	--	4	15619	买盘
13:31:24	39.05	--	15	58574	买盘
13:31:18	39.05	--	2	7809	买盘
13:31:15	39.05	--	5	19525	买盘
13:31:12	39.05	-0.01	31	121054	卖盘
13:31:09	39.06	0.01	12	46872	买盘
13:31:06	39.05	-0.01	7	27334	卖盘
13:31:03	39.06	--	6	23436	买盘
13:31:00	39.06	-0.02	6	23436	卖盘
13:30:57	39.08	--	3	11724	买盘
13:30:54	39.08	0.04	25	97700	买盘
13:30:51	39.04	-0.04	87	339648	卖盘
13:30:48	39.08	0.02	71	277468	买盘
13:30:42	39.06	-0.02	4	15624	卖盘
13:30:33	39.08	--	15	58620	买盘
13:30:30	39.08	0.02	2	7816	买盘
13:30:24	39.06	--	2	7812	买盘
13:30:21	39.06	--	29	113274	卖盘
13:30:12	39.06	0.01	39	152334	买盘
13:30:09	39.05	--	15	58574	卖盘
13:30:06	39.05	-0.01	15	58574	卖盘
13:30:03	39.06	--	8	31248	买盘
13:30:00	39.06	0.01	106	414036	买盘
13:29:57	39.05	-0.01	15	58574	卖盘
13:29:48	39.06	0.01	1	3906	买盘
13:29:45	39.05	--	20	78100	卖盘
13:29:30	39.05	0.01	10	39050	买盘
13:29:27	39.04	--	13	50752	买盘
13:29:24	39.04	--	50	195200	卖盘
13:29:21	39.04	-0.01	78	304512	卖盘
13:29:18	39.05	--	6	23430	买盘
13:29:15	39.05	--	221	863004	买盘
13:29:12	39.05	--	4	15619	买盘
13:29:06	39.05	--	3	11715	买盘
13:29:03	39.05	--	2	7809	买盘
13:29:00	39.05	--	12	46860	买盘
13:28:57	39.05	--	12	46860	买盘
13:28:51	39.05	--	25	97625	买盘
13:28:48	39.05	0.01	5	19525	买盘
13:28:45	39.04	-0.01	150	585600	卖盘
13:28:42	39.05	--	49	191345	买盘
13:28:39	39.05	--	11	42955	买盘
13:28:30	39.05	0.01	7	27334	买盘
13:28:24	39.04	--	49	191296	买盘
13:28:21	39.04	--	1	3904	买盘
13:28:18	39.04	--	36	140544	买盘
13:28:12	39.04	0.01	33	128832	买盘
13:28:09	39.03	-0.01	3	11709	卖盘
13:28:06	39.04	--	5	19520	买盘
13:28:03	39.04	--	6	23424	买盘
13:28:00	39.04	0.02	77	300608	买盘
13:27:57	39.02	-0.01	7	27314	卖盘
13:27:54	39.03	-0.01	68	265404	卖盘
13:27:51	39.04	--	6	23424	买盘
13:27:48	39.04	--	22	85888	买盘
13:27:45	39.04	--	2	7808	买盘
13:27:42	39.04	--	2	7808	买盘
13:27:39	39.04	--	2	7808	买盘
13:27:33	39.04	0.01	16	62464	买盘
13:27:30	39.03	--	26	101478	买盘
13:27:27	39.03	0.02	71	277113	买盘
13:27:24	39.01	-0.02	4	15604	卖盘
13:27:21	39.03	0.03	1	3903	买盘
13:27:18	39.0	-0.03	14	54600	卖盘
13:27:15	39.03	--	53	206859	买盘
13:27:12	39.03	0.03	1	3903	中性盘
13:27:06	39.0	--	4	15600	卖盘
13:27:03	39.0	--	9	35100	卖盘
13:26:57	39.0	--	10	39000	卖盘
13:26:54	39.0	--	24	93600	卖盘
13:26:51	39.0	--	10	39000	买盘
13:26:48	39.0	--	19	74100	买盘
13:26:45	39.0	0.01	7	27300	买盘
13:26:42	38.99	-0.01	82	319718	卖盘
13:26:39	39.0	--	12	46800	买盘
13:26:36	39.0	--	8	31200	买盘
13:26:33	39.0	--	6	23400	买盘
13:26:30	39.0	--	86	335400	买盘
13:26:27	39.0	--	14	54600	买盘
13:26:24	39.0	--	66	257400	卖盘
13:26:18	39.0	--	5	19500	卖盘
13:26:15	39.0	0.01	24	93600	买盘
13:26:12	38.99	-0.01	54	210546	卖盘
13:26:06	39.0	--	43	167700	卖盘
13:26:00	39.0	--	12	46800	卖盘
13:25:54	39.0	--	36	140400	卖盘
13:25:51	39.0	0.01	62	241800	买盘
13:25:48	38.99	--	63	245637	买盘
13:25:45	38.99	-0.01	3	11697	卖盘
13:25:42	39.0	0.01	16	62400	买盘
13:25:39	38.99	-0.01	48	187152	卖盘
13:25:36	39.0	--	14	54600	买盘
13:25:33	39.0	--	28	109200	买盘
13:25:30	39.0	0.01	32	124800	买盘
13:25:27	38.99	-0.01	12	46788	卖盘
13:25:24	39.0	--	33	128700	买盘
13:25:21	39.0	0.04	30	117000	买盘
13:25:18	38.96	-0.04	36	140256	卖盘
13:25:15	39.0	--	5	19500	买盘
13:25:12	39.0	--	9	35100	买盘
13:25:09	39.0	--	17	66300	买盘
13:25:06	39.0	-0.05	1318	5140200	卖盘
13:25:00	39.05	--	17	66385	卖盘
13:24:57	39.05	-0.01	1	3904	卖盘
13:24:54	39.06	0.01	6	23436	买盘
13:24:51	39.05	--	20	78100	卖盘
13:24:48	39.05	-0.01	6	23430	卖盘
13:24:45	39.06	--	1	3906	买盘
13:24:42	39.06	-0.02	37	144522	卖盘
13:24:39	39.08	--	14	54712	买盘
13:24:36	39.08	--	50	195400	买盘
13:24:33	39.08	--	7	27356	买盘
13:24:27	39.08	--	21	82068	买盘
13:24:24	39.08	-0.04	48	187584	卖盘
13:24:21	39.12	--	130	508559	买盘
13:24:15	39.12	0.03	107	418584	买盘
13:24:12	39.09	--	1	3909	买盘
13:24:09	39.09	-0.01	113	441717	卖盘
13:24:00	39.1	-0.03	667	2607970	卖盘
13:23:57	39.13	-0.02	3	11739	中性盘
13:23:54	39.15	0.02	100	391500	买盘
13:23:51	39.13	-0.02	127	496951	卖盘
13:23:48	39.15	0.02	3	11745	买盘
13:23:45	39.13	-0.01	125	489125	卖盘
13:23:42	39.14	-0.01	5	19570	卖盘
13:23:30	39.15	--	82	321030	买盘
13:23:27	39.15	--	7	27405	买盘
13:23:24	39.15	-0.01	5	19575	卖盘
13:23:21	39.16	0.01	1	3915	买盘
13:23:18	39.15	--	700	2740500	卖盘
13:23:15	39.15	--	13	50895	卖盘
13:23:12	39.15	--	1	3915	卖盘
13:23:09	39.15	--	3	11745	卖盘
13:23:06	39.15	-0.01	71	277965	卖盘
13:22:57	39.16	0.01	16	62655	买盘
13:22:54	39.15	--	3	11745	卖盘
13:22:51	39.15	--	2	7830	卖盘
13:22:48	39.15	--	1	3915	卖盘
13:22:45	39.15	-0.01	3	11745	卖盘
13:22:42	39.16	0.01	1	3915	中性盘
13:22:33	39.15	--	1	3915	卖盘
13:22:30	39.15	--	131	512865	卖盘
13:22:24	39.15	-0.03	200	783000	卖盘
13:22:21	39.18	--	3	11754	买盘
13:22:18	39.18	-0.01	2	7836	卖盘
13:22:15	39.19	0.02	1	3919	买盘
13:22:12	39.17	-0.01	3	11751	卖盘
13:22:09	39.18	0.01	104	407472	中性盘
13:22:00	39.17	-0.01	241	943997	卖盘
13:21:57	39.18	-0.01	2	7836	卖盘
13:21:48	39.19	0.01	1	3919	买盘
13:21:42	39.18	--	3	11754	卖盘
13:21:39	39.18	-0.01	74	289932	卖盘
13:21:36	39.19	0.01	1	3919	买盘
13:21:33	39.18	--	5	19590	卖盘
13:21:30	39.18	--	56	219408	卖盘
13:21:27	39.18	--	45	176310	卖盘
13:21:24	39.18	--	423	1657314	卖盘
13:21:21	39.18	--	9	35262	卖盘
13:21:12	39.18	-0.01	4	15672	卖盘
13:21:09	39.19	0.01	1	3919	买盘
13:21:06	39.18	--	54	211572	卖盘
13:21:03	39.18	--	1	3918	卖盘
13:20:51	39.18	-0.01	10	39180	卖盘
13:20:48	39.19	--	1	3919	买盘
13:20:39	39.19	--	16	62704	买盘
13:20:36	39.19	--	10	39190	买盘
13:20:30	39.19	0.01	3	11757	买盘
13:20:27	39.18	-0.01	20	78360	卖盘
13:20:18	39.19	--	5	19595	买盘
13:20:15	39.19	0.01	20	78380	买盘
13:20:09	39.18	--	51	199818	卖盘
13:20:03	39.18	-0.01	10	39180	卖盘
13:19:57	39.19	--	4	15676	买盘
13:19:45	39.19	0.01	56	219464	买盘
13:19:42	39.18	--	37	144966	卖盘
13:19:39	39.18	--	20	78360	卖盘
13:19:33	39.18	--	12	47016	卖盘
13:19:27	39.18	--	7	27426	卖盘
13:19:24	39.18	-0.01	5	19590	卖盘
13:19:21	39.19	0.01	14	54866	买盘
13:19:12	39.18	-0.01	5	19590	卖盘
13:19:09	39.19	--	154	603526	买盘
13:19:03	39.19	0.01	3	11757	买盘
13:19:00	39.18	-0.01	210	822780	卖盘
13:18:57	39.19	0.01	4	15676	买盘
13:18:54	39.18	-0.01	9	35262	卖盘
13:18:45	39.19	--	2	7838	买盘
13:18:42	39.19	--	1	3919	买盘
13:18:39	39.19	-0.01	58	227302	卖盘
13:18:36	39.2	0.01	5	19600	买盘
13:18:24	39.19	--	79	309601	卖盘
13:18:18	39.19	-0.01	1	3919	卖盘
13:18:15	39.2	--	2	7840	买盘
13:18:12	39.2	--	6	23520	买盘
13:18:09	39.2	--	11	43120	买盘
13:18:06	39.2	0.01	66	258720	买盘
13:18:03	39.19	-0.01	5	19595	卖盘
13:17:57	39.2	0.01	31	121520	买盘
13:17:54	39.19	-0.01	12	47028	卖盘
13:17:51	39.2	--	14	54880	买盘
13:17:48	39.2	0.01	1	3920	买盘
13:17:45	39.19	-0.01	3	11757	卖盘
13:17:39	39.2	--	5	19600	买盘
13:17:36	39.2	-0.01	71	278320	卖盘
13:17:33	39.21	--	1	3921	买盘
13:17:30	39.21	0.01	2	7842	买盘
13:17:24	39.2	--	7	27440	卖盘
13:17:15	39.2	0.01	122	478240	买盘
13:17:09	39.19	-0.01	14	54866	卖盘
13:17:03	39.2	--	5	19600	买盘
13:16:57	39.2	0.01	54	211680	买盘
13:16:51	39.19	-0.01	1	3919	卖盘
13:16:48	39.2	--	105	411600	买盘
13:16:45	39.2	0.01	2	7840	买盘
13:16:42	39.19	--	34	133246	卖盘
13:16:39	39.19	0.01	2	7838	卖盘
13:16:33	39.18	-0.02	405	1586790	卖盘
13:16:27	39.2	0.01	2	7840	买盘
13:16:24	39.19	--	2	7838	买盘
13:16:21	39.19	--	14	54866	买盘
13:16:15	39.19	-0.01	151	591769	卖盘
13:16:12	39.2	--	20	78400	买盘
13:16:00	39.2	0.01	25	98000	买盘
13:15:57	39.19	--	3	11757	卖盘
13:15:54	39.19	--	31	121489	卖盘
13:15:48	39.19	-0.01	3	11757	卖盘
13:15:39	39.2	0.01	43	168560	买盘
13:15:33	39.19	--	18	70542	买盘
13:15:27	39.19	--	10	39190	买盘
13:15:21	39.19	-0.01	95	372305	卖盘
13:15:15	39.2	0.01	6	23520	买盘
13:15:12	39.19	--	14	54866	卖盘
13:15:09	39.19	--	7	27433	卖盘
13:15:06	39.19	-0.01	26	101894	卖盘
13:15:03	39.2	0.01	3	11760	买盘
13:15:00	39.19	--	4	15676	卖盘
13:14:51	39.19	-0.01	13	50947	卖盘
13:14:45	39.2	--	1	3920	买盘
13:14:42	39.2	--	1	3920	买盘
13:14:39	39.2	0.01	19	74480	买盘
13:14:27	39.19	--	69	270411	买盘
13:14:24	39.19	--	28	109732	买盘
13:14:21	39.19	--	40	156760	买盘
13:14:18	39.19	--	2	7838	买盘
13:14:15	39.19	0.01	18	70542	买盘
13:14:12	39.18	-0.01	5	19590	卖盘
13:14:09	39.19	--	18	70542	买盘
13:14:00	39.19	0.01	25	97975	买盘
13:13:51	39.18	-0.01	13	50934	卖盘
13:13:42	39.19	--	21	82299	买盘
13:13:39	39.19	--	3	11757	买盘
13:13:36	39.19	--	10	39190	买盘
13:13:33	39.19	--	1	3919	买盘
13:13:30	39.19	0.01	6	23514	买盘
13:13:27	39.18	--	5	19590	卖盘
13:13:24	39.18	--	55	215490	卖盘
13:13:18	39.18	-0.01	6	23508	卖盘
13:13:15	39.19	--	3	11757	买盘
13:13:12	39.19	--	2	7838	买盘
13:13:00	39.19	-0.01	57	223383	卖盘
13:12:54	39.2	0.01	7	27440	买盘
13:12:51	39.19	-0.01	50	195950	卖盘
13:12:45	39.2	--	100	392000	买盘
13:12:42	39.2	--	3	11760	买盘
13:12:39	39.2	--	15	58800	买盘
13:12:36	39.2	--	2	7840	买盘
13:12:27	39.2	--	10	39200	买盘
13:12:24	39.2	--	27	105840	买盘
13:12:21	39.2	--	19	74480	买盘
13:12:06	39.2	--	114	446880	买盘
13:12:00	39.2	0.01	2	7840	买盘
13:11:57	39.19	-0.01	2	7838	卖盘
13:11:45	39.2	0.01	11	43120	买盘
13:11:33	39.19	--	7	27433	买盘
13:11:27	39.19	0.01	6	23514	买盘
13:11:24	39.18	--	10	39180	卖盘
13:11:21	39.18	--	2	7836	卖盘
13:11:18	39.18	--	41	160638	卖盘
13:11:15	39.18	--	3	11754	卖盘
13:11:09	39.18	-0.01	4	15672	卖盘
13:11:06	39.19	0.01	90	352710	买盘
13:11:03	39.18	--	2	7836	卖盘
13:11:00	39.18	--	16	62688	卖盘
13:10:48	39.18	--	167	654306	卖盘
13:10:42	39.18	-0.01	69	270342	卖盘
13:10:36	39.19	-0.01	1	3919	卖盘
13:10:33	39.2	0.01	1	3920	买盘
13:10:27	39.19	-0.01	53	207707	卖盘
13:10:21	39.2	--	14	54880	买盘
13:10:18	39.2	-0.03	248	972160	卖盘
13:10:12	39.23	0.01	51	200072	买盘
13:10:09	39.22	--	4	15688	卖盘
13:10:00	39.22	-0.01	11	43142	卖盘
13:09:48	39.23	--	2	7845	买盘
13:09:42	39.23	--	2	7845	买盘
13:09:39	39.23	--	1	3922	买盘
13:09:30	39.23	--	4	15691	买盘
13:09:27	39.23	--	9	35307	买盘
13:09:24	39.23	--	109	428940	卖盘
13:09:21	39.23	--	41	163432	卖盘
13:08:45	39.23	--	141	553143	买盘
13:08:36	39.23	0.03	180	706140	买盘
13:08:33	39.2	0.01	27	105840	买盘
13:08:30	39.19	-0.01	1	3919	卖盘
13:08:27	39.2	--	6	23520	买盘
13:08:24	39.2	--	4	15680	买盘
13:08:21	39.2	-0.01	318	1246560	卖盘
13:08:18	39.21	-0.02	2	7842	卖盘
13:08:15	39.23	--	18	70614	买盘
13:08:09	39.23	--	9	35307	卖盘
13:08:06	39.23	--	268	1051364	卖盘
13:08:00	39.23	--	10	39230	买盘
13:07:57	39.23	0.03	6	23537	买盘
13:07:54	39.2	-0.03	4	15680	卖盘
13:07:48	39.23	0.03	12	47075	中性盘
13:07:42	39.2	-0.01	3	11760	卖盘
13:07:39	39.21	-0.03	4	15684	中性盘
13:07:24	39.24	0.06	92	361008	买盘
13:07:09	39.18	-0.01	50	195900	卖盘
13:07:03	39.19	--	20	78380	买盘
13:07:00	39.19	--	8	31352	买盘
13:06:57	39.19	-0.01	69	270411	卖盘
13:06:54	39.2	--	52	203840	买盘
13:06:48	39.2	--	10	39200	买盘
13:06:45	39.2	--	15	58800	买盘
13:06:39	39.2	--	4	15680	买盘
13:06:33	39.2	--	2	7840	买盘
13:06:27	39.2	0.02	5	19600	中性盘
13:06:24	39.18	-0.02	100	391800	卖盘
13:06:21	39.2	--	4	15680	买盘
13:06:15	39.2	--	20	78400	买盘
13:06:09	39.2	--	294	1152480	买盘
13:06:06	39.2	--	101	395920	买盘
13:06:03	39.2	--	13	50960	买盘
13:05:57	39.2	--	8	31360	买盘
13:05:54	39.2	--	1	3920	买盘
13:05:51	39.2	--	50	196000	买盘
13:05:45	39.2	--	1	3920	买盘
13:05:42	39.2	--	1	3920	买盘
13:05:39	39.2	0.01	64	250880	买盘
13:05:33	39.19	--	6	23514	卖盘
13:05:30	39.19	-0.01	31	121489	卖盘
13:05:27	39.2	--	3	11760	买盘
13:05:21	39.2	0.01	10	39200	买盘
13:05:15	39.19	-0.01	34	133246	卖盘
13:05:09	39.2	--	1	3920	买盘
13:05:06	39.2	--	6	23520	买盘
13:05:00	39.2	0.02	26	101920	买盘
13:04:48	39.18	--	40	156720	买盘
13:04:45	39.18	--	6	23508	买盘
13:04:36	39.18	--	5	19590	买盘
13:04:30	39.18	-0.02	19	74442	卖盘
13:04:27	39.2	--	16	62720	买盘
13:04:15	39.2	0.02	26	101920	买盘
13:04:09	39.18	--	20	78360	卖盘
13:04:06	39.18	-0.02	14	54852	卖盘
13:04:00	39.2	0.01	20	78400	买盘
13:03:54	39.19	--	47	184193	卖盘
13:03:42	39.19	--	20	78380	卖盘
13:03:36	39.19	0.01	63	246897	买盘
13:03:30	39.18	-0.01	20	78360	卖盘
13:03:18	39.19	-0.01	15	58785	卖盘
13:03:15	39.2	--	3	11760	卖盘
13:03:12	39.2	0.01	2	7840	卖盘
13:03:09	39.19	-0.01	6	23514	卖盘
13:02:57	39.2	0.01	12	47040	买盘
13:02:48	39.19	0.01	23	90137	买盘
13:02:42	39.18	-0.01	13	50934	中性盘
13:02:39	39.19	--	37	145003	卖盘
13:02:36	39.19	--	1	3919	卖盘
13:02:33	39.19	--	3	11757	卖盘
13:02:30	39.19	0.03	4	15676	买盘
13:02:27	39.16	--	16	62655	卖盘
13:02:24	39.16	--	1	3915	卖盘
13:02:21	39.16	-0.02	3	11747	卖盘
13:02:18	39.18	--	30	117540	买盘
13:02:15	39.18	0.02	5	19590	买盘
13:02:12	39.16	--	4	15663	卖盘
13:02:09	39.16	-0.02	64	250623	卖盘
13:02:03	39.18	0.02	2	7836	买盘
13:02:00	39.16	--	3	11747	卖盘
13:01:57	39.16	-0.03	12	46991	卖盘
13:01:51	39.19	0.03	5	19595	卖盘
13:01:48	39.16	--	37	144892	卖盘
13:01:45	39.16	-0.01	56	219295	卖盘
13:01:42	39.17	--	11	43087	卖盘
13:01:39	39.17	-0.02	28	109676	卖盘
13:01:36	39.19	0.02	17	66623	买盘
13:01:33	39.17	--	4	15668	卖盘
13:01:30	39.17	-0.02	20	78340	卖盘
13:01:24	39.19	--	3	11757	卖盘
13:01:18	39.19	-0.01	7	27433	卖盘
13:01:15	39.2	0.01	8	31360	买盘
13:01:09	39.19	-0.01	2	7838	卖盘
13:01:06	39.2	--	33	129360	买盘
13:01:03	39.2	--	20	78400	买盘
13:01:00	39.2	--	5	19600	买盘
13:00:54	39.2	--	5	19600	买盘
13:00:51	39.2	--	2	7840	买盘
13:00:48	39.2	--	20	78400	买盘
13:00:45	39.2	0.01	1	3920	买盘
13:00:42	39.19	-0.01	10	39190	卖盘
13:00:39	39.2	--	52	203840	买盘
13:00:30	39.2	0.01	91	356720	买盘
13:00:24	39.19	--	6	23514	卖盘
13:00:21	39.19	-0.01	3	11757	卖盘
13:00:15	39.2	0.01	20	78400	买盘
13:00:09	39.19	-0.01	3	11757	卖盘
13:00:06	39.2	--	10	39200	买盘
13:00:03	39.2	0.01	378	1481760	买盘
13:00:00	39.19	--	0	0	买盘
11:30:00	39.19	--	53	207707	买盘
11:29:57	39.19	--	83	325277	卖盘
11:29:54	39.19	-0.02	10	39190	卖盘
11:29:51	39.21	0.02	10	39210	买盘
11:29:45	39.19	-0.02	3	11757	卖盘
11:29:39	39.21	0.02	2	7842	买盘
11:29:36	39.19	-0.02	7	27433	卖盘
11:29:30	39.21	0.02	4	15684	买盘
11:29:27	39.19	-0.02	50	195950	卖盘
11:29:24	39.21	--	168	658728	卖盘
11:29:15	39.21	--	10	39210	卖盘
11:29:12	39.21	0.01	283	1109643	买盘
11:29:06	39.2	--	1	3920	买盘
11:29:03	39.2	--	11	43120	买盘
11:29:00	39.2	--	230	901600	卖盘
11:28:54	39.2	-0.01	26	101920	卖盘
11:28:45	39.21	--	6	23526	买盘
11:28:39	39.21	-0.01	132	517572	卖盘
11:28:36	39.22	0.01	34	133348	买盘
11:28:33	39.21	-0.01	17	66657	卖盘
11:28:30	39.22	--	10	39220	买盘
11:28:21	39.22	--	3	11766	买盘
11:28:18	39.22	--	2	7844	买盘
11:28:15	39.22	--	1	3922	买盘
11:28:12	39.22	0.01	19	74518	买盘
11:28:06	39.21	-0.01	4	15684	卖盘
11:28:00	39.22	0.01	6	23532	买盘
11:27:57	39.21	-0.01	4	15684	卖盘
11:27:54	39.22	--	10	39220	买盘
11:27:51	39.22	--	57	223554	卖盘
11:27:45	39.22	--	10	39220	卖盘
11:27:42	39.22	--	3	11766	卖盘
11:27:36	39.22	--	3	11766	卖盘
11:27:27	39.22	-0.02	62	243164	卖盘
11:27:24	39.24	--	1	3924	买盘
11:27:21	39.24	-0.01	20	78480	中性盘
11:27:12	39.25	--	27	105975	买盘
11:27:09	39.25	--	80	314000	买盘
11:27:06	39.25	--	4	15700	买盘
11:27:00	39.25	--	3	11775	买盘
11:26:57	39.25	--	5	19625	买盘
11:26:54	39.25	-0.01	68	266900	卖盘
11:26:51	39.26	--	20	78520	卖盘
11:26:48	39.26	-0.01	6	23556	卖盘
11:26:39	39.27	--	10	39270	买盘
11:26:36	39.27	--	3	11781	买盘
11:26:33	39.27	0.01	1	3927	买盘
11:26:30	39.26	-0.01	6	23556	卖盘
11:26:27	39.27	--	30	117810	买盘
11:26:21	39.27	-0.01	31	121737	卖盘
11:26:18	39.28	--	1	3928	买盘
11:26:15	39.28	--	4	15712	买盘
11:26:12	39.28	--	2	7856	买盘
11:26:09	39.28	--	28	109984	买盘
11:26:06	39.28	--	5	19640	买盘
11:25:57	39.28	0.02	2	7856	买盘
11:25:54	39.26	-0.01	3	11778	卖盘
11:25:45	39.27	0.01	4	15708	中性盘
11:25:27	39.26	--	4	15704	买盘
11:25:24	39.26	--	6	23556	买盘
11:25:21	39.26	--	6	23556	买盘
11:25:15	39.26	-0.02	1	3926	中性盘
11:25:09	39.28	0.04	37	145336	买盘
11:25:03	39.24	--	3	11772	卖盘
11:24:57	39.24	--	147	576828	卖盘
11:24:54	39.24	--	13	51012	卖盘
11:24:51	39.24	--	24	94176	卖盘
11:24:48	39.24	-0.02	39	153036	卖盘
11:24:45	39.26	0.02	23	90298	买盘
11:24:42	39.24	-0.02	3	11772	卖盘
11:24:39	39.26	0.02	3	11778	买盘
11:24:30	39.24	--	16	62784	买盘
11:24:27	39.24	--	19	74556	买盘
11:24:21	39.24	--	20	78480	买盘
11:24:18	39.24	--	5	19620	买盘
11:24:15	39.24	-0.02	47	184428	卖盘
11:24:12	39.26	0.02	2	7852	买盘
11:24:06	39.24	-0.02	13	51012	卖盘
11:24:03	39.26	--	14	54964	买盘
11:24:00	39.26	--	7	27482	买盘
11:23:57	39.26	--	126	494676	中性盘
11:23:54	39.26	--	3	11778	卖盘
11:23:51	39.26	--	20	78520	卖盘
11:23:48	39.26	-0.02	51	200226	卖盘
11:23:45	39.28	0.02	10	39280	买盘
11:23:42	39.26	--	7	27482	卖盘
11:23:39	39.26	-0.02	18	70668	中性盘
11:23:33	39.28	0.05	5	19640	买盘
11:23:30	39.23	--	4	15691	卖盘
11:23:24	39.23	--	14	54921	买盘
11:23:21	39.23	--	11	43153	买盘
11:23:18	39.23	0.01	81	317763	买盘
11:23:15	39.22	-0.01	63	247086	卖盘
11:23:12	39.23	--	5	19615	买盘
11:23:09	39.23	0.01	307	1204361	买盘
11:23:06	39.22	--	2	7844	卖盘
11:23:00	39.22	0.01	6	23532	买盘
11:22:57	39.21	--	15	58815	卖盘
11:22:51	39.21	--	22	86262	买盘
11:22:48	39.21	--	6	23526	买盘
11:22:45	39.21	0.01	8	31368	买盘
11:22:42	39.2	-0.01	3	11760	卖盘
11:22:39	39.21	0.01	13	50973	买盘
11:22:36	39.2	-0.01	5	19600	卖盘
11:22:33	39.21	--	50	196050	买盘
11:22:30	39.21	0.01	10	39210	买盘
11:22:27	39.2	--	3	11760	买盘
11:22:24	39.2	-0.01	58	227360	卖盘
11:22:21	39.21	--	10	39210	买盘
11:22:18	39.21	0.01	25	98025	买盘
11:22:15	39.2	-0.01	20	78400	卖盘
11:22:12	39.21	--	81	317601	买盘
11:22:09	39.21	--	17	66657	买盘
11:22:06	39.21	0.01	43	168603	买盘
11:22:03	39.2	--	10	39200	卖盘
11:22:00	39.2	-0.01	6	23520	卖盘
11:21:57	39.21	--	33	129393	买盘
11:21:54	39.21	0.01	97	380337	买盘
11:21:51	39.2	-0.01	4	15680	卖盘
11:21:45	39.21	--	12	47052	买盘
11:21:42	39.21	-0.02	5	19605	中性盘
11:21:39	39.23	--	18	70614	买盘
11:21:36	39.23	--	7	27460	买盘
11:21:33	39.23	--	8	31383	买盘
11:21:30	39.23	--	12	47075	买盘
11:21:27	39.23	0.02	46	180458	买盘
11:21:21	39.21	--	72	282312	卖盘
11:21:09	39.21	0.02	6	23526	卖盘
11:21:06	39.19	-0.01	111	435009	卖盘
11:21:03	39.2	--	250	980000	买盘
11:21:00	39.2	--	145	568400	买盘
11:20:51	39.2	0.01	21	82320	买盘
11:20:48	39.19	--	3	11757	卖盘
11:20:45	39.19	-0.01	14	54866	卖盘
11:20:33	39.2	--	16	62720	买盘
11:20:27	39.2	0.02	2	7840	买盘
11:20:24	39.18	--	118	462324	卖盘
11:20:21	39.18	-0.01	10	39180	卖盘
11:20:18	39.19	0.01	32	125408	买盘
11:20:15	39.18	-0.01	12	47016	卖盘
11:20:09	39.19	0.01	12	47028	买盘
11:20:06	39.18	--	4	15672	卖盘
11:20:03	39.18	-0.01	24	94032	卖盘
11:20:00	39.19	--	42	164598	买盘
11:19:57	39.19	--	6	23514	买盘
11:19:54	39.19	-0.01	117	458523	卖盘
11:19:51	39.2	0.01	13	50960	买盘
11:19:48	39.19	-0.01	6	23514	卖盘
11:19:45	39.2	--	18	70560	买盘
11:19:42	39.2	--	10	39200	买盘
11:19:39	39.2	0.02	5	19600	买盘
11:19:36	39.18	-0.02	24	94032	卖盘
11:19:33	39.2	--	99	388080	买盘
11:19:27	39.2	--	5	19600	买盘
11:19:21	39.2	0.02	5	19600	买盘
11:19:18	39.18	--	14	54852	卖盘
11:19:15	39.18	-0.02	2	7836	卖盘
11:19:12	39.2	0.03	53	207760	买盘
11:19:09	39.17	--	4	15668	买盘
11:19:06	39.17	--	1	3917	买盘
11:19:03	39.17	0.01	7	27419	买盘
11:19:00	39.16	-0.01	14	54823	卖盘
11:18:57	39.17	0.01	5	19585	买盘
11:18:54	39.16	--	9	35244	买盘
11:18:51	39.16	0.01	19	74404	买盘
11:18:48	39.15	--	6	23490	卖盘
11:18:45	39.15	0.01	16	62640	买盘
11:18:42	39.14	0.01	41	160474	中性盘
11:18:39	39.13	--	200	782600	卖盘
11:18:36	39.13	-0.01	13	50869	卖盘
11:18:33	39.14	-0.01	18	70452	中性盘
11:18:30	39.15	--	38	148770	买盘
11:18:27	39.15	0.01	10	39150	买盘
11:18:24	39.14	-0.01	28	109592	卖盘
11:18:21	39.15	--	5	19575	买盘
11:18:18	39.15	-0.01	1	3915	买盘
11:18:15	39.16	0.04	1	3915	中性盘
11:18:03	39.12	-0.05	56	219111	卖盘
11:18:00	39.17	0.02	184	720728	买盘
11:17:57	39.15	--	15	58725	卖盘
11:17:54	39.15	--	29	113535	卖盘
11:17:51	39.15	--	100	391500	卖盘
11:17:48	39.15	-0.02	40	156600	卖盘
11:17:45	39.17	--	4	15668	买盘
11:17:42	39.17	0.01	12	47004	买盘
11:17:39	39.16	-0.02	100	391599	卖盘
11:17:36	39.18	--	88	344784	买盘
11:17:33	39.18	--	1	3918	买盘
11:17:30	39.18	0.01	20	78360	买盘
11:17:27	39.17	-0.01	56	219352	卖盘
11:17:24	39.18	0.01	1	3918	卖盘
11:17:21	39.17	-0.01	85	332945	卖盘
11:17:18	39.18	-0.02	102	399636	卖盘
11:17:15	39.2	--	10	39200	买盘
11:17:12	39.2	0.01	52	203840	买盘
11:17:09	39.19	-0.01	150	587850	卖盘
11:17:06	39.2	--	15	58800	买盘
11:17:03	39.2	--	30	117600	买盘
11:17:00	39.2	--	1	3920	买盘
11:16:57	39.2	--	6	23520	买盘
11:16:54	39.2	--	2	7840	买盘
11:16:51	39.2	--	9	35280	中性盘
11:16:45	39.2	--	41	160720	卖盘
11:16:42	39.2	-0.02	48	188160	卖盘
11:16:30	39.22	-0.01	3	11766	卖盘
11:16:27	39.23	--	26	101997	买盘
11:16:24	39.23	--	62	243225	卖盘
11:16:21	39.23	--	15	58844	卖盘
11:16:18	39.23	--	23	90229	卖盘
11:16:15	39.23	--	14	54921	卖盘
11:16:12	39.23	--	7	27460	卖盘
11:16:09	39.23	--	1	3922	卖盘
11:16:06	39.23	--	6	23537	买盘
11:16:03	39.23	--	53	207918	买盘
11:15:57	39.23	--	8	31383	买盘
11:15:54	39.23	0.01	5	19615	买盘
11:15:42	39.22	--	13	50986	卖盘
11:15:39	39.22	--	43	168646	卖盘
11:15:36	39.22	--	7	27454	卖盘
11:15:33	39.22	--	13	50986	买盘
11:15:30	39.22	--	3	11766	买盘
11:15:27	39.22	--	154	603988	买盘
11:15:24	39.22	--	8	31376	买盘
11:15:21	39.22	--	33	129426	买盘
11:15:15	39.22	--	13	50986	卖盘
11:15:12	39.22	--	10	39220	中性盘
11:15:03	39.22	--	9	35298	买盘
11:15:00	39.22	--	37	145114	买盘
11:14:57	39.22	--	1	3922	买盘
11:14:54	39.22	--	6	23532	买盘
11:14:51	39.22	--	45	176490	卖盘
11:14:42	39.22	-0.01	2	7844	卖盘
11:14:39	39.23	0.01	71	278533	买盘
11:14:33	39.22	0.01	23	90206	买盘
11:14:30	39.21	-0.01	30	117630	卖盘
11:14:27	39.22	--	3	11766	买盘
11:14:21	39.22	-0.01	5	19610	卖盘
11:14:18	39.23	-0.01	16	62767	买盘
11:14:09	39.24	--	30	117720	卖盘
11:14:06	39.24	--	11	43164	卖盘
11:14:03	39.24	0.03	8	31392	买盘
11:14:00	39.21	-0.03	67	262707	卖盘
11:13:57	39.24	--	2	7848	买盘
11:13:54	39.24	--	29	113796	买盘
11:13:51	39.24	-0.02	49	192276	卖盘
11:13:45	39.26	--	4	15704	买盘
11:13:39	39.26	0.01	1	3926	买盘
11:13:36	39.25	0.01	28	109900	买盘
11:13:33	39.24	0.05	1	3924	买盘
11:13:27	39.19	-0.05	3	11757	卖盘
11:13:24	39.24	0.05	56	219744	买盘
11:13:21	39.19	--	22	86218	买盘
11:13:18	39.19	--	10	39190	买盘
11:13:12	39.19	--	32	125408	买盘
11:13:06	39.19	0.02	9	35271	买盘
11:13:03	39.17	-0.01	20	78340	卖盘
11:13:00	39.18	--	2	7836	买盘
11:12:57	39.18	--	5	19590	买盘
11:12:54	39.18	-0.02	87	340866	卖盘
11:12:51	39.2	0.01	33	129360	买盘
11:12:48	39.19	-0.01	1	3919	卖盘
11:12:45	39.2	0.01	20	78400	买盘
11:12:42	39.19	-0.01	10	39190	卖盘
11:12:39	39.2	--	3	11760	买盘
11:12:36	39.2	--	33	129360	买盘
11:12:33	39.2	--	208	815360	卖盘
11:12:30	39.2	-0.02	23	90160	卖盘
11:12:27	39.22	--	69	270618	买盘
11:12:24	39.22	-0.02	365	1431530	卖盘
11:12:21	39.24	--	4	15696	买盘
11:12:18	39.24	-0.01	598	2346552	中性盘
11:12:12	39.25	0.02	123	482775	买盘
11:12:06	39.23	--	15	58844	卖盘
11:12:03	39.23	-0.01	2	7845	卖盘
11:12:00	39.24	--	1	3924	买盘
11:11:57	39.24	--	8	31392	卖盘
11:11:54	39.24	-0.01	3	11772	卖盘
11:11:51	39.25	-0.01	36	141300	卖盘
11:11:48	39.26	0.01	10	39260	买盘
11:11:42	39.25	-0.01	29	113825	卖盘
11:11:33	39.26	--	8	31408	卖盘
11:11:30	39.26	-0.01	21	82446	卖盘
11:11:27	39.27	-0.01	66	259182	卖盘
11:11:24	39.28	--	1	3928	买盘
11:11:18	39.28	--	50	196400	卖盘
11:11:15	39.28	--	230	903440	卖盘
11:11:12	39.28	--	15	58920	卖盘
11:11:09	39.28	-0.01	69	271032	卖盘
11:11:06	39.29	-0.01	10	39290	买盘
11:11:03	39.3	0.02	86	337980	买盘
11:11:00	39.28	-0.02	9	35352	卖盘
11:10:57	39.3	--	11	43230	买盘
11:10:51	39.3	--	153	601290	买盘
11:10:42	39.3	--	64	254310	卖盘
11:10:39	39.3	-0.01	266	1045379	卖盘
11:10:30	39.31	-0.03	100	393100	卖盘
11:10:21	39.34	--	4	15736	卖盘
11:10:18	39.34	--	6	23604	卖盘
11:10:09	39.34	0.02	3	11802	中性盘
11:10:03	39.32	-0.01	51	200532	卖盘
11:10:00	39.33	--	14	55062	卖盘
11:09:57	39.33	--	18	70794	卖盘
11:09:51	39.33	--	35	137655	卖盘
11:09:48	39.33	-0.01	51	200583	卖盘
11:09:45	39.34	-0.01	45	177030	卖盘
11:09:42	39.35	--	30	118050	买盘
11:09:39	39.35	0.01	1	3935	买盘
11:09:30	39.34	--	3	11802	卖盘
11:09:24	39.34	--	11	43274	卖盘
11:09:18	39.34	-0.01	2	7868	卖盘
11:09:06	39.35	0.01	12	47220	买盘
11:08:54	39.34	--	10	39340	卖盘
11:08:45	39.34	0.01	3	11802	中性盘
11:08:39	39.33	-0.05	64	251712	卖盘
11:08:33	39.38	0.05	8	31504	买盘
11:08:24	39.33	--	10	39330	卖盘
11:08:06	39.33	--	1	3933	买盘
11:08:00	39.33	--	5	19665	买盘
11:07:54	39.33	0.01	11	43263	中性盘
11:07:51	39.32	--	50	196600	卖盘
11:07:33	39.32	-0.07	20	78640	卖盘
11:07:27	39.39	0.07	72	283608	买盘
11:07:18	39.32	--	28	110096	卖盘
11:07:15	39.32	-0.06	37	145484	卖盘
11:07:09	39.38	0.06	50	196900	买盘
11:07:06	39.32	--	51	200571	卖盘
11:07:00	39.32	--	40	157280	卖盘
11:06:57	39.32	--	5	19660	买盘
11:06:48	39.32	0.01	7	27524	买盘
11:06:45	39.31	-0.01	13	51103	中性盘
11:06:39	39.32	-0.02	1	3932	买盘
11:06:36	39.34	--	11	47168	卖盘
11:06:30	39.34	0.03	37	145597	买盘
11:06:27	39.31	-0.03	23	90413	卖盘
11:06:18	39.34	--	5	23564	卖盘
11:06:12	39.34	-0.01	5	19709	卖盘
11:06:09	39.35	--	13	51155	买盘
11:06:00	39.35	--	6	23610	卖盘
11:05:57	39.35	-0.03	7	27545	卖盘
11:05:54	39.38	0.03	1	3938	买盘
11:05:48	39.35	--	5	19675	卖盘
11:05:45	39.35	--	7	27545	卖盘
11:05:39	39.35	--	12	47220	卖盘
11:05:36	39.35	--	3	11805	卖盘
11:05:27	39.35	--	17	66895	卖盘
11:05:21	39.35	--	3	11805	卖盘
11:05:18	39.35	--	49	192815	卖盘
11:05:15	39.35	--	11	43285	卖盘
11:05:12	39.35	-0.01	19	74765	卖盘
11:05:09	39.36	-0.02	3	11808	卖盘
11:05:06	39.38	0.01	2	7876	买盘
11:05:03	39.37	-0.01	9	35433	卖盘
11:05:00	39.38	-0.01	4	15752	卖盘
11:04:57	39.39	0.01	20	78780	买盘
11:04:48	39.38	-0.01	5	19690	卖盘
11:04:45	39.39	--	7	27573	卖盘
11:04:42	39.39	0.02	2	7878	中性盘
11:04:33	39.37	--	3	11811	卖盘
11:04:30	39.37	0.01	9	35433	中性盘
11:04:24	39.36	-0.03	6	23616	卖盘
11:04:21	39.39	--	20	78780	买盘
11:04:18	39.39	0.03	3	11817	买盘
11:04:15	39.36	-0.03	25	98400	卖盘
11:04:12	39.39	--	7	27573	卖盘
11:04:06	39.39	--	3	11817	卖盘
11:04:03	39.39	--	12	47268	买盘
11:04:00	39.39	--	2	7878	买盘
11:03:48	39.39	0.03	5	19695	买盘
11:03:45	39.36	0.01	6	23616	中性盘
11:03:21	39.35	--	32	125920	买盘
11:03:15	39.35	0.01	100	393500	买盘
11:03:06	39.34	0.04	2	7868	买盘
11:03:03	39.3	-0.01	28	110039	卖盘
11:03:00	39.31	--	15	58965	卖盘
11:02:57	39.31	0.01	15	60104	卖盘
11:02:54	39.3	--	6	23580	卖盘
11:02:42	39.3	--	1	3929	卖盘
11:02:39	39.3	--	20	78600	卖盘
11:02:36	39.3	--	35	137550	买盘
11:02:30	39.3	--	14	55019	买盘
11:02:27	39.3	--	1	3929	买盘
11:02:24	39.3	--	8	31439	中性盘
11:02:15	39.3	0.01	8	31439	卖盘
11:02:09	39.29	-0.01	50	196450	卖盘
11:02:03	39.3	--	10	39300	买盘
11:01:57	39.3	--	21	82530	买盘
11:01:54	39.3	--	21	82530	买盘
11:01:48	39.3	--	7	27509	买盘
11:01:45	39.3	--	22	86460	买盘
11:01:42	39.3	-0.05	480	1886399	卖盘
11:01:39	39.35	--	1	3935	买盘
11:01:36	39.35	-0.01	236	928660	卖盘
11:01:30	39.36	--	1	3936	买盘
11:01:27	39.36	--	16	62976	买盘
11:01:24	39.36	0.01	15	59040	买盘
11:01:09	39.35	--	19	74765	卖盘
11:01:06	39.35	--	5	19675	买盘
11:00:54	39.35	0.01	2	7870	买盘
11:00:48	39.34	-0.01	12	47208	卖盘
11:00:42	39.35	0.01	1	3935	买盘
11:00:33	39.34	-0.01	1	3934	卖盘
11:00:30	39.35	--	5	19675	买盘
11:00:21	39.35	--	5	19675	买盘
11:00:15	39.35	0.01	10	39350	买盘
11:00:03	39.34	0.02	23	90482	买盘
10:59:51	39.32	--	1	3932	卖盘
10:59:48	39.32	--	30	117960	卖盘
10:59:45	39.32	--	2	7864	卖盘
10:59:42	39.32	--	55	216260	卖盘
10:59:36	39.32	-0.02	5	19660	卖盘
10:59:33	39.34	0.02	17	66878	买盘
10:59:30	39.32	-0.03	50	196600	卖盘
10:59:27	39.35	0.01	2	7870	买盘
10:59:24	39.34	--	10	39340	卖盘
10:59:18	39.34	-0.01	19	74746	卖盘
10:59:15	39.35	0.01	2	7870	买盘
10:59:06	39.34	--	1	3934	卖盘
10:59:00	39.34	-0.01	55	216370	卖盘
10:58:51	39.35	--	13	51155	买盘
10:58:48	39.35	-0.01	122	483965	卖盘
10:58:45	39.36	--	3	11808	卖盘
10:58:42	39.36	--	45	177120	卖盘
10:58:36	39.36	--	3	11808	卖盘
10:58:33	39.36	--	4	15744	卖盘
10:58:30	39.36	-0.01	40	157440	卖盘
10:58:24	39.37	0.01	30	118109	买盘
10:58:21	39.36	-0.01	9	35424	卖盘
10:58:18	39.37	-0.02	59	232282	卖盘
10:58:06	39.39	--	7	27573	卖盘
10:58:00	39.39	0.01	3	11817	中性盘
10:57:54	39.38	-0.01	6	23628	卖盘
10:57:48	39.39	--	3	11817	卖盘
10:57:45	39.39	--	4	15756	卖盘
10:57:42	39.39	--	3	11817	卖盘
10:57:39	39.39	0.02	37	145743	买盘
10:57:33	39.37	--	6	23622	卖盘
10:57:27	39.37	-0.01	6	23622	卖盘
10:57:24	39.38	--	3	11814	卖盘
10:57:21	39.38	--	9	35442	卖盘
10:57:15	39.38	-0.01	10	39380	卖盘
10:57:12	39.39	--	25	98475	卖盘
10:57:09	39.39	--	3	11817	卖盘
10:57:06	39.39	--	32	126048	卖盘
10:56:51	39.39	--	3	11817	卖盘
10:56:36	39.39	-0.03	10	39390	卖盘
10:56:33	39.42	--	1	3942	买盘
10:56:30	39.42	0.03	25	98550	买盘
10:56:21	39.39	-0.02	3	11817	卖盘
10:56:18	39.41	0.02	2	7881	买盘
10:56:12	39.39	-0.01	79	311181	卖盘
10:56:06	39.4	--	7	27580	买盘
10:55:51	39.4	0.01	58	228520	买盘
10:55:48	39.39	--	8	31512	卖盘
10:55:42	39.39	--	4	15756	买盘
10:55:36	39.39	0.01	1	3939	买盘
10:55:33	39.38	-0.01	0	39	卖盘
10:55:21	39.39	0.01	7	27573	买盘
10:55:15	39.38	-0.01	10	39380	卖盘
10:55:12	39.39	--	2	7878	买盘
10:54:54	39.39	--	2	7878	卖盘
10:54:51	39.39	--	17	66963	卖盘
10:54:30	39.39	0.01	6	23634	买盘
10:54:21	39.38	--	1	3938	卖盘
10:53:45	39.38	--	1	3938	卖盘
10:53:42	39.38	-0.02	14	55132	卖盘
10:53:36	39.4	0.02	1	3940	买盘
10:53:30	39.38	--	8	31661	卖盘
10:53:15	39.38	--	8	31504	卖盘
10:53:12	39.38	0.01	14	55132	买盘
10:53:00	39.37	-0.01	14	55118	卖盘
10:52:57	39.38	0.01	1	3938	买盘
10:52:54	39.37	-0.01	9	35433	卖盘
10:52:51	39.38	0.01	3	11814	中性盘
10:52:48	39.37	0.01	6	23622	卖盘
10:52:45	39.36	-0.02	174	684864	卖盘
10:52:39	39.38	--	10	39380	卖盘
10:52:36	39.38	-0.01	13	51194	卖盘
10:52:33	39.39	-0.01	12	47268	卖盘
10:52:24	39.4	0.01	21	82740	买盘
10:52:21	39.39	-0.01	4	15756	卖盘
10:52:15	39.4	0.02	1	3940	买盘
10:52:09	39.38	-0.02	8	31504	卖盘
10:52:06	39.4	--	4	15760	卖盘
10:52:03	39.4	--	16	63040	买盘
10:51:57	39.4	-0.01	27	106380	卖盘
10:51:54	39.41	0.01	86	338925	买盘
10:51:39	39.4	-0.02	20	78800	卖盘
10:51:24	39.42	0.02	15	59130	买盘
10:51:15	39.4	-0.02	25	98500	卖盘
10:51:03	39.42	--	7	27594	买盘
10:51:00	39.42	--	6	23652	买盘
10:50:57	39.42	--	4	15768	买盘
10:50:42	39.42	--	1	3942	买盘
10:50:39	39.42	0.02	11	43362	买盘
10:50:33	39.4	--	1	3940	卖盘
10:50:30	39.4	--	4	15760	卖盘
10:50:27	39.4	0.01	19	74860	买盘
10:50:24	39.39	--	45	177255	卖盘
10:50:21	39.39	-0.01	3	11817	卖盘
10:50:15	39.4	--	10	39400	买盘
10:50:12	39.4	--	6	23640	买盘
10:50:09	39.4	--	13	51220	买盘
10:50:06	39.4	--	2	7880	买盘
10:50:00	39.4	0.01	3	11820	买盘
10:49:48	39.39	--	3	11817	卖盘
10:49:42	39.39	--	6	23634	卖盘
10:49:36	39.39	0.01	4	15756	买盘
10:49:33	39.38	-0.01	1	3938	卖盘
10:49:30	39.39	--	5	19695	买盘
10:49:27	39.39	0.01	5	19695	买盘
10:49:24	39.38	-0.01	2	7876	卖盘
10:49:12	39.39	--	10	39390	买盘
10:49:03	39.39	0.01	47	185133	买盘
10:49:00	39.38	--	1	3938	买盘
10:48:57	39.38	0.02	4	15752	买盘
10:48:54	39.36	--	35	137760	卖盘
10:48:45	39.36	-0.02	6	23616	卖盘
10:48:39	39.38	0.02	35	137830	买盘
10:48:36	39.36	--	42	165312	卖盘
10:48:33	39.36	-0.02	2	7872	卖盘
10:48:21	39.38	0.02	2	7876	买盘
10:48:12	39.36	0.01	39	153504	买盘
10:48:09	39.35	-0.01	2	7870	卖盘
10:48:06	39.36	--	9	35424	买盘
10:47:57	39.36	0.01	3	11808	买盘
10:47:51	39.35	-0.01	14	55129	卖盘
10:47:48	39.36	-0.02	3	11808	卖盘
10:47:36	39.38	0.03	1	3938	买盘
10:47:33	39.35	--	8	31480	卖盘
10:47:30	39.35	--	14	55090	卖盘
10:47:21	39.35	-0.02	10	39350	卖盘
10:47:12	39.37	--	5	19685	卖盘
10:47:00	39.37	--	2	7873	卖盘
10:46:48	39.37	0.02	1	3936	买盘
10:46:45	39.35	--	27	106245	卖盘
10:46:42	39.35	--	5	19675	买盘
10:46:36	39.35	--	3	11805	买盘
10:46:30	39.35	-0.02	82	322670	卖盘
10:46:27	39.37	--	2	7873	卖盘
10:46:21	39.37	-0.01	10	39370	卖盘
10:46:18	39.38	--	5	19690	买盘
10:46:12	39.38	--	5	19690	买盘
10:46:03	39.38	--	24	94512	买盘
10:45:54	39.38	--	43	169334	卖盘
10:45:42	39.38	--	9	35442	卖盘
10:45:39	39.38	0.01	30	118140	买盘
10:45:36	39.37	--	4	15747	卖盘
10:45:27	39.37	-0.01	20	78740	卖盘
10:45:12	39.38	--	14	55132	卖盘
10:45:09	39.38	-0.01	10	39380	卖盘
10:45:06	39.39	--	1	3939	买盘
10:44:48	39.39	-0.04	3	11817	卖盘
10:44:45	39.43	--	30	118290	买盘
10:44:39	39.43	--	2	7886	买盘
10:44:36	39.43	0.07	6	23658	买盘
10:44:15	39.36	--	7	27552	买盘
10:44:12	39.36	-0.01	23	90528	卖盘
10:44:06	39.37	--	6	23622	卖盘
10:44:00	39.37	-0.07	1	3936	中性盘
10:43:48	39.44	0.08	300	1183200	买盘
10:43:45	39.36	-0.01	29	114144	卖盘
10:43:42	39.37	--	26	102362	买盘
10:43:39	39.37	--	23	90551	买盘
10:43:33	39.37	--	4	15747	买盘
10:43:30	39.37	--	11	43307	买盘
10:43:15	39.37	--	30	118109	买盘
10:43:12	39.37	--	4	15747	买盘
10:43:09	39.37	--	7	27559	买盘
10:43:06	39.37	0.01	10	39370	买盘
10:43:03	39.36	-0.01	10	39360	卖盘
10:43:00	39.37	--	9	35433	买盘
10:42:54	39.37	0.01	27	106299	买盘
10:42:48	39.36	--	1	3936	卖盘
10:42:45	39.36	--	5	19680	卖盘
10:42:42	39.36	--	2	7872	卖盘
10:42:33	39.36	--	22	86592	买盘
10:42:30	39.36	--	124	488064	买盘
10:42:21	39.36	0.02	15	59040	买盘
10:42:18	39.34	-0.02	22	86548	卖盘
10:42:15	39.36	0.02	10	39360	买盘
10:42:12	39.34	-0.02	3	11802	卖盘
10:42:09	39.36	0.02	9	35424	买盘
10:42:06	39.34	-0.02	1	3934	卖盘
10:41:57	39.36	0.03	5	19680	买盘
10:41:54	39.33	-0.01	48	188784	卖盘
10:41:51	39.34	0.01	7	27538	买盘
10:41:48	39.33	-0.03	10	39330	卖盘
10:41:45	39.36	0.01	5	19680	买盘
10:41:42	39.35	0.01	2	7870	买盘
10:41:39	39.34	-0.02	5	19670	中性盘
10:41:30	39.36	0.03	10	39360	买盘
10:41:21	39.33	-0.03	29	114057	卖盘
10:41:18	39.36	--	4	15744	买盘
10:41:12	39.36	0.03	4	15744	买盘
10:41:09	39.33	-0.01	26	102258	卖盘
10:41:03	39.34	--	25	98350	卖盘
10:41:00	39.34	--	3	11802	卖盘
10:40:54	39.34	-0.02	55	216370	卖盘
10:40:51	39.36	0.02	5	19680	买盘
10:40:45	39.34	--	8	31472	卖盘
10:40:42	39.34	--	17	66878	买盘
10:40:39	39.34	0.01	1	3934	买盘
10:40:27	39.33	--	6	23598	买盘
10:40:21	39.33	--	20	78660	买盘
10:40:15	39.33	0.02	3	11799	买盘
10:40:12	39.31	--	24	94344	卖盘
10:40:06	39.31	--	3	11793	卖盘
10:40:03	39.31	0.01	3	11793	卖盘
10:40:00	39.3	-0.03	40	157200	卖盘
10:39:57	39.33	0.03	6	23598	买盘
10:39:48	39.3	--	28	110590	买盘
10:39:45	39.3	--	15	58949	买盘
10:39:42	39.3	--	1	3929	买盘
10:39:39	39.3	--	11	43230	买盘
10:39:36	39.3	--	170	671479	卖盘
10:39:30	39.3	--	94	369420	卖盘
10:39:27	39.3	--	16	62879	卖盘
10:39:24	39.3	0.01	18	71290	买盘
10:39:21	39.29	-0.01	6	23574	卖盘
10:39:18	39.3	--	29	113969	买盘
10:39:15	39.3	0.02	56	220079	买盘
10:39:12	39.28	--	8	31424	卖盘
10:39:09	39.28	--	1	3928	卖盘
10:39:06	39.28	-0.02	29	113912	卖盘
10:39:03	39.3	0.02	10	39300	买盘
10:39:00	39.28	-0.02	60	235680	卖盘
10:38:57	39.3	0.01	20	78600	买盘
10:38:54	39.29	-0.01	18	70722	卖盘
10:38:51	39.3	0.01	14	55019	买盘
10:38:48	39.29	0.01	1	3929	中性盘
10:38:45	39.28	-0.02	52	207634	卖盘
10:38:39	39.3	--	15	58949	卖盘
10:38:33	39.3	--	70	275650	买盘
10:38:30	39.3	--	5	19650	买盘
10:38:27	39.3	--	5	19650	买盘
10:38:24	39.3	--	20	78600	买盘
10:38:21	39.3	-0.02	222	872459	卖盘
10:38:18	39.32	-0.01	62	243784	卖盘
10:38:12	39.33	0.01	64	251712	卖盘
10:38:06	39.32	-0.01	30	117960	卖盘
10:37:57	39.33	-0.05	8	31464	卖盘
10:37:54	39.38	0.05	27	106326	买盘
10:37:51	39.33	0.01	7	27531	中性盘
10:37:42	39.32	-0.01	6	23592	卖盘
10:37:39	39.33	0.01	26	102258	买盘
10:37:36	39.32	-0.01	25	98300	卖盘
10:37:33	39.33	--	3	11799	买盘
10:37:30	39.33	--	2	7866	买盘
10:37:24	39.33	--	7	27531	卖盘
10:37:21	39.33	--	5	19665	卖盘
10:37:15	39.33	--	2	7866	卖盘
10:37:09	39.33	-0.06	5	19665	中性盘
10:37:03	39.39	0.07	105	413595	买盘
10:36:57	39.32	0.01	1	3932	买盘
10:36:54	39.31	-0.01	118	463858	卖盘
10:36:51	39.32	--	12	47184	买盘
10:36:45	39.32	-0.01	3	11796	卖盘
10:36:42	39.33	0.01	3	11799	买盘
10:36:39	39.32	-0.01	10	39320	卖盘
10:36:36	39.33	--	32	125856	买盘
10:36:33	39.33	-0.02	1	3933	中性盘
10:36:30	39.35	0.02	101	397435	买盘
10:36:27	39.33	--	58	228114	卖盘
10:36:24	39.33	--	3	11799	卖盘
10:36:21	39.33	--	66	259578	卖盘
10:36:18	39.33	-0.02	17	66861	卖盘
10:36:09	39.35	--	17	66895	卖盘
10:36:06	39.35	--	57	224295	卖盘
10:36:03	39.35	--	5	19675	卖盘
10:36:00	39.35	--	8	31480	卖盘
10:35:57	39.35	--	8	31480	卖盘
10:35:54	39.35	--	24	94440	中性盘
10:35:48	39.35	-0.04	22	86570	卖盘
10:35:45	39.39	0.04	2	7878	买盘
10:35:42	39.35	-0.03	81	318735	卖盘
10:35:39	39.38	--	21	82698	卖盘
10:35:36	39.38	--	2	7876	卖盘
10:35:33	39.38	-0.01	116	456808	卖盘
10:35:30	39.39	-0.01	18	70902	卖盘
10:35:27	39.4	--	18	70920	买盘
10:35:21	39.4	--	194	764399	卖盘
10:35:18	39.4	--	2	7880	卖盘
10:35:15	39.4	-0.01	15	59100	卖盘
10:35:12	39.41	--	18	70938	买盘
10:35:09	39.41	0.01	7	27586	买盘
10:35:00	39.4	--	5	19700	卖盘
10:34:51	39.4	-0.01	197	776180	卖盘
10:34:48	39.41	--	118	465037	卖盘
10:34:45	39.41	-0.01	16	63055	卖盘
10:34:39	39.42	-0.01	50	197100	卖盘
10:34:36	39.43	--	45	177435	买盘
10:34:33	39.43	--	47	185321	买盘
10:34:30	39.43	0.01	6	23658	买盘
10:34:27	39.42	-0.02	8	31536	卖盘
10:34:21	39.44	0.01	9	35496	买盘
10:34:18	39.43	--	8	31544	卖盘
10:34:15	39.43	--	12	47316	卖盘
10:34:12	39.43	-0.01	47	185321	卖盘
10:34:09	39.44	0.01	7	27608	买盘
10:34:06	39.43	--	6	23658	卖盘
10:34:03	39.43	--	11	43373	卖盘
10:34:00	39.43	-0.01	4	15772	卖盘
10:33:54	39.44	--	6	23664	买盘
10:33:45	39.44	--	30	118320	卖盘
10:33:42	39.44	--	2	7888	卖盘
10:33:39	39.44	-0.01	22	86768	卖盘
10:33:30	39.45	0.01	7	27615	买盘
10:33:27	39.44	-0.01	3	11832	卖盘
10:33:24	39.45	--	80	315600	买盘
10:33:15	39.45	0.01	3	11835	买盘
10:33:09	39.44	-0.01	3	11832	卖盘
10:33:06	39.45	--	5	19725	买盘
10:33:03	39.45	--	2	7890	买盘
10:33:00	39.45	--	48	189360	卖盘
10:32:39	39.45	--	2	7890	卖盘
10:32:33	39.45	--	2	7890	卖盘
10:32:27	39.45	--	10	39450	卖盘
10:32:18	39.45	--	3	11835	卖盘
10:32:15	39.45	--	27	106515	卖盘
10:32:09	39.45	--	10	39450	卖盘
10:32:00	39.45	--	24	94680	卖盘
10:31:57	39.45	--	3	11835	卖盘
10:31:51	39.45	-0.02	8	31560	卖盘
10:31:42	39.47	0.02	2	7894	买盘
10:31:27	39.45	--	33	130185	买盘
10:31:24	39.45	--	6	23670	买盘
10:31:15	39.45	--	21	82845	买盘
10:31:06	39.45	--	3	11835	买盘
10:31:03	39.45	--	6	23670	卖盘
10:31:00	39.45	--	2	7890	卖盘
10:30:54	39.45	--	2	7890	卖盘
10:30:48	39.45	--	28	110460	买盘
10:30:45	39.45	--	2	7890	买盘
10:30:42	39.45	0.01	4	15780	买盘
10:30:36	39.44	-0.01	6	23664	卖盘
10:30:33	39.45	--	5	19725	买盘
10:30:18	39.45	--	10	39450	买盘
10:30:12	39.45	--	2	7890	买盘
10:30:09	39.45	--	24	94680	卖盘
10:29:51	39.45	-0.01	19	74955	卖盘
10:29:48	39.46	0.01	13	51298	买盘
10:29:39	39.45	--	12	47340	卖盘
10:29:33	39.45	--	10	39450	卖盘
10:29:24	39.45	0.01	2	7890	买盘
10:29:18	39.44	-0.01	17	67048	卖盘
10:29:12	39.45	0.01	1	3945	买盘
10:29:09	39.44	-0.02	20	78880	卖盘
10:28:57	39.46	0.01	35	138110	买盘
10:28:54	39.45	-0.01	20	78900	卖盘
10:28:51	39.46	0.01	8	31568	买盘
10:28:45	39.45	-0.01	4	15780	卖盘
10:28:42	39.46	-0.02	10	39460	卖盘
10:28:27	39.48	--	1	3947	中性盘
10:28:15	39.48	0.03	1	3947	买盘
10:28:12	39.45	-0.03	14	55230	卖盘
10:28:09	39.48	0.03	3	11843	买盘
10:28:06	39.45	-0.05	8	31560	卖盘
10:27:51	39.5	0.06	11	43450	买盘
10:27:48	39.44	--	1	3944	中性盘
10:27:33	39.44	--	9	35496	买盘
10:27:30	39.44	--	17	67048	买盘
10:27:27	39.44	--	17	67048	买盘
10:27:21	39.44	--	40	157760	买盘
10:27:18	39.44	0.01	5	19720	买盘
10:27:15	39.43	-0.01	5	19715	卖盘
10:27:09	39.44	--	2	7888	买盘
10:27:06	39.44	--	1	3944	买盘
10:27:03	39.44	--	9	35496	买盘
10:27:00	39.44	-0.01	96	378624	卖盘
10:26:57	39.45	--	15	59175	买盘
10:26:48	39.45	-0.01	16	63120	卖盘
10:26:39	39.46	--	22	86812	卖盘
10:26:36	39.46	--	2	7892	卖盘
10:26:33	39.46	--	7	27622	卖盘
10:26:30	39.46	--	78	307788	买盘
10:26:24	39.46	--	2	7892	买盘
10:26:18	39.46	0.02	7	27622	买盘
10:26:12	39.44	-0.01	22	86768	卖盘
10:26:09	39.45	-0.01	8	31560	卖盘
10:26:06	39.46	--	7	27622	买盘
10:25:57	39.46	0.02	2	7892	买盘
10:25:45	39.44	-0.02	3	11832	中性盘
10:25:36	39.46	0.03	5	19730	中性盘
10:25:30	39.43	-0.05	150	591450	卖盘
10:25:24	39.48	0.01	5	19740	买盘
10:25:21	39.47	--	7	27629	卖盘
10:25:18	39.47	-0.01	3	11841	卖盘
10:25:09	39.48	--	3	11843	买盘
10:25:06	39.48	--	1	3947	买盘
10:25:03	39.48	0.01	13	51323	买盘
10:24:57	39.47	-0.01	13	51311	卖盘
10:24:51	39.48	0.01	9	35532	买盘
10:24:48	39.47	--	6	23682	卖盘
10:24:39	39.47	-0.01	3	11841	卖盘
10:24:36	39.48	--	60	236879	买盘
10:24:33	39.48	--	10	39480	买盘
10:24:27	39.48	--	4	15791	买盘
10:24:24	39.48	--	2	7895	买盘
10:24:21	39.48	-0.04	46	181608	卖盘
10:24:18	39.52	0.02	7	27664	买盘
10:24:00	39.5	0.02	32	126400	买盘
10:23:57	39.48	0.02	4	15791	买盘
10:23:48	39.46	--	8	31568	卖盘
10:23:45	39.46	--	1	3946	卖盘
10:23:39	39.46	0.01	112	441952	买盘
10:23:36	39.45	0.01	2	7890	中性盘
10:23:33	39.44	-0.01	57	224808	卖盘
10:23:30	39.45	--	5	19725	买盘
10:23:27	39.45	--	17	67065	买盘
10:23:09	39.45	0.01	91	358995	买盘
10:23:06	39.44	--	11	43384	卖盘
10:23:03	39.44	--	42	165648	中性盘
10:22:48	39.44	--	4	15776	卖盘
10:22:45	39.44	--	1	3944	买盘
10:22:39	39.44	--	2	7888	买盘
10:22:36	39.44	--	2	7888	买盘
10:22:33	39.44	--	2	7888	买盘
10:22:27	39.44	--	8	31552	卖盘
10:22:24	39.44	-0.01	2	7888	卖盘
10:22:21	39.45	--	13	51285	买盘
10:22:15	39.45	0.01	1	3945	买盘
10:22:09	39.44	--	10	39440	卖盘
10:22:03	39.44	0.01	6	23664	中性盘
10:21:54	39.43	--	3	11829	卖盘
10:21:51	39.43	--	7	27601	卖盘
10:21:42	39.43	-0.02	13	51259	卖盘
10:21:39	39.45	0.02	10	39450	买盘
10:21:36	39.43	-0.01	24	94632	卖盘
10:21:33	39.44	-0.01	4	15776	卖盘
10:21:30	39.45	0.01	11	43395	买盘
10:21:27	39.44	--	10	39440	卖盘
10:21:21	39.44	--	5	19720	卖盘
10:21:15	39.44	-0.01	5	19720	卖盘
10:21:12	39.45	0.01	29	114405	买盘
10:21:00	39.44	-0.01	12	47328	卖盘
10:20:54	39.45	--	4	15780	卖盘
10:20:48	39.45	--	1	3945	卖盘
10:20:42	39.45	--	16	63120	买盘
10:20:39	39.45	--	1	3945	买盘
10:20:33	39.45	-0.01	31	122295	卖盘
10:20:24	39.46	--	28	110488	卖盘
10:20:18	39.46	-0.01	107	422222	卖盘
10:20:12	39.47	--	7	27629	卖盘
10:20:09	39.47	--	4	15788	卖盘
10:20:03	39.47	-0.01	25	98675	卖盘
10:20:00	39.48	--	22	86856	买盘
10:19:51	39.48	--	6	23687	卖盘
10:19:48	39.48	--	10	39480	卖盘
10:19:42	39.48	--	1	3947	卖盘
10:19:30	39.48	-0.01	1	3947	买盘
10:19:24	39.49	0.01	9	35541	买盘
10:19:21	39.48	-0.01	1	3947	卖盘
10:19:18	39.49	0.01	2	7898	买盘
10:19:15	39.48	--	10	39480	卖盘
10:19:09	39.48	--	28	110543	卖盘
10:19:06	39.48	--	2	7895	卖盘
10:18:57	39.48	--	2	7895	买盘
10:18:54	39.48	0.02	22	86856	买盘
10:18:48	39.46	-0.02	1	3946	卖盘
10:18:36	39.48	0.02	5	19740	买盘
10:18:30	39.46	-0.02	9	35514	卖盘
10:18:27	39.48	0.02	10	39480	买盘
10:18:21	39.46	--	3	11838	卖盘
10:18:06	39.46	--	4	15784	卖盘
10:17:57	39.46	0.01	3	11838	中性盘
10:17:51	39.45	-0.01	10	39450	卖盘
10:17:48	39.46	--	5	19730	买盘
10:17:45	39.46	--	2	7892	买盘
10:17:36	39.46	--	1	3946	买盘
10:17:30	39.46	--	1	3946	买盘
10:17:15	39.46	--	14	55244	卖盘
10:17:06	39.46	--	16	63136	买盘
10:16:57	39.46	0.01	11	43406	买盘
10:16:54	39.45	-0.01	1	3945	卖盘
10:16:48	39.46	0.01	5	19730	买盘
10:16:42	39.45	--	1	3945	卖盘
10:16:33	39.45	0.02	12	47340	买盘
10:16:30	39.43	--	5	19715	卖盘
10:16:27	39.43	--	10	39430	卖盘
10:16:24	39.43	-0.02	1	3943	卖盘
10:16:18	39.45	--	5	19725	买盘
10:16:03	39.45	0.02	3	11835	买盘
10:16:00	39.43	-0.02	7	27601	卖盘
10:15:57	39.45	--	4	15780	买盘
10:15:45	39.45	--	7	27615	卖盘
10:15:42	39.45	--	2	7890	卖盘
10:15:36	39.45	0.02	13	51285	买盘
10:15:27	39.43	-0.02	19	74917	卖盘
10:15:24	39.45	--	3	11835	卖盘
10:15:21	39.45	0.02	31	122295	买盘
10:15:15	39.43	--	30	118290	买盘
10:15:12	39.43	-0.02	22	86746	卖盘
10:15:09	39.45	--	5	19725	买盘
10:15:00	39.45	0.02	2	7890	买盘
10:14:48	39.43	--	6	23658	买盘
10:14:45	39.43	--	13	51259	买盘
10:14:39	39.43	--	20	78860	卖盘
10:14:36	39.43	--	11	43373	卖盘
10:14:30	39.43	--	1	3943	卖盘
10:14:27	39.43	0.02	6	23658	买盘
10:14:21	39.41	-0.02	100	394099	卖盘
10:14:09	39.43	--	30	118290	买盘
10:14:06	39.43	0.01	48	189264	买盘
10:14:00	39.42	--	6	23652	卖盘
10:13:57	39.42	--	28	110376	卖盘
10:13:54	39.42	-0.01	2	7884	卖盘
10:13:45	39.43	--	5	19715	买盘
10:13:42	39.43	0.01	10	39430	买盘
10:13:39	39.42	-0.02	51	201042	卖盘
10:13:36	39.44	--	1	7809	买盘
10:13:33	39.44	--	1	3944	买盘
10:13:24	39.44	-0.01	46	181502	卖盘
10:13:18	39.45	--	2	7890	卖盘
10:13:12	39.45	--	1	3945	卖盘
10:13:03	39.45	-0.02	5	19725	卖盘
10:13:00	39.47	0.01	3	11841	买盘
10:12:51	39.46	--	6	23676	买盘
10:12:48	39.46	0.01	10	39460	买盘
10:12:45	39.45	--	4	15780	买盘
10:12:42	39.45	-0.01	93	366885	卖盘
10:12:39	39.46	--	11	43406	买盘
10:12:36	39.46	0.01	5	19730	买盘
10:12:33	39.45	--	15	59175	卖盘
10:12:24	39.45	-0.01	21	82845	卖盘
10:12:21	39.46	--	5	19730	买盘
10:12:18	39.46	--	2	7892	买盘
10:12:15	39.46	-0.01	19	74974	中性盘
10:12:12	39.47	--	20	78940	买盘
10:12:09	39.47	--	22	86834	买盘
10:12:03	39.47	0.02	3	11841	买盘
10:11:45	39.45	0.01	10	39450	买盘
10:11:42	39.44	-0.01	30	118320	卖盘
10:11:39	39.45	--	5	19725	买盘
10:11:33	39.45	0.01	2	7890	买盘
10:11:27	39.44	-0.01	1	3944	卖盘
10:11:24	39.45	-0.02	4	15780	中性盘
10:11:15	39.47	0.02	62	244714	买盘
10:11:09	39.45	--	24	94680	卖盘
10:10:57	39.45	--	4	15780	卖盘
10:10:54	39.45	--	71	280095	卖盘
10:10:42	39.45	--	4	15780	买盘
10:10:39	39.45	--	17	67065	买盘
10:10:36	39.45	--	5	19725	买盘
10:10:24	39.45	-0.02	4	15780	卖盘
10:10:09	39.47	0.02	10	39470	买盘
10:10:06	39.45	-0.02	4	15780	卖盘
10:09:54	39.47	--	4	15788	买盘
10:09:48	39.47	--	28	110516	买盘
10:09:45	39.47	0.03	120	473640	买盘
10:09:39	39.44	-0.01	31	122264	卖盘
10:09:36	39.45	--	6	23670	卖盘
10:09:33	39.45	-0.01	22	86790	卖盘
10:09:30	39.46	--	1	3946	买盘
10:09:24	39.46	--	3	11838	买盘
10:09:18	39.46	--	7	27622	买盘
10:09:15	39.46	0.01	4	15784	买盘
10:09:12	39.45	--	5	19725	卖盘
10:09:09	39.45	0.01	82	323490	买盘
10:09:06	39.44	0.03	12	51193	买盘
10:08:57	39.41	--	2	7881	卖盘
10:08:54	39.41	--	10	39410	卖盘
10:08:48	39.41	--	14	55173	卖盘
10:08:45	39.41	-0.01	16	63055	卖盘
10:08:42	39.42	0.01	10	39420	买盘
10:08:39	39.41	0.01	2	7881	卖盘
10:08:33	39.4	-0.01	27	106380	卖盘
10:08:30	39.41	--	0	39	卖盘
10:08:27	39.41	0.01	6	23645	卖盘
10:08:24	39.4	--	5	19700	卖盘
10:08:21	39.4	--	131	516140	卖盘
10:08:18	39.4	--	172	677680	卖盘
10:08:15	39.4	--	7	27580	卖盘
10:08:12	39.4	-0.01	18	70920	卖盘
10:08:09	39.41	0.01	24	94583	买盘
10:08:06	39.4	--	5	19700	卖盘
10:08:03	39.4	--	23	90620	卖盘
10:08:00	39.4	--	9	35460	卖盘
10:07:57	39.4	--	18	70920	卖盘
10:07:54	39.4	--	5	19700	卖盘
10:07:51	39.4	--	10	39400	卖盘
10:07:48	39.4	-0.01	3	11820	卖盘
10:07:45	39.41	0.01	5	19705	买盘
10:07:42	39.4	-0.01	2	7880	卖盘
10:07:39	39.41	--	58	228577	卖盘
10:07:36	39.41	--	31	122170	卖盘
10:07:33	39.41	-0.02	10	39410	卖盘
10:07:30	39.43	0.02	6	23658	买盘
10:07:27	39.41	--	29	114288	卖盘
10:07:24	39.41	-0.01	64	252223	卖盘
10:07:18	39.42	-0.02	10	39420	卖盘
10:07:09	39.44	--	3	11832	买盘
10:07:03	39.44	--	10	39440	买盘
10:06:54	39.44	0.02	3	11832	买盘
10:06:51	39.42	--	3	11826	卖盘
10:06:48	39.42	--	30	118260	卖盘
10:06:45	39.42	--	41	161622	卖盘
10:06:42	39.42	--	11	43362	卖盘
10:06:39	39.42	--	2	7884	买盘
10:06:36	39.42	--	6	23652	买盘
10:06:33	39.42	--	15	59130	买盘
10:06:30	39.42	--	21	82782	卖盘
10:06:24	39.42	--	20	78840	卖盘
10:06:21	39.42	-0.02	4	15768	卖盘
10:06:18	39.44	-0.01	5	19720	中性盘
10:06:09	39.45	0.03	24	94680	买盘
10:06:06	39.42	--	4	15768	卖盘
10:06:03	39.42	--	21	82782	卖盘
10:06:00	39.42	-0.02	30	118260	卖盘
10:05:57	39.44	--	32	126208	买盘
10:05:51	39.44	0.02	2	7888	买盘
10:05:45	39.42	--	11	43362	卖盘
10:05:42	39.42	0.01	3	11826	中性盘
10:05:39	39.41	-0.03	98	386217	卖盘
10:05:36	39.44	--	7	27608	买盘
10:05:33	39.44	--	21	82824	买盘
10:05:30	39.44	0.03	32	126208	买盘
10:05:27	39.41	-0.03	12	47291	卖盘
10:05:18	39.44	0.03	1	3944	买盘
10:05:15	39.41	--	2	7881	卖盘
10:05:12	39.41	0.01	10	39410	中性盘
10:05:09	39.4	-0.01	7	27580	卖盘
10:05:06	39.41	--	18	70938	卖盘
10:05:00	39.41	--	3	11822	卖盘
10:04:57	39.41	0.01	35	137935	买盘
10:04:54	39.4	-0.01	51	200940	卖盘
10:04:42	39.41	-0.04	12	47291	卖盘
10:04:36	39.45	--	2	7890	买盘
10:04:30	39.45	-0.01	202	796890	卖盘
10:04:24	39.46	0.01	2	7892	买盘
10:04:18	39.45	-0.01	5	19725	卖盘
10:04:15	39.46	--	4	15784	买盘
10:04:12	39.46	0.01	6	23676	买盘
10:04:00	39.45	-0.01	15	59175	卖盘
10:03:54	39.46	0.01	20	78920	买盘
10:03:51	39.45	--	5	19725	卖盘
10:03:48	39.45	--	11	43395	卖盘
10:03:45	39.45	--	10	39450	卖盘
10:03:39	39.45	0.01	19	74955	买盘
10:03:36	39.44	--	20	78880	卖盘
10:03:33	39.44	--	40	157760	卖盘
10:03:24	39.44	--	4	15776	买盘
10:03:18	39.44	--	5	19720	买盘
10:03:12	39.44	-0.01	3	11832	卖盘
10:03:09	39.45	0.01	6	23670	买盘
10:03:06	39.44	--	8	31552	卖盘
10:03:00	39.44	--	4	15776	卖盘
10:02:51	39.44	-0.01	9	35496	卖盘
10:02:45	39.45	0.01	1	3945	买盘
10:02:42	39.44	-0.01	10	39440	卖盘
10:02:39	39.45	--	1	3945	卖盘
10:02:36	39.45	-0.02	1	3945	卖盘
10:02:33	39.47	0.03	8	31576	买盘
10:02:30	39.44	-0.03	60	236640	卖盘
10:02:27	39.47	--	21	82887	买盘
10:02:24	39.47	0.02	16	63152	买盘
10:02:21	39.45	-0.02	30	118350	卖盘
10:02:18	39.47	--	69	272343	卖盘
10:02:15	39.47	--	58	228926	卖盘
10:02:12	39.47	--	7	27629	卖盘
10:02:06	39.47	--	20	78940	卖盘
10:02:03	39.47	--	1	3947	卖盘
10:02:00	39.47	-0.01	35	138145	卖盘
10:01:57	39.48	0.01	3	11843	中性盘
10:01:45	39.47	--	1	3947	卖盘
10:01:39	39.47	--	8	31576	卖盘
10:01:36	39.47	-0.03	1	3947	卖盘
10:01:30	39.5	--	10	39500	买盘
10:01:27	39.5	0.03	10	39500	买盘
10:01:21	39.47	-0.03	120	473640	卖盘
10:01:18	39.5	--	2	7900	买盘
10:01:12	39.5	0.02	1	3950	买盘
10:01:09	39.48	0.01	4	15791	中性盘
10:01:06	39.47	--	31	122357	卖盘
10:01:00	39.47	-0.01	4	15788	卖盘
10:00:57	39.48	--	5	19740	买盘
10:00:54	39.48	0.01	6	23687	买盘
10:00:51	39.47	--	14	55258	卖盘
10:00:48	39.47	--	31	122357	卖盘
10:00:45	39.47	--	24	94728	卖盘
10:00:42	39.47	--	61	240767	卖盘
10:00:36	39.47	--	495	1953765	卖盘
10:00:33	39.47	--	26	102622	卖盘
10:00:30	39.47	-0.01	3	11841	卖盘
10:00:27	39.48	0.01	3	11843	中性盘
10:00:24	39.47	-0.02	40	157880	卖盘
10:00:21	39.49	0.01	71	280379	买盘
10:00:18	39.48	-0.01	5	19740	卖盘
10:00:15	39.49	--	26	102674	卖盘
10:00:12	39.49	--	15	59235	卖盘
10:00:09	39.49	0.02	167	659483	买盘
10:00:06	39.47	--	301	1188047	卖盘
10:00:00	39.47	-0.01	22	86834	卖盘
09:59:54	39.48	0.01	3	11843	中性盘
09:59:51	39.47	--	2	7894	卖盘
09:59:48	39.47	--	161	635467	卖盘
09:59:45	39.47	--	140	552580	卖盘
09:59:42	39.47	--	11	43417	卖盘
09:59:39	39.47	--	30	118410	卖盘
09:59:30	39.47	-0.02	296	1168312	卖盘
09:59:27	39.49	--	1	3949	买盘
09:59:24	39.49	0.01	8	31592	买盘
09:59:21	39.48	-0.01	71	280308	卖盘
09:59:18	39.49	--	2	7898	卖盘
09:59:15	39.49	-0.01	10	39490	卖盘
09:59:12	39.5	--	10	39500	买盘
09:59:09	39.5	--	7	27650	买盘
09:59:06	39.5	-0.01	15	59250	卖盘
09:59:03	39.51	--	6	23785	卖盘
09:58:57	39.51	-0.05	9	35559	卖盘
09:58:54	39.56	0.05	8	31648	买盘
09:58:51	39.51	-0.05	12	47412	卖盘
09:58:48	39.56	0.01	14	55384	卖盘
09:58:45	39.55	--	12	47460	卖盘
09:58:39	39.55	-0.01	18	71190	卖盘
09:58:36	39.56	-0.01	63	249228	卖盘
09:58:30	39.57	--	14	55398	卖盘
09:58:24	39.57	--	30	118710	卖盘
09:58:18	39.57	0.01	0	3798	买盘
09:58:06	39.56	--	6	23736	卖盘
09:58:03	39.56	-0.01	12	47472	卖盘
09:58:00	39.57	--	1	3957	买盘
09:57:54	39.57	--	2	7914	买盘
09:57:48	39.57	0.02	1	3957	买盘
09:57:45	39.55	-0.01	24	94920	卖盘
09:57:42	39.56	0.01	29	114724	买盘
09:57:39	39.55	--	3	11865	卖盘
09:57:36	39.55	--	15	59404	买盘
09:57:33	39.55	--	12	47460	买盘
09:57:30	39.55	--	2	7909	买盘
09:57:27	39.55	--	10	39550	买盘
09:57:24	39.55	--	6	23730	买盘
09:57:15	39.55	0.06	6	23730	买盘
09:57:12	39.49	-0.01	41	161909	卖盘
09:57:09	39.5	-0.02	29	114550	卖盘
09:57:06	39.52	0.04	1	3952	买盘
09:57:03	39.48	-0.04	4	15791	卖盘
09:57:00	39.52	0.03	34	134368	买盘
09:56:57	39.49	--	7	27643	买盘
09:56:54	39.49	--	19	75031	买盘
09:56:51	39.49	--	13	51337	买盘
09:56:48	39.49	--	24	94776	买盘
09:56:45	39.49	--	12	47388	买盘
09:56:42	39.49	0.01	2	7898	买盘
09:56:39	39.48	--	30	118439	买盘
09:56:36	39.48	--	14	55271	买盘
09:56:33	39.48	0.02	107	422435	买盘
09:56:30	39.46	--	50	197300	卖盘
09:56:21	39.46	--	10	39460	卖盘
09:56:12	39.46	--	3	11838	买盘
09:56:09	39.46	--	4	15784	买盘
09:56:06	39.46	-0.02	12	47352	卖盘
09:56:03	39.48	0.02	44	173712	买盘
09:56:00	39.46	--	4	15784	买盘
09:55:57	39.46	--	1	3946	买盘
09:55:54	39.46	--	12	47352	买盘
09:55:51	39.46	--	3	11838	买盘
09:55:48	39.46	-0.02	2	7892	卖盘
09:55:45	39.48	--	1	3947	买盘
09:55:42	39.48	--	1	3947	买盘
09:55:39	39.48	0.02	1	3947	买盘
09:55:36	39.46	-0.03	32	126272	卖盘
09:55:30	39.49	0.03	10	39490	买盘
09:55:27	39.46	0.01	1	3946	卖盘
09:55:21	39.45	-0.04	17	67065	卖盘
09:55:18	39.49	0.03	11	43439	买盘
09:55:15	39.46	--	11	43406	卖盘
09:55:12	39.46	-0.03	10	39460	中性盘
09:55:09	39.49	0.03	6	23694	买盘
09:55:06	39.46	--	17	67082	买盘
09:55:03	39.46	--	1	3946	买盘
09:55:00	39.46	-0.02	2	7892	中性盘
09:54:57	39.48	0.02	4	15791	买盘
09:54:54	39.46	--	27	106542	买盘
09:54:51	39.46	--	46	181516	卖盘
09:54:48	39.46	-0.01	23	90758	卖盘
09:54:45	39.47	--	11	43417	买盘
09:54:42	39.47	--	29	114463	买盘
09:54:39	39.47	0.01	2	7894	买盘
09:54:36	39.46	-0.01	20	78920	卖盘
09:54:33	39.47	0.01	59	232873	卖盘
09:54:30	39.46	-0.01	30	118380	卖盘
09:54:27	39.47	--	4	15788	卖盘
09:54:24	39.47	--	2	7894	中性盘
09:54:21	39.47	0.01	2	7894	买盘
09:54:18	39.46	-0.01	47	185462	卖盘
09:54:15	39.47	-0.01	12	47364	买盘
09:54:09	39.48	-0.01	1	3947	中性盘
09:54:06	39.49	--	3	11847	买盘
09:54:00	39.49	0.02	15	59235	买盘
09:53:57	39.47	--	3	11841	卖盘
09:53:51	39.47	-0.02	19	74993	卖盘
09:53:45	39.49	--	47	185603	卖盘
09:53:39	39.49	--	20	78980	卖盘
09:53:36	39.49	-0.01	2	7898	卖盘
09:53:33	39.5	0.01	7	27650	买盘
09:53:30	39.49	--	17	67133	卖盘
09:53:27	39.49	--	47	185603	卖盘
09:53:24	39.49	--	4	15796	卖盘
09:53:21	39.49	0.01	35	138215	买盘
09:53:18	39.48	--	12	47375	买盘
09:53:15	39.48	--	13	51323	卖盘
09:53:12	39.48	--	38	150024	卖盘
09:53:09	39.48	--	2	7895	卖盘
09:53:06	39.48	-0.01	6	23687	卖盘
09:53:00	39.49	-0.01	41	161909	买盘
09:52:51	39.5	0.01	15	59250	买盘
09:52:48	39.49	--	53	209297	卖盘
09:52:45	39.49	-0.01	6	23694	卖盘
09:52:42	39.5	--	102	402900	买盘
09:52:39	39.5	--	40	158000	买盘
09:52:36	39.5	--	2	7900	买盘
09:52:33	39.5	--	5	19750	买盘
09:52:30	39.5	--	4	15800	买盘
09:52:27	39.5	--	6	23700	卖盘
09:52:24	39.5	--	16	63200	卖盘
09:52:21	39.5	0.01	54	213300	买盘
09:52:18	39.49	--	10	39490	卖盘
09:52:12	39.49	--	6	23694	卖盘
09:52:09	39.49	0.01	14	55286	买盘
09:52:00	39.48	--	11	43428	卖盘
09:51:57	39.48	--	2	7895	卖盘
09:51:54	39.48	--	10	39480	买盘
09:51:51	39.48	0.01	3	11843	中性盘
09:51:45	39.47	-0.02	14	55258	卖盘
09:51:42	39.49	0.02	12	47388	买盘
09:51:39	39.47	--	2	7894	卖盘
09:51:36	39.47	-0.01	48	189456	卖盘
09:51:33	39.48	0.02	14	55271	买盘
09:51:18	39.46	--	53	209138	卖盘
09:51:15	39.46	--	4	15784	中性盘
09:51:09	39.46	--	20	78920	卖盘
09:51:06	39.46	0.01	1	3946	中性盘
09:51:00	39.45	-0.01	29	114405	卖盘
09:50:57	39.46	0.01	28	110488	买盘
09:50:54	39.45	-0.01	11	43395	卖盘
09:50:51	39.46	--	11	43406	卖盘
09:50:48	39.46	--	9	35514	买盘
09:50:45	39.46	0.02	1	3946	买盘
09:50:42	39.44	-0.02	5	19720	卖盘
09:50:39	39.46	0.01	9	35514	买盘
09:50:36	39.45	--	16	63120	买盘
09:50:33	39.45	0.01	10	39450	买盘
09:50:27	39.44	--	4	15776	买盘
09:50:24	39.44	--	10	39440	买盘
09:50:21	39.44	--	10	39440	买盘
09:50:18	39.44	--	2	7888	买盘
09:50:15	39.44	0.04	15	59160	买盘
09:50:12	39.4	-0.03	47	185180	卖盘
09:50:09	39.43	-0.01	33	130119	卖盘
09:50:06	39.44	0.04	15	59160	买盘
09:50:03	39.4	-0.04	322	1268680	卖盘
09:50:00	39.44	0.01	19	74936	买盘
09:49:57	39.43	-0.01	24	94632	卖盘
09:49:54	39.44	--	8	31552	买盘
09:49:51	39.44	--	15	59160	买盘
09:49:48	39.44	-0.01	14	55216	卖盘
09:49:45	39.45	--	12	47340	买盘
09:49:42	39.45	0.01	10	39450	买盘
09:49:39	39.44	0.02	5	19720	中性盘
09:49:30	39.42	-0.03	89	350838	卖盘
09:49:27	39.45	0.02	30	118350	买盘
09:49:24	39.43	-0.01	1	3943	中性盘
09:49:21	39.44	0.02	32	126208	买盘
09:49:18	39.42	-0.01	65	256230	卖盘
09:49:15	39.43	--	31	122233	买盘
09:49:12	39.43	--	49	193207	卖盘
09:49:06	39.43	--	2	7886	卖盘
09:49:03	39.43	-0.01	16	63088	卖盘
09:49:00	39.44	-0.01	9	35496	卖盘
09:48:57	39.45	--	6	23670	买盘
09:48:54	39.45	0.02	6	23670	买盘
09:48:51	39.43	-0.02	10	39430	中性盘
09:48:48	39.45	0.02	45	177525	买盘
09:48:45	39.43	--	27	106461	卖盘
09:48:42	39.43	-0.02	92	362756	卖盘
09:48:39	39.45	-0.01	9	35505	卖盘
09:48:36	39.46	--	18	71028	买盘
09:48:33	39.46	0.01	15	59190	买盘
09:48:30	39.45	--	24	94680	买盘
09:48:27	39.45	-0.01	7	27615	卖盘
09:48:24	39.46	--	63	248598	卖盘
09:48:21	39.46	-0.01	3	11838	卖盘
09:48:18	39.47	0.01	29	114463	买盘
09:48:15	39.46	-0.02	20	78920	卖盘
09:48:09	39.48	0.03	4	15791	买盘
09:48:06	39.45	--	27	106515	卖盘
09:48:03	39.45	-0.03	15	59175	卖盘
09:48:00	39.48	0.02	27	106595	买盘
09:47:57	39.46	-0.03	5	19730	卖盘
09:47:54	39.49	-0.01	19	75031	中性盘
09:47:51	39.5	0.02	3	11850	买盘
09:47:48	39.48	-0.02	66	260567	卖盘
09:47:45	39.5	--	2	7900	买盘
09:47:42	39.5	-0.01	68	268600	卖盘
09:47:39	39.51	--	10	39510	买盘
09:47:36	39.51	0.01	35	138285	买盘
09:47:33	39.5	-0.01	77	304150	卖盘
09:47:30	39.51	0.01	13	51363	买盘
09:47:27	39.5	--	60	237000	卖盘
09:47:24	39.5	-0.03	279	1102050	卖盘
09:47:21	39.53	0.01	17	67201	买盘
09:47:18	39.52	--	3	11856	买盘
09:47:15	39.52	-0.01	19	75088	卖盘
09:47:12	39.53	-0.01	19	75107	卖盘
09:47:09	39.54	--	15	59310	买盘
09:47:06	39.54	--	10	39540	买盘
09:47:00	39.54	-0.01	72	284688	卖盘
09:46:57	39.55	-0.02	2	7909	卖盘
09:46:54	39.57	--	4	15828	买盘
09:46:51	39.57	--	110	435270	买盘
09:46:45	39.57	--	7	27699	买盘
09:46:42	39.57	--	6	23900	卖盘
09:46:39	39.57	--	23	91011	卖盘
09:46:36	39.57	--	6	23742	卖盘
09:46:33	39.57	--	6	23742	卖盘
09:46:30	39.57	--	12	47484	卖盘
09:46:27	39.57	--	6	23742	卖盘
09:46:24	39.57	-0.01	7	27699	卖盘
09:46:21	39.58	--	1	3958	买盘
09:46:18	39.58	-0.01	59	233522	卖盘
09:46:12	39.59	-0.01	4	15836	卖盘
09:46:09	39.6	0.01	29	114840	买盘
09:46:06	39.59	-0.02	22	87098	卖盘
09:46:03	39.61	0.01	2	7922	买盘
09:46:00	39.6	0.01	1	3960	卖盘
09:45:57	39.59	-0.01	5	19795	卖盘
09:45:54	39.6	--	15	59400	买盘
09:45:51	39.6	--	11	43560	买盘
09:45:48	39.6	--	25	99000	买盘
09:45:45	39.6	0.01	30	118800	买盘
09:45:42	39.59	-0.01	1	3959	卖盘
09:45:36	39.6	0.01	16	63360	买盘
09:45:33	39.59	0.02	2	7918	中性盘
09:45:30	39.57	--	67	265119	卖盘
09:45:21	39.57	-0.03	9	35613	卖盘
09:45:18	39.6	0.01	88	348480	买盘
09:45:15	39.59	0.02	58	233422	买盘
09:45:12	39.57	--	14	55398	卖盘
09:45:06	39.57	--	14	55398	卖盘
09:45:03	39.57	-0.01	2	7914	卖盘
09:44:57	39.58	--	19	75202	卖盘
09:44:54	39.58	-0.01	10	39580	卖盘
09:44:51	39.59	--	14	55584	卖盘
09:44:48	39.59	--	19	79021	买盘
09:44:39	39.59	-0.01	7	27713	卖盘
09:44:36	39.6	--	3	11880	买盘
09:44:33	39.6	--	10	39600	买盘
09:44:30	39.6	-0.02	6	23760	卖盘
09:44:27	39.62	0.02	6	23772	买盘
09:44:24	39.6	0.01	2	7920	卖盘
09:44:21	39.59	--	5	19795	卖盘
09:44:18	39.59	-0.04	19	75221	卖盘
09:44:15	39.63	-0.01	2	7926	买盘
09:44:12	39.64	--	16	63424	买盘
09:44:09	39.64	--	2	7928	买盘
09:44:06	39.64	--	28	110992	卖盘
09:44:03	39.64	--	3	11892	卖盘
09:43:54	39.64	0.06	35	138740	买盘
09:43:51	39.58	--	2	7916	买盘
09:43:48	39.58	-0.06	49	193942	中性盘
09:43:36	39.64	0.04	20	79280	买盘
09:43:33	39.6	--	1	3960	买盘
09:43:30	39.6	0.03	5	19800	买盘
09:43:27	39.57	--	10	39570	卖盘
09:43:24	39.57	0.01	12	47484	买盘
09:43:21	39.56	--	81	320436	买盘
09:43:15	39.56	0.01	13	51428	买盘
09:43:12	39.55	--	15	59324	买盘
09:43:09	39.55	0.02	28	110739	买盘
09:43:06	39.53	-0.02	23	90919	卖盘
09:43:03	39.55	--	1	3954	买盘
09:43:00	39.55	0.02	33	130514	买盘
09:42:57	39.53	-0.02	18	71154	卖盘
09:42:54	39.55	0.03	3	11865	买盘
09:42:48	39.52	--	17	67184	卖盘
09:42:45	39.52	-0.01	158	624416	卖盘
09:42:42	39.53	-0.01	3	11859	卖盘
09:42:39	39.54	0.01	24	94896	买盘
09:42:36	39.53	0.01	9	35577	买盘
09:42:33	39.52	-0.01	30	118560	中性盘
09:42:30	39.53	-0.01	21	83013	卖盘
09:42:27	39.54	0.03	23	90942	买盘
09:42:24	39.51	-0.03	107	422757	卖盘
09:42:21	39.54	0.01	29	114666	买盘
09:42:18	39.53	--	18	71154	卖盘
09:42:15	39.53	--	4	15812	卖盘
09:42:12	39.53	0.02	110	434830	买盘
09:42:09	39.51	-0.02	80	316080	卖盘
09:42:06	39.53	0.02	10	39530	买盘
09:42:03	39.51	-0.02	11	43461	卖盘
09:42:00	39.53	0.02	13	51389	买盘
09:41:57	39.51	-0.01	38	150138	卖盘
09:41:54	39.52	0.01	13	51376	中性盘
09:41:51	39.51	-0.02	15	59265	卖盘
09:41:48	39.53	--	25	98825	买盘
09:41:45	39.53	0.01	20	79060	买盘
09:41:42	39.52	0.01	22	86944	买盘
09:41:39	39.51	0.01	17	67167	中性盘
09:41:36	39.5	-0.03	147	580650	卖盘
09:41:33	39.53	0.01	15	59295	买盘
09:41:30	39.52	-0.01	3	11856	卖盘
09:41:27	39.53	0.01	5	19765	买盘
09:41:24	39.52	-0.01	21	82992	卖盘
09:41:21	39.53	--	20	79060	买盘
09:41:18	39.53	--	165	652245	卖盘
09:41:12	39.53	-0.01	14	55342	卖盘
09:41:09	39.54	--	21	83034	卖盘
09:41:06	39.54	-0.01	21	83034	卖盘
09:41:03	39.55	--	35	138425	卖盘
09:41:00	39.55	--	4	15819	卖盘
09:40:54	39.55	-0.01	8	31639	卖盘
09:40:51	39.56	--	68	269008	买盘
09:40:48	39.56	-0.04	79	312524	卖盘
09:40:45	39.6	0.03	2	7920	买盘
09:40:42	39.57	-0.03	20	79140	卖盘
09:40:39	39.6	0.01	9	35640	买盘
09:40:36	39.59	--	5	19795	买盘
09:40:33	39.59	0.02	6	23754	买盘
09:40:30	39.57	0.01	14	55398	中性盘
09:40:27	39.56	-0.04	1	3956	卖盘
09:40:24	39.6	0.04	52	205920	买盘
09:40:18	39.56	--	10	39560	卖盘
09:40:15	39.56	-0.04	13	51428	卖盘
09:40:12	39.6	0.01	9	35640	买盘
09:40:09	39.59	-0.01	6	23754	卖盘
09:40:06	39.6	-0.01	45	178200	卖盘
09:40:00	39.61	0.01	1	3961	买盘
09:39:57	39.6	-0.01	71	281160	卖盘
09:39:54	39.61	--	5	19805	卖盘
09:39:51	39.61	-0.05	2	7922	卖盘
09:39:48	39.66	--	3	11897	买盘
09:39:45	39.66	0.02	1	3965	买盘
09:39:42	39.64	-0.03	33	130812	卖盘
09:39:39	39.67	0.01	38	150746	买盘
09:39:36	39.66	-0.01	41	162606	卖盘
09:39:33	39.67	--	19	75373	卖盘
09:39:30	39.67	-0.01	1	3967	卖盘
09:39:27	39.68	--	26	103168	卖盘
09:39:24	39.68	0.01	20	79360	买盘
09:39:21	39.67	--	2	7934	卖盘
09:39:18	39.67	--	10	39670	卖盘
09:39:15	39.67	--	3	11901	卖盘
09:39:12	39.67	-0.02	38	150746	卖盘
09:39:09	39.69	--	14	55566	买盘
09:39:06	39.69	-0.01	30	119070	卖盘
09:39:00	39.7	--	6	23820	卖盘
09:38:57	39.7	--	8	31760	卖盘
09:38:54	39.7	--	1	3970	卖盘
09:38:51	39.7	0.02	119	472430	买盘
09:38:45	39.68	--	5	19840	卖盘
09:38:42	39.68	-0.02	3	11904	卖盘
09:38:33	39.7	-0.02	2	7940	中性盘
09:38:27	39.72	0.03	13	51636	买盘
09:38:24	39.69	-0.01	10	39690	卖盘
09:38:21	39.7	0.02	14	55580	买盘
09:38:18	39.68	-0.04	54	214272	卖盘
09:38:15	39.72	0.03	5	19860	买盘
09:38:12	39.69	--	2	7938	卖盘
09:38:09	39.69	--	1	3969	卖盘
09:38:06	39.69	-0.01	37	146853	卖盘
09:38:03	39.7	--	3	11910	买盘
09:38:00	39.7	--	8	31760	买盘
09:37:57	39.7	-0.02	2	7940	中性盘
09:37:54	39.72	0.02	60	238320	买盘
09:37:51	39.7	--	2	7940	买盘
09:37:48	39.7	--	13	51610	卖盘
09:37:45	39.7	--	15	59550	卖盘
09:37:42	39.7	-0.03	54	214380	卖盘
09:37:39	39.73	0.03	13	51648	买盘
09:37:36	39.7	--	20	79400	卖盘
09:37:33	39.7	--	37	146890	买盘
09:37:30	39.7	--	57	226290	买盘
09:37:27	39.7	--	10	39700	买盘
09:37:24	39.7	-0.01	57	226290	卖盘
09:37:21	39.71	-0.01	24	95304	卖盘
09:37:18	39.72	--	5	19860	买盘
09:37:12	39.72	-0.01	6	23832	买盘
09:37:09	39.73	--	14	55621	卖盘
09:37:06	39.73	-0.02	7	27810	卖盘
09:37:03	39.75	0.04	1	3975	买盘
09:37:00	39.71	-0.01	22	87362	卖盘
09:36:57	39.72	--	24	95328	卖盘
09:36:54	39.72	--	8	31776	卖盘
09:36:51	39.72	--	23	91356	卖盘
09:36:48	39.72	--	9	35748	卖盘
09:36:45	39.72	--	5	19860	卖盘
09:36:42	39.72	--	9	35748	卖盘
09:36:39	39.72	-0.03	3	11916	卖盘
09:36:36	39.75	--	18	71550	买盘
09:36:33	39.75	--	12	47700	买盘
09:36:30	39.75	--	9	35775	买盘
09:36:27	39.75	--	19	75525	卖盘
09:36:18	39.75	--	22	87450	卖盘
09:36:15	39.75	-0.01	68	270300	卖盘
09:36:09	39.76	--	17	67592	卖盘
09:36:06	39.76	-0.01	15	59640	卖盘
09:36:00	39.77	--	25	99425	买盘
09:35:57	39.77	0.02	1	3977	买盘
09:35:54	39.75	--	2	7950	卖盘
09:35:51	39.75	-0.02	21	83475	卖盘
09:35:48	39.77	--	44	174988	卖盘
09:35:42	39.77	-0.04	4	15908	卖盘
09:35:39	39.81	0.03	34	135354	买盘
09:35:36	39.78	--	23	91494	买盘
09:35:33	39.78	--	25	99450	卖盘
09:35:30	39.78	-0.02	13	51714	卖盘
09:35:27	39.8	--	9	35820	买盘
09:35:24	39.8	--	8	31839	卖盘
09:35:21	39.8	0.02	5	19900	中性盘
09:35:12	39.78	-0.04	62	246636	卖盘
09:35:06	39.82	0.02	2	7964	买盘
09:35:03	39.8	--	25	99500	买盘
09:35:00	39.8	--	19	75620	买盘
09:34:57	39.8	--	8	31839	买盘
09:34:51	39.8	--	4	15919	买盘
09:34:48	39.8	-0.03	37	147260	卖盘
09:34:45	39.83	-0.01	85	338555	中性盘
09:34:39	39.84	0.01	9	35856	买盘
09:34:36	39.83	--	1	3983	卖盘
09:34:33	39.83	--	32	127456	卖盘
09:34:30	39.83	-0.01	11	43813	卖盘
09:34:27	39.84	--	42	167328	买盘
09:34:24	39.84	--	7	27888	买盘
09:34:21	39.84	--	2	7968	买盘
09:34:18	39.84	--	22	87648	买盘
09:34:15	39.84	0.01	72	286848	买盘
09:34:00	39.83	0.03	26	103558	买盘
09:33:57	39.8	--	1	3979	买盘
09:33:51	39.8	0.03	1	3979	中性盘
09:33:42	39.77	-0.07	1	3977	卖盘
09:33:39	39.84	-0.01	4	15936	中性盘
09:33:36	39.85	0.08	33	131505	买盘
09:33:33	39.77	-0.07	6	23862	卖盘
09:33:30	39.84	--	12	47808	卖盘
09:33:27	39.84	--	14	55776	卖盘
09:33:21	39.84	-0.01	19	75696	中性盘
09:33:15	39.85	0.01	29	115565	买盘
09:33:12	39.84	--	53	211152	买盘
09:33:09	39.84	0.03	3	11952	买盘
09:33:06	39.81	-0.04	1	3981	中性盘
09:33:00	39.85	--	16	63760	买盘
09:32:54	39.85	--	18	71730	买盘
09:32:48	39.85	-0.02	1	3985	买盘
09:32:45	39.87	0.16	5	19935	买盘
09:32:42	39.71	-0.16	26	103246	卖盘
09:32:39	39.87	--	25	99675	买盘
09:32:36	39.87	--	84	334908	买盘
09:32:33	39.87	-0.01	5	19935	买盘
09:32:30	39.88	--	77	307076	买盘
09:32:27	39.88	--	42	167496	买盘
09:32:24	39.88	--	26	103688	买盘
09:32:21	39.88	-0.01	23	91724	卖盘
09:32:18	39.89	--	23	91747	买盘
09:32:15	39.89	0.01	38	151582	中性盘
09:32:12	39.88	--	9	35892	买盘
09:32:09	39.88	-0.02	45	179460	卖盘
09:32:06	39.9	0.02	15	59850	买盘
09:32:00	39.88	0.03	82	327016	买盘
09:31:57	39.85	--	1	3985	卖盘
09:31:54	39.85	-0.02	50	199250	中性盘
09:31:51	39.87	0.07	4	15947	买盘
09:31:48	39.8	-0.01	35	139300	卖盘
09:31:45	39.81	--	1	3981	卖盘
09:31:42	39.81	--	27	107487	买盘
09:31:39	39.81	0.01	45	179145	买盘
09:31:33	39.8	0.01	23	91540	买盘
09:31:27	39.79	--	34	135286	卖盘
09:31:24	39.79	0.02	16	63664	买盘
09:31:15	39.77	--	5	19885	卖盘
09:31:12	39.77	-0.03	10	39770	卖盘
09:31:09	39.8	0.08	2	7959	买盘
09:31:06	39.72	-0.08	1	3972	卖盘
09:31:00	39.8	0.05	53	210939	买盘
09:30:57	39.75	--	53	214570	买盘
09:30:54	39.75	-0.05	25	99375	卖盘
09:30:51	39.8	--	9	35820	买盘
09:30:48	39.8	0.05	14	55719	买盘
09:30:45	39.75	-0.05	12	47700	卖盘
09:30:39	39.8	0.08	4	15919	买盘
09:30:36	39.72	--	5	19860	卖盘
09:30:33	39.72	--	31	123132	卖盘
09:30:30	39.72	-0.08	4	15888	卖盘
09:30:27	39.8	--	105	417899	买盘
09:30:21	39.8	0.02	3	11940	买盘
09:30:18	39.78	--	10	39780	卖盘
09:30:12	39.78	-0.02	8	31824	卖盘
09:30:09	39.8	--	2	7959	卖盘
09:30:06	39.8	0.09	61	242779	买盘
09:30:03	39.71	-0.07	411	1632081	卖盘
09:30:00	39.78	--	0	0	买盘
09:25:03	39.78	39.78	215	855270	买盘
