成交时间	成交价	价格变动	成交量(手)	成交额(元)	性质
15:00:03	6.62	--	110	72820	卖盘
14:57:03	6.62	--	0	0	卖盘
14:56:39	6.62	--	90	59580	卖盘
14:55:12	6.62	--	4	2648	卖盘
14:52:51	6.62	--	2	1324	卖盘
14:51:45	6.62	--	30	19860	卖盘
14:49:39	6.62	--	20	13240	卖盘
14:47:57	6.62	--	1	662	卖盘
14:46:51	6.62	--	129	85398	卖盘
14:46:39	6.62	--	18	11916	卖盘
14:45:36	6.62	--	20	13240	卖盘
14:44:09	6.62	--	12	7944	卖盘
14:41:18	6.62	--	1	662	卖盘
14:35:45	6.62	--	1	662	卖盘
14:35:09	6.62	--	30	19860	卖盘
14:29:06	6.62	--	6	3972	卖盘
14:26:21	6.62	--	9	5958	卖盘
14:24:39	6.62	--	5	3310	卖盘
14:17:39	6.62	--	6	3972	卖盘
14:16:18	6.62	--	4	2648	卖盘
14:15:00	6.62	--	10	6620	卖盘
14:13:36	6.62	--	10	6620	卖盘
14:11:45	6.62	--	37	24494	卖盘
14:11:06	6.62	--	5	3310	卖盘
14:10:39	6.62	--	3	1986	卖盘
14:06:03	6.62	--	15	9930	卖盘
14:05:42	6.62	--	5	3310	卖盘
14:05:21	6.62	--	1	662	卖盘
14:04:30	6.62	--	2	1324	卖盘
14:02:42	6.62	--	8	5296	卖盘
14:01:21	6.62	--	50	33100	卖盘
13:59:48	6.62	--	2	1324	卖盘
13:56:27	6.62	--	3	1986	卖盘
13:56:06	6.62	--	60	39720	卖盘
13:54:39	6.62	--	20	13240	卖盘
13:54:21	6.62	--	4	2648	卖盘
13:53:36	6.62	--	2	1324	卖盘
13:53:27	6.62	--	10	6620	卖盘
13:50:57	6.62	--	1	662	卖盘
13:40:09	6.62	--	2	1324	卖盘
13:37:54	6.62	--	2	1324	卖盘
13:33:06	6.62	--	18	11916	卖盘
13:32:36	6.62	--	1	662	卖盘
13:29:39	6.62	--	20	13240	卖盘
13:29:00	6.62	--	2	1324	卖盘
13:24:15	6.62	--	1	662	卖盘
13:22:45	6.62	--	26	17212	卖盘
13:22:09	6.62	--	10	6620	卖盘
13:18:12	6.62	--	6	3972	卖盘
13:18:00	6.62	--	1	662	卖盘
13:16:39	6.62	--	17	11254	卖盘
13:16:30	6.62	--	1	662	卖盘
13:15:15	6.62	--	100	66200	卖盘
13:14:36	6.62	--	28	18536	卖盘
13:14:21	6.62	--	15	9930	卖盘
13:12:39	6.62	--	1	662	卖盘
13:11:27	6.62	--	5	3310	卖盘
13:10:09	6.62	--	1	662	卖盘
13:09:24	6.62	--	7	4634	卖盘
13:08:18	6.62	--	10	6620	卖盘
13:08:09	6.62	--	10	6620	卖盘
13:07:57	6.62	--	1	662	卖盘
13:07:06	6.62	--	1	662	卖盘
13:06:39	6.62	--	3	1986	卖盘
13:06:30	6.62	--	20	13240	卖盘
13:06:03	6.62	--	6	3972	卖盘
13:05:57	6.62	--	7	4634	卖盘
13:05:24	6.62	--	25	16550	卖盘
13:05:21	6.62	--	54	35748	卖盘
13:05:18	6.62	--	2	1324	卖盘
13:05:09	6.62	--	8	5296	卖盘
13:04:06	6.62	--	1	662	卖盘
13:04:00	6.62	--	5	3310	卖盘
13:03:57	6.62	--	2	1324	卖盘
13:03:51	6.62	--	13	8606	卖盘
13:02:39	6.62	--	100	66200	卖盘
13:01:27	6.62	--	4	2648	卖盘
13:01:15	6.62	--	22	14564	卖盘
13:01:03	6.62	--	16	10592	卖盘
13:00:18	6.62	--	6	3972	卖盘
13:00:09	6.62	--	181	119822	卖盘
13:00:06	6.62	--	452	299224	卖盘
13:00:03	6.62	--	0	0	卖盘
11:30:03	6.62	--	0	0	卖盘
11:29:39	6.62	--	5	3310	卖盘
11:28:03	6.62	--	12	7944	卖盘
11:27:45	6.62	--	100	66200	卖盘
11:27:24	6.62	--	2	1324	卖盘
11:27:18	6.62	--	1	662	卖盘
11:26:51	6.62	--	100	66200	卖盘
11:26:30	6.62	--	50	33100	卖盘
11:26:18	6.62	--	158	104596	卖盘
11:25:42	6.62	--	79	52298	卖盘
11:25:36	6.62	--	50	33100	卖盘
11:25:03	6.62	--	150	99300	卖盘
11:24:42	6.62	--	10	6620	卖盘
11:24:33	6.62	--	3	1986	卖盘
11:24:06	6.62	--	214	141668	卖盘
11:24:00	6.62	--	20	13240	卖盘
11:23:45	6.62	--	26	17212	卖盘
11:23:39	6.62	--	3	1986	卖盘
11:23:30	6.62	--	8	5296	卖盘
11:23:24	6.62	--	2	1324	卖盘
11:23:21	6.62	--	61	40382	卖盘
11:22:51	6.62	--	10	6620	卖盘
11:22:36	6.62	--	450	297900	卖盘
11:22:27	6.62	--	10	6620	卖盘
11:22:18	6.62	--	12	7944	卖盘
11:22:12	6.62	--	13	8606	卖盘
11:22:09	6.62	--	46	30452	卖盘
11:22:03	6.62	--	20	13240	卖盘
11:21:57	6.62	--	10	6620	卖盘
11:21:54	6.62	--	10	6620	卖盘
11:21:21	6.62	--	2	1324	卖盘
11:21:12	6.62	--	77	50974	卖盘
11:21:03	6.62	--	8	5296	卖盘
11:19:39	6.62	--	33	21846	卖盘
11:18:12	6.62	--	3	1986	卖盘
11:18:06	6.62	--	1	662	卖盘
11:17:57	6.62	--	400	264800	卖盘
11:16:09	6.62	--	16	10592	卖盘
11:14:42	6.62	--	82	54284	卖盘
11:13:42	6.62	--	8	5296	卖盘
11:11:48	6.62	--	2	1324	卖盘
11:11:27	6.62	--	49	32438	卖盘
11:10:12	6.62	--	18	11916	卖盘
11:09:12	6.62	--	11	7282	卖盘
11:06:18	6.62	--	3	1986	卖盘
11:02:18	6.62	--	3	1986	卖盘
11:01:09	6.62	--	40	26480	卖盘
11:01:03	6.62	--	1	662	卖盘
11:00:30	6.62	--	3	1986	卖盘
11:00:24	6.62	--	3	1986	卖盘
10:59:48	6.62	--	5	3310	卖盘
10:57:30	6.62	--	10	6620	卖盘
10:55:09	6.62	--	10	6620	卖盘
10:54:15	6.62	--	15	9930	卖盘
10:53:45	6.62	--	1	662	卖盘
10:51:18	6.62	--	500	331000	卖盘
10:51:06	6.62	--	19	12578	卖盘
10:49:48	6.62	--	10	6620	卖盘
10:48:48	6.62	--	40	26480	卖盘
10:48:36	6.62	--	10	6620	卖盘
10:48:06	6.62	--	4	2648	卖盘
10:47:45	6.62	--	300	198600	卖盘
10:45:42	6.62	--	24	15888	卖盘
10:45:33	6.62	--	10	6620	卖盘
10:44:12	6.62	--	1	662	卖盘
10:43:33	6.62	--	1	662	卖盘
10:43:21	6.62	--	15	9930	卖盘
10:42:48	6.62	--	2	1324	卖盘
10:40:45	6.62	--	1	662	卖盘
10:40:39	6.62	--	10	6620	卖盘
10:40:27	6.62	--	4	2648	卖盘
10:40:03	6.62	--	5	3310	卖盘
10:39:57	6.62	--	5	3310	卖盘
10:39:36	6.62	--	2	1324	卖盘
10:39:03	6.62	--	10	6620	卖盘
10:38:54	6.62	--	15	9930	卖盘
10:38:42	6.62	--	12	7944	卖盘
10:38:09	6.62	--	1	662	卖盘
10:37:42	6.62	--	31	20522	卖盘
10:36:03	6.62	--	8	5296	卖盘
10:35:54	6.62	--	20	13240	卖盘
10:35:33	6.62	--	2	1324	卖盘
10:35:06	6.62	--	40	26480	卖盘
10:34:36	6.62	--	20	13240	卖盘
10:33:06	6.62	--	80	52960	卖盘
10:32:27	6.62	--	16	10592	卖盘
10:32:18	6.62	--	5	3310	卖盘
10:31:45	6.62	--	1	662	卖盘
10:31:03	6.62	--	35	23170	卖盘
10:28:36	6.62	--	1	662	卖盘
10:28:21	6.62	--	1	662	卖盘
10:26:48	6.62	--	10	6620	卖盘
10:25:51	6.62	--	80	52960	卖盘
10:25:33	6.62	--	10	6620	卖盘
10:24:24	6.62	--	15	9930	卖盘
10:23:57	6.62	--	1	662	卖盘
10:22:15	6.62	--	26	17212	卖盘
10:20:33	6.62	--	1	662	卖盘
10:20:12	6.62	--	10	6620	卖盘
10:19:39	6.62	--	10	6620	卖盘
10:19:18	6.62	--	1	662	卖盘
10:19:12	6.62	--	5	3310	卖盘
10:19:09	6.62	--	5	3310	卖盘
10:18:42	6.62	--	1	662	卖盘
10:18:36	6.62	--	5	3310	卖盘
10:14:12	6.62	--	4	2648	卖盘
10:13:39	6.62	--	3	1986	卖盘
10:12:27	6.62	--	1	662	卖盘
10:08:48	6.62	--	1	662	卖盘
10:07:39	6.62	--	20	13240	卖盘
10:07:18	6.62	--	1	662	卖盘
10:06:24	6.62	--	15	9930	卖盘
10:05:45	6.62	--	1	662	卖盘
10:04:30	6.62	--	5	3310	卖盘
10:04:24	6.62	--	7	4634	卖盘
10:02:48	6.62	--	1	662	卖盘
10:02:12	6.62	--	3	1986	卖盘
10:01:03	6.62	--	1	662	卖盘
10:00:45	6.62	--	36	23832	卖盘
10:00:18	6.62	--	5	3310	卖盘
10:00:09	6.62	--	31	20522	卖盘
09:58:03	6.62	--	7	4634	卖盘
09:57:33	6.62	--	20	13240	卖盘
09:57:30	6.62	--	20	13240	卖盘
09:56:51	6.62	--	8	5296	卖盘
09:56:12	6.62	--	25	16550	卖盘
09:56:00	6.62	--	10	6620	卖盘
09:54:39	6.62	--	2	1324	卖盘
09:52:54	6.62	--	1	662	卖盘
09:50:42	6.62	--	2	1324	卖盘
09:50:18	6.62	--	12	7944	卖盘
09:49:54	6.62	--	5	3310	卖盘
09:49:33	6.62	--	1	662	卖盘
09:49:30	6.62	--	10	6620	卖盘
09:49:18	6.62	--	55	36410	卖盘
09:49:00	6.62	--	5	3310	卖盘
09:48:12	6.62	--	10	6620	卖盘
09:46:48	6.62	--	13	8606	卖盘
09:46:36	6.62	--	3	1986	卖盘
09:46:33	6.62	--	5	3310	卖盘
09:46:12	6.62	--	7	4634	卖盘
09:45:45	6.62	--	3	1986	卖盘
09:45:30	6.62	--	10	6620	卖盘
09:45:00	6.62	--	3	1986	卖盘
09:44:48	6.62	--	27	17874	卖盘
09:43:51	6.62	--	5	3310	卖盘
09:43:18	6.62	--	8	5296	卖盘
09:43:15	6.62	--	1	662	卖盘
09:43:00	6.62	--	1	662	卖盘
09:42:48	6.62	--	26	17212	卖盘
09:42:39	6.62	--	10	6620	卖盘
09:42:30	6.62	--	9	5958	卖盘
09:42:21	6.62	--	1	662	卖盘
09:42:15	6.62	--	10	6620	卖盘
09:42:03	6.62	--	11	7282	卖盘
09:41:36	6.62	--	1	662	卖盘
09:41:27	6.62	--	10	6620	卖盘
09:41:12	6.62	--	20	13240	卖盘
09:40:57	6.62	--	43	28466	卖盘
09:40:51	6.62	--	1	662	卖盘
09:40:27	6.62	--	20	13240	卖盘
09:40:18	6.62	--	10	6620	卖盘
09:39:51	6.62	--	14	9268	卖盘
09:39:39	6.62	--	10	6620	卖盘
09:39:33	6.62	--	20	13240	卖盘
09:39:18	6.62	--	18	11916	卖盘
09:39:09	6.62	--	1	662	卖盘
09:38:57	6.62	--	20	13240	卖盘
09:38:51	6.62	--	2	1324	卖盘
09:38:45	6.62	--	2	1324	卖盘
09:38:39	6.62	--	2	1324	卖盘
09:38:36	6.62	--	10	6620	卖盘
09:38:30	6.62	--	13	8606	卖盘
09:38:27	6.62	--	16	10592	卖盘
09:38:15	6.62	--	32	21184	卖盘
09:38:00	6.62	--	21	13902	卖盘
09:37:54	6.62	--	30	19860	卖盘
09:37:39	6.62	--	1	662	卖盘
09:37:36	6.62	--	22	14564	卖盘
09:37:24	6.62	--	10	6620	卖盘
09:37:03	6.62	--	4	2648	卖盘
09:36:45	6.62	--	28	18536	卖盘
09:36:36	6.62	--	59	39058	卖盘
09:36:33	6.62	--	50	33100	卖盘
09:36:27	6.62	--	10	6620	卖盘
09:36:24	6.62	--	1	662	卖盘
09:36:15	6.62	--	70	46340	卖盘
09:36:06	6.62	--	36	23832	卖盘
09:35:54	6.62	--	250	165500	卖盘
09:35:48	6.62	--	10	6620	卖盘
09:35:21	6.62	--	1	662	卖盘
09:35:15	6.62	--	32	21184	卖盘
09:35:06	6.62	--	1	662	卖盘
09:34:57	6.62	--	11	7282	卖盘
09:34:45	6.62	--	51	33762	卖盘
09:34:36	6.62	--	41	27142	卖盘
09:34:33	6.62	--	105	69510	卖盘
09:34:30	6.62	--	110	72820	卖盘
09:34:15	6.62	--	3	1986	卖盘
09:34:03	6.62	--	51	33762	卖盘
09:34:00	6.62	--	1	662	卖盘
09:33:51	6.62	--	5	3310	卖盘
09:33:45	6.62	--	8	5296	卖盘
09:33:36	6.62	--	10	6620	卖盘
09:33:24	6.62	--	24	15888	卖盘
09:33:15	6.62	--	30	19860	卖盘
09:33:12	6.62	--	517	342254	卖盘
09:33:00	6.62	--	13	8606	卖盘
09:32:54	6.62	--	3	1986	卖盘
09:32:48	6.62	--	3	1986	卖盘
09:32:39	6.62	--	100	66200	卖盘
09:32:33	6.62	--	45	29790	卖盘
09:32:27	6.62	--	2	1324	卖盘
09:32:18	6.62	--	4	2648	卖盘
09:32:15	6.62	--	30	19860	卖盘
09:32:12	6.62	--	28	18536	卖盘
09:32:09	6.62	--	5	3310	卖盘
09:32:06	6.62	--	5	3310	卖盘
09:31:48	6.62	--	73	48326	卖盘
09:31:45	6.62	--	5	3310	卖盘
09:31:42	6.62	--	40	26480	卖盘
09:31:36	6.62	--	41	27142	卖盘
09:31:33	6.62	--	5	3310	卖盘
09:31:24	6.62	--	31	20522	卖盘
09:31:21	6.62	--	7	4634	卖盘
09:31:18	6.62	--	16	10592	卖盘
09:31:12	6.62	--	1	662	卖盘
09:31:06	6.62	--	1398	925476	卖盘
09:31:03	6.62	--	15	9930	卖盘
09:31:00	6.62	--	65	43030	卖盘
09:30:57	6.62	--	39	25818	卖盘
09:30:54	6.62	--	190	125780	卖盘
09:30:48	6.62	--	4	2648	卖盘
09:30:45	6.62	--	30	19860	卖盘
09:30:42	6.62	--	1	662	卖盘
09:30:39	6.62	--	12	7944	卖盘
09:30:36	6.62	--	4	2648	卖盘
09:30:33	6.62	--	18	11916	卖盘
09:30:27	6.62	--	110	72820	卖盘
09:30:24	6.62	--	30	19860	卖盘
09:30:18	6.62	--	127	84074	卖盘
09:30:15	6.62	--	3039	2011818	卖盘
09:30:12	6.62	--	37	24494	卖盘
09:30:09	6.62	--	3015	1995930	卖盘
09:30:06	6.62	--	2537	1679494	卖盘
09:30:03	6.62	--	0	0	卖盘
09:25:03	6.62	6.62	8267	5473283	卖盘
