成交时间	成交价	价格变动	成交量(手)	成交额(元)	性质
15:00:03	6.61	--	4952	3273635	卖盘
14:57:00	6.61	--	127	83947	买盘
14:56:57	6.61	--	197	130712	卖盘
14:56:54	6.61	--	235	155335	卖盘
14:56:51	6.61	--	37	24457	卖盘
14:56:48	6.61	--	446	294971	买盘
14:56:45	6.61	0.01	125	82625	买盘
14:56:42	6.6	-0.01	62	41250	卖盘
14:56:39	6.61	0.01	346	228706	买盘
14:56:36	6.6	--	364	240240	卖盘
14:56:33	6.6	-0.01	236	156090	卖盘
14:56:30	6.61	--	71	46931	买盘
14:56:27	6.61	--	40	26440	买盘
14:56:24	6.61	--	32	21152	买盘
14:56:21	6.61	--	32	21152	买盘
14:56:18	6.61	--	159	105561	卖盘
14:56:15	6.61	--	80	53474	卖盘
14:56:12	6.61	--	150	99150	卖盘
14:56:09	6.61	--	38	25118	卖盘
14:56:06	6.61	--	952	629536	买盘
14:56:03	6.61	--	13	8593	买盘
14:56:00	6.61	--	101	66761	买盘
14:55:57	6.61	0.01	29	19169	买盘
14:55:54	6.6	--	21	13860	卖盘
14:55:51	6.6	-0.01	44	29238	卖盘
14:55:48	6.61	--	10	6610	买盘
14:55:45	6.61	--	71	46931	买盘
14:55:42	6.61	--	825	545325	买盘
14:55:39	6.61	0.01	100	66100	买盘
14:55:36	6.6	-0.01	35	23100	卖盘
14:55:33	6.61	--	178	117658	卖盘
14:55:30	6.61	--	78	51558	卖盘
14:55:27	6.61	-0.01	12	7932	卖盘
14:55:24	6.62	0.01	560	370984	买盘
14:55:21	6.61	0.01	46	30406	买盘
14:55:18	6.6	-0.01	153	101310	卖盘
14:55:15	6.61	--	20	13220	买盘
14:55:09	6.61	--	30	19830	买盘
14:55:06	6.61	--	10	6610	买盘
14:55:03	6.61	--	173	114881	卖盘
14:55:00	6.61	--	109	72049	卖盘
14:54:57	6.61	--	766	506326	卖盘
14:54:54	6.61	-0.01	617	407837	卖盘
14:54:51	6.62	0.01	2	1324	买盘
14:54:48	6.61	--	32	21152	卖盘
14:54:45	6.61	-0.01	49	32389	卖盘
14:54:42	6.62	0.01	739	489681	买盘
14:54:39	6.61	--	36	23796	卖盘
14:54:36	6.61	--	162	107082	卖盘
14:54:33	6.61	--	178	117658	卖盘
14:54:30	6.61	--	381	251841	卖盘
14:54:27	6.61	--	318	210528	卖盘
14:54:24	6.61	--	80	52880	卖盘
14:54:21	6.61	--	81	53541	卖盘
14:54:18	6.61	-0.01	56	37016	卖盘
14:54:15	6.62	0.01	3	1986	买盘
14:54:12	6.61	0.01	105	69405	买盘
14:54:09	6.6	-0.02	80	52800	卖盘
14:54:06	6.62	0.01	412	272744	买盘
14:54:03	6.61	--	442	292796	卖盘
14:54:00	6.61	--	22	14542	卖盘
14:53:57	6.61	--	221	146107	买盘
14:53:54	6.61	--	83	54863	买盘
14:53:51	6.61	0.01	89	58829	买盘
14:53:48	6.6	-0.01	17	11253	卖盘
14:53:42	6.61	--	444	293484	买盘
14:53:39	6.61	--	459	303603	卖盘
14:53:36	6.61	-0.01	187	123706	卖盘
14:53:33	6.62	0.01	376	249269	买盘
14:53:30	6.61	--	9	5949	买盘
14:53:27	6.61	--	1	661	买盘
14:53:24	6.61	--	142	93862	买盘
14:53:21	6.61	--	14	9254	买盘
14:53:18	6.61	-0.01	89	59133	卖盘
14:53:15	6.62	0.01	155	102610	买盘
14:53:12	6.61	--	400	264756	买盘
14:53:09	6.61	--	55	36355	买盘
14:53:06	6.61	--	23	15203	买盘
14:53:00	6.61	--	29	19169	买盘
14:52:57	6.61	--	270	178470	买盘
14:52:54	6.61	--	7	4627	买盘
14:52:51	6.61	--	31	20491	买盘
14:52:48	6.61	--	80	52880	买盘
14:52:45	6.61	--	1	661	买盘
14:52:42	6.61	--	4	2644	买盘
14:52:39	6.61	--	54	35694	卖盘
14:52:36	6.61	--	106	70066	卖盘
14:52:33	6.61	--	36	23796	卖盘
14:52:27	6.61	0.01	1569	1037340	买盘
14:52:24	6.6	-0.01	101	66726	卖盘
14:52:21	6.61	--	20	13220	卖盘
14:52:18	6.61	--	416	275570	买盘
14:52:15	6.61	--	20	13220	买盘
14:52:12	6.61	--	25	17020	卖盘
14:52:09	6.61	-0.01	13	8593	卖盘
14:52:06	6.62	0.01	1792	1186304	买盘
14:52:03	6.61	-0.01	208	137488	卖盘
14:51:57	6.62	--	247	163514	买盘
14:51:54	6.62	0.01	23	15226	买盘
14:51:51	6.61	--	64	42469	买盘
14:51:48	6.61	--	50	33050	买盘
14:51:45	6.61	--	522	345537	卖盘
14:51:42	6.61	0.01	1392	920277	买盘
14:51:39	6.6	-0.01	68	45243	卖盘
14:51:36	6.61	0.01	530	350838	买盘
14:51:33	6.6	--	46	30360	卖盘
14:51:30	6.6	--	71	46860	卖盘
14:51:27	6.6	--	42	27720	卖盘
14:51:24	6.6	-0.01	358	236280	卖盘
14:51:21	6.61	0.01	1	661	买盘
14:51:15	6.6	-0.01	376	248160	卖盘
14:51:12	6.61	0.01	4	2644	买盘
14:51:09	6.6	--	55	36300	卖盘
14:51:06	6.6	-0.01	18	11880	卖盘
14:51:03	6.61	--	107	70727	买盘
14:51:00	6.61	0.01	513	339093	买盘
14:50:57	6.6	-0.01	50	33000	卖盘
14:50:54	6.61	0.01	23	15203	买盘
14:50:51	6.6	--	126	83160	卖盘
14:50:48	6.6	--	52	34320	卖盘
14:50:45	6.6	-0.01	17	11220	卖盘
14:50:42	6.61	--	27	17847	买盘
14:50:39	6.61	--	36	23796	买盘
14:50:33	6.61	0.01	130	85930	买盘
14:50:30	6.6	--	2888	1906080	卖盘
14:50:27	6.6	--	10	6600	卖盘
14:50:24	6.6	--	5	3300	卖盘
14:50:21	6.6	--	118	77880	卖盘
14:50:18	6.6	-0.01	6	3960	卖盘
14:50:15	6.61	--	18	11898	买盘
14:50:12	6.61	--	4	2644	买盘
14:50:09	6.61	--	37	24457	买盘
14:50:06	6.61	--	666	440226	买盘
14:50:03	6.61	--	20	13220	买盘
14:50:00	6.61	0.01	17	11237	买盘
14:49:57	6.6	--	39	25740	卖盘
14:49:54	6.6	-0.01	95	62964	卖盘
14:49:51	6.61	--	5	3305	卖盘
14:49:48	6.61	--	27	18078	买盘
14:49:45	6.61	--	28	18508	买盘
14:49:42	6.61	--	28	18508	买盘
14:49:39	6.61	0.01	1	661	买盘
14:49:36	6.6	-0.01	177	116820	卖盘
14:49:33	6.61	--	10	6610	买盘
14:49:30	6.61	0.01	17	11237	买盘
14:49:27	6.6	-0.01	20	13200	卖盘
14:49:24	6.61	--	204	135339	卖盘
14:49:21	6.61	--	32	21152	卖盘
14:49:18	6.61	--	80	52880	卖盘
14:49:15	6.61	--	16	10576	卖盘
14:49:12	6.61	--	709	468814	买盘
14:49:09	6.61	0.01	5	3305	买盘
14:49:06	6.6	-0.01	40	26400	卖盘
14:49:03	6.61	--	45	29745	买盘
14:49:00	6.61	--	30	19830	买盘
14:48:57	6.61	--	78	51558	买盘
14:48:54	6.61	--	14	9419	卖盘
14:48:51	6.61	--	93	61473	卖盘
14:48:48	6.61	--	10	6610	卖盘
14:48:45	6.61	--	51	34206	买盘
14:48:42	6.61	--	295	195490	卖盘
14:48:39	6.61	--	50	33050	卖盘
14:48:36	6.61	-0.01	54	35694	卖盘
14:48:33	6.62	0.01	48	31776	买盘
14:48:30	6.61	--	1	661	卖盘
14:48:27	6.61	-0.01	85	56251	卖盘
14:48:24	6.62	0.01	10	6620	买盘
14:48:21	6.61	--	82	54202	卖盘
14:48:18	6.61	-0.01	28	18739	卖盘
14:48:15	6.62	--	53	35086	买盘
14:48:12	6.62	--	128	84736	买盘
14:48:09	6.62	0.01	41	27142	买盘
14:48:06	6.61	-0.01	144	95745	卖盘
14:48:03	6.62	0.01	3	1986	买盘
14:48:00	6.61	--	55	36355	卖盘
14:47:57	6.61	--	67	44287	卖盘
14:47:54	6.61	--	96	63786	卖盘
14:47:51	6.61	--	254	167894	卖盘
14:47:48	6.61	-0.01	14	9551	卖盘
14:47:45	6.62	--	30	19860	买盘
14:47:42	6.62	--	30	19860	买盘
14:47:39	6.62	0.01	19	12578	买盘
14:47:36	6.61	0.01	22	14542	买盘
14:47:33	6.6	--	60	39930	卖盘
14:47:30	6.6	--	5	3300	卖盘
14:47:27	6.6	-0.01	342	225720	卖盘
14:47:24	6.61	--	91	60151	买盘
14:47:21	6.61	0.01	231	152691	买盘
14:47:18	6.6	-0.01	5	3300	卖盘
14:47:15	6.61	--	50	33512	卖盘
14:47:12	6.61	--	60	39858	买盘
14:47:09	6.61	--	377	249527	卖盘
14:47:06	6.61	--	516	341076	卖盘
14:47:03	6.61	--	68	45278	卖盘
14:47:00	6.61	--	46	30406	卖盘
14:46:57	6.61	--	33	22143	卖盘
14:46:51	6.61	-0.01	71	46931	卖盘
14:46:48	6.62	--	3	1986	买盘
14:46:45	6.62	0.01	57	37734	买盘
14:46:42	6.61	--	5	3305	卖盘
14:46:39	6.61	--	60	39660	卖盘
14:46:36	6.61	-0.01	96	63456	卖盘
14:46:33	6.62	0.01	45	29790	买盘
14:46:30	6.61	--	34	22474	卖盘
14:46:27	6.61	--	27	17847	卖盘
14:46:24	6.61	--	297	196317	卖盘
14:46:21	6.61	-0.01	2	1322	卖盘
14:46:18	6.62	--	12	7944	买盘
14:46:15	6.62	--	289	191649	买盘
14:46:12	6.62	0.01	175	115850	买盘
14:46:09	6.61	--	15	9915	卖盘
14:46:06	6.61	-0.01	135	89235	卖盘
14:46:03	6.62	--	14	9268	买盘
14:46:00	6.62	0.01	158	104596	买盘
14:45:57	6.61	--	111	73371	卖盘
14:45:54	6.61	--	69	45609	买盘
14:45:51	6.61	--	71	46931	卖盘
14:45:48	6.61	--	39	25779	卖盘
14:45:45	6.61	-0.01	50	33050	卖盘
14:45:42	6.62	0.01	226	149612	买盘
14:45:39	6.61	0.01	10	6610	买盘
14:45:36	6.6	-0.01	63	41580	卖盘
14:45:33	6.61	--	34	22474	买盘
14:45:30	6.61	--	212	140132	买盘
14:45:27	6.61	0.01	48	31728	买盘
14:45:24	6.6	-0.01	71	46860	卖盘
14:45:21	6.61	0.01	5	3305	买盘
14:45:15	6.6	-0.01	1	891	卖盘
14:45:12	6.61	-0.02	92	61036	卖盘
14:45:09	6.63	0.01	13	8619	买盘
14:45:06	6.62	--	110	72820	卖盘
14:45:03	6.62	0.01	9876	6538547	买盘
14:45:00	6.61	0.01	238	157318	买盘
14:44:57	6.6	--	463	305580	卖盘
14:44:54	6.6	-0.01	45	29700	卖盘
14:44:51	6.61	--	99	65439	买盘
14:44:48	6.61	--	9	5949	买盘
14:44:45	6.61	--	12	7932	买盘
14:44:42	6.61	--	2	1322	买盘
14:44:36	6.61	0.01	17	11237	买盘
14:44:33	6.6	--	5	3300	卖盘
14:44:30	6.6	--	544	359040	卖盘
14:44:27	6.6	--	5	3300	卖盘
14:44:24	6.6	--	60	39600	卖盘
14:44:21	6.6	-0.01	50	33000	卖盘
14:44:18	6.61	--	38	25118	买盘
14:44:15	6.61	0.01	29	19169	买盘
14:44:12	6.6	--	937	618420	卖盘
14:44:09	6.6	--	2	1320	卖盘
14:44:06	6.6	--	29	19140	卖盘
14:44:03	6.6	--	20	13200	卖盘
14:44:00	6.6	--	13	8580	卖盘
14:43:57	6.6	-0.01	28	18480	卖盘
14:43:54	6.61	0.01	114	75684	买盘
14:43:51	6.6	--	60	39600	卖盘
14:43:48	6.6	-0.01	5	3300	卖盘
14:43:45	6.61	0.01	10	6610	买盘
14:43:42	6.6	--	1	660	卖盘
14:43:36	6.6	-0.01	199	131340	卖盘
14:43:33	6.61	0.01	44	29084	买盘
14:43:30	6.6	--	122	80520	卖盘
14:43:27	6.6	0.01	134	88506	买盘
14:43:24	6.59	-0.01	133	88240	卖盘
14:43:21	6.6	0.01	101	66726	买盘
14:43:18	6.59	--	90	59804	卖盘
14:43:15	6.59	--	644	424396	卖盘
14:43:12	6.59	-0.01	71	46789	卖盘
14:43:09	6.6	--	31	20790	买盘
14:43:06	6.6	--	77	50820	买盘
14:43:03	6.6	0.01	11	7260	买盘
14:43:00	6.59	-0.01	293	193185	卖盘
14:42:57	6.6	--	205	135300	买盘
14:42:54	6.6	--	30	19800	买盘
14:42:51	6.6	0.01	189	124740	买盘
14:42:48	6.59	-0.01	153	101222	卖盘
14:42:45	6.6	--	102	67320	买盘
14:42:42	6.6	--	16	10560	买盘
14:42:39	6.6	0.01	49	32340	买盘
14:42:36	6.59	--	71	46821	卖盘
14:42:33	6.59	--	502	330818	卖盘
14:42:30	6.59	-0.01	93	61287	卖盘
14:42:27	6.6	0.01	143	94380	买盘
14:42:24	6.59	-0.01	46	30314	卖盘
14:42:21	6.6	0.01	49	32340	买盘
14:42:18	6.59	-0.01	182	119938	卖盘
14:42:15	6.6	--	288	190080	买盘
14:42:12	6.6	--	93	61380	买盘
14:42:09	6.6	0.01	46	30690	买盘
14:42:03	6.59	-0.01	1	659	卖盘
14:42:00	6.6	0.01	135	89687	买盘
14:41:54	6.59	-0.01	144	94896	卖盘
14:41:51	6.6	0.01	10	6600	买盘
14:41:48	6.59	--	3	1977	卖盘
14:41:45	6.59	--	153	100827	卖盘
14:41:42	6.59	-0.01	148	97532	卖盘
14:41:39	6.6	0.01	236	155760	买盘
14:41:36	6.59	-0.01	20	13180	卖盘
14:41:30	6.6	--	34	22440	买盘
14:41:27	6.6	0.01	32	21318	买盘
14:41:24	6.59	-0.01	14	9226	卖盘
14:41:21	6.6	--	59	38940	买盘
14:41:18	6.6	--	20	13200	买盘
14:41:12	6.6	--	53	34980	买盘
14:41:09	6.6	--	31	20460	买盘
14:41:06	6.6	--	1272	839520	买盘
14:41:03	6.6	0.01	108	71280	买盘
14:41:00	6.59	-0.01	56	36904	卖盘
14:40:57	6.6	0.01	420	277794	买盘
14:40:51	6.59	--	9	5931	卖盘
14:40:48	6.59	-0.01	147	96873	卖盘
14:40:45	6.6	--	150	99000	买盘
14:40:42	6.6	--	12	7920	买盘
14:40:39	6.6	--	26	17160	买盘
14:40:36	6.6	--	14	9240	买盘
14:40:33	6.6	--	3	1980	买盘
14:40:30	6.6	--	28	18480	买盘
14:40:27	6.6	--	27	17820	买盘
14:40:24	6.6	--	12	8250	卖盘
14:40:21	6.6	--	80	52800	卖盘
14:40:18	6.6	--	2	1320	卖盘
14:40:15	6.6	--	14	9240	卖盘
14:40:12	6.6	--	77	50919	卖盘
14:40:09	6.6	--	10	6600	卖盘
14:40:06	6.6	--	79	52140	卖盘
14:40:03	6.6	--	49	32571	买盘
14:40:00	6.6	--	15	9900	买盘
14:39:57	6.6	-0.01	42	27720	卖盘
14:39:54	6.61	--	26	17186	买盘
14:39:51	6.61	0.01	282	186402	买盘
14:39:48	6.6	0.01	4	2640	买盘
14:39:45	6.59	--	233	153547	卖盘
14:39:42	6.59	-0.01	10	6590	卖盘
14:39:39	6.6	--	65	43131	买盘
14:39:36	6.6	--	4	2640	买盘
14:39:33	6.6	--	10	6600	买盘
14:39:30	6.6	--	17	11220	买盘
14:39:27	6.6	--	21	13992	卖盘
14:39:24	6.6	--	127	84282	卖盘
14:39:21	6.6	-0.01	335	221100	卖盘
14:39:18	6.61	0.01	44	29084	买盘
14:39:15	6.6	--	64	42240	卖盘
14:39:12	6.6	-0.01	16	10560	卖盘
14:39:09	6.61	0.01	47	31067	买盘
14:39:06	6.6	--	117	77220	卖盘
14:39:03	6.6	--	13	8910	卖盘
14:39:00	6.6	-0.01	392	258720	卖盘
14:38:54	6.61	--	14	9254	买盘
14:38:51	6.61	0.01	154	101794	买盘
14:38:48	6.6	--	79	52173	卖盘
14:38:45	6.6	-0.01	277	183282	卖盘
14:38:42	6.61	--	19	12559	买盘
14:38:39	6.61	0.01	138	91218	买盘
14:38:36	6.6	--	10	6600	卖盘
14:38:30	6.6	--	70	46200	卖盘
14:38:27	6.6	--	20	13200	卖盘
14:38:24	6.6	-0.01	13	8910	卖盘
14:38:21	6.61	0.01	301	198961	买盘
14:38:18	6.6	--	82	54120	卖盘
14:38:15	6.6	-0.01	114	75240	卖盘
14:38:12	6.61	0.01	72	47592	买盘
14:38:09	6.6	-0.01	55	36300	卖盘
14:38:06	6.61	0.01	52	34372	买盘
14:38:03	6.6	-0.01	483	318780	卖盘
14:37:57	6.61	0.01	28	18508	买盘
14:37:54	6.6	--	10	6600	卖盘
14:37:51	6.6	--	34	22671	卖盘
14:37:48	6.6	-0.01	452	298782	卖盘
14:37:45	6.61	--	14	9254	买盘
14:37:42	6.61	0.01	4	2644	买盘
14:37:39	6.6	--	323	213180	卖盘
14:37:36	6.6	--	145	96162	卖盘
14:37:30	6.6	-0.01	8	5346	卖盘
14:37:24	6.61	0.01	126	83286	买盘
14:37:21	6.6	--	214	141240	卖盘
14:37:18	6.6	-0.01	365	240900	卖盘
14:37:15	6.61	--	3	1983	买盘
14:37:12	6.61	0.01	5	3305	买盘
14:37:09	6.6	--	6	4059	卖盘
14:37:06	6.6	--	785	518100	卖盘
14:37:03	6.6	-0.01	62	40920	卖盘
14:37:00	6.61	--	18	11898	买盘
14:36:57	6.61	0.01	67	44287	买盘
14:36:54	6.6	-0.01	4	2640	卖盘
14:36:51	6.61	--	73	48253	买盘
14:36:48	6.61	0.01	24	15864	买盘
14:36:45	6.6	-0.01	111	73260	卖盘
14:36:42	6.61	0.01	5	3305	买盘
14:36:36	6.6	--	180	118800	卖盘
14:36:33	6.6	-0.01	20	13200	卖盘
14:36:30	6.61	0.01	96	63456	买盘
14:36:27	6.6	-0.01	8	5511	卖盘
14:36:21	6.61	0.01	12	7932	买盘
14:36:18	6.6	--	50	33000	卖盘
14:36:15	6.6	-0.01	98	64680	卖盘
14:36:12	6.61	0.01	54	35694	买盘
14:36:09	6.6	--	28	18480	卖盘
14:36:06	6.6	--	36	24090	卖盘
14:36:03	6.6	--	30	19800	卖盘
14:36:00	6.6	-0.01	124	81840	卖盘
14:35:57	6.61	0.01	3	1983	买盘
14:35:54	6.6	-0.01	22	14520	卖盘
14:35:51	6.61	0.01	62	40982	买盘
14:35:48	6.6	-0.01	10	6600	卖盘
14:35:45	6.61	0.01	23	15203	买盘
14:35:42	6.6	-0.01	51	33693	卖盘
14:35:39	6.61	0.01	11	7271	买盘
14:35:36	6.6	--	30	19800	卖盘
14:35:33	6.6	--	1174	774840	卖盘
14:35:27	6.6	--	217	143220	卖盘
14:35:24	6.6	--	28	18777	卖盘
14:35:21	6.6	-0.01	19	12705	卖盘
14:35:18	6.61	0.01	36	23796	买盘
14:35:15	6.6	--	67	44715	卖盘
14:35:12	6.6	--	77	50820	卖盘
14:35:06	6.6	0.01	38	25080	中性盘
14:35:03	6.59	--	3112	2050808	卖盘
14:35:00	6.59	--	20	13180	卖盘
14:34:57	6.59	-0.01	30	19770	卖盘
14:34:54	6.6	0.02	94	62040	买盘
14:34:51	6.58	-0.01	484	318472	卖盘
14:34:48	6.59	--	70	46690	买盘
14:34:45	6.59	--	430	283370	买盘
14:34:42	6.59	--	330	217964	买盘
14:34:39	6.59	--	1535	1011565	买盘
14:34:36	6.59	--	60	39572	买盘
14:34:33	6.59	0.01	299	197041	买盘
14:34:30	6.58	--	434	285572	卖盘
14:34:27	6.58	--	64	42112	卖盘
14:34:24	6.58	-0.01	36	23688	卖盘
14:34:21	6.59	--	286	188474	买盘
14:34:18	6.59	0.01	23	15157	买盘
14:34:15	6.58	--	137	90146	卖盘
14:34:12	6.58	-0.01	82	53956	卖盘
14:34:09	6.59	0.01	27	17793	买盘
14:34:06	6.58	-0.01	28	18424	卖盘
14:34:03	6.59	--	65	42835	买盘
14:34:00	6.59	--	21	13839	买盘
14:33:57	6.59	--	221	145639	买盘
14:33:54	6.59	0.01	21	13839	买盘
14:33:51	6.58	--	93	61194	卖盘
14:33:48	6.58	--	35	23030	卖盘
14:33:45	6.58	--	136	89488	卖盘
14:33:42	6.58	-0.01	6	3948	卖盘
14:33:39	6.59	0.01	125	82375	买盘
14:33:36	6.58	--	316	207928	卖盘
14:33:33	6.58	--	30	19740	卖盘
14:33:30	6.58	--	77	50666	卖盘
14:33:27	6.58	--	332	218456	卖盘
14:33:24	6.58	--	57	37506	卖盘
14:33:21	6.58	--	5	3290	卖盘
14:33:18	6.58	-0.01	634	417501	卖盘
14:33:15	6.59	--	65	42835	买盘
14:33:12	6.59	--	134	88306	买盘
14:33:09	6.59	0.01	280	184520	买盘
14:33:06	6.58	-0.01	77	50666	卖盘
14:33:03	6.59	--	93	61287	买盘
14:33:00	6.59	--	131	86329	买盘
14:32:57	6.59	0.01	5	3295	买盘
14:32:54	6.58	--	243	159894	卖盘
14:32:51	6.58	-0.01	167	109886	卖盘
14:32:48	6.59	0.01	99	65241	买盘
14:32:45	6.58	--	11	7238	卖盘
14:32:42	6.58	-0.01	115	75999	卖盘
14:32:39	6.59	0.01	43	28337	买盘
14:32:36	6.58	--	3	1974	卖盘
14:32:33	6.58	--	170	111892	卖盘
14:32:30	6.58	-0.01	90	59220	卖盘
14:32:27	6.59	0.01	48	31632	买盘
14:32:24	6.58	-0.01	25	16450	卖盘
14:32:21	6.59	0.01	26	17134	买盘
14:32:18	6.58	-0.01	53	35170	卖盘
14:32:15	6.59	0.01	50	32950	买盘
14:32:12	6.58	--	71	46718	卖盘
14:32:06	6.58	-0.01	21	13818	卖盘
14:32:03	6.59	--	3367	2218918	卖盘
14:32:00	6.59	--	36	23724	卖盘
14:31:57	6.59	--	81	53379	卖盘
14:31:51	6.59	--	70	46525	卖盘
14:31:48	6.59	--	548	361132	卖盘
14:31:45	6.59	-0.01	3060	2016540	卖盘
14:31:42	6.6	0.01	838	553080	买盘
14:31:39	6.59	--	202	133118	卖盘
14:31:36	6.59	--	215	141685	卖盘
14:31:33	6.59	--	82	54038	卖盘
14:31:30	6.59	--	6	3954	卖盘
14:31:27	6.59	--	3	1977	卖盘
14:31:24	6.59	-0.01	30	19770	卖盘
14:31:21	6.6	--	78	51480	买盘
14:31:18	6.6	--	12	7920	买盘
14:31:15	6.6	--	130	85965	卖盘
14:31:12	6.6	--	125	82500	卖盘
14:31:09	6.6	--	20	13200	卖盘
14:31:06	6.6	--	290	191400	卖盘
14:31:03	6.6	--	318	209880	卖盘
14:31:00	6.6	--	270	178200	卖盘
14:30:57	6.6	-0.01	268	176880	卖盘
14:30:54	6.61	0.01	207	136893	买盘
14:30:51	6.6	-0.01	3053	2014980	卖盘
14:30:48	6.61	0.01	4	2644	买盘
14:30:45	6.6	--	98	64680	卖盘
14:30:42	6.6	--	49	32340	卖盘
14:30:36	6.6	--	65	42900	卖盘
14:30:33	6.6	--	21	13860	卖盘
14:30:30	6.6	--	17	11220	卖盘
14:30:27	6.6	-0.01	586	386760	卖盘
14:30:24	6.61	0.01	23	15203	买盘
14:30:21	6.6	-0.01	16	10560	卖盘
14:30:15	6.61	0.01	247	163267	买盘
14:30:12	6.6	--	206	135960	卖盘
14:30:09	6.6	--	1	660	卖盘
14:30:06	6.6	-0.01	2	1320	卖盘
14:30:03	6.61	0.01	58	38338	买盘
14:30:00	6.6	-0.01	23	15180	卖盘
14:29:57	6.61	--	212	140462	卖盘
14:29:51	6.61	--	351	232011	卖盘
14:29:48	6.61	--	10	6940	卖盘
14:29:42	6.61	--	20	13220	卖盘
14:29:39	6.61	0.01	34	22474	买盘
14:29:36	6.6	-0.01	242	159720	卖盘
14:29:33	6.61	-0.01	70	46270	卖盘
14:29:30	6.62	0.01	112	74335	买盘
14:29:27	6.61	--	41	27596	卖盘
14:29:21	6.61	--	22	14542	卖盘
14:29:18	6.61	--	370	244570	卖盘
14:29:15	6.61	--	43	28423	卖盘
14:29:12	6.61	--	14	9254	卖盘
14:29:09	6.61	--	53	35033	卖盘
14:29:06	6.61	-0.01	109	72049	卖盘
14:29:03	6.62	0.01	30	19860	买盘
14:28:57	6.61	--	39	25779	卖盘
14:28:54	6.61	-0.01	400	264400	卖盘
14:28:51	6.62	0.01	5	3310	买盘
14:28:48	6.61	--	4	2644	卖盘
14:28:45	6.61	--	25	16525	卖盘
14:28:42	6.61	--	5	3305	卖盘
14:28:30	6.61	--	61	40321	卖盘
14:28:27	6.61	-0.01	9	5949	卖盘
14:28:24	6.62	0.01	7	4634	买盘
14:28:21	6.61	-0.01	8	5354	卖盘
14:28:18	6.62	--	98	64876	买盘
14:28:15	6.62	0.01	83	54946	买盘
14:28:12	6.61	-0.01	510	337638	卖盘
14:28:09	6.62	0.01	17	11254	买盘
14:28:06	6.61	-0.01	71	46931	卖盘
14:28:00	6.62	0.01	51	33762	买盘
14:27:57	6.61	--	13	8593	卖盘
14:27:54	6.61	-0.01	66	44055	卖盘
14:27:45	6.62	0.01	66	43692	买盘
14:27:42	6.61	--	3	1983	卖盘
14:27:39	6.61	-0.01	6	4230	卖盘
14:27:36	6.62	0.01	47	31114	买盘
14:27:33	6.61	-0.01	10	6610	卖盘
14:27:30	6.62	--	20	13240	买盘
14:27:24	6.62	0.01	5	3310	买盘
14:27:21	6.61	--	139	92506	卖盘
14:27:18	6.61	-0.01	2	1322	卖盘
14:27:15	6.62	0.01	20	13240	买盘
14:27:12	6.61	-0.01	67	44287	卖盘
14:27:09	6.62	--	142	94004	买盘
14:27:06	6.62	--	16	10658	买盘
14:27:03	6.62	0.01	11	7282	买盘
14:26:57	6.61	--	11	7271	卖盘
14:26:51	6.61	-0.01	60	39660	卖盘
14:26:48	6.62	--	507	335634	买盘
14:26:45	6.62	0.01	38	25156	买盘
14:26:42	6.61	--	7	4627	卖盘
14:26:36	6.61	-0.01	54	35694	卖盘
14:26:33	6.62	0.01	2	1324	买盘
14:26:30	6.61	-0.01	47	31067	卖盘
14:26:24	6.62	0.01	35	23170	买盘
14:26:21	6.61	--	2	1322	卖盘
14:26:18	6.61	--	20	13220	卖盘
14:26:15	6.61	-0.01	0	330	卖盘
14:26:12	6.62	--	25	16550	买盘
14:26:09	6.62	0.01	75	49650	买盘
14:26:06	6.61	-0.01	10	6610	卖盘
14:26:03	6.62	0.01	3	1986	买盘
14:26:00	6.61	--	300	198300	卖盘
14:25:57	6.61	--	14	9254	卖盘
14:25:54	6.61	--	566	374126	卖盘
14:25:48	6.61	-0.01	41	27299	卖盘
14:25:42	6.62	0.01	81	53622	买盘
14:25:39	6.61	-0.01	25	16525	卖盘
14:25:33	6.62	--	272	180064	买盘
14:25:27	6.62	--	15	9930	买盘
14:25:24	6.62	--	25	16550	买盘
14:25:21	6.62	0.01	98	65207	买盘
14:25:18	6.61	--	39	26076	卖盘
14:25:12	6.61	-0.01	9	5949	卖盘
14:25:09	6.62	0.01	11	7282	买盘
14:25:06	6.61	-0.01	353	233663	卖盘
14:25:03	6.62	0.01	19	12578	买盘
14:24:57	6.61	--	1	661	卖盘
14:24:54	6.61	--	2	1322	卖盘
14:24:51	6.61	-0.01	60	39660	卖盘
14:24:45	6.62	--	7	4634	买盘
14:24:42	6.62	--	39	25818	买盘
14:24:39	6.62	--	10	6620	买盘
14:24:33	6.62	0.01	21	13902	买盘
14:24:30	6.61	--	140	92540	卖盘
14:24:27	6.61	-0.01	3	1983	卖盘
14:24:24	6.62	--	30	19860	买盘
14:24:21	6.62	--	12	7944	买盘
14:24:18	6.62	--	2	1324	买盘
14:24:12	6.62	--	11	7282	买盘
14:24:06	6.62	--	62	41044	买盘
14:24:03	6.62	--	20	13240	买盘
14:24:00	6.62	--	23	15226	买盘
14:23:54	6.62	--	5	3310	买盘
14:23:51	6.62	0.01	10	6620	买盘
14:23:48	6.61	-0.01	21	13881	卖盘
14:23:45	6.62	--	5	3310	买盘
14:23:42	6.62	--	181	119822	买盘
14:23:39	6.62	--	1	662	买盘
14:23:36	6.62	--	14	9268	买盘
14:23:33	6.62	0.01	11	7282	买盘
14:23:30	6.61	--	27	17847	卖盘
14:23:24	6.61	-0.01	83	55358	卖盘
14:23:21	6.62	--	70	46340	买盘
14:23:18	6.62	--	100	66200	买盘
14:23:15	6.62	--	23	15226	买盘
14:23:12	6.62	--	27	17874	卖盘
14:23:09	6.62	0.01	73	48326	买盘
14:23:06	6.61	-0.01	121	79981	卖盘
14:23:03	6.62	0.01	1	662	买盘
14:22:57	6.61	-0.02	25	17053	卖盘
14:22:54	6.63	0.01	42	27846	买盘
14:22:51	6.62	--	27	17874	卖盘
14:22:48	6.62	--	21	14034	买盘
14:22:45	6.62	--	32	21184	买盘
14:22:42	6.62	--	4	2648	买盘
14:22:39	6.62	--	103	68715	卖盘
14:22:36	6.62	--	151	100094	买盘
14:22:30	6.62	0.01	54	35748	买盘
14:22:27	6.61	-0.02	37	24886	卖盘
14:22:24	6.63	0.01	2	1326	买盘
14:22:21	6.62	--	156	103272	卖盘
14:22:18	6.62	--	213	141634	卖盘
14:22:15	6.62	--	298	197772	卖盘
14:22:12	6.62	--	12	7944	卖盘
14:22:09	6.62	--	109	72158	卖盘
14:22:06	6.62	--	3	1986	卖盘
14:22:03	6.62	-0.01	5	3310	卖盘
14:22:00	6.63	0.02	978	648844	买盘
14:21:57	6.61	--	345	228045	卖盘
14:21:54	6.61	-0.01	4	2644	卖盘
14:21:51	6.62	--	50	33100	买盘
14:21:48	6.62	--	443	293266	买盘
14:21:45	6.62	0.01	63	41706	买盘
14:21:42	6.61	-0.01	114	75354	卖盘
14:21:39	6.62	--	24	15888	买盘
14:21:36	6.62	0.01	7	4634	买盘
14:21:33	6.61	-0.01	3	2214	卖盘
14:21:30	6.62	--	100	66200	买盘
14:21:27	6.62	0.01	20	13240	买盘
14:21:24	6.61	-0.01	20	13220	卖盘
14:21:21	6.62	0.01	46	30617	买盘
14:21:18	6.61	-0.01	2	1322	卖盘
14:21:15	6.62	--	16	10592	买盘
14:21:12	6.62	--	28	18536	买盘
14:21:09	6.62	0.01	136	90032	买盘
14:21:06	6.61	-0.01	43	28423	卖盘
14:21:03	6.62	--	32	21217	买盘
14:21:00	6.62	--	113	74806	买盘
14:20:57	6.62	--	56	37072	买盘
14:20:54	6.62	--	18	11916	买盘
14:20:51	6.62	--	80	52960	买盘
14:20:48	6.62	--	2	1324	买盘
14:20:45	6.62	0.01	314	207868	买盘
14:20:42	6.61	-0.01	50	33050	卖盘
14:20:39	6.62	--	133	88046	买盘
14:20:33	6.62	--	5	3310	买盘
14:20:30	6.62	--	58	38396	买盘
14:20:24	6.62	--	15	9930	买盘
14:20:21	6.62	0.01	47	31114	买盘
14:20:15	6.61	--	63	41940	卖盘
14:20:12	6.61	-0.01	104	68744	卖盘
14:20:09	6.62	--	9	5958	卖盘
14:20:06	6.62	--	168	111216	卖盘
14:20:03	6.62	--	338	223861	买盘
14:20:00	6.62	--	232	153584	买盘
14:19:57	6.62	--	5	3310	买盘
14:19:54	6.62	0.01	100	66200	买盘
14:19:51	6.61	-0.01	204	135306	卖盘
14:19:48	6.62	--	24	15888	买盘
14:19:45	6.62	0.01	239	158218	买盘
14:19:42	6.61	-0.01	28	18508	卖盘
14:19:39	6.62	--	86	56932	买盘
14:19:36	6.62	--	67	44354	买盘
14:19:33	6.62	0.01	374	247588	买盘
14:19:30	6.61	-0.01	219	144759	卖盘
14:19:27	6.62	--	65	43030	买盘
14:19:24	6.62	--	5	3310	买盘
14:19:21	6.62	--	633	419046	买盘
14:19:18	6.62	--	13	8606	买盘
14:19:12	6.62	0.01	19	12578	买盘
14:19:09	6.61	--	6	3966	卖盘
14:19:06	6.61	-0.01	28	18508	卖盘
14:19:03	6.62	--	11	7282	买盘
14:19:00	6.62	--	10	6620	买盘
14:18:54	6.62	0.01	42	27804	买盘
14:18:51	6.61	--	718	474598	卖盘
14:18:48	6.61	-0.01	10	6610	卖盘
14:18:45	6.62	--	1000	662000	买盘
14:18:42	6.62	0.01	54	35748	买盘
14:18:36	6.61	-0.01	5	3305	卖盘
14:18:33	6.62	0.01	25	16550	买盘
14:18:30	6.61	-0.01	13	8593	卖盘
14:18:27	6.62	--	66	43692	买盘
14:18:24	6.62	--	2	1324	买盘
14:18:18	6.62	--	204	135048	买盘
14:18:15	6.62	0.01	105	69510	买盘
14:18:12	6.61	-0.01	14	9254	卖盘
14:18:09	6.62	0.01	410	271420	买盘
14:18:06	6.61	--	3	1983	卖盘
14:18:03	6.61	--	20	13220	卖盘
14:18:00	6.61	-0.01	32	21152	卖盘
14:17:57	6.62	0.01	24	15888	买盘
14:17:54	6.61	-0.01	174	115014	卖盘
14:17:51	6.62	--	40	26480	买盘
14:17:48	6.62	0.01	15	9930	买盘
14:17:45	6.61	-0.01	212	140132	卖盘
14:17:39	6.62	--	363	240306	买盘
14:17:36	6.62	--	135	89370	买盘
14:17:33	6.62	--	162	107244	买盘
14:17:21	6.62	0.01	1051	695762	买盘
14:17:15	6.61	--	95	62795	买盘
14:17:12	6.61	--	98	65339	买盘
14:17:09	6.61	0.01	225	148725	买盘
14:17:06	6.6	-0.01	58	38280	卖盘
14:17:03	6.61	--	509	336449	买盘
14:17:00	6.61	0.01	151	99811	买盘
14:16:57	6.6	-0.01	169	111540	卖盘
14:16:54	6.61	0.01	17	11237	买盘
14:16:51	6.6	--	25	16566	卖盘
14:16:48	6.6	-0.01	1	660	卖盘
14:16:45	6.61	0.01	59	38999	买盘
14:16:42	6.6	--	15	9933	卖盘
14:16:39	6.6	-0.01	20	13299	卖盘
14:16:36	6.61	0.01	11	7271	买盘
14:16:33	6.6	--	42	27720	卖盘
14:16:30	6.6	--	117	77220	卖盘
14:16:27	6.6	--	61	40557	卖盘
14:16:21	6.6	--	137	90420	卖盘
14:16:18	6.6	--	22	14520	卖盘
14:16:15	6.6	-0.01	182	120120	卖盘
14:16:12	6.61	--	103	68083	买盘
14:16:09	6.61	0.01	10	6610	买盘
14:16:06	6.6	--	3	1980	卖盘
14:16:03	6.6	--	71	46860	卖盘
14:15:57	6.6	-0.01	73	48180	卖盘
14:15:54	6.61	--	114	75354	买盘
14:15:48	6.61	0.01	45	30141	买盘
14:15:45	6.6	-0.01	375	247500	卖盘
14:15:42	6.61	0.01	15	9915	买盘
14:15:39	6.6	--	88	58080	卖盘
14:15:36	6.6	-0.01	1	660	卖盘
14:15:33	6.61	--	22	14542	买盘
14:15:30	6.61	--	32	21152	买盘
14:15:27	6.61	0.01	17	11237	买盘
14:15:24	6.6	--	21	13860	卖盘
14:15:21	6.6	--	13	8910	卖盘
14:15:18	6.6	--	2	1320	卖盘
14:15:15	6.6	-0.01	1	660	卖盘
14:15:12	6.61	0.01	88	58795	买盘
14:15:09	6.6	--	1	660	卖盘
14:15:06	6.6	-0.01	46	30360	卖盘
14:15:03	6.61	--	217	143965	买盘
14:15:00	6.61	--	15	9915	买盘
14:14:57	6.61	0.01	1	661	买盘
14:14:54	6.6	--	22	14520	卖盘
14:14:51	6.6	-0.01	59	38940	卖盘
14:14:48	6.61	0.01	15	9915	买盘
14:14:45	6.6	--	34	22836	买盘
14:14:42	6.6	--	70	46728	卖盘
14:14:39	6.6	--	390	257532	买盘
14:14:36	6.6	--	70	46200	买盘
14:14:33	6.6	--	24	15840	买盘
14:14:30	6.6	--	57	37620	买盘
14:14:27	6.6	--	119	78540	买盘
14:14:24	6.6	--	50	33000	买盘
14:14:18	6.6	--	93	61380	买盘
14:14:15	6.6	--	41	27060	买盘
14:14:12	6.6	--	55	36300	买盘
14:14:09	6.6	0.01	162	106920	买盘
14:14:06	6.59	--	24	15816	卖盘
14:14:03	6.59	--	29	19341	卖盘
14:14:00	6.59	-0.01	90	59310	卖盘
14:13:57	6.6	--	400	264000	买盘
14:13:54	6.6	--	137	90420	买盘
14:13:51	6.6	--	7	4620	买盘
14:13:48	6.6	-0.01	65	42900	中性盘
14:13:45	6.61	0.01	2109	1394049	买盘
14:13:42	6.6	--	17	11220	买盘
14:13:39	6.6	--	44	29040	买盘
14:13:36	6.6	--	10	6600	买盘
14:13:30	6.6	--	25	16500	买盘
14:13:27	6.6	--	206	135960	买盘
14:13:24	6.6	--	7	4620	买盘
14:13:21	6.6	--	43	28380	买盘
14:13:18	6.6	--	38	25080	买盘
14:13:15	6.6	--	27	17820	买盘
14:13:09	6.6	0.01	6	3960	买盘
14:13:06	6.59	-0.01	155	102257	卖盘
14:13:03	6.6	--	147	97020	卖盘
14:13:00	6.6	--	105	69300	卖盘
14:12:57	6.6	--	6	4224	卖盘
14:12:54	6.6	-0.01	28	18579	卖盘
14:12:51	6.61	0.01	60	39660	买盘
14:12:48	6.6	--	27	18004	买盘
14:12:45	6.6	--	66	44035	卖盘
14:12:42	6.6	-0.01	1409	930237	卖盘
14:12:39	6.61	0.01	15	10146	买盘
14:12:36	6.6	--	10	6600	卖盘
14:12:33	6.6	-0.01	100	66000	卖盘
14:12:30	6.61	--	75	49575	买盘
14:12:27	6.61	0.01	6	3966	买盘
14:12:24	6.6	--	70	46530	卖盘
14:12:21	6.6	--	60	39600	卖盘
14:12:18	6.6	-0.01	85	56100	卖盘
14:12:15	6.61	--	82	54202	买盘
14:12:12	6.61	--	5	3305	买盘
14:12:09	6.61	--	275	181775	买盘
14:12:06	6.61	--	18	11898	买盘
14:12:03	6.61	0.01	2	1322	买盘
14:12:00	6.6	--	181	119460	卖盘
14:11:57	6.6	-0.01	160	105600	卖盘
14:11:54	6.61	0.01	74	48914	买盘
14:11:48	6.6	--	32	21450	卖盘
14:11:45	6.6	-0.01	555	366300	卖盘
14:11:42	6.61	0.01	81	53541	买盘
14:11:39	6.6	--	200	132000	卖盘
14:11:36	6.6	-0.01	50	33000	卖盘
14:11:33	6.61	0.01	52	34372	买盘
14:11:30	6.6	--	6	4455	卖盘
14:11:27	6.6	--	65	42900	卖盘
14:11:24	6.6	--	9	6435	卖盘
14:11:21	6.6	-0.01	1110	732600	卖盘
14:11:18	6.61	0.01	2	1322	买盘
14:11:15	6.6	--	14	9570	卖盘
14:11:12	6.6	-0.01	36	23760	卖盘
14:11:09	6.61	0.01	628	415108	买盘
14:11:06	6.6	-0.01	1	660	卖盘
14:11:03	6.61	0.01	10	6610	买盘
14:11:00	6.6	-0.01	64	42240	卖盘
14:10:54	6.61	--	3	1983	买盘
14:10:51	6.61	--	33	21813	买盘
14:10:48	6.61	0.01	622	411142	买盘
14:10:45	6.6	-0.01	78	51480	卖盘
14:10:42	6.61	0.01	306	202266	买盘
14:10:36	6.6	--	1	660	卖盘
14:10:30	6.6	-0.01	57	37620	卖盘
14:10:27	6.61	0.01	281	185741	买盘
14:10:21	6.6	-0.01	9	6270	卖盘
14:10:15	6.61	--	44	29084	买盘
14:10:12	6.61	--	62	40982	买盘
14:10:06	6.61	0.01	24	15864	买盘
14:10:03	6.6	--	10	6600	卖盘
14:10:00	6.6	--	4	2640	卖盘
14:09:57	6.6	-0.01	4	2640	卖盘
14:09:54	6.61	0.01	101	66761	买盘
14:09:48	6.6	-0.01	3	1980	卖盘
14:09:45	6.61	--	15	9915	买盘
14:09:42	6.61	0.01	59	38999	买盘
14:09:33	6.6	-0.01	23	15180	卖盘
14:09:30	6.61	0.01	231	153252	买盘
14:09:27	6.6	--	33	21780	卖盘
14:09:24	6.6	-0.01	1	660	卖盘
14:09:21	6.61	0.01	152	100472	买盘
14:09:18	6.6	--	5	3300	卖盘
14:09:09	6.6	-0.01	25	16500	卖盘
14:09:06	6.61	--	7	4627	买盘
14:09:03	6.61	--	307	202927	买盘
14:09:00	6.61	--	83	54863	买盘
14:08:57	6.61	--	3	1983	买盘
14:08:54	6.61	--	96	63456	买盘
14:08:51	6.61	0.01	1	661	买盘
14:08:48	6.6	--	38	25080	卖盘
14:08:42	6.6	-0.01	161	106293	卖盘
14:08:39	6.61	--	28	18508	买盘
14:08:33	6.61	--	74	48914	买盘
14:08:30	6.61	--	3	1983	买盘
14:08:21	6.61	--	18	11898	买盘
14:08:18	6.61	--	28	18508	买盘
14:08:15	6.61	--	30	19830	买盘
14:08:12	6.61	0.01	365	241265	买盘
14:08:09	6.6	--	7	4620	卖盘
14:08:03	6.6	--	170	112200	卖盘
14:08:00	6.6	--	14	9240	卖盘
14:07:57	6.6	--	100	66000	卖盘
14:07:54	6.6	-0.01	3	1980	卖盘
14:07:51	6.61	--	82	54202	买盘
14:07:48	6.61	--	28	18508	买盘
14:07:45	6.61	--	2	1322	买盘
14:07:42	6.61	0.01	25	16525	买盘
14:07:39	6.6	--	42	27720	卖盘
14:07:33	6.6	--	50	33000	卖盘
14:07:30	6.6	--	32	21120	卖盘
14:07:24	6.6	-0.01	25	16500	卖盘
14:07:21	6.61	0.01	3	1983	买盘
14:07:18	6.6	--	30	19800	卖盘
14:07:09	6.6	-0.01	6	3960	卖盘
14:07:06	6.61	0.01	7	4627	买盘
14:07:03	6.6	--	60	39600	卖盘
14:07:00	6.6	--	24	15840	卖盘
14:06:51	6.6	--	10	6600	卖盘
14:06:48	6.6	--	15	9900	卖盘
14:06:45	6.6	-0.01	337	222420	卖盘
14:06:42	6.61	0.01	39	25779	买盘
14:06:39	6.6	--	6	3960	卖盘
14:06:36	6.6	--	9	5940	卖盘
14:06:33	6.6	-0.01	2	1551	卖盘
14:06:30	6.61	--	1	661	买盘
14:06:21	6.61	--	17	11237	买盘
14:06:18	6.61	0.01	39	25779	买盘
14:06:15	6.6	-0.01	22	14520	卖盘
14:06:12	6.61	0.01	13	8593	买盘
14:06:09	6.6	-0.01	5	3300	卖盘
14:06:06	6.61	--	6	3966	买盘
14:06:03	6.61	0.01	26	17186	买盘
14:06:00	6.6	-0.01	135	89100	卖盘
14:05:54	6.61	0.01	79	52219	买盘
14:05:51	6.6	-0.01	102	67320	卖盘
14:05:48	6.61	--	17	11237	买盘
14:05:45	6.61	--	128	84608	买盘
14:05:42	6.61	0.01	20	13220	买盘
14:05:39	6.6	-0.01	5	3300	卖盘
14:05:36	6.61	0.01	12	7932	买盘
14:05:33	6.6	-0.01	12	7920	卖盘
14:05:30	6.61	--	4	2644	买盘
14:05:24	6.61	0.01	86	56846	买盘
14:05:21	6.6	--	7	4620	卖盘
14:05:15	6.6	--	17	11220	卖盘
14:05:12	6.6	--	48	32010	卖盘
14:05:09	6.6	--	32	21120	卖盘
14:05:06	6.6	--	245	161700	卖盘
14:05:00	6.6	--	14	9504	卖盘
14:04:54	6.6	--	34	22968	卖盘
14:04:51	6.6	--	2	1320	卖盘
14:04:48	6.6	--	11	7260	卖盘
14:04:45	6.6	-0.01	127	83820	卖盘
14:04:42	6.61	--	320	211520	买盘
14:04:39	6.61	0.01	41	27101	买盘
14:04:36	6.6	--	13	8580	卖盘
14:04:30	6.6	--	39	25740	卖盘
14:04:27	6.6	--	60	39600	卖盘
14:04:24	6.6	-0.01	11	7260	卖盘
14:04:21	6.61	--	41	27101	买盘
14:04:18	6.61	0.01	117	77370	买盘
14:04:12	6.6	--	11	7260	卖盘
14:04:09	6.6	--	111	73260	卖盘
14:04:00	6.6	-0.01	76	50160	卖盘
14:03:57	6.61	--	120	79320	买盘
14:03:54	6.61	0.01	146	96506	买盘
14:03:51	6.6	--	1	660	卖盘
14:03:48	6.6	-0.01	9	6435	卖盘
14:03:45	6.61	0.01	59	38999	买盘
14:03:42	6.6	-0.01	9	5940	卖盘
14:03:39	6.61	0.01	23	15203	买盘
14:03:36	6.6	--	20	13200	卖盘
14:03:33	6.6	--	61	40260	卖盘
14:03:30	6.6	-0.01	10	6600	卖盘
14:03:27	6.61	--	110	72710	买盘
14:03:21	6.61	0.01	47	31067	买盘
14:03:18	6.6	-0.01	142	93720	卖盘
14:03:15	6.61	0.01	875	578910	买盘
14:03:12	6.6	--	28	18480	卖盘
14:03:09	6.6	--	137	90420	卖盘
14:03:03	6.6	-0.01	22	14520	卖盘
14:03:00	6.61	0.01	1055	697355	买盘
14:02:57	6.6	--	14	9240	卖盘
14:02:54	6.6	--	79	52140	卖盘
14:02:51	6.6	--	1	660	卖盘
14:02:48	6.6	-0.01	52	34320	卖盘
14:02:45	6.61	0.01	8	5288	买盘
14:02:42	6.6	-0.01	55	36300	卖盘
14:02:39	6.61	0.01	19	12559	买盘
14:02:36	6.6	--	96	63360	卖盘
14:02:33	6.6	-0.01	129	85470	卖盘
14:02:30	6.61	0.01	54	35694	买盘
14:02:27	6.6	-0.01	10	6600	卖盘
14:02:21	6.61	0.01	50	33050	买盘
14:02:18	6.6	--	47	31020	卖盘
14:02:15	6.6	--	13	8580	卖盘
14:02:12	6.6	--	89	58740	卖盘
14:02:09	6.6	-0.01	21	13860	卖盘
14:02:06	6.61	0.01	3	1983	买盘
14:02:00	6.6	--	156	102960	卖盘
14:01:57	6.6	--	257	169686	卖盘
14:01:54	6.6	--	37	24420	卖盘
14:01:51	6.6	--	63	41580	卖盘
14:01:48	6.6	--	62	40920	卖盘
14:01:45	6.6	--	10	6600	卖盘
14:01:42	6.6	--	45	29700	卖盘
14:01:39	6.6	--	54	35937	卖盘
14:01:36	6.6	--	125	82500	卖盘
14:01:33	6.6	--	23	15180	卖盘
14:01:30	6.6	--	38	25080	卖盘
14:01:27	6.6	--	20	13200	卖盘
14:01:24	6.6	-0.01	202	133320	卖盘
14:01:21	6.61	0.01	70	46270	买盘
14:01:18	6.6	--	103	67980	卖盘
14:01:15	6.6	-0.01	34	22440	卖盘
14:01:12	6.61	0.01	55	36355	买盘
14:01:09	6.6	-0.01	21	13860	卖盘
14:01:06	6.61	0.01	7	4627	买盘
14:01:03	6.6	--	90	59400	卖盘
14:01:00	6.6	--	33	21780	卖盘
14:00:57	6.6	-0.01	4	2640	卖盘
14:00:54	6.61	0.01	3	1983	买盘
14:00:51	6.6	--	3	2442	卖盘
14:00:48	6.6	--	254	168102	卖盘
14:00:45	6.6	-0.01	92	60720	卖盘
14:00:42	6.61	0.01	43	28423	买盘
14:00:39	6.6	-0.01	35	23430	卖盘
14:00:36	6.61	0.01	2	1322	买盘
14:00:33	6.6	--	481	317460	卖盘
14:00:30	6.6	--	20	13200	卖盘
14:00:24	6.6	--	321	211860	卖盘
14:00:21	6.6	--	2	1782	卖盘
14:00:18	6.6	-0.01	1	660	卖盘
14:00:15	6.61	--	10	6610	买盘
14:00:12	6.61	0.01	124	81964	买盘
14:00:09	6.6	-0.01	7	4620	卖盘
14:00:06	6.61	0.01	5	3305	买盘
14:00:03	6.6	--	75	49500	卖盘
14:00:00	6.6	--	262	172920	卖盘
13:59:54	6.6	--	501	330891	卖盘
13:59:51	6.6	--	19	12870	卖盘
13:59:48	6.6	--	34	22440	卖盘
13:59:45	6.6	--	1219	805147	买盘
13:59:42	6.6	--	3	1980	买盘
13:59:39	6.6	--	49	32340	买盘
13:59:36	6.6	--	3	1980	买盘
13:59:30	6.6	0.01	36	23760	买盘
13:59:27	6.59	--	8	5272	卖盘
13:59:24	6.59	-0.01	62	40858	卖盘
13:59:21	6.6	--	167	110220	买盘
13:59:12	6.6	0.01	16	10560	买盘
13:59:09	6.59	-0.01	3	1977	卖盘
13:59:06	6.6	0.01	156	103422	买盘
13:59:03	6.59	-0.01	8	5272	卖盘
13:59:00	6.6	--	30	19800	买盘
13:58:57	6.6	0.01	16	10560	买盘
13:58:54	6.59	--	60	39540	卖盘
13:58:51	6.59	-0.01	10	6590	卖盘
13:58:48	6.6	--	35	23100	买盘
13:58:45	6.6	--	8	5280	买盘
13:58:39	6.6	-0.01	4630	3056262	卖盘
13:58:24	6.61	--	153	101133	买盘
13:58:21	6.61	0.01	3	1983	买盘
13:58:18	6.6	-0.01	135	89100	卖盘
13:58:15	6.61	--	10	6610	买盘
13:58:12	6.61	--	10	6610	买盘
13:58:09	6.61	--	58	38668	买盘
13:58:06	6.61	--	3	1983	买盘
13:58:03	6.61	--	45	29745	买盘
13:57:57	6.61	--	2	1322	买盘
13:57:54	6.61	--	12	7932	买盘
13:57:51	6.61	--	7	4627	买盘
13:57:42	6.61	--	50	33050	买盘
13:57:39	6.61	0.01	12	7932	买盘
13:57:36	6.6	--	38	25080	卖盘
13:57:33	6.6	--	65	43428	买盘
13:57:30	6.6	--	28	18480	买盘
13:57:27	6.6	--	17	11220	买盘
13:57:21	6.6	-0.01	7	4620	中性盘
13:57:18	6.61	--	5030	3325028	买盘
13:57:15	6.61	0.01	134	88574	买盘
13:57:12	6.6	-0.01	210	138600	卖盘
13:57:09	6.61	--	5	3305	买盘
13:57:06	6.61	--	113	74693	买盘
13:57:03	6.61	0.01	20	13220	买盘
13:57:00	6.6	--	7	4620	卖盘
13:56:54	6.6	-0.01	10	6600	卖盘
13:56:51	6.61	--	20	13550	买盘
13:56:45	6.61	--	18	11898	买盘
13:56:39	6.61	0.01	18	11898	买盘
13:56:36	6.6	-0.01	32	21120	卖盘
13:56:33	6.61	0.01	50	33050	买盘
13:56:30	6.6	-0.01	44	29040	卖盘
13:56:27	6.61	0.01	1	661	买盘
13:56:24	6.6	-0.01	30	19800	卖盘
13:56:21	6.61	0.01	2	1322	买盘
13:56:18	6.6	--	74	48840	卖盘
13:56:15	6.6	-0.01	122	80520	卖盘
13:56:09	6.61	0.01	23	15203	买盘
13:56:03	6.6	--	46	30855	卖盘
13:56:00	6.6	-0.01	33	21780	卖盘
13:55:57	6.61	0.01	3	1983	买盘
13:55:54	6.6	-0.01	10	6600	卖盘
13:55:51	6.61	--	10	6610	买盘
13:55:48	6.61	0.01	30	19830	买盘
13:55:45	6.6	--	158	104280	卖盘
13:55:42	6.6	--	88	58080	卖盘
13:55:39	6.6	--	30	19800	卖盘
13:55:36	6.6	-0.01	33	21780	卖盘
13:55:30	6.61	0.02	132	87549	买盘
13:55:27	6.59	-0.01	143	94237	卖盘
13:55:24	6.6	--	519	342540	买盘
13:55:21	6.6	--	1537	1014783	卖盘
13:55:18	6.6	--	196	129855	卖盘
13:55:15	6.6	--	30	19800	卖盘
13:55:12	6.6	--	355	234300	卖盘
13:55:09	6.6	--	1	660	卖盘
13:55:06	6.6	-0.01	301	198660	卖盘
13:55:03	6.61	0.01	2	1322	买盘
13:55:00	6.6	--	228	150480	卖盘
13:54:57	6.6	--	14	9240	卖盘
13:54:54	6.6	--	10	6600	卖盘
13:54:48	6.6	--	51	33660	卖盘
13:54:45	6.6	--	30	19800	卖盘
13:54:42	6.6	-0.01	3	1980	卖盘
13:54:39	6.61	0.01	9	5949	买盘
13:54:36	6.6	--	116	76560	卖盘
13:54:33	6.6	--	12	7920	卖盘
13:54:30	6.6	-0.01	42	27904	卖盘
13:54:27	6.61	0.01	61	40321	买盘
13:54:24	6.6	--	101	66891	卖盘
13:54:18	6.6	--	201	132706	买盘
13:54:12	6.6	0.01	150	99000	买盘
13:54:09	6.59	-0.01	5	3295	卖盘
13:54:06	6.6	0.01	7	4620	买盘
13:54:03	6.59	-0.01	196	129579	卖盘
13:54:00	6.6	--	109	71940	卖盘
13:53:57	6.6	--	393	259380	卖盘
13:53:51	6.6	--	1	660	卖盘
13:53:48	6.6	--	1	660	卖盘
13:53:45	6.6	-0.01	20	13695	卖盘
13:53:42	6.61	--	16	10576	买盘
13:53:39	6.61	0.01	2	1322	买盘
13:53:36	6.6	--	41	27060	卖盘
13:53:30	6.6	--	46	30360	卖盘
13:53:27	6.6	-0.01	145	95700	卖盘
13:53:24	6.61	0.01	83	54863	买盘
13:53:21	6.6	-0.01	33	22242	卖盘
13:53:18	6.61	0.01	436	288196	买盘
13:53:12	6.6	--	4012	2647920	卖盘
13:53:09	6.6	--	2	1551	卖盘
13:53:06	6.6	--	20	13200	卖盘
13:53:03	6.6	--	10	6600	卖盘
13:53:00	6.6	--	255	168300	卖盘
13:52:57	6.6	-0.01	70	46200	卖盘
13:52:51	6.61	0.01	49	32389	买盘
13:52:48	6.6	-0.01	1	660	卖盘
13:52:45	6.61	--	218	144098	买盘
13:52:42	6.61	--	245	161945	买盘
13:52:36	6.61	--	33	21813	买盘
13:52:33	6.61	0.01	103	68083	买盘
13:52:30	6.6	--	6	3960	卖盘
13:52:27	6.6	-0.01	449	296340	卖盘
13:52:21	6.61	--	11	7271	买盘
13:52:18	6.61	--	119	78659	买盘
13:52:15	6.61	0.01	260	171860	买盘
13:52:12	6.6	-0.01	30	19800	卖盘
13:52:09	6.61	0.01	22	14542	买盘
13:52:06	6.6	--	13	8910	卖盘
13:52:03	6.6	--	40	26433	卖盘
13:52:00	6.6	-0.01	98	64680	卖盘
13:51:57	6.61	--	53	35363	买盘
13:51:51	6.61	0.01	56	37016	买盘
13:51:48	6.6	-0.01	1	660	卖盘
13:51:45	6.61	--	203	134183	买盘
13:51:42	6.61	--	15	9915	买盘
13:51:39	6.61	--	102	67422	买盘
13:51:36	6.61	0.01	17	11237	买盘
13:51:33	6.6	-0.01	10	6600	卖盘
13:51:30	6.61	--	3291	2175351	买盘
13:51:27	6.61	--	10	6610	买盘
13:51:21	6.61	--	46	30406	买盘
13:51:18	6.61	--	294	194763	买盘
13:51:15	6.61	0.01	30	19830	买盘
13:51:12	6.6	--	70	46200	卖盘
13:51:09	6.6	--	121	79860	卖盘
13:51:06	6.6	--	194	128040	卖盘
13:51:03	6.6	--	10	6600	卖盘
13:51:00	6.6	--	24	15840	卖盘
13:50:57	6.6	-0.01	665	438900	卖盘
13:50:51	6.61	--	308	203588	买盘
13:50:48	6.61	0.01	60	39660	买盘
13:50:45	6.6	--	51	33660	卖盘
13:50:42	6.6	-0.01	653	430980	卖盘
13:50:39	6.61	0.01	52	34372	买盘
13:50:36	6.6	-0.01	106	69960	卖盘
13:50:33	6.61	0.01	133	87913	买盘
13:50:30	6.6	--	227	149820	卖盘
13:50:27	6.6	-0.01	17	11583	卖盘
13:50:24	6.61	--	5	3305	买盘
13:50:21	6.61	0.01	150	99150	买盘
13:50:18	6.6	-0.01	10	6600	卖盘
13:50:15	6.61	0.01	2	1322	买盘
13:50:12	6.6	-0.01	78	51480	卖盘
13:50:09	6.61	0.01	101	66761	买盘
13:50:06	6.6	-0.01	1	660	卖盘
13:50:03	6.61	0.01	9	5949	买盘
13:50:00	6.6	-0.01	200	132000	卖盘
13:49:51	6.61	--	36	23796	买盘
13:49:45	6.61	--	32	21152	买盘
13:49:39	6.61	--	84	55524	买盘
13:49:36	6.61	0.01	50	33050	买盘
13:49:33	6.6	-0.01	14	9240	卖盘
13:49:27	6.61	--	51	33711	买盘
13:49:24	6.61	0.01	3	1983	买盘
13:49:21	6.6	--	68	44880	卖盘
13:49:18	6.6	--	26	17160	卖盘
13:49:15	6.6	--	15	9900	卖盘
13:49:12	6.6	--	40	26400	卖盘
13:49:09	6.6	--	45	30030	卖盘
13:49:03	6.6	--	559	369481	买盘
13:49:00	6.6	0.01	277	182820	买盘
13:48:57	6.59	-0.01	184	121256	卖盘
13:48:54	6.6	--	8	5280	买盘
13:48:51	6.6	--	25	16500	买盘
13:48:48	6.6	--	65	42900	买盘
13:48:45	6.6	--	3	1980	买盘
13:48:42	6.6	--	4	2640	买盘
13:48:39	6.6	--	7	4620	买盘
13:48:36	6.6	--	2	1320	买盘
13:48:33	6.6	--	16	10560	买盘
13:48:30	6.6	-0.01	1207	796738	卖盘
13:48:27	6.61	0.01	61	40321	买盘
13:48:24	6.6	--	72	47520	卖盘
13:48:18	6.6	--	920	607200	卖盘
13:48:15	6.6	-0.01	3	1980	卖盘
13:48:09	6.61	0.01	3	1983	买盘
13:48:06	6.6	--	270	178741	买盘
13:48:03	6.6	--	32	21120	买盘
13:48:00	6.6	--	51	33660	买盘
13:47:57	6.6	0.01	52	34320	买盘
13:47:54	6.59	--	20	13740	卖盘
13:47:51	6.59	-0.01	10	6590	卖盘
13:47:48	6.6	--	35	23100	买盘
13:47:45	6.6	--	23	15180	买盘
13:47:39	6.6	--	10	6600	买盘
13:47:36	6.6	--	25	16500	买盘
13:47:33	6.6	-0.01	44	29337	卖盘
13:47:27	6.61	--	4	2644	买盘
13:47:24	6.61	0.01	2	1322	买盘
13:47:18	6.6	--	1	660	卖盘
13:47:15	6.6	0.01	30	20163	买盘
13:47:09	6.59	-0.01	3	1977	卖盘
13:47:06	6.6	--	146	96657	卖盘
13:47:03	6.6	-0.01	270	178200	卖盘
13:46:54	6.61	--	128	84608	买盘
13:46:51	6.61	--	155	102455	买盘
13:46:45	6.61	--	3	1983	买盘
13:46:42	6.61	--	4	2644	买盘
13:46:33	6.61	0.01	10	6610	买盘
13:46:30	6.6	--	100	66000	卖盘
13:46:27	6.6	-0.01	10	6600	卖盘
13:46:24	6.61	0.01	24	15864	买盘
13:46:21	6.6	-0.01	25	16500	卖盘
13:46:18	6.61	0.01	86	56846	买盘
13:46:12	6.6	--	100	66000	卖盘
13:46:09	6.6	--	1	660	卖盘
13:46:03	6.6	--	70	46563	买盘
13:46:00	6.6	--	62	40920	买盘
13:45:57	6.6	--	120	79200	买盘
13:45:54	6.6	--	85	56100	买盘
13:45:51	6.6	--	394	260040	买盘
13:45:48	6.6	--	37	24420	买盘
13:45:45	6.6	--	96	63360	买盘
13:45:42	6.6	--	2364	1560570	卖盘
13:45:39	6.6	--	30	19800	卖盘
13:45:36	6.6	--	10	6600	卖盘
13:45:30	6.6	-0.01	7	4686	卖盘
13:45:27	6.61	--	15	9915	买盘
13:45:21	6.61	0.01	50	33050	买盘
13:45:15	6.6	-0.01	5	3300	卖盘
13:45:09	6.61	0.01	28	18508	买盘
13:45:06	6.6	-0.01	24	15840	卖盘
13:45:03	6.61	0.01	3	1983	买盘
13:45:00	6.6	-0.01	57	37686	卖盘
13:44:57	6.61	0.01	58	38569	买盘
13:44:51	6.6	-0.01	73	48180	卖盘
13:44:48	6.61	0.01	77	51524	买盘
13:44:45	6.6	--	112	73920	买盘
13:44:42	6.6	--	121	79860	买盘
13:44:39	6.6	-0.01	350	231033	卖盘
13:44:36	6.61	0.01	18	11898	买盘
13:44:33	6.6	--	7	4620	卖盘
13:44:30	6.6	--	608	401280	卖盘
13:44:24	6.6	-0.01	10	6600	卖盘
13:44:21	6.61	0.01	48	31728	买盘
13:44:12	6.6	--	247	163020	卖盘
13:44:09	6.6	-0.01	1001	660660	卖盘
13:44:03	6.61	--	2	1322	买盘
13:44:00	6.61	0.01	24	15864	买盘
13:43:57	6.6	--	1031	680460	卖盘
13:43:48	6.6	-0.01	127	83820	卖盘
13:43:45	6.61	0.01	1	661	买盘
13:43:42	6.6	-0.01	9	6006	卖盘
13:43:39	6.61	--	9	5949	买盘
13:43:36	6.61	--	6	4527	买盘
13:43:30	6.61	0.01	53	35033	买盘
13:43:27	6.6	-0.01	9	5940	卖盘
13:43:24	6.61	0.01	20	13220	买盘
13:43:21	6.6	--	336	221760	卖盘
13:43:15	6.6	--	11	7260	卖盘
13:43:09	6.6	--	16	10560	卖盘
13:43:06	6.6	-0.01	350	231000	卖盘
13:43:00	6.61	0.01	9	5949	买盘
13:42:57	6.6	-0.01	106	69960	卖盘
13:42:54	6.61	--	17	11237	买盘
13:42:51	6.61	--	42	27762	买盘
13:42:48	6.61	--	60	39924	卖盘
13:42:45	6.61	--	120	79320	卖盘
13:42:42	6.61	--	110	72710	卖盘
13:42:39	6.61	--	8	5354	卖盘
13:42:36	6.61	--	82	54202	卖盘
13:42:30	6.61	--	665	440126	买盘
13:42:27	6.61	--	20	13220	买盘
13:42:24	6.61	--	3	1983	买盘
13:42:21	6.61	--	54	35694	买盘
13:42:18	6.61	0.01	459	303399	买盘
13:42:15	6.6	-0.01	31	20460	卖盘
13:42:12	6.61	0.01	61	40321	买盘
13:42:09	6.6	--	15	9900	卖盘
13:42:06	6.6	--	800	528000	卖盘
13:42:03	6.6	--	188	124377	买盘
13:42:00	6.6	--	3	1980	买盘
13:41:57	6.6	--	137	90420	买盘
13:41:54	6.6	--	23	15180	买盘
13:41:51	6.6	--	20	13200	买盘
13:41:48	6.6	--	65	42900	买盘
13:41:45	6.6	--	5010	3306600	买盘
13:41:42	6.6	--	52	34320	买盘
13:41:39	6.6	--	237	156420	买盘
13:41:36	6.6	--	32	21120	买盘
13:41:33	6.6	--	1	660	买盘
13:41:30	6.6	--	8	5280	买盘
13:41:27	6.6	--	25	16500	买盘
13:41:18	6.6	--	429	283140	买盘
13:41:12	6.6	--	23	15180	买盘
13:41:09	6.6	--	257	169983	卖盘
13:41:06	6.6	--	15	10164	卖盘
13:41:03	6.6	-0.01	27	17820	卖盘
13:41:00	6.61	--	3	1983	买盘
13:40:57	6.61	0.01	31	20491	买盘
13:40:54	6.6	--	79	52173	买盘
13:40:51	6.6	--	10	6600	买盘
13:40:48	6.6	-0.01	911	601887	卖盘
13:40:45	6.61	--	100	66100	买盘
13:40:39	6.61	--	1	661	买盘
13:40:33	6.61	0.01	7	4858	买盘
13:40:27	6.6	--	21	13860	卖盘
13:40:24	6.6	--	0	231	卖盘
13:40:21	6.6	--	53	34980	卖盘
13:40:12	6.6	--	2	1320	卖盘
13:40:09	6.6	-0.01	2	1551	卖盘
13:40:06	6.61	--	78	51558	买盘
13:40:03	6.61	0.01	5	3305	买盘
13:39:57	6.6	--	143	94380	卖盘
13:39:54	6.6	-0.01	500	330000	卖盘
13:39:48	6.61	--	20	13220	买盘
13:39:42	6.61	--	33	21813	买盘
13:39:39	6.61	--	2	1322	买盘
13:39:36	6.61	--	90	59490	买盘
13:39:33	6.61	--	80	52880	买盘
13:39:27	6.61	0.01	10	6610	买盘
13:39:24	6.6	-0.01	81	53460	卖盘
13:39:18	6.61	0.01	1	661	买盘
13:39:15	6.6	-0.01	15	9900	卖盘
13:39:12	6.61	--	76	50236	买盘
13:39:09	6.61	--	90	59490	买盘
13:39:06	6.61	0.01	22	14542	买盘
13:38:57	6.6	-0.01	5	3300	卖盘
13:38:48	6.61	0.01	234	154674	买盘
13:38:45	6.6	-0.01	15	9900	卖盘
13:38:39	6.61	--	2	1322	买盘
13:38:36	6.61	--	32	21152	买盘
13:38:33	6.61	0.01	10	6610	买盘
13:38:30	6.6	-0.01	59	38940	卖盘
13:38:27	6.61	--	65	42965	买盘
13:38:21	6.61	0.01	49	32389	买盘
13:38:18	6.6	-0.01	100	66000	卖盘
13:38:12	6.61	0.01	233	154013	买盘
13:38:09	6.6	-0.01	1	660	卖盘
13:38:06	6.61	-0.01	110	72710	中性盘
13:38:03	6.62	0.02	45	29790	买盘
13:38:00	6.6	-0.02	10	6600	卖盘
13:37:57	6.62	--	115	76130	买盘
13:37:54	6.62	0.03	128	84736	买盘
13:37:51	6.59	-0.03	1011	666249	卖盘
13:37:45	6.62	--	20	13240	买盘
13:37:42	6.62	--	81	53622	买盘
13:37:39	6.62	0.01	1003	663986	买盘
13:37:36	6.61	0.01	484	319924	买盘
13:37:27	6.6	-0.02	1020	673200	卖盘
13:37:24	6.62	--	20	13240	买盘
13:37:18	6.62	--	11	7282	买盘
13:37:15	6.62	0.01	1040	688480	买盘
13:37:12	6.61	0.01	85	56746	买盘
13:37:09	6.6	-0.01	1	660	卖盘
13:37:06	6.61	--	97	64216	卖盘
13:37:03	6.61	--	500	330500	卖盘
13:36:57	6.61	--	2	1322	卖盘
13:36:54	6.61	--	254	168455	买盘
13:36:51	6.61	--	24	16326	买盘
13:36:48	6.61	--	46	30406	买盘
13:36:45	6.61	--	170	112370	买盘
13:36:39	6.61	--	2	1322	买盘
13:36:36	6.61	--	89	58829	买盘
13:36:30	6.61	--	22	14542	买盘
13:36:27	6.61	--	120	79320	买盘
13:36:24	6.61	--	88	58168	卖盘
13:36:21	6.61	--	8	5288	卖盘
13:36:18	6.61	-0.01	5	3305	卖盘
13:36:12	6.62	--	128	84736	买盘
13:36:09	6.62	0.01	40	26480	买盘
13:36:06	6.61	-0.01	49	32389	卖盘
13:36:03	6.62	--	1012	669944	买盘
13:36:00	6.62	--	17	11254	买盘
13:35:57	6.62	--	280	185856	买盘
13:35:54	6.62	--	9	5958	买盘
13:35:51	6.62	0.01	40	26480	买盘
13:35:48	6.61	-0.01	25	16525	卖盘
13:35:39	6.62	0.01	2	1324	买盘
13:35:36	6.61	--	30	19830	卖盘
13:35:33	6.61	--	10	6610	卖盘
13:35:27	6.61	0.01	7	4970	买盘
13:35:24	6.6	--	497	328020	卖盘
13:35:21	6.6	--	75	49500	卖盘
13:35:18	6.6	--	21	13860	卖盘
13:35:15	6.6	-0.01	25	16995	卖盘
13:35:12	6.61	0.01	152	100472	买盘
13:35:09	6.6	--	84	55440	卖盘
13:35:06	6.6	--	3	1980	卖盘
13:34:57	6.6	--	30	19800	卖盘
13:34:51	6.6	-0.01	59	38940	卖盘
13:34:42	6.61	--	35	23135	买盘
13:34:39	6.61	--	2	1322	买盘
13:34:36	6.61	--	42	28277	卖盘
13:34:33	6.61	--	9	5949	卖盘
13:34:30	6.61	-0.01	107	70727	卖盘
13:34:27	6.62	0.01	1	662	买盘
13:34:21	6.61	--	38	25151	卖盘
13:34:18	6.61	--	60	39660	卖盘
13:34:12	6.61	--	200	132266	卖盘
13:34:09	6.61	--	671	443531	卖盘
13:34:06	6.61	--	35	23135	卖盘
13:34:00	6.61	--	72	47592	卖盘
13:33:57	6.61	--	3	2313	卖盘
13:33:54	6.61	--	98	64778	卖盘
13:33:51	6.61	--	146	96506	卖盘
13:33:48	6.61	-0.01	10	6610	卖盘
13:33:45	6.62	0.01	60	39720	买盘
13:33:42	6.61	-0.01	54	35694	卖盘
13:33:39	6.62	0.01	8	5792	买盘
13:33:33	6.61	--	51	33711	卖盘
13:33:27	6.61	--	379	251061	买盘
13:33:21	6.61	--	50	33050	买盘
13:33:18	6.61	--	10	6610	买盘
13:33:15	6.61	0.01	223	147403	买盘
13:33:12	6.6	-0.01	113	74580	卖盘
13:33:09	6.61	0.01	10	6610	买盘
13:33:06	6.6	-0.01	13	8910	卖盘
13:33:03	6.61	0.01	47	31067	买盘
13:33:00	6.6	--	326	215160	卖盘
13:32:57	6.6	--	39	26202	卖盘
13:32:54	6.6	-0.01	88	58080	卖盘
13:32:51	6.61	--	61	40321	买盘
13:32:42	6.61	--	158	104438	买盘
13:32:39	6.61	--	217	143437	买盘
13:32:36	6.61	0.01	274	181114	买盘
13:32:33	6.6	--	31	20460	卖盘
13:32:30	6.6	-0.01	24	15840	卖盘
13:32:27	6.61	--	2	1322	买盘
13:32:21	6.61	--	81	53541	买盘
13:32:15	6.61	0.01	4	2644	买盘
13:32:12	6.6	--	1	660	卖盘
13:32:06	6.6	--	104	68640	卖盘
13:31:57	6.6	-0.01	18	11880	卖盘
13:31:54	6.61	0.01	871	576061	买盘
13:31:51	6.6	--	58	38280	卖盘
13:31:48	6.6	--	38	25311	卖盘
13:31:45	6.6	-0.01	35	23133	卖盘
13:31:39	6.61	0.01	162	107082	买盘
13:31:36	6.6	--	6	3960	卖盘
13:31:33	6.6	--	168	110880	卖盘
13:31:30	6.6	-0.01	27	17820	卖盘
13:31:27	6.61	0.01	14	9254	买盘
13:31:24	6.6	--	22	14520	卖盘
13:31:21	6.6	--	64	42240	卖盘
13:31:15	6.6	--	105	69300	卖盘
13:31:12	6.6	--	7	4620	卖盘
13:31:09	6.6	--	40	26400	卖盘
13:31:06	6.6	-0.01	10	6600	卖盘
13:31:00	6.61	0.01	82	54202	买盘
13:30:57	6.6	-0.01	216	142560	卖盘
13:30:51	6.61	--	3	1983	买盘
13:30:48	6.61	0.01	40	26440	买盘
13:30:45	6.6	-0.01	8	5610	卖盘
13:30:42	6.61	--	95	62795	买盘
13:30:39	6.61	--	40	26440	买盘
13:30:36	6.61	--	30	19830	买盘
13:30:30	6.61	--	29	19169	买盘
13:30:27	6.61	0.01	68	45179	买盘
13:30:24	6.6	-0.01	36	24090	卖盘
13:30:21	6.61	--	30	19830	买盘
13:30:18	6.61	0.01	15	9915	买盘
13:30:15	6.6	-0.01	63	41580	卖盘
13:30:12	6.61	0.01	192	126912	买盘
13:30:06	6.6	--	21	13860	卖盘
13:30:00	6.6	-0.01	53	34980	卖盘
13:29:57	6.61	--	138	91218	买盘
13:29:54	6.61	0.01	114	75354	买盘
13:29:51	6.6	--	320	211464	卖盘
13:29:42	6.6	-0.01	7	4620	卖盘
13:29:39	6.61	--	83	54863	买盘
13:29:36	6.61	--	2	1322	买盘
13:29:30	6.61	--	88	58168	买盘
13:29:27	6.61	--	37	24457	买盘
13:29:24	6.61	--	10	6610	买盘
13:29:21	6.61	0.01	25	16525	买盘
13:29:18	6.6	-0.01	10	6930	卖盘
13:29:15	6.61	0.01	138	91218	买盘
13:29:12	6.6	-0.01	28	18480	卖盘
13:29:09	6.61	--	21	13881	买盘
13:29:06	6.61	--	5	3305	买盘
13:29:00	6.61	--	20	13220	买盘
13:28:57	6.61	0.01	81	54069	买盘
13:28:51	6.6	--	100	66567	买盘
13:28:48	6.6	--	2	1320	买盘
13:28:45	6.6	--	20	13200	买盘
13:28:42	6.6	-0.01	3977	2624912	卖盘
13:28:39	6.61	--	488	323063	卖盘
13:28:33	6.61	--	262	173182	卖盘
13:28:30	6.61	--	5	3569	卖盘
13:28:27	6.61	--	20	13220	卖盘
13:28:24	6.61	-0.01	9	5949	卖盘
13:28:21	6.62	0.01	8	5296	买盘
13:28:18	6.61	--	31	20491	卖盘
13:28:15	6.61	--	747	493767	卖盘
13:28:12	6.61	--	114	75354	卖盘
13:28:09	6.61	--	12	7932	卖盘
13:28:06	6.61	-0.01	191	126251	卖盘
13:28:03	6.62	0.01	925	612350	买盘
13:28:00	6.61	-0.01	37	24457	卖盘
13:27:57	6.62	--	91	60242	买盘
13:27:54	6.62	0.01	27	17874	买盘
13:27:51	6.61	--	40	26440	卖盘
13:27:48	6.61	--	110	72710	卖盘
13:27:45	6.61	--	125	82625	卖盘
13:27:42	6.61	-0.01	30	19830	卖盘
13:27:39	6.62	0.01	16	10592	买盘
13:27:36	6.61	-0.01	418	276298	卖盘
13:27:33	6.62	0.01	62	41044	买盘
13:27:30	6.61	--	45	30075	卖盘
13:27:24	6.61	-0.01	4	2644	卖盘
13:27:21	6.62	0.01	281	186584	买盘
13:27:18	6.61	-0.01	14	9254	卖盘
13:27:15	6.62	--	37	24494	买盘
13:27:09	6.62	0.01	21	13902	买盘
13:27:06	6.61	--	8	5288	卖盘
13:27:00	6.61	-0.01	12	7932	卖盘
13:26:57	6.62	--	44	29128	买盘
13:26:54	6.62	0.01	51	33762	买盘
13:26:51	6.61	-0.01	47	31067	卖盘
13:26:48	6.62	--	61	40382	买盘
13:26:45	6.62	--	70	46340	买盘
13:26:42	6.62	--	178	118431	卖盘
13:26:39	6.62	--	53	35317	卖盘
13:26:36	6.62	--	238	157556	卖盘
13:26:33	6.62	--	60	39720	卖盘
13:26:30	6.62	--	210	139516	卖盘
13:26:27	6.62	--	36	23832	卖盘
13:26:24	6.62	--	100	66200	卖盘
13:26:21	6.62	--	30	19860	卖盘
13:26:18	6.62	--	110	72820	卖盘
13:26:15	6.62	--	47	31114	卖盘
13:26:12	6.62	--	50	33100	卖盘
13:26:09	6.62	--	200	132400	卖盘
13:26:06	6.62	-0.01	42	27804	中性盘
13:25:57	6.63	0.01	501	332163	买盘
13:25:54	6.62	--	33	21846	卖盘
13:25:51	6.62	--	14	9268	卖盘
13:25:48	6.62	-0.01	7	4634	买盘
13:25:45	6.63	0.03	32	21216	买盘
13:25:42	6.6	-0.02	10130	6685800	卖盘
13:25:39	6.62	-0.01	68	45016	卖盘
13:25:36	6.63	0.01	11	7293	买盘
13:25:33	6.62	--	46	30452	卖盘
13:25:30	6.62	-0.01	60	39720	卖盘
13:25:24	6.63	--	642	425931	卖盘
13:25:21	6.63	--	185	123052	卖盘
13:25:15	6.63	--	48	31824	卖盘
13:25:12	6.63	--	50	33150	卖盘
13:25:09	6.63	--	53	35470	卖盘
13:25:06	6.63	-0.01	987	654381	卖盘
13:25:03	6.64	--	46	30544	买盘
13:25:00	6.64	0.01	3025	2008600	买盘
13:24:57	6.63	--	34	23105	卖盘
13:24:54	6.63	--	20	13260	卖盘
13:24:51	6.63	--	1742	1155357	买盘
13:24:45	6.63	0.01	40	26520	买盘
13:24:42	6.62	--	530	350860	卖盘
13:24:39	6.62	--	200	132400	卖盘
13:24:36	6.62	--	372	246264	卖盘
13:24:33	6.62	--	1287	852450	买盘
13:24:30	6.62	--	51	33762	买盘
13:24:27	6.62	--	30	19860	买盘
13:24:24	6.62	--	538	356195	卖盘
13:24:21	6.62	-0.01	47	31114	卖盘
13:24:18	6.63	--	30	19890	买盘
13:24:15	6.63	--	19	12928	买盘
13:24:12	6.63	0.01	21	13923	买盘
13:24:09	6.62	-0.01	1	662	卖盘
13:24:06	6.63	0.01	20	13260	买盘
13:24:00	6.62	--	9	6255	卖盘
13:23:57	6.62	--	56	37072	卖盘
13:23:54	6.62	--	46	30452	卖盘
13:23:51	6.62	--	528	349536	卖盘
13:23:45	6.62	--	530	350860	卖盘
13:23:39	6.62	--	0	33	卖盘
13:23:36	6.62	-0.01	15	9930	卖盘
13:23:33	6.63	--	113	74919	买盘
13:23:30	6.63	0.01	11	7293	买盘
13:23:27	6.62	--	46	30452	卖盘
13:23:21	6.62	-0.01	14	9268	卖盘
13:23:18	6.63	--	51	33813	买盘
13:23:15	6.63	0.01	65	43095	买盘
13:23:12	6.62	-0.01	1000	662000	卖盘
13:23:09	6.63	--	301	199563	买盘
13:23:06	6.63	--	92	60996	买盘
13:23:03	6.63	--	58	38454	买盘
13:22:57	6.63	--	24	15912	买盘
13:22:51	6.63	--	5	3315	买盘
13:22:45	6.63	--	170	112710	买盘
13:22:36	6.63	--	40	26520	买盘
13:22:33	6.63	--	20	13260	买盘
13:22:30	6.63	--	20	13260	买盘
13:22:27	6.63	--	201	133263	买盘
13:22:24	6.63	--	375	248625	买盘
13:22:18	6.63	--	80	53457	卖盘
13:22:15	6.63	--	94	62567	买盘
13:22:12	6.63	--	47	31578	卖盘
13:22:09	6.63	--	202	133926	卖盘
13:22:06	6.63	--	527	349666	卖盘
13:22:03	6.63	--	28	18564	卖盘
13:22:00	6.63	--	40	26520	卖盘
13:21:57	6.63	--	32	21216	卖盘
13:21:51	6.63	--	267	177664	买盘
13:21:48	6.63	--	107	70941	买盘
13:21:45	6.63	--	24	15912	买盘
13:21:42	6.63	--	23	15268	卖盘
13:21:39	6.63	--	22	14586	卖盘
13:21:36	6.63	-0.01	129	85527	卖盘
13:21:33	6.64	0.01	48	31872	买盘
13:21:30	6.63	--	20	13425	卖盘
13:21:27	6.63	--	51	34045	卖盘
13:21:24	6.63	-0.01	27	17901	卖盘
13:21:21	6.64	0.01	2	1328	买盘
13:21:18	6.63	0.01	382	253511	买盘
13:21:15	6.62	-0.01	48	31776	卖盘
13:21:12	6.63	--	50	33150	买盘
13:21:09	6.63	--	38	25591	买盘
13:21:06	6.63	--	501	332163	买盘
13:20:57	6.63	--	61	40443	买盘
13:20:51	6.63	--	660	437580	买盘
13:20:48	6.63	0.01	55	36465	买盘
13:20:42	6.62	-0.01	37	24494	卖盘
13:20:39	6.63	--	1776	1177488	买盘
13:20:36	6.63	--	24	15912	买盘
13:20:30	6.63	--	62	41106	买盘
13:20:27	6.63	--	65	43095	买盘
13:20:21	6.63	0.01	140	93151	买盘
13:20:15	6.62	--	21	13902	卖盘
13:20:12	6.62	--	75	49650	卖盘
13:20:09	6.62	-0.01	125	82750	卖盘
13:20:06	6.63	0.01	5	3315	买盘
13:20:03	6.62	--	76	50312	卖盘
13:20:00	6.62	--	55	36410	卖盘
13:19:57	6.62	-0.01	50	33100	卖盘
13:19:54	6.63	--	81	53703	买盘
13:19:48	6.63	0.01	730	483990	买盘
13:19:45	6.62	--	318	210516	卖盘
13:19:39	6.62	--	90	59580	卖盘
13:19:36	6.62	--	38	25156	卖盘
13:19:30	6.62	-0.01	59	39058	卖盘
13:19:21	6.63	0.01	11	7293	买盘
13:19:18	6.62	-0.01	168	111216	卖盘
13:19:15	6.63	0.01	42	27846	买盘
13:19:09	6.62	-0.01	119	78778	卖盘
13:19:06	6.63	--	665	440895	买盘
13:19:00	6.63	0.01	1	663	买盘
13:18:57	6.62	-0.01	99	65538	卖盘
13:18:51	6.63	--	3	1989	买盘
13:18:45	6.63	0.01	100	66300	买盘
13:18:42	6.62	--	20	13240	卖盘
13:18:39	6.62	-0.01	29	19198	卖盘
13:18:36	6.63	0.01	19	12597	买盘
13:18:33	6.62	--	81	53622	卖盘
13:18:30	6.62	-0.01	3	1986	卖盘
13:18:27	6.63	--	62	41106	买盘
13:18:24	6.63	0.01	35	23205	买盘
13:18:18	6.62	-0.01	37	24494	卖盘
13:18:15	6.63	--	30	19890	买盘
13:18:12	6.63	0.01	108	71736	买盘
13:18:09	6.62	-0.01	61	40382	卖盘
13:18:06	6.63	0.01	10	6630	买盘
13:18:03	6.62	-0.01	29	19198	卖盘
13:18:00	6.63	0.01	27	17901	买盘
13:17:57	6.62	-0.01	15	9930	卖盘
13:17:54	6.63	--	20	13260	买盘
13:17:51	6.63	0.01	9	5967	买盘
13:17:48	6.62	-0.01	62	41176	卖盘
13:17:45	6.63	0.01	2	1326	买盘
13:17:42	6.62	-0.01	571	378002	卖盘
13:17:39	6.63	0.01	72	47736	买盘
13:17:36	6.62	--	160	105920	卖盘
13:17:33	6.62	-0.01	54	35748	卖盘
13:17:27	6.63	--	54	35802	买盘
13:17:24	6.63	--	71	47073	买盘
13:17:21	6.63	--	81	53703	买盘
13:17:18	6.63	--	5	3315	买盘
13:17:15	6.63	0.01	5	3315	买盘
13:17:12	6.62	--	54	35748	卖盘
13:17:09	6.62	-0.01	165	109230	卖盘
13:17:06	6.63	0.01	1165	772395	买盘
13:17:03	6.62	--	8	5296	卖盘
13:16:57	6.62	--	4	2648	卖盘
13:16:51	6.62	--	20	13240	卖盘
13:16:48	6.62	-0.01	32	21184	卖盘
13:16:45	6.63	0.01	515	341445	买盘
13:16:42	6.62	--	50	33100	卖盘
13:16:33	6.62	-0.01	32	21184	卖盘
13:16:30	6.63	--	232	153816	买盘
13:16:27	6.63	--	82	54366	买盘
13:16:21	6.63	--	43	28509	买盘
13:16:15	6.63	--	100	66300	买盘
13:16:12	6.63	--	75	49725	买盘
13:16:09	6.63	--	30	19890	买盘
13:16:06	6.63	0.01	2	1326	买盘
13:16:00	6.62	--	8	5362	卖盘
13:15:57	6.62	--	17	11254	卖盘
13:15:54	6.62	-0.01	10	6620	卖盘
13:15:51	6.63	--	54	35802	买盘
13:15:48	6.63	--	297	196911	买盘
13:15:45	6.63	0.01	100	66300	买盘
13:15:39	6.62	-0.01	1	662	卖盘
13:15:33	6.63	--	3	1989	买盘
13:15:30	6.63	--	108	71604	买盘
13:15:27	6.63	0.01	163	108069	买盘
13:15:24	6.62	-0.01	363	240306	卖盘
13:15:21	6.63	--	1	663	买盘
13:15:18	6.63	--	125	82875	买盘
13:15:15	6.63	--	33	21879	买盘
13:15:09	6.63	0.01	3	1989	买盘
13:15:06	6.62	-0.01	39	25818	卖盘
13:15:03	6.63	--	379	251277	买盘
13:15:00	6.63	0.01	136	90168	买盘
13:14:57	6.62	-0.01	210	139020	卖盘
13:14:54	6.63	0.01	10	6630	买盘
13:14:51	6.62	-0.01	2	1324	卖盘
13:14:48	6.63	--	125	82875	买盘
13:14:42	6.63	--	30	19890	买盘
13:14:39	6.63	0.01	3	1989	买盘
13:14:33	6.62	--	49	32438	卖盘
13:14:27	6.62	--	30	19860	卖盘
13:14:21	6.62	-0.01	50	33100	卖盘
13:14:18	6.63	0.01	472	313161	买盘
13:14:15	6.62	--	198	131076	买盘
13:14:12	6.62	--	111	73482	买盘
13:14:09	6.62	--	55	36410	买盘
13:14:06	6.62	0.01	104	68848	买盘
13:14:03	6.61	-0.01	72	47592	卖盘
13:14:00	6.62	0.01	51	33762	买盘
13:13:54	6.61	-0.01	115	76015	卖盘
13:13:51	6.62	--	19	12578	买盘
13:13:48	6.62	--	217	143985	买盘
13:13:45	6.62	--	22	14564	买盘
13:13:42	6.62	--	10	6620	买盘
13:13:39	6.62	--	10	6620	买盘
13:13:36	6.62	--	40	26480	买盘
13:13:33	6.62	--	33	21846	买盘
13:13:30	6.62	--	35	23170	买盘
13:13:24	6.62	--	65	43030	买盘
13:13:21	6.62	--	24	15888	买盘
13:13:18	6.62	--	1364	902968	买盘
13:13:15	6.62	--	3	1986	买盘
13:13:12	6.62	--	4	2648	买盘
13:13:09	6.62	--	2	1324	买盘
13:13:06	6.62	--	172	113864	买盘
13:13:03	6.62	--	59	39058	买盘
13:13:00	6.62	--	207	137034	买盘
13:12:57	6.62	0.01	372	246264	买盘
13:12:54	6.61	--	50	33050	卖盘
13:12:51	6.61	-0.01	29	19169	卖盘
13:12:39	6.62	--	133	88046	买盘
13:12:36	6.62	0.01	97	64214	买盘
13:12:33	6.61	--	8	5288	卖盘
13:12:30	6.61	-0.01	26	17186	卖盘
13:12:27	6.62	0.01	16	10592	买盘
13:12:24	6.61	-0.01	374	247214	卖盘
13:12:21	6.62	0.01	164	108799	买盘
13:12:15	6.61	-0.01	30	19830	卖盘
13:12:12	6.62	0.01	10	6620	买盘
13:12:09	6.61	--	1	661	卖盘
13:12:00	6.61	--	9	5949	卖盘
13:11:54	6.61	-0.01	29	19169	卖盘
13:11:51	6.62	0.01	49	32438	买盘
13:11:42	6.61	--	165	109065	卖盘
13:11:39	6.61	-0.01	3	1983	卖盘
13:11:36	6.62	--	43	28466	买盘
13:11:33	6.62	--	2	1324	买盘
13:11:30	6.62	--	41	27142	买盘
13:11:27	6.62	--	53	35086	买盘
13:11:24	6.62	--	165	109230	买盘
13:11:21	6.62	0.01	18	11916	买盘
13:11:18	6.61	--	41	27101	卖盘
13:11:15	6.61	--	55	36355	卖盘
13:11:12	6.61	--	1	661	卖盘
13:11:09	6.61	-0.01	53	35033	卖盘
13:11:03	6.62	0.01	11	7282	买盘
13:11:00	6.61	--	30	19830	卖盘
13:10:54	6.61	-0.01	42	27762	卖盘
13:10:51	6.62	0.01	490	324380	买盘
13:10:48	6.61	--	75	49575	卖盘
13:10:42	6.61	-0.01	11	7271	卖盘
13:10:36	6.62	0.01	119	78778	买盘
13:10:33	6.61	-0.01	510	337110	卖盘
13:10:30	6.62	0.01	86	56932	买盘
13:10:27	6.61	-0.01	3	1983	卖盘
13:10:24	6.62	0.01	27	17874	买盘
13:10:21	6.61	--	30	19830	卖盘
13:10:18	6.61	-0.01	35	23135	卖盘
13:10:15	6.62	--	71	47002	买盘
13:10:12	6.62	--	22	14564	买盘
13:10:09	6.62	0.01	109	72158	买盘
13:10:06	6.61	-0.01	467	308687	卖盘
13:10:03	6.62	--	138	91356	买盘
13:10:00	6.62	--	322	213164	买盘
13:09:57	6.62	0.01	10	6620	买盘
13:09:51	6.61	--	61	40321	卖盘
13:09:48	6.61	-0.01	6	3966	卖盘
13:09:45	6.62	0.01	13	8606	买盘
13:09:42	6.61	--	148	97828	卖盘
13:09:39	6.61	--	80	52880	卖盘
13:09:36	6.61	--	1	661	卖盘
13:09:33	6.61	-0.01	0	528	卖盘
13:09:30	6.62	0.01	167	110554	买盘
13:09:27	6.61	--	34	22672	卖盘
13:09:24	6.61	--	20	13220	卖盘
13:09:21	6.61	-0.01	1	661	卖盘
13:09:18	6.62	--	245	162190	买盘
13:09:12	6.62	0.01	6	3972	买盘
13:09:09	6.61	--	5	3305	卖盘
13:09:06	6.61	--	98	64778	卖盘
13:09:03	6.61	--	77	50897	卖盘
13:09:00	6.61	--	2	1322	卖盘
13:08:57	6.61	--	9	5949	卖盘
13:08:48	6.61	--	29	19169	卖盘
13:08:45	6.61	--	5	3305	卖盘
13:08:42	6.61	--	4	2644	卖盘
13:08:30	6.61	--	200	132200	卖盘
13:08:27	6.61	--	60	40221	买盘
13:08:21	6.61	--	1	661	买盘
13:08:18	6.61	--	110	72710	买盘
13:08:15	6.61	--	5	3305	买盘
13:08:12	6.61	--	34	22474	买盘
13:08:09	6.61	0.01	16	10576	买盘
13:08:06	6.6	-0.01	1	660	卖盘
13:08:03	6.61	0.01	20	13220	买盘
13:08:00	6.6	-0.02	8	5280	卖盘
13:07:54	6.62	--	102	67576	买盘
13:07:51	6.62	--	126	83412	买盘
13:07:48	6.62	--	1251	828162	买盘
13:07:45	6.62	--	35	23170	买盘
13:07:42	6.62	--	27	17874	买盘
13:07:39	6.62	0.01	78	51636	买盘
13:07:36	6.61	--	17	11237	卖盘
13:07:30	6.61	-0.01	10	6610	卖盘
13:07:24	6.62	--	44	29128	买盘
13:07:18	6.62	0.01	2	1324	买盘
13:07:15	6.61	-0.01	10	6610	卖盘
13:07:12	6.62	0.01	22	14564	买盘
13:07:09	6.61	--	105	69405	卖盘
13:07:06	6.61	--	1	661	卖盘
13:07:03	6.61	--	14	9254	卖盘
13:06:54	6.61	--	10	6610	卖盘
13:06:48	6.61	-0.01	20	13220	卖盘
13:06:45	6.62	--	79	52298	买盘
13:06:42	6.62	0.01	11	7282	买盘
13:06:36	6.61	--	56	37016	卖盘
13:06:33	6.61	--	32	21152	卖盘
13:06:30	6.61	--	15	9915	卖盘
13:06:27	6.61	-0.01	25	16525	卖盘
13:06:24	6.62	--	48	31776	买盘
13:06:12	6.62	0.01	1033	683846	买盘
13:06:09	6.61	--	21	13881	卖盘
13:06:06	6.61	-0.01	128	84608	卖盘
13:06:03	6.62	--	5	3310	买盘
13:06:00	6.62	0.01	32	21184	买盘
13:05:57	6.61	-0.01	12	7932	卖盘
13:05:54	6.62	0.01	10	6620	买盘
13:05:51	6.61	-0.01	1	661	卖盘
13:05:48	6.62	0.01	20	13240	买盘
13:05:45	6.61	-0.01	40	26440	卖盘
13:05:42	6.62	--	6	3972	买盘
13:05:36	6.62	--	51	33762	买盘
13:05:33	6.62	0.01	20	13240	买盘
13:05:24	6.61	--	6	3966	卖盘
13:05:21	6.61	-0.01	133	87913	卖盘
13:05:18	6.62	--	33	21846	买盘
13:05:15	6.62	--	80	52960	买盘
13:05:12	6.62	0.01	3	1986	买盘
13:05:09	6.61	-0.01	26	17186	卖盘
13:05:06	6.62	--	20	13240	买盘
13:05:03	6.62	0.01	110	72820	买盘
13:05:00	6.61	-0.01	20	13220	卖盘
13:04:54	6.62	--	5	3310	买盘
13:04:51	6.62	--	10	6620	买盘
13:04:45	6.62	0.01	18	11916	买盘
13:04:42	6.61	-0.01	8	5519	卖盘
13:04:39	6.62	--	30	19860	买盘
13:04:33	6.62	--	78	51867	买盘
13:04:30	6.62	--	20	13240	买盘
13:04:27	6.62	--	147	97314	买盘
13:04:21	6.62	--	51	33762	买盘
13:04:18	6.62	0.01	56	37072	买盘
13:04:15	6.61	-0.01	69	45609	卖盘
13:04:12	6.62	--	3	1986	买盘
13:04:09	6.62	--	17	11254	买盘
13:04:06	6.62	0.01	23	15292	买盘
13:04:03	6.61	-0.01	10	6610	卖盘
13:04:00	6.62	0.01	14	9268	买盘
13:03:57	6.61	-0.01	19	12559	卖盘
13:03:54	6.62	--	15	9930	买盘
13:03:48	6.62	0.01	12	7944	买盘
13:03:45	6.61	-0.01	34	22474	卖盘
13:03:42	6.62	--	82	54284	买盘
13:03:36	6.62	0.01	20	13240	买盘
13:03:30	6.61	-0.01	26	17186	卖盘
13:03:27	6.62	--	39	26149	买盘
13:03:24	6.62	0.01	16	10592	买盘
13:03:21	6.61	--	3	1983	卖盘
13:03:18	6.61	-0.01	8	5288	卖盘
13:03:12	6.62	0.01	70	46340	买盘
13:03:09	6.61	--	88	58168	卖盘
13:03:06	6.61	--	281	185741	卖盘
13:03:03	6.61	--	54	35694	卖盘
13:03:00	6.61	-0.01	53	35660	卖盘
13:02:57	6.62	0.01	3	1986	买盘
13:02:54	6.61	--	7	4627	卖盘
13:02:48	6.61	--	7	4627	卖盘
13:02:45	6.61	-0.01	22	14542	卖盘
13:02:42	6.62	0.01	85	56270	买盘
13:02:36	6.61	-0.01	59	38999	卖盘
13:02:33	6.62	0.02	2034	1346951	买盘
13:02:27	6.6	--	29	19140	卖盘
13:02:21	6.6	--	29	19140	卖盘
13:02:18	6.6	-0.01	36	24024	卖盘
13:02:15	6.61	0.01	116	76676	买盘
13:02:09	6.6	--	10	6600	卖盘
13:02:06	6.6	-0.01	1	660	卖盘
13:02:00	6.61	--	5	3305	买盘
13:01:57	6.61	--	105	69405	买盘
13:01:54	6.61	0.01	34	22474	买盘
13:01:45	6.6	--	33	21780	卖盘
13:01:42	6.6	-0.01	21	13860	卖盘
13:01:39	6.61	--	10	6610	买盘
13:01:36	6.61	--	71	46931	买盘
13:01:30	6.61	--	93	61473	买盘
13:01:27	6.61	0.01	240	158640	买盘
13:01:24	6.6	-0.01	50	33000	卖盘
13:01:21	6.61	0.01	13	8593	买盘
13:01:18	6.6	-0.01	13	8580	卖盘
13:01:15	6.61	0.01	360	237960	买盘
13:01:12	6.6	--	5	3300	卖盘
13:01:06	6.6	-0.01	25	16500	卖盘
13:01:03	6.61	0.01	87	57507	买盘
13:00:57	6.6	-0.01	10	6600	卖盘
13:00:54	6.61	0.01	91	60151	买盘
13:00:51	6.6	--	8	5280	卖盘
13:00:48	6.6	-0.01	8	5280	卖盘
13:00:45	6.61	--	102	67422	买盘
13:00:42	6.61	0.01	322	212842	买盘
13:00:39	6.6	-0.01	10	6600	卖盘
13:00:33	6.61	0.01	3	1983	买盘
13:00:24	6.6	-0.01	127	83820	卖盘
13:00:21	6.61	--	58	38338	买盘
13:00:15	6.61	--	326	215486	买盘
13:00:12	6.61	--	442	292162	买盘
13:00:09	6.61	--	309	204249	买盘
13:00:06	6.61	--	308	203588	买盘
13:00:03	6.61	--	3402	2249085	卖盘
13:00:00	6.61	--	0	0	卖盘
11:30:00	6.61	--	2	1322	卖盘
11:29:51	6.61	-0.01	28	18508	卖盘
11:29:45	6.62	--	4	2648	买盘
11:29:33	6.62	--	2	1324	买盘
11:29:30	6.62	0.01	10	6620	买盘
11:29:27	6.61	--	1	661	卖盘
11:29:24	6.61	-0.01	50	33050	卖盘
11:29:21	6.62	0.01	1010	668620	买盘
11:29:18	6.61	--	79	52219	卖盘
11:29:15	6.61	-0.01	8	5288	卖盘
11:29:12	6.62	0.01	377	249574	买盘
11:29:09	6.61	--	70	46270	卖盘
11:29:06	6.61	--	272	179792	卖盘
11:29:03	6.61	--	32	21152	卖盘
11:29:00	6.61	--	10	6610	卖盘
11:28:57	6.61	--	93	61473	卖盘
11:28:54	6.61	-0.01	270	178470	卖盘
11:28:42	6.62	0.01	40	26480	买盘
11:28:39	6.61	--	46	30406	卖盘
11:28:36	6.61	-0.01	18	11898	卖盘
11:28:33	6.62	0.01	54	35748	买盘
11:28:30	6.61	--	3	1983	卖盘
11:28:24	6.61	-0.01	72	47724	卖盘
11:28:21	6.62	--	4	2648	买盘
11:28:18	6.62	0.01	50	33100	买盘
11:28:15	6.61	--	37	24457	卖盘
11:28:12	6.61	--	158	104438	卖盘
11:28:09	6.61	--	108	71388	卖盘
11:28:06	6.61	--	18	11898	卖盘
11:28:03	6.61	-0.01	52	34636	卖盘
11:28:00	6.62	0.01	106	70172	买盘
11:27:57	6.61	--	266	175826	卖盘
11:27:54	6.61	--	67	44287	卖盘
11:27:51	6.61	-0.01	108	71388	卖盘
11:27:48	6.62	0.01	5	3310	买盘
11:27:45	6.61	-0.01	18	11898	卖盘
11:27:42	6.62	--	91	60242	买盘
11:27:39	6.62	--	4	2648	买盘
11:27:36	6.62	--	32	21184	买盘
11:27:33	6.62	--	375	248250	买盘
11:27:30	6.62	--	59	39058	买盘
11:27:27	6.62	0.01	10	6620	买盘
11:27:24	6.61	-0.01	22	14542	卖盘
11:27:21	6.62	--	30	19860	买盘
11:27:15	6.62	--	280	185360	买盘
11:27:12	6.62	--	3	1986	买盘
11:27:09	6.62	0.01	23	15226	买盘
11:27:06	6.61	--	4	2644	卖盘
11:27:03	6.61	-0.01	11	7271	卖盘
11:27:00	6.62	--	11	7282	买盘
11:26:57	6.62	--	131	86722	买盘
11:26:54	6.62	--	832	550784	买盘
11:26:51	6.62	0.01	52	34424	买盘
11:26:48	6.61	--	1	661	卖盘
11:26:42	6.61	--	25	16525	卖盘
11:26:39	6.61	-0.01	2	1322	卖盘
11:26:36	6.62	0.01	12	7944	买盘
11:26:33	6.61	--	210	138810	卖盘
11:26:30	6.61	--	87	57837	卖盘
11:26:27	6.61	--	237	156657	卖盘
11:26:24	6.61	-0.01	1010	667610	卖盘
11:26:21	6.62	--	8	5296	买盘
11:26:15	6.62	--	11	7282	买盘
11:26:06	6.62	--	9	5958	买盘
11:26:03	6.62	0.01	22	14564	买盘
11:26:00	6.61	-0.01	15	9915	卖盘
11:25:57	6.62	--	43	28466	买盘
11:25:54	6.62	--	51	33762	买盘
11:25:48	6.62	0.01	40	26480	买盘
11:25:45	6.61	--	20	13220	卖盘
11:25:42	6.61	--	60	39660	卖盘
11:25:39	6.61	--	11	7271	卖盘
11:25:33	6.61	--	6	3966	卖盘
11:25:30	6.61	--	91	60151	卖盘
11:25:27	6.61	--	28	18508	卖盘
11:25:24	6.61	-0.01	3	2016	卖盘
11:25:18	6.62	0.01	5	3310	买盘
11:25:15	6.61	-0.01	32	21152	中性盘
11:25:12	6.62	0.02	14	9268	买盘
11:25:09	6.6	-0.01	113	74844	卖盘
11:25:06	6.61	--	102	67455	买盘
11:25:03	6.61	--	61	40321	买盘
11:25:00	6.61	--	10	6610	买盘
11:24:57	6.61	--	136	90523	卖盘
11:24:54	6.61	--	8	5750	卖盘
11:24:51	6.61	--	35	23135	卖盘
11:24:48	6.61	--	144	95184	卖盘
11:24:45	6.61	--	9	5949	卖盘
11:24:42	6.61	--	7	4627	卖盘
11:24:39	6.61	--	234	154905	买盘
11:24:36	6.61	--	115	76015	买盘
11:24:33	6.61	--	20	13220	买盘
11:24:30	6.61	0.01	126	83286	买盘
11:24:27	6.6	-0.01	12	7953	卖盘
11:24:18	6.61	--	57	37677	买盘
11:24:15	6.61	--	118	77998	买盘
11:24:12	6.61	--	30	19830	买盘
11:24:09	6.61	0.01	51	33711	买盘
11:24:06	6.6	-0.02	1670	1102629	卖盘
11:24:03	6.62	0.01	163	107906	买盘
11:24:00	6.61	--	10	6610	卖盘
11:23:57	6.61	--	7	4627	卖盘
11:23:54	6.61	-0.01	37	24457	卖盘
11:23:51	6.62	0.01	132	87384	买盘
11:23:48	6.61	-0.01	7	4660	卖盘
11:23:45	6.62	--	75	50113	买盘
11:23:42	6.62	--	14	9632	买盘
11:23:39	6.62	0.01	210	139020	买盘
11:23:36	6.61	-0.01	37	24457	卖盘
11:23:33	6.62	--	44	29128	买盘
11:23:30	6.62	0.01	104	68848	买盘
11:23:27	6.61	--	224	148064	卖盘
11:23:24	6.61	--	182	120302	卖盘
11:23:21	6.61	--	432	285552	卖盘
11:23:18	6.61	-0.01	10	6610	卖盘
11:23:15	6.62	0.01	50	33100	买盘
11:23:12	6.61	--	182	120533	卖盘
11:23:09	6.61	--	52	34372	卖盘
11:23:06	6.61	-0.01	268	177478	卖盘
11:23:03	6.62	0.01	13	8937	买盘
11:23:00	6.61	--	523	346264	卖盘
11:22:57	6.61	--	201	132861	卖盘
11:22:54	6.61	--	130	85930	卖盘
11:22:51	6.61	--	1048	693289	买盘
11:22:48	6.61	0.01	243	160788	买盘
11:22:45	6.6	-0.01	179	118140	卖盘
11:22:42	6.61	--	116	76676	买盘
11:22:39	6.61	--	51	33711	买盘
11:22:36	6.61	--	171	113031	买盘
11:22:33	6.61	--	134	88574	买盘
11:22:30	6.61	--	139	91879	买盘
11:22:27	6.61	--	44	29084	买盘
11:22:24	6.61	0.01	236	155996	买盘
11:22:21	6.6	-0.01	331	218625	卖盘
11:22:18	6.61	--	437	288857	卖盘
11:22:15	6.61	--	357	235977	卖盘
11:22:12	6.61	--	181	120136	卖盘
11:22:09	6.61	--	91	60151	卖盘
11:22:06	6.61	--	80	52880	卖盘
11:22:03	6.61	--	183	120963	卖盘
11:22:00	6.61	--	142	93862	卖盘
11:21:57	6.61	--	91	60514	卖盘
11:21:54	6.61	--	627	414480	卖盘
11:21:51	6.61	0.01	3246	2145903	买盘
11:21:48	6.6	-0.01	164	108240	卖盘
11:21:45	6.61	--	94	62134	买盘
11:21:42	6.61	0.01	20	13220	买盘
11:21:36	6.6	-0.01	55	36300	卖盘
11:21:33	6.61	--	229	151633	卖盘
11:21:30	6.61	--	674	445514	卖盘
11:21:27	6.61	-0.01	261	172521	卖盘
11:21:24	6.62	0.01	564	373368	买盘
11:21:21	6.61	--	102	67422	卖盘
11:21:18	6.61	--	207	136827	卖盘
11:21:15	6.61	--	180	118980	卖盘
11:21:12	6.61	--	257	170075	卖盘
11:21:09	6.61	--	755	499253	卖盘
11:21:06	6.61	--	90	59622	卖盘
11:21:03	6.61	--	127	83947	卖盘
11:21:00	6.61	--	129	85269	卖盘
11:20:57	6.61	--	150	99150	卖盘
11:20:51	6.61	--	211	139471	卖盘
11:20:45	6.61	-0.01	110	72710	卖盘
11:20:42	6.62	--	2050	1357100	买盘
11:20:39	6.62	--	1838	1216756	买盘
11:20:36	6.62	0.01	178	117836	买盘
11:20:33	6.61	--	29	19169	卖盘
11:20:30	6.61	-0.01	21	13881	卖盘
11:20:27	6.62	0.01	85	56270	买盘
11:20:24	6.61	--	101	66761	卖盘
11:20:21	6.61	--	27	17847	卖盘
11:20:18	6.61	-0.01	713	471293	卖盘
11:20:15	6.62	0.01	501	332165	买盘
11:20:12	6.61	--	25	16525	卖盘
11:20:09	6.61	--	46	30406	卖盘
11:20:03	6.61	--	123	81303	卖盘
11:20:00	6.61	--	55	36685	卖盘
11:19:57	6.61	-0.01	42	27762	卖盘
11:19:54	6.62	--	2013	1332639	卖盘
11:19:51	6.62	--	281	186022	卖盘
11:19:48	6.62	--	1026	679212	卖盘
11:19:45	6.62	--	265	175430	卖盘
11:19:42	6.62	-0.01	628	415736	卖盘
11:19:39	6.63	0.01	237	157131	买盘
11:19:33	6.62	-0.01	68	45347	卖盘
11:19:30	6.63	--	7	4641	买盘
11:19:27	6.63	0.01	273	181429	买盘
11:19:21	6.62	-0.01	70	46340	卖盘
11:19:18	6.63	0.01	10	6630	买盘
11:19:12	6.62	--	42	27804	卖盘
11:19:09	6.62	--	7	4998	卖盘
11:19:06	6.62	--	51	33762	卖盘
11:19:03	6.62	--	178	117836	卖盘
11:19:00	6.62	-0.01	40	26480	卖盘
11:18:57	6.63	--	7	4641	买盘
11:18:51	6.63	0.01	202	133926	买盘
11:18:48	6.62	--	65	43030	卖盘
11:18:45	6.62	-0.01	90	59844	卖盘
11:18:42	6.63	0.01	26	17238	买盘
11:18:39	6.62	-0.01	22	14564	卖盘
11:18:36	6.63	0.01	57	38122	买盘
11:18:33	6.62	--	61	40382	卖盘
11:18:30	6.62	--	56	37072	卖盘
11:18:27	6.62	-0.01	42	27804	卖盘
11:18:24	6.63	0.01	41	27183	买盘
11:18:18	6.62	-0.01	83	54946	卖盘
11:18:15	6.63	0.01	54	35802	买盘
11:18:12	6.62	--	89	58918	卖盘
11:18:06	6.62	-0.01	47	31114	卖盘
11:18:00	6.63	--	117	77571	买盘
11:17:57	6.63	--	10	6630	买盘
11:17:54	6.63	--	37	24531	买盘
11:17:51	6.63	0.01	46	30498	买盘
11:17:48	6.62	--	12	7944	卖盘
11:17:45	6.62	--	9	5958	卖盘
11:17:39	6.62	-0.01	7	4634	卖盘
11:17:36	6.63	--	394	261222	买盘
11:17:33	6.63	--	3	1989	买盘
11:17:27	6.63	0.01	66	43758	买盘
11:17:21	6.62	-0.01	32	21184	卖盘
11:17:18	6.63	0.01	512	339456	买盘
11:17:09	6.62	-0.01	17	11254	卖盘
11:17:06	6.63	--	1989	1318707	买盘
11:17:03	6.63	0.01	98	64974	买盘
11:17:00	6.62	--	46	30452	卖盘
11:16:57	6.62	--	1	662	卖盘
11:16:54	6.62	--	8	5296	卖盘
11:16:51	6.62	--	6	4468	卖盘
11:16:48	6.62	--	30	19860	卖盘
11:16:45	6.62	-0.01	56	37568	卖盘
11:16:36	6.63	--	45	29835	买盘
11:16:33	6.63	--	66	43758	买盘
11:16:30	6.63	0.01	69	45979	买盘
11:16:27	6.62	--	10	6620	卖盘
11:16:24	6.62	--	100	66200	卖盘
11:16:18	6.62	-0.01	20	13240	卖盘
11:16:15	6.63	0.01	512	339456	买盘
11:16:09	6.62	--	8	5296	卖盘
11:16:06	6.62	-0.01	3	2217	卖盘
11:16:03	6.63	0.01	3	1989	买盘
11:15:57	6.62	--	49	32438	卖盘
11:15:54	6.62	--	145	96089	买盘
11:15:51	6.62	0.01	135	89442	买盘
11:15:48	6.61	--	12	7932	卖盘
11:15:45	6.61	-0.01	10	6610	卖盘
11:15:42	6.62	--	15	9930	买盘
11:15:36	6.62	--	125	82750	买盘
11:15:33	6.62	--	188	124456	买盘
11:15:30	6.62	--	103	68186	买盘
11:15:27	6.62	--	21	13902	买盘
11:15:24	6.62	-0.01	115	76494	卖盘
11:15:21	6.63	0.01	87	57681	买盘
11:15:18	6.62	--	26	17212	卖盘
11:15:15	6.62	-0.01	3	1986	卖盘
11:15:12	6.63	--	62	41106	买盘
11:15:09	6.63	--	1040	689520	买盘
11:15:03	6.63	0.01	27	17901	买盘
11:15:00	6.62	-0.01	93	61566	卖盘
11:14:57	6.63	--	63	41769	买盘
11:14:54	6.63	--	20	13260	买盘
11:14:51	6.63	--	65	43095	买盘
11:14:48	6.63	0.01	64	42432	买盘
11:14:45	6.62	--	30	19860	卖盘
11:14:42	6.62	-0.01	310	205220	卖盘
11:14:39	6.63	0.01	14	9282	买盘
11:14:36	6.62	--	50	33100	卖盘
11:14:33	6.62	-0.01	1	662	卖盘
11:14:30	6.63	0.01	1	663	买盘
11:14:27	6.62	--	42	28135	卖盘
11:14:24	6.62	--	100	66795	卖盘
11:14:21	6.62	--	120	79440	卖盘
11:14:18	6.62	--	115	76130	卖盘
11:14:15	6.62	--	533	352879	买盘
11:14:12	6.62	--	25	16550	买盘
11:14:09	6.62	0.01	63	41706	买盘
11:14:06	6.61	-0.01	113	74693	卖盘
11:14:03	6.62	--	126	83412	买盘
11:14:00	6.62	--	60	39720	买盘
11:13:57	6.62	--	81	53622	买盘
11:13:51	6.62	--	171	113632	卖盘
11:13:45	6.62	-0.01	23	15226	卖盘
11:13:36	6.63	--	8	5304	买盘
11:13:30	6.63	0.01	52	34708	买盘
11:13:21	6.62	--	10	6620	卖盘
11:13:18	6.62	-0.01	32	21184	卖盘
11:13:15	6.63	0.01	745	493935	买盘
11:13:12	6.62	0.01	24	15888	中性盘
11:13:06	6.61	-0.01	78	51591	卖盘
11:13:03	6.62	--	207	137034	买盘
11:13:00	6.62	0.01	310	205220	买盘
11:12:57	6.61	-0.01	42	27762	卖盘
11:12:54	6.62	--	48	31776	买盘
11:12:48	6.62	--	18	11916	买盘
11:12:45	6.62	--	94	62228	买盘
11:12:42	6.62	0.01	371	245602	买盘
11:12:39	6.61	-0.01	30	19830	卖盘
11:12:36	6.62	--	6	3972	买盘
11:12:33	6.62	--	1083	716946	买盘
11:12:30	6.62	--	10	6620	买盘
11:12:27	6.62	--	45	29790	买盘
11:12:24	6.62	--	2	1324	买盘
11:12:21	6.62	--	10	6620	买盘
11:12:15	6.62	--	68	45512	买盘
11:12:12	6.62	0.01	394	260828	买盘
11:12:09	6.61	-0.01	184	121624	卖盘
11:12:06	6.62	0.01	145	95990	买盘
11:12:03	6.61	--	79	52219	卖盘
11:12:00	6.61	--	13	8593	卖盘
11:11:57	6.61	--	3	1983	卖盘
11:11:54	6.61	--	73	48253	卖盘
11:11:51	6.61	-0.01	60	39660	卖盘
11:11:48	6.62	0.01	420	278040	买盘
11:11:45	6.61	--	4	2644	卖盘
11:11:42	6.61	-0.01	56	37148	卖盘
11:11:36	6.62	0.01	38	25156	买盘
11:11:30	6.61	--	28	18508	卖盘
11:11:27	6.61	--	27	17847	卖盘
11:11:24	6.61	--	20	13550	卖盘
11:11:21	6.61	--	200	132200	卖盘
11:11:18	6.61	-0.01	3	1983	卖盘
11:11:15	6.62	0.01	155	102610	买盘
11:11:12	6.61	-0.01	8	5288	卖盘
11:11:09	6.62	0.01	33	21846	买盘
11:11:06	6.61	-0.01	90	59490	卖盘
11:11:03	6.62	0.01	67	44354	买盘
11:11:00	6.61	--	942	622662	卖盘
11:10:57	6.61	--	89	58829	卖盘
11:10:54	6.61	--	10	6610	卖盘
11:10:48	6.61	--	78	51888	卖盘
11:10:45	6.61	--	151	99811	卖盘
11:10:42	6.61	--	275	181775	买盘
11:10:39	6.61	--	137	90557	买盘
11:10:36	6.61	0.01	36	24027	买盘
11:10:33	6.6	--	24	15840	卖盘
11:10:30	6.6	--	40	26400	卖盘
11:10:27	6.6	--	104	68640	卖盘
11:10:24	6.6	--	182	120120	卖盘
11:10:18	6.6	--	4252	2806716	卖盘
11:10:15	6.6	-0.01	95	62700	卖盘
11:10:12	6.61	0.01	152	100472	买盘
11:10:09	6.6	-0.01	101	66660	卖盘
11:10:06	6.61	0.01	24	15864	买盘
11:10:03	6.6	-0.01	59	39237	卖盘
11:10:00	6.61	--	291	192351	买盘
11:09:57	6.61	0.01	69	45609	买盘
11:09:54	6.6	--	66	43560	卖盘
11:09:51	6.6	--	30	19800	卖盘
11:09:48	6.6	--	26	17160	卖盘
11:09:45	6.6	--	300	198000	卖盘
11:09:42	6.6	-0.01	10	6600	卖盘
11:09:36	6.61	0.01	106	70066	买盘
11:09:33	6.6	--	106	69960	卖盘
11:09:30	6.6	--	14	9603	卖盘
11:09:27	6.6	--	294	194040	卖盘
11:09:24	6.6	--	18	11880	卖盘
11:09:21	6.6	-0.01	24	15840	卖盘
11:09:18	6.61	--	210	138810	买盘
11:09:15	6.61	--	5	3305	买盘
11:09:09	6.61	0.01	20	13220	买盘
11:09:06	6.6	-0.01	2	1617	卖盘
11:09:03	6.61	--	4	2644	买盘
11:09:00	6.61	--	53	35165	卖盘
11:08:57	6.61	--	295	195523	买盘
11:08:54	6.61	--	551	364343	卖盘
11:08:51	6.61	--	62	40982	卖盘
11:08:48	6.61	-0.01	166	110287	卖盘
11:08:45	6.62	0.01	115	76130	买盘
11:08:42	6.61	--	10	6610	卖盘
11:08:39	6.61	-0.01	1060	700660	卖盘
11:08:36	6.62	0.01	554	366979	买盘
11:08:33	6.61	--	10	6610	卖盘
11:08:27	6.61	--	101	66761	卖盘
11:08:24	6.61	--	110	72710	卖盘
11:08:21	6.61	--	2	1322	卖盘
11:08:18	6.61	--	24	15864	卖盘
11:08:15	6.61	-0.01	154	101794	卖盘
11:08:03	6.62	--	6	3972	买盘
11:08:00	6.62	0.01	3	1986	买盘
11:07:57	6.61	-0.01	30	19830	卖盘
11:07:54	6.62	--	13	8606	买盘
11:07:51	6.62	--	10	6977	卖盘
11:07:48	6.62	--	63	41706	卖盘
11:07:45	6.62	--	79	52562	卖盘
11:07:42	6.62	--	45	29862	买盘
11:07:39	6.62	--	34	22799	卖盘
11:07:36	6.62	--	12	8010	卖盘
11:07:33	6.62	--	53	35390	买盘
11:07:30	6.62	0.01	199	131738	买盘
11:07:27	6.61	-0.01	54	35694	卖盘
11:07:24	6.62	0.01	4	2648	买盘
11:07:21	6.61	--	20	13220	卖盘
11:07:18	6.61	-0.01	10	6610	卖盘
11:07:15	6.62	0.01	1240	821244	买盘
11:07:12	6.61	-0.01	49	32389	卖盘
11:07:09	6.62	--	118	78116	买盘
11:07:06	6.62	0.01	1398	925476	买盘
11:07:03	6.61	-0.01	201	132861	卖盘
11:07:00	6.62	0.01	98	64876	买盘
11:06:57	6.61	--	59	38999	卖盘
11:06:54	6.61	--	109	72379	卖盘
11:06:51	6.61	--	20	13550	卖盘
11:06:48	6.61	--	16	10576	卖盘
11:06:45	6.61	-0.01	22	14542	卖盘
11:06:42	6.62	--	11	7282	买盘
11:06:39	6.62	0.01	21	13902	买盘
11:06:36	6.61	--	23	15203	卖盘
11:06:33	6.61	--	64	42304	卖盘
11:06:30	6.61	--	63	41643	卖盘
11:06:27	6.61	--	49	32389	卖盘
11:06:24	6.61	--	97	64117	卖盘
11:06:21	6.61	--	14	9254	卖盘
11:06:18	6.61	0.01	25	16525	中性盘
11:06:15	6.6	-0.01	64	42240	卖盘
11:06:12	6.61	--	355	235018	卖盘
11:06:09	6.61	--	791	523148	买盘
11:06:06	6.61	--	18	11898	买盘
11:06:03	6.61	0.01	38	25118	买盘
11:06:00	6.6	-0.01	193	127380	卖盘
11:05:57	6.61	0.01	42	27762	买盘
11:05:54	6.6	--	45	29700	卖盘
11:05:51	6.6	--	25	16500	卖盘
11:05:48	6.6	--	70	46200	卖盘
11:05:45	6.6	--	34	22440	卖盘
11:05:42	6.6	--	25	16500	卖盘
11:05:39	6.6	--	117	77220	卖盘
11:05:36	6.6	--	415	273900	卖盘
11:05:33	6.6	-0.01	46	30360	卖盘
11:05:30	6.61	0.01	65	42965	买盘
11:05:27	6.6	-0.01	69	45540	卖盘
11:05:24	6.61	0.01	107	70727	买盘
11:05:21	6.6	--	227	149985	卖盘
11:05:18	6.6	--	102	67320	卖盘
11:05:15	6.6	-0.01	561	370260	卖盘
11:05:12	6.61	--	88	58168	买盘
11:05:09	6.61	--	108	71388	买盘
11:05:06	6.61	--	105	69405	买盘
11:05:03	6.61	--	5	3305	买盘
11:05:00	6.61	0.01	14	9254	买盘
11:04:57	6.6	--	62	41151	卖盘
11:04:54	6.6	-0.01	51	33660	卖盘
11:04:51	6.61	0.01	85	56185	买盘
11:04:48	6.6	-0.01	119	78540	卖盘
11:04:45	6.61	--	23	15203	买盘
11:04:42	6.61	0.01	8	5288	买盘
11:04:39	6.6	--	45	29700	卖盘
11:04:36	6.6	--	84	55440	卖盘
11:04:33	6.6	-0.01	105	69300	卖盘
11:04:30	6.61	--	247	163366	买盘
11:04:27	6.61	0.01	91	60151	买盘
11:04:24	6.6	--	71	46959	卖盘
11:04:21	6.6	-0.01	243	160380	卖盘
11:04:18	6.61	--	126	83484	买盘
11:04:15	6.61	0.01	73	48253	买盘
11:04:12	6.6	--	25	16500	卖盘
11:04:09	6.6	--	24	16335	卖盘
11:04:06	6.6	-0.01	71	47388	卖盘
11:04:03	6.61	0.01	118	77998	买盘
11:04:00	6.6	-0.01	258	170280	卖盘
11:03:57	6.61	--	19	12559	买盘
11:03:54	6.61	--	30	19830	买盘
11:03:51	6.61	--	85	56185	买盘
11:03:48	6.61	--	205	135505	卖盘
11:03:45	6.61	0.01	201	132861	买盘
11:03:42	6.6	--	1533	1011780	卖盘
11:03:39	6.6	-0.01	740	488631	卖盘
11:03:36	6.61	--	703	464683	卖盘
11:03:33	6.61	--	1064	703304	买盘
11:03:30	6.61	0.01	24	15864	买盘
11:03:27	6.6	-0.01	55	36300	卖盘
11:03:24	6.61	--	10	6610	买盘
11:03:21	6.61	0.01	1	661	买盘
11:03:18	6.6	-0.01	4	2640	卖盘
11:03:15	6.61	--	18	11898	买盘
11:03:12	6.61	-0.01	102	67422	买盘
11:03:09	6.62	0.01	584	386886	买盘
11:03:06	6.61	--	472	311992	卖盘
11:03:03	6.61	--	856	566463	卖盘
11:03:00	6.61	--	458	302738	卖盘
11:02:57	6.61	--	360	238158	卖盘
11:02:54	6.61	--	227	150047	卖盘
11:02:51	6.61	--	463	306043	卖盘
11:02:48	6.61	-0.01	34	22474	卖盘
11:02:45	6.62	0.01	39	25818	买盘
11:02:42	6.61	--	46	30406	卖盘
11:02:39	6.61	-0.01	7	5023	卖盘
11:02:36	6.62	--	40	26711	买盘
11:02:33	6.62	--	223	147626	买盘
11:02:30	6.62	0.01	10	6620	买盘
11:02:27	6.61	-0.01	60	39660	卖盘
11:02:24	6.62	0.01	48	32140	买盘
11:02:21	6.61	--	91	60151	卖盘
11:02:18	6.61	-0.01	124	81964	卖盘
11:02:15	6.62	0.01	22	14564	买盘
11:02:12	6.61	-0.01	24	15864	卖盘
11:02:09	6.62	0.01	24	15888	买盘
11:02:06	6.61	--	139	91879	卖盘
11:02:03	6.61	--	222	146742	卖盘
11:02:00	6.61	-0.01	2	1322	卖盘
11:01:57	6.62	--	3	1986	买盘
11:01:54	6.62	--	20	13240	买盘
11:01:51	6.62	--	84	55608	买盘
11:01:48	6.62	--	24	15888	买盘
11:01:45	6.62	--	134	88708	买盘
11:01:42	6.62	0.01	254	168148	买盘
11:01:39	6.61	--	17	11237	卖盘
11:01:36	6.61	-0.01	6	3966	卖盘
11:01:33	6.62	0.01	28	18536	买盘
11:01:30	6.61	-0.01	26	17186	卖盘
11:01:27	6.62	--	40	26480	买盘
11:01:21	6.62	--	5	3310	买盘
11:01:18	6.62	--	27	17874	买盘
11:01:15	6.62	--	118	78116	买盘
11:01:12	6.62	0.01	88	58256	买盘
11:01:09	6.61	-0.01	35	23267	卖盘
11:01:06	6.62	--	13	8606	买盘
11:01:03	6.62	0.01	56	37072	买盘
11:01:00	6.61	-0.01	216	142776	卖盘
11:00:57	6.62	0.01	270	179071	买盘
11:00:54	6.61	-0.01	309	204249	卖盘
11:00:51	6.62	--	295	195290	买盘
11:00:48	6.62	--	14	9268	买盘
11:00:45	6.62	--	17	11254	买盘
11:00:42	6.62	0.01	99	65538	买盘
11:00:39	6.61	-0.01	18	11898	卖盘
11:00:36	6.62	--	46	30452	买盘
11:00:33	6.62	--	40	26480	买盘
11:00:30	6.62	--	230	152260	买盘
11:00:27	6.62	--	1	662	买盘
11:00:24	6.62	0.01	7	4634	买盘
11:00:21	6.61	-0.01	42	27762	卖盘
11:00:18	6.62	0.01	33	21846	买盘
11:00:15	6.61	-0.01	2	1553	卖盘
11:00:12	6.62	--	6	3972	买盘
11:00:09	6.62	--	6	3972	买盘
11:00:06	6.62	--	31	20522	买盘
11:00:03	6.62	0.01	15	9930	买盘
11:00:00	6.61	--	68	44948	卖盘
10:59:57	6.61	-0.01	213	140793	卖盘
10:59:54	6.62	--	21	13902	买盘
10:59:51	6.62	0.01	97	64214	买盘
10:59:48	6.61	-0.01	22	14542	卖盘
10:59:45	6.62	--	15	9930	买盘
10:59:42	6.62	--	19	12578	买盘
10:59:39	6.62	--	35	23170	买盘
10:59:36	6.62	--	196	129752	买盘
10:59:33	6.62	--	53	35086	买盘
10:59:30	6.62	--	210	139020	买盘
10:59:27	6.62	0.01	58	38627	买盘
10:59:24	6.61	--	182	120302	卖盘
10:59:21	6.61	-0.01	73	48484	卖盘
10:59:18	6.62	--	13	8606	买盘
10:59:15	6.62	--	42	28101	买盘
10:59:12	6.62	0.01	10	6620	买盘
10:59:09	6.61	-0.01	32	21152	卖盘
10:59:06	6.62	--	12	7944	买盘
10:59:03	6.62	0.01	70	46571	买盘
10:59:00	6.61	-0.01	40	26638	卖盘
10:58:57	6.62	0.01	61	40382	买盘
10:58:54	6.61	--	16	10576	卖盘
10:58:51	6.61	--	21	13881	卖盘
10:58:48	6.61	--	110	72710	卖盘
10:58:45	6.61	-0.01	43	28423	卖盘
10:58:42	6.62	0.01	5	3310	买盘
10:58:39	6.61	--	30	19830	卖盘
10:58:36	6.61	-0.01	152	100802	卖盘
10:58:33	6.62	--	36	23832	买盘
10:58:30	6.62	0.01	208	137696	买盘
10:58:27	6.61	-0.01	45	29745	卖盘
10:58:24	6.62	--	10	6620	买盘
10:58:21	6.62	--	7	4634	买盘
10:58:18	6.62	--	4	2648	买盘
10:58:15	6.62	--	9	5958	买盘
10:58:12	6.62	--	56	37303	买盘
10:58:09	6.62	--	296	195952	买盘
10:58:06	6.62	--	36	23832	买盘
10:58:03	6.62	--	69	45678	买盘
10:58:00	6.62	--	398	263476	买盘
10:57:57	6.62	0.01	2	1324	买盘
10:57:51	6.61	-0.01	4	2875	卖盘
10:57:48	6.62	0.01	15	9930	买盘
10:57:45	6.61	-0.01	26	17186	卖盘
10:57:42	6.62	--	4	2648	买盘
10:57:39	6.62	0.01	2	1324	买盘
10:57:36	6.61	--	12	7932	卖盘
10:57:33	6.61	--	66	44121	买盘
10:57:30	6.61	--	253	167233	买盘
10:57:27	6.61	--	19	12559	买盘
10:57:24	6.61	0.01	83	54863	买盘
10:57:21	6.6	-0.01	10	6600	卖盘
10:57:18	6.61	--	8	5288	买盘
10:57:12	6.61	--	62	40982	买盘
10:57:09	6.61	--	814	538219	卖盘
10:57:06	6.61	-0.01	1035	684630	卖盘
10:57:03	6.62	--	31	20522	买盘
10:57:00	6.62	0.01	181	119822	买盘
10:56:57	6.61	--	472	311992	卖盘
10:56:54	6.61	--	146	96506	卖盘
10:56:51	6.61	--	4	2644	卖盘
10:56:48	6.61	-0.01	177	116997	卖盘
10:56:39	6.62	0.01	56	37072	买盘
10:56:36	6.61	--	4	2644	卖盘
10:56:33	6.61	--	8	5288	卖盘
10:56:30	6.61	--	30	19830	卖盘
10:56:27	6.61	-0.01	20	13220	卖盘
10:56:24	6.62	0.01	5	3310	买盘
10:56:21	6.61	--	6	3966	卖盘
10:56:18	6.61	-0.01	3	1983	卖盘
10:56:15	6.62	--	24	15888	买盘
10:56:12	6.62	--	170	112540	买盘
10:56:09	6.62	0.01	9	5958	买盘
10:56:03	6.61	-0.01	110	72776	卖盘
10:55:57	6.62	0.01	52	34424	买盘
10:55:54	6.61	-0.01	100	66100	卖盘
10:55:51	6.62	0.01	1	662	买盘
10:55:48	6.61	-0.01	179	118319	卖盘
10:55:45	6.62	0.01	3	1986	买盘
10:55:42	6.61	-0.01	15	9915	卖盘
10:55:39	6.62	0.01	28	18536	买盘
10:55:30	6.61	-0.01	188	124796	卖盘
10:55:24	6.62	0.01	62	41044	买盘
10:55:21	6.61	--	15	9915	卖盘
10:55:18	6.61	--	25	16525	卖盘
10:55:12	6.61	-0.01	690	456090	卖盘
10:55:09	6.62	--	10	6620	买盘
10:55:06	6.62	0.01	78	51636	买盘
10:55:03	6.61	-0.01	11	7271	卖盘
10:55:00	6.62	--	21	13902	买盘
10:54:57	6.62	--	121	80102	买盘
10:54:54	6.62	--	10	6620	买盘
10:54:51	6.62	--	3	1986	买盘
10:54:45	6.62	-0.01	408	270096	卖盘
10:54:42	6.63	0.01	62	41106	买盘
10:54:39	6.62	--	138	91356	卖盘
10:54:36	6.62	--	124	82088	卖盘
10:54:33	6.62	--	17	11254	卖盘
10:54:30	6.62	--	50	33100	卖盘
10:54:24	6.62	--	29	19198	卖盘
10:54:21	6.62	--	301	199262	卖盘
10:54:18	6.62	--	3	1986	卖盘
10:54:15	6.62	0.01	970	642192	买盘
10:54:12	6.61	-0.01	1	661	卖盘
10:54:09	6.62	0.01	270	178740	买盘
10:54:06	6.61	--	97	64678	卖盘
10:54:03	6.61	--	10	6610	卖盘
10:54:00	6.61	-0.01	20	13748	卖盘
10:53:57	6.62	0.01	239	158218	买盘
10:53:54	6.61	-0.01	99	65439	卖盘
10:53:51	6.62	--	84	55608	买盘
10:53:48	6.62	--	9	5958	买盘
10:53:39	6.62	--	17	11254	买盘
10:53:36	6.62	--	69	45678	买盘
10:53:33	6.62	--	5	3310	买盘
10:53:30	6.62	--	35	23170	买盘
10:53:27	6.62	--	72	47664	买盘
10:53:24	6.62	--	107	70834	买盘
10:53:21	6.62	--	132	87384	买盘
10:53:18	6.62	0.01	210	139020	买盘
10:53:15	6.61	--	176	116336	卖盘
10:53:12	6.61	--	69	45609	卖盘
10:53:06	6.61	-0.01	15	9915	卖盘
10:53:03	6.62	--	173	114526	买盘
10:53:00	6.62	--	16	10592	买盘
10:52:57	6.62	--	325	215150	买盘
10:52:51	6.62	--	66	43692	买盘
10:52:48	6.62	--	104	68848	买盘
10:52:45	6.62	--	17	11254	买盘
10:52:42	6.62	--	10	6620	买盘
10:52:39	6.62	--	12	7944	买盘
10:52:36	6.62	--	21	13902	买盘
10:52:33	6.62	--	48	31776	买盘
10:52:30	6.62	--	192	127104	买盘
10:52:27	6.62	--	66	43692	买盘
10:52:24	6.62	--	263	174106	买盘
10:52:21	6.62	--	48	31776	买盘
10:52:18	6.62	--	90	59580	买盘
10:52:15	6.62	--	55	36410	买盘
10:52:12	6.62	0.01	306	202572	买盘
10:52:09	6.61	--	33	21813	卖盘
10:52:06	6.61	-0.01	63	41643	卖盘
10:52:03	6.62	--	61	40382	买盘
10:52:00	6.62	--	108	71496	买盘
10:51:57	6.62	--	231	152922	买盘
10:51:54	6.62	--	46	30915	买盘
10:51:51	6.62	--	35	23170	买盘
10:51:48	6.62	0.01	93	61566	买盘
10:51:45	6.61	-0.01	351	232242	卖盘
10:51:42	6.62	--	157	103934	买盘
10:51:39	6.62	--	3	1986	买盘
10:51:36	6.62	--	15	9930	买盘
10:51:33	6.62	--	40	26480	买盘
10:51:30	6.62	--	33	21846	买盘
10:51:27	6.62	--	78	51636	买盘
10:51:24	6.62	--	32	21184	买盘
10:51:21	6.62	--	68	45016	买盘
10:51:18	6.62	0.01	88	58256	买盘
10:51:15	6.61	-0.01	224	148064	卖盘
10:51:12	6.62	0.01	137	90694	买盘
10:51:09	6.61	-0.01	398	263078	卖盘
10:51:06	6.62	0.01	310	205220	买盘
10:51:03	6.61	--	44	29084	卖盘
10:51:00	6.61	-0.01	82	54202	卖盘
10:50:57	6.62	0.01	124	82088	买盘
10:50:54	6.61	--	64	42304	卖盘
10:50:51	6.61	--	207	137289	卖盘
10:50:48	6.61	--	120	79320	卖盘
10:50:45	6.61	--	127	83947	卖盘
10:50:42	6.61	--	22	14542	卖盘
10:50:39	6.61	-0.01	16	10576	卖盘
10:50:36	6.62	0.01	34	22508	买盘
10:50:33	6.61	--	67	44287	卖盘
10:50:30	6.61	--	139	91879	卖盘
10:50:27	6.61	--	84	55524	卖盘
10:50:24	6.61	--	82	54202	卖盘
10:50:21	6.61	-0.01	44	29084	卖盘
10:50:18	6.62	--	23	15226	买盘
10:50:15	6.62	0.01	62	41044	买盘
10:50:12	6.61	-0.01	69	45609	卖盘
10:50:09	6.62	--	21	13902	买盘
10:50:06	6.62	--	119	78778	买盘
10:50:03	6.62	--	682	452079	买盘
10:50:00	6.62	--	25	16550	买盘
10:49:57	6.62	0.01	139	92018	买盘
10:49:54	6.61	--	259	171199	卖盘
10:49:51	6.61	--	376	248536	卖盘
10:49:48	6.61	--	53	35033	卖盘
10:49:45	6.61	--	61	40321	卖盘
10:49:42	6.61	--	52	34372	卖盘
10:49:39	6.61	-0.01	231	152691	卖盘
10:49:36	6.62	--	1010	668620	买盘
10:49:33	6.62	0.01	29	19198	买盘
10:49:30	6.61	-0.01	51	34239	卖盘
10:49:27	6.62	0.01	32	21184	买盘
10:49:24	6.61	--	182	120302	卖盘
10:49:21	6.61	--	49	32389	卖盘
10:49:18	6.61	--	249	164589	卖盘
10:49:15	6.61	--	491	324881	买盘
10:49:12	6.61	--	203	134183	买盘
10:49:09	6.61	--	13	8593	买盘
10:49:06	6.61	--	39	25779	买盘
10:49:03	6.61	--	106	70396	卖盘
10:49:00	6.61	--	54	35694	卖盘
10:48:57	6.61	-0.01	13	8593	卖盘
10:48:54	6.62	0.01	6	3972	买盘
10:48:51	6.61	--	37	24457	卖盘
10:48:48	6.61	-0.01	98	64778	卖盘
10:48:45	6.62	0.01	102	67524	买盘
10:48:42	6.61	--	184	121954	买盘
10:48:39	6.61	--	134	88574	买盘
10:48:36	6.61	--	85	56185	买盘
10:48:33	6.61	--	267	176487	买盘
10:48:30	6.61	--	1033	682879	卖盘
10:48:24	6.61	--	532	351652	卖盘
10:48:18	6.61	--	13	8593	卖盘
10:48:15	6.61	--	102	67422	卖盘
10:48:12	6.61	-0.01	10	6874	卖盘
10:48:09	6.62	0.01	3	1986	买盘
10:48:06	6.61	-0.01	300	198300	卖盘
10:48:03	6.62	0.01	21	13902	买盘
10:47:57	6.61	--	87	57507	卖盘
10:47:54	6.61	--	10	6610	卖盘
10:47:45	6.61	--	37	24457	卖盘
10:47:42	6.61	--	164	108734	卖盘
10:47:36	6.61	-0.01	166	110056	卖盘
10:47:33	6.62	0.01	71	47002	买盘
10:47:27	6.61	--	150	99150	卖盘
10:47:24	6.61	--	28	18508	卖盘
10:47:21	6.61	-0.01	153	101133	卖盘
10:47:18	6.62	--	8	5296	买盘
10:47:15	6.62	--	173	114526	买盘
10:47:12	6.62	--	7	4634	买盘
10:47:06	6.62	--	50	33100	买盘
10:47:00	6.62	--	29	19198	买盘
10:46:57	6.62	--	673	445526	买盘
10:46:54	6.62	--	1	662	买盘
10:46:51	6.62	--	24	15888	买盘
10:46:48	6.62	--	15	9930	买盘
10:46:45	6.62	0.01	5	3310	买盘
10:46:42	6.61	-0.01	52	34372	卖盘
10:46:39	6.62	--	26	17212	买盘
10:46:36	6.62	--	23	15226	买盘
10:46:33	6.62	--	1937	1282294	买盘
10:46:30	6.62	--	250	165500	买盘
10:46:27	6.62	0.01	35	23170	买盘
10:46:24	6.61	-0.01	56	37016	卖盘
10:46:21	6.62	0.01	40	26480	中性盘
10:46:18	6.61	-0.01	532	351652	卖盘
10:46:15	6.62	--	1755	1161810	买盘
10:46:12	6.62	0.01	143	94666	买盘
10:46:06	6.61	--	134	88574	卖盘
10:46:03	6.61	--	228	150708	卖盘
10:46:00	6.61	--	140	92870	卖盘
10:45:57	6.61	--	66	43626	卖盘
10:45:54	6.61	--	5	3305	卖盘
10:45:51	6.61	--	57	37677	卖盘
10:45:48	6.61	--	87	57507	卖盘
10:45:45	6.61	--	504	333309	卖盘
10:45:42	6.61	--	43	28423	卖盘
10:45:39	6.61	-0.01	16	10576	卖盘
10:45:36	6.62	0.01	11	7282	买盘
10:45:33	6.61	-0.01	283	187063	卖盘
10:45:30	6.62	--	47	31114	买盘
10:45:24	6.62	--	33	21846	买盘
10:45:21	6.62	--	53	35086	买盘
10:45:18	6.62	0.01	331	219122	买盘
10:45:15	6.61	-0.01	34	22474	卖盘
10:45:09	6.62	--	24	15888	买盘
10:45:06	6.62	--	282	187081	卖盘
10:45:03	6.62	--	397	262814	卖盘
10:45:00	6.62	-0.01	195	129354	卖盘
10:44:57	6.63	0.01	10	6630	买盘
10:44:54	6.62	--	129	85398	卖盘
10:44:51	6.62	--	439	290618	卖盘
10:44:48	6.62	-0.01	247	163514	卖盘
10:44:45	6.63	--	200	132600	买盘
10:44:42	6.63	--	574	380562	买盘
10:44:39	6.63	--	750	497250	买盘
10:44:36	6.63	--	82	54366	买盘
10:44:33	6.63	--	441	292383	买盘
10:44:30	6.63	--	25	16575	买盘
10:44:27	6.63	0.01	435	288405	买盘
10:44:24	6.62	-0.01	171	113202	卖盘
10:44:21	6.63	--	111	73593	买盘
10:44:18	6.63	--	300	198900	买盘
10:44:15	6.63	--	72	47736	买盘
10:44:12	6.63	0.01	410	271830	买盘
10:44:09	6.62	-0.01	31	20522	卖盘
10:44:06	6.63	0.01	118	78234	买盘
10:44:03	6.62	-0.01	342	226801	卖盘
10:44:00	6.63	--	74	49062	买盘
10:43:57	6.63	--	126	83538	买盘
10:43:54	6.63	0.01	74	49062	买盘
10:43:51	6.62	--	21	13902	卖盘
10:43:48	6.62	--	62	41044	卖盘
10:43:45	6.62	--	160	105986	卖盘
10:43:42	6.62	-0.01	12	7944	卖盘
10:43:39	6.63	--	44	29172	买盘
10:43:36	6.63	--	81	53703	买盘
10:43:33	6.63	0.01	193	127959	买盘
10:43:30	6.62	--	49	32769	卖盘
10:43:27	6.62	--	110	72820	卖盘
10:43:24	6.62	--	11	7282	卖盘
10:43:21	6.62	--	1320	873840	卖盘
10:43:18	6.62	--	61	40382	卖盘
10:43:15	6.62	--	8	5296	卖盘
10:43:12	6.62	0.01	141	93772	买盘
10:43:09	6.61	-0.02	20	13220	卖盘
10:43:06	6.63	0.01	373	247531	买盘
10:43:03	6.62	0.01	326	216242	买盘
10:43:00	6.61	--	1	661	卖盘
10:42:57	6.61	-0.01	121	80212	卖盘
10:42:54	6.62	--	125	82750	买盘
10:42:51	6.62	--	199	131738	买盘
10:42:48	6.62	0.01	103	68186	中性盘
10:42:45	6.61	-0.01	168	111048	卖盘
10:42:42	6.62	--	289	191649	买盘
10:42:39	6.62	--	18	11916	买盘
10:42:36	6.62	0.01	62	41044	买盘
10:42:33	6.61	-0.01	218	144098	卖盘
10:42:30	6.62	--	28	18536	买盘
10:42:27	6.62	--	40	26480	买盘
10:42:24	6.62	--	201	133062	买盘
10:42:21	6.62	--	163	107906	买盘
10:42:18	6.62	--	83	54946	买盘
10:42:15	6.62	--	42	28068	买盘
10:42:12	6.62	0.01	103	68186	买盘
10:42:09	6.61	--	11	7502	卖盘
10:42:06	6.61	-0.01	834	551274	卖盘
10:42:03	6.62	--	100	66200	买盘
10:42:00	6.62	--	281	186022	买盘
10:41:54	6.62	0.01	687	454794	买盘
10:41:51	6.61	--	4	2644	卖盘
10:41:48	6.61	-0.01	121	79981	卖盘
10:41:45	6.62	--	413	273406	买盘
10:41:42	6.62	0.01	659	436258	买盘
10:41:39	6.61	--	1612	1065565	卖盘
10:41:36	6.61	-0.01	119	78659	卖盘
10:41:33	6.62	--	47	31114	买盘
10:41:30	6.62	--	156	103272	买盘
10:41:27	6.62	--	24	15888	买盘
10:41:24	6.62	--	15	9930	买盘
10:41:21	6.62	--	140	92680	买盘
10:41:18	6.62	0.01	111	73482	买盘
10:41:15	6.61	--	243	160623	卖盘
10:41:12	6.61	--	265	175165	卖盘
10:41:09	6.61	-0.01	241	159301	卖盘
10:41:06	6.62	--	32	21184	买盘
10:41:03	6.62	--	258	170796	买盘
10:41:00	6.62	--	74	48988	买盘
10:40:57	6.62	0.01	100	66200	买盘
10:40:54	6.61	-0.01	137	90557	卖盘
10:40:51	6.62	--	103	68186	买盘
10:40:48	6.62	--	63	41706	买盘
10:40:45	6.62	--	535	354170	买盘
10:40:42	6.62	--	400	264800	买盘
10:40:39	6.62	0.01	82	54284	买盘
10:40:36	6.61	-0.01	150	99150	卖盘
10:40:33	6.62	--	36	23832	买盘
10:40:30	6.62	0.01	117	77454	买盘
10:40:27	6.61	--	1	892	卖盘
10:40:24	6.61	-0.01	118	77998	卖盘
10:40:21	6.62	--	42	28135	买盘
10:40:18	6.62	--	129	85398	买盘
10:40:15	6.62	0.01	44	29128	买盘
10:40:12	6.61	-0.01	30	19830	卖盘
10:40:09	6.62	0.01	72	47664	买盘
10:40:06	6.61	--	858	567290	买盘
10:40:03	6.61	--	173	114584	买盘
10:40:00	6.61	--	10	6610	买盘
10:39:57	6.61	--	235	155335	买盘
10:39:54	6.61	--	3463	2289043	买盘
10:39:51	6.61	--	21	13881	买盘
10:39:48	6.61	--	1874	1238714	买盘
10:39:45	6.61	--	330	218130	买盘
10:39:42	6.61	--	29	19169	买盘
10:39:39	6.61	--	155	102785	买盘
10:39:36	6.61	--	70	46270	买盘
10:39:33	6.61	--	153	101694	买盘
10:39:30	6.61	--	91	60151	买盘
10:39:27	6.61	0.01	868	574111	买盘
10:39:24	6.6	-0.01	258	170280	卖盘
10:39:21	6.61	--	101	66761	买盘
10:39:18	6.61	--	202	133522	买盘
10:39:15	6.61	--	520	343720	买盘
10:39:12	6.61	--	38	25118	买盘
10:39:09	6.61	--	87	57507	买盘
10:39:06	6.61	--	10	6610	买盘
10:39:03	6.61	--	295	194995	买盘
10:39:00	6.61	0.01	23	15203	买盘
10:38:57	6.6	-0.01	256	168960	卖盘
10:38:54	6.61	--	1084	716524	买盘
10:38:51	6.61	0.01	164	108965	买盘
10:38:48	6.6	-0.01	27	17820	卖盘
10:38:45	6.61	0.01	272	180089	买盘
10:38:42	6.6	--	123	81180	买盘
10:38:39	6.6	--	488	322080	买盘
10:38:36	6.6	--	76	50160	买盘
10:38:33	6.6	--	97	64020	买盘
10:38:30	6.6	--	64	42735	买盘
10:38:27	6.6	--	178	117480	买盘
10:38:24	6.6	--	190	125400	买盘
10:38:21	6.6	--	220	145200	买盘
10:38:18	6.6	--	433	285780	买盘
10:38:15	6.6	--	157	103620	买盘
10:38:12	6.6	--	295	194700	买盘
10:38:09	6.6	--	191	126060	买盘
10:38:06	6.6	0.01	191	126060	买盘
10:38:03	6.59	-0.01	11	7249	卖盘
10:38:00	6.6	0.01	20	13200	买盘
10:37:57	6.59	--	249	164091	卖盘
10:37:54	6.59	--	872	574740	买盘
10:37:51	6.59	0.01	251	165409	买盘
10:37:48	6.58	-0.01	240	158446	卖盘
10:37:45	6.59	0.01	284	187156	买盘
10:37:42	6.58	-0.01	18	11844	卖盘
10:37:39	6.59	0.01	951	626709	买盘
10:37:36	6.58	--	72	47376	卖盘
10:37:30	6.58	--	31	20398	卖盘
10:37:27	6.58	0.01	60	39644	买盘
10:37:24	6.57	-0.01	70	45990	卖盘
10:37:21	6.58	--	139	91889	卖盘
10:37:18	6.58	--	6	3948	卖盘
10:37:15	6.58	--	153	100674	卖盘
10:37:12	6.58	--	33	21714	卖盘
10:37:09	6.58	-0.01	58	38164	卖盘
10:37:06	6.59	0.01	24	15816	买盘
10:37:03	6.58	--	4	2632	卖盘
10:37:00	6.58	--	456	300278	买盘
10:36:57	6.58	-0.01	63	41881	卖盘
10:36:54	6.59	--	8	5502	买盘
10:36:51	6.59	0.01	59	38881	买盘
10:36:48	6.58	--	276	182101	卖盘
10:36:45	6.58	--	120	78960	卖盘
10:36:42	6.58	--	193	126994	卖盘
10:36:39	6.58	--	144	94752	卖盘
10:36:36	6.58	--	396	260732	买盘
10:36:33	6.58	-0.01	436	287381	卖盘
10:36:30	6.59	0.01	118	78091	买盘
10:36:27	6.58	-0.01	127	83566	卖盘
10:36:24	6.59	0.01	180	118883	买盘
10:36:21	6.58	--	41	27274	卖盘
10:36:18	6.58	--	13	8554	卖盘
10:36:15	6.58	--	421	277248	买盘
10:36:12	6.58	--	401	263858	买盘
10:36:09	6.58	0.01	161	105938	买盘
10:36:06	6.57	-0.01	127	83439	卖盘
10:36:03	6.58	0.01	330	217140	买盘
10:36:00	6.57	--	101	66357	卖盘
10:35:57	6.57	--	3	1971	卖盘
10:35:54	6.57	-0.01	520	341640	卖盘
10:35:51	6.58	--	684	450302	买盘
10:35:48	6.58	0.01	284	187036	买盘
10:35:45	6.57	--	82	53874	卖盘
10:35:42	6.57	--	32	21024	卖盘
10:35:39	6.57	-0.01	203	133371	卖盘
10:35:36	6.58	--	34	22372	买盘
10:35:33	6.58	0.01	82	54285	买盘
10:35:30	6.57	--	277	181989	卖盘
10:35:27	6.57	--	743	488151	卖盘
10:35:24	6.57	-0.01	7	4599	卖盘
10:35:21	6.58	0.01	144	94752	买盘
10:35:18	6.57	--	63	41391	卖盘
10:35:15	6.57	-0.01	1453	954621	卖盘
10:35:12	6.58	--	187	123046	买盘
10:35:09	6.58	0.01	285	187530	买盘
10:35:06	6.57	-0.01	2034	1336338	卖盘
10:35:03	6.58	0.01	91	59878	买盘
10:35:00	6.57	-0.01	88	57816	卖盘
10:34:57	6.58	--	14	9771	卖盘
10:34:54	6.58	-0.01	1148	755384	卖盘
10:34:51	6.59	0.01	422	278098	买盘
10:34:48	6.58	--	298	196084	卖盘
10:34:45	6.58	--	1465	963970	卖盘
10:34:42	6.58	--	380	250040	卖盘
10:34:39	6.58	--	784	516233	卖盘
10:34:36	6.58	--	421	277018	卖盘
10:34:33	6.58	--	72	47376	卖盘
10:34:30	6.58	--	78	51324	卖盘
10:34:27	6.58	--	194	127652	卖盘
10:34:24	6.58	--	297	195426	卖盘
10:34:21	6.58	--	353	232767	卖盘
10:34:18	6.58	--	26	17108	卖盘
10:34:15	6.58	--	146	96068	卖盘
10:34:12	6.58	--	674	443492	卖盘
10:34:09	6.58	--	355	233590	卖盘
10:34:06	6.58	-0.01	15	9870	卖盘
10:34:03	6.59	0.01	418	275462	买盘
10:34:00	6.58	--	233	153314	卖盘
10:33:57	6.58	--	236	155288	卖盘
10:33:54	6.58	-0.01	358	235893	卖盘
10:33:51	6.59	--	54	35586	买盘
10:33:48	6.59	--	1103	726877	买盘
10:33:45	6.59	--	102	67218	买盘
10:33:42	6.59	--	69	45471	买盘
10:33:36	6.59	0.01	150	98850	中性盘
10:33:33	6.58	-0.02	2093	1377194	卖盘
10:33:30	6.6	--	17	11220	买盘
10:33:27	6.6	0.01	78	51480	买盘
10:33:21	6.59	-0.01	45	29655	卖盘
10:33:18	6.6	--	150	99462	卖盘
10:33:15	6.6	-0.01	487	321618	卖盘
10:33:12	6.61	0.01	154	101794	买盘
10:33:09	6.6	-0.01	378	249810	卖盘
10:33:06	6.61	0.01	263	173942	买盘
10:33:03	6.6	--	196	129459	卖盘
10:33:00	6.6	--	504	332640	卖盘
10:32:57	6.6	--	227	149820	卖盘
10:32:54	6.6	--	305	201300	卖盘
10:32:51	6.6	--	727	479820	卖盘
10:32:48	6.6	--	325	214500	卖盘
10:32:45	6.6	--	129	85602	卖盘
10:32:42	6.6	--	326	215160	卖盘
10:32:39	6.6	--	190	125400	卖盘
10:32:36	6.6	--	519	342540	卖盘
10:32:33	6.6	--	694	458139	卖盘
10:32:30	6.6	--	16	10560	卖盘
10:32:27	6.6	--	67	44220	卖盘
10:32:24	6.6	--	251	165660	卖盘
10:32:21	6.6	--	16	11055	卖盘
10:32:18	6.6	--	131	86691	卖盘
10:32:15	6.6	--	377	248985	买盘
10:32:12	6.6	--	532	351615	卖盘
10:32:09	6.6	--	28	18480	卖盘
10:32:06	6.6	0.01	826	545325	买盘
10:32:03	6.59	-0.01	1	659	卖盘
10:32:00	6.6	--	10	6600	买盘
10:31:57	6.6	--	7	4620	买盘
10:31:54	6.6	--	73	48477	卖盘
10:31:51	6.6	--	136	89760	卖盘
10:31:48	6.6	--	348	229680	卖盘
10:31:45	6.6	--	247	163020	卖盘
10:31:42	6.6	--	32	21120	卖盘
10:31:39	6.6	--	37	24420	卖盘
10:31:36	6.6	--	9	6435	卖盘
10:31:33	6.6	--	57	37620	卖盘
10:31:30	6.6	-0.01	20	13728	卖盘
10:31:27	6.61	--	9	5949	买盘
10:31:24	6.61	0.01	33	21813	买盘
10:31:21	6.6	--	301	198990	卖盘
10:31:18	6.6	0.01	533	352110	买盘
10:31:15	6.59	--	13	8567	卖盘
10:31:12	6.59	--	96	63264	卖盘
10:31:09	6.59	-0.01	1	659	卖盘
10:31:03	6.6	0.01	309	203940	买盘
10:31:00	6.59	-0.01	35	23460	卖盘
10:30:57	6.6	--	72	47520	买盘
10:30:54	6.6	0.01	43	28380	买盘
10:30:51	6.59	-0.01	24	15816	卖盘
10:30:48	6.6	--	100	66000	买盘
10:30:45	6.6	--	5	3300	买盘
10:30:42	6.6	0.01	44	29040	买盘
10:30:39	6.59	-0.01	501	330159	卖盘
10:30:36	6.6	0.01	101	66660	买盘
10:30:33	6.59	--	10	6590	卖盘
10:30:30	6.59	-0.01	210	138390	卖盘
10:30:27	6.6	0.01	29	19404	买盘
10:30:24	6.59	--	173	114007	卖盘
10:30:21	6.59	-0.01	20	13180	卖盘
10:30:18	6.6	0.01	20	13200	买盘
10:30:15	6.59	-0.01	100	65900	卖盘
10:30:12	6.6	--	12	7920	买盘
10:30:09	6.6	0.01	115	75900	买盘
10:30:06	6.59	--	10	7084	卖盘
10:30:03	6.59	-0.01	110	72490	卖盘
10:30:00	6.6	--	36	23760	买盘
10:29:57	6.6	0.01	20	13200	买盘
10:29:54	6.59	-0.01	7	4613	卖盘
10:29:51	6.6	--	39	25740	买盘
10:29:48	6.6	--	19	12540	买盘
10:29:45	6.6	0.01	82	54120	买盘
10:29:42	6.59	-0.01	7	4613	卖盘
10:29:39	6.6	0.01	83	54780	买盘
10:29:36	6.59	--	27	17793	卖盘
10:29:30	6.59	-0.01	76	50084	卖盘
10:29:27	6.6	--	96	63360	买盘
10:29:24	6.6	0.01	150	99495	买盘
10:29:21	6.59	-0.01	52	34268	卖盘
10:29:18	6.6	--	228	150480	买盘
10:29:15	6.6	0.01	20	13200	买盘
10:29:12	6.59	-0.01	31	20429	卖盘
10:29:09	6.6	0.01	175	115500	买盘
10:29:06	6.59	-0.01	24	15816	卖盘
10:29:03	6.6	0.01	12	7920	买盘
10:29:00	6.59	--	80	52720	卖盘
10:28:57	6.59	-0.01	26	17134	卖盘
10:28:54	6.6	--	86	56760	买盘
10:28:51	6.6	0.01	228	150480	买盘
10:28:48	6.59	-0.01	4	2636	卖盘
10:28:45	6.6	--	147	97020	买盘
10:28:42	6.6	--	152	100320	买盘
10:28:39	6.6	--	229	151140	买盘
10:28:36	6.6	0.01	52	34320	买盘
10:28:33	6.59	-0.01	41	27019	卖盘
10:28:30	6.6	0.01	82	54120	买盘
10:28:27	6.59	-0.01	9	5931	卖盘
10:28:24	6.6	--	36	23760	买盘
10:28:21	6.6	--	335	221100	买盘
10:28:18	6.6	0.01	3	1980	买盘
10:28:15	6.59	-0.01	104	68536	卖盘
10:28:12	6.6	--	583	384780	买盘
10:28:09	6.6	0.01	3	1980	买盘
10:28:06	6.59	--	54	35586	卖盘
10:28:03	6.59	--	44	28996	卖盘
10:28:00	6.59	--	16	10544	卖盘
10:27:57	6.59	--	164	108076	卖盘
10:27:54	6.59	-0.01	30	19770	卖盘
10:27:51	6.6	0.01	6	3960	买盘
10:27:48	6.59	--	114	75126	卖盘
10:27:45	6.59	-0.01	27	18122	卖盘
10:27:42	6.6	0.01	44	29106	买盘
10:27:39	6.59	-0.01	21	13839	卖盘
10:27:36	6.6	0.01	24	15840	买盘
10:27:33	6.59	--	183	120597	买盘
10:27:30	6.59	--	50	32950	买盘
10:27:27	6.59	--	30	19770	买盘
10:27:21	6.59	--	188	123892	卖盘
10:27:18	6.59	--	54	35586	卖盘
10:27:15	6.59	-0.01	27	17793	卖盘
10:27:12	6.6	0.01	44	29040	买盘
10:27:09	6.59	-0.01	22	14498	卖盘
10:27:03	6.6	0.01	11	7260	买盘
10:27:00	6.59	-0.01	12	7908	中性盘
10:26:57	6.6	--	112	74474	买盘
10:26:54	6.6	0.01	51	33765	买盘
10:26:48	6.59	--	12	7908	买盘
10:26:45	6.59	0.01	694	457939	买盘
10:26:42	6.58	-0.01	15	9870	卖盘
10:26:39	6.59	--	2	1318	买盘
10:26:36	6.59	--	145	95555	买盘
10:26:33	6.59	--	30	19770	买盘
10:26:30	6.59	--	35	23065	买盘
10:26:27	6.59	--	19	12521	买盘
10:26:24	6.59	--	54	35586	买盘
10:26:21	6.59	--	1058	697808	卖盘
10:26:18	6.59	-0.01	54	35586	卖盘
10:26:15	6.6	--	40	26400	买盘
10:26:12	6.6	0.01	49	32340	买盘
10:26:09	6.59	--	227	149593	卖盘
10:26:06	6.59	-0.01	27	17793	卖盘
10:26:00	6.6	--	15	9900	买盘
10:25:57	6.6	0.01	22	14520	买盘
10:25:54	6.59	-0.01	10	6590	卖盘
10:25:51	6.6	0.01	368	242880	买盘
10:25:48	6.59	-0.01	1225	807604	卖盘
10:25:45	6.6	0.01	1769	1167540	买盘
10:25:42	6.59	--	27	18287	卖盘
10:25:39	6.59	-0.01	51	33609	卖盘
10:25:36	6.6	0.01	30	19800	买盘
10:25:33	6.59	--	1201	791459	卖盘
10:25:30	6.59	--	34	22900	卖盘
10:25:27	6.59	--	20	13180	卖盘
10:25:24	6.59	--	179	117961	卖盘
10:25:21	6.59	--	71	46854	卖盘
10:25:18	6.59	--	227	149593	卖盘
10:25:15	6.59	--	60	39540	卖盘
10:25:09	6.59	-0.01	540	355860	卖盘
10:25:06	6.6	0.01	47	31020	买盘
10:25:03	6.59	--	5	3295	卖盘
10:24:57	6.59	--	145	95555	卖盘
10:24:54	6.59	-0.01	110	72490	卖盘
10:24:51	6.6	0.01	39	25740	买盘
10:24:48	6.59	-0.01	11	7249	卖盘
10:24:42	6.6	0.01	21	13860	买盘
10:24:39	6.59	-0.01	24	15816	卖盘
10:24:36	6.6	--	14	9240	买盘
10:24:33	6.6	--	84	55968	买盘
10:24:30	6.6	0.01	54	35640	买盘
10:24:27	6.59	--	43	28337	卖盘
10:24:21	6.59	--	30	19770	卖盘
10:24:18	6.59	-0.01	114	75126	卖盘
10:24:15	6.6	0.01	20	13200	买盘
10:24:12	6.59	-0.01	7	4613	卖盘
10:24:09	6.6	0.01	31	20460	买盘
10:24:06	6.59	--	247	162911	买盘
10:24:03	6.59	--	158	104122	买盘
10:24:00	6.59	--	78	51402	买盘
10:23:57	6.59	-0.01	244	161250	卖盘
10:23:54	6.6	0.01	3	1980	买盘
10:23:51	6.59	--	1	659	卖盘
10:23:48	6.59	--	120	79080	卖盘
10:23:45	6.59	-0.01	4	2636	卖盘
10:23:42	6.6	0.01	69	45540	买盘
10:23:39	6.59	--	16	10544	卖盘
10:23:36	6.59	--	91	60298	卖盘
10:23:33	6.59	--	28	18452	卖盘
10:23:30	6.59	--	3	1977	卖盘
10:23:27	6.59	0.01	1471	969922	买盘
10:23:24	6.58	-0.01	440	289520	卖盘
10:23:21	6.59	--	71	46789	买盘
10:23:18	6.59	--	17	11203	买盘
10:23:15	6.59	0.01	136	89624	买盘
10:23:12	6.58	--	100	66129	卖盘
10:23:09	6.58	-0.01	19	12502	卖盘
10:23:06	6.59	0.01	10	6590	买盘
10:23:03	6.58	-0.01	26	17108	卖盘
10:23:00	6.59	--	51	33609	买盘
10:22:57	6.59	0.01	9	5931	买盘
10:22:54	6.58	-0.01	210	138180	卖盘
10:22:51	6.59	0.01	525	345975	买盘
10:22:48	6.58	--	36	23688	卖盘
10:22:45	6.58	--	109	71722	卖盘
10:22:42	6.58	--	61	40138	卖盘
10:22:39	6.58	--	165	108570	卖盘
10:22:36	6.58	--	201	132258	卖盘
10:22:33	6.58	--	1	658	卖盘
10:22:30	6.58	--	350	230300	卖盘
10:22:27	6.58	-0.01	123	80934	卖盘
10:22:24	6.59	0.01	6	3954	买盘
10:22:15	6.58	-0.01	1	658	卖盘
10:22:09	6.59	0.01	106	69854	买盘
10:22:06	6.58	--	4	2632	卖盘
10:22:03	6.58	--	18	11844	卖盘
10:22:00	6.58	-0.01	437	287546	卖盘
10:21:57	6.59	0.01	51	33609	买盘
10:21:54	6.58	-0.01	1415	931399	卖盘
10:21:51	6.59	--	121	79739	买盘
10:21:48	6.59	0.01	228	150252	买盘
10:21:45	6.58	--	24	15890	卖盘
10:21:42	6.58	--	12	8126	卖盘
10:21:39	6.58	-0.01	7	4606	卖盘
10:21:36	6.59	0.01	143	94237	买盘
10:21:33	6.58	--	58	38164	卖盘
10:21:30	6.58	--	1	658	卖盘
10:21:24	6.58	-0.01	143	94094	卖盘
10:21:21	6.59	--	37	24415	买盘
10:21:18	6.59	0.01	27	17793	买盘
10:21:15	6.58	-0.01	55	36190	卖盘
10:21:12	6.59	0.01	23	15157	买盘
10:21:09	6.58	--	338	222404	卖盘
10:21:06	6.58	--	124	81592	卖盘
10:21:03	6.58	--	79	51982	卖盘
10:21:00	6.58	-0.01	172	113176	卖盘
10:20:57	6.59	--	1	659	买盘
10:20:54	6.59	0.01	157	103463	买盘
10:20:51	6.58	-0.01	116	76328	卖盘
10:20:48	6.59	0.01	8	5272	买盘
10:20:45	6.58	--	111	73038	卖盘
10:20:42	6.58	--	43	28326	卖盘
10:20:39	6.58	-0.01	89	58562	卖盘
10:20:36	6.59	--	184	121256	买盘
10:20:33	6.59	0.01	42	27678	买盘
10:20:30	6.58	--	20	13160	卖盘
10:20:27	6.58	-0.01	216	142128	卖盘
10:20:24	6.59	0.01	55	36245	买盘
10:20:21	6.58	-0.01	169	111333	卖盘
10:20:18	6.59	0.01	192	126528	买盘
10:20:15	6.58	-0.01	39	26023	卖盘
10:20:12	6.59	0.01	29	19111	买盘
10:20:09	6.58	-0.01	5	3290	中性盘
10:20:06	6.59	0.01	191	125869	买盘
10:20:03	6.58	--	99	65142	买盘
10:19:57	6.58	-0.01	2652	1745239	卖盘
10:19:54	6.59	0.01	73	48107	买盘
10:19:51	6.58	--	82	53956	卖盘
10:19:48	6.58	-0.01	94	61852	卖盘
10:19:45	6.59	--	195	128505	买盘
10:19:42	6.59	--	96	63264	买盘
10:19:39	6.59	--	132	86988	买盘
10:19:36	6.59	0.01	194	127846	买盘
10:19:33	6.58	-0.01	16	10528	卖盘
10:19:30	6.59	0.01	41	27019	买盘
10:19:27	6.58	-0.01	127	83566	卖盘
10:19:24	6.59	--	22	14498	买盘
10:19:21	6.59	--	44	28996	买盘
10:19:18	6.59	0.01	72	47448	买盘
10:19:15	6.58	--	112	73696	卖盘
10:19:12	6.58	-0.01	28	18456	卖盘
10:19:09	6.59	--	20	13180	买盘
10:19:03	6.59	0.01	73	48107	买盘
10:19:00	6.58	--	15	9870	卖盘
10:18:57	6.58	--	320	210560	卖盘
10:18:54	6.58	-0.01	160	105280	卖盘
10:18:51	6.59	-0.01	4	2636	买盘
10:18:48	6.6	0.01	20	13200	买盘
10:18:45	6.59	-0.01	87	57333	中性盘
10:18:42	6.6	0.01	365	240900	买盘
10:18:39	6.59	-0.01	51	33839	卖盘
10:18:36	6.6	0.01	155	102828	买盘
10:18:33	6.59	--	168	110909	卖盘
10:18:30	6.59	-0.01	105	69425	卖盘
10:18:27	6.6	0.01	145	96162	买盘
10:18:24	6.59	-0.01	15	9885	卖盘
10:18:21	6.6	0.01	21	13860	买盘
10:18:18	6.59	--	87	57333	卖盘
10:18:15	6.59	--	6	4448	卖盘
10:18:12	6.59	--	175	115325	卖盘
10:18:09	6.59	--	3	1977	卖盘
10:18:06	6.59	--	156	103199	卖盘
10:18:03	6.59	--	62	40858	卖盘
10:18:00	6.59	--	21	13839	卖盘
10:17:57	6.59	-0.01	2	1318	卖盘
10:17:54	6.6	0.01	138	91311	买盘
10:17:51	6.59	-0.01	176	115984	卖盘
10:17:48	6.6	--	122	80520	买盘
10:17:45	6.6	0.01	49	32340	买盘
10:17:42	6.59	--	66	43494	卖盘
10:17:39	6.59	-0.01	109	71831	卖盘
10:17:36	6.6	--	294	194040	买盘
10:17:33	6.6	--	319	210540	买盘
10:17:30	6.6	0.01	25	16500	买盘
10:17:27	6.59	--	21	13839	卖盘
10:17:24	6.59	--	19	12521	卖盘
10:17:21	6.59	-0.01	45	30017	卖盘
