成交时间	成交价	价格变动	成交量(手)	成交额(元)	性质
15:00:03	13.43	--	1182	1587426	买盘
14:57:03	13.43	0.01	100	134300	买盘
14:57:00	13.42	--	39	52338	买盘
14:56:57	13.42	0.01	224	300608	买盘
14:56:54	13.41	-0.01	21	28161	卖盘
14:56:51	13.42	--	106	142252	买盘
14:56:48	13.42	0.01	25	33550	买盘
14:56:45	13.41	--	61	81801	卖盘
14:56:42	13.41	-0.01	85	113985	卖盘
14:56:36	13.42	--	9	12078	买盘
14:56:33	13.42	--	14	18788	买盘
14:56:30	13.42	--	35	46970	买盘
14:56:27	13.42	--	64	85888	卖盘
14:56:24	13.42	-0.01	12	16104	卖盘
14:56:21	13.43	0.01	8	10744	买盘
14:56:15	13.42	-0.01	4	5368	卖盘
14:56:12	13.43	0.01	9	12087	买盘
14:56:09	13.42	--	130	174460	卖盘
14:56:06	13.42	-0.01	3	4026	卖盘
14:56:03	13.43	0.01	30	40290	买盘
14:56:00	13.42	-0.01	4	5368	卖盘
14:55:57	13.43	0.01	40	53720	卖盘
14:55:54	13.42	--	5	6710	卖盘
14:55:51	13.42	-0.02	51	68442	卖盘
14:55:45	13.44	0.01	15	20160	买盘
14:55:42	13.43	--	100	134300	买盘
14:55:36	13.43	--	3	4029	买盘
14:55:33	13.43	--	45	60435	买盘
14:55:30	13.43	--	1	1343	买盘
14:55:27	13.43	--	5	6715	买盘
14:55:24	13.43	-0.01	291	390813	卖盘
14:55:21	13.44	--	45	60480	买盘
14:55:18	13.44	0.01	3	4032	买盘
14:55:12	13.43	--	8	10744	卖盘
14:55:09	13.43	-0.01	78	104754	卖盘
14:55:06	13.44	--	6	8064	卖盘
14:55:03	13.44	0.01	23	30912	中性盘
14:55:00	13.43	-0.02	20	26860	卖盘
14:54:54	13.45	--	54	72630	买盘
14:54:45	13.45	--	14	18830	买盘
14:54:42	13.45	--	3	4035	买盘
14:54:39	13.45	0.01	11	14795	买盘
14:54:36	13.44	--	41	55104	卖盘
14:54:33	13.44	--	16	21504	卖盘
14:54:30	13.44	--	120	161280	卖盘
14:54:24	13.44	-0.01	10	13440	卖盘
14:54:21	13.45	0.01	20	26900	买盘
14:54:18	13.44	-0.01	10	13440	卖盘
14:54:15	13.45	--	61	82045	买盘
14:54:12	13.45	--	10	13450	买盘
14:54:03	13.45	--	40	53800	买盘
14:54:00	13.45	--	10	13450	买盘
14:53:54	13.45	--	19	25555	卖盘
14:53:51	13.45	--	12	16140	卖盘
14:53:48	13.45	-0.01	2	2690	卖盘
14:53:45	13.46	0.01	49	65954	买盘
14:53:42	13.45	--	70	94150	卖盘
14:53:39	13.45	--	30	40350	卖盘
14:53:33	13.45	--	7	9415	卖盘
14:53:30	13.45	--	26	34970	卖盘
14:53:27	13.45	-0.01	178	239410	卖盘
14:53:24	13.46	0.01	21	28266	买盘
14:53:21	13.45	0.01	262	352390	买盘
14:53:18	13.44	--	10	13440	卖盘
14:53:12	13.44	--	3	4032	卖盘
14:53:09	13.44	-0.01	20	26880	卖盘
14:53:06	13.45	--	28	37660	买盘
14:53:03	13.45	0.01	20	26900	买盘
14:53:00	13.44	-0.01	8	10752	卖盘
14:52:57	13.45	0.01	5	6725	买盘
14:52:48	13.44	--	2	2688	买盘
14:52:45	13.44	--	2	2688	买盘
14:52:42	13.44	-0.01	6	8064	卖盘
14:52:39	13.45	0.01	55	73975	买盘
14:52:36	13.44	-0.01	15	20160	卖盘
14:52:33	13.45	0.01	33	44385	买盘
14:52:30	13.44	-0.01	145	194880	卖盘
14:52:27	13.45	--	5	6725	买盘
14:52:21	13.45	--	7	9415	买盘
14:52:12	13.45	--	18	24210	卖盘
14:52:09	13.45	--	7	9415	卖盘
14:52:06	13.45	--	45	60525	买盘
14:52:00	13.45	-0.01	6	8070	卖盘
14:51:57	13.46	0.01	111	149406	买盘
14:51:54	13.45	--	10	13450	卖盘
14:51:51	13.45	-0.01	74	99530	卖盘
14:51:48	13.46	--	18	24228	买盘
14:51:45	13.46	0.01	31	41726	买盘
14:51:42	13.45	--	4	5380	卖盘
14:51:39	13.45	-0.01	84	112980	卖盘
14:51:24	13.46	--	4	5384	买盘
14:51:21	13.46	--	3	4038	买盘
14:51:15	13.46	0.01	5	6730	卖盘
14:51:12	13.45	-0.02	16	21520	卖盘
14:51:06	13.47	--	1	1347	买盘
14:51:00	13.47	--	51	68697	买盘
14:50:57	13.47	0.02	2	2694	买盘
14:50:54	13.45	-0.01	310	416950	卖盘
14:50:48	13.46	0.01	4	5384	买盘
14:50:42	13.45	--	59	79355	卖盘
14:50:36	13.45	-0.01	169	227305	卖盘
14:50:30	13.46	--	10	13460	卖盘
14:50:27	13.46	--	51	68646	买盘
14:50:24	13.46	--	62	83452	卖盘
14:50:21	13.46	--	7	9422	卖盘
14:50:18	13.46	-0.01	65	87490	卖盘
14:50:12	13.47	--	22	29634	买盘
14:50:09	13.47	0.01	12	16164	买盘
14:50:06	13.46	-0.01	2	2692	卖盘
14:50:03	13.47	--	82	110454	买盘
14:49:57	13.47	--	164	220908	买盘
14:49:51	13.47	--	3	4041	买盘
14:49:48	13.47	--	2	2694	买盘
14:49:45	13.47	--	4	5388	买盘
14:49:42	13.47	0.01	33	44451	买盘
14:49:39	13.46	-0.01	67	90182	卖盘
14:49:33	13.47	--	4	5388	买盘
14:49:12	13.47	-0.01	76	102372	卖盘
14:49:09	13.48	--	76	102448	买盘
14:49:06	13.48	--	8	10784	买盘
14:49:00	13.48	-0.01	19	25612	卖盘
14:48:57	13.49	--	7	9443	买盘
14:48:54	13.49	0.01	5	6745	买盘
14:48:51	13.48	--	8	10784	买盘
14:48:48	13.48	--	5	6740	买盘
14:48:45	13.48	--	58	78184	买盘
14:48:42	13.48	-0.01	124	167152	卖盘
14:48:39	13.49	0.01	4	5396	买盘
14:48:36	13.48	--	116	156368	卖盘
14:48:33	13.48	--	19	25612	卖盘
14:48:24	13.48	--	1	1348	卖盘
14:48:21	13.48	--	6	8088	卖盘
14:48:18	13.48	--	27	36396	买盘
14:48:15	13.48	0.01	5	6740	买盘
14:48:09	13.47	-0.01	46	61962	卖盘
14:48:06	13.48	--	43	57964	买盘
14:48:00	13.48	--	35	47180	买盘
14:47:54	13.48	--	1	1348	买盘
14:47:51	13.48	0.02	10	13480	买盘
14:47:39	13.46	-0.01	11	14806	卖盘
14:47:36	13.47	--	95	127965	买盘
14:47:33	13.47	0.01	122	164334	买盘
14:47:27	13.46	--	63	84798	买盘
14:47:24	13.46	0.01	30	40380	买盘
14:47:21	13.45	-0.01	15	20175	卖盘
14:47:18	13.46	--	77	103642	买盘
14:47:09	13.46	--	114	153444	买盘
14:47:06	13.46	-0.01	360	484560	卖盘
14:47:03	13.47	--	65	87555	买盘
14:46:57	13.47	0.01	1	1347	买盘
14:46:51	13.46	-0.01	3	4038	卖盘
14:46:45	13.47	0.01	231	311157	买盘
14:46:33	13.46	--	5	6730	卖盘
14:46:24	13.46	-0.01	22	29612	卖盘
14:46:21	13.47	--	14	18858	卖盘
14:46:18	13.47	--	1	1347	买盘
14:46:15	13.47	0.01	110	148170	买盘
14:46:12	13.46	0.01	33	44418	中性盘
14:46:09	13.45	--	14	18830	卖盘
14:46:06	13.45	--	192	258240	卖盘
14:46:03	13.45	-0.01	5	6725	卖盘
14:46:00	13.46	--	9	12114	买盘
14:45:54	13.46	-0.01	37	49802	卖盘
14:45:51	13.47	0.01	2	2694	买盘
14:45:48	13.46	--	27	36342	卖盘
14:45:42	13.46	0.01	1	1346	卖盘
14:45:39	13.45	-0.02	3	4035	卖盘
14:45:36	13.47	0.01	30	40410	买盘
14:45:30	13.46	--	10	13460	卖盘
14:45:27	13.46	--	5	6730	卖盘
14:45:24	13.46	-0.01	16	21536	卖盘
14:45:18	13.47	--	2	2694	买盘
14:45:15	13.47	0.03	14	18858	买盘
14:45:12	13.44	--	12	16128	卖盘
14:45:09	13.44	-0.01	22	29568	卖盘
14:45:03	13.45	-0.02	73	98185	卖盘
14:45:00	13.47	0.01	6	8082	买盘
14:44:57	13.46	--	30	40380	买盘
14:44:48	13.46	0.01	33	44418	买盘
14:44:45	13.45	-0.01	20	26900	中性盘
14:44:42	13.46	--	4	5384	买盘
14:44:39	13.46	0.02	8	10768	买盘
14:44:36	13.44	-0.02	3	4475	卖盘
14:44:33	13.46	0.01	30	40380	买盘
14:44:27	13.45	--	2	2690	卖盘
14:44:24	13.45	--	1	1748	买盘
14:44:21	13.45	0.01	260	349700	买盘
14:44:18	13.44	--	1	1344	买盘
14:44:15	13.44	--	152	205228	卖盘
14:44:12	13.44	--	12	16128	卖盘
14:44:09	13.44	-0.02	147	197568	卖盘
14:44:06	13.46	0.01	72	96912	买盘
14:43:57	13.45	--	37	49765	卖盘
14:43:51	13.45	-0.01	10	13450	卖盘
14:43:39	13.46	0.02	35	47110	买盘
14:43:27	13.44	-0.03	20	26880	卖盘
14:43:24	13.47	0.01	402	542814	买盘
14:43:21	13.46	--	1	1346	卖盘
14:43:18	13.46	--	5	6730	卖盘
14:43:15	13.46	0.01	757	1019352	买盘
14:43:12	13.45	0.02	617	829865	买盘
14:43:09	13.43	--	23	30889	卖盘
14:43:06	13.43	--	25	33575	卖盘
14:43:03	13.43	-0.02	5	6715	卖盘
14:42:54	13.45	--	26	34970	买盘
14:42:51	13.45	--	22	30504	卖盘
14:42:48	13.45	--	11	14795	卖盘
14:42:45	13.45	--	159	214285	卖盘
14:42:39	13.45	--	77	103565	卖盘
14:42:27	13.45	-0.02	600	807000	卖盘
14:42:21	13.47	--	10	13470	买盘
14:42:15	13.47	--	388	522636	卖盘
14:42:12	13.47	--	10	13470	卖盘
14:42:09	13.47	-0.01	114	153558	卖盘
14:42:00	13.48	--	3	4044	买盘
14:41:57	13.48	--	13	17524	买盘
14:41:54	13.48	--	28	37744	卖盘
14:41:51	13.48	-0.01	30	40440	卖盘
14:41:48	13.49	0.01	15	20235	买盘
14:41:45	13.48	-0.01	5	6740	卖盘
14:41:33	13.49	--	8	10792	买盘
14:41:30	13.49	--	14	18886	卖盘
14:41:24	13.49	--	48	64752	卖盘
14:41:18	13.49	0.01	69	93081	买盘
14:41:12	13.48	--	17	22916	卖盘
14:41:09	13.48	-0.01	14	18872	卖盘
14:41:03	13.49	--	341	460009	卖盘
14:40:51	13.49	-0.01	29	39215	卖盘
14:40:45	13.5	--	14	18900	卖盘
14:40:42	13.5	-0.01	10	13500	卖盘
14:40:36	13.51	--	5	6755	买盘
14:40:30	13.51	0.01	8	10808	买盘
14:40:27	13.5	--	15	20250	卖盘
14:40:24	13.5	--	5	6750	卖盘
14:40:21	13.5	--	10	13500	卖盘
14:40:12	13.5	--	19	25650	卖盘
14:40:09	13.5	0.01	49	67405	买盘
14:40:06	13.49	-0.01	76	102524	卖盘
14:40:03	13.5	0.01	3	4050	买盘
14:40:00	13.49	-0.01	3	4047	卖盘
14:39:57	13.5	--	3	4050	买盘
14:39:51	13.5	--	100	135000	买盘
14:39:48	13.5	--	8	10800	买盘
14:39:45	13.5	--	500	675000	买盘
14:39:33	13.5	--	58	78300	买盘
14:39:27	13.5	--	42	56700	买盘
14:39:24	13.5	--	130	175500	买盘
14:39:21	13.5	-0.01	288	388894	卖盘
14:39:15	13.51	--	6	8106	买盘
14:39:12	13.51	--	70	94570	买盘
14:39:09	13.51	--	48	64848	买盘
14:39:06	13.51	--	20	27020	卖盘
14:39:03	13.51	--	5	6755	卖盘
14:38:57	13.51	0.01	75	101325	买盘
14:38:51	13.5	--	65	87750	卖盘
14:38:48	13.5	-0.01	21	28350	卖盘
14:38:45	13.51	--	9	12159	买盘
14:38:36	13.51	--	2	2702	买盘
14:38:33	13.51	0.01	72	97272	买盘
14:38:30	13.5	-0.01	10	13500	卖盘
14:38:27	13.51	--	28	37828	卖盘
14:38:24	13.51	-0.01	51	68901	卖盘
14:38:21	13.52	0.01	194	262288	买盘
14:38:18	13.51	--	12	16212	卖盘
14:38:12	13.51	--	12	16212	卖盘
14:38:09	13.51	-0.01	34	45934	卖盘
14:38:03	13.52	0.01	39	52728	买盘
14:38:00	13.51	--	15	20265	卖盘
14:37:57	13.51	-0.01	8	10808	卖盘
14:37:51	13.52	0.01	13	17576	买盘
14:37:48	13.51	-0.01	5	6755	卖盘
14:37:42	13.52	0.01	4	5408	买盘
14:37:39	13.51	-0.01	7	9457	卖盘
14:37:36	13.52	--	10	13520	买盘
14:37:27	13.52	0.01	13	17576	买盘
14:37:21	13.51	--	4	5404	卖盘
14:37:18	13.51	0.01	3	4053	买盘
14:37:15	13.5	--	300	405000	卖盘
14:37:12	13.5	--	12	16200	卖盘
14:37:09	13.5	-0.01	14	18900	卖盘
14:37:06	13.51	-0.03	1	1351	卖盘
14:37:00	13.54	0.02	698	945511	买盘
14:36:48	13.52	--	12	16224	卖盘
14:36:45	13.52	0.01	10	13520	买盘
14:36:39	13.51	-0.01	110	148610	卖盘
14:36:36	13.52	0.01	8	10816	买盘
14:36:33	13.51	--	5	6755	卖盘
14:36:30	13.51	--	9	12159	卖盘
14:36:27	13.51	--	6	8106	卖盘
14:36:21	13.51	--	52	70252	卖盘
14:36:18	13.51	--	6	8106	卖盘
14:36:12	13.51	0.01	171	231021	买盘
14:36:09	13.5	--	27	36450	卖盘
14:36:06	13.5	-0.01	74	99900	卖盘
14:36:03	13.51	--	11	14861	买盘
14:35:54	13.51	0.01	1	1351	买盘
14:35:51	13.5	--	1	1350	卖盘
14:35:45	13.5	-0.01	25	33750	卖盘
14:35:42	13.51	--	30	40530	买盘
14:35:39	13.51	--	1	1351	买盘
14:35:30	13.51	-0.01	101	136451	卖盘
14:35:27	13.52	0.01	124	167648	买盘
14:35:21	13.51	--	11	14861	卖盘
14:35:15	13.51	--	20	27020	卖盘
14:35:12	13.51	--	6	8106	卖盘
14:35:09	13.51	--	28	37828	卖盘
14:35:06	13.51	-0.01	20	27020	卖盘
14:35:03	13.52	0.01	22	29744	买盘
14:34:57	13.51	--	15	20265	卖盘
14:34:54	13.51	--	5	6755	卖盘
14:34:51	13.51	-0.01	10	13510	卖盘
14:34:45	13.52	--	12	16224	买盘
14:34:42	13.52	--	13	17576	买盘
14:34:33	13.52	-0.01	147	198744	卖盘
14:34:30	13.53	--	48	65877	卖盘
14:34:27	13.53	--	124	167772	卖盘
14:34:24	13.53	--	5	7184	卖盘
14:34:18	13.53	--	78	105534	卖盘
14:34:15	13.53	--	103	139359	卖盘
14:34:12	13.53	--	12	16236	卖盘
14:34:09	13.53	--	24	32472	卖盘
14:34:06	13.53	0.01	60	81180	买盘
14:34:03	13.52	--	3	4056	卖盘
14:33:54	13.52	--	30	40560	卖盘
14:33:51	13.52	-0.01	85	114920	卖盘
14:33:48	13.53	--	18	24354	卖盘
14:33:45	13.53	--	14	18942	卖盘
14:33:42	13.53	0.01	126	170478	买盘
14:33:39	13.52	-0.01	60	81120	卖盘
14:33:33	13.53	--	136	184008	买盘
14:33:30	13.53	--	100	135300	买盘
14:33:24	13.53	-0.01	271	366663	卖盘
14:33:15	13.54	0.01	11	14893	买盘
14:33:12	13.53	--	32	43296	卖盘
14:33:09	13.53	-0.01	7	9471	卖盘
14:33:06	13.54	--	17	23018	买盘
14:33:03	13.54	--	15	20310	卖盘
14:32:54	13.54	-0.01	50	67700	卖盘
14:32:51	13.55	0.01	8	10840	买盘
14:32:48	13.54	--	4	5416	卖盘
14:32:45	13.54	-0.01	41	55514	卖盘
14:32:42	13.55	--	4	5420	买盘
14:32:39	13.55	--	18	24390	卖盘
14:32:36	13.55	--	11	14905	卖盘
14:32:33	13.55	--	10	13550	卖盘
14:32:27	13.55	-0.01	2	2710	卖盘
14:32:24	13.56	--	5	6780	买盘
14:32:15	13.56	--	66	90296	卖盘
14:32:12	13.56	--	51	69711	卖盘
14:32:09	13.56	--	119	161364	卖盘
14:32:06	13.56	--	13	17628	卖盘
14:32:03	13.56	-0.01	124	168144	卖盘
14:32:00	13.57	0.01	6	8142	买盘
14:31:54	13.56	--	52	70512	卖盘
14:31:51	13.56	--	10	13560	卖盘
14:31:48	13.56	--	30	40680	卖盘
14:31:45	13.56	--	70	94920	卖盘
14:31:42	13.56	--	10	13560	卖盘
14:31:39	13.56	0.01	59	80004	买盘
14:31:36	13.55	-0.01	11	14905	卖盘
14:31:33	13.56	0.01	1	1356	买盘
14:31:30	13.55	-0.01	5	6775	卖盘
14:31:27	13.56	0.01	13	17628	买盘
14:31:24	13.55	0.01	10	13550	买盘
14:31:21	13.54	--	38	51452	卖盘
14:31:15	13.54	-0.02	5	6770	卖盘
14:31:12	13.56	--	107	145092	卖盘
14:31:09	13.56	--	25	33900	卖盘
14:31:06	13.56	--	8	10848	卖盘
14:31:03	13.56	0.01	108	146448	买盘
14:31:00	13.55	--	12	16260	卖盘
14:30:57	13.55	--	50	67750	卖盘
14:30:48	13.55	--	42	56910	卖盘
14:30:42	13.55	--	30	40650	卖盘
14:30:39	13.55	--	150	203250	卖盘
14:30:36	13.55	0.01	55	74525	买盘
14:30:33	13.54	--	78	105612	卖盘
14:30:27	13.54	-0.01	10	13540	卖盘
14:30:24	13.55	--	13	17615	买盘
14:30:18	13.55	0.01	71	96205	买盘
14:30:12	13.54	--	72	97488	卖盘
14:30:09	13.54	--	7	9478	卖盘
14:30:06	13.54	-0.01	60	81240	卖盘
14:30:00	13.55	0.01	14	18970	买盘
14:29:54	13.54	--	10	13540	卖盘
14:29:51	13.54	--	18	24372	卖盘
14:29:48	13.54	0.01	131	177374	买盘
14:29:45	13.53	--	52	70356	买盘
14:29:42	13.53	--	1	1353	买盘
14:29:39	13.53	--	5	6765	买盘
14:29:33	13.53	--	8	10824	买盘
14:29:27	13.53	--	13	17589	买盘
14:29:21	13.53	0.01	30	40590	买盘
14:29:18	13.52	--	4	5408	卖盘
14:29:12	13.52	--	12	16224	卖盘
14:29:09	13.52	--	19	25688	卖盘
14:29:06	13.52	--	10	13520	卖盘
14:29:03	13.52	--	10	13520	卖盘
14:29:00	13.52	--	6	8112	卖盘
14:28:57	13.52	-0.01	33	44616	卖盘
14:28:51	13.53	--	1	1353	买盘
14:28:48	13.53	0.01	13	17589	买盘
14:28:42	13.52	--	5	6760	卖盘
14:28:33	13.52	--	15	20280	卖盘
14:28:30	13.52	--	10	13520	卖盘
14:28:27	13.52	--	49	66248	买盘
14:28:18	13.52	0.01	5	6760	买盘
14:28:12	13.51	-0.01	6	8106	卖盘
14:28:09	13.52	--	46	62192	买盘
14:28:06	13.52	--	62	83824	买盘
14:28:03	13.52	--	3	4056	买盘
14:28:00	13.52	--	1	1352	买盘
14:27:57	13.52	-0.01	16	21632	卖盘
14:27:51	13.53	0.01	70	94710	买盘
14:27:48	13.52	--	5	6760	卖盘
14:27:45	13.52	--	95	128440	卖盘
14:27:42	13.52	--	8	10816	卖盘
14:27:39	13.52	--	5	6760	卖盘
14:27:33	13.52	--	16	21632	买盘
14:27:21	13.52	--	7	9464	卖盘
14:27:18	13.52	--	5	6760	卖盘
14:27:15	13.52	0.01	9	12168	买盘
14:27:12	13.51	--	36	48636	卖盘
14:27:09	13.51	-0.01	126	170226	卖盘
14:27:00	13.52	--	10	13520	买盘
14:26:57	13.52	--	295	398840	卖盘
14:26:54	13.52	--	60	81120	卖盘
14:26:51	13.52	--	60	81120	卖盘
14:26:48	13.52	--	95	128440	买盘
14:26:36	13.52	--	3	4056	卖盘
14:26:33	13.52	--	71	95992	卖盘
14:26:30	13.52	--	2	2704	卖盘
14:26:27	13.52	--	3	4056	卖盘
14:26:18	13.52	--	18	24336	卖盘
14:26:09	13.52	--	44	59488	卖盘
14:25:57	13.52	--	5	6760	卖盘
14:25:51	13.52	-0.01	50	67600	卖盘
14:25:48	13.53	-0.01	3	4059	中性盘
14:25:42	13.54	0.02	5	6770	买盘
14:25:39	13.52	--	39	52728	卖盘
14:25:30	13.52	0.01	11	14872	中性盘
14:25:24	13.51	--	52	70252	卖盘
14:25:21	13.51	--	84	113484	卖盘
14:25:18	13.51	--	23	31073	卖盘
14:25:15	13.51	--	30	40530	卖盘
14:25:12	13.51	--	17	22967	卖盘
14:25:09	13.51	--	7	9457	卖盘
14:25:06	13.51	--	70	94570	卖盘
14:24:57	13.51	--	152	205352	卖盘
14:24:54	13.51	-0.03	50	67550	卖盘
14:24:51	13.54	0.02	2	2708	中性盘
14:24:48	13.52	-0.03	7	9464	中性盘
14:24:45	13.55	--	2	2710	买盘
14:24:36	13.55	--	3	4065	买盘
14:24:27	13.55	0.05	1	1355	买盘
14:24:12	13.5	-0.06	12	16200	卖盘
14:24:09	13.56	0.06	21	28476	买盘
14:24:06	13.5	-0.06	172	232200	卖盘
14:24:00	13.56	0.01	51	69156	买盘
14:23:57	13.55	-0.01	3	4065	卖盘
14:23:48	13.56	0.01	14	18984	买盘
14:23:42	13.55	-0.01	62	84010	卖盘
14:23:36	13.56	0.01	113	153228	买盘
14:23:33	13.55	--	11	14905	卖盘
14:23:30	13.55	--	30	40650	卖盘
14:23:27	13.55	--	1	1355	卖盘
14:23:24	13.55	-0.01	1	1355	卖盘
14:23:21	13.56	0.01	6	8136	买盘
14:23:18	13.55	-0.01	25	33875	卖盘
14:23:12	13.56	0.01	17	23052	买盘
14:23:09	13.55	--	25	33875	卖盘
14:23:00	13.55	--	58	78590	卖盘
14:22:57	13.55	--	4	5420	卖盘
14:22:54	13.55	--	10	13550	卖盘
14:22:51	13.55	-0.01	30	40650	卖盘
14:22:48	13.56	0.01	51	69156	中性盘
14:22:42	13.55	-0.01	8	10840	卖盘
14:22:39	13.56	--	22	29832	买盘
14:22:36	13.56	--	1	1356	卖盘
14:22:30	13.56	0.01	9	12204	卖盘
14:22:27	13.55	--	25	33875	卖盘
14:22:21	13.55	-0.02	10	13550	卖盘
14:22:15	13.57	0.02	49	66493	买盘
14:22:12	13.55	--	15	20325	卖盘
14:22:09	13.55	--	16	21680	卖盘
14:22:06	13.55	--	7	9485	卖盘
14:22:00	13.55	-0.02	13	17615	卖盘
14:21:57	13.57	0.02	17	23069	买盘
14:21:54	13.55	--	25	33875	卖盘
14:21:48	13.55	--	115	155825	卖盘
14:21:45	13.55	-0.02	60	81300	卖盘
14:21:36	13.57	--	36	48852	卖盘
14:21:33	13.57	--	16	21712	卖盘
14:21:27	13.57	-0.01	2	2714	卖盘
14:21:24	13.58	--	2	2716	买盘
14:21:21	13.58	-0.01	2	2716	买盘
14:21:15	13.59	0.02	104	141336	买盘
14:21:12	13.57	-0.02	12	16284	卖盘
14:21:09	13.59	--	24	32616	买盘
14:21:06	13.59	--	251	341109	卖盘
14:21:03	13.59	-0.01	20	27180	卖盘
14:21:00	13.6	--	15	20400	买盘
14:20:57	13.6	0.01	19	25840	买盘
14:20:51	13.59	-0.01	42	57078	卖盘
14:20:48	13.6	0.01	53	72080	买盘
14:20:45	13.59	-0.01	45	61155	卖盘
14:20:42	13.6	--	5	6800	买盘
14:20:39	13.6	-0.01	43	58480	卖盘
14:20:36	13.61	0.01	58	78938	买盘
14:20:33	13.6	-0.01	52	70720	卖盘
14:20:30	13.61	0.01	66	89826	买盘
14:20:27	13.6	--	31	42160	卖盘
14:20:24	13.6	-0.01	30	40800	卖盘
14:20:21	13.61	0.01	20	27220	买盘
14:20:15	13.6	--	90	122400	卖盘
14:20:12	13.6	-0.01	22	29920	买盘
14:20:09	13.61	0.02	884	1203124	买盘
14:20:06	13.59	--	20	27180	卖盘
14:20:03	13.59	--	10	13590	卖盘
14:20:00	13.59	--	122	165798	卖盘
14:19:57	13.59	0.03	931	1265229	买盘
14:19:54	13.56	--	10	13560	卖盘
14:19:48	13.56	--	197	267132	卖盘
14:19:45	13.56	0.03	181	245436	买盘
14:19:39	13.53	-0.02	6	8118	卖盘
14:19:33	13.55	--	14	20108	买盘
14:19:30	13.55	0.02	63	85365	买盘
14:19:27	13.53	-0.02	12	16236	卖盘
14:19:18	13.55	--	172	233060	买盘
14:19:15	13.55	--	20	27100	买盘
14:19:12	13.55	0.02	23	31165	买盘
14:19:09	13.53	--	14	18942	卖盘
14:19:06	13.53	-0.03	16	21648	卖盘
14:19:03	13.56	0.01	81	109836	买盘
14:19:00	13.55	--	2	2710	卖盘
14:18:51	13.55	0.02	84	113820	买盘
14:18:48	13.53	--	1	1353	卖盘
14:18:45	13.53	0.01	7	9471	卖盘
14:18:39	13.52	-0.03	10	13520	卖盘
14:18:33	13.55	--	17	23035	买盘
14:18:30	13.55	0.02	804	1089420	买盘
14:18:27	13.53	--	50	67650	买盘
14:18:24	13.53	0.01	10	13530	买盘
14:18:21	13.52	--	5	6760	卖盘
14:18:12	13.52	--	12	16224	卖盘
14:18:06	13.52	--	14	18928	卖盘
14:18:00	13.52	--	14	18928	卖盘
14:17:57	13.52	0.01	344	465088	买盘
14:17:54	13.51	0.01	4	5404	买盘
14:17:51	13.5	-0.01	1	1350	卖盘
14:17:45	13.51	-0.01	8	10808	中性盘
14:17:39	13.52	0.01	20	27040	买盘
14:17:36	13.51	--	10	13510	买盘
14:17:33	13.51	-0.01	4	5404	中性盘
14:17:27	13.52	0.01	55	74360	买盘
14:17:24	13.51	--	50	67550	卖盘
14:17:21	13.51	--	8	10808	卖盘
14:17:12	13.51	--	6	8106	卖盘
14:17:06	13.51	--	10	13510	中性盘
14:17:00	13.51	--	3	4053	买盘
14:16:57	13.51	0.01	7	9457	买盘
14:16:54	13.5	-0.01	6	8100	卖盘
14:16:42	13.51	--	16	21616	卖盘
14:16:36	13.51	-0.01	10	13510	卖盘
14:16:30	13.52	0.02	100	135200	买盘
14:16:24	13.5	-0.02	10	13500	卖盘
14:16:21	13.52	0.02	27	36504	买盘
14:16:15	13.5	--	30	40500	卖盘
14:16:12	13.5	-0.02	12	16200	卖盘
14:16:06	13.52	0.01	34	45968	买盘
14:16:03	13.51	0.01	10	13510	买盘
14:16:00	13.5	-0.01	1	1350	卖盘
14:15:54	13.51	0.01	4	5404	买盘
14:15:51	13.5	-0.01	15	20250	卖盘
14:15:48	13.51	-0.01	17	22967	卖盘
14:15:42	13.52	0.01	24	32448	买盘
14:15:36	13.51	--	30	40530	卖盘
14:15:30	13.51	-0.01	10	13510	卖盘
14:15:27	13.52	0.02	32	43264	买盘
14:15:24	13.5	--	10	13500	卖盘
14:15:21	13.5	--	1	1350	卖盘
14:15:18	13.5	--	9	12150	卖盘
14:15:15	13.5	--	34	45900	卖盘
14:15:12	13.5	-0.02	16	21600	卖盘
14:15:09	13.52	0.02	41	55432	买盘
14:15:06	13.5	--	7	9450	卖盘
14:15:03	13.5	--	24	32400	卖盘
14:14:57	13.5	-0.01	5	6750	卖盘
14:14:51	13.51	--	2	2702	买盘
14:14:48	13.51	--	1	1351	买盘
14:14:36	13.51	--	47	63497	卖盘
14:14:30	13.51	--	11	14861	卖盘
14:14:27	13.51	--	4	5404	卖盘
14:14:21	13.51	--	12	16212	卖盘
14:14:18	13.51	--	3	4053	卖盘
14:14:15	13.51	--	34	45934	卖盘
14:14:12	13.51	--	12	16212	卖盘
14:14:09	13.51	--	10	13510	卖盘
14:14:06	13.51	-0.01	14	18914	中性盘
14:14:00	13.52	0.01	432	584064	买盘
14:13:57	13.51	--	89	120239	卖盘
14:13:48	13.51	--	18	24318	买盘
14:13:45	13.51	--	15	20265	买盘
14:13:42	13.51	--	76	102676	卖盘
14:13:39	13.51	--	60	81060	买盘
14:13:33	13.51	--	22	29722	卖盘
14:13:30	13.51	--	90	121590	买盘
14:13:24	13.51	--	10	13510	买盘
14:13:21	13.51	-0.01	6	8106	卖盘
14:13:18	13.52	0.01	2	2704	买盘
14:13:15	13.51	--	60	81060	卖盘
14:13:12	13.51	--	6	8106	卖盘
14:13:09	13.51	--	30	40530	卖盘
14:13:06	13.51	--	13	17563	买盘
14:13:03	13.51	--	46	62146	卖盘
14:12:57	13.51	--	5	6755	卖盘
14:12:54	13.51	-0.01	10	13510	卖盘
14:12:48	13.52	0.01	4	5408	买盘
14:12:45	13.51	0.01	13	17563	买盘
14:12:42	13.5	--	60	81837	卖盘
14:12:39	13.5	-0.01	10	13500	卖盘
14:12:36	13.51	0.01	7	9457	中性盘
14:12:24	13.5	-0.02	10	13500	卖盘
14:12:21	13.52	0.02	27	36504	买盘
14:12:15	13.5	-0.01	34	45900	卖盘
14:12:12	13.51	0.01	55	74305	买盘
14:12:09	13.5	--	32	43200	卖盘
14:12:06	13.5	--	15	20250	卖盘
14:12:03	13.5	--	10	13500	卖盘
14:12:00	13.5	-0.01	40	54000	卖盘
14:11:57	13.51	0.01	69	93219	买盘
14:11:45	13.5	--	5	6750	卖盘
14:11:42	13.5	0.01	165	222750	买盘
14:11:39	13.49	0.01	36	48564	买盘
14:11:36	13.48	-0.01	16	21568	卖盘
14:11:18	13.49	0.01	14	18886	买盘
14:11:15	13.48	--	105	141540	卖盘
14:11:12	13.48	--	24	32352	卖盘
14:11:06	13.48	-0.01	7	9436	卖盘
14:10:57	13.49	--	10	13490	买盘
14:10:51	13.49	--	5	6745	买盘
14:10:48	13.49	0.01	156	210444	中性盘
14:10:42	13.48	-0.01	86	115928	卖盘
14:10:30	13.49	0.01	34	45866	买盘
14:10:27	13.48	-0.01	10	13480	卖盘
14:10:24	13.49	--	2	2698	买盘
14:10:15	13.49	0.01	136	183464	中性盘
14:10:12	13.48	-0.02	6	8088	卖盘
14:10:09	13.5	0.01	8	10800	买盘
14:10:06	13.49	--	7	9443	卖盘
14:09:57	13.49	--	60	80940	卖盘
14:09:54	13.49	-0.01	18	24282	卖盘
14:09:51	13.5	--	4	5400	买盘
14:09:42	13.5	0.01	54	72900	买盘
14:09:39	13.49	--	12	16188	卖盘
14:09:36	13.49	--	8	10792	卖盘
14:09:33	13.49	0.01	10	13490	卖盘
14:09:30	13.48	--	11	14828	卖盘
14:09:24	13.48	-0.02	20	26960	卖盘
14:09:18	13.5	0.02	134	180900	买盘
14:09:09	13.48	--	12	16176	卖盘
14:09:06	13.48	--	37	49876	卖盘
14:09:03	13.48	-0.01	82	110536	卖盘
14:08:57	13.49	-0.01	26	35074	卖盘
14:08:54	13.5	0.01	30	40500	买盘
14:08:51	13.49	--	1	1349	卖盘
14:08:45	13.49	0.01	73	98477	买盘
14:08:36	13.48	--	10	13480	卖盘
14:08:27	13.48	--	5	6740	卖盘
14:08:24	13.48	-0.02	50	67400	卖盘
14:08:18	13.5	0.02	93	125550	买盘
14:08:12	13.48	-0.01	150	202200	卖盘
14:08:09	13.49	--	113	152437	卖盘
14:08:06	13.49	--	17	22933	卖盘
14:08:03	13.49	--	23	31027	卖盘
14:07:57	13.49	-0.01	50	67450	卖盘
14:07:51	13.5	0.01	2	2700	买盘
14:07:48	13.49	--	3	4047	卖盘
14:07:42	13.49	-0.01	1	1349	卖盘
14:07:39	13.5	--	3	4050	买盘
14:07:24	13.5	--	13	17550	卖盘
14:07:21	13.5	0.01	11	14850	买盘
14:07:15	13.49	-0.01	45	60705	卖盘
14:07:12	13.5	--	5	6750	买盘
14:07:09	13.5	0.01	2	2700	买盘
14:07:06	13.49	-0.01	14	18886	卖盘
14:07:03	13.5	--	8	10800	中性盘
14:06:39	13.5	0.01	100	135000	买盘
14:06:33	13.49	--	51	68799	卖盘
14:06:27	13.49	--	23	31027	卖盘
14:06:24	13.49	--	3	4047	卖盘
14:06:21	13.49	-0.01	5	6745	卖盘
14:06:18	13.5	--	70	94500	买盘
14:06:15	13.5	0.01	133	179550	买盘
14:06:12	13.49	--	9	12141	卖盘
14:06:06	13.49	-0.01	24	32376	卖盘
14:05:57	13.5	--	12	16200	买盘
14:05:48	13.5	--	10	13500	买盘
14:05:39	13.5	--	2	2700	买盘
14:05:33	13.5	--	37	49950	卖盘
14:05:30	13.5	-0.01	202	272700	卖盘
14:05:27	13.51	0.01	14	18914	买盘
14:05:18	13.5	--	50	67500	卖盘
14:05:15	13.5	-0.01	12	16200	卖盘
14:05:12	13.51	--	8	12064	卖盘
14:05:06	13.51	-0.01	14	18914	卖盘
14:05:03	13.52	0.01	46	62192	买盘
14:05:00	13.51	--	30	40530	卖盘
14:04:57	13.51	--	22	29722	卖盘
14:04:54	13.51	--	6	8106	卖盘
14:04:48	13.51	-0.01	69	93219	卖盘
14:04:42	13.52	0.01	25	33800	买盘
14:04:36	13.51	--	20	27020	卖盘
14:04:33	13.51	--	40	54134	买盘
14:04:30	13.51	--	10	13510	卖盘
14:04:27	13.51	--	6	8106	卖盘
14:04:24	13.51	--	15	20265	买盘
14:04:21	13.51	0.01	20	27020	买盘
14:04:15	13.5	--	12	16200	卖盘
14:04:12	13.5	--	59	79650	买盘
14:04:09	13.5	-0.01	41	55350	买盘
14:04:06	13.51	0.02	46	62146	买盘
14:04:00	13.49	-0.01	10	13490	卖盘
14:03:57	13.5	-0.01	3	4050	中性盘
14:03:48	13.51	0.01	41	56647	买盘
14:03:45	13.5	--	17	23044	卖盘
14:03:42	13.5	-0.01	20	27000	卖盘
14:03:39	13.51	0.01	4	5404	买盘
14:03:36	13.5	--	4	5400	卖盘
14:03:33	13.5	-0.01	41	55350	卖盘
14:03:30	13.51	0.01	10	13510	买盘
14:03:27	13.5	-0.01	12	16200	卖盘
14:03:24	13.51	0.01	83	112133	买盘
14:03:21	13.5	-0.01	78	105300	卖盘
14:03:18	13.51	--	31	41881	买盘
14:03:15	13.51	0.01	8	10808	中性盘
14:03:06	13.5	--	7	9450	卖盘
14:03:03	13.5	-0.01	4	5400	卖盘
14:03:00	13.51	0.01	1	1351	买盘
14:02:54	13.5	-0.02	10	13500	卖盘
14:02:48	13.52	--	129	175665	卖盘
14:02:36	13.52	-0.01	266	360308	卖盘
14:02:33	13.53	-0.02	101	136653	中性盘
14:02:15	13.55	-0.01	13	17615	中性盘
14:02:09	13.56	--	18	24408	买盘
14:02:06	13.56	0.01	74	100344	买盘
14:02:00	13.55	-0.02	26	35230	卖盘
14:01:57	13.57	--	37	50209	买盘
14:01:54	13.57	0.01	74	100418	买盘
14:01:51	13.56	--	28	37968	卖盘
14:01:48	13.56	-0.01	175	237300	卖盘
14:01:45	13.57	--	22	29854	买盘
14:01:42	13.57	0.01	4	5428	买盘
14:01:39	13.56	-0.01	12	16272	卖盘
14:01:36	13.57	--	27	36639	买盘
14:01:33	13.57	-0.02	5	6785	卖盘
14:01:30	13.59	--	70	95130	买盘
14:01:27	13.59	--	50	67950	买盘
14:01:24	13.59	--	5	6795	买盘
14:01:21	13.59	-0.01	821	1115739	卖盘
14:01:18	13.6	--	100	136000	卖盘
14:01:15	13.6	-0.01	122	165920	卖盘
14:01:12	13.61	--	10	13610	卖盘
14:01:09	13.61	0.01	121	164681	买盘
14:01:06	13.6	--	122	165920	卖盘
14:01:03	13.6	--	32	43520	卖盘
14:01:00	13.6	0.04	3956	5380160	买盘
14:00:54	13.56	--	126	170856	卖盘
14:00:51	13.56	0.01	662	897672	买盘
14:00:48	13.55	--	235	318425	卖盘
14:00:45	13.55	--	53	71815	卖盘
14:00:42	13.55	--	136	184280	卖盘
14:00:39	13.55	0.05	1623	2199937	买盘
14:00:36	13.5	--	34	45900	卖盘
14:00:33	13.5	--	64	86400	卖盘
14:00:30	13.5	--	22	29700	卖盘
14:00:27	13.5	--	411	554850	买盘
14:00:24	13.5	0.02	1	1350	买盘
14:00:15	13.48	-0.02	6	8088	卖盘
14:00:09	13.5	--	83	112050	卖盘
14:00:06	13.5	--	81	109350	卖盘
14:00:03	13.5	--	32	43200	卖盘
14:00:00	13.5	--	42	56700	卖盘
13:59:57	13.5	--	42	56700	卖盘
13:59:54	13.5	--	27	36450	卖盘
13:59:51	13.5	--	23	31050	卖盘
13:59:45	13.5	-0.01	100	135000	卖盘
13:59:42	13.51	--	193	260743	买盘
13:59:39	13.51	0.01	35	47285	买盘
13:59:36	13.5	--	10	13500	卖盘
13:59:33	13.5	--	44	59400	卖盘
13:59:30	13.5	-0.01	89	120150	卖盘
13:59:27	13.51	0.01	27	36477	买盘
13:59:24	13.5	--	121	163350	卖盘
13:59:21	13.5	-0.01	200	270000	卖盘
13:59:18	13.51	--	31	41881	买盘
13:59:15	13.51	--	25	33775	买盘
13:59:12	13.51	0.01	465	628215	买盘
13:59:09	13.5	--	22	29700	卖盘
13:59:06	13.5	-0.01	47	63450	卖盘
13:59:03	13.51	--	19	25669	买盘
13:59:00	13.51	0.01	11	14861	买盘
13:58:57	13.5	-0.01	1	1350	卖盘
13:58:54	13.51	0.01	59	79709	买盘
13:58:51	13.5	--	44	59400	买盘
13:58:48	13.5	0.02	1	1350	买盘
13:58:45	13.48	-0.04	37	49876	卖盘
13:58:42	13.52	0.02	275	371800	买盘
13:58:39	13.5	--	1	1350	买盘
13:58:36	13.5	0.02	4	5400	中性盘
13:58:33	13.48	-0.03	117	157716	卖盘
13:58:30	13.51	-0.02	104	140504	中性盘
13:58:27	13.53	0.02	401	542553	买盘
13:58:24	13.51	--	42	56742	买盘
13:58:18	13.51	0.01	60	81060	买盘
13:58:12	13.5	--	11	14850	卖盘
13:58:09	13.5	--	14	18900	卖盘
13:58:06	13.5	--	14	18900	卖盘
13:58:03	13.5	0.02	1971	2660850	买盘
13:58:00	13.48	--	10	13480	买盘
13:57:57	13.48	0.01	106	142888	买盘
13:57:54	13.47	--	10	13470	卖盘
13:57:48	13.47	--	4	5388	卖盘
13:57:45	13.47	0.01	173	233031	买盘
13:57:42	13.46	-0.01	40	53840	卖盘
13:57:39	13.47	0.01	25	33675	买盘
13:57:33	13.46	0.01	141	189786	买盘
13:57:30	13.45	--	10	13450	卖盘
13:57:24	13.45	0.03	3	4035	中性盘
13:57:18	13.42	-0.04	3	4026	卖盘
13:57:15	13.46	0.04	102	137292	买盘
13:57:12	13.42	0.01	30	40260	买盘
13:57:09	13.41	--	17	22797	卖盘
13:57:06	13.41	-0.04	25	33525	卖盘
13:57:03	13.45	0.04	1114	1499029	买盘
13:57:00	13.41	--	5	6705	卖盘
13:56:51	13.41	--	9	12069	卖盘
13:56:48	13.41	--	8	10728	买盘
13:56:36	13.41	-0.01	20	26820	买盘
13:56:33	13.42	-0.01	5	6710	卖盘
13:56:30	13.43	--	81	108783	买盘
13:56:18	13.43	0.03	20	26860	买盘
13:56:12	13.4	-0.01	14	18760	卖盘
13:56:09	13.41	-0.02	26	34866	卖盘
13:56:06	13.43	--	35	47005	买盘
13:56:03	13.43	0.03	92	123556	买盘
13:56:00	13.4	--	23	30820	卖盘
13:55:57	13.4	--	6	8040	卖盘
13:55:54	13.4	--	2	2680	卖盘
13:55:51	13.4	--	10	13400	卖盘
13:55:45	13.4	--	54	72721	买盘
13:55:42	13.4	--	100	134000	买盘
13:55:30	13.4	0.01	656	879040	买盘
13:55:27	13.39	--	14	18746	卖盘
13:55:21	13.39	--	45	60255	卖盘
13:55:12	13.39	0.01	241	322699	买盘
13:55:09	13.38	--	16	21408	卖盘
13:55:06	13.38	--	3	4014	卖盘
13:55:03	13.38	--	5	6690	卖盘
13:55:00	13.38	--	8	10704	卖盘
13:54:54	13.38	-0.01	50	66900	卖盘
13:54:48	13.39	--	10	13390	买盘
13:54:33	13.39	0.01	3	4017	买盘
13:54:27	13.38	--	46	61548	卖盘
13:54:24	13.38	-0.01	15	20070	卖盘
13:54:18	13.39	0.01	20	26780	买盘
13:54:12	13.38	-0.01	14	18732	卖盘
13:54:09	13.39	-0.01	57	76323	买盘
13:54:06	13.4	--	35	46900	买盘
13:54:03	13.4	--	20	26800	买盘
13:53:54	13.4	--	1	1340	买盘
13:53:51	13.4	0.01	84	112560	买盘
13:53:45	13.39	--	67	89713	卖盘
13:53:42	13.39	--	10	13390	卖盘
13:53:39	13.39	-0.01	30	40170	卖盘
13:53:36	13.4	0.01	36	48240	买盘
13:53:33	13.39	-0.01	48	64272	卖盘
13:53:30	13.4	0.01	9	12060	买盘
13:53:24	13.39	--	77	103103	卖盘
13:53:15	13.39	0.01	15	20085	买盘
13:53:12	13.38	--	7	9366	卖盘
13:53:09	13.38	-0.01	257	343866	卖盘
13:53:06	13.39	--	2	2678	买盘
13:53:00	13.39	--	31	41509	卖盘
13:52:57	13.39	--	169	226291	卖盘
13:52:54	13.39	--	4	5356	卖盘
13:52:51	13.39	--	378	506142	卖盘
13:52:48	13.39	--	10	13390	卖盘
13:52:39	13.39	-0.01	20	26780	卖盘
13:52:36	13.4	--	11	14740	买盘
13:52:33	13.4	0.01	4	5360	买盘
13:52:21	13.39	--	5	6695	卖盘
13:52:12	13.39	--	7	9373	卖盘
13:52:09	13.39	--	6	8034	卖盘
13:51:54	13.39	--	10	13390	卖盘
13:51:51	13.39	--	5	6695	卖盘
13:51:48	13.39	--	5	6695	卖盘
13:51:45	13.39	--	20	26780	卖盘
13:51:39	13.39	--	29	38831	买盘
13:51:36	13.39	--	18	24102	卖盘
13:51:33	13.39	0.01	185	247715	买盘
13:51:27	13.38	--	9	12042	卖盘
13:51:12	13.38	--	14	18732	卖盘
13:51:09	13.38	--	13	17394	卖盘
13:51:06	13.38	--	20	26760	卖盘
13:51:00	13.38	--	63	84294	卖盘
13:50:45	13.38	-0.01	5	6690	卖盘
13:50:42	13.39	0.01	7	9373	买盘
13:50:27	13.38	--	1	1338	卖盘
13:50:18	13.38	--	40	53520	卖盘
13:50:15	13.38	--	8	10704	卖盘
13:50:12	13.38	--	7	9366	卖盘
13:50:09	13.38	-0.01	26	34788	卖盘
13:50:06	13.39	0.01	26	34814	买盘
13:50:03	13.38	--	6	8028	卖盘
13:50:00	13.38	--	5	6690	卖盘
13:49:51	13.38	-0.01	1	1338	卖盘
13:49:39	13.39	0.01	5	6695	买盘
13:49:36	13.38	-0.01	30	40140	卖盘
13:49:24	13.39	0.01	10	13390	买盘
13:49:15	13.38	--	17	22746	卖盘
13:49:12	13.38	--	14	18732	卖盘
13:49:09	13.38	-0.01	34	45492	卖盘
13:49:06	13.39	--	38	50882	卖盘
13:49:00	13.39	--	5	6695	卖盘
13:48:54	13.39	--	20	26780	卖盘
13:48:51	13.39	0.01	73	97747	买盘
13:48:48	13.38	--	15	20070	卖盘
13:48:45	13.38	-0.01	18	24084	卖盘
13:48:42	13.39	--	14	18746	买盘
13:48:36	13.39	--	1	1339	买盘
13:48:24	13.39	--	20	26780	买盘
13:48:21	13.39	--	35	46865	买盘
13:48:12	13.39	--	316	423124	卖盘
13:48:09	13.39	--	6	8034	卖盘
13:48:06	13.39	--	15	20085	卖盘
13:48:03	13.39	-0.01	7	9373	卖盘
13:47:51	13.4	--	5	6700	买盘
13:47:39	13.4	-0.02	654	877338	卖盘
13:47:36	13.42	--	25	33550	卖盘
13:47:30	13.42	--	33	44286	卖盘
13:47:15	13.42	--	6	8052	卖盘
13:47:12	13.42	--	10	13420	卖盘
13:47:09	13.42	--	21	28182	卖盘
13:47:06	13.42	-0.01	19	25498	卖盘
13:46:51	13.43	0.01	5	6715	买盘
13:46:48	13.42	-0.01	71	95282	卖盘
13:46:42	13.43	--	3	4673	卖盘
13:46:39	13.43	0.01	10	14128	买盘
13:46:36	13.42	-0.01	6	8696	卖盘
13:46:33	13.43	--	8	11442	买盘
13:46:24	13.43	--	1	1987	卖盘
13:46:18	13.43	--	16	21488	卖盘
13:46:15	13.43	--	10	13430	卖盘
13:46:12	13.43	--	1	1343	卖盘
13:46:09	13.43	--	65	87993	卖盘
13:46:06	13.43	--	18	24174	卖盘
13:46:03	13.43	0.01	38	51034	买盘
13:46:00	13.42	-0.01	5	6710	卖盘
13:45:54	13.43	0.01	2	2686	买盘
13:45:51	13.42	--	30	40260	卖盘
13:45:48	13.42	--	74	99308	卖盘
13:45:33	13.42	-0.01	62	83204	卖盘
13:45:30	13.43	--	15	20145	卖盘
13:45:27	13.43	--	56	75879	卖盘
13:45:24	13.43	0.01	29	38947	买盘
13:45:18	13.42	-0.01	5	6710	卖盘
13:45:15	13.43	0.01	15	20145	买盘
13:45:09	13.42	--	3	4026	卖盘
13:45:06	13.42	--	12	16104	卖盘
13:44:51	13.42	--	6	8052	卖盘
13:44:45	13.42	0.01	25	33885	中性盘
13:44:33	13.41	--	33	44253	卖盘
13:44:30	13.41	-0.01	11	14751	卖盘
13:44:27	13.42	0.01	29	38918	买盘
13:44:24	13.41	--	5	6705	卖盘
13:44:18	13.41	--	11	14751	卖盘
13:44:15	13.41	--	6	8046	卖盘
13:44:09	13.41	--	21	28161	卖盘
13:44:06	13.41	--	11	14751	卖盘
13:44:03	13.41	--	59	80406	买盘
13:44:00	13.41	--	21	28161	买盘
13:43:51	13.41	0.01	30	40230	买盘
13:43:45	13.4	-0.01	5	6700	卖盘
13:43:36	13.41	--	18	24138	买盘
13:43:24	13.41	-0.03	101	135494	卖盘
13:43:18	13.44	0.01	27	36288	买盘
13:43:15	13.43	0.02	10	13430	买盘
13:43:09	13.41	-0.01	7	9387	卖盘
13:43:00	13.42	-0.02	90	120780	卖盘
13:42:57	13.44	--	3	4032	卖盘
13:42:54	13.44	0.02	44	60426	买盘
13:42:51	13.42	-0.01	41	55075	卖盘
13:42:48	13.43	0.01	20	26860	买盘
13:42:45	13.42	--	6	8052	卖盘
13:42:39	13.42	--	22	29524	卖盘
13:42:33	13.42	-0.01	50	67100	卖盘
13:42:30	13.43	0.01	13	17459	买盘
13:42:27	13.42	--	1	1342	卖盘
13:42:21	13.42	-0.01	4	5368	卖盘
13:42:18	13.43	0.01	3	4029	买盘
13:42:15	13.42	--	6	8052	卖盘
13:42:09	13.42	-0.03	8	10736	卖盘
13:42:03	13.45	--	3	4035	买盘
13:41:57	13.45	--	162	218535	卖盘
13:41:54	13.45	--	5	6725	卖盘
13:41:51	13.45	--	54	72630	卖盘
13:41:48	13.45	--	102	137190	卖盘
13:41:42	13.45	--	13	17485	卖盘
13:41:39	13.45	--	251	337595	卖盘
13:41:33	13.45	--	40	53800	卖盘
13:41:30	13.45	--	10	13450	卖盘
13:41:27	13.45	--	8	10760	卖盘
13:41:24	13.45	--	42	56490	卖盘
13:41:21	13.45	--	10	13450	卖盘
13:41:18	13.45	--	20	26900	卖盘
13:41:15	13.45	--	8	10760	卖盘
13:41:09	13.45	-0.02	28	37660	卖盘
13:41:06	13.47	--	100	134700	买盘
13:41:03	13.47	--	64	86208	卖盘
13:41:00	13.47	-0.01	118	158946	卖盘
13:40:57	13.48	--	110	148280	买盘
13:40:54	13.48	0.01	10	13480	买盘
13:40:51	13.47	--	50	67350	卖盘
13:40:48	13.47	--	22	29634	卖盘
13:40:45	13.47	--	108	145476	卖盘
13:40:42	13.47	--	138	185886	卖盘
13:40:39	13.47	--	3	4041	卖盘
13:40:36	13.47	--	1	1347	卖盘
13:40:33	13.47	-0.02	22	29634	卖盘
13:40:30	13.49	0.01	108	145692	买盘
13:40:27	13.48	--	5	6740	买盘
13:40:24	13.48	-0.02	28	37744	中性盘
13:40:18	13.5	0.02	35	47250	买盘
13:40:15	13.48	--	6	8088	卖盘
13:40:12	13.48	--	38	51224	卖盘
13:40:09	13.48	--	58	78184	卖盘
13:40:06	13.48	-0.02	20	26960	卖盘
13:40:03	13.5	--	196	264600	卖盘
13:40:00	13.5	--	303	409050	卖盘
13:39:57	13.5	-0.02	154	207900	卖盘
13:39:54	13.52	-0.01	82	110864	卖盘
13:39:51	13.53	0.01	6	8118	买盘
13:39:48	13.52	0.01	7	9464	买盘
13:39:45	13.51	0.01	134	181034	中性盘
13:39:42	13.5	-0.01	17	22950	卖盘
13:39:39	13.51	0.01	46	62146	买盘
13:39:36	13.5	--	66	89100	卖盘
13:39:33	13.5	--	33	44550	卖盘
13:39:30	13.5	0.01	2371	3200850	买盘
13:39:27	13.49	0.01	113	152437	买盘
13:39:24	13.48	-0.01	4	5392	卖盘
13:39:21	13.49	--	7	9443	买盘
13:39:18	13.49	0.01	500	674500	买盘
13:39:15	13.48	0.03	83	111884	买盘
13:39:12	13.45	-0.03	143	192335	卖盘
13:39:09	13.48	0.01	390	525720	买盘
13:39:06	13.47	0.01	20	26940	买盘
13:39:03	13.46	0.01	387	520902	买盘
13:39:00	13.45	--	270	363150	卖盘
13:38:57	13.45	--	10	13450	卖盘
13:38:54	13.45	0.03	2205	2966424	买盘
13:38:51	13.42	--	14	18788	卖盘
13:38:45	13.42	--	10	13420	卖盘
13:38:39	13.42	0.01	426	572980	买盘
13:38:36	13.41	-0.01	17	22797	卖盘
13:38:33	13.42	0.01	11	14762	买盘
13:38:30	13.41	--	330	442530	卖盘
13:38:27	13.41	--	338	453258	卖盘
13:38:24	13.41	--	8	10728	卖盘
13:38:21	13.41	--	80	107280	卖盘
13:38:18	13.41	0.01	174	233334	买盘
13:38:15	13.4	--	31	41540	卖盘
13:38:12	13.4	--	2	2680	卖盘
13:38:09	13.4	-0.01	13	17420	卖盘
13:38:06	13.41	0.01	20	26820	买盘
13:38:03	13.4	--	10	13400	卖盘
13:38:00	13.4	--	50	67000	卖盘
13:37:54	13.4	--	197	264676	买盘
13:37:45	13.4	0.01	1	1340	买盘
13:37:33	13.39	--	33	44187	卖盘
13:37:27	13.39	--	29	38831	卖盘
13:37:24	13.39	-0.01	31	41509	卖盘
13:37:15	13.4	--	27	36180	买盘
13:37:09	13.4	0.01	15	20100	买盘
13:37:06	13.39	-0.01	1	1339	卖盘
13:37:03	13.4	--	2	2680	买盘
13:36:57	13.4	--	5	6700	买盘
13:36:51	13.4	--	106	142683	卖盘
13:36:48	13.4	--	9	12060	卖盘
13:36:45	13.4	--	16	21440	卖盘
13:36:42	13.4	--	29	38860	卖盘
13:36:39	13.4	--	9	12060	卖盘
13:36:33	13.4	--	60	80400	卖盘
13:36:30	13.4	-0.01	214	286760	卖盘
13:36:27	13.41	0.01	54	72414	买盘
13:36:24	13.4	--	20	26800	卖盘
13:36:18	13.4	-0.01	20	26800	卖盘
13:36:15	13.41	--	5	6705	卖盘
13:36:12	13.41	--	30	40230	卖盘
13:36:09	13.41	-0.01	9	12069	卖盘
13:36:06	13.42	0.01	70	93940	买盘
13:36:03	13.41	--	2	2682	卖盘
13:36:00	13.41	--	37	49617	卖盘
13:35:57	13.41	--	136	182376	卖盘
13:35:54	13.41	-0.01	39	52299	卖盘
13:35:51	13.42	--	26	34892	买盘
13:35:48	13.42	--	30	40260	买盘
13:35:45	13.42	--	101	135542	买盘
13:35:42	13.42	--	36	48312	买盘
13:35:39	13.42	--	141	189222	买盘
13:35:36	13.42	0.01	107	143594	买盘
13:35:33	13.41	--	64	85824	卖盘
13:35:30	13.41	-0.01	10	13410	卖盘
13:35:27	13.42	--	26	34892	买盘
13:35:24	13.42	0.01	5	6710	买盘
13:35:21	13.41	--	19	25479	买盘
13:35:18	13.41	--	220	295020	买盘
13:35:15	13.41	--	206	276246	买盘
13:35:12	13.41	0.01	51	68391	买盘
13:35:09	13.4	--	24	32160	卖盘
13:35:03	13.4	--	69	92460	卖盘
13:35:00	13.4	--	5	6700	卖盘
13:34:57	13.4	--	1	1340	卖盘
13:34:54	13.4	--	14	18760	卖盘
13:34:51	13.4	--	16	21440	卖盘
13:34:48	13.4	0.03	2308	3093416	买盘
13:34:36	13.37	--	68	90916	买盘
13:34:33	13.37	0.01	32	42784	买盘
13:34:18	13.36	--	1	1336	卖盘
13:34:09	13.36	0.02	147	196392	买盘
13:33:51	13.34	-0.01	11	14674	卖盘
13:33:48	13.35	0.01	117	156195	买盘
13:33:45	13.34	--	5	6670	卖盘
13:33:27	13.34	--	10	13340	卖盘
13:33:21	13.34	0.01	12	16008	买盘
13:33:09	13.33	--	17	22661	卖盘
13:33:06	13.33	--	2	2666	卖盘
13:33:00	13.33	--	70	93310	卖盘
13:32:33	13.33	-0.01	40	53320	卖盘
13:32:24	13.34	0.01	142	190641	买盘
13:32:18	13.33	--	70	93310	卖盘
13:32:15	13.33	--	2	2666	卖盘
13:32:12	13.33	--	18	23994	卖盘
13:32:09	13.33	--	13	17329	卖盘
13:32:00	13.33	-0.01	3	3999	卖盘
13:31:51	13.34	--	5	6790	卖盘
13:31:48	13.34	--	3	4002	卖盘
13:31:39	13.34	-0.01	20	26680	卖盘
13:31:30	13.35	--	141	188235	卖盘
13:31:24	13.35	--	10	13350	卖盘
13:31:18	13.35	--	15	20025	卖盘
13:31:15	13.35	--	1069	1427115	卖盘
13:31:12	13.35	--	6	8010	卖盘
13:31:09	13.35	-0.01	13	17355	卖盘
13:31:03	13.36	--	2	2672	买盘
13:30:57	13.36	--	5	6680	买盘
13:30:54	13.36	-0.01	10	13360	买盘
13:30:30	13.37	0.01	77	102949	买盘
13:30:27	13.36	--	27	36072	卖盘
13:30:24	13.36	--	3	4008	卖盘
13:30:21	13.36	--	14	18704	卖盘
13:30:15	13.36	-0.01	4	5344	卖盘
13:30:00	13.37	0.01	13	17381	买盘
13:29:57	13.36	0.01	3	4008	中性盘
13:29:54	13.35	-0.01	157	209595	卖盘
13:29:51	13.36	--	13	17368	买盘
13:29:42	13.36	--	4	5344	买盘
13:29:39	13.36	--	14	18704	卖盘
13:29:36	13.36	-0.01	100	133600	卖盘
13:29:33	13.37	0.01	2	2674	买盘
13:29:27	13.36	--	9	12024	卖盘
13:29:24	13.36	--	6	8016	卖盘
13:29:21	13.36	--	5	6680	卖盘
13:29:09	13.36	-0.01	80	106880	卖盘
13:29:00	13.37	--	1	1337	卖盘
13:28:57	13.37	0.01	26	34762	买盘
13:28:54	13.36	-0.01	18	24048	卖盘
13:28:51	13.37	0.01	2	2674	买盘
13:28:48	13.36	--	26	34736	卖盘
13:28:42	13.36	--	2	2672	卖盘
13:28:39	13.36	--	28	37408	买盘
13:28:36	13.36	--	2	2672	买盘
13:28:33	13.36	--	30	40080	买盘
13:28:30	13.36	--	18	24048	买盘
13:28:27	13.36	--	10	13360	买盘
13:28:18	13.36	0.01	69	92184	买盘
13:28:12	13.35	-0.01	11	14685	卖盘
13:28:09	13.36	--	17	22712	买盘
13:28:06	13.36	-0.04	4	5344	卖盘
13:28:03	13.4	0.04	13	17420	买盘
13:28:00	13.36	-0.04	6	8016	卖盘
13:27:54	13.4	-0.01	156	209683	卖盘
13:27:51	13.41	0.01	342	458622	买盘
13:27:48	13.4	--	40	53600	卖盘
13:27:42	13.4	--	40	53600	卖盘
13:27:39	13.4	-0.01	8	10720	卖盘
13:27:36	13.41	0.01	15	20115	买盘
13:27:27	13.4	--	5	6700	卖盘
13:27:24	13.4	-0.01	425	569500	卖盘
13:27:21	13.41	--	3	4023	买盘
13:27:18	13.41	--	64	85824	卖盘
13:27:15	13.41	--	30	40230	卖盘
13:27:12	13.41	--	17	22797	卖盘
13:27:09	13.41	--	53	71073	卖盘
13:27:06	13.41	0.01	17	22797	中性盘
13:27:03	13.4	--	280	375200	卖盘
13:27:00	13.4	--	48	64320	卖盘
13:26:57	13.4	--	1	1340	卖盘
13:26:54	13.4	-0.01	49	65660	卖盘
13:26:51	13.41	--	40	53640	买盘
13:26:48	13.41	--	10	13410	买盘
13:26:45	13.41	--	16	21456	买盘
13:26:39	13.41	0.01	40	53640	买盘
13:26:36	13.4	--	12	16080	卖盘
13:26:33	13.4	--	15	20100	卖盘
13:26:30	13.4	--	91	121940	卖盘
13:26:27	13.4	0.05	2468	3307816	买盘
13:26:24	13.35	--	6	8010	买盘
13:26:21	13.35	0.01	3	4005	买盘
13:26:18	13.34	-0.01	55	73370	卖盘
13:26:12	13.35	0.01	8	10680	买盘
13:26:09	13.34	-0.01	21	28014	卖盘
13:26:03	13.35	0.01	122	164084	买盘
13:26:00	13.34	0.01	4	5336	中性盘
13:25:54	13.33	--	104	138632	卖盘
13:25:51	13.33	-0.02	15	19995	卖盘
13:25:48	13.35	0.02	500	667500	买盘
13:25:45	13.33	--	10	13330	卖盘
13:25:36	13.33	--	16	21328	卖盘
13:25:33	13.33	--	12	15996	卖盘
13:25:18	13.33	0.02	118	157294	买盘
13:25:15	13.31	--	18	23958	卖盘
13:25:09	13.31	--	12	15972	卖盘
13:25:03	13.31	0.01	150	199650	买盘
13:24:48	13.3	0.04	764	1016120	买盘
13:24:27	13.26	--	187	247962	买盘
13:24:24	13.26	0.01	5	6630	买盘
13:24:12	13.25	--	7	9275	卖盘
13:24:06	13.25	--	20	26500	卖盘
13:23:57	13.25	0.01	339	449175	买盘
13:23:51	13.24	-0.01	15	19860	卖盘
13:23:48	13.25	0.01	3	3975	买盘
13:23:45	13.24	--	30	39720	卖盘
13:23:33	13.24	0.01	155	205220	买盘
13:23:24	13.23	-0.01	12	15876	卖盘
13:23:18	13.24	0.01	1	1324	买盘
13:23:12	13.23	--	12	15876	卖盘
13:23:09	13.23	--	7	9261	卖盘
13:23:06	13.23	--	10	13230	卖盘
13:23:03	13.23	--	10	13230	卖盘
13:22:48	13.23	--	15	19845	卖盘
13:22:45	13.23	--	13	17199	卖盘
13:22:39	13.23	--	2	2646	卖盘
13:22:36	13.23	--	2	2646	卖盘
13:22:18	13.23	-0.01	2	2646	卖盘
13:22:12	13.24	0.01	34	45016	买盘
13:22:09	13.23	-0.01	12	15876	卖盘
13:22:03	13.24	--	50	66200	买盘
13:21:57	13.24	--	6	7944	买盘
13:21:54	13.24	0.01	5	6620	买盘
13:21:27	13.23	-0.01	4	5292	卖盘
13:21:21	13.24	-0.01	11	14564	卖盘
13:21:18	13.25	0.01	10	13250	买盘
13:21:12	13.24	--	6	7944	卖盘
13:21:09	13.24	-0.01	13	17212	中性盘
13:20:54	13.25	0.01	28	37100	买盘
13:20:42	13.24	-0.01	60	79440	卖盘
13:20:30	13.25	0.01	20	26500	买盘
13:20:27	13.24	--	5	6620	卖盘
13:20:24	13.24	--	100	132400	卖盘
13:20:21	13.24	--	20	26480	卖盘
13:20:12	13.24	--	6	7944	卖盘
13:20:09	13.24	--	17	22508	卖盘
13:19:51	13.24	--	2	2648	卖盘
13:19:42	13.24	--	3	3972	卖盘
13:19:36	13.24	--	2	2648	卖盘
13:19:18	13.24	--	2	2648	卖盘
13:19:12	13.24	--	20	26480	卖盘
13:19:09	13.24	--	7	9268	卖盘
13:18:57	13.24	--	27	35748	买盘
13:18:45	13.24	0.01	9	11916	买盘
13:18:42	13.23	--	21	27783	卖盘
13:18:39	13.23	--	2	2646	卖盘
13:18:30	13.23	-0.01	5	6615	卖盘
13:18:24	13.24	--	20	26480	买盘
13:17:54	13.24	0.01	10	13240	买盘
13:17:51	13.23	-0.01	5	6615	卖盘
13:17:42	13.24	0.01	50	66200	买盘
13:17:12	13.23	--	7	9261	卖盘
13:17:09	13.23	--	19	25137	买盘
13:17:06	13.23	--	15	19845	买盘
13:17:03	13.23	0.01	35	46305	买盘
13:16:57	13.22	--	20	26440	卖盘
13:16:51	13.22	0.01	204	269688	买盘
13:16:36	13.21	--	2	2642	卖盘
13:16:30	13.21	--	13	17173	卖盘
13:16:21	13.21	-0.01	100	132100	卖盘
13:16:15	13.22	0.01	7	9254	买盘
13:16:12	13.21	--	12	15852	卖盘
13:16:09	13.21	--	14	18494	卖盘
13:15:51	13.21	-0.01	20	26420	卖盘
13:15:36	13.22	--	23	30406	卖盘
13:15:33	13.22	--	13	17186	卖盘
13:15:30	13.22	--	10	13220	卖盘
13:15:24	13.22	--	4	5288	卖盘
13:15:15	13.22	--	50	66100	卖盘
13:15:12	13.22	--	6	7932	卖盘
13:15:09	13.22	--	27	35694	卖盘
13:14:54	13.22	--	1	1322	卖盘
13:14:48	13.22	--	8	10576	卖盘
13:14:27	13.22	--	149	196978	卖盘
13:14:18	13.22	--	5	6610	卖盘
13:14:12	13.22	--	6	7932	卖盘
13:14:09	13.22	--	7	9254	卖盘
13:14:06	13.22	--	5	6610	卖盘
13:14:00	13.22	-0.01	1	1322	卖盘
13:13:51	13.23	--	70	92610	买盘
13:13:36	13.23	--	14	18522	卖盘
13:13:27	13.23	--	20	26460	卖盘
13:13:24	13.23	--	50	66150	卖盘
13:13:15	13.23	--	180	238140	卖盘
13:13:12	13.23	--	6	7938	卖盘
13:13:09	13.23	--	7	9261	卖盘
13:13:06	13.23	-0.01	36	47628	卖盘
13:12:57	13.24	0.01	10	13240	买盘
13:12:54	13.23	--	5	6615	卖盘
13:12:45	13.23	--	78	103194	卖盘
13:12:42	13.23	-0.01	5	6615	卖盘
13:12:39	13.24	0.01	4	5296	买盘
13:12:30	13.23	--	70	92610	卖盘
13:12:27	13.23	--	12	15876	卖盘
13:12:18	13.23	--	5	6615	卖盘
13:12:15	13.23	--	3	3969	卖盘
13:12:12	13.23	--	6	7938	卖盘
13:12:09	13.23	-0.01	7	9261	卖盘
13:12:00	13.24	--	5	6620	买盘
13:11:57	13.24	0.01	5	6620	买盘
13:11:54	13.23	-0.01	30	39690	卖盘
13:11:51	13.24	--	9	11916	买盘
13:11:39	13.24	--	10	13240	买盘
13:11:36	13.24	0.01	17	22508	买盘
13:11:33	13.23	--	7	9261	卖盘
13:11:27	13.23	-0.01	2	2646	卖盘
13:10:54	13.24	0.01	113	149612	买盘
13:10:27	13.23	--	1	1323	卖盘
13:10:06	13.23	--	12	15876	买盘
13:09:54	13.23	--	11	14553	卖盘
13:09:45	13.23	-0.01	17	22491	卖盘
13:09:42	13.24	0.01	10	13240	买盘
13:09:39	13.23	--	3	3969	卖盘
13:09:21	13.23	--	11	14553	卖盘
13:09:09	13.23	--	7	9261	卖盘
13:09:06	13.23	--	6	7938	卖盘
13:09:03	13.23	--	5	6615	卖盘
13:09:00	13.23	-0.01	2	2646	卖盘
13:08:57	13.24	0.01	12	15888	买盘
13:08:48	13.23	-0.01	10	13230	卖盘
13:08:45	13.24	0.01	2	2648	买盘
13:08:42	13.23	--	25	33075	卖盘
13:08:30	13.23	--	43	56889	卖盘
13:08:21	13.23	--	5	6615	卖盘
13:08:15	13.23	--	15	19845	卖盘
13:08:09	13.23	--	7	9261	卖盘
13:08:03	13.23	-0.01	6	7938	卖盘
13:07:39	13.24	0.01	2	2648	买盘
13:07:36	13.23	--	33	43659	卖盘
13:07:33	13.23	--	16	21168	卖盘
13:07:27	13.23	-0.01	8	10584	卖盘
13:07:24	13.24	0.01	20	26480	买盘
13:07:12	13.23	--	22	29106	卖盘
13:07:09	13.23	--	12	15876	卖盘
13:07:06	13.23	-0.01	6	7938	卖盘
13:07:03	13.24	--	50	66200	买盘
13:07:00	13.24	0.01	2	2648	买盘
13:06:45	13.23	--	10	13230	卖盘
13:06:36	13.23	--	5	6615	卖盘
13:06:30	13.23	--	13	17199	卖盘
13:06:18	13.23	--	20	26460	卖盘
13:06:12	13.23	--	26	34398	卖盘
13:06:09	13.23	--	7	9261	卖盘
13:06:06	13.23	--	6	7938	卖盘
13:06:03	13.23	0.01	8	10584	买盘
13:05:45	13.22	-0.01	5	6610	卖盘
13:05:42	13.23	--	21	27783	买盘
13:05:36	13.23	--	21	27783	买盘
13:05:30	13.23	0.01	22	29106	买盘
13:05:27	13.22	--	102	134844	卖盘
13:05:24	13.22	-0.01	2	2644	卖盘
13:05:18	13.23	--	3	3969	买盘
13:04:51	13.23	--	2	2646	买盘
13:04:45	13.23	-0.01	5	6615	卖盘
13:04:30	13.24	0.01	5	6620	买盘
13:04:27	13.23	0.01	5	6615	买盘
13:04:24	13.22	-0.01	5	6610	卖盘
13:04:18	13.23	--	14	18522	卖盘
13:04:15	13.23	-0.01	3	3969	卖盘
13:04:09	13.24	0.01	12	15888	买盘
13:04:03	13.23	--	9	11907	卖盘
13:03:54	13.23	--	10	13230	卖盘
13:03:39	13.23	--	31	41013	买盘
13:03:36	13.23	--	7	9261	买盘
13:03:21	13.23	--	1	1323	买盘
13:03:09	13.23	0.01	15	19845	买盘
13:02:57	13.22	0.01	49	64778	买盘
13:02:45	13.21	--	9	11889	卖盘
13:02:27	13.21	--	5	6605	卖盘
13:02:21	13.21	-0.01	20	26420	卖盘
13:02:09	13.22	--	14	18508	卖盘
13:02:00	13.22	--	10	13220	卖盘
13:01:57	13.22	--	38	50236	卖盘
13:01:51	13.22	--	1	1322	买盘
13:01:48	13.22	0.01	1	1322	买盘
13:01:45	13.21	--	2	2642	卖盘
13:01:39	13.21	-0.01	77	101717	卖盘
13:01:36	13.22	0.01	7	9254	买盘
13:01:24	13.21	--	25	33025	买盘
13:01:15	13.21	0.01	8	10568	买盘
13:01:12	13.2	--	6	7920	卖盘
13:01:09	13.2	--	7	9240	卖盘
13:00:42	13.2	0.01	190	251961	买盘
13:00:33	13.19	--	6	7914	卖盘
13:00:27	13.19	-0.01	5	6595	中性盘
13:00:09	13.2	0.01	38	50160	买盘
13:00:06	13.19	--	112	147728	卖盘
13:00:03	13.19	--	0	0	卖盘
11:30:03	13.19	--	0	0	卖盘
11:29:57	13.19	--	4	5276	买盘
11:29:36	13.19	-0.01	21	27699	卖盘
11:29:24	13.2	--	24	31680	买盘
11:29:15	13.2	0.01	3	3960	买盘
11:28:57	13.19	--	7	9233	卖盘
11:28:54	13.19	--	17	22423	买盘
11:28:39	13.19	--	12	15828	买盘
11:28:27	13.19	0.01	2	2638	买盘
11:28:21	13.18	--	20	26360	卖盘
11:28:15	13.18	--	6	7908	卖盘
11:28:09	13.18	--	6	7908	卖盘
11:27:57	13.18	--	100	131800	卖盘
11:27:45	13.18	--	5	6590	卖盘
11:27:39	13.18	-0.01	30	39540	卖盘
11:27:36	13.19	-0.01	1	1319	中性盘
11:27:12	13.2	--	54	71280	买盘
11:26:54	13.2	--	3	3960	买盘
11:26:51	13.2	--	400	528000	买盘
11:26:45	13.2	0.02	7	9240	买盘
11:26:42	13.18	-0.02	5	6590	卖盘
11:26:36	13.2	0.03	6	7920	买盘
11:26:30	13.17	-0.02	20	26340	卖盘
11:26:27	13.19	--	50	65950	买盘
11:26:21	13.19	0.01	5	6595	买盘
11:26:18	13.18	--	6	7908	买盘
11:26:12	13.18	--	5	6590	买盘
11:26:09	13.18	0.01	2	2636	中性盘
11:25:57	13.17	-0.01	40	52680	卖盘
11:25:48	13.18	0.01	17	22406	买盘
11:25:45	13.17	--	5	6585	卖盘
11:25:39	13.17	--	3	3951	卖盘
11:25:33	13.17	--	2	2634	卖盘
11:25:24	13.17	--	10	13170	卖盘
11:25:06	13.17	--	25	32925	卖盘
11:24:57	13.17	--	5	6585	卖盘
11:24:51	13.17	--	5	6585	卖盘
11:24:45	13.17	--	8	10536	卖盘
11:24:39	13.17	--	10	13170	卖盘
11:24:24	13.17	--	27	35559	买盘
11:24:15	13.17	-0.01	3	3951	卖盘
11:24:12	13.18	0.02	17	22406	买盘
11:24:09	13.16	--	8	10528	卖盘
11:24:06	13.16	--	5	6580	卖盘
11:24:00	13.16	-0.01	41	53956	卖盘
11:23:54	13.17	0.01	74	97458	买盘
11:23:36	13.16	-0.01	3	3948	卖盘
11:23:33	13.17	0.01	2	2634	买盘
11:23:24	13.16	--	24	31584	卖盘
11:23:18	13.16	--	20	26320	卖盘
11:23:15	13.16	-0.01	11	14476	卖盘
11:23:09	13.17	0.01	20	26340	买盘
11:23:06	13.16	--	3	3948	卖盘
11:22:54	13.16	--	40	52640	卖盘
11:22:48	13.16	--	19	25004	卖盘
11:22:45	13.16	--	1	1316	卖盘
11:22:42	13.16	--	3	3948	卖盘
11:22:39	13.16	--	20	26320	卖盘
11:22:36	13.16	--	2	2632	卖盘
11:22:15	13.16	-0.01	12	15792	卖盘
11:22:09	13.17	0.01	26	34242	买盘
11:22:06	13.16	--	8	10528	买盘
11:22:03	13.16	--	4	5264	买盘
11:22:00	13.16	--	3	3948	买盘
11:21:57	13.16	--	11	14476	卖盘
11:21:54	13.16	--	15	19740	卖盘
11:21:51	13.16	--	2	2632	买盘
11:21:48	13.16	--	5	6580	买盘
11:21:42	13.16	--	32	42112	卖盘
11:21:24	13.16	--	14	18424	卖盘
11:21:21	13.16	--	26	34216	卖盘
11:21:18	13.16	--	6	7896	卖盘
11:21:15	13.16	--	11	14476	卖盘
11:21:09	13.16	--	7	9212	卖盘
11:20:57	13.16	--	10	13160	卖盘
11:20:54	13.16	-0.01	50	65800	卖盘
11:20:48	13.17	--	13	17121	卖盘
11:20:45	13.17	-0.01	3	3951	卖盘
11:20:39	13.18	0.01	19	25042	买盘
11:20:36	13.17	--	14	18438	卖盘
11:20:27	13.17	--	60	79020	卖盘
11:20:24	13.17	--	4	5268	卖盘
11:20:21	13.17	-0.01	29	38193	卖盘
11:20:15	13.18	0.01	3	3954	买盘
11:20:09	13.17	-0.01	7	9219	卖盘
11:20:06	13.18	0.01	74	97532	买盘
11:20:00	13.17	--	2	2634	卖盘
11:19:51	13.17	-0.01	5	6585	卖盘
11:19:45	13.18	--	1	1318	买盘
11:19:42	13.18	0.01	4	5272	买盘
11:19:36	13.17	-0.01	16	21072	卖盘
11:19:33	13.18	0.01	3	3954	买盘
11:19:21	13.17	--	24	31608	卖盘
11:19:12	13.17	-0.03	7	9219	中性盘
11:19:06	13.2	--	4	5280	买盘
11:19:00	13.2	0.03	10	13200	买盘
11:18:57	13.17	-0.03	106	139602	卖盘
11:18:33	13.2	-0.01	42	55598	卖盘
11:18:30	13.21	0.01	7	9247	买盘
11:18:27	13.2	--	9	11880	卖盘
11:18:21	13.2	-0.01	40	52800	卖盘
11:18:12	13.21	0.01	4	5284	中性盘
11:18:06	13.2	--	0	13	卖盘
11:17:54	13.2	0.01	69	91080	买盘
11:17:48	13.19	-0.01	39	51441	卖盘
11:17:45	13.2	--	2	2640	买盘
11:17:24	13.2	0.01	100	132000	买盘
11:17:21	13.19	--	27	35613	卖盘
11:17:15	13.19	-0.01	16	21104	卖盘
11:17:12	13.2	0.01	26	34320	买盘
11:17:09	13.19	--	10	13190	卖盘
11:16:54	13.19	-0.01	66	87054	卖盘
11:16:51	13.2	0.01	11	14520	中性盘
11:16:33	13.19	--	24	31656	卖盘
11:16:21	13.19	-0.01	29	38251	卖盘
11:16:15	13.2	--	6	7920	卖盘
11:16:12	13.2	--	10	13200	卖盘
11:16:09	13.2	--	211	279668	买盘
11:16:06	13.2	0.01	14	18480	买盘
11:16:00	13.19	-0.01	30	39570	卖盘
11:15:54	13.2	--	21	27720	买盘
11:15:51	13.2	0.01	2	2640	买盘
11:15:45	13.19	-0.01	102	134538	卖盘
11:15:42	13.2	0.01	15	19800	买盘
11:15:21	13.19	--	67	88373	买盘
11:15:12	13.19	0.01	30	39570	买盘
11:15:03	13.18	-0.01	78	102804	卖盘
11:15:00	13.19	--	16	21104	卖盘
11:14:57	13.19	0.01	17	22423	买盘
11:14:51	13.18	-0.01	5	6590	卖盘
11:14:36	13.19	0.01	10	13190	买盘
11:14:33	13.18	-0.01	6	7908	卖盘
11:14:27	13.19	--	97	127943	卖盘
11:14:24	13.19	--	105	138495	卖盘
11:14:21	13.19	--	24	31656	卖盘
11:14:15	13.19	--	15	19785	卖盘
11:14:06	13.19	--	20	26380	卖盘
11:14:00	13.19	-0.01	16	21104	卖盘
11:13:57	13.2	0.01	5	6600	买盘
11:13:54	13.19	-0.01	9	11871	卖盘
11:13:51	13.2	--	5	6600	买盘
11:13:42	13.2	--	1074	1417851	卖盘
11:13:36	13.2	--	15	19800	卖盘
11:13:33	13.2	-0.01	14	18480	卖盘
11:13:27	13.21	--	5	6605	买盘
11:13:24	13.21	0.01	10	13210	买盘
11:13:21	13.2	-0.01	34	44880	卖盘
11:13:15	13.21	0.01	158	208718	买盘
11:13:09	13.2	-0.01	6	7920	卖盘
11:13:00	13.21	--	50	66050	买盘
11:12:57	13.21	0.01	60	79260	买盘
11:12:54	13.2	-0.01	15	19800	卖盘
11:12:51	13.21	--	65	85865	买盘
11:12:39	13.21	0.01	95	125495	中性盘
11:12:24	13.2	--	12	15840	卖盘
11:12:21	13.2	-0.01	24	31680	卖盘
11:12:15	13.21	0.01	79	104359	买盘
11:12:12	13.2	-0.01	25	33000	卖盘
11:12:09	13.21	0.01	54	71334	买盘
11:12:03	13.2	--	128	168960	卖盘
11:12:00	13.2	--	10	13200	卖盘
11:11:54	13.2	--	225	297000	卖盘
11:11:51	13.2	--	20	26400	卖盘
11:11:48	13.2	--	10	13200	卖盘
11:11:45	13.2	--	6	7920	卖盘
11:11:42	13.2	--	49	64680	卖盘
11:11:39	13.2	--	33	43560	卖盘
11:11:33	13.2	--	17	22440	卖盘
11:11:30	13.2	--	10	13200	卖盘
11:11:27	13.2	--	260	343200	卖盘
11:11:24	13.2	--	5	6600	卖盘
11:11:21	13.2	--	35	46200	卖盘
11:11:18	13.2	--	61	80520	卖盘
11:11:12	13.2	--	24	31680	卖盘
11:11:06	13.2	-0.01	60	79200	卖盘
11:11:03	13.21	--	77	101717	买盘
11:11:00	13.21	--	39	51519	买盘
11:10:54	13.21	--	74	97754	卖盘
11:10:51	13.21	--	9	11889	卖盘
11:10:45	13.21	--	55	73077	卖盘
11:10:42	13.21	--	11	14531	卖盘
11:10:39	13.21	--	129	171307	卖盘
11:10:27	13.21	-0.01	133	175693	卖盘
11:10:21	13.22	0.01	2	2644	卖盘
11:10:18	13.21	-0.01	494	652574	卖盘
11:10:15	13.22	-0.01	5	6610	卖盘
11:10:09	13.23	0.01	1	1323	中性盘
11:10:03	13.22	-0.01	71	93862	卖盘
11:10:00	13.23	--	19	25137	卖盘
11:09:57	13.23	-0.01	32	42336	卖盘
11:09:42	13.24	-0.01	179	236996	卖盘
11:09:36	13.25	0.01	1	1325	买盘
11:09:21	13.24	--	24	31776	卖盘
11:09:03	13.24	-0.01	21	27804	卖盘
11:08:57	13.25	--	1	1325	买盘
11:08:30	13.25	0.01	96	127200	买盘
11:08:24	13.24	--	7	9268	卖盘
11:08:21	13.24	--	30	39720	卖盘
11:08:15	13.24	--	21	27804	卖盘
11:07:33	13.24	--	87	115188	卖盘
11:07:30	13.24	0.01	123	162852	买盘
11:07:21	13.23	--	69	91287	买盘
11:07:15	13.23	--	1	1323	买盘
11:07:00	13.23	--	2	2646	买盘
11:06:54	13.23	--	31	41013	买盘
11:06:48	13.23	--	51	67473	买盘
11:06:39	13.23	0.01	1	1323	买盘
11:06:36	13.22	-0.01	400	528800	卖盘
11:06:33	13.23	--	5	6615	卖盘
11:06:30	13.23	--	13	17199	卖盘
11:06:27	13.23	-0.01	24	31752	卖盘
11:06:24	13.24	0.01	3	3972	买盘
11:06:12	13.23	-0.01	174	230202	卖盘
11:06:09	13.24	--	3	3972	卖盘
11:06:03	13.24	-0.01	2	2648	卖盘
11:06:00	13.25	--	20	26500	买盘
11:05:54	13.25	--	2	2650	买盘
11:05:42	13.25	0.01	25	33125	买盘
11:05:39	13.24	--	6	7944	卖盘
11:05:36	13.24	-0.01	28	37350	卖盘
11:05:33	13.25	--	14	19596	买盘
11:05:21	13.25	0.01	4	5300	中性盘
11:05:18	13.24	-0.02	776	1027424	卖盘
11:05:09	13.26	0.01	1	1326	买盘
11:05:06	13.25	-0.01	8	10600	卖盘
11:04:57	13.26	--	2	2652	买盘
11:04:45	13.26	--	6	7956	买盘
11:04:42	13.26	0.01	1	1326	买盘
11:04:36	13.25	--	5	6625	卖盘
11:04:33	13.25	-0.01	10	13250	卖盘
11:04:30	13.26	--	20	26520	买盘
11:04:24	13.26	0.01	4	5304	买盘
11:04:21	13.25	-0.01	24	31800	卖盘
11:04:15	13.26	--	82	108732	买盘
11:04:12	13.26	0.01	3	3978	买盘
11:04:09	13.25	-0.01	23	30475	卖盘
11:04:03	13.26	0.01	2	2652	买盘
11:03:57	13.25	--	8	10600	卖盘
11:03:21	13.25	--	2	2650	卖盘
11:03:12	13.25	-0.01	8	10600	卖盘
11:02:57	13.26	0.01	8	10608	买盘
11:02:54	13.25	--	139	184175	中性盘
11:02:42	13.25	-0.01	5	6625	中性盘
11:02:36	13.26	0.01	30	39780	买盘
11:02:27	13.25	-0.01	3	3975	卖盘
11:02:24	13.26	0.01	40	53040	买盘
11:02:21	13.25	--	6	7950	卖盘
11:02:18	13.25	--	105	139125	卖盘
11:02:12	13.25	--	23	30475	卖盘
11:02:09	13.25	--	33	43725	卖盘
11:02:00	13.25	--	5	6625	卖盘
11:01:51	13.25	--	10	13250	卖盘
11:01:48	13.25	-0.01	4	5300	卖盘
11:01:42	13.26	0.01	3	3978	买盘
11:01:36	13.25	--	1	1325	卖盘
11:01:33	13.25	-0.01	7	9275	卖盘
11:01:30	13.26	0.01	46	60996	买盘
11:01:09	13.25	-0.01	28	37100	卖盘
11:01:06	13.26	--	27	35802	买盘
11:01:00	13.26	--	58	76908	卖盘
11:00:48	13.26	-0.01	6	7956	卖盘
11:00:45	13.27	0.01	7	9289	买盘
11:00:42	13.26	--	23	30498	卖盘
11:00:36	13.26	--	8	10608	卖盘
11:00:33	13.26	--	12	15912	卖盘
11:00:30	13.26	--	55	72930	卖盘
11:00:24	13.26	--	1	1326	卖盘
11:00:12	13.26	--	173	229398	卖盘
11:00:03	13.26	--	30	39780	卖盘
10:59:33	13.26	--	5	6630	卖盘
10:59:09	13.26	--	23	30498	卖盘
10:59:06	13.26	--	25	33150	卖盘
10:58:57	13.26	--	8	10608	卖盘
10:58:51	13.26	--	10	13260	卖盘
10:58:33	13.26	-0.01	6	7956	卖盘
10:58:30	13.27	0.01	4	5308	买盘
10:58:27	13.26	-0.01	25	33150	卖盘
10:58:24	13.27	--	15	19905	买盘
10:58:21	13.27	0.01	16	21232	买盘
10:58:12	13.26	--	23	30498	卖盘
10:58:09	13.26	-0.01	3	3978	卖盘
10:58:06	13.27	0.01	2	2654	买盘
10:58:03	13.26	-0.01	16	21216	卖盘
10:57:57	13.27	0.01	30	39810	买盘
10:57:54	13.26	--	166	220116	卖盘
10:57:48	13.26	--	2	2652	卖盘
10:57:36	13.26	-0.01	7	9282	卖盘
10:57:30	13.27	--	16	21232	买盘
10:57:27	13.27	0.01	32	42464	买盘
10:57:15	13.26	--	6	7956	卖盘
10:57:09	13.26	--	23	30498	卖盘
10:56:33	13.26	-0.01	21	27846	卖盘
10:56:24	13.27	--	2	2654	买盘
10:56:21	13.27	--	38	50426	卖盘
10:56:18	13.27	--	64	84928	卖盘
10:56:12	13.27	--	63	83601	卖盘
10:56:09	13.27	-0.01	10	13270	卖盘
10:56:06	13.28	--	8	10624	买盘
10:55:54	13.28	--	28	37184	买盘
10:55:51	13.28	--	51	67728	买盘
10:55:42	13.28	--	3	3984	买盘
10:55:36	13.28	--	12	15936	卖盘
10:55:30	13.28	--	55	73040	卖盘
10:55:21	13.28	--	5	6640	卖盘
10:55:09	13.28	--	23	30544	卖盘
10:54:54	13.28	--	10	13280	卖盘
10:54:48	13.28	--	10	13280	卖盘
10:54:45	13.28	-0.01	1	1328	卖盘
10:54:42	13.29	0.01	16	21264	买盘
10:54:33	13.28	-0.01	4	5312	卖盘
10:54:27	13.29	--	9	11961	买盘
10:54:24	13.29	0.01	15	19935	买盘
10:54:18	13.28	--	65	86320	卖盘
10:54:15	13.28	--	5	6640	卖盘
10:54:09	13.28	--	12	15936	卖盘
10:54:06	13.28	-0.01	50	66400	卖盘
10:54:00	13.29	--	26	34554	买盘
10:53:54	13.29	0.01	17	22593	买盘
10:53:51	13.28	0.01	29	38512	买盘
10:53:48	13.27	-0.01	20	26540	卖盘
10:53:42	13.28	--	2	2656	买盘
10:53:39	13.28	0.01	20	26560	买盘
10:53:33	13.27	--	2	2654	卖盘
10:53:24	13.27	--	5	6635	卖盘
10:53:21	13.27	0.01	23	30521	买盘
10:53:12	13.26	--	10	13260	卖盘
10:53:09	13.26	-0.02	5	6630	卖盘
10:53:06	13.28	--	25	33200	买盘
10:53:03	13.28	0.01	16	21248	买盘
10:52:54	13.27	0.01	4	5308	中性盘
10:52:45	13.26	-0.01	5	6630	卖盘
10:52:42	13.27	--	2	2654	买盘
10:52:33	13.27	0.01	50	66350	中性盘
10:52:18	13.26	-0.02	55	72930	卖盘
10:52:15	13.28	0.01	15	19920	买盘
10:52:12	13.27	-0.01	13	17251	卖盘
10:52:06	13.28	--	10	13280	买盘
10:51:54	13.28	0.01	3	3984	买盘
10:51:51	13.27	-0.01	3	3981	卖盘
10:51:48	13.28	--	27	35856	买盘
10:51:45	13.28	--	26	34528	买盘
10:51:30	13.28	0.01	21	27888	买盘
10:51:24	13.27	--	26	34502	买盘
10:51:21	13.27	--	187	248149	卖盘
10:51:18	13.27	--	61	80947	卖盘
10:51:09	13.27	-0.01	23	30521	卖盘
10:50:48	13.28	--	8	10624	买盘
10:50:42	13.28	-0.01	12	15936	卖盘
10:50:12	13.29	--	26	34554	买盘
10:50:06	13.29	--	35	46515	买盘
10:49:57	13.29	0.01	1	1329	买盘
10:49:45	13.28	-0.01	6	7968	卖盘
10:49:39	13.29	--	14	18606	卖盘
10:49:18	13.29	-0.01	20	26580	卖盘
10:49:15	13.3	--	6	7980	买盘
10:48:48	13.3	0.01	11	14630	买盘
10:48:33	13.29	-0.01	22	29237	卖盘
10:48:30	13.3	--	14	18620	买盘
10:48:18	13.3	0.01	33	43890	买盘
10:48:09	13.29	--	23	30566	卖盘
10:48:06	13.29	--	43	57146	买盘
10:48:03	13.29	--	3	3986	买盘
10:48:00	13.29	0.01	35	46515	买盘
10:47:48	13.28	-0.01	6	7968	卖盘
10:47:24	13.29	--	4	5316	买盘
10:47:21	13.29	--	3	3986	买盘
10:47:18	13.29	-0.01	10	13290	中性盘
10:47:15	13.3	--	10	13300	买盘
10:47:06	13.3	--	150	199500	买盘
10:46:48	13.3	--	17	22610	买盘
10:46:45	13.3	0.02	4	5320	买盘
10:46:42	13.28	-0.01	102	135456	卖盘
10:46:27	13.29	--	5	6645	卖盘
10:46:24	13.29	--	16	21264	卖盘
10:46:15	13.29	--	89	118945	买盘
10:46:12	13.29	0.01	2	2658	买盘
10:46:09	13.28	-0.01	12	15936	卖盘
10:46:06	13.29	0.01	100	132900	买盘
10:46:03	13.28	--	11	14608	卖盘
10:45:54	13.28	--	5	6640	卖盘
10:45:39	13.28	--	10	13280	卖盘
10:45:36	13.28	--	83	110224	买盘
10:45:33	13.28	--	20	26560	买盘
10:45:30	13.28	--	1	1328	买盘
10:45:18	13.28	0.01	11	14608	买盘
10:45:15	13.27	--	1	1327	卖盘
10:45:06	13.27	-0.02	10	13270	卖盘
10:45:00	13.29	0.02	200	265800	买盘
10:44:48	13.27	--	5	6635	卖盘
10:44:45	13.27	-0.01	3	3981	卖盘
10:44:36	13.28	--	451	598928	卖盘
10:44:33	13.28	--	100	132800	卖盘
10:44:12	13.28	-0.01	23	30544	卖盘
10:44:09	13.29	--	43	57146	买盘
10:44:06	13.29	--	9	11961	买盘
10:43:54	13.29	--	10	13290	买盘
10:43:48	13.29	0.01	5	6645	买盘
10:43:39	13.28	-0.01	12	15936	卖盘
10:43:36	13.29	--	6	7973	买盘
10:43:30	13.29	0.01	25	33225	买盘
10:43:27	13.28	-0.01	5	6640	卖盘
10:43:24	13.29	--	10	13290	买盘
10:43:18	13.29	0.01	20	26580	买盘
10:43:12	13.28	--	2	2656	卖盘
10:42:57	13.28	--	5	6640	卖盘
10:42:54	13.28	--	1	1328	卖盘
10:42:51	13.28	--	4	5312	卖盘
10:42:42	13.28	--	115	152720	卖盘
10:42:39	13.28	--	3	3984	买盘
10:42:33	13.28	0.01	10	13280	买盘
10:42:30	13.27	-0.01	3	3981	卖盘
10:42:24	13.28	0.01	16	21248	买盘
10:42:18	13.27	--	50	66350	卖盘
10:42:09	13.27	--	30	39810	卖盘
10:42:06	13.27	--	23	30521	卖盘
10:42:03	13.27	0.01	179	237533	买盘
10:41:51	13.26	-0.01	10	13260	中性盘
10:41:48	13.27	0.01	556	737812	买盘
10:41:39	13.26	--	50	66300	买盘
10:41:33	13.26	--	63	83538	卖盘
10:41:24	13.26	--	1	1326	卖盘
10:41:21	13.26	--	15	19890	卖盘
10:41:15	13.26	--	5	6630	卖盘
10:41:09	13.26	-0.01	23	30498	卖盘
10:41:03	13.27	0.01	10	13270	买盘
10:40:54	13.26	--	10	13260	卖盘
10:40:51	13.26	--	58	76908	卖盘
10:40:48	13.26	--	100	132600	卖盘
10:40:42	13.26	--	50	66300	卖盘
10:40:39	13.26	-0.01	20	26520	卖盘
10:40:33	13.27	--	10	13270	买盘
10:40:18	13.27	0.01	10	13270	中性盘
10:40:06	13.26	-0.01	143	189618	卖盘
10:39:57	13.27	0.01	5	6635	中性盘
10:39:39	13.26	--	5	6630	卖盘
10:39:33	13.26	--	50	66300	卖盘
10:39:30	13.26	--	10	13260	卖盘
10:39:27	13.26	--	10	13260	卖盘
10:39:21	13.26	--	10	13260	卖盘
10:39:15	13.26	-0.02	200	265200	卖盘
10:39:09	13.28	0.02	31	41168	买盘
10:39:03	13.26	--	3	3978	卖盘
10:38:54	13.26	-0.02	150	198900	卖盘
10:38:39	13.28	--	5	6640	卖盘
10:38:36	13.28	--	18	23904	卖盘
10:38:27	13.28	-0.01	100	132800	卖盘
10:38:21	13.29	--	1	1329	买盘
10:38:18	13.29	--	100	132900	卖盘
10:38:15	13.29	--	1	1329	卖盘
10:38:09	13.29	--	30	39870	卖盘
10:38:00	13.29	-0.01	172	228587	卖盘
10:37:57	13.3	0.01	29	38570	买盘
10:37:54	13.29	--	10	13290	卖盘
10:37:51	13.29	-0.01	39	51831	卖盘
10:37:48	13.3	0.01	20	26600	买盘
10:37:45	13.29	-0.01	10	13290	卖盘
10:37:39	13.3	0.01	54	71820	买盘
10:37:33	13.29	-0.01	75	99675	卖盘
10:37:27	13.3	0.02	15	19950	买盘
10:37:18	13.28	--	100	132800	卖盘
10:37:15	13.28	--	94	124832	卖盘
10:37:12	13.28	--	10	13280	卖盘
10:37:06	13.28	--	31	41168	卖盘
10:37:03	13.28	--	3	3984	卖盘
10:37:00	13.28	--	28	37184	卖盘
10:36:51	13.28	--	20	26560	卖盘
10:36:39	13.28	-0.01	15	19920	卖盘
10:36:36	13.29	0.01	37	49173	买盘
10:36:33	13.28	-0.01	13	17264	卖盘
10:36:30	13.29	0.01	1	1329	买盘
10:36:09	13.28	--	34	45152	卖盘
10:36:06	13.28	-0.01	25	33200	卖盘
10:35:54	13.29	-0.01	84	111636	卖盘
10:35:51	13.3	0.01	79	105070	买盘
10:35:48	13.29	--	149	198021	卖盘
10:35:39	13.29	--	5	6645	卖盘
10:35:36	13.29	-0.01	115	152835	卖盘
10:35:30	13.3	--	539	716870	买盘
10:35:24	13.3	0.01	9	11970	买盘
10:35:21	13.29	-0.01	5	6645	卖盘
10:35:15	13.3	--	1	1330	买盘
10:35:12	13.3	--	6	7980	买盘
10:35:09	13.3	-0.01	1073	1427090	卖盘
10:35:06	13.31	--	5	6655	卖盘
10:34:57	13.31	-0.01	36	47916	卖盘
10:34:54	13.32	0.01	30	39960	买盘
10:34:51	13.31	-0.01	13	17303	卖盘
10:34:39	13.32	--	24	31968	买盘
10:34:36	13.32	--	123	163836	卖盘
10:34:33	13.32	--	5	6660	卖盘
10:34:30	13.32	--	152	202464	卖盘
10:34:24	13.32	-0.01	20	26640	卖盘
10:34:18	13.33	0.01	4	5332	买盘
10:34:15	13.32	--	220	293040	卖盘
10:34:12	13.32	-0.01	35	46620	卖盘
10:34:09	13.33	--	51	67983	卖盘
10:34:06	13.33	-0.01	43	57319	卖盘
10:34:03	13.34	0.01	15	20010	买盘
10:34:00	13.33	-0.01	15	19995	卖盘
10:33:57	13.34	--	100	133400	买盘
10:33:54	13.34	-0.01	4	5336	中性盘
10:33:51	13.35	--	7	9345	买盘
10:33:39	13.35	-0.01	1	1335	卖盘
10:33:36	13.36	-0.01	2	2672	中性盘
10:33:30	13.37	0.01	64	85568	买盘
10:33:27	13.36	--	32	42752	卖盘
10:33:24	13.36	--	73	97528	卖盘
10:33:21	13.36	--	10	13360	卖盘
10:33:18	13.36	--	19	25384	卖盘
10:33:15	13.36	--	2	2672	卖盘
10:33:12	13.36	--	50	66800	卖盘
10:33:09	13.36	--	11	14696	卖盘
10:33:06	13.36	--	100	133600	卖盘
10:33:03	13.36	0.01	6	8016	中性盘
10:33:00	13.35	-0.01	201	268335	卖盘
10:32:57	13.36	0.01	10	13360	买盘
10:32:54	13.35	-0.02	80	106800	卖盘
10:32:51	13.37	0.01	360	481320	买盘
10:32:48	13.36	--	57	76152	卖盘
10:32:45	13.36	--	15	20040	卖盘
10:32:42	13.36	-0.01	1	1336	卖盘
10:32:39	13.37	0.01	10	13370	买盘
10:32:36	13.36	--	67	89512	卖盘
10:32:33	13.36	--	5	6680	卖盘
10:32:30	13.36	0.01	20	26720	中性盘
10:32:27	13.35	-0.01	89	118815	卖盘
10:32:24	13.36	0.01	4	5344	买盘
10:32:21	13.35	-0.01	19	25365	卖盘
10:32:18	13.36	0.01	134	179024	买盘
10:32:15	13.35	-0.01	35	46725	卖盘
10:32:12	13.36	0.01	6	8016	买盘
10:32:09	13.35	--	5	6675	卖盘
10:32:06	13.35	-0.01	43	57405	卖盘
10:32:03	13.36	0.01	35	46760	买盘
10:31:57	13.35	--	12	16020	卖盘
10:31:54	13.35	0.03	1621	2164035	买盘
10:31:48	13.32	--	26	34632	买盘
10:31:39	13.32	--	120	159840	买盘
10:31:36	13.32	--	12	15984	买盘
10:31:30	13.32	--	5	6660	买盘
10:31:27	13.32	--	20	26640	买盘
10:31:24	13.32	--	5	6660	买盘
10:31:21	13.32	--	70	93240	买盘
10:31:18	13.32	0.01	46	61272	买盘
10:31:15	13.31	--	61	81191	卖盘
10:31:12	13.31	-0.01	10	13310	卖盘
10:31:09	13.32	--	150	199800	买盘
10:31:06	13.32	--	3	3996	买盘
10:31:03	13.32	--	20	26640	买盘
10:31:00	13.32	0.01	63	83916	买盘
10:30:57	13.31	--	1	1331	卖盘
10:30:48	13.31	--	2	2662	卖盘
10:30:45	13.31	--	16	21296	卖盘
10:30:39	13.31	0.01	30	39930	中性盘
10:30:33	13.3	--	94	125020	买盘
10:30:27	13.3	-0.02	11	14630	卖盘
10:30:24	13.32	0.02	200	266400	买盘
10:30:21	13.3	--	44	58520	卖盘
10:30:18	13.3	--	3	3990	卖盘
10:30:15	13.3	--	19	25270	卖盘
10:30:06	13.3	0.02	603	801990	买盘
10:30:00	13.28	-0.02	2	2656	卖盘
10:29:45	13.3	0.01	136	180880	买盘
10:29:42	13.29	0.01	16	21264	买盘
10:29:39	13.28	--	10	13280	卖盘
10:29:27	13.28	--	5	6640	卖盘
10:29:24	13.28	--	133	176624	买盘
10:29:18	13.28	0.01	5	6640	买盘
10:29:12	13.27	--	30	39810	卖盘
10:29:09	13.27	-0.01	3	3981	卖盘
10:28:51	13.28	--	5	6640	买盘
10:28:48	13.28	--	6	7968	买盘
10:28:45	13.28	-0.01	17	22576	卖盘
10:28:42	13.29	0.01	103	136887	买盘
10:28:30	13.28	-0.01	100	132800	卖盘
10:28:27	13.29	--	1	1329	买盘
10:28:24	13.29	0.01	27	35883	买盘
10:28:21	13.28	--	5	6640	卖盘
10:28:09	13.28	--	4	5312	卖盘
10:28:03	13.28	-0.01	10	13280	卖盘
10:28:00	13.29	0.01	170	225930	买盘
10:27:51	13.28	--	59	78352	卖盘
10:27:48	13.28	-0.01	10	13280	卖盘
10:27:27	13.29	--	154	204666	买盘
10:27:24	13.29	--	20	26580	买盘
10:27:09	13.29	0.01	25	33225	买盘
10:26:51	13.28	-0.01	4	5312	卖盘
10:26:45	13.29	--	5	6645	买盘
10:26:42	13.29	0.01	75	99675	买盘
10:26:39	13.28	-0.01	5	6640	卖盘
10:26:24	13.29	--	40	53160	卖盘
10:26:18	13.29	-0.01	10	13290	中性盘
10:25:57	13.3	--	113	150290	买盘
10:25:48	13.3	0.02	30	39900	买盘
10:25:45	13.28	--	54	71712	买盘
10:25:36	13.28	-0.01	49	65072	卖盘
10:25:33	13.29	--	15	19935	卖盘
10:25:27	13.29	--	55	73095	卖盘
10:25:21	13.29	--	47	62462	买盘
10:25:15	13.29	0.01	19	25251	买盘
10:25:06	13.28	--	7	9296	卖盘
10:25:03	13.28	--	21	27888	卖盘
10:24:57	13.28	-0.02	19	25232	卖盘
10:24:54	13.3	0.02	10	13300	买盘
10:24:51	13.28	-0.02	23	30544	卖盘
10:24:45	13.3	--	100	133000	买盘
10:24:42	13.3	0.02	25	33250	买盘
10:24:39	13.28	-0.01	2	2656	卖盘
10:24:36	13.29	0.01	31	41199	买盘
10:24:33	13.28	-0.01	3	3984	卖盘
10:24:30	13.29	--	3	3986	买盘
10:24:21	13.29	0.01	1	1329	买盘
10:24:12	13.28	-0.02	2	2656	卖盘
10:24:03	13.3	--	12	15960	买盘
10:24:00	13.3	0.01	30	39900	买盘
10:23:54	13.29	--	19	25251	买盘
10:23:48	13.29	-0.02	27	35883	卖盘
10:23:45	13.31	0.01	179	238249	买盘
10:23:42	13.3	0.02	23	30590	买盘
10:23:36	13.28	-0.01	20	26560	卖盘
10:23:33	13.29	-0.01	4	5316	中性盘
10:23:27	13.3	0.01	24	31920	买盘
10:23:24	13.29	--	3	3986	买盘
10:23:21	13.29	-0.01	6	7973	卖盘
10:23:18	13.3	--	8	10640	卖盘
10:23:15	13.3	--	35	46550	卖盘
10:23:12	13.3	0.01	123	163590	买盘
10:23:06	13.29	-0.01	23	30566	卖盘
10:23:00	13.3	0.01	18	23940	买盘
10:22:57	13.29	--	13	17277	卖盘
10:22:54	13.29	-0.01	30	39870	卖盘
10:22:51	13.3	--	12	15960	卖盘
10:22:48	13.3	--	38	50540	买盘
10:22:45	13.3	--	47	62510	卖盘
10:22:39	13.3	--	8	10640	卖盘
10:22:33	13.3	--	48	63840	卖盘
10:22:30	13.3	-0.01	14	18620	卖盘
10:22:21	13.31	--	5	6655	买盘
10:22:18	13.31	--	20	26620	买盘
10:22:15	13.31	-0.01	81	107811	卖盘
10:22:12	13.32	0.01	20	26640	买盘
10:22:09	13.31	-0.01	20	26620	卖盘
10:22:06	13.32	0.01	228	303696	买盘
10:22:03	13.31	-0.01	37	49247	卖盘
10:22:00	13.32	--	194	258408	买盘
10:21:57	13.32	--	20	26640	买盘
10:21:54	13.32	0.01	5	6660	买盘
10:21:51	13.31	-0.01	15	19965	卖盘
10:21:45	13.32	--	300	399600	买盘
10:21:42	13.32	--	5	6660	买盘
10:21:36	13.32	--	10	13320	卖盘
10:21:33	13.32	--	18	23976	卖盘
10:21:30	13.32	--	30	39960	卖盘
10:21:27	13.32	--	5	6660	卖盘
10:21:24	13.32	0.02	268	356976	买盘
10:21:21	13.3	0.01	6	7980	中性盘
10:21:18	13.29	-0.02	34	45186	卖盘
10:21:12	13.31	--	9	11979	买盘
10:21:09	13.31	--	7	9317	买盘
10:21:06	13.31	--	182	242242	买盘
10:21:03	13.31	-0.01	45	59895	中性盘
10:21:00	13.32	0.01	141	187812	买盘
10:20:57	13.31	-0.01	10	13310	卖盘
10:20:54	13.32	0.01	13	17316	买盘
10:20:51	13.31	-0.01	152	202312	卖盘
10:20:48	13.32	--	22	29304	买盘
10:20:45	13.32	0.01	130	173160	买盘
10:20:42	13.31	--	18	23958	卖盘
10:20:39	13.31	-0.01	40	53240	卖盘
10:20:33	13.32	0.02	42	55944	买盘
10:20:30	13.3	0.01	454	603820	买盘
10:20:27	13.29	-0.01	2	2658	卖盘
10:20:24	13.3	--	96	127680	卖盘
10:20:21	13.3	--	133	176890	卖盘
10:20:18	13.3	-0.01	31	41230	卖盘
10:20:15	13.31	0.01	39	51909	买盘
10:20:09	13.3	--	20	26600	卖盘
10:20:06	13.3	0.01	1533	2038890	买盘
10:20:03	13.29	0.01	1	1329	买盘
10:20:00	13.28	-0.01	10	13280	卖盘
10:19:57	13.29	0.01	93	123596	买盘
10:19:51	13.28	--	5	6640	卖盘
10:19:48	13.28	--	17	22576	卖盘
10:19:45	13.28	--	5	6640	卖盘
10:19:42	13.28	--	43	57104	买盘
10:19:36	13.28	0.01	5	6640	买盘
10:19:33	13.27	--	15	19905	卖盘
10:19:27	13.27	-0.01	96	127392	卖盘
10:19:21	13.28	--	60	79680	买盘
10:19:12	13.28	--	4	5312	买盘
10:19:06	13.28	--	34	45152	卖盘
10:19:03	13.28	--	1	1328	卖盘
10:19:00	13.28	0.01	28	37184	买盘
10:18:57	13.27	--	2	2654	卖盘
10:18:54	13.27	--	316	419332	卖盘
10:18:51	13.27	--	50	66350	卖盘
10:18:48	13.27	--	14	18578	卖盘
10:18:45	13.27	-0.01	13	17251	卖盘
10:18:42	13.28	0.01	4	5312	买盘
10:18:39	13.27	-0.01	50	66350	卖盘
10:18:36	13.28	0.01	8	10624	中性盘
10:18:30	13.27	-0.02	2	2654	卖盘
10:18:27	13.29	0.01	275	365475	买盘
10:18:24	13.28	--	26	34528	买盘
10:18:18	13.28	0.01	15	19920	买盘
10:18:06	13.27	--	58	76966	卖盘
10:18:00	13.27	-0.02	30	39810	卖盘
10:17:57	13.29	0.02	253	336237	买盘
10:17:54	13.27	--	4	5308	卖盘
10:17:51	13.27	0.01	62	82274	买盘
10:17:48	13.26	--	1	1326	卖盘
10:17:45	13.26	--	10	13260	卖盘
10:17:39	13.26	--	40	53040	卖盘
10:17:33	13.26	--	34	45084	买盘
10:17:27	13.26	--	13	17238	买盘
10:17:24	13.26	0.01	13	17238	买盘
10:17:18	13.25	--	5	6625	卖盘
10:17:09	13.25	-0.01	10	13250	卖盘
10:17:03	13.26	--	50	66300	买盘
10:16:51	13.26	--	50	66300	买盘
10:16:39	13.26	--	1	1326	买盘
10:16:33	13.26	0.02	57	75582	买盘
10:16:30	13.24	--	31	41044	卖盘
10:16:27	13.24	-0.01	4	5296	卖盘
10:16:24	13.25	--	5	6625	买盘
10:16:18	13.25	--	4	5300	买盘
10:16:09	13.25	-0.01	6	7950	卖盘
10:16:00	13.26	0.02	20	26520	买盘
10:15:54	13.24	-0.02	30	39720	卖盘
10:15:48	13.26	0.02	50	66300	买盘
10:15:39	13.24	--	10	13240	卖盘
10:15:36	13.24	-0.01	50	66200	卖盘
10:15:30	13.25	--	43	56975	买盘
10:15:06	13.25	-0.01	10	13250	卖盘
10:15:00	13.26	0.01	8	10608	买盘
10:14:57	13.25	-0.01	2	2650	中性盘
10:14:54	13.26	0.01	6	7956	买盘
10:14:51	13.25	--	50	66250	买盘
10:14:48	13.25	--	6	7950	买盘
10:14:45	13.25	--	14	18550	买盘
10:14:39	13.25	--	53	70225	买盘
10:14:36	13.25	--	5	6625	买盘
10:14:30	13.25	--	50	66250	买盘
10:14:27	13.25	--	15	19875	买盘
10:14:21	13.25	--	8	10600	买盘
10:14:09	13.25	0.01	29	38425	买盘
10:14:06	13.24	--	80	105920	卖盘
10:13:57	13.24	--	85	112540	卖盘
10:13:51	13.24	-0.01	95	125780	卖盘
10:13:48	13.25	--	3	3975	买盘
10:13:36	13.25	--	25	33125	卖盘
10:13:30	13.25	--	129	170925	卖盘
10:13:27	13.25	--	2	2650	卖盘
10:13:24	13.25	--	47	62275	卖盘
10:13:21	13.25	--	5	6625	卖盘
10:13:06	13.25	-0.01	5	6625	卖盘
10:12:54	13.26	--	85	112710	卖盘
10:12:51	13.26	--	25	33150	卖盘
10:12:42	13.26	--	10	13260	卖盘
10:12:39	13.26	--	5	6630	卖盘
10:12:36	13.26	--	25	33150	卖盘
10:12:33	13.26	--	10	13260	卖盘
10:12:30	13.26	--	1	1326	卖盘
10:12:27	13.26	--	60	79560	卖盘
10:12:21	13.26	--	2	2652	卖盘
10:12:12	13.26	--	12	15912	卖盘
10:12:06	13.26	--	46	60996	卖盘
10:12:03	13.26	--	19	25194	卖盘
10:11:57	13.26	--	200	265200	买盘
10:11:51	13.26	0.01	190	251940	买盘
10:11:45	13.25	--	1	1325	买盘
10:11:42	13.25	--	20	26500	卖盘
10:11:39	13.25	-0.01	218	288850	卖盘
10:11:36	13.26	0.01	173	229398	买盘
10:11:30	13.25	--	48	63600	卖盘
10:11:27	13.25	-0.01	10	13250	卖盘
10:11:24	13.26	0.01	41	54366	买盘
10:11:21	13.25	--	9	11925	卖盘
10:11:15	13.25	--	10	13250	卖盘
10:11:09	13.25	-0.01	20	26500	卖盘
10:11:06	13.26	0.01	104	137904	买盘
10:11:03	13.25	--	5	6625	卖盘
10:11:00	13.25	-0.01	51	67575	卖盘
10:10:57	13.26	0.01	5	6630	买盘
10:10:48	13.25	--	3	3975	卖盘
10:10:39	13.25	-0.01	2	2650	卖盘
10:10:30	13.26	0.01	100	132600	买盘
10:10:18	13.25	-0.02	8	10600	卖盘
10:10:12	13.27	--	47	62369	买盘
10:10:09	13.27	0.01	403	534781	买盘
10:10:00	13.26	--	2	2652	卖盘
10:09:57	13.26	--	40	53040	卖盘
10:09:51	13.26	0.01	14	18564	买盘
10:09:45	13.25	-0.01	33	43725	卖盘
10:09:42	13.26	--	27	35802	买盘
10:09:39	13.26	--	60	79560	买盘
10:09:36	13.26	-0.01	4	5304	中性盘
10:09:30	13.27	0.01	39	51753	买盘
10:09:27	13.26	-0.01	12	15912	卖盘
10:09:24	13.27	0.01	170	225590	买盘
10:09:21	13.26	--	52	68952	卖盘
10:09:18	13.26	--	1	1326	卖盘
10:09:09	13.26	--	21	27846	买盘
10:09:06	13.26	--	3	3978	卖盘
10:09:03	13.26	0.01	9	11934	买盘
10:09:00	13.25	--	96	127200	卖盘
10:08:57	13.25	--	5	6625	卖盘
10:08:54	13.25	--	7	9275	卖盘
10:08:51	13.25	-0.01	2	2650	卖盘
10:08:48	13.26	0.01	58	76908	买盘
10:08:45	13.25	-0.01	12	15900	卖盘
10:08:42	13.26	0.01	20	26520	买盘
10:08:33	13.25	--	25	33125	买盘
10:08:27	13.25	--	32	42400	买盘
10:08:24	13.25	--	10	13250	买盘
10:08:21	13.25	0.01	2	2650	买盘
10:08:18	13.24	--	13	17212	卖盘
10:08:15	13.24	-0.01	74	97976	卖盘
10:08:12	13.25	0.01	30	39750	买盘
10:08:09	13.24	--	25	33100	卖盘
10:08:06	13.24	--	9	11916	卖盘
10:08:03	13.24	--	2	2648	卖盘
10:08:00	13.24	--	28	37072	卖盘
10:07:57	13.24	0.01	21	27804	中性盘
10:07:54	13.23	--	5	6615	卖盘
10:07:51	13.23	-0.01	102	134946	卖盘
10:07:48	13.24	0.01	135	178740	买盘
10:07:45	13.23	--	1	1323	卖盘
10:07:42	13.23	--	5	6615	卖盘
10:07:39	13.23	-0.01	72	95256	卖盘
10:07:33	13.24	0.01	18	23832	中性盘
10:07:18	13.23	-0.01	100	132300	卖盘
10:07:15	13.24	--	10	13240	卖盘
10:07:12	13.24	--	1	1324	卖盘
10:07:09	13.24	-0.01	43	56932	卖盘
10:07:06	13.25	0.01	10	13250	中性盘
10:07:00	13.24	--	10	13240	卖盘
10:06:57	13.24	--	22	29128	卖盘
10:06:54	13.24	--	368	487232	卖盘
10:06:51	13.24	-0.02	46	60904	卖盘
10:06:48	13.26	--	78	103428	买盘
10:06:33	13.26	0.02	100	132600	买盘
10:06:30	13.24	--	6	7944	卖盘
10:06:27	13.24	-0.01	4	5296	卖盘
10:06:24	13.25	--	9	11925	卖盘
10:06:21	13.25	-0.01	2	2650	卖盘
10:06:18	13.26	--	22	29172	买盘
10:06:12	13.26	--	14	18564	卖盘
10:06:09	13.26	--	238	315588	卖盘
10:06:06	13.26	--	60	79560	卖盘
10:06:03	13.26	--	281	372606	卖盘
10:06:00	13.26	--	2	2652	卖盘
10:05:54	13.26	-0.01	3	3978	卖盘
10:05:51	13.27	0.01	21	27867	买盘
10:05:48	13.26	-0.01	211	279786	卖盘
10:05:45	13.27	0.01	62	82274	买盘
10:05:42	13.26	--	10	13260	卖盘
10:05:39	13.26	--	32	42432	卖盘
10:05:36	13.26	--	34	45084	卖盘
10:05:33	13.26	--	2	2652	卖盘
10:05:30	13.26	-0.01	30	39780	卖盘
10:05:27	13.27	--	8	10616	买盘
10:05:21	13.27	0.01	3	3981	卖盘
10:05:18	13.26	-0.01	68	90168	卖盘
10:05:15	13.27	--	1	1327	卖盘
10:05:12	13.27	--	1	1327	卖盘
10:05:09	13.27	--	25	33175	卖盘
10:05:06	13.27	-0.01	33	43791	卖盘
10:05:03	13.28	0.01	8	10624	买盘
10:05:00	13.27	--	21	27867	卖盘
10:04:57	13.27	0.01	7	9289	卖盘
10:04:54	13.26	-0.02	8	10608	卖盘
10:04:51	13.28	0.01	54	71712	买盘
10:04:48	13.27	--	63	83601	买盘
10:04:45	13.27	--	25	33175	买盘
10:04:42	13.27	0.01	1	1327	买盘
10:04:39	13.26	0.01	10	13260	卖盘
10:04:30	13.25	-0.01	19	25175	中性盘
10:04:27	13.26	0.02	10	13260	买盘
10:04:24	13.24	-0.02	26	34424	卖盘
10:04:21	13.26	0.01	1	1326	中性盘
10:04:18	13.25	-0.03	111	147075	卖盘
10:04:15	13.28	0.02	5	6640	买盘
10:04:12	13.26	--	16	22316	买盘
10:04:09	13.26	--	14	18789	卖盘
10:04:06	13.26	-0.02	29	38454	卖盘
10:04:03	13.28	-0.01	5	6640	买盘
10:04:00	13.29	-0.01	1	1329	中性盘
10:03:57	13.3	--	18	23940	买盘
10:03:54	13.3	--	20	26600	买盘
10:03:51	13.3	--	58	77140	买盘
10:03:48	13.3	-0.01	190	252700	卖盘
10:03:45	13.31	0.01	10	13310	买盘
10:03:42	13.3	-0.01	120	159600	卖盘
10:03:39	13.31	0.05	120	159720	买盘
10:03:36	13.26	-0.04	50	66300	卖盘
10:03:33	13.3	-0.01	18	23940	卖盘
10:03:30	13.31	0.01	58	77198	中性盘
10:03:27	13.3	--	57	75810	卖盘
10:03:24	13.3	--	110	146300	卖盘
10:03:21	13.3	--	113	150290	卖盘
10:03:18	13.3	--	11	14630	卖盘
10:03:15	13.3	--	305	405650	卖盘
10:03:12	13.3	0.01	443	590293	买盘
10:03:09	13.29	--	1003	1332987	买盘
10:03:06	13.29	--	5	6645	买盘
10:03:03	13.29	0.03	45	59804	买盘
10:03:00	13.26	-0.04	21	27846	卖盘
10:02:57	13.3	--	20	26600	买盘
10:02:54	13.3	--	54	71820	买盘
10:02:51	13.3	-0.01	1019	1355496	卖盘
10:02:48	13.31	-0.02	32	42592	卖盘
10:02:45	13.33	0.01	111	147963	买盘
10:02:42	13.32	0.01	36	47952	买盘
10:02:39	13.31	0.01	15	19965	买盘
10:02:36	13.3	--	25	33250	卖盘
10:02:33	13.3	--	5	6650	卖盘
10:02:30	13.3	0.07	491	654133	买盘
10:02:21	13.23	-0.02	13	17199	卖盘
10:02:18	13.25	0.02	22	29150	买盘
10:02:15	13.23	0.01	5	6615	买盘
10:02:12	13.22	--	32	42304	卖盘
10:02:09	13.22	0.02	17	22474	买盘
10:02:06	13.2	-0.1	26	34320	卖盘
10:02:03	13.3	0.1	1246	1657180	买盘
10:02:00	13.2	--	3	3960	卖盘
10:01:54	13.2	--	15	19800	卖盘
10:01:51	13.2	--	21	27720	卖盘
10:01:48	13.2	--	22	29040	卖盘
10:01:45	13.2	-0.02	13	17160	卖盘
10:01:42	13.22	0.02	15	20980	买盘
10:01:39	13.2	--	20	26400	买盘
10:01:36	13.2	--	11	14520	买盘
10:01:33	13.2	--	19	25080	买盘
10:01:27	13.2	--	90	118800	买盘
10:01:24	13.2	--	32	42240	买盘
10:01:21	13.2	--	22	29040	买盘
10:01:18	13.2	--	14	18480	买盘
10:01:15	13.2	--	31	40920	买盘
10:01:12	13.2	--	181	238920	买盘
10:01:09	13.2	--	29	38280	买盘
10:01:06	13.2	--	53	69960	买盘
10:01:03	13.2	--	225	297000	买盘
10:01:00	13.2	--	25	33000	买盘
10:00:57	13.2	--	3284	4334880	买盘
10:00:54	13.2	--	694	916080	买盘
10:00:51	13.2	--	10	13200	买盘
10:00:48	13.2	--	56	73920	买盘
10:00:45	13.2	--	2151	2839320	买盘
10:00:36	13.2	--	210	277200	买盘
10:00:33	13.2	-0.01	100	132000	买盘
10:00:30	13.21	0.01	67	88678	中性盘
10:00:27	13.2	--	56	73920	卖盘
10:00:24	13.2	--	42	55440	卖盘
10:00:21	13.2	--	23	30360	卖盘
10:00:18	13.2	--	58	76560	卖盘
10:00:15	13.2	0.01	43	57908	买盘
10:00:12	13.19	0.01	25	32975	买盘
10:00:09	13.18	-0.01	10	13180	中性盘
10:00:06	13.19	-0.01	196	258524	买盘
10:00:03	13.2	--	37	49011	卖盘
09:59:57	13.2	0.01	262	346988	买盘
09:59:48	13.19	0.06	89	117391	买盘
09:59:45	13.13	--	4241	5568433	买盘
09:59:42	13.13	--	112	147056	买盘
09:59:39	13.13	--	23	30199	买盘
09:59:36	13.13	-0.04	624	819312	卖盘
09:59:33	13.17	-0.02	100	131700	卖盘
09:59:30	13.19	0.02	12	15828	买盘
09:59:27	13.17	-0.02	30	39510	卖盘
09:59:24	13.19	--	14	18466	买盘
09:59:12	13.19	-0.01	5	6595	中性盘
09:58:57	13.2	--	6	7920	买盘
09:58:48	13.2	--	6	7920	买盘
09:58:45	13.2	--	1	1320	买盘
09:58:42	13.2	--	50	66000	买盘
09:58:39	13.2	-0.02	18	23931	卖盘
09:58:36	13.22	--	38	50236	卖盘
09:58:33	13.22	--	71	95012	买盘
09:58:30	13.22	0.06	28	37016	买盘
09:58:27	13.16	-0.04	3	3948	卖盘
09:58:24	13.2	--	15	19800	卖盘
09:58:21	13.2	--	17	22440	卖盘
09:58:15	13.2	--	16	21120	卖盘
09:58:12	13.2	--	52	68640	卖盘
09:58:09	13.2	0.04	1403	1851960	买盘
09:58:06	13.16	--	6	7896	买盘
09:58:03	13.16	--	24	31584	买盘
09:58:00	13.16	--	1	1316	买盘
09:57:57	13.16	--	13	17108	买盘
09:57:54	13.16	--	30	39480	卖盘
09:57:51	13.16	-0.02	5	6580	卖盘
09:57:45	13.18	0.01	25	32950	买盘
09:57:42	13.17	--	68	89556	卖盘
09:57:39	13.17	0.01	32	42144	买盘
09:57:36	13.16	-0.01	32	42112	卖盘
09:57:33	13.17	--	18	23706	卖盘
09:57:30	13.17	--	30	39510	卖盘
09:57:27	13.17	0.01	405	533385	买盘
09:57:24	13.16	--	61	80276	卖盘
09:57:21	13.16	--	35	46060	卖盘
09:57:18	13.16	-0.01	10	13160	卖盘
09:57:12	13.17	0.01	27	35559	买盘
09:57:09	13.16	-0.01	18	23688	卖盘
09:57:06	13.17	-0.01	4	5268	卖盘
09:57:03	13.18	0.02	15	19770	买盘
09:57:00	13.16	--	50	65800	卖盘
09:56:51	13.16	0.04	700	921200	买盘
09:56:48	13.12	--	22	28864	买盘
09:56:39	13.12	0.01	5	6560	买盘
09:56:30	13.11	0.03	379	496869	买盘
09:56:18	13.08	0.01	100	130800	买盘
09:56:03	13.07	--	48	62736	买盘
09:56:00	13.07	--	6	7842	买盘
09:55:54	13.07	0.01	29	37903	买盘
09:55:45	13.06	--	6	7836	卖盘
09:55:42	13.06	--	17	22202	卖盘
09:55:30	13.06	--	56	73136	卖盘
09:55:27	13.06	--	32	41792	卖盘
09:55:24	13.06	--	72	94306	买盘
09:55:21	13.06	0.01	143	186758	买盘
09:55:15	13.05	--	51	66555	卖盘
09:55:03	13.05	-0.01	20	26100	卖盘
09:54:57	13.06	--	10	13060	买盘
09:54:48	13.06	0.01	16	20896	买盘
09:54:39	13.05	-0.01	7	9135	卖盘
09:54:33	13.06	0.01	1	1306	买盘
09:54:27	13.05	--	1	1305	卖盘
09:54:24	13.05	0.02	112	146160	买盘
09:54:18	13.03	-0.02	5	6515	卖盘
09:54:15	13.05	0.02	42	54810	买盘
09:54:09	13.03	--	63	82089	卖盘
09:54:00	13.03	-0.01	20	26060	卖盘
09:53:30	13.04	0.01	80	104320	买盘
09:53:21	13.03	-0.01	2	2606	卖盘
09:53:18	13.04	--	1	1304	买盘
09:53:15	13.04	0.01	2	2608	买盘
09:52:57	13.03	-0.01	22	28666	卖盘
09:52:45	13.04	0.01	3	3911	买盘
09:52:42	13.03	--	5	6515	卖盘
09:52:39	13.03	-0.01	35	45605	卖盘
09:52:27	13.04	--	11	14343	买盘
09:52:21	13.04	-0.01	106	138224	卖盘
09:52:18	13.05	0.01	22	28710	买盘
09:52:12	13.04	--	15	19560	卖盘
09:52:09	13.04	--	12	15647	卖盘
09:51:57	13.04	--	20	26080	卖盘
09:51:51	13.04	-0.01	10	13040	卖盘
09:51:45	13.05	--	2	2610	买盘
09:51:42	13.05	--	13	16965	买盘
09:51:39	13.05	0.01	3	3915	买盘
09:51:30	13.04	--	10	13040	卖盘
09:51:15	13.04	--	100	130399	卖盘
09:51:12	13.04	-0.01	9	11736	卖盘
09:50:57	13.05	--	1	1305	中性盘
09:50:51	13.05	--	13	16965	卖盘
09:50:39	13.05	--	40	52200	卖盘
09:50:30	13.05	--	5	6525	卖盘
09:50:15	13.05	--	50	65250	卖盘
09:50:09	13.05	-0.01	104	135720	卖盘
09:49:57	13.06	--	3	3918	买盘
09:49:36	13.06	0.03	59	77054	买盘
09:49:33	13.03	-0.03	100	130300	卖盘
09:49:24	13.06	--	5	6530	买盘
09:49:21	13.06	--	262	343203	买盘
09:49:18	13.06	--	20	26120	买盘
09:49:15	13.06	--	3	3918	买盘
09:49:12	13.06	0.01	25	32650	买盘
09:49:09	13.05	--	11	14355	卖盘
09:49:03	13.05	--	5	6525	卖盘
09:48:54	13.05	-0.01	23	30289	卖盘
09:48:36	13.06	--	1	1306	买盘
09:48:30	13.06	--	2	2612	买盘
09:48:27	13.06	--	13	16978	买盘
09:48:12	13.06	--	90	117540	卖盘
09:48:09	13.06	-0.01	5	6530	卖盘
09:48:03	13.07	0.01	4	5228	买盘
09:48:00	13.06	0.01	142	185452	买盘
09:47:54	13.05	--	37	48285	卖盘
09:47:51	13.05	--	31	40455	买盘
09:47:48	13.05	0.01	18	23490	买盘
09:47:45	13.04	-0.01	1	1304	卖盘
09:47:39	13.05	0.01	2	2610	买盘
09:47:30	13.04	-0.01	1	1304	卖盘
09:47:21	13.05	--	1	1305	买盘
09:47:15	13.05	--	9	11745	买盘
09:47:00	13.05	--	2	2610	买盘
09:46:57	13.05	0.01	2	2610	买盘
09:46:54	13.04	-0.01	1	1304	卖盘
09:46:42	13.05	0.01	2	2610	中性盘
09:46:21	13.04	-0.01	322	419888	卖盘
09:46:15	13.05	-0.01	20	26100	卖盘
09:46:09	13.06	--	13	16978	卖盘
09:46:06	13.06	--	10	13060	卖盘
09:46:03	13.06	0.01	3	3918	买盘
09:46:00	13.05	--	5	6525	卖盘
09:45:54	13.05	--	18	23490	卖盘
09:45:39	13.05	--	5	6525	卖盘
09:45:36	13.05	-0.01	12	15660	卖盘
09:45:33	13.06	0.01	1	1306	买盘
09:45:27	13.05	--	10	13050	卖盘
09:45:21	13.05	--	5	6525	卖盘
09:45:18	13.05	--	24	31320	买盘
09:45:15	13.05	0.01	2	2610	买盘
09:45:09	13.04	--	10	13040	卖盘
09:45:00	13.04	-0.01	18	23472	卖盘
09:44:51	13.05	--	1	1305	买盘
09:44:39	13.05	0.01	8	10440	买盘
09:44:27	13.04	-0.01	4	5216	卖盘
09:44:18	13.05	0.01	2	2610	买盘
09:44:15	13.04	--	12	15739	买盘
09:43:51	13.04	0.01	12	15647	买盘
09:43:48	13.03	-0.01	10	13030	卖盘
09:43:42	13.04	0.01	1	1304	买盘
09:43:00	13.03	--	87	113361	买盘
09:42:45	13.03	0.01	2	2606	买盘
09:42:42	13.02	--	1	1302	卖盘
09:42:39	13.02	-0.01	2	2604	卖盘
09:42:30	13.03	--	70	91210	买盘
09:42:27	13.03	--	6	7818	买盘
09:42:15	13.03	--	2	2606	买盘
09:42:09	13.03	0.01	2	2606	买盘
09:42:06	13.02	--	19	24738	卖盘
09:42:03	13.02	-0.01	2	2604	卖盘
09:41:54	13.03	0.01	1	1303	买盘
09:41:51	13.02	--	9	11718	卖盘
09:41:48	13.02	--	4	5208	卖盘
09:41:42	13.02	--	2	2604	卖盘
09:41:21	13.02	-0.01	60	78120	卖盘
09:41:09	13.03	-0.01	2	2606	卖盘
09:41:03	13.04	--	2	2608	买盘
09:41:00	13.04	--	6	7823	买盘
09:40:51	13.04	--	103	134312	买盘
09:40:45	13.04	0.01	7	9128	买盘
09:40:42	13.03	--	9	11727	卖盘
09:40:39	13.03	-0.01	161	209783	卖盘
09:40:24	13.04	0.01	13	16952	买盘
09:40:18	13.03	--	3	3909	卖盘
09:40:09	13.03	-0.01	97	126391	卖盘
09:40:06	13.04	-0.01	13	16952	卖盘
09:39:54	13.05	-0.02	177	230985	卖盘
09:39:48	13.07	0.02	182	237874	买盘
09:39:39	13.05	-0.01	50	65250	卖盘
09:39:30	13.06	--	3	3918	卖盘
09:39:27	13.06	0.01	73	95338	买盘
09:39:18	13.05	--	11	14355	卖盘
09:39:00	13.05	-0.01	1	1305	卖盘
09:38:51	13.06	0.01	1	1306	买盘
09:38:48	13.05	-0.01	30	39150	卖盘
09:38:39	13.06	0.01	3	3918	买盘
09:38:33	13.05	--	34	44370	买盘
09:38:27	13.05	0.03	110	143550	买盘
09:38:12	13.02	-0.03	18	23436	卖盘
09:38:00	13.05	0.05	17	22185	买盘
09:37:54	13.0	--	4	5213	卖盘
09:37:51	13.0	-0.02	25	32500	卖盘
09:37:48	13.02	0.02	13	16926	买盘
09:37:45	13.0	--	2	2600	买盘
09:37:33	13.0	-0.02	10	13000	卖盘
09:37:30	13.02	--	8	10416	买盘
09:37:21	13.02	-0.01	1	1302	卖盘
09:37:09	13.03	0.01	6	7818	买盘
09:37:03	13.02	--	1	1302	买盘
09:36:54	13.02	-0.04	15	19530	卖盘
09:36:51	13.06	0.03	16	20896	买盘
09:36:48	13.03	0.01	2	2606	买盘
09:36:39	13.02	--	5	6510	卖盘
09:36:30	13.02	0.02	97	126294	买盘
09:36:18	13.0	--	60	78000	卖盘
09:36:15	13.0	--	39	50700	买盘
09:36:09	13.0	0.02	10	13000	买盘
09:35:57	12.98	--	24	31671	买盘
09:35:54	12.98	--	10	12980	买盘
09:35:48	12.98	--	30	38940	买盘
09:35:45	12.98	--	11	14278	买盘
09:35:39	12.98	--	1	1298	买盘
09:35:36	12.98	0.01	40	51920	买盘
09:35:21	12.97	--	67	86899	买盘
09:35:18	12.97	--	34	44098	买盘
09:35:12	12.97	-0.01	2	2594	买盘
09:35:09	12.98	0.03	1	1298	买盘
09:35:06	12.95	-0.03	269	348355	卖盘
09:35:00	12.98	--	34	44132	买盘
09:34:45	12.98	0.02	14	18172	买盘
09:34:42	12.96	-0.02	48	62208	卖盘
09:34:33	12.98	0.02	1	1298	买盘
09:34:27	12.96	-0.02	8	10368	卖盘
09:34:15	12.98	0.02	26	33748	买盘
09:34:09	12.96	--	40	51840	卖盘
09:33:57	12.96	-0.02	19	24624	卖盘
09:33:54	12.98	--	9	11682	买盘
09:33:51	12.98	--	5	6490	买盘
09:33:45	12.98	-0.02	110	143558	卖盘
09:33:33	13.0	0.01	211	274820	买盘
09:33:30	12.99	0.01	2	2598	买盘
09:33:27	12.98	--	22	28556	卖盘
09:33:21	12.98	-0.02	54	70092	卖盘
09:33:15	13.0	0.02	1	1300	买盘
09:33:09	12.98	--	74	96052	卖盘
09:33:03	12.98	0.03	7	9086	卖盘
09:33:00	12.95	--	3	3885	卖盘
09:32:57	12.95	--	74	95830	卖盘
09:32:54	12.95	-0.03	1	1295	卖盘
09:32:45	12.98	0.03	24	31152	买盘
09:32:42	12.95	-0.03	8	10360	卖盘
09:32:39	12.98	--	1	1298	买盘
09:32:27	12.98	--	4	5192	买盘
09:32:21	12.98	-0.02	17	22844	卖盘
09:32:18	13.0	--	5	6500	卖盘
09:32:09	13.0	0.02	530	689520	买盘
09:32:03	12.98	-0.02	13	16874	卖盘
09:31:45	13.0	-0.01	1	1300	中性盘
09:31:39	13.01	0.01	20	26020	买盘
09:31:36	13.0	--	15	19500	买盘
09:31:21	13.0	--	1	1300	买盘
09:31:18	13.0	--	5	6500	买盘
09:31:12	13.0	--	91	118300	卖盘
09:31:06	13.0	-0.01	2	2600	卖盘
09:31:03	13.01	--	1	1301	买盘
09:31:00	13.01	--	57	74157	买盘
09:30:45	13.01	0.01	1	1301	中性盘
09:30:30	13.0	--	19	24700	卖盘
09:30:27	13.0	--	10	13000	卖盘
09:30:24	13.0	0.02	145	188500	买盘
09:30:18	12.98	--	6	7788	卖盘
09:30:12	12.98	-0.01	3	3894	卖盘
09:30:06	12.99	-0.01	29	37671	中性盘
09:30:03	13.0	--	0	0	买盘
09:25:03	13.0	13	53	68900	买盘
