成交时间	成交价	价格变动	成交量(手)	成交额(元)	性质
15:00:03	12.69	--	547	694143	卖盘
14:57:03	12.69	--	0	0	卖盘
14:57:00	12.69	0.03	26	32994	买盘
14:56:54	12.66	--	10	12660	卖盘
14:56:45	12.66	--	6	7596	买盘
14:56:30	12.66	-0.03	331	419046	卖盘
14:56:12	12.69	--	5	6345	卖盘
14:56:09	12.69	0.02	5	6345	卖盘
14:55:45	12.67	-0.01	3	3801	卖盘
14:55:36	12.68	-0.02	9	11412	卖盘
14:55:00	12.7	0.02	42	53340	买盘
14:54:51	12.68	-0.01	20	25360	卖盘
14:54:48	12.69	0.01	6	7614	买盘
14:54:39	12.68	--	3	3804	卖盘
14:54:00	12.68	0.01	24	30432	买盘
14:53:57	12.67	--	9	11403	卖盘
14:53:48	12.67	--	10	12670	卖盘
14:53:24	12.67	-0.02	5	6335	卖盘
14:52:39	12.69	0.02	4	5076	买盘
14:52:24	12.67	-0.01	4	5068	卖盘
14:52:00	12.68	--	1	1268	卖盘
14:51:57	12.68	--	4	5072	卖盘
14:51:54	12.68	--	4	5072	卖盘
14:51:48	12.68	0.01	4	5072	买盘
14:51:39	12.67	--	10	12670	卖盘
14:51:33	12.67	--	9	11403	卖盘
14:51:00	12.67	--	238	301546	卖盘
14:50:54	12.67	--	111	140637	卖盘
14:50:24	12.67	-0.01	5	6335	卖盘
14:50:12	12.68	-0.01	5	6340	卖盘
14:49:00	12.69	0.01	1	1269	买盘
14:48:54	12.68	-0.01	5	6340	卖盘
14:48:51	12.69	0.01	15	19035	买盘
14:47:18	12.68	0.01	3	3804	中性盘
14:46:48	12.67	--	7	8869	卖盘
14:46:09	12.67	--	20	25340	卖盘
14:45:21	12.67	--	12	15204	买盘
14:45:06	12.67	--	4	5068	买盘
14:45:03	12.67	0.01	1	1267	买盘
14:45:00	12.66	--	39	49374	卖盘
14:43:51	12.66	--	38	48323	买盘
14:43:27	12.66	--	1	1266	买盘
14:43:15	12.66	--	14	17724	买盘
14:43:09	12.66	0.01	10	12660	买盘
14:43:03	12.65	-0.01	20	25300	卖盘
14:43:00	12.66	--	22	27852	买盘
14:42:48	12.66	--	10	12660	买盘
14:42:36	12.66	--	10	12660	买盘
14:42:21	12.66	--	8	10128	买盘
14:42:12	12.66	--	27	34182	卖盘
14:41:33	12.66	0.01	6	7596	买盘
14:41:15	12.65	0.01	1	1265	买盘
14:41:06	12.64	-0.01	40	50560	卖盘
14:40:54	12.65	0.01	5	6325	买盘
14:40:45	12.64	--	6	7584	卖盘
14:40:42	12.64	--	20	25280	卖盘
14:40:33	12.64	--	23	29072	卖盘
14:40:12	12.64	-0.01	23	29072	卖盘
14:39:51	12.65	--	11	13915	卖盘
14:39:33	12.65	--	6	7590	卖盘
14:39:21	12.65	--	50	63250	卖盘
14:39:09	12.65	--	5	6325	卖盘
14:38:51	12.65	-0.01	5	6325	卖盘
14:38:27	12.66	--	5	6330	买盘
14:37:51	12.66	0.01	1	1266	买盘
14:37:30	12.65	--	4	5060	卖盘
14:37:18	12.65	-0.01	23	29095	卖盘
14:37:00	12.66	--	7	8862	卖盘
14:36:54	12.66	--	14	17724	卖盘
14:36:51	12.66	-0.01	23	29118	卖盘
14:36:09	12.67	--	3	3801	卖盘
14:36:06	12.67	-0.01	10	12670	卖盘
14:35:45	12.68	--	61	78400	卖盘
14:35:06	12.68	-0.01	15	19020	卖盘
14:34:51	12.69	0.01	2	2538	买盘
14:34:06	12.68	-0.01	18	22824	卖盘
14:34:00	12.69	--	1	1269	买盘
14:33:09	12.69	-0.01	50	63450	卖盘
14:33:06	12.7	0.02	5	6350	买盘
14:32:54	12.68	-0.01	3	4019	卖盘
14:32:45	12.69	-0.01	5	7398	卖盘
14:32:39	12.7	0.01	38	48260	买盘
14:32:36	12.69	--	20	25380	卖盘
14:32:18	12.69	--	1	1269	卖盘
14:32:03	12.69	-0.01	2	2538	卖盘
14:31:48	12.7	--	73	92710	卖盘
14:31:33	12.7	--	1	1270	卖盘
14:30:48	12.7	--	45	57150	卖盘
14:30:45	12.7	-0.01	7	8890	卖盘
14:30:42	12.71	0.01	6	7626	买盘
14:30:21	12.7	--	20	25400	卖盘
14:29:39	12.7	--	74	93980	卖盘
14:29:30	12.7	-0.01	3	3810	卖盘
14:28:30	12.71	--	44	55924	卖盘
14:28:24	12.71	--	30	38130	卖盘
14:28:15	12.71	--	10	12710	卖盘
14:27:51	12.71	-0.01	3	3813	卖盘
14:26:03	12.72	--	19	24168	买盘
14:25:21	12.72	-0.01	20	25440	中性盘
14:24:45	12.73	0.01	10	12730	买盘
14:24:39	12.72	--	1	1272	卖盘
14:24:36	12.72	-0.01	10	12720	卖盘
14:24:30	12.73	--	12	15276	买盘
14:24:09	12.73	0.01	4	5092	买盘
14:24:06	12.72	--	20	25440	卖盘
14:23:30	12.72	-0.01	10	12720	中性盘
14:22:39	12.73	0.01	20	25460	买盘
14:22:24	12.72	-0.01	97	123384	卖盘
14:21:57	12.73	--	18	22914	卖盘
14:21:36	12.73	--	2	2546	买盘
14:21:33	12.73	0.01	26	33098	买盘
14:21:12	12.72	-0.01	50	63600	卖盘
14:20:48	12.73	--	22	28006	卖盘
14:20:03	12.73	-0.01	5	6365	中性盘
14:19:42	12.74	0.01	6	7644	买盘
14:19:21	12.73	-0.01	5	6365	卖盘
14:19:00	12.74	0.01	22	28028	买盘
14:18:51	12.73	-0.01	10	12730	卖盘
14:18:45	12.74	--	8	10192	买盘
14:18:21	12.74	--	8	10192	买盘
14:18:12	12.74	--	60	76440	买盘
14:18:00	12.74	0.01	20	25480	买盘
14:17:24	12.73	0.01	6	7638	中性盘
14:15:12	12.72	-0.02	15	19080	卖盘
14:14:12	12.74	0.01	30	38220	买盘
14:13:42	12.73	--	23	29279	卖盘
14:13:39	12.73	--	7	8911	买盘
14:13:18	12.73	--	10	12730	买盘
14:13:15	12.73	--	1	1273	买盘
14:11:09	12.73	0.02	2	2546	买盘
14:10:24	12.71	-0.02	5	6355	卖盘
14:10:03	12.73	--	10	12730	买盘
14:09:45	12.73	0.02	50	63650	买盘
14:08:24	12.71	--	1	1271	买盘
14:08:18	12.71	--	40	50840	买盘
14:08:03	12.71	-0.01	47	59737	卖盘
14:08:00	12.72	0.01	16	20352	买盘
14:07:39	12.71	-0.01	5	6355	卖盘
14:07:24	12.72	0.01	5	6360	买盘
14:07:09	12.71	--	10	12710	卖盘
14:06:09	12.71	-0.01	53	67363	卖盘
14:05:48	12.72	--	23	29256	卖盘
14:04:36	12.72	--	3	3816	卖盘
14:03:18	12.72	--	5	6360	卖盘
14:03:06	12.72	--	23	29256	卖盘
14:02:36	12.72	-0.01	10	12720	卖盘
14:02:24	12.73	0.01	5	6365	买盘
14:01:30	12.72	--	4	5088	买盘
14:00:57	12.72	--	6	7632	卖盘
14:00:12	12.72	0.01	3	3816	中性盘
13:59:24	12.71	--	12	15252	卖盘
13:58:27	12.71	-0.01	8	10168	卖盘
13:57:54	12.72	-0.01	5	6360	卖盘
13:57:39	12.73	0.01	10	12730	买盘
13:57:36	12.72	--	1	1272	卖盘
13:57:12	12.72	-0.01	26	33072	卖盘
13:55:42	12.73	--	1	1273	买盘
13:55:12	12.73	--	1	1273	买盘
13:53:24	12.73	0.02	8	10184	买盘
13:53:15	12.71	--	20	25420	卖盘
13:52:57	12.71	--	5	6355	卖盘
13:52:30	12.71	--	1	1271	买盘
13:52:06	12.71	--	2	2542	买盘
13:52:03	12.71	-0.01	3	3813	买盘
13:51:36	12.72	--	77	97944	买盘
13:51:21	12.72	0.01	47	59784	买盘
13:51:00	12.71	--	22	27962	买盘
13:50:00	12.71	--	7	8897	买盘
13:49:48	12.71	--	10	12710	卖盘
13:49:27	12.71	--	10	12710	中性盘
13:49:03	12.71	0.01	6	7626	中性盘
13:48:36	12.7	-0.01	155	196850	卖盘
13:47:51	12.71	--	25	31775	卖盘
13:47:48	12.71	0.01	15	19065	卖盘
13:47:39	12.7	-0.02	100	127000	卖盘
13:47:21	12.72	0.01	20	25440	买盘
13:47:18	12.71	-0.01	2	2542	卖盘
13:46:27	12.72	--	74	94128	卖盘
13:46:12	12.72	-0.01	1	1272	卖盘
13:45:39	12.73	--	21	26733	卖盘
13:44:06	12.73	--	29	36917	买盘
13:43:39	12.73	--	22	28006	买盘
13:43:18	12.73	--	9	11457	卖盘
13:43:00	12.73	0.01	11	14003	中性盘
13:41:18	12.72	--	1	1272	卖盘
13:41:09	12.72	0.01	5	6360	中性盘
13:40:12	12.71	--	24	30504	卖盘
13:39:54	12.71	-0.03	2	2542	卖盘
13:39:00	12.74	--	39	49686	卖盘
13:38:33	12.74	--	5	6370	卖盘
13:38:27	12.74	--	5	6370	卖盘
13:38:12	12.74	--	3	3822	卖盘
13:38:03	12.74	--	10	12740	卖盘
13:37:57	12.74	--	5	6370	卖盘
13:37:18	12.74	0.03	133	169442	买盘
13:36:39	12.71	--	15	19065	买盘
13:36:15	12.71	--	46	58466	买盘
13:36:06	12.71	-0.02	39	49569	卖盘
13:35:57	12.73	0.01	2	2546	买盘
13:35:39	12.72	0.01	96	122112	买盘
13:35:24	12.71	0.01	18	22878	买盘
13:35:09	12.7	0.01	11	13970	中性盘
13:33:27	12.69	--	19	24111	卖盘
13:32:42	12.69	--	2	2538	卖盘
13:30:48	12.69	-0.01	10	12690	卖盘
13:30:12	12.7	--	6	7835	买盘
13:30:09	12.7	--	8	10160	买盘
13:30:00	12.7	--	2	2540	买盘
13:29:21	12.7	--	30	38100	买盘
13:28:54	12.7	--	20	25400	买盘
13:28:27	12.7	--	20	25400	买盘
13:28:18	12.7	0.01	1	1270	买盘
13:27:54	12.69	-0.01	10	12690	卖盘
13:27:36	12.7	--	20	26454	卖盘
13:27:00	12.7	--	8	10375	买盘
13:26:00	12.7	--	20	25400	买盘
13:22:42	12.7	0.02	1	1270	买盘
13:22:15	12.68	-0.02	3	3804	卖盘
13:21:48	12.7	0.02	40	50800	买盘
13:21:00	12.68	-0.02	5	6340	卖盘
13:19:57	12.7	0.02	5	6350	买盘
13:19:09	12.68	0.01	10	12680	买盘
13:18:45	12.67	-0.01	50	63350	卖盘
13:18:03	12.68	--	10	12680	买盘
13:17:42	12.68	0.01	10	12680	买盘
13:15:51	12.67	--	38	48146	买盘
13:15:18	12.67	--	1	1267	买盘
13:15:12	12.67	0.01	1	1267	买盘
13:15:09	12.66	-0.01	10	12660	卖盘
13:14:45	12.67	0.01	12	15204	买盘
13:14:09	12.66	--	1	1266	买盘
13:13:00	12.66	--	5	6330	买盘
13:12:54	12.66	0.01	8	10128	买盘
13:12:27	12.65	--	30	37950	卖盘
13:12:09	12.65	--	7	8855	买盘
13:12:03	12.65	--	5	6325	买盘
13:11:27	12.65	--	20	25300	买盘
13:11:06	12.65	0.01	1	1265	买盘
13:09:51	12.64	-0.01	10	12640	卖盘
13:07:54	12.65	--	5	6325	买盘
13:06:54	12.65	--	5	6325	买盘
13:06:24	12.65	0.01	9	11385	买盘
13:06:03	12.64	--	22	27808	买盘
13:04:24	12.64	--	10	12640	买盘
13:03:21	12.64	--	9	11376	买盘
13:03:12	12.64	0.01	9	11376	买盘
13:02:24	12.63	--	25	31575	卖盘
13:00:42	12.63	-0.02	5	6315	卖盘
13:00:12	12.65	-0.01	2	2530	中性盘
13:00:09	12.66	0.03	6	7596	买盘
13:00:06	12.63	-0.03	30	37890	卖盘
13:00:03	12.66	--	0	0	买盘
11:30:03	12.66	--	0	0	买盘
11:29:09	12.66	--	10	12660	买盘
11:28:21	12.66	--	78	98748	买盘
11:28:12	12.66	0.05	6	7596	买盘
11:27:00	12.61	-0.01	500	630500	卖盘
11:26:45	12.62	--	76	96227	买盘
11:26:42	12.62	--	4	5048	买盘
11:26:33	12.62	--	3	3785	买盘
11:26:27	12.62	--	3	3785	买盘
11:26:21	12.62	-0.05	413	522152	卖盘
11:26:12	12.67	0.04	1	1267	买盘
11:26:06	12.63	--	500	631500	卖盘
11:25:54	12.63	-0.04	500	631500	卖盘
11:25:42	12.67	0.01	1	1267	中性盘
11:25:12	12.66	--	30	37980	卖盘
11:24:39	12.66	--	74	93684	买盘
11:23:27	12.66	--	10	12660	买盘
11:23:09	12.66	--	3	3798	买盘
11:22:48	12.66	--	1	1266	买盘
11:22:24	12.66	--	4	5064	买盘
11:21:03	12.66	--	1	1266	买盘
11:20:12	12.66	--	4	5064	买盘
11:19:18	12.66	0.01	10	12660	买盘
11:17:48	12.65	-0.01	4	5060	卖盘
11:17:42	12.66	0.01	10	12660	买盘
11:16:03	12.65	0.01	0	366	中性盘
11:15:27	12.64	-0.02	65	82160	卖盘
11:15:24	12.66	0.01	3	3798	买盘
11:15:06	12.65	--	0	860	卖盘
11:14:30	12.65	--	0	25	卖盘
11:14:09	12.65	0.01	12	16141	买盘
11:14:06	12.64	-0.01	0	632	卖盘
11:13:54	12.65	0.01	40	50600	买盘
11:13:39	12.64	-0.01	9	11376	卖盘
11:13:27	12.65	--	3	3795	买盘
11:13:24	12.65	--	5	6325	买盘
11:13:15	12.65	0.01	10	12650	买盘
11:13:12	12.64	--	4	5056	卖盘
11:13:03	12.64	-0.01	8	10112	卖盘
11:12:54	12.65	--	1	1265	买盘
11:12:33	12.65	--	3	3795	买盘
11:12:30	12.65	--	23	30233	卖盘
11:12:09	12.65	--	1	1265	卖盘
11:11:45	12.65	--	2	2656	买盘
11:11:36	12.65	-0.01	28	35938	卖盘
11:11:30	12.66	0.01	5	6330	买盘
11:11:06	12.65	--	2	2530	卖盘
11:10:54	12.65	--	0	341	卖盘
11:10:45	12.65	--	1	1265	卖盘
11:10:33	12.65	-0.01	0	404	卖盘
11:10:27	12.66	--	5	6330	买盘
11:09:57	12.66	0.01	1	1266	买盘
11:09:51	12.65	-0.01	38	48070	卖盘
11:09:21	12.66	--	1	1266	买盘
11:09:18	12.66	--	14	17724	卖盘
11:08:18	12.66	-0.01	40	50640	卖盘
11:07:42	12.67	--	15	19005	卖盘
11:07:39	12.67	--	2	2534	卖盘
11:07:24	12.67	--	1	1267	买盘
11:07:21	12.67	--	9	11403	卖盘
11:06:39	12.67	--	4	5068	卖盘
11:06:27	12.67	--	3	3801	卖盘
11:05:24	12.67	0.01	10	12670	中性盘
11:05:09	12.66	--	3	3798	卖盘
11:04:57	12.66	0.01	1	1266	中性盘
11:03:36	12.65	-0.07	1	1265	卖盘
11:03:24	12.72	--	8	10176	买盘
11:03:12	12.72	--	20	25440	买盘
11:03:03	12.72	--	10	12720	买盘
11:02:12	12.72	0.07	1	1272	买盘
11:01:57	12.65	-0.03	500	632500	卖盘
11:00:45	12.68	-0.04	10	12680	卖盘
11:00:03	12.72	--	1	1272	买盘
10:59:21	12.72	--	1	1272	买盘
10:58:39	12.72	0.05	1	1272	买盘
10:58:18	12.67	-0.06	40	50680	卖盘
10:58:00	12.73	--	35	44555	买盘
10:56:36	12.73	--	1	1273	买盘
10:56:21	12.73	0.06	35	44555	买盘
10:55:27	12.67	--	2	2534	买盘
10:54:51	12.67	-0.06	8	10136	中性盘
10:53:33	12.73	--	6	7638	卖盘
10:53:15	12.73	0.07	74	94202	买盘
10:52:54	12.66	--	1	1266	买盘
10:52:15	12.66	-0.06	71	89886	卖盘
10:51:45	12.72	-0.01	1	1272	中性盘
10:51:15	12.73	--	1	1273	买盘
10:50:57	12.73	--	20	25460	卖盘
10:50:36	12.73	--	9	11457	卖盘
10:50:30	12.73	--	20	25460	买盘
10:50:15	12.73	--	1	1273	买盘
10:50:09	12.73	--	4	5092	买盘
10:49:39	12.73	-0.01	5	6365	中性盘
10:47:57	12.74	0.09	4	5096	买盘
10:47:30	12.65	-0.09	2	2808	卖盘
10:47:27	12.74	--	2	2548	卖盘
10:47:21	12.74	--	17	22651	买盘
10:47:00	12.74	0.12	85	108290	买盘
10:46:27	12.62	-0.01	52	65624	卖盘
10:46:21	12.63	--	18	22734	买盘
10:46:12	12.63	--	1	1263	买盘
10:46:09	12.63	--	30	37890	买盘
10:46:03	12.63	-0.01	100	126577	卖盘
10:45:48	12.64	-0.02	40	50560	卖盘
10:45:18	12.66	-0.02	25	31650	卖盘
10:44:15	12.68	--	6	7608	卖盘
10:44:06	12.68	-0.02	2	2536	卖盘
10:43:51	12.7	--	4	5080	卖盘
10:42:48	12.7	0.04	2	2540	买盘
10:42:18	12.66	0.01	12	15192	买盘
10:42:03	12.65	0.01	16	20240	买盘
10:41:57	12.64	-0.01	30	38905	卖盘
10:41:51	12.65	0.01	2	2530	买盘
10:41:06	12.64	--	1	1264	买盘
10:41:03	12.64	--	1	1264	买盘
10:40:45	12.64	-0.01	42	53366	卖盘
10:40:27	12.65	--	1	1265	买盘
10:40:24	12.65	--	12	15180	买盘
10:40:21	12.65	--	5	6325	买盘
10:39:54	12.65	--	19	24035	买盘
10:39:51	12.65	0.01	4	5060	买盘
10:39:45	12.64	-0.01	8	11097	卖盘
10:39:21	12.65	--	4	5060	买盘
10:39:18	12.65	-0.01	25	31625	卖盘
10:39:12	12.66	--	15	18990	买盘
10:38:54	12.66	--	10	12660	买盘
10:38:33	12.66	--	15	18990	买盘
10:38:12	12.66	--	2	2532	买盘
10:37:24	12.66	--	21	26586	卖盘
10:35:39	12.66	-0.02	5	6330	卖盘
10:35:30	12.68	0.02	4	5072	买盘
10:35:21	12.66	-0.02	32	40512	中性盘
10:33:00	12.68	--	10	12680	买盘
10:32:54	12.68	--	2	2536	买盘
10:32:36	12.68	--	1	1268	买盘
10:32:18	12.68	--	1	1268	买盘
10:32:03	12.68	0.06	1	1268	买盘
10:31:48	12.62	--	8	10096	买盘
10:31:45	12.62	-0.02	271	342279	卖盘
10:31:00	12.64	--	7	9833	买盘
10:30:42	12.64	--	15	18960	买盘
10:30:33	12.64	--	2	2528	买盘
10:30:30	12.64	--	2	2528	买盘
10:30:27	12.64	--	4	5056	买盘
10:30:24	12.64	--	12	15168	买盘
10:30:21	12.64	--	10	12640	买盘
10:30:18	12.64	--	9	11376	买盘
10:30:12	12.64	0.01	110	139040	买盘
10:29:45	12.63	-0.01	6	7578	卖盘
10:29:42	12.64	0.01	6	7584	买盘
10:29:30	12.63	-0.01	30	37890	卖盘
10:29:27	12.64	--	2	2528	买盘
10:29:21	12.64	--	5	6320	买盘
10:29:18	12.64	--	20	25280	买盘
10:29:09	12.64	-0.03	345	436080	卖盘
10:28:21	12.67	--	28	35476	卖盘
10:27:48	12.67	--	5	6335	卖盘
10:27:30	12.67	--	3	3801	买盘
10:27:12	12.67	--	20	25340	买盘
10:26:51	12.67	--	10	12670	买盘
10:26:48	12.67	--	20	25340	买盘
10:26:45	12.67	--	32	40544	卖盘
10:26:36	12.67	-0.01	50	63350	卖盘
10:26:24	12.68	0.01	5	6340	中性盘
10:25:54	12.67	-0.01	38	48146	卖盘
10:25:51	12.68	--	11	13948	买盘
10:25:45	12.68	--	1	1268	买盘
10:25:42	12.68	-0.02	7	8876	卖盘
10:25:36	12.7	0.02	3	3810	买盘
10:25:18	12.68	--	19	24092	卖盘
10:25:06	12.68	--	73	92564	买盘
10:24:54	12.68	--	6	7608	买盘
10:24:39	12.68	0.01	17	21556	买盘
10:24:30	12.67	-0.01	100	126700	卖盘
10:24:27	12.68	--	5	6340	买盘
10:24:03	12.68	-0.02	4	5072	卖盘
10:24:00	12.7	--	14	17780	买盘
10:22:15	12.7	--	24	30480	卖盘
10:22:03	12.7	-0.02	50	63500	卖盘
10:21:48	12.72	--	11	13992	卖盘
10:21:18	12.72	-0.03	7	8904	中性盘
10:19:45	12.75	--	5	6375	买盘
10:19:36	12.75	--	60	76500	买盘
10:18:48	12.75	0.05	30	38250	买盘
10:18:24	12.7	--	2	2540	买盘
10:18:21	12.7	--	10	12700	买盘
10:18:09	12.7	--	5	6350	买盘
10:18:03	12.7	--	21	26670	买盘
10:18:00	12.7	--	10	12700	买盘
10:17:30	12.7	--	35	44450	买盘
10:17:27	12.7	--	23	29210	买盘
10:17:09	12.7	--	18	22860	买盘
10:16:06	12.7	0.05	3	3810	买盘
10:15:51	12.65	-0.01	20	25300	卖盘
10:15:45	12.66	--	2	2532	买盘
10:15:42	12.66	--	15	18990	卖盘
10:15:39	12.66	--	27	34182	买盘
10:15:36	12.66	--	6	7596	卖盘
10:15:30	12.66	--	10	12660	买盘
10:15:21	12.66	--	10	12660	买盘
10:15:18	12.66	--	25	31650	卖盘
10:15:15	12.66	--	15	18990	卖盘
10:15:00	12.66	--	59	74909	买盘
10:14:54	12.66	--	8	10128	买盘
10:14:48	12.66	--	12	16242	卖盘
10:14:42	12.66	--	0	215	买盘
10:14:36	12.66	--	49	63084	卖盘
10:14:18	12.66	-0.02	71	89886	卖盘
10:14:15	12.68	-0.02	22	28111	卖盘
10:14:03	12.7	0.02	5	6350	买盘
10:14:00	12.68	-0.02	15	19020	卖盘
10:13:12	12.7	-0.01	18	22860	卖盘
10:13:06	12.71	0.01	23	29233	买盘
10:12:57	12.7	--	90	114300	卖盘
10:12:33	12.7	-0.01	14	17780	卖盘
10:12:21	12.71	--	5	6355	买盘
10:12:18	12.71	0.01	30	38130	买盘
10:12:15	12.7	-0.01	50	63500	卖盘
10:11:57	12.71	--	10	12710	买盘
10:11:51	12.71	-0.01	22	27962	卖盘
10:11:27	12.72	0.01	34	43248	买盘
10:11:21	12.71	-0.01	100	127100	卖盘
10:11:18	12.72	--	3	3816	买盘
10:11:09	12.72	--	41	52152	买盘
10:11:06	12.72	-0.01	22	27984	卖盘
10:11:03	12.73	0.01	4	5092	买盘
10:10:57	12.72	-0.01	100	127200	卖盘
10:10:54	12.73	--	10	12730	买盘
10:10:42	12.73	--	5	6365	买盘
10:09:24	12.73	--	5	6365	卖盘
10:08:57	12.73	-0.01	80	101840	卖盘
10:08:51	12.74	0.02	13	16562	买盘
10:08:33	12.72	-0.01	6	7632	卖盘
10:08:27	12.73	--	6	7638	买盘
10:08:24	12.73	--	23	29279	买盘
10:08:15	12.73	--	21	26733	卖盘
10:07:48	12.73	-0.01	10	12730	卖盘
10:07:12	12.74	0.01	10	12740	买盘
10:07:09	12.73	-0.01	5	6365	卖盘
10:06:42	12.74	--	37	47138	买盘
10:06:18	12.74	--	5	6370	买盘
10:05:42	12.74	0.01	10	12740	买盘
10:05:36	12.73	--	20	25460	卖盘
10:04:27	12.73	-0.02	13	16549	卖盘
10:04:09	12.75	--	62	79050	买盘
10:03:45	12.75	--	3	3825	买盘
10:03:09	12.75	--	30	38250	买盘
10:03:06	12.75	--	2	2550	买盘
10:03:03	12.75	0.02	4	5100	买盘
10:02:42	12.73	-0.02	20	25460	中性盘
10:02:15	12.75	--	14	17850	买盘
10:02:12	12.75	--	10	12750	买盘
10:02:09	12.75	--	13	16575	买盘
10:02:03	12.75	-0.01	72	91800	卖盘
10:01:39	12.76	-0.01	29	37004	卖盘
10:01:36	12.77	--	4	5108	买盘
10:01:30	12.77	--	1	1277	买盘
10:01:18	12.77	--	2	2554	买盘
10:01:15	12.77	-0.01	20	25540	卖盘
10:00:48	12.78	-0.01	93	118854	卖盘
10:00:24	12.79	--	6	7673	买盘
10:00:03	12.79	--	72	93149	卖盘
09:59:54	12.79	--	7	8953	卖盘
09:59:42	12.79	--	1	1279	卖盘
09:59:33	12.79	--	5	6395	卖盘
09:59:27	12.79	--	12	15565	买盘
09:59:24	12.79	--	50	63949	买盘
09:59:18	12.79	--	35	44765	买盘
09:59:12	12.79	--	3	3836	买盘
09:59:09	12.79	--	9	12572	卖盘
09:58:51	12.79	-0.01	9	11511	卖盘
09:58:39	12.8	-0.03	35	44800	卖盘
09:58:24	12.83	--	5	6415	买盘
09:58:21	12.83	0.03	1	1283	买盘
09:58:15	12.8	-0.03	100	128000	卖盘
09:57:48	12.83	-0.01	36	46188	卖盘
09:57:36	12.84	--	4	5136	卖盘
09:57:15	12.84	--	9	11556	买盘
09:57:06	12.84	0.01	13	16692	买盘
09:57:00	12.83	-0.01	1	1283	卖盘
09:56:54	12.84	0.01	119	152796	买盘
09:56:24	12.83	--	30	38490	卖盘
09:56:21	12.83	--	5	6415	买盘
09:56:15	12.83	-0.01	10	12830	中性盘
09:56:06	12.84	0.01	10	12840	买盘
09:55:48	12.83	--	8	10264	买盘
09:55:36	12.83	--	14	17962	买盘
09:55:00	12.83	0.03	100	128300	买盘
09:54:36	12.8	0.01	17	21760	买盘
09:54:24	12.79	--	17	21743	卖盘
09:54:21	12.79	--	1	1279	卖盘
09:53:21	12.79	0.01	32	41145	买盘
09:53:15	12.78	-0.01	2	2556	卖盘
09:52:27	12.79	--	5	6395	买盘
09:52:15	12.79	0.01	59	75461	买盘
09:51:51	12.78	--	30	38340	卖盘
09:51:30	12.78	--	5	6390	卖盘
09:51:21	12.78	--	3	3834	卖盘
09:51:09	12.78	-0.01	16	20448	卖盘
09:51:03	12.79	-0.01	23	30478	卖盘
09:50:54	12.8	--	3	3840	中性盘
09:50:42	12.8	-0.01	10	12800	卖盘
09:50:27	12.81	--	1	1281	买盘
09:50:09	12.81	-0.01	49	62769	卖盘
09:49:51	12.82	--	1	1282	中性盘
09:49:39	12.82	--	52	66664	卖盘
09:49:21	12.82	--	13	16666	卖盘
09:49:18	12.82	--	25	32050	买盘
09:48:57	12.82	0.01	14	17948	买盘
09:48:54	12.81	--	7	8967	买盘
09:48:42	12.81	0.01	10	12810	买盘
09:48:18	12.8	--	2	2560	卖盘
09:48:03	12.8	--	50	64000	卖盘
09:47:54	12.8	-0.03	20	25600	卖盘
09:47:00	12.83	0.01	50	64150	买盘
09:46:57	12.82	--	5	6410	卖盘
09:46:51	12.82	-0.01	5	6410	卖盘
09:46:36	12.83	--	5	6415	买盘
09:46:33	12.83	--	10	12830	买盘
09:46:21	12.83	-0.01	33	42339	中性盘
09:45:21	12.84	0.04	27	34668	买盘
09:45:18	12.8	-0.03	2	2560	卖盘
09:45:06	12.83	--	9	11547	卖盘
09:44:57	12.83	--	22	28226	卖盘
09:44:54	12.83	-0.01	32	41056	卖盘
09:44:51	12.84	0.01	3	3852	买盘
09:44:42	12.83	--	12	15396	买盘
09:44:39	12.83	-0.01	3	3849	买盘
09:44:24	12.84	--	6	7704	卖盘
09:44:18	12.84	0.05	13	16692	买盘
09:44:15	12.79	-0.04	61	78019	卖盘
09:44:12	12.83	-0.01	10	12830	卖盘
09:43:57	12.84	0.01	2	2568	买盘
09:43:51	12.83	--	6	7916	买盘
09:43:24	12.83	0.03	27	34641	买盘
09:43:18	12.8	--	7	8960	买盘
09:43:15	12.8	--	107	136960	买盘
09:43:03	12.8	--	4	5120	买盘
09:42:51	12.8	--	27	34560	买盘
09:42:42	12.8	0.01	11	14080	买盘
09:41:51	12.79	--	100	127899	买盘
09:41:39	12.79	--	2	2558	买盘
09:41:30	12.79	0.01	10	12790	买盘
09:41:24	12.78	--	10	12780	卖盘
09:41:12	12.78	--	17	21726	买盘
09:41:06	12.78	-0.01	23	29394	中性盘
09:40:42	12.79	--	1	1279	买盘
09:40:39	12.79	--	35	44765	买盘
09:40:18	12.79	0.03	18	23022	买盘
09:40:06	12.76	--	37	47212	卖盘
09:39:57	12.76	--	37	47212	卖盘
09:39:51	12.76	--	19	24244	买盘
09:39:39	12.76	--	4	5104	卖盘
09:39:21	12.76	-0.02	9	11484	卖盘
09:39:12	12.78	--	1	1278	买盘
09:39:00	12.78	--	1	1278	买盘
09:38:54	12.78	-0.01	3	3834	买盘
09:38:36	12.79	--	55	70345	买盘
09:38:24	12.79	0.04	8	10232	买盘
09:38:21	12.75	-0.02	24	30600	卖盘
09:38:18	12.77	-0.01	11	14047	卖盘
09:38:12	12.78	--	10	12780	卖盘
09:38:09	12.78	--	9	11502	卖盘
09:38:00	12.78	0.01	2	2556	中性盘
09:37:48	12.77	--	1	1277	买盘
09:37:42	12.77	0.02	57	72789	买盘
09:37:30	12.75	0.03	39	49725	买盘
09:36:48	12.72	--	3	3816	买盘
09:36:45	12.72	0.01	7	8904	买盘
09:36:39	12.71	--	18	22878	卖盘
09:36:36	12.71	--	2	2542	卖盘
09:36:27	12.71	--	7	8897	卖盘
09:36:21	12.71	--	19	24149	买盘
09:36:12	12.71	0.02	8	10168	买盘
09:36:09	12.69	-0.02	12	15228	卖盘
09:36:06	12.71	0.02	3	3813	买盘
09:35:27	12.69	0.01	13	16497	买盘
09:35:18	12.68	--	2	2536	卖盘
09:35:09	12.68	--	1	1268	卖盘
09:34:48	12.68	--	5	6340	卖盘
09:34:30	12.68	--	66	83688	买盘
09:34:06	12.68	-0.01	5	6340	卖盘
09:33:48	12.69	--	1	1269	买盘
09:33:24	12.69	0.01	1	1269	买盘
09:33:03	12.68	-0.01	2	2536	卖盘
09:32:51	12.69	0.01	27	34263	买盘
09:32:45	12.68	--	7	8876	买盘
09:32:03	12.68	0.02	50	63400	买盘
09:31:54	12.66	--	10	12660	买盘
09:31:33	12.66	0.03	2	2532	买盘
09:30:54	12.63	-0.03	10	12630	卖盘
09:30:51	12.66	--	27	34182	买盘
09:30:48	12.66	0.03	15	18990	买盘
09:30:42	12.63	--	80	101040	卖盘
09:30:18	12.63	--	6	7578	卖盘
09:30:06	12.63	-0.06	49	61887	卖盘
09:30:03	12.69	--	0	0	买盘
09:25:03	12.69	12.69	5	6345	买盘
