成交时间	成交价	价格变动	成交量(手)	成交额(元)	性质
15:00:03	73.37	--	347	2545939	卖盘
14:57:00	73.37	--	69	506253	卖盘
14:56:57	73.37	--	3	22011	卖盘
14:56:48	73.37	--	1	7337	卖盘
14:56:42	73.37	--	16	117392	卖盘
14:56:36	73.37	--	17	124729	卖盘
14:56:33	73.37	--	7	51359	卖盘
14:56:30	73.37	--	1	7337	卖盘
14:56:24	73.37	--	24	176088	卖盘
14:56:21	73.37	--	56	410872	卖盘
14:56:18	73.37	--	4	29348	卖盘
14:56:15	73.37	--	8	58696	卖盘
14:56:09	73.37	--	8	58696	卖盘
14:56:06	73.37	--	12	88044	卖盘
14:56:03	73.37	--	10	73370	卖盘
14:55:54	73.37	--	1	7337	卖盘
14:55:48	73.37	--	3	22011	卖盘
14:55:45	73.37	--	20	146740	卖盘
14:55:39	73.37	--	3	22011	卖盘
14:55:36	73.37	--	5	36685	卖盘
14:55:33	73.37	--	60	440220	卖盘
14:55:27	73.37	--	6	44022	卖盘
14:55:24	73.37	--	5	36685	卖盘
14:55:21	73.37	--	2	14674	卖盘
14:55:18	73.37	--	5	36685	卖盘
14:55:15	73.37	--	5	36685	卖盘
14:55:12	73.37	--	1	7337	卖盘
14:55:09	73.37	--	5	36685	卖盘
14:55:06	73.37	--	4	29348	卖盘
14:55:03	73.37	--	11	80707	卖盘
14:54:54	73.37	--	3	22011	卖盘
14:54:51	73.37	--	1	7337	卖盘
14:54:48	73.37	--	1	7337	卖盘
14:54:45	73.37	--	6	44022	卖盘
14:54:42	73.37	--	7	51359	卖盘
14:54:39	73.37	--	15	110055	卖盘
14:54:36	73.37	--	2	14674	卖盘
14:54:33	73.37	--	5	36685	卖盘
14:54:27	73.37	--	2	14674	卖盘
14:54:24	73.37	--	2	14674	卖盘
14:54:21	73.37	--	1	7337	卖盘
14:54:18	73.37	--	2	14674	卖盘
14:54:15	73.37	--	9	66033	卖盘
14:54:12	73.37	--	2	14674	卖盘
14:54:06	73.37	--	1	7337	卖盘
14:54:03	73.37	--	2	14674	卖盘
14:54:00	73.37	--	5	36685	卖盘
14:53:48	73.37	--	6	44022	卖盘
14:53:45	73.37	--	1	7337	卖盘
14:53:42	73.37	--	1	7337	卖盘
14:53:39	73.37	--	1	7337	卖盘
14:53:33	73.37	--	7	51359	卖盘
14:53:30	73.37	--	2	14674	卖盘
14:53:27	73.37	--	5	36685	卖盘
14:53:24	73.37	--	13	95381	卖盘
14:53:21	73.37	--	95	697015	卖盘
14:53:18	73.37	--	1	7337	卖盘
14:53:15	73.37	--	4	29348	卖盘
14:53:09	73.37	--	5	36685	卖盘
14:53:06	73.37	--	2	14674	卖盘
14:53:03	73.37	--	18	132066	卖盘
14:52:57	73.37	--	29	212773	卖盘
14:52:54	73.37	--	37	271469	卖盘
14:52:51	73.37	--	5	43948	卖盘
14:52:48	73.37	--	83	608971	卖盘
14:52:45	73.37	--	28	205436	卖盘
14:52:42	73.37	--	16	117392	卖盘
14:52:39	73.37	--	11	80707	卖盘
14:52:36	73.37	--	1	7337	卖盘
14:52:30	73.37	--	13	95381	卖盘
14:52:27	73.37	--	15	110055	卖盘
14:52:24	73.37	--	32	234784	卖盘
14:52:21	73.37	--	18	132066	卖盘
14:52:18	73.37	--	17	124729	卖盘
14:52:15	73.37	--	96	704352	卖盘
14:52:12	73.37	--	27	198099	卖盘
14:52:09	73.37	--	38	278806	卖盘
14:52:06	73.37	--	65	476905	卖盘
14:52:03	73.37	--	180	1324328	卖盘
14:52:00	73.37	--	34	249458	买盘
14:51:57	73.37	--	9	66033	买盘
14:51:54	73.37	0.01	72	528264	买盘
14:51:51	73.36	0.04	19	139384	中性盘
14:51:48	73.32	-0.04	54	395927	卖盘
14:51:45	73.36	-0.01	19	139384	卖盘
14:51:42	73.37	--	14	102718	买盘
14:51:39	73.37	--	4	29348	买盘
14:51:36	73.37	--	38	282474	卖盘
14:51:33	73.37	--	118	869434	卖盘
14:51:30	73.37	--	158	1159246	卖盘
14:51:27	73.37	--	62	454894	卖盘
14:51:24	73.37	--	210	1540770	卖盘
14:51:21	73.37	--	78	572286	卖盘
14:51:18	73.37	--	642	4710354	卖盘
14:51:15	73.37	--	607	4453559	卖盘
14:51:12	73.37	--	103	755711	卖盘
14:51:09	73.37	--	311	2281807	卖盘
14:51:06	73.37	--	7	51359	卖盘
14:51:03	73.37	--	2	14674	卖盘
14:50:54	73.37	--	1388	10190652	卖盘
14:50:42	73.37	--	10	73370	卖盘
14:50:33	73.37	--	1	7337	卖盘
14:50:21	73.37	--	1	7337	卖盘
14:50:12	73.37	--	1	7337	卖盘
14:50:09	73.37	--	1	7337	卖盘
14:50:06	73.37	--	1	7337	卖盘
14:49:54	73.37	--	1	7337	卖盘
14:49:51	73.37	--	2	14674	卖盘
14:49:45	73.37	--	13	95381	卖盘
14:49:39	73.37	--	5	36685	卖盘
14:49:36	73.37	--	3	22011	卖盘
14:49:33	73.37	--	1	7337	卖盘
14:49:30	73.37	--	16	117392	卖盘
14:49:21	73.37	--	1	7337	卖盘
14:49:15	73.37	--	1	7337	卖盘
14:49:03	73.37	--	2	14674	卖盘
14:49:00	73.37	--	8	58696	卖盘
14:48:51	73.37	--	31	227447	卖盘
14:48:48	73.37	--	6	44022	卖盘
14:48:21	73.37	--	43	315491	卖盘
14:48:03	73.37	--	5	36685	卖盘
14:47:51	73.37	--	1	7337	卖盘
14:47:45	73.37	--	3	22011	卖盘
14:47:36	73.37	--	2	14674	卖盘
14:47:24	73.37	--	1	7337	卖盘
14:47:21	73.37	--	5	36685	卖盘
14:47:15	73.37	--	2	14674	卖盘
14:47:03	73.37	--	1	7337	卖盘
14:47:00	73.37	--	46	337502	卖盘
14:46:57	73.37	--	4	29348	卖盘
14:46:51	73.37	--	2	14674	卖盘
14:46:48	73.37	--	1	7337	卖盘
14:46:27	73.37	--	5	36685	卖盘
14:46:24	73.37	--	5	36685	卖盘
14:46:21	73.37	--	1	7337	卖盘
14:46:18	73.37	--	1	7337	卖盘
14:45:54	73.37	--	1	7337	卖盘
14:45:45	73.37	--	1	7337	卖盘
14:45:42	73.37	--	4	29348	卖盘
14:45:39	73.37	--	5	36685	卖盘
14:45:27	73.37	--	1	7337	卖盘
14:45:15	73.37	--	20	146740	卖盘
14:45:03	73.37	--	1	7337	卖盘
14:44:54	73.37	--	5	36685	卖盘
14:44:51	73.37	--	6	44022	卖盘
14:44:33	73.37	--	2	14674	卖盘
14:44:24	73.37	--	2	14674	卖盘
14:44:15	73.37	--	4	29348	卖盘
14:44:06	73.37	--	1	7337	卖盘
14:44:03	73.37	--	8	58696	卖盘
14:44:00	73.37	--	3	22011	卖盘
14:43:54	73.37	--	2	14674	卖盘
14:43:51	73.37	--	2	14674	卖盘
14:43:48	73.37	--	3	22011	卖盘
14:43:39	73.37	--	15	110055	卖盘
14:43:36	73.37	--	96	704352	卖盘
14:43:33	73.37	--	2	14674	卖盘
14:43:30	73.37	--	15	110055	卖盘
14:43:27	73.37	--	2	14674	卖盘
14:43:21	73.37	--	11	80707	卖盘
14:43:18	73.37	--	13	95381	卖盘
14:43:12	73.37	--	1	7337	卖盘
14:43:09	73.37	--	1	7337	卖盘
14:43:00	73.37	--	2	14674	卖盘
14:42:54	73.37	--	3	22011	卖盘
14:42:45	73.37	--	1	7337	卖盘
14:42:39	73.37	--	2	14674	卖盘
14:42:36	73.37	--	8	58696	卖盘
14:42:27	73.37	--	1	7337	卖盘
14:42:24	73.37	--	2	14674	卖盘
14:42:21	73.37	--	1	7337	卖盘
14:42:18	73.37	--	1	7337	卖盘
14:42:12	73.37	--	3	22011	卖盘
14:42:09	73.37	--	4	29348	卖盘
14:42:00	73.37	--	3	22011	卖盘
14:41:57	73.37	--	3	22011	卖盘
14:41:54	73.37	--	1	7337	卖盘
14:41:51	73.37	--	24	176088	卖盘
14:41:42	73.37	--	11	80707	卖盘
14:41:36	73.37	--	4	29348	卖盘
14:41:33	73.37	--	5	36685	卖盘
14:41:30	73.37	--	2	14674	卖盘
14:41:12	73.37	--	9	66033	卖盘
14:41:09	73.37	--	4	29348	卖盘
14:41:06	73.37	--	10	73370	卖盘
14:41:03	73.37	--	1	7337	卖盘
14:40:45	73.37	--	5	36685	卖盘
14:40:36	73.37	--	1	7337	卖盘
14:40:33	73.37	--	50	366850	卖盘
14:40:30	73.37	--	4	29348	卖盘
14:40:27	73.37	--	3	22011	卖盘
14:40:24	73.37	--	40	293480	卖盘
14:40:18	73.37	--	2	14674	卖盘
14:40:12	73.37	--	4	29348	卖盘
14:40:06	73.37	--	4	29348	卖盘
14:40:03	73.37	--	2	14674	卖盘
14:40:00	73.37	--	8	58696	卖盘
14:39:51	73.37	--	1	7337	卖盘
14:39:48	73.37	--	52	381524	卖盘
14:39:42	73.37	--	25	183425	卖盘
14:39:39	73.37	--	20	146740	卖盘
14:39:30	73.37	--	44	322828	卖盘
14:39:24	73.37	--	5	36685	卖盘
14:39:18	73.37	--	5	36685	卖盘
14:39:12	73.37	--	1	7337	卖盘
14:39:09	73.37	--	37	271469	卖盘
14:39:06	73.37	--	2	14674	卖盘
14:38:57	73.37	--	2	14674	卖盘
14:38:54	73.37	--	10	73370	卖盘
14:38:48	73.37	--	1	7337	卖盘
14:38:45	73.37	--	2	14674	卖盘
14:38:42	73.37	--	50	366850	卖盘
14:38:39	73.37	--	30	220110	卖盘
14:38:36	73.37	--	1	7337	卖盘
14:38:33	73.37	--	4	29348	卖盘
14:38:24	73.37	--	1	7337	卖盘
14:38:21	73.37	--	1	7337	卖盘
14:38:15	73.37	--	9	66033	卖盘
14:38:09	73.37	--	15	110055	卖盘
14:38:06	73.37	--	3	22011	卖盘
14:37:57	73.37	--	1	7337	卖盘
14:37:54	73.37	--	1	7337	卖盘
14:37:45	73.37	--	10	73370	卖盘
14:37:36	73.37	--	6	44022	卖盘
14:37:27	73.37	--	1	7337	卖盘
14:37:24	73.37	--	20	146740	卖盘
14:37:21	73.37	--	5	36685	卖盘
14:37:12	73.37	--	1	7337	卖盘
14:37:06	73.37	--	1	7337	卖盘
14:37:03	73.37	--	44	322828	卖盘
14:36:57	73.37	--	2	14674	卖盘
14:36:51	73.37	--	6	44022	卖盘
14:36:45	73.37	--	2	14674	卖盘
14:36:30	73.37	--	1	7337	卖盘
14:36:24	73.37	--	8	58696	卖盘
14:36:21	73.37	--	3	22011	卖盘
14:36:15	73.37	--	5	36685	卖盘
14:36:09	73.37	--	3	22011	卖盘
14:36:06	73.37	--	3	22011	卖盘
14:36:03	73.37	--	20	146740	卖盘
14:36:00	73.37	--	7	51359	卖盘
14:35:57	73.37	--	2	14674	卖盘
14:35:54	73.37	--	20	146740	卖盘
14:35:48	73.37	--	1	7337	卖盘
14:35:45	73.37	--	10	73370	卖盘
14:35:42	73.37	--	1	7337	卖盘
14:35:39	73.37	--	6	44022	卖盘
14:35:36	73.37	--	1	7337	卖盘
14:35:33	73.37	--	93	682341	卖盘
14:35:30	73.37	--	4	29348	卖盘
14:35:27	73.37	--	4	29348	卖盘
14:35:18	73.37	--	1	11005	卖盘
14:35:03	73.37	--	1	7337	卖盘
14:34:54	73.37	--	1	7337	卖盘
14:34:48	73.37	--	1	7337	卖盘
14:34:42	73.37	--	6	44022	卖盘
14:34:39	73.37	--	1	7337	卖盘
14:34:24	73.37	--	98	719026	卖盘
14:34:21	73.37	--	1	7337	卖盘
14:34:18	73.37	--	2	14674	卖盘
14:34:12	73.37	--	5	36685	卖盘
14:34:09	73.37	--	2	14674	卖盘
14:34:03	73.37	--	31	227447	卖盘
14:33:54	73.37	--	15	110055	卖盘
14:33:51	73.37	--	5	36685	卖盘
14:33:48	73.37	--	5	36685	卖盘
14:33:42	73.37	--	1	7337	卖盘
14:33:39	73.37	--	1	7337	卖盘
14:33:36	73.37	--	10	73370	卖盘
14:33:33	73.37	--	5	36685	卖盘
14:33:30	73.37	--	5	36685	卖盘
14:33:15	73.37	--	2	14674	卖盘
14:33:12	73.37	--	20	146740	卖盘
14:33:00	73.37	--	3	22011	卖盘
14:32:51	73.37	--	2	14674	卖盘
14:32:45	73.37	--	21	154077	卖盘
14:32:42	73.37	--	2	14674	卖盘
14:32:36	73.37	--	7	51359	卖盘
14:32:33	73.37	--	2	14674	卖盘
14:32:27	73.37	--	9	66033	卖盘
14:32:24	73.37	--	10	73370	卖盘
14:32:21	73.37	--	6	44022	卖盘
14:32:18	73.37	--	7	51359	卖盘
14:32:15	73.37	--	3	22011	卖盘
14:32:09	73.37	--	5	36685	卖盘
14:32:03	73.37	--	3	22011	卖盘
14:31:57	73.37	--	1	7337	卖盘
14:31:48	73.37	--	3	22011	卖盘
14:31:42	73.37	--	1	7337	卖盘
14:31:39	73.37	--	5	36685	卖盘
14:31:36	73.37	--	7	51359	卖盘
14:31:33	73.37	--	5	36685	卖盘
14:31:30	73.37	--	10	73370	卖盘
14:31:27	73.37	--	10	73370	卖盘
14:31:21	73.37	--	5	36685	卖盘
14:31:18	73.37	--	1	7337	卖盘
14:31:15	73.37	--	8	58696	卖盘
14:31:12	73.37	--	2	14674	卖盘
14:31:06	73.37	--	3	22011	卖盘
14:30:57	73.37	--	2	14674	卖盘
14:30:51	73.37	--	1	7337	卖盘
14:30:42	73.37	--	35	256795	卖盘
14:30:36	73.37	--	3	22011	卖盘
14:30:30	73.37	--	4	29348	卖盘
14:30:27	73.37	--	6	44022	卖盘
14:30:24	73.37	--	7	51359	卖盘
14:30:21	73.37	--	7	51359	卖盘
14:30:15	73.37	--	67	491579	卖盘
14:30:09	73.37	--	53	388861	卖盘
14:30:03	73.37	--	33	242121	卖盘
14:30:00	73.37	--	1	7337	卖盘
14:29:57	73.37	--	3	22011	卖盘
14:29:54	73.37	--	3	22011	卖盘
14:29:51	73.37	--	4	29348	卖盘
14:29:48	73.37	--	151	1107887	卖盘
14:29:45	73.37	--	4	29348	卖盘
14:29:39	73.37	--	4	29348	卖盘
14:29:36	73.37	--	1	7337	卖盘
14:29:33	73.37	--	2	14674	卖盘
14:29:30	73.37	--	56	410872	卖盘
14:29:27	73.37	--	4	29348	卖盘
14:29:24	73.37	--	6	44022	卖盘
14:29:21	73.37	--	1	7337	卖盘
14:29:18	73.37	--	2	14674	卖盘
14:29:12	73.37	--	13	95381	卖盘
14:29:09	73.37	--	5	36685	卖盘
14:29:06	73.37	--	2	14674	卖盘
14:29:03	73.37	--	1	7337	卖盘
14:29:00	73.37	--	1	7337	卖盘
14:28:54	73.37	--	2	14674	卖盘
14:28:48	73.37	--	14	102718	卖盘
14:28:45	73.37	--	28	205436	卖盘
14:28:42	73.37	--	4	29348	卖盘
14:28:39	73.37	--	3	22011	卖盘
14:28:33	73.37	--	10	73370	卖盘
14:28:27	73.37	--	52	381524	卖盘
14:28:21	73.37	--	65	476905	卖盘
14:28:12	73.37	--	1	7337	卖盘
14:28:09	73.37	--	4	29348	卖盘
14:28:06	73.37	--	4	29348	卖盘
14:28:03	73.37	--	5	36685	卖盘
14:28:00	73.37	--	4	29348	卖盘
14:27:57	73.37	--	9	66033	卖盘
14:27:48	73.37	--	6	44022	卖盘
14:27:45	73.37	--	28	205436	卖盘
14:27:42	73.37	--	80	586960	卖盘
14:27:39	73.37	--	13	95381	卖盘
14:27:36	73.37	--	1	7337	卖盘
14:27:33	73.37	--	3	22011	卖盘
14:27:30	73.37	--	2	14674	卖盘
14:27:24	73.37	--	6	44022	卖盘
14:27:21	73.37	--	1	7337	卖盘
14:27:18	73.37	--	13	95381	卖盘
14:27:15	73.37	--	5	36685	卖盘
14:27:12	73.37	--	6	44022	卖盘
14:27:09	73.37	--	13	95381	卖盘
14:27:06	73.37	--	15	110055	卖盘
14:27:03	73.37	--	8	58696	卖盘
14:27:00	73.37	--	14	102718	卖盘
14:26:57	73.37	--	9	66033	卖盘
14:26:54	73.37	--	1	7337	卖盘
14:26:51	73.37	--	37	271469	卖盘
14:26:48	73.37	--	4	29348	卖盘
14:26:45	73.37	--	2	14674	卖盘
14:26:42	73.37	--	20	146740	卖盘
14:26:39	73.37	--	6	44022	卖盘
14:26:36	73.37	--	29	212773	卖盘
14:26:33	73.37	--	32	234784	卖盘
14:26:30	73.37	--	7	51359	卖盘
14:26:27	73.37	--	5	36685	卖盘
14:26:24	73.37	--	13	95381	卖盘
14:26:21	73.37	--	36	264132	卖盘
14:26:18	73.37	--	3	22011	卖盘
14:26:15	73.37	--	22	161414	卖盘
14:26:12	73.37	--	1	7337	卖盘
14:26:09	73.37	--	19	139403	卖盘
14:26:06	73.37	--	654	4798398	卖盘
14:26:03	73.37	--	22	161414	卖盘
14:26:00	73.37	--	68	498916	卖盘
14:25:57	73.37	--	23	168751	卖盘
14:25:54	73.37	--	14	102718	卖盘
14:25:51	73.37	--	19	139403	卖盘
14:25:48	73.37	--	151	1107887	卖盘
14:25:45	73.37	--	47	344839	卖盘
14:25:42	73.37	--	18	132066	卖盘
14:25:39	73.37	--	21	154077	卖盘
14:25:36	73.37	--	6	44022	卖盘
14:25:33	73.37	--	126	924462	卖盘
14:25:30	73.37	--	65	476905	卖盘
14:25:27	73.37	--	29	212773	卖盘
14:25:24	73.37	--	55	403535	卖盘
14:25:21	73.37	--	50	366850	卖盘
14:25:18	73.37	--	33	242121	卖盘
14:25:15	73.37	--	202	1482074	卖盘
14:25:12	73.37	--	15	110055	卖盘
14:25:09	73.37	--	64	469568	卖盘
14:25:06	73.37	--	340	2494580	卖盘
14:25:03	73.37	--	403	2956811	卖盘
14:25:00	73.37	--	50	366850	卖盘
14:24:57	73.37	--	96	704352	卖盘
14:24:54	73.37	--	17	124729	卖盘
14:24:51	73.37	--	18	132066	卖盘
14:24:48	73.37	--	66	484242	卖盘
14:24:45	73.37	--	12	88044	卖盘
14:24:42	73.37	--	57	418209	卖盘
14:24:39	73.37	--	25	183425	卖盘
14:24:36	73.37	--	11	80707	卖盘
14:24:33	73.37	--	57	418209	卖盘
14:24:30	73.37	--	44	322828	卖盘
14:24:27	73.37	--	43	315491	卖盘
14:24:24	73.37	--	182	1335334	卖盘
14:24:21	73.37	--	27	198099	卖盘
14:24:18	73.37	--	10	73370	卖盘
14:24:15	73.37	--	3	22011	卖盘
14:24:12	73.37	--	40	293480	卖盘
14:24:09	73.37	--	33	242121	卖盘
14:24:06	73.37	--	66	484242	卖盘
14:24:03	73.37	--	8	58696	卖盘
14:24:00	73.37	--	14	102718	卖盘
14:23:57	73.37	--	53	388861	卖盘
14:23:54	73.37	--	35	256795	卖盘
14:23:51	73.37	--	59	432883	卖盘
14:23:48	73.37	--	40	293480	卖盘
14:23:45	73.37	--	19	139403	卖盘
14:23:42	73.37	--	45	330165	卖盘
14:23:39	73.37	--	14	102718	卖盘
14:23:36	73.37	--	95	697015	卖盘
14:23:33	73.37	--	35	256795	卖盘
14:23:30	73.37	--	36	264132	卖盘
14:23:27	73.37	--	97	711689	卖盘
14:23:24	73.37	--	50	366850	卖盘
14:23:21	73.37	--	118	865766	卖盘
14:23:18	73.37	--	48	352176	卖盘
14:23:15	73.37	--	197	1445389	卖盘
14:23:12	73.37	--	108	792396	卖盘
14:23:09	73.37	--	307	2252459	卖盘
14:23:06	73.37	--	197	1445389	卖盘
14:23:03	73.37	--	129	946473	卖盘
14:23:00	73.37	--	211	1548107	卖盘
14:22:57	73.37	--	157	1151909	卖盘
14:22:54	73.37	--	167	1225279	卖盘
14:22:51	73.37	--	120	880440	卖盘
14:22:48	73.37	--	55	403535	卖盘
14:22:45	73.37	--	57	418209	卖盘
14:22:42	73.37	--	124	909788	卖盘
14:22:39	73.37	--	70	513590	卖盘
14:22:36	73.37	--	242	1775554	卖盘
14:22:33	73.37	--	68	498916	卖盘
14:22:30	73.37	--	147	1078539	卖盘
14:22:27	73.37	--	186	1364682	卖盘
14:22:24	73.37	--	113	829081	卖盘
14:22:21	73.37	--	213	1562781	卖盘
14:22:18	73.37	--	156	1144572	卖盘
14:22:15	73.37	--	79	579623	卖盘
14:22:12	73.37	--	80	586960	卖盘
14:22:09	73.37	0.01	5242	38460554	卖盘
14:22:06	73.36	0.06	1049	7695464	买盘
14:22:03	73.3	--	23	168590	买盘
14:22:00	73.3	--	65	476450	买盘
14:21:57	73.3	0.02	210	1539300	买盘
14:21:54	73.28	--	49	359072	买盘
14:21:51	73.28	0.01	57	417696	买盘
14:21:48	73.27	0.17	379	2776933	买盘
14:21:45	73.1	0.1	50	365500	买盘
14:21:42	73.0	0.19	1402	10235403	买盘
14:21:39	72.81	-0.08	5	36405	卖盘
14:21:36	72.89	-0.01	488	3557032	中性盘
14:21:33	72.9	0.09	30	218700	买盘
14:21:30	72.81	--	28	203868	卖盘
14:21:27	72.81	-0.08	16	116496	中性盘
14:21:24	72.89	0.09	361	2631329	买盘
14:21:21	72.8	0.01	45	327600	买盘
14:21:18	72.79	--	17	123743	买盘
14:21:15	72.79	0.02	9	65511	买盘
14:21:12	72.77	--	1	7277	卖盘
14:21:09	72.77	0.07	42	305634	买盘
14:21:03	72.7	--	5	36350	卖盘
14:21:00	72.7	-0.07	4	29080	中性盘
14:20:57	72.77	--	80	582160	买盘
14:20:54	72.77	0.07	41	298357	买盘
14:20:51	72.7	--	3	21810	卖盘
14:20:48	72.7	--	107	777890	卖盘
14:20:42	72.7	--	16	116320	卖盘
14:20:39	72.7	-0.07	3	21810	卖盘
14:20:36	72.77	0.07	7	50939	买盘
14:20:33	72.7	-0.07	1	7270	卖盘
14:20:27	72.77	0.07	12	87324	买盘
14:20:24	72.7	-0.02	8	58160	买盘
14:20:21	72.72	-0.05	20	145440	卖盘
14:20:18	72.77	--	2	14554	买盘
14:20:12	72.77	-0.02	5	36385	买盘
14:20:06	72.79	0.07	30	218370	买盘
14:20:03	72.72	-0.06	1	7272	卖盘
14:20:00	72.78	0.12	2	14556	中性盘
14:19:45	72.66	-0.12	1	7266	卖盘
14:19:42	72.78	-0.03	46	334788	卖盘
14:19:39	72.81	0.01	31	225711	买盘
14:19:36	72.8	--	21	152880	卖盘
14:19:33	72.8	--	24	174720	卖盘
14:19:30	72.8	-0.01	22	160160	卖盘
14:19:27	72.81	0.01	13	94653	买盘
14:19:24	72.8	--	10	72800	卖盘
14:19:21	72.8	--	4	29120	卖盘
14:19:18	72.8	0.01	11	80080	买盘
14:19:15	72.79	-0.01	3	21837	卖盘
14:19:12	72.8	-0.01	4	29120	买盘
14:19:09	72.81	--	49	356769	卖盘
14:19:06	72.81	--	20	145620	卖盘
14:19:03	72.81	--	18	131058	买盘
14:18:57	72.81	--	30	218430	卖盘
14:18:54	72.81	--	12	87372	卖盘
14:18:51	72.81	--	25	182025	卖盘
14:18:45	72.81	--	7	50967	卖盘
14:18:42	72.81	--	7	50967	卖盘
14:18:39	72.81	-0.06	1	7281	卖盘
14:18:36	72.87	-0.01	6	43722	中性盘
14:18:33	72.88	0.07	29	211352	买盘
14:18:30	72.81	-0.04	2	14562	卖盘
14:18:27	72.85	--	2	14569	买盘
14:18:24	72.85	-0.03	8	58279	卖盘
14:18:21	72.88	--	3	21864	买盘
14:18:18	72.88	--	12	87456	买盘
14:18:15	72.88	--	23	167624	买盘
14:18:12	72.88	--	7	51016	卖盘
14:18:09	72.88	--	21	153048	卖盘
14:18:06	72.88	--	14	102032	卖盘
14:18:03	72.88	--	7	51016	卖盘
14:18:00	72.88	0.08	13	94744	买盘
14:17:57	72.8	--	51	371280	卖盘
14:17:54	72.8	-0.09	35	254800	卖盘
14:17:51	72.89	0.09	64	466496	买盘
14:17:48	72.8	-0.01	36	262080	卖盘
14:17:45	72.81	-0.07	15	109215	卖盘
14:17:42	72.88	0.07	11	80168	买盘
14:17:39	72.81	-0.08	29	211149	卖盘
14:17:36	72.89	--	4	29156	卖盘
14:17:33	72.89	--	3	21867	买盘
14:17:30	72.89	--	13	94757	买盘
14:17:27	72.89	--	13	94757	买盘
14:17:24	72.89	0.06	53	386317	买盘
14:17:21	72.83	-0.06	2	14566	卖盘
14:17:18	72.89	0.09	2	14578	买盘
14:17:15	72.8	-0.1	4	29120	卖盘
14:17:12	72.9	0.1	110	801900	买盘
14:17:09	72.8	--	24	174720	买盘
14:17:06	72.8	--	21	152880	买盘
14:17:03	72.8	--	12	87360	买盘
14:17:00	72.8	--	23	167440	买盘
14:16:57	72.8	0.03	10	72800	买盘
14:16:54	72.77	--	24	174648	买盘
14:16:51	72.77	0.02	3	21831	买盘
14:16:45	72.75	0.1	120	873000	买盘
14:16:42	72.65	--	9	65385	买盘
14:16:39	72.65	-0.01	3	21795	中性盘
14:16:36	72.66	0.05	2	14532	买盘
14:16:33	72.61	-0.05	7	50827	卖盘
14:16:30	72.66	0.06	36	261576	买盘
14:16:27	72.6	0.01	31	225059	买盘
14:16:21	72.59	--	15	108885	卖盘
14:16:18	72.59	0.04	36	261324	买盘
14:16:15	72.55	0.02	4	29020	买盘
14:16:12	72.53	0.08	3	21759	买盘
14:16:09	72.45	0.02	4	28980	中性盘
14:16:06	72.43	-0.08	33	239019	卖盘
14:16:03	72.51	0.01	57	413307	买盘
14:16:00	72.5	0.05	34	246500	买盘
14:15:57	72.45	-0.05	2	14490	卖盘
14:15:54	72.5	--	14	101500	买盘
14:15:51	72.5	0.05	133	964250	买盘
14:15:48	72.45	--	7	50715	买盘
14:15:45	72.45	--	2	14490	买盘
14:15:42	72.45	--	6	43470	买盘
14:15:39	72.45	--	3	21735	买盘
14:15:36	72.45	--	1	7245	买盘
14:15:33	72.45	0.05	1	7245	买盘
14:15:30	72.4	--	9	65160	卖盘
14:15:27	72.4	-0.02	1	7240	卖盘
14:15:24	72.42	0.03	4	28968	买盘
14:15:18	72.39	0.03	2	14478	买盘
14:15:15	72.36	-0.03	1	7236	卖盘
14:15:12	72.39	0.02	10	72390	买盘
14:15:09	72.37	0.07	15	108555	买盘
14:15:06	72.3	-0.05	3	21690	卖盘
14:15:03	72.35	0.05	18	130229	买盘
14:15:00	72.3	--	44	318120	买盘
14:14:57	72.3	--	19	137370	买盘
14:14:54	72.3	--	14	101220	买盘
14:14:51	72.3	0.01	4	28920	买盘
14:14:48	72.29	--	5	36145	买盘
14:14:45	72.29	0.04	14	101206	买盘
14:14:42	72.25	--	39	281775	买盘
14:14:39	72.25	--	70	505750	买盘
14:14:36	72.25	--	18	130050	买盘
14:14:33	72.25	--	10	72250	买盘
14:14:30	72.25	0.02	9	65025	买盘
14:14:27	72.23	-0.02	2	14446	卖盘
14:14:24	72.25	0.05	6	43350	买盘
14:14:21	72.2	--	12	86640	买盘
14:14:18	72.2	--	3	21660	买盘
14:14:15	72.2	--	17	122740	买盘
14:14:12	72.2	0.01	15	108300	买盘
14:14:06	72.19	0.09	1	7219	买盘
14:14:03	72.1	--	11	79310	买盘
14:14:00	72.1	--	2	14419	买盘
14:13:57	72.1	0.05	19	136990	买盘
14:13:51	72.05	0.04	3	21615	中性盘
14:13:48	72.01	-0.09	33	237633	卖盘
14:13:45	72.1	0.1	80	576800	买盘
14:13:42	72.0	--	3	21600	卖盘
14:13:39	72.0	--	1	7200	卖盘
14:13:36	72.0	--	7	50400	卖盘
14:13:33	72.0	--	107	770400	买盘
14:13:30	72.0	--	65	468000	买盘
14:13:27	72.0	--	20	144000	买盘
14:13:24	72.0	--	11	79200	买盘
14:13:21	72.0	--	84	604800	买盘
14:13:15	72.0	0.07	232	1670400	买盘
14:13:12	71.93	-0.06	6	43158	卖盘
14:13:09	71.99	0.05	3	21597	买盘
14:13:06	71.94	0.01	3	21582	中性盘
14:13:03	71.93	0.01	19	136667	中性盘
14:12:57	71.92	-0.01	55	395560	卖盘
14:12:54	71.93	-0.01	3	21579	买盘
14:12:51	71.94	-0.01	12	86328	中性盘
14:12:48	71.95	0.02	9	64755	买盘
14:12:45	71.93	0.01	5	35965	中性盘
14:12:42	71.92	--	15	107880	卖盘
14:12:36	71.92	--	4	28768	卖盘
14:12:33	71.92	0.01	6	43152	买盘
14:12:30	71.91	--	8	57528	卖盘
14:12:27	71.91	-0.01	26	186966	卖盘
14:12:24	71.92	--	1	7192	买盘
14:12:21	71.92	--	21	151032	买盘
14:12:15	71.92	0.02	11	79112	买盘
14:12:12	71.9	-0.02	26	186940	卖盘
14:12:09	71.92	0.02	1	7192	买盘
14:12:06	71.9	-0.05	72	517680	卖盘
14:12:03	71.95	0.03	2	14390	买盘
14:12:00	71.92	-0.01	4	28768	卖盘
14:11:54	71.93	-0.02	2	14386	中性盘
14:11:51	71.95	-0.04	5	35975	卖盘
14:11:45	71.99	0.04	11	79189	买盘
14:11:42	71.95	-0.04	36	259020	卖盘
14:11:39	71.99	-0.01	13	93587	卖盘
14:11:36	72.0	--	4	28800	买盘
14:11:33	72.0	--	7	50400	买盘
14:11:30	72.0	--	13	93600	买盘
14:11:27	72.0	--	1	7200	买盘
14:11:24	72.0	-0.1	117	842400	卖盘
14:11:18	72.1	--	2	14419	买盘
14:11:15	72.1	--	54	389339	买盘
14:11:09	72.1	--	11	79310	买盘
14:11:06	72.1	-0.1	3	21630	卖盘
14:10:57	72.2	--	2	14440	买盘
14:10:51	72.2	0.2	22	158840	买盘
14:10:48	72.0	--	16	115200	卖盘
14:10:45	72.0	0.01	7	50400	买盘
14:10:42	71.99	-0.01	17	122382	卖盘
14:10:39	72.0	--	7	50400	买盘
14:10:36	72.0	--	16	115200	买盘
14:10:33	72.0	--	6	43200	买盘
14:10:30	72.0	0.01	4	28800	买盘
14:10:27	71.99	--	1	7198	卖盘
14:10:24	71.99	-0.01	1	7198	中性盘
14:10:21	72.0	0.01	6	43200	买盘
14:10:18	71.99	--	17	122382	买盘
14:10:15	71.99	--	35	251964	买盘
14:10:12	71.99	0.08	70	503929	买盘
14:10:09	71.91	0.01	6	43146	卖盘
14:10:06	71.9	-0.09	16	115040	中性盘
14:10:03	71.99	0.09	9	64790	买盘
14:09:57	71.9	--	28	201320	卖盘
14:09:54	71.9	0.01	10	71900	中性盘
14:09:48	71.89	-0.1	15	107835	卖盘
14:09:45	71.99	0.11	64	460735	买盘
14:09:42	71.88	--	56	402528	卖盘
14:09:39	71.88	-0.01	13	93444	卖盘
14:09:36	71.89	--	1	7189	买盘
14:09:33	71.89	0.01	10	71890	买盘
14:09:30	71.88	0.07	8	57504	买盘
14:09:27	71.81	-0.08	24	172344	卖盘
14:09:24	71.89	0.01	7	50323	中性盘
14:09:21	71.88	0.08	8	57504	卖盘
14:09:18	71.8	--	29	208220	卖盘
14:09:15	71.8	-0.19	17	122060	卖盘
14:09:12	71.99	0.2	2	14397	买盘
14:09:09	71.79	-0.01	24	172296	卖盘
14:09:06	71.8	-0.19	21	150780	卖盘
14:09:03	71.99	--	1	7198	买盘
14:09:00	71.99	--	45	323955	买盘
14:08:57	71.99	--	46	331154	买盘
14:08:54	71.99	-0.01	26	187174	中性盘
14:08:51	72.0	--	95	684000	买盘
14:08:48	72.0	--	3	21600	买盘
14:08:45	72.0	--	17	122400	买盘
14:08:42	72.0	--	6	43200	买盘
14:08:39	72.0	-0.22	253	1821600	卖盘
14:08:36	72.22	0.01	8	57776	中性盘
14:08:33	72.21	-0.08	20	144420	卖盘
14:08:27	72.29	0.07	2	14458	买盘
14:08:24	72.22	-0.07	11	79442	卖盘
14:08:21	72.29	0.07	1	7229	买盘
14:08:18	72.22	-0.07	3	21666	卖盘
14:08:15	72.29	--	4	28916	买盘
14:08:12	72.29	-0.01	3	21687	卖盘
14:08:09	72.3	--	5	36150	买盘
14:08:06	72.3	--	29	209670	买盘
14:08:03	72.3	-0.02	10	72300	卖盘
14:08:00	72.32	--	42	303744	买盘
14:07:57	72.32	0.02	15	108479	买盘
14:07:54	72.3	-0.01	4	28920	卖盘
14:07:51	72.31	-0.01	9	65079	中性盘
14:07:48	72.32	0.02	7	50623	买盘
14:07:45	72.3	-0.03	1	7230	卖盘
14:07:42	72.33	--	53	383349	买盘
14:07:36	72.33	--	25	180825	买盘
14:07:33	72.33	-0.07	68	491844	卖盘
14:07:30	72.4	--	1	7240	中性盘
14:07:27	72.4	--	7	50680	卖盘
14:07:24	72.4	-0.05	9	65160	卖盘
14:07:21	72.45	0.04	1	7245	买盘
14:07:15	72.41	-0.03	22	159302	卖盘
14:07:12	72.44	--	2	14488	买盘
14:07:09	72.44	0.02	1	7244	买盘
14:07:06	72.42	-0.02	10	72420	卖盘
14:07:03	72.44	-0.04	37	268028	卖盘
14:07:00	72.48	--	54	391392	买盘
14:06:57	72.48	0.02	3	21744	买盘
14:06:54	72.46	-0.02	2	14491	卖盘
14:06:51	72.48	--	3	21744	买盘
14:06:48	72.48	-0.01	73	529104	买盘
14:06:45	72.49	--	18	130481	买盘
14:06:42	72.49	--	5	36245	买盘
14:06:39	72.49	--	23	166727	买盘
14:06:36	72.49	0.05	2	14497	买盘
14:06:30	72.44	-0.05	4	28976	卖盘
14:06:27	72.49	0.01	3	21747	卖盘
14:06:24	72.48	0.04	8	57984	买盘
14:06:21	72.44	--	1	7244	卖盘
14:06:18	72.44	0.03	10	72440	买盘
14:06:15	72.41	-0.09	2	14482	卖盘
14:06:12	72.5	0.05	8	58000	买盘
14:06:09	72.45	-0.04	14	101430	卖盘
14:06:06	72.49	0.05	10	72490	买盘
14:06:03	72.44	--	8	57952	买盘
14:06:00	72.44	-0.06	26	188344	卖盘
14:05:57	72.5	0.05	36	261000	买盘
14:05:54	72.45	--	4	28980	中性盘
14:05:48	72.45	--	9	65205	买盘
14:05:45	72.45	0.01	3	21735	中性盘
14:05:42	72.44	-0.01	4	28976	卖盘
14:05:39	72.45	-0.05	16	115920	中性盘
14:05:36	72.5	--	22	159500	买盘
14:05:33	72.5	0.05	2	14500	买盘
14:05:30	72.45	-0.05	40	289800	卖盘
14:05:27	72.5	--	3	21750	买盘
14:05:24	72.5	--	12	87000	买盘
14:05:21	72.5	0.06	13	94250	买盘
14:05:18	72.44	-0.06	8	57952	卖盘
14:05:15	72.5	0.05	22	159500	买盘
14:05:12	72.45	-0.05	23	166635	中性盘
14:05:09	72.5	--	18	130500	买盘
14:05:06	72.5	--	4	29000	买盘
14:05:03	72.5	0.06	9	65250	买盘
14:05:00	72.44	--	9	65196	卖盘
14:04:57	72.44	-0.08	5	36220	卖盘
14:04:54	72.52	--	7	50764	买盘
14:04:51	72.52	0.02	16	116032	买盘
14:04:48	72.5	--	1	7250	中性盘
14:04:45	72.5	0.06	9	65250	中性盘
14:04:42	72.44	-0.06	8	57952	中性盘
14:04:39	72.5	--	3	21750	买盘
14:04:36	72.5	0.2	12	87000	买盘
14:04:33	72.3	--	23	166290	卖盘
14:04:30	72.3	0.01	7	50610	卖盘
14:04:27	72.29	-0.01	7	50603	买盘
14:04:24	72.3	-0.2	29	209670	卖盘
14:04:21	72.5	0.29	54	396720	买盘
14:04:18	72.21	0.02	6	43325	卖盘
14:04:15	72.19	--	43	310417	买盘
14:04:12	72.19	0.07	3	21657	买盘
14:04:09	72.12	-0.07	6	43272	卖盘
14:04:06	72.19	0.07	8	57752	买盘
14:04:03	72.12	-0.07	8	57696	卖盘
14:04:00	72.19	0.09	8	57752	买盘
14:03:57	72.1	-0.05	28	201879	卖盘
14:03:54	72.15	--	24	173160	买盘
14:03:51	72.15	0.05	6	43290	买盘
14:03:48	72.1	-0.05	55	396549	卖盘
14:03:45	72.15	--	1	7215	买盘
14:03:42	72.15	0.05	4	28860	买盘
14:03:39	72.1	--	14	100939	买盘
14:03:36	72.1	--	3	21630	买盘
14:03:33	72.1	-0.42	14	100939	卖盘
14:03:30	72.52	0.42	11	79772	买盘
14:03:27	72.1	-0.46	5	36050	卖盘
14:03:24	72.56	0.01	6	43536	买盘
14:03:21	72.55	-0.01	8	58040	中性盘
14:03:18	72.56	--	101	732856	买盘
14:03:15	72.56	0.01	2	14512	买盘
14:03:12	72.55	-0.01	17	123335	卖盘
14:03:09	72.56	-0.02	8	58048	卖盘
14:03:03	72.58	-0.02	9	65322	卖盘
14:03:00	72.6	-0.04	9	65339	卖盘
14:02:57	72.64	-0.06	2	14528	卖盘
14:02:54	72.7	--	18	130860	买盘
14:02:51	72.7	--	7	50890	买盘
14:02:48	72.7	-0.1	15	109050	卖盘
14:02:45	72.8	0.1	14	101920	买盘
14:02:42	72.7	-0.1	13	94510	卖盘
14:02:39	72.8	--	6	43680	卖盘
14:02:36	72.8	--	4	29120	卖盘
14:02:33	72.8	--	12	87360	卖盘
14:02:30	72.8	-0.1	30	218400	卖盘
14:02:27	72.9	--	3	21870	买盘
14:02:24	72.9	--	28	204120	买盘
14:02:21	72.9	--	95	692550	卖盘
14:02:18	72.9	-0.01	24	174960	卖盘
14:02:15	72.91	-0.03	70	510370	卖盘
14:02:12	72.94	--	48	350112	买盘
14:02:09	72.94	--	35	255290	买盘
14:02:06	72.94	-0.03	64	466816	卖盘
14:02:03	72.97	0.03	32	233504	买盘
14:02:00	72.94	-0.03	24	175056	卖盘
14:01:57	72.97	--	37	269989	买盘
14:01:54	72.97	--	27	197019	中性盘
14:01:51	72.97	--	18	131346	卖盘
14:01:48	72.97	--	61	445117	卖盘
14:01:45	72.97	--	19	138643	卖盘
14:01:42	72.97	--	59	430523	卖盘
14:01:39	72.97	0.04	42	306474	买盘
14:01:36	72.93	0.01	8	58344	卖盘
14:01:33	72.92	-0.05	58	422936	卖盘
14:01:30	72.97	0.03	66	481602	买盘
14:01:27	72.94	-0.03	40	291760	卖盘
14:01:24	72.97	0.02	52	379444	买盘
14:01:21	72.95	-0.01	30	218850	卖盘
14:01:18	72.96	0.01	197	1437311	买盘
14:01:15	72.95	--	14	102130	买盘
14:01:12	72.95	--	18	131310	买盘
14:01:09	72.95	--	7	51065	买盘
14:01:06	72.95	0.02	45	328275	卖盘
14:01:03	72.93	-0.02	49	357357	卖盘
14:01:00	72.95	0.01	70	510650	买盘
14:00:57	72.94	0.03	114	831516	买盘
14:00:54	72.91	--	69	503079	卖盘
14:00:51	72.91	0.01	41	298931	买盘
14:00:48	72.9	-0.03	135	984150	卖盘
14:00:45	72.93	--	8	58344	买盘
14:00:42	72.93	0.03	13	94809	中性盘
14:00:39	72.9	--	16	116640	卖盘
14:00:36	72.9	0.07	36	262440	买盘
14:00:33	72.83	-0.03	72	524376	卖盘
14:00:30	72.86	-0.02	66	480876	卖盘
14:00:27	72.88	0.01	74	539312	买盘
14:00:24	72.87	--	18	131166	买盘
14:00:21	72.87	0.04	58	422646	买盘
14:00:18	72.83	-0.04	252	1835316	卖盘
14:00:15	72.87	-0.01	8	58296	中性盘
14:00:12	72.88	0.01	55	400840	买盘
14:00:09	72.87	0.04	31	225897	买盘
14:00:06	72.83	-0.03	178	1296374	卖盘
14:00:03	72.86	0.02	27	196722	买盘
14:00:00	72.84	0.02	78	568152	买盘
13:59:57	72.82	0.02	54	393227	买盘
13:59:54	72.8	-0.02	34	247520	卖盘
13:59:51	72.82	-0.02	9	65538	买盘
13:59:48	72.84	0.02	7	50988	买盘
13:59:45	72.82	0.02	2	14563	买盘
13:59:42	72.8	--	40	291200	卖盘
13:59:39	72.8	--	128	931840	买盘
13:59:36	72.8	0.08	49	356720	买盘
13:59:33	72.72	-0.08	14	101808	中性盘
13:59:30	72.8	0.1	14	101920	买盘
13:59:27	72.7	--	8	58160	卖盘
13:59:24	72.7	--	34	247180	卖盘
13:59:21	72.7	--	167	1214090	买盘
13:59:18	72.7	0.01	29	210830	买盘
13:59:15	72.69	-0.01	12	87228	中性盘
13:59:12	72.7	0.04	28	203560	买盘
13:59:09	72.66	-0.02	11	79926	卖盘
13:59:06	72.68	0.02	7	50876	中性盘
13:59:03	72.66	0.06	24	174384	买盘
13:59:00	72.6	--	7	50819	卖盘
13:58:57	72.6	0.03	73	529980	买盘
13:58:54	72.57	-0.01	7	50798	卖盘
13:58:51	72.58	-0.02	38	275804	中性盘
13:58:48	72.6	--	16	116159	买盘
13:58:45	72.6	0.02	118	856679	买盘
13:58:42	72.58	0.03	18	130644	买盘
13:58:39	72.55	-0.01	8	58040	卖盘
13:58:36	72.56	0.01	10	72560	买盘
13:58:33	72.55	0.04	31	224905	买盘
13:58:30	72.51	0.01	13	94263	中性盘
13:58:27	72.5	--	18	130500	卖盘
13:58:24	72.5	--	28	203000	卖盘
13:58:21	72.5	--	5	36250	卖盘
13:58:18	72.5	0.07	77	558250	买盘
13:58:15	72.43	-0.04	16	115888	中性盘
13:58:12	72.47	-0.03	41	297127	中性盘
13:58:09	72.5	0.07	113	819250	买盘
13:58:06	72.43	-0.04	12	86916	卖盘
13:58:03	72.47	-0.03	17	123199	中性盘
13:58:00	72.5	0.11	31	224750	买盘
13:57:57	72.39	-0.08	51	369189	卖盘
13:57:54	72.47	0.04	45	326115	买盘
13:57:51	72.43	0.03	63	456309	买盘
13:57:48	72.4	--	15	108600	买盘
13:57:45	72.4	--	26	188240	买盘
13:57:42	72.4	0.07	57	412680	买盘
13:57:39	72.33	0.02	41	296553	买盘
13:57:36	72.31	0.01	25	180775	买盘
13:57:33	72.3	0.02	31	224130	买盘
13:57:30	72.28	-0.02	8	57824	卖盘
13:57:27	72.3	0.08	28	202440	买盘
13:57:24	72.22	-0.03	14	101108	卖盘
13:57:21	72.25	-0.03	31	223975	卖盘
13:57:18	72.28	--	13	93964	卖盘
13:57:15	72.28	0.03	9	65052	买盘
13:57:12	72.25	0.03	28	202300	中性盘
13:57:09	72.22	--	4	28888	卖盘
13:57:06	72.22	--	3	21666	卖盘
13:57:03	72.22	--	6	43332	买盘
13:57:00	72.22	--	21	151662	卖盘
13:56:57	72.22	-0.08	11	79442	卖盘
13:56:54	72.3	--	8	57840	买盘
13:56:51	72.3	--	15	108450	买盘
13:56:48	72.3	-0.04	31	224130	卖盘
13:56:45	72.34	0.03	85	614890	买盘
13:56:42	72.31	-0.01	14	101234	中性盘
13:56:39	72.32	--	2	14463	买盘
13:56:36	72.32	-0.01	24	173567	中性盘
13:56:33	72.33	0.01	23	166359	买盘
13:56:30	72.32	--	5	36160	卖盘
13:56:27	72.32	-0.01	9	65087	卖盘
13:56:24	72.33	-0.07	17	122961	卖盘
13:56:21	72.4	--	23	166520	卖盘
13:56:18	72.4	--	2	14480	卖盘
13:56:15	72.4	-0.04	11	79640	卖盘
13:56:12	72.44	--	5	36220	买盘
13:56:09	72.44	-0.08	25	181100	卖盘
13:56:06	72.52	--	11	79772	买盘
13:56:03	72.52	0.02	32	232064	买盘
13:56:00	72.5	-0.02	57	413250	卖盘
13:55:57	72.52	-0.03	36	261072	卖盘
13:55:54	72.55	--	151	1095505	卖盘
13:55:51	72.55	0.03	43	311965	买盘
13:55:48	72.52	--	80	580160	卖盘
13:55:45	72.52	--	38	275576	卖盘
13:55:42	72.52	--	55	398860	买盘
13:55:39	72.52	--	37	268324	卖盘
13:55:36	72.52	-0.02	108	783216	卖盘
13:55:33	72.54	0.02	26	188604	中性盘
13:55:30	72.52	0.01	47	340844	买盘
13:55:27	72.51	0.01	35	253785	中性盘
13:55:24	72.5	--	41	297250	卖盘
13:55:21	72.5	-0.02	48	348000	卖盘
13:55:18	72.52	0.02	22	159544	卖盘
13:55:15	72.5	--	86	623500	买盘
13:55:12	72.5	0.01	106	768500	买盘
13:55:09	72.49	-0.01	125	906124	中性盘
13:55:06	72.5	--	61	442250	买盘
13:55:03	72.5	0.1	90	652500	买盘
13:55:00	72.4	-0.05	19	137560	卖盘
13:54:57	72.45	0.05	4	28980	买盘
13:54:54	72.4	0.1	85	615400	买盘
13:54:51	72.3	-0.03	2	14460	卖盘
13:54:48	72.33	0.1	212	1533396	买盘
13:54:45	72.23	0.03	101	729523	买盘
13:54:42	72.2	0.05	31	223820	买盘
13:54:39	72.15	-0.01	82	591630	卖盘
13:54:36	72.16	0.08	42	303072	买盘
13:54:33	72.08	0.04	33	237864	中性盘
13:54:30	72.04	--	76	547504	买盘
13:54:27	72.04	--	8	57632	买盘
13:54:24	72.04	0.04	277	1995508	买盘
13:54:21	72.0	--	232	1670400	买盘
13:54:18	72.0	--	884	6364800	买盘
13:54:15	72.0	--	107	770400	买盘
13:54:12	72.0	0.01	200	1440000	买盘
13:54:09	71.99	--	32	230367	买盘
13:54:06	71.99	0.01	52	374348	买盘
13:54:03	71.98	0.1	109	784582	买盘
13:54:00	71.88	-0.02	42	301896	中性盘
13:53:57	71.9	0.03	293	2106670	买盘
13:53:54	71.87	0.07	56	402472	买盘
13:53:51	71.8	0.01	187	1342660	买盘
13:53:48	71.79	0.01	39	279981	买盘
13:53:45	71.78	0.01	41	294298	买盘
13:53:42	71.77	0.07	307	2203339	买盘
13:53:39	71.7	0.1	73	523410	买盘
13:53:36	71.6	--	214	1532239	买盘
13:53:33	71.6	0.06	40	286400	买盘
13:53:30	71.54	-0.01	45	321930	中性盘
13:53:27	71.55	0.1	303	2167965	买盘
13:53:24	71.45	0.05	50	357250	买盘
13:53:21	71.4	--	3	21420	卖盘
13:53:18	71.4	--	194	1385160	买盘
13:53:15	71.4	0.04	3	21420	买盘
13:53:12	71.36	0.01	8	57088	买盘
13:53:09	71.35	0.02	9	64214	买盘
13:53:06	71.33	-0.02	217	1547861	卖盘
13:53:03	71.35	0.01	19	135565	买盘
13:53:00	71.34	-0.02	2	14268	买盘
13:52:57	71.36	0.02	54	385344	买盘
13:52:54	71.34	--	3	21402	卖盘
13:52:51	71.34	-0.01	10	71340	卖盘
13:52:48	71.35	0.05	7	49944	买盘
13:52:45	71.3	-0.04	7	49910	卖盘
13:52:39	71.34	0.04	3	21402	中性盘
13:52:36	71.3	-0.05	7	49910	卖盘
13:52:33	71.35	--	29	206914	买盘
13:52:30	71.35	0.01	1	7134	买盘
13:52:27	71.34	--	1	7134	卖盘
13:52:24	71.34	0.04	12	85608	买盘
13:52:21	71.3	-0.04	20	142600	卖盘
13:52:18	71.34	-0.01	9	64206	买盘
13:52:12	71.35	0.05	30	214049	买盘
13:52:09	71.3	-0.04	3	21390	卖盘
13:52:06	71.34	--	3	21402	卖盘
13:52:03	71.34	--	4	28536	卖盘
13:52:00	71.34	0.04	39	278226	卖盘
13:51:54	71.3	-0.05	108	770040	卖盘
13:51:51	71.35	0.06	21	149835	买盘
13:51:48	71.29	-0.01	8	57032	卖盘
13:51:42	71.3	-0.01	5	35650	卖盘
13:51:39	71.31	0.01	5	35655	买盘
13:51:36	71.3	--	6	42780	卖盘
13:51:33	71.3	-0.01	2	14260	卖盘
13:51:30	71.31	--	2	14262	买盘
13:51:27	71.31	--	6	42786	买盘
13:51:24	71.31	-0.07	18	128358	卖盘
13:51:21	71.38	0.07	4	28552	买盘
13:51:18	71.31	--	5	35655	卖盘
13:51:15	71.31	-0.04	7	49917	卖盘
13:51:12	71.35	0.04	3	21405	买盘
13:51:09	71.31	--	13	92703	卖盘
13:51:06	71.31	-0.01	19	135489	卖盘
13:51:03	71.32	-0.03	4	28527	卖盘
13:51:00	71.35	--	2	14269	买盘
13:50:57	71.35	--	1	7134	中性盘
13:50:54	71.35	-0.05	17	121294	中性盘
13:50:51	71.4	0.05	45	321300	买盘
13:50:48	71.35	0.01	2	14269	买盘
13:50:45	71.34	-0.04	5	35670	中性盘
13:50:42	71.38	-0.02	3	21414	买盘
13:50:36	71.4	--	2	14280	卖盘
13:50:33	71.4	--	20	142800	买盘
13:50:30	71.4	0.05	25	178500	买盘
13:50:27	71.35	--	2	14269	卖盘
13:50:24	71.35	-0.05	14	99889	卖盘
13:50:21	71.4	0.05	7	49980	买盘
13:50:18	71.35	--	6	42810	买盘
13:50:15	71.35	-0.06	11	78485	中性盘
13:50:09	71.41	0.06	24	171384	买盘
13:50:06	71.35	-0.07	12	85620	卖盘
13:50:03	71.42	0.07	41	292822	买盘
13:50:00	71.35	-0.07	5	35675	卖盘
13:49:57	71.42	0.03	14	99988	买盘
13:49:54	71.39	-0.01	8	57112	中性盘
13:49:51	71.4	0.05	61	435540	买盘
13:49:48	71.35	--	3	21405	卖盘
13:49:45	71.35	-0.01	10	71350	卖盘
13:49:42	71.36	0.01	17	121312	买盘
13:49:39	71.35	--	4	28539	买盘
13:49:36	71.35	--	3	21405	买盘
13:49:33	71.35	--	72	513719	买盘
13:49:30	71.35	--	4	28539	买盘
13:49:27	71.35	--	8	57079	买盘
13:49:24	71.35	0.05	12	85620	买盘
13:49:21	71.3	-0.04	5	35650	卖盘
13:49:18	71.34	0.03	4	28536	中性盘
13:49:12	71.31	0.01	29	206799	中性盘
13:49:09	71.3	--	3	21390	卖盘
13:49:06	71.3	0.05	9	64170	买盘
13:49:03	71.25	-0.05	18	128250	卖盘
13:48:57	71.3	0.01	44	313720	买盘
13:48:54	71.29	0.01	10	71290	买盘
13:48:51	71.28	0.06	5	35640	中性盘
13:48:48	71.22	-0.03	25	178050	卖盘
13:48:42	71.25	0.04	16	114000	买盘
13:48:36	71.21	-0.01	18	128177	卖盘
13:48:33	71.22	0.01	16	113952	买盘
13:48:24	71.21	--	4	28483	卖盘
13:48:21	71.21	0.08	39	277719	买盘
13:48:12	71.13	-0.01	11	78243	卖盘
13:48:09	71.14	--	2	14228	买盘
13:48:06	71.14	--	1	7114	卖盘
13:48:03	71.14	-0.05	5	35570	卖盘
13:48:00	71.19	--	11	78309	卖盘
13:47:57	71.19	--	3	21357	买盘
13:47:51	71.19	0.05	20	142380	中性盘
13:47:45	71.14	-0.08	1	7114	卖盘
13:47:42	71.22	0.03	56	398832	买盘
13:47:39	71.19	0.06	6	42714	买盘
13:47:36	71.13	-0.01	4	28452	买盘
13:47:30	71.14	-0.06	4	28456	卖盘
13:47:24	71.2	-0.01	2	14240	中性盘
13:47:21	71.21	0.08	95	676494	买盘
13:47:18	71.13	-0.07	15	106695	卖盘
13:47:15	71.2	0.01	32	227840	买盘
13:47:12	71.19	-0.01	2	14238	卖盘
13:47:09	71.2	--	9	64080	买盘
13:47:06	71.2	0.01	3	21360	买盘
13:47:03	71.19	--	23	163737	买盘
13:46:57	71.19	--	3	21357	买盘
13:46:54	71.19	--	14	99666	买盘
13:46:48	71.19	--	10	71190	买盘
13:46:45	71.19	--	22	156618	买盘
13:46:42	71.19	--	9	64071	买盘
13:46:39	71.19	--	13	92547	买盘
13:46:33	71.19	-0.01	3	21357	买盘
13:46:30	71.2	0.01	5	35600	买盘
13:46:27	71.19	--	2	14238	买盘
13:46:24	71.19	0.08	6	42714	买盘
13:46:21	71.11	-0.09	1	7111	卖盘
13:46:18	71.2	0.11	1	7120	中性盘
13:46:15	71.09	-0.12	11	78199	卖盘
13:46:12	71.21	--	9	64088	买盘
13:46:09	71.21	--	11	78331	买盘
13:46:06	71.21	0.02	23	163783	买盘
13:46:03	71.19	--	4	28476	买盘
13:46:00	71.19	0.09	1	7119	买盘
13:45:57	71.1	--	10	71100	卖盘
13:45:54	71.1	--	1	7109	卖盘
13:45:51	71.1	--	10	71100	卖盘
13:45:45	71.1	0.03	4	28439	卖盘
13:45:42	71.07	-0.15	50	355349	卖盘
13:45:33	71.22	-0.08	22	156684	卖盘
13:45:30	71.3	--	2	14260	买盘
13:45:18	71.3	0.09	58	413540	买盘
13:45:15	71.21	-0.01	16	113935	卖盘
13:45:12	71.22	--	1	7122	买盘
13:45:09	71.22	0.19	4	28488	中性盘
13:45:06	71.03	-0.27	1	7103	卖盘
13:45:03	71.3	0.08	39	278070	买盘
13:45:00	71.22	-0.08	1	7122	卖盘
13:44:57	71.3	0.08	2	14260	买盘
13:44:54	71.22	0.02	4	28488	买盘
13:44:51	71.2	0.18	2	14240	中性盘
13:44:48	71.02	-0.19	7	49714	卖盘
13:44:45	71.21	0.19	129	918608	买盘
13:44:42	71.02	--	27	191754	买盘
13:44:39	71.02	--	22	156244	买盘
13:44:36	71.02	0.01	5	35510	中性盘
13:44:33	71.01	0.01	7	49707	卖盘
13:44:30	71.0	-0.15	54	383400	卖盘
13:44:27	71.15	0.12	2	14230	买盘
13:44:24	71.03	--	1	7103	买盘
13:44:21	71.03	0.03	16	113648	买盘
13:44:18	71.0	-0.01	16	113600	卖盘
13:44:15	71.01	--	9	63909	中性盘
13:44:12	71.01	--	22	156222	卖盘
13:44:09	71.01	--	8	56808	卖盘
13:44:06	71.01	0.01	30	213030	卖盘
13:44:00	71.0	--	81	575100	卖盘
13:43:57	71.0	-0.01	38	269800	卖盘
13:43:54	71.01	-0.18	4	28404	卖盘
13:43:51	71.19	--	5	35595	买盘
13:43:48	71.19	0.16	1	7119	买盘
13:43:45	71.03	-0.02	13	92339	卖盘
13:43:42	71.05	-0.15	9	63945	卖盘
13:43:39	71.2	--	3	21360	买盘
13:43:36	71.2	-0.1	32	227840	卖盘
13:43:33	71.3	-0.05	17	121210	卖盘
13:43:30	71.35	--	26	185509	买盘
13:43:27	71.35	--	3	21405	买盘
13:43:24	71.35	--	3	21405	中性盘
13:43:21	71.35	--	9	64214	卖盘
13:43:18	71.35	0.05	11	78485	中性盘
13:43:15	71.3	-0.05	2	14260	卖盘
13:43:12	71.35	-0.02	64	456639	卖盘
13:43:09	71.37	--	2	14274	买盘
13:43:03	71.37	-0.01	19	135603	卖盘
13:43:00	71.38	0.01	16	114208	买盘
13:42:57	71.37	-0.03	6	42822	卖盘
13:42:54	71.4	--	9	64260	买盘
13:42:45	71.4	-0.02	4	28560	卖盘
13:42:42	71.42	--	8	57136	买盘
13:42:39	71.42	--	4	28568	买盘
13:42:36	71.42	-0.02	2	14284	卖盘
13:42:33	71.44	--	25	178600	买盘
13:42:30	71.44	--	3	21432	买盘
13:42:27	71.44	-0.05	54	385776	卖盘
13:42:24	71.49	-0.01	27	193023	中性盘
13:42:21	71.5	--	40	286000	买盘
13:42:18	71.5	0.06	11	78650	买盘
13:42:15	71.44	--	8	57152	卖盘
13:42:12	71.44	-0.06	14	100016	卖盘
13:42:09	71.5	0.06	20	143000	买盘
13:42:06	71.44	-0.06	1	7144	卖盘
13:42:03	71.5	0.1	51	364650	买盘
13:42:00	71.4	--	55	392700	卖盘
13:41:57	71.4	-0.04	2	14280	中性盘
13:41:54	71.44	--	1	7144	买盘
13:41:51	71.44	--	10	71440	买盘
13:41:48	71.44	0.04	16	114304	买盘
13:41:45	71.4	-0.1	90	642600	卖盘
13:41:42	71.5	--	1	7150	买盘
13:41:39	71.5	--	13	92950	买盘
13:41:33	71.5	--	32	228800	买盘
13:41:30	71.5	0.1	8	57200	买盘
13:41:27	71.4	-0.1	16	114240	卖盘
13:41:24	71.5	0.04	7	50050	买盘
13:41:21	71.46	0.09	15	107189	中性盘
13:41:18	71.37	-0.03	10	71370	卖盘
13:41:15	71.4	-0.06	105	749700	卖盘
13:41:12	71.46	0.1	1	7145	买盘
13:41:09	71.36	--	18	128448	卖盘
13:41:06	71.36	--	12	85632	卖盘
13:41:03	71.36	0.01	93	663648	买盘
13:41:00	71.35	-0.01	30	214049	中性盘
13:40:57	71.36	--	20	142720	买盘
13:40:54	71.36	--	3	21408	买盘
13:40:48	71.36	--	2	14272	买盘
13:40:45	71.36	-0.19	45	321120	卖盘
13:40:42	71.55	--	8	57240	卖盘
13:40:39	71.55	0.15	22	157410	买盘
13:40:36	71.4	-0.06	6	42840	卖盘
13:40:33	71.46	-0.09	15	107189	卖盘
13:40:30	71.55	--	2	14310	买盘
13:40:27	71.55	-0.03	1	7155	卖盘
13:40:24	71.58	--	10	71580	买盘
13:40:21	71.58	--	20	143160	买盘
13:40:18	71.58	-0.03	29	207582	卖盘
13:40:15	71.61	-0.15	11	78771	卖盘
13:40:12	71.76	0.16	125	897000	买盘
13:40:09	71.6	-0.07	4	28639	卖盘
13:40:06	71.67	-0.09	6	43002	卖盘
13:40:03	71.76	--	11	78936	买盘
13:40:00	71.76	--	5	35880	中性盘
13:39:57	71.76	-0.01	76	545376	卖盘
13:39:54	71.77	--	105	753585	买盘
13:39:51	71.77	-0.01	37	265549	卖盘
13:39:48	71.78	0.01	21	150738	买盘
13:39:45	71.77	-0.01	65	466505	卖盘
13:39:42	71.78	0.01	12	86136	买盘
13:39:39	71.77	0.01	18	129186	买盘
13:39:36	71.76	0.04	24	172224	买盘
13:39:33	71.72	-0.03	175	1255100	卖盘
13:39:30	71.75	--	3	21525	卖盘
13:39:27	71.75	-0.01	9	64575	中性盘
13:39:24	71.76	0.09	16	114816	买盘
13:39:21	71.67	-0.04	10	71670	卖盘
13:39:18	71.71	0.01	11	78881	买盘
13:39:15	71.7	0.04	13	93210	买盘
13:39:12	71.66	0.06	1	7166	中性盘
13:39:09	71.6	--	6	42960	卖盘
13:39:06	71.6	0.02	52	372319	买盘
13:39:03	71.58	0.08	8	57264	买盘
13:39:00	71.5	0.01	63	450450	买盘
13:38:57	71.49	-0.01	27	193023	卖盘
13:38:54	71.5	0.01	45	321750	买盘
13:38:51	71.49	0.04	1	7148	买盘
13:38:48	71.45	-0.01	28	200060	中性盘
13:38:45	71.46	0.09	25	178649	买盘
13:38:42	71.37	-0.03	1	7137	中性盘
13:38:39	71.4	0.04	2	14280	买盘
13:38:36	71.36	0.06	5	35680	买盘
13:38:30	71.3	0.1	29	206770	买盘
13:38:27	71.2	-0.1	3	21360	中性盘
13:38:24	71.3	0.11	68	484840	买盘
13:38:21	71.19	-0.01	1	7119	卖盘
13:38:18	71.2	0.04	19	135280	买盘
13:38:12	71.16	0.02	321	2284236	买盘
13:38:09	71.14	--	5	35570	买盘
13:38:06	71.14	0.04	1	7114	买盘
13:38:03	71.1	--	2	14219	卖盘
13:38:00	71.1	0.06	329	2339190	买盘
13:37:57	71.04	--	15	106560	卖盘
13:37:54	71.04	--	2	14208	卖盘
13:37:51	71.04	--	1	7104	卖盘
13:37:48	71.04	-0.01	12	85248	卖盘
13:37:45	71.05	0.02	10	71050	买盘
13:37:42	71.03	0.01	3	21309	买盘
13:37:39	71.02	-0.01	5	35510	卖盘
13:37:36	71.03	0.02	20	142060	买盘
13:37:33	71.01	--	2	14202	买盘
13:37:30	71.01	0.01	1	7101	买盘
13:37:27	71.0	--	5	35500	卖盘
13:37:24	71.0	--	119	844900	买盘
13:37:21	71.0	--	2	14200	买盘
13:37:18	71.0	--	3	21300	买盘
13:37:12	71.0	--	2	14200	买盘
13:37:06	71.0	--	22	156200	卖盘
13:37:03	71.0	-0.01	2	14200	卖盘
13:37:00	71.01	--	25	177525	买盘
13:36:57	71.01	0.01	1	7101	买盘
13:36:54	71.0	-0.04	28	198800	卖盘
13:36:42	71.04	--	5	35520	卖盘
13:36:39	71.04	--	3	21312	卖盘
13:36:36	71.04	-0.06	16	113664	卖盘
13:36:27	71.1	0.05	5	35550	买盘
13:36:18	71.05	--	5	35525	中性盘
13:36:15	71.05	-0.05	4	28420	卖盘
13:36:12	71.1	--	1	7109	买盘
13:36:06	71.1	--	13	92429	买盘
13:36:00	71.1	0.04	5	35550	买盘
13:35:57	71.06	-0.04	6	42636	卖盘
13:35:54	71.1	--	19	135090	卖盘
13:35:51	71.1	--	7	49769	卖盘
13:35:48	71.1	0.04	88	625680	买盘
13:35:45	71.06	-0.04	1	7106	中性盘
13:35:39	71.1	--	4	28439	买盘
13:35:36	71.1	--	3	21330	买盘
13:35:27	71.1	--	1	7109	买盘
13:35:24	71.1	--	32	227519	卖盘
13:35:21	71.1	--	3	21330	卖盘
13:35:18	71.1	--	2	14219	卖盘
13:35:15	71.1	0.06	1	7109	中性盘
13:35:12	71.04	-0.08	11	78144	卖盘
13:35:09	71.12	0.02	5	35560	买盘
13:35:00	71.1	-0.02	29	206189	卖盘
13:34:57	71.12	--	4	28448	卖盘
13:34:54	71.12	--	5	35560	卖盘
13:34:51	71.12	0.02	91	647192	买盘
13:34:48	71.1	--	2	14219	买盘
13:34:42	71.1	--	1	7109	买盘
13:34:39	71.1	--	9	63989	卖盘
13:34:36	71.1	-0.02	1	7109	卖盘
13:34:33	71.12	0.02	13	92456	买盘
13:34:30	71.1	--	1	7109	卖盘
13:34:24	71.1	-0.02	11	78210	卖盘
13:34:21	71.12	--	1	7112	卖盘
13:34:18	71.12	--	2	14224	卖盘
13:34:15	71.12	0.02	1	7112	中性盘
13:34:09	71.1	-0.04	48	341280	卖盘
13:34:06	71.14	0.01	1	7114	买盘
13:34:03	71.13	-0.01	10	71130	卖盘
13:34:00	71.14	-0.01	9	64026	卖盘
13:33:57	71.15	--	9	64035	买盘
13:33:54	71.15	--	16	113840	买盘
13:33:51	71.15	-0.04	9	64035	卖盘
13:33:48	71.19	--	6	42714	买盘
13:33:45	71.19	-0.01	3	21357	买盘
13:33:42	71.2	--	9	64080	买盘
13:33:39	71.2	0.05	100	712000	买盘
13:33:36	71.15	0.02	2	14230	买盘
13:33:33	71.13	-0.06	10	71130	卖盘
13:33:30	71.19	0.04	20	142380	买盘
13:33:27	71.15	0.02	2	14230	买盘
13:33:24	71.13	--	2	14226	卖盘
13:33:21	71.13	--	11	78243	买盘
13:33:18	71.13	--	13	92469	买盘
13:33:15	71.13	0.03	10	71130	买盘
13:33:12	71.1	-0.03	13	92429	卖盘
13:33:09	71.13	-0.06	2	14226	卖盘
13:33:03	71.19	--	5	35595	买盘
13:33:00	71.19	0.09	9	64071	买盘
13:32:57	71.1	0.09	22	156420	买盘
13:32:48	71.01	0.01	6	42606	买盘
13:32:45	71.0	--	32	227200	买盘
13:32:42	71.0	--	35	248500	买盘
13:32:39	71.0	--	162	1150200	买盘
13:32:36	71.0	--	11	78100	买盘
13:32:33	71.0	--	35	248500	买盘
13:32:27	71.0	0.05	5	35500	买盘
13:32:21	70.95	0.01	14	99330	卖盘
13:32:18	70.94	0.04	12	85128	中性盘
13:32:09	70.9	0.04	7	49630	买盘
13:32:06	70.86	--	7	49602	买盘
13:32:03	70.86	--	77	545622	买盘
13:32:00	70.86	0.03	7	49602	买盘
13:31:57	70.83	0.03	10	70830	卖盘
13:31:54	70.8	-0.02	225	1593000	卖盘
13:31:51	70.82	--	11	77901	买盘
13:31:48	70.82	0.01	19	134558	买盘
13:31:45	70.81	0.01	17	120377	买盘
13:31:42	70.8	--	15	106200	买盘
13:31:39	70.8	0.02	14	99120	买盘
13:31:36	70.78	--	4	28312	卖盘
13:31:33	70.78	-0.01	44	311432	卖盘
13:31:30	70.79	0.01	35	247765	买盘
13:31:27	70.78	0.02	29	205262	买盘
13:31:24	70.76	--	19	134444	卖盘
13:31:21	70.76	-0.02	7	49532	卖盘
13:31:18	70.78	0.02	25	176950	买盘
13:31:15	70.76	-0.02	1	7076	卖盘
13:31:12	70.78	-0.02	10	70780	卖盘
13:31:09	70.8	0.01	5	35400	买盘
13:31:03	70.79	-0.01	2	14158	卖盘
13:31:00	70.8	--	2	14160	买盘
13:30:57	70.8	--	10	70800	卖盘
13:30:54	70.8	-0.01	3	21240	卖盘
13:30:51	70.81	0.01	8	56648	买盘
13:30:48	70.8	-0.02	24	169920	卖盘
13:30:45	70.82	--	17	120393	买盘
13:30:42	70.82	--	4	28327	买盘
13:30:39	70.82	-0.04	3	21245	卖盘
13:30:36	70.86	--	4	28344	买盘
13:30:33	70.86	--	1	7086	卖盘
13:30:30	70.86	--	3	21258	卖盘
13:30:27	70.86	-0.04	10	70860	卖盘
13:30:24	70.9	--	2	14180	买盘
13:30:21	70.9	-0.01	21	148890	卖盘
13:30:18	70.91	-0.05	33	234003	中性盘
13:30:15	70.96	--	3	21287	买盘
13:30:12	70.96	--	2	14191	买盘
13:30:09	70.96	--	21	149016	卖盘
13:30:06	70.96	--	57	404471	卖盘
13:30:03	70.96	-0.04	4	28383	卖盘
13:30:00	71.0	--	14	99400	买盘
13:29:54	71.0	--	6	42600	买盘
13:29:51	71.0	--	1	7100	买盘
13:29:33	71.0	--	2	14200	买盘
13:29:30	71.0	--	4	28400	买盘
13:29:27	71.0	--	3	21300	卖盘
13:29:24	71.0	--	3	21300	卖盘
13:29:21	71.0	0.14	8	56800	买盘
13:29:18	70.86	-0.1	4	28344	卖盘
13:29:15	70.96	-0.14	12	85151	卖盘
13:29:12	71.1	-0.01	10	71100	卖盘
13:29:09	71.11	0.11	30	213330	买盘
13:29:06	71.0	-0.11	133	944300	卖盘
13:29:03	71.11	0.01	4	28444	中性盘
13:29:00	71.1	-0.01	2	14219	卖盘
13:28:57	71.11	-0.03	12	85332	中性盘
13:28:51	71.14	--	3	21342	买盘
13:28:48	71.14	-0.05	7	49798	卖盘
13:28:42	71.19	--	14	99666	买盘
13:28:39	71.19	--	4	28476	买盘
13:28:36	71.19	-0.01	1	7119	卖盘
13:28:33	71.2	--	5	35600	买盘
13:28:30	71.2	0.01	1	7120	买盘
13:28:27	71.19	-0.01	32	227808	卖盘
13:28:24	71.2	--	1	7120	卖盘
13:28:21	71.2	-0.04	4	28480	卖盘
13:28:15	71.24	0.03	4	28495	买盘
13:28:12	71.21	-0.01	4	28483	卖盘
13:28:09	71.22	-0.03	4	28488	卖盘
13:28:06	71.25	0.01	2	14250	买盘
13:28:03	71.24	-0.01	27	192348	卖盘
13:28:00	71.25	-0.03	24	171000	卖盘
13:27:57	71.28	0.02	17	121176	买盘
13:27:54	71.26	--	8	57008	卖盘
13:27:48	71.26	-0.02	10	71260	卖盘
13:27:45	71.28	--	7	49896	买盘
13:27:42	71.28	-0.08	8	57024	卖盘
13:27:33	71.36	0.03	23	164128	买盘
13:27:30	71.33	-0.02	6	42798	卖盘
13:27:27	71.35	-0.03	10	71350	卖盘
13:27:24	71.38	0.03	4	28552	买盘
13:27:21	71.35	--	9	64214	卖盘
13:27:18	71.35	--	4	28539	卖盘
13:27:15	71.35	--	20	142700	买盘
13:27:12	71.35	--	38	271130	卖盘
13:27:09	71.35	--	31	221184	卖盘
13:27:06	71.35	--	5	35675	卖盘
13:27:03	71.35	-0.03	21	149835	卖盘
13:27:00	71.38	0.03	10	71380	买盘
13:26:57	71.35	-0.05	10	71350	卖盘
13:26:54	71.4	--	12	85680	买盘
13:26:51	71.4	0.02	24	171360	买盘
13:26:48	71.38	-0.02	1	7138	卖盘
13:26:45	71.4	-0.03	10	71400	卖盘
13:26:42	71.43	--	11	78573	买盘
13:26:39	71.43	--	7	50001	买盘
13:26:36	71.43	--	6	42858	买盘
13:26:33	71.43	--	1	7143	买盘
13:26:30	71.43	-0.06	33	235719	卖盘
13:26:27	71.49	0.06	29	207320	买盘
13:26:24	71.43	-0.05	5	35715	卖盘
13:26:21	71.48	0.05	20	142960	买盘
13:26:18	71.43	--	1	7143	卖盘
13:26:15	71.43	--	10	71430	卖盘
13:26:12	71.43	--	34	242862	卖盘
13:26:09	71.43	--	2	14286	卖盘
13:26:06	71.43	--	5	35715	卖盘
13:26:03	71.43	0.03	12	85716	买盘
13:26:00	71.4	-0.1	10	71400	卖盘
13:25:57	71.5	0.1	42	300300	买盘
13:25:54	71.4	--	12	85680	卖盘
13:25:51	71.4	--	8	57120	卖盘
13:25:45	71.4	0.05	28	199920	买盘
13:25:42	71.35	-0.03	79	563665	卖盘
13:25:39	71.38	0.02	6	42828	买盘
13:25:36	71.36	0.01	11	78496	买盘
13:25:33	71.35	--	1	7134	卖盘
13:25:30	71.35	--	46	328210	卖盘
13:25:27	71.35	0.1	38	271130	买盘
13:25:24	71.25	--	29	206625	买盘
13:25:21	71.25	0.05	63	448875	买盘
13:25:18	71.2	--	23	163760	卖盘
13:25:15	71.2	-0.05	8	56960	卖盘
13:25:12	71.25	0.01	12	85500	买盘
13:25:09	71.24	0.04	15	106859	买盘
13:25:06	71.2	-0.03	3	21360	卖盘
13:25:03	71.23	0.06	3	21369	买盘
13:25:00	71.17	-0.03	18	128106	卖盘
13:24:57	71.2	--	4	28480	买盘
13:24:54	71.2	0.01	5	35600	买盘
13:24:51	71.19	--	10	71190	卖盘
13:24:48	71.19	--	8	56952	卖盘
13:24:42	71.19	0.04	22	156618	买盘
13:24:39	71.15	-0.04	9	64035	卖盘
13:24:36	71.19	0.05	6	42714	中性盘
13:24:33	71.14	--	36	256104	买盘
13:24:30	71.14	-0.01	25	177850	卖盘
13:24:27	71.15	-0.04	2	14230	卖盘
13:24:24	71.19	0.05	2	14238	买盘
13:24:21	71.14	-0.01	8	56912	卖盘
13:24:18	71.15	0.01	5	35575	买盘
13:24:15	71.14	--	28	199192	卖盘
13:24:12	71.14	--	5	35570	卖盘
13:24:09	71.14	--	14	99596	卖盘
13:24:06	71.14	--	15	106710	卖盘
13:24:03	71.14	--	28	199192	买盘
13:24:00	71.14	--	81	576234	买盘
13:23:57	71.14	0.04	9	64026	买盘
13:23:54	71.1	-0.1	17	120869	卖盘
13:23:51	71.2	0.1	4	28480	买盘
13:23:48	71.1	-0.04	15	106649	卖盘
13:23:45	71.14	0.04	11	78254	买盘
13:23:42	71.1	--	7	49769	卖盘
13:23:39	71.1	0.07	5	35550	买盘
13:23:36	71.03	-0.17	1	7103	中性盘
13:23:30	71.2	0.1	30	213600	买盘
13:23:27	71.1	-0.1	17	120869	卖盘
13:23:24	71.2	--	3	21360	卖盘
13:23:21	71.2	-0.03	14	99680	中性盘
13:23:15	71.23	-0.01	6	42738	卖盘
13:23:12	71.24	--	9	64115	买盘
13:23:09	71.24	-0.07	50	362611	卖盘
13:23:06	71.31	-0.01	54	385787	卖盘
13:23:03	71.32	-0.01	2	14263	卖盘
13:23:00	71.33	0.01	11	78463	卖盘
13:22:57	71.32	-0.03	24	171167	卖盘
13:22:54	71.35	-0.03	7	49944	卖盘
13:22:51	71.38	0.03	3	21414	买盘
13:22:48	71.35	-0.03	3	21405	中性盘
13:22:45	71.38	0.05	17	121345	卖盘
13:22:42	71.33	-0.1	25	178325	卖盘
13:22:39	71.43	--	14	100002	卖盘
13:22:33	71.43	-0.01	18	128574	卖盘
13:22:30	71.44	--	4	28576	卖盘
13:22:27	71.44	-0.06	2	14288	卖盘
13:22:24	71.5	--	18	128700	买盘
13:22:18	71.5	--	7	50050	买盘
13:22:15	71.5	--	34	243100	卖盘
13:22:12	71.5	-0.03	16	114400	卖盘
13:22:09	71.53	--	12	85836	买盘
13:22:06	71.53	-0.03	13	92989	卖盘
13:22:03	71.56	0.01	9	64404	买盘
13:22:00	71.55	-0.02	4	28620	卖盘
13:21:57	71.57	-0.02	1	7156	卖盘
13:21:54	71.59	--	2	14318	买盘
13:21:51	71.59	-0.01	16	114544	卖盘
13:21:48	71.6	--	1	7159	买盘
13:21:45	71.6	--	3	21480	买盘
13:21:42	71.6	-0.06	48	343680	卖盘
13:21:39	71.66	--	5	35830	买盘
13:21:36	71.66	-0.04	6	42996	买盘
13:21:33	71.7	--	2	14340	买盘
13:21:30	71.7	0.04	46	329820	买盘
13:21:27	71.66	-0.01	12	85992	卖盘
13:21:24	71.67	-0.03	63	451521	卖盘
13:21:21	71.7	-0.02	19	136230	卖盘
13:21:18	71.72	0.02	12	86064	中性盘
13:21:15	71.7	-0.1	80	573600	卖盘
13:21:12	71.8	0.1	13	93340	买盘
13:21:09	71.7	-0.1	12	86040	卖盘
13:21:06	71.8	0.05	28	201040	买盘
13:21:03	71.75	0.04	5	35875	中性盘
13:21:00	71.71	0.01	15	107564	中性盘
13:20:57	71.7	-0.01	3	21510	卖盘
13:20:54	71.71	--	57	408746	卖盘
13:20:51	71.71	0.03	2	14341	买盘
13:20:48	71.68	-0.02	16	114688	卖盘
13:20:45	71.7	-0.03	91	652470	卖盘
13:20:42	71.73	0.02	81	581013	买盘
13:20:39	71.71	--	38	272498	买盘
13:20:36	71.71	0.01	19	136249	买盘
13:20:33	71.7	--	6	43020	卖盘
13:20:30	71.7	0.04	23	164910	买盘
13:20:27	71.66	-0.01	28	200648	卖盘
13:20:24	71.67	0.01	18	129006	买盘
13:20:21	71.66	0.06	8	57328	买盘
13:20:18	71.6	-0.05	8	57279	卖盘
13:20:15	71.65	0.04	13	93145	卖盘
13:20:12	71.61	0.01	22	157542	买盘
13:20:09	71.6	0.01	18	128879	买盘
13:20:06	71.59	--	43	307837	卖盘
13:20:00	71.59	0.04	16	114544	买盘
13:19:57	71.55	-0.04	9	64395	卖盘
13:19:54	71.59	0.04	1	7159	买盘
13:19:51	71.55	-0.02	11	78705	卖盘
13:19:48	71.57	--	14	100197	买盘
13:19:45	71.57	0.02	11	78726	买盘
13:19:42	71.55	--	39	279045	卖盘
13:19:39	71.55	-0.02	5	35775	卖盘
13:19:36	71.57	0.02	27	193238	买盘
13:19:33	71.55	-0.02	17	121635	卖盘
13:19:30	71.57	--	5	35785	买盘
13:19:27	71.57	0.02	20	143140	买盘
13:19:24	71.55	0.05	36	257580	买盘
13:19:21	71.5	-0.05	3	21450	卖盘
13:19:18	71.55	0.11	4	28620	买盘
13:19:15	71.44	--	8	57152	卖盘
13:19:12	71.44	-0.02	55	392920	卖盘
13:19:09	71.46	-0.04	8	57167	卖盘
13:19:06	71.5	-0.07	33	235950	卖盘
13:19:03	71.57	0.02	18	128825	买盘
13:19:00	71.55	-0.02	42	300510	卖盘
13:18:57	71.57	0.11	54	386477	买盘
13:18:54	71.46	--	4	28583	卖盘
13:18:51	71.46	0.03	12	85751	中性盘
13:18:48	71.43	-0.08	20	142860	中性盘
13:18:45	71.51	0.11	24	171624	买盘
13:18:42	71.4	-0.04	21	149940	卖盘
13:18:39	71.44	-0.16	4	28576	中性盘
13:18:36	71.6	0.18	157	1124120	买盘
13:18:33	71.42	-0.07	17	121414	卖盘
13:18:30	71.49	-0.02	70	500429	卖盘
13:18:27	71.51	--	23	164473	买盘
13:18:24	71.51	-0.04	24	171624	卖盘
13:18:21	71.55	--	18	128790	买盘
13:18:18	71.55	0.04	1	7155	买盘
13:18:15	71.51	-0.04	17	121567	卖盘
13:18:12	71.55	-0.05	1	7155	卖盘
13:18:09	71.6	--	43	307880	卖盘
13:18:06	71.6	-0.1	6	42960	卖盘
13:18:03	71.7	0.1	5	35850	买盘
13:18:00	71.6	-0.1	20	143200	卖盘
13:17:57	71.7	-0.01	10	71700	中性盘
13:17:54	71.71	-0.03	10	71710	卖盘
13:17:51	71.74	0.03	36	258263	买盘
13:17:48	71.71	-0.03	19	136249	卖盘
13:17:45	71.74	-0.02	29	208045	卖盘
13:17:42	71.76	0.02	15	107640	买盘
13:17:39	71.74	-0.02	36	258263	卖盘
13:17:36	71.76	-0.01	46	330096	买盘
13:17:33	71.77	-0.1	115	825355	卖盘
13:17:30	71.87	0.06	24	172488	买盘
13:17:27	71.81	-0.06	139	998159	卖盘
13:17:24	71.87	-0.03	89	639643	卖盘
13:17:21	71.9	0.02	75	539250	买盘
13:17:18	71.88	--	102	733176	卖盘
13:17:15	71.88	0.01	97	697236	买盘
13:17:12	71.87	-0.01	95	682765	中性盘
13:17:09	71.88	-0.02	80	575040	买盘
13:17:06	71.9	0.01	43	309170	买盘
13:17:03	71.89	0.01	33	237237	买盘
13:17:00	71.88	-0.02	18	129383	中性盘
13:16:57	71.9	0.06	123	884370	买盘
13:16:54	71.84	0.04	85	610640	买盘
13:16:51	71.8	-0.04	85	610300	卖盘
13:16:48	71.84	0.07	89	639376	买盘
13:16:45	71.77	-0.02	80	574160	卖盘
13:16:42	71.79	--	33	236907	买盘
13:16:39	71.79	0.03	34	244086	买盘
13:16:36	71.76	0.01	29	208104	中性盘
13:16:33	71.75	0.01	52	373100	买盘
13:16:30	71.74	--	38	272612	卖盘
13:16:27	71.74	0.04	24	172176	买盘
13:16:24	71.7	--	46	329820	中性盘
13:16:21	71.7	0.04	10	71700	中性盘
13:16:18	71.66	0.06	65	465790	中性盘
13:16:15	71.6	-0.05	87	622920	卖盘
13:16:12	71.65	0.05	76	544540	买盘
13:16:09	71.6	--	28	200479	卖盘
13:16:06	71.6	-0.05	40	286400	中性盘
13:16:03	71.65	0.12	114	816810	买盘
13:16:00	71.53	--	14	100142	卖盘
13:15:57	71.53	0.03	79	565087	卖盘
13:15:54	71.5	0.1	39	278850	卖盘
13:15:51	71.4	-0.1	34	245116	卖盘
13:15:48	71.5	--	90	643500	买盘
13:15:45	71.5	0.2	54	386100	买盘
13:15:42	71.3	-0.2	44	313720	卖盘
13:15:39	71.5	0.2	179	1279850	买盘
13:15:36	71.3	-0.15	165	1176450	卖盘
13:15:33	71.45	-0.05	224	1600480	中性盘
13:15:30	71.5	0.14	26	185900	买盘
13:15:27	71.36	-0.11	36	256896	中性盘
13:15:24	71.47	0.17	124	886228	买盘
13:15:21	71.3	0.01	43	306590	买盘
13:15:18	71.29	-0.01	590	4206110	卖盘
13:15:15	71.3	--	67	477710	买盘
13:15:12	71.3	--	86	613180	买盘
13:15:09	71.3	--	78	556140	买盘
13:15:06	71.3	--	145	1033850	买盘
13:15:03	71.3	--	124	884120	买盘
13:15:00	71.3	0.03	140	998200	买盘
13:14:57	71.27	--	326	2323402	买盘
13:14:54	71.27	--	14	99778	买盘
13:14:51	71.27	0.05	33	235191	买盘
13:14:48	71.22	--	75	534150	卖盘
13:14:45	71.22	--	18	128196	卖盘
13:14:42	71.22	--	48	341856	买盘
13:14:39	71.22	0.02	46	327612	买盘
13:14:36	71.2	-0.02	70	498400	卖盘
13:14:33	71.22	0.02	44	313368	买盘
13:14:30	71.2	--	452	3218240	买盘
13:14:27	71.2	--	36	256320	买盘
13:14:24	71.2	0.02	18	128160	买盘
13:14:21	71.18	-0.02	27	192186	中性盘
13:14:18	71.2	0.18	601	4279120	买盘
13:14:15	71.02	0.02	19	134938	买盘
13:14:12	71.0	--	188	1334800	买盘
13:14:09	71.0	0.11	8	56800	买盘
13:14:06	70.89	0.01	122	864858	买盘
13:14:03	70.88	0.05	59	418192	买盘
13:14:00	70.83	-0.02	30	212490	卖盘
13:13:57	70.85	0.02	106	751009	买盘
13:13:54	70.83	--	8	56664	买盘
13:13:51	70.83	0.02	19	134577	买盘
13:13:48	70.81	0.01	10	70810	买盘
13:13:45	70.8	--	33	233640	卖盘
13:13:42	70.8	-0.03	10	70800	卖盘
13:13:39	70.83	--	11	77913	买盘
13:13:33	70.83	--	1	7083	买盘
13:13:30	70.83	--	12	84996	卖盘
13:13:27	70.83	0.03	3	21249	卖盘
13:13:24	70.8	-0.03	21	148680	卖盘
13:13:21	70.83	-0.02	10	70830	买盘
13:13:18	70.85	0.05	5	35425	买盘
13:13:15	70.8	-0.04	26	184080	卖盘
13:13:12	70.84	-0.01	7	49588	买盘
13:13:09	70.85	--	2	14169	买盘
13:13:06	70.85	--	4	28339	买盘
13:13:03	70.85	0.05	32	226719	买盘
13:13:00	70.8	-0.05	36	254880	卖盘
13:12:57	70.85	--	5	35425	买盘
13:12:51	70.85	-0.02	5	35425	买盘
13:12:48	70.87	0.07	9	63783	买盘
13:12:45	70.8	-0.07	18	127440	卖盘
13:12:42	70.87	--	26	184262	买盘
13:12:36	70.87	0.02	8	56696	买盘
13:12:33	70.85	--	3	21255	买盘
13:12:30	70.85	0.04	1	7084	中性盘
13:12:27	70.81	-0.05	18	127458	卖盘
13:12:24	70.86	0.01	33	233838	买盘
13:12:21	70.85	--	26	184209	卖盘
13:12:18	70.85	-0.01	1	7084	卖盘
13:12:15	70.86	-0.01	12	85032	卖盘
13:12:12	70.87	0.01	1	7087	卖盘
13:12:09	70.86	--	23	162978	卖盘
13:12:06	70.86	--	5	35430	卖盘
13:12:00	70.86	--	5	35430	卖盘
13:11:57	70.86	-0.07	10	70860	卖盘
13:11:54	70.93	--	11	78023	买盘
13:11:51	70.93	--	2	14186	买盘
13:11:48	70.93	-0.01	12	85116	卖盘
13:11:45	70.94	--	12	85128	买盘
13:11:42	70.94	--	49	347606	买盘
13:11:39	70.94	0.01	1	7094	买盘
13:11:36	70.93	-0.05	14	99302	卖盘
13:11:33	70.98	--	4	28392	买盘
13:11:30	70.98	0.04	1	7098	买盘
13:11:27	70.94	-0.06	11	78034	卖盘
13:11:24	71.0	0.02	18	127800	买盘
13:11:21	70.98	0.05	2	14196	买盘
13:11:18	70.93	--	16	113488	卖盘
13:11:15	70.93	-0.05	3	21279	卖盘
13:11:12	70.98	--	1	7098	买盘
13:11:09	70.98	--	23	163254	买盘
13:11:06	70.98	0.05	22	156156	中性盘
13:11:03	70.93	-0.05	14	99302	卖盘
13:10:57	70.98	0.18	20	141960	买盘
13:10:54	70.8	-0.05	22	155760	卖盘
13:10:51	70.85	--	3	21255	卖盘
13:10:48	70.85	-0.08	6	42510	中性盘
13:10:45	70.93	0.13	96	680928	买盘
13:10:42	70.8	--	8	56640	买盘
13:10:39	70.8	-0.01	18	127440	卖盘
13:10:36	70.81	--	13	92053	买盘
13:10:33	70.81	0.01	4	28324	买盘
13:10:30	70.8	-0.01	14	99120	中性盘
13:10:27	70.81	0.01	17	120377	买盘
13:10:24	70.8	0.02	11	77880	买盘
13:10:21	70.78	0.08	15	106170	卖盘
13:10:18	70.7	0.04	96	678720	中性盘
13:10:15	70.66	-0.04	16	113056	卖盘
13:10:12	70.7	0.04	15	106050	买盘
13:10:09	70.66	0.01	44	310904	中性盘
13:10:03	70.65	-0.15	45	317925	卖盘
13:10:00	70.8	0.1	8	56640	买盘
13:09:57	70.7	-0.1	4	28280	卖盘
13:09:54	70.8	--	6	42480	买盘
13:09:51	70.8	-0.06	23	162840	卖盘
13:09:48	70.86	-0.02	16	113376	卖盘
13:09:45	70.88	0.07	41	290608	买盘
13:09:42	70.81	-0.04	8	56648	卖盘
13:09:39	70.85	-0.03	74	524290	卖盘
13:09:36	70.88	0.03	18	127583	买盘
13:09:33	70.85	--	66	467609	卖盘
13:09:30	70.85	--	22	155870	买盘
13:09:27	70.85	--	3	21255	买盘
13:09:24	70.85	0.05	28	198379	买盘
13:09:21	70.8	-0.05	91	644280	卖盘
13:09:15	70.85	-0.03	87	616395	卖盘
13:09:12	70.88	--	18	127583	卖盘
13:09:09	70.88	-0.02	14	99232	卖盘
13:09:06	70.9	0.02	17	120530	买盘
13:09:03	70.88	-0.02	19	134672	卖盘
13:09:00	70.9	--	15	106350	买盘
13:08:57	70.9	--	10	70900	买盘
13:08:51	70.9	--	8	56720	买盘
13:08:48	70.9	--	4	28360	中性盘
13:08:45	70.9	--	66	467940	卖盘
13:08:39	70.9	--	4	28360	卖盘
13:08:36	70.9	--	13	92170	卖盘
13:08:33	70.9	--	27	191430	买盘
13:08:30	70.9	--	3	21270	买盘
13:08:27	70.9	-0.1	49	347410	卖盘
13:08:24	71.0	--	8	56800	买盘
13:08:21	71.0	--	71	504100	买盘
13:08:18	71.0	--	23	163300	买盘
13:08:15	71.0	--	9	63900	买盘
13:08:12	71.0	--	76	539600	卖盘
13:08:09	71.0	-0.01	25	177500	卖盘
13:08:06	71.01	0.01	24	170424	中性盘
13:08:03	71.0	--	32	227200	买盘
13:08:00	71.0	--	5	35500	买盘
13:07:57	71.0	-0.01	55	390500	卖盘
13:07:54	71.01	--	26	184626	买盘
13:07:51	71.01	0.01	64	454464	买盘
13:07:48	71.0	--	25	177500	卖盘
13:07:45	71.0	--	15	106500	卖盘
13:07:42	71.0	0.12	71	504100	买盘
13:07:39	70.88	--	20	141760	卖盘
13:07:36	70.88	-0.12	13	92144	卖盘
13:07:33	71.0	--	9	63900	买盘
13:07:30	71.0	--	11	78100	买盘
13:07:27	71.0	--	136	965600	卖盘
13:07:24	71.0	-0.01	202	1434200	卖盘
13:07:21	71.01	--	33	234333	卖盘
13:07:18	71.01	-0.02	13	92313	卖盘
13:07:15	71.03	-0.03	24	170472	中性盘
13:07:12	71.06	--	11	78166	中性盘
13:07:09	71.06	0.04	12	85272	中性盘
13:07:06	71.02	-0.05	21	149142	卖盘
13:07:03	71.07	-0.03	67	476168	中性盘
13:07:00	71.1	--	51	362610	买盘
13:06:57	71.1	-0.09	162	1151820	卖盘
13:06:54	71.19	-0.01	6	42714	中性盘
13:06:51	71.2	--	137	975440	买盘
13:06:48	71.2	0.03	86	612320	买盘
13:06:45	71.17	-0.03	27	192159	中性盘
13:06:42	71.2	0.1	108	768960	买盘
13:06:39	71.1	0.07	20	142200	买盘
13:06:36	71.03	-0.07	30	213090	卖盘
13:06:33	71.1	0.05	11	78210	买盘
13:06:30	71.05	0.02	312	2216760	买盘
13:06:27	71.03	0.01	22	156266	买盘
13:06:24	71.02	0.02	14	99428	买盘
13:06:21	71.0	--	21	149100	卖盘
13:06:18	71.0	--	8	56800	卖盘
13:06:15	71.0	0.15	900	6390000	买盘
13:06:12	70.85	-0.03	41	290485	卖盘
13:06:09	70.88	0.03	37	262256	买盘
13:06:06	70.85	-0.03	17	120444	买盘
13:06:03	70.88	0.05	31	219728	买盘
13:06:00	70.83	0.03	25	177075	买盘
13:05:57	70.8	--	17	120360	买盘
13:05:54	70.8	0.1	34	240720	买盘
13:05:51	70.7	-0.1	5	35350	卖盘
13:05:48	70.8	0.1	74	523920	买盘
13:05:45	70.7	--	16	113120	买盘
13:05:42	70.7	0.05	94	664580	买盘
13:05:39	70.65	0.05	41	289665	买盘
13:05:36	70.6	--	46	324760	卖盘
13:05:33	70.6	--	25	176500	卖盘
13:05:30	70.6	--	4	28239	卖盘
13:05:27	70.6	0.2	380	2682800	买盘
13:05:21	70.4	--	12	84480	卖盘
13:05:18	70.4	-0.09	4	28160	卖盘
13:05:15	70.49	0.08	5	35245	买盘
13:05:12	70.41	-0.02	9	63369	中性盘
13:05:09	70.43	-0.06	5	35215	卖盘
13:05:06	70.49	0.06	10	70490	买盘
13:05:03	70.43	--	6	42258	卖盘
13:05:00	70.43	--	2	14086	卖盘
13:04:57	70.43	-0.07	6	42258	卖盘
13:04:54	70.5	0.01	3	21150	买盘
13:04:51	70.49	0.06	7	49343	买盘
13:04:48	70.43	-0.07	39	274677	卖盘
13:04:45	70.5	-0.1	19	133950	卖盘
13:04:42	70.6	0.1	73	515379	买盘
13:04:39	70.5	0.01	14	98700	中性盘
13:04:36	70.49	-0.09	3	21147	卖盘
13:04:33	70.58	0.15	19	134102	买盘
13:04:30	70.43	-0.17	4	28172	卖盘
13:04:27	70.6	0.15	37	261219	买盘
13:04:24	70.45	-0.15	5	35225	中性盘
13:04:21	70.6	--	6	42360	买盘
13:04:18	70.6	--	4	28239	买盘
13:04:12	70.6	--	17	120019	卖盘
13:04:09	70.6	-0.09	30	211799	卖盘
13:04:06	70.69	--	5	35345	买盘
13:04:03	70.69	--	19	134311	卖盘
13:04:00	70.69	--	18	127242	卖盘
13:03:57	70.69	-0.01	77	544313	卖盘
13:03:54	70.7	--	36	254520	买盘
13:03:51	70.7	--	3	21210	买盘
13:03:48	70.7	-0.01	25	176750	卖盘
13:03:45	70.71	-0.06	4	28283	中性盘
13:03:42	70.77	-0.02	4	28308	卖盘
13:03:39	70.79	0.01	42	297318	买盘
13:03:36	70.78	0.07	19	134482	买盘
13:03:33	70.71	0.01	10	70710	中性盘
13:03:30	70.7	--	2	14140	卖盘
13:03:27	70.7	0.01	2	14140	买盘
13:03:24	70.69	0.04	60	424140	中性盘
13:03:21	70.65	-0.05	14	98910	卖盘
13:03:18	70.7	0.06	213	1505910	买盘
13:03:15	70.64	-0.01	2	14128	卖盘
13:03:09	70.65	0.01	7	49455	买盘
13:03:06	70.64	0.04	2	14128	中性盘
13:03:03	70.6	--	22	155320	卖盘
13:03:00	70.6	--	21	148260	卖盘
13:02:57	70.6	0.17	370	2612200	买盘
13:02:54	70.43	0.05	14	98602	买盘
13:02:51	70.38	-0.02	7	49266	买盘
13:02:48	70.4	0.01	7	49280	买盘
13:02:45	70.39	--	4	28156	买盘
13:02:42	70.39	-0.03	4	28156	买盘
13:02:39	70.42	--	7	49294	买盘
13:02:36	70.42	-0.01	45	316890	中性盘
13:02:33	70.43	0.04	8	56344	买盘
13:02:30	70.39	-0.03	10	70390	卖盘
13:02:27	70.42	0.04	5	35210	买盘
13:02:21	70.38	--	4	28152	卖盘
13:02:15	70.38	0.08	16	112608	买盘
13:02:12	70.3	--	51	358530	卖盘
13:02:09	70.3	--	3	21090	卖盘
13:02:06	70.3	0.02	284	1996520	买盘
13:02:03	70.28	0.03	44	309232	买盘
13:02:00	70.25	-0.03	19	133475	中性盘
13:01:51	70.28	--	8	56224	买盘
13:01:48	70.28	0.02	15	105420	买盘
13:01:42	70.26	0.01	36	252936	买盘
13:01:39	70.25	-0.01	14	98350	卖盘
13:01:36	70.26	0.09	23	161598	买盘
13:01:33	70.17	-0.02	45	315765	卖盘
13:01:30	70.19	0.01	1	7019	买盘
13:01:24	70.18	0.01	8	56144	买盘
13:01:18	70.17	--	2	14034	卖盘
13:01:15	70.17	-0.01	7	49119	中性盘
13:01:12	70.18	0.03	7	49126	买盘
13:01:06	70.15	0.02	10	70150	买盘
13:01:03	70.13	--	4	28052	卖盘
13:01:00	70.13	--	10	70130	买盘
13:00:57	70.13	-0.01	2	14026	买盘
13:00:54	70.14	0.01	46	322644	买盘
13:00:51	70.13	--	35	245454	买盘
13:00:48	70.13	--	203	1423639	买盘
13:00:45	70.13	--	7	49091	买盘
13:00:42	70.13	--	1	7013	买盘
13:00:39	70.13	--	7	49091	买盘
13:00:33	70.13	0.11	47	329611	买盘
13:00:24	70.02	0.01	16	112032	中性盘
13:00:21	70.01	--	2	14002	卖盘
13:00:09	70.01	--	12	84012	卖盘
13:00:06	70.01	--	154	1078154	卖盘
13:00:03	70.01	0.06	698	4886698	买盘
13:00:00	69.95	--	0	0	卖盘
11:30:00	69.95	--	0	0	卖盘
11:29:57	69.95	-0.05	1	6995	中性盘
11:29:51	70.0	0.01	106	742000	买盘
11:29:48	69.99	0.07	15	104984	买盘
11:29:42	69.92	-0.07	7	48944	卖盘
11:29:39	69.99	--	8	55991	卖盘
11:29:36	69.99	--	15	104984	卖盘
11:29:30	69.99	--	12	83988	卖盘
11:29:27	69.99	--	12	83988	买盘
11:29:24	69.99	--	14	97986	买盘
11:29:18	69.99	0.04	26	181974	买盘
11:29:15	69.95	-0.04	14	97930	卖盘
11:29:12	69.99	-0.01	20	139980	买盘
11:29:09	70.0	0.01	1	7000	买盘
11:29:06	69.99	--	7	48993	卖盘
11:29:03	69.99	-0.01	40	279960	卖盘
11:29:00	70.0	0.01	66	462000	买盘
11:28:57	69.99	-0.01	15	104984	卖盘
11:28:54	70.0	0.01	30	210000	买盘
11:28:48	69.99	-0.01	10	69990	中性盘
11:28:45	70.0	--	47	329000	买盘
11:28:42	70.0	0.01	7	49000	买盘
11:28:39	69.99	-0.01	6	41994	中性盘
11:28:36	70.0	--	30	210000	买盘
11:28:33	70.0	--	20	140000	买盘
11:28:30	70.0	--	4	28000	买盘
11:28:27	70.0	--	7	49000	买盘
11:28:24	70.0	--	35	245000	买盘
11:28:21	70.0	--	2	14000	买盘
11:28:18	70.0	0.02	4	28000	买盘
11:28:15	69.98	--	10	69980	卖盘
11:28:12	69.98	-0.02	1	6998	卖盘
11:28:09	70.0	0.01	38	266000	买盘
11:28:06	69.99	--	6	41994	卖盘
11:28:03	69.99	--	48	335952	买盘
11:28:00	69.99	0.01	1	6998	买盘
11:27:57	69.98	-0.01	4	27992	卖盘
11:27:54	69.99	0.02	8	55991	买盘
11:27:51	69.97	-0.02	10	69970	卖盘
11:27:48	69.99	0.01	1	6998	买盘
11:27:45	69.98	--	11	76978	买盘
11:27:42	69.98	--	1	6998	买盘
11:27:39	69.98	0.08	15	104970	买盘
11:27:36	69.9	-0.09	1	6990	中性盘
11:27:30	69.99	0.16	4	27995	买盘
11:27:24	69.83	--	1	6983	卖盘
11:27:21	69.83	-0.16	1	6983	卖盘
11:27:18	69.99	0.18	140	979859	买盘
11:27:15	69.81	0.01	3	20943	买盘
11:27:09	69.8	--	22	153560	卖盘
11:27:06	69.8	0.03	6	41880	买盘
11:27:03	69.77	0.03	45	313965	买盘
11:26:57	69.74	--	62	432387	卖盘
11:26:54	69.74	-0.03	8	55791	卖盘
11:26:45	69.77	0.07	27	188379	买盘
11:26:39	69.7	-0.07	36	250920	卖盘
11:26:36	69.77	0.04	96	669792	买盘
11:26:33	69.73	0.03	1	6973	买盘
11:26:27	69.7	--	5	34850	买盘
11:26:24	69.7	0.09	4	27880	买盘
11:26:21	69.61	-0.09	2	13922	卖盘
11:26:18	69.7	0.1	17	118490	买盘
11:26:15	69.6	-0.09	15	104399	卖盘
11:26:09	69.69	-0.01	1	6969	卖盘
11:26:03	69.7	0.01	14	97580	买盘
11:25:57	69.69	--	1	6969	买盘
11:25:51	69.69	0.14	1	6969	买盘
11:25:42	69.55	--	2	13910	买盘
11:25:33	69.55	-0.15	3	20865	卖盘
11:25:27	69.7	--	6	41820	买盘
11:25:24	69.7	--	7	48790	卖盘
11:25:18	69.7	0.14	8	55760	买盘
11:25:15	69.56	--	1	6956	买盘
11:25:12	69.56	--	3	20868	买盘
11:25:09	69.56	-0.02	1	6956	买盘
11:25:06	69.58	--	2	13916	卖盘
11:25:00	69.58	0.08	3	20874	中性盘
11:24:57	69.5	--	17	118150	卖盘
11:24:54	69.5	-0.03	7	48650	卖盘
11:24:51	69.53	0.05	4	27812	买盘
11:24:48	69.48	0.06	5	34740	中性盘
11:24:45	69.42	-0.06	37	256854	卖盘
11:24:42	69.48	--	2	13896	卖盘
11:24:39	69.48	0.07	3	20844	买盘
11:24:33	69.41	--	6	41646	卖盘
11:24:30	69.41	--	5	34705	买盘
11:24:27	69.41	0.01	23	159643	买盘
11:24:21	69.4	0.02	9	62460	买盘
11:24:18	69.38	-0.02	3	20814	卖盘
11:24:15	69.4	0.02	1	6940	买盘
11:24:12	69.38	--	8	55504	买盘
11:24:09	69.38	0.02	5	34690	买盘
11:24:06	69.36	0.02	72	499392	买盘
11:24:03	69.34	--	24	166416	买盘
11:24:00	69.34	--	2	13868	买盘
11:23:57	69.34	--	2	13868	买盘
11:23:54	69.34	0.03	10	69340	买盘
11:23:51	69.31	-0.01	2	13862	中性盘
11:23:48	69.32	0.02	2	13863	买盘
11:23:45	69.3	0.01	11	76230	中性盘
11:23:42	69.29	-0.01	105	727545	卖盘
11:23:39	69.3	--	12	83160	买盘
11:23:36	69.3	-0.02	85	589050	卖盘
11:23:33	69.32	0.02	299	2072667	买盘
11:23:30	69.3	-0.01	19	131670	卖盘
11:23:27	69.31	--	10	69310	卖盘
11:23:24	69.31	-0.01	14	97034	卖盘
11:23:21	69.32	0.01	2	13863	买盘
11:23:18	69.31	-0.01	13	90103	卖盘
11:23:15	69.32	--	4	27727	买盘
11:23:12	69.32	-0.03	16	110911	卖盘
11:23:09	69.35	--	11	76285	卖盘
11:23:06	69.35	--	25	173375	卖盘
11:23:03	69.35	--	1	6934	卖盘
11:23:00	69.35	-0.01	11	76285	中性盘
11:22:57	69.36	0.01	4	27744	中性盘
11:22:54	69.35	-0.03	55	381424	卖盘
11:22:51	69.38	0.02	8	55504	买盘
11:22:48	69.36	-0.04	5	34680	卖盘
11:22:42	69.4	-0.01	52	360880	卖盘
11:22:39	69.41	-0.02	5	34705	卖盘
11:22:36	69.43	0.02	11	76373	中性盘
11:22:33	69.41	-0.07	10	69410	卖盘
11:22:27	69.48	--	6	41688	买盘
11:22:24	69.48	-0.02	38	264024	卖盘
11:22:18	69.5	-0.02	7	48650	卖盘
11:22:15	69.52	-0.01	3	20856	卖盘
11:22:12	69.53	--	7	48671	买盘
11:22:09	69.53	-0.05	7	48671	卖盘
11:22:06	69.58	--	1	6958	买盘
11:22:03	69.58	0.05	12	83496	买盘
11:22:00	69.53	-0.05	1	6953	卖盘
11:21:57	69.58	--	13	90454	卖盘
11:21:54	69.58	--	1	6958	卖盘
11:21:51	69.58	-0.02	1	6958	卖盘
11:21:48	69.6	-0.05	7	48719	卖盘
11:21:42	69.65	-0.01	2	13930	卖盘
11:21:39	69.66	--	2	13932	买盘
11:21:36	69.66	--	8	55728	卖盘
11:21:33	69.66	--	63	438858	卖盘
11:21:30	69.66	--	8	55728	卖盘
11:21:27	69.66	-0.02	6	41796	卖盘
11:21:24	69.68	--	19	132392	卖盘
11:21:18	69.68	-0.02	21	146328	卖盘
11:21:15	69.7	--	2	13940	卖盘
11:21:06	69.7	-0.07	11	76670	卖盘
11:21:00	69.77	--	14	97678	卖盘
11:20:57	69.77	-0.02	186	1297722	卖盘
11:20:54	69.79	0.01	16	111664	买盘
11:20:51	69.78	--	32	223296	卖盘
11:20:48	69.78	-0.02	11	76758	卖盘
11:20:45	69.8	--	4	27920	买盘
11:20:39	69.8	-0.04	15	104700	中性盘
11:20:33	69.84	0.04	18	125712	买盘
11:20:30	69.8	-0.03	16	111680	卖盘
11:20:27	69.83	--	1	6983	卖盘
11:20:24	69.83	-0.01	19	132677	中性盘
11:20:21	69.84	--	2	13968	买盘
11:20:18	69.84	--	6	41904	买盘
11:20:12	69.84	-0.05	21	146664	卖盘
11:20:09	69.89	0.05	4	27956	买盘
11:20:06	69.84	-0.05	10	69840	卖盘
11:20:03	69.89	--	2	13978	中性盘
11:19:54	69.89	-0.03	18	125802	卖盘
11:19:51	69.92	0.02	3	20976	买盘
11:19:48	69.9	-0.03	49	342510	卖盘
11:19:45	69.93	0.02	3	20979	买盘
11:19:42	69.91	-0.01	9	62919	卖盘
11:19:39	69.92	-0.03	24	167808	卖盘
11:19:36	69.95	0.01	7	48965	买盘
11:19:33	69.94	0.02	18	125892	买盘
11:19:30	69.92	0.01	10	69920	买盘
11:19:27	69.91	-0.01	8	55928	卖盘
11:19:21	69.92	-0.02	17	118864	卖盘
11:19:18	69.94	-0.01	4	27976	卖盘
11:19:12	69.95	--	17	118915	买盘
11:19:09	69.95	--	5	34975	买盘
11:19:03	69.95	--	19	132905	买盘
11:19:00	69.95	0.02	15	104925	买盘
11:18:54	69.93	0.01	2	13986	中性盘
11:18:51	69.92	0.01	53	370576	卖盘
11:18:48	69.91	-0.02	5	34955	卖盘
11:18:45	69.93	0.03	7	48951	买盘
11:18:39	69.9	--	22	153780	卖盘
11:18:36	69.9	--	2	13980	卖盘
11:18:33	69.9	0.01	59	412410	买盘
11:18:30	69.89	0.05	13	90857	买盘
11:18:27	69.84	--	2	13968	卖盘
11:18:24	69.84	-0.01	10	69840	卖盘
11:18:21	69.85	0.01	15	104774	买盘
11:18:15	69.84	--	8	55872	卖盘
11:18:12	69.84	--	59	412056	买盘
11:18:06	69.84	--	1	6984	买盘
11:18:03	69.84	0.04	12	83808	买盘
11:18:00	69.8	--	5	34900	卖盘
11:17:54	69.8	--	24	167520	买盘
11:17:51	69.8	0.02	26	181480	买盘
11:17:48	69.78	--	10	69780	卖盘
11:17:45	69.78	-0.01	3	20934	卖盘
11:17:42	69.79	0.01	2	13958	中性盘
11:17:36	69.78	-0.02	33	230274	卖盘
11:17:33	69.8	--	28	195440	卖盘
11:17:30	69.8	-0.04	1	6980	卖盘
11:17:21	69.84	0.04	7	48888	买盘
11:17:18	69.8	--	9	62820	买盘
11:17:15	69.8	-0.04	1	6980	卖盘
11:17:12	69.84	0.06	61	426024	买盘
11:17:06	69.78	--	4	27912	卖盘
11:17:03	69.78	-0.01	15	104670	卖盘
11:17:00	69.79	--	9	62811	买盘
11:16:57	69.79	--	2	13958	买盘
11:16:54	69.79	0.01	23	160517	买盘
11:16:51	69.78	--	5	34890	卖盘
11:16:48	69.78	-0.01	2	13956	卖盘
11:16:45	69.79	0.01	3	20937	买盘
11:16:42	69.78	-0.01	1	6978	卖盘
11:16:39	69.79	-0.01	10	69790	中性盘
11:16:36	69.8	0.01	13	90740	买盘
11:16:33	69.79	-0.05	5	34895	卖盘
11:16:30	69.84	--	12	83808	买盘
11:16:27	69.84	0.04	23	160632	买盘
11:16:24	69.8	-0.04	22	153560	中性盘
11:16:18	69.84	0.01	7	48888	买盘
11:16:15	69.83	-0.01	2	13966	买盘
11:16:12	69.84	--	4	27936	买盘
11:16:09	69.84	--	6	41904	买盘
11:16:06	69.84	--	5	34920	买盘
11:16:03	69.84	--	52	363168	买盘
11:16:00	69.84	--	3	20952	买盘
11:15:57	69.84	--	10	69840	买盘
11:15:54	69.84	--	1	6984	买盘
11:15:51	69.84	-0.1	27	188568	卖盘
11:15:48	69.94	--	2	13988	卖盘
11:15:45	69.94	0.04	9	62946	买盘
11:15:42	69.9	-0.04	2	13980	中性盘
11:15:36	69.94	0.04	7	48958	买盘
11:15:33	69.9	--	4	27960	卖盘
11:15:30	69.9	--	2	13980	买盘
11:15:27	69.9	--	11	76890	买盘
11:15:24	69.9	0.05	10	69900	买盘
11:15:21	69.85	--	33	230504	卖盘
11:15:18	69.85	0.08	94	656590	买盘
11:15:15	69.77	-0.01	35	244195	卖盘
11:15:12	69.78	--	9	62802	卖盘
11:15:09	69.78	0.01	17	118626	买盘
11:15:06	69.77	-0.03	4	27908	卖盘
11:15:00	69.8	0.01	51	355980	买盘
11:14:57	69.79	--	5	34895	卖盘
11:14:54	69.79	--	17	118643	卖盘
11:14:51	69.79	-0.01	32	223328	卖盘
11:14:48	69.8	--	23	160540	买盘
11:14:45	69.8	--	6	41880	买盘
11:14:42	69.8	--	14	97720	买盘
11:14:39	69.8	--	28	195440	买盘
11:14:36	69.8	-0.05	18	125640	卖盘
11:14:33	69.85	0.05	7	48894	买盘
11:14:30	69.8	-0.05	9	62820	卖盘
11:14:27	69.85	--	6	41910	买盘
11:14:24	69.85	0.02	1	6984	买盘
11:14:21	69.83	-0.02	2	13966	卖盘
11:14:18	69.85	--	5	34925	买盘
11:14:15	69.85	0.08	23	160655	买盘
11:14:12	69.77	-0.08	5	34885	卖盘
11:14:09	69.85	0.05	6	41910	买盘
11:14:06	69.8	0.11	46	321080	买盘
11:14:03	69.69	--	4	27876	中性盘
11:14:00	69.69	0.01	4	27876	买盘
11:13:57	69.68	--	32	222976	卖盘
11:13:54	69.68	--	2	13936	卖盘
11:13:51	69.68	--	5	34840	卖盘
11:13:48	69.68	--	2	13936	买盘
11:13:45	69.68	0.16	21	146328	买盘
11:13:42	69.52	-0.08	9	62568	卖盘
11:13:39	69.6	0.08	6	41760	中性盘
11:13:33	69.52	--	6	41712	卖盘
11:13:21	69.52	-0.08	2	13904	卖盘
11:13:18	69.6	0.1	59	410639	买盘
11:13:15	69.5	--	8	55600	卖盘
11:13:06	69.5	--	5	34750	卖盘
11:13:03	69.5	0.07	66	458700	买盘
11:13:00	69.43	--	1	6943	卖盘
11:12:57	69.43	-0.01	2	13886	卖盘
11:12:54	69.44	-0.01	1	6944	卖盘
11:12:51	69.45	0.03	4	27780	买盘
11:12:48	69.42	--	2	13884	卖盘
11:12:45	69.42	--	22	152724	卖盘
11:12:42	69.42	0.01	31	215202	买盘
11:12:39	69.41	--	1	6941	卖盘
11:12:36	69.41	--	1	6941	卖盘
11:12:33	69.41	0.05	19	131879	买盘
11:12:30	69.36	-0.05	5	34680	卖盘
11:12:27	69.41	0.06	8	55528	买盘
11:12:24	69.35	-0.06	10	69350	卖盘
11:12:21	69.41	--	1	6941	买盘
11:12:18	69.41	0.06	65	451165	买盘
11:12:15	69.35	-0.01	88	610280	卖盘
11:12:12	69.36	0.01	17	117912	买盘
11:12:09	69.35	-0.01	16	110959	卖盘
11:12:06	69.36	--	1	6936	买盘
11:12:03	69.36	0.01	15	104040	中性盘
11:11:57	69.35	-0.01	23	159505	卖盘
11:11:51	69.36	-0.01	8	55488	卖盘
11:11:48	69.37	-0.04	18	124866	卖盘
11:11:42	69.41	--	17	117997	买盘
11:11:36	69.41	-0.01	6	41646	卖盘
11:11:33	69.42	0.01	5	34710	中性盘
11:11:30	69.41	-0.04	6	41646	卖盘
11:11:24	69.45	-0.05	1	6945	卖盘
11:11:21	69.5	--	11	76450	买盘
11:11:18	69.5	-0.09	3	20850	卖盘
11:11:12	69.59	--	1	6959	卖盘
11:11:09	69.59	-0.01	1	6959	卖盘
11:11:06	69.6	--	1	6959	买盘
11:11:03	69.6	-0.06	23	160080	卖盘
11:11:00	69.66	-0.04	8	55728	卖盘
11:10:48	69.7	-0.09	6	41820	卖盘
11:10:45	69.79	0.03	54	376866	买盘
11:10:42	69.76	0.01	3	20928	卖盘
11:10:36	69.75	-0.04	4	27900	卖盘
11:10:33	69.79	-0.01	9	62811	中性盘
11:10:30	69.8	--	6	41880	买盘
11:10:27	69.8	-0.1	26	181480	卖盘
11:10:24	69.9	--	14	97860	卖盘
11:10:21	69.9	0.02	12	83880	买盘
11:10:15	69.88	-0.02	12	83856	卖盘
11:10:12	69.9	0.02	7	48930	中性盘
11:10:09	69.88	-0.02	26	181688	卖盘
11:10:06	69.9	--	6	41940	卖盘
11:10:03	69.9	-0.05	5	34950	卖盘
11:10:00	69.95	0.05	9	62955	买盘
11:09:57	69.9	--	6	41940	买盘
11:09:54	69.9	-0.05	7	48930	中性盘
11:09:51	69.95	0.05	61	426695	买盘
11:09:48	69.9	-0.05	3	20970	卖盘
11:09:45	69.95	--	4	27980	买盘
11:09:42	69.95	--	10	69950	买盘
11:09:39	69.95	--	4	27980	卖盘
11:09:36	69.95	-0.04	12	83940	卖盘
11:09:33	69.99	--	6	41994	买盘
11:09:30	69.99	0.04	9	62990	买盘
11:09:27	69.95	--	2	13990	卖盘
11:09:24	69.95	0.07	3	20985	买盘
11:09:21	69.88	-0.07	76	531088	卖盘
11:09:18	69.95	0.01	8	55960	买盘
11:09:15	69.94	0.06	1	6994	买盘
11:09:12	69.88	-0.02	64	447232	卖盘
11:09:06	69.9	0.02	1	6990	中性盘
11:09:03	69.88	-0.02	7	48916	卖盘
11:09:00	69.9	0.01	19	132810	买盘
11:08:54	69.89	0.1	17	118813	买盘
11:08:48	69.79	-0.09	7	48853	卖盘
11:08:45	69.88	0.13	1	6988	买盘
11:08:42	69.75	--	11	76725	买盘
11:08:39	69.75	--	6	41850	买盘
11:08:36	69.75	-0.14	3	20925	中性盘
11:08:33	69.89	0.14	105	733845	买盘
11:08:30	69.75	-0.05	7	48825	卖盘
11:08:27	69.8	0.05	11	76780	买盘
11:08:24	69.75	--	11	76725	买盘
11:08:21	69.75	0.05	8	55800	买盘
11:08:15	69.7	-0.15	2	13940	卖盘
11:08:12	69.85	0.1	40	279400	买盘
11:08:09	69.75	--	6	41850	买盘
11:08:06	69.75	--	14	97650	买盘
11:08:03	69.75	--	23	160425	卖盘
11:08:00	69.75	-0.04	73	509175	卖盘
11:07:57	69.79	-0.01	10	69790	中性盘
11:07:51	69.8	0.02	20	139600	买盘
11:07:48	69.78	0.1	11	76758	买盘
11:07:42	69.68	--	2	13936	中性盘
11:07:39	69.68	--	15	104520	卖盘
11:07:36	69.68	--	38	264784	买盘
11:07:33	69.68	--	4	27872	买盘
11:07:30	69.68	--	9	62712	买盘
11:07:27	69.68	--	9	62712	买盘
11:07:24	69.68	--	33	229944	买盘
11:07:21	69.68	-0.13	95	661960	卖盘
11:07:18	69.81	0.01	4	27924	卖盘
11:07:15	69.8	--	198	1382040	买盘
11:07:12	69.8	0.01	35	244300	买盘
11:07:09	69.79	0.04	11	76769	买盘
11:07:06	69.75	--	3	20925	卖盘
11:07:03	69.75	0.07	3	20925	买盘
11:07:00	69.68	-0.01	5	34840	卖盘
11:06:57	69.69	0.01	2	13938	买盘
11:06:51	69.68	0.05	1	6968	买盘
11:06:48	69.63	--	6	41778	卖盘
11:06:42	69.63	--	3	20889	卖盘
11:06:39	69.63	--	9	62666	买盘
11:06:36	69.63	--	8	55704	买盘
11:06:30	69.63	0.03	1	6963	买盘
11:06:27	69.6	--	7	48719	卖盘
11:06:24	69.6	--	20	139200	买盘
11:06:21	69.6	--	8	55679	买盘
11:06:18	69.6	--	12	83520	买盘
11:06:15	69.6	--	11	76560	买盘
11:06:06	69.6	0.1	100	696000	买盘
11:06:03	69.5	--	6	41700	卖盘
11:06:00	69.5	--	4	27800	买盘
11:05:57	69.5	0.07	1	6950	买盘
11:05:54	69.43	-0.07	10	69430	卖盘
11:05:51	69.5	0.1	2	13900	买盘
11:05:48	69.4	-0.1	24	166560	卖盘
11:05:45	69.5	0.1	8	55600	买盘
11:05:42	69.4	-0.1	7	48580	卖盘
11:05:39	69.5	0.1	35	243250	买盘
11:05:36	69.4	-0.09	27	187380	卖盘
11:05:33	69.49	0.09	13	90337	买盘
11:05:30	69.4	--	5	34700	卖盘
11:05:21	69.4	--	10	69400	卖盘
11:05:09	69.4	--	8	55520	买盘
11:05:06	69.4	--	2	13880	买盘
11:05:03	69.4	0.01	14	97160	买盘
11:05:00	69.39	-0.01	137	950643	卖盘
11:04:57	69.4	--	17	117980	卖盘
11:04:51	69.4	--	1	6940	卖盘
11:04:48	69.4	0.02	30	208200	买盘
11:04:45	69.38	--	11	76318	卖盘
11:04:42	69.38	-0.02	4	27752	卖盘
11:04:39	69.4	0.02	7	48580	买盘
11:04:36	69.38	-0.02	10	69380	中性盘
11:04:27	69.4	-0.01	12	83280	卖盘
11:04:24	69.41	0.01	2	13882	买盘
11:04:21	69.4	--	1	6940	卖盘
11:04:12	69.4	0.01	19	131860	买盘
11:04:06	69.39	--	6	41634	买盘
11:04:03	69.39	0.02	3	20817	买盘
11:04:00	69.37	-0.02	7	48559	卖盘
11:03:57	69.39	-0.01	5	34695	中性盘
11:03:54	69.4	0.01	4	27760	买盘
11:03:48	69.39	-0.01	3	20817	卖盘
11:03:39	69.4	--	1	6940	买盘
11:03:36	69.4	0.04	59	409460	买盘
11:03:33	69.36	-0.04	16	110976	卖盘
11:03:30	69.4	0.03	8	55520	买盘
11:03:27	69.37	--	6	41622	买盘
11:03:21	69.37	--	10	69370	卖盘
11:03:06	69.37	0.01	29	201173	买盘
11:03:03	69.36	-0.01	11	76296	卖盘
11:02:57	69.37	--	10	69370	买盘
11:02:54	69.37	--	1	6937	买盘
11:02:51	69.37	--	1	6937	买盘
11:02:45	69.37	--	13	90181	买盘
11:02:42	69.37	0.01	4	27748	买盘
11:02:39	69.36	-0.01	2	13872	卖盘
11:02:36	69.37	0.01	18	124866	买盘
11:02:33	69.36	-0.01	12	83232	卖盘
11:02:30	69.37	--	8	55496	买盘
11:02:27	69.37	--	3	20811	买盘
11:02:24	69.37	--	1	6937	买盘
11:02:21	69.37	-0.03	40	277480	卖盘
11:02:18	69.4	0.02	9	62460	买盘
11:02:12	69.38	--	1	6938	买盘
11:02:09	69.38	--	7	48566	买盘
11:02:03	69.38	--	10	69380	买盘
11:01:57	69.38	0.02	7	48566	买盘
11:01:51	69.36	-0.01	3	20808	卖盘
11:01:48	69.37	0.01	6	41622	买盘
11:01:42	69.36	--	2	13872	卖盘
11:01:39	69.36	0.05	2	13872	买盘
11:01:33	69.31	--	18	124758	买盘
11:01:30	69.31	-0.03	57	395067	卖盘
11:01:24	69.34	--	5	34670	买盘
11:01:21	69.34	0.03	2	13868	买盘
11:01:18	69.31	--	10	69310	买盘
11:01:06	69.31	0.01	1	6931	买盘
11:01:03	69.3	--	22	152460	买盘
11:01:00	69.3	0.01	4	27720	买盘
11:00:57	69.29	-0.01	6	41574	卖盘
11:00:51	69.3	0.01	2	13860	买盘
11:00:48	69.29	-0.01	1	6929	卖盘
11:00:45	69.3	0.01	1	6930	买盘
11:00:42	69.29	-0.01	1	6929	卖盘
11:00:39	69.3	0.01	39	270270	买盘
11:00:36	69.29	0.01	3	20787	买盘
11:00:30	69.28	--	2	13856	卖盘
11:00:27	69.28	--	9	62352	买盘
11:00:21	69.28	0.03	3	20784	买盘
11:00:18	69.25	--	4	27700	卖盘
11:00:15	69.25	--	1	6925	卖盘
11:00:12	69.25	0.02	87	602475	买盘
11:00:09	69.23	-0.02	1	6923	卖盘
11:00:06	69.25	0.02	12	83100	买盘
11:00:03	69.23	-0.02	12	83076	卖盘
11:00:00	69.25	--	4	27700	买盘
10:59:57	69.25	--	5	34625	买盘
10:59:54	69.25	--	42	290850	买盘
10:59:51	69.25	--	6	41550	买盘
10:59:45	69.25	--	9	62325	买盘
10:59:42	69.25	--	47	325475	卖盘
10:59:36	69.25	--	1	6925	卖盘
10:59:33	69.25	--	21	145425	卖盘
10:59:30	69.25	-0.01	12	83100	卖盘
10:59:27	69.26	0.01	3	20778	买盘
10:59:21	69.25	--	1	6925	卖盘
10:59:18	69.25	0.05	29	200825	买盘
10:59:12	69.2	-0.05	13	89960	卖盘
10:59:09	69.25	--	24	166200	卖盘
10:59:06	69.25	0.05	1	6925	买盘
10:59:03	69.2	-0.06	4	27680	卖盘
10:59:00	69.26	0.04	6	41556	卖盘
10:58:57	69.22	0.02	15	103830	买盘
10:58:54	69.2	-0.06	1	6920	卖盘
10:58:45	69.26	0.04	33	228558	买盘
10:58:42	69.22	-0.03	11	76142	卖盘
10:58:39	69.25	-0.01	1	6925	卖盘
10:58:30	69.26	-0.04	11	76186	卖盘
10:58:27	69.3	--	2	13860	买盘
10:58:18	69.3	0.02	4	27720	中性盘
10:58:09	69.28	-0.03	30	207840	卖盘
10:58:06	69.31	-0.02	5	34655	卖盘
10:58:03	69.33	0.02	2	13866	中性盘
10:58:00	69.31	-0.02	25	173275	买盘
10:57:57	69.33	0.01	1	6933	卖盘
10:57:54	69.32	--	24	166367	买盘
10:57:51	69.32	--	2	13863	买盘
10:57:48	69.32	--	25	173299	买盘
10:57:42	69.32	--	4	27727	买盘
10:57:39	69.32	0.02	2	13863	卖盘
10:57:33	69.3	-0.02	8	55440	卖盘
10:57:27	69.32	0.02	15	103979	买盘
10:57:24	69.3	-0.02	4	27720	卖盘
10:57:21	69.32	--	1	6931	买盘
10:57:09	69.32	-0.03	53	367395	卖盘
10:57:06	69.35	--	2	13869	买盘
10:57:03	69.35	--	29	201114	卖盘
10:56:57	69.35	-0.03	3	20805	卖盘
10:56:54	69.38	--	1	6938	买盘
10:56:45	69.38	--	6	41628	买盘
10:56:42	69.38	-0.02	13	90194	卖盘
10:56:39	69.4	--	4	27760	买盘
10:56:36	69.4	--	3	20820	买盘
10:56:33	69.4	--	16	111040	卖盘
10:56:30	69.4	--	1	6940	卖盘
10:56:27	69.4	-0.01	8	55520	卖盘
10:56:24	69.41	0.01	1	6941	卖盘
10:56:21	69.4	--	1	6940	卖盘
10:56:18	69.4	--	8	55520	卖盘
10:56:15	69.4	--	1	6940	卖盘
10:56:12	69.4	--	8	55520	卖盘
10:56:09	69.4	--	1	6940	卖盘
10:56:06	69.4	-0.01	16	111040	卖盘
10:56:03	69.41	--	3	20823	买盘
10:55:57	69.41	--	4	27764	买盘
10:55:54	69.41	0.01	1	6941	买盘
10:55:51	69.4	-0.03	11	76340	卖盘
10:55:48	69.43	-0.01	14	97202	中性盘
10:55:42	69.44	0.04	30	208320	买盘
10:55:39	69.4	-0.03	50	347000	卖盘
10:55:36	69.43	--	1	6943	买盘
10:55:33	69.43	-0.02	28	194404	卖盘
10:55:30	69.45	0.02	1	6945	买盘
10:55:27	69.43	0.01	2	13886	买盘
10:55:24	69.42	-0.03	6	41652	卖盘
10:55:21	69.45	0.02	5	34725	买盘
10:55:18	69.43	--	3	20829	买盘
10:55:12	69.43	-0.02	5	34715	卖盘
10:55:03	69.45	-0.02	3	20835	买盘
10:55:00	69.47	0.05	32	222304	买盘
10:54:57	69.42	-0.02	3	20826	卖盘
10:54:54	69.44	--	3	20832	买盘
10:54:51	69.44	-0.03	7	48608	卖盘
10:54:48	69.47	0.02	2	13894	买盘
10:54:45	69.45	-0.02	1	6945	卖盘
10:54:42	69.47	0.02	5	34735	买盘
10:54:39	69.45	0.03	8	55560	卖盘
10:54:36	69.42	-0.05	1	6942	卖盘
10:54:27	69.47	-0.01	3	20841	中性盘
10:54:24	69.48	-0.01	1	6948	买盘
10:54:21	69.49	0.01	13	90337	买盘
10:54:18	69.48	-0.01	3	20844	买盘
10:54:12	69.49	--	10	69490	买盘
10:54:09	69.49	--	1	6948	买盘
10:54:03	69.49	--	2	13897	买盘
10:54:00	69.49	--	17	118132	买盘
10:53:57	69.49	-0.01	38	264062	卖盘
10:53:54	69.5	--	1	6950	买盘
10:53:51	69.5	0.01	5	34750	买盘
10:53:42	69.49	--	8	55591	买盘
10:53:39	69.49	-0.01	1	6948	中性盘
10:53:36	69.5	0.01	22	152900	买盘
10:53:30	69.49	-0.01	37	257112	卖盘
10:53:27	69.5	--	2	13900	买盘
10:53:24	69.5	--	7	48650	买盘
10:53:21	69.5	0.01	8	55600	买盘
10:53:18	69.49	-0.01	2	13897	卖盘
10:53:15	69.5	--	12	83400	买盘
10:53:12	69.5	0.01	98	681100	买盘
10:53:09	69.49	--	21	145929	中性盘
10:53:06	69.49	0.29	1	6948	卖盘
10:53:03	69.2	-0.3	122	844240	卖盘
10:53:00	69.5	0.01	10	69500	买盘
10:52:57	69.49	--	23	159827	买盘
10:52:54	69.49	--	11	76439	买盘
10:52:51	69.49	--	6	41694	买盘
10:52:48	69.49	0.01	4	27795	买盘
10:52:45	69.48	--	1	6948	买盘
10:52:42	69.48	-0.01	133	924084	卖盘
10:52:39	69.49	--	17	118132	买盘
10:52:36	69.49	0.01	1	6948	买盘
10:52:33	69.48	--	4	27792	卖盘
10:52:27	69.48	--	4	27792	买盘
10:52:24	69.48	0.02	8	55584	买盘
10:52:21	69.46	-0.02	22	152812	卖盘
10:52:18	69.48	0.01	7	48636	买盘
10:52:15	69.47	--	1	6947	卖盘
10:52:12	69.47	--	2	13894	卖盘
10:52:09	69.47	--	9	62523	买盘
10:52:06	69.47	--	21	145887	买盘
10:52:00	69.47	0.09	5	34735	买盘
10:51:54	69.38	-0.04	142	985195	卖盘
10:51:51	69.42	-0.03	34	236028	卖盘
10:51:48	69.45	0.02	7	48615	买盘
10:51:45	69.43	-0.02	2	13886	卖盘
10:51:42	69.45	0.02	2	13890	买盘
10:51:39	69.43	0.01	6	41658	中性盘
10:51:36	69.42	--	2	13884	卖盘
10:51:33	69.42	-0.03	1	6942	卖盘
10:51:30	69.45	0.05	6	41670	买盘
10:51:24	69.4	--	10	69400	卖盘
10:51:21	69.4	0.02	14	97160	买盘
10:51:18	69.38	-0.02	4	27752	卖盘
10:51:15	69.4	--	26	180440	买盘
10:51:12	69.4	0.02	2	13880	买盘
10:51:09	69.38	-0.02	23	159574	中性盘
10:51:03	69.4	0.02	7	48580	买盘
10:51:00	69.38	-0.01	2	13876	卖盘
10:50:57	69.39	0.04	17	117963	买盘
10:50:54	69.35	0.02	4	27739	中性盘
10:50:45	69.33	-0.02	5	34665	卖盘
10:50:42	69.35	--	2	13869	买盘
10:50:39	69.35	0.03	1	6934	买盘
10:50:36	69.32	0.01	7	48523	卖盘
10:50:33	69.31	-0.01	10	69310	卖盘
10:50:30	69.32	0.01	2	13863	买盘
10:50:27	69.31	--	1	6931	卖盘
10:50:24	69.31	--	2	13862	卖盘
10:50:21	69.31	0.01	1	6931	买盘
10:50:18	69.3	-0.01	4	27720	中性盘
10:50:09	69.31	--	14	97034	买盘
10:50:06	69.31	0.05	1	6931	买盘
10:50:03	69.26	--	13	90038	卖盘
10:49:57	69.26	-0.04	6	41556	卖盘
10:49:54	69.3	--	3	20790	买盘
10:49:45	69.3	-0.02	5	34650	买盘
10:49:42	69.32	0.02	10	69320	买盘
10:49:39	69.3	--	12	83160	卖盘
10:49:36	69.3	--	14	97020	买盘
10:49:33	69.3	0.04	2	13860	卖盘
10:49:30	69.26	-0.04	17	117742	卖盘
10:49:27	69.3	-0.01	2	13860	卖盘
10:49:24	69.31	0.02	1	6931	买盘
10:49:21	69.29	0.09	4	27716	买盘
10:49:18	69.2	--	8	55360	买盘
10:49:15	69.2	-0.1	47	325240	卖盘
10:49:12	69.3	--	11	76230	买盘
10:49:09	69.3	--	7	48510	买盘
10:49:06	69.3	--	3	20790	买盘
10:49:03	69.3	0.01	1	6930	买盘
10:49:00	69.29	--	6	41574	卖盘
10:48:57	69.29	-0.01	2	13858	卖盘
10:48:54	69.3	0.01	15	103950	买盘
10:48:51	69.29	--	8	55432	买盘
10:48:48	69.29	--	4	27716	买盘
10:48:45	69.29	-0.01	2	13858	卖盘
10:48:42	69.3	0.01	21	145530	买盘
10:48:39	69.29	-0.01	2	13858	卖盘
10:48:36	69.3	0.01	1	6930	买盘
10:48:33	69.29	-0.02	8	55432	卖盘
10:48:30	69.31	0.01	2	13862	买盘
10:48:27	69.3	0.09	3	20790	买盘
10:48:21	69.21	-0.01	6	41525	卖盘
10:48:18	69.22	-0.08	2	13844	卖盘
10:48:15	69.3	0.1	50	346500	买盘
10:48:12	69.2	-0.1	40	276800	卖盘
10:48:06	69.3	0.09	18	124740	买盘
10:48:03	69.21	-0.08	1	6920	卖盘
10:48:00	69.29	-0.04	2	13858	卖盘
10:47:54	69.33	0.03	2	13866	中性盘
10:47:45	69.3	-0.01	117	810810	卖盘
10:47:39	69.31	-0.08	53	367343	卖盘
10:47:36	69.39	0.01	9	62451	买盘
10:47:33	69.38	-0.04	16	111008	卖盘
10:47:30	69.42	0.02	13	90246	买盘
10:47:27	69.4	--	12	83280	买盘
10:47:24	69.4	--	54	374760	买盘
10:47:18	69.4	--	19	131860	买盘
10:47:15	69.4	--	8	55520	买盘
10:47:12	69.4	--	9	62460	买盘
10:47:09	69.4	--	6	41640	买盘
10:47:06	69.4	--	7	48580	买盘
10:47:03	69.4	--	4	27760	中性盘
10:46:57	69.4	--	16	111040	卖盘
10:46:51	69.4	--	2	13880	卖盘
10:46:48	69.4	-0.02	2	13880	卖盘
10:46:45	69.42	-0.02	3	20826	中性盘
10:46:42	69.44	0.04	15	104160	买盘
10:46:39	69.4	--	3	20820	卖盘
10:46:33	69.4	--	29	201260	买盘
10:46:30	69.4	--	2	13880	买盘
10:46:27	69.4	--	25	173500	买盘
10:46:24	69.4	--	1	6940	买盘
10:46:21	69.4	-0.05	16	111040	卖盘
10:46:18	69.45	--	6	41670	卖盘
10:46:15	69.45	--	10	69450	买盘
10:46:12	69.45	0.05	60	416700	买盘
10:46:06	69.4	0.01	12	83280	中性盘
10:46:00	69.39	--	18	124902	卖盘
10:45:57	69.39	-0.01	10	69390	卖盘
10:45:54	69.4	-0.07	8	55520	中性盘
10:45:51	69.47	0.01	28	194516	买盘
10:45:48	69.46	--	3	20837	买盘
10:45:45	69.46	--	80	555680	卖盘
10:45:42	69.46	--	5	34730	卖盘
10:45:39	69.46	0.06	14	97243	买盘
10:45:33	69.4	--	6	41640	卖盘
10:45:30	69.4	--	2	13880	卖盘
10:45:27	69.4	--	6	41640	卖盘
10:45:21	69.4	-0.06	2	13880	卖盘
10:45:18	69.46	0.07	25	173649	买盘
10:45:15	69.39	-0.01	1	6939	中性盘
10:45:09	69.4	0.01	31	215140	买盘
10:45:06	69.39	0.07	12	83268	买盘
10:45:03	69.32	--	2	13863	买盘
10:44:57	69.32	-0.08	3	20795	卖盘
10:44:54	69.4	--	2	13880	买盘
10:44:51	69.4	--	15	104100	买盘
10:44:48	69.4	--	2	13880	买盘
10:44:45	69.4	0.08	4	27760	买盘
10:44:42	69.32	-0.08	7	48523	卖盘
10:44:39	69.4	--	16	111040	买盘
10:44:36	69.4	0.09	3	20820	买盘
10:44:33	69.31	-0.09	1	6931	卖盘
10:44:27	69.4	--	3	20820	买盘
10:44:21	69.4	-0.07	1	6940	买盘
10:44:18	69.47	0.16	9	62523	买盘
10:44:15	69.31	-0.16	19	131689	卖盘
10:44:12	69.47	0.16	3	20841	买盘
10:44:09	69.31	-0.09	19	131689	卖盘
10:44:06	69.4	-0.07	4	27760	买盘
10:44:03	69.47	0.16	48	333456	买盘
10:44:00	69.31	0.01	10	69310	中性盘
10:43:57	69.3	-0.1	61	422730	卖盘
10:43:54	69.4	--	5	34700	买盘
10:43:51	69.4	--	1	6940	买盘
10:43:45	69.4	-0.01	1	6940	买盘
10:43:42	69.41	--	1	6941	卖盘
10:43:39	69.41	-0.06	3	20823	中性盘
10:43:36	69.47	0.06	57	395979	买盘
10:43:33	69.41	0.11	5	34705	卖盘
10:43:27	69.3	-0.1	130	900900	卖盘
10:43:24	69.4	-0.02	29	201260	卖盘
10:43:21	69.42	--	4	27768	卖盘
10:43:18	69.42	--	9	62478	中性盘
10:43:15	69.42	--	3	20826	卖盘
10:43:12	69.42	0.02	5	34710	中性盘
10:43:06	69.4	0.03	25	173500	买盘
10:43:03	69.37	-0.03	23	159551	卖盘
10:43:00	69.4	--	55	381700	买盘
10:42:57	69.4	--	7	48580	买盘
10:42:54	69.4	--	5	34700	买盘
10:42:51	69.4	--	9	62460	买盘
10:42:48	69.4	--	23	159620	买盘
10:42:45	69.4	--	2	13880	买盘
10:42:42	69.4	0.05	47	326180	买盘
10:42:39	69.35	-0.05	9	62414	卖盘
10:42:36	69.4	0.04	25	173500	买盘
10:42:33	69.36	-0.04	2	13872	卖盘
10:42:30	69.4	0.09	34	235960	买盘
10:42:27	69.31	-0.09	10	69310	中性盘
10:42:21	69.4	0.1	24	166560	买盘
10:42:18	69.3	-0.06	30	207900	卖盘
10:42:15	69.36	--	21	145656	中性盘
10:42:12	69.36	0.06	7	48552	买盘
10:42:09	69.3	--	1	6930	卖盘
10:42:06	69.3	--	208	1441440	卖盘
10:42:03	69.3	--	7	48510	买盘
10:41:57	69.3	0.1	202	1399860	买盘
10:41:54	69.2	-0.02	74	512080	卖盘
10:41:48	69.22	--	3	20766	中性盘
10:41:45	69.22	--	1	6922	买盘
10:41:42	69.22	0.02	16	110752	买盘
10:41:39	69.2	--	8	55360	卖盘
10:41:36	69.2	--	17	117640	卖盘
10:41:33	69.2	0.04	138	954960	买盘
10:41:30	69.16	0.01	40	276640	买盘
10:41:27	69.15	-0.01	4	27660	卖盘
10:41:24	69.16	--	6	41496	买盘
10:41:21	69.16	0.04	6	41496	买盘
10:41:18	69.12	-0.03	6	41472	卖盘
10:41:15	69.15	--	24	165960	买盘
10:41:12	69.15	0.03	2	13830	买盘
10:41:09	69.12	0.02	9	62208	买盘
10:41:06	69.1	--	5	34550	卖盘
10:41:03	69.1	-0.05	9	62189	卖盘
10:41:00	69.15	--	4	27660	买盘
10:40:57	69.15	-0.01	42	290430	卖盘
10:40:54	69.16	--	12	82992	卖盘
10:40:51	69.16	--	25	172900	中性盘
10:40:48	69.16	0.06	5	34580	买盘
10:40:45	69.1	-0.06	25	172750	卖盘
10:40:42	69.16	0.01	16	110656	买盘
10:40:39	69.15	0.05	21	145215	买盘
10:40:36	69.1	--	2	13819	卖盘
10:40:33	69.1	--	13	89829	买盘
10:40:30	69.1	--	13	89829	买盘
10:40:27	69.1	--	5	34550	买盘
10:40:24	69.1	--	2	13819	卖盘
10:40:21	69.1	0.03	1	6909	卖盘
10:40:18	69.07	-0.01	5	34535	卖盘
10:40:15	69.08	-0.09	5	34540	买盘
10:40:12	69.17	0.12	21	145257	买盘
10:40:09	69.05	--	6	41430	卖盘
10:40:06	69.05	-0.11	58	400490	卖盘
10:40:03	69.16	--	38	262808	买盘
10:40:00	69.16	--	1	6916	买盘
10:39:57	69.16	--	2	13832	买盘
10:39:54	69.16	0.11	23	159068	买盘
10:39:51	69.05	--	4	27620	卖盘
10:39:48	69.05	0.04	14	96670	买盘
10:39:45	69.01	--	11	75911	卖盘
10:39:42	69.01	-0.01	13	89713	卖盘
10:39:39	69.02	0.02	9	62118	买盘
10:39:36	69.0	--	2	13800	卖盘
10:39:33	69.0	--	3	20700	买盘
10:39:30	69.0	0.08	85	586500	买盘
10:39:27	68.92	-0.01	15	103380	卖盘
10:39:24	68.93	-0.07	3	20679	卖盘
10:39:21	69.0	0.1	39	269100	买盘
10:39:18	68.9	-0.03	6	41340	卖盘
10:39:15	68.93	0.03	94	647942	中性盘
10:39:12	68.9	-0.01	35	241150	卖盘
10:39:09	68.91	0.03	80	554932	买盘
10:39:06	68.88	-0.02	49	337512	卖盘
10:39:03	68.9	--	29	199810	买盘
10:39:00	68.9	--	11	75790	买盘
10:38:57	68.9	-0.1	9	65248	卖盘
10:38:54	69.0	0.1	160	1107657	买盘
10:38:51	68.9	--	20	137800	卖盘
10:38:48	68.9	--	81	558090	卖盘
10:38:45	68.9	-0.01	13	89570	卖盘
10:38:42	68.91	-0.09	10	68910	卖盘
10:38:39	69.0	0.1	50	345000	买盘
10:38:36	68.9	--	10	68900	买盘
10:38:33	68.9	-0.1	48	330720	卖盘
10:38:30	69.0	--	22	151800	卖盘
10:38:27	69.0	--	31	213900	买盘
10:38:24	69.0	--	9	62100	中性盘
10:38:21	69.0	--	27	186300	买盘
10:38:18	69.0	--	23	158700	买盘
10:38:15	69.0	--	8	55200	买盘
10:38:12	69.0	-0.16	135	931500	卖盘
10:38:09	69.16	--	35	242060	买盘
10:38:06	69.16	--	6	41496	买盘
10:38:03	69.16	--	196	1355536	买盘
10:38:00	69.16	--	12	82992	买盘
10:37:57	69.16	-0.01	108	746928	卖盘
10:37:54	69.17	0.01	8	55336	买盘
10:37:48	69.16	-0.04	12	82992	卖盘
10:37:45	69.2	--	21	145320	买盘
10:37:42	69.2	--	17	117640	买盘
10:37:39	69.2	--	6	41520	买盘
10:37:36	69.2	0.01	73	505160	买盘
10:37:33	69.19	-0.03	21	145299	卖盘
10:37:30	69.22	0.01	27	186894	买盘
10:37:27	69.21	--	7	48446	买盘
10:37:24	69.21	--	11	76131	卖盘
10:37:21	69.21	-0.01	5	34605	卖盘
10:37:18	69.22	0.01	12	83064	买盘
10:37:15	69.21	-0.01	15	103814	卖盘
10:37:12	69.22	--	8	55376	卖盘
10:37:09	69.22	--	55	380710	卖盘
10:37:06	69.22	--	19	131518	卖盘
10:37:03	69.22	-0.04	31	214582	卖盘
10:37:00	69.26	--	104	720304	卖盘
10:36:57	69.26	-0.04	2	13852	卖盘
10:36:54	69.3	0.02	55	381150	买盘
10:36:51	69.28	-0.02	11	76208	卖盘
10:36:48	69.3	--	9	62370	卖盘
10:36:45	69.3	--	16	110880	卖盘
10:36:42	69.3	-0.07	10	69300	卖盘
10:36:39	69.37	--	2	13874	买盘
10:36:36	69.37	--	19	131803	买盘
10:36:33	69.37	-0.03	6	41622	卖盘
10:36:30	69.4	0.01	12	83280	买盘
10:36:27	69.39	-0.01	7	48573	卖盘
10:36:24	69.4	--	2	13880	买盘
10:36:21	69.4	-0.01	41	284540	卖盘
10:36:18	69.41	-0.04	8	55528	卖盘
10:36:15	69.45	0.04	17	118065	买盘
10:36:12	69.41	--	11	76351	卖盘
10:36:09	69.41	-0.06	9	62469	卖盘
10:36:06	69.47	--	5	34735	买盘
10:36:03	69.47	-0.01	14	97258	卖盘
10:36:00	69.48	--	4	27792	买盘
10:35:57	69.48	-0.02	40	277920	卖盘
10:35:54	69.5	0.01	24	166800	买盘
10:35:51	69.49	--	16	111183	买盘
10:35:48	69.49	--	7	48643	买盘
10:35:45	69.49	--	11	76439	买盘
10:35:42	69.49	-0.01	43	298807	卖盘
10:35:39	69.5	--	17	118150	买盘
10:35:36	69.5	--	14	97300	买盘
10:35:33	69.5	--	3	20850	买盘
10:35:30	69.5	--	20	139000	买盘
10:35:27	69.5	-0.05	23	159850	卖盘
10:35:24	69.55	0.03	3	20865	买盘
10:35:21	69.52	0.02	3	20856	卖盘
10:35:18	69.5	-0.05	12	83400	卖盘
10:35:15	69.55	0.05	11	76505	买盘
10:35:12	69.5	0.01	7	48650	中性盘
10:35:06	69.49	-0.03	8	55591	卖盘
10:35:03	69.52	0.05	14	97328	中性盘
10:35:00	69.47	--	188	1306036	卖盘
10:34:57	69.47	-0.01	4	27788	卖盘
10:34:54	69.48	0.01	12	83376	卖盘
10:34:51	69.47	0.06	39	270933	买盘
10:34:48	69.41	-0.06	34	235994	卖盘
10:34:45	69.47	--	17	118099	买盘
10:34:42	69.47	0.07	38	263986	买盘
10:34:39	69.4	--	15	104100	卖盘
10:34:36	69.4	-0.04	12	83280	卖盘
10:34:33	69.44	0.05	52	361088	买盘
10:34:30	69.39	0.06	2	13878	中性盘
10:34:27	69.33	0.03	7	48531	中性盘
10:34:24	69.3	-0.03	29	200970	卖盘
10:34:21	69.33	0.03	37	256521	中性盘
10:34:18	69.3	-0.1	28	194040	卖盘
10:34:15	69.4	0.15	4	27760	买盘
10:34:12	69.25	-0.07	53	367025	卖盘
10:34:09	69.32	-0.06	20	138640	卖盘
10:34:06	69.38	0.16	15	104070	买盘
10:34:03	69.22	-0.11	21	145362	卖盘
10:34:00	69.33	0.11	12	83196	买盘
10:33:57	69.22	--	46	318412	卖盘
10:33:54	69.22	--	52	359944	买盘
10:33:51	69.22	--	142	982924	卖盘
10:33:48	69.22	--	36	249192	卖盘
10:33:45	69.22	0.01	92	636824	买盘
10:33:42	69.21	--	21	145341	卖盘
10:33:39	69.21	--	11	76131	卖盘
10:33:36	69.21	0.09	37	256076	买盘
10:33:33	69.12	-0.09	34	235008	中性盘
10:33:30	69.21	0.14	88	609048	买盘
10:33:27	69.07	0.04	38	262466	中性盘
10:33:24	69.03	-0.07	64	441792	卖盘
10:33:21	69.1	0.08	149	1029589	买盘
10:33:18	69.02	-0.06	42	289884	卖盘
10:33:15	69.08	0.08	26	179608	买盘
10:33:12	69.0	-0.08	80	552000	卖盘
10:33:09	69.08	0.01	25	172700	买盘
10:33:06	69.07	-0.14	29	200302	卖盘
10:33:03	69.21	0.11	5	34605	买盘
10:33:00	69.1	-0.11	13	89829	卖盘
10:32:57	69.21	0.01	10	69210	卖盘
10:32:54	69.2	-0.1	8	55360	中性盘
10:32:51	69.3	--	125	866250	买盘
10:32:48	69.3	-0.03	31	214830	卖盘
10:32:45	69.33	-0.07	28	194124	卖盘
10:32:42	69.4	-0.01	1	6940	卖盘
10:32:39	69.41	-0.03	43	298463	卖盘
10:32:36	69.44	-0.01	13	90272	卖盘
10:32:33	69.45	-0.13	141	979245	卖盘
10:32:30	69.58	-0.02	26	180908	卖盘
10:32:27	69.6	-0.06	10	69600	卖盘
10:32:24	69.66	-0.04	12	83592	中性盘
10:32:21	69.7	--	55	383350	买盘
10:32:15	69.7	--	14	97580	买盘
10:32:12	69.7	-0.05	102	710940	卖盘
10:32:09	69.75	--	3	20925	卖盘
10:32:06	69.75	-0.05	23	160425	卖盘
10:32:03	69.8	--	22	153560	买盘
10:32:00	69.8	--	42	293160	卖盘
10:31:57	69.8	--	28	195440	卖盘
10:31:54	69.8	-0.02	14	97720	卖盘
10:31:51	69.82	--	103	719145	买盘
10:31:48	69.82	-0.01	59	411937	卖盘
10:31:45	69.83	--	3	20949	买盘
10:31:42	69.83	--	2	13966	买盘
10:31:39	69.83	--	37	258371	卖盘
10:31:36	69.83	--	43	300269	卖盘
10:31:33	69.83	--	16	111728	卖盘
10:31:30	69.83	-0.01	12	83796	卖盘
10:31:27	69.84	0.01	3	20952	买盘
10:31:24	69.83	-0.01	44	307252	卖盘
10:31:21	69.84	--	4	27936	卖盘
10:31:18	69.84	-0.01	16	111744	卖盘
10:31:15	69.85	0.02	15	104774	中性盘
10:31:12	69.83	-0.02	11	76813	卖盘
10:31:09	69.85	--	35	244474	买盘
10:31:06	69.85	--	11	76835	卖盘
10:31:03	69.85	-0.05	6	41910	卖盘
10:31:00	69.9	0.05	8	55920	买盘
10:30:57	69.85	-0.05	157	1096645	卖盘
10:30:54	69.9	--	3	20970	卖盘
10:30:51	69.9	-0.02	5	34950	卖盘
10:30:48	69.92	0.02	48	335616	中性盘
10:30:45	69.9	-0.09	118	824820	卖盘
10:30:42	69.99	0.01	3	20997	买盘
10:30:39	69.98	-0.01	20	139960	卖盘
10:30:36	69.99	-0.01	11	76989	卖盘
10:30:33	70.0	0.01	21	147000	买盘
10:30:30	69.99	-0.01	14	97986	卖盘
10:30:27	70.0	-0.1	24	171290	卖盘
10:30:24	70.1	--	37	259369	买盘
10:30:21	70.1	--	1	7009	买盘
10:30:18	70.1	--	11	77110	买盘
10:30:15	70.1	0.1	3	21030	买盘
10:30:12	70.0	--	29	203000	卖盘
10:30:09	70.0	--	14	98000	卖盘
10:30:06	70.0	--	30	213710	买盘
10:30:03	70.0	--	42	294000	买盘
10:30:00	70.0	--	40	280000	买盘
10:29:57	70.0	--	48	336000	买盘
10:29:54	70.0	--	28	196000	买盘
10:29:51	70.0	--	21	147000	买盘
10:29:48	70.0	0.01	7	49000	买盘
10:29:45	69.99	--	9	62990	卖盘
10:29:42	69.99	--	46	321954	卖盘
10:29:36	69.99	0.01	26	181974	买盘
10:29:33	69.98	--	19	132962	卖盘
10:29:30	69.98	--	8	55984	买盘
10:29:27	69.98	--	1	6998	买盘
10:29:24	69.98	0.06	13	90974	买盘
10:29:21	69.92	-0.03	2	13984	中性盘
10:29:18	69.95	0.03	8	55960	买盘
10:29:15	69.92	--	19	132848	买盘
10:29:12	69.92	0.02	10	69920	买盘
10:29:09	69.9	0.02	109	761910	买盘
10:29:06	69.88	--	29	202652	买盘
10:29:03	69.88	--	14	97832	买盘
10:29:00	69.88	-0.04	53	370364	卖盘
10:28:57	69.92	0.02	31	216752	买盘
10:28:54	69.9	--	24	167760	买盘
10:28:51	69.9	0.02	9	62910	卖盘
10:28:48	69.88	--	76	531088	卖盘
10:28:45	69.88	-0.02	11	76868	卖盘
10:28:42	69.9	0.03	17	118830	买盘
10:28:39	69.87	-0.03	11	76857	卖盘
10:28:36	69.9	0.05	13	90870	买盘
10:28:33	69.85	-0.02	33	230504	卖盘
10:28:30	69.87	--	12	83844	买盘
10:28:27	69.87	0.01	7	48909	买盘
10:28:24	69.86	0.01	18	125748	买盘
10:28:21	69.85	-0.02	21	146685	卖盘
10:28:18	69.87	--	22	153714	买盘
10:28:15	69.87	0.05	22	153714	买盘
10:28:12	69.82	-0.03	13	90765	卖盘
10:28:09	69.85	-0.02	8	55879	中性盘
10:28:06	69.87	0.03	5	34935	买盘
10:28:03	69.84	0.02	39	272376	买盘
10:28:00	69.82	--	27	188513	卖盘
10:27:57	69.82	-0.05	28	195495	卖盘
10:27:54	69.87	0.01	46	321402	买盘
10:27:51	69.86	-0.01	30	209580	中性盘
10:27:48	69.87	0.05	19	132753	买盘
10:27:45	69.82	--	30	209459	卖盘
10:27:42	69.82	-0.01	42	293244	卖盘
10:27:39	69.83	-0.04	129	900807	卖盘
10:27:36	69.87	-0.01	252	1760724	卖盘
10:27:33	69.88	-0.01	56	391328	买盘
10:27:30	69.89	0.01	29	202681	买盘
10:27:27	69.88	0.01	298	2082423	买盘
10:27:24	69.87	-0.01	40	279480	卖盘
10:27:21	69.88	--	39	272532	卖盘
10:27:15	69.88	--	12	83856	卖盘
10:27:12	69.88	-0.01	11	76868	卖盘
10:27:09	69.89	0.01	16	111824	卖盘
10:27:06	69.88	-0.02	11	76868	卖盘
10:27:03	69.9	--	5	34950	买盘
10:27:00	69.9	-0.01	18	125820	卖盘
10:26:57	69.91	-0.01	13	90883	中性盘
10:26:54	69.92	--	16	111872	买盘
10:26:51	69.92	--	14	97888	卖盘
10:26:48	69.92	--	55	384560	卖盘
10:26:45	69.92	--	38	265696	卖盘
10:26:42	69.92	-0.02	81	566352	卖盘
10:26:39	69.94	0.02	74	517556	买盘
10:26:36	69.92	--	29	202768	卖盘
10:26:33	69.92	--	61	426512	卖盘
10:26:30	69.92	--	21	146832	卖盘
10:26:27	69.92	--	6	41952	卖盘
10:26:24	69.92	--	44	307648	卖盘
10:26:21	69.92	-0.03	185	1293520	卖盘
10:26:18	69.95	-0.01	6	41970	买盘
10:26:15	69.96	-0.04	11	76956	卖盘
10:26:12	70.0	--	37	259000	买盘
10:26:09	70.0	-0.1	193	1354290	卖盘
10:26:06	70.1	--	15	105149	买盘
10:26:03	70.1	0.08	26	182259	买盘
10:26:00	70.02	-0.08	21	147042	卖盘
10:25:57	70.1	--	15	105149	卖盘
10:25:54	70.1	0.1	106	743059	买盘
10:25:51	70.0	-0.1	13	91000	卖盘
10:25:48	70.1	0.09	5	35050	买盘
10:25:45	70.01	-0.07	26	182026	卖盘
10:25:42	70.08	-0.07	6	42048	卖盘
10:25:39	70.15	0.14	2	14030	中性盘
10:25:36	70.01	-0.12	86	602086	卖盘
10:25:33	70.13	--	28	196364	卖盘
10:25:30	70.13	0.03	22	154286	买盘
10:25:27	70.1	-0.03	84	588840	卖盘
10:25:24	70.13	-0.05	14	98182	卖盘
10:25:21	70.18	0.04	7	49126	买盘
10:25:18	70.14	-0.03	11	77154	中性盘
10:25:15	70.17	-0.02	1	7017	中性盘
10:25:09	70.19	0.06	4	28076	中性盘
10:25:06	70.13	-0.05	25	179322	卖盘
10:25:03	70.18	-0.02	17	119306	卖盘
10:25:00	70.2	--	48	336960	买盘
10:24:57	70.2	--	3	21060	买盘
10:24:54	70.2	--	14	98280	买盘
10:24:51	70.2	--	18	126360	买盘
10:24:48	70.2	--	1	7020	买盘
10:24:45	70.2	--	40	280800	买盘
10:24:42	70.2	--	70	491400	卖盘
10:24:39	70.2	-0.04	4	28080	卖盘
10:24:36	70.24	0.04	5	35120	买盘
10:24:33	70.2	-0.04	14	98280	卖盘
10:24:30	70.24	0.04	33	231791	卖盘
10:24:27	70.2	--	5	35100	卖盘
10:24:24	70.2	-0.05	9	63180	卖盘
10:24:21	70.25	0.05	17	119425	买盘
10:24:18	70.2	--	2	14040	卖盘
10:24:12	70.2	--	18	126360	卖盘
10:24:09	70.2	0.02	75	526500	买盘
10:24:06	70.18	-0.02	16	112288	卖盘
10:24:03	70.2	--	17	119340	买盘
10:24:00	70.2	0.02	4	28080	买盘
10:23:57	70.18	-0.09	65	456170	卖盘
10:23:54	70.27	0.01	25	175675	买盘
10:23:51	70.26	--	23	161598	卖盘
10:23:48	70.26	--	4	28104	卖盘
10:23:45	70.26	0.06	39	274014	中性盘
10:23:42	70.2	--	72	505440	卖盘
10:23:39	70.2	--	10	70200	卖盘
10:23:36	70.2	--	76	533520	买盘
10:23:33	70.2	--	23	161460	买盘
10:23:30	70.2	--	17	119340	买盘
10:23:24	70.2	-0.07	112	786240	卖盘
10:23:21	70.27	0.02	71	498917	买盘
10:23:18	70.25	0.06	9	63225	买盘
10:23:15	70.19	-0.01	19	133361	卖盘
10:23:12	70.2	--	28	196560	卖盘
10:23:09	70.2	-0.01	37	259740	卖盘
10:23:06	70.21	--	14	98293	买盘
10:23:03	70.21	-0.04	56	393175	买盘
10:23:00	70.25	0.05	1	7025	买盘
10:22:57	70.2	--	12	84240	卖盘
10:22:54	70.2	-0.01	20	140400	卖盘
10:22:51	70.21	0.01	6	42125	中性盘
10:22:48	70.2	0.07	11	77220	买盘
10:22:45	70.13	-0.12	118	827534	卖盘
10:22:42	70.25	0.05	21	147525	中性盘
10:22:39	70.2	--	26	182520	卖盘
10:22:36	70.2	--	7	49140	卖盘
10:22:33	70.2	0.01	51	358020	买盘
10:22:30	70.19	0.03	18	126342	买盘
10:22:27	70.16	-0.03	9	63144	卖盘
10:22:24	70.19	-0.01	11	77209	卖盘
10:22:21	70.2	-0.07	15	105300	卖盘
10:22:18	70.27	0.07	25	175675	买盘
10:22:15	70.2	-0.07	15	105300	卖盘
10:22:12	70.27	--	2	14054	买盘
10:22:09	70.27	--	1	7027	买盘
10:22:06	70.27	-0.05	8	56216	中性盘
10:22:03	70.32	0.02	24	168767	买盘
10:22:00	70.3	-0.05	33	231990	卖盘
10:21:57	70.35	0.02	3	21105	卖盘
10:21:54	70.33	0.01	2	14066	买盘
10:21:51	70.32	-0.08	12	84383	卖盘
10:21:48	70.4	0.01	82	577280	买盘
10:21:45	70.39	0.07	23	161897	中性盘
10:21:42	70.32	-0.08	42	295344	卖盘
10:21:39	70.4	--	10	70400	卖盘
10:21:36	70.4	0.01	7	49280	中性盘
10:21:33	70.39	-0.09	16	112624	卖盘
10:21:30	70.48	0.08	10	70480	买盘
10:21:27	70.4	-0.07	132	929280	卖盘
10:21:24	70.47	-0.01	13	91611	卖盘
10:21:21	70.48	0.03	72	507456	买盘
10:21:18	70.45	-0.03	19	133855	卖盘
10:21:15	70.48	0.01	22	155056	买盘
10:21:12	70.47	--	16	112752	卖盘
10:21:09	70.47	0.02	3	21141	买盘
10:21:06	70.45	-0.02	24	169080	卖盘
10:21:03	70.47	0.01	41	288927	买盘
10:21:00	70.46	-0.01	19	133874	中性盘
10:20:57	70.47	0.02	61	429867	买盘
10:20:54	70.45	0.05	77	542465	卖盘
10:20:51	70.4	-0.06	12	84480	买盘
10:20:48	70.46	0.01	5	35230	买盘
10:20:45	70.45	0.06	14	98630	买盘
10:20:42	70.39	-0.06	89	626471	卖盘
10:20:39	70.45	--	9	63405	买盘
10:20:36	70.45	--	5	35225	买盘
10:20:33	70.45	--	7	49315	买盘
10:20:30	70.45	--	5	35225	卖盘
10:20:27	70.45	--	7	49315	卖盘
10:20:24	70.45	--	7	49315	卖盘
10:20:21	70.45	0.1	28	197260	买盘
10:20:18	70.35	0.03	5	35175	中性盘
10:20:15	70.32	-0.03	9	63287	卖盘
10:20:12	70.35	-0.04	3	21105	卖盘
10:20:09	70.39	0.09	86	605354	买盘
10:20:06	70.3	0.1	3	21090	买盘
10:20:03	70.2	-0.07	36	252720	卖盘
10:20:00	70.27	0.07	4	28108	买盘
10:19:54	70.2	-0.01	31	217620	卖盘
10:19:51	70.21	--	2	14041	卖盘
10:19:48	70.21	0.03	136	954855	买盘
10:19:45	70.18	-0.02	20	140360	卖盘
10:19:42	70.2	--	9	63180	卖盘
10:19:39	70.2	0.04	39	273780	买盘
10:19:36	70.16	-0.04	13	91208	中性盘
10:19:33	70.2	0.08	12	84240	买盘
10:19:30	70.12	-0.03	10	70120	卖盘
10:19:27	70.15	-0.05	24	168360	卖盘
10:19:24	70.2	--	16	112320	卖盘
10:19:21	70.2	-0.01	24	168480	卖盘
10:19:18	70.21	0.01	3	21062	中性盘
10:19:15	70.2	--	43	301860	卖盘
10:19:12	70.2	--	23	161460	卖盘
10:19:09	70.2	0.08	17	119340	买盘
10:19:06	70.12	0.01	10	70120	中性盘
10:19:03	70.11	--	151	1058661	卖盘
10:19:00	70.11	-0.09	8	56088	卖盘
10:18:57	70.2	0.09	65	456300	买盘
10:18:54	70.11	-0.09	201	1409211	卖盘
10:18:51	70.2	-0.01	8	56160	中性盘
10:18:48	70.21	--	157	1102297	卖盘
10:18:45	70.21	-0.09	12	84251	卖盘
10:18:42	70.3	0.09	3	21090	中性盘
10:18:39	70.21	-0.21	58	407217	卖盘
10:18:36	70.42	0.02	16	112672	买盘
10:18:33	70.4	-0.09	143	1006720	卖盘
10:18:30	70.49	-0.01	13	91637	卖盘
10:18:27	70.5	0.01	9	63450	中性盘
10:18:24	70.49	-0.01	35	246714	卖盘
10:18:21	70.5	--	15	105750	卖盘
10:18:18	70.5	-0.2	34	239700	卖盘
10:18:15	70.7	0.15	15	106050	买盘
10:18:12	70.55	-0.15	10	70550	卖盘
10:18:09	70.7	--	100	707000	买盘
10:18:06	70.7	0.05	26	183820	买盘
10:18:03	70.65	-0.06	13	91845	卖盘
10:18:00	70.71	-0.06	16	113135	卖盘
10:17:57	70.77	-0.03	7	49539	卖盘
10:17:54	70.8	-0.02	1	7080	卖盘
10:17:51	70.82	0.12	2	14163	买盘
10:17:48	70.7	--	21	148470	卖盘
10:17:45	70.7	--	19	134330	卖盘
10:17:42	70.7	--	21	148470	卖盘
10:17:39	70.7	-0.01	14	98980	卖盘
10:17:36	70.71	0.01	15	106064	买盘
10:17:33	70.7	0.15	130	919100	买盘
10:17:30	70.55	0.04	12	84660	买盘
10:17:27	70.51	--	39	274989	卖盘
10:17:24	70.51	--	6	42306	卖盘
10:17:21	70.51	0.04	31	218581	中性盘
