成交时间	成交价	价格变动	成交量(手)	成交额(元)	性质
15:00:03	10.1	-0.01	280	282800	卖盘
14:57:00	10.11	--	0	0	买盘
14:56:42	10.11	--	26	26286	买盘
14:56:39	10.11	0.01	5	5055	买盘
14:56:18	10.1	-0.01	29	29290	卖盘
14:56:09	10.11	--	17	17187	买盘
14:55:51	10.11	--	170	171870	卖盘
14:55:39	10.11	-0.01	6	6066	卖盘
14:55:15	10.12	0.01	45	45540	买盘
14:55:12	10.11	-0.01	2	2022	卖盘
14:55:03	10.12	--	50	50599	买盘
14:54:48	10.12	-0.01	86	87032	卖盘
14:54:42	10.13	--	5	5065	买盘
14:54:24	10.13	--	20	20260	买盘
14:54:18	10.13	-0.02	19	19743	卖盘
14:53:54	10.15	0.02	2	2030	买盘
14:53:48	10.13	-0.01	27	27351	卖盘
14:53:39	10.14	--	1	1014	卖盘
14:53:30	10.14	0.01	98	99889	买盘
14:53:27	10.13	-0.01	30	30390	卖盘
14:53:24	10.14	0.01	41	41574	买盘
14:53:18	10.13	-0.01	10	10130	卖盘
14:53:12	10.14	0.01	40	40560	买盘
14:53:03	10.13	--	10	10130	卖盘
14:52:42	10.13	--	10	10130	卖盘
14:52:36	10.13	--	84	85092	卖盘
14:51:54	10.13	--	10	10130	卖盘
14:51:39	10.13	-0.01	2	2026	卖盘
14:51:24	10.14	0.01	11	11154	买盘
14:51:21	10.13	0.01	9	9117	买盘
14:51:09	10.12	-0.02	20	20240	卖盘
14:50:36	10.14	0.01	100	101400	买盘
14:50:27	10.13	--	8	8104	卖盘
14:50:24	10.13	--	20	20260	卖盘
14:50:15	10.13	--	10	10130	买盘
14:49:51	10.13	--	20	20260	卖盘
14:49:42	10.13	-0.01	28	28364	卖盘
14:48:51	10.14	0.01	5	5070	买盘
14:48:42	10.13	0.01	40	40520	买盘
14:48:36	10.12	--	144	146132	买盘
14:48:33	10.12	--	5	5060	买盘
14:48:30	10.12	--	5	5060	买盘
14:48:24	10.12	--	5	5060	买盘
14:48:09	10.12	--	126	127511	买盘
14:48:00	10.12	0.01	5	5060	买盘
14:47:54	10.11	-0.01	3	3033	卖盘
14:47:33	10.12	-0.01	160	161920	卖盘
14:47:09	10.13	--	50	51257	卖盘
14:47:03	10.13	-0.01	28	28364	卖盘
14:47:00	10.14	0.01	68	68952	买盘
14:46:36	10.13	--	5	5065	卖盘
14:46:21	10.13	--	130	131690	卖盘
14:46:06	10.13	--	2	2026	卖盘
14:45:54	10.13	--	19	19247	卖盘
14:45:33	10.13	-0.01	5	5065	卖盘
14:45:24	10.14	0.01	1	1014	买盘
14:45:12	10.13	--	0	405	卖盘
14:45:03	10.13	--	2	2026	卖盘
14:45:00	10.13	-0.01	25	25325	卖盘
14:44:57	10.14	--	2	2028	买盘
14:44:42	10.14	--	2	2028	买盘
14:44:33	10.14	-0.01	23	23322	卖盘
14:43:39	10.15	--	94	95410	买盘
14:42:24	10.15	0.02	144	146160	买盘
14:42:00	10.13	--	28	28364	买盘
14:41:45	10.13	--	11	11143	卖盘
14:41:42	10.13	--	7	7091	中性盘
14:41:15	10.13	-0.01	3	3039	买盘
14:41:00	10.14	0.03	14	14196	卖盘
14:40:54	10.11	--	6	6066	买盘
14:40:39	10.11	-0.04	24	24264	卖盘
14:40:27	10.15	--	91	92365	买盘
14:40:24	10.15	0.04	26	26390	买盘
14:40:18	10.11	--	30	30330	卖盘
14:40:00	10.11	--	241	243651	卖盘
14:39:54	10.11	0.02	24	24870	买盘
14:39:48	10.09	--	52	52468	卖盘
14:39:42	10.09	--	10	10090	卖盘
14:39:30	10.09	--	8	8072	卖盘
14:39:21	10.09	-0.01	5	5045	卖盘
14:39:18	10.1	--	91	91910	买盘
14:38:57	10.1	--	1	1010	买盘
14:38:54	10.1	-0.02	12	12120	卖盘
14:38:51	10.12	--	20	20280	卖盘
14:38:48	10.12	--	0	971	卖盘
14:38:45	10.12	-0.01	9	9108	卖盘
14:38:36	10.13	--	5	5065	买盘
14:38:27	10.13	--	10	10130	买盘
14:38:18	10.13	--	24	24312	卖盘
14:38:12	10.13	--	3	3039	卖盘
14:38:03	10.13	--	50	50650	卖盘
14:37:48	10.13	--	5	5065	卖盘
14:37:42	10.13	--	15	15195	卖盘
14:37:36	10.13	-0.01	1	1013	卖盘
14:37:15	10.14	--	28	28392	卖盘
14:37:12	10.14	-0.01	5	5070	卖盘
14:37:09	10.15	--	13	13286	卖盘
14:37:03	10.15	--	13	13195	卖盘
14:37:00	10.15	--	2	2030	卖盘
14:36:57	10.15	--	9	9135	卖盘
14:36:48	10.15	--	5	5075	卖盘
14:36:45	10.15	-0.01	15	15225	卖盘
14:36:42	10.16	--	137	139192	买盘
14:36:30	10.16	--	1	1270	买盘
14:36:12	10.16	--	29	29464	买盘
14:36:09	10.16	--	13	13208	买盘
14:35:42	10.16	0.01	29	29464	买盘
14:35:30	10.15	-0.01	3	3045	卖盘
14:35:21	10.16	--	3	3048	买盘
14:35:12	10.16	--	29	29464	买盘
14:35:06	10.16	0.01	10	10160	买盘
14:35:00	10.15	--	10	10150	卖盘
14:34:54	10.15	-0.01	5	5755	卖盘
14:34:42	10.16	--	331	336296	买盘
14:34:12	10.16	0.01	39	39624	买盘
14:33:54	10.15	--	15	16229	买盘
14:33:48	10.15	--	28	28420	买盘
14:33:42	10.15	--	29	29435	买盘
14:33:30	10.15	--	20	20300	买盘
14:33:12	10.15	--	49	49735	买盘
14:33:06	10.15	--	14	14210	买盘
14:32:48	10.15	--	40	40600	买盘
14:32:42	10.15	--	29	29435	买盘
14:32:33	10.15	--	15	15225	买盘
14:32:30	10.15	--	1	1015	买盘
14:32:12	10.15	0.01	29	29435	买盘
14:32:09	10.14	--	30	30420	买盘
14:31:48	10.14	--	4	4056	买盘
14:31:45	10.14	--	36	36504	买盘
14:31:33	10.14	--	14	14196	买盘
14:31:15	10.14	--	36	36504	买盘
14:31:09	10.14	0.01	14	14196	买盘
14:30:51	10.13	0.01	14	14182	买盘
14:30:45	10.12	--	36	36432	买盘
14:30:33	10.12	0.02	14	14167	买盘
14:30:27	10.1	-0.02	7	7070	中性盘
14:30:15	10.12	0.02	50	50599	买盘
14:30:00	10.1	--	14	14140	买盘
14:29:57	10.1	-0.02	51	51510	卖盘
14:29:45	10.12	0.02	55	55659	买盘
14:29:18	10.1	-0.02	9	9090	卖盘
14:29:15	10.12	0.02	36	36432	买盘
14:29:03	10.1	--	3	3030	卖盘
14:28:51	10.1	-0.02	10	10100	卖盘
14:28:45	10.12	0.02	36	36432	买盘
14:28:39	10.1	--	23	23230	买盘
14:28:18	10.1	-0.02	5	5050	卖盘
14:28:15	10.12	0.01	36	36432	买盘
14:28:00	10.11	--	35	35385	买盘
14:27:45	10.11	0.02	36	36396	买盘
14:27:21	10.09	-0.02	20	20180	卖盘
14:27:15	10.11	0.01	36	36396	买盘
14:27:03	10.1	--	45	45450	买盘
14:26:51	10.1	--	3	3030	买盘
14:26:48	10.1	--	2	2020	买盘
14:26:42	10.1	--	5	5050	买盘
14:26:39	10.1	--	11	11110	买盘
14:26:33	10.1	0.01	5	5050	买盘
14:26:27	10.09	--	20	20180	卖盘
14:26:09	10.09	--	26	26234	买盘
14:26:00	10.09	0.01	10	10090	买盘
14:25:54	10.08	-0.01	19	19152	卖盘
14:25:33	10.09	--	30	30270	买盘
14:25:12	10.09	--	10	10090	买盘
14:25:03	10.09	0.01	8	8072	买盘
14:24:39	10.08	--	92	93068	买盘
14:24:36	10.08	--	10	10080	买盘
14:24:21	10.08	--	1	1008	买盘
14:24:12	10.08	--	20	20160	买盘
14:23:42	10.08	--	10	10080	买盘
14:23:33	10.08	--	5	5040	买盘
14:23:06	10.08	0.01	18	18144	买盘
14:22:57	10.07	--	1	1007	卖盘
14:22:00	10.07	--	32	32224	买盘
14:21:57	10.07	--	13	13091	买盘
14:21:48	10.07	--	1	1007	买盘
14:21:42	10.07	--	3	3021	买盘
14:21:39	10.07	--	5	5035	买盘
14:21:36	10.07	--	146	147022	卖盘
14:21:24	10.07	-0.01	1	1007	卖盘
14:21:21	10.08	0.01	8	8064	买盘
14:21:18	10.07	-0.01	2	2014	卖盘
14:21:06	10.08	--	7	7056	买盘
14:20:45	10.08	--	5	5040	买盘
14:20:36	10.08	0.01	26	26208	买盘
14:20:21	10.07	--	2	2014	卖盘
14:20:18	10.07	0.01	139	139973	买盘
14:20:03	10.06	--	2	2012	卖盘
14:19:39	10.06	--	45	45270	卖盘
14:19:15	10.06	-0.01	20	20120	卖盘
14:19:06	10.07	--	80	80560	买盘
14:18:54	10.07	--	11	11077	买盘
14:18:30	10.07	0.01	50	50350	买盘
14:18:15	10.06	-0.01	2	2012	卖盘
14:18:09	10.07	--	1	1007	买盘
14:17:51	10.07	0.01	1	1007	买盘
14:17:45	10.06	--	19	19114	卖盘
14:17:24	10.06	-0.01	17	17102	卖盘
14:17:15	10.07	--	1	1007	中性盘
14:17:00	10.07	--	12	12084	卖盘
14:16:48	10.07	--	19	19133	买盘
14:16:45	10.07	-0.01	2	2014	中性盘
14:16:33	10.08	0.01	51	51408	买盘
14:16:12	10.07	--	5	5035	卖盘
14:16:00	10.07	--	4	4028	买盘
14:15:48	10.07	--	11	11077	卖盘
14:15:36	10.07	--	1	1007	卖盘
14:15:24	10.07	--	5	5035	卖盘
14:15:12	10.07	--	9	9063	卖盘
14:15:06	10.07	0.01	5	5035	卖盘
14:13:54	10.06	-0.02	10	10060	卖盘
14:13:42	10.08	0.01	30	30240	买盘
14:13:36	10.07	--	60	60420	买盘
14:13:09	10.07	0.01	12	12084	买盘
14:13:00	10.06	-0.01	10	10060	卖盘
14:12:57	10.07	0.01	3	3021	买盘
14:12:48	10.06	--	5	5030	卖盘
14:12:39	10.06	-0.01	15	15090	卖盘
14:12:24	10.07	--	7	7049	买盘
14:12:15	10.07	-0.01	5	5035	中性盘
14:11:45	10.08	0.02	60	60480	买盘
14:11:33	10.06	-0.01	28	28168	卖盘
14:11:21	10.07	0.01	80	80560	买盘
14:11:12	10.06	-0.01	8	8048	卖盘
14:11:06	10.07	0.01	1	1007	买盘
14:11:00	10.06	-0.01	4	4024	卖盘
14:10:57	10.07	0.01	29	29203	买盘
14:10:48	10.06	--	19	19114	卖盘
14:10:27	10.06	-0.01	5	5030	卖盘
14:10:21	10.07	0.01	10	10070	买盘
14:10:18	10.06	--	3	3018	卖盘
14:10:06	10.06	--	42	42252	卖盘
14:10:03	10.06	-0.01	6	6036	卖盘
14:09:54	10.07	--	18	18126	买盘
14:09:30	10.07	--	9	9063	买盘
14:09:27	10.07	0.01	60	60420	买盘
14:09:21	10.06	-0.01	7	7042	卖盘
14:09:18	10.07	--	20	20140	买盘
14:09:12	10.07	0.01	30	30210	买盘
14:09:00	10.06	--	3	3018	卖盘
14:08:51	10.06	--	5	5030	卖盘
14:08:36	10.06	--	1	1006	卖盘
14:08:30	10.06	--	5	5030	卖盘
14:08:15	10.06	--	10	10060	卖盘
14:08:00	10.06	-0.01	95	95570	卖盘
14:07:42	10.07	--	40	40280	买盘
14:07:15	10.07	--	95	95665	卖盘
14:07:12	10.07	--	8	8056	卖盘
14:06:48	10.07	--	16	16112	卖盘
14:06:24	10.07	--	12	12084	卖盘
14:06:03	10.07	--	16	16112	卖盘
14:05:45	10.07	--	18	18126	卖盘
14:05:30	10.07	--	5	5035	卖盘
14:05:24	10.07	--	25	25175	卖盘
14:05:06	10.07	--	10	10070	卖盘
14:05:03	10.07	--	13	13091	卖盘
14:04:54	10.07	-0.01	2	2014	卖盘
14:04:24	10.08	--	22	22176	卖盘
14:03:36	10.08	--	20	20160	卖盘
14:03:30	10.08	--	6	6048	卖盘
14:03:18	10.08	--	10	10080	卖盘
14:02:51	10.08	--	28	28224	卖盘
14:02:45	10.08	--	9	9072	卖盘
14:02:24	10.08	--	5	5040	卖盘
14:02:18	10.08	--	14	14112	卖盘
14:01:57	10.08	--	13	13104	买盘
14:01:39	10.08	--	13	13104	卖盘
14:01:27	10.08	--	6	6048	卖盘
14:01:12	10.08	--	25	25200	卖盘
14:01:03	10.08	--	24	24192	卖盘
14:00:57	10.08	-0.01	5	5040	卖盘
14:00:42	10.09	-0.01	113	114017	卖盘
13:57:27	10.1	0.01	1	1010	买盘
13:56:57	10.09	0.01	19	19171	买盘
13:56:42	10.08	--	10	10080	卖盘
13:55:45	10.08	--	30	30240	卖盘
13:54:30	10.08	--	9	9072	卖盘
13:54:09	10.08	-0.01	148	149184	卖盘
13:53:24	10.09	--	32	32288	卖盘
13:53:15	10.09	--	4	4036	卖盘
13:52:39	10.09	0.01	9	9081	买盘
13:52:33	10.08	-0.01	40	40320	卖盘
13:52:18	10.09	--	5	5045	买盘
13:51:18	10.09	--	65	65585	买盘
13:49:51	10.09	--	36	36324	卖盘
13:49:30	10.09	--	1	1009	卖盘
13:49:21	10.09	--	4	4036	卖盘
13:49:06	10.09	-0.01	39	39351	卖盘
13:48:48	10.1	0.01	20	20200	买盘
13:48:45	10.09	-0.01	27	27243	卖盘
13:48:36	10.1	--	15	15150	买盘
13:48:33	10.1	0.01	38	38380	买盘
13:48:30	10.09	--	1	1009	卖盘
13:48:06	10.09	--	4	4036	卖盘
13:46:51	10.09	--	14	14126	买盘
13:46:24	10.09	0.01	5	5045	买盘
13:45:06	10.08	--	14	14112	卖盘
13:45:03	10.08	0.01	10	10080	中性盘
13:44:15	10.07	-0.02	31	31217	卖盘
13:43:30	10.09	--	28	28252	卖盘
13:43:27	10.09	--	5	5045	卖盘
13:42:57	10.09	0.02	8	8072	买盘
13:42:54	10.07	--	6	6042	卖盘
13:42:48	10.07	--	10	10070	卖盘
13:41:51	10.07	--	4	4501	买盘
13:41:48	10.07	--	32	32224	买盘
13:41:36	10.07	--	34	34771	卖盘
13:41:24	10.07	--	160	161120	卖盘
13:40:39	10.07	-0.02	2	2014	卖盘
13:40:33	10.09	0.02	4	4036	买盘
13:40:18	10.07	--	39	39273	卖盘
13:40:00	10.07	--	12	12084	卖盘
13:39:36	10.07	--	10	10070	卖盘
13:39:30	10.07	--	29	29676	买盘
13:39:27	10.07	--	5	5035	买盘
13:38:57	10.07	-0.01	242	243694	卖盘
13:38:48	10.08	-0.01	8	8064	卖盘
13:38:24	10.09	0.01	46	46414	中性盘
13:37:48	10.08	-0.02	5	5040	卖盘
13:36:39	10.1	--	4	4040	卖盘
13:36:30	10.1	-0.01	1	1010	卖盘
13:36:06	10.11	--	9	9099	卖盘
13:35:45	10.11	--	2	2022	卖盘
13:35:33	10.11	--	9	9099	卖盘
13:35:12	10.11	-0.01	20	20220	卖盘
13:35:00	10.12	0.01	5	5060	买盘
13:33:54	10.11	--	5	5055	买盘
13:33:45	10.11	-0.01	5	5055	中性盘
13:33:33	10.12	0.02	1	1011	买盘
13:33:09	10.1	0.01	3	3030	中性盘
13:32:36	10.09	--	20	20180	卖盘
13:32:33	10.09	--	18	18162	卖盘
13:32:21	10.09	--	6	6054	买盘
13:32:09	10.09	--	5	5045	买盘
13:31:57	10.09	0.01	10	10090	买盘
13:31:51	10.08	--	24	24192	卖盘
13:30:39	10.08	--	2	2016	卖盘
13:29:54	10.08	0.01	42	43333	买盘
13:29:39	10.07	-0.01	16	16112	卖盘
13:29:30	10.08	--	20	20160	买盘
13:29:27	10.08	--	6	6048	买盘
13:29:18	10.08	--	22	22176	买盘
13:29:06	10.08	--	52	52416	买盘
13:29:00	10.08	--	7	7056	买盘
13:28:39	10.08	-0.04	478	481834	卖盘
13:28:18	10.12	0.01	5	5060	买盘
13:27:57	10.11	--	5	5055	买盘
13:27:48	10.11	--	10	10110	买盘
13:27:42	10.11	--	6	6066	买盘
13:27:24	10.11	-0.01	12	12132	卖盘
13:27:09	10.12	0.01	5	5060	买盘
13:27:00	10.11	--	15	15165	卖盘
13:26:51	10.11	--	6	6066	卖盘
13:26:00	10.11	-0.01	6	6066	卖盘
13:25:15	10.12	--	0	495	卖盘
13:25:00	10.12	--	5	5060	卖盘
13:24:48	10.12	--	5	5060	卖盘
13:24:27	10.12	--	4	4047	卖盘
13:24:21	10.12	--	5	5576	买盘
13:23:57	10.12	--	2	2519	卖盘
13:23:51	10.12	--	2	2023	卖盘
13:23:48	10.12	--	3	3035	卖盘
13:23:27	10.12	--	30	30359	卖盘
13:22:54	10.12	--	20	20240	卖盘
13:22:12	10.12	-0.01	8	8095	卖盘
13:20:51	10.13	--	4	4052	买盘
13:19:15	10.13	--	20	20260	买盘
13:18:39	10.13	0.01	51	51663	买盘
13:18:12	10.12	--	15	15696	买盘
13:17:51	10.12	--	35	35420	买盘
13:17:27	10.12	--	30	30359	买盘
13:16:39	10.12	--	5	5060	买盘
13:16:30	10.12	--	36	36432	买盘
13:16:15	10.12	0.01	13	13155	买盘
13:16:06	10.11	-0.01	2	2022	卖盘
13:16:03	10.12	0.01	10	10120	买盘
13:15:03	10.11	--	12	12132	买盘
13:14:42	10.11	0.01	5	5055	买盘
13:14:18	10.1	-0.01	7	8069	卖盘
13:14:06	10.11	--	9	9099	买盘
13:12:27	10.11	--	35	35395	卖盘
13:12:18	10.11	--	13	13143	卖盘
13:12:15	10.11	--	10	10110	卖盘
13:11:51	10.11	--	10	10110	卖盘
13:11:24	10.11	--	10	10110	卖盘
13:11:09	10.11	-0.01	14	14154	卖盘
13:11:00	10.12	0.01	4	4047	买盘
13:10:48	10.11	--	16	16176	卖盘
13:09:33	10.11	--	11	11121	卖盘
13:08:42	10.11	--	5	5055	卖盘
13:08:09	10.11	-0.01	1	1011	卖盘
13:07:57	10.12	0.01	1	1011	买盘
13:07:54	10.11	--	184	187024	卖盘
13:06:33	10.11	--	35	35385	卖盘
13:05:33	10.11	--	1	1011	卖盘
13:02:57	10.11	-0.01	2	2022	卖盘
13:02:42	10.12	0.01	5	5060	买盘
13:02:39	10.11	--	20	20220	卖盘
13:02:27	10.11	--	30	30330	卖盘
13:01:39	10.11	0.01	30	30330	卖盘
13:00:03	10.1	-0.02	23	23230	卖盘
13:00:00	10.12	--	0	0	买盘
11:30:00	10.12	--	0	0	买盘
11:29:03	10.12	--	1	1011	买盘
11:28:18	10.12	0.02	101	102211	买盘
11:26:51	10.1	--	7	7070	买盘
11:26:36	10.1	--	72	72720	买盘
11:26:33	10.1	--	5	5050	买盘
11:26:15	10.1	-0.01	41	41410	卖盘
11:25:24	10.11	--	5	5055	买盘
11:25:12	10.11	--	44	44484	买盘
11:23:03	10.11	--	15	15165	买盘
11:22:54	10.11	--	20	20220	买盘
11:22:24	10.11	--	30	30825	卖盘
11:21:33	10.11	--	10	10110	卖盘
11:21:30	10.11	--	1	1011	卖盘
11:21:09	10.11	0.01	60	61175	买盘
11:19:54	10.1	-0.01	10	10100	卖盘
11:19:42	10.11	--	40	40440	买盘
11:19:00	10.11	--	5	5055	买盘
11:18:18	10.11	--	5	5055	买盘
11:16:57	10.11	0.01	1	1011	买盘
11:16:30	10.1	-0.01	16	16160	卖盘
11:16:27	10.11	0.01	8	8088	买盘
11:16:15	10.1	-0.01	8	8080	卖盘
11:14:57	10.11	--	7	7077	买盘
11:14:48	10.11	--	6	6066	买盘
11:14:21	10.11	--	5	5055	买盘
11:14:12	10.11	--	6	6066	买盘
11:14:06	10.11	--	38	38418	买盘
11:14:03	10.11	--	5	5055	买盘
11:13:21	10.11	0.01	10	10110	买盘
11:13:09	10.1	--	10	10100	卖盘
11:13:00	10.1	--	4	4040	买盘
11:12:33	10.1	--	5	5050	买盘
11:11:57	10.1	--	5	5050	买盘
11:11:45	10.1	0.01	5	5050	买盘
11:11:12	10.09	--	18	18162	卖盘
11:10:54	10.09	0.01	9	9081	买盘
11:10:42	10.08	--	20	20160	卖盘
11:10:21	10.08	--	1	1008	卖盘
11:10:12	10.08	--	6	6048	买盘
11:10:09	10.08	--	8	8064	买盘
11:10:03	10.08	--	20	20160	买盘
11:10:00	10.08	--	36	36288	买盘
11:09:54	10.08	--	5	5040	买盘
11:09:45	10.08	--	17	17136	卖盘
11:09:39	10.08	-0.01	60	60480	卖盘
11:09:36	10.09	0.01	5	5045	买盘
11:09:30	10.08	--	5	5040	卖盘
11:09:27	10.08	--	10	10080	卖盘
11:09:24	10.08	--	50	50400	卖盘
11:09:12	10.08	--	42	42336	卖盘
11:09:06	10.08	--	52	52416	卖盘
11:09:03	10.08	--	10	10080	卖盘
11:08:27	10.08	-0.01	20	20160	卖盘
11:08:24	10.09	0.01	5	5045	买盘
11:08:15	10.08	-0.01	6	6048	卖盘
11:08:09	10.09	0.01	4	4036	买盘
11:08:06	10.08	-0.01	50	50400	卖盘
11:08:03	10.09	--	5	5045	买盘
11:07:36	10.09	--	200	201800	卖盘
11:07:30	10.09	-0.01	10	10090	卖盘
11:07:12	10.1	--	67	67670	卖盘
11:07:03	10.1	--	10	10100	卖盘
11:07:00	10.1	-0.01	15	15150	卖盘
11:06:30	10.11	--	22	22242	卖盘
11:05:39	10.11	--	6	6066	卖盘
11:05:33	10.11	--	4	4044	卖盘
11:05:18	10.11	--	5	5055	卖盘
11:05:03	10.11	-0.01	10	10110	卖盘
11:04:54	10.12	0.01	32	32383	买盘
11:04:33	10.11	-0.01	20	20220	卖盘
11:03:30	10.12	--	10	10120	买盘
11:03:00	10.12	0.01	2	2023	买盘
11:02:51	10.11	--	10	10110	卖盘
11:02:09	10.11	-0.01	9	9099	卖盘
11:01:54	10.12	--	10	10120	买盘
11:01:36	10.12	0.01	37	37444	买盘
11:01:33	10.11	--	40	40440	卖盘
11:01:12	10.11	--	12	12132	卖盘
11:01:00	10.11	0.01	7	7077	买盘
11:00:24	10.1	0.01	110	111100	买盘
11:00:09	10.09	0.01	92	92828	买盘
11:00:06	10.08	-0.01	10	10080	卖盘
10:59:57	10.09	--	63	63567	卖盘
10:59:51	10.09	--	20	20180	卖盘
10:59:45	10.09	--	10	10090	卖盘
10:59:15	10.09	-0.01	7	7063	卖盘
10:59:09	10.1	--	14	14140	卖盘
10:59:03	10.1	--	79	79790	卖盘
10:58:54	10.1	--	6	6060	卖盘
10:58:48	10.1	--	50	50500	卖盘
10:58:42	10.1	--	5	5050	卖盘
10:58:33	10.1	--	4	4040	卖盘
10:58:18	10.1	-0.01	30	30300	卖盘
10:57:57	10.11	--	44	44484	卖盘
10:57:45	10.11	-0.01	9	9099	卖盘
10:57:27	10.12	--	2	2023	卖盘
10:57:06	10.12	-0.01	36	36432	卖盘
10:57:03	10.13	0.01	5	5065	买盘
10:56:54	10.12	--	15	15179	卖盘
10:56:48	10.12	--	2	2023	卖盘
10:56:33	10.12	--	3	3035	卖盘
10:56:30	10.12	--	40	40480	卖盘
10:56:15	10.12	--	23	23276	卖盘
10:55:27	10.12	--	14	14167	卖盘
10:55:00	10.12	--	11	11132	卖盘
10:53:24	10.12	--	10	10120	买盘
10:53:09	10.12	0.01	5	5060	买盘
10:53:00	10.11	-0.01	5	5055	卖盘
10:52:15	10.12	--	15	15179	卖盘
10:51:09	10.12	-0.02	28	28335	卖盘
10:51:00	10.14	0.01	140	141960	买盘
10:50:48	10.13	--	20	20260	卖盘
10:50:24	10.13	--	20	20260	卖盘
10:50:18	10.13	-0.01	15	15195	卖盘
10:50:12	10.14	--	1	1014	买盘
10:48:27	10.14	--	100	101400	买盘
10:48:06	10.14	0.01	53	53742	买盘
10:48:03	10.13	--	10	10130	卖盘
10:47:42	10.13	--	26	26540	卖盘
10:47:21	10.13	--	5	5065	卖盘
10:47:15	10.13	-0.01	50	50650	卖盘
10:47:12	10.14	0.01	4	4056	买盘
10:47:09	10.13	--	1	1013	卖盘
10:46:24	10.13	--	20	20260	卖盘
10:46:21	10.13	--	10	10130	卖盘
10:46:12	10.13	0.01	253	256289	买盘
10:46:09	10.12	--	1	1011	卖盘
10:46:06	10.12	--	24	24287	卖盘
10:45:39	10.12	--	4	4047	卖盘
10:45:36	10.12	--	2	2023	卖盘
10:45:30	10.12	0.01	40	40480	买盘
10:45:18	10.11	0.01	7	7845	买盘
10:45:12	10.1	--	30	30300	卖盘
10:45:09	10.1	-0.01	20	20200	卖盘
10:44:51	10.11	--	1	1011	买盘
10:44:48	10.11	--	5	5055	买盘
10:44:45	10.11	-0.01	5	5297	卖盘
10:44:33	10.12	0.01	5	5060	买盘
10:44:24	10.11	-0.01	31	31341	卖盘
10:44:03	10.12	--	9	9108	卖盘
10:43:54	10.12	-0.01	112	113343	卖盘
10:43:15	10.13	0.01	8	8104	买盘
10:43:09	10.12	0.01	61	61731	买盘
10:43:06	10.11	-0.01	2	2022	卖盘
10:43:00	10.12	--	10	10120	买盘
10:42:57	10.12	--	5	5060	买盘
10:42:21	10.12	-0.01	19	19228	卖盘
10:41:27	10.13	--	3	3039	买盘
10:41:03	10.13	--	40	40520	买盘
10:40:30	10.13	--	29	29377	卖盘
10:40:15	10.13	0.01	171	173223	买盘
10:39:57	10.12	-0.01	10	10120	中性盘
10:39:30	10.13	--	7	7091	买盘
10:38:42	10.13	--	60	60780	买盘
10:37:39	10.13	0.01	30	30390	买盘
10:37:36	10.12	-0.01	9	9108	卖盘
10:37:30	10.13	--	5	5065	买盘
10:37:15	10.13	--	1	1013	买盘
10:37:12	10.13	--	9	9117	卖盘
10:36:54	10.13	0.01	133	134729	买盘
10:36:45	10.12	-0.01	9	9108	卖盘
10:36:12	10.13	--	2	2026	买盘
10:35:48	10.13	--	1	1013	买盘
10:35:33	10.13	--	15	15195	买盘
10:35:09	10.13	--	10	10130	买盘
10:34:57	10.13	0.02	6	6078	买盘
10:34:36	10.11	-0.01	9	9099	卖盘
10:34:06	10.12	--	5	5060	买盘
10:33:45	10.12	-0.01	5	5060	卖盘
10:33:24	10.13	0.01	5	5065	中性盘
10:32:21	10.12	0.01	8	8095	买盘
10:32:06	10.11	--	3	3033	卖盘
10:32:00	10.11	--	2	2022	卖盘
10:31:57	10.11	0.01	0	768	买盘
10:31:27	10.1	-0.01	5	5050	卖盘
10:31:18	10.11	0.02	125	126375	买盘
10:31:09	10.09	-0.01	20	20180	卖盘
10:31:00	10.1	--	9	9090	买盘
10:30:54	10.1	--	16	16160	买盘
10:30:36	10.1	--	20	20200	买盘
10:30:27	10.1	0.01	5	5050	买盘
10:30:18	10.09	-0.01	8	8072	卖盘
10:30:09	10.1	--	1	1010	买盘
10:30:06	10.1	--	5	5050	买盘
10:30:03	10.1	-0.01	72	72720	卖盘
10:29:45	10.11	--	1	1011	买盘
10:29:42	10.11	--	0	242	卖盘
10:29:33	10.11	--	129	131187	卖盘
10:29:27	10.11	--	3	3033	卖盘
10:29:24	10.11	-0.01	20	20220	卖盘
10:29:03	10.12	--	120	121439	卖盘
10:28:54	10.12	-0.01	6	6071	卖盘
10:28:51	10.13	0.01	5	5065	买盘
10:28:42	10.12	-0.01	10	10120	卖盘
10:28:39	10.13	0.01	6	6078	买盘
10:28:30	10.12	-0.01	5	5060	卖盘
10:28:18	10.13	--	86	87118	卖盘
10:27:57	10.13	-0.01	37	37481	卖盘
10:27:54	10.14	--	10	10140	卖盘
10:27:39	10.14	-0.01	200	202800	卖盘
10:27:27	10.15	--	5	5075	买盘
10:27:15	10.15	--	1	1015	买盘
10:26:33	10.15	--	29	29435	卖盘
10:26:30	10.15	--	27	27405	卖盘
10:26:06	10.15	--	1	1015	卖盘
10:25:06	10.15	--	4	4060	卖盘
10:24:42	10.15	--	1	1015	卖盘
10:24:21	10.15	-0.01	10	10150	卖盘
10:23:42	10.16	--	5	5080	买盘
10:23:39	10.16	0.01	10	10160	买盘
10:23:24	10.15	-0.01	11	11165	卖盘
10:22:57	10.16	0.01	1	1016	买盘
10:22:30	10.15	--	8	8120	卖盘
10:21:39	10.15	--	7	7105	卖盘
10:21:30	10.15	-0.01	50	50750	卖盘
10:21:18	10.16	--	1	1016	买盘
10:20:33	10.16	--	1	1016	买盘
10:20:18	10.16	--	18	18288	卖盘
10:20:03	10.16	--	5	5080	卖盘
10:19:21	10.16	-0.02	23	23368	卖盘
10:19:00	10.18	0.02	11	11198	买盘
10:18:51	10.16	-0.01	10	10160	卖盘
10:18:45	10.17	0.01	38	38646	买盘
10:18:33	10.16	--	2	2032	卖盘
10:18:30	10.16	--	1	1016	卖盘
10:18:03	10.16	-0.01	6	6096	卖盘
10:17:51	10.17	--	5	5085	买盘
10:17:42	10.17	--	52	52884	卖盘
10:17:09	10.17	--	4	4068	卖盘
10:16:45	10.17	--	12	12204	卖盘
10:16:30	10.17	-0.01	2	2034	卖盘
10:16:15	10.18	--	10	10180	卖盘
10:15:45	10.18	0.01	40	40720	买盘
10:15:27	10.17	--	2	2034	买盘
10:15:21	10.17	--	18	18306	卖盘
10:15:15	10.17	--	17	17289	卖盘
10:15:12	10.17	--	13	13221	卖盘
10:15:09	10.17	--	3	3051	卖盘
10:14:57	10.17	--	3	3051	卖盘
10:14:27	10.17	-0.01	10	10170	卖盘
10:13:54	10.18	--	3	3054	买盘
10:13:51	10.18	--	14	14252	卖盘
10:13:48	10.18	--	100	101800	卖盘
10:13:27	10.18	--	3	3054	卖盘
10:13:24	10.18	--	4	4072	卖盘
10:12:24	10.18	-0.01	20	20360	卖盘
10:12:06	10.19	--	9	9171	买盘
10:11:54	10.19	0.01	10	10190	中性盘
10:11:39	10.18	-0.01	18	18324	卖盘
10:11:33	10.19	--	12	12228	卖盘
10:11:24	10.19	--	8	8152	买盘
10:11:15	10.19	--	5	5095	买盘
10:11:12	10.19	0.01	100	101900	买盘
10:10:57	10.18	--	1	1018	卖盘
10:10:54	10.18	--	9	9162	卖盘
10:10:48	10.18	-0.01	40	40720	卖盘
10:10:45	10.19	0.01	5	5095	买盘
10:10:30	10.18	--	20	20360	卖盘
10:10:27	10.18	--	38	38684	买盘
10:10:12	10.18	-0.01	39	39702	卖盘
10:10:03	10.19	0.01	50	50950	买盘
10:09:51	10.18	--	5	5090	卖盘
10:09:39	10.18	--	10	10180	卖盘
10:09:36	10.18	--	34	34612	卖盘
10:09:33	10.18	--	5	5090	卖盘
10:09:24	10.18	-0.01	5	5090	卖盘
10:09:21	10.19	0.01	9	9171	买盘
10:09:15	10.18	--	22	22396	卖盘
10:09:09	10.18	-0.01	9	9162	卖盘
10:09:00	10.19	0.01	1	1019	买盘
10:08:57	10.18	--	4	4072	卖盘
10:08:51	10.18	-0.01	5	5090	卖盘
10:08:42	10.19	--	1	1019	买盘
10:08:33	10.19	--	10	10190	买盘
10:08:24	10.19	-0.01	5	5095	中性盘
10:08:15	10.2	0.01	89	90780	买盘
10:08:09	10.19	--	10	10190	卖盘
10:08:06	10.19	--	1	1019	卖盘
10:08:03	10.19	--	1	1019	卖盘
10:08:00	10.19	--	35	35665	卖盘
10:07:57	10.19	--	10	10190	卖盘
10:07:51	10.19	--	5	5095	卖盘
10:07:48	10.19	-0.01	10	10190	卖盘
10:07:42	10.2	--	5	5100	买盘
10:07:36	10.2	0.01	40	40800	买盘
10:07:33	10.19	--	60	61140	卖盘
10:07:18	10.19	-0.01	20	20380	卖盘
10:07:15	10.2	0.01	6	6120	买盘
10:07:06	10.19	--	4	4076	卖盘
10:06:57	10.19	0.01	50	50950	买盘
10:06:54	10.18	-0.01	5	5090	卖盘
10:06:45	10.19	--	5	5095	买盘
10:06:36	10.19	--	7	7133	卖盘
10:06:33	10.19	--	1	1019	卖盘
10:06:27	10.19	--	10	10190	卖盘
10:06:24	10.19	--	10	10190	卖盘
10:06:18	10.19	--	15	15285	卖盘
10:06:03	10.19	0.01	108	110052	买盘
10:05:57	10.18	--	10	10180	卖盘
10:05:48	10.18	--	6	6108	卖盘
10:05:27	10.18	0.01	34	34612	买盘
10:05:24	10.17	-0.01	107	108819	卖盘
10:05:18	10.18	0.01	65	66170	买盘
10:05:15	10.17	--	20	20340	卖盘
10:05:06	10.17	--	5	5085	卖盘
10:05:00	10.17	--	10	10170	卖盘
10:04:39	10.17	--	45	45765	卖盘
10:04:36	10.17	0.01	80	81360	买盘
10:04:21	10.16	--	6	6096	卖盘
10:03:48	10.16	--	17	17272	买盘
10:03:36	10.16	--	5	5080	买盘
10:03:21	10.16	--	78	79248	卖盘
10:03:15	10.16	--	1	1016	卖盘
10:03:09	10.16	--	5	5080	卖盘
10:03:06	10.16	--	2	2032	买盘
10:03:03	10.16	--	6	6096	卖盘
10:02:48	10.16	--	6	6096	卖盘
10:02:36	10.16	--	9	9144	买盘
10:02:21	10.16	0.01	1	1016	买盘
10:01:54	10.15	--	5	5075	卖盘
10:01:39	10.15	--	10	10150	卖盘
10:01:36	10.15	--	6	6090	卖盘
10:01:18	10.15	--	10	10150	卖盘
10:00:24	10.15	--	6	6090	卖盘
10:00:15	10.15	--	31	31465	卖盘
09:59:51	10.15	--	20	20300	卖盘
09:59:39	10.15	--	5	5075	卖盘
09:59:33	10.15	--	5	5075	卖盘
09:59:09	10.15	-0.01	12	12180	卖盘
09:59:00	10.16	0.01	20	20320	买盘
09:58:54	10.15	-0.01	3	3045	卖盘
09:58:39	10.16	--	3	3048	买盘
09:58:30	10.16	--	4	4064	买盘
09:58:24	10.16	--	33	33528	卖盘
09:58:21	10.16	--	3	3048	卖盘
09:57:48	10.16	--	1	1016	卖盘
09:57:18	10.16	-0.01	3	3048	卖盘
09:57:15	10.17	0.01	50	50850	买盘
09:56:48	10.16	--	6	6096	卖盘
09:56:36	10.16	--	10	10160	卖盘
09:56:12	10.16	--	10	10160	卖盘
09:56:03	10.16	--	8	8128	卖盘
09:56:00	10.16	--	4	4064	卖盘
09:55:45	10.16	--	52	52832	卖盘
09:55:42	10.16	--	7	7112	卖盘
09:55:36	10.16	--	87	88392	卖盘
09:55:27	10.16	--	9	9144	卖盘
09:55:18	10.16	--	9	9144	卖盘
09:55:00	10.16	--	8	8128	卖盘
09:54:54	10.16	--	1	1016	卖盘
09:54:48	10.16	--	1	1016	卖盘
09:54:42	10.16	--	31	31496	买盘
09:54:27	10.16	-0.01	54	54864	卖盘
09:54:24	10.17	0.01	47	47799	买盘
09:54:15	10.16	--	23	23368	卖盘
09:54:09	10.16	--	5	5080	卖盘
09:54:00	10.16	-0.01	10	10160	卖盘
09:53:42	10.17	0.01	1	1017	买盘
09:53:39	10.16	-0.01	11	11176	卖盘
09:53:15	10.17	--	1	1017	卖盘
09:53:12	10.17	--	30	30510	卖盘
09:53:09	10.17	-0.01	19	19323	卖盘
09:53:06	10.18	0.01	1	1018	买盘
09:52:42	10.17	--	1	1017	卖盘
09:52:36	10.17	-0.01	20	20340	卖盘
09:52:30	10.18	0.01	2	2036	买盘
09:52:27	10.17	--	10	10170	卖盘
09:52:21	10.17	--	20	20340	卖盘
09:52:09	10.17	--	1	1017	卖盘
09:52:00	10.17	-0.01	53	53901	卖盘
09:51:57	10.18	--	30	30540	卖盘
09:51:48	10.18	-0.01	53	53954	卖盘
09:51:36	10.19	--	9	9171	卖盘
09:51:12	10.19	--	14	14266	卖盘
09:50:54	10.19	--	12	12228	买盘
09:50:45	10.19	0.01	22	22418	买盘
09:50:42	10.18	-0.01	100	101800	卖盘
09:50:30	10.19	0.01	33	33627	买盘
09:50:27	10.18	--	35	35630	卖盘
09:50:24	10.18	--	31	31558	卖盘
09:49:57	10.18	-0.01	1	1018	卖盘
09:49:54	10.19	0.01	11	11209	买盘
09:49:45	10.18	-0.01	7	7126	卖盘
09:49:39	10.19	0.01	58	59102	买盘
09:49:27	10.18	--	5	5090	卖盘
09:49:21	10.18	--	2	2036	卖盘
09:49:12	10.18	--	10	10180	卖盘
09:49:06	10.18	--	1	1018	卖盘
09:48:36	10.18	--	6	6108	卖盘
09:48:15	10.18	--	83	84494	卖盘
09:48:00	10.18	-0.01	21	21378	卖盘
09:47:54	10.19	--	66	67254	卖盘
09:47:45	10.19	--	2	2038	卖盘
09:47:42	10.19	--	25	25475	卖盘
09:47:30	10.19	--	13	13247	卖盘
09:47:18	10.19	--	10	10190	卖盘
09:47:09	10.19	-0.01	20	20380	卖盘
09:47:03	10.2	0.01	2	2039	买盘
09:46:51	10.19	--	10	10190	卖盘
09:46:45	10.19	--	16	16304	卖盘
09:46:42	10.19	--	20	20380	卖盘
09:46:18	10.19	-0.01	30	30570	卖盘
09:46:15	10.2	--	14	14279	买盘
09:46:09	10.2	-0.01	7	7139	卖盘
09:45:39	10.21	-0.01	24	24504	卖盘
09:45:30	10.22	0.01	3	3066	买盘
09:45:27	10.21	--	20	20420	卖盘
09:45:21	10.21	-0.01	6	6126	卖盘
09:45:18	10.22	--	69	70518	买盘
09:45:00	10.22	--	3	3066	买盘
09:44:54	10.22	--	5	5110	买盘
09:44:45	10.22	-0.02	92	94024	卖盘
09:44:42	10.24	0.02	20	20480	买盘
09:44:33	10.22	--	30	30660	卖盘
09:44:24	10.22	--	8	8176	卖盘
09:44:21	10.22	0.04	2	2044	买盘
09:44:18	10.18	-0.04	1	1018	卖盘
09:44:12	10.22	0.04	69	70518	买盘
09:44:09	10.18	-0.04	18	18324	卖盘
09:44:03	10.22	-0.02	4	4088	买盘
09:43:48	10.24	--	26	26624	卖盘
09:43:45	10.24	--	52	53248	买盘
09:43:33	10.24	0.02	9	9216	买盘
09:43:21	10.22	--	79	80738	卖盘
09:43:18	10.22	0.01	53	54166	买盘
09:43:03	10.21	--	20	20420	买盘
09:42:48	10.21	0.01	68	69428	买盘
09:42:42	10.2	0.02	44	44880	买盘
09:42:39	10.18	--	1	1018	卖盘
09:42:33	10.18	-0.01	4	4072	中性盘
09:42:03	10.19	0.01	10	10190	买盘
09:42:00	10.18	--	5	5090	买盘
09:41:51	10.18	-0.01	6	6108	卖盘
09:41:45	10.19	--	16	16304	买盘
09:41:33	10.19	-0.01	42	42798	卖盘
09:41:24	10.2	--	19	19380	买盘
09:41:15	10.2	--	18	18360	买盘
09:40:57	10.2	0.02	50	51000	买盘
09:40:45	10.18	-0.02	56	57008	卖盘
09:40:36	10.2	0.03	18	18360	买盘
09:40:24	10.17	-0.03	1	1017	卖盘
09:40:18	10.2	--	10	10200	买盘
09:40:15	10.2	--	1	1019	买盘
09:40:03	10.2	--	48	48960	买盘
09:39:54	10.2	0.01	6	6120	买盘
09:39:42	10.19	0.02	3	3057	买盘
09:39:36	10.17	0.01	1	1017	卖盘
09:39:33	10.16	--	321	326136	卖盘
09:39:27	10.16	--	41	41656	卖盘
09:39:24	10.16	--	108	110134	买盘
09:39:21	10.16	--	10	10160	买盘
09:39:03	10.16	--	2	2032	买盘
09:38:57	10.16	-0.03	13	13208	卖盘
09:38:51	10.19	--	160	163040	买盘
09:38:27	10.19	--	5	5095	买盘
09:38:24	10.19	0.04	5	5095	买盘
09:38:18	10.15	-0.03	93	94395	卖盘
09:38:15	10.18	0.01	8	8144	买盘
09:38:12	10.17	-0.01	5	5085	卖盘
09:38:03	10.18	0.02	2	2036	买盘
09:37:51	10.16	--	2	2032	买盘
09:37:48	10.16	--	8	8128	买盘
09:37:45	10.16	-0.03	90	91440	卖盘
09:37:42	10.19	--	44	44836	买盘
09:37:30	10.19	0.03	10	10190	买盘
09:37:27	10.16	-0.03	20	20320	中性盘
09:37:15	10.19	--	17	17323	卖盘
09:37:03	10.19	0.04	46	46874	买盘
09:36:45	10.15	-0.04	97	98455	卖盘
09:36:42	10.19	--	6	6114	卖盘
09:36:39	10.19	--	8	8152	卖盘
09:36:30	10.19	0.01	11	11209	卖盘
09:36:27	10.18	--	8	8144	卖盘
09:36:24	10.18	-0.02	48	48864	卖盘
09:36:21	10.2	0.02	26	26519	买盘
09:36:18	10.18	0.01	7	7126	买盘
09:36:00	10.17	-0.03	13	13221	卖盘
09:35:57	10.2	--	20	20400	买盘
09:35:45	10.2	--	14	14279	卖盘
09:35:42	10.2	--	27	27539	卖盘
09:35:33	10.2	-0.01	32	32639	卖盘
09:35:30	10.21	--	13	13273	买盘
09:35:27	10.21	--	12	12252	买盘
09:35:24	10.21	--	2	2042	买盘
09:35:21	10.21	--	16	16336	买盘
09:35:15	10.21	--	48	49008	卖盘
09:35:09	10.21	-0.02	20	21400	卖盘
09:35:06	10.23	--	14	14322	卖盘
09:35:03	10.23	--	22	22506	卖盘
09:35:00	10.23	--	4	4132	卖盘
09:34:57	10.23	--	62	63426	卖盘
09:34:54	10.23	-0.02	20	20460	卖盘
09:34:51	10.25	--	15	15375	买盘
09:34:48	10.25	-0.02	20	20500	卖盘
09:34:45	10.27	--	77	79079	买盘
09:34:42	10.27	--	36	36972	买盘
09:34:39	10.27	--	242	249150	卖盘
09:34:36	10.27	-0.01	24	24648	卖盘
09:34:30	10.28	0.02	160	164891	买盘
09:34:24	10.26	0.01	130	133380	买盘
09:34:21	10.25	0.01	49	50225	买盘
09:34:18	10.24	--	10	10240	卖盘
09:34:15	10.24	-0.01	30	30720	卖盘
09:34:12	10.25	0.02	184	188600	买盘
09:34:06	10.23	-0.01	71	72633	卖盘
09:34:03	10.24	0.01	52	53248	买盘
09:34:00	10.23	--	18	18414	卖盘
09:33:57	10.23	--	126	128898	卖盘
09:33:54	10.23	0.01	95	97185	买盘
09:33:51	10.22	-0.01	12	12264	中性盘
09:33:48	10.23	--	10	10230	买盘
09:33:45	10.23	0.02	276	282348	买盘
09:33:42	10.21	-0.02	4	4084	卖盘
09:33:39	10.23	--	5	5115	买盘
09:33:36	10.23	0.02	34	34782	买盘
09:33:33	10.21	0.04	48	49008	买盘
09:33:30	10.17	-0.06	310	315270	卖盘
09:33:27	10.23	--	30	30690	买盘
09:33:24	10.23	--	10	10230	买盘
09:33:21	10.23	0.03	160	163680	买盘
09:33:18	10.2	0.02	45	45900	买盘
09:33:09	10.18	0.01	10	10180	买盘
09:33:00	10.17	--	4	4068	买盘
09:32:54	10.17	0.01	6	6102	买盘
09:32:51	10.16	--	141	143256	买盘
09:32:48	10.16	0.01	6	6096	买盘
09:32:45	10.15	--	3	3045	卖盘
09:32:42	10.15	--	38	38570	买盘
09:32:39	10.15	0.01	3	3045	买盘
09:32:33	10.14	--	6	6084	买盘
09:32:30	10.14	0.01	20	20280	买盘
09:32:27	10.13	-0.01	2	2026	卖盘
09:32:24	10.14	0.01	25	25350	买盘
09:32:18	10.13	--	112	113456	卖盘
09:32:09	10.13	--	29	29377	买盘
09:31:57	10.13	--	13	13169	卖盘
09:31:54	10.13	--	30	30390	买盘
09:31:51	10.13	--	20	20260	买盘
09:31:30	10.13	0.02	30	30390	买盘
09:31:24	10.11	-0.03	5	5055	卖盘
09:31:18	10.14	0.03	7	7098	买盘
09:31:09	10.11	0.01	4	4044	中性盘
09:30:51	10.1	-0.04	72	72720	卖盘
09:30:48	10.14	--	50	50700	买盘
09:30:42	10.14	0.04	5	5070	买盘
09:30:39	10.1	-0.04	2	2020	卖盘
09:30:21	10.14	-0.01	2	2028	卖盘
09:30:15	10.15	--	40	40600	买盘
09:30:09	10.15	0.05	36	36540	买盘
09:30:03	10.1	0.01	231	233310	中性盘
09:30:00	10.09	--	0	0	卖盘
09:25:03	10.09	10.09	79	79711	买盘
