成交时间	成交价	价格变动	成交量(手)	成交额(元)	性质
15:00:03	7.51	0.02	19617	14732742	买盘
14:57:00	7.49	-0.01	116	86884	卖盘
14:56:57	7.5	0.01	10	7500	买盘
14:56:54	7.49	--	100	74900	卖盘
14:56:51	7.49	--	850	636650	卖盘
14:56:48	7.49	-0.01	113	84637	卖盘
14:56:45	7.5	--	153	114750	买盘
14:56:42	7.5	0.01	62	46500	买盘
14:56:39	7.49	-0.01	99	74151	卖盘
14:56:36	7.5	--	25	18750	买盘
14:56:33	7.5	0.01	232	174000	买盘
14:56:30	7.49	--	28	20972	卖盘
14:56:27	7.49	-0.01	79	59171	卖盘
14:56:24	7.5	--	108	81000	买盘
14:56:21	7.5	--	178	133500	买盘
14:56:18	7.5	--	95	71250	买盘
14:56:15	7.5	0.01	21	15750	买盘
14:56:12	7.49	-0.01	50	37450	卖盘
14:56:09	7.5	0.01	297	222750	买盘
14:56:06	7.49	-0.01	9	6741	卖盘
14:56:03	7.5	0.01	9	6750	买盘
14:56:00	7.49	-0.01	67	50183	卖盘
14:55:57	7.5	-0.01	18	13500	买盘
14:55:51	7.51	0.01	158	118658	买盘
14:55:48	7.5	--	2	1500	中性盘
14:55:45	7.5	--	45	33750	卖盘
14:55:42	7.5	0.01	71	53250	买盘
14:55:39	7.49	-0.01	146	109354	卖盘
14:55:36	7.5	--	150	112500	卖盘
14:55:33	7.5	-0.01	13	9750	中性盘
14:55:30	7.51	0.01	166	124666	买盘
14:55:27	7.5	--	12	9000	买盘
14:55:24	7.5	-0.01	9	6750	中性盘
14:55:21	7.51	0.01	250	187750	买盘
14:55:18	7.5	-0.01	1988	1491000	卖盘
14:55:15	7.51	0.01	300	225300	买盘
14:55:12	7.5	--	4	3000	卖盘
14:55:09	7.5	--	93	69750	卖盘
14:55:06	7.5	--	91	68250	卖盘
14:55:03	7.5	--	19	14250	卖盘
14:55:00	7.5	--	859	644250	卖盘
14:54:57	7.5	--	98	73500	卖盘
14:54:54	7.5	--	14	10507	卖盘
14:54:51	7.5	--	30	22500	卖盘
14:54:48	7.5	--	113	84750	卖盘
14:54:45	7.5	--	92	69000	卖盘
14:54:42	7.5	-0.01	68	51000	卖盘
14:54:39	7.51	--	56	42056	买盘
14:54:36	7.51	0.01	122	91622	买盘
14:54:33	7.5	--	7	5250	卖盘
14:54:30	7.5	--	34	25500	卖盘
14:54:27	7.5	-0.01	350	262500	卖盘
14:54:24	7.51	--	197	147947	买盘
14:54:21	7.51	0.01	1	751	买盘
14:54:18	7.5	--	1039	779250	卖盘
14:54:15	7.5	-0.01	18	13500	卖盘
14:54:12	7.51	0.01	189	141939	买盘
14:54:09	7.5	--	211	158250	卖盘
14:54:06	7.5	-0.01	221	165750	卖盘
14:54:03	7.51	0.01	91	68341	买盘
14:54:00	7.5	--	239	179250	卖盘
14:53:57	7.5	--	30	22500	卖盘
14:53:51	7.5	--	53	39750	卖盘
14:53:48	7.5	--	65	48750	卖盘
14:53:45	7.5	--	28	21000	卖盘
14:53:42	7.5	--	35	26250	卖盘
14:53:39	7.5	--	470	352500	卖盘
14:53:33	7.5	-0.01	80	60000	卖盘
14:53:30	7.51	0.01	71	53321	买盘
14:53:27	7.5	--	100	75000	卖盘
14:53:24	7.5	--	78	58500	卖盘
14:53:21	7.5	0.01	342	256882	买盘
14:53:18	7.49	-0.01	2	1498	卖盘
14:53:15	7.5	0.01	15	11250	买盘
14:53:12	7.49	-0.01	24	17976	卖盘
14:53:09	7.5	--	130	97500	买盘
14:53:06	7.5	--	11	8250	买盘
14:53:03	7.5	--	20	15000	买盘
14:53:00	7.5	--	26	19500	买盘
14:52:57	7.5	0.01	113	84750	买盘
14:52:54	7.49	-0.01	50	37450	卖盘
14:52:51	7.5	--	15	11250	买盘
14:52:48	7.5	--	515	386250	买盘
14:52:45	7.5	0.01	152	114000	买盘
14:52:39	7.49	-0.01	45	33705	卖盘
14:52:33	7.5	--	8	6000	买盘
14:52:30	7.5	0.01	64	48000	买盘
14:52:27	7.49	-0.01	43	32207	卖盘
14:52:24	7.5	--	158	118500	买盘
14:52:21	7.5	0.01	1	750	买盘
14:52:18	7.49	-0.01	21	15729	卖盘
14:52:15	7.5	0.01	85	63750	买盘
14:52:12	7.49	--	1379	1032871	卖盘
14:52:09	7.49	--	45	33705	卖盘
14:52:06	7.49	-0.01	20	14980	卖盘
14:52:03	7.5	--	12	9000	买盘
14:52:00	7.5	--	76	57367	卖盘
14:51:57	7.5	-0.01	105	79132	卖盘
14:51:54	7.51	--	29	21779	买盘
14:51:51	7.51	0.01	30	22530	买盘
14:51:48	7.5	--	21	15750	卖盘
14:51:45	7.5	--	35	26250	卖盘
14:51:42	7.5	-0.01	246	184500	中性盘
14:51:39	7.51	0.01	212	159212	买盘
14:51:36	7.5	--	5	3750	买盘
14:51:30	7.5	--	10	7500	买盘
14:51:27	7.5	--	425	318750	卖盘
14:51:21	7.5	--	105	78750	卖盘
14:51:18	7.5	--	24	18000	卖盘
14:51:15	7.5	--	33	24750	卖盘
14:51:12	7.5	--	632	474000	买盘
14:51:09	7.5	--	15	11250	买盘
14:51:06	7.5	0.01	48	36000	买盘
14:51:00	7.49	--	4	2996	卖盘
14:50:54	7.49	-0.01	10	7490	卖盘
14:50:51	7.5	--	40	30000	买盘
14:50:48	7.5	0.01	58	43500	买盘
14:50:45	7.49	-0.01	64	47936	卖盘
14:50:42	7.5	--	11	8250	买盘
14:50:39	7.5	--	355	266250	买盘
14:50:36	7.5	--	14	10500	买盘
14:50:33	7.5	--	205	153750	买盘
14:50:24	7.5	-0.01	100	75000	卖盘
14:50:21	7.51	0.01	57	43535	买盘
14:50:18	7.5	-0.01	51	38250	卖盘
14:50:15	7.51	0.01	45	33795	买盘
14:50:12	7.5	-0.01	1	750	卖盘
14:50:09	7.51	0.01	28	21028	买盘
14:50:06	7.5	--	20	15000	卖盘
14:50:00	7.5	--	331	248250	卖盘
14:49:57	7.5	--	61	45750	卖盘
14:49:54	7.5	-0.01	61	45750	卖盘
14:49:51	7.51	0.01	13	9763	买盘
14:49:48	7.5	--	23	17250	卖盘
14:49:45	7.5	--	32	24000	卖盘
14:49:42	7.5	--	110	82500	卖盘
14:49:36	7.5	-0.01	209	156750	卖盘
14:49:33	7.51	0.01	25	18775	买盘
14:49:30	7.5	--	14	10500	卖盘
14:49:27	7.5	--	442	331500	卖盘
14:49:24	7.5	-0.01	135	101250	卖盘
14:49:15	7.51	0.01	2	1502	买盘
14:49:12	7.5	-0.01	100	75000	卖盘
14:49:09	7.51	0.01	24	18024	买盘
14:49:06	7.5	0.01	1358	1018522	买盘
14:49:00	7.49	-0.01	10	7490	卖盘
14:48:57	7.5	0.01	7	5250	买盘
14:48:54	7.49	--	9	6741	卖盘
14:48:45	7.49	--	8	5992	卖盘
14:48:42	7.49	--	20	14980	卖盘
14:48:36	7.49	--	16	11984	卖盘
14:48:33	7.49	--	2	1498	卖盘
14:48:24	7.49	-0.01	580	434420	卖盘
14:48:21	7.5	--	10	7500	买盘
14:48:15	7.5	0.02	2	1500	买盘
14:48:06	7.48	-0.01	115	86020	卖盘
14:48:03	7.49	--	90	67410	卖盘
14:48:00	7.49	--	16	11984	卖盘
14:47:57	7.49	-0.01	11	8239	卖盘
14:47:54	7.5	--	24	18000	买盘
14:47:51	7.5	0.01	3	2250	买盘
14:47:48	7.49	--	61	45689	卖盘
14:47:45	7.49	-0.01	20	14980	卖盘
14:47:39	7.5	--	4	3000	买盘
14:47:36	7.5	--	180	135000	买盘
14:47:33	7.5	--	10	7500	买盘
14:47:30	7.5	--	15	11250	买盘
14:47:24	7.5	--	81	61485	卖盘
14:47:18	7.5	--	1	750	卖盘
14:47:15	7.5	--	9	6750	卖盘
14:47:12	7.5	--	69	51765	卖盘
14:47:09	7.5	--	100	75000	卖盘
14:47:06	7.5	--	166	124500	卖盘
14:47:03	7.5	--	19	14250	卖盘
14:47:00	7.5	--	40	30000	卖盘
14:46:57	7.5	--	26	19500	卖盘
14:46:51	7.5	--	100	75000	卖盘
14:46:48	7.5	-0.01	20	15000	卖盘
14:46:45	7.51	0.01	7	5257	买盘
14:46:42	7.5	--	263	197250	买盘
14:46:39	7.5	--	5	3750	买盘
14:46:36	7.5	--	59	44250	买盘
14:46:33	7.5	0.01	20	15000	买盘
14:46:30	7.49	--	500	374500	卖盘
14:46:27	7.49	--	111	83139	卖盘
14:46:24	7.49	--	16	11984	卖盘
14:46:21	7.49	--	60	44940	卖盘
14:46:18	7.49	--	22	16478	卖盘
14:46:15	7.49	--	25	18725	卖盘
14:46:12	7.49	--	82	61418	买盘
14:46:06	7.49	--	2167	1623083	买盘
14:46:03	7.49	--	90	67410	买盘
14:45:57	7.49	--	19	14231	买盘
14:45:54	7.49	--	40	29960	卖盘
14:45:51	7.49	-0.01	65	48685	卖盘
14:45:48	7.5	0.01	34	25500	买盘
14:45:45	7.49	--	17	12733	卖盘
14:45:42	7.49	0.01	60	44940	中性盘
14:45:36	7.48	-0.02	122	91256	卖盘
14:45:33	7.5	0.01	16	12000	买盘
14:45:27	7.49	--	12	8988	买盘
14:45:24	7.49	--	10107	7570143	卖盘
14:45:18	7.49	-0.01	1507	1128743	卖盘
14:45:12	7.5	0.01	1	750	买盘
14:45:09	7.49	--	220	164780	卖盘
14:45:06	7.49	-0.01	141	105609	卖盘
14:45:03	7.5	0.01	59	44250	买盘
14:44:57	7.49	--	130	97370	卖盘
14:44:54	7.49	--	73	54677	卖盘
14:44:51	7.49	-0.01	5	3745	卖盘
14:44:48	7.5	0.01	11	8250	买盘
14:44:45	7.49	--	67	50183	卖盘
14:44:42	7.49	--	9	6741	卖盘
14:44:39	7.49	--	41	30709	卖盘
14:44:36	7.49	0.01	392	294327	买盘
14:44:33	7.48	--	20	14960	卖盘
14:44:30	7.48	-0.01	60	44880	卖盘
14:44:27	7.49	--	42	31458	买盘
14:44:24	7.49	--	403	301847	买盘
14:44:21	7.49	0.01	208	155792	买盘
14:44:18	7.48	--	200	149600	卖盘
14:44:15	7.48	--	20	14960	卖盘
14:44:12	7.48	-0.01	10	7480	卖盘
14:44:09	7.49	0.01	30	22470	买盘
14:44:06	7.48	--	82	61336	卖盘
14:44:03	7.48	--	309	231872	买盘
14:44:00	7.48	--	217	162323	卖盘
14:43:57	7.48	--	74	55352	卖盘
14:43:51	7.48	--	102	77036	卖盘
14:43:48	7.48	--	560	418880	卖盘
14:43:45	7.48	--	69	51612	卖盘
14:43:42	7.48	-0.01	7	5236	卖盘
14:43:39	7.49	--	65	48685	买盘
14:43:36	7.49	0.01	613	459137	买盘
14:43:27	7.48	-0.01	15	11220	卖盘
14:43:24	7.49	--	151	113099	买盘
14:43:15	7.49	--	120	89880	买盘
14:43:12	7.49	--	314	235215	卖盘
14:43:09	7.49	--	181	135569	卖盘
14:43:06	7.49	-0.01	75	56175	卖盘
14:43:03	7.5	--	101	75750	买盘
14:43:00	7.5	0.01	36	27000	买盘
14:42:57	7.49	--	30	22470	卖盘
14:42:54	7.49	--	32	23968	卖盘
14:42:51	7.49	--	5	3745	卖盘
14:42:48	7.49	-0.01	17	12733	卖盘
14:42:45	7.5	--	47	35250	买盘
14:42:42	7.5	0.01	98	73500	买盘
14:42:36	7.49	--	10	7490	卖盘
14:42:33	7.49	--	85	63665	卖盘
14:42:30	7.49	--	7	5243	卖盘
14:42:27	7.49	-0.01	9	6741	卖盘
14:42:24	7.5	--	174	130500	卖盘
14:42:21	7.5	-0.01	30	22500	卖盘
14:42:18	7.51	0.01	10	7510	买盘
14:42:15	7.5	-0.01	618	463500	卖盘
14:42:12	7.51	0.01	96	72096	买盘
14:42:09	7.5	-0.01	124	93000	卖盘
14:42:06	7.51	--	84	63084	卖盘
14:42:03	7.51	--	20	15020	卖盘
14:42:00	7.51	0.01	36	27036	买盘
14:41:57	7.5	--	7	5250	卖盘
14:41:54	7.5	-0.01	62	46500	卖盘
14:41:51	7.51	0.01	30	22530	买盘
14:41:45	7.5	--	200	150000	卖盘
14:41:36	7.5	--	44	33000	卖盘
14:41:33	7.5	-0.01	85	63750	卖盘
14:41:30	7.51	-0.01	23	17273	卖盘
14:41:27	7.52	--	6	4512	买盘
14:41:24	7.52	--	15	11280	买盘
14:41:18	7.52	--	170	128208	卖盘
14:41:15	7.52	--	146	109792	卖盘
14:41:12	7.52	--	116	87232	卖盘
14:41:09	7.52	--	89	66928	卖盘
14:41:06	7.52	--	116	87232	卖盘
14:41:03	7.52	--	55	41367	卖盘
14:41:00	7.52	--	144	108288	卖盘
14:40:57	7.52	--	27	20304	卖盘
14:40:54	7.52	--	70	52640	卖盘
14:40:51	7.52	--	561	421872	卖盘
14:40:48	7.52	--	59	44368	卖盘
14:40:45	7.52	--	155	116560	卖盘
14:40:42	7.52	--	28	21056	卖盘
14:40:36	7.52	--	98	73696	卖盘
14:40:33	7.52	--	35	26320	卖盘
14:40:30	7.52	0.02	248	186872	买盘
14:40:27	7.5	--	30	22500	卖盘
14:40:24	7.5	--	29	21750	卖盘
14:40:18	7.5	0.01	49	36750	买盘
14:40:09	7.49	--	64	47936	卖盘
14:40:06	7.49	-0.01	58	43442	卖盘
14:40:03	7.5	--	55	41250	卖盘
14:40:00	7.5	--	20	15000	卖盘
14:39:57	7.5	-0.02	10	7500	卖盘
14:39:54	7.52	0.02	84	63168	买盘
14:39:51	7.5	--	10	7500	卖盘
14:39:48	7.5	-0.02	18	13500	卖盘
14:39:45	7.52	--	3	2256	买盘
14:39:42	7.52	0.02	215	161680	买盘
14:39:39	7.5	-0.02	6000	4500000	卖盘
14:39:33	7.52	--	341	256807	卖盘
14:39:30	7.52	--	7	5264	卖盘
14:39:27	7.52	-0.01	10	7520	卖盘
14:39:21	7.53	0.01	82	61746	买盘
14:39:18	7.52	--	85	63920	卖盘
14:39:15	7.52	--	13	9776	卖盘
14:39:12	7.52	--	7	5264	卖盘
14:39:09	7.52	-0.01	48	36096	卖盘
14:39:06	7.53	0.01	127	95631	买盘
14:38:57	7.52	-0.01	23	17296	卖盘
14:38:54	7.53	0.01	37	27861	买盘
14:38:48	7.52	-0.01	30	22560	卖盘
14:38:42	7.53	0.01	258	194274	买盘
14:38:39	7.52	--	200	150400	卖盘
14:38:36	7.52	-0.01	7	5264	卖盘
14:38:33	7.53	--	2	1506	买盘
14:38:24	7.53	0.01	100	75300	买盘
14:38:21	7.52	--	133	100016	卖盘
14:38:18	7.52	--	16	12107	卖盘
14:38:15	7.52	--	14	10528	卖盘
14:38:12	7.52	--	18	13536	卖盘
14:38:09	7.52	--	64	48128	卖盘
14:38:06	7.52	-0.01	37	28124	中性盘
14:38:03	7.53	0.02	11	8283	买盘
14:38:00	7.51	-0.02	7	5257	卖盘
14:37:54	7.53	0.01	362	272586	买盘
14:37:48	7.52	--	3	2256	买盘
14:37:45	7.52	--	32	24064	买盘
14:37:42	7.52	--	29	21808	买盘
14:37:39	7.52	0.01	11	8272	买盘
14:37:33	7.51	--	2	1502	卖盘
14:37:30	7.51	--	9	6759	卖盘
14:37:27	7.51	--	230	172730	卖盘
14:37:24	7.51	--	24	18024	卖盘
14:37:18	7.51	-0.01	1	1449	卖盘
14:37:15	7.52	0.01	126	94752	买盘
14:37:12	7.51	--	10	7510	卖盘
14:37:09	7.51	--	234	175734	卖盘
14:37:06	7.51	-0.01	183	137433	卖盘
14:37:00	7.52	0.01	132	99264	买盘
14:36:57	7.51	-0.01	505	379255	卖盘
14:36:51	7.52	0.01	30	22560	买盘
14:36:48	7.51	-0.01	27	20277	卖盘
14:36:45	7.52	-0.01	214	160935	卖盘
14:36:42	7.53	0.01	24	18072	买盘
14:36:36	7.52	--	6	4512	卖盘
14:36:33	7.52	--	60	45120	卖盘
14:36:30	7.52	--	30	22560	卖盘
14:36:27	7.52	-0.01	25	18800	卖盘
14:36:24	7.53	--	45	33885	买盘
14:36:18	7.53	0.01	9	6777	买盘
14:36:15	7.52	--	82	61664	卖盘
14:36:12	7.52	--	8	6715	卖盘
14:36:09	7.52	--	64	48128	卖盘
14:36:06	7.52	-0.01	42	31584	卖盘
14:36:03	7.53	--	663	499239	买盘
14:35:57	7.53	0.01	10	7530	买盘
14:35:54	7.52	--	7	5264	卖盘
14:35:45	7.52	--	12	9024	卖盘
14:35:42	7.52	-0.01	50	37600	卖盘
14:35:39	7.53	--	60	45180	买盘
14:35:36	7.53	0.01	76	57228	买盘
14:35:33	7.52	--	29	21808	卖盘
14:35:30	7.52	--	88	66176	卖盘
14:35:27	7.52	--	0	203	卖盘
14:35:18	7.52	-0.01	779	585808	卖盘
14:35:15	7.53	--	2	2206	卖盘
14:35:09	7.53	--	48	36144	卖盘
14:35:06	7.53	0.02	2215	1668542	买盘
14:35:03	7.51	--	172	129172	卖盘
14:35:00	7.51	--	23	17273	卖盘
14:34:57	7.51	--	7	5257	卖盘
14:34:51	7.51	--	312	234312	买盘
14:34:48	7.51	--	250	187750	买盘
14:34:45	7.51	0.01	38	28538	买盘
14:34:42	7.5	-0.02	7	5250	卖盘
14:34:39	7.52	0.02	98	73696	买盘
14:34:36	7.5	--	20	15000	卖盘
14:34:33	7.5	-0.02	45	33750	卖盘
14:34:30	7.52	--	20	15040	买盘
14:34:27	7.52	0.01	257	193264	买盘
14:34:24	7.51	-0.01	13	10461	中性盘
14:34:21	7.52	--	9065	6816880	买盘
14:34:18	7.52	--	30	22560	买盘
14:34:09	7.52	0.01	66	49632	买盘
14:34:06	7.51	--	73	54823	卖盘
14:33:54	7.51	--	0	22	卖盘
14:33:48	7.51	-0.01	8	6008	卖盘
14:33:45	7.52	-0.01	11	8272	卖盘
14:33:42	7.53	0.02	35	26355	买盘
14:33:33	7.51	-0.01	25	18775	卖盘
14:33:30	7.52	0.01	50	37600	买盘
14:33:27	7.51	--	50	37550	卖盘
14:33:24	7.51	--	171	129119	卖盘
14:33:21	7.51	-0.01	28	21028	卖盘
14:33:18	7.52	--	13	9776	卖盘
14:33:15	7.52	--	81	60912	买盘
14:33:12	7.52	--	12	9024	买盘
14:33:09	7.52	0.01	1	752	卖盘
14:33:06	7.51	-0.01	101	75851	卖盘
14:33:03	7.52	--	17	13152	买盘
14:33:00	7.52	--	28	21056	买盘
14:32:57	7.52	--	116	87232	买盘
14:32:54	7.52	0.01	17	12784	买盘
14:32:51	7.51	-0.01	98	73598	卖盘
14:32:45	7.52	0.01	2	1504	买盘
14:32:42	7.51	-0.01	347	260597	卖盘
14:32:39	7.52	0.01	38	28576	买盘
14:32:36	7.51	--	7	5257	卖盘
14:32:21	7.51	-0.01	25	19473	卖盘
14:32:18	7.52	--	79	59408	买盘
14:32:15	7.52	--	65	48880	买盘
14:32:12	7.52	0.01	23	17296	买盘
14:32:09	7.51	-0.01	72	54072	卖盘
14:32:06	7.52	--	260	195520	买盘
14:32:03	7.52	0.01	11	8272	买盘
14:32:00	7.51	--	100	75100	卖盘
14:31:57	7.51	--	37	27787	卖盘
14:31:54	7.51	-0.01	61	45811	卖盘
14:31:48	7.52	0.01	11	8272	买盘
14:31:45	7.51	-0.01	21	15771	卖盘
14:31:42	7.52	0.01	48	36096	买盘
14:31:39	7.51	-0.01	254	190754	卖盘
14:31:36	7.52	--	11	8272	买盘
14:31:33	7.52	0.01	11	8272	买盘
14:31:30	7.51	--	31	23979	卖盘
14:31:24	7.51	--	120	90120	卖盘
14:31:21	7.51	--	8	6008	卖盘
14:31:12	7.51	-0.01	5	3755	卖盘
14:31:06	7.52	0.01	64	48128	买盘
14:31:03	7.51	--	90	68288	买盘
14:31:00	7.51	--	18	13570	卖盘
14:30:57	7.51	--	15	11963	买盘
14:30:48	7.51	--	1	751	买盘
14:30:45	7.51	--	363	272665	卖盘
14:30:42	7.51	-0.01	4	3004	卖盘
14:30:39	7.52	0.01	80	60160	买盘
14:30:30	7.51	--	10	7510	卖盘
14:30:27	7.51	--	37	27787	卖盘
14:30:24	7.51	-0.01	4	3702	卖盘
14:30:21	7.52	0.01	2	1504	买盘
14:30:18	7.51	--	110	82610	卖盘
14:30:15	7.51	--	20	15020	卖盘
14:30:09	7.51	--	48	36048	卖盘
14:30:06	7.51	--	44	33044	买盘
14:30:00	7.51	0.01	11	8261	中性盘
14:29:57	7.5	-0.01	116	87000	卖盘
14:29:54	7.51	--	4	3004	卖盘
14:29:51	7.51	--	50	37550	卖盘
14:29:48	7.51	--	9	6759	卖盘
14:29:45	7.51	--	59	44309	卖盘
14:29:42	7.51	--	2	1502	卖盘
14:29:39	7.51	--	94	70594	卖盘
14:29:36	7.51	--	20	15020	卖盘
14:29:33	7.51	--	10	8208	卖盘
14:29:30	7.51	0.01	69	51819	中性盘
14:29:21	7.5	--	135	101250	卖盘
14:29:18	7.5	-0.01	25	18750	卖盘
14:29:15	7.51	--	28	21028	买盘
14:29:12	7.51	--	39	29289	买盘
14:29:09	7.51	--	407	306040	卖盘
14:29:06	7.51	--	56	42056	卖盘
14:28:57	7.51	--	11	8261	卖盘
14:28:51	7.51	--	19	14269	卖盘
14:28:48	7.51	--	3	2253	卖盘
14:28:45	7.51	--	25	18775	卖盘
14:28:42	7.51	0.01	41	31158	买盘
14:28:39	7.5	--	3707	2780250	卖盘
14:28:36	7.5	-0.01	10	8197	卖盘
14:28:33	7.51	0.01	137	102887	买盘
14:28:30	7.5	--	1	750	卖盘
14:28:27	7.5	--	29	21750	卖盘
14:28:24	7.5	--	56	42000	卖盘
14:28:21	7.5	--	430	322500	卖盘
14:28:18	7.5	-0.01	39	29250	卖盘
14:28:15	7.51	--	28	21028	买盘
14:28:12	7.51	0.01	37	27787	买盘
14:28:09	7.5	--	57	42750	卖盘
14:28:06	7.5	-0.01	34	25500	卖盘
14:28:03	7.51	-0.01	1555	1168188	卖盘
14:27:54	7.52	-0.01	9	6768	卖盘
14:27:51	7.53	0.01	5	3765	买盘
14:27:48	7.52	--	3	2256	卖盘
14:27:42	7.52	--	6	4512	卖盘
14:27:39	7.52	--	10	8219	卖盘
14:27:36	7.52	-0.01	2	1504	卖盘
14:27:33	7.53	0.01	5	3765	买盘
14:27:27	7.52	-0.01	65	48880	卖盘
14:27:24	7.53	--	27	20436	卖盘
14:27:18	7.53	--	500	376500	卖盘
14:27:15	7.53	-0.01	35	26355	卖盘
14:27:12	7.54	0.01	10	7540	买盘
14:27:09	7.53	-0.01	168	126556	卖盘
14:27:06	7.54	--	10	7540	卖盘
14:27:03	7.54	--	34	25636	卖盘
14:26:57	7.54	--	20	15080	卖盘
14:26:45	7.54	-0.01	9	6786	卖盘
14:26:36	7.55	0.01	3	2265	买盘
14:26:33	7.54	--	1	1455	卖盘
14:26:30	7.54	--	9	6786	卖盘
14:26:27	7.54	-0.02	15	11310	卖盘
14:26:24	7.56	0.02	51	38556	买盘
14:26:15	7.54	--	21	15834	卖盘
14:26:09	7.54	--	48	36192	卖盘
14:26:06	7.54	--	57	42978	卖盘
14:26:03	7.54	-0.01	9	6786	卖盘
14:26:00	7.55	0.01	16	12080	买盘
14:25:51	7.54	--	1	754	卖盘
14:25:48	7.54	--	9	6786	卖盘
14:25:45	7.54	--	2	1508	卖盘
14:25:42	7.54	0.01	5	3770	卖盘
14:25:36	7.53	--	1	1453	卖盘
14:25:33	7.53	-0.03	494	371982	卖盘
14:25:30	7.56	--	11	8316	买盘
14:25:27	7.56	0.03	179	135324	买盘
14:25:24	7.53	-0.01	40	30120	卖盘
14:25:21	7.54	0.01	234	176436	买盘
14:25:18	7.53	-0.02	9	6777	卖盘
14:25:12	7.55	0.02	130	98150	买盘
14:25:09	7.53	-0.01	32	24096	卖盘
14:25:06	7.54	--	41	30914	卖盘
14:25:03	7.54	-0.02	71	53534	卖盘
14:25:00	7.56	--	4	3024	买盘
14:24:57	7.56	0.01	204	154224	买盘
14:24:54	7.55	--	45	33975	买盘
14:24:51	7.55	0.02	78	58890	买盘
14:24:48	7.53	-0.02	15	11295	卖盘
14:24:45	7.55	0.02	11	8305	买盘
14:24:42	7.53	--	113	85089	卖盘
14:24:39	7.53	--	20	15060	卖盘
14:24:36	7.53	--	12	9736	卖盘
14:24:33	7.53	--	30	22590	卖盘
14:24:30	7.53	0.01	114	85842	买盘
14:24:24	7.52	-0.01	9	6768	卖盘
14:24:21	7.53	0.01	15	11995	买盘
14:24:18	7.52	--	68	51136	买盘
14:24:15	7.52	-0.01	31	23364	卖盘
14:24:12	7.53	0.01	11	8283	买盘
14:24:09	7.52	-0.04	41	30832	卖盘
14:24:06	7.56	0.04	17	12852	买盘
14:24:03	7.52	-0.03	45	33840	卖盘
14:24:00	7.55	--	7	5285	卖盘
14:23:57	7.55	0.03	115	87527	买盘
14:23:54	7.52	--	9	6768	卖盘
14:23:45	7.52	-0.01	94	70688	卖盘
14:23:36	7.53	-0.01	14	10542	卖盘
14:23:33	7.54	--	1	754	买盘
14:23:30	7.54	--	22	16588	卖盘
14:23:27	7.54	--	10	7540	卖盘
14:23:24	7.54	--	60	45240	买盘
14:23:21	7.54	--	1	754	买盘
14:23:15	7.54	-0.01	46	34684	卖盘
14:23:12	7.55	0.04	32	24160	买盘
14:23:09	7.51	-0.03	4631	3478616	卖盘
14:23:06	7.54	0.01	1	754	卖盘
14:23:03	7.53	-0.02	151	113703	卖盘
14:23:00	7.55	0.01	11	8305	买盘
14:22:54	7.54	--	418	315172	买盘
14:22:48	7.54	0.01	132	99528	买盘
14:22:45	7.53	--	1	1453	卖盘
14:22:42	7.53	-0.01	85	64005	卖盘
14:22:39	7.54	0.01	132	99528	买盘
14:22:36	7.53	-0.01	535	402855	卖盘
14:22:33	7.54	-0.02	73	55042	卖盘
14:22:27	7.56	0.01	21	15876	买盘
14:22:24	7.55	0.01	10	7550	买盘
14:22:21	7.54	--	14	10556	卖盘
14:22:15	7.54	-0.03	104	78416	卖盘
14:22:09	7.57	0.03	219	165783	买盘
14:22:06	7.54	--	9	6786	卖盘
14:22:03	7.54	-0.01	34	25636	卖盘
14:22:00	7.55	--	1	755	买盘
14:21:57	7.55	-0.02	16	12140	卖盘
14:21:54	7.57	0.02	55	41635	买盘
14:21:51	7.55	-0.02	49	36995	卖盘
14:21:48	7.57	--	130	98410	买盘
14:21:45	7.57	0.02	13	10537	买盘
14:21:39	7.55	--	1	755	卖盘
14:21:36	7.55	-0.02	19	14345	卖盘
14:21:33	7.57	0.02	465	352005	买盘
14:21:24	7.55	-0.01	10	7550	卖盘
14:21:21	7.56	0.02	80	60480	买盘
14:21:18	7.54	--	104	78416	买盘
14:21:15	7.54	--	22	16588	买盘
14:21:12	7.54	0.01	1	754	买盘
14:21:09	7.53	-0.01	1056	795168	卖盘
14:21:06	7.54	--	55	41470	卖盘
14:21:03	7.54	0.01	84	63336	中性盘
14:20:57	7.53	--	9	6777	卖盘
14:20:54	7.53	-0.04	9	6777	卖盘
14:20:51	7.57	0.04	1000	757000	买盘
14:20:48	7.53	-0.03	10	8230	卖盘
14:20:42	7.56	--	31	23436	买盘
14:20:39	7.56	0.02	10161	7681716	买盘
14:20:33	7.54	0.01	169	127426	买盘
14:20:30	7.53	-0.01	20	15060	卖盘
14:20:27	7.54	0.01	135	101790	买盘
14:20:21	7.53	--	66	49698	卖盘
14:20:18	7.53	--	21	15813	卖盘
14:20:15	7.53	--	164	123492	卖盘
14:20:12	7.53	--	31	23343	卖盘
14:20:09	7.53	--	32	24096	卖盘
14:20:06	7.53	--	22	16566	卖盘
14:20:03	7.53	-0.01	310	233957	卖盘
14:20:00	7.54	0.01	20	15080	买盘
14:19:57	7.53	--	24	18072	卖盘
14:19:51	7.53	--	21	15813	卖盘
14:19:48	7.53	-0.01	21	16513	卖盘
14:19:45	7.54	--	23	17342	买盘
14:19:42	7.54	0.01	19	14326	买盘
14:19:39	7.53	--	43	32379	卖盘
14:19:36	7.53	--	30	22590	卖盘
14:19:33	7.53	--	60	45180	卖盘
14:19:30	7.53	--	9	6777	卖盘
14:19:27	7.53	--	80	60240	卖盘
14:19:24	7.53	--	128	96384	卖盘
14:19:21	7.53	-0.01	29	21837	卖盘
14:19:18	7.54	0.01	88	66352	买盘
14:19:15	7.53	0.01	242	182226	卖盘
14:19:12	7.52	--	141	106099	卖盘
14:19:09	7.52	-0.01	191	143632	卖盘
14:19:06	7.53	0.01	120	90360	买盘
14:19:03	7.52	--	64	48128	卖盘
14:19:00	7.52	--	11	8272	卖盘
14:18:54	7.52	--	12	9723	卖盘
14:18:51	7.52	--	19	14288	卖盘
14:18:48	7.52	-0.01	158	118816	卖盘
14:18:45	7.53	0.01	51	38403	买盘
14:18:42	7.52	--	171	128591	卖盘
14:18:36	7.52	--	100	75200	卖盘
14:18:33	7.52	--	60	45120	卖盘
14:18:30	7.52	-0.01	33	24816	卖盘
14:18:27	7.53	--	41	30873	买盘
14:18:24	7.53	0.01	30	22590	买盘
14:18:21	7.52	-0.01	64	48128	卖盘
14:18:18	7.53	--	4	3012	买盘
14:18:15	7.53	0.01	201	151353	买盘
14:18:12	7.52	--	17	12784	卖盘
14:18:09	7.52	--	64	48128	卖盘
14:18:06	7.52	--	9	6768	卖盘
14:18:03	7.52	-0.01	412	310508	卖盘
14:18:00	7.53	--	10	7530	卖盘
14:17:57	7.53	-0.01	40	30120	卖盘
14:17:54	7.54	0.01	12	9749	买盘
14:17:51	7.53	-0.01	438	329814	卖盘
14:17:48	7.54	--	64	48256	买盘
14:17:45	7.54	0.01	169	127426	买盘
14:17:39	7.53	-0.01	9	6777	卖盘
14:17:36	7.54	0.01	11	8294	买盘
14:17:33	7.53	-0.01	15	11295	卖盘
14:17:27	7.54	0.01	36	27144	买盘
14:17:24	7.53	-0.01	109	82077	卖盘
14:17:21	7.54	0.01	50	37700	买盘
14:17:18	7.53	-0.01	44	33132	卖盘
14:17:15	7.54	0.01	139	104806	买盘
14:17:12	7.53	--	18	13554	卖盘
14:17:09	7.53	--	94	70782	卖盘
14:17:06	7.53	--	86	64758	卖盘
14:17:03	7.53	--	53	39909	卖盘
14:16:57	7.53	--	21	16513	卖盘
14:16:54	7.53	--	990	745470	卖盘
14:16:51	7.53	-0.01	12	9036	卖盘
14:16:48	7.54	--	191	144014	买盘
14:16:45	7.54	0.01	23	17342	买盘
14:16:42	7.53	-0.01	57	42921	卖盘
14:16:39	7.54	0.01	1	754	买盘
14:16:36	7.53	--	5	3765	卖盘
14:16:33	7.53	--	35	26355	卖盘
14:16:27	7.53	--	9	6777	卖盘
14:16:18	7.53	-0.01	65	48945	卖盘
14:16:15	7.54	0.01	148	111592	买盘
14:16:09	7.53	--	53	39909	卖盘
14:16:06	7.53	--	374	281622	卖盘
14:16:03	7.53	-0.01	21	15813	卖盘
14:16:00	7.54	0.01	338	254852	买盘
14:15:57	7.53	--	0	225	卖盘
14:15:54	7.53	-0.01	10	7530	卖盘
14:15:51	7.54	0.01	255	192270	买盘
14:15:48	7.53	-0.01	52	39856	卖盘
14:15:45	7.54	0.01	67	50518	买盘
14:15:42	7.53	--	72	54216	卖盘
14:15:39	7.53	--	21	15813	卖盘
14:15:36	7.53	--	4	3012	卖盘
14:15:33	7.53	--	2	1506	卖盘
14:15:30	7.53	-0.01	30	22590	卖盘
14:15:27	7.54	--	10	7540	买盘
14:15:24	7.54	0.01	7	5278	买盘
14:15:21	7.53	-0.01	1	753	卖盘
14:15:18	7.54	--	10	7540	买盘
14:15:15	7.54	0.01	10	7540	买盘
14:15:12	7.53	--	1	753	卖盘
14:15:09	7.53	--	36	27108	卖盘
14:15:03	7.53	-0.01	45	33885	卖盘
14:15:00	7.54	--	161	121650	卖盘
14:14:57	7.54	--	500	377000	卖盘
14:14:54	7.54	--	45	34585	卖盘
14:14:51	7.54	-0.01	10	8241	卖盘
14:14:48	7.55	--	110	83050	买盘
14:14:45	7.55	0.01	60	45300	买盘
14:14:42	7.54	-0.01	7	5278	卖盘
14:14:36	7.55	--	40	30200	买盘
14:14:33	7.55	0.01	223	168365	买盘
14:14:30	7.54	-0.01	67	50518	卖盘
14:14:27	7.55	--	11	8305	买盘
14:14:21	7.55	0.01	50	37750	买盘
14:14:18	7.54	-0.01	104	78416	卖盘
14:14:15	7.55	0.01	107	80785	买盘
14:14:09	7.54	--	33	24882	卖盘
14:14:06	7.54	--	88	66352	卖盘
14:14:03	7.54	--	28	21112	卖盘
14:14:00	7.54	-0.01	22	16588	卖盘
14:13:57	7.55	--	22	16610	卖盘
14:13:54	7.55	-0.01	8	6742	卖盘
14:13:48	7.56	--	24	18144	买盘
14:13:45	7.56	0.01	4	3024	买盘
14:13:42	7.55	--	1011	763305	卖盘
14:13:39	7.55	--	38	28690	卖盘
14:13:36	7.55	--	10	7550	卖盘
14:13:33	7.55	0.01	40	30200	买盘
14:13:30	7.54	-0.02	7	5278	卖盘
14:13:24	7.56	0.01	1517	1146957	买盘
14:13:21	7.55	-0.01	39	29445	卖盘
14:13:18	7.56	--	46	34776	买盘
14:13:15	7.56	0.01	46	34776	买盘
14:13:12	7.55	--	27	20385	卖盘
14:13:09	7.55	--	109	82295	卖盘
14:13:06	7.55	--	27	20385	卖盘
14:13:03	7.55	--	196	147980	卖盘
14:13:00	7.55	--	27	20385	卖盘
14:12:57	7.55	--	63	48267	卖盘
14:12:54	7.55	--	390	294450	卖盘
14:12:51	7.55	-0.01	17	12835	卖盘
14:12:48	7.56	--	19	14364	买盘
14:12:45	7.56	0.01	29	21924	买盘
14:12:42	7.55	--	45	33975	卖盘
14:12:39	7.55	--	2	1510	卖盘
14:12:33	7.55	--	5	3775	卖盘
14:12:30	7.55	-0.01	17	12835	卖盘
14:12:27	7.56	--	346	261576	买盘
14:12:24	7.56	--	11	8316	买盘
14:12:21	7.56	0.01	27	20412	买盘
14:12:18	7.55	--	270	203850	卖盘
14:12:15	7.55	--	31	23405	卖盘
14:12:12	7.55	--	20	15100	卖盘
14:12:09	7.55	--	41	30955	卖盘
14:12:03	7.55	--	34	25670	卖盘
14:12:00	7.55	--	17	12835	卖盘
14:11:57	7.55	--	1	1457	卖盘
14:11:51	7.55	--	35	26425	卖盘
14:11:48	7.55	-0.01	21	15855	卖盘
14:11:45	7.56	0.01	86	65016	买盘
14:11:39	7.55	--	19	14345	卖盘
14:11:36	7.55	--	10	7550	卖盘
14:11:33	7.55	--	7	5285	卖盘
14:11:30	7.55	--	24	18120	卖盘
14:11:27	7.55	--	15	11325	卖盘
14:11:24	7.55	--	22	16610	卖盘
14:11:21	7.55	--	27	20385	卖盘
14:11:18	7.55	-0.01	27	20385	卖盘
14:11:15	7.56	0.01	81	61236	买盘
14:11:12	7.55	--	135	101925	卖盘
14:11:09	7.55	--	44	33220	卖盘
14:11:03	7.55	--	42	32412	卖盘
14:11:00	7.55	--	36	27180	卖盘
14:10:57	7.55	--	138	104190	卖盘
14:10:51	7.55	-0.01	261	197055	卖盘
14:10:48	7.56	--	63	47628	买盘
14:10:45	7.56	--	91	68796	买盘
14:10:42	7.56	--	27	20412	买盘
14:10:39	7.56	0.01	243	183708	买盘
14:10:36	7.55	--	60	45300	卖盘
14:10:30	7.55	--	10	7550	卖盘
14:10:27	7.55	--	57	43035	卖盘
14:10:24	7.55	--	2	1510	卖盘
14:10:21	7.55	--	7	5285	卖盘
14:10:18	7.55	-0.01	55	41525	卖盘
14:10:15	7.56	0.01	32	24192	买盘
14:10:12	7.55	--	20	15100	卖盘
14:10:09	7.55	--	141	106455	卖盘
14:10:03	7.55	-0.01	91	68705	卖盘
14:09:57	7.56	0.01	1	756	买盘
14:09:51	7.55	-0.01	7	5285	卖盘
14:09:48	7.56	--	64	48384	买盘
14:09:45	7.56	0.01	37	27972	买盘
14:09:42	7.55	-0.01	50	37750	卖盘
14:09:36	7.56	0.01	282	213192	买盘
14:09:33	7.55	--	5	3775	卖盘
14:09:30	7.55	--	19	14345	卖盘
14:09:27	7.55	-0.01	7	5285	卖盘
14:09:18	7.56	--	19	14364	买盘
14:09:15	7.56	0.01	38	28728	买盘
14:09:12	7.55	--	9	6795	卖盘
14:09:09	7.55	-0.01	42	31710	卖盘
14:09:06	7.56	0.01	43	32508	买盘
14:09:03	7.55	-0.01	127	95885	卖盘
14:08:57	7.56	--	300	226800	买盘
14:08:51	7.56	--	8	6048	买盘
14:08:48	7.56	--	58	43848	买盘
14:08:45	7.56	0.01	108	81648	买盘
14:08:39	7.55	-0.01	26	19630	卖盘
14:08:36	7.56	0.01	59	44604	买盘
14:08:33	7.55	--	14	10570	卖盘
14:08:30	7.55	--	399	301245	买盘
14:08:27	7.55	--	98	73990	卖盘
14:08:24	7.55	-0.01	39	29445	卖盘
14:08:21	7.56	0.01	28	21168	买盘
14:08:18	7.55	--	44	33220	卖盘
14:08:15	7.55	-0.01	182	137410	卖盘
14:08:12	7.56	--	11	8316	买盘
14:08:09	7.56	--	31	23436	买盘
14:08:06	7.56	0.01	8	6048	买盘
14:08:03	7.55	-0.01	21	15855	卖盘
14:08:00	7.56	0.01	1	756	买盘
14:07:57	7.55	-0.02	7	5285	卖盘
14:07:54	7.57	--	2	1514	买盘
14:07:51	7.57	--	39	29523	买盘
14:07:48	7.57	0.01	155	117335	买盘
14:07:45	7.56	--	373	281988	卖盘
14:07:39	7.56	-0.01	78	58968	卖盘
14:07:36	7.57	--	120	90840	买盘
14:07:33	7.57	0.02	14	10598	买盘
14:07:30	7.55	--	508	383540	卖盘
14:07:27	7.55	-0.02	72	54360	卖盘
14:07:24	7.57	0.01	32	24224	买盘
14:07:21	7.56	--	265	200340	买盘
14:07:18	7.56	--	70	52920	买盘
14:07:15	7.56	--	67	50652	买盘
14:07:12	7.56	--	7	5292	买盘
14:07:09	7.56	--	238	179928	买盘
14:07:06	7.56	0.01	6	4536	买盘
14:07:03	7.55	--	43	32465	卖盘
14:07:00	7.55	-0.02	20	15100	卖盘
14:06:57	7.57	--	7	5299	买盘
14:06:54	7.57	-0.01	8	6056	买盘
14:06:51	7.58	--	50	37900	买盘
14:06:48	7.58	0.01	87	65946	买盘
14:06:45	7.57	--	152	115064	买盘
14:06:42	7.57	--	79	59803	买盘
14:06:39	7.57	--	32	24224	买盘
14:06:36	7.57	--	64	48448	买盘
14:06:33	7.57	--	59	44663	买盘
14:06:30	7.57	--	16	12112	买盘
14:06:27	7.57	0.01	41	31037	买盘
14:06:24	7.56	0.01	173	130788	买盘
14:06:21	7.55	--	4	3020	买盘
14:06:18	7.55	--	12	9060	买盘
14:06:15	7.55	--	22	16610	买盘
14:06:12	7.55	-0.01	233	175915	卖盘
14:06:09	7.56	-0.02	98	74088	中性盘
14:06:06	7.58	0.03	183	138714	买盘
14:06:03	7.55	-0.02	177	133635	卖盘
14:06:00	7.57	--	64	48448	买盘
14:05:57	7.57	--	125	94625	买盘
14:05:54	7.57	--	59	44663	买盘
14:05:51	7.57	--	85	64345	买盘
14:05:48	7.57	--	124	93868	买盘
14:05:45	7.57	--	235	177895	买盘
14:05:42	7.57	--	141	106737	买盘
14:05:39	7.57	--	141	106737	买盘
14:05:36	7.57	--	97	73429	买盘
14:05:33	7.57	0.02	23	17411	买盘
14:05:30	7.55	-0.02	18	13590	卖盘
14:05:27	7.57	0.03	30	22710	买盘
14:05:24	7.54	-0.01	40	30160	卖盘
14:05:21	7.55	--	28	21140	买盘
14:05:18	7.55	--	29	21895	买盘
14:05:15	7.55	--	95	71725	买盘
14:05:12	7.55	--	4	3020	买盘
14:05:09	7.55	--	22	16610	买盘
14:05:06	7.55	-0.01	111	83805	中性盘
14:05:03	7.56	-0.02	252	190512	中性盘
14:05:00	7.58	--	205	155390	买盘
14:04:57	7.58	--	11	8338	买盘
14:04:54	7.58	--	245	185710	买盘
14:04:51	7.58	--	160	121280	买盘
14:04:48	7.58	0.01	477	361566	买盘
14:04:45	7.57	--	797	603329	买盘
14:04:42	7.57	0.02	317	239969	买盘
14:04:39	7.55	-0.02	213	160815	卖盘
14:04:36	7.57	--	12	9084	买盘
14:04:33	7.57	--	4	3028	买盘
14:04:30	7.57	--	407	308099	买盘
14:04:27	7.57	0.02	370	280090	买盘
14:04:24	7.55	--	9	6795	买盘
14:04:21	7.55	-0.02	16	12080	卖盘
14:04:18	7.57	--	308	233156	买盘
14:04:15	7.57	0.01	420	317940	买盘
14:04:12	7.56	--	85	64260	买盘
14:04:09	7.56	-0.01	55	41580	中性盘
14:04:06	7.57	0.01	56	42392	买盘
14:04:03	7.56	--	77	58212	买盘
14:04:00	7.56	--	35	26460	买盘
14:03:57	7.56	--	7	5292	买盘
14:03:54	7.56	--	5	3780	买盘
14:03:51	7.56	0.03	3	2268	买盘
14:03:48	7.53	-0.03	28	21084	卖盘
14:03:45	7.56	0.01	30	22680	买盘
14:03:42	7.55	-0.02	15	11325	中性盘
14:03:39	7.57	0.01	28	21196	买盘
14:03:36	7.56	0.01	82	61992	买盘
14:03:33	7.55	-0.01	81	61155	中性盘
14:03:30	7.56	--	169	127764	买盘
14:03:27	7.56	--	63	47628	买盘
14:03:24	7.56	0.01	51	38556	买盘
14:03:18	7.55	-0.02	15	11325	中性盘
14:03:15	7.57	0.02	178	134746	买盘
14:03:12	7.55	0.02	15	11325	买盘
14:03:09	7.53	-0.04	24	18072	卖盘
14:03:06	7.57	--	25	18925	买盘
14:03:03	7.57	0.02	166	125662	买盘
14:03:00	7.55	--	72	54360	卖盘
14:02:57	7.55	-0.01	173	130615	卖盘
14:02:54	7.56	--	108	81648	买盘
14:02:51	7.56	0.01	18	13608	买盘
14:02:48	7.55	--	12	9060	买盘
14:02:45	7.55	--	53	40015	卖盘
14:02:42	7.55	-0.01	3	2265	买盘
14:02:36	7.56	--	176	133056	买盘
14:02:33	7.56	--	271	204876	买盘
14:02:30	7.56	--	70	52920	买盘
14:02:27	7.56	--	164	123984	买盘
14:02:24	7.56	--	21	15876	买盘
14:02:18	7.56	--	63	47628	买盘
14:02:15	7.56	0.02	158	119448	买盘
14:02:12	7.54	0.01	49	36946	买盘
14:02:09	7.53	-0.01	23	17319	卖盘
14:02:06	7.54	-0.02	226	170404	卖盘
14:02:03	7.56	--	195	147420	买盘
14:02:00	7.56	0.01	151	114156	买盘
14:01:57	7.55	0.01	314	237070	买盘
14:01:54	7.54	--	279	210366	卖盘
14:01:48	7.54	-0.01	96	72384	卖盘
14:01:45	7.55	0.01	93	70215	买盘
14:01:39	7.54	--	6	4524	卖盘
14:01:36	7.54	--	13	9802	卖盘
14:01:30	7.54	--	10	7540	卖盘
14:01:27	7.54	--	70	52780	卖盘
14:01:24	7.54	--	1	754	卖盘
14:01:21	7.54	--	7	5278	卖盘
14:01:18	7.54	-0.01	71	53534	卖盘
14:01:15	7.55	--	63	47565	买盘
14:01:12	7.55	--	2	1510	买盘
14:01:06	7.55	--	4	3020	买盘
14:01:03	7.55	0.01	68	51340	买盘
14:00:57	7.54	--	7	5278	卖盘
14:00:54	7.54	--	10	7540	买盘
14:00:51	7.54	--	10	7540	买盘
14:00:48	7.54	--	4	3016	买盘
14:00:45	7.54	0.01	4	3016	买盘
14:00:42	7.53	--	57	42921	卖盘
14:00:36	7.53	-0.01	20	15060	卖盘
14:00:33	7.54	0.01	20	15080	买盘
14:00:30	7.53	-0.01	77	57981	卖盘
14:00:24	7.54	--	1	754	买盘
14:00:21	7.54	--	1	754	买盘
14:00:18	7.54	--	11	8294	买盘
14:00:15	7.54	--	5	3770	买盘
14:00:12	7.54	0.01	1	754	买盘
14:00:09	7.53	-0.01	17	12801	卖盘
14:00:06	7.54	0.01	9	6786	买盘
14:00:03	7.53	-0.02	60	45180	卖盘
14:00:00	7.55	--	3	2265	买盘
13:59:57	7.55	--	1	755	买盘
13:59:54	7.55	0.02	1	755	买盘
13:59:51	7.53	-0.02	11	8283	卖盘
13:59:48	7.55	0.02	29	21895	买盘
13:59:45	7.53	-0.02	14	10542	卖盘
13:59:42	7.55	0.02	1	755	买盘
13:59:39	7.53	-0.02	70	52710	卖盘
13:59:36	7.55	0.01	100	75500	买盘
13:59:33	7.54	-0.01	11	8294	卖盘
13:59:24	7.55	--	1	755	买盘
13:59:21	7.55	0.02	1	755	买盘
13:59:18	7.53	-0.01	52	39156	卖盘
13:59:15	7.54	--	40	30160	买盘
13:59:12	7.54	0.01	17	12818	买盘
13:59:09	7.53	--	17	12801	卖盘
13:59:03	7.53	--	13	9789	卖盘
13:58:57	7.53	-0.01	100	75300	卖盘
13:58:51	7.54	--	57	42978	买盘
13:58:48	7.54	--	5	3770	买盘
13:58:45	7.54	0.01	79	59566	买盘
13:58:42	7.53	--	18	13554	卖盘
13:58:36	7.53	-0.01	37	27861	卖盘
13:58:30	7.54	0.01	36	27144	买盘
13:58:27	7.53	--	32	24096	买盘
13:58:24	7.53	--	192	144576	卖盘
13:58:21	7.53	--	13	9789	卖盘
13:58:18	7.53	0.01	212	159636	买盘
13:58:15	7.52	--	283	212816	买盘
13:58:12	7.52	--	50	37600	买盘
13:58:09	7.52	0.01	84	63168	中性盘
13:58:06	7.51	-0.01	2	1502	卖盘
13:58:00	7.52	0.01	16	12032	卖盘
13:57:57	7.51	--	24	18024	卖盘
13:57:54	7.51	--	19	14269	卖盘
13:57:48	7.51	-0.02	1011	759261	卖盘
13:57:45	7.53	--	11	8283	买盘
13:57:42	7.53	--	81	60993	卖盘
13:57:36	7.53	--	12	9036	卖盘
13:57:33	7.53	--	34	25602	卖盘
13:57:27	7.53	--	17	12801	卖盘
13:57:21	7.53	--	17	12801	卖盘
13:57:18	7.53	-0.01	33	24849	卖盘
13:57:15	7.54	0.01	23	17342	买盘
13:57:09	7.53	--	33	24849	卖盘
13:57:06	7.53	-0.01	8	6024	卖盘
13:57:00	7.54	-0.01	20	15080	卖盘
13:56:57	7.55	--	16	12080	卖盘
13:56:51	7.55	--	34	25670	买盘
13:56:48	7.55	-0.02	107	80785	卖盘
13:56:45	7.57	0.02	89	67373	买盘
13:56:36	7.55	-0.02	6	4530	卖盘
13:56:33	7.57	--	100	75700	买盘
13:56:30	7.57	--	911	690232	卖盘
13:56:27	7.57	--	137	103709	卖盘
13:56:24	7.57	--	105	79485	卖盘
13:56:21	7.57	--	10	7570	卖盘
13:56:18	7.57	--	101	76457	卖盘
13:56:15	7.57	--	173	130961	卖盘
13:56:12	7.57	--	27	20439	卖盘
13:56:09	7.57	--	66	49962	卖盘
13:56:06	7.57	--	26	19682	卖盘
13:56:03	7.57	--	114	86298	卖盘
13:56:00	7.57	--	64	48448	卖盘
13:55:57	7.57	--	194	147009	买盘
13:55:54	7.57	--	200	151400	买盘
13:55:51	7.57	--	100	75700	买盘
13:55:48	7.57	--	308	233156	买盘
13:55:45	7.57	--	241	182588	买盘
13:55:42	7.57	0.02	232	175624	买盘
13:55:39	7.55	-0.02	10	8154	卖盘
13:55:36	7.57	0.02	30	22710	买盘
13:55:33	7.55	-0.02	123	92865	卖盘
13:55:30	7.57	--	200	151400	买盘
13:55:27	7.57	--	218	165026	买盘
13:55:24	7.57	--	100	75700	买盘
13:55:21	7.57	--	213	161241	买盘
13:55:18	7.57	--	300	227100	买盘
13:55:15	7.57	--	200	151400	买盘
13:55:12	7.57	0.01	204	154428	买盘
13:55:09	7.56	0.01	113	85428	买盘
13:55:06	7.55	-0.02	19	14345	卖盘
13:55:03	7.57	--	196	148372	买盘
13:55:00	7.57	--	353	267221	买盘
13:54:57	7.57	--	200	151400	买盘
13:54:54	7.57	--	100	75700	买盘
13:54:51	7.57	0.01	220	166540	买盘
13:54:48	7.56	0.01	310	234360	买盘
13:54:45	7.55	-0.01	240	181200	卖盘
13:54:42	7.56	0.01	200	151200	买盘
13:54:39	7.55	--	14	10570	卖盘
13:54:36	7.55	-0.02	13	9815	卖盘
13:54:33	7.57	--	101	76457	买盘
13:54:30	7.57	--	200	151400	买盘
13:54:27	7.57	--	200	151400	买盘
13:54:24	7.57	--	113	85541	买盘
13:54:21	7.57	--	200	151400	买盘
13:54:18	7.57	0.01	316	239212	买盘
13:54:15	7.56	-0.01	200	151200	中性盘
13:54:12	7.57	0.02	236	178652	买盘
13:54:09	7.55	-0.01	251	189814	卖盘
13:54:06	7.56	--	217	164052	卖盘
13:54:03	7.56	-0.01	53	40068	卖盘
13:53:57	7.57	0.01	2	1514	买盘
13:53:54	7.56	-0.01	123	92988	卖盘
13:53:51	7.57	0.01	52	39364	买盘
13:53:48	7.56	-0.01	110	83160	卖盘
13:53:45	7.57	0.01	130	98410	买盘
13:53:42	7.56	--	305	230580	卖盘
13:53:39	7.56	--	17	12852	卖盘
13:53:36	7.56	-0.01	30	22680	卖盘
13:53:33	7.57	0.01	2	1514	买盘
13:53:27	7.56	--	34	25704	卖盘
13:53:21	7.56	--	69	52164	卖盘
13:53:18	7.56	-0.01	119	89964	卖盘
13:53:15	7.57	0.01	171	129447	买盘
13:53:12	7.56	--	68	51408	卖盘
13:53:09	7.56	--	234	176904	卖盘
13:53:06	7.56	--	5	3780	卖盘
13:53:03	7.56	--	162	122472	卖盘
13:53:00	7.56	-0.01	75	56700	卖盘
13:52:57	7.57	--	49	37093	买盘
13:52:51	7.57	--	60	45420	买盘
13:52:48	7.57	0.01	100	75700	买盘
13:52:45	7.56	--	261	197316	卖盘
13:52:42	7.56	--	65	49140	卖盘
13:52:39	7.56	--	59	44604	卖盘
13:52:36	7.56	--	200	151200	卖盘
13:52:33	7.56	--	51	38556	卖盘
13:52:30	7.56	--	213	161028	卖盘
13:52:24	7.56	--	20	15120	卖盘
13:52:21	7.56	--	77	58212	卖盘
13:52:18	7.56	--	128	96768	卖盘
13:52:15	7.56	--	48	36288	卖盘
13:52:12	7.56	--	221	167076	卖盘
13:52:09	7.56	--	35	26460	卖盘
13:52:06	7.56	--	30	22680	卖盘
13:52:03	7.56	--	783	592394	买盘
13:52:00	7.56	--	102	77112	买盘
13:51:57	7.56	--	100	75600	买盘
13:51:51	7.56	--	225	170100	买盘
13:51:48	7.56	--	207	156492	买盘
13:51:45	7.56	0.01	104	78624	买盘
13:51:42	7.55	-0.01	17	12835	买盘
13:51:39	7.56	0.03	100	75600	买盘
13:51:36	7.53	--	125	94125	卖盘
13:51:33	7.53	--	113	85089	卖盘
13:51:30	7.53	-0.03	101	76053	卖盘
13:51:27	7.56	0.03	100	75600	买盘
13:51:24	7.53	-0.01	10	7530	卖盘
13:51:21	7.54	--	136	102544	买盘
13:51:18	7.54	--	300	226200	买盘
13:51:15	7.54	--	287	216955	卖盘
13:51:09	7.54	--	656	494624	卖盘
13:51:06	7.54	-0.02	113	85202	卖盘
13:51:03	7.56	0.01	100	75600	买盘
13:51:00	7.55	--	176	132880	卖盘
13:50:57	7.55	-0.01	238	179690	卖盘
13:50:54	7.56	0.01	64	48384	买盘
13:50:51	7.55	--	13	9815	卖盘
13:50:48	7.55	-0.01	104	78520	卖盘
13:50:45	7.56	0.01	110	83160	买盘
13:50:42	7.55	--	41	30955	卖盘
13:50:39	7.55	--	13	9815	卖盘
13:50:36	7.55	--	23	17365	卖盘
13:50:33	7.55	--	10	7550	卖盘
13:50:24	7.55	-0.01	194	146470	卖盘
13:50:21	7.56	--	232	175392	买盘
13:50:18	7.56	--	11	8316	买盘
13:50:15	7.56	0.01	200	151200	买盘
13:50:12	7.55	-0.01	251	189505	卖盘
13:50:09	7.56	--	85	64260	买盘
13:50:06	7.56	0.01	12	9072	买盘
13:50:03	7.55	--	113	85315	卖盘
13:50:00	7.55	--	205	154775	卖盘
13:49:57	7.55	--	14	10570	卖盘
13:49:51	7.55	--	236	178716	卖盘
13:49:48	7.55	-0.01	40	30200	卖盘
13:49:45	7.56	--	200	151200	买盘
13:49:42	7.56	0.01	81	61236	买盘
13:49:39	7.55	-0.01	317	239335	卖盘
13:49:36	7.56	0.01	7	5292	买盘
13:49:30	7.55	--	121	91355	卖盘
13:49:27	7.55	--	54	40770	卖盘
13:49:24	7.55	--	7	5285	卖盘
13:49:21	7.55	--	4	3020	卖盘
13:49:18	7.55	-0.01	4	3020	卖盘
13:49:15	7.56	--	213	161028	买盘
13:49:12	7.56	0.01	38	28728	买盘
13:49:09	7.55	-0.01	8	6040	卖盘
13:49:03	7.56	0.01	46	34776	买盘
13:49:00	7.55	-0.01	13	9815	卖盘
13:48:57	7.56	0.01	21	15876	买盘
13:48:54	7.55	-0.01	10	7550	卖盘
13:48:51	7.56	--	128	96768	买盘
13:48:48	7.56	--	2	1512	买盘
13:48:45	7.56	--	286	216216	买盘
13:48:39	7.56	--	78	58968	买盘
13:48:36	7.56	0.01	13	9828	买盘
13:48:33	7.55	--	13	9815	卖盘
13:48:18	7.55	-0.01	15	11325	卖盘
13:48:15	7.56	0.01	131	99036	买盘
13:48:09	7.55	--	17	12835	卖盘
13:48:03	7.55	-0.01	17	12835	卖盘
13:47:57	7.56	--	40	30240	卖盘
13:47:54	7.56	--	12	9072	卖盘
13:47:51	7.56	--	52	39312	卖盘
13:47:48	7.56	-0.01	143	108108	卖盘
13:47:45	7.57	0.01	34	25738	买盘
13:47:39	7.56	--	55	41580	买盘
13:47:36	7.56	0.01	46	34776	买盘
13:47:33	7.55	-0.01	7	5285	卖盘
13:47:30	7.56	0.01	50	37800	买盘
13:47:24	7.55	--	1	755	卖盘
13:47:21	7.55	-0.01	13	9815	卖盘
13:47:18	7.56	-0.01	111	83916	卖盘
13:47:15	7.57	0.01	200	151400	买盘
13:47:12	7.56	--	32	24192	卖盘
13:47:09	7.56	--	34	25704	卖盘
13:47:06	7.56	--	13	9828	卖盘
13:47:00	7.56	-0.01	108	81648	卖盘
13:46:57	7.57	0.01	97	73429	买盘
13:46:54	7.56	--	44	33264	卖盘
13:46:51	7.56	--	29	21924	卖盘
13:46:48	7.56	-0.01	156	117936	卖盘
13:46:45	7.57	0.01	221	167297	买盘
13:46:42	7.56	--	2	1837	卖盘
13:46:39	7.56	--	51	38556	卖盘
13:46:33	7.56	--	1	756	卖盘
13:46:30	7.56	--	60	45360	卖盘
13:46:27	7.56	--	60	45360	卖盘
13:46:24	7.56	--	13	9828	卖盘
13:46:18	7.56	-0.01	9	6804	卖盘
13:46:15	7.57	0.01	220	166540	买盘
13:46:12	7.56	--	14	10584	卖盘
13:46:09	7.56	--	34	25704	卖盘
13:46:03	7.56	-0.01	21	15876	卖盘
13:46:00	7.57	0.01	1	757	买盘
13:45:57	7.56	--	9	6804	卖盘
13:45:54	7.56	--	15	11581	卖盘
13:45:48	7.56	-0.01	5	3780	卖盘
13:45:45	7.57	0.01	231	174867	买盘
13:45:42	7.56	--	3	2268	卖盘
13:45:39	7.56	--	100	75600	卖盘
13:45:36	7.56	0.01	968	732382	买盘
13:45:33	7.55	--	28	21140	卖盘
13:45:30	7.55	--	97	73235	卖盘
13:45:27	7.55	-0.01	20	15100	卖盘
13:45:21	7.56	0.01	171	129276	买盘
13:45:18	7.55	-0.01	0	30	卖盘
13:45:15	7.56	0.01	250	189000	买盘
13:45:09	7.55	-0.01	17	12835	卖盘
13:45:06	7.56	0.01	127	96012	买盘
13:45:03	7.55	--	49	36995	卖盘
13:45:00	7.55	0.01	53	40015	卖盘
13:44:51	7.54	-0.02	5	3770	卖盘
13:44:45	7.56	0.02	203	153468	买盘
13:44:42	7.54	--	5	3770	卖盘
13:44:39	7.54	-0.01	1009	760786	卖盘
13:44:36	7.55	--	120	90600	买盘
13:44:33	7.55	0.01	100	75500	买盘
13:44:30	7.54	-0.01	102	76908	卖盘
13:44:27	7.55	--	229	172895	买盘
13:44:24	7.55	--	110	83050	买盘
13:44:21	7.55	--	100	75500	买盘
13:44:18	7.55	--	20	15100	买盘
13:44:15	7.55	--	200	151000	买盘
13:44:12	7.55	0.01	1	755	买盘
13:44:09	7.54	--	17	12818	卖盘
13:44:06	7.54	-0.01	31	23374	中性盘
13:44:03	7.55	0.01	194	146470	买盘
13:43:57	7.54	0.01	37	27898	买盘
13:43:51	7.53	-0.01	6	4518	中性盘
13:43:48	7.54	0.03	100	75400	买盘
13:43:45	7.51	-0.03	570	428070	卖盘
13:43:42	7.54	--	100	75400	买盘
13:43:39	7.54	--	400	301600	买盘
13:43:36	7.54	--	100	75400	买盘
13:43:33	7.54	--	100	75400	买盘
13:43:24	7.54	--	4	3016	买盘
13:43:21	7.54	-0.01	499	376426	卖盘
13:43:15	7.55	0.01	200	151000	买盘
13:43:12	7.54	0.02	0	573	中性盘
13:43:03	7.52	-0.02	108	81697	卖盘
13:42:57	7.54	0.02	179	134966	买盘
13:42:51	7.52	-0.02	23	17296	卖盘
13:42:48	7.54	--	169	127426	买盘
13:42:45	7.54	--	258	194532	买盘
13:42:42	7.54	0.02	100	75400	买盘
13:42:39	7.52	-0.02	183	137616	卖盘
13:42:36	7.54	0.01	100	75400	买盘
13:42:33	7.53	0.01	110	82830	中性盘
13:42:21	7.52	-0.02	30	22560	卖盘
13:42:18	7.54	--	100	75400	买盘
13:42:15	7.54	0.02	300	226200	买盘
13:42:12	7.52	-0.02	3313	2491631	卖盘
13:42:09	7.54	0.01	100	75400	买盘
13:42:06	7.53	--	119	89607	卖盘
13:42:03	7.53	--	110	82830	卖盘
13:41:54	7.53	--	1	753	卖盘
13:41:51	7.53	--	10	7530	卖盘
13:41:48	7.53	-0.01	20	15060	卖盘
13:41:45	7.54	0.01	44	33176	买盘
13:41:42	7.53	--	11	8283	卖盘
13:41:39	7.53	0.01	200	150833	买盘
13:41:36	7.52	--	83	62416	卖盘
13:41:33	7.52	-0.01	28	21056	卖盘
13:41:30	7.53	0.01	15	11295	买盘
13:41:27	7.52	--	39	29328	卖盘
13:41:21	7.52	-0.01	45	33840	卖盘
13:41:15	7.53	0.01	1207	909315	买盘
13:41:12	7.52	--	27	20304	卖盘
13:41:09	7.52	--	54	40608	卖盘
13:41:06	7.52	--	54	40608	卖盘
13:41:03	7.52	--	20	15040	卖盘
13:40:48	7.52	-0.01	30	22560	卖盘
13:40:45	7.53	--	120	90360	买盘
13:40:36	7.53	--	34	25602	买盘
13:40:33	7.53	0.01	25	18825	买盘
13:40:30	7.52	--	3	2256	卖盘
13:40:27	7.52	--	26	19552	卖盘
13:40:24	7.52	--	5	3760	卖盘
13:40:21	7.52	-0.01	15	11280	卖盘
13:40:15	7.53	0.01	98	73794	买盘
13:40:09	7.52	--	25	18800	卖盘
13:40:06	7.52	--	34	25568	卖盘
13:40:03	7.52	-0.01	18	13536	卖盘
13:40:00	7.53	0.01	70	52710	买盘
13:39:57	7.52	--	3	2256	卖盘
13:39:54	7.52	-0.01	10	7520	卖盘
13:39:45	7.53	0.01	71	53463	买盘
13:39:42	7.52	--	6	4512	卖盘
13:39:39	7.52	--	110	82750	卖盘
13:39:33	7.52	--	194	145888	卖盘
13:39:27	7.52	-0.01	21	15792	卖盘
13:39:24	7.53	0.01	98	73794	买盘
13:39:21	7.52	-0.01	40	30080	卖盘
13:39:18	7.53	--	13	9789	买盘
13:39:15	7.53	0.01	154	115962	买盘
13:39:12	7.52	--	37	27824	卖盘
13:39:09	7.52	--	9	6768	卖盘
13:39:06	7.52	--	34	25568	卖盘
13:39:03	7.52	--	52	39104	卖盘
13:39:00	7.52	--	30	22560	卖盘
13:38:54	7.52	--	108	81216	卖盘
13:38:51	7.52	-0.01	3	2256	卖盘
13:38:45	7.53	0.01	29	21837	买盘
13:38:42	7.52	-0.01	10	7520	卖盘
13:38:36	7.53	--	5	3765	买盘
13:38:33	7.53	--	21	15813	买盘
13:38:27	7.53	--	6	5082	买盘
13:38:15	7.53	--	8	6024	买盘
13:38:12	7.53	0.01	2	1506	买盘
13:38:09	7.52	--	1	752	卖盘
13:38:06	7.52	-0.01	37	27824	卖盘
13:38:03	7.53	0.01	10	7530	买盘
13:37:54	7.52	--	49	36848	卖盘
13:37:51	7.52	-0.01	29	21808	卖盘
13:37:48	7.53	--	164	124132	买盘
13:37:45	7.53	0.01	67	50451	买盘
13:37:42	7.52	--	40	30080	卖盘
13:37:36	7.52	--	228	171456	卖盘
13:37:33	7.52	-0.01	47	35344	卖盘
13:37:30	7.53	--	53	39909	买盘
13:37:24	7.53	--	16	12048	买盘
13:37:15	7.53	0.01	33	24849	买盘
13:37:12	7.52	-0.01	50	37600	卖盘
13:37:09	7.53	0.01	15	11295	买盘
13:37:06	7.52	-0.01	34	25568	卖盘
13:37:00	7.53	--	5	3765	买盘
13:36:57	7.53	--	41	30873	卖盘
13:36:54	7.53	--	1	753	卖盘
13:36:51	7.53	--	129	97137	卖盘
13:36:48	7.53	-0.01	10	7530	卖盘
13:36:45	7.54	0.01	158	119132	买盘
13:36:42	7.53	--	3	2259	卖盘
13:36:36	7.53	--	56	42168	买盘
13:36:33	7.53	0.01	37	27861	买盘
13:36:30	7.52	-0.02	20	15040	卖盘
13:36:15	7.54	0.02	2	1508	买盘
13:36:09	7.52	--	50	37600	卖盘
13:36:06	7.52	-0.01	34	25568	卖盘
13:36:03	7.53	-0.01	5	3765	中性盘
13:36:00	7.54	--	189	142777	卖盘
13:35:57	7.54	0.01	123	93224	买盘
13:35:54	7.53	-0.01	5	4036	卖盘
13:35:51	7.54	0.01	5	3770	买盘
13:35:45	7.53	-0.01	86	64758	卖盘
13:35:36	7.54	--	36	27144	买盘
13:35:33	7.54	0.01	151	113854	买盘
13:35:24	7.53	-0.01	811	610683	卖盘
13:35:21	7.54	0.01	479	361166	买盘
13:35:18	7.53	-0.01	20	15541	卖盘
13:35:15	7.54	0.01	241	181714	买盘
13:35:06	7.53	--	19	14307	卖盘
13:35:03	7.53	--	326	245478	卖盘
13:34:57	7.53	--	20	15060	卖盘
13:34:54	7.53	--	2	1506	卖盘
13:34:45	7.53	--	364	274092	卖盘
13:34:39	7.53	-0.01	20	15060	卖盘
13:34:27	7.54	--	7	5278	买盘
13:34:24	7.54	--	100	75400	买盘
13:34:21	7.54	--	100	75400	买盘
13:34:18	7.54	--	100	75400	买盘
13:34:15	7.54	-0.01	234	176436	卖盘
13:34:09	7.55	--	8	6040	买盘
13:34:06	7.55	--	104	78520	买盘
13:34:03	7.55	0.01	13	9815	买盘
13:34:00	7.54	--	1	754	卖盘
13:33:57	7.54	-0.01	17	12818	卖盘
13:33:54	7.55	--	178	134390	买盘
13:33:51	7.55	--	40	30200	买盘
13:33:48	7.55	--	62	46810	买盘
13:33:45	7.55	0.01	178	134390	买盘
13:33:42	7.54	--	9	6786	卖盘
13:33:39	7.54	--	24	18096	卖盘
13:33:36	7.54	--	62	46748	卖盘
13:33:33	7.54	0.02	910	686140	买盘
13:33:27	7.52	-0.01	100	75200	卖盘
13:33:24	7.53	0.01	214	161142	买盘
13:33:21	7.52	-0.01	70	52640	卖盘
13:33:18	7.53	--	200	150600	买盘
13:33:15	7.53	--	106	79818	买盘
13:33:12	7.53	0.01	51	38403	买盘
13:33:09	7.52	--	6	4512	卖盘
13:33:06	7.52	-0.01	200	150400	卖盘
13:33:03	7.53	0.01	2	1506	买盘
13:33:00	7.52	--	10	7520	卖盘
13:32:57	7.52	-0.01	2	1504	卖盘
13:32:54	7.53	-0.01	7	5271	中性盘
13:32:48	7.54	0.01	56	42224	买盘
13:32:45	7.53	--	361	271833	买盘
13:32:39	7.53	--	16	12048	买盘
13:32:36	7.53	--	10	7530	买盘
13:32:27	7.53	-0.01	6	4518	中性盘
13:32:24	7.54	0.01	130	98020	买盘
13:32:21	7.53	-0.01	31	23343	卖盘
13:32:18	7.54	--	19	14326	买盘
13:32:15	7.54	0.01	52	39208	买盘
13:32:12	7.53	--	48	36144	卖盘
13:32:06	7.53	--	102	76806	卖盘
13:32:00	7.53	-0.01	20	15060	卖盘
13:31:57	7.54	--	52	39208	买盘
13:31:54	7.54	--	64	48256	买盘
13:31:45	7.54	0.01	64	48256	买盘
13:31:42	7.53	--	13	9789	卖盘
13:31:30	7.53	--	3	2259	卖盘
13:31:27	7.53	0.01	92	69276	买盘
13:31:24	7.52	--	100	75200	卖盘
13:31:18	7.52	-0.01	12	9024	卖盘
13:31:15	7.53	--	21	15813	买盘
13:31:12	7.53	0.01	6	4518	买盘
13:31:06	7.52	--	34	25568	卖盘
13:31:03	7.52	-0.01	2	1504	卖盘
13:31:00	7.53	--	30	22590	买盘
13:30:45	7.53	0.01	40	30120	买盘
13:30:42	7.52	--	1	752	卖盘
13:30:33	7.52	0.01	2	2135	买盘
13:30:27	7.51	-0.01	700	525700	卖盘
13:30:21	7.52	--	19	14288	卖盘
13:30:18	7.52	-0.01	16	12032	卖盘
13:30:15	7.53	0.01	2	1506	买盘
13:30:12	7.52	--	45	33840	卖盘
13:30:06	7.52	--	17	12784	卖盘
13:29:57	7.52	--	2	1504	卖盘
13:29:51	7.52	-0.03	20	15040	卖盘
13:29:45	7.55	0.03	23	17365	买盘
13:29:42	7.52	--	80	60160	买盘
13:29:39	7.52	--	28	21056	买盘
13:29:36	7.52	--	5	3760	买盘
13:29:33	7.52	0.01	50	37600	买盘
13:29:30	7.51	--	35	26285	卖盘
13:29:27	7.51	-0.01	96	72096	卖盘
13:29:24	7.52	0.01	2	1504	买盘
13:29:18	7.51	--	15	11265	卖盘
13:29:06	7.51	-0.01	42	31542	卖盘
13:29:03	7.52	--	30	22560	卖盘
13:28:57	7.52	--	8	6016	卖盘
13:28:51	7.52	--	50	37600	卖盘
13:28:48	7.52	--	21	15792	卖盘
13:28:45	7.52	--	1	752	卖盘
13:28:42	7.52	--	41	30832	买盘
13:28:36	7.52	--	11	8272	买盘
13:28:33	7.52	--	75	56400	买盘
13:28:27	7.52	--	39	29328	买盘
13:28:24	7.52	-0.01	141	106032	卖盘
13:28:21	7.53	--	6	4518	买盘
13:28:18	7.53	0.01	2	1506	买盘
13:28:15	7.52	-0.01	17	12784	卖盘
13:28:12	7.53	-0.03	17	12801	买盘
13:28:06	7.56	--	18	13608	买盘
13:28:03	7.56	--	196	148176	买盘
13:28:00	7.56	--	39	29484	买盘
13:27:57	7.56	0.01	64	48384	买盘
13:27:54	7.55	-0.01	15	11325	卖盘
13:27:51	7.56	--	126	95256	买盘
13:27:48	7.56	0.03	165	124740	买盘
13:27:45	7.53	-0.03	2	1506	卖盘
13:27:42	7.56	0.03	204	154224	买盘
13:27:39	7.53	-0.03	208	156624	卖盘
13:27:36	7.56	--	3	2268	买盘
13:27:33	7.56	--	2	1512	买盘
13:27:30	7.56	--	58	43848	买盘
13:27:27	7.56	0.04	161	121716	买盘
13:27:24	7.52	-0.04	41	30832	卖盘
13:27:21	7.56	--	19	14364	买盘
13:27:18	7.56	0.04	1184	895104	买盘
13:27:15	7.52	-0.01	60	45120	卖盘
13:27:12	7.53	0.01	1	753	买盘
13:27:06	7.52	-0.04	162	121824	卖盘
13:27:03	7.56	--	26	19656	买盘
13:27:00	7.56	--	34	25704	买盘
13:26:57	7.56	--	1038	784728	买盘
13:26:54	7.56	--	179	135324	买盘
13:26:51	7.56	--	36	27216	买盘
13:26:48	7.56	--	65	49140	买盘
13:26:45	7.56	0.04	82	61992	买盘
13:26:42	7.52	-0.02	1020	767040	卖盘
13:26:39	7.54	-0.02	68	51272	卖盘
13:26:36	7.56	--	43	32508	买盘
13:26:33	7.56	0.02	192	145152	买盘
13:26:30	7.54	-0.02	218	164372	卖盘
13:26:27	7.56	--	500	378000	买盘
13:26:24	7.56	--	180	136080	买盘
13:26:21	7.56	--	85	64260	买盘
13:26:18	7.56	--	112	84672	买盘
13:26:15	7.56	--	188	142128	买盘
13:26:12	7.56	--	11	8316	买盘
13:26:09	7.56	0.01	120	90720	买盘
13:26:06	7.55	--	142	107210	卖盘
13:26:03	7.55	--	84	63420	卖盘
13:26:00	7.55	--	199	150245	买盘
13:25:57	7.55	0.01	35	26425	买盘
13:25:54	7.54	-0.01	30	22620	卖盘
13:25:51	7.55	--	12	9060	买盘
13:25:48	7.55	--	26	19630	买盘
13:25:45	7.55	--	6	4530	买盘
13:25:42	7.55	--	13	9815	买盘
13:25:39	7.55	0.01	34	25670	买盘
13:25:36	7.54	-0.01	8	6032	中性盘
13:25:33	7.55	--	23	17365	买盘
13:25:30	7.55	--	12	9060	买盘
13:25:27	7.55	--	23	17365	中性盘
13:25:24	7.55	--	30	22650	买盘
13:25:21	7.55	0.02	131	98905	买盘
13:25:18	7.53	--	82	61746	买盘
13:25:15	7.53	--	64	48192	卖盘
13:25:12	7.53	-0.01	115	86595	卖盘
13:25:09	7.54	0.01	13	9802	买盘
13:25:06	7.53	-0.01	77	57981	中性盘
13:25:03	7.54	--	101	76154	买盘
13:25:00	7.54	--	75	56550	买盘
13:24:57	7.54	-0.02	38	28652	中性盘
13:24:54	7.56	0.01	615	464940	买盘
13:24:51	7.55	0.03	132	99660	买盘
13:24:48	7.52	-0.03	141	106032	卖盘
13:24:45	7.55	--	33	24915	买盘
13:24:42	7.55	--	55	41525	买盘
13:24:39	7.55	--	40	30200	买盘
13:24:36	7.55	0.02	51	38505	买盘
13:24:33	7.53	--	107	80571	买盘
13:24:30	7.53	--	5	3765	买盘
13:24:27	7.53	--	32	24096	买盘
13:24:24	7.53	--	5	3765	买盘
13:24:21	7.53	-0.02	112	84336	中性盘
13:24:18	7.55	0.01	101	76934	买盘
13:24:15	7.54	0.02	249	187746	买盘
13:24:12	7.52	-0.02	25	18800	卖盘
13:24:09	7.54	0.02	4	3016	买盘
13:24:06	7.52	-0.02	31	23312	卖盘
13:24:03	7.54	--	83	62582	买盘
13:24:00	7.54	0.01	14	10556	中性盘
13:23:57	7.53	-0.03	82	61746	中性盘
13:23:54	7.56	0.01	644	487612	买盘
13:23:51	7.55	--	183	138165	买盘
13:23:48	7.55	--	301	227255	买盘
13:23:45	7.55	-0.01	54	40770	买盘
13:23:39	7.56	--	366	276696	买盘
13:23:36	7.56	0.04	100	75600	买盘
13:23:33	7.52	-0.01	183	137616	买盘
13:23:30	7.53	0.02	24	18072	买盘
13:23:27	7.51	--	37	27787	卖盘
13:23:24	7.51	-0.05	945	709800	卖盘
13:23:21	7.56	0.02	226	170856	买盘
13:23:18	7.54	-0.01	127	95758	中性盘
13:23:15	7.55	--	90	67950	买盘
13:23:12	7.55	--	38	28690	买盘
13:23:09	7.55	--	298	224990	卖盘
13:23:06	7.55	-0.01	135	101925	卖盘
13:23:03	7.56	0.01	59	44604	买盘
13:23:00	7.55	-0.01	36	27180	卖盘
13:22:57	7.56	0.01	18	13608	买盘
13:22:54	7.55	--	193	145715	买盘
13:22:51	7.55	0.01	42	31710	买盘
13:22:48	7.54	--	55	41470	买盘
13:22:45	7.54	--	23	17342	买盘
13:22:33	7.54	--	46	34684	卖盘
13:22:30	7.54	--	32	24128	卖盘
13:22:27	7.54	--	14	10556	卖盘
13:22:21	7.54	--	10	7540	卖盘
13:22:18	7.54	0.02	113	85202	买盘
13:22:15	7.52	-0.01	600	451200	卖盘
13:22:12	7.53	-0.01	50	37650	卖盘
13:22:09	7.54	0.01	67	50518	买盘
13:22:06	7.53	-0.01	43	32379	卖盘
13:22:03	7.54	-0.01	136	102544	卖盘
13:21:57	7.55	--	13	9815	买盘
13:21:54	7.55	--	501	378255	买盘
13:21:45	7.55	0.01	9	6795	买盘
13:21:42	7.54	-0.01	18	13572	卖盘
13:21:33	7.55	--	20	15100	买盘
13:21:30	7.55	-0.02	1549	1169495	卖盘
13:21:27	7.57	0.01	13	9841	买盘
13:21:24	7.56	--	10	7560	卖盘
13:21:21	7.56	--	8	6048	卖盘
13:21:12	7.56	--	104	78624	卖盘
13:21:09	7.56	--	21	15876	卖盘
13:21:06	7.56	--	54	40824	卖盘
13:21:03	7.56	--	17	12852	卖盘
13:21:00	7.56	0.01	100	75600	买盘
13:20:57	7.55	--	10	7550	卖盘
13:20:54	7.55	-0.01	653	493015	卖盘
13:20:51	7.56	0.01	5	3780	买盘
13:20:45	7.55	-0.01	33	24915	卖盘
13:20:42	7.56	0.01	16	12096	买盘
13:20:39	7.55	--	13	9815	卖盘
13:20:30	7.55	-0.01	45	33975	卖盘
13:20:27	7.56	--	300	226800	卖盘
13:20:24	7.56	--	48	36288	卖盘
13:20:21	7.56	--	3	2268	卖盘
13:20:15	7.56	--	16	12096	卖盘
13:20:12	7.56	--	3	2268	卖盘
13:20:06	7.56	--	34	25704	卖盘
13:20:03	7.56	-0.01	17	12852	卖盘
13:19:54	7.57	--	777	588189	买盘
13:19:51	7.57	0.01	12	9084	买盘
13:19:48	7.56	--	11	8316	卖盘
13:19:42	7.56	--	2	1512	卖盘
13:19:39	7.56	--	40	30240	卖盘
13:19:36	7.56	-0.01	60	45360	卖盘
13:19:27	7.57	0.01	330	249810	买盘
13:19:24	7.56	--	200	151200	卖盘
13:19:21	7.56	--	70	52920	卖盘
13:19:18	7.56	--	138	104328	卖盘
13:19:15	7.56	--	25	18900	卖盘
13:19:09	7.56	--	16	12096	卖盘
13:19:06	7.56	0.01	195	147420	买盘
13:19:03	7.55	-0.01	30	22650	卖盘
13:19:00	7.56	0.01	5	3780	买盘
13:18:57	7.55	-0.02	5	3775	卖盘
13:18:54	7.57	0.01	501	379257	买盘
13:18:51	7.56	0.01	10	7560	中性盘
13:18:42	7.55	-0.01	1000	755000	卖盘
13:18:39	7.56	--	1	756	卖盘
13:18:36	7.56	--	10	7560	卖盘
13:18:33	7.56	--	50	37800	卖盘
13:18:30	7.56	--	20	15120	卖盘
13:18:27	7.56	--	2	1512	卖盘
13:18:18	7.56	--	770	582120	卖盘
13:18:15	7.56	-0.01	30	22680	卖盘
13:18:12	7.57	0.01	21	15897	中性盘
13:18:06	7.56	-0.01	48	36288	卖盘
13:18:03	7.57	0.01	170	128690	买盘
13:18:00	7.56	-0.01	16	12096	卖盘
13:17:57	7.57	0.01	3	2271	卖盘
13:17:54	7.56	--	635	480060	卖盘
13:17:51	7.56	-0.01	10	7560	卖盘
13:17:48	7.57	--	21	15897	买盘
13:17:45	7.57	--	75	56775	买盘
13:17:42	7.57	0.01	5	3785	买盘
13:17:36	7.56	-0.01	2	1512	卖盘
13:17:33	7.57	--	45	34065	买盘
13:17:30	7.57	--	52	39364	买盘
13:17:27	7.57	--	30	22710	买盘
13:17:24	7.57	0.01	57	43149	买盘
13:17:18	7.56	--	10	7560	卖盘
13:17:09	7.56	-0.01	38	28728	卖盘
13:17:06	7.57	-0.01	2	1514	买盘
13:16:57	7.58	0.01	53	40174	买盘
13:16:54	7.57	-0.01	41	31037	卖盘
13:16:51	7.58	--	789	598062	买盘
13:16:45	7.58	0.01	80	60640	买盘
13:16:42	7.57	--	70	52990	卖盘
13:16:39	7.57	--	7	5299	卖盘
13:16:36	7.57	--	15	11355	卖盘
13:16:33	7.57	0.01	93	70401	买盘
13:16:30	7.56	-0.01	2146	1622376	卖盘
13:16:27	7.57	--	161	121877	买盘
13:16:24	7.57	0.01	34	25738	买盘
13:16:21	7.56	--	103	77868	卖盘
13:16:18	7.56	--	710	536760	卖盘
13:16:15	7.56	--	96	72576	卖盘
13:16:12	7.56	-0.01	65	49140	卖盘
13:16:03	7.57	0.01	68	51476	买盘
13:16:00	7.56	--	60	45360	卖盘
13:15:57	7.56	--	349	263844	卖盘
13:15:54	7.56	-0.01	187	141372	卖盘
13:15:51	7.57	0.01	42	31794	买盘
13:15:39	7.56	--	61	46116	卖盘
13:15:36	7.56	-0.01	31	23436	卖盘
13:15:33	7.57	0.01	10	7570	买盘
13:15:30	7.56	-0.01	287	216972	卖盘
13:15:27	7.57	-0.01	7	5299	卖盘
13:15:21	7.58	0.02	92	69736	买盘
13:15:18	7.56	-0.01	50	37800	卖盘
13:15:15	7.57	-0.01	411	311127	卖盘
13:15:12	7.58	--	1053	798174	买盘
13:15:09	7.58	--	10	7580	买盘
13:15:06	7.58	--	3	2274	卖盘
13:15:03	7.58	0.01	5	3790	中性盘
13:14:57	7.57	-0.02	1000	757000	卖盘
13:14:54	7.59	0.01	3	2277	买盘
13:14:51	7.58	--	7	5306	卖盘
13:14:48	7.58	0.01	4	3032	中性盘
13:14:45	7.57	--	14	10598	卖盘
13:14:42	7.57	-0.01	59	44663	卖盘
13:14:39	7.58	--	161	122038	买盘
13:14:27	7.58	0.02	17	12886	买盘
13:14:24	7.56	--	4	3024	卖盘
13:14:21	7.56	-0.01	5	3780	卖盘
13:14:12	7.57	0.01	1050	794850	买盘
13:14:09	7.56	--	8	6048	卖盘
13:14:03	7.56	--	13	9828	买盘
13:14:00	7.56	--	61	46116	买盘
13:13:57	7.56	--	927	700812	卖盘
13:13:54	7.56	--	6	4536	卖盘
13:13:51	7.56	--	14	10584	卖盘
13:13:48	7.56	--	85	64260	卖盘
13:13:42	7.56	--	5	3780	卖盘
13:13:36	7.56	--	295	223020	买盘
13:13:33	7.56	0.01	32	24192	买盘
13:13:30	7.55	-0.01	10	7550	卖盘
13:13:24	7.56	--	20	15120	买盘
13:13:21	7.56	-0.03	710	536760	卖盘
13:13:18	7.59	0.02	476	361284	买盘
13:13:15	7.57	--	7	5299	买盘
13:13:12	7.57	0.01	6	4542	买盘
13:13:06	7.56	-0.01	20	15120	卖盘
13:13:03	7.57	-0.02	553	418621	卖盘
13:13:00	7.59	-0.01	28	21252	卖盘
13:12:57	7.6	--	8	6080	买盘
13:12:51	7.6	--	6	4560	买盘
13:12:48	7.6	--	18	13680	买盘
13:12:45	7.6	--	5	3800	卖盘
13:12:42	7.6	--	1098	834480	卖盘
13:12:39	7.6	--	30	22800	卖盘
13:12:36	7.6	--	40	30400	卖盘
13:12:33	7.6	--	23	17480	卖盘
13:12:30	7.6	--	82	62320	卖盘
13:12:27	7.6	0.01	121	91960	买盘
13:12:24	7.59	-0.01	21	15939	卖盘
13:12:21	7.6	--	19	14440	买盘
13:12:18	7.6	-0.01	23	17480	买盘
13:12:12	7.61	0.02	33	25113	买盘
13:12:09	7.59	-0.01	1220	925980	卖盘
13:12:06	7.6	--	100	76501	卖盘
13:12:03	7.6	--	40	30400	卖盘
13:12:00	7.6	--	51	38760	卖盘
13:11:57	7.6	-0.01	200	152000	卖盘
13:11:54	7.61	0.01	130	98930	买盘
13:11:51	7.6	-0.01	12	9120	卖盘
13:11:48	7.61	--	394	299834	买盘
13:11:45	7.61	--	510	388110	买盘
13:11:42	7.61	--	1	761	买盘
13:11:39	7.61	-0.01	2202	1675722	卖盘
13:11:36	7.62	0.01	17	12954	买盘
13:11:33	7.61	--	45	34245	卖盘
13:11:30	7.61	-0.01	10	7610	卖盘
13:11:27	7.62	--	115	87630	买盘
13:11:24	7.62	--	735	560070	买盘
13:11:21	7.62	--	474	361188	买盘
13:11:18	7.62	0.01	298	227076	买盘
13:11:15	7.61	--	232	176552	卖盘
13:11:12	7.61	--	112	85232	卖盘
13:11:09	7.61	--	1884	1433724	买盘
13:11:06	7.61	0.01	103	78383	买盘
13:11:03	7.6	-0.01	5	3800	卖盘
13:11:00	7.61	--	272	206992	买盘
13:10:57	7.61	--	193	146873	买盘
13:10:54	7.61	--	304	231344	买盘
13:10:51	7.61	--	300	228300	买盘
13:10:48	7.61	--	407	309727	买盘
13:10:45	7.61	0.01	424	322664	买盘
13:10:42	7.6	0.01	3268	2483938	买盘
13:10:36	7.59	-0.01	3	2277	卖盘
13:10:33	7.6	0.01	113	85880	买盘
13:10:30	7.59	--	357	270963	买盘
13:10:27	7.59	--	132	100188	买盘
13:10:24	7.59	--	98	74382	买盘
13:10:21	7.59	--	89	67551	买盘
13:10:18	7.59	0.01	418	317262	买盘
13:10:15	7.58	--	32	24256	买盘
13:10:12	7.58	--	7	5306	买盘
13:10:09	7.58	0.01	23	17434	买盘
13:10:06	7.57	--	45	34065	卖盘
13:10:03	7.57	--	152	115064	买盘
13:10:00	7.57	--	146	110522	买盘
13:09:57	7.57	--	111	84027	买盘
13:09:54	7.57	0.01	105	79485	买盘
13:09:51	7.56	-0.01	12	9072	卖盘
13:09:48	7.57	--	4	3028	买盘
13:09:45	7.57	0.01	61	46177	买盘
13:09:42	7.56	--	20	15120	卖盘
13:09:39	7.56	--	5	3780	买盘
13:09:33	7.56	--	20	15120	买盘
13:09:30	7.56	0.01	65	49140	买盘
13:09:27	7.55	0.01	4	3020	中性盘
13:09:24	7.54	-0.02	27	20358	卖盘
13:09:21	7.56	--	20	15120	买盘
13:09:18	7.56	--	23	17388	买盘
13:09:15	7.56	--	14	10584	买盘
13:09:12	7.56	0.03	3	2268	买盘
13:09:09	7.53	--	40	30120	卖盘
13:09:06	7.53	--	20	15060	卖盘
13:09:03	7.53	0.01	134	100902	买盘
13:09:00	7.52	-0.01	22	16544	中性盘
13:08:57	7.53	--	4131	3110643	买盘
13:08:54	7.53	--	96	72288	买盘
13:08:51	7.53	0.01	70	52710	买盘
13:08:48	7.52	-0.01	120	90240	卖盘
13:08:45	7.53	--	15	11295	买盘
13:08:42	7.53	--	30	22590	买盘
13:08:39	7.53	--	10	7530	买盘
13:08:36	7.53	-0.04	495	372735	卖盘
13:08:30	7.57	--	6	4542	卖盘
13:08:27	7.57	0.01	20	15140	买盘
13:08:24	7.56	--	46	34776	卖盘
13:08:21	7.56	0.01	4	3024	买盘
13:08:18	7.55	-0.01	18	13590	卖盘
13:08:15	7.56	--	14	10584	买盘
13:08:09	7.56	0.01	23	17388	买盘
13:08:03	7.55	--	14	10570	卖盘
13:07:51	7.55	--	10	7550	卖盘
13:07:48	7.55	0.01	40	30200	买盘
13:07:45	7.54	--	40	30160	买盘
13:07:42	7.54	--	1	754	买盘
13:07:39	7.54	--	5	3770	买盘
13:07:36	7.54	--	45	33930	买盘
13:07:33	7.54	-0.02	873	658242	卖盘
13:07:27	7.56	--	101	76356	卖盘
13:07:24	7.56	--	75	56700	卖盘
13:07:21	7.56	--	114	86184	买盘
13:07:18	7.56	--	14	10584	买盘
13:07:15	7.56	--	13	9828	买盘
13:07:12	7.56	--	45	34020	买盘
13:07:09	7.56	--	3	2268	买盘
13:07:06	7.56	--	5	3780	买盘
13:07:03	7.56	--	87	65772	买盘
13:07:00	7.56	--	4	3024	买盘
13:06:57	7.56	0.01	9	6804	买盘
13:06:51	7.55	--	6	4530	卖盘
13:06:48	7.55	--	10	7550	卖盘
13:06:45	7.55	-0.01	107	80785	卖盘
13:06:42	7.56	--	21	15876	买盘
13:06:39	7.56	--	8	6048	买盘
13:06:36	7.56	--	4	3024	买盘
13:06:33	7.56	--	3	2268	买盘
13:06:30	7.56	--	52	39312	买盘
13:06:27	7.56	--	128	96768	买盘
13:06:24	7.56	--	3	2268	买盘
13:06:21	7.56	-0.04	626	473256	卖盘
13:06:18	7.6	0.01	159	120840	买盘
13:06:12	7.59	--	150	113850	卖盘
13:06:09	7.59	--	10	7590	卖盘
13:06:06	7.59	--	197	149523	买盘
13:06:03	7.59	--	270	204930	买盘
13:06:00	7.59	--	174	132066	买盘
13:05:57	7.59	--	330	250470	买盘
13:05:54	7.59	0.01	100	75900	买盘
13:05:51	7.58	--	256	194048	卖盘
13:05:48	7.58	--	76	57608	卖盘
13:05:45	7.58	-0.01	6	4548	卖盘
13:05:42	7.59	0.01	93	70587	买盘
13:05:39	7.58	-0.01	1023	775434	卖盘
13:05:36	7.59	0.01	587	445533	买盘
13:05:33	7.58	--	132	100056	买盘
13:05:30	7.58	--	155	117490	买盘
13:05:27	7.58	--	105	79590	买盘
13:05:21	7.58	--	4	3032	买盘
13:05:18	7.58	0.01	31	23498	买盘
13:05:15	7.57	-0.01	5	3785	中性盘
13:05:09	7.58	--	14	10612	买盘
13:05:06	7.58	--	220	166760	买盘
13:05:03	7.58	--	320	242560	买盘
13:05:00	7.58	--	302	228916	买盘
13:04:57	7.58	--	3	2274	买盘
13:04:45	7.58	-0.01	10	7580	卖盘
13:04:42	7.59	--	61	46299	买盘
13:04:39	7.59	--	18	13662	买盘
13:04:36	7.59	0.01	5	3795	买盘
13:04:33	7.58	--	50	37900	卖盘
13:04:30	7.58	-0.01	119	90202	卖盘
13:04:27	7.59	--	18	13662	卖盘
13:04:24	7.59	--	45	34155	卖盘
13:04:21	7.59	--	33	25047	买盘
13:04:18	7.59	--	3	2277	买盘
13:04:15	7.59	--	23	17457	买盘
13:04:12	7.59	--	3	2277	买盘
13:04:06	7.59	0.03	22	16698	买盘
13:04:03	7.56	-0.03	1000	756000	卖盘
13:03:57	7.59	-0.01	142	107778	卖盘
13:03:54	7.6	0.01	53	40280	买盘
13:03:51	7.59	--	5	3795	卖盘
13:03:48	7.59	-0.01	1	759	买盘
13:03:45	7.6	--	10	7600	买盘
13:03:42	7.6	--	1270	965200	买盘
13:03:36	7.6	-0.01	40	30901	卖盘
13:03:33	7.61	--	185	140785	买盘
13:03:30	7.61	0.01	129	98427	买盘
13:03:27	7.6	--	1000	760000	卖盘
13:03:24	7.6	-0.01	1323	1005480	卖盘
13:03:21	7.61	0.01	42	31962	买盘
13:03:18	7.6	--	12	9120	卖盘
13:03:15	7.6	--	50	38000	卖盘
13:03:09	7.6	--	1003	762280	买盘
13:03:03	7.6	--	99	75240	卖盘
13:02:57	7.6	--	57	43320	卖盘
13:02:54	7.6	--	74	56240	卖盘
13:02:51	7.6	--	525	399000	卖盘
13:02:48	7.6	--	540	410400	卖盘
13:02:45	7.6	--	119	90440	卖盘
13:02:42	7.6	--	234	177840	买盘
13:02:39	7.6	--	28	21280	买盘
13:02:36	7.6	--	5	3800	买盘
13:02:33	7.6	--	10	7600	买盘
13:02:30	7.6	--	16	12160	买盘
13:02:27	7.6	0.01	57	43320	买盘
13:02:24	7.59	--	29	22011	卖盘
13:02:21	7.59	-0.01	10	7590	卖盘
13:02:18	7.6	0.01	7	5320	买盘
13:02:15	7.59	--	20	15180	卖盘
13:02:09	7.59	-0.03	500	379500	卖盘
13:02:06	7.62	0.03	3024	2304288	买盘
13:02:03	7.59	--	19	14421	买盘
13:02:00	7.59	--	18	13662	买盘
13:01:57	7.59	0.01	35	26565	买盘
13:01:48	7.58	-0.02	1250	947500	卖盘
13:01:45	7.6	--	86	65360	买盘
13:01:42	7.6	--	26	19760	买盘
13:01:39	7.6	--	175	133000	买盘
13:01:36	7.6	--	29	22040	买盘
13:01:33	7.6	--	480	364800	买盘
13:01:30	7.6	--	1	760	买盘
13:01:27	7.6	--	1311	996360	买盘
13:01:24	7.6	--	12	9120	买盘
13:01:21	7.6	--	23	17480	买盘
13:01:18	7.6	--	303	230280	买盘
13:01:15	7.6	0.01	34	25840	买盘
13:01:12	7.59	--	386	292974	卖盘
13:01:09	7.59	-0.01	20	15180	中性盘
13:01:06	7.6	0.02	10000	7600000	买盘
13:01:03	7.58	-0.01	35	26530	卖盘
13:00:57	7.59	0.01	3004	2280036	买盘
13:00:54	7.58	-0.01	310	234980	卖盘
13:00:51	7.59	--	28	21252	买盘
13:00:48	7.59	0.01	4	3036	买盘
13:00:45	7.58	0.01	38	28804	中性盘
13:00:42	7.57	--	940	711580	卖盘
13:00:39	7.57	-0.01	230	174110	卖盘
13:00:36	7.58	-0.01	4	3032	买盘
13:00:33	7.59	0.02	60	45540	买盘
13:00:27	7.57	0.01	10	7570	卖盘
13:00:24	7.56	-0.03	70	52920	卖盘
13:00:21	7.59	0.02	5002	3796518	买盘
13:00:18	7.57	--	45	34065	买盘
13:00:12	7.57	0.01	123	93111	买盘
13:00:09	7.56	--	442	334152	卖盘
13:00:06	7.56	--	600	453600	卖盘
13:00:03	7.56	0.01	4739	3582684	买盘
13:00:00	7.55	--	0	0	卖盘
11:30:00	7.55	--	10	7550	卖盘
11:29:57	7.55	--	84	63420	卖盘
11:29:54	7.55	-0.01	30	22650	卖盘
11:29:51	7.56	0.01	350	264600	买盘
11:29:48	7.55	--	15	11325	卖盘
11:29:45	7.55	-0.01	5	3775	卖盘
11:29:39	7.56	0.01	46	34776	买盘
11:29:36	7.55	--	313	236315	卖盘
11:29:33	7.55	--	58	43790	卖盘
11:29:30	7.55	--	2678	2021890	买盘
11:29:27	7.55	--	29	21895	买盘
11:29:24	7.55	0.01	126	95130	买盘
11:29:21	7.54	-0.01	5	3770	卖盘
11:29:18	7.55	0.01	22	16610	买盘
11:29:15	7.54	--	78	58812	卖盘
11:29:12	7.54	--	30	22620	卖盘
11:29:09	7.54	--	42	31668	买盘
11:29:06	7.54	--	20	15080	买盘
11:29:03	7.54	--	4	3016	买盘
11:29:00	7.54	--	44	33176	买盘
11:28:57	7.54	0.04	2	1508	买盘
11:28:54	7.5	-0.04	200	150000	卖盘
11:28:51	7.54	--	64	48256	买盘
11:28:48	7.54	0.03	4	3016	买盘
11:28:45	7.51	-0.03	1022	767522	卖盘
11:28:42	7.54	0.03	43	32422	买盘
11:28:39	7.51	-0.03	7	5257	卖盘
11:28:36	7.54	--	15	11310	买盘
11:28:33	7.54	--	11	8294	买盘
11:28:18	7.54	--	86	64844	卖盘
11:28:12	7.54	--	3	2262	买盘
11:28:09	7.54	0.03	172	129688	买盘
11:28:06	7.51	-0.03	136	102136	卖盘
11:28:00	7.54	--	10	7540	买盘
11:27:57	7.54	-0.01	10	7540	中性盘
11:27:54	7.55	--	32	24160	买盘
11:27:48	7.55	0.01	9	6795	买盘
11:27:45	7.54	-0.01	49	36946	卖盘
11:27:42	7.55	0.01	10	7550	买盘
11:27:39	7.54	--	152	114608	买盘
11:27:36	7.54	-0.01	4	3016	卖盘
11:27:33	7.55	0.01	10	7550	买盘
11:27:30	7.54	--	17	12818	买盘
11:27:27	7.54	--	3	2262	卖盘
11:27:24	7.54	-0.01	20	15080	卖盘
11:27:21	7.55	--	10	7550	买盘
11:27:18	7.55	0.01	37	27935	买盘
11:27:15	7.54	-0.01	7	5278	卖盘
11:27:12	7.55	--	247	186485	买盘
11:27:06	7.55	--	11	8305	买盘
11:27:03	7.55	0.01	5736	4330680	买盘
11:26:54	7.54	--	48	36192	卖盘
11:26:51	7.54	-0.01	10	7540	卖盘
11:26:48	7.55	0.01	398	300490	买盘
11:26:45	7.54	--	28	21112	卖盘
11:26:42	7.54	-0.01	5	3770	卖盘
11:26:39	7.55	0.01	16	12080	买盘
11:26:36	7.54	--	5	3770	卖盘
11:26:33	7.54	--	86	65213	买盘
11:26:27	7.54	--	30	23004	卖盘
11:26:24	7.54	--	11	8294	卖盘
11:26:18	7.54	--	1	754	卖盘
11:26:15	7.54	--	70	53149	买盘
11:26:12	7.54	--	232	175312	卖盘
11:26:09	7.54	--	5	3770	卖盘
11:26:06	7.54	--	83	62582	卖盘
11:26:00	7.54	--	43	32791	卖盘
11:25:57	7.54	--	30	22620	卖盘
11:25:54	7.54	--	7	5278	卖盘
11:25:48	7.54	-0.01	6	4524	卖盘
11:25:45	7.55	0.01	2	1510	买盘
11:25:42	7.54	--	19	14326	卖盘
11:25:39	7.54	-0.01	10	7540	卖盘
11:25:30	7.55	--	125	94375	买盘
11:25:24	7.55	0.01	59	44545	买盘
11:25:21	7.54	-0.01	72	54288	卖盘
11:25:18	7.55	--	7	5285	买盘
11:25:15	7.55	0.01	25	18875	买盘
11:25:12	7.54	--	12	9048	卖盘
11:25:06	7.54	--	1010	761540	卖盘
11:25:03	7.54	--	19	14326	卖盘
11:25:00	7.54	-0.01	8	6032	卖盘
11:24:54	7.55	0.01	17	12835	买盘
11:24:48	7.54	--	500	377000	卖盘
11:24:45	7.54	--	4	3016	卖盘
11:24:39	7.54	-0.01	12	9048	卖盘
11:24:36	7.55	0.01	37	27935	买盘
11:24:30	7.54	--	2	1508	卖盘
11:24:21	7.54	-0.01	20	15080	卖盘
11:24:18	7.55	0.01	13	9815	买盘
11:24:09	7.54	--	15	11310	卖盘
11:24:06	7.54	0.02	165	124410	买盘
11:24:03	7.52	-0.02	380	285760	卖盘
11:23:54	7.54	--	27	20358	买盘
11:23:48	7.54	--	23	17342	买盘
11:23:45	7.54	--	5	3770	买盘
11:23:42	7.54	--	20	15080	买盘
11:23:39	7.54	0.02	63	47502	买盘
11:23:36	7.52	-0.02	20	15040	卖盘
11:23:30	7.54	--	44	33176	买盘
11:23:24	7.54	--	3	2262	买盘
11:23:21	7.54	0.02	57	42978	买盘
11:23:09	7.52	--	4	3008	卖盘
11:23:03	7.52	--	44	33088	卖盘
11:23:00	7.52	-0.02	412	309824	卖盘
11:22:54	7.54	-0.01	3	2262	卖盘
11:22:48	7.55	0.01	40	30200	买盘
11:22:45	7.54	-0.01	10	7540	中性盘
11:22:39	7.55	-0.01	1	755	中性盘
11:22:30	7.56	--	92	69552	买盘
11:22:21	7.56	--	44	33264	买盘
11:22:18	7.56	-0.01	18	13608	中性盘
11:22:09	7.57	0.05	500	378500	买盘
11:22:03	7.52	-0.04	181	136112	卖盘
11:21:57	7.56	--	1	756	卖盘
11:21:54	7.56	-0.01	3	2268	中性盘
11:21:51	7.57	0.02	263	199091	买盘
11:21:45	7.55	-0.01	100	75500	卖盘
11:21:39	7.56	--	36	27216	买盘
11:21:36	7.56	0.01	10	7560	买盘
11:21:27	7.55	--	10	7550	卖盘
11:21:24	7.55	-0.02	18	13590	卖盘
11:21:21	7.57	0.01	19	14383	买盘
11:21:15	7.56	0.01	20	15120	中性盘
11:21:09	7.55	-0.01	206	155530	卖盘
11:21:06	7.56	0.01	24	18144	买盘
11:21:03	7.55	--	23	17365	卖盘
11:21:00	7.55	--	20	15100	卖盘
11:20:51	7.55	--	40	30200	卖盘
11:20:48	7.55	-0.01	333	251415	卖盘
11:20:45	7.56	0.01	20	15120	买盘
11:20:39	7.55	--	10	7550	卖盘
11:20:36	7.55	-0.03	65	49075	卖盘
11:20:30	7.58	0.03	167	126586	买盘
11:20:27	7.55	--	10	7550	卖盘
11:20:24	7.55	--	4	3020	卖盘
11:20:21	7.55	-0.02	100	75500	卖盘
11:20:18	7.57	0.02	2327	1761539	买盘
11:20:15	7.55	--	60	45300	卖盘
11:20:12	7.55	-0.01	133	100415	卖盘
11:20:06	7.56	0.01	24	18144	买盘
11:20:03	7.55	-0.01	18	13590	卖盘
11:20:00	7.56	0.01	59	44604	买盘
11:19:57	7.55	-0.01	99	74745	卖盘
11:19:54	7.56	--	11	8316	买盘
11:19:51	7.56	--	3	2268	买盘
11:19:45	7.56	0.01	5	3780	买盘
11:19:42	7.55	--	810	611550	卖盘
11:19:39	7.55	--	57	43035	卖盘
11:19:33	7.55	--	587	443185	卖盘
11:19:30	7.55	-0.01	6	4530	卖盘
11:19:27	7.56	0.01	47	35532	买盘
11:19:24	7.55	--	32	24160	卖盘
11:19:21	7.55	--	35	26425	卖盘
11:19:18	7.55	-0.01	130	98150	卖盘
11:19:15	7.56	--	134	101304	买盘
11:19:06	7.56	--	21	15876	买盘
11:19:03	7.56	0.01	20	15120	买盘
11:19:00	7.55	-0.01	2	1510	卖盘
11:18:57	7.56	--	12	9072	买盘
11:18:54	7.56	--	63	47628	买盘
11:18:51	7.56	0.01	53	40068	买盘
11:18:45	7.55	--	97	73235	卖盘
11:18:42	7.55	-0.02	108	81540	卖盘
11:18:39	7.57	--	39	29523	买盘
11:18:36	7.57	0.01	10	7570	买盘
11:18:33	7.56	--	25	18900	卖盘
11:18:30	7.56	--	13	9828	卖盘
11:18:27	7.56	-0.01	597	451332	卖盘
11:18:24	7.57	0.01	550	416350	买盘
11:18:21	7.56	--	389	294084	买盘
11:18:18	7.56	0.01	204	154224	买盘
11:18:15	7.55	--	1075	811625	卖盘
11:18:12	7.55	--	50	37750	卖盘
11:18:09	7.55	--	20	15100	卖盘
11:18:06	7.55	--	5	3775	卖盘
11:18:03	7.55	--	7	5285	卖盘
11:18:00	7.55	--	51	38505	卖盘
11:17:57	7.55	-0.01	2087	1575685	卖盘
11:17:54	7.56	0.07	1898	1435182	买盘
11:17:51	7.49	--	38	28462	买盘
11:17:48	7.49	--	39	29211	买盘
11:17:45	7.49	--	10	7490	买盘
11:17:42	7.49	-0.03	6741	5049495	卖盘
11:17:39	7.52	--	20	15040	卖盘
11:17:33	7.52	-0.01	10	7520	卖盘
11:17:27	7.53	--	33	24849	买盘
11:17:24	7.53	--	9	6777	买盘
11:17:21	7.53	--	3	2259	买盘
11:17:18	7.53	-0.01	822	618966	买盘
11:17:15	7.54	0.03	434	327236	买盘
11:17:06	7.51	-0.02	50	37550	卖盘
11:17:03	7.53	-0.01	76	57228	卖盘
11:17:00	7.54	--	33	24882	买盘
11:16:57	7.54	--	3	2262	买盘
11:16:54	7.54	--	12	9048	买盘
11:16:51	7.54	--	5	3770	买盘
11:16:48	7.54	0.01	87	65598	买盘
11:16:45	7.53	--	10	7530	买盘
11:16:42	7.53	--	1	753	买盘
11:16:36	7.53	-0.01	6	4518	卖盘
11:16:27	7.54	--	70	52780	买盘
11:16:24	7.54	--	284	214136	买盘
11:16:21	7.54	0.01	220	165880	买盘
11:16:18	7.53	--	168	126504	卖盘
11:16:15	7.53	--	63	47439	卖盘
11:16:12	7.53	--	20	15060	卖盘
11:16:09	7.53	--	16	12048	卖盘
11:16:06	7.53	0.03	94	70782	买盘
11:16:00	7.5	-0.03	14	10500	卖盘
11:15:57	7.53	--	64	48192	买盘
11:15:51	7.53	--	1	753	买盘
11:15:36	7.53	--	166	124998	卖盘
11:15:33	7.53	--	57	42921	卖盘
11:15:21	7.53	0.03	590	444270	买盘
11:15:12	7.5	--	2448	1836262	买盘
11:15:09	7.5	0.01	419	314250	买盘
11:15:06	7.49	--	126	94374	卖盘
11:15:03	7.49	-0.01	219	164031	卖盘
11:14:54	7.5	--	240	180000	买盘
11:14:51	7.5	--	24	18000	买盘
11:14:48	7.5	-0.01	2605	1954237	卖盘
11:14:45	7.51	--	13	9763	卖盘
11:14:39	7.51	--	17	12767	卖盘
11:14:36	7.51	--	1	751	卖盘
11:14:33	7.51	0.01	11	8261	卖盘
11:14:30	7.5	-0.02	150	112500	卖盘
11:14:24	7.52	--	12	9024	卖盘
11:14:21	7.52	0.01	107	80464	买盘
11:14:18	7.51	0.01	1	751	买盘
11:14:15	7.5	-0.01	27	20250	卖盘
11:14:09	7.51	--	130	97630	买盘
11:14:06	7.51	--	100	75100	买盘
11:14:03	7.51	0.01	3	2253	买盘
11:14:00	7.5	--	93	69750	卖盘
11:13:57	7.5	-0.01	160	120000	卖盘
11:13:51	7.51	--	1038	779538	买盘
11:13:48	7.51	0.01	40	30040	买盘
11:13:42	7.5	0.01	6113	4585012	买盘
11:13:39	7.49	0.01	41	30709	买盘
11:13:36	7.48	-0.01	5	3740	卖盘
11:13:33	7.49	0.01	113	84637	买盘
11:13:30	7.48	-0.01	24	17952	卖盘
11:13:27	7.49	0.01	47	35203	买盘
11:13:24	7.48	-0.01	10	7480	卖盘
11:13:21	7.49	--	4	2996	买盘
11:13:15	7.49	--	1	749	买盘
11:13:12	7.49	--	20	14980	买盘
11:13:09	7.49	--	131	98119	买盘
11:12:57	7.49	--	83	62167	买盘
11:12:54	7.49	--	13	9737	买盘
11:12:42	7.49	--	28	20972	买盘
11:12:33	7.49	--	132	98868	卖盘
11:12:30	7.49	--	27	20223	卖盘
11:12:27	7.49	--	91	68159	卖盘
11:12:18	7.49	--	36	26964	卖盘
11:12:12	7.49	--	200	149800	卖盘
11:12:06	7.49	-0.01	2	1498	卖盘
11:12:03	7.5	0.01	7	5250	买盘
11:11:54	7.49	-0.01	20	14980	卖盘
11:11:45	7.5	--	72	54000	买盘
11:11:42	7.5	0.01	100	75000	买盘
11:11:39	7.49	-0.01	11	8239	卖盘
11:11:30	7.5	--	885	664492	卖盘
11:11:27	7.5	-0.01	37	27750	卖盘
11:11:24	7.51	0.01	10	7510	买盘
11:11:18	7.5	--	112	84000	卖盘
11:11:12	7.5	-0.01	15	11250	卖盘
11:11:09	7.51	0.01	224	168224	买盘
11:11:03	7.5	-0.01	200	150000	卖盘
11:11:00	7.51	--	10	7510	买盘
11:10:57	7.51	0.01	23	17273	买盘
11:10:54	7.5	-0.01	3995	2996250	卖盘
11:10:51	7.51	0.01	2	1502	买盘
11:10:45	7.5	-0.01	54	40500	卖盘
11:10:36	7.51	--	8	6008	买盘
11:10:27	7.51	0.01	51	38301	买盘
11:10:24	7.5	-0.01	17	12750	卖盘
11:10:21	7.51	--	21	15771	卖盘
11:10:18	7.51	0.01	129	96879	中性盘
11:10:09	7.5	--	719	539257	卖盘
11:10:06	7.5	--	3	2250	卖盘
11:10:03	7.5	--	29	21750	卖盘
11:10:00	7.5	--	5	3750	卖盘
11:09:57	7.5	--	10	7500	卖盘
11:09:54	7.5	--	3	2250	卖盘
11:09:48	7.5	--	2	1500	卖盘
11:09:45	7.5	-0.01	14	10500	卖盘
11:09:42	7.51	0.01	50	37550	买盘
11:09:39	7.5	-0.01	206	154500	卖盘
11:09:36	7.51	0.01	24	18024	买盘
11:09:33	7.5	-0.01	110	82500	卖盘
11:09:27	7.51	0.01	53	39803	买盘
11:09:24	7.5	-0.01	114	85500	卖盘
11:09:21	7.51	--	8	6008	买盘
11:09:18	7.51	0.01	20	15020	买盘
11:09:15	7.5	-0.01	15	11250	卖盘
11:09:12	7.51	--	30	22530	买盘
11:09:03	7.51	--	5	4498	卖盘
11:08:57	7.51	--	68	51068	卖盘
11:08:54	7.51	--	28	21035	卖盘
11:08:51	7.51	--	36	27036	卖盘
11:08:48	7.51	--	66	49566	卖盘
11:08:45	7.51	-0.01	102	76602	卖盘
11:08:42	7.52	0.01	185	139120	买盘
11:08:39	7.51	-0.01	12	9012	卖盘
11:08:36	7.52	0.01	7	5264	买盘
11:08:33	7.51	--	66	49566	卖盘
11:08:30	7.51	-0.01	3	2253	卖盘
11:08:24	7.52	0.01	112	84224	买盘
11:08:21	7.51	-0.01	101	75851	卖盘
11:08:18	7.52	--	252	189504	买盘
11:08:15	7.52	--	127	95504	买盘
11:08:12	7.52	--	75	56400	买盘
11:08:09	7.52	-0.02	2094	1574688	卖盘
11:08:06	7.54	0.01	330	248820	买盘
11:08:03	7.53	--	1	753	买盘
11:08:00	7.53	--	157	118221	卖盘
11:07:57	7.53	--	49	36897	卖盘
11:07:54	7.53	-0.01	32	24096	卖盘
11:07:51	7.54	--	14	10556	买盘
11:07:48	7.54	--	45	33930	买盘
11:07:45	7.54	--	51	38454	买盘
11:07:42	7.54	--	64	48256	买盘
11:07:39	7.54	--	40	30160	买盘
11:07:36	7.54	0.01	61	45994	买盘
11:07:30	7.53	-0.01	1	753	卖盘
11:07:27	7.54	--	6	4524	买盘
11:07:24	7.54	0.01	54	40716	买盘
11:07:21	7.53	-0.01	90	67770	卖盘
11:07:18	7.54	--	316	238264	买盘
11:07:15	7.54	--	228	171912	买盘
11:07:12	7.54	--	233	175682	买盘
11:07:09	7.54	0.01	101	76154	买盘
11:07:06	7.53	-0.01	100	75300	卖盘
11:07:03	7.54	0.01	2	1508	买盘
11:07:00	7.53	--	18	13554	卖盘
11:06:57	7.53	--	58	43674	卖盘
11:06:54	7.53	--	4	3012	卖盘
11:06:51	7.53	--	6	4518	卖盘
11:06:48	7.53	-0.01	373	280869	卖盘
11:06:45	7.54	--	33	24882	买盘
11:06:42	7.54	--	6	4524	买盘
11:06:30	7.54	0.01	15	11310	买盘
11:06:27	7.53	-0.02	5	3765	卖盘
11:06:21	7.55	0.01	44	33220	买盘
11:06:18	7.54	0.01	500	377000	买盘
11:06:15	7.53	--	74	55722	买盘
11:06:12	7.53	--	91	68523	买盘
11:06:09	7.53	0.01	10	7530	买盘
11:06:06	7.52	-0.01	10	7520	卖盘
11:06:03	7.53	--	79	59487	卖盘
11:05:57	7.53	--	27	20331	卖盘
11:05:54	7.53	-0.01	34	25602	卖盘
11:05:51	7.54	--	2	1508	买盘
11:05:48	7.54	--	6	4524	买盘
11:05:45	7.54	--	22	16588	买盘
11:05:42	7.54	0.01	24	18096	买盘
11:05:39	7.53	-0.01	10	7530	卖盘
11:05:36	7.54	0.01	118	88972	买盘
11:05:30	7.53	--	11	8283	卖盘
11:05:27	7.53	--	12	9036	卖盘
11:05:18	7.53	-0.02	22	16566	卖盘
11:05:12	7.55	0.02	1245	939975	买盘
11:05:09	7.53	--	30	22590	卖盘
11:05:03	7.53	--	12	9036	卖盘
11:05:00	7.53	--	41	30873	卖盘
11:04:54	7.53	--	110	82830	卖盘
11:04:51	7.53	--	111	83583	卖盘
11:04:48	7.53	--	50	37650	卖盘
11:04:45	7.53	--	11	8283	卖盘
11:04:42	7.53	-0.01	571	429963	卖盘
11:04:39	7.54	-0.01	80	60320	卖盘
11:04:36	7.55	--	58	43790	买盘
11:04:33	7.55	0.01	24	18120	买盘
11:04:30	7.54	-0.01	30	22620	卖盘
11:04:21	7.55	--	2	1510	买盘
11:04:18	7.55	0.01	24	18120	买盘
11:04:15	7.54	-0.01	11	8294	卖盘
11:04:12	7.55	-0.01	98	73990	卖盘
11:04:09	7.56	0.01	100	75600	买盘
11:04:06	7.55	--	400	302000	卖盘
11:04:03	7.55	--	367	277085	卖盘
11:04:00	7.55	-0.01	300	226500	卖盘
11:03:57	7.56	0.01	160	120960	买盘
11:03:54	7.55	-0.01	55	41525	卖盘
11:03:45	7.56	--	35	26460	买盘
11:03:42	7.56	0.01	129	97524	买盘
11:03:39	7.55	-0.01	117	88335	卖盘
11:03:36	7.56	--	90	68040	买盘
11:03:33	7.56	--	33	24948	买盘
11:03:21	7.56	--	184	139104	卖盘
11:03:18	7.56	--	226	170856	买盘
11:03:15	7.56	--	30	22680	买盘
11:03:12	7.56	--	213	161028	卖盘
11:03:09	7.56	--	190	143640	卖盘
11:03:06	7.56	--	310	234360	买盘
11:03:03	7.56	--	309	233604	买盘
11:03:00	7.56	--	6	4536	买盘
11:02:57	7.56	0.01	10	7560	买盘
11:02:54	7.55	-0.01	599	452245	卖盘
11:02:51	7.56	--	56	42336	卖盘
11:02:42	7.56	--	598	452088	买盘
11:02:39	7.56	--	321	242676	买盘
11:02:36	7.56	0.01	144	108864	买盘
11:02:33	7.55	--	105	79275	卖盘
11:02:30	7.55	-0.01	1	755	卖盘
11:02:27	7.56	0.01	30	22680	买盘
11:02:24	7.55	-0.01	80	60400	卖盘
11:02:21	7.56	0.01	190	143640	买盘
11:02:15	7.55	-0.01	54	40770	卖盘
11:02:12	7.56	--	91	68796	买盘
11:02:09	7.56	-0.01	81	61236	中性盘
11:02:06	7.57	0.01	572	433004	买盘
11:02:03	7.56	--	183	138348	买盘
11:02:00	7.56	--	61	46116	买盘
11:01:57	7.56	0.01	60	45360	买盘
11:01:54	7.55	-0.01	15	11325	卖盘
11:01:48	7.56	--	139	105084	卖盘
11:01:42	7.56	--	50	37800	卖盘
11:01:39	7.56	-0.01	23	17388	卖盘
11:01:36	7.57	0.01	54	40878	买盘
11:01:33	7.56	-0.01	7	5292	买盘
11:01:30	7.57	0.03	67	50719	买盘
11:01:27	7.54	-0.03	7	5278	卖盘
11:01:21	7.57	0.03	370	280090	买盘
11:01:18	7.54	--	12	9048	卖盘
11:01:12	7.54	-0.03	30	22620	中性盘
11:01:09	7.57	0.02	1865	1411805	买盘
11:01:06	7.55	--	1023	772365	买盘
11:01:03	7.55	--	75	56625	买盘
11:01:00	7.55	--	352	265760	买盘
11:00:54	7.55	0.02	1823	1376365	买盘
11:00:51	7.53	--	11	8283	买盘
11:00:48	7.53	--	21	15813	买盘
11:00:45	7.53	--	44	33132	买盘
11:00:42	7.53	--	217	163401	买盘
11:00:39	7.53	--	103	77559	买盘
11:00:36	7.53	--	304	228912	买盘
11:00:33	7.53	--	411	309483	买盘
11:00:30	7.53	0.01	500	376500	买盘
11:00:27	7.52	-0.01	69	51888	卖盘
11:00:24	7.53	--	100	75300	买盘
11:00:21	7.53	--	41	30873	买盘
11:00:18	7.53	--	140	105420	买盘
11:00:15	7.53	--	10	7530	买盘
11:00:12	7.53	--	342	257526	买盘
11:00:06	7.53	--	83	62499	买盘
11:00:03	7.53	--	339	255267	买盘
11:00:00	7.53	0.01	200	150600	买盘
10:59:57	7.52	0.01	868	652736	买盘
10:59:54	7.51	--	30	22530	卖盘
10:59:48	7.51	-0.01	6	4506	卖盘
10:59:45	7.52	0.01	201	151152	买盘
10:59:39	7.51	-0.01	1	751	卖盘
10:59:36	7.52	0.02	202	151904	买盘
10:59:33	7.5	--	46	34500	卖盘
10:59:30	7.5	-0.01	13	9750	卖盘
10:59:27	7.51	--	1	751	买盘
10:59:24	7.51	--	45	33795	卖盘
10:59:21	7.51	0.01	186	139686	买盘
10:59:18	7.5	--	1	750	卖盘
10:59:15	7.5	-0.01	1	750	卖盘
10:59:12	7.51	0.01	10	7510	买盘
10:59:09	7.5	--	110	82500	卖盘
10:59:06	7.5	--	2	1500	卖盘
10:59:00	7.5	--	207	155250	卖盘
10:58:54	7.5	--	30	22500	卖盘
10:58:42	7.5	-0.01	40	30000	卖盘
10:58:39	7.51	0.01	12	9012	买盘
10:58:36	7.5	-0.01	45	33750	卖盘
10:58:30	7.51	--	2	1502	买盘
10:58:27	7.51	--	2	1502	买盘
10:58:24	7.51	0.01	30	22530	买盘
10:58:21	7.5	-0.01	40	30000	卖盘
10:58:18	7.51	--	5	3755	买盘
10:58:15	7.51	--	14	10514	买盘
10:58:06	7.51	-0.01	72	54072	卖盘
10:58:03	7.52	0.01	1	752	买盘
10:57:54	7.51	-0.01	27	20277	卖盘
10:57:48	7.52	0.01	64	48128	买盘
10:57:45	7.51	--	292	219292	卖盘
10:57:39	7.51	0.01	30	22530	买盘
10:57:33	7.5	--	25	18750	卖盘
10:57:30	7.5	--	310	232500	卖盘
10:57:27	7.5	-0.01	8	6000	卖盘
10:57:24	7.51	0.01	3	2253	中性盘
10:57:15	7.5	-0.02	2	1500	卖盘
10:57:12	7.52	0.02	38	28576	买盘
10:57:09	7.5	--	20	15000	买盘
10:57:06	7.5	--	48	36000	买盘
10:57:03	7.5	--	43	32250	买盘
10:57:00	7.5	0.01	330	247500	买盘
10:56:57	7.49	-0.01	5	3745	卖盘
10:56:54	7.5	0.01	12	9000	买盘
10:56:51	7.49	-0.01	23	17227	卖盘
10:56:48	7.5	0.01	44	33000	买盘
10:56:42	7.49	-0.01	3	2247	卖盘
10:56:39	7.5	--	32	24000	买盘
10:56:36	7.5	--	3	2250	买盘
10:56:33	7.5	0.01	8	6000	买盘
10:56:30	7.49	-0.01	85	63665	卖盘
10:56:27	7.5	--	97	72750	卖盘
10:56:24	7.5	0.01	1	750	中性盘
10:56:21	7.49	-0.04	33	24717	卖盘
10:56:15	7.53	0.01	90	67770	卖盘
10:56:12	7.52	0.01	10	7520	买盘
10:56:09	7.51	-0.02	459	344709	卖盘
10:56:03	7.53	--	54	41151	卖盘
10:56:00	7.53	--	100	75300	卖盘
10:55:57	7.53	0.04	245	184748	买盘
10:55:54	7.49	-0.04	5170	3872330	卖盘
10:55:51	7.53	0.01	1	753	买盘
10:55:42	7.52	--	237	178224	买盘
10:55:39	7.52	--	34	25568	买盘
10:55:36	7.52	-0.01	19	14288	买盘
10:55:33	7.53	0.02	6	4518	买盘
10:55:30	7.51	-0.02	144	108144	卖盘
10:55:27	7.53	--	9	6777	买盘
10:55:24	7.53	--	752	566256	买盘
10:55:21	7.53	0.01	35	26355	买盘
10:55:15	7.52	-0.01	278	209544	卖盘
10:55:12	7.53	0.01	51	38403	买盘
10:55:09	7.52	--	248	186496	卖盘
10:55:06	7.52	--	22	16544	卖盘
10:55:03	7.52	0.01	847	637207	买盘
10:55:00	7.51	--	59	44309	卖盘
10:54:57	7.51	-0.01	7	5257	卖盘
10:54:51	7.52	0.01	58	43616	买盘
10:54:48	7.51	--	181	135931	卖盘
10:54:42	7.51	-0.01	3	2253	卖盘
10:54:39	7.52	0.01	16	12032	买盘
10:54:33	7.51	0.01	71	53321	买盘
10:54:24	7.5	-0.01	65	48750	卖盘
10:54:21	7.51	0.01	20	15020	中性盘
10:54:15	7.5	-0.02	15	11250	卖盘
10:54:12	7.52	0.02	150	112800	买盘
10:54:09	7.5	--	212	159000	卖盘
10:54:00	7.5	--	20	15000	卖盘
10:53:57	7.5	--	188	141000	卖盘
10:53:51	7.5	--	4	3000	卖盘
10:53:48	7.5	-0.01	19	14250	卖盘
10:53:42	7.51	0.01	93	69843	买盘
10:53:36	7.5	--	15	11250	卖盘
10:53:33	7.5	--	54	40500	卖盘
10:53:30	7.5	-0.01	5	3750	卖盘
10:53:27	7.51	--	46	34546	买盘
10:53:24	7.51	0.01	30	22530	买盘
10:53:21	7.5	--	5	3750	卖盘
10:53:18	7.5	--	212	159000	买盘
10:53:15	7.5	--	1	750	买盘
10:53:12	7.5	--	146	109500	卖盘
10:53:09	7.5	--	4	3000	卖盘
10:53:03	7.5	--	12	9000	卖盘
10:53:00	7.5	-0.01	22	16500	卖盘
10:52:57	7.51	0.01	1005	754755	买盘
10:52:54	7.5	--	19	14250	卖盘
10:52:48	7.5	-0.01	30	22500	卖盘
10:52:45	7.51	0.01	50	37550	买盘
10:52:39	7.5	--	83	62250	卖盘
10:52:36	7.5	--	30	22500	卖盘
10:52:33	7.5	-0.01	89	66750	卖盘
10:52:30	7.51	0.01	12	9012	买盘
10:52:27	7.5	--	13	9750	卖盘
10:52:21	7.5	--	100	75000	卖盘
10:52:12	7.5	-0.01	305	228750	卖盘
10:52:09	7.51	--	441	331679	卖盘
10:52:06	7.51	--	100	75100	卖盘
10:52:03	7.51	--	14	10514	卖盘
10:52:00	7.51	--	9	6759	卖盘
10:51:57	7.51	--	115	86365	卖盘
10:51:54	7.51	--	12	9012	卖盘
10:51:51	7.51	--	40	30040	卖盘
10:51:48	7.51	--	10	7510	卖盘
10:51:45	7.51	--	18	13518	卖盘
10:51:42	7.51	--	142	106904	买盘
10:51:39	7.51	0.01	100	75100	买盘
10:51:33	7.5	-0.01	65	48750	卖盘
10:51:30	7.51	--	17	12767	买盘
10:51:24	7.51	0.01	22	16522	买盘
10:51:21	7.5	-0.01	112	84000	卖盘
10:51:18	7.51	0.01	15	11265	买盘
10:51:15	7.5	--	24	18000	买盘
10:51:12	7.5	-0.01	384	288487	卖盘
10:51:09	7.51	0.01	100	75100	买盘
10:51:06	7.5	-0.01	43	32250	卖盘
10:51:03	7.51	--	50	37550	买盘
10:50:57	7.51	--	287	215537	买盘
10:50:54	7.51	0.01	2	1502	买盘
10:50:48	7.5	--	134	100500	卖盘
10:50:45	7.5	--	3	2250	卖盘
10:50:42	7.5	-0.01	22	16500	卖盘
10:50:39	7.51	--	9	6759	买盘
10:50:36	7.51	--	57	42807	买盘
10:50:33	7.51	--	35	26285	买盘
10:50:30	7.51	--	57	42807	卖盘
10:50:27	7.51	--	2	1502	卖盘
10:50:24	7.51	--	50	37550	中性盘
10:50:12	7.51	--	227	170477	买盘
10:50:09	7.51	--	19	14269	买盘
10:50:06	7.51	--	296	222296	买盘
10:50:03	7.51	--	18	13518	买盘
10:50:00	7.51	--	8	6008	买盘
10:49:57	7.51	--	23	17273	买盘
10:49:54	7.51	--	127	95377	买盘
10:49:51	7.51	--	5	3755	买盘
10:49:48	7.51	--	5	3755	买盘
10:49:45	7.51	--	40	30040	买盘
10:49:42	7.51	--	68	51068	买盘
10:49:33	7.51	--	158	118658	卖盘
10:49:30	7.51	-0.01	27	20277	卖盘
10:49:27	7.52	0.01	85	63920	买盘
10:49:15	7.51	0.01	122	91622	买盘
10:49:09	7.5	-0.01	50	37500	卖盘
10:49:06	7.51	--	112	84112	买盘
10:49:03	7.51	--	6	4506	买盘
10:49:00	7.51	--	184	138184	买盘
10:48:57	7.51	0.01	24	18024	买盘
10:48:51	7.5	-0.01	11	8250	卖盘
10:48:48	7.51	0.01	162	121924	买盘
10:48:45	7.5	--	3	2250	买盘
10:48:42	7.5	--	1240	930000	买盘
10:48:39	7.5	--	60	45000	买盘
10:48:36	7.5	--	20	15000	买盘
10:48:33	7.5	--	87	65250	买盘
10:48:30	7.5	--	1	750	买盘
10:48:27	7.5	0.01	543	407250	买盘
10:48:24	7.49	-0.01	24	17976	卖盘
10:48:18	7.5	--	171	128250	买盘
10:48:15	7.5	0.02	218	163500	买盘
10:48:09	7.48	--	451	337348	买盘
10:48:06	7.48	0.01	2	1496	买盘
10:48:03	7.47	-0.01	50	37350	卖盘
10:48:00	7.48	--	171	127908	买盘
10:47:57	7.48	--	348	260304	买盘
10:47:54	7.48	--	19	14212	买盘
10:47:48	7.48	--	30	22440	买盘
10:47:45	7.48	--	118	88264	买盘
10:47:42	7.48	--	100	74800	买盘
10:47:39	7.48	-0.02	1528	1142944	卖盘
10:47:36	7.5	0.01	136	102000	买盘
10:47:33	7.49	-0.01	208	155792	卖盘
10:47:30	7.5	--	1257	942750	买盘
10:47:27	7.5	--	114	85500	买盘
10:47:24	7.5	-0.01	1437	1078237	卖盘
10:47:21	7.51	--	10	7510	卖盘
10:47:18	7.51	--	70	52570	卖盘
10:47:15	7.51	--	18	13518	卖盘
10:47:12	7.51	--	10	7510	卖盘
10:47:09	7.51	0.01	53	39803	中性盘
10:47:06	7.5	-0.01	209	156750	卖盘
10:47:03	7.51	--	121	90871	买盘
10:47:00	7.51	--	156	117156	买盘
10:46:57	7.51	0.01	36	27036	买盘
10:46:48	7.5	--	4	3000	卖盘
10:46:45	7.5	--	156	117000	卖盘
10:46:42	7.5	-0.01	34	25500	卖盘
10:46:39	7.51	--	17	12767	买盘
10:46:36	7.51	--	123	92373	买盘
10:46:33	7.51	--	74	55574	买盘
10:46:30	7.51	--	1120	841120	买盘
10:46:27	7.51	0.01	179	134429	买盘
10:46:24	7.5	--	253	189750	卖盘
10:46:21	7.5	--	30	22500	卖盘
10:46:18	7.5	--	862	646500	卖盘
10:46:15	7.5	-0.01	42	31500	卖盘
10:46:12	7.51	0.01	5	3755	买盘
10:46:09	7.5	-0.02	252	189000	卖盘
10:46:06	7.52	--	160	120320	买盘
10:46:03	7.52	0.01	249	187248	买盘
10:46:00	7.51	-0.01	297	223047	卖盘
10:45:57	7.52	0.01	71	53392	买盘
10:45:54	7.51	--	309	232059	卖盘
10:45:51	7.51	--	2	1502	卖盘
10:45:48	7.51	--	443	332693	卖盘
10:45:45	7.51	-0.01	30	22530	卖盘
10:45:42	7.52	--	45	33840	买盘
10:45:39	7.52	--	136	102272	买盘
10:45:36	7.52	--	7	5264	买盘
10:45:33	7.52	-0.01	10	7520	中性盘
10:45:30	7.53	0.01	427	321531	买盘
10:45:27	7.52	-0.02	23	17296	卖盘
10:45:21	7.54	--	20	15080	买盘
10:45:18	7.54	--	670	505180	买盘
10:45:15	7.54	--	107	80678	卖盘
10:45:12	7.54	-0.01	710	535340	卖盘
10:45:09	7.55	--	973	734615	买盘
10:45:06	7.55	0.01	41	30955	买盘
10:45:03	7.54	--	126	95004	卖盘
10:45:00	7.54	-0.01	10	7540	卖盘
10:44:57	7.55	0.01	12	9060	买盘
10:44:54	7.54	--	160	120640	卖盘
10:44:51	7.54	-0.01	120	90480	卖盘
10:44:48	7.55	0.01	120	90600	买盘
10:44:45	7.54	-0.01	20	15080	卖盘
10:44:42	7.55	0.01	28	21140	买盘
10:44:39	7.54	-0.01	81	61074	卖盘
10:44:36	7.55	--	3	2265	买盘
10:44:33	7.55	--	40	30200	买盘
10:44:30	7.55	--	12	9060	买盘
10:44:27	7.55	--	354	267270	卖盘
10:44:24	7.55	0.01	477	360135	买盘
10:44:21	7.54	-0.01	2	1508	卖盘
10:44:18	7.55	0.01	156	117780	买盘
10:44:15	7.54	-0.01	90	67860	卖盘
10:44:12	7.55	--	67	50585	买盘
10:44:09	7.55	--	437	329935	买盘
10:44:06	7.55	--	10	7550	买盘
10:44:03	7.55	--	130	98150	买盘
10:44:00	7.55	0.01	65	49075	买盘
10:43:57	7.54	--	189	142506	卖盘
10:43:54	7.54	-0.02	77	58058	卖盘
10:43:51	7.56	0.01	21	15876	买盘
10:43:48	7.55	--	213	160815	买盘
10:43:45	7.55	--	9	6795	买盘
10:43:39	7.55	--	679	512645	卖盘
10:43:36	7.55	--	23	17365	卖盘
10:43:30	7.55	-0.01	415	313325	卖盘
10:43:27	7.56	0.01	24	18144	买盘
10:43:24	7.55	--	134	101170	买盘
10:43:21	7.55	0.01	85	64175	买盘
10:43:18	7.54	-0.02	2	1508	卖盘
10:43:15	7.56	0.01	179	135324	买盘
10:43:09	7.55	--	493	372215	买盘
10:43:06	7.55	0.01	144	108720	买盘
10:43:03	7.54	--	196	147784	卖盘
10:43:00	7.54	--	147	110838	卖盘
10:42:57	7.54	--	23	17342	卖盘
10:42:54	7.54	--	1	754	卖盘
10:42:51	7.54	--	53	39962	买盘
10:42:48	7.54	--	472	355888	买盘
10:42:45	7.54	--	56	42224	买盘
10:42:42	7.54	--	62	46748	买盘
10:42:39	7.54	-0.01	82	61828	买盘
10:42:33	7.55	0.01	1127	850885	买盘
10:42:30	7.54	-0.01	165	124410	卖盘
10:42:27	7.55	--	17	12835	买盘
10:42:24	7.55	0.01	66	49830	买盘
10:42:21	7.54	-0.01	34	25636	卖盘
10:42:18	7.55	0.01	115	86825	买盘
10:42:15	7.54	-0.01	15	11310	卖盘
10:42:12	7.55	0.01	120	90600	买盘
10:42:09	7.54	--	941	709514	买盘
10:42:06	7.54	-0.01	2179	1642966	卖盘
10:42:03	7.55	--	3	2265	买盘
10:42:00	7.55	0.01	4	3020	买盘
10:41:57	7.54	--	72	54288	卖盘
10:41:54	7.54	--	9	6786	卖盘
10:41:51	7.54	--	37	27898	卖盘
10:41:48	7.54	--	73	55042	卖盘
10:41:42	7.54	0.01	118	88972	买盘
10:41:36	7.53	--	89	67017	卖盘
10:41:30	7.53	-0.01	10	7530	卖盘
10:41:27	7.54	-0.01	35	26390	卖盘
10:41:24	7.55	0.01	170	128350	买盘
10:41:21	7.54	--	75	56550	卖盘
10:41:18	7.54	0.01	69	52026	买盘
10:41:15	7.53	0.01	157	118221	中性盘
10:41:12	7.52	-0.01	398	299296	卖盘
10:41:09	7.53	--	142	106926	买盘
10:41:06	7.53	-0.01	356	268068	卖盘
10:41:03	7.54	-0.01	35	26390	卖盘
10:41:00	7.55	--	92	69460	买盘
10:40:57	7.55	0.02	94	70970	买盘
10:40:54	7.53	-0.01	51	38403	卖盘
10:40:51	7.54	--	48	36192	买盘
10:40:48	7.54	-0.01	95	71630	卖盘
10:40:45	7.55	--	33	24915	买盘
10:40:42	7.55	--	93	70215	买盘
10:40:39	7.55	-0.01	279	210645	卖盘
10:40:36	7.56	--	19	14364	买盘
10:40:33	7.56	--	1	756	买盘
10:40:30	7.56	--	2	1512	买盘
10:40:27	7.56	--	374	282744	卖盘
10:40:24	7.56	-0.01	788	595728	卖盘
10:40:21	7.57	0.01	87	65859	买盘
10:40:18	7.56	--	172	130032	卖盘
10:40:15	7.56	-0.01	56	42336	卖盘
10:40:12	7.57	--	52	39364	买盘
10:40:09	7.57	0.01	661	500377	买盘
10:40:06	7.56	--	44	33264	买盘
10:40:03	7.56	0.01	66	49896	买盘
10:40:00	7.55	--	81	61155	卖盘
10:39:57	7.55	-0.01	85	64175	卖盘
10:39:51	7.56	0.01	263	198828	买盘
10:39:48	7.55	-0.01	86	64930	卖盘
10:39:45	7.56	-0.01	132	99792	买盘
10:39:42	7.57	0.01	64	48448	买盘
10:39:39	7.56	-0.01	125	94500	卖盘
10:39:36	7.57	-0.01	133	100681	中性盘
10:39:33	7.58	0.01	322	244076	买盘
10:39:30	7.57	0.01	170	128690	买盘
10:39:27	7.56	-0.02	12	9072	卖盘
10:39:24	7.58	--	343	259994	卖盘
10:39:21	7.58	-0.01	409	310022	卖盘
10:39:18	7.59	--	85	64515	买盘
10:39:15	7.59	--	425	322575	买盘
10:39:12	7.59	-0.03	680	516833	卖盘
10:39:09	7.62	0.02	652	496824	买盘
10:39:06	7.6	--	732	556320	卖盘
10:39:03	7.6	--	1837	1396165	买盘
10:39:00	7.6	--	484	367840	买盘
10:38:57	7.6	0.01	1388	1054880	买盘
10:38:54	7.59	-0.01	337	255783	卖盘
10:38:51	7.6	--	533	405080	买盘
10:38:48	7.6	0.01	1548	1176480	买盘
10:38:45	7.59	0.01	300	227700	中性盘
10:38:42	7.58	--	1277	967966	卖盘
10:38:39	7.58	--	10223	7749034	卖盘
10:38:36	7.58	--	1811	1372738	卖盘
10:38:33	7.58	0.07	89	67462	买盘
10:38:30	7.51	-0.01	10161	7630911	卖盘
10:38:27	7.52	-0.03	33	24816	中性盘
10:38:24	7.55	0.04	10049	7586995	买盘
10:38:21	7.51	--	402	301902	买盘
10:38:18	7.51	--	88	66088	买盘
10:38:15	7.51	0.01	144	108144	买盘
10:38:12	7.5	-0.02	138	103500	卖盘
10:38:09	7.52	0.01	2572	1934144	买盘
10:38:06	7.51	0.01	1184	889184	买盘
10:38:03	7.5	--	64	48000	卖盘
10:38:00	7.5	0.02	7632	5724262	买盘
10:37:57	7.48	--	122	91256	卖盘
10:37:54	7.48	-0.02	500	374000	卖盘
10:37:51	7.5	0.02	51	38250	买盘
10:37:48	7.48	-0.02	1	748	中性盘
10:37:45	7.5	0.03	10018	7513500	买盘
10:37:42	7.47	0.01	154	115239	买盘
10:37:39	7.46	-0.01	185	138554	卖盘
10:37:36	7.47	--	526	393123	买盘
10:37:33	7.47	--	10	7470	买盘
10:37:30	7.47	--	209	156123	买盘
10:37:27	7.47	0.01	549	410103	买盘
10:37:24	7.46	--	101	75346	卖盘
10:37:21	7.46	--	104	77584	卖盘
10:37:18	7.46	--	176	131296	卖盘
10:37:15	7.46	-0.01	395	294670	卖盘
10:37:12	7.47	0.02	67	50049	买盘
10:37:09	7.45	--	1316	980420	卖盘
10:37:06	7.45	-0.01	100	74500	卖盘
10:37:03	7.46	--	6	4476	买盘
10:37:00	7.46	0.01	54	40284	买盘
10:36:57	7.45	--	28	21247	买盘
10:36:54	7.45	--	188	140060	买盘
10:36:51	7.45	0.02	210	156450	买盘
10:36:48	7.43	-0.01	20	14860	卖盘
10:36:45	7.44	--	1249	929256	买盘
10:36:42	7.44	--	29	21576	买盘
10:36:39	7.44	--	873	649512	买盘
10:36:36	7.44	0.01	520	386880	买盘
10:36:33	7.43	--	5	3715	卖盘
10:36:30	7.43	--	818	607774	买盘
10:36:24	7.43	0.01	226	167918	买盘
10:36:21	7.42	0.02	106	78652	买盘
10:36:18	7.4	-0.01	19	14060	卖盘
10:36:15	7.41	0.01	11	8151	买盘
10:36:12	7.4	-0.01	92	68080	卖盘
10:36:09	7.41	0.01	136	100776	买盘
10:36:06	7.4	--	156	115440	卖盘
10:36:00	7.4	-0.01	11	8140	卖盘
10:35:57	7.41	0.01	4	2964	买盘
10:35:54	7.4	--	141	104976	买盘
10:35:51	7.4	--	5	3700	买盘
10:35:48	7.4	--	7	5180	买盘
10:35:39	7.4	-0.01	1091	807710	卖盘
10:35:36	7.41	-0.01	10	7410	卖盘
10:35:33	7.42	0.01	243	180306	买盘
10:35:30	7.41	--	63	46683	卖盘
10:35:27	7.41	--	229	169689	卖盘
10:35:24	7.41	--	10	7410	卖盘
10:35:18	7.41	--	10	7410	卖盘
10:35:09	7.41	--	7	5187	卖盘
10:35:06	7.41	0.01	201	149311	买盘
10:35:03	7.4	--	420	310800	卖盘
10:35:00	7.4	--	110	81400	卖盘
10:34:57	7.4	--	4	2960	卖盘
10:34:48	7.4	-0.01	10	7400	卖盘
10:34:42	7.41	0.01	23	17043	买盘
10:34:39	7.4	-0.01	36	26640	卖盘
10:34:30	7.41	0.01	1	741	买盘
10:34:27	7.4	--	165	122100	买盘
10:34:21	7.4	--	52	38480	卖盘
10:34:18	7.4	0.01	3	2220	中性盘
10:34:15	7.39	-0.02	88	65032	卖盘
10:34:12	7.41	0.01	14	10374	买盘
10:34:09	7.4	--	573	424020	买盘
10:34:00	7.4	--	21	15540	买盘
10:33:57	7.4	0.01	51	37740	买盘
10:33:54	7.39	-0.01	253	186967	卖盘
10:33:51	7.4	--	12	8880	买盘
10:33:48	7.4	0.01	19	14060	买盘
10:33:45	7.39	-0.02	185	136715	卖盘
10:33:42	7.41	--	12	8892	买盘
10:33:39	7.41	0.01	202	149682	买盘
10:33:36	7.4	--	16	11840	卖盘
10:33:30	7.4	--	14	10360	卖盘
10:33:27	7.4	-0.01	14	10360	卖盘
10:33:24	7.41	0.01	20	14820	买盘
10:33:18	7.4	-0.01	38	28120	卖盘
10:33:15	7.41	0.01	100	74100	买盘
10:33:12	7.4	--	4	2960	卖盘
10:33:09	7.4	-0.01	9	6660	卖盘
10:33:03	7.41	--	5	3705	买盘
10:33:00	7.41	-0.01	200	148200	卖盘
10:32:57	7.42	0.01	82	60844	买盘
10:32:54	7.41	-0.01	40	29640	卖盘
10:32:48	7.42	--	30	22260	买盘
10:32:45	7.42	0.01	57	42294	买盘
10:32:42	7.41	--	50	37050	卖盘
10:32:39	7.41	-0.01	10	7410	卖盘
10:32:33	7.42	--	19	14098	买盘
10:32:24	7.42	--	38	28196	买盘
10:32:21	7.42	-0.01	923	684866	卖盘
10:32:18	7.43	--	13	9659	买盘
10:32:15	7.43	--	48	35664	卖盘
10:32:12	7.43	--	3	2229	买盘
10:32:09	7.43	-0.01	326	242218	卖盘
10:32:03	7.44	--	11	8184	买盘
10:31:57	7.44	--	53	39432	买盘
10:31:54	7.44	0.01	4	2976	买盘
10:31:51	7.43	--	33	24519	卖盘
10:31:45	7.43	-0.01	112	83216	卖盘
10:31:39	7.44	0.01	62	46128	买盘
10:31:36	7.43	--	3	2229	卖盘
10:31:33	7.43	-0.01	17	12631	卖盘
10:31:30	7.44	0.01	1020	758880	买盘
10:31:27	7.43	0.01	97	72071	买盘
10:31:24	7.42	-0.01	50	37100	卖盘
10:31:18	7.43	0.01	54	40122	买盘
10:31:15	7.42	--	70	51940	买盘
10:31:12	7.42	--	43	31906	卖盘
10:31:09	7.42	--	957	710094	买盘
10:31:06	7.42	0.01	88	65296	买盘
10:31:03	7.41	0.01	716	530556	买盘
10:31:00	7.4	-0.01	6	4440	卖盘
10:30:57	7.41	--	77	57057	买盘
10:30:54	7.41	--	89	65949	买盘
10:30:51	7.41	--	6	4446	买盘
10:30:48	7.41	--	227	168207	买盘
10:30:45	7.41	--	150	111150	买盘
10:30:42	7.41	-0.01	361	267501	卖盘
10:30:36	7.42	--	12	8904	买盘
10:30:33	7.42	0.02	12	8904	买盘
10:30:30	7.4	-0.01	93	68820	卖盘
10:30:27	7.41	--	154	114114	卖盘
10:30:24	7.41	--	145	107445	卖盘
10:30:21	7.41	--	10	7410	卖盘
10:30:18	7.41	0.01	3	2223	买盘
10:30:15	7.4	-0.01	49	36260	卖盘
10:30:09	7.41	0.01	295	218595	买盘
10:30:03	7.4	0.01	2063	1526620	买盘
10:30:00	7.39	--	141	104199	买盘
10:29:57	7.39	0.01	34	25126	买盘
10:29:51	7.38	--	17	12546	卖盘
10:29:48	7.38	-0.01	162	119556	卖盘
10:29:39	7.39	0.01	46	33994	买盘
10:29:36	7.38	--	193	142434	买盘
10:29:33	7.38	--	2	1476	买盘
10:29:30	7.38	0.01	8	5904	买盘
10:29:27	7.37	--	32	23584	卖盘
10:29:21	7.37	--	10	7370	卖盘
10:29:18	7.37	-0.01	10	7370	中性盘
10:29:15	7.38	0.01	61	45018	买盘
10:29:09	7.37	0.01	511	376688	买盘
10:29:06	7.36	--	244	179584	买盘
10:29:03	7.36	--	42	30912	买盘
10:29:00	7.36	-0.02	3570	2627520	卖盘
10:28:57	7.38	-0.01	42	30996	卖盘
10:28:54	7.39	--	42	31038	买盘
10:28:45	7.39	0.02	14	10346	买盘
10:28:42	7.37	-0.03	60	44220	卖盘
10:28:39	7.4	0.02	65	48100	买盘
10:28:36	7.38	0.01	24	17712	买盘
10:28:33	7.37	-0.01	88	64856	卖盘
10:28:30	7.38	--	40	29520	买盘
10:28:27	7.38	--	177	130626	买盘
10:28:24	7.38	0.02	30	22140	中性盘
10:28:18	7.36	-0.02	35	25760	卖盘
10:28:15	7.38	0.02	22	16236	买盘
10:28:12	7.36	-0.02	197	144992	卖盘
10:28:09	7.38	--	34	25092	买盘
10:28:06	7.38	--	371	273798	买盘
10:28:03	7.38	--	108	79704	卖盘
10:28:00	7.38	-0.01	6	4428	卖盘
10:27:57	7.39	0.01	135	99765	买盘
10:27:54	7.38	-0.01	70	51660	卖盘
10:27:51	7.39	--	50	36950	买盘
10:27:48	7.39	--	14	10346	买盘
10:27:45	7.39	--	38	28082	买盘
10:27:42	7.39	--	200	147800	买盘
10:27:39	7.39	--	57	42123	买盘
10:27:36	7.39	0.01	11	8129	买盘
10:27:33	7.38	-0.01	20	14760	中性盘
10:27:30	7.39	0.02	41	30299	买盘
10:27:24	7.37	0.02	2	1474	卖盘
10:27:21	7.35	-0.05	6000	4410000	卖盘
10:27:18	7.4	--	196	145040	买盘
10:27:15	7.4	--	90	66600	买盘
10:27:12	7.4	--	37	27380	买盘
10:27:09	7.4	0.01	155	114700	买盘
10:27:06	7.39	--	495	366514	买盘
10:27:03	7.39	--	1	739	买盘
10:27:00	7.39	--	233	172187	买盘
10:26:54	7.39	0.01	39	28821	买盘
10:26:51	7.38	-0.01	155	114390	卖盘
10:26:48	7.39	--	4	2956	买盘
10:26:45	7.39	-0.01	81	59859	买盘
10:26:42	7.4	0.01	152	112480	买盘
10:26:39	7.39	--	12	8868	买盘
10:26:36	7.39	--	19	14041	卖盘
10:26:33	7.39	0.01	59	43601	买盘
10:26:30	7.38	-0.01	90	66420	卖盘
10:26:27	7.39	0.01	10	7390	买盘
10:26:24	7.38	-0.01	60	44280	卖盘
10:26:21	7.39	0.01	13	9607	卖盘
10:26:18	7.38	-0.02	10	7380	买盘
10:26:15	7.4	--	2050	1517000	买盘
10:26:12	7.4	0.02	107	79180	买盘
10:26:09	7.38	-0.01	95	70110	卖盘
10:26:06	7.39	0.01	247	182533	买盘
10:26:00	7.38	-0.01	15	11070	卖盘
10:25:57	7.39	--	1	739	买盘
10:25:54	7.39	0.01	5	3695	买盘
10:25:51	7.38	-0.01	24	17712	卖盘
10:25:48	7.39	0.01	18	13302	买盘
10:25:45	7.38	--	33	24354	卖盘
10:25:42	7.38	--	21	15498	卖盘
10:25:39	7.38	--	119	87822	卖盘
10:25:33	7.38	-0.01	30	22140	卖盘
10:25:30	7.39	0.01	25	18475	买盘
10:25:27	7.38	-0.01	90	66420	卖盘
10:25:21	7.39	0.01	55	40645	买盘
10:25:18	7.38	-0.01	61	45018	卖盘
10:25:15	7.39	--	20	14780	买盘
10:25:09	7.39	--	15	11085	买盘
10:25:06	7.39	0.01	40	29560	买盘
10:25:03	7.38	-0.01	333	245754	卖盘
10:25:00	7.39	0.01	10	7390	买盘
10:24:57	7.38	--	17	12546	卖盘
10:24:54	7.38	--	75	55350	卖盘
10:24:51	7.38	--	10	7380	卖盘
10:24:48	7.38	--	97	71586	卖盘
10:24:45	7.38	--	42	30996	买盘
10:24:42	7.38	--	88	64944	买盘
10:24:39	7.38	0.01	11	8118	买盘
10:24:36	7.37	-0.01	10	7370	卖盘
10:24:33	7.38	--	245	180810	卖盘
10:24:30	7.38	--	50	36988	卖盘
10:24:27	7.38	--	38	28044	卖盘
10:24:24	7.38	--	28	20664	卖盘
10:24:21	7.38	--	76	56088	买盘
10:24:18	7.38	--	62	45756	买盘
10:24:15	7.38	--	20	14760	买盘
10:24:12	7.38	--	12	8856	买盘
10:24:09	7.38	-0.01	46	33948	中性盘
10:24:06	7.39	0.01	578	427215	买盘
10:24:03	7.38	--	31	23542	买盘
10:23:57	7.38	--	12	8856	买盘
10:23:54	7.38	--	46	34021	卖盘
10:23:51	7.38	-0.01	51	37638	卖盘
10:23:48	7.39	0.01	1	739	买盘
10:23:45	7.38	--	263	194094	卖盘
10:23:42	7.38	--	23	16974	卖盘
10:23:39	7.38	--	173	128338	买盘
10:23:36	7.38	--	727	536526	买盘
10:23:33	7.38	--	173	127674	买盘
10:23:30	7.38	--	15	11070	买盘
10:23:27	7.38	0.01	465	343170	买盘
10:23:24	7.37	--	83	61171	卖盘
10:23:21	7.37	-0.01	506	372922	卖盘
10:23:18	7.38	--	36	26568	买盘
10:23:15	7.38	0.01	253	186714	买盘
10:23:12	7.37	--	54	39798	卖盘
10:23:09	7.37	-0.01	204	150348	卖盘
10:23:06	7.38	0.01	3140	2317320	买盘
10:23:03	7.37	--	2	1474	卖盘
10:23:00	7.37	-0.01	10	7370	卖盘
10:22:57	7.38	--	2	1476	买盘
10:22:54	7.38	--	1315	971200	卖盘
10:22:51	7.38	--	49	36162	卖盘
10:22:48	7.38	--	25	18450	卖盘
10:22:45	7.38	-0.01	31	22878	卖盘
10:22:42	7.39	--	6	4434	买盘
10:22:39	7.39	--	2	1478	买盘
10:22:36	7.39	--	120	88680	买盘
10:22:33	7.39	0.01	100	73900	买盘
10:22:30	7.38	-0.01	34	25092	卖盘
10:22:24	7.39	--	38	28082	卖盘
10:22:21	7.39	--	613	453007	卖盘
10:22:18	7.39	--	5	3695	卖盘
10:22:15	7.39	--	14	10346	卖盘
10:22:12	7.39	--	4	2956	卖盘
10:22:09	7.39	0.01	8	5919	买盘
10:22:06	7.38	-0.01	463	341694	卖盘
10:22:03	7.39	0.01	259	191401	买盘
10:22:00	7.38	-0.01	126	92988	卖盘
10:21:57	7.39	--	72	53208	买盘
10:21:54	7.39	--	315	232785	买盘
10:21:48	7.39	--	522	386489	卖盘
10:21:45	7.39	-0.01	36	26604	卖盘
10:21:42	7.4	--	66	48840	买盘
10:21:39	7.4	0.01	25	18500	买盘
10:21:36	7.39	-0.01	120	88680	卖盘
10:21:33	7.4	--	11	8140	买盘
10:21:30	7.4	--	22	16280	买盘
10:21:27	7.4	--	51	37740	卖盘
10:21:24	7.4	--	1030	762200	卖盘
10:21:15	7.4	--	44	32560	卖盘
10:21:12	7.4	--	7	5180	卖盘
10:21:09	7.4	--	3	2220	卖盘
10:21:06	7.4	--	110	81400	买盘
10:21:03	7.4	--	91	67340	买盘
10:21:00	7.4	--	4	2960	买盘
10:20:54	7.4	--	101	74740	买盘
10:20:51	7.4	--	979	724460	卖盘
10:20:48	7.4	--	112	82880	卖盘
10:20:45	7.4	--	3	2220	卖盘
10:20:42	7.4	-0.01	238	176120	卖盘
10:20:39	7.41	--	460	340860	买盘
10:20:36	7.41	0.01	175	129675	买盘
10:20:33	7.4	--	39	28860	卖盘
10:20:30	7.4	-0.01	24	17760	卖盘
10:20:27	7.41	--	169	125229	买盘
10:20:24	7.41	0.01	62	45942	买盘
10:20:18	7.4	--	99	73260	卖盘
10:20:15	7.4	--	81	59940	卖盘
10:20:12	7.4	--	40	29600	卖盘
10:20:09	7.4	-0.01	25	18500	卖盘
10:20:06	7.41	0.02	591	437938	买盘
10:20:03	7.39	--	4667	3449511	卖盘
10:20:00	7.39	--	210	155190	卖盘
10:19:57	7.39	--	628	464092	卖盘
10:19:54	7.39	-0.01	496	366544	卖盘
10:19:51	7.4	-0.01	10	7400	买盘
10:19:48	7.41	0.02	80	59280	买盘
10:19:45	7.39	-0.01	49	36211	卖盘
10:19:42	7.4	--	23	17049	卖盘
10:19:39	7.4	-0.01	1006	744440	卖盘
10:19:36	7.41	0.01	376	278616	买盘
10:19:33	7.4	--	10	7400	卖盘
10:19:30	7.4	-0.01	175	129500	卖盘
10:19:27	7.41	0.01	15	11115	买盘
10:19:24	7.4	--	18	13320	卖盘
10:19:18	7.4	--	121	90250	卖盘
10:19:15	7.4	-0.01	39	28860	卖盘
10:19:09	7.41	-0.01	171	126740	卖盘
10:19:03	7.42	0.01	1089	808038	买盘
10:19:00	7.41	--	4	2964	卖盘
10:18:57	7.41	-0.01	44	32604	卖盘
10:18:54	7.42	0.01	6	4452	卖盘
10:18:48	7.41	-0.02	58	42978	卖盘
10:18:45	7.43	0.02	93	69099	买盘
10:18:42	7.41	--	29	21489	卖盘
10:18:39	7.41	--	6	4446	卖盘
10:18:36	7.41	--	14	10374	卖盘
10:18:33	7.41	-0.01	500	370500	卖盘
10:18:30	7.42	-0.01	2	1484	卖盘
10:18:27	7.43	0.01	61	45323	买盘
10:18:24	7.42	--	127	94234	卖盘
10:18:21	7.42	--	50	37100	卖盘
10:18:18	7.42	--	1	742	卖盘
10:18:15	7.42	-0.01	125	92750	卖盘
10:18:12	7.43	--	36	26748	买盘
10:18:06	7.43	-0.02	326	242218	卖盘
10:18:03	7.45	0.02	5	3725	买盘
10:17:57	7.43	-0.03	166	123338	卖盘
10:17:54	7.46	--	236	176056	买盘
10:17:51	7.46	0.01	27	20142	买盘
10:17:48	7.45	-0.01	64	47680	中性盘
10:17:45	7.46	0.02	182	135772	买盘
10:17:42	7.44	-0.02	3	2232	卖盘
10:17:39	7.46	0.02	34	25364	买盘
10:17:33	7.44	--	75	55800	卖盘
10:17:30	7.44	-0.02	40	29760	卖盘
10:17:27	7.46	0.02	21	15666	买盘
10:17:24	7.44	-0.02	268	199392	卖盘
10:17:21	7.46	0.01	410	305860	买盘
10:17:18	7.45	0.01	210	156450	买盘
10:17:15	7.44	--	885	658440	卖盘
10:17:12	7.44	--	33	24552	卖盘
10:17:09	7.44	--	11	8184	卖盘
10:17:06	7.44	0.01	502	373488	买盘
10:17:03	7.43	-0.01	10	7430	卖盘
10:17:00	7.44	--	41	30504	买盘
10:16:57	7.44	0.01	214	159216	买盘
10:16:54	7.43	-0.01	230	170890	卖盘
10:16:51	7.44	--	300	223200	买盘
10:16:48	7.44	--	390	290160	买盘
10:16:45	7.44	0.01	143	106392	买盘
10:16:42	7.43	--	16	11888	卖盘
10:16:39	7.43	--	6	4458	卖盘
10:16:36	7.43	--	210	156030	卖盘
10:16:33	7.43	0.01	58	43094	买盘
10:16:30	7.42	--	20	14840	卖盘
10:16:27	7.42	-0.02	210	155820	中性盘
10:16:24	7.44	--	214	159216	买盘
10:16:21	7.44	0.02	673	500712	买盘
10:16:18	7.42	-0.02	208	154336	卖盘
10:16:15	7.44	0.02	173	128712	买盘
10:16:09	7.42	--	3	2226	卖盘
10:16:06	7.42	-0.01	923	684866	卖盘
10:16:03	7.43	0.01	119	88417	买盘
10:16:00	7.42	--	82	60844	卖盘
10:15:57	7.42	--	131	97202	卖盘
10:15:54	7.42	--	16	11872	卖盘
10:15:51	7.42	--	457	339094	买盘
10:15:48	7.42	0.01	36	26712	买盘
10:15:45	7.41	--	286	212637	卖盘
10:15:42	7.41	-0.01	5	3705	卖盘
10:15:36	7.42	0.01	18	13356	买盘
10:15:30	7.41	-0.01	527	390507	卖盘
10:15:27	7.42	--	2	1484	卖盘
10:15:24	7.42	--	145	107590	卖盘
10:15:21	7.42	-0.01	529	392518	卖盘
10:15:18	7.43	0.01	41	30463	买盘
10:15:15	7.42	--	143	106106	卖盘
10:15:12	7.42	--	153	113526	卖盘
10:15:06	7.42	-0.01	133	98686	卖盘
10:15:03	7.43	--	308	228844	买盘
10:15:00	7.43	--	20	14860	买盘
10:14:57	7.43	--	24	17832	买盘
10:14:54	7.43	--	10	7430	买盘
10:14:51	7.43	--	172	127796	卖盘
10:14:48	7.43	-0.01	416	309088	卖盘
10:14:45	7.44	0.01	134	99696	买盘
10:14:42	7.43	-0.01	44	32692	卖盘
10:14:39	7.44	0.01	60	44640	买盘
10:14:36	7.43	--	232	172376	卖盘
10:14:33	7.43	-0.01	51	37893	卖盘
10:14:30	7.44	--	168	124992	买盘
10:14:27	7.44	--	290	215760	买盘
10:14:24	7.44	--	225	167400	买盘
10:14:21	7.44	--	594	441936	卖盘
10:14:18	7.44	-0.01	40	29760	卖盘
10:14:15	7.45	--	13	9685	买盘
10:14:12	7.45	--	6	4470	买盘
10:14:09	7.45	0.02	3	2235	买盘
10:14:06	7.43	-0.01	9	6687	卖盘
10:14:03	7.44	--	464	345216	买盘
10:14:00	7.44	0.01	71	52824	买盘
10:13:57	7.43	-0.01	291	216213	卖盘
10:13:54	7.44	-0.01	91	67704	中性盘
10:13:51	7.45	0.01	134	99830	买盘
10:13:48	7.44	--	436	324384	买盘
10:13:45	7.44	--	103	76632	买盘
10:13:42	7.44	--	282	209808	买盘
10:13:39	7.44	0.01	126	93744	买盘
10:13:36	7.43	--	37	27491	卖盘
10:13:33	7.43	--	129	95847	买盘
10:13:30	7.43	0.01	334	248162	中性盘
10:13:27	7.42	-0.01	131	97202	卖盘
10:13:24	7.43	--	150	111450	买盘
10:13:21	7.43	--	40	29720	买盘
10:13:18	7.43	--	93	69099	买盘
10:13:15	7.43	--	230	170890	买盘
10:13:12	7.43	--	105	78015	买盘
10:13:09	7.43	--	484	359612	卖盘
10:13:06	7.43	--	50	37150	卖盘
10:13:03	7.43	--	491	364813	买盘
10:13:00	7.43	--	27	20061	买盘
10:12:57	7.43	--	552	410136	买盘
10:12:54	7.43	--	111	82473	卖盘
10:12:51	7.43	-0.01	158	117394	卖盘
10:12:48	7.44	0.01	486	361584	买盘
10:12:45	7.43	-0.01	33	24519	中性盘
10:12:42	7.44	--	103	76632	买盘
10:12:39	7.44	0.02	361	268584	买盘
10:12:36	7.42	-0.02	100	74200	卖盘
10:12:33	7.44	--	106	78864	买盘
10:12:30	7.44	0.01	423	314712	买盘
10:12:27	7.43	--	143	106249	卖盘
10:12:24	7.43	-0.01	79	58697	中性盘
10:12:21	7.44	--	203	151032	买盘
10:12:18	7.44	0.01	77	57288	买盘
10:12:15	7.43	--	85	63155	买盘
10:12:12	7.43	0.01	137	101791	买盘
10:12:09	7.42	0.01	258	191436	买盘
10:12:06	7.41	--	447	331227	买盘
10:12:03	7.41	-0.03	444	329033	卖盘
10:12:00	7.44	--	330	245520	买盘
10:11:57	7.44	0.01	221	165138	买盘
10:11:54	7.43	0.01	272	202096	买盘
10:11:51	7.42	--	176	130592	买盘
10:11:48	7.42	--	274	203308	买盘
10:11:45	7.42	0.02	51	37842	买盘
10:11:42	7.4	-0.03	310	229400	卖盘
10:11:39	7.43	--	27	20061	买盘
10:11:36	7.43	--	6	4458	买盘
10:11:33	7.43	--	1138	845534	买盘
10:11:30	7.43	0.03	309	229587	买盘
10:11:27	7.4	-0.01	248	183520	卖盘
10:11:24	7.41	0.01	232	171912	买盘
10:11:21	7.4	--	139	102860	买盘
10:11:18	7.4	0.01	1660	1228400	买盘
10:11:15	7.39	--	247	182533	卖盘
10:11:12	7.39	-0.01	67	49513	卖盘
10:11:09	7.4	--	164	121360	卖盘
10:11:06	7.4	--	239	176860	卖盘
10:11:03	7.4	--	367	271580	买盘
10:11:00	7.4	0.01	7	5180	买盘
10:10:57	7.39	-0.01	48	35472	卖盘
10:10:54	7.4	--	69	51060	买盘
10:10:51	7.4	-0.01	245	181300	卖盘
10:10:48	7.41	--	42	31122	买盘
10:10:45	7.41	--	22	16302	买盘
10:10:42	7.41	-0.01	230	170430	卖盘
10:10:39	7.42	--	575	426650	买盘
10:10:36	7.42	--	1	742	买盘
10:10:33	7.42	0.02	56	41552	买盘
10:10:30	7.4	-0.01	90	66600	卖盘
10:10:27	7.41	-0.01	1550	1148550	卖盘
10:10:24	7.42	-0.01	42	31164	卖盘
10:10:21	7.43	0.01	34	25262	买盘
10:10:18	7.42	--	742	550564	买盘
10:10:15	7.42	--	189	140238	买盘
10:10:12	7.42	0.01	32	23744	买盘
10:10:09	7.41	-0.01	244	180804	卖盘
10:10:06	7.42	-0.02	397	294574	卖盘
10:10:03	7.44	0.01	108	80352	买盘
10:10:00	7.43	--	110	81730	卖盘
10:09:57	7.43	--	157	116651	买盘
10:09:54	7.43	--	118	87674	买盘
10:09:51	7.43	--	171	127053	买盘
10:09:48	7.43	0.01	32	23776	买盘
10:09:45	7.42	-0.01	133	98686	卖盘
10:09:42	7.43	-0.02	1078	800954	卖盘
10:09:39	7.45	--	480	357600	买盘
10:09:36	7.45	0.01	100	74500	买盘
10:09:33	7.44	-0.01	100	74400	卖盘
10:09:30	7.45	--	22	16390	买盘
10:09:27	7.45	0.01	271	201895	买盘
10:09:24	7.44	--	591	439704	卖盘
10:09:21	7.44	-0.01	1019	758136	卖盘
10:09:18	7.45	-0.01	29	21605	中性盘
10:09:06	7.46	0.01	351	261846	买盘
10:09:03	7.45	0.01	782	582590	买盘
10:08:54	7.44	--	12	8928	卖盘
10:08:51	7.44	-0.01	246	183024	卖盘
10:08:48	7.45	--	629	468605	买盘
10:08:45	7.45	0.01	3	2235	买盘
10:08:39	7.44	0.01	55	40920	买盘
10:08:36	7.43	-0.02	210	156030	卖盘
10:08:33	7.45	0.01	120	89400	买盘
10:08:30	7.44	0.01	51	37944	买盘
10:08:27	7.43	-0.01	7	5201	卖盘
10:08:24	7.44	--	111	82584	买盘
10:08:21	7.44	--	138	102672	买盘
10:08:18	7.44	--	333	247752	买盘
10:08:15	7.44	-0.02	726	540144	卖盘
10:08:12	7.46	0.02	120	89520	买盘
10:08:06	7.44	-0.01	3	2232	卖盘
10:08:03	7.45	0.01	185	137825	买盘
10:08:00	7.44	--	514	382490	买盘
10:07:57	7.44	--	252	187488	买盘
10:07:54	7.44	0.01	197	146568	买盘
10:07:51	7.43	-0.01	15	11145	卖盘
10:07:48	7.44	--	208	154752	买盘
10:07:45	7.44	--	60	44640	买盘
10:07:42	7.44	--	100	74400	买盘
10:07:39	7.44	--	32	23808	卖盘
10:07:36	7.44	-0.01	97	72168	买盘
10:07:33	7.45	--	342	254790	买盘
10:07:30	7.45	--	166	124228	买盘
10:07:27	7.45	--	136	101320	买盘
10:07:24	7.45	--	127	94615	买盘
10:07:21	7.45	--	137	102065	买盘
10:07:18	7.45	0.01	10	7450	买盘
