成交时间	成交价	价格变动	成交量(手)	成交额(元)	性质
15:00:03	13.28	0.01	1282	1702496	买盘
14:57:00	13.27	--	17	22559	卖盘
14:56:57	13.27	--	11	14597	买盘
14:56:54	13.27	--	50	66350	买盘
14:56:48	13.27	--	171	226917	卖盘
14:56:42	13.27	--	25	33175	卖盘
14:56:39	13.27	--	15	19905	卖盘
14:56:36	13.27	0.02	357	473739	买盘
14:56:33	13.25	-0.01	32	42400	卖盘
14:56:30	13.26	--	6	7956	买盘
14:56:27	13.26	--	373	494598	买盘
14:56:24	13.26	--	20	26520	买盘
14:56:18	13.26	--	15	19890	买盘
14:56:15	13.26	--	30	39780	买盘
14:56:12	13.26	-0.01	56	74256	卖盘
14:56:00	13.27	--	22	29194	买盘
14:55:54	13.27	--	1	1327	买盘
14:55:51	13.27	-0.01	17	22559	卖盘
14:55:48	13.28	--	1	1328	买盘
14:55:45	13.28	0.01	65	86320	买盘
14:55:42	13.27	--	80	106160	卖盘
14:55:36	13.27	-0.01	10	13270	卖盘
14:55:27	13.28	0.01	12	15936	买盘
14:55:21	13.27	--	89	118103	卖盘
14:55:18	13.27	0.02	395	524165	买盘
14:55:15	13.25	-0.01	4	5300	卖盘
14:55:12	13.26	--	40	53040	卖盘
14:55:09	13.26	--	11	14586	卖盘
14:55:06	13.26	--	144	190944	卖盘
14:55:00	13.26	-0.01	48	63648	卖盘
14:54:54	13.27	--	22	29194	买盘
14:54:45	13.27	--	1	1327	卖盘
14:54:36	13.27	--	9	11943	买盘
14:54:33	13.27	--	10	13270	卖盘
14:54:27	13.27	-0.01	22	29194	卖盘
14:54:24	13.28	0.01	15	19920	买盘
14:54:21	13.27	--	13	17251	卖盘
14:54:15	13.27	-0.01	49	65023	卖盘
14:54:12	13.28	--	7	9296	买盘
14:54:06	13.28	0.01	51	67728	买盘
14:54:03	13.27	--	100	132700	卖盘
14:54:00	13.27	--	12	15924	卖盘
14:53:57	13.27	--	11	14597	卖盘
14:53:54	13.27	--	5	6635	卖盘
14:53:51	13.27	--	53	70331	卖盘
14:53:48	13.27	--	5	6635	卖盘
14:53:45	13.27	--	1	1327	卖盘
14:53:39	13.27	--	30	39810	卖盘
14:53:36	13.27	--	107	141989	卖盘
14:53:30	13.27	--	6	7962	买盘
14:53:27	13.27	--	25	33175	卖盘
14:53:21	13.27	--	34	45118	卖盘
14:53:15	13.27	-0.01	3	3981	卖盘
14:53:09	13.28	--	11	14608	买盘
14:53:00	13.28	--	27	35856	卖盘
14:52:57	13.28	-0.01	30	39840	卖盘
14:52:54	13.29	0.01	60	79740	买盘
14:52:51	13.28	--	82	108896	卖盘
14:52:48	13.28	--	2	2656	卖盘
14:52:45	13.28	--	3	3984	卖盘
14:52:42	13.28	--	2	2656	卖盘
14:52:39	13.28	--	5	6640	卖盘
14:52:36	13.28	0.01	71	94288	买盘
14:52:33	13.27	-0.01	59	78293	卖盘
14:52:27	13.28	--	5	6640	买盘
14:52:24	13.28	--	50	66400	买盘
14:52:18	13.28	--	11	14608	买盘
14:52:09	13.28	-0.01	73	96944	卖盘
14:52:00	13.29	0.01	1	1329	买盘
14:51:51	13.28	--	90	119520	买盘
14:51:42	13.28	--	5	6640	买盘
14:51:36	13.28	--	10	13280	买盘
14:51:30	13.28	--	41	54448	买盘
14:51:24	13.28	--	41	54448	卖盘
14:51:21	13.28	--	5	6640	卖盘
14:51:18	13.28	--	82	108896	卖盘
14:51:12	13.28	0.01	113	150064	买盘
14:51:06	13.27	--	105	139335	卖盘
14:51:03	13.27	0.01	43	57061	买盘
14:50:51	13.26	-0.01	19	25194	卖盘
14:50:48	13.27	--	17	22559	买盘
14:50:36	13.27	0.02	1	1327	买盘
14:50:33	13.25	-0.03	42	55650	卖盘
14:50:30	13.28	--	53	70384	卖盘
14:50:27	13.28	0.01	106	140768	买盘
14:50:24	13.27	--	51	67677	卖盘
14:50:21	13.27	--	67	88909	卖盘
14:50:18	13.27	--	69	91563	卖盘
14:50:15	13.27	--	134	177818	买盘
14:50:12	13.27	0.02	6	7962	买盘
14:50:09	13.25	-0.01	33	43725	卖盘
14:50:06	13.26	--	41	54366	卖盘
14:49:57	13.26	-0.01	15	19890	卖盘
14:49:54	13.27	--	9	11943	卖盘
14:49:48	13.27	0.01	1	1327	买盘
14:49:45	13.26	-0.01	130	172380	卖盘
14:49:36	13.27	--	13	17251	卖盘
14:49:33	13.27	-0.01	48	63696	卖盘
14:49:27	13.28	0.01	80	106240	买盘
14:49:24	13.27	--	5	6635	卖盘
14:49:21	13.27	--	262	347674	卖盘
14:49:15	13.27	--	1	1327	卖盘
14:49:09	13.27	--	166	220282	买盘
14:49:03	13.27	--	4	5308	卖盘
14:48:57	13.27	--	8	10616	卖盘
14:48:51	13.27	0.02	15	19905	买盘
14:48:45	13.25	-0.02	8	10600	卖盘
14:48:42	13.27	0.02	40	53080	买盘
14:48:36	13.25	--	21	27825	卖盘
14:48:33	13.25	--	58	76850	卖盘
14:48:30	13.25	-0.02	5	6625	卖盘
14:48:24	13.27	0.02	3	3981	买盘
14:48:21	13.25	-0.02	218	288850	卖盘
14:48:15	13.27	0.01	5	6635	买盘
14:48:09	13.26	--	25	33150	卖盘
14:47:57	13.26	--	35	46410	卖盘
14:47:54	13.26	--	12	15912	卖盘
14:47:51	13.26	-0.01	19	25194	卖盘
14:47:48	13.27	0.02	4	5308	买盘
14:47:39	13.25	-0.01	70	92750	卖盘
14:47:33	13.26	--	5	6630	卖盘
14:47:27	13.26	--	25	33150	卖盘
14:47:24	13.26	--	100	132600	卖盘
14:47:15	13.26	0.01	79	104754	卖盘
14:47:06	13.25	-0.02	19	25175	卖盘
14:47:03	13.27	--	100	132700	买盘
14:47:00	13.27	--	16	21232	卖盘
14:46:54	13.27	--	19	25213	卖盘
14:46:51	13.27	0.01	134	177818	买盘
14:46:48	13.26	--	44	58344	买盘
14:46:45	13.26	0.01	5	6630	买盘
14:46:39	13.25	-0.01	165	218625	卖盘
14:46:27	13.26	--	135	179010	卖盘
14:46:21	13.26	--	58	76908	卖盘
14:46:15	13.26	-0.01	115	152490	卖盘
14:46:12	13.27	--	2	2654	买盘
14:46:09	13.27	0.01	8	10616	买盘
14:46:06	13.26	--	3	3978	卖盘
14:46:03	13.26	--	52	68952	卖盘
14:45:51	13.26	-0.01	75	99450	卖盘
14:45:48	13.27	--	3	3981	卖盘
14:45:42	13.27	--	5	6635	卖盘
14:45:39	13.27	--	23	30521	卖盘
14:45:33	13.27	--	30	39810	卖盘
14:45:27	13.27	--	91	120757	卖盘
14:45:24	13.27	--	5	6635	卖盘
14:45:15	13.27	--	80	106160	卖盘
14:45:12	13.27	--	4	5308	卖盘
14:44:57	13.27	--	42	55734	卖盘
14:44:51	13.27	--	1	1327	买盘
14:44:48	13.27	--	141	187107	买盘
14:44:36	13.27	-0.01	9	11943	卖盘
14:44:24	13.28	--	11	14608	卖盘
14:44:21	13.28	--	10	13280	卖盘
14:44:18	13.28	0.02	67	88976	买盘
14:44:15	13.26	--	120	159120	卖盘
14:44:12	13.26	-0.01	358	474708	卖盘
14:44:06	13.27	-0.01	153	203031	卖盘
14:44:03	13.28	0.01	10	13280	买盘
14:44:00	13.27	0.01	13	17251	中性盘
14:43:54	13.26	-0.01	59	78234	卖盘
14:43:48	13.27	-0.01	32	42464	卖盘
14:43:45	13.28	--	2	2656	买盘
14:43:42	13.28	--	1	1328	买盘
14:43:36	13.28	--	22	29216	买盘
14:43:33	13.28	--	9	11952	买盘
14:43:24	13.28	--	18	23904	卖盘
14:43:12	13.28	--	11	14608	卖盘
14:43:09	13.28	--	60	79680	卖盘
14:43:06	13.28	0.01	35	46480	买盘
14:43:00	13.27	--	23	30521	卖盘
14:42:48	13.27	-0.01	137	181799	卖盘
14:42:45	13.28	-0.02	9	11952	卖盘
14:42:42	13.3	--	29	38570	买盘
14:42:39	13.3	0.02	3	3990	买盘
14:42:36	13.28	--	73	96944	卖盘
14:42:24	13.28	--	336	446208	卖盘
14:42:15	13.28	--	6	7968	卖盘
14:42:03	13.28	0.01	37	49136	买盘
14:42:00	13.27	-0.01	17	22559	卖盘
14:41:54	13.28	0.01	5	6640	买盘
14:41:51	13.27	--	5	6635	卖盘
14:41:42	13.27	-0.01	3	3981	卖盘
14:41:39	13.28	--	3	3984	买盘
14:41:33	13.28	--	20	26560	买盘
14:41:21	13.28	0.01	9	11952	买盘
14:41:18	13.27	-0.01	5	6635	卖盘
14:41:15	13.28	--	15	19920	买盘
14:41:03	13.28	--	12	15936	买盘
14:40:48	13.28	--	42	55776	卖盘
14:40:45	13.28	--	40	53120	卖盘
14:40:33	13.28	-0.02	4	5312	卖盘
14:40:18	13.3	0.01	78	103740	买盘
14:40:06	13.29	0.01	5	6645	买盘
14:40:03	13.28	-0.01	10	13280	卖盘
14:40:00	13.29	0.01	25	33225	买盘
14:39:54	13.28	--	111	147408	卖盘
14:39:48	13.28	--	10	13280	卖盘
14:39:45	13.28	-0.01	10	13280	卖盘
14:39:12	13.29	--	78	103662	卖盘
14:39:09	13.29	-0.01	5	6645	卖盘
14:39:03	13.3	0.01	11	14630	买盘
14:39:00	13.29	--	3	3986	卖盘
14:38:57	13.29	--	7	9303	买盘
14:38:48	13.29	--	18	23922	卖盘
14:38:42	13.29	-0.01	24	31895	卖盘
14:38:36	13.3	0.01	1	1330	买盘
14:38:15	13.29	--	10	13290	卖盘
14:38:12	13.29	-0.01	54	71766	卖盘
14:38:09	13.3	--	5	6650	买盘
14:38:06	13.3	--	89	119513	卖盘
14:38:03	13.3	--	70	93100	卖盘
14:38:00	13.3	-0.01	8	10640	卖盘
14:37:54	13.31	0.01	10	13310	买盘
14:37:39	13.3	-0.01	6	7980	卖盘
14:37:30	13.31	--	18	23958	卖盘
14:37:24	13.31	-0.01	2	2662	中性盘
14:37:18	13.32	0.01	50	66600	买盘
14:37:12	13.31	--	25	33275	卖盘
14:37:09	13.31	-0.01	28	37268	卖盘
14:37:06	13.32	0.01	4	5328	买盘
14:36:57	13.31	-0.01	5	6655	卖盘
14:36:54	13.32	--	39	51948	买盘
14:36:51	13.32	0.01	23	30636	买盘
14:36:42	13.31	0.01	30	39930	中性盘
14:36:09	13.3	-0.01	31	41230	卖盘
14:36:06	13.31	0.01	39	51909	买盘
14:36:00	13.3	--	17	22610	卖盘
14:35:51	13.3	0.01	136	181066	买盘
14:35:45	13.29	--	10	13290	买盘
14:35:42	13.29	--	12	15947	买盘
14:35:39	13.29	--	6	7973	买盘
14:35:33	13.29	-0.01	101	134229	卖盘
14:35:30	13.3	0.02	42	55860	买盘
14:35:03	13.28	--	59	78352	卖盘
14:34:51	13.28	--	24	31872	卖盘
14:34:45	13.28	-0.01	5	6640	卖盘
14:34:39	13.29	0.01	81	107649	买盘
14:34:36	13.28	--	25	33200	买盘
14:34:33	13.28	--	49	65072	买盘
14:34:27	13.28	0.01	57	75696	买盘
14:34:24	13.27	--	10	13270	卖盘
14:34:15	13.27	-0.01	105	139335	卖盘
14:34:12	13.28	-0.01	3	3984	中性盘
14:34:06	13.29	--	5	6645	买盘
14:34:03	13.29	--	14	18606	卖盘
14:33:57	13.29	0.01	26	34554	买盘
14:33:51	13.28	0.01	6	7968	中性盘
14:33:45	13.27	0.01	56	74312	中性盘
14:33:36	13.26	-0.02	399	529074	卖盘
14:33:33	13.28	--	205	272240	卖盘
14:33:27	13.28	--	8	10624	中性盘
14:33:21	13.28	--	10	13280	卖盘
14:33:18	13.28	-0.02	20	26560	卖盘
14:33:15	13.3	0.02	170	226100	买盘
14:33:12	13.28	-0.02	40	53120	卖盘
14:33:03	13.3	--	158	210140	买盘
14:33:00	13.3	0.02	5	6650	买盘
14:32:51	13.28	-0.02	110	147222	卖盘
14:32:48	13.3	--	12	15960	卖盘
14:32:45	13.3	--	19	25456	买盘
14:32:42	13.3	--	5	7793	卖盘
14:32:39	13.3	--	22	29260	卖盘
14:32:36	13.3	--	2	2660	卖盘
14:32:33	13.3	--	10	13300	卖盘
14:32:27	13.3	0.02	367	488296	买盘
14:32:21	13.28	-0.01	60	79680	卖盘
14:32:18	13.29	-0.01	195	259154	卖盘
14:32:15	13.3	--	108	143640	卖盘
14:32:12	13.3	--	44	58520	卖盘
14:32:03	13.3	--	86	114380	卖盘
14:32:00	13.3	--	1	1330	卖盘
14:31:57	13.3	--	55	73150	卖盘
14:31:54	13.3	--	15	19950	卖盘
14:31:48	13.3	--	7	9310	卖盘
14:31:30	13.3	--	4	5320	卖盘
14:31:24	13.3	-0.01	110	146300	卖盘
14:31:18	13.31	--	22	29282	卖盘
14:31:15	13.31	--	5	6655	卖盘
14:31:09	13.31	0.01	49	65219	中性盘
14:31:03	13.3	-0.01	68	90440	卖盘
14:31:00	13.31	--	35	46585	买盘
14:30:54	13.31	0.01	60	79860	买盘
14:30:48	13.3	0.01	72	95760	买盘
14:30:45	13.29	-0.01	10	13290	卖盘
14:30:39	13.3	--	33	43890	买盘
14:30:36	13.3	--	73	97090	中性盘
14:30:27	13.3	--	10	13300	卖盘
14:30:24	13.3	-0.01	8	10640	卖盘
14:30:21	13.31	0.01	16	21296	买盘
14:30:18	13.3	--	10	13300	卖盘
14:30:12	13.3	-0.01	2	2660	卖盘
14:30:06	13.31	--	90	119790	买盘
14:30:00	13.31	0.01	34	45254	买盘
14:29:57	13.3	-0.01	185	246050	卖盘
14:29:51	13.31	--	21	27951	卖盘
14:29:45	13.31	-0.01	72	95832	卖盘
14:29:33	13.32	--	23	30636	卖盘
14:29:21	13.32	-0.03	40	53280	卖盘
14:29:18	13.35	--	5	6675	买盘
14:29:12	13.35	--	7	9345	卖盘
14:29:09	13.35	--	19	25365	卖盘
14:29:00	13.35	--	3	4005	卖盘
14:28:57	13.35	--	18	24030	卖盘
14:28:54	13.35	0.03	14	18690	买盘
14:28:51	13.32	--	3	3996	卖盘
14:28:45	13.32	-0.03	84	111888	卖盘
14:28:39	13.35	0.04	5	6675	买盘
14:28:33	13.31	0.01	25	33275	卖盘
14:28:21	13.3	--	68	90440	卖盘
14:28:09	13.3	-0.07	87	115710	卖盘
14:28:03	13.37	0.02	80	106960	买盘
14:28:00	13.35	-0.01	1	1335	卖盘
14:27:57	13.36	0.01	64	85504	买盘
14:27:48	13.35	--	220	293700	卖盘
14:27:45	13.35	--	50	66750	卖盘
14:27:39	13.35	--	15	20025	卖盘
14:27:33	13.35	0.05	557	743595	买盘
14:27:27	13.3	-0.03	23	30590	卖盘
14:27:18	13.33	0.03	39	51987	买盘
14:27:15	13.3	0.01	99	131670	卖盘
14:27:06	13.29	-0.01	47	62462	卖盘
14:27:00	13.3	--	77	102410	卖盘
14:26:54	13.3	--	124	164920	买盘
14:26:51	13.3	--	10	13300	买盘
14:26:42	13.3	--	9	11970	卖盘
14:26:39	13.3	--	14	18620	卖盘
14:26:36	13.3	--	8	10640	卖盘
14:26:33	13.3	--	10	13300	卖盘
14:26:30	13.3	--	56	74480	卖盘
14:26:18	13.3	-0.02	152	202160	卖盘
14:26:15	13.32	0.02	10	13320	买盘
14:26:06	13.3	-0.01	5	6650	卖盘
14:26:03	13.31	-0.02	7	9317	卖盘
14:26:00	13.33	--	5	6665	买盘
14:25:57	13.33	0.02	107	142631	买盘
14:25:54	13.31	-0.02	13	17303	卖盘
14:25:51	13.33	0.02	5	6665	买盘
14:25:48	13.31	-0.02	6	7986	卖盘
14:25:45	13.33	0.02	39	51987	买盘
14:25:42	13.31	--	118	157058	卖盘
14:25:30	13.31	-0.02	16	21296	卖盘
14:25:21	13.33	0.01	60	79980	买盘
14:25:18	13.32	--	27	35964	卖盘
14:25:06	13.32	--	42	55944	卖盘
14:24:57	13.32	-0.01	18	23976	卖盘
14:24:51	13.33	--	1	1333	卖盘
14:24:42	13.33	0.01	4	5332	卖盘
14:24:30	13.32	-0.04	125	166500	卖盘
14:24:27	13.36	0.03	200	267200	买盘
14:24:24	13.33	-0.02	12	15996	卖盘
14:24:18	13.35	0.02	203	271005	买盘
14:24:06	13.33	-0.01	26	34658	卖盘
14:24:00	13.34	--	10	13340	买盘
14:23:54	13.34	--	66	88044	卖盘
14:23:45	13.34	0.01	60	80040	买盘
14:23:42	13.33	--	26	34658	买盘
14:23:39	13.33	--	3	3999	卖盘
14:23:30	13.33	-0.02	5	6665	卖盘
14:23:27	13.35	0.02	89	118815	买盘
14:23:18	13.33	-0.01	18	23994	卖盘
14:23:15	13.34	--	1	1334	卖盘
14:23:09	13.34	-0.01	30	40020	卖盘
14:23:06	13.35	0.01	13	17355	买盘
14:23:00	13.34	--	6	8004	卖盘
14:22:54	13.34	-0.01	10	13340	卖盘
14:22:51	13.35	--	19	25365	买盘
14:22:48	13.35	0.01	16	21360	买盘
14:22:36	13.34	0.01	21	28014	买盘
14:22:33	13.33	--	212	282596	卖盘
14:22:30	13.33	--	105	139965	卖盘
14:22:12	13.33	-0.02	20	26660	卖盘
14:22:09	13.35	--	7	9345	买盘
14:21:39	13.35	0.02	129	172215	买盘
14:21:30	13.33	-0.02	41	54653	卖盘
14:21:27	13.35	0.01	34	45390	买盘
14:21:15	13.34	-0.01	8	10672	中性盘
14:21:03	13.35	--	14	18690	买盘
14:20:57	13.35	0.01	113	150855	买盘
14:20:39	13.34	--	9	12006	卖盘
14:20:33	13.34	--	40	53360	卖盘
14:20:03	13.34	-0.01	12	16008	卖盘
14:19:48	13.35	--	13	17355	卖盘
14:19:42	13.35	--	37	49395	买盘
14:19:39	13.35	-0.01	25	33375	买盘
14:19:30	13.36	--	39	52104	买盘
14:19:24	13.36	0.01	21	28056	买盘
14:19:18	13.35	--	42	56070	卖盘
14:19:15	13.35	-0.01	55	73425	卖盘
14:19:09	13.36	0.01	2	2672	买盘
14:19:03	13.35	--	99	132165	买盘
14:18:48	13.35	--	5	6675	买盘
14:18:30	13.35	0.01	23	30705	买盘
14:18:27	13.34	--	16	21344	卖盘
14:18:24	13.34	-0.01	10	13340	卖盘
14:18:21	13.35	0.01	39	52065	买盘
14:18:18	13.34	-0.01	10	13340	卖盘
14:18:15	13.35	0.01	101	134835	买盘
14:18:12	13.34	--	2	2668	卖盘
14:18:03	13.34	--	14	18676	卖盘
14:18:00	13.34	--	10	13340	卖盘
14:17:51	13.34	-0.01	6	8004	卖盘
14:17:45	13.35	--	15	20025	买盘
14:17:42	13.35	--	20	26700	买盘
14:17:36	13.35	0.01	26	34710	买盘
14:17:33	13.34	--	5	6670	卖盘
14:17:18	13.34	-0.01	2	2668	卖盘
14:17:15	13.35	--	46	61410	买盘
14:17:06	13.35	--	15	20025	买盘
14:17:03	13.35	--	20	26700	买盘
14:17:00	13.35	--	10	13350	买盘
14:16:54	13.35	--	30	40050	买盘
14:16:51	13.35	--	18	24030	买盘
14:16:33	13.35	0.01	120	160200	买盘
14:16:30	13.34	-0.01	98	130732	卖盘
14:16:27	13.35	--	1	1335	买盘
14:16:24	13.35	--	8	10680	买盘
14:16:18	13.35	0.01	47	62745	买盘
14:16:06	13.34	--	74	98716	买盘
14:16:03	13.34	--	100	133400	买盘
14:16:00	13.34	--	50	66700	买盘
14:15:57	13.34	--	75	100050	买盘
14:15:54	13.34	--	8	10672	买盘
14:15:45	13.34	--	100	133400	买盘
14:15:42	13.34	--	18	24012	买盘
14:15:39	13.34	--	50	66700	卖盘
14:15:33	13.34	--	4	5336	卖盘
14:15:24	13.34	--	119	158746	卖盘
14:15:21	13.34	--	166	221444	买盘
14:15:12	13.34	0.01	39	52026	买盘
14:15:06	13.33	--	5	6665	卖盘
14:15:03	13.33	-0.01	20	26660	中性盘
14:14:51	13.34	0.01	30	40020	买盘
14:14:45	13.33	-0.01	62	82646	卖盘
14:14:36	13.34	0.01	103	137402	买盘
14:14:30	13.33	--	14	18662	卖盘
14:14:27	13.33	0.02	274	365242	买盘
14:14:21	13.31	-0.01	4	5324	卖盘
14:14:18	13.32	--	24	31968	买盘
14:14:15	13.32	--	127	169164	买盘
14:14:12	13.32	--	8	10656	买盘
14:14:09	13.32	--	20	26640	买盘
14:14:03	13.32	0.01	73	97236	买盘
14:13:54	13.31	--	5	6655	卖盘
14:13:51	13.31	--	2	2662	卖盘
14:13:48	13.31	--	25	33275	买盘
14:13:39	13.31	--	38	50578	买盘
14:13:36	13.31	0.01	39	51909	买盘
14:13:09	13.3	0.01	1	1330	中性盘
14:12:45	13.29	-0.02	10	13290	卖盘
14:12:18	13.31	0.01	84	111804	买盘
14:12:03	13.3	--	3	3990	买盘
14:12:00	13.3	--	10	13300	买盘
14:11:54	13.3	0.01	15	19950	买盘
14:11:39	13.29	-0.01	3	3986	卖盘
14:11:24	13.3	--	4	5320	买盘
14:11:18	13.3	--	4	5320	买盘
14:10:45	13.3	--	46	61180	卖盘
14:10:42	13.3	--	2	2660	卖盘
14:10:39	13.3	--	8	10640	卖盘
14:10:36	13.3	--	10	13300	中性盘
14:10:30	13.3	--	4	5320	买盘
14:10:18	13.3	--	9	11970	卖盘
14:09:57	13.3	--	10	13300	卖盘
14:09:51	13.3	--	59	78470	买盘
14:09:48	13.3	--	41	54530	卖盘
14:09:42	13.3	-0.01	100	133000	卖盘
14:09:36	13.31	0.01	39	51909	买盘
14:09:27	13.3	-0.01	12	15960	卖盘
14:09:24	13.31	--	18	23958	买盘
14:08:54	13.31	--	1	1331	买盘
14:08:45	13.31	-0.01	72	95832	卖盘
14:08:42	13.32	0.01	152	202464	买盘
14:08:33	13.31	--	10	13310	卖盘
14:08:30	13.31	--	4	5324	卖盘
14:08:00	13.31	-0.01	9	11979	卖盘
14:07:51	13.32	0.01	25	33300	买盘
14:07:39	13.31	--	2	2662	卖盘
14:07:36	13.31	--	10	13310	卖盘
14:07:33	13.31	0.01	32	42592	买盘
14:07:21	13.3	--	13	17290	买盘
14:07:18	13.3	--	20	26600	买盘
14:07:00	13.3	0.02	89	118370	买盘
14:06:57	13.28	-0.01	44	58432	卖盘
14:06:51	13.29	0.01	5	6645	买盘
14:06:45	13.28	-0.01	41	54448	卖盘
14:06:39	13.29	--	2	2658	买盘
14:06:33	13.29	-0.01	4	5316	卖盘
14:06:30	13.3	--	5	6650	买盘
14:06:21	13.3	--	8	10640	买盘
14:06:18	13.3	0.01	30	39900	买盘
14:06:09	13.29	-0.01	51	67779	卖盘
14:06:06	13.3	0.02	49	65170	买盘
14:05:57	13.28	-0.01	33	43824	卖盘
14:05:54	13.29	--	50	66450	买盘
14:05:48	13.29	0.01	40	53160	买盘
14:05:45	13.28	-0.01	282	374496	卖盘
14:05:39	13.29	0.01	2	2658	买盘
14:05:33	13.28	-0.01	12	15936	卖盘
14:05:30	13.29	--	19	25251	卖盘
14:05:27	13.29	--	20	26580	卖盘
14:05:21	13.29	--	20	26580	卖盘
14:05:12	13.29	--	6	7973	卖盘
14:05:09	13.29	-0.01	23	30566	卖盘
14:05:06	13.3	0.01	7	9310	中性盘
14:04:57	13.29	-0.02	46	61133	卖盘
14:04:48	13.31	0.02	54	71874	买盘
14:04:45	13.29	-0.02	2	2658	卖盘
14:04:42	13.31	0.02	39	51909	买盘
14:04:33	13.29	-0.02	9	11961	卖盘
14:04:27	13.31	0.02	30	39930	卖盘
14:04:21	13.29	-0.02	93	123596	卖盘
14:04:12	13.31	0.02	44	58564	买盘
14:04:09	13.29	-0.01	122	162138	卖盘
14:04:03	13.3	--	11	14630	卖盘
14:03:57	13.3	--	23	30590	卖盘
14:03:45	13.3	-0.01	21	27930	卖盘
14:03:42	13.31	--	1	1331	卖盘
14:03:33	13.31	--	1	1331	卖盘
14:03:27	13.31	0.01	3	3993	卖盘
14:03:21	13.3	--	44	58520	卖盘
14:03:09	13.3	--	77	102410	卖盘
14:03:06	13.3	-0.03	5	6650	卖盘
14:03:00	13.33	--	1	1333	买盘
14:02:57	13.33	--	30	39990	买盘
14:02:42	13.33	--	39	51987	买盘
14:02:24	13.33	0.03	300	399900	买盘
14:02:12	13.3	--	6	7980	卖盘
14:01:51	13.3	--	30	39900	卖盘
14:01:48	13.3	--	18	23940	卖盘
14:01:45	13.3	--	8	10640	卖盘
14:01:30	13.3	--	10	13300	卖盘
14:01:24	13.3	-0.01	50	66500	卖盘
14:01:15	13.31	0.01	3	3993	买盘
14:01:12	13.3	-0.01	2	2660	卖盘
14:00:54	13.31	--	23	30613	买盘
14:00:51	13.31	-0.01	62	82522	卖盘
14:00:48	13.32	0.01	32	42624	买盘
14:00:45	13.31	--	18	23958	买盘
14:00:42	13.31	--	50	66550	买盘
14:00:36	13.31	0.01	40	53240	中性盘
14:00:24	13.3	--	18	23940	卖盘
14:00:18	13.3	-0.02	300	399000	卖盘
13:59:45	13.32	0.01	10	13320	买盘
13:59:24	13.31	--	15	19965	卖盘
13:59:12	13.31	-0.01	100	133100	卖盘
13:59:03	13.32	0.01	3	3996	买盘
13:58:51	13.31	-0.01	1	1331	卖盘
13:58:27	13.32	--	3	3996	买盘
13:58:21	13.32	0.01	136	181152	买盘
13:57:39	13.31	--	30	39930	买盘
13:57:27	13.31	--	66	87846	买盘
13:57:18	13.31	0.01	81	107811	买盘
13:57:06	13.3	--	190	252700	卖盘
13:56:54	13.3	-0.01	14	18620	卖盘
13:56:51	13.31	--	18	23958	卖盘
13:56:42	13.31	-0.01	70	93170	卖盘
13:56:36	13.32	-0.01	5	6660	卖盘
13:56:33	13.33	0.01	10	13330	买盘
13:56:30	13.32	--	7	9324	卖盘
13:56:18	13.32	--	46	61272	卖盘
13:56:03	13.32	--	92	122544	卖盘
13:56:00	13.32	-0.01	5	6660	卖盘
13:55:57	13.33	--	1	1333	卖盘
13:55:54	13.33	--	9	11997	卖盘
13:55:48	13.33	0.01	7	9331	中性盘
13:55:42	13.32	-0.02	187	249084	卖盘
13:55:39	13.34	--	4	5336	买盘
13:55:36	13.34	0.01	28	37352	买盘
13:55:30	13.33	--	47	62651	卖盘
13:55:15	13.33	--	7	9331	卖盘
13:55:03	13.33	--	18	23994	卖盘
13:54:51	13.33	--	43	57319	卖盘
13:54:45	13.33	--	3	3999	卖盘
13:54:42	13.33	-0.01	18	23994	卖盘
13:54:30	13.34	0.01	39	52026	买盘
13:54:27	13.33	--	38	50654	卖盘
13:54:24	13.33	--	50	66650	卖盘
13:54:18	13.33	-0.01	89	118637	卖盘
13:54:12	13.34	0.01	5	6670	中性盘
13:54:06	13.33	-0.01	43	57319	卖盘
13:53:54	13.34	--	11	14674	卖盘
13:53:45	13.34	--	9	12006	买盘
13:53:39	13.34	0.01	44	58696	买盘
13:53:03	13.33	--	23	30659	卖盘
13:52:57	13.33	-0.01	118	157294	卖盘
13:52:42	13.34	0.01	8	10672	买盘
13:52:33	13.33	--	5	6665	卖盘
13:52:15	13.33	-0.01	20	26660	卖盘
13:52:00	13.34	--	36	48024	中性盘
13:51:48	13.34	-0.01	10	13340	中性盘
13:51:24	13.35	0.01	25	33375	买盘
13:51:21	13.34	-0.01	22	29348	卖盘
13:51:15	13.35	0.01	20	26700	买盘
13:51:06	13.34	-0.01	10	13340	卖盘
13:51:00	13.35	0.01	24	32040	买盘
13:50:57	13.34	--	20	26680	卖盘
13:50:51	13.34	--	17	22678	买盘
13:50:48	13.34	--	83	110722	买盘
13:50:39	13.34	--	5	6670	买盘
13:50:27	13.34	0.01	10	13340	买盘
13:50:24	13.33	--	15	19995	卖盘
13:50:18	13.33	--	5	6665	卖盘
13:50:03	13.33	-0.01	10	13330	卖盘
13:49:57	13.34	0.01	27	36018	买盘
13:49:51	13.33	--	2	2666	买盘
13:49:42	13.33	0.01	250	333250	买盘
13:49:33	13.32	--	4	5328	买盘
13:49:30	13.32	0.01	6	7992	中性盘
13:49:03	13.31	--	4	5324	卖盘
13:48:45	13.31	--	1	1331	卖盘
13:48:39	13.31	--	3	3993	卖盘
13:48:30	13.31	-0.02	20	26620	卖盘
13:48:27	13.33	0.02	30	39990	买盘
13:48:21	13.31	--	5	6655	卖盘
13:48:00	13.31	--	3	3993	卖盘
13:47:51	13.31	--	41	54571	买盘
13:47:45	13.31	--	7	9317	买盘
13:47:39	13.31	--	37	49247	买盘
13:47:33	13.31	-0.02	120	159720	卖盘
13:47:30	13.33	0.02	8	10664	买盘
13:47:21	13.31	--	5	6655	卖盘
13:47:18	13.31	-0.02	8	10648	卖盘
13:47:06	13.33	--	67	89311	卖盘
13:46:48	13.33	--	90	119970	买盘
13:46:39	13.33	0.01	104	138632	买盘
13:46:36	13.32	-0.01	10	13320	卖盘
13:46:24	13.33	--	30	39990	买盘
13:46:12	13.33	0.01	11	14663	买盘
13:46:09	13.32	--	16	21312	卖盘
13:46:03	13.32	-0.01	15	19980	卖盘
13:45:54	13.33	--	2	2666	买盘
13:45:48	13.33	0.01	3	3999	买盘
13:45:45	13.32	--	5	6660	卖盘
13:45:39	13.32	--	10	13320	卖盘
13:45:30	13.32	--	1	1332	买盘
13:45:24	13.32	--	9	11988	卖盘
13:45:18	13.32	--	6	7992	买盘
13:45:09	13.32	--	5	6660	买盘
13:45:06	13.32	--	1	1332	买盘
13:44:54	13.32	--	10	13320	买盘
13:44:51	13.32	--	10	13320	买盘
13:44:42	13.32	--	5	6660	买盘
13:44:30	13.32	0.01	4	5328	买盘
13:44:09	13.31	--	5	6655	买盘
13:44:06	13.31	0.01	5	6655	买盘
13:44:03	13.3	--	13	17290	卖盘
13:43:54	13.3	-0.02	79	105070	卖盘
13:43:51	13.32	0.01	4	5328	买盘
13:43:45	13.31	--	53	70543	卖盘
13:43:39	13.31	-0.01	8	10648	卖盘
13:43:36	13.32	0.01	5	6660	买盘
13:43:30	13.31	0.01	37	49247	中性盘
13:43:21	13.3	--	7	9310	卖盘
13:43:15	13.3	--	25	33250	卖盘
13:43:06	13.3	--	2	2660	卖盘
13:42:57	13.3	--	3	3990	卖盘
13:42:51	13.3	0.01	3	3990	卖盘
13:42:48	13.29	--	80	106320	买盘
13:42:45	13.29	0.01	22	29237	买盘
13:42:42	13.28	-0.01	21	27888	卖盘
13:42:39	13.29	-0.03	32	42528	卖盘
13:42:33	13.32	--	44	58608	买盘
13:42:30	13.32	0.04	56	74592	买盘
13:42:24	13.28	--	11	14608	卖盘
13:42:21	13.28	0.01	1	1328	买盘
13:42:18	13.27	--	62	82274	卖盘
13:42:09	13.27	--	67	88909	卖盘
13:42:00	13.27	-0.01	77	102179	卖盘
13:41:57	13.28	0.01	2	2656	买盘
13:41:54	13.27	-0.01	5	6635	卖盘
13:41:45	13.28	--	9	11952	卖盘
13:41:36	13.28	-0.01	8	10624	卖盘
13:41:30	13.29	0.02	3	3986	买盘
13:41:27	13.27	-0.02	2	2654	卖盘
13:41:24	13.29	0.01	1	1329	买盘
13:41:21	13.28	0.01	2	2656	中性盘
13:41:12	13.27	-0.02	60	79620	卖盘
13:41:09	13.29	--	10	13290	买盘
13:41:06	13.29	-0.01	11	14618	卖盘
13:40:57	13.3	0.01	17	22610	中性盘
13:40:51	13.29	-0.02	18	23922	卖盘
13:40:48	13.31	0.04	5	6655	买盘
13:40:42	13.27	-0.05	21	27867	卖盘
13:40:36	13.32	0.02	445	592740	买盘
13:40:33	13.3	--	39	51870	卖盘
13:40:27	13.3	--	6	7980	卖盘
13:40:21	13.3	0.01	30	39900	买盘
13:40:18	13.29	-0.01	7	9303	卖盘
13:40:12	13.3	0.01	5	6650	买盘
13:40:09	13.29	--	14	18606	卖盘
13:40:03	13.29	--	125	166125	买盘
13:39:57	13.29	-0.01	18	23922	卖盘
13:39:54	13.3	0.01	57	75810	买盘
13:39:45	13.29	-0.01	16	21264	卖盘
13:39:39	13.3	--	24	31920	卖盘
13:39:30	13.3	--	9	11970	卖盘
13:39:21	13.3	--	9	11970	卖盘
13:39:15	13.3	0.02	48	63840	中性盘
13:39:06	13.28	--	18	23904	卖盘
13:39:00	13.28	0.01	10	13280	中性盘
13:38:51	13.27	-0.01	240	318480	卖盘
13:38:45	13.28	--	1	1328	卖盘
13:38:42	13.28	-0.01	78	103584	卖盘
13:38:39	13.29	-0.01	1	1329	买盘
13:38:36	13.3	--	4	5320	买盘
13:38:33	13.3	--	508	675640	卖盘
13:38:27	13.3	--	4	5320	卖盘
13:38:21	13.3	--	18	23940	卖盘
13:38:18	13.3	--	8	10640	买盘
13:38:15	13.3	--	2	2660	卖盘
13:38:12	13.3	--	3	3990	卖盘
13:38:06	13.3	0.01	10	13300	买盘
13:38:03	13.29	--	72	95688	卖盘
13:38:00	13.29	-0.01	300	398700	卖盘
13:37:57	13.3	--	5	6650	卖盘
13:37:54	13.3	--	12	15960	卖盘
13:37:45	13.3	--	44	58520	卖盘
13:37:39	13.3	--	38	50540	卖盘
13:37:30	13.3	0.01	28	37240	卖盘
13:37:24	13.29	-0.02	50	66450	卖盘
13:37:21	13.31	--	8	10648	卖盘
13:37:15	13.31	0.01	23	30613	买盘
13:37:06	13.3	-0.01	29	38570	卖盘
13:37:03	13.31	0.02	2	2662	买盘
13:36:57	13.29	-0.01	8	10632	卖盘
13:36:51	13.3	--	18	23940	卖盘
13:36:42	13.3	-0.01	20	26600	卖盘
13:36:39	13.31	--	20	26620	卖盘
13:36:33	13.31	-0.01	88	117128	卖盘
13:36:27	13.32	--	5	6660	卖盘
13:36:24	13.32	--	10	13320	卖盘
13:36:21	13.32	--	16	21312	卖盘
13:36:18	13.32	-0.01	52	69264	卖盘
13:36:09	13.33	--	68	90644	卖盘
13:36:06	13.33	--	50	66650	卖盘
13:36:00	13.33	-0.01	15	19995	卖盘
13:35:57	13.34	0.01	2	2668	买盘
13:35:54	13.33	-0.01	5	6665	卖盘
13:35:45	13.34	--	54	72036	卖盘
13:35:39	13.34	-0.01	10	13340	卖盘
13:35:36	13.35	0.01	160	213600	买盘
13:35:24	13.34	--	60	80040	卖盘
13:35:21	13.34	--	10	13340	卖盘
13:35:18	13.34	--	20	26680	卖盘
13:35:15	13.34	--	9	12006	卖盘
13:35:06	13.34	--	5	6670	卖盘
13:35:03	13.34	--	5	6670	卖盘
13:34:57	13.34	-0.01	18	24012	卖盘
13:34:51	13.35	0.01	10	13350	买盘
13:34:48	13.34	--	34	45356	卖盘
13:34:42	13.34	--	50	66700	卖盘
13:34:39	13.34	-0.01	10	13340	卖盘
13:34:36	13.35	--	10	13350	买盘
13:34:21	13.35	--	7	9345	买盘
13:34:15	13.35	-0.01	53	70755	卖盘
13:34:12	13.36	--	20	26720	买盘
13:34:06	13.36	0.01	100	133600	买盘
13:34:03	13.35	--	4	5340	卖盘
13:34:00	13.35	--	2	2670	卖盘
13:33:57	13.35	--	7	9345	卖盘
13:33:45	13.35	--	10	13350	卖盘
13:33:42	13.35	--	5	6675	卖盘
13:33:30	13.35	--	1	1335	卖盘
13:33:24	13.35	--	10	13350	卖盘
13:33:21	13.35	--	50	66750	卖盘
13:33:15	13.35	-0.01	1	1335	卖盘
13:33:12	13.36	--	32	42752	买盘
13:32:57	13.36	--	50	66800	买盘
13:32:54	13.36	--	57	76152	买盘
13:32:45	13.36	--	105	140280	卖盘
13:32:36	13.36	--	18	24048	买盘
13:32:33	13.36	--	28	37408	买盘
13:32:24	13.36	0.01	70	93520	买盘
13:32:21	13.35	--	4	5340	卖盘
13:32:12	13.35	--	1	1335	卖盘
13:32:06	13.35	--	52	69420	买盘
13:32:03	13.35	0.01	5	6675	买盘
13:31:48	13.34	-0.01	5	6670	中性盘
13:31:45	13.35	0.02	12	16020	买盘
13:31:39	13.33	-0.02	10	13330	中性盘
13:31:33	13.35	--	10	13350	买盘
13:31:18	13.35	--	61	81435	卖盘
13:31:09	13.35	--	10	13350	卖盘
13:31:06	13.35	--	55	73425	买盘
13:31:03	13.35	0.03	50	66750	买盘
13:31:00	13.32	-0.03	5	6660	卖盘
13:30:57	13.35	0.03	10	13350	买盘
13:30:45	13.32	0.01	3	3996	买盘
13:30:30	13.31	--	156	207636	买盘
13:30:21	13.31	--	89	118459	买盘
13:30:15	13.31	0.01	138	183678	买盘
13:30:06	13.3	--	3	3990	卖盘
13:30:03	13.3	--	8	10640	买盘
13:29:57	13.3	--	13	17290	买盘
13:29:51	13.3	--	1	1330	买盘
13:29:48	13.3	-0.01	55	73150	卖盘
13:29:42	13.31	--	106	141086	买盘
13:29:39	13.31	--	39	51909	买盘
13:29:33	13.31	0.01	36	47916	买盘
13:29:24	13.3	0.02	29	38570	买盘
13:29:21	13.28	-0.02	9	11952	卖盘
13:29:18	13.3	--	35	46550	买盘
13:29:15	13.3	--	10	13300	买盘
13:29:06	13.3	--	10	13300	买盘
13:29:00	13.3	--	49	65170	买盘
13:28:57	13.3	--	125	166250	卖盘
13:28:54	13.3	-0.01	8	10640	卖盘
13:28:51	13.31	0.01	44	58564	买盘
13:28:48	13.3	-0.01	3	3990	卖盘
13:28:45	13.31	--	57	75867	买盘
13:28:42	13.31	--	14	18634	买盘
13:28:39	13.31	-0.04	675	898425	卖盘
13:28:36	13.35	0.03	13	17355	买盘
13:28:18	13.32	--	10	13320	卖盘
13:28:06	13.32	--	5	6660	卖盘
13:27:51	13.32	--	13	17316	卖盘
13:27:42	13.32	-0.01	10	13320	卖盘
13:27:36	13.33	0.01	8	10664	中性盘
13:27:30	13.32	--	110	146520	卖盘
13:27:18	13.32	--	7	9324	卖盘
13:27:06	13.32	0.01	4	5328	卖盘
13:27:03	13.31	-0.01	30	39930	卖盘
13:27:00	13.32	--	10	13320	卖盘
13:26:54	13.32	--	3	3996	买盘
13:26:48	13.32	--	4	5328	买盘
13:26:42	13.32	--	10	13320	买盘
13:26:33	13.32	--	3	3996	卖盘
13:26:27	13.32	--	17	22644	买盘
13:26:24	13.32	0.01	2	2664	买盘
13:26:21	13.31	-0.01	23	30613	卖盘
13:26:18	13.32	--	20	26640	买盘
13:26:15	13.32	0.01	4	5328	买盘
13:26:12	13.31	-0.01	50	66550	卖盘
13:26:09	13.32	--	25	33300	买盘
13:26:06	13.32	0.01	7	9324	买盘
13:26:00	13.31	-0.01	44	58564	卖盘
13:25:48	13.32	-0.02	926	1233432	卖盘
13:25:33	13.34	0.01	5	6670	中性盘
13:25:27	13.33	-0.01	30	39990	卖盘
13:25:21	13.34	--	2	2668	卖盘
13:25:18	13.34	0.01	7	9338	买盘
13:25:15	13.33	--	129	171957	卖盘
13:25:03	13.33	--	100	133300	卖盘
13:24:54	13.33	-0.01	100	133300	卖盘
13:24:48	13.34	0.01	16	21344	买盘
13:24:45	13.33	-0.01	7	9331	卖盘
13:24:36	13.34	--	21	28014	买盘
13:24:27	13.34	--	14	18676	卖盘
13:24:24	13.34	--	6	8004	卖盘
13:24:15	13.34	--	10	13340	卖盘
13:24:06	13.34	-0.01	21	28014	卖盘
13:24:00	13.35	-0.01	2	2670	卖盘
13:23:45	13.36	-0.01	484	647505	卖盘
13:23:33	13.37	--	40	53480	卖盘
13:23:30	13.37	--	8	10696	卖盘
13:23:03	13.37	--	20	26740	卖盘
13:23:00	13.37	--	13	17381	卖盘
13:22:57	13.37	--	13	17381	卖盘
13:22:48	13.37	--	182	243334	卖盘
13:22:27	13.37	--	47	62838	卖盘
13:22:15	13.37	-0.01	50	66850	卖盘
13:21:57	13.38	--	13	17394	卖盘
13:21:54	13.38	--	2	2676	卖盘
13:21:45	13.38	-0.01	10	13380	卖盘
13:21:42	13.39	--	23	30797	买盘
13:21:39	13.39	0.01	10	13390	买盘
13:21:36	13.38	--	5	6690	卖盘
13:21:33	13.38	--	10	13380	卖盘
13:21:30	13.38	--	3	4014	卖盘
13:21:21	13.38	--	7	9366	卖盘
13:21:15	13.38	--	11	14718	卖盘
13:21:12	13.38	--	1	1338	卖盘
13:21:09	13.38	--	2	2676	卖盘
13:20:51	13.38	--	13	17394	卖盘
13:20:48	13.38	--	10	13380	卖盘
13:20:45	13.38	--	20	26760	卖盘
13:20:33	13.38	--	7	9366	买盘
13:20:27	13.38	-0.01	193	258234	卖盘
13:20:21	13.39	--	26	34814	卖盘
13:20:15	13.39	-0.01	10	13390	卖盘
13:20:00	13.4	--	7	9380	卖盘
13:19:57	13.4	--	11	14740	卖盘
13:19:51	13.4	--	20	26800	卖盘
13:19:36	13.4	0.02	62	83080	买盘
13:19:33	13.38	-0.02	200	267600	卖盘
13:19:27	13.4	--	10	13400	买盘
13:19:21	13.4	--	21	28140	卖盘
13:19:12	13.4	--	15	20100	买盘
13:19:00	13.4	0.02	5	6700	中性盘
13:18:54	13.38	-0.03	4	5352	卖盘
13:18:45	13.41	0.03	3	4023	买盘
13:18:27	13.38	-0.03	200	267600	卖盘
13:18:24	13.41	--	5	6705	买盘
13:18:12	13.41	0.02	100	134100	买盘
13:18:09	13.39	--	100	133900	卖盘
13:18:00	13.39	-0.02	60	80340	卖盘
13:17:57	13.41	0.01	50	67050	买盘
13:17:51	13.4	--	46	61640	买盘
13:17:48	13.4	0.01	8	10720	买盘
13:17:39	13.39	--	19	25441	卖盘
13:17:36	13.39	--	5	6695	卖盘
13:17:30	13.39	--	7	9373	卖盘
13:17:21	13.39	--	9	12051	卖盘
13:17:12	13.39	--	130	174070	卖盘
13:16:54	13.39	--	7	9373	买盘
13:16:51	13.39	--	7	9373	买盘
13:16:48	13.39	--	3	4017	买盘
13:16:45	13.39	-0.01	8	10712	卖盘
13:16:42	13.4	0.01	39	52260	买盘
13:16:36	13.39	-0.01	6	8034	卖盘
13:16:33	13.4	--	18	24120	买盘
13:16:21	13.4	--	35	46900	卖盘
13:16:18	13.4	-0.01	125	167500	卖盘
13:16:09	13.41	--	2	2682	买盘
13:16:03	13.41	0.01	10	13410	买盘
13:16:00	13.4	-0.01	80	107200	卖盘
13:15:54	13.41	--	10	13410	买盘
13:15:51	13.41	--	10	13410	买盘
13:15:36	13.41	--	26	34866	买盘
13:15:33	13.41	0.01	20	26820	买盘
13:15:27	13.4	-0.01	1	1340	卖盘
13:15:24	13.41	0.01	45	60345	买盘
13:15:15	13.4	--	34	45560	卖盘
13:15:12	13.4	--	22	29480	卖盘
13:15:09	13.4	--	10	13400	卖盘
13:15:06	13.4	--	104	139360	卖盘
13:15:03	13.4	--	7	9380	卖盘
13:15:00	13.4	--	68	91120	卖盘
13:14:54	13.4	--	247	330980	买盘
13:14:51	13.4	--	5	6700	买盘
13:14:48	13.4	--	10	13400	买盘
13:14:45	13.4	-0.01	38	50920	中性盘
13:14:21	13.41	-0.01	1	1341	买盘
13:14:18	13.42	0.02	20	26840	买盘
13:14:15	13.4	-0.02	140	187600	卖盘
13:14:06	13.42	--	2	2684	买盘
13:14:00	13.42	-0.01	8	10736	卖盘
13:13:57	13.43	0.01	1	1343	买盘
13:13:54	13.42	--	13	17446	卖盘
13:13:48	13.42	--	10	13420	卖盘
13:13:45	13.42	-0.01	30	40260	卖盘
13:13:42	13.43	0.01	16	21488	买盘
13:13:39	13.42	-0.01	88	118096	卖盘
13:13:36	13.43	-0.01	2	2686	中性盘
13:13:33	13.44	--	71	95424	买盘
13:13:30	13.44	0.01	77	103488	买盘
13:13:27	13.43	-0.01	21	28203	卖盘
13:13:18	13.44	--	65	87360	买盘
13:13:12	13.44	--	33	44352	买盘
13:13:06	13.44	--	3	4032	买盘
13:13:00	13.44	0.01	1	1344	买盘
13:12:57	13.43	-0.01	10	13430	卖盘
13:12:54	13.44	0.02	11	14784	买盘
13:12:51	13.42	-0.02	25	33550	卖盘
13:12:48	13.44	0.01	9	12096	买盘
13:12:45	13.43	-0.01	5	6715	卖盘
13:12:42	13.44	0.02	6	8064	买盘
13:12:39	13.42	-0.02	50	67100	卖盘
13:12:33	13.44	0.01	415	557760	买盘
13:12:27	13.43	--	5	6715	买盘
13:12:24	13.43	--	12	16116	买盘
13:12:21	13.43	0.01	50	67150	买盘
13:12:12	13.42	-0.01	6	8052	卖盘
13:12:09	13.43	0.01	54	72522	买盘
13:12:06	13.42	--	125	167750	买盘
13:12:03	13.42	--	47	63074	买盘
13:11:57	13.42	0.01	7	9394	买盘
13:11:45	13.41	--	31	41571	买盘
13:11:42	13.41	0.01	19	25479	买盘
13:11:39	13.4	-0.01	13	17420	卖盘
13:11:33	13.41	--	10	13410	买盘
13:11:30	13.41	0.01	100	134100	买盘
13:11:15	13.4	--	2	2680	买盘
13:11:12	13.4	--	15	20100	卖盘
13:11:09	13.4	-0.01	10	13400	卖盘
13:11:06	13.41	0.01	20	26820	买盘
13:11:03	13.4	--	5	6700	中性盘
13:10:54	13.4	--	7	9380	买盘
13:10:51	13.4	--	70	93800	买盘
13:10:42	13.4	--	140	187600	买盘
13:10:30	13.4	0.02	387	518580	买盘
13:10:24	13.38	-0.01	100	133800	卖盘
13:10:15	13.39	--	6	8034	买盘
13:10:12	13.39	--	173	231647	买盘
13:10:03	13.39	--	95	127205	买盘
13:09:54	13.39	0.01	8	10712	买盘
13:09:42	13.38	--	4	5352	卖盘
13:09:36	13.38	--	39	52182	卖盘
13:09:27	13.38	--	2	2676	卖盘
13:09:24	13.38	--	40	53520	卖盘
13:09:18	13.38	--	3	4014	卖盘
13:09:15	13.38	0.01	10	13380	中性盘
13:09:00	13.37	-0.01	18	24066	卖盘
13:08:48	13.38	--	4	5352	中性盘
13:08:39	13.38	--	5	6690	卖盘
13:08:36	13.38	--	15	20070	卖盘
13:08:30	13.38	--	60	80280	买盘
13:08:24	13.38	--	10	13380	卖盘
13:08:21	13.38	--	25	33450	卖盘
13:08:03	13.38	0.01	36	48168	买盘
13:08:00	13.37	-0.01	5	6685	卖盘
13:07:57	13.38	0.01	249	333162	买盘
13:07:45	13.37	-0.01	10	13370	卖盘
13:07:36	13.38	0.01	15	20070	买盘
13:07:33	13.37	-0.01	5	6685	卖盘
13:07:30	13.38	--	1	1338	买盘
13:07:21	13.38	0.01	11	14718	买盘
13:07:09	13.37	--	4	5348	卖盘
13:07:00	13.37	--	28	37436	卖盘
13:06:57	13.37	-0.01	7	9359	卖盘
13:06:51	13.38	0.01	7	9366	买盘
13:06:39	13.37	--	5	6685	卖盘
13:06:36	13.37	-0.01	42	56154	卖盘
13:06:33	13.38	--	12	16056	买盘
13:06:24	13.38	0.01	15	20070	中性盘
13:06:15	13.37	-0.02	30	40110	卖盘
13:06:06	13.39	0.01	1	1339	买盘
13:06:03	13.38	-0.01	121	161898	卖盘
13:05:51	13.39	0.01	10	13390	买盘
13:05:45	13.38	--	1	1338	卖盘
13:05:42	13.38	--	10	13380	卖盘
13:05:39	13.38	-0.01	126	168588	卖盘
13:05:18	13.39	--	10	13390	买盘
13:05:15	13.39	--	67	89713	卖盘
13:05:09	13.39	-0.01	2	2678	卖盘
13:05:06	13.4	0.01	18	24120	买盘
13:05:03	13.39	--	5	6695	卖盘
13:05:00	13.39	--	10	13390	卖盘
13:04:57	13.39	-0.01	36	48204	卖盘
13:04:51	13.4	--	4	5360	买盘
13:04:42	13.4	--	5	6700	买盘
13:04:39	13.4	--	16	21440	买盘
13:04:27	13.4	--	138	184920	买盘
13:04:24	13.4	--	42	56280	买盘
13:04:18	13.4	-0.01	12	16080	中性盘
13:04:09	13.41	0.01	79	105939	买盘
13:04:06	13.4	--	4	5360	买盘
13:04:03	13.4	--	50	67000	卖盘
13:04:00	13.4	--	3	4020	卖盘
13:03:57	13.4	0.02	316	423440	买盘
13:03:54	13.38	-0.01	4	5352	卖盘
13:03:51	13.39	--	48	64272	买盘
13:03:48	13.39	0.01	3	4017	买盘
13:03:36	13.38	--	1	1338	卖盘
13:03:27	13.38	--	47	62886	卖盘
13:03:24	13.38	--	43	57534	卖盘
13:03:18	13.38	--	2	2676	买盘
13:03:15	13.38	-0.01	3	4014	中性盘
13:03:09	13.39	0.01	100	133900	买盘
13:03:06	13.38	--	61	81618	卖盘
13:03:03	13.38	--	5	6690	卖盘
13:03:00	13.38	--	7	9366	卖盘
13:02:57	13.38	-0.02	10	13380	卖盘
13:02:54	13.4	0.01	40	53600	买盘
13:02:45	13.39	-0.01	122	163358	卖盘
13:02:39	13.4	0.01	30	40200	买盘
13:02:36	13.39	--	50	66950	卖盘
13:02:33	13.39	--	24	32136	卖盘
13:02:30	13.39	--	58	77662	卖盘
13:02:27	13.39	0.01	246	329394	买盘
13:02:24	13.38	0.01	8	10704	中性盘
13:02:21	13.37	-0.01	72	96718	卖盘
13:02:18	13.38	--	2	2676	卖盘
13:02:12	13.38	--	23	30774	买盘
13:02:03	13.38	--	1	1338	买盘
13:01:57	13.38	--	26	34788	卖盘
13:01:54	13.38	0.01	74	99012	买盘
13:01:51	13.37	--	65	86905	买盘
13:01:48	13.37	--	21	28077	买盘
13:01:45	13.37	--	5	6685	买盘
13:01:39	13.37	-0.01	12	16043	卖盘
13:01:36	13.38	0.01	20	26760	买盘
13:01:33	13.37	--	28	37436	卖盘
13:01:27	13.37	0.01	60	80220	买盘
13:01:24	13.36	--	12	16032	卖盘
13:01:21	13.36	--	2	2672	卖盘
13:01:18	13.36	--	62	82832	买盘
13:01:12	13.36	-0.01	76	101536	卖盘
13:01:09	13.37	0.01	67	89579	买盘
13:00:57	13.36	--	26	34736	买盘
13:00:54	13.36	--	23	30728	买盘
13:00:51	13.36	--	16	21376	买盘
13:00:48	13.36	--	6	8016	买盘
13:00:45	13.36	0.01	17	22712	买盘
13:00:33	13.35	--	2	2670	卖盘
13:00:27	13.35	0.02	214	285690	买盘
13:00:18	13.33	-0.02	8	10664	卖盘
13:00:12	13.35	0.02	18	24030	买盘
13:00:09	13.33	--	60	79980	卖盘
13:00:06	13.33	-0.02	20	26660	卖盘
13:00:03	13.35	0.02	86	114810	买盘
13:00:00	13.33	--	0	0	买盘
11:30:00	13.33	--	0	0	买盘
11:29:54	13.33	--	45	59985	买盘
11:29:51	13.33	--	54	71982	买盘
11:29:39	13.33	--	7	9331	买盘
11:29:33	13.33	-0.01	147	195951	卖盘
11:29:30	13.34	--	3	4002	买盘
11:29:27	13.34	--	1	1334	买盘
11:29:24	13.34	0.01	2	2668	买盘
11:29:21	13.33	--	15	19995	卖盘
11:29:09	13.33	0.01	199	265267	买盘
11:29:03	13.32	--	5	6660	卖盘
11:29:00	13.32	--	10	13320	卖盘
11:28:57	13.32	0.01	32	42624	买盘
11:28:45	13.31	--	70	93170	买盘
11:28:42	13.31	--	9	11979	买盘
11:28:39	13.31	--	5	6655	买盘
11:28:33	13.31	--	5	6655	买盘
11:28:30	13.31	--	1	1331	买盘
11:28:27	13.31	0.01	3	3993	买盘
11:28:21	13.3	-0.01	3	3990	卖盘
11:28:18	13.31	--	10	13310	买盘
11:28:15	13.31	--	5	6655	买盘
11:28:09	13.31	--	10	13310	买盘
11:27:54	13.31	-0.01	36	47916	卖盘
11:27:51	13.32	--	4	5328	买盘
11:27:39	13.32	0.01	10	13320	中性盘
11:27:27	13.31	-0.02	200	266200	卖盘
11:27:24	13.33	0.01	1	1333	买盘
11:27:21	13.32	--	2	2664	卖盘
11:27:18	13.32	--	10	13320	卖盘
11:27:15	13.32	--	16	21312	卖盘
11:27:12	13.32	-0.01	43	57276	卖盘
11:27:09	13.33	--	6	7998	买盘
11:27:03	13.33	0.01	59	78647	买盘
11:26:57	13.32	-0.01	2	2664	卖盘
11:26:51	13.33	--	90	119970	买盘
11:26:48	13.33	--	25	33325	买盘
11:26:42	13.33	0.01	27	35991	买盘
11:26:33	13.32	--	4	5328	卖盘
11:26:30	13.32	--	3	3996	卖盘
11:26:21	13.32	-0.01	1	1332	卖盘
11:26:15	13.33	0.01	5	6665	买盘
11:26:00	13.32	-0.01	1	1332	卖盘
11:25:57	13.33	-0.01	4	5332	卖盘
11:25:54	13.34	0.02	2	2668	买盘
11:25:51	13.32	--	12	15984	卖盘
11:25:48	13.32	--	10	13320	卖盘
11:25:42	13.32	--	38	50616	卖盘
11:25:39	13.32	--	23	30636	卖盘
11:25:36	13.32	-0.01	10	13320	中性盘
11:25:24	13.33	0.02	1	1333	中性盘
11:25:21	13.31	-0.02	96	127776	卖盘
11:25:18	13.33	-0.01	10	13330	卖盘
11:25:12	13.34	--	24	32016	卖盘
11:25:09	13.34	0.01	26	34684	买盘
11:25:06	13.33	--	20	26660	卖盘
11:25:03	13.33	-0.01	19	25327	卖盘
11:25:00	13.34	--	7	9338	买盘
11:24:57	13.34	0.01	63	84042	买盘
11:24:54	13.33	-0.01	30	39990	卖盘
11:24:51	13.34	--	14	18676	买盘
11:24:45	13.34	--	10	13340	买盘
11:24:36	13.34	--	7	9338	买盘
11:24:30	13.34	0.02	30	40020	买盘
11:24:21	13.32	--	1	1332	卖盘
11:24:18	13.32	--	15	19980	卖盘
11:24:06	13.32	-0.03	30	39960	卖盘
11:23:48	13.35	0.03	70	93450	买盘
11:23:45	13.32	-0.02	18	23976	卖盘
11:23:42	13.34	0.02	1	1334	买盘
11:23:39	13.32	-0.02	8	10656	卖盘
11:23:36	13.34	--	4	5336	买盘
11:23:33	13.34	-0.01	24	32016	中性盘
11:23:30	13.35	0.01	75	100125	买盘
11:23:21	13.34	0.01	77	102718	买盘
11:23:15	13.33	0.01	2	2666	买盘
11:23:12	13.32	-0.01	50	66600	卖盘
11:23:06	13.33	--	11	14663	卖盘
11:23:03	13.33	--	20	26660	卖盘
11:22:57	13.33	-0.02	3	3999	卖盘
11:22:54	13.35	--	2	2670	买盘
11:22:51	13.35	--	51	68085	买盘
11:22:48	13.35	--	2	2670	买盘
11:22:45	13.35	-0.01	83	110805	卖盘
11:22:42	13.36	0.01	10	13360	买盘
11:22:39	13.35	--	22	29370	卖盘
11:22:36	13.35	--	6	8010	卖盘
11:22:33	13.35	0.02	20	26700	卖盘
11:22:30	13.33	-0.02	94	125302	卖盘
11:22:27	13.35	--	40	53400	买盘
11:22:24	13.35	0.02	78	104130	买盘
11:22:21	13.33	--	20	26660	卖盘
11:22:18	13.33	--	6	7998	卖盘
11:22:15	13.33	0.02	3	3999	买盘
11:22:12	13.31	--	12	15972	买盘
11:22:09	13.31	--	11	14641	买盘
11:22:06	13.31	-0.04	239	318109	卖盘
11:21:57	13.35	0.03	30	40050	买盘
11:21:54	13.32	--	31	41292	卖盘
11:21:48	13.32	--	138	183816	买盘
11:21:42	13.32	--	43	57276	卖盘
11:21:39	13.32	--	27	35964	卖盘
11:21:33	13.32	--	28	37296	卖盘
11:21:30	13.32	--	20	26640	卖盘
11:21:27	13.32	--	8	10656	卖盘
11:21:24	13.32	--	19	25308	卖盘
11:21:21	13.32	--	5	6660	卖盘
11:21:15	13.32	--	3	3996	卖盘
11:21:12	13.32	--	16	21312	卖盘
11:21:06	13.32	--	8	10656	卖盘
11:21:03	13.32	--	22	29304	卖盘
11:21:00	13.32	-0.01	4	5328	卖盘
11:20:57	13.33	0.01	3	3999	买盘
11:20:48	13.32	-0.01	4	5328	卖盘
11:20:45	13.33	0.01	10	13330	中性盘
11:20:42	13.32	-0.01	465	619380	卖盘
11:20:39	13.33	--	5	6665	买盘
11:20:36	13.33	--	6	7998	买盘
11:20:33	13.33	--	16	21328	买盘
11:20:27	13.33	--	5	6665	买盘
11:20:24	13.33	--	39	51987	卖盘
11:20:21	13.33	--	9	11997	卖盘
11:20:15	13.33	--	10	13330	卖盘
11:20:12	13.33	0.01	3	3999	中性盘
11:20:06	13.32	--	12	15984	卖盘
11:20:03	13.32	--	12	15984	卖盘
11:20:00	13.32	--	2	2664	卖盘
11:19:57	13.32	-0.01	27	35964	卖盘
11:19:54	13.33	0.01	30	39990	买盘
11:19:51	13.32	--	10	13320	卖盘
11:19:45	13.32	--	25	33300	卖盘
11:19:42	13.32	--	16	21312	买盘
11:19:39	13.32	0.01	25	33300	买盘
11:19:36	13.31	-0.02	97	129107	卖盘
11:19:30	13.33	0.01	57	75981	买盘
11:19:27	13.32	--	25	33300	卖盘
11:19:24	13.32	-0.01	3	3996	卖盘
11:19:21	13.33	--	4	5332	买盘
11:19:18	13.33	-0.01	5	6665	卖盘
11:19:15	13.34	--	21	28014	买盘
11:19:12	13.34	0.01	6	8004	买盘
11:19:09	13.33	-0.01	32	42656	卖盘
11:19:06	13.34	0.01	70	93380	买盘
11:19:03	13.33	-0.01	60	79980	卖盘
11:19:00	13.34	--	60	80040	卖盘
11:18:57	13.34	-0.01	138	184092	卖盘
11:18:51	13.35	--	29	38715	买盘
11:18:45	13.35	-0.01	243	324405	卖盘
11:18:42	13.36	0.01	29	38744	买盘
11:18:39	13.35	-0.01	27	36045	卖盘
11:18:33	13.36	--	91	121576	卖盘
11:18:30	13.36	--	3	4008	卖盘
11:18:27	13.36	-0.02	14	18704	卖盘
11:18:24	13.38	0.02	77	103026	买盘
11:18:21	13.36	--	31	41416	买盘
11:18:18	13.36	--	2	2672	买盘
11:18:15	13.36	-0.02	25	33400	卖盘
11:18:12	13.38	-0.01	30	40140	卖盘
11:18:06	13.39	0.03	24	32136	买盘
11:18:03	13.36	--	65	86840	买盘
11:18:00	13.36	-0.03	81	108216	卖盘
11:17:57	13.39	0.01	170	227630	买盘
11:17:45	13.38	-0.02	161	215418	卖盘
11:17:42	13.4	--	56	75040	买盘
11:17:33	13.4	--	53	71716	卖盘
11:17:30	13.4	--	47	62980	卖盘
11:17:24	13.4	-0.01	54	72360	卖盘
11:17:21	13.41	--	39	52299	卖盘
11:17:18	13.41	-0.01	146	195786	卖盘
11:17:15	13.42	0.01	26	34892	买盘
11:17:12	13.41	--	118	158238	卖盘
11:17:09	13.41	--	131	175671	卖盘
11:17:06	13.41	--	52	69732	卖盘
11:17:03	13.41	--	21	28161	卖盘
11:17:00	13.41	0.01	20	26820	买盘
11:16:57	13.4	--	72	96480	卖盘
11:16:54	13.4	--	180	241200	卖盘
11:16:51	13.4	--	35	46900	卖盘
11:16:48	13.4	--	118	158120	卖盘
11:16:45	13.4	-0.01	113	151420	卖盘
11:16:42	13.41	0.01	96	128736	买盘
11:16:39	13.4	--	43	57620	卖盘
11:16:36	13.4	--	30	40200	卖盘
11:16:33	13.4	0.01	195	261943	买盘
11:16:30	13.39	--	62	83018	卖盘
11:16:27	13.39	-0.01	114	152646	卖盘
11:16:24	13.4	0.01	195	261300	买盘
11:16:21	13.39	--	84	112476	卖盘
11:16:18	13.39	--	94	125866	卖盘
11:16:15	13.39	--	197	263783	买盘
11:16:12	13.39	--	22	29458	买盘
11:16:03	13.39	0.01	50	66950	买盘
11:16:00	13.38	--	37	49506	买盘
11:15:57	13.38	--	6	8028	卖盘
11:15:54	13.38	0.02	38	50844	买盘
11:15:51	13.36	--	137	183032	买盘
11:15:48	13.36	-0.02	253	338008	卖盘
11:15:45	13.38	--	57	76266	买盘
11:15:42	13.38	-0.02	156	208728	卖盘
11:15:39	13.4	0.02	548	734320	买盘
11:15:36	13.38	--	3	4014	买盘
11:15:33	13.38	--	474	634212	卖盘
11:15:30	13.38	-0.01	2	2676	卖盘
11:15:27	13.39	--	15	20085	买盘
11:15:24	13.39	0.01	69	92391	买盘
11:15:21	13.38	0.01	51	68238	买盘
11:15:18	13.37	-0.02	101	135037	卖盘
11:15:15	13.39	0.02	91	121849	买盘
11:15:12	13.37	-0.02	3	4010	卖盘
11:15:09	13.39	0.02	32	42848	买盘
11:15:06	13.37	-0.01	25	33425	中性盘
11:15:03	13.38	0.03	31	41478	买盘
11:15:00	13.35	--	24	32040	卖盘
11:14:57	13.35	-0.01	50	66750	卖盘
11:14:54	13.36	-0.02	50	66800	卖盘
11:14:51	13.38	0.01	19	25422	中性盘
11:14:48	13.37	--	3	4010	卖盘
11:14:45	13.37	0.02	89	118993	买盘
11:14:42	13.35	--	23	30705	卖盘
11:14:39	13.35	-0.02	21	28035	卖盘
11:14:36	13.37	-0.03	10	13370	中性盘
11:14:33	13.4	0.08	12	16080	买盘
11:14:30	13.32	-0.08	55	73632	卖盘
11:14:27	13.4	-0.01	170	228764	卖盘
11:14:24	13.41	0.01	239	320499	买盘
11:14:21	13.4	-0.01	15	20100	中性盘
11:14:18	13.41	--	9	12069	买盘
11:14:15	13.41	--	34	45594	卖盘
11:14:12	13.41	0.01	161	215901	卖盘
11:14:09	13.4	-0.04	307	411380	卖盘
11:14:06	13.44	0.02	170	228480	买盘
11:14:03	13.42	-0.02	229	307318	卖盘
11:14:00	13.44	-0.02	60	80640	中性盘
11:13:57	13.46	0.03	788	1060648	买盘
11:13:54	13.43	-0.01	223	299489	卖盘
11:13:51	13.44	0.04	135	181440	买盘
11:13:48	13.4	-0.03	401	537340	卖盘
11:13:45	13.43	0.03	974	1308082	买盘
11:13:42	13.4	--	17	22780	卖盘
11:13:39	13.4	--	131	175540	卖盘
11:13:36	13.4	--	194	259960	卖盘
11:13:33	13.4	0.05	958	1283720	买盘
11:13:30	13.35	-0.01	42	56070	卖盘
11:13:27	13.36	0.01	21	28056	买盘
11:13:24	13.35	0.03	86	114810	买盘
11:13:21	13.32	0.01	51	67932	卖盘
11:13:18	13.31	-0.03	35	46585	中性盘
11:13:15	13.34	0.03	154	205436	买盘
11:13:12	13.31	0.01	24	31944	中性盘
11:13:09	13.3	--	64	85120	卖盘
11:13:06	13.3	0.03	1098	1460340	买盘
11:13:03	13.27	0.02	135	179145	买盘
11:13:00	13.25	-0.01	79	104675	卖盘
11:12:57	13.26	0.01	1	1326	买盘
11:12:54	13.25	0.02	99	131175	买盘
11:12:48	13.23	--	40	52920	卖盘
11:12:45	13.23	-0.02	10	13230	卖盘
11:12:42	13.25	0.02	638	845350	买盘
11:12:36	13.23	0.01	260	344257	买盘
11:12:33	13.22	0.01	15	19830	买盘
11:12:24	13.21	0.01	18	23778	买盘
11:12:21	13.2	--	3	3960	买盘
11:12:18	13.2	--	110	145200	卖盘
11:12:15	13.2	--	305	402600	买盘
11:12:06	13.2	--	339	447480	买盘
11:12:00	13.2	0.04	323	426360	买盘
11:11:54	13.16	--	7	9212	买盘
11:11:51	13.16	--	73	96068	买盘
11:11:48	13.16	-0.03	25	32900	买盘
11:11:42	13.19	0.02	123	162237	买盘
11:11:33	13.17	--	12	15804	买盘
11:11:27	13.17	--	133	175161	买盘
11:11:18	13.17	0.01	43	56631	买盘
11:11:12	13.16	--	12	15792	买盘
11:11:09	13.16	0.02	50	65800	买盘
11:11:03	13.14	-0.02	1	1314	卖盘
11:10:57	13.16	0.03	33	43428	买盘
11:10:39	13.13	--	3	3939	卖盘
11:10:36	13.13	--	6	7878	买盘
11:10:21	13.13	--	10	13130	买盘
11:10:12	13.13	--	34	44642	卖盘
11:10:09	13.13	--	1	1313	卖盘
11:10:03	13.13	--	3	3939	卖盘
11:09:57	13.13	--	51	66963	卖盘
11:09:39	13.13	0.01	25	32825	买盘
11:09:33	13.12	--	3	3935	卖盘
11:09:30	13.12	-0.01	6	7871	卖盘
11:09:27	13.13	0.01	4	5252	买盘
11:09:21	13.12	--	10	13120	卖盘
11:09:12	13.12	--	5	6560	卖盘
11:09:03	13.12	-0.01	100	131200	卖盘
11:08:45	13.13	-0.01	200	262600	卖盘
11:08:39	13.14	0.01	7	9198	中性盘
11:08:21	13.13	-0.03	5	6565	卖盘
11:08:18	13.16	0.02	54	71064	买盘
11:07:33	13.14	-0.01	58	76212	卖盘
11:07:21	13.15	0.01	11	14465	买盘
11:07:06	13.14	--	10	13140	卖盘
11:07:03	13.14	-0.01	30	39420	卖盘
11:06:57	13.15	0.01	50	65750	买盘
11:06:51	13.14	--	42	55188	卖盘
11:06:48	13.14	--	1	1314	卖盘
11:06:30	13.14	-0.01	3	3942	卖盘
11:06:21	13.15	0.01	52	68380	买盘
11:06:15	13.14	-0.01	2	2628	卖盘
11:06:06	13.15	--	7	9205	买盘
11:06:00	13.15	--	10	13150	买盘
11:05:12	13.15	0.02	2	2630	买盘
11:05:06	13.13	-0.02	3	3939	卖盘
11:04:51	13.15	--	20	26300	买盘
11:04:39	13.15	0.02	3	3945	买盘
11:04:36	13.13	-0.02	57	74841	卖盘
11:04:27	13.15	--	1	1315	买盘
11:04:24	13.15	0.01	20	26300	买盘
11:04:15	13.14	--	56	73584	卖盘
11:04:09	13.14	--	3	3942	卖盘
11:04:06	13.14	--	3	3942	卖盘
11:04:03	13.14	0.01	10	13140	买盘
11:03:57	13.13	--	22	28886	卖盘
11:03:48	13.13	-0.01	4	5252	卖盘
11:03:39	13.14	--	20	26280	卖盘
11:03:30	13.14	0.01	8	10512	买盘
11:03:24	13.13	-0.01	10	13130	卖盘
11:03:21	13.14	0.01	10	13140	买盘
11:03:09	13.13	--	1	1313	卖盘
11:02:57	13.13	--	100	131300	卖盘
11:02:51	13.13	-0.01	13	17069	卖盘
11:02:33	13.14	-0.01	167	219438	卖盘
11:02:24	13.15	--	5	6575	买盘
11:02:12	13.15	0.01	11	14465	买盘
11:02:09	13.14	--	38	49932	卖盘
11:02:06	13.14	--	1	1314	卖盘
11:02:00	13.14	--	13	17082	卖盘
11:01:57	13.14	-0.01	1	1314	卖盘
11:01:54	13.15	--	5	6575	买盘
11:01:45	13.15	--	52	68380	卖盘
11:01:36	13.15	--	50	65750	卖盘
11:01:30	13.15	-0.01	53	69695	卖盘
11:01:15	13.16	0.01	10	13160	买盘
11:01:12	13.15	-0.01	34	44710	卖盘
11:00:54	13.16	--	33	43428	卖盘
11:00:42	13.16	-0.01	36	47376	卖盘
11:00:30	13.17	0.01	6	7902	买盘
11:00:21	13.16	-0.01	50	65800	卖盘
11:00:18	13.17	0.01	12	15804	买盘
11:00:00	13.16	-0.01	51	67116	卖盘
10:59:36	13.17	0.01	4	5268	买盘
10:59:30	13.16	-0.01	15	19740	卖盘
10:59:27	13.17	--	20	26340	买盘
10:59:24	13.17	--	6	7902	买盘
10:59:21	13.17	--	30	39510	买盘
10:58:54	13.17	0.01	3	3951	买盘
10:58:45	13.16	--	50	65800	买盘
10:58:36	13.16	--	10	13160	买盘
10:58:33	13.16	--	8	10528	买盘
10:58:18	13.16	--	20	26320	买盘
10:58:15	13.16	--	14	18424	卖盘
10:57:51	13.16	0.01	7	9212	买盘
10:57:48	13.15	-0.01	1	1315	卖盘
10:57:39	13.16	--	48	63168	买盘
10:57:27	13.16	--	34	44744	买盘
10:57:15	13.16	0.01	4	5264	买盘
10:57:12	13.15	-0.01	20	26300	卖盘
10:57:06	13.16	--	9	11844	买盘
10:56:57	13.16	0.01	100	131600	买盘
10:56:48	13.15	--	20	26300	卖盘
10:56:45	13.15	--	10	13150	卖盘
10:56:36	13.15	--	2	2630	卖盘
10:56:15	13.15	--	1	1315	卖盘
10:55:54	13.15	-0.01	10	13150	卖盘
10:55:48	13.16	--	30	39480	卖盘
10:55:39	13.16	--	100	131600	卖盘
10:55:15	13.16	-0.01	10	13160	卖盘
10:55:09	13.17	0.01	4	5268	买盘
10:54:57	13.16	-0.01	50	65800	卖盘
10:54:51	13.17	--	8	10536	买盘
10:54:39	13.17	0.01	4	5268	买盘
10:54:36	13.16	-0.01	20	26320	卖盘
10:54:18	13.17	--	16	21072	买盘
10:54:09	13.17	--	5	6585	买盘
10:54:03	13.17	--	18	23706	买盘
10:53:48	13.17	--	66	86922	买盘
10:53:45	13.17	--	5	6585	买盘
10:53:24	13.17	0.01	30	39510	买盘
10:53:15	13.16	--	5	6580	卖盘
10:52:57	13.16	-0.01	31	40796	卖盘
10:52:30	13.17	--	1	1317	买盘
10:52:27	13.17	0.01	154	202818	买盘
10:52:24	13.16	-0.01	20	26320	卖盘
10:52:21	13.17	0.01	9	11853	买盘
10:52:15	13.16	-0.01	50	65800	卖盘
10:52:09	13.17	--	31	40827	买盘
10:51:57	13.17	--	6	7902	买盘
10:51:54	13.17	0.01	11	14487	买盘
10:51:39	13.16	-0.01	5	6580	卖盘
10:51:30	13.17	--	22	28974	买盘
10:51:09	13.17	0.01	1	1317	买盘
10:51:06	13.16	-0.01	12	15792	卖盘
10:51:03	13.17	--	1	1317	买盘
10:50:48	13.17	--	5	6585	买盘
10:50:45	13.17	--	20	26340	买盘
10:50:33	13.17	--	50	65850	卖盘
10:50:27	13.17	-0.01	54	71118	卖盘
10:50:24	13.18	0.01	7	9226	买盘
10:50:03	13.17	--	1	1317	卖盘
10:49:57	13.17	--	4	5268	卖盘
10:49:54	13.17	-0.01	30	39510	卖盘
10:49:48	13.18	0.01	19	25042	买盘
10:49:42	13.17	-0.01	12	15804	卖盘
10:49:36	13.18	--	11	14498	买盘
10:49:33	13.18	--	5	6590	卖盘
10:49:24	13.18	--	30	39540	卖盘
10:49:18	13.18	-0.01	50	65900	卖盘
10:48:57	13.19	0.01	10	13190	买盘
10:48:45	13.18	-0.01	50	65900	卖盘
10:48:21	13.19	--	10	13190	买盘
10:48:18	13.19	--	3	3957	买盘
10:48:09	13.19	--	11	14509	卖盘
10:48:00	13.19	-0.01	3	3957	卖盘
10:47:54	13.2	0.02	101	133320	买盘
10:47:51	13.18	--	20	26360	卖盘
10:47:39	13.18	--	145	191110	买盘
10:47:21	13.18	0.01	80	105440	买盘
10:47:12	13.17	--	3	3951	卖盘
10:47:09	13.17	--	15	19755	卖盘
10:46:33	13.17	--	5	6585	卖盘
10:46:30	13.17	--	10	13170	卖盘
10:46:15	13.17	-0.01	6	7902	卖盘
10:46:06	13.18	--	68	89624	卖盘
10:45:57	13.18	-0.01	200	263600	卖盘
10:45:36	13.19	0.01	5	6595	买盘
10:45:33	13.18	-0.01	1	1318	卖盘
10:45:21	13.19	--	7	9233	卖盘
10:45:12	13.19	--	5	6595	卖盘
10:45:00	13.19	-0.01	8	10552	中性盘
10:44:48	13.2	0.02	78	102960	买盘
10:44:45	13.18	-0.02	21	27678	卖盘
10:44:39	13.2	0.01	501	661320	买盘
10:44:27	13.19	0.01	11	14509	买盘
10:44:24	13.18	-0.01	13	17134	卖盘
10:44:15	13.19	--	76	100244	买盘
10:44:12	13.19	0.01	20	26380	买盘
10:44:09	13.18	-0.01	1	1318	卖盘
10:43:57	13.19	0.01	30	39570	买盘
10:43:54	13.18	--	2	2636	卖盘
10:43:51	13.18	--	25	32950	卖盘
10:43:45	13.18	--	1	1318	卖盘
10:43:42	13.18	--	19	25042	买盘
10:43:36	13.18	--	30	39540	买盘
10:43:33	13.18	--	4	5272	卖盘
10:43:30	13.18	--	36	47448	卖盘
10:43:18	13.18	--	1	1318	卖盘
10:43:06	13.18	-0.01	8	10544	卖盘
10:43:00	13.19	0.01	5	6595	买盘
10:42:57	13.18	--	58	76444	卖盘
10:42:54	13.18	--	35	46130	卖盘
10:42:45	13.18	-0.01	5	6590	卖盘
10:42:42	13.19	0.01	30	39570	买盘
10:42:39	13.18	-0.01	4	5272	卖盘
10:42:30	13.19	--	125	164875	卖盘
10:42:27	13.19	--	95	125305	卖盘
10:42:21	13.19	--	30	39570	卖盘
10:42:15	13.19	--	6	7914	卖盘
10:42:12	13.19	--	27	35613	买盘
10:42:06	13.19	0.01	27	35613	买盘
10:42:00	13.18	-0.01	10	13180	中性盘
10:41:51	13.19	0.02	10	13190	买盘
10:41:48	13.17	-0.02	19	25023	卖盘
10:41:45	13.19	--	201	265119	买盘
10:41:39	13.19	--	20	26380	买盘
10:41:33	13.19	0.01	53	69907	买盘
10:41:30	13.18	--	10	13180	买盘
10:41:24	13.18	--	6	7908	卖盘
10:41:21	13.18	--	11	14498	卖盘
10:41:15	13.18	--	11	14498	卖盘
10:41:12	13.18	0.01	34	44812	买盘
10:41:09	13.17	-0.01	17	22389	中性盘
10:41:00	13.18	0.01	46	60628	买盘
10:40:54	13.17	-0.01	4	5268	中性盘
10:40:51	13.18	--	3	3954	买盘
10:40:45	13.18	-0.01	151	199887	卖盘
10:40:42	13.19	0.01	40	52760	买盘
10:40:39	13.18	-0.01	10	13180	卖盘
10:40:33	13.19	0.01	20	26380	买盘
10:40:30	13.18	-0.01	27	35586	卖盘
10:40:24	13.19	0.01	77	101563	买盘
10:40:21	13.18	--	12	15816	卖盘
10:40:18	13.18	--	239	315450	买盘
10:40:12	13.18	0.01	25	32950	买盘
10:40:09	13.17	--	11	14487	卖盘
10:40:03	13.17	--	20	26340	卖盘
10:40:00	13.17	0.03	20	26340	买盘
10:39:54	13.14	-0.03	10	13140	卖盘
10:39:48	13.17	--	11	14487	卖盘
10:39:45	13.17	--	57	75069	买盘
10:39:21	13.17	--	123	161991	买盘
10:39:00	13.17	0.04	123	161991	买盘
10:38:54	13.13	0.01	6	7878	中性盘
10:38:45	13.12	-0.05	10	13120	卖盘
10:38:39	13.17	--	123	161991	买盘
10:38:21	13.17	--	77	101409	买盘
10:37:54	13.17	0.06	123	161991	买盘
10:37:36	13.11	-0.05	8	10488	卖盘
10:37:30	13.16	0.06	49	64484	买盘
10:37:27	13.1	-0.05	2	2620	中性盘
10:37:06	13.15	0.06	86	113090	买盘
10:37:03	13.09	-0.01	3	3927	卖盘
10:37:00	13.1	0.02	13	17030	买盘
10:36:54	13.08	--	31	40548	买盘
10:36:51	13.08	--	44	57552	买盘
10:36:45	13.08	--	115	150420	买盘
10:36:42	13.08	--	73	95484	买盘
10:36:39	13.08	--	100	130800	买盘
10:36:36	13.08	--	32	41856	买盘
10:36:33	13.08	-0.03	541	707628	卖盘
10:36:30	13.11	-0.04	70	91770	卖盘
10:36:27	13.15	0.04	30	39450	买盘
10:36:24	13.11	--	3	3933	卖盘
10:36:12	13.11	--	20	26220	卖盘
10:36:09	13.11	0.01	77	100947	买盘
10:36:00	13.1	-0.01	10	13100	卖盘
10:35:54	13.11	0.01	46	60306	买盘
10:35:39	13.1	--	1	1310	买盘
10:35:36	13.1	-0.01	1	1310	买盘
10:35:21	13.11	0.02	10	13110	买盘
10:35:12	13.09	-0.01	20	26180	卖盘
10:35:06	13.1	-0.01	1	1310	卖盘
10:35:03	13.11	--	5	6555	买盘
10:34:51	13.11	0.01	210	275310	买盘
10:34:48	13.1	--	10	13100	卖盘
10:34:45	13.1	-0.01	2	2620	中性盘
10:34:39	13.11	0.01	49	64239	买盘
10:34:36	13.1	-0.01	115	150650	卖盘
10:34:33	13.11	--	53	69483	买盘
10:34:27	13.11	--	3	3933	买盘
10:34:24	13.11	--	24	31464	买盘
10:34:03	13.11	--	10	13110	买盘
10:33:54	13.11	--	2	2622	卖盘
10:33:51	13.11	--	9	11799	卖盘
10:33:45	13.11	-0.04	8	10488	中性盘
10:33:42	13.15	0.05	46	60490	买盘
10:33:36	13.1	--	29	37990	卖盘
10:33:30	13.1	--	1	1310	买盘
10:33:27	13.1	--	5	6550	买盘
10:33:24	13.1	--	4	5240	买盘
10:33:21	13.1	--	6	7860	买盘
10:33:15	13.1	--	37	48470	买盘
10:33:12	13.1	--	100	131000	买盘
10:33:06	13.1	--	10	13100	买盘
10:33:03	13.1	--	37	48470	买盘
10:33:00	13.1	0.01	77	100870	买盘
10:32:57	13.09	-0.01	212	277508	卖盘
10:32:51	13.1	-0.04	93	121830	卖盘
10:32:45	13.14	--	15	19710	买盘
10:32:42	13.14	--	20	26280	卖盘
10:32:39	13.14	0.01	329	432306	买盘
10:32:33	13.13	-0.01	2	2626	卖盘
10:32:30	13.14	-0.01	68	89352	卖盘
10:32:21	13.15	-0.01	67	88105	卖盘
10:32:18	13.16	0.01	10	13160	买盘
10:32:15	13.15	--	21	27615	卖盘
10:32:09	13.15	-0.02	14	18410	中性盘
10:31:39	13.17	0.01	46	60582	买盘
10:31:24	13.16	-0.01	10	13160	卖盘
10:31:18	13.17	--	1	1317	买盘
10:30:57	13.17	0.03	30	39510	买盘
10:30:51	13.14	-0.02	300	394200	卖盘
10:30:45	13.16	-0.01	36	47376	卖盘
10:30:36	13.17	--	29	38193	卖盘
10:30:30	13.17	-0.01	71	93507	卖盘
10:30:21	13.18	--	1	1318	买盘
10:30:18	13.18	--	5	7459	卖盘
10:30:15	13.18	--	11	14946	买盘
10:30:09	13.18	--	30	39540	买盘
10:29:57	13.18	--	6	7908	买盘
10:29:48	13.18	--	10	13180	买盘
10:29:36	13.18	--	7	10095	卖盘
10:29:30	13.18	-0.01	10	13180	卖盘
10:29:24	13.19	0.01	30	39570	买盘
10:29:21	13.18	0.02	53	70302	买盘
10:29:09	13.16	-0.02	2	2632	卖盘
10:29:00	13.18	--	4	5272	买盘
10:28:54	13.18	--	46	60628	买盘
10:28:48	13.18	--	3	3954	买盘
10:28:45	13.18	--	20	26360	买盘
10:28:42	13.18	--	59	77762	买盘
10:28:33	13.18	0.02	4	5272	买盘
10:28:27	13.16	-0.02	10	13160	卖盘
10:28:24	13.18	--	30	39540	买盘
10:28:09	13.18	0.02	42	55356	买盘
10:27:54	13.16	-0.02	5	6580	卖盘
10:27:42	13.18	0.01	77	101486	买盘
10:27:36	13.17	-0.01	5	6585	卖盘
10:27:30	13.18	--	85	112030	买盘
10:27:21	13.18	--	72	95765	卖盘
10:27:09	13.18	--	15	19770	卖盘
10:27:03	13.18	--	50	65900	卖盘
10:27:00	13.18	--	40	52720	卖盘
10:26:57	13.18	0.01	127	167834	买盘
10:26:36	13.17	--	8	10536	买盘
10:26:24	13.17	-0.01	18	23706	卖盘
10:26:21	13.18	0.01	30	39540	买盘
10:26:18	13.17	-0.01	2	2634	中性盘
10:26:09	13.18	0.04	90	118620	买盘
10:26:06	13.14	-0.04	8	10512	卖盘
10:26:00	13.18	0.04	77	101486	买盘
10:25:42	13.14	-0.04	7	9198	卖盘
10:25:39	13.18	0.01	92	121256	买盘
10:25:36	13.17	0.04	166	218622	买盘
10:25:21	13.13	-0.04	6	7878	卖盘
10:25:18	13.17	0.03	77	101409	买盘
10:25:15	13.14	--	30	39420	买盘
10:25:09	13.14	--	5	6570	买盘
10:24:51	13.14	--	20	26280	买盘
10:24:39	13.14	-0.01	47	61758	卖盘
10:24:36	13.15	--	10	13150	卖盘
10:24:33	13.15	--	1	1315	卖盘
10:24:30	13.15	0.01	99	130185	买盘
10:24:24	13.14	-0.01	10	13140	卖盘
10:24:21	13.15	0.01	15	19725	买盘
10:24:15	13.14	--	12	15768	卖盘
10:24:03	13.14	-0.01	25	32850	卖盘
10:23:57	13.15	--	8	10520	买盘
10:23:51	13.15	0.01	30	39450	买盘
10:23:27	13.14	--	20	26280	卖盘
10:23:24	13.14	0.01	110	144540	买盘
10:23:15	13.13	-0.01	10	13130	卖盘
10:23:00	13.14	--	23	30222	买盘
10:22:36	13.14	-0.01	136	178704	卖盘
10:22:30	13.15	0.01	73	95995	买盘
10:22:21	13.14	-0.01	5	6570	卖盘
10:22:15	13.15	0.01	2	2630	买盘
10:22:03	13.14	--	78	102492	卖盘
10:21:54	13.14	0.01	50	65700	买盘
10:21:51	13.13	-0.01	1	1313	卖盘
10:21:48	13.14	0.01	50	65700	买盘
10:21:30	13.13	--	18	23634	买盘
10:21:21	13.13	--	3	3939	买盘
10:21:15	13.13	--	2	2626	买盘
10:21:12	13.13	0.02	46	60398	买盘
10:21:06	13.11	-0.01	4	5244	卖盘
10:21:03	13.12	--	9	11808	买盘
10:21:00	13.12	0.01	5	6560	买盘
10:20:57	13.11	--	2	2622	卖盘
10:20:39	13.11	--	3	3933	买盘
10:20:36	13.11	0.02	1	1311	买盘
10:20:33	13.09	-0.02	2	2618	卖盘
10:20:21	13.11	0.02	1	1311	买盘
10:20:18	13.09	--	5	6545	买盘
10:20:15	13.09	--	134	175406	买盘
10:20:12	13.09	0.01	11	14399	买盘
10:20:00	13.08	-0.01	10	13080	卖盘
10:19:54	13.09	0.01	10	13090	买盘
10:19:51	13.08	-0.01	107	139956	卖盘
10:19:48	13.09	--	16	20944	买盘
10:19:45	13.09	--	10	13090	买盘
10:19:42	13.09	--	4	5236	买盘
10:19:36	13.09	--	48	62832	卖盘
10:19:30	13.09	-0.01	6	7854	卖盘
10:19:24	13.1	0.01	7	9170	买盘
10:19:21	13.09	-0.01	15	19635	卖盘
10:19:09	13.1	--	80	104800	买盘
10:19:06	13.1	--	10	13100	买盘
10:19:03	13.1	-0.02	77	100922	卖盘
10:18:57	13.12	--	14	18368	买盘
10:18:54	13.12	--	4	5248	买盘
10:18:51	13.12	0.01	13	17056	买盘
10:18:42	13.11	--	1	1311	卖盘
10:18:33	13.11	-0.01	3	3933	卖盘
10:18:30	13.12	0.01	20	26240	买盘
10:18:24	13.11	--	6	9124	买盘
10:18:18	13.11	--	161	211071	卖盘
10:18:15	13.11	-0.01	10	13110	卖盘
10:18:12	13.12	--	20	26240	买盘
10:18:09	13.12	--	20	26240	买盘
10:18:06	13.12	--	41	53792	买盘
10:18:03	13.12	-0.01	116	152192	卖盘
10:18:00	13.13	--	10	13130	买盘
10:17:48	13.13	-0.01	166	218010	卖盘
10:17:45	13.14	--	3	5203	买盘
10:17:36	13.14	--	37	48618	买盘
10:17:27	13.14	-0.01	147	193210	卖盘
10:17:24	13.15	--	100	131500	买盘
10:17:21	13.15	0.01	10	13150	买盘
10:17:18	13.14	--	24	31536	卖盘
10:16:54	13.14	--	1	1314	卖盘
10:16:51	13.14	--	1	1314	卖盘
10:16:42	13.14	--	49	64386	卖盘
10:16:33	13.14	--	24	31536	卖盘
10:16:30	13.14	--	11	14454	卖盘
10:16:24	13.14	--	8	10512	卖盘
10:16:21	13.14	-0.01	85	111690	卖盘
10:16:18	13.15	--	50	65750	买盘
10:16:12	13.15	--	2	2630	买盘
10:16:09	13.15	--	4	5260	买盘
10:16:06	13.15	--	50	65750	买盘
10:16:03	13.15	-0.01	84	110460	卖盘
10:15:54	13.16	0.01	5	6580	买盘
10:15:42	13.15	-0.01	5	6575	卖盘
10:15:36	13.16	0.01	20	26320	买盘
10:15:24	13.15	--	3	3945	卖盘
10:15:21	13.15	--	3	3945	卖盘
10:15:09	13.15	--	5	6575	卖盘
10:14:51	13.15	--	5	6575	卖盘
10:14:33	13.15	--	5	6575	卖盘
10:14:30	13.15	-0.01	3	3945	卖盘
10:14:27	13.16	0.01	30	39480	买盘
10:14:24	13.15	--	1	1315	卖盘
10:14:15	13.15	-0.01	23	30245	卖盘
10:14:12	13.16	0.01	4	5264	买盘
10:14:03	13.15	--	1	1315	卖盘
10:13:57	13.15	--	8	10520	卖盘
10:13:54	13.15	--	20	26300	卖盘
10:13:51	13.15	-0.01	2	2630	卖盘
10:13:42	13.16	--	19	25004	卖盘
10:13:39	13.16	--	30	39480	卖盘
10:13:30	13.16	--	4	5264	卖盘
10:13:27	13.16	-0.01	15	19740	卖盘
10:13:24	13.17	0.01	12	15804	买盘
10:13:21	13.16	--	2	2632	卖盘
10:13:18	13.16	-0.01	5	6580	卖盘
10:13:12	13.17	--	74	97458	卖盘
10:13:09	13.17	--	4	5268	卖盘
10:13:06	13.17	-0.01	100	131700	卖盘
10:12:54	13.18	--	206	272377	卖盘
10:12:48	13.18	--	10	13180	卖盘
10:12:42	13.18	--	30	39540	卖盘
10:12:36	13.18	--	2	2636	卖盘
10:12:27	13.18	-0.01	50	65900	卖盘
10:12:24	13.19	0.01	23	30337	买盘
10:12:21	13.18	-0.01	24	31632	卖盘
10:12:09	13.19	--	10	13190	买盘
10:12:00	13.19	--	15	19785	买盘
10:11:57	13.19	--	10	13190	买盘
10:11:54	13.19	--	20	26380	买盘
10:11:48	13.19	--	38	50122	卖盘
10:11:45	13.19	--	7	9233	卖盘
10:11:42	13.19	--	1	1319	卖盘
10:11:33	13.19	--	11	14509	卖盘
10:11:18	13.19	--	73	96287	买盘
10:11:15	13.19	--	2	2638	买盘
10:11:00	13.19	--	5	6595	买盘
10:10:57	13.19	--	2	2638	卖盘
10:10:54	13.19	--	10	13190	卖盘
10:10:51	13.19	--	40	52760	买盘
10:10:45	13.19	--	1	1319	买盘
10:10:39	13.19	--	30	39570	买盘
10:10:30	13.19	-0.01	16	21104	卖盘
10:10:27	13.2	--	10	13200	买盘
10:10:24	13.2	--	20	26400	买盘
10:10:21	13.2	0.01	50	66000	买盘
10:10:18	13.19	-0.01	51	67269	卖盘
10:09:57	13.2	0.01	56	73920	买盘
10:09:48	13.19	--	12	15828	卖盘
10:09:45	13.19	--	81	106839	买盘
10:09:42	13.19	0.01	30	39570	买盘
10:09:39	13.18	-0.01	10	13180	卖盘
10:09:36	13.19	--	50	65950	买盘
10:09:33	13.19	--	100	131900	买盘
10:09:27	13.19	0.01	10	13190	买盘
10:09:12	13.18	--	80	105440	卖盘
10:09:09	13.18	-0.01	50	65900	卖盘
10:09:06	13.19	0.01	20	26380	买盘
10:09:03	13.18	-0.01	9	11862	卖盘
10:08:57	13.19	0.01	3	3957	买盘
10:08:54	13.18	-0.01	20	26360	卖盘
10:08:51	13.19	0.01	8	10552	买盘
10:08:45	13.18	-0.01	100	131800	卖盘
10:08:36	13.19	--	25	32975	卖盘
10:08:30	13.19	-0.01	13	17147	卖盘
10:08:21	13.2	0.01	85	112200	买盘
10:08:09	13.19	-0.01	21	27699	卖盘
10:08:06	13.2	0.01	84	110880	买盘
10:08:00	13.19	-0.01	20	26380	卖盘
10:07:57	13.2	0.01	77	101640	买盘
10:07:54	13.19	-0.01	5	6595	卖盘
10:07:51	13.2	0.01	1	1320	买盘
10:07:48	13.19	--	72	94968	卖盘
10:07:45	13.19	--	1	1319	卖盘
10:07:39	13.19	--	5	6595	卖盘
10:07:36	13.19	-0.01	20	26380	卖盘
10:07:33	13.2	--	1	1320	买盘
10:07:30	13.2	0.01	15	19800	买盘
10:07:24	13.19	-0.01	92	121348	卖盘
10:07:18	13.2	0.01	16	21120	买盘
10:07:12	13.19	-0.01	25	32975	卖盘
10:07:06	13.2	--	2	2640	买盘
10:07:03	13.2	--	1	1320	买盘
10:07:00	13.2	--	17	22440	买盘
10:06:57	13.2	--	5	6600	买盘
10:06:54	13.2	--	82	108240	买盘
10:06:42	13.2	-0.02	47	62040	中性盘
10:06:33	13.22	--	46	60812	买盘
10:06:30	13.22	0.03	305	403210	买盘
10:06:24	13.19	--	28	36932	买盘
10:06:15	13.19	-0.01	213	280947	卖盘
10:06:12	13.2	--	144	190080	买盘
10:06:09	13.2	--	10	13200	买盘
10:06:06	13.2	--	30	39600	买盘
10:06:03	13.2	0.01	30	39600	买盘
10:05:51	13.19	--	1	1319	卖盘
10:05:48	13.19	--	12	15828	买盘
10:05:45	13.19	0.01	11	14509	买盘
10:05:42	13.18	--	5	6590	卖盘
10:05:39	13.18	-0.01	10	13180	卖盘
10:05:36	13.19	0.01	111	146409	买盘
10:05:33	13.18	--	14	18452	卖盘
10:05:30	13.18	--	79	104570	买盘
10:05:21	13.18	--	1	1318	买盘
10:05:15	13.18	--	4	5272	买盘
10:05:12	13.18	--	69	90942	买盘
10:05:06	13.18	0.01	1	1318	买盘
10:05:03	13.17	--	40	52680	卖盘
10:04:57	13.17	-0.01	20	26340	卖盘
10:04:54	13.18	0.01	2	2636	买盘
10:04:51	13.17	0.01	20	26340	卖盘
10:04:48	13.16	-0.01	46	60536	卖盘
10:04:45	13.17	--	24	31608	买盘
10:04:42	13.17	--	18	23706	买盘
10:04:39	13.17	--	5	6585	买盘
10:04:36	13.17	--	5	6585	买盘
10:04:33	13.17	--	17	22389	买盘
10:04:18	13.17	0.01	29	38193	买盘
10:04:15	13.16	--	6	7896	买盘
10:04:12	13.16	--	3	3948	买盘
10:03:54	13.16	--	38	50008	买盘
10:03:45	13.16	--	46	60536	买盘
10:03:39	13.16	-0.01	21	27636	卖盘
10:03:36	13.17	--	58	76386	买盘
10:03:30	13.17	--	4	5268	买盘
10:03:24	13.17	--	9	11853	买盘
10:03:21	13.17	--	19	25023	卖盘
10:03:18	13.17	-0.01	21	27657	中性盘
10:03:03	13.18	0.03	30	39540	买盘
10:02:57	13.15	-0.01	6	7890	卖盘
10:02:54	13.16	0.01	42	55272	中性盘
10:02:45	13.15	-0.02	102	134130	卖盘
10:02:42	13.17	0.01	19	25023	买盘
10:02:39	13.16	--	1	1316	买盘
10:02:33	13.16	--	3	3948	卖盘
10:02:30	13.16	--	7	9212	卖盘
10:02:27	13.16	-0.01	271	356636	卖盘
10:02:21	13.17	-0.01	33	43461	卖盘
10:02:12	13.18	--	3	3954	买盘
10:02:03	13.18	--	60	79080	买盘
10:02:00	13.18	--	50	65900	买盘
10:01:54	13.18	--	10	13180	买盘
10:01:51	13.18	--	19	25042	买盘
10:01:48	13.18	0.01	33	43494	买盘
10:01:39	13.17	0.01	58	76386	买盘
10:01:36	13.16	--	11	14476	卖盘
10:01:30	13.16	--	38	50008	买盘
10:01:27	13.16	--	8	10528	买盘
10:01:24	13.16	0.01	37	48692	买盘
10:01:18	13.15	--	5	6575	卖盘
10:01:15	13.15	-0.01	4	5260	中性盘
10:01:06	13.16	0.01	343	451388	买盘
10:01:03	13.15	--	16	21040	卖盘
10:01:00	13.15	-0.01	105	138075	卖盘
10:00:54	13.16	0.01	31	40796	买盘
10:00:51	13.15	--	2	2630	卖盘
10:00:48	13.15	--	30	39450	卖盘
10:00:42	13.15	-0.03	200	263000	卖盘
10:00:39	13.18	0.01	2	2636	买盘
10:00:36	13.17	--	17	22389	卖盘
10:00:33	13.17	--	14	18438	卖盘
10:00:30	13.17	-0.01	19	25023	卖盘
10:00:27	13.18	0.01	13	17134	买盘
10:00:24	13.17	-0.02	26	34242	卖盘
10:00:21	13.19	--	4	5276	买盘
10:00:18	13.19	--	10	13190	买盘
10:00:15	13.19	-0.01	23	30337	卖盘
10:00:12	13.2	--	32	42240	买盘
10:00:09	13.2	-0.01	103	135960	买盘
10:00:06	13.21	--	35	46235	买盘
10:00:03	13.21	0.01	3	3963	买盘
10:00:00	13.2	-0.01	22	29040	中性盘
09:59:57	13.21	--	30	39630	买盘
09:59:54	13.21	--	188	248348	卖盘
09:59:51	13.21	--	13	17173	买盘
09:59:48	13.21	--	28	36988	买盘
09:59:45	13.21	--	166	219286	买盘
09:59:42	13.21	0.01	10	13210	买盘
09:59:39	13.2	-0.01	3	3960	卖盘
09:59:36	13.21	0.01	37	48877	买盘
09:59:33	13.2	--	5	6600	卖盘
09:59:30	13.2	--	12	15840	卖盘
09:59:27	13.2	0.02	194	256080	买盘
09:59:24	13.18	--	10	13180	买盘
09:59:21	13.18	--	5	7855	买盘
09:59:18	13.18	0.01	6	7908	买盘
09:59:15	13.17	0.02	109	143553	买盘
09:59:09	13.15	--	415	545725	买盘
09:59:06	13.15	--	60	78900	买盘
09:59:00	13.15	0.01	6	7890	买盘
09:58:57	13.14	0.01	5	6570	买盘
09:58:54	13.13	0.05	768	1008384	买盘
09:58:48	13.08	--	3	3924	中性盘
09:58:45	13.08	0.01	3	3924	中性盘
09:58:33	13.07	-0.01	6	7842	卖盘
09:58:24	13.08	0.01	75	98100	买盘
09:58:21	13.07	-0.01	2	2614	卖盘
09:58:09	13.08	0.01	31	40548	买盘
09:58:06	13.07	--	10	13070	卖盘
09:57:51	13.07	-0.01	2	2614	卖盘
09:57:42	13.08	--	1	1308	买盘
09:57:36	13.08	0.01	20	26160	买盘
09:57:24	13.07	-0.01	17	22219	卖盘
09:57:18	13.08	0.01	11	14388	买盘
09:57:15	13.07	--	72	94104	卖盘
09:57:12	13.07	--	8	10456	卖盘
09:57:00	13.07	0.01	1	1307	中性盘
09:56:57	13.06	-0.02	19	24814	卖盘
09:56:51	13.08	0.03	10	13080	买盘
09:56:48	13.05	-0.01	230	300150	卖盘
09:56:45	13.06	-0.02	3	3918	卖盘
09:56:42	13.08	--	52	68016	买盘
09:56:33	13.08	0.03	25	32700	买盘
09:56:18	13.05	-0.03	4	5220	卖盘
09:56:12	13.08	--	1	1308	买盘
09:56:09	13.08	--	8	10464	买盘
09:56:03	13.08	-0.01	1	1308	中性盘
09:55:57	13.09	--	505	661045	买盘
09:55:54	13.09	--	10	13090	买盘
09:55:51	13.09	0.01	3	3927	买盘
09:55:48	13.08	--	1	1308	卖盘
09:55:33	13.08	--	1	1308	卖盘
09:55:30	13.08	0.01	26	34008	买盘
09:55:27	13.07	--	13	16991	卖盘
09:55:12	13.07	--	11	14377	卖盘
09:55:09	13.07	--	5	6535	卖盘
09:55:06	13.07	--	83	108481	卖盘
09:54:48	13.07	-0.01	73	95411	卖盘
09:54:45	13.08	--	8	10908	买盘
09:54:39	13.08	--	103	134724	买盘
09:54:33	13.08	--	44	57552	买盘
09:54:21	13.08	0.01	156	204048	买盘
09:54:09	13.07	--	28	36596	买盘
09:54:03	13.07	--	5	6535	买盘
09:53:57	13.07	--	31	40517	卖盘
09:53:54	13.07	-0.01	27	35289	卖盘
09:53:48	13.08	0.01	27	35316	买盘
09:53:42	13.07	--	5	6535	卖盘
09:53:39	13.07	--	10	13070	卖盘
09:53:33	13.07	-0.01	25	32675	卖盘
09:53:30	13.08	--	12	15696	买盘
09:53:27	13.08	-0.01	90	118583	卖盘
09:53:24	13.09	--	20	26180	卖盘
09:53:18	13.09	0.01	27	35343	买盘
09:53:15	13.08	--	1	1308	卖盘
09:53:06	13.08	-0.01	19	24852	卖盘
09:53:03	13.09	0.01	3	3927	中性盘
09:53:00	13.08	--	10	13080	卖盘
09:52:54	13.08	--	8	10908	买盘
09:52:51	13.08	--	5	6540	买盘
09:52:48	13.08	--	5	6540	买盘
09:52:36	13.08	0.02	6	7848	买盘
09:52:33	13.06	-0.02	6	7836	卖盘
09:52:27	13.08	0.02	10	13080	买盘
09:52:21	13.06	--	9	11754	卖盘
09:52:12	13.06	--	37	48322	买盘
09:52:09	13.06	--	101	131906	买盘
09:51:57	13.06	0.01	76	99256	卖盘
09:51:48	13.05	-0.01	32	41760	卖盘
09:51:45	13.06	-0.01	15	19590	卖盘
09:51:36	13.07	-0.01	2	2614	中性盘
09:51:30	13.08	--	24	32255	买盘
09:51:27	13.08	0.01	15	19620	买盘
09:51:24	13.07	-0.01	102	133314	卖盘
09:51:15	13.08	-0.02	150	196200	卖盘
09:51:12	13.1	--	13	17030	买盘
09:51:09	13.1	0.01	52	68120	买盘
09:50:57	13.09	0.02	56	73304	买盘
09:50:45	13.07	-0.01	50	65350	卖盘
09:50:39	13.08	--	1	1308	卖盘
09:50:33	13.08	--	10	13080	卖盘
09:50:30	13.08	--	21	27912	买盘
09:50:24	13.08	--	16	20928	买盘
09:50:12	13.08	--	62	81959	卖盘
09:50:06	13.08	-0.01	2	2616	卖盘
09:50:03	13.09	0.01	71	92939	中性盘
09:50:00	13.08	-0.01	11	14388	卖盘
09:49:54	13.09	-0.01	250	327250	卖盘
09:49:51	13.1	0.01	59	77290	买盘
09:49:48	13.09	--	10	13090	卖盘
09:49:45	13.09	--	5	6545	卖盘
09:49:42	13.09	-0.01	3	4372	卖盘
09:49:39	13.1	0.01	37	48470	买盘
09:49:30	13.09	-0.01	1	1309	卖盘
09:49:21	13.1	--	288	377280	卖盘
09:49:15	13.1	--	53	69430	卖盘
09:49:09	13.1	--	2	2620	卖盘
09:49:06	13.1	-0.02	2	2620	卖盘
09:49:03	13.12	--	10	13120	买盘
09:48:57	13.12	0.02	14	18368	买盘
09:48:54	13.1	-0.01	71	93010	卖盘
09:48:51	13.11	--	62	81282	卖盘
09:48:45	13.11	--	5	6555	卖盘
09:48:42	13.11	--	20	26220	卖盘
09:48:39	13.11	--	5	6555	卖盘
09:48:36	13.11	--	6	7866	卖盘
09:48:30	13.11	-0.02	5	6555	中性盘
09:48:21	13.13	0.03	6	7878	买盘
09:48:15	13.1	-0.02	300	393000	卖盘
09:48:12	13.12	0.01	57	74784	买盘
09:48:09	13.11	--	15	19665	卖盘
09:48:06	13.11	-0.01	5	6555	卖盘
09:48:03	13.12	--	34	44608	买盘
09:47:45	13.12	--	45	59040	卖盘
09:47:36	13.12	--	26	34112	卖盘
09:47:33	13.12	-0.01	6	7871	卖盘
09:47:21	13.13	--	3	3939	卖盘
09:47:18	13.13	0.01	11	14443	卖盘
09:46:57	13.12	--	1	1312	买盘
09:46:51	13.12	--	299	392288	卖盘
09:46:48	13.12	-0.01	1	1312	卖盘
09:46:42	13.13	--	23	30199	买盘
09:46:33	13.13	0.01	10	13130	中性盘
09:46:30	13.12	-0.01	22	28864	卖盘
09:46:27	13.13	0.01	3	3939	买盘
09:46:24	13.12	--	23	30176	卖盘
09:46:21	13.12	-0.01	50	65600	中性盘
09:46:18	13.13	--	138	181194	买盘
09:46:12	13.13	0.01	17	22321	买盘
09:46:06	13.12	--	20	26240	卖盘
09:46:00	13.12	--	20	26240	卖盘
09:45:51	13.12	--	20	26240	卖盘
09:45:48	13.12	0.01	83	108896	买盘
09:45:42	13.11	--	90	117990	卖盘
09:45:39	13.11	-0.01	10	13110	卖盘
09:45:33	13.12	0.01	28	36736	买盘
09:45:30	13.11	-0.01	1	1311	卖盘
09:45:24	13.12	0.01	12	15743	买盘
09:45:21	13.11	-0.01	52	68172	卖盘
09:45:09	13.12	--	2	2624	卖盘
09:45:06	13.12	-0.01	196	257151	卖盘
09:45:03	13.13	--	1	1313	卖盘
09:45:00	13.13	--	42	55146	卖盘
09:44:57	13.13	-0.01	5	6565	卖盘
09:44:54	13.14	--	4	5256	买盘
09:44:51	13.14	--	3	3942	买盘
09:44:48	13.14	--	10	13140	买盘
09:44:42	13.14	--	16	21024	买盘
09:44:33	13.14	--	10	13140	卖盘
09:44:30	13.14	--	38	49932	卖盘
09:44:24	13.14	--	91	119574	买盘
09:44:21	13.14	--	66	86724	买盘
09:44:15	13.14	0.01	19	24966	买盘
09:44:12	13.13	-0.02	60	78780	卖盘
09:44:09	13.15	0.01	130	170950	买盘
09:44:06	13.14	--	21	27594	买盘
09:44:03	13.14	--	14	18396	买盘
09:44:00	13.14	--	35	45990	卖盘
09:43:54	13.14	--	151	198414	买盘
09:43:51	13.14	--	10	13140	买盘
09:43:48	13.14	--	184	241776	卖盘
09:43:45	13.14	--	20	26280	卖盘
09:43:39	13.14	0.01	37	48618	买盘
09:43:36	13.13	-0.01	20	26260	卖盘
09:43:33	13.14	0.01	8	10512	买盘
09:43:18	13.13	0.01	34	44642	买盘
09:43:15	13.12	-0.01	13	17056	卖盘
09:43:09	13.13	--	136	178568	买盘
09:42:57	13.13	0.01	10	13130	买盘
09:42:48	13.12	--	96	125951	买盘
09:42:45	13.12	0.02	7	9184	买盘
09:42:42	13.1	-0.01	110	144100	卖盘
09:42:39	13.11	--	5	6555	中性盘
09:42:36	13.11	--	130	170430	买盘
09:42:33	13.11	--	10	13110	买盘
09:42:30	13.11	0.01	4	5244	买盘
09:42:27	13.1	-0.01	14	18340	卖盘
09:42:24	13.11	--	4	5244	买盘
09:42:21	13.11	--	52	68172	买盘
09:42:18	13.11	--	4	5244	买盘
09:42:15	13.11	0.01	1	1311	买盘
09:42:12	13.1	--	10	13100	卖盘
09:42:06	13.1	--	187	244970	买盘
09:42:00	13.1	--	2	2620	买盘
09:41:51	13.1	--	45	58950	买盘
09:41:48	13.1	--	101	132310	买盘
09:41:45	13.1	--	2	2620	买盘
09:41:42	13.1	--	43	56330	买盘
09:41:39	13.1	0.01	54	70740	买盘
09:41:36	13.09	-0.01	10	13090	卖盘
09:41:33	13.1	0.01	51	66810	买盘
09:41:30	13.09	--	15	19635	卖盘
09:41:27	13.09	--	23	30107	卖盘
09:41:24	13.09	--	158	206822	买盘
09:41:21	13.09	-0.01	56	73304	中性盘
09:41:15	13.1	0.02	28	36680	买盘
09:41:12	13.08	--	18	23544	卖盘
09:41:06	13.08	-0.01	35	45780	卖盘
09:41:03	13.09	--	97	126973	买盘
09:41:00	13.09	--	73	95557	买盘
09:40:57	13.09	--	45	58905	买盘
09:40:54	13.09	--	10	13090	买盘
09:40:51	13.09	0.01	30	39270	买盘
09:40:45	13.08	--	26	34008	卖盘
09:40:42	13.08	--	73	95484	卖盘
09:40:30	13.08	--	8	10464	买盘
09:40:21	13.08	--	50	65400	买盘
09:40:18	13.08	0.01	25	32700	买盘
09:40:09	13.07	--	57	74499	买盘
09:40:06	13.07	--	30	39210	买盘
09:40:03	13.07	0.01	21	27447	买盘
09:40:00	13.06	--	6	7836	卖盘
09:39:51	13.06	--	123	160638	买盘
09:39:48	13.06	0.04	6	7836	买盘
09:39:45	13.02	-0.04	312	406224	卖盘
09:39:36	13.06	--	50	65300	买盘
09:39:30	13.06	0.01	51	66606	买盘
09:39:27	13.05	--	22	28710	卖盘
09:39:15	13.05	0.01	166	216630	买盘
09:39:12	13.04	--	10	13040	买盘
09:39:09	13.04	--	175	228199	卖盘
09:39:03	13.04	--	3	3911	买盘
09:39:00	13.04	--	60	78240	买盘
09:38:57	13.04	--	10	13040	买盘
09:38:54	13.04	--	4	5216	买盘
09:38:51	13.04	--	61	79544	买盘
09:38:48	13.04	--	6	7823	买盘
09:38:45	13.04	--	10	13040	买盘
09:38:42	13.04	--	7	9128	买盘
09:38:39	13.04	--	12	15647	买盘
09:38:36	13.04	--	50	65199	买盘
09:38:33	13.04	--	58	75632	买盘
09:38:27	13.04	--	10	13040	买盘
09:38:24	13.04	--	25	32599	买盘
09:38:21	13.04	-0.01	20	26080	卖盘
09:38:15	13.05	--	7	9135	卖盘
09:38:12	13.05	--	25	32625	卖盘
09:38:06	13.05	--	15	19575	卖盘
09:38:00	13.05	--	14	18270	卖盘
09:37:57	13.05	--	61	79605	卖盘
09:37:54	13.05	-0.01	30	39150	卖盘
09:37:48	13.06	--	12	15672	买盘
09:37:45	13.06	-0.01	66	86196	卖盘
09:37:33	13.07	--	8	10456	买盘
09:37:30	13.07	--	132	172524	卖盘
09:37:24	13.07	--	39	50973	卖盘
09:37:21	13.07	0.01	142	185594	中性盘
09:36:51	13.06	-0.02	20	26120	卖盘
09:36:42	13.08	0.02	1	1308	买盘
09:36:39	13.06	--	7	9142	卖盘
09:36:36	13.06	--	48	62688	卖盘
09:36:33	13.06	--	8	10448	卖盘
09:36:24	13.06	-0.02	125	163250	卖盘
09:36:09	13.08	-0.01	13	17004	卖盘
09:36:06	13.09	0.01	6	7854	买盘
09:36:03	13.08	-0.01	21	27468	卖盘
09:35:54	13.09	--	3	3927	买盘
09:35:51	13.09	--	4	5236	买盘
09:35:42	13.09	--	51	66759	卖盘
09:35:21	13.09	0.01	9	11781	买盘
09:35:09	13.08	0.02	135	176580	买盘
09:35:03	13.06	-0.02	5	6530	卖盘
09:34:51	13.08	-0.01	75	98100	卖盘
09:34:45	13.09	0.01	10	13090	买盘
09:34:33	13.08	--	29	37932	买盘
09:34:30	13.08	--	4	5232	买盘
09:34:27	13.08	--	3	3924	买盘
09:34:24	13.08	--	6	7848	买盘
09:34:21	13.08	--	10	13080	买盘
09:34:18	13.08	0.01	6	7848	买盘
09:34:15	13.07	0.01	80	104560	买盘
09:34:12	13.06	--	1	1306	卖盘
09:34:09	13.06	--	10	13060	卖盘
09:34:03	13.06	0.01	19	24814	买盘
09:34:00	13.05	-0.01	13	16965	卖盘
09:33:57	13.06	--	28	36568	买盘
09:33:54	13.06	--	10	13060	买盘
09:33:51	13.06	--	20	26120	买盘
09:33:45	13.06	--	43	56158	卖盘
09:33:42	13.06	--	4	5224	卖盘
09:33:39	13.06	--	42	54852	买盘
09:33:24	13.06	--	64	83584	买盘
09:33:18	13.06	--	43	56158	买盘
09:33:15	13.06	--	30	39180	卖盘
09:33:12	13.06	--	85	111010	卖盘
09:33:09	13.06	-0.01	25	32650	卖盘
09:33:06	13.07	0.01	20	26140	买盘
09:32:54	13.06	-0.01	114	148884	卖盘
09:32:51	13.07	--	30	39210	买盘
09:32:48	13.07	--	10	13070	卖盘
09:32:45	13.07	-0.01	83	108481	卖盘
09:32:33	13.08	--	89	116412	卖盘
09:32:30	13.08	--	6	7848	卖盘
09:32:27	13.08	0.01	25	32700	卖盘
09:32:15	13.07	--	3	3921	卖盘
09:32:03	13.07	-0.01	8	10456	卖盘
09:32:00	13.08	-0.01	47	61476	卖盘
09:31:54	13.09	0.01	18	23562	买盘
09:31:48	13.08	--	20	26160	卖盘
09:31:42	13.08	0.01	37	48396	买盘
09:31:39	13.07	--	120	156840	卖盘
09:31:36	13.07	-0.02	20	26140	卖盘
09:31:33	13.09	0.02	10	13090	买盘
09:31:30	13.07	-0.02	16	20912	卖盘
09:31:15	13.09	--	30	39270	买盘
09:31:12	13.09	-0.02	75	98175	卖盘
09:31:03	13.11	--	5	6555	买盘
09:30:51	13.11	0.02	5	6555	买盘
09:30:48	13.09	-0.03	10	13090	卖盘
09:30:45	13.12	--	6	7871	中性盘
09:30:42	13.12	0.02	5	6560	中性盘
09:30:36	13.1	--	53	69430	卖盘
09:30:30	13.1	0.04	8	10480	中性盘
09:30:03	13.06	13.06	41	53546	买盘
