成交时间	成交价	价格变动	成交量(手)	成交额(元)	性质
15:00:03	26.65	0.01	460	1225900	买盘
14:57:00	26.64	--	0	0	中性盘
14:56:33	26.64	--	2	5328	买盘
14:56:27	26.64	--	3	7992	买盘
14:56:21	26.64	--	5	13320	买盘
14:56:00	26.64	0.02	15	39960	中性盘
14:55:45	26.62	--	5	13310	卖盘
14:55:30	26.62	-0.03	5	13310	中性盘
14:55:27	26.65	--	22	58630	买盘
14:55:24	26.65	0.03	12	31980	买盘
14:55:18	26.62	0.01	2	5324	中性盘
14:55:09	26.61	-0.04	10	26610	卖盘
14:55:00	26.65	--	13	34645	买盘
14:54:48	26.65	--	2	5330	买盘
14:54:45	26.65	0.03	1	2665	买盘
14:54:36	26.62	-0.03	5	13310	中性盘
14:53:54	26.65	0.05	9	23985	买盘
14:53:42	26.6	-0.05	137	364420	卖盘
14:53:39	26.65	0.01	10	26650	买盘
14:53:30	26.64	--	18	47952	卖盘
14:53:27	26.64	-0.01	5	13320	卖盘
14:53:18	26.65	--	15	39975	买盘
14:53:15	26.65	-0.04	5	13325	买盘
14:53:12	26.69	0.03	16	42704	买盘
14:53:00	26.66	0.02	2	5332	买盘
14:52:57	26.64	-0.02	106	282384	卖盘
14:52:30	26.66	-0.03	25	66650	卖盘
14:52:27	26.69	--	6	16014	买盘
14:52:00	26.69	-0.02	1	2669	卖盘
14:51:51	26.71	--	4	10684	买盘
14:51:39	26.71	--	100	267100	卖盘
14:51:33	26.71	--	10	26710	卖盘
14:51:30	26.71	--	7	18697	卖盘
14:51:27	26.71	--	3	8013	卖盘
14:51:21	26.71	--	2	5342	卖盘
14:51:09	26.71	--	3	8013	卖盘
14:51:03	26.71	--	1	2671	卖盘
14:50:57	26.71	--	20	53420	卖盘
14:50:45	26.71	--	5	13355	卖盘
14:50:42	26.71	--	19	50749	卖盘
14:50:21	26.71	-0.03	12	32052	卖盘
14:50:15	26.74	--	1	2674	买盘
14:50:12	26.74	--	8	21392	买盘
14:50:09	26.74	--	61	163114	卖盘
14:50:06	26.74	-0.01	41	109634	卖盘
14:49:57	26.75	0.01	105	280875	中性盘
14:49:21	26.74	-0.03	200	534800	卖盘
14:49:15	26.77	0.02	20	53540	买盘
14:49:09	26.75	--	1	4547	卖盘
14:49:00	26.75	--	5	13375	卖盘
14:48:33	26.75	-0.01	20	53500	卖盘
14:48:18	26.76	0.01	1	2676	中性盘
14:47:48	26.75	--	0	802	买盘
14:47:33	26.75	--	1	4547	卖盘
14:47:21	26.75	-0.02	1	2675	卖盘
14:47:03	26.77	0.02	14	37478	买盘
14:46:45	26.75	0.01	26	70352	买盘
14:46:36	26.74	--	20	53480	卖盘
14:46:30	26.74	-0.01	1	2674	卖盘
14:46:27	26.75	0.01	15	40125	买盘
14:46:18	26.74	-0.01	102	272748	卖盘
14:45:54	26.75	--	37	100847	卖盘
14:45:33	26.75	--	2	5350	卖盘
14:45:21	26.75	--	20	53500	卖盘
14:45:18	26.75	--	10	26750	卖盘
14:45:06	26.75	--	14	37450	卖盘
14:45:03	26.75	-0.03	2	5350	卖盘
14:44:51	26.78	--	2	5356	买盘
14:44:48	26.78	--	3	8034	买盘
14:44:12	26.78	--	12	32136	买盘
14:43:51	26.78	0.03	2	5356	买盘
14:43:39	26.75	--	28	75702	买盘
14:43:30	26.75	0.01	10	26750	买盘
14:43:18	26.74	0.02	23	61502	买盘
14:43:15	26.72	0.01	18	48096	买盘
14:43:06	26.71	--	1	2671	卖盘
14:42:57	26.71	--	10	26710	卖盘
14:42:45	26.71	--	2	5342	买盘
14:42:24	26.71	--	1	2671	买盘
14:42:15	26.71	0.01	34	90814	买盘
14:41:39	26.7	0.03	114	304380	买盘
14:41:36	26.67	0.01	2	5334	中性盘
14:41:18	26.66	-0.04	8	21328	卖盘
14:40:48	26.7	--	10	26700	买盘
14:40:36	26.7	--	39	104130	卖盘
14:40:18	26.7	--	1	2670	卖盘
14:40:12	26.7	--	4	10680	卖盘
14:40:03	26.7	-0.01	7	18690	卖盘
14:39:51	26.71	--	3	8013	卖盘
14:39:48	26.71	--	4	10684	卖盘
14:39:36	26.71	-0.01	4	10684	卖盘
14:39:33	26.72	--	2	5344	卖盘
14:39:24	26.72	-0.02	2	5344	卖盘
14:38:54	26.74	--	1	2674	卖盘
14:38:33	26.74	-0.01	2	5348	卖盘
14:38:24	26.75	-0.02	76	205172	卖盘
14:38:21	26.77	--	5	13385	卖盘
14:38:12	26.77	--	3	8031	卖盘
14:38:09	26.77	--	2	5354	卖盘
14:38:06	26.77	-0.01	99	265023	卖盘
14:37:57	26.78	0.01	20	53560	买盘
14:37:42	26.77	--	24	64248	卖盘
14:37:36	26.77	--	5	13385	卖盘
14:37:18	26.77	-0.01	15	40155	卖盘
14:36:45	26.78	--	6	16068	买盘
14:36:27	26.78	--	30	80340	卖盘
14:36:21	26.78	0.01	20	53560	买盘
14:36:18	26.77	-0.01	84	224868	卖盘
14:36:12	26.78	0.01	3	8034	买盘
14:36:09	26.77	--	10	26770	卖盘
14:35:51	26.77	-0.02	5	13385	卖盘
14:35:30	26.79	0.02	21	56259	买盘
14:35:21	26.77	--	140	374780	卖盘
14:35:15	26.77	--	14	37478	卖盘
14:34:27	26.77	-0.02	6	16062	卖盘
14:34:18	26.79	-0.01	21	56259	卖盘
14:34:15	26.8	0.01	2	5360	买盘
14:33:57	26.79	--	35	93765	卖盘
14:33:39	26.79	-0.01	46	123234	买盘
14:33:30	26.8	0.01	20	53600	买盘
14:33:06	26.79	--	10	26790	买盘
14:32:54	26.79	0.02	1	2679	买盘
14:32:39	26.77	-0.03	50	133850	卖盘
14:32:24	26.8	--	41	109880	卖盘
14:32:03	26.8	--	4	10720	卖盘
14:31:57	26.8	--	50	134000	卖盘
14:31:54	26.8	-0.02	50	134000	卖盘
14:31:51	26.82	-0.01	1	2682	卖盘
14:31:48	26.83	--	130	348790	买盘
14:31:45	26.83	0.01	15	40245	买盘
14:31:36	26.82	0.02	14	37548	买盘
14:31:27	26.8	--	6	16080	卖盘
14:31:21	26.8	--	25	67000	卖盘
14:31:18	26.8	--	14	37520	卖盘
14:31:12	26.8	-0.03	2	5360	卖盘
14:31:06	26.83	0.03	8	21464	买盘
14:30:57	26.8	-0.03	12	32160	卖盘
14:30:54	26.83	--	5	13415	买盘
14:30:45	26.83	--	2	5366	买盘
14:30:36	26.83	--	4	10732	买盘
14:30:30	26.83	--	1	2683	卖盘
14:30:27	26.83	--	6	16097	买盘
14:30:18	26.83	--	3	8048	买盘
14:30:09	26.83	-0.01	2	5366	买盘
14:29:57	26.84	--	5	13420	买盘
14:29:48	26.84	--	11	29524	买盘
14:29:30	26.84	--	20	53680	买盘
14:29:27	26.84	--	2	5368	买盘
14:29:18	26.84	--	3	8052	买盘
14:29:06	26.84	--	6	16104	买盘
14:28:57	26.84	--	13	34892	买盘
14:28:45	26.84	--	25	67100	买盘
14:28:39	26.84	0.04	2	5368	买盘
14:28:33	26.8	-0.02	40	107200	卖盘
14:28:24	26.82	-0.02	40	107280	中性盘
14:28:00	26.84	0.04	100	268400	买盘
14:27:57	26.8	-0.03	1	2680	卖盘
14:27:51	26.83	0.03	1	2683	中性盘
14:27:21	26.8	--	2	5360	卖盘
14:27:09	26.8	--	3	8040	卖盘
14:27:06	26.8	--	22	58960	卖盘
14:26:57	26.8	--	30	80400	卖盘
14:26:24	26.8	--	4	10720	卖盘
14:26:21	26.8	--	10	26800	卖盘
14:26:18	26.8	--	10	26800	卖盘
14:25:57	26.8	--	1	2680	卖盘
14:25:51	26.8	--	2	5360	卖盘
14:25:42	26.8	--	50	134000	卖盘
14:25:30	26.8	--	15	40200	卖盘
14:25:15	26.8	--	60	160800	卖盘
14:25:09	26.8	--	5	13400	卖盘
14:24:51	26.8	--	10	26800	卖盘
14:24:42	26.8	--	100	268000	卖盘
14:24:36	26.8	--	17	45560	卖盘
14:24:24	26.8	--	2	5360	卖盘
14:24:21	26.8	--	5	13400	卖盘
14:24:12	26.8	--	8	21440	卖盘
14:24:03	26.8	0.03	43	115240	买盘
14:23:45	26.77	-0.03	14	37478	卖盘
14:23:39	26.8	--	4	10720	买盘
14:23:18	26.8	-0.05	12	32160	卖盘
14:22:57	26.85	--	2	5370	买盘
14:22:54	26.85	--	340	912900	卖盘
14:22:51	26.85	--	12	32220	卖盘
14:22:36	26.85	-0.01	9	24165	卖盘
14:22:30	26.86	0.01	2	5372	买盘
14:22:21	26.85	-0.01	10	26850	卖盘
14:22:18	26.86	--	5	13430	买盘
14:22:15	26.86	--	35	94010	卖盘
14:22:03	26.86	--	413	1109318	卖盘
14:21:57	26.86	--	5	13430	卖盘
14:21:54	26.86	0.01	30	80580	买盘
14:21:51	26.85	-0.01	200	537000	卖盘
14:21:48	26.86	0.01	15	40290	买盘
14:21:39	26.85	0.02	181	485985	买盘
14:21:36	26.83	--	2	5366	卖盘
14:21:33	26.83	--	8	21464	卖盘
14:21:24	26.83	--	6	16097	卖盘
14:21:15	26.83	0.03	10	26830	买盘
14:21:06	26.8	--	5	13400	卖盘
14:20:57	26.8	0.03	28	75040	买盘
14:20:48	26.77	-0.02	21	56217	卖盘
14:20:24	26.79	--	7	18753	中性盘
14:20:21	26.79	--	5	13395	买盘
14:19:57	26.79	--	2	5358	买盘
14:19:42	26.79	0.02	9	24111	买盘
14:19:24	26.77	-0.01	59	157943	卖盘
14:19:18	26.78	--	14	37492	买盘
14:19:09	26.78	--	2	5356	买盘
14:19:06	26.78	0.01	4	10712	买盘
14:18:57	26.77	--	3	8031	卖盘
14:18:33	26.77	-0.01	10	26770	卖盘
14:18:24	26.78	0.01	50	133900	买盘
14:18:21	26.77	-0.01	2	5354	卖盘
14:18:18	26.78	0.01	30	80340	买盘
14:18:15	26.77	--	1	2677	卖盘
14:18:09	26.77	0.01	100	268503	买盘
14:17:54	26.76	--	10	26760	卖盘
14:17:51	26.76	0.01	30	80280	买盘
14:17:48	26.75	--	181	486074	买盘
14:17:42	26.75	--	47	125725	买盘
14:17:39	26.75	0.02	50	133750	买盘
14:17:36	26.73	--	15	40095	卖盘
14:17:33	26.73	-0.01	30	80190	中性盘
14:17:21	26.74	--	98	262051	买盘
14:17:12	26.74	0.01	23	61502	买盘
14:17:03	26.73	--	55	147015	买盘
14:16:51	26.73	--	23	61479	买盘
14:16:33	26.73	0.01	23	61479	买盘
14:16:21	26.72	--	3	8016	买盘
14:16:18	26.72	--	7	18704	卖盘
14:16:12	26.72	0.01	3	8016	买盘
14:16:06	26.71	-0.01	1	2671	卖盘
14:16:03	26.72	0.01	10	26720	买盘
14:15:42	26.71	-0.01	2	5342	卖盘
14:15:39	26.72	--	5	13360	买盘
14:15:18	26.72	0.01	100	267200	买盘
14:15:03	26.71	-0.01	1	2671	卖盘
14:14:51	26.72	0.01	1	2672	买盘
14:14:42	26.71	--	4	10684	卖盘
14:14:30	26.71	--	1	2671	买盘
14:14:09	26.71	0.01	4	10684	买盘
14:13:54	26.7	0.05	43	114810	买盘
14:13:21	26.65	0.01	16	42640	买盘
14:12:48	26.64	-0.01	9	23976	卖盘
14:12:30	26.65	-0.02	4	10660	卖盘
14:12:24	26.67	--	1	2667	买盘
14:12:18	26.67	--	19	50673	卖盘
14:12:12	26.67	-0.01	7	18669	卖盘
14:11:51	26.68	0.01	7	18676	中性盘
14:11:24	26.67	-0.02	1	2667	卖盘
14:11:21	26.69	0.02	1	2669	买盘
14:11:18	26.67	0.01	1	2667	卖盘
14:10:45	26.66	0.01	2	5332	买盘
14:10:21	26.65	--	4	10660	买盘
14:10:09	26.65	--	10	26650	买盘
14:09:51	26.65	0.01	5	13325	买盘
14:09:42	26.64	-0.01	1	2664	卖盘
14:09:30	26.65	--	1	2665	中性盘
14:09:15	26.65	--	1	2665	买盘
14:09:00	26.65	-0.01	5	13325	中性盘
14:08:33	26.66	0.02	3	7998	买盘
14:08:30	26.64	-0.02	1	2664	卖盘
14:08:27	26.66	0.02	50	133300	买盘
14:08:12	26.64	--	13	34632	卖盘
14:07:27	26.64	-0.01	1	2664	卖盘
14:07:15	26.65	--	8	21320	买盘
14:06:42	26.65	0.01	30	79950	买盘
14:06:09	26.64	--	1	2664	中性盘
14:05:21	26.64	--	1	2664	买盘
14:05:15	26.64	--	7	18648	买盘
14:04:57	26.64	-0.01	22	58608	卖盘
14:04:15	26.65	-0.01	3	7995	中性盘
14:03:24	26.66	0.01	10	26660	买盘
14:03:09	26.65	--	17	45305	卖盘
14:02:57	26.65	--	18	47970	卖盘
14:02:42	26.65	--	25	66625	卖盘
14:02:33	26.65	-0.01	5	13325	卖盘
14:02:27	26.66	--	10	26660	买盘
14:02:24	26.66	-0.04	45	119970	卖盘
14:00:57	26.7	-0.02	9	24030	买盘
14:00:27	26.72	--	12	32064	买盘
14:00:21	26.72	0.06	12	32064	买盘
14:00:18	26.66	-0.04	5	13330	卖盘
14:00:15	26.7	-0.03	2	5340	中性盘
13:59:09	26.73	--	13	34749	卖盘
13:59:00	26.73	0.04	77	205821	买盘
13:57:36	26.69	-0.01	140	373660	中性盘
13:57:24	26.7	--	11	29370	买盘
13:57:06	26.7	--	91	242970	中性盘
13:55:57	26.7	-0.02	3	8010	卖盘
13:55:51	26.72	--	2	5344	买盘
13:55:42	26.72	--	20	53440	买盘
13:55:30	26.72	--	2	5344	买盘
13:55:21	26.72	--	3	8016	买盘
13:55:12	26.72	-0.05	16	42752	卖盘
13:55:09	26.77	0.05	98	262346	买盘
13:55:06	26.72	--	4	10688	卖盘
13:54:57	26.72	-0.03	2	5344	中性盘
13:54:45	26.75	-0.01	25	66875	买盘
13:54:30	26.76	0.05	180	481680	买盘
13:54:18	26.71	0.04	92	245732	买盘
13:54:03	26.67	0.02	109	290703	买盘
13:54:00	26.65	--	1	2665	买盘
13:53:36	26.65	--	1	2665	买盘
13:53:00	26.65	0.04	3	7995	买盘
13:52:45	26.61	--	17	45237	买盘
13:52:27	26.61	--	10	26610	买盘
13:52:21	26.61	0.01	200	532200	买盘
13:52:18	26.6	0.01	2	5320	买盘
13:52:12	26.59	--	3	7977	买盘
13:51:57	26.59	--	6	15954	买盘
13:51:39	26.59	0.02	100	265900	买盘
13:51:24	26.57	-0.02	11	29227	卖盘
13:51:18	26.59	0.02	23	61157	买盘
13:50:51	26.57	--	4	10628	买盘
13:50:24	26.57	--	4	10628	买盘
13:50:09	26.57	--	6	15942	买盘
13:50:03	26.57	--	3	7971	买盘
13:49:48	26.57	0.01	1	2657	买盘
13:49:45	26.56	-0.01	1	2656	卖盘
13:49:36	26.57	0.01	28	74396	买盘
13:49:24	26.56	--	5	13280	卖盘
13:49:12	26.56	0.01	36	95616	买盘
13:48:51	26.55	-0.01	2	5310	卖盘
13:48:48	26.56	--	8	21248	买盘
13:48:21	26.56	--	57	151392	买盘
13:47:27	26.56	0.03	5	13280	买盘
13:45:48	26.53	-0.01	1	2653	卖盘
13:45:21	26.54	--	5	13270	买盘
13:45:06	26.54	0.01	1	2654	中性盘
13:44:30	26.53	-0.03	30	79590	卖盘
13:43:33	26.56	-0.01	1	2656	卖盘
13:41:57	26.57	--	4	10628	买盘
13:41:45	26.57	0.01	7	18599	买盘
13:41:36	26.56	--	1	2656	卖盘
13:41:21	26.56	0.03	3	7968	买盘
13:41:09	26.53	--	1	2653	卖盘
13:40:45	26.53	--	4	10612	卖盘
13:40:30	26.53	0.01	9	23877	卖盘
13:40:12	26.52	--	2	5304	买盘
13:40:06	26.52	0.01	20	53040	中性盘
13:39:36	26.51	-0.06	2	5302	卖盘
13:39:30	26.57	0.06	5	13285	买盘
13:38:39	26.51	-0.06	14	37114	卖盘
13:38:06	26.57	0.05	5	13285	买盘
13:37:12	26.52	--	1	2652	买盘
13:37:06	26.52	--	4	10608	卖盘
13:36:57	26.52	0.02	14	37128	买盘
13:36:54	26.5	-0.02	20	53000	卖盘
13:36:09	26.52	0.02	10	26520	买盘
13:35:36	26.5	-0.02	32	84800	卖盘
13:35:15	26.52	--	6	15912	买盘
13:35:12	26.52	--	17	45084	买盘
13:35:06	26.52	--	30	79560	买盘
13:35:03	26.52	--	30	79560	买盘
13:34:48	26.52	--	18	47736	买盘
13:34:15	26.52	--	88	233376	买盘
13:34:12	26.52	0.02	7	18564	买盘
13:34:09	26.5	-0.02	200	530000	卖盘
13:34:00	26.52	0.01	1	2652	买盘
13:33:54	26.51	--	3	7953	卖盘
13:33:45	26.51	-0.01	1	2651	卖盘
13:33:30	26.52	--	4	10608	买盘
13:33:27	26.52	--	109	289068	买盘
13:33:18	26.52	-0.05	66	175032	卖盘
13:33:09	26.57	0.02	5	13285	买盘
13:32:48	26.55	--	10	26550	买盘
13:32:30	26.55	0.03	1	2655	买盘
13:32:15	26.52	-0.03	5	13260	卖盘
13:31:54	26.55	--	8	21240	买盘
13:31:51	26.55	--	5	13275	买盘
13:31:42	26.55	--	151	400905	买盘
13:31:27	26.55	--	2	5310	买盘
13:31:09	26.55	--	23	61065	卖盘
13:30:51	26.55	-0.02	3	7965	卖盘
13:30:45	26.57	--	4	10628	买盘
13:30:27	26.57	0.02	3	7971	买盘
13:30:18	26.55	-0.03	5	13275	卖盘
13:30:15	26.58	0.01	100	265800	买盘
13:30:00	26.57	--	40	106280	买盘
13:29:51	26.57	--	20	53140	买盘
13:29:48	26.57	--	62	164734	卖盘
13:29:42	26.57	--	68	180676	买盘
13:29:39	26.57	--	8	21256	买盘
13:29:36	26.57	--	20	53140	买盘
13:29:21	26.57	-0.01	43	114251	中性盘
13:29:09	26.58	0.01	100	265800	买盘
13:28:57	26.57	--	3	7971	卖盘
13:28:54	26.57	--	10	26570	卖盘
13:28:48	26.57	--	17	45169	买盘
13:28:45	26.57	0.02	3	7971	买盘
13:28:33	26.55	0.04	270	716850	买盘
13:28:27	26.51	0.01	4	10604	买盘
13:27:57	26.5	--	221	585650	买盘
13:27:51	26.5	--	19	50350	买盘
13:27:39	26.5	--	10	26500	买盘
13:27:21	26.5	--	1	2650	买盘
13:27:12	26.5	--	32	84800	买盘
13:26:54	26.5	--	4	10600	买盘
13:26:36	26.5	--	12	31800	买盘
13:26:30	26.5	0.04	270	715500	买盘
13:26:18	26.46	0.02	5	13230	买盘
13:25:57	26.44	--	10	26440	卖盘
13:25:54	26.44	--	8	21152	卖盘
13:25:33	26.44	--	34	89896	卖盘
13:23:51	26.44	-0.01	3	7932	卖盘
13:23:39	26.45	--	2	5290	买盘
13:23:36	26.45	0.01	1	2645	买盘
13:23:27	26.44	-0.01	2	5288	卖盘
13:22:42	26.45	--	3	7935	买盘
13:22:06	26.45	--	4	10580	买盘
13:22:03	26.45	--	2	5290	买盘
13:22:00	26.45	--	22	58190	买盘
13:21:30	26.45	-0.03	171	452295	卖盘
13:21:03	26.48	0.02	2	5296	买盘
13:21:00	26.46	-0.02	10	26460	卖盘
13:20:51	26.48	--	1	2648	买盘
13:20:45	26.48	--	2	5296	买盘
13:19:51	26.48	--	6	15888	买盘
13:19:45	26.48	--	1	2648	买盘
13:19:36	26.48	--	3	7944	买盘
13:19:33	26.48	--	2	5296	买盘
13:19:12	26.48	--	10	26480	买盘
13:18:57	26.48	--	23	60904	买盘
13:18:48	26.48	--	1	2648	买盘
13:18:21	26.48	--	2	5296	买盘
13:18:09	26.48	--	10	26480	买盘
13:17:48	26.48	--	2	5296	买盘
13:17:45	26.48	0.03	4	10592	买盘
13:17:39	26.45	--	23	60835	卖盘
13:17:00	26.45	--	18	47610	买盘
13:16:57	26.45	--	1	2645	买盘
13:16:48	26.45	--	101	267145	买盘
13:16:36	26.45	--	3	7935	买盘
13:16:24	26.45	0.01	5	13225	买盘
13:16:12	26.44	-0.01	1	2644	卖盘
13:16:00	26.45	0.01	3	7935	买盘
13:15:57	26.44	-0.01	10	26440	卖盘
13:15:48	26.45	--	3	7935	买盘
13:15:42	26.45	--	30	79350	买盘
13:15:39	26.45	0.01	2	5290	买盘
13:15:30	26.44	--	2	5288	买盘
13:15:18	26.44	0.02	6	15864	买盘
13:14:51	26.42	0.01	21	55482	买盘
13:14:42	26.41	--	5	13205	卖盘
13:14:36	26.41	--	3	7923	买盘
13:14:33	26.41	--	1	2641	买盘
13:14:30	26.41	--	5	13205	买盘
13:14:27	26.41	--	1	2641	买盘
13:14:24	26.41	--	26	68666	买盘
13:14:18	26.41	--	2	5282	买盘
13:14:12	26.41	-0.03	22	58102	卖盘
13:14:00	26.44	0.02	8	21152	买盘
13:13:54	26.42	--	5	13210	买盘
13:13:33	26.42	0.02	4	10568	买盘
13:13:24	26.4	--	48	126720	买盘
13:13:21	26.4	--	52	137280	卖盘
13:13:06	26.4	--	72	190080	买盘
13:12:57	26.4	0.01	1	2640	买盘
13:12:48	26.39	-0.01	1	2639	卖盘
13:12:45	26.4	--	2	5280	买盘
13:12:39	26.4	--	1	2640	买盘
13:12:00	26.4	--	25	66000	买盘
13:11:48	26.4	--	2	5280	买盘
13:11:33	26.4	--	1	2640	买盘
13:11:27	26.4	-0.02	96	253440	卖盘
13:11:21	26.42	--	2	5284	买盘
13:11:15	26.42	-0.02	5	13210	卖盘
13:11:06	26.44	0.02	3	7932	买盘
13:10:42	26.42	--	3	7926	卖盘
13:10:33	26.42	0.02	3	7926	买盘
13:10:27	26.4	--	3	7920	卖盘
13:09:45	26.4	-0.02	3	7920	卖盘
13:09:42	26.42	--	3	7926	买盘
13:09:33	26.42	--	10	26420	买盘
13:09:00	26.42	-0.03	4	10568	卖盘
13:08:51	26.45	--	21	55545	买盘
13:08:45	26.45	-0.02	12	31740	买盘
13:08:33	26.47	--	2	5294	卖盘
13:08:12	26.47	0.05	18	47646	买盘
13:08:03	26.42	-0.02	23	60766	卖盘
13:07:54	26.44	-0.01	6	15864	中性盘
13:06:03	26.45	--	39	103155	买盘
13:05:39	26.45	--	13	34385	买盘
13:05:09	26.45	--	6	15870	买盘
13:04:36	26.45	0.03	23	60835	买盘
13:04:27	26.42	--	37	97754	买盘
13:04:00	26.42	--	3	7926	卖盘
13:03:39	26.42	--	10	26420	卖盘
13:03:30	26.42	--	4	10568	卖盘
13:03:00	26.42	-0.01	25	66050	卖盘
13:02:36	26.43	-0.02	7	18501	卖盘
13:02:03	26.45	-0.02	8	21160	买盘
13:01:57	26.47	--	27	71469	卖盘
13:01:54	26.47	--	3	7941	卖盘
13:01:51	26.47	-0.01	10	26470	卖盘
13:01:42	26.48	--	3	7944	买盘
13:01:33	26.48	0.01	10	26480	买盘
13:01:30	26.47	--	5	13235	卖盘
13:01:06	26.47	--	19	50293	买盘
13:01:00	26.47	--	10	26470	买盘
13:00:51	26.47	--	1	2647	买盘
13:00:48	26.47	0.02	100	264700	买盘
13:00:45	26.45	-0.02	48	126960	卖盘
13:00:18	26.47	0.01	22	58234	买盘
13:00:12	26.46	-0.01	1	2646	卖盘
13:00:09	26.47	--	1	2647	买盘
13:00:06	26.47	0.02	1	2647	买盘
13:00:03	26.45	0.01	107	283015	买盘
13:00:00	26.44	--	0	0	卖盘
11:30:00	26.44	--	0	0	卖盘
11:29:54	26.44	--	10	26440	中性盘
11:29:39	26.44	0.02	10	26440	买盘
11:29:15	26.42	-0.02	16	42272	卖盘
11:29:12	26.44	0.02	10	26440	买盘
11:29:06	26.42	--	10	26420	卖盘
11:28:48	26.42	0.02	247	652574	买盘
11:28:42	26.4	--	5	13200	买盘
11:28:36	26.4	--	10	26400	买盘
11:28:27	26.4	--	3	7920	买盘
11:28:24	26.4	--	37	97680	买盘
11:28:21	26.4	--	3	7920	卖盘
11:28:09	26.4	--	12	31680	买盘
11:28:06	26.4	--	20	52800	买盘
11:28:03	26.4	--	2	5280	买盘
11:28:00	26.4	0.01	15	39600	买盘
11:27:54	26.39	-0.01	1	2639	中性盘
11:27:45	26.4	--	5	13200	买盘
11:27:30	26.4	--	1	2640	买盘
11:27:21	26.4	--	25	66000	买盘
11:27:18	26.4	0.02	9	23760	买盘
11:26:33	26.38	--	5	13190	卖盘
11:25:57	26.38	--	10	26380	卖盘
11:25:54	26.38	--	25	65950	买盘
11:25:21	26.38	--	43	113434	买盘
11:25:09	26.38	--	1	2638	买盘
11:25:00	26.38	--	11	29018	买盘
11:24:45	26.38	--	1	2638	买盘
11:24:39	26.38	0.03	5	13190	买盘
11:24:27	26.35	--	100	263500	卖盘
11:24:15	26.35	--	6	15810	卖盘
11:23:45	26.35	0.01	94	247690	买盘
11:23:36	26.34	--	1	2634	卖盘
11:22:36	26.34	-0.01	2	5268	卖盘
11:22:27	26.35	--	16	42160	买盘
11:21:39	26.35	0.01	22	57970	买盘
11:21:30	26.34	-0.01	20	52680	卖盘
11:21:06	26.35	0.01	4	10540	买盘
11:20:48	26.34	-0.01	2	5268	卖盘
11:20:45	26.35	--	5	13175	买盘
11:20:30	26.35	--	10	26350	买盘
11:20:18	26.35	-0.03	11	28985	卖盘
11:20:15	26.38	0.04	24	63312	买盘
11:19:39	26.34	-0.01	3	7902	卖盘
11:19:33	26.35	--	4	10540	买盘
11:19:24	26.35	--	20	52700	买盘
11:19:06	26.35	--	3	7905	买盘
11:18:48	26.35	--	1	2635	买盘
11:18:30	26.35	--	1	2635	买盘
11:17:54	26.35	0.02	7	18445	买盘
11:17:51	26.33	--	5	13165	卖盘
11:17:42	26.33	-0.02	12	31595	卖盘
11:17:33	26.35	--	5	13175	买盘
11:17:30	26.35	0.02	3	7905	买盘
11:16:39	26.33	-0.02	1	2633	卖盘
11:16:03	26.35	--	61	160735	卖盘
11:15:42	26.35	--	74	194990	买盘
11:15:36	26.35	--	13	34255	买盘
11:15:30	26.35	--	5	13175	买盘
11:15:15	26.35	0.02	1	2635	买盘
11:14:36	26.33	-0.02	20	52660	卖盘
11:14:24	26.35	--	10	26350	买盘
11:14:12	26.35	0.02	1	2635	买盘
11:13:57	26.33	-0.02	1	2633	卖盘
11:13:48	26.35	--	1	2635	买盘
11:13:30	26.35	0.03	4	10540	买盘
11:13:27	26.32	--	15	39480	卖盘
11:12:54	26.32	--	3	7896	卖盘
11:12:48	26.32	--	6	15792	买盘
11:12:45	26.32	--	27	71064	买盘
11:12:30	26.32	--	8	21056	买盘
11:12:18	26.32	0.03	4	10528	买盘
11:11:57	26.29	--	54	141966	卖盘
11:11:51	26.29	--	50	131450	中性盘
11:11:42	26.29	--	62	162998	买盘
11:11:33	26.29	--	1	2629	买盘
11:11:27	26.29	0.01	10	26290	买盘
11:11:15	26.28	--	46	120888	卖盘
11:11:12	26.28	-0.01	20	52560	卖盘
11:11:03	26.29	--	20	52580	买盘
11:10:48	26.29	--	5	13145	中性盘
11:10:45	26.29	--	29	76241	买盘
11:10:42	26.29	-0.01	1	2629	中性盘
11:10:09	26.3	-0.01	23	60490	卖盘
11:10:06	26.31	--	1	2631	买盘
11:09:57	26.31	--	2	5262	买盘
11:09:51	26.31	0.01	2	5262	买盘
11:09:48	26.3	--	14	36820	卖盘
11:09:36	26.3	--	11	28930	卖盘
11:09:30	26.3	--	5	13150	卖盘
11:09:21	26.3	--	7	18410	卖盘
11:09:18	26.3	-0.01	10	26300	卖盘
11:09:00	26.31	-0.03	32	84192	卖盘
11:08:54	26.34	0.02	10	26340	买盘
11:08:45	26.32	-0.02	27	71064	卖盘
11:08:42	26.34	--	12	31608	卖盘
11:08:36	26.34	--	5	13170	卖盘
11:08:21	26.34	-0.01	9	23706	卖盘
11:08:18	26.35	--	21	55335	买盘
11:08:12	26.35	--	86	226610	买盘
11:07:51	26.35	-0.02	15	39525	卖盘
11:07:30	26.37	--	7	18459	卖盘
11:07:15	26.37	-0.03	29	76473	卖盘
11:07:12	26.4	--	2	5280	买盘
11:06:27	26.4	0.03	30	79200	买盘
11:06:18	26.37	--	20	52740	卖盘
11:06:15	26.37	--	15	39555	卖盘
11:05:30	26.37	--	1	2637	卖盘
11:05:03	26.37	--	48	126576	买盘
11:04:39	26.37	0.02	4	10548	买盘
11:04:36	26.35	0.01	3	7905	买盘
11:04:27	26.34	-0.01	29	76386	卖盘
11:04:21	26.35	--	15	39525	卖盘
11:04:06	26.35	-0.02	6	15810	卖盘
11:03:45	26.37	--	1	2637	买盘
11:03:24	26.37	-0.03	6	15822	卖盘
11:02:48	26.4	-0.01	9	23760	卖盘
11:02:12	26.41	--	4	10564	买盘
11:02:09	26.41	-0.01	1	2641	中性盘
11:01:48	26.42	--	9	23778	买盘
11:01:33	26.42	0.01	6	15852	买盘
11:01:06	26.41	0.01	7	18487	中性盘
11:00:36	26.4	--	39	102960	买盘
11:00:30	26.4	-0.05	1	2640	中性盘
10:59:33	26.45	0.13	132	349140	买盘
10:59:09	26.32	-0.08	10	26320	卖盘
10:58:51	26.4	0.03	172	454080	买盘
10:58:48	26.37	0.05	5	13185	买盘
10:58:42	26.32	0.01	2	5264	中性盘
10:58:12	26.31	0.01	3	7893	买盘
10:57:57	26.3	--	13	34190	卖盘
10:57:54	26.3	-0.01	9	23670	卖盘
10:57:51	26.31	--	6	15786	买盘
10:57:39	26.31	--	2	5262	买盘
10:57:36	26.31	0.01	4	10524	中性盘
10:57:30	26.3	-0.01	50	131500	卖盘
10:57:27	26.31	--	1	2631	中性盘
10:57:15	26.31	--	3	7893	买盘
10:57:09	26.31	0.01	2	5262	买盘
10:57:06	26.3	--	5	13150	卖盘
10:56:54	26.3	--	4	10520	买盘
10:56:51	26.3	--	5	13150	买盘
10:56:33	26.3	0.04	10	26300	中性盘
10:56:24	26.26	-0.05	200	525200	卖盘
10:56:12	26.31	-0.06	25	65775	卖盘
10:55:57	26.37	0.07	5	13185	买盘
10:55:39	26.3	-0.07	20	52600	卖盘
10:55:30	26.37	--	208	548496	买盘
10:55:27	26.37	--	1	2637	买盘
10:55:12	26.37	-0.01	2	5274	卖盘
10:55:03	26.38	--	1	2638	卖盘
10:54:39	26.38	-0.02	20	52760	卖盘
10:54:24	26.4	--	20	52800	卖盘
10:54:09	26.4	--	6	15840	卖盘
10:54:03	26.4	--	60	158400	卖盘
10:53:39	26.4	-0.03	498	1314720	卖盘
10:53:21	26.43	--	13	34359	买盘
10:53:15	26.43	--	33	87219	买盘
10:53:12	26.43	0.01	1	2643	买盘
10:53:03	26.42	--	20	52840	卖盘
10:52:57	26.42	--	38	100396	卖盘
10:52:54	26.42	--	11	29062	买盘
10:52:51	26.42	-0.01	63	166446	卖盘
10:52:42	26.43	-0.01	96	253728	卖盘
10:52:39	26.44	--	5	13220	买盘
10:52:12	26.44	--	24	63456	买盘
10:52:09	26.44	--	3	7932	买盘
10:52:06	26.44	-0.01	64	169216	卖盘
10:52:03	26.45	--	7	18515	买盘
10:51:54	26.45	-0.02	11	29095	卖盘
10:51:51	26.47	-0.01	4	10588	卖盘
10:51:42	26.48	0.01	4	10592	买盘
10:51:30	26.47	--	1	2647	卖盘
10:51:24	26.47	--	6	15882	买盘
10:51:15	26.47	0.02	50	132350	买盘
10:51:12	26.45	0.01	18	47610	买盘
10:51:06	26.44	-0.01	6	15864	卖盘
10:50:54	26.45	--	1	2645	买盘
10:50:42	26.45	0.01	1	2645	买盘
10:50:30	26.44	--	228	602832	买盘
10:50:00	26.44	--	50	132200	买盘
10:49:48	26.44	0.02	10	26440	买盘
10:49:42	26.42	-0.01	50	132100	卖盘
10:49:39	26.43	-0.01	1	2643	卖盘
10:49:33	26.44	0.01	2	5288	买盘
10:49:27	26.43	--	4	10572	中性盘
10:49:18	26.43	--	25	66075	买盘
10:49:12	26.43	--	8	21144	买盘
10:49:06	26.43	--	10	26430	买盘
10:49:03	26.43	0.01	5	13215	买盘
10:49:00	26.42	--	20	52840	卖盘
10:48:48	26.42	-0.01	10	26420	卖盘
10:48:45	26.43	--	100	264300	买盘
10:48:30	26.43	--	5	13215	买盘
10:48:24	26.43	--	11	29073	买盘
10:48:15	26.43	0.01	51	134793	买盘
10:48:12	26.42	--	19	50198	卖盘
10:47:51	26.42	--	18	47556	买盘
10:47:42	26.42	-0.01	137	361954	卖盘
10:47:27	26.43	--	20	52860	买盘
10:47:24	26.43	-0.01	17	44931	卖盘
10:47:15	26.44	--	2	5288	买盘
10:47:12	26.44	--	105	277620	买盘
10:46:51	26.44	0.01	44	116336	中性盘
10:46:33	26.43	-0.02	3	7929	卖盘
10:46:27	26.45	--	9	23805	买盘
10:46:21	26.45	0.01	132	349140	买盘
10:46:06	26.44	--	6	15864	卖盘
10:46:03	26.44	-0.01	8	21152	卖盘
10:45:45	26.45	0.01	7	18515	买盘
10:45:33	26.44	--	6	15864	卖盘
10:45:00	26.44	-0.01	2	5288	卖盘
10:44:36	26.45	--	1	2645	买盘
10:44:33	26.45	-0.01	18	47610	卖盘
10:44:27	26.46	0.02	3	7938	卖盘
10:44:09	26.44	-0.04	70	185080	卖盘
10:44:00	26.48	-0.01	11	29128	卖盘
10:43:42	26.49	--	3	7946	买盘
10:43:39	26.49	-0.01	20	52980	卖盘
10:43:30	26.5	--	2	5300	买盘
10:43:24	26.5	0.01	2	5300	买盘
10:43:18	26.49	-0.01	11	29139	卖盘
10:43:03	26.5	--	87	230550	卖盘
10:43:00	26.5	-0.02	14	37100	卖盘
10:42:39	26.52	0.01	1	2652	买盘
10:42:21	26.51	0.01	5	13255	买盘
10:42:15	26.5	-0.01	15	39750	卖盘
10:42:09	26.51	-0.02	5	13255	卖盘
10:42:06	26.53	--	27	71631	买盘
10:41:51	26.53	--	1	2653	买盘
10:41:45	26.53	0.01	13	34489	买盘
10:41:39	26.52	-0.01	100	265200	卖盘
10:41:33	26.53	0.01	4	10612	买盘
10:41:30	26.52	--	5	13260	买盘
10:39:57	26.52	0.02	5	13260	买盘
10:39:54	26.5	--	5	13250	卖盘
10:39:45	26.5	--	14	37100	卖盘
10:39:30	26.5	--	48	127200	卖盘
10:38:51	26.5	-0.03	60	159000	卖盘
10:38:33	26.53	0.03	1	2653	买盘
10:38:06	26.5	--	3	7950	卖盘
10:37:54	26.5	-0.03	18	47700	卖盘
10:37:39	26.53	0.03	1	2653	买盘
10:37:12	26.5	-0.03	18	47700	卖盘
10:37:06	26.53	--	9	23877	买盘
10:37:00	26.53	--	6	15918	买盘
10:36:51	26.53	--	1	2653	买盘
10:35:54	26.53	-0.01	9	23877	中性盘
10:35:48	26.54	--	3	7962	买盘
10:35:36	26.54	0.05	1	2654	买盘
10:35:03	26.49	--	7	18543	卖盘
10:34:57	26.49	-0.05	1	2649	卖盘
10:34:51	26.54	0.04	56	148624	买盘
10:34:45	26.5	--	2	5300	买盘
10:34:42	26.5	-0.01	20	53000	卖盘
10:34:06	26.51	--	14	37114	买盘
10:33:42	26.51	0.01	19	50369	买盘
10:33:12	26.5	-0.01	1	2650	中性盘
10:32:42	26.51	--	53	140503	买盘
10:32:30	26.51	--	10	26510	买盘
10:32:03	26.51	-0.03	1	2651	卖盘
10:31:45	26.54	0.03	10	26540	买盘
10:31:39	26.51	0.01	1	2651	买盘
10:31:27	26.5	--	1	2650	买盘
10:31:18	26.5	0.01	13	34450	买盘
10:30:39	26.49	--	10	26490	买盘
10:30:30	26.49	--	1	2649	买盘
10:30:24	26.49	--	251	664899	买盘
10:30:09	26.49	--	3	7946	卖盘
10:30:00	26.49	-0.01	7	18543	卖盘
10:29:45	26.5	--	1	2650	买盘
10:29:42	26.5	-0.01	15	39750	卖盘
10:29:39	26.51	--	43	113993	卖盘
10:29:06	26.51	-0.05	238	630938	卖盘
10:28:51	26.56	--	1	2656	中性盘
10:28:27	26.56	0.01	5	13280	中性盘
10:27:51	26.55	-0.03	997	2647035	卖盘
10:27:39	26.58	0.02	29	77082	买盘
10:27:21	26.56	-0.02	50	132800	卖盘
10:27:12	26.58	--	4	10632	买盘
10:27:00	26.58	--	20	53160	买盘
10:26:42	26.58	-0.01	7	18606	卖盘
10:26:30	26.59	--	10	26590	买盘
10:26:00	26.59	-0.01	2	5318	中性盘
10:25:36	26.6	0.01	52	138320	买盘
10:25:21	26.59	0.01	48	127632	买盘
10:25:06	26.58	-0.01	50	132900	卖盘
10:24:45	26.59	--	1	2659	买盘
10:24:06	26.59	0.04	18	47862	买盘
10:23:57	26.55	0.04	136	361080	买盘
10:23:54	26.51	-0.04	10	26510	卖盘
10:23:39	26.55	0.04	110	292050	买盘
10:23:36	26.51	--	28	74228	买盘
10:23:27	26.51	-0.03	131	347281	卖盘
10:23:21	26.54	0.02	2	5308	买盘
10:23:12	26.52	--	8	21216	卖盘
10:22:42	26.52	--	1	2652	中性盘
10:22:30	26.52	0.01	13	34476	买盘
10:22:27	26.51	-0.01	10	26510	卖盘
10:22:24	26.52	-0.02	17	45084	卖盘
10:22:15	26.54	0.03	15	39810	中性盘
10:22:03	26.51	--	5	13255	卖盘
10:22:00	26.51	-0.04	22	58322	卖盘
10:21:51	26.55	0.04	111	294705	买盘
10:21:30	26.51	--	32	84832	买盘
10:21:21	26.51	--	10	26510	买盘
10:21:12	26.51	-0.01	25	66275	卖盘
10:21:09	26.52	0.01	5	13260	买盘
10:21:06	26.51	--	3	7953	中性盘
10:20:33	26.51	0.03	3	7953	买盘
10:20:21	26.48	-0.01	6	15888	卖盘
10:19:39	26.49	-0.01	99	262251	卖盘
10:19:36	26.5	--	7	18550	买盘
10:19:27	26.5	-0.01	23	60950	卖盘
10:19:18	26.51	-0.03	47	124597	卖盘
10:19:12	26.54	0.03	16	42464	买盘
10:19:09	26.51	0.01	7	19882	卖盘
10:19:06	26.5	--	21	56975	买盘
10:19:03	26.5	--	34	91425	卖盘
10:19:00	26.5	--	10	27825	卖盘
10:18:51	26.5	--	16	42400	卖盘
10:18:39	26.5	--	11	29150	卖盘
10:18:30	26.5	--	12	31800	卖盘
10:18:24	26.5	--	3	7950	卖盘
10:18:18	26.5	--	12	31800	卖盘
10:18:09	26.5	--	12	31800	卖盘
10:18:00	26.5	--	18	47700	卖盘
10:17:48	26.5	--	22	58300	卖盘
10:17:39	26.5	--	12	31800	卖盘
10:17:30	26.5	--	12	31800	卖盘
10:17:21	26.5	--	2	5300	卖盘
10:17:18	26.5	--	12	31800	卖盘
10:17:09	26.5	-0.04	12	31800	卖盘
10:17:03	26.54	0.04	3	7962	买盘
10:17:00	26.5	--	12	31800	卖盘
10:16:48	26.5	-0.05	12	31800	卖盘
10:16:21	26.55	-0.03	132	350460	卖盘
10:16:09	26.58	--	3	7973	卖盘
10:15:57	26.58	--	5	13290	买盘
10:15:45	26.58	0.03	10	26580	买盘
10:15:24	26.55	--	70	185850	卖盘
10:14:57	26.55	--	9	23895	卖盘
10:14:54	26.55	0.02	99	262845	买盘
10:14:45	26.53	0.05	2	5306	买盘
10:14:36	26.48	--	8	21184	卖盘
10:14:33	26.48	0.01	2	5296	买盘
10:14:21	26.47	0.01	1	2647	中性盘
10:13:54	26.46	-0.04	1	2646	中性盘
10:13:33	26.5	--	27	71550	买盘
10:13:21	26.5	--	22	58300	买盘
10:13:18	26.5	--	50	132500	买盘
10:13:15	26.5	--	5	13250	买盘
10:13:06	26.5	--	7	18550	中性盘
10:12:30	26.5	--	82	217300	买盘
10:12:24	26.5	--	22	58300	买盘
10:12:12	26.5	0.05	4	10600	买盘
10:12:09	26.45	-0.05	1	2645	卖盘
10:12:00	26.5	--	22	58300	买盘
10:11:51	26.5	0.05	10	26500	买盘
10:11:48	26.45	-0.05	13	34385	卖盘
10:11:33	26.5	0.05	9	23850	买盘
10:11:30	26.45	--	8	21160	买盘
10:11:24	26.45	-0.01	11	29095	卖盘
10:11:21	26.46	0.02	93	246078	买盘
10:11:18	26.44	-0.02	50	132200	卖盘
10:11:15	26.46	0.01	65	171990	买盘
10:11:09	26.45	-0.01	6	15870	卖盘
10:11:06	26.46	0.01	9	23814	买盘
10:11:00	26.45	--	69	182505	买盘
10:10:51	26.45	0.01	5	13225	买盘
10:10:42	26.44	--	16	42304	卖盘
10:10:39	26.44	-0.01	1	2644	中性盘
10:10:30	26.45	0.01	26	68770	买盘
10:10:27	26.44	--	1	2644	买盘
10:10:24	26.44	--	1	2644	买盘
10:10:21	26.44	--	11	29084	卖盘
10:10:09	26.44	--	3	7932	买盘
10:10:06	26.44	0.01	12	31728	买盘
10:10:03	26.43	--	40	105720	卖盘
10:09:54	26.43	--	22	58146	卖盘
10:09:48	26.43	--	5	13215	买盘
10:09:45	26.43	--	5	13215	买盘
10:09:39	26.43	--	5	13215	买盘
10:09:33	26.43	0.01	5	13215	买盘
10:09:27	26.42	--	18	47556	买盘
10:09:09	26.42	0.02	5	13210	买盘
10:09:06	26.4	--	5	13200	买盘
10:09:03	26.4	--	1	2640	买盘
10:08:57	26.4	-0.02	30	79200	卖盘
10:08:51	26.42	0.01	1	2642	中性盘
10:08:42	26.41	--	30	79230	卖盘
10:08:39	26.41	--	10	26410	卖盘
10:08:33	26.41	-0.01	74	195434	卖盘
10:08:27	26.42	-0.02	25	66050	卖盘
10:08:24	26.44	--	7	18508	买盘
10:08:18	26.44	-0.01	25	66100	卖盘
10:08:15	26.45	-0.01	1	2645	卖盘
10:08:03	26.46	-0.01	125	330750	卖盘
10:07:57	26.47	-0.03	5	13235	卖盘
10:07:54	26.5	0.02	8	21200	买盘
10:07:48	26.48	-0.02	255	675240	卖盘
10:07:45	26.5	--	8	21200	买盘
10:07:42	26.5	--	1	2650	买盘
10:07:39	26.5	-0.05	56	148400	卖盘
10:07:36	26.55	--	7	21186	卖盘
10:07:24	26.55	0.01	3	7965	卖盘
10:07:21	26.54	--	15	39810	卖盘
10:07:18	26.54	-0.01	20	53080	卖盘
10:07:15	26.55	0.01	5	13275	买盘
10:07:09	26.54	-0.01	4	10616	卖盘
10:07:06	26.55	0.01	1	2655	中性盘
10:07:03	26.54	-0.01	71	188487	卖盘
10:07:00	26.55	--	6	15930	卖盘
10:06:48	26.55	-0.03	60	159300	卖盘
10:06:42	26.58	0.02	2	5316	买盘
10:06:39	26.56	-0.02	41	108896	卖盘
10:06:33	26.58	-0.02	22	58475	卖盘
10:06:18	26.6	-0.01	5	13300	中性盘
10:06:00	26.61	-0.01	13	34593	中性盘
10:05:57	26.62	0.01	10	26620	买盘
10:05:54	26.61	--	5	13305	卖盘
10:05:51	26.61	--	12	31932	卖盘
10:05:45	26.61	--	9	23949	买盘
10:05:33	26.61	0.04	1	2661	买盘
10:05:24	26.57	0.01	2	5314	中性盘
10:05:09	26.56	-0.09	18	47808	卖盘
10:05:03	26.65	0.11	34	90610	买盘
10:04:54	26.54	-0.1	44	116776	卖盘
10:04:51	26.64	0.12	10	26640	买盘
10:04:42	26.52	0.02	7	18564	中性盘
10:04:30	26.5	--	24	63600	卖盘
10:04:27	26.5	--	8	21200	卖盘
10:04:24	26.5	--	24	63600	卖盘
10:04:21	26.5	--	27	71550	买盘
10:04:18	26.5	--	25	66250	买盘
10:04:12	26.5	--	3	7950	买盘
10:04:09	26.5	-0.02	10	26500	卖盘
10:04:06	26.52	0.11	8	21216	中性盘
10:03:45	26.41	-0.31	25	66025	卖盘
10:03:39	26.72	--	7	18704	卖盘
10:03:27	26.72	-0.04	2	5344	卖盘
10:03:00	26.76	0.65	49	131124	买盘
10:02:57	26.11	-0.65	3500	9138500	卖盘
10:02:30	26.76	0.03	10	26760	买盘
10:02:21	26.73	--	3	8019	卖盘
10:01:27	26.73	--	3	8019	买盘
10:01:21	26.73	--	1	2673	买盘
10:01:03	26.73	0.01	5	13365	买盘
10:01:00	26.72	-0.01	11	29392	卖盘
10:00:57	26.73	--	10	26730	买盘
10:00:51	26.73	--	14	37422	卖盘
10:00:15	26.73	--	10	26730	卖盘
10:00:03	26.73	-0.03	13	34749	卖盘
09:59:57	26.76	-0.01	1	2676	中性盘
09:59:45	26.77	0.02	5	13385	买盘
09:59:39	26.75	-0.02	7	18725	卖盘
09:59:27	26.77	-0.01	34	92891	卖盘
09:59:21	26.78	-0.02	4	10712	卖盘
09:59:12	26.8	0.02	1	2680	买盘
09:58:54	26.78	--	17	45526	卖盘
09:58:48	26.78	-0.02	55	147290	卖盘
09:58:39	26.8	--	46	123280	买盘
09:58:21	26.8	--	1	2680	买盘
09:58:12	26.8	--	20	53600	买盘
09:58:00	26.8	--	3	8040	买盘
09:57:57	26.8	--	124	332320	卖盘
09:57:48	26.8	-0.05	60	160800	卖盘
09:57:27	26.85	0.05	1	2685	买盘
09:57:21	26.8	--	5	13400	卖盘
09:57:18	26.8	--	7	18760	买盘
09:57:15	26.8	0.02	5	13400	买盘
09:57:12	26.78	--	1	2678	卖盘
09:56:27	26.78	-0.01	96	257088	卖盘
09:56:24	26.79	--	0	803	卖盘
09:56:12	26.79	-0.01	50	133950	卖盘
09:56:06	26.8	-0.05	38	101840	卖盘
09:55:51	26.85	-0.02	3	8055	买盘
09:55:48	26.87	-0.03	26	69862	卖盘
09:55:30	26.9	0.03	5	13450	买盘
09:55:21	26.87	--	35	94045	卖盘
09:54:54	26.87	-0.03	5	13435	卖盘
09:54:51	26.9	--	2	5380	买盘
09:54:48	26.9	-0.01	12	32280	中性盘
09:54:30	26.91	0.01	100	269100	买盘
09:54:21	26.9	-0.01	16	43040	卖盘
09:54:12	26.91	-0.01	96	258336	中性盘
09:53:27	26.92	--	4	10768	买盘
09:53:15	26.92	-0.02	5	13460	卖盘
09:53:12	26.94	--	4	10776	买盘
09:52:51	26.94	--	1	2694	买盘
09:52:30	26.94	-0.01	5	13470	中性盘
09:52:24	26.95	--	7	18865	买盘
09:52:18	26.95	-0.01	10	26950	卖盘
09:52:12	26.96	0.04	13	35048	买盘
09:52:06	26.92	0.02	5	13460	中性盘
09:51:48	26.9	--	10	26900	卖盘
09:51:42	26.9	--	5	13450	卖盘
09:51:39	26.9	--	1	2690	卖盘
09:51:36	26.9	--	18	48420	买盘
09:51:30	26.9	--	12	32280	买盘
09:51:09	26.9	--	1	2690	买盘
09:50:54	26.9	0.01	2	5380	买盘
09:50:45	26.89	--	5	13445	中性盘
09:50:21	26.89	--	19	51091	卖盘
09:50:18	26.89	0.02	22	59158	买盘
09:50:15	26.87	--	5	13435	卖盘
09:50:06	26.87	--	7	18809	卖盘
09:50:03	26.87	--	4	10748	卖盘
09:50:00	26.87	--	4	10748	卖盘
09:49:48	26.87	--	9	24183	卖盘
09:49:30	26.87	--	4	10748	卖盘
09:48:51	26.87	--	4	10748	卖盘
09:48:45	26.87	--	8	21496	卖盘
09:48:33	26.87	--	10	26870	卖盘
09:48:12	26.87	--	19	51053	买盘
09:48:03	26.87	--	16	42992	买盘
09:47:36	26.87	--	10	26870	买盘
09:47:18	26.87	-0.03	5	13435	卖盘
09:47:15	26.9	0.02	5	13450	买盘
09:47:09	26.88	-0.02	8	21504	卖盘
09:47:06	26.9	0.02	1	2690	买盘
09:47:00	26.88	--	20	53760	买盘
09:46:51	26.88	0.01	41	110208	买盘
09:46:48	26.87	--	1	2687	卖盘
09:46:36	26.87	--	13	34931	卖盘
09:46:33	26.87	0.09	4	10748	买盘
09:46:00	26.78	--	9	24102	卖盘
09:45:54	26.78	-0.09	15	40170	卖盘
09:45:39	26.87	-0.01	10	26870	中性盘
09:45:30	26.88	0.1	5	13440	中性盘
09:45:09	26.78	-0.12	12	32136	卖盘
09:44:39	26.9	0.11	29	78010	买盘
09:44:36	26.79	0.01	10	26790	买盘
09:44:15	26.78	--	22	58916	买盘
09:44:00	26.78	0.01	10	26780	买盘
09:43:51	26.77	--	2	5354	卖盘
09:43:39	26.77	0.01	58	155266	买盘
09:43:21	26.76	--	10	26760	卖盘
09:42:54	26.76	--	1	2676	卖盘
09:42:48	26.76	--	2	5352	卖盘
09:42:33	26.76	--	1	2676	卖盘
09:42:30	26.76	-0.01	10	26760	卖盘
09:42:27	26.77	0.01	5	13385	买盘
09:42:18	26.76	-0.01	23	61548	卖盘
09:41:57	26.77	0.01	4	10708	买盘
09:41:45	26.76	0.05	4	10704	买盘
09:41:39	26.71	-0.05	50	133550	卖盘
09:41:30	26.76	--	6	16056	买盘
09:41:21	26.76	--	9	24084	买盘
09:41:18	26.76	--	39	104364	买盘
09:41:15	26.76	0.01	3	8028	买盘
09:40:57	26.75	0.01	3	8025	买盘
09:40:54	26.74	0.01	2	5348	中性盘
09:40:39	26.73	--	3	8019	买盘
09:40:36	26.73	--	1	2673	买盘
09:40:33	26.73	--	12	32076	买盘
09:40:24	26.73	--	2	5346	买盘
09:40:18	26.73	--	4	10692	卖盘
09:40:06	26.73	--	5	13365	买盘
09:40:03	26.73	--	4	10692	买盘
09:40:00	26.73	--	3	8019	买盘
09:39:57	26.73	--	2	5346	买盘
09:39:54	26.73	--	1	2673	买盘
09:39:45	26.73	--	1	2673	卖盘
09:39:42	26.73	-0.01	4	10692	卖盘
09:39:39	26.74	0.01	5	13370	买盘
09:39:36	26.73	-0.01	4	10692	卖盘
09:39:30	26.74	0.01	13	34762	买盘
09:39:21	26.73	-0.01	5	13365	卖盘
09:39:18	26.74	--	1	2674	买盘
09:39:15	26.74	0.01	6	16043	买盘
09:39:06	26.73	-0.01	1	2673	卖盘
09:39:03	26.74	--	1	2674	买盘
09:38:51	26.74	--	10	26740	买盘
09:38:45	26.74	--	40	106960	卖盘
09:38:42	26.74	--	2	5348	卖盘
09:38:36	26.74	-0.01	1	2674	卖盘
09:38:33	26.75	0.01	1	2675	买盘
09:38:21	26.74	-0.01	24	64175	卖盘
09:38:12	26.75	--	40	107000	卖盘
09:38:03	26.75	--	4	10700	卖盘
09:38:00	26.75	-0.01	23	61525	卖盘
09:37:33	26.76	--	5	13380	买盘
09:37:27	26.76	--	1	2676	买盘
09:37:24	26.76	--	2	5352	中性盘
09:36:39	26.76	-0.01	15	40140	卖盘
09:36:24	26.77	-0.01	5	13385	卖盘
09:36:21	26.78	--	4	10712	买盘
09:36:12	26.78	--	5	13390	买盘
09:35:57	26.78	0.01	4	10712	买盘
09:35:51	26.77	0.01	7	18739	中性盘
09:35:30	26.76	--	10	26760	卖盘
09:35:18	26.76	-0.01	30	80280	卖盘
09:35:12	26.77	--	5	13385	买盘
09:35:09	26.77	--	22	58894	卖盘
09:34:54	26.77	--	11	29447	卖盘
09:34:39	26.77	--	1	2677	买盘
09:34:33	26.77	-0.03	2	5354	卖盘
09:34:21	26.8	-0.08	5	13400	中性盘
09:33:09	26.88	0.13	5	13440	买盘
09:33:03	26.75	--	12	32100	买盘
09:32:57	26.75	--	1	2675	买盘
09:32:48	26.75	--	10	26750	买盘
09:32:42	26.75	0.01	6	16050	买盘
09:32:36	26.74	-0.01	5	13370	卖盘
09:32:33	26.75	--	8	21400	买盘
09:32:30	26.75	--	2	5350	买盘
09:32:24	26.75	--	5	13375	买盘
09:32:21	26.75	--	13	34775	买盘
09:32:18	26.75	--	6	16050	卖盘
09:32:15	26.75	--	5	13375	卖盘
09:32:03	26.75	-0.1	10	26750	中性盘
09:31:45	26.85	0.11	2	5370	买盘
09:31:36	26.74	0.01	1	2674	中性盘
09:30:45	26.73	--	9	24057	卖盘
09:30:39	26.73	--	5	13365	卖盘
09:30:36	26.73	-0.01	8	21384	卖盘
09:30:33	26.74	--	8	21392	买盘
09:30:30	26.74	--	23	61502	买盘
09:30:18	26.74	--	8	21392	买盘
09:30:12	26.74	--	13	34762	买盘
09:30:09	26.74	--	2	5348	买盘
09:30:06	26.74	-0.01	18	48132	买盘
09:30:03	26.75	--	161	430675	卖盘
09:30:00	26.75	--	0	0	卖盘
09:25:03	26.75	26.75	14	37450	买盘
