成交时间	成交价	价格变动	成交量(手)	成交额(元)	性质
15:00:03	32.88	--	138	453744	买盘
14:57:03	32.88	--	0	0	买盘
14:57:00	32.88	--	1	3288	买盘
14:56:51	32.88	--	55	180840	卖盘
14:56:48	32.88	-0.02	31	101928	卖盘
14:56:45	32.9	--	10	32900	买盘
14:56:39	32.9	-0.01	2	6580	中性盘
14:56:33	32.91	--	0	3060	卖盘
14:56:30	32.91	--	13	42782	卖盘
14:56:27	32.91	-0.01	4	13163	卖盘
14:56:24	32.92	0.01	5	16460	买盘
14:56:21	32.91	--	9	29849	卖盘
14:56:15	32.91	-0.01	50	164549	卖盘
14:55:57	32.92	0.01	10	32920	中性盘
14:55:48	32.91	--	50	164549	卖盘
14:55:45	32.91	-0.01	10	32910	卖盘
14:55:39	32.92	0.01	21	69132	买盘
14:55:36	32.91	-0.01	46	151385	卖盘
14:55:33	32.92	0.01	5	16460	买盘
14:55:30	32.91	-0.01	2	6581	卖盘
14:55:21	32.92	--	4	13168	买盘
14:55:12	32.92	--	3	9876	中性盘
14:55:06	32.92	--	5	16460	卖盘
14:55:03	32.92	--	5	16460	中性盘
14:54:57	32.92	-0.01	7	23044	卖盘
14:54:54	32.93	0.01	1	3293	买盘
14:54:48	32.92	-0.01	10	32920	卖盘
14:54:45	32.93	--	5	16465	买盘
14:54:42	32.93	--	4	14818	卖盘
14:54:33	32.93	--	2	6586	卖盘
14:54:30	32.93	-0.01	15	49395	卖盘
14:54:18	32.94	0.01	19	62585	卖盘
14:54:12	32.93	-0.01	102	335886	卖盘
14:54:09	32.94	--	2	6588	卖盘
14:54:06	32.94	--	2	6588	卖盘
14:54:03	32.94	--	10	32940	卖盘
14:54:00	32.94	--	10	32940	买盘
14:53:57	32.94	0.01	20	65880	买盘
14:53:54	32.93	--	2	6586	卖盘
14:53:51	32.93	--	8	26344	卖盘
14:53:48	32.93	--	14	46102	卖盘
14:53:42	32.93	--	16	54334	买盘
14:53:39	32.93	0.01	31	102083	买盘
14:53:36	32.92	-0.01	14	46088	卖盘
14:53:30	32.93	0.01	3	9879	买盘
14:53:27	32.92	-0.01	5	16460	卖盘
14:53:24	32.93	0.01	10	32930	买盘
14:53:21	32.92	-0.01	11	36212	卖盘
14:53:18	32.93	--	7	23051	买盘
14:53:15	32.93	0.01	3	9879	买盘
14:53:06	32.92	--	1	3292	卖盘
14:53:03	32.92	--	5	16460	卖盘
14:52:57	32.92	--	1	3292	卖盘
14:52:42	32.92	--	19	62548	买盘
14:52:27	32.92	0.01	5	16460	买盘
14:52:24	32.91	--	5	16455	卖盘
14:52:15	32.91	--	7	23036	卖盘
14:52:12	32.91	0.03	22	72401	买盘
14:51:57	32.88	--	3	9864	卖盘
14:51:45	32.88	--	5	16440	卖盘
14:51:30	32.88	-0.04	1	3288	卖盘
14:51:27	32.92	0.04	71	233732	买盘
14:51:24	32.88	--	1	3288	买盘
14:51:18	32.88	--	4	13152	卖盘
14:51:12	32.88	--	4	13152	买盘
14:51:06	32.88	--	1	3288	买盘
14:51:03	32.88	--	5	16440	买盘
14:51:00	32.88	0.01	7	23016	买盘
14:50:42	32.87	0.02	2	6573	买盘
14:50:36	32.85	--	2	6570	卖盘
14:50:30	32.85	0.04	46	151110	买盘
14:50:24	32.81	-0.01	5	16405	卖盘
14:50:18	32.82	0.01	11	36102	买盘
14:50:15	32.81	-0.01	1	3281	卖盘
14:49:54	32.82	-0.02	6	19692	卖盘
14:49:30	32.84	--	5	16420	买盘
14:49:12	32.84	--	3	9852	买盘
14:49:09	32.84	--	5	16420	买盘
14:48:54	32.84	--	1	3284	卖盘
14:48:51	32.84	-0.01	2	6568	卖盘
14:48:48	32.85	0.04	3	9855	买盘
14:48:21	32.81	--	1	3281	买盘
14:48:06	32.81	--	9	29529	买盘
14:48:03	32.81	0.01	13	42653	买盘
14:47:51	32.8	--	6	19680	卖盘
14:47:48	32.8	0.01	315	1033199	买盘
14:47:45	32.79	0.01	23	75417	买盘
14:47:42	32.78	--	10	32780	卖盘
14:47:36	32.78	--	12	39336	卖盘
14:47:33	32.78	--	18	60315	买盘
14:46:51	32.78	0.02	27	88506	买盘
14:46:48	32.76	-0.01	10	32759	卖盘
14:46:21	32.77	0.01	4	13108	买盘
14:46:15	32.76	-0.01	0	2358	卖盘
14:46:06	32.77	--	3	9831	买盘
14:45:51	32.77	--	7	23791	买盘
14:45:48	32.77	--	7	22939	买盘
14:45:27	32.77	0.01	1	3277	中性盘
14:44:54	32.76	-0.01	8	26208	买盘
14:44:48	32.77	0.01	60	196620	买盘
14:44:42	32.76	--	1	3276	买盘
14:44:39	32.76	-0.01	5	16379	中性盘
14:44:24	32.77	0.02	6	19662	买盘
14:44:21	32.75	-0.01	5	16375	卖盘
14:44:18	32.76	--	1	3276	卖盘
14:44:09	32.76	0.01	4	13104	买盘
14:43:57	32.75	--	55	180125	买盘
14:43:54	32.75	--	2	6550	买盘
14:43:42	32.75	--	3	9825	卖盘
14:43:18	32.75	--	20	65500	卖盘
14:42:54	32.75	-0.01	6	19650	卖盘
14:42:51	32.76	0.01	6	19656	买盘
14:42:39	32.75	--	50	163750	卖盘
14:42:12	32.75	0.01	31	101525	买盘
14:42:03	32.74	--	4	13096	买盘
14:41:57	32.74	0.01	5	16370	买盘
14:41:54	32.73	--	3	9818	卖盘
14:41:36	32.73	0.01	3	9818	买盘
14:41:21	32.72	-0.02	5	16360	卖盘
14:41:03	32.74	0.01	7	22918	买盘
14:41:00	32.73	--	5	16364	卖盘
14:40:54	32.73	--	7	22910	卖盘
14:40:39	32.73	-0.01	2	6545	卖盘
14:40:03	32.74	--	13	42562	卖盘
14:39:15	32.74	-0.02	1	3274	卖盘
14:39:03	32.76	--	3	9828	买盘
14:38:15	32.76	--	2	6552	买盘
14:38:09	32.76	-0.01	4	14905	卖盘
14:37:45	32.77	--	2	6554	卖盘
14:37:42	32.77	-0.01	3	9831	卖盘
14:37:09	32.78	--	2	6556	卖盘
14:36:54	32.78	--	2	6556	卖盘
14:36:45	32.78	--	4	13112	买盘
14:35:51	32.78	0.02	2	6556	中性盘
14:35:42	32.76	-0.02	12	39312	卖盘
14:35:24	32.78	0.01	38	124564	买盘
14:34:54	32.77	--	4	13108	买盘
14:34:42	32.77	--	10	32770	买盘
14:34:39	32.77	0.01	2	6554	买盘
14:33:57	32.76	-0.01	3	9828	卖盘
14:33:51	32.77	0.01	20	65540	买盘
14:33:39	32.76	-0.01	20	65519	卖盘
14:33:36	32.77	0.01	6	19662	买盘
14:33:18	32.76	--	19	63718	买盘
14:32:48	32.76	--	7	22932	买盘
14:32:42	32.76	0.05	3	9828	买盘
14:31:30	32.71	-0.05	100	327100	卖盘
14:31:03	32.76	0.04	6	19656	买盘
14:30:57	32.72	--	8	26176	卖盘
14:30:48	32.72	-0.04	5	16360	卖盘
14:30:45	32.76	0.04	10	32759	买盘
14:30:42	32.72	--	4	13088	卖盘
14:30:30	32.72	-0.04	5	16360	卖盘
14:30:27	32.76	--	10	32759	买盘
14:30:18	32.76	--	1	3276	买盘
14:29:39	32.76	--	5	16379	买盘
14:29:33	32.76	--	3	9828	买盘
14:28:42	32.76	0.05	10	32759	买盘
14:28:15	32.71	-0.03	128	418688	卖盘
14:28:06	32.74	--	2	6548	买盘
14:27:42	32.74	0.02	6	19644	买盘
14:27:30	32.72	-0.02	12	39264	卖盘
14:27:27	32.74	--	7	22918	买盘
14:27:06	32.74	0.03	5	16370	买盘
14:26:39	32.71	0.01	113	369623	买盘
14:26:30	32.7	0.01	1	3270	买盘
14:26:24	32.69	-0.01	2	6538	卖盘
14:26:12	32.7	--	10	32700	买盘
14:25:57	32.7	--	1	3270	买盘
14:25:48	32.7	--	20	65400	买盘
14:25:42	32.7	--	15	49050	买盘
14:25:39	32.7	--	6	19620	买盘
14:25:33	32.7	0.01	3	9810	买盘
14:25:30	32.69	--	10	32689	卖盘
14:25:24	32.69	-0.01	8	26152	卖盘
14:25:21	32.7	--	10	32700	买盘
14:25:12	32.7	-0.01	11	35970	卖盘
14:25:03	32.71	--	1	3271	买盘
14:24:57	32.71	--	12	39252	卖盘
14:24:39	32.71	0.01	48	157008	买盘
14:24:33	32.7	--	40	130800	买盘
14:24:27	32.7	--	45	147150	卖盘
14:24:24	32.7	-0.01	4	13080	卖盘
14:23:54	32.71	--	14	45794	卖盘
14:23:51	32.71	--	20	65420	卖盘
14:23:33	32.71	-0.03	10	32710	卖盘
14:23:21	32.74	-0.01	10	32740	卖盘
14:23:00	32.75	--	3	9825	卖盘
14:22:57	32.75	--	4	13100	卖盘
14:22:51	32.75	--	20	65500	卖盘
14:22:45	32.75	--	1	3275	卖盘
14:22:42	32.75	--	8	26200	卖盘
14:22:39	32.75	--	10	32750	卖盘
14:22:33	32.75	--	5	16375	卖盘
14:22:30	32.75	--	12	39300	卖盘
14:22:24	32.75	--	20	65500	卖盘
14:22:00	32.75	--	37	121175	卖盘
14:21:57	32.75	-0.01	80	262000	卖盘
14:21:36	32.76	0.02	10	32759	买盘
14:21:06	32.74	--	2	6548	卖盘
14:21:03	32.74	0.03	5	16370	中性盘
14:20:36	32.71	-0.04	30	98130	卖盘
14:20:24	32.75	--	19	62225	买盘
14:20:21	32.75	--	35	114625	买盘
14:19:54	32.75	--	1	3275	买盘
14:19:36	32.75	--	1	3275	卖盘
14:19:33	32.75	--	1	3275	买盘
14:19:30	32.75	--	1	3275	买盘
14:19:27	32.75	--	2	6550	卖盘
14:19:24	32.75	--	2	6550	卖盘
14:19:03	32.75	--	5	16375	卖盘
14:19:00	32.75	--	4	14803	买盘
14:18:36	32.75	-0.01	5	17947	卖盘
14:18:27	32.76	-0.01	20	65519	卖盘
14:18:09	32.77	--	2	6554	买盘
14:18:06	32.77	--	5	16385	中性盘
14:17:51	32.77	--	9	29493	卖盘
14:17:33	32.77	--	3	9831	卖盘
14:17:15	32.77	0.01	8	26216	买盘
14:17:06	32.76	0.01	1	3276	中性盘
14:17:00	32.75	--	5	16375	卖盘
14:16:54	32.75	-0.01	79	258725	卖盘
14:16:48	32.76	0.01	26	85176	买盘
14:16:42	32.75	--	20	65500	卖盘
14:16:27	32.75	--	28	91700	卖盘
14:16:15	32.75	--	20	65500	卖盘
14:16:12	32.75	-0.01	4	13100	卖盘
14:16:06	32.76	0.01	5	16379	买盘
14:15:48	32.75	--	2	6550	卖盘
14:15:42	32.75	--	5	16375	卖盘
14:15:33	32.75	-0.01	3	9825	卖盘
14:15:15	32.76	--	1	3276	卖盘
14:15:00	32.76	--	6	19656	卖盘
14:14:54	32.76	--	13	42588	卖盘
14:14:45	32.76	-0.01	5	16379	卖盘
14:14:30	32.77	--	7	22939	卖盘
14:14:21	32.77	--	15	49155	卖盘
14:14:18	32.77	--	10	32770	卖盘
14:14:06	32.77	--	8	26216	卖盘
14:13:57	32.77	--	16	52432	卖盘
14:13:36	32.77	0.01	15	49155	买盘
14:13:33	32.76	-0.01	46	150696	卖盘
14:13:27	32.77	--	1	3277	买盘
14:13:18	32.77	-0.01	46	150742	卖盘
14:12:09	32.78	--	10	32780	买盘
14:11:48	32.78	--	5	16390	买盘
14:11:39	32.78	--	7	22946	买盘
14:11:24	32.78	0.01	14	45892	买盘
14:11:15	32.77	--	32	104864	卖盘
14:11:09	32.77	--	10	32770	卖盘
14:11:03	32.77	-0.01	16	52432	卖盘
14:10:42	32.78	--	10	32780	卖盘
14:10:33	32.78	--	5	16390	中性盘
14:10:12	32.78	0.02	10	32780	买盘
14:09:39	32.76	--	7	22932	卖盘
14:09:18	32.76	-0.01	1	3276	卖盘
14:09:06	32.77	-0.02	9	29493	卖盘
14:08:45	32.79	0.03	2	6558	买盘
14:08:30	32.76	-0.01	6	19656	卖盘
14:08:27	32.77	-0.01	5	16385	卖盘
14:08:18	32.78	-0.01	2	6556	卖盘
14:07:39	32.79	--	1	3279	买盘
14:07:18	32.79	--	20	65580	买盘
14:07:09	32.79	0.01	17	55743	买盘
14:06:51	32.78	--	4	13112	买盘
14:06:48	32.78	--	9	29502	买盘
14:06:45	32.78	0.01	20	65560	买盘
14:06:39	32.77	-0.01	10	32770	卖盘
14:06:30	32.78	--	7	22946	买盘
14:06:21	32.78	0.03	9	29502	买盘
14:06:15	32.75	-0.03	56	185103	卖盘
14:06:09	32.78	0.01	5	16390	买盘
14:06:03	32.77	-0.01	18	58986	卖盘
14:06:00	32.78	0.01	19	62282	买盘
14:05:33	32.77	--	1	3277	中性盘
14:05:18	32.77	--	1	3277	卖盘
14:05:15	32.77	--	2	6554	卖盘
14:04:57	32.77	0.01	3	9831	买盘
14:04:54	32.76	-0.01	2	6552	卖盘
14:04:30	32.77	-0.02	63	206451	卖盘
14:04:21	32.79	--	19	62301	买盘
14:04:12	32.79	--	1	3279	买盘
14:04:03	32.79	--	21	68859	买盘
14:04:00	32.79	-0.01	25	81975	卖盘
14:03:57	32.8	--	8	26239	买盘
14:03:48	32.8	-0.01	21	68880	卖盘
14:03:39	32.81	-0.01	10	32810	中性盘
14:03:15	32.82	0.01	4	13128	买盘
14:03:09	32.81	--	9	29529	买盘
14:03:03	32.81	-0.01	11	36091	卖盘
14:02:54	32.82	--	3	9846	买盘
14:02:12	32.82	--	5	16410	买盘
14:01:39	32.82	--	7	22974	买盘
14:01:33	32.82	-0.01	11	36102	卖盘
14:01:15	32.83	--	1	3283	买盘
14:01:12	32.83	--	6	19698	买盘
14:01:09	32.83	--	7	22981	买盘
14:01:03	32.83	--	2	6566	买盘
14:00:51	32.83	0.01	13	42679	买盘
14:00:45	32.82	--	5	16410	卖盘
14:00:27	32.82	--	8	26256	买盘
14:00:21	32.82	--	14	45948	买盘
14:00:18	32.82	0.03	4	13128	买盘
14:00:00	32.79	--	3	9837	买盘
13:59:57	32.79	--	10	32790	买盘
13:59:42	32.79	--	7	22953	买盘
13:59:39	32.79	--	22	72138	卖盘
13:59:09	32.79	--	18	59022	买盘
13:59:06	32.79	0.01	20	65580	买盘
13:59:03	32.78	-0.01	7	22946	卖盘
13:58:51	32.79	0.01	9	29511	买盘
13:58:48	32.78	-0.01	30	98340	卖盘
13:58:42	32.79	--	5	16395	买盘
13:58:30	32.79	-0.01	6	19674	卖盘
13:58:18	32.8	--	1	3279	买盘
13:57:54	32.8	--	27	88559	买盘
13:57:33	32.8	--	1	3279	买盘
13:57:30	32.8	0.02	8	26239	买盘
13:56:57	32.78	-0.01	47	154066	卖盘
13:56:51	32.79	0.01	22	72138	买盘
13:56:45	32.78	-0.01	1	3278	卖盘
13:56:42	32.79	0.01	5	16395	买盘
13:56:30	32.78	--	2	6556	买盘
13:56:21	32.78	0.03	6	19668	买盘
13:56:06	32.75	--	1	3275	买盘
13:55:48	32.75	--	4	13100	买盘
13:55:27	32.75	0.01	4	13100	买盘
13:55:18	32.74	--	5	16370	卖盘
13:55:09	32.74	--	23	75302	卖盘
13:55:00	32.74	--	12	39288	卖盘
13:54:39	32.74	--	2	6548	买盘
13:54:18	32.74	--	7	22918	买盘
13:54:12	32.74	-0.01	11	36014	卖盘
13:54:03	32.75	--	9	29475	买盘
13:53:54	32.75	-0.03	41	134275	卖盘
13:53:48	32.78	--	3	9834	卖盘
13:53:42	32.78	--	2	6556	卖盘
13:53:33	32.78	-0.01	1	3278	卖盘
13:53:27	32.79	--	4	13116	买盘
13:53:06	32.79	--	4	13116	买盘
13:52:54	32.79	-0.01	1	3279	卖盘
13:52:48	32.8	--	9	29519	买盘
13:52:45	32.8	--	8	26239	买盘
13:52:39	32.8	--	8	26239	买盘
13:52:36	32.8	--	14	45919	买盘
13:52:33	32.8	--	60	196799	买盘
13:52:30	32.8	-0.01	33	108239	卖盘
13:52:24	32.81	--	36	118116	买盘
13:52:09	32.81	0.03	100	328100	买盘
13:51:45	32.78	-0.02	10	32780	卖盘
13:51:39	32.8	--	3	9840	买盘
13:51:18	32.8	--	55	180399	买盘
13:50:57	32.8	--	2	6559	买盘
13:50:36	32.8	0.02	10	32800	买盘
13:50:21	32.78	--	24	78672	买盘
13:50:18	32.78	0.01	5	16390	买盘
13:50:15	32.77	0.02	1	3277	中性盘
13:49:57	32.75	-0.03	13	42575	卖盘
13:49:54	32.78	0.03	5	16390	买盘
13:49:42	32.75	-0.03	53	173575	卖盘
13:49:36	32.78	--	11	36058	买盘
13:49:27	32.78	-0.01	5	16390	中性盘
13:48:48	32.79	0.06	6	19674	买盘
13:48:33	32.73	0.02	55	180014	买盘
13:48:15	32.71	--	102	333642	买盘
13:48:12	32.71	--	46	150466	买盘
13:48:09	32.71	--	6	19626	买盘
13:48:06	32.71	--	6	19626	买盘
13:48:00	32.71	--	10	32710	买盘
13:47:51	32.71	--	14	45794	买盘
13:47:48	32.71	--	5	16355	买盘
13:47:39	32.71	--	5	16355	买盘
13:47:33	32.71	--	15	49065	买盘
13:47:30	32.71	--	10	32710	买盘
13:47:27	32.71	--	3	9813	买盘
13:47:18	32.71	--	6	19626	买盘
13:47:15	32.71	--	16	52336	买盘
13:47:09	32.71	-0.01	44	143924	中性盘
13:46:57	32.72	0.01	37	121064	买盘
13:46:54	32.71	--	5	16355	买盘
13:46:51	32.71	-0.01	36	117756	卖盘
13:46:48	32.72	--	5	16360	买盘
13:46:42	32.72	--	2	6544	买盘
13:46:39	32.72	--	9	29448	买盘
13:46:30	32.72	--	1	3272	买盘
13:46:27	32.72	--	12	39264	买盘
13:46:21	32.72	--	3	9816	买盘
13:46:18	32.72	--	5	16360	买盘
13:46:15	32.72	--	9	29448	买盘
13:46:12	32.72	--	6	19632	买盘
13:46:09	32.72	--	27	88344	买盘
13:46:00	32.72	--	1	3272	买盘
13:45:57	32.72	--	10	32720	买盘
13:45:54	32.72	--	1	3272	买盘
13:45:39	32.72	0.01	7	22904	买盘
13:45:27	32.71	0.01	17	55607	买盘
13:45:24	32.7	--	3	9810	买盘
13:45:21	32.7	-0.02	126	412020	卖盘
13:45:18	32.72	0.01	24	78528	买盘
13:45:15	32.71	-0.01	24	78504	卖盘
13:45:03	32.72	0.01	30	98160	买盘
13:44:42	32.71	--	4	13084	卖盘
13:44:39	32.71	-0.01	22	71962	卖盘
13:44:36	32.72	0.01	7	22904	买盘
13:44:33	32.71	--	8	26168	卖盘
13:44:30	32.71	-0.01	10	32710	卖盘
13:44:24	32.72	--	30	98160	买盘
13:44:15	32.72	--	2	6544	买盘
13:44:09	32.72	-0.01	30	98160	卖盘
13:43:42	32.73	--	17	55640	卖盘
13:43:33	32.73	--	3	9818	卖盘
13:43:24	32.73	--	80	261839	卖盘
13:43:18	32.73	-0.01	10	32729	卖盘
13:43:06	32.74	-0.01	4	13096	卖盘
13:43:00	32.75	--	3	9825	卖盘
13:42:33	32.75	-0.05	1	3275	卖盘
13:42:27	32.8	0.04	31	101679	买盘
13:42:21	32.76	-0.04	4	13104	卖盘
13:41:57	32.8	-0.02	14	45919	中性盘
13:41:42	32.82	0.09	3	9846	买盘
13:41:39	32.73	-0.07	46	150558	卖盘
13:41:24	32.8	--	4	13119	卖盘
13:41:21	32.8	0.07	4	13119	买盘
13:40:39	32.73	-0.02	5	16364	卖盘
13:40:36	32.75	0.03	8	26200	中性盘
13:39:30	32.72	--	3	9816	买盘
13:39:27	32.72	--	10	32720	买盘
13:39:24	32.72	--	5	16360	买盘
13:39:21	32.72	--	2	6544	买盘
13:39:15	32.72	--	4	13088	买盘
13:39:09	32.72	-0.06	152	497344	卖盘
13:38:45	32.78	-0.04	10	32780	卖盘
13:38:15	32.82	0.04	2	6564	中性盘
13:37:36	32.78	-0.05	8	26224	卖盘
13:37:15	32.83	0.03	6	19698	买盘
13:37:03	32.8	0.02	6	19680	买盘
13:36:51	32.78	--	5	16390	买盘
13:36:48	32.78	0.04	5	16390	买盘
13:36:24	32.74	--	6	19644	卖盘
13:36:18	32.74	--	8	26192	买盘
13:36:15	32.74	--	3	9822	买盘
13:36:12	32.74	--	6	19644	买盘
13:36:09	32.74	--	16	52384	买盘
13:36:06	32.74	--	1	3274	买盘
13:36:00	32.74	--	2	6548	买盘
13:35:57	32.74	--	60	196440	买盘
13:35:54	32.74	0.01	10	32740	买盘
13:35:51	32.73	-0.01	14	45821	卖盘
13:35:39	32.74	--	30	98220	买盘
13:35:36	32.74	0.02	5	16370	买盘
13:35:15	32.72	-0.02	17	55624	卖盘
13:35:12	32.74	0.02	2	6548	买盘
13:34:51	32.72	--	1	3272	卖盘
13:34:48	32.72	--	10	32720	卖盘
13:34:42	32.72	-0.01	11	35992	卖盘
13:34:39	32.73	0.01	1	3272	中性盘
13:34:30	32.72	-0.01	10	32720	卖盘
13:34:18	32.73	-0.01	5	16364	卖盘
13:34:12	32.74	-0.01	11	36014	买盘
13:34:06	32.75	-0.02	43	140825	卖盘
13:33:57	32.77	--	1	3277	买盘
13:33:54	32.77	--	46	150742	卖盘
13:33:51	32.77	-0.01	34	111418	卖盘
13:33:45	32.78	-0.01	14	45892	卖盘
13:33:39	32.79	--	8	26232	买盘
13:33:36	32.79	--	1	3279	卖盘
13:33:24	32.79	--	16	52464	卖盘
13:33:18	32.79	-0.01	18	59022	卖盘
13:32:54	32.8	--	4	13119	买盘
13:32:51	32.8	--	2	6559	买盘
13:32:48	32.8	--	35	116603	卖盘
13:32:36	32.8	-0.02	30	98399	卖盘
13:32:24	32.82	-0.01	8	26256	卖盘
13:32:15	32.83	--	5	16415	买盘
13:31:51	32.83	0.01	5	16415	买盘
13:31:36	32.82	0.01	4	13128	买盘
13:31:06	32.81	-0.01	1	3281	卖盘
13:31:00	32.82	-0.01	1	3282	中性盘
13:30:57	32.83	0.03	6	19698	买盘
13:30:30	32.8	-0.02	92	301760	卖盘
13:30:21	32.82	--	3	9846	买盘
13:30:09	32.82	--	3	9846	买盘
13:30:03	32.82	-0.01	14	45948	中性盘
13:29:33	32.83	0.02	2	6566	买盘
13:29:12	32.81	--	5	16405	买盘
13:28:57	32.81	--	13	42653	卖盘
13:28:48	32.81	--	13	42653	卖盘
13:28:39	32.81	0.01	1	3281	中性盘
13:28:15	32.8	--	81	265680	卖盘
13:28:03	32.8	-0.04	93	306516	卖盘
13:27:45	32.84	0.01	1	3284	买盘
13:27:42	32.83	0.01	12	39396	中性盘
13:26:54	32.82	--	1	3282	卖盘
13:26:42	32.82	-0.02	5	16410	卖盘
13:26:39	32.84	0.02	27	88668	买盘
13:26:36	32.82	--	4	13128	买盘
13:26:24	32.82	--	16	52512	买盘
13:26:12	32.82	--	5	16410	买盘
13:26:09	32.82	--	1	3282	买盘
13:26:06	32.82	--	3	9846	中性盘
13:25:39	32.82	--	1	3282	买盘
13:25:33	32.82	--	2	6564	买盘
13:25:30	32.82	--	8	26256	卖盘
13:25:27	32.82	--	2	6564	买盘
13:25:24	32.82	-0.02	8	26256	卖盘
13:25:18	32.84	--	8	26272	买盘
13:25:06	32.84	0.01	9	29556	买盘
13:25:03	32.83	--	33	108339	卖盘
13:24:51	32.83	-0.01	15	49245	卖盘
13:24:48	32.84	--	11	36124	卖盘
13:24:33	32.84	--	6	19704	买盘
13:24:27	32.84	--	4	13136	卖盘
13:24:24	32.84	-0.01	11	36124	卖盘
13:24:09	32.85	--	10	32850	买盘
13:24:00	32.85	--	16	52560	卖盘
13:23:51	32.85	-0.01	10	32850	卖盘
13:23:15	32.86	0.01	2	6572	买盘
13:23:12	32.85	--	13	42705	卖盘
13:22:33	32.85	--	4	13140	卖盘
13:22:30	32.85	--	1	3285	中性盘
13:22:03	32.85	0.01	10	32850	买盘
13:21:51	32.84	-0.01	10	32840	卖盘
13:21:39	32.85	--	7	22995	买盘
13:21:30	32.85	-0.01	3	9855	卖盘
13:21:24	32.86	--	10	32860	买盘
13:21:21	32.86	--	13	42718	买盘
13:20:48	32.86	--	10	32860	卖盘
13:20:30	32.86	-0.01	34	111724	卖盘
13:20:24	32.87	--	4	13147	买盘
13:19:42	32.87	--	10	32870	卖盘
13:18:54	32.87	-0.01	13	42731	卖盘
13:18:45	32.88	0.01	3	9864	买盘
13:18:36	32.87	--	5	16435	卖盘
13:18:15	32.87	-0.01	10	32870	卖盘
13:18:12	32.88	--	31	101928	买盘
13:18:03	32.88	--	1	3288	买盘
13:17:54	32.88	--	1	3288	买盘
13:17:15	32.88	--	15	50898	卖盘
13:17:12	32.88	-0.01	20	65760	卖盘
13:16:39	32.89	--	7	23023	买盘
13:16:00	32.89	--	11	36179	卖盘
13:15:57	32.89	--	3	9867	卖盘
13:15:12	32.89	--	2	6578	卖盘
13:14:45	32.89	-0.01	7	23023	卖盘
13:14:27	32.9	0.02	2	6580	买盘
13:14:12	32.88	-0.02	5	16440	卖盘
13:14:00	32.9	0.02	2	6580	买盘
13:13:54	32.88	-0.02	8	28013	卖盘
13:13:15	32.9	0.01	6	19740	中性盘
13:12:54	32.89	--	1	3289	买盘
13:12:36	32.89	--	0	1578	卖盘
13:12:18	32.89	--	3	9867	卖盘
13:12:06	32.89	--	8	26312	卖盘
13:11:30	32.89	0.01	3	11577	买盘
13:11:27	32.88	--	78	258042	卖盘
13:11:18	32.88	--	19	62472	卖盘
13:11:06	32.88	-0.01	6	19728	卖盘
13:10:48	32.89	--	5	16445	卖盘
13:10:21	32.89	-0.02	1	3289	中性盘
13:10:12	32.91	0.03	5	16455	中性盘
13:10:06	32.88	-0.03	120	394560	卖盘
13:10:00	32.91	0.01	4	13163	买盘
13:09:18	32.9	-0.01	3	9870	卖盘
13:09:15	32.91	0.01	6	19745	中性盘
13:08:51	32.9	--	9	29610	卖盘
13:08:36	32.9	--	7	23030	卖盘
13:08:03	32.9	--	9	31320	卖盘
13:08:00	32.9	--	5	16450	卖盘
13:07:51	32.9	--	15	49350	卖盘
13:07:45	32.9	--	8	26320	卖盘
13:07:33	32.9	--	8	26320	卖盘
13:07:15	32.9	--	1	3290	卖盘
13:07:12	32.9	--	5	16450	卖盘
13:07:03	32.9	--	8	26320	卖盘
13:06:51	32.9	--	8	26320	卖盘
13:06:30	32.9	--	6	19740	卖盘
13:05:57	32.9	-0.02	8	26320	卖盘
13:05:33	32.92	--	15	49380	买盘
13:04:27	32.92	0.02	6	19752	买盘
13:02:33	32.9	--	2	6580	卖盘
13:02:27	32.9	-0.01	50	164500	卖盘
13:01:00	32.91	--	1	3290	卖盘
13:00:30	32.91	0.01	2	6581	买盘
13:00:15	32.9	--	10	32900	卖盘
13:00:09	32.9	-0.02	21	69090	卖盘
13:00:06	32.92	0.02	12	39504	买盘
13:00:03	32.9	--	0	0	卖盘
11:30:03	32.9	--	0	0	卖盘
11:29:42	32.9	--	8	26320	卖盘
11:29:06	32.9	-0.02	8	26320	卖盘
11:28:57	32.92	--	7	23044	买盘
11:28:39	32.92	0.02	5	16460	买盘
11:28:36	32.9	--	8	26320	卖盘
11:28:18	32.9	--	1	3290	买盘
11:28:15	32.9	--	5	16450	卖盘
11:28:06	32.9	--	8	26320	卖盘
11:28:03	32.9	-0.01	32	105280	卖盘
11:28:00	32.91	0.01	4	13163	买盘
11:27:39	32.9	--	1	3290	卖盘
11:27:27	32.9	-0.01	20	65800	卖盘
11:27:15	32.91	0.01	2	6581	买盘
11:27:00	32.9	-0.01	24	78960	卖盘
11:26:54	32.91	0.01	4	13163	买盘
11:26:42	32.9	--	9	29610	卖盘
11:26:39	32.9	--	12	39480	卖盘
11:26:27	32.9	--	22	72380	买盘
11:26:00	32.9	-0.01	2	6580	中性盘
11:25:51	32.91	0.03	70	230369	买盘
11:25:45	32.88	--	3	9864	买盘
11:25:30	32.88	-0.01	34	111792	卖盘
11:25:03	32.89	-0.01	4	13156	卖盘
11:25:00	32.9	-0.01	4	13160	中性盘
11:24:30	32.91	0.02	1	3290	买盘
11:24:27	32.89	-0.01	22	72358	卖盘
11:24:09	32.9	-0.01	13	42770	卖盘
11:24:06	32.91	0.01	5	16455	买盘
11:24:03	32.9	-0.01	5	16450	卖盘
11:24:00	32.91	-0.01	5	16455	中性盘
11:23:39	32.92	--	1	3292	买盘
11:23:27	32.92	--	5	16460	买盘
11:23:15	32.92	0.02	45	148140	买盘
11:23:12	32.9	--	3	9870	买盘
11:23:03	32.9	--	12	39480	卖盘
11:22:36	32.9	--	1	3290	买盘
11:22:33	32.9	--	8	26320	买盘
11:22:24	32.9	--	17	55930	买盘
11:22:21	32.9	--	1	3290	买盘
11:22:12	32.9	--	5	16450	买盘
11:22:06	32.9	--	7	23030	买盘
11:22:03	32.9	--	4	13160	卖盘
11:22:00	32.9	-0.02	9	29610	中性盘
11:21:54	32.92	0.02	47	154724	买盘
11:21:30	32.9	--	18	59220	买盘
11:21:27	32.9	0.01	3	9870	买盘
11:21:15	32.89	--	4	13156	卖盘
11:21:12	32.89	--	7	23023	卖盘
11:21:09	32.89	--	1	3289	卖盘
11:21:03	32.89	0.01	6	19734	买盘
11:21:00	32.88	--	3	9864	卖盘
11:20:57	32.88	--	5	16440	卖盘
11:20:54	32.88	-0.01	1	3288	卖盘
11:20:51	32.89	0.01	5	16445	买盘
11:20:48	32.88	-0.01	13	42744	卖盘
11:20:39	32.89	0.01	14	46046	买盘
11:20:36	32.88	--	2	6576	卖盘
11:20:30	32.88	--	4	13152	卖盘
11:20:24	32.88	-0.01	2	6576	卖盘
11:20:15	32.89	--	11	36179	卖盘
11:20:09	32.89	-0.01	2	6578	卖盘
11:20:06	32.9	0.01	7	23030	中性盘
11:20:03	32.89	--	9	29601	卖盘
11:20:00	32.89	-0.01	9	29601	卖盘
11:19:54	32.9	0.01	5	16450	中性盘
11:19:42	32.89	--	12	39468	卖盘
11:19:36	32.89	--	27	88803	卖盘
11:19:33	32.89	--	9	29601	卖盘
11:19:30	32.89	-0.01	8	26312	卖盘
11:19:27	32.9	--	7	23030	买盘
11:19:21	32.9	--	3	9870	买盘
11:19:15	32.9	--	2	6580	买盘
11:19:06	32.9	--	1	3290	卖盘
11:18:54	32.9	--	20	65800	卖盘
11:18:48	32.9	--	19	62510	卖盘
11:18:36	32.9	--	5	16450	中性盘
11:18:15	32.9	0.01	1	3290	中性盘
11:18:09	32.89	-0.01	8	26312	卖盘
11:18:00	32.9	--	6	19740	买盘
11:17:33	32.9	--	1	3290	卖盘
11:17:18	32.9	0.01	9	29610	中性盘
11:16:03	32.89	--	3	9867	卖盘
11:15:57	32.89	--	7	23023	卖盘
11:15:42	32.89	0.01	10	32890	买盘
11:15:39	32.88	-0.01	15	49320	卖盘
11:15:12	32.89	-0.01	10	32890	卖盘
11:15:06	32.9	--	2	6580	买盘
11:14:57	32.9	--	5	16450	买盘
11:14:51	32.9	--	21	69090	卖盘
11:14:45	32.9	-0.01	2	6580	卖盘
11:14:36	32.91	--	5	16455	买盘
11:14:30	32.91	--	23	75692	买盘
11:14:18	32.91	--	13	42782	卖盘
11:14:09	32.91	--	2	6581	卖盘
11:14:00	32.91	-0.02	2	6581	卖盘
11:13:54	32.93	0.03	5	16465	买盘
11:13:21	32.9	--	5	16450	卖盘
11:13:18	32.9	--	20	65800	卖盘
11:13:03	32.9	-0.01	16	52640	卖盘
11:12:51	32.91	-0.02	41	134931	卖盘
11:12:45	32.93	0.01	2	6586	卖盘
11:12:06	32.92	0.01	3	9876	卖盘
11:12:00	32.91	-0.02	5	16455	卖盘
11:11:39	32.93	0.01	50	164650	买盘
11:11:27	32.92	--	4	13168	卖盘
11:11:21	32.92	-0.01	30	98760	卖盘
11:11:12	32.93	--	5	16465	买盘
11:11:06	32.93	-0.02	4	13172	卖盘
11:11:00	32.95	0.02	10	32950	买盘
11:10:57	32.93	--	1	3293	卖盘
11:10:54	32.93	-0.02	10	32930	卖盘
11:10:51	32.95	0.02	7	23065	买盘
11:10:06	32.93	-0.02	19	62567	卖盘
11:09:54	32.95	-0.04	289	954067	卖盘
11:09:33	32.99	--	1	3299	买盘
11:09:09	32.99	--	4	13196	买盘
11:08:21	32.99	0.02	2	6598	买盘
11:08:15	32.97	-0.01	8	26376	卖盘
11:08:12	32.98	--	10	32980	卖盘
11:08:09	32.98	--	8	26383	卖盘
11:07:57	32.98	0.01	40	131920	买盘
11:07:51	32.97	-0.01	4	13188	卖盘
11:07:42	32.98	0.01	10	32980	买盘
11:07:33	32.97	-0.01	5	16485	卖盘
11:07:27	32.98	--	2	6595	买盘
11:07:24	32.98	0.01	20	65960	买盘
11:07:21	32.97	--	5	16485	卖盘
11:07:09	32.97	-0.01	3	9891	卖盘
11:06:24	32.98	-0.01	3	9893	买盘
11:06:09	32.99	0.01	8	26392	买盘
11:06:03	32.98	-0.01	40	131920	卖盘
11:05:51	32.99	0.01	7	23093	买盘
11:05:48	32.98	-0.01	10	32980	卖盘
11:05:42	32.99	--	5	16495	买盘
11:05:39	32.99	--	3	9897	买盘
11:05:18	32.99	-0.01	12	39588	卖盘
11:05:12	33.0	0.01	10	33000	买盘
11:05:06	32.99	--	46	151754	买盘
11:04:57	32.99	--	5	16495	买盘
11:04:42	32.99	--	3	9897	买盘
11:04:12	32.99	0.02	1	3299	中性盘
11:03:57	32.97	--	8	26376	买盘
11:03:45	32.97	-0.03	12	39564	卖盘
11:03:27	33.0	0.03	3	9900	买盘
11:03:24	32.97	-0.02	2	6594	卖盘
11:03:06	32.99	--	5	16495	卖盘
11:02:33	32.99	--	20	65980	买盘
11:02:09	32.99	0.02	1	3299	买盘
11:02:06	32.97	-0.02	10	32970	卖盘
11:01:51	32.99	0.02	1	3299	买盘
11:01:48	32.97	-0.01	13	42861	卖盘
11:01:42	32.98	0.02	1	3297	买盘
11:01:36	32.96	--	8	26368	买盘
11:01:33	32.96	--	5	16480	买盘
11:01:27	32.96	--	18	59328	买盘
11:01:18	32.96	0.01	9	31147	买盘
11:01:15	32.95	-0.01	20	65900	卖盘
11:01:09	32.96	--	16	52736	买盘
11:01:06	32.96	--	5	16480	买盘
11:01:00	32.96	--	5	16480	买盘
11:00:51	32.96	--	7	23072	中性盘
11:00:06	32.96	--	1	3296	卖盘
10:59:54	32.96	--	50	164800	卖盘
10:59:48	32.96	-0.01	10	32960	卖盘
10:59:36	32.97	--	7	24892	卖盘
10:59:06	32.97	-0.01	6	19782	卖盘
10:59:03	32.98	--	1	4782	买盘
10:58:39	32.98	--	3	9893	买盘
10:58:21	32.98	--	0	1813	卖盘
10:58:00	32.98	--	4	14676	买盘
10:57:45	32.98	--	1	3297	买盘
10:57:18	32.98	-0.01	4	15005	卖盘
10:57:03	32.99	-0.01	9	29691	中性盘
10:56:09	33.0	0.01	21	69300	买盘
10:56:03	32.99	--	10	34474	卖盘
10:56:00	32.99	--	1	3299	卖盘
10:55:45	32.99	0.01	3	9897	买盘
10:55:24	32.98	--	10	32980	卖盘
10:55:12	32.98	--	1	3297	卖盘
10:54:57	32.98	0.02	19	62661	买盘
10:54:45	32.96	0.01	6	19776	中性盘
10:54:15	32.95	-0.03	16	52720	卖盘
10:53:45	32.98	0.01	1	3297	买盘
10:53:18	32.97	--	10	32970	卖盘
10:52:30	32.97	--	7	23079	买盘
10:52:09	32.97	-0.01	3	9891	中性盘
10:51:21	32.98	--	2	6595	卖盘
10:51:09	32.98	--	6	19787	买盘
10:51:03	32.98	--	3	9893	买盘
10:50:54	32.98	--	6	19787	买盘
10:50:51	32.98	--	7	23085	中性盘
10:50:24	32.98	--	2	6595	卖盘
10:50:09	32.98	-0.02	1	3297	卖盘
10:50:06	33.0	--	5	16500	买盘
10:49:45	33.0	0.02	5	16500	买盘
10:49:27	32.98	-0.02	7	23085	卖盘
10:49:06	33.0	--	5	16500	买盘
10:48:51	33.0	-0.01	38	125400	中性盘
10:48:21	33.01	--	3	9903	卖盘
10:48:15	33.01	0.01	7	23107	买盘
10:47:45	33.0	-0.01	34	112200	卖盘
10:47:42	33.01	--	8	26408	卖盘
10:47:15	33.01	0.01	18	59418	买盘
10:46:54	33.0	--	3	9900	卖盘
10:46:51	33.0	--	5	16500	卖盘
10:46:12	33.0	-0.01	1	3300	卖盘
10:46:09	33.01	0.01	8	26408	买盘
10:45:51	33.0	--	1	3300	买盘
10:45:00	33.0	--	13	42900	买盘
10:44:15	33.0	0.02	1	3300	买盘
10:43:57	32.98	--	2	6595	卖盘
10:43:54	32.98	-0.01	10	32980	中性盘
10:43:36	32.99	0.03	24	79176	买盘
10:43:21	32.96	-0.02	1	3296	卖盘
10:43:15	32.98	0.03	2	6595	买盘
10:43:00	32.95	--	19	62605	卖盘
10:42:57	32.95	-0.03	5	16475	卖盘
10:42:45	32.98	--	18	59363	买盘
10:42:30	32.98	--	3	9893	买盘
10:42:27	32.98	0.03	20	65960	买盘
10:42:00	32.95	--	1	3295	卖盘
10:41:09	32.95	--	27	88965	买盘
10:41:03	32.95	-0.03	3	9885	买盘
10:40:51	32.98	0.05	7	23085	买盘
10:40:48	32.93	--	5	16465	卖盘
10:40:45	32.93	--	3	9879	卖盘
10:40:36	32.93	--	4	13172	卖盘
10:40:33	32.93	--	3	9879	买盘
10:40:27	32.93	--	48	158064	买盘
10:40:21	32.93	--	7	23051	买盘
10:40:15	32.93	0.01	2	6586	买盘
10:40:06	32.92	--	10	32920	卖盘
10:40:03	32.92	--	1	3292	卖盘
10:40:00	32.92	-0.01	6	19752	卖盘
10:39:48	32.93	--	5	16465	买盘
10:39:36	32.93	-0.05	129	424797	卖盘
10:39:33	32.98	--	19	62661	买盘
10:39:03	32.98	-0.01	5	16490	中性盘
10:38:48	32.99	--	20	65980	买盘
10:38:42	32.99	--	1	3299	买盘
10:38:24	32.99	0.04	15	49485	买盘
10:38:21	32.95	--	4	13180	卖盘
10:38:18	32.95	-0.04	40	131800	卖盘
10:38:00	32.99	0.02	1	3299	买盘
10:37:54	32.97	0.01	1	3297	中性盘
10:37:42	32.96	-0.01	12	39552	卖盘
10:37:24	32.97	-0.04	2	6594	卖盘
10:36:27	33.01	--	14	46214	卖盘
10:36:15	33.01	--	3	9903	买盘
10:36:09	33.01	0.04	8	26408	买盘
10:36:06	32.97	-0.04	3	9891	卖盘
10:35:51	33.01	--	7	23107	买盘
10:35:30	33.01	0.04	3	9903	买盘
10:35:24	32.97	-0.04	2	6594	卖盘
10:34:57	33.01	-0.01	13	42913	卖盘
10:34:51	33.02	0.05	5	16510	中性盘
10:34:39	32.97	-0.04	2	6594	卖盘
10:34:33	33.01	--	14	46214	卖盘
10:34:24	33.01	0.03	2	6602	买盘
10:34:15	32.98	-0.02	3	9893	卖盘
10:34:06	33.0	--	7	23100	买盘
10:33:51	33.0	--	2	6600	买盘
10:33:48	33.0	-0.01	65	214500	卖盘
10:33:18	33.01	-0.03	1	3301	卖盘
10:32:57	33.04	0.04	20	66080	买盘
10:31:42	33.0	-0.04	5	16500	卖盘
10:31:18	33.04	0.01	1	3304	买盘
10:31:15	33.03	--	5	16515	卖盘
10:31:09	33.03	0.01	3	9909	买盘
10:30:57	33.02	-0.01	12	39624	卖盘
10:30:51	33.03	0.01	7	23121	中性盘
10:30:15	33.02	-0.03	13	42926	卖盘
10:29:45	33.05	-0.01	13	42964	卖盘
10:29:42	33.06	--	2	6612	卖盘
10:29:39	33.06	-0.02	5	16530	卖盘
10:28:54	33.08	--	10	33080	卖盘
10:28:51	33.08	--	4	13232	卖盘
10:28:45	33.08	0.02	4	13232	买盘
10:28:42	33.06	-0.02	9	29754	卖盘
10:28:24	33.08	--	8	26464	卖盘
10:28:15	33.08	--	8	26464	卖盘
10:28:09	33.08	--	12	39696	卖盘
10:27:57	33.08	--	8	26464	卖盘
10:27:48	33.08	0.02	7	23156	买盘
10:27:39	33.06	--	4	13224	卖盘
10:27:30	33.06	-0.02	2	6612	卖盘
10:27:12	33.08	--	2	6616	买盘
10:27:03	33.08	--	3	9924	买盘
10:27:00	33.08	-0.01	4	13232	卖盘
10:26:36	33.09	-0.01	38	125742	卖盘
10:26:33	33.1	0.01	25	82750	买盘
10:26:27	33.09	--	1	3309	买盘
10:26:24	33.09	0.01	5	16545	买盘
10:26:18	33.08	--	2	6616	卖盘
10:26:15	33.08	--	5	16540	卖盘
10:26:12	33.08	--	5	16540	卖盘
10:26:06	33.08	0.01	14	46312	买盘
10:25:51	33.07	--	24	79368	卖盘
10:25:42	33.07	--	7	23149	卖盘
10:25:24	33.07	--	45	148815	买盘
10:25:12	33.07	0.01	2	6614	买盘
10:24:54	33.06	--	34	112404	买盘
10:24:48	33.06	0.02	61	201666	买盘
10:24:45	33.04	-0.01	1	3304	卖盘
10:24:30	33.05	0.01	67	221434	买盘
10:24:24	33.04	0.01	12	39648	买盘
10:23:57	33.03	0.01	29	95787	买盘
10:23:42	33.02	0.01	7	23114	买盘
10:23:30	33.01	--	15	49515	卖盘
10:23:24	33.01	--	2	6602	卖盘
10:23:18	33.01	0.01	20	66020	买盘
10:22:57	33.0	--	33	108900	买盘
10:22:48	33.0	0.05	5	16500	买盘
10:22:33	32.95	--	1	3295	卖盘
10:22:24	32.95	-0.05	1	3295	卖盘
10:21:48	33.0	0.05	4	13200	买盘
10:21:39	32.95	-0.05	2	6590	卖盘
10:21:36	33.0	--	2	6600	买盘
10:21:09	33.0	--	8	26400	买盘
10:20:33	33.0	0.07	6	19800	买盘
10:20:30	32.93	--	5	16465	卖盘
10:20:18	32.93	--	5	16465	中性盘
10:20:12	32.93	0.01	1	3293	买盘
10:20:09	32.92	-0.01	4	13168	卖盘
10:19:54	32.93	--	1	3293	卖盘
10:19:39	32.93	-0.02	5	16465	卖盘
10:19:36	32.95	-0.05	1	3295	卖盘
10:19:33	33.0	-0.01	46	151800	卖盘
10:19:27	33.01	-0.01	6	19806	卖盘
10:19:03	33.02	--	5	16510	买盘
10:18:39	33.02	--	7	23114	卖盘
10:18:33	33.02	--	1	3302	卖盘
10:18:30	33.02	--	4	13208	卖盘
10:18:27	33.02	--	15	49530	卖盘
10:18:24	33.02	-0.01	1	3302	卖盘
10:18:03	33.03	--	10	33030	买盘
10:17:57	33.03	-0.02	3	9909	卖盘
10:17:45	33.05	0.02	2	6609	买盘
10:17:39	33.03	-0.02	1	3303	卖盘
10:17:21	33.05	0.01	17	56184	买盘
10:17:15	33.04	0.01	6	19824	中性盘
10:17:00	33.03	-0.01	5	16515	卖盘
10:16:57	33.04	0.01	6	19824	买盘
10:16:54	33.03	0.01	5	16515	买盘
10:16:24	33.02	-0.01	1	3302	卖盘
10:16:21	33.03	--	2	6606	买盘
10:15:48	33.03	0.01	3	9909	买盘
10:15:36	33.02	--	5	16510	卖盘
10:15:12	33.02	-0.01	5	16510	卖盘
10:15:09	33.03	--	29	95787	买盘
10:15:06	33.03	0.02	1	3303	买盘
10:15:03	33.01	--	9	29709	卖盘
10:14:51	33.01	--	5	16505	卖盘
10:14:27	33.01	-0.02	21	69321	卖盘
10:13:57	33.03	0.01	20	66060	中性盘
10:13:42	33.02	-0.01	20	66040	卖盘
10:13:39	33.03	--	8	26424	卖盘
10:13:12	33.03	0.02	1	3303	中性盘
10:12:06	33.01	-0.06	5	16505	中性盘
10:11:27	33.07	0.06	11	36377	买盘
10:11:09	33.01	0.01	3	9903	买盘
10:10:48	33.0	--	7	23100	卖盘
10:10:42	33.0	--	5	16500	买盘
10:10:27	33.0	0.06	5	16500	买盘
10:10:21	32.94	--	5	16470	卖盘
10:10:15	32.94	--	13	42822	买盘
10:10:09	32.94	0.02	13	42822	买盘
10:10:06	32.92	--	1	3292	卖盘
10:09:57	32.92	-0.02	9	29628	卖盘
10:09:54	32.94	--	10	32940	买盘
10:09:48	32.94	0.02	3	9882	买盘
10:09:42	32.92	-0.02	2	6584	卖盘
10:09:39	32.94	--	16	52704	买盘
10:09:18	32.94	-0.02	16	52704	卖盘
10:09:00	32.96	-0.03	15	49440	卖盘
10:08:51	32.99	-0.01	1	3299	卖盘
10:08:33	33.0	--	1	3300	卖盘
10:08:15	33.0	-0.01	8	26400	卖盘
10:08:12	33.01	-0.04	35	115535	卖盘
10:07:57	33.05	0.02	1	3304	买盘
10:07:54	33.03	-0.02	10	33030	卖盘
10:07:45	33.05	--	8	26439	卖盘
10:07:33	33.05	-0.02	15	49574	卖盘
10:07:12	33.07	--	3	9921	买盘
10:07:09	33.07	--	86	284402	卖盘
10:07:00	33.07	-0.01	39	128973	卖盘
10:06:57	33.08	--	23	76084	买盘
10:06:51	33.08	--	10	33080	买盘
10:06:33	33.08	0.01	6	19848	买盘
10:06:18	33.07	--	7	23149	卖盘
10:06:09	33.07	-0.01	30	99210	卖盘
10:06:03	33.08	0.01	4	13232	买盘
10:05:48	33.07	--	3	9921	卖盘
10:05:45	33.07	--	4	13228	卖盘
10:05:30	33.07	0.02	2	6614	买盘
10:05:21	33.05	--	4	13219	卖盘
10:05:18	33.05	--	5	16525	卖盘
10:05:15	33.05	--	5	16525	卖盘
10:05:12	33.05	--	3	9915	中性盘
10:04:24	33.05	-0.01	10	33050	卖盘
10:04:21	33.06	--	5	16530	中性盘
10:03:51	33.06	--	29	95874	卖盘
10:03:45	33.06	--	2	6612	卖盘
10:03:42	33.06	-0.01	2	6612	卖盘
10:03:21	33.07	-0.03	1	3307	卖盘
10:03:15	33.1	--	51	168810	买盘
10:02:51	33.1	-0.01	85	281350	中性盘
10:02:36	33.11	--	31	102641	买盘
10:02:27	33.11	0.01	6	19866	买盘
10:02:21	33.1	--	5	16550	卖盘
10:02:15	33.1	--	36	119160	卖盘
10:02:12	33.1	0.05	38	125780	买盘
10:02:03	33.05	--	3	9915	卖盘
10:02:00	33.05	0.01	8	26439	买盘
10:01:57	33.04	-0.01	5	16520	卖盘
10:01:54	33.05	--	22	72710	卖盘
10:01:42	33.05	--	30	99149	卖盘
10:01:30	33.05	--	5	16525	卖盘
10:01:27	33.05	--	2	6609	卖盘
10:01:12	33.05	0.02	27	89234	买盘
10:01:06	33.03	-0.02	1	3303	卖盘
10:01:00	33.05	0.01	55	181774	买盘
10:00:51	33.04	--	8	26432	卖盘
10:00:48	33.04	--	6	19824	卖盘
10:00:42	33.04	-0.01	7	23128	卖盘
10:00:27	33.05	--	19	62794	卖盘
10:00:21	33.05	--	1	3304	卖盘
10:00:09	33.05	--	2	6609	卖盘
10:00:06	33.05	-0.04	20	66100	卖盘
10:00:03	33.09	0.02	1	3309	买盘
10:00:00	33.07	0.01	1	3307	中性盘
09:59:33	33.06	--	3	9918	卖盘
09:59:21	33.06	-0.01	40	132240	卖盘
09:59:12	33.07	-0.03	8	26456	卖盘
09:59:09	33.1	--	2	6620	卖盘
09:59:06	33.1	-0.02	3	9930	卖盘
09:58:45	33.12	-0.01	58	192095	卖盘
09:58:42	33.13	--	36	119268	卖盘
09:58:33	33.13	--	10	33130	卖盘
09:58:21	33.13	-0.01	62	205406	卖盘
09:58:15	33.14	--	5	16570	买盘
09:58:06	33.14	--	13	43082	卖盘
09:58:00	33.14	-0.01	2	6628	卖盘
09:57:42	33.15	--	39	129616	卖盘
09:57:39	33.15	--	10	33150	卖盘
09:57:36	33.15	0.01	2	6630	卖盘
09:57:24	33.14	--	10	36122	买盘
09:57:21	33.14	-0.01	50	166031	卖盘
09:57:18	33.15	0.01	18	62653	买盘
09:57:09	33.14	-0.01	10	33140	卖盘
09:57:03	33.15	--	4	13260	买盘
09:56:57	33.15	0.01	11	36465	买盘
09:56:42	33.14	--	10	33140	卖盘
09:56:24	33.14	0.01	7	23198	买盘
09:56:18	33.13	-0.01	13	43069	卖盘
09:56:09	33.14	--	20	66280	买盘
09:56:03	33.14	--	1	3314	买盘
09:56:00	33.14	0.01	3	9942	买盘
09:55:54	33.13	--	10	33130	买盘
09:55:33	33.13	0.01	7	23191	买盘
09:55:18	33.12	--	10	33120	卖盘
09:55:12	33.12	--	33	109295	买盘
09:54:30	33.12	-0.01	10	33120	买盘
09:54:06	33.13	--	6	19878	买盘
09:53:57	33.13	--	4	13252	买盘
09:53:51	33.13	--	1	3313	买盘
09:53:48	33.13	-0.02	9	29817	卖盘
09:53:42	33.15	0.02	30	99450	买盘
09:53:39	33.13	-0.02	5	16565	卖盘
09:53:21	33.15	--	4	13260	买盘
09:53:12	33.15	-0.02	159	527416	卖盘
09:53:09	33.17	0.01	11	39472	买盘
09:53:00	33.16	--	11	36475	买盘
09:52:51	33.16	-0.01	25	82899	卖盘
09:52:48	33.17	--	37	122729	买盘
09:52:45	33.17	0.02	1	3317	买盘
09:52:42	33.15	-0.03	36	119340	卖盘
09:52:36	33.18	0.03	11	36498	买盘
09:52:18	33.15	--	9	29835	买盘
09:52:03	33.15	-0.03	1	3315	中性盘
09:51:57	33.18	0.05	34	112812	买盘
09:51:54	33.13	--	4	13252	买盘
09:51:51	33.13	-0.04	13	43069	卖盘
09:51:42	33.17	0.01	38	126046	买盘
09:51:39	33.16	0.01	11	36475	买盘
09:51:36	33.15	--	4	13293	买盘
09:51:33	33.15	0.04	34	112710	买盘
09:51:30	33.11	-0.01	40	132440	卖盘
09:51:27	33.12	0.01	9	29807	买盘
09:51:18	33.11	-0.01	7	23177	中性盘
09:51:03	33.12	--	34	112607	买盘
09:51:00	33.12	0.01	42	139104	买盘
09:50:57	33.11	--	13	43043	买盘
09:50:54	33.11	0.02	14	46354	买盘
09:50:51	33.09	-0.01	5	16545	买盘
09:50:48	33.1	0.01	5	16550	买盘
09:50:42	33.09	--	1	3309	买盘
09:50:30	33.09	--	1	3309	卖盘
09:50:27	33.09	--	3	9927	卖盘
09:50:18	33.09	--	2	6618	卖盘
09:50:15	33.09	0.02	10	33090	买盘
09:49:54	33.07	-0.02	19	62833	卖盘
09:49:51	33.09	0.02	21	69489	买盘
09:48:57	33.07	--	2	6614	卖盘
09:48:54	33.07	0.01	41	135587	买盘
09:48:51	33.06	--	3	9918	卖盘
09:48:45	33.06	-0.01	5	16530	卖盘
09:48:39	33.07	--	2	6614	买盘
09:48:36	33.07	--	2	6614	买盘
09:48:33	33.07	--	2	6614	买盘
09:48:15	33.07	-0.03	4	13228	卖盘
09:48:09	33.1	0.02	77	254870	买盘
09:48:00	33.08	--	4	13232	卖盘
09:47:54	33.08	-0.01	6	19848	卖盘
09:47:51	33.09	--	9	29781	卖盘
09:47:45	33.09	-0.01	3	9927	卖盘
09:47:36	33.1	-0.01	4	13240	卖盘
09:47:30	33.11	--	10	33110	买盘
09:47:24	33.11	--	7	23177	卖盘
09:47:18	33.11	--	5	16555	卖盘
09:47:15	33.11	--	5	16555	卖盘
09:47:06	33.11	-0.01	4	13244	卖盘
09:47:03	33.12	0.01	29	96047	买盘
09:47:00	33.11	-0.01	2	6622	卖盘
09:46:57	33.12	0.01	1	3311	买盘
09:46:51	33.11	-0.01	2	6622	卖盘
09:46:45	33.12	--	30	99359	卖盘
09:46:42	33.12	--	9	29807	卖盘
09:46:30	33.12	--	1	3311	买盘
09:46:27	33.12	--	8	26495	买盘
09:46:21	33.12	-0.02	13	43056	卖盘
09:46:12	33.14	--	5	16570	买盘
09:46:09	33.14	0.02	1	3314	买盘
09:45:54	33.12	-0.02	20	66240	卖盘
09:45:51	33.14	--	5	16570	买盘
09:45:48	33.14	0.02	11	36454	买盘
09:45:42	33.12	-0.01	10	33120	卖盘
09:45:33	33.13	0.01	4	13252	买盘
09:45:30	33.12	--	30	99359	卖盘
09:45:27	33.12	--	2	6623	卖盘
09:45:24	33.12	--	3	9936	卖盘
09:45:21	33.12	0.01	35	115919	买盘
09:45:18	33.11	0.02	1	3311	买盘
09:45:12	33.09	-0.02	5	16545	卖盘
09:45:03	33.11	--	6	19866	买盘
09:44:54	33.11	0.02	6	19866	买盘
09:44:51	33.09	-0.01	28	92652	卖盘
09:44:45	33.1	-0.01	3	9930	卖盘
09:44:42	33.11	--	1	3311	卖盘
09:44:39	33.11	--	5	16555	卖盘
09:44:36	33.11	--	5	16555	卖盘
09:44:33	33.11	--	6	19866	买盘
09:44:30	33.11	--	2	6622	买盘
09:44:27	33.11	--	10	33110	买盘
09:44:21	33.11	--	12	39732	卖盘
09:44:18	33.11	-0.01	16	52976	卖盘
09:44:06	33.12	0.01	1	3311	买盘
09:44:03	33.11	-0.01	6	19866	买盘
09:44:00	33.12	--	4	13247	卖盘
09:43:57	33.12	0.04	10	33120	买盘
09:43:54	33.08	-0.01	5	16540	卖盘
09:43:51	33.09	-0.03	6	19854	卖盘
09:43:48	33.12	0.02	2	6623	买盘
09:43:45	33.1	0.01	5	16550	中性盘
09:43:39	33.09	--	10	33090	卖盘
09:43:27	33.09	0.01	9	29781	买盘
09:43:24	33.08	0.01	5	16540	买盘
09:43:21	33.07	--	2	6614	卖盘
09:43:15	33.07	--	5	16535	卖盘
09:43:12	33.07	--	5	16535	卖盘
09:43:06	33.07	--	7	23149	买盘
09:43:03	33.07	--	3	9921	买盘
09:43:00	33.07	0.01	10	33070	买盘
09:42:51	33.06	--	3	9918	卖盘
09:42:48	33.06	--	10	33060	中性盘
09:42:39	33.06	0.01	1	3306	买盘
09:42:36	33.05	--	2	6609	卖盘
09:42:30	33.05	0.01	5	16525	买盘
09:42:21	33.04	--	15	49560	买盘
09:42:15	33.04	0.01	2	6608	买盘
09:42:06	33.03	--	5	16515	卖盘
09:42:03	33.03	--	1	3303	卖盘
09:41:51	33.03	0.01	11	36333	买盘
09:41:42	33.02	-0.01	2	6604	中性盘
09:41:36	33.03	--	3	9909	买盘
09:41:30	33.03	-0.01	2	6606	中性盘
09:41:12	33.04	0.05	1	3304	买盘
09:40:42	32.99	--	7	23093	买盘
09:40:39	32.99	--	3	9897	卖盘
09:40:30	32.99	0.01	40	131960	买盘
09:40:27	32.98	--	5	16490	买盘
09:40:24	32.98	0.02	17	56065	中性盘
09:40:06	32.96	-0.04	9	29664	卖盘
09:39:57	33.0	0.04	5	16500	买盘
09:39:48	32.96	-0.04	62	204352	卖盘
09:39:42	33.0	-0.04	56	184800	卖盘
09:39:39	33.04	0.04	1	3304	买盘
09:39:18	33.0	0.06	44	145200	买盘
09:39:15	32.94	-0.02	8	26352	卖盘
09:39:00	32.96	0.01	3	9888	买盘
09:38:57	32.95	--	10	32950	买盘
09:38:51	32.95	0.01	2	6590	买盘
09:38:45	32.94	0.01	29	95526	买盘
09:38:42	32.93	--	10	32930	买盘
09:38:39	32.93	--	6	19758	卖盘
09:38:15	32.93	0.01	9	29637	中性盘
09:38:00	32.92	-0.01	3	9876	卖盘
09:37:54	32.93	--	18	59274	买盘
09:37:51	32.93	--	2	6586	买盘
09:37:45	32.93	--	2	6586	买盘
09:37:39	32.93	--	1	3293	买盘
09:37:36	32.93	--	3	9879	买盘
09:37:30	32.93	--	19	62567	买盘
09:37:27	32.93	--	10	32930	买盘
09:37:21	32.93	0.01	10	32930	买盘
09:37:18	32.92	-0.01	1	3292	卖盘
09:37:09	32.93	--	38	125134	买盘
09:37:00	32.93	--	20	65860	买盘
09:36:57	32.93	--	4	13172	买盘
09:36:54	32.93	--	18	59274	买盘
09:36:42	32.93	0.01	8	26344	买盘
09:36:39	32.92	-0.01	2	6584	卖盘
09:36:21	32.93	0.02	10	32930	买盘
09:36:18	32.91	--	20	65820	卖盘
09:36:09	32.91	--	6	19745	卖盘
09:36:00	32.91	--	3	9872	卖盘
09:35:57	32.91	--	27	88856	卖盘
09:35:48	32.91	-0.01	4	13163	卖盘
09:35:39	32.92	0.01	5	16460	买盘
09:35:21	32.91	--	8	26327	买盘
09:35:15	32.91	0.01	7	23036	买盘
09:35:12	32.9	-0.01	40	131600	卖盘
09:35:06	32.91	--	6	19745	买盘
09:34:57	32.91	--	2	6581	买盘
09:34:54	32.91	-0.01	11	36200	卖盘
09:34:45	32.92	--	11	36212	买盘
09:34:42	32.92	--	8	26336	买盘
09:34:24	32.92	0.01	7	23044	买盘
09:34:18	32.91	-0.01	2	6581	中性盘
09:34:03	32.92	--	3	9876	买盘
09:33:48	32.92	--	2	6584	买盘
09:33:42	32.92	0.02	10	32920	买盘
09:33:36	32.9	-0.01	1	3290	卖盘
09:33:33	32.91	-0.01	2	6581	卖盘
09:33:30	32.92	--	1	3292	买盘
09:33:24	32.92	--	3	9876	买盘
09:33:15	32.92	0.02	2	6584	买盘
09:33:09	32.9	--	5	16450	卖盘
09:33:00	32.9	--	2	6580	卖盘
09:32:39	32.9	--	12	39480	买盘
09:32:12	32.9	0.04	3	9870	买盘
09:32:06	32.86	-0.04	20	65720	卖盘
09:32:00	32.9	0.01	6	19740	买盘
09:31:48	32.89	--	28	92092	卖盘
09:31:36	32.89	-0.04	2	6578	中性盘
09:30:03	32.93	--	0	0	中性盘
09:25:03	32.93	32.93	22	72446	买盘
