成交时间	成交价	价格变动	成交量(手)	成交额(元)	性质
15:00:03	22.79	--	473	1077967	卖盘
14:57:00	22.79	--	0	0	卖盘
14:56:54	22.79	0.02	12	27348	买盘
14:56:51	22.77	-0.01	14	31878	卖盘
14:56:48	22.78	-0.01	20	45560	卖盘
14:56:39	22.79	0.01	1	2279	中性盘
14:56:33	22.78	-0.01	25	56950	卖盘
14:56:30	22.79	0.01	2	4558	卖盘
14:56:24	22.78	-0.02	5	11390	卖盘
14:56:21	22.8	--	3	6840	买盘
14:56:18	22.8	--	3	6840	买盘
14:56:15	22.8	-0.01	9	21021	卖盘
14:56:12	22.81	--	3	6843	卖盘
14:56:09	22.81	--	4	10903	买盘
14:56:03	22.81	--	12	27372	买盘
14:55:54	22.81	--	3	7344	卖盘
14:55:51	22.81	--	12	27372	卖盘
14:55:42	22.81	-0.01	100	228100	卖盘
14:55:36	22.82	-0.01	1	2282	买盘
14:55:33	22.83	--	7	15980	买盘
14:55:27	22.83	0.02	10	22830	买盘
14:55:24	22.81	-0.01	140	319340	卖盘
14:55:21	22.82	--	3	6846	卖盘
14:55:18	22.82	-0.01	8	18256	卖盘
14:54:57	22.83	0.01	4	9132	中性盘
14:54:54	22.82	--	1	2282	卖盘
14:54:51	22.82	-0.03	60	136920	卖盘
14:54:48	22.85	0.02	24	54840	买盘
14:54:45	22.83	-0.06	3	6848	中性盘
14:54:36	22.89	0.04	7	16023	买盘
14:54:33	22.85	--	26	59410	卖盘
14:54:30	22.85	-0.05	1	2285	卖盘
14:54:27	22.9	0.05	17	38930	买盘
14:54:24	22.85	-0.05	24	54840	卖盘
14:54:18	22.9	--	13	29769	买盘
14:54:15	22.9	--	2	4580	卖盘
14:54:09	22.9	-0.01	3	6870	卖盘
14:54:06	22.91	-0.01	113	258883	卖盘
14:54:03	22.92	0.01	15	34380	买盘
14:54:00	22.91	-0.01	5	11455	卖盘
14:53:54	22.92	0.01	14	32088	买盘
14:53:51	22.91	--	27	61857	卖盘
14:53:48	22.91	--	25	57275	卖盘
14:53:42	22.91	--	10	22910	卖盘
14:53:39	22.91	--	67	153497	卖盘
14:53:36	22.91	--	1	2291	卖盘
14:53:33	22.91	-0.01	10	22910	卖盘
14:53:30	22.92	--	1	2292	买盘
14:53:27	22.92	--	9	20628	买盘
14:53:24	22.92	-0.02	83	190236	卖盘
14:53:21	22.94	0.02	15	34410	买盘
14:53:18	22.92	-0.01	5	11460	卖盘
14:53:15	22.93	--	27	61911	卖盘
14:53:12	22.93	--	15	34395	中性盘
14:53:09	22.93	0.01	2	4586	卖盘
14:53:06	22.92	-0.01	13	29796	卖盘
14:53:03	22.93	--	1	2293	卖盘
14:53:00	22.93	--	5	11465	卖盘
14:52:57	22.93	--	4	9172	卖盘
14:52:54	22.93	--	16	36688	买盘
14:52:51	22.93	0.01	2	4586	买盘
14:52:48	22.92	0.01	2	4584	中性盘
14:52:45	22.91	--	5	11455	卖盘
14:52:36	22.91	--	4	9164	卖盘
14:52:33	22.91	0.06	92	210772	买盘
14:52:30	22.85	--	3	6855	买盘
14:52:27	22.85	--	10	22850	买盘
14:52:24	22.85	--	15	34275	买盘
14:52:21	22.85	--	5	11425	买盘
14:52:18	22.85	--	1	2285	中性盘
14:52:15	22.85	--	2	4570	买盘
14:52:12	22.85	--	18	41130	卖盘
14:52:09	22.85	-0.05	24	54840	卖盘
14:52:03	22.9	0.05	216	494639	买盘
14:52:00	22.85	-0.01	5	11425	卖盘
14:51:54	22.86	--	10	22860	买盘
14:51:45	22.86	--	10	22860	买盘
14:51:42	22.86	0.01	2	4572	买盘
14:51:39	22.85	--	14	31990	卖盘
14:51:36	22.85	--	5	11425	卖盘
14:51:33	22.85	-0.01	37	84545	卖盘
14:51:30	22.86	0.01	12	27432	买盘
14:51:27	22.85	-0.01	16	36560	卖盘
14:51:24	22.86	0.01	5	11430	买盘
14:51:21	22.85	-0.01	17	38845	卖盘
14:51:15	22.86	-0.04	4	9144	卖盘
14:51:12	22.9	0.04	303	693870	买盘
14:51:06	22.86	--	10	22860	卖盘
14:51:03	22.86	--	5	11430	卖盘
14:51:00	22.86	-0.01	7	16002	卖盘
14:50:57	22.87	0.01	13	29731	买盘
14:50:51	22.86	--	26	59436	卖盘
14:50:48	22.86	--	5	11430	卖盘
14:50:42	22.86	--	40	91440	卖盘
14:50:39	22.86	--	2	4572	卖盘
14:50:30	22.86	-0.01	40	91440	卖盘
14:50:27	22.87	0.01	6	13722	买盘
14:50:24	22.86	--	18	41148	卖盘
14:50:21	22.86	--	11	25146	卖盘
14:50:18	22.86	--	2	4572	卖盘
14:50:15	22.86	--	21	48006	卖盘
14:50:12	22.86	--	10	22860	卖盘
14:50:06	22.86	--	56	128016	买盘
14:50:03	22.86	--	10	22860	买盘
14:49:54	22.86	--	22	50292	买盘
14:49:51	22.86	--	8	18288	买盘
14:49:45	22.86	--	3	6858	买盘
14:49:42	22.86	--	1	2286	买盘
14:49:39	22.86	--	24	54864	买盘
14:49:36	22.86	0.01	11	25146	买盘
14:49:33	22.85	--	28	63980	卖盘
14:49:30	22.85	--	7	15995	卖盘
14:49:27	22.85	--	22	50270	卖盘
14:49:18	22.85	0.03	14	31990	买盘
14:49:15	22.82	--	46	104972	买盘
14:49:12	22.82	-0.04	5	11410	卖盘
14:49:03	22.86	0.02	21	48006	买盘
14:49:00	22.84	0.03	1	2284	中性盘
14:48:57	22.81	-0.02	18	41058	卖盘
14:48:51	22.83	-0.01	30	68490	卖盘
14:48:48	22.84	0.03	30	68520	买盘
14:48:42	22.81	--	1	2281	卖盘
14:48:39	22.81	--	5	11405	卖盘
14:48:33	22.81	--	6	13686	卖盘
14:48:30	22.81	0.06	347	793286	买盘
14:48:27	22.75	-0.01	50	114887	卖盘
14:48:21	22.76	--	6	13656	买盘
14:48:18	22.76	--	11	25036	买盘
14:48:06	22.76	--	9	20484	卖盘
14:48:03	22.76	--	23	52348	买盘
14:48:00	22.76	--	3	6828	买盘
14:47:57	22.76	--	85	193460	买盘
14:47:54	22.76	--	1	2276	卖盘
14:47:48	22.76	--	11	25036	卖盘
14:47:30	22.76	0.01	20	45520	买盘
14:47:27	22.75	--	2	4550	卖盘
14:47:18	22.75	--	5	11375	卖盘
14:46:57	22.75	-0.03	7	15925	买盘
14:46:51	22.78	0.03	100	227800	买盘
14:46:36	22.75	-0.02	5	11375	卖盘
14:46:27	22.77	--	2	4554	买盘
14:46:15	22.77	--	2	4554	买盘
14:45:54	22.77	--	6	13662	卖盘
14:45:51	22.77	--	6	13662	卖盘
14:45:48	22.77	--	4	9108	卖盘
14:45:39	22.77	0.03	25	56925	买盘
14:45:33	22.74	-0.03	80	181920	卖盘
14:45:27	22.77	-0.01	16	36432	中性盘
14:45:21	22.78	--	1	2278	买盘
14:45:12	22.78	0.04	66	150348	买盘
14:45:09	22.74	-0.03	5	11370	卖盘
14:45:06	22.77	0.03	10	22770	买盘
14:45:00	22.74	0.01	5	11370	卖盘
14:44:57	22.73	-0.01	11	25003	买盘
14:44:54	22.74	0.06	5	11370	买盘
14:44:33	22.68	--	11	24948	买盘
14:44:27	22.68	-0.1	3	6804	买盘
14:44:24	22.78	0.1	800	1822400	买盘
14:44:15	22.68	--	18	40824	卖盘
14:44:12	22.68	--	6	13608	卖盘
14:44:06	22.68	--	1	2268	卖盘
14:44:03	22.68	--	3	6804	卖盘
14:43:48	22.68	--	6	13608	卖盘
14:43:36	22.68	--	16	36288	卖盘
14:43:21	22.68	0.01	12	27216	买盘
14:43:15	22.67	-0.01	1	2267	卖盘
14:43:12	22.68	--	9	20412	卖盘
14:43:06	22.68	0.01	1	2268	中性盘
14:42:51	22.67	--	5	11335	卖盘
14:42:45	22.67	--	10	22670	卖盘
14:42:42	22.67	-0.01	86	194962	卖盘
14:42:39	22.68	-0.05	25	56700	卖盘
14:42:30	22.73	-0.03	1	2273	中性盘
14:41:45	22.76	--	2	4552	买盘
14:41:30	22.76	--	98	223048	买盘
14:41:27	22.76	--	24	54624	卖盘
14:41:24	22.76	0.09	21	47796	买盘
14:41:21	22.67	-0.1	71	160957	卖盘
14:41:12	22.77	0.01	3	6831	买盘
14:41:06	22.76	--	73	166148	买盘
14:40:36	22.76	--	1	2276	买盘
14:40:33	22.76	--	49	111524	卖盘
14:40:27	22.76	--	5	11380	卖盘
14:40:21	22.76	--	5	11380	卖盘
14:40:18	22.76	--	7	15932	卖盘
14:40:15	22.76	0.09	444	1010544	买盘
14:40:09	22.67	-0.03	3	6801	卖盘
14:39:57	22.7	0.03	2	4540	买盘
14:39:36	22.67	-0.03	10	22670	卖盘
14:39:21	22.7	--	20	45400	买盘
14:39:00	22.7	--	6	13620	卖盘
14:38:54	22.7	--	3	6810	卖盘
14:38:51	22.7	--	1	2270	卖盘
14:38:45	22.7	-0.01	2	4540	卖盘
14:38:42	22.71	0.01	2	4542	中性盘
14:38:18	22.7	-0.01	10	22700	卖盘
14:38:15	22.71	--	1	2271	卖盘
14:38:03	22.71	--	4	9084	卖盘
14:38:00	22.71	0.01	16	36336	买盘
14:37:54	22.7	-0.01	1	2270	卖盘
14:37:45	22.71	--	1	2271	买盘
14:37:30	22.71	--	3	6813	卖盘
14:37:27	22.71	-0.01	1	2271	卖盘
14:37:21	22.72	0.01	10	22720	买盘
14:37:12	22.71	--	12	27252	卖盘
14:36:54	22.71	0.01	34	77214	买盘
14:36:48	22.7	--	7	15890	卖盘
14:36:45	22.7	--	10	22700	卖盘
14:36:42	22.7	--	2	4540	卖盘
14:36:39	22.7	-0.01	3	6810	卖盘
14:36:33	22.71	0.01	1	2271	中性盘
14:36:21	22.7	-0.02	100	227000	卖盘
14:36:12	22.72	-0.01	10	22720	卖盘
14:36:06	22.73	-0.01	20	45460	卖盘
14:35:54	22.74	-0.01	2	4548	卖盘
14:35:48	22.75	-0.01	4	9100	买盘
14:35:45	22.76	--	2	4552	买盘
14:35:36	22.76	0.02	32	72832	买盘
14:35:33	22.74	-0.01	2	4548	卖盘
14:35:24	22.75	--	14	31850	卖盘
14:35:18	22.75	--	10	22750	卖盘
14:35:12	22.75	--	3	6825	买盘
14:35:09	22.75	0.02	2	4550	买盘
14:35:03	22.73	-0.04	14	31822	卖盘
14:35:00	22.77	0.04	20	45540	买盘
14:34:57	22.73	-0.03	1	2273	卖盘
14:34:54	22.76	0.03	18	40968	买盘
14:34:39	22.73	0.01	9	20457	买盘
14:34:36	22.72	0.01	10	22720	买盘
14:34:33	22.71	--	11	24981	买盘
14:34:30	22.71	--	4	9084	买盘
14:34:27	22.71	0.01	5	11355	买盘
14:34:15	22.7	0.02	42	95340	买盘
14:34:09	22.68	0.01	6	13608	买盘
14:34:03	22.67	0.02	165	374055	买盘
14:33:54	22.65	--	8	18120	买盘
14:33:51	22.65	--	6	13590	买盘
14:33:45	22.65	--	29	65685	买盘
14:33:39	22.65	--	13	29444	买盘
14:33:36	22.65	0.01	44	99660	买盘
14:33:33	22.64	--	5	11320	卖盘
14:33:30	22.64	--	3	6792	卖盘
14:33:27	22.64	--	7	15848	卖盘
14:33:24	22.64	-0.01	1	2264	卖盘
14:33:21	22.65	0.01	80	181200	买盘
14:33:06	22.64	0.01	20	45280	买盘
14:33:03	22.63	0.01	61	138043	买盘
14:33:00	22.62	--	14	31668	买盘
14:32:54	22.62	--	40	90480	买盘
14:32:48	22.62	0.02	30	67860	买盘
14:32:30	22.6	--	3	7910	买盘
14:32:27	22.6	--	85	192100	买盘
14:32:24	22.6	--	200	452000	买盘
14:32:21	22.6	--	8	18080	买盘
14:32:18	22.6	--	10	22600	买盘
14:32:15	22.6	--	33	74580	买盘
14:32:12	22.6	--	5	11300	买盘
14:32:09	22.6	--	30	67800	买盘
14:32:03	22.6	0.01	1	2260	买盘
14:31:57	22.59	-0.01	1	2259	卖盘
14:31:54	22.6	0.01	100	226000	买盘
14:31:51	22.59	--	11	24849	买盘
14:31:36	22.59	0.01	15	33885	买盘
14:31:30	22.58	--	114	258540	买盘
14:31:27	22.58	0.01	10	22580	买盘
14:31:24	22.57	--	5	11285	买盘
14:31:21	22.57	--	6	13542	买盘
14:31:15	22.57	0.01	50	112850	买盘
14:31:09	22.56	0.01	183	412848	买盘
14:31:00	22.55	--	92	207460	买盘
14:30:57	22.55	0.01	65	146575	买盘
14:30:54	22.54	--	1	2254	卖盘
14:30:48	22.54	--	14	31556	买盘
14:30:42	22.54	--	10	22540	买盘
14:30:30	22.54	0.01	6	13524	买盘
14:30:15	22.53	0.02	103	232059	买盘
14:30:06	22.51	--	2	4502	买盘
14:30:03	22.51	--	5	11255	买盘
14:29:48	22.51	--	5	11255	买盘
14:29:12	22.51	0.01	10	22510	买盘
14:29:06	22.5	--	1	2250	卖盘
14:28:39	22.5	-0.01	8	18000	卖盘
14:28:36	22.51	0.01	2	4502	中性盘
14:28:18	22.5	-0.01	5	11250	卖盘
14:28:06	22.51	--	3	6753	卖盘
14:28:00	22.51	--	21	47271	买盘
14:27:24	22.51	--	12	27012	卖盘
14:27:21	22.51	--	10	22510	卖盘
14:27:18	22.51	--	20	45020	卖盘
14:27:06	22.51	--	1	2251	卖盘
14:26:36	22.51	--	10	22510	卖盘
14:26:09	22.51	0.01	7	15757	买盘
14:26:06	22.5	-0.01	0	1125	卖盘
14:26:03	22.51	--	10	22510	中性盘
14:25:36	22.51	0.01	16	36016	买盘
14:25:15	22.5	--	10	22500	卖盘
14:25:12	22.5	-0.01	10	22500	卖盘
14:24:39	22.51	-0.01	17	38267	卖盘
14:23:42	22.52	--	25	56300	买盘
14:23:24	22.52	--	5	11260	卖盘
14:22:30	22.52	-0.01	5	11260	卖盘
14:22:21	22.53	--	10	22530	买盘
14:22:03	22.53	0.01	8	18024	买盘
14:22:00	22.52	--	5	11260	买盘
14:21:36	22.52	0.01	2	4504	中性盘
14:21:21	22.51	--	54	121554	卖盘
14:21:09	22.51	--	9	20259	买盘
14:21:06	22.51	--	4	9004	卖盘
14:20:51	22.51	--	1	2251	卖盘
14:20:48	22.51	0.01	5	11255	买盘
14:20:39	22.5	-0.02	15	33750	卖盘
14:20:33	22.52	0.01	25	56300	买盘
14:20:27	22.51	--	36	81036	卖盘
14:20:18	22.51	--	4	9004	卖盘
14:20:15	22.51	--	5	11255	卖盘
14:20:12	22.51	0.01	55	123805	买盘
14:19:54	22.5	0.01	39	87750	买盘
14:19:51	22.49	--	10	23187	买盘
14:19:36	22.49	0.01	50	112449	买盘
14:19:18	22.48	--	12	26976	买盘
14:19:06	22.48	--	5	11240	买盘
14:19:00	22.48	0.01	2	4496	中性盘
14:18:48	22.47	-0.01	20	44940	卖盘
14:18:42	22.48	--	10	22480	卖盘
14:18:33	22.48	--	15	33720	卖盘
14:18:18	22.48	--	36	80928	卖盘
14:18:06	22.48	-0.01	55	123640	卖盘
14:17:51	22.49	-0.01	28	63399	卖盘
14:17:33	22.5	--	33	74250	卖盘
14:17:27	22.5	-0.01	10	22500	卖盘
14:16:51	22.51	--	2	5627	卖盘
14:16:42	22.51	--	10	22510	卖盘
14:16:12	22.51	--	2	4502	卖盘
14:16:09	22.51	--	2	4502	卖盘
14:15:57	22.51	--	4	9004	卖盘
14:15:12	22.51	--	17	38267	卖盘
14:14:54	22.51	--	50	112550	卖盘
14:14:21	22.51	-0.02	5	12380	卖盘
14:12:48	22.53	--	5	11265	卖盘
14:12:33	22.53	--	2	4506	卖盘
14:11:36	22.53	-0.01	9	20277	卖盘
14:11:33	22.54	0.01	138	311052	买盘
14:11:30	22.53	--	2	4506	卖盘
14:11:24	22.53	--	31	69843	买盘
14:10:27	22.53	--	5	11265	卖盘
14:10:21	22.53	-0.01	5	11265	卖盘
14:09:57	22.54	0.01	2	4508	买盘
14:09:36	22.53	--	4	9012	卖盘
14:09:00	22.53	--	36	81108	买盘
14:08:39	22.53	0.01	30	67590	买盘
14:07:45	22.52	0.01	27	60804	买盘
14:07:33	22.51	--	2	4502	卖盘
14:07:27	22.51	-0.01	6	13506	中性盘
14:06:42	22.52	0.01	5	11260	买盘
14:06:39	22.51	--	2	4502	卖盘
14:06:36	22.51	-0.01	2	4502	卖盘
14:06:33	22.52	0.01	6	13512	买盘
14:06:24	22.51	--	2	4502	卖盘
14:06:09	22.51	--	10	22510	卖盘
14:06:06	22.51	--	2	4502	卖盘
14:05:24	22.51	-0.01	10	22510	卖盘
14:05:21	22.52	0.01	1	2252	买盘
14:05:09	22.51	--	2	4502	卖盘
14:04:45	22.51	0.01	100	225100	卖盘
14:04:03	22.5	-0.02	6	13500	卖盘
14:03:51	22.52	--	3	6756	卖盘
14:03:45	22.52	-0.01	2	4504	卖盘
14:03:36	22.53	0.01	61	137433	买盘
14:03:27	22.52	0.02	95	213940	买盘
14:03:24	22.5	-0.02	50	112500	卖盘
14:03:18	22.52	0.02	5	11260	买盘
14:03:03	22.5	--	10	22500	卖盘
14:02:54	22.5	--	2	4500	卖盘
14:02:48	22.5	--	30	67500	卖盘
14:02:06	22.5	--	100	225000	卖盘
14:01:54	22.5	-0.01	10	22500	卖盘
14:01:51	22.51	0.01	5	11255	买盘
14:01:42	22.5	-0.01	16	36000	卖盘
14:01:30	22.51	--	1	2251	买盘
14:01:24	22.51	--	56	126056	卖盘
14:01:15	22.51	--	20	45020	卖盘
14:01:06	22.51	--	100	225100	卖盘
14:00:36	22.51	-0.02	1	2251	卖盘
14:00:12	22.53	--	5	11265	买盘
13:59:39	22.53	0.01	10	22530	买盘
13:59:33	22.52	--	3	6756	卖盘
13:59:09	22.52	-0.01	3	6756	卖盘
13:58:57	22.53	--	3	6759	买盘
13:58:09	22.53	0.02	3	6759	买盘
13:57:39	22.51	--	3	6753	卖盘
13:57:27	22.51	--	40	90040	卖盘
13:57:21	22.51	--	2	4502	卖盘
13:56:39	22.51	-0.02	17	38267	卖盘
13:56:15	22.53	--	10	22530	买盘
13:55:54	22.53	0.02	5	11265	中性盘
13:53:42	22.51	--	2	4502	卖盘
13:53:21	22.51	--	2	4502	卖盘
13:53:12	22.51	--	3	6753	卖盘
13:52:33	22.51	--	1	2251	卖盘
13:52:30	22.51	--	5	11255	卖盘
13:52:24	22.51	--	5	11255	卖盘
13:52:21	22.51	0.01	3	6753	中性盘
13:51:51	22.5	-0.04	100	225000	卖盘
13:50:30	22.54	-0.01	20	45080	卖盘
13:50:27	22.55	0.01	5	11275	买盘
13:50:18	22.54	--	11	24794	卖盘
13:50:12	22.54	-0.01	2	4508	卖盘
13:50:09	22.55	--	1	2255	卖盘
13:49:51	22.55	-0.01	10	22550	卖盘
13:49:48	22.56	0.01	5	11280	买盘
13:49:39	22.55	--	4	9020	卖盘
13:49:30	22.55	--	172	388987	买盘
13:49:24	22.55	--	50	112750	买盘
13:49:15	22.55	0.01	4	9020	买盘
13:48:39	22.54	-0.01	2	4508	中性盘
13:48:30	22.55	0.01	5	11275	买盘
13:48:27	22.54	--	2	4508	卖盘
13:48:15	22.54	--	28	63112	买盘
13:48:09	22.54	--	1	2254	买盘
13:47:57	22.54	--	5	11270	买盘
13:47:48	22.54	--	3	6762	买盘
13:47:42	22.54	0.01	2	4508	买盘
13:47:33	22.53	-0.01	1	2253	卖盘
13:47:06	22.54	--	10	22540	买盘
13:46:54	22.54	0.01	5	11270	买盘
13:46:51	22.53	--	2	4506	卖盘
13:46:42	22.53	0.01	113	254589	买盘
13:46:36	22.52	0.02	1	2252	买盘
13:46:30	22.5	-0.02	1	2250	卖盘
13:46:24	22.52	--	13	29276	买盘
13:46:18	22.52	0.02	5	11260	买盘
13:46:12	22.5	--	7	15750	卖盘
13:45:54	22.5	--	4	9000	买盘
13:45:51	22.5	--	5	11250	买盘
13:45:48	22.5	--	20	45000	买盘
13:45:45	22.5	--	10	22500	买盘
13:45:39	22.5	0.01	10	22500	买盘
13:45:33	22.49	--	9	22062	买盘
13:45:30	22.49	0.01	6	13493	买盘
13:45:27	22.48	-0.01	23	51704	卖盘
13:45:24	22.49	--	3	6746	买盘
13:45:21	22.49	--	5	11245	买盘
13:45:00	22.49	--	2	4498	买盘
13:44:51	22.49	--	19	42731	卖盘
13:44:48	22.49	--	1	2249	中性盘
13:44:09	22.49	--	14	31485	买盘
13:43:57	22.49	--	2	4498	买盘
13:43:54	22.49	-0.01	11	24739	卖盘
13:43:48	22.5	0.01	6	13500	买盘
13:43:39	22.49	-0.01	4	8996	卖盘
13:43:36	22.5	--	9	20250	买盘
13:43:33	22.5	--	5	11250	买盘
13:43:27	22.5	--	19	42750	买盘
13:43:21	22.5	--	5	11250	买盘
13:43:15	22.5	--	10	22500	买盘
13:43:12	22.5	0.01	20	45000	买盘
13:43:00	22.49	--	2	4498	买盘
13:42:48	22.49	--	12	26987	买盘
13:42:33	22.49	--	35	78715	买盘
13:42:15	22.49	--	6	13493	买盘
13:42:06	22.49	--	14	31485	买盘
13:42:00	22.49	--	20	44980	买盘
13:41:54	22.49	--	3	6746	买盘
13:41:36	22.49	0.01	20	44980	买盘
13:41:09	22.48	--	2	4496	卖盘
13:40:54	22.48	-0.01	1	2248	卖盘
13:40:48	22.49	0.01	1	2249	买盘
13:40:42	22.48	--	1	2248	买盘
13:40:39	22.48	--	5	11240	买盘
13:40:36	22.48	0.01	1	2248	中性盘
13:40:24	22.47	-0.02	5	11235	卖盘
13:40:12	22.49	0.01	6	13493	买盘
13:40:06	22.48	--	12	26976	买盘
13:40:03	22.48	-0.01	7	15736	卖盘
13:39:27	22.49	0.01	10	22490	买盘
13:39:21	22.48	-0.01	6	13488	卖盘
13:38:51	22.49	0.01	3	6746	买盘
13:38:42	22.48	--	4	8992	卖盘
13:38:36	22.48	-0.02	10	22480	卖盘
13:38:24	22.5	0.01	2	4500	买盘
13:38:12	22.49	--	6	13493	卖盘
13:38:03	22.49	-0.01	20	44980	卖盘
13:37:57	22.5	--	5	11250	买盘
13:37:51	22.5	0.01	2	4500	买盘
13:37:48	22.49	--	1	2249	卖盘
13:37:42	22.49	--	3	6746	卖盘
13:37:36	22.49	--	10	22490	卖盘
13:37:15	22.49	--	20	44980	卖盘
13:37:09	22.49	--	2	4498	卖盘
13:37:03	22.49	-0.01	50	112449	卖盘
13:36:39	22.5	--	5	11250	卖盘
13:36:30	22.5	--	1	2250	卖盘
13:36:27	22.5	--	1	2250	卖盘
13:36:09	22.5	--	1	2250	卖盘
13:35:57	22.5	--	58	130500	卖盘
13:35:51	22.5	--	12	27000	卖盘
13:35:48	22.5	--	5	11250	卖盘
13:35:33	22.5	--	4	9000	卖盘
13:35:18	22.5	--	1	2250	卖盘
13:35:09	22.5	--	7	15750	卖盘
13:34:54	22.5	-0.03	1	2250	中性盘
13:33:36	22.53	--	2	4506	买盘
13:32:48	22.53	-0.01	26	58578	中性盘
13:32:36	22.54	--	3	6762	买盘
13:32:18	22.54	--	7	15778	买盘
13:32:15	22.54	--	2	4508	买盘
13:32:12	22.54	0.1	11	24794	中性盘
13:31:24	22.44	--	1	2244	买盘
13:31:21	22.44	-0.11	2	4488	卖盘
13:31:15	22.55	--	8	18040	买盘
13:31:06	22.55	--	1002	2259510	买盘
13:30:54	22.55	0.01	6	13530	买盘
13:30:33	22.54	--	10	22540	卖盘
13:30:24	22.54	--	3	6762	卖盘
13:30:15	22.54	0.01	55	123970	买盘
13:29:57	22.53	-0.01	34	76602	卖盘
13:29:30	22.54	--	10	22540	买盘
13:29:24	22.54	0.02	6	13524	买盘
13:28:54	22.52	--	5	11260	卖盘
13:28:24	22.52	--	5	11260	买盘
13:28:15	22.52	--	9	20268	卖盘
13:28:06	22.52	--	2	4504	卖盘
13:27:54	22.52	--	1	2252	卖盘
13:27:42	22.52	--	7	15764	买盘
13:27:27	22.52	--	5	11260	买盘
13:27:24	22.52	--	4	9008	卖盘
13:26:30	22.52	0.02	11	24772	买盘
13:26:18	22.5	-0.01	5	11250	卖盘
13:26:12	22.51	--	10	22510	卖盘
13:25:57	22.51	--	10	22510	卖盘
13:25:48	22.51	0.01	11	25886	买盘
13:25:21	22.5	-0.01	4	9000	卖盘
13:25:09	22.51	0.01	5	11255	买盘
13:25:06	22.5	-0.01	7	15750	卖盘
13:24:33	22.51	--	2	5627	卖盘
13:24:09	22.51	--	0	1125	买盘
13:24:06	22.51	--	9	21384	卖盘
13:24:00	22.51	--	10	22510	卖盘
13:23:51	22.51	-0.01	12	27012	卖盘
13:23:39	22.52	0.01	6	13512	中性盘
13:23:15	22.51	--	3	6753	卖盘
13:23:12	22.51	--	15	33765	卖盘
13:22:48	22.51	--	1	2251	卖盘
13:22:33	22.51	-0.01	44	99044	卖盘
13:22:30	22.52	0.01	0	1126	买盘
13:22:27	22.51	--	32	72032	卖盘
13:22:24	22.51	--	5	11255	卖盘
13:22:21	22.51	-0.01	10	22510	卖盘
13:22:18	22.52	0.01	1	2252	买盘
13:22:09	22.51	--	5	11255	卖盘
13:21:57	22.51	--	3	6753	卖盘
13:21:30	22.51	-0.03	45	101295	卖盘
13:21:00	22.54	0.03	41	92414	买盘
13:20:39	22.51	--	3	6753	卖盘
13:20:24	22.51	-0.01	7	15757	卖盘
13:20:21	22.52	0.01	3	6756	买盘
13:20:12	22.51	-0.01	6	13506	卖盘
13:20:09	22.52	0.01	14	31528	买盘
13:20:00	22.51	--	2	4502	卖盘
13:19:33	22.51	--	28	63028	买盘
13:19:27	22.51	0.01	50	112550	买盘
13:19:24	22.5	-0.01	5	11250	卖盘
13:19:15	22.51	0.01	29	65279	买盘
13:19:12	22.5	-0.01	1	2250	卖盘
13:19:09	22.51	--	5	11255	买盘
13:18:54	22.51	0.01	6	13506	买盘
13:18:42	22.5	-0.01	1	2250	卖盘
13:18:21	22.51	--	10	22510	买盘
13:18:12	22.51	--	30	67530	买盘
13:18:09	22.51	--	5	11255	买盘
13:18:03	22.51	--	33	74283	买盘
13:17:51	22.51	--	8	18008	买盘
13:17:39	22.51	--	2	4502	买盘
13:17:30	22.51	--	116	261116	卖盘
13:17:27	22.51	-0.01	21	47271	卖盘
13:17:24	22.52	-0.01	6	13512	中性盘
13:17:15	22.53	--	9	20277	买盘
13:17:06	22.53	0.01	5	11265	买盘
13:17:03	22.52	-0.01	50	112600	卖盘
13:16:30	22.53	--	21	47313	卖盘
13:16:12	22.53	-0.01	20	45060	卖盘
13:15:57	22.54	--	2	4508	买盘
13:15:45	22.54	-0.01	8	18032	卖盘
13:15:42	22.55	--	3	6765	买盘
13:15:33	22.55	0.02	4	9020	买盘
13:15:24	22.53	-0.02	94	211782	卖盘
13:15:21	22.55	--	15	33825	卖盘
13:15:18	22.55	-0.01	1	2255	卖盘
13:15:15	22.56	0.01	24	54144	买盘
13:15:00	22.55	--	4	9020	卖盘
13:14:57	22.55	--	20	45100	卖盘
13:14:54	22.55	-0.01	21	47355	卖盘
13:14:48	22.56	0.01	7	15792	买盘
13:14:36	22.55	--	5	11275	卖盘
13:14:27	22.55	-0.01	7	15785	卖盘
13:14:21	22.56	-0.01	10	22560	卖盘
13:14:15	22.57	0.01	10	22570	买盘
13:14:09	22.56	--	3	6768	卖盘
13:14:03	22.56	-0.01	2	4512	中性盘
13:13:48	22.57	0.01	15	33855	买盘
13:13:42	22.56	0.01	1	2256	中性盘
13:13:36	22.55	-0.02	500	1127500	卖盘
13:13:24	22.57	--	3	6771	买盘
13:13:21	22.57	0.01	18	40626	买盘
13:13:18	22.56	--	8	18048	卖盘
13:12:57	22.56	-0.01	5	11280	中性盘
13:12:42	22.57	0.01	23	51911	买盘
13:12:39	22.56	--	11	24816	买盘
13:12:30	22.56	--	12	27072	卖盘
13:12:27	22.56	-0.01	3	6768	卖盘
13:12:24	22.57	0.01	12	27084	买盘
13:12:21	22.56	--	10	22560	卖盘
13:12:15	22.56	--	2	4512	卖盘
13:12:03	22.56	--	30	67680	买盘
13:12:00	22.56	--	1	2256	买盘
13:11:57	22.56	--	10	22560	买盘
13:11:42	22.56	--	4	9024	卖盘
13:11:39	22.56	-0.01	10	22560	卖盘
13:11:33	22.57	0.01	56	126392	买盘
13:11:30	22.56	--	10	22560	卖盘
13:11:24	22.56	-0.01	4	9024	卖盘
13:11:21	22.57	0.01	14	31598	买盘
13:11:15	22.56	--	2	4512	卖盘
13:11:12	22.56	--	9	20304	卖盘
13:11:09	22.56	--	30	67680	卖盘
13:10:51	22.56	--	1	2256	卖盘
13:10:27	22.56	0.01	22	49632	买盘
13:10:15	22.55	--	3	6765	卖盘
13:10:12	22.55	-0.01	13	29315	卖盘
13:09:57	22.56	--	8	18048	买盘
13:09:51	22.56	--	4	9024	中性盘
13:09:36	22.56	0.01	10	22560	买盘
13:09:30	22.55	--	24	54120	买盘
13:09:27	22.55	--	5	11275	买盘
13:09:24	22.55	0.02	15	33825	买盘
13:09:21	22.53	-0.02	600	1351800	卖盘
13:09:18	22.55	--	10	22550	买盘
13:09:15	22.55	--	24	54120	买盘
13:09:09	22.55	0.01	50	112750	买盘
13:09:06	22.54	--	57	128478	卖盘
13:08:39	22.54	-0.01	4	9016	卖盘
13:08:33	22.55	0.01	5	11275	买盘
13:08:27	22.54	--	3	6762	卖盘
13:08:09	22.54	-0.01	14	31556	卖盘
13:08:06	22.55	0.01	1	2255	买盘
13:07:54	22.54	-0.01	10	22540	卖盘
13:07:39	22.55	0.01	19	42845	买盘
13:07:27	22.54	--	23	51842	卖盘
13:07:18	22.54	--	10	22540	卖盘
13:07:12	22.54	-0.01	21	47334	卖盘
13:07:09	22.55	--	2	4510	买盘
13:07:06	22.55	--	10	22550	买盘
13:06:57	22.55	--	10	22550	买盘
13:06:30	22.55	0.01	11	24805	买盘
13:06:24	22.54	--	5	11270	买盘
13:06:18	22.54	--	3	6762	卖盘
13:06:15	22.54	--	70	157780	买盘
13:06:09	22.54	-0.01	30	67620	中性盘
13:06:00	22.55	0.01	3	6765	买盘
13:05:51	22.54	--	1	2254	卖盘
13:05:45	22.54	--	21	47334	买盘
13:05:03	22.54	0.01	20	45080	买盘
13:04:33	22.53	-0.01	18	40554	卖盘
13:04:27	22.54	--	1	2254	买盘
13:04:09	22.54	-0.01	16	36064	卖盘
13:04:06	22.55	0.01	8	18040	买盘
13:03:57	22.54	--	5	11270	买盘
13:03:51	22.54	--	5	11270	买盘
13:03:48	22.54	--	15	33810	卖盘
13:03:45	22.54	--	16	36064	卖盘
13:03:42	22.54	--	10	22540	卖盘
13:03:39	22.54	--	3	6762	卖盘
13:03:33	22.54	--	11	24794	卖盘
13:03:27	22.54	-0.01	5	11270	卖盘
13:03:21	22.55	0.01	10	22550	买盘
13:03:18	22.54	--	5	11270	卖盘
13:03:06	22.54	--	38	85652	卖盘
13:02:48	22.54	0.01	13	29302	买盘
13:02:12	22.53	--	8	18024	买盘
13:02:03	22.53	0.03	6	13518	买盘
13:01:54	22.5	-0.05	32	72000	卖盘
13:01:48	22.55	0.03	35	78925	买盘
13:01:45	22.52	-0.02	16	36032	卖盘
13:01:42	22.54	0.02	50	112700	买盘
13:01:39	22.52	-0.01	15	33780	卖盘
13:01:30	22.53	--	14	31542	买盘
13:01:06	22.53	--	2	4506	买盘
13:00:54	22.53	--	22	49566	买盘
13:00:21	22.53	0.01	9	20277	买盘
13:00:12	22.52	-0.01	1	2252	卖盘
13:00:06	22.53	0.03	94	212345	买盘
13:00:03	22.5	0.01	99	222750	买盘
13:00:00	22.49	--	0	0	买盘
11:30:00	22.49	--	12	26987	买盘
11:29:45	22.49	-0.01	1	2249	卖盘
11:29:42	22.5	0.01	6	13500	买盘
11:29:30	22.49	--	4	8996	买盘
11:29:15	22.49	-0.01	6	13493	中性盘
11:29:00	22.5	0.01	8	18000	买盘
11:28:54	22.49	--	5	11245	买盘
11:28:51	22.49	--	3	6746	卖盘
11:28:39	22.49	--	1	2249	买盘
11:28:33	22.49	--	4	8996	卖盘
11:28:21	22.49	--	5	11245	卖盘
11:27:24	22.49	-0.01	1	2249	卖盘
11:26:54	22.5	--	4	9000	卖盘
11:26:39	22.5	-0.01	1	2250	卖盘
11:26:06	22.51	--	2	4502	买盘
11:26:00	22.51	--	5	11255	买盘
11:25:54	22.51	0.01	1	2251	买盘
11:25:45	22.5	-0.01	2	4500	卖盘
11:25:33	22.51	0.01	3	6753	买盘
11:25:21	22.5	--	5	11250	卖盘
11:25:15	22.5	--	15	33750	买盘
11:25:06	22.5	--	11	24750	买盘
11:25:03	22.5	0.01	5	11250	买盘
11:24:51	22.49	-0.01	10	22490	卖盘
11:24:39	22.5	--	26	58500	买盘
11:24:24	22.5	--	1	2250	买盘
11:24:21	22.5	--	17	38250	买盘
11:24:15	22.5	--	6	13500	买盘
11:24:09	22.5	--	2	4500	买盘
11:24:03	22.5	--	9	20250	买盘
11:24:00	22.5	--	50	112500	买盘
11:23:54	22.5	0.01	100	225000	买盘
11:23:39	22.49	--	107	240642	卖盘
11:23:18	22.49	--	13	29236	买盘
11:23:15	22.49	0.05	12	26987	买盘
11:22:36	22.44	--	1	2244	卖盘
11:21:36	22.44	-0.07	50	112200	卖盘
11:21:33	22.51	0.01	40	90040	买盘
11:21:30	22.5	--	9	20250	卖盘
11:21:12	22.5	-0.01	10	22500	卖盘
11:20:48	22.51	--	17	38267	买盘
11:20:39	22.51	--	10	22510	买盘
11:20:21	22.51	--	1	2251	买盘
11:20:15	22.51	0.01	13	29263	买盘
11:20:09	22.5	--	5	11250	卖盘
11:19:51	22.5	-0.01	2	4500	卖盘
11:19:48	22.51	0.01	14	31514	买盘
11:19:45	22.5	-0.01	2	4500	卖盘
11:19:36	22.51	--	8	18008	卖盘
11:19:33	22.51	--	5	11255	买盘
11:19:30	22.51	--	5	11255	买盘
11:19:18	22.51	0.02	2	4502	买盘
11:19:06	22.49	-0.02	20	44980	卖盘
11:18:57	22.51	0.06	4	9004	买盘
11:18:54	22.45	-0.04	50	112250	卖盘
11:18:48	22.49	0.04	5	11245	中性盘
11:18:39	22.45	-0.04	106	237970	卖盘
11:18:36	22.49	--	4	8996	买盘
11:18:30	22.49	--	43	96707	买盘
11:18:21	22.49	0.01	137	308113	买盘
11:18:15	22.48	0.03	19	42712	买盘
11:18:12	22.45	0.01	83	186335	买盘
11:18:06	22.44	--	3	6732	买盘
11:17:54	22.44	0.01	3	6732	买盘
11:17:51	22.43	-0.01	5	11215	卖盘
11:17:45	22.44	0.01	2	4488	买盘
11:17:42	22.43	--	516	1157388	买盘
11:17:39	22.43	0.01	19	42617	买盘
11:17:36	22.42	--	22	49324	卖盘
11:17:06	22.42	-0.01	2	4484	卖盘
11:17:03	22.43	--	206	462058	买盘
11:16:57	22.43	--	3	6729	买盘
11:16:48	22.43	--	10	22430	买盘
11:16:39	22.43	0.01	10	22430	买盘
11:16:12	22.42	--	1	2242	卖盘
11:16:03	22.42	--	10	22420	买盘
11:15:57	22.42	--	16	35872	买盘
11:15:48	22.42	--	20	44840	买盘
11:15:42	22.42	--	19	42598	买盘
11:15:39	22.42	--	16	35872	买盘
11:15:30	22.42	--	13	29146	买盘
11:15:18	22.42	--	12	26904	买盘
11:14:54	22.42	--	21	47082	买盘
11:14:48	22.42	--	13	29146	买盘
11:14:39	22.42	--	5	11210	买盘
11:14:06	22.42	--	3	6726	买盘
11:13:45	22.42	0.01	2	4484	买盘
11:13:33	22.41	-0.01	6	13446	卖盘
11:13:30	22.42	--	9	20178	买盘
11:13:27	22.42	--	3	6726	买盘
11:13:24	22.42	0.01	13	29146	买盘
11:13:00	22.41	--	22	50982	买盘
11:12:54	22.41	0.01	10	22410	买盘
11:12:51	22.4	--	15	33600	卖盘
11:12:48	22.4	-0.01	4	8960	卖盘
11:12:45	22.41	--	45	100845	买盘
11:12:42	22.41	--	12	26892	买盘
11:12:30	22.41	0.01	13	29133	买盘
11:12:24	22.4	--	3	6720	卖盘
11:12:18	22.4	--	7	15679	卖盘
11:12:09	22.4	--	10	22400	卖盘
11:12:03	22.4	--	7	15679	卖盘
11:11:54	22.4	--	27	60479	卖盘
11:11:45	22.4	--	1	2240	卖盘
11:11:39	22.4	-0.01	2	4480	卖盘
11:11:36	22.41	0.01	1	2241	买盘
11:11:18	22.4	--	5	11200	卖盘
11:10:33	22.4	-0.01	3	6720	卖盘
11:10:18	22.41	0.01	15	33615	买盘
11:10:09	22.4	-0.01	5	11200	卖盘
11:09:51	22.41	--	14	31374	卖盘
11:09:48	22.41	-0.01	2	4482	卖盘
11:09:00	22.42	0.01	100	224200	买盘
11:08:54	22.41	-0.01	80	179280	卖盘
11:08:51	22.42	0.01	102	228684	买盘
11:08:45	22.41	--	1	2241	卖盘
11:08:42	22.41	0.01	1	2241	买盘
11:08:36	22.4	--	2	4480	卖盘
11:08:24	22.4	-0.02	31	69440	卖盘
11:07:54	22.42	0.02	30	67260	买盘
11:07:51	22.4	--	1	2240	卖盘
11:07:21	22.4	--	5	11200	卖盘
11:07:12	22.4	-0.02	4	8960	卖盘
11:07:03	22.42	0.01	32	71744	买盘
11:07:00	22.41	0.01	9	20169	买盘
11:06:51	22.4	-0.01	5	11200	卖盘
11:06:39	22.41	--	4	8964	卖盘
11:05:54	22.41	--	8	17928	买盘
11:05:51	22.41	--	13	29133	中性盘
11:05:48	22.41	--	16	35856	买盘
11:05:39	22.41	0.02	10	22410	买盘
11:05:24	22.39	--	3	6717	卖盘
11:05:15	22.39	0.01	105	236214	买盘
11:05:12	22.38	-0.01	50	111900	卖盘
11:05:09	22.39	--	8	17912	买盘
11:05:06	22.39	--	10	22390	买盘
11:05:03	22.39	--	5	11195	买盘
11:04:30	22.39	--	2	4478	买盘
11:04:15	22.39	0.01	8	17912	买盘
11:03:54	22.38	--	3	6714	卖盘
11:03:45	22.38	--	40	89520	卖盘
11:03:39	22.38	-0.01	2	4476	卖盘
11:03:33	22.39	--	7	15673	买盘
11:03:21	22.39	--	1	2239	买盘
11:02:57	22.39	--	10	22390	买盘
11:02:54	22.39	--	2	4478	买盘
11:02:51	22.39	0.01	4	8956	买盘
11:02:30	22.38	--	6	13428	卖盘
11:02:24	22.38	-0.01	20	44760	卖盘
11:02:21	22.39	--	10	22390	买盘
11:02:03	22.39	-0.01	23	52616	卖盘
11:02:00	22.4	--	6	13440	卖盘
11:01:54	22.4	0.01	1	2240	卖盘
11:01:45	22.39	-0.01	50	111950	卖盘
11:01:42	22.4	--	0	1120	买盘
11:01:36	22.4	--	5	11200	买盘
11:01:09	22.4	--	1	3360	卖盘
11:00:06	22.4	-0.01	18	41440	中性盘
10:59:57	22.41	0.01	50	112050	买盘
10:59:54	22.4	--	9	20160	卖盘
10:59:51	22.4	--	18	40320	卖盘
10:59:42	22.4	--	20	44800	卖盘
10:59:36	22.4	--	5	11200	卖盘
10:59:30	22.4	-0.01	6	13440	卖盘
10:59:27	22.41	0.01	8	17928	买盘
10:59:24	22.4	-0.01	2	4480	卖盘
10:58:54	22.41	--	20	44820	买盘
10:58:42	22.41	--	13	29133	买盘
10:58:33	22.41	0.01	2	4482	中性盘
10:58:15	22.4	-0.01	52	116479	卖盘
10:58:12	22.41	0.01	3	6723	买盘
10:58:09	22.4	-0.02	10	22400	卖盘
10:57:45	22.42	0.02	22	49324	买盘
10:57:42	22.4	-0.02	20	44800	卖盘
10:57:33	22.42	0.01	2	4484	买盘
10:57:21	22.41	0.02	5	11205	中性盘
10:57:09	22.39	-0.03	20	44780	卖盘
10:56:57	22.42	--	20	44840	买盘
10:56:51	22.42	--	16	35872	买盘
10:56:30	22.42	--	13	29146	买盘
10:56:24	22.42	--	79	177118	买盘
10:56:15	22.42	--	13	29146	买盘
10:56:09	22.42	--	2	4484	买盘
10:55:54	22.42	0.01	13	29146	买盘
10:55:51	22.41	--	25	56025	卖盘
10:55:42	22.41	--	5	11205	卖盘
10:55:36	22.41	--	22	49302	买盘
10:55:03	22.41	0.04	5	11205	买盘
10:54:45	22.37	-0.03	21	46977	卖盘
10:54:36	22.4	0.03	5	11200	买盘
10:54:21	22.37	-0.03	86	192382	卖盘
10:54:18	22.4	--	20	44800	买盘
10:54:15	22.4	--	5	11200	买盘
10:53:54	22.4	--	5	11200	买盘
10:53:27	22.4	-0.01	1	2240	中性盘
10:53:12	22.41	0.01	4	8964	买盘
10:52:48	22.4	--	22	50400	卖盘
10:52:39	22.4	--	3	7839	买盘
10:52:24	22.4	--	2	5600	卖盘
10:52:15	22.4	--	5	12320	买盘
10:52:03	22.4	--	5	11200	买盘
10:52:00	22.4	--	10	22400	买盘
10:51:51	22.4	--	17	38080	买盘
10:51:42	22.4	--	17	38080	买盘
10:51:21	22.4	--	17	38080	买盘
10:51:18	22.4	--	13	29119	买盘
10:51:09	22.4	--	2	4480	买盘
10:51:00	22.4	0.01	13	29119	买盘
10:50:36	22.39	0.01	10	22390	买盘
10:50:33	22.38	0.01	3	6714	中性盘
10:50:00	22.37	--	5	11185	卖盘
10:48:27	22.37	--	76	170012	买盘
10:48:09	22.37	--	18	40266	买盘
10:48:03	22.37	--	10	22370	买盘
10:48:00	22.37	-0.03	28	62636	卖盘
10:47:45	22.4	0.03	5	11200	买盘
10:47:33	22.37	--	5	11185	卖盘
10:47:06	22.37	--	10	22370	卖盘
10:46:09	22.37	--	8	19014	买盘
10:46:06	22.37	--	5	11185	买盘
10:45:39	22.37	--	6	14540	卖盘
10:45:27	22.37	--	4	10066	买盘
10:45:18	22.37	-0.03	3	6711	卖盘
10:44:21	22.4	-0.02	10	22400	卖盘
10:43:12	22.42	-0.01	217	486514	卖盘
10:43:03	22.43	-0.01	34	76262	卖盘
10:43:00	22.44	0.01	25	56100	买盘
10:42:48	22.43	--	3	6729	卖盘
10:42:30	22.43	--	5	11215	卖盘
10:42:27	22.43	0.01	35	78505	买盘
10:42:24	22.42	-0.01	53	118826	卖盘
10:42:21	22.43	--	44	98692	买盘
10:42:09	22.43	--	2	4486	买盘
10:42:00	22.43	--	1	2243	买盘
10:41:48	22.43	--	12	26916	买盘
10:41:36	22.43	--	20	44860	买盘
10:41:12	22.43	0.01	1	2243	买盘
10:41:00	22.42	--	44	98648	买盘
10:40:54	22.42	0.01	6	13452	买盘
10:40:42	22.41	0.03	4	8964	中性盘
10:40:00	22.38	--	1	2238	买盘
10:39:54	22.38	--	132	295416	卖盘
10:39:39	22.38	--	5	11190	卖盘
10:39:12	22.38	--	47	105186	买盘
10:38:51	22.38	--	11	24618	买盘
10:38:42	22.38	-0.04	2	4476	卖盘
10:37:54	22.42	0.06	8	17936	买盘
10:37:42	22.36	-0.04	65	145340	卖盘
10:37:06	22.4	0.04	31	69440	买盘
10:35:36	22.36	--	1	2236	卖盘
10:35:21	22.36	--	53	118508	买盘
10:35:12	22.36	--	1	2236	买盘
10:34:54	22.36	-0.01	9	20124	卖盘
10:34:48	22.37	0.01	2	4474	买盘
10:34:42	22.36	--	100	223600	卖盘
10:34:21	22.36	-0.01	2	4472	卖盘
10:34:00	22.37	--	4	8948	买盘
10:33:30	22.37	0.02	8	17896	中性盘
10:32:39	22.35	--	5	11175	卖盘
10:32:12	22.35	--	3	6705	买盘
10:31:54	22.35	--	3	6705	买盘
10:31:51	22.35	-0.05	4	8940	中性盘
10:31:27	22.4	0.01	17	38080	买盘
10:31:06	22.39	0.04	9	20151	买盘
10:31:03	22.35	-0.04	25	55875	卖盘
10:30:45	22.39	--	4	8956	买盘
10:30:03	22.39	-0.04	1	2239	中性盘
10:28:45	22.43	0.09	9	20187	买盘
10:28:42	22.34	--	21	46914	卖盘
10:28:21	22.34	-0.09	150	335100	卖盘
10:28:09	22.43	-0.01	1	2243	卖盘
10:28:06	22.44	--	30	67320	买盘
10:27:51	22.44	--	84	188496	买盘
10:27:33	22.44	0.05	89	199716	买盘
10:27:24	22.39	-0.04	19	42541	卖盘
10:27:15	22.43	-0.01	3	6729	卖盘
10:27:03	22.44	--	3	7854	卖盘
10:26:57	22.44	--	60	134640	卖盘
10:26:51	22.44	--	3	6732	卖盘
10:26:48	22.44	0.01	67	151470	买盘
10:26:45	22.43	--	50	112150	买盘
10:26:36	22.43	--	4	8972	买盘
10:26:33	22.43	--	9	20187	卖盘
10:26:30	22.43	--	56	125608	卖盘
10:26:27	22.43	-0.01	3	6729	卖盘
10:26:24	22.44	--	72	161568	买盘
10:26:18	22.44	--	18	40392	买盘
10:26:12	22.44	-0.01	19	42636	卖盘
10:26:06	22.45	0.02	37	83065	买盘
10:26:03	22.43	--	5	11215	卖盘
10:26:00	22.43	-0.01	11	24673	中性盘
10:25:54	22.44	0.01	10	22440	买盘
10:25:51	22.43	--	98	219814	买盘
10:25:33	22.43	-0.01	2	4486	中性盘
10:25:09	22.44	0.03	9	20196	买盘
10:25:03	22.41	0.01	2	4482	买盘
10:25:00	22.4	--	25	56000	卖盘
10:24:39	22.4	--	2	4480	卖盘
10:24:30	22.4	--	86	193804	买盘
10:24:12	22.4	0.03	25	56000	买盘
10:24:09	22.37	-0.03	3	6711	卖盘
10:24:03	22.4	0.02	300	672000	买盘
10:23:57	22.38	--	10	22380	买盘
10:23:33	22.38	0.01	4	8952	买盘
10:23:21	22.37	0.03	29	64873	买盘
10:22:27	22.34	--	20	44680	卖盘
10:22:06	22.34	--	20	44680	买盘
10:21:54	22.34	-0.03	30	67020	卖盘
10:21:33	22.37	0.03	7	15659	买盘
10:21:30	22.34	--	60	134040	卖盘
10:21:15	22.34	-0.02	19	42446	卖盘
10:20:57	22.36	--	9	20124	买盘
10:20:45	22.36	0.03	5	11180	买盘
10:20:30	22.33	0.01	2	4466	中性盘
10:19:54	22.32	-0.04	50	111600	卖盘
10:19:45	22.36	0.01	12	26832	买盘
10:19:36	22.35	--	16	35760	买盘
10:19:12	22.35	0.03	7	15645	买盘
10:19:06	22.32	-0.03	30	66960	卖盘
10:19:00	22.35	--	12	26820	买盘
10:18:33	22.35	0.01	12	26820	买盘
10:18:24	22.34	-0.01	1	2234	中性盘
10:17:57	22.35	0.04	12	26820	买盘
10:17:54	22.31	-0.01	5	11155	卖盘
10:17:42	22.32	-0.01	1	2232	卖盘
10:17:24	22.33	0.01	12	26795	买盘
10:17:21	22.32	0.01	20	44640	买盘
10:16:51	22.31	--	29	64698	买盘
10:16:42	22.31	--	3	6693	买盘
10:16:24	22.31	--	3	6693	买盘
10:15:39	22.31	--	4	8924	卖盘
10:15:33	22.31	0.01	6	13386	买盘
10:15:27	22.3	--	10	22300	卖盘
10:15:06	22.3	--	3	6690	卖盘
10:14:57	22.3	-0.01	1	2230	卖盘
10:14:54	22.31	--	2	4462	买盘
10:14:45	22.31	0.01	2	4462	买盘
10:14:36	22.3	--	4	8920	卖盘
10:14:27	22.3	--	3	6690	卖盘
10:14:24	22.3	--	5	12265	买盘
10:14:18	22.3	--	11	24530	买盘
10:14:12	22.3	--	5	11150	买盘
10:14:03	22.3	-0.01	3	7805	卖盘
10:14:00	22.31	--	1	2231	买盘
10:13:57	22.31	0.01	3	6693	买盘
10:12:57	22.3	--	1	3345	买盘
10:12:54	22.3	0.01	8	17840	买盘
10:12:36	22.29	-0.01	5	11145	中性盘
10:12:03	22.3	--	1	2230	买盘
10:11:57	22.3	--	2	4460	买盘
10:11:45	22.3	0.02	2	4460	买盘
10:11:42	22.28	--	18	41218	卖盘
10:11:39	22.28	-0.01	1	2228	卖盘
10:11:33	22.29	0.01	2	4458	中性盘
10:11:09	22.28	--	37	82436	卖盘
10:11:03	22.28	--	25	55700	卖盘
10:11:00	22.28	--	5	11140	卖盘
10:10:51	22.28	--	35	77980	卖盘
10:10:09	22.28	-0.02	306	681768	卖盘
10:10:03	22.3	0.01	3	6690	买盘
10:09:06	22.29	--	1	3343	买盘
10:09:03	22.29	--	2	5572	卖盘
10:09:00	22.29	--	4	10030	买盘
10:08:27	22.29	-0.01	13	28977	卖盘
10:08:21	22.3	0.01	21	46830	买盘
10:08:15	22.29	--	20	44580	卖盘
10:07:51	22.29	-0.01	34	75786	卖盘
10:07:45	22.3	--	1	2230	买盘
10:07:42	22.3	0.01	1	2230	买盘
10:07:21	22.29	-0.01	1	2229	卖盘
10:07:18	22.3	0.01	11	24530	买盘
10:07:00	22.29	--	3	6687	卖盘
10:06:57	22.29	--	16	35664	卖盘
10:06:27	22.29	--	66	147114	买盘
10:06:24	22.29	0.01	14	31206	买盘
10:06:12	22.28	--	50	111400	卖盘
10:06:09	22.28	--	6	13368	卖盘
10:06:00	22.28	--	7	15596	卖盘
10:05:51	22.28	--	30	66840	卖盘
10:05:42	22.28	-0.01	41	91348	卖盘
10:05:39	22.29	--	1	2229	卖盘
10:05:33	22.29	--	5	11145	卖盘
10:05:27	22.29	--	1	2229	卖盘
10:05:24	22.29	--	6	13374	卖盘
10:05:21	22.29	-0.01	40	89160	卖盘
10:05:18	22.3	0.01	5	11150	买盘
10:05:15	22.29	-0.01	9	20061	卖盘
10:05:06	22.3	--	1	2230	卖盘
10:05:00	22.3	--	43	95890	卖盘
10:04:54	22.3	--	30	66900	卖盘
10:04:48	22.3	--	10	22300	卖盘
10:04:36	22.3	-0.01	4	8920	卖盘
10:04:24	22.31	-0.01	8	17848	卖盘
10:04:12	22.32	--	13	29016	卖盘
10:04:09	22.32	--	2	4464	卖盘
10:04:03	22.32	--	1	2232	卖盘
10:03:57	22.32	--	1	2232	卖盘
10:03:54	22.32	0.01	2	4464	中性盘
10:03:51	22.31	--	2	4462	卖盘
10:03:15	22.31	--	3	6693	卖盘
10:02:48	22.31	-0.03	48	107088	卖盘
10:02:30	22.34	--	6	13404	买盘
10:02:24	22.34	-0.01	5	11728	卖盘
10:02:15	22.35	0.01	50	111750	买盘
10:02:03	22.34	--	2	4468	卖盘
10:01:54	22.34	--	1	2234	卖盘
10:01:45	22.34	-0.01	10	22340	卖盘
10:01:33	22.35	0.01	1	2235	买盘
10:01:24	22.34	--	4	8936	卖盘
10:01:09	22.34	--	0	1675	卖盘
10:01:06	22.34	0.03	61	136274	买盘
10:00:57	22.31	0.01	13	29003	买盘
10:00:42	22.3	-0.01	29	64670	卖盘
10:00:39	22.31	0.01	18	40158	买盘
10:00:33	22.3	--	2	4460	卖盘
10:00:27	22.3	--	14	31220	卖盘
10:00:21	22.3	--	9	20070	卖盘
10:00:12	22.3	-0.01	19	42370	卖盘
10:00:00	22.31	--	6	13386	卖盘
09:59:18	22.31	--	19	42389	卖盘
09:58:54	22.31	--	10	22310	卖盘
09:58:48	22.31	--	2	4462	卖盘
09:58:33	22.31	-0.01	3	6693	卖盘
09:58:21	22.32	0.01	2	4464	买盘
09:58:18	22.31	-0.02	11	24541	中性盘
09:57:57	22.33	0.03	9	20097	买盘
09:57:51	22.3	-0.03	2	4460	卖盘
09:57:36	22.33	--	53	118348	卖盘
09:57:30	22.33	--	6	13397	卖盘
09:57:18	22.33	-0.01	30	66990	卖盘
09:57:06	22.34	--	14	31276	买盘
09:55:57	22.34	--	15	33510	卖盘
09:55:48	22.34	-0.01	5	11170	中性盘
09:55:36	22.35	0.02	13	29055	买盘
09:55:24	22.33	--	5	11165	卖盘
09:55:15	22.33	-0.02	5	11165	卖盘
09:55:09	22.35	--	15	33525	买盘
09:55:06	22.35	--	8	17880	买盘
09:54:57	22.35	--	9	20115	卖盘
09:54:09	22.35	-0.01	20	44700	卖盘
09:54:06	22.36	--	5	11180	买盘
09:54:00	22.36	--	10	22360	买盘
09:53:51	22.36	--	2	4472	卖盘
09:53:48	22.36	-0.02	2	4472	卖盘
09:53:45	22.38	0.02	6	13428	买盘
09:53:18	22.36	--	9	20124	卖盘
09:53:06	22.36	-0.03	18	40248	卖盘
09:53:03	22.39	--	5	11195	买盘
09:52:54	22.39	0.03	100	223900	买盘
09:52:51	22.36	0.01	4	8944	中性盘
09:52:42	22.35	--	18	40230	卖盘
09:52:33	22.35	--	8	17880	卖盘
09:52:12	22.35	--	30	67050	卖盘
09:52:00	22.35	--	10	22350	卖盘
09:51:57	22.35	--	15	33525	卖盘
09:51:54	22.35	--	10	22350	卖盘
09:51:51	22.35	-0.04	2	4470	卖盘
09:51:48	22.39	0.04	77	172403	买盘
09:51:42	22.35	-0.03	8	17880	卖盘
09:51:33	22.38	0.02	50	111900	买盘
09:51:18	22.36	--	1	3868	卖盘
09:51:15	22.36	--	5	11180	卖盘
09:51:12	22.36	--	20	44720	卖盘
09:51:00	22.36	-0.01	90	201240	卖盘
09:50:54	22.37	0.01	5	11185	卖盘
09:50:45	22.36	-0.02	20	44720	卖盘
09:50:42	22.38	0.02	22	49236	买盘
09:50:30	22.36	-0.02	6	13416	卖盘
09:50:00	22.38	-0.01	8	17904	中性盘
09:49:33	22.39	--	1	2239	买盘
09:49:24	22.39	0.01	100	223900	买盘
09:49:18	22.38	0.01	134	299892	买盘
09:49:09	22.37	0.01	6	13422	买盘
09:49:06	22.36	-0.01	9	20124	卖盘
09:48:57	22.37	0.01	40	89480	买盘
09:48:54	22.36	-0.01	0	603	卖盘
09:48:39	22.37	--	10	22370	买盘
09:48:30	22.37	0.01	3	6711	中性盘
09:48:00	22.36	-0.02	1	2236	中性盘
09:47:45	22.38	0.02	100	223800	买盘
09:46:48	22.36	--	15	33540	卖盘
09:46:36	22.36	--	13	29068	卖盘
09:46:27	22.36	--	2	4472	卖盘
09:46:21	22.36	--	4	8944	卖盘
09:45:42	22.36	-0.01	27	60372	卖盘
09:45:30	22.37	--	1	2237	卖盘
09:45:27	22.37	-0.01	3	6711	卖盘
09:45:24	22.38	--	9	20142	买盘
09:45:15	22.38	--	26	58188	卖盘
09:45:09	22.38	-0.01	13	29094	卖盘
09:44:45	22.39	0.01	28	62692	买盘
09:44:39	22.38	--	7	15666	卖盘
09:44:36	22.38	--	12	26856	卖盘
09:44:33	22.38	0.01	26	58188	买盘
09:44:27	22.37	--	5	11185	卖盘
09:44:21	22.37	--	27	60399	卖盘
09:44:03	22.37	--	3	6711	卖盘
09:43:57	22.37	--	5	11185	卖盘
09:43:51	22.37	--	1	2237	卖盘
09:43:48	22.37	--	15	33555	买盘
09:43:45	22.37	--	37	82769	买盘
09:43:39	22.37	--	1	2237	买盘
09:43:36	22.37	--	3	6711	买盘
09:43:27	22.37	0.01	14	31318	买盘
09:43:24	22.36	--	6	13416	卖盘
09:43:21	22.36	--	1	2236	卖盘
09:43:15	22.36	0.03	51	114036	买盘
09:43:06	22.33	-0.03	2	4466	卖盘
09:42:48	22.36	0.03	35	78260	买盘
09:42:45	22.33	0.01	10	22330	买盘
09:42:33	22.32	-0.01	10	22320	卖盘
09:42:18	22.33	--	9	20097	卖盘
09:42:06	22.33	0.01	1	2233	中性盘
09:42:00	22.32	--	3	6696	卖盘
09:41:51	22.32	--	1	2232	卖盘
09:41:42	22.32	--	1	2232	卖盘
09:41:36	22.32	--	4	8928	卖盘
09:41:30	22.32	--	1	2232	卖盘
09:41:27	22.32	-0.05	26	58032	卖盘
09:41:15	22.37	0.05	50	111850	买盘
09:40:51	22.32	-0.05	1	2232	卖盘
09:40:36	22.37	--	43	97824	卖盘
09:40:33	22.37	--	9	20133	卖盘
09:40:30	22.37	-0.01	38	85006	卖盘
09:40:12	22.38	--	7	15666	买盘
09:40:09	22.38	--	6	13428	卖盘
09:40:06	22.38	--	7	15666	买盘
09:40:00	22.38	-0.01	3	6714	卖盘
09:39:57	22.39	0.02	1	2239	买盘
09:39:54	22.37	-0.01	13	29081	卖盘
09:39:51	22.38	0.01	23	52078	买盘
09:39:48	22.37	-0.01	1	2237	卖盘
09:39:45	22.38	--	10	22380	买盘
09:39:39	22.38	0.01	10	22380	买盘
09:39:33	22.37	--	6	13422	卖盘
09:39:27	22.37	--	10	22370	卖盘
09:39:24	22.37	--	26	58162	买盘
09:39:18	22.37	0.05	1	2237	买盘
09:39:15	22.32	--	5	11160	卖盘
09:39:09	22.32	--	2	5022	卖盘
09:39:00	22.32	-0.06	2	4464	卖盘
09:38:33	22.38	0.06	50	111900	买盘
09:38:27	22.32	-0.06	10	22320	中性盘
09:38:00	22.38	0.06	100	223800	买盘
09:37:39	22.32	--	37	82584	买盘
09:37:36	22.32	-0.03	15	33480	卖盘
09:37:33	22.35	-0.01	41	91635	中性盘
09:37:21	22.36	--	74	165464	买盘
09:37:18	22.36	0.01	25	55900	买盘
09:37:09	22.35	--	3	6705	卖盘
09:37:06	22.35	--	5	11175	卖盘
09:37:00	22.35	--	2	4470	买盘
09:36:57	22.35	0.02	3	6705	买盘
09:36:48	22.33	--	24	53591	卖盘
09:36:45	22.33	--	1	2233	卖盘
09:36:36	22.33	-0.03	10	22330	卖盘
09:36:33	22.36	0.01	20	44720	买盘
09:36:30	22.35	--	24	53640	卖盘
09:36:27	22.35	--	13	29055	卖盘
09:36:24	22.35	0.02	40	89400	买盘
09:36:18	22.33	-0.01	10	22330	卖盘
09:36:15	22.34	--	13	29042	卖盘
09:36:12	22.34	--	5	11170	卖盘
09:36:06	22.34	0.01	27	60318	买盘
09:36:00	22.33	0.01	3	6698	卖盘
09:35:54	22.32	-0.01	2	4464	卖盘
09:35:48	22.33	0.01	28	62523	买盘
09:35:42	22.32	0.02	26	58032	买盘
09:35:39	22.3	0.03	8	17840	中性盘
09:35:27	22.27	-0.05	12	26724	中性盘
09:35:21	22.32	0.02	25	55800	买盘
09:35:18	22.3	0.04	30	66900	买盘
09:35:03	22.26	--	10	22260	卖盘
09:34:57	22.26	-0.02	25	55650	中性盘
09:34:48	22.28	0.01	11	24508	买盘
09:34:42	22.27	--	8	17816	买盘
09:34:27	22.27	0.07	5	11135	中性盘
09:34:21	22.2	-0.08	3	6660	卖盘
09:34:03	22.28	0.08	5	11140	买盘
09:33:36	22.2	-0.12	1	2220	中性盘
09:33:03	22.32	0.1	12	26784	买盘
09:32:48	22.22	-0.1	3	6666	卖盘
09:32:42	22.32	-0.01	19	42408	卖盘
09:32:39	22.33	0.01	2	4466	买盘
09:32:36	22.32	--	7	15624	卖盘
09:32:24	22.32	0.1	74	165168	买盘
09:32:06	22.22	-0.04	3	6666	卖盘
09:32:00	22.26	0.04	5	11130	买盘
09:31:57	22.22	0.08	94	208868	买盘
09:31:45	22.14	--	5	11070	买盘
09:31:42	22.14	-0.01	18	39852	卖盘
09:31:36	22.15	--	3	6645	买盘
09:31:27	22.15	0.01	10	22150	买盘
09:31:06	22.14	--	37	81918	买盘
09:30:48	22.14	0.02	16	35424	中性盘
09:30:18	22.12	-0.03	1	2212	中性盘
09:30:09	22.15	-0.01	1	2215	买盘
09:30:03	22.16	0.05	26	57616	买盘
09:30:00	22.11	--	0	0	买盘
09:25:03	22.11	22.11	15	33165	买盘
