成交时间	成交价	价格变动	成交量(手)	成交额(元)	性质
15:00:03	15.98	0.02	1024	1637902	买盘
14:57:00	15.96	-0.01	5	7980	卖盘
14:56:51	15.97	--	3	4791	买盘
14:56:45	15.97	-0.02	76	121419	卖盘
14:56:42	15.99	0.01	24	38376	买盘
14:56:36	15.98	--	5	7990	卖盘
14:56:33	15.98	--	6	9588	卖盘
14:56:30	15.98	--	2	3196	买盘
14:56:27	15.98	0.01	37	59126	买盘
14:56:18	15.97	--	3	4791	卖盘
14:56:15	15.97	-0.01	7	11179	卖盘
14:56:12	15.98	--	23	36754	买盘
14:56:06	15.98	--	4	6392	买盘
14:56:03	15.98	0.01	3	4794	买盘
14:56:00	15.97	-0.01	20	31940	卖盘
14:55:51	15.98	0.01	6	9588	买盘
14:55:48	15.97	-0.01	2	3194	卖盘
14:55:39	15.98	0.01	1	1598	买盘
14:55:36	15.97	-0.01	50	79850	卖盘
14:55:33	15.98	0.01	1	1598	买盘
14:55:30	15.97	--	13	20761	卖盘
14:55:27	15.97	--	2	4743	买盘
14:55:24	15.97	0.01	13	20761	买盘
14:55:18	15.96	-0.01	202	322392	卖盘
14:55:15	15.97	--	4	6388	买盘
14:55:09	15.97	--	3	4791	买盘
14:55:06	15.97	--	9	14420	卖盘
14:55:00	15.97	--	2	3194	卖盘
14:54:48	15.97	0.01	89	143682	买盘
14:54:45	15.96	-0.01	27	43092	卖盘
14:54:42	15.97	--	1	1597	买盘
14:54:39	15.97	--	2	3194	买盘
14:54:33	15.97	--	1	1597	买盘
14:54:30	15.97	--	28	44763	卖盘
14:54:21	15.97	0.01	502	803243	买盘
14:54:18	15.96	--	3	4788	卖盘
14:54:15	15.96	-0.01	15	23940	卖盘
14:54:12	15.97	--	11	17567	买盘
14:54:09	15.97	--	1	1597	买盘
14:54:06	15.97	--	18	28746	买盘
14:54:00	15.97	--	1	1597	买盘
14:53:54	15.97	-0.03	867	1384646	卖盘
14:53:51	16.0	-0.01	25	40000	卖盘
14:53:48	16.01	0.01	3	4803	买盘
14:53:45	16.0	--	3	4800	卖盘
14:53:42	16.0	--	7	11200	卖盘
14:53:30	16.0	--	20	32000	卖盘
14:53:27	16.0	--	72	116688	买盘
14:53:21	16.0	--	20	32000	买盘
14:53:18	16.0	--	2	3200	买盘
14:53:15	16.0	0.01	3	4800	买盘
14:53:09	15.99	--	5	7995	卖盘
14:53:03	15.99	-0.01	1	1599	卖盘
14:52:54	16.0	-0.01	60	96112	卖盘
14:52:51	16.01	0.01	1	1601	买盘
14:52:48	16.0	--	3	4800	卖盘
14:52:45	16.0	--	8	12800	卖盘
14:52:39	16.0	--	15	24000	卖盘
14:52:33	16.0	-0.01	35	56000	卖盘
14:52:30	16.01	0.01	2	3202	买盘
14:52:27	16.0	--	6	9600	卖盘
14:52:24	16.0	--	2	4688	买盘
14:52:21	16.0	--	16	25712	卖盘
14:52:18	16.0	--	5	9488	买盘
14:52:15	16.0	--	14	22400	买盘
14:52:12	16.0	--	1	1600	买盘
14:52:03	16.0	-0.02	14	22512	卖盘
14:52:00	16.02	--	5	8010	买盘
14:51:57	16.02	0.01	35	57559	买盘
14:51:54	16.01	0.01	15	24015	买盘
14:51:51	16.0	-0.01	11	17600	卖盘
14:51:48	16.01	--	4	6404	买盘
14:51:45	16.01	--	29	46429	买盘
14:51:42	16.01	--	5	8005	买盘
14:51:39	16.01	--	8	12808	买盘
14:51:36	16.01	--	6	9718	卖盘
14:51:33	16.01	-0.01	7	12695	卖盘
14:51:30	16.02	0.01	28	44856	买盘
14:51:27	16.01	--	24	38424	卖盘
14:51:24	16.01	--	5	8005	卖盘
14:51:21	16.01	0.01	86	137686	买盘
14:51:18	16.0	--	14	22400	买盘
14:51:15	16.0	--	2	3200	买盘
14:51:12	16.0	--	1	1600	买盘
14:51:09	16.0	--	7	11200	买盘
14:51:06	16.0	-0.01	43	68800	卖盘
14:51:03	16.01	--	8	12808	买盘
14:51:00	16.01	--	23	36823	买盘
14:50:57	16.01	--	14	22414	买盘
14:50:54	16.01	--	8	12808	买盘
14:50:45	16.01	0.01	17	27217	买盘
14:50:42	16.0	-0.02	11	17600	卖盘
14:50:27	16.02	--	22	35244	买盘
14:50:24	16.02	--	7	11214	买盘
14:50:21	16.02	--	9	14418	买盘
14:50:18	16.02	0.02	19	30438	买盘
14:50:15	16.0	0.01	1	1600	买盘
14:50:12	15.99	-0.01	6	9594	卖盘
14:50:06	16.0	--	2	3200	卖盘
14:50:03	16.0	0.01	2	3200	中性盘
14:49:57	15.99	-0.03	2	3198	卖盘
14:49:54	16.02	0.01	22	35244	买盘
14:49:51	16.01	-0.01	4	6404	中性盘
14:49:48	16.02	--	1	1602	买盘
14:49:45	16.02	--	1	1602	买盘
14:49:42	16.02	0.04	30	48060	买盘
14:49:39	15.98	-0.04	2	3196	卖盘
14:49:33	16.02	0.04	27	43254	买盘
14:49:30	15.98	-0.04	38	60724	卖盘
14:49:21	16.02	0.04	26	41652	买盘
14:49:18	15.98	--	10	15980	卖盘
14:49:06	15.98	-0.04	3	4794	卖盘
14:49:00	16.02	0.01	103	165006	买盘
14:48:57	16.01	0.01	12	19212	买盘
14:48:54	16.0	-0.01	78	124800	卖盘
14:48:51	16.01	-0.01	5	8005	中性盘
14:48:48	16.02	--	17	27234	买盘
14:48:45	16.02	0.02	21	33642	买盘
14:48:42	16.0	-0.01	10	16000	卖盘
14:48:39	16.01	--	4	6404	买盘
14:48:36	16.01	--	14	22414	买盘
14:48:33	16.01	0.01	18	28818	买盘
14:48:30	16.0	-0.01	2	3200	卖盘
14:48:27	16.01	--	2	3202	买盘
14:48:21	16.01	-0.01	35	56035	卖盘
14:48:18	16.02	--	26	41652	买盘
14:48:15	16.02	--	15	24030	买盘
14:48:09	16.02	--	1	1602	买盘
14:48:06	16.02	--	6	9612	买盘
14:48:03	16.02	--	52	83304	买盘
14:48:00	16.02	--	65	104130	买盘
14:47:57	16.02	--	21	33642	买盘
14:47:54	16.02	--	28	44856	买盘
14:47:42	16.02	--	11	17622	买盘
14:47:36	16.02	--	1	1602	买盘
14:47:33	16.02	0.01	53	84906	买盘
14:47:30	16.01	-0.01	3	4803	卖盘
14:47:18	16.02	-0.02	105	168210	卖盘
14:47:15	16.04	0.01	119	190876	买盘
14:47:12	16.03	--	24	38472	卖盘
14:47:09	16.03	-0.01	20	32060	卖盘
14:47:06	16.04	--	19	30476	买盘
14:47:03	16.04	0.01	11	17644	买盘
14:47:00	16.03	--	6	9618	卖盘
14:46:57	16.03	-0.01	20	32060	卖盘
14:46:51	16.04	--	10	16040	买盘
14:46:48	16.04	--	63	101052	买盘
14:46:42	16.04	0.01	17	27268	买盘
14:46:39	16.03	-0.01	60	96180	卖盘
14:46:33	16.04	--	3	4812	买盘
14:46:30	16.04	--	30	48120	买盘
14:46:27	16.04	--	1	1604	买盘
14:46:21	16.04	--	1	1604	买盘
14:46:18	16.04	0.01	40	64160	买盘
14:46:15	16.03	-0.01	11	17633	卖盘
14:45:57	16.04	0.01	1	1604	买盘
14:45:54	16.03	--	5	8015	卖盘
14:45:48	16.03	-0.01	22	35266	卖盘
14:45:45	16.04	0.01	3	4812	买盘
14:45:42	16.03	0.02	14	22442	买盘
14:45:39	16.01	-0.02	80	128080	卖盘
14:45:36	16.03	0.02	1	1603	买盘
14:45:33	16.01	-0.02	3	4803	卖盘
14:45:24	16.03	--	8	12824	买盘
14:45:21	16.03	0.01	31	49693	买盘
14:45:18	16.02	-0.01	2	3204	中性盘
14:45:00	16.03	0.01	21	33663	买盘
14:44:57	16.02	--	20	32040	买盘
14:44:48	16.02	-0.01	40	64080	卖盘
14:44:45	16.03	-0.01	91	145873	卖盘
14:44:36	16.04	--	3	4812	买盘
14:44:33	16.04	0.02	8	12832	买盘
14:44:30	16.02	-0.02	15	24030	中性盘
14:44:21	16.04	0.02	85	136340	买盘
14:44:18	16.02	--	40	64080	买盘
14:43:45	16.02	-0.01	2	3204	卖盘
14:43:42	16.03	0.01	14	22442	买盘
14:43:39	16.02	--	1	1602	卖盘
14:43:30	16.02	-0.01	5	8010	卖盘
14:43:24	16.03	--	53	84959	买盘
14:43:21	16.03	--	3	4809	买盘
14:43:00	16.03	--	50	80150	买盘
14:42:57	16.03	0.01	27	43281	买盘
14:42:54	16.02	-0.01	3	4806	卖盘
14:42:51	16.03	--	109	174727	卖盘
14:42:48	16.03	-0.01	32	51296	卖盘
14:42:45	16.04	0.01	8	12832	买盘
14:42:42	16.03	-0.01	20	32060	卖盘
14:42:39	16.04	0.01	3	4812	买盘
14:42:36	16.03	-0.01	50	80150	卖盘
14:42:33	16.04	0.01	2	3208	买盘
14:42:30	16.03	-0.01	73	117019	卖盘
14:42:27	16.04	--	19	30476	买盘
14:42:24	16.04	--	2	3208	买盘
14:42:21	16.04	0.01	26	41704	买盘
14:42:18	16.03	-0.01	6	9618	卖盘
14:42:12	16.04	--	9	14436	买盘
14:42:09	16.04	0.01	19	30476	买盘
14:42:06	16.03	-0.01	34	54502	卖盘
14:42:03	16.04	--	29	46516	买盘
14:42:00	16.04	--	6	9624	买盘
14:41:54	16.04	0.01	8	12832	买盘
14:41:51	16.03	--	6	9618	买盘
14:41:42	16.03	--	7	11221	买盘
14:41:39	16.03	--	2	3206	买盘
14:41:36	16.03	--	2	3206	买盘
14:41:30	16.03	0.01	49	78547	买盘
14:41:27	16.02	-0.02	4	6408	卖盘
14:41:06	16.04	--	32	51328	买盘
14:41:03	16.04	0.02	17	27268	买盘
14:41:00	16.02	--	5	8010	中性盘
14:40:45	16.02	-0.02	3	4806	中性盘
14:40:42	16.04	--	7	11228	买盘
14:40:39	16.04	0.04	303	486012	买盘
14:40:36	16.0	-0.02	54	86400	卖盘
14:40:15	16.02	--	19	30438	买盘
14:40:12	16.02	0.01	53	84906	买盘
14:40:09	16.01	0.01	6	9606	中性盘
14:40:00	16.0	--	8	12800	买盘
14:39:57	16.0	-0.02	12	19200	卖盘
14:39:48	16.02	--	1	1602	买盘
14:39:45	16.02	--	1	1602	买盘
14:39:42	16.02	0.03	1	1602	买盘
14:39:36	15.99	-0.03	1	1599	卖盘
14:39:33	16.02	--	17	27234	买盘
14:39:30	16.02	0.02	37	59274	买盘
14:39:27	16.0	--	5	8000	买盘
14:39:09	16.0	--	36	57600	买盘
14:39:06	16.0	--	8	12800	买盘
14:39:03	16.0	--	41	65600	卖盘
14:38:54	16.0	-0.02	5	8000	卖盘
14:38:45	16.02	-0.01	1	1602	卖盘
14:38:42	16.03	0.03	8	12824	买盘
14:38:39	16.0	-0.02	28	44800	卖盘
14:38:36	16.02	0.02	10	16020	买盘
14:38:33	16.0	--	12	19200	买盘
14:38:30	16.0	--	10	16000	买盘
14:38:27	16.0	-0.03	57	91200	卖盘
14:38:24	16.03	0.03	19	30457	买盘
14:38:21	16.0	-0.03	5	8000	卖盘
14:38:12	16.03	0.03	38	60914	买盘
14:38:09	16.0	-0.01	21	33600	卖盘
14:37:54	16.01	0.01	4	6404	买盘
14:37:51	16.0	--	66	105600	卖盘
14:37:48	16.0	-0.01	4	6400	卖盘
14:37:33	16.01	--	4	6404	买盘
14:37:30	16.01	0.02	3	4803	买盘
14:37:24	15.99	-0.01	32	51168	卖盘
14:37:21	16.0	--	12	19200	买盘
14:37:18	16.0	--	3	4800	买盘
14:37:15	16.0	--	55	88000	买盘
14:37:12	16.0	--	11	17600	买盘
14:37:09	16.0	--	8	12800	买盘
14:37:03	16.0	--	1	1600	买盘
14:37:00	16.0	--	30	48000	买盘
14:36:57	16.0	--	103	164800	买盘
14:36:30	16.0	--	5	8000	卖盘
14:36:27	16.0	-0.01	30	48000	卖盘
14:36:24	16.01	0.01	81	129681	买盘
14:36:21	16.0	--	10	16000	买盘
14:36:18	16.0	--	28	44800	买盘
14:36:15	16.0	--	55	88000	买盘
14:36:12	16.0	--	2	3200	买盘
14:36:09	16.0	--	1	1600	买盘
14:36:06	16.0	--	6	9600	买盘
14:35:57	16.0	--	8	12800	买盘
14:35:54	16.0	--	2	3200	买盘
14:35:51	16.0	--	18	28800	买盘
14:35:48	16.0	-0.01	23	36800	卖盘
14:35:39	16.01	--	3	4803	买盘
14:35:36	16.01	-0.04	4	6404	卖盘
14:35:33	16.05	--	3	4815	买盘
14:35:30	16.05	0.01	24	38520	买盘
14:35:27	16.04	-0.01	10	16040	中性盘
14:35:21	16.05	0.02	38	60990	买盘
14:35:18	16.03	-0.01	18	28854	卖盘
14:35:06	16.04	--	1	1604	买盘
14:35:03	16.04	0.02	30	48120	买盘
14:35:00	16.02	-0.02	19	30438	中性盘
14:34:57	16.04	0.01	18	28872	买盘
14:34:54	16.03	--	13	20839	买盘
14:34:51	16.03	--	3	4809	买盘
14:34:48	16.03	0.03	3	4809	买盘
14:34:45	16.0	-0.03	13	20800	卖盘
14:34:42	16.03	--	34	54502	买盘
14:34:39	16.03	--	20	32060	买盘
14:34:36	16.03	0.01	13	20839	买盘
14:34:33	16.02	-0.01	3	4806	卖盘
14:34:30	16.03	--	22	35266	买盘
14:34:27	16.03	--	8	12824	买盘
14:34:24	16.03	0.03	31	49693	买盘
14:34:21	16.0	-0.03	50	80000	卖盘
14:34:15	16.03	--	4	6412	买盘
14:34:12	16.03	--	8	12824	买盘
14:34:09	16.03	0.03	10	16030	买盘
14:34:06	16.0	--	30	48000	买盘
14:34:03	16.0	--	130	208000	买盘
14:34:00	16.0	0.01	2	3200	买盘
14:33:57	15.99	-0.01	12	19188	卖盘
14:33:54	16.0	0.01	1	1600	买盘
14:33:51	15.99	0.01	60	95940	买盘
14:33:48	15.98	-0.01	61	97478	卖盘
14:33:45	15.99	--	1	1599	买盘
14:33:42	15.99	--	1	1599	买盘
14:33:36	15.99	-0.01	19	30381	卖盘
14:33:33	16.0	0.01	31	49600	中性盘
14:33:30	15.99	-0.01	43	68757	中性盘
14:33:27	16.0	0.01	19	30400	买盘
14:33:21	15.99	-0.01	16	25584	卖盘
14:33:18	16.0	--	10	16000	买盘
14:33:12	16.0	--	18	28800	买盘
14:33:09	16.0	0.03	2	3200	买盘
14:33:06	15.97	--	53	84641	卖盘
14:32:57	15.97	--	21	33552	卖盘
14:32:54	15.97	0.02	17	27196	买盘
14:32:51	15.95	-0.02	100	159500	卖盘
14:32:48	15.97	--	2	3194	买盘
14:32:45	15.97	-0.03	3	4870	卖盘
14:32:42	16.0	0.04	10	16000	买盘
14:32:39	15.96	--	20	31920	卖盘
14:32:36	15.96	-0.01	180	288796	卖盘
14:32:33	15.97	-0.03	1	1597	买盘
14:32:30	16.0	0.03	36	57600	买盘
14:32:27	15.97	-0.03	47	75059	卖盘
14:32:24	16.0	--	2	3200	买盘
14:32:21	16.0	0.02	24	38400	买盘
14:32:18	15.98	--	1	1598	买盘
14:32:15	15.98	-0.02	32	51136	卖盘
14:32:12	16.0	-0.01	169	270400	卖盘
14:32:06	16.01	-0.01	6	9606	卖盘
14:32:03	16.02	--	29	46458	买盘
14:32:00	16.02	--	11	19127	卖盘
14:31:54	16.02	-0.01	67	107334	卖盘
14:31:51	16.03	--	9	14427	买盘
14:31:48	16.03	0.01	16	25648	买盘
14:31:45	16.02	-0.01	48	77296	卖盘
14:31:39	16.03	--	34	54502	买盘
14:31:36	16.03	--	1	1603	买盘
14:31:33	16.03	--	31	49693	买盘
14:31:30	16.03	--	19	30457	买盘
14:31:27	16.03	--	14	22442	买盘
14:31:24	16.03	0.01	4	6412	买盘
14:31:21	16.02	--	5	8010	卖盘
14:31:15	16.02	--	30	48060	卖盘
14:31:12	16.02	-0.01	10	16020	卖盘
14:31:09	16.03	0.01	3	4809	买盘
14:31:06	16.02	--	24	38448	卖盘
14:30:57	16.02	-0.02	351	562302	卖盘
14:30:54	16.04	0.01	14	22456	买盘
14:30:51	16.03	-0.01	10	16030	卖盘
14:30:48	16.04	0.01	11	17644	买盘
14:30:45	16.03	-0.01	7	11221	卖盘
14:30:42	16.04	--	81	129924	买盘
14:30:39	16.04	--	6	9624	买盘
14:30:24	16.04	--	5	8020	卖盘
14:30:21	16.04	--	3	4812	卖盘
14:30:18	16.04	--	51	81804	卖盘
14:30:15	16.04	--	1	1604	卖盘
14:30:06	16.04	-0.01	10	16040	卖盘
14:30:03	16.05	0.01	5	8025	买盘
14:30:00	16.04	--	23	36892	卖盘
14:29:57	16.04	--	34	54536	卖盘
14:29:54	16.04	0.01	1	1604	中性盘
14:29:48	16.03	-0.03	68	109004	卖盘
14:29:45	16.06	--	1	1605	买盘
14:29:42	16.06	--	7	11242	买盘
14:29:39	16.06	0.01	80	128479	买盘
14:29:36	16.05	0.01	1	1605	中性盘
14:29:27	16.04	--	14	22456	卖盘
14:29:21	16.04	-0.02	4	6416	卖盘
14:29:18	16.06	0.02	2	3211	买盘
14:29:15	16.04	--	2	3208	卖盘
14:29:09	16.04	-0.02	14	22456	卖盘
14:29:06	16.06	--	8	12847	买盘
14:29:03	16.06	0.02	9	14453	买盘
14:29:00	16.04	--	8	12832	卖盘
14:28:48	16.04	--	13	20852	卖盘
14:28:45	16.04	-0.02	4	6416	卖盘
14:28:42	16.06	--	20	32119	买盘
14:28:39	16.06	0.02	50	80300	买盘
14:28:36	16.04	-0.01	22	35288	卖盘
14:28:12	16.05	-0.01	16	25680	卖盘
14:28:09	16.06	0.01	4	6423	买盘
14:28:06	16.05	--	8	12840	买盘
14:28:03	16.05	--	3	4815	买盘
14:28:00	16.05	-0.01	1	1605	卖盘
14:27:57	16.06	0.01	16	25695	买盘
14:27:54	16.05	-0.01	10	16050	卖盘
14:27:45	16.06	--	19	30513	买盘
14:27:42	16.06	0.01	79	126873	买盘
14:27:39	16.05	0.01	1	1605	中性盘
14:27:24	16.04	-0.02	0	208	卖盘
14:27:18	16.06	--	11	17666	买盘
14:27:15	16.06	--	8	12847	买盘
14:27:12	16.06	--	2	3211	买盘
14:27:09	16.06	--	1	1605	买盘
14:27:00	16.06	--	1	1605	买盘
14:26:57	16.06	--	1	1605	买盘
14:26:54	16.06	0.01	130	208779	买盘
14:26:51	16.05	--	4	6420	中性盘
14:26:48	16.05	--	19	30495	买盘
14:26:45	16.05	-0.01	29	46545	卖盘
14:26:42	16.06	--	21	33726	买盘
14:26:39	16.06	--	15	24089	买盘
14:26:33	16.06	--	3	4818	买盘
14:26:30	16.06	--	6	9636	买盘
14:26:27	16.06	0.01	17	27301	买盘
14:26:24	16.05	-0.01	3	4815	卖盘
14:26:15	16.06	--	2	3211	买盘
14:26:12	16.06	--	11	17666	买盘
14:25:54	16.06	--	1	1605	买盘
14:25:51	16.06	--	37	59421	买盘
14:25:48	16.06	--	43	70374	买盘
14:25:45	16.06	--	4	6423	买盘
14:25:33	16.06	--	13	20878	买盘
14:25:30	16.06	0.01	8	12847	买盘
14:25:27	16.05	-0.01	10	16050	卖盘
14:25:24	16.06	0.01	65	104679	买盘
14:25:21	16.05	0.01	1	1605	买盘
14:25:18	16.04	--	5	8020	卖盘
14:25:09	16.04	0.01	25	40100	卖盘
14:25:06	16.03	--	5	8015	卖盘
14:25:03	16.03	-0.02	29	46487	卖盘
14:25:00	16.05	--	12	19260	买盘
14:24:57	16.05	-0.01	25	41088	卖盘
14:24:54	16.06	0.02	78	125910	买盘
14:24:51	16.04	--	31	49724	买盘
14:24:48	16.04	-0.02	79	127678	卖盘
14:24:42	16.06	--	21	34625	买盘
14:24:39	16.06	0.02	18	28907	买盘
14:24:36	16.04	-0.02	7	11228	卖盘
14:24:27	16.06	--	36	58024	卖盘
14:24:21	16.06	--	13	20878	卖盘
14:24:18	16.06	-0.01	2	3211	卖盘
14:24:15	16.07	0.01	4	6428	买盘
14:24:12	16.06	-0.01	44	71820	卖盘
14:24:06	16.07	0.01	18	28926	买盘
14:24:03	16.06	--	13	20878	卖盘
14:24:00	16.06	-0.01	8	12847	卖盘
14:23:57	16.07	--	91	146478	买盘
14:23:54	16.07	--	1	1607	买盘
14:23:45	16.07	0.01	37	59459	买盘
14:23:42	16.06	-0.01	64	103362	中性盘
14:23:30	16.07	0.03	3	4821	买盘
14:23:27	16.04	-0.03	49	79991	卖盘
14:23:24	16.07	0.01	100	160700	买盘
14:23:21	16.06	0.01	100	160600	买盘
14:23:18	16.05	--	10	16050	买盘
14:23:15	16.05	--	22	35310	买盘
14:23:12	16.05	-0.01	1	1605	卖盘
14:22:57	16.06	--	34	55583	买盘
14:22:54	16.06	0.02	36	57815	买盘
14:22:51	16.04	--	8	12832	买盘
14:22:45	16.04	0.01	12	19248	买盘
14:22:42	16.03	--	17	28068	卖盘
14:22:27	16.03	-0.01	23	37141	卖盘
14:22:24	16.04	-0.01	4	6416	买盘
14:22:21	16.05	-0.01	8	12840	中性盘
14:22:15	16.06	0.01	20	32119	买盘
14:22:12	16.05	--	24	39852	卖盘
14:22:06	16.05	-0.01	3	4815	卖盘
14:22:00	16.06	0.01	82	131692	买盘
14:21:57	16.05	-0.01	4	7142	卖盘
14:21:51	16.06	0.01	18	28907	买盘
14:21:48	16.05	--	2	3210	卖盘
14:21:45	16.05	--	5	8025	卖盘
14:21:39	16.05	--	1	1605	卖盘
14:21:36	16.05	-0.01	10	16050	卖盘
14:21:30	16.06	--	1	1605	买盘
14:21:27	16.06	--	2	3211	买盘
14:21:24	16.06	0.01	18	28907	买盘
14:21:21	16.05	-0.01	0	802	卖盘
14:21:15	16.06	--	3	4818	买盘
14:21:12	16.06	--	1	1605	买盘
14:21:06	16.06	--	74	118843	买盘
14:21:03	16.06	--	2	3211	买盘
14:20:42	16.06	0.01	1	1605	买盘
14:20:39	16.05	-0.01	25	40125	卖盘
14:20:33	16.06	0.01	21	33726	买盘
14:20:30	16.05	-0.01	15	24075	卖盘
14:20:21	16.06	--	1	1605	买盘
14:20:18	16.06	0.01	10	16059	买盘
14:20:12	16.05	-0.01	2	3210	卖盘
14:20:09	16.06	--	15	24089	买盘
14:20:06	16.06	0.01	3	4818	买盘
14:20:03	16.05	--	1	1605	卖盘
14:20:00	16.05	-0.01	58	93090	卖盘
14:19:57	16.06	--	10	16059	买盘
14:19:54	16.06	--	81	130439	买盘
14:19:42	16.06	0.01	23	36938	买盘
14:19:39	16.05	--	1	1605	卖盘
14:19:27	16.05	--	3	4815	买盘
14:19:24	16.05	-0.01	1	1605	卖盘
14:19:18	16.06	--	9	14453	买盘
14:19:15	16.06	--	44	70664	买盘
14:19:09	16.06	0.03	1	1605	买盘
14:19:06	16.03	-0.03	24	38472	卖盘
14:19:03	16.06	0.02	55	88330	买盘
14:19:00	16.04	--	17	27268	买盘
14:18:57	16.04	0.01	3	4812	买盘
14:18:54	16.03	-0.02	2	3206	卖盘
14:18:48	16.05	--	9	14445	买盘
14:18:45	16.05	0.01	11	17655	买盘
14:18:42	16.04	--	1	1604	买盘
14:18:27	16.04	--	51	81804	卖盘
14:18:24	16.04	-0.01	21	33684	卖盘
14:18:21	16.05	0.01	64	102720	买盘
14:18:18	16.04	-0.01	2	3208	卖盘
14:17:54	16.05	--	13	20865	买盘
14:17:51	16.05	--	20	32100	买盘
14:17:45	16.05	--	20	32100	买盘
14:17:42	16.05	--	32	51360	买盘
14:17:39	16.05	--	31	49755	买盘
14:17:36	16.05	--	10	16050	买盘
14:17:33	16.05	--	11	17655	买盘
14:17:30	16.05	--	10	16050	买盘
14:17:27	16.05	--	3	4815	买盘
14:17:24	16.05	--	1	1605	买盘
14:17:21	16.05	--	6	9630	买盘
14:17:15	16.05	--	5	8025	买盘
14:17:12	16.05	--	1	1605	买盘
14:17:09	16.05	--	8	12840	买盘
14:17:06	16.05	0.01	57	91485	买盘
14:17:03	16.04	--	5	8020	买盘
14:16:51	16.04	--	1	1604	买盘
14:16:48	16.04	--	9	14436	买盘
14:16:45	16.04	0.02	18	28872	买盘
14:16:42	16.02	-0.02	2	3204	卖盘
14:16:15	16.04	--	8	12832	买盘
14:16:12	16.04	--	9	14436	买盘
14:16:09	16.04	0.02	57	91428	买盘
14:16:06	16.02	0.01	1	1602	买盘
14:16:03	16.01	-0.01	52	83252	卖盘
14:15:57	16.02	--	9	14418	买盘
14:15:54	16.02	0.01	13	20826	买盘
14:15:51	16.01	-0.01	20	32020	卖盘
14:15:42	16.02	--	3	4806	买盘
14:15:39	16.02	--	1	1602	买盘
14:15:21	16.02	--	71	113742	买盘
14:15:18	16.02	-0.01	6	9612	卖盘
14:15:03	16.03	--	10	16030	买盘
14:15:00	16.03	--	8	12824	买盘
14:14:57	16.03	--	4	6412	买盘
14:14:54	16.03	--	3	4809	买盘
14:14:42	16.03	--	2	3206	买盘
14:14:24	16.03	0.01	17	27251	买盘
14:14:21	16.02	-0.01	1	1602	卖盘
14:14:15	16.03	--	1	1603	买盘
14:14:12	16.03	0.01	84	134652	买盘
14:14:09	16.02	--	50	80100	卖盘
14:13:54	16.02	--	1	1602	卖盘
14:13:51	16.02	--	145	232290	买盘
14:13:45	16.02	--	2	3204	买盘
14:13:42	16.02	0.01	8	12816	买盘
14:13:39	16.01	-0.01	7	11207	卖盘
14:13:30	16.02	--	1	1602	买盘
14:13:27	16.02	--	49	78498	买盘
14:13:24	16.02	0.01	3	4806	买盘
14:13:21	16.01	-0.01	4	6404	卖盘
14:13:15	16.02	0.01	69	110538	买盘
14:13:12	16.01	--	2	3202	买盘
14:13:00	16.01	--	6	9606	买盘
14:12:57	16.01	--	12	19212	买盘
14:12:51	16.01	0.01	1	1601	买盘
14:12:48	16.0	-0.01	1	1600	卖盘
14:12:42	16.01	--	1	1601	买盘
14:12:39	16.01	--	6	9606	买盘
14:12:36	16.01	--	19	30419	买盘
14:12:33	16.01	-0.01	2	3202	卖盘
14:12:21	16.02	--	9	14418	买盘
14:12:18	16.02	--	11	17622	买盘
14:12:15	16.02	0.01	49	78498	买盘
14:12:12	16.01	--	1	1601	买盘
14:12:06	16.01	-0.01	5	8005	中性盘
14:12:03	16.02	0.01	12	19224	买盘
14:12:00	16.01	-0.01	25	40025	卖盘
14:11:45	16.02	--	48	76896	买盘
14:11:42	16.02	--	19	30438	买盘
14:11:39	16.02	--	2	3204	买盘
14:11:27	16.02	0.01	53	84906	买盘
14:11:24	16.01	-0.01	1	1601	卖盘
14:11:18	16.02	--	50	80100	买盘
14:11:15	16.02	--	33	52866	买盘
14:11:12	16.02	--	1	1602	买盘
14:11:00	16.02	--	10	16020	买盘
14:10:54	16.02	--	1	1602	买盘
14:10:51	16.02	-0.01	3	4806	买盘
14:10:39	16.03	0.03	37	59311	买盘
14:10:36	16.0	-0.02	30	48000	卖盘
14:10:21	16.02	0.02	52	83304	买盘
14:10:18	16.0	0.01	4	6400	买盘
14:10:15	15.99	-0.01	10	15990	卖盘
14:10:12	16.0	0.01	10	16000	买盘
14:10:09	15.99	-0.01	10	15990	卖盘
14:10:06	16.0	--	7	11200	买盘
14:10:03	16.0	--	51	81600	买盘
14:09:54	16.0	--	1	1600	买盘
14:09:51	16.0	--	1	1600	买盘
14:09:48	16.0	0.02	9	14400	买盘
14:09:45	15.98	-0.02	17	27166	卖盘
14:09:42	16.0	-0.01	34	54400	卖盘
14:09:39	16.01	--	81	129681	买盘
14:09:36	16.01	0.01	1	1601	买盘
14:09:27	16.0	-0.01	5	8000	卖盘
14:09:24	16.01	--	47	75247	买盘
14:09:21	16.01	-0.01	1	1601	卖盘
14:09:15	16.02	--	2	3204	买盘
14:09:12	16.02	-0.01	4	6408	中性盘
14:08:54	16.03	--	8	12824	买盘
14:08:51	16.03	--	12	19236	买盘
14:08:48	16.03	0.01	17	27251	买盘
14:08:45	16.02	--	36	57672	买盘
14:08:42	16.02	--	1	1602	买盘
14:08:39	16.02	--	1	1602	买盘
14:08:36	16.02	0.02	1	1602	买盘
14:08:33	16.0	-0.02	13	20800	卖盘
14:08:27	16.02	0.02	59	94518	买盘
14:08:24	16.0	-0.02	5	8000	卖盘
14:08:18	16.02	0.02	5	8010	买盘
14:08:15	16.0	-0.02	6	9600	卖盘
14:08:12	16.02	--	1	1602	买盘
14:08:00	16.02	--	45	72090	买盘
14:07:57	16.02	--	10	16020	买盘
14:07:36	16.02	--	11	17622	买盘
14:07:33	16.02	--	1	1602	买盘
14:07:30	16.02	--	56	89712	卖盘
14:07:27	16.02	--	28	44856	买盘
14:07:12	16.02	--	1	1602	买盘
14:07:06	16.02	0.04	30	48060	买盘
14:07:03	15.98	--	1	1598	卖盘
14:06:54	15.98	-0.05	209	335372	卖盘
14:06:51	16.03	-0.01	1	1603	中性盘
14:06:39	16.04	--	3	4812	买盘
14:06:36	16.04	--	3	4812	买盘
14:06:30	16.04	0.02	47	75388	买盘
14:06:27	16.02	0.01	1	1602	买盘
14:06:24	16.01	-0.01	6	9606	卖盘
14:06:18	16.02	--	10	16020	买盘
14:06:12	16.02	-0.01	18	28836	卖盘
14:06:09	16.03	--	1	1603	买盘
14:06:06	16.03	0.01	19	30457	买盘
14:06:03	16.02	--	12	19224	买盘
14:06:00	16.02	--	48	76896	买盘
14:05:57	16.02	--	1	1602	买盘
14:05:54	16.02	0.01	85	136170	买盘
14:05:51	16.01	--	23	36823	买盘
14:05:42	16.01	--	1	1601	买盘
14:05:36	16.01	-0.01	4	6404	中性盘
14:05:33	16.02	0.01	50	80100	买盘
14:05:30	16.01	0.01	15	24015	买盘
14:05:24	16.0	-0.01	1	1600	卖盘
14:05:21	16.01	0.01	3	4803	中性盘
14:05:18	16.0	-0.02	10	16000	卖盘
14:05:15	16.02	--	18	28836	买盘
14:05:12	16.02	0.01	132	211464	买盘
14:05:09	16.01	-0.01	12	19212	卖盘
14:05:06	16.02	0.01	5	8010	买盘
14:05:03	16.01	--	12	19212	卖盘
14:04:54	16.01	--	2	3442	买盘
14:04:51	16.01	--	1	1601	买盘
14:04:48	16.01	--	3	4803	买盘
14:04:39	16.01	0.01	1	1601	买盘
14:04:36	16.0	0.02	52	83200	买盘
14:04:33	15.98	-0.02	5	7990	卖盘
14:04:24	16.0	--	19	30400	买盘
14:04:21	16.0	--	28	44800	买盘
14:04:18	16.0	0.02	12	20688	买盘
14:04:15	15.98	--	2	3196	买盘
14:04:06	15.98	-0.02	2	3307	卖盘
14:03:54	16.0	--	1	1600	买盘
14:03:42	16.0	--	1	1600	买盘
14:03:39	16.0	0.02	1	1600	中性盘
14:03:36	15.98	0.03	7	12672	买盘
14:03:33	15.95	-0.02	377	601426	卖盘
14:03:30	15.97	--	0	1261	卖盘
14:03:24	15.97	-0.01	56	89432	中性盘
14:03:21	15.98	--	101	161398	买盘
14:03:12	15.98	--	48	76704	卖盘
14:03:09	15.98	--	6	9588	卖盘
14:03:06	15.98	0.01	48	76704	买盘
14:03:03	15.97	-0.01	153	244341	卖盘
14:02:51	15.98	0.01	5	7990	卖盘
14:02:48	15.97	-0.05	103	164491	卖盘
14:02:45	16.02	--	8	12816	买盘
14:02:42	16.02	--	10	16020	买盘
14:02:39	16.02	--	17	27234	买盘
14:02:36	16.02	0.02	131	209862	买盘
14:02:33	16.0	--	5	8000	卖盘
14:02:21	16.0	0.02	56	89600	买盘
14:02:18	15.98	-0.02	22	35156	中性盘
14:02:15	16.0	0.04	80	128000	买盘
14:02:12	15.96	-0.03	390	622440	卖盘
14:02:09	15.99	--	1	1599	买盘
14:02:06	15.99	--	1	1599	买盘
14:02:03	15.99	--	4	6396	买盘
14:02:00	15.99	--	50	79950	卖盘
14:01:51	15.99	0.04	158	252642	买盘
14:01:48	15.95	-0.04	200	319000	卖盘
14:01:45	15.99	--	26	41574	买盘
14:01:42	15.99	--	10	15990	买盘
14:01:39	15.99	-0.01	15	23985	卖盘
14:01:36	16.0	0.01	137	219200	买盘
14:01:33	15.99	--	25	39975	买盘
14:01:27	15.99	0.02	8	12792	卖盘
14:01:24	15.97	-0.03	200	319400	卖盘
14:01:21	16.0	--	77	124240	买盘
14:01:18	16.0	--	1	1600	买盘
14:01:15	16.0	--	33	52800	买盘
14:01:12	16.0	-0.04	735	1176704	卖盘
14:01:09	16.04	--	37	59348	买盘
14:01:06	16.04	0.02	4	6416	买盘
14:01:03	16.02	-0.06	200	320400	卖盘
14:00:54	16.08	0.04	35	56279	买盘
14:00:51	16.04	--	1	1604	卖盘
14:00:42	16.04	-0.04	13	20852	卖盘
14:00:39	16.08	--	19	30551	买盘
14:00:36	16.08	0.01	80	128639	买盘
14:00:33	16.07	0.04	36	57852	买盘
14:00:30	16.03	-0.04	52	83356	卖盘
14:00:21	16.07	0.03	30	48210	中性盘
14:00:18	16.04	-0.01	51	81804	卖盘
14:00:15	16.05	--	51	81855	卖盘
14:00:06	16.05	-0.03	148	237540	卖盘
14:00:00	16.08	0.01	89	143111	买盘
13:59:57	16.07	--	6	9642	买盘
13:59:24	16.07	0.01	15	24105	买盘
13:59:21	16.06	--	2	3211	卖盘
13:59:18	16.06	-0.01	7	11242	卖盘
13:59:06	16.07	--	9	14463	买盘
13:59:03	16.07	-0.01	9	14463	中性盘
13:59:00	16.08	--	4	6431	买盘
13:58:57	16.08	--	17	28558	买盘
13:58:54	16.08	0.02	9	14471	买盘
13:58:51	16.06	--	1	1605	卖盘
13:58:42	16.06	-0.02	6	9636	卖盘
13:58:39	16.08	0.02	70	112559	买盘
13:58:36	16.06	-0.01	16	25695	卖盘
13:58:27	16.07	0.01	2	3214	买盘
13:58:24	16.06	-0.01	7	11242	卖盘
13:58:15	16.07	--	12	19284	买盘
13:58:12	16.07	--	30	48210	买盘
13:58:09	16.07	--	6	9642	买盘
13:58:03	16.07	--	8	12856	买盘
13:58:00	16.07	--	9	14463	买盘
13:57:57	16.07	-0.01	3	4821	中性盘
13:57:39	16.08	0.01	48	77183	买盘
13:57:36	16.07	-0.01	4	6428	中性盘
13:57:30	16.08	--	3	4823	买盘
13:57:27	16.08	--	1	1607	买盘
13:57:24	16.08	0.01	16	25727	买盘
13:57:21	16.07	-0.01	2	3214	卖盘
13:57:18	16.08	0.01	22	35375	买盘
13:57:15	16.07	-0.01	5	8035	卖盘
13:57:12	16.08	--	10	16079	买盘
13:57:09	16.08	--	3	4823	买盘
13:56:57	16.08	0.01	13	20903	买盘
13:56:54	16.07	--	2	3214	卖盘
13:56:51	16.07	-0.01	8	12856	卖盘
13:56:42	16.08	0.01	87	139895	买盘
13:56:39	16.07	-0.01	1	1607	卖盘
13:56:30	16.08	0.01	20	32159	买盘
13:56:27	16.07	-0.01	7	11249	卖盘
13:56:18	16.08	0.01	4	6431	买盘
13:56:15	16.07	--	2	3214	卖盘
13:56:09	16.07	-0.01	28	44996	卖盘
13:56:06	16.08	0.01	12	19295	买盘
13:56:03	16.07	--	1	1607	卖盘
13:56:00	16.07	-0.01	100	160700	卖盘
13:55:57	16.08	--	3	4823	买盘
13:55:54	16.08	0.01	2	3215	买盘
13:55:51	16.07	-0.01	10	16070	卖盘
13:55:48	16.08	0.01	60	96479	买盘
13:55:45	16.07	-0.01	1	1607	卖盘
13:55:36	16.08	--	18	28943	买盘
13:55:33	16.08	--	3	4823	买盘
13:55:24	16.08	--	1	1607	买盘
13:55:21	16.08	--	246	395567	买盘
13:55:15	16.08	0.01	47	75575	买盘
13:55:12	16.07	-0.01	2	3214	中性盘
13:54:54	16.08	--	3	4823	买盘
13:54:48	16.08	--	1	1607	买盘
13:54:45	16.08	--	63	101303	买盘
13:54:42	16.08	--	19	30551	买盘
13:54:39	16.08	--	10	16079	买盘
13:54:36	16.08	0.02	3	4823	买盘
13:54:33	16.06	-0.02	3	4818	卖盘
13:54:18	16.08	--	1	1607	买盘
13:54:15	16.08	0.01	67	107735	买盘
13:54:12	16.07	-0.01	4	6428	中性盘
13:53:51	16.08	--	9	14471	买盘
13:53:48	16.08	0.02	63	101303	买盘
13:53:45	16.06	-0.01	30	48179	卖盘
13:53:36	16.07	0.01	1	1607	买盘
13:53:33	16.06	-0.01	61	97965	卖盘
13:53:27	16.07	-0.01	13	20891	卖盘
13:53:21	16.08	--	16	25727	买盘
13:53:18	16.08	0.01	1	1607	买盘
13:53:15	16.07	0.01	38	61066	买盘
13:53:03	16.06	--	1	1605	卖盘
13:53:00	16.06	-0.02	22	35332	卖盘
13:52:57	16.08	--	12	19295	买盘
13:52:54	16.08	0.01	19	30551	买盘
13:52:51	16.07	-0.01	8	12856	卖盘
13:52:48	16.08	0.01	51	82007	买盘
13:52:45	16.07	--	4	6428	卖盘
13:52:39	16.07	-0.01	17	27319	卖盘
13:52:36	16.08	--	1	1607	买盘
13:52:33	16.08	--	16	25727	买盘
13:52:30	16.08	--	14	22511	买盘
13:52:09	16.08	--	3	4823	买盘
13:52:06	16.08	0.01	9	14471	买盘
13:52:03	16.07	--	19	30533	卖盘
13:52:00	16.07	-0.01	16	25712	卖盘
13:51:57	16.08	0.01	54	86831	买盘
13:51:54	16.07	-0.01	1	1607	卖盘
13:51:36	16.08	--	21	33768	买盘
13:51:33	16.08	--	3	4823	买盘
13:51:15	16.08	--	15	24119	买盘
13:51:12	16.08	--	10	16079	买盘
13:51:09	16.08	--	10	16079	买盘
13:51:06	16.08	--	1	1607	买盘
13:51:03	16.08	--	50	80399	买盘
13:50:48	16.08	0.01	47	75575	买盘
13:50:45	16.07	--	11	17677	买盘
13:50:42	16.07	0.01	3	4821	买盘
13:50:39	16.06	-0.02	2	3211	卖盘
13:50:33	16.08	0.02	9	14471	买盘
13:50:30	16.06	-0.01	2	3211	卖盘
13:50:27	16.07	0.01	22	35354	买盘
13:50:24	16.06	-0.01	18	28907	卖盘
13:50:21	16.07	--	21	33747	买盘
13:50:18	16.07	--	5	8035	买盘
13:49:57	16.07	0.01	178	286046	买盘
13:49:54	16.06	-0.01	44	70664	卖盘
13:49:39	16.07	0.01	13	20891	买盘
13:49:36	16.06	--	191	306746	买盘
13:49:21	16.06	--	32	51391	卖盘
13:49:18	16.06	-0.01	11	17666	买盘
13:49:15	16.07	0.02	4	6428	买盘
13:49:12	16.05	-0.02	20	32100	卖盘
13:49:03	16.07	--	17	27319	买盘
13:49:00	16.07	--	5	8035	买盘
13:48:57	16.07	--	11	17677	买盘
13:48:54	16.07	--	1	1607	买盘
13:48:51	16.07	0.01	48	77136	买盘
13:48:48	16.06	--	13	20878	买盘
13:48:45	16.06	0.01	1	1605	买盘
13:48:42	16.05	-0.01	6	9630	卖盘
13:48:33	16.06	-0.01	4	6423	买盘
13:48:30	16.07	0.01	22	35354	买盘
13:48:27	16.06	--	46	73876	买盘
13:48:15	16.06	-0.01	19	30513	卖盘
13:48:12	16.07	--	193	310151	买盘
13:48:09	16.07	--	17	27319	买盘
13:48:06	16.07	--	1	1607	买盘
13:48:03	16.07	--	8	12856	买盘
13:48:00	16.07	--	59	94813	买盘
13:47:57	16.07	--	5	8035	买盘
13:47:39	16.07	--	14	22498	买盘
13:47:36	16.07	--	53	85171	买盘
13:47:27	16.07	--	9	14463	买盘
13:47:24	16.07	0.02	17	27319	买盘
13:47:21	16.05	--	84	136104	卖盘
13:47:15	16.05	-0.02	7	11235	卖盘
13:47:12	16.07	--	30	48210	买盘
13:47:09	16.07	--	16	25712	买盘
13:46:54	16.07	0.02	70	112490	买盘
13:46:51	16.05	--	5	8025	卖盘
13:46:48	16.05	-0.02	1	1605	卖盘
13:46:39	16.07	0.02	23	36961	买盘
13:46:36	16.05	--	86	138030	买盘
13:46:21	16.05	0.01	8	12840	买盘
13:46:18	16.04	-0.01	3	4812	卖盘
13:46:15	16.05	--	13	20865	买盘
13:46:06	16.05	-0.02	23	36915	卖盘
13:46:03	16.07	--	60	96420	买盘
13:46:00	16.07	--	10	16070	买盘
13:45:36	16.07	0.03	51	81957	买盘
13:45:33	16.04	-0.03	69	110676	卖盘
13:45:30	16.07	0.02	12	19284	买盘
13:45:27	16.05	--	22	35310	买盘
13:45:12	16.05	--	19	30495	买盘
13:45:09	16.05	-0.01	60	97070	卖盘
13:45:03	16.06	-0.01	2	3211	卖盘
13:45:00	16.07	--	9	14463	买盘
13:44:57	16.07	0.01	51	81957	买盘
13:44:54	16.06	-0.01	10	16059	中性盘
13:44:48	16.07	0.01	19	30533	买盘
13:44:45	16.06	--	7	11242	买盘
13:44:39	16.06	0.01	15	24089	买盘
13:44:36	16.05	-0.01	105	168525	卖盘
13:44:30	16.06	--	3	4818	买盘
13:44:24	16.06	-0.01	29	46991	卖盘
13:44:21	16.07	0.01	2	3214	买盘
13:44:06	16.06	0.01	58	94336	买盘
13:44:03	16.05	-0.01	50	80250	卖盘
13:44:00	16.06	0.01	49	78694	买盘
13:43:57	16.05	--	50	80250	卖盘
13:43:51	16.05	-0.01	25	40959	卖盘
13:43:48	16.06	0.01	8	12847	买盘
13:43:45	16.05	--	66	105930	买盘
13:43:42	16.05	--	1	1605	买盘
13:43:39	16.05	0.01	15	24075	买盘
13:43:36	16.04	-0.01	3	4812	卖盘
13:43:33	16.05	0.01	5	8025	买盘
13:43:12	16.04	-0.02	18	28872	卖盘
13:43:09	16.06	--	1	1605	买盘
13:43:06	16.06	--	3	4818	买盘
13:43:03	16.06	--	48	77088	买盘
13:43:00	16.06	0.01	30	48179	买盘
13:42:57	16.05	0.01	1	1605	中性盘
13:42:24	16.04	-0.02	228	365712	卖盘
13:42:21	16.06	--	38	61027	买盘
13:42:18	16.06	0.01	18	28907	买盘
13:42:15	16.05	--	40	64200	卖盘
13:42:12	16.05	-0.01	66	105930	卖盘
13:42:06	16.06	--	47	75482	买盘
13:42:03	16.06	--	15	24089	买盘
13:42:00	16.06	--	17	27301	买盘
13:41:57	16.06	--	9	14453	买盘
13:41:54	16.06	--	6	9636	买盘
13:41:42	16.06	0.01	3	4818	买盘
13:41:39	16.05	-0.01	12	19260	卖盘
13:41:24	16.06	--	12	19272	买盘
13:41:21	16.06	0.01	32	51391	买盘
13:41:18	16.05	-0.01	4	6420	卖盘
13:41:15	16.06	--	7	11242	买盘
13:41:09	16.06	0.01	65	104389	买盘
13:41:06	16.05	0.01	19	30495	买盘
13:41:03	16.04	-0.01	5	8020	卖盘
13:41:00	16.05	--	18	28890	买盘
13:40:57	16.05	--	1	1605	买盘
13:40:54	16.05	0.01	15	24075	买盘
13:40:51	16.04	-0.01	262	420248	卖盘
13:40:48	16.05	--	3	4815	买盘
13:40:45	16.05	0.01	12	19260	买盘
13:40:36	16.04	-0.01	1	1604	卖盘
13:40:33	16.05	--	6	9630	买盘
13:40:30	16.05	--	8	12840	买盘
13:40:27	16.05	--	3	4815	买盘
13:40:24	16.05	--	29	46545	买盘
13:40:21	16.05	--	14	22470	买盘
13:40:18	16.05	--	18	28890	买盘
13:40:15	16.05	--	8	12840	买盘
13:40:12	16.05	--	48	77040	买盘
13:40:09	16.05	0.01	66	105930	买盘
13:40:06	16.04	--	20	32080	卖盘
13:39:57	16.04	-0.01	5	8020	卖盘
13:39:51	16.05	0.01	1	1605	买盘
13:39:48	16.04	--	30	48120	卖盘
13:39:42	16.04	-0.01	30	48120	卖盘
13:39:39	16.05	0.01	9	14445	买盘
13:39:36	16.04	--	10	16040	买盘
13:39:24	16.04	--	26	41704	买盘
13:39:21	16.04	-0.01	4	6416	卖盘
13:39:18	16.05	--	3	4815	买盘
13:39:15	16.05	--	48	77040	买盘
13:39:12	16.05	--	17	27285	买盘
13:39:09	16.05	0.02	25	40125	买盘
13:39:03	16.03	--	3	4809	卖盘
13:38:57	16.03	-0.02	5	8015	卖盘
13:38:48	16.05	0.02	1	1605	买盘
13:38:45	16.03	-0.02	13	20839	卖盘
13:38:42	16.05	0.02	3	4815	买盘
13:38:39	16.03	--	1	1603	卖盘
13:38:36	16.03	-0.02	13	20839	卖盘
13:38:33	16.05	0.01	23	36915	买盘
13:38:30	16.04	--	15	24060	买盘
13:38:27	16.04	-0.01	5	8020	中性盘
13:38:18	16.05	--	55	88275	买盘
13:38:15	16.05	--	2	3210	买盘
13:38:09	16.05	--	3	4815	买盘
13:38:06	16.05	0.03	1	1605	买盘
13:38:03	16.02	-0.03	52	83304	卖盘
13:37:54	16.05	--	17	27285	买盘
13:37:51	16.05	--	2	3210	买盘
13:37:45	16.05	--	5	8025	买盘
13:37:42	16.05	--	27	43335	买盘
13:37:39	16.05	--	5	8025	买盘
13:37:27	16.05	0.03	2	3210	买盘
13:37:24	16.02	--	4	6408	卖盘
13:37:21	16.02	--	160	256320	卖盘
13:37:18	16.02	-0.03	21	33642	卖盘
13:37:06	16.05	--	2	3210	买盘
13:37:03	16.05	0.03	1	1605	买盘
13:37:00	16.02	-0.03	9	14418	卖盘
13:36:57	16.05	0.03	8	12840	买盘
13:36:54	16.02	-0.03	18	28836	卖盘
13:36:51	16.05	--	29	46545	买盘
13:36:48	16.05	0.03	1	1605	买盘
13:36:36	16.02	--	1	1602	卖盘
13:36:33	16.02	-0.03	2	3204	卖盘
13:36:30	16.05	--	1	1605	买盘
13:36:27	16.05	--	1	1605	买盘
13:36:24	16.05	--	10	16050	买盘
13:36:18	16.05	--	48	77040	买盘
13:36:15	16.05	--	3	4815	买盘
13:36:12	16.05	--	18	28890	买盘
13:36:09	16.05	0.01	27	43335	买盘
13:36:03	16.04	0.02	8	12832	买盘
13:36:00	16.02	-0.03	12	19224	卖盘
13:35:57	16.05	--	1	1605	买盘
13:35:54	16.05	--	141	226305	买盘
13:35:51	16.05	--	36	57780	买盘
13:35:48	16.05	--	2	3210	买盘
13:35:30	16.05	0.03	10	16050	买盘
13:35:27	16.02	-0.03	32	51264	卖盘
13:35:24	16.05	--	3	4815	买盘
13:35:21	16.05	--	47	75435	买盘
13:35:18	16.05	0.01	2	3210	买盘
13:35:12	16.04	-0.01	4	6416	中性盘
13:35:09	16.05	0.02	28	44940	买盘
13:35:06	16.03	-0.02	32	51296	卖盘
13:34:57	16.05	0.01	46	73830	买盘
13:34:54	16.04	-0.01	1	1604	中性盘
13:34:51	16.05	--	8	12840	买盘
13:34:48	16.05	--	4	6420	买盘
13:34:45	16.05	--	39	62595	买盘
13:34:33	16.05	--	35	56175	买盘
13:34:24	16.05	--	48	77040	买盘
13:34:21	16.05	--	8	12840	买盘
13:34:18	16.05	--	9	14445	买盘
13:34:15	16.05	--	2	3210	买盘
13:34:09	16.05	--	1	1605	买盘
13:34:06	16.05	--	9	14445	买盘
13:34:03	16.05	--	9	14445	买盘
13:34:00	16.05	0.02	11	17655	买盘
13:33:57	16.03	-0.01	3	4809	卖盘
13:33:54	16.04	-0.01	4	6416	卖盘
13:33:48	16.05	--	1	1605	买盘
13:33:45	16.05	--	2	3210	买盘
13:33:27	16.05	0.03	49	78645	买盘
13:33:24	16.02	--	11	17622	卖盘
13:33:21	16.02	-0.03	36	57672	卖盘
13:33:15	16.05	--	3	4815	买盘
13:33:12	16.05	--	46	73830	买盘
13:33:09	16.05	--	27	43335	买盘
13:32:42	16.05	--	2	3210	买盘
13:32:39	16.05	--	5	8025	买盘
13:32:30	16.05	--	65	104325	买盘
13:32:27	16.05	--	3	4815	买盘
13:32:12	16.05	--	9	14445	买盘
13:32:09	16.05	--	9	14445	买盘
13:32:06	16.05	0.03	10	16050	买盘
13:32:03	16.02	--	33	52866	买盘
13:31:51	16.02	0.01	4	6408	买盘
13:31:48	16.01	-0.01	2	3202	卖盘
13:31:36	16.02	--	59	94518	买盘
13:31:33	16.02	--	41	65682	买盘
13:31:24	16.02	--	64	102528	卖盘
13:31:21	16.02	--	30	48060	卖盘
13:31:18	16.02	-0.04	25	40050	卖盘
13:31:06	16.06	--	9	14453	买盘
13:31:03	16.06	--	47	75482	买盘
13:30:57	16.06	--	13	20878	买盘
13:30:54	16.06	--	14	22484	买盘
13:30:51	16.06	--	5	8029	买盘
13:30:42	16.06	--	8	12847	买盘
13:30:39	16.06	--	10	16059	买盘
13:30:33	16.06	0.01	50	80300	买盘
13:30:30	16.05	--	1	1605	买盘
13:30:24	16.05	--	12	19260	买盘
13:30:21	16.05	--	14	22470	买盘
13:30:18	16.05	--	9	14445	买盘
13:30:15	16.05	--	14	22470	买盘
13:30:12	16.05	--	3	4815	买盘
13:30:09	16.05	0.01	4	6420	买盘
13:30:06	16.04	0.02	15	24060	买盘
13:30:00	16.02	-0.02	46	73692	卖盘
13:29:57	16.04	0.02	44	70576	买盘
13:29:54	16.02	--	2	3204	卖盘
13:29:51	16.02	-0.02	5	8010	卖盘
13:29:48	16.04	--	13	20852	买盘
13:29:45	16.04	--	3	4812	买盘
13:29:39	16.04	--	5	8020	买盘
13:29:33	16.04	0.02	47	75388	买盘
13:29:30	16.02	--	10	16020	买盘
13:29:27	16.02	0.01	23	36846	买盘
13:29:24	16.01	-0.01	3	4803	卖盘
13:29:15	16.02	--	8	12816	买盘
13:29:12	16.02	--	16	25632	买盘
13:29:09	16.02	--	26	41652	买盘
13:29:03	16.02	--	27	43254	买盘
13:29:00	16.02	--	2	3204	买盘
13:28:57	16.02	--	7	11214	买盘
13:28:54	16.02	--	11	17622	买盘
13:28:51	16.02	--	4	6408	买盘
13:28:48	16.02	--	1	1602	买盘
13:28:45	16.02	--	27	43254	买盘
13:28:42	16.02	--	15	24030	买盘
13:28:39	16.02	--	10	16020	买盘
13:28:36	16.02	--	75	120150	买盘
13:28:33	16.02	--	2	3204	买盘
13:28:27	16.02	0.01	6	9612	买盘
13:28:24	16.01	0.01	7	11207	买盘
13:28:21	16.0	--	9	14400	卖盘
13:28:18	16.0	-0.01	10	16000	卖盘
13:28:15	16.01	--	17	27217	买盘
13:28:12	16.01	0.01	52	83252	买盘
13:28:03	16.0	-0.01	8	12800	卖盘
13:28:00	16.01	0.01	8	12808	买盘
13:27:57	16.0	-0.01	22	35328	卖盘
13:27:54	16.01	-0.01	4	6404	买盘
13:27:51	16.02	0.01	67	107334	买盘
13:27:48	16.01	--	2	3202	卖盘
13:27:45	16.01	-0.01	130	209682	卖盘
13:27:42	16.02	--	17	27234	买盘
13:27:39	16.02	-0.03	47	75294	卖盘
13:27:36	16.05	0.03	59	94695	买盘
13:27:33	16.02	-0.01	15	24030	卖盘
13:27:18	16.03	-0.02	10	16030	卖盘
13:27:09	16.05	-0.01	5	8025	中性盘
13:27:06	16.06	--	26	41756	买盘
13:27:03	16.06	--	25	40150	买盘
13:26:54	16.06	0.05	36	57815	买盘
13:26:51	16.01	--	66	105666	卖盘
13:26:42	16.01	-0.01	75	120075	卖盘
13:26:39	16.02	0.01	50	80100	卖盘
13:26:36	16.01	-0.02	2	3202	卖盘
13:26:33	16.03	0.01	39	62517	买盘
13:26:30	16.02	-0.04	102	163404	卖盘
13:26:24	16.06	--	3	4818	买盘
13:26:21	16.06	0.03	1	1605	买盘
13:26:18	16.03	-0.03	88	141064	卖盘
13:26:09	16.06	--	2	3211	买盘
13:26:06	16.06	0.02	8	12847	买盘
13:26:03	16.04	-0.02	4	6416	卖盘
13:26:00	16.06	-0.01	9	14453	买盘
13:25:57	16.07	0.01	42	67494	买盘
13:25:54	16.06	--	28	44968	卖盘
13:25:51	16.06	--	100	160600	卖盘
13:25:48	16.06	--	60	96359	卖盘
13:25:45	16.06	-0.01	20	32119	卖盘
13:25:42	16.07	--	67	107669	买盘
13:25:39	16.07	0.01	8	12856	买盘
13:25:36	16.06	--	7	11242	卖盘
13:25:33	16.06	--	6	9636	卖盘
13:25:30	16.06	--	65	104389	买盘
13:25:27	16.06	0.01	11	17666	买盘
13:25:24	16.05	-0.01	6	9630	卖盘
13:25:12	16.06	--	17	27301	买盘
13:25:09	16.06	--	26	41756	买盘
13:25:06	16.06	-0.01	2	3211	中性盘
13:24:57	16.07	--	2	3214	买盘
13:24:54	16.07	0.03	5	8035	买盘
13:24:51	16.04	-0.03	11	17644	卖盘
13:24:48	16.07	--	1	1607	买盘
13:24:45	16.07	0.03	55	88385	买盘
13:24:42	16.04	--	17	27268	买盘
13:24:33	16.04	--	1	1604	买盘
13:24:30	16.04	--	10	16040	买盘
13:24:27	16.04	--	16	25664	买盘
13:24:24	16.04	--	20	32080	买盘
13:24:21	16.04	-0.03	35	56140	卖盘
13:24:18	16.07	--	9	14463	买盘
13:24:15	16.07	0.01	18	28926	买盘
13:24:12	16.06	0.02	29	46573	买盘
13:24:09	16.04	--	3	4812	买盘
13:24:06	16.04	-0.03	75	120300	卖盘
13:24:03	16.07	0.03	30	48210	买盘
13:24:00	16.04	-0.02	8	12832	卖盘
13:23:57	16.06	0.01	4	6423	中性盘
13:23:51	16.05	-0.02	3	4815	卖盘
13:23:48	16.07	0.02	47	75529	买盘
13:23:45	16.05	-0.01	3	6355	卖盘
13:23:42	16.06	0.01	24	38544	买盘
13:23:39	16.05	-0.02	10	16114	卖盘
13:23:24	16.07	0.01	70	112490	买盘
13:23:21	16.06	-0.02	200	321665	卖盘
13:23:15	16.08	--	6	9647	买盘
13:23:12	16.08	--	25	40199	买盘
13:23:09	16.08	--	31	49847	买盘
13:23:06	16.08	--	10	16079	买盘
13:23:03	16.08	--	2	3215	买盘
13:22:54	16.08	-0.01	6	9647	买盘
13:22:51	16.09	0.02	52	83668	买盘
13:22:48	16.07	-0.01	40	64280	卖盘
13:22:42	16.08	--	67	108877	买盘
13:22:39	16.08	0.01	2	3215	买盘
13:22:36	16.07	-0.01	47	75529	卖盘
13:22:33	16.08	--	65	104519	买盘
13:22:30	16.08	--	21	33768	买盘
13:22:27	16.08	--	5	8039	买盘
13:22:21	16.08	-0.01	22	35842	卖盘
13:22:18	16.09	0.01	25	40225	买盘
13:22:15	16.08	-0.01	16	25727	卖盘
13:22:12	16.09	--	45	72405	买盘
13:22:06	16.09	0.01	19	30571	买盘
13:22:03	16.08	--	14	22511	卖盘
13:22:00	16.08	--	1	1607	卖盘
13:21:57	16.08	--	56	90047	卖盘
13:21:54	16.08	-0.01	30	48239	卖盘
13:21:51	16.09	0.01	52	83668	买盘
13:21:48	16.08	--	2	4357	卖盘
13:21:45	16.08	-0.01	11	17687	卖盘
13:21:42	16.09	-0.01	13	20917	卖盘
13:21:39	16.1	0.02	16	25760	买盘
13:21:36	16.08	-0.01	47	75575	卖盘
13:21:33	16.09	--	18	28962	买盘
13:21:30	16.09	0.01	6	9654	买盘
13:21:27	16.08	--	5	8039	卖盘
13:21:24	16.08	--	5	8039	买盘
13:21:21	16.08	-0.02	5	8039	买盘
13:21:18	16.1	0.02	134	215740	买盘
13:21:09	16.08	-0.01	10	16079	中性盘
13:21:06	16.09	--	114	183426	买盘
13:21:03	16.09	--	30	48270	买盘
13:21:00	16.09	--	96	155493	买盘
13:20:57	16.09	0.01	2	3218	买盘
13:20:54	16.08	--	104	168180	卖盘
13:20:51	16.08	-0.01	2	3215	卖盘
13:20:48	16.09	0.01	61	98149	买盘
13:20:45	16.08	0.02	110	178118	买盘
13:20:36	16.06	-0.02	40	64239	卖盘
13:20:33	16.08	--	8	12863	买盘
13:20:30	16.08	--	26	41807	买盘
13:20:27	16.08	--	34	54671	买盘
13:20:24	16.08	0.01	23	36983	买盘
13:20:21	16.07	--	83	133381	卖盘
13:20:18	16.07	-0.01	20	32140	卖盘
13:20:15	16.08	0.01	39	62711	买盘
13:20:12	16.07	0.01	10	16070	买盘
13:20:09	16.06	-0.02	176	282656	卖盘
13:20:06	16.08	0.02	60	96479	买盘
13:20:03	16.06	-0.01	6	9636	卖盘
13:20:00	16.07	--	5	8035	买盘
13:19:57	16.07	--	48	77136	买盘
13:19:54	16.07	0.02	45	72315	买盘
13:19:51	16.05	-0.01	33	52965	卖盘
13:19:48	16.06	--	8	12847	买盘
13:19:45	16.06	0.01	50	80300	买盘
13:19:39	16.05	--	25	40125	卖盘
13:19:36	16.05	--	243	390015	卖盘
13:19:33	16.05	--	54	88114	买盘
13:19:30	16.05	0.02	85	136425	买盘
13:19:27	16.03	-0.01	7	11221	卖盘
13:19:24	16.04	0.01	6	9624	买盘
13:19:21	16.03	--	50	80150	买盘
13:19:18	16.03	0.01	31	49693	买盘
13:19:15	16.02	--	32	51264	卖盘
13:19:12	16.02	--	52	83304	买盘
13:19:09	16.02	0.02	34	54468	买盘
13:19:06	16.0	0.01	1324	2119920	买盘
13:19:03	15.99	-0.01	29	46371	卖盘
13:19:00	16.0	--	73	116800	买盘
13:18:57	16.0	--	8	12800	买盘
13:18:54	16.0	--	27	43200	买盘
13:18:51	16.0	--	3	4800	买盘
13:18:48	16.0	--	24	38400	买盘
13:18:42	16.0	--	1	1600	买盘
13:18:39	16.0	--	2	3200	买盘
13:18:36	16.0	--	15	24000	买盘
13:18:33	16.0	--	10	16000	买盘
13:18:27	16.0	0.01	9	14400	买盘
13:18:24	15.99	0.01	191	305409	买盘
13:18:15	15.98	-0.01	14	22372	卖盘
13:18:12	15.99	0.01	109	174291	买盘
13:18:09	15.98	--	70	112131	买盘
13:18:03	15.98	--	12	19176	买盘
13:18:00	15.98	--	29	46342	买盘
13:17:54	15.98	--	2	3196	买盘
13:17:48	15.98	--	20	31960	买盘
13:17:39	15.98	--	8	12784	买盘
13:17:36	15.98	--	52	83096	买盘
13:17:33	15.98	--	41	65518	买盘
13:17:30	15.98	--	70	111860	买盘
13:17:27	15.98	--	51	81498	买盘
13:17:21	15.98	0.01	10	15980	买盘
13:17:18	15.97	--	49	78253	卖盘
13:17:15	15.97	-0.01	18	28746	卖盘
13:17:09	15.98	0.01	1	1598	买盘
13:17:06	15.97	--	20	31940	卖盘
13:17:03	15.97	--	112	179375	买盘
13:17:00	15.97	0.01	11	17567	买盘
13:16:57	15.96	-0.01	3	4788	卖盘
13:16:48	15.97	0.01	90	143730	买盘
13:16:39	15.96	-0.01	6	9576	卖盘
13:16:36	15.97	0.01	3	4791	买盘
13:16:33	15.96	--	2	3192	卖盘
13:16:21	15.96	--	12	19152	卖盘
13:16:18	15.96	0.01	103	165616	买盘
13:16:06	15.95	-0.01	14	22489	卖盘
13:16:03	15.96	--	57	90972	买盘
13:15:57	15.96	--	10	15960	买盘
13:15:48	15.96	0.01	11	17556	买盘
13:15:45	15.95	-0.01	23	36860	卖盘
13:15:42	15.96	--	4	6384	买盘
13:15:39	15.96	--	38	60648	买盘
13:15:00	15.96	0.01	41	65436	买盘
13:14:54	15.95	-0.01	2	3190	卖盘
13:14:21	15.96	--	5	7980	买盘
13:14:15	15.96	--	4	6384	买盘
13:14:12	15.96	--	8	12768	买盘
13:14:09	15.96	--	4	6384	买盘
13:14:06	15.96	--	4	6384	买盘
13:14:03	15.96	0.01	7	11172	买盘
13:13:51	15.95	--	1	1595	卖盘
13:13:24	15.95	-0.01	26	41470	卖盘
13:13:12	15.96	--	3	4788	买盘
13:13:09	15.96	--	1	1596	买盘
13:13:06	15.96	0.01	2	3192	买盘
13:13:00	15.95	-0.01	1	1595	卖盘
13:12:57	15.96	0.01	6	9576	买盘
13:12:54	15.95	-0.01	1	1595	卖盘
13:12:48	15.96	0.01	4	6384	买盘
13:12:45	15.95	-0.01	1	1595	卖盘
13:12:39	15.96	--	10	15960	买盘
13:12:36	15.96	0.01	20	31920	买盘
13:12:30	15.95	--	27	43065	卖盘
13:12:27	15.95	-0.01	10	15950	卖盘
13:12:21	15.96	--	5	7980	买盘
13:12:18	15.96	0.01	8	12768	买盘
13:12:15	15.95	-0.01	1	1595	卖盘
13:12:00	15.96	--	12	19152	买盘
13:11:57	15.96	--	29	46284	买盘
13:11:54	15.96	--	5	7980	买盘
13:11:45	15.96	--	3	4788	买盘
13:11:42	15.96	--	5	7980	买盘
13:11:39	15.96	0.01	5	7980	买盘
13:11:30	15.95	-0.01	120	191400	卖盘
13:11:24	15.96	0.01	5	7980	买盘
13:11:15	15.95	--	94	149930	买盘
13:10:57	15.95	--	80	127600	买盘
13:10:51	15.95	--	84	133980	买盘
13:10:48	15.95	-0.01	96	153120	卖盘
13:10:42	15.96	--	12	19152	买盘
13:10:33	15.96	--	6	9576	买盘
13:10:30	15.96	--	2	3192	买盘
13:10:24	15.96	0.02	13	20748	买盘
13:10:21	15.94	-0.01	15	23910	卖盘
13:10:18	15.95	-0.01	7	11165	卖盘
13:10:12	15.96	--	3	4788	买盘
13:10:06	15.96	--	14	22344	买盘
13:10:03	15.96	--	1	1596	买盘
13:10:00	15.96	0.01	24	38304	买盘
13:09:51	15.95	--	5	9554	卖盘
13:09:48	15.95	--	2	3190	卖盘
13:09:39	15.95	--	2	3190	买盘
13:09:21	15.95	-0.01	3	4785	卖盘
13:09:18	15.96	--	2	3192	买盘
13:09:15	15.96	0.01	4	6384	买盘
13:09:12	15.95	-0.01	40	63800	卖盘
13:09:00	15.96	--	14	22344	买盘
13:08:57	15.96	0.01	27	43092	买盘
13:08:54	15.95	0.01	63	100485	买盘
13:08:45	15.94	--	2	3188	卖盘
13:08:39	15.94	-0.01	76	121144	卖盘
13:08:33	15.95	--	22	35090	买盘
13:08:27	15.95	--	10	15950	买盘
13:08:15	15.95	--	16	25520	买盘
13:08:09	15.95	--	22	35090	卖盘
13:08:06	15.95	-0.01	10	15950	卖盘
13:07:48	15.96	--	5	7980	买盘
13:07:42	15.96	--	1	1596	买盘
13:07:39	15.96	0.01	5	7980	买盘
13:07:36	15.95	--	4	6380	卖盘
13:07:27	15.95	-0.01	34	54230	卖盘
13:07:21	15.96	--	10	15960	买盘
13:07:18	15.96	--	3	5059	卖盘
13:07:12	15.96	--	6	9576	卖盘
13:07:06	15.96	0.01	1	2920	买盘
13:07:03	15.95	-0.01	11	17545	卖盘
13:06:57	15.96	--	3	4788	买盘
13:06:54	15.96	0.01	10	15960	买盘
13:06:45	15.95	--	20	31900	卖盘
13:06:39	15.95	--	20	31900	卖盘
13:06:36	15.95	--	10	15950	买盘
13:06:33	15.95	--	31	49445	买盘
13:06:30	15.95	--	10	15950	买盘
13:06:27	15.95	--	2	3190	买盘
13:06:21	15.95	--	2	3190	卖盘
13:06:18	15.95	-0.01	13	20735	卖盘
13:06:15	15.96	--	1	1596	买盘
13:06:12	15.96	--	1	1596	买盘
13:06:06	15.96	0.01	50	79800	买盘
13:06:03	15.95	-0.01	10	15950	卖盘
13:05:57	15.96	--	19	30324	买盘
13:05:54	15.96	0.01	25	39900	买盘
13:05:45	15.95	-0.01	2	3190	卖盘
13:05:42	15.96	0.01	21	33516	买盘
13:05:39	15.95	-0.01	2	3190	卖盘
13:05:21	15.96	--	5	7980	买盘
13:05:12	15.96	--	21	33516	买盘
13:05:00	15.96	--	11	17556	买盘
13:04:57	15.96	--	33	52668	买盘
13:04:45	15.96	--	4	6384	买盘
13:04:42	15.96	0.01	1	1596	买盘
13:04:30	15.95	--	30	47850	买盘
13:04:27	15.95	0.01	3	4785	买盘
13:04:24	15.94	0.01	6	9564	中性盘
13:04:18	15.93	-0.03	100	159300	卖盘
13:04:15	15.96	--	6	9576	买盘
13:04:12	15.96	0.01	36	57456	买盘
13:04:09	15.95	-0.01	3	4785	卖盘
13:03:54	15.96	0.01	27	43092	买盘
13:03:48	15.95	-0.01	14	22330	卖盘
13:03:42	15.96	--	1	1596	买盘
13:03:33	15.96	0.03	1	1596	买盘
13:03:24	15.93	-0.03	36	57348	卖盘
13:03:18	15.96	--	1	1596	买盘
13:03:15	15.96	--	11	17556	买盘
13:02:54	15.96	--	13	20748	买盘
13:02:51	15.96	0.01	28	44688	买盘
13:02:42	15.95	0.02	1	1595	买盘
13:02:36	15.93	-0.02	104	165672	卖盘
13:02:33	15.95	0.01	1	1595	买盘
13:02:30	15.94	0.01	2	3188	买盘
13:02:24	15.93	-0.01	10	15930	卖盘
13:02:15	15.94	0.01	4	6376	买盘
13:02:12	15.93	--	8	12744	买盘
13:01:57	15.93	--	18	28674	买盘
13:01:36	15.93	--	19	30267	卖盘
13:01:27	15.93	-0.03	100	159300	卖盘
13:01:21	15.96	--	18	28728	买盘
13:01:03	15.96	--	104	165984	买盘
13:01:00	15.96	--	10	15960	买盘
13:00:57	15.96	--	1	1596	买盘
13:00:42	15.96	--	24	38304	买盘
13:00:27	15.96	--	6	9576	买盘
13:00:24	15.96	--	2	3192	买盘
13:00:15	15.96	--	23	36708	买盘
13:00:12	15.96	--	14	22344	买盘
13:00:09	15.96	--	18	28728	买盘
13:00:06	15.96	0.01	48	76608	买盘
13:00:03	15.95	-0.01	172	274340	买盘
13:00:00	15.96	--	0	0	买盘
11:30:00	15.96	--	0	0	买盘
11:29:51	15.96	0.01	14	22344	买盘
11:29:48	15.95	0.01	27	43065	买盘
11:29:42	15.94	--	1	1594	卖盘
11:29:27	15.94	-0.01	1	1594	中性盘
11:29:06	15.95	--	5	7975	买盘
11:28:33	15.95	--	17	27115	买盘
11:28:24	15.95	-0.01	72	114840	卖盘
11:28:06	15.96	--	56	89376	买盘
11:28:03	15.96	0.01	2	3192	买盘
11:27:57	15.95	-0.01	1	1595	卖盘
11:27:54	15.96	--	6	9576	买盘
11:27:51	15.96	0.01	8	12768	买盘
11:27:45	15.95	--	14	22330	买盘
11:27:42	15.95	-0.01	2	3190	中性盘
11:27:33	15.96	0.01	5	7980	买盘
11:27:30	15.95	--	5	7975	买盘
11:27:27	15.95	-0.01	13	20846	卖盘
11:27:24	15.96	--	2	3192	买盘
11:27:12	15.96	--	1	1596	买盘
11:27:09	15.96	--	2	3192	买盘
11:27:03	15.96	--	1	1596	买盘
11:27:00	15.96	--	3	4788	买盘
11:26:57	15.96	--	3	4788	买盘
11:26:54	15.96	--	5	7980	买盘
11:26:51	15.96	--	13	20748	买盘
11:26:48	15.96	--	28	44688	买盘
11:26:45	15.96	0.01	109	173964	买盘
11:26:39	15.95	--	8	14243	卖盘
11:26:33	15.95	--	3	4785	卖盘
11:26:30	15.95	--	2	3190	卖盘
11:26:27	15.95	--	3	4785	卖盘
11:26:15	15.95	--	25	39875	买盘
11:26:09	15.95	--	35	55825	买盘
11:26:03	15.95	--	25	39875	买盘
11:25:48	15.95	--	241	384395	买盘
11:25:45	15.95	0.02	31	49445	买盘
11:25:24	15.93	-0.02	3	4779	卖盘
11:25:15	15.95	--	3	4785	买盘
11:25:09	15.95	0.01	48	76560	买盘
11:25:03	15.94	0.02	3	4782	买盘
11:24:57	15.92	-0.02	64	101888	卖盘
11:24:42	15.94	--	44	70136	卖盘
11:24:33	15.94	--	16	25504	卖盘
11:24:30	15.94	--	1	1594	卖盘
11:24:18	15.94	-0.01	11	17534	买盘
11:24:06	15.95	--	2	3190	买盘
11:24:03	15.95	--	195	311025	买盘
11:23:57	15.95	--	53	84535	买盘
11:23:51	15.95	--	13	20735	买盘
11:23:48	15.95	0.01	28	44660	买盘
11:23:45	15.94	--	6	9564	买盘
11:23:42	15.94	--	50	79700	买盘
11:23:39	15.94	--	5	7970	买盘
11:23:33	15.94	0.01	85	135490	买盘
11:23:21	15.93	--	80	127440	卖盘
11:23:15	15.93	--	14	22302	卖盘
11:23:09	15.93	--	10	15930	卖盘
11:23:03	15.93	--	34	55739	买盘
11:23:00	15.93	0.01	12	19116	买盘
11:22:57	15.92	--	17	27064	卖盘
11:22:48	15.92	-0.01	5	7960	卖盘
11:22:45	15.93	--	17	27081	买盘
11:22:39	15.93	0.01	7	11151	买盘
11:22:36	15.92	-0.01	11	17512	卖盘
11:22:33	15.93	--	2	3186	买盘
11:22:30	15.93	--	4	6372	买盘
11:22:27	15.93	--	7	11151	买盘
11:22:24	15.93	--	11	17523	买盘
11:22:21	15.93	0.01	18	28674	买盘
11:22:18	15.92	-0.01	10	15920	卖盘
11:22:15	15.93	0.01	7	11151	买盘
11:22:09	15.92	-0.01	4	6368	卖盘
11:22:06	15.93	--	2	3186	买盘
11:22:00	15.93	0.01	9	14337	买盘
11:21:57	15.92	--	1	1592	卖盘
11:21:54	15.92	-0.01	5	7960	卖盘
11:21:51	15.93	--	5	7965	买盘
11:21:33	15.93	--	12	19116	买盘
11:21:24	15.93	0.01	7	11151	买盘
11:21:21	15.92	--	69	110644	买盘
11:21:15	15.92	0.01	2	3184	买盘
11:21:12	15.91	--	4	6364	卖盘
11:21:06	15.91	-0.01	30	47730	卖盘
11:21:03	15.92	0.01	1	1592	买盘
11:20:57	15.91	-0.01	3	4773	中性盘
11:20:45	15.92	0.02	41	65272	买盘
11:20:36	15.9	--	20	31800	卖盘
11:20:30	15.9	-0.01	4	6360	卖盘
11:20:27	15.91	0.01	5	7955	买盘
11:20:15	15.9	--	50	79500	卖盘
11:20:03	15.9	-0.01	43	68370	卖盘
11:19:54	15.91	--	3	4773	买盘
11:19:39	15.91	0.01	12	19092	买盘
11:19:36	15.9	-0.01	2	3180	卖盘
11:19:12	15.91	--	1	1797	卖盘
11:19:06	15.91	--	3	4773	卖盘
11:19:03	15.91	--	20	31820	卖盘
11:18:45	15.91	--	2	3182	卖盘
11:18:42	15.91	--	5	7955	卖盘
11:18:39	15.91	--	1	1591	卖盘
11:18:36	15.91	-0.01	2	3182	卖盘
11:18:15	15.92	0.01	4	6368	买盘
11:18:06	15.91	-0.01	50	79550	卖盘
11:18:03	15.92	--	3	4776	买盘
11:17:45	15.92	--	56	89152	买盘
11:17:39	15.92	--	13	20696	买盘
11:17:36	15.92	--	28	44576	买盘
11:17:27	15.92	0.01	7	11144	买盘
11:17:18	15.91	--	5	7955	卖盘
11:17:15	15.91	-0.01	2	3182	卖盘
11:17:06	15.92	--	4	6368	买盘
11:17:03	15.92	--	1	1592	买盘
11:16:51	15.92	--	3	4776	买盘
11:16:33	15.92	0.01	7	11144	买盘
11:16:21	15.91	--	1	1591	卖盘
11:16:15	15.91	-0.01	1	1591	卖盘
11:16:09	15.92	--	2	3184	买盘
11:16:03	15.92	0.01	1	1592	买盘
11:15:36	15.91	--	12	20476	卖盘
11:15:33	15.91	-0.01	10	15910	卖盘
11:15:24	15.92	--	30	47760	买盘
11:15:18	15.92	0.01	8	12736	买盘
11:15:09	15.91	-0.01	10	15910	卖盘
11:15:00	15.92	--	3	4776	买盘
11:14:57	15.92	--	4	6368	买盘
11:14:51	15.92	--	5	7960	买盘
11:14:39	15.92	--	15	23880	买盘
11:14:36	15.92	--	26	41392	买盘
11:14:30	15.92	0.01	4	6368	买盘
11:14:24	15.91	--	4	6364	卖盘
11:14:12	15.91	-0.01	4	6364	卖盘
11:14:06	15.92	--	2	3184	买盘
11:14:03	15.92	--	4	6368	买盘
11:13:54	15.92	--	4	6368	买盘
11:13:48	15.92	--	146	232432	买盘
11:13:27	15.92	0.02	5	7960	买盘
11:13:21	15.9	-0.02	189	301479	卖盘
11:13:06	15.92	--	2	3184	买盘
11:12:57	15.92	--	8	12736	买盘
11:12:42	15.92	--	50	79600	买盘
11:12:30	15.92	--	2	3184	买盘
11:12:12	15.92	--	103	163976	买盘
11:12:06	15.92	0.01	99	158228	买盘
11:12:03	15.91	0.01	1	1591	买盘
11:12:00	15.9	-0.01	35	55650	卖盘
11:11:48	15.91	--	3	4773	买盘
11:11:45	15.91	--	50	79550	买盘
11:11:36	15.91	--	20	31820	买盘
11:11:33	15.91	0.01	26	41366	买盘
11:11:24	15.9	0.01	5	7950	中性盘
11:11:18	15.89	--	3	4767	卖盘
11:11:15	15.89	--	22	34958	卖盘
11:11:09	15.89	-0.01	4	6356	卖盘
11:11:03	15.9	0.01	3	4770	买盘
11:11:00	15.89	-0.01	46	73094	卖盘
11:10:54	15.9	--	5	7950	买盘
11:10:45	15.9	--	2	3180	买盘
11:10:39	15.9	--	11	17490	买盘
11:10:36	15.9	--	1	1590	买盘
11:10:30	15.9	--	2	3180	买盘
11:10:27	15.9	-0.01	17	27030	卖盘
11:10:24	15.91	--	3	4773	买盘
11:10:21	15.91	--	2	3182	买盘
11:10:18	15.91	--	9	14319	买盘
11:10:15	15.91	--	9	14319	买盘
11:10:12	15.91	--	9	14319	买盘
11:10:09	15.91	--	10	15910	买盘
11:10:03	15.91	--	7	11137	买盘
11:10:00	15.91	--	20	31820	买盘
11:09:57	15.91	--	2	3182	买盘
11:09:54	15.91	--	3	4773	买盘
11:09:45	15.91	--	1	1591	买盘
11:09:30	15.91	--	3	5743	卖盘
11:09:27	15.91	--	7	11137	卖盘
11:09:24	15.91	--	10	15910	卖盘
11:09:15	15.91	--	9	14319	卖盘
11:09:09	15.91	--	2	3182	卖盘
11:09:06	15.91	--	2	3802	卖盘
11:09:00	15.91	--	10	15910	卖盘
11:08:39	15.91	-0.01	1	1591	卖盘
11:08:36	15.92	--	29	46168	买盘
11:08:33	15.92	0.01	28	44576	买盘
11:08:27	15.91	--	1	1591	卖盘
11:08:24	15.91	--	7	11137	卖盘
11:08:21	15.91	-0.01	8	12728	卖盘
11:08:18	15.92	0.01	2	3184	买盘
11:08:15	15.91	--	56	89096	卖盘
11:08:09	15.91	-0.01	2	3182	卖盘
11:08:00	15.92	--	1	1592	买盘
11:07:45	15.92	--	7	11144	买盘
11:07:42	15.92	0.01	2	3184	买盘
11:07:39	15.91	--	17	27047	卖盘
11:07:27	15.91	--	2	3182	卖盘
11:07:09	15.91	-0.01	60	95460	卖盘
11:07:03	15.92	--	1	1592	买盘
11:06:57	15.92	0.01	103	163976	买盘
11:06:39	15.91	0.01	2	3182	买盘
11:06:36	15.9	--	10	15900	卖盘
11:06:03	15.9	--	4	6360	卖盘
11:06:00	15.9	--	13	20670	卖盘
11:05:57	15.9	--	5	7950	卖盘
11:05:33	15.9	-0.01	55	87450	卖盘
11:05:27	15.91	0.01	3	4773	买盘
11:05:18	15.9	--	12	19080	卖盘
11:05:15	15.9	-0.01	10	15900	卖盘
11:05:12	15.91	--	3	4773	买盘
11:05:09	15.91	--	4	6364	买盘
11:05:06	15.91	--	3	4773	中性盘
11:04:54	15.91	-0.01	7	11137	卖盘
11:04:51	15.92	--	9	14328	买盘
11:04:48	15.92	--	2	3184	买盘
11:04:45	15.92	--	4	6368	买盘
11:04:33	15.92	--	11	17512	买盘
11:04:30	15.92	--	14	22288	买盘
11:04:27	15.92	--	2	3184	买盘
11:04:18	15.92	--	2	3184	买盘
11:04:15	15.92	--	2	3184	买盘
11:04:03	15.92	0.01	1	1592	买盘
11:03:57	15.91	0.01	2	3182	买盘
11:03:51	15.9	--	4	6360	卖盘
11:03:42	15.9	-0.02	9	14310	中性盘
11:03:18	15.92	0.03	300	477600	买盘
11:03:15	15.89	-0.02	80	127120	卖盘
11:03:12	15.91	0.01	14	22274	买盘
11:03:09	15.9	0.01	12	19080	买盘
11:03:06	15.89	-0.01	32	50848	卖盘
11:03:03	15.9	--	5	7950	买盘
11:02:45	15.9	--	3	4770	买盘
11:02:36	15.9	--	9	14310	买盘
11:02:33	15.9	--	12	19080	买盘
11:02:30	15.9	0.01	29	46110	买盘
11:02:27	15.89	-0.01	10	15890	卖盘
11:02:09	15.9	--	3	4770	买盘
11:02:06	15.9	0.01	2	3180	买盘
11:02:03	15.89	--	22	34958	卖盘
11:01:57	15.89	--	3	4767	卖盘
11:01:51	15.89	--	36	57204	卖盘
11:01:45	15.89	--	3	4767	卖盘
11:01:33	15.89	--	12	19068	卖盘
11:01:27	15.89	-0.01	5	7945	卖盘
11:01:21	15.9	0.01	5	7950	买盘
11:01:18	15.89	--	1	1589	卖盘
11:01:12	15.89	-0.01	3	4767	卖盘
11:01:03	15.9	0.01	29	46110	买盘
11:00:54	15.89	-0.01	31	49259	卖盘
11:00:48	15.9	--	10	15900	买盘
11:00:06	15.9	--	6	9540	买盘
10:59:57	15.9	--	3	4770	买盘
10:59:45	15.9	--	2	3180	买盘
10:59:42	15.9	--	1	1590	买盘
10:59:33	15.9	--	1	1590	买盘
10:59:30	15.9	--	13	20670	买盘
10:59:27	15.9	--	28	44520	买盘
10:59:15	15.9	0.01	1	1590	买盘
10:59:06	15.89	0.01	3	4767	买盘
10:59:00	15.88	--	5	7940	卖盘
10:58:45	15.88	-0.02	10	15880	卖盘
10:58:27	15.9	--	1	1590	买盘
10:58:21	15.9	--	1	1590	买盘
10:58:18	15.9	0.02	3	4770	买盘
10:58:15	15.88	-0.02	15	23820	卖盘
10:58:12	15.9	--	1	1590	买盘
10:58:06	15.9	0.01	106	168540	买盘
10:57:39	15.89	--	2	3178	卖盘
10:57:30	15.89	--	4	6356	卖盘
10:57:27	15.89	--	109	173201	卖盘
10:57:18	15.89	-0.02	1	1589	卖盘
10:57:09	15.91	--	7	11137	买盘
10:57:00	15.91	0.01	9	14319	买盘
10:56:57	15.9	--	26	41340	买盘
10:56:51	15.9	--	31	49290	买盘
10:56:48	15.9	-0.01	25	39750	卖盘
10:56:39	15.91	0.01	1	1591	买盘
10:56:33	15.9	-0.01	5	7950	卖盘
10:56:27	15.91	0.01	41	65231	买盘
10:56:12	15.9	--	53	84270	卖盘
10:56:06	15.9	-0.01	6	9540	卖盘
10:56:00	15.91	0.01	12	19092	买盘
10:55:54	15.9	--	3	4770	卖盘
10:55:51	15.9	--	1	1590	卖盘
10:55:45	15.9	--	1	1590	卖盘
10:55:39	15.9	--	2	3180	卖盘
10:55:30	15.9	--	7	11130	卖盘
10:55:24	15.9	--	18	28620	卖盘
10:55:03	15.9	-0.01	24	38160	卖盘
10:54:54	15.91	0.01	2	3182	买盘
10:54:48	15.9	-0.01	20	31800	卖盘
10:54:06	15.91	0.01	2	3182	买盘
10:53:57	15.9	--	5	7950	买盘
10:53:42	15.9	--	5	7950	卖盘
10:53:33	15.9	-0.01	10	15900	卖盘
10:53:30	15.91	--	2	3182	买盘
10:53:27	15.91	--	12	19092	买盘
10:53:24	15.91	0.01	29	46139	买盘
10:53:18	15.9	--	23	36570	卖盘
10:53:15	15.9	-0.01	45	71550	卖盘
10:53:12	15.91	0.01	3	4773	买盘
10:53:09	15.9	-0.01	12	19080	卖盘
10:53:00	15.91	0.01	12	19092	买盘
10:52:57	15.9	--	7	11130	卖盘
10:52:42	15.9	-0.01	10	15900	卖盘
10:52:36	15.91	--	47	74777	买盘
10:52:12	15.91	--	7	11137	买盘
10:52:09	15.91	-0.01	5	7955	卖盘
10:52:06	15.92	--	2	3184	买盘
10:51:57	15.92	0.01	2	3184	买盘
10:51:54	15.91	-0.01	9	14319	卖盘
10:51:48	15.92	--	28	44576	买盘
10:51:39	15.92	0.01	1	1592	买盘
10:51:30	15.91	-0.01	12	19092	卖盘
10:51:24	15.92	0.01	2	3184	买盘
10:51:18	15.91	--	1	1591	卖盘
10:51:15	15.91	--	9	14319	卖盘
10:51:12	15.91	--	32	50912	买盘
10:51:03	15.91	0.01	2	3182	买盘
10:51:00	15.9	--	1	1590	卖盘
10:50:57	15.9	--	12	19080	卖盘
10:50:51	15.9	-0.01	29	46110	卖盘
10:50:48	15.91	-0.01	2	3182	中性盘
10:50:33	15.92	--	5	7960	买盘
10:50:24	15.92	0.01	41	65272	买盘
10:50:12	15.91	0.01	12	19092	买盘
10:50:09	15.9	--	20	31800	卖盘
10:50:06	15.9	-0.01	56	89040	卖盘
10:49:57	15.91	0.01	4	6364	买盘
10:49:54	15.9	--	8	13276	买盘
10:49:51	15.9	--	38	60420	买盘
10:49:42	15.9	--	2	3180	买盘
10:49:39	15.9	--	51	82123	卖盘
10:49:36	15.9	--	15	23850	卖盘
10:49:30	15.9	--	1	1590	卖盘
10:49:21	15.9	--	15	23850	卖盘
10:49:18	15.9	--	5	7950	卖盘
10:49:15	15.9	--	2	3180	卖盘
10:48:57	15.9	0.01	30	48256	买盘
10:48:54	15.89	-0.01	1	1589	卖盘
10:48:45	15.9	--	5	7950	买盘
10:48:21	15.9	--	2	3180	买盘
10:48:15	15.9	--	2	3180	买盘
10:48:06	15.9	--	6	10573	卖盘
10:48:03	15.9	-0.02	30	47700	卖盘
10:47:57	15.92	--	6	9552	买盘
10:47:51	15.92	--	39	62088	买盘
10:47:39	15.92	0.02	13	20696	买盘
10:47:24	15.9	-0.02	41	65190	卖盘
10:47:21	15.92	0.01	29	46168	买盘
10:47:12	15.91	-0.01	26	41366	中性盘
10:47:03	15.92	0.01	15	23880	买盘
10:46:51	15.91	-0.01	2	3182	卖盘
10:46:48	15.92	--	6	9552	买盘
10:46:42	15.92	0.02	15	23880	买盘
10:46:27	15.9	-0.02	2	3180	卖盘
10:46:21	15.92	--	16	25472	买盘
10:46:12	15.92	--	4	6368	买盘
10:46:09	15.92	--	39	62088	买盘
10:46:06	15.92	--	9	14328	卖盘
10:46:03	15.92	-0.01	6	9552	卖盘
10:46:00	15.93	--	115	183195	买盘
10:45:54	15.93	--	12	19116	买盘
10:45:48	15.93	--	22	35046	买盘
10:45:42	15.93	0.01	36	57348	买盘
10:45:39	15.92	--	10	15920	卖盘
10:45:24	15.92	--	47	74824	买盘
10:45:21	15.92	0.02	18	28656	买盘
10:45:15	15.9	-0.02	5	7950	卖盘
10:45:06	15.92	--	2	3184	买盘
10:45:03	15.92	--	5	7960	买盘
10:45:00	15.92	0.02	26	41392	买盘
10:44:57	15.9	--	2	3180	卖盘
10:44:51	15.9	--	124	197160	卖盘
10:44:48	15.9	-0.02	3	4770	卖盘
10:44:45	15.92	--	30	47760	买盘
10:44:42	15.92	0.02	14	22288	买盘
10:44:36	15.9	--	3	4770	卖盘
10:44:33	15.9	-0.02	1	1590	卖盘
10:44:24	15.92	--	15	23880	买盘
10:44:21	15.92	--	41	65272	买盘
10:44:00	15.92	0.01	15	23880	买盘
10:43:54	15.91	--	3	4773	买盘
10:43:21	15.91	-0.01	7	11137	买盘
10:43:12	15.92	--	10	15920	买盘
10:43:06	15.92	--	39	62088	买盘
10:43:03	15.92	0.02	1	1592	买盘
10:42:57	15.9	-0.02	6	9540	卖盘
10:42:51	15.92	0.02	13	20696	买盘
10:42:42	15.9	-0.02	1	1590	卖盘
10:42:33	15.92	--	14	22288	卖盘
10:42:18	15.92	0.02	3	4776	中性盘
10:42:09	15.9	-0.03	29	46110	卖盘
10:42:00	15.93	--	2	3186	买盘
10:41:45	15.93	--	27	43011	买盘
10:41:42	15.93	--	5	7965	买盘
10:41:21	15.93	--	17	27081	买盘
10:41:18	15.93	0.01	24	38232	买盘
10:41:15	15.92	0.02	10	15920	买盘
10:41:09	15.9	-0.02	17	27030	卖盘
10:41:06	15.92	--	2	3184	买盘
10:40:51	15.92	--	30	47760	买盘
10:40:39	15.92	0.02	22	35024	买盘
10:40:27	15.9	--	1	1590	卖盘
10:40:15	15.9	--	10	15900	卖盘
10:40:09	15.9	--	4	6916	买盘
10:40:06	15.9	0.01	2	3180	买盘
10:40:00	15.89	--	3	4767	买盘
10:39:42	15.89	--	2	3178	买盘
10:39:33	15.89	--	8	12712	买盘
10:39:30	15.89	0.01	10	15890	买盘
10:39:27	15.88	-0.01	23	36524	卖盘
10:39:18	15.89	--	2	3178	买盘
10:39:12	15.89	--	2	3178	卖盘
10:39:09	15.89	-0.01	52	82628	卖盘
10:38:57	15.9	--	9	14310	买盘
10:38:54	15.9	--	2	3180	买盘
10:38:39	15.9	--	2	3180	买盘
10:38:36	15.9	--	9	14310	买盘
10:38:21	15.9	--	13	20670	买盘
10:38:18	15.9	0.01	28	44520	买盘
10:38:09	15.89	0.01	10	15890	买盘
10:38:03	15.88	-0.01	3	4764	卖盘
10:38:00	15.89	0.01	2	3178	买盘
10:37:48	15.88	--	16	25408	买盘
10:37:36	15.88	--	2	3176	买盘
10:37:21	15.88	--	49	77812	卖盘
10:37:18	15.88	-0.01	1	1588	卖盘
10:37:06	15.89	--	15	23835	买盘
10:37:03	15.89	-0.01	1	1589	中性盘
10:36:54	15.9	--	16	25440	买盘
10:36:51	15.9	--	4	6360	买盘
10:36:48	15.9	--	5	7950	买盘
10:36:36	15.9	--	2	3180	买盘
10:36:33	15.9	--	5	7950	买盘
10:36:24	15.9	0.02	7	11130	买盘
10:36:18	15.88	-0.02	30	47640	卖盘
10:36:09	15.9	--	7	11130	买盘
10:36:06	15.9	--	12	19080	买盘
10:36:00	15.9	--	31	49290	买盘
10:35:48	15.9	--	18	28620	买盘
10:35:42	15.9	--	2	3180	买盘
10:35:33	15.9	--	3	4770	买盘
10:35:30	15.9	--	5	7950	买盘
10:35:27	15.9	--	3	4770	买盘
10:35:24	15.9	--	78	125053	卖盘
10:35:21	15.9	-0.03	10	15900	卖盘
10:35:18	15.93	--	12	19116	买盘
10:35:15	15.93	0.03	29	46197	买盘
10:35:12	15.9	--	22	34980	卖盘
10:35:09	15.9	--	10	15900	卖盘
10:35:00	15.9	-0.02	50	79500	卖盘
10:34:57	15.92	--	2	3184	买盘
10:34:48	15.92	0.01	3	4776	买盘
10:34:42	15.91	0.01	2	3182	买盘
10:34:39	15.9	--	29	46110	卖盘
10:34:36	15.9	--	31	49290	卖盘
10:34:33	15.9	-0.01	4	6360	卖盘
10:34:30	15.91	0.01	2	3182	买盘
10:34:27	15.9	--	10	15900	卖盘
10:34:18	15.9	-0.01	1	1590	卖盘
10:34:12	15.91	0.01	10	15910	买盘
10:34:06	15.9	-0.01	2	3180	卖盘
10:34:03	15.91	--	5	7955	买盘
10:34:00	15.91	0.01	2	3182	买盘
10:33:57	15.9	--	76	120840	卖盘
10:33:54	15.9	--	15	23850	卖盘
10:33:51	15.9	-0.01	6	9540	卖盘
10:33:45	15.91	--	2	3182	买盘
10:33:42	15.91	0.01	5	7955	买盘
10:33:39	15.9	--	10	15900	卖盘
10:33:33	15.9	0.02	53	84826	买盘
10:33:30	15.88	-0.02	2	3176	卖盘
10:33:21	15.9	0.01	10	15900	买盘
10:33:18	15.89	-0.01	23	37579	卖盘
10:33:12	15.9	0.01	8	12720	买盘
10:33:06	15.89	--	4	6356	卖盘
10:33:03	15.89	--	9	14301	卖盘
10:32:57	15.89	--	29	46081	卖盘
10:32:51	15.89	--	20	32336	卖盘
10:32:48	15.89	--	29	46081	卖盘
10:32:42	15.89	--	15	23835	卖盘
10:32:39	15.89	--	21	33369	卖盘
10:32:36	15.89	--	1	1589	卖盘
10:32:18	15.89	-0.01	1	1589	卖盘
10:32:15	15.9	--	17	27030	买盘
10:32:12	15.9	0.01	29	46110	中性盘
10:32:06	15.89	-0.01	81	128709	卖盘
10:32:03	15.9	--	1	1590	卖盘
10:31:54	15.9	--	90	143100	卖盘
10:31:51	15.9	-0.01	2	3180	卖盘
10:31:45	15.91	0.01	2	3182	买盘
10:31:42	15.9	-0.01	5	7950	卖盘
10:31:39	15.91	--	3	4773	买盘
10:31:27	15.91	--	15	23865	买盘
10:31:21	15.91	0.01	4	6364	买盘
10:31:18	15.9	-0.01	3	4770	卖盘
10:31:09	15.91	--	10	15910	买盘
10:31:03	15.91	0.01	2	3182	买盘
10:30:57	15.9	--	9	14310	卖盘
10:30:54	15.9	-0.01	17	27030	卖盘
10:30:45	15.91	--	21	33411	卖盘
10:30:42	15.91	--	15	23865	卖盘
10:30:39	15.91	--	26	41366	卖盘
10:30:24	15.91	--	7	11137	买盘
10:30:21	15.91	--	5	7955	买盘
10:30:18	15.91	-0.01	6	9546	中性盘
10:30:03	15.92	--	2	3184	买盘
10:29:57	15.92	--	20	31840	卖盘
10:29:54	15.92	--	10	15920	卖盘
10:29:45	15.92	-0.01	12	19104	卖盘
10:29:42	15.93	0.01	10	15930	买盘
10:29:39	15.92	-0.01	3	4776	卖盘
10:29:36	15.93	--	5	7965	买盘
10:29:30	15.93	--	4	6372	买盘
10:29:24	15.93	--	7	11151	买盘
10:29:21	15.93	-0.01	98	156114	卖盘
10:29:15	15.94	0.01	2	3188	买盘
10:29:12	15.93	--	22	35046	卖盘
10:29:09	15.93	-0.01	33	52569	卖盘
10:29:00	15.94	--	3	4782	买盘
10:28:54	15.94	--	5	7970	买盘
10:28:45	15.94	--	9	14346	买盘
10:28:42	15.94	--	11	17534	买盘
10:28:39	15.94	--	1	1594	买盘
10:28:33	15.94	0.01	8	12752	买盘
10:28:27	15.93	--	1	1593	卖盘
10:28:21	15.93	--	48	76464	卖盘
10:28:15	15.93	-0.01	9	14337	卖盘
10:28:12	15.94	-0.01	8	12752	中性盘
10:28:00	15.95	0.02	2	3190	买盘
10:27:57	15.93	-0.02	10	15930	卖盘
10:27:54	15.95	0.01	84	133980	买盘
10:27:42	15.94	--	2	3188	卖盘
10:27:33	15.94	--	10	15940	卖盘
10:27:24	15.94	--	32	51008	买盘
10:27:15	15.94	--	3	4782	卖盘
10:27:03	15.94	--	8	12752	买盘
10:27:00	15.94	0.01	3	4782	买盘
10:26:42	15.93	--	27	43011	卖盘
10:26:18	15.93	-0.02	28	44604	卖盘
10:26:12	15.95	0.01	12	19140	买盘
10:26:09	15.94	0.01	29	46226	买盘
10:25:57	15.93	--	35	55755	卖盘
10:25:48	15.93	0.01	31	49383	买盘
10:25:45	15.92	-0.01	10	15920	卖盘
10:25:42	15.93	--	2	3186	买盘
10:25:21	15.93	--	2	3186	卖盘
10:25:12	15.93	-0.01	1	1593	卖盘
10:25:00	15.94	--	5	7970	买盘
10:24:57	15.94	--	16	25504	买盘
10:24:54	15.94	--	8	12752	买盘
10:24:48	15.94	--	2	3188	卖盘
10:24:45	15.94	-0.01	10	15940	卖盘
10:24:42	15.95	0.01	6	9570	买盘
10:24:39	15.94	--	13	20722	买盘
10:24:30	15.94	--	7	11158	卖盘
10:24:24	15.94	--	1	1594	卖盘
10:24:21	15.94	--	1	1594	卖盘
10:24:12	15.94	--	6	9564	卖盘
10:24:09	15.94	0.01	38	60572	买盘
10:23:51	15.93	-0.01	3	4779	卖盘
10:23:48	15.94	0.01	2	3188	买盘
10:23:39	15.93	-0.01	150	238950	卖盘
10:23:24	15.94	--	11	17534	卖盘
10:23:21	15.94	-0.01	4	6376	卖盘
10:23:15	15.95	--	1	1595	买盘
10:23:12	15.95	--	3	4785	买盘
10:23:09	15.95	--	13	20735	买盘
10:23:06	15.95	--	30	47850	买盘
10:23:00	15.95	--	2	3190	买盘
10:22:57	15.95	0.01	2	3190	买盘
10:22:54	15.94	--	7	11158	卖盘
10:22:45	15.94	--	5	7970	买盘
10:22:24	15.94	--	10	15940	买盘
10:22:21	15.94	--	1	1594	买盘
10:22:18	15.94	--	7	11158	买盘
10:22:15	15.94	--	2	3188	买盘
10:22:06	15.94	--	1	1594	买盘
10:21:51	15.94	0.01	2	3188	买盘
10:21:48	15.93	-0.02	46	73278	卖盘
10:21:33	15.95	0.03	10	15950	买盘
10:21:21	15.92	-0.03	1	1592	卖盘
10:21:18	15.95	0.03	20	31900	买盘
10:21:12	15.92	-0.01	14	22288	卖盘
10:21:06	15.93	--	16	25488	买盘
10:21:03	15.93	--	24	38232	买盘
10:21:00	15.93	-0.01	21	33453	卖盘
10:20:54	15.94	--	6	9564	买盘
10:20:51	15.94	--	10	15940	买盘
10:20:45	15.94	-0.01	7	11158	中性盘
10:20:42	15.95	0.01	7	11165	买盘
10:20:39	15.94	--	5	7970	买盘
10:20:36	15.94	-0.01	5	7970	买盘
10:20:27	15.95	--	2	3190	买盘
10:20:24	15.95	--	11	17545	买盘
10:20:21	15.95	--	11	17545	买盘
10:20:12	15.95	0.03	11	17545	买盘
10:20:09	15.92	-0.03	15	23880	卖盘
10:20:06	15.95	0.03	41	65395	买盘
10:20:03	15.92	-0.01	16	25472	卖盘
10:20:00	15.93	--	15	23895	卖盘
10:19:57	15.93	--	23	36639	卖盘
10:19:51	15.93	0.01	3	4779	卖盘
10:19:42	15.92	--	5	7960	卖盘
10:19:39	15.92	--	13	20696	卖盘
10:19:33	15.92	--	29	46168	卖盘
10:19:27	15.92	--	24	38208	卖盘
10:19:21	15.92	-0.02	6	9552	卖盘
10:19:18	15.94	0.02	15	23910	买盘
10:19:03	15.92	-0.02	3	4776	卖盘
10:18:48	15.94	--	2	3188	买盘
10:18:45	15.94	0.02	17	27098	买盘
10:18:42	15.92	-0.02	1	1592	卖盘
10:18:36	15.94	--	73	116362	买盘
10:18:24	15.94	0.01	7	11158	买盘
10:18:21	15.93	--	3	4779	买盘
10:18:15	15.93	-0.01	2	3186	中性盘
10:18:00	15.94	0.01	10	15940	买盘
10:17:54	15.93	--	2	3186	买盘
10:17:51	15.93	--	3	4779	卖盘
10:17:48	15.93	--	100	159300	买盘
10:17:36	15.93	0.01	10	15930	买盘
10:17:30	15.92	--	7	11144	卖盘
10:17:24	15.92	-0.01	2	3184	卖盘
10:17:21	15.93	0.01	10	15930	买盘
10:17:15	15.92	-0.01	29	46168	卖盘
10:17:12	15.93	--	15	23895	卖盘
10:17:09	15.93	--	20	31860	卖盘
10:17:06	15.93	--	191	304263	卖盘
10:17:03	15.93	--	5	7965	卖盘
10:16:51	15.93	-0.01	12	19116	卖盘
10:16:33	15.94	--	39	62166	卖盘
10:16:24	15.94	-0.01	2	3188	卖盘
10:16:00	15.95	--	32	51040	卖盘
10:15:54	15.95	--	1	1595	卖盘
10:15:51	15.95	--	20	31900	卖盘
10:15:42	15.95	-0.01	22	35090	卖盘
10:15:39	15.96	--	2	3192	买盘
10:15:33	15.96	--	26	41496	买盘
10:15:21	15.96	0.01	3	4788	买盘
10:15:15	15.95	--	12	19140	卖盘
10:15:12	15.95	--	29	46255	卖盘
10:15:06	15.95	--	13	20735	卖盘
10:14:57	15.95	--	28	44660	卖盘
10:14:48	15.95	-0.01	2	3190	卖盘
10:14:45	15.96	--	11	17556	卖盘
10:14:42	15.96	0.01	9	14364	买盘
10:14:39	15.95	-0.01	10	15950	卖盘
10:14:36	15.96	0.01	5	7980	买盘
10:14:30	15.95	-0.01	1	1595	卖盘
10:14:21	15.96	--	3	4788	买盘
10:14:18	15.96	-0.01	39	62244	卖盘
10:14:15	15.97	--	20	31940	买盘
10:14:09	15.97	--	29	46313	买盘
10:14:06	15.97	--	44	70268	买盘
10:14:03	15.97	0.01	31	49507	买盘
10:14:00	15.96	-0.01	2	3192	卖盘
10:13:57	15.97	--	15	23955	买盘
10:13:51	15.97	0.02	13	20761	买盘
10:13:48	15.95	--	20	31900	卖盘
10:13:42	15.95	--	6	9570	卖盘
10:13:39	15.95	--	1	1595	卖盘
10:13:36	15.95	-0.02	2	3190	中性盘
10:13:33	15.97	0.03	1	1597	买盘
10:13:24	15.94	-0.01	40	63760	卖盘
10:13:21	15.95	-0.02	5	7975	卖盘
10:13:12	15.97	0.03	30	47910	买盘
10:13:09	15.94	-0.02	1	1594	卖盘
10:13:06	15.96	0.01	64	102144	买盘
10:13:03	15.95	--	3	4785	买盘
10:13:00	15.95	0.02	53	84535	买盘
10:12:51	15.93	--	97	154521	卖盘
10:12:45	15.93	0.01	37	58941	买盘
10:12:42	15.92	-0.01	25	39800	卖盘
10:12:36	15.93	--	44	70092	买盘
10:12:30	15.93	0.01	3	4779	买盘
10:12:24	15.92	0.02	31	49352	中性盘
10:12:06	15.9	-0.02	3	4770	卖盘
10:12:00	15.92	0.02	20	31840	买盘
10:11:54	15.9	-0.01	2	3180	卖盘
10:11:51	15.91	--	8	12728	买盘
10:11:48	15.91	0.01	5	7955	买盘
10:11:42	15.9	--	1	1590	卖盘
10:11:39	15.9	0.01	33	52470	买盘
10:11:36	15.89	-0.01	15	23835	卖盘
10:11:27	15.9	--	20	31800	卖盘
10:11:24	15.9	--	2	3180	卖盘
10:11:15	15.9	0.01	188	298920	买盘
10:11:12	15.89	--	14	22246	卖盘
10:11:09	15.89	-0.01	40	63560	卖盘
10:11:00	15.9	0.01	103	163770	买盘
10:10:54	15.89	--	10	15890	卖盘
10:10:48	15.89	--	1	1589	卖盘
10:10:42	15.89	--	32	50848	卖盘
10:10:39	15.89	0.01	20	31780	买盘
10:10:36	15.88	--	11	17468	卖盘
10:10:24	15.88	--	64	102505	买盘
10:10:21	15.88	--	10	15880	买盘
10:10:15	15.88	0.01	18	28584	买盘
10:10:12	15.87	0.01	8	12696	卖盘
10:09:57	15.86	--	5	7930	卖盘
10:09:54	15.86	-0.01	202	320372	卖盘
10:09:51	15.87	--	3	4761	买盘
10:09:39	15.87	--	1	1587	买盘
10:09:33	15.87	0.01	12	19044	买盘
10:09:27	15.86	-0.01	35	55510	卖盘
10:09:24	15.87	--	2	3174	买盘
10:09:21	15.87	--	28	44436	买盘
10:09:18	15.87	--	1	1587	买盘
10:09:15	15.87	--	21	33327	买盘
10:09:09	15.87	--	2	3174	买盘
10:09:00	15.87	--	128	203136	卖盘
10:08:57	15.87	--	16	25392	卖盘
10:08:45	15.87	--	32	50784	卖盘
10:08:42	15.87	--	12	19044	中性盘
10:08:36	15.87	0.01	2	3174	买盘
10:08:33	15.86	-0.01	14	22204	卖盘
10:08:21	15.87	--	4	6348	卖盘
10:08:15	15.87	-0.01	21	33327	卖盘
10:08:12	15.88	0.01	6	9528	买盘
10:08:09	15.87	--	1	1587	卖盘
10:07:45	15.87	-0.01	10	15870	卖盘
10:07:42	15.88	--	5	7940	买盘
10:07:33	15.88	--	10	15880	买盘
10:07:21	15.88	0.01	35	55580	买盘
10:07:12	15.87	--	19	30153	买盘
10:07:09	15.87	--	5	7935	买盘
10:07:06	15.87	-0.01	2	3174	中性盘
10:06:51	15.88	--	8	12704	买盘
10:06:48	15.88	--	20	31760	买盘
10:06:39	15.88	0.01	1	1588	买盘
10:06:36	15.87	--	1	1587	卖盘
10:06:21	15.87	--	50	79350	卖盘
10:06:15	15.87	0.03	3	4761	买盘
10:06:12	15.84	-0.03	37	58608	卖盘
10:06:06	15.87	--	30	47610	买盘
10:05:57	15.87	0.01	15	23805	买盘
10:05:51	15.86	-0.01	4	6344	买盘
10:05:48	15.87	0.03	2	3174	买盘
10:05:45	15.84	-0.04	140	221760	卖盘
10:05:42	15.88	--	18	28584	买盘
10:05:36	15.88	--	13	20644	买盘
10:05:33	15.88	--	2	3176	买盘
10:05:30	15.88	--	2	3176	买盘
10:05:27	15.88	0.03	1	1588	买盘
10:05:21	15.85	--	14	22190	卖盘
10:05:06	15.85	-0.03	140	221900	卖盘
10:05:03	15.88	0.01	44	69872	买盘
10:04:57	15.87	--	9	14283	卖盘
10:04:51	15.87	--	18	28566	买盘
10:04:48	15.87	--	3	4761	买盘
10:04:45	15.87	--	20	31740	买盘
10:04:24	15.87	--	79	125373	卖盘
10:04:21	15.87	--	15	23805	卖盘
10:04:18	15.87	--	31	49197	卖盘
10:04:15	15.87	--	10	15870	卖盘
10:04:09	15.87	--	25	39675	买盘
10:03:45	15.87	--	7	11109	买盘
10:03:42	15.87	--	2	3174	买盘
10:03:36	15.87	--	10	15870	买盘
10:03:33	15.87	--	5	7935	买盘
10:03:24	15.87	--	8	12696	买盘
10:03:18	15.87	--	2	3174	买盘
10:03:15	15.87	0.02	30	47610	中性盘
10:03:12	15.85	--	29	45965	卖盘
10:03:09	15.85	-0.02	16	25360	卖盘
10:03:06	15.87	--	16	25392	买盘
10:02:57	15.87	--	11	17457	买盘
10:02:51	15.87	--	20	31740	买盘
10:02:42	15.87	--	10	15870	买盘
10:02:39	15.87	--	2	3174	买盘
10:02:30	15.87	0.02	10	15870	买盘
10:02:27	15.85	-0.02	1	1585	卖盘
10:02:24	15.87	--	11	17457	买盘
10:02:21	15.87	--	3	4761	买盘
10:02:18	15.87	--	10	15870	买盘
10:02:09	15.87	--	10	15870	买盘
10:02:06	15.87	0.01	10	15870	买盘
10:02:03	15.86	0.01	10	15860	买盘
10:01:57	15.85	--	175	277375	买盘
10:01:54	15.85	--	1	1585	买盘
10:01:51	15.85	0.01	7	11095	买盘
10:01:48	15.84	-0.01	12	19008	卖盘
10:01:45	15.85	--	2	3170	买盘
10:01:42	15.85	0.01	2	3170	买盘
10:01:39	15.84	--	10	15840	卖盘
10:01:36	15.84	-0.01	1	1584	卖盘
10:01:33	15.85	-0.01	4	6340	中性盘
10:01:30	15.86	--	32	50752	买盘
10:01:21	15.86	0.01	4	6344	买盘
10:01:18	15.85	0.01	12	19020	中性盘
10:01:15	15.84	--	2	3168	卖盘
10:01:12	15.84	-0.02	23	36432	卖盘
10:01:06	15.86	0.01	5	7930	买盘
10:01:03	15.85	--	17	26945	买盘
10:01:00	15.85	--	21	33285	买盘
10:00:57	15.85	0.01	16	25360	买盘
10:00:39	15.84	-0.01	9	14256	卖盘
10:00:36	15.85	--	2	3170	买盘
10:00:33	15.85	0.01	5	7925	卖盘
10:00:27	15.84	-0.02	5	7920	卖盘
10:00:24	15.86	0.02	8	12688	买盘
10:00:21	15.84	-0.02	10	15840	卖盘
10:00:12	15.86	--	34	53924	买盘
09:59:54	15.86	--	2	3172	买盘
09:59:48	15.86	--	1	1586	买盘
09:59:42	15.86	0.03	2	3172	买盘
09:59:33	15.83	--	63	99729	卖盘
09:59:27	15.83	-0.01	5	7915	卖盘
09:59:24	15.84	0.01	6	9504	买盘
09:59:21	15.83	--	50	79150	卖盘
09:59:18	15.83	-0.01	13	20579	卖盘
09:59:06	15.84	--	6	9504	买盘
09:59:03	15.84	0.01	3	4752	买盘
09:59:00	15.83	-0.03	2	3166	卖盘
09:58:54	15.86	0.02	1	1586	买盘
09:58:48	15.84	--	53	83952	卖盘
09:58:42	15.84	-0.01	23	36432	卖盘
09:58:39	15.85	--	9	14265	买盘
09:58:30	15.85	--	5	7925	买盘
09:58:24	15.85	-0.01	86	136310	卖盘
09:58:21	15.86	--	20	31720	买盘
09:58:18	15.86	--	12	19032	买盘
09:58:06	15.86	--	13	20618	中性盘
09:57:51	15.86	--	7	11102	卖盘
09:57:48	15.86	--	3	4758	买盘
09:57:42	15.86	0.01	12	19032	买盘
09:57:39	15.85	--	11	17435	卖盘
09:57:36	15.85	--	5	7925	卖盘
09:57:33	15.85	--	27	42795	买盘
09:57:27	15.85	0.01	10	15850	买盘
09:57:24	15.84	--	1	1584	卖盘
09:57:15	15.84	-0.01	40	63360	卖盘
09:57:12	15.85	0.01	42	66570	买盘
09:57:09	15.84	--	7	11088	卖盘
09:57:06	15.84	--	6	9504	卖盘
09:57:00	15.84	--	6	9709	卖盘
09:56:57	15.84	0.01	2	3168	卖盘
09:56:54	15.83	--	14	22162	买盘
09:56:51	15.83	--	7	11081	卖盘
09:56:48	15.83	--	57	90231	卖盘
09:56:45	15.83	-0.02	14	22162	卖盘
09:56:42	15.85	--	5	7925	买盘
09:56:39	15.85	--	4	6340	买盘
09:56:36	15.85	0.02	12	19020	买盘
09:56:33	15.83	-0.02	2	3166	卖盘
09:56:30	15.85	--	9	14265	买盘
09:56:27	15.85	--	3	4755	买盘
09:56:24	15.85	--	18	28530	卖盘
09:56:21	15.85	--	2	3170	卖盘
09:56:18	15.85	-0.03	1	1585	卖盘
09:56:09	15.88	0.01	5	7940	买盘
09:56:06	15.87	--	2	3174	买盘
09:56:00	15.87	--	2	3174	买盘
09:55:54	15.87	-0.01	24	38088	中性盘
09:55:48	15.88	0.01	41	65108	买盘
09:55:45	15.87	--	9	14283	买盘
09:55:42	15.87	0.02	3	4761	买盘
09:55:39	15.85	--	7	11095	买盘
09:55:36	15.85	--	6	9510	买盘
09:55:33	15.85	-0.02	33	53462	卖盘
09:55:30	15.87	0.01	5	8220	买盘
09:55:27	15.86	--	20	31720	买盘
09:55:24	15.86	0.01	5	7930	买盘
09:55:21	15.85	--	152	241633	卖盘
09:55:18	15.85	--	10	15850	卖盘
09:55:15	15.85	-0.02	10	15850	卖盘
09:55:12	15.87	0.01	10	15870	买盘
09:55:09	15.86	--	5	7930	买盘
09:55:06	15.86	0.01	54	86310	买盘
09:55:00	15.85	-0.01	30	47550	卖盘
09:54:57	15.86	0.01	27	44328	买盘
09:54:51	15.85	--	60	95575	卖盘
09:54:45	15.85	--	12	19020	卖盘
09:54:42	15.85	--	49	77665	卖盘
09:54:39	15.85	--	8	12680	卖盘
09:54:36	15.85	--	3	6292	卖盘
09:54:33	15.85	-0.01	18	28530	卖盘
09:54:30	15.86	0.01	5	7930	买盘
09:54:21	15.85	--	6	9510	买盘
09:54:18	15.85	--	2	3170	买盘
09:54:15	15.85	--	24	38040	买盘
09:54:12	15.85	0.01	1	1585	买盘
09:54:09	15.84	-0.01	35	55440	卖盘
09:54:03	15.85	--	10	15850	买盘
09:53:57	15.85	--	2	3170	买盘
09:53:54	15.85	--	16	25360	买盘
09:53:45	15.85	0.01	5	7925	买盘
09:53:42	15.84	--	12	19008	卖盘
09:53:36	15.84	0.01	10	15840	卖盘
09:53:33	15.83	--	2	3166	买盘
09:53:30	15.83	--	111	175713	卖盘
09:53:21	15.83	--	12	18996	买盘
09:53:18	15.83	-0.01	35	56386	卖盘
09:53:15	15.84	0.01	28	44352	中性盘
09:53:12	15.83	--	19	30077	卖盘
09:53:09	15.83	--	1	1583	卖盘
09:52:57	15.83	-0.01	31	49073	卖盘
09:52:54	15.84	--	3	5353	买盘
09:52:51	15.84	--	5	7920	买盘
09:52:48	15.84	--	10	15840	买盘
09:52:45	15.84	--	3	4752	买盘
09:52:39	15.84	0.01	30	47520	买盘
09:52:33	15.83	-0.01	38	60154	卖盘
09:52:30	15.84	--	1	1584	买盘
09:52:24	15.84	--	64	102358	卖盘
09:52:21	15.84	-0.01	31	49705	卖盘
09:52:09	15.85	--	52	82420	卖盘
09:52:06	15.85	-0.01	13	20605	卖盘
09:52:00	15.86	--	24	38064	买盘
09:51:54	15.86	0.01	17	26962	买盘
09:51:48	15.85	-0.01	17	26945	卖盘
09:51:45	15.86	0.01	30	47580	买盘
09:51:42	15.85	-0.01	5	7925	卖盘
09:51:39	15.86	--	2	3172	买盘
09:51:33	15.86	--	5	7930	买盘
09:51:21	15.86	--	23	36557	卖盘
09:51:18	15.86	--	34	55430	卖盘
09:51:12	15.86	-0.01	60	95160	卖盘
09:51:09	15.87	--	49	77763	卖盘
09:51:06	15.87	0.01	5	7935	买盘
09:51:00	15.86	-0.01	45	71370	卖盘
09:50:54	15.87	0.01	5	7935	买盘
09:50:48	15.86	-0.01	53	84058	卖盘
09:50:45	15.87	--	1	1587	买盘
09:50:39	15.87	--	10	15870	买盘
09:50:33	15.87	--	10	15870	买盘
09:50:30	15.87	-0.01	160	253999	卖盘
09:50:27	15.88	--	2	3176	买盘
09:50:12	15.88	--	6	9528	买盘
09:50:09	15.88	--	20	31760	买盘
09:50:06	15.88	--	23	36524	买盘
09:49:51	15.88	--	7	11116	买盘
09:49:42	15.88	--	5	7940	买盘
09:49:39	15.88	--	2	3176	买盘
09:49:36	15.88	0.01	7	11116	买盘
09:49:30	15.87	-0.01	3	4761	卖盘
09:49:27	15.88	--	5	7940	买盘
09:49:24	15.88	--	12	19056	买盘
09:49:21	15.88	--	10	15880	买盘
09:49:18	15.88	--	20	31760	买盘
09:49:15	15.88	--	20	31760	买盘
09:49:12	15.88	--	46	73048	买盘
09:49:06	15.88	0.01	20	31760	买盘
09:49:03	15.87	--	23	38008	买盘
09:49:00	15.87	--	4	6348	买盘
09:48:57	15.87	--	27	42928	卖盘
09:48:45	15.87	--	4	7855	买盘
09:48:42	15.87	--	13	20710	卖盘
09:48:39	15.87	--	5	7935	卖盘
09:48:36	15.87	-0.01	6	9522	卖盘
09:48:30	15.88	--	22	34936	买盘
09:48:21	15.88	0.01	8	12704	中性盘
09:48:18	15.87	-0.01	25	39675	卖盘
09:48:15	15.88	0.01	6	9528	买盘
09:48:03	15.87	--	30	47610	卖盘
09:47:54	15.87	-0.01	5	7935	卖盘
09:47:51	15.88	--	80	127040	中性盘
09:47:45	15.88	--	15	23820	卖盘
09:47:36	15.88	0.01	5	7940	买盘
09:47:33	15.87	--	3	4761	卖盘
09:47:27	15.87	--	2	3174	卖盘
09:47:24	15.87	--	22	34914	卖盘
09:47:21	15.87	-0.02	2	3174	卖盘
09:47:18	15.89	0.02	14	22246	买盘
09:47:09	15.87	-0.02	55	87285	卖盘
09:47:06	15.89	0.01	30	47670	买盘
09:47:00	15.88	--	3	5748	卖盘
09:46:57	15.88	--	3	4764	卖盘
09:46:54	15.88	-0.01	15	23820	卖盘
09:46:48	15.89	0.01	22	34958	买盘
09:46:45	15.88	-0.01	160	254683	卖盘
09:46:42	15.89	--	4	6356	买盘
09:46:39	15.89	--	49	77861	买盘
09:46:36	15.89	--	2	3178	买盘
09:46:33	15.89	-0.01	121	192269	卖盘
09:46:24	15.9	--	34	54060	买盘
09:46:18	15.9	--	2	3180	买盘
09:46:12	15.9	-0.02	51	81090	卖盘
09:45:57	15.92	--	70	111440	卖盘
09:45:54	15.92	--	3	4776	卖盘
09:45:51	15.92	--	11	17512	买盘
09:45:48	15.92	0.04	2	3184	买盘
09:45:45	15.88	-0.04	67	106396	卖盘
09:45:39	15.92	0.03	2	3184	买盘
09:45:36	15.89	--	51	81039	卖盘
09:45:21	15.89	--	13	20657	买盘
09:45:18	15.89	--	5	7945	买盘
09:45:15	15.89	--	6	9534	买盘
09:45:09	15.89	0.01	10	15890	买盘
09:45:03	15.88	--	102	161976	卖盘
09:45:00	15.88	--	5	7940	买盘
09:44:57	15.88	--	46	73048	买盘
09:44:54	15.88	0.01	59	93692	买盘
09:44:45	15.87	-0.01	1	1587	卖盘
09:44:42	15.88	--	10	15880	买盘
09:44:33	15.88	0.01	2	3176	买盘
09:44:27	15.87	--	1	1587	卖盘
09:44:21	15.87	--	4	7855	买盘
09:44:18	15.87	0.01	115	182505	买盘
09:44:06	15.86	--	25	39650	买盘
09:43:51	15.86	--	8	12688	买盘
09:43:48	15.86	--	5	7930	买盘
09:43:45	15.86	--	2	3172	卖盘
09:43:42	15.86	-0.01	3	4758	卖盘
09:43:39	15.87	--	3	4761	买盘
09:43:36	15.87	--	10	15870	买盘
09:43:33	15.87	-0.01	5	7935	买盘
09:43:30	15.88	-0.01	27	42876	卖盘
09:43:27	15.89	0.01	45	71505	买盘
09:43:24	15.88	0.04	36	57168	买盘
09:43:21	15.84	-0.04	33	52272	卖盘
09:43:18	15.88	0.03	41	65108	买盘
09:43:15	15.85	0.01	10	15850	买盘
09:43:09	15.84	-0.03	4	6336	卖盘
09:43:06	15.87	0.03	9	14283	买盘
09:43:03	15.84	-0.01	6	9504	卖盘
09:43:00	15.85	--	4	6340	买盘
09:42:57	15.85	--	10	15850	买盘
09:42:54	15.85	-0.03	380	602300	卖盘
09:42:51	15.88	--	10	15880	买盘
09:42:45	15.88	0.01	5	7940	买盘
09:42:36	15.87	--	2	3174	卖盘
09:42:33	15.87	0.01	19	30153	买盘
09:42:30	15.86	-0.01	4	6344	卖盘
09:42:27	15.87	--	4	6348	买盘
09:42:24	15.87	--	11	17457	买盘
09:42:21	15.87	-0.01	8	12696	买盘
09:42:12	15.88	0.01	6	9528	买盘
09:42:09	15.87	--	85	134895	买盘
09:42:06	15.87	--	46	73002	买盘
09:42:03	15.87	--	5	7935	买盘
09:42:00	15.87	0.01	15	23805	买盘
09:41:57	15.86	-0.01	147	233142	卖盘
09:41:54	15.87	0.01	1	1587	买盘
09:41:51	15.86	-0.01	100	158600	卖盘
09:41:48	15.87	0.01	7	11109	买盘
09:41:45	15.86	--	15	23790	卖盘
09:41:42	15.86	--	6	9516	卖盘
09:41:39	15.86	--	33	52338	卖盘
09:41:33	15.86	--	81	128466	买盘
09:41:27	15.86	0.01	2	3172	买盘
09:41:24	15.85	-0.01	40	63400	卖盘
09:41:21	15.86	--	27	42822	买盘
09:41:15	15.86	--	26	41236	买盘
09:41:12	15.86	--	5	7930	买盘
09:41:09	15.86	-0.01	114	180804	卖盘
09:41:06	15.87	--	6	9522	买盘
09:41:03	15.87	--	50	79350	买盘
09:41:00	15.87	--	16	25392	买盘
09:40:57	15.87	--	50	79350	买盘
09:40:54	15.87	0.01	166	263442	买盘
09:40:51	15.86	-0.01	5	7930	卖盘
09:40:45	15.87	0.01	5	7935	买盘
09:40:39	15.86	-0.01	3	4758	卖盘
09:40:36	15.87	--	9	14283	买盘
09:40:24	15.87	0.01	11	17457	买盘
09:40:21	15.86	--	34	53924	买盘
09:40:18	15.86	--	50	79300	买盘
09:40:15	15.86	-0.01	10	15860	卖盘
09:40:12	15.87	--	62	98394	买盘
09:40:09	15.87	--	5	7935	买盘
09:40:06	15.87	0.01	13	20631	买盘
09:40:03	15.86	-0.01	13	20618	卖盘
09:39:57	15.87	--	1	1587	买盘
09:39:51	15.87	--	1	1587	买盘
09:39:45	15.87	--	35	55545	买盘
09:39:39	15.87	--	2	3174	买盘
09:39:33	15.87	--	6	9522	买盘
09:39:27	15.87	0.02	3	4761	买盘
09:39:24	15.85	-0.01	3	4755	卖盘
09:39:21	15.86	--	10	15860	买盘
09:39:18	15.86	0.01	4	6344	中性盘
09:39:12	15.85	-0.02	10	15850	卖盘
09:39:09	15.87	--	15	23805	买盘
09:39:06	15.87	--	12	19044	买盘
09:39:03	15.87	0.02	26	41262	买盘
09:39:00	15.85	-0.01	8	12680	中性盘
09:38:54	15.86	0.02	15	23790	买盘
09:38:51	15.84	-0.01	17	26928	中性盘
09:38:45	15.85	--	53	84005	买盘
09:38:42	15.85	--	17	26945	买盘
09:38:39	15.85	-0.01	7	11095	卖盘
09:38:36	15.86	--	8	12688	买盘
09:38:33	15.86	0.01	2	3172	买盘
09:38:30	15.85	-0.01	15	23775	卖盘
09:38:18	15.86	-0.01	2	3172	卖盘
09:38:15	15.87	0.01	6	9522	买盘
09:38:12	15.86	--	1	1586	买盘
09:38:09	15.86	-0.01	7	11102	卖盘
09:38:06	15.87	--	17	26979	买盘
09:38:03	15.87	--	3	4761	买盘
09:38:00	15.87	0.01	52	82524	买盘
09:37:57	15.86	-0.01	1	1586	卖盘
09:37:54	15.87	--	21	33327	买盘
09:37:51	15.87	--	32	50784	买盘
09:37:48	15.87	0.04	24	38088	买盘
09:37:45	15.83	-0.04	39	61737	卖盘
09:37:42	15.87	--	14	22218	买盘
09:37:39	15.87	--	9	14283	买盘
09:37:36	15.87	--	11	17457	买盘
09:37:33	15.87	--	20	31740	买盘
09:37:30	15.87	0.03	8	12696	买盘
09:37:27	15.84	-0.03	22	34848	卖盘
09:37:24	15.87	--	8	12696	买盘
09:37:21	15.87	--	20	31740	买盘
09:37:12	15.87	0.04	22	34914	买盘
09:37:09	15.83	-0.04	18	28494	卖盘
09:37:06	15.87	--	10	15870	买盘
09:37:03	15.87	0.05	2	3174	买盘
09:36:51	15.82	--	2	3164	卖盘
09:36:48	15.82	-0.05	7	11074	卖盘
09:36:42	15.87	--	2	3174	买盘
09:36:36	15.87	0.01	22	34914	买盘
09:36:33	15.86	-0.01	10	15860	卖盘
09:36:30	15.87	--	25	39675	卖盘
09:36:27	15.87	--	54	85698	卖盘
09:36:24	15.87	-0.01	2	3174	卖盘
09:36:18	15.88	-0.01	82	130216	卖盘
09:36:09	15.89	--	1	1589	买盘
09:36:06	15.89	--	10	15890	买盘
09:36:03	15.89	-0.02	32	50848	卖盘
09:36:00	15.91	--	16	25456	卖盘
09:35:51	15.91	-0.01	221	351611	卖盘
09:35:48	15.92	--	10	15920	卖盘
09:35:45	15.92	-0.01	4	6368	卖盘
09:35:42	15.93	--	13	20709	买盘
09:35:39	15.93	0.01	1	1593	买盘
09:35:36	15.92	-0.01	15	23880	卖盘
09:35:33	15.93	--	5	7965	买盘
09:35:27	15.93	--	4	6372	卖盘
09:35:24	15.93	-0.01	15	23895	卖盘
09:35:21	15.94	--	3	4782	买盘
09:35:18	15.94	-0.02	3	4782	买盘
09:35:15	15.96	--	33	52668	买盘
09:35:12	15.96	0.01	20	31920	买盘
09:35:03	15.95	--	3	4785	卖盘
09:35:00	15.95	-0.01	10	15950	卖盘
09:34:57	15.96	0.01	5	7980	买盘
09:34:54	15.95	--	1	1595	买盘
09:34:51	15.95	-0.01	25	39875	买盘
09:34:48	15.96	0.01	100	159600	买盘
09:34:42	15.95	-0.01	49	78155	卖盘
09:34:39	15.96	--	2	3192	买盘
09:34:36	15.96	--	1	1596	买盘
09:34:33	15.96	0.01	18	28728	买盘
09:34:30	15.95	-0.01	12	19140	卖盘
09:34:27	15.96	-0.01	13	20748	中性盘
09:34:09	15.97	--	9	14373	买盘
09:34:06	15.97	--	10	15970	买盘
09:33:57	15.97	--	10	15970	买盘
09:33:54	15.97	0.01	18	28746	买盘
09:33:51	15.96	--	1	1596	买盘
09:33:45	15.96	-0.01	11	17556	卖盘
09:33:39	15.97	--	4	6388	买盘
09:33:30	15.97	-0.01	392	627014	卖盘
09:33:24	15.98	--	14	22372	买盘
09:33:18	15.98	0.01	607	970593	买盘
09:33:15	15.97	--	12	19164	卖盘
09:33:12	15.97	--	17	27149	买盘
09:33:06	15.97	--	12	19164	买盘
09:33:03	15.97	--	10	15970	买盘
09:33:00	15.97	--	22	35134	卖盘
09:32:48	15.97	-0.01	5	7985	卖盘
09:32:42	15.98	0.01	10	15980	买盘
09:32:36	15.97	0.02	17	27149	买盘
09:32:33	15.95	-0.01	29	46255	卖盘
09:32:24	15.96	-0.02	2	3192	卖盘
09:32:18	15.98	--	5	7990	买盘
09:32:12	15.98	--	9	15500	卖盘
09:32:06	15.98	--	2	3196	卖盘
09:31:57	15.98	0.03	8	13263	买盘
09:31:48	15.95	-0.02	76	122336	卖盘
09:31:45	15.97	0.02	8	12776	买盘
09:31:42	15.95	--	5	7975	卖盘
09:31:36	15.95	-0.03	21	33495	卖盘
09:31:33	15.98	0.03	20	31960	买盘
09:31:30	15.95	-0.03	6	9570	卖盘
09:31:27	15.98	-0.01	10	15980	中性盘
09:31:24	15.99	0.01	13	20787	中性盘
09:31:18	15.98	-0.01	28	44744	卖盘
09:31:15	15.99	--	31	49569	买盘
09:31:03	15.99	--	24	38376	买盘
09:30:57	15.99	--	26	41574	买盘
09:30:54	15.99	--	38	60762	卖盘
09:30:51	15.99	-0.01	109	174291	卖盘
09:30:48	16.0	--	18	28800	买盘
09:30:45	16.0	--	25	40000	买盘
09:30:42	16.0	0.01	4	6400	买盘
09:30:33	15.99	--	1	1599	卖盘
09:30:30	15.99	--	10	15990	卖盘
09:30:27	15.99	0.01	5	7995	买盘
09:30:21	15.98	--	17	27166	卖盘
09:30:18	15.98	-0.02	2	3196	卖盘
09:30:12	16.0	0.01	8	12800	买盘
09:30:09	15.99	0.03	31	49569	买盘
09:30:06	15.96	0.01	21	33516	卖盘
09:30:03	15.95	--	60	95700	卖盘
09:30:00	15.95	--	0	0	卖盘
09:25:03	15.95	15.95	88	140838	买盘
