成交时间	成交价	价格变动	成交量(手)	成交额(元)	性质
15:00:03	8.15	--	4425	3606375	卖盘
14:57:00	8.15	--	662	539530	卖盘
14:56:57	8.15	0.01	230	187450	买盘
14:56:54	8.14	-0.02	550	447700	卖盘
14:56:51	8.16	0.01	173	141168	买盘
14:56:48	8.15	-0.01	69	56235	卖盘
14:56:45	8.16	--	74	60384	买盘
14:56:42	8.16	0.01	524	427584	买盘
14:56:39	8.15	--	16	13040	卖盘
14:56:36	8.15	-0.01	64	52160	卖盘
14:56:33	8.16	--	211	172176	买盘
14:56:30	8.16	--	75	61200	买盘
14:56:27	8.16	--	22	17952	买盘
14:56:24	8.16	--	611	498576	买盘
14:56:21	8.16	--	22	17952	买盘
14:56:18	8.16	--	168	137088	买盘
14:56:15	8.16	--	386	314976	买盘
14:56:12	8.16	--	67	54672	买盘
14:56:09	8.16	-0.01	492	401472	卖盘
14:56:06	8.17	0.01	58	47386	买盘
14:56:03	8.16	-0.01	143	116688	卖盘
14:56:00	8.17	--	172	140524	买盘
14:55:57	8.17	0.01	138	112746	买盘
14:55:54	8.16	--	84	68544	卖盘
14:55:51	8.16	-0.01	81	66096	卖盘
14:55:48	8.17	--	49	40033	卖盘
14:55:45	8.17	0.02	189	154413	卖盘
14:55:42	8.15	-0.02	1902	1550130	卖盘
14:55:39	8.17	--	784	640528	买盘
14:55:36	8.17	--	64	52288	买盘
14:55:33	8.17	0.01	357	291669	买盘
14:55:30	8.16	--	49	39984	卖盘
14:55:27	8.16	--	122	99552	卖盘
14:55:24	8.16	--	391	319056	卖盘
14:55:21	8.16	-0.01	123	100368	卖盘
14:55:18	8.17	--	184	150328	买盘
14:55:15	8.17	--	3	2451	买盘
14:55:12	8.17	--	232	189544	卖盘
14:55:09	8.17	--	551	450167	卖盘
14:55:06	8.17	-0.01	144	117648	卖盘
14:55:03	8.18	0.01	279	228222	买盘
14:55:00	8.17	-0.01	541	441997	卖盘
14:54:57	8.18	0.01	30	24540	买盘
14:54:54	8.17	-0.01	149	121733	卖盘
14:54:51	8.18	--	140	114520	买盘
14:54:48	8.18	--	8	6544	买盘
14:54:45	8.18	0.01	179	146422	买盘
14:54:42	8.17	-0.01	550	449350	卖盘
14:54:39	8.18	--	91	74438	买盘
14:54:36	8.18	--	30	24540	买盘
14:54:33	8.18	--	165	134970	买盘
14:54:30	8.18	--	1363	1115670	卖盘
14:54:27	8.18	-0.01	14	11452	卖盘
14:54:24	8.19	--	92	75348	买盘
14:54:21	8.19	0.01	133	109008	买盘
14:54:18	8.18	-0.01	261	213498	卖盘
14:54:15	8.19	0.01	12	9828	买盘
14:54:12	8.18	-0.01	67	54806	卖盘
14:54:09	8.19	--	18	14742	买盘
14:54:06	8.19	--	188	153972	买盘
14:54:03	8.19	--	19	15560	卖盘
14:54:00	8.19	--	50	40950	卖盘
14:53:57	8.19	--	465	380835	卖盘
14:53:54	8.19	--	13	10647	卖盘
14:53:51	8.19	--	75	61424	买盘
14:53:48	8.19	--	172	140868	卖盘
14:53:45	8.19	0.01	112	91728	买盘
14:53:42	8.18	--	41	33538	卖盘
14:53:39	8.18	-0.01	20	16360	卖盘
14:53:36	8.19	--	33	27027	买盘
14:53:33	8.19	--	39	31940	卖盘
14:53:30	8.19	--	26	21294	买盘
14:53:24	8.19	--	95	77805	卖盘
14:53:21	8.19	--	18	14742	卖盘
14:53:18	8.19	--	18	14742	卖盘
14:53:15	8.19	--	11	9009	卖盘
14:53:12	8.19	--	18	14742	卖盘
14:53:06	8.19	--	40	32759	卖盘
14:53:03	8.19	--	90	73710	卖盘
14:53:00	8.19	--	70	57330	买盘
14:52:57	8.19	0.01	33	27027	中性盘
14:52:54	8.18	-0.01	330	269940	卖盘
14:52:51	8.19	--	15	12285	卖盘
14:52:48	8.19	--	52	42588	买盘
14:52:45	8.19	--	145	118755	买盘
14:52:42	8.19	--	38	31121	买盘
14:52:39	8.19	0.01	739	605241	买盘
14:52:36	8.18	-0.01	193	157874	卖盘
14:52:33	8.19	0.01	187	153153	买盘
14:52:30	8.18	-0.01	197	161146	卖盘
14:52:27	8.19	0.01	105	85995	买盘
14:52:24	8.18	-0.01	88	71984	卖盘
14:52:21	8.19	--	46	37674	买盘
14:52:18	8.19	--	49	40131	买盘
14:52:15	8.19	0.01	114	93366	买盘
14:52:12	8.18	-0.01	62	50716	卖盘
14:52:09	8.19	0.01	130	106470	买盘
14:52:06	8.18	-0.01	81	66258	卖盘
14:52:03	8.19	0.01	50	40950	买盘
14:52:00	8.18	-0.01	418	341924	卖盘
14:51:57	8.19	--	25	20475	买盘
14:51:54	8.19	0.01	34	27846	买盘
14:51:51	8.18	-0.01	5	4090	卖盘
14:51:48	8.19	--	70	57330	买盘
14:51:42	8.19	--	2	1638	买盘
14:51:39	8.19	-0.01	1411	1156346	卖盘
14:51:36	8.2	--	225	184499	卖盘
14:51:33	8.2	--	51	41820	卖盘
14:51:30	8.2	--	70	57399	卖盘
14:51:27	8.2	--	72	59039	卖盘
14:51:24	8.2	-0.01	96	78720	卖盘
14:51:21	8.21	--	50	41050	买盘
14:51:18	8.21	--	35	28735	买盘
14:51:15	8.21	0.01	41	33661	买盘
14:51:12	8.2	-0.01	440	360799	卖盘
14:51:09	8.21	--	15	12315	买盘
14:51:06	8.21	--	385	316085	买盘
14:51:03	8.21	--	71	58291	买盘
14:51:00	8.21	--	1	821	买盘
14:50:57	8.21	--	40	32840	买盘
14:50:54	8.21	0.01	162	133002	买盘
14:50:51	8.2	--	121	99219	卖盘
14:50:48	8.2	-0.01	41	33620	卖盘
14:50:45	8.21	--	303	248763	买盘
14:50:42	8.21	0.01	56	45976	买盘
14:50:39	8.2	--	72	59039	卖盘
14:50:36	8.2	-0.01	130	106599	卖盘
14:50:33	8.21	--	11	9031	买盘
14:50:30	8.21	--	175	143675	买盘
14:50:27	8.21	--	104	85384	买盘
14:50:21	8.21	0.01	56	45976	买盘
14:50:18	8.2	--	314	257479	卖盘
14:50:15	8.2	-0.01	50	41000	卖盘
14:50:12	8.21	0.01	1169	959749	买盘
14:50:06	8.2	-0.01	62	50839	卖盘
14:50:03	8.21	--	163	133823	买盘
14:50:00	8.21	--	32	26272	买盘
14:49:57	8.21	0.01	150	123150	买盘
14:49:54	8.2	-0.01	46	37720	卖盘
14:49:51	8.21	0.01	59	48439	买盘
14:49:48	8.2	-0.02	400	328000	卖盘
14:49:45	8.22	0.01	9	7398	买盘
14:49:42	8.21	0.01	197	161737	买盘
14:49:39	8.2	-0.01	15	12299	卖盘
14:49:36	8.21	--	20	16420	买盘
14:49:33	8.21	--	51	41871	买盘
14:49:30	8.21	0.01	8	6568	买盘
14:49:27	8.2	-0.01	182	149240	卖盘
14:49:21	8.21	0.01	54	44334	买盘
14:49:18	8.2	-0.01	93	76260	卖盘
14:49:15	8.21	--	126	103446	买盘
14:49:12	8.21	--	20	16420	买盘
14:49:09	8.21	0.01	40	32840	买盘
14:49:06	8.2	-0.01	23	18860	卖盘
14:49:03	8.21	--	36	29556	买盘
14:49:00	8.21	0.01	15	12315	买盘
14:48:57	8.2	--	137	112339	卖盘
14:48:54	8.2	--	37	30339	卖盘
14:48:51	8.2	--	26	21319	卖盘
14:48:48	8.2	-0.01	130	106599	卖盘
14:48:45	8.21	0.01	129	105909	买盘
14:48:42	8.2	-0.01	74	60679	卖盘
14:48:39	8.21	0.01	34	27914	买盘
14:48:36	8.2	-0.01	51	41820	卖盘
14:48:33	8.21	--	42	34482	买盘
14:48:30	8.21	--	128	105088	买盘
14:48:27	8.21	0.01	120	98520	买盘
14:48:24	8.2	-0.01	656	537920	卖盘
14:48:21	8.21	--	110	90310	买盘
14:48:18	8.21	--	1	821	买盘
14:48:15	8.21	0.01	27	22167	买盘
14:48:12	8.2	--	100	82000	卖盘
14:48:09	8.2	--	127	104139	卖盘
14:48:06	8.2	-0.01	6	4920	卖盘
14:48:03	8.21	0.01	99	81279	买盘
14:48:00	8.2	-0.01	148	121687	卖盘
14:47:57	8.21	--	53	43513	买盘
14:47:54	8.21	--	123	100983	买盘
14:47:48	8.21	--	117	96057	买盘
14:47:45	8.21	--	184	151064	买盘
14:47:42	8.21	--	16	13136	买盘
14:47:39	8.21	0.01	1	821	买盘
14:47:36	8.2	-0.01	100	82000	卖盘
14:47:33	8.21	--	118	96878	买盘
14:47:30	8.21	--	56	45976	买盘
14:47:27	8.21	--	36	29556	买盘
14:47:24	8.21	--	11	9031	买盘
14:47:21	8.21	--	42	34482	买盘
14:47:18	8.21	--	32	26272	买盘
14:47:15	8.21	-0.01	261	214281	卖盘
14:47:09	8.22	0.01	27	22194	买盘
14:47:06	8.21	-0.01	40	32840	卖盘
14:47:03	8.22	0.01	19	15618	买盘
14:47:00	8.21	-0.01	109	89489	卖盘
14:46:57	8.22	0.01	1	822	买盘
14:46:54	8.21	--	25	20525	卖盘
14:46:51	8.21	--	30	24630	卖盘
14:46:48	8.21	-0.01	44	36124	卖盘
14:46:45	8.22	0.01	9	7398	买盘
14:46:42	8.21	-0.01	6	4926	卖盘
14:46:39	8.22	0.01	40	32880	买盘
14:46:36	8.21	-0.01	251	206071	卖盘
14:46:33	8.22	0.01	8	6576	买盘
14:46:27	8.21	--	20	16420	卖盘
14:46:24	8.21	--	4	3284	卖盘
14:46:21	8.21	-0.01	774	635454	卖盘
14:46:18	8.22	0.01	7	5754	买盘
14:46:15	8.21	--	70	57470	卖盘
14:46:12	8.21	--	5	4105	卖盘
14:46:06	8.21	-0.01	310	254510	卖盘
14:46:03	8.22	0.01	58	47676	买盘
14:46:00	8.21	-0.01	22	18062	卖盘
14:45:57	8.22	0.01	10	8220	买盘
14:45:54	8.21	-0.01	50	41050	卖盘
14:45:51	8.22	0.01	10	8220	买盘
14:45:48	8.21	--	56	45976	卖盘
14:45:45	8.21	--	13	10673	卖盘
14:45:42	8.21	-0.01	210	172410	卖盘
14:45:39	8.22	0.01	1	822	买盘
14:45:36	8.21	-0.01	13	10673	卖盘
14:45:33	8.22	--	8	6576	买盘
14:45:30	8.22	0.01	115	94530	买盘
14:45:27	8.21	-0.01	107	87847	卖盘
14:45:24	8.22	0.01	55	45210	买盘
14:45:21	8.21	-0.01	9	7389	卖盘
14:45:18	8.22	0.01	77	63294	买盘
14:45:15	8.21	--	132	108372	卖盘
14:45:12	8.21	-0.01	73	59933	卖盘
14:45:09	8.22	--	16	13152	买盘
14:45:06	8.22	--	108	88776	买盘
14:45:03	8.22	--	9	7398	买盘
14:45:00	8.22	--	1	822	买盘
14:44:57	8.22	0.01	311	255642	买盘
14:44:54	8.21	--	20	16420	卖盘
14:44:51	8.21	--	6	4926	卖盘
14:44:48	8.21	--	75	61575	买盘
14:44:45	8.21	0.01	29	23809	买盘
14:44:42	8.2	-0.02	25	20500	卖盘
14:44:36	8.22	--	176	144672	买盘
14:44:33	8.22	0.01	89	73158	买盘
14:44:30	8.21	--	1	821	买盘
14:44:24	8.21	--	41	33661	卖盘
14:44:21	8.21	--	5	4105	卖盘
14:44:18	8.21	--	15	12315	卖盘
14:44:15	8.21	--	291	238911	中性盘
14:44:12	8.21	0.01	2	1642	卖盘
14:44:09	8.2	-0.02	19	15579	卖盘
14:44:06	8.22	0.01	86	70692	买盘
14:44:03	8.21	0.01	10	8210	买盘
14:44:00	8.2	-0.01	6	4920	卖盘
14:43:57	8.21	--	111	91131	买盘
14:43:54	8.21	0.01	19	15599	买盘
14:43:51	8.2	-0.01	153	125459	卖盘
14:43:48	8.21	--	17	13957	卖盘
14:43:45	8.21	--	24	19704	卖盘
14:43:39	8.21	0.01	39	32019	买盘
14:43:36	8.2	-0.01	20	16400	卖盘
14:43:33	8.21	--	37	30377	买盘
14:43:30	8.21	--	6	4926	买盘
14:43:27	8.21	--	119	97699	买盘
14:43:24	8.21	0.01	74	60754	买盘
14:43:21	8.2	-0.01	112	91839	卖盘
14:43:18	8.21	--	26	21346	卖盘
14:43:15	8.21	0.01	32	26272	中性盘
14:43:12	8.2	-0.01	29	23779	卖盘
14:43:09	8.21	--	38	31198	买盘
14:43:06	8.21	-0.01	4	3284	买盘
14:43:03	8.22	0.01	32	26304	买盘
14:43:00	8.21	--	28	22988	买盘
14:42:57	8.21	--	6	4926	买盘
14:42:54	8.21	--	40	32840	买盘
14:42:51	8.21	--	19	15599	卖盘
14:42:48	8.21	--	16	13136	买盘
14:42:45	8.21	-0.01	46	37766	卖盘
14:42:42	8.22	0.01	24	19728	买盘
14:42:39	8.21	-0.01	112	91952	买盘
14:42:36	8.22	--	404	332088	买盘
14:42:33	8.22	--	328	269616	买盘
14:42:30	8.22	0.01	3	2466	买盘
14:42:27	8.21	--	290	238090	卖盘
14:42:24	8.21	--	10	8210	卖盘
14:42:21	8.21	-0.01	42	34482	卖盘
14:42:18	8.22	0.01	1	822	买盘
14:42:15	8.21	--	20	16420	卖盘
14:42:12	8.21	--	194	159274	卖盘
14:42:09	8.21	--	37	30377	卖盘
14:42:06	8.21	--	107	87847	卖盘
14:42:03	8.21	--	158	129718	卖盘
14:42:00	8.21	--	68	55828	卖盘
14:41:57	8.21	--	24	19704	卖盘
14:41:54	8.21	-0.01	385	316085	卖盘
14:41:51	8.22	0.01	2	1644	买盘
14:41:48	8.21	--	71	58291	卖盘
14:41:45	8.21	--	507	416247	卖盘
14:41:42	8.21	-0.01	16	13136	卖盘
14:41:39	8.22	0.01	11	9042	买盘
14:41:36	8.21	-0.01	8	6568	卖盘
14:41:33	8.22	0.01	9	7398	买盘
14:41:30	8.21	-0.01	50	41050	卖盘
14:41:27	8.22	--	177	145494	买盘
14:41:24	8.22	--	4	3288	买盘
14:41:21	8.22	--	392	322224	卖盘
14:41:18	8.22	--	7	5754	卖盘
14:41:15	8.22	--	557	457854	卖盘
14:41:12	8.22	--	113	92886	卖盘
14:41:09	8.22	--	11	9042	卖盘
14:41:06	8.22	-0.01	50	41100	卖盘
14:41:03	8.23	0.01	58	47734	买盘
14:41:00	8.22	-0.01	8	6576	卖盘
14:40:57	8.23	0.01	11	9053	买盘
14:40:54	8.22	--	13	10686	卖盘
14:40:51	8.22	-0.01	34	27948	卖盘
14:40:48	8.23	0.01	28	23044	买盘
14:40:45	8.22	-0.01	319	262218	卖盘
14:40:42	8.23	0.01	61	50203	买盘
14:40:39	8.22	-0.01	37	30414	卖盘
14:40:36	8.23	--	25	20575	买盘
14:40:33	8.23	--	9	7407	买盘
14:40:30	8.23	0.01	8	6584	买盘
14:40:27	8.22	-0.01	17	13974	卖盘
14:40:24	8.23	0.01	6	4938	买盘
14:40:18	8.22	-0.01	35	28770	卖盘
14:40:15	8.23	--	7	5761	买盘
14:40:12	8.23	--	20	16460	买盘
14:40:06	8.23	--	21	17283	买盘
14:40:03	8.23	0.01	61	50203	中性盘
14:39:54	8.22	-0.02	75	61650	卖盘
14:39:51	8.24	--	69	56856	买盘
14:39:42	8.24	--	324	266976	买盘
14:39:39	8.24	0.01	244	201056	买盘
14:39:36	8.23	-0.01	2	1646	卖盘
14:39:33	8.24	0.01	7	5768	买盘
14:39:30	8.23	--	44	36212	卖盘
14:39:27	8.23	0.01	11	9053	中性盘
14:39:24	8.22	-0.01	1231	1011882	卖盘
14:39:21	8.23	0.01	9	7407	卖盘
14:39:15	8.22	-0.02	35	28770	卖盘
14:39:12	8.24	0.01	3	2472	买盘
14:39:09	8.23	--	42	35043	买盘
14:39:03	8.23	--	70	57610	买盘
14:38:57	8.23	--	51	41973	买盘
14:38:54	8.23	--	1	823	买盘
14:38:48	8.23	-0.01	45	37380	卖盘
14:38:42	8.24	--	20	16480	买盘
14:38:39	8.24	0.01	20	16480	买盘
14:38:36	8.23	-0.01	4	3292	卖盘
14:38:33	8.24	0.01	5	4120	买盘
14:38:30	8.23	--	13	10699	卖盘
14:38:24	8.23	--	59	49034	买盘
14:38:21	8.23	--	48	39504	买盘
14:38:18	8.23	0.01	1	823	买盘
14:38:15	8.22	--	50	41100	卖盘
14:38:12	8.22	--	395	324690	买盘
14:38:09	8.22	--	6	4932	买盘
14:38:06	8.22	--	18	14796	买盘
14:38:03	8.22	--	3	2466	买盘
14:38:00	8.22	0.01	85	69870	买盘
14:37:57	8.21	-0.01	66	54186	卖盘
14:37:54	8.22	--	66	54252	买盘
14:37:51	8.22	--	11	9042	买盘
14:37:48	8.22	--	13	10686	买盘
14:37:45	8.22	--	8	6576	买盘
14:37:42	8.22	0.01	10	8220	买盘
14:37:39	8.21	-0.01	7	5747	卖盘
14:37:36	8.22	--	55	45210	买盘
14:37:33	8.22	--	2	1644	买盘
14:37:30	8.22	--	3	2466	买盘
14:37:27	8.22	-0.01	289	237558	卖盘
14:37:24	8.23	--	61	50203	买盘
14:37:21	8.23	0.01	810	666630	买盘
14:37:18	8.22	--	556	457032	卖盘
14:37:15	8.22	--	10	8220	卖盘
14:37:12	8.22	--	75	61650	卖盘
14:37:09	8.22	-0.01	80	65760	卖盘
14:37:03	8.23	--	101	83123	买盘
14:37:00	8.23	0.01	4	3292	买盘
14:36:57	8.22	--	142	116724	卖盘
14:36:54	8.22	--	49	40278	卖盘
14:36:48	8.22	-0.01	20	16440	卖盘
14:36:42	8.23	0.01	15	12345	买盘
14:36:39	8.22	--	65	53430	卖盘
14:36:36	8.22	-0.01	87	71514	卖盘
14:36:33	8.23	--	166	136618	买盘
14:36:30	8.23	--	15	12345	买盘
14:36:27	8.23	0.01	34	27982	买盘
14:36:21	8.22	-0.01	110	90420	卖盘
14:36:18	8.23	0.01	11	9053	买盘
14:36:15	8.22	-0.01	272	223584	卖盘
14:36:12	8.23	0.01	9	7407	买盘
14:36:09	8.22	-0.01	80	65760	卖盘
14:36:03	8.23	--	1	823	买盘
14:36:00	8.23	0.01	34	27982	买盘
14:35:57	8.22	--	510	419220	卖盘
14:35:54	8.22	--	71	58362	卖盘
14:35:51	8.22	-0.01	1	822	卖盘
14:35:45	8.23	0.01	5	4115	买盘
14:35:42	8.22	-0.01	6	4932	卖盘
14:35:39	8.23	--	1	823	买盘
14:35:36	8.23	-0.01	413	340244	卖盘
14:35:33	8.24	0.01	2	1648	买盘
14:35:30	8.23	--	250	205750	卖盘
14:35:27	8.23	-0.01	162	133326	卖盘
14:35:24	8.24	--	34	28016	买盘
14:35:18	8.24	0.01	145	119480	买盘
14:35:15	8.23	--	24	19752	卖盘
14:35:12	8.23	--	20	16460	卖盘
14:35:09	8.23	0.01	496	408685	买盘
14:35:06	8.22	-0.01	25	20550	卖盘
14:35:03	8.23	0.01	74	60902	买盘
14:35:00	8.22	-0.01	6	4932	卖盘
14:34:57	8.23	0.01	4	3292	买盘
14:34:54	8.22	-0.01	68	56241	卖盘
14:34:51	8.23	--	16	13645	买盘
14:34:45	8.23	--	50	41150	买盘
14:34:42	8.23	--	44	36557	卖盘
14:34:39	8.23	--	40	32920	卖盘
14:34:36	8.23	-0.01	29	23867	卖盘
14:34:33	8.24	0.01	6	4944	买盘
14:34:30	8.23	--	1040	855920	卖盘
14:34:24	8.23	--	89	73247	卖盘
14:34:18	8.23	-0.01	515	423845	卖盘
14:34:15	8.24	0.01	102	84048	买盘
14:34:12	8.23	--	25	20575	卖盘
14:34:06	8.23	-0.01	1	823	卖盘
14:34:03	8.24	0.01	39	32136	买盘
14:34:00	8.23	-0.01	126	103698	卖盘
14:33:57	8.24	--	20	16480	买盘
14:33:54	8.24	--	8	6592	买盘
14:33:48	8.24	--	213	175512	买盘
14:33:45	8.24	--	4	3296	买盘
14:33:42	8.24	--	47	38728	卖盘
14:33:39	8.24	-0.01	599	493576	卖盘
14:33:33	8.25	0.01	1042	859650	买盘
14:33:30	8.24	--	78	64272	卖盘
14:33:27	8.24	--	20	16480	卖盘
14:33:24	8.24	-0.01	22	18128	卖盘
14:33:21	8.25	0.01	925	763125	买盘
14:33:18	8.24	--	7	5768	卖盘
14:33:15	8.24	-0.01	170	140080	卖盘
14:33:09	8.25	0.01	4	3300	买盘
14:33:06	8.24	-0.01	7	5768	卖盘
14:33:03	8.25	--	11	9075	买盘
14:32:57	8.25	0.01	6	4950	买盘
14:32:54	8.24	--	37	30488	卖盘
14:32:51	8.24	-0.01	35	28840	卖盘
14:32:48	8.25	--	22	18150	买盘
14:32:42	8.25	--	14	11550	买盘
14:32:36	8.25	--	20	16500	买盘
14:32:33	8.25	--	15	12375	买盘
14:32:24	8.25	--	5	4125	买盘
14:32:18	8.25	0.01	1	825	买盘
14:32:15	8.24	-0.01	20	16480	卖盘
14:32:12	8.25	0.01	56	46200	买盘
14:32:09	8.24	-0.01	40	32960	卖盘
14:32:06	8.25	0.01	455	375375	买盘
14:32:03	8.24	--	27	22248	卖盘
14:31:57	8.24	--	8	6592	卖盘
14:31:51	8.24	-0.01	12	9888	卖盘
14:31:48	8.25	--	16	13200	买盘
14:31:39	8.25	--	1	825	买盘
14:31:36	8.25	-0.01	149	122925	卖盘
14:31:33	8.26	0.01	6	4956	买盘
14:31:27	8.25	--	44	36300	卖盘
14:31:24	8.25	--	15	12375	卖盘
14:31:21	8.25	--	10	8250	卖盘
14:31:18	8.25	--	2	1650	卖盘
14:31:12	8.25	--	4	3300	卖盘
14:31:09	8.25	--	109	89925	卖盘
14:31:06	8.25	--	853	703725	买盘
14:31:03	8.25	0.01	24	19800	买盘
14:31:00	8.24	-0.01	40	32960	卖盘
14:30:57	8.25	--	199	164175	买盘
14:30:54	8.25	--	44	36300	买盘
14:30:51	8.25	0.01	30	24750	买盘
14:30:48	8.24	-0.01	14	11536	卖盘
14:30:45	8.25	--	7	5775	买盘
14:30:39	8.25	0.01	30	24750	买盘
14:30:36	8.24	-0.01	1	824	卖盘
14:30:33	8.25	0.01	57	47025	买盘
14:30:30	8.24	--	25	20600	卖盘
14:30:27	8.24	-0.01	60	49440	卖盘
14:30:24	8.25	--	60	49500	买盘
14:30:21	8.25	0.01	39	32175	买盘
14:30:15	8.24	--	7	5768	卖盘
14:30:12	8.24	-0.01	44	36256	卖盘
14:30:09	8.25	0.01	178	146850	买盘
14:30:06	8.24	-0.01	12	9888	卖盘
14:30:03	8.25	--	3	2475	买盘
14:30:00	8.25	--	10	8250	买盘
14:29:51	8.25	--	10	8250	买盘
14:29:45	8.25	--	108	89100	买盘
14:29:42	8.25	0.01	29	23925	买盘
14:29:36	8.24	-0.01	88	72512	卖盘
14:29:33	8.25	0.01	2	1650	买盘
14:29:30	8.24	-0.01	1	824	卖盘
14:29:27	8.25	--	20	16500	买盘
14:29:24	8.25	0.01	16	13200	买盘
14:29:21	8.24	--	3	2472	卖盘
14:29:18	8.24	--	112	92288	卖盘
14:29:15	8.24	-0.01	7	5768	卖盘
14:29:12	8.25	0.01	8	6600	买盘
14:29:06	8.24	-0.01	5	4120	卖盘
14:29:03	8.25	0.01	1	825	买盘
14:28:57	8.24	--	14	11536	卖盘
14:28:54	8.24	-0.01	8	6592	卖盘
14:28:51	8.25	0.01	100	82500	买盘
14:28:42	8.24	--	194	159856	卖盘
14:28:36	8.24	-0.01	5	4120	卖盘
14:28:33	8.25	--	6	4950	买盘
14:28:30	8.25	--	10	8250	买盘
14:28:27	8.25	--	35	28875	买盘
14:28:21	8.25	--	10	8250	买盘
14:28:15	8.25	0.01	10	8250	买盘
14:28:12	8.24	-0.01	31	25544	卖盘
14:28:09	8.25	--	160	132000	买盘
14:28:06	8.25	--	53	43725	买盘
14:28:03	8.25	0.01	24	19800	买盘
14:27:57	8.24	--	125	103000	卖盘
14:27:54	8.24	--	30	24720	卖盘
14:27:51	8.24	--	33	27192	卖盘
14:27:45	8.24	--	24	19776	卖盘
14:27:39	8.24	--	26	21424	卖盘
14:27:36	8.24	--	5	4120	卖盘
14:27:33	8.24	--	11	9064	卖盘
14:27:27	8.24	0.01	1	824	卖盘
14:27:24	8.23	--	27	22698	卖盘
14:27:21	8.23	-0.01	2	1646	卖盘
14:27:18	8.24	0.01	3	2472	买盘
14:27:15	8.23	-0.01	49	40327	卖盘
14:27:12	8.24	0.01	75	61800	买盘
14:27:06	8.23	-0.01	753	619719	卖盘
14:27:03	8.24	0.01	49	40376	买盘
14:27:00	8.23	-0.01	8	6584	卖盘
14:26:57	8.24	--	50	41200	买盘
14:26:54	8.24	--	29	23896	买盘
14:26:51	8.24	0.01	1	824	买盘
14:26:48	8.23	-0.01	106	87238	卖盘
14:26:45	8.24	--	3	2472	买盘
14:26:42	8.24	0.01	158	130192	买盘
14:26:39	8.23	--	1	823	卖盘
14:26:36	8.23	-0.01	65	53495	卖盘
14:26:33	8.24	--	11	9064	买盘
14:26:30	8.24	--	26	21424	买盘
14:26:27	8.24	0.01	20	16480	买盘
14:26:24	8.23	-0.01	117	96291	卖盘
14:26:18	8.24	0.01	240	197760	买盘
14:26:12	8.23	--	18	14814	卖盘
14:26:09	8.23	-0.01	22	18106	卖盘
14:26:06	8.24	0.01	1	824	买盘
14:26:03	8.23	-0.01	17	13991	卖盘
14:25:57	8.24	0.01	38	31312	买盘
14:25:54	8.23	--	106	87238	卖盘
14:25:51	8.23	--	617	507791	卖盘
14:25:48	8.23	--	70	57610	卖盘
14:25:45	8.23	--	39	32097	卖盘
14:25:42	8.23	-0.01	95	78185	卖盘
14:25:39	8.24	--	55	45320	买盘
14:25:36	8.24	--	29	23896	买盘
14:25:33	8.24	0.01	31	25544	买盘
14:25:30	8.23	-0.01	320	263360	卖盘
14:25:27	8.24	--	29	23896	买盘
14:25:21	8.24	--	43	35432	买盘
14:25:15	8.24	--	7	5768	买盘
14:25:12	8.24	-0.01	971	800450	卖盘
14:25:09	8.25	--	10	8250	买盘
14:25:06	8.25	--	50	41250	买盘
14:25:03	8.25	--	11	9075	买盘
14:25:00	8.25	--	40	33000	买盘
14:24:57	8.25	0.01	136	112200	买盘
14:24:54	8.24	-0.01	173	142552	卖盘
14:24:51	8.25	--	170	140250	买盘
14:24:48	8.25	--	5	4125	买盘
14:24:42	8.25	--	45	37125	买盘
14:24:39	8.25	--	39	32175	卖盘
14:24:36	8.25	-0.01	108	89100	卖盘
14:24:33	8.26	0.01	511	422086	买盘
14:24:30	8.25	--	48	39600	卖盘
14:24:21	8.25	--	17	14025	卖盘
14:24:15	8.25	-0.01	4	3300	卖盘
14:24:12	8.26	0.01	64	52864	买盘
14:24:09	8.25	-0.01	3	2475	卖盘
14:24:03	8.26	0.01	42	34692	买盘
14:24:00	8.25	--	20	16500	卖盘
14:23:57	8.25	--	62	51150	卖盘
14:23:54	8.25	--	10	8250	卖盘
14:23:51	8.25	-0.01	61	50325	卖盘
14:23:48	8.26	--	96	79296	买盘
14:23:45	8.26	0.01	2	1652	买盘
14:23:42	8.25	-0.01	12	9900	卖盘
14:23:36	8.26	--	67	55342	买盘
14:23:33	8.26	0.01	17	14042	买盘
14:23:30	8.25	-0.01	87	71775	卖盘
14:23:27	8.26	0.01	9	7434	买盘
14:23:24	8.25	--	15	12375	卖盘
14:23:21	8.25	-0.01	37	30525	卖盘
14:23:18	8.26	--	125	103250	卖盘
14:23:15	8.26	--	6	4956	卖盘
14:23:12	8.26	--	149	123074	买盘
14:23:09	8.26	--	20	16520	买盘
14:23:06	8.26	-0.01	14	11564	卖盘
14:23:03	8.27	0.01	58	47966	买盘
14:23:00	8.26	--	82	67732	卖盘
14:22:57	8.26	-0.01	12	9912	卖盘
14:22:51	8.27	0.01	10	8270	买盘
14:22:48	8.26	--	61	50386	买盘
14:22:45	8.26	--	67	55342	卖盘
14:22:42	8.26	--	78	64428	卖盘
14:22:36	8.26	--	69	56994	卖盘
14:22:33	8.26	-0.01	93	76818	卖盘
14:22:27	8.27	--	10	8270	买盘
14:22:24	8.27	--	47	38869	买盘
14:22:18	8.27	0.01	88	72776	买盘
14:22:15	8.26	--	209	172634	卖盘
14:22:09	8.26	-0.01	50	41300	卖盘
14:22:06	8.27	0.01	16	13232	买盘
14:22:03	8.26	--	3	2478	买盘
14:22:00	8.26	--	43	35518	买盘
14:21:57	8.26	-0.01	253	208978	卖盘
14:21:54	8.27	--	50	41350	买盘
14:21:51	8.27	0.01	10	8270	买盘
14:21:48	8.26	--	50	41300	卖盘
14:21:45	8.26	-0.01	36	29736	卖盘
14:21:42	8.27	0.01	30	24810	买盘
14:21:36	8.26	-0.01	5	4130	卖盘
14:21:33	8.27	--	1	827	买盘
14:21:30	8.27	0.01	60	49620	买盘
14:21:27	8.26	--	60	49560	买盘
14:21:24	8.26	--	10	8260	买盘
14:21:18	8.26	--	139	114814	买盘
14:21:09	8.26	--	10	8260	卖盘
14:21:06	8.26	-0.01	95	78470	卖盘
14:21:03	8.27	0.01	161	133147	买盘
14:21:00	8.26	--	32	26432	卖盘
14:20:57	8.26	--	2	1652	中性盘
14:20:54	8.26	--	100	82600	卖盘
14:20:51	8.26	--	8	6608	卖盘
14:20:48	8.26	--	16	13216	卖盘
14:20:45	8.26	--	20	16520	卖盘
14:20:36	8.26	-0.01	138	113988	卖盘
14:20:33	8.27	--	15	12405	卖盘
14:20:30	8.27	--	100	82700	卖盘
14:20:27	8.27	--	142	117434	卖盘
14:20:24	8.27	0.02	86	71122	买盘
14:20:15	8.25	--	209	172425	卖盘
14:20:12	8.25	-0.01	1	825	卖盘
14:20:09	8.26	--	327	270102	卖盘
14:20:06	8.26	-0.01	22	18172	卖盘
14:20:03	8.27	0.01	9	7443	买盘
14:19:57	8.26	--	20	16520	卖盘
14:19:54	8.26	--	54	44604	卖盘
14:19:51	8.26	--	47	38822	卖盘
14:19:45	8.26	--	20	16520	卖盘
14:19:42	8.26	-0.01	10	8260	卖盘
14:19:39	8.27	0.01	1	827	买盘
14:19:36	8.26	-0.01	47	38822	卖盘
14:19:33	8.27	0.01	10	8270	买盘
14:19:30	8.26	-0.01	37	30562	卖盘
14:19:27	8.27	--	50	41350	卖盘
14:19:24	8.27	--	75	62025	卖盘
14:19:21	8.27	--	124	102548	卖盘
14:19:18	8.27	-0.01	171	141417	卖盘
14:19:15	8.28	--	373	308844	买盘
14:19:12	8.28	0.01	10	8280	买盘
14:19:09	8.27	--	121	100067	卖盘
14:19:06	8.27	-0.01	328	271256	卖盘
14:19:03	8.28	0.01	16	13247	买盘
14:19:00	8.27	--	10	8270	卖盘
14:18:57	8.27	--	38	31426	卖盘
14:18:54	8.27	--	10	8270	卖盘
14:18:51	8.27	0.01	452	373804	买盘
14:18:45	8.26	-0.01	406	335356	卖盘
14:18:42	8.27	0.01	23	19021	买盘
14:18:39	8.26	-0.01	18	14868	卖盘
14:18:36	8.27	--	37	30599	买盘
14:18:33	8.27	--	56	46312	买盘
14:18:27	8.27	--	30	24810	买盘
14:18:24	8.27	0.01	78	64506	买盘
14:18:21	8.26	-0.01	72	59472	卖盘
14:18:18	8.27	--	20	16540	买盘
14:18:15	8.27	--	50	41350	买盘
14:18:12	8.27	--	1	827	买盘
14:18:09	8.27	--	16	13232	买盘
14:18:06	8.27	--	55	45485	买盘
14:18:03	8.27	--	2	1654	买盘
14:18:00	8.27	0.01	87	71949	买盘
14:17:51	8.26	-0.01	46	37996	卖盘
14:17:45	8.27	--	30	24810	买盘
14:17:42	8.27	--	45	37215	买盘
14:17:39	8.27	--	254	210058	卖盘
14:17:36	8.27	-0.01	162	133974	卖盘
14:17:33	8.28	--	2	1655	买盘
14:17:30	8.28	0.01	10	8280	买盘
14:17:18	8.27	-0.01	10	8270	卖盘
14:17:15	8.28	--	109	90252	买盘
14:17:12	8.28	--	38	31463	买盘
14:17:09	8.28	--	2	1655	买盘
14:17:06	8.28	--	60	49679	买盘
14:17:03	8.28	0.01	41	33948	买盘
14:16:57	8.27	0.01	57	47139	买盘
14:16:51	8.26	-0.02	1	826	卖盘
14:16:48	8.28	0.02	200	165600	买盘
14:16:45	8.26	--	2	1652	卖盘
14:16:39	8.26	--	2	1652	买盘
14:16:36	8.26	--	18	14868	卖盘
14:16:33	8.26	--	104	85904	卖盘
14:16:30	8.26	--	1	826	买盘
14:16:27	8.26	--	122	100772	买盘
14:16:24	8.26	--	817	674842	买盘
14:16:21	8.26	0.01	10	8260	买盘
14:16:18	8.25	-0.01	30	24750	卖盘
14:16:15	8.26	--	47	38822	买盘
14:16:06	8.26	--	140	115640	买盘
14:16:03	8.26	--	2	1652	买盘
14:15:57	8.26	--	19	15694	买盘
14:15:54	8.26	0.01	22	18172	买盘
14:15:51	8.25	--	11	9075	卖盘
14:15:48	8.25	--	254	209550	买盘
14:15:45	8.25	0.01	27	22275	买盘
14:15:42	8.24	-0.01	57	46968	卖盘
14:15:36	8.25	--	2	1650	买盘
14:15:33	8.25	0.01	6	4950	买盘
14:15:27	8.24	-0.01	4	3296	卖盘
14:15:24	8.25	0.01	53	44203	买盘
14:15:21	8.24	--	37	30488	买盘
14:15:18	8.24	--	22	18128	卖盘
14:15:15	8.24	--	100	82400	买盘
14:15:12	8.24	--	10	8240	买盘
14:15:06	8.24	--	6	4944	买盘
14:15:03	8.24	--	14	11536	买盘
14:14:57	8.24	0.01	20	16480	买盘
14:14:54	8.23	--	14	11522	卖盘
14:14:51	8.23	-0.01	49	40327	卖盘
14:14:48	8.24	--	6	4944	买盘
14:14:45	8.24	0.01	10	8240	买盘
14:14:39	8.23	-0.01	500	411500	卖盘
14:14:36	8.24	--	25	20600	买盘
14:14:33	8.24	--	16	13184	买盘
14:14:30	8.24	--	44	36256	买盘
14:14:27	8.24	--	174	143376	卖盘
14:14:24	8.24	-0.01	135	111240	卖盘
14:14:21	8.25	0.01	297	245025	买盘
14:14:12	8.24	0.01	203	167272	买盘
14:14:09	8.23	-0.01	382	314386	卖盘
14:14:06	8.24	--	13	10712	买盘
14:14:03	8.24	--	133	109592	买盘
14:14:00	8.24	--	99	81576	买盘
14:13:57	8.24	--	70	57680	买盘
14:13:51	8.24	--	10	8240	买盘
14:13:48	8.24	--	3	2472	买盘
14:13:45	8.24	--	15	12360	买盘
14:13:42	8.24	0.01	130	107120	买盘
14:13:39	8.23	-0.01	39	32097	卖盘
14:13:36	8.24	--	5	4120	买盘
14:13:33	8.24	0.01	16	13184	买盘
14:13:30	8.23	-0.01	22	18106	卖盘
14:13:27	8.24	--	17	14008	买盘
14:13:24	8.24	--	25	20600	买盘
14:13:21	8.24	--	7	5768	买盘
14:13:15	8.24	0.01	20	16480	买盘
14:13:12	8.23	-0.01	11	9053	卖盘
14:13:09	8.24	--	17	14008	买盘
14:13:06	8.24	0.01	5	4120	买盘
14:13:03	8.23	-0.01	258	212334	卖盘
14:13:00	8.24	0.01	11	9064	买盘
14:12:57	8.23	--	1	823	卖盘
14:12:45	8.23	-0.01	50	41150	卖盘
14:12:42	8.24	--	4	3296	买盘
14:12:39	8.24	--	10	8240	买盘
14:12:36	8.24	--	20	16480	买盘
14:12:33	8.24	--	41	33784	买盘
14:12:30	8.24	--	30	24720	买盘
14:12:27	8.24	--	30	24720	买盘
14:12:24	8.24	--	1	824	买盘
14:12:21	8.24	--	35	28840	买盘
14:12:18	8.24	0.01	203	167272	买盘
14:12:15	8.23	-0.01	17	13991	卖盘
14:12:03	8.24	0.01	1	824	买盘
14:12:00	8.23	--	6	4938	卖盘
14:11:57	8.23	0.01	1215	999945	买盘
14:11:54	8.22	0.02	1500	1233000	买盘
14:11:51	8.2	-0.01	2	1639	卖盘
14:11:45	8.21	0.01	10	8210	买盘
14:11:39	8.2	--	15	12299	卖盘
14:11:36	8.2	-0.01	20	16400	卖盘
14:11:33	8.21	--	60	49260	买盘
14:11:30	8.21	-0.01	21	17241	买盘
14:11:27	8.22	0.02	200	164400	买盘
14:11:24	8.2	-0.01	80	65600	卖盘
14:11:18	8.21	-0.01	438	359598	卖盘
14:11:15	8.22	0.01	1	822	买盘
14:11:12	8.21	--	241	197861	卖盘
14:11:09	8.21	--	159	130539	卖盘
14:11:06	8.21	-0.01	250	205250	卖盘
14:11:03	8.22	0.01	1	822	买盘
14:11:00	8.21	-0.01	4	3284	卖盘
14:10:57	8.22	0.01	30	24660	买盘
14:10:51	8.21	-0.01	270	221670	卖盘
14:10:48	8.22	--	5	4110	卖盘
14:10:45	8.22	--	10	8220	卖盘
14:10:39	8.22	0.01	969	796518	中性盘
14:10:36	8.21	-0.01	126	103446	卖盘
14:10:33	8.22	0.01	2	1644	买盘
14:10:27	8.21	-0.01	529	434309	卖盘
14:10:24	8.22	0.01	125	102750	买盘
14:10:15	8.21	--	135	110835	卖盘
14:10:12	8.21	-0.01	88	72248	卖盘
14:10:09	8.22	--	11	9042	买盘
14:10:06	8.22	0.01	15	12330	买盘
14:10:03	8.21	--	26	21346	卖盘
14:10:00	8.21	--	200	164200	卖盘
14:09:54	8.21	--	82	67322	卖盘
14:09:45	8.21	-0.01	5	4105	卖盘
14:09:33	8.22	--	11	9042	买盘
14:09:27	8.22	0.01	40	32880	买盘
14:09:24	8.21	--	5	4105	卖盘
14:09:21	8.21	--	187	153527	卖盘
14:09:18	8.21	-0.01	17	13957	卖盘
14:09:15	8.22	--	30	24660	买盘
14:09:12	8.22	0.01	46	37812	买盘
14:09:09	8.21	-0.01	5	4105	卖盘
14:09:06	8.22	0.01	110	90420	买盘
14:09:03	8.21	--	41	33661	卖盘
14:09:00	8.21	-0.01	15	12315	卖盘
14:08:54	8.22	--	200	164400	卖盘
14:08:45	8.22	--	10	8220	卖盘
14:08:42	8.22	--	28	23016	卖盘
14:08:39	8.22	--	271	222762	卖盘
14:08:36	8.22	--	148	121656	卖盘
14:08:33	8.22	-0.01	20	16440	卖盘
14:08:30	8.23	--	3	2469	买盘
14:08:27	8.23	--	1	823	买盘
14:08:21	8.23	0.01	60	49380	买盘
14:08:18	8.22	--	38	31236	卖盘
14:08:15	8.22	--	42	34524	卖盘
14:08:12	8.22	-0.01	16	13152	卖盘
14:08:09	8.23	--	41	33743	买盘
14:08:03	8.23	--	101	83123	买盘
14:08:00	8.23	--	10	8230	买盘
14:07:57	8.23	--	7	5761	买盘
14:07:51	8.23	--	101	83123	买盘
14:07:48	8.23	--	389	320393	卖盘
14:07:45	8.23	--	8	6584	卖盘
14:07:42	8.23	--	50	41150	卖盘
14:07:36	8.23	-0.01	6	4938	卖盘
14:07:33	8.24	0.01	27	22248	买盘
14:07:30	8.23	-0.01	4	3292	卖盘
14:07:27	8.24	0.01	34	28016	买盘
14:07:24	8.23	--	34	27982	卖盘
14:07:21	8.23	-0.01	100	82300	卖盘
14:07:18	8.24	--	5	4120	买盘
14:07:12	8.24	--	4	3296	买盘
14:07:09	8.24	--	110	90640	买盘
14:07:03	8.24	0.01	1	824	买盘
14:07:00	8.23	-0.01	1	823	卖盘
14:06:57	8.24	--	30	24720	买盘
14:06:51	8.24	--	21	17304	买盘
14:06:39	8.24	--	47	38728	买盘
14:06:33	8.24	--	2	1648	买盘
14:06:30	8.24	0.01	55	45320	买盘
14:06:24	8.23	--	8	6584	卖盘
14:06:18	8.23	--	7	5761	卖盘
14:06:12	8.23	--	55	45265	卖盘
14:06:09	8.23	-0.01	1	823	卖盘
14:06:06	8.24	--	101	83224	买盘
14:06:03	8.24	--	85	70040	买盘
14:06:00	8.24	0.01	27	22248	买盘
14:05:57	8.23	--	16	13168	卖盘
14:05:54	8.23	-0.01	10	8230	卖盘
14:05:51	8.24	0.01	202	166448	买盘
14:05:48	8.23	--	10	8230	卖盘
14:05:45	8.23	--	30	24690	卖盘
14:05:39	8.23	--	15	12345	卖盘
14:05:36	8.23	-0.01	10	8230	卖盘
14:05:33	8.24	--	1	824	买盘
14:05:27	8.24	--	15	12360	买盘
14:05:15	8.24	0.01	61	50264	买盘
14:05:12	8.23	-0.01	4	3292	卖盘
14:05:03	8.24	--	701	577624	买盘
14:05:00	8.24	--	4	3296	买盘
14:04:57	8.24	0.01	9	7416	买盘
14:04:54	8.23	--	50	41150	卖盘
14:04:42	8.23	-0.01	8	6584	卖盘
14:04:33	8.24	0.01	13	10712	买盘
14:04:30	8.23	--	289	238423	买盘
14:04:27	8.23	--	2	1646	买盘
14:04:21	8.23	--	14	11522	买盘
14:04:18	8.23	--	21	17283	买盘
14:04:12	8.23	--	68	55964	买盘
14:04:09	8.23	--	30	24690	买盘
14:04:03	8.23	0.01	1	823	买盘
14:04:00	8.22	-0.01	8	6576	卖盘
14:03:57	8.23	0.01	12	9876	买盘
14:03:51	8.22	-0.01	2	1644	卖盘
14:03:48	8.23	--	40	32920	买盘
14:03:39	8.23	0.01	4	3292	买盘
14:03:36	8.22	-0.01	1	822	卖盘
14:03:33	8.23	0.01	59	48557	买盘
14:03:24	8.22	--	103	84666	卖盘
14:03:12	8.22	--	8	6576	卖盘
14:03:06	8.22	-0.01	39	32058	卖盘
14:03:03	8.23	0.01	7	5761	买盘
14:02:48	8.22	--	49	40278	卖盘
14:02:45	8.22	--	4	3288	卖盘
14:02:42	8.22	--	69	56718	买盘
14:02:39	8.22	--	2	1644	买盘
14:02:33	8.22	--	2	1644	买盘
14:02:30	8.22	0.01	7	5754	买盘
14:02:21	8.21	-0.01	20	16420	卖盘
14:02:18	8.22	--	89	73158	买盘
14:02:15	8.22	0.01	159	130698	买盘
14:02:12	8.21	-0.01	2	1642	卖盘
14:02:06	8.22	--	1	822	买盘
14:02:03	8.22	0.01	51	41922	买盘
14:01:57	8.21	-0.01	4	3284	卖盘
14:01:54	8.22	0.01	10	8220	买盘
14:01:48	8.21	-0.01	3	2463	卖盘
14:01:36	8.22	--	172	141384	买盘
14:01:33	8.22	0.01	1	822	买盘
14:01:21	8.21	-0.01	178	146138	卖盘
14:01:15	8.22	0.01	2	1644	买盘
14:01:09	8.21	--	25	20525	卖盘
14:01:06	8.21	-0.01	1	821	卖盘
14:01:03	8.22	--	3	2466	买盘
14:01:00	8.22	0.01	6	4932	买盘
14:00:57	8.21	-0.01	20	16420	卖盘
14:00:54	8.22	0.01	19	15618	买盘
14:00:51	8.21	-0.01	74	60754	卖盘
14:00:48	8.22	0.01	5	4110	买盘
14:00:45	8.21	-0.01	123	100983	卖盘
14:00:42	8.22	--	24	19728	买盘
14:00:39	8.22	--	41	33702	买盘
14:00:33	8.22	--	78	64116	买盘
14:00:30	8.22	0.01	10	8220	买盘
14:00:27	8.21	-0.01	101	82921	卖盘
14:00:21	8.22	0.01	1	822	买盘
14:00:12	8.21	-0.01	65	53365	卖盘
14:00:06	8.22	--	5	4110	买盘
14:00:03	8.22	--	77	63294	卖盘
13:59:57	8.22	--	29	23838	卖盘
13:59:51	8.22	0.01	12	9864	买盘
13:59:48	8.21	-0.01	10	8210	卖盘
13:59:42	8.22	--	10	8220	买盘
13:59:39	8.22	--	12	9864	买盘
13:59:36	8.22	--	15	12330	买盘
13:59:33	8.22	--	1	822	买盘
13:59:30	8.22	--	15	12330	买盘
13:59:27	8.22	--	30	24660	买盘
13:59:24	8.22	0.01	201	165222	买盘
13:59:21	8.21	--	4	3284	卖盘
13:59:15	8.21	--	8	6568	卖盘
13:59:12	8.21	-0.01	4	3284	卖盘
13:59:06	8.22	--	36	29592	买盘
13:59:03	8.22	--	57	46854	买盘
13:59:00	8.22	-0.01	8	6576	买盘
13:58:57	8.23	0.02	52	42796	买盘
13:58:45	8.21	--	38	31198	卖盘
13:58:42	8.21	-0.02	4	3284	卖盘
13:58:39	8.23	0.01	363	298749	买盘
13:58:36	8.22	--	155	127410	买盘
13:58:33	8.22	0.01	10	8220	买盘
13:58:21	8.21	-0.01	3	2463	卖盘
13:58:18	8.22	--	7	5754	买盘
13:58:15	8.22	--	1	822	买盘
13:58:03	8.22	--	134	110148	卖盘
13:58:00	8.22	--	60	49320	买盘
13:57:51	8.22	--	3	2466	买盘
13:57:48	8.22	--	53	43566	卖盘
13:57:42	8.22	0.01	10	8220	卖盘
13:57:39	8.21	-0.01	241	197861	卖盘
13:57:36	8.22	-0.01	88	72336	卖盘
13:57:33	8.23	0.01	20	16460	买盘
13:57:21	8.22	-0.01	62	50964	卖盘
13:57:15	8.23	0.01	5	4115	买盘
13:57:09	8.22	-0.01	12	9864	卖盘
13:57:03	8.23	--	2	1646	买盘
13:57:00	8.23	--	7	5761	买盘
13:56:51	8.23	--	134	110282	买盘
13:56:48	8.23	--	98	80654	卖盘
13:56:45	8.23	--	10	8230	卖盘
13:56:42	8.23	-0.01	60	49380	卖盘
13:56:39	8.24	0.01	7	5768	买盘
13:56:33	8.23	--	45	37035	卖盘
13:56:30	8.23	-0.01	2	1646	卖盘
13:56:27	8.24	--	22	18128	买盘
13:56:21	8.24	0.01	13	10712	买盘
13:56:15	8.23	-0.01	20	16460	卖盘
13:56:09	8.24	--	6	4944	买盘
13:56:03	8.24	--	1	824	买盘
13:56:00	8.24	--	4	3296	买盘
13:55:57	8.24	0.01	3	2472	买盘
13:55:54	8.23	--	1	823	卖盘
13:55:51	8.23	--	19	15637	卖盘
13:55:45	8.23	--	12	9876	卖盘
13:55:36	8.23	-0.01	10	8230	卖盘
13:55:33	8.24	0.01	1	824	买盘
13:55:24	8.23	-0.01	10	8230	卖盘
13:55:21	8.24	0.01	45	37080	买盘
13:55:15	8.23	--	319	262537	卖盘
13:55:09	8.23	--	9	7407	卖盘
13:55:06	8.23	-0.01	31	25513	卖盘
13:55:03	8.24	0.01	22	18128	买盘
13:55:00	8.23	--	5	4115	卖盘
13:54:45	8.23	--	32	26336	卖盘
13:54:39	8.23	--	38	31274	卖盘
13:54:36	8.23	-0.01	60	49380	卖盘
13:54:33	8.24	0.01	47	38728	买盘
13:54:30	8.23	--	34	27982	卖盘
13:54:27	8.23	--	50	41150	卖盘
13:54:21	8.23	-0.01	3	2469	卖盘
13:54:18	8.24	0.01	82	67568	买盘
13:54:12	8.23	--	50	41150	卖盘
13:54:09	8.23	--	10	8230	卖盘
13:54:06	8.23	-0.01	13	10699	卖盘
13:54:03	8.24	0.01	1	824	买盘
13:54:00	8.23	--	34	27982	卖盘
13:53:54	8.23	--	5	4115	卖盘
13:53:51	8.23	--	62	51026	买盘
13:53:39	8.23	--	20	16460	买盘
13:53:36	8.23	--	2	1646	买盘
13:53:33	8.23	--	1	823	买盘
13:53:30	8.23	0.01	57	46911	中性盘
13:53:27	8.22	-0.01	365	300030	卖盘
13:53:24	8.23	--	24	19752	卖盘
13:53:21	8.23	--	39	32097	卖盘
13:53:18	8.23	-0.01	19	15637	卖盘
13:53:15	8.24	0.01	16	13184	买盘
13:53:12	8.23	--	300	246900	卖盘
13:53:09	8.23	-0.01	23	18929	卖盘
13:53:06	8.24	--	1	824	买盘
13:53:03	8.24	--	107	88168	买盘
13:53:00	8.24	--	1	824	买盘
13:52:57	8.24	--	21	17304	买盘
13:52:51	8.24	--	2	1648	买盘
13:52:48	8.24	--	269	221656	卖盘
13:52:42	8.24	--	29	23896	卖盘
13:52:39	8.24	--	117	96408	买盘
13:52:36	8.24	-0.01	3	2472	卖盘
13:52:33	8.25	0.02	1	825	买盘
13:52:30	8.23	--	5	4115	卖盘
13:52:27	8.23	-0.01	5	4115	买盘
13:52:24	8.24	-0.01	5	4120	卖盘
13:52:21	8.25	0.01	26	21450	买盘
13:52:15	8.24	--	23	18952	买盘
13:52:12	8.24	--	10	8240	买盘
13:52:09	8.24	0.02	400	329600	买盘
13:52:06	8.22	-0.01	41	33702	卖盘
13:52:03	8.23	0.01	1	823	买盘
13:52:00	8.22	--	22	18084	卖盘
13:51:57	8.22	--	20	16440	卖盘
13:51:54	8.22	0.01	73	60006	买盘
13:51:39	8.21	-0.01	35	28735	卖盘
13:51:36	8.22	0.01	25	20550	买盘
13:51:33	8.21	--	25	20525	卖盘
13:51:27	8.21	--	72	59112	卖盘
13:51:24	8.21	--	125	102625	卖盘
13:51:21	8.21	--	20	16420	卖盘
13:51:18	8.21	--	50	41050	卖盘
13:51:15	8.21	--	50	41050	卖盘
13:51:12	8.21	--	25	20525	买盘
13:51:03	8.21	--	22	18062	买盘
13:50:54	8.21	0.01	313	256973	买盘
13:50:48	8.2	-0.01	68	55759	卖盘
13:50:45	8.21	--	40	32889	买盘
13:50:42	8.21	0.01	4	3284	买盘
13:50:39	8.2	--	14	11479	卖盘
13:50:36	8.2	-0.01	1	819	卖盘
13:50:33	8.21	0.01	21	17241	买盘
13:50:27	8.2	-0.01	5	4100	卖盘
13:50:24	8.21	0.01	34	27914	买盘
13:50:21	8.2	-0.01	3	2460	卖盘
13:50:18	8.21	--	20	16420	买盘
13:50:09	8.21	--	48	39408	买盘
13:50:06	8.21	--	47	38587	买盘
13:50:03	8.21	0.01	156	128076	买盘
13:49:57	8.2	-0.01	101	82820	卖盘
13:49:54	8.21	0.01	7	5747	买盘
13:49:51	8.2	-0.01	17	13939	卖盘
13:49:48	8.21	--	5	4105	买盘
13:49:45	8.21	0.01	105	86205	买盘
13:49:42	8.2	-0.01	36	29519	卖盘
13:49:39	8.21	--	10	8210	买盘
13:49:33	8.21	0.01	183	150243	买盘
13:49:27	8.2	-0.01	76	62319	卖盘
13:49:21	8.21	--	6	4926	买盘
13:49:15	8.21	0.01	37	30377	买盘
13:49:12	8.2	--	55	45099	卖盘
13:49:06	8.2	-0.02	71	58219	卖盘
13:49:03	8.22	0.01	109	89598	买盘
13:49:00	8.21	-0.01	4	3284	卖盘
13:48:57	8.22	--	16	13152	买盘
13:48:54	8.22	--	50	41100	买盘
13:48:45	8.22	--	25	20550	卖盘
13:48:39	8.22	--	12	9864	卖盘
13:48:36	8.22	-0.01	1296	1065312	卖盘
13:48:33	8.23	0.01	1	823	买盘
13:48:27	8.22	--	9	7398	卖盘
13:48:24	8.22	--	13	10686	卖盘
13:48:18	8.22	--	5	4110	卖盘
13:48:15	8.22	--	2	1644	卖盘
13:48:06	8.22	--	5	4110	卖盘
13:48:03	8.22	0.01	61	50142	买盘
13:48:00	8.21	-0.01	40	32840	卖盘
13:47:54	8.22	--	1	822	卖盘
13:47:45	8.22	--	55	45210	卖盘
13:47:36	8.22	--	61	50142	买盘
13:47:33	8.22	0.01	2	1644	买盘
13:47:27	8.21	--	25	20525	卖盘
13:47:21	8.21	--	2	1642	卖盘
13:47:18	8.21	-0.02	35	28735	卖盘
13:47:06	8.23	--	2	1646	买盘
13:47:03	8.23	--	354	291342	买盘
13:47:00	8.23	--	23	18929	卖盘
13:46:57	8.23	--	152	125096	买盘
13:46:51	8.23	0.01	80	65840	买盘
13:46:45	8.22	--	51	41922	卖盘
13:46:42	8.22	--	4	3288	卖盘
13:46:39	8.22	-0.01	33	27126	卖盘
13:46:36	8.23	--	9	7407	买盘
13:46:33	8.23	--	8	6584	买盘
13:46:27	8.23	--	11	9053	买盘
13:46:24	8.23	0.01	27	22221	买盘
13:46:21	8.22	--	4	3288	卖盘
13:46:15	8.22	--	1	822	卖盘
13:46:12	8.22	--	6	4932	卖盘
13:46:09	8.22	-0.01	3	2466	卖盘
13:46:03	8.23	0.01	2	1646	买盘
13:46:00	8.22	--	14	11508	卖盘
13:45:51	8.22	--	9	7398	卖盘
13:45:45	8.22	-0.01	2	1644	卖盘
13:45:42	8.23	0.01	6	4938	买盘
13:45:39	8.22	--	5	4110	卖盘
13:45:36	8.22	-0.01	25	20550	卖盘
13:45:33	8.23	0.01	4	3292	买盘
13:45:30	8.22	--	7	5754	卖盘
13:45:24	8.22	--	1	822	卖盘
13:45:15	8.22	--	1	822	卖盘
13:45:12	8.22	--	9	7398	卖盘
13:45:06	8.22	-0.01	3	2466	卖盘
13:45:03	8.23	0.01	50	41150	买盘
13:44:57	8.22	--	14	11508	卖盘
13:44:51	8.22	--	17	13974	卖盘
13:44:45	8.22	-0.01	9	7398	卖盘
13:44:39	8.23	--	57	46911	买盘
13:44:33	8.23	--	2	1646	买盘
13:44:30	8.23	--	35	28805	买盘
13:44:24	8.23	0.01	514	423022	买盘
13:44:21	8.22	--	21	17262	卖盘
13:44:15	8.22	--	3	2466	卖盘
13:44:12	8.22	--	10	8220	卖盘
13:44:09	8.22	-0.01	154	126588	卖盘
13:44:03	8.23	0.01	21	17283	买盘
13:44:00	8.22	-0.01	20	16440	卖盘
13:43:57	8.23	--	8	6584	买盘
13:43:54	8.23	0.01	1	823	买盘
13:43:51	8.22	--	14	11508	卖盘
13:43:45	8.22	--	122	100284	卖盘
13:43:36	8.22	-0.01	11	9042	卖盘
13:43:33	8.23	0.01	33	27159	买盘
13:43:27	8.22	--	5	4110	卖盘
13:43:24	8.22	--	1	822	卖盘
13:43:21	8.22	--	16	13152	卖盘
13:43:18	8.22	--	4	3288	卖盘
13:43:15	8.22	--	2	1644	卖盘
13:43:06	8.22	-0.01	37	30414	卖盘
13:43:03	8.23	--	101	83123	买盘
13:43:00	8.23	0.01	12	9876	买盘
13:42:57	8.22	-0.01	34	27948	中性盘
13:42:54	8.23	0.01	7	5761	买盘
13:42:51	8.22	--	8	6576	买盘
13:42:48	8.22	--	15	12330	买盘
13:42:45	8.22	-0.01	5	4110	中性盘
13:42:36	8.23	0.01	13	10699	买盘
13:42:33	8.22	--	21	17262	中性盘
13:42:24	8.22	--	25	20550	卖盘
13:42:18	8.22	0.01	9	7398	中性盘
13:42:15	8.21	-0.02	415	340715	卖盘
13:42:12	8.23	0.01	7	5761	买盘
13:42:09	8.22	--	39	32058	卖盘
13:42:03	8.22	--	32	26304	卖盘
13:41:57	8.22	--	63	51786	卖盘
13:41:51	8.22	--	31	25482	卖盘
13:41:48	8.22	-0.01	4	3288	卖盘
13:41:45	8.23	0.01	10	8230	买盘
13:41:36	8.22	-0.01	50	41100	卖盘
13:41:33	8.23	0.01	2	1646	买盘
13:41:27	8.22	--	48	39456	卖盘
13:41:18	8.22	--	42	34524	卖盘
13:41:09	8.22	--	29	23838	卖盘
13:41:06	8.22	--	55	45210	卖盘
13:41:03	8.22	0.01	97	79734	买盘
13:40:54	8.21	-0.01	47	38587	卖盘
13:40:51	8.22	0.01	57	46854	买盘
13:40:48	8.21	-0.01	24	19704	卖盘
13:40:45	8.22	--	1	822	买盘
13:40:39	8.22	--	10	8220	买盘
13:40:33	8.22	0.01	67	55074	买盘
13:40:30	8.21	-0.01	2	1642	卖盘
13:40:27	8.22	-0.01	10	8220	卖盘
13:40:24	8.23	0.01	19	15637	中性盘
13:40:21	8.22	--	59	48498	卖盘
13:40:18	8.22	--	39	32058	卖盘
13:40:15	8.22	-0.01	34	27948	卖盘
13:40:12	8.23	--	30	24690	卖盘
13:40:06	8.23	-0.01	54	44442	卖盘
13:40:03	8.24	0.02	16	13184	买盘
13:40:00	8.22	-0.03	10	8220	卖盘
13:39:57	8.25	0.02	15	12375	买盘
13:39:54	8.23	-0.02	55	45265	卖盘
13:39:51	8.25	0.01	3	2475	买盘
13:39:48	8.24	--	33	27192	买盘
13:39:45	8.24	-0.01	23	18952	中性盘
13:39:42	8.25	--	47	38775	买盘
13:39:39	8.25	0.04	46	37950	买盘
13:39:36	8.21	--	15	12315	卖盘
13:39:33	8.21	-0.04	31	25451	卖盘
13:39:24	8.25	--	30	24750	买盘
13:39:21	8.25	0.01	2283	1883475	买盘
13:39:15	8.24	-0.01	14	11536	卖盘
13:39:12	8.25	0.01	10	8250	买盘
13:39:09	8.24	-0.01	224	184576	卖盘
13:39:03	8.25	0.01	1	825	买盘
13:39:00	8.24	-0.01	32	26368	卖盘
13:38:51	8.25	0.01	20	16500	买盘
13:38:42	8.24	-0.01	213	175512	卖盘
13:38:39	8.25	--	15	12375	买盘
13:38:36	8.25	--	46	37950	买盘
13:38:33	8.25	0.01	1	825	买盘
13:38:30	8.24	--	27	22248	卖盘
13:38:24	8.24	--	2	1648	卖盘
13:38:18	8.24	--	1	824	卖盘
13:38:09	8.24	-0.01	29	23896	卖盘
13:38:03	8.25	--	41	33825	买盘
13:37:57	8.25	-0.01	16	13546	卖盘
13:37:54	8.26	--	60	49560	买盘
13:37:51	8.26	0.01	7	5782	买盘
13:37:42	8.25	-0.01	10	8250	卖盘
13:37:39	8.26	0.01	7	5782	买盘
13:37:36	8.25	--	29	23925	卖盘
13:37:33	8.25	--	16	13200	卖盘
13:37:30	8.25	--	13	10725	卖盘
13:37:27	8.25	--	20	16500	卖盘
13:37:24	8.25	--	37	31003	卖盘
13:37:21	8.25	--	25	20625	卖盘
13:37:18	8.25	--	5	4125	卖盘
13:37:15	8.25	--	5	4125	卖盘
13:37:12	8.25	--	3	2475	卖盘
13:37:06	8.25	-0.01	12	9900	卖盘
13:37:03	8.26	0.01	1	826	买盘
13:37:00	8.25	-0.01	2	1650	卖盘
13:36:57	8.26	--	20	16520	买盘
13:36:54	8.26	0.01	48	39648	买盘
13:36:45	8.25	--	59	48675	卖盘
13:36:39	8.25	-0.01	101	83325	卖盘
13:36:36	8.26	--	13	10738	买盘
13:36:33	8.26	--	2	1652	买盘
13:36:24	8.26	0.01	10	8260	买盘
13:36:21	8.25	-0.01	4	3300	卖盘
13:36:06	8.26	--	35	28910	买盘
13:36:03	8.26	--	67	55342	买盘
13:36:00	8.26	0.01	4	3304	买盘
13:35:51	8.25	-0.01	10	8250	卖盘
13:35:33	8.26	0.01	1	826	买盘
13:35:27	8.25	--	10	8250	卖盘
13:35:24	8.25	--	32	26400	卖盘
13:35:18	8.25	--	11	9075	卖盘
13:35:15	8.25	--	15	12375	卖盘
13:35:12	8.25	--	61	50325	卖盘
13:35:09	8.25	0.01	86	70950	买盘
13:35:06	8.24	--	50	41200	卖盘
13:35:03	8.24	-0.01	131	107944	卖盘
13:35:00	8.25	0.01	6	4950	买盘
13:34:57	8.24	--	16	13184	卖盘
13:34:54	8.24	-0.01	10	8240	卖盘
13:34:48	8.25	0.01	53	43725	买盘
13:34:45	8.24	-0.01	60	49440	卖盘
13:34:42	8.25	0.01	1	825	买盘
13:34:39	8.24	-0.01	106	87344	卖盘
13:34:36	8.25	0.01	3	2475	买盘
13:34:33	8.24	-0.01	16	13184	卖盘
13:34:30	8.25	--	2	1650	买盘
13:34:27	8.25	--	2	1650	买盘
13:34:24	8.25	--	83	68475	买盘
13:34:18	8.25	-0.01	118	97350	卖盘
13:34:15	8.26	0.01	31	25606	买盘
13:34:12	8.25	-0.01	31	25575	卖盘
13:34:06	8.26	--	1	826	买盘
13:34:03	8.26	--	2	1652	买盘
13:33:57	8.26	0.01	10	8260	买盘
13:33:54	8.25	-0.01	61	50325	卖盘
13:33:48	8.26	--	15	12390	买盘
13:33:45	8.26	0.01	59	48734	买盘
13:33:42	8.25	--	190	156750	卖盘
13:33:39	8.25	--	6	4950	卖盘
13:33:36	8.25	-0.01	1	825	卖盘
13:33:33	8.26	0.01	52	42952	买盘
13:33:27	8.25	--	81	66825	买盘
13:33:21	8.25	--	46	37950	买盘
13:33:18	8.25	--	89	73425	买盘
13:33:15	8.25	--	46	37950	买盘
13:33:09	8.25	--	10	8250	买盘
13:33:03	8.25	--	76	62700	买盘
13:33:00	8.25	0.01	3	2475	买盘
13:32:54	8.24	--	7	5768	卖盘
13:32:48	8.24	-0.01	2	1648	卖盘
13:32:45	8.25	--	2	1650	买盘
13:32:42	8.25	--	5	4125	买盘
13:32:33	8.25	--	1	825	买盘
13:32:30	8.25	0.01	241	198825	买盘
13:32:27	8.24	--	11	9064	卖盘
13:32:21	8.24	-0.01	118	97232	卖盘
13:32:18	8.25	--	21	17325	买盘
13:32:15	8.25	0.01	12	9900	买盘
13:32:12	8.24	--	18	14832	卖盘
13:32:09	8.24	-0.01	34	28016	卖盘
13:32:03	8.25	0.01	2	1650	买盘
13:32:00	8.24	--	1	824	卖盘
13:31:48	8.24	-0.01	22	18128	卖盘
13:31:45	8.25	0.01	9	7425	买盘
13:31:42	8.24	--	6	4944	卖盘
13:31:36	8.24	-0.01	2	1648	卖盘
13:31:33	8.25	--	1	825	买盘
13:31:27	8.25	--	2	1650	买盘
13:31:21	8.25	0.01	11	9075	买盘
13:31:12	8.24	--	30	24720	卖盘
13:31:06	8.24	-0.01	21	17304	卖盘
13:31:03	8.25	0.01	7	5775	买盘
13:31:00	8.24	0.01	3	2472	买盘
13:30:57	8.23	-0.01	4	3292	卖盘
13:30:51	8.24	--	25	20600	买盘
13:30:48	8.24	--	1	824	买盘
13:30:42	8.24	--	1	824	买盘
13:30:39	8.24	--	5	4120	买盘
13:30:33	8.24	-0.01	1	824	买盘
13:30:30	8.25	0.01	38	31350	买盘
13:30:27	8.24	--	34	28016	卖盘
13:30:21	8.24	--	50	41200	卖盘
13:30:18	8.24	--	22	18128	卖盘
13:30:15	8.24	--	104	85959	买盘
13:30:12	8.24	0.01	89	73336	买盘
13:30:09	8.23	-0.01	22	18106	卖盘
13:30:03	8.24	0.01	24	19776	买盘
13:30:00	8.23	--	76	62548	卖盘
13:29:54	8.23	--	43	35389	卖盘
13:29:51	8.23	--	8	6584	卖盘
13:29:48	8.23	--	38	31274	卖盘
13:29:45	8.23	--	4	3292	卖盘
13:29:39	8.23	-0.01	37	30451	卖盘
13:29:36	8.24	--	27	22248	买盘
13:29:33	8.24	--	1	824	买盘
13:29:27	8.24	0.01	33	27192	买盘
13:29:24	8.23	--	40	32920	卖盘
13:29:21	8.23	--	46	37858	卖盘
13:29:18	8.23	--	93	76539	卖盘
13:29:15	8.23	-0.01	4	3292	卖盘
13:29:06	8.24	-0.01	157	129368	卖盘
13:29:03	8.25	0.01	1	825	买盘
13:28:57	8.24	--	86	70864	买盘
13:28:51	8.24	--	60	49440	买盘
13:28:48	8.24	--	1	824	买盘
13:28:39	8.24	--	1	824	买盘
13:28:33	8.24	--	1	824	买盘
13:28:30	8.24	0.01	3	2472	买盘
13:28:27	8.23	-0.01	3	2469	卖盘
13:28:21	8.24	0.01	12	9888	买盘
13:28:09	8.23	-0.01	5	4115	卖盘
13:28:03	8.24	--	25	20600	买盘
13:27:57	8.24	0.01	6	4944	买盘
13:27:54	8.23	-0.01	25	20575	卖盘
13:27:51	8.24	0.01	26	21424	买盘
13:27:45	8.23	--	17	13991	卖盘
13:27:42	8.23	-0.01	42	34566	卖盘
13:27:33	8.24	0.01	18	14832	买盘
13:27:30	8.23	--	31	25513	卖盘
13:27:27	8.23	0.01	23	18929	买盘
13:27:15	8.22	--	18	14796	卖盘
13:27:06	8.22	-0.01	5	4110	卖盘
13:27:03	8.23	--	4	3292	买盘
13:27:00	8.23	0.01	5	4115	买盘
13:26:57	8.22	--	5	4110	卖盘
13:26:54	8.22	--	10	8220	卖盘
13:26:51	8.22	-0.01	83	68226	卖盘
13:26:42	8.23	0.02	45	37035	买盘
13:26:39	8.21	-0.01	8	6568	卖盘
13:26:33	8.22	0.01	101	83022	买盘
13:26:21	8.21	-0.01	5	4105	卖盘
13:26:18	8.22	0.01	1	822	买盘
13:26:09	8.21	--	3	2463	卖盘
13:26:06	8.21	-0.01	15	12315	卖盘
13:26:03	8.22	0.01	6	4932	买盘
13:25:57	8.21	-0.01	10	8210	卖盘
13:25:48	8.22	0.01	192	157824	买盘
13:25:45	8.21	--	10	8210	卖盘
13:25:42	8.21	-0.01	197	161737	卖盘
13:25:39	8.22	--	40	32880	买盘
13:25:36	8.22	--	25	20550	买盘
13:25:33	8.22	0.01	1	822	买盘
13:25:24	8.21	-0.01	16	13136	卖盘
13:25:15	8.22	--	4	3288	买盘
13:25:06	8.22	-0.01	26	21372	卖盘
13:25:03	8.23	--	1	823	买盘
13:25:00	8.23	0.01	12	9876	买盘
13:24:57	8.22	--	3	2466	卖盘
13:24:54	8.22	--	22	18084	买盘
13:24:45	8.22	-0.01	19	15618	卖盘
13:24:39	8.23	--	46	37858	买盘
13:24:36	8.23	--	82	67486	买盘
13:24:33	8.23	0.01	1	823	买盘
13:24:27	8.22	--	20	16440	卖盘
13:24:21	8.22	--	2	1644	卖盘
13:24:18	8.22	-0.01	8	6576	卖盘
13:24:12	8.23	--	53	43619	买盘
13:24:09	8.23	--	130	106990	买盘
13:24:03	8.23	--	3	2469	买盘
13:24:00	8.23	--	3	2469	买盘
13:23:54	8.23	0.01	50	41150	买盘
13:23:51	8.22	-0.01	90	73980	卖盘
13:23:45	8.23	0.01	10	8230	买盘
13:23:42	8.22	--	35	28770	卖盘
13:23:39	8.22	--	128	105216	卖盘
13:23:36	8.22	-0.01	195	160290	卖盘
13:23:33	8.23	0.01	31	25513	买盘
13:23:30	8.22	--	5	4110	卖盘
13:23:27	8.22	--	20	16440	卖盘
13:23:15	8.22	-0.01	6	4932	卖盘
13:23:09	8.23	--	5	4115	买盘
13:23:03	8.23	--	1	823	买盘
13:22:54	8.23	0.01	10	8230	买盘
13:22:51	8.22	-0.01	8	6576	卖盘
13:22:48	8.23	0.01	23	18929	买盘
13:22:42	8.22	-0.01	74	60828	卖盘
13:22:33	8.23	0.01	2	1646	买盘
13:22:30	8.22	0.01	8	6576	卖盘
13:22:27	8.21	-0.01	24	19704	卖盘
13:22:21	8.22	--	100	82200	买盘
13:22:18	8.22	--	100	82200	买盘
13:22:15	8.22	0.01	173	142206	买盘
13:22:12	8.21	--	3	2463	卖盘
13:22:06	8.21	-0.01	56	45976	卖盘
13:22:03	8.22	--	89	73158	买盘
13:22:00	8.22	--	16	13152	买盘
13:21:54	8.22	0.01	17	13974	买盘
13:21:48	8.21	--	1	821	卖盘
13:21:45	8.21	-0.01	15	12315	卖盘
13:21:39	8.22	--	24	19728	买盘
13:21:33	8.22	0.01	105	86310	买盘
13:21:30	8.21	-0.01	22	18062	卖盘
13:21:27	8.22	0.01	44	36168	买盘
13:21:21	8.21	-0.01	15	12315	卖盘
13:21:18	8.22	--	152	124944	买盘
13:21:15	8.22	--	10	8220	买盘
13:21:09	8.22	--	8	6576	买盘
13:21:03	8.22	0.01	4	3288	买盘
13:21:00	8.21	--	19	15599	卖盘
13:20:48	8.21	--	1	821	卖盘
13:20:45	8.21	-0.01	1	821	卖盘
13:20:42	8.22	--	11	9042	买盘
13:20:39	8.22	--	3	2466	买盘
13:20:36	8.22	--	50	41100	买盘
13:20:33	8.22	--	76	62472	买盘
13:20:30	8.22	--	74	60828	买盘
13:20:24	8.22	--	30	24660	买盘
13:20:15	8.22	0.01	1	822	买盘
13:20:12	8.21	--	20	16420	卖盘
13:20:06	8.21	-0.01	2	1642	卖盘
13:20:03	8.22	0.01	31	25482	买盘
13:20:00	8.21	--	44	36124	买盘
13:19:45	8.21	--	6	4926	买盘
13:19:36	8.21	--	10	8210	买盘
13:19:33	8.21	--	8	6568	买盘
13:19:27	8.21	-0.01	9	7389	卖盘
13:19:21	8.22	0.01	63	51786	买盘
13:19:15	8.21	--	70	57470	卖盘
13:19:12	8.21	-0.01	37	30377	卖盘
13:19:09	8.22	--	167	137274	买盘
13:19:06	8.22	--	20	16440	买盘
13:19:03	8.22	0.01	4	3288	买盘
13:18:51	8.21	--	58	47618	卖盘
13:18:36	8.21	--	8	6568	买盘
13:18:33	8.21	--	2	1642	买盘
13:18:30	8.21	--	39	32019	买盘
13:18:27	8.21	--	20	16420	买盘
13:18:24	8.21	--	40	32840	买盘
13:18:21	8.21	--	1	821	买盘
13:18:15	8.21	--	200	164200	买盘
13:18:09	8.21	--	3	2463	买盘
13:18:06	8.21	--	3	2463	买盘
13:18:03	8.21	--	2	1642	买盘
13:18:00	8.21	0.01	4	3284	买盘
13:17:57	8.2	--	32	26239	卖盘
13:17:54	8.2	--	11	9020	卖盘
13:17:51	8.2	-0.01	3	2460	卖盘
13:17:45	8.21	0.01	36	29556	买盘
13:17:36	8.2	-0.01	31	25419	卖盘
13:17:33	8.21	0.01	17	13957	买盘
13:17:30	8.2	--	1	819	卖盘
13:17:27	8.2	--	7	5739	卖盘
13:17:12	8.2	-0.01	4	3279	卖盘
13:17:09	8.21	--	62	50902	买盘
13:17:06	8.21	--	23	18883	买盘
13:17:03	8.21	--	132	108372	买盘
13:17:00	8.21	0.01	1	821	买盘
13:16:57	8.2	--	10	8200	卖盘
13:16:54	8.2	--	58	47559	卖盘
13:16:51	8.2	-0.02	17	13939	卖盘
13:16:39	8.22	0.02	1	822	买盘
13:16:36	8.2	-0.02	410	336199	卖盘
13:16:33	8.22	0.01	12	9864	买盘
13:16:30	8.21	-0.01	86	70606	卖盘
13:16:24	8.22	0.01	1	822	买盘
13:16:18	8.21	--	114	94201	卖盘
13:16:15	8.21	--	131	107551	卖盘
13:16:09	8.21	-0.01	4	3284	卖盘
13:16:03	8.22	0.01	2	1644	买盘
13:16:00	8.21	--	103	84563	卖盘
13:15:57	8.21	--	10	8210	卖盘
13:15:51	8.21	--	24	19704	卖盘
13:15:48	8.21	--	100	82100	卖盘
13:15:42	8.21	--	24	19704	卖盘
13:15:36	8.21	-0.01	3	2463	卖盘
13:15:33	8.22	0.01	5	4110	买盘
13:15:30	8.21	--	53	43513	卖盘
13:15:27	8.21	--	17	13957	卖盘
13:15:24	8.21	--	20	16420	卖盘
13:15:18	8.21	-0.01	2	1642	卖盘
13:15:12	8.22	0.01	58	47676	买盘
13:15:09	8.21	--	55	45155	卖盘
13:15:06	8.21	--	1	821	卖盘
13:15:03	8.21	--	28	22988	卖盘
13:15:00	8.21	-0.01	31	25451	卖盘
13:14:57	8.22	0.01	2	1644	买盘
13:14:54	8.21	--	44	36124	卖盘
13:14:48	8.21	-0.01	36	29556	卖盘
13:14:45	8.22	--	55	45210	买盘
13:14:42	8.22	0.01	22	18084	买盘
13:14:39	8.21	-0.01	50	41050	卖盘
13:14:33	8.22	0.01	2	1644	买盘
13:14:30	8.21	-0.01	106	87026	卖盘
13:14:18	8.22	--	12	9864	买盘
13:14:03	8.22	0.01	4	3288	买盘
13:14:00	8.21	-0.01	17	13957	卖盘
13:13:45	8.22	--	30	24660	买盘
13:13:39	8.22	-0.01	10	8220	中性盘
13:13:33	8.23	--	1	823	买盘
13:13:30	8.23	0.01	10	8230	买盘
13:13:27	8.22	--	28	23229	卖盘
13:13:24	8.22	-0.01	60	49320	卖盘
13:13:21	8.23	0.01	61	50203	买盘
13:13:18	8.22	-0.01	600	493200	卖盘
13:13:03	8.23	--	1	823	买盘
13:13:00	8.23	0.01	47	38681	买盘
13:12:57	8.22	--	15	12330	卖盘
13:12:54	8.22	-0.01	3	2466	卖盘
13:12:48	8.23	--	51	41973	买盘
13:12:45	8.23	--	1	823	买盘
13:12:42	8.23	--	10	8230	买盘
13:12:39	8.23	--	4	3292	卖盘
13:12:36	8.23	-0.01	202	166246	卖盘
13:12:33	8.24	0.01	15	12360	买盘
13:12:30	8.23	--	1	823	卖盘
13:12:24	8.23	--	13	10699	卖盘
13:12:21	8.23	-0.01	1	823	卖盘
13:12:18	8.24	0.01	2	1648	买盘
13:12:12	8.23	-0.01	20	16460	卖盘
13:12:06	8.24	--	6	4944	买盘
13:12:03	8.24	--	16	13184	买盘
13:11:51	8.24	0.01	31	25544	买盘
13:11:45	8.23	--	13	10699	卖盘
13:11:39	8.23	--	88	72424	卖盘
13:11:36	8.23	-0.01	3	2469	卖盘
13:11:33	8.24	0.01	1	824	买盘
13:11:27	8.23	--	35	28805	卖盘
13:11:24	8.23	--	3	2469	卖盘
13:11:18	8.23	--	94	77362	买盘
13:11:15	8.23	0.01	5	4115	买盘
13:11:06	8.22	-0.01	19	15618	卖盘
13:11:03	8.23	0.01	63	51849	买盘
13:11:00	8.22	-0.01	10	8220	卖盘
13:10:57	8.23	0.01	16	13168	中性盘
13:10:42	8.22	-0.02	8	6576	卖盘
13:10:36	8.24	0.02	200	164800	买盘
13:10:33	8.22	--	5	4110	卖盘
13:10:30	8.22	--	5	4110	卖盘
13:10:24	8.22	--	30	24660	卖盘
13:10:21	8.22	--	6	4932	卖盘
13:10:15	8.22	--	2	1644	卖盘
13:10:12	8.22	--	10	8220	卖盘
13:10:03	8.22	--	264	217616	卖盘
13:09:51	8.22	--	7	5754	卖盘
13:09:48	8.22	--	29	23838	卖盘
13:09:42	8.22	-0.02	55	45423	卖盘
13:09:39	8.24	0.01	5	4120	买盘
13:09:30	8.23	--	27	22830	买盘
13:09:24	8.23	--	30	24690	买盘
13:09:21	8.23	--	15	12558	卖盘
13:09:06	8.23	--	50	41150	卖盘
13:08:54	8.23	-0.01	416	342368	卖盘
13:08:51	8.24	--	40	32960	卖盘
13:08:42	8.24	-0.01	27	22248	卖盘
13:08:36	8.25	0.01	4	3300	买盘
13:08:30	8.24	--	13	10712	卖盘
13:08:27	8.24	--	11	9064	卖盘
13:08:24	8.24	-0.01	10	8240	卖盘
13:08:18	8.25	--	15	12375	买盘
13:08:15	8.25	--	63	51975	买盘
13:08:00	8.25	0.01	2	1650	买盘
13:07:57	8.24	--	1	824	卖盘
13:07:54	8.24	-0.01	27	22248	卖盘
13:07:39	8.25	0.01	26	21450	买盘
13:07:36	8.24	-0.01	14	11536	卖盘
13:07:33	8.25	0.01	6	4950	买盘
13:07:30	8.24	--	81	66744	卖盘
13:07:24	8.24	--	1	824	卖盘
13:07:15	8.24	-0.02	98	80752	卖盘
13:07:12	8.26	0.02	50	41300	买盘
13:07:09	8.24	-0.01	74	60976	卖盘
13:06:57	8.25	-0.01	8	7350	卖盘
13:06:54	8.26	0.01	10	8260	买盘
13:06:51	8.25	--	12	9900	卖盘
13:06:48	8.25	--	9	7499	卖盘
13:06:45	8.25	--	90	74250	卖盘
13:06:39	8.25	0.01	15	12375	卖盘
13:06:36	8.24	-0.02	109	89816	卖盘
13:06:33	8.26	0.02	87	71862	买盘
13:06:24	8.24	-0.01	10	8240	卖盘
13:06:21	8.25	--	0	379	买盘
13:06:18	8.25	--	76	62700	卖盘
13:06:12	8.25	--	19	15675	卖盘
13:06:09	8.25	--	35	28875	卖盘
13:06:06	8.25	-0.01	17	14025	卖盘
13:06:00	8.26	--	3	2478	买盘
13:05:54	8.26	0.01	43	35518	买盘
13:05:39	8.25	--	34	28050	卖盘
13:05:36	8.25	--	77	63525	买盘
13:05:33	8.25	--	52	42900	买盘
13:05:21	8.25	--	3	2475	买盘
13:05:15	8.25	--	10	8250	买盘
13:05:06	8.25	--	14	11550	买盘
13:05:03	8.25	--	1	825	买盘
13:04:57	8.25	--	36	29700	买盘
13:04:45	8.25	--	12	9900	买盘
13:04:42	8.25	0.01	3	2475	买盘
13:04:33	8.24	-0.01	18	14832	卖盘
13:04:27	8.25	--	11	9075	买盘
13:04:24	8.25	--	2	1650	买盘
13:04:15	8.25	--	53	43725	卖盘
13:04:12	8.25	--	13	10725	卖盘
13:04:06	8.25	-0.01	63	51975	卖盘
13:04:03	8.26	0.01	29	23954	买盘
13:04:00	8.25	-0.01	5	4125	卖盘
13:03:57	8.26	--	1	826	买盘
13:03:51	8.26	0.01	2	1652	买盘
13:03:39	8.25	--	1	825	卖盘
13:03:36	8.25	-0.01	15	12375	卖盘
13:03:24	8.26	--	3	2478	买盘
13:03:21	8.26	0.01	316	261016	买盘
13:03:18	8.25	--	41	33825	卖盘
13:03:09	8.25	--	76	62700	买盘
13:03:06	8.25	--	2	1650	买盘
13:03:03	8.25	--	2	1650	买盘
13:03:00	8.25	0.01	30	24750	中性盘
13:02:51	8.24	-0.01	57	46968	卖盘
13:02:42	8.25	--	273	225225	买盘
13:02:36	8.25	--	4	3300	买盘
13:02:33	8.25	-0.01	744	613800	卖盘
13:02:27	8.26	0.01	10	8260	买盘
13:02:21	8.25	--	30	24750	卖盘
13:02:18	8.25	--	44	36300	卖盘
13:02:15	8.25	-0.01	32	26400	卖盘
13:02:12	8.26	--	2	1652	买盘
13:02:06	8.26	--	22	18172	买盘
13:02:03	8.26	--	16	13216	买盘
13:02:00	8.26	0.01	22	18172	买盘
13:01:57	8.25	--	25	20625	卖盘
13:01:54	8.25	-0.01	1000	825000	卖盘
13:01:51	8.26	--	1	826	买盘
13:01:45	8.26	--	53	43778	买盘
13:01:42	8.26	0.01	21	17346	买盘
13:01:39	8.25	-0.01	500	412500	卖盘
13:01:36	8.26	--	18	14868	卖盘
13:01:33	8.26	-0.01	16	13216	卖盘
13:01:30	8.27	0.01	35	28945	买盘
13:01:21	8.26	--	13	10738	卖盘
13:01:18	8.26	--	41	33866	卖盘
13:01:12	8.26	-0.01	1	826	卖盘
13:01:09	8.27	--	4	3308	买盘
13:01:06	8.27	--	4	3308	买盘
13:01:00	8.27	0.01	2	1654	买盘
13:00:51	8.26	0.01	12	9912	买盘
13:00:48	8.25	--	29	23925	卖盘
13:00:45	8.25	--	10	8250	卖盘
13:00:39	8.25	--	1	825	卖盘
13:00:33	8.25	--	51	42075	买盘
13:00:30	8.25	--	28	23100	买盘
13:00:09	8.25	0.01	11	9075	买盘
13:00:06	8.24	--	407	335368	卖盘
13:00:03	8.24	--	412	339718	卖盘
13:00:00	8.24	--	0	0	卖盘
11:30:00	8.24	--	11	9064	买盘
11:29:57	8.24	--	109	89816	卖盘
11:29:51	8.24	--	6	4944	卖盘
11:29:45	8.24	0.01	36	29664	买盘
11:29:42	8.23	-0.01	20	16460	卖盘
11:29:36	8.24	--	5	4120	买盘
11:29:30	8.24	--	97	79928	卖盘
11:29:27	8.24	--	10	8240	卖盘
11:29:24	8.24	--	10	8240	卖盘
11:29:21	8.24	-0.01	11	9064	卖盘
11:29:15	8.25	0.01	2	1650	买盘
11:29:12	8.24	-0.01	4	3296	卖盘
11:29:06	8.25	--	116	95700	买盘
11:28:54	8.25	0.02	2	1650	买盘
11:28:48	8.23	--	6	4938	卖盘
11:28:42	8.23	-0.01	100	82300	卖盘
11:28:36	8.24	--	89	73336	买盘
11:28:33	8.24	0.01	5	4120	买盘
11:28:30	8.23	--	2	1646	卖盘
11:28:27	8.23	-0.01	1	823	卖盘
11:28:24	8.24	0.01	23	18952	买盘
11:28:21	8.23	--	25	20575	卖盘
11:28:18	8.23	--	55	45265	卖盘
11:28:12	8.23	-0.01	20	16460	买盘
11:28:09	8.24	0.01	39	32136	买盘
11:28:06	8.23	--	30	24690	买盘
11:28:03	8.23	--	54	44442	卖盘
11:28:00	8.23	--	44	36212	卖盘
11:27:57	8.23	--	40	32920	卖盘
11:27:51	8.23	--	10	8230	卖盘
11:27:48	8.23	--	6	4938	卖盘
11:27:42	8.23	-0.01	34	27982	卖盘
11:27:33	8.24	-0.01	23	18952	卖盘
11:27:30	8.25	--	2	1650	买盘
11:27:24	8.25	--	2	1650	买盘
11:27:21	8.25	--	13	10972	卖盘
11:27:18	8.25	--	194	160050	卖盘
11:27:15	8.25	--	536	442200	卖盘
11:27:12	8.25	--	276	227700	卖盘
11:27:09	8.25	--	6	4950	卖盘
11:27:06	8.25	--	20	16500	卖盘
11:27:03	8.25	--	19	15675	卖盘
11:26:57	8.25	-0.01	177	146025	卖盘
11:26:54	8.26	0.01	1	826	买盘
11:26:48	8.25	--	21	17325	卖盘
11:26:45	8.25	-0.01	1002	826650	卖盘
11:26:39	8.26	--	33	27258	买盘
11:26:36	8.26	--	62	51212	卖盘
11:26:30	8.26	-0.01	20	16520	卖盘
11:26:27	8.27	--	34	28118	买盘
11:26:24	8.27	0.01	10	8270	买盘
11:26:21	8.26	-0.01	166	137116	卖盘
11:26:18	8.27	0.01	140	115780	买盘
11:26:15	8.26	-0.01	53	43778	卖盘
11:26:12	8.27	--	2	1654	买盘
11:26:09	8.27	0.01	8	6616	买盘
11:26:06	8.26	-0.01	40	33040	卖盘
11:26:03	8.27	--	58	47966	卖盘
11:26:00	8.27	--	107	88489	卖盘
11:25:57	8.27	-0.01	2	1654	卖盘
11:25:54	8.28	0.01	34	28151	买盘
11:25:51	8.27	--	223	184421	买盘
11:25:48	8.27	0.01	15	12405	买盘
11:25:45	8.26	-0.01	46	37996	卖盘
11:25:39	8.27	--	2	1654	买盘
11:25:36	8.27	0.01	9	7443	买盘
11:25:33	8.26	--	30	24780	卖盘
11:25:30	8.26	--	20	16520	卖盘
11:25:27	8.26	-0.01	10	8260	卖盘
11:25:24	8.27	0.01	25	20675	买盘
11:25:21	8.26	--	10	8260	卖盘
11:25:18	8.26	--	32	26432	卖盘
11:25:15	8.26	0.01	167	137942	买盘
11:25:12	8.25	-0.01	66	54450	卖盘
11:25:06	8.26	0.01	10	8260	买盘
11:25:03	8.25	-0.01	49	40425	卖盘
11:25:00	8.26	0.01	96	79296	买盘
11:24:57	8.25	--	1	825	卖盘
11:24:54	8.25	-0.01	5	4125	卖盘
11:24:51	8.26	--	2	1652	买盘
11:24:45	8.26	0.01	77	63602	买盘
11:24:42	8.25	--	5	4125	卖盘
11:24:39	8.25	0.03	312	257977	买盘
11:24:30	8.22	--	100	82200	买盘
11:24:27	8.22	--	3	2466	买盘
11:24:21	8.22	--	9	7398	买盘
11:24:15	8.22	-0.01	364	299208	卖盘
11:24:12	8.23	-0.02	250	205750	中性盘
11:23:57	8.25	--	32	26400	买盘
11:23:51	8.25	--	14	11550	买盘
11:23:45	8.25	--	15	12375	买盘
11:23:42	8.25	0.03	200	165000	买盘
11:23:39	8.22	--	340	279480	卖盘
11:23:36	8.22	--	27	22194	卖盘
11:23:33	8.22	--	38	31236	卖盘
11:23:30	8.22	--	88	72336	买盘
11:23:27	8.22	0.01	30	24660	买盘
11:23:24	8.21	-0.01	35	28735	卖盘
11:23:21	8.22	--	14	11508	买盘
11:23:09	8.22	0.02	180	147960	买盘
11:23:06	8.2	--	18	14759	买盘
11:23:03	8.2	0.01	30	24599	买盘
11:23:00	8.19	--	11	9009	卖盘
11:22:51	8.19	-0.01	100	81900	卖盘
11:22:48	8.2	0.02	16	13119	买盘
11:22:45	8.18	--	5	4090	卖盘
11:22:39	8.18	-0.01	10	8180	卖盘
11:22:36	8.19	-0.01	3	2457	卖盘
11:22:33	8.2	--	25	20500	买盘
11:22:30	8.2	0.01	15	12299	买盘
11:22:27	8.19	--	87	71253	买盘
11:22:24	8.19	0.01	23	18837	买盘
11:22:18	8.18	-0.01	14	11452	卖盘
11:22:15	8.19	--	5	4094	买盘
11:22:09	8.19	0.01	170	139230	中性盘
11:22:00	8.18	-0.01	488	399184	卖盘
11:21:57	8.19	--	190	155610	买盘
11:21:54	8.19	--	5	4094	买盘
11:21:51	8.19	--	89	72891	买盘
11:21:33	8.19	--	12	9828	卖盘
11:21:30	8.19	--	120	98280	卖盘
11:21:24	8.19	--	76	62243	卖盘
11:21:21	8.19	--	15	12285	卖盘
11:21:18	8.19	--	147	120392	卖盘
11:21:15	8.19	--	40	32759	卖盘
11:21:09	8.19	--	10	8189	卖盘
11:21:06	8.19	--	9	7371	卖盘
11:21:03	8.19	--	1	819	卖盘
11:21:00	8.19	--	42	34398	卖盘
11:20:57	8.19	--	25	20475	卖盘
11:20:54	8.19	--	87	71253	卖盘
11:20:51	8.19	--	29	23751	卖盘
11:20:45	8.19	-0.01	4	3276	卖盘
11:20:36	8.2	--	3	2460	买盘
11:20:33	8.2	0.01	1	819	买盘
11:20:30	8.19	-0.01	6	4914	卖盘
11:20:24	8.2	--	38	31159	卖盘
11:20:21	8.2	--	6	4920	卖盘
11:20:18	8.2	--	7	5739	卖盘
11:20:15	8.2	--	5	4100	卖盘
11:20:09	8.2	0.01	12	9840	中性盘
11:20:03	8.19	-0.01	183	149877	卖盘
11:19:57	8.2	0.01	37	30339	买盘
11:19:51	8.19	-0.01	250	204750	卖盘
11:19:45	8.2	0.01	15	12299	买盘
11:19:42	8.19	-0.01	16	13104	卖盘
11:19:39	8.2	--	15	12299	买盘
11:19:36	8.2	--	23	18860	买盘
11:19:33	8.2	--	19	15579	买盘
11:19:27	8.2	0.01	1	819	买盘
11:19:24	8.19	-0.01	4	3276	卖盘
11:19:21	8.2	0.01	20	16400	中性盘
11:19:12	8.19	-0.04	105	85995	卖盘
11:18:57	8.23	0.04	9	7407	买盘
11:18:54	8.19	--	3	2457	卖盘
11:18:51	8.19	-0.04	10	8189	卖盘
11:18:42	8.23	0.05	360	296280	买盘
11:18:39	8.18	--	5	4090	卖盘
11:18:36	8.18	-0.01	5	4090	卖盘
11:18:33	8.19	--	10	8189	买盘
11:18:30	8.19	0.01	32	26208	买盘
11:18:27	8.18	--	250	204500	卖盘
11:18:24	8.18	--	67	54806	卖盘
11:18:21	8.18	--	106	86708	卖盘
11:18:18	8.18	--	6	4908	卖盘
11:18:09	8.18	--	1	818	卖盘
11:18:06	8.18	-0.01	5	4090	卖盘
11:18:00	8.19	--	30	24570	买盘
11:17:54	8.19	0.01	30	24570	买盘
11:17:51	8.18	-0.01	2	1636	卖盘
11:17:48	8.19	0.01	1	819	买盘
11:17:45	8.18	--	22	17996	卖盘
11:17:39	8.18	--	47	38446	卖盘
11:17:30	8.18	-0.01	90	73620	卖盘
11:17:24	8.19	--	14	11466	买盘
11:17:21	8.19	-0.01	192	157248	卖盘
11:17:18	8.2	0.01	5	4100	买盘
11:17:15	8.19	--	44	36036	卖盘
11:17:12	8.19	--	66	54054	卖盘
11:17:06	8.19	-0.01	200	163800	卖盘
11:17:03	8.2	-0.03	239	195979	卖盘
11:16:57	8.23	--	3	2469	卖盘
11:16:51	8.23	--	20	16460	卖盘
11:16:48	8.23	--	10	8230	卖盘
11:16:45	8.23	-0.01	500	411500	卖盘
11:16:42	8.24	--	13	10712	卖盘
11:16:39	8.24	0.01	7	5768	中性盘
11:16:30	8.23	-0.01	500	411500	卖盘
11:16:27	8.24	-0.01	25	20600	中性盘
11:16:15	8.25	--	47	38775	卖盘
11:16:12	8.25	--	42	34650	卖盘
11:16:03	8.25	0.02	512	422400	买盘
11:16:00	8.23	--	2	1646	卖盘
11:15:57	8.23	--	10	8230	卖盘
11:15:54	8.23	0.03	243	199989	买盘
11:15:51	8.2	--	100	82000	买盘
11:15:39	8.2	-0.01	22	18040	卖盘
11:15:36	8.21	0.01	4	3284	买盘
11:15:27	8.2	--	35	28699	买盘
11:15:18	8.2	--	26	21319	卖盘
11:15:15	8.2	--	35	28699	卖盘
11:15:03	8.2	-0.01	13	10659	卖盘
11:15:00	8.21	0.01	5	4105	买盘
11:14:57	8.2	--	16	13119	卖盘
11:14:54	8.2	-0.01	105	86099	卖盘
11:14:51	8.21	0.01	21	17241	买盘
11:14:48	8.2	--	109	89379	卖盘
11:14:45	8.2	--	7	5739	卖盘
11:14:39	8.2	--	10	8200	卖盘
11:14:33	8.2	0.01	57	46739	买盘
11:14:27	8.19	0.01	22	18018	买盘
11:14:24	8.18	-0.01	341	278938	卖盘
11:14:18	8.19	0.01	209	171171	买盘
11:14:15	8.18	-0.01	50	40900	卖盘
11:14:12	8.19	--	2	1638	卖盘
11:14:06	8.19	-0.01	4	3276	中性盘
11:13:57	8.2	0.02	3	2460	买盘
11:13:54	8.18	-0.01	16	13088	卖盘
11:13:51	8.19	--	22	18018	卖盘
11:13:48	8.19	--	1	819	卖盘
11:13:45	8.19	--	1	819	买盘
11:13:42	8.19	--	357	292383	买盘
11:13:39	8.19	--	8	6552	买盘
11:13:36	8.19	--	5	4094	买盘
11:13:33	8.19	0.01	5	4094	买盘
11:13:30	8.18	--	20	16360	卖盘
11:13:27	8.18	--	121	98978	卖盘
11:13:24	8.18	--	5	4090	卖盘
11:13:21	8.18	-0.01	10	8180	卖盘
11:13:18	8.19	0.01	83	67977	买盘
11:13:06	8.18	-0.01	20	16360	卖盘
11:13:03	8.19	0.01	1	819	买盘
11:13:00	8.18	--	35	28630	卖盘
11:12:57	8.18	--	4	3272	卖盘
11:12:54	8.18	--	20	16360	卖盘
11:12:42	8.18	--	11	8998	卖盘
11:12:36	8.18	--	79	64622	买盘
11:12:33	8.18	--	491	401638	买盘
11:12:30	8.18	0.01	38	31084	买盘
11:12:27	8.17	-0.01	20	16340	卖盘
11:12:24	8.18	0.01	62	50716	买盘
11:12:21	8.17	-0.01	87	71079	卖盘
11:12:18	8.18	--	22	17996	买盘
11:12:15	8.18	0.01	253	206954	买盘
11:12:06	8.17	--	55	44935	卖盘
11:12:03	8.17	--	10	8170	卖盘
11:12:00	8.17	-0.01	76	62092	卖盘
11:11:57	8.18	--	18	14724	买盘
11:11:54	8.18	--	380	310840	买盘
11:11:51	8.18	--	38	31084	买盘
11:11:48	8.18	0.01	112	91616	买盘
11:11:45	8.17	-0.02	932	761689	卖盘
11:11:42	8.19	0.01	17	13923	买盘
11:11:39	8.18	--	10	8180	卖盘
11:11:33	8.18	--	7	5726	卖盘
11:11:30	8.18	--	65	53170	卖盘
11:11:27	8.18	--	42	34356	卖盘
11:11:15	8.18	-0.01	15	12270	卖盘
11:11:12	8.19	--	190	155610	卖盘
11:11:06	8.19	--	31	25389	卖盘
11:11:03	8.19	--	63	51597	卖盘
11:11:00	8.19	--	8	6552	卖盘
11:10:57	8.19	--	53	43407	卖盘
11:10:54	8.19	--	130	106470	卖盘
11:10:51	8.19	--	17	13923	卖盘
11:10:48	8.19	-0.01	17	13923	卖盘
11:10:45	8.2	0.01	260	213199	买盘
11:10:42	8.19	--	516	422604	卖盘
11:10:39	8.19	--	73	59787	卖盘
11:10:36	8.19	-0.01	20	16379	卖盘
11:10:33	8.2	--	7	5739	买盘
11:10:30	8.2	0.01	3	2460	买盘
11:10:27	8.19	--	8	6552	卖盘
11:10:18	8.19	-0.02	469	384111	卖盘
11:10:15	8.21	0.01	223	183083	买盘
11:10:12	8.2	--	182	149240	卖盘
11:10:09	8.2	--	5	4100	卖盘
11:10:06	8.2	--	313	256659	卖盘
11:10:03	8.2	--	143	117259	卖盘
11:10:00	8.2	-0.01	50	41000	卖盘
11:09:57	8.21	0.01	5	4105	买盘
11:09:54	8.2	--	28	22959	卖盘
11:09:45	8.2	-0.02	228	186959	卖盘
11:09:39	8.22	-0.01	2	1644	卖盘
11:09:36	8.23	0.01	45	37035	买盘
11:09:33	8.22	0.01	4	3288	中性盘
11:09:27	8.21	--	4	3284	卖盘
11:09:24	8.21	--	15	12315	卖盘
11:09:21	8.21	-0.01	821	674041	卖盘
11:09:18	8.22	--	31	25482	卖盘
11:09:09	8.22	--	110	90420	买盘
11:09:06	8.22	0.01	3	2466	买盘
11:09:03	8.21	-0.01	20	16420	卖盘
11:08:57	8.22	--	32	26304	买盘
11:08:54	8.22	--	25	20550	买盘
11:08:51	8.22	-0.01	84	69048	中性盘
11:08:45	8.23	0.02	41	33743	买盘
11:08:42	8.21	-0.01	3	2463	卖盘
11:08:39	8.22	--	2	1644	卖盘
11:08:36	8.22	--	12	9864	买盘
11:08:27	8.22	--	2	1644	买盘
11:08:21	8.22	0.02	38	31236	买盘
11:08:18	8.2	-0.01	22	18040	卖盘
11:08:12	8.21	--	4	3284	中性盘
11:08:06	8.21	--	10	8210	买盘
11:07:57	8.21	--	14	11494	卖盘
11:07:54	8.21	--	22	18062	卖盘
11:07:51	8.21	0.01	168	137928	买盘
11:07:48	8.2	-0.01	5	4100	卖盘
11:07:39	8.21	0.01	4	3284	买盘
11:07:36	8.2	0.01	77	63139	买盘
11:07:30	8.19	--	56	45864	卖盘
11:07:24	8.19	--	3	2457	卖盘
11:07:15	8.19	--	162	132678	卖盘
11:07:12	8.19	--	4	3276	卖盘
11:07:03	8.19	--	1	819	卖盘
11:07:00	8.19	--	5	4094	卖盘
11:06:54	8.19	--	16	13104	卖盘
11:06:51	8.19	-0.01	64	52416	卖盘
11:06:48	8.2	--	19	15579	卖盘
11:06:45	8.2	0.01	1	819	中性盘
11:06:39	8.19	--	39	32514	卖盘
11:06:33	8.19	-0.01	133	108927	卖盘
11:06:30	8.2	-0.01	88	72406	卖盘
11:06:27	8.21	0.01	532	437346	买盘
11:06:24	8.2	--	27	22139	买盘
11:06:15	8.2	--	57	46739	买盘
11:06:12	8.2	--	20	16400	买盘
11:06:09	8.2	--	12	9840	买盘
11:06:00	8.2	--	231	189419	买盘
11:05:57	8.2	-0.01	339	278226	卖盘
11:05:54	8.21	--	77	63217	卖盘
11:05:51	8.21	--	20	16420	卖盘
11:05:48	8.21	--	12	9852	卖盘
11:05:45	8.21	--	6	4926	卖盘
11:05:42	8.21	--	20	16420	卖盘
11:05:39	8.21	--	5	4105	卖盘
11:05:36	8.21	0.01	549	450729	买盘
11:05:33	8.2	--	32	26239	卖盘
11:05:24	8.2	-0.03	146	119719	卖盘
11:05:18	8.23	--	57	46911	卖盘
11:05:15	8.23	0.03	1	823	中性盘
11:05:03	8.2	-0.03	679	556780	卖盘
11:05:00	8.23	--	30	24690	买盘
11:04:57	8.23	0.01	12	9876	买盘
11:04:54	8.22	--	16	13152	卖盘
11:04:51	8.22	-0.01	121	99462	卖盘
11:04:48	8.23	0.01	5	4115	买盘
11:04:45	8.22	-0.01	43	35346	卖盘
11:04:42	8.23	0.01	12	9876	买盘
11:04:39	8.22	--	10	8220	卖盘
11:04:30	8.22	--	10	8220	卖盘
11:04:21	8.22	--	5	4110	卖盘
11:04:12	8.22	--	3	2466	卖盘
11:04:09	8.22	-0.01	68	55896	卖盘
11:04:06	8.23	0.01	30	24690	买盘
11:04:03	8.22	--	3	2466	卖盘
11:03:54	8.22	--	16	13152	卖盘
11:03:51	8.22	-0.01	2	1644	卖盘
11:03:48	8.23	--	10	8230	买盘
11:03:42	8.23	--	21	17283	买盘
11:03:36	8.23	--	4	3292	卖盘
11:03:33	8.23	--	27	22221	卖盘
11:03:30	8.23	-0.01	1	823	中性盘
11:03:24	8.24	0.01	300	247200	买盘
11:03:21	8.23	--	260	213980	买盘
11:03:18	8.23	--	155	127565	卖盘
11:03:15	8.23	-0.01	30	24690	卖盘
11:03:09	8.24	--	43	35432	买盘
11:03:03	8.24	--	3	2472	买盘
11:03:00	8.24	--	10	8240	买盘
11:02:57	8.24	--	180	148320	卖盘
11:02:54	8.24	--	134	110416	卖盘
11:02:51	8.24	-0.01	16	13184	卖盘
11:02:48	8.25	--	25	20625	买盘
11:02:45	8.25	0.01	31	25575	买盘
11:02:39	8.24	-0.01	6	4944	卖盘
11:02:36	8.25	--	3	2475	买盘
11:02:30	8.25	--	30	24750	卖盘
11:02:27	8.25	--	46	37950	卖盘
11:02:24	8.25	--	300	247500	卖盘
11:02:21	8.25	--	9	7425	卖盘
11:02:18	8.25	--	1	825	卖盘
11:02:12	8.25	--	100	82500	卖盘
11:02:09	8.25	--	42	34650	卖盘
11:02:06	8.25	--	20	16500	卖盘
11:02:00	8.25	--	10	8250	卖盘
11:01:54	8.25	--	98	80850	买盘
11:01:51	8.25	--	10	8250	买盘
11:01:45	8.25	--	25	20625	卖盘
11:01:42	8.25	--	81	66825	卖盘
11:01:36	8.25	--	73	60225	卖盘
11:01:33	8.25	-0.01	57	47025	卖盘
11:01:30	8.26	0.01	2	1652	买盘
11:01:27	8.25	-0.01	32	26400	卖盘
11:01:24	8.26	0.01	15	12390	买盘
11:01:21	8.25	--	15	12375	卖盘
11:01:18	8.25	-0.01	12	9900	卖盘
11:01:12	8.26	0.01	100	82600	中性盘
11:01:06	8.25	-0.01	907	748275	卖盘
11:01:03	8.26	--	104	85904	卖盘
11:00:57	8.26	--	1	826	卖盘
11:00:54	8.26	--	16	13216	卖盘
11:00:51	8.26	--	5	4130	卖盘
11:00:48	8.26	0.01	289	238714	买盘
11:00:42	8.25	-0.01	12	9900	卖盘
11:00:39	8.26	0.01	3	2478	买盘
11:00:36	8.25	--	31	25575	卖盘
11:00:33	8.25	-0.01	134	110550	卖盘
11:00:27	8.26	--	18	14868	买盘
11:00:24	8.26	-0.01	60	49560	卖盘
11:00:21	8.27	0.01	13	10751	买盘
11:00:18	8.26	-0.01	22	18172	卖盘
11:00:15	8.27	0.01	31	25637	买盘
11:00:09	8.26	--	61	50386	卖盘
11:00:06	8.26	-0.01	87	71862	卖盘
11:00:00	8.27	0.01	149	123223	买盘
10:59:54	8.26	--	16	13216	卖盘
10:59:51	8.26	-0.01	62	51212	卖盘
10:59:45	8.27	--	10	8270	买盘
10:59:42	8.27	-0.01	150	124050	卖盘
10:59:36	8.28	0.01	9	7451	买盘
10:59:33	8.27	-0.01	50	41350	买盘
10:59:30	8.28	0.01	5	4140	买盘
10:59:27	8.27	-0.01	25	20675	卖盘
10:59:21	8.28	--	1	827	买盘
10:59:18	8.28	--	19	15731	卖盘
10:59:15	8.28	--	300	248399	卖盘
10:59:09	8.28	--	87	72036	卖盘
10:59:03	8.28	--	28	23184	卖盘
10:59:00	8.28	--	24	19872	卖盘
10:58:57	8.28	--	24	19872	卖盘
10:58:54	8.28	--	167	138276	买盘
10:58:51	8.28	0.02	29	24011	买盘
10:58:48	8.26	-0.02	213	175938	卖盘
10:58:45	8.28	0.01	17	14075	买盘
10:58:42	8.27	0.01	15	12405	中性盘
10:58:36	8.26	0.01	180	148680	买盘
10:58:33	8.25	-0.01	8	6600	卖盘
10:58:30	8.26	--	9	7434	买盘
10:58:27	8.26	--	23	18998	买盘
10:58:24	8.26	--	20	16520	买盘
10:58:21	8.26	--	5	4130	买盘
10:58:18	8.26	--	10	8260	买盘
10:58:15	8.26	-0.02	254	209804	卖盘
10:58:12	8.28	-0.01	20	16560	卖盘
10:58:09	8.29	--	6	4973	买盘
10:58:06	8.29	0.01	2	1657	买盘
10:58:03	8.28	--	80	66240	卖盘
10:58:00	8.28	--	10	8280	卖盘
10:57:57	8.28	--	42	34776	买盘
10:57:54	8.28	--	135	111779	买盘
10:57:51	8.28	--	3	2484	买盘
10:57:48	8.28	--	12	9936	买盘
10:57:45	8.28	--	25	20700	买盘
10:57:42	8.28	-0.03	23	19044	卖盘
10:57:39	8.31	0.03	819	680589	买盘
10:57:36	8.28	-0.01	128	105983	卖盘
10:57:33	8.29	0.01	215	178234	买盘
10:57:30	8.28	--	26	21528	卖盘
10:57:27	8.28	-0.01	39	32291	卖盘
10:57:24	8.29	--	709	587760	买盘
10:57:21	8.29	--	66	54713	买盘
10:57:18	8.29	-0.01	18	14921	卖盘
10:57:15	8.3	--	683	566890	卖盘
10:57:12	8.3	-0.01	184	152720	卖盘
10:57:09	8.31	0.01	55	45705	买盘
10:57:06	8.3	--	65	53950	卖盘
10:57:03	8.3	--	10	8300	卖盘
10:57:00	8.3	--	45	37350	卖盘
10:56:57	8.3	-0.01	100	83000	卖盘
10:56:54	8.31	0.01	351	291681	买盘
10:56:51	8.3	--	32	26560	买盘
10:56:48	8.3	--	4	3320	买盘
10:56:45	8.3	0.01	130	107900	买盘
10:56:42	8.29	-0.01	28	23211	中性盘
10:56:39	8.3	--	390	323700	卖盘
10:56:36	8.3	--	130	107900	卖盘
10:56:33	8.3	--	27	22410	卖盘
10:56:30	8.3	-0.02	26	21580	卖盘
10:56:27	8.32	0.02	113	94016	买盘
10:56:24	8.3	--	100	83000	卖盘
10:56:21	8.3	--	7	5810	卖盘
10:56:18	8.3	0.01	1962	1628460	买盘
10:56:15	8.29	0.01	915	758534	买盘
10:56:09	8.28	0.03	973	805643	买盘
10:56:06	8.25	--	3	2475	卖盘
10:56:03	8.25	--	19	15675	卖盘
10:56:00	8.25	-0.02	10	8250	卖盘
10:55:57	8.27	0.01	126	104202	买盘
10:55:54	8.26	--	61	50386	买盘
10:55:48	8.26	-0.01	36	29736	卖盘
10:55:45	8.27	0.01	138	114126	买盘
10:55:42	8.26	--	24	19824	卖盘
10:55:39	8.26	--	66	54516	卖盘
10:55:36	8.26	-0.01	33	27258	卖盘
10:55:33	8.27	--	49	40523	买盘
10:55:30	8.27	--	20	16540	买盘
10:55:27	8.27	--	12	9924	买盘
10:55:24	8.27	--	111	91797	买盘
10:55:21	8.27	0.01	292	241484	买盘
10:55:18	8.26	-0.01	18	14868	卖盘
10:55:15	8.27	0.01	160	132320	买盘
10:55:12	8.26	-0.01	30	24780	卖盘
10:55:09	8.27	--	5	4135	买盘
10:55:06	8.27	--	3	2481	买盘
10:55:00	8.27	0.01	12	9924	买盘
10:54:57	8.26	--	138	113988	卖盘
10:54:54	8.26	-0.01	37	30562	卖盘
10:54:51	8.27	0.01	242	200134	买盘
10:54:48	8.26	--	60	49560	卖盘
10:54:45	8.26	--	5	4130	卖盘
10:54:42	8.26	--	22	18172	卖盘
10:54:39	8.26	--	114	94164	卖盘
10:54:36	8.26	-0.01	315	260190	卖盘
10:54:33	8.27	0.01	52	43004	买盘
10:54:30	8.26	-0.01	2	1652	卖盘
10:54:27	8.27	0.01	362	299374	买盘
10:54:24	8.26	--	7	5782	卖盘
10:54:21	8.26	--	20	16520	卖盘
10:54:18	8.26	--	36	29736	卖盘
10:54:12	8.26	-0.01	12	9912	卖盘
10:54:09	8.27	--	135	111645	买盘
10:54:06	8.27	0.01	63	52101	买盘
10:54:03	8.26	-0.01	17	14042	卖盘
10:54:00	8.27	-0.01	121	100067	卖盘
10:53:57	8.28	0.01	534	442151	买盘
10:53:54	8.27	-0.01	79	65333	卖盘
10:53:51	8.28	--	76	62927	买盘
10:53:48	8.28	-0.01	7	5796	卖盘
10:53:45	8.29	0.02	103	85386	买盘
10:53:42	8.27	--	107	88489	买盘
10:53:39	8.27	--	70	57890	卖盘
10:53:36	8.27	--	1493	1234711	买盘
10:53:33	8.27	--	10	8270	买盘
10:53:30	8.27	--	14	11578	买盘
10:53:27	8.27	--	33	27291	卖盘
10:53:21	8.27	--	26	21502	买盘
10:53:15	8.27	0.04	2202	1821054	买盘
10:53:12	8.23	--	132	108636	买盘
10:53:09	8.23	0.01	3	2469	买盘
10:53:06	8.22	--	17	13974	卖盘
10:53:03	8.22	--	44	36168	卖盘
10:53:00	8.22	--	1	822	卖盘
10:52:57	8.22	-0.01	20	16440	卖盘
10:52:54	8.23	0.01	28	23044	买盘
10:52:48	8.22	--	378	310716	买盘
10:52:45	8.22	0.01	100	82200	买盘
10:52:42	8.21	--	50	41050	卖盘
10:52:33	8.21	--	5	4105	买盘
10:52:30	8.21	-0.01	108	88668	中性盘
10:52:27	8.22	0.02	859	706098	买盘
10:52:24	8.2	-0.01	93	76260	卖盘
10:52:15	8.21	0.01	130	106730	买盘
10:52:12	8.2	--	10	8200	卖盘
10:52:09	8.2	--	1	819	卖盘
10:52:06	8.2	--	10	8200	卖盘
10:52:00	8.2	-0.01	64	52479	卖盘
10:51:57	8.21	0.01	134	110014	买盘
10:51:54	8.2	--	38	31159	卖盘
10:51:51	8.2	--	6	4920	卖盘
10:51:48	8.2	-0.01	30	24599	卖盘
10:51:36	8.21	--	100	82100	买盘
10:51:33	8.21	0.01	113	92773	买盘
10:51:30	8.2	--	45	36900	卖盘
10:51:24	8.2	--	26	21319	卖盘
10:51:21	8.2	--	27	22139	卖盘
10:51:18	8.2	-0.01	7	5739	卖盘
10:51:15	8.21	--	70	57470	买盘
10:51:06	8.21	--	40	32840	买盘
10:51:03	8.21	--	3	2463	买盘
10:51:00	8.21	--	10	8210	买盘
10:50:57	8.21	0.01	20	16420	买盘
10:50:54	8.2	--	16	13119	卖盘
10:50:51	8.2	-0.01	20	16400	卖盘
10:50:48	8.21	0.01	9	7389	买盘
10:50:42	8.2	--	38	31159	卖盘
10:50:39	8.2	--	20	16400	卖盘
10:50:36	8.2	--	10	8200	卖盘
10:50:33	8.2	--	15	12299	卖盘
10:50:24	8.2	--	294	241079	卖盘
10:50:21	8.2	-0.01	67	54939	卖盘
10:50:15	8.21	0.01	28	22988	买盘
10:50:12	8.2	--	10	8200	卖盘
10:50:09	8.2	--	26	21319	卖盘
10:50:06	8.2	0.01	242	199013	买盘
10:50:03	8.19	--	132	108108	卖盘
10:49:57	8.19	--	9	7371	卖盘
10:49:54	8.19	--	16	13104	卖盘
10:49:45	8.19	-0.01	14	11466	卖盘
10:49:36	8.2	--	146	119965	卖盘
10:49:33	8.2	--	20	16400	卖盘
10:49:30	8.2	--	93	76260	卖盘
10:49:27	8.2	--	191	157194	买盘
10:49:24	8.2	--	2	1639	买盘
10:49:06	8.2	--	225	184745	卖盘
10:49:03	8.2	--	106	86919	卖盘
10:49:00	8.2	--	132	108239	卖盘
10:48:57	8.2	--	54	44279	卖盘
10:48:54	8.2	--	63	51659	卖盘
10:48:48	8.2	--	2	1639	卖盘
10:48:45	8.2	--	32	26239	卖盘
10:48:42	8.2	-0.01	10	8200	卖盘
10:48:39	8.21	0.01	11	9318	买盘
10:48:33	8.2	-0.01	33	27059	卖盘
10:48:27	8.21	0.01	49	40229	买盘
10:48:24	8.2	--	1	1107	卖盘
10:48:21	8.2	-0.01	6	4920	卖盘
10:48:15	8.21	--	125	102625	买盘
10:48:09	8.21	0.01	1	821	买盘
10:48:06	8.2	-0.01	2	1639	卖盘
10:48:03	8.21	--	13	10673	买盘
10:48:00	8.21	0.01	20	16420	买盘
10:47:54	8.2	-0.01	68	55759	卖盘
10:47:51	8.21	--	5	4105	买盘
10:47:42	8.21	0.01	12	9852	买盘
10:47:39	8.2	-0.01	8	6559	卖盘
10:47:36	8.21	--	13	10673	买盘
10:47:30	8.21	--	45	36945	买盘
10:47:27	8.21	0.01	10	8210	买盘
10:47:24	8.2	-0.01	1	819	卖盘
10:47:21	8.21	--	93	76353	卖盘
10:47:18	8.21	--	21	17241	卖盘
10:47:15	8.21	-0.01	32	26272	卖盘
10:47:12	8.22	--	93	76446	买盘
10:47:06	8.22	0.01	80	65760	买盘
10:47:00	8.21	--	118	96878	卖盘
10:46:57	8.21	--	30	24630	卖盘
10:46:54	8.21	-0.01	21	17241	卖盘
10:46:51	8.22	0.01	7	5754	买盘
10:46:48	8.21	-0.01	41	33661	卖盘
10:46:42	8.22	--	35	28770	买盘
10:46:39	8.22	0.01	35	28770	买盘
10:46:30	8.21	--	50	41050	卖盘
10:46:27	8.21	--	15	12315	卖盘
10:46:24	8.21	--	20	16420	卖盘
10:46:18	8.21	--	9	7389	买盘
10:46:15	8.21	0.01	54	44334	买盘
10:46:09	8.2	-0.01	859	704379	卖盘
10:46:06	8.21	0.01	1	821	买盘
10:46:03	8.2	--	2	1639	卖盘
10:46:00	8.2	--	80	65600	卖盘
10:45:54	8.2	--	16	13119	卖盘
10:45:51	8.2	--	303	248459	买盘
10:45:39	8.2	0.01	485	397699	买盘
10:45:36	8.19	--	4	3276	卖盘
10:45:33	8.19	--	22	18018	卖盘
10:45:24	8.19	0.01	365	298935	买盘
10:45:18	8.18	-0.01	6	4908	卖盘
10:45:15	8.19	--	33	27027	买盘
10:45:12	8.19	0.01	1	819	买盘
10:45:03	8.18	--	85	69530	买盘
10:45:00	8.18	--	75	61350	买盘
10:44:57	8.18	0.01	100	81800	买盘
10:44:54	8.17	--	16	13072	卖盘
10:44:51	8.17	--	39	31863	卖盘
10:44:39	8.17	0.01	152	124184	买盘
10:44:30	8.16	--	15	12240	卖盘
10:44:24	8.16	-0.01	3	2448	卖盘
10:44:21	8.17	0.01	17	13889	买盘
10:44:18	8.16	--	20	16320	卖盘
10:44:15	8.16	--	2	1632	卖盘
10:44:06	8.16	--	20	16320	卖盘
10:44:00	8.16	--	30	24480	卖盘
10:43:54	8.16	-0.01	71	57936	卖盘
10:43:51	8.17	--	37	30229	买盘
10:43:45	8.17	--	1	817	买盘
10:43:39	8.17	-0.01	53	43301	卖盘
10:43:36	8.18	--	99	80982	买盘
10:43:33	8.18	--	1	818	买盘
10:43:30	8.18	--	4	3272	买盘
10:43:27	8.18	--	40	32720	买盘
10:43:24	8.18	--	10	8180	买盘
10:43:21	8.18	--	69	56442	买盘
10:43:15	8.18	--	1	818	买盘
10:43:12	8.18	--	11	8998	买盘
10:43:09	8.18	0.01	33	26994	买盘
10:43:03	8.17	--	46	37582	买盘
10:43:00	8.17	0.01	20	16340	买盘
10:42:57	8.16	-0.01	26	21216	卖盘
10:42:54	8.17	0.01	2	1634	买盘
10:42:51	8.16	-0.01	10	8160	卖盘
10:42:45	8.17	--	12	9804	买盘
10:42:42	8.17	--	4	3268	卖盘
10:42:39	8.17	-0.01	6	4902	卖盘
10:42:36	8.18	0.01	465	380370	买盘
10:42:33	8.17	--	28	22876	卖盘
10:42:30	8.17	--	204	166668	卖盘
10:42:24	8.17	--	20	16340	卖盘
10:42:21	8.17	--	19	15523	卖盘
10:42:18	8.17	--	35	28595	买盘
10:42:15	8.17	--	20	16340	买盘
10:42:12	8.17	--	17	13889	买盘
10:42:09	8.17	0.01	37	30229	买盘
10:42:03	8.16	--	100	81600	卖盘
10:41:57	8.16	--	5	4080	卖盘
10:41:54	8.16	--	74	60384	买盘
10:41:51	8.16	--	20	16320	买盘
10:41:48	8.16	--	6	4896	买盘
10:41:45	8.16	--	36	29376	买盘
10:41:42	8.16	0.01	1	816	买盘
10:41:39	8.15	-0.01	5	4075	卖盘
10:41:33	8.16	--	106	86496	买盘
10:41:30	8.16	--	4	3264	买盘
10:41:27	8.16	--	8	6528	买盘
10:41:15	8.16	--	8	6528	买盘
10:41:09	8.16	--	13	10608	买盘
10:41:06	8.16	0.01	52	42432	买盘
10:41:00	8.15	--	55	44825	卖盘
10:40:57	8.15	--	197	160555	卖盘
10:40:54	8.15	-0.01	29	23635	卖盘
10:40:51	8.16	--	490	399840	买盘
10:40:45	8.16	--	5	4080	买盘
10:40:42	8.16	--	101	82416	买盘
10:40:39	8.16	--	14	11424	卖盘
10:40:27	8.16	--	15	12240	卖盘
10:40:24	8.16	--	60	48960	卖盘
10:40:21	8.16	--	8	6528	卖盘
10:40:18	8.16	0.01	31	25296	卖盘
10:40:15	8.15	-0.01	310	252650	卖盘
10:40:12	8.16	--	4	3264	卖盘
10:40:09	8.16	--	9	7344	买盘
10:40:06	8.16	--	21	17136	卖盘
10:39:54	8.16	--	29	23664	卖盘
10:39:51	8.16	-0.01	11	8976	卖盘
10:39:48	8.17	0.01	6	4902	买盘
10:39:45	8.16	--	12	9792	卖盘
10:39:33	8.16	--	14	11424	卖盘
10:39:30	8.16	0.01	241	196656	买盘
10:39:27	8.15	--	1	815	卖盘
10:39:21	8.15	-0.01	63	51345	卖盘
10:39:18	8.16	0.01	20	16320	买盘
10:39:12	8.15	--	59	48085	卖盘
10:39:06	8.15	--	119	96985	卖盘
10:39:03	8.15	0.01	10	8150	中性盘
10:38:57	8.14	--	20	16280	卖盘
10:38:54	8.14	--	186	151404	卖盘
10:38:45	8.14	-0.02	1261	1026454	卖盘
10:38:42	8.16	-0.01	88	71808	卖盘
10:38:36	8.17	--	64	52288	卖盘
10:38:30	8.17	--	16	13072	卖盘
10:38:27	8.17	--	932	761444	买盘
10:38:24	8.17	0.01	6	4902	买盘
10:38:21	8.16	--	1	816	卖盘
10:38:18	8.16	-0.01	37	30192	卖盘
10:38:12	8.17	--	107	87419	卖盘
10:38:09	8.17	--	15	12255	卖盘
10:38:06	8.17	--	65	53105	卖盘
10:38:03	8.17	--	30	24510	卖盘
10:38:00	8.17	-0.01	502	410134	卖盘
10:37:57	8.18	0.01	14	11452	买盘
10:37:54	8.17	--	17	13889	卖盘
10:37:48	8.17	-0.01	42	34314	卖盘
10:37:45	8.18	--	46	37628	买盘
10:37:42	8.18	--	1	818	买盘
10:37:39	8.18	--	46	38396	卖盘
10:37:36	8.18	--	938	767284	卖盘
10:37:33	8.18	--	127	103886	卖盘
10:37:30	8.18	--	53	43354	卖盘
10:37:27	8.18	--	25	20450	卖盘
10:37:21	8.18	--	67	54806	卖盘
10:37:18	8.18	--	809	661811	买盘
10:37:15	8.18	0.01	175	143150	买盘
10:37:06	8.17	-0.01	27	22059	卖盘
10:37:03	8.18	--	11	9766	卖盘
10:37:00	8.18	--	20	16360	卖盘
10:36:57	8.18	--	129	105522	卖盘
10:36:54	8.18	--	46	37628	卖盘
10:36:51	8.18	--	74	60532	卖盘
10:36:48	8.18	--	8	6544	卖盘
10:36:45	8.18	--	80	65440	卖盘
10:36:42	8.18	--	5	4090	卖盘
10:36:39	8.18	--	150	122700	卖盘
10:36:36	8.18	--	107	87526	卖盘
10:36:27	8.18	--	335	274030	卖盘
10:36:24	8.18	--	19	15542	卖盘
10:36:18	8.18	--	50	40900	卖盘
10:36:12	8.18	--	65	53170	卖盘
10:36:09	8.18	--	12	9816	卖盘
10:36:06	8.18	--	23	18814	卖盘
10:36:00	8.18	--	21	17178	卖盘
10:35:57	8.18	--	2	1636	卖盘
10:35:54	8.18	--	16	13088	卖盘
10:35:51	8.18	--	10	8180	卖盘
10:35:45	8.18	--	51	41718	卖盘
10:35:42	8.18	--	120	98160	卖盘
10:35:39	8.18	--	206	168557	买盘
10:35:36	8.18	--	55	45758	卖盘
10:35:33	8.18	--	18	14724	卖盘
10:35:30	8.18	--	311	254398	卖盘
10:35:27	8.18	--	59	48262	卖盘
10:35:18	8.18	-0.01	23	18814	卖盘
10:35:15	8.19	--	11	9009	买盘
10:35:12	8.19	0.01	2	1638	买盘
10:35:09	8.18	-0.01	6	4908	卖盘
10:35:06	8.19	0.01	35	28665	买盘
10:35:03	8.18	--	12	9816	卖盘
10:35:00	8.18	--	7	5726	卖盘
10:34:57	8.18	-0.01	207	169326	卖盘
10:34:54	8.19	0.01	1018	833742	买盘
10:34:51	8.18	--	15	12270	卖盘
10:34:48	8.18	--	89	72802	卖盘
10:34:45	8.18	--	23	18814	卖盘
10:34:42	8.18	--	6	4908	卖盘
10:34:39	8.18	-0.01	15	12270	卖盘
10:34:36	8.19	--	10	8189	买盘
10:34:33	8.19	--	3	2457	卖盘
10:34:30	8.19	--	49	40131	卖盘
10:34:27	8.19	--	72	58968	卖盘
10:34:24	8.19	--	15	12285	卖盘
10:34:21	8.19	--	58	47502	卖盘
10:34:18	8.19	--	42	34398	卖盘
10:34:15	8.19	0.01	591	484028	买盘
10:34:12	8.18	--	30	24540	卖盘
10:34:09	8.18	--	115	94070	卖盘
10:34:06	8.18	-0.01	40	32720	卖盘
10:34:03	8.19	--	706	578214	买盘
10:34:00	8.19	0.01	70	57330	买盘
10:33:57	8.18	--	7	5726	卖盘
10:33:54	8.18	--	16	13088	卖盘
10:33:51	8.18	-0.01	25	20450	卖盘
10:33:48	8.19	--	5	4094	买盘
10:33:42	8.19	--	28	22932	买盘
10:33:39	8.19	0.01	40	32759	买盘
10:33:36	8.18	-0.01	26	21268	卖盘
10:33:33	8.19	--	10	8189	买盘
10:33:30	8.19	--	2	1638	买盘
10:33:27	8.19	--	15	12285	买盘
10:33:24	8.19	-0.01	513	420147	卖盘
10:33:21	8.2	--	7	5739	买盘
10:33:18	8.2	--	179	146780	买盘
10:33:15	8.2	--	66	54119	买盘
10:33:12	8.2	--	5	4100	买盘
10:33:06	8.2	--	33	27059	买盘
10:33:03	8.2	--	6	4920	买盘
10:33:00	8.2	0.01	24	19680	买盘
10:32:57	8.19	--	58	47502	卖盘
10:32:54	8.19	-0.01	41	33579	卖盘
10:32:51	8.2	--	62	50839	买盘
10:32:48	8.2	--	81	66420	买盘
10:32:42	8.2	0.01	242	198439	买盘
10:32:39	8.19	-0.01	10	8189	卖盘
10:32:36	8.2	--	12	9840	买盘
10:32:33	8.2	--	10	8200	买盘
10:32:30	8.2	0.01	42	34440	买盘
10:32:27	8.19	-0.01	120	98280	卖盘
10:32:21	8.2	0.01	15	12299	买盘
10:32:18	8.19	-0.01	8	6552	卖盘
10:32:09	8.2	0.01	17	13939	买盘
10:32:03	8.19	-0.01	29	23751	卖盘
10:32:00	8.2	0.01	10	8200	买盘
10:31:54	8.19	--	664	543816	买盘
10:31:51	8.19	0.01	7	5733	买盘
10:31:48	8.18	-0.01	1	818	卖盘
10:31:45	8.19	--	10	8189	买盘
10:31:42	8.19	--	118	96642	买盘
10:31:39	8.19	--	205	167895	买盘
10:31:33	8.19	--	32	26208	买盘
10:31:30	8.19	--	540	442260	卖盘
10:31:27	8.19	--	214	175266	卖盘
10:31:24	8.19	--	1	819	卖盘
10:31:21	8.19	--	15	12285	卖盘
10:31:18	8.19	--	9	7371	卖盘
10:31:15	8.19	--	181	148239	买盘
10:31:12	8.19	--	500	409500	买盘
10:31:09	8.19	0.01	30	24570	买盘
10:31:06	8.18	-0.01	4	3272	卖盘
10:31:03	8.19	--	24	19656	买盘
10:31:00	8.19	0.01	9	7371	买盘
10:30:57	8.18	--	30	24540	卖盘
10:30:54	8.18	-0.01	116	94888	卖盘
10:30:51	8.19	0.01	22	18018	买盘
10:30:48	8.18	--	28	22904	卖盘
10:30:45	8.18	--	70	57260	卖盘
10:30:39	8.18	--	10	8180	卖盘
10:30:36	8.18	--	37	30266	卖盘
10:30:33	8.18	--	126	103068	卖盘
10:30:27	8.18	--	34	27812	卖盘
10:30:24	8.18	--	32	26176	卖盘
10:30:21	8.18	--	335	274030	卖盘
10:30:18	8.18	-0.01	30	24540	卖盘
10:30:15	8.19	0.01	645	528255	买盘
10:30:09	8.18	--	520	425360	卖盘
10:30:06	8.18	-0.01	4	3272	卖盘
10:30:03	8.19	0.01	68	55692	买盘
10:30:00	8.18	--	10	8180	卖盘
10:29:54	8.18	--	47	38446	卖盘
10:29:51	8.18	--	57	46626	卖盘
10:29:45	8.18	--	39	31951	买盘
10:29:39	8.18	--	21	17178	买盘
10:29:36	8.18	--	4	3272	买盘
10:29:33	8.18	--	270	220860	买盘
10:29:30	8.18	-0.01	355	291158	卖盘
10:29:24	8.19	0.01	18	14742	买盘
10:29:21	8.18	--	836	683897	买盘
10:29:18	8.18	--	4	3272	买盘
10:29:15	8.18	0.01	50	40900	买盘
10:29:12	8.17	--	20	16340	卖盘
10:29:09	8.17	--	15	12255	卖盘
10:29:06	8.17	--	13	10621	卖盘
10:29:03	8.17	--	45	36765	卖盘
10:29:00	8.17	-0.01	10	8170	卖盘
10:28:57	8.18	--	20	16360	买盘
10:28:54	8.18	--	23	18814	买盘
10:28:48	8.18	--	1	818	买盘
10:28:42	8.18	--	3	2454	买盘
10:28:39	8.18	0.01	25	20450	买盘
10:28:36	8.17	--	19	15523	卖盘
10:28:33	8.17	-0.01	49	40033	中性盘
10:28:30	8.18	--	100	81800	买盘
10:28:27	8.18	0.02	89	72802	买盘
10:28:21	8.16	-0.02	99	80784	卖盘
10:28:15	8.18	0.02	327	267486	买盘
10:28:12	8.16	--	14	11424	卖盘
10:28:09	8.16	-0.01	58	47328	卖盘
10:28:06	8.17	0.01	10	8170	买盘
10:28:03	8.16	--	51	41616	卖盘
10:27:57	8.16	--	1	816	卖盘
10:27:54	8.16	-0.01	46	37536	卖盘
10:27:48	8.17	0.01	10	8170	买盘
10:27:45	8.16	-0.01	5	4080	卖盘
10:27:42	8.17	--	8	6536	买盘
10:27:39	8.17	--	132	107844	买盘
10:27:36	8.17	0.01	9	7353	买盘
10:27:33	8.16	-0.01	63	51408	卖盘
10:27:30	8.17	0.01	27	22059	买盘
10:27:24	8.16	-0.01	37	30192	卖盘
10:27:09	8.17	0.01	13	10621	中性盘
10:27:03	8.16	-0.02	664	541824	卖盘
10:27:00	8.18	0.01	2	1636	买盘
10:26:57	8.17	--	11	8987	卖盘
10:26:54	8.17	--	26	21242	卖盘
10:26:48	8.17	-0.02	17	13889	卖盘
10:26:45	8.19	0.01	50	40950	买盘
10:26:39	8.18	0.01	33	26994	买盘
10:26:36	8.17	-0.01	155	126635	卖盘
10:26:33	8.18	-0.01	5	4090	卖盘
10:26:30	8.19	--	48	39312	买盘
10:26:27	8.19	0.01	4	3276	买盘
10:26:24	8.18	--	69	56442	卖盘
10:26:21	8.18	--	80	65440	卖盘
10:26:18	8.18	--	19	15542	卖盘
10:26:12	8.18	--	61	49898	卖盘
10:26:09	8.18	-0.01	30	24540	卖盘
10:26:06	8.19	--	253	207207	买盘
10:26:03	8.19	0.01	7	5733	买盘
10:26:00	8.18	--	15	12270	卖盘
10:25:57	8.18	--	30	24540	卖盘
10:25:54	8.18	-0.01	36	29448	卖盘
10:25:51	8.19	--	23	18837	买盘
10:25:48	8.19	0.01	50	40950	买盘
10:25:42	8.18	--	10	8180	卖盘
10:25:36	8.18	--	38	31084	卖盘
10:25:30	8.18	--	10	8180	卖盘
10:25:24	8.18	--	2	1636	卖盘
10:25:21	8.18	--	229	187322	卖盘
10:25:18	8.18	-0.01	21	17178	卖盘
10:25:15	8.19	0.01	15	12285	买盘
10:25:12	8.18	--	253	206954	买盘
10:25:09	8.18	--	68	55624	买盘
10:25:06	8.18	--	245	200410	卖盘
10:25:03	8.18	--	18	14724	卖盘
10:24:57	8.18	--	5	4090	卖盘
10:24:54	8.18	--	167	136606	买盘
10:24:51	8.18	--	5	4090	买盘
10:24:48	8.18	--	13	10634	买盘
10:24:45	8.18	0.01	15	12270	买盘
10:24:36	8.17	--	20	16340	卖盘
10:24:33	8.17	--	376	307192	买盘
10:24:30	8.17	0.01	75	61275	买盘
10:24:24	8.16	-0.01	5	4080	卖盘
10:24:21	8.17	--	29	23693	买盘
10:24:18	8.17	0.01	35	28595	买盘
10:24:15	8.16	--	22	17952	卖盘
10:24:12	8.16	--	18	14688	卖盘
10:24:06	8.16	-0.01	110	89760	卖盘
10:24:03	8.17	0.01	30	24510	买盘
10:24:00	8.16	-0.01	21	17136	卖盘
10:23:57	8.17	0.01	3	2451	买盘
10:23:54	8.16	-0.01	20	16320	卖盘
10:23:51	8.17	--	21	17157	买盘
10:23:48	8.17	--	7	5719	买盘
10:23:45	8.17	0.01	8	6536	买盘
10:23:42	8.16	-0.01	93	75888	卖盘
10:23:39	8.17	0.01	7	5719	买盘
10:23:33	8.16	--	6	4896	卖盘
10:23:30	8.16	--	5	4080	卖盘
10:23:27	8.16	0.01	24	19584	买盘
10:23:24	8.15	--	74	60310	卖盘
10:23:21	8.15	--	101	82315	卖盘
10:23:18	8.15	-0.01	37	30155	卖盘
10:23:12	8.16	--	270	220320	买盘
10:23:09	8.16	0.01	10	8160	买盘
10:23:06	8.15	--	44	35860	卖盘
10:23:03	8.15	-0.01	58	47270	卖盘
10:23:00	8.16	0.01	45	36720	买盘
10:22:57	8.15	--	7	5705	卖盘
10:22:54	8.15	--	96	78240	卖盘
10:22:48	8.15	--	373	303995	买盘
10:22:45	8.15	--	33	26895	买盘
10:22:42	8.15	--	6	4890	买盘
10:22:39	8.15	--	20	16300	买盘
10:22:36	8.15	--	6	4890	买盘
10:22:33	8.15	--	84	68460	买盘
10:22:30	8.15	0.01	39	31785	买盘
10:22:27	8.14	-0.01	25	20350	卖盘
10:22:24	8.15	0.01	10	8150	买盘
10:22:21	8.14	--	19	15466	卖盘
10:22:18	8.14	-0.01	19	15466	卖盘
10:22:15	8.15	--	100	81500	卖盘
10:22:09	8.15	0.01	5	4075	买盘
10:21:57	8.14	--	1	814	卖盘
10:21:54	8.14	-0.01	16	13024	卖盘
10:21:51	8.15	--	5	4075	买盘
10:21:48	8.15	-0.01	250	203750	卖盘
10:21:45	8.16	--	37	30192	买盘
10:21:42	8.16	--	82	66912	卖盘
10:21:33	8.16	--	30	24480	卖盘
10:21:27	8.16	--	10	8160	卖盘
10:21:24	8.16	--	91	74256	买盘
10:21:21	8.16	--	22	17952	买盘
10:21:18	8.16	0.01	8	6528	买盘
10:21:15	8.15	--	28	22820	卖盘
10:21:09	8.15	-0.01	5	4075	卖盘
10:21:06	8.16	0.01	35	28560	买盘
10:21:03	8.15	--	108	88020	卖盘
10:20:57	8.15	--	91	74165	卖盘
10:20:54	8.15	--	16	13040	卖盘
10:20:51	8.15	--	274	223310	卖盘
10:20:45	8.15	-0.01	4	3260	卖盘
10:20:42	8.16	0.01	55	44880	买盘
10:20:39	8.15	--	3	2445	卖盘
10:20:36	8.15	0.01	6	4890	中性盘
10:20:21	8.14	-0.03	35	28490	卖盘
10:20:18	8.17	--	79	64543	买盘
10:20:15	8.17	0.01	18	14706	买盘
10:20:12	8.16	--	22	17952	卖盘
10:20:09	8.16	0.02	145	118450	买盘
10:20:06	8.14	-0.01	851	693397	卖盘
10:20:03	8.15	--	10	8150	卖盘
10:20:00	8.15	--	5	4075	卖盘
10:19:57	8.15	0.02	61	49845	买盘
10:19:54	8.13	-0.01	148	120324	卖盘
10:19:51	8.14	-0.01	46	37444	卖盘
10:19:45	8.15	0.01	23	18745	买盘
10:19:39	8.14	-0.01	59	48026	卖盘
10:19:33	8.15	--	2	1630	买盘
10:19:30	8.15	--	62	51214	卖盘
10:19:27	8.15	--	20	16300	卖盘
10:19:24	8.15	--	3	2445	卖盘
10:19:21	8.15	--	113	92095	卖盘
10:19:18	8.15	-0.01	7	5705	卖盘
10:19:15	8.16	0.01	13	10608	买盘
10:19:12	8.15	--	17	13855	卖盘
10:19:03	8.15	--	301	245445	买盘
10:19:00	8.15	--	9	7335	买盘
10:18:57	8.15	0.01	17	13855	买盘
10:18:54	8.14	--	133	108262	卖盘
10:18:51	8.14	--	27	21978	卖盘
10:18:45	8.14	-0.01	75	61050	卖盘
10:18:36	8.15	0.01	25	20375	买盘
10:18:33	8.14	-0.02	93	75702	卖盘
10:18:30	8.16	0.01	200	163200	买盘
10:18:27	8.15	--	12	9780	卖盘
10:18:18	8.15	-0.01	235	192209	卖盘
10:18:15	8.16	--	37	30192	卖盘
10:18:09	8.16	--	20	16320	卖盘
10:18:06	8.16	--	8	6528	卖盘
10:18:03	8.16	-0.01	33	26928	卖盘
10:17:57	8.17	0.01	1	817	买盘
10:17:54	8.16	--	269	219634	买盘
10:17:51	8.16	0.01	25	20400	买盘
10:17:48	8.15	--	16	13040	卖盘
10:17:45	8.15	--	13	10595	卖盘
10:17:39	8.15	--	40	32600	卖盘
10:17:36	8.15	-0.01	183	149145	卖盘
10:17:30	8.16	0.01	10	8160	买盘
10:17:27	8.15	-0.01	42	34230	卖盘
10:17:24	8.16	0.01	5	4080	买盘
10:17:21	8.15	--	6	4890	卖盘
10:17:18	8.15	--	100	81500	卖盘
10:17:15	8.15	--	176	143440	卖盘
10:17:12	8.15	--	26	21190	卖盘
10:17:09	8.15	--	5	4075	卖盘
10:17:00	8.15	--	69	56235	卖盘
10:16:54	8.15	-0.01	47	38305	卖盘
10:16:48	8.16	--	5	4080	买盘
10:16:45	8.16	0.01	1	816	买盘
10:16:42	8.15	-0.01	200	163684	卖盘
10:16:33	8.16	--	106	86496	卖盘
10:16:30	8.16	-0.01	18	14688	卖盘
10:16:27	8.17	--	35	28595	买盘
10:16:21	8.17	-0.01	40	32680	卖盘
10:16:18	8.18	0.01	36	29448	买盘
10:16:12	8.17	0.01	83	67811	中性盘
10:16:09	8.16	--	31	25296	卖盘
10:16:06	8.16	--	18	14688	卖盘
10:16:03	8.16	--	30	24480	卖盘
10:16:00	8.16	-0.01	488	398208	卖盘
10:15:57	8.17	0.01	5	4085	买盘
10:15:54	8.16	-0.01	16	13056	卖盘
10:15:51	8.17	0.01	26	21242	买盘
10:15:48	8.16	-0.01	35	28560	卖盘
10:15:45	8.17	--	8	6536	买盘
10:15:42	8.17	--	4	3268	买盘
10:15:39	8.17	--	65	53105	卖盘
10:15:36	8.17	--	39	31863	卖盘
10:15:30	8.17	--	184	150328	卖盘
10:15:27	8.17	--	21	17157	卖盘
10:15:24	8.17	-0.01	15	12255	卖盘
10:15:21	8.18	0.01	17	13906	买盘
10:15:18	8.17	--	16	13072	买盘
10:15:15	8.17	--	30	24510	买盘
10:15:12	8.17	-0.01	97	79249	卖盘
10:15:09	8.18	0.01	25	20450	买盘
10:15:06	8.17	-0.01	8	6536	卖盘
10:15:03	8.18	-0.01	28	22904	买盘
10:14:57	8.19	0.02	140	114660	买盘
10:14:54	8.17	-0.01	21	17157	卖盘
10:14:51	8.18	0.01	10	8180	买盘
10:14:48	8.17	--	10	8170	卖盘
10:14:45	8.17	--	69	56373	卖盘
10:14:42	8.17	-0.01	117	95589	卖盘
10:14:39	8.18	--	16	13088	买盘
10:14:36	8.18	--	23	18814	买盘
10:14:33	8.18	0.01	25	20450	卖盘
10:14:27	8.17	--	4	3268	买盘
10:14:24	8.17	-0.02	133	108661	卖盘
10:14:21	8.19	0.01	438	358722	买盘
10:14:18	8.18	--	97	79346	卖盘
10:14:15	8.18	--	269	220042	买盘
10:14:12	8.18	--	62	50716	买盘
10:14:09	8.18	--	20	16360	买盘
10:14:03	8.18	0.01	30	24540	买盘
10:14:00	8.17	--	7	5719	买盘
10:13:57	8.17	--	129	105393	卖盘
10:13:54	8.17	-0.02	43	35131	卖盘
10:13:51	8.19	--	44	36036	买盘
10:13:48	8.19	0.02	448	366912	买盘
10:13:45	8.17	--	13	10621	买盘
10:13:42	8.17	--	2	1634	买盘
10:13:39	8.17	-0.01	1	817	卖盘
10:13:33	8.18	0.02	109	89162	买盘
10:13:30	8.16	-0.02	350	285600	卖盘
10:13:27	8.18	0.02	649	531012	买盘
10:13:18	8.16	-0.01	9	7344	卖盘
10:13:15	8.17	0.01	43	35131	买盘
10:13:09	8.16	--	148	120768	卖盘
10:13:03	8.16	--	359	292944	买盘
10:13:00	8.16	0.01	7	5712	买盘
10:12:54	8.15	--	36	29340	卖盘
10:12:45	8.15	--	54	44010	卖盘
10:12:39	8.15	-0.01	1	815	卖盘
10:12:36	8.16	0.01	19	15504	买盘
10:12:33	8.15	--	9	7335	卖盘
10:12:30	8.15	--	70	57050	卖盘
10:12:27	8.15	--	10	8150	卖盘
10:12:21	8.15	--	12	9780	买盘
10:12:18	8.15	--	14	11410	买盘
10:12:15	8.15	--	6	4890	买盘
10:12:12	8.15	--	40	32600	卖盘
10:12:06	8.15	--	6	4890	卖盘
10:12:00	8.15	--	20	16300	卖盘
10:11:54	8.15	--	16	13040	卖盘
10:11:51	8.15	-0.01	30	24450	卖盘
10:11:48	8.16	--	119	97104	买盘
10:11:42	8.16	--	23	18768	买盘
10:11:39	8.16	0.01	5	4080	买盘
10:11:36	8.15	-0.01	7	5705	卖盘
10:11:33	8.16	0.01	4	3264	买盘
10:11:30	8.15	0.02	1	815	中性盘
10:11:27	8.13	-0.02	800	650400	卖盘
10:11:24	8.15	--	264	215160	买盘
10:11:21	8.15	--	7	5705	买盘
10:11:15	8.15	--	12	9780	买盘
10:11:12	8.15	--	24	19560	买盘
10:11:09	8.15	--	72	58680	买盘
10:11:06	8.15	--	1	815	买盘
10:11:03	8.15	--	238	193970	卖盘
10:10:54	8.15	--	54	44010	卖盘
10:10:51	8.15	0.01	349	284435	买盘
10:10:48	8.14	--	20	16280	卖盘
10:10:45	8.14	--	14	11396	卖盘
10:10:42	8.14	--	6	4884	卖盘
10:10:36	8.14	0.01	49	39886	买盘
10:10:33	8.13	-0.01	191	155283	卖盘
10:10:30	8.14	--	10	8140	买盘
10:10:24	8.14	0.01	167	135938	买盘
10:10:21	8.13	-0.01	48	39024	卖盘
10:10:15	8.14	0.01	95	77330	买盘
10:10:12	8.13	-0.01	89	72357	卖盘
10:10:06	8.14	0.01	13	10582	买盘
10:10:03	8.13	-0.01	1	813	卖盘
10:10:00	8.14	0.02	3	2442	买盘
10:09:54	8.12	--	21	17052	卖盘
10:09:51	8.12	-0.01	86	69832	卖盘
10:09:45	8.13	--	15	12195	买盘
10:09:39	8.13	--	64	52032	买盘
10:09:36	8.13	--	47	38211	买盘
10:09:33	8.13	0.01	35	28455	买盘
10:09:30	8.12	--	50	40599	卖盘
10:09:24	8.12	--	83	67396	卖盘
10:09:15	8.12	--	23	18676	卖盘
10:09:12	8.12	--	61	49531	卖盘
10:09:09	8.12	0.01	602	488823	买盘
10:09:06	8.11	-0.01	38	30817	卖盘
10:09:03	8.12	--	126	102311	买盘
10:09:00	8.12	--	68	55215	买盘
10:08:57	8.12	--	7	5683	买盘
10:08:54	8.12	0.01	430	349159	买盘
10:08:48	8.11	-0.01	32	25952	卖盘
10:08:45	8.12	--	114	92567	买盘
10:08:42	8.12	--	34	27607	买盘
10:08:39	8.12	-0.01	1	811	卖盘
10:08:30	8.13	0.01	15	12195	买盘
10:08:27	8.12	-0.01	34	27607	卖盘
10:08:24	8.13	0.01	10	8130	买盘
10:08:21	8.12	--	87	70644	买盘
10:08:18	8.12	0.01	64	51967	买盘
10:08:12	8.11	-0.01	26	21086	卖盘
10:08:09	8.12	--	29	23547	卖盘
10:08:06	8.12	--	132	107183	买盘
10:08:03	8.12	--	2	1623	买盘
10:08:00	8.12	--	10	8119	买盘
10:07:57	8.12	--	7	5683	买盘
10:07:54	8.12	--	96	77951	买盘
10:07:51	8.12	0.01	31	25171	买盘
10:07:48	8.11	-0.01	193	156523	卖盘
10:07:45	8.12	0.01	32	25983	买盘
10:07:42	8.11	--	106	85966	卖盘
10:07:39	8.11	--	88	71368	卖盘
10:07:33	8.11	--	12	9732	卖盘
10:07:30	8.11	-0.01	2	1622	卖盘
10:07:27	8.12	0.01	10	8119	买盘
10:07:24	8.11	-0.01	95	77045	卖盘
10:07:21	8.12	0.01	15	12179	买盘
10:07:18	8.11	--	326	264791	买盘
10:07:15	8.11	--	63	51498	卖盘
10:07:12	8.11	--	162	131382	卖盘
10:07:09	8.11	--	253	205588	买盘
10:07:06	8.11	--	1	811	买盘
10:07:03	8.11	--	70	56769	买盘
10:07:00	8.11	--	398	323183	卖盘
10:06:57	8.11	--	62	50282	卖盘
10:06:54	8.11	-0.01	28	22708	卖盘
10:06:51	8.12	0.01	57	46283	买盘
10:06:48	8.11	--	80	64879	卖盘
10:06:45	8.11	--	32	25952	卖盘
10:06:42	8.11	--	8	6488	卖盘
10:06:39	8.11	--	74	60013	卖盘
10:06:36	8.11	--	84	68124	卖盘
10:06:33	8.11	--	30	24330	卖盘
10:06:30	8.11	-0.01	121	98131	卖盘
10:06:27	8.12	0.01	30	24359	买盘
10:06:24	8.11	-0.01	45	36495	卖盘
10:06:21	8.12	--	88	71456	卖盘
10:06:18	8.12	-0.01	29	23547	卖盘
10:06:15	8.13	0.01	78	63414	买盘
10:06:12	8.12	-0.01	12	9743	卖盘
10:06:09	8.13	0.01	144	117072	买盘
10:06:06	8.12	--	61	49531	卖盘
10:06:00	8.12	--	1	811	卖盘
10:05:57	8.12	--	10	8119	买盘
10:05:54	8.12	-0.01	82	66584	卖盘
10:05:51	8.13	0.01	563	457719	买盘
10:05:45	8.12	--	390	316679	买盘
10:05:42	8.12	--	10	8119	中性盘
10:05:36	8.12	-0.01	15	12179	中性盘
10:05:33	8.13	0.02	50	40650	买盘
10:05:30	8.11	-0.02	190	154090	卖盘
10:05:27	8.13	0.01	7	5691	买盘
10:05:24	8.12	--	19	15427	卖盘
10:05:21	8.12	--	185	150220	卖盘
10:05:18	8.12	--	2	1623	卖盘
10:05:15	8.12	0.01	530	430765	买盘
10:05:12	8.11	--	6	4866	卖盘
10:05:09	8.11	--	6	4866	卖盘
10:05:06	8.11	-0.01	181	146791	卖盘
10:05:03	8.12	0.02	58	47095	买盘
10:05:00	8.1	--	199	161190	卖盘
10:04:54	8.1	-0.01	59	47790	卖盘
10:04:51	8.11	0.01	37	30006	买盘
10:04:48	8.1	-0.01	122	98820	卖盘
10:04:45	8.11	0.01	5	4054	买盘
10:04:42	8.1	--	259	209790	卖盘
10:04:39	8.1	-0.01	26	21060	卖盘
10:04:36	8.11	-0.01	14	11354	中性盘
10:04:33	8.12	0.01	16	12991	买盘
10:04:30	8.11	--	41	33794	买盘
10:04:27	8.11	0.01	28	22708	买盘
10:04:24	8.1	-0.01	1352	1095120	卖盘
10:04:21	8.11	-0.01	9	7298	卖盘
10:04:18	8.12	0.01	30	24359	买盘
10:04:15	8.11	--	203	164633	卖盘
10:04:12	8.11	--	111	90021	卖盘
10:04:09	8.11	--	47	38117	卖盘
10:04:06	8.11	--	166	135169	卖盘
10:04:03	8.11	--	10	8361	卖盘
10:04:00	8.11	--	25	20275	卖盘
10:03:57	8.11	--	128	104351	卖盘
10:03:54	8.11	-0.01	68	55147	卖盘
10:03:51	8.12	--	1	811	买盘
10:03:48	8.12	--	146	118551	买盘
10:03:45	8.12	--	304	247253	卖盘
10:03:42	8.12	--	17	13803	卖盘
10:03:39	8.12	-0.01	7	5683	卖盘
10:03:36	8.13	--	20	16260	买盘
10:03:33	8.13	0.01	200	162600	买盘
10:03:30	8.12	-0.01	473	384075	卖盘
10:03:27	8.13	--	82	66666	卖盘
10:03:24	8.13	--	238	193494	卖盘
10:03:21	8.13	-0.01	5	4065	卖盘
10:03:18	8.14	--	1	814	买盘
10:03:15	8.14	0.01	8	6512	买盘
10:03:12	8.13	--	177	143901	卖盘
10:03:09	8.13	--	15	12195	卖盘
10:03:06	8.13	--	100	81300	卖盘
10:03:03	8.13	--	193	156909	卖盘
10:03:00	8.13	--	23	18699	卖盘
10:02:54	8.13	-0.01	16	13008	卖盘
10:02:51	8.14	0.01	17	13838	中性盘
10:02:45	8.13	-0.01	169	137397	卖盘
10:02:42	8.14	-0.01	147	119658	卖盘
10:02:39	8.15	--	13	10595	买盘
10:02:36	8.15	--	64	52160	买盘
10:02:33	8.15	--	2	1630	买盘
10:02:30	8.15	--	100	81500	买盘
10:02:27	8.15	0.01	10	8150	买盘
10:02:24	8.14	--	23	18722	卖盘
10:02:21	8.14	-0.01	122	99308	卖盘
10:02:18	8.15	0.01	20	16300	买盘
10:02:15	8.14	--	110	89540	卖盘
10:02:12	8.14	-0.01	55	44770	卖盘
10:02:09	8.15	--	96	78240	卖盘
10:02:03	8.15	--	31	25672	买盘
10:02:00	8.15	--	10	8150	买盘
10:01:57	8.15	0.01	10	8150	买盘
10:01:54	8.14	-0.02	19	15873	卖盘
10:01:51	8.16	0.01	29	24072	买盘
10:01:48	8.15	--	87	71312	卖盘
10:01:45	8.15	-0.01	108	88020	卖盘
10:01:42	8.16	-0.01	73	59568	买盘
10:01:39	8.17	0.01	38	31046	买盘
10:01:36	8.16	-0.01	136	110976	卖盘
10:01:33	8.17	--	33	26961	买盘
10:01:30	8.17	--	38	31046	买盘
10:01:27	8.17	0.01	6	4902	买盘
10:01:24	8.16	-0.01	70	57120	卖盘
10:01:21	8.17	0.02	38	31046	买盘
10:01:18	8.15	--	7	5705	卖盘
10:01:15	8.15	-0.01	109	88835	卖盘
10:01:12	8.16	-0.01	120	97920	中性盘
10:01:09	8.17	0.01	75	61275	买盘
10:01:06	8.16	-0.01	102	83232	中性盘
10:01:03	8.17	--	57	46569	买盘
10:01:00	8.17	0.02	300	245100	买盘
10:00:57	8.15	-0.01	200	163407	卖盘
10:00:54	8.16	--	47	38352	买盘
10:00:51	8.16	0.01	10	8160	买盘
10:00:48	8.15	--	13	10595	买盘
10:00:45	8.15	--	5	4075	买盘
10:00:42	8.15	-0.01	66	54197	卖盘
10:00:39	8.16	-0.01	43	35088	卖盘
10:00:36	8.17	0.01	50	40850	买盘
10:00:33	8.16	0.01	347	283560	买盘
10:00:27	8.15	--	367	299105	卖盘
10:00:21	8.15	--	82	66830	卖盘
10:00:18	8.15	0.01	6	4890	中性盘
10:00:15	8.14	-0.02	42	34188	卖盘
10:00:12	8.16	0.01	63	51408	买盘
10:00:09	8.15	0.01	345	281175	买盘
10:00:03	8.14	-0.02	286	232804	卖盘
10:00:00	8.16	0.01	126	102816	买盘
09:59:57	8.15	--	21	17115	卖盘
09:59:54	8.15	--	55	44825	卖盘
09:59:51	8.15	--	4	3260	卖盘
09:59:48	8.15	--	8	6520	卖盘
09:59:45	8.15	0.01	10	8150	中性盘
09:59:39	8.14	--	600	488400	卖盘
09:59:33	8.14	0.01	26	21164	卖盘
09:59:27	8.13	--	31	25203	卖盘
09:59:24	8.13	-0.02	11	8943	卖盘
09:59:18	8.15	--	95	77425	买盘
09:59:15	8.15	0.02	34	27710	买盘
09:59:12	8.13	--	206	167478	卖盘
09:59:09	8.13	--	115	93495	卖盘
09:59:06	8.13	-0.01	23	18699	卖盘
09:59:03	8.14	--	10	8140	买盘
09:59:00	8.14	-0.01	1	814	中性盘
09:58:57	8.15	0.01	108	88020	买盘
09:58:54	8.14	--	57	46813	卖盘
09:58:51	8.14	-0.01	605	492470	卖盘
09:58:48	8.15	0.01	33	26895	买盘
09:58:45	8.14	--	71	58192	卖盘
09:58:42	8.14	--	28	22792	卖盘
09:58:36	8.14	-0.01	7	5698	卖盘
09:58:33	8.15	--	108	88020	买盘
09:58:30	8.15	--	448	365120	卖盘
09:58:27	8.15	--	19	15485	卖盘
09:58:24	8.15	--	4	3260	卖盘
09:58:18	8.15	--	1	815	卖盘
09:58:15	8.15	--	13	10595	卖盘
09:58:12	8.15	--	149	121435	卖盘
09:58:09	8.15	--	169	137735	卖盘
09:58:06	8.15	--	9	7335	卖盘
09:58:03	8.15	--	61	49715	卖盘
09:58:00	8.15	--	24	19560	卖盘
09:57:57	8.15	-0.02	6	5696	卖盘
09:57:54	8.17	0.02	60	49020	买盘
09:57:51	8.15	-0.03	131	106765	卖盘
09:57:48	8.18	--	58	47444	买盘
09:57:45	8.18	0.02	408	333744	买盘
09:57:42	8.16	--	79	64464	买盘
09:57:39	8.16	-0.01	10	8160	卖盘
09:57:36	8.17	--	161	131537	买盘
09:57:33	8.17	0.01	3	2451	买盘
09:57:30	8.16	-0.01	39	32232	卖盘
09:57:27	8.17	-0.01	106	86602	卖盘
09:57:24	8.18	0.01	18	14724	买盘
09:57:18	8.17	0.02	661	540445	买盘
09:57:15	8.15	-0.01	61	50122	卖盘
09:57:12	8.16	0.01	355	290096	买盘
09:57:09	8.15	--	77	62755	卖盘
09:57:06	8.15	--	8	6520	买盘
09:57:03	8.15	--	10	8150	买盘
09:57:00	8.15	-0.01	15	12225	中性盘
09:56:57	8.16	0.01	181	147696	买盘
09:56:54	8.15	-0.01	34	27710	买盘
09:56:51	8.16	0.01	225	183600	买盘
09:56:48	8.15	-0.01	37	30155	卖盘
09:56:45	8.16	--	54	44064	买盘
09:56:42	8.16	--	118	96288	买盘
09:56:39	8.16	--	141	115056	买盘
09:56:36	8.16	0.01	14	11424	买盘
09:56:33	8.15	--	221	180115	卖盘
09:56:30	8.15	0.01	14	11410	卖盘
09:56:27	8.14	--	22	17908	卖盘
09:56:24	8.14	--	19	15466	卖盘
09:56:21	8.14	--	588	478632	卖盘
09:56:18	8.14	-0.01	243	197802	卖盘
09:56:09	8.15	0.01	115	93725	买盘
09:56:06	8.14	--	76	61864	卖盘
09:56:03	8.14	0.01	263	214082	买盘
09:56:00	8.13	--	30	24390	买盘
09:55:57	8.13	--	57	46341	买盘
09:55:54	8.13	--	19	15447	买盘
09:55:51	8.13	--	20	16260	买盘
09:55:48	8.13	--	219	178047	卖盘
09:55:45	8.13	-0.01	161	130893	卖盘
09:55:42	8.14	0.01	17	13838	买盘
09:55:39	8.13	-0.01	2	1626	卖盘
09:55:36	8.14	--	38	30932	买盘
09:55:33	8.14	0.01	1	814	买盘
09:55:30	8.13	--	110	89430	卖盘
09:55:27	8.13	-0.01	63	51219	卖盘
09:55:24	8.14	0.02	493	401302	买盘
09:55:21	8.12	-0.01	209	169707	卖盘
09:55:18	8.13	--	178	144714	买盘
09:55:15	8.13	--	63	51219	买盘
09:55:12	8.13	--	158	128454	卖盘
09:55:09	8.13	-0.01	25	20325	中性盘
09:55:06	8.14	0.01	684	556776	买盘
09:55:03	8.13	--	58	47154	买盘
09:55:00	8.13	--	41	33333	买盘
09:54:57	8.13	--	30	24390	中性盘
09:54:54	8.13	--	16	13008	卖盘
09:54:51	8.13	0.01	188	152844	买盘
09:54:48	8.12	--	58	47095	买盘
09:54:45	8.12	--	556	451471	买盘
09:54:42	8.12	--	20	16239	买盘
09:54:39	8.12	0.01	522	423863	买盘
09:54:36	8.11	-0.01	38	30817	卖盘
09:54:33	8.12	0.02	731	593572	买盘
09:54:30	8.1	-0.01	7	5670	卖盘
09:54:27	8.11	0.01	21	17031	买盘
09:54:24	8.1	0.01	77	62370	中性盘
09:54:18	8.09	-0.01	84	67956	卖盘
09:54:15	8.1	--	53	42930	买盘
09:54:12	8.1	0.01	157	127170	买盘
09:54:09	8.09	-0.01	11	8899	卖盘
09:54:06	8.1	--	115	93150	买盘
09:54:03	8.1	0.01	27	21870	买盘
09:54:00	8.09	--	11	8899	卖盘
09:53:57	8.09	--	44	35596	卖盘
09:53:54	8.09	--	130	105170	卖盘
09:53:51	8.09	-0.01	15	12135	卖盘
09:53:48	8.1	0.01	15	12150	买盘
09:53:45	8.09	--	65	52585	买盘
09:53:42	8.09	--	10	8090	买盘
09:53:39	8.09	--	182	147238	买盘
09:53:36	8.09	--	51	41259	买盘
09:53:33	8.09	--	22	17798	买盘
09:53:30	8.09	--	4	3236	买盘
09:53:27	8.09	--	129	104361	卖盘
09:53:24	8.09	--	110	88990	卖盘
09:53:21	8.09	--	23	18607	卖盘
09:53:18	8.09	-0.01	161	130249	卖盘
09:53:15	8.1	0.02	45	36450	买盘
09:53:12	8.08	-0.01	275	222200	卖盘
09:53:09	8.09	--	20	16180	买盘
09:53:06	8.09	0.01	28	22652	买盘
09:53:03	8.08	-0.01	54	43632	卖盘
09:53:00	8.09	--	57	46113	买盘
09:52:57	8.09	--	101	81709	买盘
09:52:54	8.09	0.02	235	190115	买盘
09:52:51	8.07	--	88	71016	卖盘
09:52:48	8.07	-0.01	36	29052	卖盘
09:52:45	8.08	--	52	42016	买盘
09:52:42	8.08	--	54	43632	卖盘
09:52:39	8.08	--	16	12928	卖盘
09:52:36	8.08	0.01	74	59792	中性盘
09:52:33	8.07	-0.01	143	115401	卖盘
09:52:30	8.08	--	33	26664	卖盘
09:52:27	8.08	0.01	43	34744	中性盘
09:52:24	8.07	--	282	227574	卖盘
09:52:21	8.07	-0.01	282	227574	卖盘
09:52:18	8.08	0.01	120	96960	买盘
09:52:15	8.07	-0.01	31	25017	卖盘
09:52:12	8.08	0.01	69	55752	买盘
09:52:09	8.07	-0.01	54	43578	卖盘
09:52:06	8.08	--	139	112312	买盘
09:52:03	8.08	--	67	54136	买盘
09:52:00	8.08	--	2	1616	买盘
09:51:57	8.08	--	278	224624	买盘
09:51:54	8.08	--	60	48480	买盘
09:51:51	8.08	--	252	203616	买盘
09:51:48	8.08	0.01	93	75144	买盘
09:51:45	8.07	-0.01	55	44385	卖盘
09:51:42	8.08	--	194	156752	卖盘
09:51:39	8.08	--	176	142208	卖盘
09:51:36	8.08	--	37	29896	买盘
09:51:33	8.08	--	35	28280	买盘
09:51:30	8.08	--	204	164832	买盘
09:51:27	8.08	0.02	185	149480	卖盘
09:51:24	8.06	-0.03	4167	3358602	卖盘
09:51:21	8.09	--	27	21843	买盘
09:51:18	8.09	0.01	105	84945	买盘
09:51:15	8.08	--	45	36360	卖盘
09:51:12	8.08	-0.01	65	52520	卖盘
09:51:09	8.09	--	126	101934	买盘
09:51:06	8.09	0.01	218	176362	买盘
09:51:03	8.08	--	33	26664	卖盘
09:51:00	8.08	--	132	106656	卖盘
09:50:57	8.08	0.01	153	123890	买盘
09:50:54	8.07	-0.01	157	126699	卖盘
09:50:51	8.08	--	251	202808	买盘
09:50:48	8.08	--	205	165640	买盘
09:50:45	8.08	--	58	46864	买盘
09:50:42	8.08	--	299	242133	卖盘
09:50:39	8.08	--	140	113386	买盘
09:50:36	8.08	--	322	260176	买盘
09:50:33	8.08	--	310	250480	买盘
09:50:30	8.08	--	188	151904	买盘
09:50:27	8.08	--	1040	840320	卖盘
09:50:24	8.08	-0.01	136	109888	卖盘
09:50:21	8.09	0.01	17	13753	买盘
09:50:18	8.08	-0.01	35	28280	卖盘
09:50:15	8.09	--	300	242700	买盘
09:50:12	8.09	--	92	74428	卖盘
09:50:09	8.09	--	585	473265	卖盘
09:50:06	8.09	--	334	270206	买盘
09:50:03	8.09	0.01	622	503198	买盘
09:50:00	8.08	--	188	151904	卖盘
09:49:57	8.08	--	225	181800	卖盘
09:49:54	8.08	-0.01	344	277952	卖盘
09:49:51	8.09	0.01	234	189306	买盘
09:49:48	8.08	--	106	85648	卖盘
09:49:45	8.08	-0.01	276	223008	卖盘
09:49:42	8.09	--	248	200632	买盘
09:49:39	8.09	0.01	38	30742	买盘
09:49:36	8.08	-0.02	129	104773	卖盘
09:49:33	8.1	0.01	410	332100	买盘
09:49:30	8.09	--	268	216812	卖盘
09:49:27	8.09	--	142	114878	卖盘
09:49:24	8.09	-0.01	684	553356	卖盘
09:49:21	8.1	0.01	100	81000	买盘
09:49:18	8.09	-0.01	71	57439	卖盘
09:49:15	8.1	--	67	54270	买盘
09:49:12	8.1	0.01	143	115830	买盘
09:49:09	8.09	--	72	58248	卖盘
09:49:06	8.09	-0.01	139	112451	卖盘
09:49:03	8.1	--	228	184680	买盘
09:49:00	8.1	-0.01	238	192780	卖盘
09:48:57	8.11	0.01	10	8109	买盘
09:48:54	8.1	--	38	30780	买盘
09:48:51	8.1	--	210	170100	卖盘
09:48:48	8.1	--	7	5670	卖盘
09:48:45	8.1	-0.01	49	39690	卖盘
09:48:42	8.11	0.01	185	150035	买盘
09:48:39	8.1	-0.01	437	353970	卖盘
09:48:36	8.11	0.01	236	191396	买盘
09:48:33	8.1	--	5	4050	卖盘
09:48:30	8.1	-0.01	164	132840	卖盘
09:48:27	8.11	0.01	50	40550	买盘
09:48:24	8.1	-0.01	113	91530	卖盘
09:48:21	8.11	0.01	106	85966	买盘
09:48:18	8.1	-0.01	254	205740	卖盘
09:48:15	8.11	--	146	118405	卖盘
09:48:12	8.11	--	5	4054	卖盘
09:48:09	8.11	--	35	28384	卖盘
09:48:06	8.11	--	596	483355	卖盘
09:48:03	8.11	--	343	278173	买盘
09:48:00	8.11	0.01	44	35684	买盘
09:47:57	8.1	-0.01	560	453600	卖盘
09:47:54	8.11	--	81	65691	买盘
09:47:51	8.11	--	338	274118	卖盘
09:47:48	8.11	--	203	164633	卖盘
09:47:45	8.11	-0.01	165	133815	卖盘
09:47:42	8.12	--	9	7307	买盘
09:47:39	8.12	0.01	45	36540	买盘
09:47:36	8.11	-0.01	48	38928	卖盘
09:47:33	8.12	0.01	102	82823	买盘
09:47:30	8.11	-0.01	396	321156	卖盘
09:47:27	8.12	-0.01	125	101499	卖盘
09:47:24	8.13	--	112	91056	买盘
09:47:21	8.13	0.01	6	4878	买盘
09:47:18	8.12	0.01	35	28419	中性盘
09:47:15	8.11	-0.01	159	128948	卖盘
09:47:12	8.12	--	88	71456	买盘
09:47:09	8.12	0.01	79	64147	买盘
09:47:06	8.11	-0.01	17	13786	卖盘
09:47:03	8.12	--	146	118551	买盘
09:47:00	8.12	--	82	66584	买盘
09:46:57	8.12	0.01	35	28419	买盘
09:46:54	8.11	-0.01	55	44605	卖盘
09:46:51	8.12	0.01	37	30043	买盘
09:46:48	8.11	-0.01	50	40550	卖盘
09:46:45	8.12	0.01	80	64959	买盘
09:46:42	8.11	-0.01	10	8109	卖盘
09:46:39	8.12	0.01	305	247659	买盘
09:46:36	8.11	--	20	16219	卖盘
09:46:33	8.11	--	83	67313	买盘
09:46:30	8.11	0.01	609	493898	中性盘
09:46:27	8.1	--	43	34830	卖盘
09:46:21	8.1	--	583	472230	卖盘
09:46:18	8.1	-0.02	180	145800	卖盘
09:46:15	8.12	--	35	28419	买盘
09:46:12	8.12	0.02	1109	900507	买盘
09:46:09	8.1	--	167	135270	卖盘
09:46:06	8.1	-0.01	411	332910	卖盘
09:46:03	8.11	0.01	168	136248	中性盘
09:46:00	8.1	-0.01	118	95580	卖盘
09:45:57	8.11	0.01	23	18653	买盘
09:45:54	8.1	-0.01	28	22680	卖盘
09:45:51	8.11	0.01	20	16219	卖盘
