成交时间	成交价	价格变动	成交量(手)	成交额(元)	性质
15:00:03	8.35	0.02	1313	1096355	买盘
14:57:00	8.33	-0.02	415	345695	卖盘
14:56:57	8.35	--	500	417500	买盘
14:56:54	8.35	0.01	70	58450	买盘
14:56:51	8.34	--	7	5838	买盘
14:56:48	8.34	-0.01	20	16680	卖盘
14:56:45	8.35	0.01	327	273045	买盘
14:56:42	8.34	--	31	25854	卖盘
14:56:39	8.34	-0.01	64	53376	卖盘
14:56:33	8.35	--	22	18370	买盘
14:56:30	8.35	0.01	43	35905	买盘
14:56:27	8.34	--	5	4170	买盘
14:56:24	8.34	--	23	19182	卖盘
14:56:21	8.34	--	23	19182	买盘
14:56:18	8.34	--	77	64218	卖盘
14:56:15	8.34	-0.01	18	15012	卖盘
14:56:12	8.35	--	12	10020	买盘
14:56:09	8.35	0.01	228	190380	买盘
14:56:03	8.34	--	59	49206	卖盘
14:55:57	8.34	--	24	20016	卖盘
14:55:54	8.34	-0.01	55	45870	卖盘
14:55:51	8.35	--	148	123580	买盘
14:55:48	8.35	0.01	31	25885	买盘
14:55:45	8.34	--	283	236022	卖盘
14:55:42	8.34	--	123	102582	卖盘
14:55:39	8.34	--	26	21684	卖盘
14:55:36	8.34	--	20	16680	卖盘
14:55:30	8.34	0.01	103	85902	买盘
14:55:27	8.33	-0.01	57	47481	卖盘
14:55:21	8.34	--	48	40032	买盘
14:55:18	8.34	--	690	575460	买盘
14:55:15	8.34	0.01	7	5838	中性盘
14:55:12	8.33	-0.01	115	95795	卖盘
14:55:09	8.34	--	18	15012	卖盘
14:55:06	8.34	--	134	111756	卖盘
14:55:03	8.34	--	7	5838	卖盘
14:55:00	8.34	-0.01	179	149286	卖盘
14:54:57	8.35	0.01	107	89345	买盘
14:54:54	8.34	--	12	10008	卖盘
14:54:51	8.34	--	10	8340	卖盘
14:54:45	8.34	--	90	75060	卖盘
14:54:42	8.34	--	42	35028	卖盘
14:54:39	8.34	--	40	33360	卖盘
14:54:36	8.34	0.01	78	65052	买盘
14:54:33	8.33	-0.01	142	118286	卖盘
14:54:30	8.34	--	118	98412	买盘
14:54:27	8.34	0.01	8	6672	买盘
14:54:24	8.33	-0.01	49	40817	卖盘
14:54:21	8.34	0.01	73	60882	中性盘
14:54:18	8.33	-0.01	294	244902	卖盘
14:54:15	8.34	--	30	25020	买盘
14:54:12	8.34	--	140	116985	卖盘
14:54:09	8.34	--	95	79230	卖盘
14:54:06	8.34	--	70	58380	卖盘
14:54:03	8.34	--	20	17288	卖盘
14:54:00	8.34	--	200	166800	卖盘
14:53:57	8.34	-0.01	20	16680	卖盘
14:53:51	8.35	0.01	16	13360	买盘
14:53:48	8.34	--	94	78396	卖盘
14:53:42	8.34	--	259	216006	卖盘
14:53:39	8.34	--	60	50040	卖盘
14:53:36	8.34	--	68	56712	卖盘
14:53:33	8.34	--	3	2502	卖盘
14:53:30	8.34	--	48	40032	卖盘
14:53:27	8.34	--	568	473712	卖盘
14:53:24	8.34	--	34	28356	卖盘
14:53:21	8.34	--	30	25020	卖盘
14:53:15	8.34	--	310	258540	卖盘
14:53:09	8.34	--	7	5838	卖盘
14:53:06	8.34	--	10	8340	卖盘
14:53:03	8.34	--	129	107586	卖盘
14:53:00	8.34	--	10	8340	卖盘
14:52:57	8.34	--	3	2502	卖盘
14:52:51	8.34	--	58	48372	买盘
14:52:48	8.34	0.01	16	13344	买盘
14:52:45	8.33	--	70	58310	卖盘
14:52:42	8.33	-0.02	20	16660	卖盘
14:52:39	8.35	0.02	224	187040	买盘
14:52:33	8.33	-0.01	224	186592	卖盘
14:52:24	8.34	0.01	60	50040	买盘
14:52:21	8.33	-0.01	1	833	卖盘
14:52:18	8.34	--	27	22518	卖盘
14:52:15	8.34	0.01	2	1668	卖盘
14:52:09	8.33	-0.02	16	13328	卖盘
14:52:06	8.35	0.01	157	131095	买盘
14:52:00	8.34	--	270	225180	卖盘
14:51:57	8.34	--	50	41700	卖盘
14:51:54	8.34	--	30	25020	卖盘
14:51:48	8.34	--	20	16680	卖盘
14:51:45	8.34	--	8	6672	卖盘
14:51:42	8.34	-0.01	55	45870	卖盘
14:51:36	8.35	0.01	163	136105	买盘
14:51:33	8.34	--	3	2502	卖盘
14:51:30	8.34	--	3	2502	卖盘
14:51:27	8.34	-0.01	16	13344	卖盘
14:51:21	8.35	0.01	8	6680	买盘
14:51:15	8.34	--	5	4170	卖盘
14:51:06	8.34	-0.01	8	6672	卖盘
14:51:03	8.35	--	107	89345	买盘
14:50:54	8.35	0.01	20	16700	买盘
14:50:51	8.34	-0.01	2	1668	卖盘
14:50:48	8.35	0.01	4	3340	买盘
14:50:45	8.34	-0.01	98	81732	卖盘
14:50:36	8.35	0.01	8	6680	买盘
14:50:33	8.34	-0.01	6	5004	卖盘
14:50:30	8.35	0.01	20	16700	买盘
14:50:27	8.34	--	277	231018	卖盘
14:50:24	8.34	--	20	16680	卖盘
14:50:21	8.34	--	44	36696	卖盘
14:50:18	8.34	--	9	7506	卖盘
14:50:15	8.34	--	112	93408	卖盘
14:50:09	8.34	--	112	93408	卖盘
14:50:03	8.34	--	2	1668	卖盘
14:49:57	8.34	--	27	22518	卖盘
14:49:54	8.34	--	5	4170	卖盘
14:49:48	8.34	-0.01	83	69222	卖盘
14:49:45	8.35	0.01	43	35905	买盘
14:49:42	8.34	--	10	8340	卖盘
14:49:33	8.34	--	137	114258	卖盘
14:49:30	8.34	--	13	10842	卖盘
14:49:21	8.34	-0.01	383	319422	卖盘
14:49:15	8.35	--	135	112725	买盘
14:49:12	8.35	--	0	225	卖盘
14:49:06	8.35	--	21	18144	买盘
14:49:03	8.35	--	10	8350	买盘
14:49:00	8.35	--	19	15865	买盘
14:48:57	8.35	-0.01	3	2730	卖盘
14:48:54	8.36	0.01	9	7523	买盘
14:48:48	8.35	--	6	5010	卖盘
14:48:45	8.35	-0.01	59	49265	卖盘
14:48:33	8.36	--	260	217359	买盘
14:48:24	8.36	0.01	12	10032	买盘
14:48:21	8.35	-0.01	23	19205	卖盘
14:48:18	8.36	0.01	17	14211	买盘
14:48:15	8.35	--	10	8350	卖盘
14:48:09	8.35	--	92	76820	卖盘
14:48:06	8.35	-0.01	39	32565	卖盘
14:48:03	8.36	-0.01	313	261667	卖盘
14:48:00	8.37	0.01	180	150660	买盘
14:47:57	8.36	--	585	489059	卖盘
14:47:54	8.36	--	37	30931	卖盘
14:47:51	8.36	--	41	34276	卖盘
14:47:48	8.36	-0.01	454	379544	卖盘
14:47:42	8.37	--	11	9207	买盘
14:47:39	8.37	0.01	14	11717	买盘
14:47:36	8.36	-0.01	40	33440	卖盘
14:47:30	8.37	--	52	43523	买盘
14:47:27	8.37	0.01	6	5021	买盘
14:47:15	8.36	-0.01	132	110351	卖盘
14:47:12	8.37	0.01	3	2510	买盘
14:47:09	8.36	--	70	58519	卖盘
14:47:03	8.36	--	5	4180	卖盘
14:46:57	8.36	--	10	8360	卖盘
14:46:54	8.36	--	10	8360	卖盘
14:46:51	8.36	0.01	1275	1065900	买盘
14:46:48	8.35	--	17	14195	卖盘
14:46:42	8.35	--	39	32565	卖盘
14:46:39	8.35	--	21	17535	卖盘
14:46:36	8.35	--	244	203740	卖盘
14:46:33	8.35	--	10	8350	卖盘
14:46:30	8.35	--	9	7515	卖盘
14:46:27	8.35	--	35	29225	卖盘
14:46:24	8.35	--	53	44255	卖盘
14:46:15	8.35	--	50	41750	卖盘
14:46:12	8.35	--	4	3340	卖盘
14:46:09	8.35	--	58	48430	卖盘
14:46:06	8.35	--	50	41750	卖盘
14:46:03	8.35	--	43	36514	买盘
14:46:00	8.35	0.01	374	312290	买盘
14:45:57	8.34	-0.01	459	383031	卖盘
14:45:54	8.35	0.01	30	25050	买盘
14:45:51	8.34	-0.01	7	5838	卖盘
14:45:48	8.35	0.01	4	3340	买盘
14:45:45	8.34	-0.01	68	56712	卖盘
14:45:42	8.35	0.01	3	2505	买盘
14:45:39	8.34	-0.01	1296	1080864	卖盘
14:45:33	8.35	--	8	6680	买盘
14:45:30	8.35	-0.01	90	75150	卖盘
14:45:27	8.36	0.01	198	165528	买盘
14:45:24	8.35	--	403	336505	买盘
14:45:15	8.35	--	7	5845	买盘
14:45:12	8.35	--	102	85170	卖盘
14:45:09	8.35	--	50	41750	卖盘
14:44:57	8.35	--	22	18370	买盘
14:44:51	8.35	0.01	6	5010	买盘
14:44:48	8.34	-0.01	6	5004	卖盘
14:44:45	8.35	0.01	4	3340	买盘
14:44:39	8.34	-0.01	1	834	卖盘
14:44:36	8.35	--	4	3340	买盘
14:44:30	8.35	0.01	20	16700	买盘
14:44:24	8.34	-0.01	88	73392	卖盘
14:44:21	8.35	-0.01	10	8350	卖盘
14:44:18	8.36	0.01	6	5016	买盘
14:44:12	8.35	--	23	19205	卖盘
14:44:06	8.35	--	14	11690	卖盘
14:44:00	8.35	-0.01	22	18370	卖盘
14:43:57	8.36	0.02	4	3344	买盘
14:43:51	8.34	-0.02	3	2502	卖盘
14:43:48	8.36	0.01	390	326040	买盘
14:43:45	8.35	0.01	21	17535	买盘
14:43:42	8.34	--	19	15846	卖盘
14:43:39	8.34	--	14	11676	卖盘
14:43:36	8.34	-0.01	456	380304	卖盘
14:43:33	8.35	--	8	6680	买盘
14:43:30	8.35	--	41	34235	卖盘
14:43:24	8.35	--	41	34235	卖盘
14:43:21	8.35	--	100	83500	卖盘
14:43:12	8.35	--	118	98530	卖盘
14:43:09	8.35	0.01	10	8350	买盘
14:43:06	8.34	-0.02	800	667200	卖盘
14:43:03	8.36	0.01	5	4180	买盘
14:43:00	8.35	--	44	36740	卖盘
14:42:48	8.35	-0.01	59	49265	卖盘
14:42:45	8.36	--	2	1672	买盘
14:42:39	8.36	0.01	320	267520	买盘
14:42:36	8.35	-0.01	128	106880	卖盘
14:42:33	8.36	--	48	40128	买盘
14:42:30	8.36	0.01	5	4180	买盘
14:42:27	8.35	--	4	3340	卖盘
14:42:24	8.35	-0.01	420	350700	卖盘
14:42:21	8.36	--	24	20064	买盘
14:42:18	8.36	--	6	5016	买盘
14:42:12	8.36	0.01	4	3344	买盘
14:42:03	8.35	-0.01	100	83500	卖盘
14:42:00	8.36	--	91	76076	买盘
14:41:54	8.36	--	12	10032	买盘
14:41:51	8.36	--	90	75240	买盘
14:41:45	8.36	--	50	41800	买盘
14:41:39	8.36	0.01	70	58519	买盘
14:41:36	8.35	-0.01	45	37575	卖盘
14:41:33	8.36	--	110	91960	买盘
14:41:27	8.36	--	30	25080	买盘
14:41:24	8.36	0.01	300	250799	买盘
14:41:21	8.35	--	85	70975	卖盘
14:41:15	8.35	--	48	40080	卖盘
14:41:12	8.35	-0.01	46	38410	卖盘
14:41:09	8.36	--	192	160512	卖盘
14:41:06	8.36	--	27	22572	卖盘
14:41:00	8.36	--	10	8360	卖盘
14:40:51	8.36	-0.01	30	25080	卖盘
14:40:48	8.37	0.02	2	1673	买盘
14:40:30	8.35	-0.01	70	58450	卖盘
14:40:21	8.36	--	6	5016	卖盘
14:40:12	8.36	0.01	193	161958	买盘
14:40:09	8.35	--	23	19205	卖盘
14:40:03	8.35	--	5	4175	卖盘
14:39:51	8.35	--	5	4175	卖盘
14:39:42	8.35	-0.01	8	6680	卖盘
14:39:39	8.36	0.01	20	16720	买盘
14:39:30	8.35	--	54	45090	卖盘
14:39:24	8.35	-0.01	8	6680	卖盘
14:39:21	8.36	--	2	1672	买盘
14:39:18	8.36	--	55	45980	买盘
14:39:12	8.36	0.01	1	836	买盘
14:39:09	8.35	-0.01	124	103540	卖盘
14:38:54	8.36	--	10	8360	买盘
14:38:42	8.36	--	2	1672	买盘
14:38:36	8.36	0.01	4	3344	买盘
14:38:33	8.35	--	152	126920	卖盘
14:38:30	8.35	--	9	7515	买盘
14:38:27	8.35	0.01	33	27555	买盘
14:38:24	8.34	-0.01	15	12510	卖盘
14:38:18	8.35	0.01	3	2505	买盘
14:38:03	8.34	-0.01	10	8340	卖盘
14:38:00	8.35	--	45	37575	买盘
14:37:57	8.35	0.01	150	125250	买盘
14:37:54	8.34	--	1	834	卖盘
14:37:48	8.34	-0.01	6	5004	卖盘
14:37:45	8.35	--	20	16700	买盘
14:37:39	8.35	--	10	8350	买盘
14:37:33	8.35	--	2	1670	买盘
14:37:30	8.35	--	5	4175	买盘
14:37:27	8.35	--	253	211255	买盘
14:37:24	8.35	0.01	1	835	买盘
14:37:21	8.34	-0.02	32	26688	卖盘
14:37:18	8.36	--	6	5016	买盘
14:37:12	8.36	--	11	9196	买盘
14:37:09	8.36	--	1222	1021591	买盘
14:37:06	8.36	--	10	8360	买盘
14:37:03	8.36	--	300	250799	买盘
14:37:00	8.36	0.01	36	30095	买盘
14:36:57	8.35	-0.01	30	25050	卖盘
14:36:51	8.36	0.01	34	28423	买盘
14:36:39	8.35	-0.01	10	8350	卖盘
14:36:36	8.36	--	9	7523	买盘
14:36:33	8.36	--	10	8360	买盘
14:36:27	8.36	--	5	4180	买盘
14:36:21	8.36	--	165	137940	买盘
14:36:18	8.36	--	83	69388	买盘
14:36:12	8.36	--	54	45144	买盘
14:36:09	8.36	--	10	8360	买盘
14:36:06	8.36	--	30	25080	买盘
14:36:03	8.36	0.01	24	20064	买盘
14:35:57	8.35	--	5	4175	卖盘
14:35:51	8.35	--	14	11690	卖盘
14:35:42	8.35	-0.01	130	108550	卖盘
14:35:39	8.36	0.01	13	10868	买盘
14:35:36	8.35	--	26	21710	卖盘
14:35:33	8.35	--	28	23380	卖盘
14:35:27	8.35	--	309	258015	买盘
14:35:24	8.35	--	10	8350	卖盘
14:35:21	8.35	--	2	1670	卖盘
14:35:15	8.35	0.01	21	17535	买盘
14:35:12	8.34	0.01	35	29190	中性盘
14:35:09	8.33	-0.02	600	499800	卖盘
14:35:06	8.35	0.01	124	103540	买盘
14:35:03	8.34	-0.01	20	16680	卖盘
14:35:00	8.35	0.01	25	20875	买盘
14:34:57	8.34	-0.01	36	30024	卖盘
14:34:51	8.35	--	74	61790	买盘
14:34:48	8.35	0.01	5	4175	买盘
14:34:45	8.34	--	7	5838	卖盘
14:34:39	8.34	-0.01	129	107586	卖盘
14:34:36	8.35	0.01	10	8350	中性盘
14:34:33	8.34	-0.01	312	260208	卖盘
14:34:27	8.35	0.01	330	275550	买盘
14:34:24	8.34	-0.01	30	25020	卖盘
14:34:21	8.35	0.01	7	5845	买盘
14:34:18	8.34	-0.01	28	23352	卖盘
14:34:15	8.35	0.01	388	323980	买盘
14:34:12	8.34	-0.01	10	8340	卖盘
14:34:09	8.35	0.01	321	268035	买盘
14:34:06	8.34	-0.01	25	20850	卖盘
14:34:03	8.35	--	20	16700	买盘
14:34:00	8.35	--	10	8350	买盘
14:33:57	8.35	0.01	6	5010	买盘
14:33:54	8.34	-0.01	10	8340	卖盘
14:33:48	8.35	0.01	81	67635	买盘
14:33:45	8.34	--	10	8340	卖盘
14:33:42	8.34	--	16	13344	买盘
14:33:36	8.34	--	10	8340	卖盘
14:33:33	8.34	--	21	17514	卖盘
14:33:30	8.34	0.01	30	25020	卖盘
14:33:24	8.33	-0.01	38	31654	卖盘
14:33:21	8.34	0.01	3	2502	中性盘
14:33:15	8.33	--	64	53370	卖盘
14:33:12	8.33	-0.01	250	208250	卖盘
14:33:09	8.34	--	152	127543	卖盘
14:33:06	8.34	--	1	834	卖盘
14:33:03	8.34	--	2	1668	卖盘
14:32:57	8.34	-0.01	34	28356	卖盘
14:32:54	8.35	0.01	31	25885	买盘
14:32:51	8.34	--	75	62550	卖盘
14:32:48	8.34	--	30	25020	卖盘
14:32:39	8.34	-0.01	6	5004	卖盘
14:32:33	8.35	0.01	43	35963	买盘
14:32:30	8.34	-0.01	20	17455	卖盘
14:32:27	8.35	0.01	94	78490	买盘
14:32:18	8.34	-0.01	21	17514	卖盘
14:32:15	8.35	0.01	341	284735	买盘
14:32:12	8.34	-0.02	115	95910	卖盘
14:32:03	8.36	0.01	1068	892847	买盘
14:32:00	8.35	--	3	2505	买盘
14:31:57	8.35	--	138	115230	卖盘
14:31:54	8.35	--	60	50100	卖盘
14:31:51	8.35	--	11	9185	卖盘
14:31:48	8.35	--	25	20875	卖盘
14:31:45	8.35	--	76	63460	卖盘
14:31:42	8.35	--	34	28390	卖盘
14:31:30	8.35	--	100	83500	卖盘
14:31:27	8.35	--	57	47595	卖盘
14:31:24	8.35	--	62	51770	卖盘
14:31:21	8.35	--	1	835	卖盘
14:31:18	8.35	-0.01	639	533565	卖盘
14:31:15	8.36	0.01	68	56847	买盘
14:31:09	8.35	--	7	5845	卖盘
14:31:06	8.35	--	33	27555	卖盘
14:31:03	8.35	--	5	4175	卖盘
14:31:00	8.35	--	472	394120	买盘
14:30:54	8.35	0.01	2	1670	买盘
14:30:48	8.34	--	1	834	卖盘
14:30:33	8.34	-0.01	250	208500	卖盘
14:30:30	8.35	--	5	4175	卖盘
14:30:27	8.35	--	220	183700	卖盘
14:30:24	8.35	--	61	50935	卖盘
14:30:21	8.35	--	205	171175	卖盘
14:30:18	8.35	-0.01	23	19205	卖盘
14:30:12	8.36	0.01	71	59355	买盘
14:30:09	8.35	--	19	15865	卖盘
14:30:06	8.35	--	25	20875	卖盘
14:30:03	8.35	--	1	835	卖盘
14:30:00	8.35	-0.01	500	417500	卖盘
14:29:54	8.36	--	1	836	卖盘
14:29:39	8.36	--	14	11704	卖盘
14:29:36	8.36	--	31	25916	卖盘
14:29:27	8.36	-0.01	24	20064	卖盘
14:29:24	8.37	--	50	41849	买盘
14:29:18	8.37	0.01	30	25109	买盘
14:29:15	8.36	-0.01	25	20900	卖盘
14:29:12	8.37	--	7	5858	买盘
14:29:09	8.37	--	8	6695	买盘
14:29:00	8.37	--	14	11717	卖盘
14:28:54	8.37	--	15	12554	卖盘
14:28:48	8.37	0.01	188	157355	买盘
14:28:45	8.36	-0.01	7	5852	卖盘
14:28:42	8.37	--	35	29294	买盘
14:28:12	8.37	--	66	55241	买盘
14:28:00	8.37	--	8	6695	买盘
14:27:57	8.37	--	100	83699	买盘
14:27:48	8.37	0.01	100	83699	买盘
14:27:45	8.36	-0.01	208	173888	卖盘
14:27:42	8.37	--	282	236033	卖盘
14:27:36	8.37	--	1467	1227879	买盘
14:27:33	8.37	--	7	5858	买盘
14:27:30	8.37	0.01	80	66960	买盘
14:27:24	8.36	-0.01	13	10868	卖盘
14:27:15	8.37	--	195	163214	买盘
14:26:57	8.37	--	152	127223	卖盘
14:26:54	8.37	--	10	8370	卖盘
14:26:51	8.37	--	8	6695	卖盘
14:26:45	8.37	--	12	10043	卖盘
14:26:33	8.37	--	168	140616	买盘
14:26:24	8.37	--	30	25109	买盘
14:26:21	8.37	--	10	8370	买盘
14:26:00	8.37	0.01	30	25109	买盘
14:25:45	8.36	--	10	8360	卖盘
14:25:39	8.36	--	4	4104	买盘
14:25:36	8.36	--	21	17556	买盘
14:25:30	8.36	--	30	25080	买盘
14:25:18	8.36	--	33	27663	卖盘
14:25:09	8.36	--	14	11704	卖盘
14:25:06	8.36	--	141	117875	卖盘
14:25:03	8.36	--	20	16720	卖盘
14:24:57	8.36	--	17	14211	卖盘
14:24:54	8.36	--	65	54339	卖盘
14:24:42	8.36	--	53	44308	卖盘
14:24:33	8.36	-0.01	15	12540	卖盘
14:24:30	8.37	--	166	138942	买盘
14:24:27	8.37	--	11	9207	买盘
14:24:21	8.37	0.01	6	5021	买盘
14:24:18	8.36	-0.01	78	65207	卖盘
14:24:15	8.37	--	21	17577	买盘
14:24:12	8.37	0.01	9	7532	买盘
14:24:06	8.36	-0.01	385	321860	卖盘
14:23:57	8.37	--	29	24272	卖盘
14:23:54	8.37	--	94	78677	卖盘
14:23:48	8.37	--	4	3347	卖盘
14:23:42	8.37	-0.01	346	289602	卖盘
14:23:36	8.38	--	5	4190	买盘
14:23:30	8.38	--	12	10056	卖盘
14:23:27	8.38	--	4	3352	卖盘
14:23:18	8.38	--	123	103074	卖盘
14:23:15	8.38	--	15	12570	卖盘
14:23:12	8.38	--	45	37710	卖盘
14:23:09	8.38	--	1	838	卖盘
14:23:03	8.38	--	2	1676	卖盘
14:23:00	8.38	--	61	51118	卖盘
14:22:45	8.38	-0.01	10	8380	卖盘
14:22:42	8.39	--	22	18458	买盘
14:22:33	8.39	0.01	8	6712	买盘
14:22:21	8.38	-0.01	26	21788	卖盘
14:22:18	8.39	--	5	4195	买盘
14:22:15	8.39	0.01	3	2517	买盘
14:22:00	8.38	-0.01	16	13408	卖盘
14:21:54	8.39	0.01	10	8390	买盘
14:21:48	8.38	-0.01	9	7542	卖盘
14:21:36	8.39	0.01	75	62925	买盘
14:21:24	8.38	-0.01	2	1676	卖盘
14:21:03	8.39	0.01	43	36077	买盘
14:20:45	8.38	--	8	6704	卖盘
14:20:39	8.38	-0.01	100	83800	卖盘
14:20:36	8.39	0.01	10	8390	中性盘
14:20:27	8.38	-0.01	130	108940	卖盘
14:20:24	8.39	--	63	52857	买盘
14:20:15	8.39	0.01	10	8390	买盘
14:20:12	8.38	--	200	167600	卖盘
14:20:03	8.38	--	1	838	卖盘
14:19:54	8.38	--	18	15084	卖盘
14:19:48	8.38	-0.01	161	134918	卖盘
14:19:39	8.39	--	1	839	买盘
14:19:21	8.39	--	14	11746	买盘
14:19:18	8.39	--	179	150181	卖盘
14:19:06	8.39	--	42	35238	卖盘
14:19:00	8.39	--	102	85578	买盘
14:18:54	8.39	--	10	8390	买盘
14:18:36	8.39	--	12	10068	买盘
14:18:24	8.39	0.01	12	10068	买盘
14:18:18	8.38	--	10	8380	卖盘
14:17:48	8.38	--	65	54470	卖盘
14:17:45	8.38	-0.01	11	9218	卖盘
14:17:33	8.39	--	300	251700	买盘
14:17:21	8.39	--	10	8390	买盘
14:17:09	8.39	--	2	1678	买盘
14:16:57	8.39	--	28	23492	买盘
14:16:54	8.39	--	1	839	买盘
14:16:51	8.39	--	20	16780	买盘
14:16:48	8.39	--	1	839	买盘
14:16:45	8.39	--	74	62086	卖盘
14:16:36	8.39	-0.01	5	4195	中性盘
14:16:06	8.4	0.01	20	16800	买盘
14:16:03	8.39	--	100	83900	买盘
14:15:57	8.39	--	8	6712	买盘
14:15:54	8.39	--	91	76575	卖盘
14:15:39	8.39	--	30	25170	卖盘
14:15:36	8.39	0.01	378	317754	买盘
14:15:24	8.38	--	3	2514	卖盘
14:15:21	8.38	0.01	50	41900	中性盘
14:15:18	8.37	--	2	1673	卖盘
14:15:15	8.37	-0.01	117	97928	卖盘
14:15:09	8.38	0.01	122	102236	买盘
14:15:06	8.37	-0.01	49	41012	卖盘
14:15:00	8.38	--	110	92180	买盘
14:14:57	8.38	0.01	7	5866	买盘
14:14:45	8.37	--	95	79514	卖盘
14:14:33	8.37	--	12	10043	卖盘
14:14:27	8.37	--	30	25109	卖盘
14:14:24	8.37	--	5	4185	卖盘
14:14:21	8.37	0.01	5	4185	买盘
14:14:18	8.36	-0.01	29	24244	卖盘
14:14:12	8.37	-0.01	3	2510	卖盘
14:13:57	8.38	0.01	102	85476	买盘
14:13:51	8.37	--	10	8370	买盘
14:13:48	8.37	--	20	16740	买盘
14:13:45	8.37	--	10	8370	买盘
14:13:42	8.37	--	9	7532	买盘
14:13:33	8.37	-0.01	397	332288	卖盘
14:13:27	8.38	0.01	4	3352	买盘
14:13:15	8.37	--	4	3347	卖盘
14:13:12	8.37	--	1	836	卖盘
14:13:03	8.37	0.01	113	94580	买盘
14:13:00	8.36	--	11	9196	卖盘
14:12:51	8.36	-0.01	267	223211	卖盘
14:12:42	8.37	0.01	30	25109	买盘
14:12:39	8.36	--	1	836	卖盘
14:12:36	8.36	--	30	25080	卖盘
14:12:33	8.36	-0.01	29	24244	卖盘
14:12:27	8.37	0.01	10	8370	买盘
14:12:18	8.36	-0.01	58	48488	卖盘
14:12:12	8.37	--	10	8370	买盘
14:12:09	8.37	--	50	41849	买盘
14:12:03	8.37	--	35	29294	买盘
14:11:54	8.37	0.01	7	5858	买盘
14:11:48	8.36	--	25	20900	卖盘
14:11:39	8.36	-0.01	22	18392	卖盘
14:11:33	8.37	--	10	8370	买盘
14:11:30	8.37	--	108	90395	卖盘
14:11:24	8.37	--	10	8370	卖盘
14:11:21	8.37	--	132	110483	买盘
14:11:15	8.37	--	128	107135	买盘
14:11:09	8.37	--	50	41849	买盘
14:11:06	8.37	--	99	82862	买盘
14:11:03	8.37	--	10	8370	买盘
14:11:00	8.37	--	50	41849	买盘
14:10:51	8.37	--	19	15902	卖盘
14:10:48	8.37	--	6	5021	卖盘
14:10:45	8.37	--	41	34317	卖盘
14:10:42	8.37	--	2	1673	卖盘
14:10:39	8.37	--	90	75330	卖盘
14:10:33	8.37	0.01	152	127223	买盘
14:10:30	8.36	-0.01	340	284240	卖盘
14:10:18	8.37	--	30	25109	卖盘
14:10:12	8.37	--	3	2510	卖盘
14:10:09	8.37	--	39	32642	买盘
14:10:06	8.37	0.01	2	1673	买盘
14:10:03	8.36	-0.01	1	836	卖盘
14:09:48	8.37	--	39	32642	卖盘
14:09:36	8.37	--	247	206738	卖盘
14:09:30	8.37	--	3	2510	卖盘
14:09:15	8.37	--	3	2510	卖盘
14:09:06	8.37	--	10	8370	卖盘
14:08:57	8.37	-0.01	224	187487	卖盘
14:08:51	8.38	--	8	6704	买盘
14:08:48	8.38	0.01	13	10894	买盘
14:08:39	8.37	--	10	8370	卖盘
14:08:36	8.37	--	1	836	卖盘
14:08:30	8.37	--	73	61100	卖盘
14:08:27	8.37	--	11	9207	卖盘
14:08:21	8.37	--	2	1673	卖盘
14:08:18	8.37	--	11	9207	卖盘
14:08:15	8.37	--	10	8370	卖盘
14:08:03	8.37	--	12	10043	卖盘
14:07:24	8.37	-0.02	18	15065	卖盘
14:07:09	8.39	0.01	100	83900	买盘
14:06:54	8.38	--	4	3352	买盘
14:06:51	8.38	--	34	28492	卖盘
14:06:45	8.38	--	3	2514	卖盘
14:06:39	8.38	-0.01	100	83800	中性盘
14:06:24	8.39	0.01	390	327436	买盘
14:06:12	8.38	0.01	55	46090	买盘
14:06:09	8.37	--	54	45197	卖盘
14:05:57	8.37	--	55	46034	卖盘
14:05:54	8.37	--	20	16740	卖盘
14:05:45	8.37	--	255	213434	卖盘
14:05:42	8.37	-0.01	10	8370	卖盘
14:05:36	8.38	0.01	8	6704	买盘
14:05:33	8.37	-0.01	140	117179	卖盘
14:05:30	8.38	--	11	9218	中性盘
14:05:21	8.38	--	1	838	卖盘
14:05:09	8.38	--	4	3352	卖盘
14:05:03	8.38	--	8	6704	卖盘
14:04:57	8.38	--	29	24302	卖盘
14:04:54	8.38	--	8	6704	卖盘
14:04:48	8.38	0.01	8	6704	卖盘
14:04:45	8.37	-0.01	26	21761	卖盘
14:04:36	8.38	0.01	4	3963	买盘
14:04:33	8.37	-0.01	468	391715	卖盘
14:04:30	8.38	--	3	2740	卖盘
14:04:21	8.38	-0.01	12	10056	卖盘
14:04:15	8.39	--	121	101519	卖盘
14:04:12	8.39	0.01	60	50340	买盘
14:04:09	8.38	-0.01	113	94694	卖盘
14:04:00	8.39	--	2	1678	卖盘
14:03:57	8.39	--	3	2517	卖盘
14:03:54	8.39	--	5	4195	卖盘
14:03:48	8.39	--	12	10068	卖盘
14:03:45	8.39	--	32	26848	卖盘
14:03:39	8.39	--	3	2517	卖盘
14:03:36	8.39	--	50	41950	卖盘
14:03:33	8.39	--	151	126689	卖盘
14:03:27	8.39	0.01	152	127528	买盘
14:03:21	8.38	--	171	143298	卖盘
14:03:18	8.38	-0.01	67	56146	卖盘
14:03:12	8.39	--	17	14263	卖盘
14:03:09	8.39	--	34	28526	卖盘
14:03:06	8.39	--	15	12585	卖盘
14:03:03	8.39	-0.01	5	4195	卖盘
14:02:48	8.4	--	10	8400	买盘
14:02:39	8.4	0.01	10	8400	买盘
14:02:33	8.39	-0.01	3	2517	卖盘
14:02:30	8.4	0.01	10	8400	买盘
14:02:00	8.39	--	50	41950	卖盘
14:01:57	8.39	--	5	4195	卖盘
14:01:54	8.39	-0.01	8	6712	卖盘
14:01:30	8.4	--	1	840	买盘
14:01:27	8.4	--	24	20160	卖盘
14:01:18	8.4	--	91	76440	卖盘
14:01:12	8.4	--	18	15120	卖盘
14:01:09	8.4	-0.01	5	4200	卖盘
14:01:06	8.41	0.01	5	4205	买盘
14:01:03	8.4	--	23	19320	买盘
14:00:57	8.4	--	122	102480	卖盘
14:00:48	8.4	--	32	26880	卖盘
14:00:45	8.4	--	30	25200	卖盘
14:00:39	8.4	0.01	20	16800	中性盘
14:00:30	8.39	-0.02	20	16780	卖盘
14:00:24	8.41	0.01	106	89146	买盘
14:00:21	8.4	--	55	46200	卖盘
14:00:18	8.4	-0.01	60	50400	卖盘
14:00:15	8.41	--	1	841	买盘
14:00:09	8.41	--	3	2943	卖盘
14:00:03	8.41	-0.01	1	841	卖盘
14:00:00	8.42	0.01	12	10104	买盘
13:59:51	8.41	--	5	4205	卖盘
13:59:48	8.41	0.01	20	17240	买盘
13:59:42	8.4	--	37	31080	买盘
13:59:39	8.4	--	29	24360	买盘
13:59:33	8.4	--	20	16800	买盘
13:59:27	8.4	-0.01	197	165480	卖盘
13:59:24	8.41	0.01	200	168200	买盘
13:59:21	8.4	-0.01	5	4200	卖盘
13:59:18	8.41	0.01	1	841	买盘
13:59:12	8.4	--	10	8400	卖盘
13:59:09	8.4	0.01	40	33600	买盘
13:59:00	8.39	--	4	3356	卖盘
13:58:57	8.39	--	50	41950	卖盘
13:58:54	8.39	-0.01	20	16780	卖盘
13:58:51	8.4	--	200	168000	买盘
13:58:45	8.4	0.01	5	4200	买盘
13:58:39	8.39	--	3	2517	卖盘
13:58:30	8.39	0.01	234	196326	买盘
13:58:24	8.38	--	4	3352	卖盘
13:58:21	8.38	--	129	108713	买盘
13:58:18	8.38	--	340	284920	买盘
13:58:12	8.38	--	28	23464	卖盘
13:58:06	8.38	-0.01	12	10056	卖盘
13:57:57	8.39	--	222	186258	卖盘
13:57:54	8.39	--	4	3356	卖盘
13:57:45	8.39	0.01	115	96485	买盘
13:57:42	8.38	--	17	14246	卖盘
13:57:39	8.38	0.01	2	1676	买盘
13:57:36	8.37	-0.01	21	17577	卖盘
13:57:33	8.38	0.01	50	41900	买盘
13:57:30	8.37	--	21	17577	卖盘
13:57:24	8.37	-0.01	26	21761	卖盘
13:57:18	8.38	--	175	146650	买盘
13:57:09	8.38	--	1	838	买盘
13:57:06	8.38	--	429	359502	买盘
13:57:00	8.38	--	30	25140	买盘
13:56:57	8.38	--	10	8380	买盘
13:56:51	8.38	-0.01	54	45252	卖盘
13:56:48	8.39	0.01	2	1678	买盘
13:56:42	8.38	-0.01	51	42738	卖盘
13:56:36	8.39	--	4	3356	卖盘
13:56:30	8.39	--	34	28526	卖盘
13:56:27	8.39	0.01	40	33560	买盘
13:56:18	8.38	--	1	838	卖盘
13:56:09	8.38	--	1	946	卖盘
13:56:06	8.38	-0.02	9	7542	卖盘
13:56:00	8.4	0.02	2	1680	买盘
13:55:57	8.38	-0.01	22	19165	卖盘
13:55:51	8.39	-0.01	7	5873	卖盘
13:55:42	8.4	--	15	12600	卖盘
13:55:33	8.4	--	9	7560	买盘
13:55:27	8.4	--	84	70560	中性盘
13:55:15	8.4	--	1	840	卖盘
13:55:12	8.4	--	1	840	卖盘
13:55:03	8.4	0.01	6	5040	中性盘
13:54:51	8.39	-0.01	94	78866	卖盘
13:54:48	8.4	0.01	35	29400	买盘
13:54:42	8.39	-0.02	192	161088	卖盘
13:54:30	8.41	0.01	118	99658	买盘
13:54:27	8.4	-0.01	3	2520	卖盘
13:54:21	8.41	0.01	10	8410	买盘
13:54:18	8.4	--	114	95760	卖盘
13:54:15	8.4	--	20	16800	卖盘
13:54:12	8.4	--	31	26040	卖盘
13:54:09	8.4	--	30	25200	卖盘
13:54:03	8.4	--	58	49140	卖盘
13:53:54	8.4	--	14	11760	卖盘
13:53:51	8.4	--	16	13440	卖盘
13:53:36	8.4	--	1	840	卖盘
13:53:33	8.4	--	10	8400	卖盘
13:53:30	8.4	-0.01	8	6720	卖盘
13:53:24	8.41	0.01	37	31117	买盘
13:53:21	8.4	-0.01	26	21840	卖盘
13:53:18	8.41	0.01	8	6728	中性盘
13:53:12	8.4	-0.01	113	94920	卖盘
13:53:09	8.41	0.01	158	132878	买盘
13:53:03	8.4	0.01	37	31080	买盘
13:53:00	8.39	--	46	38594	卖盘
13:52:54	8.39	-0.01	16	13424	卖盘
13:52:45	8.4	--	437	367080	买盘
13:52:42	8.4	0.01	49	41160	买盘
13:52:36	8.39	-0.01	20	16780	卖盘
13:52:33	8.4	--	14	11760	卖盘
13:52:30	8.4	--	1	840	卖盘
13:52:24	8.4	0.01	85	71400	买盘
13:52:18	8.39	-0.01	32	26848	卖盘
13:52:15	8.4	0.01	900	756000	买盘
13:52:12	8.39	--	13	10907	卖盘
13:52:09	8.39	--	20	16780	卖盘
13:52:03	8.39	--	18	15102	卖盘
13:51:57	8.39	--	14	11746	卖盘
13:51:48	8.39	--	10	8390	卖盘
13:51:45	8.39	--	25	20975	卖盘
13:51:24	8.39	--	2	1678	卖盘
13:51:21	8.39	-0.01	23	19297	卖盘
13:51:15	8.4	0.01	8	6720	买盘
13:51:06	8.39	0.01	23	19297	卖盘
13:51:03	8.38	-0.01	331	277378	卖盘
13:50:57	8.39	--	16	13424	买盘
13:50:54	8.39	--	111	93129	卖盘
13:50:39	8.39	0.01	137	114943	买盘
13:50:36	8.38	-0.01	2	1676	卖盘
13:50:33	8.39	--	10	8390	买盘
13:50:30	8.39	-0.01	125	104875	卖盘
13:50:24	8.4	0.01	516	433440	买盘
13:50:18	8.39	-0.01	44	36916	卖盘
13:50:06	8.4	0.01	3	2520	买盘
13:50:03	8.39	-0.01	7	5873	卖盘
13:49:42	8.4	--	9	7560	买盘
13:49:24	8.4	0.01	20	16800	买盘
13:49:15	8.39	--	5	4195	卖盘
13:49:09	8.39	--	104	87256	卖盘
13:49:00	8.39	--	108	90612	卖盘
13:48:57	8.39	-0.01	6	5034	卖盘
13:48:54	8.4	--	1	840	买盘
13:48:45	8.4	0.01	40	33600	买盘
13:48:42	8.39	--	5	4195	卖盘
13:48:30	8.39	-0.01	9	7551	卖盘
13:48:21	8.4	0.01	3	2520	买盘
13:48:18	8.39	-0.01	35	29365	卖盘
13:48:09	8.4	--	112	94080	买盘
13:48:03	8.4	0.01	65	54600	买盘
13:47:54	8.39	--	15	12585	卖盘
13:47:51	8.39	0.01	583	489137	卖盘
13:47:42	8.38	--	69	57822	买盘
13:47:39	8.38	--	7	5866	买盘
13:47:36	8.38	--	204	170952	卖盘
13:47:33	8.38	-0.01	4	3352	卖盘
13:47:24	8.39	--	40	33560	买盘
13:47:21	8.39	-0.01	224	187936	卖盘
13:47:15	8.4	--	13	10920	卖盘
13:47:12	8.4	-0.02	42	35280	卖盘
13:46:57	8.42	--	5	4210	卖盘
13:46:51	8.42	0.01	45	37890	买盘
13:46:48	8.41	-0.01	5	4205	卖盘
13:46:45	8.42	--	90	75780	买盘
13:46:39	8.42	--	116	97672	买盘
13:46:33	8.42	0.01	1	842	买盘
13:46:27	8.41	-0.01	10	8410	卖盘
13:46:15	8.42	--	12	10104	买盘
13:46:09	8.42	0.01	6	5052	买盘
13:46:06	8.41	--	174	146334	买盘
13:46:00	8.41	0.01	19	15979	买盘
13:45:57	8.4	-0.01	93	78120	卖盘
13:45:54	8.41	--	50	42050	买盘
13:45:45	8.41	--	10	8410	买盘
13:45:42	8.41	0.01	58	48778	买盘
13:45:36	8.4	-0.01	1	840	卖盘
13:45:33	8.41	--	1	841	买盘
13:45:30	8.41	--	18	15138	卖盘
13:45:27	8.41	0.01	286	240526	买盘
13:45:24	8.4	--	2	1680	卖盘
13:45:21	8.4	--	6	5040	卖盘
13:45:15	8.4	--	15	12600	卖盘
13:45:09	8.4	--	6	5040	买盘
13:44:57	8.4	0.02	29	24360	买盘
13:44:54	8.38	-0.02	15	12570	卖盘
13:44:51	8.4	0.03	1000	840000	买盘
13:44:48	8.37	-0.03	3	2510	卖盘
13:44:42	8.4	0.03	20	16800	买盘
13:44:39	8.37	--	25	20924	卖盘
13:44:33	8.37	--	50	41849	卖盘
13:44:30	8.37	--	3	2510	卖盘
13:44:24	8.37	0.01	39	32642	买盘
13:44:21	8.36	-0.01	48	40128	卖盘
13:44:18	8.37	--	8	6695	买盘
13:44:15	8.37	-0.03	445	372464	卖盘
13:44:12	8.4	0.01	2	1680	买盘
13:44:06	8.39	--	10	8390	卖盘
13:44:00	8.39	--	16	13424	卖盘
13:43:54	8.39	0.01	7	5873	买盘
13:43:51	8.38	-0.01	22	18436	卖盘
13:43:48	8.39	0.01	20	16780	买盘
13:43:42	8.38	-0.01	110	92180	卖盘
13:43:36	8.39	--	42	35238	买盘
13:43:33	8.39	--	20	16780	买盘
13:43:24	8.39	--	85	71315	卖盘
13:43:18	8.39	0.01	3	2517	买盘
13:43:06	8.38	-0.01	7	5866	卖盘
13:43:03	8.39	0.02	15	12585	买盘
13:42:57	8.37	--	2	1673	买盘
13:42:51	8.37	-0.01	498	416825	卖盘
13:42:48	8.38	-0.01	13	10894	卖盘
13:42:42	8.39	--	3	2517	买盘
13:42:39	8.39	--	42	35238	买盘
13:42:30	8.39	--	100	83900	买盘
13:42:24	8.39	--	75	62925	买盘
13:42:21	8.39	--	2	1678	买盘
13:42:18	8.39	--	2	1678	买盘
13:42:15	8.39	-0.01	7	5873	中性盘
13:42:06	8.4	0.01	1000	840000	买盘
13:41:54	8.39	--	11	9229	卖盘
13:41:51	8.39	--	7	5873	卖盘
13:41:48	8.39	--	14	11746	卖盘
13:41:39	8.39	--	2	1678	卖盘
13:41:30	8.39	--	10	8390	卖盘
13:41:24	8.39	--	3	2517	买盘
13:41:21	8.39	--	2	1678	买盘
13:41:06	8.39	--	1	839	卖盘
13:40:57	8.39	-0.01	6	5034	卖盘
13:40:54	8.4	0.01	4	3360	买盘
13:40:33	8.39	--	1	839	买盘
13:40:30	8.39	--	8	6712	买盘
13:40:18	8.39	0.01	120	100680	买盘
13:40:09	8.38	0.01	118	98884	买盘
13:40:06	8.37	--	11	9207	卖盘
13:40:03	8.37	--	1	836	卖盘
13:39:48	8.37	--	7	5858	买盘
13:39:45	8.37	--	18	15065	买盘
13:39:42	8.37	--	20	16740	买盘
13:39:30	8.37	--	40	33480	卖盘
13:39:21	8.37	--	12	10043	卖盘
13:39:09	8.37	--	1	836	卖盘
13:39:03	8.37	-0.01	10	8370	中性盘
13:38:54	8.38	0.02	10	8380	买盘
13:38:51	8.36	--	181	151316	卖盘
13:38:48	8.36	--	1	836	卖盘
13:38:42	8.36	-0.01	91	76076	卖盘
13:38:39	8.37	0.01	20	16740	卖盘
13:38:36	8.36	-0.01	101	84436	卖盘
13:38:27	8.37	--	21	17577	卖盘
13:38:24	8.37	--	3	2510	卖盘
13:38:21	8.37	0.01	226	189161	买盘
13:38:09	8.36	--	179	149644	卖盘
13:38:06	8.36	--	2	1672	卖盘
13:38:03	8.36	--	366	306736	卖盘
13:37:57	8.36	-0.01	23	19228	卖盘
13:37:54	8.37	0.01	15	12554	中性盘
13:37:45	8.36	--	565	472339	卖盘
13:37:42	8.36	-0.01	382	319352	卖盘
13:37:39	8.37	--	40	33480	卖盘
13:37:33	8.37	--	14	11717	买盘
13:37:30	8.37	--	2	1673	卖盘
13:37:21	8.37	--	58	48545	卖盘
13:37:18	8.37	--	25	20924	卖盘
13:37:15	8.37	-0.01	124	103787	卖盘
13:37:12	8.38	--	5	4190	买盘
13:37:09	8.38	0.01	125	104750	买盘
13:37:06	8.37	-0.01	428	358235	卖盘
13:37:03	8.38	--	2	1676	买盘
13:37:00	8.38	--	1	838	买盘
13:36:57	8.38	--	14	11807	卖盘
13:36:54	8.38	--	42	35196	卖盘
13:36:48	8.38	--	25	20950	卖盘
13:36:45	8.38	--	5	4190	卖盘
13:36:42	8.38	--	114	95532	卖盘
13:36:33	8.38	-0.02	90	75420	卖盘
13:36:30	8.4	0.02	24	20160	买盘
13:36:27	8.38	--	361	302518	卖盘
13:36:21	8.38	-0.01	8	6704	卖盘
13:36:18	8.39	--	15	12585	卖盘
13:36:15	8.39	--	10	8390	卖盘
13:36:09	8.39	--	58	48662	卖盘
13:36:06	8.39	--	10	8390	卖盘
13:35:57	8.39	--	100	83900	卖盘
13:35:54	8.39	-0.01	1	839	卖盘
13:35:51	8.4	0.01	23	19320	买盘
13:35:48	8.39	--	8	6712	卖盘
13:35:45	8.39	--	37	31043	卖盘
13:35:42	8.39	--	17	14263	卖盘
13:35:39	8.39	--	12	10068	卖盘
13:35:36	8.39	--	13	10907	卖盘
13:35:33	8.39	--	27	22653	卖盘
13:35:15	8.39	--	15	12585	卖盘
13:35:12	8.39	--	2	1678	卖盘
13:35:06	8.39	0.01	64	53696	买盘
13:34:57	8.38	--	2	1676	卖盘
13:34:54	8.38	--	8	6704	卖盘
13:34:48	8.38	--	77	64526	卖盘
13:34:42	8.38	--	12	10056	卖盘
13:34:30	8.38	-0.01	133	111454	卖盘
13:34:27	8.39	--	90	75510	买盘
13:34:24	8.39	0.01	33	27687	中性盘
13:34:06	8.38	-0.01	514	430732	卖盘
13:34:00	8.39	--	5	4195	卖盘
13:33:57	8.39	--	3	2517	卖盘
13:33:54	8.39	--	218	183665	卖盘
13:33:48	8.39	--	5	4195	卖盘
13:33:42	8.39	--	2	1678	卖盘
13:33:24	8.39	-0.01	6	5034	卖盘
13:33:15	8.4	0.01	10	8400	买盘
13:33:12	8.39	--	23	19297	卖盘
13:33:09	8.39	-0.01	25	20975	卖盘
13:33:03	8.4	--	13	10920	买盘
13:32:45	8.4	0.01	45	37800	买盘
13:32:36	8.39	--	34	28526	卖盘
13:32:24	8.39	--	27	22653	卖盘
13:32:21	8.39	--	3	2517	卖盘
13:32:18	8.39	--	101	84739	买盘
13:32:15	8.39	--	50	41950	买盘
13:32:09	8.39	--	5	4195	买盘
13:32:03	8.39	-0.01	551	462289	卖盘
13:32:00	8.4	--	18	15120	买盘
13:31:57	8.4	--	20	16800	买盘
13:31:36	8.4	--	8	6720	买盘
13:31:09	8.4	0.01	5	4200	买盘
13:31:06	8.39	--	2	1678	卖盘
13:30:39	8.39	--	1	839	卖盘
13:30:33	8.39	0.01	15	12585	买盘
13:30:27	8.38	--	8	6704	卖盘
13:30:24	8.38	-0.01	100	83800	卖盘
13:30:18	8.39	--	10	8390	买盘
13:30:12	8.39	-0.01	495	415305	卖盘
13:30:09	8.4	0.01	5	4200	买盘
13:30:03	8.39	--	60	50340	卖盘
13:29:57	8.39	-0.01	8	6712	卖盘
13:29:54	8.4	0.01	6	5040	买盘
13:29:45	8.39	--	10	8390	卖盘
13:29:39	8.39	--	30	25170	买盘
13:29:36	8.39	--	10	8390	买盘
13:29:30	8.39	--	60	50340	买盘
13:29:27	8.39	--	15	12585	卖盘
13:29:24	8.39	-0.01	11	9229	卖盘
13:29:18	8.4	0.01	6	5040	买盘
13:29:12	8.39	--	3	2517	卖盘
13:29:09	8.39	0.01	36	30204	买盘
13:29:06	8.38	-0.01	27	22626	卖盘
13:28:57	8.39	0.01	66	55374	买盘
13:28:54	8.38	-0.01	17	14246	卖盘
13:28:45	8.39	--	60	50340	买盘
13:28:30	8.39	--	225	188775	卖盘
13:28:24	8.39	--	6	5034	卖盘
13:28:15	8.39	--	38	31882	卖盘
13:28:12	8.39	-0.01	100	83900	卖盘
13:28:09	8.4	0.01	15	12600	买盘
13:28:06	8.39	-0.01	30	25170	卖盘
13:28:03	8.4	0.01	11	9240	买盘
13:27:57	8.39	-0.01	34	28526	卖盘
13:27:54	8.4	0.01	8	6720	卖盘
13:27:48	8.39	-0.01	9	7551	卖盘
13:27:39	8.4	--	33	27720	卖盘
13:27:33	8.4	0.01	228	191520	买盘
13:27:30	8.39	--	2	1678	卖盘
13:27:27	8.39	0.01	101	84739	买盘
13:27:21	8.38	--	39	32682	卖盘
13:27:18	8.38	--	159	133242	卖盘
13:27:06	8.38	--	200	167600	卖盘
13:26:57	8.38	-0.01	71	59498	卖盘
13:26:51	8.39	--	2	1678	买盘
13:26:45	8.39	0.01	9	7551	买盘
13:26:42	8.38	--	14	11732	卖盘
13:26:36	8.38	--	8	6704	卖盘
13:26:30	8.38	-0.01	2	1676	卖盘
13:26:27	8.39	--	50	41950	卖盘
13:26:24	8.39	0.01	50	41950	买盘
13:26:21	8.38	-0.01	2	1676	中性盘
13:26:12	8.39	0.02	24	20136	买盘
13:26:09	8.37	-0.01	212	177443	卖盘
13:26:06	8.38	--	75	62850	卖盘
13:25:54	8.38	--	200	167600	卖盘
13:25:51	8.38	-0.02	200	167600	卖盘
13:25:45	8.4	-0.01	495	415800	卖盘
13:25:42	8.41	--	13	10933	买盘
13:25:36	8.41	--	79	67254	卖盘
13:25:30	8.41	--	51	42891	卖盘
13:25:24	8.41	--	151	126991	卖盘
13:25:12	8.41	-0.01	84	70669	卖盘
13:25:03	8.42	--	301	254258	卖盘
13:24:57	8.42	-0.01	14	11788	卖盘
13:24:51	8.43	0.01	2	1686	买盘
13:24:48	8.42	--	13	10946	卖盘
13:24:45	8.42	-0.01	438	368796	卖盘
13:24:39	8.43	0.01	40	33720	买盘
13:24:36	8.42	-0.01	14	11788	卖盘
13:24:33	8.43	--	50	42150	买盘
13:24:27	8.43	--	3	2529	买盘
13:24:24	8.43	--	7	5901	买盘
13:24:18	8.43	--	1	843	买盘
13:23:54	8.43	0.01	4	3372	买盘
13:23:48	8.42	-0.01	30	25260	卖盘
13:23:45	8.43	0.01	41	34563	买盘
13:23:36	8.42	--	43	36206	卖盘
13:23:30	8.42	--	2	1684	卖盘
13:23:21	8.42	--	7	5894	卖盘
13:23:15	8.42	--	17	14339	卖盘
13:23:12	8.42	--	2	1684	卖盘
13:23:09	8.42	--	1	842	卖盘
13:23:00	8.42	--	500	421000	卖盘
13:22:54	8.42	--	9	7578	卖盘
13:22:39	8.42	-0.01	50	42100	卖盘
13:22:36	8.43	0.01	200	168600	买盘
13:22:27	8.42	--	11	9262	卖盘
13:22:15	8.42	--	49	41258	卖盘
13:22:09	8.42	--	1	842	卖盘
13:21:57	8.42	-0.01	5	4210	卖盘
13:21:51	8.43	0.01	22	18546	买盘
13:21:45	8.42	--	10	8420	卖盘
13:21:42	8.42	--	31	26102	卖盘
13:21:39	8.42	--	2	1684	卖盘
13:21:36	8.42	-0.01	81	68202	卖盘
13:21:15	8.43	0.01	5	4215	买盘
13:21:09	8.42	--	2	1684	卖盘
13:21:00	8.42	--	7	5894	买盘
13:20:57	8.42	--	8	6736	卖盘
13:20:48	8.42	--	17	14314	买盘
13:20:45	8.42	0.01	3	2526	买盘
13:20:39	8.41	-0.02	2	1682	卖盘
13:20:36	8.43	0.02	15	12645	买盘
13:20:30	8.41	--	11	9251	卖盘
13:20:27	8.41	--	1	841	卖盘
13:20:24	8.41	-0.02	21	17661	卖盘
13:20:21	8.43	0.02	10	8430	买盘
13:20:12	8.41	--	17	14297	卖盘
13:20:09	8.41	--	111	93351	买盘
13:20:03	8.41	--	65	54665	买盘
13:19:54	8.41	--	252	211932	买盘
13:19:51	8.41	--	2	1682	买盘
13:19:45	8.41	0.01	10	8410	中性盘
13:19:39	8.4	--	57	47880	卖盘
13:19:36	8.4	-0.01	23	19320	卖盘
13:19:30	8.41	0.01	20	16820	买盘
13:19:24	8.4	-0.01	12	10080	卖盘
13:19:21	8.41	--	19	15979	买盘
13:19:12	8.41	--	17	14297	卖盘
13:19:03	8.41	--	10	8410	卖盘
13:19:00	8.41	--	1	841	卖盘
13:18:51	8.41	0.01	402	338082	中性盘
13:18:45	8.4	-0.03	3	2520	卖盘
13:18:42	8.43	--	22	18546	卖盘
13:18:33	8.43	0.01	210	177030	卖盘
13:18:30	8.42	0.02	68	57256	买盘
13:18:21	8.4	-0.02	200	168000	卖盘
13:18:18	8.42	--	5	4210	买盘
13:18:15	8.42	--	100	84200	买盘
13:18:12	8.42	--	608	511936	卖盘
13:18:09	8.42	-0.01	11	9262	卖盘
13:17:48	8.43	0.01	81	68283	买盘
13:17:45	8.42	-0.01	5	4210	卖盘
13:17:42	8.43	--	20	16860	买盘
13:17:39	8.43	--	10	8430	买盘
13:17:30	8.43	--	25	21075	买盘
13:17:27	8.43	--	10	8430	买盘
13:17:21	8.43	--	195	164385	卖盘
13:17:06	8.43	-0.01	18	15174	卖盘
13:17:00	8.44	--	53	44732	买盘
13:16:57	8.44	--	1	844	买盘
13:16:54	8.44	--	2	1688	买盘
13:16:48	8.44	0.01	9	7596	买盘
13:16:36	8.43	-0.01	35	29505	卖盘
13:16:24	8.44	0.01	10	8440	买盘
13:16:12	8.43	0.01	2	1686	买盘
13:16:06	8.42	--	10	8420	卖盘
13:15:57	8.42	-0.01	69	58098	卖盘
13:15:54	8.43	--	27	22761	买盘
13:15:45	8.43	--	8	6744	买盘
13:15:42	8.43	-0.01	693	584199	卖盘
13:15:27	8.44	-0.01	114	96216	卖盘
13:15:21	8.45	--	80	67600	买盘
13:15:12	8.45	-0.01	143	120834	卖盘
13:15:09	8.46	--	2	1692	买盘
13:15:03	8.46	0.01	24	20304	买盘
13:15:00	8.45	--	137	115764	卖盘
13:14:57	8.45	--	2	1689	卖盘
13:14:54	8.45	--	2	1689	卖盘
13:14:48	8.45	--	3	2535	卖盘
13:14:45	8.45	--	145	122524	卖盘
13:14:21	8.45	-0.01	1	844	卖盘
13:14:15	8.46	--	100	84600	买盘
13:13:45	8.46	-0.01	152	128592	卖盘
13:13:42	8.47	0.01	3	2541	买盘
13:13:39	8.46	--	10	8460	卖盘
13:13:30	8.46	--	1	846	卖盘
13:13:21	8.46	-0.01	5	4230	卖盘
13:13:18	8.47	--	23	19481	卖盘
13:13:15	8.47	--	10	8470	卖盘
13:13:09	8.47	--	50	42350	卖盘
13:13:03	8.47	--	59	49973	卖盘
13:13:00	8.47	--	2	1694	卖盘
13:12:57	8.47	--	22	18634	卖盘
13:12:54	8.47	--	12	10164	卖盘
13:12:51	8.47	--	3	2541	卖盘
13:12:45	8.47	--	10	8470	卖盘
13:12:42	8.47	--	20	16940	卖盘
13:12:39	8.47	0.01	68	57596	买盘
13:12:36	8.46	-0.01	37	31302	卖盘
13:12:33	8.47	--	25	21175	买盘
13:12:30	8.47	--	4	3388	买盘
13:12:15	8.47	0.01	1	847	中性盘
13:12:12	8.46	-0.01	205	173430	卖盘
13:12:06	8.47	0.01	2	1694	买盘
13:11:57	8.46	--	37	31302	卖盘
13:11:51	8.46	--	2	1692	卖盘
13:11:45	8.46	--	25	21150	卖盘
13:11:39	8.46	--	34	28764	买盘
13:11:33	8.46	-0.01	9	7614	卖盘
13:11:30	8.47	0.01	163	138061	买盘
13:11:27	8.46	-0.01	10	8460	卖盘
13:11:18	8.47	--	9	8376	卖盘
13:11:15	8.47	--	302	255794	卖盘
13:11:12	8.47	--	121	102487	卖盘
13:11:09	8.47	--	60	50820	卖盘
13:11:06	8.47	--	68	57596	卖盘
13:11:03	8.47	-0.01	51	43197	卖盘
13:11:00	8.48	--	42	35616	买盘
13:10:54	8.48	--	409	346832	买盘
13:10:51	8.48	--	37	31376	买盘
13:10:48	8.48	0.01	1	848	买盘
13:10:45	8.47	-0.01	18	15246	卖盘
13:10:42	8.48	--	5	4240	买盘
13:10:36	8.48	0.01	9	7632	买盘
13:10:33	8.47	-0.01	100	84700	卖盘
13:10:30	8.48	0.01	113	95824	买盘
13:10:27	8.47	-0.01	36	30492	卖盘
13:10:24	8.48	--	77	65296	买盘
13:10:21	8.48	0.01	84	71232	买盘
13:10:18	8.47	--	5	4235	卖盘
13:10:15	8.47	--	12	10164	卖盘
13:10:12	8.47	--	7	5929	卖盘
13:10:09	8.47	-0.01	46	38962	卖盘
13:10:06	8.48	0.01	71	60208	买盘
13:10:03	8.47	-0.01	52	44044	卖盘
13:09:54	8.48	0.01	750	636000	买盘
13:09:48	8.47	0.01	303	256734	买盘
13:09:45	8.46	--	6	5076	卖盘
13:09:39	8.46	--	80	67680	卖盘
13:09:30	8.46	--	24	20304	卖盘
13:09:27	8.46	--	1	846	卖盘
13:09:24	8.46	0.01	6	5076	买盘
13:09:15	8.45	-0.01	20	16900	卖盘
13:09:12	8.46	-0.01	27	22842	中性盘
13:09:09	8.47	0.02	423	358281	买盘
13:09:06	8.45	--	30	25349	卖盘
13:09:03	8.45	--	30	25349	买盘
13:08:51	8.45	-0.01	42	35490	卖盘
13:08:48	8.46	0.01	10	8460	卖盘
13:08:42	8.45	--	5	4225	卖盘
13:08:39	8.45	--	55	46474	买盘
13:08:36	8.45	--	26	21969	卖盘
13:08:33	8.45	-0.02	20	16900	卖盘
13:08:27	8.47	--	20	16940	买盘
13:08:21	8.47	--	18	15246	买盘
13:08:12	8.47	--	7	5929	买盘
13:08:09	8.47	--	463	392914	卖盘
13:07:57	8.47	--	10	8470	卖盘
13:07:54	8.47	0.03	1885	1596688	买盘
13:07:51	8.44	-0.01	10	8440	卖盘
13:07:42	8.45	0.01	10	8450	买盘
13:07:39	8.44	--	30	25320	卖盘
13:07:36	8.44	--	38	32071	卖盘
13:07:33	8.44	-0.01	14	11816	卖盘
13:07:27	8.45	--	37	31264	买盘
13:07:18	8.45	0.01	10	8450	买盘
13:07:15	8.44	--	51	43044	卖盘
13:07:12	8.44	-0.01	106	89464	卖盘
13:07:06	8.45	0.01	30	25349	买盘
13:06:54	8.44	--	2	1688	卖盘
13:06:51	8.44	--	5	4220	卖盘
13:06:48	8.44	--	10	8440	卖盘
13:06:45	8.44	--	4	3376	卖盘
13:06:42	8.44	--	5	4220	卖盘
13:06:39	8.44	-0.01	41	34604	卖盘
13:06:33	8.45	--	19	16054	买盘
13:06:30	8.45	0.01	110	92949	买盘
13:06:24	8.44	--	13	10972	卖盘
13:06:21	8.44	--	40	33760	卖盘
13:06:15	8.44	--	6	5064	卖盘
13:06:09	8.44	-0.01	5	4220	卖盘
13:06:06	8.45	--	2	1689	买盘
13:06:00	8.45	--	2	1689	买盘
13:05:54	8.45	-0.01	80	67600	卖盘
13:05:51	8.46	0.01	1	846	买盘
13:05:48	8.45	-0.01	43	36335	卖盘
13:05:42	8.46	--	2	1692	买盘
13:05:39	8.46	--	84	71064	买盘
13:05:30	8.46	--	3	2538	买盘
13:05:24	8.46	0.01	271	229266	买盘
13:05:21	8.45	--	30	25349	卖盘
13:05:18	8.45	-0.01	111	93794	卖盘
13:05:15	8.46	--	6	5076	买盘
13:05:06	8.46	--	11	9306	买盘
13:05:00	8.46	0.01	20	16920	买盘
13:04:54	8.45	-0.01	3	2535	卖盘
13:04:48	8.46	--	11	9306	买盘
13:04:45	8.46	0.01	30	25380	买盘
13:04:36	8.45	--	19	16054	买盘
13:04:33	8.45	--	81	68445	卖盘
13:04:27	8.45	-0.01	7	5914	卖盘
13:04:21	8.46	0.01	10	8460	买盘
13:04:18	8.45	--	25	21125	卖盘
13:04:12	8.45	--	36	30419	卖盘
13:04:06	8.45	--	11	9295	买盘
13:04:03	8.45	0.01	137	115764	买盘
13:03:57	8.44	-0.01	6	5064	卖盘
13:03:51	8.45	-0.01	103	87034	中性盘
13:03:39	8.46	0.01	121	103195	买盘
13:03:36	8.45	--	25	21125	卖盘
13:03:33	8.45	--	301	254344	卖盘
13:03:30	8.45	--	64	54079	卖盘
13:03:27	8.45	--	15	12674	卖盘
13:03:24	8.45	--	15	12674	卖盘
13:03:18	8.45	-0.01	120	101399	卖盘
13:03:09	8.46	--	75	63450	买盘
13:03:06	8.46	--	3	2538	买盘
13:03:03	8.46	--	30	25380	买盘
13:03:00	8.46	--	316	268105	卖盘
13:02:51	8.46	--	35	29610	卖盘
13:02:45	8.46	--	19	16074	卖盘
13:02:42	8.46	--	11	9306	卖盘
13:02:39	8.46	--	25	21150	卖盘
13:02:33	8.46	-0.01	155	131730	卖盘
13:02:27	8.47	0.01	20	16940	买盘
13:02:24	8.46	--	5	4230	卖盘
13:02:21	8.46	-0.01	20	16920	卖盘
13:02:15	8.47	--	17	14399	买盘
13:02:12	8.47	0.01	6	5082	买盘
13:02:09	8.46	-0.01	50	42300	卖盘
13:02:06	8.47	--	15	12705	买盘
13:02:03	8.47	--	64	54208	买盘
13:02:00	8.47	0.01	55	46585	买盘
13:01:57	8.46	-0.01	50	42300	卖盘
13:01:48	8.47	--	20	16940	买盘
13:01:45	8.47	--	33	27951	买盘
13:01:42	8.47	0.01	18	15246	买盘
13:01:33	8.46	-0.01	8	7089	卖盘
13:01:30	8.47	--	49	41503	卖盘
13:01:27	8.47	--	5	4235	卖盘
13:01:24	8.47	--	101	85547	卖盘
13:01:21	8.47	-0.01	1	847	卖盘
13:01:18	8.48	--	21	17808	买盘
13:01:03	8.48	-0.01	349	295952	中性盘
13:01:00	8.49	--	20	16980	买盘
13:00:57	8.49	0.01	130	110370	买盘
13:00:54	8.48	-0.01	18	15264	卖盘
13:00:51	8.49	--	20	16980	买盘
13:00:48	8.49	--	5	4245	买盘
13:00:45	8.49	--	26	22074	卖盘
13:00:42	8.49	--	76	64524	卖盘
13:00:39	8.49	--	29	24621	卖盘
13:00:33	8.49	--	52	44148	卖盘
13:00:30	8.49	0.01	802	680898	买盘
13:00:27	8.48	-0.01	61	51728	卖盘
13:00:24	8.49	0.03	450	382050	买盘
13:00:18	8.46	-0.02	200	169200	卖盘
13:00:15	8.48	--	30	25440	买盘
13:00:12	8.48	0.02	125	106000	买盘
13:00:09	8.46	0.01	209	176814	中性盘
13:00:06	8.45	-0.01	1139	962471	卖盘
13:00:03	8.46	0.01	2695	2279970	买盘
13:00:00	8.45	--	0	0	买盘
11:30:00	8.45	0.01	28	23659	买盘
11:29:57	8.44	0.01	30	25320	买盘
11:29:54	8.43	-0.01	2	1686	卖盘
11:29:48	8.44	-0.01	30	25320	中性盘
11:29:45	8.45	0.02	961	812044	买盘
11:29:42	8.43	-0.01	5	4215	中性盘
11:29:39	8.44	0.01	30	25320	买盘
11:29:36	8.43	-0.01	5	4215	卖盘
11:29:33	8.44	0.01	10	8440	买盘
11:29:30	8.43	0.01	1	843	买盘
11:29:27	8.42	-0.01	21	17682	卖盘
11:29:24	8.43	--	30	25290	卖盘
11:29:15	8.43	0.01	1	843	中性盘
11:29:03	8.42	--	13	10946	卖盘
11:29:00	8.42	--	115	96830	卖盘
11:28:57	8.42	--	25	21050	买盘
11:28:54	8.42	-0.01	74	62308	卖盘
11:28:51	8.43	0.01	50	42150	买盘
11:28:48	8.42	-0.01	15	12630	卖盘
11:28:45	8.43	0.01	139	117177	买盘
11:28:42	8.42	--	164	138088	买盘
11:28:36	8.42	-0.01	52	43784	卖盘
11:28:33	8.43	0.01	50	42150	买盘
11:28:30	8.42	--	2	1684	卖盘
11:28:27	8.42	--	60	50520	卖盘
11:28:24	8.42	--	9	7578	买盘
11:28:21	8.42	--	19	15998	买盘
11:28:18	8.42	--	15	12630	买盘
11:28:15	8.42	--	31	26102	卖盘
11:28:12	8.42	--	45	37890	卖盘
11:28:09	8.42	--	13	10946	卖盘
11:28:00	8.42	--	1	842	卖盘
11:27:57	8.42	--	204	171768	买盘
11:27:51	8.42	-0.01	16	13472	卖盘
11:27:48	8.43	--	42	35406	买盘
11:27:42	8.43	--	13	10959	买盘
11:27:36	8.43	--	10	8430	买盘
11:27:33	8.43	--	17	14331	买盘
11:27:30	8.43	--	13	10959	买盘
11:27:27	8.43	--	6	5058	买盘
11:27:24	8.43	-0.01	1	843	买盘
11:27:21	8.44	0.03	10	8440	买盘
11:27:18	8.41	-0.03	176	148016	卖盘
11:27:12	8.44	--	46	38824	买盘
11:27:09	8.44	0.01	5	4220	买盘
11:27:06	8.43	-0.01	15	12645	中性盘
11:27:03	8.44	--	11	9284	卖盘
11:27:00	8.44	0.01	1596	1347024	买盘
11:26:57	8.43	-0.01	20	16860	买盘
11:26:54	8.44	0.01	120	101280	买盘
11:26:51	8.43	--	105	88515	卖盘
11:26:48	8.43	--	6	5058	卖盘
11:26:45	8.43	--	7	5901	买盘
11:26:42	8.43	0.01	10	8430	买盘
11:26:39	8.42	-0.01	325	273650	中性盘
11:26:36	8.43	--	3	2529	买盘
11:26:33	8.43	-0.01	220	185460	卖盘
11:26:30	8.44	0.01	567	478632	买盘
11:26:27	8.43	--	155	130665	买盘
11:26:24	8.43	--	150	126450	买盘
11:26:18	8.43	--	52	43836	买盘
11:26:12	8.43	--	356	300866	买盘
11:26:09	8.43	0.01	30	25290	买盘
11:26:06	8.42	--	235	197870	卖盘
11:26:03	8.42	--	329	277102	买盘
11:26:00	8.42	--	161	135562	买盘
11:25:57	8.42	0.01	372	313224	买盘
11:25:54	8.41	-0.01	349	293509	卖盘
11:25:51	8.42	--	244	205448	买盘
11:25:48	8.42	--	100	84200	买盘
11:25:45	8.42	--	532	447944	买盘
11:25:42	8.42	0.01	405	341010	买盘
11:25:39	8.41	0.01	10	8410	买盘
11:25:36	8.4	-0.01	11	9240	卖盘
11:25:33	8.41	--	2050	1724050	买盘
11:25:30	8.41	0.01	7	5887	买盘
11:25:27	8.4	--	14	11760	卖盘
11:25:24	8.4	--	30	25200	卖盘
11:25:21	8.4	--	11	9240	卖盘
11:25:18	8.4	--	367	308280	买盘
11:25:15	8.4	--	230	193200	买盘
11:25:12	8.4	--	100	84000	买盘
11:25:06	8.4	--	100	84000	买盘
11:25:00	8.4	--	10	8400	买盘
11:24:57	8.4	--	300	252000	买盘
11:24:54	8.4	--	3	2520	买盘
11:24:39	8.4	0.02	3	2520	买盘
11:24:33	8.38	-0.02	2	1676	卖盘
11:24:30	8.4	0.02	5	4200	买盘
11:24:24	8.38	-0.01	2	1676	卖盘
11:24:21	8.39	--	12	10068	买盘
11:24:18	8.39	0.01	8	6712	买盘
11:24:12	8.38	-0.01	300	251400	卖盘
11:24:09	8.39	--	101	84739	卖盘
11:24:06	8.39	--	72	60408	买盘
11:23:57	8.39	0.01	56	46984	买盘
11:23:48	8.38	-0.01	20	16760	卖盘
11:23:45	8.39	--	14	11746	买盘
11:23:42	8.39	-0.01	46	38594	卖盘
11:23:36	8.4	--	11	9240	买盘
11:23:33	8.4	--	25	21000	买盘
11:23:30	8.4	--	2	1680	买盘
11:23:27	8.4	0.01	2	1680	买盘
11:23:24	8.39	--	120	100680	卖盘
11:23:21	8.39	--	99	83061	卖盘
11:23:12	8.39	-0.01	70	58730	卖盘
11:23:09	8.4	0.01	137	115080	买盘
11:23:06	8.39	--	36	30204	卖盘
11:23:03	8.39	-0.01	27	22653	卖盘
11:22:57	8.4	--	36	30240	买盘
11:22:54	8.4	0.01	159	133560	买盘
11:22:51	8.39	--	25	20975	卖盘
11:22:48	8.39	-0.01	105	88095	卖盘
11:22:45	8.4	0.01	169	141960	买盘
11:22:42	8.39	-0.01	2	1678	卖盘
11:22:33	8.4	0.01	214	179760	买盘
11:22:30	8.39	-0.01	60	50340	卖盘
11:22:27	8.4	0.01	100	84000	买盘
11:22:24	8.39	-0.01	1	839	卖盘
11:22:21	8.4	0.01	50	42000	买盘
11:22:15	8.39	--	40	33560	卖盘
11:22:12	8.39	--	69	57891	卖盘
11:22:09	8.39	--	20	16780	卖盘
11:22:03	8.39	--	20	16780	买盘
11:22:00	8.39	--	543	455577	买盘
11:21:57	8.39	--	17	14263	卖盘
11:21:54	8.39	--	26	21814	卖盘
11:21:51	8.39	-0.01	40	33560	卖盘
11:21:48	8.4	--	51	42840	买盘
11:21:45	8.4	0.01	500	420000	买盘
11:21:42	8.39	--	3	2517	卖盘
11:21:39	8.39	--	71	59569	卖盘
11:21:36	8.39	--	96	80544	卖盘
11:21:33	8.39	--	79	66281	卖盘
11:21:27	8.39	--	20	16780	卖盘
11:21:24	8.39	--	34	28526	卖盘
11:21:18	8.39	--	20	16780	卖盘
11:21:12	8.39	0.01	115	96485	买盘
11:20:57	8.38	-0.01	32	26816	卖盘
11:20:54	8.39	--	29	24331	卖盘
11:20:51	8.39	--	176	147664	卖盘
11:20:48	8.39	--	123	103197	卖盘
11:20:45	8.39	--	33	27687	卖盘
11:20:42	8.39	--	23	19297	卖盘
11:20:39	8.39	--	76	63764	卖盘
11:20:33	8.39	--	7	5873	卖盘
11:20:30	8.39	-0.01	63	52857	卖盘
11:20:27	8.4	--	15	12600	买盘
11:20:21	8.4	--	23	19320	买盘
11:20:12	8.4	0.01	10	8400	买盘
11:20:09	8.39	--	24	20136	卖盘
11:20:06	8.39	--	10	8390	卖盘
11:20:03	8.39	--	65	54535	卖盘
11:20:00	8.39	--	8	6712	卖盘
11:19:57	8.39	--	65	54535	卖盘
11:19:48	8.39	--	20	16780	卖盘
11:19:30	8.39	--	51	42789	卖盘
11:19:24	8.39	--	40	33560	卖盘
11:19:21	8.39	--	98	82222	卖盘
11:19:18	8.39	-0.01	47	39433	卖盘
11:19:15	8.4	0.01	500	420000	买盘
11:19:12	8.39	--	3	2970	卖盘
11:19:09	8.39	--	36	30204	卖盘
11:19:06	8.39	--	28	23492	卖盘
11:19:03	8.39	-0.01	42	35238	卖盘
11:19:00	8.4	--	153	128520	买盘
11:18:57	8.4	0.01	633	531720	买盘
11:18:54	8.39	-0.01	20	17165	卖盘
11:18:51	8.4	--	147	123480	买盘
11:18:42	8.4	0.01	39	32760	买盘
11:18:39	8.39	--	72	60408	卖盘
11:18:36	8.39	--	5	4195	卖盘
11:18:27	8.39	--	12	10068	买盘
11:18:24	8.39	0.01	120	100680	买盘
11:18:15	8.38	-0.01	60	50280	卖盘
11:18:12	8.39	0.01	9	7551	买盘
11:17:54	8.38	-0.01	1	838	卖盘
11:17:48	8.39	--	64	53696	卖盘
11:17:45	8.39	--	9	7551	卖盘
11:17:42	8.39	--	4	3356	卖盘
11:17:39	8.39	--	38	31882	买盘
11:17:30	8.39	--	58	48662	买盘
11:17:24	8.39	--	50	41950	买盘
11:17:21	8.39	0.01	25	20975	买盘
11:17:15	8.38	-0.01	47	39386	卖盘
11:17:12	8.39	--	51	42789	买盘
11:17:09	8.39	--	122	102358	买盘
11:16:51	8.39	--	14	11746	买盘
11:16:48	8.39	--	51	42789	卖盘
11:16:45	8.39	--	30	25170	卖盘
11:16:42	8.39	-0.01	28	23492	卖盘
11:16:39	8.4	--	12	10080	买盘
11:16:36	8.4	--	6	5040	买盘
11:16:27	8.4	--	57	47880	买盘
11:16:24	8.4	-0.01	174	146160	卖盘
11:16:21	8.41	--	5	4205	买盘
11:16:18	8.41	--	2	1682	买盘
11:16:15	8.41	--	48	40368	买盘
11:16:12	8.41	--	59	49619	卖盘
11:16:09	8.41	--	17	14297	卖盘
11:16:06	8.41	--	51	42891	卖盘
11:16:03	8.41	--	129	108489	卖盘
11:16:00	8.41	--	73	61393	卖盘
11:15:54	8.41	--	64	53824	卖盘
11:15:51	8.41	--	744	625704	买盘
11:15:48	8.41	0.01	100	84100	买盘
11:15:45	8.4	-0.01	15	12600	卖盘
11:15:42	8.41	0.01	91	76531	买盘
11:15:39	8.4	--	1	840	卖盘
11:15:36	8.4	-0.01	5	4200	卖盘
11:15:33	8.41	0.01	5	4205	买盘
11:15:30	8.4	-0.01	69	57960	卖盘
11:15:27	8.41	--	100	84100	买盘
11:15:21	8.41	0.01	13	10933	买盘
11:15:18	8.4	--	4	3360	卖盘
11:15:15	8.4	-0.01	18	15120	卖盘
11:15:12	8.41	--	10	8410	买盘
11:15:09	8.41	0.01	20	16820	买盘
11:15:06	8.4	0.01	114	95760	买盘
11:15:03	8.39	-0.01	10	8390	卖盘
11:15:00	8.4	--	152	127680	买盘
11:14:57	8.4	--	22	18480	买盘
11:14:54	8.4	--	400	336000	买盘
11:14:51	8.4	--	116	97440	买盘
11:14:48	8.4	--	118	99120	买盘
11:14:45	8.4	--	84	70560	买盘
11:14:42	8.4	--	61	51240	买盘
11:14:36	8.4	0.01	280	235200	买盘
11:14:33	8.39	-0.01	108	90612	卖盘
11:14:30	8.4	0.01	17	14280	买盘
11:14:27	8.39	-0.01	2	1678	卖盘
11:14:21	8.4	--	250	210000	买盘
11:14:18	8.4	--	38	31920	买盘
11:14:12	8.4	--	30	25200	买盘
11:14:09	8.4	0.01	200	168000	买盘
11:14:06	8.39	--	20	16780	买盘
11:14:03	8.39	--	60	50340	买盘
11:14:00	8.39	0.01	500	419500	买盘
11:13:57	8.38	-0.01	333	279054	卖盘
11:13:54	8.39	0.01	54	45306	买盘
11:13:51	8.38	0.02	145	121510	中性盘
11:13:39	8.36	-0.02	578	483274	卖盘
11:13:36	8.38	--	5	4190	买盘
11:13:33	8.38	0.01	200	167600	买盘
11:13:27	8.37	-0.01	5	4185	卖盘
11:13:24	8.38	--	81	67878	买盘
11:13:18	8.38	0.02	69	57822	买盘
11:13:15	8.36	-0.01	8	6688	卖盘
11:13:12	8.37	--	30	25109	买盘
11:13:09	8.37	--	2	1673	买盘
11:12:45	8.37	0.01	80	66960	买盘
11:12:42	8.36	-0.01	5	4180	中性盘
11:12:36	8.37	0.01	66	55241	买盘
11:12:33	8.36	--	26	21736	买盘
11:12:27	8.36	-0.01	22	18392	卖盘
11:12:21	8.37	--	1000	836999	买盘
11:12:00	8.37	0.01	40	33480	买盘
11:11:57	8.36	--	15	12540	卖盘
11:11:45	8.36	--	16	13376	卖盘
11:11:42	8.36	0.01	41	34276	买盘
11:11:39	8.35	-0.01	1	835	卖盘
11:11:27	8.36	0.01	100	83600	买盘
11:11:24	8.35	--	7	5845	卖盘
11:11:18	8.35	--	20	16700	买盘
11:11:15	8.35	0.01	150	125250	买盘
11:11:12	8.34	-0.01	3	2502	卖盘
11:11:09	8.35	--	20	16700	买盘
11:11:03	8.35	0.01	1	835	买盘
11:11:00	8.34	--	162	135108	卖盘
11:10:51	8.34	-0.01	10	8340	卖盘
11:10:45	8.35	--	18	15030	买盘
11:10:36	8.35	--	39	32565	买盘
11:10:15	8.35	--	8	6680	买盘
11:10:06	8.35	0.01	40	33400	买盘
11:10:03	8.34	-0.01	1	834	卖盘
11:10:00	8.35	--	26	21710	买盘
11:09:57	8.35	0.01	92	76820	买盘
11:09:54	8.34	--	110	91740	卖盘
11:09:45	8.34	--	100	83400	卖盘
11:09:39	8.34	-0.01	44	36696	卖盘
11:09:36	8.35	0.01	233	194555	买盘
11:09:30	8.34	--	1	834	卖盘
11:09:24	8.34	--	136	113424	卖盘
11:09:15	8.34	--	34	28356	卖盘
11:09:09	8.34	--	24	20016	卖盘
11:09:03	8.34	--	30	25020	卖盘
11:08:54	8.34	--	64	53376	卖盘
11:08:51	8.34	--	20	16680	卖盘
11:08:42	8.34	--	3	2502	卖盘
11:08:36	8.34	-0.01	100	83400	卖盘
11:08:33	8.35	--	10	8350	买盘
11:08:30	8.35	--	5	4175	买盘
11:08:03	8.35	0.01	35	29225	买盘
11:07:54	8.34	--	30	25020	卖盘
11:07:48	8.34	-0.01	34	28356	卖盘
11:07:30	8.35	--	69	57615	买盘
11:07:24	8.35	--	38	31730	买盘
11:07:18	8.35	--	75	62625	买盘
11:07:15	8.35	--	60	50100	买盘
11:07:09	8.35	--	300	250500	买盘
11:06:54	8.35	--	177	147795	卖盘
11:06:39	8.35	--	60	50100	卖盘
11:06:15	8.35	-0.01	1	835	卖盘
11:06:09	8.36	0.01	50	41800	买盘
11:06:06	8.35	--	10	8350	卖盘
11:06:00	8.35	--	6	5010	卖盘
11:05:57	8.35	-0.01	50	41750	卖盘
11:05:54	8.36	0.01	200	167200	买盘
11:05:51	8.35	-0.01	4	3340	卖盘
11:05:36	8.36	0.01	12	10032	买盘
11:05:30	8.35	-0.01	50	41750	卖盘
11:05:09	8.36	--	20	16720	买盘
11:05:06	8.36	--	8	6821	卖盘
11:05:03	8.36	--	3	2508	卖盘
11:04:54	8.36	--	10	8360	卖盘
11:04:51	8.36	--	87	72732	卖盘
11:04:48	8.36	--	7	5852	卖盘
11:04:39	8.36	--	216	180576	卖盘
11:04:36	8.36	--	6	5016	卖盘
11:04:33	8.36	--	50	41800	卖盘
11:04:27	8.36	--	27	22572	卖盘
11:04:06	8.36	-0.01	10	8360	卖盘
11:03:51	8.37	0.01	50	41849	买盘
11:03:48	8.36	0.01	276	231438	买盘
11:03:45	8.35	--	11	9185	卖盘
11:03:36	8.35	--	20	16700	卖盘
11:03:33	8.35	-0.01	5	4175	卖盘
11:03:18	8.36	0.01	68	56847	买盘
11:03:15	8.35	--	33	27555	卖盘
11:03:03	8.35	--	55	45925	买盘
11:03:00	8.35	0.01	5	4175	中性盘
11:02:54	8.34	-0.01	30	25020	卖盘
11:02:51	8.35	0.01	80	66933	买盘
11:02:42	8.34	-0.01	5	4170	卖盘
11:02:39	8.35	--	65	54275	买盘
11:02:21	8.35	--	316	264561	卖盘
11:02:18	8.35	--	12	10153	卖盘
11:02:12	8.35	--	30	25050	卖盘
11:02:09	8.35	--	158	131930	卖盘
11:02:03	8.35	-0.01	41	34235	卖盘
11:01:48	8.36	--	17	14345	卖盘
11:01:45	8.36	--	48	40830	卖盘
11:01:42	8.36	-0.01	1	836	卖盘
11:01:39	8.37	0.01	23	19251	买盘
11:01:33	8.36	--	20	16720	卖盘
11:01:27	8.36	0.01	175	146300	买盘
11:01:06	8.35	-0.01	10	8350	卖盘
11:00:54	8.36	-0.01	4	3344	卖盘
11:00:48	8.37	0.02	2	1673	买盘
11:00:45	8.35	-0.02	495	413325	卖盘
11:00:42	8.37	0.01	5	4185	买盘
11:00:30	8.36	--	9	7523	卖盘
11:00:12	8.36	--	40	33440	卖盘
11:00:03	8.36	-0.01	11	9196	卖盘
10:59:57	8.37	0.01	10	8370	买盘
10:59:54	8.36	--	1	836	卖盘
10:59:51	8.36	0.01	5	4180	中性盘
10:59:45	8.35	-0.02	30	25050	卖盘
10:59:36	8.37	0.02	501	419336	买盘
10:59:24	8.35	--	2	1670	卖盘
10:59:12	8.35	--	21	17535	卖盘
10:59:06	8.35	--	18	15030	卖盘
10:58:57	8.35	--	26	21710	卖盘
10:58:48	8.35	-0.01	3	2505	卖盘
10:58:36	8.36	0.01	1	836	买盘
10:58:30	8.35	-0.01	17	14195	卖盘
10:58:27	8.36	--	10	8360	买盘
10:58:24	8.36	--	34	28423	买盘
10:58:09	8.36	--	224	187264	卖盘
10:57:54	8.36	--	39	32603	卖盘
10:57:51	8.36	--	5	4180	卖盘
10:57:45	8.36	-0.01	13	10868	卖盘
10:57:42	8.37	0.01	30	25109	买盘
10:57:33	8.36	--	6	5016	卖盘
10:57:30	8.36	--	20	16720	卖盘
10:57:27	8.36	--	228	190608	卖盘
10:57:09	8.36	--	30	25080	卖盘
10:57:06	8.36	--	24	20064	卖盘
10:57:03	8.36	--	100	83600	卖盘
10:56:51	8.36	--	56	46816	卖盘
10:56:45	8.36	--	16	13376	卖盘
10:56:42	8.36	-0.01	10	8360	卖盘
10:56:27	8.37	--	5	4185	买盘
10:56:15	8.37	--	20	16740	买盘
10:56:09	8.37	--	74	61937	卖盘
10:56:03	8.37	-0.01	20	16740	卖盘
10:56:00	8.38	0.01	56	46928	买盘
10:55:51	8.37	-0.01	4	3347	卖盘
10:55:39	8.38	0.01	20	16760	买盘
10:55:21	8.37	--	2	1673	卖盘
10:55:09	8.37	-0.01	4	3347	卖盘
10:55:06	8.38	0.01	30	25140	买盘
10:55:00	8.37	-0.01	17	14228	卖盘
10:54:51	8.38	--	52	43576	买盘
10:54:48	8.38	0.01	10	8380	买盘
10:54:45	8.37	-0.01	1	836	卖盘
10:54:42	8.38	0.01	20	16760	买盘
10:54:30	8.37	0.01	1	836	买盘
10:54:27	8.36	-0.03	10	8360	卖盘
10:54:18	8.39	0.02	338	283582	买盘
10:54:15	8.37	0.01	4	3347	买盘
10:54:12	8.36	-0.01	60	50160	卖盘
10:54:00	8.37	--	2	1673	买盘
10:53:54	8.37	--	38	31805	卖盘
10:53:48	8.37	-0.01	50	41849	卖盘
10:53:39	8.38	--	20	16760	买盘
10:53:33	8.38	--	1	838	买盘
10:53:30	8.38	0.01	20	16760	买盘
10:53:24	8.37	-0.01	8	6695	卖盘
10:53:18	8.38	0.01	20	16760	买盘
10:53:15	8.37	-0.01	1	836	卖盘
10:53:03	8.38	--	10	8380	买盘
10:52:54	8.38	--	28	23464	卖盘
10:52:45	8.38	--	13	10894	卖盘
10:52:42	8.38	--	7	5866	卖盘
10:52:33	8.38	0.01	403	337714	买盘
10:52:27	8.37	-0.01	114	95417	卖盘
10:52:18	8.38	--	10	8380	买盘
10:52:12	8.38	--	7	5866	买盘
10:52:09	8.38	0.02	67	56146	买盘
10:52:03	8.36	--	93	77748	卖盘
10:52:00	8.36	--	189	158681	买盘
10:51:48	8.36	--	7	5852	卖盘
10:51:45	8.36	0.01	50	41800	买盘
10:51:39	8.35	-0.01	164	136940	卖盘
10:51:36	8.36	0.01	513	428867	买盘
10:51:27	8.35	--	6	5177	卖盘
10:51:24	8.35	--	6	5010	卖盘
10:51:21	8.35	-0.01	20	16700	卖盘
10:51:18	8.36	0.01	6	5016	买盘
10:51:15	8.35	-0.01	16	14028	卖盘
10:51:09	8.36	--	499	417164	买盘
10:50:51	8.36	--	141	117875	卖盘
10:50:48	8.36	-0.01	519	433883	卖盘
10:50:42	8.37	-0.01	5	4185	卖盘
10:50:30	8.38	--	14	11732	卖盘
10:50:24	8.38	--	20	16760	卖盘
10:50:18	8.38	--	2	1676	卖盘
10:50:15	8.38	--	50	41900	卖盘
10:50:12	8.38	--	6	5028	卖盘
10:49:51	8.38	-0.01	15	12570	卖盘
10:49:45	8.39	0.01	10	8390	买盘
10:49:42	8.38	-0.01	10	8380	卖盘
10:49:39	8.39	--	10	8390	买盘
10:49:36	8.39	0.01	34	28526	买盘
10:49:33	8.38	--	19	15922	卖盘
10:49:27	8.38	-0.01	12	10056	卖盘
10:49:15	8.39	--	280	234920	买盘
10:49:09	8.39	0.01	10	8390	买盘
10:49:06	8.38	--	18	15084	卖盘
10:48:51	8.38	-0.01	85	71230	卖盘
10:48:45	8.39	0.01	160	134240	买盘
10:48:33	8.38	--	51	42738	卖盘
10:48:27	8.38	0.01	113	94694	中性盘
10:48:24	8.37	-0.01	267	223478	卖盘
10:48:21	8.38	--	8	6704	卖盘
10:48:18	8.38	--	14	11732	卖盘
10:48:15	8.38	--	24	20112	买盘
10:48:12	8.38	--	1	838	买盘
10:48:09	8.38	0.01	5	4190	买盘
10:48:03	8.37	--	32	26783	卖盘
10:47:57	8.37	-0.01	25	20924	卖盘
10:47:51	8.38	--	18	15084	买盘
10:47:48	8.38	--	24	20112	卖盘
10:47:42	8.38	--	16	13408	买盘
10:47:33	8.38	-0.01	1	838	买盘
10:47:30	8.39	--	12	10068	买盘
10:47:24	8.39	0.01	104	87256	买盘
10:47:21	8.38	-0.01	51	42738	卖盘
10:47:18	8.39	0.01	11	9229	买盘
10:47:15	8.38	-0.01	16	13408	卖盘
10:47:12	8.39	0.01	89	74671	买盘
10:47:06	8.38	-0.01	11	9218	买盘
10:46:57	8.39	0.01	30	25170	买盘
10:46:54	8.38	--	19	15922	卖盘
10:46:42	8.38	--	29	24302	买盘
10:46:36	8.38	-0.01	11	9218	中性盘
10:46:33	8.39	0.01	57	47823	买盘
10:46:27	8.38	--	16	13408	买盘
10:46:24	8.38	-0.01	4	3352	中性盘
10:46:21	8.39	0.01	127	106553	买盘
10:46:18	8.38	--	17	14246	卖盘
10:46:12	8.38	--	9	7542	卖盘
10:46:09	8.38	--	15	12570	卖盘
10:46:00	8.38	--	9	7542	卖盘
10:45:54	8.38	--	20	16760	卖盘
10:45:51	8.38	--	23	19274	卖盘
10:45:48	8.38	--	4	3352	卖盘
10:45:45	8.38	--	4	3352	卖盘
10:45:36	8.38	-0.01	52	43576	卖盘
10:45:24	8.39	0.01	10	8390	买盘
10:45:21	8.38	0.01	142	118996	中性盘
10:45:15	8.37	-0.02	10	8370	卖盘
10:45:09	8.39	--	14	11746	买盘
10:45:06	8.39	--	120	100680	买盘
10:44:51	8.39	0.01	239	200521	买盘
10:44:45	8.38	-0.01	19	15922	卖盘
10:44:36	8.39	0.01	4	3356	买盘
10:44:33	8.38	-0.01	28	23464	卖盘
10:44:24	8.39	0.01	70	58730	买盘
10:44:21	8.38	-0.01	20	16760	卖盘
10:44:18	8.39	--	4	3356	买盘
10:44:15	8.39	--	20	16780	买盘
10:44:09	8.39	--	68	57052	买盘
10:43:57	8.39	0.01	90	75510	买盘
10:43:54	8.38	--	10	8380	卖盘
10:43:51	8.38	-0.01	29	24302	卖盘
10:43:48	8.39	0.01	79	66281	买盘
10:43:45	8.38	--	7	5866	卖盘
10:43:39	8.38	--	15	12570	卖盘
10:43:33	8.38	--	44	36872	买盘
10:43:30	8.38	--	58	48604	买盘
10:43:27	8.38	--	25	20950	买盘
10:43:21	8.38	--	20	16760	买盘
10:43:12	8.38	--	59	49442	卖盘
10:42:57	8.38	--	20	16760	卖盘
10:42:54	8.38	0.02	31	25978	买盘
10:42:42	8.36	-0.01	7	5852	卖盘
10:42:30	8.37	--	3345	2799764	卖盘
10:42:27	8.37	--	16	13391	卖盘
10:42:24	8.37	--	60	50219	卖盘
10:42:12	8.37	--	1	836	卖盘
10:42:09	8.37	--	72	60263	卖盘
10:42:06	8.37	--	13	10880	卖盘
10:42:03	8.37	--	50	41849	卖盘
10:42:00	8.37	--	10	8370	卖盘
10:41:57	8.37	--	6	5021	卖盘
10:41:54	8.37	--	3	2510	卖盘
10:41:51	8.37	--	6	5021	卖盘
10:41:48	8.37	--	30	25109	卖盘
10:41:45	8.37	--	5	4185	卖盘
10:41:39	8.37	--	20	16740	卖盘
10:41:36	8.37	--	9	7532	卖盘
10:41:30	8.37	--	20	16740	卖盘
10:41:27	8.37	--	90	75330	卖盘
10:41:24	8.37	--	15	12554	卖盘
10:41:21	8.37	--	200	167399	卖盘
10:41:15	8.37	-0.01	7	5858	卖盘
10:41:09	8.38	--	10	8380	买盘
10:41:03	8.38	--	20	16760	买盘
10:41:00	8.38	0.01	10	8380	买盘
10:40:57	8.37	--	10	8370	卖盘
10:40:51	8.37	-0.01	5	4185	卖盘
10:40:45	8.38	--	6	5028	买盘
10:40:42	8.38	--	10	8380	买盘
10:40:39	8.38	0.01	1	838	买盘
10:40:36	8.37	-0.01	5	4185	卖盘
10:40:24	8.38	--	10	8380	买盘
10:40:21	8.38	0.01	8	6704	买盘
10:40:18	8.37	--	3	2510	卖盘
10:40:15	8.37	-0.01	20	16740	卖盘
10:40:12	8.38	0.01	1	838	买盘
10:40:09	8.37	--	10	8370	卖盘
10:40:06	8.37	--	112	93743	卖盘
10:40:03	8.37	--	2	1673	卖盘
10:39:57	8.37	-0.01	10	8370	卖盘
10:39:54	8.38	0.01	10	8380	买盘
10:39:39	8.37	-0.01	30	25109	卖盘
10:39:33	8.38	--	6	5028	买盘
10:39:24	8.38	0.01	37	31006	买盘
10:39:21	8.37	-0.01	330	276210	卖盘
10:39:18	8.38	--	13	10894	买盘
10:39:09	8.38	0.01	10	8380	买盘
10:38:54	8.37	-0.01	4	3347	卖盘
10:38:51	8.38	0.01	12	10056	买盘
10:38:42	8.37	--	87	72819	买盘
10:38:24	8.37	--	34	28457	买盘
10:38:12	8.37	0.01	70	58589	买盘
10:38:09	8.36	--	11	9196	卖盘
10:38:06	8.36	--	60	50160	卖盘
10:38:00	8.36	--	59	49324	卖盘
10:37:57	8.36	0.01	3	2508	买盘
10:37:54	8.35	-0.01	20	16700	卖盘
10:37:45	8.36	--	9	7523	买盘
10:37:42	8.36	0.01	4	3344	中性盘
10:37:33	8.35	-0.01	343	286405	卖盘
10:37:30	8.36	0.01	84	70224	买盘
10:37:27	8.35	-0.01	34	28390	卖盘
10:37:21	8.36	0.01	696	581856	买盘
10:37:06	8.35	--	10	8350	卖盘
10:37:03	8.35	-0.01	10	8350	中性盘
10:36:57	8.36	0.02	1	836	买盘
10:36:54	8.34	-0.02	66	55044	卖盘
10:36:48	8.36	--	9	7523	买盘
10:36:45	8.36	--	3	2508	卖盘
10:36:39	8.36	0.02	92	76912	买盘
10:36:33	8.34	-0.02	148	123432	卖盘
10:36:30	8.36	--	30	25080	卖盘
10:36:24	8.36	0.01	15	12540	中性盘
10:36:09	8.35	-0.01	251	209585	卖盘
10:36:06	8.36	-0.01	40	33440	卖盘
10:36:03	8.37	0.02	27	22598	买盘
10:35:57	8.35	-0.02	56	46760	卖盘
10:35:54	8.37	0.01	500	418499	买盘
10:35:48	8.36	--	10	8360	买盘
10:35:45	8.36	--	25	20900	卖盘
10:35:42	8.36	-0.01	60	50160	卖盘
10:35:39	8.37	0.01	1	836	买盘
10:35:36	8.36	--	10	8360	卖盘
10:35:33	8.36	-0.01	40	33440	卖盘
10:35:30	8.37	0.01	34	28457	买盘
10:35:27	8.36	--	30	25080	卖盘
10:35:24	8.36	--	6	5016	卖盘
10:35:15	8.36	0.01	160	133760	买盘
10:35:09	8.35	-0.01	3	2505	卖盘
10:35:06	8.36	--	24	20064	卖盘
10:35:00	8.36	--	6	5016	卖盘
10:34:57	8.36	--	82	68552	买盘
10:34:51	8.36	0.01	1	836	买盘
10:34:48	8.35	--	87	72645	卖盘
10:34:42	8.35	--	4	3340	卖盘
10:34:39	8.35	--	105	87675	卖盘
10:34:36	8.35	--	56	46760	卖盘
10:34:33	8.35	--	44	36740	卖盘
10:34:27	8.35	--	26	21710	卖盘
10:34:18	8.35	--	65	54275	买盘
10:34:15	8.35	--	52	43420	卖盘
10:34:06	8.35	--	10	8350	卖盘
10:33:57	8.35	--	20	16700	卖盘
10:33:45	8.35	0.01	65	54275	买盘
10:33:42	8.34	-0.01	120	100080	卖盘
10:33:36	8.35	0.01	35	29225	买盘
10:33:27	8.34	--	342	285778	买盘
10:33:24	8.34	0.01	14	11676	买盘
10:33:18	8.33	--	111	92463	卖盘
10:33:12	8.33	--	5	4165	卖盘
10:33:09	8.33	--	1	833	卖盘
10:33:06	8.33	--	54	44982	卖盘
10:33:03	8.33	--	45	37485	卖盘
10:33:00	8.33	--	10	8330	卖盘
10:32:57	8.33	-0.01	28	23324	卖盘
10:32:54	8.34	0.01	13	10842	买盘
10:32:48	8.33	--	106	88298	卖盘
10:32:45	8.33	-0.01	29	24157	中性盘
10:32:39	8.34	--	42	35028	买盘
10:32:36	8.34	0.02	81	67554	买盘
10:32:33	8.32	--	111	92352	卖盘
10:32:24	8.32	-0.01	139	115648	卖盘
10:32:18	8.33	--	140	116620	卖盘
10:32:15	8.33	--	20	16660	卖盘
10:32:12	8.33	--	47	39151	卖盘
10:32:06	8.33	-0.01	158	131614	卖盘
10:32:00	8.34	--	225	187933	卖盘
10:31:57	8.34	-0.01	5	4170	卖盘
10:31:54	8.35	0.01	189	157815	买盘
10:31:51	8.34	-0.01	14	11676	卖盘
10:31:48	8.35	0.01	23	19205	买盘
10:31:45	8.34	-0.01	3	2502	卖盘
10:31:42	8.35	--	30	25050	买盘
10:31:39	8.35	--	134	112441	买盘
10:31:36	8.35	--	22	18370	买盘
10:31:27	8.35	--	100	83500	买盘
10:31:21	8.35	-0.01	44	36740	卖盘
10:31:12	8.36	--	2	1672	买盘
10:31:09	8.36	0.01	129	107843	买盘
10:31:06	8.35	--	25	20875	卖盘
10:31:00	8.35	--	41	34235	卖盘
10:30:57	8.35	--	18	15030	卖盘
10:30:54	8.35	--	33	27555	卖盘
10:30:48	8.35	--	1	835	卖盘
10:30:42	8.35	--	10	8350	卖盘
10:30:39	8.35	--	11	9185	卖盘
10:30:30	8.35	--	2	1670	卖盘
10:30:24	8.35	-0.01	5	4175	卖盘
10:30:21	8.36	--	16	13376	买盘
10:30:15	8.36	0.01	40	33440	买盘
10:30:09	8.35	--	75	62625	卖盘
10:30:06	8.35	-0.01	3	2505	卖盘
10:30:00	8.36	--	16	13376	买盘
10:29:45	8.36	--	22	18392	卖盘
10:29:36	8.36	--	17	14211	卖盘
10:29:33	8.36	--	160	133760	卖盘
10:29:30	8.36	--	17	14211	卖盘
10:29:21	8.36	--	310	259159	卖盘
10:29:18	8.36	--	20	16720	卖盘
10:29:15	8.36	-0.01	20	16720	卖盘
10:29:12	8.37	0.01	9	7532	买盘
10:29:09	8.36	--	15	12540	卖盘
10:29:03	8.36	-0.01	30	25080	卖盘
10:28:51	8.37	--	48	40175	卖盘
10:28:42	8.37	-0.01	11	9207	中性盘
10:28:33	8.38	0.01	29	24302	买盘
10:28:30	8.37	--	21	17577	卖盘
10:28:27	8.37	-0.01	60	50219	卖盘
10:28:21	8.38	0.01	60	50280	买盘
10:28:15	8.37	-0.01	20	16740	卖盘
10:28:09	8.38	--	32	26816	买盘
10:28:06	8.38	--	139	116482	卖盘
10:28:03	8.38	--	40	33520	卖盘
10:28:00	8.38	--	363	304194	买盘
10:27:57	8.38	0.01	5	4190	买盘
10:27:45	8.37	--	24	20087	买盘
10:27:42	8.37	-0.01	12	10043	卖盘
10:27:36	8.38	--	5	4190	买盘
10:27:30	8.38	--	30	25140	买盘
10:27:24	8.38	--	5	4190	买盘
10:27:18	8.38	--	202	169276	买盘
10:27:15	8.38	--	2	1676	买盘
10:27:09	8.38	0.01	74	62012	买盘
10:27:06	8.37	--	1	836	卖盘
10:27:03	8.37	-0.01	23	19251	卖盘
10:27:00	8.38	0.01	20	16760	买盘
10:26:57	8.37	--	3	2510	卖盘
10:26:54	8.37	--	60	50219	卖盘
10:26:51	8.37	--	114	95417	买盘
10:26:48	8.37	--	7	5858	买盘
10:26:45	8.37	--	111	92906	卖盘
10:26:42	8.37	--	70	58589	买盘
10:26:36	8.37	0.01	100	83699	买盘
10:26:33	8.36	--	18	15047	卖盘
10:26:30	8.36	--	9	7523	卖盘
10:26:27	8.36	-0.01	10	8360	卖盘
10:26:21	8.37	--	11	9207	买盘
10:26:18	8.37	--	50	41849	买盘
10:26:09	8.37	--	100	83699	买盘
10:26:03	8.37	--	1	836	买盘
10:25:57	8.37	--	123	102950	卖盘
10:25:51	8.37	0.01	10	8370	中性盘
10:25:39	8.36	-0.01	20	16720	卖盘
10:25:33	8.37	--	68	56915	买盘
10:25:27	8.37	0.01	23	19251	买盘
10:25:21	8.36	--	227	189772	买盘
10:25:18	8.36	-0.01	5	4180	卖盘
10:25:15	8.37	0.01	13	10880	买盘
10:25:06	8.36	--	559	467323	买盘
10:25:00	8.36	0.01	65	54339	买盘
10:24:57	8.35	-0.01	10	8350	卖盘
10:24:54	8.36	--	10	8360	买盘
10:24:51	8.36	--	273	228227	买盘
10:24:48	8.36	0.01	10	8360	买盘
10:24:45	8.35	-0.01	2	1670	卖盘
10:24:42	8.36	0.01	13	10868	买盘
10:24:33	8.35	--	18	15030	买盘
10:24:27	8.35	-0.01	132	110220	卖盘
10:24:15	8.36	0.01	52	43472	买盘
10:24:09	8.35	--	70	58450	卖盘
10:24:03	8.35	--	55	45925	卖盘
10:24:00	8.35	0.01	110	91850	买盘
10:23:51	8.34	--	63	52542	卖盘
10:23:48	8.34	--	21	17514	买盘
10:23:45	8.34	0.01	6	5004	买盘
10:23:42	8.33	--	65	54145	卖盘
10:23:39	8.33	-0.01	12	9996	卖盘
10:23:33	8.34	0.01	30	25020	买盘
10:23:30	8.33	--	105	87465	卖盘
10:23:27	8.33	-0.01	150	124950	卖盘
10:23:21	8.34	--	310	258540	买盘
10:23:12	8.34	--	5	4170	买盘
10:23:06	8.34	--	122	101748	卖盘
10:22:57	8.34	--	14	11676	卖盘
10:22:51	8.34	-0.01	38	31692	卖盘
10:22:48	8.35	0.01	2	1670	买盘
10:22:42	8.34	--	10	8340	卖盘
10:22:39	8.34	--	11	9174	卖盘
10:22:30	8.34	--	85	70890	买盘
10:22:27	8.34	--	1	834	买盘
10:22:24	8.34	--	12	10008	买盘
10:22:21	8.34	--	2	1668	买盘
10:22:18	8.34	--	16	13344	买盘
10:22:12	8.34	0.01	58	48372	买盘
10:22:09	8.33	-0.01	39	32487	卖盘
10:22:03	8.34	--	1	834	买盘
10:21:57	8.34	--	10	8340	买盘
10:21:54	8.34	--	20	16680	买盘
10:21:51	8.34	0.01	5	4170	买盘
10:21:48	8.33	--	14	11662	卖盘
10:21:45	8.33	-0.01	95	79135	卖盘
10:21:42	8.34	0.01	50	41700	买盘
10:21:36	8.33	--	90	74970	卖盘
10:21:30	8.33	-0.01	19	15827	卖盘
10:21:27	8.34	0.01	10	8340	买盘
10:21:24	8.33	-0.01	2	1666	卖盘
10:21:21	8.34	--	5	4170	买盘
10:21:18	8.34	-0.01	222	185148	卖盘
10:21:12	8.35	--	271	226285	买盘
10:21:09	8.35	0.01	8	6680	买盘
10:21:06	8.34	--	9	7506	卖盘
10:21:03	8.34	-0.01	20	16680	卖盘
10:21:00	8.35	--	36	30060	买盘
10:20:48	8.35	0.01	26	21710	买盘
10:20:39	8.34	--	10	8340	卖盘
10:20:36	8.34	--	12	10008	卖盘
10:20:33	8.34	--	7	5838	卖盘
10:20:30	8.34	--	10	8340	卖盘
10:20:27	8.34	--	2	1668	卖盘
10:20:24	8.34	--	7	5838	卖盘
10:20:18	8.34	--	10	8340	卖盘
10:20:12	8.34	--	114	95076	买盘
10:20:09	8.34	0.01	20	16680	买盘
10:20:06	8.33	--	41	34153	卖盘
10:20:03	8.33	-0.01	12	9996	卖盘
10:20:00	8.34	--	3	2502	买盘
10:19:45	8.34	--	11	9174	买盘
10:19:42	8.34	0.01	100	83400	买盘
10:19:39	8.33	-0.01	52	43316	卖盘
10:19:36	8.34	--	76	63384	买盘
10:19:33	8.34	--	66	55044	买盘
10:19:27	8.34	0.01	11	9174	买盘
10:19:21	8.33	0.01	12	9996	卖盘
10:19:18	8.32	-0.02	31	25792	卖盘
10:19:15	8.34	0.02	79	65886	买盘
10:19:12	8.32	--	48	39936	卖盘
10:19:06	8.32	-0.01	172	143104	卖盘
10:19:03	8.33	0.01	34	28322	买盘
10:19:00	8.32	--	1	832	卖盘
10:18:57	8.32	-0.01	11	9152	卖盘
10:18:54	8.33	0.01	50	41650	买盘
10:18:51	8.32	-0.01	21	17472	卖盘
10:18:48	8.33	--	6	4998	买盘
10:18:42	8.33	--	60	49980	卖盘
10:18:39	8.33	--	61	50813	卖盘
10:18:33	8.33	-0.01	18	14994	卖盘
10:18:27	8.34	0.01	17	14178	买盘
10:18:24	8.33	-0.01	18	14994	卖盘
10:18:21	8.34	--	36	30024	卖盘
10:18:18	8.34	--	120	100080	卖盘
10:18:15	8.34	--	11	9174	卖盘
10:18:12	8.34	-0.01	168	140112	卖盘
10:18:09	8.35	--	10	8350	买盘
10:18:03	8.35	--	22	18370	买盘
10:18:00	8.35	--	59	49265	卖盘
10:17:57	8.35	--	88	73480	卖盘
10:17:54	8.35	-0.01	145	121075	卖盘
10:17:48	8.36	--	12	10032	买盘
10:17:45	8.36	0.01	58	48488	买盘
10:17:42	8.35	-0.01	62	51770	卖盘
10:17:39	8.36	--	51	42636	卖盘
10:17:36	8.36	--	20	16720	卖盘
10:17:33	8.36	--	102	85272	卖盘
10:17:24	8.36	--	20	16720	卖盘
10:17:15	8.36	--	61	50996	卖盘
10:17:12	8.36	-0.01	33	27587	卖盘
10:17:09	8.37	0.01	3	2510	买盘
10:17:03	8.36	--	2	1672	卖盘
10:17:00	8.36	-0.01	401	335236	卖盘
10:16:57	8.37	--	10	8370	卖盘
10:16:51	8.37	--	38	31805	卖盘
10:16:48	8.37	--	200	167399	卖盘
10:16:45	8.37	--	20	16740	卖盘
10:16:39	8.37	--	41	34317	卖盘
10:16:30	8.37	--	3	2510	卖盘
10:16:27	8.37	--	115	96254	卖盘
10:16:24	8.37	--	31	25946	卖盘
10:16:21	8.37	-0.01	3	2510	卖盘
10:16:18	8.38	0.02	10	8380	买盘
10:16:12	8.36	-0.01	15	12540	卖盘
10:16:09	8.37	--	17	14228	卖盘
10:16:06	8.37	--	85	71145	买盘
10:16:03	8.37	0.01	25	20924	买盘
10:15:57	8.36	--	2	1672	卖盘
10:15:48	8.36	-0.01	5	4180	卖盘
10:15:45	8.37	--	9	7532	买盘
10:15:42	8.37	--	20	16740	买盘
10:15:36	8.37	-0.01	108	90395	卖盘
10:15:33	8.38	--	34	28492	买盘
10:15:21	8.38	0.01	15	12570	买盘
10:15:15	8.37	--	101	84536	卖盘
10:15:12	8.37	--	66	55241	卖盘
10:15:09	8.37	--	7	5858	卖盘
10:15:03	8.37	0.01	27	22598	买盘
10:14:57	8.36	--	6	5016	卖盘
10:14:54	8.36	--	19	15883	买盘
10:14:45	8.36	--	9	7523	卖盘
10:14:42	8.36	--	11	9196	卖盘
10:14:33	8.36	0.01	30	25080	买盘
10:14:15	8.35	-0.01	25	20875	卖盘
10:14:09	8.36	-0.01	194	162184	卖盘
10:14:06	8.37	0.01	100	83699	买盘
10:13:57	8.36	-0.01	100	83600	卖盘
10:13:48	8.37	-0.01	164	137268	卖盘
10:13:45	8.38	0.01	2	1676	买盘
10:13:36	8.37	--	10	8370	卖盘
10:13:33	8.37	-0.01	21	17577	卖盘
10:13:30	8.38	0.01	12	10056	买盘
10:13:27	8.37	-0.01	14	11717	卖盘
10:13:24	8.38	--	30	25140	买盘
10:13:21	8.38	0.01	1	838	买盘
10:13:18	8.37	-0.01	222	185813	卖盘
10:13:15	8.38	--	18	15084	买盘
10:13:12	8.38	--	64	53632	买盘
10:13:09	8.38	--	77	64526	买盘
10:12:57	8.38	0.01	20	16760	买盘
10:12:54	8.37	--	1	836	卖盘
10:12:48	8.37	-0.01	4	3347	卖盘
10:12:45	8.38	0.01	15	12570	买盘
10:12:39	8.37	--	219	183302	卖盘
10:12:33	8.37	--	53	44360	买盘
10:12:30	8.37	0.01	4	3347	买盘
10:12:24	8.36	--	4	3486	卖盘
10:12:21	8.36	-0.01	72	60191	卖盘
10:12:15	8.37	0.01	16	13601	买盘
10:12:12	8.36	-0.02	46	38456	卖盘
10:12:09	8.38	0.02	31	25978	买盘
10:12:03	8.36	-0.02	15	12540	卖盘
10:12:00	8.38	0.01	48	40224	买盘
10:11:57	8.37	--	26	22456	卖盘
10:11:54	8.37	--	60	50219	卖盘
10:11:51	8.37	0.01	15	13182	中性盘
10:11:45	8.36	-0.02	70	58519	卖盘
10:11:42	8.38	0.01	86	72068	买盘
10:11:39	8.37	--	51	42686	卖盘
10:11:36	8.37	--	40	33480	卖盘
10:11:30	8.37	--	30	25109	卖盘
10:11:27	8.37	-0.01	5	4185	卖盘
10:11:21	8.38	--	29	24302	买盘
10:11:18	8.38	--	187	156706	买盘
10:11:15	8.38	--	135	113130	买盘
10:11:12	8.38	--	108	90504	卖盘
10:11:09	8.38	--	35	29330	卖盘
10:11:06	8.38	-0.01	60	50280	卖盘
10:11:03	8.39	0.01	1	839	买盘
10:11:00	8.38	-0.01	202	169276	卖盘
10:10:57	8.39	--	20	16780	买盘
10:10:54	8.39	0.01	136	114104	买盘
10:10:51	8.38	--	22	18436	卖盘
10:10:48	8.38	--	33	27654	卖盘
10:10:45	8.38	--	155	129890	买盘
10:10:42	8.38	0.01	83	69554	买盘
10:10:39	8.37	-0.01	61	51056	卖盘
10:10:36	8.38	0.01	22	18436	买盘
10:10:30	8.37	--	187	156518	买盘
10:10:27	8.37	--	310	259469	买盘
10:10:24	8.37	--	13	10880	买盘
10:10:21	8.37	-0.01	220	184139	卖盘
10:10:18	8.38	--	163	136594	买盘
10:10:15	8.38	--	1	838	买盘
10:10:12	8.38	--	104	87152	买盘
10:10:09	8.38	--	174	145812	卖盘
10:10:06	8.38	0.01	191	160058	买盘
10:10:03	8.37	-0.01	10	8370	卖盘
10:10:00	8.38	--	119	99722	买盘
10:09:57	8.38	--	53	44414	买盘
10:09:54	8.38	0.01	28	23464	买盘
10:09:51	8.37	-0.01	58	48545	卖盘
10:09:48	8.38	--	66	55308	买盘
10:09:45	8.38	--	10	8380	买盘
10:09:42	8.38	-0.01	25	20950	中性盘
10:09:39	8.39	--	46	38594	买盘
10:09:36	8.39	0.01	25	20975	买盘
10:09:33	8.38	-0.01	194	163141	卖盘
10:09:30	8.39	-0.01	105	88095	卖盘
10:09:27	8.4	--	67	56280	买盘
10:09:21	8.4	--	100	84000	买盘
10:09:18	8.4	--	31	26040	买盘
10:09:15	8.4	-0.02	26	21840	卖盘
10:09:09	8.42	0.01	621	522882	买盘
10:09:06	8.41	0.01	71	59711	买盘
10:09:03	8.4	--	120	100800	卖盘
10:09:00	8.4	0.01	573	481588	买盘
10:08:57	8.39	--	52	43628	买盘
10:08:54	8.39	0.01	44	36916	买盘
10:08:51	8.38	0.01	224	187712	买盘
10:08:48	8.37	-0.01	5	4185	卖盘
10:08:45	8.38	0.01	10	8380	买盘
10:08:42	8.37	--	148	123875	买盘
10:08:33	8.37	0.01	170	142290	买盘
10:08:30	8.36	--	20	16720	买盘
10:08:27	8.36	0.01	131	109515	买盘
10:08:24	8.35	--	205	171792	卖盘
10:08:21	8.35	--	192	160320	买盘
10:08:18	8.35	--	54	45090	买盘
10:08:15	8.35	--	9	7515	买盘
10:08:12	8.35	0.01	10	8350	买盘
10:08:09	8.34	-0.01	127	105918	卖盘
10:08:06	8.35	0.01	137	114395	买盘
10:08:03	8.34	--	72	60048	卖盘
10:07:57	8.34	-0.01	4	3336	卖盘
10:07:54	8.35	0.02	250	208750	买盘
10:07:48	8.33	--	105	87465	买盘
10:07:45	8.33	--	12	9996	买盘
10:07:42	8.33	--	110	91630	买盘
10:07:39	8.33	0.01	58	48314	买盘
10:07:30	8.32	--	461	383552	买盘
10:07:27	8.32	--	50	41600	买盘
10:07:24	8.32	--	250	208000	买盘
10:07:18	8.32	--	150	124800	买盘
10:07:15	8.32	--	1000	832000	买盘
10:07:09	8.32	--	200	166400	买盘
10:07:06	8.32	--	50	41600	买盘
10:07:03	8.32	0.01	20	16640	买盘
10:06:57	8.31	--	3	2493	卖盘
10:06:54	8.31	--	1	831	卖盘
10:06:51	8.31	-0.01	1	831	卖盘
10:06:48	8.32	0.01	310	257920	买盘
10:06:45	8.31	-0.01	107	88917	卖盘
10:06:36	8.32	0.01	59	49088	买盘
10:06:30	8.31	--	12	9972	卖盘
10:06:24	8.31	--	31	25761	卖盘
10:06:18	8.31	--	126	104706	卖盘
10:06:12	8.31	--	12	9972	卖盘
10:06:03	8.31	-0.01	1	831	卖盘
10:05:57	8.32	0.01	21	17472	买盘
10:05:51	8.31	--	67	55677	卖盘
10:05:48	8.31	--	3	2493	卖盘
10:05:45	8.31	--	277	230187	卖盘
10:05:42	8.31	-0.01	20	16620	卖盘
10:05:39	8.32	0.01	20	16640	买盘
10:05:33	8.31	-0.01	15	12465	卖盘
10:05:30	8.32	0.01	10	8320	买盘
10:05:24	8.31	-0.01	12	9972	卖盘
10:05:18	8.32	0.01	30	24960	买盘
10:05:09	8.31	--	281	233511	卖盘
10:05:06	8.31	--	369	307420	买盘
10:05:03	8.31	0.01	150	124650	买盘
10:04:54	8.3	--	31	25730	卖盘
10:04:51	8.3	--	28	23240	卖盘
10:04:48	8.3	--	60	49800	卖盘
10:04:39	8.3	-0.01	52	43160	卖盘
10:04:36	8.31	0.01	283	235173	买盘
10:04:33	8.3	--	14	11620	卖盘
10:04:30	8.3	-0.01	51	42330	卖盘
10:04:21	8.31	--	20	16620	买盘
10:04:18	8.31	0.01	63	52353	买盘
10:04:15	8.3	--	32	26560	卖盘
10:04:12	8.3	--	48	39840	卖盘
10:04:09	8.3	--	10	8300	卖盘
10:04:06	8.3	--	8	6640	卖盘
10:04:00	8.3	0.01	84	69720	卖盘
10:03:51	8.29	-0.02	444	368075	卖盘
10:03:48	8.31	0.01	109	90579	买盘
10:03:45	8.3	--	10	8300	卖盘
10:03:42	8.3	--	58	48140	卖盘
10:03:36	8.3	-0.01	4	3320	中性盘
10:03:27	8.31	0.01	15	12465	买盘
10:03:24	8.3	-0.01	36	29880	卖盘
10:03:21	8.31	0.01	15	12465	买盘
10:03:18	8.3	--	170	141100	卖盘
10:03:12	8.3	--	57	47310	卖盘
10:03:09	8.3	--	5	4150	卖盘
10:03:06	8.3	-0.01	5	4150	中性盘
10:03:00	8.31	0.02	17	14127	买盘
10:02:57	8.29	-0.01	85	70465	卖盘
10:02:54	8.3	--	15	12450	卖盘
10:02:42	8.3	-0.01	110	91300	中性盘
10:02:36	8.31	0.01	55	45705	买盘
10:02:33	8.3	--	32	26560	买盘
10:02:21	8.3	-0.01	319	264770	卖盘
10:02:15	8.31	0.01	150	124650	买盘
10:02:12	8.3	--	152	126160	卖盘
10:02:03	8.3	--	32	26560	卖盘
10:02:00	8.3	--	39	32370	卖盘
10:01:54	8.3	--	35	29050	卖盘
10:01:51	8.3	--	29	24070	卖盘
10:01:48	8.3	--	155	128650	卖盘
10:01:39	8.3	-0.01	64	53120	卖盘
10:01:36	8.31	0.01	43	35733	买盘
10:01:33	8.3	--	152	126160	卖盘
10:01:27	8.3	--	154	127820	卖盘
10:01:24	8.3	--	25	20750	卖盘
10:01:21	8.3	--	3	2490	卖盘
10:01:18	8.3	--	10	8300	卖盘
10:01:12	8.3	--	10	8300	卖盘
10:01:09	8.3	--	20	16600	卖盘
10:01:06	8.3	--	601	498830	卖盘
10:00:54	8.3	--	53	43990	卖盘
10:00:51	8.3	--	1	830	卖盘
10:00:48	8.3	--	15	12450	卖盘
10:00:45	8.3	-0.01	25	20750	卖盘
10:00:42	8.31	--	165	137115	买盘
10:00:36	8.31	0.01	12	9972	买盘
10:00:33	8.3	-0.01	6	4980	卖盘
10:00:27	8.31	0.01	27	22437	买盘
10:00:21	8.3	--	14	11620	卖盘
10:00:18	8.3	-0.01	1	830	卖盘
10:00:15	8.31	--	3	2493	买盘
10:00:12	8.31	0.01	119	98889	买盘
10:00:09	8.3	--	9	7470	卖盘
10:00:06	8.3	-0.01	2	1660	卖盘
10:00:03	8.31	--	40	33240	买盘
10:00:00	8.31	--	275	228574	卖盘
09:59:57	8.31	--	100	83100	卖盘
09:59:54	8.31	--	52	43959	卖盘
09:59:42	8.31	--	25	20775	卖盘
09:59:39	8.31	--	102	84762	卖盘
09:59:36	8.31	--	26	21606	卖盘
09:59:33	8.31	-0.01	3	2493	卖盘
09:59:30	8.32	--	28	23379	买盘
09:59:24	8.32	--	20	16640	买盘
09:59:21	8.32	--	20	16640	买盘
09:59:15	8.32	--	183	152838	买盘
09:59:12	8.32	0.01	37	30784	买盘
09:59:09	8.31	--	49	40719	卖盘
09:59:03	8.31	--	10	8310	卖盘
09:59:00	8.31	--	9	7479	卖盘
09:58:57	8.31	-0.01	10	8310	卖盘
09:58:54	8.32	0.01	10	8320	买盘
09:58:51	8.31	--	10	8310	卖盘
09:58:48	8.31	--	15	12465	卖盘
09:58:45	8.31	--	12	9972	卖盘
09:58:42	8.31	--	4	3324	卖盘
09:58:39	8.31	--	1	831	卖盘
09:58:36	8.31	--	15	12465	卖盘
09:58:33	8.31	--	26	21805	买盘
09:58:30	8.31	0.01	30	24930	买盘
09:58:27	8.3	--	30	24900	卖盘
09:58:24	8.3	--	91	75530	卖盘
09:58:21	8.3	-0.01	38	31540	卖盘
09:58:18	8.31	0.01	47	39057	买盘
09:58:15	8.3	-0.01	5	4150	卖盘
09:58:12	8.31	--	18	14958	买盘
09:58:06	8.31	0.01	30	24930	买盘
09:58:03	8.3	-0.01	16	13280	卖盘
09:57:57	8.31	--	41	34071	买盘
09:57:51	8.31	--	1	831	买盘
09:57:48	8.31	-0.01	146	121957	卖盘
09:57:45	8.32	--	17	14144	买盘
09:57:39	8.32	--	32	26624	买盘
09:57:33	8.32	0.01	24	19968	买盘
09:57:30	8.31	--	44	36564	卖盘
09:57:21	8.31	-0.01	65	54015	卖盘
09:57:18	8.32	0.01	1	832	买盘
09:57:15	8.31	--	4	3324	卖盘
09:57:12	8.31	--	8	6648	卖盘
09:57:09	8.31	--	14	11634	卖盘
09:57:06	8.31	--	86	71665	买盘
09:57:03	8.31	0.01	24	19944	买盘
09:57:00	8.3	--	4	3320	卖盘
09:56:57	8.3	-0.01	10	8300	卖盘
09:56:51	8.31	0.01	430	357330	买盘
09:56:48	8.3	--	41	34030	买盘
09:56:45	8.3	0.01	1005	834150	买盘
09:56:42	8.29	--	9	7460	卖盘
09:56:39	8.29	-0.01	62	51397	卖盘
09:56:36	8.3	--	116	96280	买盘
09:56:33	8.3	0.01	30	24900	买盘
09:56:30	8.29	--	30	24869	卖盘
09:56:27	8.29	-0.01	10	8290	卖盘
09:56:24	8.3	--	140	116200	买盘
09:56:21	8.3	0.01	1019	845770	买盘
09:56:18	8.29	--	55	45594	卖盘
09:56:12	8.29	--	64	53055	卖盘
09:56:09	8.29	--	10	8290	卖盘
09:56:06	8.29	--	338	280202	卖盘
09:55:51	8.29	-0.01	3	2486	卖盘
09:55:48	8.3	0.01	5	4150	买盘
09:55:45	8.29	-0.01	50	41449	卖盘
09:55:42	8.3	0.01	64	53120	买盘
09:55:39	8.29	--	37	30672	卖盘
09:55:36	8.29	-0.01	50	41449	卖盘
09:55:33	8.3	0.01	1	830	买盘
09:55:30	8.29	--	10	8290	卖盘
09:55:27	8.29	--	136	112743	卖盘
09:55:24	8.29	-0.01	12	9947	卖盘
09:55:18	8.3	0.01	320	265600	买盘
09:55:15	8.29	--	3	2486	卖盘
09:55:09	8.29	--	88	72951	卖盘
09:55:06	8.29	-0.01	24	19895	卖盘
09:55:03	8.3	0.01	7	5810	买盘
09:55:00	8.29	--	39	32330	卖盘
09:54:57	8.29	--	50	41449	卖盘
09:54:54	8.29	-0.01	47	38962	卖盘
09:54:51	8.3	0.01	15	12450	买盘
09:54:48	8.29	-0.01	26	21553	卖盘
09:54:45	8.3	0.01	406	336980	买盘
09:54:39	8.29	-0.01	30	24869	卖盘
09:54:30	8.3	0.01	8	6640	买盘
09:54:21	8.29	--	50	41449	卖盘
09:54:18	8.29	--	68	56371	卖盘
09:54:15	8.29	--	2	1657	卖盘
09:54:12	8.29	--	91	75438	卖盘
09:54:09	8.29	--	40	33160	卖盘
09:54:06	8.29	--	306	253673	卖盘
09:54:00	8.29	--	129	106940	买盘
09:53:57	8.29	0.01	169	140101	买盘
09:53:54	8.28	--	14	11592	卖盘
09:53:51	8.28	--	22	18216	卖盘
09:53:48	8.28	--	103	85284	卖盘
09:53:45	8.28	--	50	41400	卖盘
09:53:42	8.28	--	34	28151	卖盘
09:53:39	8.28	-0.01	12	9936	卖盘
09:53:33	8.29	--	52	43107	卖盘
09:53:30	8.29	--	99	82070	卖盘
09:53:27	8.29	--	3	2486	卖盘
09:53:24	8.29	-0.01	567	470042	卖盘
09:53:21	8.3	0.01	300	249000	买盘
09:53:18	8.29	-0.01	8	6631	卖盘
09:53:15	8.3	0.01	272	225760	买盘
09:53:12	8.29	--	44	36475	卖盘
09:53:06	8.29	--	30	24869	卖盘
09:53:03	8.29	-0.01	10	8290	卖盘
09:53:00	8.3	0.01	3	2490	买盘
09:52:54	8.29	-0.01	10	8290	卖盘
09:52:51	8.3	--	220	182600	买盘
09:52:42	8.3	--	13	10790	买盘
09:52:36	8.3	--	171	141930	卖盘
09:52:33	8.3	--	21	17430	卖盘
09:52:30	8.3	-0.01	100	83000	卖盘
09:52:27	8.31	0.01	291	241821	买盘
09:52:21	8.3	-0.01	19	15770	卖盘
09:52:18	8.31	0.01	75	62325	买盘
09:52:15	8.3	-0.01	147	122010	卖盘
09:52:12	8.31	0.01	54	44874	买盘
09:52:09	8.3	--	16	13280	卖盘
09:52:06	8.3	--	50	41500	卖盘
09:52:03	8.3	--	230	190900	卖盘
09:51:57	8.3	-0.01	76	63080	卖盘
09:51:54	8.31	0.01	13	10803	买盘
09:51:51	8.3	-0.01	7	5810	卖盘
09:51:45	8.31	--	4	3324	买盘
09:51:42	8.31	--	129	107199	卖盘
09:51:39	8.31	--	10	8310	卖盘
09:51:36	8.31	--	5	4155	卖盘
09:51:30	8.31	--	5	4155	卖盘
09:51:27	8.31	--	13	10803	卖盘
09:51:15	8.31	--	1	831	卖盘
09:51:12	8.31	--	1	831	卖盘
09:51:06	8.31	--	92	76452	买盘
09:51:03	8.31	--	45	37395	买盘
09:51:00	8.31	--	105	87255	买盘
09:50:57	8.31	--	113	93903	卖盘
09:50:51	8.31	-0.01	10	8310	卖盘
09:50:48	8.32	0.01	36	29952	买盘
09:50:42	8.31	0.01	32	26592	卖盘
09:50:39	8.3	--	38	31540	卖盘
09:50:36	8.3	-0.01	41	34030	卖盘
09:50:30	8.31	0.01	35	29085	买盘
09:50:24	8.3	--	55	45650	卖盘
09:50:21	8.3	-0.01	112	92960	卖盘
09:50:18	8.31	--	104	86424	买盘
09:50:12	8.31	0.01	4	3324	买盘
09:50:09	8.3	--	99	82170	卖盘
09:50:06	8.3	--	175	145250	卖盘
09:50:03	8.3	--	4	3320	卖盘
09:50:00	8.3	--	126	104580	卖盘
09:49:54	8.3	--	63	52290	卖盘
09:49:51	8.3	--	6	4980	卖盘
09:49:48	8.3	--	2	1660	卖盘
09:49:45	8.3	--	100	83000	卖盘
09:49:42	8.3	--	13	10790	卖盘
09:49:39	8.3	0.01	296	245680	买盘
09:49:33	8.29	--	31	25698	卖盘
09:49:30	8.29	--	84	69636	卖盘
09:49:27	8.29	--	44	36475	卖盘
09:49:24	8.29	-0.01	170	140930	卖盘
09:49:21	8.3	0.01	4	3320	买盘
09:49:18	8.29	--	141	116888	卖盘
09:49:15	8.29	--	4	3315	卖盘
09:49:09	8.29	-0.01	71	58858	卖盘
09:49:06	8.3	--	2	1660	买盘
09:49:03	8.3	--	12	9960	买盘
09:49:00	8.3	--	63	52290	卖盘
09:48:57	8.3	--	2	1660	卖盘
09:48:48	8.3	-0.01	19	15770	卖盘
09:48:42	8.31	0.01	62	51522	买盘
09:48:39	8.3	--	7	5810	卖盘
09:48:36	8.3	-0.01	12	9960	卖盘
09:48:33	8.31	0.01	85	70635	买盘
09:48:30	8.3	--	100	83000	卖盘
09:48:24	8.3	--	44	36520	卖盘
09:48:18	8.3	--	426	353580	卖盘
09:48:15	8.3	--	301	249830	卖盘
09:48:12	8.3	--	34	28220	卖盘
09:48:09	8.3	--	47	39010	卖盘
09:48:06	8.3	0.01	42	34860	买盘
09:48:03	8.29	--	7	5802	卖盘
09:48:00	8.29	-0.01	2	1657	卖盘
09:47:57	8.3	0.01	232	192560	买盘
09:47:54	8.29	--	5	4145	卖盘
09:47:51	8.29	-0.01	94	77925	卖盘
09:47:45	8.3	--	21	17430	买盘
09:47:39	8.3	--	121	100430	买盘
09:47:36	8.3	--	80	66400	买盘
09:47:33	8.3	--	12	9960	买盘
09:47:27	8.3	--	15	12450	买盘
09:47:24	8.3	-0.01	9	7470	买盘
09:47:21	8.31	--	122	101382	卖盘
09:47:18	8.31	0.01	1324	1100244	买盘
09:47:15	8.3	--	40	33200	卖盘
09:47:12	8.3	--	21	17430	卖盘
09:47:09	8.3	--	4	3320	卖盘
09:46:57	8.3	--	80	66400	卖盘
09:46:54	8.3	--	53	43990	卖盘
09:46:51	8.3	--	5	4150	卖盘
09:46:48	8.3	0.01	44	36520	买盘
09:46:45	8.29	-0.01	91	75438	卖盘
09:46:39	8.3	0.01	17	14110	中性盘
09:46:33	8.29	--	400	331599	卖盘
09:46:27	8.29	-0.01	7	5802	卖盘
09:46:21	8.3	0.01	55	45650	买盘
09:46:15	8.29	--	8	6631	卖盘
09:46:09	8.29	--	13	10776	卖盘
09:46:06	8.29	-0.01	50	41449	卖盘
09:46:03	8.3	0.01	79	65570	买盘
09:46:00	8.29	--	11	9873	买盘
09:45:57	8.29	--	34	28185	买盘
09:45:54	8.29	-0.01	167	139263	卖盘
09:45:51	8.3	0.01	5	4150	买盘
09:45:48	8.29	--	6	4982	买盘
09:45:45	8.29	--	16	13263	买盘
09:45:42	8.29	-0.01	115	96155	卖盘
09:45:39	8.3	--	133	110390	买盘
09:45:33	8.3	0.01	10	8300	买盘
09:45:27	8.29	-0.01	62	51397	卖盘
09:45:24	8.3	--	11	9130	买盘
09:45:21	8.3	0.01	192	159360	买盘
09:45:15	8.29	-0.01	16	13263	卖盘
09:45:12	8.3	0.01	29	24684	买盘
09:45:09	8.29	-0.01	5	4145	卖盘
09:45:06	8.3	0.01	160	132800	中性盘
09:45:03	8.29	-0.01	215	178234	卖盘
09:45:00	8.3	0.01	37	30710	买盘
09:44:57	8.29	--	14	11605	卖盘
09:44:54	8.29	--	20	16795	卖盘
09:44:51	8.29	-0.01	21	17409	卖盘
09:44:48	8.3	0.01	74	61420	买盘
09:44:45	8.29	-0.01	12	10528	卖盘
09:44:42	8.3	--	82	68060	买盘
09:44:39	8.3	0.01	23	19090	买盘
09:44:36	8.29	--	20	16580	卖盘
09:44:33	8.29	--	7	5802	卖盘
09:44:30	8.29	-0.01	288	238751	卖盘
09:44:27	8.3	0.01	41	34030	买盘
09:44:24	8.29	-0.01	118	97821	卖盘
09:44:21	8.3	--	3	2490	买盘
09:44:18	8.3	--	217	180110	买盘
09:44:15	8.3	--	10	8300	卖盘
09:44:12	8.3	0.01	10	8300	中性盘
09:44:09	8.29	-0.01	20	16828	卖盘
09:44:06	8.3	-0.01	71	58938	卖盘
09:44:03	8.31	--	13	10803	买盘
09:44:00	8.31	0.01	12	9972	买盘
09:43:54	8.3	-0.01	13	10790	卖盘
09:43:48	8.31	0.01	2	1662	买盘
09:43:45	8.3	--	67	55610	卖盘
09:43:39	8.3	--	10	8300	卖盘
09:43:36	8.3	0.01	87	72210	买盘
09:43:33	8.29	-0.01	5	4145	卖盘
09:43:30	8.3	--	11	9130	卖盘
09:43:27	8.3	--	61	50630	卖盘
09:43:24	8.3	--	44	36520	买盘
09:43:18	8.3	-0.01	196	162680	卖盘
09:43:15	8.31	0.01	130	108030	买盘
09:43:12	8.3	--	63	52290	卖盘
09:43:09	8.3	--	20	16600	卖盘
09:43:06	8.3	--	37	30710	卖盘
09:43:03	8.3	--	18	14940	卖盘
09:43:00	8.3	--	46	38180	卖盘
09:42:51	8.3	-0.01	4	3320	卖盘
09:42:48	8.31	0.01	50	41550	买盘
09:42:45	8.3	--	40	33200	卖盘
09:42:42	8.3	-0.01	8	6640	卖盘
09:42:39	8.31	0.01	57	47367	买盘
09:42:36	8.3	-0.01	109	90470	卖盘
09:42:33	8.31	--	60	49860	买盘
09:42:30	8.31	--	88	73128	买盘
09:42:21	8.31	--	18	14958	买盘
09:42:18	8.31	-0.02	8	6648	卖盘
09:42:12	8.33	0.01	87	72471	买盘
09:42:09	8.32	-0.01	16	13312	卖盘
09:42:06	8.33	0.01	62	51646	买盘
09:42:00	8.32	--	8	6656	卖盘
09:41:54	8.32	--	22	18304	卖盘
09:41:48	8.32	-0.01	24	19968	卖盘
09:41:45	8.33	0.01	59	49147	买盘
09:41:42	8.32	-0.01	8	6656	卖盘
09:41:39	8.33	--	212	176596	买盘
09:41:36	8.33	0.01	825	687225	买盘
09:41:33	8.32	-0.01	80	66560	卖盘
09:41:30	8.33	0.01	40	33320	买盘
09:41:27	8.32	--	2	1664	卖盘
09:41:24	8.32	0.01	81	67392	买盘
09:41:21	8.31	--	21	17451	卖盘
09:41:15	8.31	-0.01	10	8310	卖盘
09:41:12	8.32	--	48	39936	买盘
09:41:09	8.32	--	12	9984	买盘
09:41:06	8.32	--	48	39936	买盘
09:41:00	8.32	--	28	23296	买盘
09:40:54	8.32	--	59	49088	卖盘
09:40:48	8.32	-0.01	30	24960	卖盘
09:40:42	8.33	0.01	2	1666	买盘
09:40:39	8.32	--	2	1664	卖盘
09:40:36	8.32	--	109	90688	买盘
09:40:33	8.32	0.01	100	83200	买盘
09:40:30	8.31	-0.01	109	90579	卖盘
09:40:27	8.32	--	11	9152	买盘
09:40:24	8.32	0.01	40	33280	买盘
09:40:15	8.31	-0.01	57	47367	中性盘
09:40:12	8.32	0.01	37	30784	买盘
09:40:06	8.31	--	43	35733	卖盘
09:40:03	8.31	--	9	7479	卖盘
09:40:00	8.31	--	93	77283	卖盘
09:39:57	8.31	--	5	4155	卖盘
09:39:54	8.31	--	133	110523	卖盘
09:39:51	8.31	0.01	9	7479	买盘
09:39:48	8.3	-0.01	40	33200	卖盘
09:39:42	8.31	--	1	831	买盘
09:39:36	8.31	0.01	102	84762	买盘
09:39:33	8.3	--	4	3320	卖盘
09:39:30	8.3	--	364	302120	买盘
09:39:27	8.3	--	5	4150	买盘
09:39:24	8.3	--	63	52290	买盘
09:39:21	8.3	0.02	10	8300	买盘
09:39:18	8.28	-0.01	96	79488	卖盘
09:39:15	8.29	--	2	1657	卖盘
09:39:12	8.29	-0.01	24	19895	卖盘
09:39:09	8.3	0.01	43	35690	买盘
09:39:06	8.29	0.01	3	2486	中性盘
09:39:03	8.28	-0.02	52	43056	卖盘
09:39:00	8.3	0.02	25	20750	买盘
09:38:57	8.28	--	100	82800	卖盘
09:38:54	8.28	-0.02	11	9108	卖盘
09:38:51	8.3	--	21	17430	买盘
09:38:48	8.3	--	351	291330	买盘
09:38:45	8.3	0.02	26	21580	买盘
09:38:42	8.28	--	17	14075	卖盘
09:38:39	8.28	--	22	18216	卖盘
09:38:36	8.28	--	50	41400	买盘
09:38:33	8.28	-0.01	220	182160	卖盘
09:38:30	8.29	0.01	8	6631	中性盘
09:38:27	8.28	--	8	6623	卖盘
09:38:24	8.28	--	18	14903	卖盘
09:38:21	8.28	-0.01	246	203687	卖盘
09:38:18	8.29	-0.01	9	7460	中性盘
09:38:15	8.3	0.01	94	78020	买盘
09:38:12	8.29	0.01	25	20724	买盘
09:38:09	8.28	--	11	9108	卖盘
09:38:06	8.28	--	12	9936	买盘
09:38:03	8.28	-0.01	101	83628	卖盘
09:38:00	8.29	0.01	22	18237	买盘
09:37:57	8.28	--	13	10764	买盘
09:37:54	8.28	--	6	4968	买盘
09:37:51	8.28	-0.01	67	55475	卖盘
09:37:48	8.29	-0.01	42	34818	卖盘
09:37:45	8.3	0.01	770	639100	买盘
09:37:42	8.29	0.01	8	6631	买盘
09:37:39	8.28	--	364	301392	卖盘
09:37:36	8.28	-0.01	50	41400	卖盘
09:37:33	8.29	0.01	116	96429	买盘
09:37:30	8.28	--	58	48023	买盘
09:37:27	8.28	0.01	46	38088	买盘
09:37:24	8.27	-0.01	74	61198	卖盘
09:37:21	8.28	--	36	29807	买盘
09:37:18	8.28	--	31	25667	买盘
09:37:15	8.28	--	25	20700	买盘
09:37:09	8.28	-0.02	303	251447	卖盘
09:37:06	8.3	0.01	20	16600	买盘
09:37:00	8.29	-0.01	106	87873	卖盘
09:36:57	8.3	0.01	39	32370	买盘
09:36:54	8.29	0.01	2	1657	卖盘
09:36:51	8.28	-0.01	40	33120	卖盘
09:36:45	8.29	--	22	18237	卖盘
09:36:42	8.29	--	27	23120	买盘
09:36:39	8.29	--	14	11605	买盘
09:36:36	8.29	0.01	4	3315	买盘
09:36:33	8.28	--	322	266972	买盘
09:36:30	8.28	0.01	12	9936	买盘
09:36:27	8.27	-0.01	72	59544	卖盘
09:36:24	8.28	0.01	279	231011	买盘
09:36:21	8.27	--	71	58717	卖盘
09:36:18	8.27	--	37	30599	卖盘
09:36:15	8.27	-0.01	127	105029	卖盘
09:36:12	8.28	0.02	30	24839	买盘
09:36:09	8.26	-0.01	15	12390	卖盘
09:36:06	8.27	0.01	6	4962	卖盘
09:36:03	8.26	-0.01	252	208152	卖盘
09:36:00	8.27	--	146	120742	买盘
09:35:57	8.27	0.01	26	21502	买盘
09:35:54	8.26	-0.01	23	18998	卖盘
09:35:51	8.27	--	37	30599	买盘
09:35:48	8.27	0.01	30	24810	买盘
09:35:45	8.26	-0.01	27	22302	卖盘
09:35:42	8.27	-0.01	67	55409	卖盘
09:35:39	8.28	0.01	103	85284	买盘
09:35:36	8.27	--	41	33907	卖盘
09:35:33	8.27	--	150	124050	卖盘
09:35:30	8.27	-0.01	50	41350	卖盘
09:35:27	8.28	0.01	26	21528	买盘
09:35:24	8.27	-0.01	68	56236	卖盘
09:35:21	8.28	--	86	71208	买盘
09:35:18	8.28	--	84	69552	买盘
09:35:15	8.28	--	156	129167	买盘
09:35:12	8.28	--	124	103143	卖盘
09:35:09	8.28	-0.01	524	433871	卖盘
09:35:06	8.29	0.01	48	39791	买盘
09:35:03	8.28	-0.01	35	28979	卖盘
09:35:00	8.29	--	61	50568	买盘
09:34:57	8.29	--	123	101966	买盘
09:34:54	8.29	--	14	11605	买盘
09:34:51	8.29	--	98	81333	卖盘
09:34:48	8.29	--	18	14921	卖盘
09:34:45	8.29	--	66	54713	卖盘
09:34:42	8.29	-0.01	94	77925	卖盘
09:34:39	8.3	--	46	38180	买盘
09:34:36	8.3	--	67	55610	买盘
09:34:33	8.3	--	21	17430	买盘
09:34:30	8.3	-0.01	711	590130	卖盘
09:34:27	8.31	-0.01	27	22437	卖盘
09:34:24	8.32	--	41	34112	买盘
09:34:21	8.32	0.01	5	4160	买盘
09:34:18	8.31	-0.01	10	8310	卖盘
09:34:15	8.32	--	120	99840	买盘
09:34:12	8.32	-0.01	79	65728	卖盘
09:34:09	8.33	--	20	16660	买盘
09:34:06	8.33	0.01	25	20825	买盘
09:34:03	8.32	--	6	4992	卖盘
09:34:00	8.32	--	9	7488	买盘
09:33:57	8.32	0.01	106	88192	买盘
09:33:54	8.31	-0.01	206	171186	卖盘
09:33:51	8.32	--	13	10816	买盘
09:33:48	8.32	--	34	28288	买盘
09:33:45	8.32	0.01	19	15808	买盘
09:33:42	8.31	-0.01	103	85593	卖盘
09:33:39	8.32	0.01	18	14976	买盘
09:33:36	8.31	0.01	34	28254	买盘
09:33:33	8.3	--	42	34860	卖盘
09:33:30	8.3	-0.01	31	25730	中性盘
09:33:27	8.31	0.01	78	64818	买盘
09:33:24	8.3	0.01	12	9960	买盘
09:33:21	8.29	--	27	23120	买盘
09:33:18	8.29	0.01	83	68807	买盘
09:33:15	8.28	--	51	42228	卖盘
09:33:12	8.28	0.01	145	120416	中性盘
09:33:09	8.27	-0.01	284	234868	卖盘
09:33:06	8.28	--	94	77832	卖盘
09:33:03	8.28	--	136	112607	买盘
09:33:00	8.28	--	241	199547	买盘
09:32:57	8.28	0.01	41	33948	买盘
09:32:54	8.27	--	87	71949	卖盘
09:32:51	8.27	-0.01	23	19021	卖盘
09:32:48	8.28	0.01	9	7451	买盘
09:32:45	8.27	--	80	66160	卖盘
09:32:42	8.27	-0.02	42	34734	卖盘
09:32:39	8.29	--	50	41449	买盘
09:32:36	8.29	--	310	256989	卖盘
09:32:33	8.29	-0.01	73	60516	卖盘
09:32:30	8.3	0.01	1	830	中性盘
09:32:27	8.29	-0.02	21	17409	卖盘
09:32:24	8.31	0.01	116	96396	买盘
09:32:21	8.3	-0.02	404	335320	卖盘
09:32:18	8.32	0.01	7	5824	买盘
09:32:15	8.31	--	76	63156	卖盘
09:32:12	8.31	--	12	9972	卖盘
09:32:09	8.31	--	11	9141	卖盘
09:32:06	8.31	-0.01	459	381429	卖盘
09:32:03	8.32	--	16	13312	卖盘
09:32:00	8.32	--	4	3328	卖盘
09:31:57	8.32	-0.01	12	9984	卖盘
09:31:54	8.33	0.01	29	24157	买盘
09:31:51	8.32	--	42	34944	卖盘
09:31:48	8.32	-0.01	184	153088	卖盘
09:31:45	8.33	--	64	53312	卖盘
09:31:42	8.33	--	13	10829	卖盘
09:31:39	8.33	--	20	16660	卖盘
09:31:36	8.33	0.01	46	38318	中性盘
09:31:33	8.32	-0.02	42	34944	卖盘
09:31:30	8.34	0.02	73	60882	中性盘
09:31:27	8.32	-0.03	84	69888	卖盘
09:31:24	8.35	0.03	30	25050	买盘
09:31:21	8.32	-0.03	84	69888	卖盘
09:31:15	8.35	--	20	16700	买盘
09:31:12	8.35	0.02	33	27555	买盘
09:31:09	8.33	--	1	833	买盘
09:31:06	8.33	-0.02	19	15827	卖盘
09:30:57	8.35	--	5	4175	买盘
09:30:54	8.35	-0.02	82	68470	卖盘
09:30:51	8.37	0.02	78	65285	中性盘
09:30:36	8.35	-0.02	317	264695	卖盘
09:30:33	8.37	0.02	148	123875	买盘
09:30:30	8.35	--	11	9185	卖盘
09:30:27	8.35	--	55	45925	卖盘
09:30:21	8.35	--	16	13360	卖盘
09:30:12	8.35	-0.02	5	4175	卖盘
09:30:09	8.37	0.02	33	27620	买盘
09:30:06	8.35	--	77	64295	卖盘
09:30:03	8.35	--	797	665495	买盘
09:30:00	8.35	--	0	0	买盘
09:25:03	8.35	8.35	223	186205	买盘
