成交时间	成交价	价格变动	成交量(手)	成交额(元)	性质
15:00:03	14.21	--	2227	3164567	卖盘
14:57:00	14.21	--	29	41209	卖盘
14:56:57	14.21	--	22	31262	卖盘
14:56:54	14.21	--	1	1421	卖盘
14:56:51	14.21	0.01	186	264306	买盘
14:56:48	14.2	-0.01	34	48280	卖盘
14:56:45	14.21	0.01	81	115101	买盘
14:56:42	14.2	--	16	22720	卖盘
14:56:39	14.2	--	101	143420	卖盘
14:56:36	14.2	--	29	41180	卖盘
14:56:33	14.2	-0.01	12	17040	卖盘
14:56:30	14.21	0.01	231	328293	买盘
14:56:27	14.2	-0.01	15	21300	卖盘
14:56:24	14.21	--	438	622398	买盘
14:56:21	14.21	--	13	18473	买盘
14:56:18	14.21	0.01	90	127890	买盘
14:56:15	14.2	-0.01	34	48280	卖盘
14:56:12	14.21	--	23	32683	卖盘
14:56:09	14.21	--	51	72471	卖盘
14:56:06	14.21	0.01	17	24157	买盘
14:56:03	14.2	-0.01	20	28400	卖盘
14:56:00	14.21	--	14	19894	买盘
14:55:57	14.21	--	72	102312	买盘
14:55:54	14.21	-0.01	347	493087	卖盘
14:55:51	14.22	--	5	7110	买盘
14:55:48	14.22	--	64	91008	买盘
14:55:45	14.22	--	7	9954	买盘
14:55:42	14.22	0.01	20	28440	买盘
14:55:39	14.21	-0.03	6	8526	中性盘
14:55:33	14.24	0.03	193	274832	买盘
14:55:30	14.21	--	2	2842	买盘
14:55:27	14.21	-0.01	121	172125	卖盘
14:55:24	14.22	0.01	2	2844	中性盘
14:55:21	14.21	-0.01	237	338013	卖盘
14:55:18	14.22	--	5	7110	买盘
14:55:15	14.22	--	50	71100	买盘
14:55:12	14.22	0.01	10	14220	买盘
14:55:09	14.21	0.01	2	2842	买盘
14:55:06	14.2	-0.02	14	19880	卖盘
14:55:03	14.22	-0.01	10	14220	买盘
14:55:00	14.23	0.03	64	91072	买盘
14:54:57	14.2	-0.01	20	28400	卖盘
14:54:54	14.21	--	44	62524	买盘
14:54:51	14.21	-0.01	83	117943	卖盘
14:54:48	14.22	0.02	4	5688	中性盘
14:54:45	14.2	-0.01	66	93720	卖盘
14:54:42	14.21	-0.01	22	31262	卖盘
14:54:39	14.22	0.01	61	86742	买盘
14:54:36	14.21	-0.01	191	271411	卖盘
14:54:33	14.22	--	37	52614	卖盘
14:54:30	14.22	0.01	75	106650	买盘
14:54:27	14.21	-0.01	15	21315	卖盘
14:54:24	14.22	0.01	16	22752	买盘
14:54:21	14.21	-0.01	31	44051	卖盘
14:54:15	14.22	0.01	176	250272	买盘
14:54:12	14.21	--	54	76734	卖盘
14:54:09	14.21	-0.01	59	84165	卖盘
14:54:00	14.22	--	11	15642	买盘
14:53:54	14.22	0.01	5	7110	买盘
14:53:51	14.21	-0.01	130	184730	卖盘
14:53:48	14.22	--	175	248850	买盘
14:53:45	14.22	--	154	218988	买盘
14:53:42	14.22	--	34	48348	卖盘
14:53:36	14.22	0.01	44	63847	买盘
14:53:33	14.21	--	81	115101	卖盘
14:53:30	14.21	-0.01	18	25578	卖盘
14:53:27	14.22	0.01	110	156420	买盘
14:53:24	14.21	-0.01	26	36946	卖盘
14:53:21	14.22	--	16	22752	买盘
14:53:18	14.22	--	2	2844	买盘
14:53:15	14.22	--	81	115182	买盘
14:53:12	14.22	--	2	2844	买盘
14:53:09	14.22	--	10	14220	买盘
14:53:06	14.22	--	97	137934	卖盘
14:53:03	14.22	--	10	14220	卖盘
14:53:00	14.22	--	113	160686	卖盘
14:52:57	14.22	-0.01	10	14220	卖盘
14:52:54	14.23	0.01	17	24191	买盘
14:52:51	14.22	-0.02	15	21330	卖盘
14:52:45	14.24	--	253	360272	买盘
14:52:42	14.24	0.01	50	71200	买盘
14:52:39	14.23	-0.01	76	108148	卖盘
14:52:36	14.24	--	100	142400	买盘
14:52:27	14.24	--	156	223240	卖盘
14:52:24	14.24	-0.01	35	49840	卖盘
14:52:21	14.25	0.01	36	51998	买盘
14:52:18	14.24	--	54	76896	卖盘
14:52:15	14.24	-0.01	2	2848	卖盘
14:52:12	14.25	--	101	143925	买盘
14:52:09	14.25	0.01	62	88350	买盘
14:52:06	14.24	-0.01	99	140976	卖盘
14:52:03	14.25	--	30	42750	买盘
14:51:54	14.25	--	112	159600	卖盘
14:51:51	14.25	0.01	20	28500	卖盘
14:51:48	14.24	-0.01	50	71200	卖盘
14:51:45	14.25	--	12	17100	卖盘
14:51:42	14.25	--	65	92625	买盘
14:51:39	14.25	--	15	21375	买盘
14:51:36	14.25	0.01	35	49875	买盘
14:51:27	14.24	--	11	15664	卖盘
14:51:21	14.24	--	13	18512	卖盘
14:51:15	14.24	--	28	40925	买盘
14:51:12	14.24	--	13	18512	买盘
14:51:09	14.24	--	31	44144	买盘
14:51:06	14.24	0.01	28	39872	买盘
14:51:03	14.23	-0.01	44	62612	卖盘
14:51:00	14.24	-0.02	10	14240	卖盘
14:50:57	14.26	0.02	100	142600	买盘
14:50:54	14.24	-0.02	39	55536	中性盘
14:50:48	14.26	0.02	14	21275	买盘
14:50:45	14.24	-0.01	217	309121	卖盘
14:50:39	14.25	0.01	26	37050	买盘
14:50:36	14.24	-0.01	18	25632	买盘
14:50:33	14.25	0.02	500	712500	买盘
14:50:30	14.23	-0.01	45	64035	卖盘
14:50:27	14.24	0.01	2	2848	买盘
14:50:21	14.23	-0.01	2	2846	卖盘
14:50:18	14.24	0.01	20	28480	买盘
14:50:15	14.23	-0.01	108	153684	卖盘
14:50:12	14.24	--	3	4272	买盘
14:50:09	14.24	0.01	78	111072	买盘
14:50:06	14.23	-0.01	70	99610	卖盘
14:50:00	14.24	0.01	67	95408	买盘
14:49:57	14.23	--	15	21345	卖盘
14:49:51	14.23	-0.02	12	17076	卖盘
14:49:48	14.25	--	80	114000	买盘
14:49:45	14.25	--	1	1425	买盘
14:49:39	14.25	-0.01	393	561336	卖盘
14:49:30	14.26	--	10	14260	卖盘
14:49:27	14.26	--	239	340814	卖盘
14:49:24	14.26	-0.01	58	82708	卖盘
14:49:21	14.27	0.01	198	282546	买盘
14:49:18	14.26	--	16	22816	卖盘
14:49:15	14.26	--	33	47172	卖盘
14:49:12	14.26	-0.01	43	61318	卖盘
14:49:06	14.27	0.01	9	12843	买盘
14:49:03	14.26	-0.01	35	51122	卖盘
14:49:00	14.27	--	75	107239	买盘
14:48:57	14.27	0.01	10	14270	买盘
14:48:54	14.26	-0.01	7	9982	卖盘
14:48:51	14.27	--	6	8562	买盘
14:48:48	14.27	--	13	18551	买盘
14:48:45	14.27	--	56	81124	卖盘
14:48:42	14.27	--	35	49945	卖盘
14:48:39	14.27	--	16	22832	卖盘
14:48:36	14.27	--	28	39956	卖盘
14:48:33	14.27	-0.01	1	1427	卖盘
14:48:30	14.28	--	22	31416	买盘
14:48:27	14.28	--	29	41412	买盘
14:48:24	14.28	--	18	25704	买盘
14:48:21	14.28	0.01	30	42840	买盘
14:48:15	14.27	--	102	145554	卖盘
14:48:12	14.27	-0.01	10	14270	卖盘
14:48:09	14.28	--	213	304378	买盘
14:48:06	14.28	--	100	142800	买盘
14:48:03	14.28	0.01	208	297024	买盘
14:48:00	14.27	0.01	12	17124	卖盘
14:47:57	14.26	-0.01	28	39928	卖盘
14:47:54	14.27	--	63	89901	卖盘
14:47:51	14.27	--	106	151262	买盘
14:47:48	14.27	0.01	47	67069	买盘
14:47:45	14.26	-0.01	35	49910	卖盘
14:47:42	14.27	0.01	25	35675	买盘
14:47:39	14.26	--	1	1426	卖盘
14:47:36	14.26	--	38	54188	卖盘
14:47:33	14.26	--	23	32798	买盘
14:47:30	14.26	--	18	25668	买盘
14:47:27	14.26	-0.01	4	5704	买盘
14:47:24	14.27	0.02	44	62788	买盘
14:47:21	14.25	-0.02	30	42750	卖盘
14:47:18	14.27	0.01	57	81339	买盘
14:47:15	14.26	--	5	7130	卖盘
14:47:12	14.26	--	14	19964	卖盘
14:47:09	14.26	0.02	116	165416	买盘
14:47:03	14.24	-0.01	10	14240	中性盘
14:47:00	14.25	0.02	10	14250	买盘
14:46:57	14.23	-0.02	1	1423	卖盘
14:46:54	14.25	0.01	25	35625	买盘
14:46:51	14.24	0.01	20	28480	中性盘
14:46:42	14.23	-0.03	19	27037	卖盘
14:46:39	14.26	--	40	57040	卖盘
14:46:36	14.26	-0.01	100	142600	卖盘
14:46:33	14.27	0.01	4	5708	中性盘
14:46:30	14.26	--	60	85560	买盘
14:46:24	14.26	-0.02	23	32798	卖盘
14:46:21	14.28	0.02	320	456960	买盘
14:46:18	14.26	--	10	14260	买盘
14:46:15	14.26	--	1	1426	中性盘
14:46:09	14.26	0.02	3	4278	中性盘
14:46:06	14.24	--	79	112496	卖盘
14:46:03	14.24	-0.01	13	18512	卖盘
14:46:00	14.25	--	43	61275	卖盘
14:45:57	14.25	0.02	825	1176052	买盘
14:45:54	14.23	0.01	90	128070	买盘
14:45:51	14.22	--	1	1422	卖盘
14:45:48	14.22	--	2	2844	卖盘
14:45:45	14.22	0.02	10	14220	中性盘
14:45:42	14.2	--	439	623380	卖盘
14:45:36	14.2	--	57	80940	买盘
14:45:33	14.2	--	1	1420	买盘
14:45:30	14.2	--	40	57978	卖盘
14:45:27	14.2	-0.01	7	9940	卖盘
14:45:24	14.21	0.01	30	42630	买盘
14:45:21	14.2	--	115	163300	卖盘
14:45:18	14.2	--	13	18701	买盘
14:45:15	14.2	0.01	10	14200	买盘
14:45:12	14.19	--	27	38313	卖盘
14:45:09	14.19	-0.01	12	17028	卖盘
14:45:06	14.2	0.01	210	298200	买盘
14:45:03	14.19	--	27	38313	买盘
14:45:00	14.19	--	10	14190	买盘
14:44:57	14.19	--	4	5676	卖盘
14:44:54	14.19	--	6	8514	卖盘
14:44:51	14.19	--	5	7095	卖盘
14:44:48	14.19	--	3	4257	买盘
14:44:45	14.19	--	26	36894	卖盘
14:44:42	14.19	-0.01	16	22704	卖盘
14:44:39	14.2	0.01	5	7100	买盘
14:44:36	14.19	0.01	10	14190	中性盘
14:44:30	14.18	-0.01	10	14180	卖盘
14:44:21	14.19	0.01	5	7095	买盘
14:44:18	14.18	-0.01	3	4254	卖盘
14:44:15	14.19	0.01	10	14190	买盘
14:44:09	14.18	--	5	7090	卖盘
14:44:06	14.18	0.01	27	38286	买盘
14:44:03	14.17	-0.01	33	46761	卖盘
14:44:00	14.18	--	3	4254	买盘
14:43:57	14.18	--	44	62392	买盘
14:43:51	14.18	--	3	4254	买盘
14:43:45	14.18	--	11	15598	买盘
14:43:42	14.18	0.01	8	11344	买盘
14:43:39	14.17	-0.01	9	12753	卖盘
14:43:36	14.18	-0.01	348	493634	卖盘
14:43:33	14.19	--	11	15609	卖盘
14:43:30	14.19	-0.01	2	2838	买盘
14:43:27	14.2	0.01	246	349320	买盘
14:43:24	14.19	--	44	62436	卖盘
14:43:18	14.19	0.01	42	60846	买盘
14:43:15	14.18	-0.01	3	4254	卖盘
14:43:12	14.19	-0.01	11	15779	卖盘
14:43:09	14.2	0.01	518	736809	买盘
14:43:06	14.19	-0.01	0	383	卖盘
14:43:03	14.2	0.01	16	22720	买盘
14:43:00	14.19	--	13	18447	卖盘
14:42:57	14.19	--	68	96492	卖盘
14:42:54	14.19	--	103	146157	卖盘
14:42:51	14.19	--	1	1419	卖盘
14:42:48	14.19	-0.01	105	148995	卖盘
14:42:42	14.2	--	210	298200	买盘
14:42:36	14.2	--	3	4260	买盘
14:42:33	14.2	--	716	1017927	卖盘
14:42:30	14.2	--	51	72420	卖盘
14:42:24	14.2	--	15	21513	卖盘
14:42:21	14.2	-0.01	117	166140	卖盘
14:42:18	14.21	0.01	86	122206	买盘
14:42:15	14.2	--	4	5680	卖盘
14:42:12	14.2	--	11	15620	卖盘
14:42:09	14.2	--	2	2840	卖盘
14:42:06	14.2	-0.01	103	146260	卖盘
14:42:03	14.21	--	10	14210	买盘
14:42:00	14.21	--	2	2842	买盘
14:41:42	14.21	-0.01	207	294814	卖盘
14:41:39	14.22	--	20	28440	卖盘
14:41:36	14.22	0.01	41	58302	买盘
14:41:33	14.21	--	91	129311	卖盘
14:41:30	14.21	-0.01	50	71050	卖盘
14:41:24	14.22	0.01	1	1422	买盘
14:41:21	14.21	--	65	92365	卖盘
14:41:12	14.21	-0.01	17	24157	卖盘
14:41:09	14.22	0.01	4	5688	卖盘
14:41:03	14.21	--	58	82418	卖盘
14:40:57	14.21	--	3	4263	卖盘
14:40:54	14.21	-0.01	244	347477	卖盘
14:40:48	14.22	0.01	5	7110	买盘
14:40:45	14.21	--	45	63945	卖盘
14:40:42	14.21	--	71	100891	卖盘
14:40:39	14.21	-0.01	6	8526	卖盘
14:40:33	14.22	--	18	25596	买盘
14:40:27	14.22	--	21	29862	卖盘
14:40:24	14.22	--	13	18486	卖盘
14:40:18	14.22	--	21	29862	卖盘
14:40:15	14.22	--	9	12798	买盘
14:40:12	14.22	--	258	366876	买盘
14:40:09	14.22	--	5	7110	买盘
14:40:00	14.22	--	116	164952	卖盘
14:39:54	14.22	--	12	17064	卖盘
14:39:51	14.22	0.01	7	9954	买盘
14:39:48	14.21	-0.01	101	143521	卖盘
14:39:45	14.22	0.01	9	12798	买盘
14:39:39	14.21	-0.01	5	7105	卖盘
14:39:36	14.22	--	46	66080	卖盘
14:39:30	14.22	--	1	1422	卖盘
14:39:27	14.22	--	7	9954	卖盘
14:39:24	14.22	--	158	225429	买盘
14:39:18	14.22	0.01	6	8532	买盘
14:39:15	14.21	--	12	17052	卖盘
14:39:12	14.21	--	47	66787	中性盘
14:39:03	14.21	--	40	56840	卖盘
14:39:00	14.21	--	35	49735	卖盘
14:38:57	14.21	-0.01	10	14210	卖盘
14:38:54	14.22	--	12	17064	买盘
14:38:51	14.22	--	8	11376	买盘
14:38:45	14.22	--	10	14220	买盘
14:38:42	14.22	--	50	71100	买盘
14:38:30	14.22	--	23	33374	卖盘
14:38:24	14.22	-0.01	3	5019	买盘
14:38:18	14.23	--	141	201311	卖盘
14:38:15	14.23	0.01	667	949895	买盘
14:38:12	14.22	--	10	14220	买盘
14:38:09	14.22	--	15	21330	买盘
14:38:06	14.22	--	14	19908	买盘
14:37:51	14.22	0.01	209	297198	买盘
14:37:48	14.21	--	12	17052	买盘
14:37:45	14.21	0.01	1	1421	买盘
14:37:42	14.2	-0.01	70	99400	卖盘
14:37:36	14.21	--	124	176204	买盘
14:37:33	14.21	--	2	2842	买盘
14:37:24	14.21	0.01	15	21315	买盘
14:37:21	14.2	--	2	2840	卖盘
14:37:18	14.2	-0.01	5	7100	卖盘
14:37:15	14.21	--	13	18473	买盘
14:37:12	14.21	0.01	7	9947	买盘
14:37:09	14.2	--	40	56800	卖盘
14:37:03	14.2	--	51	72420	卖盘
14:36:54	14.2	0.01	11	15620	买盘
14:36:48	14.19	-0.01	8	11352	卖盘
14:36:45	14.2	--	73	103660	买盘
14:36:42	14.2	--	4	5680	买盘
14:36:39	14.2	--	1	1420	买盘
14:36:36	14.2	--	120	170400	买盘
14:36:30	14.2	--	5	7100	买盘
14:36:27	14.2	--	20	28400	买盘
14:36:24	14.2	--	52	73840	买盘
14:36:18	14.2	--	15	21300	卖盘
14:36:15	14.2	--	3	4260	卖盘
14:36:12	14.2	--	4	5680	卖盘
14:36:09	14.2	--	23	32660	卖盘
14:36:06	14.2	--	16	22720	卖盘
14:36:00	14.2	--	20	28400	卖盘
14:35:57	14.2	--	50	71000	卖盘
14:35:51	14.2	--	15	21300	买盘
14:35:48	14.2	--	14	19880	买盘
14:35:45	14.2	--	3	4260	卖盘
14:35:42	14.2	-0.01	6	8520	卖盘
14:35:39	14.21	--	7	9947	买盘
14:35:36	14.21	--	2	2842	卖盘
14:35:27	14.21	0.02	31	44051	买盘
14:35:21	14.19	-0.02	114	161766	卖盘
14:35:18	14.21	--	3	4263	买盘
14:35:12	14.21	0.02	22	31262	买盘
14:35:09	14.19	--	12	17028	卖盘
14:35:03	14.19	-0.02	23	32637	卖盘
14:35:00	14.21	0.02	3	4263	买盘
14:34:57	14.19	-0.02	5	7095	卖盘
14:34:54	14.21	0.02	20	28420	买盘
14:34:51	14.19	-0.01	530	752070	卖盘
14:34:45	14.2	--	38	53960	买盘
14:34:39	14.2	0.01	12	17040	买盘
14:34:36	14.19	-0.01	15	21285	卖盘
14:34:33	14.2	0.01	10	14200	买盘
14:34:27	14.19	--	20	28380	卖盘
14:34:21	14.19	--	40	56760	卖盘
14:34:18	14.19	-0.02	10	14190	卖盘
14:34:12	14.21	0.02	189	268569	买盘
14:34:06	14.19	--	5	7095	卖盘
14:34:00	14.19	--	37	52503	卖盘
14:33:57	14.19	-0.01	4	5676	卖盘
14:33:54	14.2	--	73	103660	买盘
14:33:51	14.2	0.01	36	51120	中性盘
14:33:45	14.19	-0.01	106	150414	卖盘
14:33:42	14.2	--	14	20916	买盘
14:33:39	14.2	0.01	29	41180	买盘
14:33:36	14.19	-0.01	18	25542	卖盘
14:33:33	14.2	--	26	36920	买盘
14:33:27	14.2	--	35	49700	买盘
14:33:24	14.2	--	6	8520	买盘
14:33:21	14.2	--	10	14200	买盘
14:33:18	14.2	--	10	14200	买盘
14:33:15	14.2	-0.01	5	7100	中性盘
14:33:09	14.21	0.01	201	285862	买盘
14:33:06	14.2	--	61	87798	买盘
14:33:03	14.2	--	2	3990	卖盘
14:32:57	14.2	--	10	14200	卖盘
14:32:54	14.2	--	9	13049	买盘
14:32:51	14.2	--	31	45170	卖盘
14:32:48	14.2	-0.01	26	36920	卖盘
14:32:45	14.21	--	68	96628	买盘
14:32:42	14.21	0.01	106	150626	买盘
14:32:36	14.2	--	60	85469	买盘
14:32:33	14.2	--	104	147680	买盘
14:32:30	14.2	--	7	9940	买盘
14:32:27	14.2	--	1	1420	买盘
14:32:24	14.2	--	16	23870	卖盘
14:32:21	14.2	--	55	78369	卖盘
14:32:18	14.2	--	51	73485	卖盘
14:32:15	14.2	--	32	45440	卖盘
14:32:12	14.2	-0.01	14	19880	卖盘
14:32:09	14.21	0.01	5	7105	买盘
14:32:06	14.2	--	10	14200	卖盘
14:32:00	14.2	-0.01	3	4615	卖盘
14:31:57	14.21	0.01	20	28420	买盘
14:31:54	14.2	--	11	15620	卖盘
14:31:48	14.2	--	72	102240	卖盘
14:31:45	14.2	--	49	69580	卖盘
14:31:42	14.2	-0.01	18	25560	卖盘
14:31:36	14.21	--	1	1421	买盘
14:31:33	14.21	--	8	11368	中性盘
14:31:24	14.21	-0.01	16	22736	卖盘
14:31:21	14.22	0.01	1	1422	买盘
14:31:18	14.21	--	23	32683	卖盘
14:31:15	14.21	-0.01	10	14210	卖盘
14:31:09	14.22	0.01	1	1422	买盘
14:31:06	14.21	--	1	1421	卖盘
14:30:54	14.21	-0.02	10	14210	卖盘
14:30:51	14.23	0.01	36	51228	买盘
14:30:48	14.22	-0.01	52	73944	卖盘
14:30:36	14.23	0.01	4	5692	买盘
14:30:33	14.22	-0.02	1	1422	卖盘
14:30:30	14.24	0.01	75	106800	买盘
14:30:27	14.23	--	77	109571	卖盘
14:30:24	14.23	--	44	62612	卖盘
14:30:21	14.23	--	31	44113	卖盘
14:30:18	14.23	--	10	14230	卖盘
14:30:15	14.23	--	25	35575	卖盘
14:30:09	14.23	--	96	136608	卖盘
14:30:06	14.23	0.01	10	14230	卖盘
14:30:03	14.22	-0.01	5	7110	卖盘
14:30:00	14.23	0.01	51	72573	买盘
14:29:57	14.22	--	40	56880	卖盘
14:29:51	14.22	-0.01	15	21330	卖盘
14:29:45	14.23	--	16	22768	买盘
14:29:36	14.23	--	3	4269	卖盘
14:29:33	14.23	--	5	7115	卖盘
14:29:30	14.23	--	2	2846	卖盘
14:29:27	14.23	--	5	7115	卖盘
14:29:21	14.23	--	13	18499	买盘
14:29:18	14.23	--	63	89649	买盘
14:29:15	14.23	--	10	14230	买盘
14:29:12	14.23	0.01	6	8538	买盘
14:29:09	14.22	--	10	14220	卖盘
14:29:03	14.22	--	33	46926	卖盘
14:28:57	14.22	--	52	73944	卖盘
14:28:54	14.22	--	61	86742	卖盘
14:28:48	14.22	--	41	58302	买盘
14:28:45	14.22	--	5	7110	买盘
14:28:42	14.22	--	10	14220	买盘
14:28:39	14.22	0.01	20	28440	买盘
14:28:33	14.21	--	37	52577	卖盘
14:28:30	14.21	0.01	90	127890	买盘
14:28:27	14.2	--	90	127800	买盘
14:28:24	14.2	--	82	116440	买盘
14:28:21	14.2	--	50	71000	买盘
14:28:18	14.2	--	3	4260	买盘
14:28:15	14.2	--	90	127800	买盘
14:28:12	14.2	--	5	7100	买盘
14:28:09	14.2	0.01	31	44020	买盘
14:28:06	14.19	-0.01	16	22704	卖盘
14:28:03	14.2	0.01	20	28400	买盘
14:28:00	14.19	--	7	9933	卖盘
14:27:57	14.19	-0.01	0	610	卖盘
14:27:54	14.2	0.01	71	100820	买盘
14:27:48	14.19	-0.01	5	7563	卖盘
14:27:45	14.2	0.01	14	19880	买盘
14:27:39	14.19	-0.01	23	32637	卖盘
14:27:33	14.2	0.01	4	5680	买盘
14:27:27	14.19	-0.01	10	14190	卖盘
14:27:24	14.2	--	58	82800	买盘
14:27:21	14.2	0.01	2	2840	买盘
14:27:15	14.19	--	3	4257	卖盘
14:27:09	14.19	0.01	66	93654	买盘
14:27:06	14.18	-0.01	3	4254	卖盘
14:27:00	14.19	--	2	2838	买盘
14:26:57	14.19	--	20	28380	买盘
14:26:54	14.19	0.02	84	119196	买盘
14:26:48	14.17	-0.02	15	21255	卖盘
14:26:45	14.19	0.02	12	17028	买盘
14:26:42	14.17	--	16	22672	买盘
14:26:39	14.17	--	24	34008	卖盘
14:26:36	14.17	-0.02	5	7085	卖盘
14:26:30	14.19	0.02	259	367521	买盘
14:26:27	14.17	-0.01	6	8502	卖盘
14:26:24	14.18	0.01	3	4254	买盘
14:26:21	14.17	--	8	11336	卖盘
14:26:15	14.17	--	15	21255	卖盘
14:26:06	14.17	--	7	9919	卖盘
14:26:03	14.17	--	74	104858	卖盘
14:26:00	14.17	--	67	94939	卖盘
14:25:57	14.17	--	46	65465	卖盘
14:25:54	14.17	0.01	9	12753	买盘
14:25:51	14.16	-0.01	52	73632	卖盘
14:25:48	14.17	--	125	177125	买盘
14:25:45	14.17	--	90	127530	买盘
14:25:42	14.17	--	7	9919	买盘
14:25:39	14.17	0.01	30	42510	买盘
14:25:36	14.16	-0.02	20	28320	卖盘
14:25:33	14.18	0.01	12	17016	买盘
14:25:30	14.17	--	62	87854	卖盘
14:25:27	14.17	--	1	1417	卖盘
14:25:24	14.17	0.01	146	206882	买盘
14:25:21	14.16	--	20	28320	卖盘
14:25:18	14.16	--	207	293650	买盘
14:25:15	14.16	--	15	21240	买盘
14:25:12	14.16	--	98	138768	买盘
14:25:09	14.16	--	34	48144	买盘
14:25:06	14.16	--	73	103368	买盘
14:25:03	14.16	--	21	29736	买盘
14:24:57	14.16	--	11	15576	买盘
14:24:54	14.16	--	130	184957	卖盘
14:24:51	14.16	--	510	722160	卖盘
14:24:48	14.16	--	100	141600	卖盘
14:24:45	14.16	-0.01	26	37863	卖盘
14:24:42	14.17	--	139	196963	买盘
14:24:36	14.17	--	10	14170	买盘
14:24:33	14.17	--	35	49595	买盘
14:24:30	14.17	0.01	14	19838	买盘
14:24:27	14.16	-0.01	35	49560	卖盘
14:24:24	14.17	--	10	14170	买盘
14:24:21	14.17	0.01	15	21255	买盘
14:24:18	14.16	--	8	11328	卖盘
14:24:15	14.16	-0.01	11	15576	卖盘
14:24:12	14.17	--	12	17004	买盘
14:24:09	14.17	0.01	25	35425	买盘
14:24:06	14.16	-0.01	73	103368	卖盘
14:24:03	14.17	0.01	13	18421	买盘
14:24:00	14.16	-0.01	48	67968	卖盘
14:23:57	14.17	0.01	10	14170	中性盘
14:23:54	14.16	--	33	46728	卖盘
14:23:48	14.16	--	31	43896	卖盘
14:23:45	14.16	--	21	29736	卖盘
14:23:42	14.16	--	381	539496	卖盘
14:23:39	14.16	-0.02	20	28320	卖盘
14:23:33	14.18	0.01	14	19852	买盘
14:23:30	14.17	0.01	44	62348	买盘
14:23:27	14.16	-0.01	2	2832	卖盘
14:23:24	14.17	-0.01	113	160121	卖盘
14:23:21	14.18	0.01	23	32614	买盘
14:23:18	14.17	0.01	50	70850	卖盘
14:23:12	14.16	-0.01	97	137352	卖盘
14:23:09	14.17	--	9	13829	买盘
14:23:06	14.17	--	51	72267	买盘
14:23:03	14.17	0.01	11	15587	买盘
14:22:57	14.16	-0.02	279	395403	卖盘
14:22:54	14.18	--	12	17016	买盘
14:22:51	14.18	--	25	35450	买盘
14:22:48	14.18	--	33	46794	卖盘
14:22:42	14.18	--	12	17016	卖盘
14:22:39	14.18	--	55	77990	卖盘
14:22:33	14.18	--	65	92170	卖盘
14:22:27	14.18	--	3	4254	卖盘
14:22:24	14.18	--	10	14180	卖盘
14:22:21	14.18	--	25	35450	卖盘
14:22:18	14.18	--	13	19511	买盘
14:22:15	14.18	--	64	90752	买盘
14:22:12	14.18	0.01	3	4254	买盘
14:22:09	14.17	-0.01	9	12753	卖盘
14:22:06	14.18	--	148	209864	买盘
14:22:03	14.18	--	27	38286	买盘
14:22:00	14.18	0.01	1	1418	买盘
14:21:57	14.17	--	85	120445	卖盘
14:21:54	14.17	--	30	42510	卖盘
14:21:51	14.17	--	28	39676	卖盘
14:21:48	14.17	--	10	14170	卖盘
14:21:42	14.17	0.01	34	48178	买盘
14:21:39	14.16	--	5	7080	卖盘
14:21:36	14.16	--	63	90454	卖盘
14:21:33	14.16	-0.01	62	87792	卖盘
14:21:27	14.17	--	5	7085	买盘
14:21:24	14.17	-0.01	261	370007	卖盘
14:21:21	14.18	--	8	11344	买盘
14:21:18	14.18	--	2	2836	买盘
14:21:15	14.18	--	6	8508	买盘
14:21:12	14.18	--	232	329231	卖盘
14:21:09	14.18	--	28	39704	卖盘
14:21:06	14.18	--	14	21014	卖盘
14:21:03	14.18	-0.01	19	26942	卖盘
14:21:00	14.19	--	2	2838	买盘
14:20:54	14.19	0.01	17	24123	买盘
14:20:51	14.18	--	23	32614	卖盘
14:20:45	14.18	-0.01	2	2836	卖盘
14:20:42	14.19	--	10	14190	买盘
14:20:39	14.19	--	94	133386	买盘
14:20:36	14.19	-0.01	562	797563	卖盘
14:20:30	14.2	--	32	46774	买盘
14:20:27	14.2	--	5	7100	买盘
14:20:24	14.2	--	200	284000	买盘
14:20:21	14.2	--	5	7100	买盘
14:20:18	14.2	--	304	431680	买盘
14:20:15	14.2	--	12	17040	买盘
14:20:12	14.2	--	15	21300	买盘
14:20:06	14.2	--	214	303880	买盘
14:20:03	14.2	--	5	7100	买盘
14:20:00	14.2	-0.03	138	196158	卖盘
14:19:54	14.23	0.02	10	15453	买盘
14:19:51	14.21	0.01	6	8526	买盘
14:19:45	14.2	-0.01	50	71000	卖盘
14:19:39	14.21	0.01	31	44051	买盘
14:19:36	14.2	--	237	336540	卖盘
14:19:30	14.2	--	30	42600	卖盘
14:19:27	14.2	--	229	325180	买盘
14:19:21	14.2	0.01	7	9940	买盘
14:19:18	14.19	-0.01	1	1419	卖盘
14:19:15	14.2	--	11	15620	买盘
14:19:12	14.2	0.01	20	28400	买盘
14:19:09	14.19	-0.01	6	8514	卖盘
14:19:06	14.2	--	43	61060	买盘
14:19:03	14.2	0.01	12	17040	买盘
14:18:57	14.19	-0.01	6	8514	卖盘
14:18:54	14.2	0.01	76	107920	买盘
14:18:51	14.19	--	8	11352	卖盘
14:18:48	14.19	--	43	61017	卖盘
14:18:42	14.19	0.01	34	48246	买盘
14:18:39	14.18	--	10	14180	卖盘
14:18:36	14.18	-0.02	34	48212	卖盘
14:18:33	14.2	0.02	178	252760	买盘
14:18:30	14.18	0.01	12	17016	卖盘
14:18:27	14.17	--	78	110526	卖盘
14:18:21	14.17	--	50	70850	卖盘
14:18:15	14.17	-0.01	501	711163	卖盘
14:18:12	14.18	0.01	24	34032	买盘
14:18:09	14.17	--	9	12753	卖盘
14:18:03	14.17	-0.01	10	14170	卖盘
14:18:00	14.18	--	20	28360	买盘
14:17:57	14.18	-0.01	190	269590	卖盘
14:17:54	14.19	0.01	203	288057	买盘
14:17:48	14.18	-0.01	24	34032	卖盘
14:17:45	14.19	0.01	15	21285	买盘
14:17:42	14.18	-0.01	35	49630	卖盘
14:17:39	14.19	0.01	8	11352	买盘
14:17:36	14.18	--	10	14180	卖盘
14:17:33	14.18	--	40	56720	卖盘
14:17:27	14.18	-0.01	24	34032	卖盘
14:17:24	14.19	--	33	46827	卖盘
14:17:21	14.19	--	12	17028	买盘
14:17:15	14.19	0.01	90	127710	买盘
14:17:12	14.18	-0.01	76	108165	卖盘
14:17:09	14.19	0.01	28	39732	买盘
14:17:06	14.18	--	60	85080	卖盘
14:17:03	14.18	--	68	96424	卖盘
14:17:00	14.18	--	21	29778	卖盘
14:16:57	14.18	-0.01	5	7090	卖盘
14:16:54	14.19	--	45	63855	买盘
14:16:51	14.19	--	45	63855	买盘
14:16:48	14.19	--	1	1419	买盘
14:16:42	14.19	0.01	11	15609	买盘
14:16:39	14.18	-0.01	20	28360	卖盘
14:16:36	14.19	0.01	5	7095	买盘
14:16:33	14.18	-0.01	73	103514	卖盘
14:16:30	14.19	--	19	26961	买盘
14:16:24	14.19	--	171	242649	卖盘
14:16:21	14.19	--	8	11352	卖盘
14:16:18	14.19	--	5	7095	卖盘
14:16:12	14.19	--	36	51084	卖盘
14:16:09	14.19	--	49	69531	卖盘
14:16:03	14.19	--	35	49665	卖盘
14:15:57	14.19	0.01	44	62436	卖盘
14:15:54	14.18	--	76	107768	卖盘
14:15:51	14.18	--	150	212700	卖盘
14:15:48	14.18	-0.01	8	11344	卖盘
14:15:45	14.19	0.01	2	2838	买盘
14:15:42	14.18	-0.01	34	48212	卖盘
14:15:39	14.19	0.01	10	14190	买盘
14:15:36	14.18	--	16	22688	卖盘
14:15:33	14.18	--	45	63810	卖盘
14:15:27	14.18	--	75	106350	卖盘
14:15:21	14.18	-0.01	41	58974	卖盘
14:15:18	14.19	--	43	61017	买盘
14:15:15	14.19	--	30	42570	买盘
14:15:12	14.19	--	3	4257	买盘
14:15:09	14.19	--	11	15609	买盘
14:15:06	14.19	0.01	25	35475	中性盘
14:14:57	14.18	--	126	178668	卖盘
14:14:54	14.18	-0.01	7	9926	卖盘
14:14:51	14.19	--	44	63259	买盘
14:14:45	14.19	--	3	4257	买盘
14:14:42	14.19	--	20	28380	买盘
14:14:39	14.19	--	5	7095	买盘
14:14:36	14.19	-0.02	12	17028	买盘
14:14:33	14.21	0.02	189	268569	买盘
14:14:30	14.19	-0.01	320	454278	卖盘
14:14:27	14.2	--	20	28400	买盘
14:14:24	14.2	--	8	11360	买盘
14:14:21	14.2	0.01	147	208740	买盘
14:14:18	14.19	--	8	11352	卖盘
14:14:12	14.19	--	31	44074	卖盘
14:14:06	14.19	--	1	1419	卖盘
14:14:03	14.19	--	200	283800	卖盘
14:14:00	14.19	-0.01	11	15609	卖盘
14:13:57	14.2	0.01	60	85200	买盘
14:13:54	14.19	-0.01	8	11352	卖盘
14:13:48	14.2	--	12	18176	买盘
14:13:45	14.2	0.01	51	72420	买盘
14:13:42	14.19	-0.01	60	85140	卖盘
14:13:39	14.2	0.01	29	41180	卖盘
14:13:36	14.19	--	14	19866	卖盘
14:13:33	14.19	-0.01	6	8514	卖盘
14:13:27	14.2	--	5	7100	买盘
14:13:24	14.2	0.01	5	7100	买盘
14:13:21	14.19	--	12	17028	卖盘
14:13:18	14.19	-0.01	18	25542	卖盘
14:13:15	14.2	0.01	20	28400	买盘
14:13:09	14.19	-0.01	93	131967	卖盘
14:13:06	14.2	--	10	14200	卖盘
14:13:03	14.2	--	10	14200	卖盘
14:12:57	14.2	--	30	42600	卖盘
14:12:54	14.2	--	70	99400	买盘
14:12:51	14.2	--	11	15620	买盘
14:12:48	14.2	--	10	14200	买盘
14:12:45	14.2	--	4	5680	买盘
14:12:42	14.2	--	110	156200	买盘
14:12:39	14.2	--	73	103660	买盘
14:12:36	14.2	--	5	7100	买盘
14:12:33	14.2	--	2	2840	买盘
14:12:30	14.2	--	27	38340	卖盘
14:12:21	14.2	--	20	28400	买盘
14:12:18	14.2	--	50	71000	卖盘
14:12:15	14.2	--	201	285420	卖盘
14:12:09	14.2	--	7	9940	买盘
14:12:06	14.2	--	13	18460	买盘
14:12:03	14.2	--	26	36920	买盘
14:12:00	14.2	--	32	45440	买盘
14:11:51	14.2	--	23	32660	买盘
14:11:48	14.2	0.01	5	7100	买盘
14:11:45	14.19	--	12	17028	卖盘
14:11:42	14.19	--	4	5676	卖盘
14:11:33	14.19	-0.04	13	18447	卖盘
14:11:24	14.23	0.04	1	1423	买盘
14:11:18	14.19	-0.01	119	168861	卖盘
14:11:15	14.2	--	14	19880	卖盘
14:11:12	14.2	0.02	7	9940	中性盘
14:10:57	14.18	-0.04	913	1294634	卖盘
14:10:54	14.22	--	47	66834	买盘
14:10:48	14.22	0.01	4	5688	买盘
14:10:39	14.21	--	23	32683	卖盘
14:10:36	14.21	--	39	55419	卖盘
14:10:33	14.21	--	29	41209	卖盘
14:10:30	14.21	0.01	127	180964	买盘
14:10:27	14.2	--	180	256523	卖盘
14:10:21	14.2	--	21	30416	卖盘
14:10:09	14.2	--	11	15620	卖盘
14:10:06	14.2	--	17	24140	卖盘
14:10:00	14.2	--	123	174660	卖盘
14:09:57	14.2	--	13	18460	卖盘
14:09:54	14.2	-0.01	18	25560	卖盘
14:09:51	14.21	0.01	21	29841	买盘
14:09:48	14.2	-0.01	7	9940	卖盘
14:09:45	14.21	--	388	551348	买盘
14:09:42	14.21	0.01	21	29841	买盘
14:09:39	14.2	-0.01	400	568000	卖盘
14:09:27	14.21	--	5	7105	买盘
14:09:24	14.21	--	50	71050	买盘
14:09:18	14.21	-0.02	131	186151	卖盘
14:09:12	14.23	0.01	5	7115	买盘
14:09:06	14.22	-0.01	23	32706	中性盘
14:09:00	14.23	--	2	2846	买盘
14:08:54	14.23	-0.01	15	21345	中性盘
14:08:42	14.24	0.04	1	1424	买盘
14:08:36	14.2	-0.05	880	1249600	卖盘
14:08:33	14.25	--	18	25650	买盘
14:08:27	14.25	0.01	112	159600	买盘
14:08:24	14.24	-0.01	14	20420	卖盘
14:08:21	14.25	0.01	1	1425	买盘
14:08:15	14.24	--	20	28480	卖盘
14:08:12	14.24	--	12	17088	卖盘
14:08:09	14.24	--	106	150944	卖盘
14:08:06	14.24	-0.01	3	4272	卖盘
14:08:03	14.25	--	10	14250	买盘
14:08:00	14.25	--	5	7125	买盘
14:07:57	14.25	--	9	12825	买盘
14:07:54	14.25	--	16	22800	买盘
14:07:48	14.25	--	20	28500	买盘
14:07:42	14.25	--	10	14250	买盘
14:07:36	14.25	-0.02	56	80142	卖盘
14:07:33	14.27	--	68	97036	卖盘
14:07:30	14.27	0.01	98	140930	买盘
14:07:27	14.26	--	7	9982	卖盘
14:07:18	14.26	--	2	2852	卖盘
14:07:15	14.26	--	23	32798	卖盘
14:07:12	14.26	0.01	235	335110	买盘
14:07:09	14.25	0.01	12	17100	买盘
14:07:06	14.24	-0.01	0	939	中性盘
14:06:57	14.25	0.01	123	175275	买盘
14:06:51	14.24	--	13	18512	卖盘
14:06:39	14.24	0.01	35	51178	买盘
14:06:36	14.23	--	15	21345	卖盘
14:06:33	14.23	--	62	88226	卖盘
14:06:30	14.23	--	20	28460	卖盘
14:06:24	14.23	--	16	22768	卖盘
14:06:21	14.23	-0.01	7	9961	卖盘
14:06:15	14.24	--	5	7120	买盘
14:06:12	14.24	--	20	28480	买盘
14:06:09	14.24	--	20	28480	买盘
14:06:06	14.24	--	40	56960	买盘
14:06:03	14.24	0.01	10	14240	买盘
14:05:57	14.23	-0.01	23	32729	卖盘
14:05:51	14.24	--	10	14240	买盘
14:05:48	14.24	--	2	2848	买盘
14:05:45	14.24	-0.01	90	128245	卖盘
14:05:42	14.25	-0.01	40	57000	卖盘
14:05:36	14.26	--	190	271866	买盘
14:05:33	14.26	--	40	57040	买盘
14:05:30	14.26	--	3	4278	买盘
14:05:24	14.26	0.01	41	58466	买盘
14:05:18	14.25	-0.01	2	2850	卖盘
14:05:12	14.26	0.01	3	4278	买盘
14:05:03	14.25	--	6	8550	卖盘
14:04:57	14.25	--	7	9975	卖盘
14:04:54	14.25	--	1	1425	卖盘
14:04:51	14.25	--	52	74100	卖盘
14:04:45	14.25	--	6	8550	卖盘
14:04:42	14.25	--	6	8550	卖盘
14:04:30	14.25	--	6	8550	卖盘
14:04:27	14.25	--	7	9975	卖盘
14:04:15	14.25	-0.01	52	74100	卖盘
14:04:12	14.26	--	9	12834	卖盘
14:04:09	14.26	0.01	5	7130	买盘
14:04:06	14.25	-0.02	10	14250	卖盘
14:04:00	14.27	0.01	33	47091	买盘
14:03:54	14.26	--	70	99820	卖盘
14:03:51	14.26	--	3	4278	卖盘
14:03:48	14.26	-0.01	11	15686	卖盘
14:03:42	14.27	0.01	40	57080	买盘
14:03:39	14.26	-0.01	108	154008	卖盘
14:03:33	14.27	0.01	32	45664	买盘
14:03:27	14.26	--	20	28520	卖盘
14:03:24	14.26	--	102	145452	卖盘
14:03:21	14.26	--	26	37076	卖盘
14:03:15	14.26	-0.01	1	1426	卖盘
14:03:09	14.27	0.01	3	5636	买盘
14:03:06	14.26	--	19	27165	卖盘
14:03:00	14.26	--	0	1354	买盘
14:02:57	14.26	--	3	4349	卖盘
14:02:54	14.26	--	81	115506	卖盘
14:02:51	14.26	-0.01	10	14260	卖盘
14:02:48	14.27	0.01	2	2854	买盘
14:02:45	14.26	-0.01	2	2852	卖盘
14:02:33	14.27	--	5	7135	买盘
14:02:30	14.27	--	13	18551	买盘
14:02:24	14.27	--	10	14270	买盘
14:02:21	14.27	--	50	71350	买盘
14:02:18	14.27	-0.01	44	63130	卖盘
14:02:15	14.28	0.01	12	17136	买盘
14:02:12	14.27	-0.01	6	9646	卖盘
14:02:06	14.28	--	6	8568	买盘
14:02:03	14.28	0.01	4	5712	买盘
14:02:00	14.27	-0.01	12	17124	卖盘
14:01:57	14.28	--	10	14280	买盘
14:01:54	14.28	--	10	14280	买盘
14:01:51	14.28	--	1	1428	买盘
14:01:48	14.28	-0.01	24	34272	卖盘
14:01:45	14.29	0.01	7	10003	买盘
14:01:42	14.28	--	5	7140	卖盘
14:01:39	14.28	-0.01	151	215628	卖盘
14:01:36	14.29	0.01	10	14290	买盘
14:01:30	14.28	-0.01	20	28560	中性盘
14:01:21	14.29	0.01	52	74308	买盘
14:01:18	14.28	--	103	147084	买盘
14:01:12	14.28	-0.01	131	187068	卖盘
14:01:06	14.29	0.01	21	30009	买盘
14:01:00	14.28	--	35	49980	卖盘
14:00:57	14.28	0.01	10	14280	中性盘
14:00:51	14.27	--	7	9989	卖盘
14:00:48	14.27	--	1	1427	卖盘
14:00:45	14.27	--	20	28540	卖盘
14:00:42	14.27	0.01	30	42810	卖盘
14:00:39	14.26	-0.01	5	7130	卖盘
14:00:33	14.27	--	3	4281	卖盘
14:00:30	14.27	--	3	4937	买盘
14:00:27	14.27	0.01	103	146981	买盘
14:00:24	14.26	--	1	1426	卖盘
14:00:21	14.26	-0.01	53	75578	卖盘
14:00:18	14.27	0.01	48	68496	买盘
14:00:15	14.26	-0.01	40	57040	卖盘
14:00:12	14.27	0.01	2	2854	买盘
14:00:06	14.26	--	12	17112	卖盘
14:00:03	14.26	--	4	6402	买盘
14:00:00	14.26	--	10	14260	买盘
13:59:51	14.26	--	6	8556	买盘
13:59:48	14.26	0.01	20	28520	买盘
13:59:42	14.25	--	5	7125	卖盘
13:59:39	14.25	--	20	28500	卖盘
13:59:36	14.25	--	8	11884	买盘
13:59:33	14.25	0.01	20	28500	买盘
13:59:30	14.24	-0.01	50	71200	卖盘
13:59:24	14.25	--	30	42750	买盘
13:59:21	14.25	0.01	10	14250	买盘
13:59:15	14.24	--	55	78320	买盘
13:59:09	14.24	0.01	4	5696	买盘
13:59:03	14.23	--	5	7115	卖盘
13:59:00	14.23	-0.02	13	18499	中性盘
13:58:54	14.25	0.02	21	29925	买盘
13:58:39	14.23	0.01	198	281754	中性盘
13:58:36	14.22	-0.01	20	28440	卖盘
13:58:33	14.23	0.01	4	5692	中性盘
13:58:30	14.22	-0.01	20	28440	卖盘
13:58:27	14.23	--	31	44924	买盘
13:58:24	14.23	--	8	11384	买盘
13:58:18	14.23	--	56	79688	买盘
13:58:15	14.23	0.01	20	28929	买盘
13:58:12	14.22	--	12	17064	卖盘
13:58:09	14.22	-0.01	1	1422	卖盘
13:58:03	14.23	--	3	4269	买盘
13:57:57	14.23	--	15	21345	买盘
13:57:45	14.23	--	5	7115	买盘
13:57:42	14.23	0.01	10	14230	买盘
13:57:39	14.22	--	67	95885	卖盘
13:57:36	14.22	--	129	183438	卖盘
13:57:30	14.22	--	35	49770	卖盘
13:57:21	14.22	-0.01	20	28440	卖盘
13:57:18	14.23	0.01	12	17887	买盘
13:57:09	14.22	0.01	5	7110	买盘
13:57:06	14.21	--	5	7105	卖盘
13:57:03	14.21	-0.01	4	5684	卖盘
13:57:00	14.22	0.01	11	15642	买盘
13:56:57	14.21	--	33	46893	卖盘
13:56:51	14.21	--	25	35525	卖盘
13:56:45	14.21	0.01	140	200233	买盘
13:56:39	14.2	--	6	8520	卖盘
13:56:36	14.2	--	6	8520	卖盘
13:56:33	14.2	--	25	35500	卖盘
13:56:30	14.2	-0.01	31	44020	卖盘
13:56:21	14.21	--	31	44051	买盘
13:56:18	14.21	--	5	7105	买盘
13:56:15	14.21	--	3	4263	买盘
13:56:12	14.21	--	2	2842	买盘
13:56:09	14.21	0.01	1	1421	买盘
13:56:00	14.2	--	40	56800	卖盘
13:55:51	14.2	-0.01	177	251340	卖盘
13:55:48	14.21	-0.01	15	21315	卖盘
13:55:42	14.22	-0.01	79	112338	卖盘
13:55:36	14.23	--	15	21345	买盘
13:55:30	14.23	--	30	42690	买盘
13:55:27	14.23	--	1	1423	买盘
13:55:18	14.23	--	8	11384	卖盘
13:55:09	14.23	--	103	146569	卖盘
13:55:03	14.23	-0.01	5	7115	卖盘
13:55:00	14.24	--	19	27056	买盘
13:54:45	14.24	--	28	40527	卖盘
13:54:36	14.24	--	21	30672	买盘
13:54:33	14.24	--	6	8544	买盘
13:54:30	14.24	--	146	208559	卖盘
13:54:27	14.24	--	10	14240	卖盘
13:54:24	14.24	--	2	2848	卖盘
13:54:21	14.24	--	22	31328	卖盘
13:54:18	14.24	--	1	1424	卖盘
13:54:12	14.24	0.01	128	183040	买盘
13:54:03	14.23	-0.01	10	14230	卖盘
13:54:00	14.24	0.01	13	18512	买盘
13:53:57	14.23	-0.01	15	21345	卖盘
13:53:54	14.24	--	10	14240	买盘
13:53:51	14.24	0.01	7	9968	买盘
13:53:45	14.23	--	3	4269	卖盘
13:53:36	14.23	-0.01	25	35575	卖盘
13:53:30	14.24	0.01	5	7120	买盘
13:53:15	14.23	--	9	12807	买盘
13:53:12	14.23	0.01	28	39844	买盘
13:53:09	14.22	--	2	2844	卖盘
13:53:03	14.22	0.01	4	5688	中性盘
13:52:57	14.21	-0.02	7	9947	卖盘
13:52:54	14.23	--	20	28460	买盘
13:52:51	14.23	--	1	1423	买盘
13:52:45	14.23	0.03	9	12807	买盘
13:52:36	14.2	--	15	21427	买盘
13:52:33	14.2	--	1	1420	买盘
13:52:30	14.2	-0.04	483	687152	卖盘
13:52:12	14.24	0.01	100	142400	买盘
13:52:09	14.23	--	238	338674	买盘
13:52:06	14.23	-0.01	152	216950	卖盘
13:52:00	14.24	--	1	1424	买盘
13:51:57	14.24	-0.01	89	126736	卖盘
13:51:54	14.25	0.01	147	209475	买盘
13:51:48	14.24	--	5	7120	卖盘
13:51:45	14.24	--	1	1424	卖盘
13:51:42	14.24	--	10	14240	卖盘
13:51:39	14.24	--	1	1424	卖盘
13:51:33	14.24	-0.01	1	1424	卖盘
13:51:30	14.25	0.01	9	12825	买盘
13:51:27	14.24	--	131	186544	卖盘
13:51:24	14.24	0.01	51	72624	买盘
13:51:21	14.23	-0.01	9	12807	卖盘
13:51:15	14.24	0.01	3	4272	买盘
13:51:12	14.23	--	1	1536	卖盘
13:51:09	14.23	--	47	66881	卖盘
13:51:03	14.23	-0.01	70	99610	卖盘
13:51:00	14.24	0.01	16	22784	买盘
13:50:57	14.23	--	11	15653	卖盘
13:50:54	14.23	-0.01	8	11384	卖盘
13:50:48	14.24	--	26	37024	买盘
13:50:45	14.24	0.01	10	14240	买盘
13:50:39	14.23	--	15	21345	卖盘
13:50:36	14.23	-0.01	6	8538	卖盘
13:50:27	14.24	0.01	18	25632	买盘
13:50:24	14.23	-0.01	1	1423	卖盘
13:50:15	14.24	--	17	24208	买盘
13:50:12	14.24	--	3	4272	买盘
13:50:09	14.24	--	4	5696	买盘
13:50:06	14.24	0.01	10	14240	买盘
13:50:03	14.23	-0.01	8	11469	卖盘
13:50:00	14.24	--	7	9968	买盘
13:49:54	14.24	--	17	24208	卖盘
13:49:51	14.24	--	9	12816	买盘
13:49:48	14.24	--	2	2848	买盘
13:49:45	14.24	--	8	11392	买盘
13:49:42	14.24	--	26	37024	买盘
13:49:39	14.24	-0.02	5	7120	中性盘
13:49:27	14.26	0.01	187	266662	买盘
13:49:18	14.25	0.02	8	11400	买盘
13:49:12	14.23	--	10	14230	卖盘
13:49:09	14.23	-0.02	58	82534	卖盘
13:49:06	14.25	--	5	7125	买盘
13:49:00	14.25	--	10	14250	买盘
13:48:54	14.25	--	11	15675	买盘
13:48:51	14.25	0.02	1	1425	买盘
13:48:48	14.23	-0.02	5	7115	卖盘
13:48:45	14.25	0.02	28	39900	买盘
13:48:42	14.23	-0.01	6	8538	卖盘
13:48:39	14.24	--	17	24208	买盘
13:48:36	14.24	--	3	4272	买盘
13:48:27	14.24	0.02	21	30473	买盘
13:48:21	14.22	-0.01	24	34981	卖盘
13:48:18	14.23	--	12	17076	卖盘
13:48:15	14.23	--	37	53220	买盘
13:48:12	14.23	0.01	115	163645	买盘
13:48:09	14.22	--	10	14220	卖盘
13:48:06	14.22	--	4	5688	卖盘
13:48:03	14.22	--	10	14220	卖盘
13:48:00	14.22	--	12	17064	买盘
13:47:57	14.22	-0.01	17	24174	中性盘
13:47:54	14.23	--	133	189259	买盘
13:47:42	14.23	0.01	112	159376	买盘
13:47:39	14.22	--	45	64388	买盘
13:47:36	14.22	--	2	2844	买盘
13:47:27	14.22	0.01	2	2844	买盘
13:47:21	14.21	--	94	133574	卖盘
13:47:18	14.21	--	83	117943	卖盘
13:47:15	14.21	--	9	12789	买盘
13:47:12	14.21	--	35	49735	买盘
13:47:09	14.21	--	61	86681	买盘
13:47:06	14.21	0.01	57	80997	买盘
13:47:03	14.2	--	21	29820	卖盘
13:47:00	14.2	--	29	41180	卖盘
13:46:57	14.2	--	53	75260	卖盘
13:46:54	14.2	--	49	69580	卖盘
13:46:51	14.2	--	13	19610	买盘
13:46:48	14.2	--	6	8520	买盘
13:46:42	14.2	--	5	7100	买盘
13:46:39	14.2	--	89	126380	买盘
13:46:36	14.2	--	68	96560	买盘
13:46:33	14.2	-0.01	102	145109	卖盘
13:46:30	14.21	-0.01	6	8526	卖盘
13:46:27	14.22	0.01	104	147888	买盘
13:46:24	14.21	0.01	1	1421	中性盘
13:46:12	14.2	-0.01	115	163300	卖盘
13:46:09	14.21	--	13	18473	买盘
13:46:06	14.21	--	5	7105	买盘
13:46:03	14.21	--	10	14210	买盘
13:46:00	14.21	0.01	5	7105	买盘
13:45:54	14.2	--	5	7100	卖盘
13:45:51	14.2	--	60	85739	卖盘
13:45:42	14.2	--	31	44630	买盘
13:45:39	14.2	0.01	201	285420	买盘
13:45:36	14.19	--	5	7095	卖盘
13:45:33	14.19	--	7	9933	卖盘
13:45:30	14.19	--	20	28621	买盘
13:45:27	14.19	0.01	20	28380	买盘
13:45:24	14.18	-0.01	38	53884	卖盘
13:45:18	14.19	--	1	1419	买盘
13:45:15	14.19	--	5	7095	买盘
13:45:12	14.19	0.01	4	5676	买盘
13:45:09	14.18	--	274	388532	买盘
13:45:06	14.18	0.01	49	69482	买盘
13:45:03	14.17	--	70	99190	卖盘
13:45:00	14.17	--	15	21255	卖盘
13:44:57	14.17	--	55	77935	买盘
13:44:54	14.17	0.01	26	36842	买盘
13:44:51	14.16	-0.01	73	103368	卖盘
13:44:48	14.17	--	54	76518	买盘
13:44:45	14.17	0.02	29	41093	买盘
13:44:42	14.15	-0.01	30	42450	卖盘
13:44:39	14.16	--	289	409224	卖盘
13:44:36	14.16	--	25	35400	买盘
13:44:33	14.16	0.01	72	101952	买盘
13:44:30	14.15	--	72	101880	卖盘
13:44:27	14.15	--	41	58015	卖盘
13:44:21	14.15	-0.01	90	127350	卖盘
13:44:18	14.16	--	634	897744	买盘
13:44:12	14.16	-0.01	23	32568	卖盘
13:44:09	14.17	--	540	765180	买盘
13:44:06	14.17	-0.02	10	14170	中性盘
13:44:03	14.19	0.01	99	141772	买盘
13:44:00	14.18	0.01	59	83662	买盘
13:43:57	14.17	-0.01	240	340080	卖盘
13:43:51	14.18	--	30	42540	买盘
13:43:45	14.18	--	17	24914	卖盘
13:43:42	14.18	-0.01	153	217563	卖盘
13:43:39	14.19	0.01	12	17028	买盘
13:43:36	14.18	--	55	77990	卖盘
13:43:30	14.18	--	66	93588	卖盘
13:43:27	14.18	--	65	92170	卖盘
13:43:24	14.18	-0.01	11	15598	卖盘
13:43:21	14.19	--	46	65274	买盘
13:43:18	14.19	--	4	5676	买盘
13:43:15	14.19	--	46	65274	卖盘
13:43:12	14.19	--	288	408672	卖盘
13:43:09	14.19	--	26	36894	卖盘
13:43:06	14.19	--	287	407253	卖盘
13:43:03	14.19	-0.01	108	153252	卖盘
13:43:00	14.2	0.01	45	63900	买盘
13:42:57	14.19	--	11	15609	卖盘
13:42:51	14.19	-0.01	16	22704	卖盘
13:42:48	14.2	--	1	1420	买盘
13:42:45	14.2	--	148	210160	卖盘
13:42:42	14.2	-0.01	57	80940	卖盘
13:42:39	14.21	0.01	16	22736	买盘
13:42:36	14.2	-0.01	17	24140	卖盘
13:42:33	14.21	0.01	1	1421	买盘
13:42:30	14.2	--	70	99400	卖盘
13:42:27	14.2	--	43	61060	卖盘
13:42:24	14.2	--	18	25560	卖盘
13:42:21	14.2	--	37	52540	卖盘
13:42:18	14.2	--	34	48280	卖盘
13:42:15	14.2	-0.01	32	45440	卖盘
13:42:12	14.21	--	30	42630	买盘
13:42:09	14.21	--	1	1421	买盘
13:42:00	14.21	--	10	14210	买盘
13:41:57	14.21	--	6	8526	买盘
13:41:54	14.21	--	5	7105	买盘
13:41:51	14.21	--	41	59070	卖盘
13:41:48	14.21	-0.01	108	153865	卖盘
13:41:45	14.22	--	16	22752	买盘
13:41:42	14.22	0.01	4	5688	买盘
13:41:39	14.21	--	20	28420	卖盘
13:41:33	14.21	-0.01	1	1421	卖盘
13:41:18	14.22	--	3	4266	买盘
13:41:15	14.22	--	10	14220	卖盘
13:41:12	14.22	--	26	36972	卖盘
13:41:09	14.22	--	15	21330	卖盘
13:41:00	14.22	--	10	14220	卖盘
13:40:54	14.22	0.01	34	48348	中性盘
13:40:51	14.21	--	11	15631	卖盘
13:40:48	14.21	--	21	29841	卖盘
13:40:45	14.21	-0.02	12	17052	卖盘
13:40:36	14.23	0.02	15	21345	买盘
13:40:33	14.21	--	10	14210	卖盘
13:40:30	14.21	--	10	14210	卖盘
13:40:21	14.21	--	8	11368	卖盘
13:40:18	14.21	--	148	210521	卖盘
13:40:12	14.21	--	48	68208	卖盘
13:40:09	14.21	-0.01	16	22736	卖盘
13:40:06	14.22	0.01	10	14220	买盘
13:40:03	14.21	-0.01	1	1421	卖盘
13:39:54	14.22	0.01	7	9954	买盘
13:39:51	14.21	-0.01	40	56840	卖盘
13:39:45	14.22	--	33	46926	买盘
13:39:36	14.22	--	18	25596	卖盘
13:39:33	14.22	--	52	73944	卖盘
13:39:30	14.22	-0.01	7	9954	卖盘
13:39:24	14.23	--	2	2846	买盘
13:39:21	14.23	0.01	8	11384	买盘
13:39:18	14.22	-0.01	8	11376	卖盘
13:39:06	14.23	--	10	14230	买盘
13:39:03	14.23	--	1	1423	买盘
13:39:00	14.23	--	14	19922	买盘
13:38:57	14.23	--	15	21345	买盘
13:38:54	14.23	--	8	11384	买盘
13:38:48	14.23	0.01	12	17076	买盘
13:38:42	14.22	--	81	115182	买盘
13:38:36	14.22	0.02	21	29862	买盘
13:38:27	14.2	-0.02	74	105080	卖盘
13:38:24	14.22	--	2	2844	买盘
13:38:18	14.22	--	201	285822	买盘
13:38:15	14.22	--	49	69678	卖盘
13:38:12	14.22	0.01	1	1422	卖盘
13:38:09	14.21	--	15	21315	买盘
13:38:06	14.21	-0.02	6	8526	卖盘
13:38:03	14.23	0.02	28	39844	买盘
13:37:54	14.21	0.02	2	2842	中性盘
13:37:48	14.19	-0.03	212	300828	卖盘
13:37:45	14.22	0.01	4	5688	买盘
13:37:39	14.21	0.01	51	72471	买盘
13:37:33	14.2	0.01	3	4260	中性盘
13:37:30	14.19	-0.02	80	113520	卖盘
13:37:24	14.21	--	13	18473	买盘
13:37:21	14.21	0.01	25	35525	买盘
13:37:15	14.2	--	167	237140	卖盘
13:37:09	14.2	--	9	12780	卖盘
13:37:06	14.2	-0.01	19	26980	卖盘
13:37:03	14.21	--	26	36946	买盘
13:36:57	14.21	0.04	1	1421	买盘
13:36:54	14.17	-0.03	918	1300806	卖盘
13:36:48	14.2	--	18	26341	买盘
13:36:45	14.2	--	128	181760	买盘
13:36:42	14.2	0.01	34	48280	买盘
13:36:39	14.19	-0.01	145	206705	卖盘
13:36:36	14.2	--	14	19880	买盘
13:36:33	14.2	--	62	88040	买盘
13:36:30	14.2	--	13	18460	买盘
13:36:27	14.2	--	6	8520	买盘
13:36:24	14.2	--	35	49700	买盘
13:36:21	14.2	0.01	15	21300	买盘
13:36:12	14.19	--	1	1887	买盘
13:36:09	14.19	--	203	288057	买盘
13:36:06	14.19	--	24	34056	买盘
13:36:03	14.19	0.01	28	39732	买盘
13:36:00	14.18	--	24	34032	卖盘
13:35:57	14.18	-0.01	128	182411	卖盘
13:35:54	14.19	0.01	17	24123	买盘
13:35:51	14.18	--	20	28360	卖盘
13:35:48	14.18	--	58	82244	卖盘
13:35:45	14.18	-0.01	92	130456	卖盘
13:35:42	14.19	--	38	53922	买盘
13:35:39	14.19	--	52	73788	买盘
13:35:33	14.19	--	1	1419	买盘
13:35:30	14.19	-0.01	145	206861	卖盘
13:35:27	14.2	0.01	15	21300	买盘
13:35:24	14.19	--	19	26961	卖盘
13:35:21	14.19	-0.01	72	102480	卖盘
13:35:18	14.2	0.01	4	5680	买盘
13:35:15	14.19	-0.01	70	99330	卖盘
13:35:12	14.2	0.01	2	2840	买盘
13:35:09	14.19	--	78	110682	卖盘
13:35:06	14.19	-0.01	12	17028	卖盘
13:35:03	14.2	-0.01	156	221520	卖盘
13:35:00	14.21	0.01	80	113680	买盘
13:34:54	14.2	--	31	44020	卖盘
13:34:51	14.2	-0.01	31	44020	卖盘
13:34:48	14.21	0.01	106	150626	买盘
13:34:45	14.2	--	16	22720	卖盘
13:34:42	14.2	-0.01	7	9940	卖盘
13:34:39	14.21	0.01	29	41209	买盘
13:34:36	14.2	--	17	24140	卖盘
13:34:27	14.2	--	92	130640	买盘
13:34:24	14.2	--	22	31240	买盘
13:34:21	14.2	--	20	28400	买盘
13:34:18	14.2	0.01	319	452980	买盘
13:34:15	14.19	--	58	82302	卖盘
13:34:12	14.19	-0.01	145	205755	卖盘
13:34:09	14.2	0.01	49	69580	买盘
13:34:06	14.19	-0.01	1	1419	卖盘
13:34:03	14.2	0.01	40	56800	买盘
13:34:00	14.19	--	39	55383	卖盘
13:33:57	14.19	-0.01	99	140481	卖盘
13:33:54	14.2	0.01	53	75260	买盘
13:33:51	14.19	--	25	35475	卖盘
13:33:45	14.19	-0.02	8	11352	卖盘
13:33:42	14.21	0.01	90	127890	买盘
13:33:39	14.2	--	152	215840	卖盘
13:33:36	14.2	0.01	9	12780	卖盘
13:33:33	14.19	-0.01	246	350308	卖盘
13:33:30	14.2	--	88	124960	买盘
13:33:27	14.2	--	33	46860	买盘
13:33:24	14.2	--	635	901884	卖盘
13:33:21	14.2	--	111	157620	卖盘
13:33:18	14.2	--	62	88040	卖盘
13:33:12	14.2	-0.01	60	85200	卖盘
13:33:09	14.21	-0.01	1016	1443736	卖盘
13:33:06	14.22	0.02	13	18486	买盘
13:33:03	14.2	-0.02	992	1408640	卖盘
13:33:00	14.22	--	1	1422	买盘
13:32:57	14.22	-0.01	1065	1514430	卖盘
13:32:51	14.23	0.01	2	2846	卖盘
13:32:48	14.22	-0.01	69	98118	卖盘
13:32:42	14.23	0.01	1	1423	卖盘
13:32:39	14.22	-0.01	50	71100	卖盘
13:32:36	14.23	0.01	160	227680	买盘
13:32:30	14.22	-0.01	27	38394	卖盘
13:32:27	14.23	--	21	29883	买盘
13:32:24	14.23	--	3	4269	买盘
13:32:21	14.23	--	30	42690	买盘
13:32:18	14.23	-0.01	49	70836	卖盘
13:32:15	14.24	0.01	35	49840	买盘
13:32:12	14.23	-0.01	36	51228	卖盘
13:32:09	14.24	0.01	10	14240	买盘
13:32:06	14.23	--	13	18499	卖盘
13:32:03	14.23	--	42	59766	卖盘
13:32:00	14.23	--	70	100663	卖盘
13:31:48	14.23	--	121	172866	卖盘
13:31:45	14.23	--	2	2846	卖盘
13:31:42	14.23	-0.01	333	473859	卖盘
13:31:39	14.24	0.01	7	9968	买盘
13:31:36	14.23	-0.01	8	11384	卖盘
13:31:33	14.24	0.01	10	14240	买盘
13:31:30	14.23	-0.01	4	5692	卖盘
13:31:24	14.24	0.01	38	54112	买盘
13:31:21	14.23	-0.01	5	7115	卖盘
13:31:18	14.24	--	86	122464	买盘
13:31:12	14.24	--	10	14240	买盘
13:31:09	14.24	--	11	15664	买盘
13:31:06	14.24	--	2	2848	买盘
13:31:03	14.24	--	18	25632	买盘
13:31:00	14.24	--	13	18512	买盘
13:30:57	14.24	--	15	21360	买盘
13:30:54	14.24	-0.02	154	220036	卖盘
13:30:51	14.26	0.01	4	5704	买盘
13:30:45	14.25	0.01	82	116850	中性盘
13:30:42	14.24	--	76	108224	卖盘
13:30:39	14.24	--	200	284800	卖盘
13:30:36	14.24	-0.02	60	85440	卖盘
13:30:33	14.26	0.01	20	28520	买盘
13:30:30	14.25	--	50	71250	买盘
13:30:24	14.25	--	2	2850	买盘
13:30:21	14.25	--	3	4275	买盘
13:30:18	14.25	--	39	55575	卖盘
13:30:15	14.25	-0.01	200	285000	卖盘
13:30:09	14.26	0.01	1	1426	中性盘
13:29:57	14.25	-0.02	200	285000	卖盘
13:29:51	14.27	0.01	10	14270	买盘
13:29:48	14.26	-0.01	10	14260	中性盘
13:29:42	14.27	0.01	400	570800	买盘
13:29:33	14.26	-0.01	30	42780	买盘
13:29:30	14.27	0.01	186	265422	买盘
13:29:24	14.26	0.01	20	28520	中性盘
13:29:12	14.25	-0.01	36	51300	卖盘
13:29:09	14.26	0.01	10	14260	中性盘
13:29:06	14.25	-0.01	182	259350	卖盘
13:29:03	14.26	--	1	1426	卖盘
13:29:00	14.26	-0.01	6	8556	卖盘
13:28:54	14.27	0.01	50	71350	买盘
13:28:48	14.26	--	51	72726	卖盘
13:28:36	14.26	--	4	5704	卖盘
13:28:33	14.26	--	9	12834	买盘
13:28:30	14.26	--	3	4278	买盘
13:28:27	14.26	0.01	32	45632	买盘
13:28:24	14.25	--	3	4275	卖盘
13:28:21	14.25	-0.01	169	240825	卖盘
13:28:18	14.26	--	1	1426	买盘
13:28:06	14.26	--	44	62744	卖盘
13:28:03	14.26	--	2	2852	卖盘
13:27:54	14.26	0.01	8	11408	买盘
13:27:51	14.25	-0.01	12	17100	卖盘
13:27:48	14.26	0.01	1	1426	买盘
13:27:45	14.25	--	4	5700	卖盘
13:27:39	14.25	-0.01	1	1425	卖盘
13:27:33	14.26	--	15	21390	卖盘
13:27:30	14.26	--	6	8556	卖盘
13:27:24	14.26	0.01	10	14260	卖盘
13:27:21	14.25	-0.02	3	4275	卖盘
13:27:12	14.27	0.02	10	14270	买盘
13:27:09	14.25	--	88	125400	卖盘
13:27:06	14.25	--	19	27075	卖盘
13:27:03	14.25	--	3	4275	卖盘
13:26:57	14.25	-0.02	1	1425	卖盘
13:26:54	14.27	0.02	3	4281	买盘
13:26:51	14.25	-0.01	63	90729	卖盘
13:26:48	14.26	0.01	7	9982	中性盘
13:26:45	14.25	0.01	5	7125	卖盘
13:26:39	14.24	-0.03	222	316128	卖盘
13:26:36	14.27	0.02	20	28540	买盘
13:26:33	14.25	--	33	48193	买盘
13:26:30	14.25	--	3	4275	买盘
13:26:27	14.25	--	96	137056	卖盘
13:26:21	14.25	--	2	2850	卖盘
13:26:18	14.25	--	1	1425	卖盘
13:26:15	14.25	--	10	14250	卖盘
13:26:12	14.25	--	20	28500	卖盘
13:26:09	14.25	--	2	2850	卖盘
13:26:06	14.25	--	93	133693	买盘
13:26:03	14.25	0.01	27	38475	买盘
13:26:00	14.24	--	37	52688	卖盘
13:25:57	14.24	-0.01	54	76896	卖盘
13:25:54	14.25	0.01	8	11400	买盘
13:25:48	14.24	-0.01	22	32267	卖盘
13:25:42	14.25	0.01	1	1425	买盘
13:25:39	14.24	-0.01	9	12816	卖盘
13:25:33	14.25	--	8	11400	买盘
13:25:24	14.25	--	6	8550	买盘
13:25:21	14.25	--	143	203775	卖盘
13:25:18	14.25	--	39	55575	卖盘
13:25:12	14.25	--	1	1425	卖盘
13:24:51	14.25	-0.01	142	202350	卖盘
13:24:48	14.26	--	11	15686	买盘
13:24:45	14.26	--	69	98394	卖盘
13:24:42	14.26	--	30	42780	卖盘
13:24:39	14.26	--	24	34224	卖盘
13:24:36	14.26	-0.01	10	14260	卖盘
13:24:33	14.27	0.01	19	27113	买盘
13:24:30	14.26	-0.01	4	5704	卖盘
13:24:27	14.27	--	14	19978	买盘
13:24:24	14.27	--	2	2854	买盘
13:24:21	14.27	--	10	14270	买盘
13:24:18	14.27	-0.01	1	1427	买盘
13:24:15	14.28	--	35	50751	卖盘
13:24:06	14.28	--	14	20548	卖盘
13:24:00	14.28	0.01	107	152895	买盘
13:23:57	14.27	0.01	50	71350	买盘
13:23:51	14.26	-0.01	6	8556	卖盘
13:23:48	14.27	0.01	5	7135	买盘
13:23:45	14.26	-0.01	20	28520	卖盘
13:23:42	14.27	--	5	7135	买盘
13:23:39	14.27	0.01	93	132711	买盘
13:23:36	14.26	--	11	15686	卖盘
13:23:24	14.26	-0.01	5	7130	卖盘
13:23:21	14.27	0.01	1	1427	买盘
13:23:18	14.26	--	10	14260	卖盘
13:23:15	14.26	-0.01	10	14260	卖盘
13:23:12	14.27	0.01	16	22832	买盘
13:23:06	14.26	--	3	4278	卖盘
13:23:03	14.26	--	18	25668	卖盘
13:23:00	14.26	--	41	58466	卖盘
13:22:57	14.26	0.01	17	24242	买盘
13:22:54	14.25	-0.01	41	58425	卖盘
13:22:51	14.26	--	44	62744	买盘
13:22:45	14.26	--	32	45632	卖盘
13:22:39	14.26	0.01	10	14260	卖盘
13:22:36	14.25	-0.01	12	17100	卖盘
13:22:33	14.26	--	12	17112	买盘
13:22:30	14.26	0.01	2	2852	买盘
13:22:27	14.25	--	92	131100	卖盘
13:22:24	14.25	-0.01	1	1425	卖盘
13:22:21	14.26	0.01	6	8556	买盘
13:22:18	14.25	-0.01	9	12825	卖盘
13:22:15	14.26	--	8	11408	买盘
13:22:12	14.26	--	17	24242	买盘
13:22:06	14.26	--	30	42780	中性盘
13:21:57	14.26	0.01	5	7130	买盘
13:21:54	14.25	-0.02	2	2850	卖盘
13:21:51	14.27	0.01	5	7135	买盘
13:21:48	14.26	-0.01	30	42780	卖盘
13:21:45	14.27	--	1	1427	买盘
13:21:39	14.27	--	700	998900	买盘
13:21:36	14.27	--	7	9989	买盘
13:21:33	14.27	--	188	269588	卖盘
13:21:24	14.27	-0.01	20	28540	卖盘
13:21:21	14.28	0.01	4	5712	买盘
13:21:15	14.27	--	1	1427	卖盘
13:21:12	14.27	--	6	8562	卖盘
13:21:06	14.27	-0.01	14	19978	卖盘
13:20:51	14.28	0.01	3	4284	买盘
13:20:45	14.27	--	15	21405	卖盘
13:20:42	14.27	--	3	4281	卖盘
13:20:39	14.27	--	2	2854	卖盘
13:20:33	14.27	--	10	14270	卖盘
13:20:30	14.27	-0.01	13	18551	卖盘
13:20:21	14.28	--	15	21420	买盘
13:20:15	14.28	-0.01	129	185054	卖盘
13:20:12	14.29	0.01	11	15718	买盘
13:20:09	14.28	--	5	7140	卖盘
13:20:06	14.28	-0.01	39	55692	卖盘
13:20:03	14.29	--	10	14290	买盘
13:19:42	14.29	--	34	48586	买盘
13:19:36	14.29	0.01	1	1429	买盘
13:19:33	14.28	-0.01	45	64845	卖盘
13:19:30	14.29	0.01	3	4287	买盘
13:19:24	14.28	-0.01	40	57120	卖盘
13:19:21	14.29	--	5	7145	买盘
13:19:15	14.29	-0.01	124	177667	卖盘
13:19:12	14.3	--	11	15730	卖盘
13:19:03	14.3	0.01	20	28600	中性盘
13:18:39	14.29	--	17	24293	卖盘
13:18:36	14.29	-0.02	2	2858	卖盘
13:18:30	14.31	0.01	8	11448	买盘
13:18:27	14.3	--	1	1430	买盘
13:18:21	14.3	--	12	17160	买盘
13:18:18	14.3	--	82	117260	买盘
13:18:15	14.3	--	101	144773	卖盘
13:18:09	14.3	--	2	2860	卖盘
13:18:00	14.3	--	5	7150	卖盘
13:17:57	14.3	-0.01	50	71500	卖盘
13:17:54	14.31	0.01	4	5724	中性盘
13:17:51	14.3	--	3	4290	卖盘
13:17:39	14.3	-0.01	27	38610	卖盘
13:17:36	14.31	0.01	6	8972	买盘
13:17:33	14.3	-0.01	37	52910	卖盘
13:17:30	14.31	0.01	10	14310	买盘
13:17:27	14.3	--	20	28600	卖盘
13:17:24	14.3	-0.01	72	102960	卖盘
13:17:18	14.31	0.01	10	14310	买盘
13:17:06	14.3	-0.01	82	117260	卖盘
13:17:03	14.31	0.02	14	20735	买盘
13:16:57	14.29	-0.01	100	142900	卖盘
13:16:54	14.3	--	32	45760	卖盘
13:16:51	14.3	--	7	10010	卖盘
13:16:42	14.3	0.01	34	48877	买盘
13:16:39	14.29	--	10	14290	卖盘
13:16:36	14.29	-0.01	70	100030	卖盘
13:16:33	14.3	0.01	100	143000	买盘
13:16:30	14.29	--	50	71450	卖盘
13:16:27	14.29	-0.01	1	1429	卖盘
13:16:12	14.3	--	5	7150	买盘
13:16:09	14.3	--	5	7150	买盘
13:16:06	14.3	--	36	52652	卖盘
13:16:03	14.3	--	24	34320	卖盘
13:15:57	14.3	--	37	52910	卖盘
13:15:54	14.3	--	7	10010	卖盘
13:15:48	14.3	--	3	4290	卖盘
13:15:45	14.3	--	30	43157	卖盘
13:15:42	14.3	--	20	28600	卖盘
13:15:36	14.3	--	119	170170	卖盘
13:15:33	14.3	--	4	5720	卖盘
13:15:27	14.3	--	60	85800	卖盘
13:15:12	14.3	--	5	7150	卖盘
13:15:09	14.3	-0.01	5	7150	卖盘
13:15:06	14.31	--	5	7155	买盘
13:15:03	14.31	--	1	1431	买盘
13:15:00	14.31	--	14	20034	买盘
13:14:48	14.31	--	15	21465	卖盘
13:14:45	14.31	--	7	10017	卖盘
13:14:42	14.31	-0.01	17	24327	卖盘
13:14:39	14.32	0.01	1	1432	买盘
13:14:36	14.31	-0.01	123	176013	卖盘
13:14:27	14.32	--	24	34368	买盘
13:14:24	14.32	--	20	28640	买盘
13:14:21	14.32	-0.01	237	339656	卖盘
13:14:12	14.33	--	1	1433	买盘
13:14:03	14.33	--	10	14330	买盘
13:14:00	14.33	-0.01	32	47246	卖盘
13:13:57	14.34	0.01	1	1434	买盘
13:13:51	14.33	--	1	1433	卖盘
13:13:48	14.33	--	20	28660	卖盘
13:13:42	14.33	--	35	50155	卖盘
13:13:36	14.33	--	15	21495	卖盘
13:13:33	14.33	--	40	57320	卖盘
13:13:30	14.33	-0.01	342	490086	卖盘
13:13:18	14.34	--	45	64530	买盘
13:13:06	14.34	0.01	4	5736	买盘
13:13:03	14.33	--	5	7165	卖盘
13:13:00	14.33	--	5	7165	卖盘
13:12:54	14.33	-0.01	0	42	卖盘
13:12:48	14.34	--	35	51480	卖盘
13:12:39	14.34	0.01	64	91919	买盘
13:12:36	14.33	-0.01	16	22928	卖盘
13:12:33	14.34	--	69	98946	买盘
13:12:18	14.34	0.01	200	286800	买盘
13:12:15	14.33	-0.01	5	7165	卖盘
13:12:12	14.34	--	1	1434	买盘
13:12:09	14.34	0.01	9	12906	买盘
13:12:06	14.33	--	1	1433	卖盘
13:12:03	14.33	--	51	73083	卖盘
13:11:57	14.33	--	15	21495	卖盘
13:11:30	14.33	--	7	10031	卖盘
13:11:27	14.33	-0.01	24	34392	卖盘
13:11:21	14.34	0.01	5	7170	买盘
13:11:15	14.33	--	20	28660	卖盘
13:11:12	14.33	--	1	1433	卖盘
13:11:09	14.33	-0.01	3	4299	卖盘
13:11:06	14.34	0.01	5	7170	买盘
13:10:57	14.33	--	70	100310	卖盘
13:10:54	14.33	-0.01	3	4299	卖盘
13:10:48	14.34	--	26	38574	卖盘
13:10:45	14.34	--	96	137807	买盘
13:10:33	14.34	--	51	73908	卖盘
13:10:24	14.34	--	28	40152	卖盘
13:10:21	14.34	--	6	8604	卖盘
13:10:12	14.34	--	20	29339	卖盘
13:10:09	14.34	-0.01	70	100380	卖盘
13:10:03	14.35	-0.01	4	5740	中性盘
13:10:00	14.36	0.01	34	48824	买盘
13:09:57	14.35	--	72	103822	卖盘
13:09:48	14.35	--	5	7175	卖盘
13:09:45	14.35	0.01	125	180307	买盘
13:09:42	14.34	--	57	81738	卖盘
13:09:39	14.34	--	8	11472	卖盘
13:09:33	14.34	-0.01	24	34416	卖盘
13:09:27	14.35	--	13	18655	买盘
13:09:24	14.35	--	5	7175	买盘
13:09:21	14.35	--	101	145250	卖盘
13:09:18	14.35	-0.01	86	123410	卖盘
13:09:15	14.36	0.01	3	4308	买盘
13:09:12	14.35	--	25	35875	卖盘
13:09:09	14.35	--	35	50225	卖盘
13:09:06	14.35	--	20	28700	卖盘
13:09:03	14.35	--	4	5740	卖盘
13:09:00	14.35	-0.01	60	86100	卖盘
13:08:57	14.36	--	5	7180	买盘
13:08:54	14.36	0.01	86	123496	买盘
13:08:51	14.35	--	4	5740	卖盘
13:08:45	14.35	-0.01	20	28700	卖盘
13:08:42	14.36	--	10	14360	买盘
13:08:36	14.36	0.01	1	1436	买盘
13:08:33	14.35	--	22	31570	卖盘
13:08:30	14.35	--	23	33005	卖盘
13:08:27	14.35	--	4	5740	卖盘
13:08:21	14.35	--	15	21525	卖盘
13:08:18	14.35	--	157	226414	买盘
13:08:15	14.35	0.02	18	25830	买盘
13:08:06	14.33	-0.02	5	7165	卖盘
13:08:03	14.35	0.02	7	10045	买盘
13:07:57	14.33	--	2	2866	卖盘
13:07:54	14.33	-0.01	23	32959	卖盘
13:07:48	14.34	--	26	37284	卖盘
13:07:42	14.34	--	20	28680	卖盘
13:07:39	14.34	0.01	59	84606	买盘
13:07:36	14.33	--	23	32959	买盘
13:07:30	14.33	0.01	3	4299	中性盘
13:07:21	14.32	-0.01	100	143200	卖盘
13:07:09	14.33	-0.02	11	15763	卖盘
13:07:03	14.35	0.02	10	14350	买盘
13:07:00	14.33	-0.02	9	12897	卖盘
13:06:51	14.35	--	7	10045	买盘
13:06:48	14.35	--	149	213815	买盘
13:06:45	14.35	0.01	15	21525	买盘
13:06:42	14.34	--	1	1434	卖盘
13:06:39	14.34	--	27	38718	中性盘
13:06:30	14.34	-0.01	7	10038	卖盘
13:06:27	14.35	--	122	175070	买盘
13:06:24	14.35	0.01	10	14350	买盘
13:06:21	14.34	-0.01	8	11472	卖盘
13:06:18	14.35	--	21	30135	买盘
13:06:15	14.35	--	2	2870	买盘
13:06:06	14.35	0.01	22	31570	买盘
13:06:03	14.34	--	35	50190	卖盘
13:05:57	14.34	-0.01	70	100380	卖盘
13:05:48	14.35	0.01	5	7175	买盘
13:05:45	14.34	--	25	35850	卖盘
13:05:42	14.34	--	10	14340	卖盘
13:05:39	14.34	--	6	8604	卖盘
13:05:36	14.34	0.01	113	162042	买盘
13:05:33	14.33	--	36	51588	卖盘
13:05:27	14.33	--	7	10031	卖盘
13:05:24	14.33	--	58	84274	买盘
13:05:21	14.33	0.01	24	34392	买盘
13:05:15	14.32	-0.01	4	5728	卖盘
13:05:09	14.33	--	5	7165	买盘
13:04:57	14.33	--	23	32959	买盘
13:04:51	14.33	-0.01	149	213789	卖盘
13:04:48	14.34	--	23	34143	买盘
13:04:45	14.34	0.01	6	8604	买盘
13:04:39	14.33	-0.01	2	2866	卖盘
13:04:36	14.34	--	10	14340	买盘
13:04:24	14.34	--	118	169212	买盘
13:04:18	14.34	--	10	14340	买盘
13:04:03	14.34	--	2	2868	买盘
13:04:00	14.34	--	5	7170	买盘
13:03:51	14.34	--	10	14340	买盘
13:03:48	14.34	--	3	4302	买盘
13:03:42	14.34	--	4	5736	买盘
13:03:39	14.34	--	4	5736	买盘
13:03:30	14.34	--	5	7170	买盘
13:03:27	14.34	--	2	2868	买盘
13:03:18	14.34	-0.01	60	86312	卖盘
13:03:15	14.35	0.01	15	21525	买盘
13:03:09	14.34	--	126	181845	买盘
13:03:00	14.34	0.04	9	12906	买盘
13:02:57	14.3	--	30	42900	卖盘
13:02:48	14.3	-0.04	335	479050	卖盘
13:02:36	14.34	0.04	2	2868	买盘
13:02:33	14.3	--	4	5720	卖盘
13:02:27	14.3	-0.04	35	50050	中性盘
13:02:06	14.34	--	5	7170	买盘
13:02:03	14.34	0.05	10	14340	买盘
13:02:00	14.29	--	4	5716	卖盘
13:01:57	14.29	--	16	22864	卖盘
13:01:48	14.29	--	8	11432	卖盘
13:01:45	14.29	-0.05	36	51444	卖盘
13:01:42	14.34	--	8	11472	卖盘
13:01:39	14.34	--	32	45888	卖盘
13:01:36	14.34	0.06	645	925632	买盘
13:01:30	14.28	-0.01	20	28560	卖盘
13:01:27	14.29	--	1	1429	卖盘
13:01:24	14.29	0.01	18	25722	买盘
13:01:21	14.28	--	1	1428	卖盘
13:01:18	14.28	-0.02	4	5712	卖盘
13:01:15	14.3	--	7	10010	买盘
13:01:09	14.3	0.02	17	24310	买盘
13:00:57	14.28	-0.02	30	42840	卖盘
13:00:54	14.3	0.02	22	31460	买盘
13:00:51	14.28	-0.02	61	87108	卖盘
13:00:48	14.3	0.02	11	15730	买盘
13:00:42	14.28	--	133	189924	买盘
13:00:39	14.28	--	80	114240	买盘
13:00:36	14.28	0.01	139	198492	买盘
13:00:33	14.27	--	10	14270	卖盘
13:00:30	14.27	-0.01	4	5708	卖盘
13:00:27	14.28	0.01	20	28560	买盘
13:00:24	14.27	-0.01	10	14270	卖盘
13:00:21	14.28	0.01	100	142800	中性盘
13:00:15	14.27	-0.03	61	87047	卖盘
13:00:12	14.3	-0.01	64	91520	卖盘
13:00:06	14.31	--	158	226098	卖盘
13:00:03	14.31	0.01	947	1355199	买盘
13:00:00	14.3	--	0	0	卖盘
11:30:00	14.3	--	15	21450	卖盘
11:29:51	14.3	--	50	71500	卖盘
11:29:48	14.3	0.01	16	22880	买盘
11:29:45	14.29	-0.01	4	5716	卖盘
11:29:39	14.3	0.02	24	34320	买盘
11:29:36	14.28	--	20	28560	卖盘
11:29:27	14.28	-0.02	454	648312	卖盘
11:29:21	14.3	--	1	1430	卖盘
11:29:18	14.3	--	10	14414	买盘
11:29:12	14.3	0.01	61	87230	买盘
11:29:06	14.29	--	13	18577	卖盘
11:29:03	14.29	-0.01	9	12861	卖盘
11:28:54	14.3	--	3	4290	买盘
11:28:51	14.3	--	83	118690	买盘
11:28:45	14.3	0.01	1	1430	买盘
11:28:42	14.29	--	20	28580	卖盘
11:28:24	14.29	0.01	242	345818	买盘
11:28:18	14.28	-0.01	25	35700	卖盘
11:28:12	14.29	--	7	10003	卖盘
11:28:09	14.29	--	35	50015	卖盘
11:28:06	14.29	--	24	34296	卖盘
11:28:03	14.29	-0.01	62	88598	卖盘
11:28:00	14.3	--	13	18590	买盘
11:27:45	14.3	0.01	11	15730	买盘
11:27:42	14.29	-0.01	28	40012	卖盘
11:27:36	14.3	-0.01	80	115715	卖盘
11:27:30	14.31	--	10	14310	中性盘
11:27:09	14.31	--	7	10017	买盘
11:27:06	14.31	-0.01	13	18603	卖盘
11:27:03	14.32	0.01	10	14320	买盘
11:27:00	14.31	--	1	1431	卖盘
11:26:54	14.31	--	16	22896	卖盘
11:26:48	14.31	-0.01	1	1431	中性盘
11:26:39	14.32	0.02	50	71600	买盘
11:26:30	14.3	0.02	44	63034	买盘
11:26:21	14.28	-0.02	30	42840	卖盘
11:26:18	14.3	--	2	2860	买盘
11:26:06	14.3	--	49	70070	买盘
11:26:03	14.3	--	50	71500	买盘
11:25:54	14.3	0.01	6	8580	中性盘
11:25:51	14.29	-0.01	307	438703	卖盘
11:25:45	14.3	-0.01	5	7150	卖盘
11:25:39	14.31	0.01	5	7155	买盘
11:25:36	14.3	--	42	60060	卖盘
11:25:33	14.3	-0.01	4	5720	卖盘
11:25:30	14.31	--	14	20034	买盘
11:25:27	14.31	--	1	1431	买盘
11:25:18	14.31	-0.02	272	389232	卖盘
11:25:15	14.33	0.01	66	94578	买盘
11:25:09	14.32	0.01	2	2864	中性盘
11:25:03	14.31	-0.02	4	5724	卖盘
11:25:00	14.33	0.02	30	42990	买盘
11:24:54	14.31	-0.01	47	67257	卖盘
11:24:51	14.32	--	18	25776	卖盘
11:24:48	14.32	--	15	21480	卖盘
11:24:45	14.32	--	10	14320	卖盘
11:24:42	14.32	--	4	5728	卖盘
11:24:36	14.32	--	22	31504	买盘
11:24:33	14.32	--	12	17184	买盘
11:24:30	14.32	-0.01	5	7160	买盘
11:24:24	14.33	0.01	78	111774	买盘
11:24:21	14.32	--	12	17184	买盘
11:24:18	14.32	--	5	7160	卖盘
11:24:15	14.32	--	10	14320	卖盘
11:24:12	14.32	--	26	37232	卖盘
11:24:09	14.32	--	12	17184	卖盘
11:24:06	14.32	--	18	25776	卖盘
11:24:03	14.32	0.01	226	324047	买盘
11:24:00	14.31	--	40	57240	卖盘
11:23:57	14.31	-0.01	10	14310	卖盘
11:23:54	14.32	0.01	48	68736	买盘
11:23:42	14.31	0.01	278	397818	买盘
11:23:39	14.3	--	11	15730	卖盘
11:23:36	14.3	--	12	17746	卖盘
11:23:33	14.3	--	4	5720	卖盘
11:23:30	14.3	--	20	28600	卖盘
11:23:27	14.3	--	18	25740	卖盘
11:23:24	14.3	0.01	8	11440	买盘
11:23:21	14.29	--	20	28580	卖盘
11:23:18	14.29	--	29	41441	卖盘
11:23:15	14.29	--	29	41441	卖盘
11:23:12	14.29	--	6	8574	卖盘
11:23:09	14.29	0.01	178	254361	买盘
11:22:54	14.28	--	2	2856	卖盘
11:22:51	14.28	-0.01	9	12852	卖盘
11:22:39	14.29	--	4	5716	卖盘
11:22:36	14.29	-0.01	38	54302	卖盘
11:22:27	14.3	--	10	14300	买盘
11:22:24	14.3	--	45	64350	卖盘
11:22:21	14.3	--	12	17160	卖盘
11:22:18	14.3	-0.01	48	68640	卖盘
11:22:06	14.31	--	33	47223	买盘
11:22:03	14.31	--	29	41499	买盘
11:22:00	14.31	--	53	75843	买盘
11:21:57	14.31	--	4	5724	买盘
11:21:54	14.31	0.01	9	12879	买盘
11:21:51	14.3	--	15	21450	卖盘
11:21:48	14.3	0.02	120	171600	买盘
11:21:45	14.28	-0.02	1	1428	卖盘
11:21:42	14.3	--	39	55770	买盘
11:21:39	14.3	0.01	50	71500	买盘
11:21:27	14.29	0.01	46	65848	买盘
11:21:21	14.28	--	3	4284	买盘
11:21:18	14.28	-0.01	61	87108	卖盘
11:21:09	14.29	0.01	55	78595	买盘
11:21:03	14.28	--	37	52836	卖盘
11:20:54	14.28	0.01	111	158508	买盘
11:20:45	14.27	--	10	14270	卖盘
11:20:42	14.27	0.02	8	12029	买盘
11:20:33	14.25	-0.01	40	57000	卖盘
11:20:30	14.26	--	6	8556	卖盘
11:20:27	14.26	0.01	1	1426	买盘
11:20:24	14.25	--	30	42750	卖盘
11:20:21	14.25	0.01	155	220875	买盘
11:20:18	14.24	--	38	54112	卖盘
11:20:15	14.24	-0.01	116	165767	卖盘
11:20:09	14.25	0.01	120	171000	买盘
11:20:03	14.24	-0.01	20	28480	卖盘
11:20:00	14.25	0.01	53	75525	买盘
11:19:57	14.24	-0.01	54	76896	卖盘
11:19:54	14.25	0.01	21	29925	买盘
11:19:51	14.24	--	43	61232	卖盘
11:19:48	14.24	-0.01	18	25632	卖盘
11:19:45	14.25	--	8	11400	买盘
11:19:39	14.25	0.01	5	7125	买盘
11:19:36	14.24	-0.01	12	17088	卖盘
11:19:33	14.25	--	5	7125	买盘
11:19:27	14.25	0.01	103	146775	买盘
11:19:24	14.24	--	14	19936	买盘
11:19:21	14.24	--	14	19936	卖盘
11:19:18	14.24	--	14	19936	卖盘
11:19:15	14.24	--	211	300464	卖盘
11:19:09	14.24	--	30	42720	卖盘
11:19:03	14.24	--	8	11392	买盘
11:19:00	14.24	0.01	11	15664	买盘
11:18:57	14.23	-0.01	12	17076	卖盘
11:18:54	14.24	0.01	3	4272	中性盘
11:18:48	14.23	-0.01	12	17076	卖盘
11:18:45	14.24	0.01	12	17088	买盘
11:18:42	14.23	-0.01	57	81111	卖盘
11:18:39	14.24	--	50	71200	卖盘
11:18:36	14.24	--	20	28480	卖盘
11:18:33	14.24	--	20	28480	卖盘
11:18:24	14.24	--	14	19936	买盘
11:18:21	14.24	0.01	2	2848	买盘
11:18:12	14.23	-0.01	43	62113	卖盘
11:18:09	14.24	-0.01	68	96832	卖盘
11:18:06	14.25	0.02	176	250800	买盘
11:18:03	14.23	-0.01	193	274639	卖盘
11:17:57	14.24	--	10	14240	买盘
11:17:54	14.24	--	24	34176	买盘
11:17:51	14.24	--	5	7120	买盘
11:17:48	14.24	--	27	38448	买盘
11:17:45	14.24	-0.01	232	330368	卖盘
11:17:42	14.25	--	20	28500	买盘
11:17:39	14.25	-0.01	530	755250	卖盘
11:17:33	14.26	0.01	39	55614	买盘
11:17:30	14.25	-0.01	100	142500	卖盘
11:17:24	14.26	--	3	4278	卖盘
11:17:21	14.26	--	3	4278	卖盘
11:17:12	14.26	--	11	15686	卖盘
11:17:09	14.26	0.01	1	1426	卖盘
11:17:06	14.25	-0.02	34	48450	卖盘
11:17:03	14.27	--	30	42810	买盘
11:17:00	14.27	--	5	7135	买盘
11:16:57	14.27	--	28	40769	买盘
11:16:54	14.27	0.01	85	121295	买盘
11:16:51	14.26	-0.01	85	121210	卖盘
11:16:48	14.27	--	10	14270	买盘
11:16:45	14.27	0.01	9	12843	买盘
11:16:42	14.26	-0.01	80	114080	卖盘
11:16:39	14.27	--	20	28540	买盘
11:16:36	14.27	--	7	9989	买盘
11:16:30	14.27	--	11	15697	买盘
11:16:27	14.27	--	8	11416	买盘
11:16:21	14.27	--	5	7135	买盘
11:16:18	14.27	--	38	54226	买盘
11:16:12	14.27	--	99	141273	卖盘
11:16:09	14.27	--	23	32821	卖盘
11:16:03	14.27	--	50	71350	卖盘
11:15:57	14.27	--	1	1427	卖盘
11:15:51	14.27	-0.01	59	84193	卖盘
11:15:45	14.28	0.01	3	4284	买盘
11:15:42	14.27	--	1	1427	卖盘
11:15:30	14.27	--	10	14270	卖盘
11:15:27	14.27	--	1	1427	卖盘
11:15:12	14.27	--	5	7135	卖盘
11:15:09	14.27	-0.01	3	4281	卖盘
11:15:03	14.28	--	7	9996	买盘
11:14:57	14.28	0.01	1	1428	买盘
11:14:51	14.27	-0.01	50	71350	卖盘
11:14:48	14.28	--	83	118524	卖盘
11:14:45	14.28	--	3	4284	卖盘
11:14:39	14.28	--	5	7140	卖盘
11:14:36	14.28	--	8	11424	卖盘
11:14:33	14.28	0.01	35	49980	买盘
11:14:30	14.27	--	153	218331	卖盘
11:14:27	14.27	-0.01	9	12843	卖盘
11:14:24	14.28	--	1	1428	买盘
11:14:15	14.28	--	114	162792	卖盘
11:14:12	14.28	--	4	5712	卖盘
11:14:09	14.28	--	2	2856	卖盘
11:14:06	14.28	--	20	28560	卖盘
11:14:03	14.28	--	7	9996	卖盘
11:14:00	14.28	--	1	1428	卖盘
11:13:57	14.28	--	50	71400	卖盘
11:13:54	14.28	--	6	8568	卖盘
11:13:51	14.28	--	12	17136	卖盘
11:13:45	14.28	--	36	51408	买盘
11:13:42	14.28	0.01	20	28560	中性盘
11:13:39	14.27	-0.01	15	21405	卖盘
11:13:36	14.28	--	1	1428	买盘
11:13:33	14.28	--	2	2856	卖盘
11:13:30	14.28	--	2	2856	买盘
11:13:27	14.28	--	30	42840	买盘
11:13:21	14.28	--	151	215628	买盘
11:13:15	14.28	--	18	25704	卖盘
11:13:12	14.28	--	113	161364	卖盘
11:13:03	14.28	--	101	144228	卖盘
11:12:57	14.28	--	10	14280	卖盘
11:12:54	14.28	--	22	31416	卖盘
11:12:45	14.28	--	70	99960	买盘
11:12:36	14.28	-0.02	88	125664	卖盘
11:12:33	14.3	--	131	187330	买盘
11:12:30	14.3	--	1	1430	买盘
11:12:21	14.3	0.02	12	17160	买盘
11:12:18	14.28	--	4	5712	卖盘
11:12:15	14.28	--	14	19992	卖盘
11:12:12	14.28	--	16	22848	卖盘
11:12:09	14.28	--	7	9996	卖盘
11:12:06	14.28	--	20	28560	卖盘
11:12:03	14.28	--	20	28560	卖盘
11:12:00	14.28	--	2	2856	卖盘
11:11:54	14.28	-0.02	4	5712	卖盘
11:11:48	14.3	0.01	19	27170	买盘
11:11:45	14.29	--	15	21435	买盘
11:11:42	14.29	0.01	20	28580	买盘
11:11:39	14.28	--	7	9996	卖盘
11:11:30	14.28	--	10	14280	卖盘
11:11:27	14.28	-0.01	4	5712	卖盘
11:11:24	14.29	--	1	1429	买盘
11:11:21	14.29	--	5	7145	买盘
11:11:15	14.29	--	216	308664	卖盘
11:11:00	14.29	-0.01	12	17148	卖盘
11:10:57	14.3	--	32	46918	卖盘
11:10:54	14.3	--	8	11440	卖盘
11:10:51	14.3	--	6	8580	卖盘
11:10:42	14.3	--	1	1430	卖盘
11:10:39	14.3	-0.01	46	65780	卖盘
11:10:36	14.31	--	8	11448	买盘
11:10:30	14.31	0.01	132	189478	买盘
11:10:27	14.3	-0.01	10	14300	卖盘
11:10:18	14.31	--	1	1431	买盘
11:10:15	14.31	0.01	1	1431	买盘
11:10:12	14.3	--	15	21450	卖盘
11:10:09	14.3	-0.01	4	5720	卖盘
11:10:06	14.31	0.01	16	22896	中性盘
11:10:00	14.3	--	47	67210	卖盘
11:09:51	14.3	--	40	57200	卖盘
11:09:48	14.3	--	32	45760	卖盘
11:09:45	14.3	-0.01	157	225568	卖盘
11:09:42	14.31	--	20	28620	卖盘
11:09:39	14.31	--	7	10017	卖盘
11:09:30	14.31	-0.01	4	5724	卖盘
11:09:27	14.32	-0.01	38	55432	卖盘
11:09:24	14.33	0.01	4	5732	买盘
11:09:18	14.32	--	5	7160	卖盘
11:09:15	14.32	--	10	14320	卖盘
11:09:12	14.32	0.01	247	354119	买盘
11:09:06	14.31	--	1	1431	买盘
11:09:03	14.31	--	8	11448	买盘
11:09:00	14.31	-0.01	9	12879	卖盘
11:08:57	14.32	0.01	6	8592	买盘
11:08:54	14.31	--	5	7155	卖盘
11:08:48	14.31	0.01	6	8586	买盘
11:08:45	14.3	-0.01	4	5720	卖盘
11:08:39	14.31	-0.01	54	77274	卖盘
11:08:36	14.32	--	25	35800	买盘
11:08:30	14.32	0.01	1	1432	买盘
11:08:24	14.31	--	4	5724	卖盘
11:08:12	14.31	-0.01	17	24327	卖盘
11:08:09	14.32	0.01	61	87352	买盘
11:08:06	14.31	--	66	94446	卖盘
11:07:57	14.31	--	8	11448	卖盘
11:07:51	14.31	--	235	336285	买盘
11:07:48	14.31	0.01	12	17172	买盘
11:07:45	14.3	--	28	40040	卖盘
11:07:42	14.3	--	13	18590	卖盘
11:07:36	14.3	-0.01	70	100100	卖盘
11:07:33	14.31	--	10	14310	买盘
11:07:30	14.31	0.01	30	42930	买盘
11:07:27	14.3	-0.01	48	68640	卖盘
11:07:24	14.31	--	18	25758	买盘
11:07:21	14.31	--	13	18603	买盘
11:07:15	14.31	--	8	11448	卖盘
11:07:09	14.31	0.01	7	10017	买盘
11:07:06	14.3	--	2	2860	卖盘
11:06:57	14.3	--	20	28600	卖盘
11:06:54	14.3	--	2	2860	卖盘
11:06:48	14.3	--	8	11440	卖盘
11:06:45	14.3	--	1	1430	卖盘
11:06:42	14.3	--	1	1430	卖盘
11:06:36	14.3	--	9	12870	卖盘
11:06:33	14.3	-0.01	5	7150	卖盘
11:06:30	14.31	--	13	18603	卖盘
11:06:24	14.31	--	8	11448	买盘
11:06:21	14.31	--	14	20034	买盘
11:06:18	14.31	-0.01	7	10017	中性盘
11:06:06	14.32	0.02	29	41528	买盘
11:06:03	14.3	-0.01	20	28600	卖盘
11:06:00	14.31	--	1	1431	卖盘
11:05:57	14.31	--	37	52947	卖盘
11:05:39	14.31	0.01	5	7155	买盘
11:05:36	14.3	--	22	31460	卖盘
11:05:33	14.3	--	7	10010	卖盘
11:05:30	14.3	--	21	30030	卖盘
11:05:18	14.3	-0.02	174	248820	卖盘
11:05:15	14.32	--	15	21480	买盘
11:05:12	14.32	--	99	141768	卖盘
11:05:09	14.32	--	20	28640	卖盘
11:05:06	14.32	--	1	1432	卖盘
11:05:03	14.32	-0.01	16	22912	中性盘
11:04:54	14.33	--	12	17196	买盘
11:04:48	14.33	0.02	7	10031	买盘
11:04:45	14.31	-0.02	61	87291	卖盘
11:04:42	14.33	--	5	7165	买盘
11:04:36	14.33	0.02	33	47289	买盘
11:04:33	14.31	--	34	48654	卖盘
11:04:27	14.31	-0.02	96	137376	卖盘
11:04:24	14.33	0.01	30	42990	买盘
11:04:21	14.32	-0.01	6	9322	卖盘
11:04:18	14.33	0.01	38	54454	买盘
11:04:15	14.32	--	6	8592	卖盘
11:04:06	14.32	--	10	14320	卖盘
11:04:03	14.32	-0.01	8	11456	卖盘
11:04:00	14.33	0.01	21	30093	买盘
11:03:57	14.32	-0.01	6	8592	卖盘
11:03:51	14.33	--	5	7165	买盘
11:03:48	14.33	--	5	7165	买盘
11:03:39	14.33	--	10	14330	买盘
11:03:33	14.33	-0.01	29	41557	卖盘
11:03:30	14.34	-0.01	2	2868	卖盘
11:03:27	14.35	--	17	24395	买盘
11:03:24	14.35	--	8	11480	买盘
11:03:15	14.35	--	17	24395	买盘
11:03:12	14.35	0.01	42	60270	买盘
11:03:06	14.34	-0.01	7	10038	中性盘
11:03:00	14.35	--	118	169330	买盘
11:02:54	14.35	0.02	40	57514	买盘
11:02:45	14.33	--	12	18514	买盘
11:02:39	14.33	-0.01	66	94578	卖盘
11:02:36	14.34	--	5	7170	卖盘
11:02:27	14.34	--	9	12906	卖盘
11:02:24	14.34	-0.01	15	21510	卖盘
11:02:18	14.35	--	10	14350	买盘
11:02:12	14.35	--	14	20090	买盘
11:02:06	14.35	0.01	17	24395	买盘
11:02:03	14.34	--	15	21510	卖盘
11:02:00	14.34	--	5	7170	卖盘
11:01:57	14.34	--	5	7170	卖盘
11:01:54	14.34	0.01	82	117588	买盘
11:01:51	14.33	--	30	42990	卖盘
11:01:39	14.33	0.02	10	14330	买盘
11:01:36	14.31	-0.02	40	57240	卖盘
11:01:33	14.33	-0.01	3	4299	中性盘
11:01:24	14.34	0.03	64	91776	买盘
11:01:21	14.31	-0.02	5	7155	卖盘
11:01:18	14.33	--	3	4299	买盘
11:01:15	14.33	0.02	8	11464	买盘
11:01:12	14.31	--	31	45119	买盘
11:01:09	14.31	--	4	5724	买盘
11:01:06	14.31	--	5	7155	买盘
11:01:03	14.31	--	10	14310	买盘
11:01:00	14.31	0.01	10	14310	买盘
11:00:57	14.3	--	5	7150	卖盘
11:00:51	14.3	-0.01	8	11440	卖盘
11:00:48	14.31	--	70	100170	买盘
11:00:33	14.31	0.01	128	183168	买盘
11:00:27	14.3	--	7	10010	买盘
11:00:24	14.3	--	91	130130	卖盘
11:00:21	14.3	--	13	18590	买盘
11:00:18	14.3	-0.01	7	10010	中性盘
11:00:00	14.31	0.02	12	17901	买盘
10:59:54	14.29	--	5	7145	买盘
10:59:51	14.29	--	3	4287	买盘
10:59:45	14.29	-0.02	1	1429	中性盘
10:59:27	14.31	0.02	119	170289	买盘
10:59:21	14.29	--	6	8574	买盘
10:59:15	14.29	--	34	48586	买盘
10:59:12	14.29	-0.02	243	347918	卖盘
10:59:09	14.31	0.01	6	8586	买盘
10:59:03	14.3	--	10	14300	卖盘
10:58:51	14.3	--	64	91520	卖盘
10:58:48	14.3	--	3	4290	卖盘
10:58:45	14.3	--	10	14300	卖盘
10:58:42	14.3	--	32	45760	卖盘
10:58:36	14.3	-0.01	7	10010	卖盘
10:58:33	14.31	--	3	4293	卖盘
10:58:27	14.31	--	114	163134	卖盘
10:58:24	14.31	--	20	28620	卖盘
10:58:21	14.31	--	12	17172	卖盘
10:58:18	14.31	--	10	14310	卖盘
10:58:15	14.31	--	8	11448	卖盘
10:58:09	14.31	--	18	25758	卖盘
10:58:06	14.31	--	10	14310	卖盘
10:58:00	14.31	-0.01	25	35775	卖盘
10:57:57	14.32	0.01	20	28640	中性盘
10:57:54	14.31	-0.01	8	11448	卖盘
10:57:51	14.32	--	15	21480	卖盘
10:57:48	14.32	--	52	74464	卖盘
10:57:45	14.32	-0.01	4	5728	卖盘
10:57:42	14.33	--	20	28660	买盘
10:57:39	14.33	0.01	2	2866	买盘
10:57:36	14.32	-0.02	44	63008	卖盘
10:57:33	14.34	0.01	18	25812	买盘
10:57:30	14.33	--	11	15763	卖盘
10:57:27	14.33	--	38	54454	卖盘
10:57:24	14.33	--	27	38691	卖盘
10:57:21	14.33	--	21	30093	卖盘
10:57:18	14.33	-0.01	11	15763	卖盘
10:57:15	14.34	--	64	91776	买盘
10:57:12	14.34	0.01	53	76002	买盘
10:57:09	14.33	-0.01	4	5732	卖盘
10:57:06	14.34	0.01	10	14340	买盘
10:57:03	14.33	--	31	44423	卖盘
10:56:57	14.33	--	5	7165	卖盘
10:56:54	14.33	--	30	42990	中性盘
10:56:42	14.33	--	54	77382	买盘
10:56:39	14.33	--	13	18629	买盘
10:56:36	14.33	0.01	66	94578	买盘
10:56:30	14.32	-0.01	56	80192	卖盘
10:56:27	14.33	--	13	18629	买盘
10:56:24	14.33	0.01	3	4299	买盘
10:56:21	14.32	-0.01	15	21480	卖盘
10:56:18	14.33	0.01	8	11464	买盘
10:56:15	14.32	-0.01	22	31504	卖盘
10:56:12	14.33	--	2	2866	买盘
10:56:06	14.33	0.01	16	22928	买盘
10:56:03	14.32	--	48	68736	卖盘
10:56:00	14.32	--	18	25776	买盘
10:55:57	14.32	--	22	31504	买盘
10:55:51	14.32	--	5	7160	买盘
10:55:48	14.32	0.02	44	63008	买盘
10:55:42	14.3	--	10	14300	卖盘
10:55:39	14.3	--	94	134420	卖盘
10:55:33	14.3	0.02	16	23637	买盘
10:55:21	14.28	--	307	439138	买盘
10:55:18	14.28	--	125	178500	买盘
10:55:12	14.28	--	103	147084	买盘
10:55:09	14.28	0.01	7	9996	买盘
10:55:03	14.27	--	30	42810	卖盘
10:55:00	14.27	--	8	11416	卖盘
10:54:51	14.27	--	3	4281	卖盘
10:54:48	14.27	--	11	15697	卖盘
10:54:45	14.27	--	40	57080	卖盘
10:54:42	14.27	--	10	14270	卖盘
10:54:39	14.27	0.01	24	34248	卖盘
10:54:36	14.26	-0.01	133	189658	卖盘
10:54:33	14.27	0.01	9	13456	买盘
10:54:30	14.26	-0.01	10	14260	卖盘
10:54:27	14.27	--	103	146981	买盘
10:54:21	14.27	--	11	15697	买盘
10:54:18	14.27	--	37	52799	卖盘
10:54:12	14.27	-0.01	6	8562	卖盘
10:54:09	14.28	--	28	39984	买盘
10:54:06	14.28	-0.01	238	340549	卖盘
10:54:03	14.29	--	68	97915	买盘
10:54:00	14.29	--	10	14290	买盘
10:53:57	14.29	--	40	57160	买盘
10:53:54	14.29	--	9	12861	买盘
10:53:48	14.29	--	12	17148	买盘
10:53:45	14.29	--	115	165020	卖盘
10:53:27	14.29	--	48	69335	买盘
10:53:24	14.29	--	5	7830	卖盘
10:53:21	14.29	--	8	12175	买盘
10:53:15	14.29	-0.04	364	521113	卖盘
10:53:12	14.33	--	39	55887	卖盘
10:53:06	14.33	--	5	7165	卖盘
10:53:03	14.33	--	2	2866	卖盘
10:53:00	14.33	--	20	28660	卖盘
10:52:51	14.33	-0.01	63	90279	卖盘
10:52:45	14.34	--	30	43020	卖盘
10:52:42	14.34	0.02	113	163203	买盘
10:52:39	14.32	--	9	12888	卖盘
10:52:36	14.32	-0.02	9	12888	卖盘
10:52:30	14.34	0.01	35	50190	买盘
10:52:27	14.33	--	1	1433	买盘
10:52:21	14.33	--	25	35825	卖盘
10:52:15	14.33	-0.01	25	35825	卖盘
10:52:12	14.34	--	25	35850	买盘
10:52:06	14.34	--	62	88908	卖盘
10:52:03	14.34	--	17	24378	卖盘
10:52:00	14.34	--	41	58794	卖盘
10:51:57	14.34	--	13	18642	卖盘
10:51:54	14.34	-0.01	11	15774	卖盘
10:51:51	14.35	0.01	10	14350	买盘
10:51:48	14.34	--	20	28680	卖盘
10:51:39	14.34	--	10	14340	卖盘
10:51:33	14.34	-0.01	20	28680	卖盘
10:51:30	14.35	0.01	7	10045	买盘
10:51:27	14.34	-0.01	13	18642	卖盘
10:51:24	14.35	0.01	62	88970	买盘
10:51:21	14.34	0.01	34	48756	中性盘
10:51:18	14.33	-0.01	33	48206	卖盘
10:51:12	14.34	--	39	55926	买盘
10:51:06	14.34	--	19	27246	买盘
10:51:03	14.34	0.01	1	1434	买盘
10:51:00	14.33	--	11	15763	卖盘
10:50:57	14.33	--	9	12897	卖盘
10:50:54	14.33	--	5	7165	卖盘
10:50:45	14.33	--	39	55887	买盘
10:50:42	14.33	0.01	5	7165	买盘
10:50:39	14.32	-0.01	4	6501	卖盘
10:50:36	14.33	--	54	77382	买盘
10:50:33	14.33	0.01	70	100310	买盘
10:50:30	14.32	--	6	8592	卖盘
10:50:27	14.32	--	82	117424	卖盘
10:50:24	14.32	-0.01	4	5728	卖盘
10:50:21	14.33	0.01	55	78815	买盘
10:50:12	14.32	--	29	41528	买盘
10:50:09	14.32	-0.01	30	42960	卖盘
10:50:06	14.33	--	25	35825	买盘
10:50:03	14.33	--	20	28660	买盘
10:50:00	14.33	--	5	7165	买盘
10:49:51	14.33	--	4	5732	买盘
10:49:48	14.33	--	10	14330	买盘
10:49:45	14.33	--	34	48722	卖盘
10:49:42	14.33	-0.02	136	194888	卖盘
10:49:39	14.35	0.01	6	8610	买盘
10:49:36	14.34	-0.01	24	34416	卖盘
10:49:33	14.35	--	60	86100	卖盘
10:49:30	14.35	0.01	19	27265	买盘
10:49:27	14.34	-0.01	59	84606	卖盘
10:49:24	14.35	-0.01	30	43050	买盘
10:49:21	14.36	0.01	183	262788	买盘
10:49:18	14.35	--	29	41615	买盘
10:49:15	14.35	-0.02	57	81795	卖盘
10:49:12	14.37	--	12	17244	买盘
10:49:06	14.37	--	22	31614	买盘
10:49:03	14.37	-0.01	13	18681	中性盘
10:49:00	14.38	--	120	172560	买盘
10:48:57	14.38	0.02	28	40264	买盘
10:48:54	14.36	-0.02	12	17232	卖盘
10:48:51	14.38	-0.01	31	44578	卖盘
10:48:48	14.39	0.01	2	2878	买盘
10:48:45	14.38	--	63	90594	买盘
10:48:42	14.38	0.03	50	71900	买盘
10:48:39	14.35	--	25	35875	卖盘
10:48:33	14.35	--	72	103320	卖盘
10:48:30	14.35	--	33	47355	买盘
10:48:27	14.35	--	155	222425	买盘
10:48:24	14.35	0.01	39	55965	买盘
10:48:21	14.34	--	48	68832	卖盘
10:48:18	14.34	-0.01	27	38718	卖盘
10:48:15	14.35	0.01	50	71750	买盘
10:48:12	14.34	0.02	16	22944	买盘
10:48:09	14.32	-0.02	96	137472	卖盘
10:48:06	14.34	--	20	28680	买盘
10:48:03	14.34	0.02	36	51624	买盘
10:47:57	14.32	--	31	44392	买盘
10:47:54	14.32	--	23	32936	买盘
10:47:48	14.32	--	4	5728	买盘
10:47:42	14.32	0.02	65	93867	买盘
10:47:39	14.3	-0.01	9	12870	卖盘
10:47:36	14.31	0.01	10	14310	买盘
10:47:33	14.3	--	17	24310	卖盘
10:47:30	14.3	0.06	959	1371984	买盘
10:47:27	14.24	--	70	99680	卖盘
10:47:24	14.24	-0.01	7	9968	卖盘
10:47:21	14.25	--	99	141075	买盘
10:47:18	14.25	0.01	3	4275	买盘
10:47:15	14.24	--	7	9968	卖盘
10:47:12	14.24	-0.01	36	51264	卖盘
10:47:09	14.25	0.01	12	17100	买盘
10:47:03	14.24	--	6	8544	卖盘
10:47:00	14.24	-0.01	3	4272	卖盘
10:46:54	14.25	0.02	17	24225	买盘
10:46:51	14.23	-0.01	44	62612	卖盘
10:46:48	14.24	--	7	9968	买盘
10:46:45	14.24	--	6	8544	买盘
10:46:42	14.24	--	11	15664	买盘
10:46:39	14.24	--	50	71200	买盘
10:46:33	14.24	--	71	101104	买盘
10:46:30	14.24	--	9	12816	中性盘
10:46:27	14.24	--	6	8544	买盘
10:46:24	14.24	--	4	5696	卖盘
10:46:21	14.24	-0.01	41	58384	卖盘
10:46:18	14.25	0.01	1	1425	买盘
10:46:15	14.24	--	18	25632	卖盘
10:46:12	14.24	--	10	14240	卖盘
10:46:06	14.24	--	10	14240	卖盘
10:46:00	14.24	0.01	7	9968	买盘
10:45:57	14.23	--	11	15653	卖盘
10:45:51	14.23	--	26	36998	卖盘
10:45:48	14.23	--	4	5692	卖盘
10:45:39	14.23	--	26	36998	买盘
10:45:33	14.23	--	5	7115	买盘
10:45:30	14.23	--	50	71150	买盘
10:45:27	14.23	--	79	112417	买盘
10:45:24	14.23	0.01	10	14230	买盘
10:45:21	14.22	-0.01	2	2844	卖盘
10:45:15	14.23	0.02	91	129606	买盘
10:45:12	14.21	--	119	169099	卖盘
10:45:06	14.21	-0.01	35	49735	卖盘
10:45:03	14.22	--	65	93738	卖盘
10:44:57	14.22	0.01	9	12911	买盘
10:44:54	14.21	-0.01	42	59682	卖盘
10:44:51	14.22	--	4	5688	买盘
10:44:48	14.22	--	15	21330	买盘
10:44:45	14.22	-0.01	53	76674	卖盘
10:44:36	14.23	0.01	1	1423	买盘
10:44:33	14.22	-0.01	9	12798	卖盘
10:44:27	14.23	0.01	54	76842	卖盘
10:44:24	14.22	-0.02	137	194814	卖盘
10:44:21	14.24	--	27	38448	买盘
10:44:18	14.24	0.01	22	31328	中性盘
10:44:09	14.23	-0.01	192	273216	卖盘
10:44:06	14.24	--	184	262016	卖盘
10:44:03	14.24	-0.01	42	59808	卖盘
10:43:57	14.25	--	6	8550	买盘
10:43:51	14.25	--	3	4275	买盘
10:43:45	14.25	0.01	2	2850	买盘
10:43:42	14.24	--	2	2848	卖盘
10:43:39	14.24	--	8	11505	买盘
10:43:33	14.24	--	30	42720	买盘
10:43:27	14.24	--	21	29904	买盘
10:43:24	14.24	--	21	29904	买盘
10:43:18	14.24	--	10	14240	买盘
10:43:12	14.24	0.01	10	14240	买盘
10:43:09	14.23	0.01	15	21345	中性盘
10:43:06	14.22	-0.02	40	56880	卖盘
10:43:03	14.24	--	1	1424	买盘
10:43:00	14.24	0.01	10	14240	买盘
10:42:54	14.23	--	52	73996	卖盘
10:42:51	14.23	-0.01	1	1423	卖盘
10:42:48	14.24	--	28	39872	买盘
10:42:45	14.24	--	36	51264	买盘
10:42:42	14.24	0.02	35	49840	买盘
10:42:39	14.22	-0.02	30	42660	卖盘
10:42:36	14.24	--	22	31328	买盘
10:42:33	14.24	--	54	76896	买盘
10:42:30	14.24	0.02	10	14240	买盘
10:42:27	14.22	-0.02	128	182016	卖盘
10:42:24	14.24	0.02	26	37024	买盘
10:42:21	14.22	-0.01	53	75366	卖盘
10:42:18	14.23	--	16	22768	卖盘
10:42:15	14.23	0.03	182	258986	买盘
10:42:12	14.2	-0.02	1550	2201000	卖盘
10:42:09	14.22	--	213	302886	卖盘
10:42:03	14.22	--	34	48348	卖盘
10:42:00	14.22	--	2	2844	卖盘
10:41:57	14.22	-0.01	7	9954	卖盘
10:41:54	14.23	--	21	29883	买盘
10:41:51	14.23	0.01	37	52651	买盘
10:41:39	14.22	-0.01	50	71100	卖盘
10:41:36	14.23	--	1	1423	买盘
10:41:30	14.23	0.01	132	187836	买盘
10:41:27	14.22	--	29	41238	买盘
10:41:24	14.22	--	22	31284	买盘
10:41:21	14.22	-0.01	50	71100	卖盘
10:41:15	14.23	--	5	7115	买盘
10:41:12	14.23	--	19	27037	买盘
10:41:09	14.23	--	3	4269	买盘
10:41:06	14.23	--	30	42690	买盘
10:40:54	14.23	--	10	14230	买盘
10:40:48	14.23	0.01	30	42690	买盘
10:40:45	14.22	-0.01	5	7110	卖盘
10:40:42	14.23	0.01	22	31306	买盘
10:40:39	14.22	0.01	10	14220	中性盘
10:40:36	14.21	-0.01	50	71050	卖盘
10:40:33	14.22	0.01	43	62269	买盘
10:40:27	14.21	--	49	69629	卖盘
10:40:24	14.21	-0.01	26	36946	卖盘
10:40:21	14.22	0.01	58	82476	买盘
10:40:18	14.21	--	18	25578	卖盘
10:40:15	14.21	--	8	11368	卖盘
10:40:12	14.21	-0.01	85	120785	中性盘
10:40:09	14.22	0.01	151	215020	买盘
10:40:03	14.21	--	20	28420	卖盘
10:40:00	14.21	--	8	11368	卖盘
10:39:57	14.21	--	7	9947	卖盘
10:39:54	14.21	--	36	51156	卖盘
10:39:51	14.21	-0.01	18	25578	卖盘
10:39:45	14.22	0.01	8	12499	买盘
10:39:42	14.21	--	15	21315	买盘
10:39:39	14.21	--	167	237605	卖盘
10:39:36	14.21	--	39	55419	卖盘
10:39:33	14.21	--	115	163599	卖盘
10:39:30	14.21	-0.01	24	34104	卖盘
10:39:27	14.22	0.01	7	10892	买盘
10:39:24	14.21	--	52	73892	卖盘
10:39:15	14.21	-0.01	60	85260	卖盘
10:39:12	14.22	0.01	30	42660	买盘
10:39:06	14.21	--	30	42630	卖盘
10:39:03	14.21	-0.01	45	63945	卖盘
10:39:00	14.22	0.01	32	45504	买盘
10:38:54	14.21	0.01	151	214571	买盘
10:38:51	14.2	-0.01	75	106500	卖盘
10:38:48	14.21	--	16	22736	买盘
10:38:45	14.21	--	8	11368	买盘
10:38:42	14.21	0.01	64	90944	卖盘
10:38:39	14.2	-0.02	135	191700	卖盘
10:38:36	14.22	--	23	32706	买盘
10:38:33	14.22	0.01	31	44082	买盘
10:38:30	14.21	0.01	5	7105	买盘
10:38:27	14.2	--	25	35500	卖盘
10:38:24	14.2	--	49	69580	卖盘
10:38:21	14.2	-0.01	70	99400	卖盘
10:38:18	14.21	--	43	61103	买盘
10:38:12	14.21	--	47	66787	卖盘
10:38:09	14.21	--	4	5684	卖盘
10:38:06	14.21	--	130	184730	卖盘
10:38:03	14.21	--	67	95207	卖盘
10:38:00	14.21	-0.01	5	7105	卖盘
10:37:57	14.22	0.01	40	56880	买盘
10:37:54	14.21	--	38	53998	卖盘
10:37:51	14.21	-0.02	20	28420	卖盘
10:37:48	14.23	0.02	33	46959	买盘
10:37:42	14.21	-0.01	25	35525	卖盘
10:37:39	14.22	0.01	16	22752	买盘
10:37:36	14.21	-0.01	50	71050	卖盘
10:37:33	14.22	0.01	74	105228	买盘
10:37:30	14.21	-0.01	53	75313	卖盘
10:37:27	14.22	0.01	15	21330	买盘
10:37:24	14.21	-0.01	20	28420	卖盘
10:37:21	14.22	--	284	403961	买盘
10:37:18	14.22	0.01	9	12798	买盘
10:37:15	14.21	--	45	63945	卖盘
10:37:12	14.21	0.01	5	7105	买盘
10:37:09	14.2	--	25	35500	卖盘
10:37:03	14.2	-0.01	95	134900	卖盘
10:37:00	14.21	0.01	183	260043	买盘
10:36:57	14.2	--	18	25560	卖盘
10:36:54	14.2	--	100	142000	卖盘
10:36:51	14.2	--	29	41180	卖盘
10:36:48	14.2	-0.01	10	14200	卖盘
10:36:45	14.21	0.01	28	39788	买盘
10:36:42	14.2	-0.01	85	120700	卖盘
10:36:39	14.21	--	90	127890	买盘
10:36:36	14.21	0.01	1052	1494892	买盘
10:36:33	14.2	--	104	147680	卖盘
10:36:30	14.2	--	20	28400	卖盘
10:36:27	14.2	-0.01	119	168980	卖盘
10:36:24	14.21	0.01	133	188993	买盘
10:36:21	14.2	--	106	150520	卖盘
10:36:18	14.2	-0.01	3	4260	卖盘
10:36:15	14.21	--	33	48200	卖盘
10:36:12	14.21	--	3	4263	卖盘
10:36:09	14.21	-0.01	57	80997	卖盘
10:36:06	14.22	0.01	5	7110	中性盘
10:36:03	14.21	-0.02	410	582723	卖盘
10:36:00	14.23	0.02	77	109571	买盘
10:35:57	14.21	-0.01	134	190414	卖盘
10:35:54	14.22	--	3	4266	买盘
10:35:51	14.22	0.01	20	28440	买盘
10:35:48	14.21	-0.01	209	296989	卖盘
10:35:45	14.22	-0.02	922	1311084	卖盘
10:35:42	14.24	--	10	14240	买盘
10:35:39	14.24	0.01	39	55536	买盘
10:35:36	14.23	--	41	59609	卖盘
10:35:33	14.23	--	20	28460	卖盘
10:35:30	14.23	--	30	42690	卖盘
10:35:27	14.23	--	10	14230	卖盘
10:35:24	14.23	--	27	38421	卖盘
10:35:21	14.23	-0.01	13	18499	卖盘
10:35:18	14.24	0.01	128	182272	买盘
10:35:15	14.23	--	1	1423	卖盘
10:35:12	14.23	-0.01	38	54074	卖盘
10:35:09	14.24	0.01	2	2848	买盘
10:35:00	14.23	--	10	14230	卖盘
10:34:57	14.23	-0.01	37	52651	卖盘
10:34:54	14.24	0.01	11	15664	买盘
10:34:48	14.23	--	3	4269	卖盘
10:34:45	14.23	--	58	82534	卖盘
10:34:42	14.23	--	24	34152	卖盘
10:34:36	14.23	-0.01	83	118109	卖盘
10:34:33	14.24	--	3	4272	中性盘
10:34:24	14.24	--	311	442864	卖盘
10:34:21	14.24	--	25	35600	卖盘
10:34:12	14.24	--	4	5696	卖盘
10:34:09	14.24	--	5	7120	卖盘
10:34:03	14.24	0.01	76	108224	买盘
10:34:00	14.23	--	231	328713	卖盘
10:33:57	14.23	-0.01	15	21345	卖盘
10:33:54	14.24	0.01	1	1424	买盘
10:33:51	14.23	-0.01	49	69727	卖盘
10:33:45	14.24	0.01	42	59808	买盘
10:33:42	14.23	--	120	170760	卖盘
10:33:39	14.23	-0.01	30	42690	卖盘
10:33:36	14.24	0.01	5	7120	买盘
10:33:30	14.23	--	2	2846	卖盘
10:33:27	14.23	--	10	14230	卖盘
10:33:24	14.23	--	15	21345	卖盘
10:33:21	14.23	--	57	81111	卖盘
10:33:15	14.23	--	46	65458	卖盘
10:33:12	14.23	-0.01	54	76842	卖盘
10:33:09	14.24	0.01	69	98256	买盘
10:33:06	14.23	-0.01	17	24191	卖盘
10:33:00	14.24	--	20	28480	买盘
10:32:57	14.24	--	30	42720	买盘
10:32:54	14.24	--	30	42720	买盘
10:32:48	14.24	0.01	1	1424	买盘
10:32:45	14.23	-0.01	5	7115	卖盘
10:32:39	14.24	0.01	10	14240	买盘
10:32:36	14.23	--	10	14230	卖盘
10:32:33	14.23	--	2	2846	卖盘
10:32:27	14.23	--	8	11384	卖盘
10:32:24	14.23	--	6	8538	卖盘
10:32:21	14.23	--	16	23707	卖盘
10:32:12	14.23	--	9	12807	卖盘
10:32:06	14.23	--	58	82534	卖盘
10:32:03	14.23	--	156	221988	卖盘
10:31:48	14.23	-0.01	1	1423	卖盘
10:31:45	14.24	--	48	68352	卖盘
10:31:39	14.24	--	2	2848	卖盘
10:31:36	14.24	--	5	7120	卖盘
10:31:33	14.24	0.01	26	37024	买盘
10:31:30	14.23	--	27	38421	卖盘
10:31:27	14.23	-0.01	61	86803	卖盘
10:31:24	14.24	--	29	41296	卖盘
10:31:21	14.24	--	30	42720	卖盘
10:31:18	14.24	-0.01	58	82592	卖盘
10:31:15	14.25	--	10	14250	买盘
10:31:12	14.25	--	3	4275	买盘
10:31:09	14.25	0.01	6	8550	买盘
10:31:06	14.24	--	36	51264	卖盘
10:31:03	14.24	--	7	9968	卖盘
10:30:57	14.24	-0.01	8	11392	卖盘
10:30:54	14.25	0.01	5	7125	买盘
10:30:51	14.24	-0.01	10	14240	卖盘
10:30:48	14.25	--	2	2850	买盘
10:30:45	14.25	--	12	17100	买盘
10:30:42	14.25	--	2	2850	买盘
10:30:39	14.25	--	5	7125	买盘
10:30:36	14.25	--	55	78375	买盘
10:30:33	14.25	--	28	39900	卖盘
10:30:30	14.25	--	22	31350	买盘
10:30:24	14.25	-0.01	22	31350	卖盘
10:30:21	14.26	0.01	6	8556	买盘
10:30:18	14.25	--	5	7125	卖盘
10:30:15	14.25	--	1	1425	卖盘
10:30:12	14.25	--	30	42750	卖盘
10:30:09	14.25	--	41	58425	卖盘
10:30:06	14.25	--	29	41325	卖盘
10:29:57	14.25	--	55	78375	买盘
10:29:54	14.25	--	52	74100	买盘
10:29:51	14.25	--	74	105450	买盘
10:29:45	14.25	--	1	1425	买盘
10:29:42	14.25	0.01	10	14250	买盘
10:29:39	14.24	-0.01	77	109648	卖盘
10:29:36	14.25	-0.01	4	5700	卖盘
10:29:33	14.26	0.01	3	4278	买盘
10:29:27	14.25	--	4	5700	卖盘
10:29:24	14.25	--	4	5700	卖盘
10:29:18	14.25	0.01	18	25650	买盘
10:29:15	14.24	-0.01	20	28480	卖盘
10:29:12	14.25	--	15	21375	买盘
10:29:09	14.25	--	115	163875	买盘
10:29:06	14.25	--	21	29925	买盘
10:29:03	14.25	--	1	1425	买盘
10:28:57	14.25	0.01	67	95475	买盘
10:28:54	14.24	--	46	65504	卖盘
10:28:51	14.24	-0.01	4	5696	卖盘
10:28:48	14.25	0.01	31	44175	买盘
10:28:45	14.24	--	49	69776	卖盘
10:28:39	14.24	--	4	5696	买盘
10:28:36	14.24	--	16	22784	买盘
10:28:33	14.24	0.01	8	11392	买盘
10:28:30	14.23	--	1	1423	卖盘
10:28:27	14.23	--	20	28460	卖盘
10:28:24	14.23	--	100	142300	卖盘
10:28:21	14.23	--	15	21345	卖盘
10:28:18	14.23	--	40	56920	卖盘
10:28:15	14.23	--	51	72573	卖盘
10:28:12	14.23	--	47	66881	卖盘
10:28:06	14.23	-0.01	1	1423	卖盘
10:28:03	14.24	0.01	15	21360	买盘
10:27:57	14.23	-0.01	9	12807	卖盘
10:27:51	14.24	--	15	21360	买盘
10:27:48	14.24	-0.01	61	86864	卖盘
10:27:42	14.25	0.02	14	19950	买盘
10:27:39	14.23	-0.02	71	101033	卖盘
10:27:33	14.25	0.01	2	2850	买盘
10:27:30	14.24	--	140	199360	买盘
10:27:27	14.24	0.01	55	78320	买盘
10:27:24	14.23	-0.01	9	12807	卖盘
10:27:21	14.24	-0.01	2	2848	中性盘
10:27:15	14.25	0.02	24	34200	买盘
10:27:06	14.23	-0.01	504	717192	卖盘
10:27:03	14.24	--	2	2848	卖盘
10:27:00	14.24	-0.01	4	5696	卖盘
10:26:57	14.25	0.01	10	14250	买盘
10:26:54	14.24	-0.01	10	14240	卖盘
10:26:48	14.25	--	49	69825	买盘
10:26:45	14.25	0.02	100	142500	买盘
10:26:42	14.23	-0.01	103	147209	卖盘
10:26:30	14.24	--	7	9968	买盘
10:26:27	14.24	--	224	318976	买盘
10:26:24	14.24	--	81	115344	买盘
10:26:18	14.24	0.01	2	2848	买盘
10:26:15	14.23	-0.01	40	56920	卖盘
10:26:12	14.24	--	2	2848	买盘
10:26:09	14.24	0.01	2	2848	买盘
10:26:06	14.23	-0.02	68	96764	卖盘
10:26:03	14.25	0.01	5	7125	买盘
10:26:00	14.24	--	68	96832	卖盘
10:25:57	14.24	--	158	224992	卖盘
10:25:54	14.24	-0.01	58	82592	卖盘
10:25:51	14.25	--	17	24225	买盘
10:25:48	14.25	-0.01	481	685425	卖盘
10:25:45	14.26	--	29	41354	买盘
10:25:42	14.26	-0.01	67	96326	卖盘
10:25:39	14.27	--	10	14270	买盘
10:25:36	14.27	0.01	131	186937	买盘
10:25:33	14.26	--	14	19964	卖盘
10:25:30	14.26	--	4	5704	卖盘
10:25:27	14.26	--	90	128340	卖盘
10:25:18	14.26	--	4	5704	卖盘
10:25:15	14.26	--	2	2852	卖盘
10:25:12	14.26	--	21	29946	卖盘
10:25:06	14.26	-0.01	22	31372	卖盘
10:24:57	14.27	--	21	29967	买盘
10:24:54	14.27	0.01	42	59934	买盘
10:24:51	14.26	-0.01	17	24242	卖盘
10:24:48	14.27	--	64	91328	买盘
10:24:45	14.27	0.01	1	1427	买盘
10:24:39	14.26	--	108	154008	卖盘
10:24:36	14.26	--	1	1426	卖盘
10:24:33	14.26	--	15	21390	卖盘
10:24:30	14.26	--	22	31372	卖盘
10:24:24	14.26	-0.01	11	15686	卖盘
10:24:21	14.27	--	8	11416	买盘
10:24:15	14.27	-0.01	25	35675	中性盘
10:24:12	14.28	0.01	91	129948	买盘
10:24:09	14.27	--	60	86033	卖盘
10:24:06	14.27	--	23	32821	卖盘
10:24:00	14.27	-0.01	5	7135	卖盘
10:23:57	14.28	0.01	10	14280	中性盘
10:23:48	14.27	-0.02	19	27113	卖盘
10:23:45	14.29	0.01	44	63104	买盘
10:23:42	14.28	0.01	5	7140	买盘
10:23:39	14.27	-0.01	49	69923	卖盘
10:23:36	14.28	0.01	67	95676	买盘
10:23:33	14.27	--	32	45664	卖盘
10:23:30	14.27	-0.01	3	4281	卖盘
10:23:27	14.28	0.01	5	7140	买盘
10:23:24	14.27	-0.01	15	21405	卖盘
10:23:18	14.28	0.01	5	7140	买盘
10:23:12	14.27	--	28	39956	买盘
10:23:06	14.27	--	46	65642	买盘
10:23:03	14.27	--	1	1427	买盘
10:23:00	14.27	--	8	11416	买盘
10:22:57	14.27	--	3	4281	买盘
10:22:54	14.27	--	20	28540	买盘
10:22:51	14.27	0.01	10	14270	买盘
10:22:48	14.26	-0.01	21	29946	卖盘
10:22:45	14.27	--	65	92755	买盘
10:22:39	14.27	--	5	7135	买盘
10:22:36	14.27	--	127	181229	卖盘
10:22:30	14.27	--	15	21405	买盘
10:22:27	14.27	--	13	18551	买盘
10:22:24	14.27	0.01	24	34248	买盘
10:22:21	14.26	-0.01	1	1426	中性盘
10:22:18	14.27	--	10	14270	买盘
10:22:12	14.27	--	13	18551	买盘
10:22:09	14.27	0.02	30	42810	买盘
10:22:06	14.25	-0.01	200	285000	卖盘
10:22:03	14.26	--	3	4278	卖盘
10:21:57	14.26	-0.01	21	29946	卖盘
10:21:54	14.27	--	9	12843	买盘
10:21:48	14.27	--	3	4281	买盘
10:21:39	14.27	0.01	8	11416	买盘
10:21:36	14.26	--	28	39928	卖盘
10:21:33	14.26	--	53	75578	卖盘
10:21:27	14.26	--	76	108376	买盘
10:21:24	14.26	--	16	22816	买盘
10:21:21	14.26	--	18	25668	买盘
10:21:18	14.26	0.01	51	72726	买盘
10:21:09	14.25	-0.01	305	434625	卖盘
10:21:06	14.26	0.01	34	48484	买盘
10:21:03	14.25	-0.01	4	5700	卖盘
10:21:00	14.26	0.01	28	39928	买盘
10:20:57	14.25	-0.01	49	69825	卖盘
10:20:54	14.26	--	67	95542	买盘
10:20:51	14.26	--	10	14260	买盘
10:20:48	14.26	--	2	2852	买盘
10:20:45	14.26	0.01	10	14260	买盘
10:20:42	14.25	-0.01	20	28500	卖盘
10:20:39	14.26	--	6	8556	买盘
10:20:36	14.26	0.01	10	14260	买盘
10:20:33	14.25	-0.01	1	1425	卖盘
10:20:30	14.26	0.01	4	5704	买盘
10:20:27	14.25	-0.01	169	240825	卖盘
10:20:24	14.26	0.01	19	27094	买盘
10:20:21	14.25	--	28	39900	卖盘
10:20:18	14.25	--	11	15675	卖盘
10:20:15	14.25	--	26	37092	买盘
10:20:09	14.25	0.01	16	22800	买盘
10:20:06	14.24	-0.01	1	1424	卖盘
10:20:03	14.25	0.01	43	61275	买盘
10:20:00	14.24	--	6	8544	卖盘
10:19:54	14.24	-0.01	3	4272	卖盘
10:19:51	14.25	--	5	7125	卖盘
10:19:48	14.25	--	7	9975	卖盘
10:19:45	14.25	0.01	17	24225	买盘
10:19:39	14.24	-0.01	7	9968	卖盘
10:19:36	14.25	--	24	34200	买盘
10:19:33	14.25	--	2	2850	买盘
10:19:30	14.25	0.01	49	69825	买盘
10:19:24	14.24	-0.01	9	12816	卖盘
10:19:21	14.25	0.01	87	123975	买盘
10:19:18	14.24	--	30	42720	卖盘
10:19:15	14.24	-0.01	327	465648	卖盘
10:19:12	14.25	0.01	135	192375	买盘
10:19:09	14.24	--	1	1424	卖盘
10:19:06	14.24	-0.01	39	55536	卖盘
10:19:03	14.25	--	2	2850	买盘
10:18:57	14.25	--	63	89775	买盘
10:18:54	14.25	--	18	25650	买盘
10:18:51	14.25	--	9	12825	买盘
10:18:45	14.25	0.01	7	9975	买盘
10:18:42	14.24	--	10	14240	卖盘
10:18:39	14.24	--	31	44144	卖盘
10:18:36	14.24	-0.01	13	18512	卖盘
10:18:33	14.25	--	12	17100	买盘
10:18:30	14.25	--	15	21375	买盘
10:18:27	14.25	0.01	17	24225	买盘
10:18:24	14.24	--	25	35600	卖盘
10:18:21	14.24	0.01	10	14240	买盘
10:18:18	14.23	-0.01	3	4269	卖盘
10:18:15	14.24	--	45	64080	卖盘
10:18:12	14.24	--	15	21360	买盘
10:18:09	14.24	--	5	7120	买盘
10:18:06	14.24	0.01	59	84016	买盘
10:17:48	14.23	0.01	214	304522	买盘
10:17:45	14.22	-0.01	42	59724	卖盘
10:17:39	14.23	--	10	14230	卖盘
10:17:36	14.23	0.01	27	38421	买盘
10:17:30	14.22	--	50	71100	卖盘
10:17:27	14.22	-0.01	4	5688	卖盘
10:17:24	14.23	0.01	30	42690	买盘
10:17:21	14.22	-0.01	513	729486	卖盘
10:17:18	14.23	--	29	41267	卖盘
10:17:15	14.23	0.01	37	52651	买盘
10:17:12	14.22	-0.01	12	17064	卖盘
10:17:09	14.23	0.01	30	42690	买盘
10:17:06	14.22	--	12	17064	卖盘
10:17:03	14.22	-0.01	12	17064	卖盘
10:17:00	14.23	--	102	145146	买盘
10:16:57	14.23	0.02	8	11384	买盘
10:16:54	14.21	-0.01	61	86681	卖盘
10:16:51	14.22	--	9	12798	卖盘
10:16:48	14.22	-0.01	3	4266	卖盘
10:16:45	14.23	0.02	1	1423	买盘
10:16:42	14.21	-0.01	124	176204	卖盘
10:16:39	14.22	--	50	71100	买盘
10:16:36	14.22	--	2	2844	买盘
10:16:33	14.22	--	13	18486	买盘
10:16:30	14.22	0.01	12	17064	买盘
10:16:27	14.21	--	81	115101	卖盘
10:16:24	14.21	-0.01	84	119364	卖盘
10:16:21	14.22	--	28	39816	买盘
10:16:18	14.22	0.01	38	54036	买盘
10:16:15	14.21	-0.01	161	228781	卖盘
10:16:12	14.22	0.01	172	244584	买盘
10:16:09	14.21	--	98	139258	卖盘
10:16:06	14.21	--	48	68208	卖盘
10:16:03	14.21	-0.01	22	31262	卖盘
10:16:00	14.22	0.01	35	49770	买盘
10:15:57	14.21	--	23	32683	卖盘
10:15:54	14.21	--	165	234465	卖盘
10:15:51	14.21	-0.01	48	68208	卖盘
10:15:48	14.22	--	6	8532	买盘
10:15:45	14.22	--	17	24174	买盘
10:15:42	14.22	0.01	31	44082	买盘
10:15:39	14.21	--	49	69629	卖盘
10:15:36	14.21	-0.01	351	498771	卖盘
10:15:33	14.22	--	16	22752	买盘
10:15:30	14.22	--	12	17064	买盘
10:15:27	14.22	--	37	52614	买盘
10:15:24	14.22	--	247	351234	买盘
10:15:21	14.22	--	16	22752	买盘
10:15:18	14.22	--	204	290088	买盘
10:15:15	14.22	-0.01	29	41238	卖盘
10:15:12	14.23	0.02	22	31306	买盘
10:15:09	14.21	-0.01	118	167678	卖盘
10:15:06	14.22	0.01	6	8532	卖盘
10:15:03	14.21	-0.01	38	55191	卖盘
10:15:00	14.22	--	175	248850	买盘
10:14:57	14.22	0.01	40	56880	买盘
10:14:54	14.21	-0.01	59	83839	卖盘
10:14:51	14.22	--	15	21330	买盘
10:14:48	14.22	--	48	68256	买盘
10:14:45	14.22	--	156	221832	买盘
10:14:42	14.22	--	219	311418	买盘
10:14:39	14.22	--	7	9954	买盘
10:14:36	14.22	--	12	17064	买盘
10:14:33	14.22	--	90	127980	买盘
10:14:30	14.22	--	57	81054	买盘
10:14:27	14.22	--	35	49770	买盘
10:14:24	14.22	--	21	29862	买盘
10:14:21	14.22	-0.01	621	883062	卖盘
10:14:18	14.23	0.01	14	19922	买盘
10:14:15	14.22	--	140	199080	卖盘
10:14:12	14.22	-0.01	17	24174	卖盘
10:14:09	14.23	0.01	5	7115	买盘
10:14:06	14.22	--	14	19908	卖盘
10:14:03	14.22	-0.01	97	137934	卖盘
10:14:00	14.23	0.01	19	27037	买盘
10:13:57	14.22	--	70	99540	卖盘
10:13:51	14.22	-0.01	89	126558	卖盘
10:13:48	14.23	--	20	28460	卖盘
10:13:45	14.23	0.01	23	32729	中性盘
10:13:42	14.22	--	11	15642	卖盘
10:13:39	14.22	-0.01	91	129402	卖盘
10:13:36	14.23	--	186	264678	买盘
10:13:33	14.23	0.01	15	21345	买盘
10:13:30	14.22	--	10	14220	卖盘
10:13:27	14.22	--	88	125136	卖盘
10:13:24	14.22	--	42	59724	卖盘
10:13:21	14.22	--	62	88164	卖盘
10:13:18	14.22	--	303	430866	卖盘
10:13:15	14.22	--	72	102384	卖盘
10:13:12	14.22	--	26	36972	卖盘
10:13:09	14.22	-0.01	81	115182	卖盘
10:13:06	14.23	0.01	6	8538	买盘
10:13:03	14.22	--	10	14220	卖盘
10:13:00	14.22	-0.01	42	59724	卖盘
10:12:57	14.23	0.01	5	7115	买盘
10:12:54	14.22	-0.01	50	71100	卖盘
10:12:51	14.23	0.01	117	166491	买盘
10:12:48	14.22	-0.01	305	433710	卖盘
10:12:45	14.23	--	21	29883	买盘
10:12:42	14.23	0.01	280	398440	买盘
10:12:39	14.22	-0.01	100	142200	卖盘
10:12:36	14.23	--	32	45536	买盘
10:12:33	14.23	0.01	14	19922	买盘
10:12:30	14.22	-0.01	211	300042	卖盘
10:12:27	14.23	--	28	39844	买盘
10:12:24	14.23	-0.01	216	307368	卖盘
10:12:21	14.24	--	115	163760	买盘
10:12:15	14.24	--	17	24208	买盘
10:12:09	14.24	--	11	15664	买盘
10:12:06	14.24	--	58	82819	卖盘
10:12:03	14.24	--	72	102528	卖盘
10:11:57	14.24	--	100	142400	卖盘
10:11:54	14.24	-0.01	52	74048	卖盘
10:11:51	14.25	--	42	59850	中性盘
10:11:42	14.25	--	170	242250	卖盘
10:11:39	14.25	--	24	34200	卖盘
10:11:30	14.25	--	7	9975	卖盘
10:11:27	14.25	--	65	92625	买盘
10:11:24	14.25	--	10	14250	买盘
10:11:18	14.25	0.01	9	12825	买盘
10:11:15	14.24	--	29	41296	卖盘
10:11:12	14.24	-0.01	95	135280	卖盘
10:11:09	14.25	0.01	19	27075	买盘
10:11:06	14.24	-0.01	50	71200	卖盘
10:11:03	14.25	--	71	101175	卖盘
10:11:00	14.25	--	20	28500	买盘
10:10:57	14.25	--	27	38475	买盘
10:10:54	14.25	--	8	11400	买盘
10:10:51	14.25	--	35	49875	卖盘
10:10:48	14.25	--	1	1425	卖盘
10:10:45	14.25	--	7	9975	卖盘
10:10:39	14.25	--	27	38475	卖盘
10:10:36	14.25	0.01	85	121125	买盘
10:10:33	14.24	-0.01	7	9968	卖盘
10:10:30	14.25	--	45	64125	买盘
10:10:27	14.25	0.01	49	69825	买盘
10:10:24	14.24	--	11	16860	卖盘
10:10:21	14.24	--	2	2848	卖盘
10:10:18	14.24	--	7	9968	卖盘
10:10:15	14.24	--	89	126736	买盘
10:10:12	14.24	0.01	16	22784	买盘
10:10:09	14.23	-0.01	99	140877	卖盘
10:10:03	14.24	--	28	39872	买盘
10:10:00	14.24	--	18	25632	买盘
10:09:57	14.24	--	1	1424	买盘
10:09:54	14.24	0.02	41	58384	买盘
10:09:51	14.22	-0.01	129	183438	卖盘
10:09:48	14.23	--	77	109571	买盘
10:09:45	14.23	--	100	142300	买盘
10:09:42	14.23	0.01	10	14230	买盘
10:09:39	14.22	--	118	167796	卖盘
10:09:36	14.22	-0.01	125	177750	卖盘
10:09:33	14.23	0.01	171	243333	买盘
10:09:30	14.22	-0.01	6	8532	卖盘
10:09:24	14.23	--	48	68304	买盘
10:09:21	14.23	0.01	17	24191	买盘
10:09:18	14.22	-0.01	23	32706	卖盘
10:09:15	14.23	--	16	22768	买盘
10:09:12	14.23	--	23	32729	买盘
10:09:09	14.23	--	69	98187	买盘
10:09:06	14.23	-0.01	149	212027	卖盘
10:09:03	14.24	0.01	21	29904	买盘
10:09:00	14.23	--	22	31306	卖盘
10:08:57	14.23	--	39	55497	卖盘
10:08:54	14.23	0.01	11	15653	买盘
10:08:51	14.22	-0.01	150	213300	卖盘
10:08:48	14.23	0.01	57	81111	买盘
10:08:45	14.22	--	52	73944	卖盘
10:08:42	14.22	--	4	5688	卖盘
10:08:36	14.22	-0.01	1	1422	卖盘
10:08:33	14.23	--	31	44113	买盘
10:08:30	14.23	--	15	21345	买盘
10:08:27	14.23	--	29	41267	买盘
10:08:21	14.23	--	44	62612	卖盘
10:08:18	14.23	--	100	142300	卖盘
10:08:15	14.23	--	1	1423	卖盘
10:08:12	14.23	--	42	59766	卖盘
10:08:09	14.23	--	166	236218	卖盘
10:08:06	14.23	--	116	165068	卖盘
10:08:03	14.23	-0.01	62	88226	卖盘
10:08:00	14.24	--	84	119616	买盘
10:07:57	14.24	--	15	21360	买盘
10:07:51	14.24	0.01	9	12816	买盘
10:07:48	14.23	-0.01	47	66881	卖盘
10:07:45	14.24	0.01	1	1424	买盘
10:07:42	14.23	-0.01	4	5692	卖盘
10:07:39	14.24	-0.01	140	200727	卖盘
10:07:36	14.25	--	2	2850	买盘
10:07:30	14.25	--	41	59365	买盘
10:07:27	14.25	--	36	51300	买盘
10:07:24	14.25	0.01	37	52725	买盘
10:07:21	14.24	-0.01	43	61232	卖盘
10:07:18	14.25	--	19	27075	买盘
10:07:15	14.25	0.01	16	22800	买盘
10:07:12	14.24	--	17	24208	卖盘
10:07:09	14.24	--	50	71200	卖盘
10:07:06	14.24	-0.01	25	35600	卖盘
10:07:03	14.25	--	87	123975	买盘
10:07:00	14.25	--	10	14250	买盘
10:06:57	14.25	--	101	143925	卖盘
10:06:54	14.25	--	149	212325	卖盘
10:06:51	14.25	--	16	22800	卖盘
10:06:48	14.25	--	10	14250	卖盘
10:06:45	14.25	-0.01	99	141075	卖盘
10:06:42	14.26	--	4	5704	买盘
10:06:39	14.26	--	35	49910	买盘
10:06:36	14.26	--	10	14260	买盘
10:06:30	14.26	-0.01	49	69874	卖盘
10:06:27	14.27	0.01	15	21405	买盘
10:06:24	14.26	--	110	156860	卖盘
10:06:21	14.26	--	2	2852	卖盘
10:06:18	14.26	--	4	5704	卖盘
10:06:15	14.26	--	56	79856	卖盘
10:06:12	14.26	--	26	37076	卖盘
10:06:09	14.26	--	37	54045	卖盘
10:06:06	14.26	--	99	141174	卖盘
10:06:03	14.26	--	97	138322	卖盘
10:06:00	14.26	-0.01	48	68448	卖盘
10:05:57	14.27	0.01	12	17124	买盘
10:05:54	14.26	-0.01	28	39928	卖盘
10:05:51	14.27	0.01	1	1427	买盘
10:05:45	14.26	--	1	1426	买盘
10:05:42	14.26	-0.01	6	8556	卖盘
10:05:39	14.27	0.01	15	21405	买盘
10:05:36	14.26	-0.01	53	75578	卖盘
10:05:33	14.27	--	20	28540	买盘
10:05:30	14.27	--	30	42810	买盘
10:05:27	14.27	--	31	44237	买盘
10:05:21	14.27	0.02	13	18551	买盘
10:05:18	14.25	-0.01	16	22800	卖盘
10:05:15	14.26	--	24	34224	买盘
10:05:12	14.26	--	1	1426	买盘
10:05:09	14.26	--	33	47058	卖盘
10:05:06	14.26	--	47	67022	卖盘
10:05:03	14.26	0.01	29	41354	买盘
10:05:00	14.25	-0.01	30	42750	卖盘
10:04:57	14.26	--	5	7130	买盘
10:04:54	14.26	--	40	57040	买盘
10:04:51	14.26	0.01	5	7130	买盘
10:04:48	14.25	--	2	2850	卖盘
10:04:45	14.25	--	37	52725	买盘
10:04:42	14.25	--	36	51300	卖盘
10:04:39	14.25	--	28	39900	买盘
10:04:36	14.25	--	7	9975	买盘
10:04:33	14.25	--	112	159600	买盘
10:04:30	14.25	--	43	61275	买盘
10:04:24	14.25	--	13	18525	买盘
10:04:21	14.25	--	23	32775	买盘
10:04:18	14.25	--	13	18525	买盘
10:04:15	14.25	0.01	9	12825	买盘
10:04:12	14.24	--	2	2848	卖盘
10:04:09	14.24	-0.01	70	100221	卖盘
10:04:06	14.25	0.01	6	8550	买盘
10:04:03	14.24	--	30	42720	卖盘
10:04:00	14.24	--	153	217872	买盘
10:03:57	14.24	--	1	1424	买盘
10:03:54	14.24	--	87	123888	买盘
10:03:51	14.24	0.01	33	46992	买盘
10:03:48	14.23	--	12	17076	卖盘
10:03:45	14.23	--	40	56920	卖盘
10:03:42	14.23	-0.01	11	15653	卖盘
10:03:39	14.24	0.01	5	7120	买盘
10:03:36	14.23	-0.01	18	25614	卖盘
10:03:33	14.24	0.01	47	66928	买盘
10:03:30	14.23	--	1	1423	卖盘
10:03:27	14.23	-0.01	2	2846	卖盘
10:03:24	14.24	0.01	80	113920	买盘
10:03:21	14.23	--	10	14230	卖盘
10:03:18	14.23	--	16	22768	卖盘
10:03:15	14.23	--	35	49805	买盘
10:03:12	14.23	--	26	37111	买盘
10:03:09	14.23	0.01	56	79688	买盘
10:03:06	14.22	-0.01	26	36972	卖盘
10:03:03	14.23	0.01	112	159376	买盘
10:03:00	14.22	--	10	14220	卖盘
10:02:57	14.22	-0.01	7	9954	卖盘
10:02:54	14.23	--	56	79688	买盘
10:02:51	14.23	--	4	5692	买盘
10:02:48	14.23	--	27	38421	买盘
10:02:45	14.23	--	19	27037	卖盘
10:02:42	14.23	--	10	14230	卖盘
10:02:39	14.23	--	13	18499	买盘
10:02:36	14.23	0.01	10	14230	买盘
10:02:33	14.22	--	24	34128	卖盘
10:02:30	14.22	-0.01	67	95274	卖盘
10:02:27	14.23	--	60	85380	买盘
10:02:24	14.23	--	43	61189	买盘
10:02:21	14.23	--	226	321598	卖盘
10:02:18	14.23	--	17	24191	买盘
10:02:15	14.23	--	53	75419	买盘
10:02:12	14.23	--	20	28460	买盘
10:02:09	14.23	--	428	609044	卖盘
10:02:06	14.23	--	208	295984	卖盘
10:02:03	14.23	-0.01	38	54074	卖盘
10:01:57	14.24	0.01	3	4272	买盘
10:01:54	14.23	-0.01	71	101033	卖盘
10:01:51	14.24	0.01	43	61232	买盘
10:01:48	14.23	-0.01	37	52651	卖盘
10:01:45	14.24	0.01	43	61232	买盘
10:01:42	14.23	--	2	2846	卖盘
10:01:39	14.23	--	9	12807	卖盘
10:01:36	14.23	--	18	25614	卖盘
10:01:33	14.23	--	67	95341	卖盘
10:01:30	14.23	-0.01	56	79688	卖盘
10:01:27	14.24	--	68	96832	买盘
10:01:24	14.24	0.01	64	91136	买盘
10:01:21	14.23	--	10	14230	卖盘
10:01:18	14.23	--	153	217719	买盘
10:01:15	14.23	0.01	55	78265	买盘
10:01:12	14.22	-0.01	14	19908	卖盘
10:01:09	14.23	--	8	11384	买盘
10:01:06	14.23	--	53	76130	买盘
10:01:03	14.23	0.01	268	381364	买盘
10:01:00	14.22	--	10	14220	卖盘
10:00:57	14.22	--	52	73944	卖盘
10:00:54	14.22	-0.01	60	86201	卖盘
10:00:51	14.23	--	2	2846	卖盘
10:00:48	14.23	--	349	496627	卖盘
10:00:42	14.23	-0.01	58	82534	卖盘
10:00:39	14.24	-0.01	25	35600	卖盘
10:00:36	14.25	--	20	28500	买盘
10:00:33	14.25	0.01	76	108300	买盘
10:00:30	14.24	--	39	55536	卖盘
10:00:27	14.24	-0.01	196	279104	卖盘
10:00:24	14.25	0.01	5	7125	买盘
10:00:21	14.24	--	5	7120	卖盘
10:00:18	14.24	--	57	81168	买盘
10:00:15	14.24	--	108	153792	卖盘
10:00:12	14.24	--	113	160912	卖盘
10:00:09	14.24	-0.01	71	101104	卖盘
10:00:06	14.25	--	31	44175	买盘
10:00:03	14.25	--	7	9975	卖盘
10:00:00	14.25	--	11	15675	卖盘
09:59:57	14.25	--	4	5700	卖盘
09:59:54	14.25	0.02	24	34200	中性盘
09:59:48	14.23	-0.02	509	724307	卖盘
09:59:45	14.25	0.01	14	19950	买盘
09:59:42	14.24	-0.02	101	143824	卖盘
09:59:39	14.26	0.01	21	29946	买盘
09:59:36	14.25	-0.01	9	12825	卖盘
09:59:33	14.26	--	21	29946	买盘
09:59:30	14.26	0.01	30	42780	中性盘
09:59:27	14.25	-0.02	274	390450	卖盘
09:59:24	14.27	--	50	71350	买盘
09:59:21	14.27	--	15	21405	买盘
09:59:18	14.27	0.02	110	156970	买盘
09:59:15	14.25	-0.02	4	5700	卖盘
09:59:12	14.27	0.02	11	15697	买盘
09:59:09	14.25	--	4	5700	卖盘
09:59:06	14.25	-0.02	118	169361	卖盘
09:59:03	14.27	--	5	7135	卖盘
09:58:57	14.27	0.02	202	289195	买盘
09:58:54	14.25	-0.01	343	489473	卖盘
09:58:51	14.26	--	11	15686	卖盘
09:58:48	14.26	0.01	154	219604	买盘
09:58:45	14.25	--	22	31350	卖盘
09:58:42	14.25	--	71	101175	卖盘
09:58:39	14.25	--	225	320625	卖盘
09:58:36	14.25	--	21	30651	卖盘
09:58:30	14.25	-0.01	50	71250	卖盘
09:58:27	14.26	0.02	39	55614	买盘
09:58:24	14.24	-0.01	70	99680	卖盘
09:58:21	14.25	--	31	44175	买盘
09:58:18	14.25	--	75	106875	买盘
09:58:15	14.25	--	3	4275	买盘
09:58:12	14.25	--	41	58425	买盘
09:58:09	14.25	--	33	47025	买盘
09:58:06	14.25	0.01	50	71250	买盘
09:58:03	14.24	--	37	52688	卖盘
09:58:00	14.24	--	31	44144	卖盘
09:57:57	14.24	--	10	14240	卖盘
09:57:54	14.24	--	59	84016	买盘
09:57:51	14.24	--	34	48416	买盘
09:57:48	14.24	--	20	28480	买盘
09:57:45	14.24	--	31	44144	买盘
09:57:42	14.24	--	125	179210	卖盘
09:57:39	14.24	--	32	45568	卖盘
09:57:36	14.24	--	10	14453	卖盘
09:57:33	14.24	--	76	108224	买盘
09:57:30	14.24	--	20	28480	卖盘
09:57:27	14.24	--	168	239232	买盘
09:57:24	14.24	0.01	20	28480	买盘
09:57:21	14.23	-0.01	46	65458	卖盘
09:57:18	14.24	-0.01	106	150944	卖盘
09:57:15	14.25	0.01	115	163875	买盘
09:57:12	14.24	--	3	4272	卖盘
09:57:09	14.24	-0.01	59	84016	卖盘
09:57:06	14.25	--	9	12825	买盘
09:57:03	14.25	--	11	15675	买盘
09:57:00	14.25	--	21	29925	买盘
09:56:57	14.25	--	28	39900	卖盘
09:56:54	14.25	--	18	25650	卖盘
09:56:51	14.25	--	30	42750	卖盘
09:56:48	14.25	--	20	28500	卖盘
09:56:45	14.25	--	445	634125	买盘
09:56:42	14.25	0.01	113	161025	买盘
09:56:39	14.24	-0.01	25	35600	卖盘
09:56:36	14.25	0.01	15	21375	买盘
09:56:33	14.24	0.01	72	102528	卖盘
09:56:30	14.23	-0.02	94	133762	卖盘
09:56:27	14.25	0.01	83	118275	买盘
09:56:24	14.24	-0.01	98	139552	卖盘
09:56:21	14.25	0.02	140	199500	买盘
09:56:18	14.23	-0.02	82	116686	卖盘
09:56:15	14.25	--	31	44175	买盘
09:56:12	14.25	--	7	9975	买盘
09:56:09	14.25	--	110	156750	买盘
09:56:06	14.25	--	1	1425	买盘
09:56:03	14.25	0.02	70	99750	卖盘
09:56:00	14.23	-0.05	600	853800	卖盘
09:55:57	14.28	-0.01	75	107100	卖盘
09:55:54	14.29	0.01	97	138613	买盘
09:55:51	14.28	--	11	15708	卖盘
09:55:48	14.28	--	54	77112	卖盘
09:55:42	14.28	0.01	2	2856	卖盘
09:55:39	14.27	-0.01	83	118441	卖盘
09:55:36	14.28	--	2	2856	买盘
09:55:33	14.28	0.01	52	74256	买盘
09:55:30	14.27	--	50	71350	卖盘
09:55:27	14.27	--	34	48518	卖盘
09:55:24	14.27	-0.01	331	472337	卖盘
09:55:21	14.28	--	52	74256	买盘
09:55:18	14.28	0.01	67	95676	买盘
09:55:15	14.27	-0.01	54	77058	卖盘
09:55:12	14.28	0.01	22	31416	买盘
09:55:09	14.27	--	13	18551	卖盘
09:55:03	14.27	0.01	104	149649	买盘
09:55:00	14.26	-0.01	58	82708	卖盘
09:54:57	14.27	0.01	28	39956	买盘
09:54:54	14.26	0.01	13	18538	中性盘
09:54:48	14.25	0.01	8	11400	卖盘
09:54:45	14.24	--	6	8544	卖盘
09:54:42	14.24	--	233	331792	卖盘
09:54:39	14.24	-0.01	99	140976	中性盘
09:54:36	14.25	0.02	35	49875	买盘
09:54:33	14.23	--	179	254717	卖盘
09:54:30	14.23	--	38	54074	卖盘
09:54:27	14.23	--	75	106725	买盘
09:54:24	14.23	--	66	93918	买盘
09:54:21	14.23	--	106	150838	买盘
09:54:18	14.23	--	120	170760	买盘
09:54:15	14.23	--	26	36998	买盘
09:54:12	14.23	--	41	58343	买盘
09:54:09	14.23	--	144	204912	买盘
09:54:06	14.23	--	66	93918	买盘
09:54:03	14.23	--	12	17076	买盘
09:54:00	14.23	0.01	100	142300	买盘
09:53:57	14.22	--	132	187704	卖盘
09:53:54	14.22	0.01	76	108072	买盘
09:53:51	14.21	--	116	164836	卖盘
09:53:48	14.21	-0.01	835	1186535	卖盘
09:53:45	14.22	--	9	12798	卖盘
09:53:42	14.22	--	59	84708	买盘
09:53:39	14.22	-0.01	197	280745	卖盘
09:53:36	14.23	0.01	149	212838	买盘
09:53:33	14.22	--	210	298620	买盘
09:53:30	14.22	-0.01	121	172062	卖盘
09:53:27	14.23	--	1075	1529725	买盘
09:53:24	14.23	--	216	307368	买盘
09:53:21	14.23	--	172	244756	买盘
09:53:18	14.23	0.01	10	14230	买盘
09:53:15	14.22	-0.01	39	55458	卖盘
09:53:12	14.23	--	107	152261	买盘
09:53:09	14.23	--	94	133762	买盘
09:53:06	14.23	-0.01	102	145757	卖盘
09:53:03	14.24	0.01	11	15664	买盘
09:53:00	14.23	-0.01	55	78265	卖盘
09:52:57	14.24	0.01	156	222144	买盘
09:52:54	14.23	--	93	132339	卖盘
09:52:51	14.23	--	154	219142	卖盘
09:52:48	14.23	--	92	130916	卖盘
09:52:45	14.23	--	158	224834	卖盘
09:52:42	14.23	--	48	68304	卖盘
09:52:39	14.23	-0.01	102	145146	卖盘
09:52:36	14.24	--	34	48416	买盘
09:52:33	14.24	-0.01	25	35600	买盘
09:52:30	14.25	--	69	98325	买盘
09:52:27	14.25	0.01	485	691125	买盘
09:52:24	14.24	-0.01	160	227840	卖盘
09:52:21	14.25	--	41	58425	买盘
09:52:18	14.25	--	112	159600	买盘
09:52:15	14.25	--	78	111150	买盘
09:52:12	14.25	--	82	116850	买盘
09:52:09	14.25	--	220	313500	买盘
09:52:06	14.25	--	257	366225	买盘
09:52:03	14.25	--	149	212325	卖盘
09:52:00	14.25	-0.01	294	418950	卖盘
09:51:57	14.26	--	156	222456	买盘
09:51:54	14.26	--	79	112654	买盘
09:51:51	14.26	--	549	782874	卖盘
09:51:48	14.26	-0.01	61	86986	卖盘
09:51:45	14.27	0.01	156	222612	买盘
09:51:42	14.26	--	90	128340	卖盘
09:51:39	14.26	--	169	240994	买盘
09:51:36	14.26	0.01	129	183954	卖盘
09:51:33	14.25	-0.01	175	249375	卖盘
09:51:30	14.26	0.01	109	155434	买盘
09:51:27	14.25	-0.01	116	165300	卖盘
09:51:24	14.26	0.01	141	201066	买盘
09:51:21	14.25	-0.01	20	28500	卖盘
09:51:18	14.26	0.01	110	157672	买盘
09:51:15	14.25	--	35	49875	买盘
09:51:12	14.25	--	117	166725	卖盘
09:51:09	14.25	--	130	185250	买盘
09:51:06	14.25	--	311	443175	卖盘
09:51:03	14.25	-0.01	184	262200	卖盘
09:51:00	14.26	--	213	303738	买盘
09:50:57	14.26	0.01	79	112654	买盘
09:50:54	14.25	-0.01	231	329175	卖盘
09:50:51	14.26	0.01	8	11408	买盘
09:50:48	14.25	-0.01	196	279300	卖盘
09:50:45	14.26	--	19	27094	买盘
09:50:42	14.26	-0.01	152	216752	卖盘
09:50:39	14.27	0.01	67	95609	中性盘
09:50:36	14.26	--	44	62744	卖盘
09:50:33	14.26	-0.01	20	28520	卖盘
09:50:30	14.27	--	98	139846	买盘
09:50:27	14.27	--	29	41383	买盘
09:50:24	14.27	-0.01	216	308232	卖盘
09:50:21	14.28	0.01	44	62832	中性盘
09:50:18	14.27	-0.02	139	198353	卖盘
09:50:15	14.29	--	14	20006	买盘
09:50:12	14.29	0.01	26	37154	买盘
09:50:09	14.28	--	53	75684	买盘
09:50:06	14.28	--	48	68544	买盘
09:50:03	14.28	-0.01	402	574341	卖盘
09:50:00	14.29	-0.01	21	30009	卖盘
09:49:57	14.3	0.01	62	88660	买盘
09:49:54	14.29	--	68	97172	卖盘
09:49:51	14.29	--	165	235785	卖盘
09:49:48	14.29	--	60	85740	卖盘
09:49:45	14.29	-0.01	84	120036	中性盘
09:49:42	14.3	--	548	783668	买盘
09:49:39	14.3	--	36	51480	买盘
09:49:36	14.3	--	118	168740	买盘
