成交时间	成交价	价格变动	成交量(手)	成交额(元)	性质
15:00:03	9.93	0.02	1237	1228341	买盘
14:57:00	9.91	--	0	0	买盘
14:56:54	9.91	--	1	991	买盘
14:56:51	9.91	--	14	13874	买盘
14:56:48	9.91	--	38	37658	买盘
14:56:45	9.91	-0.01	85	84235	卖盘
14:56:42	9.92	--	16	15872	买盘
14:56:33	9.92	--	14	13888	买盘
14:56:30	9.92	--	87	86304	买盘
14:56:21	9.92	--	35	34720	卖盘
14:56:12	9.92	--	64	63488	买盘
14:56:03	9.92	-0.01	26	25792	中性盘
14:55:57	9.93	0.03	46	45678	买盘
14:55:54	9.9	-0.02	5	4950	卖盘
14:55:51	9.92	--	251	248992	买盘
14:55:48	9.92	0.02	135	133920	买盘
14:55:45	9.9	--	68	67320	买盘
14:55:42	9.9	--	40	39600	买盘
14:55:39	9.9	--	10	9900	买盘
14:55:36	9.9	0.01	20	19800	买盘
14:55:33	9.89	--	9	8901	卖盘
14:55:30	9.89	-0.03	124	122636	卖盘
14:55:27	9.92	0.02	560	555520	买盘
14:55:24	9.9	--	35	34650	买盘
14:55:15	9.9	0.01	542	536580	买盘
14:55:09	9.89	--	19	18791	买盘
14:55:06	9.89	-0.01	47	46483	卖盘
14:55:03	9.9	0.01	100	99000	买盘
14:54:57	9.89	--	37	36593	买盘
14:54:54	9.89	--	82	81098	卖盘
14:54:48	9.89	--	66	65283	买盘
14:54:45	9.89	0.01	112	110768	买盘
14:54:42	9.88	-0.01	202	199576	卖盘
14:54:39	9.89	0.01	85	84065	买盘
14:54:36	9.88	-0.01	104	102752	卖盘
14:54:30	9.89	0.01	90	89010	买盘
14:54:27	9.88	-0.01	115	113620	卖盘
14:54:24	9.89	0.01	9	8901	买盘
14:54:21	9.88	--	25	24700	卖盘
14:54:15	9.88	--	13	12844	卖盘
14:54:12	9.88	--	6	5928	卖盘
14:54:06	9.88	0.01	5	4940	买盘
14:54:03	9.87	-0.01	2	1973	卖盘
14:54:00	9.88	--	10	9880	买盘
14:53:57	9.88	--	27	26676	卖盘
14:53:54	9.88	-0.01	100	98800	卖盘
14:53:48	9.89	--	132	130548	买盘
14:53:42	9.89	0.01	40	39560	买盘
14:53:36	9.88	-0.01	20	19760	卖盘
14:53:33	9.89	0.01	34	33626	买盘
14:53:30	9.88	-0.01	8	7904	卖盘
14:53:27	9.89	0.01	8	7912	买盘
14:53:24	9.88	--	100	98800	卖盘
14:53:21	9.88	--	20	19760	卖盘
14:53:12	9.88	-0.01	5	4940	卖盘
14:53:09	9.89	0.01	15	14835	买盘
14:53:06	9.88	-0.01	18	17784	卖盘
14:53:03	9.89	--	18	17802	买盘
14:53:00	9.89	0.01	5	4945	买盘
14:52:57	9.88	-0.01	30	29640	卖盘
14:52:54	9.89	--	26	25714	买盘
14:52:51	9.89	0.01	22	21758	买盘
14:52:48	9.88	-0.01	60	59280	卖盘
14:52:45	9.89	--	10	9890	买盘
14:52:42	9.89	--	11	10879	买盘
14:52:36	9.89	0.01	6	5934	买盘
14:52:33	9.88	-0.01	7	6916	卖盘
14:52:27	9.89	--	1	989	买盘
14:52:24	9.89	-0.01	463	457907	卖盘
14:52:21	9.9	0.01	4	3960	买盘
14:52:18	9.89	--	33	32637	卖盘
14:52:03	9.89	--	26	25714	卖盘
14:52:00	9.89	-0.01	20	19780	卖盘
14:51:57	9.9	0.01	2	1980	买盘
14:51:48	9.89	-0.01	31	30659	卖盘
14:51:45	9.9	0.01	15	14850	买盘
14:51:39	9.89	-0.01	55	54395	卖盘
14:51:36	9.9	--	1	990	买盘
14:51:21	9.9	0.01	10	9900	买盘
14:51:12	9.89	-0.01	7	6923	卖盘
14:51:09	9.9	0.01	2	1980	买盘
14:51:03	9.89	--	18	17802	买盘
14:51:00	9.89	--	12	11868	买盘
14:50:57	9.89	--	22	21758	买盘
14:50:51	9.89	--	6	5934	买盘
14:50:48	9.89	--	1	989	中性盘
14:50:36	9.89	--	7	6923	卖盘
14:50:33	9.89	--	51	50439	卖盘
14:50:27	9.89	--	2	1978	卖盘
14:50:21	9.89	0.01	5	4945	中性盘
14:50:09	9.88	-0.01	30	29640	卖盘
14:49:57	9.89	0.01	70	69230	中性盘
14:49:48	9.88	-0.01	405	400140	卖盘
14:49:42	9.89	--	65	64285	买盘
14:49:39	9.89	--	13	12857	买盘
14:49:36	9.89	--	10	9890	买盘
14:49:33	9.89	--	3	2967	买盘
14:49:27	9.89	--	12	11868	买盘
14:49:24	9.89	-0.01	10	9890	卖盘
14:49:21	9.9	--	10	9900	买盘
14:48:48	9.9	0.02	33	32670	买盘
14:48:45	9.88	--	1	988	买盘
14:48:42	9.88	-0.02	284	280898	卖盘
14:48:39	9.9	-0.01	25	24750	卖盘
14:48:33	9.91	0.02	2	1982	买盘
14:48:30	9.89	--	300	296700	卖盘
14:48:27	9.89	--	52	51428	卖盘
14:48:21	9.89	-0.01	129	127581	卖盘
14:48:18	9.9	--	172	170280	卖盘
14:48:12	9.9	-0.02	119	117810	卖盘
14:48:09	9.92	0.02	10	9920	买盘
14:48:06	9.9	--	23	22770	卖盘
14:48:03	9.9	--	16	15840	卖盘
14:47:51	9.9	-0.02	55	54450	卖盘
14:47:48	9.92	0.02	19	18848	买盘
14:47:45	9.9	-0.01	4	3960	卖盘
14:47:30	9.91	0.01	5	4955	买盘
14:47:27	9.9	--	177	175913	买盘
14:47:24	9.9	--	20	19800	买盘
14:47:21	9.9	--	2	1980	买盘
14:47:18	9.9	--	33	32670	买盘
14:47:15	9.9	--	2	1980	买盘
14:47:09	9.9	--	12	11880	买盘
14:47:03	9.9	--	43	42570	买盘
14:47:00	9.9	--	47	46530	买盘
14:46:54	9.9	--	161	159390	买盘
14:46:48	9.9	--	37	36630	买盘
14:46:30	9.9	--	24	23760	买盘
14:46:27	9.9	--	50	49500	买盘
14:46:24	9.9	--	10	9900	买盘
14:46:15	9.9	0.01	3	2970	买盘
14:46:09	9.89	-0.01	49	48461	卖盘
14:46:03	9.9	--	16	15840	买盘
14:46:00	9.9	0.01	58	57420	买盘
14:45:51	9.89	--	9	8901	买盘
14:45:45	9.89	0.01	20	19780	买盘
14:45:42	9.88	-0.01	55	54340	卖盘
14:45:39	9.89	--	10	9890	买盘
14:45:33	9.89	0.01	1	989	买盘
14:45:30	9.88	-0.01	16	15808	卖盘
14:45:24	9.89	0.01	12	11868	买盘
14:45:21	9.88	-0.01	32	31616	卖盘
14:45:12	9.89	--	32	31648	买盘
14:45:09	9.89	--	10	9890	买盘
14:45:03	9.89	0.01	147	145383	买盘
14:45:00	9.88	-0.01	5	4940	卖盘
14:44:57	9.89	--	5	4945	买盘
14:44:48	9.89	--	2	1978	买盘
14:44:45	9.89	0.01	95	93955	买盘
14:44:39	9.88	-0.01	20	19760	卖盘
14:44:36	9.89	--	5	4945	买盘
14:44:33	9.89	0.01	32	31648	买盘
14:44:30	9.88	-0.01	55	54340	卖盘
14:44:21	9.89	--	2	1978	买盘
14:44:12	9.89	--	15	14835	买盘
14:44:09	9.89	0.01	26	25714	买盘
14:44:00	9.88	--	11	10868	买盘
14:43:57	9.88	--	5	4940	买盘
14:43:45	9.88	--	5	4940	买盘
14:43:42	9.88	--	1	988	买盘
14:43:39	9.88	--	10	9880	买盘
14:43:36	9.88	--	39	38532	买盘
14:43:33	9.88	--	29	28652	买盘
14:43:30	9.88	--	160	158080	买盘
14:43:21	9.88	--	20	19760	买盘
14:43:12	9.88	0.01	5	4940	买盘
14:43:09	9.87	-0.01	5	4935	卖盘
14:43:06	9.88	--	20	19760	买盘
14:42:57	9.88	0.01	9	8892	买盘
14:42:51	9.87	-0.01	2	1973	卖盘
14:42:42	9.88	--	6	5928	买盘
14:42:39	9.88	--	5	4940	买盘
14:42:36	9.88	-0.01	63	62244	中性盘
14:42:33	9.89	0.02	11	10879	买盘
14:42:30	9.87	-0.01	20	19740	卖盘
14:42:27	9.88	--	10	9880	买盘
14:42:21	9.88	--	10	9880	买盘
14:42:18	9.88	--	5	4940	中性盘
14:42:15	9.88	--	2	1976	买盘
14:42:12	9.88	-0.01	10	9880	中性盘
14:42:03	9.89	--	214	211646	买盘
14:41:54	9.89	--	33	32637	买盘
14:41:45	9.89	0.02	12	11868	买盘
14:41:42	9.87	-0.01	5	4935	卖盘
14:41:36	9.88	--	70	69160	卖盘
14:41:33	9.88	--	2	1976	卖盘
14:41:30	9.88	--	33	32604	卖盘
14:41:27	9.88	-0.01	1	988	卖盘
14:41:21	9.89	--	50	49450	买盘
14:41:15	9.89	--	14	13846	买盘
14:41:06	9.89	0.01	12	11868	买盘
14:40:57	9.88	-0.01	30	29640	卖盘
14:40:45	9.89	0.01	25	24725	买盘
14:40:39	9.88	0.01	35	34580	卖盘
14:40:33	9.87	--	21	20727	买盘
14:40:30	9.87	-0.01	72	71064	卖盘
14:40:27	9.88	0.01	4	3952	买盘
14:40:24	9.87	--	11	10857	卖盘
14:40:21	9.87	--	33	32570	卖盘
14:40:15	9.87	--	30	29609	卖盘
14:40:09	9.87	0.01	3	2960	卖盘
14:40:03	9.86	-0.02	196	193256	卖盘
14:40:00	9.88	0.01	15	14820	买盘
14:39:57	9.87	--	26	25661	卖盘
14:39:54	9.87	--	10	9870	卖盘
14:39:45	9.87	0.01	27	26648	买盘
14:39:42	9.86	-0.01	70	69020	卖盘
14:39:36	9.87	0.01	20	19740	买盘
14:39:33	9.86	--	30	29580	卖盘
14:39:30	9.86	--	6	5916	卖盘
14:39:27	9.86	--	35	34510	卖盘
14:39:24	9.86	--	7	6902	卖盘
14:39:18	9.86	-0.01	884	871624	卖盘
14:39:12	9.87	0.01	1	986	买盘
14:39:09	9.86	-0.01	12	11832	卖盘
14:39:03	9.87	--	33	32570	卖盘
14:38:57	9.87	--	64	63167	卖盘
14:38:54	9.87	-0.01	20	19740	卖盘
14:38:48	9.88	0.01	70	69160	买盘
14:38:42	9.87	--	64	63167	卖盘
14:38:36	9.87	--	135	133245	卖盘
14:38:33	9.87	--	15	14804	卖盘
14:38:30	9.87	--	10	9870	卖盘
14:38:27	9.87	--	18	17766	卖盘
14:38:24	9.87	--	14	13817	卖盘
14:38:21	9.87	--	9	8883	卖盘
14:38:18	9.87	-0.01	111	109556	卖盘
14:38:15	9.88	--	3	2964	买盘
14:38:12	9.88	0.01	100	98800	买盘
14:38:09	9.87	--	23	22701	卖盘
14:38:06	9.87	-0.01	10	9870	卖盘
14:38:03	9.88	--	75	74100	买盘
14:37:57	9.88	-0.01	1149	1135212	卖盘
14:37:51	9.89	-0.01	271	268325	卖盘
14:37:42	9.9	0.01	125	124433	买盘
14:37:36	9.89	-0.01	46	45494	卖盘
14:37:21	9.9	0.01	102	100980	买盘
14:37:18	9.89	--	10	9890	卖盘
14:37:09	9.89	--	30	29670	卖盘
14:37:03	9.89	-0.01	14	13846	卖盘
14:37:00	9.9	0.01	5	4950	买盘
14:36:54	9.89	-0.01	11	10879	卖盘
14:36:51	9.9	--	20	19800	买盘
14:36:48	9.9	--	129	128016	卖盘
14:36:45	9.9	--	15	14850	卖盘
14:36:42	9.9	--	60	59400	卖盘
14:36:39	9.9	--	19	18810	卖盘
14:36:27	9.9	-0.01	10	9900	卖盘
14:36:18	9.91	0.01	51	50541	买盘
14:36:09	9.9	--	22	22463	买盘
14:36:06	9.9	--	27	27036	卖盘
14:35:57	9.9	0.01	18	18503	买盘
14:35:54	9.89	-0.01	73	72197	卖盘
14:35:51	9.9	--	5	4950	买盘
14:35:48	9.9	--	10	9900	买盘
14:35:42	9.9	--	3	2970	买盘
14:35:39	9.9	--	20	19800	买盘
14:35:27	9.9	--	267	264330	买盘
14:35:24	9.9	--	15	14850	买盘
14:35:18	9.9	--	38	37620	买盘
14:35:12	9.9	0.01	5	4950	买盘
14:35:09	9.89	-0.01	46	45494	卖盘
14:35:06	9.9	--	724	716760	买盘
14:35:03	9.9	--	20	19800	买盘
14:35:00	9.9	--	258	255726	卖盘
14:34:57	9.9	--	8	7920	卖盘
14:34:54	9.9	--	109	107910	卖盘
14:34:45	9.9	--	10	9900	卖盘
14:34:42	9.9	--	30	29700	卖盘
14:34:39	9.9	--	6	5940	卖盘
14:34:21	9.9	--	60	59400	卖盘
14:34:18	9.9	--	15	14850	卖盘
14:34:12	9.9	-0.01	15	14850	卖盘
14:34:09	9.91	0.01	5	4955	买盘
14:34:06	9.9	-0.01	9	8910	卖盘
14:33:54	9.91	0.01	2	1982	买盘
14:33:48	9.9	--	5	4950	卖盘
14:33:39	9.9	--	4	4643	买盘
14:33:36	9.9	--	10	9900	买盘
14:33:30	9.9	--	112	110880	买盘
14:33:21	9.9	--	7	6930	买盘
14:33:18	9.9	--	63	62370	买盘
14:33:12	9.9	0.01	35	34650	买盘
14:33:03	9.89	-0.01	3	2967	卖盘
14:33:00	9.9	--	28	27720	买盘
14:32:57	9.9	--	3	2970	买盘
14:32:54	9.9	--	8	7920	买盘
14:32:48	9.9	--	70	69300	买盘
14:32:42	9.9	--	133	131670	卖盘
14:32:24	9.9	--	11	10890	买盘
14:32:21	9.9	--	13	12870	买盘
14:32:18	9.9	--	22	21780	买盘
14:32:09	9.9	0.01	10	9900	中性盘
14:31:57	9.89	-0.01	89	88021	卖盘
14:31:42	9.9	--	20	19800	卖盘
14:31:39	9.9	0.01	81	80190	买盘
14:31:36	9.89	--	3	2967	卖盘
14:31:33	9.89	--	30	29670	卖盘
14:31:30	9.89	--	126	124614	卖盘
14:31:27	9.89	-0.01	31	30659	卖盘
14:31:21	9.9	--	30	29700	买盘
14:31:18	9.9	--	7	6930	买盘
14:31:06	9.9	--	31	30690	买盘
14:31:03	9.9	--	30	29700	买盘
14:30:54	9.9	--	8	7920	买盘
14:30:51	9.9	--	8	7920	买盘
14:30:48	9.9	--	37	36630	买盘
14:30:45	9.9	0.01	9	8910	买盘
14:30:39	9.89	-0.01	10	9890	卖盘
14:30:36	9.9	--	50	49500	买盘
14:30:33	9.9	0.01	115	113850	买盘
14:30:27	9.89	--	2	1978	卖盘
14:30:15	9.89	--	22	21758	卖盘
14:30:12	9.89	--	10	9890	卖盘
14:30:09	9.89	-0.01	229	226481	卖盘
14:30:00	9.9	--	10	9900	买盘
14:29:51	9.9	--	7	6930	买盘
14:29:48	9.9	--	763	755370	卖盘
14:29:45	9.9	--	100	99000	卖盘
14:29:42	9.9	--	10	9900	卖盘
14:29:39	9.9	-0.01	12	11880	卖盘
14:29:30	9.91	0.01	4	3964	买盘
14:29:27	9.9	--	1	990	卖盘
14:29:12	9.9	-0.01	200	198000	卖盘
14:29:09	9.91	--	5	4955	买盘
14:29:06	9.91	0.01	10	9910	买盘
14:29:00	9.9	--	38	37620	卖盘
14:28:54	9.9	-0.01	2	1980	卖盘
14:28:45	9.91	-0.01	285	282435	卖盘
14:28:42	9.92	--	10	9920	买盘
14:28:39	9.92	--	35	34720	中性盘
14:28:12	9.92	-0.01	10	9920	中性盘
14:27:54	9.93	--	25	24825	买盘
14:27:51	9.93	0.02	30	29790	买盘
14:27:48	9.91	-0.01	898	889918	卖盘
14:27:39	9.92	-0.01	4	3968	卖盘
14:27:36	9.93	--	111	110223	买盘
14:27:33	9.93	0.01	12	11916	买盘
14:27:30	9.92	-0.01	12	11904	卖盘
14:27:21	9.93	0.01	1	993	买盘
14:27:15	9.92	--	55	54560	卖盘
14:27:09	9.92	-0.01	20	19840	卖盘
14:27:06	9.93	0.01	10	9930	买盘
14:27:03	9.92	-0.01	30	29760	卖盘
14:27:00	9.93	0.01	14	13902	买盘
14:26:42	9.92	--	5	4960	卖盘
14:26:39	9.92	--	10	9920	卖盘
14:26:33	9.92	0.01	58	57536	买盘
14:26:24	9.91	-0.01	1	991	卖盘
14:26:15	9.92	0.01	10	9920	买盘
14:26:12	9.91	-0.01	4	3964	卖盘
14:26:06	9.92	--	30	29760	买盘
14:25:57	9.92	--	30	29760	买盘
14:25:54	9.92	0.01	4	3968	中性盘
14:25:48	9.91	-0.01	200	198200	卖盘
14:25:42	9.92	--	40	39680	卖盘
14:25:39	9.92	-0.01	16	15872	卖盘
14:25:36	9.93	0.01	26	25818	买盘
14:25:30	9.92	--	3	2976	卖盘
14:25:24	9.92	--	15	14880	卖盘
14:25:18	9.92	--	86	85312	卖盘
14:25:15	9.92	--	5	4960	卖盘
14:25:06	9.92	--	6	5952	卖盘
14:24:54	9.92	-0.01	50	49600	卖盘
14:24:42	9.93	0.02	15	14895	买盘
14:24:27	9.91	-0.01	8	7928	卖盘
14:24:24	9.92	0.01	15	14880	卖盘
14:24:21	9.91	--	10	9910	卖盘
14:24:18	9.91	--	2	1982	卖盘
14:24:15	9.91	--	48	47568	卖盘
14:24:12	9.91	-0.01	2	1982	卖盘
14:24:09	9.92	--	6	5952	买盘
14:23:48	9.92	-0.01	160	158720	卖盘
14:23:45	9.93	0.01	10	9930	买盘
14:23:39	9.92	-0.01	62	61504	卖盘
14:23:33	9.93	0.01	30	29790	买盘
14:23:27	9.92	--	25	24800	卖盘
14:23:24	9.92	--	20	19840	卖盘
14:23:21	9.92	--	112	111104	买盘
14:22:54	9.92	--	14	13888	买盘
14:22:51	9.92	0.01	5	4960	买盘
14:22:48	9.91	-0.02	2	1982	卖盘
14:22:36	9.93	0.02	25	24825	买盘
14:22:24	9.91	--	31	30721	卖盘
14:22:09	9.91	--	30	29730	卖盘
14:22:06	9.91	-0.02	310	307210	卖盘
14:21:54	9.93	0.02	1	993	买盘
14:21:45	9.91	--	50	49550	卖盘
14:21:39	9.91	--	3	2973	买盘
14:21:36	9.91	--	79	78289	买盘
14:21:33	9.91	--	5	4955	买盘
14:21:30	9.91	--	24	23784	买盘
14:21:27	9.91	--	4	3964	买盘
14:21:18	9.91	--	10	9910	买盘
14:21:09	9.91	--	109	108019	买盘
14:21:06	9.91	--	3	2973	买盘
14:21:03	9.91	--	37	36667	买盘
14:21:00	9.91	--	16	15856	买盘
14:20:51	9.91	--	50	49550	买盘
14:20:45	9.91	--	16	15856	买盘
14:20:42	9.91	-0.03	604	598564	卖盘
14:20:36	9.94	--	1	994	买盘
14:20:33	9.94	0.01	10	9940	买盘
14:20:27	9.93	-0.01	6	5958	卖盘
14:20:24	9.94	0.01	10	9940	买盘
14:20:12	9.93	-0.01	7	6951	卖盘
14:19:36	9.94	--	3	2982	买盘
14:19:30	9.94	0.01	8	7952	买盘
14:19:21	9.93	--	8	7944	卖盘
14:19:06	9.93	--	50	49650	卖盘
14:19:03	9.93	--	8	7944	卖盘
14:18:45	9.93	0.01	17	16881	中性盘
14:18:36	9.92	-0.01	60	59520	卖盘
14:18:33	9.93	--	4	3972	卖盘
14:18:21	9.93	-0.01	13	12909	卖盘
14:18:06	9.94	--	3	2982	买盘
14:17:57	9.94	0.01	50	49700	买盘
14:17:54	9.93	--	200	198600	卖盘
14:17:48	9.93	--	2	1986	卖盘
14:17:39	9.93	-0.01	4	3972	卖盘
14:17:30	9.94	0.01	10	9940	买盘
14:17:21	9.93	--	134	133062	卖盘
14:17:15	9.93	--	13	12909	卖盘
14:17:12	9.93	-0.01	3	2979	卖盘
14:17:03	9.94	--	10	9940	买盘
14:16:57	9.94	0.01	80	79520	买盘
14:16:51	9.93	--	39	38727	买盘
14:16:21	9.93	--	30	29790	买盘
14:16:18	9.93	--	20	19860	买盘
14:16:15	9.93	--	23	22839	买盘
14:16:12	9.93	--	6	5958	买盘
14:16:06	9.93	--	3	2979	买盘
14:16:00	9.93	0.01	23	22839	买盘
14:15:42	9.92	--	5	4960	卖盘
14:15:30	9.92	0.02	302	299584	买盘
14:15:24	9.9	-0.01	8	7920	卖盘
14:15:18	9.91	--	2	1982	买盘
14:15:06	9.91	0.01	2	1982	买盘
14:15:03	9.9	-0.01	15	14850	中性盘
14:14:51	9.91	0.01	7	6937	买盘
14:14:48	9.9	0.01	58	57420	中性盘
14:14:39	9.89	-0.02	350	346931	卖盘
14:14:27	9.91	-0.01	53	52523	中性盘
14:14:06	9.92	0.01	50	49600	买盘
14:14:03	9.91	--	165	163515	卖盘
14:13:42	9.91	-0.01	20	19820	卖盘
14:13:39	9.92	0.01	1	992	买盘
14:13:24	9.91	--	31	30721	买盘
14:13:15	9.91	-0.01	4	3964	中性盘
14:13:00	9.92	0.01	203	201376	买盘
14:12:57	9.91	0.01	67	66397	中性盘
14:12:39	9.9	--	205	202950	卖盘
14:12:21	9.9	--	20	19800	卖盘
14:12:18	9.9	--	20	19800	卖盘
14:12:15	9.9	--	48	47520	卖盘
14:12:06	9.9	--	108	106920	买盘
14:12:03	9.9	--	50	49500	买盘
14:12:00	9.9	--	128	126720	买盘
14:11:51	9.9	--	6	5940	买盘
14:11:42	9.9	--	13	12870	卖盘
14:11:39	9.9	--	44	43560	卖盘
14:11:36	9.9	--	42	41580	买盘
14:11:33	9.9	--	688	681120	买盘
14:11:30	9.9	--	40	39600	买盘
14:11:24	9.9	--	40	39600	买盘
14:11:21	9.9	--	15	14850	买盘
14:11:09	9.9	--	756	748440	卖盘
14:11:03	9.9	-0.02	485	480150	卖盘
14:11:00	9.92	--	14	13888	买盘
14:10:57	9.92	0.01	50	49600	买盘
14:10:48	9.91	-0.01	30	29730	卖盘
14:10:45	9.92	--	59	58528	卖盘
14:10:33	9.92	--	22	21824	卖盘
14:10:30	9.92	-0.01	14	13888	卖盘
14:10:24	9.93	0.01	3	2979	买盘
14:10:21	9.92	--	5	4960	卖盘
14:10:18	9.92	--	10	9920	卖盘
14:10:09	9.92	--	11	10912	卖盘
14:09:45	9.92	-0.01	19	18848	卖盘
14:09:39	9.93	0.01	18	17874	买盘
14:09:30	9.92	-0.01	10	9920	卖盘
14:09:24	9.93	--	10	9930	买盘
14:09:21	9.93	0.01	7	6951	买盘
14:09:15	9.92	-0.01	6	5952	卖盘
14:09:06	9.93	--	73	72489	买盘
14:08:39	9.93	0.01	10	9930	买盘
14:08:30	9.92	-0.01	3	2976	卖盘
14:08:27	9.93	--	10	9930	买盘
14:08:18	9.93	0.01	33	32769	买盘
14:08:15	9.92	--	2	1984	卖盘
14:08:09	9.92	-0.01	6	5952	卖盘
14:07:51	9.93	--	40	39720	卖盘
14:07:42	9.93	--	10	9930	卖盘
14:07:39	9.93	--	20	19860	卖盘
14:07:33	9.93	-0.01	50	49650	卖盘
14:07:15	9.94	0.01	10	9940	买盘
14:07:12	9.93	--	50	49650	卖盘
14:07:06	9.93	--	30	29790	买盘
14:06:54	9.93	-0.01	35	34755	中性盘
14:06:30	9.94	0.04	20	19880	买盘
14:06:21	9.9	-0.04	2367	2343330	卖盘
14:06:03	9.94	0.01	10	9940	买盘
14:06:00	9.93	--	15	14895	卖盘
14:05:54	9.93	-0.01	50	49650	卖盘
14:05:51	9.94	0.01	1	994	买盘
14:05:45	9.93	--	4	3972	卖盘
14:05:39	9.93	--	7	6951	卖盘
14:05:21	9.93	--	5	4965	卖盘
14:05:09	9.93	--	12	11916	卖盘
14:04:54	9.93	0.01	100	99300	中性盘
14:04:51	9.92	-0.02	80	79360	卖盘
14:04:30	9.94	0.01	5	4970	买盘
14:04:27	9.93	--	5	4965	卖盘
14:04:06	9.93	0.01	8	7944	中性盘
14:03:48	9.92	-0.02	100	99200	卖盘
14:03:21	9.94	0.01	35	34790	买盘
14:03:09	9.93	--	200	198600	卖盘
14:03:00	9.93	-0.01	6	5958	卖盘
14:02:57	9.94	0.01	10	9940	买盘
14:02:54	9.93	--	1	993	卖盘
14:02:51	9.93	--	10	9930	卖盘
14:02:45	9.93	--	12	11916	卖盘
14:02:42	9.93	--	22	21846	卖盘
14:02:30	9.93	--	111	110223	卖盘
14:02:09	9.93	-0.01	1	993	卖盘
14:02:03	9.94	--	10	9940	买盘
14:02:00	9.94	0.01	3	2982	买盘
14:01:45	9.93	--	15	14895	卖盘
14:01:30	9.93	--	6	5958	卖盘
14:01:27	9.93	--	15	14895	卖盘
14:01:21	9.93	--	27	26811	卖盘
14:01:15	9.93	--	7	6951	买盘
14:01:12	9.93	-0.01	13	12909	卖盘
14:00:42	9.94	0.02	6	5964	买盘
14:00:27	9.92	--	38	37696	卖盘
14:00:18	9.92	--	12	11904	卖盘
13:59:57	9.92	--	1	992	卖盘
13:59:54	9.92	--	124	123008	卖盘
13:59:48	9.92	--	38	37696	卖盘
13:59:45	9.92	-0.01	1	992	卖盘
13:59:42	9.93	0.01	11	10923	买盘
13:59:33	9.92	-0.01	77	76384	卖盘
13:59:27	9.93	--	2	1986	买盘
13:59:15	9.93	0.01	26	25818	买盘
13:59:09	9.92	-0.01	3	2976	卖盘
13:59:06	9.93	--	20	19860	买盘
13:58:54	9.93	0.01	6	5958	买盘
13:58:45	9.92	-0.01	200	198400	卖盘
13:58:27	9.93	--	10	9930	买盘
13:58:24	9.93	0.01	6	5958	买盘
13:58:21	9.92	-0.01	20	19840	卖盘
13:57:45	9.93	--	135	134055	卖盘
13:57:36	9.93	-0.01	17	16881	卖盘
13:57:18	9.94	0.01	3	2982	买盘
13:57:15	9.93	-0.01	40	39720	卖盘
13:56:57	9.94	-0.01	61	60634	卖盘
13:56:54	9.95	--	209	207954	卖盘
13:56:36	9.95	0.01	93	92535	买盘
13:56:21	9.94	--	2	1988	买盘
13:56:12	9.94	--	3	2982	卖盘
13:56:09	9.94	--	32	31808	卖盘
13:56:06	9.94	-0.01	50	49700	卖盘
13:56:03	9.95	0.01	20	19900	买盘
13:55:54	9.94	--	11	10934	卖盘
13:55:51	9.94	--	1	994	卖盘
13:55:39	9.94	--	10	9940	卖盘
13:55:24	9.94	-0.01	100	99400	卖盘
13:55:21	9.95	--	10	9950	买盘
13:55:09	9.95	--	9	8955	卖盘
13:55:06	9.95	-0.01	70	69650	卖盘
13:55:00	9.96	0.01	1	996	买盘
13:54:51	9.95	--	1	994	卖盘
13:54:39	9.95	-0.01	46	45770	卖盘
13:54:27	9.96	-0.01	17	16932	卖盘
13:54:18	9.97	--	3	2991	买盘
13:54:12	9.97	0.01	16	15952	买盘
13:54:09	9.96	--	3	2988	卖盘
13:54:03	9.96	-0.01	15	14940	卖盘
13:53:57	9.97	0.01	7	6979	买盘
13:53:48	9.96	0.01	40	39840	买盘
13:53:42	9.95	-0.01	6	5970	卖盘
13:53:12	9.96	0.01	55	54780	买盘
13:53:03	9.95	--	4	3979	买盘
13:53:00	9.95	--	12	11940	买盘
13:52:36	9.95	--	12	11940	买盘
13:52:33	9.95	--	10	9950	买盘
13:52:30	9.95	--	20	19900	买盘
13:52:18	9.95	--	172	171140	买盘
13:52:15	9.95	--	2	1989	买盘
13:52:09	9.95	0.01	27	26864	买盘
13:51:54	9.94	0.01	13	12922	买盘
13:51:48	9.93	--	14	13902	买盘
13:51:45	9.93	0.01	32	31776	买盘
13:51:36	9.92	0.01	615	610080	买盘
13:51:27	9.91	-0.01	20	19820	卖盘
13:51:24	9.92	--	2	1984	买盘
13:51:18	9.92	--	32	31744	买盘
13:51:15	9.92	--	30	29760	买盘
13:51:00	9.92	--	126	124992	卖盘
13:50:51	9.92	0.01	1	992	卖盘
13:50:39	9.91	--	1	991	卖盘
13:50:33	9.91	--	500	495500	卖盘
13:50:30	9.91	--	13	12883	卖盘
13:50:09	9.91	--	5	4955	卖盘
13:50:03	9.91	--	79	78289	买盘
13:49:51	9.91	--	6	5946	买盘
13:49:45	9.91	--	429	425139	卖盘
13:49:21	9.91	--	12	11892	卖盘
13:49:15	9.91	--	40	39640	卖盘
13:48:57	9.91	--	20	19820	卖盘
13:48:39	9.91	-0.01	6	5946	卖盘
13:48:36	9.92	--	7	6944	卖盘
13:48:33	9.92	-0.01	15	14880	卖盘
13:48:06	9.93	0.01	10	9930	买盘
13:48:03	9.92	-0.01	5	4960	卖盘
13:47:51	9.93	0.01	10	9930	买盘
13:47:48	9.92	-0.01	42	41664	卖盘
13:47:45	9.93	0.01	11	10923	买盘
13:47:42	9.92	--	37	36704	卖盘
13:47:39	9.92	--	61	60512	卖盘
13:47:36	9.92	-0.01	105	104160	卖盘
13:47:30	9.93	0.01	25	24825	买盘
13:47:27	9.92	--	16	15872	卖盘
13:47:21	9.92	--	21	20832	卖盘
13:47:15	9.92	--	2	1984	卖盘
13:47:03	9.92	--	1	992	卖盘
13:46:54	9.92	-0.02	22	21824	卖盘
13:46:48	9.94	0.01	65	64610	买盘
13:46:45	9.93	--	34	33762	卖盘
13:46:30	9.93	--	2	1986	买盘
13:46:21	9.93	0.01	10	9930	中性盘
13:46:18	9.92	-0.02	29	28768	卖盘
13:46:12	9.94	0.01	2	1988	买盘
13:46:09	9.93	0.01	7	6951	中性盘
13:45:30	9.92	-0.02	138	136896	卖盘
13:45:27	9.94	--	108	107352	卖盘
13:45:24	9.94	--	56	55664	卖盘
13:45:21	9.94	--	35	34790	卖盘
13:45:18	9.94	0.01	101	100394	买盘
13:45:15	9.93	0.01	12	11916	中性盘
13:44:51	9.92	-0.01	25	24800	卖盘
13:44:42	9.93	-0.01	5	4965	卖盘
13:44:27	9.94	0.02	18	17892	买盘
13:44:09	9.92	--	24	23808	卖盘
13:44:00	9.92	--	1	992	卖盘
13:43:45	9.92	--	29	28768	卖盘
13:43:42	9.92	0.01	14	13888	中性盘
13:43:27	9.91	-0.04	20	19820	卖盘
13:43:21	9.95	0.04	8	7959	买盘
13:43:15	9.91	-0.02	500	495500	卖盘
13:42:54	9.93	-0.02	21	20853	卖盘
13:42:51	9.95	-0.01	20	19900	卖盘
13:42:48	9.96	0.01	5	4980	买盘
13:42:36	9.95	-0.01	2	1989	卖盘
13:42:30	9.96	0.01	4	3984	买盘
13:42:27	9.95	--	10	9950	卖盘
13:42:24	9.95	--	2	1989	卖盘
13:42:18	9.95	--	24	23880	卖盘
13:42:15	9.95	0.02	55	54724	买盘
13:42:12	9.93	--	2	1986	卖盘
13:41:54	9.93	--	10	9930	卖盘
13:41:39	9.93	--	18	17874	卖盘
13:41:33	9.93	--	3	2979	卖盘
13:41:12	9.93	-0.01	25	24825	卖盘
13:41:03	9.94	--	45	44730	买盘
13:40:42	9.94	0.01	1	994	买盘
13:40:33	9.93	--	15	14895	卖盘
13:40:27	9.93	-0.01	24	23832	卖盘
13:40:21	9.94	--	46	45724	卖盘
13:40:09	9.94	0.01	11	10934	中性盘
13:39:57	9.93	--	5	4965	卖盘
13:39:51	9.93	--	32	31776	卖盘
13:39:12	9.93	--	504	500472	卖盘
13:38:57	9.93	-0.02	23	22839	卖盘
13:38:48	9.95	--	1	994	买盘
13:38:33	9.95	0.01	42	41790	买盘
13:38:24	9.94	0.01	38	37772	买盘
13:38:18	9.93	-0.01	29	28797	卖盘
13:38:09	9.94	--	62	61628	卖盘
13:37:30	9.94	-0.01	22	21868	卖盘
13:37:21	9.95	--	20	19900	卖盘
13:37:00	9.95	-0.01	100	99500	卖盘
13:36:57	9.96	0.01	47	46812	买盘
13:36:51	9.95	--	18	17910	卖盘
13:36:45	9.95	-0.01	18	17910	卖盘
13:36:42	9.96	--	10	9960	买盘
13:36:33	9.96	0.01	3	2988	买盘
13:36:24	9.95	--	26	25869	卖盘
13:36:15	9.95	0.02	12	11940	中性盘
13:35:57	9.93	-0.01	1164	1155852	卖盘
13:35:54	9.94	--	22	21868	卖盘
13:35:45	9.94	--	18	17892	卖盘
13:35:24	9.94	-0.01	8	7952	卖盘
13:35:12	9.95	0.01	10	9950	买盘
13:35:09	9.94	-0.01	1	994	卖盘
13:35:06	9.95	0.01	9	8955	买盘
13:35:00	9.94	-0.01	7	6958	卖盘
13:34:48	9.95	0.01	10	9950	买盘
13:34:45	9.94	-0.01	18	17892	卖盘
13:34:42	9.95	0.01	50	49750	买盘
13:34:39	9.94	-0.01	11	10934	卖盘
13:34:24	9.95	--	86	85570	卖盘
13:34:18	9.95	-0.01	20	19900	卖盘
13:34:15	9.96	--	7	6972	买盘
13:34:09	9.96	--	5	4980	买盘
13:34:00	9.96	0.01	3	2988	中性盘
13:33:45	9.95	-0.01	18	17910	卖盘
13:33:36	9.96	--	411	409356	卖盘
13:33:18	9.96	--	2	1992	卖盘
13:33:15	9.96	--	8	7968	卖盘
13:33:12	9.96	--	40	39840	卖盘
13:33:06	9.96	-0.01	50	49800	卖盘
13:32:54	9.97	0.01	3	2991	买盘
13:32:39	9.96	-0.01	22	21912	卖盘
13:32:33	9.97	0.02	10	9970	买盘
13:32:03	9.95	--	69	68655	卖盘
13:31:57	9.95	--	2	1989	卖盘
13:31:27	9.95	--	10	9950	卖盘
13:31:15	9.95	-0.02	23	22885	卖盘
13:31:09	9.97	--	5	4985	买盘
13:30:57	9.97	--	1	997	买盘
13:30:51	9.97	--	27	26919	买盘
13:30:42	9.97	0.01	20	19940	买盘
13:30:39	9.96	0.01	11	10956	买盘
13:30:36	9.95	--	18	17910	卖盘
13:30:30	9.95	-0.01	18	17910	卖盘
13:30:09	9.96	-0.01	54	53784	卖盘
13:30:00	9.97	--	3	2991	买盘
13:29:48	9.97	0.01	4	3988	买盘
13:29:45	9.96	--	5	4980	卖盘
13:29:36	9.96	--	46	45816	卖盘
13:29:33	9.96	-0.01	64	63744	卖盘
13:29:30	9.97	0.01	20	19940	中性盘
13:28:54	9.96	-0.01	21	20916	卖盘
13:28:48	9.97	--	20	19940	卖盘
13:28:36	9.97	--	34	33898	买盘
13:28:24	9.97	--	2	1994	卖盘
13:28:18	9.97	--	18	17946	中性盘
13:28:12	9.97	0.01	30	29910	买盘
13:28:09	9.96	--	1	996	卖盘
13:28:03	9.96	--	33	32868	买盘
13:27:57	9.96	--	7	6972	买盘
13:27:51	9.96	0.01	21	20916	买盘
13:27:42	9.95	--	18	17910	买盘
13:27:33	9.95	--	10	9950	买盘
13:27:21	9.95	0.01	2	1989	买盘
13:27:18	9.94	--	40	39760	买盘
13:27:15	9.94	--	22	21868	买盘
13:27:12	9.94	--	138	137172	卖盘
13:27:09	9.94	--	7	6958	中性盘
13:26:45	9.94	--	7	6958	买盘
13:26:42	9.94	--	22	21868	卖盘
13:26:39	9.94	--	25	24850	卖盘
13:26:36	9.94	-0.01	30	29820	卖盘
13:26:33	9.95	--	76	75620	买盘
13:26:24	9.95	0.01	200	199000	买盘
13:26:06	9.94	-0.01	10	9940	中性盘
13:26:00	9.95	0.02	2	1989	买盘
13:25:57	9.93	-0.01	20	19860	卖盘
13:25:51	9.94	--	2	1988	买盘
13:25:45	9.94	--	3	2982	买盘
13:25:36	9.94	0.01	5	4970	中性盘
13:25:24	9.93	-0.02	20	19860	卖盘
13:25:21	9.95	0.01	20	19900	买盘
13:25:18	9.94	--	176	174944	卖盘
13:24:54	9.94	-0.01	22	21868	卖盘
13:24:45	9.95	--	10	9950	买盘
13:24:33	9.95	0.01	17	16915	买盘
13:24:30	9.94	-0.01	14	13916	卖盘
13:24:18	9.95	0.01	36	35820	买盘
13:24:09	9.94	--	4	3976	卖盘
13:23:45	9.94	--	25	24850	卖盘
13:23:42	9.94	--	43	42742	卖盘
13:23:39	9.94	--	145	144130	卖盘
13:23:03	9.94	-0.02	26	25844	卖盘
13:23:00	9.96	--	1	996	买盘
13:22:57	9.96	--	60	59760	买盘
13:22:48	9.96	--	1	996	买盘
13:22:39	9.96	0.01	7	6972	买盘
13:22:30	9.95	--	31	30844	卖盘
13:22:27	9.95	--	1	994	卖盘
13:22:24	9.95	--	10	9950	卖盘
13:21:45	9.95	--	27	26864	卖盘
13:21:39	9.95	-0.02	32	31839	卖盘
13:21:33	9.97	0.01	20	19940	买盘
13:21:06	9.96	-0.01	10	9960	卖盘
13:21:03	9.97	0.01	122	121634	买盘
13:21:00	9.96	--	100	99600	卖盘
13:20:45	9.96	--	20	19920	卖盘
13:20:39	9.96	0.01	40	39840	中性盘
13:20:15	9.95	--	5	4975	卖盘
13:20:12	9.95	-0.02	24	23880	卖盘
13:20:06	9.97	0.02	5	4985	买盘
13:19:51	9.95	--	10	9950	卖盘
13:19:48	9.95	--	17	16915	卖盘
13:19:42	9.95	--	20	19900	卖盘
13:19:33	9.95	-0.01	18	17910	卖盘
13:19:27	9.96	--	2	1992	卖盘
13:19:15	9.96	--	6	5976	卖盘
13:19:06	9.96	-0.01	18	17928	卖盘
13:18:57	9.97	--	20	19940	买盘
13:18:42	9.97	-0.01	4	3988	卖盘
13:18:36	9.98	0.01	43	42914	买盘
13:18:33	9.97	--	23	22931	卖盘
13:18:27	9.97	-0.02	8	7976	卖盘
13:18:15	9.99	0.01	7	6993	买盘
13:18:12	9.98	--	78	77844	卖盘
13:18:03	9.98	-0.01	80	79840	卖盘
13:17:57	9.99	0.01	4	3996	买盘
13:17:54	9.98	--	26	25948	卖盘
13:17:51	9.98	--	105	104790	卖盘
13:17:48	9.98	0.03	136	135728	买盘
13:17:33	9.95	-0.03	6	5970	卖盘
13:17:21	9.98	0.03	10	9980	买盘
13:17:12	9.95	--	21	20895	卖盘
13:17:06	9.95	-0.03	10	9950	卖盘
13:16:57	9.98	--	79	78842	买盘
13:16:51	9.98	--	122	121756	买盘
13:16:45	9.98	0.03	36	35928	买盘
13:16:39	9.95	--	10	9950	卖盘
13:16:36	9.95	-0.01	20	19900	卖盘
13:16:30	9.96	0.01	10	9960	买盘
13:16:18	9.95	-0.01	13	12934	卖盘
13:16:15	9.96	--	46	45816	买盘
13:16:12	9.96	--	10	9960	买盘
13:16:09	9.96	0.01	3	2988	中性盘
13:15:51	9.95	-0.03	25	24875	卖盘
13:15:48	9.98	--	10	9980	卖盘
13:15:45	9.98	--	2	1996	卖盘
13:15:39	9.98	--	50	49900	卖盘
13:15:30	9.98	0.03	320	319360	买盘
13:15:27	9.95	-0.02	336	334320	卖盘
13:15:24	9.97	--	20	19940	买盘
13:15:21	9.97	--	10	9970	买盘
13:15:06	9.97	--	20	19940	买盘
13:15:00	9.97	--	5	4985	买盘
13:14:57	9.97	--	10	9970	买盘
13:14:51	9.97	0.01	20	19940	买盘
13:14:39	9.96	--	30	29880	买盘
13:14:36	9.96	0.01	3	2988	买盘
13:14:27	9.95	0.01	105	104474	买盘
13:14:21	9.94	-0.01	5	4970	卖盘
13:14:18	9.95	0.01	80	79600	买盘
13:13:57	9.94	-0.01	56	55664	中性盘
13:13:42	9.95	--	27	26864	买盘
13:13:39	9.95	--	3	2985	买盘
13:13:24	9.95	0.02	6	5970	买盘
13:13:18	9.93	-0.02	19	18867	卖盘
13:13:12	9.95	0.01	50	49750	买盘
13:13:06	9.94	--	8	7952	买盘
13:12:57	9.94	--	14	13916	卖盘
13:12:15	9.94	0.01	16	15904	买盘
13:12:03	9.93	--	1	993	买盘
13:12:00	9.93	--	3	2979	卖盘
13:11:42	9.93	0.01	6	5958	买盘
13:10:42	9.92	-0.01	68	67456	卖盘
13:10:39	9.93	0.01	5	4965	买盘
13:10:36	9.92	-0.01	1	992	卖盘
13:10:27	9.93	--	30	29790	买盘
13:10:15	9.93	--	10	9930	买盘
13:09:39	9.93	--	6	5958	买盘
13:09:33	9.93	--	10	9930	买盘
13:09:24	9.93	0.01	4	3972	买盘
13:09:09	9.92	0.01	41	41366	买盘
13:09:06	9.91	--	105	104055	卖盘
13:08:54	9.91	--	100	99100	卖盘
13:08:39	9.91	--	10	9910	卖盘
13:08:27	9.91	--	2	1982	卖盘
13:08:24	9.91	--	41	40631	卖盘
13:08:15	9.91	--	30	29730	卖盘
13:08:09	9.91	--	38	37658	卖盘
13:08:06	9.91	-0.01	11	10901	卖盘
13:07:39	9.92	--	10	9920	买盘
13:07:18	9.92	--	2	1984	买盘
13:07:12	9.92	-0.02	32	32041	卖盘
13:06:51	9.94	0.01	30	29820	买盘
13:06:39	9.93	--	1	993	卖盘
13:06:21	9.93	--	5	4965	卖盘
13:06:15	9.93	--	33	32769	卖盘
13:06:12	9.93	--	1	993	卖盘
13:06:03	9.93	-0.01	12	11916	卖盘
13:05:57	9.94	0.01	2	1988	买盘
13:05:48	9.93	-0.01	124	123132	卖盘
13:05:42	9.94	0.01	7	6958	买盘
13:05:39	9.93	--	7	7477	卖盘
13:05:36	9.93	--	40	39720	卖盘
13:05:18	9.93	-0.01	5	4965	卖盘
13:05:12	9.94	0.01	1	994	买盘
13:04:45	9.93	--	65	64545	卖盘
13:04:36	9.93	-0.01	5	4965	卖盘
13:04:30	9.94	0.01	10	9940	买盘
13:04:15	9.93	--	10	9930	卖盘
13:03:42	9.93	0.01	4	3972	卖盘
13:03:36	9.92	-0.01	100	99200	卖盘
13:02:57	9.93	--	7	6951	卖盘
13:02:54	9.93	--	17	16881	卖盘
13:02:39	9.93	--	40	40415	卖盘
13:02:33	9.93	-0.01	14	13902	卖盘
13:02:27	9.94	--	43	42742	买盘
13:02:21	9.94	--	4	3976	买盘
13:02:15	9.94	--	3	2982	买盘
13:02:12	9.94	-0.02	40	40227	卖盘
13:02:00	9.96	0.01	26	25896	买盘
13:01:54	9.95	--	2	1989	买盘
13:01:42	9.95	--	23	22885	卖盘
13:01:24	9.95	-0.03	24	23880	卖盘
13:01:12	9.98	0.02	100	99800	买盘
13:01:00	9.96	--	20	19920	买盘
13:00:06	9.96	--	127	126492	卖盘
13:00:03	9.96	-0.01	34	33864	卖盘
13:00:00	9.97	--	0	0	买盘
11:30:00	9.97	--	0	0	买盘
11:29:42	9.97	--	146	145562	卖盘
11:29:33	9.97	-0.01	20	19940	卖盘
11:29:24	9.98	0.01	3	2994	买盘
11:29:03	9.97	--	124	123628	买盘
11:29:00	9.97	--	24	23928	买盘
11:28:51	9.97	0.02	20	19940	买盘
11:28:39	9.95	-0.01	20	19900	卖盘
11:28:36	9.96	--	5	4980	买盘
11:28:33	9.96	0.01	20	19920	买盘
11:28:30	9.95	--	6	5970	卖盘
11:28:18	9.95	-0.01	20	19900	卖盘
11:28:15	9.96	--	126	125496	买盘
11:28:09	9.96	0.02	65	64740	买盘
11:28:06	9.94	-0.01	4	3976	卖盘
11:28:03	9.95	--	5	4975	买盘
11:28:00	9.95	--	10	9950	买盘
11:27:51	9.95	-0.01	37	36815	卖盘
11:27:36	9.96	0.01	20	19920	买盘
11:27:27	9.95	-0.01	13	12934	卖盘
11:27:06	9.96	--	10	9960	买盘
11:26:51	9.96	0.01	13	12948	中性盘
11:26:30	9.95	-0.02	272	270640	卖盘
11:26:15	9.97	--	17	16949	买盘
11:26:00	9.97	--	6	5982	买盘
11:25:57	9.97	0.01	50	49850	买盘
11:25:54	9.96	-0.01	9	8964	卖盘
11:25:51	9.97	--	5	4985	买盘
11:25:45	9.97	-0.02	5	4985	中性盘
11:25:27	9.99	0.02	10	9990	买盘
11:25:21	9.97	-0.02	3	2991	卖盘
11:25:09	9.99	--	146	145854	买盘
11:25:00	9.99	--	40	39960	买盘
11:24:57	9.99	0.01	486	485514	买盘
11:24:51	9.98	0.02	60	59880	买盘
11:24:48	9.96	-0.01	165	164340	卖盘
11:24:39	9.97	--	10	9970	卖盘
11:24:33	9.97	--	16	15952	卖盘
11:24:18	9.97	-0.01	3	2991	中性盘
11:24:00	9.98	0.02	183	182634	买盘
11:23:33	9.96	--	40	39840	卖盘
11:23:09	9.96	--	1	996	卖盘
11:23:00	9.96	--	251	249996	买盘
11:22:54	9.96	0.01	1	996	买盘
11:22:36	9.95	--	3	2985	买盘
11:22:24	9.95	0.01	8	7959	买盘
11:22:15	9.94	--	10	9940	卖盘
11:21:36	9.94	--	1	994	卖盘
11:21:27	9.94	--	3	2982	卖盘
11:21:18	9.94	--	14	14442	买盘
11:20:57	9.94	--	0	467	卖盘
11:20:54	9.94	--	1	994	卖盘
11:20:48	9.94	--	3	3508	买盘
11:20:27	9.94	--	1	1461	卖盘
11:20:06	9.94	-0.01	550	546700	卖盘
11:20:03	9.95	--	12	11940	买盘
11:19:54	9.95	0.01	200	199000	买盘
11:19:36	9.94	--	5	4970	卖盘
11:19:33	9.94	0.01	86	86010	买盘
11:19:27	9.93	-0.01	23	22839	卖盘
11:19:12	9.94	0.01	451	448294	买盘
11:19:09	9.93	--	20	19860	卖盘
11:19:06	9.93	--	14	13902	买盘
11:19:03	9.93	--	51	50643	卖盘
11:18:57	9.93	--	33	32769	卖盘
11:18:51	9.93	--	12	11916	卖盘
11:18:48	9.93	0.01	6	5958	买盘
11:18:39	9.92	--	25	24800	买盘
11:18:36	9.92	-0.02	4	3968	卖盘
11:18:33	9.94	--	105	104370	买盘
11:18:21	9.94	--	167	165998	卖盘
11:18:18	9.94	0.02	22	21868	买盘
11:18:12	9.92	-0.02	50	49600	卖盘
11:18:00	9.94	--	7	6958	卖盘
11:17:48	9.94	--	200	198800	卖盘
11:17:45	9.94	--	95	94430	买盘
11:17:33	9.94	--	3	2982	买盘
11:17:27	9.94	--	3	2982	卖盘
11:17:21	9.94	--	20	19880	卖盘
11:17:06	9.94	0.01	110	109340	买盘
11:17:00	9.93	0.01	10	9930	买盘
11:16:57	9.92	-0.02	6	5952	卖盘
11:16:51	9.94	0.02	204	202776	买盘
11:16:45	9.92	-0.01	5	4960	卖盘
11:16:42	9.93	0.01	97	96321	买盘
11:16:36	9.92	--	31	30752	买盘
11:16:33	9.92	--	7	6944	买盘
11:16:27	9.92	-0.02	15	14880	卖盘
11:16:06	9.94	0.07	3	2982	买盘
11:15:57	9.87	-0.05	220	217139	卖盘
11:15:54	9.92	--	25	24800	卖盘
11:15:48	9.92	-0.02	5	4960	卖盘
11:15:45	9.94	0.02	329	327026	买盘
11:15:36	9.92	--	20	19840	卖盘
11:15:27	9.92	--	50	49600	卖盘
11:15:24	9.92	--	55	54560	买盘
11:15:21	9.92	0.01	95	94240	买盘
11:15:15	9.91	0.01	10	9910	中性盘
11:15:06	9.9	--	15	14850	卖盘
11:15:03	9.9	-0.02	26	25740	卖盘
11:15:00	9.92	0.01	60	59520	买盘
11:14:57	9.91	-0.01	18	17838	中性盘
11:14:42	9.92	0.02	5	4960	买盘
11:14:33	9.9	--	1	1316	买盘
11:14:15	9.9	-0.02	8	8583	卖盘
11:14:12	9.92	0.02	1	992	买盘
11:14:09	9.9	-0.02	1	990	卖盘
11:14:06	9.92	0.02	5	4960	中性盘
11:13:57	9.9	--	56	55440	卖盘
11:13:51	9.9	-0.01	40	39600	卖盘
11:13:39	9.91	-0.02	10	9910	卖盘
11:13:36	9.93	--	10	9930	买盘
11:13:33	9.93	--	7	6951	买盘
11:13:21	9.93	--	4	3972	买盘
11:13:15	9.93	-0.02	6	5958	中性盘
11:13:12	9.95	0.01	10	9950	买盘
11:13:06	9.94	0.04	20	19880	买盘
11:12:57	9.9	--	20	19800	卖盘
11:12:54	9.9	-0.01	110	108900	卖盘
11:12:45	9.91	0.01	5	4955	买盘
11:12:42	9.9	--	10	9900	卖盘
11:12:39	9.9	0.01	38	37946	买盘
11:12:27	9.89	0.02	59	58351	买盘
11:12:24	9.87	--	50	49349	买盘
11:12:21	9.87	--	16	15791	买盘
11:12:15	9.87	0.01	50	49349	买盘
11:12:03	9.86	0.02	37	36482	买盘
11:11:51	9.84	-0.01	200	196800	卖盘
11:11:48	9.85	--	163	160555	买盘
11:11:42	9.85	--	1	985	买盘
11:11:27	9.85	0.01	20	19700	买盘
11:11:24	9.84	--	14	13776	卖盘
11:11:12	9.84	0.01	37	36408	买盘
11:11:09	9.83	--	2	1966	卖盘
11:11:06	9.83	--	3	2949	卖盘
11:11:00	9.83	--	4	3932	卖盘
11:10:57	9.83	--	5	4915	卖盘
11:10:54	9.83	--	18	17694	买盘
11:10:51	9.83	--	202	198566	买盘
11:10:48	9.83	--	25	24575	买盘
11:10:45	9.83	--	23	22609	买盘
11:10:39	9.83	--	2	1966	买盘
11:10:36	9.83	--	15	14745	买盘
11:10:33	9.83	--	104	102232	卖盘
11:10:30	9.83	-0.01	1	983	卖盘
11:10:27	9.84	0.01	12	11808	买盘
11:10:24	9.83	--	40	39320	卖盘
11:10:18	9.83	-0.01	16	15728	卖盘
11:10:15	9.84	--	20	19680	买盘
11:09:57	9.84	0.01	3	2952	买盘
11:09:54	9.83	--	3	2949	卖盘
11:09:48	9.83	-0.01	119	116977	卖盘
11:09:42	9.84	--	5	4920	买盘
11:09:39	9.84	0.01	20	19680	买盘
11:09:36	9.83	--	50	49150	卖盘
11:09:30	9.83	--	95	93385	卖盘
11:09:24	9.83	--	3	2949	卖盘
11:09:15	9.83	-0.01	6	5898	卖盘
11:09:12	9.84	0.01	1	984	买盘
11:09:09	9.83	--	3	2949	卖盘
11:09:06	9.83	--	40	39320	卖盘
11:08:54	9.83	--	5	4915	卖盘
11:08:51	9.83	--	6	5898	卖盘
11:08:33	9.83	0.01	93	91419	买盘
11:08:30	9.82	--	13	12766	卖盘
11:08:27	9.82	-0.01	36	35352	卖盘
11:08:24	9.83	0.01	10	9830	买盘
11:08:18	9.82	--	7	6874	卖盘
11:08:15	9.82	-0.01	44	43208	卖盘
11:08:06	9.83	--	4	3932	卖盘
11:08:03	9.83	--	151	148433	卖盘
11:07:54	9.83	--	53	52099	卖盘
11:07:51	9.83	-0.01	147	144501	卖盘
11:07:33	9.84	--	285	280440	卖盘
11:07:30	9.84	--	57	56088	卖盘
11:07:24	9.84	--	5	4920	卖盘
11:07:18	9.84	-0.01	50	49200	卖盘
11:07:15	9.85	--	10	9850	买盘
11:07:12	9.85	--	19	18715	买盘
11:06:54	9.85	--	206	202910	卖盘
11:06:51	9.85	--	10	9850	卖盘
11:06:48	9.85	--	100	98500	卖盘
11:06:39	9.85	--	8	7880	卖盘
11:06:33	9.85	--	94	92590	买盘
11:06:30	9.85	0.01	6	5910	买盘
11:06:27	9.84	-0.01	25	24600	卖盘
11:06:18	9.85	--	32	31520	卖盘
11:06:06	9.85	--	187	184195	买盘
11:05:57	9.85	0.01	5	4925	买盘
11:05:54	9.84	-0.01	3	2952	卖盘
11:05:48	9.85	--	2	1970	买盘
11:05:42	9.85	--	10	9850	买盘
11:05:39	9.85	--	2	1970	买盘
11:05:36	9.85	--	4	3940	买盘
11:05:24	9.85	--	4	3940	买盘
11:05:18	9.85	0.01	3	2955	买盘
11:05:15	9.84	-0.01	30	29520	卖盘
11:05:12	9.85	--	4	3940	买盘
11:05:06	9.85	--	10	9850	买盘
11:05:03	9.85	--	5	4925	买盘
11:05:00	9.85	--	28	27580	买盘
11:04:57	9.85	0.01	24	23640	买盘
11:04:54	9.84	-0.01	47	46248	卖盘
11:04:51	9.85	--	10	9850	买盘
11:04:45	9.85	--	5	4925	买盘
11:04:42	9.85	--	13	12805	买盘
11:04:39	9.85	--	3	2955	买盘
11:04:33	9.85	--	2	1970	买盘
11:04:30	9.85	--	15	14775	买盘
11:04:18	9.85	0.01	16	15760	买盘
11:04:03	9.84	--	4	3936	卖盘
11:03:57	9.84	--	64	62976	买盘
11:03:54	9.84	0.01	38	37392	买盘
11:03:51	9.83	-0.01	6	5898	卖盘
11:03:33	9.84	0.01	5	4920	买盘
11:03:27	9.83	--	4	3932	卖盘
11:03:24	9.83	--	88	86504	卖盘
11:03:18	9.83	--	73	71759	卖盘
11:03:06	9.83	--	15	14745	卖盘
11:03:03	9.83	--	1	983	买盘
11:03:00	9.83	--	2	1966	买盘
11:02:54	9.83	--	13	12779	中性盘
11:02:45	9.83	--	30	29490	买盘
11:02:39	9.83	--	80	78640	买盘
11:02:36	9.83	--	50	49150	买盘
11:02:33	9.83	--	109	107147	卖盘
11:02:15	9.83	--	1	983	买盘
11:02:12	9.83	--	10	9830	买盘
11:02:09	9.83	0.01	30	29490	买盘
11:02:06	9.82	--	35	34370	卖盘
11:02:03	9.82	-0.01	269	264158	卖盘
11:02:00	9.83	--	22	21626	买盘
11:01:57	9.83	-0.01	20	19660	卖盘
11:01:54	9.84	--	5	4920	买盘
11:01:48	9.84	0.01	80	78720	买盘
11:01:45	9.83	--	120	117960	买盘
11:01:39	9.83	--	15	14745	买盘
11:01:36	9.83	-0.01	40	39320	中性盘
11:01:30	9.84	--	14	13776	买盘
11:01:27	9.84	--	10	9840	买盘
11:01:24	9.84	--	185	182040	买盘
11:01:18	9.84	0.01	22	21648	买盘
11:01:09	9.83	--	10	9830	卖盘
11:01:06	9.83	--	6	5898	卖盘
11:00:54	9.83	--	90	88470	卖盘
11:00:51	9.83	--	2	1966	买盘
11:00:48	9.83	--	5	4915	买盘
11:00:42	9.83	--	14	13762	买盘
11:00:39	9.83	--	2	1966	买盘
11:00:36	9.83	--	4	3932	买盘
11:00:33	9.83	--	6	5898	买盘
11:00:30	9.83	0.01	16	15728	买盘
11:00:27	9.82	-0.01	18	17676	卖盘
11:00:21	9.83	0.02	2	1966	买盘
11:00:18	9.81	-0.01	95	93195	卖盘
11:00:12	9.82	--	15	14730	卖盘
11:00:03	9.82	--	6	5892	卖盘
10:59:57	9.82	--	29	28478	买盘
10:59:54	9.82	0.01	2	1964	买盘
10:59:48	9.81	-0.01	80	78480	卖盘
10:59:45	9.82	--	15	14730	买盘
10:59:42	9.82	--	5	4910	买盘
10:59:39	9.82	--	3	2946	买盘
10:59:36	9.82	0.01	10	9820	买盘
10:59:33	9.81	-0.01	40	39240	卖盘
10:59:30	9.82	--	47	46154	买盘
10:59:24	9.82	--	35	34370	买盘
10:59:21	9.82	--	24	23568	买盘
10:59:18	9.82	--	20	19640	买盘
10:59:12	9.82	--	34	33388	卖盘
10:59:09	9.82	--	15	14730	卖盘
10:59:00	9.82	--	15	14730	买盘
10:58:57	9.82	--	38	37316	买盘
10:58:54	9.82	--	56	54992	买盘
10:58:51	9.82	--	12	11784	买盘
10:58:45	9.82	--	14	13748	买盘
10:58:42	9.82	0.01	40	39280	买盘
10:58:36	9.81	-0.01	89	87309	卖盘
10:58:33	9.82	--	22	21604	买盘
10:58:30	9.82	--	6	5892	买盘
10:58:27	9.82	--	278	272996	买盘
10:58:15	9.82	0.01	19	18658	买盘
10:58:12	9.81	--	165	161865	买盘
10:58:09	9.81	--	40	39240	买盘
10:58:06	9.81	-0.01	144	141264	卖盘
10:58:03	9.82	0.01	2	1964	买盘
10:58:00	9.81	-0.01	30	29430	卖盘
10:57:57	9.82	--	5	4910	买盘
10:57:54	9.82	0.01	50	49100	中性盘
10:57:51	9.81	0.01	26	25506	中性盘
10:57:48	9.8	--	5	4900	卖盘
10:57:42	9.8	--	54	53410	买盘
10:57:39	9.8	--	88	86240	买盘
10:57:36	9.8	--	30	29400	买盘
10:57:33	9.8	--	173	170030	卖盘
10:57:30	9.8	--	83	81340	卖盘
10:57:27	9.8	--	270	264600	卖盘
10:57:21	9.8	-0.01	233	228340	卖盘
10:57:15	9.81	0.01	120	118210	买盘
10:57:12	9.8	--	472	462560	卖盘
10:57:09	9.8	--	510	499800	卖盘
10:57:06	9.8	-0.01	19	18620	卖盘
10:57:03	9.81	0.01	113	110853	买盘
10:57:00	9.8	-0.01	222	217560	卖盘
10:56:57	9.81	--	195	191785	卖盘
10:56:48	9.81	-0.01	396	388476	卖盘
10:56:45	9.82	--	7	6874	买盘
10:56:42	9.82	-0.01	26	25532	买盘
10:56:39	9.83	--	20	19660	买盘
10:56:36	9.83	--	616	605528	买盘
10:56:33	9.83	0.01	5	4915	买盘
10:56:30	9.82	--	246	242063	卖盘
10:56:27	9.82	--	18	17676	卖盘
10:56:24	9.82	-0.01	7	6874	卖盘
10:56:21	9.83	--	21	20643	买盘
10:56:18	9.83	--	165	162195	买盘
10:56:15	9.83	--	5	4915	买盘
10:56:12	9.83	--	10	9830	买盘
10:56:06	9.83	--	217	213311	卖盘
10:56:03	9.83	-0.01	40	39320	卖盘
10:56:00	9.84	0.01	10	9840	买盘
10:55:57	9.83	-0.01	10	9830	卖盘
10:55:54	9.84	0.01	102	100368	买盘
10:55:51	9.83	-0.01	4	3932	卖盘
10:55:45	9.84	--	135	132840	卖盘
10:55:42	9.84	--	14	13776	卖盘
10:55:39	9.84	--	45	44280	卖盘
10:55:36	9.84	--	113	111192	卖盘
10:55:33	9.84	--	320	314880	卖盘
10:55:30	9.84	--	66	64944	卖盘
10:55:27	9.84	-0.01	20	19680	卖盘
10:55:24	9.85	--	131	129035	买盘
10:55:21	9.85	0.01	7	6895	买盘
10:55:18	9.84	-0.01	42	41328	卖盘
10:55:15	9.85	--	40	39400	卖盘
10:55:12	9.85	--	101	99485	卖盘
10:55:09	9.85	--	2	1970	买盘
10:55:03	9.85	-0.01	3	2955	中性盘
10:55:00	9.86	0.01	60	59160	买盘
10:54:54	9.85	--	100	98500	卖盘
10:54:45	9.85	--	10	9850	卖盘
10:54:42	9.85	-0.01	100	98500	卖盘
10:54:39	9.86	--	3	2958	卖盘
10:54:36	9.86	0.01	9	8874	买盘
10:54:33	9.85	-0.01	25	24625	卖盘
10:54:30	9.86	--	38	37468	买盘
10:54:24	9.86	0.01	20	19720	买盘
10:54:18	9.85	-0.01	136	133960	卖盘
10:54:12	9.86	--	30	29580	买盘
10:54:09	9.86	-0.01	9	8874	卖盘
10:54:03	9.87	0.02	2	1973	买盘
10:54:00	9.85	-0.01	491	483635	卖盘
10:53:48	9.86	-0.01	8	7888	卖盘
10:53:39	9.87	--	9	8883	卖盘
10:53:30	9.87	--	9	8883	卖盘
10:53:27	9.87	0.01	5	4935	买盘
10:53:21	9.86	-0.02	111	109446	卖盘
10:53:09	9.88	0.02	50	49400	买盘
10:53:06	9.86	-0.02	150	147900	卖盘
10:53:03	9.88	--	15	14820	买盘
10:53:00	9.88	--	5	4940	买盘
10:52:57	9.88	-0.01	124	122512	卖盘
10:52:54	9.89	--	47	46483	买盘
10:52:42	9.89	0.01	1	989	买盘
10:52:15	9.88	0.01	90	88920	买盘
10:51:57	9.87	--	50	49349	卖盘
10:51:48	9.87	0.01	10	9870	买盘
10:51:36	9.86	--	10	9860	买盘
10:51:33	9.86	--	4	3944	买盘
10:51:30	9.86	--	86	84796	卖盘
10:51:27	9.86	-0.03	50	49300	卖盘
10:51:21	9.89	0.03	8	7912	买盘
10:51:15	9.86	-0.01	500	493000	卖盘
10:50:57	9.87	--	20	19740	买盘
10:50:54	9.87	--	31	30596	买盘
10:50:51	9.87	--	40	39480	买盘
10:50:48	9.87	--	20	19740	买盘
10:50:45	9.87	--	17	16779	买盘
10:50:42	9.87	--	23	22701	买盘
10:50:36	9.87	--	5	4935	买盘
10:50:27	9.87	--	4	3947	买盘
10:50:24	9.87	-0.01	218	215165	卖盘
10:50:18	9.88	0.01	40	39520	卖盘
10:50:06	9.87	-0.01	125	123374	卖盘
10:50:00	9.88	--	2	1976	买盘
10:49:51	9.88	--	2	1976	买盘
10:49:45	9.88	--	10	9880	买盘
10:49:42	9.88	--	11	10868	买盘
10:49:30	9.88	--	20	19760	买盘
10:49:24	9.88	-0.01	12	11856	中性盘
10:49:18	9.89	--	43	42527	买盘
10:49:12	9.89	0.01	60	59340	买盘
10:49:09	9.88	--	14	13832	卖盘
10:49:06	9.88	0.01	20	19760	中性盘
10:49:00	9.87	-0.02	100	98699	卖盘
10:48:45	9.89	0.01	44	43516	买盘
10:48:42	9.88	--	20	19760	买盘
10:48:39	9.88	--	19	18772	买盘
10:48:36	9.88	--	130	128440	买盘
10:48:33	9.88	--	20	19760	买盘
10:48:24	9.88	0.01	40	39520	买盘
10:48:21	9.87	-0.01	100	98699	卖盘
10:48:18	9.88	--	3	2964	买盘
10:48:15	9.88	0.01	200	197600	买盘
10:48:12	9.87	--	57	56258	卖盘
10:48:03	9.87	-0.01	321	316827	卖盘
10:47:51	9.88	-0.01	12	11856	卖盘
10:47:39	9.89	0.01	10	9890	买盘
10:47:36	9.88	--	11	10868	卖盘
10:47:33	9.88	--	5	4940	买盘
10:47:30	9.88	--	50	49400	买盘
10:47:24	9.88	0.01	21	20748	买盘
10:47:21	9.87	-0.01	35	34545	卖盘
10:47:18	9.88	0.01	25	24700	买盘
10:47:15	9.87	-0.01	18	17766	卖盘
10:47:12	9.88	--	584	576992	买盘
10:47:09	9.88	--	5	4940	买盘
10:47:06	9.88	--	31	30628	买盘
10:47:03	9.88	--	23	22724	买盘
10:46:54	9.88	--	2	1976	买盘
10:46:51	9.88	--	19	18772	买盘
10:46:48	9.88	--	21	20748	买盘
10:46:39	9.88	--	10	9880	买盘
10:46:36	9.88	--	16	15808	买盘
10:46:33	9.88	-0.01	179	176852	卖盘
10:46:30	9.89	0.01	4	3956	买盘
10:46:21	9.88	-0.01	34	33592	卖盘
10:46:09	9.89	--	67	66263	买盘
10:46:03	9.89	--	5	4945	买盘
10:46:00	9.89	0.01	2	1978	买盘
10:45:57	9.88	--	6	5928	卖盘
10:45:54	9.88	--	2	1976	卖盘
10:45:51	9.88	-0.01	1	988	中性盘
10:45:48	9.89	0.01	119	117691	买盘
10:45:45	9.88	0.01	24	23712	买盘
10:45:42	9.87	-0.01	1	986	卖盘
10:45:36	9.88	--	4	3952	买盘
10:45:30	9.88	--	174	171912	买盘
10:45:27	9.88	--	2	1976	买盘
10:45:24	9.88	--	1	988	买盘
10:45:15	9.88	-0.01	262	258856	卖盘
10:45:00	9.89	0.01	8	7912	买盘
10:44:57	9.88	--	85	83980	卖盘
10:44:54	9.88	-0.01	55	54340	卖盘
10:44:48	9.89	--	81	80109	买盘
10:44:42	9.89	--	51	50439	买盘
10:44:33	9.89	--	1	989	卖盘
10:44:30	9.89	--	45	44505	卖盘
10:44:27	9.89	-0.01	15	14835	卖盘
10:44:24	9.9	0.01	10	9900	买盘
10:44:21	9.89	--	6	5934	卖盘
10:44:18	9.89	--	2	1978	买盘
10:44:09	9.89	0.01	5	4945	中性盘
10:44:00	9.88	-0.02	10	9880	卖盘
10:43:57	9.9	0.01	27	26730	买盘
10:43:54	9.89	--	113	111757	买盘
10:43:45	9.89	--	19	18791	卖盘
10:43:42	9.89	-0.01	18	17802	卖盘
10:43:36	9.9	--	12	11880	买盘
10:43:27	9.9	0.01	27	26730	买盘
10:43:24	9.89	--	22	21758	买盘
10:43:21	9.89	--	3	2967	买盘
10:43:18	9.89	--	6	5934	买盘
10:43:15	9.89	--	19	18791	卖盘
10:43:06	9.89	--	10	9890	卖盘
10:43:03	9.89	--	117	115713	卖盘
10:42:57	9.89	--	19	18791	买盘
10:42:48	9.89	0.01	1	989	买盘
10:42:42	9.88	-0.01	20	19760	卖盘
10:42:39	9.89	0.01	7	6923	买盘
10:42:36	9.88	-0.01	18	17784	卖盘
10:42:30	9.89	0.01	5	4945	买盘
10:42:27	9.88	-0.01	1	988	卖盘
10:42:24	9.89	0.01	30	29670	买盘
10:42:18	9.88	-0.01	415	410020	卖盘
10:42:15	9.89	--	5	4945	买盘
10:42:12	9.89	-0.01	188	185932	卖盘
10:42:09	9.9	0.01	62	61380	买盘
10:42:06	9.89	-0.01	20	19780	卖盘
10:42:00	9.9	--	21	20790	买盘
10:41:57	9.9	--	3	2970	买盘
10:41:54	9.9	--	4	3960	买盘
10:41:48	9.9	--	52	51480	买盘
10:41:45	9.9	--	156	155103	卖盘
10:41:42	9.9	-0.01	0	326	卖盘
10:41:39	9.91	--	50	49550	买盘
10:41:36	9.91	0.01	100	99100	买盘
10:41:30	9.9	--	35	34650	卖盘
10:41:27	9.9	-0.01	3	2970	卖盘
10:41:24	9.91	0.01	141	139731	买盘
10:41:09	9.9	--	61	60390	卖盘
10:41:03	9.9	--	5	4950	卖盘
10:40:57	9.9	--	1	990	卖盘
10:40:51	9.9	--	40	39600	卖盘
10:40:48	9.9	--	30	29700	买盘
10:40:45	9.9	--	5	4950	买盘
10:40:33	9.9	--	2	1980	卖盘
10:40:30	9.9	0.02	8	7920	中性盘
10:40:27	9.88	-0.02	30	29640	卖盘
10:40:21	9.9	0.03	12	11880	买盘
10:40:09	9.87	--	123	121993	买盘
10:40:06	9.87	--	20	19740	买盘
10:39:57	9.87	--	295	291559	卖盘
10:39:54	9.87	--	6	5921	卖盘
10:39:51	9.87	--	86	84882	卖盘
10:39:39	9.87	-0.03	90	88830	卖盘
10:39:36	9.9	0.03	4	3960	买盘
10:39:33	9.87	--	219	216745	买盘
10:39:27	9.87	--	374	369137	买盘
10:39:24	9.87	-0.04	1644	1622627	卖盘
10:39:21	9.91	0.01	30	29730	买盘
10:39:12	9.9	-0.01	29	28710	卖盘
10:39:09	9.91	0.01	48	47568	买盘
10:39:06	9.9	-0.01	18	17820	卖盘
10:39:03	9.91	0.01	33	32703	买盘
10:39:00	9.9	-0.01	8	7920	卖盘
10:38:57	9.91	0.01	10	9910	买盘
10:38:42	9.9	-0.01	51	50490	卖盘
10:38:39	9.91	--	191	189281	买盘
10:38:36	9.91	--	99	98109	卖盘
10:38:30	9.91	0.01	1	991	买盘
10:38:27	9.9	-0.01	4	3960	卖盘
10:38:21	9.91	-0.01	3	2973	卖盘
10:38:15	9.92	0.01	10	9920	买盘
10:38:09	9.91	-0.01	15	14865	卖盘
10:38:06	9.92	--	9	8928	买盘
10:37:57	9.92	0.02	10	9920	买盘
10:37:48	9.9	-0.02	1	990	卖盘
10:37:45	9.92	0.02	5	4960	买盘
10:37:42	9.9	-0.02	1	990	卖盘
10:37:36	9.92	0.02	89	88288	买盘
10:37:33	9.9	-0.02	226	223740	卖盘
10:37:30	9.92	--	16	15872	卖盘
10:37:27	9.92	--	5	4960	卖盘
10:37:21	9.92	--	29	28768	卖盘
10:37:18	9.92	-0.01	70	69440	卖盘
10:37:15	9.93	0.01	5	4965	买盘
10:37:00	9.92	--	1	992	卖盘
10:36:51	9.92	--	1	992	卖盘
10:36:39	9.92	-0.01	1	992	卖盘
10:36:36	9.93	0.01	5	4965	买盘
10:36:27	9.92	--	14	13888	卖盘
10:36:24	9.92	--	14	13888	卖盘
10:36:21	9.92	--	37	36704	卖盘
10:36:18	9.92	--	17	16864	卖盘
10:36:09	9.92	--	20	19840	卖盘
10:36:00	9.92	--	10	9920	卖盘
10:35:57	9.92	-0.01	20	19840	卖盘
10:35:45	9.93	--	11	10923	卖盘
10:35:39	9.93	-0.01	11	10923	卖盘
10:35:36	9.94	0.01	5	4970	买盘
10:35:27	9.93	-0.01	16	15888	卖盘
10:35:09	9.94	0.02	8	7952	买盘
10:34:54	9.92	0.01	29	28768	中性盘
10:34:51	9.91	--	114	112974	卖盘
10:34:48	9.91	-0.01	127	125857	卖盘
10:34:45	9.92	-0.01	24	23808	卖盘
10:34:18	9.93	--	10	9930	买盘
10:34:03	9.93	--	10	9930	买盘
10:33:45	9.93	--	6	5958	卖盘
10:33:39	9.93	--	15	14895	卖盘
10:33:36	9.93	0.02	34	33762	买盘
10:33:33	9.91	--	9	8919	卖盘
10:33:15	9.91	-0.02	25	24775	卖盘
10:33:12	9.93	--	50	49650	买盘
10:33:09	9.93	0.02	1	993	买盘
10:33:00	9.91	--	20	19820	卖盘
10:32:57	9.91	--	10	9910	卖盘
10:32:54	9.91	--	6	5946	卖盘
10:32:51	9.91	0.01	24	23784	中性盘
10:32:48	9.9	--	38	37620	卖盘
10:32:45	9.9	-0.01	164	162360	卖盘
10:32:42	9.91	0.01	139	137749	买盘
10:32:39	9.9	-0.01	23	22770	卖盘
10:32:36	9.91	0.01	21	20811	买盘
10:32:33	9.9	-0.01	6	5940	卖盘
10:32:27	9.91	0.01	5	4955	买盘
10:32:21	9.9	--	18	17820	卖盘
10:32:18	9.9	0.01	20	19800	中性盘
10:32:12	9.89	--	24	23736	卖盘
10:32:06	9.89	--	45	44505	卖盘
10:32:03	9.89	--	113	111757	卖盘
10:31:57	9.89	--	2	1978	卖盘
10:31:48	9.89	--	3	2967	卖盘
10:31:45	9.89	--	30	29739	买盘
10:31:42	9.89	--	54	53406	买盘
10:31:39	9.89	0.01	2	1978	买盘
10:31:36	9.88	-0.01	33	32604	卖盘
10:31:33	9.89	--	151	150258	卖盘
10:31:30	9.89	0.01	152	150397	买盘
10:31:27	9.88	-0.01	10	9880	卖盘
10:31:24	9.89	--	10	9890	买盘
10:31:15	9.89	0.01	61	60329	买盘
10:31:12	9.88	--	96	94848	买盘
10:31:06	9.88	0.01	24	23712	买盘
10:31:03	9.87	-0.01	10	9870	卖盘
10:31:00	9.88	--	29	28770	卖盘
10:30:54	9.88	--	34	33592	卖盘
10:30:51	9.88	--	120	118560	卖盘
10:30:48	9.88	--	73	72993	卖盘
10:30:45	9.88	--	49	48412	卖盘
10:30:33	9.88	-0.01	35	34580	卖盘
10:30:30	9.89	--	135	133515	买盘
10:30:27	9.89	--	78	77943	卖盘
10:30:09	9.89	-0.01	38	37582	卖盘
10:30:06	9.9	--	50	49500	卖盘
10:30:03	9.9	--	38	37620	卖盘
10:30:00	9.9	--	100	99000	卖盘
10:29:57	9.9	--	1	990	卖盘
10:29:54	9.9	--	38	37620	卖盘
10:29:51	9.9	--	130	128700	卖盘
10:29:48	9.9	-0.02	51	50490	卖盘
10:29:45	9.92	0.02	10	9920	买盘
10:29:42	9.9	--	33	32670	卖盘
10:29:39	9.9	--	91	90090	卖盘
10:29:36	9.9	--	1	990	卖盘
10:29:30	9.9	--	1	990	卖盘
10:29:27	9.9	-0.02	1	990	卖盘
10:29:21	9.92	0.02	2	1984	买盘
10:29:15	9.9	--	102	100980	卖盘
10:29:12	9.9	-0.01	300	297000	卖盘
10:29:09	9.91	--	41	40631	卖盘
10:29:06	9.91	--	135	133785	卖盘
10:29:03	9.91	-0.01	27	26757	卖盘
10:29:00	9.92	0.01	1	992	卖盘
10:28:57	9.91	-0.02	2	1982	卖盘
10:28:51	9.93	0.02	24	23832	买盘
10:28:48	9.91	--	39	38649	卖盘
10:28:45	9.91	-0.02	1	991	卖盘
10:28:39	9.93	0.02	3	2979	买盘
10:28:36	9.91	-0.02	10	9910	卖盘
10:28:33	9.93	0.02	6	5958	买盘
10:28:30	9.91	-0.02	1	991	卖盘
10:28:18	9.93	0.02	21	20853	买盘
10:28:15	9.91	-0.02	18	17838	卖盘
10:28:12	9.93	0.02	54	53622	买盘
10:28:03	9.91	-0.01	75	74325	卖盘
10:28:00	9.92	-0.01	213	211296	卖盘
10:27:57	9.93	0.01	1	993	买盘
10:27:51	9.92	--	3	2976	卖盘
10:27:42	9.92	--	1	992	卖盘
10:27:39	9.92	--	58	57536	卖盘
10:27:36	9.92	0.01	168	166656	买盘
10:27:24	9.91	-0.01	14	13874	卖盘
10:27:21	9.92	--	59	58528	买盘
10:27:18	9.92	--	40	39680	买盘
10:27:06	9.92	--	9	8928	买盘
10:27:03	9.92	0.01	8	7936	买盘
10:26:54	9.91	--	50	49550	卖盘
10:26:51	9.91	0.01	144	142704	买盘
10:26:48	9.9	--	1	990	卖盘
10:26:42	9.9	--	1	990	卖盘
10:26:33	9.9	--	33	32670	卖盘
10:26:30	9.9	-0.01	97	96030	卖盘
10:26:27	9.91	-0.01	413	409283	卖盘
10:26:24	9.92	--	126	124992	卖盘
10:26:21	9.92	--	60	59520	卖盘
10:26:18	9.92	--	22	21824	卖盘
10:26:12	9.92	-0.01	15	14880	卖盘
10:26:09	9.93	0.01	20	19860	买盘
10:26:06	9.92	-0.01	35	34720	卖盘
10:26:03	9.93	--	10	9930	卖盘
10:25:51	9.93	-0.01	20	19860	卖盘
10:25:48	9.94	0.01	1	994	买盘
10:25:42	9.93	--	5	4965	卖盘
10:25:36	9.93	--	19	18867	卖盘
10:25:33	9.93	-0.01	29	28797	中性盘
10:25:18	9.94	--	10	9940	买盘
10:25:15	9.94	--	10	9940	买盘
10:25:12	9.94	0.02	5	4970	买盘
10:24:45	9.92	-0.01	16	15872	卖盘
10:24:42	9.93	-0.01	30	29790	卖盘
10:24:36	9.94	0.01	59	58646	买盘
10:24:33	9.93	-0.01	119	118167	卖盘
10:24:09	9.94	0.01	20	19880	买盘
10:24:03	9.93	-0.01	10	9930	卖盘
10:24:00	9.94	0.01	30	29820	买盘
10:23:57	9.93	--	14	13902	卖盘
10:23:54	9.93	-0.01	30	29790	卖盘
10:23:51	9.94	--	49	48706	买盘
10:23:48	9.94	0.01	95	94430	买盘
10:23:45	9.93	--	19	18867	卖盘
10:23:39	9.93	-0.01	23	22839	卖盘
10:23:36	9.94	--	50	49700	买盘
10:23:33	9.94	--	5	4970	买盘
10:23:21	9.94	0.01	31	30814	买盘
10:23:18	9.93	--	65	64545	卖盘
10:23:00	9.93	-0.01	23	22839	卖盘
10:22:57	9.94	--	47	46718	买盘
10:22:48	9.94	0.01	20	19880	买盘
10:22:45	9.93	--	11	10923	卖盘
10:22:42	9.93	--	43	42699	卖盘
10:22:39	9.93	-0.01	15	14895	卖盘
10:22:36	9.94	--	5	4970	买盘
10:22:27	9.94	--	23	22862	买盘
10:22:24	9.94	-0.01	13	12922	卖盘
10:22:21	9.95	0.01	3	2985	买盘
10:22:18	9.94	-0.01	2	1988	卖盘
10:22:15	9.95	--	10	9950	买盘
10:22:09	9.95	--	22	21890	买盘
10:22:06	9.95	0.02	29	28854	买盘
10:21:57	9.93	-0.01	17	16881	卖盘
10:21:54	9.94	--	51	50694	卖盘
10:21:39	9.94	--	13	12922	卖盘
10:21:36	9.94	--	28	27832	买盘
10:21:30	9.94	0.01	8	7952	买盘
10:21:27	9.93	--	14	13902	卖盘
10:21:24	9.93	--	50	49650	卖盘
10:21:21	9.93	--	31	30783	卖盘
10:21:12	9.93	--	25	24825	卖盘
10:21:09	9.93	--	70	69510	卖盘
10:21:06	9.93	0.03	275	273075	买盘
10:21:03	9.9	--	15	14850	卖盘
10:21:00	9.9	--	21	20790	卖盘
10:20:57	9.9	--	41	40590	卖盘
10:20:54	9.9	--	50	49500	卖盘
10:20:45	9.9	-0.01	10	9900	卖盘
10:20:42	9.91	--	5	4955	买盘
10:20:39	9.91	--	1	991	买盘
10:20:33	9.91	--	10	9910	买盘
10:20:24	9.91	-0.02	66	65406	卖盘
10:20:21	9.93	0.01	168	166824	买盘
10:20:18	9.92	--	40	39680	买盘
10:20:12	9.92	--	14	13888	卖盘
10:20:09	9.92	-0.01	12	11904	卖盘
10:20:06	9.93	--	42	41706	买盘
10:20:03	9.93	--	5	4965	买盘
10:20:00	9.93	0.01	14	13902	买盘
10:19:57	9.92	0.02	10	9920	卖盘
10:19:54	9.9	-0.02	22	21780	卖盘
10:19:51	9.92	0.01	64	63488	买盘
10:19:48	9.91	-0.01	13	12883	卖盘
10:19:45	9.92	--	16	15872	买盘
10:19:36	9.92	--	1	992	买盘
10:19:27	9.92	0.02	34	33728	买盘
10:19:24	9.9	--	41	40590	卖盘
10:19:18	9.9	-0.02	26	25740	卖盘
10:19:15	9.92	--	52	51584	买盘
10:19:03	9.92	0.02	18	17856	买盘
10:19:00	9.9	0.01	5	4950	卖盘
10:18:48	9.89	--	31	30659	卖盘
10:18:45	9.89	-0.01	116	114911	卖盘
10:18:42	9.9	0.01	62	61380	买盘
10:18:36	9.89	-0.01	29	28681	卖盘
10:18:33	9.9	0.01	46	45540	买盘
10:18:30	9.89	--	15	14835	卖盘
10:18:27	9.89	--	20	19780	卖盘
10:18:24	9.89	-0.01	1	989	卖盘
10:18:18	9.9	0.01	31	30690	买盘
10:18:15	9.89	--	90	89010	买盘
10:18:12	9.89	--	164	162196	卖盘
10:18:09	9.89	-0.01	52	51428	卖盘
10:18:06	9.9	0.01	163	161370	买盘
10:18:03	9.89	-0.01	42	41538	卖盘
10:18:00	9.9	--	60	59400	买盘
10:17:57	9.9	--	97	96030	买盘
10:17:54	9.9	0.01	10	9900	买盘
10:17:51	9.89	-0.01	2	1978	卖盘
10:17:48	9.9	--	10	9900	买盘
10:17:45	9.9	0.01	5	4950	买盘
10:17:42	9.89	--	29	28681	卖盘
10:17:39	9.89	-0.01	68	67252	卖盘
10:17:36	9.9	--	55	54450	买盘
10:17:33	9.9	--	40	39600	买盘
10:17:30	9.9	0.01	16	15840	买盘
10:17:27	9.89	-0.01	20	19780	卖盘
10:17:24	9.9	--	5	4950	买盘
10:17:21	9.9	--	2	1980	买盘
10:17:18	9.9	--	10	9900	买盘
10:17:15	9.9	0.01	6	5940	买盘
10:17:12	9.89	--	21	20769	卖盘
10:17:09	9.89	--	60	59340	卖盘
10:17:06	9.89	-0.01	15	14835	卖盘
10:17:03	9.9	--	15	14850	买盘
10:17:00	9.9	0.01	25	24750	买盘
10:16:57	9.89	-0.01	11	10879	卖盘
10:16:54	9.9	--	9	8910	买盘
10:16:51	9.9	0.01	23	22770	买盘
10:16:48	9.89	--	11	10879	卖盘
10:16:45	9.89	0.01	25	24725	买盘
10:16:42	9.88	--	29	28652	卖盘
10:16:39	9.88	-0.01	46	45448	卖盘
10:16:36	9.89	0.01	20	19780	买盘
10:16:27	9.88	--	45	44460	卖盘
10:16:24	9.88	0.02	131	129428	买盘
10:16:21	9.86	--	213	210018	卖盘
10:16:18	9.86	--	59	58174	卖盘
10:16:15	9.86	--	94	92684	卖盘
10:16:12	9.86	0.01	35	34510	中性盘
10:16:09	9.85	-0.01	13	12805	卖盘
10:16:06	9.86	-0.03	15	14790	卖盘
10:16:03	9.89	0.04	60	59340	买盘
10:16:00	9.85	-0.01	50	49250	卖盘
10:15:57	9.86	0.02	2	1972	买盘
10:15:54	9.84	--	23	22632	卖盘
10:15:51	9.84	0.02	68	66912	中性盘
10:15:39	9.82	--	36	35352	卖盘
10:15:36	9.82	-0.01	106	104092	卖盘
10:15:33	9.83	--	427	419741	买盘
10:15:30	9.83	0.02	10	9830	买盘
10:15:27	9.81	-0.02	69	67689	卖盘
10:15:24	9.83	-0.02	127	124841	卖盘
10:15:21	9.85	0.02	2	1970	中性盘
10:15:18	9.83	-0.03	497	488551	卖盘
10:15:15	9.86	-0.05	389	383554	卖盘
10:15:12	9.91	--	3056	3028496	买盘
10:15:09	9.91	--	6	5946	买盘
10:15:03	9.91	--	25	24775	买盘
10:15:00	9.91	--	49	48559	买盘
10:14:57	9.91	-0.02	134	132794	卖盘
10:14:54	9.93	0.01	20	19860	买盘
10:14:51	9.92	0.01	24	23808	买盘
10:14:48	9.91	--	52	51532	卖盘
10:14:45	9.91	-0.04	204	202164	卖盘
10:14:42	9.95	0.02	180	179100	买盘
10:14:36	9.93	--	2	1986	卖盘
10:14:33	9.93	-0.02	23	22839	卖盘
10:14:30	9.95	--	72	71640	买盘
10:14:18	9.95	--	31	30844	买盘
10:14:15	9.95	0.02	100	99500	买盘
10:14:12	9.93	-0.02	11	10923	中性盘
10:14:09	9.95	--	8	7959	买盘
10:14:03	9.95	--	6	5970	卖盘
10:14:00	9.95	-0.01	35	34825	卖盘
10:13:57	9.96	0.05	7	6972	买盘
10:13:48	9.91	-0.05	2	1982	卖盘
10:13:45	9.96	0.06	30	29880	买盘
10:13:42	9.9	--	9	8910	卖盘
10:13:36	9.9	--	30	29700	卖盘
10:13:33	9.9	--	475	471042	买盘
10:13:30	9.9	--	39	38610	买盘
10:13:27	9.9	--	1050	1039500	买盘
10:13:24	9.9	--	44	43560	买盘
10:13:21	9.9	--	3	2970	买盘
10:13:18	9.9	--	24	23760	买盘
10:13:15	9.9	--	46	45540	买盘
10:13:12	9.9	0.01	326	322740	买盘
10:13:09	9.89	-0.01	815	806035	卖盘
10:13:06	9.9	--	115	113850	买盘
10:13:03	9.9	0.01	206	203940	买盘
10:13:00	9.89	-0.01	92	90988	卖盘
10:12:57	9.9	0.01	229	226710	买盘
10:12:54	9.89	-0.01	129	127581	卖盘
10:12:51	9.9	--	114	112860	买盘
10:12:48	9.9	--	366	362340	买盘
10:12:45	9.9	--	20	19800	买盘
10:12:42	9.9	0.01	15	14850	买盘
10:12:39	9.89	--	244	241316	卖盘
10:12:36	9.89	--	132	130548	买盘
10:12:33	9.89	-0.01	156	154284	卖盘
10:12:30	9.9	0.01	55	54450	买盘
10:12:27	9.89	--	519	513291	卖盘
10:12:24	9.89	--	273	269997	买盘
10:12:21	9.89	--	20	19780	买盘
10:12:18	9.89	--	109	107801	买盘
10:12:15	9.89	0.01	71	70219	买盘
10:12:12	9.88	-0.01	298	294424	卖盘
10:12:09	9.89	--	277	273953	买盘
10:12:06	9.89	0.01	140	138460	买盘
10:12:03	9.88	--	103	101764	卖盘
10:12:00	9.88	-0.01	27	26676	卖盘
10:11:57	9.89	--	20	19780	买盘
10:11:51	9.89	--	124	122636	买盘
10:11:48	9.89	--	33	32637	买盘
10:11:45	9.89	--	459	453951	卖盘
10:11:42	9.89	-0.01	32	31648	卖盘
10:11:39	9.9	--	5	4950	买盘
10:11:36	9.9	-0.08	3649	3612510	卖盘
10:11:33	9.98	--	39	38922	买盘
10:11:30	9.98	--	7	6986	买盘
10:11:27	9.98	--	59	58882	买盘
10:11:21	9.98	0.01	12	11976	买盘
10:11:15	9.97	--	225	224325	卖盘
10:11:12	9.97	-0.01	7	6979	卖盘
10:11:06	9.98	--	3	2994	买盘
10:11:03	9.98	0.01	2	1996	买盘
10:11:00	9.97	0.01	19	18943	中性盘
10:10:51	9.96	--	1	996	卖盘
10:10:48	9.96	-0.02	46	45816	卖盘
10:10:45	9.98	0.02	3	2994	买盘
10:10:42	9.96	--	70	69720	卖盘
10:10:39	9.96	--	5	4980	卖盘
10:10:30	9.96	--	14	13944	卖盘
10:10:24	9.96	--	60	59760	卖盘
10:10:21	9.96	-0.02	10	9960	中性盘
10:10:15	9.98	0.04	1	998	买盘
10:10:06	9.94	-0.03	200	198800	卖盘
10:10:03	9.97	--	10	9970	卖盘
10:09:57	9.97	0.03	12	11964	买盘
10:09:51	9.94	-0.02	14	13916	卖盘
10:09:48	9.96	0.01	6	5976	买盘
10:09:45	9.95	0.01	7	6964	中性盘
10:09:33	9.94	--	9	8946	买盘
10:09:27	9.94	--	20	19880	买盘
10:09:24	9.94	--	300	298200	买盘
10:09:21	9.94	--	5	4970	买盘
10:09:18	9.94	--	22	21868	买盘
10:09:15	9.94	--	24	23856	买盘
10:09:12	9.94	0.01	16	15904	买盘
10:09:09	9.93	-0.03	340	337620	卖盘
10:09:06	9.96	0.01	143	142428	买盘
10:09:03	9.95	0.02	58	57709	中性盘
10:09:00	9.93	-0.02	30	29790	卖盘
10:08:57	9.95	--	185	184075	买盘
10:08:54	9.95	--	109	108454	买盘
10:08:51	9.95	0.01	64	63679	买盘
10:08:48	9.94	-0.01	4	3976	卖盘
10:08:45	9.95	0.01	17	16915	买盘
10:08:42	9.94	--	27	26838	卖盘
10:08:39	9.94	-0.01	35	34790	卖盘
10:08:33	9.95	--	44	43780	买盘
10:08:30	9.95	-0.02	65	64674	卖盘
10:08:24	9.97	--	904	901288	买盘
10:08:21	9.97	--	28	27916	卖盘
10:08:18	9.97	--	16	15952	卖盘
10:08:15	9.97	--	49	48853	卖盘
10:08:06	9.97	-0.01	5	4985	买盘
10:08:03	9.98	--	15	14970	卖盘
10:08:00	9.98	0.01	185	184630	买盘
10:07:57	9.97	--	23	22931	卖盘
10:07:54	9.97	0.01	7	6979	卖盘
10:07:51	9.96	-0.02	100	99600	卖盘
10:07:48	9.98	--	25	24950	买盘
10:07:45	9.98	0.01	208	207584	买盘
10:07:42	9.97	--	20	19940	卖盘
10:07:39	9.97	-0.01	9	8973	卖盘
10:07:36	9.98	--	1	998	买盘
10:07:33	9.98	--	5	4990	买盘
10:07:24	9.98	0.01	5	4990	买盘
10:07:21	9.97	--	4	3988	卖盘
10:07:18	9.97	-0.01	42	41874	卖盘
10:07:06	9.98	--	22	21956	卖盘
10:07:03	9.98	--	49	48902	卖盘
10:07:00	9.98	--	38	37924	卖盘
10:06:57	9.98	--	50	49900	卖盘
10:06:54	9.98	--	46	45908	卖盘
10:06:51	9.98	-0.01	42	41916	卖盘
10:06:48	9.99	0.01	16	15984	买盘
10:06:45	9.98	--	41	40918	卖盘
10:06:42	9.98	--	8	7984	卖盘
10:06:39	9.98	--	15	14970	卖盘
10:06:36	9.98	-0.01	21	20958	卖盘
10:06:33	9.99	--	130	129870	卖盘
10:06:24	9.99	-0.01	3	2997	卖盘
10:06:21	10.0	--	6	6000	买盘
10:06:12	10.0	--	123	123000	卖盘
10:06:09	10.0	--	472	472000	卖盘
10:06:03	10.0	--	150	150000	卖盘
10:05:57	10.0	-0.01	100	100000	卖盘
10:05:45	10.01	--	18	18018	买盘
10:05:42	10.01	0.01	40	40040	买盘
10:05:36	10.0	-0.01	50	50000	卖盘
10:05:33	10.01	--	171	171171	卖盘
10:05:27	10.01	--	50	50050	卖盘
10:05:21	10.01	-0.01	50	50050	卖盘
10:05:15	10.02	--	25	25050	卖盘
10:05:12	10.02	--	20	20040	卖盘
10:05:06	10.02	--	87	87174	买盘
10:05:00	10.02	--	44	44088	买盘
10:04:57	10.02	--	4	4008	买盘
10:04:54	10.02	--	21	21042	买盘
10:04:48	10.02	0.01	15	15030	买盘
10:04:45	10.01	-0.01	85	85085	卖盘
10:04:42	10.02	--	12	12024	买盘
10:04:36	10.02	--	86	86172	买盘
10:04:21	10.02	0.01	15	15030	买盘
10:04:00	10.01	--	203	203203	买盘
10:03:57	10.01	--	1	1001	买盘
10:03:54	10.01	--	5	5005	买盘
10:03:51	10.01	--	55	55055	买盘
10:03:48	10.01	--	10	10010	买盘
10:03:45	10.01	--	3	3003	买盘
10:03:42	10.01	0.01	38	38038	买盘
10:03:39	10.0	-0.01	74	74000	卖盘
10:03:36	10.01	--	4	4004	买盘
10:03:33	10.01	0.01	5	5005	买盘
10:03:30	10.0	--	74	74000	卖盘
10:03:27	10.0	--	55	55000	卖盘
10:03:18	10.0	-0.01	30	30000	卖盘
10:03:15	10.01	--	2	2002	买盘
10:03:09	10.01	0.01	76	76076	买盘
10:03:06	10.0	--	25	25000	卖盘
10:03:03	10.0	-0.01	86	86000	卖盘
10:03:00	10.01	0.01	3	3003	买盘
10:02:57	10.0	--	187	187000	卖盘
10:02:51	10.0	-0.01	20	20000	卖盘
10:02:42	10.01	-0.01	80	80080	卖盘
10:02:39	10.02	0.01	6	6012	买盘
10:02:33	10.01	-0.01	157	157157	卖盘
10:02:24	10.02	--	23	23046	卖盘
10:02:18	10.02	--	78	78156	买盘
10:02:15	10.02	--	2	2004	买盘
10:02:12	10.02	--	91	91182	买盘
10:02:09	10.02	--	1	1002	买盘
10:02:06	10.02	0.01	14	14028	买盘
10:02:03	10.01	-0.01	12	12012	卖盘
10:02:00	10.02	--	35	35070	买盘
10:01:57	10.02	--	6	6012	买盘
10:01:48	10.02	--	40	40671	卖盘
10:01:45	10.02	-0.01	72	72144	卖盘
10:01:42	10.03	0.01	50	50150	买盘
10:01:39	10.02	--	27	27054	卖盘
10:01:36	10.02	--	142	142694	买盘
10:01:33	10.02	--	15	15030	买盘
10:01:27	10.02	0.02	100	100200	买盘
10:01:24	10.0	--	6	6000	卖盘
10:01:21	10.0	-0.02	14	14000	卖盘
10:01:18	10.02	0.02	130	130260	买盘
10:01:15	10.0	--	27	27000	卖盘
10:01:12	10.0	-0.02	72	72000	卖盘
10:01:06	10.02	0.02	200	200400	买盘
10:01:03	10.0	--	30	30000	买盘
10:01:00	10.0	0.01	60	60000	买盘
10:00:54	9.99	0.01	110	109890	中性盘
10:00:48	9.98	-0.02	300	299400	卖盘
10:00:45	10.0	0.01	210	210000	买盘
10:00:42	9.99	0.01	100	99900	买盘
10:00:39	9.98	--	1	998	卖盘
10:00:36	9.98	0.01	722	720556	买盘
10:00:33	9.97	-0.01	14	13958	卖盘
10:00:30	9.98	--	204	203592	买盘
10:00:27	9.98	--	92	91816	买盘
10:00:21	9.98	--	31	30938	卖盘
10:00:18	9.98	--	30	29940	卖盘
10:00:15	9.98	0.03	231	230538	中性盘
10:00:06	9.95	-0.03	384	382080	卖盘
10:00:03	9.98	-0.01	88	87824	卖盘
10:00:00	9.99	0.01	71	70929	买盘
09:59:57	9.98	--	119	118762	买盘
09:59:54	9.98	0.01	31	30938	买盘
09:59:51	9.97	-0.01	57	56829	卖盘
09:59:48	9.98	--	104	103792	买盘
09:59:42	9.98	--	198	197604	卖盘
09:59:39	9.98	--	24	23952	卖盘
09:59:27	9.98	-0.02	10	9980	卖盘
09:59:24	10.0	--	32	32000	买盘
09:59:21	10.0	--	260	260000	买盘
09:59:18	10.0	-0.01	42	42000	卖盘
09:59:15	10.01	--	100	100100	买盘
09:59:12	10.01	0.01	1043	1044043	买盘
09:59:09	10.0	-0.01	4	4000	卖盘
09:59:06	10.01	0.01	14	14014	买盘
09:59:03	10.0	--	18	18000	卖盘
09:59:00	10.0	-0.01	50	50000	卖盘
09:58:57	10.01	--	225	225225	买盘
09:58:51	10.01	--	75	75665	卖盘
09:58:45	10.01	--	43	43043	卖盘
09:58:42	10.01	--	100	100100	卖盘
09:58:39	10.01	--	10	10010	卖盘
09:58:36	10.01	--	200	200200	卖盘
09:58:30	10.01	-0.02	20	20020	卖盘
09:58:24	10.03	0.02	26	26078	买盘
09:58:15	10.01	-0.02	951	951961	卖盘
09:58:12	10.03	--	45	45135	卖盘
09:58:06	10.03	--	40	40120	卖盘
09:58:00	10.03	--	35	35105	卖盘
09:57:48	10.03	-0.01	78	78234	卖盘
09:57:45	10.04	--	28	28111	买盘
09:57:42	10.04	--	75	75300	买盘
09:57:36	10.04	--	31	31123	卖盘
09:57:30	10.04	-0.01	32	32127	卖盘
09:57:27	10.05	0.01	50	50250	买盘
09:57:15	10.04	-0.01	9	9036	卖盘
09:57:09	10.05	--	5	5025	买盘
09:57:06	10.05	0.01	5	5025	买盘
09:56:45	10.04	--	20	20080	买盘
09:56:42	10.04	0.01	10	10040	买盘
09:56:39	10.03	--	10	10030	卖盘
09:56:33	10.03	-0.01	77	77231	卖盘
09:56:30	10.04	--	22	22087	买盘
09:56:27	10.04	--	5	5020	买盘
09:56:21	10.04	0.01	50	50199	买盘
09:56:18	10.03	--	36	36108	卖盘
09:56:15	10.03	-0.01	20	20060	中性盘
09:56:09	10.04	0.01	20	20080	买盘
09:56:06	10.03	--	58	58173	卖盘
09:56:03	10.03	--	9	9027	卖盘
09:56:00	10.03	--	13	13039	卖盘
09:55:57	10.03	--	31	31092	买盘
09:55:54	10.03	--	69	69207	卖盘
09:55:51	10.03	0.01	33	33099	买盘
09:55:48	10.02	--	100	100200	卖盘
09:55:45	10.02	-0.01	58	58116	卖盘
09:55:42	10.03	--	85	85255	卖盘
09:55:39	10.03	--	5	5015	卖盘
09:55:33	10.03	--	2	2005	卖盘
09:55:30	10.03	--	3	3009	买盘
09:55:27	10.03	0.01	18	18054	买盘
09:55:24	10.02	--	64	64128	卖盘
09:55:18	10.02	-0.01	217	217434	卖盘
09:55:12	10.03	--	26	26479	买盘
09:55:03	10.03	--	10	10030	买盘
09:55:00	10.03	--	76	76829	卖盘
09:54:57	10.03	--	10	10030	卖盘
09:54:54	10.03	--	1	1404	买盘
09:54:51	10.03	--	3	3009	买盘
09:54:48	10.03	--	10	10631	卖盘
09:54:42	10.03	--	24	24072	卖盘
09:54:39	10.03	--	121	121362	卖盘
09:54:36	10.03	--	93	93279	卖盘
09:54:30	10.03	-0.01	36	36108	卖盘
09:54:21	10.04	--	475	476899	买盘
09:54:18	10.04	--	6	6023	买盘
09:54:12	10.04	--	5	5020	买盘
09:54:09	10.04	--	191	191763	卖盘
09:54:06	10.04	--	21	21084	卖盘
09:54:03	10.04	--	28	28111	卖盘
09:54:00	10.04	-0.01	9	9036	卖盘
09:53:57	10.05	--	20	20914	卖盘
09:53:51	10.05	-0.01	2	2010	卖盘
09:53:48	10.06	--	100	100600	买盘
09:53:42	10.06	0.01	2	2012	买盘
09:53:36	10.05	-0.01	251	252445	卖盘
09:53:33	10.06	--	3	3018	买盘
09:53:30	10.06	--	44	44264	卖盘
09:53:24	10.06	--	16	16096	卖盘
09:53:21	10.06	--	16	16096	卖盘
09:53:18	10.06	0.01	79	79474	买盘
09:53:15	10.05	-0.01	1	1005	卖盘
09:53:00	10.06	--	70	70420	卖盘
09:52:48	10.06	--	40	40240	卖盘
09:52:42	10.06	0.01	65	65390	买盘
09:52:39	10.05	--	108	108540	卖盘
09:52:33	10.05	-0.01	23	23115	卖盘
09:52:15	10.06	--	10	10060	买盘
09:52:09	10.06	--	15	15090	买盘
09:52:03	10.06	0.01	66	66396	买盘
09:52:00	10.05	-0.01	192	192960	卖盘
09:51:54	10.06	--	12	12072	买盘
09:51:42	10.06	-0.01	615	618690	卖盘
09:51:30	10.07	--	12	12084	卖盘
09:51:21	10.07	--	11	11077	卖盘
09:51:18	10.07	-0.01	15	15105	卖盘
09:51:09	10.08	--	73	74581	卖盘
09:51:06	10.08	-0.01	267	269146	卖盘
09:50:57	10.09	--	7	7063	买盘
09:50:48	10.09	0.01	18	18162	买盘
09:50:45	10.08	--	36	36288	卖盘
09:50:42	10.08	-0.01	30	30240	卖盘
09:50:39	10.09	--	50	50450	买盘
09:50:30	10.09	0.01	24	24216	卖盘
09:50:15	10.08	-0.02	17	17136	中性盘
09:50:09	10.1	--	154	155540	买盘
09:50:03	10.1	0.02	30	30300	买盘
09:49:57	10.08	--	10	10080	卖盘
09:49:54	10.08	--	10	10080	卖盘
09:49:30	10.08	--	10	10080	卖盘
09:49:27	10.08	--	88	88704	买盘
09:49:24	10.08	0.02	9	9072	买盘
09:49:09	10.06	-0.02	8	8048	卖盘
09:49:06	10.08	0.02	6	6048	买盘
09:49:00	10.06	--	13	13078	卖盘
09:48:54	10.06	--	19	19114	买盘
09:48:51	10.06	--	90	90540	买盘
09:48:45	10.06	0.01	128	128768	买盘
09:48:42	10.05	--	30	30150	卖盘
09:48:36	10.05	-0.01	9	9045	卖盘
09:48:33	10.06	--	5	5030	买盘
09:48:30	10.06	-0.02	27	27162	卖盘
09:48:24	10.08	0.02	495	498960	买盘
09:48:21	10.06	--	22	22132	卖盘
09:48:18	10.06	0.01	1	1006	中性盘
09:48:09	10.05	0.01	13	13065	中性盘
09:48:03	10.04	--	10	10040	卖盘
09:48:00	10.04	-0.01	21	21084	卖盘
09:47:57	10.05	0.01	192	192960	买盘
09:47:54	10.04	-0.01	21	21084	卖盘
09:47:51	10.05	--	10	10050	买盘
09:47:48	10.05	--	63	63315	买盘
09:47:45	10.05	-0.03	199	199995	卖盘
09:47:42	10.08	0.03	320	322560	买盘
09:47:39	10.05	-0.01	12	12060	卖盘
09:47:36	10.06	--	12	12072	买盘
09:47:33	10.06	--	5	5030	买盘
09:47:30	10.06	--	123	123738	卖盘
09:47:27	10.06	-0.01	41	41246	卖盘
09:47:24	10.07	0.01	4	4028	买盘
09:47:21	10.06	-0.01	131	131786	卖盘
09:47:15	10.07	--	4	4028	买盘
09:47:09	10.07	-0.01	20	20140	卖盘
09:47:06	10.08	0.01	20	20160	买盘
09:47:03	10.07	-0.02	409	411863	卖盘
09:47:00	10.09	-0.01	5	5045	中性盘
09:46:51	10.1	0.01	35	35350	买盘
09:46:48	10.09	--	30	30270	买盘
09:46:45	10.09	--	10	10090	买盘
09:46:42	10.09	--	11	11099	卖盘
09:46:39	10.09	--	25	25225	卖盘
09:46:30	10.09	--	17	17153	卖盘
09:46:24	10.09	-0.01	4	4036	卖盘
09:46:21	10.1	0.01	10	10100	买盘
09:46:18	10.09	--	10	10090	卖盘
09:46:09	10.09	-0.01	244	246196	卖盘
09:46:06	10.1	--	30	30300	买盘
09:46:03	10.1	--	80	80800	卖盘
09:46:00	10.1	--	5	5050	卖盘
09:45:57	10.1	--	32	32320	卖盘
09:45:51	10.1	--	28	28280	卖盘
09:45:45	10.1	--	9	9090	卖盘
09:45:42	10.1	--	42	42420	卖盘
09:45:39	10.1	-0.01	25	25250	卖盘
09:45:36	10.11	--	34	34374	买盘
09:45:33	10.11	--	19	19209	买盘
09:45:30	10.11	--	96	97056	买盘
09:45:21	10.11	0.01	10	10110	买盘
09:45:18	10.1	-0.01	22	22220	卖盘
09:45:15	10.11	--	3	3033	中性盘
09:45:09	10.11	--	2	2022	买盘
09:45:06	10.11	--	61	61671	卖盘
09:45:00	10.11	0.01	39	39429	买盘
09:44:54	10.1	--	15	15150	卖盘
09:44:45	10.1	--	41	41410	卖盘
09:44:36	10.1	--	10	10100	卖盘
09:44:27	10.1	--	6	6060	买盘
09:44:24	10.1	--	10	10100	买盘
09:44:21	10.1	0.01	52	52520	买盘
09:44:18	10.09	-0.01	24	24216	卖盘
09:44:12	10.1	--	18	18180	卖盘
09:44:09	10.1	--	269	271690	卖盘
09:44:03	10.1	--	9	9090	卖盘
09:44:00	10.1	--	48	48480	买盘
09:43:57	10.1	--	19	19190	买盘
09:43:48	10.1	0.01	10	10100	买盘
09:43:45	10.09	-0.01	11	11099	卖盘
09:43:42	10.1	--	5	5050	买盘
09:43:39	10.1	--	20	20200	买盘
09:43:24	10.1	--	10	10100	买盘
09:43:18	10.1	--	10	10100	卖盘
09:43:12	10.1	--	6	6060	卖盘
09:43:03	10.1	--	6	6060	卖盘
09:42:48	10.1	-0.01	80	80800	卖盘
09:42:45	10.11	--	40	40440	卖盘
09:42:36	10.11	--	7	7077	卖盘
09:42:30	10.11	--	29	29319	卖盘
09:42:27	10.11	0.01	41	41451	卖盘
09:42:18	10.1	--	6	6060	买盘
09:42:09	10.1	-0.01	10	10100	卖盘
09:42:06	10.11	--	26	26286	买盘
09:42:03	10.11	-0.01	8	8088	卖盘
09:41:57	10.12	--	5	5060	买盘
09:41:54	10.12	-0.01	2	2023	买盘
09:41:51	10.13	0.01	20	20260	买盘
09:41:48	10.12	--	2	2023	卖盘
09:41:42	10.12	-0.01	8	8095	卖盘
09:41:36	10.13	--	50	50650	买盘
09:41:33	10.13	0.05	9	9117	买盘
09:41:30	10.08	-0.05	17	17136	卖盘
09:41:27	10.13	--	2	2026	买盘
09:41:24	10.13	--	70	70910	买盘
09:41:21	10.13	0.01	10	10130	买盘
09:41:18	10.12	-0.01	17	17204	卖盘
09:41:12	10.13	--	4	4052	买盘
09:40:57	10.13	--	1	1013	买盘
09:40:54	10.13	--	11	11143	卖盘
09:40:51	10.13	-0.01	150	151950	卖盘
09:40:45	10.14	-0.01	27	27378	卖盘
09:40:39	10.15	--	39	39585	买盘
09:40:36	10.15	--	13	13195	买盘
09:40:33	10.15	0.01	23	23345	买盘
09:40:30	10.14	-0.01	1	1014	卖盘
09:40:27	10.15	0.02	50	50750	买盘
09:40:21	10.13	0.03	69	69897	买盘
09:40:12	10.1	0.03	150	151500	买盘
09:40:03	10.07	0.02	36	36252	卖盘
09:40:00	10.05	--	12	12060	卖盘
09:39:57	10.05	-0.02	8	8040	卖盘
09:39:54	10.07	0.02	121	121847	买盘
09:39:45	10.05	--	25	25125	卖盘
09:39:42	10.05	--	26	26130	买盘
09:39:39	10.05	--	20	20100	买盘
09:39:36	10.05	--	5	5025	卖盘
09:39:33	10.05	0.01	41	41205	买盘
09:39:30	10.04	-0.01	1	1003	卖盘
09:39:24	10.05	0.02	3	3015	中性盘
09:39:09	10.03	-0.02	6	6018	卖盘
09:39:06	10.05	--	3	3015	卖盘
09:39:03	10.05	0.02	15	15075	买盘
09:39:00	10.03	--	13	13440	买盘
09:38:57	10.03	--	40	40120	买盘
09:38:54	10.03	--	5	5015	买盘
09:38:51	10.03	--	10	10030	买盘
09:38:48	10.03	-0.01	336	337609	卖盘
09:38:42	10.04	--	2	2007	卖盘
09:38:39	10.04	--	4	4015	卖盘
09:38:36	10.04	-0.01	26	26103	卖盘
09:38:33	10.05	--	7	7035	买盘
09:38:27	10.05	0.01	100	100500	买盘
09:38:24	10.04	0.01	26	26103	中性盘
09:38:21	10.03	-0.01	17	17051	卖盘
09:38:18	10.04	--	2	2007	卖盘
09:38:15	10.04	--	20	20080	卖盘
09:38:12	10.04	0.01	56	56625	买盘
09:38:09	10.03	--	101	101303	卖盘
09:38:03	10.03	-0.02	37	37712	卖盘
09:37:57	10.05	0.01	6	6030	买盘
09:37:51	10.04	--	52	52609	买盘
09:37:48	10.04	--	100	100399	买盘
09:37:45	10.04	--	141	141564	买盘
09:37:42	10.04	--	49	49195	买盘
09:37:39	10.04	0.01	98	98391	买盘
09:37:36	10.03	--	3	3009	卖盘
09:37:33	10.03	-0.01	45	45135	卖盘
09:37:30	10.04	0.01	30	30119	买盘
09:37:27	10.03	--	15	15044	卖盘
09:37:24	10.03	--	20	20060	卖盘
09:37:15	10.03	--	25	25075	卖盘
09:37:12	10.03	--	4	4011	卖盘
09:37:09	10.03	--	8	8023	卖盘
09:37:00	10.03	-0.01	6	6018	卖盘
09:36:54	10.04	--	37	37148	买盘
09:36:51	10.04	--	30	30119	买盘
09:36:48	10.04	--	10	10040	买盘
09:36:45	10.04	-0.01	160	160640	卖盘
09:36:39	10.05	--	15	15075	买盘
09:36:33	10.05	--	30	30150	买盘
09:36:30	10.05	-0.01	5	5025	买盘
09:36:27	10.06	-0.01	61	61366	卖盘
09:36:24	10.07	0.01	19	19133	中性盘
09:36:18	10.06	--	9	9054	卖盘
09:36:15	10.06	--	84	84504	卖盘
09:36:09	10.06	--	136	136816	卖盘
09:36:06	10.06	--	50	50300	卖盘
09:36:03	10.06	0.02	209	210254	买盘
09:36:00	10.04	-0.01	30	30119	卖盘
09:35:57	10.05	0.01	5	5025	买盘
09:35:54	10.04	--	37	37148	卖盘
09:35:51	10.04	--	253	254011	卖盘
09:35:45	10.04	--	50	50199	卖盘
09:35:42	10.04	-0.01	1	1003	卖盘
09:35:39	10.05	--	12	12060	买盘
09:35:36	10.05	--	5	5025	买盘
09:35:30	10.05	--	141	141705	卖盘
09:35:21	10.05	-0.03	201	202005	卖盘
09:35:18	10.08	0.01	95	95760	买盘
09:35:15	10.07	-0.01	62	62434	卖盘
09:35:12	10.08	0.03	10	10080	买盘
09:35:09	10.05	-0.03	7	7035	卖盘
09:35:03	10.08	0.01	80	80640	买盘
09:35:00	10.07	-0.01	1	1007	中性盘
09:34:48	10.08	0.03	5	5040	买盘
09:34:45	10.05	--	15	15075	买盘
09:34:39	10.05	-0.02	6	6030	卖盘
09:34:33	10.07	0.04	16	16112	买盘
09:34:27	10.03	0.01	55	55165	中性盘
09:34:21	10.02	-0.03	21	21042	卖盘
09:34:18	10.05	0.03	5	5025	买盘
09:34:12	10.02	-0.02	31	31062	卖盘
09:34:09	10.04	0.02	31	31123	买盘
09:34:06	10.02	-0.02	1	1002	卖盘
09:34:03	10.04	--	6	6023	买盘
09:34:00	10.04	0.02	21	21084	买盘
09:33:54	10.02	--	34	34068	买盘
09:33:51	10.02	0.01	25	25050	买盘
09:33:48	10.01	-0.01	239	239239	卖盘
09:33:45	10.02	0.01	77	77154	买盘
09:33:42	10.01	-0.01	152	152152	卖盘
09:33:39	10.02	--	49	49098	买盘
09:33:36	10.02	0.01	43	43086	买盘
09:33:33	10.01	--	35	35035	卖盘
09:33:27	10.01	-0.01	16	16016	卖盘
09:33:24	10.02	--	70	70140	卖盘
09:33:18	10.02	--	5	5010	卖盘
09:33:15	10.02	-0.02	9	9018	卖盘
09:33:12	10.04	0.03	20	20080	买盘
09:33:09	10.01	-0.04	15	15015	卖盘
09:33:03	10.05	0.04	30	30150	买盘
09:33:00	10.01	-0.04	507	507507	卖盘
09:32:54	10.05	-0.03	324	325620	卖盘
09:32:42	10.08	-0.01	69	69552	卖盘
09:32:39	10.09	0.01	288	290592	买盘
09:32:36	10.08	-0.01	42	42336	卖盘
09:32:33	10.09	--	5	5045	买盘
09:32:30	10.09	0.01	20	20180	买盘
09:32:27	10.08	--	113	113904	卖盘
09:32:24	10.08	-0.01	13	13104	卖盘
09:32:18	10.09	--	32	32288	卖盘
09:32:12	10.09	-0.01	78	78702	卖盘
09:32:06	10.1	--	20	20200	买盘
09:32:03	10.1	-0.01	146	147460	卖盘
09:32:00	10.11	0.01	16	16176	买盘
09:31:57	10.1	-0.01	70	70700	卖盘
09:31:51	10.11	--	43	43473	卖盘
09:31:45	10.11	--	37	37407	买盘
09:31:42	10.11	--	17	17187	卖盘
09:31:39	10.11	0.01	3	3033	中性盘
09:31:36	10.1	--	8	8080	卖盘
09:31:27	10.1	-0.01	28	28280	卖盘
09:31:24	10.11	--	21	21231	卖盘
09:31:15	10.11	0.01	50	50550	中性盘
09:31:12	10.1	-0.03	60	60600	卖盘
09:31:00	10.13	--	5	5065	买盘
09:30:57	10.13	--	21	21273	买盘
09:30:48	10.13	--	1	1013	买盘
09:30:33	10.13	--	3	3039	买盘
09:30:15	10.13	--	17	17221	买盘
09:30:09	10.13	0.02	261	264393	买盘
09:30:06	10.11	--	80	80880	买盘
09:30:03	10.11	-0.02	198	200178	卖盘
09:30:00	10.13	--	0	0	买盘
09:25:03	10.13	10.13	210	212730	买盘
