成交时间	成交价	价格变动	成交量(手)	成交额(元)	性质
15:00:03	13.42	0.01	356	478423	买盘
14:57:00	13.41	--	0	0	卖盘
14:56:54	13.41	-0.01	21	28161	卖盘
14:56:42	13.42	--	192	258335	卖盘
14:56:18	13.42	-0.01	29	38918	卖盘
14:56:06	13.43	--	10	13430	买盘
14:55:57	13.43	0.01	10	13430	买盘
14:55:54	13.42	--	5	6710	卖盘
14:55:33	13.42	--	2	2684	卖盘
14:55:24	13.42	--	9	12078	卖盘
14:55:06	13.42	--	5	6710	卖盘
14:55:03	13.42	-0.01	25	34221	卖盘
14:55:00	13.43	--	1	1343	买盘
14:54:51	13.43	--	8	10744	买盘
14:54:45	13.43	-0.01	26	34918	卖盘
14:54:39	13.44	0.01	1	1344	买盘
14:54:36	13.43	--	262	351866	买盘
14:54:33	13.43	--	10	13430	买盘
14:54:30	13.43	--	1	1343	买盘
14:54:18	13.43	--	7	9401	买盘
14:54:09	13.43	--	6	8058	买盘
14:54:00	13.43	0.01	1	1343	买盘
14:53:51	13.42	--	38	50996	卖盘
14:53:39	13.42	-0.01	12	16104	卖盘
14:53:18	13.43	--	1	1343	买盘
14:53:09	13.43	0.01	1	1343	买盘
14:52:54	13.42	-0.01	60	80520	卖盘
14:52:51	13.43	0.01	1	1343	买盘
14:52:45	13.42	-0.01	12	16104	卖盘
14:52:39	13.43	0.01	1	1343	买盘
14:52:27	13.42	-0.01	20	26840	卖盘
14:52:21	13.43	0.01	1	1343	买盘
14:52:00	13.42	--	1	1342	买盘
14:51:51	13.42	--	1	1342	买盘
14:51:36	13.42	--	1	1342	买盘
14:51:30	13.42	--	21	28182	买盘
14:51:09	13.42	--	1	1342	买盘
14:51:00	13.42	--	1	1342	买盘
14:50:57	13.42	--	13	17446	卖盘
14:50:48	13.42	-0.01	20	26840	卖盘
14:50:39	13.43	--	1	1343	买盘
14:50:30	13.43	--	1	1343	买盘
14:50:27	13.43	--	8	10744	买盘
14:50:24	13.43	--	5	6715	买盘
14:50:09	13.43	--	1	1343	买盘
14:49:51	13.43	--	1	1343	买盘
14:49:39	13.43	0.02	10	13430	买盘
14:49:36	13.41	-0.02	0	214	卖盘
14:49:21	13.43	0.02	1	1343	买盘
14:49:18	13.41	-0.02	84	112644	卖盘
14:49:12	13.43	0.01	30	40290	买盘
14:49:09	13.42	--	2	2684	买盘
14:48:57	13.42	-0.01	42	56364	卖盘
14:48:51	13.43	--	1	1343	买盘
14:48:48	13.43	0.01	1	1343	中性盘
14:48:45	13.42	-0.02	40	53680	卖盘
14:48:39	13.44	--	1	1344	买盘
14:48:30	13.44	--	1	1344	买盘
14:48:27	13.44	--	1	1344	买盘
14:48:21	13.44	--	84	112896	买盘
14:48:18	13.44	--	2	2688	买盘
14:48:12	13.44	--	20	26880	买盘
14:48:09	13.44	0.03	1	1344	买盘
14:48:06	13.41	-0.04	4	5591	卖盘
14:48:00	13.45	--	1	1345	买盘
14:47:57	13.45	0.04	1	1345	买盘
14:47:48	13.41	-0.04	84	112644	卖盘
14:47:42	13.45	--	50	67250	买盘
14:47:39	13.45	--	1	1345	买盘
14:47:36	13.45	--	2	2690	买盘
14:47:30	13.45	--	1	1345	买盘
14:47:27	13.45	0.04	1	1345	买盘
14:47:24	13.41	-0.01	83	111303	卖盘
14:47:21	13.42	-0.03	6	8052	卖盘
14:47:18	13.45	--	1	1345	买盘
14:47:09	13.45	0.02	1	1345	买盘
14:47:06	13.43	--	4	5372	卖盘
14:47:03	13.43	--	2	2686	买盘
14:47:00	13.43	--	1	1343	买盘
14:46:57	13.43	0.01	2	2686	买盘
14:46:48	13.42	--	13	17446	买盘
14:46:39	13.42	--	1	1342	买盘
14:46:36	13.42	--	11	14762	买盘
14:46:27	13.42	0.01	1	1342	买盘
14:46:24	13.41	--	26	34866	卖盘
14:46:21	13.41	--	85	114655	买盘
14:46:18	13.41	0.02	18	24138	买盘
14:46:15	13.39	-0.02	110	147290	卖盘
14:46:09	13.41	--	1	1341	买盘
14:46:06	13.41	--	5	6705	买盘
14:45:57	13.41	0.01	1	1341	买盘
14:45:48	13.4	--	1	1340	买盘
14:45:39	13.4	--	20	26800	买盘
14:45:36	13.4	0.01	2	2680	买盘
14:45:27	13.39	--	47	63562	买盘
14:45:21	13.39	--	1	1339	买盘
14:45:18	13.39	--	1	1339	买盘
14:45:15	13.39	--	1	1339	买盘
14:45:06	13.39	--	4	5356	买盘
14:45:03	13.39	--	10	13390	买盘
14:45:00	13.39	--	31	41509	买盘
14:44:57	13.39	0.01	16	21424	买盘
14:44:54	13.38	-0.01	17	22746	卖盘
14:44:48	13.39	--	3	4017	买盘
14:44:45	13.39	--	180	241020	卖盘
14:44:42	13.39	-0.01	10	13390	卖盘
14:44:36	13.4	0.01	1	1340	买盘
14:44:30	13.39	--	11	14729	买盘
14:44:27	13.39	0.01	1	1339	买盘
14:44:24	13.38	-0.01	0	669	卖盘
14:44:18	13.39	0.01	2	2678	买盘
14:44:12	13.38	--	83	111054	卖盘
14:44:09	13.38	-0.01	46	62217	卖盘
14:44:06	13.39	--	5	6695	买盘
14:44:00	13.39	--	1	1339	买盘
14:43:57	13.39	--	2	2678	买盘
14:43:54	13.39	--	63	84357	买盘
14:43:48	13.39	--	1	1339	买盘
14:43:42	13.39	--	10	13390	买盘
14:43:39	13.39	--	51	68289	买盘
14:43:33	13.39	--	10	13390	买盘
14:43:27	13.39	--	2	2678	买盘
14:43:24	13.39	--	20	26780	买盘
14:43:21	13.39	-0.01	251	336758	卖盘
14:43:18	13.4	--	1	1340	买盘
14:43:09	13.4	0.01	6	8040	买盘
14:43:06	13.39	-0.01	3	4017	卖盘
14:43:03	13.4	--	8	10720	买盘
14:42:57	13.4	--	1	1340	买盘
14:42:48	13.4	--	2	2680	买盘
14:42:36	13.4	--	1	1340	买盘
14:42:27	13.4	--	1	1340	买盘
14:42:18	13.4	0.01	1	1340	买盘
14:42:15	13.39	-0.02	9	12720	卖盘
14:42:09	13.41	0.02	7	9387	买盘
14:42:06	13.39	-0.02	3	4017	卖盘
14:42:03	13.41	--	4	5364	买盘
14:41:54	13.41	0.01	10	13410	买盘
14:41:51	13.4	-0.01	2	2680	卖盘
14:41:45	13.41	--	1	1341	买盘
14:41:36	13.41	--	1	1341	买盘
14:41:33	13.41	--	22	29502	买盘
14:41:27	13.41	--	2	2682	买盘
14:41:15	13.41	--	1	1341	买盘
14:41:06	13.41	--	4	5364	买盘
14:41:03	13.41	0.01	34	45594	买盘
14:40:57	13.4	--	1	1340	买盘
14:40:45	13.4	--	1	1340	买盘
14:40:42	13.4	-0.01	6	8040	卖盘
14:40:36	13.41	--	2	2682	买盘
14:40:33	13.41	--	22	29502	买盘
14:40:27	13.41	--	1	1341	买盘
14:40:18	13.41	0.01	1	1341	买盘
14:40:15	13.4	--	6	8040	卖盘
14:40:09	13.4	-0.01	12	16080	卖盘
14:40:06	13.41	--	4	5364	买盘
14:40:03	13.41	--	22	29502	买盘
14:40:00	13.41	--	8	10728	买盘
14:39:57	13.41	-0.01	2	2682	中性盘
14:39:48	13.42	--	1	1342	买盘
14:39:36	13.42	--	1	1342	买盘
14:39:33	13.42	--	22	29524	买盘
14:39:27	13.42	--	1	1342	买盘
14:39:15	13.42	--	2	2684	买盘
14:39:12	13.42	0.03	2	2684	买盘
14:39:09	13.39	-0.03	22	29458	卖盘
14:39:06	13.42	--	4	5368	买盘
14:39:00	13.42	--	2	2684	买盘
14:38:57	13.42	--	1	1342	买盘
14:38:51	13.42	--	2	2684	买盘
14:38:48	13.42	--	1	1342	买盘
14:38:42	13.42	--	2	2684	买盘
14:38:36	13.42	0.02	2	2684	买盘
14:38:33	13.4	-0.02	7	9380	卖盘
14:38:30	13.42	--	2	2684	买盘
14:38:27	13.42	--	1	1342	买盘
14:38:21	13.42	--	2	2684	买盘
14:38:18	13.42	--	1	1342	买盘
14:38:12	13.42	--	1	1342	买盘
14:38:06	13.42	--	4	5368	买盘
14:38:00	13.42	--	2	2684	买盘
14:37:57	13.42	--	2	2684	买盘
14:37:51	13.42	--	2	2684	买盘
14:37:48	13.42	--	1	1342	买盘
14:37:42	13.42	0.03	1	1342	买盘
14:37:39	13.39	-0.03	145	194155	卖盘
14:37:36	13.42	--	1	1342	买盘
14:37:33	13.42	--	2	2684	买盘
14:37:27	13.42	--	1	1342	买盘
14:37:18	13.42	--	2	2684	买盘
14:37:06	13.42	--	4	5368	买盘
14:37:00	13.42	--	1	1342	买盘
14:36:57	13.42	0.02	1	1342	买盘
14:36:48	13.4	-0.02	40	53600	卖盘
14:36:36	13.42	0.01	4	5368	买盘
14:36:27	13.41	0.01	2	2682	买盘
14:36:18	13.4	-0.01	57	76380	卖盘
14:36:06	13.41	--	4	5364	买盘
14:36:03	13.41	--	1	1341	买盘
14:36:00	13.41	-0.01	95	127395	卖盘
14:35:57	13.42	--	1	1342	买盘
14:35:45	13.42	--	2	2684	买盘
14:35:42	13.42	--	1	1342	买盘
14:35:36	13.42	--	1	1342	买盘
14:35:27	13.42	--	1	1342	买盘
14:35:21	13.42	--	1	1342	买盘
14:35:15	13.42	0.01	9	12078	买盘
14:35:06	13.41	-0.01	5	6705	卖盘
14:35:00	13.42	--	1	1342	买盘
14:34:57	13.42	--	1	1342	买盘
14:34:51	13.42	--	1	1342	买盘
14:34:48	13.42	-0.01	53	71797	卖盘
14:34:45	13.43	--	1	1343	买盘
14:34:36	13.43	--	1	1343	买盘
14:34:30	13.43	--	1	1343	买盘
14:34:27	13.43	--	2	2686	买盘
14:34:18	13.43	--	6	8058	买盘
14:34:15	13.43	--	1	1343	买盘
14:34:12	13.43	--	1	1343	买盘
14:34:06	13.43	0.01	4	5372	买盘
14:34:03	13.42	-0.01	19	25498	卖盘
14:34:00	13.43	--	1	1343	买盘
14:33:57	13.43	--	1	1343	买盘
14:33:51	13.43	--	1	1343	买盘
14:33:48	13.43	--	2	2686	买盘
14:33:45	13.43	--	9	12087	买盘
14:33:36	13.43	--	1	1343	买盘
14:33:33	13.43	--	2	2686	买盘
14:33:30	13.43	--	1	1343	买盘
14:33:27	13.43	--	1	1343	买盘
14:33:21	13.43	--	1	1343	买盘
14:33:15	13.43	--	1	1343	买盘
14:33:12	13.43	0.01	1	1343	买盘
14:33:06	13.42	-0.01	5	6710	卖盘
14:33:00	13.43	--	2	2686	买盘
14:32:57	13.43	--	1	1343	买盘
14:32:54	13.43	--	16	21488	买盘
14:32:51	13.43	--	1	1343	买盘
14:32:45	13.43	0.01	1	1343	买盘
14:32:42	13.42	--	12	16775	买盘
14:32:33	13.42	--	10	13420	买盘
14:32:30	13.42	0.02	1	1342	买盘
14:32:24	13.4	-0.02	3	4020	卖盘
14:32:12	13.42	0.02	1	1342	中性盘
14:32:06	13.4	-0.03	3	4020	卖盘
14:32:00	13.43	--	1	1343	买盘
14:31:51	13.43	--	1	1343	买盘
14:31:42	13.43	--	1	1343	买盘
14:31:39	13.43	0.01	10	13430	买盘
14:31:33	13.42	0.03	4	5368	买盘
14:31:09	13.39	--	36	48204	卖盘
14:31:06	13.39	-0.03	4	5356	卖盘
14:31:03	13.42	--	10	13420	买盘
14:30:42	13.42	0.03	1	1342	买盘
14:30:33	13.39	--	35	46865	卖盘
14:30:06	13.39	-0.04	2	2678	卖盘
14:30:00	13.43	0.01	1	1343	买盘
14:29:57	13.42	0.02	7	9394	买盘
14:29:51	13.4	-0.02	8	10720	卖盘
14:29:42	13.42	--	1	1342	买盘
14:29:33	13.42	--	1	1342	买盘
14:29:30	13.42	--	1	1342	买盘
14:29:24	13.42	--	1	1342	买盘
14:29:15	13.42	0.01	2	2684	买盘
14:29:06	13.41	-0.01	3	4023	卖盘
14:29:03	13.42	0.01	1	1342	买盘
14:28:57	13.41	--	7	9387	买盘
14:28:54	13.41	--	1	1341	买盘
14:28:51	13.41	--	1	1341	买盘
14:28:48	13.41	--	50	67050	买盘
14:28:45	13.41	0.01	1	1341	买盘
14:28:42	13.4	-0.01	8	10720	卖盘
14:28:39	13.41	--	1	1341	买盘
14:28:33	13.41	--	2	2682	买盘
14:28:24	13.41	0.01	1	1341	买盘
14:28:21	13.4	-0.01	14	18760	卖盘
14:28:15	13.41	0.02	1	1341	买盘
14:28:06	13.39	-0.02	3	4017	卖盘
14:28:03	13.41	--	1	1341	买盘
14:28:00	13.41	--	1	1341	买盘
14:27:54	13.41	--	2	2682	买盘
14:27:48	13.41	-0.01	15	20115	卖盘
14:27:42	13.42	--	1	1342	买盘
14:27:33	13.42	--	1	1342	买盘
14:27:30	13.42	0.01	1	1342	买盘
14:27:24	13.41	-0.01	6	8046	卖盘
14:27:15	13.42	0.01	2	2684	买盘
14:27:06	13.41	-0.01	3	4023	卖盘
14:27:03	13.42	0.01	1	1342	买盘
14:26:54	13.41	-0.01	3	4023	卖盘
14:26:42	13.42	--	1	1342	买盘
14:26:39	13.42	--	1	1342	买盘
14:26:33	13.42	--	2	2684	买盘
14:26:24	13.42	--	1	1342	买盘
14:26:12	13.42	0.03	1	1342	买盘
14:26:06	13.39	-0.03	3	4017	卖盘
14:26:03	13.42	--	10	13420	买盘
14:26:00	13.42	0.03	1	1342	买盘
14:25:57	13.39	-0.02	44	58916	卖盘
14:25:54	13.41	--	20	26820	买盘
14:25:45	13.41	--	6	8046	买盘
14:25:42	13.41	--	1	1341	买盘
14:25:33	13.41	--	1	1341	买盘
14:25:24	13.41	--	1	1341	买盘
14:25:21	13.41	--	1	1341	买盘
14:25:12	13.41	0.01	2	2682	买盘
14:25:09	13.4	0.01	1	1340	买盘
14:25:06	13.39	--	53	70967	买盘
14:25:03	13.39	--	7	9373	买盘
14:24:57	13.39	--	2	2678	买盘
14:24:54	13.39	--	1	1339	买盘
14:24:51	13.39	--	1	1339	买盘
14:24:42	13.39	--	1	1339	买盘
14:24:33	13.39	--	2	2678	买盘
14:24:30	13.39	0.01	1	1339	买盘
14:24:27	13.38	-0.01	3	4014	卖盘
14:24:24	13.39	0.01	1	1339	买盘
14:24:21	13.38	-0.01	33	44154	卖盘
14:24:12	13.39	--	2	2678	买盘
14:24:09	13.39	0.01	21	28119	买盘
14:24:06	13.38	-0.02	4	5352	卖盘
14:24:03	13.4	--	4	5360	买盘
14:24:00	13.4	0.01	1	1340	买盘
14:23:54	13.39	-0.01	19	25441	卖盘
14:23:51	13.4	0.01	1	1340	买盘
14:23:48	13.39	-0.01	70	93730	卖盘
14:23:42	13.4	0.01	2	2680	买盘
14:23:36	13.39	-0.01	4	5356	卖盘
14:23:33	13.4	-0.01	219	293460	卖盘
14:23:30	13.41	--	3	4023	买盘
14:23:27	13.41	--	10	13410	买盘
14:23:24	13.41	--	1	1341	买盘
14:23:15	13.41	0.01	2	2682	买盘
14:23:06	13.4	-0.01	3	4020	卖盘
14:23:03	13.41	--	1	1341	买盘
14:22:54	13.41	--	1	1341	买盘
14:22:48	13.41	--	50	67050	买盘
14:22:45	13.41	--	1	1341	买盘
14:22:39	13.41	--	1	1341	买盘
14:22:33	13.41	--	2	2682	买盘
14:22:30	13.41	--	16	21456	买盘
14:22:24	13.41	--	1	1341	买盘
14:22:15	13.41	--	5	6705	买盘
14:22:12	13.41	--	1	1341	买盘
14:22:09	13.41	0.01	1	1341	买盘
14:22:06	13.4	-0.01	32	42880	卖盘
14:22:03	13.41	--	1	1341	买盘
14:22:00	13.41	--	1	1341	买盘
14:21:54	13.41	--	2	2682	买盘
14:21:51	13.41	--	1	1341	买盘
14:21:42	13.41	--	41	54981	买盘
14:21:39	13.41	0.01	1	1341	买盘
14:21:36	13.4	-0.01	5	6700	卖盘
14:21:33	13.41	--	8	10728	买盘
14:21:24	13.41	--	1	1341	买盘
14:21:21	13.41	0.01	25	33525	买盘
14:21:12	13.4	-0.01	4	5360	卖盘
14:21:06	13.41	--	13	17433	买盘
14:21:03	13.41	--	1	1341	买盘
14:20:54	13.41	--	1	1341	买盘
14:20:51	13.41	--	55	73755	买盘
14:20:42	13.41	--	1	1341	买盘
14:20:36	13.41	-0.01	10	13410	买盘
14:20:33	13.42	0.02	2	2684	买盘
14:20:30	13.4	-0.02	74	99160	卖盘
14:20:24	13.42	0.01	1	1342	买盘
14:20:15	13.41	-0.01	7	9387	卖盘
14:20:12	13.42	0.01	1	1342	买盘
14:20:06	13.41	-0.01	2	2682	卖盘
14:20:03	13.42	--	1	1342	买盘
14:19:54	13.42	--	2	2684	买盘
14:19:42	13.42	0.01	1	1342	买盘
14:19:33	13.41	--	27	36207	卖盘
14:19:21	13.41	--	8	10728	买盘
14:19:12	13.41	--	2	2682	买盘
14:19:06	13.41	--	79	105939	买盘
14:19:03	13.41	--	1	1341	买盘
14:18:57	13.41	--	3	4023	买盘
14:18:54	13.41	--	1	1341	买盘
14:18:42	13.41	--	51	68391	买盘
14:18:33	13.41	--	2	2682	买盘
14:18:24	13.41	--	1	1341	买盘
14:18:15	13.41	--	3	4023	买盘
14:18:12	13.41	--	1	1341	买盘
14:18:09	13.41	0.01	6	8046	买盘
14:18:06	13.4	-0.01	3	4020	卖盘
14:18:03	13.41	-0.01	147	197127	卖盘
14:17:57	13.42	--	1	1342	买盘
14:17:54	13.42	--	2	2684	买盘
14:17:48	13.42	-0.01	157	210694	卖盘
14:17:42	13.43	0.01	1	1343	买盘
14:17:36	13.42	-0.01	9	12078	卖盘
14:17:33	13.43	--	1	1343	买盘
14:17:24	13.43	--	1	1343	买盘
14:17:12	13.43	0.01	2	2686	买盘
14:17:06	13.42	-0.01	1	1342	卖盘
14:17:03	13.43	--	1	1343	买盘
14:16:54	13.43	0.01	1	1343	买盘
14:16:45	13.42	-0.01	20	26840	卖盘
14:16:42	13.43	--	1	1343	买盘
14:16:39	13.43	--	7	9401	买盘
14:16:33	13.43	-0.02	2	2686	中性盘
14:16:21	13.45	0.03	1	1345	买盘
14:16:15	13.42	-0.02	20	26840	卖盘
14:16:12	13.44	0.01	1	1344	买盘
14:16:09	13.43	--	12	16116	卖盘
14:16:06	13.43	-0.02	1	1343	卖盘
14:16:03	13.45	--	1	1345	买盘
14:15:54	13.45	0.02	12	16140	买盘
14:15:48	13.43	--	0	671	买盘
14:15:45	13.43	--	20	26860	买盘
14:15:42	13.43	--	1	1343	买盘
14:15:36	13.43	--	3	4029	买盘
14:15:33	13.43	--	1	1343	买盘
14:15:24	13.43	--	1	1343	买盘
14:15:12	13.43	0.01	2	2686	买盘
14:15:06	13.42	-0.01	2	2684	卖盘
14:15:03	13.43	0.01	1	1343	买盘
14:14:51	13.42	-0.01	31	41602	卖盘
14:14:42	13.43	--	1	1343	买盘
14:14:36	13.43	--	10	13430	买盘
14:14:33	13.43	0.01	2	2686	买盘
14:14:30	13.42	-0.01	18	24156	卖盘
14:14:24	13.43	0.01	2	2686	买盘
14:14:21	13.42	-0.01	41	55022	卖盘
14:14:12	13.43	0.01	1	1343	买盘
14:14:09	13.42	--	1	1342	卖盘
14:14:06	13.42	-0.01	1	1342	卖盘
14:14:03	13.43	--	1	1343	买盘
14:14:00	13.43	--	52	69836	买盘
14:13:54	13.43	--	1	1343	买盘
14:13:51	13.43	--	2	2686	买盘
14:13:42	13.43	--	1	1343	买盘
14:13:33	13.43	--	1	1343	买盘
14:13:30	13.43	--	3	4029	买盘
14:13:21	13.43	--	1	1343	买盘
14:13:12	13.43	0.01	2	2686	买盘
14:13:09	13.42	--	1	1342	卖盘
14:13:06	13.42	-0.01	2	2684	卖盘
14:13:03	13.43	--	1	1343	买盘
14:12:48	13.43	0.01	4	5372	买盘
14:12:09	13.42	--	1	1342	卖盘
14:12:06	13.42	-0.01	1	1342	卖盘
14:11:54	13.43	0.01	10	13430	买盘
14:11:51	13.42	-0.01	10	13420	卖盘
14:11:30	13.43	0.01	14	18802	买盘
14:11:18	13.42	--	10	13420	卖盘
14:11:09	13.42	--	1	1342	卖盘
14:11:06	13.42	-0.01	2	2684	卖盘
14:10:27	13.43	0.01	24	32232	买盘
14:10:09	13.42	--	1	1342	卖盘
14:10:03	13.42	-0.01	1	1342	卖盘
14:10:00	13.43	-0.01	51	69164	卖盘
14:09:54	13.44	0.01	9	12768	买盘
14:09:24	13.43	0.01	35	47005	买盘
14:09:21	13.42	--	5	6710	卖盘
14:09:15	13.42	--	18	24156	卖盘
14:09:03	13.42	-0.01	4	5368	卖盘
14:08:42	13.43	--	1	1343	买盘
14:08:12	13.43	0.01	1	1343	买盘
14:08:09	13.42	--	1	1342	卖盘
14:08:03	13.42	-0.01	2	2684	卖盘
14:07:57	13.43	--	10	13430	卖盘
14:07:09	13.43	--	1	1343	卖盘
14:07:03	13.43	--	2	2686	卖盘
14:06:45	13.43	0.01	3	4029	中性盘
14:06:09	13.42	--	1	1342	卖盘
14:06:03	13.42	-0.01	1	1342	卖盘
14:05:57	13.43	--	1	2014	卖盘
14:05:27	13.43	-0.02	12	16116	卖盘
14:05:21	13.45	0.01	1	1345	买盘
14:05:18	13.44	0.01	5	6720	卖盘
14:05:09	13.43	-0.01	27	36261	卖盘
14:05:03	13.44	-0.01	1	1344	卖盘
14:04:57	13.45	--	23	30935	卖盘
14:04:42	13.45	--	4	5380	卖盘
14:04:33	13.45	--	9	12105	卖盘
14:04:30	13.45	0.01	35	47075	买盘
14:04:09	13.44	--	1	1344	卖盘
14:04:03	13.44	--	2	2688	卖盘
14:03:24	13.44	--	2	2688	卖盘
14:03:15	13.44	-0.01	1	1344	卖盘
14:03:09	13.45	0.01	9	12105	买盘
14:03:03	13.44	-0.01	1	1344	卖盘
14:02:36	13.45	0.01	20	26900	买盘
14:02:21	13.44	0.01	79	106176	买盘
14:02:09	13.43	-0.01	1	1343	卖盘
14:02:06	13.44	0.01	10	13440	买盘
14:02:03	13.43	-0.01	3	4029	卖盘
14:02:00	13.44	--	30	40320	买盘
14:01:54	13.44	0.01	2	2688	买盘
14:01:45	13.43	-0.01	9	12087	卖盘
14:01:36	13.44	--	1	1344	买盘
14:01:30	13.44	0.01	1	1344	买盘
14:01:21	13.43	--	9	12087	卖盘
14:01:09	13.43	-0.01	2	2686	卖盘
14:01:06	13.44	--	5	6720	买盘
14:00:42	13.44	--	8	10752	买盘
14:00:18	13.44	--	2	2688	买盘
14:00:15	13.44	--	5	6720	买盘
14:00:12	13.44	0.01	10	13440	买盘
14:00:09	13.43	--	1	1343	卖盘
14:00:03	13.43	-0.01	18	24174	卖盘
13:59:33	13.44	--	4	5376	买盘
13:59:27	13.44	0.01	116	155904	买盘
13:59:09	13.43	-0.01	1	1343	卖盘
13:58:51	13.44	--	53	71232	买盘
13:58:45	13.44	0.01	2	2688	买盘
13:58:36	13.43	--	10	13430	卖盘
13:58:33	13.43	-0.01	1	1343	卖盘
13:58:21	13.44	0.01	50	67200	买盘
13:58:09	13.43	--	2	2686	卖盘
13:57:15	13.43	0.01	37	49691	买盘
13:57:09	13.42	-0.01	2	2684	卖盘
13:56:24	13.43	0.01	10	13430	买盘
13:56:18	13.42	--	13	17446	卖盘
13:56:09	13.42	--	1	1342	卖盘
13:55:57	13.42	--	32	42944	买盘
13:55:33	13.42	0.01	5	6710	买盘
13:55:09	13.41	-0.01	2	2682	卖盘
13:55:03	13.42	--	11	14762	卖盘
13:54:33	13.42	--	34	45628	卖盘
13:54:09	13.42	--	1	1342	卖盘
13:54:06	13.42	-0.01	3	4026	卖盘
13:53:15	13.43	0.01	6	8058	买盘
13:53:09	13.42	--	2	2684	卖盘
13:52:51	13.42	--	16	21472	卖盘
13:52:33	13.42	--	10	13420	卖盘
13:52:21	13.42	0.01	69	92598	买盘
13:52:09	13.41	-0.01	3	4023	卖盘
13:52:03	13.42	--	1	1342	买盘
13:51:57	13.42	--	2	2684	买盘
13:51:54	13.42	--	5	6710	买盘
13:51:45	13.42	--	50	67100	买盘
13:51:18	13.42	--	20	26840	买盘
13:51:12	13.42	0.01	15	20130	买盘
13:51:09	13.41	-0.01	2	2682	卖盘
13:51:03	13.42	--	20	26840	买盘
13:50:57	13.42	0.01	100	134200	买盘
13:50:54	13.41	-0.01	10	13410	卖盘
13:50:39	13.42	--	29	38918	买盘
13:50:18	13.42	0.01	2	2684	买盘
13:50:09	13.41	-0.01	3	4023	卖盘
13:49:45	13.42	0.01	5	6710	买盘
13:49:27	13.41	-0.01	44	59004	卖盘
13:49:15	13.42	0.01	20	26840	买盘
13:49:09	13.41	--	2	2682	卖盘
13:48:45	13.41	--	6	8046	卖盘
13:48:09	13.41	--	3	4023	卖盘
13:47:57	13.41	--	18	24138	卖盘
13:47:51	13.41	-0.01	20	26820	卖盘
13:47:48	13.42	0.01	2	2684	买盘
13:47:09	13.41	--	1	1341	卖盘
13:47:06	13.41	--	7	9387	买盘
13:47:03	13.41	--	20	26820	买盘
13:46:54	13.41	--	2	2682	买盘
13:46:48	13.41	--	9	12069	卖盘
13:46:45	13.41	--	6	8046	买盘
13:46:36	13.41	--	1	1341	买盘
13:46:24	13.41	--	20	26820	卖盘
13:46:21	13.41	--	10	13410	卖盘
13:46:12	13.41	--	2	2682	卖盘
13:46:09	13.41	--	1	1341	卖盘
13:45:24	13.41	--	7	9387	卖盘
13:45:12	13.41	--	15	20115	卖盘
13:45:09	13.41	-0.01	1	1341	卖盘
13:45:03	13.42	--	2	2684	买盘
13:44:42	13.42	0.02	3	4026	买盘
13:44:30	13.4	--	10	13400	卖盘
13:44:27	13.4	0.01	3	4020	卖盘
13:44:21	13.39	-0.03	7	10042	卖盘
13:44:18	13.42	0.03	74	99308	买盘
13:44:09	13.39	--	1	1339	卖盘
13:43:57	13.39	--	5	6695	卖盘
13:43:33	13.39	--	31	41509	卖盘
13:43:09	13.39	--	2	2678	卖盘
13:43:03	13.39	-0.03	500	669500	卖盘
13:42:51	13.42	0.01	2	2684	买盘
13:42:48	13.41	--	4	5364	卖盘
13:42:42	13.41	--	5	6705	卖盘
13:42:21	13.41	--	21	28161	卖盘
13:42:09	13.41	-0.01	1	1341	卖盘
13:42:06	13.42	-0.01	66	88572	卖盘
13:41:36	13.43	--	5	6715	买盘
13:41:24	13.43	0.01	10	13430	买盘
13:41:12	13.42	--	14	18788	卖盘
13:41:09	13.42	-0.01	1	1342	卖盘
13:41:00	13.43	--	4	5372	中性盘
13:40:21	13.43	0.01	2	2686	买盘
13:40:09	13.42	--	1	1342	卖盘
13:39:57	13.42	--	2	2684	卖盘
13:39:51	13.42	-0.02	5	6710	卖盘
13:39:48	13.44	0.01	2	2688	买盘
13:39:39	13.43	0.01	9	12087	中性盘
13:39:15	13.42	0.01	5	6710	买盘
13:39:09	13.41	-0.03	1	1341	卖盘
13:38:57	13.44	0.01	1	1344	买盘
13:38:54	13.43	0.03	5	6715	中性盘
13:38:45	13.4	-0.04	1100	1474000	卖盘
13:38:15	13.44	0.01	5	6720	买盘
13:38:09	13.43	--	1	1343	卖盘
13:38:00	13.43	-0.01	2	2686	卖盘
13:37:57	13.44	0.01	1	1344	买盘
13:37:36	13.43	-0.01	5	6715	卖盘
13:37:18	13.44	--	5	6720	买盘
13:36:57	13.44	0.01	1	1344	买盘
13:36:39	13.43	--	5	6715	中性盘
13:36:15	13.43	0.01	2	2686	买盘
13:36:06	13.42	-0.02	1	1342	卖盘
13:35:57	13.44	0.02	1	1344	买盘
13:35:15	13.42	0.01	6	8052	买盘
13:35:12	13.41	--	3	4023	卖盘
13:35:00	13.41	-0.01	49	65709	卖盘
13:34:57	13.42	--	1	1342	买盘
13:34:45	13.42	-0.01	11	14762	卖盘
13:34:18	13.43	--	2	2686	买盘
13:34:15	13.43	--	1	1343	买盘
13:34:06	13.43	--	6	8058	买盘
13:33:57	13.43	0.01	1	1343	买盘
13:33:48	13.42	-0.01	105	140910	卖盘
13:33:18	13.43	--	26	34918	卖盘
13:33:06	13.43	--	2	2686	卖盘
13:33:03	13.43	--	51	68493	卖盘
13:32:06	13.43	-0.01	1	1343	卖盘
13:31:57	13.44	--	1	1344	买盘
13:31:51	13.44	--	14	18816	卖盘
13:31:48	13.44	-0.01	9	12096	卖盘
13:31:06	13.45	--	13	17485	买盘
13:30:57	13.45	0.01	1	1345	买盘
13:30:39	13.44	-0.01	10	13440	卖盘
13:30:33	13.45	--	21	28245	买盘
13:30:27	13.45	--	3	4035	买盘
13:30:18	13.45	--	10	13450	买盘
13:30:00	13.45	-0.01	24	32280	卖盘
13:29:57	13.46	0.01	1	1346	买盘
13:29:45	13.45	0.01	4	5380	买盘
13:29:33	13.44	0.01	30	40320	买盘
13:29:06	13.43	-0.01	1	1343	中性盘
13:28:57	13.44	0.03	6	8064	买盘
13:28:45	13.41	-0.03	500	670500	卖盘
13:28:42	13.44	0.02	30	40320	买盘
13:28:15	13.42	-0.02	510	684420	卖盘
13:28:12	13.44	0.01	10	13440	买盘
13:28:06	13.43	-0.01	1	1343	卖盘
13:28:00	13.44	--	5	6720	买盘
13:27:57	13.44	--	1	1344	买盘
13:27:54	13.44	--	4	5376	买盘
13:27:48	13.44	-0.01	208	279552	卖盘
13:27:45	13.45	--	3	4035	买盘
13:27:42	13.45	--	5	6725	卖盘
13:27:36	13.45	--	12	16140	买盘
13:27:33	13.45	--	1	1345	买盘
13:27:21	13.45	--	87	117015	卖盘
13:27:12	13.45	--	2	2690	卖盘
13:27:06	13.45	-0.02	1	1345	卖盘
13:27:00	13.47	0.02	30	40410	中性盘
13:26:57	13.45	-0.01	301	404845	卖盘
13:26:33	13.46	-0.01	200	269200	卖盘
13:26:21	13.47	--	14	18858	买盘
13:25:54	13.47	0.01	1	1347	中性盘
13:25:45	13.46	-0.01	38	51148	卖盘
13:25:36	13.47	--	6	8082	买盘
13:25:21	13.47	0.01	2	2694	买盘
13:25:06	13.46	-0.01	1	1346	卖盘
13:25:00	13.47	--	10	13470	买盘
13:24:54	13.47	0.01	1	1347	买盘
13:24:06	13.46	-0.01	21	28266	卖盘
13:23:54	13.47	0.01	1	1347	买盘
13:23:51	13.46	--	8	10768	卖盘
13:23:06	13.46	-0.01	13	17498	卖盘
13:23:03	13.47	0.01	3	4041	买盘
13:23:00	13.46	-0.01	123	165558	卖盘
13:22:54	13.47	0.01	1	1347	买盘
13:22:36	13.46	-0.01	3	4038	卖盘
13:22:27	13.47	0.01	5	6735	买盘
13:22:21	13.46	-0.01	20	26920	卖盘
13:21:54	13.47	--	1	1347	买盘
13:21:36	13.47	-0.01	21	28287	卖盘
13:21:33	13.48	0.01	1	1348	买盘
13:21:06	13.47	-0.01	1	1347	卖盘
13:20:54	13.48	0.01	1	1348	买盘
13:20:18	13.47	--	4	5388	卖盘
13:20:12	13.47	-0.01	5	6735	卖盘
13:19:54	13.48	0.01	1	1348	买盘
13:19:21	13.47	--	45	60615	卖盘
13:19:18	13.47	--	1	1347	卖盘
13:19:15	13.47	--	10	13470	卖盘
13:19:06	13.47	-0.01	14	18858	卖盘
13:18:54	13.48	0.01	1	1348	买盘
13:18:48	13.47	-0.01	1	1347	卖盘
13:17:54	13.48	--	1	1348	买盘
13:17:18	13.48	--	3	4044	卖盘
13:17:03	13.48	-0.01	10	13480	卖盘
13:16:54	13.49	0.01	1	1349	买盘
13:16:06	13.48	-0.01	51	68748	卖盘
13:15:54	13.49	--	1	1349	买盘
13:15:51	13.49	--	61	82289	买盘
13:15:39	13.49	--	19	25631	买盘
13:15:06	13.49	--	1	1349	买盘
13:14:54	13.49	--	1	1349	买盘
13:14:27	13.49	--	3	4047	买盘
13:13:54	13.49	0.01	1	1349	买盘
13:13:00	13.48	-0.01	6	8088	卖盘
13:12:54	13.49	0.01	1	1349	买盘
13:12:18	13.48	-0.01	2	2696	卖盘
13:11:51	13.49	-0.01	1	1349	中性盘
13:11:00	13.5	--	3	4050	买盘
13:09:51	13.5	0.03	3	4050	买盘
13:08:21	13.47	--	12	16164	中性盘
13:08:03	13.47	--	50	67350	买盘
13:07:33	13.47	--	50	67350	卖盘
13:07:15	13.47	--	123	165681	买盘
13:07:12	13.47	--	40	53880	买盘
13:07:09	13.47	--	37	49839	卖盘
13:06:54	13.47	-0.01	200	269400	卖盘
13:06:48	13.48	--	27	36396	买盘
13:06:45	13.48	--	5	6740	买盘
13:06:39	13.48	--	10	13480	买盘
13:06:33	13.48	--	1	1348	买盘
13:06:21	13.48	-0.01	57	76836	卖盘
13:06:06	13.49	0.01	52	70148	买盘
13:05:45	13.48	--	26	35048	买盘
13:05:42	13.48	-0.01	74	99752	卖盘
13:05:24	13.49	-0.01	148	199652	卖盘
13:05:15	13.5	--	16	21600	买盘
13:05:03	13.5	--	10	13500	买盘
13:04:45	13.5	--	74	99900	卖盘
13:04:15	13.5	--	200	270000	卖盘
13:04:12	13.5	0.01	466	629100	买盘
13:03:54	13.49	-0.01	9	12141	卖盘
13:03:27	13.5	--	10	13500	买盘
13:03:12	13.5	0.01	50	67500	买盘
13:03:06	13.49	-0.01	1	1349	中性盘
13:02:00	13.5	--	15	20250	买盘
13:01:33	13.5	0.02	10	13500	买盘
13:01:21	13.48	--	6	8088	卖盘
13:01:18	13.48	-0.02	11	14828	卖盘
13:00:06	13.5	0.01	17	22950	买盘
13:00:03	13.49	-0.01	47	63403	卖盘
13:00:00	13.5	--	0	0	买盘
11:30:00	13.5	--	0	0	买盘
11:29:24	13.5	--	1	1350	买盘
11:29:18	13.5	--	5	6750	买盘
11:29:12	13.5	--	500	675000	买盘
11:29:03	13.5	0.01	1	1350	买盘
11:28:33	13.49	--	15	20235	买盘
11:27:06	13.49	0.01	1	1349	买盘
11:27:03	13.48	--	1	1348	买盘
11:26:51	13.48	--	9	12132	买盘
11:25:45	13.48	-0.01	7	9436	卖盘
11:25:27	13.49	--	1	1349	买盘
11:24:54	13.49	-0.01	39	52611	卖盘
11:24:45	13.5	--	4	5400	买盘
11:24:21	13.5	--	1	1350	买盘
11:24:18	13.5	--	1	1350	买盘
11:23:36	13.5	--	3	4050	买盘
11:22:48	13.5	--	4	5400	买盘
11:22:30	13.5	--	10	13500	买盘
11:21:15	13.5	0.01	1	1350	买盘
11:21:03	13.49	0.01	49	66101	买盘
11:20:39	13.48	--	8	10784	卖盘
11:20:12	13.48	-0.01	30	40440	卖盘
11:20:06	13.49	--	12	16188	买盘
11:19:30	13.49	0.02	1	1349	买盘
11:18:33	13.47	--	1	1347	卖盘
11:18:24	13.47	--	11	14817	卖盘
11:17:48	13.47	-0.02	21	28287	卖盘
11:17:45	13.49	0.01	1	1349	买盘
11:17:30	13.48	--	4	5392	买盘
11:17:24	13.48	0.01	20	26960	买盘
11:17:12	13.47	--	7	9429	卖盘
11:16:30	13.47	-0.01	10	13470	卖盘
11:16:00	13.48	0.01	1	1348	中性盘
11:15:57	13.47	--	2	2694	卖盘
11:15:45	13.47	-0.01	15	20205	卖盘
11:14:48	13.48	--	11	14828	买盘
11:14:18	13.48	0.01	1	1348	买盘
11:14:15	13.47	--	117	157599	买盘
11:14:12	13.47	--	8	10776	买盘
11:14:06	13.47	--	10	13470	买盘
11:13:45	13.47	-0.01	20	26940	卖盘
11:13:33	13.48	0.01	217	292516	买盘
11:13:06	13.47	0.01	15	20205	买盘
11:12:48	13.46	-0.01	1	1346	卖盘
11:12:36	13.47	0.01	2	2694	买盘
11:12:33	13.46	--	11	14806	卖盘
11:12:21	13.46	-0.01	2	2692	卖盘
11:12:15	13.47	--	12	16164	卖盘
11:11:54	13.47	--	13	17511	买盘
11:11:42	13.47	-0.01	17	22899	中性盘
11:11:03	13.48	0.01	50	67400	买盘
11:10:51	13.47	-0.01	2	2694	卖盘
11:10:48	13.48	--	1	1348	买盘
11:10:15	13.48	0.01	38	51224	买盘
11:10:12	13.47	--	2	2694	卖盘
11:10:09	13.47	--	73	98331	卖盘
11:10:06	13.47	--	3	4041	卖盘
11:10:00	13.47	-0.01	20	26940	卖盘
11:09:51	13.48	--	10	13480	买盘
11:09:27	13.48	--	103	138844	卖盘
11:09:06	13.48	-0.01	20	26960	卖盘
11:09:03	13.49	--	1	1349	买盘
11:07:21	13.49	0.01	11	14839	买盘
11:07:09	13.48	--	58	78184	买盘
11:06:54	13.48	0.01	50	67400	买盘
11:06:51	13.47	--	14	18858	买盘
11:06:48	13.47	--	2	2694	卖盘
11:06:27	13.47	--	2	2694	买盘
11:06:03	13.47	0.01	1	1347	买盘
11:05:33	13.46	--	126	169596	买盘
11:05:21	13.46	--	10	13460	买盘
11:04:39	13.46	--	20	26920	买盘
11:04:36	13.46	0.01	1	1346	中性盘
11:03:51	13.45	0.01	1	1345	买盘
11:03:36	13.44	--	4	5376	买盘
11:03:33	13.44	--	1	1344	买盘
11:03:27	13.44	--	7	9408	买盘
11:03:12	13.44	--	8	10752	卖盘
11:02:39	13.44	-0.01	18	24192	卖盘
11:02:09	13.45	--	1	1345	买盘
11:02:06	13.45	-0.02	1	1345	中性盘
11:00:36	13.47	0.05	7	9429	中性盘
10:59:06	13.42	0.01	12	16104	中性盘
10:58:54	13.41	-0.07	16	21456	卖盘
10:58:45	13.48	-0.01	1	1348	买盘
10:58:27	13.49	0.08	1	1349	买盘
10:58:12	13.41	-0.05	1050	1408050	卖盘
10:58:06	13.46	--	11	15115	卖盘
10:57:51	13.46	0.02	0	282	买盘
10:57:45	13.44	--	20	26880	卖盘
10:57:12	13.44	-0.05	30	40320	卖盘
10:56:57	13.49	--	12	16188	买盘
10:56:45	13.49	--	82	110618	买盘
10:56:27	13.49	0.06	65	87685	买盘
10:55:27	13.43	--	34	45662	卖盘
10:55:15	13.43	--	6	8058	卖盘
10:55:09	13.43	-0.01	43	57749	卖盘
10:55:06	13.44	--	10	13440	买盘
10:55:00	13.44	--	1	1344	买盘
10:54:51	13.44	--	197	264768	卖盘
10:54:36	13.44	-0.02	25	33600	卖盘
10:54:21	13.46	0.04	17	22882	中性盘
10:53:42	13.42	-0.03	698	936716	卖盘
10:53:30	13.45	--	18	24210	卖盘
10:53:27	13.45	-0.04	26	34970	卖盘
10:53:15	13.49	0.01	1	1349	买盘
10:53:12	13.48	--	23	31004	卖盘
10:52:57	13.48	--	10	13480	卖盘
10:52:51	13.48	--	0	1199	买盘
10:52:42	13.48	--	4	5540	卖盘
10:52:39	13.48	--	22	29656	卖盘
10:52:03	13.48	--	23	31004	卖盘
10:51:45	13.48	-0.01	16	21568	卖盘
10:51:39	13.49	0.01	137	184813	中性盘
10:51:30	13.48	-0.01	30	40965	卖盘
10:51:27	13.49	-0.01	100	134900	卖盘
10:51:18	13.5	0.02	3	4050	买盘
10:51:03	13.48	-0.01	28	37744	卖盘
10:51:00	13.49	-0.02	80	107920	中性盘
10:50:27	13.51	0.03	1	1351	买盘
10:50:00	13.48	--	29	39092	卖盘
10:49:57	13.48	-0.02	86	115928	卖盘
10:49:54	13.5	0.02	338	456300	买盘
10:49:48	13.48	-0.02	39	52572	卖盘
10:49:45	13.5	0.01	100	135000	买盘
10:49:42	13.49	0.01	13	17537	买盘
10:49:36	13.48	--	21	28308	卖盘
10:49:33	13.48	--	63	84924	卖盘
10:49:30	13.48	0.02	286	386202	买盘
10:49:27	13.46	0.01	100	134600	买盘
10:49:21	13.45	0.03	15	20175	买盘
10:49:15	13.42	0.01	4	5368	中性盘
10:48:30	13.41	-0.01	16	21456	买盘
10:48:24	13.42	0.02	4	5368	卖盘
10:48:21	13.4	--	57	76380	卖盘
10:48:00	13.4	--	19	25460	卖盘
10:47:57	13.4	--	57	76380	卖盘
10:47:54	13.4	-0.01	213	285420	卖盘
10:47:51	13.41	0.01	10	13410	中性盘
10:47:48	13.4	-0.05	892	1195280	卖盘
10:47:45	13.45	--	13	17485	买盘
10:47:42	13.45	--	7	9415	买盘
10:47:21	13.45	--	5	6725	买盘
10:47:06	13.45	--	1	1345	买盘
10:46:33	13.45	0.01	10	13450	买盘
10:46:27	13.44	-0.01	2	2688	卖盘
10:46:15	13.45	0.02	1	1345	买盘
10:45:45	13.43	-0.02	28	37604	卖盘
10:45:42	13.45	--	85	114325	买盘
10:45:39	13.45	-0.03	279	375255	卖盘
10:45:06	13.48	--	5	6740	买盘
10:44:45	13.48	0.03	10	13480	买盘
10:44:33	13.45	--	41	55145	卖盘
10:44:30	13.45	-0.03	119	160055	卖盘
10:44:06	13.48	0.03	1	1348	买盘
10:43:06	13.45	-0.02	11	14795	卖盘
10:43:03	13.47	0.02	28	37716	中性盘
10:42:33	13.45	--	3	4035	卖盘
10:42:15	13.45	-0.01	26	34970	卖盘
10:42:12	13.46	-0.02	77	103642	卖盘
10:42:09	13.48	--	300	404400	买盘
10:41:21	13.48	0.01	2	2696	买盘
10:41:15	13.47	--	17	22899	卖盘
10:41:12	13.47	--	32	43104	买盘
10:41:00	13.47	--	1	1347	买盘
10:40:42	13.47	0.01	7	9429	买盘
10:40:30	13.46	0.01	10	13460	中性盘
10:40:18	13.45	-0.02	25	33625	卖盘
10:40:15	13.47	0.01	87	117189	买盘
10:40:12	13.46	--	20	26920	卖盘
10:39:45	13.46	-0.01	6	8076	卖盘
10:39:27	13.47	0.02	4	5388	买盘
10:39:09	13.45	--	5	6725	卖盘
10:39:00	13.45	--	1	1345	卖盘
10:38:54	13.45	--	2	2690	卖盘
10:38:51	13.45	--	11	14795	卖盘
10:38:48	13.45	--	30	40350	卖盘
10:38:45	13.45	-0.01	10	13450	卖盘
10:38:42	13.46	--	10	13460	买盘
10:38:27	13.46	--	10	13460	买盘
10:38:24	13.46	0.01	10	13460	卖盘
10:38:18	13.45	-0.01	12	16140	卖盘
10:38:15	13.46	0.01	7	9422	买盘
10:38:12	13.45	--	21	28245	卖盘
10:37:54	13.45	-0.01	19	25555	卖盘
10:37:51	13.46	--	30	40380	卖盘
10:37:42	13.46	--	44	59224	卖盘
10:37:39	13.46	-0.01	120	161520	卖盘
10:37:30	13.47	0.01	1	1347	买盘
10:37:21	13.46	--	10	13460	卖盘
10:37:12	13.46	--	42	56532	卖盘
10:37:09	13.46	-0.01	100	134600	卖盘
10:36:33	13.47	--	10	13470	买盘
10:36:21	13.47	0.01	2	2694	买盘
10:36:18	13.46	-0.01	8	10768	卖盘
10:36:12	13.47	0.01	1	1347	中性盘
10:35:18	13.46	--	26	34996	卖盘
10:35:15	13.46	-0.01	50	67300	卖盘
10:34:39	13.47	--	10	13470	中性盘
10:34:24	13.47	-0.01	1	1347	卖盘
10:34:18	13.48	0.01	1	1348	买盘
10:33:39	13.47	--	4	5388	买盘
10:33:36	13.47	--	6	8082	卖盘
10:33:18	13.47	0.01	6	8082	中性盘
10:33:03	13.46	--	19	25574	卖盘
10:33:00	13.46	-0.01	50	67300	卖盘
10:32:57	13.47	0.01	26	35022	买盘
10:32:54	13.46	-0.01	59	79414	卖盘
10:32:48	13.47	0.01	10	13470	买盘
10:32:42	13.46	--	11	14806	卖盘
10:32:39	13.46	-0.01	30	40380	卖盘
10:32:36	13.47	--	121	162987	卖盘
10:32:27	13.47	--	22	29634	卖盘
10:32:24	13.47	-0.01	60	80820	卖盘
10:32:15	13.48	--	1	1348	买盘
10:32:03	13.48	0.01	2	2696	买盘
10:31:42	13.47	--	11	14817	卖盘
10:31:39	13.47	-0.01	30	40410	卖盘
10:31:36	13.48	0.01	100	134800	买盘
10:31:15	13.47	--	20	26940	卖盘
10:30:54	13.47	--	22	29634	卖盘
10:30:51	13.47	-0.01	65	87555	卖盘
10:30:48	13.48	--	252	339696	卖盘
10:30:36	13.48	-0.01	12	16176	卖盘
10:30:33	13.49	--	12	16188	买盘
10:30:30	13.49	0.01	1	1349	买盘
10:30:24	13.48	-0.01	1	1348	卖盘
10:30:12	13.49	--	1	1349	买盘
10:30:03	13.49	--	1	1349	卖盘
10:30:00	13.49	--	4	5396	买盘
10:29:54	13.49	--	9	12141	卖盘
10:29:18	13.49	--	31	41819	卖盘
10:29:15	13.49	-0.01	76	102524	卖盘
10:29:12	13.5	0.01	290	391500	买盘
10:28:48	13.49	--	5	6745	买盘
10:28:45	13.49	0.01	1	1349	买盘
10:28:27	13.48	-0.01	20	26960	卖盘
10:28:24	13.49	--	58	78242	买盘
10:28:21	13.49	--	125	168625	卖盘
10:28:00	13.49	-0.01	25	33725	卖盘
10:27:57	13.5	0.01	100	135000	买盘
10:27:54	13.49	--	11	14839	卖盘
10:27:51	13.49	--	30	40470	卖盘
10:27:48	13.49	--	12	16188	卖盘
10:27:45	13.49	-0.01	20	26980	卖盘
10:27:42	13.5	0.01	5	6750	买盘
10:27:27	13.49	--	11	14839	卖盘
10:27:03	13.49	-0.01	14	18886	卖盘
10:27:00	13.5	0.01	21	28350	买盘
10:26:51	13.49	--	19	25631	卖盘
10:26:48	13.49	-0.01	77	103873	卖盘
10:26:45	13.5	--	252	340200	买盘
10:26:30	13.5	0.01	10	13500	买盘
10:26:06	13.49	-0.01	17	22933	卖盘
10:26:03	13.5	--	34	45900	卖盘
10:25:54	13.5	0.01	16	21600	卖盘
10:25:51	13.49	-0.01	61	82289	卖盘
10:25:48	13.5	0.01	230	310500	买盘
10:25:24	13.49	-0.01	21	28329	卖盘
10:25:21	13.5	--	30	40500	买盘
10:25:15	13.5	--	1	1350	买盘
10:25:06	13.5	--	12	16200	买盘
10:25:03	13.5	--	2	2700	买盘
10:25:00	13.5	--	3	4050	买盘
10:24:39	13.5	0.02	1	1350	买盘
10:24:18	13.48	--	22	29656	卖盘
10:24:15	13.48	-0.01	65	88294	卖盘
10:24:03	13.49	0.01	2	2698	中性盘
10:23:12	13.48	--	17	22916	卖盘
10:23:09	13.48	-0.01	64	86272	卖盘
10:22:36	13.49	--	12	16188	卖盘
10:22:33	13.49	--	19	25631	卖盘
10:22:27	13.49	--	3	4047	卖盘
10:22:03	13.49	--	13	17537	卖盘
10:22:00	13.49	0.01	33	44517	买盘
10:21:51	13.48	-0.01	17	22916	卖盘
10:21:48	13.49	-0.01	52	70148	卖盘
10:21:45	13.5	0.01	1	1350	买盘
10:21:18	13.49	-0.01	17	22933	卖盘
10:21:15	13.5	0.01	50	67500	买盘
10:20:45	13.49	-0.01	14	18886	卖盘
10:20:42	13.5	--	34	45900	买盘
10:20:39	13.5	--	1	1350	买盘
10:20:30	13.5	--	2	2700	买盘
10:20:24	13.5	0.01	5	6750	买盘
10:20:15	13.49	--	14	18886	卖盘
10:20:12	13.49	0.01	28	37772	买盘
10:20:09	13.48	--	27	36396	卖盘
10:20:06	13.48	-0.02	82	110536	卖盘
10:20:00	13.5	--	1	1350	买盘
10:19:21	13.5	0.02	5	6750	买盘
10:18:48	13.48	-0.02	16	21568	卖盘
10:18:45	13.5	0.02	39	52650	买盘
10:18:12	13.48	-0.02	25	33700	卖盘
10:18:09	13.5	0.01	74	99900	买盘
10:17:42	13.49	--	24	32376	卖盘
10:17:39	13.49	--	5	6745	买盘
10:17:33	13.49	0.01	3	4047	买盘
10:17:30	13.48	-0.01	7	10110	卖盘
10:17:24	13.49	--	1	1349	买盘
10:17:18	13.49	--	10	13490	买盘
10:17:12	13.49	--	13	17537	买盘
10:17:09	13.49	0.01	10	13490	中性盘
10:17:03	13.48	--	7	9436	卖盘
10:16:48	13.48	--	29	39092	卖盘
10:16:45	13.48	-0.02	82	110536	卖盘
10:16:30	13.5	0.01	1	1350	买盘
10:16:15	13.49	--	13	17537	买盘
10:16:09	13.49	0.01	7	9443	中性盘
10:16:06	13.48	-0.01	11	14828	卖盘
10:16:03	13.49	0.01	7	9443	中性盘
10:15:54	13.48	-0.01	5	6740	卖盘
10:15:48	13.49	-0.01	1	1349	卖盘
10:15:42	13.5	0.01	20	27000	买盘
10:15:30	13.49	--	11	14839	卖盘
10:15:27	13.49	-0.01	10	13490	卖盘
10:15:15	13.5	0.02	1	1350	买盘
10:14:54	13.48	-0.02	32	43136	卖盘
10:14:51	13.5	0.01	100	135000	买盘
10:14:48	13.49	-0.01	27	36423	卖盘
10:14:45	13.5	--	82	110700	买盘
10:14:42	13.5	0.01	2	2700	买盘
10:14:33	13.49	-0.01	2	2698	卖盘
10:14:30	13.5	0.01	4	5400	买盘
10:14:21	13.49	-0.01	13	17537	卖盘
10:14:18	13.5	0.01	30	40500	买盘
10:13:54	13.49	--	23	31027	卖盘
10:13:51	13.49	--	75	101175	卖盘
10:13:45	13.49	--	3	4047	卖盘
10:13:21	13.49	--	3	4047	卖盘
10:13:03	13.49	-0.01	10	13490	卖盘
10:13:00	13.5	0.01	6	8100	买盘
10:12:48	13.49	-0.01	31	41819	卖盘
10:12:45	13.5	--	103	139050	买盘
10:12:27	13.5	--	5	6750	买盘
10:12:21	13.5	--	1	1350	买盘
10:12:00	13.5	0.01	8	10800	买盘
10:11:57	13.49	-0.01	7	9443	卖盘
10:11:54	13.5	--	28	37800	买盘
10:11:15	13.5	0.01	1	1350	买盘
10:10:51	13.49	-0.01	2	2698	卖盘
10:10:48	13.5	--	86	116100	卖盘
10:10:45	13.5	--	10	13500	卖盘
10:10:39	13.5	--	42	56700	买盘
10:10:36	13.5	--	1	1350	买盘
10:10:30	13.5	0.01	30	40500	买盘
10:10:24	13.49	--	8	10792	卖盘
10:10:21	13.49	-0.01	3	4047	卖盘
10:09:57	13.5	--	130	175500	买盘
10:09:39	13.5	0.01	7	9450	买盘
10:09:33	13.49	-0.01	15	20235	卖盘
10:09:30	13.5	--	1	1350	买盘
10:09:21	13.5	-0.01	6	8100	卖盘
10:09:06	13.51	0.01	1	1351	买盘
10:08:48	13.5	0.01	9	12150	买盘
10:08:39	13.49	-0.01	204	275196	卖盘
10:08:18	13.5	--	20	27000	买盘
10:08:06	13.5	--	10	13500	买盘
10:08:03	13.5	--	49	66150	买盘
10:08:00	13.5	-0.04	41	55350	中性盘
10:07:42	13.54	0.05	10	13540	买盘
10:07:39	13.49	--	1	1349	卖盘
10:07:33	13.49	-0.01	13	17537	卖盘
10:07:21	13.5	0.01	534	720900	买盘
10:07:18	13.49	-0.01	3	4047	卖盘
10:07:03	13.5	--	1	1350	买盘
10:07:00	13.5	--	30	40500	买盘
10:06:42	13.5	--	3	4050	买盘
10:06:00	13.5	--	1	1350	买盘
10:05:54	13.5	--	5	6750	买盘
10:05:30	13.5	--	10	13500	买盘
10:04:54	13.5	--	20	27000	买盘
10:04:27	13.5	--	10	13500	买盘
10:04:15	13.5	--	2	2700	买盘
10:03:48	13.5	--	10	13500	买盘
10:03:42	13.5	--	52	70200	买盘
10:03:36	13.5	0.01	23	31050	买盘
10:03:27	13.49	-0.01	10	13490	卖盘
10:03:03	13.5	--	2	2700	买盘
10:02:57	13.5	--	25	33750	买盘
10:02:48	13.5	--	30	40500	买盘
10:02:30	13.5	-0.04	49	66150	卖盘
10:02:15	13.54	--	10	13540	买盘
10:01:33	13.54	-0.01	30	40620	卖盘
10:01:30	13.55	0.01	10	13550	买盘
10:01:27	13.54	-0.01	10	13540	卖盘
10:01:18	13.55	--	5	6775	卖盘
10:01:00	13.55	--	10	13550	卖盘
10:00:39	13.55	0.01	2	2710	买盘
10:00:33	13.54	--	30	40620	卖盘
10:00:27	13.54	0.04	30	40620	买盘
10:00:06	13.5	--	10	13500	买盘
10:00:00	13.5	--	14	18900	买盘
09:59:54	13.5	0.01	3	4050	买盘
09:59:51	13.49	-0.01	1	1349	卖盘
09:59:42	13.5	--	13	17550	卖盘
09:59:39	13.5	0.01	7	9450	中性盘
09:59:27	13.49	-0.01	10	13490	卖盘
09:59:24	13.5	--	12	16875	买盘
09:59:06	13.5	--	151	204525	卖盘
09:59:00	13.5	--	100	135000	卖盘
09:58:30	13.5	-0.01	82	110700	卖盘
09:58:00	13.51	--	6	8106	买盘
09:57:42	13.51	-0.02	76	102676	卖盘
09:57:39	13.53	0.01	6	8118	买盘
09:56:57	13.52	--	13	17576	买盘
09:56:42	13.52	--	5	6760	买盘
09:56:27	13.52	0.01	2	2704	买盘
09:56:24	13.51	--	3	4053	卖盘
09:55:36	13.51	-0.01	25	33775	卖盘
09:55:33	13.52	--	3	4056	买盘
09:55:30	13.52	0.02	10	13520	买盘
09:54:36	13.5	--	60	81000	卖盘
09:53:51	13.5	--	82	111375	买盘
09:53:45	13.5	--	5	6750	买盘
09:53:27	13.5	--	1	1350	买盘
09:53:18	13.5	-0.02	360	486000	卖盘
09:52:45	13.52	--	36	48672	卖盘
09:52:42	13.52	-0.01	28	37856	卖盘
09:52:24	13.53	0.01	1	1353	买盘
09:52:12	13.52	-0.01	7	9464	卖盘
09:52:09	13.53	--	31	41943	买盘
09:52:03	13.53	--	5	6765	买盘
09:52:00	13.53	--	1	1353	买盘
09:51:57	13.53	-0.03	113	152889	卖盘
09:51:51	13.56	-0.01	2	2712	卖盘
09:51:45	13.57	-0.01	2	3392	卖盘
09:51:42	13.58	0.01	10	13580	买盘
09:51:21	13.57	--	3	4071	卖盘
09:51:15	13.57	--	39	52923	卖盘
09:51:00	13.57	--	7	9499	卖盘
09:50:48	13.57	-0.01	1	1357	卖盘
09:50:15	13.58	0.01	1	1358	买盘
09:49:51	13.57	--	1	1357	卖盘
09:49:48	13.57	--	15	20355	卖盘
09:49:15	13.57	--	8	10856	卖盘
09:48:48	13.57	--	7	10177	买盘
09:48:33	13.57	0.02	7	9499	买盘
09:48:30	13.55	--	2	2710	卖盘
09:48:12	13.55	--	20	27100	卖盘
09:47:51	13.55	--	4	5420	卖盘
09:47:42	13.55	--	1	1355	卖盘
09:47:24	13.55	--	5	6775	卖盘
09:46:48	13.55	-0.01	3	4065	卖盘
09:46:45	13.56	0.01	1	1356	买盘
09:46:36	13.55	--	23	31165	买盘
09:46:33	13.55	0.01	6	8130	买盘
09:46:30	13.54	-0.01	28	37912	卖盘
09:46:15	13.55	--	4	5420	买盘
09:46:12	13.55	-0.01	8	10840	卖盘
09:46:00	13.56	--	10	13560	买盘
09:45:51	13.56	--	23	31188	卖盘
09:45:42	13.56	--	29	39324	买盘
09:45:27	13.56	0.01	15	20340	买盘
09:45:24	13.55	--	3	4065	买盘
09:45:21	13.55	--	83	112465	卖盘
09:45:15	13.55	--	3	4065	卖盘
09:45:03	13.55	-0.01	3	4065	卖盘
09:45:00	13.56	--	1	1356	买盘
09:44:54	13.56	0.01	12	16272	买盘
09:44:48	13.55	-0.01	2	2710	卖盘
09:44:39	13.56	0.01	2	2712	买盘
09:44:18	13.55	--	8	10840	买盘
09:44:09	13.55	0.01	13	17615	买盘
09:44:03	13.54	0.01	21	28434	买盘
09:43:51	13.53	--	4	5412	卖盘
09:43:27	13.53	--	36	48708	买盘
09:43:15	13.53	--	16	21648	买盘
09:43:12	13.53	0.01	15	20295	买盘
09:43:09	13.52	-0.01	2	2704	卖盘
09:43:00	13.53	--	33	44649	卖盘
09:42:45	13.53	-0.01	40	54120	卖盘
09:42:12	13.54	--	20	27080	买盘
09:41:45	13.54	--	1	1354	买盘
09:41:42	13.54	--	11	14893	买盘
09:41:33	13.54	-0.01	11	14893	卖盘
09:41:30	13.55	0.01	1	1355	买盘
09:41:18	13.54	-0.01	15	20310	卖盘
09:40:57	13.55	-0.01	5	6775	买盘
09:40:48	13.56	-0.03	1	1356	卖盘
09:40:21	13.59	--	10	13590	卖盘
09:40:15	13.59	--	5	6795	卖盘
09:40:09	13.59	-0.01	5	6795	卖盘
09:40:03	13.6	0.01	1	1360	买盘
09:40:00	13.59	--	35	47565	卖盘
09:39:57	13.59	--	7	9513	卖盘
09:39:54	13.59	--	28	38052	卖盘
09:39:45	13.59	0.05	12	16308	买盘
09:39:42	13.54	-0.05	22	29787	卖盘
09:39:24	13.59	--	5	6795	买盘
09:39:18	13.59	--	5	6795	卖盘
09:39:15	13.59	-0.01	5	6795	卖盘
09:39:12	13.6	0.01	5	6800	买盘
09:39:03	13.59	0.06	20	27180	买盘
09:38:48	13.53	-0.02	70	94710	卖盘
09:38:42	13.55	--	13	17615	买盘
09:38:36	13.55	--	2	2710	买盘
09:38:27	13.55	--	10	13550	买盘
09:38:15	13.55	0.02	11	14905	买盘
09:38:06	13.53	--	6	8118	卖盘
09:37:57	13.53	--	2	2706	买盘
09:37:54	13.53	--	9	12177	买盘
09:37:48	13.53	--	4	5412	买盘
09:37:45	13.53	--	12	16236	中性盘
09:37:42	13.53	0.01	5	6765	中性盘
09:37:21	13.52	-0.01	27	36504	卖盘
09:37:18	13.53	--	6	8118	买盘
09:37:09	13.53	0.01	1	1353	买盘
09:37:06	13.52	-0.01	9	12168	中性盘
09:36:54	13.53	--	3	4059	买盘
09:36:51	13.53	--	31	41943	买盘
09:36:45	13.53	-0.02	6	8118	卖盘
09:36:21	13.55	-0.04	49	66395	卖盘
09:36:18	13.59	--	1	1359	买盘
09:36:15	13.59	-0.01	30	40770	卖盘
09:35:24	13.6	-0.01	15	20400	卖盘
09:35:12	13.61	0.01	25	34025	买盘
09:34:48	13.6	--	10	13600	卖盘
09:34:39	13.6	--	5	6800	卖盘
09:34:30	13.6	-0.02	1	1360	中性盘
09:34:18	13.62	--	4	5448	卖盘
09:34:12	13.62	--	46	62652	买盘
09:33:57	13.62	--	10	13620	中性盘
09:33:39	13.62	--	2	3840	卖盘
09:33:33	13.62	0.02	3	5012	卖盘
09:33:30	13.6	--	59	80920	买盘
09:33:24	13.6	-0.02	40	55080	卖盘
09:33:21	13.62	0.02	3	4085	买盘
09:33:06	13.6	--	10	13600	卖盘
09:33:00	13.6	0.01	18	25160	买盘
09:32:42	13.59	--	17	23103	买盘
09:32:36	13.59	0.02	14	19026	买盘
09:32:33	13.57	-0.02	2	2714	卖盘
09:31:48	13.59	-0.01	9	12231	卖盘
09:31:45	13.6	--	13	17680	买盘
09:31:36	13.6	-0.03	221	300560	卖盘
09:31:21	13.63	-0.01	45	61335	中性盘
09:31:00	13.64	-0.01	1	1364	中性盘
09:30:42	13.65	0.06	4	5460	买盘
09:30:36	13.59	--	2	2718	买盘
09:30:30	13.59	--	3	4077	买盘
09:30:24	13.59	-0.07	2	2718	卖盘
09:30:15	13.66	--	20	27320	买盘
09:30:09	13.66	0.01	9	12294	买盘
09:30:06	13.65	--	30	40950	买盘
09:30:03	13.65	-0.02	46	62790	卖盘
09:30:00	13.67	--	0	0	买盘
09:25:03	13.67	13.67	121	165407	买盘
