成交时间	成交价	价格变动	成交量(手)	成交额(元)	性质
15:00:03	10.98	--	1187	1304160	卖盘
14:57:00	10.98	--	6	6588	卖盘
14:56:57	10.98	-0.01	375	411750	卖盘
14:56:54	10.99	--	20	21980	买盘
14:56:45	10.99	--	32	35168	买盘
14:56:42	10.99	--	65	71435	买盘
14:56:39	10.99	--	9	9891	买盘
14:56:36	10.99	--	10	10990	买盘
14:56:21	10.99	--	164	180334	卖盘
14:56:15	10.99	--	100	109900	卖盘
14:56:12	10.99	--	169	186731	买盘
14:56:09	10.99	0.01	28	30772	买盘
14:56:06	10.98	--	18	19764	卖盘
14:56:03	10.98	-0.01	100	109800	卖盘
14:55:51	10.99	--	10	10990	买盘
14:55:48	10.99	--	40	43960	买盘
14:55:42	10.99	0.01	50	54950	买盘
14:55:36	10.98	--	7	7686	卖盘
14:55:33	10.98	--	12	13176	卖盘
14:55:24	10.98	-0.01	18	19764	卖盘
14:55:18	10.99	--	1	1099	买盘
14:55:15	10.99	--	5	5495	买盘
14:55:06	10.99	--	30	32970	买盘
14:55:00	10.99	0.01	11	12089	买盘
14:54:57	10.98	--	170	186660	卖盘
14:54:51	10.98	-0.01	40	43920	卖盘
14:54:45	10.99	--	10	10990	买盘
14:54:33	10.99	--	95	104503	卖盘
14:54:24	10.99	--	1	2099	买盘
14:54:21	10.99	0.01	223	245077	买盘
14:54:18	10.98	-0.01	5	5490	卖盘
14:54:12	10.99	--	50	54950	买盘
14:54:09	10.99	0.01	5	5495	买盘
14:54:03	10.98	-0.01	415	455670	卖盘
14:54:00	10.99	--	5	5495	买盘
14:53:57	10.99	--	10	10990	买盘
14:53:51	10.99	0.01	215	236285	买盘
14:53:48	10.98	--	5	5490	卖盘
14:53:42	10.98	-0.01	15	16470	卖盘
14:53:33	10.99	0.01	10	10990	买盘
14:53:15	10.98	-0.01	13	14274	卖盘
14:53:12	10.99	0.01	10	10990	买盘
14:53:06	10.98	-0.01	60	65880	卖盘
14:52:57	10.99	-0.01	10	11088	卖盘
14:52:54	11.0	0.01	60	66660	买盘
14:52:45	10.99	--	5	5495	卖盘
14:52:39	10.99	--	30	32970	卖盘
14:52:33	10.99	--	14	15386	卖盘
14:52:27	10.99	-0.01	26	28574	卖盘
14:52:18	11.0	--	7	7700	买盘
14:52:15	11.0	0.01	3	3300	买盘
14:52:12	10.99	--	49	53851	卖盘
14:52:06	10.99	--	218	239582	卖盘
14:51:57	10.99	-0.01	7	7693	卖盘
14:51:27	11.0	--	50	55000	中性盘
14:51:12	11.0	--	38	41800	卖盘
14:51:03	11.0	--	3	3300	卖盘
14:51:00	11.0	--	17	18700	卖盘
14:50:57	11.0	--	2	2200	卖盘
14:50:45	11.0	--	30	33000	卖盘
14:50:39	11.0	--	20	22000	买盘
14:50:33	11.0	--	60	66000	买盘
14:50:24	11.0	0.01	7	7700	买盘
14:50:06	10.99	--	139	152761	卖盘
14:50:00	10.99	--	18	19782	卖盘
14:49:57	10.99	--	42	46158	卖盘
14:49:36	10.99	-0.01	3	3297	卖盘
14:49:33	11.0	--	8	8800	中性盘
14:49:21	11.0	--	16	17600	买盘
14:49:15	11.0	--	10	11000	买盘
14:49:12	11.0	--	105	115500	买盘
14:49:03	11.0	--	15	16500	卖盘
14:48:48	11.0	--	10	11000	卖盘
14:48:24	11.0	--	28	30800	卖盘
14:48:09	11.0	--	10	11000	卖盘
14:48:03	11.0	--	3	3300	卖盘
14:47:57	11.0	-0.01	20	22000	卖盘
14:47:51	11.01	0.01	21	23121	买盘
14:47:42	11.0	--	60	66000	卖盘
14:47:36	11.0	--	27	29700	买盘
14:47:30	11.0	--	50	55000	买盘
14:47:27	11.0	--	11	12100	卖盘
14:47:24	11.0	--	30	33000	卖盘
14:47:09	11.0	--	28	30800	卖盘
14:46:57	11.0	-0.01	28	30800	卖盘
14:46:48	11.01	0.01	12	13212	卖盘
14:46:45	11.0	-0.01	238	261800	卖盘
14:46:36	11.01	--	12	13212	卖盘
14:46:24	11.01	--	7	7707	卖盘
14:46:21	11.01	--	10	11010	卖盘
14:46:12	11.01	0.01	128	140928	买盘
14:45:54	11.0	-0.01	55	60500	卖盘
14:45:48	11.01	--	129	142029	卖盘
14:45:45	11.01	--	89	97989	卖盘
14:45:27	11.01	-0.01	11	12111	卖盘
14:45:12	11.02	--	62	68324	买盘
14:44:57	11.02	0.01	30	33060	买盘
14:44:48	11.01	--	2	2202	卖盘
14:44:45	11.01	--	9	9909	买盘
14:44:42	11.01	--	5	5505	买盘
14:44:33	11.01	--	1	1101	卖盘
14:44:30	11.01	--	50	55050	卖盘
14:44:21	11.01	--	2	2202	卖盘
14:44:03	11.01	--	1	1101	卖盘
14:43:57	11.01	--	16	17616	买盘
14:43:48	11.01	--	8	8808	买盘
14:43:18	11.01	0.01	10	11010	买盘
14:43:15	11.0	-0.02	1	1100	卖盘
14:43:09	11.02	0.01	165	181830	买盘
14:43:06	11.01	--	7	7707	卖盘
14:43:03	11.01	-0.01	11	12111	卖盘
14:43:00	11.02	--	1	1102	买盘
14:42:51	11.02	--	21	23142	买盘
14:42:48	11.02	--	1	1102	买盘
14:42:45	11.02	--	18	19836	买盘
14:42:39	11.02	0.01	37	40774	买盘
14:42:36	11.01	--	10	11010	卖盘
14:42:27	11.01	--	72	79272	买盘
14:42:21	11.01	--	20	22020	买盘
14:42:15	11.01	0.01	101	111201	买盘
14:42:03	11.0	0.01	72	79200	买盘
14:41:39	10.99	0.01	19	21221	买盘
14:41:36	10.98	-0.01	68	74664	卖盘
14:41:15	10.99	0.01	131	143969	买盘
14:41:06	10.98	--	50	54900	卖盘
14:40:51	10.98	-0.01	68	74664	卖盘
14:40:48	10.99	--	8	8792	买盘
14:40:45	10.99	--	53	58906	买盘
14:40:42	10.99	--	10	10990	买盘
14:40:39	10.99	--	50	54950	买盘
14:40:36	10.99	--	22	24178	买盘
14:40:33	10.99	--	20	21980	买盘
14:40:24	10.99	0.01	50	54950	买盘
14:39:39	10.98	-0.01	52	57096	卖盘
14:39:15	10.99	0.01	3	3297	买盘
14:39:09	10.98	-0.01	10	10980	卖盘
14:39:06	10.99	0.01	2	2198	买盘
14:38:57	10.98	-0.01	50	54900	卖盘
14:38:54	10.99	-0.01	78	86480	卖盘
14:38:15	11.0	0.01	4	4400	中性盘
14:38:06	10.99	--	14	16430	卖盘
14:37:51	10.99	--	1	1494	买盘
14:37:48	10.99	--	21	23079	买盘
14:37:45	10.99	--	252	276948	买盘
14:37:33	10.99	--	25	28178	卖盘
14:37:27	10.99	-0.01	20	21980	卖盘
14:37:21	11.0	--	168	184800	买盘
14:37:12	11.0	0.01	24	26400	买盘
14:36:54	10.99	-0.01	18	19782	卖盘
14:36:51	11.0	0.01	13	14300	买盘
14:36:39	10.99	--	8	8792	卖盘
14:36:21	10.99	--	82	90118	卖盘
14:36:12	10.99	-0.01	33	36267	卖盘
14:35:54	11.0	0.01	4	4400	买盘
14:35:45	10.99	--	105	115790	买盘
14:35:42	10.99	--	30	32970	买盘
14:35:36	10.99	--	10	10990	买盘
14:35:33	10.99	--	10	10990	买盘
14:35:30	10.99	--	3	3297	买盘
14:35:27	10.99	--	30	32970	买盘
14:35:21	10.99	--	70	76930	买盘
14:35:15	10.99	--	50	54950	买盘
14:35:12	10.99	-0.01	32	35871	卖盘
14:35:09	11.0	0.01	27	29700	买盘
14:35:06	10.99	--	10	10990	卖盘
14:35:03	10.99	-0.01	9	10286	卖盘
14:35:00	11.0	0.01	6	6600	买盘
14:34:57	10.99	--	16	17584	卖盘
14:34:54	10.99	-0.01	24	26376	卖盘
14:34:51	11.0	0.01	15	16500	买盘
14:34:45	10.99	-0.01	10	10990	中性盘
14:34:42	11.0	0.02	5	5500	买盘
14:34:27	10.98	--	247	271206	卖盘
14:34:21	10.98	--	6	6588	卖盘
14:34:18	10.98	-0.01	131	143838	卖盘
14:34:15	10.99	0.01	440	483560	买盘
14:34:09	10.98	--	8	8784	卖盘
14:34:06	10.98	-0.01	50	54900	卖盘
14:33:51	10.99	--	15	16485	买盘
14:33:33	10.99	--	50	54950	买盘
14:33:30	10.99	--	26	28574	卖盘
14:33:18	10.99	--	117	128583	卖盘
14:33:06	10.99	0.01	73	80227	中性盘
14:33:03	10.98	-0.01	545	598410	卖盘
14:33:00	10.99	--	5	5495	卖盘
14:32:57	10.99	--	106	116494	卖盘
14:32:54	10.99	--	8	8792	卖盘
14:32:51	10.99	0.01	63	69237	买盘
14:32:48	10.98	--	11	12078	卖盘
14:32:39	10.98	-0.01	24	26352	卖盘
14:32:33	10.99	0.01	4	4396	买盘
14:32:30	10.98	--	3	3294	卖盘
14:32:27	10.98	--	20	21960	卖盘
14:32:24	10.98	--	33	36234	卖盘
14:32:12	10.98	--	10	10980	卖盘
14:31:51	10.98	-0.01	12	13176	卖盘
14:31:45	10.99	--	120	131880	买盘
14:31:27	10.99	--	57	62643	卖盘
14:31:24	10.99	--	228	250572	卖盘
14:31:15	10.99	--	20	21980	卖盘
14:31:12	10.99	-0.01	30	32970	卖盘
14:31:09	11.0	0.01	6	6600	买盘
14:31:06	10.99	--	100	109900	卖盘
14:31:03	10.99	--	9	9891	卖盘
14:31:00	10.99	--	7	7693	卖盘
14:30:57	10.99	--	8	8792	卖盘
14:30:51	10.99	--	148	162652	卖盘
14:30:48	10.99	--	30	32970	卖盘
14:30:42	10.99	--	45	49455	卖盘
14:30:39	10.99	--	16	17584	卖盘
14:30:36	10.99	--	7	7693	卖盘
14:30:30	10.99	-0.01	157	172543	卖盘
14:30:27	11.0	--	14	15400	卖盘
14:30:21	11.0	--	7	7700	卖盘
14:30:18	11.0	--	270	297000	卖盘
14:30:12	11.0	--	14	15400	卖盘
14:30:09	11.0	--	34	37400	卖盘
14:30:06	11.0	--	6	6600	卖盘
14:30:03	11.0	-0.01	7	7700	卖盘
14:29:54	11.01	--	37	40792	卖盘
14:29:48	11.01	--	7	7707	卖盘
14:29:42	11.01	-0.01	25	27525	卖盘
14:29:39	11.02	0.01	6	6612	买盘
14:29:36	11.01	--	48	52848	卖盘
14:29:33	11.01	--	47	51747	卖盘
14:29:30	11.01	--	60	66060	卖盘
14:29:24	11.01	--	17	18717	卖盘
14:29:21	11.01	--	38	41838	卖盘
14:29:18	11.01	--	18	19818	卖盘
14:29:12	11.01	-0.01	11	12111	卖盘
14:29:09	11.02	0.01	10	11020	买盘
14:29:06	11.01	--	48	52848	卖盘
14:28:54	11.01	-0.01	2	2202	卖盘
14:28:48	11.02	--	32	35264	买盘
14:28:45	11.02	-0.01	10	11020	中性盘
14:28:39	11.03	0.01	5	5515	买盘
14:28:33	11.02	--	7	7714	卖盘
14:28:30	11.02	0.01	3	3306	中性盘
14:28:27	11.01	-0.01	405	445905	卖盘
14:28:24	11.02	0.01	30	33060	买盘
14:28:18	11.01	-0.01	100	110100	卖盘
14:28:15	11.02	--	100	110200	买盘
14:28:09	11.02	--	6	6612	买盘
14:28:06	11.02	0.01	2	2204	买盘
14:28:00	11.01	-0.01	30	33030	卖盘
14:27:57	11.02	--	100	110200	买盘
14:27:42	11.02	--	8	8816	买盘
14:27:39	11.02	0.01	26	28652	买盘
14:27:27	11.01	--	84	93529	买盘
14:27:09	11.01	0.01	5	5505	买盘
14:27:03	11.0	--	18	19800	卖盘
14:27:00	11.0	-0.01	35	38500	卖盘
14:26:48	11.01	0.01	42	46242	买盘
14:26:39	11.0	-0.01	62	68200	卖盘
14:26:36	11.01	--	12	13212	买盘
14:26:27	11.01	--	10	11010	买盘
14:26:12	11.01	--	50	55050	买盘
14:26:09	11.01	0.01	368	405168	买盘
14:26:00	11.0	-0.01	22	24200	卖盘
14:25:57	11.01	--	42	46242	买盘
14:25:54	11.01	0.01	8	8808	买盘
14:25:51	11.0	--	5	5500	卖盘
14:25:45	11.0	-0.01	20	22000	卖盘
14:25:39	11.01	--	5	5505	买盘
14:25:36	11.01	--	363	399663	买盘
14:25:15	11.01	0.02	100	110100	买盘
14:25:12	10.99	-0.02	1130	1241870	卖盘
14:25:09	11.01	0.01	6	6606	买盘
14:24:57	11.0	--	236	259600	买盘
14:24:45	11.0	-0.01	264	290400	卖盘
14:24:39	11.01	--	6	6606	买盘
14:24:36	11.01	0.01	44	48444	买盘
14:24:33	11.0	-0.01	268	294800	卖盘
14:24:24	11.01	--	13	14313	买盘
14:24:15	11.01	--	81	89181	买盘
14:24:09	11.01	--	5	5505	买盘
14:24:00	11.01	-0.02	471	518626	卖盘
14:23:54	11.03	--	34	37502	卖盘
14:23:51	11.03	--	20	22060	卖盘
14:23:48	11.03	-0.01	4	4412	卖盘
14:23:39	11.04	0.01	6	6623	买盘
14:23:18	11.03	--	89	98167	卖盘
14:23:15	11.03	-0.01	60	66180	卖盘
14:23:12	11.04	--	85	93840	买盘
14:23:09	11.04	--	5	5520	买盘
14:23:06	11.04	0.01	10	11040	买盘
14:22:57	11.03	--	100	110300	卖盘
14:22:48	11.03	-0.01	42	46326	卖盘
14:22:45	11.04	-0.01	31	34224	卖盘
14:22:39	11.05	0.01	6	6630	买盘
14:22:36	11.04	--	21	23184	卖盘
14:22:33	11.04	--	18	19872	卖盘
14:22:30	11.04	0.01	41	45264	买盘
14:22:27	11.03	--	110	121330	卖盘
14:22:21	11.03	-0.01	60	66180	卖盘
14:22:15	11.04	--	59	65135	买盘
14:22:09	11.04	--	6	6623	买盘
14:22:00	11.04	--	300	331200	买盘
14:21:57	11.04	--	10	11040	买盘
14:21:51	11.04	--	10	11040	买盘
14:21:39	11.04	--	5	5520	买盘
14:21:36	11.04	--	10	11040	买盘
14:21:30	11.04	0.01	13	14351	买盘
14:21:21	11.03	-0.01	46	50738	卖盘
14:21:12	11.04	--	3	3311	买盘
14:21:09	11.04	--	6	6623	买盘
14:21:00	11.04	--	10	11040	买盘
14:20:57	11.04	--	35	38640	买盘
14:20:39	11.04	--	6	6623	买盘
14:20:33	11.04	--	2	2208	买盘
14:20:30	11.04	--	22	24287	买盘
14:20:12	11.04	--	10	11040	买盘
14:20:09	11.04	0.01	5	5520	中性盘
14:19:57	11.03	--	8	9871	买盘
14:19:51	11.03	--	6	6618	买盘
14:19:48	11.03	-0.02	580	639795	卖盘
14:19:39	11.05	0.01	6	6630	买盘
14:19:33	11.04	--	30	33120	卖盘
14:19:30	11.04	-0.01	7	7727	卖盘
14:19:24	11.05	0.01	10	11050	买盘
14:19:21	11.04	--	6	6623	卖盘
14:19:18	11.04	--	6	6623	卖盘
14:19:15	11.04	--	17	18768	卖盘
14:19:12	11.04	-0.01	5	5520	卖盘
14:19:09	11.05	0.01	9	9945	买盘
14:18:57	11.04	--	385	426088	买盘
14:18:39	11.04	0.01	5	5520	买盘
14:18:36	11.03	-0.01	8	8824	中性盘
14:18:27	11.04	0.01	177	195407	买盘
14:18:21	11.03	0.01	30	33090	买盘
14:18:18	11.02	-0.01	15	16530	卖盘
14:18:12	11.03	--	7	7721	买盘
14:18:09	11.03	--	9	9927	买盘
14:18:03	11.03	--	10	11030	买盘
14:17:57	11.03	0.01	69	76107	买盘
14:17:54	11.02	--	12	13224	卖盘
14:17:48	11.02	-0.01	1	1102	卖盘
14:17:39	11.03	--	6	6618	买盘
14:17:21	11.03	0.01	110	121330	买盘
14:17:12	11.02	--	22	24244	买盘
14:17:09	11.02	--	5	5510	买盘
14:17:03	11.02	--	70	77140	卖盘
14:16:57	11.02	-0.01	7	7714	卖盘
14:16:54	11.03	--	10	11030	买盘
14:16:48	11.03	--	6	6618	买盘
14:16:39	11.03	0.01	6	6618	买盘
14:16:36	11.02	--	21	23142	卖盘
14:16:21	11.02	--	6	6612	买盘
14:16:09	11.02	--	6	6612	买盘
14:15:57	11.02	--	48	52896	买盘
14:15:54	11.02	--	5	5510	买盘
14:15:39	11.02	--	5	5510	买盘
14:15:33	11.02	--	71	78242	买盘
14:15:15	11.02	--	22	24244	买盘
14:15:09	11.02	--	7	7714	买盘
14:15:03	11.02	--	8	8816	买盘
14:14:54	11.02	--	94	103588	卖盘
14:14:45	11.02	-0.01	10	11020	卖盘
14:14:39	11.03	--	6	6618	买盘
14:14:21	11.03	--	3	3309	买盘
14:14:09	11.03	--	5	5515	买盘
14:14:06	11.03	--	10	11030	买盘
14:13:48	11.03	0.01	15	16545	买盘
14:13:42	11.02	--	244	268888	买盘
14:13:39	11.02	--	6	6612	买盘
14:13:18	11.02	--	3	3306	买盘
14:13:09	11.02	0.01	5	5510	买盘
14:13:06	11.01	-0.01	11	12111	卖盘
14:13:03	11.02	--	62	68324	买盘
14:12:57	11.02	--	10	11020	买盘
14:12:51	11.02	0.01	10	11020	买盘
14:12:48	11.01	-0.01	10	11010	卖盘
14:12:42	11.02	--	5	5510	买盘
14:12:39	11.02	--	10	11020	买盘
14:12:33	11.02	--	1	1102	买盘
14:12:21	11.02	0.01	23	25346	买盘
14:12:12	11.01	--	25	27525	买盘
14:12:09	11.01	--	6	6606	买盘
14:12:06	11.01	--	10	11010	买盘
14:12:00	11.01	--	150	165150	买盘
14:11:57	11.01	--	249	274149	买盘
14:11:39	11.01	0.01	15	16515	买盘
14:11:27	11.0	0.01	124	137401	买盘
14:11:24	10.99	-0.01	24	26376	卖盘
14:11:18	11.0	--	14	15400	买盘
14:11:09	11.0	0.01	506	556600	买盘
14:11:03	10.99	-0.01	20	21980	卖盘
14:11:00	11.0	0.01	10	11000	买盘
14:10:54	10.99	-0.01	11	12089	卖盘
14:10:51	11.0	--	5	5500	买盘
14:10:42	11.0	--	2	2200	买盘
14:10:39	11.0	--	6	6600	买盘
14:10:36	11.0	--	1	1100	买盘
14:10:24	11.0	--	50	55000	买盘
14:10:12	11.0	--	1	1100	买盘
14:10:09	11.0	--	5	5500	买盘
14:10:06	11.0	--	37	40700	买盘
14:10:00	11.0	--	55	60500	买盘
14:09:57	11.0	--	11	12100	买盘
14:09:54	11.0	--	1	1100	买盘
14:09:51	11.0	--	2	2200	买盘
14:09:39	11.0	--	506	556600	买盘
14:09:21	11.0	--	304	334400	买盘
14:09:18	11.0	--	24	26400	买盘
14:09:09	11.0	--	6	6600	买盘
14:08:54	11.0	--	42	46200	买盘
14:08:45	11.0	0.01	6	6600	买盘
14:08:39	10.99	-0.01	35	38465	卖盘
14:08:24	11.0	0.01	5	5500	买盘
14:08:09	10.99	--	9	9891	卖盘
14:08:00	10.99	0.01	84	92316	买盘
14:07:57	10.98	-0.01	306	335988	卖盘
14:07:54	10.99	--	501	550599	买盘
14:07:48	10.99	--	45	49455	买盘
14:07:39	10.99	--	55	60445	买盘
14:07:30	10.99	--	310	340690	买盘
14:07:15	10.99	--	100	109900	买盘
14:07:09	10.99	--	5	5495	买盘
14:06:57	10.99	0.01	2	2198	买盘
14:06:54	10.98	--	16	17568	卖盘
14:06:51	10.98	-0.01	4	4392	卖盘
14:06:45	10.99	--	210	230790	买盘
14:06:42	10.99	--	13	14287	买盘
14:06:39	10.99	0.01	6	6594	买盘
14:06:27	10.98	-0.01	26	28548	卖盘
14:06:15	10.99	0.01	4	4396	买盘
14:06:12	10.98	-0.01	100	109800	卖盘
14:06:09	10.99	0.01	6	6594	买盘
14:06:00	10.98	--	276	303048	卖盘
14:05:42	10.98	-0.01	69	75762	卖盘
14:05:39	10.99	--	5	5495	买盘
14:05:30	10.99	--	5	5495	买盘
14:05:18	10.99	--	59	64841	买盘
14:05:09	10.99	--	8	8792	买盘
14:04:54	10.99	--	30	32970	买盘
14:04:51	10.99	0.01	5	5495	买盘
14:04:45	10.98	-0.01	950	1043100	卖盘
14:04:39	10.99	--	6	6594	买盘
14:04:36	10.99	--	30	32970	买盘
14:04:33	10.99	0.01	10	10990	买盘
14:04:30	10.98	-0.01	9	9882	卖盘
14:04:09	10.99	--	5	5495	买盘
14:04:03	10.99	--	5	5495	买盘
14:04:00	10.99	-0.01	202	221998	卖盘
14:03:48	11.0	--	15	16500	买盘
14:03:39	11.0	0.01	6	6600	买盘
14:03:24	10.99	--	212	232988	卖盘
14:03:15	10.99	--	2	2198	卖盘
14:03:12	10.99	-0.01	40	43960	卖盘
14:03:09	11.0	0.01	325	357500	买盘
14:02:57	10.99	-0.01	36	39564	卖盘
14:02:48	11.0	--	6	6600	买盘
14:02:39	11.0	--	9	9900	买盘
14:02:36	11.0	--	6	6600	买盘
14:02:27	11.0	--	9	9900	买盘
14:02:24	11.0	--	5	5500	买盘
14:02:09	11.0	--	6	6600	买盘
14:02:06	11.0	--	20	22000	买盘
14:01:39	11.0	0.01	5	5500	买盘
14:01:30	10.99	--	90	98910	卖盘
14:01:24	10.99	--	18	19782	卖盘
14:01:21	10.99	--	51	56049	买盘
14:01:12	10.99	--	40	43960	买盘
14:01:09	10.99	--	6	6594	买盘
14:01:03	10.99	--	41	45059	买盘
14:01:00	10.99	--	10	10990	买盘
14:00:51	10.99	--	24	26376	买盘
14:00:45	10.99	-0.01	869	955031	卖盘
14:00:39	11.0	--	20	22000	买盘
14:00:33	11.0	0.01	5	5500	买盘
14:00:27	10.99	--	2	2198	卖盘
14:00:24	10.99	--	100	109900	卖盘
14:00:21	10.99	-0.01	10	10990	卖盘
14:00:15	11.0	--	6	6600	买盘
14:00:12	11.0	0.01	430	473000	买盘
14:00:09	10.99	--	410	450590	卖盘
14:00:06	10.99	--	4	4396	卖盘
14:00:00	10.99	--	25	27475	卖盘
13:59:57	10.99	--	26	28574	卖盘
13:59:48	10.99	--	21	23079	卖盘
13:59:42	10.99	--	7	7693	卖盘
13:59:39	10.99	-0.01	13	14287	卖盘
13:59:18	11.0	--	32	35200	买盘
13:59:09	11.0	0.01	6	6600	买盘
13:59:03	10.99	0.01	43	47257	中性盘
13:58:54	10.98	-0.02	2	2196	卖盘
13:58:45	11.0	0.01	347	381700	买盘
13:58:39	10.99	0.01	10	10990	卖盘
13:58:33	10.98	-0.01	133	146034	卖盘
13:58:21	10.99	--	2	2879	买盘
13:58:18	10.99	0.01	7	7693	买盘
13:58:15	10.98	-0.01	3	3294	卖盘
13:58:09	10.99	--	6	6594	买盘
13:58:06	10.99	0.01	10	10990	买盘
13:58:03	10.98	-0.01	5	5490	卖盘
13:57:51	10.99	0.01	2	2198	买盘
13:57:48	10.98	-0.01	7	7686	卖盘
13:57:42	10.99	--	2	2198	买盘
13:57:39	10.99	--	6	7011	卖盘
13:57:33	10.99	--	19	21562	买盘
13:57:24	10.99	--	15	16485	买盘
13:57:09	10.99	--	5	5495	买盘
13:57:03	10.99	0.01	10	10990	买盘
13:56:54	10.98	-0.01	28	30744	卖盘
13:56:48	10.99	--	10	10990	买盘
13:56:45	10.99	--	10	10990	买盘
13:56:42	10.99	--	5	5495	买盘
13:56:39	10.99	-0.01	137	151640	卖盘
13:56:27	11.0	--	4	4400	买盘
13:56:18	11.0	--	9	9900	买盘
13:56:15	11.0	0.01	43	47300	买盘
13:56:09	10.99	-0.01	13	14287	卖盘
13:55:51	11.0	0.01	30	33000	买盘
13:55:45	10.99	-0.01	0	780	卖盘
13:55:39	11.0	0.01	38	41800	买盘
13:55:30	10.99	--	1	1099	卖盘
13:55:27	10.99	0.01	93	102547	买盘
13:55:15	10.98	-0.01	4	4392	卖盘
13:55:09	10.99	--	6	6594	买盘
13:55:03	10.99	--	30	32970	买盘
13:54:57	10.99	0.01	1	1099	买盘
13:54:54	10.98	-0.01	21	23058	卖盘
13:54:51	10.99	--	3	3297	买盘
13:54:45	10.99	0.01	1	1099	买盘
13:54:42	10.98	-0.01	4	4392	卖盘
13:54:39	10.99	--	7	7693	买盘
13:54:33	10.99	--	146	161212	卖盘
13:54:30	10.99	--	1	1099	卖盘
13:54:27	10.99	--	2	2198	卖盘
13:54:18	10.99	-0.01	300	329700	卖盘
13:54:09	11.0	--	5	5500	买盘
13:53:54	11.0	0.01	20	22000	买盘
13:53:51	10.99	-0.01	6	6594	卖盘
13:53:48	11.0	0.01	15	16500	买盘
13:53:39	10.99	-0.01	41	45399	卖盘
13:53:33	11.0	0.01	50	55000	买盘
13:53:30	10.99	--	1	1099	卖盘
13:53:27	10.99	--	7	7693	卖盘
13:53:18	10.99	-0.01	127	139573	卖盘
13:53:15	11.0	--	38	41800	买盘
13:53:09	11.0	0.01	5	5500	买盘
13:53:06	10.99	--	55	60445	卖盘
13:53:00	10.99	--	16	17584	卖盘
13:52:57	10.99	-0.01	12	13188	卖盘
13:52:54	11.0	--	20	22000	买盘
13:52:51	11.0	--	18	19800	买盘
13:52:48	11.0	0.01	36	39600	买盘
13:52:45	10.99	--	12	13188	卖盘
13:52:42	10.99	-0.01	17	18683	卖盘
13:52:39	11.0	--	6	6600	买盘
13:52:21	11.0	--	20	22000	买盘
13:52:09	11.0	0.01	6	6600	买盘
13:52:06	10.99	--	8	8792	买盘
13:52:03	10.99	--	20	21980	买盘
13:52:00	10.99	--	20	21980	买盘
13:51:54	10.99	-0.01	358	393727	卖盘
13:51:48	11.0	-0.01	93	103213	卖盘
13:51:45	11.01	--	2	2202	买盘
13:51:42	11.01	--	10	11010	买盘
13:51:39	11.01	0.01	5	5505	买盘
13:51:30	11.0	--	1	1100	卖盘
13:51:24	11.0	--	5	5500	卖盘
13:51:15	11.0	-0.01	0	187	卖盘
13:51:09	11.01	--	6	6606	买盘
13:50:39	11.01	0.01	20	22020	买盘
13:50:36	11.0	--	16	17600	卖盘
13:50:33	11.0	--	12	13200	卖盘
13:50:30	11.0	--	11	12100	卖盘
13:50:27	11.0	--	30	33000	卖盘
13:50:15	11.0	--	15	16500	买盘
13:50:12	11.0	--	10	11000	买盘
13:50:09	11.0	0.01	5	5500	中性盘
13:50:00	10.99	--	1	1099	卖盘
13:49:57	10.99	--	3	3297	卖盘
13:49:54	10.99	-0.01	9	9891	卖盘
13:49:51	11.0	--	23	26114	买盘
13:49:48	11.0	--	50	55000	买盘
13:49:42	11.0	--	8	8800	买盘
13:49:39	11.0	--	6	6600	买盘
13:49:33	11.0	0.01	48	52800	买盘
13:49:27	10.99	--	3	3297	买盘
13:49:21	10.99	--	30	32970	买盘
13:49:15	10.99	--	13	14287	买盘
13:49:09	10.99	0.01	6	6594	买盘
13:49:03	10.98	--	16	17568	卖盘
13:49:00	10.98	--	0	21	买盘
13:48:57	10.98	--	20	21960	买盘
13:48:51	10.98	--	5	5490	买盘
13:48:48	10.98	--	20	21960	买盘
13:48:42	10.98	--	3	3294	买盘
13:48:39	10.98	--	5	5490	买盘
13:48:36	10.98	--	1	1098	买盘
13:48:33	10.98	--	11	12078	买盘
13:48:24	10.98	0.01	103	113094	买盘
13:48:15	10.97	-0.01	24	26328	卖盘
13:48:09	10.98	0.01	11	12078	买盘
13:47:51	10.97	-0.01	10	10970	卖盘
13:47:48	10.98	--	2	2196	买盘
13:47:45	10.98	--	5	5490	买盘
13:47:42	10.98	--	4	4392	买盘
13:47:39	10.98	0.01	17	18666	买盘
13:47:36	10.97	--	13	14261	买盘
13:47:33	10.97	-0.01	276	302772	卖盘
13:47:27	10.98	--	10	10980	买盘
13:47:15	10.98	--	6	6588	买盘
13:47:09	10.98	--	5	5490	买盘
13:47:06	10.98	--	20	21960	买盘
13:47:03	10.98	0.01	10	10980	买盘
13:46:57	10.97	-0.01	510	559470	卖盘
13:46:45	10.98	--	8	8784	买盘
13:46:42	10.98	--	115	126270	买盘
13:46:39	10.98	-0.02	159	175658	卖盘
13:46:30	11.0	0.02	5	5500	买盘
13:46:21	10.98	-0.02	500	549000	卖盘
13:46:09	11.0	0.02	6	6600	买盘
13:45:51	10.98	-0.02	31	34038	卖盘
13:45:39	11.0	0.02	5	5500	买盘
13:45:18	10.98	-0.02	141	154818	卖盘
13:45:15	11.0	0.02	30	33000	买盘
13:45:12	10.98	-0.02	100	109800	卖盘
13:45:09	11.0	--	6	6600	买盘
13:44:57	11.0	--	53	58300	买盘
13:44:54	11.0	--	2	2200	买盘
13:44:45	11.0	-0.01	124	136400	卖盘
13:44:39	11.01	0.01	11	12111	买盘
13:44:36	11.0	--	9	9900	卖盘
13:44:24	11.0	--	5	5500	卖盘
13:44:21	11.0	--	121	133100	买盘
13:44:18	11.0	--	50	55000	买盘
13:44:12	11.0	--	54	59400	买盘
13:44:09	11.0	--	5	5500	买盘
13:43:57	11.0	--	5	5500	买盘
13:43:54	11.0	--	187	205700	买盘
13:43:51	11.0	--	6	6600	买盘
13:43:48	11.0	--	34	37400	买盘
13:43:45	11.0	--	15	16500	买盘
13:43:39	11.0	--	11	12100	买盘
13:43:27	11.0	--	50	55000	买盘
13:43:24	11.0	--	2	2200	买盘
13:43:21	11.0	--	1	1100	买盘
13:43:18	11.0	--	53	58300	买盘
13:43:09	11.0	--	5	5500	买盘
13:43:03	11.0	0.02	29	31900	买盘
13:43:00	10.98	--	15	16470	卖盘
13:42:39	10.98	--	10	10980	卖盘
13:42:15	10.98	--	11	12099	买盘
13:42:12	10.98	--	106	116388	买盘
13:42:09	10.98	--	16	17568	买盘
13:42:00	10.98	0.01	95	104310	买盘
13:41:57	10.97	--	130	142610	卖盘
13:41:51	10.97	-0.01	302	331294	卖盘
13:41:48	10.98	--	56	61488	买盘
13:41:42	10.98	--	4	4392	买盘
13:41:39	10.98	--	5	5490	买盘
13:41:36	10.98	--	1	1098	买盘
13:41:33	10.98	--	59	64782	买盘
13:41:24	10.98	0.01	300	329400	买盘
13:41:21	10.97	-0.01	28	30716	卖盘
13:41:18	10.98	--	8	8784	买盘
13:41:12	10.98	--	500	549000	买盘
13:41:09	10.98	0.01	6	6588	买盘
13:41:06	10.97	--	19	20843	卖盘
13:41:03	10.97	--	30	32910	卖盘
13:40:57	10.97	--	19	20843	卖盘
13:40:54	10.97	-0.01	52	57044	卖盘
13:40:48	10.98	--	177	194346	买盘
13:40:45	10.98	--	2	2196	买盘
13:40:39	10.98	--	56	61488	买盘
13:40:33	10.98	0.01	78	85644	买盘
13:40:27	10.97	-0.01	75	82275	卖盘
13:40:18	10.98	--	5	5490	买盘
13:40:15	10.98	--	110	120780	买盘
13:40:09	10.98	0.01	5	5490	买盘
13:40:06	10.97	-0.01	200	219400	卖盘
13:40:03	10.98	--	35	38430	买盘
13:39:39	10.98	0.01	6	6588	买盘
13:39:30	10.97	--	30	32910	卖盘
13:39:27	10.97	--	30	32910	卖盘
13:39:18	10.97	-0.01	30	32910	卖盘
13:39:09	10.98	0.01	6	6588	买盘
13:39:03	10.97	--	100	109919	卖盘
13:38:51	10.97	-0.01	1	2051	卖盘
13:38:39	10.98	0.01	5	5490	买盘
13:38:27	10.97	--	27	29619	买盘
13:38:21	10.97	--	5	5485	买盘
13:38:15	10.97	--	16	17552	卖盘
13:38:12	10.97	--	84	92148	买盘
13:38:09	10.97	0.01	6	6582	买盘
13:38:06	10.96	0.01	5	5480	卖盘
13:38:00	10.95	-0.01	50	54750	卖盘
13:37:57	10.96	--	20	22796	买盘
13:37:54	10.96	--	22	24112	买盘
13:37:51	10.96	--	55	60280	买盘
13:37:48	10.96	--	7	7891	卖盘
13:37:39	10.96	--	103	113764	买盘
13:37:33	10.96	--	25	27400	买盘
13:37:27	10.96	-0.01	274	300972	卖盘
13:37:24	10.97	0.01	16	17979	买盘
13:37:21	10.96	--	6	6576	卖盘
13:37:15	10.96	-0.01	32	35072	卖盘
13:37:09	10.97	0.01	26	28522	买盘
13:37:00	10.96	--	50	54800	卖盘
13:36:54	10.96	-0.02	952	1043392	卖盘
13:36:51	10.98	0.01	100	109800	买盘
13:36:39	10.97	--	6	6582	买盘
13:36:36	10.97	--	41	44977	买盘
13:36:33	10.97	--	12	13164	买盘
13:36:30	10.97	--	400	438800	买盘
13:36:27	10.97	--	10	10970	买盘
13:36:18	10.97	--	28	30716	卖盘
13:36:12	10.97	-0.01	150	164550	卖盘
13:36:09	10.98	0.01	6	6588	买盘
13:36:06	10.97	-0.01	2	2194	卖盘
13:36:00	10.98	0.01	70	76860	买盘
13:35:57	10.97	--	11	12067	卖盘
13:35:54	10.97	-0.01	426	467322	卖盘
13:35:42	10.98	--	6	6588	买盘
13:35:39	10.98	--	65	71370	买盘
13:35:36	10.98	-0.02	640	703389	卖盘
13:35:33	11.0	--	74	81400	卖盘
13:35:24	11.0	--	7	7700	卖盘
13:35:21	11.0	0.01	20	22000	中性盘
13:35:12	10.99	-0.02	228	250572	卖盘
13:35:09	11.01	0.01	204	224604	买盘
13:35:06	11.0	-0.01	30	33000	中性盘
13:34:51	11.01	--	88	97328	卖盘
13:34:39	11.01	0.01	547	602907	买盘
13:34:24	11.0	--	22	24200	买盘
13:34:12	11.0	--	60	66000	买盘
13:34:09	11.0	0.01	5	5500	买盘
13:34:03	10.99	--	10	10990	卖盘
13:33:54	10.99	-0.01	1	1099	卖盘
13:33:48	11.0	--	3	3300	买盘
13:33:45	11.0	--	15	16500	买盘
13:33:39	11.0	--	6	6600	买盘
13:33:33	11.0	0.01	4	4400	买盘
13:33:30	10.99	-0.01	20	21980	卖盘
13:33:12	11.0	--	2	2200	买盘
13:33:09	11.0	--	5	5500	买盘
13:32:57	11.0	--	30	33000	买盘
13:32:39	11.0	--	11	12100	买盘
13:32:30	11.0	--	16	17600	买盘
13:32:21	11.0	0.01	2	2200	买盘
13:32:18	10.99	-0.01	1	1099	卖盘
13:32:15	11.0	--	15	16500	买盘
13:32:09	11.0	0.01	6	6600	买盘
13:31:48	10.99	-0.01	12	13188	卖盘
13:31:39	11.0	0.01	5	5500	买盘
13:31:33	10.99	-0.01	10	10990	卖盘
13:31:12	11.0	--	80	88000	买盘
13:31:09	11.0	0.01	6	6600	买盘
13:31:06	10.99	-0.01	14	15386	卖盘
13:30:57	11.0	--	10	11000	买盘
13:30:54	11.0	--	100	110000	买盘
13:30:39	11.0	--	6	6600	买盘
13:30:21	11.0	0.01	23	25300	买盘
13:30:18	10.99	--	1	1901	卖盘
13:30:15	10.99	-0.01	20	21980	卖盘
13:30:09	11.0	0.01	5	5500	买盘
13:30:06	10.99	--	5	5495	卖盘
13:30:00	10.99	--	67	73633	卖盘
13:29:42	10.99	0.01	152	167773	买盘
13:29:39	10.98	-0.01	39	42822	卖盘
13:29:36	10.99	0.01	200	219800	买盘
13:29:33	10.98	-0.01	13	14274	卖盘
13:29:27	10.99	--	30	32970	买盘
13:29:24	10.99	--	5	5495	买盘
13:29:21	10.99	--	48	52752	买盘
13:29:18	10.99	--	12	13188	买盘
13:29:09	10.99	0.01	6	6594	买盘
13:29:06	10.98	--	100	109800	卖盘
13:29:03	10.98	-0.01	92	101016	卖盘
13:29:00	10.99	--	7	7693	买盘
13:28:48	10.99	--	14	15386	买盘
13:28:42	10.99	--	62	68138	买盘
13:28:39	10.99	--	5	5495	买盘
13:28:24	10.99	0.01	7	7693	买盘
13:28:21	10.98	-0.01	20	21960	卖盘
13:28:09	10.99	0.01	6	6594	买盘
13:28:03	10.98	-0.01	2	2196	卖盘
13:27:39	10.99	0.01	206	226394	买盘
13:27:24	10.98	-0.01	1	1098	卖盘
13:27:18	10.99	--	9	9891	买盘
13:27:09	10.99	--	5	5495	买盘
13:27:03	10.99	--	77	84996	卖盘
13:26:57	10.99	--	30	32970	卖盘
13:26:54	10.99	--	8	8792	卖盘
13:26:51	10.99	--	7	7693	卖盘
13:26:45	10.99	-0.01	2	2198	卖盘
13:26:39	11.0	0.01	6	6600	买盘
13:26:36	10.99	--	13	14287	卖盘
13:26:33	10.99	--	3	3297	卖盘
13:26:30	10.99	--	3	3297	卖盘
13:26:27	10.99	--	2	2198	卖盘
13:26:21	10.99	--	15	16485	卖盘
13:26:18	10.99	--	29	31871	卖盘
13:26:15	10.99	0.01	306	337019	买盘
13:26:09	10.98	--	24	26352	卖盘
13:26:00	10.98	-0.01	18	19764	卖盘
13:25:57	10.99	0.01	6	6594	买盘
13:25:45	10.98	-0.01	69	75762	卖盘
13:25:39	10.99	--	11	12089	买盘
13:25:36	10.99	--	10	10990	买盘
13:25:33	10.99	0.01	9	9891	买盘
13:25:24	10.98	-0.01	290	318420	卖盘
13:25:18	10.99	--	5	5495	买盘
13:25:09	10.99	--	6	6594	买盘
13:25:06	10.99	--	19	20881	买盘
13:25:00	10.99	--	100	109900	买盘
13:24:57	10.99	-0.01	481	528816	卖盘
13:24:42	11.0	--	1	1100	买盘
13:24:39	11.0	--	6	6600	买盘
13:24:36	11.0	--	1	1100	买盘
13:24:27	11.0	0.01	5	5500	买盘
13:24:18	10.99	-0.01	21	23079	卖盘
13:24:09	11.0	0.01	12	13200	买盘
13:24:03	10.99	--	15	16485	卖盘
13:24:00	10.99	--	21	23079	卖盘
13:23:54	10.99	-0.01	14	15386	卖盘
13:23:42	11.0	--	15	16500	买盘
13:23:39	11.0	0.01	6	6600	买盘
13:23:36	10.99	--	100	109900	卖盘
13:23:30	10.99	-0.01	2	2198	卖盘
13:23:09	11.0	--	5	5500	买盘
13:22:39	11.0	0.01	6	6600	买盘
13:22:36	10.99	--	6	7495	买盘
13:22:30	10.99	-0.01	43	47454	卖盘
13:22:09	11.0	--	106	116600	买盘
13:22:06	11.0	0.01	62	68200	卖盘
13:22:00	10.99	-0.01	700	769300	卖盘
13:21:54	11.0	--	0	1078	卖盘
13:21:45	11.0	--	2	2519	买盘
13:21:39	11.0	--	60	66000	买盘
13:21:33	11.0	--	3	3300	买盘
13:21:27	11.0	--	825	908281	卖盘
13:21:24	11.0	-0.01	23	25300	卖盘
13:21:21	11.01	0.01	17	18717	买盘
13:21:12	11.0	-0.02	12	13200	卖盘
13:21:09	11.02	0.01	16	17632	买盘
13:20:48	11.01	-0.01	24	27183	卖盘
13:20:39	11.02	--	6	6612	买盘
13:20:30	11.02	0.01	10	11681	买盘
13:20:15	11.01	-0.01	27	29727	卖盘
13:20:09	11.02	0.01	202	223386	买盘
13:20:03	11.01	--	342	376542	买盘
13:19:51	11.01	--	5	5505	买盘
13:19:48	11.01	0.01	20	22020	买盘
13:19:45	11.0	-0.01	30	33000	卖盘
13:19:42	11.01	--	25	27525	买盘
13:19:39	11.01	0.01	6	6606	买盘
13:19:15	11.0	-0.01	200	220000	卖盘
13:19:12	11.01	--	100	110100	买盘
13:19:09	11.01	--	10	11010	买盘
13:19:06	11.01	0.01	30	33030	买盘
13:18:51	11.0	--	2	2200	卖盘
13:18:45	11.0	-0.01	5	5500	卖盘
13:18:39	11.01	0.01	5	5505	买盘
13:18:27	11.0	-0.01	5	5500	卖盘
13:18:24	11.01	--	3	3303	买盘
13:18:09	11.01	0.01	6	6606	买盘
13:18:00	11.0	-0.01	50	55000	卖盘
13:17:51	11.01	0.01	17	18717	买盘
13:17:48	11.0	--	2	2200	卖盘
13:17:45	11.0	-0.01	1	1100	卖盘
13:17:39	11.01	0.01	9	9909	买盘
13:17:36	11.0	--	3	3300	卖盘
13:17:33	11.0	--	15	16500	卖盘
13:17:30	11.0	--	7	7700	卖盘
13:17:24	11.0	--	18	19800	卖盘
13:17:21	11.0	-0.01	10	11000	卖盘
13:17:09	11.01	--	5	5505	买盘
13:17:00	11.01	--	169	186366	卖盘
13:16:51	11.01	--	113	124413	卖盘
13:16:45	11.01	-0.01	20	22020	卖盘
13:16:42	11.02	--	12	13224	买盘
13:16:39	11.02	0.01	6	6612	买盘
13:16:33	11.01	-0.01	34	37434	卖盘
13:16:18	11.02	--	42	46284	买盘
13:16:09	11.02	0.01	6	6612	买盘
13:16:03	11.01	-0.01	2	2202	卖盘
13:15:39	11.02	--	5	5510	买盘
13:15:36	11.02	0.01	22	24244	买盘
13:15:33	11.01	-0.01	95	104595	卖盘
13:15:21	11.02	--	20	22040	买盘
13:15:09	11.02	--	6	6612	买盘
13:14:39	11.02	--	6	6612	买盘
13:14:30	11.02	--	5	5510	买盘
13:14:27	11.02	0.01	5	5510	买盘
13:14:12	11.01	-0.01	185	203685	卖盘
13:14:09	11.02	--	5	5510	买盘
13:13:57	11.02	0.01	3	3306	买盘
13:13:48	11.01	-0.01	79	86979	卖盘
13:13:42	11.02	--	15	16530	买盘
13:13:39	11.02	--	6	6612	买盘
13:13:33	11.02	--	20	22040	买盘
13:13:18	11.02	--	3	3306	买盘
13:13:09	11.02	0.01	10	11020	买盘
13:12:54	11.01	--	2	2202	卖盘
13:12:51	11.01	-0.01	5	5505	卖盘
13:12:45	11.02	--	9	9918	买盘
13:12:42	11.02	0.01	20	22040	买盘
13:12:39	11.01	--	21	23121	卖盘
13:12:30	11.01	-0.01	150	165150	卖盘
13:12:27	11.02	0.01	53	58406	买盘
13:12:18	11.01	-0.01	50	55050	卖盘
13:12:09	11.02	0.01	6	6612	买盘
13:12:03	11.01	-0.01	10	11010	卖盘
13:12:00	11.02	0.01	20	22040	买盘
13:11:45	11.01	-0.01	0	528	卖盘
13:11:39	11.02	--	5	5510	买盘
13:11:36	11.02	--	52	57304	买盘
13:11:21	11.02	0.01	5	5510	买盘
13:11:18	11.01	--	50	55050	卖盘
13:11:12	11.01	--	14	15689	买盘
13:11:09	11.01	--	156	171756	买盘
13:10:54	11.01	0.01	100	110100	买盘
13:10:45	11.0	-0.01	200	220000	卖盘
13:10:42	11.01	--	50	55050	买盘
13:10:39	11.01	--	90	99090	买盘
13:10:36	11.01	--	12	13212	买盘
13:10:33	11.01	0.01	20	22020	买盘
13:10:21	11.0	-0.01	16	17600	卖盘
13:10:09	11.01	--	5	5505	买盘
13:09:39	11.01	0.01	6	6606	买盘
13:09:30	11.0	-0.01	7	7700	卖盘
13:09:27	11.01	0.01	3	3303	买盘
13:09:15	11.0	--	47	51700	卖盘
13:09:12	11.0	-0.01	0	319	卖盘
13:09:09	11.01	0.01	36	39636	买盘
13:09:00	11.0	--	20	22000	卖盘
13:08:42	11.0	-0.01	5	5500	卖盘
13:08:39	11.01	--	5	5505	买盘
13:08:09	11.01	0.01	6	6606	买盘
13:08:06	11.0	-0.01	27	29700	卖盘
13:07:57	11.01	0.01	3	3303	买盘
13:07:51	11.0	-0.01	50	55000	卖盘
13:07:39	11.01	--	6	6606	买盘
13:07:27	11.01	0.01	1	1101	买盘
13:07:24	11.0	--	105	115500	卖盘
13:07:21	11.0	--	12	13200	卖盘
13:07:12	11.0	-0.01	3	3300	卖盘
13:07:09	11.01	--	5	5505	买盘
13:07:06	11.01	--	12	13212	买盘
13:07:00	11.01	--	172	189372	买盘
13:06:39	11.01	--	6	6606	买盘
13:06:36	11.01	--	100	110100	买盘
13:06:33	11.01	--	5	5505	买盘
13:06:27	11.01	--	11	12111	买盘
13:06:09	11.01	0.01	6	6606	买盘
13:06:06	11.0	-0.01	20	22000	卖盘
13:05:57	11.01	--	15	16515	买盘
13:05:51	11.01	--	20	22020	买盘
13:05:39	11.01	0.01	22	24222	买盘
13:05:36	11.0	-0.01	121	133100	卖盘
13:05:33	11.01	--	5	5505	买盘
13:05:09	11.01	0.01	6	6606	买盘
13:04:54	11.0	--	60	66000	卖盘
13:04:48	11.0	-0.01	10	11000	卖盘
13:04:45	11.01	--	16	17616	买盘
13:04:39	11.01	--	26	28626	买盘
13:04:09	11.01	0.01	5	5505	买盘
13:04:06	11.0	-0.01	18	19800	卖盘
13:03:39	11.01	--	21	23121	买盘
13:03:36	11.01	0.01	5	5505	买盘
13:03:30	11.0	--	30	33000	卖盘
13:03:18	11.0	-0.01	27	29700	卖盘
13:03:09	11.01	--	61	67161	买盘
13:03:06	11.01	--	30	33030	买盘
13:02:39	11.01	--	6	6606	买盘
13:02:09	11.01	0.02	6	6606	买盘
13:02:03	10.99	-0.01	50	54950	卖盘
13:02:00	11.0	--	9	9900	买盘
13:01:51	11.0	--	20	22000	买盘
13:01:45	11.0	0.01	76	83600	买盘
13:01:42	10.99	-0.01	15	16485	卖盘
13:01:39	11.0	-0.01	5	5500	中性盘
13:01:09	11.01	0.02	6	6606	买盘
13:01:00	10.99	--	2	2198	卖盘
13:00:48	10.99	-0.02	600	659400	卖盘
13:00:39	11.01	--	6	6606	买盘
13:00:09	11.01	--	8	8808	买盘
13:00:06	11.01	--	10	11010	买盘
13:00:03	11.01	0.01	342	376542	卖盘
13:00:00	11.0	--	0	0	卖盘
11:30:00	11.0	--	0	0	卖盘
11:29:45	11.0	-0.02	9	9900	卖盘
11:29:39	11.02	0.01	88	96976	买盘
11:29:30	11.01	--	50	55050	买盘
11:29:09	11.01	--	6	6606	买盘
11:29:03	11.01	0.01	5	5505	买盘
11:29:00	11.0	--	5	5500	卖盘
11:28:45	11.0	-0.01	5	5500	卖盘
11:28:39	11.01	0.01	5	5505	买盘
11:28:33	11.0	--	12	13200	卖盘
11:28:15	11.0	--	13	14300	买盘
11:28:12	11.0	--	24	26400	买盘
11:28:09	11.0	--	6	6600	买盘
11:28:03	11.0	--	32	35200	买盘
11:27:51	11.0	--	175	192500	卖盘
11:27:48	11.0	--	23	25300	卖盘
11:27:45	11.0	-0.01	40	44000	卖盘
11:27:39	11.01	--	6	6606	买盘
11:27:33	11.01	0.01	30	33030	买盘
11:27:30	11.0	-0.01	250	275000	卖盘
11:27:21	11.01	--	1	1101	买盘
11:27:09	11.01	0.01	5	5505	买盘
11:26:51	11.0	-0.01	30	33000	卖盘
11:26:48	11.01	--	3	3303	买盘
11:26:45	11.01	0.01	1	1101	买盘
11:26:39	11.0	--	26	28600	卖盘
11:26:24	11.0	--	1	1100	买盘
11:26:21	11.0	0.01	3	3300	中性盘
11:26:09	10.99	-0.01	206	226394	卖盘
11:26:06	11.0	0.01	405	445500	买盘
11:26:03	10.99	-0.01	400	439600	卖盘
11:25:51	11.0	--	3	3300	买盘
11:25:48	11.0	0.01	2	2200	买盘
11:25:42	10.99	-0.01	51	56049	卖盘
11:25:39	11.0	--	12	13200	买盘
11:25:18	11.0	--	1	1100	买盘
11:25:15	11.0	--	25	27500	买盘
11:25:09	11.0	--	148	162800	买盘
11:25:06	11.0	--	5	5500	买盘
11:24:54	11.0	--	14	15400	卖盘
11:24:51	11.0	--	2	2200	卖盘
11:24:48	11.0	--	2	2200	卖盘
11:24:45	11.0	-0.01	40	44000	卖盘
11:24:39	11.01	--	6	6606	买盘
11:24:36	11.01	0.01	38	41838	买盘
11:24:30	11.0	--	16	17600	买盘
11:24:27	11.0	0.01	7	7700	买盘
11:24:24	10.99	-0.01	5	5495	卖盘
11:24:18	11.0	--	8	8800	买盘
11:24:15	11.0	0.01	9	9900	中性盘
11:24:12	10.99	-0.02	56	61544	卖盘
11:24:09	11.01	0.01	5	5505	买盘
11:24:03	11.0	--	1	1100	卖盘
11:24:00	11.0	--	52	57200	卖盘
11:23:57	11.0	--	5	5500	卖盘
11:23:45	11.0	-0.01	10	11000	卖盘
11:23:42	11.01	0.01	34	37434	买盘
11:23:39	11.0	--	36	39600	卖盘
11:23:33	11.0	--	35	38500	卖盘
11:23:27	11.0	--	3	3300	卖盘
11:23:21	11.0	--	44	49005	买盘
11:23:18	11.0	0.01	100	110000	买盘
11:23:15	10.99	-0.01	12	13188	卖盘
11:23:12	11.0	--	6	6600	买盘
11:23:09	11.0	--	32	35200	买盘
11:23:00	11.0	--	5	5500	买盘
11:22:57	11.0	--	133	146300	买盘
11:22:54	11.0	0.01	20	22000	买盘
11:22:51	10.99	-0.01	100	109900	卖盘
11:22:45	11.0	0.01	36	39600	买盘
11:22:42	10.99	-0.01	36	39564	卖盘
11:22:39	11.0	0.01	10	11000	买盘
11:22:36	10.99	-0.01	1	1099	卖盘
11:22:33	11.0	0.01	4	4400	买盘
11:22:27	10.99	--	20	21980	卖盘
11:22:21	10.99	--	52	57148	卖盘
11:22:15	10.99	--	40	43960	卖盘
11:22:12	10.99	-0.01	7	7693	卖盘
11:22:09	11.0	--	11	12100	买盘
11:22:06	11.0	0.02	15	16500	买盘
11:21:45	10.98	-0.02	997	1094706	卖盘
11:21:39	11.0	--	5	5500	买盘
11:21:36	11.0	--	502	552695	卖盘
11:21:30	11.0	--	138	151899	卖盘
11:21:27	11.0	--	38	41800	卖盘
11:21:18	11.0	--	37	40700	卖盘
11:21:15	11.0	--	4	4400	卖盘
11:21:09	11.0	--	193	212300	卖盘
11:21:03	11.0	--	666	733106	买盘
11:21:00	11.0	--	178	196394	卖盘
11:20:57	11.0	--	40	44000	卖盘
11:20:54	11.0	--	8	8800	卖盘
11:20:48	11.0	--	10	11000	卖盘
11:20:45	11.0	-0.01	452	497200	卖盘
11:20:39	11.01	0.01	6	6606	买盘
11:20:36	11.0	0.01	382	420706	买盘
11:20:33	10.99	-0.01	105	115395	卖盘
11:20:18	11.0	--	20	22000	买盘
11:20:15	11.0	--	6	6600	买盘
11:20:09	11.0	--	891	980694	卖盘
11:20:03	11.0	-0.01	230	253000	卖盘
11:20:00	11.01	-0.01	19	20919	卖盘
11:19:54	11.02	0.01	8	8816	买盘
11:19:51	11.01	-0.01	300	330300	卖盘
11:19:42	11.02	--	40	44080	卖盘
11:19:39	11.02	--	21	23142	卖盘
11:19:33	11.02	--	100	110200	卖盘
11:19:30	11.02	--	5	5510	卖盘
11:19:27	11.02	--	1	1102	卖盘
11:19:24	11.02	--	4	4408	卖盘
11:19:12	11.02	-0.01	28	30856	买盘
11:19:09	11.03	0.01	49	54047	买盘
11:19:06	11.02	--	2	2204	卖盘
11:19:03	11.02	--	5	5510	卖盘
11:19:00	11.02	--	6	6612	中性盘
11:18:51	11.02	--	18	19836	买盘
11:18:45	11.02	--	100	110200	买盘
11:18:39	11.02	--	43	47386	买盘
11:18:24	11.02	--	109	120118	卖盘
11:18:21	11.02	-0.03	25	27550	卖盘
11:18:12	11.05	--	50	55250	卖盘
11:18:09	11.05	--	16	17680	卖盘
11:18:06	11.05	0.03	40	44200	买盘
11:18:03	11.02	-0.03	2	2204	卖盘
11:18:00	11.05	--	51	56355	买盘
11:17:57	11.05	--	2	2210	买盘
11:17:51	11.05	--	5	5525	买盘
11:17:39	11.05	-0.01	6	6630	中性盘
11:17:27	11.06	0.05	5	5530	买盘
11:17:15	11.01	-0.05	53	58353	卖盘
11:17:09	11.06	0.05	5	5530	买盘
11:17:06	11.01	--	2	2202	买盘
11:16:57	11.01	-0.05	328	361128	卖盘
11:16:54	11.06	--	3	3318	买盘
11:16:51	11.06	0.05	1527	1688862	买盘
11:16:45	11.01	-0.01	5	5505	卖盘
11:16:39	11.02	0.01	6	6612	买盘
11:16:18	11.01	0.01	29	31929	买盘
11:16:12	11.0	-0.01	46	50600	卖盘
11:16:09	11.01	0.01	613	675419	买盘
11:16:03	11.0	--	22	24200	买盘
11:15:57	11.0	--	25	27500	买盘
11:15:54	11.0	--	1	1100	买盘
11:15:51	11.0	-0.01	394	433994	卖盘
11:15:48	11.01	--	2	2202	买盘
11:15:39	11.01	0.01	42	46242	买盘
11:15:36	11.0	-0.01	10	11000	卖盘
11:15:33	11.01	0.01	8	8808	买盘
11:15:24	11.0	-0.01	1	1100	卖盘
11:15:09	11.01	--	6	6606	买盘
11:15:06	11.01	-0.01	44	48444	卖盘
11:14:42	11.02	--	20	22040	买盘
11:14:39	11.02	0.01	6	6612	买盘
11:14:18	11.01	--	24	26424	卖盘
11:14:15	11.01	-0.01	19	20919	卖盘
11:14:09	11.02	0.01	5	5510	买盘
11:14:00	11.01	--	75	82575	买盘
11:13:57	11.01	--	1	1101	买盘
11:13:54	11.01	--	10	11010	买盘
11:13:51	11.01	--	68	74868	买盘
11:13:39	11.01	--	6	6606	买盘
11:13:36	11.01	-0.01	10	11010	卖盘
11:13:27	11.02	--	1	1102	买盘
11:13:24	11.02	--	200	220400	买盘
11:13:09	11.02	0.02	30	33060	买盘
11:13:06	11.0	-0.01	50	55000	卖盘
11:13:03	11.01	--	311	342411	买盘
11:13:00	11.01	--	36	39636	买盘
11:12:57	11.01	--	8	8808	买盘
11:12:54	11.01	--	60	66060	买盘
11:12:51	11.01	--	112	123312	买盘
11:12:48	11.01	--	1	1101	买盘
11:12:39	11.01	0.01	6	6606	买盘
11:12:30	11.0	-0.01	43	47300	卖盘
11:12:24	11.01	--	7	7707	买盘
11:12:15	11.01	--	68	74868	买盘
11:12:09	11.01	--	6	6606	买盘
11:12:06	11.01	--	3	3303	买盘
11:12:03	11.01	--	15	16515	买盘
11:11:57	11.01	--	30	33030	买盘
11:11:54	11.01	--	9	9909	买盘
11:11:51	11.01	--	78	85878	卖盘
11:11:45	11.01	-0.01	51	56151	卖盘
11:11:39	11.02	--	5	5510	买盘
11:11:27	11.02	0.01	50	55100	买盘
11:11:24	11.01	-0.01	12	13212	中性盘
11:11:09	11.02	0.01	6	6612	买盘
11:11:03	11.01	-0.01	10	11010	卖盘
11:11:00	11.02	0.02	29	31958	买盘
11:10:57	11.0	--	118	129800	卖盘
11:10:54	11.0	-0.01	6	6600	卖盘
11:10:51	11.01	0.01	29	31929	买盘
11:10:45	11.0	--	45	49500	卖盘
11:10:42	11.0	-0.01	3	3300	卖盘
11:10:39	11.01	--	6	6606	买盘
11:10:36	11.01	0.01	29	31929	买盘
11:10:33	11.0	0.01	932	1025706	买盘
11:10:30	10.99	0.01	3	3297	买盘
11:10:24	10.98	--	20	21960	卖盘
11:10:21	10.98	--	41	45018	买盘
11:10:18	10.98	--	65	71370	买盘
11:10:15	10.98	--	360	395280	卖盘
11:10:12	10.98	-0.01	26	28548	卖盘
11:10:09	10.99	0.01	123	135177	买盘
11:10:03	10.98	--	87	95526	买盘
11:09:57	10.98	--	53	58194	买盘
11:09:54	10.98	-0.01	275	301950	卖盘
11:09:51	10.99	--	110	120890	买盘
11:09:48	10.99	0.01	8	8792	买盘
11:09:45	10.98	-0.01	12	13176	卖盘
11:09:42	10.99	--	63	69237	买盘
11:09:39	10.99	0.01	6	6594	买盘
11:09:36	10.98	-0.01	83	91134	卖盘
11:09:30	10.99	--	161	176939	卖盘
11:09:27	10.99	-0.01	38	41762	卖盘
11:09:18	11.0	--	479	527494	卖盘
11:09:12	11.0	--	80	88220	卖盘
11:09:09	11.0	--	17	18700	卖盘
11:09:00	11.0	-0.01	1673	1840300	卖盘
11:08:54	11.01	-0.01	100	110100	卖盘
11:08:51	11.02	0.01	2	2204	买盘
11:08:48	11.01	--	373	410673	卖盘
11:08:45	11.01	-0.01	30	33030	卖盘
11:08:39	11.02	--	5	5510	买盘
11:08:36	11.02	0.01	2	2204	买盘
11:08:33	11.01	--	25	27525	卖盘
11:08:30	11.01	-0.01	20	22020	卖盘
11:08:27	11.02	0.01	32	35264	买盘
11:08:24	11.01	-0.01	3	3303	卖盘
11:08:21	11.02	--	25	27550	买盘
11:08:12	11.02	--	3	3306	买盘
11:08:09	11.02	--	15	16530	买盘
11:08:06	11.02	--	5	5510	买盘
11:08:03	11.02	-0.01	197	217094	卖盘
11:07:57	11.03	0.01	2	2206	买盘
11:07:51	11.02	--	10	11020	卖盘
11:07:48	11.02	--	119	131138	买盘
11:07:45	11.02	--	6	6612	买盘
11:07:39	11.02	0.01	6	6612	买盘
11:07:36	11.01	-0.01	23	25323	卖盘
11:07:27	11.02	--	10	11020	买盘
11:07:12	11.02	--	3	3306	买盘
11:07:09	11.02	0.01	5	5510	买盘
11:07:00	11.01	-0.01	23	25323	卖盘
11:06:57	11.02	--	3	3306	买盘
11:06:54	11.02	--	5	5510	买盘
11:06:48	11.02	--	9	9918	买盘
11:06:45	11.02	--	144	158688	买盘
11:06:39	11.02	0.01	6	6612	买盘
11:06:36	11.01	-0.01	6	6606	卖盘
11:06:33	11.02	0.01	245	269990	买盘
11:06:12	11.01	--	152	167638	买盘
11:06:09	11.01	--	16	17616	买盘
11:06:06	11.01	--	60	66060	买盘
11:06:03	11.01	--	2	2202	买盘
11:06:00	11.01	--	208	229822	卖盘
11:05:54	11.01	-0.01	3	3303	卖盘
11:05:51	11.02	--	99	109098	买盘
11:05:48	11.02	--	6	6612	买盘
11:05:45	11.02	--	6	6612	买盘
11:05:39	11.02	--	10	11020	买盘
11:05:36	11.02	0.01	9	9918	买盘
11:05:33	11.01	--	5	5505	卖盘
11:05:18	11.01	-0.01	900	990900	卖盘
11:05:09	11.02	-0.02	8	8816	卖盘
11:05:03	11.04	0.02	9	9936	买盘
11:04:57	11.02	--	18	19836	买盘
11:04:48	11.02	--	2	2204	卖盘
11:04:45	11.02	--	249	274398	卖盘
11:04:42	11.02	-0.01	15	16530	卖盘
11:04:39	11.03	--	14	15442	买盘
11:04:36	11.03	0.01	1	1103	买盘
11:04:33	11.02	--	12	13224	卖盘
11:04:24	11.02	--	2	2204	卖盘
11:04:15	11.02	-0.02	13	14326	卖盘
11:04:09	11.04	0.02	5	5520	买盘
11:04:06	11.02	-0.02	79	87058	卖盘
11:04:00	11.04	0.02	5	5520	买盘
11:03:57	11.02	--	7	7714	卖盘
11:03:54	11.02	--	4	4408	卖盘
11:03:51	11.02	--	21	23142	买盘
11:03:48	11.02	--	10	11020	买盘
11:03:39	11.02	--	6	6612	买盘
11:03:36	11.02	0.01	22	24244	买盘
11:03:33	11.01	--	334	367734	卖盘
11:03:24	11.01	--	9	9909	卖盘
11:03:21	11.01	--	108	118908	卖盘
11:03:12	11.01	-0.01	30	33030	卖盘
11:03:09	11.02	0.01	30	33060	中性盘
11:03:00	11.01	-0.01	898	988698	卖盘
11:02:57	11.02	-0.01	380	418760	卖盘
11:02:54	11.03	0.01	3	3309	买盘
11:02:42	11.02	-0.01	40	44080	卖盘
11:02:39	11.03	0.01	6	6618	买盘
11:02:36	11.02	--	31	34162	卖盘
11:02:33	11.02	--	5	5510	卖盘
11:02:30	11.02	--	1	1102	卖盘
11:02:27	11.02	--	80	88160	卖盘
11:02:21	11.02	--	254	279908	卖盘
11:02:18	11.02	0.01	33	36652	买盘
11:02:15	11.01	--	35	38535	卖盘
11:02:12	11.01	-0.01	10	11010	卖盘
11:02:09	11.02	--	39	42978	买盘
11:02:06	11.02	-0.02	1420	1565655	卖盘
11:02:03	11.04	0.01	27	29807	买盘
11:02:00	11.03	-0.01	541	596723	卖盘
11:01:48	11.04	-0.01	23	25391	卖盘
11:01:39	11.05	0.01	15	16575	买盘
11:01:12	11.04	-0.01	20	22080	卖盘
11:01:09	11.05	--	306	338130	买盘
11:01:06	11.05	--	2	2210	买盘
11:01:03	11.05	0.01	10	11050	买盘
11:01:00	11.04	--	93	102671	买盘
11:00:57	11.04	-0.01	410	452639	卖盘
11:00:54	11.05	--	3	3315	买盘
11:00:42	11.05	-0.01	225	248625	卖盘
11:00:39	11.06	0.01	6	6636	买盘
11:00:30	11.05	--	84	92820	卖盘
11:00:24	11.05	-0.01	1	1105	卖盘
11:00:15	11.06	0.01	9	9954	买盘
11:00:12	11.05	-0.01	5	5525	卖盘
11:00:09	11.06	0.01	25	27650	买盘
11:00:06	11.05	-0.01	29	32045	卖盘
10:59:57	11.06	0.01	10	11060	买盘
10:59:54	11.05	--	9	9945	卖盘
10:59:51	11.05	-0.01	12	13260	卖盘
10:59:45	11.06	--	7	7742	买盘
10:59:42	11.06	--	10	11060	买盘
10:59:39	11.06	--	6	6636	买盘
10:59:33	11.06	0.01	20	22120	买盘
10:59:24	11.05	-0.01	2	2210	卖盘
10:59:18	11.06	--	5	5530	买盘
10:59:15	11.06	--	95	105070	卖盘
10:59:12	11.06	-0.01	102	112812	卖盘
10:59:09	11.07	--	6	6642	买盘
10:59:03	11.07	--	89	98523	买盘
10:59:00	11.07	0.01	2	2214	买盘
10:58:54	11.06	--	5	5530	卖盘
10:58:51	11.06	--	6	6636	卖盘
10:58:48	11.06	-0.01	10	11060	卖盘
10:58:39	11.07	0.01	5	5535	买盘
10:58:36	11.06	-0.01	11	12166	卖盘
10:58:33	11.07	0.01	5	5535	买盘
10:58:21	11.06	0.01	20	22120	中性盘
10:58:12	11.05	-0.02	2	2210	卖盘
10:58:09	11.07	0.02	6	6642	买盘
10:58:03	11.05	-0.02	10	11050	卖盘
10:58:00	11.07	0.02	2	2214	买盘
10:57:54	11.05	-0.01	10	11050	卖盘
10:57:51	11.06	--	140	154840	买盘
10:57:48	11.06	--	20	22120	买盘
10:57:42	11.06	--	108	119448	买盘
10:57:39	11.06	0.01	6	6636	买盘
10:57:27	11.05	-0.01	5	5525	卖盘
10:57:12	11.06	0.01	8	8848	买盘
10:57:09	11.05	-0.01	6	6630	中性盘
10:57:03	11.06	0.02	2	2212	买盘
10:56:54	11.04	-0.01	30	33120	卖盘
10:56:51	11.05	--	112	123760	买盘
10:56:39	11.05	--	6	6630	买盘
10:56:36	11.05	0.02	20	22100	中性盘
10:56:24	11.03	-0.03	539	594517	卖盘
10:56:09	11.06	--	6	6636	买盘
10:56:00	11.06	0.01	42	46452	买盘
10:55:54	11.05	--	20	22100	卖盘
10:55:42	11.05	-0.01	76	83980	卖盘
10:55:39	11.06	--	5	5530	买盘
10:55:33	11.06	--	9	9954	买盘
10:55:18	11.06	--	60	66360	买盘
10:55:12	11.06	--	5	5530	买盘
10:55:09	11.06	--	6	6636	买盘
10:55:03	11.06	0.01	4	5308	买盘
10:54:51	11.05	--	10	11050	卖盘
10:54:48	11.05	--	184	203320	买盘
10:54:39	11.05	--	88	97240	买盘
10:54:36	11.05	0.01	38	41990	买盘
10:54:30	11.04	-0.01	141	155664	卖盘
10:54:27	11.05	--	100	110500	买盘
10:54:09	11.05	--	14	15470	买盘
10:53:57	11.05	--	5	5525	买盘
10:53:51	11.05	--	2	2210	买盘
10:53:45	11.05	--	100	110500	买盘
10:53:39	11.05	--	6	6630	买盘
10:53:24	11.05	--	9	9945	买盘
10:53:09	11.05	0.01	15	16575	买盘
10:53:03	11.04	-0.01	10	11040	卖盘
10:53:00	11.05	--	2	2210	买盘
10:52:51	11.05	0.01	9	9945	买盘
10:52:48	11.04	-0.01	73	80592	卖盘
10:52:39	11.05	--	6	6630	买盘
10:52:36	11.05	--	197	217685	卖盘
10:52:27	11.05	--	20	22100	卖盘
10:52:18	11.05	-0.01	1	1105	卖盘
10:52:09	11.06	--	6	6636	买盘
10:52:03	11.06	--	2	2212	买盘
10:52:00	11.06	0.01	15	16590	买盘
10:51:57	11.05	-0.01	24	26520	卖盘
10:51:54	11.06	--	23	25438	买盘
10:51:48	11.06	--	10	11060	买盘
10:51:45	11.06	--	182	201292	卖盘
10:51:39	11.06	-0.01	116	128296	卖盘
10:51:36	11.07	--	108	119556	买盘
10:51:30	11.07	--	5	5535	买盘
10:51:27	11.07	0.01	29	32103	买盘
10:51:24	11.06	-0.01	46	50876	卖盘
10:51:09	11.07	--	6	6642	买盘
10:51:03	11.07	0.01	2	2214	买盘
10:50:51	11.06	--	20	22120	卖盘
10:50:48	11.06	--	30	33180	卖盘
10:50:45	11.06	--	166	183596	卖盘
10:50:42	11.06	--	33	36498	买盘
10:50:39	11.06	--	6	6636	买盘
10:50:30	11.06	--	20	22120	买盘
10:50:15	11.06	-0.01	1	1106	卖盘
10:50:09	11.07	0.01	5	5535	买盘
10:50:06	11.06	--	34	37604	买盘
10:50:00	11.06	--	2	2212	买盘
10:49:39	11.06	--	6	6636	买盘
10:49:33	11.06	0.01	187	206822	买盘
10:49:18	11.05	--	39	43095	买盘
10:49:15	11.05	--	12	13260	买盘
10:49:09	11.05	--	78	86190	卖盘
10:48:57	11.05	-0.01	16	17680	卖盘
10:48:54	11.06	0.01	3	3318	买盘
10:48:45	11.05	--	21	23205	买盘
10:48:39	11.05	--	5	5525	买盘
10:48:30	11.05	--	34	37570	卖盘
10:48:24	11.05	--	16	17680	买盘
10:48:21	11.05	--	14	15470	卖盘
10:48:12	11.05	-0.01	20	22100	卖盘
10:48:09	11.06	0.01	6	6636	买盘
10:48:03	11.05	--	14	15470	买盘
10:48:00	11.05	0.01	145	160225	买盘
10:47:57	11.04	-0.01	3	3311	卖盘
10:47:51	11.05	--	2	2210	买盘
10:47:39	11.05	--	6	6630	买盘
10:47:33	11.05	--	9	9945	买盘
10:47:30	11.05	0.01	1	1105	买盘
10:47:24	11.04	-0.01	1	1104	卖盘
10:47:09	11.05	--	5	5525	买盘
10:46:51	11.05	--	2	2210	买盘
10:46:39	11.05	--	6	6630	买盘
10:46:33	11.05	--	10	11050	买盘
10:46:18	11.05	--	50	55250	买盘
10:46:15	11.05	-0.01	41	45305	卖盘
10:46:09	11.06	--	103	113918	买盘
10:45:54	11.06	--	2	2212	买盘
10:45:39	11.06	0.01	5	5530	买盘
10:45:15	11.05	--	3	3315	卖盘
10:45:09	11.05	--	8	8840	卖盘
10:45:03	11.05	0.01	29	32045	买盘
10:44:54	11.04	--	20	22102	卖盘
10:44:51	11.04	--	3	3311	卖盘
10:44:48	11.04	-0.01	13	14351	卖盘
10:44:39	11.05	0.01	15	16575	买盘
10:44:21	11.04	-0.01	7	7727	卖盘
10:44:18	11.05	--	35	38675	买盘
10:44:09	11.05	-0.01	59	65195	卖盘
10:44:03	11.06	0.01	5	5530	买盘
10:43:54	11.05	-0.01	51	56355	卖盘
10:43:42	11.06	--	152	168112	买盘
10:43:39	11.06	0.01	6	6636	买盘
10:43:33	11.05	--	1	1105	卖盘
10:43:18	11.05	0.01	17	18785	买盘
10:43:15	11.04	-0.01	8	8832	卖盘
10:43:09	11.05	--	5	5525	买盘
10:43:00	11.05	--	10	11050	买盘
10:42:54	11.05	--	26	28730	买盘
10:42:39	11.05	--	6	6630	买盘
10:42:12	11.05	-0.01	9	9945	卖盘
10:42:09	11.06	--	6	6636	买盘
10:42:03	11.06	--	9	9954	买盘
10:42:00	11.06	--	15	16590	买盘
10:41:57	11.06	--	2	2212	买盘
10:41:54	11.06	--	10	11060	买盘
10:41:45	11.06	--	20	22120	买盘
10:41:39	11.06	0.02	5	5530	买盘
10:41:21	11.04	-0.01	350	386399	卖盘
10:41:18	11.05	0.01	18	19890	买盘
10:41:12	11.04	-0.01	20	22080	卖盘
10:41:09	11.05	--	6	6630	买盘
10:40:57	11.05	-0.01	136	150280	卖盘
10:40:54	11.06	0.01	2	2212	买盘
10:40:51	11.05	-0.01	20	22100	卖盘
10:40:42	11.06	--	9	9954	买盘
10:40:39	11.06	--	6	6636	买盘
10:40:15	11.06	--	20	22120	买盘
10:40:09	11.06	--	15	16590	买盘
10:40:06	11.06	--	20	22120	买盘
10:40:00	11.06	0.01	14	15484	买盘
10:39:51	11.05	--	3	3315	买盘
10:39:48	11.05	--	2	2210	买盘
10:39:39	11.05	0.01	6	6630	买盘
10:39:36	11.04	--	15	16560	卖盘
10:39:33	11.04	--	8	8832	卖盘
10:39:30	11.04	-0.02	42	46368	卖盘
10:39:18	11.06	0.01	50	55300	买盘
10:39:12	11.05	-0.01	26	28730	卖盘
10:39:09	11.06	--	15	16590	买盘
10:39:06	11.06	0.01	17	18802	买盘
10:39:00	11.05	--	69	76245	买盘
10:38:57	11.05	--	51	56355	买盘
10:38:51	11.05	--	2	2210	买盘
10:38:48	11.05	--	77	85085	买盘
10:38:45	11.05	--	76	83980	买盘
10:38:39	11.05	0.01	5	5525	买盘
10:38:36	11.04	--	508	560832	买盘
10:38:33	11.04	--	18	19872	买盘
10:38:30	11.04	--	27	29807	买盘
10:38:27	11.04	0.01	13	14351	买盘
10:38:24	11.03	--	76	84544	买盘
10:38:18	11.03	--	250	275750	买盘
10:38:15	11.03	--	241	265823	卖盘
10:38:12	11.03	-0.01	30	33090	卖盘
10:38:09	11.04	--	6	6623	买盘
10:38:03	11.04	0.01	2	2208	买盘
10:38:00	11.03	--	9	9927	买盘
10:37:57	11.03	--	20	22060	买盘
10:37:54	11.03	--	200	220600	买盘
10:37:51	11.03	--	110	121771	买盘
10:37:48	11.03	-0.01	218	240454	卖盘
10:37:39	11.04	0.01	6	6623	买盘
10:37:36	11.03	-0.01	5	5515	卖盘
10:37:33	11.04	0.01	20	22080	买盘
10:37:30	11.03	-0.01	19	20957	卖盘
10:37:27	11.04	0.01	9	9936	买盘
10:37:24	11.03	--	42	46326	卖盘
10:37:18	11.03	--	39	43017	卖盘
10:37:09	11.03	0.01	301	332003	买盘
10:37:06	11.02	-0.01	28	30856	卖盘
10:37:00	11.03	--	10	11030	买盘
10:36:57	11.03	--	3	3309	买盘
10:36:54	11.03	-0.01	298	328694	卖盘
10:36:39	11.04	--	6	6623	买盘
10:36:30	11.04	0.01	4	4416	买盘
10:36:27	11.03	--	215	237145	卖盘
10:36:24	11.03	0.01	8	8824	中性盘
10:36:18	11.02	-0.01	366	403332	卖盘
10:36:15	11.03	--	67	73901	买盘
10:36:12	11.03	0.01	13	14339	买盘
10:36:09	11.02	--	41	45182	卖盘
10:36:03	11.02	-0.01	31	34162	卖盘
10:36:00	11.03	0.01	110	121330	买盘
10:35:57	11.02	--	10	11020	卖盘
10:35:54	11.02	--	101	111302	卖盘
10:35:51	11.02	--	52	57304	卖盘
10:35:48	11.02	--	27	29754	卖盘
10:35:45	11.02	-0.01	175	192850	卖盘
10:35:42	11.03	0.01	10	11030	买盘
10:35:39	11.02	--	19	20938	卖盘
10:35:30	11.02	--	14	15428	卖盘
10:35:27	11.02	--	252	277704	卖盘
10:35:24	11.02	-0.01	20	22040	卖盘
10:35:21	11.03	0.01	119	131257	买盘
10:35:15	11.02	--	90	99180	卖盘
10:35:12	11.02	--	8	8816	卖盘
10:35:09	11.02	-0.01	11	12122	卖盘
10:35:00	11.03	--	38	41914	卖盘
10:34:57	11.03	-0.01	27	29781	卖盘
10:34:45	11.04	--	66	72864	买盘
10:34:39	11.04	0.01	6	6623	买盘
10:34:36	11.03	-0.01	28	30884	卖盘
10:34:30	11.04	0.01	10	11040	卖盘
10:34:24	11.03	0.01	2	2206	卖盘
10:34:21	11.02	--	551	607202	卖盘
10:34:12	11.02	-0.01	226	249977	卖盘
10:34:09	11.03	0.01	5	5515	买盘
10:34:06	11.02	-0.01	25	27550	卖盘
10:34:00	11.03	--	400	441376	卖盘
10:33:57	11.03	-0.01	88	97064	卖盘
10:33:54	11.04	--	15	16560	卖盘
10:33:51	11.04	--	2	2208	卖盘
10:33:48	11.04	--	5	5520	卖盘
10:33:42	11.04	0.01	4	4416	中性盘
10:33:39	11.03	--	510	562530	卖盘
10:33:30	11.03	--	56	61768	卖盘
10:33:27	11.03	--	10	11030	卖盘
10:33:24	11.03	--	151	166553	卖盘
10:33:21	11.03	--	301	332003	卖盘
10:33:18	11.03	-0.01	236	260307	卖盘
10:33:12	11.04	--	10	11040	买盘
10:33:09	11.04	0.01	25	27599	买盘
10:33:00	11.03	-0.01	300	330900	卖盘
10:32:51	11.04	--	55	60719	卖盘
10:32:45	11.04	-0.02	10	11040	卖盘
10:32:42	11.06	0.02	131	144886	买盘
10:32:39	11.04	-0.01	13	14351	卖盘
10:32:36	11.05	--	10	11050	买盘
10:32:21	11.05	--	6	6630	卖盘
10:32:18	11.05	--	4	4420	买盘
10:32:12	11.05	0.01	5	5525	中性盘
10:32:09	11.04	--	210	231839	卖盘
10:32:06	11.04	-0.01	50	55199	卖盘
10:31:57	11.05	--	15	16575	买盘
10:31:48	11.05	--	2	2210	买盘
10:31:45	11.05	--	14	15470	买盘
10:31:39	11.05	--	5	5525	买盘
10:31:36	11.05	--	154	170170	卖盘
10:31:24	11.05	--	9	9945	卖盘
10:31:21	11.05	--	10	11050	卖盘
10:31:18	11.05	-0.01	60	66300	卖盘
10:31:09	11.06	0.01	6	6636	买盘
10:31:03	11.05	--	150	165750	卖盘
10:31:00	11.05	--	446	492830	买盘
10:30:57	11.05	0.01	14	15470	买盘
10:30:54	11.04	-0.01	119	131376	卖盘
10:30:51	11.05	--	2	2210	买盘
10:30:45	11.05	-0.01	121	133705	卖盘
10:30:39	11.06	--	6	6636	买盘
10:30:30	11.06	0.01	20	22120	买盘
10:30:24	11.05	-0.01	10	11050	卖盘
10:30:09	11.06	0.01	7	7742	买盘
10:30:06	11.05	--	21	23205	卖盘
10:29:57	11.05	--	69	76245	卖盘
10:29:51	11.05	-0.01	18	19890	卖盘
10:29:45	11.06	0.02	2	2212	买盘
10:29:42	11.04	-0.02	10	11040	卖盘
10:29:39	11.06	0.02	6	6636	买盘
10:29:21	11.04	-0.01	37	40848	卖盘
10:29:09	11.05	0.01	36	39780	买盘
10:29:06	11.04	--	900	994306	买盘
10:28:57	11.04	--	23	25391	买盘
10:28:54	11.04	--	20	22080	买盘
10:28:51	11.04	0.01	15	16560	买盘
10:28:42	11.03	-0.01	16	17648	卖盘
10:28:39	11.04	--	5	5520	买盘
10:28:27	11.04	--	133	146832	买盘
10:28:24	11.04	-0.01	1120	1236877	卖盘
10:28:18	11.05	-0.01	73	80665	卖盘
10:28:09	11.06	-0.01	6	6636	买盘
10:27:57	11.07	--	51	56844	卖盘
10:27:54	11.07	0.01	48	53855	买盘
10:27:51	11.06	-0.01	7	7742	卖盘
10:27:45	11.07	--	10	11070	买盘
10:27:39	11.07	--	6	6642	买盘
10:27:36	11.07	0.01	49	54630	买盘
10:27:21	11.06	--	12	13272	卖盘
10:27:09	11.06	--	25	27650	卖盘
10:27:03	11.06	-0.01	12	13272	卖盘
10:27:00	11.07	0.01	20	22140	买盘
10:26:57	11.06	-0.01	60	66360	卖盘
10:26:51	11.07	--	2	2214	买盘
10:26:45	11.07	0.01	9	9963	买盘
10:26:42	11.06	--	25	27650	卖盘
10:26:39	11.06	-0.01	15	16590	卖盘
10:26:33	11.07	0.01	15	16605	买盘
10:26:09	11.06	--	136	150416	卖盘
10:26:03	11.06	--	23	26156	卖盘
10:25:57	11.06	--	43	47558	卖盘
10:25:51	11.06	--	1	1106	卖盘
10:25:45	11.06	-0.01	5	5530	卖盘
10:25:42	11.07	--	12	13284	买盘
10:25:39	11.07	0.01	55	60885	买盘
10:25:33	11.06	-0.01	192	212352	卖盘
10:25:30	11.07	0.01	20	22140	买盘
10:25:27	11.06	-0.01	20	22120	卖盘
10:25:09	11.07	0.01	75	83025	卖盘
10:24:42	11.06	-0.01	55	60830	卖盘
10:24:39	11.07	--	18	19926	买盘
10:24:36	11.07	--	10	11070	买盘
10:24:33	11.07	0.01	4	4428	买盘
10:24:21	11.06	-0.02	58	64148	卖盘
10:24:18	11.08	0.01	493	546244	买盘
10:24:09	11.07	--	5	5535	买盘
10:24:06	11.07	--	100	110921	卖盘
10:24:03	11.07	--	27	30774	买盘
10:24:00	11.07	-0.01	52	57785	卖盘
10:23:57	11.08	0.01	30	33240	买盘
10:23:54	11.07	-0.01	155	171585	卖盘
10:23:45	11.08	0.01	2	2216	买盘
10:23:42	11.07	-0.01	4	4428	卖盘
10:23:39	11.08	0.01	6	6648	买盘
10:23:30	11.07	--	24	26568	卖盘
10:23:27	11.07	--	47	52029	卖盘
10:23:24	11.07	--	225	249960	买盘
10:23:18	11.07	--	16	17712	买盘
10:23:09	11.07	--	5	5535	买盘
10:23:06	11.07	0.01	11	12177	买盘
10:23:03	11.06	-0.01	8	8848	卖盘
10:22:57	11.07	--	2	2214	买盘
10:22:39	11.07	--	6	6642	买盘
10:22:30	11.07	0.01	20	22140	买盘
10:22:24	11.06	-0.01	20	22120	卖盘
10:22:21	11.07	0.01	29	32103	买盘
10:22:12	11.06	-0.01	3	3318	卖盘
10:22:09	11.07	0.01	6	6642	买盘
10:21:54	11.06	-0.01	43	47558	卖盘
10:21:45	11.07	0.01	10	11070	买盘
10:21:42	11.06	--	133	147098	买盘
10:21:39	11.06	0.01	5	5530	买盘
10:21:24	11.05	--	3	3315	卖盘
10:21:15	11.05	--	232	257067	买盘
10:21:12	11.05	--	26	28730	买盘
10:20:51	11.05	--	73	80665	买盘
10:20:48	11.05	--	2	2210	买盘
10:20:45	11.05	-0.01	207	229132	卖盘
10:20:42	11.06	--	6	6636	买盘
10:20:36	11.06	--	270	298620	买盘
10:20:30	11.06	--	9	9954	买盘
10:20:27	11.06	--	27	29862	卖盘
10:20:18	11.06	--	81	89586	买盘
10:20:12	11.06	0.01	5	5530	买盘
10:20:09	11.05	-0.01	210	232050	卖盘
10:20:03	11.06	--	164	181384	卖盘
10:20:00	11.06	--	101	111706	卖盘
10:19:54	11.06	--	20	22120	卖盘
10:19:51	11.06	-0.01	15	16590	买盘
10:19:48	11.07	--	3	3321	买盘
10:19:42	11.07	0.02	56	61992	买盘
10:19:39	11.05	--	46	50830	卖盘
10:19:36	11.05	-0.01	123	136622	卖盘
10:19:21	11.06	--	37	41320	卖盘
10:19:18	11.06	--	26	28756	卖盘
10:19:15	11.06	-0.01	52	57512	卖盘
10:19:12	11.07	0.01	32	35424	买盘
10:19:09	11.06	--	20	22120	卖盘
10:19:06	11.06	--	43	48265	卖盘
10:19:03	11.06	--	70	77420	卖盘
10:19:00	11.06	0.02	130	143780	买盘
10:18:48	11.04	--	28	30911	卖盘
10:18:45	11.04	-0.01	37	40848	卖盘
10:18:42	11.05	--	11	13039	卖盘
10:18:39	11.05	-0.02	1	1105	卖盘
10:18:36	11.07	0.02	73	80811	买盘
10:18:33	11.05	--	15	16575	卖盘
10:18:30	11.05	-0.02	130	143650	卖盘
10:18:12	11.07	0.02	6	6642	买盘
10:18:06	11.05	--	27	29835	卖盘
10:17:51	11.05	-0.02	3	3315	卖盘
10:17:42	11.07	0.02	6	6642	买盘
10:17:36	11.05	0.01	14	15691	买盘
10:17:33	11.04	--	200	220799	卖盘
10:17:30	11.04	-0.01	108	119231	卖盘
10:17:24	11.05	--	245	271609	卖盘
10:17:15	11.05	-0.02	350	386750	卖盘
10:17:12	11.07	0.01	97	107600	买盘
10:16:57	11.06	0.01	22	24332	买盘
10:16:54	11.05	-0.01	9	9945	卖盘
10:16:48	11.06	--	26	28756	买盘
10:16:42	11.06	0.01	99	109494	买盘
10:16:30	11.05	-0.01	8	8840	卖盘
10:16:24	11.06	--	300	331800	买盘
10:16:21	11.06	0.01	36	39816	买盘
10:16:18	11.05	-0.01	20	22100	卖盘
10:16:12	11.06	0.01	6	6636	买盘
10:16:09	11.05	--	47	51935	卖盘
10:16:06	11.05	--	3	3315	卖盘
10:15:57	11.05	-0.01	25	27625	卖盘
10:15:51	11.06	--	117	130286	卖盘
10:15:48	11.06	-0.01	185	204610	卖盘
10:15:45	11.07	--	14	15498	买盘
10:15:42	11.07	--	5	5535	买盘
10:15:39	11.07	--	2	2214	买盘
10:15:36	11.07	--	64	70848	买盘
10:15:12	11.07	--	66	73062	买盘
10:15:03	11.07	--	20	22140	买盘
10:14:57	11.07	--	67	74611	卖盘
10:14:54	11.07	-0.01	30	33210	卖盘
10:14:42	11.08	0.01	275	305364	买盘
10:14:36	11.07	0.01	10	11070	买盘
10:14:18	11.06	-0.01	956	1057336	卖盘
10:14:12	11.07	--	5	5535	买盘
10:14:09	11.07	--	372	412246	卖盘
10:14:06	11.07	--	21	23247	卖盘
10:14:00	11.07	--	0	664	卖盘
10:13:54	11.07	--	129	142803	买盘
10:13:51	11.07	0.01	11	12177	买盘
10:13:48	11.06	-0.01	14	15484	卖盘
10:13:42	11.07	--	6	6642	买盘
10:13:36	11.07	--	33	36531	买盘
10:13:33	11.07	--	5	5535	买盘
10:13:12	11.07	0.01	5	5535	买盘
10:12:57	11.06	-0.01	8	8848	卖盘
10:12:51	11.07	--	5	5535	买盘
10:12:48	11.07	0.01	2	2214	买盘
10:12:42	11.06	--	35	38710	卖盘
10:12:39	11.06	--	10	11060	卖盘
10:12:36	11.06	-0.01	16	17917	卖盘
10:12:33	11.07	--	10	11070	买盘
10:12:18	11.07	--	86	95202	买盘
10:12:12	11.07	0.02	6	6642	买盘
10:12:06	11.05	-0.01	150	165750	卖盘
10:12:03	11.06	--	354	391524	买盘
10:12:00	11.06	0.01	72	79632	买盘
10:11:57	11.05	-0.01	80	88400	卖盘
10:11:54	11.06	0.01	2	2212	买盘
10:11:45	11.05	-0.01	60	66300	卖盘
10:11:42	11.06	--	5	5530	买盘
10:11:39	11.06	--	34	37604	买盘
10:11:33	11.06	--	14	15484	买盘
10:11:30	11.06	-0.03	474	524244	卖盘
10:11:24	11.09	0.01	594	659810	买盘
10:11:18	11.08	-0.01	17	18836	卖盘
10:11:12	11.09	0.01	12	13308	买盘
10:11:06	11.08	--	32	35456	卖盘
10:11:03	11.08	--	30	33240	卖盘
10:11:00	11.08	--	39	43212	卖盘
10:10:51	11.08	--	20	22160	卖盘
10:10:45	11.08	-0.01	20	22160	卖盘
10:10:42	11.09	0.01	8	8872	买盘
10:10:33	11.08	-0.01	28	31024	卖盘
10:10:30	11.09	0.01	94	104246	买盘
10:10:27	11.08	-0.01	52	57616	卖盘
10:10:21	11.09	--	15	16635	买盘
10:10:12	11.09	0.01	5	5545	买盘
10:10:03	11.08	-0.01	373	413284	卖盘
10:09:57	11.09	0.01	10	11090	买盘
10:09:51	11.08	--	27	29916	卖盘
10:09:48	11.08	-0.01	16	17728	卖盘
10:09:45	11.09	--	2	2218	买盘
10:09:42	11.09	--	21	23289	买盘
10:09:36	11.09	--	3	3327	买盘
10:09:33	11.09	--	15	16635	买盘
10:09:27	11.09	--	357	395913	卖盘
10:09:24	11.09	-0.01	80	88720	卖盘
10:09:21	11.1	--	1	1110	买盘
10:09:18	11.1	--	9	9990	买盘
10:09:15	11.1	--	8	8880	买盘
10:09:12	11.1	0.01	7	7770	买盘
10:09:09	11.09	-0.01	10	11090	卖盘
10:09:03	11.1	0.01	3	3330	买盘
10:08:51	11.09	--	21	23289	买盘
10:08:48	11.09	--	50	55450	买盘
10:08:45	11.09	--	27	29943	买盘
10:08:42	11.09	0.01	365	404785	买盘
10:08:36	11.08	--	354	392232	卖盘
10:08:27	11.08	--	1	1108	卖盘
10:08:21	11.08	0.01	78	86468	买盘
10:08:18	11.07	--	10	11070	卖盘
10:08:15	11.07	-0.01	40	44280	卖盘
10:08:12	11.08	--	6	6648	买盘
10:08:09	11.08	0.01	676	749008	买盘
10:08:06	11.07	--	37	40959	卖盘
10:07:57	11.07	-0.01	8	8856	中性盘
10:07:54	11.08	0.01	67	74236	买盘
10:07:51	11.07	--	10	11070	买盘
10:07:48	11.07	--	10	11070	买盘
10:07:45	11.07	-0.01	1	1107	卖盘
10:07:42	11.08	0.01	56	62048	买盘
10:07:39	11.07	-0.01	12	13284	中性盘
10:07:24	11.08	0.01	100	110800	买盘
10:07:21	11.07	-0.01	10	11070	中性盘
10:07:15	11.08	--	62	68696	买盘
10:07:12	11.08	--	5	5540	买盘
10:07:06	11.08	--	125	138500	卖盘
10:07:00	11.08	--	70	77560	卖盘
10:06:57	11.08	0.01	1019	1129052	买盘
10:06:48	11.07	--	110	121770	卖盘
10:06:45	11.07	-0.01	100	110700	卖盘
10:06:42	11.08	0.01	6	6648	买盘
10:06:39	11.07	--	54	59778	卖盘
10:06:33	11.07	0.02	641	709587	买盘
10:06:30	11.05	-0.01	12	13260	卖盘
10:06:24	11.06	0.01	10	11060	买盘
10:06:21	11.05	-0.01	5	5525	卖盘
10:06:12	11.06	0.01	34	37736	买盘
10:06:09	11.05	--	42	47382	卖盘
10:06:03	11.05	-0.01	18	19890	卖盘
10:06:00	11.06	0.01	50	55300	买盘
10:05:57	11.05	-0.01	33	36465	卖盘
10:05:51	11.06	--	4	4424	买盘
10:05:42	11.06	0.01	5	5530	买盘
10:05:39	11.05	-0.01	55	60775	卖盘
10:05:30	11.06	0.02	20	22120	买盘
10:05:27	11.04	--	177	195540	买盘
10:05:24	11.04	--	70	77280	买盘
10:05:21	11.04	-0.03	252	279179	卖盘
10:05:12	11.07	0.01	466	515862	买盘
10:05:09	11.06	0.01	3	3318	卖盘
10:05:06	11.05	--	300	332516	买盘
10:05:03	11.05	-0.01	159	175783	卖盘
10:04:57	11.06	-0.01	27	29862	卖盘
10:04:54	11.07	0.01	10	11070	买盘
10:04:48	11.06	-0.01	15	16590	卖盘
10:04:45	11.07	--	12	13284	买盘
10:04:42	11.07	--	386	427302	买盘
10:04:39	11.07	--	6	6642	买盘
10:04:36	11.07	--	18	19926	买盘
10:04:33	11.07	0.01	8	8856	买盘
10:04:30	11.06	-0.01	350	387100	卖盘
10:04:21	11.07	--	39	43173	买盘
10:04:18	11.07	-0.01	17	18819	卖盘
10:04:12	11.08	0.01	5	5540	买盘
10:04:09	11.07	0.01	33	36531	买盘
10:04:03	11.06	-0.01	3	3318	卖盘
10:03:57	11.07	-0.01	17	18819	中性盘
10:03:48	11.08	--	10	11080	买盘
10:03:42	11.08	0.02	8	8864	买盘
10:03:39	11.06	-0.02	267	295302	卖盘
10:03:24	11.08	--	2	2216	买盘
10:03:21	11.08	--	105	116340	买盘
10:03:12	11.08	--	5	5540	买盘
10:03:03	11.08	0.01	294	325752	买盘
10:02:54	11.07	--	1	1107	卖盘
10:02:45	11.07	--	187	208027	买盘
10:02:42	11.07	0.01	8	8856	买盘
10:02:36	11.06	-0.01	1	1106	卖盘
10:02:24	11.07	0.01	10	11070	买盘
10:02:15	11.06	--	267	295302	买盘
10:02:12	11.06	--	6	6636	买盘
10:02:06	11.06	--	99	109494	卖盘
10:02:03	11.06	-0.01	1	1106	中性盘
10:01:45	11.07	--	104	115349	买盘
10:01:42	11.07	0.01	7	7749	买盘
10:01:39	11.06	--	89	98434	卖盘
10:01:36	11.06	--	10	11060	卖盘
10:01:30	11.06	--	255	282030	买盘
10:01:24	11.06	0.02	9	9954	买盘
10:01:21	11.04	-0.02	49	54095	卖盘
10:01:15	11.06	--	10	11060	买盘
10:01:12	11.06	0.02	6	6636	买盘
10:01:09	11.04	-0.02	1	1104	卖盘
10:00:42	11.06	0.02	13	14378	卖盘
10:00:39	11.04	-0.02	73	80592	卖盘
10:00:33	11.06	0.01	35	38710	买盘
10:00:30	11.05	-0.01	13	14365	卖盘
10:00:27	11.06	0.01	1606	1776236	买盘
10:00:24	11.05	--	19	20995	卖盘
10:00:15	11.05	-0.01	412	455260	卖盘
10:00:12	11.06	--	9	9954	买盘
10:00:09	11.06	--	10	11060	买盘
10:00:06	11.06	--	3	3318	买盘
10:00:03	11.06	--	5	5530	买盘
09:59:54	11.06	0.01	10	11060	买盘
09:59:51	11.05	-0.01	10	11050	卖盘
09:59:48	11.06	--	6	6636	买盘
09:59:42	11.06	--	142	157052	卖盘
09:59:30	11.06	--	36	39816	卖盘
09:59:21	11.06	-0.01	50	55300	卖盘
09:59:18	11.07	0.01	5	5535	买盘
09:59:15	11.06	-0.01	15	16590	卖盘
09:59:12	11.07	--	6	6642	买盘
09:59:03	11.07	--	39	43173	卖盘
09:58:57	11.07	--	2	2214	卖盘
09:58:54	11.07	-0.01	7	7749	卖盘
09:58:45	11.08	--	15	16620	买盘
09:58:42	11.08	--	12	13296	买盘
09:58:33	11.08	0.01	81	89748	买盘
09:58:30	11.07	-0.01	300	332100	卖盘
09:58:27	11.08	--	186	206088	买盘
09:58:24	11.08	--	154	170632	卖盘
09:58:21	11.08	-0.01	1	1108	卖盘
09:58:15	11.09	--	5	5545	买盘
09:58:12	11.09	0.01	6	6654	买盘
09:58:09	11.08	-0.01	10	11080	卖盘
09:58:03	11.09	--	100	110900	买盘
09:57:57	11.09	0.01	29	32161	买盘
09:57:45	11.08	-0.01	10	11080	卖盘
09:57:42	11.09	--	6	6654	买盘
09:57:39	11.09	--	10	11090	买盘
09:57:36	11.09	0.01	2	2218	买盘
09:57:21	11.08	--	13	14404	买盘
09:57:18	11.08	--	30	33240	买盘
09:57:12	11.08	--	15	16620	买盘
09:57:09	11.08	-0.01	33	36564	卖盘
09:57:06	11.09	0.01	10	11090	买盘
09:57:03	11.08	--	83	91964	买盘
09:57:00	11.08	--	60	66480	卖盘
09:56:57	11.08	-0.01	30	33240	卖盘
09:56:54	11.09	0.01	33	36597	买盘
09:56:51	11.08	--	228	252624	买盘
09:56:48	11.08	--	15	16620	买盘
09:56:42	11.08	--	14	15512	买盘
09:56:39	11.08	0.01	2	2216	买盘
09:56:36	11.07	-0.01	17	18819	卖盘
09:56:30	11.08	0.01	10	11080	买盘
09:56:24	11.07	0.01	49	54243	买盘
09:56:21	11.06	--	5	5530	卖盘
09:56:18	11.06	--	96	106176	卖盘
09:56:15	11.06	-0.01	16	17696	卖盘
09:56:12	11.07	--	56	61992	买盘
09:56:09	11.07	--	17	18819	买盘
09:56:03	11.07	0.01	5	5535	买盘
09:56:00	11.06	--	317	350602	买盘
09:55:57	11.06	--	7	7742	买盘
09:55:54	11.06	--	7	7742	买盘
09:55:51	11.06	--	11	12166	买盘
09:55:48	11.06	0.01	9	9954	买盘
09:55:45	11.05	-0.01	18	19890	卖盘
09:55:42	11.06	--	15	16590	买盘
09:55:39	11.06	--	31	34286	买盘
09:55:30	11.06	--	25	27650	买盘
09:55:27	11.06	--	20	22120	买盘
09:55:24	11.06	-0.01	50	55300	卖盘
09:55:12	11.07	0.01	7	7749	买盘
09:55:09	11.06	--	4	4424	卖盘
09:55:06	11.06	--	35	38710	卖盘
09:55:03	11.06	0.01	16	17696	买盘
09:54:54	11.05	-0.02	8	8840	卖盘
09:54:42	11.07	0.02	8	8856	买盘
09:54:39	11.05	--	10	11050	卖盘
09:54:36	11.05	--	44	48620	卖盘
09:54:33	11.05	--	7	7735	卖盘
09:54:30	11.05	--	186	205530	买盘
09:54:24	11.05	--	10	11050	买盘
09:54:21	11.05	--	49	54145	买盘
09:54:12	11.05	0.01	5	5525	买盘
09:54:03	11.04	--	458	505631	卖盘
09:53:48	11.04	--	2	2208	卖盘
09:53:45	11.04	-0.02	67	73968	卖盘
09:53:42	11.06	--	8	8848	买盘
09:53:36	11.06	--	2	2212	买盘
09:53:30	11.06	0.02	115	127190	买盘
09:53:18	11.04	-0.01	300	331200	卖盘
09:53:15	11.05	--	365	403325	买盘
09:53:12	11.05	--	15	16575	买盘
09:53:06	11.05	--	25	27625	卖盘
09:53:03	11.05	-0.01	5	5525	卖盘
09:53:00	11.06	--	2	2212	买盘
09:52:57	11.06	0.01	2	2212	买盘
09:52:45	11.05	-0.01	302	333710	卖盘
09:52:42	11.06	0.01	112	123872	买盘
09:52:39	11.05	--	19	20995	卖盘
09:52:36	11.05	--	41	45305	卖盘
09:52:30	11.05	--	33	36465	卖盘
09:52:27	11.05	-0.01	34	37570	卖盘
09:52:24	11.06	0.01	44	48664	买盘
09:52:21	11.05	--	2	2210	卖盘
09:52:18	11.05	--	50	55250	卖盘
09:52:15	11.05	-0.01	105	116025	卖盘
09:52:12	11.06	--	16	17696	买盘
09:52:09	11.06	--	14	15484	买盘
09:52:03	11.06	--	61	67466	买盘
09:52:00	11.06	--	5	5530	买盘
09:51:57	11.06	--	12	13272	买盘
09:51:54	11.06	--	7	7742	买盘
09:51:42	11.06	--	5	5530	买盘
09:51:39	11.06	--	2	2212	买盘
09:51:36	11.06	--	15	16590	买盘
09:51:33	11.06	-0.01	5	5530	卖盘
09:51:21	11.07	--	538	595566	买盘
09:51:12	11.07	0.01	26	28782	买盘
09:51:06	11.06	--	434	480004	买盘
09:51:03	11.06	--	71	78526	买盘
09:50:57	11.06	--	10	11060	买盘
09:50:51	11.06	0.01	130	143780	中性盘
09:50:45	11.05	-0.02	13	14365	卖盘
09:50:42	11.07	0.02	24	26568	买盘
09:50:39	11.05	--	152	167960	卖盘
09:50:33	11.05	-0.01	5	5525	卖盘
09:50:30	11.06	0.01	699	773094	买盘
09:50:27	11.05	--	32	35360	卖盘
09:50:24	11.05	--	8	8840	卖盘
09:50:15	11.05	-0.01	6	6630	卖盘
09:50:12	11.06	0.01	7	7742	买盘
09:50:06	11.05	-0.01	1	1105	卖盘
09:50:03	11.06	0.01	10	11060	买盘
09:50:00	11.05	0.01	109	120445	买盘
09:49:57	11.04	-0.01	13	14351	卖盘
09:49:51	11.05	--	11	12155	买盘
09:49:48	11.05	--	24	26520	买盘
09:49:42	11.05	--	16	17680	买盘
09:49:33	11.05	0.01	3	3315	买盘
09:49:30	11.04	-0.01	50	55199	卖盘
09:49:27	11.05	0.01	13	14365	买盘
09:49:24	11.04	--	31	34224	卖盘
09:49:15	11.04	-0.01	31	34224	卖盘
09:49:12	11.05	0.01	198	218790	买盘
09:49:06	11.04	--	15	16560	卖盘
09:49:03	11.04	-0.01	50	55199	卖盘
09:49:00	11.05	0.01	10	11050	中性盘
09:48:51	11.04	-0.02	150	165600	卖盘
09:48:48	11.06	0.01	105	116130	买盘
09:48:45	11.05	-0.01	10	11050	卖盘
09:48:42	11.06	0.02	5	5530	买盘
09:48:39	11.04	-0.02	338	373152	卖盘
09:48:36	11.06	0.02	2	2212	买盘
09:48:30	11.04	-0.03	50	55199	卖盘
09:48:12	11.07	0.02	16	17712	买盘
09:48:06	11.05	0.01	292	322660	买盘
09:48:03	11.04	-0.01	113	124751	卖盘
09:48:00	11.05	0.01	10	11050	买盘
09:47:57	11.04	-0.01	393	433871	卖盘
09:47:54	11.05	0.01	21	23205	买盘
09:47:42	11.04	-0.01	33	36432	卖盘
09:47:36	11.05	0.01	78	86190	买盘
09:47:33	11.04	-0.01	5	5520	卖盘
09:47:30	11.05	0.01	15	16575	买盘
09:47:24	11.04	-0.01	33	36432	卖盘
09:47:21	11.05	0.01	82	90610	买盘
09:47:18	11.04	-0.01	134	147936	中性盘
09:47:15	11.05	--	32	35360	买盘
09:47:12	11.05	0.01	810	895050	买盘
09:47:06	11.04	-0.01	57	62927	卖盘
09:47:03	11.05	--	23	25415	买盘
09:46:57	11.05	--	6	6630	买盘
09:46:51	11.05	-0.01	827	913835	卖盘
09:46:48	11.06	-0.01	18	19908	买盘
09:46:45	11.07	--	5	5535	买盘
09:46:42	11.07	0.02	54	59778	买盘
09:46:30	11.05	-0.02	1	1105	卖盘
09:46:27	11.07	0.02	2	2214	买盘
09:46:24	11.05	-0.01	132	145860	卖盘
09:46:21	11.06	--	50	55300	买盘
09:46:12	11.06	0.01	15	16590	买盘
09:46:09	11.05	0.01	10	11050	卖盘
09:46:06	11.04	-0.03	4	4416	卖盘
09:46:00	11.07	0.03	275	304425	买盘
09:45:57	11.04	-0.02	619	683376	卖盘
09:45:51	11.06	-0.01	29	32074	卖盘
09:45:42	11.07	0.01	51	56457	买盘
09:45:36	11.06	-0.01	33	36498	卖盘
09:45:33	11.07	--	83	91881	卖盘
09:45:30	11.07	--	37	40959	买盘
09:45:24	11.07	-0.01	10	11070	买盘
09:45:21	11.08	0.01	5	5540	买盘
09:45:18	11.07	--	20	22140	买盘
09:45:15	11.07	-0.02	41	45387	卖盘
09:45:12	11.09	0.02	21	23289	买盘
09:45:09	11.07	--	10	11070	卖盘
09:45:06	11.07	-0.01	102	112914	卖盘
09:45:03	11.08	--	269	298052	买盘
09:45:00	11.08	--	61	67588	买盘
09:44:57	11.08	--	50	55400	买盘
09:44:54	11.08	--	4	4432	买盘
09:44:48	11.08	--	7	7756	买盘
09:44:45	11.08	-0.01	135	149580	卖盘
09:44:42	11.09	--	6	6654	买盘
09:44:39	11.09	0.01	20	22180	买盘
09:44:36	11.08	-0.01	118	130744	卖盘
09:44:33	11.09	--	2	2218	买盘
09:44:30	11.09	--	10	11090	买盘
09:44:27	11.09	--	21	23289	买盘
09:44:24	11.09	--	49	54341	卖盘
09:44:21	11.09	--	53	58777	卖盘
09:44:18	11.09	--	99	109791	卖盘
09:44:15	11.09	-0.01	80	88720	卖盘
09:44:12	11.1	0.01	5	5550	买盘
09:44:06	11.09	-0.01	200	221800	卖盘
09:44:03	11.1	0.01	20	22200	买盘
09:44:00	11.09	0.01	59	65431	买盘
09:43:57	11.08	-0.01	14	15512	卖盘
09:43:54	11.09	0.01	40	44360	买盘
09:43:51	11.08	-0.01	8	8864	卖盘
09:43:48	11.09	0.01	106	117554	买盘
09:43:45	11.08	-0.01	115	127420	卖盘
09:43:42	11.09	0.01	109	120881	买盘
09:43:36	11.08	-0.01	31	34348	卖盘
09:43:33	11.09	--	13	14417	买盘
09:43:30	11.09	--	1	1109	买盘
09:43:18	11.09	0.01	27	29943	买盘
09:43:15	11.08	--	162	179496	买盘
09:43:12	11.08	0.01	13	14404	买盘
09:43:09	11.07	--	7	7749	买盘
09:43:03	11.07	--	15	16605	卖盘
09:42:57	11.07	0.01	285	315495	买盘
09:42:54	11.06	-0.01	30	33180	卖盘
09:42:51	11.07	--	25	27675	买盘
09:42:48	11.07	--	13	14391	买盘
09:42:45	11.07	0.01	39	43173	买盘
09:42:42	11.06	--	27	29862	中性盘
09:42:39	11.06	--	30	33180	卖盘
09:42:36	11.06	--	11	12166	买盘
09:42:33	11.06	0.01	10	11060	买盘
09:42:30	11.05	--	10	11050	卖盘
09:42:27	11.05	-0.01	191	211055	卖盘
09:42:24	11.06	--	10	11060	卖盘
09:42:21	11.06	-0.01	10	11060	卖盘
09:42:18	11.07	0.01	10	11070	买盘
09:42:12	11.06	-0.01	20	22120	卖盘
09:42:09	11.07	--	2	2214	买盘
09:42:03	11.07	--	125	138375	买盘
09:42:00	11.07	--	4	4428	买盘
09:41:57	11.07	--	4	4428	买盘
09:41:54	11.07	--	40	44280	买盘
09:41:51	11.07	0.01	126	139482	买盘
09:41:48	11.06	-0.01	145	160370	卖盘
09:41:45	11.07	--	10	11070	买盘
09:41:42	11.07	--	10	11070	买盘
09:41:39	11.07	--	75	83025	卖盘
09:41:36	11.07	-0.01	70	77490	卖盘
09:41:33	11.08	0.01	32	35456	买盘
09:41:30	11.07	--	200	221400	卖盘
09:41:27	11.07	--	39	43173	卖盘
09:41:24	11.07	-0.01	40	44280	卖盘
09:41:21	11.08	--	5	5540	买盘
09:41:18	11.08	--	30	33240	买盘
09:41:15	11.08	--	10	11080	买盘
09:41:12	11.08	0.01	14	15512	卖盘
09:41:06	11.07	-0.03	55	60885	卖盘
09:41:00	11.1	--	30	33300	买盘
09:40:57	11.1	0.03	10	11100	买盘
09:40:54	11.07	-0.03	45	49815	卖盘
09:40:45	11.1	--	25	27750	买盘
09:40:39	11.1	0.03	2	2220	买盘
09:40:36	11.07	--	20	22140	卖盘
09:40:30	11.07	--	49	54243	买盘
09:40:27	11.07	0.01	10	11070	中性盘
09:40:24	11.06	-0.01	2180	2411080	卖盘
09:40:15	11.07	--	111	122877	卖盘
09:40:12	11.07	--	7	7749	卖盘
09:40:06	11.07	--	78	86346	买盘
09:40:03	11.07	--	46	50922	买盘
09:39:57	11.07	--	40	44280	买盘
09:39:51	11.07	--	10	11070	买盘
09:39:45	11.07	--	12	13284	买盘
09:39:42	11.07	-0.01	38	42066	卖盘
09:39:39	11.08	0.01	223	247084	买盘
09:39:36	11.07	--	91	100737	卖盘
09:39:30	11.07	-0.01	112	123984	卖盘
09:39:27	11.08	-0.01	48	53184	中性盘
09:39:12	11.09	--	2	2218	买盘
09:39:09	11.09	0.02	10	11090	买盘
09:39:06	11.07	-0.02	26	28782	卖盘
09:39:03	11.09	--	46	51014	买盘
09:39:00	11.09	0.03	608	674272	买盘
09:38:57	11.06	--	10	11060	卖盘
09:38:54	11.06	--	40	44240	卖盘
09:38:51	11.06	0.01	121	133826	买盘
09:38:48	11.05	--	35	38675	卖盘
09:38:45	11.05	--	10	11050	卖盘
09:38:42	11.05	0.02	110	121771	买盘
09:38:27	11.03	-0.01	40	44120	卖盘
09:38:24	11.04	--	36	39744	买盘
09:38:18	11.04	--	62	68448	买盘
09:38:15	11.04	--	218	240671	买盘
09:38:09	11.04	0.01	5	5520	买盘
09:38:03	11.03	--	17	18751	买盘
09:37:57	11.03	--	26	28678	买盘
09:37:54	11.03	--	115	126844	卖盘
09:37:51	11.03	--	56	61768	卖盘
09:37:48	11.03	--	18	19854	卖盘
09:37:45	11.03	--	56	61768	买盘
09:37:42	11.03	0.01	10	11030	买盘
09:37:39	11.02	-0.01	38	41876	卖盘
09:37:33	11.03	0.01	121	133463	买盘
09:37:27	11.02	-0.01	25	27550	卖盘
09:37:18	11.03	0.01	10	11030	买盘
09:37:15	11.02	--	23	25346	卖盘
09:37:09	11.02	-0.01	24	26448	卖盘
09:37:06	11.03	--	50	55150	买盘
09:37:00	11.03	--	120	132360	买盘
09:36:57	11.03	0.01	36	39708	买盘
09:36:54	11.02	--	263	289826	卖盘
09:36:48	11.02	--	12	13224	卖盘
09:36:45	11.02	--	5	5510	卖盘
09:36:42	11.02	-0.01	37	40774	卖盘
09:36:39	11.03	0.01	1	1103	买盘
09:36:36	11.02	-0.01	95	104690	卖盘
09:36:30	11.03	0.01	13	14339	买盘
09:36:27	11.02	-0.01	79	87058	卖盘
09:36:24	11.03	--	5	5515	买盘
09:36:21	11.03	--	43	47429	买盘
09:36:18	11.03	--	4	4412	买盘
09:36:15	11.03	--	58	63973	买盘
09:36:12	11.03	--	34	37502	买盘
09:36:09	11.03	--	18	19854	买盘
09:36:06	11.03	--	5	5515	买盘
09:36:03	11.03	--	10	11030	买盘
09:36:00	11.03	--	16	17648	卖盘
09:35:57	11.03	--	10	11030	卖盘
09:35:51	11.03	--	200	220600	卖盘
09:35:48	11.03	-0.01	14	15442	卖盘
09:35:45	11.04	0.01	100	110399	买盘
09:35:42	11.03	--	39	43017	卖盘
09:35:39	11.03	-0.01	11	12133	卖盘
09:35:36	11.04	0.01	2	2208	买盘
09:35:33	11.03	-0.01	56	61768	卖盘
09:35:30	11.04	-0.01	97	107087	卖盘
09:35:27	11.05	--	94	103870	买盘
09:35:24	11.05	0.01	24	26520	买盘
09:35:21	11.04	--	7	7727	卖盘
09:35:12	11.04	-0.01	22	24287	卖盘
09:35:09	11.05	0.01	10	11050	买盘
09:35:06	11.04	--	34	37536	卖盘
09:35:00	11.04	--	17	18768	卖盘
09:34:57	11.04	-0.01	150	165600	卖盘
09:34:54	11.05	--	91	100555	买盘
09:34:51	11.05	--	4	4420	买盘
09:34:48	11.05	0.01	4	4420	买盘
09:34:45	11.04	-0.01	618	683155	卖盘
09:34:42	11.05	--	151	166855	卖盘
09:34:39	11.05	--	46	50830	卖盘
09:34:33	11.05	-0.01	20	22100	卖盘
09:34:30	11.06	--	130	143780	买盘
09:34:21	11.06	0.01	182	201292	买盘
09:34:18	11.05	-0.01	66	72930	卖盘
09:34:15	11.06	--	18	19908	买盘
09:34:12	11.06	--	108	119448	买盘
09:34:03	11.06	0.01	100	110600	买盘
09:33:57	11.05	--	6	6630	卖盘
09:33:54	11.05	--	64	70720	卖盘
09:33:48	11.05	-0.01	87	96135	卖盘
09:33:45	11.06	--	65	71890	买盘
09:33:39	11.06	--	20	22120	买盘
09:33:36	11.06	--	10	11060	买盘
09:33:33	11.06	--	50	55300	买盘
09:33:30	11.06	--	2	2212	买盘
09:33:27	11.06	0.01	200	221200	买盘
09:33:24	11.05	--	22	24310	卖盘
09:33:21	11.05	-0.01	7	7735	卖盘
09:33:15	11.06	0.01	10	11060	买盘
09:33:12	11.05	--	100	110721	买盘
09:33:09	11.05	--	101	111605	买盘
09:33:06	11.05	0.01	100	110500	买盘
09:33:03	11.04	--	50	55199	卖盘
09:33:00	11.04	--	14	15455	卖盘
09:32:57	11.04	--	7	7727	卖盘
09:32:54	11.04	--	80	88320	卖盘
09:32:51	11.04	--	187	206447	买盘
09:32:48	11.04	0.01	10	11040	买盘
09:32:45	11.03	-0.01	30	33090	中性盘
09:32:42	11.04	--	2	2208	买盘
09:32:39	11.04	0.02	29	32015	买盘
09:32:36	11.02	--	10	11020	卖盘
09:32:27	11.02	-0.01	8	8816	卖盘
09:32:24	11.03	-0.01	10	11030	中性盘
09:32:21	11.04	--	70	77280	买盘
09:32:15	11.04	0.01	200	220799	买盘
09:32:12	11.03	--	7	7721	买盘
09:32:09	11.03	0.01	53	58459	买盘
09:32:06	11.02	--	46	50692	卖盘
09:32:03	11.02	-0.02	150	165300	卖盘
09:32:00	11.04	--	110	121439	买盘
09:31:57	11.04	0.01	20	22080	买盘
09:31:54	11.03	--	23	25369	卖盘
09:31:51	11.03	-0.01	57	62870	卖盘
09:31:48	11.04	--	36	39744	买盘
09:31:45	11.04	--	7	7727	买盘
09:31:42	11.04	--	24	26495	买盘
09:31:27	11.04	0.02	58	64031	买盘
09:31:21	11.02	--	20	22040	卖盘
09:31:18	11.02	--	50	55100	卖盘
09:31:06	11.02	--	156	171912	卖盘
09:31:03	11.02	0.01	50	55100	买盘
09:31:00	11.01	--	2	2202	卖盘
09:30:57	11.01	--	28	30828	卖盘
09:30:54	11.01	--	30	33030	卖盘
09:30:51	11.01	--	40	44040	卖盘
09:30:48	11.01	-0.03	6	6606	卖盘
09:30:45	11.04	0.03	208	229631	买盘
09:30:39	11.01	--	57	62757	卖盘
09:30:36	11.01	--	30	33030	卖盘
09:30:33	11.01	0.01	21	23121	中性盘
09:30:21	11.0	-0.03	728	800800	卖盘
09:30:12	11.03	--	24	26472	买盘
09:30:06	11.03	--	31	34193	买盘
09:30:03	11.03	-0.02	595	656285	卖盘
09:30:00	11.05	--	0	0	买盘
09:25:03	11.05	11.05	1285	1419925	买盘
