成交时间	成交价	价格变动	成交量(手)	成交额(元)	性质
15:00:03	22.76	0.07	577	1313252	买盘
14:57:00	22.69	0.01	3	6807	买盘
14:56:57	22.68	-0.01	30	68040	卖盘
14:56:54	22.69	--	3	6807	买盘
14:56:51	22.69	--	21	47649	买盘
14:56:48	22.69	--	29	65801	买盘
14:56:45	22.69	--	26	58994	买盘
14:56:42	22.69	--	9	20421	买盘
14:56:36	22.69	-0.01	65	147485	卖盘
14:56:33	22.7	--	2	4540	卖盘
14:56:27	22.7	--	77	174790	买盘
14:56:21	22.7	0.02	11	24970	买盘
14:56:12	22.68	0.01	23	52164	卖盘
14:56:03	22.67	--	2	4534	卖盘
14:55:57	22.67	-0.03	12	27204	卖盘
14:55:54	22.7	--	235	533450	卖盘
14:55:51	22.7	--	55	124850	卖盘
14:55:48	22.7	0.02	152	345040	买盘
14:55:45	22.68	0.01	2	4536	买盘
14:55:42	22.67	-0.01	10	22670	卖盘
14:55:36	22.68	--	12	27216	买盘
14:55:33	22.68	--	3	6804	买盘
14:55:30	22.68	--	4	9072	卖盘
14:55:27	22.68	--	17	38556	卖盘
14:55:21	22.68	--	5	11340	卖盘
14:55:18	22.68	0.02	102	231336	买盘
14:55:15	22.66	-0.01	11	24926	卖盘
14:55:12	22.67	--	4	9068	买盘
14:55:09	22.67	-0.01	45	102015	卖盘
14:55:06	22.68	0.01	6	13608	买盘
14:55:03	22.67	-0.01	20	45340	卖盘
14:55:00	22.68	--	25	56700	买盘
14:54:57	22.68	0.01	23	52164	买盘
14:54:51	22.67	-0.01	36	81612	卖盘
14:54:48	22.68	--	2	4536	买盘
14:54:45	22.68	-0.01	70	158760	卖盘
14:54:42	22.69	0.01	15	34035	买盘
14:54:39	22.68	--	36	81648	卖盘
14:54:36	22.68	--	30	68040	买盘
14:54:33	22.68	--	9	20412	卖盘
14:54:27	22.68	--	1	2268	买盘
14:54:24	22.68	--	6	13608	买盘
14:54:21	22.68	--	3	6804	买盘
14:54:12	22.68	-0.01	15	34020	卖盘
14:54:06	22.69	0.02	209	474221	买盘
14:54:03	22.67	-0.01	10	22670	卖盘
14:54:00	22.68	0.01	5	11340	买盘
14:53:57	22.67	--	1	2267	卖盘
14:53:54	22.67	--	14	31738	卖盘
14:53:48	22.67	--	14	31738	卖盘
14:53:45	22.67	--	14	31738	卖盘
14:53:42	22.67	--	1	2267	买盘
14:53:39	22.67	0.01	50	113350	买盘
14:53:30	22.66	--	62	140492	卖盘
14:53:27	22.66	-0.01	7	15862	卖盘
14:53:21	22.67	--	34	77078	买盘
14:53:18	22.67	--	9	20403	买盘
14:53:12	22.67	-0.01	59	133753	卖盘
14:53:09	22.68	0.01	9	20412	买盘
14:53:03	22.67	-0.03	1	2267	卖盘
14:53:00	22.7	0.02	83	188410	买盘
14:52:57	22.68	-0.01	1	2268	中性盘
14:52:54	22.69	0.01	15	34035	买盘
14:52:48	22.68	-0.01	19	43092	卖盘
14:52:45	22.69	--	15	34035	卖盘
14:52:42	22.69	--	15	34035	卖盘
14:52:39	22.69	--	10	22690	卖盘
14:52:36	22.69	--	54	122526	卖盘
14:52:30	22.69	--	5	11345	卖盘
14:52:12	22.69	0.01	78	176982	买盘
14:52:03	22.68	--	58	131544	买盘
14:52:00	22.68	--	145	328860	买盘
14:51:57	22.68	--	5	11340	买盘
14:51:51	22.68	--	11	24948	买盘
14:51:45	22.68	-0.01	16	36288	卖盘
14:51:42	22.69	0.01	2	4538	买盘
14:51:39	22.68	-0.01	13	29484	卖盘
14:51:30	22.69	--	5	11345	买盘
14:51:27	22.69	--	12	27228	买盘
14:51:21	22.69	0.01	10	22690	买盘
14:51:18	22.68	-0.01	10	22680	卖盘
14:51:09	22.69	--	26	58994	卖盘
14:51:03	22.69	--	14	31766	卖盘
14:51:00	22.69	--	15	34035	卖盘
14:50:57	22.69	--	3	6807	买盘
14:50:54	22.69	--	4	9076	买盘
14:50:51	22.69	--	6	13614	买盘
14:50:39	22.69	--	2	4538	买盘
14:50:36	22.69	--	10	22690	买盘
14:50:33	22.69	--	4	9076	买盘
14:50:30	22.69	-0.01	5	11345	买盘
14:50:27	22.7	0.01	3	6810	卖盘
14:50:21	22.69	--	7	15883	买盘
14:50:18	22.69	-0.02	40	90760	卖盘
14:50:15	22.71	--	3	6813	买盘
14:50:06	22.71	0.01	18	40878	买盘
14:50:03	22.7	--	22	49940	卖盘
14:50:00	22.7	--	5	11350	卖盘
14:49:54	22.7	--	19	43130	卖盘
14:49:48	22.7	--	8	18160	买盘
14:49:42	22.7	--	4	9080	买盘
14:49:36	22.7	--	8	18160	卖盘
14:49:33	22.7	--	6	13620	卖盘
14:49:24	22.7	--	84	190680	买盘
14:49:18	22.7	0.01	5	11350	买盘
14:49:15	22.69	-0.01	1	2269	卖盘
14:49:06	22.7	0.01	1	2270	买盘
14:49:03	22.69	-0.01	2	4538	卖盘
14:48:57	22.7	0.01	1	2270	买盘
14:48:54	22.69	--	3	6807	卖盘
14:48:42	22.69	-0.01	11	24959	卖盘
14:48:33	22.7	0.01	22	49940	买盘
14:48:30	22.69	--	15	34035	买盘
14:48:24	22.69	0.02	21	47649	买盘
14:48:21	22.67	--	20	45340	买盘
14:48:18	22.67	-0.02	2	4534	卖盘
14:48:15	22.69	0.02	10	22690	买盘
14:48:12	22.67	-0.02	20	45340	卖盘
14:48:09	22.69	0.03	6	13614	中性盘
14:47:57	22.66	-0.01	11	24926	卖盘
14:47:54	22.67	--	1	2267	买盘
14:47:51	22.67	0.01	3	6801	买盘
14:47:48	22.66	--	2	4532	卖盘
14:47:45	22.66	-0.03	34	77044	卖盘
14:47:39	22.69	0.01	14	31766	买盘
14:47:36	22.68	-0.01	15	34020	买盘
14:47:27	22.69	0.02	40	90760	买盘
14:47:24	22.67	--	2	4534	中性盘
14:47:15	22.67	--	4	9068	卖盘
14:47:12	22.67	-0.01	6	13602	中性盘
14:47:06	22.68	0.01	10	22680	买盘
14:47:03	22.67	--	12	27204	买盘
14:47:00	22.67	--	13	29471	卖盘
14:46:57	22.67	--	3	6801	卖盘
14:46:51	22.67	--	17	38539	卖盘
14:46:45	22.67	--	10	22670	卖盘
14:46:39	22.67	-0.01	11	24937	卖盘
14:46:36	22.68	0.01	1	2268	买盘
14:46:30	22.67	-0.01	38	86146	卖盘
14:46:24	22.68	0.01	6	13608	买盘
14:46:21	22.67	--	5	11335	卖盘
14:46:18	22.67	--	17	38539	卖盘
14:46:09	22.67	--	39	88413	卖盘
14:46:06	22.67	--	2	4534	卖盘
14:45:57	22.67	--	6	13602	买盘
14:45:54	22.67	0.01	2	4534	买盘
14:45:45	22.66	--	5	11330	卖盘
14:45:42	22.66	--	2	4532	中性盘
14:45:33	22.66	-0.03	18	40788	卖盘
14:45:24	22.69	--	18	40842	买盘
14:45:18	22.69	0.04	10	22690	买盘
14:45:12	22.65	--	7	15854	卖盘
14:45:00	22.65	-0.04	11	24915	卖盘
14:44:57	22.69	0.04	9	20421	买盘
14:44:54	22.65	--	2	4530	卖盘
14:44:51	22.65	--	34	77010	卖盘
14:44:45	22.65	-0.01	12	27180	卖盘
14:44:42	22.66	0.01	18	40788	买盘
14:44:39	22.65	--	95	215175	卖盘
14:44:27	22.65	-0.01	8	18120	卖盘
14:44:21	22.66	--	2	4532	卖盘
14:44:18	22.66	0.01	2	4532	中性盘
14:44:06	22.65	-0.01	10	22650	卖盘
14:43:54	22.66	--	31	70246	卖盘
14:43:42	22.66	--	2	4532	卖盘
14:43:39	22.66	0.01	1	2266	中性盘
14:43:33	22.65	--	1	2265	卖盘
14:43:21	22.65	-0.01	4	9060	卖盘
14:43:12	22.66	-0.02	9	20394	卖盘
14:43:06	22.68	--	6	13608	卖盘
14:43:00	22.68	--	23	52164	卖盘
14:42:57	22.68	--	7	15876	卖盘
14:42:54	22.68	--	7	15876	卖盘
14:42:48	22.68	--	73	165564	卖盘
14:42:39	22.68	--	15	34020	卖盘
14:42:33	22.68	--	7	15876	卖盘
14:42:27	22.68	--	19	43092	卖盘
14:42:15	22.68	-0.01	15	34020	卖盘
14:42:12	22.69	0.01	50	113450	买盘
14:42:09	22.68	--	24	54432	卖盘
14:42:06	22.68	--	26	58968	卖盘
14:42:00	22.68	--	2	4536	卖盘
14:41:54	22.68	--	21	47628	卖盘
14:41:42	22.68	--	73	165564	卖盘
14:41:39	22.68	--	10	22680	卖盘
14:41:36	22.68	0.05	218	494424	买盘
14:41:33	22.63	-0.02	7	15841	卖盘
14:41:30	22.65	0.02	2	4530	买盘
14:41:24	22.63	--	13	29419	卖盘
14:41:21	22.63	-0.02	11	24893	卖盘
14:41:15	22.65	0.02	20	45300	买盘
14:41:12	22.63	--	9	20367	卖盘
14:41:09	22.63	--	1	2263	卖盘
14:41:06	22.63	--	7	15841	卖盘
14:41:00	22.63	--	8	18104	卖盘
14:40:57	22.63	--	1	2263	卖盘
14:40:54	22.63	--	3	6789	卖盘
14:40:48	22.63	--	21	47523	卖盘
14:40:39	22.63	-0.01	32	72416	卖盘
14:40:36	22.64	--	6	13584	卖盘
14:40:30	22.64	--	16	36224	卖盘
14:40:27	22.64	--	1	2264	卖盘
14:40:15	22.64	-0.01	1	2264	卖盘
14:40:03	22.65	0.01	7	15854	买盘
14:39:54	22.64	--	18	40752	卖盘
14:39:48	22.64	--	3	6792	卖盘
14:39:45	22.64	-0.01	10	22640	卖盘
14:39:42	22.65	0.01	19	43035	买盘
14:39:39	22.64	-0.01	32	72448	卖盘
14:39:36	22.65	0.01	2	4530	买盘
14:39:30	22.64	--	5	11320	卖盘
14:39:21	22.64	-0.02	16	36224	卖盘
14:39:12	22.66	0.02	50	113300	买盘
14:39:09	22.64	--	3	6792	卖盘
14:38:57	22.64	--	7	15848	卖盘
14:38:54	22.64	--	1	2264	卖盘
14:38:48	22.64	--	2	4528	卖盘
14:38:45	22.64	--	16	36224	买盘
14:38:36	22.64	--	6	13584	买盘
14:38:30	22.64	0.01	1	2264	买盘
14:38:24	22.63	-0.01	7	15841	卖盘
14:38:21	22.64	--	10	22640	卖盘
14:38:18	22.64	-0.02	10	22640	卖盘
14:38:15	22.66	--	6	13596	买盘
14:38:09	22.66	0.02	11	24926	买盘
14:38:03	22.64	0.01	3	6792	卖盘
14:37:51	22.63	-0.01	13	29419	卖盘
14:37:42	22.64	--	27	61128	卖盘
14:37:39	22.64	--	10	22640	卖盘
14:37:30	22.64	-0.02	8	18112	卖盘
14:37:24	22.66	-0.02	76	172216	卖盘
14:37:18	22.68	--	24	54432	卖盘
14:37:09	22.68	0.04	1	2268	卖盘
14:37:06	22.64	-0.04	77	174328	卖盘
14:37:03	22.68	--	1	2268	买盘
14:37:00	22.68	0.02	1	2268	买盘
14:36:57	22.66	--	4	9064	卖盘
14:36:45	22.66	-0.04	12	27192	中性盘
14:36:39	22.7	0.05	23	52210	买盘
14:36:36	22.65	-0.04	18	40770	卖盘
14:36:27	22.69	0.04	1	2269	买盘
14:36:24	22.65	-0.04	63	142695	卖盘
14:36:21	22.69	-0.01	1	2269	卖盘
14:36:18	22.7	0.04	3	6810	买盘
14:36:12	22.66	-0.03	11	24926	卖盘
14:36:09	22.69	-0.03	19	43111	卖盘
14:36:06	22.72	0.05	182	413504	买盘
14:36:03	22.67	-0.02	10	22670	卖盘
14:36:00	22.69	--	29	65801	买盘
14:35:51	22.69	--	27	61263	买盘
14:35:45	22.69	--	2	4538	买盘
14:35:42	22.69	0.01	56	127064	买盘
14:35:39	22.68	-0.02	23	52164	中性盘
14:35:33	22.7	0.03	10	22700	买盘
14:35:27	22.67	0.01	8	18136	中性盘
14:35:18	22.66	--	12	27192	卖盘
14:35:06	22.66	-0.01	35	79310	卖盘
14:35:03	22.67	--	5	11335	买盘
14:35:00	22.67	--	70	158690	买盘
14:34:57	22.67	0.01	10	22670	买盘
14:34:54	22.66	-0.01	15	33990	卖盘
14:34:51	22.67	--	21	47607	买盘
14:34:45	22.67	0.01	58	131486	买盘
14:34:33	22.66	--	20	45320	买盘
14:34:30	22.66	0.01	5	11330	买盘
14:34:21	22.65	--	7	15854	卖盘
14:34:12	22.65	--	6	13590	卖盘
14:34:03	22.65	--	8	18120	买盘
14:34:00	22.65	0.02	15	33975	买盘
14:33:51	22.63	--	7	15841	卖盘
14:33:48	22.63	-0.03	18	40734	卖盘
14:33:42	22.66	0.02	67	151822	买盘
14:33:39	22.64	0.01	3	6792	中性盘
14:33:27	22.63	-0.03	5	11315	卖盘
14:33:24	22.66	0.03	7	15862	买盘
14:33:15	22.63	-0.03	15	33945	卖盘
14:33:09	22.66	0.03	18	40788	卖盘
14:33:06	22.63	-0.04	34	76942	卖盘
14:33:03	22.67	0.01	4	9068	买盘
14:32:54	22.66	--	11	24926	卖盘
14:32:51	22.66	--	102	231132	卖盘
14:32:45	22.66	0.03	32	72512	买盘
14:32:42	22.63	-0.03	6	13578	卖盘
14:32:36	22.66	0.03	1	2266	买盘
14:32:33	22.63	-0.03	1	2263	卖盘
14:32:30	22.66	0.03	20	45320	买盘
14:32:27	22.63	--	3	6789	卖盘
14:32:21	22.63	--	2	4526	卖盘
14:32:09	22.63	--	5	11315	卖盘
14:32:06	22.63	0.01	7	15841	买盘
14:32:00	22.62	--	4	9048	卖盘
14:31:57	22.62	--	7	15834	买盘
14:31:48	22.62	-0.04	13	29406	卖盘
14:31:39	22.66	0.04	10	22660	买盘
14:31:36	22.62	-0.01	16	36192	卖盘
14:31:33	22.63	0.01	5	11315	中性盘
14:31:27	22.62	-0.05	23	52026	卖盘
14:31:18	22.67	0.04	47	106549	买盘
14:31:15	22.63	-0.02	35	79205	卖盘
14:31:09	22.65	0.02	7	15854	买盘
14:31:03	22.63	0.01	114	257982	中性盘
14:30:54	22.62	0.01	2	4524	中性盘
14:30:42	22.61	--	8	18088	卖盘
14:30:30	22.61	--	4	9044	卖盘
14:30:27	22.61	0.01	20	45220	买盘
14:30:21	22.6	-0.01	16	36160	卖盘
14:30:12	22.61	--	24	54264	买盘
14:30:09	22.61	--	25	56525	买盘
14:30:06	22.61	-0.04	4	9044	买盘
14:30:00	22.65	0.07	11	24915	买盘
14:29:57	22.58	-0.02	42	94836	卖盘
14:29:48	22.6	-0.01	8	18080	卖盘
14:29:45	22.61	0.01	110	248710	买盘
14:29:42	22.6	--	40	90400	卖盘
14:29:36	22.6	-0.01	23	51980	卖盘
14:29:33	22.61	0.01	33	74613	买盘
14:29:27	22.6	-0.06	7	15820	卖盘
14:29:24	22.66	--	25	56650	买盘
14:29:21	22.66	0.1	1	2266	买盘
14:29:15	22.56	-0.04	22	49632	卖盘
14:29:12	22.6	--	32	72320	卖盘
14:29:09	22.6	--	5	11300	卖盘
14:29:03	22.6	--	18	40680	买盘
14:29:00	22.6	--	30	67800	买盘
14:28:57	22.6	0.05	2	4520	买盘
14:28:51	22.55	-0.05	48	108240	卖盘
14:28:45	22.6	0.04	30	67800	买盘
14:28:42	22.56	-0.04	114	257183	卖盘
14:28:39	22.6	--	20	45200	买盘
14:28:36	22.6	--	7	15820	买盘
14:28:33	22.6	0.02	146	329960	买盘
14:28:30	22.58	-0.02	26	58707	卖盘
14:28:27	22.6	--	2	4520	买盘
14:28:24	22.6	-0.07	281	635060	卖盘
14:28:21	22.67	--	2	4534	卖盘
14:28:18	22.67	-0.04	86	194962	卖盘
14:28:12	22.71	0.01	7	15897	买盘
14:28:09	22.7	0.04	50	113500	中性盘
14:27:57	22.66	-0.01	3	6798	卖盘
14:27:54	22.67	--	4	9068	买盘
14:27:48	22.67	0.01	1	2267	买盘
14:27:45	22.66	-0.05	4	9064	卖盘
14:27:42	22.71	-0.01	2	4542	中性盘
14:27:39	22.72	0.06	7	15904	买盘
14:27:36	22.66	-0.04	7	15862	卖盘
14:27:27	22.7	--	11	24970	卖盘
14:27:24	22.7	0.04	8	18160	买盘
14:27:15	22.66	0.01	20	45320	买盘
14:27:12	22.65	--	1	2265	卖盘
14:27:03	22.65	--	2	4530	买盘
14:27:00	22.65	--	1	2265	买盘
14:26:54	22.65	0.01	3	6795	买盘
14:26:51	22.64	--	4	9056	卖盘
14:26:42	22.64	0.01	2	4528	买盘
14:26:39	22.63	--	5	11315	卖盘
14:26:30	22.63	--	6	13578	卖盘
14:26:27	22.63	--	12	27156	买盘
14:26:24	22.63	0.01	8	18104	买盘
14:26:18	22.62	--	13	29406	中性盘
14:26:09	22.62	0.03	2	4524	买盘
14:26:06	22.59	-0.02	43	97137	卖盘
14:26:03	22.61	0.01	10	22610	买盘
14:26:00	22.6	--	2	4520	卖盘
14:25:57	22.6	--	116	262160	卖盘
14:25:48	22.6	--	47	106220	买盘
14:25:45	22.6	--	153	345780	买盘
14:25:42	22.6	--	44	99440	买盘
14:25:39	22.6	--	6	13560	买盘
14:25:36	22.6	--	8	18080	买盘
14:25:33	22.6	-0.03	430	971800	卖盘
14:25:30	22.63	0.02	27	61101	买盘
14:25:24	22.61	-0.02	164	370804	卖盘
14:25:21	22.63	0.01	5	11315	买盘
14:25:12	22.62	0.01	7	15834	中性盘
14:25:06	22.61	-0.01	10	22610	卖盘
14:25:03	22.62	0.01	10	22620	买盘
14:25:00	22.61	0.01	13	29393	卖盘
14:24:51	22.6	-0.01	46	103960	卖盘
14:24:45	22.61	0.01	7	15827	买盘
14:24:42	22.6	--	121	273460	卖盘
14:24:39	22.6	--	29	65540	卖盘
14:24:27	22.6	-0.03	23	51980	卖盘
14:24:24	22.63	0.02	31	70153	买盘
14:24:21	22.61	--	7	15827	买盘
14:24:18	22.61	--	9	20349	买盘
14:24:15	22.61	-0.02	68	153748	卖盘
14:24:12	22.63	--	3	6789	买盘
14:24:09	22.63	--	11	24893	卖盘
14:24:06	22.63	--	7	15841	卖盘
14:23:54	22.63	--	25	56575	卖盘
14:23:51	22.63	0.02	2	4526	买盘
14:23:45	22.61	0.01	3	6783	中性盘
14:23:42	22.6	-0.01	44	99440	卖盘
14:23:36	22.61	--	18	40698	买盘
14:23:33	22.61	-0.03	96	218616	卖盘
14:23:27	22.64	--	18	40752	卖盘
14:23:24	22.64	0.04	16	36925	买盘
14:23:21	22.6	-0.01	345	779700	卖盘
14:23:15	22.61	-0.01	20	45220	卖盘
14:23:12	22.62	--	31	70122	卖盘
14:23:09	22.62	-0.02	57	128934	卖盘
14:23:06	22.64	0.02	2	4528	买盘
14:23:03	22.62	--	60	135720	卖盘
14:23:00	22.62	-0.02	116	262392	卖盘
14:22:57	22.64	--	12	28730	卖盘
14:22:54	22.64	--	17	38488	卖盘
14:22:48	22.64	--	36	81504	卖盘
14:22:45	22.64	-0.02	287	649768	卖盘
14:22:39	22.66	--	49	111034	卖盘
14:22:36	22.66	-0.01	77	174482	卖盘
14:22:27	22.67	-0.01	38	86146	卖盘
14:22:15	22.68	--	5	11340	卖盘
14:22:03	22.68	-0.04	20	45360	卖盘
14:21:57	22.72	0.04	8	18176	买盘
14:21:54	22.68	--	59	133812	卖盘
14:21:48	22.68	--	40	90720	卖盘
14:21:42	22.68	-0.01	20	45360	卖盘
14:21:36	22.69	--	20	45380	卖盘
14:21:33	22.69	--	20	45380	卖盘
14:21:30	22.69	--	15	34035	卖盘
14:21:27	22.69	-0.01	12	27228	卖盘
14:21:24	22.7	--	10	22700	买盘
14:21:21	22.7	--	42	95340	卖盘
14:21:18	22.7	--	4	9080	买盘
14:21:15	22.7	--	36	81720	卖盘
14:21:09	22.7	-0.03	13	29510	卖盘
14:21:06	22.73	--	4	9092	买盘
14:21:00	22.73	--	6	13638	卖盘
14:20:57	22.73	--	3	6819	卖盘
14:20:48	22.73	--	9	20457	卖盘
14:20:36	22.73	0.01	15	34095	中性盘
14:20:30	22.72	-0.03	43	97696	卖盘
14:20:27	22.75	0.02	3	6825	买盘
14:20:24	22.73	--	1	2273	卖盘
14:20:15	22.73	--	3	6819	卖盘
14:20:06	22.73	--	3	6819	卖盘
14:20:03	22.73	0.01	8	18184	买盘
14:19:51	22.72	--	15	34080	卖盘
14:19:42	22.72	0.01	17	38624	买盘
14:19:39	22.71	--	38	86298	买盘
14:19:33	22.71	0.01	3	6813	买盘
14:19:30	22.7	-0.02	22	49940	卖盘
14:19:24	22.72	0.01	5	11360	买盘
14:19:18	22.71	-0.02	1	2271	卖盘
14:19:15	22.73	0.03	16	36368	买盘
14:19:09	22.7	-0.02	3	6810	卖盘
14:19:06	22.72	0.04	5	11360	中性盘
14:18:57	22.68	--	10	22680	卖盘
14:18:45	22.68	-0.04	30	68040	卖盘
14:18:42	22.72	--	5	11360	卖盘
14:18:39	22.72	0.05	23	52256	买盘
14:18:36	22.67	--	10	22670	卖盘
14:18:33	22.67	-0.01	30	68010	卖盘
14:18:27	22.68	--	29	65772	卖盘
14:18:24	22.68	--	4	9072	卖盘
14:18:12	22.68	--	9	20412	卖盘
14:18:09	22.68	--	5	11340	卖盘
14:18:03	22.68	0.02	33	74844	中性盘
14:17:54	22.66	-0.01	100	226600	卖盘
14:17:51	22.67	--	12	27204	卖盘
14:17:42	22.67	--	3	6801	卖盘
14:17:39	22.67	--	38	86146	卖盘
14:17:30	22.67	--	15	34005	卖盘
14:17:27	22.67	-0.03	40	90680	卖盘
14:17:21	22.7	0.03	49	111230	买盘
14:17:18	22.67	--	4	9068	卖盘
14:17:06	22.67	-0.01	14	31738	卖盘
14:16:57	22.68	--	15	34020	卖盘
14:16:54	22.68	-0.01	37	83916	卖盘
14:16:48	22.69	--	6	13614	卖盘
14:16:45	22.69	0.01	40	90760	买盘
14:16:36	22.68	--	23	52164	卖盘
14:16:33	22.68	--	17	38556	卖盘
14:16:30	22.68	--	18	40824	卖盘
14:16:24	22.68	--	4	9072	卖盘
14:16:21	22.68	-0.01	2	4536	卖盘
14:16:15	22.69	--	10	22690	卖盘
14:16:12	22.69	-0.01	3	6807	卖盘
14:16:03	22.7	--	5	11350	卖盘
14:16:00	22.7	0.01	3	6810	中性盘
14:15:51	22.69	0.01	3	6807	卖盘
14:15:39	22.68	--	3	6804	卖盘
14:15:36	22.68	--	9	20412	卖盘
14:15:30	22.68	--	5	11340	卖盘
14:15:27	22.68	-0.02	9	20412	卖盘
14:15:18	22.7	0.01	11	24970	买盘
14:15:15	22.69	0.01	7	15883	买盘
14:15:12	22.68	--	11	24948	卖盘
14:15:06	22.68	--	5	11340	卖盘
14:15:03	22.68	-0.01	5	11340	卖盘
14:15:00	22.69	0.01	10	22690	买盘
14:14:54	22.68	-0.01	16	36288	卖盘
14:14:51	22.69	--	1	2269	买盘
14:14:48	22.69	--	51	115719	卖盘
14:14:45	22.69	--	6	13614	卖盘
14:14:33	22.69	0.01	22	49918	卖盘
14:14:24	22.68	-0.01	38	86184	卖盘
14:14:21	22.69	0.02	10	22690	买盘
14:14:18	22.67	--	28	63476	卖盘
14:14:12	22.67	-0.02	11	24937	卖盘
14:14:09	22.69	0.01	5	11345	买盘
14:14:00	22.68	-0.02	39	88452	卖盘
14:13:51	22.7	0.01	4	9080	买盘
14:13:48	22.69	-0.01	26	58994	卖盘
14:13:45	22.7	0.01	20	45400	买盘
14:13:42	22.69	0.02	1	2269	卖盘
14:13:39	22.67	-0.02	69	156423	卖盘
14:13:30	22.69	0.01	2	4538	买盘
14:13:27	22.68	--	4	9072	卖盘
14:13:24	22.68	0.01	29	65772	卖盘
14:13:21	22.67	--	201	455667	卖盘
14:13:15	22.67	-0.02	12	27204	卖盘
14:13:06	22.69	-0.01	16	36304	中性盘
14:12:57	22.7	0.03	19	43130	买盘
14:12:54	22.67	-0.02	31	70277	卖盘
14:12:45	22.69	0.02	62	140678	买盘
14:12:42	22.67	-0.02	27	61209	卖盘
14:12:39	22.69	0.01	18	40842	买盘
14:12:33	22.68	--	7	15876	卖盘
14:12:30	22.68	-0.01	33	74844	中性盘
14:12:21	22.69	0.02	38	86222	买盘
14:12:18	22.67	-0.01	27	61209	卖盘
14:12:12	22.68	0.01	5	11340	买盘
14:12:09	22.67	-0.01	7	15869	卖盘
14:12:06	22.68	-0.02	11	24948	卖盘
14:12:00	22.7	0.02	9	20430	买盘
14:11:57	22.68	--	14	31752	卖盘
14:11:51	22.68	-0.01	72	163296	卖盘
14:11:48	22.69	--	2	4538	卖盘
14:11:36	22.69	-0.04	6	13614	卖盘
14:11:30	22.73	0.04	20	45460	买盘
14:11:27	22.69	--	3	6807	卖盘
14:11:15	22.69	0.01	8	18152	中性盘
14:11:03	22.68	-0.02	29	65772	卖盘
14:10:57	22.7	0.02	77	174790	买盘
14:10:54	22.68	--	10	22680	卖盘
14:10:51	22.68	--	3	6804	卖盘
14:10:48	22.68	--	10	22680	卖盘
14:10:42	22.68	-0.01	3	6804	卖盘
14:10:36	22.69	0.01	6	13614	买盘
14:10:30	22.68	0.01	3	6804	中性盘
14:10:18	22.67	--	8	18136	卖盘
14:10:09	22.67	-0.01	3	6801	卖盘
14:10:06	22.68	0.01	17	38556	卖盘
14:09:57	22.67	-0.01	8	18136	卖盘
14:09:54	22.68	--	8	18144	买盘
14:09:51	22.68	0.01	12	27216	买盘
14:09:45	22.67	--	10	22670	卖盘
14:09:36	22.67	-0.01	7	15869	卖盘
14:09:27	22.68	--	10	22680	卖盘
14:09:24	22.68	-0.02	10	22680	卖盘
14:09:18	22.7	--	17	38590	卖盘
14:09:12	22.7	--	15	34050	卖盘
14:09:03	22.7	-0.02	56	127120	卖盘
14:08:51	22.72	--	7	15904	卖盘
14:08:48	22.72	-0.02	184	418048	卖盘
14:08:45	22.74	--	20	45480	买盘
14:08:42	22.74	0.01	1	2274	买盘
14:08:39	22.73	-0.01	4	9092	卖盘
14:08:30	22.74	-0.02	1	2274	卖盘
14:08:27	22.76	0.02	2	4552	买盘
14:08:18	22.74	--	5	11370	卖盘
14:08:09	22.74	--	8	18192	卖盘
14:08:06	22.74	-0.01	6	13643	卖盘
14:08:00	22.75	0.01	9	20475	买盘
14:07:57	22.74	-0.01	8	18192	卖盘
14:07:54	22.75	--	3	6825	买盘
14:07:48	22.75	0.01	11	25025	卖盘
14:07:45	22.74	-0.01	3	6821	卖盘
14:07:33	22.75	-0.02	6	13650	卖盘
14:07:30	22.77	0.02	1	2277	买盘
14:07:27	22.75	-0.01	19	43225	卖盘
14:07:24	22.76	0.02	2	4552	中性盘
14:07:12	22.74	-0.03	8	18192	卖盘
14:07:09	22.77	0.03	5	11385	买盘
14:07:00	22.74	-0.03	19	43206	卖盘
14:06:51	22.77	0.02	9	20493	买盘
14:06:48	22.75	--	64	145600	卖盘
14:06:45	22.75	-0.02	2	4550	卖盘
14:06:39	22.77	0.02	20	45540	买盘
14:06:27	22.75	-0.02	60	136500	卖盘
14:06:21	22.77	0.02	5	11385	买盘
14:06:18	22.75	-0.02	2	4550	卖盘
14:06:15	22.77	0.01	200	455400	买盘
14:06:09	22.76	--	4	9104	卖盘
14:06:06	22.76	--	1	2276	卖盘
14:05:57	22.76	0.01	6	13656	买盘
14:05:54	22.75	--	1	2275	卖盘
14:05:45	22.75	-0.01	3	6825	卖盘
14:05:36	22.76	--	6	13656	买盘
14:05:24	22.76	--	2	4552	卖盘
14:05:21	22.76	--	1	2276	卖盘
14:05:12	22.76	--	3	6828	卖盘
14:05:03	22.76	--	7	15932	卖盘
14:05:00	22.76	--	4	9104	卖盘
14:04:51	22.76	--	6	13656	卖盘
14:04:48	22.76	--	10	22760	卖盘
14:04:42	22.76	0.01	1	2276	买盘
14:04:39	22.75	--	19	43225	卖盘
14:04:36	22.75	-0.01	8	18200	卖盘
14:04:33	22.76	0.01	3	6828	买盘
14:04:27	22.75	--	66	150150	卖盘
14:04:15	22.75	--	2	4550	卖盘
14:04:06	22.75	--	4	9100	卖盘
14:03:54	22.75	-0.02	8	18200	卖盘
14:03:48	22.77	--	5	11385	买盘
14:03:42	22.77	-0.01	30	68310	卖盘
14:03:39	22.78	0.01	30	68340	买盘
14:03:33	22.77	--	9	20493	卖盘
14:03:27	22.77	0.02	11	25047	买盘
14:03:21	22.75	-0.01	21	47775	卖盘
14:03:18	22.76	0.01	8	18208	买盘
14:03:15	22.75	-0.01	2	4550	卖盘
14:03:12	22.76	--	12	27312	买盘
14:03:09	22.76	--	10	22760	买盘
14:03:06	22.76	--	38	86488	卖盘
14:03:00	22.76	--	8	18208	卖盘
14:02:54	22.76	-0.01	25	56900	卖盘
14:02:48	22.77	0.01	2	4554	卖盘
14:02:36	22.76	--	1	2276	卖盘
14:02:27	22.76	-0.02	5	11380	卖盘
14:02:21	22.78	0.02	1	2278	买盘
14:02:15	22.76	-0.01	18	40968	卖盘
14:02:09	22.77	-0.01	25	56925	卖盘
14:02:06	22.78	--	2	4556	卖盘
14:02:03	22.78	--	28	63784	卖盘
14:01:54	22.78	-0.01	3	6834	卖盘
14:01:51	22.79	--	5	11395	买盘
14:01:42	22.79	0.01	9	20511	买盘
14:01:33	22.78	--	6	13668	卖盘
14:01:18	22.78	0.02	2	4556	买盘
14:01:09	22.76	--	1	2276	中性盘
14:00:57	22.76	--	2	4552	卖盘
14:00:51	22.76	0.01	3	6828	卖盘
14:00:48	22.75	-0.03	4	9100	卖盘
14:00:36	22.78	-0.01	10	22780	卖盘
14:00:30	22.79	0.04	13	29627	买盘
14:00:27	22.75	-0.03	22	50050	卖盘
14:00:24	22.78	--	3	6834	卖盘
14:00:18	22.78	0.03	6	13668	中性盘
14:00:12	22.75	-0.04	3	6825	卖盘
14:00:09	22.79	--	2	4558	买盘
14:00:06	22.79	0.04	2	4558	买盘
14:00:03	22.75	-0.04	7	15925	卖盘
13:59:54	22.79	0.04	5	11395	买盘
13:59:51	22.75	0.01	1	2275	中性盘
13:59:42	22.74	--	2	4548	卖盘
13:59:39	22.74	--	2	4548	卖盘
13:59:30	22.74	-0.04	5	11370	卖盘
13:59:27	22.78	--	2	4556	买盘
13:59:18	22.78	--	14	31892	买盘
13:59:12	22.78	0.05	1	2278	买盘
13:59:09	22.73	-0.02	14	31822	卖盘
13:59:06	22.75	-0.05	28	63700	卖盘
13:58:57	22.8	0.05	143	326040	买盘
13:58:45	22.75	-0.03	11	25025	卖盘
13:58:33	22.78	-0.01	35	79730	卖盘
13:58:30	22.79	--	3	6837	卖盘
13:58:24	22.79	--	75	170925	卖盘
13:58:21	22.79	0.02	43	97997	买盘
13:58:18	22.77	0.02	2	4554	中性盘
13:58:12	22.75	-0.01	14	31850	卖盘
13:58:09	22.76	--	7	15932	卖盘
13:58:00	22.76	--	47	106972	卖盘
13:57:51	22.76	--	9	20484	卖盘
13:57:48	22.76	--	5	11380	卖盘
13:57:45	22.76	0.04	128	291328	买盘
13:57:39	22.72	--	30	68160	卖盘
13:57:33	22.72	--	53	120416	买盘
13:57:30	22.72	0.06	32	72704	买盘
13:57:27	22.66	0.01	19	43054	卖盘
13:57:18	22.65	--	14	31709	卖盘
13:57:12	22.65	-0.07	56	126839	卖盘
13:57:09	22.72	0.02	6	13632	买盘
13:57:06	22.7	--	7	15890	卖盘
13:57:03	22.7	0.04	30	68100	卖盘
13:56:54	22.66	0.01	4	9064	中性盘
13:56:45	22.65	0.01	10	22650	中性盘
13:56:33	22.64	--	37	83768	卖盘
13:56:27	22.64	--	30	67920	卖盘
13:56:21	22.64	-0.01	82	185648	卖盘
13:56:15	22.65	-0.01	279	631935	卖盘
13:56:12	22.66	--	5	11330	卖盘
13:56:06	22.66	--	5	11330	卖盘
13:56:00	22.66	-0.06	11	24926	卖盘
13:55:54	22.72	0.07	7	15904	买盘
13:55:48	22.65	--	31	70215	卖盘
13:55:39	22.65	-0.01	107	242354	卖盘
13:55:33	22.66	0.01	12	27192	卖盘
13:55:27	22.65	--	36	81540	卖盘
13:55:21	22.65	-0.01	93	210645	卖盘
13:55:15	22.66	-0.06	22	49852	卖盘
13:55:12	22.72	--	4	9088	卖盘
13:55:09	22.72	0.04	46	104512	买盘
13:55:06	22.68	--	29	65772	卖盘
13:55:00	22.68	--	53	120204	卖盘
13:54:54	22.68	-0.04	44	99792	卖盘
13:54:51	22.72	0.02	4	9088	买盘
13:54:48	22.7	-0.02	5	11350	卖盘
13:54:45	22.72	0.02	3	6816	买盘
13:54:42	22.7	--	146	331420	卖盘
13:54:36	22.7	--	30	68100	卖盘
13:54:33	22.7	--	60	136200	卖盘
13:54:27	22.7	0.04	100	227000	中性盘
13:54:21	22.66	-0.02	204	462264	卖盘
13:54:18	22.68	-0.01	2	5239	卖盘
13:54:15	22.69	-0.01	31	70339	卖盘
13:54:09	22.7	--	13	29510	买盘
13:54:06	22.7	-0.02	655	1488416	卖盘
13:54:00	22.72	--	6	13632	卖盘
13:53:48	22.72	0.01	7	15904	中性盘
13:53:36	22.71	-0.04	25	56775	卖盘
13:53:33	22.75	0.03	6	13650	买盘
13:53:27	22.72	-0.03	52	118144	卖盘
13:53:24	22.75	0.02	30	68250	买盘
13:53:15	22.73	0.01	6	13638	中性盘
13:53:03	22.72	-0.04	6	13632	卖盘
13:53:00	22.76	0.04	7	15932	买盘
13:52:54	22.72	-0.04	22	49984	卖盘
13:52:48	22.76	0.01	50	113800	买盘
13:52:45	22.75	--	21	47775	卖盘
13:52:42	22.75	0.03	1	2275	中性盘
13:52:30	22.72	-0.03	2	4544	卖盘
13:52:27	22.75	0.03	5	11375	买盘
13:52:21	22.72	--	8	18176	卖盘
13:52:09	22.72	--	9	20448	卖盘
13:51:57	22.72	-0.03	17	38624	卖盘
13:51:54	22.75	0.03	6	13650	买盘
13:51:48	22.72	-0.02	57	129504	卖盘
13:51:42	22.74	0.01	116	264488	买盘
13:51:39	22.73	--	55	125015	买盘
13:51:36	22.73	--	22	50006	买盘
13:51:33	22.73	--	2	4546	买盘
13:51:27	22.73	0.01	5	11365	买盘
13:51:24	22.72	--	2	4544	卖盘
13:51:15	22.72	-0.01	7	15904	中性盘
13:51:06	22.73	0.01	10	22730	买盘
13:51:03	22.72	0.02	12	27264	买盘
13:50:51	22.7	--	16	36320	卖盘
13:50:42	22.7	--	8	18160	买盘
13:50:36	22.7	-0.01	46	104420	卖盘
13:50:30	22.71	-0.02	3	6813	中性盘
13:50:21	22.73	0.03	5	11365	买盘
13:50:18	22.7	-0.03	3	6810	卖盘
13:50:12	22.73	--	1	2273	买盘
13:50:09	22.73	--	11	25003	买盘
13:50:00	22.73	0.05	5	11365	买盘
13:49:57	22.68	-0.05	19	43092	卖盘
13:49:51	22.73	0.05	13	29549	买盘
13:49:45	22.68	-0.03	51	115668	卖盘
13:49:42	22.71	0.04	83	188493	卖盘
13:49:36	22.67	-0.01	95	215365	卖盘
13:49:30	22.68	-0.05	50	113400	卖盘
13:49:24	22.73	0.05	6	13638	买盘
13:49:18	22.68	--	34	77112	卖盘
13:49:12	22.68	--	11	24948	卖盘
13:49:03	22.68	-0.03	28	63504	卖盘
13:49:00	22.71	--	9	20439	卖盘
13:48:54	22.71	--	21	47691	卖盘
13:48:51	22.71	--	76	172596	买盘
13:48:45	22.71	0.01	112	254352	买盘
13:48:42	22.7	0.02	15	34050	买盘
13:48:39	22.68	-0.01	28	63504	卖盘
13:48:33	22.69	-0.01	30	68070	卖盘
13:48:30	22.7	--	19	43130	卖盘
13:48:21	22.7	--	38	86260	买盘
13:48:18	22.7	--	24	54480	买盘
13:48:12	22.7	-0.01	5	11350	中性盘
13:48:09	22.71	--	1	2271	买盘
13:48:06	22.71	--	53	120363	买盘
13:48:03	22.71	--	3	6813	买盘
13:47:57	22.71	0.01	30	68130	中性盘
13:47:54	22.7	-0.03	65	147550	卖盘
13:47:51	22.73	0.03	11	25003	买盘
13:47:45	22.7	-0.01	43	97610	卖盘
13:47:39	22.71	0.01	63	143073	中性盘
13:47:33	22.7	-0.03	15	34050	卖盘
13:47:27	22.73	--	7	15911	买盘
13:47:24	22.73	0.03	11	25003	中性盘
13:47:21	22.7	-0.04	33	74910	卖盘
13:47:12	22.74	0.01	112	254687	买盘
13:47:09	22.73	--	1	2273	买盘
13:47:06	22.73	0.02	6	13638	买盘
13:47:00	22.71	0.01	1	2271	中性盘
13:46:48	22.7	0.01	3	6810	中性盘
13:46:39	22.69	-0.05	6	13614	中性盘
13:46:36	22.74	--	5	11370	买盘
13:46:30	22.74	0.06	4	9096	买盘
13:46:27	22.68	-0.06	12	27216	卖盘
13:46:21	22.74	0.06	3	6821	买盘
13:46:18	22.68	--	3	6804	买盘
13:46:15	22.68	-0.06	38	86184	卖盘
13:46:09	22.74	0.05	23	52302	买盘
13:46:06	22.69	--	63	142947	卖盘
13:46:03	22.69	0.01	21	47649	卖盘
13:46:00	22.68	-0.01	90	204120	卖盘
13:45:57	22.69	--	20	45380	买盘
13:45:54	22.69	--	12	27228	买盘
13:45:51	22.69	--	6	13614	买盘
13:45:48	22.69	--	5	11345	买盘
13:45:45	22.69	0.02	10	22690	买盘
13:45:42	22.67	-0.02	5	11335	卖盘
13:45:39	22.69	0.02	3	6807	买盘
13:45:33	22.67	-0.02	7	15869	卖盘
13:45:30	22.69	0.03	1	2269	中性盘
13:45:21	22.66	-0.03	28	63448	卖盘
13:45:18	22.69	--	19	43111	买盘
13:45:12	22.69	-0.01	18	40842	卖盘
13:45:09	22.7	--	8	18160	卖盘
13:45:06	22.7	0.01	49	111230	买盘
13:45:00	22.69	--	23	52187	卖盘
13:44:54	22.69	-0.01	2	4538	卖盘
13:44:51	22.7	0.07	29	65830	买盘
13:44:48	22.63	-0.06	14	31682	卖盘
13:44:45	22.69	0.07	10	22690	买盘
13:44:36	22.62	-0.06	51	115362	卖盘
13:44:33	22.68	0.05	10	22680	中性盘
13:44:27	22.63	-0.05	35	79205	卖盘
13:44:18	22.68	0.06	34	77112	买盘
13:44:15	22.62	0.01	22	49764	卖盘
13:44:12	22.61	-0.01	60	135660	卖盘
13:44:09	22.62	--	2	4524	买盘
13:44:06	22.62	0.01	25	56550	买盘
13:44:03	22.61	--	50	113050	卖盘
13:43:54	22.61	-0.04	170	384370	卖盘
13:43:51	22.65	0.02	94	212910	买盘
13:43:48	22.63	0.01	41	92783	买盘
13:43:45	22.62	--	2	4524	买盘
13:43:42	22.62	--	31	70122	买盘
13:43:39	22.62	-0.06	142	321204	卖盘
13:43:33	22.68	0.07	2	4536	买盘
13:43:30	22.61	-0.01	60	135660	卖盘
13:43:27	22.62	-0.03	96	217152	卖盘
13:43:24	22.65	--	2	4530	卖盘
13:43:21	22.65	-0.03	32	72480	卖盘
13:43:18	22.68	0.04	12	27216	买盘
13:43:15	22.64	--	7	15848	买盘
13:43:12	22.64	--	76	172064	买盘
13:43:09	22.64	--	32	72448	买盘
13:43:06	22.64	-0.01	36	81504	卖盘
13:42:57	22.65	-0.03	14	31709	中性盘
13:42:51	22.68	0.04	4	9072	买盘
13:42:48	22.64	-0.04	48	108672	卖盘
13:42:42	22.68	-0.02	1	2268	中性盘
13:42:39	22.7	0.06	6	13620	买盘
13:42:36	22.64	-0.06	93	210552	卖盘
13:42:33	22.7	--	23	52210	买盘
13:42:27	22.7	-0.01	113	256510	卖盘
13:42:24	22.71	--	58	131718	卖盘
13:42:21	22.71	-0.01	63	143073	卖盘
13:42:15	22.72	-0.03	94	213568	卖盘
13:42:12	22.75	--	10	22750	买盘
13:42:09	22.75	0.02	21	47775	卖盘
13:42:06	22.73	-0.02	96	218208	卖盘
13:42:03	22.75	--	3	6825	卖盘
13:41:57	22.75	--	4	9100	卖盘
13:41:51	22.75	--	7	15925	卖盘
13:41:42	22.75	--	18	40950	卖盘
13:41:39	22.75	-0.03	4	9100	卖盘
13:41:33	22.78	0.03	1	2278	买盘
13:41:30	22.75	-0.03	56	127400	卖盘
13:41:24	22.78	0.01	5	11390	中性盘
13:41:18	22.77	-0.01	158	359766	卖盘
13:41:15	22.78	--	36	82008	卖盘
13:41:09	22.78	-0.02	10	22780	卖盘
13:41:06	22.8	0.01	505	1151400	买盘
13:40:57	22.79	-0.01	22	50138	卖盘
13:40:51	22.8	--	12	27360	卖盘
13:40:48	22.8	--	53	120840	卖盘
13:40:45	22.8	-0.02	4	9120	卖盘
13:40:42	22.82	--	3	6846	买盘
13:40:39	22.82	0.02	4	9128	买盘
13:40:36	22.8	-0.02	14	31920	卖盘
13:40:33	22.82	0.02	1	2282	买盘
13:40:24	22.8	-0.02	26	59280	卖盘
13:40:18	22.82	0.01	13	29666	中性盘
13:40:15	22.81	-0.01	50	114050	卖盘
13:40:12	22.82	-0.02	22	50204	卖盘
13:40:09	22.84	0.02	5	11420	买盘
13:40:03	22.82	-0.02	6	13692	卖盘
13:40:00	22.84	--	7	15988	买盘
13:39:57	22.84	--	9	20556	买盘
13:39:54	22.84	0.02	12	27408	买盘
13:39:51	22.82	0.01	4	9128	中性盘
13:39:36	22.81	--	16	36496	卖盘
13:39:27	22.81	0.01	3	6843	中性盘
13:39:18	22.8	--	1	2280	中性盘
13:39:06	22.8	0.02	2	4560	中性盘
13:38:57	22.78	--	8	18224	卖盘
13:38:48	22.78	0.01	3	6834	中性盘
13:38:45	22.77	--	20	45540	卖盘
13:38:39	22.77	-0.02	6	13662	卖盘
13:38:36	22.79	0.03	4	9116	卖盘
13:38:33	22.76	-0.01	59	134284	卖盘
13:38:27	22.77	--	23	52371	买盘
13:38:24	22.77	-0.05	75	170775	卖盘
13:38:18	22.82	--	16	36512	买盘
13:38:12	22.82	0.02	16	36512	买盘
13:38:09	22.8	-0.05	994	2266320	卖盘
13:38:06	22.85	--	26	59410	卖盘
13:38:03	22.85	--	23	52555	卖盘
13:38:00	22.85	--	14	31990	卖盘
13:37:54	22.85	--	30	68550	卖盘
13:37:51	22.85	-0.01	3	6855	卖盘
13:37:48	22.86	0.02	18	41148	买盘
13:37:39	22.84	-0.02	10	22840	卖盘
13:37:36	22.86	0.02	2	4572	买盘
13:37:27	22.84	--	1	2284	卖盘
13:37:18	22.84	--	4	9136	卖盘
13:37:06	22.84	--	9	20556	卖盘
13:36:57	22.84	--	4	9136	买盘
13:36:54	22.84	0.01	28	63952	卖盘
13:36:45	22.83	-0.01	26	59357	卖盘
13:36:42	22.84	0.01	10	22840	卖盘
13:36:33	22.83	-0.01	108	246563	卖盘
13:36:30	22.84	--	3	6852	买盘
13:36:27	22.84	0.01	12	27408	买盘
13:36:21	22.83	-0.01	20	45660	卖盘
13:36:18	22.84	-0.02	9	20556	买盘
13:36:12	22.86	0.02	22	50292	买盘
13:36:09	22.84	--	30	68520	卖盘
13:36:00	22.84	--	56	127904	卖盘
13:35:54	22.84	--	8	18272	卖盘
13:35:51	22.84	--	1	2284	卖盘
13:35:48	22.84	--	47	107348	卖盘
13:35:45	22.84	--	43	98212	买盘
13:35:39	22.84	0.01	12	27408	买盘
13:35:36	22.83	-0.01	36	82188	卖盘
13:35:33	22.84	--	10	22840	买盘
13:35:27	22.84	--	55	125620	卖盘
13:35:21	22.84	--	1	2284	卖盘
13:35:15	22.84	-0.01	9	20556	卖盘
13:35:12	22.85	--	170	388450	卖盘
13:35:03	22.85	-0.01	15	34275	卖盘
13:34:57	22.86	--	8	18288	卖盘
13:34:54	22.86	--	46	105156	卖盘
13:34:51	22.86	--	3	6858	卖盘
13:34:48	22.86	--	15	34290	卖盘
13:34:42	22.86	-0.01	121	276606	卖盘
13:34:39	22.87	--	16	36592	卖盘
13:34:30	22.87	-0.02	25	57175	卖盘
13:34:27	22.89	0.01	5	11445	买盘
13:34:21	22.88	--	14	32032	卖盘
13:34:12	22.88	--	2	4576	卖盘
13:34:09	22.88	--	12	27456	卖盘
13:34:03	22.88	--	40	91520	卖盘
13:33:57	22.88	--	1	2288	卖盘
13:33:48	22.88	-0.01	2	4576	卖盘
13:33:36	22.89	0.01	19	43491	买盘
13:33:33	22.88	--	38	86944	卖盘
13:33:27	22.88	-0.01	8	18304	卖盘
13:33:21	22.89	--	5	11445	买盘
13:33:18	22.89	--	16	36624	买盘
13:33:15	22.89	0.01	5	11445	买盘
13:33:06	22.88	-0.01	1	2288	卖盘
13:32:57	22.89	0.01	3	6867	买盘
13:32:54	22.88	--	1	2288	卖盘
13:32:45	22.88	--	3	6864	卖盘
13:32:27	22.88	--	10	22880	卖盘
13:32:21	22.88	--	1	2288	卖盘
13:32:12	22.88	--	4	9152	卖盘
13:32:00	22.88	--	12	27456	卖盘
13:31:48	22.88	-0.02	7	16016	卖盘
13:31:42	22.9	0.02	22	50380	买盘
13:31:39	22.88	--	2	4576	卖盘
13:31:27	22.88	-0.02	2	4576	卖盘
13:31:24	22.9	0.02	4	9160	买盘
13:31:18	22.88	--	8	18304	卖盘
13:31:06	22.88	--	2	4576	卖盘
13:30:54	22.88	-0.02	5	11440	卖盘
13:30:45	22.9	--	7	16029	卖盘
13:30:42	22.9	--	1	2290	卖盘
13:30:33	22.9	--	4	9160	卖盘
13:30:21	22.9	-0.01	1	2290	卖盘
13:30:18	22.91	--	11	25201	买盘
13:30:15	22.91	--	1	2291	卖盘
13:30:06	22.91	--	3	6873	卖盘
13:29:42	22.91	--	43	98513	买盘
13:29:39	22.91	--	2	4582	卖盘
13:29:36	22.91	--	4	9164	买盘
13:29:24	22.91	--	1	2291	买盘
13:29:15	22.91	--	10	22910	买盘
13:29:09	22.91	--	4	9164	买盘
13:29:03	22.91	--	3	6873	买盘
13:28:09	22.91	--	2	4582	买盘
13:28:03	22.91	--	6	13746	买盘
13:27:48	22.91	0.01	5	11455	买盘
13:27:39	22.9	-0.01	30	68700	卖盘
13:27:36	22.91	--	8	18328	买盘
13:27:12	22.91	--	2	4582	买盘
13:27:00	22.91	0.01	3	6873	中性盘
13:26:57	22.9	-0.01	14	32059	卖盘
13:26:48	22.91	--	4	9164	中性盘
13:26:42	22.91	--	2	4582	买盘
13:26:33	22.91	0.01	5	11455	买盘
13:26:30	22.9	-0.01	11	25190	卖盘
13:26:24	22.91	--	20	45820	买盘
13:26:03	22.91	--	14	32074	买盘
13:26:00	22.91	--	2	4582	卖盘
13:25:51	22.91	--	10	22910	卖盘
13:25:48	22.91	--	20	45820	卖盘
13:25:45	22.91	--	9	20619	买盘
13:25:42	22.91	0.01	2	4582	买盘
13:25:39	22.9	-0.01	6	13740	卖盘
13:25:36	22.91	0.01	5	11455	买盘
13:25:30	22.9	--	20	45800	卖盘
13:25:27	22.9	--	3	6870	卖盘
13:25:18	22.9	-0.01	45	103050	卖盘
13:25:12	22.91	--	10	22910	买盘
13:24:51	22.91	--	55	126005	买盘
13:24:39	22.91	--	4	9164	卖盘
13:24:33	22.91	--	5	11455	卖盘
13:24:27	22.91	--	7	16037	卖盘
13:24:15	22.91	-0.01	3	6873	卖盘
13:24:12	22.92	0.01	10	22920	买盘
13:24:09	22.91	-0.01	33	75603	卖盘
13:24:03	22.92	--	13	29796	卖盘
13:24:00	22.92	--	11	25212	买盘
13:23:57	22.92	0.01	4	9168	买盘
13:23:54	22.91	-0.01	10	22910	卖盘
13:23:51	22.92	--	2	4584	买盘
13:23:45	22.92	--	1	2292	买盘
13:23:33	22.92	0.01	1	2292	买盘
13:23:30	22.91	-0.01	4	9164	卖盘
13:23:15	22.92	--	17	38964	买盘
13:23:03	22.92	0.01	1	2292	买盘
13:22:51	22.91	-0.01	8	18328	卖盘
13:22:48	22.92	0.01	4	9168	买盘
13:22:45	22.91	--	5	11455	卖盘
13:22:39	22.91	-0.01	9	20619	卖盘
13:22:33	22.92	--	1	2292	买盘
13:22:30	22.92	-0.01	1	2292	中性盘
13:22:06	22.93	0.03	2	4586	买盘
13:22:00	22.9	-0.03	10	22900	卖盘
13:21:54	22.93	--	1	2293	买盘
13:21:51	22.93	--	17	38981	买盘
13:21:42	22.93	--	9	20637	买盘
13:21:33	22.93	0.01	4	9172	买盘
13:21:18	22.92	--	13	29796	买盘
13:21:15	22.92	--	1	2292	买盘
13:21:03	22.92	0.02	1	2292	买盘
13:20:51	22.9	-0.02	1	2290	卖盘
13:20:48	22.92	0.02	59	135228	买盘
13:20:42	22.9	-0.01	22	50380	卖盘
13:20:39	22.91	0.01	5	11455	买盘
13:20:33	22.9	--	23	52670	卖盘
13:20:24	22.9	--	25	57250	卖盘
13:20:18	22.9	0.02	156	357240	买盘
13:20:09	22.88	--	10	22880	买盘
13:20:03	22.88	--	36	82368	卖盘
13:19:57	22.88	--	3	6864	中性盘
13:19:33	22.88	--	1	2288	买盘
13:19:21	22.88	-0.01	20	45760	卖盘
13:19:12	22.89	--	6	13734	买盘
13:19:03	22.89	0.01	1	2289	买盘
13:18:51	22.88	--	31	70928	卖盘
13:18:48	22.88	--	1	2288	买盘
13:18:33	22.88	--	9	20592	卖盘
13:18:24	22.88	--	16	36608	买盘
13:18:21	22.88	--	14	32032	买盘
13:18:18	22.88	--	2	4576	买盘
13:18:09	22.88	--	7	16016	买盘
13:18:03	22.88	-0.02	21	48048	卖盘
13:17:39	22.9	0.01	1	2290	买盘
13:17:36	22.89	-0.01	30	68670	卖盘
13:17:33	22.9	0.01	2	4580	买盘
13:17:27	22.89	--	1	2289	卖盘
13:17:18	22.89	--	4	9156	卖盘
13:17:09	22.89	0.01	25	57225	买盘
13:17:03	22.88	--	3	6864	卖盘
13:17:00	22.88	--	7	16016	卖盘
13:16:51	22.88	--	13	29744	卖盘
13:16:45	22.88	-0.01	9	20592	卖盘
13:16:36	22.89	--	15	34335	买盘
13:16:33	22.89	-0.01	11	25179	卖盘
13:16:24	22.9	0.02	2	4580	中性盘
13:16:00	22.88	-0.03	75	171600	卖盘
13:15:57	22.91	0.02	4	9164	买盘
13:15:51	22.89	--	33	75537	买盘
13:15:33	22.89	--	9	20601	卖盘
13:15:30	22.89	-0.02	3	6867	卖盘
13:15:24	22.91	--	5	11455	买盘
13:15:09	22.91	--	1	2291	买盘
13:14:51	22.91	0.03	9	20619	买盘
13:14:36	22.88	--	3	6864	卖盘
13:14:27	22.88	--	33	75504	买盘
13:14:18	22.88	--	7	16016	买盘
13:14:15	22.88	--	22	50336	卖盘
13:14:03	22.88	-0.03	45	102960	卖盘
13:13:51	22.91	0.03	10	22910	买盘
13:13:45	22.88	--	35	80080	卖盘
13:13:39	22.88	0.02	5	11440	中性盘
13:13:24	22.86	--	1	2286	卖盘
13:13:18	22.86	0.01	2	4572	中性盘
13:12:48	22.85	--	2	4570	买盘
13:12:42	22.85	-0.08	11	25135	卖盘
13:12:36	22.93	0.08	5	11465	买盘
13:12:33	22.85	--	16	36560	卖盘
13:12:30	22.85	-0.08	1000	2285000	卖盘
13:12:27	22.93	--	1	2293	买盘
13:12:21	22.93	--	19	43567	卖盘
13:12:09	22.93	--	30	68790	卖盘
13:12:03	22.93	-0.01	27	61911	卖盘
13:12:00	22.94	0.01	2	4588	买盘
13:11:57	22.93	--	10	22930	卖盘
13:11:51	22.93	--	7	16051	卖盘
13:11:33	22.93	--	18	41274	买盘
13:11:21	22.93	--	3	6879	买盘
13:11:15	22.93	0.01	4	9172	买盘
13:11:00	22.92	-0.01	1	2292	卖盘
13:10:51	22.93	0.01	5	11465	买盘
13:10:48	22.92	--	5	11460	卖盘
13:10:33	22.92	-0.01	5	11460	卖盘
13:10:27	22.93	0.01	10	22930	买盘
13:09:57	22.92	-0.01	1	2292	卖盘
13:09:48	22.93	0.01	2	4586	买盘
13:09:36	22.92	--	1	2292	卖盘
13:09:00	22.92	--	3	6876	卖盘
13:08:57	22.92	--	10	22920	卖盘
13:08:42	22.92	-0.01	27	61884	卖盘
13:08:12	22.93	--	10	22930	买盘
13:08:03	22.93	--	11	25223	买盘
13:08:00	22.93	--	1	2293	卖盘
13:06:51	22.93	--	1	2293	买盘
13:06:45	22.93	0.01	3	6879	买盘
13:06:36	22.92	-0.01	49	112308	卖盘
13:06:33	22.93	--	3	6879	买盘
13:06:21	22.93	--	2	4586	卖盘
13:06:12	22.93	--	13	29809	买盘
13:05:36	22.93	--	1	2293	买盘
13:05:30	22.93	-0.01	4	9172	中性盘
13:04:42	22.94	0.01	10	22940	买盘
13:04:36	22.93	-0.01	11	25223	卖盘
13:03:57	22.94	--	4	9176	买盘
13:03:54	22.94	0.01	2	4588	买盘
13:03:51	22.93	-0.01	5	11465	卖盘
13:03:48	22.94	0.01	3	6882	买盘
13:03:42	22.93	--	3	6879	卖盘
13:03:27	22.93	-0.01	7	16051	卖盘
13:03:09	22.94	0.01	4	9176	买盘
13:03:06	22.93	0.01	1	2293	中性盘
13:02:51	22.92	--	12	27504	卖盘
13:02:39	22.92	-0.02	5	11460	卖盘
13:02:21	22.94	-0.02	158	362452	卖盘
13:02:12	22.96	--	6	13776	买盘
13:02:06	22.96	-0.01	11	25256	卖盘
13:02:03	22.97	--	2	4594	买盘
13:02:00	22.97	0.01	20	45940	中性盘
13:01:48	22.96	-0.02	145	332920	卖盘
13:01:45	22.98	0.01	1	2298	买盘
13:01:36	22.97	--	12	27564	买盘
13:01:33	22.97	-0.01	3	6891	中性盘
13:01:18	22.98	0.01	2	4596	买盘
13:01:06	22.97	--	6	13782	卖盘
13:00:57	22.97	--	45	103365	买盘
13:00:51	22.97	--	8	18376	买盘
13:00:45	22.97	--	6	13782	买盘
13:00:33	22.97	0.01	6	13782	买盘
13:00:27	22.96	-0.01	5	11480	卖盘
13:00:24	22.97	--	32	73504	买盘
13:00:06	22.97	0.01	8	18376	买盘
13:00:03	22.96	--	176	404096	买盘
13:00:00	22.96	--	0	0	买盘
11:30:00	22.96	--	0	0	买盘
11:29:57	22.96	--	7	16072	买盘
11:29:48	22.96	--	2	4592	买盘
11:29:42	22.96	0.01	5	11480	买盘
11:29:24	22.95	--	10	22950	买盘
11:29:21	22.95	--	37	84915	买盘
11:29:03	22.95	--	5	11475	买盘
11:29:00	22.95	0.01	22	50490	买盘
11:28:33	22.94	-0.01	10	22940	卖盘
11:28:30	22.95	0.01	10	22950	买盘
11:28:27	22.94	-0.01	3	6882	卖盘
11:28:00	22.95	0.01	1	2295	买盘
11:27:51	22.94	--	27	61938	买盘
11:27:48	22.94	--	20	45880	买盘
11:27:39	22.94	0.02	10	22940	买盘
11:27:33	22.92	--	1	2292	卖盘
11:27:06	22.92	--	1	2292	卖盘
11:26:27	22.92	--	5	11460	卖盘
11:25:48	22.92	--	1	2292	卖盘
11:25:27	22.92	-0.02	2	4584	卖盘
11:25:24	22.94	0.02	7	16058	买盘
11:25:21	22.92	-0.02	10	22920	卖盘
11:25:12	22.94	--	13	29822	买盘
11:25:00	22.94	--	1	2294	买盘
11:24:51	22.94	--	21	48174	卖盘
11:24:48	22.94	--	15	34410	卖盘
11:24:36	22.94	-0.01	29	66526	卖盘
11:24:15	22.95	--	10	22950	买盘
11:24:12	22.95	0.01	18	41310	买盘
11:24:03	22.94	-0.01	1	2294	卖盘
11:23:57	22.95	--	5	11475	买盘
11:23:51	22.95	0.01	26	59670	买盘
11:23:48	22.94	-0.01	5	11470	卖盘
11:23:39	22.95	0.01	1	2295	买盘
11:23:24	22.94	--	5	11470	买盘
11:23:18	22.94	--	19	43586	买盘
11:23:15	22.94	0.01	10	22940	买盘
11:23:06	22.93	--	7	16051	买盘
11:22:57	22.93	--	55	126115	买盘
11:22:51	22.93	0.02	42	96306	买盘
11:22:48	22.91	-0.01	80	183280	卖盘
11:22:39	22.92	0.01	9	20628	买盘
11:22:36	22.91	-0.01	23	52693	卖盘
11:22:12	22.92	-0.01	1	2292	卖盘
11:22:09	22.93	--	20	45860	买盘
11:22:06	22.93	0.01	1	2293	买盘
11:22:00	22.92	--	30	68760	卖盘
11:21:42	22.92	-0.01	30	68760	卖盘
11:21:39	22.93	0.01	14	32102	买盘
11:21:27	22.92	--	19	43548	买盘
11:21:24	22.92	0.01	15	34380	买盘
11:21:21	22.91	-0.01	25	57275	卖盘
11:21:15	22.92	0.02	1	2292	买盘
11:21:12	22.9	0.01	10	22900	买盘
11:21:09	22.89	--	13	29757	中性盘
11:21:06	22.89	--	11	25179	买盘
11:21:03	22.89	--	20	45780	买盘
11:20:57	22.89	--	10	22890	买盘
11:20:54	22.89	0.01	9	20601	买盘
11:20:51	22.88	-0.01	17	38896	卖盘
11:20:48	22.89	--	23	52647	买盘
11:20:39	22.89	--	13	29757	买盘
11:20:36	22.89	--	10	22890	买盘
11:20:27	22.89	--	1	2289	买盘
11:20:21	22.89	--	127	290703	买盘
11:20:18	22.89	0.01	15	34335	买盘
11:20:12	22.88	--	2	4576	卖盘
11:20:09	22.88	-0.01	3	6864	卖盘
11:20:06	22.89	0.01	3	6867	买盘
11:20:03	22.88	--	1	2288	卖盘
11:19:30	22.88	--	10	22880	卖盘
11:19:24	22.88	--	13	29744	卖盘
11:19:21	22.88	-0.01	3	6864	卖盘
11:19:15	22.89	0.01	23	52647	买盘
11:19:09	22.88	-0.01	10	22880	卖盘
11:18:57	22.89	--	3	6867	买盘
11:18:54	22.89	--	50	114450	买盘
11:18:33	22.89	0.01	16	36624	买盘
11:18:12	22.88	-0.01	5	11440	卖盘
11:18:00	22.89	--	45	103005	买盘
11:17:57	22.89	0.01	5	11445	买盘
11:17:51	22.88	-0.01	260	594880	卖盘
11:17:45	22.89	--	19	43491	买盘
11:17:36	22.89	--	10	22890	买盘
11:17:30	22.89	--	10	22890	买盘
11:17:27	22.89	--	2	4578	买盘
11:17:24	22.89	0.01	33	75537	买盘
11:17:21	22.88	--	18	41184	卖盘
11:17:09	22.88	-0.01	50	114400	卖盘
11:17:06	22.89	0.01	5	11445	买盘
11:16:57	22.88	--	1	2288	卖盘
11:16:48	22.88	--	11	25168	卖盘
11:16:27	22.88	-0.01	1	2288	卖盘
11:16:15	22.89	--	4	9156	买盘
11:16:12	22.89	0.01	1	2289	买盘
11:16:06	22.88	-0.01	43	98384	卖盘
11:15:48	22.89	--	320	732480	卖盘
11:15:15	22.89	--	6	13734	卖盘
11:14:57	22.89	-0.01	17	38913	卖盘
11:14:33	22.9	--	1	2290	买盘
11:14:21	22.9	--	3	6870	买盘
11:14:09	22.9	--	10	22900	买盘
11:13:57	22.9	--	113	258769	卖盘
11:13:54	22.9	--	5	11450	卖盘
11:13:33	22.9	--	34	77860	买盘
11:13:30	22.9	--	4	9160	买盘
11:13:24	22.9	--	46	105340	卖盘
11:13:21	22.9	-0.03	60	137400	卖盘
11:12:54	22.93	--	6	13758	买盘
11:12:51	22.93	0.03	3	6879	买盘
11:12:36	22.9	--	23	52670	买盘
11:12:33	22.9	--	3	6870	买盘
11:12:30	22.9	--	5	11450	买盘
11:12:27	22.9	0.01	1	2290	买盘
11:12:24	22.89	-0.01	4	9156	卖盘
11:12:15	22.9	--	5	11450	买盘
11:12:09	22.9	--	16	36640	买盘
11:11:57	22.9	--	1	2290	买盘
11:11:54	22.9	--	10	22900	买盘
11:11:45	22.9	-0.02	27	61829	卖盘
11:11:39	22.92	--	15	34380	买盘
11:11:36	22.92	0.02	4	9168	买盘
11:11:27	22.9	--	1	2290	卖盘
11:11:12	22.9	--	10	22900	卖盘
11:11:06	22.9	--	6	13740	卖盘
11:11:00	22.9	--	4	9160	卖盘
11:10:51	22.9	-0.02	1	2290	卖盘
11:10:33	22.92	0.02	2	4584	买盘
11:10:30	22.9	0.01	1	2290	中性盘
11:10:21	22.89	-0.03	113	258657	卖盘
11:09:42	22.92	--	4	9168	买盘
11:09:39	22.92	--	10	22920	卖盘
11:09:36	22.92	--	21	48132	卖盘
11:09:30	22.92	--	4	9168	卖盘
11:09:27	22.92	-0.01	2	4584	卖盘
11:09:09	22.93	--	4	9172	买盘
11:08:48	22.93	--	1	2293	卖盘
11:08:45	22.93	-0.01	2	4586	买盘
11:08:15	22.94	0.04	4	9176	买盘
11:08:12	22.9	--	4	9160	卖盘
11:07:57	22.9	--	49	112210	买盘
11:07:48	22.9	--	20	45800	买盘
11:07:45	22.9	-0.03	113	258769	卖盘
11:07:36	22.93	-0.01	4	9172	卖盘
11:07:33	22.94	0.01	10	22940	买盘
11:07:21	22.93	--	4	9172	买盘
11:07:15	22.93	--	1	2293	买盘
11:07:12	22.93	--	1	2293	买盘
11:07:03	22.93	0.03	7	16051	买盘
11:06:12	22.9	--	6	13740	卖盘
11:06:09	22.9	-0.02	100	229000	卖盘
11:06:06	22.92	0.02	8	18336	买盘
11:05:51	22.9	-0.02	22	50380	卖盘
11:05:24	22.92	-0.01	67	153564	卖盘
11:05:03	22.93	--	1	2293	买盘
11:04:51	22.93	--	8	18344	卖盘
11:04:48	22.93	--	20	45860	卖盘
11:04:39	22.93	0.01	15	34395	买盘
11:04:36	22.92	-0.01	1	2292	卖盘
11:04:24	22.93	0.01	1	2293	买盘
11:04:18	22.92	--	10	22920	卖盘
11:04:15	22.92	--	122	279624	买盘
11:04:09	22.92	0.02	5	11460	买盘
11:04:00	22.9	-0.01	15	34350	卖盘
11:03:48	22.91	--	5	11455	买盘
11:03:42	22.91	0.01	6	13746	买盘
11:03:36	22.9	--	1	2290	卖盘
11:03:12	22.9	--	34	77860	买盘
11:03:03	22.9	--	6	13740	买盘
11:03:00	22.9	--	83	190070	卖盘
11:02:54	22.9	-0.01	23	52670	卖盘
11:02:42	22.91	0.01	17	38947	买盘
11:02:24	22.9	--	28	64119	买盘
11:02:21	22.9	--	21	48090	买盘
11:02:15	22.9	--	12	27480	买盘
11:02:12	22.9	--	394	902260	卖盘
11:02:00	22.9	0.01	27	61829	买盘
11:01:42	22.89	-0.01	10	22890	中性盘
11:01:36	22.9	0.01	720	1648800	买盘
11:01:33	22.89	--	10	22890	买盘
11:01:27	22.89	--	5	11445	买盘
11:01:15	22.89	--	5	11445	买盘
11:01:12	22.89	--	127	290703	卖盘
11:00:54	22.89	-0.01	7	16023	卖盘
11:00:51	22.9	0.01	14	32059	买盘
11:00:48	22.89	-0.01	23	52647	卖盘
11:00:33	22.9	--	1	2290	买盘
11:00:30	22.9	--	623	1426670	卖盘
11:00:27	22.9	--	5	11450	卖盘
11:00:21	22.9	--	50	114500	卖盘
11:00:18	22.9	--	11	25190	卖盘
11:00:06	22.9	--	5	11450	卖盘
11:00:03	22.9	--	3	6870	卖盘
10:59:51	22.9	-0.01	10	22900	卖盘
10:59:33	22.91	-0.01	74	169534	卖盘
10:59:30	22.92	--	5	11460	买盘
10:59:12	22.92	--	25	57300	卖盘
10:58:42	22.92	--	40	91680	买盘
10:58:36	22.92	0.01	5	11460	买盘
10:58:30	22.91	--	40	91640	卖盘
10:58:15	22.91	--	1	2291	卖盘
10:57:57	22.91	--	2	4582	买盘
10:57:48	22.91	-0.01	18	41238	卖盘
10:57:42	22.92	--	4	9168	买盘
10:57:27	22.92	--	7	16044	买盘
10:57:24	22.92	--	4	9168	卖盘
10:57:21	22.92	-0.01	55	126060	卖盘
10:57:15	22.93	0.01	1	2293	买盘
10:57:09	22.92	--	20	45840	卖盘
10:57:03	22.92	--	20	45840	卖盘
10:57:00	22.92	-0.01	1	2292	卖盘
10:56:42	22.93	0.01	10	22930	买盘
10:56:33	22.92	-0.01	11	25212	卖盘
10:56:21	22.93	--	18	41274	买盘
10:56:18	22.93	0.01	12	27516	买盘
10:55:48	22.92	--	9	20628	卖盘
10:55:30	22.92	-0.01	13	29796	卖盘
10:55:18	22.93	--	10	22930	买盘
10:55:03	22.93	--	1	2293	买盘
10:54:57	22.93	--	10	22930	买盘
10:54:45	22.93	0.01	62	142166	买盘
10:54:36	22.92	--	3	6876	买盘
10:54:33	22.92	--	2	4584	买盘
10:54:06	22.92	0.02	2	4584	买盘
10:53:57	22.9	-0.02	15	34350	卖盘
10:53:54	22.92	0.02	3	6876	买盘
10:53:45	22.9	--	6	13740	卖盘
10:53:39	22.9	--	3	6870	卖盘
10:53:24	22.9	-0.02	100	229000	卖盘
10:53:21	22.92	--	10	22920	卖盘
10:53:15	22.92	--	1	2292	买盘
10:52:45	22.92	--	50	114600	买盘
10:52:39	22.92	-0.01	9	22461	卖盘
10:52:12	22.93	--	5	11465	买盘
10:51:48	22.93	0.01	8	18344	买盘
10:51:30	22.92	--	1	2292	卖盘
10:51:24	22.92	-0.01	34	77928	卖盘
10:51:15	22.93	--	21	48153	卖盘
10:50:57	22.93	-0.01	17	38981	卖盘
10:50:54	22.94	0.01	6	13764	买盘
10:50:51	22.93	-0.01	30	68790	卖盘
10:50:30	22.94	--	3	6882	买盘
10:50:24	22.94	--	21	48174	买盘
10:49:57	22.94	--	1	2294	买盘
10:49:48	22.94	--	15	34410	买盘
10:49:45	22.94	--	3	6882	买盘
10:49:36	22.94	--	5	11470	买盘
10:49:33	22.94	0.01	11	25234	买盘
10:49:30	22.93	-0.01	10	22930	卖盘
10:49:18	22.94	0.01	1	2294	买盘
10:49:15	22.93	-0.01	10	22930	卖盘
10:49:12	22.94	0.01	5	11470	买盘
10:48:57	22.93	--	1	2293	卖盘
10:48:54	22.93	--	20	45860	卖盘
10:48:48	22.93	--	1	2293	买盘
10:48:42	22.93	--	3	6879	买盘
10:48:39	22.93	--	24	55032	买盘
10:48:33	22.93	0.01	10	22930	买盘
10:48:12	22.92	--	1	2292	卖盘
10:48:00	22.92	-0.01	21	48132	卖盘
10:47:57	22.93	0.01	10	22930	买盘
10:47:54	22.92	-0.01	13	29796	卖盘
10:47:12	22.93	--	1	2293	买盘
10:46:06	22.93	--	3	6879	买盘
10:46:00	22.93	-0.01	8	18344	卖盘
10:45:54	22.94	--	6	13764	买盘
10:45:48	22.94	0.01	6	13764	买盘
10:45:45	22.93	--	30	68790	卖盘
10:45:39	22.93	--	27	61911	买盘
10:44:54	22.93	--	2	4586	买盘
10:44:45	22.93	--	10	22930	买盘
10:44:36	22.93	0.01	4	9172	买盘
10:44:24	22.92	--	9	20628	卖盘
10:44:21	22.92	-0.01	4	9626	卖盘
10:44:09	22.93	--	2	4586	卖盘
10:44:03	22.93	--	21	48153	买盘
10:44:00	22.93	0.01	1	2293	买盘
10:43:45	22.92	-0.01	5	11460	卖盘
10:43:33	22.93	--	2	4586	买盘
10:43:24	22.93	--	10	22930	买盘
10:43:12	22.93	--	1	2293	买盘
10:42:57	22.93	--	1	2293	买盘
10:42:51	22.93	--	21	48153	买盘
10:42:36	22.93	--	2	4586	卖盘
10:42:24	22.93	0.01	5	11465	买盘
10:42:09	22.92	-0.01	5	11460	中性盘
10:41:57	22.93	0.02	2	4586	买盘
10:41:45	22.91	0.01	3	6873	中性盘
10:41:15	22.9	--	8	18320	卖盘
10:41:12	22.9	-0.03	1	2290	卖盘
10:40:57	22.93	--	6	13758	买盘
10:40:15	22.93	0.02	48	110064	买盘
10:40:09	22.91	-0.01	5	11455	卖盘
10:40:03	22.92	--	8	18336	买盘
10:39:57	22.92	--	1	2292	买盘
10:39:48	22.92	--	5	11460	买盘
10:39:42	22.92	--	8	18336	买盘
10:39:18	22.92	--	5	11460	买盘
10:39:15	22.92	--	2	4584	买盘
10:39:12	22.92	--	10	22920	买盘
10:38:36	22.92	0.01	5	11460	买盘
10:38:27	22.91	0.01	48	109968	买盘
10:38:21	22.9	0.01	4	9160	买盘
10:38:12	22.89	--	10	22890	买盘
10:38:09	22.89	--	11	25179	卖盘
10:38:00	22.89	--	5	11445	卖盘
10:37:57	22.89	--	1	2289	买盘
10:37:54	22.89	0.01	9	20601	买盘
10:37:42	22.88	--	8	18304	卖盘
10:37:39	22.88	--	9	20592	卖盘
10:37:15	22.88	-0.02	18	41184	卖盘
10:37:12	22.9	0.02	2	4580	买盘
10:37:09	22.88	--	5	11440	卖盘
10:36:54	22.88	--	15	34320	卖盘
10:36:51	22.88	--	10	22880	卖盘
10:36:48	22.88	--	3	6864	卖盘
10:36:42	22.88	-0.01	87	199056	卖盘
10:36:27	22.89	--	10	22890	卖盘
10:36:18	22.89	--	17	38913	卖盘
10:36:12	22.89	--	73	167097	卖盘
10:35:48	22.89	-0.01	4	9156	卖盘
10:35:36	22.9	--	21	48090	卖盘
10:35:33	22.9	--	17	38930	卖盘
10:35:27	22.9	-0.01	32	73280	卖盘
10:35:12	22.91	--	17	38947	卖盘
10:35:00	22.91	-0.01	5	11455	卖盘
10:34:57	22.92	0.01	3	6876	买盘
10:34:51	22.91	--	21	48111	卖盘
10:34:45	22.91	--	1	2291	卖盘
10:34:33	22.91	0.01	6	13746	买盘
10:34:30	22.9	-0.01	2	4580	卖盘
10:34:18	22.91	--	110	252010	卖盘
10:34:09	22.91	-0.01	80	183280	卖盘
10:34:06	22.92	-0.01	2	4584	卖盘
10:34:03	22.93	0.01	19	43567	买盘
10:33:51	22.92	--	3	6876	买盘
10:33:48	22.92	--	22	50424	卖盘
10:33:42	22.92	--	1	2292	卖盘
10:33:33	22.92	--	1	2292	卖盘
10:33:21	22.92	--	15	34380	买盘
10:33:15	22.92	--	5	11460	买盘
10:33:09	22.92	0.01	1	2292	买盘
10:32:57	22.91	--	14	32074	卖盘
10:32:54	22.91	--	42	96222	卖盘
10:32:45	22.91	--	20	45820	卖盘
10:32:42	22.91	-0.01	15	34365	卖盘
10:32:39	22.92	0.01	3	6876	买盘
10:32:24	22.91	0.01	24	54984	买盘
10:32:21	22.9	--	10	22900	卖盘
10:32:15	22.9	--	3	6870	卖盘
10:32:12	22.9	--	14	32059	卖盘
10:31:57	22.9	-0.01	7	16029	卖盘
10:31:45	22.91	0.01	10	22910	买盘
10:31:42	22.9	-0.01	9	20610	卖盘
10:31:24	22.91	--	20	45820	买盘
10:31:15	22.91	--	12	27492	买盘
10:31:06	22.91	--	5	11455	买盘
10:31:03	22.91	--	14	32074	卖盘
10:30:51	22.91	-0.01	4	9164	卖盘
10:30:48	22.92	0.01	5	11460	买盘
10:30:42	22.91	-0.01	24	54984	卖盘
10:30:39	22.92	0.01	3	6876	买盘
10:30:33	22.91	--	34	77894	卖盘
10:30:24	22.91	--	5	11455	卖盘
10:30:18	22.91	-0.01	17	38947	卖盘
10:30:09	22.92	--	1	2292	买盘
10:30:06	22.92	--	2	4584	买盘
10:29:39	22.92	0.01	11	25212	买盘
10:29:36	22.91	-0.01	13	29783	卖盘
10:29:12	22.92	--	3	6876	买盘
10:29:03	22.92	--	12	27504	买盘
10:28:48	22.92	--	12	27504	卖盘
10:28:33	22.92	0.01	1	2292	中性盘
10:28:27	22.91	--	3	6873	卖盘
10:28:21	22.91	-0.02	11	25201	卖盘
10:28:18	22.93	0.02	8	18344	买盘
10:28:06	22.91	--	2	4582	卖盘
10:27:54	22.91	-0.02	1	2291	中性盘
10:27:30	22.93	--	20	45860	买盘
10:27:27	22.93	0.02	3	6879	买盘
10:27:21	22.91	-0.02	7	16037	中性盘
10:27:09	22.93	0.02	5	11465	买盘
10:27:03	22.91	--	4	9164	卖盘
10:26:39	22.91	--	13	29783	卖盘
10:26:30	22.91	0.01	24	54984	买盘
10:26:24	22.9	-0.01	7	16029	卖盘
10:26:21	22.91	--	4	9164	买盘
10:26:18	22.91	0.01	1	2291	买盘
10:26:03	22.9	-0.01	10	22900	卖盘
10:26:00	22.91	--	50	114550	买盘
10:25:48	22.91	--	1	2291	买盘
10:25:39	22.91	-0.01	25	57275	卖盘
10:25:36	22.92	--	1	2292	买盘
10:25:27	22.92	-0.01	4	9168	卖盘
10:25:15	22.93	0.01	5	11465	买盘
10:25:12	22.92	-0.01	9	20628	中性盘
10:25:03	22.93	--	12	27516	买盘
10:24:57	22.93	--	4	9172	买盘
10:24:48	22.93	--	1	2293	卖盘
10:24:42	22.93	0.02	9	20637	买盘
10:24:36	22.91	0.02	3	6873	中性盘
10:24:24	22.89	-0.04	660	1510740	卖盘
10:24:21	22.93	--	6	13758	买盘
10:24:15	22.93	0.01	12	27516	买盘
10:24:03	22.92	0.01	1	2292	买盘
10:23:57	22.91	--	15	34365	卖盘
10:23:42	22.91	-0.01	7	16037	卖盘
10:23:33	22.92	--	18	41256	买盘
10:23:15	22.92	0.01	19	43548	买盘
10:23:06	22.91	-0.01	38	87058	卖盘
10:23:00	22.92	--	19	43548	买盘
10:22:51	22.92	--	5	11460	买盘
10:22:42	22.92	0.01	10	22920	买盘
10:22:39	22.91	--	4	9164	卖盘
10:22:33	22.91	-0.01	4	9164	卖盘
10:22:30	22.92	0.01	3	6876	买盘
10:22:24	22.91	--	5	11455	卖盘
10:22:09	22.91	-0.01	8	18328	中性盘
10:22:00	22.92	0.02	5	11460	买盘
10:21:57	22.9	--	13	29769	卖盘
10:21:54	22.9	--	2	4580	卖盘
10:21:48	22.9	--	31	70990	买盘
10:21:39	22.9	--	9	20610	买盘
10:21:30	22.9	--	145	332050	买盘
10:21:27	22.9	--	9	20610	买盘
10:21:24	22.9	--	4	9160	买盘
10:21:21	22.9	-0.01	60	137400	卖盘
10:21:18	22.91	--	7	16037	买盘
10:21:15	22.91	0.01	1	2291	买盘
10:21:12	22.9	-0.01	1	2290	卖盘
10:21:09	22.91	0.01	2	4582	买盘
10:21:06	22.9	--	100	229000	卖盘
10:20:57	22.9	-0.01	4	9160	卖盘
10:20:51	22.91	0.01	1	2291	买盘
10:20:45	22.9	--	5	11450	卖盘
10:20:42	22.9	-0.01	14	32059	卖盘
10:20:39	22.91	0.01	5	11455	买盘
10:20:30	22.9	-0.01	11	25190	卖盘
10:20:24	22.91	0.01	2	4582	买盘
10:20:21	22.9	--	1	2290	卖盘
10:20:09	22.9	--	6	13740	买盘
10:20:06	22.9	--	4	9160	卖盘
10:20:03	22.9	--	6	13740	买盘
10:20:00	22.9	--	10	22900	买盘
10:19:42	22.9	-0.01	44	100760	卖盘
10:19:39	22.91	-0.01	10	22910	卖盘
10:19:18	22.92	--	2	4584	买盘
10:19:09	22.92	--	2	4584	买盘
10:19:03	22.92	--	12	27504	买盘
10:18:57	22.92	0.02	25	57300	买盘
10:18:51	22.9	--	5	11450	卖盘
10:18:30	22.9	-0.02	5	11450	卖盘
10:18:18	22.92	--	72	165024	卖盘
10:18:15	22.92	--	25	57300	卖盘
10:18:09	22.92	--	6	13752	买盘
10:17:57	22.92	0.02	3	6876	买盘
10:17:42	22.9	-0.02	23	52670	卖盘
10:17:33	22.92	--	5	11460	买盘
10:17:27	22.92	0.02	1	2292	买盘
10:17:24	22.9	-0.02	6	13740	卖盘
10:17:12	22.92	0.02	1	2292	买盘
10:16:54	22.9	0.01	13	29769	买盘
10:16:45	22.89	--	2	4578	买盘
10:16:39	22.89	0.01	67	153363	买盘
10:16:33	22.88	--	6	13728	卖盘
10:16:30	22.88	--	11	25168	买盘
10:16:27	22.88	0.01	1	2288	买盘
10:16:24	22.87	-0.01	10	22870	卖盘
10:16:21	22.88	--	11	25168	卖盘
10:16:18	22.88	0.01	36	82368	买盘
10:16:15	22.87	--	13	29731	卖盘
10:16:09	22.87	-0.01	12	27444	卖盘
10:16:06	22.88	--	2	4576	买盘
10:16:03	22.88	--	2	4576	买盘
10:16:00	22.88	0.01	19	43472	卖盘
10:15:51	22.87	--	15	34305	卖盘
10:15:48	22.87	-0.01	2	4574	卖盘
10:15:45	22.88	--	20	45760	买盘
10:15:42	22.88	--	12	27456	买盘
10:15:39	22.88	--	5	11440	卖盘
10:15:33	22.88	-0.01	11	25168	卖盘
10:15:30	22.89	0.01	33	75537	买盘
10:15:24	22.88	--	21	48048	卖盘
10:15:21	22.88	--	3	6864	卖盘
10:15:18	22.88	-0.01	3	6864	卖盘
10:15:15	22.89	0.01	23	52647	买盘
10:15:09	22.88	-0.01	5	11440	卖盘
10:15:03	22.89	--	10	22890	买盘
10:15:00	22.89	0.01	5	11445	买盘
10:14:57	22.88	-0.01	150	343200	卖盘
10:14:51	22.89	-0.04	85	194565	卖盘
10:14:48	22.93	0.03	140	321020	买盘
10:14:45	22.9	0.01	6	13740	买盘
10:14:42	22.89	-0.01	100	228900	卖盘
10:14:39	22.9	--	8	18320	卖盘
10:14:30	22.9	--	40	91600	买盘
10:14:27	22.9	--	5	11450	买盘
10:14:21	22.9	--	2	4580	买盘
10:14:18	22.9	--	6	13740	买盘
10:14:15	22.9	--	30	68700	买盘
10:14:12	22.9	--	6	13740	买盘
10:14:09	22.9	--	10	22900	买盘
10:14:03	22.9	--	6	13740	买盘
10:13:57	22.9	--	130	297700	卖盘
10:13:45	22.9	-0.02	100	229000	卖盘
10:13:30	22.92	--	14	32088	买盘
10:13:27	22.92	0.01	3	6876	买盘
10:13:18	22.91	-0.01	15	34365	卖盘
10:13:15	22.92	0.01	12	27504	买盘
10:13:09	22.91	-0.01	8	18328	卖盘
10:13:06	22.92	--	1	2292	买盘
10:13:00	22.92	0.02	51	116892	买盘
10:12:51	22.9	-0.02	13	29769	卖盘
10:12:45	22.92	0.02	5	11460	买盘
10:12:39	22.9	--	9	20610	卖盘
10:12:36	22.9	-0.02	26	59539	中性盘
10:12:21	22.92	0.02	5	11460	买盘
10:12:15	22.9	-0.02	196	448840	卖盘
10:12:12	22.92	--	3	6876	买盘
10:12:09	22.92	--	26	59592	卖盘
10:12:03	22.92	--	1	2292	卖盘
10:12:00	22.92	-0.01	13	29796	卖盘
10:11:57	22.93	0.01	7	16051	买盘
10:11:54	22.92	--	2	4584	卖盘
10:11:42	22.92	-0.01	5	11460	中性盘
10:11:36	22.93	-0.01	12	27516	卖盘
10:11:33	22.94	--	25	57350	买盘
10:11:30	22.94	0.01	5	11470	买盘
10:11:24	22.93	-0.01	10	22930	中性盘
10:11:03	22.94	--	3	6882	买盘
10:11:00	22.94	--	2	4588	买盘
10:10:51	22.94	0.04	4	9176	买盘
10:10:45	22.9	-0.01	25	57250	卖盘
10:10:39	22.91	--	6	13746	卖盘
10:10:24	22.91	0.01	3	6873	中性盘
10:10:18	22.9	-0.02	10	22900	卖盘
10:10:12	22.92	0.02	2	4584	中性盘
10:10:00	22.9	--	39	89310	卖盘
10:09:42	22.9	-0.04	1	2290	中性盘
10:09:39	22.94	0.05	25	57350	买盘
10:09:36	22.89	-0.04	34	77826	卖盘
10:09:33	22.93	0.03	26	59618	买盘
10:09:30	22.9	--	7	16029	买盘
10:09:27	22.9	--	16	36640	卖盘
10:09:18	22.9	--	19	43510	卖盘
10:09:15	22.9	-0.01	4	9160	卖盘
10:09:09	22.91	0.01	18	41238	中性盘
10:08:57	22.9	-0.03	316	723640	卖盘
10:08:54	22.93	0.02	23	52739	买盘
10:08:48	22.91	--	10	22910	卖盘
10:08:42	22.91	--	7	16037	卖盘
10:08:39	22.91	-0.01	20	45820	卖盘
10:08:36	22.92	0.01	9	20628	买盘
10:08:30	22.91	-0.01	35	80185	卖盘
10:08:18	22.92	--	11	25212	买盘
10:08:15	22.92	--	2	4584	买盘
10:08:09	22.92	--	10	22920	买盘
10:08:06	22.92	--	2	4584	买盘
10:08:00	22.92	-0.01	100	229200	卖盘
10:07:57	22.93	--	3	6879	卖盘
10:07:54	22.93	0.01	14	32102	中性盘
10:07:48	22.92	-0.02	12	27504	卖盘
10:07:45	22.94	--	9	20646	买盘
10:07:39	22.94	--	7	16058	卖盘
10:07:36	22.94	--	6	13764	卖盘
10:07:27	22.94	0.01	2	4588	卖盘
10:07:24	22.93	--	22	50446	卖盘
10:07:09	22.93	--	10	22930	卖盘
10:07:06	22.93	--	2	4586	卖盘
10:07:03	22.93	--	2	4586	卖盘
10:07:00	22.93	--	3	6879	卖盘
10:06:54	22.93	--	5	11465	卖盘
10:06:48	22.93	--	1	2293	卖盘
10:06:45	22.93	--	11	25223	卖盘
10:06:39	22.93	-0.01	20	45860	卖盘
10:06:27	22.94	--	5	11470	买盘
10:06:24	22.94	0.01	23	52762	买盘
10:06:21	22.93	-0.01	6	13758	卖盘
10:06:03	22.94	--	3	6882	买盘
10:05:57	22.94	-0.01	71	162874	卖盘
10:05:54	22.95	0.01	2	4590	买盘
10:05:51	22.94	--	12	27528	卖盘
10:05:45	22.94	--	89	204166	卖盘
10:05:27	22.94	--	10	22940	买盘
10:05:21	22.94	--	61	139934	买盘
10:05:15	22.94	0.01	9	20646	买盘
10:05:09	22.93	-0.01	10	22930	卖盘
10:05:03	22.94	0.01	10	22940	买盘
10:05:00	22.93	-0.01	5	11465	卖盘
10:04:54	22.94	--	4	9176	买盘
10:04:48	22.94	--	10	22940	买盘
10:04:45	22.94	--	20	45880	买盘
10:04:42	22.94	--	84	192696	买盘
10:04:27	22.94	--	10	22940	买盘
10:04:21	22.94	--	5	11470	卖盘
10:04:15	22.94	-0.01	1	2294	中性盘
10:04:09	22.95	0.02	7	16065	买盘
10:04:00	22.93	--	11	25223	买盘
10:03:57	22.93	-0.01	9	20637	卖盘
10:03:54	22.94	--	9	20646	买盘
10:03:48	22.94	0.02	4	9176	买盘
10:03:36	22.92	--	17	38964	买盘
10:03:33	22.92	0.01	2	4584	买盘
10:03:27	22.91	-0.01	10	22910	卖盘
10:03:24	22.92	--	5	11460	买盘
10:03:15	22.92	--	20	45840	买盘
10:03:12	22.92	-0.02	77	176484	卖盘
10:03:09	22.94	0.01	13	29822	买盘
10:03:03	22.93	--	13	29809	买盘
10:02:51	22.93	0.02	2	4586	买盘
10:02:48	22.91	-0.01	21	48111	卖盘
10:02:45	22.92	--	35	80220	买盘
10:02:39	22.92	-0.01	5	11460	中性盘
10:02:36	22.93	0.01	10	22930	买盘
10:02:33	22.92	0.01	11	25212	卖盘
10:02:21	22.91	--	4	9164	买盘
10:02:18	22.91	--	1	2291	买盘
10:02:15	22.91	-0.01	65	148915	卖盘
10:02:09	22.92	0.01	9	20628	买盘
10:02:06	22.91	--	15	34365	卖盘
10:02:00	22.91	--	17	38947	卖盘
10:01:57	22.91	--	5	11455	卖盘
10:01:54	22.91	-0.01	67	153497	卖盘
10:01:51	22.92	0.01	1	2292	买盘
10:01:48	22.91	-0.01	5	11455	卖盘
10:01:45	22.92	--	29	66468	卖盘
10:01:42	22.92	--	6	13752	卖盘
10:01:36	22.92	-0.01	28	64176	卖盘
10:01:33	22.93	0.01	15	34395	买盘
10:01:30	22.92	-0.01	5	11460	卖盘
10:01:27	22.93	--	5	11465	买盘
10:01:15	22.93	--	14	32102	卖盘
10:01:12	22.93	--	7	16051	卖盘
10:01:09	22.93	-0.01	27	61911	卖盘
10:01:06	22.94	0.01	10	22940	买盘
10:01:00	22.93	-0.01	32	73376	卖盘
10:00:54	22.94	--	1	2294	卖盘
10:00:48	22.94	--	5	11470	卖盘
10:00:42	22.94	-0.02	130	298220	卖盘
10:00:39	22.96	0.01	17	39032	中性盘
10:00:36	22.95	0.01	3	6885	中性盘
10:00:30	22.94	-0.01	1000	2294000	卖盘
10:00:27	22.95	-0.03	50	114750	卖盘
10:00:21	22.98	0.03	2	4596	买盘
10:00:18	22.95	--	5	11475	卖盘
10:00:03	22.95	--	103	236385	卖盘
09:59:54	22.95	-0.03	300	688500	卖盘
09:59:48	22.98	--	2	4596	买盘
09:59:42	22.98	--	2	4596	买盘
09:59:27	22.98	-0.01	12	27576	卖盘
09:59:21	22.99	--	10	22990	买盘
09:59:18	22.99	-0.01	17	39083	卖盘
09:59:15	23.0	--	8	18400	买盘
09:59:06	23.0	--	5	11500	买盘
09:59:03	23.0	--	6	13800	买盘
09:58:57	23.0	--	52	119600	买盘
09:58:48	23.0	--	1	2300	买盘
09:58:42	23.0	0.01	12	27600	买盘
09:58:39	22.99	-0.01	17	39083	卖盘
09:58:33	23.0	--	1	2300	买盘
09:58:30	23.0	--	2	4600	买盘
09:58:24	23.0	--	3	6900	买盘
09:58:06	23.0	0.01	14	32200	买盘
09:58:03	22.99	0.01	3	6896	买盘
09:58:00	22.98	-0.01	1	2298	卖盘
09:57:54	22.99	0.02	2	4598	买盘
09:57:45	22.97	-0.03	18	41346	卖盘
09:57:42	23.0	--	26	59800	买盘
09:57:36	23.0	0.01	5	11500	买盘
09:57:27	22.99	-0.01	1	2299	中性盘
09:57:24	23.0	--	2	4600	买盘
09:57:15	23.0	--	10	23000	买盘
09:57:12	23.0	--	28	64400	买盘
09:57:06	23.0	0.03	16	36800	买盘
09:56:57	22.97	-0.03	3	6891	卖盘
09:56:54	23.0	0.01	133	305900	买盘
09:56:45	22.99	--	37	85063	卖盘
09:56:42	22.99	0.04	43	98857	买盘
09:56:33	22.95	-0.04	17	39015	卖盘
09:56:27	22.99	0.01	4	9196	买盘
09:56:24	22.98	0.01	11	25278	买盘
09:56:21	22.97	0.02	1	2297	中性盘
09:56:18	22.95	--	6	13770	卖盘
09:56:15	22.95	-0.02	30	68850	卖盘
09:56:12	22.97	0.03	18	41346	买盘
09:56:09	22.94	-0.01	1	2294	卖盘
09:56:06	22.95	0.01	12	27540	中性盘
09:56:03	22.94	-0.03	10	22940	卖盘
09:56:00	22.97	0.02	214	491558	买盘
09:55:57	22.95	--	1	2295	买盘
09:55:51	22.95	--	10	22950	买盘
09:55:42	22.95	0.01	2	4590	买盘
09:55:36	22.94	-0.01	4	9176	卖盘
09:55:33	22.95	--	16	36720	买盘
09:55:24	22.95	0.01	2	4590	买盘
09:55:21	22.94	--	4	9176	卖盘
09:55:15	22.94	-0.01	6	13764	卖盘
09:55:12	22.95	0.01	3	6885	买盘
09:55:09	22.94	-0.01	20	45880	卖盘
09:55:06	22.95	--	6	13770	买盘
09:55:03	22.95	--	4	9180	买盘
09:55:00	22.95	0.01	40	91800	买盘
09:54:54	22.94	--	38	87172	卖盘
09:54:51	22.94	-0.01	12	27528	卖盘
09:54:48	22.95	--	18	41310	买盘
09:54:39	22.95	0.01	37	84915	买盘
09:54:36	22.94	--	12	27528	卖盘
09:54:33	22.94	-0.01	16	36704	卖盘
09:54:27	22.95	--	50	114750	买盘
09:54:24	22.95	--	8	18360	买盘
09:54:21	22.95	--	5	11475	卖盘
09:54:18	22.95	-0.02	1	2295	中性盘
09:54:03	22.97	0.03	7	16079	买盘
09:54:00	22.94	-0.01	8	18352	中性盘
09:53:54	22.95	0.02	3	6885	中性盘
09:53:51	22.93	-0.02	17	38981	卖盘
09:53:48	22.95	0.02	1	2295	中性盘
09:53:42	22.93	-0.03	78	178854	卖盘
09:53:36	22.96	0.01	25	57400	买盘
09:53:33	22.95	--	2	4590	买盘
09:53:30	22.95	-0.02	3	6885	买盘
09:53:27	22.97	--	40	91880	买盘
09:53:12	22.97	--	23	52831	卖盘
09:53:09	22.97	0.02	44	101068	买盘
09:53:06	22.95	-0.02	8	18360	卖盘
09:52:57	22.97	--	9	20673	卖盘
09:52:54	22.97	-0.01	1	2297	卖盘
09:52:42	22.98	-0.01	13	29874	卖盘
09:52:39	22.99	--	1	2299	买盘
09:52:30	22.99	--	11	25289	卖盘
09:52:27	22.99	--	4	9196	卖盘
09:52:21	22.99	-0.01	50	114949	卖盘
09:52:18	23.0	0.01	6	13800	买盘
09:52:12	22.99	--	15	34485	卖盘
09:52:09	22.99	--	5	11495	卖盘
09:52:03	22.99	--	2	4598	卖盘
09:52:00	22.99	--	16	36784	卖盘
09:51:54	22.99	--	10	22990	买盘
09:51:42	22.99	0.03	17	39083	买盘
09:51:39	22.96	-0.03	50	114800	卖盘
09:51:36	22.99	--	7	16092	买盘
09:51:33	22.99	--	4	9196	卖盘
09:51:18	22.99	-0.01	1	2299	买盘
09:51:15	23.0	--	18	41400	买盘
09:51:09	23.0	0.02	35	80500	买盘
09:51:06	22.98	-0.02	273	627354	卖盘
09:50:51	23.0	--	29	66700	卖盘
09:50:45	23.0	-0.01	130	299000	卖盘
09:50:24	23.01	0.01	8	18408	买盘
09:50:18	23.0	--	3	6900	卖盘
09:50:12	23.0	--	8	18400	卖盘
09:50:03	23.0	--	16	36800	买盘
09:50:00	23.0	--	3	6900	买盘
09:49:57	23.0	--	7	16100	买盘
09:49:54	23.0	--	1	2300	买盘
09:49:48	23.0	--	5	11500	买盘
09:49:42	23.0	--	1	2300	买盘
09:49:39	23.0	--	87	200100	卖盘
09:49:33	23.0	--	3	6900	卖盘
09:49:24	23.0	--	3	6900	卖盘
09:49:18	23.0	-0.01	3	6900	卖盘
09:49:12	23.01	0.01	2	4602	买盘
09:49:03	23.0	--	4	9200	卖盘
09:48:54	23.0	-0.01	71	163300	卖盘
09:48:51	23.01	--	6	13806	买盘
09:48:45	23.01	0.01	14	32214	买盘
09:48:42	23.0	--	2	4600	卖盘
09:48:39	23.0	-0.01	4	9200	卖盘
09:48:36	23.01	0.01	30	69030	买盘
09:48:21	23.0	--	5	11500	卖盘
09:48:15	23.0	--	2	4600	卖盘
09:48:12	23.0	-0.01	5	11500	卖盘
09:48:09	23.01	0.01	13	29913	买盘
09:48:06	23.0	-0.01	1	2300	卖盘
09:48:03	23.01	--	42	96642	买盘
09:47:57	23.01	--	10	23010	买盘
09:47:48	23.01	0.01	5	11505	买盘
09:47:45	23.0	--	3	6900	卖盘
09:47:42	23.0	--	8	18400	卖盘
09:47:39	23.0	-0.01	100	230000	卖盘
09:47:33	23.01	--	16	36816	卖盘
09:47:12	23.01	-0.01	100	230100	卖盘
09:47:09	23.02	-0.01	4	9208	卖盘
09:46:57	23.03	--	1	2303	买盘
09:46:54	23.03	--	1	2303	买盘
09:46:45	23.03	0.01	20	46060	买盘
09:46:33	23.02	--	1	2302	买盘
09:46:30	23.02	--	15	34530	买盘
09:46:27	23.02	0.01	44	101288	买盘
09:46:21	23.01	--	17	39117	卖盘
09:46:12	23.01	-0.01	17	39117	卖盘
09:46:09	23.02	0.01	5	11510	买盘
09:46:03	23.01	--	5	11505	卖盘
09:45:54	23.01	0.01	38	87438	买盘
09:45:51	23.0	--	10	23000	卖盘
09:45:48	23.0	--	3	6900	卖盘
09:45:45	23.0	-0.01	4	9200	卖盘
09:45:42	23.01	--	2	4602	买盘
09:45:39	23.01	--	30	69030	买盘
09:45:33	23.01	0.01	5	11505	中性盘
09:45:21	23.0	-0.01	45	103500	卖盘
09:45:09	23.01	--	11	25311	买盘
09:45:03	23.01	--	9	20709	买盘
09:44:51	23.01	--	11	25311	卖盘
09:44:39	23.01	0.01	18	41418	买盘
09:44:33	23.0	-0.01	39	89700	卖盘
09:44:30	23.01	--	5	11505	买盘
09:44:27	23.01	--	104	239304	买盘
09:44:18	23.01	--	17	39117	买盘
09:44:15	23.01	--	54	124254	买盘
09:44:12	23.01	--	25	57525	卖盘
09:43:57	23.01	--	38	87438	中性盘
09:43:54	23.01	--	20	46020	买盘
09:43:48	23.01	--	2	4602	买盘
09:43:42	23.01	--	10	23010	买盘
09:43:36	23.01	-0.01	15	34515	卖盘
09:43:33	23.02	0.01	14	32228	买盘
09:43:27	23.01	-0.01	1	2301	卖盘
09:43:21	23.02	0.01	10	23020	买盘
09:43:18	23.01	-0.01	20	46020	卖盘
09:43:15	23.02	0.01	1	2302	买盘
09:43:06	23.01	--	13	29913	卖盘
09:42:51	23.01	0.01	21	48321	买盘
09:42:45	23.0	--	13	29900	卖盘
09:42:30	23.0	0.02	51	117300	买盘
09:42:24	22.98	--	13	29874	买盘
09:42:21	22.98	0.02	13	29874	买盘
09:42:06	22.96	--	8	18368	买盘
09:42:03	22.96	--	3	6888	买盘
09:42:00	22.96	0.01	3	6888	买盘
09:41:54	22.95	--	3	6885	中性盘
09:41:48	22.95	--	111	254745	买盘
09:41:42	22.95	--	29	66555	买盘
09:41:39	22.95	--	10	22950	买盘
09:41:36	22.95	--	7	16065	买盘
09:41:33	22.95	-0.01	24	55080	卖盘
09:41:24	22.96	0.01	10	22960	买盘
09:41:21	22.95	-0.01	26	59670	卖盘
09:41:18	22.96	-0.02	24	55104	卖盘
09:41:15	22.98	0.03	1	2298	买盘
09:41:06	22.95	-0.01	6	13770	卖盘
09:41:03	22.96	--	24	55104	买盘
09:41:00	22.96	0.01	3	6888	买盘
09:40:57	22.95	-0.01	45	103275	卖盘
09:40:54	22.96	--	4	9184	买盘
09:40:51	22.96	0.02	6	13776	中性盘
09:40:45	22.94	-0.01	13	29822	卖盘
09:40:39	22.95	-0.03	122	279990	卖盘
09:40:36	22.98	0.02	1	2298	买盘
09:40:30	22.96	--	2	4592	买盘
09:40:27	22.96	-0.02	22	50512	卖盘
09:40:18	22.98	-0.01	13	29874	卖盘
09:40:15	22.99	--	3	6896	买盘
09:40:09	22.99	-0.01	32	73568	买盘
09:39:57	23.0	--	29	66700	卖盘
09:39:54	23.0	-0.01	2	4600	卖盘
09:39:51	23.01	0.01	8	18408	买盘
09:39:45	23.0	--	19	43700	买盘
09:39:42	23.0	0.03	1	2300	中性盘
09:39:36	22.97	-0.01	7	16079	卖盘
09:39:33	22.98	-0.02	4	9192	卖盘
09:39:30	23.0	0.01	4	9200	中性盘
09:39:24	22.99	-0.01	31	71269	卖盘
09:39:21	23.0	--	58	133400	卖盘
09:39:18	23.0	--	12	27600	卖盘
09:39:12	23.0	-0.01	22	50600	卖盘
09:39:09	23.01	-0.01	21	48321	买盘
09:39:00	23.02	--	44	101288	买盘
09:38:57	23.02	0.01	7	16114	买盘
09:38:51	23.01	--	1	2301	卖盘
09:38:48	23.01	-0.01	8	18408	卖盘
09:38:42	23.02	--	33	75966	卖盘
09:38:27	23.02	-0.01	5	11510	卖盘
09:38:21	23.03	--	5	11515	买盘
09:38:18	23.03	--	50	115150	买盘
09:38:15	23.03	--	31	71393	买盘
09:38:09	23.03	-0.01	8	18424	卖盘
09:38:06	23.04	--	1	2304	买盘
09:38:03	23.04	-0.01	5	11520	中性盘
09:37:54	23.05	0.01	5	11525	买盘
09:37:51	23.04	-0.01	2	4608	中性盘
09:37:48	23.05	0.01	27	62235	买盘
09:37:42	23.04	-0.01	7	16128	卖盘
09:37:39	23.05	0.03	5	11525	买盘
09:37:36	23.02	--	2	4604	卖盘
09:37:33	23.02	-0.01	14	32228	卖盘
09:37:21	23.03	-0.01	39	89817	卖盘
09:37:18	23.04	--	10	23040	买盘
09:37:15	23.04	--	1	2304	买盘
09:37:00	23.04	0.01	23	52992	买盘
09:36:57	23.03	-0.01	4	9212	卖盘
09:36:54	23.04	0.02	1	2304	买盘
09:36:39	23.02	-0.01	7	16114	卖盘
09:36:36	23.03	0.01	7	16121	买盘
09:36:30	23.02	-0.01	6	13812	卖盘
09:36:27	23.03	-0.03	37	85211	卖盘
09:36:24	23.06	0.01	6	13836	买盘
09:36:21	23.05	--	9	20745	卖盘
09:36:18	23.05	0.01	4	9220	卖盘
09:36:09	23.04	-0.01	3	6912	买盘
09:36:06	23.05	--	12	27660	卖盘
09:35:57	23.05	0.01	13	29965	买盘
09:35:51	23.04	-0.01	32	73728	卖盘
09:35:48	23.05	0.01	5	11525	买盘
09:35:45	23.04	-0.01	3	6912	卖盘
09:35:42	23.05	--	14	32270	买盘
09:35:39	23.05	-0.01	22	50710	买盘
09:35:33	23.06	--	11	25366	买盘
09:35:30	23.06	0.01	274	631844	买盘
09:35:27	23.05	--	59	135995	卖盘
09:35:24	23.05	--	10	23050	卖盘
09:35:18	23.05	-0.01	10	23050	卖盘
09:35:12	23.06	--	9	20754	买盘
09:35:09	23.06	--	39	89934	卖盘
09:35:06	23.06	-0.01	5	11530	卖盘
09:35:03	23.07	--	66	152262	买盘
09:34:57	23.07	--	6	13842	买盘
09:34:48	23.07	0.01	5	11535	中性盘
09:34:36	23.06	-0.01	20	46120	卖盘
09:34:27	23.07	-0.02	2	4614	买盘
09:34:24	23.09	0.01	10	23090	买盘
09:34:15	23.08	-0.01	10	23080	中性盘
09:34:09	23.09	0.02	66	152394	买盘
09:34:00	23.07	-0.02	41	94587	卖盘
09:33:54	23.09	0.01	25	57725	买盘
09:33:51	23.08	-0.01	10	23080	卖盘
09:33:48	23.09	--	1	2309	买盘
09:33:45	23.09	0.01	33	76197	买盘
09:33:42	23.08	--	1	2308	卖盘
09:33:36	23.08	--	11	25387	卖盘
09:33:33	23.08	--	27	62315	买盘
09:33:27	23.08	--	10	23080	买盘
09:33:12	23.08	0.03	2	4616	买盘
09:33:06	23.05	--	13	29965	买盘
09:32:54	23.05	-0.04	2	4610	卖盘
09:32:51	23.09	0.04	3	6927	买盘
09:32:48	23.05	-0.04	32	73760	卖盘
09:32:42	23.09	--	19	43871	买盘
09:32:39	23.09	-0.01	10	23090	买盘
09:32:27	23.1	0.03	6	13860	买盘
09:32:24	23.07	--	7	16149	卖盘
09:32:21	23.07	-0.03	2	4614	卖盘
09:32:18	23.1	-0.01	10	23100	卖盘
09:32:09	23.11	--	29	67019	买盘
09:32:06	23.11	-0.01	30	69330	卖盘
09:31:54	23.12	-0.01	18	41616	卖盘
09:31:51	23.13	--	24	55512	买盘
09:31:48	23.13	--	18	41634	买盘
09:31:45	23.13	--	10	23130	买盘
09:31:42	23.13	--	4	9252	买盘
09:31:39	23.13	--	3	6939	买盘
09:31:36	23.13	--	15	34695	卖盘
09:31:33	23.13	-0.02	9	20817	卖盘
09:31:30	23.15	0.02	33	76395	买盘
09:31:27	23.13	0.01	13	30069	卖盘
09:31:21	23.12	--	9	20808	买盘
09:31:18	23.12	-0.01	32	73984	买盘
09:31:15	23.13	-0.01	53	122589	卖盘
09:31:12	23.14	0.04	116	268424	买盘
09:31:06	23.1	--	30	69300	卖盘
09:31:03	23.1	-0.02	3	6930	卖盘
09:30:57	23.12	--	8	18496	买盘
09:30:54	23.12	0.02	2	4624	买盘
09:30:45	23.1	0.03	26	60060	买盘
09:30:39	23.07	--	10	23070	买盘
09:30:33	23.07	0.07	50	115350	买盘
09:30:24	23.0	--	19	43700	卖盘
09:30:21	23.0	--	15	34500	买盘
09:30:18	23.0	--	33	75900	买盘
09:30:15	23.0	0.03	12	27600	买盘
09:30:06	22.97	0.01	24	56046	买盘
09:30:03	22.96	-0.01	154	353584	卖盘
09:30:00	22.97	--	0	0	买盘
09:25:03	22.97	22.97	52	119444	买盘
