成交时间	成交价	价格变动	成交量(手)	成交额(元)	性质
15:00:03	16.82	-0.02	641	1078162	卖盘
14:57:00	16.84	0.01	39	65676	买盘
14:56:57	16.83	-0.01	3	5048	卖盘
14:56:54	16.84	0.01	22	37048	买盘
14:56:42	16.83	--	3	5048	卖盘
14:56:39	16.83	--	44	74051	卖盘
14:56:24	16.83	--	10	16830	卖盘
14:56:18	16.83	--	3	5048	卖盘
14:56:15	16.83	--	4	6731	买盘
14:56:06	16.83	0.01	100	168299	买盘
14:56:03	16.82	--	6	10092	卖盘
14:56:00	16.82	-0.01	5	8410	中性盘
14:55:57	16.83	--	3	5048	买盘
14:55:54	16.83	0.02	8	13463	买盘
14:55:48	16.81	--	118	198357	卖盘
14:55:45	16.81	--	77	129436	卖盘
14:55:36	16.81	--	10	16810	卖盘
14:55:27	16.81	-0.02	20	33620	卖盘
14:55:18	16.83	0.03	46	77417	买盘
14:55:12	16.8	-0.03	300	504000	卖盘
14:55:06	16.83	0.01	50	84149	买盘
14:54:57	16.82	--	3	5046	卖盘
14:54:54	16.82	0.01	4	6728	中性盘
14:54:48	16.81	0.01	61	102540	卖盘
14:54:36	16.8	-0.03	12	20160	卖盘
14:54:33	16.83	0.03	48	80783	买盘
14:54:24	16.8	-0.02	18	30240	卖盘
14:54:18	16.82	0.02	159	267438	买盘
14:54:12	16.8	--	15	25200	卖盘
14:54:09	16.8	0.01	37	62160	买盘
14:54:06	16.79	-0.01	2	3358	卖盘
14:54:00	16.8	-0.02	529	888720	卖盘
14:53:57	16.82	0.01	2	3364	买盘
14:53:51	16.81	--	3	5043	卖盘
14:53:48	16.81	--	46	77326	卖盘
14:53:45	16.81	-0.01	1	1680	卖盘
14:53:42	16.82	0.01	40	67280	买盘
14:53:39	16.81	--	12	20172	卖盘
14:53:33	16.81	--	23	38663	卖盘
14:53:27	16.81	-0.01	5	8405	卖盘
14:53:24	16.82	0.01	7	11774	买盘
14:53:15	16.81	-0.01	11	18491	卖盘
14:53:06	16.82	0.01	30	50460	买盘
14:53:00	16.81	--	30	50429	卖盘
14:52:45	16.81	--	5	8405	卖盘
14:52:42	16.81	-0.01	30	50429	卖盘
14:52:36	16.82	0.01	81	136242	买盘
14:52:27	16.81	--	55	92455	卖盘
14:52:15	16.81	--	16	26895	卖盘
14:52:03	16.81	-0.01	5	8405	卖盘
14:52:00	16.82	-0.01	20	33640	中性盘
14:51:51	16.83	0.01	30	50489	买盘
14:51:36	16.82	--	81	136242	买盘
14:51:27	16.82	--	10	16820	买盘
14:51:24	16.82	0.01	6	10092	买盘
14:51:18	16.81	-0.01	10	16810	卖盘
14:51:12	16.82	--	1	1682	买盘
14:51:06	16.82	--	61	102602	卖盘
14:50:57	16.82	--	10	16820	卖盘
14:50:51	16.82	0.01	111	186702	买盘
14:50:42	16.81	-0.01	30	50429	卖盘
14:50:33	16.82	-0.01	147	247254	卖盘
14:50:30	16.83	--	19	31976	买盘
14:50:09	16.83	--	48	81625	卖盘
14:50:03	16.83	--	20	33660	卖盘
14:49:57	16.83	--	19	31976	卖盘
14:49:54	16.83	--	20	34501	卖盘
14:49:42	16.83	--	20	33660	卖盘
14:49:33	16.83	-0.01	40	67320	卖盘
14:49:27	16.84	--	6	10104	买盘
14:49:12	16.84	0.01	5	8420	买盘
14:49:09	16.83	-0.01	49	82466	卖盘
14:48:45	16.84	--	4	6736	买盘
14:48:30	16.84	0.01	71	119564	买盘
14:48:27	16.83	-0.01	100	168299	卖盘
14:48:21	16.84	--	52	87568	买盘
14:48:18	16.84	0.01	40	67360	买盘
14:48:15	16.83	--	10	16830	卖盘
14:48:06	16.83	--	1	1682	卖盘
14:48:00	16.83	--	6	10097	卖盘
14:47:51	16.83	-0.01	7	11780	卖盘
14:47:45	16.84	--	24	40416	卖盘
14:47:42	16.84	--	36	60624	卖盘
14:47:39	16.84	-0.01	10	16840	卖盘
14:47:36	16.85	0.01	5	8425	买盘
14:47:27	16.84	--	6	10104	卖盘
14:47:18	16.84	--	34	57256	卖盘
14:47:12	16.84	--	4	6736	卖盘
14:47:09	16.84	--	14	23576	卖盘
14:47:03	16.84	--	1	1684	卖盘
14:47:00	16.84	--	20	33680	卖盘
14:46:57	16.84	--	5	8420	卖盘
14:46:15	16.84	--	1	1684	卖盘
14:46:06	16.84	--	3	5052	卖盘
14:46:00	16.84	-0.01	2	3368	卖盘
14:45:54	16.85	0.01	11	18535	买盘
14:45:51	16.84	-0.01	2	3368	卖盘
14:45:45	16.85	0.01	10	16850	买盘
14:45:42	16.84	-0.01	10	16840	卖盘
14:45:39	16.85	0.01	5	8425	买盘
14:45:33	16.84	-0.01	8	13472	卖盘
14:45:30	16.85	0.01	35	58975	买盘
14:45:27	16.84	-0.01	9	15156	卖盘
14:45:21	16.85	0.01	4	6740	买盘
14:45:18	16.84	-0.01	17	28628	卖盘
14:45:09	16.85	0.01	28	47180	买盘
14:45:06	16.84	--	58	97672	卖盘
14:44:54	16.84	-0.01	1	1684	中性盘
14:44:48	16.85	0.02	1	1685	买盘
14:44:45	16.83	--	4	6731	卖盘
14:44:39	16.83	-0.01	16	26927	卖盘
14:44:30	16.84	--	2	3368	卖盘
14:44:27	16.84	--	79	133036	买盘
14:44:24	16.84	0.01	8	13472	买盘
14:44:06	16.83	-0.01	1	1682	卖盘
14:43:57	16.84	0.01	2	3368	买盘
14:43:33	16.83	0.01	2	3365	中性盘
14:43:27	16.82	-0.01	10	16820	卖盘
14:43:21	16.83	0.01	19	31976	买盘
14:43:18	16.82	-0.01	2	3364	卖盘
14:43:15	16.83	--	31	52172	卖盘
14:43:09	16.83	--	9	15146	买盘
14:43:03	16.83	0.01	4	6731	中性盘
14:42:54	16.82	-0.01	9	15138	卖盘
14:42:45	16.83	-0.01	48	80783	卖盘
14:42:39	16.84	--	21	35364	卖盘
14:42:36	16.84	0.01	208	350272	买盘
14:42:30	16.83	-0.01	79	132957	卖盘
14:42:24	16.84	0.01	4	6736	买盘
14:42:21	16.83	--	4	6731	卖盘
14:42:15	16.83	--	2	3365	卖盘
14:42:09	16.83	--	6	10097	卖盘
14:42:06	16.83	-0.01	2	3365	卖盘
14:42:03	16.84	0.01	8	13472	买盘
14:41:57	16.83	--	1	1682	卖盘
14:41:54	16.83	--	10	16830	卖盘
14:41:51	16.83	--	1	1682	卖盘
14:41:48	16.83	--	4	6731	卖盘
14:41:42	16.83	--	5	8415	卖盘
14:41:33	16.83	--	21	35343	卖盘
14:41:24	16.83	--	6	10097	卖盘
14:41:18	16.83	-0.01	3	5048	卖盘
14:41:03	16.84	--	12	20208	买盘
14:40:54	16.84	0.01	45	75780	买盘
14:40:45	16.83	--	21	35343	卖盘
14:40:42	16.83	-0.01	5	8415	卖盘
14:40:39	16.84	--	107	180188	买盘
14:40:33	16.84	0.01	11	18524	买盘
14:40:30	16.83	--	4	6731	卖盘
14:40:15	16.83	-0.01	18	30293	卖盘
14:40:09	16.84	0.01	31	52204	买盘
14:40:06	16.83	0.01	57	95930	卖盘
14:40:00	16.82	--	9	15138	卖盘
14:39:57	16.82	--	8	13456	卖盘
14:39:51	16.82	-0.02	20	33640	卖盘
14:39:45	16.84	0.01	20	33680	买盘
14:39:42	16.83	0.01	100	168299	中性盘
14:39:33	16.82	-0.03	20	33640	卖盘
14:39:27	16.85	0.03	101	170185	买盘
14:39:18	16.82	-0.02	1	1682	卖盘
14:39:15	16.84	--	1	1684	买盘
14:39:12	16.84	0.02	5	8420	买盘
14:39:09	16.82	--	2	3364	卖盘
14:39:03	16.82	-0.01	9	15138	卖盘
14:38:54	16.83	--	41	69003	卖盘
14:38:51	16.83	-0.01	5	8415	卖盘
14:38:48	16.84	0.01	3	5052	买盘
14:38:45	16.83	--	3	5048	卖盘
14:38:42	16.83	-0.01	200	336599	卖盘
14:38:39	16.84	--	3	5052	卖盘
14:38:36	16.84	--	11	18524	卖盘
14:38:30	16.84	--	14	23576	卖盘
14:38:21	16.84	-0.01	55	92620	卖盘
14:38:15	16.85	--	15	25275	买盘
14:38:06	16.85	0.01	22	37070	买盘
14:38:03	16.84	-0.01	5	8420	卖盘
14:37:57	16.85	0.01	50	84250	买盘
14:37:51	16.84	-0.01	3	5052	卖盘
14:37:48	16.85	0.01	3	5055	买盘
14:37:42	16.84	-0.01	1	1684	卖盘
14:37:36	16.85	0.01	10	16850	买盘
14:37:33	16.84	-0.01	8	13472	卖盘
14:37:30	16.85	0.01	29	48865	买盘
14:37:27	16.84	-0.01	3	5052	卖盘
14:37:24	16.85	--	5	8425	买盘
14:37:21	16.85	0.01	3	5055	买盘
14:37:18	16.84	-0.01	4	6736	卖盘
14:37:15	16.85	--	10	16850	买盘
14:37:06	16.85	-0.01	18	30330	卖盘
14:36:57	16.86	0.01	1	1686	买盘
14:36:54	16.85	-0.01	2	3370	卖盘
14:36:48	16.86	0.01	3	5058	买盘
14:36:45	16.85	--	8	13480	卖盘
14:36:39	16.85	--	2	3370	卖盘
14:36:36	16.85	--	34	57290	卖盘
14:36:30	16.85	--	2	3370	卖盘
14:36:21	16.85	-0.01	4	6740	卖盘
14:36:18	16.86	0.01	5	8430	买盘
14:36:12	16.85	--	21	35385	卖盘
14:36:06	16.85	--	5	8425	卖盘
14:36:00	16.85	--	15	25275	卖盘
14:35:57	16.85	-0.01	2	3370	卖盘
14:35:54	16.86	0.01	7	11802	买盘
14:35:51	16.85	-0.01	1	1685	卖盘
14:35:48	16.86	0.01	9	15174	买盘
14:35:42	16.85	0.01	3	5055	买盘
14:35:30	16.84	0.01	2	3368	买盘
14:35:24	16.83	-0.01	1	1682	卖盘
14:35:21	16.84	0.01	2	3368	买盘
14:35:18	16.83	-0.01	4	6731	卖盘
14:35:12	16.84	0.01	1	1684	买盘
14:35:09	16.83	-0.01	17	28610	中性盘
14:35:06	16.84	0.01	32	53888	买盘
14:35:03	16.83	--	47	79100	卖盘
14:35:00	16.83	-0.01	6	10097	卖盘
14:34:54	16.84	--	19	31996	卖盘
14:34:48	16.84	0.01	12	20208	中性盘
14:34:45	16.83	--	8	13463	卖盘
14:34:42	16.83	0.01	4	6731	卖盘
14:34:39	16.82	-0.01	16	26912	卖盘
14:34:36	16.83	0.01	7	11780	买盘
14:34:24	16.82	0.01	1	1682	买盘
14:34:21	16.81	--	1	1680	卖盘
14:34:12	16.81	-0.01	5	8405	卖盘
14:34:09	16.82	0.01	10	16820	买盘
14:34:06	16.81	-0.01	2	3361	卖盘
14:34:03	16.82	--	12	20184	卖盘
14:33:57	16.82	-0.04	8	13456	中性盘
14:33:48	16.86	0.05	41	69126	买盘
14:33:42	16.81	--	2	3361	卖盘
14:33:33	16.81	-0.05	7	11767	卖盘
14:33:27	16.86	0.05	10	16860	买盘
14:33:24	16.81	-0.01	24	40344	卖盘
14:33:18	16.82	-0.03	74	124468	卖盘
14:33:15	16.85	0.04	50	84250	买盘
14:33:12	16.81	-0.01	29	48748	卖盘
14:33:09	16.82	-0.03	54	90828	卖盘
14:33:06	16.85	0.02	77	129745	买盘
14:33:00	16.83	-0.03	146	245717	卖盘
14:32:57	16.86	--	121	204006	卖盘
14:32:54	16.86	--	46	77556	买盘
14:32:51	16.86	-0.01	22	37092	卖盘
14:32:48	16.87	--	9	15183	买盘
14:32:45	16.87	0.01	19	32053	买盘
14:32:42	16.86	--	160	269760	卖盘
14:32:39	16.86	--	10	16860	卖盘
14:32:36	16.86	--	13	21918	卖盘
14:32:30	16.86	--	1	1686	卖盘
14:32:21	16.86	-0.02	3	5058	卖盘
14:32:15	16.88	0.02	5	8440	买盘
14:32:12	16.86	-0.01	13	21918	卖盘
14:32:06	16.87	--	13	21931	卖盘
14:31:57	16.87	--	17	28679	卖盘
14:31:51	16.87	--	2	3374	卖盘
14:31:48	16.87	--	25	42175	卖盘
14:31:45	16.87	--	8	13496	卖盘
14:31:39	16.87	--	2	3374	卖盘
14:31:36	16.87	--	3	5061	卖盘
14:31:33	16.87	--	1	1687	卖盘
14:31:24	16.87	-0.01	3	5061	卖盘
14:31:18	16.88	--	3	5064	买盘
14:31:15	16.88	-0.02	5	8440	卖盘
14:31:12	16.9	0.02	10	16900	买盘
14:31:09	16.88	-0.01	5	8440	卖盘
14:31:03	16.89	--	6	10134	卖盘
14:31:00	16.89	--	15	25335	卖盘
14:30:57	16.89	--	4	6756	卖盘
14:30:54	16.89	-0.02	15	25335	卖盘
14:30:48	16.91	0.02	22	37202	买盘
14:30:45	16.89	--	49	82761	卖盘
14:30:39	16.89	-0.01	108	182412	卖盘
14:30:36	16.9	-0.01	40	67600	卖盘
14:30:33	16.91	0.01	21	35511	买盘
14:30:30	16.9	--	79	133510	卖盘
14:30:21	16.9	-0.01	3	5070	卖盘
14:30:15	16.91	--	8	13528	卖盘
14:30:12	16.91	--	12	20292	卖盘
14:30:09	16.91	--	39	65949	卖盘
14:30:06	16.91	--	3	5073	卖盘
14:29:57	16.91	--	16	27056	买盘
14:29:48	16.91	0.01	1	1691	买盘
14:29:42	16.9	--	1	1689	卖盘
14:29:33	16.9	--	6	10140	卖盘
14:29:24	16.9	--	30	50699	卖盘
14:29:09	16.9	--	1	1689	中性盘
14:28:54	16.9	-0.01	2	3379	卖盘
14:28:48	16.91	0.01	7	11837	买盘
14:28:45	16.9	0.01	5	8450	中性盘
14:28:39	16.89	--	10	16890	卖盘
14:28:36	16.89	--	14	23646	卖盘
14:28:30	16.89	--	21	35469	卖盘
14:28:21	16.89	--	5	8445	卖盘
14:28:12	16.89	--	13	21957	卖盘
14:28:06	16.89	-0.01	3	5067	卖盘
14:28:03	16.9	--	1	1689	买盘
14:28:00	16.9	--	61	103089	卖盘
14:27:57	16.9	--	16	27039	卖盘
14:27:48	16.9	--	81	136890	卖盘
14:27:42	16.9	-0.01	9	15209	卖盘
14:27:33	16.91	--	2	3382	卖盘
14:27:24	16.91	--	8	13528	卖盘
14:27:21	16.91	0.01	1	1691	买盘
14:27:15	16.9	--	2	3379	卖盘
14:27:09	16.9	-0.01	3	5070	卖盘
14:27:06	16.91	0.01	3	5073	买盘
14:27:00	16.9	--	19	32109	卖盘
14:26:51	16.9	-0.01	8	13519	卖盘
14:26:48	16.91	0.01	84	142044	买盘
14:26:45	16.9	--	2	3379	卖盘
14:26:39	16.9	-0.01	6	10140	卖盘
14:26:36	16.91	--	3	5073	买盘
14:26:27	16.91	--	3	5073	卖盘
14:26:21	16.91	--	1	1691	卖盘
14:26:18	16.91	0.01	3	5073	买盘
14:26:06	16.9	--	4	6759	卖盘
14:25:57	16.9	-0.02	21	35490	卖盘
14:25:48	16.92	0.02	17	28764	买盘
14:25:45	16.9	--	85	143650	卖盘
14:25:39	16.9	--	41	69290	卖盘
14:25:33	16.9	-0.01	21	35490	卖盘
14:25:27	16.91	-0.01	79	133589	买盘
14:25:24	16.92	0.01	14	23688	买盘
14:25:21	16.91	--	9	15219	卖盘
14:25:15	16.91	-0.01	3	5073	卖盘
14:25:09	16.92	0.02	14	23688	买盘
14:25:00	16.9	--	14	23659	卖盘
14:24:57	16.9	--	5	8450	卖盘
14:24:51	16.9	--	20	33800	卖盘
14:24:45	16.9	-0.02	7	11829	卖盘
14:24:39	16.92	0.02	32	54144	买盘
14:24:36	16.9	-0.02	4	6759	卖盘
14:24:30	16.92	0.02	9	15228	买盘
14:24:27	16.9	--	11	18590	卖盘
14:24:21	16.9	-0.01	39	65910	卖盘
14:24:18	16.91	--	4	6764	买盘
14:24:15	16.91	--	10	16910	卖盘
14:24:12	16.91	-0.01	5	8455	卖盘
14:24:09	16.92	0.01	24	40608	买盘
14:24:03	16.91	-0.01	21	35511	卖盘
14:24:00	16.92	0.01	6	10152	买盘
14:23:57	16.91	--	38	64258	卖盘
14:23:54	16.91	--	5	8455	卖盘
14:23:51	16.91	--	9	15219	卖盘
14:23:48	16.91	--	3	5073	卖盘
14:23:39	16.91	--	16	27056	卖盘
14:23:33	16.91	-0.01	6	10146	卖盘
14:23:30	16.92	0.01	16	27072	买盘
14:23:24	16.91	--	10	16910	卖盘
14:23:21	16.91	0.01	21	35511	买盘
14:23:15	16.9	--	24	40560	卖盘
14:23:12	16.9	-0.01	20	33800	卖盘
14:23:09	16.91	--	35	59185	买盘
14:23:00	16.91	0.01	49	82859	买盘
14:22:51	16.9	--	70	118299	卖盘
14:22:45	16.9	-0.02	7	11829	卖盘
14:22:42	16.92	0.01	38	64296	买盘
14:22:39	16.91	--	55	93005	卖盘
14:22:36	16.91	-0.01	2	3382	卖盘
14:22:30	16.92	0.01	37	62604	买盘
14:22:27	16.91	-0.01	6	10146	卖盘
14:22:21	16.92	0.01	31	52452	买盘
14:22:12	16.91	-0.01	9	15219	卖盘
14:22:09	16.92	0.01	15	25380	买盘
14:22:06	16.91	--	6	10146	卖盘
14:22:03	16.91	-0.01	31	52421	卖盘
14:21:57	16.92	--	5	8460	买盘
14:21:51	16.92	0.01	4	6768	买盘
14:21:48	16.91	--	1	1691	卖盘
14:21:39	16.91	--	7	11837	卖盘
14:21:33	16.91	-0.01	20	33820	卖盘
14:21:27	16.92	--	49	82908	卖盘
14:21:24	16.92	--	1	1692	卖盘
14:21:21	16.92	--	40	67680	卖盘
14:21:18	16.92	--	8	13536	卖盘
14:21:15	16.92	-0.01	4	6768	卖盘
14:21:09	16.93	0.01	11	18623	买盘
14:21:06	16.92	--	1	1692	卖盘
14:21:00	16.92	--	9	15228	卖盘
14:20:57	16.92	-0.01	1	1692	卖盘
14:20:54	16.93	0.01	6	10158	买盘
14:20:51	16.92	--	5	8460	卖盘
14:20:48	16.92	--	31	52452	卖盘
14:20:45	16.92	--	25	42300	卖盘
14:20:36	16.92	--	6	10152	卖盘
14:20:33	16.92	-0.02	1	1692	卖盘
14:20:30	16.94	0.02	14	23716	买盘
14:20:27	16.92	--	2	3384	卖盘
14:20:24	16.92	-0.01	1	1692	卖盘
14:20:21	16.93	0.01	21	35553	买盘
14:20:12	16.92	-0.01	3	5076	卖盘
14:20:09	16.93	0.01	49	82957	买盘
14:20:03	16.92	--	7	11844	卖盘
14:20:00	16.92	-0.01	8	13536	卖盘
14:19:57	16.93	--	13	22009	卖盘
14:19:48	16.93	0.01	1	1693	卖盘
14:19:45	16.92	--	16	27072	卖盘
14:19:39	16.92	--	5	9187	卖盘
14:19:33	16.92	--	2	3384	卖盘
14:19:27	16.92	--	2	3384	卖盘
14:19:21	16.92	--	10	16920	卖盘
14:19:15	16.92	--	1	1692	卖盘
14:19:06	16.92	-0.01	3	5076	卖盘
14:19:03	16.93	0.01	13	22009	买盘
14:19:00	16.92	-0.01	2	3384	卖盘
14:18:54	16.93	0.01	11	18623	买盘
14:18:42	16.92	--	1	1692	卖盘
14:18:39	16.92	--	5	8460	卖盘
14:18:27	16.92	--	1	1692	卖盘
14:18:18	16.92	--	1	1692	卖盘
14:18:12	16.92	--	5	8460	卖盘
14:18:03	16.92	-0.01	25	43264	卖盘
14:17:57	16.93	0.01	27	46438	买盘
14:17:54	16.92	-0.01	10	16920	卖盘
14:17:51	16.93	0.01	45	76185	买盘
14:17:48	16.92	--	2	3384	卖盘
14:17:39	16.92	-0.01	14	23688	卖盘
14:17:33	16.93	0.01	1	1693	买盘
14:17:30	16.92	-0.01	9	15228	卖盘
14:17:27	16.93	0.01	57	96501	买盘
14:17:24	16.92	-0.01	3	5076	卖盘
14:17:21	16.93	--	40	67720	买盘
14:17:15	16.93	0.01	12	20316	买盘
14:16:51	16.92	--	3	5076	卖盘
14:16:42	16.92	--	4	6768	卖盘
14:16:39	16.92	--	10	16920	卖盘
14:16:36	16.92	--	2	3384	卖盘
14:16:33	16.92	--	18	30456	卖盘
14:16:27	16.92	-0.02	10	16920	卖盘
14:16:21	16.94	--	16	27104	卖盘
14:16:18	16.94	--	34	57596	买盘
14:16:12	16.94	--	40	67760	买盘
14:16:09	16.94	-0.01	54	91476	卖盘
14:16:03	16.95	0.01	43	72885	买盘
14:16:00	16.94	--	3	5082	买盘
14:15:57	16.94	0.02	12	20328	买盘
14:15:54	16.92	--	3	5076	卖盘
14:15:48	16.92	-0.03	3	5076	卖盘
14:15:45	16.95	0.02	10	16950	买盘
14:15:39	16.93	-0.01	10	16930	卖盘
14:15:33	16.94	--	2	3388	买盘
14:15:30	16.94	0.01	48	81312	买盘
14:15:24	16.93	--	1	1693	卖盘
14:15:21	16.93	0.01	1	1693	买盘
14:15:15	16.92	-0.01	6	10152	卖盘
14:15:09	16.93	0.02	24	40632	买盘
14:15:06	16.91	--	5	8455	卖盘
14:15:00	16.91	-0.02	15	25365	卖盘
14:14:57	16.93	--	1	1693	买盘
14:14:54	16.93	0.02	6	10158	买盘
14:14:51	16.91	--	12	20292	卖盘
14:14:42	16.91	-0.02	30	50730	卖盘
14:14:39	16.93	0.01	30	50790	买盘
14:14:36	16.92	--	121	204732	买盘
14:14:33	16.92	0.01	3	5076	买盘
14:14:27	16.91	--	108	182628	买盘
14:14:24	16.91	0.01	57	96387	买盘
14:14:18	16.9	--	17	28729	卖盘
14:14:15	16.9	--	1	1689	卖盘
14:14:12	16.9	--	7	11829	卖盘
14:14:09	16.9	0.01	75	126749	买盘
14:14:06	16.89	0.02	10	16890	中性盘
14:14:03	16.87	--	2	3374	卖盘
14:13:54	16.87	--	11	18557	卖盘
14:13:48	16.87	-0.03	11	18557	卖盘
14:13:45	16.9	0.03	44	74360	中性盘
14:13:39	16.87	-0.03	14	23618	卖盘
14:13:36	16.9	--	6	11187	卖盘
14:13:33	16.9	0.03	8	13519	买盘
14:13:30	16.87	-0.03	68	114716	卖盘
14:13:24	16.9	-0.02	28	47319	中性盘
14:13:15	16.92	0.03	135	228420	买盘
14:13:06	16.89	-0.03	22	37158	卖盘
14:13:00	16.92	0.03	5	8460	买盘
14:12:57	16.89	-0.01	100	168900	卖盘
14:12:54	16.9	-0.02	5	8450	卖盘
14:12:51	16.92	0.02	6	10152	买盘
14:12:42	16.9	--	18	30419	卖盘
14:12:36	16.9	--	4	6759	卖盘
14:12:33	16.9	0.01	21	35490	买盘
14:12:27	16.89	--	9	15201	卖盘
14:12:24	16.89	-0.01	7	11823	卖盘
14:12:18	16.9	-0.01	5	8450	卖盘
14:12:15	16.91	0.01	30	50730	买盘
14:12:12	16.9	--	12	20280	卖盘
14:12:09	16.9	--	11	18590	买盘
14:12:06	16.9	--	10	16900	卖盘
14:12:03	16.9	--	10	16900	卖盘
14:11:57	16.9	--	14	23659	卖盘
14:11:54	16.9	--	27	45629	卖盘
14:11:51	16.9	--	10	16900	卖盘
14:11:48	16.9	0.01	131	221389	买盘
14:11:45	16.89	--	2	3378	卖盘
14:11:39	16.89	--	11	18579	卖盘
14:11:36	16.89	--	13	21957	卖盘
14:11:33	16.89	-0.01	99	167211	卖盘
14:11:30	16.9	0.01	49	82810	买盘
14:11:27	16.89	--	6	10134	卖盘
14:11:24	16.89	--	12	20268	卖盘
14:11:21	16.89	--	16	27024	卖盘
14:11:15	16.89	--	5	8445	卖盘
14:11:06	16.89	--	6	10134	卖盘
14:11:00	16.89	--	4	6756	卖盘
14:10:51	16.89	--	19	32091	卖盘
14:10:42	16.89	--	3	5067	卖盘
14:10:39	16.89	--	12	20268	卖盘
14:10:33	16.89	--	17	28713	卖盘
14:10:30	16.89	--	31	52359	卖盘
14:10:27	16.89	--	15	25335	卖盘
14:10:24	16.89	--	18	30402	卖盘
14:10:18	16.89	-0.01	18	30402	卖盘
14:10:15	16.9	0.01	5	8450	买盘
14:10:09	16.89	--	61	103029	卖盘
14:10:06	16.89	--	50	84450	卖盘
14:10:03	16.89	-0.02	12	20268	卖盘
14:09:54	16.91	--	37	62567	买盘
14:09:51	16.91	0.01	20	33820	买盘
14:09:48	16.9	--	29	49009	卖盘
14:09:45	16.9	-0.01	11	18590	卖盘
14:09:42	16.91	0.01	127	214757	买盘
14:09:39	16.9	-0.01	2	3379	卖盘
14:09:33	16.91	0.01	2	3382	买盘
14:09:30	16.9	-0.01	4	6759	卖盘
14:09:27	16.91	0.01	5	8455	中性盘
14:09:21	16.9	-0.02	9	15209	卖盘
14:09:18	16.92	0.01	14	23688	买盘
14:09:15	16.91	--	41	69331	卖盘
14:09:06	16.91	-0.01	7	11837	卖盘
14:09:03	16.92	--	89	150588	买盘
14:09:00	16.92	--	17	28764	卖盘
14:08:57	16.92	--	21	35532	卖盘
14:08:54	16.92	--	3	5076	卖盘
14:08:51	16.92	--	2	3384	卖盘
14:08:42	16.92	--	6	10152	卖盘
14:08:36	16.92	0.01	1	1692	买盘
14:08:33	16.91	--	4	6764	卖盘
14:08:27	16.91	-0.01	12	20292	卖盘
14:08:18	16.92	0.01	49	82908	买盘
14:08:15	16.91	--	10	16910	卖盘
14:08:09	16.91	-0.01	3	5073	卖盘
14:08:03	16.92	0.01	15	25380	买盘
14:07:54	16.91	--	7	11837	卖盘
14:07:45	16.91	--	7	11837	卖盘
14:07:42	16.91	--	5	8455	卖盘
14:07:39	16.91	-0.01	21	35511	卖盘
14:07:33	16.92	0.01	14	23688	买盘
14:07:30	16.91	-0.01	2	3382	卖盘
14:07:27	16.92	--	88	148896	买盘
14:07:24	16.92	0.01	15	25380	买盘
14:07:21	16.91	--	7	11837	卖盘
14:07:15	16.91	-0.01	27	45657	卖盘
14:07:12	16.92	--	5	8460	买盘
14:07:06	16.92	0.01	53	89676	买盘
14:06:57	16.91	--	4	6764	卖盘
14:06:51	16.91	-0.01	18	30438	卖盘
14:06:45	16.92	--	62	104904	卖盘
14:06:42	16.92	--	1	1692	卖盘
14:06:39	16.92	--	27	45684	卖盘
14:06:33	16.92	-0.02	6	10152	卖盘
14:06:27	16.94	--	12	20328	买盘
14:06:24	16.94	--	17	28798	卖盘
14:06:21	16.94	--	7	11858	卖盘
14:06:18	16.94	--	16	27104	卖盘
14:06:15	16.94	-0.01	17	28798	卖盘
14:06:12	16.95	0.01	9	15255	买盘
14:06:09	16.94	-0.01	22	37268	卖盘
14:06:06	16.95	--	11	18645	卖盘
14:06:03	16.95	--	30	50850	卖盘
14:06:00	16.95	--	20	33900	卖盘
14:05:57	16.95	--	36	61020	买盘
14:05:54	16.95	--	71	120345	买盘
14:05:51	16.95	--	17	28815	买盘
14:05:48	16.95	0.03	3	5085	买盘
14:05:45	16.92	-0.03	40	67680	卖盘
14:05:39	16.95	--	158	267810	卖盘
14:05:36	16.95	-0.01	2	3390	卖盘
14:05:33	16.96	0.01	5	8480	买盘
14:05:30	16.95	-0.02	55	93225	卖盘
14:05:27	16.97	0.02	34	57697	买盘
14:05:24	16.95	--	6	10170	卖盘
14:05:21	16.95	-0.01	69	116955	卖盘
14:05:18	16.96	--	15	25440	卖盘
14:05:15	16.96	--	26	44096	卖盘
14:05:12	16.96	0.01	140	237440	买盘
14:05:09	16.95	--	44	74580	卖盘
14:05:06	16.95	--	8	13560	卖盘
14:05:03	16.95	--	43	72885	买盘
14:04:57	16.95	0.03	40	67800	买盘
14:04:54	16.92	0.02	10	16920	买盘
14:04:51	16.9	--	133	224769	卖盘
14:04:48	16.9	--	18	30419	买盘
14:04:45	16.9	--	92	155480	买盘
14:04:42	16.9	-0.05	564	953159	卖盘
14:04:39	16.95	--	9	15255	买盘
14:04:36	16.95	--	108	183060	买盘
14:04:33	16.95	--	8	13560	买盘
14:04:30	16.95	0.05	20	33900	买盘
14:04:27	16.9	-0.05	8	13519	卖盘
14:04:24	16.95	0.05	31	52545	中性盘
14:04:18	16.9	-0.06	31	52389	卖盘
14:04:15	16.96	0.07	87	147552	买盘
14:04:12	16.89	--	42	70938	买盘
14:04:09	16.89	-0.06	16	27024	卖盘
14:04:06	16.95	0.03	496	840720	买盘
14:04:03	16.92	0.03	65	109980	买盘
14:03:57	16.89	--	70	118230	卖盘
14:03:54	16.89	-0.03	86	145254	卖盘
14:03:51	16.92	0.03	69	116748	买盘
14:03:48	16.89	--	55	92895	卖盘
14:03:45	16.89	-0.01	17	28713	卖盘
14:03:42	16.9	0.02	309	522209	买盘
14:03:39	16.88	--	82	138416	卖盘
14:03:33	16.88	--	5	8440	卖盘
14:03:30	16.88	0.05	306	516696	买盘
14:03:27	16.83	-0.05	4	6731	卖盘
14:03:24	16.88	0.01	100	168800	买盘
14:03:21	16.87	--	108	182196	买盘
14:03:15	16.87	0.03	19	32053	买盘
14:03:06	16.84	-0.03	4	6736	中性盘
14:03:03	16.87	0.04	19	32053	买盘
14:03:00	16.83	--	4	6731	卖盘
14:02:57	16.83	-0.04	12	20195	卖盘
14:02:54	16.87	--	6	10122	卖盘
14:02:51	16.87	--	8	13496	卖盘
14:02:45	16.87	0.05	5	8435	买盘
14:02:42	16.82	-0.05	10	16820	卖盘
14:02:39	16.87	0.05	7	11809	买盘
14:02:36	16.82	-0.01	20	33640	卖盘
14:02:33	16.83	0.01	2	3365	中性盘
14:02:27	16.82	--	47	79054	买盘
14:02:24	16.82	--	11	18502	卖盘
14:02:18	16.82	-0.06	63	105966	卖盘
14:02:12	16.88	0.06	50	84400	买盘
14:02:09	16.82	-0.03	211	354902	卖盘
14:02:06	16.85	--	2	3370	买盘
14:02:03	16.85	--	39	65715	买盘
14:02:00	16.85	-0.04	16	28476	卖盘
14:01:54	16.89	0.01	66	111474	买盘
14:01:51	16.88	0.03	20	33760	买盘
14:01:48	16.85	-0.01	170	286450	卖盘
14:01:45	16.86	-0.03	12	20232	卖盘
14:01:42	16.89	0.01	38	64182	买盘
14:01:39	16.88	0.01	19	32071	买盘
14:01:36	16.87	-0.01	2	3374	卖盘
14:01:33	16.88	0.01	7	11816	中性盘
14:01:30	16.87	-0.01	25	42175	卖盘
14:01:27	16.88	--	24	40680	买盘
14:01:24	16.88	0.02	18	30384	买盘
14:01:21	16.86	-0.01	35	59010	卖盘
14:01:18	16.87	-0.02	10	16870	买盘
14:01:15	16.89	--	68	114852	卖盘
14:01:12	16.89	0.03	97	163833	买盘
14:01:06	16.86	-0.02	33	57155	卖盘
14:01:03	16.88	-0.01	125	211000	卖盘
14:01:00	16.89	0.01	6	10134	买盘
14:00:57	16.88	-0.01	8	13504	卖盘
14:00:51	16.89	0.01	10	16890	买盘
14:00:48	16.88	--	20	33760	卖盘
14:00:45	16.88	0.03	15	25488	买盘
14:00:42	16.85	-0.03	27	45495	卖盘
14:00:39	16.88	--	25	42200	买盘
14:00:36	16.88	--	19	33591	卖盘
14:00:33	16.88	-0.01	114	192432	卖盘
14:00:30	16.89	0.01	2	3378	中性盘
14:00:27	16.88	-0.02	27	45576	卖盘
14:00:24	16.9	0.02	78	131820	买盘
14:00:21	16.88	-0.01	10	16880	卖盘
14:00:18	16.89	0.01	96	162144	买盘
14:00:15	16.88	0.01	122	206104	买盘
14:00:12	16.87	0.01	16	26992	买盘
14:00:09	16.86	0.01	8	13488	中性盘
14:00:06	16.85	--	12	20220	卖盘
14:00:00	16.85	-0.04	41	69085	卖盘
13:59:57	16.89	0.04	16	27024	买盘
13:59:54	16.85	-0.04	19	32015	卖盘
13:59:51	16.89	0.05	80	135120	买盘
13:59:45	16.84	-0.04	83	139772	卖盘
13:59:42	16.88	--	9	15192	卖盘
13:59:39	16.88	0.03	292	493621	买盘
13:59:36	16.85	--	39	65715	买盘
13:59:33	16.85	--	50	84250	买盘
13:59:30	16.85	0.01	32	53920	买盘
13:59:27	16.84	--	14	23576	买盘
13:59:24	16.84	0.01	46	77464	买盘
13:59:21	16.83	--	13	21878	卖盘
13:59:15	16.83	0.01	62	104345	买盘
13:59:12	16.82	--	2	3364	卖盘
13:59:06	16.82	--	12	20184	卖盘
13:59:00	16.82	0.02	49	82418	买盘
13:58:57	16.8	-0.01	5	8400	卖盘
13:58:54	16.81	--	3	5043	买盘
13:58:51	16.81	0.01	2	3361	买盘
13:58:48	16.8	-0.01	26	43680	卖盘
13:58:42	16.81	0.01	37	62196	买盘
13:58:39	16.8	--	11	18480	买盘
13:58:36	16.8	0.01	1	1680	买盘
13:58:33	16.79	--	2	3358	买盘
13:58:30	16.79	--	108	181332	卖盘
13:58:24	16.79	--	2	3358	卖盘
13:58:18	16.79	-0.01	8	13432	卖盘
13:58:12	16.8	--	4	6720	买盘
13:58:09	16.8	0.01	9	15120	买盘
13:58:03	16.79	--	10	16790	卖盘
13:58:00	16.79	-0.01	10	16790	卖盘
13:57:54	16.8	0.01	50	84000	买盘
13:57:45	16.79	--	2	3358	中性盘
13:57:36	16.79	0.01	8	13432	卖盘
13:57:30	16.78	-0.02	19	31882	卖盘
13:57:24	16.8	0.02	21	35280	买盘
13:57:21	16.78	-0.01	21	35238	卖盘
13:57:18	16.79	0.01	52	87509	买盘
13:57:06	16.78	-0.01	102	171156	卖盘
13:57:03	16.79	0.01	1	1679	买盘
13:56:57	16.78	--	3	5034	卖盘
13:56:54	16.78	--	10	16780	卖盘
13:56:48	16.78	--	13	21814	卖盘
13:56:42	16.78	-0.01	8	13424	卖盘
13:56:39	16.79	0.01	7	11753	买盘
13:56:33	16.78	-0.01	4	6712	卖盘
13:56:30	16.79	0.01	20	33580	买盘
13:56:24	16.78	-0.01	8	13424	卖盘
13:56:21	16.79	0.01	14	23506	买盘
13:56:18	16.78	--	39	65442	卖盘
13:56:15	16.78	--	2	3356	卖盘
13:56:09	16.78	-0.01	3	5034	卖盘
13:56:06	16.79	0.01	15	25185	买盘
13:56:00	16.78	-0.01	15	25170	卖盘
13:55:54	16.79	0.02	73	122567	买盘
13:55:45	16.77	-0.01	46	77142	卖盘
13:55:42	16.78	--	12	20136	卖盘
13:55:39	16.78	0.01	19	31882	买盘
13:55:36	16.77	-0.01	212	355524	卖盘
13:55:30	16.78	--	9	15102	买盘
13:55:24	16.78	--	1	1678	买盘
13:55:21	16.78	0.01	15	25170	买盘
13:55:15	16.77	--	13	21801	卖盘
13:55:12	16.77	-0.01	2	3354	卖盘
13:55:09	16.78	0.01	32	53696	买盘
13:55:06	16.77	--	11	18447	卖盘
13:54:57	16.77	--	57	95589	卖盘
13:54:51	16.77	--	3	5031	卖盘
13:54:48	16.77	-0.01	6	10062	卖盘
13:54:42	16.78	0.01	15	25170	买盘
13:54:36	16.77	--	15	25155	卖盘
13:54:33	16.77	--	18	30186	卖盘
13:54:30	16.77	-0.01	20	33540	卖盘
13:54:27	16.78	0.01	10	16780	买盘
13:54:24	16.77	-0.01	80	134160	卖盘
13:54:18	16.78	--	9	15102	卖盘
13:54:15	16.78	--	8	13424	卖盘
13:54:09	16.78	--	19	31882	卖盘
13:54:03	16.78	--	1	1678	买盘
13:54:00	16.78	--	13	21814	买盘
13:53:57	16.78	0.01	82	137596	买盘
13:53:54	16.77	--	5	8385	卖盘
13:53:51	16.77	-0.01	8	13416	卖盘
13:53:45	16.78	0.01	24	40272	买盘
13:53:36	16.77	-0.01	14	23478	卖盘
13:53:33	16.78	--	20	33560	买盘
13:53:30	16.78	0.01	16	26848	买盘
13:53:27	16.77	--	5	8385	卖盘
13:53:21	16.77	-0.01	20	33540	卖盘
13:53:18	16.78	0.01	5	8390	买盘
13:53:12	16.77	-0.01	103	172731	卖盘
13:53:06	16.78	0.01	10	16780	买盘
13:53:03	16.77	--	2	3354	卖盘
13:52:57	16.77	--	10	16770	卖盘
13:52:48	16.77	--	34	57018	卖盘
13:52:42	16.77	--	20	33540	卖盘
13:52:39	16.77	--	170	285090	买盘
13:52:30	16.77	0.01	1	1677	买盘
13:52:15	16.76	--	3	5028	卖盘
13:52:09	16.76	-0.01	2	3352	卖盘
13:52:03	16.77	--	10	16770	买盘
13:52:00	16.77	--	10	16770	买盘
13:51:57	16.77	0.01	2	3354	买盘
13:51:51	16.76	--	2	3352	卖盘
13:51:45	16.76	-0.01	1	1676	卖盘
13:51:42	16.77	0.01	5	8385	买盘
13:51:36	16.76	--	5	8380	卖盘
13:51:27	16.76	-0.01	21	35196	卖盘
13:51:24	16.77	--	8	13416	买盘
13:51:21	16.77	0.01	101	169377	买盘
13:51:12	16.76	--	5	8380	卖盘
13:51:09	16.76	--	1	1676	卖盘
13:51:03	16.76	--	24	40224	卖盘
13:51:00	16.76	-0.01	4	6704	卖盘
13:50:54	16.77	0.01	6	10062	买盘
13:50:48	16.76	-0.01	1	1676	卖盘
13:50:45	16.77	0.01	3	5031	买盘
13:50:39	16.76	--	5	8380	卖盘
13:50:33	16.76	-0.01	11	18436	卖盘
13:50:30	16.77	0.01	11	18447	买盘
13:50:24	16.76	-0.01	4	6704	卖盘
13:50:18	16.77	0.01	10	16770	买盘
13:50:15	16.76	-0.01	3	5028	卖盘
13:50:09	16.77	0.01	13	21801	买盘
13:50:03	16.76	--	9	15084	买盘
13:50:00	16.76	--	11	18436	买盘
13:49:54	16.76	--	9	15084	卖盘
13:49:51	16.76	--	13	21788	卖盘
13:49:48	16.76	--	23	38548	买盘
13:49:42	16.76	--	66	110616	买盘
13:49:33	16.76	0.01	6	10056	买盘
13:49:12	16.75	--	53	88775	买盘
13:49:09	16.75	--	4	6700	买盘
13:49:06	16.75	--	120	201000	买盘
13:48:54	16.75	--	78	130650	卖盘
13:48:39	16.75	--	5	8375	卖盘
13:48:36	16.75	-0.01	71	118925	卖盘
13:48:33	16.76	--	27	45252	买盘
13:48:00	16.76	--	20	33520	买盘
13:47:27	16.76	0.01	10	16760	买盘
13:47:06	16.75	--	10	16750	卖盘
13:46:57	16.75	--	6	10050	买盘
13:46:48	16.75	--	4	6700	买盘
13:46:39	16.75	--	4	6700	买盘
13:46:30	16.75	--	1	1675	买盘
13:46:18	16.75	-0.01	36	60300	卖盘
13:46:09	16.76	--	30	50280	买盘
13:46:06	16.76	--	1	1676	买盘
13:45:54	16.76	--	5	8380	买盘
13:45:42	16.76	--	18	30168	买盘
13:45:36	16.76	--	4	6704	买盘
13:45:30	16.76	--	5	8380	买盘
13:45:15	16.76	--	3	5028	买盘
13:45:09	16.76	--	15	25140	买盘
13:45:00	16.76	0.01	400	670400	买盘
13:44:39	16.75	--	10	16750	买盘
13:44:30	16.75	--	4	6700	买盘
13:44:12	16.75	--	34	56950	买盘
13:44:09	16.75	0.01	4	6700	买盘
13:43:57	16.74	0.01	1	1673	中性盘
13:43:45	16.73	-0.01	300	501900	卖盘
13:43:33	16.74	--	19	31805	买盘
13:43:24	16.74	--	1	1673	买盘
13:43:21	16.74	--	20	33480	买盘
13:43:18	16.74	--	59	98765	买盘
13:43:15	16.74	--	4	6695	买盘
13:43:09	16.74	0.01	5	8370	买盘
13:42:12	16.73	--	5	8365	买盘
13:42:09	16.73	--	4	6692	买盘
13:41:51	16.73	--	3	5019	卖盘
13:41:45	16.73	--	20	33460	卖盘
13:41:09	16.73	--	1	1673	卖盘
13:40:57	16.73	--	7	11711	买盘
13:40:54	16.73	--	12	20076	买盘
13:40:36	16.73	--	21	35133	买盘
13:40:33	16.73	--	50	83650	买盘
13:40:30	16.73	--	10	16730	买盘
13:40:27	16.73	--	1	1673	买盘
13:40:24	16.73	--	25	41825	买盘
13:40:09	16.73	0.01	29	48517	买盘
13:40:06	16.72	-0.01	4	6688	卖盘
13:40:00	16.73	--	7	11711	买盘
13:39:48	16.73	--	4	6692	买盘
13:39:15	16.73	0.01	42	70266	买盘
13:39:03	16.72	--	4	6688	卖盘
13:38:45	16.72	-0.01	15	25080	卖盘
13:38:33	16.73	--	5	8365	买盘
13:38:21	16.73	0.01	20	33460	买盘
13:38:12	16.72	--	10	16720	卖盘
13:38:06	16.72	--	7	11704	卖盘
13:37:57	16.72	--	4	6688	卖盘
13:37:30	16.72	-0.01	20	33440	卖盘
13:37:27	16.73	--	4	6692	买盘
13:37:24	16.73	0.01	15	25095	买盘
13:36:54	16.72	--	4	6688	卖盘
13:36:27	16.72	-0.01	101	168872	卖盘
13:35:54	16.73	--	1	1673	卖盘
13:35:51	16.73	-0.01	4	6692	中性盘
13:35:24	16.74	0.01	16	26783	买盘
13:35:09	16.73	--	15	25095	买盘
13:35:06	16.73	--	4	6692	买盘
13:34:48	16.73	--	7	11711	买盘
13:34:36	16.73	--	13	21749	卖盘
13:34:00	16.73	--	61	102053	卖盘
13:33:42	16.73	--	4	6692	卖盘
13:33:06	16.73	-0.01	8	13384	卖盘
13:32:57	16.74	0.01	16	26783	买盘
13:32:51	16.73	--	5	8365	卖盘
13:32:39	16.73	-0.01	4	6692	卖盘
13:32:30	16.74	--	1	1673	买盘
13:32:27	16.74	--	1	1673	买盘
13:32:24	16.74	--	11	18414	买盘
13:32:12	16.74	0.01	10	16740	买盘
13:32:09	16.73	--	2	3346	卖盘
13:32:00	16.73	-0.01	10	16730	卖盘
13:31:39	16.74	0.01	40	66960	买盘
13:31:36	16.73	-0.01	4	6692	卖盘
13:31:33	16.74	--	3	5021	买盘
13:31:21	16.74	--	1	1673	买盘
13:30:51	16.74	0.01	4	6695	买盘
13:30:48	16.73	-0.01	1	1673	中性盘
13:30:42	16.74	--	5	8370	买盘
13:30:39	16.74	--	1	1673	买盘
13:30:30	16.74	--	18	30131	买盘
13:30:27	16.74	--	5	8370	买盘
13:30:24	16.74	--	20	33480	买盘
13:30:15	16.74	0.01	11	18414	买盘
13:30:09	16.73	--	4	6692	买盘
13:29:57	16.73	--	1	1673	买盘
13:29:51	16.73	--	6	10038	买盘
13:29:45	16.73	0.01	6	10038	买盘
13:29:27	16.72	-0.01	6	10032	卖盘
13:29:12	16.73	-0.01	3	5019	卖盘
13:29:06	16.74	0.01	4	6695	买盘
13:28:45	16.73	-0.01	4	6692	卖盘
13:28:24	16.74	0.01	10	16740	买盘
13:28:09	16.73	--	4	6692	卖盘
13:28:06	16.73	--	1	1673	买盘
13:28:03	16.73	0.01	10	16730	买盘
13:27:48	16.72	-0.01	13	21736	卖盘
13:27:24	16.73	--	5	8365	买盘
13:27:15	16.73	--	9	15057	卖盘
13:27:03	16.73	--	100	167300	卖盘
13:26:54	16.73	--	5	8365	卖盘
13:26:21	16.73	-0.02	19	31787	卖盘
13:26:18	16.75	0.01	11	18425	买盘
13:26:09	16.74	--	1	1673	卖盘
13:26:03	16.74	--	1	1673	卖盘
13:25:54	16.74	--	3	5206	买盘
13:25:51	16.74	--	1	1673	买盘
13:25:24	16.74	--	7	11717	买盘
13:25:09	16.74	--	18	30131	买盘
13:24:24	16.74	--	5	8370	买盘
13:24:21	16.74	--	9	15065	买盘
13:24:03	16.74	--	6	10043	买盘
13:23:48	16.74	--	8	13391	买盘
13:23:24	16.74	--	4	6695	买盘
13:22:51	16.74	--	20	33480	买盘
13:22:45	16.74	--	5	8370	买盘
13:22:33	16.74	--	10	16740	买盘
13:22:30	16.74	--	14	24925	卖盘
13:22:15	16.74	-0.01	19	31805	卖盘
13:22:09	16.75	0.01	20	33500	买盘
13:21:54	16.74	-0.01	5	8370	卖盘
13:21:51	16.75	0.01	30	50250	买盘
13:21:45	16.74	-0.01	1	1673	卖盘
13:21:42	16.75	0.01	2	3350	买盘
13:21:39	16.74	--	1	1673	卖盘
13:21:30	16.74	-0.01	10	16740	卖盘
13:21:12	16.75	0.01	5	8375	买盘
13:21:09	16.74	--	1	1673	卖盘
13:21:03	16.74	--	1	1673	卖盘
13:20:48	16.74	-0.01	59	98765	卖盘
13:20:39	16.75	0.01	10	16750	买盘
13:20:36	16.74	--	16	26783	卖盘
13:20:33	16.74	--	18	30316	买盘
13:20:30	16.74	--	6	10043	买盘
13:20:24	16.74	0.01	22	36828	买盘
13:20:12	16.73	-0.01	4	6692	卖盘
13:20:09	16.74	0.01	9	15065	买盘
13:19:39	16.73	-0.01	1	1673	中性盘
13:19:15	16.74	0.02	118	197531	买盘
13:18:54	16.72	-0.01	2	3344	卖盘
13:18:42	16.73	0.01	6	10038	买盘
13:18:36	16.72	-0.01	1	1672	卖盘
13:18:30	16.73	--	5	8365	买盘
13:18:21	16.73	--	21	35133	买盘
13:18:15	16.73	--	10	16730	买盘
13:18:03	16.73	0.01	5	8365	买盘
13:17:54	16.72	-0.01	10	16720	卖盘
13:17:48	16.73	--	7	11711	买盘
13:17:12	16.73	--	2	3346	买盘
13:17:09	16.73	--	8	14872	卖盘
13:17:03	16.73	--	16	26768	卖盘
13:16:57	16.73	--	0	184	买盘
13:16:45	16.73	0.01	13	21749	买盘
13:16:24	16.72	-0.01	1	1672	卖盘
13:16:03	16.73	-0.01	7	13199	卖盘
13:16:00	16.74	0.01	4	6695	买盘
13:15:54	16.73	--	1	1673	卖盘
13:15:51	16.73	--	6	10222	买盘
13:15:30	16.73	--	10	16730	买盘
13:15:21	16.73	0.01	36	60228	买盘
13:15:12	16.72	-0.01	14	23408	卖盘
13:15:09	16.73	0.01	13	21749	买盘
13:15:06	16.72	--	50	83600	卖盘
13:15:03	16.72	-0.01	25	41800	卖盘
13:14:57	16.73	--	11	18403	买盘
13:14:51	16.73	--	2	3346	买盘
13:14:45	16.73	--	7	11711	买盘
13:14:36	16.73	--	32	55024	卖盘
13:14:30	16.73	--	9	15057	卖盘
13:14:24	16.73	--	3	5019	卖盘
13:14:12	16.73	-0.01	5	8365	卖盘
13:14:06	16.74	--	3	5021	买盘
13:13:45	16.74	0.01	30	50219	买盘
13:13:36	16.73	--	50	83650	卖盘
13:13:03	16.73	--	5	8365	卖盘
13:12:54	16.73	--	5	8365	卖盘
13:12:48	16.73	--	132	221020	买盘
13:12:45	16.73	0.01	20	33460	买盘
13:12:39	16.72	--	5	8360	卖盘
13:12:18	16.72	--	22	36784	买盘
13:12:12	16.72	--	65	108679	买盘
13:12:06	16.72	--	20	33440	买盘
13:12:03	16.72	--	37	61863	买盘
13:11:57	16.72	--	5	8360	买盘
13:11:36	16.72	0.01	31	51832	买盘
13:11:33	16.71	-0.01	1	1671	卖盘
13:11:21	16.72	--	6	10032	买盘
13:11:18	16.72	0.01	6	10032	买盘
13:11:09	16.71	--	1	1671	卖盘
13:11:03	16.71	--	1	1671	卖盘
13:10:57	16.71	-0.01	10	16710	卖盘
13:10:54	16.72	--	14	23408	买盘
13:10:42	16.72	--	5	8360	买盘
13:10:30	16.72	0.01	36	60191	中性盘
13:10:15	16.71	--	7	12783	买盘
13:10:12	16.71	--	3	5013	买盘
13:10:09	16.71	--	13	21723	买盘
13:10:00	16.71	--	5	8355	买盘
13:09:57	16.71	-0.01	4	6684	卖盘
13:09:51	16.72	0.01	39	65207	买盘
13:09:45	16.71	--	1	1671	中性盘
13:09:27	16.71	0.01	1	1671	卖盘
13:09:00	16.7	--	32	53440	卖盘
13:08:54	16.7	--	1	1670	卖盘
13:08:48	16.7	--	1	1670	卖盘
13:08:18	16.7	--	2	3340	卖盘
13:07:48	16.7	-0.01	1	1670	卖盘
13:07:15	16.71	--	4	6684	卖盘
13:07:12	16.71	--	6	10026	买盘
13:07:00	16.71	--	3	5013	买盘
13:06:51	16.71	--	5	8355	中性盘
13:06:27	16.71	--	4	6684	卖盘
13:06:21	16.71	--	13	21723	卖盘
13:06:09	16.71	--	1	1671	卖盘
13:06:06	16.71	--	1	1671	中性盘
13:05:54	16.71	--	6	10026	买盘
13:05:42	16.71	-0.01	53	88563	卖盘
13:05:15	16.72	--	5	8360	买盘
13:05:09	16.72	0.01	12	20064	买盘
13:05:06	16.71	-0.01	1	1671	卖盘
13:04:51	16.72	0.01	10	16720	买盘
13:04:48	16.71	-0.01	30	50130	卖盘
13:04:42	16.72	--	30	50160	买盘
13:04:39	16.72	--	15	25080	买盘
13:04:36	16.72	--	7	11704	买盘
13:04:21	16.72	0.01	35	58519	买盘
13:04:15	16.71	--	4	6684	卖盘
13:04:09	16.71	-0.01	20	33420	卖盘
13:04:00	16.72	--	40	66880	买盘
13:03:54	16.72	--	1	1672	买盘
13:03:45	16.72	--	20	33440	买盘
13:03:33	16.72	--	6	10032	买盘
13:03:27	16.72	--	146	244111	买盘
13:03:09	16.72	--	35	58519	买盘
13:02:24	16.72	--	35	58519	买盘
13:02:21	16.72	0.01	48	80256	买盘
13:01:39	16.71	--	35	58485	卖盘
13:01:27	16.71	--	8	13368	卖盘
13:01:21	16.71	-0.01	10	16710	卖盘
13:01:18	16.72	--	8	13376	买盘
13:01:12	16.72	--	20	33440	买盘
13:00:30	16.72	--	5	8360	买盘
13:00:21	16.72	--	22	36784	买盘
13:00:12	16.72	0.01	25	41800	买盘
13:00:06	16.71	-0.01	5	8355	卖盘
13:00:03	16.72	0.01	17	28423	买盘
13:00:00	16.71	--	0	0	卖盘
11:30:00	16.71	--	0	0	卖盘
11:29:51	16.71	--	10	16710	卖盘
11:29:48	16.71	--	25	41775	卖盘
11:29:30	16.71	0.01	51	85221	买盘
11:28:57	16.7	-0.01	30	50100	卖盘
11:28:51	16.71	0.01	70	116970	买盘
11:28:45	16.7	--	10	16700	卖盘
11:28:36	16.7	--	6	10020	卖盘
11:28:33	16.7	--	18	30060	卖盘
11:28:21	16.7	--	5	8350	卖盘
11:28:12	16.7	--	10	16700	卖盘
11:27:57	16.7	--	10	16700	卖盘
11:27:48	16.7	-0.01	10	16700	卖盘
11:27:03	16.71	--	6	10026	买盘
11:27:00	16.71	-0.01	5	8355	卖盘
11:26:57	16.72	--	5	8360	买盘
11:26:39	16.72	0.02	25	41800	买盘
11:26:30	16.7	--	14	23380	卖盘
11:26:24	16.7	--	7	11690	卖盘
11:26:21	16.7	-0.02	3	5010	卖盘
11:25:54	16.72	0.02	16	26752	买盘
11:25:36	16.7	--	4	6680	卖盘
11:25:30	16.7	--	1	1670	买盘
11:25:12	16.7	-0.01	29	48430	卖盘
11:25:09	16.71	0.01	18	30078	买盘
11:25:00	16.7	--	8	13360	买盘
11:24:48	16.7	--	8	13360	买盘
11:24:39	16.7	--	5	8350	买盘
11:24:27	16.7	--	1	1670	买盘
11:24:21	16.7	--	15	25050	买盘
11:24:15	16.7	--	1	1670	买盘
11:24:09	16.7	--	15	25050	买盘
11:23:57	16.7	--	23	38410	卖盘
11:23:54	16.7	--	5	8350	卖盘
11:23:45	16.7	0.01	5	8350	买盘
11:23:42	16.69	--	4	6676	卖盘
11:23:33	16.69	-0.01	3	5007	卖盘
11:23:09	16.7	--	15	25050	买盘
11:22:45	16.7	0.01	10	16700	买盘
11:22:33	16.69	0.01	15	25035	买盘
11:22:30	16.68	-0.01	20	33360	卖盘
11:22:24	16.69	0.01	10	16690	中性盘
11:22:18	16.68	0.01	2	3336	买盘
11:22:09	16.67	-0.01	6	10002	卖盘
11:22:06	16.68	0.01	30	50040	买盘
11:22:00	16.67	-0.01	10	16670	卖盘
11:21:39	16.68	-0.01	109	181812	卖盘
11:21:30	16.69	--	129	215301	卖盘
11:21:27	16.69	--	20	33380	卖盘
11:21:18	16.69	-0.01	39	65091	卖盘
11:21:12	16.7	--	22	36740	买盘
11:20:48	16.7	--	121	202070	卖盘
11:20:45	16.7	--	50	83500	卖盘
11:20:42	16.7	--	10	16700	卖盘
11:20:39	16.7	--	40	66800	卖盘
11:20:33	16.7	-0.01	26	43420	卖盘
11:20:30	16.71	--	24	40104	买盘
11:20:15	16.71	-0.01	22	36762	卖盘
11:20:09	16.72	0.01	6	10032	买盘
11:20:06	16.71	--	15	25065	卖盘
11:20:00	16.71	--	5	8355	卖盘
11:19:48	16.71	-0.01	10	16710	卖盘
11:19:39	16.72	--	107	178904	卖盘
11:19:33	16.72	--	16	26752	卖盘
11:19:27	16.72	--	10	16720	卖盘
11:19:18	16.72	--	19	31767	卖盘
11:19:15	16.72	--	4	6688	卖盘
11:19:12	16.72	--	1	1672	卖盘
11:19:00	16.72	--	4	6688	卖盘
11:18:45	16.72	--	20	33440	卖盘
11:18:18	16.72	-0.01	20	33440	卖盘
11:18:15	16.73	--	50	83650	买盘
11:17:36	16.73	0.01	20	33460	买盘
11:17:12	16.72	-0.01	3	5016	卖盘
11:16:54	16.73	--	22	36806	买盘
11:16:18	16.73	--	8	13384	买盘
11:16:15	16.73	0.01	30	50190	买盘
11:16:12	16.72	--	10	16720	卖盘
11:16:06	16.72	--	2	3344	卖盘
11:16:03	16.72	-0.01	19	31767	卖盘
11:15:51	16.73	0.01	6	10038	买盘
11:15:18	16.72	-0.01	10	16720	卖盘
11:15:09	16.73	--	10	16730	买盘
11:15:06	16.73	0.01	15	25095	买盘
11:14:54	16.72	-0.01	17	28423	卖盘
11:14:21	16.73	--	4	6692	买盘
11:14:03	16.73	--	69	115437	卖盘
11:13:48	16.73	-0.01	17	28441	卖盘
11:13:36	16.74	0.01	8	13391	买盘
11:13:30	16.73	--	21	35133	卖盘
11:13:24	16.73	-0.01	17	28441	卖盘
11:13:21	16.74	0.01	20	33480	买盘
11:13:00	16.73	--	10	16730	卖盘
11:12:48	16.73	--	88	147224	买盘
11:12:27	16.73	--	34	56882	买盘
11:12:21	16.73	--	30	50190	买盘
11:12:15	16.73	0.01	4	6692	买盘
11:12:06	16.72	-0.01	5	8360	卖盘
11:12:00	16.73	--	6	10038	买盘
11:11:51	16.73	0.01	11	18403	买盘
11:11:48	16.72	-0.01	1	1672	卖盘
11:11:45	16.73	--	17	28441	买盘
11:11:36	16.73	--	6	10038	买盘
11:11:18	16.73	--	10	16730	买盘
11:11:12	16.73	0.01	10	16730	买盘
11:11:03	16.72	-0.01	20	33440	卖盘
11:11:00	16.73	0.01	1	1673	买盘
11:10:57	16.72	--	5	8360	卖盘
11:10:51	16.72	--	31	51832	卖盘
11:10:39	16.72	--	5	8360	卖盘
11:10:36	16.72	--	6	10032	买盘
11:10:18	16.72	-0.01	60	100320	卖盘
11:10:12	16.73	--	1	1673	买盘
11:10:09	16.73	0.01	22	36806	买盘
11:09:45	16.72	-0.01	1	1672	卖盘
11:09:42	16.73	0.01	35	58555	买盘
11:09:12	16.72	-0.01	115	192280	卖盘
11:07:24	16.73	--	10	16730	买盘
11:06:42	16.73	0.01	15	25095	买盘
11:06:24	16.72	--	21	35112	卖盘
11:06:09	16.72	-0.01	2	3344	卖盘
11:06:06	16.73	0.01	35	58555	买盘
11:06:00	16.72	-0.01	90	150480	卖盘
11:05:48	16.73	0.01	100	167300	买盘
11:05:36	16.72	--	38	63535	卖盘
11:05:18	16.72	-0.01	17	28423	卖盘
11:05:09	16.73	--	24	40152	买盘
11:05:06	16.73	--	12	20076	买盘
11:04:57	16.73	--	43	71939	卖盘
11:04:54	16.73	--	9	15057	卖盘
11:04:45	16.73	--	34	56882	卖盘
11:04:42	16.73	-0.01	31	51863	卖盘
11:04:33	16.74	0.01	10	16740	买盘
11:03:45	16.73	-0.01	17	28441	卖盘
11:03:33	16.74	0.01	17	28457	买盘
11:03:24	16.73	--	18	30114	卖盘
11:03:15	16.73	--	21	35133	卖盘
11:03:03	16.73	--	10	16730	卖盘
11:02:45	16.73	--	4	6692	卖盘
11:02:24	16.73	-0.01	29	48517	卖盘
11:02:21	16.74	--	14	23435	买盘
11:02:15	16.74	--	30	50219	买盘
11:02:12	16.74	0.01	5	8370	中性盘
11:02:03	16.73	-0.01	50	83650	卖盘
11:01:39	16.74	-0.01	2	3347	卖盘
11:01:18	16.75	--	154	257950	卖盘
11:01:15	16.75	-0.01	40	67000	卖盘
11:01:12	16.76	--	22	36872	买盘
11:00:54	16.76	--	5	8380	买盘
11:00:39	16.76	--	1	1676	买盘
11:00:33	16.76	--	33	55308	买盘
11:00:30	16.76	--	2	3352	买盘
11:00:12	16.76	--	15	25140	买盘
11:00:09	16.76	--	12	20112	买盘
11:00:06	16.76	0.01	13	21788	买盘
10:59:57	16.75	0.01	54	90450	买盘
10:59:51	16.74	0.01	1	1673	买盘
10:59:45	16.73	-0.01	31	51863	卖盘
10:59:30	16.74	--	5	8370	买盘
10:59:24	16.74	-0.01	9	15065	卖盘
10:58:27	16.75	--	54	90450	卖盘
10:58:18	16.75	-0.01	69	115575	卖盘
10:58:15	16.76	--	6	10056	买盘
10:58:09	16.76	--	30	50280	买盘
10:57:51	16.76	0.01	5	8380	买盘
10:57:33	16.75	--	10	16750	卖盘
10:57:09	16.75	-0.01	80	134000	卖盘
10:56:57	16.76	0.01	12	20112	买盘
10:56:18	16.75	--	9	15075	卖盘
10:56:12	16.75	--	4	6700	卖盘
10:55:54	16.75	--	3	5025	卖盘
10:55:51	16.75	--	10	16750	卖盘
10:55:39	16.75	-0.01	60	100500	卖盘
10:55:36	16.76	--	1	1676	买盘
10:55:18	16.76	--	6	10056	买盘
10:55:15	16.76	-0.01	3	5430	卖盘
10:55:09	16.77	--	17	28509	买盘
10:55:06	16.77	--	15	25155	买盘
10:54:45	16.77	--	10	16770	买盘
10:54:30	16.77	0.01	8	13416	买盘
10:54:18	16.76	--	11	19709	买盘
10:53:57	16.76	--	0	402	卖盘
10:53:48	16.76	0.01	6	11329	买盘
10:53:45	16.75	-0.01	36	60300	卖盘
10:53:36	16.76	--	20	33520	买盘
10:53:27	16.76	--	0	402	卖盘
10:53:24	16.76	--	41	69989	买盘
10:53:21	16.76	--	1	1676	买盘
10:53:18	16.76	--	24	40224	买盘
10:53:12	16.76	--	3	5028	买盘
10:53:00	16.76	--	12	20112	买盘
10:52:45	16.76	--	10	16760	买盘
10:52:36	16.76	0.01	12	20112	买盘
10:52:33	16.75	--	41	68675	买盘
10:52:27	16.75	0.01	60	100500	买盘
10:52:21	16.74	--	20	33480	卖盘
10:52:09	16.74	--	5	8370	卖盘
10:52:00	16.74	--	64	107135	买盘
10:51:48	16.74	0.02	15	25109	买盘
10:51:45	16.72	--	15	25080	卖盘
10:51:15	16.72	--	10	16720	卖盘
10:50:54	16.72	--	25	41800	卖盘
10:50:36	16.72	--	1	1672	卖盘
10:50:33	16.72	--	1	1672	卖盘
10:50:30	16.72	--	7	11704	卖盘
10:50:12	16.72	--	30	50160	卖盘
10:50:03	16.72	--	9	15047	卖盘
10:50:00	16.72	--	20	33440	卖盘
10:49:24	16.72	-0.01	50	83600	卖盘
10:49:21	16.73	-0.01	21	35133	卖盘
10:49:18	16.74	0.01	67	112157	买盘
10:48:45	16.73	--	51	85323	卖盘
10:48:42	16.73	-0.01	5	8365	卖盘
10:48:09	16.74	--	5	8370	买盘
10:48:03	16.74	0.01	40	66960	买盘
10:47:39	16.73	--	3	5019	卖盘
10:47:27	16.73	-0.01	4	6692	卖盘
10:47:24	16.74	--	5	8370	买盘
10:47:21	16.74	--	2	3347	买盘
10:47:15	16.74	--	10	16740	买盘
10:47:03	16.74	0.01	6	10043	买盘
10:46:48	16.73	-0.01	15	25095	卖盘
10:46:39	16.74	--	10	16740	买盘
10:46:18	16.74	0.01	30	50219	买盘
10:46:00	16.73	--	3	5019	卖盘
10:45:54	16.73	-0.01	20	33460	卖盘
10:45:51	16.74	--	5	8370	买盘
10:45:33	16.74	--	10	16740	买盘
10:45:09	16.74	--	10	16740	买盘
10:45:06	16.74	--	6	10043	买盘
10:45:03	16.74	--	9	15065	卖盘
10:44:45	16.74	--	4	6695	卖盘
10:44:33	16.74	-0.02	20	33480	卖盘
10:44:24	16.76	0.01	8	13408	买盘
10:44:21	16.75	-0.01	5	8375	中性盘
10:44:12	16.76	0.01	200	335200	买盘
10:44:03	16.75	-0.01	3	5025	中性盘
10:43:15	16.76	0.01	24	40224	买盘
10:43:12	16.75	--	4	6700	卖盘
10:43:09	16.75	--	5	8375	卖盘
10:43:00	16.75	--	15	25125	买盘
10:42:54	16.75	--	2	3350	卖盘
10:42:45	16.75	--	15	25125	卖盘
10:42:36	16.75	--	7	11725	买盘
10:42:27	16.75	0.02	25	41875	买盘
10:41:54	16.73	-0.01	55	92015	卖盘
10:41:51	16.74	--	10	16740	买盘
10:41:45	16.74	-0.01	11	18414	卖盘
10:41:39	16.75	0.01	120	201000	买盘
10:41:21	16.74	--	1	1673	卖盘
10:41:15	16.74	--	5	8370	卖盘
10:41:12	16.74	--	3	5021	买盘
10:41:09	16.74	0.01	22	36828	买盘
10:41:03	16.73	--	6	10038	买盘
10:41:00	16.73	--	10	16730	买盘
10:40:57	16.73	--	10	16730	买盘
10:40:48	16.73	--	10	16730	买盘
10:40:39	16.73	--	1	1673	买盘
10:40:30	16.73	--	1	1673	买盘
10:40:24	16.73	-0.01	12	20076	卖盘
10:40:21	16.74	0.01	12	20087	买盘
10:40:18	16.73	--	12	20076	卖盘
10:40:09	16.73	--	14	23422	买盘
10:40:00	16.73	0.01	1	1673	买盘
10:39:39	16.72	-0.01	12	20064	卖盘
10:39:33	16.73	--	10	16730	卖盘
10:39:27	16.73	--	36	60228	买盘
10:38:54	16.73	--	2	3346	买盘
10:38:48	16.73	0.01	24	40152	买盘
10:38:30	16.72	-0.01	5	8360	卖盘
10:38:15	16.73	--	15	25095	买盘
10:38:12	16.73	0.02	5	8365	买盘
10:37:39	16.71	-0.02	6	10026	卖盘
10:37:30	16.73	0.02	20	33460	买盘
10:37:27	16.71	-0.01	10	16710	卖盘
10:37:18	16.72	-0.01	26	43472	卖盘
10:37:06	16.73	--	23	38479	卖盘
10:37:03	16.73	--	1	1673	买盘
10:36:54	16.73	-0.01	1	1673	买盘
10:36:48	16.74	0.02	35	58589	买盘
10:36:45	16.72	--	10	16720	卖盘
10:36:42	16.72	--	16	26752	买盘
10:36:36	16.72	--	10	16720	买盘
10:36:33	16.72	--	1	1672	买盘
10:36:27	16.72	--	6	10032	买盘
10:36:24	16.72	--	24	40128	买盘
10:36:18	16.72	--	49	81928	卖盘
10:36:12	16.72	-0.01	2	3344	卖盘
10:36:09	16.73	--	6	10038	买盘
10:36:06	16.73	--	24	40152	买盘
10:36:00	16.73	0.01	4	6692	买盘
10:35:54	16.72	0.01	23	38456	买盘
10:35:45	16.71	-0.01	5	8355	卖盘
10:35:42	16.72	0.01	24	40128	买盘
10:35:39	16.71	-0.01	5	8355	卖盘
10:35:30	16.72	--	10	16720	买盘
10:35:27	16.72	--	24	40128	买盘
10:35:24	16.72	-0.01	6	10032	卖盘
10:35:12	16.73	--	10	16730	卖盘
10:35:09	16.73	-0.01	15	25095	中性盘
10:35:03	16.74	0.01	24	40175	买盘
10:35:00	16.73	--	2	3346	买盘
10:34:57	16.73	--	11	18403	卖盘
10:34:54	16.73	-0.01	8	13384	卖盘
10:34:51	16.74	0.01	24	40175	买盘
10:34:48	16.73	-0.01	5	8365	中性盘
10:34:36	16.74	0.01	35	58589	买盘
10:34:27	16.73	0.02	24	40152	买盘
10:34:24	16.71	--	5	8355	卖盘
10:34:21	16.71	--	11	18381	卖盘
10:34:15	16.71	0.01	88	147248	买盘
10:34:12	16.7	--	306	511020	卖盘
10:34:09	16.7	--	28	46760	卖盘
10:34:03	16.7	--	6	10020	卖盘
10:33:48	16.7	-0.01	4	6680	卖盘
10:33:45	16.71	--	2	3342	买盘
10:33:33	16.71	-0.01	8	13368	卖盘
10:33:30	16.72	0.02	5	8360	买盘
10:33:06	16.7	--	4	6680	卖盘
10:32:57	16.7	0.01	24	40080	买盘
10:32:54	16.69	-0.01	15	25035	卖盘
10:32:48	16.7	-0.01	328	548628	卖盘
10:32:45	16.71	--	50	83550	卖盘
10:32:42	16.71	-0.01	6	10026	卖盘
10:32:27	16.72	-0.02	215	359480	卖盘
10:31:54	16.74	--	20	33480	卖盘
10:31:42	16.74	--	10	16740	中性盘
10:31:36	16.74	--	10	16740	卖盘
10:31:24	16.74	--	11	18414	卖盘
10:31:21	16.74	-0.01	16	26783	卖盘
10:30:54	16.75	0.01	8	13400	买盘
10:30:51	16.74	--	9	15065	卖盘
10:30:39	16.74	--	4	6695	买盘
10:30:30	16.74	--	11	18414	卖盘
10:30:27	16.74	-0.01	80	133920	卖盘
10:30:09	16.75	0.01	15	25125	买盘
10:29:54	16.74	--	33	55241	卖盘
10:29:42	16.74	-0.01	4	6695	卖盘
10:29:39	16.75	--	20	33500	买盘
10:29:27	16.75	--	30	50250	买盘
10:29:24	16.75	0.01	2	3350	买盘
10:29:21	16.74	--	16	26783	卖盘
10:28:48	16.74	-0.01	10	16740	卖盘
10:28:33	16.75	--	12	20100	买盘
10:28:24	16.75	0.01	6	10050	买盘
10:27:33	16.74	0.01	97	162377	买盘
10:27:24	16.73	--	58	97034	卖盘
10:27:12	16.73	--	1	1673	卖盘
10:26:51	16.73	--	1	1673	卖盘
10:26:45	16.73	--	1	1673	买盘
10:26:36	16.73	--	2	3346	买盘
10:26:30	16.73	0.01	10	16730	买盘
10:26:18	16.72	--	5	8360	卖盘
10:26:12	16.72	--	1	1672	卖盘
10:25:48	16.72	--	1	1672	中性盘
10:25:27	16.72	--	1	1672	卖盘
10:25:24	16.72	--	3	5016	买盘
10:25:21	16.72	0.01	20	33440	买盘
10:25:15	16.71	-0.01	7	11697	卖盘
10:25:12	16.72	0.01	8	13376	买盘
10:25:09	16.71	--	28	46788	卖盘
10:24:51	16.71	--	1	1671	卖盘
10:24:48	16.71	-0.01	2	3342	卖盘
10:24:45	16.72	0.01	22	36784	买盘
10:24:39	16.71	--	35	58485	卖盘
10:24:30	16.71	-0.01	38	63498	卖盘
10:24:21	16.72	--	5	8360	买盘
10:24:15	16.72	--	107	178904	卖盘
10:23:48	16.72	--	3	5016	买盘
10:23:45	16.72	--	24	40128	买盘
10:23:42	16.72	--	8	13376	买盘
10:23:30	16.72	--	28	46816	买盘
10:23:18	16.72	--	16	26752	买盘
10:23:09	16.72	0.01	7	11704	买盘
10:22:45	16.71	-0.01	18	30078	卖盘
10:22:27	16.72	-0.01	68	113695	卖盘
10:22:09	16.73	--	2	3346	卖盘
10:21:51	16.73	--	18	30114	买盘
10:21:48	16.73	0.01	2	3346	买盘
10:21:42	16.72	--	11	18392	卖盘
10:21:36	16.72	--	15	25080	卖盘
10:21:30	16.72	0.01	5	8360	中性盘
10:21:15	16.71	-0.02	18	30078	卖盘
10:21:09	16.73	0.01	22	36806	买盘
10:21:03	16.72	--	1	1672	卖盘
10:21:00	16.72	--	23	38456	卖盘
10:20:57	16.72	--	1	1672	卖盘
10:20:45	16.72	-0.01	14	23408	卖盘
10:20:42	16.73	--	2	3346	买盘
10:20:15	16.73	--	10	16730	买盘
10:20:06	16.73	--	20	33460	买盘
10:19:57	16.73	--	10	16730	买盘
10:19:42	16.73	--	3	5019	买盘
10:19:39	16.73	0.01	1	1673	买盘
10:19:36	16.72	-0.01	42	70224	卖盘
10:19:30	16.73	0.01	2	3346	买盘
10:19:24	16.72	--	5	8360	卖盘
10:19:18	16.72	-0.01	15	25080	卖盘
10:19:12	16.73	-0.01	47	78631	卖盘
10:18:57	16.74	--	16	26783	买盘
10:18:42	16.74	--	5	8370	买盘
10:18:30	16.74	--	10	16740	买盘
10:18:09	16.74	--	10	16740	买盘
10:18:03	16.74	--	5	8370	卖盘
10:18:00	16.74	--	10	16740	卖盘
10:17:42	16.74	-0.01	18	30131	卖盘
10:17:36	16.75	0.01	16	26800	买盘
10:17:30	16.74	-0.01	1	1673	买盘
10:17:24	16.75	0.02	15	25125	买盘
10:17:21	16.73	-0.01	98	163954	卖盘
10:17:12	16.74	--	20	33480	卖盘
10:17:06	16.74	--	2	3347	卖盘
10:16:54	16.74	-0.01	24	40175	卖盘
10:16:39	16.75	0.01	30	50250	买盘
10:16:27	16.74	--	7	11717	买盘
10:16:24	16.74	--	40	66960	买盘
10:16:21	16.74	--	2	3347	买盘
10:16:18	16.74	0.01	50	83699	买盘
10:16:15	16.73	-0.01	5	8365	卖盘
10:16:09	16.74	0.01	60	100439	买盘
10:15:51	16.73	--	8	13384	卖盘
10:15:48	16.73	--	2	3346	卖盘
10:15:42	16.73	--	56	93688	卖盘
10:15:39	16.73	-0.01	2	3346	卖盘
10:15:36	16.74	0.01	1	1673	买盘
10:15:33	16.73	--	5	8365	卖盘
10:15:30	16.73	-0.01	14	23422	卖盘
10:15:27	16.74	0.01	4	6695	买盘
10:15:24	16.73	--	10	16730	卖盘
10:15:15	16.73	--	1	1673	卖盘
10:15:09	16.73	-0.01	11	18403	卖盘
10:15:00	16.74	--	20	33480	买盘
10:14:45	16.74	--	33	55241	卖盘
10:14:42	16.74	-0.01	15	25109	卖盘
10:14:18	16.75	--	107	179225	卖盘
10:14:15	16.75	--	18	30150	买盘
10:14:09	16.75	0.01	2	3350	中性盘
10:14:06	16.74	-0.01	10	16740	卖盘
10:14:03	16.75	--	9	15075	买盘
10:14:00	16.75	--	10	16750	买盘
10:13:51	16.75	--	1	1675	卖盘
10:13:45	16.75	--	5	8375	卖盘
10:13:39	16.75	-0.01	20	33500	买盘
10:13:33	16.76	0.01	2	3352	买盘
10:13:30	16.75	--	16	26800	买盘
10:13:24	16.75	--	11	18425	卖盘
10:13:15	16.75	--	7	11725	卖盘
10:13:09	16.75	--	6	10050	买盘
10:13:06	16.75	--	50	83750	买盘
10:12:48	16.75	--	1	1675	买盘
10:12:45	16.75	0.01	13	21775	买盘
10:12:30	16.74	-0.01	1	1673	卖盘
10:12:27	16.75	0.01	2	3350	买盘
10:12:24	16.74	--	5	8370	买盘
10:12:21	16.74	0.02	19	31805	买盘
10:11:57	16.72	--	1	1672	卖盘
10:11:51	16.72	-0.02	36	60191	卖盘
10:11:48	16.74	-0.01	45	75330	卖盘
10:11:45	16.75	0.01	25	41875	买盘
10:11:42	16.74	-0.01	40	66960	卖盘
10:11:33	16.75	--	10	16750	买盘
10:11:27	16.75	--	24	40200	卖盘
10:11:24	16.75	--	45	75375	卖盘
10:11:18	16.75	-0.01	30	50250	卖盘
10:11:12	16.76	--	30	50280	买盘
10:11:09	16.76	--	5	8380	买盘
10:11:06	16.76	--	1	1676	买盘
10:11:03	16.76	--	25	41900	买盘
10:10:57	16.76	-0.01	9	15084	卖盘
10:10:54	16.77	0.01	18	30186	买盘
10:10:48	16.76	--	12	20112	卖盘
10:10:42	16.76	-0.01	4	6704	卖盘
10:10:36	16.77	--	68	114036	买盘
10:10:24	16.77	--	55	92235	买盘
10:10:21	16.77	--	19	31863	买盘
10:10:09	16.77	0.01	46	77142	买盘
10:10:03	16.76	-0.01	45	75420	卖盘
10:10:00	16.77	0.01	15	25155	买盘
10:09:57	16.76	--	16	26816	卖盘
10:09:54	16.76	--	4	6704	卖盘
10:09:48	16.76	0.01	157	263132	买盘
10:09:36	16.75	--	10	16750	卖盘
10:09:21	16.75	--	4	6700	买盘
10:09:12	16.75	--	31	51925	卖盘
10:09:06	16.75	--	10	16750	卖盘
10:09:03	16.75	-0.01	8	13400	卖盘
10:08:57	16.76	--	13	21788	买盘
10:08:51	16.76	0.01	52	87152	买盘
10:08:48	16.75	-0.01	8	13400	卖盘
10:08:45	16.76	-0.01	3	5028	中性盘
10:07:51	16.77	0.02	74	124098	买盘
10:07:45	16.75	--	4	6700	买盘
10:07:42	16.75	--	50	83750	买盘
10:07:39	16.75	--	52	87100	买盘
10:07:33	16.75	--	13	21775	买盘
10:07:21	16.75	--	2	3350	买盘
10:07:12	16.75	--	10	16750	买盘
10:06:51	16.75	--	14	23450	买盘
10:06:48	16.75	0.01	3	5025	买盘
10:06:36	16.74	--	8	13391	买盘
10:06:33	16.74	0.01	2	3347	买盘
10:06:27	16.73	--	41	68593	卖盘
10:06:18	16.73	-0.02	35	58555	卖盘
10:06:12	16.75	0.01	105	175875	买盘
10:06:09	16.74	--	2	3347	买盘
10:06:06	16.74	0.01	41	68634	买盘
10:06:03	16.73	--	4	6692	卖盘
10:05:42	16.73	--	23	38479	买盘
10:05:30	16.73	--	10	16730	买盘
10:05:18	16.73	--	47	78631	买盘
10:05:03	16.73	0.01	55	92015	买盘
10:04:57	16.72	--	22	36784	卖盘
10:04:54	16.72	--	3	5016	卖盘
10:04:30	16.72	0.01	23	38456	买盘
10:04:27	16.71	--	110	183810	卖盘
10:04:21	16.71	--	10	16710	卖盘
10:04:03	16.71	-0.01	3	5815	卖盘
10:03:45	16.72	--	10	16720	买盘
10:03:36	16.72	--	60	100320	卖盘
10:03:09	16.72	-0.01	30	50160	卖盘
10:03:03	16.73	--	10	16730	买盘
10:03:00	16.73	--	4	6692	买盘
10:02:45	16.73	0.01	16	26768	买盘
10:02:39	16.72	-0.01	24	40128	中性盘
10:02:21	16.73	0.01	8	13384	买盘
10:02:09	16.72	--	8	13376	卖盘
10:01:48	16.72	--	2	3344	买盘
10:01:45	16.72	--	18	30095	卖盘
10:01:42	16.72	--	5	8360	卖盘
10:01:39	16.72	--	30	50160	卖盘
10:01:36	16.72	--	7	11704	卖盘
10:01:33	16.72	--	20	33440	卖盘
10:01:27	16.72	--	20	33440	卖盘
10:01:24	16.72	--	10	16720	卖盘
10:01:18	16.72	--	10	16720	卖盘
10:01:15	16.72	--	2	3344	卖盘
10:01:12	16.72	-0.01	20	33440	卖盘
10:01:06	16.73	0.01	24	40152	买盘
10:01:00	16.72	--	6	10032	卖盘
10:00:54	16.72	--	7	11704	卖盘
10:00:42	16.72	--	2	3344	卖盘
10:00:39	16.72	--	5	8360	卖盘
10:00:21	16.72	-0.01	15	25080	卖盘
10:00:12	16.73	--	1	1673	买盘
09:59:54	16.73	0.01	13	21749	买盘
09:59:48	16.72	-0.01	2	3344	卖盘
09:59:33	16.73	--	3	5019	买盘
09:59:30	16.73	--	14	23422	买盘
09:59:24	16.73	0.01	60	100380	买盘
09:59:21	16.72	--	1	1672	卖盘
09:59:12	16.72	--	10	16720	卖盘
09:59:06	16.72	--	30	50160	卖盘
09:58:54	16.72	--	12	20064	买盘
09:58:51	16.72	--	2	3344	买盘
09:58:48	16.72	--	1	1672	买盘
09:58:33	16.72	0.01	16	26752	买盘
09:58:21	16.71	0.01	7	11697	买盘
09:58:18	16.7	--	8	13360	卖盘
09:58:12	16.7	-0.01	7	11690	卖盘
09:58:09	16.71	0.01	36	60156	买盘
09:58:06	16.7	-0.01	1	1670	卖盘
09:57:57	16.71	0.01	10	16710	买盘
09:57:48	16.7	-0.01	3	5010	卖盘
09:57:42	16.71	--	4	6684	买盘
09:57:39	16.71	0.01	10	16710	买盘
09:57:27	16.7	0.01	146	243820	买盘
09:57:24	16.69	--	2	3338	买盘
09:57:21	16.69	--	28	46732	买盘
09:57:09	16.69	0.01	10	16690	买盘
09:57:06	16.68	-0.01	82	136776	卖盘
09:57:03	16.69	--	21	35049	买盘
09:56:54	16.69	0.01	50	83450	买盘
09:56:51	16.68	-0.01	52	86736	卖盘
09:56:48	16.69	--	114	190266	卖盘
09:56:45	16.69	--	21	35049	买盘
09:56:42	16.69	--	19	31711	买盘
09:56:39	16.69	--	47	78443	买盘
09:56:33	16.69	--	7	11683	买盘
09:56:30	16.69	0.01	30	50070	买盘
09:56:24	16.68	0.01	1	1668	中性盘
09:56:21	16.67	-0.01	44	73348	卖盘
09:56:18	16.68	-0.01	3	5004	中性盘
09:56:12	16.69	0.01	90	150210	买盘
09:56:09	16.68	--	100	166800	买盘
09:56:00	16.68	0.01	45	75060	买盘
09:55:57	16.67	--	13	21671	卖盘
09:55:54	16.67	-0.02	5	8335	中性盘
09:55:42	16.69	--	10	16690	买盘
09:55:24	16.69	0.05	10	16690	中性盘
09:55:06	16.64	-0.06	200	332800	卖盘
09:55:03	16.7	0.01	112	187040	买盘
09:54:42	16.69	--	22	36718	买盘
09:54:39	16.69	--	8	13352	买盘
09:54:36	16.69	0.01	50	83450	买盘
09:54:30	16.68	0.01	105	175140	买盘
09:54:24	16.67	-0.01	4	6668	卖盘
09:54:15	16.68	--	6	10008	卖盘
09:54:12	16.68	-0.01	14	23352	中性盘
09:54:06	16.69	0.02	5	8345	买盘
09:54:03	16.67	-0.01	129	215043	卖盘
09:53:57	16.68	--	56	93408	卖盘
09:53:51	16.68	--	6	10008	卖盘
09:53:45	16.68	-0.01	35	58380	卖盘
09:53:36	16.69	--	8	13352	买盘
09:53:33	16.69	--	37	61753	买盘
09:53:30	16.69	-0.02	644	1074836	卖盘
09:53:27	16.71	--	5	8355	卖盘
09:53:24	16.71	-0.01	105	175455	卖盘
09:53:15	16.72	--	13	21736	买盘
09:53:12	16.72	--	1	1672	买盘
09:53:00	16.72	--	30	50160	买盘
09:52:51	16.72	--	5	8360	买盘
09:52:48	16.72	--	6	10032	卖盘
09:52:42	16.72	--	1	1672	买盘
09:52:36	16.72	--	2	3344	买盘
09:52:30	16.72	--	6	10032	卖盘
09:52:24	16.72	--	19	31767	卖盘
09:52:18	16.72	--	2	3344	卖盘
09:52:15	16.72	--	16	26752	买盘
09:52:12	16.72	--	4	6688	买盘
09:52:09	16.72	--	7	11704	买盘
09:51:51	16.72	--	20	33440	买盘
09:51:45	16.72	--	5	8360	买盘
09:51:42	16.72	--	59	98648	买盘
09:51:39	16.72	--	5	8360	买盘
09:51:30	16.72	0.01	20	33440	买盘
09:51:27	16.71	--	17	28407	卖盘
09:51:21	16.71	-0.01	20	33420	卖盘
09:51:18	16.72	--	5	8360	买盘
09:51:15	16.72	--	10	16720	卖盘
09:51:09	16.72	0.01	40	66880	买盘
09:51:06	16.71	--	15	25065	卖盘
09:51:03	16.71	--	38	63498	卖盘
09:50:51	16.71	--	11	18381	卖盘
09:50:48	16.71	--	8	13368	卖盘
09:50:42	16.71	-0.01	30	50130	卖盘
09:50:39	16.72	--	2	3344	买盘
09:50:36	16.72	--	50	83600	买盘
09:50:27	16.72	--	47	78584	卖盘
09:50:21	16.72	--	96	160512	卖盘
09:50:15	16.72	-0.01	5	8360	卖盘
09:50:12	16.73	--	10	16730	买盘
09:50:06	16.73	--	3	5019	买盘
09:50:03	16.73	-0.01	30	50190	卖盘
09:49:54	16.74	--	5	8370	买盘
09:49:45	16.74	-0.02	7	11717	卖盘
09:49:30	16.76	0.02	8	13408	买盘
09:49:27	16.74	-0.02	11	18414	卖盘
09:49:24	16.76	0.01	1	1676	买盘
09:49:21	16.75	0.02	30	50250	买盘
09:49:15	16.73	-0.02	6	10038	卖盘
09:49:06	16.75	0.01	40	67000	买盘
09:49:00	16.74	--	3	5021	卖盘
09:48:51	16.74	--	31	51893	卖盘
09:48:45	16.74	-0.01	1	1673	卖盘
09:48:39	16.75	--	3	5025	卖盘
09:48:33	16.75	--	16	26800	卖盘
09:48:24	16.75	0.01	1	1675	卖盘
09:48:21	16.74	-0.02	1	1673	卖盘
09:48:18	16.76	0.02	50	83800	买盘
09:48:15	16.74	-0.01	7	11717	卖盘
09:48:12	16.75	-0.01	20	33500	卖盘
09:48:09	16.76	--	91	152516	买盘
09:48:06	16.76	0.01	10	16760	买盘
09:48:00	16.75	-0.02	1	1675	卖盘
09:47:57	16.77	0.01	50	83850	买盘
09:47:54	16.76	--	2	3352	卖盘
09:47:45	16.76	--	58	97208	卖盘
09:47:42	16.76	--	9	15084	卖盘
09:47:39	16.76	--	3	5028	买盘
09:47:33	16.76	--	3	5028	买盘
09:47:24	16.76	--	26	43576	卖盘
09:47:21	16.76	-0.01	1	1676	卖盘
09:47:09	16.77	0.01	4	6708	买盘
09:47:00	16.76	--	3	5028	卖盘
09:46:54	16.76	--	78	130728	买盘
09:46:48	16.76	0.01	10	16760	买盘
09:46:39	16.75	--	7	11725	卖盘
09:46:30	16.75	-0.02	10	16750	卖盘
09:46:27	16.77	0.02	6	10062	买盘
09:46:15	16.75	-0.02	47	78725	卖盘
09:46:00	16.77	--	100	167700	买盘
09:45:48	16.77	--	3	5031	买盘
09:45:45	16.77	0.01	65	109005	买盘
09:45:42	16.76	--	24	40224	卖盘
09:45:36	16.76	-0.02	1	1676	卖盘
09:45:33	16.78	0.01	30	50340	买盘
09:45:27	16.77	--	4	6708	卖盘
09:45:24	16.77	--	9	15093	卖盘
09:45:21	16.77	-0.01	46	77142	卖盘
09:45:18	16.78	--	10	16780	中性盘
09:45:12	16.78	--	1	1678	卖盘
09:45:09	16.78	--	3	5034	买盘
09:45:06	16.78	0.01	9	15102	买盘
09:45:03	16.77	-0.01	10	16770	卖盘
09:44:57	16.78	--	10	16780	买盘
09:44:51	16.78	--	68	114104	买盘
09:44:39	16.78	0.01	70	117460	买盘
09:44:33	16.77	-0.01	50	83850	卖盘
09:44:24	16.78	0.01	4	6712	买盘
09:44:21	16.77	0.01	50	83850	买盘
09:44:18	16.76	--	10	16760	卖盘
09:44:06	16.76	-0.01	80	134080	卖盘
09:43:51	16.77	--	70	117390	买盘
09:43:45	16.77	-0.01	22	36894	卖盘
09:43:39	16.78	-0.01	1	1678	买盘
09:43:33	16.79	0.03	30	50370	买盘
09:43:24	16.76	-0.03	20	33520	卖盘
09:43:21	16.79	--	7	11753	买盘
09:42:54	16.79	--	10	16790	买盘
09:42:51	16.79	0.01	66	110814	买盘
09:42:48	16.78	--	10	16780	卖盘
09:42:39	16.78	--	5	8390	卖盘
09:42:33	16.78	0.02	375	629250	买盘
09:42:24	16.76	-0.01	15	25140	中性盘
09:42:18	16.77	--	50	83850	买盘
09:42:12	16.77	0.02	105	176085	买盘
09:42:09	16.75	-0.01	26	43550	卖盘
09:42:03	16.76	0.01	5	8380	买盘
09:41:57	16.75	--	11	18425	卖盘
09:41:45	16.75	--	27	45225	卖盘
09:41:42	16.75	--	10	16750	卖盘
09:41:33	16.75	0.01	47	78725	买盘
09:41:27	16.74	-0.01	5	8370	中性盘
09:41:21	16.75	--	1	1675	买盘
09:41:09	16.75	--	5	8375	买盘
09:40:51	16.75	0.01	11	18425	买盘
09:40:48	16.74	--	29	48545	卖盘
09:40:27	16.74	--	4	6695	买盘
09:40:21	16.74	--	3	5021	买盘
09:40:15	16.74	--	8	13391	中性盘
09:40:09	16.74	-0.01	4	6695	中性盘
09:39:48	16.75	0.03	200	335000	买盘
09:39:42	16.72	-0.02	20	33440	卖盘
09:39:39	16.74	0.01	8	13391	买盘
09:39:33	16.73	0.01	13	21749	买盘
09:39:27	16.72	-0.01	6	10032	卖盘
09:39:24	16.73	0.01	30	50190	买盘
09:39:18	16.72	--	50	83600	买盘
09:39:12	16.72	--	22	36784	买盘
09:39:03	16.72	--	11	18392	买盘
09:39:00	16.72	-0.01	47	78584	中性盘
09:38:57	16.73	0.02	7	11711	买盘
09:38:51	16.71	-0.02	10	16710	卖盘
09:38:48	16.73	--	43	71939	买盘
09:38:45	16.73	0.03	18	30114	买盘
09:38:24	16.7	-0.03	8	13360	卖盘
09:38:21	16.73	0.04	13	21749	买盘
09:38:12	16.69	--	15	25035	卖盘
09:38:09	16.69	-0.01	3	5007	卖盘
09:38:06	16.7	0.01	1	1670	买盘
09:38:00	16.69	0.01	101	169186	买盘
09:37:57	16.68	-0.01	8	13344	卖盘
09:37:54	16.69	-0.01	45	76156	卖盘
09:37:51	16.7	--	25	41750	买盘
09:37:48	16.7	--	19	31730	买盘
09:37:42	16.7	0.01	30	50100	买盘
09:37:36	16.69	0.01	45	75722	买盘
09:37:33	16.68	--	13	21684	卖盘
09:37:27	16.68	-0.01	10	16680	卖盘
09:37:12	16.69	--	14	23366	买盘
09:37:06	16.69	--	15	26086	卖盘
09:36:57	16.69	--	80	133520	卖盘
09:36:54	16.69	--	39	65708	买盘
09:36:48	16.69	--	5	8345	买盘
09:36:39	16.69	-0.01	1	1669	卖盘
09:36:30	16.7	0.01	24	40080	买盘
09:36:27	16.69	-0.01	10	16690	卖盘
09:36:18	16.7	--	115	192050	卖盘
09:36:12	16.7	-0.01	10	16700	卖盘
09:36:06	16.71	--	7	12749	卖盘
09:36:03	16.71	--	10	16710	卖盘
09:36:00	16.71	--	1	2289	卖盘
09:35:57	16.71	0.01	3	5013	中性盘
09:35:51	16.7	-0.04	13	21710	卖盘
09:35:48	16.74	--	5	8370	买盘
09:35:15	16.74	--	2	3347	买盘
09:35:09	16.74	--	261	436913	买盘
09:35:03	16.74	--	14	23435	买盘
09:35:00	16.74	--	1	1673	买盘
09:34:57	16.74	--	5	8370	买盘
09:34:54	16.74	0.01	39	65285	买盘
09:34:51	16.73	-0.01	20	33460	卖盘
09:34:45	16.74	--	22	36828	卖盘
09:34:42	16.74	0.01	39	65285	买盘
09:34:36	16.73	-0.01	38	63574	卖盘
09:34:24	16.74	--	28	46871	卖盘
09:34:21	16.74	--	10	16740	卖盘
09:34:18	16.74	--	20	33480	卖盘
09:34:15	16.74	--	60	100439	买盘
09:34:09	16.74	0.01	15	25109	买盘
09:33:57	16.73	-0.01	8	13384	中性盘
09:33:30	16.74	0.01	4	6695	卖盘
09:33:24	16.73	--	8	13384	买盘
09:33:21	16.73	-0.01	20	33460	卖盘
09:33:18	16.74	0.03	17	28457	买盘
09:32:48	16.71	-0.02	10	16710	卖盘
09:32:45	16.73	0.01	74	123802	买盘
09:32:42	16.72	0.01	22	36784	买盘
09:32:39	16.71	--	30	50130	买盘
09:32:36	16.71	--	10	16710	买盘
09:32:33	16.71	-0.01	78	130338	卖盘
09:32:30	16.72	--	26	43472	卖盘
09:32:27	16.72	--	5	8360	卖盘
09:32:24	16.72	-0.01	5	8360	卖盘
09:32:18	16.73	0.01	2	3346	买盘
09:32:15	16.72	-0.01	107	178904	卖盘
09:32:12	16.73	--	9	15057	卖盘
09:32:09	16.73	0.01	1	1673	买盘
09:32:06	16.72	-0.01	3	5016	卖盘
09:32:00	16.73	--	22	36806	买盘
09:31:57	16.73	0.01	25	41825	买盘
09:31:48	16.72	0.01	3	5016	买盘
09:31:42	16.71	--	13	21723	买盘
09:31:33	16.71	--	28	46788	买盘
09:31:27	16.71	--	3	5013	买盘
09:31:24	16.71	-0.01	6	10026	卖盘
09:31:15	16.72	-0.01	9	15047	中性盘
09:30:54	16.73	0.03	1	1673	买盘
09:30:51	16.7	--	23	38410	买盘
09:30:48	16.7	--	1	1670	卖盘
09:30:45	16.7	--	10	16700	买盘
09:30:27	16.7	0.02	20	33400	买盘
09:30:21	16.68	--	18	30024	卖盘
09:30:15	16.68	--	9	15012	卖盘
09:30:12	16.68	--	5	8340	卖盘
09:30:03	16.68	0.01	317	528756	买盘
09:30:00	16.67	--	0	0	卖盘
09:25:03	16.67	16.67	43	71681	买盘
