成交时间	成交价	价格变动	成交量(手)	成交额(元)	性质
15:00:03	5.92	-0.01	969	573653	卖盘
14:57:00	5.93	0.01	8	4744	买盘
14:56:57	5.92	-0.01	20	11840	卖盘
14:56:54	5.93	0.01	6	3558	买盘
14:56:48	5.92	-0.01	5	2960	卖盘
14:56:45	5.93	0.01	100	59300	买盘
14:56:39	5.92	--	16	9472	卖盘
14:56:36	5.92	--	4	2368	卖盘
14:56:30	5.92	--	3	1776	卖盘
14:56:21	5.92	--	5	2960	卖盘
14:56:15	5.92	--	6	3552	卖盘
14:56:09	5.92	--	28	16576	卖盘
14:56:03	5.92	--	14	8288	卖盘
14:56:00	5.92	--	2	1184	卖盘
14:55:57	5.92	--	3	1776	卖盘
14:55:54	5.92	--	2	1184	卖盘
14:55:51	5.92	--	526	311392	买盘
14:55:42	5.92	--	44	26048	买盘
14:55:39	5.92	--	3	1776	买盘
14:55:36	5.92	--	31	18352	卖盘
14:55:30	5.92	--	10	5920	卖盘
14:55:21	5.92	--	138	81696	买盘
14:55:18	5.92	--	13	7696	买盘
14:55:15	5.92	--	3	1776	买盘
14:55:12	5.92	--	32	18944	买盘
14:55:09	5.92	--	52	31145	卖盘
14:55:03	5.92	--	17	10064	卖盘
14:55:00	5.92	--	17	10064	卖盘
14:54:54	5.92	--	10	5920	卖盘
14:54:51	5.92	--	19	11478	买盘
14:54:48	5.92	--	20	11840	买盘
14:54:45	5.92	--	73	43216	买盘
14:54:42	5.92	--	29	17168	买盘
14:54:36	5.92	-0.01	22	13385	卖盘
14:54:33	5.93	0.01	60	35580	买盘
14:54:15	5.92	--	1	592	卖盘
14:54:12	5.92	--	26	15622	买盘
14:54:09	5.92	--	22	13385	卖盘
14:54:06	5.92	--	835	494550	买盘
14:54:03	5.92	0.01	10	5920	买盘
14:54:00	5.91	--	65	38415	卖盘
14:53:45	5.91	-0.01	2	1182	卖盘
14:53:42	5.92	--	15	8880	买盘
14:53:39	5.92	0.01	10	5920	买盘
14:53:33	5.91	-0.01	10	5910	卖盘
14:53:30	5.92	--	178	105376	买盘
14:53:27	5.92	--	19	11248	买盘
14:53:21	5.92	0.01	50	29600	买盘
14:53:15	5.91	--	346	204486	卖盘
14:53:09	5.91	--	10	5910	卖盘
14:53:06	5.91	--	5	2955	卖盘
14:53:03	5.91	--	1	591	卖盘
14:52:57	5.91	--	13	7683	卖盘
14:52:54	5.91	--	5	2955	卖盘
14:52:51	5.91	--	5	2955	卖盘
14:52:48	5.91	-0.01	1	591	卖盘
14:52:39	5.92	0.01	1	592	买盘
14:52:36	5.91	-0.01	58	34278	卖盘
14:52:33	5.92	--	2	1184	买盘
14:52:30	5.92	--	34	20128	买盘
14:52:27	5.92	0.01	5	2960	买盘
14:52:24	5.91	-0.01	88	52008	卖盘
14:52:18	5.92	--	168	99456	买盘
14:52:09	5.92	--	100	59200	买盘
14:52:06	5.92	--	52	30784	买盘
14:52:00	5.92	--	50	29600	买盘
14:51:51	5.92	--	5	2960	买盘
14:51:48	5.92	--	1	592	买盘
14:51:45	5.92	--	50	29600	买盘
14:51:39	5.92	0.01	92	54464	买盘
14:51:33	5.91	-0.01	1108	654828	卖盘
14:51:30	5.92	--	15	8880	买盘
14:51:27	5.92	--	13	7696	买盘
14:51:15	5.92	0.01	20	11840	买盘
14:51:06	5.91	--	129	76239	卖盘
14:51:03	5.91	--	1	591	卖盘
14:50:57	5.91	-0.01	30	17730	卖盘
14:50:54	5.92	--	58	34336	买盘
14:50:51	5.92	--	135	79920	买盘
14:50:42	5.92	--	100	59200	买盘
14:50:39	5.92	--	9	5328	买盘
14:50:36	5.92	--	80	47360	买盘
14:50:33	5.92	0.01	52	30784	买盘
14:50:30	5.91	-0.01	39	23049	卖盘
14:50:24	5.92	--	72	42624	买盘
14:50:09	5.92	--	7	4144	买盘
14:50:06	5.92	--	977	578384	买盘
14:49:57	5.92	0.01	2	1184	买盘
14:49:54	5.91	--	3	1773	卖盘
14:49:51	5.91	--	4	2364	卖盘
14:49:39	5.91	-0.01	4	2364	卖盘
14:49:30	5.92	0.01	11	6512	买盘
14:49:21	5.91	--	8	4728	卖盘
14:49:06	5.91	--	11	6501	卖盘
14:49:03	5.91	-0.01	6	3546	卖盘
14:49:00	5.92	--	74	43808	买盘
14:48:57	5.92	0.01	414	245088	买盘
14:48:42	5.91	--	100	59100	卖盘
14:48:27	5.91	-0.01	5	2955	卖盘
14:48:21	5.92	--	28	16576	买盘
14:48:15	5.92	--	3	1776	买盘
14:48:12	5.92	0.01	30	17760	买盘
14:48:09	5.91	-0.01	28	16548	卖盘
14:48:03	5.92	--	4	2368	买盘
14:48:00	5.92	--	19	11248	买盘
14:47:48	5.92	0.01	9	5328	买盘
14:47:36	5.91	--	74	43734	卖盘
14:47:30	5.91	-0.01	5	2955	卖盘
14:47:27	5.92	0.01	133	78736	买盘
14:47:24	5.91	-0.01	80	47280	卖盘
14:47:12	5.92	--	10	5920	买盘
14:47:03	5.92	--	8	4736	买盘
14:47:00	5.92	0.01	1000	592000	买盘
14:46:57	5.91	-0.01	4	2364	卖盘
14:46:42	5.92	--	31	18352	买盘
14:46:39	5.92	--	75	44400	买盘
14:46:30	5.92	0.01	1000	592000	买盘
14:46:21	5.91	-0.01	88	52008	卖盘
14:46:18	5.92	--	22	13024	买盘
14:45:54	5.92	0.01	50	29600	买盘
14:45:51	5.91	-0.01	22	13002	卖盘
14:45:48	5.92	0.01	20	11840	买盘
14:45:42	5.91	-0.01	1	591	卖盘
14:45:30	5.92	0.01	32	18944	买盘
14:45:27	5.91	-0.01	31	18321	卖盘
14:45:21	5.92	0.01	21	12432	买盘
14:45:15	5.91	-0.01	21	12411	卖盘
14:45:09	5.92	--	5	2960	买盘
14:45:06	5.92	0.01	20	11840	买盘
14:45:00	5.91	--	100	59100	卖盘
14:44:57	5.91	-0.01	6	3546	卖盘
14:44:45	5.92	0.01	21	12432	买盘
14:44:42	5.91	--	9	5319	卖盘
14:44:36	5.91	--	75	44325	卖盘
14:44:33	5.91	--	7	4137	卖盘
14:44:30	5.91	-0.01	1	591	卖盘
14:44:27	5.92	--	69	40848	买盘
14:44:24	5.92	0.01	20	11840	买盘
14:44:21	5.91	--	1	591	卖盘
14:44:15	5.91	--	22	13002	卖盘
14:44:12	5.91	-0.01	1	591	卖盘
14:44:09	5.92	0.01	20	11840	买盘
14:44:03	5.91	-0.01	20	11820	卖盘
14:43:57	5.92	0.01	12	7104	买盘
14:43:45	5.91	-0.01	100	59100	卖盘
14:43:30	5.92	0.01	300	177600	买盘
14:43:18	5.91	--	20	11820	卖盘
14:43:03	5.91	--	20	11820	卖盘
14:43:00	5.91	--	20	11820	卖盘
14:42:51	5.91	--	40	23640	卖盘
14:42:48	5.91	--	96	56736	卖盘
14:42:45	5.91	-0.01	34	20094	卖盘
14:42:39	5.92	0.01	1130	668960	买盘
14:42:15	5.91	--	2	1182	卖盘
14:42:06	5.91	--	27	15957	卖盘
14:42:03	5.91	--	24	14184	卖盘
14:41:57	5.91	-0.01	10	5910	卖盘
14:41:54	5.92	0.01	18	10656	买盘
14:41:42	5.91	-0.01	57	33687	卖盘
14:41:33	5.92	0.01	10	5920	买盘
14:41:21	5.91	--	113	66783	卖盘
14:40:57	5.91	--	85	50235	卖盘
14:40:54	5.91	-0.01	40	23640	卖盘
14:40:51	5.92	0.01	2	1184	买盘
14:40:36	5.91	--	26	15366	卖盘
14:40:09	5.91	--	16	9456	卖盘
14:40:06	5.91	--	80	47280	卖盘
14:40:00	5.91	--	3	1773	卖盘
14:39:57	5.91	--	53	31323	卖盘
14:39:39	5.91	--	50	29550	卖盘
14:39:36	5.91	--	2	1182	卖盘
14:39:24	5.91	--	18	10638	卖盘
14:39:21	5.91	--	45	26595	卖盘
14:39:18	5.91	-0.01	25	14775	卖盘
14:39:12	5.92	0.01	8	4736	买盘
14:39:06	5.91	-0.01	47	27777	卖盘
14:39:03	5.92	0.01	11	6512	买盘
14:39:00	5.91	--	9	5319	卖盘
14:38:48	5.91	--	100	59100	卖盘
14:38:42	5.91	--	4	2364	卖盘
14:38:30	5.91	--	60	35460	卖盘
14:38:21	5.91	--	14	8274	卖盘
14:38:09	5.91	--	6	3546	卖盘
14:38:00	5.91	--	10	5910	卖盘
14:37:54	5.91	-0.01	1	591	卖盘
14:37:51	5.92	0.01	50	29600	买盘
14:37:39	5.91	--	26	15366	卖盘
14:37:27	5.91	--	10	5910	卖盘
14:37:24	5.91	-0.01	32	18912	卖盘
14:37:15	5.92	--	50	29600	买盘
14:36:57	5.92	0.01	29	17168	买盘
14:36:54	5.91	--	80	47280	卖盘
14:36:51	5.91	-0.01	300	177300	卖盘
14:36:48	5.92	--	4	2368	买盘
14:36:42	5.92	0.01	23	13616	买盘
14:36:33	5.91	--	9	5319	卖盘
14:36:27	5.91	-0.01	6	3546	卖盘
14:36:15	5.92	--	27	15984	买盘
14:36:12	5.92	0.01	48	28416	买盘
14:36:06	5.91	--	13	7683	卖盘
14:36:00	5.91	-0.01	50	29550	卖盘
14:35:54	5.92	0.01	13	7696	买盘
14:35:51	5.91	--	10	5910	卖盘
14:35:42	5.91	-0.01	194	114654	卖盘
14:35:39	5.92	0.01	30	17760	买盘
14:35:36	5.91	-0.01	20	11820	卖盘
14:35:33	5.92	0.01	27	15984	买盘
14:35:15	5.91	-0.01	11	6501	卖盘
14:35:03	5.92	0.01	2	1184	买盘
14:35:00	5.91	-0.01	25	14775	卖盘
14:34:54	5.92	0.01	43	25456	买盘
14:34:51	5.91	--	1	591	卖盘
14:34:36	5.91	--	6	3546	卖盘
14:34:15	5.91	--	20	11820	卖盘
14:34:03	5.91	--	89	52599	卖盘
14:34:00	5.91	--	10	5910	卖盘
14:33:54	5.91	-0.01	15	8865	卖盘
14:33:51	5.92	0.01	5	2960	买盘
14:33:36	5.91	-0.01	106	62646	卖盘
14:33:33	5.92	--	76	44992	买盘
14:33:30	5.92	--	20	11840	买盘
14:33:24	5.92	0.01	27	15984	买盘
14:33:21	5.91	-0.01	12	7092	卖盘
14:33:18	5.92	--	5	2960	买盘
14:33:15	5.92	0.01	10	5920	买盘
14:33:06	5.91	-0.01	5	2955	卖盘
14:33:03	5.92	--	32	19305	卖盘
14:33:00	5.92	--	67	39894	买盘
14:32:57	5.92	--	19	11248	买盘
14:32:54	5.92	-0.01	175	103961	卖盘
14:32:48	5.93	0.01	166	99025	买盘
14:32:45	5.92	-0.01	98	58252	卖盘
14:32:39	5.93	0.01	54	32022	买盘
14:32:30	5.92	--	58	34336	卖盘
14:32:27	5.92	--	97	57424	卖盘
14:32:21	5.92	--	10	5920	卖盘
14:32:15	5.92	--	215	127280	卖盘
14:32:09	5.92	--	17	10064	卖盘
14:32:06	5.92	--	120	71040	卖盘
14:32:03	5.92	--	10	5920	卖盘
14:31:54	5.92	--	10	5920	卖盘
14:31:51	5.92	--	10	5920	卖盘
14:31:45	5.92	--	20	11840	卖盘
14:31:42	5.92	--	100	59200	卖盘
14:31:39	5.92	-0.01	104	61568	卖盘
14:31:30	5.93	--	1	593	买盘
14:31:21	5.93	0.01	90	53370	买盘
14:31:18	5.92	--	15	8880	卖盘
14:31:15	5.92	-0.01	90	53280	卖盘
14:31:12	5.93	0.01	2	1186	买盘
14:31:09	5.92	--	62	36704	卖盘
14:31:06	5.92	--	150	88800	卖盘
14:31:03	5.92	--	38	22496	卖盘
14:31:00	5.92	--	21	12432	卖盘
14:30:57	5.92	--	77	45584	卖盘
14:30:45	5.92	--	12	7104	卖盘
14:30:39	5.92	--	15	8880	卖盘
14:30:33	5.92	--	34	20128	卖盘
14:30:30	5.92	--	100	59200	卖盘
14:30:27	5.92	--	10	5920	卖盘
14:30:24	5.92	--	13	7696	卖盘
14:30:06	5.92	--	10	5920	卖盘
14:30:00	5.92	--	46	27232	卖盘
14:29:54	5.92	--	16	9472	卖盘
14:29:51	5.92	--	59	34928	卖盘
14:29:45	5.92	--	5	2960	卖盘
14:29:42	5.92	--	8	4736	卖盘
14:29:36	5.92	-0.01	1	592	卖盘
14:29:33	5.93	0.01	30	17790	买盘
14:29:24	5.92	0.01	166	98272	买盘
14:29:12	5.91	-0.01	132	78012	卖盘
14:29:09	5.92	--	10	5920	买盘
14:29:06	5.92	--	110	65120	买盘
14:28:54	5.92	--	34	20128	买盘
14:28:48	5.92	--	17	10064	买盘
14:28:45	5.92	--	1761	1042512	卖盘
14:28:42	5.92	--	4	2368	卖盘
14:28:39	5.92	--	5	2960	卖盘
14:28:33	5.92	-0.01	4	2368	卖盘
14:28:18	5.93	0.01	40	23720	买盘
14:28:12	5.92	--	15	8880	卖盘
14:28:03	5.92	-0.01	5	2960	卖盘
14:28:00	5.93	0.01	284	168412	买盘
14:27:54	5.92	-0.01	20	11840	卖盘
14:27:45	5.93	--	10	5930	买盘
14:27:33	5.93	0.01	36	21348	买盘
14:27:21	5.92	--	1	592	卖盘
14:27:09	5.92	--	2	1184	卖盘
14:27:06	5.92	--	5	2960	卖盘
14:27:03	5.92	--	20	11840	卖盘
14:26:48	5.92	--	3	1776	卖盘
14:26:45	5.92	--	46	27232	卖盘
14:26:33	5.92	--	3	1776	卖盘
14:26:30	5.92	--	184	108928	卖盘
14:26:24	5.92	--	17	10064	卖盘
14:26:12	5.92	--	40	23680	卖盘
14:26:00	5.92	--	954	564768	买盘
14:25:48	5.92	--	59	34928	卖盘
14:25:39	5.92	--	160	94720	卖盘
14:25:36	5.92	--	1	592	卖盘
14:25:15	5.92	-0.01	1000	592000	卖盘
14:25:06	5.93	0.01	3	1779	买盘
14:25:03	5.92	--	2	1184	卖盘
14:24:57	5.92	--	10	5920	卖盘
14:24:51	5.92	--	42	24864	买盘
14:24:48	5.92	--	22	13024	买盘
14:24:39	5.92	0.01	20	11840	买盘
14:24:36	5.91	--	4	2364	卖盘
14:24:33	5.91	-0.01	20	11820	卖盘
14:24:30	5.92	--	20	11840	买盘
14:24:21	5.92	--	2000	1184000	买盘
14:24:18	5.92	--	4	2368	买盘
14:24:12	5.92	--	30	17760	买盘
14:24:09	5.92	-0.01	40	23680	卖盘
14:24:06	5.93	0.01	40	23720	买盘
14:23:57	5.92	--	5	2960	卖盘
14:23:51	5.92	--	10	5920	卖盘
14:23:42	5.92	--	20	11840	卖盘
14:23:39	5.92	0.01	20	11840	买盘
14:23:36	5.91	-0.01	528	312048	卖盘
14:23:33	5.92	--	54	31968	卖盘
14:23:24	5.92	--	147	87024	卖盘
14:23:09	5.92	-0.01	50	29600	卖盘
14:23:03	5.93	0.01	14	8302	买盘
14:22:54	5.92	--	57	33744	卖盘
14:22:42	5.92	--	19	11248	卖盘
14:22:39	5.92	--	7	4144	卖盘
14:22:24	5.92	--	5	2960	卖盘
14:22:21	5.92	--	468	277056	买盘
14:22:15	5.92	--	30	17760	买盘
14:22:12	5.92	--	55	32560	买盘
14:22:06	5.92	--	51	30192	买盘
14:21:57	5.92	--	2	1184	买盘
14:21:39	5.92	--	1000	592000	买盘
14:21:33	5.92	--	11	6512	买盘
14:21:30	5.92	--	13	7696	买盘
14:21:27	5.92	0.01	5	2960	买盘
14:21:21	5.91	-0.01	35	20685	卖盘
14:21:15	5.92	--	120	71040	买盘
14:21:12	5.92	--	54	31968	买盘
14:20:51	5.92	--	17	10064	买盘
14:20:48	5.92	--	30	17760	买盘
14:20:42	5.92	--	50	29600	买盘
14:20:36	5.92	--	20	11840	买盘
14:20:33	5.92	--	282	166944	买盘
14:20:15	5.92	--	5	2960	买盘
14:20:12	5.92	--	57	33744	买盘
14:20:09	5.92	--	5	2960	买盘
14:20:00	5.92	--	12	7104	买盘
14:19:57	5.92	--	10	5920	买盘
14:19:54	5.92	--	50	29600	买盘
14:19:33	5.92	--	1	592	买盘
14:19:21	5.92	--	338	200096	买盘
14:19:15	5.92	--	171	101232	买盘
14:19:12	5.92	--	33	19536	买盘
14:19:09	5.92	--	7	4144	买盘
14:18:54	5.92	--	143	84656	买盘
14:18:51	5.92	--	70	41440	买盘
14:18:48	5.92	--	20	11840	买盘
14:18:45	5.92	--	20	11840	买盘
14:18:30	5.92	--	22	13024	买盘
14:18:21	5.92	--	11	6512	买盘
14:18:12	5.92	0.01	5	2960	买盘
14:18:09	5.91	--	6	3546	卖盘
14:18:03	5.91	-0.01	1	591	卖盘
14:18:00	5.92	--	127	75184	买盘
14:17:51	5.92	--	190	112480	买盘
14:17:42	5.92	--	17	10064	买盘
14:17:36	5.92	--	55	32560	买盘
14:17:33	5.92	--	24	14208	买盘
14:17:27	5.92	0.01	3	1776	买盘
14:17:24	5.91	-0.01	103	60873	卖盘
14:17:18	5.92	0.01	1	592	买盘
14:16:54	5.91	-0.01	45	26595	卖盘
14:16:51	5.92	--	1	592	买盘
14:16:39	5.92	--	72	42624	买盘
14:16:36	5.92	--	50	29600	买盘
14:16:33	5.92	--	120	71040	买盘
14:16:30	5.92	--	20	11840	买盘
14:16:09	5.92	--	21	12432	买盘
14:15:45	5.92	--	205	121360	卖盘
14:15:39	5.92	-0.01	85	50320	卖盘
14:15:33	5.93	0.01	110	65230	买盘
14:15:30	5.92	-0.01	30	17760	卖盘
14:15:24	5.93	0.01	5	2965	买盘
14:15:18	5.92	-0.01	555	328560	卖盘
14:15:06	5.93	0.01	36	21348	买盘
14:15:00	5.92	--	50	29600	卖盘
14:14:54	5.92	--	6	3552	卖盘
14:14:36	5.92	--	11	6512	卖盘
14:14:30	5.92	--	30	17760	卖盘
14:14:27	5.92	--	5	2960	卖盘
14:14:09	5.92	--	13	7696	卖盘
14:14:00	5.92	--	4	2368	卖盘
14:13:45	5.92	--	10	5920	卖盘
14:13:27	5.92	0.01	161	95312	买盘
14:13:24	5.91	-0.01	21	12411	卖盘
14:13:21	5.92	0.01	8	4736	买盘
14:13:09	5.91	-0.01	25	14775	卖盘
14:12:57	5.92	--	100	59200	买盘
14:12:48	5.92	--	1	592	买盘
14:12:36	5.92	-0.01	179	105968	卖盘
14:12:33	5.93	0.01	12	7116	买盘
14:12:30	5.92	--	40	23680	卖盘
14:12:27	5.92	-0.01	7	4144	卖盘
14:12:18	5.93	0.01	8	4744	买盘
14:12:00	5.92	--	15	8880	卖盘
14:11:54	5.92	-0.01	19	11248	卖盘
14:11:51	5.93	0.01	112	66416	买盘
14:11:30	5.92	--	63	37296	卖盘
14:11:27	5.92	--	104	61568	卖盘
14:11:18	5.92	--	50	29600	卖盘
14:11:09	5.92	--	20	11840	卖盘
14:10:54	5.92	--	159	94128	买盘
14:10:45	5.92	--	20	11840	买盘
14:10:42	5.92	0.01	12	7104	买盘
14:10:24	5.91	-0.02	1951	1153041	卖盘
14:10:12	5.93	--	493	292349	买盘
14:10:09	5.93	--	12	7116	买盘
14:09:57	5.93	0.01	200	118600	买盘
14:09:54	5.92	--	7	4144	卖盘
14:09:45	5.92	-0.01	1	592	卖盘
14:09:42	5.93	0.01	197	116821	买盘
14:09:33	5.92	-0.01	20	11840	卖盘
14:09:15	5.93	--	5	2965	买盘
14:09:03	5.93	--	6	3558	买盘
14:08:45	5.93	0.01	71	42103	买盘
14:08:39	5.92	-0.01	2	1184	卖盘
14:08:36	5.93	--	5	2965	买盘
14:08:30	5.93	--	37	21941	买盘
14:08:24	5.93	0.01	39	23127	买盘
14:08:18	5.92	-0.01	2	1184	卖盘
14:08:15	5.93	--	10	5930	买盘
14:08:03	5.93	--	68	40324	买盘
14:07:48	5.93	0.01	15	8895	买盘
14:07:42	5.92	-0.01	2	1184	卖盘
14:07:36	5.93	--	10	5930	买盘
14:07:30	5.93	--	127	75311	买盘
14:07:18	5.93	--	8	4744	买盘
14:07:15	5.93	--	26	15418	买盘
14:07:03	5.93	--	11	6523	买盘
14:07:00	5.93	0.01	2	1186	买盘
14:06:57	5.92	-0.01	3	1776	卖盘
14:06:54	5.93	0.01	50	29650	买盘
14:06:42	5.92	--	101	59792	卖盘
14:06:24	5.92	-0.01	90	53280	卖盘
14:06:21	5.93	0.01	3	1779	买盘
14:06:15	5.92	-0.01	8	4736	卖盘
14:06:12	5.93	--	22	13046	买盘
14:06:03	5.93	--	25	14825	买盘
14:06:00	5.93	--	34	20162	买盘
14:05:54	5.93	0.01	105	62265	买盘
14:05:48	5.92	--	8	4736	卖盘
14:05:39	5.92	--	10	5920	卖盘
14:05:30	5.92	-0.01	5	2960	卖盘
14:05:00	5.93	--	1419	841467	卖盘
14:04:54	5.93	--	10	5930	卖盘
14:04:51	5.93	--	16	9488	卖盘
14:04:48	5.93	--	51	30243	卖盘
14:04:42	5.93	--	19	11267	卖盘
14:04:39	5.93	--	139	82427	卖盘
14:04:33	5.93	--	22	13046	卖盘
14:04:30	5.93	--	208	123344	卖盘
14:04:09	5.93	--	227	134611	卖盘
14:03:57	5.93	-0.01	10	5930	卖盘
14:03:51	5.94	--	7	4158	买盘
14:03:15	5.94	0.01	42	24948	买盘
14:03:12	5.93	-0.01	10	5930	卖盘
14:03:06	5.94	0.01	500	297000	买盘
14:03:00	5.93	--	2	1186	卖盘
14:02:51	5.93	--	40	23720	卖盘
14:02:45	5.93	--	2	1186	卖盘
14:02:42	5.93	--	43	25499	卖盘
14:02:18	5.93	-0.01	5	2965	卖盘
14:02:15	5.94	0.01	21	12474	买盘
14:02:06	5.93	-0.01	134	79462	卖盘
14:02:00	5.94	0.01	7	4158	买盘
14:01:30	5.93	--	22	13046	卖盘
14:01:18	5.93	--	120	71160	卖盘
14:01:12	5.93	--	10	5930	卖盘
14:01:03	5.93	--	30	17790	卖盘
14:00:57	5.93	--	350	207550	卖盘
14:00:45	5.93	-0.01	15	8895	卖盘
14:00:30	5.94	--	3	1782	买盘
14:00:27	5.94	--	5	2970	买盘
14:00:24	5.94	--	37	21978	买盘
14:00:15	5.94	--	20	11880	卖盘
14:00:09	5.94	--	2	1188	卖盘
14:00:03	5.94	--	41	24354	卖盘
13:59:54	5.94	--	273	162162	买盘
13:59:36	5.94	--	9	5346	买盘
13:59:30	5.94	--	2	1188	买盘
13:59:27	5.94	--	20	11880	买盘
13:59:18	5.94	--	5	2970	买盘
13:59:15	5.94	--	10	5940	买盘
13:59:09	5.94	--	100	59400	买盘
13:59:06	5.94	--	75	44550	买盘
13:58:54	5.94	--	13	7722	卖盘
13:58:48	5.94	--	59	35046	卖盘
13:58:42	5.94	--	24	14256	卖盘
13:58:39	5.94	--	64	38016	卖盘
13:58:36	5.94	0.01	376	223344	买盘
13:58:33	5.93	-0.01	1	593	卖盘
13:58:30	5.94	--	365	216810	买盘
13:58:12	5.94	--	62	36828	买盘
13:58:09	5.94	--	5	2970	买盘
13:58:06	5.94	--	1	594	买盘
13:57:54	5.94	--	12	7128	买盘
13:57:51	5.94	--	44	26136	买盘
13:57:48	5.94	--	150	89100	买盘
13:57:36	5.94	--	106	62964	买盘
13:57:33	5.94	--	6	3564	买盘
13:57:21	5.94	--	50	29700	买盘
13:57:09	5.94	--	5	2970	买盘
13:57:03	5.94	0.01	4	2376	买盘
13:57:00	5.93	-0.01	36	21348	卖盘
13:56:54	5.94	--	126	74844	买盘
13:56:51	5.94	--	1	594	买盘
13:56:45	5.94	--	11	6534	买盘
13:56:36	5.94	--	12	7128	买盘
13:56:27	5.94	--	4	2376	买盘
13:56:24	5.94	--	212	125928	买盘
13:56:21	5.94	--	22	13068	买盘
13:56:18	5.94	--	25	14850	买盘
13:56:15	5.94	--	100	59400	买盘
13:56:06	5.94	--	22	13068	买盘
13:56:03	5.94	--	1	594	买盘
13:56:00	5.94	--	20	11880	买盘
13:55:57	5.94	0.01	311	184734	买盘
13:55:51	5.93	-0.01	5	2965	卖盘
13:55:45	5.94	--	6	3564	买盘
13:55:39	5.94	--	37	21978	买盘
13:55:33	5.94	--	577	342738	买盘
13:55:27	5.94	--	152	90288	买盘
13:55:21	5.94	0.01	2	1188	买盘
13:55:18	5.93	-0.01	11	6523	卖盘
13:55:15	5.94	--	1	594	买盘
13:55:12	5.94	--	1	594	买盘
13:55:06	5.94	--	5	2970	买盘
13:55:03	5.94	0.01	22	13068	买盘
13:54:57	5.93	--	12	7116	卖盘
13:54:54	5.93	--	1	593	卖盘
13:54:45	5.93	-0.01	15	8895	卖盘
13:54:39	5.94	--	28	16632	买盘
13:54:30	5.94	0.01	1	594	买盘
13:54:18	5.93	-0.01	30	17790	卖盘
13:54:09	5.94	--	110	65340	买盘
13:54:06	5.94	0.01	8	4752	买盘
13:53:57	5.93	--	20	11860	卖盘
13:53:54	5.93	-0.01	4	2372	卖盘
13:53:51	5.94	--	20	11880	买盘
13:53:48	5.94	--	36	21384	买盘
13:53:45	5.94	0.01	1	594	买盘
13:53:36	5.93	--	3	1779	卖盘
13:53:33	5.93	-0.01	5	2965	卖盘
13:53:30	5.94	--	34	20196	买盘
13:53:21	5.94	--	51	30294	买盘
13:53:12	5.94	--	20	11880	买盘
13:53:09	5.94	--	10	5940	买盘
13:53:03	5.94	--	22	13068	买盘
13:53:00	5.94	--	18	10692	买盘
13:52:57	5.94	--	25	14850	买盘
13:52:51	5.94	--	50	29700	买盘
13:52:42	5.94	--	8	4752	买盘
13:52:39	5.94	-0.01	89	52866	卖盘
13:52:36	5.95	0.01	3	1785	买盘
13:52:33	5.94	--	1	594	卖盘
13:52:30	5.94	--	71	42174	卖盘
13:52:27	5.94	--	47	27918	卖盘
13:52:24	5.94	--	32	19008	卖盘
13:52:21	5.94	-0.01	10	5940	卖盘
13:52:18	5.95	0.01	1	595	买盘
13:52:15	5.94	-0.01	57	33858	卖盘
13:52:12	5.95	0.01	8	4760	买盘
13:52:09	5.94	--	96	57024	卖盘
13:52:00	5.94	-0.01	9	5346	卖盘
13:51:57	5.95	--	1	595	买盘
13:51:48	5.95	0.01	10	5950	买盘
13:51:45	5.94	--	24	14256	卖盘
13:51:42	5.94	--	40	23760	卖盘
13:51:39	5.94	--	60	35640	买盘
13:51:33	5.94	-0.01	5	2970	中性盘
13:51:24	5.95	0.01	584	347480	买盘
13:51:21	5.94	--	10	5940	买盘
13:51:18	5.94	--	200	118800	买盘
13:51:15	5.94	--	203	120902	卖盘
13:51:12	5.94	--	101	59994	卖盘
13:51:09	5.94	--	17	10098	卖盘
13:51:03	5.94	--	442	262821	买盘
13:51:00	5.94	--	207	122958	买盘
13:50:57	5.94	--	11	6534	买盘
13:50:51	5.94	--	4	2376	买盘
13:50:48	5.94	--	10	5940	买盘
13:50:39	5.94	--	17	10098	买盘
13:50:36	5.94	--	2	1188	买盘
13:50:30	5.94	--	622	369468	买盘
13:50:27	5.94	0.01	9	5346	买盘
13:50:21	5.93	--	10	5930	卖盘
13:50:15	5.93	-0.01	13	7709	卖盘
13:50:12	5.94	--	12	7128	买盘
13:50:09	5.94	--	18	10692	买盘
13:50:03	5.94	--	139	82566	买盘
13:50:00	5.94	--	502	298188	买盘
13:49:57	5.94	--	58	34452	买盘
13:49:54	5.94	--	6	3564	买盘
13:49:51	5.94	--	30	17820	买盘
13:49:48	5.94	--	1	594	买盘
13:49:45	5.94	--	12	7128	买盘
13:49:42	5.94	--	11	6534	买盘
13:49:39	5.94	--	5	2970	买盘
13:49:36	5.94	--	17	10098	买盘
13:49:33	5.94	--	1	594	买盘
13:49:30	5.94	--	64	38016	买盘
13:49:21	5.94	0.01	50	29700	买盘
13:49:15	5.93	-0.01	3	1779	卖盘
13:49:12	5.94	--	21	12474	买盘
13:49:09	5.94	--	2	1188	买盘
13:49:03	5.94	--	282	167508	买盘
13:48:51	5.94	0.01	61	36234	买盘
13:48:48	5.93	-0.01	31	18383	卖盘
13:48:45	5.94	0.01	34	20196	买盘
13:48:39	5.93	--	34	20162	卖盘
13:48:36	5.93	-0.01	15	8895	卖盘
13:48:30	5.94	0.01	13	7722	买盘
13:48:27	5.93	--	110	65230	卖盘
13:48:24	5.93	--	8	4744	卖盘
13:48:12	5.93	--	482	285826	买盘
13:48:09	5.93	--	65	38545	买盘
13:48:06	5.93	0.01	12	7116	买盘
13:48:03	5.92	-0.01	751	444592	卖盘
13:47:54	5.93	--	200	118600	买盘
13:47:51	5.93	--	13	7709	买盘
13:47:45	5.93	--	12	7116	买盘
13:47:27	5.93	0.01	12	7116	买盘
13:47:18	5.92	--	309	182928	买盘
13:47:15	5.92	--	268	158656	买盘
13:47:03	5.92	--	12	7104	买盘
13:46:57	5.92	--	10	5920	买盘
13:46:51	5.92	--	81	47952	买盘
13:46:48	5.92	--	118	69856	买盘
13:46:45	5.92	--	32	18944	买盘
13:46:42	5.92	--	2	1184	买盘
13:46:33	5.92	--	62	36704	买盘
13:46:30	5.92	--	50	29600	买盘
13:46:27	5.92	--	10	5920	买盘
13:46:09	5.92	--	15	8880	买盘
13:46:00	5.92	--	91	53872	买盘
13:45:51	5.92	--	12	7104	买盘
13:45:48	5.92	--	10	5920	买盘
13:45:42	5.92	--	1	592	买盘
13:45:36	5.92	--	54	31968	买盘
13:45:33	5.92	--	11	6512	买盘
13:45:27	5.92	--	12	7104	买盘
13:45:21	5.92	--	19	11248	买盘
13:45:18	5.92	--	1	592	买盘
13:45:15	5.92	--	45	26640	买盘
13:45:12	5.92	--	150	88800	买盘
13:45:09	5.92	--	164	97088	买盘
13:45:03	5.92	--	31	18352	买盘
13:44:57	5.92	--	10	5920	买盘
13:44:51	5.92	-0.01	1186	702112	卖盘
13:44:45	5.93	--	37	21941	买盘
13:44:39	5.93	--	23	13639	买盘
13:44:36	5.93	--	10	5930	买盘
13:44:33	5.93	--	14	8302	买盘
13:44:30	5.93	--	30	17790	买盘
13:44:27	5.93	--	23	13639	买盘
13:44:24	5.93	--	10	5930	买盘
13:44:21	5.93	--	33	19569	买盘
13:44:18	5.93	--	10	5930	买盘
13:44:12	5.93	--	19	11267	买盘
13:44:06	5.93	--	32	18976	买盘
13:44:03	5.93	--	7	4151	买盘
13:43:57	5.93	--	34	20162	买盘
13:43:54	5.93	--	30	17790	买盘
13:43:48	5.93	--	12	7116	买盘
13:43:45	5.93	--	141	83613	买盘
13:43:39	5.93	--	62	36766	买盘
13:43:30	5.93	0.01	12	7116	买盘
13:43:12	5.92	--	10	5920	卖盘
13:43:09	5.92	--	44	26048	买盘
13:43:06	5.92	--	173	102416	买盘
13:43:03	5.92	0.01	10	5920	买盘
13:43:00	5.91	-0.01	18	10638	卖盘
13:42:57	5.92	--	100	59200	买盘
13:42:51	5.92	--	154	91168	买盘
13:42:48	5.92	--	29	17168	买盘
13:42:45	5.92	--	990	586080	买盘
13:42:42	5.92	--	31	18352	买盘
13:42:27	5.92	--	54	31968	买盘
13:42:24	5.92	--	12	7104	买盘
13:42:15	5.92	0.01	12	7104	买盘
13:41:54	5.91	-0.01	9	5319	卖盘
13:41:51	5.92	--	34	20128	买盘
13:41:48	5.92	0.01	12	7104	买盘
13:41:33	5.91	--	6	3546	卖盘
13:41:30	5.91	--	1	591	卖盘
13:41:27	5.91	--	16	9456	卖盘
13:41:24	5.91	-0.01	42	24822	卖盘
13:41:15	5.92	0.01	383	227292	买盘
13:41:12	5.91	--	89	52599	买盘
13:41:06	5.91	--	12	7092	买盘
13:41:03	5.91	0.01	4	2364	买盘
13:40:45	5.9	-0.01	22	12980	卖盘
13:40:42	5.91	--	5	2955	买盘
13:40:39	5.91	--	5	2955	买盘
13:40:36	5.91	--	38	22458	买盘
13:40:33	5.91	--	60	35460	买盘
13:40:30	5.91	--	75	44325	买盘
13:40:27	5.91	0.01	12	7092	买盘
13:40:21	5.9	-0.01	32	18880	卖盘
13:40:15	5.91	--	2	1182	买盘
13:40:12	5.91	--	12	7092	买盘
13:40:03	5.91	--	100	59100	买盘
13:39:54	5.91	--	32	18912	买盘
13:39:48	5.91	--	12	7092	买盘
13:39:45	5.91	--	776	458616	买盘
13:39:33	5.91	0.01	12	7092	买盘
13:39:27	5.9	-0.01	6	3540	卖盘
13:39:15	5.91	0.01	22	13002	买盘
13:39:09	5.9	--	47	27730	卖盘
13:38:54	5.9	-0.01	2	1180	卖盘
13:38:48	5.91	--	44	26004	买盘
13:38:45	5.91	--	33	19503	买盘
13:38:36	5.91	--	36	21276	买盘
13:38:33	5.91	--	6	3546	买盘
13:38:30	5.91	--	10	5910	买盘
13:38:27	5.91	--	12	7092	买盘
13:38:12	5.91	--	85	50235	买盘
13:38:09	5.91	0.01	12	7092	买盘
13:38:03	5.9	-0.01	1	590	卖盘
13:37:57	5.91	0.01	3	1773	买盘
13:37:54	5.9	-0.01	12	7080	卖盘
13:37:51	5.91	0.01	2	1182	买盘
13:37:48	5.9	-0.01	73	43070	卖盘
13:37:45	5.91	0.01	40	23640	买盘
13:37:42	5.9	--	9	5310	卖盘
13:37:33	5.9	-0.01	6	3540	卖盘
13:37:27	5.91	0.01	12	7092	买盘
13:37:21	5.9	-0.01	12	7080	卖盘
13:37:18	5.91	--	6	3546	买盘
13:37:12	5.91	0.01	12	7092	买盘
13:37:03	5.9	-0.01	10	5900	卖盘
13:36:51	5.91	0.01	12	7092	买盘
13:36:42	5.9	-0.01	5	2950	卖盘
13:36:39	5.91	--	14	8274	买盘
13:36:36	5.91	--	2	1182	买盘
13:36:27	5.91	--	13	7683	买盘
13:36:15	5.91	--	2	1182	买盘
13:36:12	5.91	0.01	12	7092	买盘
13:36:03	5.9	-0.01	2	1180	卖盘
13:35:57	5.91	--	5	2955	买盘
13:35:48	5.91	--	12	7092	买盘
13:35:45	5.91	--	30	17730	买盘
13:35:27	5.91	--	22	13002	买盘
13:35:06	5.91	--	12	7092	买盘
13:34:51	5.91	--	41	24231	买盘
13:34:45	5.91	0.01	13	7683	买盘
13:34:33	5.9	--	18	10620	卖盘
13:34:30	5.9	-0.01	2	1180	卖盘
13:34:27	5.91	--	12	7092	买盘
13:34:21	5.91	0.01	4	2364	买盘
13:34:18	5.9	--	69	40710	卖盘
13:34:15	5.9	-0.01	45	26550	卖盘
13:34:12	5.91	0.01	12	7092	买盘
13:34:09	5.9	-0.01	10	5900	卖盘
13:33:54	5.91	--	7	4137	买盘
13:33:51	5.91	--	12	7092	买盘
13:33:42	5.91	0.01	103	60873	买盘
13:33:39	5.9	-0.01	8	4720	卖盘
13:33:33	5.91	0.01	12	7092	买盘
13:33:15	5.9	-0.01	9	5310	卖盘
13:33:09	5.91	--	12	7092	买盘
13:33:00	5.91	--	41	24231	买盘
13:32:51	5.91	--	12	7092	买盘
13:32:42	5.91	--	79	46689	买盘
13:32:39	5.91	--	8	4728	买盘
13:32:33	5.91	--	80	47280	买盘
13:32:27	5.91	--	12	7092	买盘
13:32:18	5.91	--	64	37824	买盘
13:32:09	5.91	--	40	23640	买盘
13:32:06	5.91	0.01	12	7092	买盘
13:32:03	5.9	-0.01	24	14160	卖盘
13:32:00	5.91	0.01	79	46689	买盘
13:31:51	5.9	-0.01	411	242490	买盘
13:31:36	5.91	0.01	102	60282	买盘
13:31:27	5.9	--	12	7080	买盘
13:31:24	5.9	0.01	15	8850	买盘
13:31:21	5.89	-0.01	20	11780	卖盘
13:31:18	5.9	--	197	116230	买盘
13:31:09	5.9	--	270	159300	买盘
13:31:06	5.9	--	72	42480	买盘
13:31:00	5.9	--	2	1180	买盘
13:30:51	5.9	--	225	132750	买盘
13:30:48	5.9	0.01	12	7080	买盘
13:30:30	5.89	-0.01	20	11780	卖盘
13:30:27	5.9	--	12	7080	买盘
13:29:57	5.9	--	29	17110	买盘
13:29:54	5.9	--	5	2950	买盘
13:29:51	5.9	--	51	30090	买盘
13:29:42	5.9	0.01	84	49560	买盘
13:29:36	5.89	-0.01	10	5890	卖盘
13:29:21	5.9	0.01	328	193520	买盘
13:29:18	5.89	-0.01	11	6479	卖盘
13:29:06	5.9	0.01	30	17700	买盘
13:29:03	5.89	--	14	8246	卖盘
13:28:54	5.89	-0.01	17	10013	卖盘
13:28:48	5.9	--	15	8850	买盘
13:28:33	5.9	0.01	72	42480	买盘
13:28:24	5.89	--	16	9424	卖盘
13:28:12	5.89	--	16	9424	卖盘
13:28:00	5.89	-0.01	46	27094	卖盘
13:27:45	5.9	--	5	2950	买盘
13:27:15	5.9	0.01	10	5900	买盘
13:27:12	5.89	-0.01	33	19437	卖盘
13:27:06	5.9	0.01	33	19470	买盘
13:27:03	5.89	-0.01	56	32984	卖盘
13:26:30	5.9	--	61	35990	买盘
13:26:24	5.9	0.01	2	1180	买盘
13:26:18	5.89	-0.01	42	24738	卖盘
13:25:54	5.9	--	14	8260	买盘
13:25:48	5.9	--	36	21794	卖盘
13:25:42	5.9	--	31	18290	卖盘
13:25:39	5.9	--	2	1180	卖盘
13:25:24	5.9	--	5	2950	卖盘
13:25:18	5.9	-0.01	60	35400	卖盘
13:25:15	5.91	0.01	1	591	买盘
13:25:06	5.9	--	40	23600	卖盘
13:25:03	5.9	-0.01	35	20650	卖盘
13:24:45	5.91	0.01	4	2364	买盘
13:24:39	5.9	-0.01	72	42480	卖盘
13:24:30	5.91	0.01	20	11820	买盘
13:24:21	5.9	--	1	590	卖盘
13:24:15	5.9	--	35	20650	卖盘
13:24:12	5.9	--	14	8260	卖盘
13:23:57	5.9	--	4	2360	卖盘
13:23:54	5.9	--	98	57855	买盘
13:23:51	5.9	0.01	67	39530	买盘
13:23:42	5.89	-0.01	113	66557	卖盘
13:23:39	5.9	--	2	1180	买盘
13:23:30	5.9	--	24	14160	买盘
13:23:18	5.9	--	458	270220	买盘
13:22:48	5.9	--	400	236000	买盘
13:22:42	5.9	0.01	100	59000	买盘
13:22:27	5.89	-0.01	34	20026	卖盘
13:22:24	5.9	--	400	236000	买盘
13:22:15	5.9	0.01	6	3540	买盘
13:22:06	5.89	-0.01	31	18259	卖盘
13:22:03	5.9	--	49	28910	买盘
13:22:00	5.9	--	400	236000	买盘
13:21:39	5.9	--	7	4130	买盘
13:21:27	5.9	--	7	4130	买盘
13:21:18	5.9	--	19	11210	买盘
13:21:00	5.9	--	10	5900	买盘
13:20:54	5.9	--	16	9440	买盘
13:20:45	5.9	--	200	118000	买盘
13:20:42	5.9	--	133	79024	卖盘
13:20:36	5.9	--	15	8850	卖盘
13:20:33	5.9	--	2	1180	卖盘
13:20:27	5.9	--	69	40710	卖盘
13:20:18	5.9	--	20	11800	卖盘
13:20:12	5.9	--	93	54905	卖盘
13:20:06	5.9	--	50	29500	卖盘
13:20:00	5.9	--	100	59000	卖盘
13:19:57	5.9	--	1	590	卖盘
13:19:54	5.9	--	45	26550	卖盘
13:19:45	5.9	--	158	93220	卖盘
13:19:36	5.9	--	6	3540	卖盘
13:19:27	5.9	--	28	16520	卖盘
13:19:24	5.9	--	1	590	卖盘
13:19:15	5.9	--	4	2360	卖盘
13:19:09	5.9	--	217	128030	买盘
13:19:06	5.9	0.01	9	5310	买盘
13:18:45	5.89	-0.01	1	589	卖盘
13:18:36	5.9	--	50	29500	买盘
13:18:24	5.9	--	13	7670	买盘
13:18:18	5.9	--	50	29500	买盘
13:18:15	5.9	--	13	7670	买盘
13:18:09	5.9	--	90	53100	卖盘
13:17:54	5.9	--	20	11800	卖盘
13:17:51	5.9	--	39	23010	卖盘
13:17:36	5.9	--	96	56640	买盘
13:17:27	5.9	--	120	70800	买盘
13:17:21	5.9	0.01	30	17700	买盘
13:17:15	5.89	-0.01	63	37107	卖盘
13:17:09	5.9	--	242	142780	买盘
13:17:03	5.9	--	28	16520	买盘
13:17:00	5.9	--	3	1770	买盘
13:16:54	5.9	-0.01	292	172280	卖盘
13:16:48	5.91	0.01	18	10638	买盘
13:16:36	5.9	-0.01	5	2950	卖盘
13:16:33	5.91	--	10	5910	买盘
13:16:30	5.91	--	30	17730	买盘
13:16:24	5.91	--	11	6501	买盘
13:16:15	5.91	--	18	10638	买盘
13:16:12	5.91	0.01	1	591	买盘
13:16:06	5.9	-0.01	10	5900	卖盘
13:16:00	5.91	0.01	31	18321	买盘
13:15:57	5.9	--	15	8850	卖盘
13:15:45	5.9	-0.01	4	2360	卖盘
13:15:42	5.91	--	7	4137	买盘
13:15:33	5.91	--	8	4728	买盘
13:15:30	5.91	0.01	10	5910	买盘
13:15:24	5.9	-0.01	400	236000	卖盘
13:15:12	5.91	--	5	2955	买盘
13:15:03	5.91	0.01	60	35460	买盘
13:14:57	5.9	-0.01	223	131570	卖盘
13:14:51	5.91	--	37	21867	买盘
13:14:36	5.91	0.01	50	29550	买盘
13:14:33	5.9	-0.01	6	3540	卖盘
13:14:21	5.91	--	10	5910	买盘
13:14:18	5.91	--	50	29550	买盘
13:14:09	5.91	--	22	13002	买盘
13:14:03	5.91	--	33	19503	买盘
13:13:54	5.91	--	10	5910	买盘
13:13:21	5.91	--	97	57327	买盘
13:13:09	5.91	--	5	2955	买盘
13:13:06	5.91	--	12	7092	买盘
13:13:03	5.91	--	97	57327	买盘
13:12:54	5.91	0.01	12	7092	买盘
13:12:48	5.9	--	25	14750	卖盘
13:12:42	5.9	-0.01	2	1180	卖盘
13:12:39	5.91	0.01	12	7092	买盘
13:12:30	5.9	--	7	4130	卖盘
13:12:27	5.9	--	10	5900	卖盘
13:12:24	5.9	--	6	3540	买盘
13:12:18	5.9	--	113	66670	买盘
13:12:15	5.9	--	3	1770	买盘
13:12:12	5.9	0.01	166	97940	买盘
13:12:09	5.89	-0.01	342	201438	卖盘
13:12:00	5.9	0.01	12	7080	买盘
13:11:48	5.89	-0.01	31	18259	卖盘
13:11:39	5.9	--	12	7080	买盘
13:11:36	5.9	--	28	16520	买盘
13:11:21	5.9	--	12	7080	买盘
13:11:15	5.9	--	40	23600	买盘
13:11:12	5.9	--	50	29500	买盘
13:11:03	5.9	--	12	7080	买盘
13:11:00	5.9	--	60	35400	买盘
13:10:51	5.9	--	5	2950	买盘
13:10:45	5.9	--	8	4720	买盘
13:10:39	5.9	--	43	25370	买盘
13:10:36	5.9	0.01	4	2360	买盘
13:10:27	5.89	-0.01	8	4712	卖盘
13:10:21	5.9	--	8	4720	买盘
13:10:18	5.9	--	12	7080	买盘
13:10:12	5.9	--	2	1180	买盘
13:10:03	5.9	--	12	7080	买盘
13:09:45	5.9	--	25	14750	买盘
13:09:42	5.9	--	12	7080	买盘
13:09:33	5.9	0.01	10	5900	买盘
13:09:30	5.89	-0.01	6	3534	卖盘
13:09:27	5.9	--	41	24190	买盘
13:09:21	5.9	0.01	12	7080	买盘
13:09:00	5.89	-0.01	1	589	卖盘
13:08:57	5.9	--	12	7080	买盘
13:08:51	5.9	0.01	23	13570	买盘
13:08:39	5.89	-0.01	22	12958	卖盘
13:08:24	5.9	--	32	18880	买盘
13:08:03	5.9	--	15	8850	买盘
13:07:39	5.9	--	12	7080	买盘
13:07:18	5.9	--	12	7080	买盘
13:07:09	5.9	0.01	3	1770	买盘
13:07:00	5.89	-0.01	82	48298	卖盘
13:06:51	5.9	--	27	15930	买盘
13:06:39	5.9	--	12	7080	买盘
13:06:21	5.9	--	12	7080	买盘
13:06:18	5.9	--	2	1180	买盘
13:06:15	5.9	--	4	2360	买盘
13:06:09	5.9	--	27	15930	买盘
13:06:06	5.9	0.01	50	29500	买盘
13:06:03	5.89	-0.01	30	17670	卖盘
13:05:57	5.9	--	12	7080	买盘
13:05:48	5.9	--	2	1180	买盘
13:05:39	5.9	--	12	7080	买盘
13:05:30	5.9	--	12	7080	买盘
13:05:18	5.9	--	19	11210	买盘
13:05:12	5.9	--	105	61950	买盘
13:05:09	5.9	--	50	29500	买盘
13:05:03	5.9	0.01	50	29500	买盘
13:04:57	5.89	-0.01	10	5890	卖盘
13:04:27	5.9	0.01	40	23600	买盘
13:03:54	5.89	--	4	2356	买盘
13:03:48	5.89	--	10	5890	买盘
13:03:39	5.89	--	30	17670	卖盘
13:03:12	5.89	--	15	8835	卖盘
13:03:09	5.89	--	3	1767	买盘
13:02:54	5.89	-0.01	18	10602	卖盘
13:02:48	5.9	0.01	50	29500	买盘
13:02:33	5.89	--	20	11780	卖盘
13:02:24	5.89	--	320	188480	卖盘
13:02:21	5.89	--	2	1178	卖盘
13:02:12	5.89	--	20	11780	卖盘
13:02:09	5.89	--	40	23560	卖盘
13:01:45	5.89	--	33	19437	卖盘
13:01:33	5.89	--	11	6479	卖盘
13:00:51	5.89	--	2	1178	卖盘
13:00:18	5.89	--	80	47120	卖盘
13:00:12	5.89	--	110	64790	卖盘
13:00:06	5.89	--	204	120156	卖盘
13:00:03	5.89	--	517	304513	卖盘
13:00:00	5.89	--	0	0	卖盘
11:30:00	5.89	-0.01	30	17670	卖盘
11:29:39	5.9	--	45	26550	买盘
11:29:33	5.9	0.01	10	5900	买盘
11:29:12	5.89	-0.01	2	1178	卖盘
11:29:06	5.9	0.01	2	1180	买盘
11:28:39	5.89	--	100	58900	卖盘
11:28:12	5.89	--	5	2945	卖盘
11:28:06	5.89	-0.01	12	7068	卖盘
11:27:39	5.9	--	2	1180	买盘
11:27:09	5.9	0.02	1460	861400	买盘
11:26:48	5.88	-0.01	20	11760	卖盘
11:26:42	5.89	--	190	111910	买盘
11:26:36	5.89	0.01	5	2945	买盘
11:26:30	5.88	-0.01	50	29400	卖盘
11:26:27	5.89	0.01	12	7068	买盘
11:26:24	5.88	--	18	10584	卖盘
11:25:30	5.88	-0.01	5	2940	卖盘
11:25:06	5.89	0.01	1	589	买盘
11:25:00	5.88	--	62	36456	卖盘
11:24:27	5.88	--	2	1176	卖盘
11:24:24	5.88	--	4	2352	卖盘
11:24:03	5.88	--	23	13524	卖盘
11:23:57	5.88	--	30	17640	卖盘
11:23:54	5.88	--	18	10584	卖盘
11:23:51	5.88	--	30	17640	卖盘
11:23:36	5.88	--	14	8232	卖盘
11:23:33	5.88	--	3	1764	卖盘
11:23:27	5.88	--	50	29400	卖盘
11:23:09	5.88	-0.01	9	5292	卖盘
11:22:57	5.89	--	49	28861	买盘
11:22:45	5.89	--	12	7068	买盘
11:22:42	5.89	--	140	82460	买盘
11:22:39	5.89	--	311	183179	买盘
11:22:06	5.89	--	7	4123	买盘
11:22:00	5.89	--	10	5890	买盘
11:21:57	5.89	--	123	72447	卖盘
11:21:54	5.89	--	24	14136	卖盘
11:21:48	5.89	--	20	11780	卖盘
11:21:45	5.89	--	134	78926	卖盘
11:21:42	5.89	--	50	29450	卖盘
11:21:39	5.89	--	115	67735	卖盘
11:21:33	5.89	--	60	35340	卖盘
11:21:30	5.89	--	10	5890	卖盘
11:21:24	5.89	--	100	58900	卖盘
11:21:21	5.89	--	52	30628	卖盘
11:21:15	5.89	--	10	5890	卖盘
11:21:00	5.89	--	5	2945	卖盘
11:20:57	5.89	--	30	17670	卖盘
11:20:51	5.89	--	22	12958	卖盘
11:20:48	5.89	--	19	11191	卖盘
11:20:42	5.89	--	156	91884	卖盘
11:20:39	5.89	--	14	8246	卖盘
11:20:33	5.89	--	190	111910	卖盘
11:20:30	5.89	--	50	29450	卖盘
11:20:27	5.89	-0.01	30	17670	卖盘
11:19:45	5.9	0.01	2	1180	买盘
11:19:33	5.89	--	3	1767	卖盘
11:19:30	5.89	--	20	11780	卖盘
11:19:06	5.89	--	5	2945	卖盘
11:18:54	5.89	--	3	1767	卖盘
11:18:21	5.89	--	15	8835	卖盘
11:18:09	5.89	-0.01	70	41230	卖盘
11:18:03	5.9	0.01	149	87910	买盘
11:17:57	5.89	--	3	1767	卖盘
11:17:54	5.89	--	4	2356	卖盘
11:17:42	5.89	--	7	4123	卖盘
11:17:24	5.89	-0.01	5	2945	卖盘
11:17:06	5.9	--	3	1770	买盘
11:16:51	5.9	0.01	10	5900	买盘
11:16:48	5.89	--	1	589	卖盘
11:16:39	5.89	--	27	15903	卖盘
11:16:36	5.89	--	3	1767	卖盘
11:16:27	5.89	--	8	4712	卖盘
11:16:21	5.89	--	10	5890	卖盘
11:16:15	5.89	-0.01	72	42408	卖盘
11:16:00	5.9	--	6	3540	买盘
11:15:57	5.9	0.01	12	7080	买盘
11:15:54	5.89	-0.01	30	17670	卖盘
11:15:30	5.9	--	12	7080	买盘
11:15:18	5.9	0.01	12	7080	买盘
11:15:06	5.89	--	21	12369	卖盘
11:15:03	5.89	-0.01	1	589	卖盘
11:14:57	5.9	0.01	13	7670	买盘
11:14:45	5.89	-0.01	3	1767	卖盘
11:14:36	5.9	0.01	12	7080	买盘
11:14:24	5.89	--	30	17670	卖盘
11:14:15	5.89	--	2	1178	卖盘
11:14:12	5.89	--	36	21204	卖盘
11:14:03	5.89	-0.01	540	318060	卖盘
11:13:57	5.9	0.01	12	7080	买盘
11:13:48	5.89	-0.01	42	24738	卖盘
11:13:33	5.9	--	10	5900	买盘
11:13:30	5.9	--	12	7080	买盘
11:13:18	5.9	--	1	590	买盘
11:13:09	5.9	--	127	74930	买盘
11:13:03	5.9	--	12	7080	买盘
11:12:54	5.9	--	20	11800	买盘
11:12:48	5.9	--	156	92040	买盘
11:12:42	5.9	0.01	20	11800	买盘
11:12:39	5.89	-0.01	4	2356	卖盘
11:12:33	5.9	--	12	7080	买盘
11:12:30	5.9	0.01	43	25370	买盘
11:12:27	5.89	-0.01	10	5890	卖盘
11:12:18	5.9	--	15	8850	买盘
11:12:06	5.9	--	20	11800	买盘
11:12:00	5.9	--	6	3540	买盘
11:11:57	5.9	--	12	7080	买盘
11:11:54	5.9	--	50	29500	买盘
11:11:36	5.9	--	3	1770	买盘
11:11:33	5.9	0.01	12	7080	买盘
11:11:21	5.89	-0.01	10	5890	卖盘
11:11:15	5.9	0.01	12	7080	买盘
11:11:12	5.89	--	60	35340	卖盘
11:10:57	5.89	--	9	5301	买盘
11:10:51	5.89	--	276	162564	买盘
11:10:45	5.89	--	6	3534	买盘
11:10:42	5.89	--	165	97185	买盘
11:10:36	5.89	--	12	7068	买盘
11:10:33	5.89	0.01	4	2356	买盘
11:10:15	5.88	--	3	1764	卖盘
11:09:42	5.88	-0.01	50	29400	卖盘
11:09:36	5.89	0.01	57	33573	买盘
11:09:30	5.88	--	31	18228	卖盘
11:09:15	5.88	-0.01	100	58800	卖盘
11:09:09	5.89	0.01	40	23560	买盘
11:09:06	5.88	-0.01	8	4704	卖盘
11:09:00	5.89	--	60	35340	买盘
11:08:57	5.89	--	365	214985	买盘
11:08:48	5.89	--	55	32395	买盘
11:08:27	5.89	--	12	7068	买盘
11:07:45	5.89	0.01	4	2356	买盘
11:07:36	5.88	--	24	14112	卖盘
11:07:21	5.88	--	16	9408	卖盘
11:06:54	5.88	--	66	38808	卖盘
11:06:21	5.88	--	10	5880	卖盘
11:06:09	5.88	-0.01	29	17052	卖盘
11:06:03	5.89	0.01	300	176700	买盘
11:05:54	5.88	-0.01	20	11760	卖盘
11:05:48	5.89	0.01	25	14725	买盘
11:05:42	5.88	--	3	1764	卖盘
11:05:39	5.88	--	20	11760	卖盘
11:05:21	5.88	--	9	5292	卖盘
11:04:45	5.88	--	5	2940	卖盘
11:04:36	5.88	-0.01	9	5292	卖盘
11:04:30	5.89	0.01	171	100719	买盘
11:04:15	5.88	-0.01	39	22932	卖盘
11:04:12	5.89	--	4	2356	买盘
11:03:51	5.89	0.01	281	165509	买盘
11:03:42	5.88	--	20	11760	卖盘
11:03:39	5.88	--	50	29400	卖盘
11:03:27	5.88	--	53	31164	卖盘
11:03:24	5.88	-0.01	10	5880	卖盘
11:03:06	5.89	0.01	4	2356	买盘
11:03:00	5.88	--	12	7056	卖盘
11:02:54	5.88	--	25	14700	卖盘
11:02:51	5.88	--	1	588	卖盘
11:02:45	5.88	--	1	588	卖盘
11:02:42	5.88	--	49	28812	卖盘
11:02:33	5.88	--	1	588	卖盘
11:02:21	5.88	--	20	11760	卖盘
11:02:06	5.88	--	105	62039	买盘
11:01:57	5.88	--	10	5880	买盘
11:01:48	5.88	0.01	2	1176	买盘
11:01:45	5.87	-0.01	1	587	卖盘
11:01:39	5.88	--	130	76440	买盘
11:01:15	5.88	--	2	1176	买盘
11:01:06	5.88	0.01	13	7644	买盘
11:01:03	5.87	-0.01	76	44612	卖盘
11:01:00	5.88	--	14	8520	卖盘
11:00:51	5.88	--	48	28523	买盘
11:00:48	5.88	--	29	17052	买盘
11:00:30	5.88	0.01	10	5880	买盘
11:00:18	5.87	-0.01	348	204276	卖盘
11:00:09	5.88	--	110	64680	买盘
11:00:00	5.88	0.01	30	17640	买盘
10:59:36	5.87	--	7	4109	卖盘
10:59:18	5.87	--	105	61635	卖盘
10:59:12	5.87	-0.01	25	14675	卖盘
10:59:09	5.88	0.01	22	12936	买盘
10:59:06	5.87	--	94	55178	卖盘
10:58:54	5.87	-0.01	25	14675	卖盘
10:58:39	5.88	--	20	11760	买盘
10:58:21	5.88	--	43	25284	买盘
10:58:12	5.88	--	20	11760	买盘
10:58:06	5.88	--	19	11172	买盘
10:58:00	5.88	--	1159	681492	买盘
10:57:21	5.88	--	10	5880	买盘
10:57:15	5.88	--	16	9408	买盘
10:57:03	5.88	0.01	22	12936	买盘
10:56:42	5.87	--	30	17610	卖盘
10:56:24	5.87	-0.01	283	166121	卖盘
10:56:21	5.88	--	10	5880	买盘
10:55:51	5.88	0.01	10	5880	买盘
10:55:48	5.87	--	10	5870	卖盘
10:55:42	5.87	--	5	2935	卖盘
10:55:24	5.87	-0.01	9	5283	卖盘
10:55:09	5.88	--	20	11760	买盘
10:55:03	5.88	0.01	23	13524	买盘
10:54:57	5.87	--	21	12327	卖盘
10:54:42	5.87	--	7	4109	卖盘
10:53:51	5.87	-0.01	21	12327	卖盘
10:53:42	5.88	0.01	10	5880	买盘
10:53:39	5.87	-0.01	11	6457	卖盘
10:53:36	5.88	0.01	102	59976	买盘
10:53:21	5.87	--	10	5870	卖盘
10:53:09	5.87	--	1457	855259	买盘
10:53:03	5.87	0.01	50	29350	买盘
10:52:51	5.86	-0.01	3	1758	卖盘
10:52:48	5.87	0.01	30	17610	买盘
10:52:45	5.86	--	10	5860	卖盘
10:52:36	5.86	--	7	4102	卖盘
10:52:09	5.86	-0.01	40	23440	卖盘
10:52:06	5.87	0.01	2	1174	买盘
10:52:00	5.86	--	10	5860	卖盘
10:51:21	5.86	--	10	5860	卖盘
10:51:03	5.86	--	11	6446	卖盘
10:51:00	5.86	--	25	14650	卖盘
10:50:54	5.86	--	2	1172	卖盘
10:50:48	5.86	-0.01	20	11720	卖盘
10:50:45	5.87	--	121	71027	买盘
10:50:39	5.87	--	2	1174	买盘
10:50:36	5.87	--	10	5870	买盘
10:50:30	5.87	--	10	5870	买盘
10:50:27	5.87	--	2	1174	买盘
10:50:24	5.87	--	3	1761	买盘
10:50:18	5.87	--	1	587	买盘
10:50:03	5.87	0.01	2	1174	买盘
10:49:57	5.86	--	10	5860	卖盘
10:49:51	5.86	-0.01	17	9962	卖盘
10:49:39	5.87	--	112	65744	买盘
10:49:36	5.87	--	3	1761	买盘
10:49:33	5.87	--	2	1174	买盘
10:49:27	5.87	0.01	20	11740	买盘
10:49:09	5.86	--	15	8790	卖盘
10:49:06	5.86	-0.01	2	1172	卖盘
10:49:03	5.87	0.01	2	1174	买盘
10:48:57	5.86	-0.01	3	1758	卖盘
10:48:54	5.87	--	115	67505	买盘
10:48:48	5.87	0.01	30	17610	中性盘
10:48:36	5.86	-0.02	400	234400	卖盘
10:48:33	5.88	0.01	1	588	买盘
10:48:27	5.87	0.01	3	1761	中性盘
10:48:18	5.86	-0.01	400	234400	卖盘
10:48:15	5.87	-0.01	3	1761	卖盘
10:48:03	5.88	--	2	1176	买盘
10:47:36	5.88	--	22	12936	买盘
10:47:33	5.88	0.01	1	588	买盘
10:47:18	5.87	--	20	11740	卖盘
10:47:09	5.87	-0.01	1	587	卖盘
10:47:03	5.88	0.01	2	1176	买盘
10:46:57	5.87	-0.01	3	1761	卖盘
10:46:51	5.88	0.01	20	11760	买盘
10:46:48	5.87	--	22	12914	卖盘
10:46:42	5.87	-0.01	1	587	卖盘
10:46:33	5.88	0.01	2	1176	买盘
10:46:30	5.87	--	10	5870	卖盘
10:46:18	5.87	--	33	19371	卖盘
10:46:09	5.87	--	50	29350	卖盘
10:46:06	5.87	-0.01	11	6457	卖盘
10:46:03	5.88	0.01	2	1176	买盘
10:45:54	5.87	--	139	81593	卖盘
10:45:51	5.87	--	14	8218	卖盘
10:45:33	5.87	-0.01	40	23480	卖盘
10:45:30	5.88	--	2	1176	买盘
10:45:27	5.88	--	10	5880	买盘
10:45:06	5.88	0.01	2	1176	买盘
10:45:03	5.87	--	1	587	卖盘
10:44:45	5.87	--	101	59287	卖盘
10:44:33	5.87	-0.01	7	4109	卖盘
10:44:30	5.88	--	2	1176	买盘
10:44:27	5.88	0.02	2	1176	买盘
10:44:12	5.86	-0.01	810	474660	卖盘
10:44:06	5.87	-0.01	40	23480	卖盘
10:44:03	5.88	0.01	2	1176	买盘
10:44:00	5.87	0.01	8	4696	中性盘
10:43:36	5.86	-0.02	21	12306	卖盘
10:43:27	5.88	0.02	2	1176	买盘
10:43:15	5.86	-0.01	30	17580	卖盘
10:43:12	5.87	--	225	132075	买盘
10:43:06	5.87	--	2	1174	买盘
10:43:03	5.87	--	100	58700	买盘
10:42:51	5.87	--	20	11740	买盘
10:42:45	5.87	0.01	70	41090	买盘
10:42:36	5.86	-0.01	7	4102	卖盘
10:42:33	5.87	0.01	2	1174	买盘
10:42:15	5.86	-0.01	2	1172	卖盘
10:42:09	5.87	--	20	11740	买盘
10:42:06	5.87	--	2	1174	买盘
10:42:00	5.87	-0.01	46	27002	卖盘
10:41:57	5.88	0.02	10	5880	买盘
10:41:39	5.86	-0.02	30	17580	卖盘
10:41:36	5.88	0.01	2	1176	买盘
10:41:30	5.87	--	18	10566	买盘
10:41:27	5.87	--	27	15849	买盘
10:41:24	5.87	--	45	26415	卖盘
10:41:18	5.87	--	15	8805	卖盘
10:41:12	5.87	--	29	17023	买盘
10:41:09	5.87	--	174	102138	买盘
10:41:06	5.87	--	2	1174	买盘
10:41:03	5.87	--	451	264737	卖盘
10:40:39	5.87	--	50	29350	卖盘
10:40:30	5.87	-0.01	133	78071	卖盘
10:40:24	5.88	0.01	20	11760	买盘
10:40:18	5.87	--	30	17610	卖盘
10:40:15	5.87	--	31	18197	卖盘
10:40:09	5.87	--	59	34633	卖盘
10:40:06	5.87	--	467	274129	卖盘
10:40:00	5.87	-0.01	581	341047	卖盘
10:39:51	5.88	--	1	588	买盘
10:39:45	5.88	--	15	8820	买盘
10:39:42	5.88	0.01	51	29988	买盘
10:39:33	5.87	-0.01	20	11740	卖盘
10:39:30	5.88	--	35	20580	买盘
10:39:27	5.88	--	10	5880	买盘
10:39:24	5.88	--	50	29400	买盘
10:39:18	5.88	0.01	60	35280	买盘
10:39:15	5.87	-0.01	50	29350	卖盘
10:39:12	5.88	0.01	10	5880	买盘
10:39:09	5.87	--	20	11740	卖盘
10:39:06	5.87	-0.01	95	55765	卖盘
10:38:54	5.88	0.01	8	4704	买盘
10:38:48	5.87	--	3	1761	卖盘
10:38:45	5.87	--	16	9392	卖盘
10:38:42	5.87	--	15	8805	卖盘
10:38:36	5.87	--	33	19371	卖盘
10:38:21	5.87	-0.01	15	8805	卖盘
10:38:18	5.88	0.01	65	38220	买盘
10:37:57	5.87	-0.01	6	3522	卖盘
10:37:51	5.88	0.01	3	1764	买盘
10:37:42	5.87	--	4	2348	卖盘
10:37:30	5.87	--	6	3522	卖盘
10:37:27	5.87	-0.01	113	66331	卖盘
10:37:12	5.88	--	39	23220	卖盘
10:37:06	5.88	--	20	11760	卖盘
10:37:00	5.88	--	396	233147	买盘
10:36:54	5.88	0.01	5	2940	买盘
10:36:45	5.87	--	40	23480	卖盘
10:36:39	5.87	--	206	120922	卖盘
10:36:36	5.87	-0.01	120	70440	卖盘
10:36:30	5.88	0.01	142	83496	买盘
10:36:27	5.87	--	200	117400	卖盘
10:36:15	5.87	--	18	10566	卖盘
10:36:09	5.87	--	252	147924	卖盘
10:36:03	5.87	--	5	2935	卖盘
10:36:00	5.87	--	100	58700	卖盘
10:35:57	5.87	--	16	9392	卖盘
10:35:48	5.87	-0.01	1	587	卖盘
10:35:45	5.88	--	6	3528	买盘
10:35:42	5.88	--	3	1764	买盘
10:35:39	5.88	0.01	308	181104	买盘
10:35:27	5.87	--	25	14675	卖盘
10:35:24	5.87	-0.01	232	136184	卖盘
10:35:15	5.88	--	6	3528	买盘
10:35:12	5.88	0.01	3	1764	买盘
10:35:09	5.87	-0.01	100	58700	卖盘
10:35:03	5.88	0.01	30	17640	买盘
10:34:54	5.87	-0.01	7	4109	卖盘
10:34:45	5.88	--	6	3528	买盘
10:34:42	5.88	--	3	1764	买盘
10:34:39	5.88	--	29	17052	买盘
10:34:36	5.88	0.01	2	1176	买盘
10:34:27	5.87	--	40	23480	卖盘
10:34:24	5.87	--	50	29350	卖盘
10:34:21	5.87	-0.01	288	169056	卖盘
10:34:12	5.88	--	14	8232	买盘
10:34:03	5.88	-0.01	1399	822612	卖盘
10:34:00	5.89	0.01	200	117800	买盘
10:33:57	5.88	-0.01	8	4704	卖盘
10:33:51	5.89	0.01	10	5890	买盘
10:33:48	5.88	--	14	8232	卖盘
10:33:45	5.88	--	150	88200	卖盘
10:33:39	5.88	--	64	37632	卖盘
10:33:36	5.88	--	14	8232	卖盘
10:33:30	5.88	--	7	4116	卖盘
10:33:24	5.88	--	11	6468	卖盘
10:33:21	5.88	--	10	5880	卖盘
10:33:12	5.88	--	8	4704	卖盘
10:33:09	5.88	--	10	5880	卖盘
10:33:03	5.88	--	403	236964	卖盘
10:32:54	5.88	-0.01	36	21168	卖盘
10:32:51	5.89	0.01	15	8835	买盘
10:32:42	5.88	-0.01	28	16464	卖盘
10:32:39	5.89	0.01	258	151962	买盘
10:32:21	5.88	--	21	12348	卖盘
10:32:03	5.88	-0.01	11	6468	卖盘
10:31:51	5.89	--	2	1178	买盘
10:31:48	5.89	--	14	8246	买盘
10:31:42	5.89	0.01	55	32395	买盘
10:31:39	5.88	-0.01	168	98784	卖盘
10:31:36	5.89	--	10	5890	买盘
10:31:33	5.89	--	14	8246	买盘
10:31:21	5.89	--	26	15314	买盘
10:31:09	5.89	--	17	10013	买盘
10:31:06	5.89	--	13	7657	卖盘
10:31:03	5.89	--	2	1178	卖盘
10:31:00	5.89	--	45	26505	买盘
10:30:51	5.89	0.01	44	25916	买盘
10:30:48	5.88	--	60	35280	卖盘
10:30:45	5.88	-0.01	7	4116	卖盘
10:30:42	5.89	--	10	5890	买盘
10:30:36	5.89	--	40	23560	买盘
10:30:27	5.89	--	21	12369	买盘
10:30:21	5.89	0.01	20	11780	买盘
10:30:15	5.88	-0.01	82	48216	卖盘
10:30:09	5.89	0.01	10	5890	买盘
10:29:54	5.88	-0.01	15	8820	卖盘
10:29:51	5.89	--	1103	649667	买盘
10:29:48	5.89	--	100	58900	买盘
10:29:45	5.89	--	20	11780	买盘
10:29:36	5.89	--	18	10602	买盘
10:29:33	5.89	--	6	3534	买盘
10:29:30	5.89	--	21	12369	买盘
10:29:18	5.89	--	1002	590178	买盘
10:28:45	5.89	0.01	6	3534	买盘
10:28:36	5.88	-0.01	16	9408	卖盘
10:28:21	5.89	0.01	1	589	买盘
10:28:12	5.88	-0.01	130	76440	卖盘
10:28:03	5.89	--	12	7068	买盘
10:28:00	5.89	0.01	20	11780	买盘
10:27:54	5.88	--	13	7644	卖盘
10:27:51	5.88	--	10	5880	卖盘
10:27:42	5.88	-0.01	57	33516	卖盘
10:27:39	5.89	--	1	589	买盘
10:27:27	5.89	--	10	5890	买盘
10:27:21	5.89	0.01	10	5890	买盘
10:26:57	5.88	-0.01	40	23520	卖盘
10:26:36	5.89	0.01	29	17081	买盘
10:26:03	5.88	--	23	13524	卖盘
10:26:00	5.88	--	5	2940	卖盘
10:25:57	5.88	--	10	5880	买盘
10:25:54	5.88	--	5	2940	卖盘
10:25:42	5.88	--	30	17640	卖盘
10:25:39	5.88	--	3	1764	卖盘
10:25:36	5.88	--	962	565656	买盘
10:25:33	5.88	0.01	17	9996	买盘
10:25:27	5.87	-0.01	55	32285	卖盘
10:25:21	5.88	0.01	100	58800	买盘
10:25:18	5.87	-0.01	14	8218	卖盘
10:25:12	5.88	--	2	1176	买盘
10:25:06	5.88	--	22	12936	买盘
10:25:03	5.88	--	22	12936	买盘
10:25:00	5.88	--	38	22344	买盘
10:24:57	5.88	--	40	23520	买盘
10:24:45	5.88	--	113	66444	买盘
10:24:42	5.88	--	36	21168	买盘
10:24:39	5.88	--	2	1176	买盘
10:24:36	5.88	--	3	1764	买盘
10:24:30	5.88	--	379	222852	卖盘
10:24:21	5.88	--	2	1176	卖盘
10:24:12	5.88	--	4	2352	买盘
10:24:00	5.88	--	2	1176	买盘
10:23:57	5.88	--	194	114072	卖盘
10:23:54	5.88	-0.01	30	17640	卖盘
10:23:51	5.89	0.01	17	10013	买盘
10:23:48	5.88	-0.01	10	5880	卖盘
10:23:30	5.89	--	60	35340	买盘
10:23:12	5.89	0.01	9	5301	买盘
10:23:03	5.88	--	20	11760	卖盘
10:22:54	5.88	--	3	1764	卖盘
10:22:51	5.88	--	22	12936	卖盘
10:22:39	5.88	--	6	3528	卖盘
10:22:36	5.88	--	12	7056	卖盘
10:22:15	5.88	--	8	4704	卖盘
10:21:57	5.88	--	10	5880	卖盘
10:21:54	5.88	--	56	32928	卖盘
10:21:42	5.88	--	2	1176	卖盘
10:21:39	5.88	--	1	588	卖盘
10:21:36	5.88	--	2	1176	卖盘
10:21:21	5.88	--	414	243432	买盘
10:21:18	5.88	--	75	44100	买盘
10:21:15	5.88	--	113	66444	买盘
10:21:12	5.88	0.01	64	37632	买盘
10:21:09	5.87	-0.01	2	1174	卖盘
10:21:06	5.88	--	7	4116	买盘
10:21:03	5.88	--	96	56448	买盘
10:21:00	5.88	--	107	62916	买盘
10:20:57	5.88	--	58	34104	买盘
10:20:54	5.88	--	186	109368	买盘
10:20:51	5.88	--	16	9408	买盘
10:20:45	5.88	--	1	588	买盘
10:20:42	5.88	--	1	588	买盘
10:20:39	5.88	--	56	32928	买盘
10:20:33	5.88	--	1	588	买盘
10:20:09	5.88	0.01	2	1176	买盘
10:20:06	5.87	--	10	5870	卖盘
10:20:00	5.87	--	3	1761	卖盘
10:19:48	5.87	--	50	29350	卖盘
10:19:45	5.87	--	20	11740	卖盘
10:19:33	5.87	-0.01	6	3522	卖盘
10:19:27	5.88	0.01	7	4116	买盘
10:19:24	5.87	-0.01	15	8805	卖盘
10:19:18	5.88	--	34	19992	买盘
10:19:09	5.88	--	16	9408	买盘
10:19:03	5.88	--	2279	1340052	卖盘
10:18:57	5.88	--	33	19404	卖盘
10:18:48	5.88	--	58	34104	卖盘
10:18:36	5.88	--	1	588	卖盘
10:18:30	5.88	-0.01	12	7056	卖盘
10:18:15	5.89	--	5	2945	买盘
10:18:12	5.89	--	53	31217	买盘
10:18:09	5.89	0.01	34	20026	买盘
10:18:06	5.88	-0.01	35	20580	卖盘
10:18:03	5.89	0.01	2	1178	买盘
10:18:00	5.88	--	64	37632	卖盘
10:17:51	5.88	--	6	3528	卖盘
10:17:48	5.88	--	21	12348	卖盘
10:17:33	5.88	--	218	128184	卖盘
10:17:12	5.88	-0.01	442	259896	卖盘
10:17:09	5.89	0.01	5	2945	买盘
10:17:00	5.88	--	20	11760	卖盘
10:16:54	5.88	-0.01	34	19992	卖盘
10:16:21	5.89	--	3	1767	买盘
10:15:57	5.89	0.01	2	1178	买盘
10:15:42	5.88	--	2	1176	卖盘
10:15:36	5.88	-0.01	10	5880	卖盘
10:15:33	5.89	--	3	1767	买盘
10:15:30	5.89	0.01	1	589	买盘
10:15:18	5.88	--	6	3528	卖盘
10:15:15	5.88	--	540	317520	卖盘
10:15:12	5.88	--	9	5292	卖盘
10:15:09	5.88	--	30	17640	卖盘
10:14:54	5.88	-0.01	12	7056	卖盘
10:14:45	5.89	--	21	12369	买盘
10:14:42	5.89	0.01	41	24149	买盘
10:14:36	5.88	--	10	5880	卖盘
10:14:33	5.88	-0.01	20	11760	卖盘
10:14:24	5.89	0.01	3	1767	买盘
10:14:15	5.88	--	3	1764	卖盘
10:14:12	5.88	--	30	17640	卖盘
10:14:09	5.88	-0.01	5	2940	卖盘
10:14:03	5.89	0.01	50	29450	买盘
10:13:54	5.88	-0.01	31	18228	卖盘
10:13:51	5.89	0.01	35	20615	买盘
10:13:42	5.88	-0.01	30	17640	卖盘
10:13:30	5.89	0.01	144	84816	买盘
10:13:21	5.88	-0.01	15	8820	卖盘
10:13:06	5.89	--	9	5301	买盘
10:12:51	5.89	--	371	218519	买盘
10:12:45	5.89	0.01	3	1767	买盘
10:12:42	5.88	--	161	94668	卖盘
10:12:39	5.88	--	32	18816	卖盘
10:12:27	5.88	--	41	24108	卖盘
10:12:18	5.88	--	30	17640	卖盘
10:12:12	5.88	--	126	74088	卖盘
10:12:06	5.88	--	62	36456	卖盘
10:12:00	5.88	--	55	32340	卖盘
10:11:57	5.88	--	30	17640	卖盘
10:11:45	5.88	--	10	5880	卖盘
10:11:42	5.88	-0.01	69	40572	卖盘
10:11:36	5.89	--	53	31217	买盘
10:11:33	5.89	--	90	53010	买盘
10:11:30	5.89	--	47	27683	买盘
10:11:18	5.89	0.01	17	10013	买盘
10:11:15	5.88	--	15	8820	卖盘
10:11:12	5.88	-0.01	2	1176	卖盘
10:11:09	5.89	0.01	11	6479	买盘
10:11:00	5.88	--	1	588	卖盘
10:10:51	5.88	--	20	11760	卖盘
10:10:33	5.88	--	2	1176	卖盘
10:10:30	5.88	-0.01	6	3528	卖盘
10:10:27	5.89	--	1	589	买盘
10:10:21	5.89	0.01	67	39463	中性盘
10:10:09	5.88	-0.01	350	205800	卖盘
10:10:06	5.89	--	53	31217	卖盘
10:10:00	5.89	--	20	11780	卖盘
10:09:57	5.89	--	15	8835	卖盘
10:09:51	5.89	--	15	8835	卖盘
10:09:48	5.89	--	23	13547	卖盘
10:09:42	5.89	--	13	7657	卖盘
10:09:39	5.89	--	223	131347	买盘
10:09:33	5.89	--	51	30039	买盘
10:09:30	5.89	--	598	352222	买盘
10:09:24	5.89	--	10	5890	买盘
10:09:21	5.89	--	3	1767	买盘
10:09:15	5.89	--	41	24149	买盘
10:09:03	5.89	--	20	11780	买盘
10:08:57	5.89	--	90	53010	买盘
10:08:54	5.89	--	20	11780	买盘
10:08:51	5.89	--	20	11780	买盘
10:08:39	5.89	--	20	11780	买盘
10:08:30	5.89	--	4	2356	买盘
10:08:18	5.89	--	10	5890	买盘
10:08:09	5.89	--	45	26505	买盘
10:08:06	5.89	--	39	22971	买盘
10:08:00	5.89	--	280	164920	买盘
10:07:54	5.89	0.01	6	3534	买盘
10:07:51	5.88	--	5	2940	卖盘
10:07:42	5.88	-0.01	2	1176	卖盘
10:07:36	5.89	--	22	12958	买盘
10:07:30	5.89	--	120	70680	买盘
10:07:27	5.89	0.01	10	5890	买盘
10:07:21	5.88	-0.01	2	1176	卖盘
10:07:12	5.89	--	39	22971	买盘
10:07:09	5.89	0.01	1	589	买盘
10:07:06	5.88	-0.01	56	32928	卖盘
10:07:00	5.89	0.01	64	37696	买盘
10:06:57	5.88	-0.01	3	1764	卖盘
10:06:45	5.89	--	20	11780	买盘
10:06:42	5.89	0.01	25	14725	买盘
10:06:30	5.88	-0.01	18	10584	卖盘
10:06:24	5.89	--	20	11780	买盘
10:06:15	5.89	0.01	6	3534	买盘
10:06:12	5.88	-0.01	101	59388	卖盘
10:06:06	5.89	0.01	1	589	买盘
10:06:03	5.88	--	6	3528	卖盘
10:06:00	5.88	--	200	117600	卖盘
10:05:51	5.88	--	85	49980	卖盘
10:05:42	5.88	--	1	588	卖盘
10:05:33	5.88	-0.01	3	1764	卖盘
10:05:30	5.89	--	151	88939	买盘
10:05:18	5.89	--	328	193192	买盘
10:05:12	5.89	0.01	56	32984	买盘
10:05:06	5.88	--	2	1176	卖盘
10:05:00	5.88	--	31	18228	卖盘
10:04:48	5.88	-0.01	38	22344	卖盘
10:04:27	5.89	0.01	10	5890	买盘
10:04:24	5.88	--	20	11760	卖盘
10:04:21	5.88	--	19	11172	卖盘
10:04:09	5.88	--	3	1764	卖盘
10:04:06	5.88	--	11	6468	卖盘
10:04:03	5.88	--	9	5292	卖盘
10:03:51	5.88	--	107	62916	卖盘
10:03:39	5.88	--	14	8232	卖盘
10:03:24	5.88	-0.01	45	26460	卖盘
10:03:18	5.89	0.01	237	139593	买盘
10:03:12	5.88	--	61	35868	买盘
10:03:09	5.88	--	12	7056	买盘
10:03:06	5.88	-0.01	63	37044	卖盘
10:03:00	5.89	0.01	100	58900	买盘
10:02:51	5.88	--	92	54096	卖盘
10:02:42	5.88	--	25	14700	卖盘
10:02:30	5.88	--	10	5880	卖盘
10:02:24	5.88	--	33	19404	卖盘
10:02:21	5.88	--	136	79968	卖盘
10:02:18	5.88	--	5	2940	卖盘
10:02:09	5.88	--	3	1764	卖盘
10:02:06	5.88	--	42	24696	卖盘
10:01:48	5.88	-0.01	370	217560	卖盘
10:01:45	5.89	0.01	1	589	买盘
10:01:42	5.88	--	100	58800	卖盘
10:01:15	5.88	--	10	5880	卖盘
10:01:09	5.88	-0.01	95	55860	卖盘
10:01:00	5.89	0.01	10	5890	买盘
10:00:48	5.88	--	162	95256	卖盘
10:00:45	5.88	--	20	11760	卖盘
10:00:00	5.88	-0.01	81	47628	卖盘
09:59:57	5.89	0.01	23	13547	买盘
09:59:51	5.88	-0.01	25	14700	卖盘
09:59:42	5.89	--	93	54777	买盘
09:59:39	5.89	--	200	117800	买盘
09:59:27	5.89	--	160	94240	买盘
09:59:24	5.89	--	13	7657	买盘
09:59:15	5.89	0.01	10	5890	买盘
09:59:12	5.88	--	19	11172	卖盘
09:59:09	5.88	--	4	2352	卖盘
09:59:06	5.88	--	3	1764	卖盘
09:58:54	5.88	--	25	14700	卖盘
09:58:45	5.88	--	50	29400	卖盘
09:58:39	5.88	--	19	11172	卖盘
09:58:27	5.88	--	180	105840	卖盘
09:58:18	5.88	-0.01	50	29400	卖盘
09:58:15	5.89	0.01	5	2945	买盘
09:58:12	5.88	--	50	29400	卖盘
09:58:09	5.88	--	5	2940	卖盘
09:57:57	5.88	--	65	38220	卖盘
09:57:54	5.88	--	5	2940	卖盘
09:57:51	5.88	--	5	2940	卖盘
09:57:48	5.88	0.01	8	4704	中性盘
09:57:42	5.87	-0.01	143	83941	卖盘
09:57:39	5.88	--	84	49392	买盘
09:57:33	5.88	--	21	12348	买盘
09:57:30	5.88	--	20	11760	买盘
09:57:21	5.88	0.01	60	35280	买盘
09:57:18	5.87	--	79	46373	卖盘
09:57:15	5.87	--	66	38742	卖盘
09:57:12	5.87	--	7	4109	卖盘
09:57:00	5.87	--	8	4696	卖盘
09:56:57	5.87	-0.01	6	3522	卖盘
09:56:54	5.88	0.01	54	31752	买盘
09:56:51	5.87	-0.01	15	8805	卖盘
09:56:45	5.88	0.01	60	35280	买盘
09:56:42	5.87	-0.01	60	35220	卖盘
09:56:39	5.88	0.01	300	176400	买盘
09:56:30	5.87	--	204	119748	卖盘
09:56:27	5.87	-0.01	5	2935	卖盘
09:56:24	5.88	0.01	20	11760	买盘
09:56:21	5.87	-0.01	187	109769	卖盘
09:56:18	5.88	--	24	14112	买盘
09:56:15	5.88	0.01	20	11760	买盘
09:56:12	5.87	--	20	11740	卖盘
09:56:03	5.87	-0.01	1	587	卖盘
09:56:00	5.88	--	20	11760	买盘
09:55:48	5.88	--	2	1176	买盘
09:55:39	5.88	0.01	22	12936	中性盘
09:55:36	5.87	-0.01	482	282934	卖盘
09:55:33	5.88	-0.01	54	31752	卖盘
09:55:27	5.89	0.01	36	21204	买盘
09:55:15	5.88	--	61	35868	卖盘
09:55:12	5.88	--	40	23520	卖盘
09:55:09	5.88	--	4	2352	卖盘
09:55:03	5.88	--	11	6468	卖盘
09:55:00	5.88	--	15	8820	卖盘
09:54:57	5.88	--	35	20580	卖盘
09:54:51	5.88	--	83	48804	卖盘
09:54:45	5.88	--	116	68208	卖盘
09:54:42	5.88	--	45	26460	卖盘
09:54:39	5.88	--	2	1176	卖盘
09:54:36	5.88	--	76	44688	卖盘
09:54:33	5.88	-0.01	10	5880	卖盘
09:54:24	5.89	0.01	54	31806	买盘
09:54:21	5.88	-0.01	20	11760	卖盘
09:54:18	5.89	0.01	102	60078	买盘
09:54:15	5.88	--	70	41160	卖盘
09:54:00	5.88	--	10	5880	卖盘
09:53:51	5.88	-0.01	12	7056	卖盘
09:53:33	5.89	--	110	64790	买盘
09:53:30	5.89	-0.01	98	57722	卖盘
09:53:27	5.9	0.01	209	123310	买盘
09:53:21	5.89	--	389	229121	卖盘
09:53:18	5.89	--	8	4712	卖盘
09:53:12	5.89	--	100	58900	卖盘
09:53:06	5.89	--	1	589	卖盘
09:53:03	5.89	--	179	105431	卖盘
09:53:00	5.89	--	4	2356	卖盘
09:52:54	5.89	-0.01	53	31217	卖盘
09:52:51	5.9	0.01	133	78470	买盘
09:52:48	5.89	--	182	107198	卖盘
09:52:45	5.89	--	14	8246	卖盘
09:52:42	5.89	--	15	8835	卖盘
09:52:33	5.89	--	20	11780	卖盘
09:52:27	5.89	--	200	117800	卖盘
09:52:21	5.89	--	37	21793	卖盘
09:52:15	5.89	-0.01	20	11780	卖盘
09:52:09	5.9	0.01	85	50150	买盘
09:52:03	5.89	--	76	44764	卖盘
09:51:57	5.89	-0.01	30	17670	卖盘
09:51:54	5.9	0.01	1	590	买盘
09:51:51	5.89	--	9	5301	卖盘
09:51:48	5.89	--	6	3534	卖盘
09:51:42	5.89	--	1	589	卖盘
09:51:39	5.89	--	5	2945	卖盘
09:51:30	5.89	--	10	5890	卖盘
09:51:21	5.89	-0.01	43	25327	卖盘
09:51:09	5.9	0.01	22	12980	买盘
09:51:03	5.89	--	43	25327	卖盘
09:50:57	5.89	-0.01	2	1178	卖盘
09:50:51	5.9	0.01	2	1180	买盘
09:50:45	5.89	-0.01	30	17670	卖盘
09:50:42	5.9	--	2	1180	买盘
09:50:39	5.9	0.01	12	7080	买盘
09:50:36	5.89	--	262	154318	卖盘
09:50:33	5.89	-0.01	6	3534	卖盘
09:50:21	5.9	0.01	2	1180	买盘
09:50:18	5.89	--	56	32984	卖盘
09:50:09	5.89	-0.01	1	589	卖盘
09:50:06	5.9	0.01	30	17700	买盘
09:50:03	5.89	-0.01	410	241490	卖盘
09:49:51	5.9	--	62	36580	买盘
09:49:33	5.9	--	10	5900	买盘
09:49:30	5.9	--	14	8260	买盘
09:49:24	5.9	--	120	70800	买盘
09:49:18	5.9	0.01	61	35990	买盘
09:49:15	5.89	-0.01	2	1178	卖盘
09:49:00	5.9	0.01	200	118000	买盘
09:48:57	5.89	--	21	12369	卖盘
09:48:54	5.89	-0.01	1	589	卖盘
09:48:45	5.9	--	6	3540	买盘
09:48:39	5.9	--	15	8850	买盘
09:48:30	5.9	--	110	64900	买盘
09:48:27	5.9	0.01	10	5900	买盘
09:48:24	5.89	--	9	5301	卖盘
09:48:21	5.89	--	159	93651	卖盘
09:48:18	5.89	--	12	7068	卖盘
09:47:51	5.89	-0.01	21	12369	卖盘
09:47:42	5.9	--	5	2950	买盘
09:47:39	5.9	0.01	9	5310	买盘
09:47:15	5.89	-0.01	12	7068	卖盘
09:47:06	5.9	0.01	12	7080	买盘
09:47:03	5.89	--	20	11780	卖盘
09:46:54	5.89	-0.01	36	21204	卖盘
09:46:48	5.9	0.01	58	34220	买盘
09:46:45	5.89	--	83	48887	卖盘
09:46:42	5.89	-0.01	45	26505	卖盘
09:46:39	5.9	--	35	20650	买盘
09:46:30	5.9	0.01	51	30090	买盘
09:46:21	5.89	-0.01	47	27683	卖盘
09:46:18	5.9	0.01	40	23600	买盘
09:46:15	5.89	-0.01	83	48887	卖盘
09:46:06	5.9	0.01	15	8850	买盘
09:46:00	5.89	--	5	2945	卖盘
09:45:54	5.89	-0.01	2	1178	卖盘
09:45:48	5.9	--	270	159300	买盘
09:45:45	5.9	--	10	5900	买盘
09:45:36	5.9	--	1	590	买盘
09:45:24	5.9	--	4	2360	买盘
09:45:18	5.9	--	83	48970	买盘
09:45:12	5.9	--	36	21240	买盘
09:45:09	5.9	--	31	18290	买盘
09:45:06	5.9	--	60	35400	买盘
09:44:51	5.9	--	34	20060	买盘
09:44:45	5.9	--	5	2950	买盘
09:44:42	5.9	--	9	5310	买盘
09:44:39	5.9	--	7	4130	买盘
09:44:18	5.9	--	15	8850	买盘
09:44:15	5.9	0.01	121	71390	买盘
09:44:12	5.89	-0.01	74	43586	卖盘
09:44:06	5.9	0.01	50	29500	买盘
09:44:03	5.89	-0.01	1	589	卖盘
09:44:00	5.9	--	346	204140	买盘
09:43:54	5.9	--	23	13570	买盘
09:43:51	5.9	0.01	51	30090	买盘
09:43:48	5.89	--	60	35340	卖盘
09:43:39	5.89	-0.01	74	43586	卖盘
09:43:36	5.9	--	10	5900	买盘
09:43:33	5.9	--	1	590	买盘
09:43:27	5.9	--	20	11800	买盘
09:43:18	5.9	--	13	7670	买盘
09:43:15	5.9	0.01	33	19470	买盘
09:43:12	5.89	-0.01	100	58900	卖盘
09:43:06	5.9	--	2	1180	买盘
09:43:03	5.9	--	44	25960	买盘
09:43:00	5.9	0.01	4	2360	买盘
09:42:54	5.89	--	3	1767	卖盘
09:42:51	5.89	--	61	35929	卖盘
09:42:39	5.89	--	22	12958	卖盘
09:42:33	5.89	--	20	11780	卖盘
09:42:27	5.89	--	37	21793	卖盘
09:42:21	5.89	--	224	131936	卖盘
09:42:12	5.89	--	10	5890	卖盘
09:42:09	5.89	--	100	58900	卖盘
09:42:06	5.89	--	20	11780	卖盘
09:41:57	5.89	--	126	74214	卖盘
09:41:54	5.89	--	17	10013	卖盘
09:41:51	5.89	--	92	54188	卖盘
09:41:48	5.89	--	30	17670	卖盘
09:41:39	5.89	--	65	38285	卖盘
09:41:33	5.89	--	12	7068	卖盘
09:41:27	5.89	-0.01	8	4712	卖盘
09:41:24	5.9	0.01	288	169920	买盘
09:41:18	5.89	-0.01	66	38874	卖盘
09:41:06	5.9	--	2	1180	买盘
09:41:03	5.9	--	10	5900	买盘
09:41:00	5.9	--	10	5900	买盘
09:40:57	5.9	0.01	7	4130	买盘
09:40:51	5.89	-0.01	29	17081	卖盘
09:40:42	5.9	--	6	3540	买盘
09:40:36	5.9	--	52	30680	买盘
09:40:33	5.9	--	2	1180	买盘
09:40:27	5.9	--	56	33040	买盘
09:40:21	5.9	--	26	15340	买盘
09:40:12	5.9	--	100	59000	买盘
09:40:03	5.9	0.01	10	5900	买盘
09:40:00	5.89	--	65	38285	卖盘
09:39:54	5.89	-0.01	34	20026	卖盘
09:39:51	5.9	--	9	5310	买盘
09:39:48	5.9	--	22	12980	买盘
09:39:42	5.9	--	45	26550	买盘
09:39:39	5.9	-0.01	106	62540	卖盘
09:39:36	5.91	0.01	8	4728	买盘
09:39:33	5.9	--	30	17700	卖盘
09:39:24	5.9	--	99	58410	卖盘
09:39:15	5.9	--	42	24780	卖盘
09:39:06	5.9	--	9	5310	卖盘
09:39:00	5.9	--	5	2950	卖盘
09:38:51	5.9	-0.01	110	64900	卖盘
09:38:48	5.91	0.01	52	30732	买盘
09:38:42	5.9	--	20	11800	卖盘
09:38:39	5.9	--	1	590	卖盘
09:38:36	5.9	-0.01	43	25370	卖盘
09:38:30	5.91	--	123	72693	买盘
09:38:27	5.91	0.01	65	38415	买盘
09:38:24	5.9	--	13	7670	卖盘
09:38:21	5.9	-0.01	290	171100	卖盘
09:38:18	5.91	0.01	105	62055	买盘
09:38:15	5.9	-0.01	173	102070	卖盘
09:38:12	5.91	0.01	200	118200	买盘
09:38:06	5.9	--	136	80240	卖盘
09:38:03	5.9	--	93	54870	卖盘
09:37:57	5.9	--	22	12980	卖盘
09:37:54	5.9	--	41	24190	卖盘
09:37:51	5.9	-0.01	8	4720	卖盘
09:37:48	5.91	0.01	50	29550	买盘
09:37:42	5.9	--	103	60770	卖盘
09:37:39	5.9	--	50	29500	卖盘
09:37:36	5.9	--	160	94400	卖盘
09:37:33	5.9	--	104	61360	卖盘
09:37:27	5.9	--	5	2950	卖盘
09:37:24	5.9	--	30	17700	卖盘
09:37:18	5.9	-0.01	25	14750	卖盘
09:37:15	5.91	0.01	3	1773	买盘
09:37:12	5.9	-0.01	40	23600	卖盘
09:36:51	5.91	0.01	27	15957	买盘
09:36:45	5.9	-0.01	69	40710	卖盘
09:36:42	5.91	0.01	19	11229	买盘
09:36:39	5.9	--	214	126260	卖盘
09:36:33	5.9	-0.01	1	590	卖盘
09:36:30	5.91	0.01	36	21276	买盘
09:36:27	5.9	--	12	7080	卖盘
09:36:24	5.9	--	23	13570	卖盘
09:36:21	5.9	--	100	59000	卖盘
09:36:15	5.9	--	2	1180	卖盘
09:36:12	5.9	-0.01	54	31860	卖盘
09:36:09	5.91	--	9	5319	买盘
09:36:06	5.91	--	1	591	买盘
09:35:57	5.91	--	5	2955	买盘
09:35:54	5.91	0.01	5	2955	买盘
09:35:51	5.9	--	30	17700	卖盘
09:35:48	5.9	-0.01	4	2360	卖盘
09:35:36	5.91	--	16	9456	买盘
09:35:33	5.91	0.01	51	30141	买盘
09:35:30	5.9	--	15	8850	卖盘
09:35:27	5.9	-0.01	184	108560	卖盘
09:35:15	5.91	--	1	591	买盘
09:34:51	5.91	--	10	5910	买盘
09:34:36	5.91	--	16	9456	买盘
09:34:30	5.91	0.01	51	30141	买盘
09:34:27	5.9	--	126	74340	卖盘
09:34:21	5.9	-0.01	19	11210	卖盘
09:34:15	5.91	0.01	14	8274	买盘
09:34:12	5.9	--	60	35400	卖盘
09:34:09	5.9	--	40	23600	卖盘
09:34:06	5.9	--	7	4130	卖盘
09:33:54	5.9	0.01	294	173460	买盘
09:33:51	5.89	-0.01	60	35340	卖盘
09:33:45	5.9	--	10	5900	买盘
09:33:36	5.9	--	51	30090	卖盘
09:33:30	5.9	--	30	17700	卖盘
09:33:27	5.9	--	105	61950	卖盘
09:33:24	5.9	--	8	4720	卖盘
09:33:21	5.9	--	6	3540	卖盘
09:33:18	5.9	--	340	200600	卖盘
09:33:15	5.9	--	32	18880	卖盘
09:33:12	5.9	--	107	63130	卖盘
09:33:09	5.9	--	20	11800	卖盘
09:33:06	5.9	-0.01	394	232460	卖盘
09:33:03	5.91	--	41	24231	买盘
09:32:57	5.91	0.01	26	15366	买盘
09:32:54	5.9	-0.01	21	12390	卖盘
09:32:51	5.91	0.01	10	5910	买盘
09:32:48	5.9	--	134	79060	卖盘
09:32:42	5.9	--	16	9440	卖盘
09:32:30	5.9	--	30	17700	卖盘
09:32:27	5.9	--	2	1180	卖盘
09:32:12	5.9	-0.01	34	20060	卖盘
09:32:06	5.91	0.01	52	30732	买盘
09:32:00	5.9	-0.01	5	2950	卖盘
09:31:51	5.91	--	21	12411	买盘
09:31:42	5.91	--	10	5910	买盘
09:31:39	5.91	0.01	60	35460	买盘
09:31:36	5.9	-0.01	30	17700	卖盘
09:31:30	5.91	--	5	2955	买盘
09:31:27	5.91	0.01	200	118200	买盘
09:31:24	5.9	-0.01	7	4130	卖盘
09:31:18	5.91	--	17	10047	买盘
09:31:15	5.91	--	53	31323	买盘
09:31:12	5.91	--	3	1773	买盘
09:31:09	5.91	--	2	1182	买盘
09:30:57	5.91	0.01	20	11820	买盘
09:30:54	5.9	-0.01	1	590	卖盘
09:30:51	5.91	--	20	11820	买盘
09:30:48	5.91	--	39	23049	买盘
09:30:45	5.91	--	20	11820	买盘
09:30:36	5.91	--	30	17730	买盘
09:30:27	5.91	--	175	103425	买盘
09:30:21	5.91	0.01	7	4137	买盘
09:30:15	5.9	--	28	16520	卖盘
09:30:12	5.9	--	211	124490	卖盘
09:30:09	5.9	-0.01	40	23600	卖盘
09:30:06	5.91	--	40	23640	买盘
09:30:03	5.91	0.01	515	304365	买盘
09:30:00	5.9	--	0	0	卖盘
09:25:03	5.9	5.9	706	416540	买盘
