成交时间	成交价	价格变动	成交量(手)	成交额(元)	性质
15:00:03	14.35	0.01	962	1380470	买盘
14:57:00	14.34	--	1	1434	卖盘
14:56:54	14.34	--	17	24378	卖盘
14:56:51	14.34	--	18	25812	卖盘
14:56:48	14.34	--	26	37284	卖盘
14:56:45	14.34	--	3	4302	卖盘
14:56:42	14.34	--	40	57360	卖盘
14:56:39	14.34	-0.01	249	357066	卖盘
14:56:36	14.35	--	5	7175	买盘
14:56:33	14.35	--	53	76055	买盘
14:56:27	14.35	0.01	11	15785	买盘
14:56:24	14.34	--	37	53058	买盘
14:56:21	14.34	-0.01	188	269592	卖盘
14:56:18	14.35	0.01	12	17220	买盘
14:56:09	14.34	-0.01	12	17208	卖盘
14:56:06	14.35	0.01	62	88970	买盘
14:56:03	14.34	-0.01	12	17208	卖盘
14:56:00	14.35	0.01	16	22960	买盘
14:55:57	14.34	--	23	32982	卖盘
14:55:54	14.34	--	103	147702	卖盘
14:55:51	14.34	-0.01	20	28680	卖盘
14:55:48	14.35	--	10	14350	买盘
14:55:45	14.35	--	50	71750	买盘
14:55:42	14.35	0.01	35	50225	买盘
14:55:39	14.34	-0.01	22	31548	卖盘
14:55:36	14.35	--	134	192290	买盘
14:55:33	14.35	--	7	10045	买盘
14:55:30	14.35	0.01	109	156415	买盘
14:55:24	14.34	-0.01	50	71700	卖盘
14:55:21	14.35	--	31	44485	卖盘
14:55:18	14.35	0.02	137	196595	买盘
14:55:12	14.33	-0.01	55	78815	卖盘
14:55:09	14.34	-0.01	4	5736	卖盘
14:55:06	14.35	--	320	459200	买盘
14:55:03	14.35	0.01	57	81795	买盘
14:55:00	14.34	--	67	96078	买盘
14:54:54	14.34	--	3	4302	买盘
14:54:51	14.34	-0.01	57	81738	卖盘
14:54:48	14.35	--	161	231035	买盘
14:54:45	14.35	--	15	21525	买盘
14:54:39	14.35	0.01	8	11480	买盘
14:54:36	14.34	-0.01	148	212232	卖盘
14:54:33	14.35	0.01	4	5740	买盘
14:54:30	14.34	-0.01	6	8604	卖盘
14:54:27	14.35	--	48	68880	买盘
14:54:24	14.35	--	1	1435	买盘
14:54:21	14.35	--	64	91840	买盘
14:54:18	14.35	--	38	54530	买盘
14:54:15	14.35	--	17	24395	买盘
14:54:12	14.35	0.01	2	2870	买盘
14:54:09	14.34	--	8	11472	卖盘
14:54:03	14.34	-0.01	34	48756	卖盘
14:54:00	14.35	--	45	64575	买盘
14:53:54	14.35	0.01	286	410410	买盘
14:53:51	14.34	--	3	4302	卖盘
14:53:48	14.34	--	15	21510	卖盘
14:53:45	14.34	-0.01	17	24378	卖盘
14:53:42	14.35	0.01	48	68880	买盘
14:53:39	14.34	--	100	143400	卖盘
14:53:36	14.34	--	50	71700	卖盘
14:53:33	14.34	--	5	7170	卖盘
14:53:30	14.34	-0.01	60	86040	卖盘
14:53:27	14.35	--	4	5740	买盘
14:53:21	14.35	--	47	67445	买盘
14:53:18	14.35	0.01	72	103320	买盘
14:53:15	14.34	--	19	27246	卖盘
14:53:12	14.34	-0.01	14	20076	卖盘
14:53:09	14.35	--	40	57400	买盘
14:53:06	14.35	0.01	50	71750	买盘
14:53:03	14.34	-0.01	6	8604	卖盘
14:53:00	14.35	--	30	43050	买盘
14:52:57	14.35	--	10	14350	买盘
14:52:51	14.35	--	3	4305	买盘
14:52:48	14.35	--	12	17220	买盘
14:52:45	14.35	--	82	117670	卖盘
14:52:42	14.35	--	1	1435	卖盘
14:52:39	14.35	--	94	134890	买盘
14:52:36	14.35	0.01	17	24395	买盘
14:52:33	14.34	-0.01	17	24378	卖盘
14:52:30	14.35	--	50	71750	买盘
14:52:27	14.35	--	49	70315	卖盘
14:52:24	14.35	--	21	30135	卖盘
14:52:18	14.35	--	43	61705	卖盘
14:52:15	14.35	--	10	14350	卖盘
14:52:12	14.35	--	178	255430	卖盘
14:52:03	14.35	-0.01	52	74620	卖盘
14:52:00	14.36	--	21	30156	买盘
14:51:54	14.36	0.01	10	14360	买盘
14:51:51	14.35	--	34	48790	卖盘
14:51:48	14.35	--	1	1435	卖盘
14:51:45	14.35	--	100	143500	卖盘
14:51:42	14.35	-0.01	30	43050	卖盘
14:51:39	14.36	0.01	4	5744	买盘
14:51:36	14.35	--	29	41615	卖盘
14:51:33	14.35	-0.01	10	14350	卖盘
14:51:30	14.36	--	100	143600	买盘
14:51:27	14.36	0.01	18	25848	买盘
14:51:24	14.35	-0.01	81	116235	卖盘
14:51:18	14.36	0.01	12	17232	买盘
14:51:15	14.35	--	43	61705	卖盘
14:51:09	14.35	--	2	2870	卖盘
14:51:06	14.35	--	9	12915	买盘
14:51:03	14.35	--	3	4305	买盘
14:51:00	14.35	--	8	11480	买盘
14:50:57	14.35	--	8	11480	买盘
14:50:54	14.35	--	6	8610	买盘
14:50:51	14.35	-0.02	26	37310	卖盘
14:50:48	14.37	0.01	19	27303	买盘
14:50:45	14.36	--	14	21281	卖盘
14:50:42	14.36	0.01	85	122318	买盘
14:50:39	14.35	--	68	97580	卖盘
14:50:36	14.35	-0.01	139	199465	卖盘
14:50:30	14.36	--	4	5744	买盘
14:50:27	14.36	0.01	49	70364	买盘
14:50:24	14.35	-0.01	66	94710	卖盘
14:50:18	14.36	--	5	7180	买盘
14:50:15	14.36	--	179	257044	买盘
14:50:09	14.36	--	10	14360	买盘
14:50:03	14.36	--	30	43080	买盘
14:50:00	14.36	--	1	1436	买盘
14:49:57	14.36	0.01	7	10052	买盘
14:49:54	14.35	-0.01	14	20090	卖盘
14:49:51	14.36	--	211	302996	买盘
14:49:45	14.36	0.01	50	71800	买盘
14:49:39	14.35	-0.01	4	5740	卖盘
14:49:36	14.36	--	50	71800	买盘
14:49:33	14.36	0.01	2	2872	买盘
14:49:30	14.35	-0.01	10	14350	卖盘
14:49:27	14.36	--	93	134725	卖盘
14:49:24	14.36	--	20	28720	卖盘
14:49:21	14.36	--	108	155346	买盘
14:49:18	14.36	0.01	5	7180	买盘
14:49:15	14.35	-0.01	23	33005	卖盘
14:49:12	14.36	--	30	43080	买盘
14:49:06	14.36	--	8	11488	买盘
14:49:03	14.36	--	629	903244	买盘
14:48:54	14.36	--	134	192424	买盘
14:48:51	14.36	0.01	40	57440	买盘
14:48:48	14.35	-0.01	5	7175	卖盘
14:48:45	14.36	0.01	70	100520	买盘
14:48:42	14.35	--	10	14350	卖盘
14:48:39	14.35	-0.01	12	17220	卖盘
14:48:36	14.36	0.01	3	4308	买盘
14:48:33	14.35	--	21	30135	卖盘
14:48:30	14.35	--	6	8610	卖盘
14:48:27	14.35	--	38	54530	卖盘
14:48:21	14.35	-0.01	20	28700	卖盘
14:48:15	14.36	--	22	31592	买盘
14:48:12	14.36	0.01	38	54568	买盘
14:48:09	14.35	0.01	53	76055	买盘
14:48:06	14.34	-0.01	7	10038	卖盘
14:48:03	14.35	-0.01	15	21525	中性盘
14:47:57	14.36	--	53	76108	买盘
14:47:51	14.36	0.01	10	14360	买盘
14:47:48	14.35	--	64	91840	卖盘
14:47:45	14.35	--	38	54530	卖盘
14:47:39	14.35	--	5	7175	卖盘
14:47:36	14.35	--	3	4305	卖盘
14:47:33	14.35	--	20	28700	卖盘
14:47:30	14.35	--	5	7175	卖盘
14:47:24	14.35	--	15	21525	卖盘
14:47:21	14.35	--	45	64575	卖盘
14:47:18	14.35	--	22	31570	卖盘
14:47:15	14.35	--	2	2870	卖盘
14:47:12	14.35	--	6	8610	卖盘
14:47:09	14.35	--	24	34440	卖盘
14:47:00	14.35	--	21	30135	卖盘
14:46:57	14.35	--	175	251125	买盘
14:46:54	14.35	0.01	86	123410	买盘
14:46:51	14.34	-0.01	156	223704	卖盘
14:46:42	14.35	0.01	1	1435	买盘
14:46:39	14.34	-0.01	30	43020	卖盘
14:46:36	14.35	--	30	43050	买盘
14:46:33	14.35	0.01	20	28700	买盘
14:46:24	14.34	-0.01	1	1434	卖盘
14:46:21	14.35	--	18	25830	买盘
14:46:18	14.35	0.01	10	14350	买盘
14:46:15	14.34	-0.01	30	43020	卖盘
14:46:12	14.35	--	39	55965	买盘
14:46:09	14.35	--	2	2870	买盘
14:46:06	14.35	--	37	53095	买盘
14:46:03	14.35	--	1	1435	买盘
14:45:57	14.35	--	8	11480	买盘
14:45:54	14.35	--	22	31570	买盘
14:45:51	14.35	--	15	21525	买盘
14:45:48	14.35	--	5	7175	买盘
14:45:45	14.35	--	5	7175	买盘
14:45:42	14.35	--	50	71750	买盘
14:45:36	14.35	--	85	121975	买盘
14:45:33	14.35	-0.01	78	111930	卖盘
14:45:30	14.36	0.01	108	155088	买盘
14:45:27	14.35	--	30	43050	卖盘
14:45:24	14.35	-0.01	55	78925	卖盘
14:45:15	14.36	0.01	35	50260	买盘
14:45:12	14.35	-0.01	28	40180	卖盘
14:45:09	14.36	0.01	1	1436	买盘
14:45:03	14.35	-0.01	70	100450	卖盘
14:45:00	14.36	0.01	2	2872	买盘
14:44:57	14.35	--	6	8610	卖盘
14:44:54	14.35	--	20	28700	卖盘
14:44:51	14.35	--	2	2870	卖盘
14:44:48	14.35	--	9	12915	卖盘
14:44:45	14.35	--	23	33005	卖盘
14:44:42	14.35	--	5	7175	卖盘
14:44:39	14.35	--	10	14350	卖盘
14:44:36	14.35	--	2	2870	卖盘
14:44:33	14.35	--	3	4305	卖盘
14:44:30	14.35	--	24	34440	卖盘
14:44:27	14.35	--	51	73185	卖盘
14:44:24	14.35	-0.01	5	7175	卖盘
14:44:18	14.36	0.02	158	226888	买盘
14:44:15	14.34	-0.01	5	7170	卖盘
14:44:09	14.35	--	42	60270	买盘
14:44:06	14.35	--	31	44485	买盘
14:44:03	14.35	--	10	14350	买盘
14:43:57	14.35	--	59	84665	买盘
14:43:54	14.35	--	17	24395	卖盘
14:43:51	14.35	--	29	41615	买盘
14:43:48	14.35	--	14	20090	买盘
14:43:42	14.35	--	23	33005	卖盘
14:43:39	14.35	-0.01	3	4305	卖盘
14:43:36	14.36	--	15	21540	买盘
14:43:33	14.36	--	2	2872	买盘
14:43:30	14.36	0.01	25	35900	买盘
14:43:24	14.35	-0.01	5	7175	卖盘
14:43:21	14.36	0.01	11	15796	买盘
14:43:18	14.35	-0.01	1	1435	卖盘
14:43:15	14.36	0.01	100	143600	买盘
14:43:09	14.35	--	10	14350	卖盘
14:43:06	14.35	--	5	7175	卖盘
14:43:03	14.35	--	10	14350	卖盘
14:43:00	14.35	--	11	15785	卖盘
14:42:57	14.35	--	5	7175	卖盘
14:42:54	14.35	--	126	180810	买盘
14:42:51	14.35	0.01	6	8610	买盘
14:42:48	14.34	--	25	35850	卖盘
14:42:42	14.34	-0.01	10	14340	卖盘
14:42:39	14.35	0.01	100	143500	买盘
14:42:36	14.34	-0.01	30	43020	卖盘
14:42:33	14.35	0.01	55	78925	买盘
14:42:30	14.34	--	155	222270	卖盘
14:42:27	14.34	--	21	30114	卖盘
14:42:24	14.34	--	54	77436	卖盘
14:42:21	14.34	--	15	21510	卖盘
14:42:18	14.34	--	45	64530	卖盘
14:42:15	14.34	--	9	12906	卖盘
14:42:06	14.34	--	6	8604	卖盘
14:42:03	14.34	-0.01	15	21510	卖盘
14:42:00	14.35	0.01	8	11480	买盘
14:41:57	14.34	-0.01	5	7170	卖盘
14:41:54	14.35	0.01	10	14350	买盘
14:41:51	14.34	-0.01	30	43020	卖盘
14:41:48	14.35	0.01	118	169330	买盘
14:41:39	14.34	--	10	14340	卖盘
14:41:33	14.34	--	100	143400	卖盘
14:41:30	14.34	-0.02	33	47322	卖盘
14:41:24	14.36	0.02	47	67492	买盘
14:41:21	14.34	-0.01	2	2868	卖盘
14:41:15	14.35	--	20	28700	买盘
14:41:12	14.35	--	28	40180	卖盘
14:41:09	14.35	-0.01	50	71750	卖盘
14:41:03	14.36	0.01	10	14360	买盘
14:40:57	14.35	-0.01	10	14350	卖盘
14:40:51	14.36	--	30	43080	买盘
14:40:42	14.36	--	3	4308	买盘
14:40:36	14.36	--	9	12924	卖盘
14:40:33	14.36	--	3	4308	卖盘
14:40:24	14.36	-0.01	30	43080	卖盘
14:40:21	14.37	--	14	20118	买盘
14:40:15	14.37	--	20	28740	买盘
14:40:12	14.37	--	20	28740	买盘
14:40:06	14.37	--	4	5748	买盘
14:40:03	14.37	--	84	120708	卖盘
14:40:00	14.37	--	1	1437	卖盘
14:39:54	14.37	--	5	7185	卖盘
14:39:45	14.37	--	14	20118	卖盘
14:39:42	14.37	--	67	96279	卖盘
14:39:33	14.37	--	66	94842	买盘
14:39:27	14.37	--	17	24429	买盘
14:39:21	14.37	0.01	140	201180	买盘
14:39:18	14.36	--	34	48824	买盘
14:39:15	14.36	--	1	1436	买盘
14:39:12	14.36	--	18	25848	买盘
14:39:09	14.36	-0.01	88	126368	卖盘
14:39:06	14.37	--	3	4311	买盘
14:38:57	14.37	0.01	10	14370	买盘
14:38:48	14.36	--	17	24412	买盘
14:38:45	14.36	0.01	75	107700	买盘
14:38:42	14.35	-0.01	10	14350	卖盘
14:38:39	14.36	0.01	20	28720	买盘
14:38:30	14.35	-0.01	31	44485	卖盘
14:38:27	14.36	0.01	6	8616	买盘
14:38:24	14.35	-0.01	38	54530	卖盘
14:38:15	14.36	0.01	60	86160	买盘
14:38:12	14.35	--	13	18655	买盘
14:38:09	14.35	--	115	165025	买盘
14:38:00	14.35	--	8	11480	买盘
14:37:57	14.35	--	5	7175	买盘
14:37:54	14.35	--	25	35875	买盘
14:37:48	14.35	--	5	7175	买盘
14:37:45	14.35	0.01	31	44485	买盘
14:37:42	14.34	-0.01	3	4302	卖盘
14:37:39	14.35	0.01	20	28700	买盘
14:37:36	14.34	-0.01	66	94644	卖盘
14:37:30	14.35	--	50	71750	买盘
14:37:27	14.35	--	60	86100	买盘
14:37:21	14.35	--	60	86100	买盘
14:37:18	14.35	--	15	21525	买盘
14:37:15	14.35	--	57	81795	买盘
14:37:12	14.35	--	3	4305	买盘
14:37:09	14.35	--	3	4305	买盘
14:37:06	14.35	--	15	21525	买盘
14:37:03	14.35	--	16	22960	买盘
14:37:00	14.35	--	28	40180	买盘
14:36:57	14.35	--	106	152110	买盘
14:36:54	14.35	--	30	43050	买盘
14:36:48	14.35	--	35	50225	买盘
14:36:42	14.35	--	8	11480	买盘
14:36:36	14.35	-0.01	4	5740	买盘
14:36:30	14.36	0.01	157	225452	买盘
14:36:24	14.35	--	5	7175	买盘
14:36:18	14.35	--	26	37310	买盘
14:36:15	14.35	0.01	20	28700	买盘
14:36:12	14.34	-0.01	2	2868	卖盘
14:36:09	14.35	--	7	10045	买盘
14:36:06	14.35	--	5	7175	买盘
14:36:03	14.35	--	1	1435	卖盘
14:35:57	14.35	--	14	20090	卖盘
14:35:54	14.35	--	19	27265	卖盘
14:35:51	14.35	0.01	16	22960	买盘
14:35:39	14.34	-0.01	10	14340	卖盘
14:35:33	14.35	0.01	2	2870	买盘
14:35:30	14.34	--	59	84606	卖盘
14:35:27	14.34	--	3	4302	卖盘
14:35:24	14.34	-0.01	124	177816	卖盘
14:35:18	14.35	0.01	10	14350	买盘
14:35:15	14.34	-0.01	2	2868	卖盘
14:35:06	14.35	--	11	15785	买盘
14:35:03	14.35	0.01	10	14350	买盘
14:34:57	14.34	-0.01	4	5736	卖盘
14:34:51	14.35	--	18	25830	买盘
14:34:48	14.35	0.01	19	27265	买盘
14:34:45	14.34	--	89	127626	卖盘
14:34:42	14.34	-0.01	15	21510	卖盘
14:34:33	14.35	0.01	2	2870	买盘
14:34:30	14.34	-0.01	130	186420	卖盘
14:34:24	14.35	--	13	18655	买盘
14:34:15	14.35	0.01	11	15785	买盘
14:34:12	14.34	-0.01	40	57360	卖盘
14:33:57	14.35	--	2	2870	买盘
14:33:54	14.35	0.01	5	7175	买盘
14:33:51	14.34	--	20	28680	卖盘
14:33:45	14.34	--	5	7170	卖盘
14:33:42	14.34	--	53	76002	卖盘
14:33:33	14.34	--	5	7170	卖盘
14:33:30	14.34	-0.01	30	43020	卖盘
14:33:27	14.35	--	110	157850	买盘
14:33:24	14.35	0.01	2	2870	买盘
14:33:15	14.34	-0.01	23	32982	卖盘
14:33:09	14.35	--	122	175070	买盘
14:33:03	14.35	0.01	60	86100	买盘
14:33:00	14.34	-0.01	10	14340	卖盘
14:32:57	14.35	0.01	5	7175	买盘
14:32:48	14.34	--	29	41586	卖盘
14:32:45	14.34	-0.01	10	14340	卖盘
14:32:39	14.35	--	43	61705	买盘
14:32:36	14.35	--	1	1435	买盘
14:32:33	14.35	--	88	126280	卖盘
14:32:24	14.35	--	30	43050	卖盘
14:32:18	14.35	--	15	21525	卖盘
14:32:09	14.35	--	10	14350	卖盘
14:32:06	14.35	--	41	58835	卖盘
14:32:03	14.35	-0.01	5	7175	卖盘
14:31:54	14.36	0.01	13	18668	买盘
14:31:51	14.35	--	14	20090	卖盘
14:31:42	14.35	--	18	25830	卖盘
14:31:39	14.35	--	18	25830	卖盘
14:31:27	14.35	--	1	1435	卖盘
14:31:24	14.35	--	13	18655	卖盘
14:31:18	14.35	--	8	11480	卖盘
14:31:15	14.35	--	5	7175	卖盘
14:31:12	14.35	--	3	4305	卖盘
14:30:45	14.35	-0.01	10	14350	卖盘
14:30:42	14.36	--	8	11488	买盘
14:30:27	14.36	0.01	18	25848	买盘
14:30:15	14.35	-0.01	23	33005	卖盘
14:30:12	14.36	0.01	5	7180	买盘
14:30:09	14.35	--	5	7175	卖盘
14:30:00	14.35	--	3	4305	卖盘
14:29:57	14.35	-0.01	20	28700	卖盘
14:29:54	14.36	0.01	26	37336	买盘
14:29:42	14.35	-0.01	126	180810	卖盘
14:29:39	14.36	0.01	10	14360	买盘
14:29:33	14.35	--	1	1435	卖盘
14:29:24	14.35	--	2	2870	卖盘
14:29:21	14.35	-0.01	38	54530	卖盘
14:29:15	14.36	0.01	4	5744	买盘
14:29:12	14.35	-0.01	9	12915	中性盘
14:28:57	14.36	--	27	38772	买盘
14:28:42	14.36	--	10	14360	买盘
14:28:33	14.36	0.02	1	1436	买盘
14:28:27	14.34	-0.02	7	10038	卖盘
14:28:21	14.36	0.02	7	10052	买盘
14:28:18	14.34	-0.02	3	4302	卖盘
14:28:12	14.36	--	11	15796	买盘
14:28:09	14.36	--	62	89032	买盘
14:28:03	14.36	0.01	1	1436	买盘
14:27:57	14.35	--	10	14350	卖盘
14:27:54	14.35	--	1	1435	卖盘
14:27:48	14.35	--	67	96145	卖盘
14:27:39	14.35	-0.01	30	43050	卖盘
14:27:33	14.36	--	6	8616	买盘
14:27:21	14.36	--	10	14360	买盘
14:27:06	14.36	-0.01	290	416440	卖盘
14:27:03	14.37	0.01	1	1437	买盘
14:26:57	14.36	--	10	14360	卖盘
14:26:48	14.36	--	5	7180	卖盘
14:26:45	14.36	-0.01	100	143600	卖盘
14:26:24	14.37	0.01	8	11496	买盘
14:26:21	14.36	--	8	11488	卖盘
14:26:12	14.36	-0.01	3	4308	卖盘
14:26:09	14.37	--	13	18681	卖盘
14:26:00	14.37	--	20	28740	卖盘
14:25:57	14.37	--	20	28740	卖盘
14:25:51	14.37	--	5	7185	卖盘
14:25:45	14.37	--	1	1437	卖盘
14:25:36	14.37	--	7	10059	卖盘
14:25:30	14.37	--	22	31614	卖盘
14:25:21	14.37	--	3	4311	卖盘
14:25:15	14.37	--	3	4311	卖盘
14:25:00	14.37	--	25	35925	卖盘
14:24:57	14.37	-0.01	10	14370	卖盘
14:24:48	14.38	--	6	8628	买盘
14:24:45	14.38	0.01	26	37388	买盘
14:24:30	14.37	-0.01	19	27303	卖盘
14:24:24	14.38	--	7	10066	买盘
14:24:18	14.38	-0.01	5	7190	中性盘
14:24:15	14.39	0.01	26	37414	买盘
14:24:12	14.38	--	5	7190	中性盘
14:24:09	14.38	-0.01	15	21570	中性盘
14:24:06	14.39	0.01	23	33097	买盘
14:24:03	14.38	-0.01	3	4314	卖盘
14:23:57	14.39	--	203	292117	买盘
14:23:54	14.39	0.01	10	14390	买盘
14:23:51	14.38	-0.01	2	2876	卖盘
14:23:48	14.39	--	4	5756	买盘
14:23:42	14.39	0.01	15	21585	买盘
14:23:39	14.38	-0.01	104	149552	卖盘
14:23:36	14.39	--	6	8634	买盘
14:23:33	14.39	--	3	4317	买盘
14:23:27	14.39	0.01	21	30219	买盘
14:23:24	14.38	--	2	2876	卖盘
14:23:21	14.38	--	10	14380	卖盘
14:23:09	14.38	--	7	10066	卖盘
14:23:06	14.38	0.02	2	2876	中性盘
14:23:03	14.36	--	2	2872	卖盘
14:22:57	14.36	-0.01	20	28720	卖盘
14:22:54	14.37	--	23	33051	买盘
14:22:48	14.37	0.01	27	38799	买盘
14:22:39	14.36	-0.01	40	57440	卖盘
14:22:36	14.37	--	1	1437	买盘
14:22:27	14.37	0.01	1	1437	买盘
14:22:21	14.36	-0.01	50	71800	卖盘
14:22:18	14.37	0.01	8	11496	买盘
14:22:15	14.36	-0.01	1	1436	卖盘
14:21:57	14.37	--	10	14370	买盘
14:21:54	14.37	--	2	2874	买盘
14:21:48	14.37	--	6	8622	买盘
14:21:45	14.37	--	2	2874	买盘
14:21:39	14.37	--	21	30177	买盘
14:21:33	14.37	--	33	47421	买盘
14:21:30	14.37	--	6	8622	买盘
14:21:27	14.37	-0.01	78	112086	卖盘
14:21:18	14.38	--	2	2876	卖盘
14:21:12	14.38	--	11	15818	买盘
14:21:09	14.38	--	10	14380	买盘
14:21:00	14.38	0.01	5	7190	买盘
14:20:54	14.37	-0.01	2	2874	卖盘
14:20:48	14.38	0.01	2	2876	买盘
14:20:21	14.37	--	2	2874	卖盘
14:20:15	14.37	0.01	1	1437	买盘
14:20:12	14.36	-0.01	100	143600	卖盘
14:20:09	14.37	--	85	122145	卖盘
14:20:06	14.37	--	10	14370	卖盘
14:20:03	14.37	0.01	7	10059	中性盘
14:20:00	14.36	-0.01	40	57440	卖盘
14:19:57	14.37	--	14	20118	买盘
14:19:54	14.37	--	64	91968	买盘
14:19:48	14.37	--	6	8622	买盘
14:19:30	14.37	--	1	1437	买盘
14:19:18	14.37	--	23	33051	买盘
14:19:15	14.37	--	23	33051	买盘
14:19:12	14.37	--	34	48858	买盘
14:19:09	14.37	-0.02	86	123582	卖盘
14:19:00	14.39	0.01	9	12951	买盘
14:18:57	14.38	--	1	1438	买盘
14:18:54	14.38	--	31	44578	买盘
14:18:51	14.38	-0.02	10	14380	买盘
14:18:45	14.4	0.01	50	72000	买盘
14:18:42	14.39	--	295	424505	买盘
14:18:39	14.39	0.01	3	4317	买盘
14:18:36	14.38	-0.01	10	14380	卖盘
14:18:30	14.39	-0.01	1	1439	买盘
14:18:24	14.4	0.01	43	61920	买盘
14:18:21	14.39	--	5	7195	买盘
14:18:18	14.39	-0.01	13	18707	卖盘
14:18:12	14.4	0.01	42	60480	买盘
14:18:06	14.39	-0.01	13	18707	买盘
14:18:03	14.4	0.01	1000	1440000	买盘
14:17:57	14.39	0.01	8	11512	买盘
14:17:51	14.38	--	9	12942	卖盘
14:17:42	14.38	--	2	2876	卖盘
14:17:36	14.38	-0.01	15	21570	卖盘
14:17:27	14.39	--	3	4317	买盘
14:17:24	14.39	--	54	77706	买盘
14:17:21	14.39	0.01	28	40292	买盘
14:17:18	14.38	-0.01	4	5752	卖盘
14:17:03	14.39	0.01	4	5756	买盘
14:17:00	14.38	-0.01	20	28760	卖盘
14:16:54	14.39	--	14	20146	买盘
14:16:51	14.39	0.01	5	7195	买盘
14:16:48	14.38	-0.01	10	14380	中性盘
14:16:42	14.39	--	40	57560	买盘
14:16:39	14.39	--	5	7195	买盘
14:16:33	14.39	--	38	54682	买盘
14:16:30	14.39	--	140	201460	买盘
14:16:24	14.39	--	2	2878	买盘
14:16:21	14.39	--	91	130949	买盘
14:16:18	14.39	--	7	10073	买盘
14:16:12	14.39	0.01	224	322336	买盘
14:16:09	14.38	--	43	61834	买盘
14:16:06	14.38	--	12	17256	买盘
14:16:03	14.38	--	94	135172	买盘
14:16:00	14.38	--	36	51768	买盘
14:15:57	14.38	0.01	4	5752	买盘
14:15:54	14.37	--	1	1437	卖盘
14:15:48	14.37	--	10	14370	买盘
14:15:45	14.37	--	3	4311	买盘
14:15:42	14.37	0.01	33	47421	买盘
14:15:36	14.36	-0.01	2	2872	卖盘
14:15:33	14.37	0.01	67	96279	买盘
14:15:30	14.36	-0.01	1	1436	卖盘
14:15:24	14.37	--	20	28740	买盘
14:15:18	14.37	0.01	8	11496	买盘
14:15:12	14.36	--	3	4308	买盘
14:15:09	14.36	--	6	8616	买盘
14:15:06	14.36	--	17	24412	买盘
14:15:00	14.36	0.01	21	30156	买盘
14:14:54	14.35	-0.01	32	45920	卖盘
14:14:48	14.36	0.01	5	7180	买盘
14:14:45	14.35	-0.01	22	31570	卖盘
14:14:42	14.36	0.01	6	8616	买盘
14:14:39	14.35	-0.01	2	2870	卖盘
14:14:36	14.36	--	9	12924	买盘
14:14:33	14.36	--	55	78980	买盘
14:14:27	14.36	0.01	20	28720	买盘
14:14:24	14.35	-0.01	8	11480	中性盘
14:14:21	14.36	--	1	1436	买盘
14:14:15	14.36	0.01	20	28720	买盘
14:14:12	14.35	--	81	116235	卖盘
14:14:09	14.35	-0.01	6	8610	卖盘
14:13:57	14.36	--	10	14360	买盘
14:13:51	14.36	--	3	4308	买盘
14:13:48	14.36	0.01	4	5744	买盘
14:13:45	14.35	--	49	70315	卖盘
14:13:42	14.35	0.01	712	1021720	买盘
14:13:39	14.34	0.01	19	27246	买盘
14:13:36	14.33	-0.01	6	8598	卖盘
14:13:27	14.34	0.01	12	17208	买盘
14:13:15	14.33	-0.01	26	37258	卖盘
14:13:09	14.34	--	8	11472	买盘
14:13:06	14.34	--	9	12906	买盘
14:12:48	14.34	--	1	1434	买盘
14:12:42	14.34	0.01	3	4302	买盘
14:12:39	14.33	-0.01	10	14330	卖盘
14:12:15	14.34	--	10	14340	买盘
14:12:12	14.34	-0.01	10	14340	买盘
14:12:09	14.35	--	7	10045	买盘
14:12:06	14.35	0.01	17	24395	买盘
14:12:00	14.34	--	10	14340	买盘
14:11:54	14.34	0.01	5	7170	卖盘
14:11:51	14.33	-0.01	5	7165	卖盘
14:11:36	14.34	0.01	20	28680	买盘
14:11:24	14.33	-0.01	2	2866	卖盘
14:11:18	14.34	--	36	51624	买盘
14:11:15	14.34	--	4	5736	买盘
14:11:12	14.34	0.01	21	30114	买盘
14:11:06	14.33	-0.01	20	28660	卖盘
14:10:54	14.34	0.01	6	8604	买盘
14:10:51	14.33	--	23	32959	卖盘
14:10:48	14.33	--	3	4299	卖盘
14:10:42	14.33	-0.01	123	176259	卖盘
14:10:39	14.34	-0.01	7	10038	中性盘
14:10:18	14.35	0.02	53	76055	买盘
14:10:12	14.33	-0.01	150	214950	卖盘
14:09:57	14.34	--	128	183552	卖盘
14:09:54	14.34	--	20	28680	卖盘
14:09:48	14.34	--	3	4302	卖盘
14:09:42	14.34	--	10	14340	卖盘
14:09:39	14.34	-0.01	5	7170	卖盘
14:09:36	14.35	--	7	10045	买盘
14:09:21	14.35	--	4	5740	买盘
14:09:12	14.35	-0.01	21	30135	卖盘
14:09:09	14.36	0.01	74	106264	买盘
14:08:57	14.35	--	40	57400	卖盘
14:08:54	14.35	--	75	107625	卖盘
14:08:48	14.35	0.01	82	117670	买盘
14:08:45	14.34	-0.01	21	30114	卖盘
14:08:42	14.35	--	2	2870	买盘
14:08:24	14.35	-0.01	81	116235	卖盘
14:08:21	14.36	0.01	1	1436	买盘
14:08:18	14.35	--	2	2870	卖盘
14:08:15	14.35	--	20	28700	卖盘
14:08:03	14.35	--	2	2870	卖盘
14:08:00	14.35	-0.01	2	2870	卖盘
14:07:57	14.36	0.01	1	1436	买盘
14:07:54	14.35	--	15	21525	卖盘
14:07:51	14.35	--	13	18655	卖盘
14:07:48	14.35	0.01	48	68880	买盘
14:07:45	14.34	--	40	57360	卖盘
14:07:30	14.34	--	11	15774	卖盘
14:07:24	14.34	--	25	35850	买盘
14:07:21	14.34	--	16	22944	买盘
14:07:15	14.34	0.01	8	11472	买盘
14:07:09	14.33	--	2	2866	卖盘
14:07:03	14.33	-0.01	3	4299	卖盘
14:06:57	14.34	0.01	1	1434	买盘
14:06:54	14.33	-0.01	17	24361	卖盘
14:06:51	14.34	--	1	1434	买盘
14:06:33	14.34	-0.01	10	14340	卖盘
14:06:27	14.35	--	12	17220	买盘
14:06:18	14.35	--	5	7175	买盘
14:06:15	14.35	--	21	30135	买盘
14:06:12	14.35	0.01	209	299915	买盘
14:06:09	14.34	--	11	15774	卖盘
14:06:03	14.34	--	1	1434	卖盘
14:06:00	14.34	--	10	14340	卖盘
14:05:57	14.34	--	20	28680	买盘
14:05:54	14.34	--	3	4302	买盘
14:05:48	14.34	--	5	7170	卖盘
14:05:42	14.34	0.01	13	18642	中性盘
14:05:27	14.33	-0.02	18	25794	卖盘
14:04:51	14.35	0.02	200	287000	买盘
14:04:33	14.33	-0.01	1	1433	卖盘
14:04:24	14.34	--	3	4302	卖盘
14:04:18	14.34	-0.01	5	7170	卖盘
14:04:12	14.35	0.01	22	31570	买盘
14:04:09	14.34	-0.01	2	2868	卖盘
14:04:06	14.35	--	1	1435	买盘
14:03:54	14.35	--	10	14350	买盘
14:03:42	14.35	--	10	14350	买盘
14:03:39	14.35	--	2	2870	买盘
14:03:33	14.35	--	8	11480	卖盘
14:03:24	14.35	--	4	5740	买盘
14:03:12	14.35	--	17	24395	买盘
14:03:06	14.35	--	10	14350	买盘
14:03:00	14.35	0.01	23	33005	买盘
14:02:51	14.34	--	14	20076	买盘
14:02:48	14.34	--	14	20076	卖盘
14:02:36	14.34	--	5	7170	买盘
14:02:30	14.34	-0.03	5	7170	卖盘
14:02:24	14.37	0.03	5	7185	买盘
14:02:21	14.34	-0.03	60	86040	卖盘
14:02:18	14.37	--	50	71850	买盘
14:02:06	14.37	0.03	24	34488	买盘
14:02:03	14.34	-0.03	31	44454	卖盘
14:01:57	14.37	--	1	1437	买盘
14:01:54	14.37	--	11	15807	买盘
14:01:51	14.37	--	4	5748	买盘
14:01:42	14.37	--	1	1437	买盘
14:01:36	14.37	-0.01	7	10059	中性盘
14:01:33	14.38	0.01	191	274658	买盘
14:01:30	14.37	-0.01	3	4311	卖盘
14:01:27	14.38	0.01	35	50330	买盘
14:01:24	14.37	-0.01	109	156633	卖盘
14:01:21	14.38	0.02	26	37388	买盘
14:01:18	14.36	-0.01	2	2872	卖盘
14:01:15	14.37	-0.01	1	1437	买盘
14:01:12	14.38	0.01	50	71900	买盘
14:01:09	14.37	--	25	35925	买盘
14:01:06	14.37	--	20	28740	买盘
14:01:03	14.37	--	5	7185	买盘
14:01:00	14.37	-0.01	21	30177	中性盘
14:00:57	14.38	0.01	80	115040	买盘
14:00:54	14.37	--	17	24429	买盘
14:00:48	14.37	--	10	14370	卖盘
14:00:42	14.37	--	10	14370	卖盘
14:00:36	14.37	--	34	48858	买盘
14:00:33	14.37	--	25	35925	买盘
14:00:30	14.37	--	9	12933	买盘
14:00:27	14.37	--	5	7185	买盘
14:00:24	14.37	--	30	43110	卖盘
14:00:18	14.37	--	10	14370	卖盘
14:00:15	14.37	0.01	80	114960	买盘
14:00:03	14.36	0.01	1	1436	中性盘
14:00:00	14.35	--	54	77490	卖盘
13:59:57	14.35	-0.01	9	12915	卖盘
13:59:54	14.36	--	4	5744	买盘
13:59:45	14.36	-0.01	6	8616	中性盘
13:59:33	14.37	0.01	5	7185	中性盘
13:59:15	14.36	--	4	5744	卖盘
13:59:12	14.36	0.01	103	147908	中性盘
13:59:09	14.35	--	36	51660	卖盘
13:59:00	14.35	-0.01	61	87535	卖盘
13:58:57	14.36	-0.01	3	4308	中性盘
13:58:51	14.37	0.01	15	21555	买盘
13:58:48	14.36	--	2	4063	卖盘
13:58:45	14.36	--	0	244	买盘
13:58:33	14.36	-0.01	18	27039	卖盘
13:58:30	14.37	0.01	3	4311	中性盘
13:58:15	14.36	-0.01	21	30156	卖盘
13:58:09	14.37	--	2	2874	卖盘
13:58:06	14.37	0.01	96	137952	买盘
13:58:03	14.36	--	30	43080	卖盘
13:57:54	14.36	-0.01	10	14360	卖盘
13:57:51	14.37	0.01	16	22992	买盘
13:57:42	14.36	--	30	43080	卖盘
13:57:30	14.36	--	92	132356	买盘
13:57:27	14.36	--	4	5744	买盘
13:57:18	14.36	--	4	5744	买盘
13:57:15	14.36	0.01	157	225452	买盘
13:57:03	14.35	0.02	10	14350	买盘
13:56:48	14.33	--	22	31526	买盘
13:56:39	14.33	-0.02	5	7165	卖盘
13:56:33	14.35	0.02	5	7175	买盘
13:56:30	14.33	-0.02	50	71650	卖盘
13:56:27	14.35	--	13	18655	买盘
13:56:09	14.35	0.02	7	10045	买盘
13:56:06	14.33	--	3	4299	卖盘
13:55:57	14.33	-0.02	3	4299	卖盘
13:55:54	14.35	--	1	1435	买盘
13:55:51	14.35	--	29	41701	卖盘
13:55:45	14.35	--	40	58748	买盘
13:55:24	14.35	0.02	250	358750	买盘
13:55:15	14.33	--	5	7165	卖盘
13:55:12	14.33	-0.02	1	1433	卖盘
13:55:09	14.35	--	80	114800	买盘
13:55:06	14.35	--	3	4305	买盘
13:55:03	14.35	--	1	1435	买盘
13:54:57	14.35	0.02	30	43050	买盘
13:54:51	14.33	-0.02	5	7165	卖盘
13:54:33	14.35	--	100	143500	买盘
13:54:21	14.35	--	34	48876	卖盘
13:54:18	14.35	--	30	43050	卖盘
13:54:15	14.35	--	85	123323	买盘
13:54:12	14.35	--	50	71750	买盘
13:53:57	14.35	--	100	143500	买盘
13:53:48	14.35	0.02	5	7175	买盘
13:53:45	14.33	--	1	1433	卖盘
13:53:39	14.33	-0.02	42	60186	卖盘
13:53:30	14.35	--	4	5740	买盘
13:53:27	14.35	--	17	24395	买盘
13:53:24	14.35	--	1	1435	买盘
13:53:18	14.35	-0.01	69	99015	卖盘
13:53:15	14.36	0.01	8	11488	买盘
13:53:06	14.35	--	5	7175	卖盘
13:52:57	14.35	--	5	7175	买盘
13:52:51	14.35	--	32	45920	买盘
13:52:45	14.35	--	2	2870	买盘
13:52:36	14.35	--	134	192290	买盘
13:52:30	14.35	0.04	54	77490	买盘
13:52:27	14.31	-0.05	391	559521	卖盘
13:52:21	14.36	--	4	5744	买盘
13:52:12	14.36	0.01	12	18337	买盘
13:52:06	14.35	--	6	8940	买盘
13:52:03	14.35	--	29	41615	买盘
13:51:57	14.35	0.03	66	94710	买盘
13:51:54	14.32	--	29	41528	买盘
13:51:51	14.32	--	10	14320	买盘
13:51:48	14.32	--	208	298958	卖盘
13:51:42	14.32	--	12	17184	卖盘
13:51:39	14.32	--	8	11785	买盘
13:51:33	14.32	--	3	5398	卖盘
13:51:30	14.32	--	10	14649	买盘
13:51:27	14.32	--	23	34038	卖盘
13:51:21	14.32	-0.03	34	48688	卖盘
13:51:18	14.35	0.03	3	4305	买盘
13:51:09	14.32	--	1	1432	卖盘
13:51:03	14.32	--	49	70497	买盘
13:51:00	14.32	--	100	143200	买盘
13:50:54	14.32	-0.02	50	72702	卖盘
13:50:51	14.34	0.01	10	14340	卖盘
13:50:42	14.33	0.01	9	12897	中性盘
13:50:33	14.32	--	7	10024	卖盘
13:50:30	14.32	-0.01	20	28969	买盘
13:50:27	14.33	0.01	17	25464	卖盘
13:50:24	14.32	--	32	46153	买盘
13:50:21	14.32	--	5	7160	买盘
13:50:15	14.32	--	3	5398	卖盘
13:50:12	14.32	--	17	24344	卖盘
13:50:03	14.32	-0.02	2	2864	卖盘
13:49:45	14.34	-0.02	35	50190	卖盘
13:49:42	14.36	0.01	15	21540	买盘
13:49:36	14.35	-0.01	22	31570	卖盘
13:49:30	14.36	--	6	8616	卖盘
13:49:27	14.36	--	44	63184	卖盘
13:49:24	14.36	--	6	8616	卖盘
13:49:21	14.36	--	5	7180	卖盘
13:49:18	14.36	--	60	86160	卖盘
13:49:15	14.36	--	59	84724	卖盘
13:49:12	14.36	-0.01	13	18668	卖盘
13:49:09	14.37	-0.01	2	2874	买盘
13:49:03	14.38	--	52	74776	买盘
13:49:00	14.38	--	16	23008	买盘
13:48:57	14.38	0.01	7	10066	买盘
13:48:54	14.37	-0.01	12	17244	卖盘
13:48:51	14.38	-0.01	93	133734	卖盘
13:48:48	14.39	0.02	18	25902	买盘
13:48:42	14.37	-0.01	39	56043	卖盘
13:48:39	14.38	-0.01	4	5752	卖盘
13:48:33	14.39	0.01	4	5756	买盘
13:48:30	14.38	-0.01	2	2876	卖盘
13:48:27	14.39	--	3	4317	买盘
13:48:24	14.39	0.01	1	1439	买盘
13:48:21	14.38	-0.02	33	47454	卖盘
13:48:18	14.4	--	36	51840	买盘
13:48:15	14.4	0.01	115	165600	买盘
13:48:12	14.39	--	1	1439	买盘
13:48:09	14.39	--	20	28780	卖盘
13:48:06	14.39	--	3	4317	卖盘
13:48:03	14.39	-0.01	3	4317	中性盘
13:48:00	14.4	0.01	274	394560	买盘
13:47:57	14.39	--	20	28780	买盘
13:47:54	14.39	0.01	67	96413	买盘
13:47:51	14.38	-0.01	23	33074	卖盘
13:47:48	14.39	--	411	591429	买盘
13:47:45	14.39	--	10	14390	买盘
13:47:39	14.39	0.01	19	27341	买盘
13:47:33	14.38	-0.01	15	21570	卖盘
13:47:30	14.39	0.01	14	20146	买盘
13:47:27	14.38	-0.01	19	27322	卖盘
13:47:21	14.39	0.01	5	7195	买盘
13:47:18	14.38	--	317	455846	买盘
13:47:09	14.38	0.02	1	1438	买盘
13:47:06	14.36	-0.01	10	14360	卖盘
13:47:03	14.37	0.01	99	142263	买盘
13:47:00	14.36	--	206	295816	卖盘
13:46:57	14.36	-0.01	106	152216	卖盘
13:46:54	14.37	0.02	20	28740	买盘
13:46:48	14.35	-0.01	89	127715	卖盘
13:46:42	14.36	0.01	87	124932	买盘
13:46:39	14.35	-0.01	48	68880	卖盘
13:46:36	14.36	--	3	4308	买盘
13:46:33	14.36	--	8	11488	买盘
13:46:30	14.36	--	17	24412	买盘
13:46:27	14.36	0.01	5	7180	买盘
13:46:24	14.35	0.01	115	165025	买盘
13:46:12	14.34	--	20	28680	卖盘
13:46:06	14.34	0.01	23	32982	买盘
13:46:03	14.33	-0.01	60	85980	卖盘
13:45:57	14.34	0.01	10	14340	买盘
13:45:48	14.33	-0.01	10	14330	卖盘
13:45:45	14.34	0.01	5	7170	买盘
13:45:39	14.33	0.01	169	242177	买盘
13:45:33	14.32	0.01	152	217993	买盘
13:45:30	14.31	--	166	237546	卖盘
13:45:27	14.31	--	4	5724	卖盘
13:45:21	14.31	--	0	758	卖盘
13:45:09	14.31	--	5	7155	买盘
13:44:54	14.31	-0.01	20	28620	卖盘
13:44:51	14.32	0.01	14	20048	买盘
13:44:33	14.31	--	4	5724	买盘
13:44:24	14.31	--	5	7155	买盘
13:44:15	14.31	-0.01	2	2862	卖盘
13:43:57	14.32	0.02	14	20048	买盘
13:43:54	14.3	--	85	121550	卖盘
13:43:51	14.3	--	2	2860	卖盘
13:43:48	14.3	-0.02	4	5720	卖盘
13:43:45	14.32	0.02	10	14320	买盘
13:43:30	14.3	--	51	72930	买盘
13:43:24	14.3	--	3	4290	买盘
13:43:21	14.3	--	10	14300	买盘
13:43:09	14.3	0.01	2	2860	买盘
13:43:06	14.29	-0.01	15	21435	卖盘
13:43:03	14.3	--	14	20020	买盘
13:43:00	14.3	0.01	7	10010	买盘
13:42:54	14.29	-0.01	39	55731	卖盘
13:42:48	14.3	0.01	5	7150	买盘
13:42:45	14.29	-0.01	20	28580	卖盘
13:42:15	14.3	--	35	50050	买盘
13:42:12	14.3	0.02	38	54340	买盘
13:42:09	14.28	-0.01	29	41412	卖盘
13:42:06	14.29	-0.03	5	7145	中性盘
13:41:57	14.32	0.03	160	229120	买盘
13:41:51	14.29	--	67	96843	卖盘
13:41:48	14.29	--	10	14290	卖盘
13:41:45	14.29	--	2	2858	卖盘
13:41:42	14.29	--	0	328	买盘
13:41:33	14.29	--	30	42870	买盘
13:41:24	14.29	0.01	10	14290	买盘
13:41:21	14.28	-0.01	33	48223	卖盘
13:41:18	14.29	--	3	4287	卖盘
13:41:12	14.29	--	13	18905	买盘
13:41:06	14.29	0.01	20	28580	买盘
13:41:03	14.28	-0.01	5	7140	卖盘
13:40:51	14.29	-0.02	288	411552	卖盘
13:40:42	14.31	--	2	2862	卖盘
13:40:39	14.31	-0.01	10	14310	卖盘
13:40:36	14.32	--	7	10024	买盘
13:40:27	14.32	-0.01	19	27208	卖盘
13:40:21	14.33	0.01	14	20062	买盘
13:40:18	14.32	-0.01	10	14320	卖盘
13:40:06	14.33	--	65	93145	卖盘
13:40:03	14.33	--	2	2866	卖盘
13:40:00	14.33	--	66	94578	买盘
13:39:51	14.33	--	5	7165	买盘
13:39:45	14.33	-0.01	19	27227	卖盘
13:39:42	14.34	--	16	22944	买盘
13:39:36	14.34	--	30	43020	买盘
13:39:33	14.34	--	86	123324	买盘
13:39:30	14.34	-0.01	395	567534	卖盘
13:39:27	14.35	--	84	120540	卖盘
13:39:24	14.35	-0.01	24	34440	卖盘
13:39:21	14.36	0.01	10	14360	买盘
13:39:18	14.35	--	73	105085	买盘
13:39:15	14.35	--	10	14350	买盘
13:39:12	14.35	--	1	1435	买盘
13:39:06	14.35	--	49	70315	买盘
13:39:03	14.35	--	21	30135	买盘
13:39:00	14.35	0.01	4	5740	买盘
13:38:57	14.34	-0.01	3	4302	中性盘
13:38:48	14.35	0.02	295	423325	买盘
13:38:45	14.33	-0.02	11	15763	卖盘
13:38:42	14.35	0.01	20	28700	买盘
13:38:33	14.34	-0.01	39	55926	卖盘
13:38:27	14.35	--	3	4305	买盘
13:38:21	14.35	0.01	13	18655	买盘
13:38:18	14.34	-0.01	5	7170	卖盘
13:38:12	14.35	--	73	104755	买盘
13:38:09	14.35	--	3	4305	买盘
13:38:03	14.35	0.01	38	54530	买盘
13:38:00	14.34	0.01	2	2868	买盘
13:37:54	14.33	-0.02	1	1433	卖盘
13:37:48	14.35	--	10	14350	买盘
13:37:42	14.35	--	41	58835	买盘
13:37:33	14.35	0.01	30	43050	买盘
13:37:30	14.34	-0.01	3	4302	卖盘
13:37:27	14.35	0.01	81	116235	买盘
13:37:24	14.34	--	100	143400	卖盘
13:37:18	14.34	--	10	14340	卖盘
13:37:12	14.34	--	33	47322	卖盘
13:37:09	14.34	--	22	31548	买盘
13:37:03	14.34	--	333	477522	买盘
13:36:48	14.34	--	142	203628	买盘
13:36:45	14.34	0.01	1	1434	买盘
13:36:42	14.33	--	2	2866	卖盘
13:36:30	14.33	0.01	243	348219	买盘
13:36:27	14.32	--	20	28640	卖盘
13:36:24	14.32	--	37	52984	卖盘
13:36:12	14.32	-0.01	1	1432	卖盘
13:36:00	14.33	0.02	3	4299	买盘
13:35:51	14.31	-0.01	56	80136	卖盘
13:35:48	14.32	--	101	144632	买盘
13:35:45	14.32	0.01	113	161816	买盘
13:35:42	14.31	--	26	37206	卖盘
13:35:39	14.31	--	25	35775	卖盘
13:35:33	14.31	-0.01	11	15741	卖盘
13:35:30	14.32	0.01	53	75896	买盘
13:35:18	14.31	-0.01	5	7155	卖盘
13:35:15	14.32	0.01	1	1432	买盘
13:35:12	14.31	-0.01	2	2862	卖盘
13:35:09	14.32	0.01	238	340816	买盘
13:34:57	14.31	--	2	2862	卖盘
13:34:51	14.31	--	10	14310	卖盘
13:34:48	14.31	-0.01	20	28620	中性盘
13:34:24	14.32	0.01	12	17184	买盘
13:34:18	14.31	--	22	31482	卖盘
13:34:09	14.31	-0.01	30	42930	卖盘
13:34:06	14.32	--	11	15752	买盘
13:34:00	14.32	--	28	40096	买盘
13:33:45	14.32	0.01	35	50120	买盘
13:33:42	14.31	--	50	71550	卖盘
13:33:39	14.31	--	6	8586	卖盘
13:33:24	14.31	--	10	14310	卖盘
13:33:15	14.31	-0.01	7	10017	卖盘
13:33:12	14.32	0.01	7	10024	买盘
13:33:09	14.31	--	2	2862	卖盘
13:33:06	14.31	-0.01	33	47223	卖盘
13:33:03	14.32	--	7	10024	买盘
13:32:57	14.32	--	28	40096	买盘
13:32:54	14.32	0.01	5	7160	买盘
13:32:48	14.31	--	10	14310	卖盘
13:32:33	14.31	--	5	7155	卖盘
13:32:27	14.31	--	11	15741	卖盘
13:32:24	14.31	0.01	15	21465	买盘
13:32:18	14.3	-0.01	12	17160	卖盘
13:32:15	14.31	0.01	17	24327	买盘
13:32:09	14.3	-0.01	6	8580	卖盘
13:31:54	14.31	0.01	5	7155	买盘
13:31:48	14.3	--	8	11440	卖盘
13:31:45	14.3	--	33	47190	卖盘
13:31:39	14.3	--	179	255970	买盘
13:31:33	14.3	--	20	28600	买盘
13:31:18	14.3	0.01	2	2860	买盘
13:31:15	14.29	--	120	171480	卖盘
13:30:48	14.29	--	20	28580	卖盘
13:30:36	14.29	--	5	7145	卖盘
13:30:33	14.29	--	28	40012	买盘
13:30:30	14.29	0.01	10	14290	买盘
13:30:18	14.28	-0.01	2	2856	卖盘
13:30:12	14.29	--	5	7145	买盘
13:30:06	14.29	--	4	5716	买盘
13:29:57	14.29	--	1	1429	买盘
13:29:54	14.29	-0.01	28	40012	卖盘
13:29:45	14.3	0.01	5	7150	买盘
13:29:33	14.29	-0.01	3	4287	卖盘
13:29:27	14.3	--	30	42900	买盘
13:29:24	14.3	--	5	7150	买盘
13:29:18	14.3	--	5	7150	买盘
13:29:15	14.3	-0.01	129	184470	卖盘
13:29:03	14.31	--	41	58671	买盘
13:28:57	14.31	--	1	1431	买盘
13:28:51	14.31	--	9	12879	买盘
13:28:48	14.31	0.01	35	50085	买盘
13:28:45	14.3	--	20	28600	卖盘
13:28:33	14.3	--	2	2860	卖盘
13:28:30	14.3	--	10	14300	卖盘
13:28:18	14.3	--	1	1430	卖盘
13:28:09	14.3	0.01	50	71500	买盘
13:28:03	14.29	--	80	114320	卖盘
13:27:39	14.29	-0.01	7	10003	卖盘
13:27:33	14.3	--	10	14300	买盘
13:27:21	14.3	0.01	4	5720	买盘
13:27:18	14.29	-0.02	5	7145	卖盘
13:27:12	14.31	0.01	70	100170	买盘
13:27:09	14.3	--	16	22880	卖盘
13:27:00	14.3	-0.01	3	4290	卖盘
13:26:57	14.31	-0.01	47	67257	卖盘
13:26:36	14.32	--	2	2864	买盘
13:26:33	14.32	--	6	8592	买盘
13:26:30	14.32	--	17	24344	买盘
13:26:27	14.32	--	70	100240	买盘
13:26:24	14.32	--	1	1432	买盘
13:26:21	14.32	--	150	214800	买盘
13:26:18	14.32	0.01	10	14320	买盘
13:26:15	14.31	--	5	7155	卖盘
13:26:09	14.31	0.01	173	247563	买盘
13:26:06	14.3	-0.01	4	5720	卖盘
13:26:03	14.31	--	1	1431	买盘
13:26:00	14.31	--	2	2862	买盘
13:25:57	14.31	--	4	5724	买盘
13:25:51	14.31	--	85	121635	买盘
13:25:42	14.31	--	1	1431	买盘
13:25:18	14.31	--	38	54378	买盘
13:25:15	14.31	--	5	7155	买盘
13:25:09	14.31	--	1	1431	买盘
13:25:03	14.31	0.01	7	10017	买盘
13:25:00	14.3	-0.01	13	18590	卖盘
13:24:57	14.31	0.01	1	1431	买盘
13:24:51	14.3	--	5	7150	卖盘
13:24:48	14.3	--	5	7150	卖盘
13:24:33	14.3	--	21	30030	买盘
13:24:18	14.3	--	4	5720	买盘
13:24:15	14.3	0.01	1	1430	买盘
13:24:09	14.29	-0.01	10	14290	卖盘
13:24:03	14.3	--	14	20020	买盘
13:23:51	14.3	--	10	14300	买盘
13:23:45	14.3	-0.01	25	35750	卖盘
13:23:36	14.31	--	5	7155	买盘
13:23:33	14.31	0.02	3	4293	买盘
13:23:30	14.29	-0.01	10	14290	卖盘
13:23:24	14.3	--	48	68640	买盘
13:23:21	14.3	0.01	11	15730	买盘
13:23:12	14.29	-0.01	55	78595	卖盘
13:23:09	14.3	0.01	43	61490	买盘
13:22:57	14.29	--	3	4287	卖盘
13:22:54	14.29	-0.01	5	7145	卖盘
13:22:51	14.3	--	20	28600	买盘
13:22:36	14.3	--	7	10010	买盘
13:22:27	14.3	0.01	21	30030	买盘
13:22:21	14.29	--	30	42870	卖盘
13:22:18	14.29	--	2	2858	卖盘
13:22:15	14.29	0.01	23	32867	卖盘
13:22:12	14.28	--	15	21420	卖盘
13:21:51	14.28	--	170	242760	卖盘
13:21:45	14.28	--	3	4284	卖盘
13:21:24	14.28	--	10	14280	卖盘
13:21:09	14.28	0.01	4	5712	买盘
13:21:06	14.27	--	10	14270	中性盘
13:20:57	14.27	--	1	1427	买盘
13:20:54	14.27	--	2	2854	买盘
13:20:51	14.27	--	1	1427	买盘
13:20:42	14.27	-0.01	52	74204	卖盘
13:20:39	14.28	0.01	5	7140	买盘
13:20:33	14.27	-0.01	11	15697	卖盘
13:20:18	14.28	--	22	31416	买盘
13:20:09	14.28	--	13	18564	买盘
13:20:03	14.28	-0.01	229	327012	卖盘
13:20:00	14.29	--	5	7145	买盘
13:19:57	14.29	--	2	2858	买盘
13:19:54	14.29	--	10	14290	买盘
13:19:48	14.29	-0.01	278	397262	卖盘
13:19:36	14.3	-0.01	51	72930	卖盘
13:19:18	14.31	0.01	30	42930	买盘
13:19:09	14.3	-0.01	50	71500	卖盘
13:19:00	14.31	--	2	2862	买盘
13:18:57	14.31	--	29	41499	买盘
13:18:54	14.31	0.01	5	7155	买盘
13:18:51	14.3	-0.01	5	7150	卖盘
13:18:36	14.31	0.01	13	18603	买盘
13:18:21	14.3	-0.01	1	1430	卖盘
13:18:18	14.31	--	10	14310	卖盘
13:18:06	14.31	--	55	78705	中性盘
13:18:00	14.31	--	30	42930	中性盘
13:17:18	14.31	--	10	14310	卖盘
13:17:15	14.31	--	1	1431	卖盘
13:17:09	14.31	--	8	12163	买盘
13:17:00	14.31	--	41	59386	卖盘
13:16:48	14.31	--	58	83713	买盘
13:16:42	14.31	--	5	7155	买盘
13:16:39	14.31	0.01	30	42930	买盘
13:16:36	14.3	-0.01	10	14300	卖盘
13:16:30	14.31	0.01	34	48654	买盘
13:16:09	14.3	-0.01	20	28600	卖盘
13:16:06	14.31	--	3	4293	买盘
13:15:45	14.31	--	5	7155	买盘
13:15:39	14.31	--	4	5724	买盘
13:15:36	14.31	0.01	50	71550	买盘
13:15:24	14.3	-0.01	49	70070	卖盘
13:15:06	14.31	--	20	28620	买盘
13:15:00	14.31	--	31	44361	卖盘
13:14:54	14.31	--	19	27189	买盘
13:14:48	14.31	--	31	44361	卖盘
13:14:39	14.31	--	71	101601	卖盘
13:14:27	14.31	--	10	14310	卖盘
13:14:15	14.31	--	1	1431	卖盘
13:14:09	14.31	--	38	54378	买盘
13:14:06	14.31	--	57	81567	买盘
13:14:03	14.31	0.01	2	2862	买盘
13:14:00	14.3	-0.01	6	8580	卖盘
13:13:51	14.31	--	10	14310	买盘
13:13:48	14.31	-0.01	39	55809	卖盘
13:13:39	14.32	-0.01	4	5728	卖盘
13:13:33	14.33	0.01	10	14330	买盘
13:13:30	14.32	--	2	2864	卖盘
13:13:27	14.32	--	4	5728	卖盘
13:13:18	14.32	--	7	10024	卖盘
13:13:15	14.32	--	13	18616	买盘
13:13:03	14.32	--	1	1432	买盘
13:12:54	14.32	0.01	5	7160	买盘
13:12:39	14.31	-0.01	50	71550	卖盘
13:12:36	14.32	0.01	1	1432	买盘
13:12:33	14.31	--	15	21465	卖盘
13:12:30	14.31	--	10	14310	卖盘
13:12:24	14.31	--	3	4293	卖盘
13:12:21	14.31	--	17	24327	卖盘
13:12:18	14.31	--	5	7155	卖盘
13:12:09	14.31	0.01	5	7155	中性盘
13:11:57	14.3	-0.01	46	65780	卖盘
13:11:54	14.31	--	2	2862	卖盘
13:11:51	14.31	0.01	6	8586	买盘
13:11:48	14.3	-0.01	15	21450	卖盘
13:11:27	14.31	0.01	1	1431	买盘
13:11:24	14.3	-0.02	1	1430	卖盘
13:11:18	14.32	--	3	4296	买盘
13:11:15	14.32	0.02	11	15752	买盘
13:11:12	14.3	-0.01	100	143000	卖盘
13:11:09	14.31	-0.01	3	4293	卖盘
13:11:03	14.32	0.02	15	21480	买盘
13:11:00	14.3	-0.02	15	21450	卖盘
13:10:57	14.32	--	10	14320	买盘
13:10:51	14.32	0.01	11	15752	买盘
13:10:48	14.31	0.01	10	14310	买盘
13:10:39	14.3	-0.01	95	135850	卖盘
13:10:36	14.31	--	12	17172	买盘
13:10:33	14.31	--	1	1431	买盘
13:10:27	14.31	--	3	4293	买盘
13:10:24	14.31	--	120	171720	卖盘
13:10:21	14.31	-0.01	15	21465	卖盘
13:10:18	14.32	--	9	12888	买盘
13:10:09	14.32	--	13	18616	买盘
13:09:54	14.32	0.01	30	42960	买盘
13:09:48	14.31	--	12	17172	卖盘
13:09:27	14.31	0.01	1	1431	买盘
13:09:24	14.3	-0.02	3	4290	卖盘
13:09:18	14.32	0.02	23	32936	买盘
13:09:15	14.3	--	3	4290	卖盘
13:09:12	14.3	--	183	261690	买盘
13:08:45	14.3	--	10	14300	买盘
13:08:39	14.3	--	50	71500	买盘
13:08:27	14.3	--	10	14300	买盘
13:08:21	14.3	--	1	1430	买盘
13:08:03	14.3	-0.01	35	50050	卖盘
13:08:00	14.31	--	45	64395	买盘
13:07:54	14.31	--	1	1431	买盘
13:07:42	14.31	0.01	20	28620	买盘
13:07:33	14.3	0.01	188	268840	买盘
13:07:30	14.29	--	30	42870	卖盘
13:07:24	14.29	-0.01	16	22864	卖盘
13:07:09	14.3	--	12	17160	买盘
13:07:03	14.3	0.01	11	15730	买盘
13:07:00	14.29	-0.01	10	14290	卖盘
13:06:45	14.3	--	5	7150	买盘
13:06:39	14.3	--	2	2860	买盘
13:06:33	14.3	--	106	151580	卖盘
13:06:21	14.3	--	40	57200	卖盘
13:06:18	14.3	--	18	25740	买盘
13:06:15	14.3	--	56	80080	买盘
13:06:06	14.3	0.01	6	8580	买盘
13:06:03	14.29	--	20	28580	卖盘
13:06:00	14.29	-0.01	2	2858	卖盘
13:05:54	14.3	0.01	28	40040	买盘
13:05:51	14.29	-0.01	5	7145	卖盘
13:05:48	14.3	--	35	50050	买盘
13:05:45	14.3	--	1	1430	买盘
13:05:42	14.3	--	10	14300	买盘
13:05:36	14.3	--	4	5720	买盘
13:05:33	14.3	--	38	54340	买盘
13:05:30	14.3	--	10	14300	买盘
13:05:21	14.3	--	7	10010	卖盘
13:05:15	14.3	--	5	7150	卖盘
13:05:12	14.3	0.01	9	12870	买盘
13:05:09	14.29	--	5	7145	卖盘
13:04:54	14.29	-0.01	129	184341	卖盘
13:04:48	14.3	--	26	37180	买盘
13:04:45	14.3	--	10	14300	买盘
13:04:39	14.3	--	25	35750	卖盘
13:04:36	14.3	--	13	18590	卖盘
13:04:24	14.3	--	7	10010	卖盘
13:04:21	14.3	--	1	1430	卖盘
13:04:18	14.3	-0.01	10	14300	卖盘
13:04:03	14.31	--	29	41499	卖盘
13:03:57	14.31	--	77	110187	卖盘
13:03:51	14.31	-0.01	1	1431	卖盘
13:03:42	14.32	--	5	7160	买盘
13:03:39	14.32	--	47	67304	卖盘
13:03:33	14.32	--	3	4296	卖盘
13:03:27	14.32	-0.01	12	17184	卖盘
13:03:21	14.33	--	19	27227	买盘
13:03:18	14.33	--	1	1433	买盘
13:03:12	14.33	0.01	2	2866	买盘
13:03:09	14.32	-0.01	5	7160	卖盘
13:03:03	14.33	--	4	5732	买盘
13:03:00	14.33	--	48	68784	卖盘
13:02:57	14.33	-0.01	7	10031	卖盘
13:02:54	14.34	0.01	13	18642	买盘
13:02:36	14.33	--	8	11464	卖盘
13:02:33	14.33	--	13	18629	卖盘
13:02:30	14.33	-0.01	69	98877	卖盘
13:02:24	14.34	0.01	31	44454	买盘
13:02:18	14.33	-0.01	3	4299	卖盘
13:02:06	14.34	--	16	22944	买盘
13:02:03	14.34	0.01	8	11472	买盘
13:02:00	14.33	-0.01	5	7165	卖盘
13:01:57	14.34	--	20	28680	买盘
13:01:51	14.34	0.01	5	7170	买盘
13:01:48	14.33	-0.01	5	7165	卖盘
13:01:45	14.34	--	4	5736	买盘
13:01:42	14.34	0.01	10	14340	买盘
13:01:39	14.33	--	35	50155	卖盘
13:01:33	14.33	--	127	181991	买盘
13:01:30	14.33	--	18	25794	买盘
13:01:27	14.33	--	14	20062	买盘
13:01:24	14.33	--	22	31526	买盘
13:01:21	14.33	0.01	58	83114	买盘
13:01:06	14.32	--	71	101672	买盘
13:01:00	14.32	0.01	10	14320	买盘
13:00:45	14.31	--	100	143100	卖盘
13:00:42	14.31	0.01	320	457920	买盘
13:00:36	14.3	--	15	21450	买盘
13:00:33	14.3	--	32	45760	买盘
13:00:30	14.3	--	10	14300	买盘
13:00:24	14.3	--	27	38610	买盘
13:00:21	14.3	--	10	14300	买盘
13:00:18	14.3	0.01	20	28600	买盘
13:00:12	14.29	--	1	1429	卖盘
13:00:09	14.29	-0.01	8	11432	卖盘
13:00:06	14.3	--	7	10010	买盘
13:00:03	14.3	0.01	290	414700	买盘
13:00:00	14.29	--	0	0	买盘
11:30:00	14.29	--	0	0	买盘
11:29:45	14.29	0.01	20	28580	买盘
11:29:21	14.28	--	30	42840	卖盘
11:29:15	14.28	0.01	3	4284	买盘
11:29:12	14.27	-0.01	14	19978	卖盘
11:29:09	14.28	--	22	31416	买盘
11:29:03	14.28	--	1	1428	买盘
11:28:54	14.28	0.01	3	4284	买盘
11:28:51	14.27	--	10	14270	卖盘
11:28:42	14.27	--	29	41383	买盘
11:28:27	14.27	-0.02	171	244017	卖盘
11:28:24	14.29	--	11	15718	买盘
11:28:18	14.29	--	16	22864	买盘
11:28:06	14.29	--	8	11432	买盘
11:28:03	14.29	--	3	4287	买盘
11:28:00	14.29	--	48	68592	卖盘
11:27:51	14.29	--	85	121465	买盘
11:27:48	14.29	--	5	7145	卖盘
11:27:30	14.29	--	107	152903	买盘
11:27:24	14.29	--	100	142900	买盘
11:27:21	14.29	-0.01	102	145758	卖盘
11:27:15	14.3	0.01	138	197340	买盘
11:27:12	14.29	--	2	2858	卖盘
11:27:09	14.29	--	39	56302	买盘
11:27:03	14.29	--	11	15718	买盘
11:26:57	14.29	--	15	21435	买盘
11:26:54	14.29	-0.01	39	56588	卖盘
11:26:51	14.3	0.01	14	20020	买盘
11:26:48	14.29	-0.01	7	10003	卖盘
11:26:45	14.3	0.01	13	18590	买盘
11:26:42	14.29	--	5	7145	卖盘
11:26:39	14.29	--	33	47157	卖盘
11:26:24	14.29	--	6	9145	买盘
11:26:21	14.29	--	20	28580	买盘
11:26:18	14.29	--	80	114320	买盘
11:26:15	14.29	--	22	31437	买盘
11:26:12	14.29	--	173	247216	买盘
11:26:06	14.29	0.02	75	107175	买盘
11:26:03	14.27	-0.01	44	63644	卖盘
11:25:57	14.28	--	36	51408	卖盘
11:25:51	14.28	--	164	234192	买盘
11:25:48	14.28	--	173	247044	买盘
11:25:42	14.28	--	68	97104	卖盘
11:25:39	14.28	0.01	61	87108	买盘
11:25:27	14.27	-0.01	100	142700	卖盘
11:25:24	14.28	--	24	34272	买盘
11:25:18	14.28	0.01	4	5712	买盘
11:25:12	14.27	--	19	27683	买盘
11:25:09	14.27	--	20	28540	买盘
11:25:00	14.27	--	46	65642	买盘
11:24:57	14.27	--	3	4281	买盘
11:24:54	14.27	--	25	36531	卖盘
11:24:51	14.27	--	10	14270	卖盘
11:24:48	14.27	0.01	4	6278	买盘
11:24:45	14.26	-0.01	4	5704	卖盘
11:24:42	14.27	--	10	14270	买盘
11:24:30	14.27	--	93	133567	卖盘
11:24:27	14.27	--	20	28540	卖盘
11:24:21	14.27	0.02	61	87617	买盘
11:24:15	14.25	--	100	142500	卖盘
11:24:12	14.25	--	4	5700	买盘
11:24:09	14.25	--	5	7125	买盘
11:24:03	14.25	-0.01	13	18525	卖盘
11:24:00	14.26	--	1	1426	买盘
11:23:57	14.26	--	15	21390	买盘
11:23:54	14.26	--	20	28520	买盘
11:23:48	14.26	0.01	64	91264	买盘
11:23:45	14.25	--	10	14250	卖盘
11:23:42	14.25	--	1	1425	卖盘
11:23:39	14.25	0.01	2	2850	卖盘
11:23:36	14.24	-0.02	5	7120	卖盘
11:23:33	14.26	0.02	307	437782	买盘
11:23:30	14.24	0.01	97	138128	中性盘
11:23:27	14.23	-0.02	51	72573	卖盘
11:23:24	14.25	--	65	92625	买盘
11:23:21	14.25	0.01	29	41325	买盘
11:23:12	14.24	--	8	11392	买盘
11:23:09	14.24	--	4	5696	买盘
11:23:06	14.24	--	5	7120	卖盘
11:23:03	14.24	--	58	82592	买盘
11:23:00	14.24	-0.01	256	364544	卖盘
11:22:57	14.25	0.01	55	78375	买盘
11:22:51	14.24	--	8	11392	买盘
11:22:48	14.24	0.01	24	34176	买盘
11:22:45	14.23	-0.02	11	15653	卖盘
11:22:42	14.25	--	21	29925	买盘
11:22:36	14.25	0.02	1	1425	买盘
11:22:33	14.23	0.01	58	82534	中性盘
11:22:27	14.22	-0.03	144	204768	卖盘
11:22:24	14.25	-0.01	100	142500	卖盘
11:22:15	14.26	--	49	69874	卖盘
11:22:09	14.26	--	1	1426	买盘
11:22:06	14.26	--	4	5704	卖盘
11:22:03	14.26	--	117	166842	卖盘
11:22:00	14.26	-0.01	7	9982	卖盘
11:21:57	14.27	--	20	28540	中性盘
11:21:51	14.27	--	1	1427	买盘
11:21:48	14.27	--	1	1427	买盘
11:21:45	14.27	--	18	25686	卖盘
11:21:42	14.27	--	22	31394	卖盘
11:21:39	14.27	--	5	7135	卖盘
11:21:36	14.27	--	12	17124	卖盘
11:21:30	14.27	-0.01	11	15697	卖盘
11:21:27	14.28	0.01	58	82824	买盘
11:21:21	14.27	-0.01	2	2854	卖盘
11:21:09	14.28	--	15	21420	卖盘
11:20:57	14.28	--	13	18564	卖盘
11:20:54	14.28	-0.01	1	1428	卖盘
11:20:51	14.29	--	30	42870	买盘
11:20:48	14.29	--	120	171480	买盘
11:20:45	14.29	--	8	11432	买盘
11:20:33	14.29	--	82	117178	卖盘
11:20:30	14.29	--	10	14290	卖盘
11:20:24	14.29	--	13	18577	买盘
11:20:21	14.29	--	5	7145	卖盘
11:20:18	14.29	--	10	14290	卖盘
11:20:09	14.29	-0.01	5	7145	卖盘
11:20:06	14.3	--	99	141570	买盘
11:20:03	14.3	--	7	10010	买盘
11:19:45	14.3	--	70	100100	卖盘
11:19:30	14.3	0.01	10	14300	买盘
11:19:21	14.29	--	25	35725	买盘
11:19:15	14.29	0.02	11	15718	买盘
11:19:09	14.27	-0.02	4	5708	卖盘
11:19:06	14.29	0.02	3	4287	买盘
11:19:03	14.27	--	22	31394	卖盘
11:18:57	14.27	-0.02	20	28540	卖盘
11:18:54	14.29	0.02	7	10003	买盘
11:18:51	14.27	--	27	38529	卖盘
11:18:33	14.27	-0.01	90	128430	卖盘
11:18:27	14.28	-0.01	7	9996	中性盘
11:18:18	14.29	--	15	21435	买盘
11:18:12	14.29	0.01	32	45728	买盘
11:18:09	14.28	--	2	2856	卖盘
11:18:03	14.28	--	25	35700	卖盘
11:18:00	14.28	-0.01	5	7140	卖盘
11:17:57	14.29	0.01	10	14290	买盘
11:17:51	14.28	--	5	7140	卖盘
11:17:45	14.28	--	10	14280	卖盘
11:17:42	14.28	-0.01	10	14280	卖盘
11:17:36	14.29	-0.03	44	62875	卖盘
11:17:30	14.32	0.03	5	7160	买盘
11:17:21	14.29	-0.03	62	88598	卖盘
11:17:15	14.32	--	146	209072	卖盘
11:17:12	14.32	--	10	14320	卖盘
11:17:09	14.32	--	12	17184	卖盘
11:17:06	14.32	--	142	203344	买盘
11:17:00	14.32	--	35	50120	卖盘
11:16:39	14.32	-0.01	34	48688	卖盘
11:16:36	14.33	0.01	391	560303	买盘
11:16:27	14.32	0.03	1	1432	买盘
11:16:18	14.29	-0.03	5	7145	中性盘
11:16:03	14.32	0.04	461	660152	买盘
11:16:00	14.28	--	2	2856	卖盘
11:15:51	14.28	--	7	9996	卖盘
11:15:48	14.28	0.01	61	87108	买盘
11:15:45	14.27	-0.01	32	45664	卖盘
11:15:39	14.28	--	30	42840	买盘
11:15:36	14.28	--	21	29988	买盘
11:15:33	14.28	0.01	25	35700	买盘
11:15:24	14.27	-0.01	5	7135	卖盘
11:15:21	14.28	0.01	3	4284	买盘
11:15:12	14.27	--	5	7135	卖盘
11:15:09	14.27	0.01	160	228320	买盘
11:15:06	14.26	-0.01	11	15686	卖盘
11:15:03	14.27	--	19	27113	买盘
11:15:00	14.27	--	9	12843	买盘
11:14:57	14.27	--	63	89901	卖盘
11:14:54	14.27	--	69	98463	卖盘
11:14:51	14.27	-0.01	7	9989	卖盘
11:14:48	14.28	--	62	88536	买盘
11:14:45	14.28	0.01	2	2856	买盘
11:14:39	14.27	--	1	1427	卖盘
11:14:27	14.27	--	39	55653	卖盘
11:14:24	14.27	--	3	4281	卖盘
11:14:18	14.27	--	50	71350	卖盘
11:14:12	14.27	--	6	8562	卖盘
11:14:09	14.27	--	25	35675	买盘
11:14:03	14.27	-0.01	80	114160	卖盘
11:14:00	14.28	--	97	138516	买盘
11:13:57	14.28	-0.01	16	22848	卖盘
11:13:51	14.29	0.01	5	7145	买盘
11:13:42	14.28	-0.02	103	147084	卖盘
11:13:39	14.3	0.01	5	7150	买盘
11:13:36	14.29	--	54	77166	卖盘
11:13:30	14.29	--	41	58589	卖盘
11:13:27	14.29	-0.01	41	58589	卖盘
11:13:24	14.3	0.01	15	21450	买盘
11:13:21	14.29	--	20	28580	卖盘
11:13:18	14.29	--	4	5716	卖盘
11:13:15	14.29	--	30	42870	卖盘
11:13:12	14.29	--	72	102888	卖盘
11:13:09	14.29	-0.01	32	45728	卖盘
11:13:06	14.3	0.01	5	7150	买盘
11:13:03	14.29	--	116	165764	卖盘
11:12:57	14.29	-0.01	50	71450	卖盘
11:12:54	14.3	0.01	12	17160	买盘
11:12:51	14.29	-0.01	152	217208	卖盘
11:12:45	14.3	--	20	28600	买盘
11:12:42	14.3	--	10	14300	买盘
11:12:39	14.3	--	19	27170	卖盘
11:12:36	14.3	-0.01	40	57200	卖盘
11:12:33	14.31	0.01	24	34344	买盘
11:12:30	14.3	-0.01	7	10010	卖盘
11:12:24	14.31	0.01	32	45792	买盘
11:12:21	14.3	--	22	31460	卖盘
11:12:18	14.3	--	25	35750	卖盘
11:12:15	14.3	--	12	17160	卖盘
11:12:12	14.3	--	30	42900	卖盘
11:12:09	14.3	-0.01	104	148720	卖盘
11:12:06	14.31	0.01	3	4293	买盘
11:12:00	14.3	-0.01	19	27170	卖盘
11:11:57	14.31	--	16	22896	卖盘
11:11:45	14.31	-0.02	37	52947	卖盘
11:11:42	14.33	0.01	51	73083	中性盘
11:11:39	14.32	--	20	28640	卖盘
11:11:36	14.32	--	10	14320	卖盘
11:11:33	14.32	--	51	73032	卖盘
11:11:30	14.32	-0.02	51	73032	卖盘
11:11:24	14.34	--	7	10038	卖盘
11:11:21	14.34	-0.01	25	35850	卖盘
11:11:18	14.35	0.01	352	505120	买盘
11:11:15	14.34	-0.01	200	286800	卖盘
11:11:06	14.35	--	89	127715	卖盘
11:11:03	14.35	--	53	76055	卖盘
11:11:00	14.35	--	14	20090	卖盘
11:10:54	14.35	-0.01	176	252560	卖盘
11:10:51	14.36	0.01	27	38772	买盘
11:10:48	14.35	-0.01	43	61705	卖盘
11:10:45	14.36	0.01	2	2872	买盘
11:10:42	14.35	--	67	96145	卖盘
11:10:39	14.35	--	20	28700	卖盘
11:10:36	14.35	--	5	7175	卖盘
11:10:33	14.35	-0.01	20	28700	卖盘
11:10:24	14.36	0.01	11	15796	买盘
11:10:21	14.35	--	57	81795	卖盘
11:10:18	14.35	-0.01	5	7175	卖盘
11:10:15	14.36	--	6	8616	买盘
11:10:12	14.36	--	1	1436	买盘
11:10:00	14.36	--	14	20104	卖盘
11:09:54	14.36	--	22	31592	卖盘
11:09:51	14.36	--	11	15796	卖盘
11:09:48	14.36	0.01	3	4308	中性盘
11:09:39	14.35	--	5	7175	卖盘
11:09:33	14.35	-0.02	5	7175	卖盘
11:09:27	14.37	0.02	146	209802	买盘
11:09:24	14.35	--	118	169330	卖盘
11:09:21	14.35	--	50	71750	卖盘
11:09:12	14.35	0.01	104	149240	买盘
11:09:09	14.34	--	6	8604	卖盘
11:09:06	14.34	--	3	4302	中性盘
11:08:54	14.34	--	30	43020	中性盘
11:08:51	14.34	0.01	10	14340	中性盘
11:08:39	14.33	-0.01	21	30093	卖盘
11:08:36	14.34	0.01	50	71700	买盘
11:08:30	14.33	--	2	2866	卖盘
11:08:24	14.33	-0.01	20	28660	卖盘
11:08:15	14.34	--	21	30114	买盘
11:08:09	14.34	--	113	162042	卖盘
11:08:06	14.34	--	113	162042	卖盘
11:07:57	14.34	--	30	43020	卖盘
11:07:51	14.34	--	10	14340	卖盘
11:07:48	14.34	--	22	31548	卖盘
11:07:45	14.34	-0.01	20	28680	卖盘
11:07:36	14.35	--	3	4305	买盘
11:07:27	14.35	0.01	25	35875	买盘
11:07:21	14.34	-0.01	55	78870	卖盘
11:07:18	14.35	--	24	34440	买盘
11:07:06	14.35	--	41	58835	买盘
11:07:00	14.35	--	10	14350	买盘
11:06:54	14.35	--	11	15785	卖盘
11:06:51	14.35	--	20	28700	卖盘
11:06:48	14.35	0.01	100	143500	中性盘
11:06:45	14.34	-0.01	15	21510	卖盘
11:06:39	14.35	0.01	82	117670	买盘
11:06:33	14.34	-0.01	3	4302	卖盘
11:06:30	14.35	-0.02	10	14350	卖盘
11:06:27	14.37	0.01	340	488580	买盘
11:06:24	14.36	--	30	43080	卖盘
11:06:21	14.36	--	23	33028	卖盘
11:06:15	14.36	--	2	2872	卖盘
11:06:12	14.36	0.01	285	409260	买盘
11:06:09	14.35	--	10	14350	买盘
11:06:03	14.35	--	43	61705	买盘
11:05:57	14.35	--	81	116235	卖盘
11:05:45	14.35	-0.01	1	1435	卖盘
11:05:42	14.36	0.01	20	28720	买盘
11:05:39	14.35	-0.01	9	12915	卖盘
11:05:36	14.36	0.01	14	20104	买盘
11:05:33	14.35	--	10	14350	卖盘
11:05:30	14.35	--	37	53095	卖盘
11:05:27	14.35	-0.01	183	262605	卖盘
11:05:18	14.36	0.01	10	14360	买盘
11:05:15	14.35	--	119	170765	卖盘
11:05:12	14.35	--	10	14350	卖盘
11:05:03	14.35	--	28	40180	卖盘
11:04:54	14.35	--	107	153545	卖盘
11:04:42	14.35	--	33	47355	卖盘
11:04:39	14.35	-0.01	10	14350	卖盘
11:04:36	14.36	--	5	7180	买盘
11:04:33	14.36	0.01	4	5744	买盘
11:04:30	14.35	-0.01	5	7175	卖盘
11:04:24	14.36	0.01	3	4308	买盘
11:04:18	14.35	--	2	2870	卖盘
11:04:15	14.35	-0.01	20	28700	卖盘
11:04:09	14.36	0.01	3	4308	买盘
11:04:06	14.35	-0.01	6	8610	卖盘
11:04:03	14.36	0.01	5	7180	买盘
11:03:54	14.35	--	10	14350	卖盘
11:03:51	14.35	--	46	66010	卖盘
11:03:48	14.35	--	10	14350	卖盘
11:03:45	14.35	--	52	74620	卖盘
11:03:42	14.35	--	16	22960	卖盘
11:03:36	14.35	--	19	27265	卖盘
11:03:27	14.35	--	40	57400	卖盘
11:03:24	14.35	--	36	51660	卖盘
11:03:18	14.35	--	1	1435	卖盘
11:03:15	14.35	--	22	31570	卖盘
11:03:09	14.35	--	50	71750	卖盘
11:03:06	14.35	--	30	43050	卖盘
11:03:00	14.35	-0.02	10	14350	卖盘
11:02:57	14.37	0.01	70	100590	买盘
11:02:48	14.36	-0.01	6	8616	卖盘
11:02:42	14.37	--	41	58917	卖盘
11:02:39	14.37	--	30	43110	卖盘
11:02:33	14.37	--	88	126456	卖盘
11:02:30	14.37	--	7	10059	卖盘
11:02:27	14.37	--	28	40236	卖盘
11:02:24	14.37	--	31	44547	卖盘
11:02:21	14.37	--	2	2874	卖盘
11:02:18	14.37	-0.01	1	1437	卖盘
11:02:15	14.38	0.01	23	33074	买盘
11:02:12	14.37	--	21	30177	卖盘
11:02:09	14.37	0.02	232	333384	买盘
11:02:03	14.35	--	80	114800	卖盘
11:02:00	14.35	-0.02	3	4305	卖盘
11:01:57	14.37	--	11	15807	买盘
11:01:54	14.37	--	58	83346	买盘
11:01:51	14.37	--	23	33051	卖盘
11:01:45	14.37	--	8	11496	卖盘
11:01:36	14.37	-0.01	60	86220	卖盘
11:01:33	14.38	0.01	47	67586	中性盘
11:01:18	14.37	-0.01	4	5748	卖盘
11:01:15	14.38	-0.01	5	7190	卖盘
11:01:12	14.39	--	5	7195	买盘
11:01:06	14.39	0.01	33	47487	买盘
11:01:03	14.38	--	10	14380	买盘
11:01:00	14.38	--	3	4314	买盘
11:00:57	14.38	--	23	33074	买盘
11:00:51	14.38	-0.02	137	197868	卖盘
11:00:42	14.4	0.01	18	25920	买盘
11:00:39	14.39	--	124	178436	卖盘
11:00:33	14.39	--	59	84901	卖盘
11:00:24	14.39	0.01	148	213547	买盘
11:00:21	14.38	-0.01	10	14380	卖盘
11:00:18	14.39	0.01	14	20146	买盘
11:00:15	14.38	-0.01	52	74776	卖盘
11:00:12	14.39	--	2	3741	卖盘
11:00:09	14.39	0.01	7	10648	买盘
11:00:03	14.38	-0.01	91	130858	卖盘
11:00:00	14.39	0.01	6	8634	买盘
10:59:57	14.38	--	15	21570	卖盘
10:59:54	14.38	-0.01	10	14380	中性盘
10:59:51	14.39	0.03	64	92096	买盘
10:59:48	14.36	-0.03	5	7180	卖盘
10:59:42	14.39	0.03	75	107925	买盘
10:59:39	14.36	--	1	1436	卖盘
10:59:36	14.36	-0.02	14	20104	卖盘
10:59:33	14.38	--	121	173998	买盘
10:59:27	14.38	--	191	274658	买盘
10:59:21	14.38	0.03	53	76214	买盘
10:59:18	14.35	-0.03	535	767811	卖盘
10:59:12	14.38	0.01	60	86280	买盘
10:59:09	14.37	-0.01	5	7185	卖盘
10:59:06	14.38	--	24	34512	买盘
10:59:00	14.38	0.01	27	38826	买盘
10:58:57	14.37	-0.01	47	68401	卖盘
10:58:48	14.38	--	39	56082	卖盘
10:58:45	14.38	--	107	153866	卖盘
10:58:42	14.38	--	3	4314	卖盘
10:58:39	14.38	--	3	4314	卖盘
10:58:36	14.38	--	11	15818	买盘
10:58:33	14.38	--	48	69599	买盘
10:58:30	14.38	--	32	46016	买盘
10:58:27	14.38	--	12	18118	卖盘
10:58:24	14.38	--	14	20707	买盘
10:58:18	14.38	--	34	48892	买盘
10:58:15	14.38	--	26	37388	买盘
10:58:12	14.38	0.01	19	27322	买盘
10:58:09	14.37	-0.01	10	14370	卖盘
10:58:06	14.38	--	29	41702	买盘
10:58:03	14.38	0.01	206	296228	买盘
10:58:00	14.37	-0.01	16	22992	卖盘
10:57:57	14.38	0.01	44	63272	买盘
10:57:54	14.37	-0.01	2	2874	卖盘
10:57:51	14.38	0.01	29	41702	买盘
10:57:48	14.37	0.02	153	219861	买盘
10:57:42	14.35	--	65	93275	卖盘
10:57:39	14.35	--	2	2870	卖盘
10:57:36	14.35	--	40	57400	卖盘
10:57:33	14.35	0.01	62	88970	买盘
10:57:30	14.34	--	20	28680	卖盘
10:57:27	14.34	-0.01	15	21510	卖盘
10:57:24	14.35	--	22	31570	买盘
10:57:21	14.35	--	48	68880	买盘
10:57:18	14.35	--	5	7175	买盘
10:57:12	14.35	-0.01	12	17220	买盘
10:57:09	14.36	0.01	10	14360	买盘
10:57:06	14.35	--	10	14350	卖盘
10:57:03	14.35	--	42	60270	卖盘
10:57:00	14.35	--	98	140630	卖盘
10:56:57	14.35	--	23	33005	卖盘
10:56:54	14.35	-0.01	155	222425	卖盘
10:56:51	14.36	0.01	34	48824	买盘
10:56:48	14.35	--	2	2870	卖盘
10:56:45	14.35	--	33	47355	卖盘
10:56:42	14.35	-0.01	32	45920	卖盘
10:56:36	14.36	0.01	42	60312	买盘
10:56:27	14.35	-0.01	9	12915	卖盘
10:56:24	14.36	-0.01	18	25848	中性盘
10:56:21	14.37	--	159	228483	买盘
10:56:18	14.37	--	1	1437	买盘
10:56:15	14.37	--	3	4311	卖盘
10:56:12	14.37	-0.01	13	18681	卖盘
10:56:09	14.38	0.01	38	54644	买盘
10:56:06	14.37	-0.01	23	33051	卖盘
10:55:57	14.38	--	213	306294	卖盘
10:55:54	14.38	-0.01	30	43140	卖盘
10:55:51	14.39	--	50	71950	买盘
10:55:48	14.39	-0.01	22	31658	买盘
10:55:42	14.4	--	5	7200	买盘
10:55:39	14.4	--	24	34560	买盘
10:55:36	14.4	--	9	12960	买盘
10:55:33	14.4	--	14	20160	卖盘
10:55:30	14.4	-0.01	15	21600	卖盘
10:55:27	14.41	-0.01	10	14410	买盘
10:55:24	14.42	-0.01	19	27398	卖盘
10:55:21	14.43	--	72	103896	买盘
10:55:15	14.43	--	62	89466	卖盘
10:55:12	14.43	--	174	251082	卖盘
10:55:09	14.43	0.02	117	168831	买盘
10:55:06	14.41	-0.02	305	439505	卖盘
10:55:03	14.43	-0.01	13	18759	中性盘
10:55:00	14.44	0.01	23	33212	买盘
10:54:57	14.43	0.01	20	28860	中性盘
10:54:48	14.42	-0.03	186	268212	卖盘
10:54:45	14.45	0.05	28	40460	买盘
10:54:42	14.4	--	495	712800	卖盘
10:54:39	14.4	0.01	5	7200	卖盘
10:54:36	14.39	-0.01	239	343921	卖盘
10:54:33	14.4	--	20	28800	卖盘
10:54:30	14.4	0.01	239	344160	买盘
10:54:27	14.39	--	99	142461	卖盘
10:54:24	14.39	--	252	362628	卖盘
10:54:21	14.39	--	14	20146	卖盘
10:54:18	14.39	--	23	33097	卖盘
10:54:15	14.39	--	122	175558	买盘
10:54:09	14.39	0.02	217	312263	买盘
10:54:06	14.37	-0.01	11	15807	卖盘
10:54:03	14.38	0.02	361	519118	买盘
10:54:00	14.36	-0.02	118	169448	卖盘
10:53:57	14.38	0.01	15	21570	买盘
10:53:54	14.37	--	48	68976	买盘
10:53:51	14.37	--	120	172440	买盘
10:53:48	14.37	--	75	107775	买盘
10:53:45	14.37	0.01	1	1437	买盘
10:53:42	14.36	0.01	10	14360	中性盘
10:53:39	14.35	--	36	51660	卖盘
10:53:36	14.35	-0.01	77	110495	卖盘
10:53:33	14.36	0.01	50	71800	买盘
10:53:30	14.35	--	32	45920	卖盘
10:53:27	14.35	--	247	354445	买盘
10:53:24	14.35	--	16	22960	买盘
10:53:21	14.35	--	73	104755	买盘
10:53:18	14.35	--	38	54530	买盘
10:53:15	14.35	0.01	24	34440	买盘
10:53:12	14.34	-0.01	140	200760	卖盘
10:53:09	14.35	0.01	60	86100	买盘
10:53:06	14.34	--	54	77436	买盘
10:53:03	14.34	-0.01	64	91776	卖盘
10:53:00	14.35	0.02	109	156415	买盘
10:52:57	14.33	-0.01	95	136135	卖盘
10:52:54	14.34	-0.01	15	21510	卖盘
10:52:51	14.35	--	29	41615	买盘
10:52:48	14.35	0.01	98	140630	买盘
10:52:45	14.34	-0.01	31	44454	卖盘
10:52:42	14.35	--	85	121975	买盘
10:52:39	14.35	0.01	94	134890	买盘
10:52:36	14.34	--	5	7170	卖盘
10:52:33	14.34	--	91	130494	买盘
10:52:30	14.34	0.01	71	101814	买盘
10:52:27	14.33	-0.01	67	96011	卖盘
10:52:24	14.34	--	38	54492	买盘
10:52:21	14.34	--	266	381444	买盘
10:52:18	14.34	--	138	197892	买盘
10:52:15	14.34	0.01	90	129060	买盘
10:52:12	14.33	-0.01	42	60186	卖盘
10:52:09	14.34	--	20	28680	买盘
10:52:06	14.34	0.01	163	233742	买盘
10:52:03	14.33	--	171	245043	买盘
10:52:00	14.33	--	31	44423	买盘
10:51:57	14.33	0.01	43	61619	买盘
10:51:54	14.32	--	37	52984	卖盘
10:51:51	14.32	--	44	63008	买盘
10:51:48	14.32	0.01	9	12888	买盘
10:51:45	14.31	0.02	3	4293	中性盘
10:51:42	14.29	-0.01	257	367253	卖盘
10:51:39	14.3	--	29	41470	买盘
10:51:36	14.3	0.01	446	637780	买盘
10:51:33	14.29	--	109	155761	买盘
10:51:30	14.29	--	40	57160	买盘
10:51:27	14.29	--	22	31437	买盘
10:51:21	14.29	0.01	90	128609	买盘
10:51:18	14.28	--	10	14280	卖盘
10:51:15	14.28	0.01	654	933912	买盘
10:51:12	14.27	--	26	37102	买盘
10:51:09	14.27	0.01	42	59934	买盘
10:51:06	14.26	--	7	9982	买盘
10:51:03	14.26	--	45	64170	卖盘
10:51:00	14.26	--	4	5704	卖盘
10:50:57	14.26	--	39	55614	买盘
10:50:54	14.26	0.01	31	44206	买盘
10:50:51	14.25	--	19	27075	卖盘
10:50:48	14.25	--	14	19950	卖盘
10:50:45	14.25	--	43	61275	卖盘
10:50:42	14.25	--	15	21375	卖盘
10:50:39	14.25	--	18	25650	卖盘
10:50:36	14.25	0.01	2	2850	买盘
10:50:33	14.24	-0.01	179	254896	买盘
10:50:30	14.25	0.01	200	285000	买盘
10:50:24	14.24	--	20	28480	买盘
10:50:21	14.24	--	35	49840	买盘
10:50:09	14.24	-0.02	16	22784	卖盘
10:50:06	14.26	--	80	114080	买盘
10:50:03	14.26	0.01	81	115506	买盘
10:50:00	14.25	--	1	1425	卖盘
10:49:54	14.25	-0.01	13	18525	卖盘
10:49:48	14.26	--	32	45632	买盘
10:49:45	14.26	0.01	21	29946	买盘
10:49:42	14.25	-0.02	12	17100	卖盘
10:49:36	14.27	0.02	11	15697	买盘
10:49:33	14.25	-0.03	37	52725	卖盘
10:49:27	14.28	0.01	100	142800	买盘
10:49:24	14.27	--	40	57080	卖盘
10:49:21	14.27	--	5	7135	卖盘
10:49:18	14.27	--	49	69923	卖盘
10:49:15	14.27	--	5	7135	卖盘
10:49:12	14.27	-0.01	1	1427	卖盘
10:49:09	14.28	--	38	54264	买盘
10:49:06	14.28	--	19	27132	买盘
10:49:03	14.28	--	127	181356	买盘
10:49:00	14.28	--	43	61404	买盘
10:48:57	14.28	--	99	141372	买盘
10:48:54	14.28	--	125	178500	买盘
10:48:51	14.28	--	296	422688	买盘
10:48:48	14.28	0.01	41	58548	买盘
10:48:45	14.27	-0.01	97	138419	卖盘
10:48:42	14.28	--	158	225624	买盘
10:48:39	14.28	--	34	48552	买盘
10:48:36	14.28	--	247	352716	买盘
10:48:33	14.28	--	43	61404	买盘
10:48:30	14.28	--	59	84252	买盘
10:48:27	14.28	0.01	82	117096	买盘
10:48:24	14.27	--	26	37102	买盘
10:48:21	14.27	-0.01	9	12843	买盘
10:48:15	14.28	0.02	187	267036	买盘
10:48:09	14.26	0.02	158	225906	买盘
10:48:06	14.24	-0.01	3	4272	卖盘
10:48:03	14.25	--	162	230850	买盘
10:47:57	14.25	0.01	8	11400	买盘
10:47:51	14.24	--	219	311856	卖盘
10:47:48	14.24	--	3	4272	卖盘
10:47:42	14.24	--	167	237808	卖盘
10:47:39	14.24	-0.01	9	12816	中性盘
10:47:36	14.25	0.02	10	14250	买盘
10:47:33	14.23	--	5	7115	卖盘
10:47:30	14.23	--	310	441130	卖盘
10:47:18	14.23	-0.01	12	17076	中性盘
10:47:15	14.24	0.01	500	712000	买盘
10:47:12	14.23	--	20	28460	买盘
10:47:06	14.23	--	3	4269	买盘
10:47:03	14.23	0.01	10	14230	买盘
10:47:00	14.22	-0.01	18	25596	卖盘
10:46:54	14.23	--	4	5692	买盘
10:46:51	14.23	--	1	1423	买盘
10:46:45	14.23	--	2	2846	买盘
10:46:39	14.23	0.01	14	19922	买盘
10:46:33	14.22	--	10	14220	买盘
10:46:24	14.22	--	39	56282	卖盘
10:46:18	14.22	0.01	499	710175	买盘
10:46:15	14.21	0.01	63	89523	买盘
10:46:12	14.2	-0.01	22	31240	卖盘
10:46:03	14.21	0.01	5	7105	买盘
10:46:00	14.2	-0.01	31	44020	卖盘
10:45:54	14.21	--	2	2842	买盘
10:45:51	14.21	--	56	79576	买盘
10:45:48	14.21	0.01	8	11368	买盘
10:45:45	14.2	-0.01	10	14200	卖盘
10:45:42	14.21	0.01	27	38367	买盘
10:45:39	14.2	-0.01	23	32660	卖盘
10:45:27	14.21	0.01	2	2842	买盘
10:45:24	14.2	--	15	21300	卖盘
10:45:18	14.2	-0.01	5	7100	卖盘
10:45:15	14.21	0.02	10	14210	买盘
10:45:09	14.19	-0.02	10	14190	卖盘
10:45:06	14.21	0.01	19	26999	买盘
10:45:00	14.2	-0.01	10	14200	中性盘
10:44:54	14.21	--	15	21315	买盘
10:44:51	14.21	--	70	99470	买盘
10:44:48	14.21	--	22	31262	买盘
10:44:45	14.21	0.01	17	24157	买盘
10:44:42	14.2	--	28	39760	卖盘
10:44:33	14.2	-0.01	4	5680	卖盘
10:44:30	14.21	0.01	1	1421	买盘
10:44:27	14.2	--	8	11360	卖盘
10:44:21	14.2	--	108	153360	卖盘
10:44:18	14.2	--	12	17040	卖盘
10:44:15	14.2	--	8	11360	卖盘
10:44:12	14.2	--	7	9940	卖盘
10:44:09	14.2	-0.01	8	11360	卖盘
10:44:06	14.21	--	34	48314	买盘
10:44:03	14.21	0.01	7	9947	买盘
10:43:57	14.2	--	10	14200	卖盘
10:43:54	14.2	--	20	28400	卖盘
10:43:51	14.2	--	36	51120	卖盘
10:43:48	14.2	--	5	7100	卖盘
10:43:45	14.2	--	7	9940	卖盘
10:43:42	14.2	--	21	29820	卖盘
10:43:39	14.2	--	10	14200	卖盘
10:43:36	14.2	-0.01	8	11360	卖盘
10:43:33	14.21	0.01	1	1421	买盘
10:43:30	14.2	--	3	4260	卖盘
10:43:27	14.2	-0.01	20	28400	卖盘
10:43:21	14.21	0.01	5	7105	买盘
10:43:18	14.2	--	35	49700	卖盘
10:43:15	14.2	-0.01	10	14200	卖盘
10:43:12	14.21	0.01	24	34104	买盘
10:43:09	14.2	--	21	29820	卖盘
10:43:06	14.2	-0.01	22	31240	卖盘
10:43:03	14.21	--	9	12789	买盘
10:43:00	14.21	0.01	2	2842	买盘
10:42:54	14.2	--	6	8520	买盘
10:42:51	14.2	-0.01	2	2840	卖盘
10:42:48	14.21	0.01	21	29841	买盘
10:42:33	14.2	--	5	7100	卖盘
10:42:30	14.2	0.01	7	9940	中性盘
10:42:24	14.19	--	33	46827	卖盘
10:42:21	14.19	-0.01	259	367521	卖盘
10:42:09	14.2	--	31	44020	买盘
10:42:06	14.2	--	20	28400	买盘
10:41:57	14.2	0.02	176	249920	买盘
10:41:54	14.18	-0.01	116	164488	卖盘
10:41:48	14.19	0.01	162	229878	买盘
10:41:36	14.18	--	31	43958	买盘
10:41:33	14.18	0.01	11	15598	买盘
10:41:30	14.17	-0.01	18	25506	卖盘
10:41:27	14.18	--	10	14180	买盘
10:41:24	14.18	0.01	201	285018	买盘
10:41:21	14.17	--	7	9919	卖盘
10:41:15	14.17	--	7	9919	买盘
10:41:09	14.17	--	4	5668	卖盘
10:41:03	14.17	--	15	21255	卖盘
10:40:57	14.17	--	8	11336	卖盘
10:40:54	14.17	--	20	28340	卖盘
10:40:51	14.17	-0.01	2	2834	卖盘
10:40:48	14.18	0.01	200	283600	买盘
10:40:45	14.17	--	12	17004	卖盘
10:40:42	14.17	--	10	14170	卖盘
10:40:39	14.17	--	201	284817	买盘
10:40:33	14.17	--	40	56680	卖盘
10:40:27	14.17	--	8	11336	卖盘
10:40:24	14.17	--	3	4251	卖盘
10:40:21	14.17	--	30	42510	卖盘
10:40:18	14.17	-0.01	20	28340	卖盘
10:40:09	14.18	--	4	5672	买盘
10:40:06	14.18	--	4	5672	卖盘
10:40:03	14.18	--	1	1418	买盘
10:39:57	14.18	--	7	9926	卖盘
10:39:54	14.18	-0.01	5	7090	卖盘
10:39:51	14.19	0.01	10	14190	买盘
10:39:48	14.18	--	5	7090	卖盘
10:39:45	14.18	--	103	146054	卖盘
10:39:33	14.18	--	7	9926	卖盘
10:39:24	14.18	-0.01	51	72318	卖盘
10:39:21	14.19	--	9	12771	卖盘
10:39:18	14.19	0.01	74	105006	买盘
10:39:06	14.18	--	15	21270	卖盘
10:38:57	14.18	--	18	25524	卖盘
10:38:48	14.18	--	219	310542	卖盘
10:38:45	14.18	--	4	5672	卖盘
10:38:42	14.18	-0.01	73	103514	卖盘
10:38:36	14.19	0.01	65	92235	买盘
10:38:33	14.18	--	8	11344	卖盘
10:38:21	14.18	--	10	14180	卖盘
10:38:18	14.18	--	20	28360	卖盘
10:38:12	14.18	-0.01	10	14180	卖盘
10:38:06	14.19	-0.01	10	14190	卖盘
10:38:03	14.2	0.01	99	140580	买盘
10:37:57	14.19	--	17	24123	买盘
10:37:54	14.19	--	59	83721	卖盘
10:37:51	14.19	-0.01	9	12771	卖盘
10:37:42	14.2	0.01	10	14200	买盘
10:37:39	14.19	-0.01	7	9933	卖盘
10:37:30	14.2	0.01	1	1420	买盘
10:37:27	14.19	--	82	116358	卖盘
10:37:21	14.19	-0.02	4	5676	中性盘
10:37:18	14.21	0.01	70	99470	买盘
10:37:12	14.2	0.01	400	568000	买盘
10:37:09	14.19	--	3	4257	买盘
10:37:03	14.19	--	3	4257	买盘
10:37:00	14.19	0.01	12	17028	买盘
10:36:57	14.18	-0.01	7	9926	卖盘
10:36:54	14.19	0.01	30	42570	买盘
10:36:51	14.18	--	152	215536	买盘
10:36:48	14.18	0.01	10	14180	买盘
10:36:33	14.17	-0.01	31	43927	卖盘
10:36:15	14.18	0.01	30	42540	买盘
10:36:12	14.17	-0.01	5	7085	卖盘
10:36:09	14.18	--	50	70900	买盘
10:36:06	14.18	--	10	14180	买盘
10:36:03	14.18	0.01	19	26942	买盘
10:35:57	14.17	--	5	7085	卖盘
10:35:45	14.17	-0.01	5	7085	卖盘
10:35:33	14.18	--	51	72318	卖盘
10:35:27	14.18	--	15	21270	卖盘
10:35:24	14.18	--	15	21270	买盘
10:35:21	14.18	--	60	85080	卖盘
10:35:15	14.18	--	9	12762	卖盘
10:35:09	14.18	--	5	7090	卖盘
10:35:06	14.18	--	37	52466	卖盘
10:35:00	14.18	--	20	28360	卖盘
10:34:51	14.18	-0.01	320	453760	卖盘
10:34:42	14.19	-0.01	5	7095	卖盘
10:34:39	14.2	--	282	400440	买盘
10:34:27	14.2	0.02	4	5680	买盘
10:34:24	14.18	-0.01	55	77990	卖盘
10:34:18	14.19	--	9	12771	卖盘
10:34:15	14.19	0.01	65	92235	买盘
10:34:09	14.18	--	8	11344	卖盘
10:34:03	14.18	-0.02	5	7090	卖盘
10:33:57	14.2	--	50	71000	买盘
10:33:54	14.2	0.02	29	41180	买盘
10:33:51	14.18	--	185	262330	卖盘
10:33:45	14.18	-0.01	39	55302	卖盘
10:33:30	14.19	--	70	99330	卖盘
10:33:27	14.19	--	97	137643	卖盘
10:33:15	14.19	--	10	14190	卖盘
10:33:03	14.19	--	8	11352	卖盘
10:32:57	14.19	-0.01	12	17028	卖盘
10:32:54	14.2	0.01	10	14200	买盘
10:32:51	14.19	--	3	4257	卖盘
10:32:48	14.19	-0.01	4	5676	卖盘
10:32:45	14.2	--	10	14200	买盘
10:32:42	14.2	0.01	60	85200	买盘
10:32:39	14.19	--	10	14190	卖盘
10:32:36	14.19	--	10	14190	卖盘
10:32:33	14.19	-0.01	3	4257	卖盘
10:32:30	14.2	--	36	51120	买盘
10:32:21	14.2	0.01	21	29820	买盘
10:32:18	14.19	-0.01	152	215688	卖盘
10:32:15	14.2	--	3	4260	买盘
10:32:06	14.2	--	100	142000	买盘
10:32:00	14.2	0.01	3	4260	买盘
10:31:54	14.19	-0.01	50	70950	卖盘
10:31:39	14.2	--	1	1420	买盘
10:31:30	14.2	0.01	22	31240	中性盘
10:31:24	14.19	-0.01	100	141900	卖盘
10:31:21	14.2	--	5	7100	卖盘
10:31:15	14.2	--	8	11360	卖盘
10:31:12	14.2	--	19	26980	卖盘
10:31:09	14.2	--	73	103660	买盘
10:31:06	14.2	--	40	56800	买盘
10:31:00	14.2	-0.01	11	15620	卖盘
10:30:57	14.21	0.01	222	315462	买盘
10:30:54	14.2	--	171	242820	卖盘
10:30:51	14.2	--	33	46860	卖盘
10:30:45	14.2	--	20	28400	卖盘
10:30:42	14.2	--	36	51120	卖盘
10:30:39	14.2	--	3	4260	卖盘
10:30:36	14.2	--	20	28400	卖盘
10:30:30	14.2	0.01	5	7100	卖盘
10:30:24	14.19	-0.01	25	35475	卖盘
10:30:21	14.2	0.01	2	2840	买盘
10:30:18	14.19	-0.01	84	119196	卖盘
10:30:15	14.2	--	133	188860	买盘
10:30:09	14.2	0.01	223	316660	买盘
10:30:03	14.19	--	73	103587	卖盘
10:30:00	14.19	--	20	28380	卖盘
10:29:57	14.19	--	18	25542	卖盘
10:29:54	14.19	--	38	53922	卖盘
10:29:51	14.19	-0.01	28	39732	卖盘
10:29:45	14.2	--	55	78100	买盘
10:29:36	14.2	-0.01	96	136320	卖盘
10:29:33	14.21	-0.01	23	32683	卖盘
10:29:30	14.22	--	110	156420	买盘
10:29:27	14.22	--	4	5688	买盘
10:29:24	14.22	--	6	8532	买盘
10:29:21	14.22	--	27	38394	买盘
10:29:18	14.22	--	20	28440	卖盘
10:29:15	14.22	--	123	174906	卖盘
10:29:12	14.22	-0.01	5	7110	卖盘
10:29:09	14.23	--	73	103879	买盘
10:29:06	14.23	0.01	25	35575	买盘
10:29:03	14.22	-0.01	10	14220	卖盘
10:29:00	14.23	--	26	36998	买盘
10:28:57	14.23	0.01	17	24191	买盘
10:28:51	14.22	--	2	2844	买盘
10:28:48	14.22	--	116	164952	买盘
10:28:45	14.22	0.01	2	2844	买盘
10:28:42	14.21	0.01	10	14210	中性盘
10:28:39	14.2	-0.02	10	14200	买盘
10:28:36	14.22	0.02	2	2844	买盘
10:28:33	14.2	--	51	72420	卖盘
10:28:30	14.2	-0.01	504	715680	卖盘
10:28:27	14.21	0.01	19	26999	买盘
10:28:21	14.2	--	39	55380	买盘
10:28:18	14.2	0.01	10	14200	买盘
10:28:09	14.19	--	1	1419	买盘
10:28:06	14.19	0.01	2	2838	买盘
10:28:00	14.18	--	1	1418	卖盘
10:27:57	14.18	--	5	7090	卖盘
10:27:54	14.18	--	12	17016	卖盘
10:27:45	14.18	-0.01	643	911774	卖盘
10:27:42	14.19	--	5	7095	买盘
10:27:39	14.19	0.01	6	8514	买盘
10:27:33	14.18	--	59	83662	卖盘
10:27:30	14.18	--	9	12762	卖盘
10:27:27	14.18	-0.01	1	1418	卖盘
10:27:24	14.19	0.01	14	19866	买盘
10:27:18	14.18	--	105	148890	卖盘
10:27:15	14.18	-0.01	50	70900	卖盘
10:27:09	14.19	0.01	5	7095	买盘
10:27:06	14.18	-0.01	6	8508	卖盘
10:27:00	14.19	-0.01	144	204336	卖盘
10:26:54	14.2	--	14	19880	买盘
10:26:51	14.2	--	12	17040	买盘
10:26:45	14.2	--	3	4260	买盘
10:26:42	14.2	--	15	21300	卖盘
10:26:39	14.2	-0.01	5	7100	卖盘
10:26:36	14.21	--	165	234465	买盘
10:26:33	14.21	0.01	20	28420	买盘
10:26:30	14.2	--	30	42600	卖盘
10:26:27	14.2	-0.01	16	22720	卖盘
10:26:24	14.21	0.01	8	11368	买盘
10:26:21	14.2	--	17	24140	卖盘
10:26:18	14.2	-0.01	20	28400	卖盘
10:26:15	14.21	-0.01	15	21315	买盘
10:26:12	14.22	0.01	26	36972	买盘
10:26:09	14.21	-0.01	14	19894	卖盘
10:26:06	14.22	0.01	209	297198	买盘
10:26:03	14.21	--	57	80997	卖盘
10:26:00	14.21	--	1	1421	卖盘
10:25:57	14.21	--	4	5684	卖盘
10:25:54	14.21	--	129	183309	卖盘
10:25:51	14.21	--	29	41209	卖盘
10:25:48	14.21	--	86	122206	卖盘
10:25:45	14.21	--	67	95207	买盘
10:25:42	14.21	--	2	2842	买盘
10:25:39	14.21	--	88	125048	买盘
10:25:36	14.21	0.01	56	79576	买盘
10:25:33	14.2	--	17	24140	卖盘
10:25:27	14.2	0.01	93	132060	买盘
10:25:18	14.19	-0.01	71	100749	卖盘
10:25:15	14.2	--	76	107920	买盘
10:25:09	14.2	--	152	215840	中性盘
10:25:06	14.2	--	11	15620	卖盘
10:25:03	14.2	--	87	123540	卖盘
10:25:00	14.2	--	3	4260	卖盘
10:24:54	14.2	0.01	24	34080	中性盘
10:24:51	14.19	--	22	31218	卖盘
10:24:48	14.19	--	151	214269	卖盘
10:24:42	14.19	--	30	42570	卖盘
10:24:39	14.19	-0.01	136	192984	卖盘
10:24:36	14.2	--	4	5680	买盘
10:24:30	14.2	--	18	25560	买盘
10:24:27	14.2	0.01	32	45440	买盘
10:24:24	14.19	--	18	25542	买盘
10:24:21	14.19	-0.02	117	166023	卖盘
10:24:18	14.21	0.01	27	38367	买盘
10:24:15	14.2	-0.01	6	8520	中性盘
10:24:09	14.21	-0.01	3	4263	买盘
10:24:06	14.22	0.01	73	103806	买盘
10:24:03	14.21	--	27	38367	卖盘
10:24:00	14.21	--	50	71050	卖盘
10:23:57	14.21	0.01	207	294147	买盘
10:23:54	14.2	-0.01	164	232880	卖盘
10:23:51	14.21	0.01	196	278516	买盘
10:23:48	14.2	--	18	25560	卖盘
10:23:45	14.2	--	10	14200	卖盘
10:23:42	14.2	-0.02	72	102240	卖盘
10:23:39	14.22	0.01	100	142200	买盘
10:23:36	14.21	-0.01	95	134995	卖盘
10:23:33	14.22	0.01	19	27018	买盘
10:23:30	14.21	-0.01	55	78155	卖盘
10:23:27	14.22	-0.01	115	163530	卖盘
10:23:24	14.23	0.01	10	14230	中性盘
10:23:21	14.22	-0.01	10	14220	卖盘
10:23:18	14.23	--	17	24191	卖盘
10:23:15	14.23	-0.01	10	14230	卖盘
10:23:12	14.24	--	92	131008	买盘
10:23:09	14.24	-0.01	184	262016	卖盘
10:23:06	14.25	0.01	54	76950	买盘
10:23:03	14.24	-0.01	29	41296	卖盘
10:23:00	14.25	--	96	136800	买盘
10:22:57	14.25	-0.01	174	247950	卖盘
10:22:54	14.26	0.01	60	85560	买盘
10:22:51	14.25	--	23	32775	卖盘
10:22:48	14.25	0.01	192	273600	买盘
10:22:45	14.24	0.02	33	46992	买盘
10:22:42	14.22	--	118	167796	买盘
10:22:39	14.22	0.01	9	12798	买盘
10:22:36	14.21	--	21	29841	卖盘
10:22:33	14.21	0.01	9	12789	买盘
10:22:30	14.2	--	13	18460	卖盘
10:22:27	14.2	0.02	127	180340	买盘
10:22:24	14.18	--	251	355918	买盘
10:22:21	14.18	-0.01	203	287854	卖盘
10:22:18	14.19	--	48	68112	买盘
10:22:15	14.19	--	327	464013	买盘
10:22:12	14.19	0.01	50	70950	买盘
10:22:09	14.18	0.01	957	1357026	买盘
10:22:06	14.17	--	146	206882	买盘
10:22:03	14.17	0.02	111	157287	买盘
10:22:00	14.15	0.01	241	341015	买盘
10:21:57	14.14	--	85	120190	卖盘
10:21:54	14.14	--	58	82012	买盘
10:21:51	14.14	--	159	224826	卖盘
10:21:48	14.14	0.02	39	55146	买盘
10:21:45	14.12	0.01	83	117196	买盘
10:21:42	14.11	--	5	7055	卖盘
10:21:39	14.11	--	1012	1427932	卖盘
10:21:36	14.11	--	36	50796	卖盘
10:21:33	14.11	--	12	16932	卖盘
10:21:30	14.11	0.01	5	7055	中性盘
10:21:27	14.1	-0.01	105	148050	卖盘
10:21:21	14.11	0.01	36	50796	买盘
10:21:18	14.1	--	13	19190	买盘
10:21:15	14.1	--	98	138180	买盘
10:21:06	14.1	0.02	1001	1411410	买盘
10:21:03	14.08	--	13	18304	买盘
10:21:00	14.08	--	1	1408	买盘
10:20:57	14.08	--	28	39424	买盘
10:20:54	14.08	0.01	10	14080	买盘
10:20:51	14.07	-0.01	1	1407	卖盘
10:20:48	14.08	--	21	29568	买盘
10:20:45	14.08	0.01	64	90112	买盘
10:20:42	14.07	-0.01	25	35175	卖盘
10:20:39	14.08	0.01	6	8448	买盘
10:20:27	14.07	-0.01	29	40803	卖盘
10:20:24	14.08	0.01	25	35200	买盘
10:20:18	14.07	--	19	26733	买盘
10:20:12	14.07	--	31	43617	卖盘
10:20:09	14.07	--	5	7035	卖盘
10:20:03	14.07	--	53	74571	买盘
10:20:00	14.07	0.01	210	295470	买盘
10:19:57	14.06	-0.01	10	14060	卖盘
10:19:54	14.07	0.01	29	40803	买盘
10:19:51	14.06	-0.01	20	28120	卖盘
10:19:45	14.07	--	2	2814	买盘
10:19:42	14.07	--	5	7035	买盘
10:19:39	14.07	--	4	5628	买盘
10:19:36	14.07	-0.01	5	7035	买盘
10:19:33	14.08	--	49	70048	买盘
10:19:27	14.08	--	5	7040	买盘
10:19:24	14.08	0.01	17	23936	买盘
10:19:21	14.07	-0.01	91	128037	卖盘
10:19:18	14.08	--	19	26752	买盘
10:19:15	14.08	--	17	23936	买盘
10:19:12	14.08	0.01	55	77440	买盘
10:19:09	14.07	-0.01	5	7035	卖盘
10:19:03	14.08	--	90	127776	卖盘
10:19:00	14.08	--	2	2816	卖盘
10:18:57	14.08	0.01	75	105952	买盘
10:18:54	14.07	--	20	28140	卖盘
10:18:51	14.07	--	4	5979	卖盘
10:18:45	14.07	-0.01	4	5628	卖盘
10:18:42	14.08	0.01	50	70400	买盘
10:18:36	14.07	-0.01	18	25326	卖盘
10:18:33	14.08	0.01	43	60544	买盘
10:18:27	14.07	--	17	23919	买盘
10:18:15	14.07	0.01	4	5628	买盘
10:18:09	14.06	--	10	14060	卖盘
10:18:06	14.06	--	5	7030	买盘
10:17:57	14.06	-0.03	1	1406	中性盘
10:17:51	14.09	0.04	3	4227	买盘
10:17:42	14.05	-0.03	5	7025	卖盘
10:17:36	14.08	0.04	4	5632	买盘
10:17:33	14.04	-0.05	9	12636	卖盘
10:17:30	14.09	0.04	452	636868	买盘
10:17:18	14.05	0.01	10	14050	买盘
10:17:09	14.04	-0.01	10	14040	卖盘
10:17:06	14.05	--	17	23885	买盘
10:17:00	14.05	-0.01	90	126997	卖盘
10:16:57	14.06	--	5	7030	买盘
10:16:54	14.06	--	30	42180	买盘
10:16:51	14.06	--	5	7030	买盘
10:16:48	14.06	--	13	18278	买盘
10:16:45	14.06	--	23	32338	买盘
10:16:42	14.06	-0.02	36	50616	卖盘
10:16:39	14.08	--	57	80256	买盘
10:16:36	14.08	0.02	8	11264	买盘
10:16:33	14.06	--	3	4218	卖盘
10:16:30	14.06	--	10	14060	卖盘
10:16:24	14.06	--	167	234802	卖盘
10:16:21	14.06	--	15	21090	卖盘
10:16:18	14.06	--	11	15466	买盘
10:16:15	14.06	--	40	56240	买盘
10:16:12	14.06	--	35	49210	卖盘
10:16:06	14.06	--	10	14060	卖盘
10:16:03	14.06	-0.02	5	7030	买盘
10:15:54	14.08	0.02	360	506880	买盘
10:15:51	14.06	--	41	57646	买盘
10:15:48	14.06	--	10	14060	买盘
10:15:45	14.06	--	6	8436	买盘
10:15:42	14.06	--	15	21090	买盘
10:15:39	14.06	--	2	2812	买盘
10:15:36	14.06	0.01	55	77330	买盘
10:15:30	14.05	-0.01	5	7025	卖盘
10:15:27	14.06	0.01	15	21090	买盘
10:15:24	14.05	--	1	2262	买盘
10:15:21	14.05	--	438	615390	买盘
10:15:15	14.05	--	83	116615	买盘
10:15:09	14.05	0.01	22	30910	买盘
10:15:03	14.04	--	2	2808	卖盘
10:15:00	14.04	--	6	8424	买盘
10:14:57	14.04	0.01	20	28080	买盘
10:14:54	14.03	-0.01	20	28060	卖盘
10:14:51	14.04	0.01	13	18252	买盘
10:14:39	14.03	-0.01	1	1403	卖盘
10:14:36	14.04	0.01	100	140400	买盘
10:14:27	14.03	--	5	7015	卖盘
10:14:24	14.03	--	1	1403	卖盘
10:14:21	14.03	--	5	7015	卖盘
10:14:15	14.03	-0.01	2	2806	卖盘
10:14:12	14.04	0.01	10	14040	买盘
10:14:09	14.03	--	16	22448	卖盘
10:14:03	14.03	--	1	1403	卖盘
10:14:00	14.03	--	1	1403	买盘
10:13:54	14.03	--	34	47702	卖盘
10:13:48	14.03	--	306	429318	买盘
10:13:45	14.03	--	90	126270	买盘
10:13:42	14.03	--	8	11224	买盘
10:13:36	14.03	--	9	12627	买盘
10:13:33	14.03	--	10	14030	买盘
10:13:24	14.03	--	80	112240	买盘
10:13:18	14.03	--	9	12627	买盘
10:13:15	14.03	0.01	17	23851	买盘
10:13:12	14.02	--	1	1402	卖盘
10:13:06	14.02	0.01	288	404715	买盘
10:12:57	14.01	--	102	142902	卖盘
10:12:54	14.01	--	5	7005	卖盘
10:12:39	14.01	--	10	14010	卖盘
10:12:33	14.01	-0.01	4	5604	卖盘
10:12:30	14.02	0.01	5	7010	买盘
10:12:27	14.01	--	9	12609	卖盘
10:12:24	14.01	-0.01	20	28020	中性盘
10:12:06	14.02	0.02	251	351902	买盘
10:12:03	14.0	-0.01	10	14000	卖盘
10:11:51	14.01	--	1	1401	买盘
10:11:45	14.01	0.01	2	2802	买盘
10:11:39	14.0	--	3	4200	卖盘
10:11:36	14.0	--	100	140000	卖盘
10:11:33	14.0	--	2	2800	卖盘
10:11:30	14.0	-0.01	10	14000	卖盘
10:11:24	14.01	0.01	36	50436	买盘
10:11:06	14.0	-0.01	18	25200	卖盘
10:11:00	14.01	0.01	3	4203	买盘
10:10:48	14.0	--	30	42000	卖盘
10:10:45	14.0	--	4	5600	卖盘
10:10:42	14.0	--	30	42000	卖盘
10:10:39	14.0	--	10	14000	卖盘
10:10:36	14.0	--	23	32270	买盘
10:10:24	14.0	--	30	42000	买盘
10:10:18	14.0	--	5	7000	买盘
10:10:15	14.0	--	50	70000	买盘
10:10:12	14.0	0.01	5	7000	买盘
10:10:06	13.99	--	4	5596	卖盘
10:10:00	13.99	0.01	32	45677	买盘
10:09:51	13.98	-0.01	10	13980	卖盘
10:09:48	13.99	0.01	10	13990	买盘
10:09:30	13.98	-0.01	20	27960	中性盘
10:09:24	13.99	0.01	100	139900	买盘
10:09:21	13.98	--	16	22368	买盘
10:09:15	13.98	-0.01	4	6081	卖盘
10:09:12	13.99	0.01	15	20985	买盘
10:09:09	13.98	-0.01	20	27960	卖盘
10:09:03	13.99	0.01	10	13990	买盘
10:08:57	13.98	-0.01	2	2796	卖盘
10:08:48	13.99	0.01	2	2798	买盘
10:08:39	13.98	--	20	27960	卖盘
10:08:36	13.98	-0.01	4	5592	卖盘
10:08:33	13.99	0.01	20	27980	买盘
10:08:30	13.98	-0.01	6	8388	卖盘
10:08:24	13.99	0.01	2	2798	买盘
10:08:15	13.98	--	7	9786	卖盘
10:08:12	13.98	--	212	296376	卖盘
10:08:00	13.98	--	2	2796	卖盘
10:07:51	13.98	-0.01	78	109044	卖盘
10:07:48	13.99	0.01	96	134304	买盘
10:07:45	13.98	--	1	1398	卖盘
10:07:33	13.98	--	287	401226	卖盘
10:07:21	13.98	-0.01	2	2796	卖盘
10:07:18	13.99	--	4	5596	买盘
10:07:12	13.99	-0.01	106	148294	卖盘
10:07:06	14.0	--	4	5600	买盘
10:07:03	14.0	--	24	33600	买盘
10:06:54	14.0	--	19	27930	卖盘
10:06:48	14.0	-0.01	310	434000	卖盘
10:06:45	14.01	0.01	50	70050	买盘
10:06:42	14.0	--	40	56000	卖盘
10:06:39	14.0	-0.01	100	140000	卖盘
10:06:33	14.01	0.01	7	9807	买盘
10:06:30	14.0	--	8	11200	卖盘
10:06:24	14.0	--	10	14000	卖盘
10:06:21	14.0	--	30	42000	卖盘
10:06:18	14.0	--	20	28000	卖盘
10:06:12	14.0	-0.01	10	14000	卖盘
10:06:06	14.01	0.01	11	15411	买盘
10:06:00	14.0	--	55	77000	卖盘
10:05:57	14.0	--	11	15400	卖盘
10:05:51	14.0	--	15	21000	卖盘
10:05:45	14.0	--	111	155400	卖盘
10:05:39	14.0	--	15	21000	卖盘
10:05:36	14.0	--	2	2800	卖盘
10:05:33	14.0	--	49	68600	卖盘
10:05:27	14.0	-0.01	26	36400	卖盘
10:05:24	14.01	0.01	6	8406	买盘
10:05:21	14.0	--	5	7000	卖盘
10:05:18	14.0	--	20	28000	卖盘
10:05:12	14.0	--	2	2800	卖盘
10:05:09	14.0	--	3	4200	卖盘
10:04:57	14.0	-0.01	50	70000	卖盘
10:04:48	14.01	--	50	70050	买盘
10:04:45	14.01	0.01	77	107877	买盘
10:04:30	14.0	--	10	14000	卖盘
10:04:27	14.0	-0.01	10	14000	卖盘
10:04:15	14.01	--	2	2802	买盘
10:04:06	14.01	-0.01	192	269706	卖盘
10:04:03	14.02	--	8	11902	买盘
10:03:54	14.02	0.01	2	2804	买盘
10:03:39	14.01	-0.01	11	15411	卖盘
10:03:21	14.02	--	1	1402	买盘
10:03:18	14.02	--	10	14020	买盘
10:03:12	14.02	--	20	28040	买盘
10:02:54	14.02	--	3	4206	买盘
10:02:45	14.02	0.01	12	16824	买盘
10:02:36	14.01	-0.01	5	7005	卖盘
10:02:33	14.02	0.01	176	246752	买盘
10:02:30	14.01	--	10	14010	卖盘
10:02:27	14.01	-0.01	5	7005	卖盘
10:02:18	14.02	--	10	14020	买盘
10:02:15	14.02	--	10	14020	买盘
10:02:12	14.02	--	2	2804	买盘
10:02:09	14.02	--	2	2804	买盘
10:02:03	14.02	--	30	42060	买盘
10:01:54	14.02	0.01	61	85522	买盘
10:01:39	14.01	-0.01	1	1401	卖盘
10:01:36	14.02	--	23	32246	买盘
10:01:33	14.02	0.01	15	21030	买盘
10:01:30	14.01	--	4	5604	卖盘
10:01:27	14.01	--	5	7005	卖盘
10:01:21	14.01	--	64	89664	买盘
10:01:09	14.01	--	10	14010	买盘
10:01:03	14.01	--	10	14010	买盘
10:00:48	14.01	0.01	16	22416	买盘
10:00:45	14.0	-0.01	33	46200	卖盘
10:00:42	14.01	--	8	11208	买盘
10:00:39	14.01	--	17	23817	买盘
10:00:36	14.01	--	4	5604	买盘
10:00:18	14.01	--	20	28020	买盘
10:00:06	14.01	--	23	32223	中性盘
09:59:51	14.01	--	20	28020	卖盘
09:59:48	14.01	--	20	28020	卖盘
09:59:45	14.01	0.01	60	84060	买盘
09:59:42	14.0	-0.01	25	35000	卖盘
09:59:27	14.01	0.01	4	5604	买盘
09:59:21	14.0	-0.01	6	8400	卖盘
09:59:09	14.01	--	3	4203	买盘
09:59:03	14.01	--	11	15411	卖盘
09:59:00	14.01	--	12	16812	卖盘
09:58:48	14.01	--	5	7005	卖盘
09:58:42	14.01	--	10	14010	卖盘
09:58:39	14.01	--	5	7005	卖盘
09:58:36	14.01	--	26	36426	卖盘
09:58:30	14.01	--	5	7005	卖盘
09:58:27	14.01	--	2	2802	卖盘
09:58:24	14.01	--	5	7005	卖盘
09:58:18	14.01	--	3	4203	卖盘
09:58:09	14.01	--	25	35025	卖盘
09:58:03	14.01	--	2	2802	卖盘
09:57:57	14.01	--	21	29421	卖盘
09:57:54	14.01	--	41	57441	买盘
09:57:51	14.01	--	61	85461	买盘
09:57:36	14.01	0.01	2	2802	买盘
09:57:24	14.0	--	64	89600	卖盘
09:57:21	14.0	-0.01	1	1400	卖盘
09:57:18	14.01	0.01	3	4203	买盘
09:57:15	14.0	--	285	399070	买盘
09:57:09	14.0	-0.01	309	433930	卖盘
09:57:03	14.01	0.01	200	280200	买盘
09:56:48	14.0	-0.01	10	14000	卖盘
09:56:39	14.01	--	1	1401	买盘
09:56:36	14.01	0.01	6	8406	买盘
09:56:30	14.0	-0.01	20	28000	卖盘
09:56:27	14.01	0.01	8	11208	买盘
09:56:09	14.0	--	23	32200	卖盘
09:56:06	14.0	--	3	4200	卖盘
09:55:48	14.0	--	8	11200	卖盘
09:55:39	14.0	--	63	88200	卖盘
09:55:33	14.0	--	188	263200	卖盘
09:55:27	14.0	--	76	106470	买盘
09:55:15	14.0	0.02	30	42000	买盘
09:55:12	13.98	--	200	279600	卖盘
09:55:09	13.98	--	300	419400	卖盘
09:55:03	13.98	-0.02	80	111840	卖盘
09:54:57	14.0	--	1	1400	买盘
09:54:51	14.0	0.01	100	140000	买盘
09:54:45	13.99	0.01	20	27980	中性盘
09:54:12	13.98	--	10	13980	卖盘
09:54:06	13.98	-0.02	27	38654	卖盘
09:53:57	14.0	0.02	20	28000	买盘
09:53:45	13.98	--	10	13980	卖盘
09:53:42	13.98	-0.01	33	46134	卖盘
09:53:39	13.99	0.01	10	13990	买盘
09:53:33	13.98	-0.01	3	4194	卖盘
09:53:30	13.99	0.01	20	27980	买盘
09:53:15	13.98	--	2	2796	卖盘
09:53:12	13.98	--	10	13980	卖盘
09:53:03	13.98	--	8	11184	卖盘
09:52:57	13.98	-0.01	30	41940	卖盘
09:52:54	13.99	--	106	148294	买盘
09:52:45	13.99	--	56	79323	卖盘
09:52:36	13.99	--	20	27980	卖盘
09:52:30	13.99	--	20	27980	卖盘
09:52:27	13.99	--	30	41970	卖盘
09:52:24	13.99	--	3	4197	卖盘
09:52:21	13.99	--	16	22384	卖盘
09:52:18	13.99	--	1	1399	卖盘
09:52:09	13.99	--	0	419	买盘
09:52:06	13.99	--	35	48965	买盘
09:52:03	13.99	--	16	22384	买盘
09:51:54	13.99	--	5	6995	买盘
09:51:48	13.99	--	86	120314	卖盘
09:51:42	13.99	--	2	2798	卖盘
09:51:36	13.99	--	47	65753	买盘
09:51:24	13.99	--	36	50364	卖盘
09:51:21	13.99	--	10	13990	卖盘
09:51:18	13.99	-0.01	20	27980	卖盘
09:51:15	14.0	--	3	4200	买盘
09:51:12	14.0	0.01	9	12600	买盘
09:51:09	13.99	--	86	120314	卖盘
09:51:06	13.99	-0.01	10	13990	卖盘
09:50:45	14.0	--	20	28000	卖盘
09:50:42	14.0	--	50	70000	卖盘
09:50:39	14.0	--	160	224000	卖盘
09:50:33	14.0	--	2	2800	卖盘
09:50:30	14.0	--	145	203000	卖盘
09:50:24	14.0	-0.01	3	4200	卖盘
09:50:18	14.01	0.01	1	1401	买盘
09:50:15	14.0	--	40	56000	卖盘
09:50:12	14.0	--	34	47600	卖盘
09:50:03	14.0	--	40	56000	卖盘
09:50:00	14.0	-0.01	1	1400	卖盘
09:49:57	14.01	0.01	5	7005	买盘
09:49:54	14.0	-0.01	30	42000	卖盘
09:49:51	14.01	0.01	6	8406	买盘
09:49:48	14.0	-0.01	2	2800	卖盘
09:49:45	14.01	0.01	50	70050	买盘
09:49:42	14.0	--	88	123200	卖盘
09:49:27	14.0	-0.01	20	28000	卖盘
09:49:06	14.01	--	1	1401	卖盘
09:49:03	14.01	--	20	28020	卖盘
09:48:48	14.01	--	5	7005	卖盘
09:48:45	14.01	0.01	9	12609	买盘
09:48:36	14.0	-0.01	18	25200	卖盘
09:48:27	14.01	--	10	14010	买盘
09:48:15	14.01	--	1	1401	买盘
09:48:12	14.01	--	1	1401	卖盘
09:47:54	14.01	0.01	368	515568	买盘
09:47:48	14.0	-0.01	1	1400	卖盘
09:47:39	14.01	--	18	25218	卖盘
09:47:36	14.01	--	11	15411	卖盘
09:47:30	14.01	--	11	15411	卖盘
09:47:21	14.01	-0.01	30	42030	卖盘
09:47:12	14.02	0.01	16	22432	买盘
09:47:09	14.01	-0.01	10	14010	中性盘
09:46:57	14.02	0.01	23	32246	买盘
09:46:51	14.01	-0.01	10	14010	卖盘
09:46:48	14.02	--	7	9814	买盘
09:46:36	14.02	0.01	71	99542	买盘
09:46:24	14.01	--	10	14010	卖盘
09:46:18	14.01	--	9	12609	买盘
09:46:15	14.01	--	11	15411	买盘
09:46:12	14.01	--	57	79857	卖盘
09:46:03	14.01	--	2	2802	卖盘
09:45:57	14.01	--	7	9807	卖盘
09:45:51	14.01	--	24	33624	卖盘
09:45:42	14.01	--	7	9807	卖盘
09:45:39	14.01	--	55	77055	买盘
09:45:27	14.01	--	49	68649	买盘
09:45:24	14.01	0.01	20	28020	买盘
09:45:00	14.0	-0.01	2	2800	卖盘
09:44:51	14.01	0.01	8	11208	买盘
09:44:48	14.0	--	22	30800	卖盘
09:44:39	14.0	-0.01	8	11200	卖盘
09:44:36	14.01	0.01	3	4203	买盘
09:44:33	14.0	--	16	22400	卖盘
09:44:30	14.0	--	2	2800	卖盘
09:44:27	14.0	--	8	11200	卖盘
09:44:24	14.0	--	40	56000	卖盘
09:44:21	14.0	--	7	9800	买盘
09:44:12	14.0	--	13	18200	买盘
09:44:06	14.0	--	5	7000	中性盘
09:43:48	14.0	--	1	1400	买盘
09:43:42	14.0	--	13	18200	卖盘
09:43:39	14.0	-0.01	1	1400	卖盘
09:43:36	14.01	0.01	15	21015	买盘
09:43:33	14.0	--	2	2800	卖盘
09:43:30	14.0	--	20	28000	卖盘
09:43:27	14.0	--	3	4200	卖盘
09:43:24	14.0	-0.01	16	22400	卖盘
09:43:15	14.01	--	17	23817	买盘
09:43:12	14.01	--	16	22416	卖盘
09:43:09	14.01	--	19	26619	买盘
09:43:06	14.01	0.01	16	22416	买盘
09:43:03	14.0	-0.01	9	12600	卖盘
09:42:48	14.01	0.01	20	28020	买盘
09:42:45	14.0	-0.01	10	14000	卖盘
09:42:42	14.01	0.01	1	1401	买盘
09:42:39	14.0	--	10	14000	卖盘
09:42:33	14.0	--	8	11200	卖盘
09:42:24	14.0	0.01	4	5600	买盘
09:42:21	13.99	-0.01	7	9793	卖盘
09:42:06	14.0	--	5	7000	买盘
09:42:03	14.0	-0.02	191	267400	卖盘
09:42:00	14.02	0.02	15	21030	买盘
09:41:57	14.0	-0.02	27	37800	卖盘
09:41:54	14.02	0.01	10	14020	买盘
09:41:48	14.01	--	4	5604	卖盘
09:41:45	14.01	--	19	26619	买盘
09:41:42	14.01	--	30	42030	买盘
09:41:33	14.01	--	17	23817	买盘
09:41:30	14.01	--	50	70050	买盘
09:41:27	14.01	--	22	30822	卖盘
09:41:21	14.01	--	30	42030	卖盘
09:41:15	14.01	--	76	106476	卖盘
09:41:09	14.01	--	1	1401	卖盘
09:41:06	14.01	-0.01	25	35025	卖盘
09:40:57	14.02	0.01	5	7010	买盘
09:40:54	14.01	-0.01	10	14010	卖盘
09:40:51	14.02	--	12	16824	买盘
09:40:48	14.02	0.01	10	14020	买盘
09:40:42	14.01	-0.01	22	30822	卖盘
09:40:39	14.02	--	22	30844	买盘
09:40:36	14.02	0.01	24	33648	买盘
09:40:33	14.01	--	10	14010	卖盘
09:40:27	14.01	-0.01	7	9807	卖盘
09:40:24	14.02	0.01	1	1402	买盘
09:40:21	14.01	--	10	14010	卖盘
09:40:18	14.01	--	40	56040	卖盘
09:40:15	14.01	--	21	29421	卖盘
09:40:09	14.01	--	2	2802	卖盘
09:40:06	14.01	-0.01	10	14010	卖盘
09:39:57	14.02	--	40	56080	卖盘
09:39:48	14.02	--	10	14020	卖盘
09:39:39	14.02	--	23	32246	买盘
09:39:33	14.02	--	3	4206	买盘
09:39:30	14.02	--	185	259370	卖盘
09:39:27	14.02	0.02	31	43462	买盘
09:39:24	14.0	-0.02	102	142800	卖盘
09:39:18	14.02	0.02	60	84120	买盘
09:39:15	14.0	--	15	21000	卖盘
09:39:12	14.0	-0.01	127	177800	卖盘
09:39:09	14.01	--	22	30822	买盘
09:39:06	14.01	-0.01	60	84060	卖盘
09:39:03	14.02	-0.03	1	1402	买盘
09:38:54	14.05	0.04	393	552165	买盘
09:38:51	14.01	-0.01	56	79002	卖盘
09:38:48	14.02	--	6	8412	卖盘
09:38:45	14.02	--	10	14020	卖盘
09:38:42	14.02	0.02	488	685031	买盘
09:38:39	14.0	--	50	70000	卖盘
09:38:36	14.0	-0.02	210	294000	卖盘
09:38:27	14.02	0.02	196	274792	买盘
09:38:18	14.0	--	10	14000	卖盘
09:38:12	14.0	--	1	1400	卖盘
09:38:03	14.0	-0.01	18	25200	卖盘
09:38:00	14.01	--	7	9807	卖盘
09:37:57	14.01	-0.02	4	5604	中性盘
09:37:48	14.03	0.02	25	35075	买盘
09:37:42	14.01	-0.02	20	28020	卖盘
09:37:33	14.03	--	48	67344	卖盘
09:37:27	14.03	0.03	306	429318	买盘
09:37:24	14.0	-0.01	16	22400	卖盘
09:37:21	14.01	0.01	11	15411	中性盘
09:37:18	14.0	-0.02	12	16800	卖盘
09:37:15	14.02	--	3	4206	买盘
09:37:12	14.02	--	5	7010	买盘
09:37:06	14.02	--	2	2804	卖盘
09:37:03	14.02	--	38	53276	卖盘
09:37:00	14.02	--	5	7010	卖盘
09:36:57	14.02	-0.01	1	1402	卖盘
09:36:54	14.03	--	34	47702	买盘
09:36:51	14.03	--	94	131882	卖盘
09:36:48	14.03	--	22	30866	卖盘
09:36:45	14.03	--	38	53314	卖盘
09:36:42	14.03	--	78	109434	买盘
09:36:36	14.03	--	15	21045	买盘
09:36:30	14.03	0.03	41	57523	买盘
09:36:18	14.0	0.01	3	4200	中性盘
09:36:12	13.99	-0.03	34	47566	卖盘
09:36:09	14.02	-0.01	10	14020	买盘
09:36:06	14.03	--	11	15433	买盘
09:36:03	14.03	--	12	16836	卖盘
09:36:00	14.03	--	7	9821	买盘
09:35:57	14.03	--	6	8418	买盘
09:35:54	14.03	--	8	11224	买盘
09:35:51	14.03	-0.02	5	7015	中性盘
09:35:39	14.05	--	73	102565	买盘
09:35:33	14.05	0.02	431	605555	买盘
09:35:24	14.03	0.04	81	113643	买盘
09:35:15	13.99	0.02	101	141299	买盘
09:35:06	13.97	0.02	28	39116	买盘
09:34:54	13.95	--	67	93492	买盘
09:34:51	13.95	0.01	10	13950	买盘
09:34:39	13.94	0.01	7	9758	买盘
09:34:36	13.93	--	5	6965	卖盘
09:34:27	13.93	--	10	13930	卖盘
09:34:18	13.93	0.01	12	16716	买盘
09:34:15	13.92	-0.01	20	27840	卖盘
09:34:03	13.93	0.01	2	2786	买盘
09:33:51	13.92	--	10	13920	卖盘
09:33:45	13.92	-0.03	10	13920	卖盘
09:33:39	13.95	--	3	4185	买盘
09:33:33	13.95	--	23	32085	买盘
09:33:30	13.95	--	1	1395	买盘
09:33:21	13.95	0.02	14	19530	买盘
09:33:18	13.93	--	32	44576	买盘
09:33:12	13.93	-0.02	25	34825	卖盘
09:33:09	13.95	0.03	1	1395	买盘
09:33:00	13.92	-0.01	12	16704	卖盘
09:32:54	13.93	-0.01	10	13930	卖盘
09:32:51	13.94	0.01	7	9758	买盘
09:32:48	13.93	--	53	73829	卖盘
09:32:45	13.93	--	4	5572	买盘
09:32:36	13.93	0.01	25	34825	买盘
09:32:30	13.92	-0.01	8	11136	卖盘
09:32:24	13.93	--	6	8358	买盘
09:32:15	13.93	0.01	50	69650	买盘
09:32:09	13.92	-0.01	10	13920	卖盘
09:31:57	13.93	0.01	37	51541	买盘
09:31:54	13.92	0.01	4	5568	买盘
09:31:42	13.91	--	59	82069	买盘
09:31:39	13.91	--	21	29211	卖盘
09:31:30	13.91	0.01	10	13910	买盘
09:31:27	13.9	-0.01	2	2780	卖盘
09:31:15	13.91	-0.01	19	26429	卖盘
09:30:57	13.92	-0.03	8	11136	卖盘
09:30:09	13.95	0.02	7	9765	买盘
09:30:06	13.93	--	34	48727	卖盘
09:30:03	13.93	--	86	119825	卖盘
09:30:00	13.93	--	0	0	卖盘
09:25:03	13.93	13.93	31	43183	买盘
