成交时间	成交价	价格变动	成交量(手)	成交额(元)	性质
15:00:03	27.68	0.01	1180	3266240	买盘
14:57:00	27.67	--	44	121748	卖盘
14:56:57	27.67	--	218	603206	卖盘
14:56:54	27.67	-0.01	75	207525	卖盘
14:56:51	27.68	--	14	38752	买盘
14:56:48	27.68	--	43	119024	买盘
14:56:45	27.68	--	4	11072	买盘
14:56:42	27.68	--	167	462256	卖盘
14:56:39	27.68	-0.01	31	85808	卖盘
14:56:36	27.69	0.01	9	24921	买盘
14:56:33	27.68	-0.01	3	8304	卖盘
14:56:30	27.69	--	12	33228	买盘
14:56:27	27.69	--	11	30459	买盘
14:56:24	27.69	-0.01	195	539955	买盘
14:56:21	27.7	0.01	173	479210	买盘
14:56:18	27.69	--	44	121836	卖盘
14:56:15	27.69	--	37	102453	卖盘
14:56:09	27.69	--	1	2769	卖盘
14:56:06	27.69	--	50	138450	卖盘
14:56:03	27.69	--	82	227058	卖盘
14:56:00	27.69	--	50	138450	卖盘
14:55:57	27.69	-0.01	54	149526	卖盘
14:55:54	27.7	--	72	199440	买盘
14:55:51	27.7	--	29	80330	买盘
14:55:48	27.7	0.01	41	113570	买盘
14:55:45	27.69	--	47	130143	卖盘
14:55:42	27.69	-0.01	39	107991	卖盘
14:55:39	27.7	--	72	199440	买盘
14:55:36	27.7	--	21	58170	买盘
14:55:33	27.7	0.01	26	72020	买盘
14:55:30	27.69	-0.01	5	13845	卖盘
14:55:27	27.7	--	45	124650	买盘
14:55:24	27.7	--	204	565080	买盘
14:55:21	27.7	--	23	63710	卖盘
14:55:18	27.7	--	7	19390	卖盘
14:55:15	27.7	--	111	307470	买盘
14:55:12	27.7	--	13	36010	买盘
14:55:09	27.7	0.01	49	135730	买盘
14:55:06	27.69	-0.01	31	85839	卖盘
14:55:03	27.7	--	33	91410	卖盘
14:55:00	27.7	--	17	47090	卖盘
14:54:57	27.7	--	1	2770	卖盘
14:54:54	27.7	--	7	19390	卖盘
14:54:51	27.7	--	101	279770	卖盘
14:54:48	27.7	-0.01	39	108030	卖盘
14:54:42	27.71	0.01	10	27710	买盘
14:54:39	27.7	-0.01	24	66480	卖盘
14:54:36	27.71	0.01	14	38794	中性盘
14:54:33	27.7	--	21	58170	卖盘
14:54:30	27.7	--	18	49860	卖盘
14:54:27	27.7	-0.01	21	58170	卖盘
14:54:24	27.71	0.01	1	2771	买盘
14:54:21	27.7	-0.01	5	13850	中性盘
14:54:18	27.71	0.01	67	185657	买盘
14:54:15	27.7	--	10	27700	卖盘
14:54:12	27.7	--	64	177280	卖盘
14:54:09	27.7	-0.01	16	44320	卖盘
14:54:06	27.71	0.01	10	27710	中性盘
14:54:03	27.7	-0.01	23	63710	卖盘
14:54:00	27.71	0.01	42	116382	买盘
14:53:57	27.7	--	8	22160	卖盘
14:53:54	27.7	--	95	263150	买盘
14:53:51	27.7	--	48	132960	买盘
14:53:48	27.7	--	12	33240	买盘
14:53:45	27.7	0.01	151	418270	买盘
14:53:42	27.69	-0.01	30	83070	卖盘
14:53:39	27.7	--	8	22160	买盘
14:53:36	27.7	--	11	30470	买盘
14:53:33	27.7	--	100	277000	买盘
14:53:30	27.7	0.01	17	47090	买盘
14:53:27	27.69	--	53	147864	卖盘
14:53:24	27.69	--	10	27690	卖盘
14:53:21	27.69	0.01	154	426426	买盘
14:53:18	27.68	-0.01	100	276800	中性盘
14:53:12	27.69	0.01	5	13845	买盘
14:53:09	27.68	--	4	11072	卖盘
14:53:06	27.68	--	17	47056	卖盘
14:53:03	27.68	0.01	20	55360	买盘
14:52:57	27.67	--	1	2767	卖盘
14:52:54	27.67	--	15	41505	卖盘
14:52:51	27.67	-0.01	17	47039	卖盘
14:52:48	27.68	0.01	12	33216	买盘
14:52:45	27.67	--	5	13835	卖盘
14:52:42	27.67	--	3	8301	卖盘
14:52:39	27.67	-0.01	15	41505	中性盘
14:52:36	27.68	0.02	68	188224	买盘
14:52:33	27.66	--	52	143832	买盘
14:52:30	27.66	-0.04	103	284898	卖盘
14:52:27	27.7	0.04	9	24930	买盘
14:52:24	27.66	-0.04	1	2766	卖盘
14:52:21	27.7	0.03	20	55400	买盘
14:52:18	27.67	-0.03	52	143884	卖盘
14:52:15	27.7	--	6	16620	买盘
14:52:12	27.7	--	5	13850	买盘
14:52:09	27.7	0.03	11	30470	买盘
14:52:06	27.67	-0.04	70	193690	卖盘
14:52:00	27.71	-0.01	17	47107	买盘
14:51:57	27.72	0.02	11	30492	买盘
14:51:54	27.7	-0.02	34	94180	卖盘
14:51:51	27.72	--	21	58212	买盘
14:51:48	27.72	--	63	174636	卖盘
14:51:45	27.72	--	12	33264	卖盘
14:51:42	27.72	-0.01	84	232848	卖盘
14:51:39	27.73	--	15	41595	买盘
14:51:36	27.73	--	49	135877	买盘
14:51:33	27.73	--	11	30503	买盘
14:51:30	27.73	0.01	31	85963	卖盘
14:51:27	27.72	--	52	144144	卖盘
14:51:24	27.72	-0.02	18	49896	卖盘
14:51:21	27.74	0.01	12	33288	买盘
14:51:18	27.73	--	1	2773	买盘
14:51:15	27.73	0.01	30	83190	中性盘
14:51:12	27.72	-0.03	19	52668	卖盘
14:51:09	27.75	0.02	21	58275	买盘
14:51:06	27.73	-0.02	106	293938	卖盘
14:51:03	27.75	--	163	452325	卖盘
14:51:00	27.75	0.01	78	216450	买盘
14:50:57	27.74	-0.01	5	13870	卖盘
14:50:54	27.75	--	27	74925	买盘
14:50:51	27.75	--	23	63825	卖盘
14:50:48	27.75	0.02	5	13875	卖盘
14:50:45	27.73	-0.02	50	138650	卖盘
14:50:42	27.75	--	6	16650	卖盘
14:50:39	27.75	0.01	23	63825	买盘
14:50:36	27.74	-0.02	60	166440	卖盘
14:50:33	27.76	0.03	38	105488	买盘
14:50:30	27.73	-0.02	81	224613	卖盘
14:50:27	27.75	-0.01	111	308025	中性盘
14:50:24	27.76	--	114	316464	买盘
14:50:21	27.76	0.02	74	205424	买盘
14:50:18	27.74	--	26	72124	卖盘
14:50:15	27.74	-0.01	68	188632	卖盘
14:50:12	27.75	-0.01	17	47175	买盘
14:50:06	27.76	--	43	119368	买盘
14:50:03	27.76	0.02	56	155456	买盘
14:50:00	27.74	-0.01	19	52706	卖盘
14:49:57	27.75	--	56	155400	卖盘
14:49:54	27.75	--	84	233100	卖盘
14:49:51	27.75	--	16	44400	卖盘
14:49:48	27.75	--	23	63825	卖盘
14:49:45	27.75	--	72	199800	卖盘
14:49:42	27.75	-0.01	56	155400	卖盘
14:49:39	27.76	--	36	99936	卖盘
14:49:36	27.76	--	5	13880	卖盘
14:49:33	27.76	--	234	649584	卖盘
14:49:30	27.76	--	29	80504	卖盘
14:49:27	27.76	--	132	366432	买盘
14:49:24	27.76	0.01	37	102712	买盘
14:49:21	27.75	--	119	330225	卖盘
14:49:18	27.75	-0.01	53	147075	卖盘
14:49:15	27.76	--	38	105488	买盘
14:49:12	27.76	--	15	41640	买盘
14:49:09	27.76	0.01	16	44416	买盘
14:49:06	27.75	-0.03	42	116550	卖盘
14:49:03	27.78	0.02	155	430590	买盘
14:49:00	27.76	-0.02	10	27760	中性盘
14:48:57	27.78	--	32	88896	买盘
14:48:54	27.78	0.01	75	208350	买盘
14:48:51	27.77	--	9	24993	买盘
14:48:48	27.77	-0.01	91	252707	卖盘
14:48:45	27.78	0.03	311	863958	买盘
14:48:42	27.75	-0.02	61	169275	卖盘
14:48:39	27.77	-0.01	325	902525	卖盘
14:48:36	27.78	--	14	38892	买盘
14:48:33	27.78	-0.01	176	488928	卖盘
14:48:30	27.79	--	136	379861	卖盘
14:48:27	27.79	-0.02	267	741993	卖盘
14:48:24	27.81	0.01	331	920511	买盘
14:48:21	27.8	0.04	1194	3320181	买盘
14:48:18	27.76	-0.01	50	138800	卖盘
14:48:15	27.77	--	30	83310	买盘
14:48:12	27.77	0.03	14	38878	买盘
14:48:09	27.74	--	210	582540	卖盘
14:48:03	27.74	0.01	33	91542	卖盘
14:48:00	27.73	-0.04	3	8319	卖盘
14:47:57	27.77	0.01	106	294362	买盘
14:47:54	27.76	0.06	629	1746104	买盘
14:47:51	27.7	0.04	316	875320	买盘
14:47:48	27.66	0.01	10	27660	中性盘
14:47:45	27.65	-0.04	21	58065	卖盘
14:47:42	27.69	0.03	14	38766	买盘
14:47:39	27.66	-0.02	77	212982	卖盘
14:47:36	27.68	--	15	41520	卖盘
14:47:33	27.68	0.02	50	138400	买盘
14:47:30	27.66	0.01	47	130002	买盘
14:47:27	27.65	-0.01	58	160370	卖盘
14:47:24	27.66	--	12	33192	卖盘
14:47:21	27.66	--	38	105108	卖盘
14:47:18	27.66	--	21	58086	卖盘
14:47:12	27.66	-0.01	29	80214	卖盘
14:47:09	27.67	-0.01	33	91311	中性盘
14:47:06	27.68	0.02	8	22144	买盘
14:47:03	27.66	-0.02	31	85746	卖盘
14:47:00	27.68	0.02	3	8304	买盘
14:46:57	27.66	-0.04	10	27660	卖盘
14:46:54	27.7	0.03	100	277000	买盘
14:46:51	27.67	0.02	35	96845	买盘
14:46:48	27.65	-0.05	10	27650	卖盘
14:46:45	27.7	0.03	18	49860	买盘
14:46:42	27.67	-0.03	5	13835	卖盘
14:46:39	27.7	0.04	20	55400	买盘
14:46:36	27.66	-0.04	5	13830	中性盘
14:46:30	27.7	0.01	667	1847590	买盘
14:46:27	27.69	-0.01	31	85839	买盘
14:46:21	27.7	--	18	49860	买盘
14:46:18	27.7	--	32	88640	买盘
14:46:15	27.7	-0.03	53	146810	中性盘
14:46:12	27.73	--	65	180245	买盘
14:46:09	27.73	0.02	295	818035	买盘
14:46:06	27.71	--	76	210596	卖盘
14:46:03	27.71	0.01	78	216138	买盘
14:46:00	27.7	--	12	33240	买盘
14:45:57	27.7	--	60	166200	买盘
14:45:54	27.7	--	144	398880	买盘
14:45:51	27.7	0.02	241	667570	买盘
14:45:48	27.68	--	5	13840	买盘
14:45:45	27.68	0.02	60	166080	买盘
14:45:42	27.66	0.06	220	608520	买盘
14:45:39	27.6	0.03	266	735540	买盘
14:45:36	27.57	0.03	129	355653	买盘
14:45:33	27.54	-0.01	5	13770	卖盘
14:45:30	27.55	0.06	208	573040	买盘
14:45:27	27.49	--	10	27490	买盘
14:45:24	27.49	--	331	909919	买盘
14:45:21	27.49	--	110	304919	卖盘
14:45:18	27.49	-0.01	47	129422	卖盘
14:45:12	27.5	0.01	4	11000	买盘
14:45:09	27.49	-0.01	2	5498	卖盘
14:45:06	27.5	--	10	27500	买盘
14:45:03	27.5	-0.01	87	241780	卖盘
14:45:00	27.51	--	10	27510	卖盘
14:44:57	27.51	--	33	90783	买盘
14:44:54	27.51	--	14	38514	买盘
14:44:51	27.51	--	5	13755	买盘
14:44:48	27.51	0.01	21	57771	买盘
14:44:39	27.5	--	28	77000	卖盘
14:44:33	27.5	-0.01	151	415250	卖盘
14:44:30	27.51	--	5	13755	买盘
14:44:27	27.51	--	3	8253	买盘
14:44:24	27.51	-0.01	23	63273	卖盘
14:44:21	27.52	0.01	97	266944	买盘
14:44:18	27.51	--	11	30261	买盘
14:44:15	27.51	--	7	19257	买盘
14:44:12	27.51	--	25	68775	买盘
14:44:06	27.51	0.01	9	24759	买盘
14:43:57	27.5	-0.01	8	22000	卖盘
14:43:54	27.51	--	4	11004	买盘
14:43:51	27.51	--	14	38514	买盘
14:43:48	27.51	0.01	7	19257	买盘
14:43:45	27.5	--	7	19250	卖盘
14:43:42	27.5	-0.01	21	57750	卖盘
14:43:39	27.51	0.01	10	27510	买盘
14:43:36	27.5	--	37	101750	卖盘
14:43:30	27.5	--	11	30250	卖盘
14:43:27	27.5	-0.01	25	68750	卖盘
14:43:24	27.51	--	4	11004	买盘
14:43:21	27.51	-0.01	9	24759	中性盘
14:43:15	27.52	0.02	30	82560	买盘
14:43:12	27.5	-0.01	19	52250	卖盘
14:43:09	27.51	--	18	49518	卖盘
14:43:06	27.51	--	27	74277	卖盘
14:43:00	27.51	-0.02	7	19257	卖盘
14:42:57	27.53	--	11	30283	买盘
14:42:51	27.53	0.02	7	19271	买盘
14:42:48	27.51	--	18	49518	卖盘
14:42:45	27.51	--	3	8253	卖盘
14:42:36	27.51	-0.01	6	16506	卖盘
14:42:33	27.52	0.01	17	46784	中性盘
14:42:21	27.51	-0.02	35	96285	卖盘
14:42:18	27.53	--	2	5506	卖盘
14:42:15	27.53	--	38	104614	卖盘
14:42:09	27.53	0.02	43	118379	买盘
14:42:06	27.51	--	2	5502	卖盘
14:42:03	27.51	0.01	0	220	买盘
14:42:00	27.5	--	8	22000	卖盘
14:41:57	27.5	-0.01	150	412500	卖盘
14:41:54	27.51	-0.03	4	13534	卖盘
14:41:51	27.54	-0.01	1	2754	中性盘
14:41:48	27.55	0.04	13	35815	买盘
14:41:42	27.51	-0.03	20	55020	卖盘
14:41:39	27.54	--	1	2754	卖盘
14:41:33	27.54	-0.01	8	22032	卖盘
14:41:24	27.55	-0.02	6	16530	卖盘
14:41:18	27.57	--	1	2757	买盘
14:41:12	27.57	--	11	30327	买盘
14:41:09	27.57	--	30	82710	买盘
14:41:06	27.57	--	15	42954	卖盘
14:41:03	27.57	-0.01	6	16542	卖盘
14:41:00	27.58	0.01	82	226156	买盘
14:40:54	27.57	--	4	11028	卖盘
14:40:51	27.57	-0.01	2	5514	卖盘
14:40:48	27.58	0.01	6	16548	买盘
14:40:42	27.57	0.04	461	1272134	买盘
14:40:39	27.53	-0.01	1	2753	中性盘
14:40:33	27.54	0.02	54	148716	买盘
14:40:27	27.52	--	11	30272	卖盘
14:40:24	27.52	--	1	2752	卖盘
14:40:15	27.52	-0.01	65	178880	卖盘
14:40:12	27.53	--	10	27530	卖盘
14:40:09	27.53	--	7	19271	卖盘
14:40:06	27.53	--	39	107367	卖盘
14:40:03	27.53	--	17	46801	卖盘
14:40:00	27.53	-0.01	10	27530	卖盘
14:39:57	27.54	--	12	33048	买盘
14:39:54	27.54	0.01	1	2754	买盘
14:39:48	27.53	--	8	23152	买盘
14:39:45	27.53	0.01	9	24777	买盘
14:39:42	27.52	-0.01	18	49536	卖盘
14:39:33	27.53	0.01	31	85343	买盘
14:39:30	27.52	-0.01	20	55040	卖盘
14:39:24	27.53	--	5	15389	卖盘
14:39:21	27.53	--	1	2753	卖盘
14:39:18	27.53	--	5	13765	卖盘
14:39:15	27.53	--	15	41295	卖盘
14:39:12	27.53	--	13	35789	卖盘
14:39:09	27.53	--	1	2753	卖盘
14:39:03	27.53	--	7	19271	卖盘
14:39:00	27.53	--	3	9387	卖盘
14:38:54	27.53	0.01	5	13765	卖盘
14:38:48	27.52	-0.01	3	8256	卖盘
14:38:45	27.53	0.01	93	256029	买盘
14:38:42	27.52	--	3	8256	卖盘
14:38:39	27.52	--	5	14888	卖盘
14:38:36	27.52	-0.01	9	24768	卖盘
14:38:33	27.53	0.01	1	2753	买盘
14:38:30	27.52	--	4	11008	卖盘
14:38:21	27.52	--	23	64451	卖盘
14:38:18	27.52	--	75	206400	卖盘
14:38:15	27.52	0.02	87	241735	买盘
14:38:12	27.5	-0.01	1	2750	卖盘
14:38:09	27.51	--	13	35763	卖盘
14:38:06	27.51	-0.01	20	55020	卖盘
14:38:00	27.52	--	1	2752	买盘
14:37:57	27.52	--	92	254780	卖盘
14:37:51	27.52	-0.01	7	19264	卖盘
14:37:48	27.53	0.01	3	8259	中性盘
14:37:42	27.52	-0.01	3	9411	卖盘
14:37:39	27.53	-0.01	4	11012	中性盘
14:37:36	27.54	0.01	18	49572	买盘
14:37:30	27.53	-0.01	9	24777	卖盘
14:37:27	27.54	0.01	23	63342	买盘
14:37:18	27.53	-0.01	3	8259	卖盘
14:37:15	27.54	--	9	24786	买盘
14:37:12	27.54	--	9	24786	中性盘
14:36:57	27.54	-0.01	1	2754	卖盘
14:36:54	27.55	--	3	8265	买盘
14:36:51	27.55	0.02	65	179075	买盘
14:36:48	27.53	-0.02	7	19271	卖盘
14:36:39	27.55	0.02	6	16530	买盘
14:36:36	27.53	--	12	33036	卖盘
14:36:30	27.53	--	5	13765	卖盘
14:36:27	27.53	--	20	55060	卖盘
14:36:24	27.53	-0.02	10	27530	卖盘
14:36:21	27.55	0.02	19	52345	买盘
14:36:18	27.53	--	13	35789	卖盘
14:36:15	27.53	0.01	17	46801	买盘
14:36:12	27.52	0.01	5	13760	买盘
14:36:09	27.51	-0.02	12	33012	卖盘
14:36:06	27.53	--	5	13765	买盘
14:36:03	27.53	--	5	13765	卖盘
14:35:57	27.53	--	8	22024	卖盘
14:35:54	27.53	--	25	68825	买盘
14:35:51	27.53	-0.01	14	38542	卖盘
14:35:48	27.54	--	2	5508	买盘
14:35:45	27.54	0.01	21	57834	买盘
14:35:30	27.53	--	2	5506	卖盘
14:35:27	27.53	-0.01	1	2753	卖盘
14:35:24	27.54	-0.01	7	19278	中性盘
14:35:21	27.55	--	12	33060	买盘
14:35:09	27.55	--	10	27550	买盘
14:35:06	27.55	--	21	57855	卖盘
14:35:03	27.55	-0.01	5	13775	卖盘
14:35:00	27.56	0.01	3	8268	买盘
14:34:54	27.55	-0.01	15	41325	卖盘
14:34:51	27.56	0.02	148	407888	买盘
14:34:48	27.54	-0.01	3	8262	中性盘
14:34:45	27.55	--	15	41325	买盘
14:34:36	27.55	0.02	5	13775	买盘
14:34:33	27.53	0.01	6	16518	买盘
14:34:30	27.52	0.01	7	19264	买盘
14:34:27	27.51	-0.03	5	13755	卖盘
14:34:21	27.54	0.01	10	27540	买盘
14:34:12	27.53	0.02	37	101861	买盘
14:34:06	27.51	0.01	5	13755	买盘
14:34:03	27.5	--	39	107250	卖盘
14:33:54	27.5	--	105	290317	买盘
14:33:51	27.5	--	10	27500	买盘
14:33:48	27.5	--	47	129250	买盘
14:33:45	27.5	--	16	44000	买盘
14:33:42	27.5	0.01	68	187000	买盘
14:33:39	27.49	--	38	104462	卖盘
14:33:36	27.49	--	5	13745	卖盘
14:33:33	27.49	-0.01	21	57729	卖盘
14:33:30	27.5	--	100	275000	买盘
14:33:27	27.5	0.01	30	82500	买盘
14:33:24	27.49	--	4	10996	卖盘
14:33:18	27.49	-0.01	7	19243	卖盘
14:33:15	27.5	--	7	19250	买盘
14:33:03	27.5	0.02	101	277750	买盘
14:32:57	27.48	--	3	8244	卖盘
14:32:48	27.48	0.01	43	118164	卖盘
14:32:36	27.47	-0.03	5	13735	卖盘
14:32:30	27.5	0.03	205	563750	买盘
14:32:27	27.47	--	22	60434	卖盘
14:32:24	27.47	-0.03	15	41205	卖盘
14:32:18	27.5	0.02	64	176000	买盘
14:32:12	27.48	0.01	4	10992	买盘
14:32:09	27.47	0.01	22	60434	中性盘
14:32:03	27.46	-0.01	53	145538	卖盘
14:32:00	27.47	--	2	5494	卖盘
14:31:54	27.47	-0.01	10	27470	卖盘
14:31:45	27.48	0.01	1	2748	买盘
14:31:42	27.47	--	3	8241	卖盘
14:31:36	27.47	-0.03	20	54940	卖盘
14:31:30	27.5	--	4	11000	买盘
14:31:27	27.5	--	20	55000	买盘
14:31:24	27.5	0.03	13	35750	买盘
14:31:21	27.47	-0.03	104	285688	卖盘
14:31:18	27.5	0.01	11	30250	买盘
14:31:15	27.49	-0.01	30	82470	卖盘
14:31:06	27.5	--	2	5500	买盘
14:30:57	27.5	--	31	85250	买盘
14:30:54	27.5	--	24	66000	买盘
14:30:48	27.5	--	21	57750	买盘
14:30:45	27.5	0.01	4	11000	买盘
14:30:42	27.49	-0.01	65	178685	卖盘
14:30:39	27.5	0.01	5	13750	买盘
14:30:33	27.49	-0.01	6	16494	卖盘
14:30:30	27.5	--	13	35750	买盘
14:30:24	27.5	0.01	1	2750	买盘
14:30:21	27.49	-0.01	9	24741	卖盘
14:30:18	27.5	--	5	13750	买盘
14:30:12	27.5	--	16	44000	买盘
14:30:09	27.5	0.01	5	13750	买盘
14:30:06	27.49	-0.01	2	5498	卖盘
14:30:03	27.5	--	2	5500	买盘
14:30:00	27.5	--	1	2750	买盘
14:29:57	27.5	--	3	9350	卖盘
14:29:54	27.5	--	7	19250	卖盘
14:29:51	27.5	--	18	49500	卖盘
14:29:48	27.5	--	2	5500	卖盘
14:29:45	27.5	--	5	13750	卖盘
14:29:42	27.5	--	10	27500	卖盘
14:29:39	27.5	--	10	27500	卖盘
14:29:36	27.5	-0.01	6	16500	卖盘
14:29:33	27.51	--	10	27510	买盘
14:29:24	27.51	-0.01	5	13755	卖盘
14:29:21	27.52	0.01	5	13760	买盘
14:29:18	27.51	--	1	2751	卖盘
14:29:15	27.51	-0.01	11	30261	卖盘
14:29:03	27.52	-0.02	83	228416	卖盘
14:28:57	27.54	--	1	2754	买盘
14:28:51	27.54	--	1	2754	买盘
14:28:48	27.54	0.01	12	33048	买盘
14:28:45	27.53	-0.01	12	33036	卖盘
14:28:39	27.54	-0.01	11	30294	买盘
14:28:27	27.55	0.01	168	462840	买盘
14:28:24	27.54	-0.01	101	278154	卖盘
14:28:18	27.55	0.01	4	11020	买盘
14:28:15	27.54	--	12	33048	卖盘
14:28:09	27.54	--	6	16524	卖盘
14:28:06	27.54	-0.01	2	5508	中性盘
14:28:00	27.55	--	7	19285	买盘
14:27:57	27.55	0.01	10	27550	买盘
14:27:54	27.54	-0.01	67	184600	卖盘
14:27:51	27.55	0.01	10	27550	买盘
14:27:48	27.54	--	8	22032	卖盘
14:27:42	27.54	0.02	24	68767	买盘
14:27:36	27.52	--	8	22016	卖盘
14:27:33	27.52	--	47	129344	买盘
14:27:30	27.52	0.01	3	8256	买盘
14:27:24	27.51	-0.01	5	13755	卖盘
14:27:21	27.52	0.01	3	8256	买盘
14:27:18	27.51	--	37	101787	卖盘
14:27:12	27.51	--	1	2751	卖盘
14:27:09	27.51	--	20	55020	卖盘
14:27:06	27.51	0.01	3	8253	买盘
14:27:00	27.5	--	96	265650	买盘
14:26:57	27.5	0.01	19	52250	买盘
14:26:51	27.49	--	3	8247	卖盘
14:26:45	27.49	0.01	99	272151	买盘
14:26:42	27.48	0.02	6	16488	买盘
14:26:39	27.46	-0.02	26	71396	卖盘
14:26:36	27.48	0.03	2	5496	买盘
14:26:30	27.45	-0.02	27	74115	卖盘
14:26:27	27.47	0.02	54	148338	买盘
14:26:24	27.45	--	18	49410	卖盘
14:26:21	27.45	--	138	378810	买盘
14:26:18	27.45	--	46	126270	买盘
14:26:15	27.45	0.01	3	8235	买盘
14:26:09	27.44	--	4	10976	卖盘
14:26:06	27.44	-0.01	10	27440	卖盘
14:26:03	27.45	0.01	11	30195	买盘
14:26:00	27.44	-0.01	2	5488	中性盘
14:25:57	27.45	0.01	17	46665	买盘
14:25:54	27.44	-0.01	23	63112	卖盘
14:25:51	27.45	0.01	6	16470	买盘
14:25:45	27.44	--	4	10976	卖盘
14:25:42	27.44	--	12	32928	卖盘
14:25:39	27.44	-0.01	3	8232	卖盘
14:25:36	27.45	0.01	223	613507	买盘
14:25:33	27.44	--	17	46648	卖盘
14:25:30	27.44	--	158	433552	卖盘
14:25:27	27.44	--	35	96040	卖盘
14:25:24	27.44	--	16	43904	卖盘
14:25:18	27.44	--	5	13747	买盘
14:25:15	27.44	-0.01	145	397880	卖盘
14:25:12	27.45	0.01	12	32940	买盘
14:25:09	27.44	-0.01	6	16464	卖盘
14:25:03	27.45	--	6	16470	买盘
14:25:00	27.45	0.01	2	5490	中性盘
14:24:51	27.44	-0.01	36	98784	卖盘
14:24:48	27.45	--	13	35685	卖盘
14:24:45	27.45	-0.01	23	63135	中性盘
14:24:42	27.46	--	39	107094	买盘
14:24:39	27.46	0.01	134	369693	买盘
14:24:36	27.45	0.01	2	5490	卖盘
14:24:33	27.44	-0.01	8	21952	卖盘
14:24:30	27.45	-0.01	54	148230	卖盘
14:24:27	27.46	--	40	109840	买盘
14:24:21	27.46	0.02	2	5492	买盘
14:24:18	27.44	-0.01	84	230496	卖盘
14:24:12	27.45	-0.01	430	1180350	卖盘
14:24:03	27.46	--	1	2746	卖盘
14:23:57	27.46	-0.01	99	271854	卖盘
14:23:54	27.47	-0.01	10	27470	卖盘
14:23:51	27.48	0.01	8	21984	买盘
14:23:48	27.47	--	8	21976	卖盘
14:23:45	27.47	--	77	211519	卖盘
14:23:42	27.47	--	5	13735	卖盘
14:23:39	27.47	--	11	30821	卖盘
14:23:36	27.47	--	55	151085	卖盘
14:23:33	27.47	-0.01	49	134603	卖盘
14:23:30	27.48	0.01	1	2748	买盘
14:23:27	27.47	--	11	30217	卖盘
14:23:24	27.47	--	12	32964	卖盘
14:23:21	27.47	--	20	54940	卖盘
14:23:15	27.47	--	20	54940	卖盘
14:23:12	27.47	-0.01	55	151085	卖盘
14:23:09	27.48	0.01	1	2748	中性盘
14:23:00	27.47	-0.02	133	365351	卖盘
14:22:57	27.49	0.01	9	24741	买盘
14:22:54	27.48	--	114	313272	卖盘
14:22:51	27.48	-0.01	2	5496	卖盘
14:22:48	27.49	0.01	3	8247	买盘
14:22:45	27.48	--	31	85188	卖盘
14:22:42	27.48	-0.01	10	27480	卖盘
14:22:33	27.49	0.01	6	16494	买盘
14:22:30	27.48	-0.01	16	43968	卖盘
14:22:27	27.49	--	78	214422	卖盘
14:22:24	27.49	--	5	13745	卖盘
14:22:18	27.49	--	16	43984	卖盘
14:22:15	27.49	--	24	65976	卖盘
14:22:12	27.49	--	3	8247	卖盘
14:22:09	27.49	--	5	13745	卖盘
14:22:03	27.49	-0.02	12	32988	卖盘
14:22:00	27.51	--	4	11004	买盘
14:21:51	27.51	--	17	46767	买盘
14:21:48	27.51	0.02	25	68775	买盘
14:21:42	27.49	-0.02	12	32988	卖盘
14:21:30	27.51	--	43	118293	卖盘
14:21:24	27.51	--	2	5502	卖盘
14:21:15	27.51	0.02	12	33012	买盘
14:21:09	27.49	--	2	5498	买盘
14:21:06	27.49	-0.02	39	107211	卖盘
14:21:03	27.51	-0.01	3	8253	卖盘
14:21:00	27.52	0.01	1	2752	买盘
14:20:54	27.51	--	3	8253	卖盘
14:20:51	27.51	--	1	2751	卖盘
14:20:39	27.51	0.03	8	22008	买盘
14:20:33	27.48	-0.01	70	192360	卖盘
14:20:30	27.49	-0.01	11	30239	卖盘
14:20:27	27.5	0.02	11	30250	买盘
14:20:15	27.48	--	20	54960	卖盘
14:20:09	27.48	--	13	36136	卖盘
14:20:00	27.48	--	38	104424	买盘
14:19:57	27.48	0.02	8	21984	买盘
14:19:54	27.46	-0.02	50	137300	卖盘
14:19:51	27.48	0.01	170	467160	买盘
14:19:48	27.47	0.01	38	104386	买盘
14:19:45	27.46	-0.01	35	96110	卖盘
14:19:42	27.47	--	47	129109	买盘
14:19:36	27.47	--	16	43952	买盘
14:19:33	27.47	0.01	14	38458	买盘
14:19:30	27.46	--	36	98856	卖盘
14:19:27	27.46	-0.01	7	19222	买盘
14:19:24	27.47	0.01	10	27470	买盘
14:19:21	27.46	-0.01	35	96110	卖盘
14:19:18	27.47	0.01	8	21976	买盘
14:19:15	27.46	-0.01	19	52174	卖盘
14:19:12	27.47	--	18	49446	买盘
14:19:09	27.47	--	25	68675	买盘
14:19:06	27.47	--	20	54940	买盘
14:19:03	27.47	--	46	126362	买盘
14:19:00	27.47	0.01	3	8241	买盘
14:18:57	27.46	-0.01	10	27460	卖盘
14:18:54	27.47	--	27	74169	买盘
14:18:51	27.47	0.01	1	2747	买盘
14:18:45	27.46	0.01	3	8238	中性盘
14:18:42	27.45	-0.02	5	13725	卖盘
14:18:39	27.47	0.02	3	8241	买盘
14:18:36	27.45	-0.01	99	271755	卖盘
14:18:33	27.46	0.01	37	101602	中性盘
14:18:30	27.45	-0.01	94	258030	卖盘
14:18:27	27.46	--	26	71396	买盘
14:18:24	27.46	--	86	236156	买盘
14:18:21	27.46	--	37	101602	买盘
14:18:18	27.46	0.01	6	16476	买盘
14:18:15	27.45	-0.01	30	82350	卖盘
14:18:12	27.46	--	22	60412	买盘
14:18:09	27.46	-0.01	33	90618	卖盘
14:18:06	27.47	0.01	13	35711	买盘
14:18:03	27.46	--	30	82380	卖盘
14:18:00	27.46	--	8	21968	卖盘
14:17:57	27.46	--	5	13730	卖盘
14:17:54	27.46	--	17	46682	卖盘
14:17:48	27.46	--	15	41190	卖盘
14:17:45	27.46	--	56	153776	卖盘
14:17:42	27.46	--	4	10984	卖盘
14:17:39	27.46	--	2	5492	卖盘
14:17:33	27.46	-0.01	2	5492	卖盘
14:17:30	27.47	-0.01	28	76916	卖盘
14:17:24	27.48	--	21	57708	买盘
14:17:21	27.48	-0.01	163	450259	卖盘
14:17:15	27.49	0.01	14	38486	买盘
14:17:12	27.48	--	27	74608	卖盘
14:17:06	27.48	--	4	10992	卖盘
14:17:03	27.48	-0.01	3	8244	卖盘
14:17:00	27.49	0.01	17	46733	买盘
14:16:57	27.48	--	22	60456	卖盘
14:16:54	27.48	-0.01	20	54960	卖盘
14:16:51	27.49	0.01	36	98964	买盘
14:16:48	27.48	--	13	35724	卖盘
14:16:45	27.48	--	29	79692	卖盘
14:16:42	27.48	-0.01	14	38472	卖盘
14:16:39	27.49	0.01	7	19243	买盘
14:16:33	27.48	--	15	41220	卖盘
14:16:30	27.48	--	36	98928	卖盘
14:16:27	27.48	-0.02	50	137400	卖盘
14:16:24	27.5	--	36	99000	卖盘
14:16:21	27.5	--	30	82500	卖盘
14:16:18	27.5	-0.01	15	41250	卖盘
14:16:15	27.51	0.01	20	55020	买盘
14:16:09	27.5	-0.01	61	169895	卖盘
14:16:00	27.51	-0.01	100	275100	卖盘
14:15:57	27.52	--	40	110080	卖盘
14:15:48	27.52	-0.02	8	22016	卖盘
14:15:39	27.54	--	16	44146	卖盘
14:15:36	27.54	-0.01	13	35802	卖盘
14:15:33	27.55	-0.01	8	22040	中性盘
14:15:27	27.56	0.02	5	13780	买盘
14:15:24	27.54	-0.02	10	27540	卖盘
14:15:21	27.56	--	2	5512	买盘
14:15:18	27.56	--	30	82680	卖盘
14:15:12	27.56	--	6	16536	卖盘
14:15:06	27.56	-0.01	5	13780	卖盘
14:14:54	27.57	0.03	182	501774	买盘
14:14:51	27.54	--	27	74660	卖盘
14:14:48	27.54	-0.02	45	126298	中性盘
14:14:45	27.56	0.03	54	148824	买盘
14:14:42	27.53	--	5	13765	卖盘
14:14:33	27.53	--	39	107367	卖盘
14:14:24	27.53	-0.01	7	19271	卖盘
14:14:18	27.54	--	0	605	买盘
14:14:12	27.54	-0.01	23	63342	卖盘
14:14:09	27.55	0.01	27	74385	买盘
14:14:06	27.54	--	20	55080	卖盘
14:14:03	27.54	--	10	27540	卖盘
14:13:57	27.54	-0.02	62	170748	卖盘
14:13:54	27.56	0.02	10	27560	买盘
14:13:48	27.54	-0.01	30	82620	卖盘
14:13:45	27.55	-0.01	8	22040	中性盘
14:13:36	27.56	--	3	8268	买盘
14:13:33	27.56	0.02	4	11024	买盘
14:13:30	27.54	-0.01	52	143208	卖盘
14:13:18	27.55	--	42	115710	卖盘
14:13:15	27.55	--	3	8265	卖盘
14:13:03	27.55	--	9	24795	卖盘
14:12:42	27.55	--	8	22040	卖盘
14:12:39	27.55	--	2	5510	卖盘
14:12:36	27.55	-0.01	10	27550	卖盘
14:12:33	27.56	0.01	5	13780	买盘
14:12:27	27.55	--	10	27550	卖盘
14:12:24	27.55	0.01	20	55100	中性盘
14:12:12	27.54	-0.01	38	104652	卖盘
14:12:09	27.55	--	12	33060	卖盘
14:12:00	27.55	-0.01	8	22040	卖盘
14:11:57	27.56	0.01	18	49608	买盘
14:11:51	27.55	--	1	2755	买盘
14:11:48	27.55	--	4	11020	卖盘
14:11:45	27.55	--	11	30305	买盘
14:11:33	27.55	--	14	38570	卖盘
14:11:30	27.55	-0.01	1	2755	卖盘
14:11:21	27.56	0.01	2	5512	买盘
14:11:15	27.55	--	6	16530	卖盘
14:11:12	27.55	-0.01	22	60610	卖盘
14:11:09	27.56	0.01	3	8268	买盘
14:11:03	27.55	-0.01	37	101935	卖盘
14:11:00	27.56	0.01	1	2756	买盘
14:10:57	27.55	--	2	5510	卖盘
14:10:48	27.55	--	2	5510	卖盘
14:10:39	27.55	0.02	6	16530	买盘
14:10:30	27.53	--	16	44048	卖盘
14:10:24	27.53	--	3	8259	卖盘
14:10:18	27.53	-0.03	6	16518	卖盘
14:10:15	27.56	--	4	11024	买盘
14:10:06	27.56	--	10	27560	买盘
14:10:03	27.56	0.04	1	2756	买盘
14:09:51	27.52	-0.04	2	5504	卖盘
14:09:48	27.56	0.04	12	33072	买盘
14:09:42	27.52	-0.02	20	55040	卖盘
14:09:36	27.54	0.02	5	13770	中性盘
14:09:33	27.52	-0.02	51	140352	卖盘
14:09:21	27.54	-0.01	5	13770	卖盘
14:09:15	27.55	--	4	11020	卖盘
14:09:12	27.55	--	4	11020	卖盘
14:09:06	27.55	-0.01	2	5510	中性盘
14:08:54	27.56	0.01	6	16536	买盘
14:08:30	27.55	-0.01	2	5510	买盘
14:08:27	27.56	--	5	13780	买盘
14:08:21	27.56	0.02	20	55120	买盘
14:08:09	27.54	0.01	2	5508	买盘
14:08:06	27.53	--	6	16518	卖盘
14:08:00	27.53	-0.02	1	2753	卖盘
14:07:54	27.55	--	22	60610	卖盘
14:07:51	27.55	-0.01	5	13775	卖盘
14:07:42	27.56	-0.01	10	27560	卖盘
14:07:30	27.57	-0.01	197	543129	卖盘
14:07:27	27.58	--	220	606760	卖盘
14:07:24	27.58	-0.01	2	5516	卖盘
14:07:12	27.59	0.01	15	41385	买盘
14:07:09	27.58	--	5	13790	卖盘
14:07:03	27.58	-0.01	55	151690	卖盘
14:06:51	27.59	--	1	2759	买盘
14:06:45	27.59	--	18	49662	买盘
14:06:42	27.59	--	5	13795	买盘
14:06:39	27.59	0.01	6	16554	买盘
14:06:36	27.58	-0.01	4	11032	卖盘
14:06:30	27.59	0.01	7	19313	买盘
14:06:24	27.58	-0.01	8	22064	卖盘
14:06:21	27.59	--	11	30349	买盘
14:06:18	27.59	0.01	10	27590	买盘
14:06:15	27.58	-0.01	15	41370	卖盘
14:06:06	27.59	--	2	5518	买盘
14:06:03	27.59	--	24	66216	买盘
14:05:57	27.59	0.01	1	2759	买盘
14:05:54	27.58	-0.01	3	8274	卖盘
14:05:48	27.59	--	53	146227	买盘
14:05:45	27.59	--	22	60698	买盘
14:05:36	27.59	--	103	284177	卖盘
14:05:21	27.59	--	16	44144	卖盘
14:05:15	27.59	--	4	11036	买盘
14:05:12	27.59	--	46	126914	卖盘
14:05:03	27.59	0.02	21	57939	买盘
14:05:00	27.57	-0.02	12	33084	卖盘
14:04:57	27.59	--	8	22072	买盘
14:04:51	27.59	0.02	36	99324	买盘
14:04:42	27.57	-0.02	9	24813	卖盘
14:04:33	27.59	0.01	18	49662	买盘
14:04:30	27.58	0.01	10	27580	买盘
14:04:27	27.57	-0.01	6	16542	卖盘
14:04:15	27.58	--	36	99288	卖盘
14:04:09	27.58	--	1	2758	卖盘
14:04:06	27.58	--	1	2758	卖盘
14:04:03	27.58	-0.01	5	13790	卖盘
14:04:00	27.59	--	1	2759	买盘
14:03:54	27.59	--	25	68975	买盘
14:03:51	27.59	-0.06	546	1506414	卖盘
14:03:48	27.65	--	49	135485	卖盘
14:03:45	27.65	--	13	35945	卖盘
14:03:42	27.65	-0.02	60	165900	卖盘
14:03:39	27.67	0.02	3	8301	买盘
14:03:30	27.65	-0.03	1502	4153030	卖盘
14:03:27	27.68	0.03	13	35984	买盘
14:03:24	27.65	--	2	5530	卖盘
14:03:15	27.65	-0.03	100	276500	卖盘
14:03:09	27.68	-0.01	46	127328	卖盘
14:03:06	27.69	-0.01	30	83070	卖盘
14:03:03	27.7	--	5	13850	中性盘
14:03:00	27.7	--	5	13850	卖盘
14:02:57	27.7	--	9	24930	卖盘
14:02:54	27.7	--	28	77560	卖盘
14:02:51	27.7	0.01	13	36010	买盘
14:02:48	27.69	-0.01	23	63687	卖盘
14:02:45	27.7	--	8	22160	买盘
14:02:42	27.7	--	24	66480	卖盘
14:02:39	27.7	--	50	138500	买盘
14:02:36	27.7	--	75	207750	买盘
14:02:33	27.7	0.01	37	102490	买盘
14:02:30	27.69	-0.01	11	30459	中性盘
14:02:27	27.7	--	50	138500	买盘
14:02:24	27.7	--	21	58170	买盘
14:02:21	27.7	--	2	5540	买盘
14:02:18	27.7	--	1	2770	买盘
14:02:15	27.7	0.02	16	44320	买盘
14:02:12	27.68	--	11	30448	卖盘
14:02:09	27.68	--	11	30448	卖盘
14:02:06	27.68	--	2	5536	卖盘
14:02:03	27.68	--	68	188224	卖盘
14:02:00	27.68	0.03	269	744592	中性盘
14:01:57	27.65	-0.03	250	691250	卖盘
14:01:54	27.68	--	1	2768	买盘
14:01:51	27.68	--	36	99648	买盘
14:01:48	27.68	0.02	5	13840	买盘
14:01:42	27.66	-0.02	1	2766	卖盘
14:01:39	27.68	0.03	23	63664	买盘
14:01:36	27.65	-0.01	19	52535	卖盘
14:01:33	27.66	0.01	3	8298	买盘
14:01:30	27.65	-0.03	16	44240	卖盘
14:01:27	27.68	0.03	414	1145952	买盘
14:01:24	27.65	-0.01	22	60830	卖盘
14:01:21	27.66	0.01	5	13830	买盘
14:01:18	27.65	--	124	342860	卖盘
14:01:15	27.65	0.03	124	342860	买盘
14:01:09	27.62	0.01	81	223722	买盘
14:00:57	27.61	--	5	13805	卖盘
14:00:54	27.61	--	28	77308	卖盘
14:00:48	27.61	--	34	93874	卖盘
14:00:45	27.61	--	65	179465	卖盘
14:00:42	27.61	-0.01	8	22088	卖盘
14:00:39	27.62	0.01	2	5524	买盘
14:00:36	27.61	-0.01	39	107679	卖盘
14:00:33	27.62	0.01	10	27620	买盘
14:00:30	27.61	-0.01	51	140811	卖盘
14:00:27	27.62	--	7	19334	买盘
14:00:24	27.62	--	7	19334	买盘
14:00:21	27.62	-0.02	9	24858	卖盘
14:00:15	27.64	0.02	20	55280	买盘
14:00:12	27.62	-0.02	11	30382	卖盘
14:00:09	27.64	--	74	204536	买盘
14:00:06	27.64	--	10	27640	买盘
14:00:03	27.64	--	2	5528	买盘
14:00:00	27.64	--	11	30404	买盘
13:59:57	27.64	-0.01	27	74628	中性盘
13:59:51	27.65	0.01	15	41475	买盘
13:59:48	27.64	0.02	2	5528	买盘
13:59:42	27.62	0.02	38	104956	买盘
13:59:33	27.6	0.01	134	369840	买盘
13:59:30	27.59	--	45	124155	卖盘
13:59:21	27.59	-0.01	6	16554	卖盘
13:59:18	27.6	0.02	32	88320	买盘
13:59:12	27.58	0.01	12	33096	买盘
13:59:09	27.57	--	10	27570	卖盘
13:59:06	27.57	--	2	5514	卖盘
13:59:03	27.57	0.02	20	55140	买盘
13:58:54	27.55	--	6	16530	买盘
13:58:51	27.55	0.04	4	11020	买盘
13:58:42	27.51	-0.02	223	613473	卖盘
13:58:39	27.53	0.02	44	121132	买盘
13:58:36	27.51	-0.02	10	27510	卖盘
13:58:33	27.53	0.01	9	24777	买盘
13:58:30	27.52	--	18	49536	买盘
13:58:27	27.52	--	4	11008	买盘
13:58:21	27.52	0.01	150	412800	买盘
13:58:18	27.51	--	9	24759	买盘
13:58:12	27.51	0.01	14	38514	买盘
13:58:09	27.5	-0.01	38	104500	卖盘
13:58:06	27.51	--	244	671244	买盘
13:58:03	27.51	0.01	76	209076	买盘
13:58:00	27.5	-0.01	1	2750	买盘
13:57:57	27.51	0.02	11	30261	买盘
13:57:54	27.49	-0.02	15	41235	卖盘
13:57:48	27.51	--	9	24759	买盘
13:57:45	27.51	0.01	47	129297	买盘
13:57:42	27.5	0.01	10	27500	中性盘
13:57:39	27.49	-0.01	31	85219	卖盘
13:57:36	27.5	--	3	8250	卖盘
13:57:30	27.5	0.01	2	5500	买盘
13:57:27	27.49	--	12	32988	卖盘
13:57:24	27.49	--	10	27490	中性盘
13:57:21	27.49	--	10	27490	卖盘
13:57:18	27.49	--	1	2749	卖盘
13:57:15	27.49	--	5	13745	卖盘
13:57:12	27.49	--	20	54980	买盘
13:57:06	27.49	--	1	2749	买盘
13:57:03	27.49	--	7	19243	买盘
13:56:57	27.49	--	19	52231	买盘
13:56:54	27.49	--	12	32988	买盘
13:56:51	27.49	-0.02	147	404103	卖盘
13:56:48	27.51	0.01	1	2751	买盘
13:56:45	27.5	-0.01	12	33000	卖盘
13:56:42	27.51	0.01	1	2751	买盘
13:56:39	27.5	--	24	66000	卖盘
13:56:30	27.5	--	2	5500	卖盘
13:56:21	27.5	--	2	5500	买盘
13:56:12	27.5	0.01	3	8250	买盘
13:56:09	27.49	-0.01	4	10996	卖盘
13:56:06	27.5	--	2	5500	买盘
13:56:00	27.5	0.01	2	5500	中性盘
13:55:57	27.49	-0.01	25	68725	卖盘
13:55:54	27.5	--	4	11000	买盘
13:55:48	27.5	--	7	19250	卖盘
13:55:42	27.5	--	4	11000	卖盘
13:55:33	27.5	-0.02	10	27500	卖盘
13:55:27	27.52	0.02	5	13760	买盘
13:55:24	27.5	--	3	8250	卖盘
13:55:21	27.5	-0.02	3	8250	卖盘
13:55:18	27.52	--	9	24768	买盘
13:55:15	27.52	--	12	33024	买盘
13:55:06	27.52	--	29	79808	卖盘
13:55:03	27.52	--	1	2752	卖盘
13:54:54	27.52	0.02	22	60544	买盘
13:54:51	27.5	-0.02	97	266750	卖盘
13:54:45	27.52	--	27	74304	卖盘
13:54:33	27.52	-0.01	6	16512	卖盘
13:54:30	27.53	--	6	16518	买盘
13:54:21	27.53	0.01	25	68825	买盘
13:54:18	27.52	-0.01	6	16512	卖盘
13:54:15	27.53	0.01	10	27530	买盘
13:54:12	27.52	-0.01	21	57792	卖盘
13:54:03	27.53	-0.01	74	203722	卖盘
13:53:57	27.54	--	2	5508	买盘
13:53:51	27.54	--	43	118422	卖盘
13:53:39	27.54	--	13	35802	卖盘
13:53:36	27.54	-0.01	18	49572	卖盘
13:53:33	27.55	--	8	22040	买盘
13:53:27	27.55	--	11	30305	买盘
13:53:21	27.55	0.01	1	2755	买盘
13:53:18	27.54	-0.03	3	8262	卖盘
13:53:09	27.57	--	25	68925	买盘
13:53:00	27.57	--	1	2757	中性盘
13:52:48	27.57	-0.01	5	13785	中性盘
13:52:45	27.58	0.03	7	19306	买盘
13:52:39	27.55	-0.02	15	41325	卖盘
13:52:33	27.57	-0.01	10	27570	卖盘
13:52:30	27.58	--	34	93772	买盘
13:52:24	27.58	--	8	22064	买盘
13:52:21	27.58	0.01	18	49644	买盘
13:52:12	27.57	--	5	13785	买盘
13:52:09	27.57	0.03	27	74439	买盘
13:52:06	27.54	-0.03	20	55080	卖盘
13:52:03	27.57	--	5	13785	买盘
13:51:54	27.57	--	9	24813	买盘
13:51:48	27.57	0.01	10	27570	买盘
13:51:45	27.56	--	2	5512	卖盘
13:51:42	27.56	-0.01	10	27560	中性盘
13:51:39	27.57	0.01	3	8271	买盘
13:51:36	27.56	-0.01	5	13780	中性盘
13:51:24	27.57	--	11	30327	买盘
13:51:12	27.57	--	1	2757	买盘
13:51:03	27.57	0.03	127	350139	买盘
13:50:54	27.54	--	2	5508	买盘
13:50:51	27.54	-0.03	32	88128	卖盘
13:50:45	27.57	0.02	53	146121	买盘
13:50:39	27.55	--	2	5510	买盘
13:50:36	27.55	--	1	2755	卖盘
13:50:33	27.55	-0.02	7	19285	卖盘
13:50:30	27.57	--	16	44112	卖盘
13:50:24	27.57	--	51	140607	买盘
13:50:12	27.57	--	3	8271	买盘
13:50:06	27.57	--	5	13785	买盘
13:50:03	27.57	0.01	122	336354	买盘
13:50:00	27.56	0.02	4	11024	中性盘
13:49:51	27.54	-0.04	6	16524	卖盘
13:49:39	27.58	0.01	13	35854	买盘
13:49:30	27.57	-0.01	3	8271	卖盘
13:49:27	27.58	0.01	5	13790	买盘
13:49:18	27.57	0.04	47	129579	买盘
13:49:15	27.53	-0.02	5	13765	卖盘
13:49:12	27.55	--	13	35815	买盘
13:49:00	27.55	0.02	60	165300	买盘
13:48:54	27.53	--	2	5506	卖盘
13:48:48	27.53	0.01	36	99108	买盘
13:48:39	27.52	--	47	129344	买盘
13:48:33	27.52	-0.01	4	11008	卖盘
13:48:30	27.53	0.01	1	2753	买盘
13:48:27	27.52	--	30	82560	卖盘
13:48:24	27.52	--	3	8256	卖盘
13:48:15	27.52	--	33	90816	卖盘
13:48:09	27.52	0.02	77	211904	买盘
13:48:03	27.5	-0.01	5	13750	卖盘
13:47:54	27.51	-0.01	30	82530	卖盘
13:47:51	27.52	--	2	5504	买盘
13:47:48	27.52	--	3	8256	买盘
13:47:42	27.52	0.01	16	44032	买盘
13:47:36	27.51	-0.01	13	35763	卖盘
13:47:30	27.52	0.01	5	13760	买盘
13:47:15	27.51	--	1	2751	卖盘
13:47:12	27.51	--	16	44016	买盘
13:47:09	27.51	--	10	27510	买盘
13:47:06	27.51	--	5	13755	买盘
13:47:03	27.51	-0.01	1	2751	中性盘
13:47:00	27.52	0.01	25	68800	买盘
13:46:54	27.51	0.01	1	2751	卖盘
13:46:48	27.5	--	23	63250	卖盘
13:46:45	27.5	--	32	88000	卖盘
13:46:42	27.5	-0.02	28	77000	卖盘
13:46:39	27.52	0.02	20	55040	买盘
13:46:33	27.5	--	34	93500	卖盘
13:46:27	27.5	--	1	2750	卖盘
13:46:15	27.5	-0.02	4	11000	卖盘
13:46:12	27.52	--	14	38528	卖盘
13:46:06	27.52	--	12	33024	买盘
13:46:03	27.52	0.02	12	33024	买盘
13:46:00	27.5	-0.02	13	35750	卖盘
13:45:54	27.52	0.02	5	13760	买盘
13:45:51	27.5	--	3	8250	卖盘
13:45:42	27.5	--	1	2750	卖盘
13:45:39	27.5	--	48	132000	买盘
13:45:36	27.5	--	10	27500	买盘
13:45:33	27.5	--	36	99000	买盘
13:45:15	27.5	0.01	5	13750	买盘
13:45:12	27.49	--	5	13745	卖盘
13:45:09	27.49	--	2	5498	买盘
13:44:57	27.49	0.01	2	5498	买盘
13:44:54	27.48	0.03	31	85188	买盘
13:44:51	27.45	--	62	170190	卖盘
13:44:48	27.45	--	27	74115	卖盘
13:44:42	27.45	-0.01	69	189405	卖盘
13:44:39	27.46	0.01	5	13730	买盘
13:44:36	27.45	--	2	5490	卖盘
13:44:33	27.45	-0.01	52	142740	卖盘
13:44:30	27.46	0.01	141	387186	买盘
13:44:27	27.45	--	3	8235	卖盘
13:44:24	27.45	0.01	3	8235	中性盘
13:44:18	27.44	--	50	137200	卖盘
13:44:15	27.44	--	26	71344	卖盘
13:44:12	27.44	-0.01	10	27440	卖盘
13:44:09	27.45	0.01	35	96075	买盘
13:44:06	27.44	--	33	90552	卖盘
13:44:03	27.44	0.01	5	13720	卖盘
13:44:00	27.43	-0.02	502	1376986	卖盘
13:43:57	27.45	0.01	55	150975	买盘
13:43:54	27.44	--	9	24696	卖盘
13:43:51	27.44	--	13	35672	卖盘
13:43:48	27.44	-0.01	16	43904	卖盘
13:43:45	27.45	0.01	1	2745	买盘
13:43:42	27.44	--	10	27440	卖盘
13:43:36	27.44	--	20	54880	卖盘
13:43:30	27.44	-0.01	31	85064	卖盘
13:43:27	27.45	0.01	5	13725	买盘
13:43:24	27.44	0.01	133	365171	买盘
13:43:21	27.43	--	17	49154	卖盘
13:43:15	27.43	--	33	90519	卖盘
13:43:12	27.43	--	5	13715	卖盘
13:43:09	27.43	-0.01	24	65832	卖盘
13:43:03	27.44	--	4	10976	买盘
13:43:00	27.44	-0.01	46	126224	卖盘
13:42:57	27.45	-0.01	3	8235	卖盘
13:42:51	27.46	0.01	35	96110	买盘
13:42:48	27.45	--	21	57645	卖盘
13:42:42	27.45	--	4	10980	卖盘
13:42:39	27.45	-0.01	1	2745	卖盘
13:42:36	27.46	--	13	35698	卖盘
13:42:33	27.46	--	13	35698	卖盘
13:42:27	27.46	0.01	11	30206	卖盘
13:42:24	27.45	-0.01	131	359595	卖盘
13:42:18	27.46	--	37	101602	卖盘
13:42:15	27.46	--	3	8238	卖盘
13:42:12	27.46	--	6	16476	卖盘
13:42:09	27.46	--	33	90618	买盘
13:42:06	27.46	-0.01	27	74142	中性盘
13:42:03	27.47	0.01	19	52193	买盘
13:42:00	27.46	0.02	14	38444	买盘
13:41:57	27.44	-0.01	27	74088	卖盘
13:41:51	27.45	--	10	27450	中性盘
13:41:45	27.45	--	8	21960	卖盘
13:41:42	27.45	--	12	32940	卖盘
13:41:39	27.45	--	10	27450	卖盘
13:41:36	27.45	--	1	2745	卖盘
13:41:27	27.45	--	4	10980	卖盘
13:41:21	27.45	0.01	5	13725	买盘
13:41:12	27.44	-0.01	3	8232	卖盘
13:41:09	27.45	0.01	3	8235	买盘
13:41:00	27.44	0.01	2	5488	中性盘
13:40:57	27.43	--	6	16458	卖盘
13:40:54	27.43	--	42	115425	买盘
13:40:48	27.43	-0.02	57	158874	卖盘
13:40:45	27.45	0.02	182	499809	买盘
13:40:42	27.43	--	152	416936	卖盘
13:40:39	27.43	--	8	21944	卖盘
13:40:36	27.43	-0.01	16	43888	卖盘
13:40:33	27.44	0.01	54	148176	买盘
13:40:30	27.43	-0.01	22	60346	卖盘
13:40:27	27.44	--	11	30184	买盘
13:40:24	27.44	--	5	13720	买盘
13:40:21	27.44	--	1	2744	买盘
13:40:15	27.44	--	32	87808	卖盘
13:40:12	27.44	-0.01	36	98784	卖盘
13:40:09	27.45	--	1	2745	买盘
13:40:06	27.45	--	4	10980	买盘
13:40:03	27.45	-0.01	213	587210	卖盘
13:40:00	27.46	--	3	9611	买盘
13:39:57	27.46	0.01	26	71396	买盘
13:39:54	27.45	-0.01	34	93330	卖盘
13:39:51	27.46	--	1	2746	买盘
13:39:45	27.46	-0.01	20	54920	卖盘
13:39:42	27.47	-0.01	10	27470	卖盘
13:39:36	27.48	0.01	11	30228	买盘
13:39:30	27.47	0.01	105	288847	买盘
13:39:27	27.46	--	50	137300	买盘
13:39:24	27.46	--	30	82380	卖盘
13:39:21	27.46	-0.02	16	43936	卖盘
13:39:15	27.48	0.02	33	90684	买盘
13:39:12	27.46	-0.01	32	87872	卖盘
13:39:09	27.47	0.01	20	54940	买盘
13:39:03	27.46	--	2	5492	卖盘
13:39:00	27.46	-0.01	45	123570	卖盘
13:38:57	27.47	0.01	2	5494	买盘
13:38:54	27.46	-0.01	1	2746	卖盘
13:38:48	27.47	--	1	2747	买盘
13:38:45	27.47	--	19	52193	买盘
13:38:42	27.47	-0.01	12	32964	卖盘
13:38:39	27.48	--	6	16488	买盘
13:38:36	27.48	-0.01	2	5496	卖盘
13:38:30	27.49	--	1	2749	买盘
13:38:27	27.49	--	36	98964	买盘
13:38:24	27.49	0.01	10	27490	买盘
13:38:21	27.48	-0.01	19	52212	卖盘
13:38:18	27.49	--	17	46733	买盘
13:38:15	27.49	--	6	16494	买盘
13:38:09	27.49	--	4	10996	买盘
13:38:03	27.49	0.01	15	41235	买盘
13:37:54	27.48	--	18	49464	卖盘
13:37:51	27.48	0.03	9	24732	买盘
13:37:39	27.45	--	4	10980	卖盘
13:37:36	27.45	--	114	314522	买盘
13:37:33	27.45	--	22	60390	买盘
13:37:30	27.45	--	79	216855	买盘
13:37:27	27.45	0.01	12	32940	买盘
13:37:24	27.44	-0.01	30	82320	卖盘
13:37:21	27.45	--	43	118035	买盘
13:37:18	27.45	--	5	13725	买盘
13:37:15	27.45	0.01	14	38430	买盘
13:37:12	27.44	-0.01	3	8232	卖盘
13:37:09	27.45	--	38	104310	买盘
13:37:06	27.45	--	4	10980	买盘
13:37:00	27.45	0.01	5	13725	买盘
13:36:57	27.44	--	42	115248	买盘
13:36:54	27.44	--	19	52136	买盘
13:36:51	27.44	0.01	11	30184	买盘
13:36:48	27.43	-0.01	60	164580	卖盘
13:36:45	27.44	0.01	17	46648	买盘
13:36:42	27.43	-0.01	6	16458	卖盘
13:36:39	27.44	0.01	23	63112	买盘
13:36:36	27.43	-0.01	5	13715	卖盘
13:36:30	27.44	0.01	510	1399440	买盘
13:36:27	27.43	0.01	11	30173	买盘
13:36:24	27.42	0.02	13	35646	中性盘
13:36:21	27.4	-0.01	596	1633040	卖盘
13:36:15	27.41	--	4	10964	买盘
13:36:12	27.41	--	116	317956	卖盘
13:36:09	27.41	--	21	57561	卖盘
13:36:06	27.41	--	8	21928	卖盘
13:36:03	27.41	-0.01	13	35633	卖盘
13:36:00	27.42	--	42	115164	买盘
13:35:57	27.42	--	17	46614	买盘
13:35:54	27.42	0.02	1	2742	买盘
13:35:51	27.4	-0.01	56	153440	卖盘
13:35:48	27.41	-0.01	16	43856	中性盘
13:35:45	27.42	0.02	9	24678	买盘
13:35:42	27.4	-0.02	62	169880	卖盘
13:35:39	27.42	0.01	234	641628	买盘
13:35:36	27.41	--	6	16446	卖盘
13:35:33	27.41	--	7	19187	卖盘
13:35:30	27.41	-0.01	68	186388	卖盘
13:35:27	27.42	0.01	3	8226	买盘
13:35:24	27.41	0.01	73	200093	买盘
13:35:21	27.4	-0.01	39	106860	卖盘
13:35:18	27.41	-0.01	14	38374	卖盘
13:35:15	27.42	--	7	19194	买盘
13:35:12	27.42	--	641	1757622	买盘
13:35:09	27.42	--	33	90486	买盘
13:35:06	27.42	--	2	5484	买盘
13:35:03	27.42	--	220	603267	卖盘
13:35:00	27.42	-0.01	143	392106	卖盘
13:34:57	27.43	--	13	35659	卖盘
13:34:54	27.43	--	15	41145	卖盘
13:34:51	27.43	--	17	46631	卖盘
13:34:48	27.43	-0.01	76	208468	卖盘
13:34:45	27.44	--	11	30184	卖盘
13:34:42	27.44	--	78	214032	卖盘
13:34:39	27.44	--	11	30184	卖盘
13:34:36	27.44	--	6	16464	卖盘
13:34:33	27.44	--	5	13720	卖盘
13:34:30	27.44	-0.01	20	54880	卖盘
13:34:18	27.45	-0.04	738	2026962	卖盘
13:34:15	27.49	-0.01	5	13745	中性盘
13:34:06	27.5	0.01	92	253000	中性盘
13:34:03	27.49	-0.01	59	162191	卖盘
13:34:00	27.5	--	5	13750	卖盘
13:33:57	27.5	--	89	244750	卖盘
13:33:54	27.5	--	56	154000	卖盘
13:33:48	27.5	--	1	2750	卖盘
13:33:45	27.5	--	102	280500	卖盘
13:33:42	27.5	--	155	426250	卖盘
13:33:39	27.5	--	5	13750	卖盘
13:33:36	27.5	-0.01	25	68750	卖盘
13:33:33	27.51	--	9	24759	卖盘
13:33:30	27.51	--	58	159558	买盘
13:33:27	27.51	0.01	133	365883	买盘
13:33:21	27.5	--	7	19250	卖盘
13:33:18	27.5	-0.01	27	74250	卖盘
13:33:15	27.51	--	43	118293	卖盘
13:33:12	27.51	--	55	151305	卖盘
13:33:09	27.51	--	7	19257	卖盘
13:33:06	27.51	--	10	27510	卖盘
13:33:00	27.51	-0.01	21	57771	卖盘
13:32:57	27.52	--	12	33024	卖盘
13:32:54	27.52	0.01	69	189888	买盘
13:32:48	27.51	-0.01	30	82530	卖盘
13:32:45	27.52	--	8	22016	买盘
13:32:39	27.52	-0.02	151	415552	卖盘
13:32:36	27.54	0.02	8	22032	买盘
13:32:33	27.52	--	66	181632	卖盘
13:32:30	27.52	--	16	44032	卖盘
13:32:24	27.52	-0.02	2	5504	卖盘
13:32:21	27.54	0.02	46	126684	买盘
13:32:15	27.52	--	3	8256	卖盘
13:32:12	27.52	--	5	13760	卖盘
13:32:03	27.52	-0.02	43	118336	卖盘
13:31:57	27.54	--	2	5508	买盘
13:31:54	27.54	--	108	297432	卖盘
13:31:51	27.54	--	1	2754	卖盘
13:31:48	27.54	-0.01	24	66096	卖盘
13:31:45	27.55	--	5	13775	买盘
13:31:42	27.55	--	2	5510	买盘
13:31:36	27.55	--	4	11020	买盘
13:31:27	27.55	--	5	13775	买盘
13:31:18	27.55	--	2	5510	买盘
13:31:15	27.55	0.01	2	5510	买盘
13:31:09	27.54	-0.01	17	46818	卖盘
13:31:03	27.55	0.01	2	5510	买盘
13:31:00	27.54	-0.01	9	24786	卖盘
13:30:57	27.55	0.03	12	33060	买盘
13:30:54	27.52	--	58	159616	卖盘
13:30:45	27.52	--	12	33024	卖盘
13:30:42	27.52	--	1	2752	卖盘
13:30:30	27.52	--	8	22016	卖盘
13:30:24	27.52	--	54	148608	买盘
13:30:21	27.52	--	1	2752	买盘
13:30:18	27.52	--	48	132096	买盘
13:30:15	27.52	-0.01	141	388032	卖盘
13:30:09	27.53	--	5	13765	买盘
13:30:06	27.53	-0.01	20	55060	中性盘
13:29:57	27.54	--	15	41310	买盘
13:29:54	27.54	--	5	13770	买盘
13:29:51	27.54	--	5	13770	买盘
13:29:48	27.54	--	114	313956	买盘
13:29:45	27.54	--	2	5508	买盘
13:29:42	27.54	--	24	66096	买盘
13:29:39	27.54	-0.01	72	198288	卖盘
13:29:33	27.55	--	4	11020	买盘
13:29:30	27.55	0.01	9	24795	买盘
13:29:18	27.54	--	2	5508	卖盘
13:29:15	27.54	0.02	47	129438	买盘
13:29:12	27.52	--	29	79808	卖盘
13:29:06	27.52	-0.01	14	38528	卖盘
13:29:00	27.53	0.01	15	41295	买盘
13:28:57	27.52	--	14	38528	卖盘
13:28:54	27.52	--	8	22016	卖盘
13:28:51	27.52	-0.01	11	30272	卖盘
13:28:48	27.53	--	100	275300	买盘
13:28:45	27.53	--	10	27530	买盘
13:28:42	27.53	--	20	55060	买盘
13:28:39	27.53	--	1	2753	买盘
13:28:30	27.53	--	42	115626	买盘
13:28:27	27.53	0.01	35	96355	买盘
13:28:24	27.52	-0.01	15	41280	卖盘
13:28:21	27.53	--	10	27530	买盘
13:28:18	27.53	--	31	85343	买盘
13:28:15	27.53	--	5	13765	买盘
13:28:12	27.53	--	2	5506	买盘
13:28:06	27.53	--	2	5506	买盘
13:27:57	27.53	0.01	7	19271	买盘
13:27:54	27.52	--	9	24768	买盘
13:27:51	27.52	0.01	5	13760	买盘
13:27:48	27.51	-0.01	44	121044	卖盘
13:27:45	27.52	--	1	2752	卖盘
13:27:36	27.52	--	20	55040	卖盘
13:27:27	27.52	0.01	1	2752	买盘
13:27:24	27.51	--	162	445662	卖盘
13:27:18	27.51	--	6	16506	卖盘
13:27:15	27.51	-0.02	30	82530	卖盘
13:27:12	27.53	0.02	16	44048	买盘
13:27:09	27.51	--	14	38514	卖盘
13:27:06	27.51	--	1	2751	卖盘
13:27:03	27.51	--	19	52269	卖盘
13:26:54	27.51	-0.03	30	82530	卖盘
13:26:51	27.54	--	5	13770	买盘
13:26:48	27.54	0.04	5	13770	买盘
13:26:45	27.5	-0.01	74	203500	卖盘
13:26:42	27.51	0.01	4	11004	中性盘
13:26:39	27.5	--	60	165000	卖盘
13:26:36	27.5	-0.01	42	115500	卖盘
13:26:33	27.51	--	46	126546	买盘
13:26:30	27.51	--	9	24759	买盘
13:26:27	27.51	--	1	2751	买盘
13:26:24	27.51	--	21	57771	买盘
13:26:21	27.51	--	13	35763	买盘
13:26:18	27.51	--	7	19257	买盘
13:26:15	27.51	--	22	60522	买盘
13:26:12	27.51	--	42	115542	买盘
13:26:06	27.51	--	10	27510	买盘
13:26:03	27.51	--	411	1130661	卖盘
13:26:00	27.51	--	19	52269	卖盘
13:25:57	27.51	--	2	5502	卖盘
13:25:54	27.51	--	3	8253	卖盘
13:25:51	27.51	-0.04	4	11004	卖盘
13:25:48	27.55	--	8	22040	买盘
13:25:39	27.55	--	9	24795	买盘
13:25:33	27.55	--	20	55100	买盘
13:25:30	27.55	--	11	30305	卖盘
13:25:27	27.55	-0.01	5	13775	卖盘
13:25:24	27.56	0.01	13	35828	买盘
13:25:18	27.55	--	11	30305	买盘
13:25:15	27.55	0.05	2	5510	买盘
13:25:12	27.5	-0.06	87	239250	卖盘
13:25:09	27.56	0.05	2	5512	中性盘
13:25:00	27.51	-0.08	1035	2847285	卖盘
13:24:57	27.59	0.03	11	30349	买盘
13:24:54	27.56	--	2	5512	卖盘
13:24:39	27.56	--	23	63388	卖盘
13:24:36	27.56	0.01	16	44096	卖盘
13:24:27	27.55	-0.01	82	225910	卖盘
13:24:18	27.56	--	2	5512	卖盘
13:24:12	27.56	0.01	19	52364	中性盘
13:24:09	27.55	--	2	5537	买盘
13:24:06	27.55	--	70	195577	卖盘
13:24:03	27.55	-0.03	4	11020	卖盘
13:23:54	27.58	0.03	264	728112	买盘
13:23:51	27.55	--	3	8265	卖盘
13:23:48	27.55	--	5	13775	卖盘
13:23:39	27.55	--	4	11020	卖盘
13:23:30	27.55	--	36	99180	卖盘
13:23:27	27.55	--	24	66120	卖盘
13:23:24	27.55	--	33	90915	卖盘
13:23:21	27.55	--	1	2755	卖盘
13:23:15	27.55	--	5	13775	卖盘
13:23:09	27.55	-0.01	1	2755	卖盘
13:23:06	27.56	--	32	88192	买盘
13:23:03	27.56	0.01	6	16536	买盘
13:23:00	27.55	-0.01	29	79895	卖盘
13:22:57	27.56	0.01	5	13780	买盘
13:22:54	27.55	--	30	82650	卖盘
13:22:48	27.55	--	5	13775	卖盘
13:22:45	27.55	-0.01	21	57855	卖盘
13:22:39	27.56	--	5	13780	买盘
13:22:36	27.56	--	11	30316	买盘
13:22:33	27.56	--	15	41340	买盘
13:22:30	27.56	--	3	8268	买盘
13:22:24	27.56	--	2	5512	买盘
13:22:21	27.56	--	1	2756	买盘
13:22:18	27.56	--	16	44096	卖盘
13:22:12	27.56	-0.01	51	140556	卖盘
13:22:06	27.57	0.01	47	129579	买盘
13:22:03	27.56	--	9	24804	卖盘
13:21:54	27.56	--	20	55120	卖盘
13:21:45	27.56	-0.01	1	2756	卖盘
13:21:36	27.57	--	170	468690	卖盘
13:21:33	27.57	--	3	8271	卖盘
13:21:30	27.57	-0.01	30	82710	卖盘
13:21:27	27.58	0.01	100	275800	买盘
13:21:21	27.57	--	6	16542	买盘
13:21:18	27.57	-0.01	21	57897	卖盘
13:21:15	27.58	0.01	6	16548	买盘
13:21:12	27.57	--	5	13785	卖盘
13:21:06	27.57	-0.01	1	2757	卖盘
13:21:03	27.58	0.01	12	33096	买盘
13:21:00	27.57	-0.01	16	44112	卖盘
13:20:57	27.58	0.01	2	5516	买盘
13:20:54	27.57	--	5	13785	卖盘
13:20:51	27.57	--	11	30327	卖盘
13:20:45	27.57	--	7	19299	卖盘
13:20:42	27.57	--	6	16542	卖盘
13:20:39	27.57	-0.01	110	303270	卖盘
13:20:30	27.58	--	4	11032	买盘
13:20:27	27.58	--	31	85498	卖盘
13:20:24	27.58	-0.02	25	68950	卖盘
13:20:12	27.6	--	10	27600	买盘
13:19:57	27.6	0.04	2	5520	买盘
13:19:51	27.56	-0.04	14	38584	卖盘
13:19:48	27.6	--	20	55200	买盘
13:19:33	27.6	0.05	2	5520	买盘
13:19:27	27.55	-0.04	7	19312	卖盘
13:19:21	27.59	--	14	38626	卖盘
13:19:18	27.59	0.05	12	33108	买盘
13:19:15	27.54	-0.05	63	174879	卖盘
13:19:12	27.59	0.05	5	13795	中性盘
13:19:03	27.54	--	18	49572	卖盘
13:19:00	27.54	--	10	27540	卖盘
13:18:57	27.54	--	4	11759	买盘
13:18:54	27.54	--	28	79122	卖盘
13:18:48	27.54	-0.05	200	550800	卖盘
13:18:45	27.59	-0.01	51	141922	卖盘
13:18:42	27.6	-0.04	1	2760	卖盘
13:18:39	27.64	--	32	88448	买盘
13:18:36	27.64	--	10	27640	买盘
13:18:30	27.64	--	2	5528	买盘
13:18:27	27.64	--	150	414600	卖盘
13:18:24	27.64	-0.02	92	254288	卖盘
13:18:21	27.66	--	2	5532	买盘
13:18:18	27.66	-0.03	3	8298	买盘
13:18:09	27.69	0.01	50	138450	买盘
13:18:06	27.68	--	66	182688	卖盘
13:18:00	27.68	-0.01	177	489936	卖盘
13:17:57	27.69	0.01	330	913770	买盘
13:17:54	27.68	-0.01	6	16608	卖盘
13:17:45	27.69	0.01	12	33228	买盘
13:17:42	27.68	--	30	83040	卖盘
13:17:39	27.68	-0.01	30	83040	卖盘
13:17:36	27.69	0.01	66	182754	买盘
13:17:33	27.68	-0.01	247	683696	卖盘
13:17:30	27.69	0.01	3	8307	买盘
13:17:27	27.68	--	10	27680	卖盘
13:17:18	27.68	0.03	52	143936	买盘
13:17:15	27.65	-0.03	21	58065	卖盘
13:17:12	27.68	0.03	1	2768	买盘
13:17:09	27.65	-0.03	10	27650	卖盘
13:17:06	27.68	0.03	1	2768	中性盘
13:16:57	27.65	-0.04	4	11060	卖盘
13:16:54	27.69	0.01	4	11076	买盘
13:16:51	27.68	--	4	11072	卖盘
13:16:42	27.68	0.03	190	525920	买盘
13:16:33	27.65	0.01	60	165900	买盘
13:16:30	27.64	-0.01	5	13820	卖盘
13:16:27	27.65	0.01	10	27650	买盘
13:16:24	27.64	--	12	33168	卖盘
13:16:18	27.64	--	20	55280	卖盘
13:16:15	27.64	--	100	276400	卖盘
13:16:12	27.64	0.04	50	138200	买盘
13:16:09	27.6	-0.04	49	135240	卖盘
13:16:00	27.64	0.04	1	2764	买盘
13:15:45	27.6	-0.05	3	8280	卖盘
13:15:42	27.65	0.05	3	8295	买盘
13:15:39	27.6	-0.05	22	60720	卖盘
13:15:30	27.65	0.05	5	13825	中性盘
13:15:18	27.6	-0.05	52	143520	卖盘
13:15:15	27.65	--	52	143780	买盘
13:15:12	27.65	--	2	5530	买盘
13:15:00	27.65	0.05	54	149310	买盘
13:14:57	27.6	--	1	2760	卖盘
13:14:54	27.6	--	2	5520	卖盘
13:14:51	27.6	--	8	22080	卖盘
13:14:45	27.6	--	1	2760	卖盘
13:14:42	27.6	--	16	44160	卖盘
13:14:39	27.6	--	3	8280	卖盘
13:14:36	27.6	0.01	60	167890	买盘
13:14:30	27.59	-0.01	1	2759	中性盘
13:14:27	27.6	0.01	76	210229	买盘
13:14:24	27.59	-0.01	46	129203	卖盘
13:14:15	27.6	--	46	126960	买盘
13:14:12	27.6	0.01	9	24840	买盘
13:13:51	27.59	-0.04	29	80011	卖盘
13:13:48	27.63	--	1	2763	买盘
13:13:45	27.63	0.07	50	138150	买盘
13:13:42	27.56	--	5	13780	买盘
13:13:39	27.56	-0.07	310	854360	卖盘
13:13:33	27.63	0.01	8	22104	买盘
13:13:24	27.62	--	14	38668	卖盘
13:13:18	27.62	0.03	10	27620	买盘
13:13:06	27.59	0.01	36	99324	买盘
13:13:03	27.58	-0.01	55	151690	卖盘
13:12:57	27.59	--	80	220720	买盘
13:12:54	27.59	--	6	16554	买盘
13:12:51	27.59	--	45	124155	买盘
13:12:45	27.59	--	10	27590	买盘
13:12:42	27.59	--	44	121396	买盘
13:12:39	27.59	0.01	5	13795	买盘
13:12:33	27.58	--	8	22064	卖盘
13:12:30	27.58	0.03	10	27580	买盘
13:12:27	27.55	0.01	8	22040	卖盘
13:12:18	27.54	--	7	19278	卖盘
13:12:12	27.54	0.01	48	132192	买盘
13:12:09	27.53	-0.01	33	90849	卖盘
13:12:06	27.54	0.01	3	8262	买盘
13:12:03	27.53	-0.01	1	2753	卖盘
13:12:00	27.54	--	5	13770	买盘
13:11:57	27.54	--	20	55080	买盘
13:11:54	27.54	-0.02	80	220320	卖盘
13:11:48	27.56	0.02	25	68900	中性盘
13:11:39	27.54	-0.02	182	501228	卖盘
13:11:33	27.56	-0.02	47	129532	卖盘
13:11:30	27.58	-0.05	22	60675	卖盘
13:11:27	27.63	0.05	10	27630	买盘
13:11:24	27.58	--	1	2758	卖盘
13:11:21	27.58	--	15	41370	卖盘
13:11:09	27.58	-0.05	267	736386	卖盘
13:11:06	27.63	--	5	13815	买盘
13:11:03	27.63	--	2	5526	买盘
13:10:54	27.63	--	4	11052	买盘
13:10:45	27.63	-0.01	8	22104	卖盘
13:10:42	27.64	0.01	37	102268	买盘
13:10:39	27.63	--	8	22104	卖盘
13:10:27	27.63	--	11	30393	卖盘
13:10:18	27.63	-0.02	101	279063	卖盘
13:10:12	27.65	--	16	44240	卖盘
13:10:09	27.65	--	43	118895	卖盘
13:10:00	27.65	-0.01	1	2765	卖盘
13:09:57	27.66	--	32	88512	买盘
13:09:54	27.66	0.01	3	8298	买盘
13:09:51	27.65	-0.01	6	16590	卖盘
13:09:45	27.66	--	17	47022	卖盘
13:09:42	27.66	--	5	13830	卖盘
13:09:36	27.66	--	2	5532	卖盘
13:09:30	27.66	--	4	11064	卖盘
13:09:06	27.66	--	1	2766	卖盘
13:08:57	27.66	--	106	293196	卖盘
13:08:45	27.66	-0.01	46	127236	卖盘
13:08:42	27.67	-0.01	3	8301	卖盘
13:08:39	27.68	0.02	23	63664	买盘
13:08:36	27.66	--	1	2766	卖盘
13:08:27	27.66	-0.01	40	110640	卖盘
13:08:21	27.67	-0.01	1	2767	卖盘
13:08:18	27.68	--	2	5536	买盘
13:07:57	27.68	--	3	8304	买盘
13:07:54	27.68	--	3	8304	买盘
13:07:48	27.68	--	3	8304	卖盘
13:07:42	27.68	--	7	19376	买盘
13:07:39	27.68	--	18	49824	卖盘
13:07:33	27.68	--	1	2768	卖盘
13:07:15	27.68	--	5	13840	卖盘
13:07:09	27.68	--	19	52592	卖盘
13:07:03	27.68	-0.02	7	19376	卖盘
13:07:00	27.7	0.02	6	16620	买盘
13:06:45	27.68	--	8	22144	卖盘
13:06:33	27.68	-0.03	20	55360	卖盘
13:06:30	27.71	0.03	8	22168	买盘
13:06:18	27.68	-0.03	15	41520	卖盘
13:06:15	27.71	0.01	57	157947	买盘
13:06:12	27.7	0.01	14	38780	买盘
13:06:09	27.69	-0.01	6	16614	卖盘
13:06:00	27.7	--	3	8310	卖盘
13:05:57	27.7	--	3	8310	卖盘
13:05:48	27.7	0.02	35	96950	买盘
13:05:45	27.68	-0.02	80	221440	卖盘
13:05:33	27.7	0.01	27	74790	买盘
13:05:27	27.69	--	2	5538	买盘
13:05:24	27.69	--	16	44304	买盘
13:05:18	27.69	--	4	11076	买盘
13:05:09	27.69	-0.01	12	33228	卖盘
13:05:06	27.7	0.01	5	13850	买盘
13:05:03	27.69	-0.01	2	5538	卖盘
13:05:00	27.7	--	1	2770	买盘
13:04:48	27.7	0.02	5	13850	买盘
13:04:42	27.68	-0.02	5	13840	卖盘
13:04:21	27.7	-0.01	43	119110	卖盘
13:04:18	27.71	0.01	18	49878	买盘
13:04:15	27.7	--	7	19390	中性盘
13:04:09	27.7	--	1	2770	卖盘
13:04:06	27.7	--	3	8310	卖盘
13:04:00	27.7	0.02	15	41550	买盘
13:03:57	27.68	-0.01	32	88576	卖盘
13:03:54	27.69	-0.01	3	8307	卖盘
13:03:51	27.7	0.02	15	41550	买盘
13:03:48	27.68	--	11	30448	卖盘
13:03:45	27.68	--	32	88576	卖盘
13:03:36	27.68	-0.01	3	8304	卖盘
13:03:30	27.69	--	54	149526	买盘
13:03:15	27.69	-0.01	64	177216	卖盘
13:03:09	27.7	-0.01	10	27700	卖盘
13:03:00	27.71	0.02	1	2771	买盘
13:02:45	27.69	--	3	8307	卖盘
13:02:42	27.69	-0.01	25	69225	卖盘
13:02:36	27.7	0.01	61	168970	买盘
13:02:30	27.69	--	19	52611	卖盘
13:02:24	27.69	--	2	5538	卖盘
13:02:21	27.69	--	5	13845	卖盘
13:02:03	27.69	-0.01	4	11076	卖盘
13:01:57	27.7	0.01	13	36010	买盘
13:01:54	27.69	--	1	2769	卖盘
13:01:48	27.69	-0.01	8	22152	卖盘
13:01:45	27.7	--	7	19390	卖盘
13:01:39	27.7	--	11	30470	卖盘
13:01:33	27.7	--	3	8310	卖盘
13:01:30	27.7	--	1	2770	卖盘
13:01:27	27.7	--	2	5540	卖盘
13:01:24	27.7	--	1	2770	卖盘
13:01:18	27.7	-0.01	1	2770	卖盘
13:01:03	27.71	--	2	5542	买盘
13:00:54	27.71	-0.01	5	13855	卖盘
13:00:51	27.72	--	111	307692	买盘
13:00:42	27.72	0.01	1	2772	买盘
13:00:36	27.71	--	13	36023	中性盘
13:00:30	27.71	0.01	1	2771	买盘
13:00:24	27.7	--	10	27700	卖盘
13:00:18	27.7	--	35	96950	卖盘
13:00:09	27.7	--	29	80330	卖盘
13:00:06	27.7	--	77	213290	卖盘
13:00:03	27.7	--	316	875320	买盘
13:00:00	27.7	--	0	0	买盘
11:30:00	27.7	--	3	8310	买盘
11:29:57	27.7	-0.01	26	72020	卖盘
11:29:54	27.71	0.01	7	19397	买盘
11:29:48	27.7	--	5	13850	卖盘
11:29:45	27.7	-0.01	8	22160	卖盘
11:29:42	27.71	0.01	1	2771	买盘
11:29:36	27.7	--	8	22160	卖盘
11:29:33	27.7	-0.01	1	2770	卖盘
11:29:30	27.71	--	4	11084	买盘
11:29:27	27.71	--	13	36023	买盘
11:29:18	27.71	-0.01	29	80359	卖盘
11:29:12	27.72	0.01	1	2772	买盘
11:29:03	27.71	--	3	8313	卖盘
11:29:00	27.71	--	14	38794	卖盘
11:28:57	27.71	--	4	11084	卖盘
11:28:54	27.71	--	1	2771	卖盘
11:28:51	27.71	0.01	17	47107	买盘
11:28:48	27.7	-0.02	10	27700	卖盘
11:28:45	27.72	0.02	18	49896	买盘
11:28:42	27.7	--	10	27700	卖盘
11:28:39	27.7	-0.02	9	24930	卖盘
11:28:33	27.72	--	3	8316	买盘
11:28:30	27.72	0.02	36	99792	买盘
11:28:27	27.7	--	13	36010	卖盘
11:28:12	27.7	--	73	202210	卖盘
11:28:03	27.7	-0.01	6	16620	卖盘
11:28:00	27.71	-0.02	12	33252	卖盘
11:27:54	27.73	0.01	31	85963	买盘
11:27:51	27.72	-0.01	6	16632	卖盘
11:27:48	27.73	--	18	49914	买盘
11:27:45	27.73	0.01	10	27730	买盘
11:27:42	27.72	-0.01	1	2772	卖盘
11:27:39	27.73	--	77	213521	卖盘
11:27:36	27.73	--	25	69325	卖盘
11:27:33	27.73	-0.01	7	19411	卖盘
11:27:30	27.74	--	30	83220	买盘
11:27:24	27.74	--	142	393908	卖盘
11:27:18	27.74	-0.01	7	19418	卖盘
11:27:15	27.75	--	1	2775	买盘
11:27:12	27.75	--	20	55500	买盘
11:27:03	27.75	--	22	61050	卖盘
11:26:57	27.75	--	58	160950	卖盘
11:26:54	27.75	--	15	41625	卖盘
11:26:51	27.75	--	13	36075	卖盘
11:26:48	27.75	--	49	135975	卖盘
11:26:45	27.75	--	44	122100	卖盘
11:26:42	27.75	-0.01	8	22200	卖盘
11:26:39	27.76	--	2	5552	买盘
11:26:36	27.76	--	121	335896	买盘
11:26:33	27.76	--	23	63848	买盘
11:26:27	27.76	--	2	5552	买盘
11:26:24	27.76	--	8	22208	买盘
11:26:15	27.76	--	1	2776	卖盘
11:26:12	27.76	--	38	105488	卖盘
11:26:09	27.76	--	11	30536	卖盘
11:26:06	27.76	--	4	11104	卖盘
11:26:03	27.76	--	5	13880	卖盘
11:25:57	27.76	-0.01	30	83280	卖盘
11:25:54	27.77	-0.01	2	5554	买盘
11:25:51	27.78	0.01	74	205572	买盘
11:25:45	27.77	-0.01	1	2777	买盘
11:25:42	27.78	0.01	4	11112	买盘
11:25:39	27.77	--	40	111080	卖盘
11:25:36	27.77	--	7	19439	卖盘
11:25:30	27.77	-0.01	24	66648	卖盘
11:25:27	27.78	--	46	127788	卖盘
11:25:21	27.78	--	9	25002	卖盘
11:25:18	27.78	--	36	100008	卖盘
11:25:15	27.78	-0.01	7	19446	卖盘
11:25:12	27.79	--	75	208425	买盘
11:25:09	27.79	0.01	14	38906	买盘
11:25:06	27.78	--	17	47226	卖盘
11:25:03	27.78	-0.01	16	44448	卖盘
11:25:00	27.79	0.01	26	72254	买盘
11:24:57	27.78	-0.01	1	2778	卖盘
11:24:54	27.79	0.02	14	38906	买盘
11:24:48	27.77	-0.02	11	30547	卖盘
11:24:45	27.79	0.01	86	238994	买盘
11:24:42	27.78	--	7	19446	买盘
11:24:39	27.78	-0.01	5	13890	卖盘
11:24:36	27.79	0.01	14	38906	买盘
11:24:33	27.78	--	20	55560	卖盘
11:24:30	27.78	0.01	16	44448	买盘
11:24:27	27.77	-0.01	3	8331	卖盘
11:24:24	27.78	0.01	67	186126	买盘
11:24:18	27.77	--	12	33324	买盘
11:24:15	27.77	0.01	5	13885	买盘
11:24:12	27.76	--	20	55520	卖盘
11:24:09	27.76	--	53	147128	卖盘
11:24:06	27.76	--	2	5552	卖盘
11:23:54	27.76	0.01	25	69400	买盘
11:23:51	27.75	--	20	55500	买盘
11:23:48	27.75	--	48	133200	买盘
11:23:45	27.75	0.02	11	30525	买盘
11:23:42	27.73	-0.02	10	27730	卖盘
11:23:39	27.75	0.01	14	38850	买盘
11:23:36	27.74	0.02	23	63802	中性盘
11:23:30	27.72	-0.03	2	5544	卖盘
11:23:27	27.75	0.02	50	138750	买盘
11:23:24	27.73	--	2	5546	卖盘
11:23:21	27.73	0.01	148	410404	买盘
11:23:18	27.72	-0.01	13	36036	卖盘
11:23:15	27.73	0.01	10	27730	买盘
11:23:12	27.72	--	18	49896	买盘
11:23:09	27.72	--	2	5544	买盘
11:23:06	27.72	--	10	27720	买盘
11:23:03	27.72	0.02	10	27720	买盘
11:23:00	27.7	-0.01	181	501370	卖盘
11:22:57	27.71	--	6	16626	买盘
11:22:54	27.71	--	25	69275	买盘
11:22:51	27.71	0.01	2	5542	买盘
11:22:48	27.7	--	4	11080	卖盘
11:22:42	27.7	--	27	74790	买盘
11:22:36	27.7	0.01	26	72020	买盘
11:22:33	27.69	--	141	390429	卖盘
11:22:30	27.69	--	5	13845	卖盘
11:22:18	27.69	0.02	211	584259	买盘
11:22:12	27.67	0.01	22	60874	买盘
11:22:06	27.66	-0.03	122	337452	卖盘
11:22:03	27.69	0.02	10	27690	买盘
11:22:00	27.67	--	2	5534	买盘
11:21:57	27.67	-0.02	63	174321	卖盘
11:21:54	27.69	--	2	5538	买盘
11:21:48	27.69	-0.01	2	5538	卖盘
11:21:45	27.7	0.01	3	8310	买盘
11:21:36	27.69	-0.01	100	276900	卖盘
11:21:33	27.7	--	10	27700	卖盘
11:21:30	27.7	--	18	49860	卖盘
11:21:27	27.7	--	2	5540	卖盘
11:21:21	27.7	--	3	8310	卖盘
11:21:18	27.7	--	23	63710	卖盘
11:21:12	27.7	--	37	102490	卖盘
11:21:09	27.7	--	3	8310	卖盘
11:21:06	27.7	--	55	152350	卖盘
11:21:03	27.7	-0.01	57	157890	卖盘
11:21:00	27.71	--	8	22168	买盘
11:20:57	27.71	--	4	11084	买盘
11:20:54	27.71	--	16	44336	买盘
11:20:51	27.71	--	5	13855	买盘
11:20:48	27.71	--	33	91443	买盘
11:20:45	27.71	--	10	27710	买盘
11:20:42	27.71	--	12	33252	买盘
11:20:39	27.71	--	10	27710	买盘
11:20:36	27.71	--	27	74817	卖盘
11:20:30	27.71	--	15	41565	卖盘
11:20:27	27.71	--	12	33252	卖盘
11:20:24	27.71	--	45	124695	卖盘
11:20:21	27.71	0.01	87	241077	买盘
11:20:18	27.7	--	64	177280	卖盘
11:20:15	27.7	-0.01	17	47090	卖盘
11:20:12	27.71	--	5	13855	买盘
11:20:09	27.71	0.01	3	8313	买盘
11:20:06	27.7	--	14	38780	卖盘
11:20:03	27.7	-0.01	1	2770	中性盘
11:19:57	27.71	0.01	191	529261	买盘
11:19:54	27.7	--	1	2770	买盘
11:19:51	27.7	-0.01	28	77560	卖盘
11:19:48	27.71	--	15	41565	买盘
11:19:45	27.71	-0.01	22	60962	卖盘
11:19:42	27.72	0.01	72	199584	买盘
11:19:36	27.71	--	25	69275	卖盘
11:19:33	27.71	0.01	56	155176	买盘
11:19:30	27.7	0.01	21	58170	中性盘
11:19:27	27.69	-0.03	118	326742	卖盘
11:19:24	27.72	0.01	8	22176	买盘
11:19:21	27.71	--	2	5542	卖盘
11:19:18	27.71	-0.01	18	49878	卖盘
11:19:15	27.72	--	5	13860	买盘
11:19:12	27.72	0.01	18	49896	买盘
11:19:06	27.71	--	4	11084	卖盘
11:19:00	27.71	0.01	8	22168	买盘
11:18:57	27.7	--	60	166200	买盘
11:18:54	27.7	--	10	27700	买盘
11:18:51	27.7	0.02	28	77560	买盘
11:18:45	27.68	-0.01	7	19376	中性盘
11:18:42	27.69	-0.01	43	119067	中性盘
11:18:39	27.7	--	10	27700	买盘
11:18:36	27.7	--	33	91410	买盘
11:18:30	27.7	--	50	138500	买盘
11:18:24	27.7	0.03	13	36010	买盘
11:18:21	27.67	-0.02	10	27670	中性盘
11:18:12	27.69	0.03	49	135681	买盘
11:18:03	27.66	--	1	2766	卖盘
11:17:57	27.66	-0.02	5	13830	卖盘
11:17:54	27.68	0.03	57	157776	买盘
11:17:51	27.65	-0.01	100	276500	卖盘
11:17:45	27.66	--	2	5532	买盘
11:17:36	27.66	-0.02	258	713628	卖盘
11:17:30	27.68	--	20	55360	卖盘
11:17:27	27.68	--	4	11072	卖盘
11:17:24	27.68	--	30	83040	卖盘
11:17:21	27.68	--	26	71968	卖盘
11:17:18	27.68	-0.01	9	24912	卖盘
11:17:15	27.69	0.01	5	13845	买盘
11:17:12	27.68	--	54	149472	卖盘
11:17:09	27.68	--	10	27680	卖盘
11:17:06	27.68	--	25	69200	卖盘
11:17:03	27.68	--	5	13840	卖盘
11:17:00	27.68	--	25	69200	卖盘
11:16:57	27.68	--	13	35984	卖盘
11:16:54	27.68	-0.01	3	8304	卖盘
11:16:51	27.69	--	50	138450	买盘
11:16:48	27.69	--	9	24921	买盘
11:16:45	27.69	--	10	27690	买盘
11:16:42	27.69	--	1	2769	买盘
11:16:39	27.69	--	8	22152	卖盘
11:16:36	27.69	--	73	202137	卖盘
11:16:33	27.69	--	14	38766	卖盘
11:16:30	27.69	--	11	30459	卖盘
11:16:27	27.69	--	19	52611	卖盘
11:16:24	27.69	--	57	157833	卖盘
11:16:21	27.69	--	32	88608	买盘
11:16:18	27.69	--	13	35997	买盘
11:16:15	27.69	--	21	58149	卖盘
11:16:12	27.69	--	10	27690	卖盘
11:16:09	27.69	-0.01	4	11076	卖盘
11:16:06	27.7	0.01	31	85870	买盘
11:16:03	27.69	--	8	22152	买盘
11:16:00	27.69	--	37	102453	买盘
11:15:54	27.69	--	32	88608	买盘
11:15:51	27.69	0.01	6	16614	买盘
11:15:45	27.68	--	100	276800	买盘
11:15:39	27.68	0.01	7	19376	买盘
11:15:33	27.67	--	44	121748	买盘
11:15:30	27.67	0.01	34	94078	买盘
11:15:21	27.66	--	3	8298	买盘
11:15:18	27.66	--	5	13830	买盘
11:15:15	27.66	0.01	1	2766	买盘
11:15:09	27.65	-0.01	34	94010	卖盘
11:15:06	27.66	0.01	14	38724	买盘
11:14:57	27.65	0.02	52	143780	买盘
11:14:54	27.63	--	1	2763	买盘
11:14:51	27.63	0.01	1	2763	中性盘
11:14:48	27.62	-0.01	10	27620	卖盘
11:14:45	27.63	0.01	174	480762	买盘
11:14:42	27.62	--	35	96670	卖盘
11:14:36	27.62	--	4	11048	买盘
11:14:33	27.62	--	52	143624	买盘
11:14:30	27.62	--	10	27620	买盘
11:14:27	27.62	--	8	22096	买盘
11:14:21	27.62	--	1	2762	卖盘
11:14:09	27.62	--	1	2762	卖盘
11:14:06	27.62	-0.01	5	13810	中性盘
11:14:03	27.63	0.02	5	13815	买盘
11:13:57	27.61	--	10	27610	卖盘
11:13:54	27.61	-0.01	15	41415	卖盘
11:13:48	27.62	--	61	168482	买盘
11:13:39	27.62	0.01	1	2762	买盘
11:13:36	27.61	--	1	2761	中性盘
11:13:27	27.61	-0.01	5	13805	卖盘
11:13:21	27.62	--	13	35906	买盘
11:13:18	27.62	--	1	2762	卖盘
11:13:15	27.62	--	7	19334	买盘
11:13:12	27.62	--	10	27620	买盘
11:13:09	27.62	--	5	13810	买盘
11:13:06	27.62	--	1	2762	买盘
11:13:03	27.62	--	30	82860	卖盘
11:12:57	27.62	--	10	27620	卖盘
11:12:54	27.62	--	5	13810	卖盘
11:12:51	27.62	--	168	464016	买盘
11:12:48	27.62	0.04	13	35906	买盘
11:12:45	27.58	-0.04	97	267526	卖盘
11:12:36	27.62	0.02	12	33144	买盘
11:12:30	27.6	-0.02	1	2760	卖盘
11:12:27	27.62	0.04	50	138100	买盘
11:12:24	27.58	--	20	55160	卖盘
11:12:21	27.58	-0.04	71	195818	卖盘
11:12:18	27.62	0.04	302	834124	买盘
11:12:12	27.58	-0.02	19	52402	卖盘
11:12:09	27.6	0.01	5	13800	买盘
11:12:03	27.59	-0.01	3	8277	中性盘
11:12:00	27.6	--	2	5520	买盘
11:11:54	27.6	--	34	93840	买盘
11:11:45	27.6	--	5	13800	买盘
11:11:36	27.6	--	9	24840	买盘
11:11:24	27.6	--	5	13800	买盘
11:11:18	27.6	--	11	30360	卖盘
11:11:15	27.6	--	10	27600	卖盘
11:11:12	27.6	--	15	41400	卖盘
11:11:06	27.6	0.01	13	35880	买盘
11:11:03	27.59	-0.01	7	19313	卖盘
11:10:57	27.6	0.01	3	8280	买盘
11:10:54	27.59	--	1	2759	卖盘
11:10:51	27.59	--	5	13795	卖盘
11:10:48	27.59	-0.02	20	55180	中性盘
11:10:42	27.61	0.03	65	179465	买盘
11:10:39	27.58	0.01	1	2758	中性盘
11:10:33	27.57	-0.01	36	99252	卖盘
11:10:30	27.58	--	2	5516	卖盘
11:10:27	27.58	0.01	1	2758	中性盘
11:10:15	27.57	--	22	60654	买盘
11:10:12	27.57	--	10	27570	中性盘
11:10:06	27.57	-0.02	4	11028	卖盘
11:10:03	27.59	0.03	5	13795	买盘
11:10:00	27.56	--	16	44096	买盘
11:09:54	27.56	-0.03	36	99216	卖盘
11:09:45	27.59	--	1	2759	卖盘
11:09:33	27.59	--	1	2759	买盘
11:09:30	27.59	-0.02	1	2759	买盘
11:09:27	27.61	0.01	1	2761	买盘
11:09:24	27.6	--	9	24840	卖盘
11:09:18	27.6	--	23	63480	卖盘
11:09:15	27.6	-0.01	9	24840	卖盘
11:09:12	27.61	0.01	10	27610	买盘
11:09:09	27.6	--	1	2760	卖盘
11:09:06	27.6	--	4	11040	卖盘
11:09:00	27.6	0.05	26	71760	买盘
11:08:57	27.55	-0.05	1	2755	卖盘
11:08:54	27.6	--	19	52440	买盘
11:08:51	27.6	0.05	2	5520	买盘
11:08:48	27.55	-0.01	41	112955	卖盘
11:08:45	27.56	0.01	40	110240	中性盘
11:08:39	27.55	-0.05	9	24795	卖盘
11:08:36	27.6	0.05	4	11040	买盘
11:08:33	27.55	--	2	5510	买盘
11:08:30	27.55	--	6	16530	买盘
11:08:27	27.55	--	2	5510	买盘
11:08:21	27.55	--	4	11020	卖盘
11:08:12	27.55	-0.07	6	16530	卖盘
11:08:09	27.62	0.06	500	1381000	买盘
11:08:06	27.56	0.07	9	24804	买盘
11:07:57	27.49	-0.07	629	1729121	卖盘
11:07:54	27.56	--	38	104728	卖盘
11:07:51	27.56	--	16	44096	卖盘
11:07:48	27.56	--	14	38584	卖盘
11:07:39	27.56	-0.01	1	2756	卖盘
11:07:27	27.57	-0.01	61	168177	卖盘
11:07:24	27.58	--	20	55160	买盘
11:07:18	27.58	-0.01	42	115836	卖盘
11:07:15	27.59	--	10	27590	买盘
11:07:12	27.59	--	4	11036	买盘
11:07:09	27.59	--	20	55180	买盘
11:06:54	27.59	0.01	40	110360	买盘
11:06:48	27.58	--	1	2758	买盘
11:06:45	27.58	--	2	5516	买盘
11:06:42	27.58	--	22	60675	卖盘
11:06:39	27.58	--	21	57918	卖盘
11:06:27	27.58	--	46	126867	买盘
11:06:21	27.58	--	5	13790	买盘
11:06:18	27.58	--	11	30337	卖盘
11:06:12	27.58	--	10	27580	卖盘
11:06:09	27.58	--	27	74466	卖盘
11:06:03	27.58	--	2	5516	卖盘
11:05:57	27.58	-0.01	3	8274	卖盘
11:05:54	27.59	-0.01	4	11036	卖盘
11:05:51	27.6	0.01	8	22080	买盘
11:05:48	27.59	--	2	5518	卖盘
11:05:45	27.59	-0.01	4	11036	卖盘
11:05:39	27.6	0.01	26	71760	买盘
11:05:36	27.59	--	10	27590	卖盘
11:05:33	27.59	--	13	35867	卖盘
11:05:30	27.59	0.01	11	30349	卖盘
11:05:27	27.58	-0.01	38	104804	卖盘
11:05:24	27.59	--	2	5518	买盘
11:05:21	27.59	--	5	13795	买盘
11:05:09	27.59	--	60	165540	卖盘
11:04:57	27.59	0.01	14	38626	买盘
11:04:45	27.58	0.01	64	176512	买盘
11:04:42	27.57	-0.01	2	5514	卖盘
11:04:39	27.58	--	2	5516	买盘
11:04:36	27.58	--	3	8274	买盘
11:04:30	27.58	-0.01	4	11032	卖盘
11:04:27	27.59	--	18	49662	买盘
11:04:24	27.59	--	35	96565	买盘
11:04:21	27.59	--	19	52421	买盘
11:04:15	27.59	--	20	55180	买盘
11:04:12	27.59	0.01	3	8277	买盘
11:04:06	27.58	-0.01	15	41370	卖盘
11:03:57	27.59	--	2	5518	卖盘
11:03:48	27.59	0.01	7	19313	中性盘
11:03:39	27.58	--	10	27580	卖盘
11:03:33	27.58	--	1	2758	卖盘
11:03:30	27.58	--	2	5516	卖盘
11:03:24	27.58	--	21	57918	卖盘
11:03:21	27.58	--	18	49644	卖盘
11:03:18	27.58	-0.02	2	5516	卖盘
11:03:09	27.6	--	11	30360	买盘
11:03:06	27.6	0.02	2	5520	买盘
11:03:03	27.58	-0.02	50	137900	卖盘
11:03:00	27.6	--	3	8280	买盘
11:02:57	27.6	--	1	2760	买盘
11:02:54	27.6	--	102	281520	买盘
11:02:51	27.6	0.02	33	91080	买盘
11:02:45	27.58	-0.01	10	27580	卖盘
11:02:42	27.59	-0.01	2	5518	中性盘
11:02:36	27.6	--	5	13800	买盘
11:02:27	27.6	0.01	11	30360	买盘
11:02:24	27.59	-0.01	34	93806	卖盘
11:02:21	27.6	--	80	220800	买盘
11:02:18	27.6	0.01	5	13800	买盘
11:02:15	27.59	-0.01	14	38626	卖盘
11:02:12	27.6	--	68	187680	卖盘
11:02:09	27.6	--	52	143520	卖盘
11:02:06	27.6	--	7	19320	卖盘
11:02:00	27.6	--	2	5520	卖盘
11:01:57	27.6	-0.01	10	27600	卖盘
11:01:54	27.61	--	10	27610	卖盘
11:01:51	27.61	-0.01	10	27610	卖盘
11:01:45	27.62	--	2	5524	买盘
11:01:42	27.62	--	34	93908	卖盘
11:01:27	27.62	-0.01	18	49716	卖盘
11:01:24	27.63	--	13	35919	买盘
11:01:21	27.63	0.01	10	27630	买盘
11:01:15	27.62	-0.01	8	22096	卖盘
11:01:12	27.63	--	14	38682	买盘
11:01:09	27.63	0.02	15	41445	买盘
11:01:06	27.61	-0.01	8	22088	卖盘
11:01:03	27.62	0.01	2	5524	卖盘
11:01:00	27.61	--	2	5522	卖盘
11:00:57	27.61	-0.02	7	19327	卖盘
11:00:54	27.63	0.03	6	16578	买盘
11:00:42	27.6	--	9	24840	卖盘
11:00:33	27.6	--	10	27600	卖盘
11:00:30	27.6	--	8	22080	卖盘
11:00:24	27.6	0.02	2	5520	中性盘
11:00:06	27.58	-0.01	16	44128	卖盘
11:00:03	27.59	--	20	55180	买盘
10:59:48	27.59	-0.03	30	82770	卖盘
10:59:42	27.62	0.02	69	190578	买盘
10:59:39	27.6	0.01	63	173880	买盘
10:59:36	27.59	--	11	30349	卖盘
10:59:33	27.59	-0.01	29	80011	卖盘
10:59:30	27.6	--	61	168360	买盘
10:59:27	27.6	0.01	18	49680	买盘
10:59:24	27.59	-0.01	12	33108	卖盘
10:59:21	27.6	--	8	22080	买盘
10:59:18	27.6	0.01	32	88320	买盘
10:59:12	27.59	--	19	52421	卖盘
10:59:09	27.59	-0.01	22	60698	中性盘
10:58:57	27.6	0.01	100	276000	买盘
10:58:54	27.59	--	5	13795	买盘
10:58:48	27.59	--	4	11036	买盘
10:58:45	27.59	-0.01	47	129673	卖盘
10:58:42	27.6	-0.03	171	471960	卖盘
10:58:39	27.63	0.02	11	30393	买盘
10:58:36	27.61	-0.02	5	13805	卖盘
10:58:33	27.63	--	20	55260	买盘
10:58:24	27.63	--	21	58023	卖盘
10:58:21	27.63	--	13	35919	卖盘
10:58:18	27.63	-0.02	2	5526	卖盘
10:58:15	27.65	--	53	146545	买盘
10:58:12	27.65	--	104	287560	卖盘
10:58:09	27.65	--	45	124425	卖盘
10:58:06	27.65	--	50	138250	卖盘
10:58:00	27.65	-0.02	3	8295	卖盘
10:57:57	27.67	0.02	20	55340	买盘
10:57:54	27.65	-0.02	80	221200	中性盘
10:57:48	27.67	0.02	45	124515	买盘
10:57:45	27.65	--	10	27650	卖盘
10:57:42	27.65	-0.01	13	35945	卖盘
10:57:39	27.66	-0.01	39	107874	中性盘
10:57:36	27.67	0.02	10	27670	买盘
10:57:33	27.65	--	5	13825	买盘
10:57:30	27.65	--	17	47005	卖盘
10:57:27	27.65	--	25	69125	卖盘
10:57:21	27.65	-0.03	43	118895	卖盘
10:57:18	27.68	0.03	113	312784	买盘
10:57:15	27.65	--	46	127190	卖盘
10:57:12	27.65	--	50	138250	卖盘
10:57:09	27.65	-0.01	33	91245	卖盘
10:57:06	27.66	0.01	56	154896	买盘
10:57:03	27.65	-0.01	10	27650	卖盘
10:57:00	27.66	0.01	32	88512	买盘
10:56:57	27.65	--	47	129955	买盘
10:56:54	27.65	--	59	163135	买盘
10:56:51	27.65	--	9	24885	买盘
10:56:45	27.65	0.05	1	2765	买盘
10:56:42	27.6	-0.05	184	507840	卖盘
10:56:39	27.65	--	6	16590	买盘
10:56:36	27.65	0.02	5	13825	买盘
10:56:33	27.63	--	5	13815	卖盘
10:56:30	27.63	0.02	15	41445	买盘
10:56:24	27.61	-0.01	48	132528	卖盘
10:56:18	27.62	--	50	138100	买盘
10:56:15	27.62	0.01	9	24858	买盘
10:56:12	27.61	--	10	27610	卖盘
10:56:09	27.61	--	8	22088	买盘
10:56:06	27.61	-0.01	2	5522	买盘
10:56:03	27.62	0.02	60	165720	买盘
10:56:00	27.6	-0.01	36	99360	卖盘
10:55:57	27.61	--	34	93874	卖盘
10:55:51	27.61	--	17	48262	买盘
10:55:45	27.61	0.01	128	353408	买盘
10:55:42	27.6	--	45	124200	卖盘
10:55:39	27.6	--	15	41400	卖盘
10:55:36	27.6	--	9	24840	卖盘
10:55:33	27.6	--	53	146280	卖盘
10:55:30	27.6	--	10	27600	卖盘
10:55:27	27.6	--	10	27600	卖盘
10:55:24	27.6	0.01	84	231840	买盘
10:55:21	27.59	--	5	13795	卖盘
10:55:18	27.59	-0.01	4	11036	卖盘
10:55:12	27.6	0.02	6	16560	买盘
10:55:06	27.58	-0.02	6	16548	卖盘
10:55:00	27.6	--	13	35880	买盘
10:54:57	27.6	0.02	47	129720	买盘
10:54:51	27.58	--	21	57918	买盘
10:54:48	27.58	0.01	3	8274	买盘
10:54:45	27.57	-0.01	1	2757	中性盘
10:54:39	27.58	0.02	1	2758	买盘
10:54:36	27.56	-0.04	1	2756	卖盘
10:54:33	27.6	0.02	10	27600	买盘
10:54:30	27.58	-0.02	6	16548	买盘
10:54:27	27.6	0.02	1	2760	买盘
10:54:18	27.58	-0.01	5	13790	卖盘
10:54:12	27.59	0.03	136	375224	买盘
10:54:03	27.56	0.01	1	2756	买盘
10:53:57	27.55	--	9	24795	卖盘
10:53:51	27.55	--	2	5510	卖盘
10:53:48	27.55	-0.01	2	5510	卖盘
10:53:45	27.56	--	1	2756	卖盘
10:53:42	27.56	--	20	55120	卖盘
10:53:39	27.56	--	9	24804	买盘
10:53:27	27.56	--	20	55120	买盘
10:53:24	27.56	--	14	38584	买盘
10:53:12	27.56	--	46	126776	卖盘
10:53:06	27.56	-0.01	36	99216	卖盘
10:53:03	27.57	--	40	110280	买盘
10:52:57	27.57	--	10	27570	买盘
10:52:54	27.57	--	12	33084	买盘
10:52:51	27.57	--	1	2757	中性盘
10:52:45	27.57	-0.01	5	13785	卖盘
10:52:42	27.58	0.01	5	13790	买盘
10:52:36	27.57	--	6	16542	买盘
10:52:33	27.57	-0.01	4	11028	卖盘
10:52:30	27.58	0.01	1	2758	买盘
10:52:24	27.57	--	4	11028	卖盘
10:52:21	27.57	-0.01	4	11028	卖盘
10:52:15	27.58	-0.01	4	11032	卖盘
10:52:06	27.59	-0.01	2	5518	买盘
10:52:00	27.6	--	16	44160	买盘
10:51:57	27.6	--	43	118680	买盘
10:51:54	27.6	--	108	298080	卖盘
10:51:51	27.6	--	40	110400	卖盘
10:51:48	27.6	-0.01	9	24840	卖盘
10:51:42	27.61	0.01	4	11044	中性盘
10:51:39	27.6	-0.02	50	138000	卖盘
10:51:36	27.62	--	5	13810	买盘
10:51:33	27.62	--	21	58002	买盘
10:51:27	27.62	0.01	106	292772	买盘
10:51:24	27.61	0.01	23	63503	买盘
10:51:21	27.6	-0.01	22	60720	卖盘
10:51:18	27.61	0.01	62	171182	买盘
10:51:12	27.6	--	15	41400	卖盘
10:51:09	27.6	--	30	82800	卖盘
10:51:06	27.6	--	32	88320	买盘
10:51:00	27.6	--	12	33120	买盘
10:50:57	27.6	--	75	207000	买盘
10:50:51	27.6	0.04	56	154560	买盘
10:50:45	27.56	--	1	2756	卖盘
10:50:42	27.56	--	36	99216	买盘
10:50:39	27.56	0.01	41	112996	买盘
10:50:36	27.55	-0.01	18	49590	卖盘
10:50:33	27.56	0.01	5	13780	买盘
10:50:30	27.55	--	56	154280	买盘
10:50:27	27.55	-0.01	11	30305	卖盘
10:50:21	27.56	0.01	39	107484	买盘
10:50:18	27.55	--	18	49590	买盘
10:50:15	27.55	--	3	8265	买盘
10:50:12	27.55	--	27	74385	买盘
10:50:06	27.55	0.02	55	151525	买盘
10:50:00	27.53	-0.01	93	256029	卖盘
10:49:57	27.54	--	3	8262	买盘
10:49:54	27.54	--	15	41310	买盘
10:49:51	27.54	0.01	4	11016	买盘
10:49:48	27.53	--	10	27530	卖盘
10:49:45	27.53	--	2	5506	卖盘
10:49:42	27.53	0.01	4	11012	中性盘
10:49:33	27.52	-0.01	13	35776	卖盘
10:49:30	27.53	--	12	33036	买盘
10:49:27	27.53	0.01	5	13765	买盘
10:49:24	27.52	--	7	19264	卖盘
10:49:21	27.52	-0.02	6	16512	卖盘
10:49:18	27.54	--	10	27540	买盘
10:49:15	27.54	0.02	4	11016	买盘
10:49:09	27.52	--	3	10457	买盘
10:49:06	27.52	--	1	2752	买盘
10:49:03	27.52	--	5	13760	买盘
10:49:00	27.52	0.01	13	35776	买盘
10:48:57	27.51	-0.01	14	38514	中性盘
10:48:54	27.52	--	10	27520	买盘
10:48:48	27.52	-0.01	49	135398	卖盘
10:48:45	27.53	--	1	2753	卖盘
10:48:42	27.53	--	2	5506	买盘
10:48:39	27.53	--	20	55060	买盘
10:48:36	27.53	--	11	30283	买盘
10:48:33	27.53	0.01	1	2753	买盘
10:48:30	27.52	--	7	19264	卖盘
10:48:24	27.52	--	28	77056	卖盘
10:48:18	27.52	--	23	63296	卖盘
10:48:15	27.52	0.02	91	252633	买盘
10:48:09	27.5	--	63	173250	卖盘
10:48:06	27.5	0.01	3	8250	买盘
10:48:03	27.49	-0.01	1	2749	卖盘
10:48:00	27.5	0.01	72	198000	中性盘
10:47:51	27.49	--	22	60478	买盘
10:47:48	27.49	-0.03	131	360119	卖盘
10:47:45	27.52	0.02	18	49536	买盘
10:47:39	27.5	0.01	41	112750	买盘
10:47:36	27.49	--	3	8247	买盘
10:47:33	27.49	--	6	16494	买盘
10:47:30	27.49	--	1	2749	买盘
10:47:27	27.49	-0.01	5	13745	卖盘
10:47:18	27.5	--	10	27500	买盘
10:47:15	27.5	--	3	8250	买盘
10:47:12	27.5	--	25	68750	买盘
10:47:09	27.5	--	5	13750	买盘
10:47:06	27.5	--	115	316250	卖盘
10:47:03	27.5	--	5	13750	卖盘
10:46:57	27.5	-0.02	10	27500	卖盘
10:46:54	27.52	0.02	10	27520	买盘
10:46:51	27.5	--	1	2750	卖盘
10:46:48	27.5	-0.02	1	2750	卖盘
10:46:45	27.52	--	3	8256	买盘
10:46:42	27.52	--	4	11008	买盘
10:46:36	27.52	--	12	33574	卖盘
10:46:30	27.52	--	2	5504	卖盘
10:46:24	27.52	--	1	2752	卖盘
10:46:15	27.52	-0.01	20	57241	卖盘
10:46:00	27.53	--	22	61116	卖盘
10:45:57	27.53	--	10	27530	卖盘
10:45:51	27.53	--	10	27530	卖盘
10:45:42	27.53	0.01	19	54509	买盘
10:45:39	27.52	-0.01	7	19264	卖盘
10:45:33	27.53	--	25	68825	买盘
10:45:27	27.53	--	10	27530	买盘
10:45:21	27.53	--	2	5506	买盘
10:45:18	27.53	-0.02	4	11012	卖盘
10:45:15	27.55	0.02	2	5510	买盘
10:45:12	27.53	0.01	6	16518	中性盘
10:44:51	27.52	--	9	24768	卖盘
10:44:48	27.52	-0.03	8	22016	卖盘
10:44:42	27.55	--	2	5510	买盘
10:44:39	27.55	--	20	55100	买盘
10:44:33	27.55	--	3	8265	买盘
10:44:30	27.55	0.05	65	179075	买盘
10:44:27	27.5	--	4	11000	卖盘
10:44:12	27.5	-0.05	2	5500	卖盘
10:44:06	27.55	0.05	1	2755	买盘
10:43:51	27.5	--	69	189750	卖盘
10:43:45	27.5	0.02	57	156750	买盘
10:43:42	27.48	-0.02	4	10992	卖盘
10:43:39	27.5	--	20	55000	买盘
10:43:36	27.5	--	60	165000	买盘
10:43:27	27.5	--	1	2750	买盘
10:43:15	27.5	--	10	27500	买盘
10:43:03	27.5	--	1	2750	买盘
10:42:54	27.5	0.01	14	38500	买盘
10:42:51	27.49	--	42	115458	卖盘
10:42:48	27.49	--	7	19243	卖盘
10:42:45	27.49	--	13	35737	卖盘
10:42:42	27.49	--	15	41235	卖盘
10:42:39	27.49	--	16	43984	买盘
10:42:36	27.49	--	7	19243	买盘
10:42:33	27.49	-0.01	11	30239	卖盘
10:42:21	27.5	0.03	156	429000	买盘
10:42:18	27.47	-0.02	13	35711	卖盘
10:42:15	27.49	0.02	20	54980	买盘
10:42:09	27.47	-0.01	6	16482	卖盘
10:42:06	27.48	0.02	21	57708	买盘
10:42:03	27.46	-0.02	2	5492	卖盘
10:42:00	27.48	0.01	10	27480	买盘
10:41:57	27.47	0.01	5	13735	买盘
10:41:54	27.46	--	12	32952	卖盘
10:41:51	27.46	--	42	115332	卖盘
10:41:45	27.46	--	9	24714	卖盘
10:41:42	27.46	0.01	6	16476	中性盘
10:41:36	27.45	-0.01	32	87840	卖盘
10:41:30	27.46	0.01	15	41190	买盘
10:41:27	27.45	-0.01	17	46665	卖盘
10:41:18	27.46	0.01	11	30206	中性盘
10:41:15	27.45	-0.01	26	71370	卖盘
10:41:12	27.46	-0.02	1	2746	卖盘
10:41:09	27.48	0.02	18	49464	买盘
10:41:03	27.46	--	10	27460	买盘
10:41:00	27.46	-0.02	2	5492	买盘
10:40:57	27.48	--	7	19236	买盘
10:40:51	27.48	--	3	8244	买盘
10:40:42	27.48	--	12	32976	卖盘
10:40:39	27.48	--	10	27480	卖盘
10:40:36	27.48	0.03	10	27480	买盘
10:40:33	27.45	--	16	43920	卖盘
10:40:30	27.45	0.01	10	27450	中性盘
10:40:18	27.44	--	7	19208	卖盘
10:40:15	27.44	--	21	57624	卖盘
10:40:09	27.44	-0.01	7	19208	卖盘
10:40:06	27.45	--	52	142740	买盘
10:40:03	27.45	0.01	10	27450	卖盘
10:39:57	27.44	--	3	8232	卖盘
10:39:48	27.44	-0.01	107	293608	卖盘
10:39:39	27.45	--	11	30195	卖盘
10:39:36	27.45	0.01	40	109800	卖盘
10:39:30	27.44	--	1	2744	卖盘
10:39:27	27.44	-0.01	21	57624	卖盘
10:39:24	27.45	0.01	3	8235	买盘
10:39:21	27.44	0.01	18	49392	中性盘
10:39:18	27.43	-0.02	14	38402	卖盘
10:39:15	27.45	0.01	15	41175	买盘
10:39:12	27.44	--	25	68600	买盘
10:39:09	27.44	--	9	24696	买盘
10:39:06	27.44	-0.01	95	260680	卖盘
10:39:03	27.45	0.01	11	30195	买盘
10:39:00	27.44	-0.01	13	35672	卖盘
10:38:57	27.45	--	5	13725	买盘
10:38:54	27.45	0.01	10	27450	买盘
10:38:51	27.44	-0.01	9	24696	卖盘
10:38:48	27.45	--	1	2745	买盘
10:38:45	27.45	0.01	1	2745	买盘
10:38:42	27.44	-0.01	3	8232	卖盘
10:38:39	27.45	0.01	1	2745	买盘
10:38:36	27.44	--	32	87808	买盘
10:38:33	27.44	--	21	57624	买盘
10:38:30	27.44	--	10	27440	买盘
10:38:27	27.44	--	36	98784	卖盘
10:38:24	27.44	--	23	63112	卖盘
10:38:21	27.44	--	61	167384	卖盘
10:38:18	27.44	-0.01	5	13720	卖盘
10:38:15	27.45	0.01	37	101565	买盘
10:38:06	27.44	-0.01	26	71344	卖盘
10:38:03	27.45	--	87	238815	卖盘
10:38:00	27.45	--	45	123525	卖盘
10:37:57	27.45	--	15	41175	卖盘
10:37:54	27.45	--	13	35685	卖盘
10:37:51	27.45	--	20	54900	卖盘
10:37:48	27.45	--	10	27450	卖盘
10:37:39	27.45	--	15	41175	卖盘
10:37:36	27.45	-0.01	64	175680	卖盘
10:37:33	27.46	0.01	29	79634	买盘
10:37:30	27.45	--	2	5490	卖盘
10:37:27	27.45	-0.01	51	139995	卖盘
10:37:24	27.46	--	23	63158	中性盘
10:37:15	27.46	--	15	41190	买盘
10:37:12	27.46	-0.02	60	164760	卖盘
10:37:09	27.48	0.01	21	57708	中性盘
10:37:06	27.47	--	3	8241	卖盘
10:37:03	27.47	--	44	120868	卖盘
10:36:57	27.47	--	8	21976	卖盘
10:36:48	27.47	0.01	7	19229	中性盘
10:36:45	27.46	--	36	98856	卖盘
10:36:42	27.46	-0.02	24	65904	卖盘
10:36:39	27.48	0.02	36	98928	买盘
10:36:36	27.46	--	112	307552	卖盘
10:36:27	27.46	--	27	74142	卖盘
10:36:24	27.46	--	32	87872	中性盘
10:36:21	27.46	0.01	5	13730	中性盘
10:36:18	27.45	-0.01	35	96075	卖盘
10:36:15	27.46	-0.04	2	5492	卖盘
10:36:06	27.5	0.04	50	137500	买盘
10:36:03	27.46	-0.03	58	159268	卖盘
10:36:00	27.49	0.03	13	35737	买盘
10:35:54	27.46	-0.03	2	5492	卖盘
10:35:51	27.49	0.03	6	16494	中性盘
10:35:42	27.46	-0.02	40	109840	卖盘
10:35:39	27.48	-0.02	1	2748	卖盘
10:35:36	27.5	0.02	21	57750	买盘
10:35:27	27.48	--	20	54960	卖盘
10:35:21	27.48	0.03	32	87936	买盘
10:35:18	27.45	-0.01	155	425475	卖盘
10:35:15	27.46	-0.02	7	19222	卖盘
10:35:12	27.48	0.04	5	13740	买盘
10:35:06	27.44	--	3	8232	卖盘
10:35:03	27.44	-0.01	49	134456	卖盘
10:35:00	27.45	0.01	25	68625	中性盘
10:34:57	27.44	-0.06	30	82320	卖盘
10:34:54	27.5	0.05	50	137500	买盘
10:34:51	27.45	-0.03	22	60390	卖盘
10:34:48	27.48	0.03	10	27480	买盘
10:34:42	27.45	--	2	5490	卖盘
10:34:39	27.45	--	156	428220	卖盘
10:34:33	27.45	--	7	19215	卖盘
10:34:30	27.45	-0.01	23	63135	卖盘
10:34:24	27.46	--	2	5492	买盘
10:34:18	27.46	-0.02	15	41190	卖盘
10:34:06	27.48	0.03	1	2748	卖盘
10:34:03	27.45	-0.05	119	326655	卖盘
10:34:00	27.5	0.04	54	148500	买盘
10:33:57	27.46	-0.01	29	79634	卖盘
10:33:54	27.47	--	60	164820	买盘
10:33:51	27.47	--	32	87904	卖盘
10:33:45	27.47	-0.01	17	46699	卖盘
10:33:42	27.48	--	6	16488	买盘
10:33:36	27.48	--	20	54960	卖盘
10:33:33	27.48	-0.02	5	13740	卖盘
10:33:24	27.5	--	114	313500	买盘
10:33:18	27.5	--	17	46750	买盘
10:33:15	27.5	-0.02	42	116875	卖盘
10:33:09	27.52	0.02	10	27520	中性盘
10:33:03	27.5	-0.02	144	396000	卖盘
10:32:57	27.52	--	135	371520	买盘
10:32:54	27.52	-0.01	4	11008	卖盘
10:32:42	27.53	0.01	10	27530	买盘
10:32:33	27.52	-0.01	27	74304	卖盘
10:32:30	27.53	0.03	19	52307	卖盘
10:32:15	27.5	-0.02	352	968000	卖盘
10:32:12	27.52	-0.03	1	2752	卖盘
10:32:09	27.55	--	10	27550	买盘
10:32:06	27.55	-0.02	5	13775	中性盘
10:32:03	27.57	0.05	36	99252	买盘
10:32:00	27.52	0.01	1	2752	卖盘
10:31:54	27.51	--	50	137550	卖盘
10:31:48	27.51	-0.01	14	38514	卖盘
10:31:45	27.52	-0.03	67	184384	卖盘
10:31:39	27.55	--	2	5510	卖盘
10:31:33	27.55	--	73	202492	买盘
10:31:30	27.55	--	5	13775	买盘
10:31:27	27.55	0.04	2	5510	买盘
10:31:21	27.51	--	135	371385	卖盘
10:31:06	27.51	-0.04	168	462168	卖盘
10:31:03	27.55	0.02	35	96425	买盘
10:31:00	27.53	--	5	13765	买盘
10:30:54	27.53	--	8	22024	买盘
10:30:51	27.53	-0.02	34	94978	卖盘
10:30:45	27.55	0.02	12	33060	买盘
10:30:39	27.53	--	15	41295	卖盘
10:30:36	27.53	-0.04	26	71578	卖盘
10:30:33	27.57	0.02	1	2757	买盘
10:30:27	27.55	--	10	27550	卖盘
10:30:18	27.55	0.01	33	92292	买盘
10:30:15	27.54	--	5	13770	买盘
10:30:06	27.54	-0.06	6	17901	卖盘
10:30:03	27.6	0.03	36	99360	买盘
10:30:00	27.57	0.03	4	11028	买盘
10:29:57	27.54	-0.01	43	118422	卖盘
10:29:54	27.55	--	22	60610	卖盘
10:29:51	27.55	--	2	5510	卖盘
10:29:48	27.55	--	12	33060	卖盘
10:29:42	27.55	--	20	55100	卖盘
10:29:36	27.55	0.01	22	60610	买盘
10:29:24	27.54	--	58	159732	卖盘
10:29:21	27.54	--	4	11016	卖盘
10:29:18	27.54	--	25	68850	卖盘
10:29:15	27.54	-0.01	5	13770	卖盘
10:29:12	27.55	0.01	3	8265	买盘
10:29:06	27.54	-0.05	5	13770	卖盘
10:29:03	27.59	0.05	36	99324	买盘
10:29:00	27.54	-0.01	37	101898	卖盘
10:28:57	27.55	--	2	5510	卖盘
10:28:54	27.55	--	23	63365	卖盘
10:28:51	27.55	--	11	30305	卖盘
10:28:48	27.55	-0.01	10	27550	卖盘
10:28:42	27.56	0.01	19	52364	买盘
10:28:33	27.55	--	79	217645	卖盘
10:28:27	27.55	-0.01	2	5510	卖盘
10:28:21	27.56	--	5	13780	买盘
10:28:09	27.56	-0.02	5	13780	中性盘
10:28:03	27.58	0.03	35	96530	买盘
10:28:00	27.55	-0.03	1	2755	卖盘
10:27:54	27.58	0.03	7	19306	买盘
10:27:45	27.55	--	33	92292	买盘
10:27:42	27.55	-0.03	13	37192	卖盘
10:27:39	27.58	0.03	2	5516	买盘
10:27:33	27.55	--	3	8265	卖盘
10:27:30	27.55	--	1	2755	卖盘
10:27:21	27.55	--	24	66120	卖盘
10:27:15	27.55	-0.01	17	46835	卖盘
10:27:09	27.56	-0.02	1	2756	中性盘
10:27:06	27.58	0.02	27	74466	买盘
10:27:03	27.56	-0.02	50	137800	卖盘
10:27:00	27.58	--	11	30337	买盘
10:26:54	27.58	--	5	13790	买盘
10:26:51	27.58	0.02	5	13790	买盘
10:26:48	27.56	-0.03	24	66144	卖盘
10:26:45	27.59	0.01	30	82770	买盘
10:26:36	27.58	--	10	27580	买盘
10:26:33	27.58	--	10	27580	买盘
10:26:30	27.58	0.02	2	5516	买盘
10:26:27	27.56	0.01	5	13780	卖盘
10:26:21	27.55	0.01	1	2755	卖盘
10:26:18	27.54	--	29	81243	卖盘
10:26:15	27.54	--	7	19278	买盘
10:26:12	27.54	-0.04	27	74358	卖盘
10:26:06	27.58	0.03	38	104804	买盘
10:26:03	27.55	--	56	154280	卖盘
10:25:57	27.55	--	2	5510	卖盘
10:25:54	27.55	0.01	8	22040	中性盘
10:25:48	27.54	-0.01	13	35802	卖盘
10:25:45	27.55	-0.01	15	41325	卖盘
10:25:42	27.56	0.01	10	27560	买盘
10:25:39	27.55	0.01	8	22040	买盘
10:25:33	27.54	-0.01	5	13770	卖盘
10:25:30	27.55	0.01	20	55100	买盘
10:25:27	27.54	-0.01	26	71604	卖盘
10:25:21	27.55	--	5	13775	买盘
10:25:15	27.55	--	5	13775	买盘
10:25:12	27.55	--	5	13775	买盘
10:25:03	27.55	0.01	48	132240	买盘
10:25:00	27.54	--	10	27540	买盘
10:24:54	27.54	--	1	2754	买盘
10:24:51	27.54	-0.01	1	2754	买盘
10:24:45	27.55	--	24	66120	买盘
10:24:39	27.55	--	19	52345	买盘
10:24:36	27.55	-0.01	115	316825	卖盘
10:24:33	27.56	--	13	35828	买盘
10:24:30	27.56	--	136	374816	买盘
10:24:27	27.56	-0.03	26	71656	卖盘
10:24:24	27.59	0.01	6	16554	买盘
10:24:21	27.58	--	4	11032	卖盘
10:24:18	27.58	-0.01	12	33096	卖盘
10:24:15	27.59	0.01	15	41385	买盘
10:24:12	27.58	--	10	27580	卖盘
10:24:06	27.58	-0.02	20	55160	卖盘
10:24:03	27.6	0.02	36	99360	买盘
10:24:00	27.58	--	18	49644	卖盘
10:23:57	27.58	0.03	19	52402	买盘
10:23:51	27.55	--	15	41325	卖盘
10:23:45	27.55	-0.04	10	27550	卖盘
10:23:42	27.59	--	9	24831	买盘
10:23:36	27.59	0.07	50	137950	买盘
10:23:33	27.52	--	3	8256	卖盘
10:23:30	27.52	-0.02	34	93568	卖盘
10:23:27	27.54	0.02	1	2754	买盘
10:23:24	27.52	-0.02	8	22016	卖盘
10:23:21	27.54	0.02	15	41310	买盘
10:23:18	27.52	--	9	24768	卖盘
10:23:06	27.52	-0.03	2	5504	卖盘
10:23:03	27.55	0.03	40	110200	买盘
10:23:00	27.52	0.01	2	5504	卖盘
10:22:57	27.51	-0.01	111	305361	卖盘
10:22:51	27.52	--	2	5504	卖盘
10:22:48	27.52	-0.02	11	30272	中性盘
10:22:45	27.54	0.03	6	16524	买盘
10:22:42	27.51	--	19	52269	卖盘
10:22:39	27.51	--	2	5502	卖盘
10:22:36	27.51	--	10	27510	卖盘
10:22:27	27.51	-0.04	30	82530	卖盘
10:22:24	27.55	0.04	13	35815	买盘
10:22:18	27.51	-0.04	18	49518	卖盘
10:22:15	27.55	0.01	2	5510	买盘
10:22:12	27.54	0.04	25	68850	卖盘
10:22:09	27.5	-0.05	50	137500	卖盘
10:22:03	27.55	0.01	40	110200	买盘
10:22:00	27.54	0.03	1	2754	买盘
10:21:57	27.51	-0.04	11	30261	中性盘
10:21:54	27.55	0.05	147	404985	买盘
10:21:51	27.5	-0.01	123	338250	卖盘
10:21:48	27.51	0.01	1	2751	中性盘
10:21:36	27.5	--	14	38500	卖盘
10:21:33	27.5	--	1	2750	卖盘
10:21:30	27.5	--	7	19250	卖盘
10:21:27	27.5	0.01	12	33000	买盘
10:21:24	27.49	0.01	6	16494	中性盘
10:21:21	27.48	-0.01	166	456168	卖盘
10:21:18	27.49	--	32	87968	买盘
10:21:15	27.49	--	12	32988	买盘
10:21:12	27.49	--	15	41235	买盘
10:21:09	27.49	--	13	35737	买盘
10:21:06	27.49	-0.06	40	109960	卖盘
10:21:03	27.55	0.06	35	96425	买盘
10:21:00	27.49	-0.01	9	24741	卖盘
10:20:57	27.5	--	38	104500	买盘
10:20:54	27.5	--	10	27500	买盘
10:20:51	27.5	--	44	121000	买盘
10:20:48	27.5	0.01	76	209000	买盘
10:20:45	27.49	-0.01	63	173187	卖盘
10:20:42	27.5	--	6	16500	买盘
10:20:39	27.5	--	17	46750	买盘
10:20:36	27.5	--	10	27500	买盘
10:20:33	27.5	--	20	55000	买盘
10:20:30	27.5	--	10	27500	买盘
10:20:27	27.5	--	9	24750	买盘
10:20:24	27.5	-0.05	293	805750	卖盘
10:20:21	27.55	--	11	30305	卖盘
10:20:18	27.55	--	2	5510	卖盘
10:20:15	27.55	0.03	9	24795	卖盘
10:20:12	27.52	0.01	17	46784	买盘
10:20:09	27.51	-0.01	22	60522	卖盘
10:20:06	27.52	-0.03	7	19264	卖盘
10:20:03	27.55	0.03	35	96425	买盘
10:20:00	27.52	-0.03	11	30272	卖盘
10:19:57	27.55	--	48	132240	买盘
10:19:48	27.55	--	5	13775	买盘
10:19:42	27.55	--	22	60610	买盘
10:19:36	27.55	--	22	60610	买盘
10:19:33	27.55	--	62	170810	买盘
10:19:30	27.55	--	10	27550	买盘
10:19:27	27.55	0.03	71	195605	买盘
10:19:24	27.52	-0.03	13	35776	卖盘
10:19:21	27.55	0.01	2	5510	买盘
10:19:15	27.54	0.03	7	19278	中性盘
10:19:03	27.51	--	67	184317	卖盘
10:19:00	27.51	--	15	41265	卖盘
10:18:57	27.51	-0.03	20	55020	卖盘
10:18:51	27.54	0.02	2	5508	买盘
10:18:45	27.52	--	20	55040	中性盘
10:18:42	27.52	0.01	10	27520	买盘
10:18:39	27.51	0.01	56	154056	买盘
10:18:33	27.5	--	11	30250	卖盘
10:18:30	27.5	--	33	90750	卖盘
10:18:27	27.5	--	133	365750	卖盘
10:18:24	27.5	--	4	11000	卖盘
10:18:21	27.5	--	3	8250	卖盘
10:18:18	27.5	--	332	914402	买盘
10:18:12	27.5	0.01	100	275000	买盘
10:18:09	27.49	-0.01	17	46733	卖盘
10:18:03	27.5	0.01	63	173250	买盘
10:18:00	27.49	-0.01	42	115458	卖盘
10:17:57	27.5	0.02	37	101750	买盘
10:17:54	27.48	--	6	16488	卖盘
10:17:48	27.48	--	8	21984	卖盘
10:17:45	27.48	-0.02	5	13740	卖盘
10:17:39	27.5	--	10	27500	买盘
10:17:36	27.5	0.01	10	27500	买盘
10:17:33	27.49	0.01	1	2749	买盘
10:17:30	27.48	-0.02	36	98928	卖盘
10:17:27	27.5	0.02	10	27500	买盘
10:17:21	27.48	-0.02	55	151140	卖盘
10:17:18	27.5	--	1	2750	买盘
10:17:15	27.5	--	65	178750	买盘
10:17:09	27.5	--	19	52250	买盘
10:17:06	27.5	--	29	79750	买盘
10:17:03	27.5	--	62	170500	买盘
10:17:00	27.5	0.01	6	16500	买盘
10:16:57	27.49	-0.01	23	63227	卖盘
10:16:54	27.5	--	1	2750	买盘
10:16:51	27.5	--	6	16500	买盘
10:16:48	27.5	0.01	23	63250	买盘
10:16:45	27.49	0.01	10	27490	买盘
10:16:42	27.48	-0.01	21	57708	卖盘
10:16:39	27.49	--	32	87968	买盘
10:16:36	27.49	--	13	35737	买盘
10:16:30	27.49	0.01	15	41235	买盘
10:16:27	27.48	0.01	4	10992	买盘
10:16:21	27.47	--	4	10988	卖盘
10:16:18	27.47	--	3	8241	买盘
10:16:15	27.47	--	48	131856	买盘
10:16:09	27.47	--	5	13735	买盘
10:16:03	27.47	0.02	39	107133	买盘
10:15:54	27.45	--	7	19215	中性盘
10:15:51	27.45	0.01	30	82350	买盘
10:15:48	27.44	-0.01	1	2744	卖盘
10:15:42	27.45	0.01	6	16470	买盘
10:15:39	27.44	0.01	4	10976	买盘
10:15:36	27.43	--	33	90519	卖盘
10:15:33	27.43	-0.01	4	10972	中性盘
10:15:30	27.44	0.02	6	16464	买盘
10:15:27	27.42	-0.02	42	115164	卖盘
10:15:24	27.44	--	17	49364	买盘
10:15:18	27.44	0.02	118	323792	买盘
10:15:15	27.42	-0.03	47	128901	卖盘
10:15:12	27.45	--	10	30167	买盘
10:15:09	27.45	0.01	27	74142	买盘
10:15:06	27.44	0.01	92	252448	中性盘
10:15:03	27.43	-0.01	65	178295	卖盘
10:15:00	27.44	0.01	34	93296	中性盘
10:14:57	27.43	-0.01	73	202954	卖盘
10:14:54	27.44	--	3	8232	买盘
10:14:51	27.44	--	10	27440	买盘
10:14:48	27.44	--	17	46675	卖盘
10:14:45	27.44	-0.01	76	208544	卖盘
10:14:42	27.45	--	6	16470	买盘
10:14:39	27.45	--	71	194895	卖盘
10:14:36	27.45	--	10	27450	卖盘
10:14:33	27.45	--	1	2745	卖盘
10:14:30	27.45	--	35	96075	买盘
10:14:27	27.45	--	12	32940	买盘
10:14:24	27.45	--	52	142740	买盘
10:14:21	27.45	-0.02	25	68625	卖盘
10:14:18	27.47	0.01	147	403809	买盘
10:14:15	27.46	--	15	41190	卖盘
10:14:12	27.46	-0.01	15	41190	卖盘
10:14:09	27.47	0.02	4	10988	买盘
10:14:06	27.45	-0.02	4	10980	卖盘
10:14:03	27.47	0.01	57	156579	买盘
10:13:57	27.46	0.01	5	13730	买盘
10:13:54	27.45	--	11	30195	卖盘
10:13:51	27.45	0.01	78	216827	买盘
10:13:48	27.44	-0.01	46	126224	卖盘
10:13:45	27.45	0.01	21	57645	买盘
10:13:42	27.44	-0.01	20	54880	卖盘
10:13:39	27.45	--	53	145485	买盘
10:13:36	27.45	--	22	60390	买盘
10:13:33	27.45	0.01	31	85095	买盘
10:13:30	27.44	-0.01	69	189336	卖盘
10:13:27	27.45	--	74	203130	买盘
10:13:24	27.45	0.01	47	129015	买盘
10:13:21	27.44	-0.01	137	375928	卖盘
10:13:18	27.45	--	4	10980	买盘
10:13:15	27.45	--	1	2745	买盘
10:13:12	27.45	--	3	8235	买盘
10:13:09	27.45	0.01	35	96075	买盘
10:13:06	27.44	--	60	164640	卖盘
10:13:03	27.44	--	36	98784	卖盘
10:13:00	27.44	--	39	107016	卖盘
10:12:57	27.44	--	5	13720	卖盘
10:12:54	27.44	0.03	24	65856	买盘
10:12:51	27.41	-0.01	82	224762	卖盘
10:12:48	27.42	--	12	32904	卖盘
10:12:42	27.42	-0.01	29	79518	卖盘
10:12:39	27.43	--	2	5486	卖盘
10:12:36	27.43	--	7	19201	卖盘
10:12:33	27.43	--	64	175552	买盘
10:12:30	27.43	0.01	33	90519	买盘
10:12:27	27.42	--	26	71292	买盘
10:12:21	27.42	-0.02	146	400332	卖盘
10:12:18	27.44	0.01	4	10976	买盘
10:12:15	27.43	-0.01	25	68575	卖盘
10:12:09	27.44	--	24	65856	买盘
10:12:06	27.44	--	30	82320	卖盘
10:12:03	27.44	--	46	126224	卖盘
10:11:57	27.44	-0.01	7	19208	卖盘
10:11:54	27.45	0.01	109	299205	买盘
10:11:51	27.44	-0.01	9	24696	卖盘
10:11:48	27.45	0.02	20	54900	买盘
10:11:45	27.43	-0.02	26	71318	卖盘
10:11:42	27.45	0.01	20	54900	买盘
10:11:39	27.44	--	63	172872	卖盘
10:11:33	27.44	-0.01	19	52136	卖盘
10:11:30	27.45	0.01	3	8235	买盘
10:11:27	27.44	0.02	36	98784	买盘
10:11:24	27.42	-0.01	57	156294	卖盘
10:11:21	27.43	--	35	96005	中性盘
10:11:18	27.43	-0.01	25	68575	卖盘
10:11:15	27.44	0.01	24	65856	买盘
10:11:09	27.43	--	113	309959	卖盘
10:11:03	27.43	-0.01	50	137150	卖盘
10:11:00	27.44	--	5	13720	卖盘
10:10:57	27.44	--	62	170128	卖盘
10:10:54	27.44	--	28	76832	卖盘
10:10:51	27.44	-0.01	18	49392	卖盘
10:10:48	27.45	--	4	10980	买盘
10:10:45	27.45	--	25	68625	买盘
10:10:42	27.45	--	10	27450	买盘
10:10:39	27.45	--	2	5490	买盘
10:10:36	27.45	-0.01	240	658800	卖盘
10:10:33	27.46	--	42	115332	卖盘
10:10:30	27.46	--	19	52174	买盘
10:10:27	27.46	--	28	76888	买盘
10:10:24	27.46	--	30	82380	买盘
10:10:21	27.46	--	4	10984	买盘
10:10:18	27.46	--	16	43936	卖盘
10:10:15	27.46	--	33	90618	卖盘
10:10:06	27.46	-0.01	132	362472	卖盘
10:10:03	27.47	-0.02	110	302170	卖盘
10:09:57	27.49	0.02	256	703744	买盘
10:09:54	27.47	--	15	41205	买盘
10:09:51	27.47	--	24	65928	卖盘
10:09:48	27.47	--	17	46699	卖盘
10:09:45	27.47	-0.01	17	46699	卖盘
10:09:42	27.48	0.01	2	5496	买盘
10:09:39	27.47	--	10	27470	卖盘
10:09:36	27.47	-0.01	19	52193	卖盘
10:09:33	27.48	--	11	30228	买盘
10:09:30	27.48	--	24	65952	卖盘
10:09:27	27.48	--	96	263808	卖盘
10:09:24	27.48	--	20	54960	卖盘
10:09:21	27.48	--	87	239076	卖盘
10:09:18	27.48	--	50	137400	卖盘
10:09:15	27.48	--	3	8244	卖盘
10:09:12	27.48	--	23	63204	卖盘
10:09:09	27.48	--	2	5496	卖盘
10:09:06	27.48	-0.01	16	43968	卖盘
10:09:03	27.49	--	49	134701	买盘
10:09:00	27.49	--	11	31586	卖盘
10:08:57	27.49	--	85	233665	卖盘
10:08:54	27.49	--	21	57729	卖盘
10:08:51	27.49	-0.01	64	175936	卖盘
10:08:48	27.5	0.01	10	27500	买盘
10:08:45	27.49	--	45	123705	卖盘
10:08:42	27.49	--	27	74223	卖盘
10:08:39	27.49	-0.01	24	65976	卖盘
10:08:36	27.5	0.01	162	446875	买盘
10:08:33	27.49	--	18	49482	卖盘
10:08:30	27.49	--	315	865935	卖盘
10:08:24	27.49	--	70	192430	卖盘
10:08:21	27.49	-0.01	128	351872	卖盘
10:08:18	27.5	0.01	15	41250	买盘
10:08:15	27.49	--	8	21992	卖盘
10:08:12	27.49	--	13	35737	卖盘
10:08:09	27.49	-0.01	10	27490	卖盘
10:08:06	27.5	0.01	2	5500	卖盘
10:08:03	27.49	-0.01	85	233665	卖盘
10:08:00	27.5	--	4	11000	买盘
10:07:57	27.5	--	4	11000	买盘
10:07:54	27.5	0.01	76	209000	买盘
10:07:51	27.49	-0.01	1	2749	卖盘
10:07:48	27.5	0.01	108	297000	买盘
10:07:45	27.49	--	17	46733	卖盘
10:07:39	27.49	--	37	101713	卖盘
10:07:36	27.49	-0.01	27	74223	卖盘
10:07:33	27.5	0.01	8	22000	中性盘
10:07:30	27.49	--	1	2749	卖盘
10:07:27	27.49	-0.01	90	247437	卖盘
10:07:24	27.5	--	25	68750	买盘
10:07:21	27.5	0.01	2	5500	买盘
10:07:18	27.49	--	4	10996	卖盘
10:07:15	27.49	--	84	230916	卖盘
10:07:12	27.49	-0.01	18	49482	卖盘
10:07:09	27.5	0.01	15	41250	中性盘
10:07:06	27.49	--	9	24741	卖盘
10:07:03	27.49	-0.01	137	376613	卖盘
10:07:00	27.5	0.01	50	137500	买盘
10:06:57	27.49	-0.01	59	162191	卖盘
10:06:54	27.5	--	10	27500	买盘
10:06:51	27.5	0.01	5	13750	买盘
10:06:48	27.49	-0.01	22	60478	卖盘
10:06:45	27.5	0.01	12	33000	买盘
10:06:42	27.49	--	30	82470	卖盘
10:06:39	27.49	-0.01	50	137450	卖盘
10:06:36	27.5	-0.01	17	46750	卖盘
10:06:33	27.51	0.01	7	19257	买盘
10:06:30	27.5	--	24	66000	卖盘
10:06:27	27.5	-0.01	7	19250	卖盘
10:06:24	27.51	--	18	49518	买盘
10:06:21	27.51	--	35	96285	买盘
10:06:15	27.51	--	10	27510	买盘
10:06:09	27.51	--	5	13755	买盘
10:06:03	27.51	0.02	61	167811	买盘
10:06:00	27.49	--	138	379362	卖盘
10:05:57	27.49	-0.01	4	10996	卖盘
10:05:54	27.5	--	39	107250	卖盘
10:05:51	27.5	--	16	44000	卖盘
10:05:48	27.5	-0.01	61	167750	卖盘
10:05:45	27.51	--	5	13755	买盘
10:05:42	27.51	0.01	6	16506	买盘
10:05:39	27.5	--	84	231000	卖盘
10:05:33	27.5	--	7	19250	卖盘
10:05:30	27.5	-0.01	227	624250	卖盘
10:05:27	27.51	0.01	6	16506	买盘
10:05:24	27.5	--	65	178750	卖盘
10:05:21	27.5	--	16	44000	卖盘
10:05:18	27.5	-0.01	106	291500	卖盘
10:05:15	27.51	--	10	27510	买盘
10:05:12	27.51	0.01	51	140301	买盘
10:05:09	27.5	--	30	82500	卖盘
10:05:06	27.5	--	20	55000	卖盘
10:05:03	27.5	-0.01	172	473000	卖盘
10:05:00	27.51	0.01	3	8253	买盘
10:04:57	27.5	--	1484	4081000	卖盘
10:04:54	27.5	-0.01	20	55000	卖盘
10:04:51	27.51	0.01	3	8253	买盘
10:04:48	27.5	-0.01	25	68750	卖盘
10:04:45	27.51	--	70	192570	买盘
10:04:42	27.51	0.01	2	5502	买盘
10:04:39	27.5	-0.01	31	85250	卖盘
10:04:36	27.51	0.01	6	16506	买盘
10:04:33	27.5	--	8	22000	卖盘
10:04:30	27.5	-0.01	15	41250	卖盘
10:04:27	27.51	0.01	20	55020	买盘
10:04:24	27.5	-0.01	52	143000	卖盘
10:04:21	27.51	--	63	173313	买盘
10:04:18	27.51	0.01	72	198072	买盘
10:04:15	27.5	--	13	35750	卖盘
10:04:12	27.5	--	207	569250	卖盘
10:04:09	27.5	--	18	49500	卖盘
10:04:06	27.5	--	9	24750	卖盘
10:04:03	27.5	--	55	151250	卖盘
10:04:00	27.5	--	11	30250	卖盘
10:03:57	27.5	-0.01	26	71500	卖盘
10:03:54	27.51	0.01	172	473172	买盘
10:03:51	27.5	--	170	467500	卖盘
10:03:48	27.5	--	39	107250	卖盘
10:03:45	27.5	--	5	13750	卖盘
10:03:42	27.5	--	164	451000	卖盘
10:03:39	27.5	--	133	365750	卖盘
10:03:36	27.5	--	37	101750	卖盘
10:03:33	27.5	--	26	71500	卖盘
10:03:30	27.5	--	13	35750	卖盘
10:03:27	27.5	--	73	200750	卖盘
10:03:24	27.5	--	9	24750	卖盘
10:03:21	27.5	--	380	1045000	卖盘
10:03:18	27.5	-0.01	33	90750	卖盘
10:03:15	27.51	0.01	20	55020	买盘
10:03:12	27.5	--	61	167750	卖盘
10:03:09	27.5	--	81	222750	卖盘
10:03:06	27.5	-0.01	15	41250	卖盘
10:03:03	27.51	0.01	52	143052	买盘
10:03:00	27.5	-0.01	127	349250	卖盘
10:02:57	27.51	--	81	222831	买盘
10:02:54	27.51	--	23	63273	买盘
10:02:51	27.51	--	9	24759	买盘
10:02:48	27.51	-0.03	1442	3966969	卖盘
10:02:45	27.54	--	7	19278	买盘
10:02:36	27.54	--	234	644436	买盘
10:02:33	27.54	--	11	30294	买盘
10:02:30	27.54	0.03	10	27540	买盘
10:02:27	27.51	--	72	198072	卖盘
10:02:24	27.51	-0.02	200	550200	卖盘
10:02:21	27.53	0.01	12	33036	买盘
10:02:18	27.52	0.01	8	22016	中性盘
10:02:15	27.51	-0.01	31	85281	卖盘
10:02:12	27.52	0.01	2	5504	卖盘
10:02:09	27.51	--	57	156807	卖盘
10:02:06	27.51	-0.01	300	825300	卖盘
10:02:03	27.52	--	45	123840	买盘
10:02:00	27.52	--	9	24768	买盘
10:01:57	27.52	--	71	195392	买盘
10:01:54	27.52	0.01	15	41280	买盘
10:01:51	27.51	--	21	57771	卖盘
10:01:48	27.51	-0.01	43	118293	卖盘
10:01:45	27.52	--	6	16512	买盘
10:01:42	27.52	0.01	9	24768	买盘
10:01:39	27.51	--	52	143052	卖盘
10:01:36	27.51	--	14	38514	卖盘
10:01:33	27.51	--	13	35763	卖盘
10:01:27	27.51	-0.01	29	79779	卖盘
10:01:18	27.52	--	54	148608	卖盘
10:01:15	27.52	--	10	27520	卖盘
10:01:12	27.52	-0.02	5	13760	卖盘
10:01:09	27.54	0.02	1	2754	买盘
10:01:06	27.52	-0.02	3	8256	卖盘
10:01:03	27.54	0.02	37	101898	买盘
10:01:00	27.52	--	26	71552	卖盘
10:00:57	27.52	--	3	8256	卖盘
10:00:54	27.52	--	12	33024	卖盘
10:00:51	27.52	0.01	76	209152	买盘
10:00:48	27.51	--	21	57771	卖盘
10:00:45	27.51	--	18	49518	卖盘
10:00:39	27.51	--	289	795039	卖盘
10:00:36	27.51	--	30	82530	卖盘
10:00:33	27.51	-0.01	275	756525	卖盘
10:00:30	27.52	0.01	6	16512	买盘
10:00:27	27.51	--	231	635481	卖盘
10:00:24	27.51	-0.01	90	247590	卖盘
10:00:21	27.52	0.01	24	66048	买盘
10:00:15	27.51	--	95	261345	卖盘
10:00:12	27.51	-0.01	62	170562	卖盘
10:00:09	27.52	0.01	102	280704	买盘
10:00:06	27.51	-0.01	15	41265	卖盘
10:00:03	27.52	0.01	41	112832	买盘
10:00:00	27.51	--	20	55020	卖盘
09:59:57	27.51	--	43	118293	卖盘
09:59:54	27.51	-0.01	337	927087	卖盘
09:59:51	27.52	0.01	96	264192	买盘
09:59:48	27.51	-0.01	13	35763	卖盘
09:59:45	27.52	0.01	4	11008	买盘
09:59:42	27.51	-0.01	84	231084	卖盘
09:59:39	27.52	--	32	88064	卖盘
09:59:36	27.52	--	7	19264	卖盘
09:59:33	27.52	--	5	13760	卖盘
09:59:30	27.52	-0.04	700	1926400	卖盘
09:59:27	27.56	--	111	305916	卖盘
09:59:24	27.56	--	55	151580	卖盘
09:59:21	27.56	--	10	27560	卖盘
09:59:18	27.56	--	21	57876	卖盘
09:59:15	27.56	--	44	121264	卖盘
09:59:12	27.56	-0.02	16	44096	卖盘
09:59:09	27.58	0.01	39	107562	买盘
09:59:06	27.57	--	79	217803	卖盘
09:59:03	27.57	--	103	283971	卖盘
09:59:00	27.57	--	91	250887	卖盘
09:58:57	27.57	--	2	5514	卖盘
09:58:54	27.57	-0.02	101	278457	卖盘
09:58:51	27.59	--	8	22072	买盘
09:58:48	27.59	--	5	13795	买盘
09:58:45	27.59	--	1	2759	卖盘
09:58:42	27.59	-0.01	1	2759	卖盘
09:58:39	27.6	0.01	15	41400	买盘
09:58:36	27.59	-0.01	5	13795	卖盘
09:58:33	27.6	--	10	27600	买盘
09:58:30	27.6	--	6	16560	买盘
09:58:27	27.6	--	31	85560	卖盘
09:58:24	27.6	-0.01	65	179400	卖盘
09:58:21	27.61	0.01	10	27610	买盘
09:58:18	27.6	--	55	151800	卖盘
09:58:12	27.6	--	21	57960	买盘
09:58:09	27.6	0.01	1	2760	买盘
09:58:06	27.59	-0.01	4	11036	卖盘
09:58:03	27.6	0.01	41	113160	买盘
09:57:57	27.59	--	11	30349	卖盘
09:57:54	27.59	--	39	107601	卖盘
09:57:51	27.59	0.03	13	35867	买盘
09:57:48	27.56	--	20	55120	卖盘
09:57:45	27.56	--	5	13780	卖盘
09:57:33	27.56	--	1	2756	卖盘
09:57:30	27.56	--	13	35828	卖盘
09:57:27	27.56	0.01	26	71656	中性盘
09:57:24	27.55	0.01	3	8265	中性盘
09:57:21	27.54	-0.01	13	35802	卖盘
09:57:18	27.55	--	15	41325	卖盘
09:57:15	27.55	0.01	12	33060	中性盘
09:57:12	27.54	-0.01	54	148716	卖盘
09:57:09	27.55	--	36	99180	买盘
09:57:06	27.55	--	67	184585	买盘
09:57:03	27.55	0.01	180	495900	买盘
09:57:00	27.54	--	14	38556	卖盘
09:56:57	27.54	--	2	5508	卖盘
09:56:54	27.54	-0.01	16	44064	卖盘
09:56:51	27.55	--	16	44080	买盘
09:56:48	27.55	0.01	54	148770	买盘
09:56:45	27.54	--	11	30294	买盘
09:56:42	27.54	-0.01	91	250614	卖盘
09:56:39	27.55	0.01	14	38570	买盘
09:56:36	27.54	--	16	44064	卖盘
09:56:33	27.54	-0.01	51	140454	卖盘
09:56:30	27.55	0.02	7	19285	买盘
09:56:27	27.53	--	24	66072	卖盘
09:56:24	27.53	--	18	49554	卖盘
09:56:18	27.53	--	8	22024	卖盘
09:56:15	27.53	--	12	33036	卖盘
09:56:12	27.53	-0.02	78	214734	卖盘
09:56:09	27.55	0.02	16	44080	买盘
09:56:06	27.53	--	2	5506	卖盘
09:56:03	27.53	--	37	101861	卖盘
09:56:00	27.53	--	30	82590	卖盘
09:55:57	27.53	--	10	27530	卖盘
09:55:54	27.53	--	117	322101	买盘
09:55:51	27.53	--	73	200969	买盘
09:55:48	27.53	--	18	49554	买盘
09:55:45	27.53	--	16	44048	买盘
09:55:42	27.53	-0.01	187	514811	卖盘
09:55:39	27.54	--	10	27540	买盘
09:55:36	27.54	0.01	9	24786	买盘
09:55:33	27.53	-0.01	7	19271	卖盘
09:55:30	27.54	0.01	4	11016	中性盘
09:55:27	27.53	-0.02	3	8259	卖盘
09:55:24	27.55	0.01	39	107445	买盘
09:55:21	27.54	--	85	234090	卖盘
09:55:18	27.54	--	1	2754	卖盘
09:55:12	27.54	--	19	52326	卖盘
09:55:03	27.54	--	45	123930	卖盘
09:55:00	27.54	0.02	26	71604	买盘
09:54:54	27.52	-0.01	29	79808	卖盘
09:54:51	27.53	--	4	11012	卖盘
09:54:48	27.53	0.01	6	16518	中性盘
09:54:45	27.52	--	7	19264	买盘
09:54:42	27.52	0.01	24	66048	买盘
09:54:39	27.51	-0.01	122	335622	卖盘
09:54:36	27.52	--	28	77056	买盘
09:54:33	27.52	--	43	118336	卖盘
09:54:30	27.52	--	47	129344	买盘
09:54:27	27.52	--	6	16512	买盘
09:54:24	27.52	--	39	107328	买盘
09:54:21	27.52	--	28	77056	买盘
09:54:18	27.52	-0.03	189	520128	卖盘
09:54:15	27.55	0.02	29	79895	买盘
09:54:12	27.53	--	6	16518	买盘
09:54:09	27.53	--	39	107367	卖盘
09:54:06	27.53	--	13	35789	买盘
09:54:03	27.53	--	55	151415	买盘
09:54:00	27.53	--	1	2753	买盘
09:53:57	27.53	-0.01	25	68825	卖盘
09:53:51	27.54	0.01	2	5508	中性盘
09:53:45	27.53	-0.02	12	33036	卖盘
09:53:42	27.55	-0.01	14	38570	卖盘
09:53:30	27.56	-0.01	9	24804	卖盘
09:53:27	27.57	--	2	5514	买盘
09:53:24	27.57	-0.03	122	336354	卖盘
09:53:21	27.6	--	9	24840	卖盘
09:53:18	27.6	-0.02	57	157320	买盘
09:53:15	27.62	0.02	311	858982	买盘
09:53:12	27.6	--	6	16560	买盘
09:53:09	27.6	-0.01	113	311880	卖盘
09:53:06	27.61	0.01	16	44176	买盘
09:53:03	27.6	-0.01	2	5520	卖盘
09:53:00	27.61	--	24	66264	卖盘
09:52:57	27.61	--	11	30371	买盘
09:52:54	27.61	0.01	57	157377	买盘
09:52:48	27.6	--	17	46920	卖盘
09:52:45	27.6	-0.01	6	16560	卖盘
09:52:39	27.61	0.01	8	22088	买盘
09:52:36	27.6	--	5	13800	买盘
09:52:33	27.6	-0.03	5	13800	中性盘
09:52:30	27.63	0.02	205	566415	买盘
09:52:27	27.61	-0.01	4	11044	中性盘
09:52:24	27.62	0.02	37	102194	买盘
09:52:21	27.6	--	35	96600	卖盘
09:52:18	27.6	-0.02	8	22080	卖盘
09:52:15	27.62	0.02	11	30382	买盘
09:52:12	27.6	--	33	91080	卖盘
09:52:09	27.6	-0.01	50	138000	卖盘
09:52:06	27.61	--	16	44176	买盘
09:52:03	27.61	--	60	165660	买盘
09:52:00	27.61	0.01	22	60742	买盘
09:51:57	27.6	--	15	41400	卖盘
09:51:54	27.6	--	3	8280	卖盘
09:51:51	27.6	-0.01	4	11040	卖盘
09:51:48	27.61	0.01	20	55220	买盘
09:51:45	27.6	--	2	5520	买盘
09:51:42	27.6	--	3	8280	卖盘
09:51:39	27.6	0.02	11	30360	买盘
09:51:36	27.58	--	15	41370	卖盘
09:51:30	27.58	0.01	3	8274	卖盘
09:51:24	27.57	-0.03	61	168177	卖盘
09:51:21	27.6	0.04	158	436080	买盘
09:51:18	27.56	--	42	115752	买盘
09:51:15	27.56	--	98	270088	买盘
09:51:12	27.56	--	230	633880	卖盘
09:51:09	27.56	--	3	8268	卖盘
09:51:06	27.56	--	6	16536	卖盘
09:51:03	27.56	0.05	261	719316	买盘
09:51:00	27.51	--	160	442883	买盘
09:50:57	27.51	0.01	18	49518	买盘
09:50:54	27.5	--	5	13750	卖盘
09:50:51	27.5	--	27	74250	卖盘
09:50:48	27.5	--	15	41250	卖盘
09:50:45	27.5	--	2	5500	卖盘
09:50:42	27.5	--	49	134750	卖盘
09:50:39	27.5	0.02	133	365750	买盘
09:50:36	27.48	--	29	79692	卖盘
09:50:33	27.48	--	10	27480	卖盘
09:50:30	27.48	-0.02	10	27480	卖盘
09:50:27	27.5	0.02	120	330000	买盘
09:50:24	27.48	--	38	104424	买盘
09:50:21	27.48	--	12	32976	买盘
09:50:18	27.48	--	3	8244	买盘
09:50:15	27.48	--	23	63204	卖盘
09:50:09	27.48	-0.02	32	87936	卖盘
09:50:03	27.5	0.02	46	126500	买盘
09:50:00	27.48	-0.02	42	115416	中性盘
09:49:57	27.5	--	43	118250	买盘
09:49:54	27.5	0.02	15	41250	买盘
09:49:51	27.48	-0.02	60	164880	卖盘
09:49:45	27.5	0.02	22	60500	买盘
09:49:42	27.48	-0.02	7	19236	卖盘
09:49:39	27.5	--	27	74250	买盘
09:49:36	27.5	-0.01	20	55000	卖盘
09:49:33	27.51	--	24	66024	买盘
09:49:30	27.51	-0.02	37	101814	卖盘
09:49:27	27.53	--	14	38542	买盘
09:49:24	27.53	0.02	2	5506	买盘
09:49:21	27.51	-0.03	0	2723	卖盘
09:49:12	27.54	0.04	338	930852	中性盘
09:49:09	27.5	-0.01	3	8250	卖盘
09:49:06	27.51	-0.04	16	44016	中性盘
09:49:03	27.55	0.05	37	101935	买盘
09:49:00	27.5	-0.03	56	154000	卖盘
09:48:57	27.53	0.02	18	49554	中性盘
09:48:51	27.51	--	25	68775	卖盘
09:48:48	27.51	-0.02	34	93534	卖盘
09:48:45	27.53	--	5	13765	买盘
09:48:42	27.53	0.02	20	55060	买盘
09:48:39	27.51	--	5	13755	卖盘
09:48:36	27.51	-0.03	28	77028	卖盘
09:48:33	27.54	--	1	2754	买盘
09:48:30	27.54	--	5	13770	卖盘
09:48:27	27.54	-0.01	27	74358	卖盘
09:48:24	27.55	--	5	13775	买盘
09:48:21	27.55	--	108	297540	卖盘
09:48:15	27.55	-0.05	14	38570	卖盘
09:48:12	27.6	0.01	118	325680	买盘
09:48:09	27.59	0.03	2	5518	买盘
09:48:06	27.56	-0.04	5	13780	卖盘
09:48:03	27.6	0.02	65	179400	买盘
09:48:00	27.58	-0.02	11	30337	中性盘
09:47:57	27.6	-0.02	15	41400	中性盘
09:47:54	27.62	0.02	319	881078	买盘
09:47:51	27.6	--	6	16560	买盘
09:47:48	27.6	--	26	71760	买盘
09:47:45	27.6	-0.01	17	46920	卖盘
09:47:42	27.61	--	73	201553	买盘
09:47:39	27.61	0.01	30	82830	买盘
09:47:36	27.6	--	21	57960	卖盘
09:47:33	27.6	-0.03	15	41400	卖盘
09:47:30	27.63	--	179	494577	买盘
09:47:27	27.63	0.03	63	174069	买盘
09:47:24	27.6	-0.03	151	416760	卖盘
09:47:21	27.63	0.01	43	118809	买盘
09:47:18	27.62	--	21	58002	卖盘
09:47:15	27.62	--	1	2762	卖盘
09:47:12	27.62	-0.03	10	27620	卖盘
09:47:09	27.65	0.03	1	2765	买盘
09:47:06	27.62	-0.01	5	13810	卖盘
09:47:03	27.63	0.03	43	118809	买盘
09:47:00	27.6	0.01	3	8280	卖盘
09:46:57	27.59	0.02	11	30349	中性盘
09:46:54	27.57	-0.03	15	41355	卖盘
09:46:51	27.6	0.05	161	444360	买盘
09:46:48	27.55	0.04	9	24795	买盘
09:46:45	27.51	-0.03	15	41265	卖盘
09:46:42	27.54	--	2	5508	买盘
09:46:39	27.54	--	1	2754	买盘
09:46:33	27.54	0.06	312	859248	买盘
09:46:30	27.48	--	6	16488	卖盘
09:46:27	27.48	0.01	26	71448	卖盘
09:46:21	27.47	--	3	8241	买盘
09:46:18	27.47	--	57	156579	买盘
09:46:15	27.47	0.01	244	670268	买盘
09:46:12	27.46	-0.01	73	200458	中性盘
09:46:09	27.47	0.01	39	107133	买盘
09:46:06	27.46	0.02	39	107094	买盘
09:46:03	27.44	--	89	244216	卖盘
09:46:00	27.44	-0.01	64	175616	卖盘
09:45:57	27.45	-0.02	103	282735	卖盘
09:45:54	27.47	--	38	104386	买盘
09:45:51	27.47	0.02	35	96145	买盘
09:45:48	27.45	0.01	63	172935	中性盘
09:45:45	27.44	--	26	71344	卖盘
09:45:42	27.44	-0.01	50	137200	卖盘
09:45:39	27.45	0.02	12	32940	买盘
09:45:36	27.43	--	18	49374	卖盘
09:45:33	27.43	--	59	161837	买盘
09:45:30	27.43	--	4	10972	买盘
09:45:27	27.43	0.01	39	106977	买盘
09:45:24	27.42	--	67	183714	卖盘
09:45:21	27.42	-0.01	14	38388	卖盘
09:45:18	27.43	0.01	147	403221	买盘
09:45:15	27.42	--	78	213876	买盘
09:45:12	27.42	0.02	24	65808	买盘
09:45:09	27.4	-0.01	69	189060	卖盘
09:45:06	27.41	0.01	12	32892	买盘
09:45:03	27.4	-0.02	178	487720	卖盘
09:45:00	27.42	0.01	58	159036	买盘
09:44:57	27.41	0.01	170	467340	中性盘
09:44:54	27.4	--	20	54800	卖盘
09:44:51	27.4	--	288	791503	买盘
09:44:48	27.4	--	115	315100	买盘
09:44:45	27.4	--	87	238380	买盘
09:44:42	27.4	0.01	220	602800	买盘
09:44:39	27.39	-0.01	120	328680	卖盘
09:44:36	27.4	0.01	19	52060	买盘
09:44:33	27.39	-0.01	130	356070	卖盘
09:44:30	27.4	--	136	372640	买盘
09:44:27	27.4	-0.02	518	1419676	卖盘
09:44:24	27.42	0.01	121	331782	买盘
09:44:21	27.41	-0.01	18	49338	中性盘
09:44:18	27.42	0.02	114	314973	买盘
09:44:15	27.4	-0.02	31	84940	卖盘
09:44:12	27.42	0.02	10	27420	买盘
09:44:09	27.4	--	61	167140	卖盘
09:44:06	27.4	-0.01	152	416480	卖盘
09:44:03	27.41	0.01	76	208316	买盘
09:44:00	27.4	-0.01	42	115080	卖盘
09:43:57	27.41	-0.03	518	1419838	卖盘
09:43:54	27.44	--	36	98784	买盘
09:43:51	27.44	0.03	110	301840	买盘
09:43:48	27.41	--	129	353589	卖盘
09:43:45	27.41	-0.02	26	71266	卖盘
09:43:42	27.43	--	41	112463	买盘
09:43:39	27.43	--	53	145379	卖盘
09:43:36	27.43	--	32	87776	卖盘
09:43:33	27.43	--	34	93262	买盘
09:43:30	27.43	-0.02	139	381277	买盘
09:43:27	27.45	0.01	211	579195	买盘
09:43:24	27.44	0.01	21	57624	买盘
09:43:21	27.43	0.02	20	54860	中性盘
09:43:18	27.41	-0.04	173	474193	卖盘
09:43:15	27.45	--	32	87840	买盘
09:43:12	27.45	-0.02	443	1216035	卖盘
09:43:09	27.47	--	34	93398	买盘
09:43:06	27.47	--	33	90651	买盘
09:43:03	27.47	-0.01	57	156579	卖盘
09:43:00	27.48	--	32	87936	买盘
09:42:57	27.48	0.01	15	41220	买盘
09:42:54	27.47	-0.01	146	401062	卖盘
09:42:51	27.48	0.01	43	118164	中性盘
09:42:48	27.47	-0.03	63	173061	卖盘
09:42:45	27.5	--	30	82500	买盘
09:42:42	27.5	--	38	104500	买盘
09:42:39	27.5	--	67	184250	买盘
09:42:36	27.5	--	42	115500	买盘
09:42:33	27.5	-0.02	140	385000	卖盘
09:42:30	27.52	--	105	288960	卖盘
09:42:27	27.52	--	35	96320	卖盘
09:42:24	27.52	-0.02	37	101824	卖盘
09:42:21	27.54	0.02	4	11016	买盘
09:42:18	27.52	0.02	50	137600	买盘
