成交时间	成交价	价格变动	成交量(手)	成交额(元)	性质
15:00:03	31.62	0.02	104	328848	买盘
14:57:00	31.6	--	0	0	中性盘
14:56:24	31.6	0.05	75	237000	买盘
14:56:15	31.55	-0.01	2	6310	卖盘
14:56:12	31.56	-0.04	15	47340	卖盘
14:56:06	31.6	--	15	47400	买盘
14:55:12	31.6	0.05	1	3160	买盘
14:55:00	31.55	--	2	6310	卖盘
14:54:39	31.55	--	10	31550	卖盘
14:54:36	31.55	0.03	64	201920	买盘
14:54:27	31.52	0.02	3	9456	卖盘
14:53:30	31.5	-0.02	50	157500	卖盘
14:53:24	31.52	0.01	40	126080	买盘
14:53:18	31.51	--	1	3151	卖盘
14:53:03	31.51	--	4	12604	卖盘
14:52:51	31.51	--	4	12604	卖盘
14:52:48	31.51	--	4	12604	卖盘
14:52:45	31.51	-0.01	4	12604	卖盘
14:52:36	31.52	--	2	6304	卖盘
14:52:33	31.52	--	1	3152	卖盘
14:52:15	31.52	--	5	15760	买盘
14:52:12	31.52	--	2	6304	买盘
14:51:54	31.52	0.01	50	157600	买盘
14:51:51	31.51	-0.01	7	22057	中性盘
14:51:36	31.52	--	5	15760	买盘
14:51:30	31.52	0.02	10	31520	买盘
14:51:24	31.5	-0.03	2	6300	卖盘
14:51:03	31.53	--	27	85131	卖盘
14:50:54	31.53	--	5	15765	卖盘
14:50:51	31.53	0.01	5	15765	卖盘
14:50:42	31.52	0.02	3	9456	中性盘
14:50:27	31.5	-0.02	6	18900	卖盘
14:50:18	31.52	0.02	9	28368	买盘
14:50:12	31.5	-0.02	20	63000	卖盘
14:50:09	31.52	--	1	3152	卖盘
14:49:39	31.52	-0.01	1	3152	买盘
14:49:18	31.53	0.03	9	28377	买盘
14:49:12	31.5	--	41	129150	卖盘
14:49:06	31.5	-0.03	20	63000	卖盘
14:49:00	31.53	0.02	40	126120	买盘
14:48:57	31.51	--	4	12604	卖盘
14:48:51	31.51	-0.02	15	47265	卖盘
14:48:30	31.53	-0.01	10	31530	卖盘
14:48:24	31.54	--	35	110390	卖盘
14:48:12	31.54	-0.01	1	3154	卖盘
14:48:09	31.55	--	18	56790	卖盘
14:47:51	31.55	-0.06	3	9465	中性盘
14:46:57	31.61	0.07	5	15805	中性盘
14:46:39	31.54	-0.08	1	3154	中性盘
14:45:45	31.62	0.06	5	15810	买盘
14:45:42	31.56	--	2	6312	卖盘
14:45:18	31.56	-0.06	2	6312	卖盘
14:44:39	31.62	-0.01	5	15810	卖盘
14:44:36	31.63	--	7	22141	买盘
14:44:12	31.63	0.13	2	6326	买盘
14:43:36	31.5	-0.07	1	3150	卖盘
14:43:21	31.57	--	18	56826	卖盘
14:43:12	31.57	0.01	3	9471	卖盘
14:42:57	31.56	--	9	28404	买盘
14:42:42	31.56	--	5	15780	中性盘
14:42:00	31.56	0.09	5	15780	中性盘
14:40:36	31.47	-0.02	10	31470	中性盘
14:40:09	31.49	--	5	15745	买盘
14:40:06	31.49	--	5	15745	买盘
14:39:48	31.49	--	2	6298	买盘
14:39:39	31.49	0.03	1	3149	买盘
14:39:36	31.46	-0.01	208	655280	卖盘
14:39:33	31.47	--	10	31470	卖盘
14:39:03	31.47	--	1	3147	卖盘
14:38:57	31.47	-0.02	2	6294	卖盘
14:38:42	31.49	0.02	2	6298	买盘
14:38:24	31.47	-0.03	20	62940	卖盘
14:38:18	31.5	--	17	53550	买盘
14:38:15	31.5	0.01	2	6300	买盘
14:38:12	31.49	-0.01	10	31490	卖盘
14:38:09	31.5	--	15	47250	买盘
14:38:06	31.5	--	1	3150	买盘
14:37:54	31.5	--	1	3150	买盘
14:37:48	31.5	--	4	12600	买盘
14:37:45	31.5	--	22	69300	买盘
14:37:36	31.5	--	4	12600	买盘
14:37:30	31.5	--	8	25200	买盘
14:37:27	31.5	--	2	6300	买盘
14:37:12	31.5	--	1	3150	买盘
14:37:00	31.5	--	12	37800	买盘
14:36:57	31.5	--	6	18900	买盘
14:36:54	31.5	--	3	9450	买盘
14:36:51	31.5	-0.1	203	641686	卖盘
14:36:12	31.6	0.1	4	12640	买盘
14:35:51	31.5	--	18	57613	买盘
14:35:48	31.5	0.01	10	31500	买盘
14:35:42	31.49	-0.01	25	78725	卖盘
14:35:27	31.5	--	67	211050	买盘
14:35:24	31.5	-0.1	411	1296886	卖盘
14:34:54	31.6	--	4	12640	买盘
14:34:39	31.6	--	9	28440	买盘
14:34:27	31.6	0.1	7	22120	买盘
14:34:24	31.5	-0.1	501	1578150	卖盘
14:34:09	31.6	0.02	143	451880	买盘
14:34:03	31.58	-0.01	97	306326	卖盘
14:33:57	31.59	-0.01	3	9477	卖盘
14:33:36	31.6	-0.01	170	537200	卖盘
14:33:33	31.61	--	18	56898	买盘
14:33:24	31.61	--	2	6322	买盘
14:33:12	31.61	--	3	9483	买盘
14:33:09	31.61	0.01	3	9483	中性盘
14:32:42	31.6	--	2	6320	卖盘
14:32:33	31.6	--	9	28440	卖盘
14:32:03	31.6	--	7	22120	买盘
14:31:39	31.6	--	26	82160	卖盘
14:30:51	31.6	-0.01	4	12640	卖盘
14:30:30	31.61	--	1	3161	买盘
14:29:54	31.61	--	4	12644	买盘
14:29:42	31.61	--	3	9483	买盘
14:29:15	31.61	--	16	50576	买盘
14:28:48	31.61	-0.13	19	60059	中性盘
14:26:57	31.74	0.14	3	9522	买盘
14:26:27	31.6	0.04	19	60040	买盘
14:26:24	31.56	-0.04	5	15780	卖盘
14:26:21	31.6	0.04	13	41080	买盘
14:25:39	31.56	--	3	9468	买盘
14:25:36	31.56	--	1	3156	买盘
14:25:33	31.56	-0.04	32	100992	卖盘
14:25:30	31.6	--	4	12640	买盘
14:25:27	31.6	--	33	104280	买盘
14:25:15	31.6	--	50	158000	买盘
14:25:06	31.6	--	5	15800	买盘
14:25:00	31.6	--	10	31600	买盘
14:24:48	31.6	0.03	3	9480	买盘
14:24:12	31.57	--	2	6314	买盘
14:24:06	31.57	-0.03	8	25256	卖盘
14:24:00	31.6	--	5	15800	买盘
14:23:57	31.6	--	10	31600	买盘
14:23:48	31.6	--	8	25280	买盘
14:23:42	31.6	--	3	9480	买盘
14:23:39	31.6	0.1	35	110600	买盘
14:23:21	31.5	0.01	4	13513	买盘
14:23:18	31.49	-0.01	2	6298	卖盘
14:23:15	31.5	-0.06	295	931486	卖盘
14:23:12	31.56	--	5	15780	卖盘
14:22:57	31.56	0.01	5	15780	中性盘
14:22:45	31.55	-0.05	170	536350	卖盘
14:22:24	31.6	--	5	15800	卖盘
14:22:12	31.6	--	46	145360	买盘
14:22:06	31.6	--	2	6320	买盘
14:21:57	31.6	0.05	2	6320	买盘
14:21:54	31.55	-0.04	20	63100	卖盘
14:21:51	31.59	--	3	10393	买盘
14:21:48	31.59	--	6	21196	卖盘
14:21:36	31.59	--	9	29347	卖盘
14:21:15	31.59	0.09	3	9477	中性盘
14:21:00	31.5	--	23	72450	卖盘
14:20:54	31.5	--	50	157500	买盘
14:20:30	31.5	--	16	50400	买盘
14:20:24	31.5	-0.09	449	1414350	卖盘
14:20:21	31.59	0.03	24	75816	买盘
14:20:18	31.56	--	2	6312	买盘
14:20:15	31.56	-0.03	278	877368	卖盘
14:20:12	31.59	--	6	18954	买盘
14:20:03	31.59	0.01	3	9477	买盘
14:19:54	31.58	-0.01	3	9474	卖盘
14:19:51	31.59	-0.01	25	78975	卖盘
14:19:48	31.6	--	19	60040	买盘
14:19:42	31.6	--	20	63200	买盘
14:19:39	31.6	--	5	15800	买盘
14:19:33	31.6	--	10	31600	买盘
14:19:27	31.6	0.02	3	9480	买盘
14:19:21	31.58	-0.02	10	31580	卖盘
14:19:12	31.6	0.01	3	9480	买盘
14:19:09	31.59	-0.01	1	3159	卖盘
14:19:06	31.6	-0.06	186	590003	卖盘
14:19:03	31.66	-0.01	10	31660	卖盘
14:18:57	31.67	--	2	6334	买盘
14:18:54	31.67	--	1	3167	买盘
14:18:51	31.67	0.01	20	63340	买盘
14:18:36	31.66	-0.01	31	98146	卖盘
14:18:33	31.67	--	10	31670	买盘
14:18:27	31.67	--	1	3167	买盘
14:18:24	31.67	--	6	19002	卖盘
14:18:21	31.67	--	2	6334	卖盘
14:18:15	31.67	--	12	38004	买盘
14:18:09	31.67	-0.02	38	120346	卖盘
14:17:57	31.69	0.02	2	6338	买盘
14:17:54	31.67	-0.02	2	6334	卖盘
14:17:39	31.69	--	2	6338	买盘
14:17:15	31.69	--	5	15845	买盘
14:17:00	31.69	--	31	98239	买盘
14:16:42	31.69	-0.01	7	22183	卖盘
14:16:24	31.7	-0.01	237	751290	卖盘
14:16:09	31.71	-0.01	2	6342	卖盘
14:16:03	31.72	0.02	3	9516	中性盘
14:15:00	31.7	-0.02	80	253600	卖盘
14:14:51	31.72	0.02	5	15860	中性盘
14:14:00	31.7	-0.08	100	317000	卖盘
14:13:18	31.78	--	9	28602	买盘
14:13:15	31.78	--	8	25424	买盘
14:12:51	31.78	0.02	30	95340	买盘
14:12:24	31.76	0.06	2	6352	买盘
14:11:54	31.7	--	18	57060	买盘
14:11:51	31.7	--	32	101440	买盘
14:11:45	31.7	--	50	158500	买盘
14:11:42	31.7	--	5	15850	买盘
14:11:21	31.7	--	10	31700	买盘
14:11:15	31.7	--	35	110950	买盘
14:11:09	31.7	--	32	101440	买盘
14:10:57	31.7	0.01	1	3170	买盘
14:10:54	31.69	-0.01	20	63380	卖盘
14:10:45	31.7	--	230	729100	买盘
14:10:36	31.7	--	6	19020	买盘
14:10:24	31.7	--	2	6340	买盘
14:10:18	31.7	0.04	1	3170	买盘
14:08:42	31.66	--	4	12664	买盘
14:08:33	31.66	--	1	3166	买盘
14:08:30	31.66	-0.04	5	15830	卖盘
14:08:27	31.7	0.01	6	19020	买盘
14:08:09	31.69	-0.01	10	31690	买盘
14:07:57	31.7	--	10	31700	买盘
14:07:42	31.7	--	3	9510	买盘
14:07:36	31.7	--	30	95100	买盘
14:07:18	31.7	-0.07	51	161670	卖盘
14:06:51	31.77	0.06	3	9531	买盘
14:06:48	31.71	0.01	3	9513	买盘
14:06:39	31.7	--	10	31700	买盘
14:06:36	31.7	--	1	3170	买盘
14:06:30	31.7	-0.01	9	28530	卖盘
14:06:15	31.71	--	3	9513	买盘
14:06:09	31.71	--	1	3171	买盘
14:05:54	31.71	--	8	25368	卖盘
14:05:48	31.71	0.11	12	38052	中性盘
14:05:27	31.6	-0.1	355	1122716	卖盘
14:05:24	31.7	-0.01	12	38040	卖盘
14:05:00	31.71	0.01	3	9513	中性盘
14:04:57	31.7	--	100	317000	卖盘
14:04:42	31.7	--	28	88760	卖盘
14:04:24	31.7	--	50	158500	卖盘
14:03:45	31.7	-0.04	100	317000	卖盘
14:03:18	31.74	--	5	15870	买盘
14:03:15	31.74	--	6	19044	买盘
14:03:00	31.74	0.01	1	3174	中性盘
14:02:39	31.73	--	30	95190	卖盘
14:02:12	31.73	--	10	31730	卖盘
14:02:00	31.73	-0.07	100	317300	卖盘
14:01:39	31.8	0.02	3	9540	买盘
14:01:30	31.78	-0.02	92	292376	卖盘
14:00:15	31.8	--	5	15900	买盘
14:00:12	31.8	--	5	15900	买盘
14:00:06	31.8	--	3	9540	买盘
13:59:51	31.8	--	20	63600	买盘
13:59:24	31.8	--	5	15900	买盘
13:59:15	31.8	--	5	15900	买盘
13:58:39	31.8	0.01	12	38160	买盘
13:58:15	31.79	-0.01	2	6358	卖盘
13:58:03	31.8	--	2	6360	买盘
13:58:00	31.8	--	5	15900	买盘
13:57:57	31.8	--	3	9540	买盘
13:57:42	31.8	--	5	15900	买盘
13:57:30	31.8	--	2	6360	买盘
13:57:15	31.8	0.01	5	15900	买盘
13:57:12	31.79	-0.01	5	15895	卖盘
13:57:09	31.8	-0.06	173	550140	卖盘
13:54:57	31.86	--	13	41418	买盘
13:54:51	31.86	--	1	3186	买盘
13:54:39	31.86	--	5	15930	买盘
13:54:33	31.86	--	10	31860	买盘
13:54:30	31.86	0.01	7	22302	买盘
13:53:57	31.85	--	65	207025	卖盘
13:53:54	31.85	-0.01	14	44590	卖盘
13:53:51	31.86	-0.01	20	63720	卖盘
13:53:48	31.87	-0.07	36	114732	卖盘
13:53:42	31.94	--	10	31940	买盘
13:53:21	31.94	-0.01	1	3194	卖盘
13:52:48	31.95	0.01	4	12780	买盘
13:52:12	31.94	--	10	31940	卖盘
13:52:00	31.94	0.01	9	28746	买盘
13:51:33	31.93	--	9	28737	买盘
13:51:21	31.93	0.03	35	111755	买盘
13:50:36	31.9	0.04	4	12760	买盘
13:49:42	31.86	0.01	2	6372	中性盘
13:47:30	31.85	--	4	12740	卖盘
13:46:48	31.85	--	50	159250	卖盘
13:46:21	31.85	--	20	63700	卖盘
13:45:45	31.85	--	28	89180	卖盘
13:45:09	31.85	-0.06	20	63700	卖盘
13:43:36	31.91	--	2	6382	买盘
13:41:21	31.91	-0.01	3	9573	卖盘
13:41:15	31.92	0.09	1	3192	买盘
13:40:21	31.83	-0.07	45	143235	卖盘
13:40:15	31.9	-0.01	1	3190	买盘
13:39:03	31.91	-0.01	9	28719	卖盘
13:36:21	31.92	0.01	2	6384	买盘
13:36:09	31.91	0.08	2	6382	买盘
13:34:33	31.83	-0.01	50	159150	卖盘
13:32:36	31.84	-0.07	50	159200	卖盘
13:32:27	31.91	--	2	6382	买盘
13:32:06	31.91	--	12	38292	卖盘
13:30:42	31.91	-0.01	2	6382	卖盘
13:29:57	31.92	--	10	31920	买盘
13:29:12	31.92	0.02	1	3192	买盘
13:29:06	31.9	--	2	6380	卖盘
13:29:00	31.9	0.02	2	6380	中性盘
13:28:36	31.88	-0.05	2	6376	中性盘
13:26:36	31.93	0.1	1	3193	买盘
13:26:03	31.83	-0.1	50	159150	卖盘
13:25:57	31.93	0.03	2	6386	买盘
13:25:33	31.9	--	5	15950	买盘
13:24:30	31.9	0.05	5	15950	买盘
13:22:12	31.85	-0.02	1	3185	卖盘
13:21:48	31.87	0.01	1	3187	中性盘
13:20:24	31.86	-0.04	2	6372	中性盘
13:18:45	31.9	-0.01	13	41470	中性盘
13:17:36	31.91	0.1	30	95730	买盘
13:17:33	31.81	--	9	28629	买盘
13:16:54	31.81	0.02	1	3181	中性盘
13:16:15	31.79	-0.01	132	419628	卖盘
13:15:39	31.8	-0.05	70	222600	卖盘
13:15:24	31.85	-0.04	44	140140	卖盘
13:14:51	31.89	-0.01	3	9567	中性盘
13:13:06	31.9	--	1	3190	买盘
13:13:03	31.9	--	2	6380	买盘
13:13:00	31.9	--	4	12760	买盘
13:12:57	31.9	0.13	2	6380	买盘
13:11:15	31.77	--	8	25416	买盘
13:11:06	31.77	-0.13	33	104841	卖盘
13:10:33	31.9	--	2	6380	卖盘
13:10:27	31.9	-0.01	3	9570	买盘
13:09:24	31.91	--	2	6382	卖盘
13:09:03	31.91	0.13	18	57438	买盘
13:07:15	31.78	-0.05	44	139832	卖盘
13:06:03	31.83	0.01	6	19098	中性盘
13:04:15	31.82	-0.06	50	159100	卖盘
13:02:45	31.88	--	17	54196	买盘
13:01:30	31.88	--	3	9564	买盘
13:01:24	31.88	-0.06	10	31880	卖盘
13:00:30	31.94	0.01	1	3194	中性盘
13:00:06	31.93	0.09	8	25544	中性盘
13:00:03	31.84	-0.09	125	398000	中性盘
13:00:00	31.93	--	0	0	买盘
11:30:00	31.93	--	0	0	买盘
11:29:33	31.93	--	3	9579	卖盘
11:29:24	31.93	--	10	31930	卖盘
11:29:18	31.93	--	7	22351	买盘
11:29:03	31.93	0.03	10	31930	买盘
11:28:36	31.9	-0.04	5	15950	买盘
11:28:18	31.94	--	7	22358	卖盘
11:28:12	31.94	0.18	24	76656	买盘
11:25:36	31.76	--	55	174680	卖盘
11:23:54	31.76	-0.01	1	3176	卖盘
11:23:33	31.77	-0.13	5	15885	卖盘
11:23:15	31.9	--	21	66990	买盘
11:22:54	31.9	--	1	3190	买盘
11:22:00	31.9	0.01	1	3190	买盘
11:21:00	31.89	--	57	181773	卖盘
11:20:39	31.89	--	5	15945	卖盘
11:20:27	31.89	0.19	38	121182	买盘
11:20:15	31.7	-0.06	43	136310	卖盘
11:19:06	31.76	-0.13	5	15880	中性盘
11:18:12	31.89	-0.01	26	82914	卖盘
11:17:36	31.9	--	67	213730	卖盘
11:17:27	31.9	0.01	19	60610	买盘
11:17:21	31.89	--	11	35079	卖盘
11:17:18	31.89	--	5	15945	卖盘
11:17:15	31.89	--	60	191340	卖盘
11:17:03	31.89	-0.01	12	38268	买盘
11:16:57	31.9	--	4	12760	卖盘
11:16:54	31.9	--	33	105270	卖盘
11:16:48	31.9	--	63	200970	买盘
11:16:27	31.9	0.02	100	319000	买盘
11:16:21	31.88	--	20	63760	卖盘
11:16:15	31.88	--	31	98828	卖盘
11:16:06	31.88	0.03	49	156212	买盘
11:15:45	31.85	--	5	15925	卖盘
11:15:39	31.85	--	40	127400	卖盘
11:15:24	31.85	0.16	35	111475	买盘
11:15:18	31.69	0.03	102	323238	中性盘
11:14:54	31.66	-0.04	33	104478	卖盘
11:14:24	31.7	--	1	3170	卖盘
11:14:06	31.7	--	3	9510	卖盘
11:13:54	31.7	0.03	36	114120	中性盘
11:13:33	31.67	0.01	87	275529	中性盘
11:13:30	31.66	-0.04	33	104478	卖盘
11:13:15	31.7	--	9	28530	买盘
11:13:09	31.7	--	1	3170	买盘
11:13:03	31.7	--	1	3170	买盘
11:12:51	31.7	0.04	3	9510	中性盘
11:12:30	31.66	-0.03	25	79150	卖盘
11:12:12	31.69	-0.06	1	3169	卖盘
11:12:06	31.75	0.06	5	15875	买盘
11:11:33	31.69	-0.05	66	209154	卖盘
11:11:27	31.74	--	9	28566	买盘
11:11:21	31.74	--	4	12696	买盘
11:11:03	31.74	--	1	3174	买盘
11:11:00	31.74	--	10	31740	卖盘
11:10:45	31.74	-0.01	20	63480	卖盘
11:10:30	31.75	-0.05	40	127000	卖盘
11:10:09	31.8	0.01	5	15900	买盘
11:09:57	31.79	0.03	11	34969	中性盘
11:09:27	31.76	-0.03	7	22232	卖盘
11:09:06	31.79	--	15	47685	卖盘
11:08:57	31.79	--	20	63580	卖盘
11:08:48	31.79	--	69	219351	卖盘
11:08:42	31.79	-0.02	246	782034	卖盘
11:08:24	31.81	--	5	15905	买盘
11:08:18	31.81	-0.01	18	57258	卖盘
11:07:33	31.82	--	10	31820	卖盘
11:07:30	31.82	--	10	31820	中性盘
11:07:00	31.82	--	25	79550	卖盘
11:06:57	31.82	--	2	6364	卖盘
11:06:51	31.82	--	18	57276	卖盘
11:06:36	31.82	--	5	15910	卖盘
11:06:15	31.82	--	8	25456	卖盘
11:05:48	31.82	--	8	25456	卖盘
11:05:24	31.82	--	50	159100	卖盘
11:04:00	31.82	-0.02	3	9546	卖盘
11:03:57	31.84	0.02	2	6368	买盘
11:03:15	31.82	--	10	31820	买盘
11:03:09	31.82	--	7	22274	卖盘
11:02:21	31.82	0.01	2	6364	买盘
11:02:06	31.81	--	1	3181	卖盘
11:01:30	31.81	--	50	159050	卖盘
11:00:48	31.81	-0.01	3	9543	卖盘
11:00:15	31.82	--	5	15910	买盘
11:00:12	31.82	-0.03	23	73186	卖盘
11:00:06	31.85	-0.01	4	12740	中性盘
10:59:27	31.86	0.02	2	6372	买盘
10:59:00	31.84	-0.02	10	31840	卖盘
10:57:45	31.86	--	4	12744	买盘
10:57:36	31.86	--	3	9558	买盘
10:57:09	31.86	--	1	3186	卖盘
10:57:03	31.86	0.02	17	54162	中性盘
10:56:18	31.84	--	5	15920	卖盘
10:56:15	31.84	-0.05	7	22288	卖盘
10:55:54	31.89	0.03	42	133938	买盘
10:55:33	31.86	--	5	15930	买盘
10:55:15	31.86	0.02	1	3186	买盘
10:54:54	31.84	--	3	9552	卖盘
10:54:51	31.84	--	1	3184	卖盘
10:54:30	31.84	0.01	1	3184	中性盘
10:52:57	31.83	--	1	3183	卖盘
10:52:51	31.83	--	1	3183	卖盘
10:52:18	31.83	--	1	3183	卖盘
10:52:12	31.83	--	2	6366	卖盘
10:51:45	31.83	0.01	1	3183	中性盘
10:51:18	31.82	-0.01	2	6364	卖盘
10:51:12	31.83	--	1	3183	卖盘
10:51:09	31.83	0.01	14	44562	买盘
10:50:57	31.82	0.01	19	60458	买盘
10:50:48	31.81	--	1	3181	卖盘
10:49:39	31.81	-0.01	2	6362	卖盘
10:49:36	31.82	--	4	12728	买盘
10:49:24	31.82	0.01	5	15910	中性盘
10:48:36	31.81	--	5	15905	卖盘
10:48:00	31.81	--	1	3181	买盘
10:47:54	31.81	--	30	95430	买盘
10:47:51	31.81	0.01	3	9543	买盘
10:47:48	31.8	-0.01	7	22260	卖盘
10:47:36	31.81	--	2	6362	买盘
10:47:12	31.81	0.01	2	6362	买盘
10:47:09	31.8	--	54	171720	卖盘
10:47:06	31.8	--	2	6360	卖盘
10:46:03	31.8	-0.01	5	15900	卖盘
10:45:48	31.81	--	3	9543	买盘
10:45:30	31.81	--	32	101792	卖盘
10:45:21	31.81	-0.02	1	3181	卖盘
10:44:57	31.83	--	12	38196	卖盘
10:44:42	31.83	--	10	31830	卖盘
10:44:33	31.83	--	2	6366	卖盘
10:44:21	31.83	-0.01	1	3183	卖盘
10:44:00	31.84	0.01	4	12736	买盘
10:43:57	31.83	--	1	3183	卖盘
10:43:51	31.83	-0.01	6	19098	卖盘
10:43:36	31.84	--	7	22288	卖盘
10:43:21	31.84	-0.02	2	6368	卖盘
10:43:09	31.86	-0.01	9	28674	卖盘
10:42:51	31.87	0.01	6	19122	买盘
10:42:42	31.86	-0.02	13	41418	卖盘
10:42:24	31.88	--	7	22316	买盘
10:42:09	31.88	--	1	3188	卖盘
10:41:48	31.88	-0.01	1	3188	卖盘
10:41:15	31.89	--	5	15945	卖盘
10:40:30	31.89	--	5	15945	买盘
10:40:24	31.89	0.01	8	25512	买盘
10:39:27	31.88	--	1	3188	卖盘
10:39:06	31.88	--	3	9564	买盘
10:38:27	31.88	--	4	12752	买盘
10:37:57	31.88	-0.01	3	9564	卖盘
10:37:33	31.89	--	5	15945	买盘
10:36:45	31.89	--	1	3189	买盘
10:36:21	31.89	-0.01	20	63780	卖盘
10:35:48	31.9	--	5	15950	买盘
10:35:24	31.9	0.01	15	47850	买盘
10:34:30	31.89	--	1	3189	买盘
10:34:21	31.89	--	9	28701	卖盘
10:34:00	31.89	0.01	1	3189	中性盘
10:33:18	31.88	--	7	22316	卖盘
10:33:09	31.88	--	1	3188	卖盘
10:33:03	31.88	--	3	9564	卖盘
10:32:54	31.88	--	5	15940	卖盘
10:32:36	31.88	-0.02	4	12752	卖盘
10:32:06	31.9	--	5	15950	买盘
10:31:54	31.9	--	8	25520	买盘
10:31:21	31.9	0.02	5	15950	买盘
10:31:18	31.88	-0.02	5	15940	卖盘
10:30:18	31.9	--	5	15950	中性盘
10:29:48	31.9	--	5	15950	买盘
10:29:30	31.9	--	27	86130	卖盘
10:29:24	31.9	--	3	9570	卖盘
10:29:03	31.9	0.02	156	497640	买盘
10:28:57	31.88	-0.02	10	31880	卖盘
10:28:24	31.9	--	9	28710	买盘
10:27:57	31.9	--	49	156310	卖盘
10:27:51	31.9	--	2	6380	卖盘
10:27:42	31.9	--	9	28710	卖盘
10:27:12	31.9	--	10	31900	卖盘
10:27:09	31.9	--	15	47850	卖盘
10:25:39	31.9	-0.01	25	79750	卖盘
10:24:30	31.91	0.01	7	22337	买盘
10:24:24	31.9	--	1	3190	卖盘
10:23:36	31.9	--	3	9570	卖盘
10:23:24	31.9	--	25	79750	卖盘
10:23:00	31.9	--	1	3190	卖盘
10:22:45	31.9	-0.01	5	15950	卖盘
10:22:06	31.91	--	18	57438	卖盘
10:21:12	31.91	-0.02	2	6382	卖盘
10:20:54	31.93	-0.01	1	3193	卖盘
10:19:48	31.94	--	3	9582	买盘
10:18:42	31.94	0.01	32	102208	买盘
10:18:39	31.93	--	9	28737	买盘
10:18:00	31.93	0.01	5	15965	买盘
10:17:42	31.92	--	8	25536	买盘
10:17:30	31.92	--	2	6384	卖盘
10:16:57	31.92	--	1	3192	卖盘
10:15:51	31.92	-0.02	2	6384	卖盘
10:15:39	31.94	--	5	15970	买盘
10:15:09	31.94	0.04	4	12776	买盘
10:15:03	31.9	--	4	12760	卖盘
10:14:39	31.9	-0.04	9	28710	卖盘
10:14:36	31.94	0.04	1	3194	买盘
10:14:27	31.9	--	24	76560	卖盘
10:14:15	31.9	--	1	3190	卖盘
10:13:57	31.9	--	1	3190	卖盘
10:13:36	31.9	-0.03	2	6380	卖盘
10:13:33	31.93	--	3	9579	卖盘
10:13:30	31.93	--	201	641793	卖盘
10:13:09	31.93	-0.02	7	22351	卖盘
10:13:00	31.95	-0.04	2	6390	中性盘
10:12:18	31.99	0.06	5	15995	买盘
10:12:12	31.93	--	6	19158	卖盘
10:12:03	31.93	--	10	31930	卖盘
10:11:39	31.93	--	2	6386	卖盘
10:11:33	31.93	--	7	22351	卖盘
10:10:42	31.93	--	7	22351	卖盘
10:09:48	31.93	-0.05	4	12772	卖盘
10:09:42	31.98	--	10	31980	买盘
10:09:24	31.98	0.05	3	9594	买盘
10:09:21	31.93	-0.03	8	25544	卖盘
10:09:18	31.96	-0.01	1	3196	卖盘
10:08:24	31.97	--	6	19182	卖盘
10:08:15	31.97	--	1	3197	买盘
10:07:51	31.97	0.01	4	12788	买盘
10:07:42	31.96	--	5	15980	卖盘
10:07:39	31.96	-0.01	6	19176	卖盘
10:07:33	31.97	--	5	15985	中性盘
10:07:00	31.97	0.01	3	9591	买盘
10:06:57	31.96	-0.01	4	12784	卖盘
10:06:54	31.97	--	27	86319	卖盘
10:06:51	31.97	--	1	3197	卖盘
10:06:45	31.97	--	2	6394	卖盘
10:06:42	31.97	--	1	3197	卖盘
10:06:39	31.97	--	70	223790	卖盘
10:06:30	31.97	--	8	25576	卖盘
10:06:27	31.97	--	2	6394	卖盘
10:05:48	31.97	--	10	31970	卖盘
10:05:33	31.97	-0.07	5	15985	卖盘
10:05:27	32.04	0.07	2	6408	买盘
10:05:00	31.97	--	4	12788	卖盘
10:04:51	31.97	--	5	15985	卖盘
10:04:42	31.97	--	1	3197	卖盘
10:04:27	31.97	-0.12	8	25576	卖盘
10:04:18	32.09	--	10	32090	买盘
10:04:00	32.09	0.12	10	32090	买盘
10:03:57	31.97	--	4	12788	卖盘
10:03:48	31.97	--	1	3197	卖盘
10:03:27	31.97	0.05	26	83122	买盘
10:03:21	31.92	-0.04	9	28728	卖盘
10:03:18	31.96	--	3	9588	买盘
10:03:15	31.96	--	1	3196	买盘
10:03:12	31.96	--	7	22372	卖盘
10:02:54	31.96	-0.13	6	19176	卖盘
10:02:48	32.09	0.13	2	6418	买盘
10:02:30	31.96	--	3	9588	卖盘
10:02:15	31.96	--	7	22372	卖盘
10:02:06	31.96	-0.16	1	3196	中性盘
10:01:27	32.12	0.16	2	6423	买盘
10:01:24	31.96	-0.16	4	12784	卖盘
10:01:18	32.12	--	2	6423	买盘
10:01:15	32.12	0.17	3	9636	买盘
10:00:57	31.95	-0.17	7	22365	卖盘
10:00:51	32.12	0.17	1	3211	买盘
10:00:06	31.95	--	5	15975	卖盘
09:59:57	31.95	-0.12	6	19170	卖盘
09:59:27	32.07	--	2	6414	卖盘
09:59:21	32.07	-0.05	3	9621	中性盘
09:58:48	32.12	--	48	154176	买盘
09:58:33	32.12	--	39	125267	卖盘
09:58:27	32.12	--	4	12847	卖盘
09:58:03	32.12	-0.08	6	19272	买盘
09:57:54	32.2	--	5	16100	卖盘
09:57:48	32.2	--	5	16100	卖盘
09:57:42	32.2	-0.02	4	12880	卖盘
09:57:30	32.22	-0.06	3	9666	卖盘
09:57:27	32.28	0.06	5	16140	买盘
09:57:24	32.22	--	1	3222	卖盘
09:57:21	32.22	-0.06	2	6444	卖盘
09:57:15	32.28	--	2	6456	买盘
09:57:12	32.28	-0.02	1	3228	买盘
09:57:03	32.3	--	66	213179	卖盘
09:57:00	32.3	0.02	48	155040	买盘
09:56:54	32.28	--	4	12912	卖盘
09:56:48	32.28	--	2	6456	卖盘
09:56:45	32.28	0.07	8	25824	买盘
09:56:42	32.21	--	10	32210	卖盘
09:56:33	32.21	--	5	16105	卖盘
09:56:30	32.21	-0.04	50	161050	卖盘
09:56:27	32.25	0.04	33	106425	买盘
09:56:09	32.21	--	5	16105	卖盘
09:56:06	32.21	0.01	34	109514	买盘
09:56:00	32.2	--	19	61180	卖盘
09:55:51	32.2	--	1	3220	卖盘
09:55:42	32.2	--	4	12880	卖盘
09:55:39	32.2	0.05	12	38640	买盘
09:55:27	32.15	0.03	10	32150	买盘
09:55:21	32.12	--	5	16059	卖盘
09:55:09	32.12	--	1	3211	卖盘
09:55:06	32.12	0.05	20	64239	买盘
09:55:03	32.07	-0.03	9	28863	卖盘
09:54:54	32.1	0.03	1	3210	买盘
09:54:45	32.07	0.07	11	35277	买盘
09:54:33	32.0	-0.07	4	12800	卖盘
09:54:27	32.07	0.07	56	179592	买盘
09:54:09	32.0	--	15	48000	卖盘
09:54:06	32.0	--	17	54400	买盘
09:53:57	32.0	0.01	10	32000	买盘
09:53:45	31.99	0.01	16	51184	买盘
09:53:42	31.98	0.01	11	35178	买盘
09:53:33	31.97	--	6	19182	卖盘
09:53:27	31.97	0.02	2	6394	买盘
09:53:06	31.95	0.01	43	139397	买盘
09:52:54	31.94	--	4	12776	卖盘
09:52:45	31.94	--	54	172476	买盘
09:52:27	31.94	0.03	100	319400	买盘
09:52:24	31.91	--	4	12764	卖盘
09:52:21	31.91	--	2	6382	卖盘
09:52:18	31.91	--	1	3191	卖盘
09:52:06	31.91	--	12	38292	买盘
09:52:00	31.91	-0.01	26	82966	卖盘
09:51:57	31.92	--	4	12768	卖盘
09:51:48	31.92	-0.02	110	351120	卖盘
09:51:45	31.94	--	52	166088	卖盘
09:51:42	31.94	-0.01	3	9582	卖盘
09:51:36	31.95	0.01	2	6390	买盘
09:51:33	31.94	--	2	6388	卖盘
09:51:27	31.94	--	5	15970	卖盘
09:51:21	31.94	--	2	6388	卖盘
09:51:09	31.94	--	12	38328	卖盘
09:50:51	31.94	--	5	15970	卖盘
09:50:42	31.94	--	2	6388	卖盘
09:50:18	31.94	0.01	11	35134	买盘
09:50:15	31.93	--	10	31930	卖盘
09:50:12	31.93	--	10	31930	卖盘
09:49:57	31.93	--	15	47895	卖盘
09:49:42	31.93	--	6	19158	卖盘
09:49:33	31.93	0.01	14	44702	中性盘
09:49:06	31.92	--	11	35112	卖盘
09:49:00	31.92	-0.03	5	15960	卖盘
09:48:57	31.95	--	3	9585	买盘
09:48:51	31.95	--	10	31950	买盘
09:48:27	31.95	0.02	2	6390	买盘
09:48:21	31.93	-0.02	4	12772	卖盘
09:48:18	31.95	0.02	1	3195	买盘
09:48:15	31.93	-0.02	10	31930	卖盘
09:48:12	31.95	0.03	2	6390	买盘
09:48:00	31.92	--	5	15960	卖盘
09:47:57	31.92	--	30	95760	卖盘
09:47:54	31.92	--	4	12768	卖盘
09:47:48	31.92	--	10	31920	卖盘
09:47:42	31.92	--	4	12768	卖盘
09:47:36	31.92	--	32	102144	卖盘
09:47:30	31.92	--	4	12768	卖盘
09:47:21	31.92	-0.03	10	31920	卖盘
09:47:09	31.95	--	1	3195	卖盘
09:47:03	31.95	--	7	22365	卖盘
09:47:00	31.95	--	4	12780	卖盘
09:46:54	31.95	--	3	9585	卖盘
09:46:33	31.95	0.03	13	41535	买盘
09:46:30	31.92	-0.03	5	15960	卖盘
09:46:21	31.95	0.03	5	15975	买盘
09:46:09	31.92	--	10	31920	卖盘
09:46:06	31.92	--	4	12768	卖盘
09:46:00	31.92	--	10	31920	卖盘
09:45:51	31.92	-0.03	5	15960	卖盘
09:45:45	31.95	--	2	6390	买盘
09:45:21	31.95	-0.01	1	3195	中性盘
09:45:18	31.96	--	10	31960	买盘
09:45:15	31.96	0.04	1	3196	中性盘
09:44:39	31.92	--	10	31920	卖盘
09:44:18	31.92	-0.05	9	28728	卖盘
09:44:12	31.97	0.07	1	3197	买盘
09:43:21	31.9	--	6	19140	卖盘
09:43:12	31.9	--	10	31900	卖盘
09:42:51	31.9	0.1	1	3190	卖盘
09:42:48	31.8	-0.01	46	146280	买盘
09:42:42	31.81	-0.01	21	66801	卖盘
09:42:36	31.82	0.03	5	15910	买盘
09:42:33	31.79	-0.01	5	15895	卖盘
09:42:27	31.8	-0.02	29	92220	卖盘
09:42:24	31.82	0.02	4	12728	中性盘
09:41:57	31.8	-0.02	66	209880	卖盘
09:41:51	31.82	--	15	47730	卖盘
09:41:45	31.82	-0.07	1	3182	卖盘
09:41:33	31.89	-0.01	4	12756	卖盘
09:41:06	31.9	0.01	7	22330	中性盘
09:39:57	31.89	-0.01	1	3189	中性盘
09:39:39	31.9	0.08	4	12760	买盘
09:39:33	31.82	-0.08	6	19092	卖盘
09:39:18	31.9	-0.08	1	3190	中性盘
09:39:12	31.98	0.01	1	3198	买盘
09:38:51	31.97	0.04	5	15985	买盘
09:38:42	31.93	0.12	5	15965	买盘
09:38:21	31.81	--	1	3181	卖盘
09:38:18	31.81	0.01	5	15905	买盘
09:38:12	31.8	-0.01	2	6360	中性盘
09:38:09	31.81	--	1	3181	买盘
09:38:06	31.81	--	2	6362	买盘
09:38:03	31.81	--	41	130421	卖盘
09:37:48	31.81	--	3	9543	买盘
09:37:27	31.81	0.01	4	12724	买盘
09:37:15	31.8	--	2	6360	买盘
09:37:12	31.8	--	19	60420	买盘
09:37:09	31.8	--	5	15900	买盘
09:36:51	31.8	-0.01	16	50880	卖盘
09:36:48	31.81	--	4	12724	买盘
09:36:45	31.81	-0.18	10	31810	卖盘
09:36:24	31.99	--	22	70378	卖盘
09:36:21	31.99	-0.01	2	6398	卖盘
09:36:18	32.0	0.01	3	9600	中性盘
09:36:15	31.99	-0.01	50	159950	卖盘
09:36:12	32.0	-0.03	2	6400	卖盘
09:36:03	32.03	--	20	64060	卖盘
09:36:00	32.03	-0.02	2	6406	卖盘
09:35:48	32.05	--	5	16024	卖盘
09:35:45	32.05	-0.02	3	9615	卖盘
09:35:42	32.07	0.02	3	9621	买盘
09:35:39	32.05	--	5	16024	卖盘
09:35:36	32.05	-0.02	17	54484	卖盘
09:35:27	32.07	--	2	6414	买盘
09:35:21	32.07	-0.03	39	125073	卖盘
09:35:18	32.1	--	2	6420	卖盘
09:35:15	32.1	--	10	32100	卖盘
09:35:12	32.1	0.03	6	19260	买盘
09:35:06	32.07	--	5	16035	卖盘
09:35:00	32.07	0.04	5	16035	买盘
09:34:51	32.03	0.03	1	3203	买盘
09:34:42	32.0	0.01	8	25600	买盘
09:34:39	31.99	--	2	6398	卖盘
09:34:36	31.99	-0.01	2	6398	卖盘
09:34:21	32.0	0.02	42	134400	买盘
09:34:15	31.98	-0.01	9	28782	卖盘
09:34:12	31.99	0.01	1	3199	买盘
09:34:06	31.98	--	5	15990	卖盘
09:34:03	31.98	--	4	12792	卖盘
09:33:57	31.98	--	30	95940	卖盘
09:33:51	31.98	--	5	15990	卖盘
09:33:42	31.98	0.19	18	57564	买盘
09:33:39	31.79	0.01	8	25432	买盘
09:33:27	31.78	--	4	12712	卖盘
09:33:21	31.78	0.09	8	25424	买盘
09:33:09	31.69	--	1	3169	卖盘
09:33:06	31.69	--	1	3169	买盘
09:32:45	31.69	0.09	2	6338	买盘
09:32:36	31.6	--	26	82160	卖盘
09:32:15	31.6	--	1	3160	买盘
09:32:12	31.6	--	38	120080	买盘
09:32:06	31.6	-0.02	11	34760	卖盘
09:32:03	31.62	-0.07	3	9486	卖盘
09:31:57	31.69	-0.09	5	15845	卖盘
09:31:51	31.78	--	5	15890	买盘
09:31:48	31.78	-0.01	30	95340	卖盘
09:31:42	31.79	--	3	9537	买盘
09:31:30	31.79	-0.01	4	12716	买盘
09:31:15	31.8	--	6	19080	卖盘
09:30:39	31.8	-0.12	5	15900	卖盘
09:30:36	31.92	-0.07	211	673512	卖盘
09:30:18	31.99	31.99	18	57582	买盘
