成交时间	成交价	价格变动	成交量(手)	成交额(元)	性质
15:00:03	17.94	--	1305	2341170	买盘
14:57:00	17.94	0.02	20	35880	买盘
14:56:57	17.92	--	2	3584	卖盘
14:56:54	17.92	-0.01	23	41216	卖盘
14:56:51	17.93	0.01	5	8965	买盘
14:56:45	17.92	--	34	60928	卖盘
14:56:42	17.92	--	160	286720	卖盘
14:56:39	17.92	--	123	220416	卖盘
14:56:36	17.92	--	93	166656	卖盘
14:56:27	17.92	--	10	17920	卖盘
14:56:24	17.92	-0.01	115	206080	买盘
14:56:18	17.93	0.01	79	141647	买盘
14:56:12	17.92	0.01	10	17920	卖盘
14:56:09	17.91	-0.01	210	376110	卖盘
14:56:03	17.92	--	6	10752	卖盘
14:56:00	17.92	-0.01	30	53760	卖盘
14:55:51	17.93	--	2	3586	买盘
14:55:48	17.93	--	2	3586	买盘
14:55:45	17.93	-0.02	1	1793	中性盘
14:55:42	17.95	0.01	101	181295	买盘
14:55:39	17.94	--	14	25116	卖盘
14:55:36	17.94	0.01	5	8970	中性盘
14:55:33	17.93	-0.02	21	37653	卖盘
14:55:30	17.95	--	68	122060	买盘
14:55:27	17.95	--	33	59235	买盘
14:55:24	17.95	--	2	3590	买盘
14:55:21	17.95	--	53	95135	买盘
14:55:12	17.95	-0.01	38	68210	中性盘
14:55:09	17.96	0.04	18	32328	买盘
14:55:06	17.92	-0.04	220	394240	卖盘
14:55:03	17.96	--	36	64656	买盘
14:54:57	17.96	--	25	44900	买盘
14:54:54	17.96	0.01	102	183192	买盘
14:54:51	17.95	-0.01	23	41285	卖盘
14:54:48	17.96	--	1	1796	买盘
14:54:45	17.96	--	14	25144	买盘
14:54:42	17.96	--	96	172416	卖盘
14:54:39	17.96	--	39	70044	卖盘
14:54:36	17.96	0.01	117	211047	买盘
14:54:33	17.95	--	8	14360	卖盘
14:54:30	17.95	-0.01	22	39490	卖盘
14:54:27	17.96	0.01	27	48492	买盘
14:54:21	17.95	--	28	50260	卖盘
14:54:18	17.95	--	7	12565	卖盘
14:54:15	17.95	--	31	55645	卖盘
14:54:12	17.95	--	3	5385	卖盘
14:54:03	17.95	0.03	381	683895	买盘
14:54:00	17.92	-0.03	2	3584	卖盘
14:53:57	17.95	0.03	31	55645	买盘
14:53:54	17.92	--	1	1792	卖盘
14:53:51	17.92	0.01	2	3584	中性盘
14:53:45	17.91	-0.04	13	23283	卖盘
14:53:42	17.95	0.04	343	615685	买盘
14:53:39	17.91	0.01	135	241785	买盘
14:53:36	17.9	--	12	21480	卖盘
14:53:30	17.9	--	11	19690	卖盘
14:53:24	17.9	0.01	174	311460	买盘
14:53:21	17.89	0.01	7	12523	中性盘
14:53:18	17.88	-0.02	28	50064	卖盘
14:53:12	17.9	--	34	60859	买盘
14:53:09	17.9	0.01	86	153940	买盘
14:53:06	17.89	--	18	32202	卖盘
14:53:03	17.89	0.01	10	17890	卖盘
14:53:00	17.88	--	283	506004	买盘
14:52:57	17.88	0.01	92	164496	买盘
14:52:54	17.87	-0.02	115	205505	卖盘
14:52:51	17.89	--	42	75138	买盘
14:52:48	17.89	--	3	5367	买盘
14:52:45	17.89	0.01	1	1789	买盘
14:52:36	17.88	--	51	91188	买盘
14:52:30	17.88	0.01	35	62580	买盘
14:52:27	17.87	--	7	12509	卖盘
14:52:24	17.87	-0.01	3	5361	卖盘
14:52:21	17.88	0.01	62	110856	买盘
14:52:18	17.87	--	1	1787	卖盘
14:52:09	17.87	0.02	51	91137	买盘
14:52:03	17.85	-0.02	40	71400	卖盘
14:52:00	17.87	0.02	5	8935	买盘
14:51:57	17.85	-0.02	4	7140	卖盘
14:51:54	17.87	0.02	26	46462	买盘
14:51:48	17.85	-0.02	2	3570	卖盘
14:51:45	17.87	0.02	24	42888	中性盘
14:51:39	17.85	-0.02	268	478380	卖盘
14:51:36	17.87	-0.01	13	23231	卖盘
14:51:33	17.88	--	200	357600	买盘
14:51:30	17.88	0.01	10	17880	买盘
14:51:27	17.87	--	4	7148	买盘
14:51:24	17.87	--	33	58971	买盘
14:51:21	17.87	--	3	5361	买盘
14:51:15	17.87	--	2	3574	买盘
14:51:12	17.87	--	29	51823	买盘
14:51:09	17.87	--	11	19657	卖盘
14:51:06	17.87	--	15	26805	卖盘
14:51:03	17.87	--	9	16083	买盘
14:50:57	17.87	0.02	5	8935	买盘
14:50:48	17.85	-0.02	18	32130	卖盘
14:50:33	17.87	0.02	304	543248	买盘
14:50:27	17.85	--	14	24990	买盘
14:50:24	17.85	0.01	29	51765	买盘
14:50:21	17.84	--	33	58872	卖盘
14:50:18	17.84	-0.02	41	73144	卖盘
14:50:15	17.86	--	1	1786	买盘
14:50:12	17.86	0.01	21	37506	买盘
14:50:06	17.85	0.01	67	119595	中性盘
14:49:51	17.84	-0.01	15	26760	卖盘
14:49:48	17.85	--	12	21420	卖盘
14:49:45	17.85	-0.01	355	633675	卖盘
14:49:42	17.86	0.01	102	182172	买盘
14:49:36	17.85	--	25	44625	卖盘
14:49:33	17.85	--	6	10710	卖盘
14:49:24	17.85	0.01	28	49980	买盘
14:49:18	17.84	0.01	5	8920	卖盘
14:49:15	17.83	-0.01	68	121243	卖盘
14:49:12	17.84	-0.01	6	10704	卖盘
14:49:09	17.85	0.02	10	17850	买盘
14:49:03	17.83	--	9	16046	卖盘
14:49:00	17.83	--	11	19612	卖盘
14:48:57	17.83	--	2	3565	卖盘
14:48:54	17.83	--	36	64187	买盘
14:48:51	17.83	0.01	15	26744	中性盘
14:48:45	17.82	--	168	299376	卖盘
14:48:39	17.82	-0.01	40	71280	卖盘
14:48:30	17.83	--	30	53489	卖盘
14:48:24	17.83	-0.01	6	10697	卖盘
14:48:21	17.84	0.01	9	16056	买盘
14:48:15	17.83	0.01	24	42791	买盘
14:48:06	17.82	-0.01	5	8910	卖盘
14:48:03	17.83	0.02	100	178299	买盘
14:48:00	17.81	-0.01	28	49868	卖盘
14:47:57	17.82	--	43	76626	买盘
14:47:51	17.82	--	56	99792	买盘
14:47:48	17.82	--	28	49896	买盘
14:47:45	17.82	--	103	183546	买盘
14:47:42	17.82	--	111	197802	卖盘
14:47:39	17.82	--	39	69498	卖盘
14:47:36	17.82	-0.01	48	85536	卖盘
14:47:33	17.83	0.01	15	26744	买盘
14:47:30	17.82	--	10	17820	卖盘
14:47:27	17.82	--	71	126522	卖盘
14:47:24	17.82	-0.01	109	194238	卖盘
14:47:21	17.83	--	22	39225	买盘
14:47:15	17.83	--	10	17830	买盘
14:47:12	17.83	0.01	68	121243	买盘
14:47:09	17.82	--	99	176418	卖盘
14:47:06	17.82	--	6	10692	卖盘
14:47:03	17.82	--	12	21384	卖盘
14:46:57	17.82	--	200	356400	卖盘
14:46:51	17.82	0.03	116	206712	买盘
14:46:48	17.79	-0.03	919	1634901	卖盘
14:46:42	17.82	0.01	7	12474	买盘
14:46:39	17.81	--	7	12467	买盘
14:46:36	17.81	-0.01	106	188786	卖盘
14:46:27	17.82	--	9	16038	卖盘
14:46:24	17.82	--	128	228096	买盘
14:46:21	17.82	--	5	8910	买盘
14:46:18	17.82	--	53	94446	买盘
14:46:15	17.82	--	16	28512	买盘
14:46:12	17.82	--	10	17820	买盘
14:46:06	17.82	0.01	10	17820	买盘
14:46:03	17.81	-0.01	254	452373	卖盘
14:45:57	17.82	--	5	8910	卖盘
14:45:54	17.82	--	4	7128	卖盘
14:45:51	17.82	0.02	58	103356	买盘
14:45:48	17.8	-0.01	204	363120	卖盘
14:45:45	17.81	--	8	14247	卖盘
14:45:42	17.81	-0.01	25	44525	卖盘
14:45:39	17.82	0.01	8	14256	买盘
14:45:36	17.81	--	3	5343	卖盘
14:45:33	17.81	--	19	33839	买盘
14:45:30	17.81	-0.01	6	10686	卖盘
14:45:27	17.82	--	2	3564	买盘
14:45:24	17.82	0.01	4	7128	买盘
14:45:21	17.81	0.01	22	39182	中性盘
14:45:18	17.8	-0.01	60	106800	卖盘
14:45:09	17.81	0.01	9	16028	买盘
14:45:06	17.8	--	7	12460	卖盘
14:45:03	17.8	-0.02	44	78320	卖盘
14:44:57	17.82	0.02	19	33858	买盘
14:44:54	17.8	0.01	1	1780	买盘
14:44:51	17.79	-0.01	56	99624	卖盘
14:44:48	17.8	--	72	128160	买盘
14:44:45	17.8	-0.03	2489	4430420	卖盘
14:44:42	17.83	--	20	35660	买盘
14:44:33	17.83	--	20	35660	买盘
14:44:30	17.83	-0.01	130	232806	卖盘
14:44:27	17.84	--	18	32112	买盘
14:44:24	17.84	0.01	1	1784	买盘
14:44:18	17.83	-0.01	34	60621	卖盘
14:44:12	17.84	--	9	16056	买盘
14:44:09	17.84	--	79	140936	买盘
14:44:06	17.84	0.01	6	10704	买盘
14:44:03	17.83	-0.01	6	10697	卖盘
14:44:00	17.84	--	5	8920	买盘
14:43:57	17.84	--	14	24976	买盘
14:43:54	17.84	-0.01	367	654728	卖盘
14:43:51	17.85	--	9	16065	买盘
14:43:48	17.85	--	53	94605	买盘
14:43:45	17.85	-0.01	14	24990	卖盘
14:43:42	17.86	0.01	21	37506	买盘
14:43:39	17.85	--	10	17850	卖盘
14:43:36	17.85	--	8	14280	卖盘
14:43:33	17.85	--	7	12495	卖盘
14:43:30	17.85	--	23	41055	卖盘
14:43:27	17.85	-0.01	1	1785	卖盘
14:43:21	17.86	0.01	5	8930	买盘
14:43:18	17.85	-0.01	40	72256	卖盘
14:43:15	17.86	-0.01	35	62510	卖盘
14:43:06	17.87	0.01	19	33953	买盘
14:43:03	17.86	-0.01	5	8930	卖盘
14:43:00	17.87	--	20	35740	卖盘
14:42:57	17.87	0.01	9	16083	买盘
14:42:54	17.86	-0.01	13	23218	卖盘
14:42:45	17.87	--	4	7148	买盘
14:42:42	17.87	0.04	5	8935	买盘
14:42:39	17.83	-0.04	400	713199	卖盘
14:42:36	17.87	0.01	4	7148	买盘
14:42:33	17.86	-0.01	4	7144	卖盘
14:42:30	17.87	--	1	1787	卖盘
14:42:27	17.87	0.01	5	8935	买盘
14:42:21	17.86	0.01	49	87514	买盘
14:42:15	17.85	--	8	14280	卖盘
14:42:09	17.85	--	3	5355	卖盘
14:42:06	17.85	--	14	24990	买盘
14:42:03	17.85	--	13	23205	买盘
14:41:57	17.85	0.01	6	10710	买盘
14:41:51	17.84	-0.01	742	1324495	卖盘
14:41:48	17.85	-0.01	4	7140	卖盘
14:41:45	17.86	0.01	12	21432	中性盘
14:41:39	17.85	-0.01	3	5355	卖盘
14:41:36	17.86	--	3	5358	卖盘
14:41:33	17.86	--	2	3572	卖盘
14:41:30	17.86	0.02	5	8930	买盘
14:41:18	17.84	--	24	42816	买盘
14:41:15	17.84	--	2	3568	买盘
14:41:12	17.84	0.01	50	89200	买盘
14:41:09	17.83	-0.01	94	167601	卖盘
14:41:06	17.84	--	33	58872	买盘
14:41:00	17.84	--	4	7136	买盘
14:40:54	17.84	--	576	1028154	卖盘
14:40:48	17.84	--	177	315768	卖盘
14:40:45	17.84	-0.01	149	265816	卖盘
14:40:39	17.85	0.01	4	7140	买盘
14:40:36	17.84	--	43	76712	卖盘
14:40:33	17.84	--	3	5352	卖盘
14:40:24	17.84	--	20	35680	卖盘
14:40:21	17.84	0.01	100	178400	卖盘
14:40:18	17.83	0.01	54	97494	买盘
14:40:12	17.82	--	13	23166	卖盘
14:40:09	17.82	-0.01	18	32076	卖盘
14:40:06	17.83	--	14	24961	买盘
14:40:03	17.83	--	26	46928	卖盘
14:39:57	17.83	-0.03	100	178299	卖盘
14:39:39	17.86	0.03	3	5358	买盘
14:39:36	17.83	-0.03	12	21395	卖盘
14:39:33	17.86	-0.03	4	7144	买盘
14:39:24	17.89	0.02	150	268350	买盘
14:39:09	17.87	--	26	46462	卖盘
14:39:06	17.87	--	28	50036	卖盘
14:38:57	17.87	0.01	43	76841	买盘
14:38:54	17.86	-0.01	1010	1803860	卖盘
14:38:51	17.87	0.01	15	26805	买盘
14:38:48	17.86	-0.01	3	5358	卖盘
14:38:45	17.87	--	3	5361	买盘
14:38:42	17.87	--	130	232310	买盘
14:38:39	17.87	0.01	3	5361	买盘
14:38:36	17.86	--	32	57152	卖盘
14:38:33	17.86	--	1	1786	卖盘
14:38:27	17.86	--	15	26790	卖盘
14:38:24	17.86	--	4	7144	卖盘
14:38:12	17.86	--	108	192888	卖盘
14:38:09	17.86	--	40	71440	卖盘
14:38:06	17.86	0.01	182	325052	买盘
14:38:03	17.85	--	15	26775	卖盘
14:38:00	17.85	--	5	8925	卖盘
14:37:57	17.85	--	17	30345	卖盘
14:37:54	17.85	--	20	35700	卖盘
14:37:51	17.85	-0.01	31	55335	卖盘
14:37:48	17.86	--	10	17860	买盘
14:37:45	17.86	0.01	13	23218	买盘
14:37:42	17.85	-0.01	122	217770	卖盘
14:37:39	17.86	--	3	5358	买盘
14:37:36	17.86	--	3	5358	买盘
14:37:33	17.86	--	10	17860	买盘
14:37:24	17.86	--	69	123234	买盘
14:37:21	17.86	--	2	3572	买盘
14:37:15	17.86	--	26	46436	买盘
14:37:12	17.86	0.01	45	80370	买盘
14:37:06	17.85	-0.01	3	5355	卖盘
14:37:03	17.86	0.01	7	12502	中性盘
14:37:00	17.85	-0.01	305	544425	卖盘
14:36:57	17.86	--	33	58938	卖盘
14:36:54	17.86	-0.01	209	373274	卖盘
14:36:51	17.87	--	64	115297	卖盘
14:36:48	17.87	--	2	3574	卖盘
14:36:42	17.87	--	14	25018	卖盘
14:36:39	17.87	--	14	25018	卖盘
14:36:36	17.87	-0.01	44	78628	卖盘
14:36:33	17.88	--	61	109068	卖盘
14:36:30	17.88	--	17	30396	卖盘
14:36:27	17.88	-0.01	3	5364	卖盘
14:36:21	17.89	0.01	14	25046	买盘
14:36:15	17.88	-0.01	113	202044	卖盘
14:36:12	17.89	-0.01	53	94817	卖盘
14:36:06	17.9	0.01	1	1789	买盘
14:36:03	17.89	--	16	28624	卖盘
14:35:57	17.89	0.01	103	184553	买盘
14:35:54	17.88	-0.01	6	10728	卖盘
14:35:48	17.89	0.01	1	1789	买盘
14:35:45	17.88	-0.01	4	7152	卖盘
14:35:42	17.89	--	30	53670	买盘
14:35:39	17.89	--	7	12523	买盘
14:35:36	17.89	0.01	21	37569	买盘
14:35:33	17.88	--	14	25032	卖盘
14:35:27	17.88	-0.01	3	5364	卖盘
14:35:24	17.89	0.01	7	12523	买盘
14:35:18	17.88	--	47	84036	买盘
14:35:09	17.88	0.01	17	30396	买盘
14:35:06	17.87	-0.01	2	3574	卖盘
14:35:03	17.88	--	11	19668	买盘
14:35:00	17.88	-0.01	67	119796	卖盘
14:34:57	17.89	--	8	14312	买盘
14:34:51	17.89	--	20	35780	买盘
14:34:48	17.89	--	10	17890	买盘
14:34:33	17.89	0.01	30	53670	买盘
14:34:30	17.88	--	15	26820	卖盘
14:34:24	17.88	-0.01	30	53640	卖盘
14:34:18	17.89	--	1	1789	买盘
14:34:15	17.89	--	106	191136	卖盘
14:34:12	17.89	-0.01	23	41147	卖盘
14:34:09	17.9	--	3	5370	买盘
14:34:03	17.9	--	10	17900	买盘
14:34:00	17.9	--	11	19690	买盘
14:33:57	17.9	--	9	16109	买盘
14:33:42	17.9	0.01	10	17900	买盘
14:33:33	17.89	-0.01	5	8945	卖盘
14:33:27	17.9	--	6	10740	买盘
14:33:21	17.9	0.01	7	12529	买盘
14:33:12	17.89	--	18	32202	卖盘
14:33:09	17.89	--	6	11020	买盘
14:33:03	17.89	--	106	189634	买盘
14:33:00	17.89	--	26	46514	买盘
14:32:57	17.89	0.01	242	432938	买盘
14:32:48	17.88	0.01	11	19668	买盘
14:32:42	17.87	--	38	67906	卖盘
14:32:39	17.87	--	21	37527	卖盘
14:32:33	17.87	--	2	3574	卖盘
14:32:30	17.87	--	32	57184	卖盘
14:32:12	17.87	-0.01	112	200144	卖盘
14:32:00	17.88	--	6	10728	卖盘
14:31:54	17.88	--	2	3576	卖盘
14:31:51	17.88	--	4	7152	卖盘
14:31:39	17.88	--	2	3576	买盘
14:31:33	17.88	--	9	16092	卖盘
14:31:27	17.88	--	2	3576	卖盘
14:31:24	17.88	--	84	150192	买盘
14:31:21	17.88	0.01	2	3576	买盘
14:31:18	17.87	-0.01	5	8935	卖盘
14:31:12	17.88	--	9	16092	买盘
14:31:09	17.88	--	10	17880	买盘
14:31:06	17.88	--	1	1788	买盘
14:31:00	17.88	0.02	10	17880	买盘
14:30:54	17.86	-0.02	5	8930	卖盘
14:30:51	17.88	0.01	13	23244	买盘
14:30:48	17.87	--	1	1787	买盘
14:30:42	17.87	-0.01	3	5361	卖盘
14:30:36	17.88	0.01	1	1788	买盘
14:30:33	17.87	-0.01	2	3574	卖盘
14:30:30	17.88	--	15	26820	买盘
14:30:27	17.88	--	12	21456	买盘
14:30:24	17.88	--	1	1788	买盘
14:30:18	17.88	0.03	1	1788	买盘
14:30:15	17.85	-0.03	1010	1802850	卖盘
14:30:12	17.88	--	26	46488	卖盘
14:30:09	17.88	-0.01	10	17880	卖盘
14:30:00	17.89	0.02	5	8945	买盘
14:29:57	17.87	--	308	550396	卖盘
14:29:51	17.87	-0.01	23	41101	卖盘
14:29:45	17.88	--	91	164209	卖盘
14:29:42	17.88	--	35	62580	卖盘
14:29:39	17.88	-0.01	20	35760	卖盘
14:29:36	17.89	--	60	107340	买盘
14:29:33	17.89	--	134	239726	买盘
14:29:24	17.89	0.01	10	17890	卖盘
14:29:21	17.88	--	40	71520	卖盘
14:29:18	17.88	--	29	51852	卖盘
14:29:09	17.88	-0.01	35	62580	卖盘
14:29:06	17.89	--	12	21468	卖盘
14:29:03	17.89	--	20	35780	卖盘
14:29:00	17.89	--	19	33991	卖盘
14:28:57	17.89	--	3	5367	卖盘
14:28:54	17.89	0.01	50	89450	买盘
14:28:51	17.88	--	6	10728	卖盘
14:28:48	17.88	-0.01	3	5364	卖盘
14:28:45	17.89	--	5	8945	买盘
14:28:42	17.89	0.01	15	26835	买盘
14:28:36	17.88	--	110	196680	卖盘
14:28:33	17.88	-0.01	163	291730	卖盘
14:28:30	17.89	-0.01	2	3578	卖盘
14:28:27	17.9	0.01	10	17900	买盘
14:28:18	17.89	--	7	12523	买盘
14:28:15	17.89	--	4	7156	买盘
14:28:06	17.89	--	13	23257	买盘
14:28:03	17.89	--	272	488110	卖盘
14:28:00	17.89	--	4	7156	卖盘
14:27:57	17.89	--	44	78716	卖盘
14:27:54	17.89	-0.01	10	17890	卖盘
14:27:48	17.9	--	3	5370	买盘
14:27:42	17.9	--	44	78760	买盘
14:27:36	17.9	--	78	139620	买盘
14:27:33	17.9	0.01	6	10740	买盘
14:27:30	17.89	--	43	76927	卖盘
14:27:27	17.89	-0.01	8	14312	卖盘
14:27:24	17.9	0.01	4	7159	买盘
14:27:21	17.89	-0.01	2	3578	卖盘
14:27:15	17.9	0.01	18	32219	买盘
14:27:12	17.89	-0.01	6	10734	卖盘
14:27:09	17.9	0.01	20	35800	买盘
14:27:06	17.89	--	3	5367	卖盘
14:27:03	17.89	-0.01	8	14312	卖盘
14:26:57	17.9	0.01	33	59069	买盘
14:26:54	17.89	--	148	264772	卖盘
14:26:48	17.89	--	140	250460	卖盘
14:26:42	17.89	--	19	33991	卖盘
14:26:39	17.89	--	15	26835	卖盘
14:26:33	17.89	--	2	3578	卖盘
14:26:24	17.89	-0.01	33	59144	卖盘
14:26:21	17.9	--	19	34010	卖盘
14:26:15	17.9	--	4	7159	卖盘
14:26:12	17.9	--	89	160992	买盘
14:26:09	17.9	--	5	8950	买盘
14:26:00	17.9	--	4	7159	买盘
14:25:54	17.9	--	3	5370	买盘
14:25:48	17.9	--	31	55489	买盘
14:25:45	17.9	--	283	506677	卖盘
14:25:39	17.9	-0.02	420	751799	卖盘
14:25:33	17.92	0.01	26	46592	买盘
14:25:30	17.91	0.01	10	17910	卖盘
14:25:21	17.9	-0.01	12	21480	卖盘
14:25:18	17.91	0.01	6	12429	买盘
14:25:15	17.9	-0.01	21	37590	卖盘
14:25:12	17.91	--	9	16119	买盘
14:25:06	17.91	-0.01	23	41300	卖盘
14:25:03	17.92	-0.01	15	26880	卖盘
14:25:00	17.93	0.02	31	55583	买盘
14:24:54	17.91	0.01	28	51831	买盘
14:24:48	17.9	-0.01	1	1789	卖盘
14:24:42	17.91	--	5	8955	买盘
14:24:39	17.91	0.01	67	119997	买盘
14:24:36	17.9	--	14	25059	卖盘
14:24:33	17.9	--	3	5370	卖盘
14:24:30	17.9	-0.01	57	102029	卖盘
14:24:27	17.91	0.01	1	1791	买盘
14:24:24	17.9	--	11	19690	卖盘
14:24:21	17.9	-0.01	11	19690	卖盘
14:24:18	17.91	--	61	109251	买盘
14:24:15	17.91	--	32	57312	买盘
14:24:12	17.91	--	100	179100	买盘
14:24:09	17.91	0.01	10	17910	买盘
14:24:06	17.9	--	15	26849	卖盘
14:24:03	17.9	-0.01	3	5370	卖盘
14:24:00	17.91	0.01	5	8955	买盘
14:23:57	17.9	-0.01	16	28639	卖盘
14:23:54	17.91	0.01	2	3582	买盘
14:23:51	17.9	-0.01	2	3579	卖盘
14:23:48	17.91	0.01	1	1791	买盘
14:23:45	17.9	--	23	41170	卖盘
14:23:42	17.9	-0.01	52	93079	卖盘
14:23:39	17.91	0.01	13	23283	买盘
14:23:36	17.9	--	3	5370	卖盘
14:23:33	17.9	--	9	16109	卖盘
14:23:24	17.9	-0.01	5	8950	卖盘
14:23:21	17.91	--	16	28656	买盘
14:23:18	17.91	0.01	26	46566	买盘
14:23:15	17.9	--	211	377689	卖盘
14:23:12	17.9	-0.01	31	55489	卖盘
14:23:09	17.91	--	39	69849	买盘
14:23:06	17.91	--	2	3582	买盘
14:23:03	17.91	0.01	5	8955	买盘
14:23:00	17.9	-0.01	12	21480	卖盘
14:22:57	17.91	--	10	17910	买盘
14:22:54	17.91	--	8	14328	买盘
14:22:48	17.91	--	3	5373	买盘
14:22:45	17.91	0.01	11	19701	买盘
14:22:42	17.9	-0.01	35	62649	卖盘
14:22:36	17.91	--	3	5373	买盘
14:22:33	17.91	--	96	171936	卖盘
14:22:30	17.91	--	20	35820	卖盘
14:22:27	17.91	-0.02	14	25074	卖盘
14:22:24	17.93	0.01	1001	1794793	买盘
14:22:21	17.92	0.01	30	53760	买盘
14:22:15	17.91	-0.01	155	277605	卖盘
14:22:09	17.92	--	33	59136	买盘
14:22:06	17.92	0.01	3	5376	买盘
14:22:03	17.91	--	3	5373	卖盘
14:21:54	17.91	-0.01	14	25074	卖盘
14:21:51	17.92	0.01	5	8960	买盘
14:21:45	17.91	-0.01	3	5373	卖盘
14:21:39	17.92	0.01	5	8960	买盘
14:21:36	17.91	-0.01	27	48357	卖盘
14:21:30	17.92	0.01	10	17920	买盘
14:21:27	17.91	-0.01	9	16119	卖盘
14:21:21	17.92	0.01	2	3584	买盘
14:21:18	17.91	--	27	48357	卖盘
14:21:15	17.91	-0.01	9	16119	卖盘
14:21:12	17.92	0.01	6	10752	买盘
14:21:09	17.91	-0.01	19	34029	卖盘
14:21:06	17.92	--	17	30464	买盘
14:21:00	17.92	0.01	38	68096	买盘
14:20:54	17.91	--	3	5373	卖盘
14:20:51	17.91	-0.01	3	5373	卖盘
14:20:48	17.92	-0.02	192	344942	卖盘
14:20:45	17.94	0.01	60	107640	买盘
14:20:42	17.93	-0.01	5	8965	中性盘
14:20:39	17.94	--	18	32292	买盘
14:20:36	17.94	0.02	3	5382	买盘
14:20:33	17.92	-0.01	3	5376	卖盘
14:20:30	17.93	--	2	3586	卖盘
14:20:27	17.93	--	1	1793	卖盘
14:20:24	17.93	-0.01	2	3586	卖盘
14:20:12	17.94	--	10	17940	买盘
14:20:09	17.94	0.01	9	16146	买盘
14:19:51	17.93	0.01	35	63669	买盘
14:19:48	17.92	-0.01	4	7168	卖盘
14:19:45	17.93	--	3	5379	买盘
14:19:39	17.93	0.01	309	554037	买盘
14:19:36	17.92	--	21	37632	卖盘
14:19:33	17.92	-0.01	60	107520	卖盘
14:19:24	17.93	--	35	62755	买盘
14:19:21	17.93	--	22	39446	买盘
14:19:15	17.93	--	4	7172	买盘
14:19:09	17.93	--	100	179300	买盘
14:19:03	17.93	--	55	98615	买盘
14:19:00	17.93	-0.01	57	103079	卖盘
14:18:57	17.94	0.01	87	156078	买盘
14:18:36	17.93	--	6	10758	卖盘
14:18:33	17.93	--	10	17930	卖盘
14:18:24	17.93	--	5	9879	买盘
14:18:18	17.93	0.01	6	10758	买盘
14:18:09	17.92	-0.01	22	39424	卖盘
14:18:06	17.93	0.02	12	21516	买盘
14:18:00	17.91	-0.01	2	3582	卖盘
14:17:57	17.92	--	12	21504	买盘
14:17:45	17.92	--	19	34048	卖盘
14:17:42	17.92	--	5	8960	卖盘
14:17:39	17.92	0.01	66	118272	买盘
14:17:27	17.91	--	42	75222	卖盘
14:17:24	17.91	--	55	98505	买盘
14:17:21	17.91	--	10	17910	买盘
14:17:15	17.91	0.01	126	225666	买盘
14:17:12	17.9	-0.01	185	331150	卖盘
14:17:09	17.91	0.01	2	3582	买盘
14:17:06	17.9	--	11	19690	卖盘
14:16:45	17.9	--	36	64439	买盘
14:16:42	17.9	--	15	26849	买盘
14:16:39	17.9	--	11	19690	买盘
14:16:33	17.9	--	43	76970	买盘
14:16:24	17.9	--	5	8950	买盘
14:16:21	17.9	-0.01	597	1068630	卖盘
14:16:09	17.91	--	1	1791	买盘
14:16:06	17.91	--	75	134325	卖盘
14:16:03	17.91	-0.01	34	60894	卖盘
14:16:00	17.92	0.01	2	3584	买盘
14:15:45	17.91	-0.02	112	200592	卖盘
14:15:39	17.93	0.01	3	5379	买盘
14:15:36	17.92	-0.01	8	14336	卖盘
14:15:21	17.93	--	21	37653	买盘
14:15:18	17.93	--	33	60047	卖盘
14:15:15	17.93	-0.01	9	16137	卖盘
14:15:09	17.94	0.01	10	17940	买盘
14:15:06	17.93	-0.01	31	55583	卖盘
14:15:00	17.94	--	31	55614	买盘
14:14:57	17.94	-0.01	257	461058	卖盘
14:14:54	17.95	--	115	206425	买盘
14:14:48	17.95	0.01	30	53850	买盘
14:14:45	17.94	-0.01	10	17940	卖盘
14:14:36	17.95	--	5	8975	买盘
14:14:30	17.95	--	75	134625	买盘
14:14:24	17.95	-0.01	159	285405	卖盘
14:14:12	17.96	--	5	8980	买盘
14:13:54	17.96	0.01	30	53880	买盘
14:13:42	17.95	-0.01	50	89750	卖盘
14:13:39	17.96	--	2	3592	买盘
14:13:36	17.96	--	43	77228	买盘
14:13:33	17.96	--	82	147272	买盘
14:13:24	17.96	--	30	53880	买盘
14:13:12	17.96	--	10	17960	买盘
14:13:03	17.96	0.01	50	89800	买盘
14:12:51	17.95	--	44	78980	买盘
14:12:45	17.95	--	1	1795	卖盘
14:12:42	17.95	0.01	96	172320	买盘
14:12:39	17.94	-0.01	4	7176	卖盘
14:12:36	17.95	0.01	5	8975	买盘
14:12:33	17.94	--	23	41262	卖盘
14:12:30	17.94	-0.01	7	12558	卖盘
14:12:27	17.95	--	17	30515	买盘
14:12:18	17.95	0.01	2	3590	买盘
14:12:15	17.94	--	2	3588	卖盘
14:12:12	17.94	0.01	10	17940	买盘
14:12:06	17.93	-0.01	22	39446	卖盘
14:12:03	17.94	0.01	1	1794	买盘
14:11:57	17.93	-0.01	20	35860	卖盘
14:11:54	17.94	--	21	37674	买盘
14:11:51	17.94	0.01	1	1794	买盘
14:11:48	17.93	-0.01	4	7172	卖盘
14:11:45	17.94	--	10	17940	买盘
14:11:39	17.94	0.02	21	38588	买盘
14:11:33	17.92	-0.01	6	10752	卖盘
14:11:18	17.93	--	40	72598	卖盘
14:11:06	17.93	0.01	105	189179	买盘
14:11:03	17.92	-0.01	29	51968	卖盘
14:10:54	17.93	0.01	15	26895	买盘
14:10:51	17.92	--	1	1792	卖盘
14:10:48	17.92	0.02	10	17920	买盘
14:10:42	17.9	-0.01	228	408119	卖盘
14:10:36	17.91	0.01	3	5373	买盘
14:10:30	17.9	-0.01	1	1789	卖盘
14:10:27	17.91	0.01	36	64476	买盘
14:10:21	17.9	--	35	62649	卖盘
14:10:18	17.9	-0.01	10	17900	卖盘
14:10:12	17.91	--	2	3582	买盘
14:10:09	17.91	--	79	141489	卖盘
14:10:06	17.91	--	50	89550	卖盘
14:10:00	17.91	--	1	1791	卖盘
14:09:57	17.91	0.01	38	68058	买盘
14:09:54	17.9	--	10	17900	卖盘
14:09:51	17.9	--	13	23269	卖盘
14:09:48	17.9	--	77	137830	卖盘
14:09:36	17.9	--	4	7159	卖盘
14:09:24	17.9	-0.01	11	19690	卖盘
14:09:21	17.91	0.01	5	8955	买盘
14:09:18	17.9	--	5	8950	卖盘
14:09:15	17.9	-0.01	29	51909	卖盘
14:09:09	17.91	--	25	44775	买盘
14:09:06	17.91	-0.01	47	84177	卖盘
14:08:51	17.92	--	32	57344	买盘
14:08:45	17.92	--	38	68096	买盘
14:08:39	17.92	--	5	8960	买盘
14:08:33	17.92	--	10	17920	买盘
14:08:27	17.92	--	10	17920	卖盘
14:08:18	17.92	-0.01	1	1792	卖盘
14:08:15	17.93	--	8	14344	买盘
14:08:12	17.93	--	10	17930	买盘
14:08:09	17.93	-0.01	20	35860	卖盘
14:08:06	17.94	0.02	1	1794	买盘
14:08:00	17.92	-0.02	200	358400	卖盘
14:07:57	17.94	0.01	1	1794	买盘
14:07:48	17.93	--	9	16137	买盘
14:07:45	17.93	--	3	5379	买盘
14:07:42	17.93	0.01	20	35860	买盘
14:07:39	17.92	--	11	19712	买盘
14:07:36	17.92	--	21	37632	买盘
14:07:30	17.92	0.01	10	17920	买盘
14:07:21	17.91	0.01	100	179100	买盘
14:07:06	17.9	0.01	25	44750	买盘
14:06:54	17.89	--	2	3578	卖盘
14:06:48	17.89	--	31	55745	买盘
14:06:45	17.89	--	10	17890	买盘
14:06:42	17.89	0.01	40	71560	买盘
14:06:39	17.88	--	135	241380	买盘
14:06:36	17.88	--	58	103704	买盘
14:06:27	17.88	--	54	96552	买盘
14:06:24	17.88	--	11	19668	买盘
14:06:21	17.88	--	35	62580	买盘
14:06:18	17.88	0.01	15	26820	买盘
14:06:15	17.87	--	8	14296	卖盘
14:06:06	17.87	-0.01	3	5361	卖盘
14:06:03	17.88	0.02	66	118008	买盘
14:06:00	17.86	--	11	19646	卖盘
14:05:57	17.86	-0.01	34	60724	卖盘
14:05:54	17.87	--	5	8935	买盘
14:05:51	17.87	--	32	57184	买盘
14:05:48	17.87	--	221	394927	买盘
14:05:45	17.87	--	306	546822	卖盘
14:05:42	17.87	-0.01	6	10722	卖盘
14:05:36	17.88	--	61	109068	卖盘
14:05:33	17.88	0.01	10	17880	中性盘
14:05:27	17.87	-0.01	206	368122	卖盘
14:05:21	17.88	--	32	57216	买盘
14:05:15	17.88	--	61	109068	买盘
14:05:12	17.88	-0.02	305	546841	卖盘
14:05:09	17.9	--	50	89500	买盘
14:05:06	17.9	--	10	17900	买盘
14:05:03	17.9	0.01	66	118139	买盘
14:05:00	17.89	--	25	44725	卖盘
14:04:57	17.89	-0.01	21	37569	卖盘
14:04:54	17.9	--	146	261339	卖盘
14:04:51	17.9	-0.01	8	14319	卖盘
14:04:45	17.91	0.01	15	26865	买盘
14:04:39	17.9	-0.02	431	771489	卖盘
14:04:36	17.92	0.01	69	123648	买盘
14:04:30	17.91	-0.01	133	238203	卖盘
14:04:27	17.92	0.01	1	1792	中性盘
14:04:24	17.91	--	10	17910	卖盘
14:04:21	17.91	-0.03	49	87759	卖盘
14:04:18	17.94	0.02	133	238602	买盘
14:04:15	17.92	--	19	34048	买盘
14:04:12	17.92	-0.02	158	283136	卖盘
14:04:06	17.94	--	1	1794	买盘
14:04:03	17.94	--	5	8970	买盘
14:03:57	17.94	-0.01	37	66378	卖盘
14:03:54	17.95	0.01	28	50260	买盘
14:03:51	17.94	--	4	7176	买盘
14:03:48	17.94	--	10	17940	买盘
14:03:45	17.94	0.03	10	17940	卖盘
14:03:27	17.91	-0.03	41	73431	卖盘
14:03:21	17.94	0.03	1	1794	买盘
14:03:15	17.91	-0.04	11	19701	中性盘
14:02:45	17.95	-0.01	3	5385	中性盘
14:02:42	17.96	0.01	1211	2174956	买盘
14:02:36	17.95	-0.01	103	184885	卖盘
14:02:30	17.96	0.01	1	1796	买盘
14:02:24	17.95	-0.01	7	12565	卖盘
14:02:21	17.96	--	6	10776	买盘
14:02:12	17.96	--	10	17960	买盘
14:01:57	17.96	--	14	25144	买盘
14:01:54	17.96	0.01	1	1796	买盘
14:01:48	17.95	-0.01	5	8975	卖盘
14:01:45	17.96	--	24	43104	买盘
14:01:42	17.96	--	21	37716	买盘
14:01:39	17.96	0.01	1	1796	买盘
14:01:36	17.95	--	60	107700	卖盘
14:01:30	17.95	-0.01	6	10770	卖盘
14:01:21	17.96	--	7	12572	买盘
14:01:18	17.96	--	22	39512	买盘
14:01:12	17.96	0.02	6	10776	买盘
14:01:03	17.94	-0.01	35	62790	卖盘
14:01:00	17.95	--	20	35900	买盘
14:00:57	17.95	--	8	14360	买盘
14:00:54	17.95	--	2	3590	买盘
14:00:48	17.95	0.01	5	8975	买盘
14:00:42	17.94	-0.01	3	5382	卖盘
14:00:39	17.95	0.01	5	8975	买盘
14:00:36	17.94	-0.01	11	19734	卖盘
14:00:33	17.95	0.01	10	17950	买盘
14:00:18	17.94	--	186	333684	买盘
14:00:15	17.94	--	59	105846	买盘
14:00:12	17.94	0.01	10	17940	买盘
14:00:06	17.93	--	2	3586	卖盘
13:59:54	17.93	0.01	26	46618	买盘
13:59:51	17.92	--	2	3584	卖盘
13:59:48	17.92	--	20	35840	卖盘
13:59:45	17.92	--	6	10752	卖盘
13:59:42	17.92	--	62	111104	买盘
13:59:36	17.92	-0.01	43	77056	中性盘
13:59:21	17.93	--	2	3586	买盘
13:59:18	17.93	0.02	26	46618	中性盘
13:59:15	17.91	0.01	4	7164	中性盘
13:59:00	17.9	-0.04	30	53699	卖盘
13:58:51	17.94	0.05	8	14352	中性盘
13:58:30	17.89	-0.05	804	1438356	卖盘
13:58:27	17.94	--	50	89700	卖盘
13:58:15	17.94	0.01	5	9257	买盘
13:58:12	17.93	-0.01	11	19723	卖盘
13:58:09	17.94	--	10	17940	买盘
13:58:06	17.94	--	8	14352	买盘
13:58:03	17.94	-0.01	598	1074318	卖盘
13:57:57	17.95	--	66	118470	卖盘
13:57:51	17.95	--	16	28720	卖盘
13:57:48	17.95	-0.01	34	61030	卖盘
13:57:42	17.96	--	6	11099	买盘
13:57:39	17.96	--	25	44900	买盘
13:57:33	17.96	--	1	1796	买盘
13:57:30	17.96	--	12	21552	买盘
13:57:27	17.96	-0.01	78	141560	卖盘
13:57:24	17.97	--	13	23361	买盘
13:57:12	17.97	-0.01	21	37737	中性盘
13:57:06	17.98	--	207	372186	买盘
13:57:03	17.98	--	6	10788	买盘
13:57:00	17.98	0.01	10	17980	买盘
13:56:57	17.97	-0.01	4	7188	卖盘
13:56:51	17.98	0.01	30	53940	买盘
13:56:45	17.97	-0.01	10	17970	卖盘
13:56:33	17.98	0.01	4	7192	买盘
13:56:27	17.97	--	5	8985	卖盘
13:56:12	17.97	-0.01	5	8985	卖盘
13:56:06	17.98	0.01	1	1798	买盘
13:55:51	17.97	-0.01	2	3594	卖盘
13:55:48	17.98	0.02	1	1798	买盘
13:55:45	17.96	--	7	12572	卖盘
13:55:36	17.96	--	157	282295	买盘
13:55:27	17.96	--	25	44900	买盘
13:55:21	17.96	--	154	276584	买盘
13:55:18	17.96	--	54	96984	买盘
13:55:15	17.96	--	1	1796	买盘
13:55:12	17.96	-0.02	128	231360	卖盘
13:55:06	17.98	--	25	44950	买盘
13:55:03	17.98	--	56	100688	买盘
13:55:00	17.98	--	10	17980	买盘
13:54:54	17.98	--	55	98890	买盘
13:54:51	17.98	--	16	28768	买盘
13:54:48	17.98	--	6	10788	买盘
13:54:42	17.98	0.01	366	658068	买盘
13:54:39	17.97	0.01	27	48519	卖盘
13:54:21	17.96	-0.01	36	64656	卖盘
13:54:18	17.97	--	15	28338	买盘
13:54:15	17.97	0.01	31	55707	买盘
13:54:12	17.96	-0.01	200	359200	卖盘
13:54:09	17.97	--	22	39534	买盘
13:54:03	17.97	--	4	7188	买盘
13:53:57	17.97	0.01	25	44925	买盘
13:53:51	17.96	-0.01	22	39512	卖盘
13:53:48	17.97	--	100	179700	买盘
13:53:45	17.97	--	98	176106	买盘
13:53:42	17.97	0.01	5	8985	买盘
13:53:36	17.96	--	9	16164	卖盘
13:53:33	17.96	-0.01	57	102372	卖盘
13:53:30	17.97	--	5	8985	买盘
13:53:24	17.97	--	150	269550	买盘
13:53:21	17.97	--	55	98835	买盘
13:53:18	17.97	--	26	46722	买盘
13:53:15	17.97	0.01	5	8985	买盘
13:53:12	17.96	--	29	52084	卖盘
13:53:09	17.96	-0.01	6	10776	卖盘
13:53:03	17.97	0.01	20	35940	买盘
13:52:57	17.96	-0.01	20	35920	卖盘
13:52:54	17.97	0.01	10	17970	买盘
13:52:45	17.96	--	618	1110664	买盘
13:52:42	17.96	--	24	43104	买盘
13:52:33	17.96	0.01	20	35920	买盘
13:52:27	17.95	-0.01	5	8975	卖盘
13:52:24	17.96	--	93	167028	买盘
13:52:21	17.96	--	3	5388	买盘
13:52:15	17.96	--	2	3592	买盘
13:52:09	17.96	0.01	3	5388	买盘
13:52:06	17.95	-0.01	100	179500	卖盘
13:52:03	17.96	--	10	17960	买盘
13:52:00	17.96	--	13	23348	买盘
13:51:57	17.96	--	3	5388	买盘
13:51:54	17.96	--	20	35920	买盘
13:51:51	17.96	--	50	89800	买盘
13:51:42	17.96	0.01	10	17960	买盘
13:51:39	17.95	-0.01	15	26925	卖盘
13:51:36	17.96	0.01	5	8980	买盘
13:51:30	17.95	-0.01	5	8975	卖盘
13:51:27	17.96	0.01	10	17960	买盘
13:51:18	17.95	--	7	12565	卖盘
13:51:06	17.95	--	50	89750	卖盘
13:50:57	17.95	-0.01	8	14360	卖盘
13:50:48	17.96	0.02	16	28736	买盘
13:50:45	17.94	-0.01	230	412620	卖盘
13:50:42	17.95	-0.01	62	111290	卖盘
13:50:36	17.96	0.01	1	1796	买盘
13:50:33	17.95	--	1	1795	卖盘
13:50:27	17.95	--	2	3590	卖盘
13:50:24	17.95	--	24	43080	卖盘
13:50:18	17.95	-0.01	28	52019	卖盘
13:50:15	17.96	0.01	3	5388	买盘
13:50:00	17.95	-0.01	1	1795	卖盘
13:49:48	17.96	--	104	186784	买盘
13:49:42	17.96	--	3	5388	买盘
13:49:39	17.96	--	1	1796	买盘
13:49:30	17.96	--	189	339444	卖盘
13:49:15	17.96	--	11	19756	卖盘
13:49:03	17.96	--	5	8980	卖盘
13:48:54	17.96	--	20	35920	卖盘
13:48:39	17.96	-0.01	3	5388	卖盘
13:48:36	17.97	0.01	2	3594	买盘
13:48:33	17.96	--	7	12572	卖盘
13:48:30	17.96	--	30	53880	卖盘
13:48:27	17.96	--	5	8980	卖盘
13:48:18	17.96	--	15	26940	卖盘
13:48:15	17.96	--	54	96984	卖盘
13:48:12	17.96	-0.01	14	25144	卖盘
13:48:09	17.97	0.01	33	59300	买盘
13:48:03	17.96	-0.01	7	12572	卖盘
13:47:57	17.97	0.01	18	32345	买盘
13:47:54	17.96	-0.01	20	35920	卖盘
13:47:45	17.97	--	36	64691	买盘
13:47:42	17.97	--	102	183707	卖盘
13:47:39	17.97	-0.01	2	3594	卖盘
13:47:27	17.98	0.01	3	5394	买盘
13:47:24	17.97	-0.01	49	88053	卖盘
13:47:18	17.98	0.01	3	5394	买盘
13:47:15	17.97	--	1	1797	卖盘
13:47:12	17.97	--	3	5391	卖盘
13:47:03	17.97	-0.01	10	17970	卖盘
13:47:00	17.98	0.01	3	5394	买盘
13:46:54	17.97	--	10	17970	卖盘
13:46:48	17.97	-0.01	35	62894	卖盘
13:46:45	17.98	--	3	5394	买盘
13:46:39	17.98	0.01	5	8990	中性盘
13:46:30	17.97	--	100	179700	卖盘
13:46:21	17.97	-0.02	14	25158	卖盘
13:46:12	17.99	0.02	5	8995	买盘
13:46:09	17.97	-0.02	12	21564	卖盘
13:46:03	17.99	0.02	92	166893	买盘
13:46:00	17.97	--	100	179700	卖盘
13:45:54	17.97	--	24	43128	卖盘
13:45:51	17.97	-0.02	10	17970	卖盘
13:45:45	17.99	0.01	5	8995	买盘
13:45:39	17.98	-0.01	214	384772	卖盘
13:45:36	17.99	--	11	19789	买盘
13:45:30	17.99	0.01	17	30582	买盘
13:45:27	17.98	--	6	10788	卖盘
13:45:24	17.98	-0.01	25	44950	卖盘
13:45:03	17.99	--	29	52584	卖盘
13:44:57	17.99	-0.01	31	55768	卖盘
13:44:54	18.0	--	10	18000	买盘
13:44:45	18.0	0.01	6	10800	买盘
13:44:42	17.99	--	4	7195	卖盘
13:44:33	17.99	--	1	1798	卖盘
13:44:21	17.99	--	5	8995	卖盘
13:44:18	17.99	-0.01	2	3597	卖盘
13:44:15	18.0	--	963	1733400	买盘
13:44:12	18.0	0.01	13	23400	买盘
13:44:09	17.99	--	60	107939	卖盘
13:44:06	17.99	-0.01	49	88150	卖盘
13:43:51	18.0	--	2	3600	买盘
13:43:45	18.0	--	26	46800	买盘
13:43:42	18.0	-0.01	270	486000	卖盘
13:43:39	18.01	0.01	5	9005	买盘
13:43:33	18.0	-0.01	1	1800	卖盘
13:43:30	18.01	--	1	1801	买盘
13:43:27	18.01	-0.01	149	268349	卖盘
13:43:21	18.02	--	18	32436	买盘
13:43:00	18.02	--	1	1802	买盘
13:42:51	18.02	--	3	5406	买盘
13:42:36	18.02	0.01	22	39644	买盘
13:42:33	18.01	-0.01	49	88249	卖盘
13:42:27	18.02	0.01	5	9010	买盘
13:42:18	18.01	-0.01	1	1801	卖盘
13:42:15	18.02	0.01	6	10812	买盘
13:42:06	18.01	--	37	66637	卖盘
13:42:00	18.01	--	1	1801	卖盘
13:41:57	18.01	--	98	176498	买盘
13:41:54	18.01	--	30	54030	卖盘
13:41:39	18.01	--	1	1801	卖盘
13:41:36	18.01	--	5	9005	卖盘
13:41:33	18.01	--	2	3602	卖盘
13:41:30	18.01	--	1	1801	卖盘
13:41:24	18.01	0.01	20	36020	卖盘
13:41:06	18.0	--	5	9000	卖盘
13:41:03	18.0	--	26	46800	卖盘
13:40:54	18.0	-0.03	50	90000	卖盘
13:40:51	18.03	0.03	2	3606	买盘
13:40:45	18.0	-0.02	50	90000	卖盘
13:40:39	18.02	-0.01	3	5406	中性盘
13:40:30	18.03	0.03	36	64908	买盘
13:40:27	18.0	-0.02	80	144000	卖盘
13:40:18	18.02	-0.03	17	30634	卖盘
13:40:12	18.05	0.03	430	776150	买盘
13:40:09	18.02	-0.01	318	573036	卖盘
13:40:03	18.03	--	20	36060	卖盘
13:39:54	18.03	0.01	24	43272	中性盘
13:39:51	18.02	-0.01	155	279310	卖盘
13:39:48	18.03	--	6	10818	买盘
13:39:45	18.03	0.01	259	466977	买盘
13:39:39	18.02	--	20	36040	卖盘
13:39:36	18.02	--	3	5406	卖盘
13:39:24	18.02	--	35	63070	卖盘
13:39:18	18.02	0.01	83	149566	买盘
13:39:15	18.01	-0.01	34	61234	卖盘
13:39:12	18.02	0.02	110	198220	买盘
13:39:09	18.0	--	13	23400	卖盘
13:39:00	18.0	-0.02	131	235800	卖盘
13:38:48	18.02	--	155	279310	卖盘
13:38:42	18.02	-0.01	504	908208	卖盘
13:38:39	18.03	--	14	25242	卖盘
13:38:33	18.03	--	30	54090	卖盘
13:38:30	18.03	-0.01	10	18030	卖盘
13:38:27	18.04	0.01	11	19844	买盘
13:38:21	18.03	-0.01	37	66711	卖盘
13:38:18	18.04	--	20	36080	买盘
13:38:09	18.04	-0.01	84	151536	卖盘
13:38:03	18.05	--	2	3610	买盘
13:38:00	18.05	0.01	20	36100	买盘
13:37:54	18.04	-0.01	80	144320	卖盘
13:37:51	18.05	--	10	18050	买盘
13:37:48	18.05	--	10	18050	买盘
13:37:36	18.05	-0.01	302	545110	卖盘
13:37:33	18.06	0.01	5	9030	买盘
13:37:15	18.05	-0.01	10	18050	卖盘
13:37:06	18.06	0.01	8	14447	买盘
13:37:03	18.05	--	27	48735	卖盘
13:36:57	18.05	--	56	101080	卖盘
13:36:54	18.05	-0.01	21	37905	卖盘
13:36:51	18.06	0.01	22	39732	买盘
13:36:48	18.05	-0.01	200	361000	卖盘
13:36:45	18.06	0.01	72	130031	买盘
13:36:27	18.05	-0.01	14	25270	卖盘
13:36:24	18.06	--	2	3611	买盘
13:36:18	18.06	--	40	72240	买盘
13:36:09	18.06	--	6	10836	买盘
13:35:45	18.06	0.01	5	9030	买盘
13:35:39	18.05	--	1	1805	卖盘
13:35:36	18.05	--	5	9025	卖盘
13:35:27	18.05	--	4	7220	卖盘
13:35:21	18.05	--	20	36100	卖盘
13:35:15	18.05	-0.01	5	9025	卖盘
13:35:12	18.06	0.01	10	18060	买盘
13:35:09	18.05	-0.01	11	19855	中性盘
13:34:54	18.06	0.01	30	54179	买盘
13:34:51	18.05	--	10	18050	卖盘
13:34:48	18.05	--	8	14440	卖盘
13:34:36	18.05	--	11	19855	卖盘
13:34:33	18.05	0.01	2	3610	买盘
13:34:27	18.04	-0.01	1	1804	卖盘
13:34:24	18.05	--	4	7220	买盘
13:34:15	18.05	0.01	4	7220	买盘
13:34:09	18.04	-0.01	110	198440	卖盘
13:34:00	18.05	--	5	9025	买盘
13:33:54	18.05	-0.01	5	9025	中性盘
13:33:48	18.06	0.01	311	561666	买盘
13:33:21	18.05	0.01	1	1805	买盘
13:33:09	18.04	--	20	36080	卖盘
13:33:06	18.04	--	1	1804	卖盘
13:33:00	18.04	0.01	8	14432	卖盘
13:32:48	18.03	--	5	9015	卖盘
13:32:42	18.03	--	12	21636	买盘
13:32:33	18.03	-0.02	28	50484	卖盘
13:32:30	18.05	0.02	300	541500	买盘
13:32:27	18.03	--	5	9015	卖盘
13:32:24	18.03	--	193	347979	卖盘
13:32:15	18.03	-0.01	11	19833	卖盘
13:32:09	18.04	0.01	2	3608	买盘
13:32:03	18.03	-0.01	110	198330	卖盘
13:32:00	18.04	0.01	1	1804	买盘
13:31:48	18.03	--	28	50484	卖盘
13:31:45	18.03	--	11	19833	卖盘
13:31:30	18.03	-0.01	4	7212	卖盘
13:31:24	18.04	--	5	9020	买盘
13:31:15	18.04	--	2	3608	买盘
13:31:09	18.04	--	13	23452	买盘
13:31:00	18.04	--	10	18040	买盘
13:30:57	18.04	--	40	72160	中性盘
13:30:42	18.04	0.01	10	18040	买盘
13:30:36	18.03	-0.01	16	28848	卖盘
13:30:33	18.04	--	20	36080	买盘
13:30:18	18.04	0.01	12	21648	买盘
13:30:15	18.03	-0.02	10	18030	卖盘
13:30:12	18.05	0.01	1	1805	买盘
13:30:09	18.04	-0.01	50	90200	卖盘
13:30:00	18.05	0.01	28	50540	买盘
13:29:57	18.04	-0.01	100	180400	卖盘
13:29:54	18.05	0.01	60	108300	买盘
13:29:48	18.04	--	55	99220	卖盘
13:29:30	18.04	-0.01	7	12628	卖盘
13:29:24	18.05	0.01	28	50540	买盘
13:29:18	18.04	--	7	12628	卖盘
13:29:12	18.04	--	3	5412	卖盘
13:29:03	18.04	--	2	3608	卖盘
13:28:57	18.04	--	4	7216	买盘
13:28:51	18.04	0.01	45	81180	买盘
13:28:45	18.03	-0.01	3	5409	卖盘
13:28:42	18.04	--	12	21648	买盘
13:28:30	18.04	--	1	1804	买盘
13:28:27	18.04	0.01	1	1804	买盘
13:28:06	18.03	--	4	7212	卖盘
13:28:00	18.03	--	25	45075	卖盘
13:27:45	18.03	--	45	81135	卖盘
13:27:39	18.03	-0.01	23	41469	卖盘
13:27:33	18.04	--	1	1804	买盘
13:27:30	18.04	0.01	2	3608	买盘
13:27:18	18.03	-0.01	1	1803	卖盘
13:27:12	18.04	0.01	4	7216	买盘
13:27:09	18.03	--	5	9015	买盘
13:27:06	18.03	-0.01	57	102771	卖盘
13:27:03	18.04	0.01	1	1804	买盘
13:27:00	18.03	-0.01	52	93756	卖盘
13:26:54	18.04	--	1	1804	买盘
13:26:51	18.04	--	20	36080	买盘
13:26:39	18.04	--	45	81180	买盘
13:26:30	18.04	--	6	10824	买盘
13:26:03	18.04	--	20	36080	买盘
13:25:54	18.04	-0.01	212	382448	卖盘
13:25:42	18.05	--	27	48735	买盘
13:25:36	18.05	--	15	27075	买盘
13:25:27	18.05	--	17	30685	卖盘
13:25:24	18.05	--	21	37905	卖盘
13:25:18	18.05	--	100	180500	卖盘
13:25:12	18.05	0.01	20	36100	买盘
13:25:09	18.04	-0.01	20	36080	卖盘
13:25:06	18.05	--	5	9025	买盘
13:24:51	18.05	--	38	68590	买盘
13:24:39	18.05	--	14	25270	买盘
13:24:30	18.05	--	8	14440	买盘
13:24:18	18.05	0.01	52	93860	买盘
13:24:12	18.04	-0.01	10	18040	卖盘
13:24:03	18.05	--	16	28880	买盘
13:23:57	18.05	0.01	26	46930	买盘
13:23:54	18.04	--	36	64944	卖盘
13:23:51	18.04	--	3	5412	卖盘
13:23:30	18.04	-0.01	2	3608	卖盘
13:23:21	18.05	--	5	9025	买盘
13:23:12	18.05	--	1	1805	买盘
13:23:09	18.05	--	4	7220	买盘
13:22:57	18.05	--	5	9025	买盘
13:22:54	18.05	0.01	3	5415	买盘
13:22:42	18.04	-0.02	20	36080	卖盘
13:22:39	18.06	0.01	37	66822	买盘
13:22:33	18.05	--	10	18050	卖盘
13:22:30	18.05	-0.01	15	27075	中性盘
13:22:09	18.06	0.02	12	21672	买盘
13:22:06	18.04	-0.02	1	1804	卖盘
13:21:51	18.06	0.01	200	361200	买盘
13:21:45	18.05	--	30	54150	买盘
13:21:42	18.05	0.01	16	28880	买盘
13:21:36	18.04	-0.01	41	73964	卖盘
13:21:30	18.05	0.01	10	18050	买盘
13:21:27	18.04	--	8	14432	卖盘
13:21:18	18.04	-0.01	2	3608	卖盘
13:21:00	18.05	--	20	36100	买盘
13:20:54	18.05	0.01	6	10830	买盘
13:20:45	18.04	-0.01	10	18040	卖盘
13:20:30	18.05	0.01	30	54150	买盘
13:20:21	18.04	--	27	48708	卖盘
13:20:06	18.04	-0.01	1	1804	卖盘
13:20:03	18.05	0.01	3	5415	买盘
13:19:57	18.04	--	3	5412	卖盘
13:19:51	18.04	-0.01	4	7216	卖盘
13:19:48	18.05	--	38	68590	买盘
13:19:45	18.05	0.01	3	5415	买盘
13:19:42	18.04	-0.01	12	21648	卖盘
13:19:39	18.05	--	10	18050	买盘
13:19:24	18.05	--	37	66785	卖盘
13:19:21	18.05	--	5	9025	卖盘
13:19:18	18.05	--	5	9025	卖盘
13:19:15	18.05	--	32	57760	卖盘
13:19:09	18.05	--	1	1805	卖盘
13:19:06	18.05	--	3	5415	卖盘
13:19:00	18.05	--	25	45125	卖盘
13:18:57	18.05	--	1	1805	卖盘
13:18:48	18.05	0.01	6	10830	买盘
13:18:42	18.04	-0.01	38	68552	卖盘
13:18:39	18.05	0.01	6	10830	买盘
13:18:36	18.04	-0.01	48	86592	卖盘
13:18:33	18.05	--	3	5415	买盘
13:18:30	18.05	--	10	18050	买盘
13:18:27	18.05	--	1	1805	买盘
13:18:24	18.05	0.01	1	1805	买盘
13:18:15	18.04	--	8	14432	卖盘
13:18:09	18.04	--	35	63140	卖盘
13:18:03	18.04	--	22	39688	卖盘
13:17:57	18.04	-0.01	13	23452	卖盘
13:17:54	18.05	-0.01	24	43320	中性盘
13:17:36	18.06	0.01	14	25284	买盘
13:17:30	18.05	--	48	86640	买盘
13:17:27	18.05	0.01	100	180500	买盘
13:17:24	18.04	-0.01	7	12628	卖盘
13:17:21	18.05	--	6	10830	买盘
13:17:18	18.05	--	6	10830	买盘
13:17:15	18.05	0.02	12	21660	买盘
13:17:06	18.03	-0.01	40	72120	卖盘
13:17:03	18.04	--	30	54120	卖盘
13:17:00	18.04	0.01	70	126280	买盘
13:16:57	18.03	-0.01	52	93756	卖盘
13:16:54	18.04	--	10	18040	买盘
13:16:51	18.04	0.01	2	3608	买盘
13:16:48	18.03	-0.01	22	39666	卖盘
13:16:42	18.04	--	17	30668	买盘
13:16:36	18.04	0.01	8	14432	买盘
13:16:33	18.03	-0.01	3	5409	卖盘
13:16:27	18.04	0.01	5	9020	买盘
13:16:15	18.03	-0.01	5	9015	卖盘
13:16:12	18.04	--	3	5412	买盘
13:16:09	18.04	0.01	10	18040	买盘
13:15:57	18.03	--	2	3606	卖盘
13:15:54	18.03	-0.01	28	50484	卖盘
13:15:48	18.04	--	20	36080	买盘
13:15:42	18.04	0.01	20	36080	买盘
13:15:39	18.03	--	7	12621	卖盘
13:15:36	18.03	--	12	21636	卖盘
13:15:27	18.03	--	52	93756	买盘
13:15:24	18.03	0.01	13	23439	买盘
13:15:21	18.02	-0.01	7	12614	卖盘
13:15:18	18.03	--	26	46878	买盘
13:15:15	18.03	0.01	4	7212	买盘
13:15:12	18.02	-0.01	9	16218	卖盘
13:15:09	18.03	--	21	37863	买盘
13:15:06	18.03	0.01	24	43272	买盘
13:14:57	18.02	--	49	88298	买盘
13:14:45	18.02	--	1	1802	买盘
13:14:42	18.02	--	1	1802	买盘
13:14:39	18.02	-0.01	67	120734	卖盘
13:14:27	18.03	-0.01	106	191118	卖盘
13:14:21	18.04	0.01	5	9020	买盘
13:14:12	18.03	--	9	16227	卖盘
13:14:06	18.03	-0.01	5	9015	卖盘
13:14:03	18.04	0.01	4	7216	买盘
13:14:00	18.03	--	6	10818	卖盘
13:13:51	18.03	--	24	43272	卖盘
13:13:48	18.03	--	4	7212	卖盘
13:13:42	18.03	--	5	9015	卖盘
13:13:39	18.03	0.01	37	66711	买盘
13:13:21	18.02	--	22	39644	买盘
13:13:18	18.02	0.01	1	1802	买盘
13:13:15	18.01	--	3	5403	卖盘
13:13:12	18.01	-0.01	30	54030	卖盘
13:13:06	18.02	--	1	1802	卖盘
13:13:03	18.02	--	3	5406	买盘
13:12:54	18.02	0.01	2	3604	买盘
13:12:36	18.01	--	20	36020	卖盘
13:12:24	18.01	-0.01	43	77443	卖盘
13:12:21	18.02	--	5	9010	买盘
13:12:18	18.02	--	16	28832	买盘
13:12:03	18.02	--	9	16218	卖盘
13:12:00	18.02	--	10	18020	卖盘
13:11:42	18.02	--	2	3604	买盘
13:11:33	18.02	--	2	3604	买盘
13:11:30	18.02	--	5	9010	买盘
13:11:24	18.02	--	3	5406	卖盘
13:11:21	18.02	0.01	2	3604	中性盘
13:11:18	18.01	-0.01	105	189105	卖盘
13:11:15	18.02	--	6	10812	卖盘
13:11:06	18.02	-0.01	3	5406	卖盘
13:11:00	18.03	--	20	36060	买盘
13:10:57	18.03	--	31	55893	卖盘
13:10:48	18.03	--	2	3606	卖盘
13:10:42	18.03	0.01	87	156861	买盘
13:10:39	18.02	--	10	18020	卖盘
13:10:36	18.02	--	21	37842	卖盘
13:10:30	18.02	--	7	12614	买盘
13:10:27	18.02	--	5	9010	买盘
13:10:18	18.02	-0.03	115	207230	卖盘
13:10:09	18.05	--	5	9025	买盘
13:10:06	18.05	0.02	10	18050	买盘
13:10:03	18.03	-0.02	29	52287	卖盘
13:09:54	18.05	0.01	11	19855	中性盘
13:09:45	18.04	-0.01	36	64944	卖盘
13:09:36	18.05	--	2	3610	卖盘
13:09:33	18.05	--	30	54150	买盘
13:09:27	18.05	--	6	10830	买盘
13:09:24	18.05	-0.01	16	28880	卖盘
13:09:21	18.06	0.01	5	9030	买盘
13:09:18	18.05	--	2	3610	卖盘
13:09:12	18.05	--	12	21660	卖盘
13:09:09	18.05	--	23	41515	卖盘
13:09:03	18.05	--	9	16245	卖盘
13:08:57	18.05	--	3	5415	卖盘
13:08:45	18.05	--	75	135375	买盘
13:08:42	18.05	--	60	108300	买盘
13:08:33	18.05	--	26	46930	买盘
13:08:24	18.05	0.01	5	9025	买盘
13:08:18	18.04	--	1	1804	卖盘
13:08:15	18.04	-0.01	7	12628	中性盘
13:08:09	18.05	--	2	3610	买盘
13:08:00	18.05	0.01	19	34295	买盘
13:07:54	18.04	--	22	39688	买盘
13:07:45	18.04	0.01	3	5412	买盘
13:07:12	18.03	--	10	18030	卖盘
13:07:09	18.03	--	1	1803	卖盘
13:07:06	18.03	--	4	7212	卖盘
13:07:00	18.03	--	2	3606	卖盘
13:06:57	18.03	0.02	25	45075	买盘
13:06:54	18.01	-0.02	95	171095	卖盘
13:06:48	18.03	--	2	3606	买盘
13:06:42	18.03	--	1	1803	买盘
13:06:36	18.03	-0.01	3	5409	卖盘
13:06:33	18.04	--	10	18040	买盘
13:06:30	18.04	0.01	31	55924	买盘
13:06:27	18.03	--	8	14424	买盘
13:06:24	18.03	--	16	28848	卖盘
13:05:57	18.03	--	8	14424	卖盘
13:05:48	18.03	0.01	3	5409	买盘
13:05:45	18.02	--	7	12614	卖盘
13:05:39	18.02	--	1	1802	卖盘
13:05:30	18.02	0.01	10	18020	买盘
13:05:27	18.01	-0.02	5	9005	卖盘
13:05:18	18.03	0.02	17	30651	卖盘
13:05:15	18.01	-0.03	10	18010	卖盘
13:05:12	18.04	0.03	6	10824	买盘
13:05:06	18.01	-0.01	84	151284	卖盘
13:04:57	18.02	0.01	1	1802	中性盘
13:04:48	18.01	--	4	7204	卖盘
13:04:33	18.01	-0.03	500	900500	卖盘
13:04:27	18.04	0.02	1	1804	中性盘
13:04:12	18.02	-0.02	1707	3076014	卖盘
13:04:06	18.04	0.01	5	9020	买盘
13:03:57	18.03	-0.02	46	82938	卖盘
13:03:51	18.05	--	34	61370	买盘
13:03:42	18.05	--	20	36100	买盘
13:03:33	18.05	--	9	16245	买盘
13:03:24	18.05	-0.01	10	18050	卖盘
13:03:21	18.06	--	23	41538	买盘
13:03:03	18.06	--	14	25284	买盘
13:02:57	18.06	--	1	1805	买盘
13:02:54	18.06	--	1	1805	买盘
13:02:42	18.06	0.01	207	373842	买盘
13:02:39	18.05	0.01	6	10830	买盘
13:02:36	18.04	--	4	7216	卖盘
13:02:33	18.04	--	50	90200	卖盘
13:02:30	18.04	-0.01	2	3608	卖盘
13:02:27	18.05	--	9	16245	买盘
13:02:21	18.05	--	11	19855	买盘
13:02:15	18.05	--	5	9025	买盘
13:02:12	18.05	0.01	17	30685	买盘
13:02:06	18.04	-0.01	7	12628	卖盘
13:02:00	18.05	--	9	16245	买盘
13:01:57	18.05	0.01	1	1805	买盘
13:01:54	18.04	--	5	9020	卖盘
13:01:48	18.04	--	4	7216	卖盘
13:01:30	18.04	-0.01	3	5412	卖盘
13:01:21	18.05	--	4	7220	买盘
13:01:12	18.05	--	10	18050	买盘
13:01:09	18.05	--	7	12635	买盘
13:01:03	18.05	--	8	14440	买盘
13:00:54	18.05	--	2	3610	买盘
13:00:51	18.05	--	2	3610	买盘
13:00:48	18.05	0.02	18	32490	买盘
13:00:45	18.03	-0.02	5	9015	卖盘
13:00:39	18.05	--	16	28880	买盘
13:00:30	18.05	0.01	8	14440	买盘
13:00:12	18.04	--	10	18040	卖盘
13:00:09	18.04	-0.01	4	7216	卖盘
13:00:06	18.05	0.03	7	12635	买盘
13:00:03	18.02	0.01	130	234260	买盘
13:00:00	18.01	--	0	0	卖盘
11:30:00	18.01	--	0	0	卖盘
11:29:54	18.01	0.01	16	29716	买盘
11:29:51	18.0	-0.01	16	29700	卖盘
11:29:48	18.01	--	10	18010	买盘
11:29:42	18.01	--	1	1801	买盘
11:29:33	18.01	0.01	48	86448	买盘
11:29:21	18.0	-0.01	21	37800	卖盘
11:29:18	18.01	--	1	1801	买盘
11:29:09	18.01	0.01	12	21612	买盘
11:29:00	18.0	-0.01	4	7200	卖盘
11:28:45	18.01	0.01	19	34219	买盘
11:28:39	18.0	--	1	2700	卖盘
11:28:36	18.0	-0.01	13	23400	卖盘
11:28:33	18.01	--	20	36020	买盘
11:28:30	18.01	0.01	45	82431	买盘
11:28:18	18.0	--	2	3600	卖盘
11:28:15	18.0	--	12	21600	买盘
11:28:12	18.0	--	54	97200	买盘
11:28:09	18.0	0.01	4	7200	买盘
11:28:06	17.99	--	12	21587	卖盘
11:27:57	17.99	-0.01	1	1798	卖盘
11:27:54	18.0	--	1	1800	买盘
11:27:51	18.0	--	88	158400	买盘
11:27:48	18.0	0.01	1	1800	买盘
11:27:45	17.99	--	6	10793	卖盘
11:27:36	17.99	--	3	5396	卖盘
11:27:33	17.99	0.01	15	26984	买盘
11:27:30	17.98	-0.01	1	1798	卖盘
11:27:21	17.99	0.01	4	7195	买盘
11:27:18	17.98	-0.01	5	8990	卖盘
11:27:12	17.99	--	2	3597	买盘
11:27:06	17.99	-0.01	3	5396	卖盘
11:26:57	18.0	--	24	43200	买盘
11:26:45	18.0	--	3	5400	买盘
11:26:39	18.0	-0.01	40	72000	卖盘
11:26:36	18.01	-0.01	1	1801	买盘
11:26:27	18.02	0.01	52	93704	买盘
11:26:09	18.01	-0.01	1	1801	卖盘
11:26:00	18.02	0.02	2	3604	中性盘
11:25:48	18.0	--	2	3600	卖盘
11:25:36	18.0	--	4	7200	卖盘
11:25:33	18.0	--	25	45000	卖盘
11:25:27	18.0	--	1	1800	卖盘
11:25:06	18.0	--	1	1800	卖盘
11:25:00	18.0	0.02	78	140400	买盘
11:24:54	17.98	-0.02	87	156426	卖盘
11:24:45	18.0	0.01	5	9000	买盘
11:24:42	17.99	-0.01	5	8995	卖盘
11:24:33	18.0	0.01	35	63000	买盘
11:24:24	17.99	--	19	34181	卖盘
11:24:18	17.99	-0.01	2	3597	卖盘
11:24:12	18.0	--	8	14400	买盘
11:24:06	18.0	--	2	3600	买盘
11:24:00	18.0	--	22	39600	卖盘
11:23:51	18.0	--	10	18000	买盘
11:23:48	18.0	--	3	5400	买盘
11:23:39	18.0	--	3	5400	卖盘
11:23:33	18.0	-0.01	13	23400	卖盘
11:23:24	18.01	--	1	1801	买盘
11:23:21	18.01	--	3	5403	买盘
11:23:18	18.01	-0.02	18	32418	卖盘
11:23:12	18.03	--	52	93756	买盘
11:23:00	18.03	--	15	27045	买盘
11:22:57	18.03	--	13	23853	卖盘
11:22:54	18.03	-0.02	55	100553	卖盘
11:22:48	18.05	--	255	460275	买盘
11:22:36	18.05	0.01	20	36100	买盘
11:22:33	18.04	0.01	70	126280	买盘
11:22:24	18.03	--	6	10818	卖盘
11:22:21	18.03	0.03	65	117195	买盘
11:22:18	18.0	-0.01	5	9000	卖盘
11:22:09	18.01	--	13	23413	买盘
11:22:06	18.01	0.01	1	1801	买盘
11:22:00	18.0	--	15	27000	买盘
11:21:57	18.0	0.01	4	7200	买盘
11:21:54	17.99	-0.01	10	17990	卖盘
11:21:51	18.0	--	51	91800	买盘
11:21:48	18.0	--	10	18000	买盘
11:21:42	18.0	0.01	1	1800	买盘
11:21:36	17.99	-0.01	5	8995	卖盘
11:21:27	18.0	0.02	12	21600	买盘
11:21:18	17.98	0.01	1	1798	中性盘
11:20:45	17.97	-0.03	3	5391	卖盘
11:20:33	18.0	0.04	12	21600	买盘
11:20:30	17.96	--	10	17960	卖盘
11:20:27	17.96	--	3	5388	卖盘
11:20:24	17.96	-0.04	0	1275	卖盘
11:20:21	18.0	0.05	1	1800	买盘
11:20:18	17.95	-0.01	56	100520	卖盘
11:20:15	17.96	-0.04	22	39512	卖盘
11:20:12	18.0	0.04	1	1800	买盘
11:20:06	17.96	--	8	14368	卖盘
11:20:00	17.96	--	1	1796	卖盘
11:19:51	17.96	--	8	14368	卖盘
11:19:48	17.96	--	1	1796	卖盘
11:19:39	17.96	--	61	109556	买盘
11:19:36	17.96	--	1	1796	买盘
11:19:33	17.96	--	30	53880	买盘
11:19:30	17.96	--	5	8980	买盘
11:19:18	17.96	-0.03	103	184988	卖盘
11:19:12	17.99	--	2	3597	卖盘
11:19:06	17.99	--	1	1798	卖盘
11:18:57	17.99	--	19	34181	买盘
11:18:54	17.99	0.04	1	1798	买盘
11:18:51	17.95	--	10	17950	卖盘
11:18:45	17.95	--	1	1795	卖盘
11:18:42	17.95	--	55	98725	卖盘
11:18:39	17.95	--	43	77185	卖盘
11:18:30	17.95	--	6	10770	卖盘
11:18:27	17.95	0.01	3	5385	买盘
11:18:24	17.94	--	12	21528	买盘
11:18:21	17.94	-0.01	19	34086	买盘
11:18:15	17.95	--	10	17950	买盘
11:18:12	17.95	--	15	26925	买盘
11:18:09	17.95	--	2	3590	买盘
11:17:54	17.95	--	1	1795	卖盘
11:17:48	17.95	--	145	260275	卖盘
11:17:33	17.95	-0.01	20	35900	卖盘
11:17:27	17.96	0.01	17	30532	买盘
11:17:24	17.95	--	1	1795	卖盘
11:17:21	17.95	--	10	17950	卖盘
11:17:18	17.95	--	5	8975	卖盘
11:17:09	17.95	-0.01	16	28720	卖盘
11:17:03	17.96	--	1	1796	买盘
11:17:00	17.96	--	49	88004	买盘
11:16:54	17.96	0.01	5	8980	买盘
11:16:51	17.95	-0.02	2	3590	卖盘
11:16:48	17.97	--	5	8985	买盘
11:16:45	17.97	--	12	21564	买盘
11:16:42	17.97	--	5	8985	买盘
11:16:39	17.97	--	15	26955	买盘
11:16:36	17.97	--	1	1797	买盘
11:16:18	17.97	-0.02	75	134775	卖盘
11:16:09	17.99	--	1	1798	买盘
11:16:00	17.99	0.02	10	17990	买盘
11:15:57	17.97	--	15	26955	卖盘
11:15:48	17.97	--	123	221031	卖盘
11:15:39	17.97	-0.01	7	12579	卖盘
11:15:33	17.98	--	8	14384	买盘
11:15:30	17.98	--	6	10788	买盘
11:15:27	17.98	0.01	15	26970	买盘
11:15:21	17.97	-0.02	27	48519	卖盘
11:15:18	17.99	0.01	102	183497	买盘
11:15:15	17.98	--	3	5394	买盘
11:15:09	17.98	-0.01	90	163096	卖盘
11:15:06	17.99	--	19	34181	买盘
11:15:00	17.99	--	43	77357	买盘
11:14:57	17.99	0.01	1	1798	买盘
11:14:51	17.98	-0.01	20	35960	卖盘
11:14:45	17.99	--	29	52170	买盘
11:14:39	17.99	--	1	1798	买盘
11:14:36	17.99	-0.01	8	14391	卖盘
11:14:33	18.0	0.01	54	97200	买盘
11:14:27	17.99	-0.01	3	5396	卖盘
11:14:24	18.0	--	200	360000	买盘
11:14:15	18.0	0.02	236	424800	买盘
11:14:12	17.98	--	10	17980	卖盘
11:14:09	17.98	-0.02	29	52142	卖盘
11:14:06	18.0	--	2	3600	买盘
11:14:03	18.0	0.02	4	7200	买盘
11:14:00	17.98	--	118	212164	卖盘
11:13:51	17.98	--	1	1798	卖盘
11:13:45	17.98	-0.01	11	19778	卖盘
11:13:42	17.99	0.01	1	1798	中性盘
11:13:36	17.98	-0.02	30	53940	卖盘
11:13:33	18.0	0.01	50	90000	买盘
11:13:27	17.99	--	7	13114	买盘
11:13:21	17.99	--	5	8995	买盘
11:13:15	17.99	--	4	7195	买盘
11:13:12	17.99	--	35	62964	卖盘
11:13:09	17.99	-0.01	1	1798	卖盘
11:13:06	18.0	--	1	1800	买盘
11:13:03	18.0	0.01	36	64800	买盘
11:13:00	17.99	--	10	17990	卖盘
11:12:57	17.99	--	5	8995	卖盘
11:12:51	17.99	-0.01	3	5396	中性盘
11:12:42	18.0	0.02	6	10800	买盘
11:12:36	17.98	--	20	35960	卖盘
11:12:24	17.98	--	27	48546	卖盘
11:12:21	17.98	-0.02	28	50344	卖盘
11:12:15	18.0	--	5	9000	买盘
11:12:12	18.0	--	2	3600	买盘
11:12:09	18.0	--	1	1800	买盘
11:12:03	18.0	--	101	181800	买盘
11:11:57	18.0	--	20	36000	买盘
11:11:54	18.0	--	42	75600	卖盘
11:11:48	18.0	--	4	7200	卖盘
11:11:45	18.0	0.03	55	99000	买盘
11:11:42	17.97	-0.01	63	113211	卖盘
11:11:36	17.98	0.01	24	43152	买盘
11:11:33	17.97	-0.03	5	8985	卖盘
11:11:30	18.0	0.03	6	10800	买盘
11:11:27	17.97	-0.01	205	368385	卖盘
11:11:21	17.98	--	52	93496	卖盘
11:11:15	17.98	-0.01	2	3596	卖盘
11:11:12	17.99	0.01	5	8995	买盘
11:11:03	17.98	--	1	1798	卖盘
11:11:00	17.98	--	34	61132	买盘
11:10:57	17.98	--	10	17980	买盘
11:10:54	17.98	0.01	10	17980	买盘
11:10:51	17.97	--	2	3594	卖盘
11:10:48	17.97	--	17	30548	卖盘
11:10:42	17.97	--	1	1797	卖盘
11:10:39	17.97	--	2	3594	卖盘
11:10:36	17.97	0.02	7	12579	买盘
11:10:30	17.95	--	65	116675	卖盘
11:10:24	17.95	--	5	8975	卖盘
11:10:21	17.95	-0.01	47	84365	卖盘
11:10:18	17.96	0.01	2	3592	买盘
11:10:15	17.95	-0.01	3	5385	卖盘
11:10:12	17.96	0.02	10	17960	买盘
11:10:09	17.94	-0.01	5	8970	卖盘
11:10:06	17.95	--	1	1795	买盘
11:10:03	17.95	0.01	8	14360	买盘
11:10:00	17.94	--	28	50232	买盘
11:09:57	17.94	--	6	10764	买盘
11:09:54	17.94	-0.01	2	3588	卖盘
11:09:51	17.95	--	20	35900	买盘
11:09:45	17.95	0.03	6	10770	中性盘
11:09:42	17.92	-0.03	40	71680	卖盘
11:09:39	17.95	--	7	12565	卖盘
11:09:33	17.95	-0.01	51	91545	卖盘
11:09:30	17.96	-0.01	7	12572	卖盘
11:09:27	17.97	0.01	10	17970	买盘
11:09:24	17.96	-0.01	16	28736	卖盘
11:09:21	17.97	--	24	43128	买盘
11:09:18	17.97	--	1	1797	买盘
11:09:12	17.97	--	31	55707	卖盘
11:09:09	17.97	--	1	1797	卖盘
11:09:06	17.97	--	20	35940	卖盘
11:09:00	17.97	-0.01	32	57504	卖盘
11:08:57	17.98	--	13	23374	买盘
11:08:45	17.98	--	19	34162	卖盘
11:08:42	17.98	--	89	160022	卖盘
11:08:39	17.98	--	2	3596	卖盘
11:08:36	17.98	--	1	1798	卖盘
11:08:27	17.98	-0.01	18	32364	卖盘
11:08:24	17.99	--	4	7195	中性盘
11:08:21	17.99	--	9	16190	中性盘
11:08:18	17.99	-0.01	4	7195	卖盘
11:08:12	18.0	--	5	9000	买盘
11:08:09	18.0	--	53	95400	卖盘
11:08:06	18.0	--	2	3600	卖盘
11:08:03	18.0	-0.01	346	622800	卖盘
11:08:00	18.01	0.01	16	28816	买盘
11:07:57	18.0	--	5	9000	卖盘
11:07:54	18.0	--	9	16200	卖盘
11:07:51	18.0	-0.01	1	1800	卖盘
11:07:48	18.01	--	3	5403	买盘
11:07:42	18.01	--	20	36020	买盘
11:07:39	18.01	--	4	7204	买盘
11:07:33	18.01	-0.03	614	1105814	卖盘
11:07:30	18.04	--	4	7216	卖盘
11:07:27	18.04	-0.01	8	14432	卖盘
11:07:18	18.05	0.01	1	1805	买盘
11:07:15	18.04	--	17	30668	卖盘
11:07:09	18.04	-0.01	1	1804	卖盘
11:06:57	18.05	--	33	59565	卖盘
11:06:48	18.05	--	2	3610	卖盘
11:06:45	18.05	--	8	14440	卖盘
11:06:42	18.05	--	30	54150	卖盘
11:06:36	18.05	--	3	5415	卖盘
11:06:30	18.05	--	9	16245	卖盘
11:06:27	18.05	-0.01	16	28880	卖盘
11:06:18	18.06	--	28	50568	卖盘
11:06:15	18.06	-0.03	26	46956	卖盘
11:06:12	18.09	0.03	38	68742	买盘
11:06:03	18.06	-0.03	1	1805	卖盘
11:06:00	18.09	0.01	64	115776	买盘
11:05:54	18.08	--	37	66896	卖盘
11:05:48	18.08	--	39	70512	卖盘
11:05:45	18.08	--	1	1807	卖盘
11:05:42	18.08	--	37	66896	卖盘
11:05:36	18.08	--	1	1807	卖盘
11:05:33	18.08	--	5	9040	卖盘
11:05:30	18.08	-0.01	10	18080	卖盘
11:05:27	18.09	0.01	53	95877	买盘
11:05:24	18.08	--	16	28927	卖盘
11:05:18	18.08	--	20	36160	卖盘
11:05:12	18.08	--	12	21695	卖盘
11:05:09	18.08	--	14	25311	卖盘
11:05:03	18.08	--	16	28927	卖盘
11:04:57	18.08	0.03	77	139216	买盘
11:04:54	18.05	--	5	9025	卖盘
11:04:42	18.05	--	5	9025	卖盘
11:04:36	18.05	-0.01	1	1805	卖盘
11:04:33	18.06	--	11	19866	买盘
11:04:30	18.06	--	5	9030	买盘
11:04:27	18.06	--	12	21672	卖盘
11:04:21	18.06	-0.02	1	1805	卖盘
11:04:15	18.08	0.02	109	197071	买盘
11:04:12	18.06	-0.02	4	7223	卖盘
11:04:03	18.08	0.01	53	95823	买盘
11:03:51	18.07	--	10	18070	卖盘
11:03:48	18.07	--	21	37947	买盘
11:03:39	18.07	--	31	56017	买盘
11:03:36	18.07	--	16	28912	卖盘
11:03:30	18.07	--	1	1807	卖盘
11:03:24	18.07	0.02	147	265629	买盘
11:03:18	18.05	-0.01	182	328510	卖盘
11:03:12	18.06	0.01	8	14447	买盘
11:03:00	18.05	-0.01	1	1805	卖盘
11:02:57	18.06	-0.01	2	3611	买盘
11:02:54	18.07	--	3	5421	买盘
11:02:48	18.07	0.01	43	77701	买盘
11:02:45	18.06	-0.01	118	213107	卖盘
11:02:42	18.07	--	3	5421	买盘
11:02:33	18.07	--	217	392119	卖盘
11:02:30	18.07	-0.01	6	10842	卖盘
11:02:27	18.08	0.01	151	273008	买盘
11:02:24	18.07	-0.01	5	9035	卖盘
11:02:21	18.08	--	1	1807	买盘
11:02:15	18.08	--	34	61471	买盘
11:02:09	18.08	0.01	50	90399	买盘
11:02:06	18.07	-0.01	3	5421	卖盘
11:02:03	18.08	0.01	1	1807	买盘
11:02:00	18.07	--	40	72280	卖盘
11:01:57	18.07	--	6	10842	卖盘
11:01:51	18.07	0.02	109	196963	买盘
11:01:45	18.05	--	4	7220	卖盘
11:01:42	18.05	--	9	16245	卖盘
11:01:39	18.05	-0.01	1	1805	卖盘
11:01:36	18.06	--	7	12642	买盘
11:01:33	18.06	--	20	36120	买盘
11:01:30	18.06	-0.01	405	731430	卖盘
11:01:27	18.07	--	20	36140	卖盘
11:01:21	18.07	--	6	10842	卖盘
11:01:18	18.07	-0.01	1	1807	卖盘
11:01:12	18.08	--	7	12655	买盘
11:01:06	18.08	--	2	3615	买盘
11:01:00	18.08	--	10	18080	卖盘
11:00:57	18.08	-0.01	12	21695	中性盘
11:00:48	18.09	0.01	30	54270	买盘
11:00:45	18.08	--	15	27119	卖盘
11:00:42	18.08	-0.01	13	23503	卖盘
11:00:39	18.09	--	98	177282	买盘
11:00:30	18.09	--	6	10854	买盘
11:00:27	18.09	-0.01	174	314766	卖盘
11:00:24	18.1	--	40	72400	买盘
11:00:21	18.1	0.01	8	14480	买盘
11:00:15	18.09	-0.01	5	9045	卖盘
11:00:12	18.1	--	49	88690	买盘
11:00:09	18.1	--	23	41630	买盘
11:00:03	18.1	--	23	41630	买盘
11:00:00	18.1	--	49	88690	买盘
10:59:57	18.1	--	6	10860	买盘
10:59:54	18.1	0.01	101	182810	买盘
10:59:51	18.09	-0.01	6	10854	卖盘
10:59:48	18.1	0.01	20	36200	买盘
10:59:45	18.09	--	31	56079	卖盘
10:59:42	18.09	--	116	209844	买盘
10:59:39	18.09	0.01	30	54270	买盘
10:59:36	18.08	--	32	57855	卖盘
10:59:33	18.08	--	66	119327	卖盘
10:59:30	18.08	--	1	1807	卖盘
10:59:27	18.08	--	9	16271	卖盘
10:59:24	18.08	--	5	9040	卖盘
10:59:21	18.08	--	10	18080	卖盘
10:59:18	18.08	--	105	189839	卖盘
10:59:09	18.08	0.01	49	88591	买盘
10:59:06	18.07	-0.01	36	65052	卖盘
10:59:03	18.08	0.01	6	10847	买盘
10:59:00	18.07	-0.02	1	1807	卖盘
10:58:57	18.09	0.01	8	14472	买盘
10:58:54	18.08	-0.01	8	14463	买盘
10:58:48	18.09	0.01	72	130248	买盘
10:58:45	18.08	--	1	1807	卖盘
10:58:42	18.08	--	10	18080	卖盘
10:58:39	18.08	--	81	146448	卖盘
10:58:33	18.08	0.01	28	50623	买盘
10:58:30	18.07	-0.01	20	36140	卖盘
10:58:27	18.08	--	41	74128	买盘
10:58:24	18.08	0.01	1	1807	买盘
10:58:21	18.07	-0.01	10	18070	卖盘
10:58:18	18.08	--	3	5423	买盘
10:58:09	18.08	-0.01	2	3615	中性盘
10:58:03	18.09	0.02	20	36180	买盘
10:58:00	18.07	--	1	1807	卖盘
10:57:57	18.07	--	10	18070	卖盘
10:57:51	18.07	0.01	25	45175	买盘
10:57:45	18.06	--	20	36120	卖盘
10:57:39	18.06	0.01	63	113777	买盘
10:57:36	18.05	--	100	180500	卖盘
10:57:33	18.05	--	11	19855	卖盘
10:57:27	18.05	-0.01	52	93860	卖盘
10:57:24	18.06	0.01	7	12642	买盘
10:57:18	18.05	--	41	74005	卖盘
10:57:15	18.05	-0.01	10	18050	卖盘
10:57:12	18.06	0.01	106	191436	买盘
10:57:09	18.05	--	31	55955	卖盘
10:57:06	18.05	--	3	5415	卖盘
10:57:03	18.05	--	4	7220	卖盘
10:57:00	18.05	-0.01	20	36100	卖盘
10:56:54	18.06	--	5	9030	买盘
10:56:51	18.06	--	19	34314	买盘
10:56:48	18.06	--	31	55985	卖盘
10:56:45	18.06	0.01	9	16253	中性盘
10:56:39	18.05	--	8	14440	卖盘
10:56:36	18.05	-0.01	30	54150	卖盘
10:56:33	18.06	--	39	70434	卖盘
10:56:27	18.06	--	8	14447	买盘
10:56:18	18.06	0.01	10	18060	中性盘
10:56:15	18.05	--	4	7220	卖盘
10:56:12	18.05	-0.03	11	19855	卖盘
10:56:09	18.08	--	14	25311	买盘
10:56:06	18.08	0.03	1	1807	买盘
10:56:03	18.05	-0.03	23	41515	卖盘
10:56:00	18.08	0.01	10	18080	买盘
10:55:57	18.07	-0.01	8	14456	中性盘
10:55:54	18.08	--	2	3615	买盘
10:55:51	18.08	0.01	4	7231	买盘
10:55:48	18.07	-0.01	7	12649	卖盘
10:55:45	18.08	-0.01	26	47007	卖盘
10:55:42	18.09	0.02	502	908118	买盘
10:55:36	18.07	-0.02	16	28912	卖盘
10:55:30	18.09	0.01	202	365418	买盘
10:55:27	18.08	-0.01	7	12655	中性盘
10:55:24	18.09	-0.01	377	681993	卖盘
10:55:21	18.1	--	3	5430	买盘
10:55:18	18.1	0.01	6	10860	买盘
10:55:15	18.09	--	44	79596	卖盘
10:55:09	18.09	--	50	90450	卖盘
10:55:06	18.09	--	12	21708	卖盘
10:55:03	18.09	--	6	10854	卖盘
10:55:00	18.09	0.01	72	130248	买盘
10:54:57	18.08	0.02	2	3615	中性盘
10:54:54	18.06	-0.04	500	902999	卖盘
10:54:51	18.1	0.02	1163	2105030	买盘
10:54:48	18.08	--	20	36160	卖盘
10:54:45	18.08	-0.01	25	45199	中性盘
10:54:42	18.09	--	500	904500	买盘
10:54:30	18.09	0.01	180	325620	买盘
10:54:18	18.08	-0.01	59	106671	卖盘
10:54:12	18.09	0.02	2	3618	买盘
10:54:09	18.07	-0.01	100	180700	卖盘
10:54:06	18.08	--	80	144640	买盘
10:54:03	18.08	--	6	10847	买盘
10:54:00	18.08	0.01	23	41583	买盘
10:53:51	18.07	--	3	5421	卖盘
10:53:48	18.07	0.01	15	27105	买盘
10:53:42	18.06	--	1	1805	卖盘
10:53:36	18.06	--	10	18060	买盘
10:53:30	18.06	--	20	36120	买盘
10:53:24	18.06	0.02	49	88494	买盘
10:53:18	18.04	--	7	12628	卖盘
10:53:09	18.04	-0.02	3	5412	卖盘
10:53:03	18.06	0.02	1	1805	买盘
10:53:00	18.04	--	1	1804	卖盘
10:52:54	18.04	0.01	10	18040	买盘
10:52:48	18.03	--	5	9015	卖盘
10:52:36	18.03	--	27	48681	买盘
10:52:33	18.03	0.01	4	7212	买盘
10:52:27	18.02	--	10	18020	卖盘
10:52:21	18.02	--	8	14416	买盘
10:52:18	18.02	0.01	5	9010	买盘
10:52:15	18.01	-0.01	11	19811	卖盘
10:52:09	18.02	0.01	21	37842	买盘
10:52:06	18.01	-0.01	10	18010	卖盘
10:52:03	18.02	--	164	295528	买盘
10:51:54	18.02	--	38	68476	买盘
10:51:48	18.02	-0.01	266	479332	卖盘
10:51:45	18.03	-0.03	44	79332	卖盘
10:51:36	18.06	0.03	2	3611	买盘
10:51:30	18.03	-0.03	2	3606	卖盘
10:51:27	18.06	0.04	4	7223	买盘
10:51:24	18.02	-0.04	30	54060	卖盘
10:51:18	18.06	--	34	61403	买盘
10:51:12	18.06	0.03	77	139062	买盘
10:51:09	18.03	--	2	3606	买盘
10:50:57	18.03	-0.02	480	865440	卖盘
10:50:54	18.05	--	5	9025	卖盘
10:50:42	18.05	-0.01	20	36100	卖盘
10:50:33	18.06	--	3	5418	买盘
10:50:30	18.06	--	4	7223	卖盘
10:50:27	18.06	--	5	9030	卖盘
10:50:24	18.06	--	2	3611	卖盘
10:50:21	18.06	--	16	28895	卖盘
10:50:18	18.06	--	6	10836	卖盘
10:50:15	18.06	--	69	124613	卖盘
10:50:06	18.06	--	9	16253	卖盘
10:50:03	18.06	--	5	9030	卖盘
10:50:00	18.06	--	3	5418	卖盘
10:49:57	18.06	-0.01	3	5418	卖盘
10:49:54	18.07	0.01	1	1807	买盘
10:49:51	18.06	--	50	90300	卖盘
10:49:48	18.06	-0.01	8	14447	卖盘
10:49:45	18.07	0.01	3	5421	买盘
10:49:42	18.06	--	10	18060	卖盘
10:49:36	18.06	--	10	18060	卖盘
10:49:33	18.06	--	1	1805	卖盘
10:49:27	18.06	-0.01	4	7223	卖盘
10:49:21	18.07	--	52	93964	买盘
10:49:15	18.07	-0.01	113	204191	卖盘
10:49:09	18.08	--	30	54239	卖盘
10:49:06	18.08	--	60	108479	买盘
10:49:00	18.08	-0.01	75	135600	卖盘
10:48:57	18.09	0.01	15	27135	买盘
10:48:54	18.08	--	170	307360	买盘
10:48:51	18.08	--	2	3615	买盘
10:48:45	18.08	--	78	141024	卖盘
10:48:42	18.08	--	26	47007	卖盘
10:48:36	18.08	--	4	7231	卖盘
10:48:27	18.08	--	120	216959	买盘
10:48:24	18.08	0.01	16	28927	买盘
10:48:18	18.07	--	6	10842	买盘
10:48:15	18.07	--	2	3614	中性盘
10:48:09	18.07	-0.01	5	9035	卖盘
10:48:06	18.08	--	2	3615	买盘
10:48:03	18.08	0.07	62	112095	买盘
10:47:57	18.01	0.01	20	36020	中性盘
10:47:39	18.0	-0.08	102	183600	卖盘
10:47:36	18.08	0.08	7	12655	买盘
10:47:33	18.0	-0.08	1	1800	卖盘
10:47:27	18.08	0.08	108	195263	买盘
10:47:24	18.0	--	4	7200	卖盘
10:47:18	18.0	--	82	147600	买盘
10:47:15	18.0	--	323	581400	买盘
10:47:12	18.0	--	9	16200	买盘
10:47:09	18.0	--	4	7200	买盘
10:47:06	18.0	0.01	42	75600	买盘
10:47:03	17.99	-0.01	15	26984	卖盘
10:47:00	18.0	0.01	32	57600	买盘
10:46:54	17.99	--	1	1798	卖盘
10:46:51	17.99	-0.01	32	57567	卖盘
10:46:42	18.0	0.01	1	1800	买盘
10:46:27	17.99	--	17	30582	买盘
10:46:24	17.99	--	40	71960	买盘
10:46:21	17.99	--	5	8995	买盘
10:46:15	17.99	--	2	3597	买盘
10:46:12	17.99	--	1	1798	买盘
10:46:06	17.99	--	13	23386	买盘
10:46:03	17.99	--	10	17990	买盘
10:45:57	17.99	0.01	6	10793	买盘
10:45:54	17.98	-0.01	5	8990	卖盘
10:45:51	17.99	--	5	8995	买盘
10:45:48	17.99	--	4	7195	买盘
10:45:45	17.99	--	13	23386	买盘
10:45:36	17.99	--	13	23386	买盘
10:45:30	17.99	-0.01	18	32381	卖盘
10:45:27	18.0	0.01	43	77400	买盘
10:45:24	17.99	-0.01	97	174502	卖盘
10:45:21	18.0	--	20	36000	买盘
10:45:18	18.0	0.01	11	19800	买盘
10:45:15	17.99	-0.01	28	50371	卖盘
10:45:12	18.0	0.01	21	37800	买盘
10:45:09	17.99	-0.01	13	23386	卖盘
10:45:06	18.0	--	67	120600	买盘
10:45:03	18.0	--	104	187200	买盘
10:44:57	18.0	0.01	73	131400	买盘
10:44:54	17.99	--	2	3597	卖盘
10:44:51	17.99	-0.01	127	228472	卖盘
10:44:48	18.0	0.01	5	9000	买盘
10:44:42	17.99	-0.01	10	17990	卖盘
10:44:39	18.0	0.01	10	18000	买盘
10:44:36	17.99	--	33	59366	买盘
10:44:33	17.99	--	9	16190	买盘
10:44:21	17.99	0.01	103	185296	买盘
10:44:12	17.98	-0.02	4	7192	卖盘
10:44:09	18.0	0.01	58	104400	买盘
10:44:06	17.99	-0.01	20	35980	卖盘
10:44:03	18.0	0.01	4	7200	买盘
10:44:00	17.99	-0.01	3	5396	卖盘
10:43:57	18.0	--	441	793800	买盘
10:43:54	18.0	--	12	21600	买盘
10:43:51	18.0	--	10	18000	买盘
10:43:48	18.0	-0.03	599	1078200	卖盘
10:43:45	18.03	-0.03	5	9015	卖盘
10:43:42	18.06	0.03	6	10836	中性盘
10:43:36	18.03	--	35	63105	卖盘
10:43:27	18.03	-0.05	15	27045	中性盘
10:43:21	18.08	--	27	48815	买盘
10:43:12	18.08	--	19	34352	买盘
10:43:09	18.08	--	6	10847	买盘
10:43:06	18.08	0.07	94	169951	买盘
10:43:03	18.01	-0.08	8	14408	中性盘
10:42:54	18.09	--	349	631341	买盘
10:42:51	18.09	--	19	34371	买盘
10:42:45	18.09	0.01	39	70551	买盘
10:42:42	18.08	-0.01	4	7231	卖盘
10:42:39	18.09	-0.01	7	12663	买盘
10:42:36	18.1	0.01	108	195480	买盘
10:42:33	18.09	--	3	5427	买盘
10:42:30	18.09	--	10	18090	卖盘
10:42:27	18.09	0.09	29	52461	买盘
10:42:24	18.0	--	61	109800	买盘
10:42:21	18.0	-0.11	645	1161000	卖盘
10:42:18	18.11	0.02	7	12677	买盘
10:42:15	18.09	0.01	258	466722	买盘
10:42:12	18.08	-0.01	95	171759	卖盘
10:42:09	18.09	--	7	12663	买盘
10:42:06	18.09	--	534	966006	买盘
10:42:03	18.09	--	3	5427	买盘
10:41:57	18.09	-0.01	70	126630	卖盘
10:41:54	18.1	0.03	137	247970	买盘
10:41:51	18.07	-0.02	36	65052	卖盘
10:41:45	18.09	0.01	10	18090	买盘
10:41:42	18.08	-0.02	5	9040	中性盘
10:41:36	18.1	0.01	127	229870	买盘
10:41:30	18.09	--	61	110349	买盘
10:41:27	18.09	0.01	10	18090	买盘
10:41:24	18.08	--	11	19887	买盘
10:41:21	18.08	--	11	19887	买盘
10:41:18	18.08	--	45	81359	买盘
10:41:15	18.08	-0.01	30	54239	买盘
10:41:12	18.09	0.01	216	390744	买盘
10:41:09	18.08	--	14	25311	卖盘
10:41:06	18.08	--	94	169951	卖盘
10:41:03	18.08	--	61	110287	卖盘
10:41:00	18.08	--	22	39775	卖盘
10:40:57	18.08	-0.01	3	5423	买盘
10:40:54	18.09	0.01	37	66933	买盘
10:40:51	18.08	-0.01	212	383295	买盘
10:40:48	18.09	--	16	28944	买盘
10:40:45	18.09	0.01	201	363609	买盘
10:40:42	18.08	-0.01	13	23503	卖盘
10:40:39	18.09	--	16	28944	买盘
10:40:36	18.09	--	64	115776	卖盘
10:40:33	18.09	--	149	269541	卖盘
10:40:30	18.09	-0.01	37	66933	卖盘
10:40:27	18.1	--	99	179190	买盘
10:40:24	18.1	--	44	79640	买盘
10:40:21	18.1	--	599	1085529	卖盘
10:40:18	18.1	--	40	72400	卖盘
10:40:12	18.1	--	70	127170	买盘
10:40:09	18.1	--	75	135750	买盘
10:40:06	18.1	0.01	227	410870	买盘
10:40:03	18.09	--	362	654858	卖盘
10:40:00	18.09	--	30	54270	卖盘
10:39:57	18.09	--	38	68742	卖盘
10:39:54	18.09	0.01	291	526419	买盘
10:39:51	18.08	--	16	28927	买盘
10:39:48	18.08	-0.01	7	12655	中性盘
10:39:45	18.09	0.02	450	814050	买盘
10:39:42	18.07	--	15	27105	卖盘
10:39:39	18.07	0.01	163	294541	买盘
10:39:36	18.06	--	11	19866	买盘
10:39:33	18.06	--	14	25284	买盘
10:39:30	18.06	0.01	20	36120	买盘
10:39:21	18.05	0.03	142	256310	买盘
10:39:18	18.02	--	5	9010	买盘
10:39:15	18.02	0.01	5	9010	买盘
10:39:09	18.01	--	8	14408	买盘
10:39:06	18.01	0.01	4	7204	买盘
10:39:00	18.0	--	117	210600	买盘
10:38:57	18.0	--	207	372600	买盘
10:38:54	18.0	0.01	4	7200	买盘
10:38:48	17.99	--	14	25185	卖盘
10:38:45	17.99	0.01	252	453347	买盘
10:38:42	17.98	--	30	53940	卖盘
10:38:27	17.98	0.01	27	48546	买盘
10:38:21	17.97	-0.01	9	16172	卖盘
10:38:18	17.98	--	24	43152	买盘
10:38:12	17.98	--	19	34162	买盘
10:38:09	17.98	--	204	366792	买盘
10:38:06	17.98	0.01	2	3596	买盘
10:38:03	17.97	--	15	26955	卖盘
10:38:00	17.97	-0.01	3	5391	卖盘
10:37:54	17.98	0.01	10	17980	买盘
10:37:48	17.97	--	5	8985	卖盘
10:37:45	17.97	--	1	1797	卖盘
10:37:42	17.97	0.02	186	334242	买盘
10:37:39	17.95	-0.01	3	5385	卖盘
10:37:36	17.96	--	58	104168	买盘
10:37:33	17.96	--	1	1796	买盘
10:37:30	17.96	0.01	14	25144	买盘
10:37:27	17.95	--	3	5385	卖盘
10:37:15	17.95	--	54	96930	买盘
10:37:06	17.95	--	3	5385	买盘
10:37:03	17.95	--	4	7180	买盘
10:37:00	17.95	--	2	3590	买盘
10:36:54	17.95	--	5	8975	买盘
10:36:51	17.95	--	3	5385	买盘
10:36:48	17.95	--	1	1795	买盘
10:36:42	17.95	--	2	3590	买盘
10:36:39	17.95	--	4	7180	买盘
10:36:30	17.95	0.01	3	5385	买盘
10:36:12	17.94	--	8	14352	卖盘
10:36:09	17.94	0.01	5	8970	买盘
10:36:06	17.93	--	33	59169	卖盘
10:35:54	17.93	-0.01	9	16137	中性盘
10:35:48	17.94	0.01	259	464646	买盘
10:35:45	17.93	0.01	20	35860	买盘
10:35:42	17.92	-0.01	5	8960	卖盘
10:35:36	17.93	--	2	3586	买盘
10:35:33	17.93	--	3	5379	卖盘
10:35:15	17.93	--	10	17930	卖盘
10:35:12	17.93	-0.01	2	3586	卖盘
10:35:06	17.94	0.01	1	1794	买盘
10:35:03	17.93	--	21	37653	卖盘
10:34:51	17.93	0.01	85	152405	买盘
10:34:45	17.92	--	20	35840	卖盘
10:34:42	17.92	--	30	53760	卖盘
10:34:27	17.92	0.01	13	23296	买盘
10:34:12	17.91	-0.01	6	10746	卖盘
10:34:09	17.92	0.01	5	8960	买盘
10:34:00	17.91	0.01	121	216711	买盘
10:33:54	17.9	--	51	91290	卖盘
10:33:51	17.9	--	1	1789	卖盘
10:33:45	17.9	--	34	60859	买盘
10:33:42	17.9	0.01	2	3579	买盘
10:33:39	17.89	-0.01	34	60826	卖盘
10:33:30	17.9	--	4	7159	买盘
10:33:27	17.9	0.01	3	5370	买盘
10:33:24	17.89	-0.01	165	295185	卖盘
10:33:18	17.9	--	16	28639	买盘
10:33:15	17.9	0.01	1	1789	买盘
10:33:12	17.89	--	11	19875	买盘
10:33:09	17.89	--	45	82097	卖盘
10:33:03	17.89	--	41	73545	卖盘
10:33:00	17.89	--	1	1789	卖盘
10:32:57	17.89	--	252	450828	买盘
10:32:54	17.89	--	5	8945	买盘
10:32:48	17.89	--	12	21468	买盘
10:32:45	17.89	-0.01	232	415048	卖盘
10:32:42	17.9	--	50	89500	买盘
10:32:39	17.9	0.01	11	19690	买盘
10:32:36	17.89	--	11	19679	卖盘
10:32:33	17.89	-0.01	98	175322	中性盘
10:32:18	17.9	--	1	1789	买盘
10:32:12	17.9	--	2	3579	买盘
10:32:03	17.9	--	11	19690	买盘
10:32:00	17.9	--	9	16109	卖盘
10:31:57	17.9	-0.01	20	35800	卖盘
10:31:45	17.91	0.01	5	8955	买盘
10:31:42	17.9	--	39	69810	卖盘
10:31:36	17.9	-0.01	1	1789	卖盘
10:31:33	17.91	--	12	21492	买盘
10:31:24	17.91	0.06	1	1791	买盘
10:31:12	17.85	-0.05	5	8925	卖盘
10:31:06	17.9	0.06	5	8950	买盘
10:31:00	17.84	--	50	89200	卖盘
10:30:57	17.84	-0.06	300	535200	卖盘
10:30:54	17.9	0.05	203	363370	买盘
10:30:48	17.85	--	9	16065	卖盘
10:30:24	17.85	0.01	475	847875	买盘
10:30:21	17.84	-0.01	2	3568	卖盘
10:30:18	17.85	--	10	17850	买盘
10:30:12	17.85	0.01	1	1785	买盘
10:30:09	17.84	-0.01	100	178400	卖盘
10:29:57	17.85	-0.05	514	917490	卖盘
10:29:54	17.9	--	3	5370	买盘
10:29:48	17.9	--	9	16109	买盘
10:29:45	17.9	0.01	10	17900	买盘
10:29:42	17.89	-0.01	13	23257	卖盘
10:29:39	17.9	--	10	17900	买盘
10:29:33	17.9	--	1	1789	买盘
10:29:30	17.9	--	2	3579	买盘
10:29:27	17.9	--	10	17900	买盘
10:29:24	17.9	--	11	19690	买盘
10:29:15	17.9	-0.01	231	413489	卖盘
10:29:12	17.91	--	5	8955	卖盘
10:29:06	17.91	--	30	53730	卖盘
10:29:03	17.91	-0.01	6	10746	卖盘
10:29:00	17.92	0.01	16	28672	买盘
10:28:57	17.91	--	2	3582	卖盘
10:28:51	17.91	--	3	5373	卖盘
10:28:48	17.91	--	1	1791	卖盘
10:28:36	17.91	-0.01	1	1791	卖盘
10:28:30	17.92	--	24	43008	买盘
10:28:24	17.92	0.01	8	14336	买盘
10:28:06	17.91	-0.01	1	1791	卖盘
10:28:03	17.92	--	13	23296	卖盘
10:27:57	17.92	0.01	87	155904	买盘
10:27:54	17.91	-0.01	22	39402	卖盘
10:27:45	17.92	0.01	27	48384	买盘
10:27:36	17.91	--	13	23283	卖盘
10:27:24	17.91	-0.01	1	1791	卖盘
10:27:18	17.92	--	4	7168	卖盘
10:27:15	17.92	0.01	1	1792	买盘
10:27:09	17.91	--	6	10746	卖盘
10:27:06	17.91	-0.01	5	8955	卖盘
10:27:03	17.92	--	1	1792	买盘
10:26:54	17.92	--	46	82432	卖盘
10:26:36	17.92	-0.02	1	1792	卖盘
10:26:33	17.94	0.02	3	5382	买盘
10:26:30	17.92	-0.02	3	5376	卖盘
10:26:27	17.94	0.02	1	1794	买盘
10:26:12	17.92	--	1	1792	卖盘
10:26:09	17.92	--	16	28672	买盘
10:26:03	17.92	--	1	1792	买盘
10:25:57	17.92	0.01	162	290304	买盘
10:25:54	17.91	0.01	1	1791	中性盘
10:25:45	17.9	-0.02	1	1789	卖盘
10:25:42	17.92	0.02	3	5376	买盘
10:25:39	17.9	-0.02	200	358000	卖盘
10:25:27	17.92	--	2	3584	买盘
10:25:24	17.92	--	1	1792	买盘
10:25:21	17.92	-0.02	20	35840	卖盘
10:25:12	17.94	--	10	17940	买盘
10:25:03	17.94	0.04	2	3588	买盘
10:24:57	17.9	-0.04	207	370529	卖盘
10:24:51	17.94	--	19	34086	卖盘
10:24:42	17.94	0.02	1	1794	中性盘
10:24:39	17.92	-0.01	10	17920	卖盘
10:24:30	17.93	-0.02	4	7172	卖盘
10:24:24	17.95	-0.01	10	17950	中性盘
10:24:09	17.96	0.01	20	35920	买盘
10:24:06	17.95	--	4	7180	中性盘
10:24:00	17.95	-0.01	10	17950	中性盘
10:23:48	17.96	0.06	2	3592	买盘
10:23:42	17.9	-0.06	700	1253000	卖盘
10:23:39	17.96	0.01	1	1796	买盘
10:23:36	17.95	--	4	7180	买盘
10:23:33	17.95	-0.01	5	8975	卖盘
10:23:30	17.96	0.01	100	179600	买盘
10:23:18	17.95	--	1	1795	卖盘
10:23:06	17.95	--	3	5385	卖盘
10:23:03	17.95	-0.01	12	21540	卖盘
10:23:00	17.96	0.01	1	1796	买盘
10:22:54	17.95	0.01	11	19745	买盘
10:22:45	17.94	-0.01	7	12558	卖盘
10:22:36	17.95	--	16	28720	买盘
10:22:30	17.95	--	38	68210	买盘
10:22:24	17.95	--	3	5385	买盘
10:22:21	17.95	-0.01	1	1795	中性盘
10:22:18	17.96	--	120	215520	买盘
10:22:15	17.96	0.01	4	7184	买盘
10:22:12	17.95	--	72	129240	卖盘
10:22:09	17.95	-0.01	5	8975	卖盘
10:22:06	17.96	0.01	20	35920	买盘
10:22:03	17.95	--	76	136420	卖盘
10:22:00	17.95	-0.01	10	17950	卖盘
10:21:54	17.96	0.01	1	1796	买盘
10:21:51	17.95	-0.01	6	10770	卖盘
10:21:48	17.96	--	10	17960	买盘
10:21:45	17.96	0.01	10	17960	买盘
10:21:42	17.95	-0.01	4	7180	卖盘
10:21:36	17.96	-0.01	72	129312	卖盘
10:21:27	17.97	--	18	32345	卖盘
10:21:21	17.97	--	23	41331	买盘
10:21:18	17.97	--	11	19767	买盘
10:21:15	17.97	--	38	68286	买盘
10:21:12	17.97	--	3	5391	买盘
10:21:09	17.97	--	1	1797	买盘
10:21:06	17.97	-0.01	51	91647	卖盘
10:21:03	17.98	--	2	3596	买盘
10:21:00	17.98	0.01	117	210366	买盘
10:20:57	17.97	-0.01	4	7188	卖盘
10:20:54	17.98	--	10	17980	买盘
10:20:51	17.98	0.01	34	61132	买盘
10:20:48	17.97	0.01	19	34143	买盘
10:20:45	17.96	-0.01	13	23348	卖盘
10:20:42	17.97	0.02	11	19767	买盘
10:20:39	17.95	--	4	7180	卖盘
10:20:36	17.95	--	221	396695	卖盘
10:20:33	17.95	--	1	1795	卖盘
10:20:30	17.95	--	4	7180	卖盘
10:20:27	17.95	--	6	10770	卖盘
10:20:24	17.95	--	2	3590	买盘
10:20:21	17.95	0.01	20	35900	买盘
10:20:15	17.94	-0.01	4	7176	卖盘
10:20:12	17.95	0.01	18	32310	买盘
10:20:06	17.94	-0.01	5	8970	卖盘
10:20:03	17.95	0.02	19	34105	买盘
10:20:00	17.93	--	49	87857	卖盘
10:19:57	17.93	--	61	109373	卖盘
10:19:54	17.93	-0.01	1	1793	卖盘
10:19:51	17.94	0.01	2	3588	买盘
10:19:48	17.93	--	23	41239	卖盘
10:19:45	17.93	0.02	31	55583	买盘
10:19:39	17.91	0.01	10	17910	买盘
10:19:36	17.9	-0.02	39	69810	卖盘
10:19:30	17.92	0.01	30	53760	买盘
10:19:27	17.91	--	4	7164	买盘
10:19:15	17.91	0.01	3	5373	买盘
10:19:12	17.9	0.02	5	8950	卖盘
10:19:09	17.88	-0.02	153	273564	卖盘
10:19:06	17.9	--	14	25059	买盘
10:19:03	17.9	--	3	5370	买盘
10:18:57	17.9	--	74	132460	买盘
10:18:54	17.9	--	48	85920	买盘
10:18:51	17.9	-0.01	1	1789	买盘
10:18:48	17.91	--	13	23283	买盘
10:18:45	17.91	--	6	10746	买盘
10:18:42	17.91	--	10	17910	买盘
10:18:39	17.91	--	7	12537	买盘
10:18:30	17.91	0.03	8	14328	买盘
10:18:24	17.88	-0.01	55	98340	卖盘
10:18:18	17.89	--	1	1789	买盘
10:18:15	17.89	--	5	8945	买盘
10:18:12	17.89	--	12	21468	买盘
10:18:09	17.89	0.01	10	17890	买盘
10:17:54	17.88	0.01	27	48276	买盘
10:17:51	17.87	--	15	26805	买盘
10:17:48	17.87	--	6	10722	买盘
10:17:45	17.87	-0.01	32	57184	卖盘
10:17:42	17.88	--	19	33972	买盘
10:17:39	17.88	--	23	41124	买盘
10:17:36	17.88	--	2	3576	买盘
10:17:33	17.88	--	18	32184	买盘
10:17:30	17.88	--	2	3576	买盘
10:17:27	17.88	--	3	5364	买盘
10:17:24	17.88	0.01	3	5364	买盘
10:17:15	17.87	--	14	25018	买盘
10:17:12	17.87	--	6	10722	买盘
10:17:06	17.87	--	2	3574	买盘
10:17:03	17.87	0.01	60	107220	买盘
10:16:57	17.86	-0.01	1	1786	卖盘
10:16:54	17.87	--	5	8935	买盘
10:16:51	17.87	--	87	155469	买盘
10:16:48	17.87	0.01	18	32166	买盘
10:16:45	17.86	--	9	16074	卖盘
10:16:39	17.86	0.01	3	5358	中性盘
10:16:33	17.85	--	39	69615	卖盘
10:16:30	17.85	--	62	110670	卖盘
10:16:24	17.85	--	10	17850	卖盘
10:16:21	17.85	--	10	17850	卖盘
10:16:18	17.85	0.02	354	631890	买盘
10:16:15	17.83	-0.02	280	499239	卖盘
10:16:12	17.85	--	80	142800	买盘
10:16:09	17.85	0.01	7	12495	买盘
10:16:06	17.84	-0.01	1	1784	中性盘
10:16:00	17.85	0.02	63	112455	买盘
10:15:57	17.83	-0.01	12	21395	卖盘
10:15:54	17.84	0.01	3	5352	买盘
10:15:51	17.83	--	2	3565	卖盘
10:15:48	17.83	--	1	1782	卖盘
10:15:42	17.83	--	39	69537	买盘
10:15:39	17.83	--	20	35660	买盘
10:15:36	17.83	--	1	1782	买盘
10:15:33	17.83	0.02	44	78451	买盘
10:15:30	17.81	-0.02	161	286741	卖盘
10:15:27	17.83	0.02	10	17830	买盘
10:15:24	17.81	--	12	21372	卖盘
10:15:18	17.81	--	377	671437	买盘
10:15:15	17.81	--	17	30276	买盘
10:15:09	17.81	0.01	9	16028	买盘
10:15:06	17.8	--	11	21128	买盘
10:15:00	17.8	--	1	1780	买盘
10:14:57	17.8	0.01	40	71200	买盘
10:14:54	17.79	-0.01	12	21348	卖盘
10:14:51	17.8	--	2	3560	买盘
10:14:48	17.8	--	33	58740	买盘
10:14:45	17.8	--	108	192240	买盘
10:14:42	17.8	--	60	106800	买盘
10:14:39	17.8	0.01	32	56960	买盘
10:14:36	17.79	0.01	12	21348	中性盘
10:14:33	17.78	-0.02	28	49784	卖盘
10:14:30	17.8	--	8	14240	买盘
10:14:27	17.8	--	10	17800	买盘
10:14:24	17.8	0.02	6	10680	买盘
10:14:21	17.78	--	26	46228	卖盘
10:14:18	17.78	-0.02	1	1778	卖盘
10:14:15	17.8	0.03	18	32040	买盘
10:14:12	17.77	-0.03	6	10662	卖盘
10:14:09	17.8	0.02	57	101460	买盘
10:14:06	17.78	--	80	142240	买盘
10:14:03	17.78	--	9	16002	买盘
10:14:00	17.78	--	28	49784	买盘
10:13:57	17.78	-0.01	263	467845	卖盘
10:13:54	17.79	--	378	674009	买盘
10:13:51	17.79	--	30	53370	买盘
10:13:48	17.79	0.01	12	21348	买盘
10:13:45	17.78	-0.01	4	7112	卖盘
10:13:42	17.79	--	34	60486	买盘
10:13:39	17.79	--	189	336497	卖盘
10:13:36	17.79	--	71	126309	卖盘
10:13:33	17.79	-0.01	10	17790	卖盘
10:13:30	17.8	--	8	14240	买盘
10:13:27	17.8	-0.01	51	90780	中性盘
10:13:24	17.81	--	1014	1805933	买盘
10:13:21	17.81	--	61	108640	买盘
10:13:18	17.81	--	28	49868	买盘
10:13:15	17.81	-0.02	332	591292	卖盘
10:13:12	17.83	0.02	5	8915	买盘
10:13:09	17.81	-0.02	51	90831	卖盘
10:13:06	17.83	0.01	25	44574	买盘
10:13:00	17.82	-0.01	3	5346	卖盘
10:12:57	17.83	0.03	7	12480	买盘
10:12:51	17.8	--	1	3293	买盘
10:12:48	17.8	-0.03	17	30527	卖盘
10:12:45	17.83	0.03	3	5348	买盘
10:12:42	17.8	--	4	8633	买盘
10:12:39	17.8	-0.04	1495	2661367	卖盘
10:12:36	17.84	0.02	9	16056	买盘
10:12:33	17.82	0.02	66	117612	中性盘
10:12:30	17.8	-0.04	530	943400	卖盘
10:12:27	17.84	0.01	5	8920	买盘
10:12:24	17.83	--	7	12480	买盘
10:12:21	17.83	--	68	121243	买盘
10:12:18	17.83	-0.02	27	48140	卖盘
10:12:15	17.85	0.02	1	1785	买盘
10:12:12	17.83	-0.01	1030	1836489	卖盘
10:12:09	17.84	-0.01	6	10704	卖盘
10:12:06	17.85	0.01	5	8925	买盘
10:12:03	17.84	--	3	5352	买盘
10:12:00	17.84	--	21	37464	卖盘
10:11:57	17.84	-0.01	2	3568	中性盘
10:11:51	17.85	0.01	49	87465	买盘
10:11:48	17.84	--	18	32112	买盘
10:11:42	17.84	-0.01	23	41032	卖盘
10:11:39	17.85	--	12	21420	买盘
10:11:33	17.85	--	15	26775	买盘
10:11:30	17.85	0.01	1022	1824270	买盘
10:11:27	17.84	--	1	1784	卖盘
10:11:24	17.84	-0.01	9	16056	卖盘
10:11:21	17.85	0.01	10	17850	买盘
10:11:18	17.84	--	141	251544	卖盘
10:11:15	17.84	-0.01	20	35680	卖盘
10:11:12	17.85	--	123	219555	买盘
10:11:06	17.85	--	10	17850	买盘
10:11:03	17.85	--	20	35700	买盘
10:11:00	17.85	--	22	39270	买盘
10:10:57	17.85	-0.02	92	164220	卖盘
10:10:54	17.87	--	18	32166	买盘
10:10:51	17.87	--	24	42888	买盘
10:10:48	17.87	--	13	23231	买盘
10:10:45	17.87	0.01	50	89350	买盘
10:10:42	17.86	-0.01	11	19646	中性盘
10:10:36	17.87	0.02	116	207292	买盘
10:10:33	17.85	--	5	8925	买盘
10:10:30	17.85	--	31	55335	买盘
10:10:27	17.85	-0.01	394	703290	卖盘
10:10:24	17.86	--	1	1786	卖盘
10:10:21	17.86	--	12	21432	卖盘
10:10:18	17.86	-0.01	15	26790	卖盘
10:10:12	17.87	0.01	24	42888	买盘
10:10:06	17.86	--	31	55366	买盘
10:10:03	17.86	--	46	82156	买盘
10:10:00	17.86	--	23	41078	买盘
10:09:57	17.86	0.01	9	16074	买盘
10:09:54	17.85	-0.01	101	180285	卖盘
10:09:51	17.86	0.01	10	17860	买盘
10:09:48	17.85	--	1	1785	卖盘
10:09:45	17.85	--	12	21420	卖盘
10:09:42	17.85	--	27	48195	卖盘
10:09:39	17.85	0.01	12	21420	买盘
10:09:36	17.84	--	2	3568	卖盘
10:09:33	17.84	-0.01	32	57088	卖盘
10:09:30	17.85	0.01	212	379937	买盘
10:09:24	17.84	-0.01	25	44600	卖盘
10:09:21	17.85	0.01	426	760410	买盘
10:09:15	17.84	-0.01	117	208728	卖盘
10:09:12	17.85	--	124	221340	买盘
10:09:09	17.85	0.01	6	10710	买盘
10:09:06	17.84	--	18	32112	卖盘
10:09:03	17.84	--	11	19624	卖盘
10:09:00	17.84	-0.01	50	89200	卖盘
10:08:57	17.85	-0.01	1	1785	卖盘
10:08:54	17.86	0.01	24	42864	买盘
10:08:51	17.85	--	5	8925	卖盘
10:08:48	17.85	--	16	28560	卖盘
10:08:45	17.85	-0.01	1	1785	卖盘
10:08:42	17.86	--	35	62510	买盘
10:08:39	17.86	0.01	20	35720	买盘
10:08:36	17.85	--	6	10710	卖盘
10:08:33	17.85	--	10	17850	卖盘
10:08:30	17.85	--	12	21420	卖盘
10:08:27	17.85	0.02	1	1785	卖盘
10:08:24	17.83	-0.02	500	891499	卖盘
10:08:21	17.85	-0.01	26	46410	卖盘
10:08:18	17.86	--	7	12502	买盘
10:08:15	17.86	0.02	21	37506	买盘
10:08:12	17.84	-0.02	17	30328	中性盘
10:08:06	17.86	--	13	23218	买盘
10:08:03	17.86	--	2	3572	买盘
10:08:00	17.86	--	3	5358	买盘
10:07:57	17.86	0.01	50	89300	中性盘
10:07:54	17.85	-0.02	7	12495	卖盘
10:07:51	17.87	-0.01	69	123303	中性盘
10:07:48	17.88	0.01	1006	1798728	买盘
10:07:45	17.87	-0.01	20	35740	卖盘
10:07:42	17.88	0.01	6	10728	买盘
10:07:39	17.87	0.01	5	8935	卖盘
10:07:36	17.86	-0.02	1	1786	卖盘
10:07:33	17.88	--	42	75096	买盘
10:07:27	17.88	0.01	18	32184	买盘
10:07:24	17.87	--	5	8935	中性盘
10:07:21	17.87	--	1	1787	买盘
10:07:18	17.87	0.02	9	16083	买盘
10:07:15	17.85	--	2	3570	卖盘
10:07:12	17.85	--	585	1044225	卖盘
10:07:09	17.85	-0.02	603	1076355	卖盘
10:07:06	17.87	--	48	85776	买盘
10:07:03	17.87	0.01	15	26805	买盘
10:07:00	17.86	-0.01	24	42864	卖盘
10:06:57	17.87	--	53	94711	买盘
10:06:54	17.87	0.01	2	3574	买盘
10:06:51	17.86	--	1	1786	卖盘
10:06:48	17.86	-0.01	20	35720	卖盘
10:06:45	17.87	--	26	46462	买盘
10:06:42	17.87	--	162	289494	卖盘
10:06:36	17.87	--	105	187635	卖盘
10:06:33	17.87	-0.01	1	1787	卖盘
10:06:30	17.88	0.01	257	459516	买盘
10:06:27	17.87	--	10	17870	买盘
10:06:24	17.87	--	141	251967	卖盘
10:06:21	17.87	--	200	357400	卖盘
10:06:18	17.87	-0.01	10	17870	卖盘
10:06:15	17.88	--	2	3576	买盘
10:06:12	17.88	--	5	8940	买盘
10:06:09	17.88	0.01	10	17880	买盘
10:06:00	17.87	-0.01	13	23231	卖盘
10:05:57	17.88	-0.01	354	632952	卖盘
10:05:54	17.89	--	1	1789	卖盘
10:05:51	17.89	--	16	28624	卖盘
10:05:48	17.89	--	3	5367	卖盘
10:05:45	17.89	--	7	12523	买盘
10:05:42	17.89	0.01	7	12523	买盘
10:05:39	17.88	-0.01	52	92976	卖盘
10:05:36	17.89	-0.01	11	19679	买盘
10:05:33	17.9	0.02	227	406329	买盘
10:05:30	17.88	--	9	16092	卖盘
10:05:27	17.88	-0.01	25	44700	卖盘
10:05:24	17.89	--	4	7156	卖盘
10:05:18	17.89	--	18	32202	卖盘
10:05:15	17.89	-0.01	3	5367	卖盘
10:05:12	17.9	0.01	23	41170	买盘
10:05:09	17.89	--	26	46514	卖盘
10:05:06	17.89	--	34	60826	买盘
10:05:03	17.89	--	71	127019	卖盘
10:04:57	17.89	-0.01	11	19679	卖盘
10:04:54	17.9	0.01	15	26849	中性盘
10:04:45	17.89	-0.01	103	184267	卖盘
10:04:42	17.9	--	12	21480	买盘
10:04:39	17.9	--	20	35800	买盘
10:04:36	17.9	--	2	3579	买盘
10:04:33	17.9	--	10	17900	买盘
10:04:30	17.9	--	37	66230	买盘
10:04:27	17.9	--	20	35800	买盘
10:04:24	17.9	-0.02	973	1741938	卖盘
10:04:21	17.92	--	10	17920	买盘
10:04:15	17.92	--	6	10752	买盘
10:04:12	17.92	0.02	16	28672	买盘
10:04:09	17.9	-0.01	11	19690	卖盘
10:04:06	17.91	-0.01	20	35820	卖盘
10:04:03	17.92	--	30	53760	卖盘
10:03:57	17.92	0.01	123	220416	买盘
10:03:54	17.91	--	10	17910	买盘
10:03:48	17.91	-0.03	168	300888	卖盘
10:03:45	17.94	0.02	36	64584	买盘
10:03:42	17.92	--	4	7168	卖盘
10:03:39	17.92	--	1	1792	卖盘
10:03:36	17.92	0.01	31	55552	中性盘
10:03:33	17.91	-0.01	4	7164	中性盘
10:03:27	17.92	0.02	8	14336	中性盘
10:03:24	17.9	-0.04	546	978181	卖盘
10:03:21	17.94	--	52	93288	买盘
10:03:18	17.94	--	34	60996	买盘
10:03:15	17.94	--	3	5382	买盘
10:03:12	17.94	0.02	63	113022	中性盘
10:03:09	17.92	--	33	59136	卖盘
10:03:06	17.92	-0.03	25	44800	卖盘
10:03:03	17.95	--	20	35900	买盘
10:03:00	17.95	--	5	8975	买盘
10:02:54	17.95	0.01	4	7180	买盘
10:02:51	17.94	--	1	1794	卖盘
10:02:48	17.94	-0.01	3	5382	卖盘
10:02:45	17.95	0.01	3	5385	买盘
10:02:30	17.94	0.02	7	12558	买盘
10:02:24	17.92	--	209	374528	买盘
10:02:21	17.92	0.01	87	155904	买盘
10:02:18	17.91	-0.01	21	37611	卖盘
10:02:15	17.92	--	7	12544	买盘
10:02:09	17.92	--	21	37632	买盘
10:02:00	17.92	-0.03	463	829696	卖盘
10:01:57	17.95	--	4	7180	卖盘
10:01:54	17.95	--	83	148985	买盘
10:01:51	17.95	0.01	8	14360	买盘
10:01:48	17.94	--	18	32292	卖盘
10:01:45	17.94	--	46	82524	买盘
10:01:42	17.94	0.02	5	8970	买盘
10:01:39	17.92	--	14	25088	卖盘
10:01:36	17.92	-0.02	1	1792	卖盘
10:01:33	17.94	0.02	14	25116	买盘
10:01:30	17.92	-0.02	305	546560	卖盘
10:01:27	17.94	0.02	18	32292	买盘
10:01:21	17.92	--	1	1792	卖盘
10:01:18	17.92	0.02	15	26880	中性盘
10:01:12	17.9	--	16	28639	卖盘
10:01:09	17.9	0.01	797	1427310	买盘
10:01:06	17.89	-0.01	18	32202	卖盘
10:01:03	17.9	--	21	37590	买盘
10:01:00	17.9	--	57	102029	买盘
10:00:57	17.9	--	2	3579	买盘
10:00:54	17.9	--	19	34010	买盘
10:00:51	17.9	0.01	2	3579	买盘
10:00:48	17.89	--	33	59037	卖盘
10:00:45	17.89	0.01	4	7156	中性盘
10:00:42	17.88	-0.02	6	10728	卖盘
10:00:39	17.9	0.01	228	408119	买盘
10:00:36	17.89	--	133	237937	买盘
10:00:33	17.89	--	10	17890	买盘
10:00:30	17.89	-0.01	183	327387	卖盘
10:00:27	17.9	--	5	8950	买盘
10:00:24	17.9	--	15	26849	买盘
10:00:21	17.9	0.01	5	8950	买盘
10:00:18	17.89	-0.01	10	17890	卖盘
10:00:12	17.9	--	513	919379	卖盘
10:00:09	17.9	-0.01	506	906975	卖盘
10:00:00	17.91	-0.01	40	71640	卖盘
09:59:57	17.92	0.02	57	102144	买盘
09:59:54	17.9	-0.02	20	35800	卖盘
09:59:51	17.92	0.01	24	43008	买盘
09:59:48	17.91	-0.01	7	12537	卖盘
09:59:45	17.92	--	2	3584	买盘
09:59:42	17.92	0.01	128	229376	买盘
09:59:39	17.91	0.01	6	10746	中性盘
09:59:36	17.9	--	1	1789	卖盘
09:59:27	17.9	--	301	538790	卖盘
09:59:24	17.9	0.01	266	477375	买盘
09:59:21	17.89	-0.01	171	305919	卖盘
09:59:18	17.9	--	128	229119	买盘
09:59:15	17.9	0.01	22	39380	买盘
09:59:12	17.89	-0.01	6	10734	卖盘
09:59:09	17.9	0.01	5	8950	买盘
09:59:00	17.89	--	79	141331	买盘
09:58:57	17.89	--	12	21468	买盘
09:58:54	17.89	--	3	5367	买盘
09:58:51	17.89	--	1	1789	买盘
09:58:45	17.89	--	121	216469	卖盘
09:58:42	17.89	-0.01	43	76927	卖盘
09:58:39	17.9	0.01	121	216589	买盘
09:58:33	17.89	--	6	10734	卖盘
09:58:30	17.89	--	29	51881	卖盘
09:58:21	17.89	--	3	5367	卖盘
09:58:18	17.89	--	6	10734	卖盘
09:58:15	17.89	-0.01	12	21468	卖盘
09:58:12	17.9	--	10	17900	买盘
09:58:09	17.9	--	13	23269	买盘
09:58:06	17.9	-0.05	292	522679	卖盘
09:58:03	17.95	--	7	12565	买盘
09:58:00	17.95	--	4	7180	买盘
09:57:57	17.95	--	115	206425	买盘
09:57:54	17.95	-0.03	296	531320	卖盘
09:57:51	17.98	0.01	81	145638	买盘
09:57:48	17.97	0.01	12	21564	买盘
09:57:45	17.96	-0.01	15	26940	卖盘
09:57:42	17.97	--	7	12579	买盘
09:57:39	17.97	0.01	12	21564	买盘
09:57:36	17.96	--	1	1796	卖盘
09:57:33	17.96	--	1	1796	卖盘
09:57:30	17.96	-0.01	93	167028	卖盘
09:57:27	17.97	--	12	21564	卖盘
09:57:24	17.97	-0.01	9	16172	卖盘
09:57:21	17.98	0.02	20	35960	中性盘
09:57:18	17.96	-0.01	172	308912	卖盘
09:57:15	17.97	--	53	95241	卖盘
09:57:12	17.97	--	3	5391	卖盘
09:57:09	17.97	--	1	1797	卖盘
09:57:06	17.97	--	3	5391	卖盘
09:57:03	17.97	--	38	68286	卖盘
09:56:57	17.97	-0.01	47	84459	卖盘
09:56:54	17.98	0.01	20	35960	买盘
09:56:51	17.97	--	3	5391	卖盘
09:56:48	17.97	--	101	181497	卖盘
09:56:45	17.97	--	12	21564	卖盘
09:56:42	17.97	--	32	57504	买盘
09:56:36	17.97	--	5	8985	买盘
09:56:33	17.97	--	10	17970	买盘
09:56:27	17.97	--	16	28752	买盘
09:56:24	17.97	-0.02	26	46722	卖盘
09:56:21	17.99	--	25	44974	买盘
09:56:18	17.99	--	1	1798	买盘
09:56:15	17.99	--	34	61165	买盘
09:56:12	17.99	--	15	26984	买盘
09:56:09	17.99	-0.01	119	214080	卖盘
09:56:06	18.0	--	6	10800	买盘
09:56:03	18.0	0.01	100	180000	买盘
09:56:00	17.99	--	32	57567	卖盘
09:55:54	17.99	--	8	14391	卖盘
09:55:51	17.99	0.01	140	251859	买盘
09:55:48	17.98	--	160	287680	卖盘
09:55:45	17.98	--	9	16182	卖盘
09:55:42	17.98	--	21	37758	卖盘
09:55:39	17.98	--	10	17980	卖盘
09:55:36	17.98	0.01	110	197780	买盘
09:55:33	17.97	--	101	181497	卖盘
09:55:30	17.97	-0.01	4	7188	卖盘
09:55:27	17.98	--	29	52142	买盘
09:55:24	17.98	--	14	25172	买盘
09:55:21	17.98	--	17	30566	买盘
09:55:18	17.98	0.01	1	1798	买盘
09:55:09	17.97	--	2	3594	卖盘
09:55:06	17.97	0.01	28	50316	买盘
09:55:03	17.96	--	70	125720	卖盘
09:54:57	17.96	--	3	5388	卖盘
09:54:54	17.96	--	15	26940	买盘
09:54:51	17.96	0.01	9	16164	买盘
09:54:48	17.95	-0.01	5	8975	卖盘
09:54:45	17.96	--	24	43104	买盘
09:54:42	17.96	0.01	78	140088	买盘
09:54:39	17.95	-0.02	4	7180	卖盘
09:54:36	17.97	0.02	61	109617	买盘
09:54:30	17.95	--	38	68210	买盘
09:54:27	17.95	--	46	82570	买盘
09:54:24	17.95	--	30	53850	买盘
09:54:21	17.95	--	28	50260	买盘
09:54:18	17.95	--	32	57440	买盘
09:54:15	17.95	--	47	84365	买盘
09:54:12	17.95	--	185	332075	买盘
09:54:09	17.95	--	7	12565	买盘
09:54:06	17.95	0.01	10	17950	买盘
09:54:03	17.94	--	2	3588	卖盘
09:54:00	17.94	0.04	13	23322	卖盘
09:53:57	17.9	-0.01	11	19690	卖盘
09:53:54	17.91	-0.03	309	553419	卖盘
09:53:51	17.94	0.04	116	208104	买盘
09:53:48	17.9	--	12	21480	卖盘
09:53:45	17.9	--	4	7159	卖盘
09:53:42	17.9	--	46	82340	买盘
09:53:39	17.9	--	48	85920	买盘
09:53:36	17.9	--	12	21480	买盘
09:53:33	17.9	0.01	60	107399	买盘
09:53:27	17.89	0.01	60	107340	买盘
09:53:24	17.88	--	47	84036	卖盘
09:53:21	17.88	-0.01	117	209196	卖盘
09:53:18	17.89	0.01	55	98395	买盘
09:53:12	17.88	0.01	53	94764	买盘
09:53:09	17.87	--	3	5361	卖盘
09:53:06	17.87	--	20	35740	卖盘
09:53:03	17.87	--	432	773467	买盘
09:53:00	17.87	0.01	8	14296	买盘
09:52:57	17.86	-0.01	15	26790	卖盘
09:52:54	17.87	0.02	351	627237	买盘
09:52:51	17.85	-0.01	248	442680	卖盘
09:52:48	17.86	--	21	37506	买盘
09:52:45	17.86	--	4	7144	买盘
09:52:42	17.86	-0.01	171	305406	卖盘
09:52:39	17.87	-0.02	115	205505	卖盘
09:52:36	17.89	0.01	13	23257	买盘
09:52:33	17.88	--	75	134100	卖盘
09:52:30	17.88	0.02	16	28608	买盘
09:52:27	17.86	-0.02	21	37506	卖盘
09:52:24	17.88	0.02	27	48276	买盘
09:52:21	17.86	--	312	557232	买盘
09:52:18	17.86	--	16	28576	卖盘
09:52:15	17.86	--	6	10716	卖盘
09:52:12	17.86	-0.03	17	30362	卖盘
09:52:09	17.89	--	13	23257	买盘
09:52:06	17.89	0.04	20	35780	买盘
09:52:03	17.85	-0.03	313	558705	卖盘
09:52:00	17.88	-0.01	245	438060	卖盘
09:51:57	17.89	-0.01	34	60826	中性盘
09:51:54	17.9	--	124	221959	买盘
09:51:51	17.9	--	84	150360	买盘
09:51:48	17.9	--	34	60859	买盘
09:51:45	17.9	--	19	34010	买盘
09:51:42	17.9	--	107	191529	买盘
09:51:39	17.9	-0.01	542	970179	卖盘
09:51:36	17.91	-0.03	30	53730	卖盘
09:51:33	17.94	0.03	2	3588	买盘
09:51:27	17.91	-0.04	305	546255	卖盘
09:51:24	17.95	0.01	43	77185	买盘
09:51:21	17.94	-0.01	10	17940	卖盘
09:51:18	17.95	--	12	21540	买盘
09:51:15	17.95	--	29	52055	买盘
09:51:12	17.95	-0.01	120	215400	卖盘
09:51:09	17.96	--	65	116740	卖盘
09:51:06	17.96	--	22	39512	卖盘
09:51:03	17.96	--	94	168824	卖盘
09:51:00	17.96	-0.01	70	125720	卖盘
09:50:57	17.97	0.01	90	161730	买盘
09:50:54	17.96	--	10	17960	卖盘
09:50:51	17.96	-0.01	92	165232	卖盘
09:50:48	17.97	--	1	1797	买盘
09:50:45	17.97	--	18	32345	卖盘
09:50:42	17.97	-0.01	72	129383	卖盘
09:50:39	17.98	0.01	22	39556	买盘
09:50:36	17.97	--	118	212046	卖盘
09:50:33	17.97	-0.01	10	17970	卖盘
09:50:27	17.98	--	12	21576	买盘
09:50:24	17.98	--	2	3596	买盘
09:50:18	17.98	--	5	8990	买盘
09:50:15	17.98	--	37	66526	买盘
09:50:12	17.98	-0.02	950	1708100	卖盘
09:50:09	18.0	--	15	27000	买盘
09:50:06	18.0	--	29	52200	买盘
09:50:03	18.0	--	22	39600	买盘
09:50:00	18.0	--	19	34200	买盘
09:49:57	18.0	--	18	32400	买盘
09:49:54	18.0	--	9	16200	买盘
09:49:51	18.0	0.01	20	36000	买盘
09:49:48	17.99	-0.01	86	154714	卖盘
09:49:45	18.0	--	15	27000	买盘
09:49:42	18.0	--	9	16200	买盘
09:49:39	18.0	0.01	230	414000	买盘
09:49:36	17.99	-0.01	35	62964	卖盘
09:49:30	18.0	--	10	18000	买盘
09:49:27	18.0	--	4	7200	买盘
09:49:24	18.0	0.01	123	221400	买盘
09:49:21	17.99	--	10	17990	买盘
09:49:18	17.99	--	98	176301	卖盘
09:49:15	17.99	0.01	37	66563	卖盘
09:49:03	17.98	-0.01	261	469278	卖盘
09:49:00	17.99	--	43	77357	买盘
09:48:57	17.99	--	175	314825	买盘
09:48:54	17.99	0.01	160	287840	买盘
09:48:51	17.98	--	35	62930	卖盘
09:48:48	17.98	-0.01	40	71920	卖盘
09:48:45	17.99	--	22	39578	买盘
09:48:42	17.99	--	2	3597	买盘
09:48:39	17.99	--	73	131327	买盘
09:48:36	17.99	--	80	143920	买盘
09:48:33	17.99	--	21	37779	买盘
09:48:30	17.99	--	158	284242	卖盘
09:48:27	17.99	-0.01	83	149317	卖盘
09:48:24	18.0	0.01	56	100800	买盘
09:48:21	17.99	-0.01	26	46773	卖盘
09:48:18	18.0	0.01	25	45000	买盘
09:48:15	17.99	--	74	133126	买盘
09:48:12	17.99	-0.01	16	28783	中性盘
09:48:09	18.0	0.02	10	18000	买盘
09:48:06	17.98	-0.01	161	289478	卖盘
09:48:03	17.99	-0.01	945	1700054	卖盘
09:48:00	18.0	--	47	84600	买盘
09:47:57	18.0	--	202	363600	买盘
09:47:54	18.0	-0.05	497	895986	卖盘
09:47:51	18.05	--	5	9025	买盘
09:47:48	18.05	0.03	1020	1841100	买盘
09:47:45	18.02	-0.04	78	140556	卖盘
09:47:42	18.06	0.01	11	19866	买盘
09:47:39	18.05	0.03	281	507205	买盘
09:47:36	18.02	0.01	33	59466	买盘
09:47:33	18.01	-0.01	80	144080	卖盘
09:47:30	18.02	--	513	924426	买盘
09:47:27	18.02	--	105	189210	买盘
09:47:24	18.02	--	18	32436	买盘
09:47:21	18.02	--	21	37842	买盘
09:47:18	18.02	-0.03	35	63070	买盘
09:47:15	18.05	--	14	25270	买盘
09:47:12	18.05	--	661	1193105	买盘
09:47:09	18.05	0.01	135	243675	买盘
09:47:06	18.04	-0.01	79	142516	卖盘
09:47:03	18.05	--	10	18050	买盘
09:47:00	18.05	--	16	28880	买盘
09:46:57	18.05	0.01	274	494985	买盘
09:46:54	18.04	--	40	72160	买盘
09:46:51	18.04	0.01	49	88396	买盘
09:46:48	18.03	-0.01	15	27045	卖盘
09:46:45	18.04	0.01	19	34276	买盘
09:46:42	18.03	0.03	23	41469	买盘
09:46:39	18.0	--	166	298800	卖盘
09:46:36	18.0	-0.01	12	21600	卖盘
09:46:33	18.01	0.02	1972	3551572	买盘
09:46:27	17.99	-0.01	1	1798	卖盘
09:46:24	18.0	0.01	78	140400	买盘
09:46:21	17.99	--	285	512714	买盘
09:46:18	17.99	--	28	50371	买盘
09:46:15	17.99	--	8	14391	买盘
09:46:12	17.99	--	74	133126	买盘
09:46:09	17.99	0.01	8	14391	买盘
09:46:06	17.98	--	10	17980	卖盘
09:46:03	17.98	--	70	125860	买盘
09:46:00	17.98	--	20	35960	买盘
09:45:57	17.98	--	234	420732	买盘
09:45:54	17.98	--	27	48546	买盘
09:45:51	17.98	--	64	115072	买盘
09:45:48	17.98	-0.01	165	296670	卖盘
09:45:45	17.99	0.01	22	39578	买盘
09:45:42	17.98	-0.01	79	142042	卖盘
09:45:39	17.99	--	3	5396	买盘
09:45:36	17.99	0.01	135	242864	买盘
09:45:33	17.98	-0.01	87	156426	卖盘
09:45:30	17.99	0.01	26	46773	买盘
09:45:27	17.98	-0.01	236	424328	中性盘
09:45:24	17.99	0.01	44	79156	买盘
09:45:21	17.98	--	40	71920	卖盘
09:45:18	17.98	-0.01	34	61132	卖盘
09:45:15	17.99	0.01	130	233869	买盘
09:45:12	17.98	--	27	48546	买盘
09:45:09	17.98	0.01	41	73718	卖盘
09:45:06	17.97	-0.02	293	527239	卖盘
09:45:03	17.99	--	1	1798	买盘
09:45:00	17.99	0.01	14	25185	买盘
09:44:57	17.98	-0.02	194	348812	卖盘
09:44:54	18.0	--	272	489600	买盘
09:44:51	18.0	--	96	172800	买盘
09:44:48	18.0	--	4	7200	买盘
09:44:45	18.0	--	61	109800	买盘
09:44:42	18.0	-0.01	475	855000	卖盘
09:44:39	18.01	0.01	10	18010	中性盘
09:44:36	18.0	-0.03	1050	1890000	卖盘
09:44:33	18.03	--	9	16227	卖盘
09:44:30	18.03	0.03	80	144240	买盘
09:44:27	18.0	-0.01	22	39600	卖盘
09:44:24	18.01	-0.01	177	318777	中性盘
09:44:21	18.02	--	15	27030	买盘
09:44:18	18.02	-0.01	428	771256	卖盘
09:44:15	18.03	--	1407	2536821	买盘
09:44:12	18.03	0.01	318	573354	买盘
09:44:09	18.02	-0.01	31	55862	卖盘
09:44:06	18.03	--	123	221769	买盘
09:44:03	18.03	-0.01	13	23439	卖盘
09:44:00	18.04	0.02	12	21648	买盘
09:43:57	18.02	-0.01	197	354994	卖盘
09:43:54	18.03	-0.01	28	50484	卖盘
09:43:51	18.04	0.01	30	54120	买盘
09:43:45	18.03	--	13	23439	卖盘
09:43:42	18.03	-0.01	46	82938	卖盘
09:43:39	18.04	0.01	173	312092	买盘
09:43:36	18.03	--	15	27045	买盘
09:43:33	18.03	-0.01	6	10818	卖盘
09:43:30	18.04	--	6	10824	买盘
09:43:27	18.04	0.01	116	209264	买盘
09:43:24	18.03	--	85	153255	卖盘
09:43:21	18.03	-0.01	90	162270	卖盘
09:43:18	18.04	--	36	64944	买盘
09:43:15	18.04	0.01	22	39688	买盘
09:43:12	18.03	--	10	18030	卖盘
09:43:09	18.03	-0.01	159	286677	卖盘
09:43:06	18.04	--	23	41492	买盘
09:43:03	18.04	--	101	182204	买盘
09:43:00	18.04	--	4	7216	买盘
09:42:57	18.04	--	17	30668	买盘
09:42:54	18.04	--	9	16236	买盘
09:42:51	18.04	-0.01	379	683716	卖盘
09:42:48	18.05	--	15	27075	买盘
09:42:45	18.05	--	104	187720	买盘
09:42:42	18.05	--	98	176890	卖盘
09:42:39	18.05	-0.01	45	81225	卖盘
09:42:36	18.06	-0.01	1	1805	卖盘
09:42:33	18.07	0.02	45	81315	买盘
09:42:30	18.05	--	120	217683	卖盘
09:42:27	18.05	-0.02	110	198550	卖盘
09:42:24	18.07	--	97	175279	买盘
09:42:21	18.07	0.02	15	27105	买盘
09:42:15	18.05	-0.02	135	243675	卖盘
09:42:12	18.07	--	161	290927	买盘
09:42:09	18.07	-0.01	45	81315	中性盘
09:42:06	18.08	--	25	45199	买盘
09:42:03	18.08	--	1006	1818847	买盘
09:42:00	18.08	0.01	154	278432	买盘
09:41:57	18.07	-0.01	121	218647	卖盘
09:41:54	18.08	--	161	291088	买盘
09:41:51	18.08	--	40	72320	买盘
09:41:48	18.08	--	51	92207	买盘
09:41:45	18.08	-0.01	213	386875	卖盘
09:41:42	18.09	--	4	7236	买盘
09:41:39	18.09	--	64	115776	买盘
09:41:36	18.09	0.01	66	119394	买盘
09:41:33	18.08	--	14	25311	卖盘
09:41:30	18.08	--	248	448420	买盘
09:41:27	18.08	--	46	83167	买盘
09:41:24	18.08	-0.01	170	307360	卖盘
09:41:21	18.09	--	79	142911	买盘
09:41:18	18.09	0.01	65	117585	买盘
09:41:15	18.08	-0.01	39	70512	卖盘
09:41:12	18.09	0.01	7	12663	买盘
09:41:09	18.08	-0.01	103	186223	卖盘
09:41:06	18.09	0.01	169	305721	买盘
09:41:03	18.08	--	10	18080	卖盘
09:41:00	18.08	--	29	52431	买盘
09:40:57	18.08	--	178	321823	买盘
09:40:54	18.08	--	61	110287	买盘
09:40:51	18.08	0.01	86	155487	买盘
09:40:48	18.07	-0.01	375	677625	卖盘
09:40:45	18.08	--	159	287472	买盘
09:40:42	18.08	0.01	73	131984	买盘
09:40:39	18.07	-0.01	34	61438	卖盘
09:40:36	18.08	--	70	126559	买盘
09:40:33	18.08	0.01	10	18080	买盘
09:40:30	18.07	-0.01	38	68666	卖盘
09:40:27	18.08	0.01	2	3615	买盘
09:40:24	18.07	--	169	305383	买盘
09:40:21	18.07	0.01	38	68666	买盘
09:40:18	18.06	--	10	18060	卖盘
09:40:15	18.06	--	94	169764	买盘
09:40:12	18.06	0.01	93	167958	买盘
09:40:09	18.05	-0.01	53	95665	卖盘
09:40:06	18.06	--	123	222137	买盘
09:40:03	18.06	0.01	14	25284	买盘
09:40:00	18.05	-0.01	41	74005	卖盘
09:39:57	18.06	0.01	13	23478	买盘
09:39:54	18.05	0.01	249	450167	买盘
09:39:51	18.04	--	591	1066164	卖盘
09:39:48	18.04	-0.01	4	7216	中性盘
09:39:42	18.05	0.02	220	397100	买盘
09:39:39	18.03	0.01	200	360600	中性盘
09:39:36	18.02	-0.02	226	407252	卖盘
09:39:33	18.04	--	29	52316	买盘
09:39:30	18.04	--	57	102828	买盘
09:39:27	18.04	0.01	40	72160	买盘
09:39:24	18.03	--	100	180300	买盘
09:39:21	18.03	-0.01	74	133422	卖盘
09:39:18	18.04	--	241	434764	买盘
09:39:15	18.04	--	144	259776	买盘
09:39:12	18.04	--	39	70356	买盘
09:39:09	18.04	--	341	615164	买盘
09:39:06	18.04	--	122	220088	买盘
09:39:03	18.04	--	46	82984	买盘
09:39:00	18.04	--	542	977768	买盘
09:38:57	18.04	--	30	54120	买盘
09:38:54	18.04	-0.01	28	50512	买盘
09:38:51	18.05	0.02	32	57760	买盘
09:38:48	18.03	-0.02	156	281268	卖盘
09:38:45	18.05	--	73	131765	买盘
09:38:42	18.05	-0.01	586	1057730	卖盘
09:38:39	18.06	0.01	90	162540	中性盘
09:38:36	18.05	-0.02	236	425980	卖盘
09:38:33	18.07	--	15	27105	买盘
09:38:30	18.07	--	154	278278	买盘
09:38:27	18.07	-0.01	206	372242	卖盘
09:38:24	18.08	-0.01	18	32543	买盘
09:38:21	18.09	0.01	123	222507	买盘
09:38:18	18.08	-0.01	691	1249327	卖盘
09:38:15	18.09	0.01	106	191754	买盘
09:38:12	18.08	--	14	25311	卖盘
09:38:09	18.08	-0.01	26	47007	卖盘
09:38:06	18.09	--	8	14472	买盘
09:38:03	18.09	-0.01	38	68742	卖盘
09:38:00	18.1	--	46	83260	买盘
09:37:57	18.1	--	1115	2018150	买盘
09:37:54	18.1	--	91	164710	买盘
09:37:51	18.1	--	58	104980	中性盘
09:37:48	18.1	--	45	81450	卖盘
09:37:45	18.1	--	134	242540	卖盘
09:37:42	18.1	--	320	579200	卖盘
09:37:39	18.1	--	201	363810	买盘
09:37:36	18.1	--	159	287790	买盘
09:37:33	18.1	--	586	1060660	买盘
09:37:30	18.1	--	115	208150	买盘
09:37:27	18.1	--	45	81450	买盘
09:37:24	18.1	--	99	179190	买盘
09:37:21	18.1	--	54	97740	买盘
09:37:18	18.1	-0.01	128	231680	卖盘
09:37:15	18.11	--	89	161179	买盘
09:37:12	18.11	--	360	651960	买盘
09:37:09	18.11	--	105	190155	买盘
09:37:06	18.11	0.02	200	362200	买盘
09:37:03	18.09	--	156	282204	买盘
09:37:00	18.09	--	371	671139	卖盘
09:36:57	18.09	-0.02	120	217080	卖盘
09:36:54	18.11	-0.02	227	411097	卖盘
09:36:51	18.13	0.02	985	1785805	买盘
09:36:48	18.11	--	148	268028	卖盘
09:36:45	18.11	--	40	72440	卖盘
09:36:42	18.11	-0.01	4	7244	中性盘
09:36:39	18.12	0.02	47	85164	买盘
09:36:36	18.1	--	15	27150	卖盘
09:36:33	18.1	--	61	110410	卖盘
09:36:30	18.1	0.01	261	472410	买盘
09:36:27	18.09	--	69	124821	卖盘
09:36:24	18.09	--	30	54270	卖盘
09:36:21	18.09	0.01	264	477576	买盘
09:36:18	18.08	0.02	207	374255	买盘
09:36:15	18.06	-0.02	144	260063	卖盘
09:36:12	18.08	--	324	585792	卖盘
09:36:09	18.08	0.01	198	357983	买盘
09:36:06	18.07	--	57	102999	卖盘
09:36:03	18.07	-0.01	1	1807	卖盘
09:36:00	18.08	-0.01	134	242271	买盘
09:35:57	18.09	--	319	577071	买盘
09:35:54	18.09	0.02	57	103113	买盘
09:35:51	18.07	-0.02	344	622168	卖盘
09:35:48	18.09	-0.01	231	417879	卖盘
09:35:45	18.1	--	212	383720	买盘
09:35:42	18.1	--	71	128510	中性盘
09:35:39	18.1	--	682	1235668	买盘
09:35:36	18.1	--	520	941761	卖盘
09:35:33	18.1	-0.01	1190	2155148	卖盘
09:35:30	18.11	0.01	338	612118	中性盘
09:35:27	18.1	--	171	309510	卖盘
09:35:24	18.1	-0.03	537	971970	卖盘
09:35:21	18.13	--	551	998963	买盘
09:35:18	18.13	-0.01	92	166796	中性盘
09:35:15	18.14	0.01	557	1010398	买盘
09:35:12	18.13	-0.01	89	161357	卖盘
09:35:09	18.14	--	178	322892	卖盘
09:35:06	18.14	-0.01	102	185028	卖盘
09:35:03	18.15	-0.01	305	553575	卖盘
09:35:00	18.16	--	5	9080	买盘
09:34:57	18.16	--	61	110776	买盘
09:34:54	18.16	-0.01	328	595648	卖盘
09:34:51	18.17	-0.01	334	606878	卖盘
09:34:48	18.18	--	61	110898	买盘
09:34:45	18.18	--	219	398142	买盘
09:34:42	18.18	--	617	1121706	买盘
09:34:39	18.18	--	143	259974	买盘
09:34:36	18.18	--	165	299970	买盘
09:34:33	18.18	--	173	314514	买盘
09:34:30	18.18	-0.01	681	1238058	卖盘
09:34:27	18.19	0.01	249	452931	买盘
09:34:24	18.18	-0.01	73	132714	卖盘
09:34:21	18.19	--	152	276488	买盘
09:34:18	18.19	--	299	543881	买盘
09:34:15	18.19	--	146	265574	买盘
09:34:12	18.19	--	37	67303	买盘
09:34:09	18.19	0.01	24	43656	买盘
09:34:06	18.18	-0.02	64	116352	卖盘
09:34:03	18.2	0.02	282	513240	买盘
09:34:00	18.18	--	203	369054	买盘
09:33:57	18.18	--	179	325422	买盘
09:33:54	18.18	--	295	536310	买盘
09:33:51	18.18	-0.03	580	1054440	卖盘
09:33:48	18.21	--	83	151143	中性盘
09:33:45	18.21	--	7	12747	卖盘
09:33:42	18.21	-0.01	35	63735	卖盘
09:33:39	18.22	0.03	225	411261	买盘
09:33:36	18.19	--	314	571166	卖盘
09:33:33	18.19	-0.01	83	150977	卖盘
09:33:30	18.2	--	179	325780	买盘
09:33:27	18.2	0.02	191	347620	买盘
09:33:24	18.18	-0.02	114	207252	卖盘
09:33:21	18.2	--	254	462280	买盘
09:33:18	18.2	--	313	569660	买盘
09:33:15	18.2	-0.05	727	1323649	卖盘
09:33:12	18.25	0.01	207	379089	买盘
09:33:09	18.24	--	194	353855	买盘
09:33:06	18.24	--	89	162336	买盘
09:33:03	18.24	--	1412	2575998	卖盘
09:33:00	18.24	--	920	1679393	买盘
09:32:57	18.24	0.01	142	259007	买盘
09:32:54	18.23	0.03	56	102088	中性盘
09:32:51	18.2	--	1353	2462460	买盘
09:32:48	18.2	--	416	757120	买盘
09:32:45	18.2	-0.05	1547	2816049	卖盘
09:32:42	18.25	0.03	393	717225	买盘
09:32:39	18.22	-0.03	193	351646	卖盘
09:32:36	18.25	0.01	388	709414	买盘
09:32:33	18.24	--	193	352031	买盘
09:32:30	18.24	--	337	614688	买盘
09:32:27	18.24	0.02	158	288192	买盘
09:32:24	18.22	0.02	225	409950	买盘
09:32:21	18.2	--	828	1506960	买盘
09:32:18	18.2	--	413	751660	买盘
09:32:15	18.2	--	1081	1967420	买盘
09:32:12	18.2	--	176	320320	卖盘
09:32:09	18.2	--	520	946400	卖盘
09:32:06	18.2	--	351	638820	买盘
09:32:03	18.2	--	105	191100	买盘
09:32:00	18.2	-0.04	381	693420	卖盘
09:31:57	18.24	0.01	486	886463	买盘
09:31:54	18.23	-0.02	241	439343	中性盘
09:31:51	18.25	0.01	1010	1843250	买盘
09:31:48	18.24	-0.01	364	663936	中性盘
09:31:45	18.25	-0.02	560	1022000	卖盘
09:31:42	18.27	--	164	299628	买盘
09:31:39	18.27	0.04	312	570024	买盘
09:31:36	18.23	-0.06	925	1686275	卖盘
09:31:33	18.29	0.01	205	374945	买盘
09:31:30	18.28	--	265	484420	买盘
09:31:27	18.28	0.03	350	639800	买盘
09:31:24	18.25	-0.03	1020	1861500	卖盘
09:31:21	18.28	-0.01	185	338180	卖盘
09:31:18	18.29	--	619	1132151	买盘
09:31:15	18.29	0.04	620	1133980	买盘
09:31:12	18.25	-0.04	504	919800	卖盘
09:31:09	18.29	0.02	692	1265668	买盘
09:31:06	18.27	-0.02	1939	3542553	卖盘
09:31:03	18.29	0.01	1062	1942398	买盘
09:31:00	18.28	-0.02	438	800664	卖盘
09:30:57	18.3	0.01	498	911340	买盘
09:30:54	18.29	-0.01	998	1825342	卖盘
09:30:51	18.3	0.02	700	1281000	买盘
09:30:48	18.28	--	221	403988	卖盘
09:30:45	18.28	0.07	115	210220	买盘
09:30:42	18.21	-0.07	916	1668036	卖盘
09:30:39	18.28	0.03	493	901204	买盘
09:30:36	18.25	-0.03	378	689850	卖盘
09:30:33	18.28	0.08	1410	2577480	买盘
09:30:30	18.2	-0.05	821	1494220	卖盘
09:30:27	18.25	--	77	140525	卖盘
09:30:24	18.25	0.01	568	1036600	买盘
09:30:21	18.24	--	82	149568	买盘
09:30:18	18.24	0.04	118	215231	买盘
09:30:15	18.2	0.08	61	111020	买盘
09:30:12	18.12	-0.08	73	132276	卖盘
09:30:09	18.2	0.02	453	824460	中性盘
09:30:06	18.18	-0.02	570	1036260	卖盘
09:30:03	18.2	0.1	5721	10412220	买盘
09:30:00	18.1	--	37	66970	买盘
09:25:03	18.1	18.1	6638	12014780	买盘
