成交时间	成交价	价格变动	成交量(手)	成交额(元)	性质
15:00:03	14.34	--	1968	2823259	卖盘
14:57:00	14.34	-0.01	5	7170	卖盘
14:56:57	14.35	0.01	69	99015	买盘
14:56:54	14.34	--	18	25812	卖盘
14:56:51	14.34	--	23	32982	卖盘
14:56:48	14.34	0.01	6	8604	买盘
14:56:45	14.33	--	396	567468	卖盘
14:56:42	14.33	--	74	106042	卖盘
14:56:36	14.33	-0.01	53	75949	卖盘
14:56:33	14.34	0.01	42	60228	买盘
14:56:27	14.33	--	30	42990	卖盘
14:56:24	14.33	-0.01	73	104609	卖盘
14:56:18	14.34	--	215	308310	买盘
14:56:15	14.34	0.01	10	14340	买盘
14:56:12	14.33	-0.01	26	37258	卖盘
14:56:09	14.34	0.01	8	11472	买盘
14:56:06	14.33	-0.01	10	14330	卖盘
14:56:03	14.34	0.01	47	67398	买盘
14:56:00	14.33	-0.01	53	75949	卖盘
14:55:57	14.34	--	64	91776	买盘
14:55:54	14.34	--	93	133362	买盘
14:55:51	14.34	--	3	4302	买盘
14:55:48	14.34	--	69	98946	买盘
14:55:45	14.34	--	8	11472	买盘
14:55:42	14.34	--	15	21510	买盘
14:55:39	14.34	--	127	182118	买盘
14:55:36	14.34	0.01	17	24378	买盘
14:55:30	14.33	-0.01	14	20062	卖盘
14:55:24	14.34	--	5	7170	买盘
14:55:21	14.34	0.01	89	127626	买盘
14:55:18	14.33	--	10	14330	买盘
14:55:15	14.33	-0.01	71	101743	卖盘
14:55:12	14.34	0.01	50	71700	买盘
14:55:09	14.33	--	52	74516	买盘
14:55:06	14.33	--	26	37258	买盘
14:55:03	14.33	-0.01	219	313827	卖盘
14:55:00	14.34	0.01	100	143400	买盘
14:54:57	14.33	-0.01	96	137568	卖盘
14:54:54	14.34	--	5	7170	买盘
14:54:51	14.34	--	22	31548	买盘
14:54:48	14.34	0.01	8	11472	买盘
14:54:45	14.33	--	44	63052	卖盘
14:54:42	14.33	-0.01	20	28660	卖盘
14:54:39	14.34	0.01	9	12906	买盘
14:54:36	14.33	--	5	7165	卖盘
14:54:33	14.33	--	34	48722	卖盘
14:54:27	14.33	--	201	288033	买盘
14:54:24	14.33	--	83	118939	买盘
14:54:21	14.33	--	138	197754	买盘
14:54:18	14.33	--	126	180558	买盘
14:54:15	14.33	--	6	8598	买盘
14:54:12	14.33	0.01	13	18629	买盘
14:54:09	14.32	--	61	87352	卖盘
14:54:06	14.32	-0.01	3	4296	卖盘
14:54:03	14.33	0.01	58	83114	买盘
14:54:00	14.32	--	20	28640	卖盘
14:53:57	14.32	--	25	35800	卖盘
14:53:54	14.32	--	1	1432	卖盘
14:53:51	14.32	--	5	7160	卖盘
14:53:45	14.32	-0.01	6	9537	卖盘
14:53:42	14.33	0.01	305	437065	买盘
14:53:39	14.32	--	49	70168	买盘
14:53:36	14.32	0.01	3	4296	买盘
14:53:33	14.31	-0.01	104	148824	卖盘
14:53:30	14.32	--	71	101672	买盘
14:53:27	14.32	--	30	42960	买盘
14:53:24	14.32	--	11	15752	买盘
14:53:21	14.32	--	24	34368	买盘
14:53:18	14.32	--	19	27208	买盘
14:53:15	14.32	--	4	5728	买盘
14:53:12	14.32	--	63	90216	买盘
14:53:09	14.32	--	74	105968	买盘
14:53:06	14.32	0.01	9	12888	买盘
14:53:03	14.31	-0.01	19	27189	卖盘
14:53:00	14.32	--	85	121720	买盘
14:52:57	14.32	--	7	10024	买盘
14:52:51	14.32	--	30	42960	买盘
14:52:48	14.32	--	10	14320	买盘
14:52:45	14.32	0.01	129	184728	买盘
14:52:42	14.31	-0.01	146	208926	卖盘
14:52:36	14.32	--	24	34368	买盘
14:52:33	14.32	--	10	14320	买盘
14:52:30	14.32	--	17	24344	买盘
14:52:27	14.32	--	374	535568	卖盘
14:52:21	14.32	--	17	24344	卖盘
14:52:18	14.32	--	46	65872	买盘
14:52:12	14.32	--	13	18616	买盘
14:52:06	14.32	--	14	20048	买盘
14:52:00	14.32	--	30	42960	买盘
14:51:54	14.32	--	2	2864	买盘
14:51:51	14.32	0.01	4	5728	买盘
14:51:45	14.31	-0.01	156	223236	卖盘
14:51:36	14.32	0.01	10	14320	买盘
14:51:33	14.31	--	2	2862	卖盘
14:51:30	14.31	-0.01	16	22896	卖盘
14:51:27	14.32	--	100	143200	买盘
14:51:21	14.32	0.01	9	12888	买盘
14:51:18	14.31	-0.01	36	51516	卖盘
14:51:15	14.32	0.01	10	14320	买盘
14:51:09	14.31	-0.01	90	128790	卖盘
14:51:00	14.32	--	85	121720	卖盘
14:50:57	14.32	--	1	1432	卖盘
14:50:54	14.32	--	50	71600	卖盘
14:50:51	14.32	-0.02	12	17184	卖盘
14:50:45	14.34	0.02	600	860400	买盘
14:50:42	14.32	-0.01	55	78760	卖盘
14:50:33	14.33	0.01	11	15763	买盘
14:50:21	14.32	-0.01	122	174704	卖盘
14:50:18	14.33	--	5	7165	卖盘
14:50:12	14.33	--	10	14330	卖盘
14:50:09	14.33	--	7	10031	卖盘
14:50:06	14.33	0.01	339	485787	买盘
14:50:00	14.32	--	7	10024	卖盘
14:49:57	14.32	--	15	21480	卖盘
14:49:54	14.32	-0.01	7	10024	卖盘
14:49:51	14.33	0.01	10	14330	买盘
14:49:48	14.32	-0.01	60	85920	卖盘
14:49:45	14.33	--	1	1433	买盘
14:49:27	14.33	--	18	25794	买盘
14:49:24	14.33	0.01	7	10031	买盘
14:49:15	14.32	--	3	4296	卖盘
14:49:09	14.32	-0.02	20	28640	卖盘
14:49:06	14.34	0.01	80	114720	买盘
14:48:51	14.33	-0.01	10	14330	买盘
14:48:48	14.34	0.02	60	86040	买盘
14:48:45	14.32	-0.01	148	212222	卖盘
14:48:42	14.33	--	60	85980	买盘
14:48:39	14.33	0.01	60	85980	买盘
14:48:36	14.32	--	103	148641	买盘
14:48:33	14.32	--	60	85920	买盘
14:48:30	14.32	--	80	114560	买盘
14:48:27	14.32	--	110	157520	买盘
14:48:24	14.32	0.01	11	15752	买盘
14:48:21	14.31	-0.01	184	263304	卖盘
14:48:18	14.32	0.01	49	70168	买盘
14:48:15	14.31	-0.01	175	250425	卖盘
14:48:12	14.32	0.01	60	85920	买盘
14:48:09	14.31	-0.01	69	98739	卖盘
14:48:06	14.32	--	140	200480	买盘
14:48:03	14.32	0.01	10	14320	买盘
14:47:54	14.31	-0.01	17	24327	卖盘
14:47:51	14.32	0.01	12	17184	买盘
14:47:45	14.31	--	50	71550	卖盘
14:47:42	14.31	--	30	42930	卖盘
14:47:39	14.31	--	41	58671	卖盘
14:47:33	14.31	--	18	25758	买盘
14:47:30	14.31	--	33	47223	买盘
14:47:27	14.31	--	34	48654	卖盘
14:47:21	14.31	--	4	5724	买盘
14:47:18	14.31	--	6	8586	中性盘
14:47:15	14.31	--	95	135945	买盘
14:47:12	14.31	--	10	14310	买盘
14:47:09	14.31	--	10	14310	买盘
14:47:06	14.31	--	54	77274	买盘
14:47:03	14.31	0.01	5	7155	买盘
14:46:57	14.3	-0.01	2	2860	卖盘
14:46:42	14.31	0.01	15	21465	买盘
14:46:39	14.3	-0.01	1	1430	卖盘
14:46:36	14.31	--	5	7155	买盘
14:46:33	14.31	--	53	75843	卖盘
14:46:30	14.31	-0.01	40	57240	卖盘
14:46:27	14.32	0.01	30	42960	买盘
14:46:12	14.31	--	31	44361	卖盘
14:46:06	14.31	--	22	31482	卖盘
14:46:03	14.31	--	5	7155	卖盘
14:45:54	14.31	--	14	20034	卖盘
14:45:48	14.31	--	77	110187	买盘
14:45:45	14.31	--	6	8586	买盘
14:45:33	14.31	-0.01	1	1431	卖盘
14:45:30	14.32	--	57	81624	买盘
14:45:24	14.32	0.01	30	42960	买盘
14:45:21	14.31	-0.01	90	128790	卖盘
14:45:18	14.32	--	1	1432	买盘
14:45:15	14.32	0.01	19	27208	买盘
14:45:06	14.31	--	34	48654	卖盘
14:45:00	14.31	--	20	28620	卖盘
14:44:57	14.31	-0.01	10	14310	卖盘
14:44:51	14.32	--	45	64440	买盘
14:44:45	14.32	--	38	54416	买盘
14:44:42	14.32	--	5	7160	买盘
14:44:30	14.32	0.01	15	21480	卖盘
14:44:27	14.31	--	5	7155	卖盘
14:44:24	14.31	-0.01	200	286200	卖盘
14:44:18	14.32	--	126	180432	买盘
14:44:15	14.32	0.01	12	17184	买盘
14:44:06	14.31	--	3	4293	卖盘
14:44:00	14.31	--	10	14310	买盘
14:43:57	14.31	--	23	32913	买盘
14:43:54	14.31	--	20	28620	买盘
14:43:45	14.31	--	2	2862	买盘
14:43:39	14.31	0.01	15	21465	买盘
14:43:33	14.3	--	8	11440	卖盘
14:43:30	14.3	--	20	28600	卖盘
14:43:27	14.3	--	182	260445	买盘
14:43:18	14.3	--	36	51480	买盘
14:43:15	14.3	--	50	71500	买盘
14:43:09	14.3	--	10	14300	买盘
14:43:06	14.3	0.01	4	5720	买盘
14:42:57	14.29	--	1	1429	卖盘
14:42:54	14.29	--	21	30009	卖盘
14:42:51	14.29	-0.01	50	71450	卖盘
14:42:48	14.3	--	20	28600	买盘
14:42:39	14.3	--	17	24310	买盘
14:42:36	14.3	-0.01	390	558944	卖盘
14:42:33	14.31	-0.01	88	125928	卖盘
14:42:30	14.32	--	24	34368	买盘
14:42:27	14.32	--	1	1432	卖盘
14:42:24	14.32	--	19	27208	买盘
14:42:21	14.32	--	6	8592	卖盘
14:42:18	14.32	--	39	55848	卖盘
14:42:12	14.32	--	2	2864	卖盘
14:42:09	14.32	--	72	103104	卖盘
14:42:06	14.32	--	4	5728	卖盘
14:42:03	14.32	--	511	731752	卖盘
14:42:00	14.32	--	10	14320	卖盘
14:41:57	14.32	--	16	22912	卖盘
14:41:54	14.32	--	72	103104	卖盘
14:41:51	14.32	--	12	17184	卖盘
14:41:48	14.32	--	152	217664	卖盘
14:41:30	14.32	--	20	28640	卖盘
14:41:27	14.32	--	50	71600	卖盘
14:41:24	14.32	--	22	31504	卖盘
14:41:18	14.32	--	5	7160	卖盘
14:41:15	14.32	-0.01	38	54416	卖盘
14:41:12	14.33	0.01	3	4299	买盘
14:41:09	14.32	--	21	30072	卖盘
14:41:06	14.32	--	99	141768	卖盘
14:41:00	14.32	--	5	7160	卖盘
14:40:57	14.32	-0.01	11	15752	卖盘
14:40:42	14.33	-0.01	14	20062	卖盘
14:40:39	14.34	0.01	20	28680	买盘
14:40:33	14.33	--	128	183424	卖盘
14:40:30	14.33	--	5	7165	卖盘
14:40:27	14.33	-0.01	130	186290	卖盘
14:40:24	14.34	0.01	31	44454	买盘
14:40:21	14.33	--	8	11464	卖盘
14:40:15	14.33	-0.01	217	310961	卖盘
14:40:09	14.34	--	83	119022	卖盘
14:40:06	14.34	--	3	4302	卖盘
14:40:00	14.34	--	159	228006	买盘
14:39:57	14.34	--	225	322650	卖盘
14:39:54	14.34	--	13	18642	卖盘
14:39:51	14.34	--	82	117588	买盘
14:39:48	14.34	--	1	1434	买盘
14:39:39	14.34	--	5	7170	买盘
14:39:33	14.34	--	85	121890	买盘
14:39:30	14.34	-0.01	7	10038	卖盘
14:39:27	14.35	0.01	39	55965	买盘
14:39:21	14.34	--	20	28680	卖盘
14:39:12	14.34	--	62	88908	卖盘
14:39:09	14.34	--	10	14340	卖盘
14:39:00	14.34	-0.01	73	104682	卖盘
14:38:51	14.35	--	188	269780	买盘
14:38:45	14.35	--	1	1435	买盘
14:38:39	14.35	0.01	6	8610	买盘
14:38:33	14.34	--	26	37284	卖盘
14:38:30	14.34	--	8	11472	买盘
14:38:21	14.34	-0.01	8	11472	卖盘
14:38:18	14.35	0.01	27	38745	买盘
14:38:12	14.34	--	10	14340	卖盘
14:38:09	14.34	--	23	32982	卖盘
14:38:06	14.34	-0.01	10	14340	卖盘
14:38:00	14.35	0.01	190	272650	买盘
14:37:51	14.34	0.01	132	189288	买盘
14:37:48	14.33	--	50	71650	卖盘
14:37:45	14.33	-0.01	10	14330	卖盘
14:37:39	14.34	--	10	14340	买盘
14:37:30	14.34	--	55	78870	买盘
14:37:27	14.34	0.01	8	11472	买盘
14:37:24	14.33	-0.01	10	14330	卖盘
14:37:21	14.34	--	2	2868	买盘
14:37:18	14.34	--	9	12906	买盘
14:37:15	14.34	0.01	20	28680	买盘
14:37:12	14.33	--	5	7165	卖盘
14:37:09	14.33	-0.01	17	24361	卖盘
14:37:06	14.34	--	70	100380	买盘
14:37:03	14.34	--	7	10038	买盘
14:37:00	14.34	--	11	15774	买盘
14:36:57	14.34	--	30	43020	买盘
14:36:54	14.34	0.01	5	7170	买盘
14:36:51	14.33	-0.01	2	2866	卖盘
14:36:48	14.34	--	17	24378	买盘
14:36:45	14.34	--	10	14340	买盘
14:36:42	14.34	--	52	74568	买盘
14:36:39	14.34	--	15	21510	买盘
14:36:33	14.34	--	63	90342	买盘
14:36:27	14.34	0.01	54	77436	买盘
14:36:18	14.33	-0.01	3	4299	卖盘
14:36:12	14.34	0.01	20	28680	买盘
14:36:09	14.33	--	50	71650	卖盘
14:36:03	14.33	-0.01	6	8598	卖盘
14:36:00	14.34	--	1	1434	买盘
14:35:54	14.34	--	14	20076	买盘
14:35:48	14.34	--	3	4302	买盘
14:35:45	14.34	--	67	96078	卖盘
14:35:42	14.34	-0.01	13	18642	卖盘
14:35:39	14.35	0.01	13	18655	买盘
14:35:30	14.34	--	3	4302	卖盘
14:35:24	14.34	-0.01	2	2868	中性盘
14:35:21	14.35	--	17	24395	买盘
14:35:15	14.35	0.02	9	12915	买盘
14:35:12	14.33	-0.02	60	85980	卖盘
14:35:09	14.35	0.01	40	57400	买盘
14:35:06	14.34	--	9	12906	卖盘
14:35:03	14.34	-0.01	11	15774	卖盘
14:35:00	14.35	--	47	67445	买盘
14:34:57	14.35	0.01	5	7175	买盘
14:34:54	14.34	--	30	43020	卖盘
14:34:45	14.34	0.01	5	7170	买盘
14:34:39	14.33	-0.01	60	85980	卖盘
14:34:36	14.34	-0.01	3	4302	卖盘
14:34:33	14.35	0.01	38	54530	买盘
14:34:24	14.34	--	25	35850	卖盘
14:34:21	14.34	--	41	58794	卖盘
14:34:06	14.34	--	18	25812	卖盘
14:34:00	14.34	-0.01	2	2868	中性盘
14:33:54	14.35	--	10	14350	买盘
14:33:51	14.35	--	144	206640	买盘
14:33:45	14.35	0.01	10	14350	买盘
14:33:42	14.34	--	4	5736	卖盘
14:33:33	14.34	-0.01	10	14340	卖盘
14:33:24	14.35	--	350	502250	卖盘
14:33:18	14.35	--	3	4305	卖盘
14:33:15	14.35	--	10	14350	卖盘
14:33:09	14.35	-0.01	5	7175	卖盘
14:33:06	14.36	0.01	11	15796	中性盘
14:32:51	14.35	-0.01	15	21525	卖盘
14:32:48	14.36	--	44	63184	卖盘
14:32:45	14.36	--	48	68928	卖盘
14:32:39	14.36	--	9	12924	卖盘
14:32:36	14.36	-0.01	12	17232	卖盘
14:32:33	14.37	--	20	28740	买盘
14:32:27	14.37	--	51	73287	卖盘
14:32:24	14.37	-0.01	51	73287	卖盘
14:32:21	14.38	0.01	7	10066	买盘
14:32:18	14.37	-0.01	15	21555	中性盘
14:32:15	14.38	0.01	200	287600	买盘
14:32:12	14.37	--	85	122145	卖盘
14:32:09	14.37	-0.01	20	28740	卖盘
14:32:06	14.38	--	25	35950	买盘
14:32:03	14.38	0.01	20	28760	买盘
14:32:00	14.37	-0.01	91	130767	卖盘
14:31:57	14.38	--	429	616902	卖盘
14:31:54	14.38	0.01	1	1438	中性盘
14:31:51	14.37	-0.01	25	35925	卖盘
14:31:48	14.38	0.01	11	15818	买盘
14:31:45	14.37	-0.01	11	15807	卖盘
14:31:42	14.38	-0.01	122	175436	中性盘
14:31:39	14.39	0.02	1020	1467780	买盘
14:31:36	14.37	-0.01	76	109212	卖盘
14:31:33	14.38	--	102	146676	卖盘
14:31:30	14.38	--	56	80528	卖盘
14:31:27	14.38	--	1124	1616312	买盘
14:31:24	14.38	0.01	13	18694	买盘
14:31:21	14.37	-0.01	219	314961	卖盘
14:31:18	14.38	--	52	74776	买盘
14:31:15	14.38	--	71	102098	买盘
14:31:12	14.38	--	40	57520	买盘
14:31:09	14.38	0.01	15	21570	买盘
14:31:06	14.37	0.01	211	303207	买盘
14:31:03	14.36	--	1	1436	卖盘
14:31:00	14.36	--	41	58876	卖盘
14:30:57	14.36	--	50	71800	卖盘
14:30:54	14.36	--	351	504524	买盘
14:30:51	14.36	--	14	20104	买盘
14:30:48	14.36	--	239	343204	买盘
14:30:42	14.36	--	9	12924	买盘
14:30:39	14.36	--	248	356128	买盘
14:30:36	14.36	--	229	328844	买盘
14:30:33	14.36	--	50	71800	买盘
14:30:30	14.36	0.01	25	35900	买盘
14:30:27	14.35	--	119	170765	卖盘
14:30:21	14.35	--	222	318570	买盘
14:30:18	14.35	0.01	59	84665	买盘
14:30:15	14.34	-0.01	21	30114	卖盘
14:30:12	14.35	--	1010	1449350	买盘
14:30:09	14.35	0.01	4	5740	买盘
14:30:06	14.34	-0.01	10	14340	卖盘
14:30:03	14.35	--	105	150675	买盘
14:29:54	14.35	0.01	41	58835	买盘
14:29:51	14.34	--	4	5736	卖盘
14:29:48	14.34	-0.01	114	163476	卖盘
14:29:45	14.35	0.01	20	28700	买盘
14:29:42	14.34	-0.01	3	4302	卖盘
14:29:39	14.35	--	1	1435	买盘
14:29:33	14.35	0.01	10	14350	买盘
14:29:30	14.34	-0.01	22	31548	卖盘
14:29:24	14.35	--	17	24395	买盘
14:29:21	14.35	0.01	185	265475	买盘
14:29:18	14.34	--	5	7170	卖盘
14:29:12	14.34	--	80	114720	买盘
14:29:09	14.34	--	66	94644	买盘
14:29:06	14.34	--	5	7170	买盘
14:29:03	14.34	0.01	140	200760	买盘
14:29:00	14.33	-0.01	17	24361	卖盘
14:28:57	14.34	--	20	28680	买盘
14:28:51	14.34	--	50	71700	买盘
14:28:48	14.34	-0.01	61	87474	卖盘
14:28:45	14.35	0.01	63	90405	买盘
14:28:42	14.34	--	8	11472	卖盘
14:28:39	14.34	-0.01	106	152004	卖盘
14:28:36	14.35	0.01	57	81795	买盘
14:28:30	14.34	-0.01	31	44454	卖盘
14:28:27	14.35	0.01	8	11480	买盘
14:28:24	14.34	--	221	316914	买盘
14:28:21	14.34	--	100	143400	买盘
14:28:15	14.34	0.01	5	7170	买盘
14:28:12	14.33	-0.01	10	14330	卖盘
14:28:09	14.34	-0.01	1	1434	中性盘
14:28:03	14.35	0.01	662	949970	买盘
14:27:51	14.34	--	18	25812	买盘
14:27:48	14.34	--	155	223216	卖盘
14:27:36	14.34	0.01	360	516727	买盘
14:27:33	14.33	--	59	84547	卖盘
14:27:27	14.33	-0.01	5	7165	中性盘
14:27:15	14.34	0.02	700	1003800	买盘
14:27:12	14.32	-0.01	100	143200	卖盘
14:27:09	14.33	--	13	18629	买盘
14:27:00	14.33	--	2	2866	买盘
14:26:57	14.33	--	3	4299	买盘
14:26:42	14.33	0.01	30	42990	买盘
14:26:39	14.32	-0.01	10	14320	卖盘
14:26:36	14.33	0.02	2	2866	买盘
14:26:27	14.31	-0.02	10	14310	卖盘
14:26:24	14.33	0.01	83	118939	买盘
14:26:21	14.32	--	3	4296	买盘
14:26:15	14.32	-0.02	2	2864	卖盘
14:26:06	14.34	0.02	800	1147200	买盘
14:26:03	14.32	--	9	12888	卖盘
14:26:00	14.32	--	9	12888	买盘
14:25:54	14.32	0.01	101	144632	买盘
14:25:51	14.31	--	20	28620	卖盘
14:25:42	14.31	--	1	1431	卖盘
14:25:39	14.31	--	25	35775	卖盘
14:25:12	14.31	0.01	17	24327	买盘
14:25:09	14.3	-0.01	54	77405	卖盘
14:25:06	14.31	--	3	4293	卖盘
14:25:03	14.31	-0.01	6	8586	中性盘
14:24:57	14.32	--	50	71600	买盘
14:24:51	14.32	0.02	50	71600	买盘
14:24:48	14.3	-0.02	68	97240	卖盘
14:24:45	14.32	0.01	45	64440	买盘
14:24:36	14.31	--	6	8586	买盘
14:24:33	14.31	0.01	67	95877	买盘
14:24:21	14.3	-0.01	18	25740	卖盘
14:24:09	14.31	-0.01	10	14310	卖盘
14:24:06	14.32	--	63	90216	买盘
14:24:00	14.32	--	87	124584	中性盘
14:23:54	14.32	--	15	21480	卖盘
14:23:51	14.32	-0.01	35	50120	卖盘
14:23:48	14.33	--	23	32959	买盘
14:23:39	14.33	0.01	11	15763	买盘
14:23:33	14.32	-0.01	70	100240	卖盘
14:23:30	14.33	--	9	12897	买盘
14:23:27	14.33	-0.01	22	31526	中性盘
14:23:18	14.34	--	4	5736	买盘
14:23:15	14.34	--	18	25812	买盘
14:23:12	14.34	--	10	14340	买盘
14:23:03	14.34	--	4	5736	买盘
14:23:00	14.34	0.01	91	130494	买盘
14:22:57	14.33	--	47	67351	卖盘
14:22:54	14.33	-0.01	4	5732	卖盘
14:22:51	14.34	0.01	5	7170	买盘
14:22:48	14.33	--	40	57320	卖盘
14:22:45	14.33	--	80	114640	卖盘
14:22:39	14.33	--	205	293765	卖盘
14:22:30	14.33	-0.01	71	101743	卖盘
14:22:21	14.34	0.01	5	7170	买盘
14:22:18	14.33	--	34	48722	买盘
14:22:12	14.33	--	4	5732	买盘
14:22:06	14.33	--	70	100310	买盘
14:22:03	14.33	0.02	20	28660	买盘
14:22:00	14.31	--	20	28620	买盘
14:21:57	14.31	-0.01	178	254718	卖盘
14:21:54	14.32	-0.01	53	75896	卖盘
14:21:51	14.33	--	30	42990	买盘
14:21:48	14.33	--	57	81681	买盘
14:21:45	14.33	--	35	50155	买盘
14:21:42	14.33	--	2	2866	买盘
14:21:39	14.33	--	11	15763	买盘
14:21:36	14.33	--	2	2866	买盘
14:21:33	14.33	0.01	10	14330	买盘
14:21:27	14.32	-0.01	10	14320	卖盘
14:21:24	14.33	--	72	103176	卖盘
14:21:21	14.33	--	15	21495	买盘
14:21:18	14.33	--	6	8598	买盘
14:21:12	14.33	--	10	14330	买盘
14:21:09	14.33	--	6	8598	买盘
14:21:06	14.33	--	10	14330	买盘
14:21:03	14.33	0.01	9	12897	买盘
14:21:00	14.32	0.01	4	5728	买盘
14:20:57	14.31	--	5	7155	买盘
14:20:54	14.31	-0.03	93	133083	卖盘
14:20:51	14.34	0.01	64	91776	买盘
14:20:48	14.33	--	85	121805	买盘
14:20:45	14.33	0.01	3	4299	买盘
14:20:42	14.32	-0.01	28	40096	卖盘
14:20:39	14.33	--	2	2866	买盘
14:20:36	14.33	--	6	8598	买盘
14:20:33	14.33	--	11	15763	买盘
14:20:30	14.33	0.01	10	14330	买盘
14:20:27	14.32	-0.01	23	32936	卖盘
14:20:24	14.33	--	18	25794	买盘
14:20:18	14.33	-0.01	59	84547	卖盘
14:20:15	14.34	0.01	30	43020	买盘
14:20:12	14.33	-0.01	14	20062	中性盘
14:20:09	14.34	0.01	75	107550	买盘
14:20:06	14.33	--	3	4299	买盘
14:20:00	14.33	--	234	335322	卖盘
14:19:57	14.33	-0.01	110	157630	卖盘
14:19:54	14.34	0.01	40	57360	买盘
14:19:51	14.33	--	15	21495	卖盘
14:19:48	14.33	--	10	14330	卖盘
14:19:45	14.33	--	5	7165	卖盘
14:19:42	14.33	--	100	143300	卖盘
14:19:39	14.33	--	6	8598	卖盘
14:19:36	14.33	0.01	535	766655	买盘
14:19:33	14.32	0.01	100	143200	买盘
14:19:21	14.31	-0.01	60	85860	卖盘
14:19:18	14.32	--	24	34368	买盘
14:19:09	14.32	--	12	17184	买盘
14:19:06	14.32	--	104	148928	卖盘
14:19:03	14.32	-0.01	10	14320	卖盘
14:19:00	14.33	--	10	14330	买盘
14:18:54	14.33	--	482	690706	买盘
14:18:51	14.33	--	2	4141	卖盘
14:18:48	14.33	--	100	143300	卖盘
14:18:45	14.33	--	614	879862	卖盘
14:18:42	14.33	-0.01	471	674943	卖盘
14:18:39	14.34	--	145	207930	买盘
14:18:36	14.34	--	9	12906	买盘
14:18:33	14.34	--	14	20076	买盘
14:18:30	14.34	--	27	38718	买盘
14:18:27	14.34	--	100	143400	买盘
14:18:24	14.34	0.01	61	87474	买盘
14:18:21	14.33	-0.01	24	34392	卖盘
14:18:18	14.34	--	21	30114	买盘
14:18:15	14.34	--	85	121890	买盘
14:18:12	14.34	0.01	6	8604	买盘
14:18:09	14.33	-0.01	9	12897	卖盘
14:18:06	14.34	0.01	7	10038	买盘
14:18:03	14.33	--	150	214950	卖盘
14:18:00	14.33	--	2	2866	卖盘
14:17:54	14.33	0.01	120	172117	买盘
14:17:51	14.32	--	39	55848	买盘
14:17:48	14.32	--	14	20048	买盘
14:17:45	14.32	--	1	1432	买盘
14:17:42	14.32	-0.01	22	32778	卖盘
14:17:39	14.33	--	171	245200	买盘
14:17:36	14.33	--	3	4299	买盘
14:17:33	14.33	0.01	45	64485	买盘
14:17:27	14.32	--	80	114560	卖盘
14:17:24	14.32	-0.01	128	183296	卖盘
14:17:21	14.33	0.01	42	60186	买盘
14:17:18	14.32	--	80	114560	卖盘
14:17:15	14.32	-0.01	25	35800	卖盘
14:17:12	14.33	0.02	202	289466	买盘
14:17:09	14.31	-0.01	68	97308	卖盘
14:17:06	14.32	--	16	22912	买盘
14:17:03	14.32	--	81	115992	买盘
14:17:00	14.32	--	38	54416	买盘
14:16:57	14.32	--	54	77328	买盘
14:16:54	14.32	--	501	717432	买盘
14:16:51	14.32	0.01	30	42960	买盘
14:16:48	14.31	-0.01	3	4293	中性盘
14:16:42	14.32	0.02	2053	2939896	买盘
14:16:39	14.3	--	200	286000	买盘
14:16:36	14.3	0.01	400	572000	买盘
14:16:33	14.29	--	86	122893	卖盘
14:16:30	14.29	-0.01	2010	2872290	卖盘
14:16:24	14.3	--	253	361790	买盘
14:16:21	14.3	0.01	89	127270	买盘
14:16:18	14.29	--	228	325812	买盘
14:16:15	14.29	--	25	35725	买盘
14:16:09	14.29	--	620	885980	买盘
14:16:06	14.29	--	25	35725	买盘
14:16:03	14.29	--	2	2858	买盘
14:16:00	14.29	--	4	5716	买盘
14:15:54	14.29	--	20	28580	买盘
14:15:51	14.29	--	41	58589	买盘
14:15:48	14.29	--	120	171480	买盘
14:15:42	14.29	0.01	21	30009	买盘
14:15:39	14.28	--	161	229908	买盘
14:15:36	14.28	--	100	142800	买盘
14:15:30	14.28	--	87	124236	买盘
14:15:27	14.28	--	107	152796	买盘
14:15:24	14.28	--	24	34272	买盘
14:15:21	14.28	--	5	7140	买盘
14:15:15	14.28	--	16	22848	买盘
14:15:12	14.28	--	69	98532	买盘
14:15:09	14.28	0.01	44	62832	买盘
14:15:03	14.27	--	94	134138	卖盘
14:14:54	14.27	--	15	21405	买盘
14:14:51	14.27	--	37	52799	买盘
14:14:48	14.27	--	2	2854	买盘
14:14:45	14.27	--	100	142700	买盘
14:14:39	14.27	0.01	37	52799	买盘
14:14:33	14.26	--	35	49910	卖盘
14:14:30	14.26	--	11	15686	买盘
14:14:27	14.26	--	1	1426	买盘
14:14:24	14.26	--	21	29946	买盘
14:14:21	14.26	--	12	17112	买盘
14:14:18	14.26	--	16	22816	买盘
14:14:15	14.26	--	50	71300	买盘
14:14:12	14.26	--	350	499100	卖盘
14:14:03	14.26	-0.01	11	15686	卖盘
14:14:00	14.27	0.01	10	14270	买盘
14:13:51	14.26	-0.01	38	54188	卖盘
14:13:42	14.27	--	100	142700	买盘
14:13:39	14.27	0.02	5	7135	买盘
14:13:36	14.25	-0.02	15	21375	卖盘
14:13:24	14.27	0.01	38	54226	买盘
14:13:21	14.26	-0.01	185	263810	卖盘
14:13:15	14.27	--	38	54226	买盘
14:13:06	14.27	0.01	31	44237	买盘
14:13:03	14.26	--	31	44206	卖盘
14:12:48	14.26	--	200	285200	卖盘
14:12:42	14.26	--	117	166842	买盘
14:12:39	14.26	--	20	28520	买盘
14:12:30	14.26	--	32	45632	卖盘
14:12:27	14.26	--	12	17112	卖盘
14:12:12	14.26	--	3	4278	卖盘
14:12:09	14.26	--	30	42780	卖盘
14:12:03	14.26	--	11	15686	卖盘
14:11:57	14.26	0.01	7	9982	买盘
14:11:51	14.25	--	11	15675	卖盘
14:11:48	14.25	-0.01	3	4275	卖盘
14:11:45	14.26	0.01	9	12834	买盘
14:11:42	14.25	--	5	7125	卖盘
14:11:33	14.25	-0.01	3	4275	卖盘
14:11:09	14.26	--	50	71300	买盘
14:11:03	14.26	--	5	7130	买盘
14:11:00	14.26	--	98	139748	买盘
14:10:54	14.26	0.01	60	85560	买盘
14:10:48	14.25	-0.01	1	1425	卖盘
14:10:39	14.26	--	5	7130	买盘
14:10:33	14.26	0.01	81	115506	买盘
14:10:24	14.25	-0.01	21	29925	卖盘
14:10:12	14.26	0.01	11	15686	买盘
14:10:03	14.25	--	70	99750	卖盘
14:10:00	14.25	--	1	1425	卖盘
14:09:57	14.25	--	1	1425	卖盘
14:09:54	14.25	--	11	15675	卖盘
14:09:30	14.25	-0.01	4	5700	卖盘
14:09:15	14.26	-0.01	39	55614	卖盘
14:09:12	14.27	--	50	71350	买盘
14:09:09	14.27	0.01	50	71350	买盘
14:09:06	14.26	-0.01	100	142600	卖盘
14:08:48	14.27	0.01	10	14270	买盘
14:08:27	14.26	--	6	8556	卖盘
14:08:18	14.26	--	5	7130	卖盘
14:08:12	14.26	-0.01	10	14260	卖盘
14:07:57	14.27	--	30	42810	买盘
14:07:51	14.27	--	7	9989	买盘
14:07:42	14.27	--	33	47091	买盘
14:07:33	14.27	--	1	1427	卖盘
14:07:24	14.27	--	62	88474	卖盘
14:07:15	14.27	-0.01	82	117014	卖盘
14:07:12	14.28	0.01	5	7140	买盘
14:07:06	14.27	--	1	1427	卖盘
14:07:00	14.27	--	137	195499	卖盘
14:06:57	14.27	-0.01	3	4281	卖盘
14:06:54	14.28	--	20	28560	买盘
14:06:51	14.28	0.01	1	1428	买盘
14:06:48	14.27	-0.01	1	1427	卖盘
14:06:36	14.28	0.01	60	85680	买盘
14:06:18	14.27	--	5	7135	卖盘
14:06:15	14.27	--	2	2854	卖盘
14:06:06	14.27	--	4	5708	卖盘
14:06:00	14.27	--	10	14270	卖盘
14:05:54	14.27	--	58	82766	卖盘
14:05:48	14.27	--	100	142700	卖盘
14:05:33	14.27	--	5	7135	卖盘
14:05:30	14.27	--	63	89901	卖盘
14:05:24	14.27	-0.01	6	8562	卖盘
14:05:15	14.28	0.01	30	42840	买盘
14:05:12	14.27	--	8	11416	卖盘
14:05:09	14.27	--	15	21405	卖盘
14:05:06	14.27	--	10	14270	卖盘
14:04:51	14.27	--	3	4281	买盘
14:04:48	14.27	--	10	14270	买盘
14:04:45	14.27	--	5	7135	买盘
14:04:42	14.27	--	3	4281	买盘
14:04:39	14.27	--	2	2854	买盘
14:04:30	14.27	--	1	1427	买盘
14:04:24	14.27	--	28	39956	卖盘
14:04:21	14.27	--	5	7135	卖盘
14:04:18	14.27	--	45	64215	卖盘
14:03:57	14.27	-0.01	5	7135	卖盘
14:03:54	14.28	0.01	8	11424	买盘
14:03:39	14.27	--	2	2854	卖盘
14:03:18	14.27	-0.01	105	149835	卖盘
14:03:12	14.28	--	6	8568	卖盘
14:03:06	14.28	--	159	227052	买盘
14:02:57	14.28	0.01	21	29988	买盘
14:02:54	14.27	-0.01	21	29967	卖盘
14:02:48	14.28	0.01	300	428400	买盘
14:02:15	14.27	-0.01	20	28540	卖盘
14:02:06	14.28	0.01	3	4284	买盘
14:02:00	14.27	--	3	4281	卖盘
14:01:51	14.27	--	3	4281	卖盘
14:01:48	14.27	--	3	4281	卖盘
14:01:45	14.27	0.01	28	39956	买盘
14:01:42	14.26	-0.01	28	39928	卖盘
14:01:36	14.27	--	4	5708	买盘
14:01:24	14.27	--	3	4281	卖盘
14:01:06	14.27	--	7	9989	卖盘
14:01:03	14.27	--	90	128430	买盘
14:01:00	14.27	--	79	112733	买盘
14:00:54	14.27	0.01	10	14270	买盘
14:00:45	14.26	-0.01	30	42780	卖盘
14:00:30	14.27	--	4	5708	买盘
14:00:24	14.27	--	10	14270	买盘
14:00:21	14.27	--	18	25686	买盘
14:00:18	14.27	--	96	136992	买盘
14:00:15	14.27	--	100	142700	买盘
14:00:09	14.27	--	16	22832	买盘
14:00:06	14.27	-0.01	288	410976	卖盘
14:00:03	14.28	0.01	24	34272	买盘
13:59:54	14.27	-0.01	27	38529	卖盘
13:59:51	14.28	--	144	205632	买盘
13:59:45	14.28	0.01	8	11424	买盘
13:59:39	14.27	--	8	11416	买盘
13:59:30	14.27	-0.01	2	2854	卖盘
13:59:24	14.28	--	300	428400	买盘
13:59:18	14.28	0.01	15	21420	买盘
13:59:12	14.27	-0.01	84	119868	卖盘
13:59:03	14.28	0.01	20	28560	买盘
13:58:57	14.27	--	6	8562	卖盘
13:58:54	14.27	--	20	28540	卖盘
13:58:51	14.27	--	122	174094	卖盘
13:58:45	14.27	--	30	42810	卖盘
13:58:39	14.27	-0.01	5	7135	卖盘
13:58:24	14.28	--	3	4284	买盘
13:58:21	14.28	0.01	9	12852	买盘
13:58:15	14.27	-0.01	15	21405	卖盘
13:58:12	14.28	--	64	91392	买盘
13:58:06	14.28	--	5	7140	买盘
13:58:03	14.28	--	7	9996	买盘
13:57:57	14.28	--	2	2856	买盘
13:57:51	14.28	--	10	14280	买盘
13:57:48	14.28	--	42	59976	买盘
13:57:45	14.28	0.01	4	5712	买盘
13:57:30	14.27	-0.01	36	51372	卖盘
13:57:27	14.28	--	244	348432	买盘
13:57:24	14.28	--	9	12852	买盘
13:57:21	14.28	--	3	4284	买盘
13:57:15	14.28	--	11	15708	买盘
13:57:12	14.28	--	32	45696	买盘
13:57:06	14.28	--	3	4284	买盘
13:56:54	14.28	--	26	37128	买盘
13:56:48	14.28	--	48	68544	买盘
13:56:39	14.28	--	17	24276	买盘
13:56:36	14.28	--	15	21420	买盘
13:56:21	14.28	0.01	92	131376	买盘
13:56:18	14.27	-0.01	19	27113	卖盘
13:56:12	14.28	--	14	19992	买盘
13:56:03	14.28	0.01	3	4284	买盘
13:55:48	14.27	--	18	25686	买盘
13:55:45	14.27	--	30	42810	买盘
13:55:39	14.27	--	42	59934	买盘
13:55:36	14.27	--	5	7135	买盘
13:55:33	14.27	-0.01	105	149835	卖盘
13:55:30	14.28	--	290	414120	买盘
13:55:27	14.28	--	100	142800	买盘
13:55:24	14.28	--	14	19992	买盘
13:55:03	14.28	--	85	121380	买盘
13:55:00	14.28	--	30	42840	买盘
13:54:42	14.28	--	10	14280	买盘
13:54:39	14.28	0.01	21	29988	买盘
13:54:36	14.27	-0.01	1	1427	卖盘
13:54:27	14.28	--	83	118524	买盘
13:54:24	14.28	0.02	500	714000	买盘
13:54:15	14.26	-0.01	1	1426	卖盘
13:54:03	14.27	--	1	1427	买盘
13:53:57	14.27	0.01	4	5708	买盘
13:53:51	14.26	--	5	7130	买盘
13:53:48	14.26	--	7	9982	买盘
13:53:39	14.26	--	22	31372	买盘
13:53:36	14.26	--	65	92690	买盘
13:53:33	14.26	--	10	14260	买盘
13:53:24	14.26	0.01	33	47058	买盘
13:53:18	14.25	-0.01	10	14250	卖盘
13:53:15	14.26	0.01	13	18538	买盘
13:53:12	14.25	-0.01	33	47025	卖盘
13:53:09	14.26	--	5	7130	买盘
13:53:06	14.26	--	39	55614	买盘
13:53:00	14.26	0.01	18	25668	买盘
13:52:54	14.25	-0.01	5	7125	卖盘
13:52:51	14.26	--	53	75578	买盘
13:52:45	14.26	--	4	5704	买盘
13:52:42	14.26	--	8	11408	买盘
13:52:36	14.26	--	11	15686	买盘
13:52:27	14.26	--	10	14260	买盘
13:52:21	14.26	0.01	32	45632	买盘
13:52:15	14.25	-0.01	3	4275	卖盘
13:52:12	14.26	--	55	78430	买盘
13:52:09	14.26	0.01	10	14260	买盘
13:52:06	14.25	-0.01	1	1425	卖盘
13:52:03	14.26	--	5	7130	买盘
13:51:57	14.26	0.01	18	25668	买盘
13:51:48	14.25	--	40	57000	卖盘
13:51:45	14.25	--	20	28500	卖盘
13:51:42	14.25	--	47	66975	买盘
13:51:39	14.25	-0.01	3	4275	中性盘
13:51:36	14.26	0.01	50	71300	买盘
13:51:27	14.25	--	6	8550	卖盘
13:51:24	14.25	--	20	28500	卖盘
13:51:12	14.25	--	12	17100	卖盘
13:51:03	14.25	--	12	17100	卖盘
13:51:00	14.25	--	7	9975	买盘
13:50:54	14.25	--	45	64125	卖盘
13:50:48	14.25	--	10	14250	卖盘
13:50:45	14.25	--	203	289275	买盘
13:50:39	14.25	0.01	5	7125	买盘
13:50:33	14.24	--	50	71200	卖盘
13:50:24	14.24	--	6	8544	卖盘
13:50:21	14.24	-0.01	13	18512	卖盘
13:50:18	14.25	0.01	9	12825	买盘
13:50:12	14.24	--	7	9968	卖盘
13:50:06	14.24	-0.01	2	2848	卖盘
13:50:00	14.25	--	7	9975	买盘
13:49:27	14.25	--	1	1425	买盘
13:49:24	14.25	--	28	39900	买盘
13:49:21	14.25	--	26	37050	卖盘
13:49:15	14.25	--	290	413250	卖盘
13:49:12	14.25	--	43	61275	卖盘
13:49:00	14.25	-0.01	25	35625	卖盘
13:48:54	14.26	0.01	6	8556	买盘
13:48:51	14.25	--	18	25650	卖盘
13:48:45	14.25	-0.01	10	14250	卖盘
13:48:39	14.26	--	1	1426	买盘
13:48:33	14.26	--	2	2852	买盘
13:48:27	14.26	--	5	7130	买盘
13:48:06	14.26	--	41	58466	买盘
13:48:03	14.26	0.01	170	242420	买盘
13:47:45	14.25	-0.01	30	42750	卖盘
13:47:42	14.26	0.01	44	62744	买盘
13:47:30	14.25	-0.01	10	14250	卖盘
13:47:27	14.26	0.01	4	5704	买盘
13:47:12	14.25	-0.01	20	28500	卖盘
13:47:09	14.26	0.01	79	112654	买盘
13:47:03	14.25	--	7	9975	卖盘
13:46:54	14.25	-0.01	14	19950	卖盘
13:46:45	14.26	0.01	5	7130	买盘
13:46:33	14.25	-0.01	20	28500	卖盘
13:46:30	14.26	--	20	28520	买盘
13:46:27	14.26	0.01	20	28520	买盘
13:46:18	14.25	--	10	14250	卖盘
13:46:15	14.25	--	155	220875	卖盘
13:45:48	14.25	--	7	9975	卖盘
13:45:45	14.25	-0.01	6	8550	卖盘
13:45:36	14.26	--	17	24242	买盘
13:45:30	14.26	0.01	37	52762	买盘
13:45:27	14.25	-0.01	300	427500	卖盘
13:45:18	14.26	0.01	10	14260	买盘
13:45:12	14.25	--	6	8550	卖盘
13:45:09	14.25	--	2	2850	卖盘
13:45:03	14.25	-0.01	110	156750	卖盘
13:44:48	14.26	--	11	15686	买盘
13:44:39	14.26	0.01	7	9982	买盘
13:44:33	14.25	--	4	5700	卖盘
13:44:30	14.25	--	43	61275	卖盘
13:44:27	14.25	--	13	18525	卖盘
13:44:21	14.25	--	20	28500	卖盘
13:44:15	14.25	--	5	7125	卖盘
13:44:12	14.25	--	5	7125	卖盘
13:44:03	14.25	--	6	8550	卖盘
13:44:00	14.25	--	2	2850	卖盘
13:43:57	14.25	--	5	7125	卖盘
13:43:51	14.25	--	20	28500	卖盘
13:43:48	14.25	--	32	45600	卖盘
13:43:30	14.25	-0.01	4	5700	卖盘
13:43:27	14.26	0.01	43	61318	买盘
13:43:18	14.25	--	200	285000	卖盘
13:43:15	14.25	--	2	2850	卖盘
13:43:06	14.25	--	42	59850	卖盘
13:42:45	14.25	--	2	2850	卖盘
13:42:42	14.25	0.01	21	29925	买盘
13:42:39	14.24	-0.02	200	284800	卖盘
13:42:33	14.26	0.01	180	256680	买盘
13:42:27	14.25	--	12	17100	买盘
13:42:24	14.25	--	23	32775	买盘
13:42:21	14.25	--	20	28500	买盘
13:42:06	14.25	0.01	1	1425	中性盘
13:42:03	14.24	-0.01	20	28480	卖盘
13:41:54	14.25	--	10	14250	卖盘
13:41:51	14.25	--	10	14250	卖盘
13:41:48	14.25	-0.01	9	12825	卖盘
13:41:42	14.26	0.01	9	12834	买盘
13:41:33	14.25	--	30	42750	卖盘
13:41:24	14.25	--	100	142500	卖盘
13:41:21	14.25	--	100	142500	卖盘
13:41:18	14.25	--	15	21375	卖盘
13:41:09	14.25	--	32	45600	卖盘
13:41:03	14.25	--	11	15675	买盘
13:40:57	14.25	--	7	9975	买盘
13:40:48	14.25	--	16	22800	卖盘
13:40:42	14.25	-0.01	41	58425	卖盘
13:40:36	14.26	--	300	427800	买盘
13:40:21	14.26	--	5	7130	买盘
13:40:15	14.26	--	9	12834	买盘
13:40:03	14.26	--	7	9982	买盘
13:39:48	14.26	-0.01	1	1426	买盘
13:39:39	14.27	0.01	120	171240	买盘
13:39:33	14.26	--	4	5704	买盘
13:39:27	14.26	--	18	25668	卖盘
13:39:24	14.26	-0.01	3	4278	卖盘
13:39:15	14.27	0.01	1	1427	买盘
13:39:12	14.26	-0.01	3	4278	卖盘
13:39:03	14.27	--	5	7135	买盘
13:39:00	14.27	--	20	28540	买盘
13:38:48	14.27	0.01	2	2854	买盘
13:38:45	14.26	-0.01	146	208196	卖盘
13:38:39	14.27	0.01	40	57080	买盘
13:38:24	14.26	-0.01	62	88412	卖盘
13:37:54	14.27	--	12	17124	买盘
13:37:48	14.27	--	6	8562	买盘
13:37:45	14.27	--	22	31394	买盘
13:37:42	14.27	--	70	99890	买盘
13:37:33	14.27	--	4	5708	买盘
13:37:27	14.27	0.01	23	32821	买盘
13:37:12	14.26	-0.01	25	35650	卖盘
13:37:03	14.27	0.01	10	14270	买盘
13:37:00	14.26	--	30	42780	卖盘
13:36:51	14.26	--	15	21390	卖盘
13:36:42	14.26	--	40	57040	买盘
13:36:39	14.26	--	32	45632	买盘
13:36:36	14.26	--	20	28520	买盘
13:36:33	14.26	--	5	7130	买盘
13:36:30	14.26	--	92	131192	卖盘
13:36:24	14.26	-0.01	15	21390	卖盘
13:36:21	14.27	--	25	35675	买盘
13:36:18	14.27	--	2	2854	买盘
13:36:15	14.27	--	1	1427	买盘
13:36:06	14.27	--	23	32821	买盘
13:35:57	14.27	--	8	11416	买盘
13:35:51	14.27	0.01	2	2854	买盘
13:35:39	14.26	--	13	18538	卖盘
13:35:36	14.26	-0.01	10	14260	卖盘
13:35:33	14.27	0.01	8	11416	买盘
13:35:27	14.26	--	5	7130	卖盘
13:35:21	14.26	--	40	57040	买盘
13:35:18	14.26	--	20	28520	买盘
13:35:15	14.26	--	31	44206	买盘
13:35:12	14.26	--	112	159712	买盘
13:35:09	14.26	--	1	1426	买盘
13:35:00	14.26	--	92	131192	买盘
13:34:54	14.26	0.01	5	7130	买盘
13:34:48	14.25	--	1	1425	卖盘
13:34:42	14.25	--	10	14250	卖盘
13:34:36	14.25	0.01	592	843600	买盘
13:34:30	14.24	--	10	14240	卖盘
13:34:27	14.24	-0.01	60	85440	卖盘
13:34:24	14.25	--	5	7125	买盘
13:34:15	14.25	--	4	5700	买盘
13:34:06	14.25	--	3	4275	买盘
13:34:03	14.25	0.01	101	143925	买盘
13:34:00	14.24	-0.01	1	1424	卖盘
13:33:54	14.25	0.01	500	712500	买盘
13:33:36	14.24	--	82	116881	买盘
13:33:30	14.24	--	67	95408	卖盘
13:33:27	14.24	0.01	233	331792	买盘
13:33:12	14.23	-0.01	90	128070	卖盘
13:33:09	14.24	--	20	28480	买盘
13:33:06	14.24	--	4	5696	买盘
13:33:03	14.24	0.01	16	22784	买盘
13:32:57	14.23	-0.01	1	1423	卖盘
13:32:39	14.24	--	80	113920	买盘
13:32:33	14.24	--	6	8544	买盘
13:32:18	14.24	--	10	14240	买盘
13:32:12	14.24	--	50	71200	买盘
13:32:06	14.24	--	5	7120	买盘
13:32:03	14.24	--	3	4272	买盘
13:31:54	14.24	--	259	368816	卖盘
13:31:51	14.24	--	31	44144	卖盘
13:31:24	14.24	--	10	14240	卖盘
13:31:21	14.24	--	5	7120	卖盘
13:31:18	14.24	--	5	7120	卖盘
13:31:09	14.24	--	3	4272	卖盘
13:31:03	14.24	--	10	14240	卖盘
13:30:54	14.24	--	8	11392	卖盘
13:30:48	14.24	--	9	12816	卖盘
13:30:39	14.24	--	10	14240	卖盘
13:30:30	14.24	--	35	49840	卖盘
13:30:24	14.24	--	10	14240	卖盘
13:30:21	14.24	--	50	71200	卖盘
13:30:15	14.24	--	13	18512	卖盘
13:30:12	14.24	-0.01	10	14240	卖盘
13:30:09	14.25	0.01	5	7125	买盘
13:30:06	14.24	--	6	8544	卖盘
13:30:03	14.24	-0.01	200	284800	卖盘
13:29:48	14.25	0.01	46	65550	买盘
13:29:45	14.24	--	10	14240	卖盘
13:29:42	14.24	--	12	17088	卖盘
13:29:33	14.24	--	32	45568	卖盘
13:29:27	14.24	--	23	32752	卖盘
13:29:24	14.24	--	1	1424	卖盘
13:29:21	14.24	--	5	7120	卖盘
13:29:18	14.24	--	5	7120	卖盘
13:29:15	14.24	--	30	42720	卖盘
13:29:03	14.24	-0.01	2	2848	卖盘
13:29:00	14.25	0.01	20	28500	买盘
13:28:57	14.24	-0.01	8	11392	卖盘
13:28:54	14.25	--	9	12825	买盘
13:28:51	14.25	--	13	18525	买盘
13:28:48	14.25	--	60	85500	买盘
13:28:27	14.25	0.01	3	4275	买盘
13:28:24	14.24	-0.01	10	14240	卖盘
13:28:15	14.25	--	46	65550	买盘
13:28:06	14.25	0.01	18	25650	买盘
13:28:03	14.24	-0.01	8	11392	卖盘
13:28:00	14.25	--	6	8550	买盘
13:27:51	14.25	--	73	104025	买盘
13:27:48	14.25	--	50	71250	买盘
13:27:45	14.25	--	74	105450	买盘
13:27:42	14.25	0.01	50	71250	买盘
13:27:21	14.24	-0.01	10	14240	卖盘
13:27:15	14.25	--	44	62700	买盘
13:27:12	14.25	0.01	9	12825	买盘
13:27:06	14.24	--	1	1424	卖盘
13:27:03	14.24	--	10	14240	卖盘
13:27:00	14.24	--	9	12816	卖盘
13:26:51	14.24	--	20	28480	卖盘
13:26:48	14.24	--	48	68352	卖盘
13:26:45	14.24	--	2	2848	买盘
13:26:39	14.24	--	3	4272	卖盘
13:26:33	14.24	0.01	17	24208	买盘
13:26:30	14.23	-0.01	1	1423	卖盘
13:26:18	14.24	--	253	360272	买盘
13:26:06	14.24	0.01	5	7120	买盘
13:26:00	14.23	0.01	2	2846	买盘
13:25:54	14.22	-0.01	13	18486	卖盘
13:25:51	14.23	--	12	17076	卖盘
13:25:36	14.23	--	17	24191	买盘
13:25:15	14.23	0.01	48	68304	买盘
13:25:06	14.22	--	15	21330	卖盘
13:25:03	14.22	--	14	19908	买盘
13:25:00	14.22	--	6	8532	买盘
13:24:57	14.22	--	180	255960	卖盘
13:24:51	14.22	-0.01	12	17064	卖盘
13:24:48	14.23	0.01	3	4269	买盘
13:24:06	14.22	--	10	14220	卖盘
13:24:03	14.22	--	3	4266	卖盘
13:24:00	14.22	-0.01	200	284400	卖盘
13:23:36	14.23	--	53	75419	买盘
13:23:33	14.23	--	3	4269	买盘
13:23:24	14.23	--	6	8538	买盘
13:23:06	14.23	0.01	20	28460	买盘
13:22:54	14.22	0.01	172	244584	买盘
13:22:45	14.21	--	238	338198	卖盘
13:22:42	14.21	-0.01	20	28420	卖盘
13:22:30	14.22	--	417	592974	买盘
13:22:27	14.22	--	6	8532	买盘
13:22:06	14.22	0.01	273	388206	买盘
13:22:03	14.21	--	20	28420	买盘
13:22:00	14.21	--	20	28420	买盘
13:21:42	14.21	-0.01	3	4263	卖盘
13:21:36	14.22	0.01	251	356922	买盘
13:21:21	14.21	--	2	2842	买盘
13:21:12	14.21	--	38	53998	中性盘
13:20:57	14.21	0.01	10	14210	中性盘
13:20:24	14.2	-0.01	100	142000	卖盘
13:20:18	14.21	0.01	22	31262	买盘
13:20:03	14.2	--	7	9940	卖盘
13:19:54	14.2	--	5	7100	卖盘
13:19:51	14.2	--	129	183180	卖盘
13:19:45	14.2	-0.01	27	38340	卖盘
13:19:39	14.21	--	5	7105	买盘
13:19:36	14.21	--	5	7105	买盘
13:19:12	14.21	--	4	5684	卖盘
13:19:09	14.21	0.01	7	9947	买盘
13:19:03	14.2	-0.01	1	1420	卖盘
13:18:33	14.21	--	3	4263	买盘
13:18:27	14.21	--	50	71050	买盘
13:18:21	14.21	0.01	1	1421	买盘
13:18:09	14.2	-0.01	20	28400	卖盘
13:18:00	14.21	0.01	38	53998	买盘
13:17:54	14.2	--	14	19880	买盘
13:17:51	14.2	0.01	38	53960	买盘
13:17:48	14.19	-0.01	32	45408	卖盘
13:17:45	14.2	--	400	568000	买盘
13:17:39	14.2	0.01	10	14200	买盘
13:17:36	14.19	-0.01	7	9933	卖盘
13:17:33	14.2	--	147	208740	买盘
13:17:21	14.2	--	300	426000	买盘
13:17:18	14.2	--	30	42600	买盘
13:17:15	14.2	0.01	7	9940	买盘
13:17:06	14.19	--	40	56760	卖盘
13:17:03	14.19	--	22	31218	卖盘
13:16:57	14.19	-0.01	20	28380	卖盘
13:16:42	14.2	--	15	21300	买盘
13:16:33	14.2	--	50	71000	买盘
13:16:30	14.2	--	10	14200	买盘
13:15:54	14.2	0.01	10	14200	买盘
13:15:51	14.19	-0.01	12	17028	卖盘
13:15:48	14.2	--	33	46860	买盘
13:15:24	14.2	0.01	3	4260	买盘
13:15:12	14.19	-0.01	20	28380	卖盘
13:15:00	14.2	0.01	13	18460	买盘
13:14:51	14.19	-0.01	1	1419	卖盘
13:14:45	14.2	0.01	2	2840	买盘
13:14:24	14.19	--	1	1419	卖盘
13:13:57	14.19	--	15	21285	卖盘
13:13:54	14.19	--	1	1419	卖盘
13:13:42	14.19	--	21	29799	买盘
13:13:39	14.19	--	29	41151	卖盘
13:13:24	14.19	--	19	26961	卖盘
13:13:15	14.19	--	28	39732	卖盘
13:13:12	14.19	-0.01	10	14190	卖盘
13:13:09	14.2	0.01	50	71000	买盘
13:13:06	14.19	--	6	8514	卖盘
13:13:00	14.19	--	5	7095	卖盘
13:12:48	14.19	-0.01	10	14190	卖盘
13:12:45	14.2	--	74	105080	买盘
13:12:36	14.2	--	6	8520	买盘
13:12:27	14.2	0.01	76	107920	买盘
13:12:24	14.19	-0.01	1	1419	卖盘
13:12:12	14.2	0.01	12	17040	买盘
13:12:06	14.19	--	5	7095	卖盘
13:11:27	14.19	-0.01	10	14190	卖盘
13:11:21	14.2	--	30	42600	买盘
13:11:06	14.2	--	10	14200	买盘
13:11:03	14.2	--	61	86620	买盘
13:11:00	14.2	--	2	2840	买盘
13:10:45	14.2	0.01	6	8520	买盘
13:10:27	14.19	--	28	39732	卖盘
13:10:24	14.19	--	1	1419	卖盘
13:10:06	14.19	--	24	34056	买盘
13:10:03	14.19	--	6	8514	买盘
13:10:00	14.19	0.01	22	31218	买盘
13:09:57	14.18	-0.01	50	70900	卖盘
13:09:42	14.19	--	28	39732	买盘
13:09:09	14.19	0.01	5	7095	买盘
13:09:06	14.18	--	21	29778	卖盘
13:08:54	14.18	--	12	17016	卖盘
13:08:42	14.18	--	40	56720	卖盘
13:08:33	14.18	-0.01	6	8508	卖盘
13:08:30	14.19	--	14	19866	买盘
13:08:18	14.19	0.01	2	2838	买盘
13:08:03	14.18	0.01	39	55302	买盘
13:08:00	14.17	-0.01	49	69433	卖盘
13:07:51	14.18	--	56	79408	卖盘
13:07:42	14.18	--	2	2836	卖盘
13:07:39	14.18	--	30	42540	卖盘
13:07:33	14.18	--	24	34032	卖盘
13:07:27	14.18	--	42	59556	买盘
13:07:24	14.18	0.01	4	5672	买盘
13:07:21	14.17	-0.01	9	12753	卖盘
13:07:00	14.18	--	81	114858	卖盘
13:06:33	14.18	-0.01	6	8508	卖盘
13:06:18	14.19	--	1	1419	买盘
13:06:06	14.19	--	4	5676	买盘
13:05:48	14.19	--	23	32637	卖盘
13:05:42	14.19	--	2	2838	卖盘
13:05:36	14.19	--	5	7095	卖盘
13:05:27	14.19	--	6	8514	卖盘
13:04:54	14.19	0.01	143	202917	买盘
13:04:33	14.18	-0.01	10	14180	卖盘
13:04:18	14.19	0.01	1	1419	买盘
13:03:51	14.18	-0.01	23	32614	卖盘
13:03:39	14.19	--	18	25542	买盘
13:03:33	14.19	--	10	14190	买盘
13:03:21	14.19	0.01	5	7095	买盘
13:03:09	14.18	--	147	208446	卖盘
13:02:45	14.18	-0.01	10	14180	卖盘
13:02:33	14.19	--	2	2838	买盘
13:02:09	14.19	0.01	4	5676	买盘
13:01:54	14.18	0.01	36	51048	买盘
13:01:39	14.17	--	10	14170	卖盘
13:01:36	14.17	--	71	100607	卖盘
13:01:09	14.17	--	6	8502	卖盘
13:01:03	14.17	--	10	14170	卖盘
13:00:42	14.17	-0.01	3	4251	卖盘
13:00:36	14.18	--	3	4254	买盘
13:00:12	14.18	--	10	14180	买盘
13:00:06	14.18	--	37	52466	买盘
13:00:03	14.18	--	203	287854	卖盘
13:00:00	14.18	--	0	0	卖盘
11:30:00	14.18	--	60	85080	卖盘
11:29:54	14.18	--	10	14180	卖盘
11:29:42	14.18	-0.01	8	11344	卖盘
11:29:39	14.19	0.01	2	2838	买盘
11:29:36	14.18	--	5	7090	卖盘
11:29:27	14.18	--	1	1418	卖盘
11:29:24	14.18	0.01	143	202774	买盘
11:29:15	14.17	-0.01	7	9919	卖盘
11:29:09	14.18	0.01	2	2836	买盘
11:29:06	14.17	-0.01	3	4251	卖盘
11:29:00	14.18	--	30	42540	买盘
11:28:48	14.18	0.01	13	18434	买盘
11:28:39	14.17	-0.01	1	1417	卖盘
11:28:27	14.18	--	3	4254	买盘
11:28:03	14.18	0.01	22	31196	买盘
11:27:42	14.17	-0.01	1	1417	卖盘
11:27:33	14.18	0.01	10	14180	买盘
11:27:30	14.17	--	2	2834	卖盘
11:27:27	14.17	--	30	42510	卖盘
11:27:18	14.17	-0.01	2	2834	卖盘
11:27:06	14.18	--	5	7090	买盘
11:27:00	14.18	--	2	2836	买盘
11:26:54	14.18	--	10	14180	买盘
11:26:45	14.18	0.01	10	14180	买盘
11:26:42	14.17	-0.01	5	7085	卖盘
11:26:39	14.18	0.01	3	4254	买盘
11:26:21	14.17	--	14	19838	卖盘
11:26:09	14.17	--	24	34008	卖盘
11:26:06	14.17	--	5	7085	卖盘
11:26:00	14.17	0.01	5	7085	中性盘
11:25:30	14.16	-0.01	500	708000	卖盘
11:25:15	14.17	--	6	8502	卖盘
11:25:09	14.17	--	220	311740	买盘
11:25:03	14.17	--	1	1417	买盘
11:24:57	14.17	--	5	7085	买盘
11:24:51	14.17	--	43	60931	卖盘
11:24:39	14.17	--	7	9919	买盘
11:24:36	14.17	0.01	30	42510	买盘
11:24:30	14.16	-0.01	5	7080	卖盘
11:24:27	14.17	--	7	9919	买盘
11:24:24	14.17	--	5	7085	买盘
11:24:21	14.17	--	10	14170	买盘
11:24:15	14.17	0.01	6	8502	中性盘
11:24:12	14.16	-0.01	87	123192	卖盘
11:24:03	14.17	--	6	8502	卖盘
11:24:00	14.17	--	59	83603	买盘
11:23:57	14.17	--	80	113360	买盘
11:23:54	14.17	--	36	51012	买盘
11:23:48	14.17	0.01	53	75101	买盘
11:23:42	14.16	--	39	55422	卖盘
11:23:36	14.16	--	10	14160	卖盘
11:23:33	14.16	-0.01	29	41064	卖盘
11:23:30	14.17	--	13	18421	买盘
11:23:21	14.17	--	23	32591	买盘
11:23:18	14.17	--	7	9919	买盘
11:23:15	14.17	--	8	11336	卖盘
11:23:12	14.17	--	19	26923	买盘
11:23:03	14.17	--	213	301821	买盘
11:23:00	14.17	--	5	7085	买盘
11:22:54	14.17	--	1	1417	卖盘
11:22:42	14.17	--	4	5668	中性盘
11:22:39	14.17	--	3	4251	卖盘
11:22:36	14.17	--	15	21255	卖盘
11:22:33	14.17	--	6	8502	卖盘
11:22:24	14.17	0.01	33	46761	买盘
11:22:15	14.16	-0.01	28	39648	卖盘
11:22:09	14.17	--	264	374088	买盘
11:22:06	14.17	0.01	1	1417	买盘
11:22:03	14.16	-0.01	55	77880	卖盘
11:21:36	14.17	--	13	18421	买盘
11:21:27	14.17	--	71	100607	买盘
11:21:21	14.17	--	4	5668	卖盘
11:21:18	14.17	--	5	7085	卖盘
11:21:09	14.17	--	13	18421	买盘
11:21:06	14.17	--	10	14170	买盘
11:21:00	14.17	0.01	18	25506	买盘
11:20:54	14.16	-0.01	793	1122888	卖盘
11:20:51	14.17	-0.01	10	14170	卖盘
11:20:48	14.18	0.01	77	109186	买盘
11:20:42	14.17	-0.01	200	283400	卖盘
11:20:36	14.18	0.01	1	1418	买盘
11:20:33	14.17	-0.01	100	141700	卖盘
11:20:24	14.18	--	3	4254	买盘
11:20:21	14.18	-0.01	5	8309	卖盘
11:20:18	14.19	0.01	1	1419	买盘
11:20:09	14.18	--	50	70900	卖盘
11:20:06	14.18	--	17	24106	卖盘
11:20:03	14.18	--	14	19852	卖盘
11:20:00	14.18	--	12	17016	卖盘
11:19:57	14.18	--	23	32614	卖盘
11:19:54	14.18	--	97	137546	卖盘
11:19:36	14.18	--	80	113440	卖盘
11:19:27	14.18	--	9	12762	卖盘
11:19:15	14.18	--	30	42540	卖盘
11:19:00	14.18	-0.01	20	28360	卖盘
11:18:51	14.19	0.01	20	28380	买盘
11:18:39	14.18	-0.01	6	8508	卖盘
11:18:33	14.19	--	2	2838	买盘
11:18:27	14.19	--	5	7095	买盘
11:18:24	14.19	--	15	21285	卖盘
11:18:15	14.19	--	34	48246	卖盘
11:18:12	14.19	0.01	10	14190	中性盘
11:18:03	14.18	-0.01	20	28360	卖盘
11:18:00	14.19	--	80	113520	卖盘
11:17:54	14.19	0.01	117	166221	买盘
11:17:48	14.18	--	2	2836	卖盘
11:17:39	14.18	--	30	42540	卖盘
11:17:36	14.18	--	150	212700	卖盘
11:17:27	14.18	--	15	21270	卖盘
11:17:21	14.18	--	2	2836	卖盘
11:17:15	14.18	--	50	70900	卖盘
11:17:12	14.18	--	18	25524	卖盘
11:17:06	14.18	--	9	12762	买盘
11:16:57	14.18	--	2	2836	买盘
11:16:51	14.18	--	2	2836	买盘
11:16:45	14.18	--	1	1418	买盘
11:16:42	14.18	--	12	17016	买盘
11:16:36	14.18	--	10	14180	买盘
11:16:24	14.18	--	1	1418	买盘
11:16:21	14.18	--	6	8508	买盘
11:16:18	14.18	--	80	113440	卖盘
11:16:12	14.18	-0.01	30	42540	卖盘
11:16:06	14.19	0.01	8	11352	买盘
11:16:00	14.18	--	53	75154	卖盘
11:15:39	14.18	--	25	35450	买盘
11:15:36	14.18	0.01	8	11344	买盘
11:15:30	14.17	-0.01	420	595140	卖盘
11:15:24	14.18	--	3	4254	买盘
11:15:15	14.18	--	20	28360	买盘
11:15:09	14.18	--	10	14180	买盘
11:15:06	14.18	--	15	21270	买盘
11:14:57	14.18	--	72	102096	卖盘
11:14:54	14.18	0.01	106	150308	买盘
11:14:51	14.17	-0.01	3	4251	卖盘
11:14:45	14.18	--	20	28360	买盘
11:14:42	14.18	--	3	4254	买盘
11:14:36	14.18	--	8	11344	买盘
11:14:33	14.18	--	13	18434	卖盘
11:14:27	14.18	--	10	14180	卖盘
11:14:24	14.18	--	32	45376	买盘
11:14:18	14.18	0.01	30	42540	买盘
11:14:12	14.17	-0.01	46	65182	卖盘
11:14:09	14.18	--	10	14180	买盘
11:14:06	14.18	--	26	36868	买盘
11:13:54	14.18	--	1	1418	买盘
11:13:48	14.18	--	10	14180	买盘
11:13:45	14.18	0.01	21	29778	买盘
11:13:36	14.17	-0.01	26	36842	卖盘
11:13:33	14.18	0.01	10	14180	买盘
11:13:30	14.17	-0.01	100	141700	卖盘
11:13:24	14.18	--	7	9926	买盘
11:13:21	14.18	--	10	14180	买盘
11:13:15	14.18	--	3	4254	买盘
11:13:12	14.18	--	63	89334	卖盘
11:13:09	14.18	--	2	2836	卖盘
11:13:03	14.18	--	20	28360	卖盘
11:12:57	14.18	--	10	14180	卖盘
11:12:45	14.18	--	6	8508	买盘
11:12:42	14.18	--	32	45376	买盘
11:12:39	14.18	--	5	7090	买盘
11:12:33	14.18	--	14	19852	买盘
11:12:27	14.18	--	10	14180	买盘
11:12:24	14.18	0.01	10	14180	买盘
11:12:21	14.17	-0.01	7	9919	卖盘
11:12:15	14.18	0.01	20	28360	买盘
11:12:09	14.17	--	2	2834	卖盘
11:12:00	14.17	-0.01	20	28340	卖盘
11:11:57	14.18	0.01	5	7090	买盘
11:11:48	14.17	-0.01	9	12753	卖盘
11:11:45	14.18	--	3	4254	买盘
11:11:36	14.18	--	70	99260	买盘
11:11:33	14.18	--	404	572872	卖盘
11:11:27	14.18	--	20	28360	卖盘
11:11:24	14.18	--	10	14180	卖盘
11:11:09	14.18	--	64	90752	卖盘
11:11:03	14.18	-0.01	410	581380	卖盘
11:11:00	14.19	0.01	10	14190	买盘
11:10:57	14.18	-0.01	19	26942	卖盘
11:10:48	14.19	-0.01	128	182852	卖盘
11:10:45	14.2	0.01	13	18460	买盘
11:10:39	14.19	--	3	4257	卖盘
11:10:36	14.19	--	3	4257	卖盘
11:10:27	14.19	--	1	1419	卖盘
11:10:24	14.19	--	50	70950	卖盘
11:10:18	14.19	--	115	163185	卖盘
11:10:15	14.19	-0.01	3	4257	卖盘
11:10:03	14.2	0.01	4	5680	买盘
11:09:45	14.19	-0.01	4	5676	卖盘
11:09:42	14.2	--	5	7100	买盘
11:09:27	14.2	0.01	7	9940	买盘
11:09:00	14.19	-0.01	50	70950	卖盘
11:08:54	14.2	--	2	2840	买盘
11:08:39	14.2	0.01	10	14200	买盘
11:08:36	14.19	-0.01	21	29799	卖盘
11:08:30	14.2	--	9	12780	买盘
11:08:18	14.2	--	1	1420	买盘
11:08:12	14.2	0.01	45	63900	买盘
11:08:03	14.19	--	165	234135	卖盘
11:07:57	14.19	-0.01	3	4257	卖盘
11:07:36	14.2	--	283	401860	卖盘
11:07:33	14.2	--	100	142000	卖盘
11:07:15	14.2	-0.01	200	284000	卖盘
11:06:39	14.21	--	66	93786	买盘
11:06:03	14.21	--	191	271411	卖盘
11:06:00	14.21	--	72	102312	卖盘
11:05:48	14.21	-0.01	41	58261	卖盘
11:05:42	14.22	--	2	2844	卖盘
11:05:39	14.22	--	100	142200	卖盘
11:05:09	14.22	--	5	7110	卖盘
11:04:51	14.22	-0.01	5	7110	卖盘
11:04:48	14.23	0.01	10	14230	买盘
11:04:42	14.22	-0.01	15	21330	卖盘
11:04:39	14.23	0.01	12	17076	买盘
11:04:33	14.22	--	50	71100	卖盘
11:04:21	14.22	-0.01	4	5688	卖盘
11:04:12	14.23	0.01	15	21345	买盘
11:03:57	14.22	-0.01	3	4266	卖盘
11:03:48	14.23	-0.01	11	15653	卖盘
11:03:45	14.24	0.01	2	2848	买盘
11:03:36	14.23	--	39	55497	卖盘
11:03:30	14.23	--	10	14230	卖盘
11:03:27	14.23	--	12	17076	卖盘
11:03:24	14.23	--	67	95341	卖盘
11:03:15	14.23	--	50	71150	卖盘
11:03:06	14.23	--	50	71150	卖盘
11:02:57	14.23	--	10	14230	卖盘
11:02:54	14.23	--	34	48382	卖盘
11:02:42	14.23	--	5	7115	卖盘
11:02:36	14.23	-0.01	2	2846	卖盘
11:02:33	14.24	0.01	1	1424	买盘
11:02:21	14.23	--	7	9961	卖盘
11:02:15	14.23	-0.01	40	56920	卖盘
11:02:09	14.24	--	10	14240	买盘
11:02:03	14.24	--	30	42720	买盘
11:01:57	14.24	0.01	1	1424	买盘
11:01:54	14.23	--	90	128070	卖盘
11:01:51	14.23	--	6	8538	卖盘
11:01:45	14.23	-0.01	1	1423	卖盘
11:01:42	14.24	0.01	15	21360	买盘
11:01:36	14.23	-0.01	102	145146	卖盘
11:01:33	14.24	0.01	3	4272	买盘
11:01:30	14.23	-0.01	320	455360	卖盘
11:01:12	14.24	--	27	38448	买盘
11:01:06	14.24	--	5	7120	买盘
11:01:03	14.24	0.01	5	7120	买盘
11:01:00	14.23	-0.01	77	109571	卖盘
11:00:57	14.24	0.01	101	143824	买盘
11:00:54	14.23	-0.01	1	1423	卖盘
11:00:51	14.24	0.01	15	21360	买盘
11:00:21	14.23	-0.01	10	14230	卖盘
11:00:18	14.24	--	100	142400	买盘
11:00:12	14.24	--	40	56960	买盘
11:00:09	14.24	--	50	71200	买盘
11:00:03	14.24	--	3	4272	买盘
10:59:57	14.24	--	25	35600	买盘
10:59:51	14.24	--	24	34176	买盘
10:59:45	14.24	0.01	5	7120	买盘
10:59:30	14.23	--	10	14230	卖盘
10:59:21	14.23	-0.01	10	14230	卖盘
10:59:12	14.24	0.01	14	19936	买盘
10:58:57	14.23	-0.01	1	1423	卖盘
10:58:54	14.24	--	15	21360	买盘
10:58:21	14.24	0.01	2	2848	买盘
10:58:15	14.23	--	6	8538	卖盘
10:58:12	14.23	-0.01	1	1423	卖盘
10:58:09	14.24	0.01	5	7120	买盘
10:58:06	14.23	-0.01	10	14230	卖盘
10:58:03	14.24	--	20	28480	买盘
10:57:57	14.24	--	2	2848	买盘
10:57:51	14.24	0.01	9	12816	买盘
10:57:39	14.23	-0.01	10	14230	卖盘
10:57:33	14.24	0.01	2	2848	买盘
10:57:27	14.23	--	20	28460	卖盘
10:57:09	14.23	--	5	7115	卖盘
10:57:00	14.23	--	13	18499	买盘
10:56:57	14.23	--	20	28460	买盘
10:56:51	14.23	--	2	2846	买盘
10:56:36	14.23	--	3	4269	买盘
10:56:30	14.23	--	6	8538	卖盘
10:56:27	14.23	--	5	7115	卖盘
10:56:21	14.23	--	4	5692	卖盘
10:56:18	14.23	--	39	55497	买盘
10:56:03	14.23	--	100	142300	买盘
10:55:48	14.23	0.01	29	41267	买盘
10:55:24	14.22	--	31	44082	卖盘
10:55:18	14.22	--	363	516186	买盘
10:55:09	14.22	--	160	227520	买盘
10:55:06	14.22	0.01	5	7110	买盘
10:54:51	14.21	--	29	41209	买盘
10:54:48	14.21	--	10	14210	买盘
10:54:45	14.21	--	26	36946	买盘
10:54:39	14.21	--	14	19894	买盘
10:54:36	14.21	--	2	2842	买盘
10:54:30	14.21	--	13	18473	买盘
10:54:21	14.21	--	15	21315	买盘
10:54:18	14.21	0.01	5	7105	买盘
10:54:12	14.2	--	10	14200	卖盘
10:53:57	14.2	--	10	14200	买盘
10:53:51	14.2	--	30	42600	买盘
10:53:48	14.2	--	50	71000	买盘
10:53:42	14.2	0.01	8	11360	买盘
10:53:39	14.19	-0.01	17	24123	卖盘
10:53:36	14.2	--	3	4260	买盘
10:53:33	14.2	0.01	10	14200	买盘
10:53:30	14.19	-0.01	30	42570	卖盘
10:53:27	14.2	--	107	151940	买盘
10:53:21	14.2	0.01	7	9940	买盘
10:53:15	14.19	-0.01	293	415767	卖盘
10:53:03	14.2	0.01	20	28400	买盘
10:52:51	14.19	--	100	141900	卖盘
10:52:45	14.19	--	45	64053	买盘
10:52:39	14.19	--	73	103587	买盘
10:52:36	14.19	--	10	14190	买盘
10:52:33	14.19	--	20	28380	买盘
10:52:30	14.19	--	130	184470	买盘
10:52:27	14.19	--	14	19866	买盘
10:52:18	14.19	--	38	53922	买盘
10:52:12	14.19	--	20	28380	买盘
10:52:09	14.19	--	3	4257	买盘
10:52:03	14.19	0.01	120	170280	买盘
10:51:54	14.18	-0.01	5	7090	卖盘
10:51:51	14.19	--	3	4257	买盘
10:51:42	14.19	--	8	11352	买盘
10:51:36	14.19	0.01	10	14190	买盘
10:51:33	14.18	-0.01	12	17016	卖盘
10:51:24	14.19	0.01	5	7095	买盘
10:51:21	14.18	--	41	58138	卖盘
10:51:18	14.18	--	100	141800	卖盘
10:51:15	14.18	-0.01	7	9926	卖盘
10:51:12	14.19	--	15	21285	买盘
10:51:09	14.19	--	3	4257	买盘
10:50:51	14.19	--	76	109064	卖盘
10:50:45	14.19	--	50	70950	卖盘
10:50:42	14.19	-0.01	2	2838	卖盘
10:50:39	14.2	--	10	14200	买盘
10:50:24	14.2	0.01	2	2840	买盘
10:50:18	14.19	-0.01	10	14190	卖盘
10:50:15	14.2	0.01	3	4260	买盘
10:50:12	14.19	--	6	8514	卖盘
10:50:09	14.19	--	5	7095	卖盘
10:50:06	14.19	-0.01	20	28380	卖盘
10:50:00	14.2	--	6	8520	买盘
10:49:24	14.2	0.01	100	142000	买盘
10:49:21	14.19	-0.01	5	7095	卖盘
10:49:18	14.2	--	10	14200	买盘
10:49:12	14.2	0.01	20	28400	买盘
10:49:09	14.19	-0.01	6	8514	卖盘
10:49:03	14.2	0.01	27	38340	买盘
10:48:48	14.19	--	20	28380	卖盘
10:48:39	14.19	--	7	9933	卖盘
10:48:33	14.19	-0.01	6	8514	卖盘
10:48:21	14.2	0.01	12	17040	买盘
10:48:00	14.19	-0.01	1	1419	卖盘
10:47:45	14.2	0.01	31	44020	买盘
10:47:27	14.19	-0.01	49	69531	卖盘
10:47:24	14.2	--	23	32660	买盘
10:47:21	14.2	--	1	1420	买盘
10:47:12	14.2	--	1	1420	买盘
10:47:09	14.2	--	12	17040	买盘
10:47:06	14.2	--	1	1420	买盘
10:47:00	14.2	0.01	1	1420	买盘
10:46:57	14.19	-0.01	7	9933	卖盘
10:46:45	14.2	0.01	12	17040	买盘
10:46:42	14.19	--	11	15807	买盘
10:46:39	14.19	--	208	296372	卖盘
10:46:24	14.19	--	101	143319	卖盘
10:46:18	14.19	-0.01	17	24123	卖盘
10:46:09	14.2	0.01	18	25560	买盘
10:46:03	14.19	-0.01	80	113520	卖盘
10:46:00	14.2	--	1	1420	买盘
10:45:54	14.2	--	30	42600	买盘
10:45:48	14.2	--	1	1420	买盘
10:45:45	14.2	--	30	42600	买盘
10:45:36	14.2	--	72	102240	买盘
10:45:30	14.2	0.01	13	18460	买盘
10:45:24	14.19	--	10	14190	卖盘
10:45:09	14.19	0.01	750	1064448	买盘
10:44:54	14.18	--	20	28360	卖盘
10:44:39	14.18	--	5	7090	卖盘
10:44:33	14.18	--	15	21270	卖盘
10:44:24	14.18	--	100	141800	卖盘
10:44:15	14.18	-0.01	12	17016	卖盘
10:43:51	14.19	--	30	42570	买盘
10:43:45	14.19	--	34	49466	卖盘
10:43:36	14.19	--	30	42768	买盘
10:43:30	14.19	--	2	2838	买盘
10:43:27	14.19	--	30	42570	买盘
10:43:21	14.19	--	11	15609	买盘
10:43:15	14.19	--	158	224202	买盘
10:43:12	14.19	--	10	14190	买盘
10:43:03	14.19	--	110	157310	卖盘
10:43:00	14.19	--	20	28380	卖盘
10:42:54	14.19	--	20	28380	卖盘
10:42:45	14.19	--	6	8514	卖盘
10:42:36	14.19	--	93	132165	买盘
10:42:33	14.19	--	2	2838	买盘
10:42:30	14.19	--	19	26961	买盘
10:42:24	14.19	0.01	7	9933	买盘
10:42:12	14.18	--	6	8508	卖盘
10:42:09	14.18	--	1	1418	卖盘
10:42:00	14.18	--	5	7090	卖盘
10:41:54	14.18	--	43	60974	买盘
10:41:48	14.18	--	150	212700	买盘
10:41:45	14.18	--	10	14180	买盘
10:41:42	14.18	--	32	45376	买盘
10:41:39	14.18	--	28	39704	买盘
10:41:36	14.18	--	5	7090	买盘
10:41:33	14.18	--	20	28360	买盘
10:41:30	14.18	0.01	40	56720	买盘
10:41:27	14.17	-0.01	210	297570	卖盘
10:41:24	14.18	--	12	17016	买盘
10:41:21	14.18	--	5	7090	买盘
10:41:18	14.18	--	50	70900	买盘
10:41:09	14.18	--	100	141800	买盘
10:41:03	14.18	0.01	34	48212	买盘
10:40:57	14.17	-0.01	8	11336	卖盘
10:40:54	14.18	0.01	30	42540	买盘
10:40:51	14.17	--	15	21255	卖盘
10:40:48	14.17	-0.01	10	14170	卖盘
10:40:45	14.18	0.01	30	42540	买盘
10:40:42	14.17	--	16	22672	卖盘
10:40:33	14.17	--	120	170040	卖盘
10:40:27	14.17	--	50	70850	卖盘
10:40:21	14.17	--	15	21255	卖盘
10:40:18	14.17	--	40	56680	卖盘
10:40:15	14.17	--	9	12753	卖盘
10:40:03	14.17	--	60	85020	卖盘
10:40:00	14.17	--	11	15587	卖盘
10:39:57	14.17	-0.01	53	75101	卖盘
10:39:51	14.18	--	11	15598	买盘
10:39:45	14.18	0.01	12	17016	买盘
10:39:42	14.17	-0.01	25	35425	卖盘
10:39:39	14.18	--	462	655116	卖盘
10:39:36	14.18	--	6	8508	卖盘
10:39:33	14.18	--	12	17016	卖盘
10:39:30	14.18	-0.01	673	954314	卖盘
10:39:24	14.19	0.01	50	70950	买盘
10:39:21	14.18	-0.01	50	70900	卖盘
10:39:15	14.19	0.01	7	9933	买盘
10:39:09	14.18	--	8	11344	卖盘
10:39:06	14.18	-0.01	100	141800	卖盘
10:39:03	14.19	0.01	55	78045	买盘
10:39:00	14.18	--	10	14180	卖盘
10:38:54	14.18	--	10	14180	卖盘
10:38:45	14.18	-0.01	19	26942	卖盘
10:38:24	14.19	--	100	141900	买盘
10:38:21	14.19	0.01	14	19866	买盘
10:38:18	14.18	--	47	66646	卖盘
10:38:12	14.18	-0.01	10	14180	卖盘
10:38:03	14.19	--	10	14190	买盘
10:38:00	14.19	--	66	94874	卖盘
10:37:48	14.19	--	68	96690	买盘
10:37:39	14.19	0.01	21	29799	买盘
10:37:36	14.18	-0.01	70	99260	卖盘
10:37:30	14.19	--	6	8514	买盘
10:37:27	14.19	--	1	1419	买盘
10:37:18	14.19	--	1	1419	买盘
10:37:12	14.19	-0.01	64	92036	卖盘
10:37:09	14.2	--	50	71000	买盘
10:37:00	14.2	--	10	14200	买盘
10:36:42	14.2	0.01	9	12780	买盘
10:36:21	14.19	-0.01	18	25542	卖盘
10:36:18	14.2	--	10	14200	买盘
10:36:12	14.2	0.01	10	14200	买盘
10:36:03	14.19	-0.01	70	99330	卖盘
10:36:00	14.2	0.01	5	7100	买盘
10:35:57	14.19	--	250	354948	买盘
10:35:51	14.19	--	204	289476	卖盘
10:35:48	14.19	--	100	141900	卖盘
10:35:39	14.19	--	10	14190	卖盘
10:35:27	14.19	--	2	2838	卖盘
10:35:09	14.19	-0.01	11	15609	卖盘
10:35:03	14.2	0.01	14	19880	买盘
10:34:54	14.19	--	6	8514	卖盘
10:34:51	14.19	-0.01	28	39732	卖盘
10:34:48	14.2	--	10	14200	买盘
10:34:45	14.2	0.01	1	1420	买盘
10:34:39	14.19	-0.01	50	70950	卖盘
10:34:30	14.2	0.01	7	9940	买盘
10:34:27	14.19	--	3	4257	卖盘
10:34:21	14.19	-0.01	17	24123	卖盘
10:34:18	14.2	0.01	15	21300	买盘
10:34:12	14.19	--	69	97911	卖盘
10:34:06	14.19	-0.01	100	141900	卖盘
10:33:57	14.2	--	48	68160	卖盘
10:33:54	14.2	--	489	694380	买盘
10:33:51	14.2	0.01	11	15620	买盘
10:33:45	14.19	-0.01	60	85140	卖盘
10:33:42	14.2	0.01	1	1420	买盘
10:33:39	14.19	--	150	212850	卖盘
10:33:36	14.19	--	20	28380	卖盘
10:33:33	14.19	--	24	34056	卖盘
10:33:06	14.19	-0.01	25	35475	卖盘
10:32:51	14.2	-0.01	5	7100	买盘
10:32:45	14.21	0.01	20	28420	买盘
10:32:36	14.2	--	101	143420	买盘
10:32:30	14.2	--	213	302460	买盘
10:32:21	14.2	--	5	7100	买盘
10:32:15	14.2	--	153	217260	卖盘
10:32:12	14.2	--	3	4260	卖盘
10:32:09	14.2	--	150	213000	卖盘
10:32:03	14.2	-0.01	190	269800	卖盘
10:32:00	14.21	0.01	11	15631	买盘
10:31:57	14.2	-0.01	10	14200	卖盘
10:31:42	14.21	0.01	20	28420	买盘
10:31:36	14.2	--	438	621960	卖盘
10:31:33	14.2	-0.01	28	39760	卖盘
10:31:30	14.21	0.01	3	4263	买盘
10:31:27	14.2	-0.01	31	44020	卖盘
10:31:21	14.21	0.01	10	14210	买盘
10:31:18	14.2	-0.01	5	7100	卖盘
10:31:09	14.21	--	54	76734	买盘
10:31:06	14.21	0.01	10	14210	买盘
10:30:51	14.2	-0.01	14	19880	卖盘
10:30:45	14.21	--	28	39788	买盘
10:30:36	14.21	--	5	7105	买盘
10:30:33	14.21	0.01	15	21315	中性盘
10:30:24	14.2	-0.01	75	106500	卖盘
10:30:09	14.21	-0.01	30	42630	卖盘
10:30:00	14.22	0.01	1	1422	买盘
10:29:57	14.21	--	10	14210	卖盘
10:29:45	14.21	--	26	36946	买盘
10:29:42	14.21	0.01	1	1421	买盘
10:29:39	14.2	-0.01	4	5680	卖盘
10:29:27	14.21	0.01	8	11368	买盘
10:29:18	14.2	-0.01	37	52540	卖盘
10:29:15	14.21	0.01	80	113680	买盘
10:29:12	14.2	-0.01	7	9940	卖盘
10:28:42	14.21	--	22	31262	买盘
10:28:36	14.21	--	1	1421	买盘
10:28:30	14.21	-0.01	104	147784	卖盘
10:28:27	14.22	--	2	2844	买盘
10:28:21	14.22	--	78	110916	买盘
10:28:15	14.22	0.01	9	12798	买盘
10:28:09	14.21	--	6	8526	卖盘
10:28:03	14.21	0.01	77	109417	买盘
10:28:00	14.2	-0.01	1	1420	卖盘
10:27:48	14.21	--	2	2842	买盘
10:27:42	14.21	--	10	14210	买盘
10:27:33	14.21	-0.01	64	90944	卖盘
10:27:27	14.22	0.01	10	14220	买盘
10:27:24	14.21	-0.01	5	7105	卖盘
10:27:21	14.22	0.01	44	62568	买盘
10:27:18	14.21	--	2	2842	卖盘
10:26:57	14.21	--	6	8526	卖盘
10:26:54	14.21	-0.02	65	92365	卖盘
10:26:48	14.23	--	2	2846	买盘
10:26:45	14.23	--	22	31306	买盘
10:26:33	14.23	0.02	21	29883	买盘
10:26:30	14.21	--	7	9947	卖盘
10:26:15	14.21	-0.01	50	71050	卖盘
10:26:12	14.22	--	1	1422	卖盘
10:26:09	14.22	0.02	6	8532	买盘
10:25:54	14.2	-0.01	50	71000	卖盘
10:25:51	14.21	--	4	5684	买盘
10:25:45	14.21	--	48	68208	买盘
10:25:39	14.21	-0.01	111	157731	卖盘
10:25:36	14.22	0.01	2	2844	中性盘
10:25:27	14.21	--	2	2842	卖盘
10:25:09	14.21	-0.01	7	9947	卖盘
10:25:00	14.22	--	10	14220	卖盘
10:24:57	14.22	--	10	14220	买盘
10:24:51	14.22	--	100	142200	买盘
10:24:42	14.22	0.01	2	2844	买盘
10:24:39	14.21	--	6	8526	卖盘
10:24:36	14.21	-0.01	43	61103	卖盘
10:24:33	14.22	--	8	11376	买盘
10:24:27	14.22	--	28	39816	买盘
10:24:18	14.22	--	20	28440	买盘
10:24:15	14.22	--	5	7110	买盘
10:24:12	14.22	--	5	7110	买盘
10:24:06	14.22	--	50	71100	买盘
10:23:57	14.22	--	64	91008	卖盘
10:23:51	14.22	--	60	85320	卖盘
10:23:48	14.22	--	25	35550	买盘
10:23:45	14.22	--	5	7110	买盘
10:23:33	14.22	--	23	32706	卖盘
10:23:30	14.22	-0.01	1	1422	卖盘
10:23:27	14.23	0.01	23	32729	买盘
10:23:18	14.22	--	9	12798	买盘
10:22:57	14.22	0.01	100	142200	买盘
10:22:51	14.21	0.01	13	18473	买盘
10:22:45	14.2	--	62	88040	买盘
10:22:42	14.2	--	265	376300	买盘
10:22:39	14.2	--	43	61060	买盘
10:22:36	14.2	--	123	174660	买盘
10:22:33	14.2	0.01	204	289680	买盘
10:22:30	14.19	--	128	181632	卖盘
10:22:27	14.19	-0.01	34	48246	卖盘
10:22:21	14.2	--	475	674500	买盘
10:22:15	14.2	--	19	26980	买盘
10:22:09	14.2	--	11	15620	买盘
10:22:03	14.2	0.01	94	133480	买盘
10:21:48	14.19	--	19	26961	卖盘
10:21:45	14.19	0.01	282	400158	买盘
10:21:42	14.18	-0.01	81	114858	卖盘
10:21:39	14.19	--	34	48246	买盘
10:21:36	14.19	--	76	107844	买盘
10:21:30	14.19	--	4	5676	买盘
10:21:27	14.19	--	489	693891	卖盘
10:21:18	14.19	-0.01	101	143319	卖盘
10:21:12	14.2	--	10	14200	买盘
10:21:09	14.2	0.01	1	1420	买盘
10:21:00	14.19	--	4	5676	卖盘
10:20:48	14.19	--	15	21285	卖盘
10:20:42	14.19	--	32	45408	卖盘
10:20:39	14.19	-0.01	14	19866	卖盘
10:20:27	14.2	0.01	53	75260	买盘
10:20:21	14.19	-0.01	40	56760	卖盘
10:20:09	14.2	0.01	9	12780	买盘
10:20:06	14.19	--	100	141900	卖盘
10:20:00	14.19	-0.01	3	4257	卖盘
10:19:57	14.2	--	7	9940	买盘
10:19:54	14.2	-0.01	684	971280	卖盘
10:19:48	14.21	--	14	19894	买盘
10:19:45	14.21	0.01	53	75313	买盘
10:19:33	14.2	-0.01	62	88040	卖盘
10:19:30	14.21	--	3	4263	买盘
10:19:18	14.21	0.01	58	82418	买盘
10:19:15	14.2	--	61	86620	卖盘
10:19:12	14.2	-0.01	71	100820	卖盘
10:19:03	14.21	--	10	14210	买盘
10:18:57	14.21	--	1	1421	买盘
10:18:51	14.21	-0.01	201	285621	卖盘
10:18:42	14.22	0.01	10	14220	买盘
10:18:33	14.21	--	173	245833	卖盘
10:18:30	14.21	0.01	85	120785	买盘
10:18:27	14.2	--	23	32660	卖盘
10:18:21	14.2	-0.02	130	184600	卖盘
10:18:18	14.22	0.02	57	81054	买盘
10:18:09	14.2	-0.01	30	42600	卖盘
10:18:03	14.21	--	22	31262	买盘
10:18:00	14.21	0.01	5	7105	买盘
10:17:54	14.2	-0.01	95	134900	卖盘
10:17:48	14.21	--	10	14210	买盘
10:17:45	14.21	--	4	5684	买盘
10:17:39	14.21	0.01	80	113680	买盘
10:17:21	14.2	--	57	80940	卖盘
10:17:18	14.2	--	20	28400	卖盘
10:17:12	14.2	--	2	2840	卖盘
10:17:06	14.2	-0.01	18	25560	卖盘
10:17:03	14.21	--	1	1421	卖盘
10:16:57	14.21	0.01	20	28420	买盘
10:16:54	14.2	--	103	146260	卖盘
10:16:48	14.2	--	50	71000	卖盘
10:16:45	14.2	-0.01	11	15620	卖盘
10:16:42	14.21	0.01	20	28420	中性盘
10:16:39	14.2	-0.01	50	71000	卖盘
10:16:33	14.21	0.01	13	18473	买盘
10:16:30	14.2	-0.01	70	99400	卖盘
10:16:24	14.21	--	1	1421	买盘
10:16:12	14.21	--	16	22736	卖盘
10:16:06	14.21	--	12	17052	卖盘
10:16:03	14.21	--	20	28420	卖盘
10:15:57	14.21	--	30	42630	卖盘
10:15:54	14.21	--	423	601083	卖盘
10:15:51	14.21	-0.01	1	1421	卖盘
10:15:42	14.22	--	9	12798	买盘
10:15:36	14.22	--	8	11376	卖盘
10:15:30	14.22	--	12	17064	卖盘
10:15:27	14.22	--	1	1422	卖盘
10:15:21	14.22	--	20	28440	卖盘
10:15:12	14.22	0.01	5	7110	中性盘
10:15:06	14.21	--	5	7105	卖盘
10:15:03	14.21	-0.01	104	147784	卖盘
10:14:57	14.22	--	10	14220	卖盘
10:14:54	14.22	--	1	1422	卖盘
10:14:51	14.22	--	18	25596	买盘
10:14:48	14.22	--	10	14220	买盘
10:14:42	14.22	--	16	22752	卖盘
10:14:39	14.22	--	32	45504	买盘
10:14:36	14.22	0.01	16	22752	买盘
10:14:30	14.21	--	2	2842	卖盘
10:14:24	14.21	--	4	5684	中性盘
10:14:12	14.21	--	7	9947	买盘
10:14:09	14.21	--	20	28420	卖盘
10:13:54	14.21	-0.01	7	9947	中性盘
10:13:48	14.22	0.01	34	48348	买盘
10:13:45	14.21	--	15	21315	买盘
10:13:36	14.21	-0.01	25	35525	卖盘
10:13:33	14.22	--	4	5688	买盘
10:13:21	14.22	--	2	2844	买盘
10:13:18	14.22	0.01	10	14220	买盘
10:13:12	14.21	--	222	315462	卖盘
10:13:09	14.21	--	3	4263	卖盘
10:13:00	14.21	-0.01	8	11368	卖盘
10:12:54	14.22	0.01	2	2844	买盘
10:12:48	14.21	-0.01	30	42630	卖盘
10:12:36	14.22	-0.01	7	9954	中性盘
10:12:33	14.23	0.01	11	15653	买盘
10:12:30	14.22	--	20	28440	卖盘
10:12:15	14.22	--	43	61146	卖盘
10:12:09	14.22	--	58	82476	买盘
10:12:03	14.22	--	5	7110	买盘
10:11:48	14.22	0.01	1	1422	买盘
10:11:42	14.21	-0.01	23	32683	卖盘
10:11:36	14.22	--	200	284400	买盘
10:11:21	14.22	0.01	1	1422	买盘
10:11:18	14.21	-0.01	8	11368	卖盘
10:11:12	14.22	--	5	7110	买盘
10:11:09	14.22	--	4	5688	买盘
10:11:06	14.22	--	18	25596	买盘
10:11:03	14.22	--	5	7110	买盘
10:11:00	14.22	--	2	2844	买盘
10:10:48	14.22	--	3	4266	买盘
10:10:45	14.22	--	125	177750	卖盘
10:10:33	14.22	--	10	14220	卖盘
10:10:24	14.22	-0.01	16	22752	卖盘
10:10:09	14.23	0.01	20	28460	买盘
10:10:03	14.22	-0.01	6	8532	卖盘
10:10:00	14.23	0.01	1	1423	买盘
10:09:57	14.22	--	20	28440	卖盘
10:09:54	14.22	--	2	2844	卖盘
10:09:51	14.22	0.01	2	2844	卖盘
10:09:48	14.21	-0.01	160	227360	卖盘
10:09:42	14.22	--	3	4266	卖盘
10:09:24	14.22	-0.01	30	42660	卖盘
10:09:18	14.23	0.01	1	1423	买盘
10:09:12	14.22	--	20	28440	卖盘
10:08:57	14.22	0.01	9	12798	买盘
10:08:51	14.21	--	2	2842	卖盘
10:08:48	14.21	-0.01	2	2842	卖盘
10:08:45	14.22	--	1	1422	中性盘
10:08:30	14.22	--	17	24174	买盘
10:08:24	14.22	--	44	62568	买盘
10:08:21	14.22	--	20	28440	买盘
10:08:18	14.22	0.01	8	11376	买盘
10:08:15	14.21	--	26	36946	卖盘
10:08:12	14.21	--	17	24157	卖盘
10:08:09	14.21	--	21	29841	卖盘
10:08:06	14.21	--	4	5684	卖盘
10:08:03	14.21	--	10	14210	卖盘
10:07:54	14.21	--	22	31262	卖盘
10:07:48	14.21	--	20	28420	卖盘
10:07:42	14.21	0.01	15	21315	卖盘
10:07:30	14.2	--	20	28400	卖盘
10:07:27	14.2	-0.01	69	97980	卖盘
10:07:24	14.21	--	34	48314	买盘
10:07:18	14.21	--	10	14210	买盘
10:07:09	14.21	0.01	4	5684	中性盘
10:07:06	14.2	--	91	129220	卖盘
10:06:57	14.2	-0.02	75	106500	卖盘
10:06:54	14.22	0.01	18	25596	买盘
10:06:51	14.21	0.01	3	4263	买盘
10:06:48	14.2	-0.01	115	163300	卖盘
10:06:45	14.21	--	10	14210	卖盘
10:06:42	14.21	--	59	83839	买盘
10:06:39	14.21	--	30	42630	买盘
10:06:36	14.21	0.01	31	44051	买盘
10:06:33	14.2	-0.01	20	28400	卖盘
10:06:30	14.21	-0.01	330	468930	卖盘
10:06:27	14.22	0.01	110	156420	买盘
10:06:21	14.21	-0.01	15	21315	卖盘
10:06:18	14.22	0.01	10	14220	买盘
10:06:15	14.21	-0.01	140	198940	卖盘
10:06:12	14.22	0.01	9	12798	中性盘
10:06:03	14.21	--	2	2842	卖盘
10:05:57	14.21	--	5	7105	卖盘
10:05:48	14.21	--	5	7105	卖盘
10:05:36	14.21	-0.02	778	1105538	卖盘
10:05:12	14.23	-0.01	66	93918	卖盘
10:05:06	14.24	0.01	54	76896	买盘
10:05:03	14.23	--	55	78265	卖盘
10:04:57	14.23	-0.01	10	14230	卖盘
10:04:45	14.24	0.01	7	9968	买盘
10:04:42	14.23	--	40	56920	卖盘
10:04:39	14.23	--	1	1423	卖盘
10:04:30	14.23	--	8	11384	卖盘
10:04:21	14.23	--	100	142300	卖盘
10:04:09	14.23	-0.01	20	28460	卖盘
10:04:06	14.24	--	1	1424	买盘
10:04:03	14.24	0.01	1	1424	买盘
10:04:00	14.23	-0.01	16	22768	卖盘
10:03:57	14.24	--	50	71200	买盘
10:03:54	14.24	0.01	34	48416	买盘
10:03:51	14.23	--	1	1423	卖盘
10:03:48	14.23	-0.01	4	5692	卖盘
10:03:33	14.24	0.01	19	27056	买盘
10:03:00	14.23	--	205	291715	卖盘
10:02:57	14.23	-0.01	25	35575	卖盘
10:02:54	14.24	0.01	39	55536	买盘
10:02:45	14.23	-0.01	16	22768	卖盘
10:02:39	14.24	0.01	7	9968	买盘
10:02:24	14.23	--	1	1423	卖盘
10:02:15	14.23	-0.01	14	19922	卖盘
10:02:12	14.24	0.01	12	17088	买盘
10:02:09	14.23	-0.01	29	41267	卖盘
10:02:06	14.24	--	3	4272	买盘
10:02:00	14.24	0.01	20	28480	买盘
10:01:48	14.23	-0.01	1	1423	卖盘
10:01:39	14.24	0.01	25	35600	买盘
10:01:33	14.23	--	50	71150	卖盘
10:01:21	14.23	-0.01	7	9961	卖盘
10:01:18	14.24	0.01	1	1424	买盘
10:01:12	14.23	--	5	7115	卖盘
10:01:00	14.23	--	99	140877	买盘
10:00:42	14.23	--	30	42690	买盘
10:00:27	14.23	--	147	209181	买盘
10:00:18	14.23	--	100	142300	买盘
10:00:12	14.23	--	12	17076	买盘
10:00:09	14.23	--	4	5692	买盘
10:00:00	14.23	--	10	14230	买盘
09:59:51	14.23	--	10	14230	买盘
09:59:48	14.23	--	30	42690	买盘
09:59:45	14.23	--	2	2846	买盘
09:59:39	14.23	--	17	24191	卖盘
09:59:33	14.23	--	30	42690	卖盘
09:59:30	14.23	--	13	18499	买盘
09:59:24	14.23	-0.01	24	34152	卖盘
09:59:12	14.24	0.01	10	14240	买盘
09:59:03	14.23	-0.01	45	64035	卖盘
09:58:54	14.24	0.01	16	22784	买盘
09:58:48	14.23	--	11	15653	卖盘
09:58:42	14.23	--	86	122378	卖盘
09:58:39	14.23	-0.01	8	11384	卖盘
09:58:36	14.24	0.01	16	22784	买盘
09:58:21	14.23	--	1	1423	卖盘
09:58:12	14.23	--	5	7115	卖盘
09:58:06	14.23	--	10	14230	卖盘
09:57:57	14.23	0.01	28	39844	买盘
09:57:45	14.22	-0.01	20	28440	卖盘
09:57:36	14.23	0.01	5	7115	买盘
09:57:24	14.22	--	4	5688	卖盘
09:57:21	14.22	0.01	199	283120	买盘
09:57:18	14.21	-0.01	23	32683	卖盘
09:57:12	14.22	--	7	9954	买盘
09:57:06	14.22	0.01	3	4266	买盘
09:57:03	14.21	-0.01	13	18473	卖盘
09:57:00	14.22	0.01	50	71100	买盘
09:56:51	14.21	--	4	5684	卖盘
09:56:45	14.21	--	5	7105	买盘
09:56:42	14.21	--	27	38367	买盘
09:56:39	14.21	--	5	7105	买盘
09:56:33	14.21	--	1	1421	买盘
09:56:30	14.21	-0.01	2	2842	买盘
09:56:27	14.22	0.01	859	1221498	买盘
09:56:21	14.21	-0.01	236	335356	卖盘
09:56:15	14.22	0.01	7	9954	买盘
09:56:12	14.21	--	5	7105	卖盘
09:56:09	14.21	-0.01	72	102312	卖盘
09:56:06	14.22	0.01	12	17064	买盘
09:56:03	14.21	-0.01	3	4263	卖盘
09:56:00	14.22	0.01	6	8532	买盘
09:55:57	14.21	-0.01	1	1421	卖盘
09:55:51	14.22	--	6	8532	买盘
09:55:48	14.22	--	19	27018	买盘
09:55:42	14.22	--	20	29719	卖盘
09:55:39	14.22	--	21	29862	卖盘
09:55:33	14.22	--	143	203346	卖盘
09:55:21	14.22	-0.01	80	113760	卖盘
09:55:03	14.23	-0.01	30	42690	买盘
09:55:00	14.24	0.01	50	71200	买盘
09:54:51	14.23	--	20	28460	买盘
09:54:48	14.23	-0.01	110	156530	卖盘
09:54:42	14.24	--	16	22784	买盘
09:54:30	14.24	--	6	8544	买盘
09:54:12	14.24	--	16	22784	买盘
09:54:09	14.24	--	4	5696	买盘
09:54:03	14.24	0.02	1	1424	买盘
09:53:57	14.22	-0.01	100	142200	卖盘
09:53:54	14.23	--	1	1423	卖盘
09:53:42	14.23	--	4	5692	卖盘
09:53:39	14.23	--	5	7115	卖盘
09:53:36	14.23	--	20	28460	卖盘
09:53:30	14.23	0.01	4	5692	买盘
09:53:24	14.22	-0.01	128	182016	卖盘
09:53:18	14.23	--	5	7115	买盘
09:53:15	14.23	--	51	72573	卖盘
09:53:09	14.23	--	4	5692	卖盘
09:52:57	14.23	-0.01	6	8538	卖盘
09:52:54	14.24	0.01	90	128160	买盘
09:52:51	14.23	--	27	38421	卖盘
09:52:39	14.23	-0.01	30	42690	卖盘
09:52:36	14.24	0.01	32	45568	买盘
09:52:33	14.23	-0.01	63	89649	卖盘
09:52:27	14.24	0.01	3	4272	买盘
09:52:24	14.23	--	1	1423	卖盘
09:51:57	14.23	--	100	142300	卖盘
09:51:45	14.23	--	101	143723	卖盘
09:51:42	14.23	--	20	28460	卖盘
09:51:30	14.23	--	20	28460	卖盘
09:51:27	14.23	-0.01	21	29883	卖盘
09:51:24	14.24	--	2	2848	买盘
09:51:15	14.24	--	1	1424	买盘
09:51:12	14.24	--	12	17088	买盘
09:51:09	14.24	--	1	1424	买盘
09:51:03	14.24	--	1	1424	买盘
09:51:00	14.24	-0.01	76	108224	卖盘
09:50:57	14.25	--	50	71250	卖盘
09:50:54	14.25	--	3	4275	卖盘
09:50:51	14.25	-0.01	66	94050	卖盘
09:50:45	14.26	0.01	10	14260	买盘
09:50:36	14.25	-0.01	16	22800	卖盘
09:50:33	14.26	--	4	5704	买盘
09:50:24	14.26	--	20	28520	买盘
09:50:09	14.26	--	16	22816	卖盘
09:50:06	14.26	-0.01	10	14260	卖盘
09:50:03	14.27	--	2	2854	买盘
09:50:00	14.27	0.01	7	9989	买盘
09:49:57	14.26	--	35	49910	卖盘
09:49:51	14.26	--	10	14260	卖盘
09:49:45	14.26	0.01	151	215326	买盘
09:49:39	14.25	-0.01	10	14250	卖盘
09:49:30	14.26	0.01	75	106950	买盘
09:49:27	14.25	-0.01	1	1425	卖盘
09:49:24	14.26	--	5	7130	买盘
09:49:21	14.26	0.01	9	12834	买盘
09:49:12	14.25	-0.01	1	1425	卖盘
09:49:09	14.26	--	5	7130	买盘
09:49:00	14.26	0.01	32	45632	买盘
09:48:48	14.25	--	10	14250	卖盘
09:48:45	14.25	--	5	7125	卖盘
09:48:42	14.25	--	10	14250	卖盘
09:48:39	14.25	--	48	68400	卖盘
09:48:27	14.25	-0.01	11	15675	卖盘
09:48:18	14.26	0.01	2	2852	买盘
09:48:15	14.25	-0.01	10	14250	卖盘
09:48:12	14.26	--	6	8556	买盘
09:48:09	14.26	--	82	116932	买盘
09:48:06	14.26	--	10	14260	买盘
09:48:03	14.26	0.01	1	1426	买盘
09:47:57	14.25	-0.01	15	21375	卖盘
09:47:48	14.26	0.01	11	15686	买盘
09:47:45	14.25	--	1	1425	卖盘
09:47:39	14.25	--	48	68400	卖盘
09:47:33	14.25	0.01	186	265050	买盘
09:47:27	14.24	-0.01	14	19936	卖盘
09:47:21	14.25	0.02	7	9975	买盘
09:47:18	14.23	-0.01	573	815379	卖盘
09:47:12	14.24	--	2	2848	卖盘
09:47:06	14.24	--	31	44144	卖盘
09:47:00	14.24	--	16	22784	买盘
09:46:57	14.24	0.01	50	71200	买盘
09:46:54	14.23	-0.01	12	17076	卖盘
09:46:51	14.24	--	8	11392	买盘
09:46:42	14.24	0.01	103	146672	买盘
09:46:33	14.23	--	130	184990	卖盘
09:46:24	14.23	-0.01	2	2846	卖盘
09:46:15	14.24	-0.01	5	7120	卖盘
09:46:06	14.25	0.01	46	65550	买盘
09:45:42	14.24	0.01	9	12816	中性盘
09:45:18	14.23	-0.01	40	56920	卖盘
09:45:15	14.24	-0.01	2	2848	中性盘
09:44:54	14.25	--	1	1425	买盘
09:44:42	14.25	--	28	39900	买盘
09:44:27	14.25	0.03	10	14250	买盘
09:44:15	14.22	--	5	7110	卖盘
09:44:12	14.22	0.01	33	47068	买盘
09:44:09	14.21	-0.01	60	85260	卖盘
09:44:03	14.22	--	72	102384	买盘
09:43:57	14.22	0.01	7	9954	买盘
09:43:54	14.21	-0.01	2	2842	卖盘
09:43:51	14.22	--	20	28440	买盘
09:43:48	14.22	--	10	14220	买盘
09:43:45	14.22	0.01	55	78210	买盘
09:43:36	14.21	--	20	28420	卖盘
09:43:33	14.21	-0.01	22	31262	卖盘
09:43:30	14.22	--	5	7110	买盘
09:43:27	14.22	--	30	42660	买盘
09:43:24	14.22	--	5	7110	买盘
09:43:18	14.22	0.01	10	14220	买盘
09:43:09	14.21	-0.01	7	9947	卖盘
09:43:06	14.22	--	10	14220	买盘
09:43:03	14.22	0.01	12	17064	买盘
09:43:00	14.21	-0.01	3	4263	卖盘
09:42:57	14.22	0.01	39	55458	买盘
09:42:54	14.21	-0.01	155	220255	卖盘
09:42:51	14.22	--	5	7110	买盘
09:42:48	14.22	--	24	34128	买盘
09:42:42	14.22	--	4	5688	买盘
09:42:39	14.22	--	3	4266	买盘
09:42:36	14.22	0.01	10	14220	买盘
09:42:33	14.21	-0.01	32	45472	卖盘
09:42:30	14.22	--	10	14220	买盘
09:42:18	14.22	0.02	67	95274	买盘
09:42:15	14.2	-0.01	6	8520	卖盘
09:42:12	14.21	0.01	20	28420	买盘
09:42:06	14.2	-0.01	138	197238	卖盘
09:42:00	14.21	--	2	2842	卖盘
09:41:57	14.21	--	5	7105	卖盘
09:41:45	14.21	-0.01	6	8526	卖盘
09:41:42	14.22	--	90	127980	买盘
09:41:39	14.22	--	206	293074	买盘
09:41:33	14.22	--	16	22752	买盘
09:41:30	14.22	--	5	7110	买盘
09:41:27	14.22	--	41	58302	买盘
09:41:24	14.22	--	6	8532	买盘
09:41:18	14.22	--	20	28440	卖盘
09:41:00	14.22	--	15	21330	卖盘
09:40:54	14.22	--	17	24174	卖盘
09:40:51	14.22	--	5	7110	卖盘
09:40:45	14.22	-0.01	18	25596	卖盘
09:40:39	14.23	--	10	14230	买盘
09:40:36	14.23	-0.01	246	351338	卖盘
09:40:33	14.24	-0.01	4	5696	卖盘
09:40:30	14.25	--	8	11400	买盘
09:40:27	14.25	--	6	8550	买盘
09:40:24	14.25	--	259	369075	卖盘
09:40:21	14.25	--	15	21375	卖盘
09:40:09	14.25	-0.01	113	161025	卖盘
09:40:00	14.26	-0.01	20	28520	卖盘
09:39:51	14.27	0.01	6	8562	买盘
09:39:45	14.26	--	11	15686	卖盘
09:39:24	14.26	-0.01	33	47058	卖盘
09:39:18	14.27	--	8	11416	卖盘
09:39:15	14.27	--	30	42810	卖盘
09:39:09	14.27	--	10	14270	买盘
09:39:03	14.27	0.01	5	7135	买盘
09:39:00	14.26	-0.01	16	22816	卖盘
09:38:57	14.27	--	30	42810	买盘
09:38:51	14.27	--	7	9989	买盘
09:38:48	14.27	--	10	14270	买盘
09:38:42	14.27	--	20	28540	买盘
09:38:39	14.27	--	10	14270	买盘
09:38:33	14.27	--	10	14270	买盘
09:38:30	14.27	--	1	1427	买盘
09:38:27	14.27	--	52	74204	买盘
09:38:24	14.27	-0.01	7	9989	买盘
09:38:21	14.28	0.01	235	335580	买盘
09:38:15	14.27	--	10	14270	买盘
09:38:12	14.27	0.01	5	7135	买盘
09:38:03	14.26	-0.01	21	29946	卖盘
09:38:00	14.27	0.01	51	72777	买盘
09:37:51	14.26	-0.01	10	14260	卖盘
09:37:45	14.27	--	7	9989	买盘
09:37:42	14.27	--	15	21405	卖盘
09:37:39	14.27	-0.01	10	14270	卖盘
09:37:21	14.28	--	45	64260	卖盘
09:37:15	14.28	--	19	27132	卖盘
09:37:09	14.28	--	6	8568	买盘
09:37:06	14.28	--	1	1428	买盘
09:37:00	14.28	--	36	51408	买盘
09:36:51	14.28	-0.02	22	31416	卖盘
09:36:39	14.3	0.02	9	12870	买盘
09:36:33	14.28	--	7	9996	卖盘
09:36:21	14.28	0.02	2	2856	买盘
09:36:18	14.26	-0.02	13	18538	中性盘
09:36:15	14.28	0.02	5	7140	买盘
09:36:06	14.26	0.01	4	5704	买盘
09:36:00	14.25	0.01	565	805125	买盘
09:35:57	14.24	--	18	25632	买盘
09:35:54	14.24	--	10	14240	买盘
09:35:48	14.24	--	7	9968	买盘
09:35:42	14.24	--	10	14240	买盘
09:35:36	14.24	0.01	20	28480	买盘
09:35:27	14.23	0.01	7	10103	买盘
09:35:15	14.22	--	40	56880	买盘
09:35:12	14.22	--	17	24174	买盘
09:35:09	14.22	--	12	17064	买盘
09:35:06	14.22	--	5	7110	买盘
09:35:03	14.22	--	1	1422	买盘
09:35:00	14.22	0.01	1	1422	买盘
09:34:57	14.21	-0.02	21	29841	卖盘
09:34:45	14.23	-0.01	17	25471	卖盘
09:34:42	14.24	--	2	2848	卖盘
09:34:36	14.24	0.01	46	65646	买盘
09:34:33	14.23	-0.01	8	11384	卖盘
09:34:21	14.24	--	25	36881	卖盘
09:34:12	14.24	--	10	14240	卖盘
09:34:09	14.24	--	62	88430	买盘
09:34:00	14.24	0.01	20	28480	买盘
09:33:57	14.23	-0.01	22	31306	中性盘
09:33:51	14.24	0.01	68	96832	买盘
09:33:48	14.23	--	17	24191	买盘
09:33:45	14.23	-0.01	3	4269	卖盘
09:33:39	14.24	--	10	14240	买盘
09:33:33	14.24	--	2	2848	买盘
09:33:27	14.24	0.03	23	32752	买盘
09:33:24	14.21	--	11	15631	卖盘
09:33:18	14.21	0.01	2	2842	卖盘
09:33:06	14.2	0.01	6	8520	中性盘
09:32:51	14.19	-0.01	13	18447	卖盘
09:32:45	14.2	0.01	2	2840	中性盘
09:32:42	14.19	-0.01	66	93654	卖盘
09:32:39	14.2	-0.02	3	4260	卖盘
09:32:33	14.22	0.03	50	71100	买盘
09:32:30	14.19	--	9	12771	卖盘
09:32:24	14.19	--	4	5676	卖盘
09:32:21	14.19	0.01	20	28380	中性盘
09:32:12	14.18	-0.01	50	70900	卖盘
09:32:03	14.19	--	10	14190	买盘
09:32:00	14.19	--	141	200079	买盘
09:31:57	14.19	--	5	7095	买盘
09:31:54	14.19	--	118	167442	买盘
09:31:51	14.19	--	10	14190	买盘
09:31:45	14.19	--	17	24123	买盘
09:31:42	14.19	-0.02	62	87978	卖盘
09:31:39	14.21	--	15	21315	卖盘
09:31:36	14.21	0.02	31	44051	买盘
09:31:33	14.19	--	17	24123	卖盘
09:31:30	14.19	-0.01	250	354750	卖盘
09:31:27	14.2	--	2	2840	卖盘
09:31:24	14.2	--	5	7100	买盘
09:31:21	14.2	--	10	14200	买盘
09:31:18	14.2	0.01	110	156200	中性盘
09:31:03	14.19	--	8	11352	卖盘
09:31:00	14.19	-0.01	30	42570	卖盘
09:30:54	14.2	-0.01	43	61060	卖盘
09:30:51	14.21	0.01	5	7105	买盘
09:30:48	14.2	--	117	166140	买盘
09:30:42	14.2	--	7	9940	卖盘
09:30:39	14.2	-0.01	38	53960	卖盘
09:30:27	14.21	-0.01	6	8526	卖盘
09:30:24	14.22	--	2	2844	买盘
09:30:06	14.22	--	10	14220	买盘
09:30:03	14.22	-0.02	233	331326	卖盘
09:30:00	14.24	--	0	0	买盘
09:25:03	14.24	14.24	133	189392	买盘
