成交时间	成交价	价格变动	成交量(手)	成交额(元)	性质
15:00:03	15.5	--	1291	2001825	卖盘
14:57:00	15.5	0.02	40	62000	买盘
14:56:57	15.48	--	35	54180	卖盘
14:56:54	15.48	-0.01	337	523007	卖盘
14:56:51	15.49	-0.01	11	17039	卖盘
14:56:48	15.5	--	3	4650	买盘
14:56:45	15.5	0.01	10	15500	中性盘
14:56:42	15.49	-0.01	250	387250	卖盘
14:56:39	15.5	--	21	32550	买盘
14:56:36	15.5	--	56	86800	买盘
14:56:33	15.5	--	20	31000	买盘
14:56:30	15.5	--	12	18600	买盘
14:56:27	15.5	-0.01	408	632617	卖盘
14:56:24	15.51	--	55	85305	买盘
14:56:21	15.51	-0.01	161	249711	卖盘
14:56:18	15.52	0.01	123	190896	买盘
14:56:15	15.51	-0.01	11	17061	卖盘
14:56:12	15.52	0.01	15	23280	买盘
14:56:09	15.51	-0.01	65	100815	卖盘
14:56:06	15.52	--	50	77600	买盘
14:56:03	15.52	0.01	16	24832	买盘
14:56:00	15.51	-0.01	5	7755	卖盘
14:55:57	15.52	0.01	13	20176	买盘
14:55:54	15.51	-0.01	30	46530	卖盘
14:55:48	15.52	--	593	920336	买盘
14:55:42	15.52	0.01	163	252976	买盘
14:55:39	15.51	--	56	86856	买盘
14:55:36	15.51	0.01	27	41877	买盘
14:55:33	15.5	-0.01	34	52700	卖盘
14:55:30	15.51	--	188	291588	买盘
14:55:24	15.51	-0.01	32	49632	卖盘
14:55:21	15.52	0.01	9	13968	买盘
14:55:18	15.51	-0.01	11	17061	卖盘
14:55:15	15.52	0.01	59	91568	买盘
14:55:09	15.51	-0.01	10	15510	卖盘
14:55:06	15.52	0.02	4	6208	买盘
14:55:00	15.5	-0.01	1	1550	卖盘
14:54:57	15.51	0.01	137	212487	买盘
14:54:54	15.5	--	43	66650	卖盘
14:54:51	15.5	--	29	44950	卖盘
14:54:45	15.5	--	19	29450	卖盘
14:54:42	15.5	--	168	261733	买盘
14:54:39	15.5	0.01	211	327050	买盘
14:54:33	15.49	--	8	13166	卖盘
14:54:30	15.49	--	153	236997	买盘
14:54:27	15.49	0.01	25	38725	买盘
14:54:24	15.48	-0.01	5	7740	卖盘
14:54:21	15.49	0.01	38	58862	买盘
14:54:18	15.48	-0.01	53	82044	卖盘
14:54:15	15.49	0.01	123	190527	买盘
14:54:12	15.48	-0.01	17	26316	卖盘
14:54:09	15.49	--	10	15490	买盘
14:54:06	15.49	--	23	35627	买盘
14:54:03	15.49	--	4	6196	买盘
14:54:00	15.49	0.01	46	71254	买盘
14:53:54	15.48	-0.01	2	3096	卖盘
14:53:51	15.49	0.01	2	3098	买盘
14:53:48	15.48	--	36	56517	买盘
14:53:45	15.48	--	15	23220	买盘
14:53:42	15.48	--	80	123840	买盘
14:53:39	15.48	0.01	68	105264	买盘
14:53:36	15.47	-0.01	29	44863	卖盘
14:53:33	15.48	--	71	109908	买盘
14:53:30	15.48	0.01	5	7740	买盘
14:53:27	15.47	-0.01	3	4641	卖盘
14:53:21	15.48	0.01	15	23220	买盘
14:53:18	15.47	--	52	80444	卖盘
14:53:15	15.47	--	67	103649	卖盘
14:53:12	15.47	-0.01	41	63427	卖盘
14:53:09	15.48	--	111	171828	买盘
14:53:03	15.48	--	25	38700	买盘
14:53:00	15.48	0.01	45	69660	买盘
14:52:51	15.47	--	39	60333	卖盘
14:52:48	15.47	--	90	139230	卖盘
14:52:45	15.47	--	45	69615	卖盘
14:52:33	15.47	--	20	30940	卖盘
14:52:24	15.47	--	4	6188	买盘
14:52:21	15.47	--	4	6188	卖盘
14:52:18	15.47	--	16	24752	买盘
14:52:15	15.47	-0.03	38	58786	卖盘
14:52:12	15.5	0.03	985	1526750	买盘
14:52:09	15.47	--	56	86632	买盘
14:52:06	15.47	--	56	86632	买盘
14:52:03	15.47	--	30	46410	买盘
14:52:00	15.47	0.01	43	66521	买盘
14:51:57	15.46	-0.01	35	54110	卖盘
14:51:51	15.47	--	10	15470	买盘
14:51:48	15.47	--	3	4641	买盘
14:51:45	15.47	--	10	15470	卖盘
14:51:42	15.47	-0.01	43	66521	卖盘
14:51:39	15.48	0.01	45	69660	买盘
14:51:36	15.47	--	6	9282	卖盘
14:51:33	15.47	-0.01	3	4641	卖盘
14:51:27	15.48	-0.01	8	12384	卖盘
14:51:24	15.49	0.01	12	18588	买盘
14:51:21	15.48	0.02	42	65016	卖盘
14:51:18	15.46	-0.02	900	1391400	卖盘
14:51:12	15.48	-0.01	8	12384	卖盘
14:51:09	15.49	--	7	10843	买盘
14:51:03	15.49	0.01	10	15490	买盘
14:51:00	15.48	-0.01	28	43344	卖盘
14:50:57	15.49	0.01	20	30980	买盘
14:50:54	15.48	-0.01	20	30960	卖盘
14:50:51	15.49	0.01	17	26333	买盘
14:50:48	15.48	--	96	148608	买盘
14:50:45	15.48	--	3	4644	买盘
14:50:39	15.48	--	11	17028	买盘
14:50:36	15.48	0.01	22	34056	买盘
14:50:33	15.47	--	10	15470	卖盘
14:50:30	15.47	-0.01	105	162435	卖盘
14:50:24	15.48	--	11	17028	买盘
14:50:21	15.48	--	59	91332	买盘
14:50:15	15.48	--	74	114552	买盘
14:50:09	15.48	0.01	102	157896	买盘
14:50:06	15.47	--	72	111384	卖盘
14:50:03	15.47	--	19	29393	卖盘
14:49:57	15.47	--	15	23205	卖盘
14:49:54	15.47	-0.01	10	15470	卖盘
14:49:51	15.48	0.01	34	52632	买盘
14:49:48	15.47	-0.01	22	35024	卖盘
14:49:45	15.48	0.01	38	58824	买盘
14:49:42	15.47	--	36	55692	卖盘
14:49:39	15.47	-0.01	15	23205	卖盘
14:49:36	15.48	0.01	49	75852	买盘
14:49:30	15.47	--	80	123760	卖盘
14:49:27	15.47	--	10	15470	卖盘
14:49:24	15.47	--	17	26299	卖盘
14:49:21	15.47	-0.01	38	58786	卖盘
14:49:18	15.48	--	66	102168	买盘
14:49:15	15.48	0.01	1	1548	买盘
14:49:12	15.47	-0.01	8	12376	卖盘
14:49:06	15.48	0.01	4	6192	买盘
14:49:03	15.47	--	16	24752	卖盘
14:48:51	15.47	--	4	6188	卖盘
14:48:42	15.47	--	10	15470	卖盘
14:48:39	15.47	--	21	33260	买盘
14:48:36	15.47	--	34	52598	买盘
14:48:33	15.47	--	12	18564	买盘
14:48:30	15.47	--	4	6188	买盘
14:48:27	15.47	--	89	138456	卖盘
14:48:24	15.47	-0.01	38	58786	卖盘
14:48:21	15.48	--	6	9288	买盘
14:48:18	15.48	0.01	19	29412	买盘
14:48:15	15.47	-0.01	6	9282	卖盘
14:48:12	15.48	0.01	10	15480	买盘
14:48:09	15.47	--	31	47957	卖盘
14:48:03	15.47	--	10	15470	卖盘
14:48:00	15.47	--	2	3094	卖盘
14:47:54	15.47	--	14	21658	卖盘
14:47:48	15.47	--	36	55692	卖盘
14:47:45	15.47	--	10	15470	卖盘
14:47:42	15.47	--	30	46410	卖盘
14:47:39	15.47	0.01	203	314814	买盘
14:47:36	15.46	-0.01	20	30920	卖盘
14:47:33	15.47	--	6	9282	买盘
14:47:30	15.47	--	34	52598	买盘
14:47:27	15.47	--	197	304759	买盘
14:47:24	15.47	--	141	218127	买盘
14:47:21	15.47	--	15	23205	买盘
14:47:18	15.47	--	2	3094	买盘
14:47:12	15.47	--	4	6188	买盘
14:47:09	15.47	--	21	32487	买盘
14:47:06	15.47	--	62	95914	买盘
14:47:03	15.47	--	16	25525	卖盘
14:46:57	15.47	--	21	33260	买盘
14:46:54	15.47	--	5	7735	买盘
14:46:51	15.47	--	122	189507	卖盘
14:46:48	15.47	--	28	43316	卖盘
14:46:42	15.47	--	66	102102	卖盘
14:46:36	15.47	-0.01	10	15470	卖盘
14:46:33	15.48	0.01	14	21672	买盘
14:46:30	15.47	--	20	30940	卖盘
14:46:27	15.47	--	35	54918	卖盘
14:46:24	15.47	--	10	15470	卖盘
14:46:21	15.47	-0.01	5	7735	卖盘
14:46:15	15.48	0.01	4	6192	买盘
14:46:06	15.47	-0.01	110	170170	卖盘
14:46:03	15.48	--	8	12384	买盘
14:45:57	15.48	0.01	18	27864	买盘
14:45:54	15.47	--	89	137683	卖盘
14:45:45	15.47	-0.01	11	17017	卖盘
14:45:42	15.48	--	11	17028	买盘
14:45:39	15.48	0.01	7	10836	买盘
14:45:36	15.47	-0.01	8	12376	卖盘
14:45:33	15.48	0.01	10	15480	买盘
14:45:30	15.47	--	16	24752	卖盘
14:45:27	15.47	--	50	77350	卖盘
14:45:24	15.47	-0.01	10	15470	卖盘
14:45:21	15.48	0.01	39	60372	买盘
14:45:18	15.47	--	13	20111	卖盘
14:45:03	15.47	--	12	18564	买盘
14:44:57	15.47	--	5	7735	买盘
14:44:54	15.47	--	10	15470	买盘
14:44:51	15.47	--	11	17790	买盘
14:44:48	15.47	0.01	9	13923	买盘
14:44:45	15.46	-0.01	10	15460	卖盘
14:44:42	15.47	--	13	20111	买盘
14:44:36	15.47	--	35	54145	买盘
14:44:30	15.47	--	11	17017	买盘
14:44:27	15.47	-0.01	51	78897	卖盘
14:44:21	15.48	--	39	60372	买盘
14:44:15	15.48	0.01	29	44892	买盘
14:44:12	15.47	--	31	47957	卖盘
14:44:09	15.47	--	25	38675	卖盘
14:44:06	15.47	-0.01	13	20111	卖盘
14:44:03	15.48	0.01	4	6192	买盘
14:44:00	15.47	-0.01	12	18564	卖盘
14:43:54	15.48	0.01	162	250776	买盘
14:43:51	15.47	-0.01	5	7735	卖盘
14:43:48	15.48	0.01	2	3096	买盘
14:43:45	15.47	--	28	43316	买盘
14:43:42	15.47	--	18	27846	卖盘
14:43:39	15.47	--	103	159341	买盘
14:43:36	15.47	--	5	7735	买盘
14:43:30	15.47	--	80	123760	卖盘
14:43:27	15.47	--	30	46410	卖盘
14:43:21	15.47	--	101	156247	卖盘
14:43:18	15.47	--	8	12376	卖盘
14:43:15	15.47	-0.01	20	30940	卖盘
14:43:12	15.48	--	2	3096	买盘
14:43:09	15.48	0.01	10	15480	买盘
14:43:03	15.47	-0.01	17	26299	卖盘
14:42:57	15.48	0.01	17	26316	买盘
14:42:54	15.47	-0.01	7	10829	卖盘
14:42:51	15.48	0.01	5	7740	买盘
14:42:45	15.47	--	2	3094	卖盘
14:42:42	15.47	--	5	7735	卖盘
14:42:39	15.47	--	1	1547	卖盘
14:42:36	15.47	-0.01	5	7735	卖盘
14:42:30	15.48	--	10	15480	买盘
14:42:27	15.48	--	22	34056	买盘
14:42:21	15.48	0.01	1	1548	买盘
14:42:18	15.47	-0.01	36	55692	卖盘
14:42:06	15.48	0.01	1	1548	买盘
14:42:00	15.47	-0.02	38	58786	卖盘
14:41:54	15.49	0.02	4	6196	买盘
14:41:51	15.47	-0.01	15	23205	卖盘
14:41:48	15.48	--	1	1548	买盘
14:41:45	15.48	--	5	7740	买盘
14:41:42	15.48	--	4	6192	卖盘
14:41:33	15.48	-0.01	10	15480	卖盘
14:41:30	15.49	0.02	21	32529	买盘
14:41:21	15.47	-0.01	34	52598	卖盘
14:41:18	15.48	-0.01	1	1548	卖盘
14:41:15	15.49	0.02	3	4647	买盘
14:41:06	15.47	--	359	555373	卖盘
14:41:03	15.47	0.01	4	6188	买盘
14:41:00	15.46	-0.01	80	123680	买盘
14:40:57	15.47	0.02	33	51051	买盘
14:40:54	15.45	-0.01	845	1306297	卖盘
14:40:51	15.46	0.01	20	30920	中性盘
14:40:48	15.45	--	9	13905	卖盘
14:40:45	15.45	--	49	75705	买盘
14:40:42	15.45	--	76	117420	买盘
14:40:39	15.45	--	58	89610	买盘
14:40:36	15.45	--	21	32445	买盘
14:40:33	15.45	--	4	6180	买盘
14:40:27	15.45	--	34	52530	买盘
14:40:24	15.45	-0.01	374	577830	卖盘
14:40:21	15.46	--	9	13914	买盘
14:40:18	15.46	--	60	92760	买盘
14:40:15	15.46	0.01	26	40196	买盘
14:40:09	15.45	--	23	35535	卖盘
14:40:06	15.45	--	3	4635	卖盘
14:40:03	15.45	--	2	3090	卖盘
14:40:00	15.45	0.01	57	88065	买盘
14:39:57	15.44	-0.01	115	177560	卖盘
14:39:51	15.45	--	13	20085	买盘
14:39:48	15.45	--	145	224025	卖盘
14:39:45	15.45	-0.01	26	40170	卖盘
14:39:39	15.46	--	9	13914	买盘
14:39:36	15.46	--	22	34012	买盘
14:39:33	15.46	--	2	3092	买盘
14:39:30	15.46	0.01	5	7730	买盘
14:39:27	15.45	--	53	81885	卖盘
14:39:24	15.45	--	3	4635	卖盘
14:39:21	15.45	-0.01	50	77250	卖盘
14:39:18	15.46	0.01	140	216440	买盘
14:39:15	15.45	--	28	43260	卖盘
14:39:09	15.45	--	96	148320	卖盘
14:39:03	15.45	-0.01	5	7725	卖盘
14:39:00	15.46	0.01	2	3092	买盘
14:38:57	15.45	-0.02	50	77250	卖盘
14:38:54	15.47	0.02	23	35581	买盘
14:38:51	15.45	-0.01	67	103515	卖盘
14:38:48	15.46	--	11	17006	买盘
14:38:45	15.46	-0.01	15	23190	买盘
14:38:33	15.47	--	12	18564	买盘
14:38:21	15.47	--	172	266857	卖盘
14:38:18	15.47	--	70	108290	卖盘
14:38:15	15.47	--	292	451724	卖盘
14:38:12	15.47	--	31	47957	卖盘
14:38:06	15.47	--	110	170170	卖盘
14:38:03	15.47	--	64	99008	卖盘
14:37:57	15.47	--	12	18564	卖盘
14:37:54	15.47	--	24	37901	买盘
14:37:45	15.47	--	1029	1592636	买盘
14:37:42	15.47	--	25	38675	卖盘
14:37:39	15.47	--	34	52598	卖盘
14:37:36	15.47	--	45	69615	卖盘
14:37:30	15.47	-0.01	25	38675	卖盘
14:37:24	15.48	-0.01	607	939636	卖盘
14:37:21	15.49	0.01	13	20137	买盘
14:37:15	15.48	-0.01	28	43344	卖盘
14:37:12	15.49	--	60	92940	买盘
14:37:06	15.49	--	25	38725	买盘
14:37:03	15.49	--	38	58862	买盘
14:37:00	15.49	--	10	15490	买盘
14:36:54	15.49	--	34	53657	卖盘
14:36:45	15.49	--	43	66607	卖盘
14:36:42	15.49	--	40	61960	卖盘
14:36:39	15.49	--	35	54215	卖盘
14:36:36	15.49	-0.01	30	46470	卖盘
14:36:27	15.5	0.01	126	195300	中性盘
14:36:06	15.49	-0.01	31	48019	卖盘
14:36:03	15.5	--	2	3100	卖盘
14:36:00	15.5	--	33	51925	买盘
14:35:57	15.5	--	46	71300	买盘
14:35:54	15.5	--	21	33325	卖盘
14:35:51	15.5	--	5	7750	卖盘
14:35:48	15.5	--	47	73625	买盘
14:35:45	15.5	--	21	32550	买盘
14:35:42	15.5	--	1	1550	买盘
14:35:39	15.5	0.01	18	27900	买盘
14:35:36	15.49	-0.01	43	67381	卖盘
14:35:33	15.5	--	1	1550	卖盘
14:35:30	15.5	--	11	17050	卖盘
14:35:27	15.5	0.01	160	248775	买盘
14:35:18	15.49	-0.01	13	20137	卖盘
14:35:15	15.5	--	311	482050	买盘
14:35:12	15.5	--	18	27900	买盘
14:35:09	15.5	--	4	6200	买盘
14:35:06	15.5	--	10	15500	买盘
14:35:03	15.5	--	10	15500	买盘
14:35:00	15.5	--	5	7750	买盘
14:34:54	15.5	0.01	11	17050	买盘
14:34:51	15.49	--	3	4647	卖盘
14:34:48	15.49	-0.01	9	14498	卖盘
14:34:42	15.5	--	178	276675	卖盘
14:34:39	15.5	-0.01	50	77500	卖盘
14:34:33	15.51	0.01	15	23265	买盘
14:34:15	15.5	--	1	1550	卖盘
14:34:06	15.5	0.01	249	386725	买盘
14:34:03	15.49	--	20	30980	卖盘
14:34:00	15.49	--	53	82097	卖盘
14:33:57	15.49	-0.01	178	275722	卖盘
14:33:54	15.5	0.01	70	108500	买盘
14:33:51	15.49	-0.01	10	15490	卖盘
14:33:48	15.5	--	6	9300	买盘
14:33:45	15.5	--	4	6200	买盘
14:33:39	15.5	-0.01	188	292175	卖盘
14:33:24	15.51	--	83	128733	买盘
14:33:12	15.51	--	38	58938	买盘
14:32:57	15.51	--	33	51183	买盘
14:32:54	15.51	0.01	5	7755	买盘
14:32:51	15.5	-0.01	190	294500	卖盘
14:32:48	15.51	--	3	4653	卖盘
14:32:45	15.51	--	7	10857	卖盘
14:32:42	15.51	--	13	20163	卖盘
14:32:33	15.51	--	20	31020	卖盘
14:32:21	15.51	--	27	41877	买盘
14:32:12	15.51	--	8	12408	买盘
14:32:06	15.51	--	12	18612	买盘
14:32:03	15.51	0.01	24	37224	买盘
14:32:00	15.5	-0.01	1	1550	卖盘
14:31:48	15.51	--	80	124080	买盘
14:31:45	15.51	--	41	63591	买盘
14:31:42	15.51	-0.01	102	158202	卖盘
14:31:39	15.52	--	21	32592	买盘
14:31:30	15.52	0.01	1	1552	买盘
14:31:24	15.51	--	24	37224	卖盘
14:31:21	15.51	--	65	100815	买盘
14:31:15	15.51	0.01	4	6204	中性盘
14:31:12	15.5	-0.01	92	142600	卖盘
14:31:09	15.51	--	20	31795	买盘
14:31:03	15.51	--	91	141916	卖盘
14:30:57	15.51	--	10	15510	卖盘
14:30:45	15.51	0.01	34	53509	买盘
14:30:39	15.5	-0.01	17	26350	卖盘
14:30:33	15.51	0.01	39	60489	买盘
14:30:30	15.5	--	11	17050	卖盘
14:30:24	15.5	-0.01	23	35650	卖盘
14:30:21	15.51	--	14	21714	买盘
14:30:15	15.51	--	9	13959	买盘
14:30:12	15.51	--	28	43428	卖盘
14:29:54	15.51	-0.01	5	7755	卖盘
14:29:45	15.52	--	21	33368	卖盘
14:29:42	15.52	--	9	13968	卖盘
14:29:39	15.52	--	29	45784	买盘
14:29:36	15.52	0.02	41	63632	买盘
14:29:30	15.5	-0.02	200	310000	卖盘
14:29:21	15.52	0.02	20	31040	买盘
14:29:15	15.5	--	10	15500	买盘
14:29:12	15.5	0.01	10	15500	买盘
14:29:09	15.49	-0.01	18	27882	卖盘
14:29:03	15.5	--	12	18600	卖盘
14:29:00	15.5	0.01	43	66650	买盘
14:28:57	15.49	-0.01	17	26333	卖盘
14:28:54	15.5	--	8	12400	买盘
14:28:51	15.5	0.01	12	18600	买盘
14:28:48	15.49	-0.01	10	15490	卖盘
14:28:45	15.5	--	217	336350	卖盘
14:28:27	15.5	--	90	139500	买盘
14:28:21	15.5	--	50	77500	买盘
14:28:15	15.5	--	16	24800	买盘
14:28:12	15.5	0.01	51	79050	买盘
14:28:09	15.49	-0.01	51	78999	卖盘
14:28:06	15.5	--	6	9300	买盘
14:28:03	15.5	-0.02	773	1198150	卖盘
14:27:51	15.52	0.01	17	26384	买盘
14:27:45	15.51	-0.01	16	24816	卖盘
14:27:36	15.52	-0.01	10	15520	卖盘
14:27:30	15.53	--	3	4659	买盘
14:27:27	15.53	0.01	1270	1972310	中性盘
14:27:24	15.52	-0.01	229	355408	卖盘
14:27:18	15.53	--	54	83862	卖盘
14:27:06	15.53	-0.01	1	1553	买盘
14:27:03	15.54	0.01	21	32634	买盘
14:27:00	15.53	--	101	156853	买盘
14:26:54	15.53	--	13	20189	卖盘
14:26:48	15.53	--	2	3106	卖盘
14:26:45	15.53	--	1	1553	卖盘
14:26:42	15.53	0.01	25	38825	买盘
14:26:39	15.52	-0.01	2	3104	卖盘
14:26:33	15.53	0.01	3	4659	中性盘
14:26:30	15.52	--	20	31040	卖盘
14:26:27	15.52	-0.01	20	31040	卖盘
14:26:24	15.53	0.01	14	21742	买盘
14:26:15	15.52	-0.01	1	1552	卖盘
14:26:12	15.53	0.01	10	15530	中性盘
14:26:06	15.52	-0.02	309	479568	卖盘
14:26:03	15.54	--	21	32634	买盘
14:26:00	15.54	0.01	10	15540	买盘
14:25:57	15.53	--	5	7765	卖盘
14:25:54	15.53	--	5	7765	卖盘
14:25:48	15.53	0.01	5	7765	中性盘
14:25:42	15.52	-0.01	43	66736	卖盘
14:25:36	15.53	--	56	86968	买盘
14:25:33	15.53	--	15	23295	买盘
14:25:30	15.53	--	83	128899	买盘
14:25:27	15.53	-0.01	84	130452	卖盘
14:25:21	15.54	0.01	5	7770	买盘
14:25:18	15.53	--	210	326130	卖盘
14:25:12	15.53	--	1	1553	卖盘
14:25:06	15.53	-0.01	2	3106	中性盘
14:25:00	15.54	0.01	100	155400	买盘
14:24:57	15.53	--	203	316019	卖盘
14:24:51	15.53	--	128	198784	卖盘
14:24:42	15.53	--	30	46590	卖盘
14:24:39	15.53	-0.01	59	91627	卖盘
14:24:36	15.54	0.01	5	7770	买盘
14:24:33	15.53	--	10	15530	卖盘
14:24:18	15.53	--	6	9318	卖盘
14:24:15	15.53	--	38	59014	卖盘
14:24:03	15.53	--	5	7765	卖盘
14:23:54	15.53	-0.01	700	1087100	卖盘
14:23:51	15.54	--	9	13986	卖盘
14:23:48	15.54	-0.01	16	24864	卖盘
14:23:45	15.55	--	29	45888	买盘
14:23:42	15.55	0.01	36	55980	买盘
14:23:33	15.54	--	61	94794	卖盘
14:23:27	15.54	-0.01	81	125874	卖盘
14:23:21	15.55	--	2	3110	买盘
14:23:12	15.55	--	100	155500	买盘
14:23:09	15.55	--	38	59090	买盘
14:23:06	15.55	-0.01	491	764266	卖盘
14:23:03	15.56	--	20	31120	买盘
14:23:00	15.56	0.01	20	31120	买盘
14:22:57	15.55	-0.01	2	3110	卖盘
14:22:51	15.56	--	2	3112	买盘
14:22:45	15.56	--	2	3112	买盘
14:22:39	15.56	--	5	7780	买盘
14:22:33	15.56	--	55	85580	卖盘
14:22:30	15.56	--	18	28008	卖盘
14:22:27	15.56	--	33	51348	卖盘
14:22:24	15.56	--	8	12448	卖盘
14:22:12	15.56	--	1	1556	卖盘
14:22:06	15.56	--	43	66908	卖盘
14:22:03	15.56	--	5	7780	卖盘
14:22:00	15.56	--	5	7780	卖盘
14:21:57	15.56	-0.01	2	3112	卖盘
14:21:54	15.57	0.01	38	59166	买盘
14:21:51	15.56	--	75	116700	卖盘
14:21:48	15.56	--	20	31120	卖盘
14:21:42	15.56	--	16	24896	卖盘
14:21:39	15.56	--	5	7780	卖盘
14:21:36	15.56	--	12	18672	卖盘
14:21:33	15.56	--	58	90248	卖盘
14:21:30	15.56	--	4	6224	卖盘
14:21:27	15.56	0.01	16	24896	买盘
14:21:21	15.55	--	22	34210	卖盘
14:21:18	15.55	--	9	13995	卖盘
14:21:15	15.55	-0.01	10	15550	卖盘
14:21:12	15.56	--	2	3112	买盘
14:21:03	15.56	--	11	17116	买盘
14:20:51	15.56	--	43	66908	买盘
14:20:45	15.56	0.01	6	9336	买盘
14:20:33	15.55	--	39	61438	买盘
14:20:30	15.55	--	3	4665	买盘
14:20:27	15.55	--	2	3110	买盘
14:20:24	15.55	--	91	141505	买盘
14:20:21	15.55	--	10	15550	买盘
14:20:09	15.55	0.01	15	23325	买盘
14:20:00	15.54	-0.01	9	13986	卖盘
14:19:57	15.55	--	22	34210	买盘
14:19:54	15.55	--	125	194375	买盘
14:19:48	15.55	--	11	17866	卖盘
14:19:45	15.55	--	212	329660	卖盘
14:19:42	15.55	--	7	10885	卖盘
14:19:33	15.55	-0.01	100	155500	卖盘
14:19:27	15.56	0.01	15	23340	买盘
14:19:24	15.55	--	5	7775	卖盘
14:19:21	15.55	--	13	20215	卖盘
14:19:18	15.55	--	22	34210	卖盘
14:19:06	15.55	0.01	113	176508	买盘
14:19:03	15.54	--	30	46620	卖盘
14:19:00	15.54	-0.01	43	66822	卖盘
14:18:57	15.55	--	217	337435	买盘
14:18:54	15.55	0.02	176	273680	买盘
14:18:51	15.53	-0.01	45	69885	卖盘
14:18:48	15.54	--	26	40404	买盘
14:18:39	15.54	0.01	17	26418	买盘
14:18:33	15.53	--	20	31060	卖盘
14:18:24	15.53	--	28	43484	卖盘
14:18:18	15.53	-0.01	36	55908	卖盘
14:17:45	15.54	--	11	17094	买盘
14:17:42	15.54	--	17	26418	买盘
14:17:36	15.54	--	1	1554	买盘
14:17:21	15.54	0.01	20	31080	买盘
14:17:15	15.53	0.01	3	4659	卖盘
14:17:12	15.52	-0.02	113	175376	卖盘
14:16:57	15.54	0.02	39	60606	买盘
14:16:48	15.52	--	2	3104	卖盘
14:16:39	15.52	-0.01	196	304192	卖盘
14:16:36	15.53	--	15	23295	卖盘
14:16:33	15.53	--	5	7765	卖盘
14:16:30	15.53	-0.01	5	7765	卖盘
14:16:21	15.54	-0.01	7	10878	卖盘
14:16:15	15.55	--	17	26435	买盘
14:16:12	15.55	0.03	30	46650	买盘
14:16:03	15.52	-0.03	500	776000	卖盘
14:15:45	15.55	0.02	46	71530	买盘
14:15:21	15.53	--	10	15530	卖盘
14:15:12	15.53	-0.01	10	15530	卖盘
14:15:09	15.54	-0.01	7	10878	卖盘
14:15:03	15.55	0.02	6	9874	买盘
14:14:54	15.53	-0.01	129	200337	卖盘
14:14:45	15.54	--	33	51282	买盘
14:14:39	15.54	--	11	17094	买盘
14:14:30	15.54	0.01	200	310800	买盘
14:14:15	15.53	--	106	164618	卖盘
14:14:12	15.53	-0.01	161	250033	卖盘
14:14:09	15.54	--	2	3108	买盘
14:14:03	15.54	--	188	292152	卖盘
14:14:00	15.54	-0.01	7	10878	卖盘
14:13:54	15.55	0.01	1	1555	买盘
14:13:51	15.54	--	2	3108	卖盘
14:13:42	15.54	--	120	186480	卖盘
14:13:36	15.54	--	10	15540	卖盘
14:13:33	15.54	-0.01	18	27972	卖盘
14:13:24	15.55	--	1	1555	买盘
14:13:21	15.55	--	9	13995	买盘
14:13:03	15.55	0.01	190	295450	买盘
14:13:00	15.54	--	30	46620	卖盘
14:12:54	15.54	-0.01	100	155400	卖盘
14:12:36	15.55	0.01	6	9330	买盘
14:12:27	15.54	--	10	15540	卖盘
14:11:51	15.54	--	17	26418	买盘
14:11:45	15.54	--	4	6216	买盘
14:11:42	15.54	--	41	63714	买盘
14:11:39	15.54	--	3	4662	买盘
14:11:36	15.54	--	7	10878	买盘
14:11:33	15.54	--	10	15540	买盘
14:11:12	15.54	--	4	6216	买盘
14:11:09	15.54	--	1	1554	买盘
14:11:06	15.54	0.01	131	203574	买盘
14:11:00	15.53	--	5	7765	卖盘
14:10:57	15.53	-0.01	16	24848	卖盘
14:10:51	15.54	--	10	15540	买盘
14:10:48	15.54	--	32	49728	买盘
14:10:45	15.54	--	105	163170	卖盘
14:10:42	15.54	-0.01	1	1554	卖盘
14:10:27	15.55	0.01	30	46650	买盘
14:10:24	15.54	-0.01	106	164724	卖盘
14:10:18	15.55	--	7	10885	买盘
14:10:15	15.55	--	32	49760	买盘
14:10:09	15.55	0.01	38	59090	买盘
14:10:06	15.54	-0.01	19	29526	卖盘
14:09:48	15.55	0.01	2	3110	买盘
14:09:33	15.54	--	13	20202	卖盘
14:09:27	15.54	--	20	31080	卖盘
14:09:18	15.54	--	59	91686	买盘
14:09:15	15.54	--	1	1554	买盘
14:09:09	15.54	--	15	23310	买盘
14:09:00	15.54	0.01	6	9324	买盘
14:08:57	15.53	-0.01	50	77650	卖盘
14:08:54	15.54	0.01	106	164724	买盘
14:08:45	15.53	--	8	12424	卖盘
14:08:42	15.53	-0.01	5	7765	卖盘
14:08:33	15.54	0.01	3	4662	买盘
14:08:30	15.53	-0.01	5	7765	卖盘
14:08:27	15.54	--	10	15540	买盘
14:08:21	15.54	0.01	48	74592	买盘
14:08:18	15.53	--	20	31060	卖盘
14:07:39	15.53	-0.01	2	3106	卖盘
14:07:36	15.54	0.01	17	26418	买盘
14:07:33	15.53	--	10	15530	卖盘
14:07:18	15.53	-0.01	10	15530	卖盘
14:07:12	15.54	0.01	6	9324	买盘
14:07:09	15.53	--	10	15530	卖盘
14:06:54	15.53	-0.01	3	4659	卖盘
14:06:51	15.54	0.01	21	32634	买盘
14:06:45	15.53	--	29	45037	卖盘
14:06:33	15.53	0.01	25	38825	买盘
14:06:30	15.52	--	9	13968	买盘
14:06:27	15.52	--	65	100880	卖盘
14:06:21	15.52	--	2	3104	卖盘
14:06:12	15.52	--	1	1552	卖盘
14:06:00	15.52	0.01	42	65184	买盘
14:05:48	15.51	-0.01	10	15510	卖盘
14:05:45	15.52	0.01	2	3104	买盘
14:05:39	15.51	-0.01	4	6204	卖盘
14:05:21	15.52	0.02	31	48112	买盘
14:05:12	15.5	-0.01	271	420050	卖盘
14:05:06	15.51	--	15	23265	卖盘
14:05:03	15.51	--	90	139590	卖盘
14:04:57	15.51	--	20	31020	卖盘
14:04:51	15.51	--	10	15510	卖盘
14:04:48	15.51	--	5	7755	卖盘
14:04:42	15.51	--	20	31020	卖盘
14:04:39	15.51	-0.01	9	13959	卖盘
14:04:36	15.52	--	20	31040	买盘
14:04:33	15.52	0.01	2	3104	买盘
14:04:27	15.51	--	50	77550	卖盘
14:04:18	15.51	--	36	55836	卖盘
14:04:06	15.51	-0.01	129	200079	卖盘
14:04:03	15.52	--	9	13968	买盘
14:04:00	15.52	--	1	1552	买盘
14:03:54	15.52	0.01	3	4656	买盘
14:03:48	15.51	-0.01	40	62040	卖盘
14:03:36	15.52	-0.01	6	9312	卖盘
14:03:33	15.53	0.01	25	38825	买盘
14:03:30	15.52	--	7	10864	卖盘
14:03:18	15.52	-0.01	2	3104	卖盘
14:03:12	15.53	0.01	50	77650	买盘
14:03:06	15.52	--	59	91568	卖盘
14:03:03	15.52	--	9	13968	卖盘
14:02:54	15.52	-0.01	22	34144	卖盘
14:02:42	15.53	0.01	8	12424	买盘
14:02:36	15.52	0.01	2	3104	买盘
14:02:27	15.51	--	46	71346	买盘
14:02:24	15.51	--	58	89958	买盘
14:02:21	15.51	0.01	8	12408	买盘
14:02:18	15.5	-0.01	20	31000	卖盘
14:02:12	15.51	--	6	9306	买盘
14:02:09	15.51	--	6	9306	买盘
14:02:00	15.51	0.01	30	46530	买盘
14:01:45	15.5	-0.01	15	23250	卖盘
14:01:30	15.51	0.01	50	77550	买盘
14:01:21	15.5	--	50	77500	卖盘
14:01:15	15.5	-0.01	60	93000	卖盘
14:01:12	15.51	0.01	27	41877	买盘
14:01:09	15.5	-0.01	19	29450	卖盘
14:01:06	15.51	0.01	1	1551	买盘
14:01:03	15.5	-0.01	2	3100	卖盘
14:00:57	15.51	--	5	7755	买盘
14:00:45	15.51	--	3	4653	买盘
14:00:42	15.51	-0.01	51	79101	卖盘
14:00:36	15.52	--	2	3104	买盘
14:00:27	15.52	0.01	1	1552	买盘
14:00:21	15.51	--	10	15510	卖盘
14:00:15	15.51	--	2	3102	卖盘
14:00:12	15.51	-0.01	11	17061	卖盘
14:00:06	15.52	--	5	7760	买盘
14:00:03	15.52	0.01	3	4656	买盘
13:59:48	15.51	-0.01	5	7755	中性盘
13:59:39	15.52	0.02	16	24832	中性盘
13:59:36	15.5	--	25	38750	卖盘
13:59:33	15.5	--	31	48050	卖盘
13:59:27	15.5	--	6	9300	卖盘
13:59:21	15.5	--	6	9300	买盘
13:59:18	15.5	--	6	9300	买盘
13:59:15	15.5	--	10	15500	买盘
13:59:12	15.5	--	5	7750	买盘
13:59:09	15.5	--	1	1550	买盘
13:59:06	15.5	0.01	5	7750	买盘
13:59:03	15.49	-0.04	649	1005301	卖盘
13:59:00	15.53	--	5	7765	中性盘
13:58:48	15.53	--	32	49696	卖盘
13:58:27	15.53	--	11	17083	买盘
13:58:18	15.53	-0.02	11	17083	中性盘
13:58:06	15.55	0.03	30	46650	买盘
13:57:39	15.52	--	5	7760	卖盘
13:57:30	15.52	--	1	1552	买盘
13:57:24	15.52	-0.03	9	13968	中性盘
13:57:06	15.55	0.04	30	46650	买盘
13:56:45	15.51	-0.04	52	80652	卖盘
13:56:42	15.55	--	100	155500	买盘
13:56:33	15.55	--	19	29545	买盘
13:56:18	15.55	0.05	10	15550	中性盘
13:55:45	15.5	--	52	80600	买盘
13:55:42	15.5	--	141	218550	买盘
13:55:36	15.5	--	146	226300	买盘
13:55:30	15.5	--	15	23250	买盘
13:55:27	15.5	--	1	1550	买盘
13:55:24	15.5	0.01	22	34100	买盘
13:55:21	15.49	-0.01	13	20137	卖盘
13:55:18	15.5	0.01	100	155000	买盘
13:55:15	15.49	-0.01	0	774	卖盘
13:55:12	15.5	--	71	110050	买盘
13:55:09	15.5	--	4	6200	买盘
13:55:06	15.5	--	10	15500	买盘
13:55:03	15.5	-0.06	561	869550	卖盘
13:54:57	15.56	--	1	1556	买盘
13:54:54	15.56	--	3	4668	买盘
13:54:45	15.56	0.03	83	129148	买盘
13:54:42	15.53	-0.01	10	15530	卖盘
13:54:39	15.54	--	8	12432	买盘
13:54:36	15.54	-0.01	69	107226	卖盘
13:54:30	15.55	--	5	7775	买盘
13:54:24	15.55	--	8	12440	买盘
13:54:21	15.55	--	6	9330	买盘
13:54:12	15.55	-0.03	31	48205	卖盘
13:54:06	15.58	--	61	95038	买盘
13:54:03	15.58	--	15	23370	卖盘
13:54:00	15.58	-0.01	5	7790	卖盘
13:53:54	15.59	--	12	18708	买盘
13:53:51	15.59	0.04	27	42093	买盘
13:53:48	15.55	-0.04	12	18660	卖盘
13:53:45	15.59	--	83	129397	买盘
13:53:42	15.59	--	7	10913	买盘
13:53:36	15.59	0.02	173	269707	买盘
13:53:33	15.57	-0.01	4	6228	买盘
13:53:27	15.58	0.03	266	414428	买盘
13:53:24	15.55	--	5	7775	买盘
13:53:21	15.55	-0.03	194	301670	卖盘
13:53:18	15.58	0.04	346	539068	买盘
13:53:15	15.54	-0.02	175	271950	卖盘
13:53:12	15.56	0.01	177	275412	买盘
13:53:09	15.55	--	173	269015	买盘
13:53:06	15.55	0.01	188	292340	买盘
13:53:03	15.54	0.02	146	226884	买盘
13:53:00	15.52	0.01	11	17072	买盘
13:52:57	15.51	-0.01	20	31020	卖盘
13:52:54	15.52	--	15	23280	买盘
13:52:51	15.52	0.01	5	7760	买盘
13:52:39	15.51	--	12	18612	买盘
13:52:27	15.51	--	6	9306	买盘
13:52:24	15.51	--	3	4653	买盘
13:52:21	15.51	0.01	4	6204	买盘
13:52:06	15.5	--	5	7750	卖盘
13:52:03	15.5	0.02	1	1550	买盘
13:51:42	15.48	--	1319	2041812	买盘
13:51:36	15.48	--	80	123840	买盘
13:51:33	15.48	--	28	43344	买盘
13:51:30	15.48	-0.02	30	46440	卖盘
13:51:27	15.5	0.03	5	7750	中性盘
13:51:18	15.47	-0.03	336	519792	卖盘
13:51:15	15.5	--	5	7750	卖盘
13:51:12	15.5	0.02	47	72850	买盘
13:51:09	15.48	--	34	52632	买盘
13:51:06	15.48	-0.01	160	247680	买盘
13:51:00	15.49	-0.01	14	21686	卖盘
13:50:57	15.5	--	4	6200	买盘
13:50:54	15.5	--	17	26350	卖盘
13:50:51	15.5	0.03	20	31000	卖盘
13:50:42	15.47	-0.02	500	773500	卖盘
13:50:21	15.49	--	57	88293	卖盘
13:50:18	15.49	-0.03	2	3872	卖盘
13:50:12	15.52	0.03	1	1552	买盘
13:50:03	15.49	--	2	3098	卖盘
13:50:00	15.49	0.01	12	18588	买盘
13:49:57	15.48	-0.01	5	7740	卖盘
13:49:54	15.49	--	2	3098	买盘
13:49:51	15.49	0.01	5	7745	买盘
13:49:45	15.48	-0.01	10	15480	卖盘
13:49:42	15.49	--	49	75901	买盘
13:49:39	15.49	--	5	7745	买盘
13:49:36	15.49	0.01	1	1549	买盘
13:49:33	15.48	-0.01	1	1548	卖盘
13:49:30	15.49	0.01	11	17039	买盘
13:49:27	15.48	-0.01	20	30960	卖盘
13:49:24	15.49	0.01	5	7745	中性盘
13:48:51	15.48	--	50	77400	卖盘
13:48:42	15.48	--	19	29412	买盘
13:48:36	15.48	0.01	5	7740	卖盘
13:48:30	15.47	-0.01	100	154700	卖盘
13:48:27	15.48	0.01	205	317340	买盘
13:48:21	15.47	--	17	26299	买盘
13:48:18	15.47	--	50	77350	买盘
13:48:09	15.47	--	4	6188	买盘
13:48:06	15.47	--	110	170170	卖盘
13:47:57	15.47	--	19	29393	卖盘
13:47:54	15.47	--	26	40222	卖盘
13:47:51	15.47	-0.01	13	20111	卖盘
13:47:48	15.48	--	1	1548	买盘
13:47:45	15.48	0.01	16	24768	买盘
13:47:39	15.47	-0.01	183	283101	卖盘
13:47:33	15.48	--	36	55728	买盘
13:47:30	15.48	--	174	269352	买盘
13:47:21	15.48	0.01	6	9288	买盘
13:47:18	15.47	-0.01	12	18564	卖盘
13:47:15	15.48	--	30	46440	买盘
13:47:12	15.48	--	23	35604	买盘
13:47:09	15.48	0.01	20	30960	买盘
13:47:06	15.47	-0.01	17	26299	卖盘
13:47:03	15.48	--	1	1548	买盘
13:47:00	15.48	0.01	15	23220	买盘
13:46:57	15.47	-0.01	22	34034	卖盘
13:46:51	15.48	--	10	15480	买盘
13:46:48	15.48	--	20	30960	买盘
13:46:36	15.48	-0.05	968	1498464	卖盘
13:46:30	15.53	--	5	7765	卖盘
13:46:24	15.53	-0.01	4	6212	卖盘
13:46:09	15.54	--	61	94794	买盘
13:46:06	15.54	--	41	63714	卖盘
13:46:03	15.54	-0.01	40	62160	卖盘
13:46:00	15.55	0.01	30	46650	买盘
13:45:57	15.54	-0.01	10	15540	卖盘
13:45:54	15.55	0.01	4	6220	买盘
13:45:51	15.54	-0.01	15	23310	卖盘
13:45:48	15.55	--	31	48205	买盘
13:45:45	15.55	0.01	19	29545	买盘
13:45:42	15.54	--	3	4662	卖盘
13:45:39	15.54	-0.01	300	466200	卖盘
13:45:33	15.55	0.01	23	35765	买盘
13:45:27	15.54	-0.01	113	175602	卖盘
13:45:21	15.55	0.01	20	31100	买盘
13:45:18	15.54	--	43	66822	卖盘
13:45:15	15.54	-0.01	25	38850	卖盘
13:45:06	15.55	0.01	40	62200	买盘
13:45:00	15.54	--	8	12432	卖盘
13:44:54	15.54	--	21	32634	卖盘
13:44:51	15.54	0.01	182	282828	买盘
13:44:48	15.53	--	2	3106	买盘
13:44:42	15.53	--	1	1553	买盘
13:44:39	15.53	--	8	13200	卖盘
13:44:33	15.53	--	41	64449	卖盘
13:44:30	15.53	-0.02	7	10871	卖盘
13:44:15	15.55	0.02	2	3110	买盘
13:43:48	15.53	-0.02	73	113369	卖盘
13:43:45	15.55	--	10	15550	买盘
13:43:36	15.55	--	2	3110	买盘
13:43:30	15.55	--	33	51315	卖盘
13:43:27	15.55	--	2	3110	卖盘
13:43:24	15.55	--	3	4665	卖盘
13:43:18	15.55	--	10	15550	卖盘
13:43:06	15.55	--	59	91745	卖盘
13:43:03	15.55	--	88	136840	卖盘
13:42:57	15.55	--	387	601785	买盘
13:42:54	15.55	0.01	14	21770	买盘
13:42:51	15.54	--	1	1554	卖盘
13:42:48	15.54	--	5	7770	卖盘
13:42:45	15.54	--	14	21756	买盘
13:42:36	15.54	0.01	100	155400	买盘
13:42:33	15.53	0.01	1	1553	中性盘
13:42:27	15.52	-0.01	105	162960	卖盘
13:42:21	15.53	--	2	3106	卖盘
13:42:18	15.53	--	28	43484	买盘
13:42:15	15.53	0.01	4	6212	买盘
13:42:12	15.52	-0.01	2	3104	卖盘
13:42:06	15.53	--	6	9318	买盘
13:42:03	15.53	--	18	27954	买盘
13:42:00	15.53	0.01	4	6212	买盘
13:41:54	15.52	--	20	31040	卖盘
13:41:42	15.52	0.01	111	172272	买盘
13:41:39	15.51	--	1	1551	卖盘
13:41:27	15.51	0.01	9	13959	买盘
13:41:09	15.5	--	6	9300	买盘
13:41:06	15.5	--	38	58900	买盘
13:41:03	15.5	--	5	7750	买盘
13:41:00	15.5	0.01	120	186000	买盘
13:40:57	15.49	-0.01	4	6196	卖盘
13:40:54	15.5	--	5	7750	买盘
13:40:45	15.5	0.01	80	124000	买盘
13:40:30	15.49	--	19	29431	买盘
13:40:27	15.49	-0.01	5	7745	中性盘
13:40:24	15.5	0.02	7	10850	买盘
13:40:18	15.48	-0.01	41	63468	卖盘
13:40:15	15.49	-0.01	19	29431	中性盘
13:40:06	15.5	0.02	10	15500	买盘
13:40:00	15.48	--	1	1548	卖盘
13:39:54	15.48	-0.01	10	15480	卖盘
13:39:51	15.49	0.01	42	65058	买盘
13:39:48	15.48	--	7	10836	卖盘
13:39:45	15.48	--	60	92880	卖盘
13:39:42	15.48	-0.01	8	12384	卖盘
13:39:33	15.49	0.01	52	80548	买盘
13:39:18	15.48	--	2	3096	卖盘
13:39:09	15.48	-0.01	30	46440	卖盘
13:39:06	15.49	0.01	7	10843	买盘
13:39:00	15.48	-0.01	10	15480	卖盘
13:38:54	15.49	0.01	3	4647	买盘
13:38:51	15.48	--	10	15480	卖盘
13:38:42	15.48	-0.01	3	4644	卖盘
13:38:39	15.49	--	11	17039	买盘
13:38:36	15.49	--	149	230801	卖盘
13:38:33	15.49	--	22	34078	卖盘
13:38:27	15.49	-0.01	8	12392	卖盘
13:38:21	15.5	--	8	12400	买盘
13:38:15	15.5	--	55	85250	卖盘
13:38:12	15.5	-0.01	10	15500	卖盘
13:38:09	15.51	--	5	7755	买盘
13:38:00	15.51	--	49	76774	卖盘
13:37:51	15.51	--	2	3102	卖盘
13:37:39	15.51	0.01	113	176038	买盘
13:37:36	15.5	-0.01	15	23250	卖盘
13:37:33	15.51	0.01	2	3102	买盘
13:37:27	15.5	--	4	6200	卖盘
13:37:24	15.5	-0.01	7	10850	卖盘
13:37:03	15.51	--	5	7755	卖盘
13:37:00	15.51	--	2	3102	卖盘
13:36:57	15.51	0.01	3	4653	买盘
13:36:54	15.5	--	10	15500	卖盘
13:36:48	15.5	-0.01	20	31000	卖盘
13:36:45	15.51	0.01	7	10857	中性盘
13:36:42	15.5	-0.02	2	3100	卖盘
13:36:24	15.52	--	13	20176	卖盘
13:36:09	15.52	--	1	1552	卖盘
13:36:06	15.52	--	60	93120	卖盘
13:36:03	15.52	--	3	4656	卖盘
13:36:00	15.52	--	10	15520	卖盘
13:35:51	15.52	--	10	15520	卖盘
13:35:48	15.52	--	7	10864	卖盘
13:35:45	15.52	--	5	7760	卖盘
13:35:42	15.52	--	2	3104	卖盘
13:35:33	15.52	-0.01	15	23280	卖盘
13:35:30	15.53	0.01	47	72991	买盘
13:35:27	15.52	--	40	62080	卖盘
13:35:15	15.52	-0.01	10	15520	卖盘
13:35:09	15.53	0.02	267	414651	买盘
13:35:06	15.51	-0.01	10	15510	卖盘
13:34:48	15.52	--	3	4656	买盘
13:34:36	15.52	-0.01	2	3104	中性盘
13:34:30	15.53	--	5	7765	买盘
13:34:24	15.53	--	3	4659	买盘
13:34:18	15.53	0.03	3	4659	买盘
13:34:12	15.5	-0.03	418	647900	卖盘
13:34:06	15.53	0.01	3	4659	买盘
13:34:03	15.52	-0.01	12	18624	卖盘
13:34:00	15.53	--	3	4659	买盘
13:33:51	15.53	--	6	9318	买盘
13:33:45	15.53	--	5	7765	买盘
13:33:36	15.53	--	3	4659	买盘
13:33:30	15.53	--	81	125793	卖盘
13:33:27	15.53	-0.01	27	41931	卖盘
13:33:24	15.54	--	10	15540	买盘
13:33:18	15.54	--	5	7770	买盘
13:33:15	15.54	0.01	27	41958	买盘
13:33:12	15.53	-0.01	40	62120	卖盘
13:33:09	15.54	--	5	7770	买盘
13:32:51	15.54	--	13	21724	卖盘
13:32:45	15.54	--	2	3108	卖盘
13:32:39	15.54	--	49	76177	买盘
13:32:36	15.54	--	12	18648	买盘
13:32:33	15.54	--	2	3108	买盘
13:32:27	15.54	--	28	45034	卖盘
13:32:24	15.54	-0.01	0	31	卖盘
13:32:18	15.55	0.01	15	23325	买盘
13:32:03	15.54	-0.01	35	54390	中性盘
13:31:54	15.55	0.01	80	124400	买盘
13:31:48	15.54	0.01	5	7770	中性盘
13:31:42	15.53	-0.01	92	142876	卖盘
13:31:39	15.54	--	5	7770	卖盘
13:31:36	15.54	--	39	60606	买盘
13:31:27	15.54	--	1	1554	买盘
13:31:21	15.54	--	32	49728	买盘
13:31:12	15.54	0.01	8	12432	买盘
13:31:09	15.53	-0.01	10	15530	卖盘
13:31:06	15.54	0.01	10	15540	买盘
13:30:57	15.53	--	6	9318	卖盘
13:30:54	15.53	--	5	7765	卖盘
13:30:42	15.53	0.01	31	48143	买盘
13:30:39	15.52	-0.01	27	41904	卖盘
13:30:36	15.53	0.01	50	77650	买盘
13:30:27	15.52	-0.01	19	29488	卖盘
13:30:24	15.53	0.01	47	72991	买盘
13:30:12	15.52	-0.01	6	9312	卖盘
13:30:09	15.53	--	242	375826	买盘
13:30:03	15.53	0.02	1	1553	买盘
13:29:39	15.51	-0.02	98	151998	卖盘
13:29:36	15.53	--	38	59014	买盘
13:29:30	15.53	--	19	29507	买盘
13:29:27	15.53	--	39	60567	买盘
13:29:24	15.53	--	35	54355	买盘
13:29:21	15.53	--	74	114922	卖盘
13:29:12	15.53	--	8	12424	卖盘
13:29:09	15.53	--	8	12424	卖盘
13:29:03	15.53	-0.01	10	15530	卖盘
13:29:00	15.54	0.01	20	31080	买盘
13:28:57	15.53	-0.01	10	15530	卖盘
13:28:48	15.54	--	50	77700	买盘
13:28:42	15.54	0.01	3	4662	买盘
13:28:36	15.53	-0.01	5	7765	卖盘
13:28:33	15.54	0.01	15	23310	买盘
13:28:30	15.53	--	2	3106	卖盘
13:28:27	15.53	-0.01	1	1553	卖盘
13:28:24	15.54	--	35	54390	买盘
13:28:21	15.54	0.01	23	35742	买盘
13:28:18	15.53	--	3	4659	卖盘
13:28:03	15.53	-0.01	5	7765	中性盘
13:27:48	15.54	0.01	6	9324	买盘
13:27:45	15.53	0.01	3	4659	买盘
13:27:42	15.52	-0.02	52	80704	卖盘
13:27:30	15.54	0.01	35	54390	卖盘
13:27:27	15.53	-0.01	26	40378	卖盘
13:27:24	15.54	--	10	15540	卖盘
13:27:15	15.54	--	5	7770	卖盘
13:27:12	15.54	0.01	12	18648	中性盘
13:27:06	15.53	-0.01	56	86968	卖盘
13:27:03	15.54	--	12	18648	买盘
13:26:57	15.54	--	42	65268	买盘
13:26:54	15.54	--	5	7770	买盘
13:26:48	15.54	--	27	41958	买盘
13:26:42	15.54	0.02	32	49728	买盘
13:26:36	15.52	-0.02	5	7760	卖盘
13:26:30	15.54	0.01	14	21756	买盘
13:26:27	15.53	--	23	35719	卖盘
13:26:24	15.53	--	3	4659	卖盘
13:26:21	15.53	--	24	37272	买盘
13:26:15	15.53	0.01	2	3106	买盘
13:26:12	15.52	-0.01	2	3104	卖盘
13:26:03	15.53	--	3	4659	卖盘
13:25:57	15.53	--	6	9318	卖盘
13:25:54	15.53	0.01	3	4659	买盘
13:25:36	15.52	--	12	18624	卖盘
13:25:33	15.52	0.02	0	776	买盘
13:25:03	15.5	-0.02	2	3100	中性盘
13:24:57	15.52	0.03	18	27936	买盘
13:24:54	15.49	-0.01	25	38725	卖盘
13:24:48	15.5	--	109	168950	买盘
13:24:42	15.5	--	4	6200	买盘
13:24:36	15.5	--	15	23250	买盘
13:24:33	15.5	--	20	31000	买盘
13:24:30	15.5	0.01	54	83700	买盘
13:24:15	15.49	-0.01	10	15490	卖盘
13:24:12	15.5	--	35	54250	买盘
13:24:09	15.5	--	81	125550	买盘
13:24:06	15.5	0.01	10	15500	买盘
13:24:03	15.49	--	16	24784	卖盘
13:24:00	15.49	-0.01	50	77450	卖盘
13:23:57	15.5	--	25	38750	买盘
13:23:54	15.5	--	503	779650	买盘
13:23:45	15.5	--	2	3100	买盘
13:23:39	15.5	--	20	31000	买盘
13:23:33	15.5	0.01	21	32550	买盘
13:23:27	15.49	-0.01	3	4647	卖盘
13:23:15	15.5	--	6	9300	买盘
13:23:12	15.5	-0.05	1171	1815050	卖盘
13:23:09	15.55	--	14	22547	卖盘
13:23:06	15.55	--	50	77750	卖盘
13:23:00	15.55	--	13	20215	卖盘
13:22:57	15.55	--	22	34210	卖盘
13:22:51	15.55	--	8	12440	卖盘
13:22:48	15.55	--	12	19437	卖盘
13:22:45	15.55	--	60	93300	卖盘
13:22:42	15.55	--	31	48205	卖盘
13:22:24	15.55	-0.01	10	15550	卖盘
13:22:18	15.56	0.01	5	7780	买盘
13:22:15	15.55	--	4	6220	卖盘
13:22:12	15.55	-0.01	8	12440	卖盘
13:22:09	15.56	--	68	105808	买盘
13:22:06	15.56	--	54	84024	买盘
13:22:03	15.56	--	100	155600	买盘
13:21:57	15.56	--	70	108920	买盘
13:21:51	15.56	--	18	28008	卖盘
13:21:45	15.56	--	43	66908	卖盘
13:21:39	15.56	--	10	15560	卖盘
13:21:36	15.56	0.01	57	88692	买盘
13:21:33	15.55	-0.01	19	29545	卖盘
13:21:30	15.56	0.01	86	133816	买盘
13:21:27	15.55	-0.01	5	7775	卖盘
13:21:24	15.56	0.01	24	37344	买盘
13:21:21	15.55	--	22	34210	卖盘
13:21:15	15.55	-0.01	106	164830	卖盘
13:21:06	15.56	--	47	73132	买盘
13:21:03	15.56	0.01	5	7780	买盘
13:21:00	15.55	-0.01	111	172605	卖盘
13:20:54	15.56	--	3	4668	买盘
13:20:48	15.56	0.01	7	10892	买盘
13:20:45	15.55	--	30	46650	买盘
13:20:42	15.55	--	5	7775	卖盘
13:20:39	15.55	--	11	17105	卖盘
13:20:33	15.55	0.01	8	12440	卖盘
13:20:30	15.54	-0.01	7	10878	卖盘
13:20:27	15.55	--	93	144615	卖盘
13:20:24	15.55	--	167	260462	买盘
13:20:21	15.55	--	31	48205	买盘
13:20:18	15.55	--	4	6220	买盘
13:20:15	15.55	--	60	93300	买盘
13:20:12	15.55	--	3	4665	买盘
13:20:03	15.55	0.01	33	51315	买盘
13:19:42	15.54	--	45	69930	买盘
13:19:39	15.54	0.02	173	268842	买盘
13:19:33	15.52	--	10	15520	买盘
13:19:30	15.52	0.01	11	17072	中性盘
13:19:15	15.51	-0.01	10	15510	卖盘
13:19:12	15.52	0.01	7	10864	中性盘
13:19:06	15.51	-0.02	19	30244	卖盘
13:19:03	15.53	--	5	7765	买盘
13:19:00	15.53	0.01	37	57461	买盘
13:18:51	15.52	--	2	3104	买盘
13:18:45	15.52	--	34	52768	卖盘
13:18:42	15.52	-0.01	21	32592	卖盘
13:18:33	15.53	0.01	28	43484	买盘
13:18:15	15.52	--	24	37248	卖盘
13:18:09	15.52	-0.01	4	6208	卖盘
13:18:03	15.53	--	5	7765	买盘
13:17:48	15.53	0.02	5	7765	买盘
13:17:45	15.51	--	161	249711	卖盘
13:17:42	15.51	-0.02	338	524238	卖盘
13:17:39	15.53	--	13	20189	买盘
13:17:36	15.53	--	60	93180	买盘
13:17:21	15.53	--	1	1553	买盘
13:17:18	15.53	--	5	7765	买盘
13:17:15	15.53	--	10	15530	买盘
13:17:12	15.53	--	5	7765	买盘
13:17:09	15.53	--	23	35719	卖盘
13:17:06	15.53	-0.01	50	77650	卖盘
13:17:03	15.54	--	7	10878	买盘
13:17:00	15.54	--	14	22533	卖盘
13:16:54	15.54	--	3	5439	买盘
13:16:51	15.54	--	27	42735	卖盘
13:16:48	15.54	--	2	3885	卖盘
13:16:45	15.54	--	27	41958	卖盘
13:16:42	15.54	--	50	77700	卖盘
13:16:39	15.54	--	5	7770	卖盘
13:16:36	15.54	0.01	40	62160	买盘
13:16:33	15.53	0.01	15	23295	中性盘
13:16:27	15.52	-0.01	61	94672	卖盘
13:16:24	15.53	--	1	1553	卖盘
13:16:18	15.53	--	40	62120	买盘
13:16:12	15.53	--	7	10871	卖盘
13:16:09	15.53	--	30	46590	买盘
13:16:06	15.53	--	14	21742	买盘
13:16:03	15.53	0.01	11	17083	买盘
13:16:00	15.52	-0.01	5	7760	卖盘
13:15:57	15.53	--	2	3106	买盘
13:15:54	15.53	--	100	155300	买盘
13:15:51	15.53	--	14	21742	买盘
13:15:48	15.53	--	8	12424	买盘
13:15:45	15.53	0.01	4	6212	买盘
13:15:42	15.52	-0.01	1	1552	卖盘
13:15:36	15.53	--	5	7765	买盘
13:15:30	15.53	0.01	6	9318	买盘
13:15:18	15.52	0.02	18	27936	买盘
13:15:12	15.5	-0.02	5	7750	卖盘
13:15:03	15.52	--	5	7760	买盘
13:14:57	15.52	-0.01	274	425248	卖盘
13:14:48	15.53	0.01	4	6212	买盘
13:14:45	15.52	-0.01	1	1552	卖盘
13:14:42	15.53	--	7	10871	买盘
13:14:33	15.53	--	2	3106	买盘
13:14:27	15.53	--	5	7765	买盘
13:14:24	15.53	--	1	1553	买盘
13:14:21	15.53	--	9	13977	买盘
13:14:18	15.53	--	7	10871	买盘
13:14:12	15.53	--	68	105604	买盘
13:14:09	15.53	0.01	4	6212	买盘
13:14:00	15.52	0.02	71	110192	买盘
13:13:54	15.5	--	10	15500	卖盘
13:13:42	15.5	0.01	1	1550	中性盘
13:13:39	15.49	-0.01	137	212213	卖盘
13:13:36	15.5	--	5	7750	买盘
13:13:30	15.5	--	4	6200	买盘
13:13:27	15.5	--	16	24800	买盘
13:13:21	15.5	--	7	10850	买盘
13:13:15	15.5	--	6	9300	买盘
13:13:09	15.5	--	20	31000	买盘
13:13:06	15.5	-0.03	33	51150	卖盘
13:13:03	15.53	0.03	35	54355	买盘
13:12:45	15.5	0.02	10	15500	中性盘
13:12:33	15.48	-0.05	15	23220	卖盘
13:12:30	15.53	0.05	120	186360	买盘
13:12:09	15.48	--	38	60248	买盘
13:11:54	15.48	0.03	300	464400	买盘
13:11:42	15.45	-0.01	98	151410	卖盘
13:11:39	15.46	--	3	4638	买盘
13:11:36	15.46	--	3	4638	买盘
13:11:33	15.46	--	3	4638	买盘
13:11:30	15.46	--	76	117496	买盘
13:11:24	15.46	-0.01	54	83607	卖盘
13:11:21	15.47	0.01	2	3094	买盘
13:11:18	15.46	--	9	13914	卖盘
13:11:12	15.46	--	15	24612	买盘
13:11:09	15.46	--	29	44957	卖盘
13:10:57	15.46	--	2	3092	卖盘
13:10:54	15.46	-0.01	10	15460	卖盘
13:10:48	15.47	0.01	33	51051	买盘
13:10:33	15.46	--	15	23190	卖盘
13:10:27	15.46	-0.01	50	77300	卖盘
13:10:24	15.47	--	10	15470	买盘
13:10:21	15.47	0.01	20	30940	买盘
13:10:18	15.46	-0.01	5	7730	卖盘
13:10:09	15.47	--	5	7735	买盘
13:09:48	15.47	--	210	324870	买盘
13:09:36	15.47	0.01	20	30940	买盘
13:09:21	15.46	--	2	3092	卖盘
13:09:18	15.46	--	56	87998	买盘
13:09:15	15.46	--	21	32466	卖盘
13:09:09	15.46	-0.01	20	30920	卖盘
13:09:06	15.47	--	4	6188	买盘
13:09:00	15.47	--	4	6188	买盘
13:08:57	15.47	--	7	10829	买盘
13:08:54	15.47	--	10	15470	买盘
13:08:42	15.47	--	15	23205	买盘
13:08:30	15.47	0.02	52	80444	买盘
13:08:21	15.45	--	58	89610	卖盘
13:08:15	15.45	--	1	1545	卖盘
13:08:06	15.45	--	5	7725	卖盘
13:07:57	15.45	-0.01	15	23175	卖盘
13:07:54	15.46	--	16	24736	买盘
13:07:51	15.46	--	2	3092	买盘
13:07:36	15.46	--	27	41742	买盘
13:07:24	15.46	--	18	27828	卖盘
13:07:18	15.46	--	3	4638	卖盘
13:07:15	15.46	--	5	7730	卖盘
13:07:09	15.46	0.01	2	3092	中性盘
13:06:48	15.45	-0.02	24	37080	卖盘
13:06:21	15.47	--	2	3094	买盘
13:06:18	15.47	-0.01	4	6188	卖盘
13:06:12	15.48	--	26	40248	买盘
13:05:51	15.48	0.03	10	15480	买盘
13:05:48	15.45	-0.03	509	786405	卖盘
13:05:42	15.48	--	10	15480	买盘
13:05:33	15.48	--	10	15480	买盘
13:05:27	15.48	--	10	15480	买盘
13:05:24	15.48	--	165	256194	卖盘
13:05:15	15.48	--	7	10836	卖盘
13:05:06	15.48	-0.01	10	15480	卖盘
13:04:57	15.49	0.01	10	15490	买盘
13:04:24	15.48	--	45	70434	买盘
13:04:18	15.48	0.01	20	30960	买盘
13:04:12	15.47	--	21	32487	卖盘
13:04:06	15.47	--	1	1547	卖盘
13:04:03	15.47	--	12	18564	卖盘
13:03:45	15.47	-0.01	5	7735	卖盘
13:03:39	15.48	--	4	6192	买盘
13:03:30	15.48	0.01	3	4644	买盘
13:03:27	15.47	-0.01	3	5414	卖盘
13:03:21	15.48	--	110	170280	卖盘
13:03:09	15.48	-0.01	62	96750	卖盘
13:03:03	15.49	--	1	1549	买盘
13:02:54	15.49	--	10	15490	买盘
13:02:48	15.49	--	4	6196	买盘
13:02:45	15.49	--	6	9294	买盘
13:02:36	15.49	--	3	4647	买盘
13:02:24	15.49	0.01	58	89842	买盘
13:02:21	15.48	--	3	4644	卖盘
13:02:06	15.48	--	1	1548	卖盘
13:01:57	15.48	-0.01	7	10836	卖盘
13:01:48	15.49	-0.02	550	851950	卖盘
13:01:39	15.51	-0.01	9	13959	卖盘
13:01:30	15.52	0.01	5	7760	买盘
13:01:27	15.51	-0.01	5	7755	卖盘
13:01:21	15.52	--	20	31040	买盘
13:01:15	15.52	0.02	28	43456	买盘
13:00:45	15.5	--	5	7750	卖盘
13:00:33	15.5	--	1	1550	卖盘
13:00:24	15.5	-0.01	166	257300	卖盘
13:00:15	15.51	--	152	235752	买盘
13:00:06	15.51	-0.01	57	88407	卖盘
13:00:03	15.52	--	418	648736	买盘
13:00:00	15.52	--	0	0	买盘
11:30:00	15.52	--	0	0	买盘
11:29:54	15.52	--	31	48112	卖盘
11:29:51	15.52	--	5	7760	卖盘
11:29:48	15.52	--	8	12416	卖盘
11:29:42	15.52	--	104	161408	卖盘
11:29:36	15.52	-0.01	11	17072	卖盘
11:29:33	15.53	0.01	3	4659	买盘
11:29:30	15.52	-0.01	5	7760	卖盘
11:29:27	15.53	--	7	10871	买盘
11:29:21	15.53	--	11	17083	卖盘
11:29:18	15.53	--	54	83862	卖盘
11:29:15	15.53	--	3	4659	卖盘
11:29:12	15.53	--	16	24848	卖盘
11:29:09	15.53	--	16	24848	买盘
11:29:06	15.53	-0.01	3	4659	买盘
11:29:00	15.54	--	1	1554	买盘
11:28:54	15.54	0.01	80	124320	买盘
11:28:51	15.53	-0.01	52	80756	卖盘
11:28:48	15.54	0.01	8	12432	买盘
11:28:36	15.53	--	54	83862	卖盘
11:28:30	15.53	0.01	10	15530	卖盘
11:28:27	15.52	-0.01	5	7760	卖盘
11:28:18	15.53	--	2	3106	卖盘
11:28:15	15.53	-0.01	70	108710	中性盘
11:28:12	15.54	0.01	76	118104	买盘
11:28:09	15.53	--	23	35719	买盘
11:28:00	15.53	0.01	6	9318	买盘
11:27:57	15.52	--	13	20176	卖盘
11:27:51	15.52	--	21	32592	买盘
11:27:48	15.52	0.01	1	1552	买盘
11:27:45	15.51	--	1	1551	卖盘
11:27:42	15.51	--	11	17061	卖盘
11:27:36	15.51	0.01	92	142692	买盘
11:27:30	15.5	--	10	15500	卖盘
11:27:24	15.5	0.01	54	83700	买盘
11:27:21	15.49	-0.01	23	35627	卖盘
11:27:18	15.5	--	103	159650	买盘
11:27:15	15.5	--	2	3100	买盘
11:27:06	15.5	--	10	15500	买盘
11:27:03	15.5	--	215	333250	买盘
11:26:57	15.5	--	187	289850	买盘
11:26:51	15.5	--	150	232500	买盘
11:26:48	15.5	0.01	160	248000	买盘
11:26:39	15.49	--	21	32529	买盘
11:26:36	15.49	--	3	4647	买盘
11:26:30	15.49	--	47	72803	卖盘
11:26:24	15.49	--	27	41823	买盘
11:26:21	15.49	--	7	10843	买盘
11:26:15	15.49	--	160	247840	买盘
11:26:12	15.49	--	17	26333	买盘
11:26:09	15.49	--	160	247840	买盘
11:26:06	15.49	--	3	4647	买盘
11:25:54	15.49	--	20	30980	买盘
11:25:39	15.49	--	5	7745	买盘
11:25:30	15.49	0.01	150	232350	买盘
11:25:27	15.48	0.01	130	201240	买盘
11:25:24	15.47	0.01	17	26299	买盘
11:25:21	15.46	-0.01	6	9276	卖盘
11:25:18	15.47	--	12	18564	买盘
11:25:15	15.47	0.01	190	293930	买盘
11:25:09	15.46	--	141	217986	卖盘
11:24:57	15.46	--	21	32466	卖盘
11:24:48	15.46	-0.01	5	7730	卖盘
11:24:45	15.47	0.01	43	66521	买盘
11:24:42	15.46	-0.01	13	20098	卖盘
11:24:39	15.47	--	1	1547	买盘
11:24:30	15.47	--	3	4641	买盘
11:24:24	15.47	--	7	10829	买盘
11:24:15	15.47	0.01	1	1547	买盘
11:24:12	15.46	--	21	32466	买盘
11:24:06	15.46	--	27	41742	买盘
11:23:57	15.46	0.01	46	71116	买盘
11:23:48	15.45	-0.01	20	30900	卖盘
11:23:45	15.46	--	3	4638	买盘
11:23:36	15.46	0.01	25	38650	买盘
11:23:30	15.45	-0.01	1	1545	卖盘
11:23:27	15.46	--	2	3092	买盘
11:23:12	15.46	--	33	51018	买盘
11:23:00	15.46	--	101	156146	买盘
11:22:57	15.46	--	2	3092	买盘
11:22:54	15.46	--	10	15460	买盘
11:22:48	15.46	--	5	7730	买盘
11:22:42	15.46	--	1	1546	买盘
11:22:39	15.46	--	20	30920	买盘
11:22:33	15.46	--	10	15460	买盘
11:22:27	15.46	--	2	3092	买盘
11:22:24	15.46	--	10	15460	买盘
11:22:21	15.46	--	50	77300	买盘
11:22:18	15.46	--	102	157692	买盘
11:22:12	15.46	--	4	6184	买盘
11:22:06	15.46	--	10	15460	买盘
11:21:57	15.46	--	30	46380	买盘
11:21:54	15.46	--	4	6184	买盘
11:21:51	15.46	--	10	15460	买盘
11:21:45	15.46	--	21	32466	买盘
11:21:42	15.46	0.01	24	37104	买盘
11:21:36	15.45	-0.01	30	46350	卖盘
11:21:30	15.46	0.01	20	30920	买盘
11:21:27	15.45	--	184	284280	卖盘
11:21:21	15.45	-0.01	2	3090	卖盘
11:21:18	15.46	--	241	372586	买盘
11:21:12	15.46	--	30	46380	买盘
11:21:06	15.46	--	12	18552	买盘
11:21:03	15.46	--	10	15460	买盘
11:20:57	15.46	0.01	100	154600	买盘
11:20:54	15.45	--	15	23175	卖盘
11:20:51	15.45	-0.01	1	1545	卖盘
11:20:48	15.46	0.01	3	4638	买盘
11:20:42	15.45	--	3	4635	卖盘
11:20:36	15.45	--	24	37080	卖盘
11:20:27	15.45	--	10	15450	卖盘
11:20:21	15.45	-0.01	20	30900	卖盘
11:20:18	15.46	--	10	15460	买盘
11:20:15	15.46	0.01	15	23190	买盘
11:20:12	15.45	-0.01	2	3090	卖盘
11:20:09	15.46	0.01	2	3092	买盘
11:20:03	15.45	--	9	13905	卖盘
11:20:00	15.45	--	51	78795	卖盘
11:19:57	15.45	0.02	16	26249	买盘
11:19:54	15.43	--	20	30860	卖盘
11:19:45	15.43	-0.02	28	43204	卖盘
11:19:42	15.45	--	30	46350	买盘
11:19:39	15.45	0.02	5	7725	买盘
11:19:36	15.43	-0.02	13	20059	卖盘
11:19:30	15.45	--	4	6180	买盘
11:19:27	15.45	--	20	30900	买盘
11:19:24	15.45	--	5	7725	买盘
11:19:21	15.45	0.01	3	4635	买盘
11:19:18	15.44	-0.01	3	4632	中性盘
11:19:09	15.45	--	100	154500	买盘
11:19:06	15.45	0.02	2	3090	买盘
11:19:00	15.43	--	27	41676	买盘
11:18:57	15.43	-0.02	2	3086	买盘
11:18:36	15.45	0.02	94	145230	买盘
11:18:33	15.43	0.01	7	10801	买盘
11:18:24	15.42	--	80	123360	卖盘
11:18:21	15.42	--	20	30840	卖盘
11:18:15	15.42	-0.01	7	10794	卖盘
11:18:06	15.43	--	13	20059	卖盘
11:18:03	15.43	--	3	4629	买盘
11:17:54	15.43	-0.01	47	72521	卖盘
11:17:51	15.44	--	33	50952	买盘
11:17:45	15.44	--	50	77200	买盘
11:17:42	15.44	-0.01	128	197647	卖盘
11:17:33	15.45	--	102	157590	卖盘
11:17:27	15.45	--	31	47895	卖盘
11:17:24	15.45	--	27	41715	卖盘
11:17:21	15.45	--	13	21614	买盘
11:17:15	15.45	--	16	24735	卖盘
11:17:06	15.45	-0.01	10	15450	卖盘
11:16:57	15.46	0.01	108	166968	买盘
11:16:54	15.45	-0.01	5	7725	卖盘
11:16:48	15.46	0.01	20	30920	买盘
11:16:45	15.45	-0.01	1	1545	卖盘
11:16:39	15.46	--	14	21644	买盘
11:16:36	15.46	--	5	7730	买盘
11:16:33	15.46	--	10	15460	买盘
11:16:27	15.46	--	9	13914	买盘
11:16:24	15.46	0.01	13	20098	买盘
11:16:21	15.45	--	12	18540	卖盘
11:16:18	15.45	-0.01	122	190019	卖盘
11:16:15	15.46	--	21	32466	买盘
11:16:09	15.46	--	1	1546	买盘
11:16:06	15.46	0.01	20	30920	买盘
11:16:00	15.45	--	31	47895	卖盘
11:15:57	15.45	-0.01	13	20085	卖盘
11:15:54	15.46	0.01	1	1546	买盘
11:15:45	15.45	--	114	176130	买盘
11:15:42	15.45	--	25	38625	买盘
11:15:39	15.45	--	3	4635	买盘
11:15:36	15.45	0.01	4	6180	买盘
11:15:33	15.44	-0.01	11	16984	卖盘
11:15:30	15.45	--	30	46350	买盘
11:15:27	15.45	--	32	49440	买盘
11:15:24	15.45	--	1	1545	买盘
11:15:21	15.45	--	10	15450	买盘
11:15:18	15.45	--	8	12360	买盘
11:15:15	15.45	--	10	15450	买盘
11:15:12	15.45	--	2	3090	买盘
11:15:03	15.45	0.01	72	111240	买盘
11:14:57	15.44	--	9	13896	买盘
11:14:54	15.44	--	10	15440	买盘
11:14:51	15.44	--	2	3088	买盘
11:14:45	15.44	0.01	8	12352	买盘
11:14:42	15.43	0.01	27	41661	买盘
11:14:36	15.42	-0.02	2	3084	卖盘
11:14:30	15.44	0.01	16	24704	买盘
11:14:27	15.43	--	9	13887	卖盘
11:14:24	15.43	--	23	35489	中性盘
11:14:21	15.43	--	15	23145	卖盘
11:14:18	15.43	--	23	35489	卖盘
11:14:15	15.43	-0.01	19	29317	卖盘
11:14:09	15.44	0.03	5	7720	买盘
11:14:00	15.41	-0.02	91	140231	卖盘
11:13:51	15.43	--	13	20059	买盘
11:13:48	15.43	0.01	5	7715	买盘
11:13:42	15.42	--	59	90978	卖盘
11:13:30	15.42	--	7	10794	卖盘
11:13:24	15.42	0.01	2	3084	中性盘
11:13:12	15.41	-0.02	9	13869	卖盘
11:13:09	15.43	0.01	2	3086	买盘
11:13:06	15.42	0.01	2	3084	买盘
11:13:00	15.41	--	4	6164	卖盘
11:12:57	15.41	--	10	15410	卖盘
11:12:42	15.41	--	5	7705	买盘
11:12:39	15.41	--	2	3082	买盘
11:12:36	15.41	--	54	83214	买盘
11:12:30	15.41	--	5	7705	买盘
11:12:27	15.41	--	13	20033	买盘
11:12:24	15.41	--	12	18492	买盘
11:12:21	15.41	-0.03	385	593285	卖盘
11:12:18	15.44	--	52	80288	买盘
11:12:12	15.44	0.01	2	3088	买盘
11:12:09	15.43	-0.01	16	24688	卖盘
11:12:06	15.44	0.01	13	20072	买盘
11:12:03	15.43	-0.01	6	9258	卖盘
11:11:54	15.44	--	15	23160	买盘
11:11:48	15.44	--	2	3088	买盘
11:11:45	15.44	--	4	6176	买盘
11:11:33	15.44	--	33	50952	买盘
11:11:30	15.44	0.01	3	4632	买盘
11:11:24	15.43	--	2	3086	卖盘
11:11:18	15.43	--	5	7715	买盘
11:11:15	15.43	0.01	79	121897	买盘
11:11:12	15.42	-0.01	42	64764	卖盘
11:11:09	15.43	0.01	2	3086	买盘
11:11:03	15.42	-0.01	4	6168	卖盘
11:11:00	15.43	--	18	27774	买盘
11:10:51	15.43	0.01	31	47833	买盘
11:10:48	15.42	--	5	7710	买盘
11:10:45	15.42	--	3	4626	买盘
11:10:42	15.42	--	11	16962	买盘
11:10:39	15.42	--	77	118734	买盘
11:10:36	15.42	0.02	2	3084	买盘
11:10:33	15.4	-0.02	18	27720	卖盘
11:10:30	15.42	--	8	12336	买盘
11:10:18	15.42	0.02	23	35466	买盘
11:10:15	15.4	--	39	60830	买盘
11:10:12	15.4	--	10	15400	买盘
11:10:09	15.4	--	31	47740	买盘
11:10:06	15.4	--	20	30800	买盘
11:10:03	15.4	--	41	63140	买盘
11:10:00	15.4	--	10	15400	买盘
11:09:45	15.4	--	55	84700	卖盘
11:09:36	15.4	0.02	345	531300	买盘
11:09:33	15.38	--	26	39988	卖盘
11:09:27	15.38	-0.01	5	7690	卖盘
11:09:24	15.39	0.01	7	10773	买盘
11:09:18	15.38	--	280	430640	买盘
11:09:15	15.38	--	32	49216	买盘
11:09:12	15.38	--	35	53830	买盘
11:09:09	15.38	--	39	59982	买盘
11:09:06	15.38	0.01	10	15380	买盘
11:09:03	15.37	-0.01	34	52258	卖盘
11:09:00	15.38	--	50	76900	买盘
11:08:57	15.38	--	8	12304	卖盘
11:08:54	15.38	-0.01	106	163028	卖盘
11:08:51	15.39	0.01	90	138510	买盘
11:08:48	15.38	--	62	95356	卖盘
11:08:42	15.38	-0.02	21	32298	卖盘
11:08:36	15.4	0.02	1	1540	买盘
11:08:33	15.38	-0.02	26	39988	卖盘
11:08:30	15.4	--	31	47740	卖盘
11:08:27	15.4	--	8	12320	卖盘
11:08:24	15.4	0.01	50	77000	买盘
11:08:21	15.39	--	45	69255	卖盘
11:08:15	15.39	--	4	6156	卖盘
11:08:09	15.39	0.01	55	84645	买盘
11:08:06	15.38	--	9	13842	买盘
11:08:03	15.38	--	54	83052	买盘
11:08:00	15.38	--	30	46140	买盘
11:07:57	15.38	-0.01	250	384500	卖盘
11:07:54	15.39	--	15	23085	买盘
11:07:51	15.39	--	37	56943	买盘
11:07:48	15.39	0.01	4	6156	中性盘
11:07:42	15.38	-0.01	6	9228	卖盘
11:07:39	15.39	0.01	7	10773	买盘
11:07:36	15.38	-0.01	200	307600	卖盘
11:07:33	15.39	--	158	243162	卖盘
11:07:30	15.39	0.01	27	41553	中性盘
11:07:27	15.38	--	100	153800	卖盘
11:07:24	15.38	--	10	15380	卖盘
11:07:21	15.38	--	10	15380	卖盘
11:07:18	15.38	--	10	15380	卖盘
11:07:15	15.38	--	18	27684	卖盘
11:07:12	15.38	-0.01	303	466014	卖盘
11:07:09	15.39	0.01	6	9234	买盘
11:07:06	15.38	-0.01	7	10766	卖盘
11:07:03	15.39	--	100	153900	买盘
11:07:00	15.39	--	12	18468	买盘
11:06:57	15.39	-0.01	580	892620	卖盘
11:06:54	15.4	--	23	35420	卖盘
11:06:51	15.4	--	9	13860	卖盘
11:06:45	15.4	-0.02	80	123200	卖盘
11:06:42	15.42	0.01	76	117192	买盘
11:06:39	15.41	--	142	218822	买盘
11:06:33	15.41	--	61	94771	卖盘
11:06:30	15.41	--	27	41607	卖盘
11:06:27	15.41	-0.01	300	462300	卖盘
11:06:24	15.42	0.01	7	10794	买盘
11:06:18	15.41	--	18	27738	卖盘
11:06:15	15.41	--	53	81673	卖盘
11:06:12	15.41	--	0	770	卖盘
11:06:09	15.41	--	36	55476	卖盘
11:06:06	15.41	0.01	186	286626	买盘
11:06:03	15.4	--	31	47740	卖盘
11:06:00	15.4	--	22	33880	卖盘
11:05:57	15.4	--	21	32340	卖盘
11:05:54	15.4	--	6	9240	卖盘
11:05:48	15.4	--	67	103180	卖盘
11:05:45	15.4	0.01	45	69300	买盘
11:05:39	15.39	-0.01	31	47709	卖盘
11:05:36	15.4	--	35	53900	卖盘
11:05:33	15.4	--	57	87780	卖盘
11:05:24	15.4	0.02	208	320320	买盘
11:05:21	15.38	-0.01	40	61520	卖盘
11:05:18	15.39	0.01	307	472473	买盘
11:05:15	15.38	-0.01	62	95356	卖盘
11:05:09	15.39	--	4	6156	买盘
11:05:06	15.39	--	5	7695	买盘
11:05:00	15.39	-0.01	34	52326	卖盘
11:04:57	15.4	--	32	49280	买盘
11:04:51	15.4	0.01	10	15400	买盘
11:04:45	15.39	-0.01	458	704862	卖盘
11:04:39	15.4	--	2	3080	买盘
11:04:36	15.4	--	20	30800	买盘
11:04:33	15.4	--	17	26180	买盘
11:04:30	15.4	--	18	27720	买盘
11:04:27	15.4	--	15	23100	买盘
11:04:24	15.4	--	16	24640	买盘
11:04:21	15.4	0.01	5	7700	买盘
11:04:18	15.39	-0.01	266	409374	卖盘
11:04:15	15.4	-0.01	72	110880	卖盘
11:04:12	15.41	0.01	5	7705	买盘
11:04:09	15.4	--	1	1540	卖盘
11:04:06	15.4	--	6	9240	买盘
11:04:03	15.4	--	8	12320	卖盘
11:04:00	15.4	--	56	86240	买盘
11:03:57	15.4	-0.01	24	36960	中性盘
11:03:54	15.41	0.01	25	38525	买盘
11:03:51	15.4	--	131	201740	卖盘
11:03:48	15.4	-0.01	139	214060	卖盘
11:03:42	15.41	--	2	3082	买盘
11:03:39	15.41	0.01	18	27738	买盘
11:03:36	15.4	-0.01	4	6160	卖盘
11:03:30	15.41	--	3	4623	买盘
11:03:18	15.41	0.01	4	6164	买盘
11:03:15	15.4	0.01	9	13860	买盘
11:03:12	15.39	-0.01	148	227772	卖盘
11:03:09	15.4	-0.01	53	81620	卖盘
11:03:06	15.41	--	45	69345	买盘
11:03:00	15.41	0.01	15	23115	买盘
11:02:57	15.4	--	38	58520	卖盘
11:02:54	15.4	-0.01	6	9240	卖盘
11:02:51	15.41	0.01	10	15410	买盘
11:02:48	15.4	0.02	27	41580	卖盘
11:02:45	15.38	-0.02	395	607510	卖盘
11:02:42	15.4	-0.01	4	6160	卖盘
11:02:39	15.41	0.01	3	4623	买盘
11:02:33	15.4	--	16	24640	卖盘
11:02:27	15.4	--	63	97020	买盘
11:02:24	15.4	--	20	30800	买盘
11:02:21	15.4	--	7	10780	买盘
11:02:15	15.4	--	26	40040	买盘
11:02:12	15.4	--	9	13860	买盘
11:02:09	15.4	--	13	20020	买盘
11:02:06	15.4	--	62	96250	买盘
11:02:03	15.4	--	314	483560	卖盘
11:02:00	15.4	--	10	15400	卖盘
11:01:48	15.4	-0.01	19	29260	卖盘
11:01:45	15.41	--	9	13869	买盘
11:01:39	15.41	-0.02	41	63181	卖盘
11:01:36	15.43	0.02	30	46290	卖盘
11:01:33	15.41	-0.02	70	107870	卖盘
11:01:30	15.43	0.01	9	13887	买盘
11:01:27	15.42	-0.01	68	104856	卖盘
11:01:24	15.43	--	10	15430	买盘
11:01:21	15.43	--	63	97209	买盘
11:01:15	15.43	--	2	3086	买盘
11:01:09	15.43	--	18	27774	买盘
11:01:06	15.43	0.01	30	46290	买盘
11:01:03	15.42	--	20	30840	卖盘
11:01:00	15.42	--	15	23130	卖盘
11:00:54	15.42	--	3	4626	买盘
11:00:51	15.42	-0.01	2	3084	卖盘
11:00:48	15.43	0.01	10	15430	买盘
11:00:45	15.42	0.01	223	343866	买盘
11:00:42	15.41	--	65	100165	卖盘
11:00:36	15.41	--	291	448431	买盘
11:00:33	15.41	--	265	408365	买盘
11:00:30	15.41	--	68	104788	买盘
11:00:27	15.41	0.01	219	337479	买盘
11:00:24	15.4	--	58	89320	卖盘
11:00:21	15.4	-0.01	54	83160	卖盘
11:00:18	15.41	--	42	64722	买盘
11:00:15	15.41	0.01	19	29279	买盘
11:00:12	15.4	-0.01	42	64680	卖盘
11:00:09	15.41	--	136	209576	买盘
11:00:06	15.41	--	24	36984	买盘
11:00:03	15.41	--	10	15410	买盘
11:00:00	15.41	0.01	58	89378	中性盘
10:59:54	15.4	-0.01	35	53900	卖盘
10:59:51	15.41	0.01	10	15410	中性盘
10:59:48	15.4	-0.01	107	164780	卖盘
10:59:45	15.41	--	1	1541	卖盘
10:59:42	15.41	0.01	4	6164	买盘
10:59:36	15.4	--	11	16940	卖盘
10:59:33	15.4	--	2	3080	卖盘
10:59:27	15.4	--	6	9240	买盘
10:59:24	15.4	0.01	26	40040	买盘
10:59:18	15.39	--	86	132354	买盘
10:59:15	15.39	--	50	76950	买盘
10:59:12	15.39	--	39	60021	买盘
10:59:09	15.39	--	30	46170	买盘
10:59:06	15.39	--	33	50787	买盘
10:59:03	15.39	--	40	61560	买盘
10:59:00	15.39	--	18	27702	买盘
10:58:57	15.39	--	29	44631	买盘
10:58:54	15.39	-0.02	159	244701	卖盘
10:58:51	15.41	--	20	30820	买盘
10:58:48	15.41	0.02	1	1541	买盘
10:58:45	15.39	-0.02	8	12312	卖盘
10:58:42	15.41	0.02	7	10787	买盘
10:58:39	15.39	--	61	93879	卖盘
10:58:36	15.39	0.01	40	61621	中性盘
10:58:30	15.38	--	201	309138	卖盘
10:58:27	15.38	--	8	12304	卖盘
10:58:24	15.38	-0.01	10	15380	卖盘
10:58:21	15.39	0.01	94	144666	买盘
10:58:18	15.38	--	86	132268	买盘
10:58:15	15.38	--	467	718246	卖盘
10:58:12	15.38	--	64	98432	卖盘
10:58:06	15.38	--	9	13842	卖盘
10:58:03	15.38	--	50	76900	买盘
10:58:00	15.38	--	39	59982	买盘
10:57:57	15.38	--	34	52292	买盘
10:57:54	15.38	--	178	273764	卖盘
10:57:51	15.38	--	22	33836	卖盘
10:57:48	15.38	--	33	50754	买盘
10:57:45	15.38	--	53	81514	买盘
10:57:42	15.38	--	90	138420	买盘
10:57:39	15.38	0.01	150	230700	买盘
10:57:36	15.37	--	165	253605	卖盘
10:57:33	15.37	-0.01	37	56869	卖盘
10:57:30	15.38	0.01	56	86128	买盘
10:57:27	15.37	-0.01	104	159848	卖盘
10:57:24	15.38	0.01	68	104584	买盘
10:57:21	15.37	--	116	178292	买盘
10:57:18	15.37	--	17	26129	买盘
10:57:15	15.37	-0.01	48	73776	卖盘
10:57:12	15.38	0.01	121	186098	买盘
10:57:09	15.37	-0.01	79	121423	卖盘
10:57:06	15.38	--	10	15380	买盘
10:57:03	15.38	--	28	43064	买盘
10:57:00	15.38	--	44	67672	买盘
10:56:57	15.38	-0.02	20	30760	卖盘
10:56:54	15.4	0.02	105	161700	买盘
10:56:51	15.38	-0.02	260	401356	卖盘
10:56:48	15.4	--	54	83221	买盘
10:56:45	15.4	--	77	118580	买盘
10:56:42	15.4	--	698	1076429	卖盘
10:56:39	15.4	-0.01	84	129360	卖盘
10:56:36	15.41	--	187	288167	买盘
10:56:33	15.41	-0.01	40	61640	卖盘
10:56:30	15.42	0.02	527	812634	买盘
10:56:27	15.4	-0.01	564	868590	卖盘
10:56:24	15.41	--	8	12328	卖盘
10:56:21	15.41	--	76	117116	卖盘
10:56:18	15.41	-0.01	60	92460	卖盘
10:56:15	15.42	--	25	38550	买盘
10:56:12	15.42	--	53	81726	卖盘
10:56:09	15.42	-0.01	5	7710	卖盘
10:56:06	15.43	--	98	151214	买盘
10:56:03	15.43	--	32	49376	买盘
10:56:00	15.43	--	278	428954	卖盘
10:55:57	15.43	--	143	220649	卖盘
10:55:54	15.43	-0.01	16	24688	卖盘
10:55:51	15.44	--	65	100360	买盘
10:55:48	15.44	--	1	1544	买盘
10:55:45	15.44	--	81	125064	卖盘
10:55:42	15.44	--	47	72568	卖盘
10:55:36	15.44	-0.01	2	3088	卖盘
10:55:33	15.45	--	40	61800	买盘
10:55:30	15.45	--	20	30900	买盘
10:55:27	15.45	--	891	1376795	卖盘
10:55:18	15.45	--	10	15450	卖盘
10:55:15	15.45	-0.02	70	109494	卖盘
10:55:12	15.47	--	13	20111	买盘
10:55:09	15.47	0.01	21	32487	买盘
10:55:06	15.46	0.01	32	49472	中性盘
10:55:00	15.45	-0.02	310	478950	卖盘
10:54:57	15.47	--	5	7735	买盘
10:54:54	15.47	--	2	3094	买盘
10:54:51	15.47	-0.01	101	156247	卖盘
10:54:45	15.48	--	1	1548	买盘
10:54:42	15.48	0.02	7	10836	买盘
10:54:36	15.46	--	48	74208	卖盘
10:54:33	15.46	-0.02	10	15460	卖盘
10:54:24	15.48	0.02	12	18576	买盘
10:54:21	15.46	--	11	17006	卖盘
10:54:18	15.46	--	24	37104	卖盘
10:54:15	15.46	--	1	1546	卖盘
10:54:09	15.46	--	2	3092	卖盘
10:54:06	15.46	--	48	74208	卖盘
10:54:00	15.46	--	26	40196	买盘
10:53:57	15.46	0.01	66	102036	买盘
10:53:54	15.45	--	14	21630	卖盘
10:53:48	15.45	-0.01	12	18540	卖盘
10:53:45	15.46	0.01	7	10822	买盘
10:53:42	15.45	--	22	33990	卖盘
10:53:39	15.45	-0.01	34	52530	卖盘
10:53:36	15.46	--	49	75754	买盘
10:53:33	15.46	--	56	86576	买盘
10:53:30	15.46	--	3	4638	买盘
10:53:27	15.46	--	36	55656	买盘
10:53:24	15.46	--	10	15460	买盘
10:53:21	15.46	0.01	79	122134	买盘
10:53:18	15.45	-0.01	4	6180	卖盘
10:53:15	15.46	--	21	32466	买盘
10:53:09	15.46	0.01	38	58748	卖盘
10:53:06	15.45	--	102	157590	卖盘
10:53:03	15.45	-0.01	20	30900	卖盘
10:53:00	15.46	--	23	35558	买盘
10:52:57	15.46	--	6	9276	买盘
10:52:54	15.46	--	21	32466	买盘
10:52:51	15.46	--	10	15460	买盘
10:52:48	15.46	-0.02	484	748264	卖盘
10:52:45	15.48	--	5	7740	买盘
10:52:42	15.48	-0.01	494	764712	卖盘
10:52:39	15.49	0.01	10	15490	买盘
10:52:36	15.48	--	14	21672	卖盘
10:52:33	15.48	--	22	34056	卖盘
10:52:30	15.48	--	5	7740	卖盘
10:52:27	15.48	--	11	17028	买盘
10:52:24	15.48	--	45	69660	买盘
10:52:21	15.48	--	5	7740	买盘
10:52:18	15.48	--	39	60372	买盘
10:52:15	15.48	-0.01	42	65016	卖盘
10:52:12	15.49	0.01	48	74352	买盘
10:52:06	15.48	--	5	7740	卖盘
10:52:03	15.48	--	185	286380	卖盘
10:52:00	15.48	-0.01	7	10836	卖盘
10:51:57	15.49	0.01	30	46470	买盘
10:51:54	15.48	-0.01	60	92880	卖盘
10:51:51	15.49	0.01	1	1549	买盘
10:51:48	15.48	-0.01	58	89784	卖盘
10:51:45	15.49	--	1	1549	买盘
10:51:42	15.49	0.01	20	30980	买盘
10:51:39	15.48	-0.01	34	52632	卖盘
10:51:36	15.49	0.01	2	3098	买盘
10:51:33	15.48	--	9	13932	卖盘
10:51:27	15.48	--	33	51084	卖盘
10:51:21	15.48	--	10	15480	卖盘
10:51:18	15.48	-0.01	222	343656	卖盘
10:51:15	15.49	0.01	313	484837	买盘
10:51:06	15.48	-0.01	29	44892	卖盘
10:51:03	15.49	0.01	12	18588	买盘
10:51:00	15.48	--	117	181116	卖盘
10:50:57	15.48	--	5	7740	卖盘
10:50:54	15.48	--	38	58824	卖盘
10:50:48	15.48	-0.01	36	55728	卖盘
10:50:42	15.49	--	5	7745	买盘
10:50:39	15.49	0.01	25	38725	买盘
10:50:36	15.48	-0.01	45	69660	卖盘
10:50:30	15.49	--	40	61960	买盘
10:50:27	15.49	-0.01	76	117724	卖盘
10:50:24	15.5	0.01	2	3100	买盘
10:50:15	15.49	-0.01	59	91391	卖盘
10:50:12	15.5	--	8	12400	买盘
10:50:09	15.5	--	8	12400	买盘
10:50:06	15.5	--	5	7750	买盘
10:50:03	15.5	--	173	268150	买盘
10:50:00	15.5	--	9	13950	买盘
10:49:57	15.5	--	31	48050	买盘
10:49:54	15.5	--	1	1550	买盘
10:49:48	15.5	--	24	37200	买盘
10:49:45	15.5	--	20	31000	买盘
10:49:42	15.5	--	2	3100	买盘
10:49:39	15.5	--	4	6200	买盘
10:49:36	15.5	--	1	1550	买盘
10:49:33	15.5	--	7	10850	买盘
10:49:30	15.5	0.01	5	7750	买盘
10:49:27	15.49	--	1	1549	中性盘
10:49:21	15.49	--	171	264879	卖盘
10:49:18	15.49	--	39	60411	卖盘
10:49:12	15.49	--	4	6970	买盘
10:49:09	15.49	--	84	130890	卖盘
10:49:03	15.49	--	3	4647	卖盘
10:49:00	15.49	--	62	96812	卖盘
10:48:57	15.49	--	33	51117	买盘
10:48:54	15.49	--	16	24784	买盘
10:48:48	15.49	--	70	108430	卖盘
10:48:45	15.49	--	6	9294	卖盘
10:48:39	15.49	0.01	31	48019	中性盘
10:48:33	15.48	--	100	154800	卖盘
10:48:30	15.48	-0.02	25	38700	卖盘
10:48:27	15.5	0.01	30	46500	买盘
10:48:24	15.49	-0.01	20	30980	买盘
10:48:21	15.5	0.02	10	15500	买盘
10:48:18	15.48	--	33	51084	卖盘
10:48:12	15.48	-0.01	4	6192	卖盘
10:48:09	15.49	--	1	1549	卖盘
10:48:06	15.49	--	35	54989	买盘
10:48:03	15.49	0.01	59	91391	买盘
10:47:57	15.48	--	23	35604	卖盘
10:47:54	15.48	-0.01	13	20124	卖盘
10:47:51	15.49	0.01	9	13941	买盘
10:47:48	15.48	--	35	54180	卖盘
10:47:45	15.48	-0.02	46	71208	卖盘
10:47:42	15.5	0.02	128	198400	买盘
10:47:39	15.48	-0.02	50	77400	卖盘
10:47:36	15.5	0.02	20	31000	买盘
10:47:33	15.48	--	80	123840	卖盘
10:47:30	15.48	--	9	13932	卖盘
10:47:27	15.48	--	484	749232	卖盘
10:47:24	15.48	--	36	55728	卖盘
10:47:21	15.48	-0.01	165	256194	卖盘
10:47:18	15.49	0.01	89	137861	买盘
10:47:12	15.48	--	12	18576	卖盘
10:47:09	15.48	-0.01	60	92880	卖盘
10:47:06	15.49	0.01	9	13941	买盘
10:47:03	15.48	-0.01	59	91332	卖盘
10:47:00	15.49	-0.01	6	9294	卖盘
10:46:57	15.5	0.01	170	263500	买盘
10:46:54	15.49	-0.01	222	344079	卖盘
10:46:51	15.5	--	105	162750	卖盘
10:46:48	15.5	--	113	175925	卖盘
10:46:45	15.5	--	316	489800	卖盘
10:46:42	15.5	--	87	134850	卖盘
10:46:39	15.5	--	147	227850	卖盘
10:46:36	15.5	--	404	626200	卖盘
10:46:33	15.5	--	3	4650	卖盘
10:46:30	15.5	--	6	9300	卖盘
10:46:27	15.5	--	103	159650	卖盘
10:46:21	15.5	--	15	23250	卖盘
10:46:18	15.5	--	6	9300	卖盘
10:46:12	15.5	-0.01	1000	1550000	卖盘
10:46:09	15.51	--	52	80652	买盘
10:46:03	15.51	-0.01	103	160528	卖盘
10:45:57	15.52	--	50	77600	买盘
10:45:54	15.52	--	7	10864	买盘
10:45:51	15.52	0.01	1	1552	买盘
10:45:48	15.51	-0.01	10	15510	卖盘
10:45:42	15.52	0.01	83	128816	买盘
10:45:39	15.51	--	50	77550	卖盘
10:45:36	15.51	-0.01	5	7755	卖盘
10:45:33	15.52	0.01	20	31040	中性盘
10:45:21	15.51	-0.01	110	170610	卖盘
10:45:18	15.52	--	10	15520	卖盘
10:45:15	15.52	0.01	3	4656	卖盘
10:45:03	15.51	-0.01	695	1077945	卖盘
10:45:00	15.52	-0.01	34	52768	卖盘
10:44:57	15.53	0.01	2	3106	买盘
10:44:54	15.52	--	24	37248	卖盘
10:44:51	15.52	--	11	17072	卖盘
10:44:48	15.52	--	21	32592	卖盘
10:44:42	15.52	--	16	24832	买盘
10:44:33	15.52	--	13	20176	买盘
10:44:21	15.52	-0.01	1	1552	买盘
10:44:15	15.53	--	15	23295	买盘
10:44:12	15.53	--	1	1553	买盘
10:44:06	15.53	0.02	6	9318	买盘
10:44:00	15.51	-0.02	560	868560	卖盘
10:43:54	15.53	--	20	31060	买盘
10:43:51	15.53	--	2	3106	买盘
10:43:48	15.53	--	6	9318	买盘
10:43:45	15.53	--	65	100945	卖盘
10:43:33	15.53	--	3	4659	卖盘
10:43:30	15.53	--	1	1553	卖盘
10:43:27	15.53	0.01	10	15530	买盘
10:43:24	15.52	--	20	31040	卖盘
10:43:21	15.52	-0.01	31	48112	卖盘
10:43:18	15.53	0.01	76	118028	买盘
10:43:15	15.52	--	9	13968	卖盘
10:43:06	15.52	--	5	7760	卖盘
10:43:03	15.52	0.01	97	151320	买盘
10:43:00	15.51	--	19	29469	卖盘
10:42:57	15.51	--	30	46530	卖盘
10:42:54	15.51	-0.01	55	85305	卖盘
10:42:48	15.52	0.01	175	271600	买盘
10:42:45	15.51	--	131	203181	卖盘
10:42:42	15.51	-0.01	18	27918	卖盘
10:42:39	15.52	--	10	15520	买盘
10:42:33	15.52	0.01	68	105536	买盘
10:42:30	15.51	-0.01	5	7755	卖盘
10:42:27	15.52	0.01	25	38800	买盘
10:42:18	15.51	-0.01	50	77550	卖盘
10:42:15	15.52	0.01	2	3104	买盘
10:42:12	15.51	-0.01	68	105468	卖盘
10:42:09	15.52	--	13	20176	买盘
10:42:06	15.52	0.01	2	3104	买盘
10:42:03	15.51	--	1	1551	卖盘
10:42:00	15.51	-0.01	116	179916	卖盘
10:41:57	15.52	0.01	30	46560	买盘
10:41:54	15.51	-0.01	23	35673	卖盘
10:41:51	15.52	0.01	38	58976	买盘
10:41:45	15.51	--	31	48081	卖盘
10:41:42	15.51	--	37	57387	卖盘
10:41:39	15.51	--	164	254364	卖盘
10:41:36	15.51	--	5	7755	卖盘
10:41:33	15.51	--	63	97713	卖盘
10:41:30	15.51	-0.01	70	108570	卖盘
10:41:27	15.52	0.01	16	24832	买盘
10:41:24	15.51	--	14	21714	卖盘
10:41:21	15.51	--	30	46530	卖盘
10:41:18	15.51	-0.01	56	87631	卖盘
10:41:15	15.52	--	212	329024	买盘
10:41:12	15.52	--	5	7760	买盘
10:41:09	15.52	--	5	7760	买盘
10:41:06	15.52	0.01	2	3104	买盘
10:41:03	15.51	-0.01	80	124080	卖盘
10:41:00	15.52	--	242	375584	卖盘
10:40:45	15.52	-0.02	308	478016	卖盘
10:40:42	15.54	--	31	48174	买盘
10:40:39	15.54	0.01	7	10878	买盘
10:40:36	15.53	-0.01	1	1553	卖盘
10:40:33	15.54	--	5	7770	买盘
10:40:30	15.54	0.01	3	4662	买盘
10:40:27	15.53	--	3	4659	卖盘
10:40:24	15.53	-0.01	34	52802	卖盘
10:40:18	15.54	0.01	5	7770	买盘
10:40:15	15.53	-0.01	15	23295	卖盘
10:40:12	15.54	--	31	48174	买盘
10:40:09	15.54	--	53	82362	买盘
10:40:06	15.54	--	2	3108	买盘
10:40:03	15.54	--	15	23310	买盘
10:39:57	15.54	--	24	37296	买盘
10:39:54	15.54	--	3	4662	买盘
10:39:51	15.54	--	10	15540	买盘
10:39:48	15.54	-0.01	40	62160	卖盘
10:39:45	15.55	--	30	46650	买盘
10:39:42	15.55	--	5	7775	买盘
10:39:36	15.55	0.01	2	3110	买盘
10:39:33	15.54	--	2	3108	卖盘
10:39:30	15.54	-0.01	7	10878	卖盘
10:39:27	15.55	0.01	6	9330	买盘
10:39:24	15.54	-0.01	2	3108	卖盘
10:39:21	15.55	0.01	20	31100	买盘
10:39:18	15.54	--	5	7770	卖盘
10:39:15	15.54	0.02	337	523698	买盘
10:39:12	15.52	-0.01	5	7760	卖盘
10:39:09	15.53	--	7	10871	买盘
10:39:06	15.53	--	2	3106	买盘
10:39:00	15.53	--	1	1553	买盘
10:38:57	15.53	-0.01	18	27954	卖盘
10:38:54	15.54	0.01	19	29526	买盘
10:38:45	15.53	--	10	15530	卖盘
10:38:33	15.53	--	10	15530	卖盘
10:38:30	15.53	--	1	1553	卖盘
10:38:27	15.53	--	59	91627	卖盘
10:38:24	15.53	--	1	1553	卖盘
10:38:18	15.53	0.01	3	4659	卖盘
10:38:12	15.52	--	4	6208	卖盘
10:38:09	15.52	-0.02	60	93120	卖盘
10:38:06	15.54	0.01	2	3108	买盘
10:38:00	15.53	--	2	3106	买盘
10:37:57	15.53	0.01	13	20189	买盘
10:37:54	15.52	-0.01	10	15520	卖盘
10:37:51	15.53	0.01	16	24848	买盘
10:37:48	15.52	-0.01	3	4656	卖盘
10:37:45	15.53	0.01	33	51249	中性盘
10:37:33	15.52	-0.01	10	15520	卖盘
10:37:30	15.53	0.01	6	9318	买盘
10:37:27	15.52	-0.01	58	90016	卖盘
10:37:24	15.53	--	2	3106	买盘
10:37:21	15.53	--	9	13977	卖盘
10:37:09	15.53	--	20	31060	卖盘
10:37:06	15.53	--	18	27954	买盘
10:37:03	15.53	--	74	114922	买盘
10:36:57	15.53	0.01	35	54355	买盘
10:36:54	15.52	-0.01	11	17072	卖盘
10:36:51	15.53	0.01	2	3106	买盘
10:36:48	15.52	--	21	32592	卖盘
10:36:45	15.52	-0.01	78	121056	卖盘
10:36:42	15.53	--	12	18636	买盘
10:36:39	15.53	--	15	23295	买盘
10:36:33	15.53	0.01	31	48143	买盘
10:36:30	15.52	-0.01	112	173824	卖盘
10:36:27	15.53	--	24	37272	买盘
10:36:24	15.53	0.01	12	18636	买盘
10:36:18	15.52	-0.01	50	77600	卖盘
10:36:15	15.53	-0.01	19	29507	卖盘
10:36:12	15.54	0.01	9	13986	买盘
10:36:09	15.53	--	4	6212	卖盘
10:36:06	15.53	--	6	9318	卖盘
10:36:03	15.53	-0.01	1	1553	中性盘
10:36:00	15.54	0.01	37	57498	买盘
10:35:57	15.53	--	20	31060	卖盘
10:35:51	15.53	--	14	21742	买盘
10:35:48	15.53	--	16	24848	买盘
10:35:45	15.53	--	3	4659	买盘
10:35:42	15.53	--	12	18636	买盘
10:35:39	15.53	--	40	62120	买盘
10:35:36	15.53	--	78	121134	买盘
10:35:33	15.53	--	18	27954	卖盘
10:35:27	15.53	--	3	4659	买盘
10:35:24	15.53	0.01	106	164618	买盘
10:35:18	15.52	-0.01	31	48112	卖盘
10:35:15	15.53	--	26	40378	买盘
10:35:12	15.53	--	5	7765	买盘
10:35:09	15.53	0.01	14	21742	买盘
10:35:03	15.52	-0.01	24	37248	卖盘
10:35:00	15.53	0.01	29	45037	买盘
10:34:57	15.52	-0.01	7	10864	卖盘
10:34:54	15.53	0.01	140	217420	买盘
10:34:48	15.52	--	7	10864	卖盘
10:34:45	15.52	-0.01	53	82256	卖盘
10:34:42	15.53	--	4	6212	买盘
10:34:39	15.53	0.02	6	9318	买盘
10:34:33	15.51	-0.01	45	69795	卖盘
10:34:30	15.52	--	23	35696	卖盘
10:34:27	15.52	--	12	19400	买盘
10:34:24	15.52	--	23	35696	买盘
10:34:21	15.52	--	31	48112	买盘
10:34:18	15.52	--	11	17072	买盘
10:34:15	15.52	--	17	26384	买盘
10:34:12	15.52	--	26	40352	买盘
10:34:09	15.52	--	6	9312	买盘
10:34:03	15.52	--	71	110192	买盘
10:34:00	15.52	0.01	31	48112	买盘
10:33:57	15.51	--	9	13959	买盘
10:33:54	15.51	--	17	26367	买盘
10:33:51	15.51	0.01	17	26367	中性盘
10:33:45	15.5	-0.02	601	931550	卖盘
10:33:42	15.52	-0.01	10	15520	卖盘
10:33:39	15.53	0.01	27	42505	买盘
10:33:36	15.52	-0.01	150	233017	卖盘
10:33:33	15.53	--	5	7765	买盘
10:33:30	15.53	0.01	37	57461	买盘
10:33:27	15.52	--	100	155200	卖盘
10:33:24	15.52	-0.02	1	1552	卖盘
10:33:12	15.54	0.03	1	1554	买盘
10:33:06	15.51	--	1	2884	买盘
10:33:03	15.51	--	154	238854	买盘
10:33:00	15.51	--	40	62040	买盘
10:32:57	15.51	--	14	21714	买盘
10:32:54	15.51	--	34	52734	买盘
10:32:51	15.51	0.01	92	142692	买盘
10:32:48	15.5	-0.01	26	40300	卖盘
10:32:45	15.51	--	80	124080	买盘
10:32:42	15.51	--	183	283833	买盘
10:32:39	15.51	--	32	49632	买盘
10:32:36	15.51	--	100	155100	买盘
10:32:33	15.51	--	60	93060	买盘
10:32:30	15.51	--	28	43428	买盘
10:32:27	15.51	--	3	4653	买盘
10:32:24	15.51	--	116	179916	买盘
10:32:21	15.51	--	34	52734	买盘
10:32:18	15.51	--	10	15510	买盘
10:32:15	15.51	--	7	10857	买盘
10:32:12	15.51	--	41	63591	买盘
10:32:09	15.51	-0.04	3907	6060734	卖盘
10:32:06	15.55	-0.01	4	6220	卖盘
10:32:03	15.56	0.01	10	15560	买盘
10:31:57	15.55	--	5	7775	卖盘
10:31:54	15.55	-0.01	2	3110	卖盘
10:31:51	15.56	--	11	17116	买盘
10:31:48	15.56	--	13	20228	买盘
10:31:45	15.56	0.01	4	6224	买盘
10:31:42	15.55	--	150	233250	卖盘
10:31:39	15.55	--	13	20215	卖盘
10:31:33	15.55	-0.01	67	104185	卖盘
10:31:30	15.56	--	16	24896	买盘
10:31:27	15.56	0.01	3	4668	买盘
10:31:24	15.55	-0.01	4	6220	卖盘
10:31:21	15.56	0.01	5	7780	中性盘
10:31:15	15.55	-0.01	67	104185	卖盘
10:31:12	15.56	-0.01	125	194500	卖盘
10:31:09	15.57	0.01	3	4671	买盘
10:31:06	15.56	--	34	52904	卖盘
10:31:03	15.56	--	20	31120	卖盘
10:31:00	15.56	--	2	3112	卖盘
10:30:57	15.56	-0.01	49	76244	卖盘
10:30:54	15.57	0.01	61	94977	买盘
10:30:51	15.56	-0.01	20	31120	卖盘
10:30:48	15.57	--	4	6228	买盘
10:30:45	15.57	--	118	183726	卖盘
10:30:42	15.57	0.01	38	59166	中性盘
10:30:36	15.56	-0.01	22	34232	卖盘
10:30:27	15.57	--	30	47488	买盘
10:30:24	15.57	--	28	43596	买盘
10:30:18	15.57	--	1	1557	买盘
10:30:15	15.57	--	72	112882	卖盘
10:30:12	15.57	-0.01	5	7785	卖盘
10:30:09	15.58	0.01	12	18696	买盘
10:30:06	15.57	--	10	15570	卖盘
10:30:03	15.57	--	45	70065	卖盘
10:29:54	15.57	-0.01	55	85635	卖盘
10:29:51	15.58	--	1	1558	买盘
10:29:48	15.58	--	5	7790	买盘
10:29:39	15.58	--	5	7790	卖盘
10:29:27	15.58	0.01	5	7790	卖盘
10:29:24	15.57	-0.02	15	23355	卖盘
10:29:21	15.59	0.01	6	9354	买盘
10:29:18	15.58	--	10	15580	买盘
10:29:15	15.58	--	8	13243	卖盘
10:29:12	15.58	--	5	7790	卖盘
10:29:09	15.58	--	2	3116	卖盘
10:29:06	15.58	0.01	3	5453	买盘
10:29:00	15.57	-0.01	28	43596	卖盘
10:28:57	15.58	--	11	17138	买盘
10:28:54	15.58	--	2	3116	买盘
10:28:51	15.58	--	2	3116	买盘
10:28:45	15.58	-0.02	283	441693	卖盘
10:28:42	15.6	0.01	5	7800	买盘
10:28:39	15.59	-0.01	53	82627	卖盘
10:28:33	15.6	0.01	10	15600	买盘
10:28:21	15.59	--	210	327390	卖盘
10:28:18	15.59	0.01	20	31180	中性盘
10:28:09	15.58	-0.02	50	77900	卖盘
10:28:03	15.6	0.01	7	10920	买盘
10:28:00	15.59	--	2	3118	买盘
10:27:51	15.59	-0.01	5	7795	中性盘
10:27:39	15.6	0.01	250	390000	买盘
10:27:33	15.59	--	5	7795	买盘
10:27:27	15.59	--	77	120043	卖盘
10:27:24	15.59	-0.01	12	18708	卖盘
10:27:18	15.6	--	45	70200	买盘
10:27:12	15.6	--	26	40560	买盘
10:27:06	15.6	--	10	15600	买盘
10:26:54	15.6	0.01	17	26520	买盘
10:26:45	15.59	0.01	3	4677	卖盘
10:26:42	15.58	-0.02	100	155800	卖盘
10:26:27	15.6	0.01	5	7800	买盘
10:26:12	15.59	--	1	2338	买盘
10:26:09	15.59	0.01	20	31180	买盘
10:26:03	15.58	-0.01	47	73226	卖盘
10:25:57	15.59	--	6	10133	卖盘
10:25:54	15.59	-0.01	8	12472	卖盘
10:25:51	15.6	0.01	2	3120	买盘
10:25:45	15.59	0.01	5	8574	买盘
10:25:42	15.58	-0.01	5	7790	卖盘
10:25:39	15.59	0.01	10	15590	买盘
10:25:36	15.58	-0.01	15	23370	卖盘
10:25:30	15.59	--	38	59242	买盘
10:25:24	15.59	--	23	35857	买盘
10:25:15	15.59	--	1	1559	买盘
10:25:09	15.59	--	16	24944	买盘
10:25:03	15.59	0.01	2	3118	买盘
10:24:57	15.58	-0.01	7	10906	卖盘
10:24:54	15.59	0.01	20	31180	买盘
10:24:51	15.58	0.01	1	1558	卖盘
10:24:48	15.57	--	10	15570	卖盘
10:24:42	15.57	-0.01	21	32697	卖盘
10:24:33	15.58	0.01	20	31160	买盘
10:24:21	15.57	--	23	35811	卖盘
10:24:00	15.57	--	119	186061	买盘
10:23:54	15.57	0.01	40	62280	买盘
10:23:51	15.56	--	15	23340	卖盘
10:23:48	15.56	--	10	15560	卖盘
10:23:42	15.56	-0.01	13	20228	卖盘
10:23:39	15.57	0.01	10	15570	买盘
10:23:36	15.56	-0.01	28	43568	卖盘
10:23:33	15.57	0.01	5	7785	买盘
10:23:27	15.56	-0.01	20	31120	卖盘
10:23:24	15.57	--	7	10899	买盘
10:23:21	15.57	-0.02	126	196960	卖盘
10:23:18	15.59	0.01	7	10913	买盘
10:23:15	15.58	-0.01	150	233700	卖盘
10:23:06	15.59	0.01	4	6236	买盘
10:23:03	15.58	-0.01	1	1558	卖盘
10:22:57	15.59	0.01	10	15590	买盘
10:22:54	15.58	-0.01	6	9348	卖盘
10:22:51	15.59	--	19	29621	买盘
10:22:48	15.59	0.01	2	3118	买盘
10:22:42	15.58	-0.01	1	1558	卖盘
10:22:39	15.59	--	13	20267	买盘
10:22:30	15.59	0.01	50	77950	买盘
10:22:27	15.58	--	15	23370	卖盘
10:22:24	15.58	0.01	24	37392	买盘
10:22:15	15.57	-0.01	20	31140	卖盘
10:22:09	15.58	-0.01	26	40508	卖盘
10:22:03	15.59	0.01	10	15590	买盘
10:22:00	15.58	--	5	7790	卖盘
10:21:57	15.58	-0.01	2	3116	卖盘
10:21:54	15.59	0.01	2	3118	买盘
10:21:51	15.58	--	1	1558	卖盘
10:21:48	15.58	--	1	1558	卖盘
10:21:42	15.58	0.01	4	6232	买盘
10:21:36	15.57	-0.01	20	31140	卖盘
10:21:30	15.58	--	4	6232	买盘
10:21:27	15.58	0.01	13	20254	买盘
10:21:24	15.57	-0.01	7	10899	卖盘
10:21:18	15.58	--	3	4674	买盘
10:21:15	15.58	--	11	17138	买盘
10:21:03	15.58	--	97	151126	买盘
10:21:00	15.58	--	13	20254	卖盘
10:20:57	15.58	--	23	35834	卖盘
10:20:54	15.58	--	9	14022	买盘
10:20:51	15.58	--	2	3116	买盘
10:20:48	15.58	0.01	7	10906	买盘
10:20:45	15.57	-0.01	2	3114	卖盘
10:20:42	15.58	0.01	15	23370	买盘
10:20:33	15.57	--	54	84078	卖盘
10:20:30	15.57	-0.01	57	88749	卖盘
10:20:27	15.58	0.01	116	180728	买盘
10:20:21	15.57	--	12	18684	卖盘
10:20:18	15.57	--	2	3114	卖盘
10:20:12	15.57	--	17	26469	卖盘
10:20:06	15.57	-0.01	64	99648	卖盘
10:20:03	15.58	--	20	31160	买盘
10:19:57	15.58	--	1	1558	买盘
10:19:51	15.58	0.01	28	43624	买盘
10:19:48	15.57	-0.01	4	6228	卖盘
10:19:45	15.58	0.01	5	7790	买盘
10:19:39	15.57	-0.01	1	1557	卖盘
10:19:36	15.58	0.01	46	71668	买盘
10:19:33	15.57	--	4	6228	卖盘
10:19:30	15.57	--	6	9342	卖盘
10:19:27	15.57	-0.01	1	1557	卖盘
10:19:24	15.58	0.01	5	7790	买盘
10:19:21	15.57	--	3	4671	卖盘
10:19:18	15.57	-0.01	78	121446	卖盘
10:19:15	15.58	--	6	9348	买盘
10:19:12	15.58	--	12	19475	买盘
10:19:09	15.58	--	100	155800	买盘
10:19:06	15.58	--	8	12464	买盘
10:19:00	15.58	--	25	38950	买盘
10:18:57	15.58	-0.01	25	38950	卖盘
10:18:51	15.59	--	5	7795	买盘
10:18:48	15.59	--	47	73273	卖盘
10:18:42	15.59	-0.01	10	15590	买盘
10:18:39	15.6	0.01	63	98280	买盘
10:18:36	15.59	-0.01	3	4677	买盘
10:18:30	15.6	--	100	156000	买盘
10:18:27	15.6	0.01	24	37440	买盘
10:18:24	15.59	-0.01	14	21826	卖盘
10:18:21	15.6	0.01	10	15600	买盘
10:18:18	15.59	-0.01	35	54565	卖盘
10:18:15	15.6	--	3	4680	买盘
10:18:09	15.6	--	2	3120	买盘
10:18:03	15.6	--	41	63960	买盘
10:18:00	15.6	0.01	2	3120	买盘
10:17:51	15.59	0.01	139	216701	买盘
10:17:42	15.58	0.02	139	216562	买盘
10:17:21	15.56	0.01	19	29579	买盘
10:17:18	15.55	-0.01	30	46650	卖盘
10:17:15	15.56	--	13	21768	卖盘
10:17:12	15.56	--	41	63811	买盘
10:17:06	15.56	--	32	49792	买盘
10:17:00	15.56	--	24	37344	买盘
10:16:57	15.56	--	15	23340	买盘
10:16:54	15.56	0.01	2	3112	买盘
10:16:39	15.55	0.01	31	48205	买盘
10:16:36	15.54	--	6	9324	卖盘
10:16:33	15.54	--	104	161616	卖盘
10:16:30	15.54	-0.01	210	326340	卖盘
10:16:27	15.55	0.01	5	7775	买盘
10:16:21	15.54	-0.01	16	24864	卖盘
10:16:18	15.55	0.01	12	18660	买盘
10:16:15	15.54	--	2	3108	卖盘
10:16:12	15.54	--	16	24864	卖盘
10:16:09	15.54	0.01	1	1554	卖盘
10:16:00	15.53	-0.01	16	24848	卖盘
10:15:57	15.54	--	11	17094	买盘
10:15:54	15.54	--	26	40404	买盘
10:15:51	15.54	--	35	54390	买盘
10:15:48	15.54	--	78	121212	卖盘
10:15:45	15.54	--	100	155400	卖盘
10:15:39	15.54	--	113	175602	买盘
10:15:36	15.54	--	15	23310	买盘
10:15:33	15.54	--	27	41958	买盘
10:15:30	15.54	--	12	18648	买盘
10:15:27	15.54	0.01	19	29526	买盘
10:15:24	15.53	--	11	17083	卖盘
10:15:21	15.53	--	18	27954	卖盘
10:15:18	15.53	--	8	12424	卖盘
10:15:12	15.53	-0.01	59	91627	卖盘
10:15:09	15.54	0.01	44	68376	卖盘
10:15:06	15.53	-0.02	207	321471	卖盘
10:15:03	15.55	0.02	41	63755	买盘
10:14:51	15.53	-0.01	58	90074	卖盘
10:14:48	15.54	--	5	7770	买盘
10:14:45	15.54	--	25	38850	卖盘
10:14:42	15.54	--	6	9324	卖盘
10:14:39	15.54	--	10	15540	卖盘
10:14:36	15.54	--	23	35742	卖盘
10:14:33	15.54	--	31	48174	卖盘
10:14:30	15.54	0.01	17	26418	中性盘
10:14:27	15.53	-0.01	31	48143	卖盘
10:14:24	15.54	--	136	211344	买盘
10:14:21	15.54	--	40	62160	买盘
10:14:15	15.54	-0.01	9	13986	卖盘
10:14:12	15.55	-0.01	5	7775	中性盘
10:14:06	15.56	0.01	419	651964	买盘
10:14:03	15.55	-0.01	200	312539	卖盘
10:14:00	15.56	--	21	32676	买盘
10:13:57	15.56	--	13	20228	卖盘
10:13:54	15.56	--	325	505700	卖盘
10:13:51	15.56	--	83	129148	卖盘
10:13:48	15.56	-0.01	24	37344	卖盘
10:13:45	15.57	0.01	396	616572	买盘
10:13:42	15.56	-0.01	16	24896	卖盘
10:13:39	15.57	0.01	3	4671	买盘
10:13:36	15.56	-0.01	300	466800	卖盘
10:13:33	15.57	0.01	22	34254	买盘
10:13:30	15.56	-0.01	5	7780	卖盘
10:13:24	15.57	--	26	40482	买盘
10:13:21	15.57	--	119	185283	卖盘
10:13:18	15.57	-0.01	4	6228	卖盘
10:13:15	15.58	--	11	17138	买盘
10:13:12	15.58	0.02	20	31160	买盘
10:13:09	15.56	-0.01	226	351656	卖盘
10:13:06	15.57	-0.01	6	9342	中性盘
10:13:03	15.58	--	31	48298	买盘
10:12:57	15.58	--	325	506350	卖盘
10:12:54	15.58	0.01	19	29602	卖盘
10:12:45	15.57	--	210	326970	卖盘
10:12:36	15.57	-0.01	200	311400	卖盘
10:12:33	15.58	--	2	3116	卖盘
10:12:27	15.58	--	10	15580	买盘
10:12:24	15.58	0.01	8	12464	中性盘
10:12:21	15.57	-0.02	303	471771	卖盘
10:12:18	15.59	--	30	46770	买盘
10:12:15	15.59	0.01	9	14031	买盘
10:12:12	15.58	-0.01	300	467400	卖盘
10:12:09	15.59	--	20	31180	买盘
10:12:06	15.59	--	20	31180	买盘
10:12:03	15.59	0.01	30	46770	买盘
10:12:00	15.58	-0.01	38	59204	卖盘
10:11:57	15.59	--	55	85745	买盘
10:11:48	15.59	--	57	88863	买盘
10:11:45	15.59	-0.01	60	93540	卖盘
10:11:42	15.6	0.01	48	74880	买盘
10:11:39	15.59	0.01	13	20267	买盘
10:11:36	15.58	-0.02	20	31160	卖盘
10:11:33	15.6	0.01	30	46800	买盘
10:11:30	15.59	--	40	62360	买盘
10:11:27	15.59	-0.01	81	126279	卖盘
10:11:24	15.6	--	1	1560	买盘
10:11:18	15.6	--	5	7800	买盘
10:11:15	15.6	--	49	76440	买盘
10:11:09	15.6	--	91	141960	买盘
10:11:06	15.6	0.01	7	10920	买盘
10:11:00	15.59	--	3	4677	卖盘
10:10:57	15.59	-0.01	5	7795	卖盘
10:10:48	15.6	0.01	10	15600	买盘
10:10:45	15.59	0.01	21	32739	卖盘
10:10:39	15.58	-0.01	65	101270	卖盘
10:10:36	15.59	0.01	25	38975	买盘
10:10:33	15.58	-0.01	20	31160	卖盘
10:10:27	15.59	0.01	5	7795	买盘
10:10:24	15.58	--	3	4674	卖盘
10:10:21	15.58	-0.01	9	14022	卖盘
10:10:18	15.59	--	17	26503	买盘
10:10:15	15.59	0.01	34	53006	买盘
10:10:09	15.58	--	9	14022	买盘
10:10:06	15.58	--	203	316274	买盘
10:10:03	15.58	--	5	7790	买盘
10:09:57	15.58	-0.01	207	322506	卖盘
10:09:54	15.59	--	29	45211	买盘
10:09:51	15.59	0.01	56	87304	买盘
10:09:48	15.58	--	19	29602	卖盘
10:09:42	15.58	-0.01	28	43624	卖盘
10:09:39	15.59	--	6	9354	买盘
10:09:36	15.59	0.01	37	57683	买盘
10:09:33	15.58	-0.01	15	23370	卖盘
10:09:30	15.59	0.01	4	6236	买盘
10:09:27	15.58	-0.01	12	18696	卖盘
10:09:24	15.59	--	17	26503	买盘
10:09:18	15.59	--	20	31180	卖盘
10:09:15	15.59	--	12	18708	卖盘
10:09:12	15.59	--	15	23385	卖盘
10:09:09	15.59	--	57	88863	买盘
10:09:06	15.59	0.01	2	3118	买盘
10:09:03	15.58	-0.01	10	15580	卖盘
10:09:00	15.59	0.01	257	400663	买盘
10:08:57	15.58	-0.01	6	9348	卖盘
10:08:54	15.59	--	2	3118	买盘
10:08:51	15.59	-0.01	54	84186	买盘
10:08:45	15.6	0.02	40	62400	买盘
10:08:42	15.58	--	132	205656	卖盘
10:08:39	15.58	-0.02	11	17138	卖盘
10:08:36	15.6	0.01	8	12480	买盘
10:08:33	15.59	0.01	10	15590	买盘
10:08:30	15.58	--	55	85690	卖盘
10:08:27	15.58	--	8	12464	中性盘
10:08:24	15.58	--	6	9348	卖盘
10:08:21	15.58	0.01	47	73226	买盘
10:08:18	15.57	-0.01	108	168156	卖盘
10:08:15	15.58	0.01	173	269534	买盘
10:08:12	15.57	--	73	113661	卖盘
10:08:09	15.57	--	132	205524	卖盘
10:08:06	15.57	--	13	20241	卖盘
10:08:03	15.57	-0.01	2	3114	卖盘
10:08:00	15.58	0.01	10	15580	买盘
10:07:57	15.57	-0.01	37	57609	卖盘
10:07:54	15.58	0.01	32	49856	买盘
10:07:51	15.57	--	284	442188	卖盘
10:07:48	15.57	--	115	179055	卖盘
10:07:45	15.57	-0.01	290	451530	卖盘
10:07:42	15.58	0.01	15	23370	买盘
10:07:39	15.57	--	64	99648	卖盘
10:07:36	15.57	-0.01	25	38925	卖盘
10:07:33	15.58	--	29	45182	买盘
10:07:30	15.58	--	57	88806	买盘
10:07:27	15.58	--	57	88806	买盘
10:07:15	15.58	-0.01	248	386384	卖盘
10:07:12	15.59	--	36	56124	买盘
10:07:09	15.59	--	1	1559	买盘
10:07:06	15.59	--	2	3118	买盘
10:07:03	15.59	0.01	80	124720	买盘
10:07:00	15.58	-0.01	200	311600	卖盘
10:06:57	15.59	--	61	95099	卖盘
10:06:54	15.59	-0.01	21	32739	卖盘
10:06:51	15.6	0.01	7	10920	买盘
10:06:48	15.59	-0.01	61	95099	卖盘
10:06:45	15.6	--	4	6240	买盘
10:06:42	15.6	--	26	40560	买盘
10:06:39	15.6	--	188	293280	卖盘
10:06:36	15.6	--	194	302640	卖盘
10:06:33	15.6	--	4	6240	卖盘
10:06:27	15.6	-0.01	21	32760	卖盘
10:06:24	15.61	0.01	10	15610	买盘
10:06:21	15.6	--	15	23400	卖盘
10:06:18	15.6	--	10	15600	卖盘
10:06:15	15.6	--	20	31200	卖盘
10:06:09	15.6	-0.01	300	468000	卖盘
10:06:03	15.61	--	10	15610	卖盘
10:06:00	15.61	-0.01	1	1561	卖盘
10:05:54	15.62	-0.01	57	89034	卖盘
10:05:48	15.63	0.01	2	3126	买盘
10:05:45	15.62	--	12	18744	买盘
10:05:30	15.62	--	35	54670	买盘
10:05:24	15.62	-0.01	384	599808	卖盘
10:05:21	15.63	--	50	78150	买盘
10:05:18	15.63	--	10	15630	买盘
10:05:12	15.63	--	30	46890	买盘
10:05:09	15.63	--	10	15630	买盘
10:05:06	15.63	-0.02	36	56268	卖盘
10:05:00	15.65	0.01	90	140850	买盘
10:04:57	15.64	--	108	168912	买盘
10:04:54	15.64	--	9	14076	买盘
10:04:51	15.64	0.01	1	1564	买盘
10:04:39	15.63	-0.01	5	7815	卖盘
10:04:36	15.64	0.01	129	201756	买盘
10:04:33	15.63	-0.01	4	6252	卖盘
10:04:30	15.64	0.01	107	167348	买盘
10:04:27	15.63	-0.01	11	17193	卖盘
10:04:15	15.64	0.01	16	25024	买盘
10:04:12	15.63	--	88	137544	卖盘
10:04:06	15.63	-0.01	21	32823	卖盘
10:04:03	15.64	--	25	39100	买盘
10:04:00	15.64	0.01	2	3128	买盘
10:03:57	15.63	--	11	17193	卖盘
10:03:54	15.63	--	10	15630	卖盘
10:03:51	15.63	--	5	7815	卖盘
10:03:48	15.63	-0.01	25	39075	卖盘
10:03:45	15.64	--	14	21896	买盘
10:03:39	15.64	--	11	17204	买盘
10:03:33	15.64	-0.01	4	6256	卖盘
10:03:30	15.65	0.01	40	62600	买盘
10:03:27	15.64	-0.01	24	37536	卖盘
10:03:24	15.65	--	1	1565	买盘
10:03:15	15.65	--	34	53210	买盘
10:03:06	15.65	0.01	111	173715	买盘
10:03:03	15.64	-0.01	104	163907	卖盘
10:03:00	15.65	--	15	23475	买盘
10:02:54	15.65	--	10	15650	买盘
10:02:51	15.65	--	63	98595	买盘
10:02:48	15.65	--	9	14085	买盘
10:02:45	15.65	--	90	140850	买盘
10:02:42	15.65	--	50	78250	买盘
10:02:36	15.65	--	150	234750	买盘
10:02:30	15.65	0.01	5	7825	买盘
10:02:24	15.64	--	8	12512	卖盘
10:02:21	15.64	--	16	25024	卖盘
10:02:18	15.64	0.01	68	106664	买盘
10:02:15	15.63	-0.01	30	46890	卖盘
10:02:12	15.64	--	60	93840	买盘
10:02:09	15.64	0.01	41	64124	买盘
10:02:06	15.63	-0.01	107	167241	卖盘
10:02:00	15.64	--	53	82892	买盘
10:01:57	15.64	0.01	54	84456	买盘
10:01:48	15.63	-0.01	103	160989	卖盘
10:01:45	15.64	--	27	42228	买盘
10:01:42	15.64	0.01	15	23460	买盘
10:01:39	15.63	0.01	1	1563	买盘
10:01:36	15.62	--	10	15620	卖盘
10:01:30	15.62	-0.01	202	315524	卖盘
10:01:27	15.63	0.01	25	39075	买盘
10:01:21	15.62	--	16	24992	卖盘
10:01:18	15.62	--	4	6248	卖盘
10:01:15	15.62	--	2	3124	卖盘
10:01:09	15.62	--	5	7810	卖盘
10:00:57	15.62	-0.01	10	15620	卖盘
10:00:54	15.63	--	25	39075	买盘
10:00:51	15.63	--	75	117225	买盘
10:00:48	15.63	0.01	53	82839	中性盘
10:00:45	15.62	-0.02	13	20306	卖盘
10:00:42	15.64	0.02	14	21896	买盘
10:00:39	15.62	-0.01	74	115588	卖盘
10:00:36	15.63	--	25	39075	买盘
10:00:33	15.63	-0.01	26	40638	卖盘
10:00:30	15.64	0.01	110	172040	买盘
10:00:27	15.63	-0.01	1	1563	卖盘
10:00:24	15.64	--	15	23460	买盘
10:00:21	15.64	--	13	20332	卖盘
10:00:18	15.64	-0.01	58	90712	卖盘
10:00:09	15.65	--	8	12520	卖盘
10:00:06	15.65	--	140	219100	卖盘
10:00:00	15.65	--	1	1565	卖盘
09:59:57	15.65	-0.01	14	21910	卖盘
09:59:51	15.66	--	2	3132	买盘
09:59:48	15.66	0.01	12	18792	买盘
09:59:45	15.65	--	39	61035	卖盘
09:59:42	15.65	--	36	56340	卖盘
09:59:36	15.65	-0.01	38	59470	卖盘
09:59:33	15.66	--	50	78300	买盘
09:59:30	15.66	--	22	34452	买盘
09:59:27	15.66	--	10	15660	买盘
09:59:24	15.66	--	30	46980	买盘
09:59:21	15.66	--	26	40716	买盘
09:59:18	15.66	--	40	62640	买盘
09:59:15	15.66	--	24	37584	买盘
09:59:09	15.66	--	187	292842	卖盘
09:59:06	15.66	--	6	9396	卖盘
09:59:03	15.66	-0.01	83	129978	卖盘
09:59:00	15.67	0.01	67	104989	买盘
09:58:57	15.66	-0.01	110	172260	卖盘
09:58:51	15.67	0.01	9	14103	买盘
09:58:48	15.66	-0.01	24	37584	卖盘
09:58:45	15.67	--	18	28206	买盘
09:58:42	15.67	0.01	28	43876	买盘
09:58:36	15.66	--	10	15660	卖盘
09:58:33	15.66	-0.01	44	68904	中性盘
09:58:30	15.67	0.01	26	40742	买盘
09:58:27	15.66	--	80	125280	买盘
09:58:24	15.66	--	55	86130	买盘
09:58:21	15.66	-0.01	23	36018	卖盘
09:58:18	15.67	0.01	99	155133	买盘
09:58:12	15.66	--	25	39150	卖盘
09:58:09	15.66	-0.01	8	12528	中性盘
09:58:06	15.67	--	139	217813	买盘
09:58:03	15.67	0.01	214	335338	买盘
09:58:00	15.66	0.01	13	20358	买盘
09:57:57	15.65	--	4	6260	卖盘
09:57:54	15.65	-0.01	216	338040	卖盘
09:57:51	15.66	--	72	112752	卖盘
09:57:48	15.66	--	24	37584	卖盘
09:57:45	15.66	--	53	82998	买盘
09:57:42	15.66	--	13	20358	卖盘
09:57:39	15.66	0.01	14	21924	买盘
09:57:36	15.65	-0.01	216	338040	卖盘
09:57:33	15.66	--	31	48546	买盘
09:57:30	15.66	--	14	21924	买盘
09:57:27	15.66	--	27	42282	买盘
09:57:24	15.66	--	25	39150	买盘
09:57:21	15.66	--	10	15660	买盘
09:57:18	15.66	-0.01	261	408726	卖盘
09:57:15	15.67	--	48	75216	买盘
09:57:12	15.67	--	166	260122	买盘
09:57:09	15.67	--	87	136329	买盘
09:57:06	15.67	--	1	1567	买盘
09:57:03	15.67	--	21	32907	买盘
09:57:00	15.67	--	1	1567	买盘
09:56:57	15.67	0.01	86	134762	买盘
09:56:54	15.66	-0.01	130	203580	卖盘
09:56:51	15.67	--	56	87752	买盘
09:56:48	15.67	--	67	104989	买盘
09:56:39	15.67	--	208	325936	买盘
09:56:33	15.67	--	303	474801	卖盘
09:56:30	15.67	-0.01	40	62680	卖盘
09:56:27	15.68	0.01	34	53312	买盘
09:56:21	15.67	0.02	77	120659	买盘
09:56:18	15.65	--	125	195625	买盘
09:56:15	15.65	-0.01	90	140850	卖盘
09:56:12	15.66	-0.02	55	86130	中性盘
09:56:09	15.68	0.02	135	211680	买盘
09:56:06	15.66	-0.01	55	86130	卖盘
09:56:03	15.67	--	21	32907	买盘
09:56:00	15.67	0.01	77	120659	买盘
09:55:57	15.66	0.02	112	175392	买盘
09:55:54	15.64	0.01	60	94684	买盘
09:55:51	15.63	-0.01	50	78150	卖盘
09:55:48	15.64	0.01	92	143888	买盘
09:55:45	15.63	0.02	75	117225	买盘
09:55:42	15.61	0.03	86	134246	买盘
09:55:39	15.58	--	235	366130	卖盘
09:55:36	15.58	--	32	49856	卖盘
09:55:33	15.58	--	88	137104	卖盘
09:55:30	15.58	--	17	26486	卖盘
09:55:27	15.58	0.01	60	93480	买盘
09:55:24	15.57	-0.01	1	1557	卖盘
09:55:21	15.58	0.01	4	6232	买盘
09:55:15	15.57	--	5	7785	卖盘
09:55:12	15.57	--	3	4671	卖盘
09:55:09	15.57	--	68	105876	卖盘
09:55:06	15.57	--	7	10899	卖盘
09:55:03	15.57	--	5	7785	卖盘
09:54:57	15.57	--	9	14013	卖盘
09:54:51	15.57	-0.01	107	166599	卖盘
09:54:48	15.58	--	8	12464	买盘
09:54:45	15.58	--	5	7790	卖盘
09:54:42	15.58	--	24	37392	中性盘
09:54:39	15.58	--	107	166706	卖盘
09:54:36	15.58	--	49	76342	卖盘
09:54:33	15.58	-0.01	21	32718	卖盘
09:54:30	15.59	0.01	6	9354	买盘
09:54:27	15.58	--	12	18696	卖盘
09:54:24	15.58	-0.01	7	10906	卖盘
09:54:21	15.59	--	6	9354	买盘
09:54:18	15.59	--	80	124720	买盘
09:54:15	15.59	-0.01	74	115366	卖盘
09:54:12	15.6	--	5	7800	卖盘
09:54:09	15.6	--	5	7800	买盘
09:54:03	15.6	--	42	65520	买盘
09:54:00	15.6	--	11	17160	买盘
09:53:57	15.6	0.03	104	162240	买盘
09:53:54	15.57	-0.02	159	248777	卖盘
09:53:51	15.59	-0.01	19	29621	卖盘
09:53:48	15.6	0.01	21	32760	买盘
09:53:45	15.59	-0.01	52	81426	卖盘
09:53:36	15.6	--	25	39000	买盘
09:53:33	15.6	--	1	1560	买盘
09:53:30	15.6	--	25	39000	卖盘
09:53:27	15.6	--	30	46800	卖盘
09:53:21	15.6	--	74	115440	卖盘
09:53:18	15.6	-0.01	27	42120	卖盘
09:53:15	15.61	0.01	133	207613	买盘
09:53:12	15.6	-0.01	115	179400	卖盘
09:53:09	15.61	0.01	13	20293	买盘
09:53:06	15.6	-0.01	10	15600	卖盘
09:53:00	15.61	-0.01	16	24976	买盘
09:52:57	15.62	--	5	7810	买盘
09:52:54	15.62	0.02	3	4686	买盘
09:52:51	15.6	-0.02	19	29640	卖盘
09:52:48	15.62	0.02	2	3124	中性盘
09:52:42	15.6	-0.02	55	85800	卖盘
09:52:39	15.62	--	19	29678	卖盘
09:52:36	15.62	--	232	362384	买盘
09:52:30	15.62	0.01	638	996556	买盘
09:52:27	15.61	-0.01	6	9366	卖盘
09:52:21	15.62	--	10	15620	买盘
09:52:18	15.62	--	57	89034	卖盘
09:52:15	15.62	-0.01	44	68728	卖盘
09:52:12	15.63	0.01	90	140670	买盘
09:52:09	15.62	--	30	46860	卖盘
09:52:06	15.62	--	2	3124	卖盘
09:52:03	15.62	--	22	34364	卖盘
09:52:00	15.62	-0.01	49	76538	卖盘
09:51:57	15.63	--	3	4689	买盘
09:51:54	15.63	--	1	1563	买盘
09:51:51	15.63	0.01	10	15630	买盘
09:51:48	15.62	-0.01	18	28116	卖盘
09:51:45	15.63	--	7	10941	卖盘
09:51:42	15.63	--	25	39075	卖盘
09:51:39	15.63	--	64	100032	卖盘
09:51:36	15.63	-0.01	2	3126	卖盘
09:51:30	15.64	--	18	28871	卖盘
09:51:27	15.64	0.01	36	57148	买盘
09:51:24	15.63	-0.01	10	15630	卖盘
09:51:12	15.64	--	18	28871	卖盘
09:51:09	15.64	--	11	17204	卖盘
09:51:03	15.64	-0.02	43	67252	卖盘
09:51:00	15.66	0.01	91	142506	买盘
09:50:57	15.65	0.01	3	4695	买盘
09:50:51	15.64	--	59	92276	卖盘
09:50:48	15.64	--	18	28152	卖盘
09:50:45	15.64	--	15	23460	卖盘
09:50:39	15.64	--	10	15640	卖盘
09:50:36	15.64	--	10	15640	卖盘
09:50:33	15.64	-0.01	38	59432	卖盘
09:50:30	15.65	--	6	9390	买盘
09:50:18	15.65	0.01	4	6260	买盘
09:50:15	15.64	-0.01	64	100096	卖盘
09:50:12	15.65	--	30	46950	买盘
09:50:09	15.65	--	4	6260	买盘
09:50:03	15.65	--	8	12520	买盘
09:50:00	15.65	--	1	1565	买盘
09:49:57	15.65	--	3	4695	买盘
09:49:54	15.65	--	84	131460	买盘
09:49:51	15.65	--	14	21910	买盘
09:49:39	15.65	--	86	134934	卖盘
09:49:36	15.65	--	44	70080	卖盘
09:49:33	15.65	--	13	20345	卖盘
09:49:27	15.65	--	15	23475	卖盘
09:49:24	15.65	--	2	3130	卖盘
09:49:18	15.65	0.01	65	101725	买盘
09:49:15	15.64	-0.01	84	131376	卖盘
09:49:12	15.65	--	10	15650	买盘
09:49:03	15.65	0.01	29	45385	买盘
09:49:00	15.64	-0.01	20	32124	卖盘
09:48:57	15.65	--	15	23475	买盘
09:48:54	15.65	--	171	267615	买盘
09:48:51	15.65	-0.01	224	350560	卖盘
09:48:39	15.66	-0.01	21	32886	卖盘
09:48:36	15.67	--	22	34474	买盘
09:48:30	15.67	0.02	5	7835	买盘
09:48:24	15.65	-0.02	162	253530	卖盘
09:48:21	15.67	--	5	7835	卖盘
09:48:18	15.67	-0.01	2	3134	卖盘
09:48:15	15.68	0.01	50	78400	买盘
09:48:12	15.67	--	28	43876	卖盘
09:48:09	15.67	--	1	1567	卖盘
09:48:06	15.67	--	20	31340	卖盘
09:48:00	15.67	0.02	201	314967	买盘
09:47:54	15.65	-0.02	10	15650	卖盘
09:47:51	15.67	0.01	40	62680	买盘
09:47:48	15.66	--	5	7830	买盘
09:47:45	15.66	--	5	7830	买盘
09:47:42	15.66	--	3	4698	买盘
09:47:39	15.66	--	43	67338	卖盘
09:47:36	15.66	--	36	56376	卖盘
09:47:33	15.66	--	115	180090	卖盘
09:47:27	15.66	-0.01	77	120582	卖盘
09:47:24	15.67	--	20	31340	买盘
09:47:21	15.67	0.01	5	7835	买盘
09:47:18	15.66	--	12	18792	卖盘
09:47:15	15.66	-0.01	3	4698	卖盘
09:47:12	15.67	0.01	10	15670	买盘
09:47:09	15.66	--	2	3132	卖盘
09:47:06	15.66	--	35	54810	卖盘
09:47:03	15.66	0.01	3	4698	买盘
09:47:00	15.65	-0.01	10	15650	卖盘
09:46:57	15.66	--	14	21924	买盘
09:46:54	15.66	--	3	4698	买盘
09:46:51	15.66	--	5	7830	买盘
09:46:48	15.66	--	21	32886	卖盘
09:46:45	15.66	--	1	1566	买盘
09:46:42	15.66	--	17	26622	买盘
09:46:39	15.66	-0.01	171	267786	卖盘
09:46:36	15.67	0.01	7	10969	买盘
09:46:33	15.66	--	62	97092	卖盘
09:46:30	15.66	-0.01	19	29754	卖盘
09:46:27	15.67	0.01	31	48577	买盘
09:46:24	15.66	-0.01	8	12528	卖盘
09:46:21	15.67	--	100	156700	买盘
09:46:18	15.67	0.01	95	148865	买盘
09:46:15	15.66	-0.01	1	1566	卖盘
09:46:12	15.67	0.01	4	6268	买盘
09:46:09	15.66	-0.01	100	156600	卖盘
09:46:06	15.67	0.01	29	45443	买盘
09:46:00	15.66	-0.01	13	20358	卖盘
09:45:57	15.67	0.01	1	1567	买盘
09:45:54	15.66	--	11	17226	卖盘
09:45:51	15.66	--	37	57942	卖盘
09:45:48	15.66	--	45	70470	卖盘
09:45:45	15.66	--	20	31320	买盘
09:45:42	15.66	0.01	40	62640	买盘
09:45:36	15.65	--	42	65730	卖盘
09:45:33	15.65	--	9	14085	卖盘
09:45:30	15.65	-0.01	28	43820	卖盘
09:45:27	15.66	0.01	58	91611	买盘
09:45:24	15.65	--	2	3130	买盘
09:45:21	15.65	--	56	87640	买盘
09:45:18	15.65	0.02	30	46950	买盘
09:45:15	15.63	--	12	18756	卖盘
09:45:06	15.63	--	23	35949	买盘
09:45:03	15.63	0.01	10	15630	中性盘
09:45:00	15.62	-0.01	18	28116	卖盘
09:44:57	15.63	--	5	7815	买盘
09:44:54	15.63	0.01	42	65646	买盘
09:44:48	15.62	-0.01	136	212432	卖盘
09:44:45	15.63	-0.02	14	21882	卖盘
09:44:39	15.65	--	6	9390	买盘
09:44:33	15.65	--	80	125200	卖盘
09:44:30	15.65	-0.01	10	15650	卖盘
09:44:27	15.66	--	26	40716	买盘
09:44:24	15.66	--	5	7830	卖盘
09:44:21	15.66	0.01	47	73602	买盘
09:44:15	15.65	-0.01	40	62600	卖盘
09:44:12	15.66	--	59	92394	卖盘
09:44:09	15.66	-0.01	1	1566	卖盘
09:44:06	15.67	--	10	15670	买盘
09:44:03	15.67	0.01	40	62680	买盘
09:44:00	15.66	-0.01	200	313200	卖盘
09:43:51	15.67	--	33	51711	卖盘
09:43:48	15.67	--	65	101855	卖盘
09:43:45	15.67	-0.01	66	103422	卖盘
09:43:42	15.68	-0.01	2	3136	卖盘
09:43:39	15.69	--	218	342042	买盘
09:43:36	15.69	0.01	6	9414	买盘
09:43:33	15.68	-0.01	33	51744	卖盘
09:43:30	15.69	--	15	23535	卖盘
09:43:27	15.69	--	40	62760	卖盘
09:43:21	15.69	-0.01	3	4707	卖盘
09:43:18	15.7	--	74	116180	卖盘
09:43:15	15.7	--	40	62800	卖盘
09:43:12	15.7	--	29	45530	卖盘
09:43:09	15.7	--	30	47100	卖盘
09:43:06	15.7	-0.02	93	146010	卖盘
09:43:03	15.72	0.02	10	15720	买盘
09:43:00	15.7	-0.01	392	615440	卖盘
09:42:57	15.71	-0.01	51	80121	卖盘
09:42:54	15.72	0.01	30	47160	买盘
09:42:51	15.71	--	130	204230	卖盘
09:42:48	15.71	-0.01	145	227795	卖盘
09:42:45	15.72	0.01	9	14148	买盘
09:42:42	15.71	-0.01	72	113112	卖盘
09:42:39	15.72	--	11	17292	买盘
09:42:36	15.72	--	41	64452	买盘
09:42:33	15.72	-0.01	66	103752	中性盘
09:42:30	15.73	0.01	306	481338	买盘
09:42:27	15.72	--	233	367800	卖盘
09:42:24	15.72	-0.01	35	55020	卖盘
09:42:21	15.73	0.01	240	377520	买盘
09:42:18	15.72	-0.01	74	116328	卖盘
09:42:15	15.73	--	92	144716	卖盘
09:42:12	15.73	--	86	135278	卖盘
09:42:09	15.73	--	11	17303	卖盘
09:42:03	15.73	--	20	31460	卖盘
09:42:00	15.73	0.01	44	69212	买盘
09:41:57	15.72	-0.01	82	128904	卖盘
09:41:54	15.73	--	43	67639	买盘
09:41:51	15.73	0.01	88	138424	买盘
09:41:48	15.72	-0.01	23	36156	卖盘
09:41:45	15.73	--	37	58201	买盘
09:41:42	15.73	0.01	47	73931	买盘
09:41:39	15.72	--	45	70787	买盘
09:41:36	15.72	--	96	150912	买盘
09:41:33	15.72	--	65	102180	买盘
09:41:30	15.72	0.01	21	33012	买盘
09:41:27	15.71	-0.01	46	72266	卖盘
09:41:24	15.72	0.01	61	95892	买盘
09:41:21	15.71	--	66	103686	买盘
09:41:18	15.71	0.01	136	213656	买盘
09:41:15	15.7	-0.01	135	211950	卖盘
09:41:12	15.71	--	52	81692	买盘
09:41:09	15.71	0.01	20	31420	买盘
09:41:06	15.7	--	10	15700	卖盘
09:41:03	15.7	--	37	58090	买盘
09:41:00	15.7	0.01	48	75360	买盘
09:40:57	15.69	-0.01	10	15690	卖盘
09:40:54	15.7	--	43	67510	卖盘
09:40:51	15.7	0.01	31	48670	买盘
09:40:48	15.69	--	54	84726	卖盘
09:40:45	15.69	-0.01	83	130227	卖盘
09:40:42	15.7	--	53	83210	买盘
09:40:39	15.7	0.01	29	45530	买盘
09:40:36	15.69	-0.01	43	67467	卖盘
09:40:33	15.7	0.01	7	10990	买盘
09:40:30	15.69	--	2	3138	卖盘
09:40:27	15.69	-0.01	8	12552	卖盘
09:40:24	15.7	0.01	126	197820	买盘
09:40:21	15.69	0.01	50	78450	买盘
09:40:18	15.68	-0.01	25	39200	卖盘
09:40:15	15.69	--	10	15690	买盘
09:40:12	15.69	--	42	65898	卖盘
09:40:09	15.69	0.01	11	17259	卖盘
09:40:03	15.68	-0.01	70	109760	卖盘
09:40:00	15.69	--	352	552288	买盘
09:39:57	15.69	0.01	15	23535	买盘
09:39:54	15.68	--	43	67424	卖盘
09:39:51	15.68	0.01	56	87808	买盘
09:39:48	15.67	-0.01	70	109690	卖盘
09:39:45	15.68	0.01	5	7840	买盘
09:39:42	15.67	--	28	43876	买盘
09:39:39	15.67	--	7	10969	买盘
09:39:36	15.67	--	10	15670	买盘
09:39:33	15.67	-0.01	40	62680	卖盘
09:39:30	15.68	0.02	10	15680	买盘
09:39:27	15.66	-0.01	75	117450	卖盘
09:39:21	15.67	0.01	13	20371	买盘
09:39:18	15.66	--	20	31320	卖盘
09:39:15	15.66	0.01	368	576288	中性盘
09:39:12	15.65	-0.02	32	50080	卖盘
09:39:09	15.67	0.01	109	170803	买盘
09:39:06	15.66	0.01	31	48546	买盘
09:39:03	15.65	-0.02	97	151805	卖盘
09:39:00	15.67	--	60	94020	买盘
09:38:57	15.67	--	6	9402	买盘
09:38:54	15.67	-0.01	8	12536	中性盘
09:38:51	15.68	--	17	26656	买盘
09:38:48	15.68	--	17	26656	买盘
09:38:45	15.68	--	17	26656	买盘
09:38:42	15.68	--	196	307328	买盘
09:38:39	15.68	--	41	64288	买盘
09:38:36	15.68	--	88	137984	买盘
09:38:33	15.68	--	5	7840	买盘
09:38:30	15.68	0.06	10	15680	中性盘
09:38:24	15.62	--	10	15620	卖盘
09:38:18	15.62	0.02	9	14058	买盘
09:38:15	15.6	-0.02	9	14040	中性盘
09:38:12	15.62	0.03	21	32802	买盘
09:38:09	15.59	-0.11	34	53006	卖盘
09:38:06	15.7	--	19	29830	卖盘
09:38:03	15.7	--	50	78500	卖盘
09:37:57	15.7	0.12	408	640560	买盘
09:37:54	15.58	--	52	81016	买盘
09:37:51	15.58	--	115	179170	卖盘
09:37:45	15.58	--	12	18696	卖盘
09:37:42	15.58	--	13	20254	卖盘
09:37:36	15.58	0.02	17	26486	买盘
09:37:33	15.56	-0.01	109	169604	卖盘
09:37:30	15.57	--	10	15570	卖盘
09:37:27	15.57	0.01	75	116775	买盘
09:37:24	15.56	--	62	96472	卖盘
09:37:21	15.56	--	25	38900	卖盘
09:37:18	15.56	--	11	17116	买盘
09:37:15	15.56	--	4	6224	买盘
09:37:12	15.56	--	15	23340	卖盘
09:37:09	15.56	--	42	65352	买盘
09:37:06	15.56	0.02	1	1556	买盘
09:37:03	15.54	-0.02	3	4662	卖盘
09:37:00	15.56	--	12	18672	买盘
09:36:57	15.56	0.01	11	17116	买盘
09:36:54	15.55	--	2	3110	买盘
09:36:51	15.55	--	148	230140	卖盘
09:36:48	15.55	--	10	15550	卖盘
09:36:45	15.55	-0.01	10	15550	卖盘
09:36:42	15.56	-0.01	2	3112	买盘
09:36:39	15.57	0.01	36	56052	买盘
09:36:33	15.56	-0.01	17	26452	卖盘
09:36:30	15.57	-0.01	13	20241	卖盘
09:36:27	15.58	--	13	20254	卖盘
09:36:24	15.58	--	117	182286	卖盘
09:36:21	15.58	--	67	104386	卖盘
09:36:18	15.58	--	1	1558	卖盘
09:36:15	15.58	-0.01	14	21812	卖盘
09:36:12	15.59	0.03	10	15590	买盘
09:36:03	15.56	-0.01	40	62240	卖盘
09:36:00	15.57	--	44	68508	买盘
09:35:57	15.57	0.01	105	163485	买盘
09:35:54	15.56	-0.01	3	4668	卖盘
09:35:51	15.57	0.01	30	46710	买盘
09:35:48	15.56	-0.01	20	31120	卖盘
09:35:45	15.57	0.01	7	10899	买盘
09:35:42	15.56	--	6	9336	卖盘
09:35:39	15.56	--	103	160268	卖盘
09:35:33	15.56	--	73	113588	卖盘
09:35:30	15.56	--	93	144708	买盘
09:35:24	15.56	--	192	298752	买盘
09:35:21	15.56	0.01	4	6224	买盘
09:35:15	15.55	--	10	15550	卖盘
09:35:12	15.55	0.01	78	121290	买盘
09:35:09	15.54	--	67	104118	卖盘
09:35:06	15.54	--	13	20202	卖盘
09:35:03	15.54	--	8	12432	卖盘
09:35:00	15.54	0.01	15	23310	买盘
09:34:57	15.53	--	60	93180	卖盘
09:34:51	15.53	--	18	27954	卖盘
09:34:48	15.53	--	3	4659	卖盘
09:34:45	15.53	0.01	292	453476	买盘
09:34:42	15.52	-0.01	18	27936	卖盘
09:34:39	15.53	-0.01	15	23295	买盘
09:34:33	15.54	0.01	10	15540	买盘
09:34:30	15.53	--	30	46590	买盘
09:34:27	15.53	--	23	35719	买盘
09:34:24	15.53	-0.01	126	195678	卖盘
09:34:21	15.54	--	15	23310	买盘
09:34:18	15.54	0.01	7	10878	买盘
09:34:15	15.53	-0.01	36	55908	卖盘
09:34:12	15.54	0.01	149	231546	买盘
09:34:06	15.53	--	156	242268	卖盘
09:34:03	15.53	0.01	11	17083	中性盘
09:34:00	15.52	-0.01	47	72944	卖盘
09:33:57	15.53	--	327	507831	买盘
09:33:54	15.53	0.01	5	7765	买盘
09:33:51	15.52	--	9	13968	卖盘
09:33:48	15.52	-0.02	95	147440	卖盘
09:33:45	15.54	--	14	21756	中性盘
09:33:42	15.54	0.01	560	870240	买盘
09:33:39	15.53	--	10	15530	卖盘
09:33:36	15.53	0.01	10	15530	卖盘
09:33:33	15.52	0.01	12	18624	中性盘
09:33:27	15.51	-0.01	241	373791	卖盘
09:33:24	15.52	-0.01	29	45008	卖盘
09:33:21	15.53	0.02	45	69885	买盘
09:33:18	15.51	-0.01	221	342771	卖盘
09:33:15	15.52	--	11	17072	买盘
09:33:12	15.52	-0.01	18	27936	中性盘
09:33:09	15.53	0.02	62	96286	买盘
09:33:06	15.51	-0.02	323	500973	卖盘
09:33:03	15.53	--	50	77650	买盘
09:33:00	15.53	-0.01	22	34166	卖盘
09:32:57	15.54	-0.01	302	469308	中性盘
09:32:54	15.55	0.02	16	24880	买盘
09:32:51	15.53	-0.02	112	173936	卖盘
09:32:48	15.55	--	21	32655	买盘
09:32:45	15.55	--	5	7775	买盘
09:32:42	15.55	--	30	46650	买盘
09:32:39	15.55	-0.01	194	302447	卖盘
09:32:36	15.56	0.01	6	9336	买盘
09:32:33	15.55	--	28	43540	卖盘
09:32:30	15.55	--	15	23325	卖盘
09:32:21	15.55	-0.01	39	60645	卖盘
09:32:18	15.56	--	19	29564	买盘
09:32:15	15.56	0.01	198	308866	买盘
09:32:12	15.55	--	62	96410	卖盘
09:32:09	15.55	-0.01	21	32655	卖盘
09:32:06	15.56	--	10	15560	买盘
09:32:03	15.56	--	185	287860	卖盘
09:32:00	15.56	--	10	15560	卖盘
09:31:57	15.56	--	1	1556	卖盘
09:31:54	15.56	--	158	245848	买盘
09:31:51	15.56	-0.01	53	82468	卖盘
09:31:48	15.57	--	63	98091	买盘
09:31:45	15.57	0.01	18	28026	买盘
09:31:42	15.56	--	30	46680	卖盘
09:31:39	15.56	-0.01	4	6224	卖盘
09:31:36	15.57	--	10	15570	买盘
09:31:33	15.57	0.01	20	31140	买盘
09:31:30	15.56	-0.01	204	317424	卖盘
09:31:27	15.57	--	54	84078	买盘
09:31:24	15.57	-0.01	46	71622	卖盘
09:31:21	15.58	--	6	9348	买盘
09:31:18	15.58	--	11	17138	买盘
09:31:15	15.58	0.01	21	32718	买盘
09:31:09	15.57	--	7	10899	卖盘
09:31:06	15.57	--	51	79407	卖盘
09:31:03	15.57	--	32	49824	买盘
09:31:00	15.57	--	11	17127	买盘
09:30:57	15.57	0.01	2	3114	买盘
09:30:54	15.56	--	64	99584	卖盘
09:30:51	15.56	-0.01	20	31120	卖盘
09:30:48	15.57	0.01	42	65394	买盘
09:30:45	15.56	-0.01	77	119812	卖盘
09:30:42	15.57	--	1	1557	买盘
09:30:39	15.57	0.01	17	26469	中性盘
09:30:36	15.56	-0.03	55	85580	卖盘
09:30:30	15.59	--	3	4677	买盘
09:30:27	15.59	0.01	8	12472	买盘
09:30:24	15.58	-0.01	10	15580	买盘
09:30:21	15.59	--	5	7795	买盘
09:30:18	15.59	--	10	15590	买盘
09:30:15	15.59	0.01	23	35857	买盘
09:30:12	15.58	-0.01	10	15580	卖盘
09:30:09	15.59	0.01	2	3118	买盘
09:30:06	15.58	-0.01	32	49856	中性盘
09:30:03	15.59	0.08	245	381955	买盘
09:30:00	15.51	--	0	0	卖盘
09:25:03	15.51	15.51	732	1136665	买盘
