成交时间	成交价	价格变动	成交量(手)	成交额(元)	性质
15:00:03	15.23	-0.01	1068	1626564	卖盘
14:57:00	15.24	0.01	19	28956	买盘
14:56:57	15.23	-0.01	56	85288	卖盘
14:56:54	15.24	--	15	22860	买盘
14:56:51	15.24	--	23	35052	买盘
14:56:48	15.24	--	31	47244	买盘
14:56:45	15.24	--	19	28956	卖盘
14:56:42	15.24	--	190	289560	卖盘
14:56:39	15.24	--	13	19812	卖盘
14:56:36	15.24	--	22	33528	卖盘
14:56:33	15.24	--	14	21336	卖盘
14:56:30	15.24	--	44	67056	卖盘
14:56:27	15.24	-0.01	30	45720	卖盘
14:56:24	15.25	0.01	19	28975	买盘
14:56:21	15.24	--	16	24384	买盘
14:56:18	15.24	-0.01	60	91440	中性盘
14:56:15	15.25	0.02	8	12200	买盘
14:56:12	15.23	-0.01	20	30460	卖盘
14:56:09	15.24	-0.01	70	106680	卖盘
14:56:06	15.25	0.01	38	57950	买盘
14:56:03	15.24	--	154	234696	买盘
14:56:00	15.24	--	13	19812	买盘
14:55:57	15.24	0.01	115	175260	买盘
14:55:54	15.23	-0.01	311	473653	卖盘
14:55:51	15.24	0.01	15	22860	买盘
14:55:48	15.23	--	86	130978	买盘
14:55:45	15.23	--	93	141639	买盘
14:55:42	15.23	--	168	255864	买盘
14:55:39	15.23	0.01	33	50259	买盘
14:55:36	15.22	--	60	91320	卖盘
14:55:33	15.22	--	13	19786	中性盘
14:55:30	15.22	-0.01	89	135458	中性盘
14:55:27	15.23	--	91	138593	买盘
14:55:24	15.23	0.02	2	3046	买盘
14:55:21	15.21	-0.01	100	152100	卖盘
14:55:18	15.22	--	67	101974	卖盘
14:55:15	15.22	0.01	43	65446	买盘
14:55:12	15.21	-0.01	7	10647	卖盘
14:55:06	15.22	0.01	63	95886	买盘
14:55:03	15.21	--	87	132327	卖盘
14:54:57	15.21	0.01	138	209898	买盘
14:54:54	15.2	-0.01	10	15200	卖盘
14:54:51	15.21	0.01	7	10647	买盘
14:54:48	15.2	--	5	7600	卖盘
14:54:45	15.2	--	32	48640	卖盘
14:54:42	15.2	--	409	621680	买盘
14:54:39	15.2	--	98	148960	买盘
14:54:36	15.2	--	32	48640	买盘
14:54:33	15.2	--	86	130720	买盘
14:54:30	15.2	0.01	38	57760	买盘
14:54:24	15.19	--	5	7595	卖盘
14:54:21	15.19	--	8	12152	卖盘
14:54:18	15.19	--	13	19747	买盘
14:54:15	15.19	0.01	68	103292	买盘
14:54:12	15.18	-0.01	98	148764	卖盘
14:54:09	15.19	--	74	112406	买盘
14:54:06	15.19	0.01	39	59241	买盘
14:53:54	15.18	--	15	22770	卖盘
14:53:48	15.18	--	11	16698	卖盘
14:53:45	15.18	--	8	12144	卖盘
14:53:42	15.18	--	4	6072	卖盘
14:53:39	15.18	0.01	166	251988	买盘
14:53:36	15.17	--	122	185074	卖盘
14:53:33	15.17	--	8	12136	卖盘
14:53:30	15.17	0.01	6	9102	卖盘
14:53:27	15.16	-0.01	20	30320	卖盘
14:53:24	15.17	--	108	163836	买盘
14:53:21	15.17	--	53	80401	买盘
14:53:18	15.17	--	4	6068	买盘
14:53:15	15.17	--	18	27306	买盘
14:53:06	15.17	--	1	1517	买盘
14:53:03	15.17	--	200	303400	买盘
14:53:00	15.17	--	43	65231	买盘
14:52:57	15.17	0.01	18	27306	买盘
14:52:54	15.16	-0.01	2	3032	卖盘
14:52:51	15.17	0.01	10	15170	买盘
14:52:48	15.16	-0.01	5	7580	卖盘
14:52:45	15.17	0.01	30	45510	买盘
14:52:33	15.16	--	106	160696	卖盘
14:52:30	15.16	--	54	81864	买盘
14:52:24	15.16	0.01	189	286524	买盘
14:52:21	15.15	-0.01	2	3030	卖盘
14:52:18	15.16	0.01	382	579112	买盘
14:52:09	15.15	0.01	263	398445	买盘
14:52:03	15.14	-0.01	2	3028	卖盘
14:52:00	15.15	0.01	3	4545	买盘
14:51:51	15.14	-0.01	69	104466	卖盘
14:51:48	15.15	0.01	1	1515	买盘
14:51:45	15.14	-0.01	10	15140	卖盘
14:51:42	15.15	--	34	51510	买盘
14:51:36	15.15	0.01	111	168165	买盘
14:51:33	15.14	--	17	25738	卖盘
14:51:30	15.14	--	3	4542	卖盘
14:51:24	15.14	--	45	68130	卖盘
14:51:21	15.14	--	373	564722	卖盘
14:51:18	15.14	--	31	46934	卖盘
14:51:03	15.14	--	15	22710	卖盘
14:50:36	15.14	-0.01	4	6056	卖盘
14:50:27	15.15	--	1	1515	买盘
14:50:21	15.15	--	10	15150	买盘
14:50:18	15.15	--	30	45450	买盘
14:50:03	15.15	0.01	62	93930	买盘
14:49:57	15.14	-0.01	50	75700	卖盘
14:49:54	15.15	--	2	3030	买盘
14:49:48	15.15	--	10	15150	买盘
14:49:42	15.15	--	96	145440	买盘
14:49:39	15.15	0.01	2	3030	买盘
14:49:36	15.14	--	21	31794	卖盘
14:49:33	15.14	-0.01	2	3028	卖盘
14:49:24	15.15	--	24	36360	买盘
14:49:18	15.15	0.01	7	10605	买盘
14:49:09	15.14	--	18	27252	卖盘
14:48:57	15.14	--	4	6056	卖盘
14:48:51	15.14	--	18	27252	卖盘
14:48:48	15.14	--	6	9084	卖盘
14:48:42	15.14	--	1	1514	买盘
14:48:30	15.14	--	1	1514	买盘
14:48:24	15.14	--	8	12112	买盘
14:48:21	15.14	--	5	7570	买盘
14:48:12	15.14	-0.01	28	42392	卖盘
14:48:03	15.15	0.01	12	18180	买盘
14:47:54	15.14	-0.01	20	30280	卖盘
14:47:51	15.15	--	20	30300	买盘
14:47:48	15.15	0.01	56	84840	买盘
14:47:42	15.14	--	20	30280	卖盘
14:47:39	15.14	--	2	3028	卖盘
14:47:36	15.14	--	8	12112	卖盘
14:47:27	15.14	--	7	10598	买盘
14:47:21	15.14	--	22	33308	买盘
14:47:12	15.14	0.01	19	28766	买盘
14:47:03	15.13	-0.01	5	7565	卖盘
14:46:54	15.14	--	39	59712	买盘
14:46:48	15.14	--	9	13626	买盘
14:46:42	15.14	--	16	24224	卖盘
14:46:39	15.14	-0.01	27	40878	卖盘
14:46:33	15.15	0.01	3	4545	买盘
14:46:24	15.14	0.01	53	80242	买盘
14:46:21	15.13	--	6	9078	卖盘
14:46:15	15.13	--	15	22695	卖盘
14:46:09	15.13	--	8	12104	卖盘
14:46:06	15.13	-0.01	5	7565	卖盘
14:46:03	15.14	--	2	3028	买盘
14:46:00	15.14	--	2	3028	买盘
14:45:57	15.14	--	50	75700	买盘
14:45:48	15.14	--	3	4542	买盘
14:45:45	15.14	--	2	3028	买盘
14:45:39	15.14	-0.01	22	33308	卖盘
14:45:36	15.15	--	20	30300	买盘
14:45:33	15.15	0.01	4	6060	买盘
14:45:30	15.14	--	6	9084	卖盘
14:45:27	15.14	--	40	60560	卖盘
14:45:24	15.14	0.01	10	15140	卖盘
14:45:15	15.13	-0.01	40	60520	卖盘
14:45:12	15.14	--	21	31794	买盘
14:45:09	15.14	0.01	71	107494	买盘
14:45:06	15.13	-0.01	5	7565	卖盘
14:45:03	15.14	--	13	19682	买盘
14:44:57	15.14	--	16	24224	买盘
14:44:51	15.14	0.01	20	30280	买盘
14:44:45	15.13	-0.01	1	1513	卖盘
14:44:39	15.14	--	20	30280	买盘
14:44:36	15.14	0.01	5	7570	买盘
14:44:30	15.13	--	1	1513	卖盘
14:44:09	15.13	--	8	12104	卖盘
14:43:51	15.13	-0.01	5	7565	卖盘
14:43:48	15.14	--	10	15140	买盘
14:43:36	15.14	0.01	9	13626	买盘
14:43:33	15.13	--	46	69598	卖盘
14:43:30	15.13	--	10	15130	卖盘
14:43:24	15.13	--	2	3026	卖盘
14:43:09	15.13	--	27	40851	买盘
14:43:06	15.13	--	7	10591	买盘
14:43:00	15.13	0.01	3	4539	买盘
14:42:57	15.12	-0.01	5	7560	卖盘
14:42:54	15.13	--	2	3026	卖盘
14:42:51	15.13	--	3	4539	买盘
14:42:48	15.13	--	36	54468	买盘
14:42:42	15.13	--	5	7565	买盘
14:42:36	15.13	--	2	3026	买盘
14:42:30	15.13	--	1	1513	买盘
14:42:21	15.13	--	2	3026	买盘
14:42:18	15.13	--	50	75650	买盘
14:42:15	15.13	0.01	20	30260	买盘
14:42:09	15.12	-0.01	10	15120	卖盘
14:42:00	15.13	--	4	6052	买盘
14:41:57	15.13	--	10	15130	买盘
14:41:51	15.13	-0.01	7	10591	买盘
14:41:45	15.14	0.01	100	151400	买盘
14:41:33	15.13	--	6	9078	卖盘
14:41:24	15.13	--	14	21182	买盘
14:41:21	15.13	0.01	4	6052	买盘
14:41:15	15.12	-0.01	2	3024	卖盘
14:41:12	15.13	0.01	70	105910	买盘
14:41:06	15.12	--	36	54432	卖盘
14:41:00	15.12	--	15	22680	卖盘
14:40:57	15.12	--	30	45360	卖盘
14:40:45	15.12	--	2	3024	卖盘
14:40:42	15.12	--	7	10584	卖盘
14:40:39	15.12	--	32	48384	卖盘
14:40:33	15.12	--	10	15120	卖盘
14:40:30	15.12	--	110	166320	卖盘
14:40:27	15.12	-0.01	2	3024	卖盘
14:40:24	15.13	--	1	1513	买盘
14:40:15	15.13	--	40	60520	买盘
14:39:54	15.13	0.01	1	1513	买盘
14:39:45	15.12	--	5	7560	买盘
14:39:42	15.12	--	5	7560	卖盘
14:39:33	15.12	--	17	25704	卖盘
14:39:30	15.12	0.01	12	18144	中性盘
14:39:24	15.11	-0.01	10	15110	卖盘
14:39:21	15.12	-0.01	61	92232	卖盘
14:39:15	15.13	--	5	7565	买盘
14:39:12	15.13	0.01	3	4539	买盘
14:39:09	15.12	--	8	12096	卖盘
14:39:03	15.12	--	1	1512	卖盘
14:38:45	15.12	--	5	7560	卖盘
14:38:42	15.12	-0.01	5	7560	卖盘
14:38:39	15.13	0.01	10	15130	买盘
14:38:30	15.12	--	101	152712	卖盘
14:38:24	15.12	-0.01	12	18144	卖盘
14:38:15	15.13	0.01	2	3026	买盘
14:38:12	15.12	--	34	52254	卖盘
14:38:09	15.12	-0.01	9	13608	卖盘
14:38:03	15.13	--	20	30260	买盘
14:37:54	15.13	--	2	3026	买盘
14:37:51	15.13	--	21	31773	买盘
14:37:33	15.13	--	5	7565	买盘
14:37:24	15.13	--	3	4539	买盘
14:37:21	15.13	0.01	10	15130	买盘
14:37:09	15.12	--	29	43848	卖盘
14:37:03	15.12	--	10	15120	卖盘
14:36:42	15.12	--	4	6048	卖盘
14:36:39	15.12	--	14	21168	卖盘
14:36:36	15.12	0.01	20	30240	买盘
14:36:33	15.11	-0.01	17	25687	卖盘
14:36:30	15.12	--	5	7560	买盘
14:36:27	15.12	--	10	15120	买盘
14:36:21	15.12	--	41	61992	卖盘
14:36:15	15.12	--	50	75600	卖盘
14:36:12	15.12	--	11	16632	卖盘
14:36:00	15.12	-0.01	37	55944	卖盘
14:35:57	15.13	--	10	15130	买盘
14:35:54	15.13	--	8	12104	买盘
14:35:45	15.13	0.01	1	1513	买盘
14:35:39	15.12	-0.01	5	7560	卖盘
14:35:30	15.13	0.01	42	63546	买盘
14:35:24	15.12	--	12	18144	卖盘
14:35:15	15.12	-0.01	10	15120	卖盘
14:35:06	15.13	0.01	15	22695	买盘
14:35:03	15.12	--	17	25704	卖盘
14:34:51	15.12	--	20	30240	卖盘
14:34:48	15.12	--	2	3024	卖盘
14:34:45	15.12	--	2	3024	卖盘
14:34:42	15.12	--	54	81648	买盘
14:34:39	15.12	0.01	32	48384	买盘
14:34:36	15.11	--	22	33242	卖盘
14:34:21	15.11	--	38	57418	卖盘
14:34:15	15.11	--	20	30220	卖盘
14:34:09	15.11	--	1	1511	卖盘
14:34:03	15.11	--	5	7555	卖盘
14:34:00	15.11	--	40	60440	卖盘
14:33:54	15.11	--	1	1511	卖盘
14:33:45	15.11	--	105	158655	卖盘
14:33:39	15.11	--	211	318821	卖盘
14:33:33	15.11	--	4	6044	卖盘
14:33:24	15.11	-0.01	4	6044	卖盘
14:33:15	15.12	--	20	30240	买盘
14:33:12	15.12	--	1	1512	买盘
14:33:06	15.12	0.01	3	4536	买盘
14:33:00	15.11	--	1	1511	卖盘
14:32:54	15.11	--	5	7555	卖盘
14:32:51	15.11	--	2	3022	卖盘
14:32:45	15.11	-0.01	20	30220	卖盘
14:32:27	15.12	--	5	7560	买盘
14:32:18	15.12	--	7	10584	买盘
14:32:12	15.12	0.01	100	151200	买盘
14:32:06	15.11	-0.01	21	31731	卖盘
14:31:51	15.12	0.01	16	24192	买盘
14:31:33	15.11	-0.01	91	137501	卖盘
14:31:21	15.12	--	2	3024	买盘
14:31:12	15.12	--	20	30240	买盘
14:31:06	15.12	0.01	2	3024	买盘
14:31:03	15.11	-0.01	8	12088	卖盘
14:30:51	15.12	--	30	45360	卖盘
14:30:42	15.12	--	41	61992	卖盘
14:30:39	15.12	--	85	128520	卖盘
14:30:36	15.12	--	15	22680	卖盘
14:30:27	15.12	--	101	152712	卖盘
14:30:24	15.12	--	50	75600	卖盘
14:30:06	15.12	-0.01	6	9072	卖盘
14:30:03	15.13	--	325	491725	卖盘
14:29:57	15.13	-0.01	5	7565	卖盘
14:29:51	15.14	0.01	2	3028	买盘
14:29:48	15.13	-0.01	30	45390	卖盘
14:29:45	15.14	--	9	13626	买盘
14:29:39	15.14	--	3	4542	买盘
14:29:33	15.14	0.01	8	12112	买盘
14:29:30	15.13	-0.01	3	4539	卖盘
14:29:21	15.14	--	10	15140	买盘
14:29:12	15.14	--	5	7570	买盘
14:29:09	15.14	--	2	3028	买盘
14:29:06	15.14	--	27	40878	买盘
14:28:57	15.14	--	100	151400	买盘
14:28:51	15.14	--	8	12112	买盘
14:28:24	15.14	--	8	12112	买盘
14:28:21	15.14	--	14	21196	卖盘
14:28:18	15.14	--	12	18168	卖盘
14:28:06	15.14	--	1	1514	卖盘
14:28:03	15.14	-0.01	10	15140	卖盘
14:28:00	15.15	0.01	1	1515	买盘
14:27:42	15.14	--	5	7570	卖盘
14:27:36	15.14	0.01	20	30280	卖盘
14:27:33	15.13	-0.02	200	302600	卖盘
14:27:21	15.15	--	42	63630	卖盘
14:27:12	15.15	--	8	12120	卖盘
14:27:09	15.15	--	20	30300	卖盘
14:26:57	15.15	-0.01	200	303000	卖盘
14:26:42	15.16	--	2	3032	买盘
14:26:30	15.16	--	15	22740	买盘
14:26:24	15.16	0.01	110	166760	买盘
14:26:21	15.15	--	5	7575	卖盘
14:26:18	15.15	--	1	1515	卖盘
14:26:09	15.15	--	1	1515	卖盘
14:25:54	15.15	--	3	4545	卖盘
14:25:48	15.15	0.01	179	271185	买盘
14:25:45	15.14	--	7	10598	卖盘
14:25:36	15.14	--	2	3028	卖盘
14:25:33	15.14	--	5	7570	卖盘
14:25:21	15.14	0.01	108	163512	买盘
14:25:03	15.13	--	14	21182	卖盘
14:24:57	15.13	--	4	6052	卖盘
14:24:51	15.13	--	13	19669	卖盘
14:24:48	15.13	-0.01	53	80189	卖盘
14:24:42	15.14	--	40	60560	买盘
14:24:36	15.14	--	30	45420	买盘
14:24:33	15.14	--	16	24224	买盘
14:24:30	15.14	--	5	7570	买盘
14:24:27	15.14	--	2	3028	买盘
14:24:03	15.14	0.01	50	75700	买盘
14:23:57	15.13	-0.01	5	7565	卖盘
14:23:51	15.14	0.01	10	15140	买盘
14:23:39	15.13	-0.01	1	1513	卖盘
14:23:36	15.14	--	6	9084	买盘
14:23:33	15.14	--	4	6056	买盘
14:23:27	15.14	--	1	1514	买盘
14:23:21	15.14	--	2	3028	买盘
14:23:12	15.14	0.01	41	62074	买盘
14:23:09	15.13	-0.01	4	6052	卖盘
14:23:06	15.14	--	13	19682	买盘
14:23:03	15.14	--	5	7570	买盘
14:22:54	15.14	--	29	43906	买盘
14:22:39	15.14	-0.01	268	405752	卖盘
14:22:36	15.15	--	5	7575	卖盘
14:22:30	15.15	--	13	19695	买盘
14:22:27	15.15	--	21	31815	买盘
14:22:12	15.15	--	13	19695	买盘
14:22:03	15.15	--	54	81810	卖盘
14:21:54	15.15	-0.01	100	151500	卖盘
14:21:48	15.16	0.01	20	30320	买盘
14:21:45	15.15	-0.01	120	181800	卖盘
14:21:30	15.16	--	10	15160	买盘
14:21:27	15.16	--	13	19708	买盘
14:21:24	15.16	--	15	22740	买盘
14:21:15	15.16	--	27	40932	卖盘
14:21:09	15.16	--	34	51544	卖盘
14:20:57	15.16	--	17	25772	卖盘
14:20:54	15.16	--	11	16676	卖盘
14:20:33	15.16	--	10	15160	卖盘
14:20:27	15.16	--	2	3032	卖盘
14:20:18	15.16	--	1	1516	买盘
14:20:15	15.16	-0.01	16	24256	中性盘
14:19:42	15.17	0.01	3	4551	买盘
14:19:36	15.16	-0.01	4	6064	卖盘
14:19:33	15.17	--	10	15170	买盘
14:19:24	15.17	0.01	5	7585	买盘
14:19:21	15.16	--	10	15160	卖盘
14:19:00	15.16	--	29	43964	卖盘
14:18:57	15.16	--	20	30320	买盘
14:18:54	15.16	--	30	45480	买盘
14:18:51	15.16	--	5	7580	买盘
14:18:45	15.16	--	24	36384	买盘
14:18:36	15.16	--	20	30320	买盘
14:18:33	15.16	--	10	15160	买盘
14:18:30	15.16	--	5	7580	买盘
14:18:24	15.16	--	20	30320	买盘
14:18:21	15.16	--	51	77316	买盘
14:18:09	15.16	0.01	6	9096	买盘
14:18:03	15.15	0.01	20	30300	买盘
14:17:42	15.14	-0.01	4	6056	卖盘
14:17:36	15.15	--	7	10605	买盘
14:17:30	15.15	--	31	46965	买盘
14:17:24	15.15	--	105	159075	买盘
14:17:18	15.15	--	57	86355	买盘
14:17:12	15.15	0.01	10	15150	买盘
14:17:03	15.14	-0.01	5	7570	卖盘
14:17:00	15.15	0.01	200	303000	买盘
14:16:30	15.14	--	3	4542	买盘
14:16:24	15.14	--	10	15140	买盘
14:16:21	15.14	--	4	6056	买盘
14:16:09	15.14	-0.01	23	34822	卖盘
14:16:06	15.15	--	3	4545	买盘
14:16:03	15.15	0.01	5	7575	买盘
14:16:00	15.14	--	20	30280	卖盘
14:15:48	15.14	--	20	30280	中性盘
14:15:09	15.14	--	4	6056	卖盘
14:15:03	15.14	--	1	1514	买盘
14:15:00	15.14	--	10	15140	买盘
14:14:51	15.14	--	69	104466	买盘
14:14:45	15.14	0.01	3	4542	买盘
14:14:27	15.13	-0.01	10	15130	卖盘
14:14:18	15.14	--	19	28766	买盘
14:14:06	15.14	--	10	15140	买盘
14:14:00	15.14	--	20	30280	买盘
14:13:54	15.14	--	16	24224	买盘
14:13:51	15.14	--	39	59046	卖盘
14:13:39	15.14	--	3	4542	卖盘
14:13:36	15.14	--	2	3028	卖盘
14:13:27	15.14	--	80	121120	卖盘
14:13:18	15.14	--	121	183194	卖盘
14:13:15	15.14	--	25	37850	卖盘
14:13:09	15.14	--	5	7570	卖盘
14:12:57	15.14	--	86	130204	买盘
14:12:48	15.14	--	4	6056	买盘
14:12:45	15.14	--	25	37850	中性盘
14:12:33	15.14	--	18	27252	卖盘
14:12:24	15.14	--	3	4542	卖盘
14:12:21	15.14	--	78	118092	中性盘
14:12:12	15.14	--	2	3028	买盘
14:12:09	15.14	--	3	4542	卖盘
14:12:06	15.14	--	12	18168	买盘
14:12:00	15.14	--	30	45420	买盘
14:11:57	15.14	0.01	3	4542	买盘
14:11:54	15.13	-0.01	6	9078	卖盘
14:11:39	15.14	--	15	22710	买盘
14:11:27	15.14	--	1	1514	买盘
14:11:18	15.14	--	16	24224	买盘
14:11:15	15.14	--	10	15140	买盘
14:11:00	15.14	--	2	3028	买盘
14:10:57	15.14	--	100	151400	买盘
14:10:54	15.14	0.02	26	39364	买盘
14:10:18	15.12	--	4	6048	卖盘
14:09:51	15.12	0.01	14	21833	买盘
14:09:48	15.11	-0.01	3	4533	卖盘
14:09:39	15.12	--	38	57456	买盘
14:09:30	15.12	--	18	27216	买盘
14:09:12	15.12	0.01	41	61992	买盘
14:09:06	15.11	--	4	7116	买盘
14:09:03	15.11	0.01	14	21154	买盘
14:09:00	15.1	-0.01	2	3020	卖盘
14:08:57	15.11	--	10	15110	买盘
14:08:54	15.11	--	3	4533	买盘
14:08:51	15.11	--	2	3022	买盘
14:08:45	15.11	0.01	30	45330	买盘
14:08:36	15.1	--	60	90600	卖盘
14:08:33	15.1	--	6	9060	卖盘
14:08:18	15.1	-0.01	18	27180	卖盘
14:08:15	15.11	--	4	6044	买盘
14:08:12	15.11	--	10	15110	买盘
14:08:06	15.11	--	20	30220	买盘
14:07:57	15.11	--	40	60440	卖盘
14:07:39	15.11	0.01	7	10577	中性盘
14:07:24	15.1	-0.02	124	187240	卖盘
14:07:21	15.12	0.01	7	10584	买盘
14:07:12	15.11	-0.01	2	3022	卖盘
14:07:00	15.12	--	7	10584	买盘
14:06:57	15.12	0.01	18	27216	买盘
14:06:54	15.11	--	40	60440	卖盘
14:06:36	15.11	-0.01	21	31731	卖盘
14:06:33	15.12	0.01	20	30240	买盘
14:06:27	15.11	--	33	49863	卖盘
14:06:18	15.11	-0.01	2	3022	卖盘
14:06:15	15.12	--	52	79470	卖盘
14:06:09	15.12	--	10	15120	卖盘
14:06:06	15.12	-0.01	19	28728	卖盘
14:06:03	15.13	--	1	1513	买盘
14:06:00	15.13	--	6	9078	买盘
14:05:57	15.13	0.01	20	30260	买盘
14:05:51	15.12	-0.01	122	184464	卖盘
14:05:36	15.13	--	50	75650	买盘
14:05:30	15.13	--	15	22695	买盘
14:05:24	15.13	--	5	7565	买盘
14:05:15	15.13	--	10	15130	中性盘
14:05:00	15.13	--	2	3026	卖盘
14:04:57	15.13	-0.01	10	15130	卖盘
14:04:36	15.14	0.01	49	74186	买盘
14:04:30	15.13	--	1	1513	买盘
14:04:27	15.13	--	9	13617	卖盘
14:04:21	15.13	--	8	12104	卖盘
14:04:15	15.13	--	14	21182	卖盘
14:04:09	15.13	--	4	6052	卖盘
14:04:06	15.13	0.01	5	7565	中性盘
14:03:39	15.12	-0.02	68	102816	卖盘
14:03:24	15.14	0.01	3	4542	买盘
14:02:33	15.13	-0.01	16	24208	卖盘
14:02:30	15.14	--	2	3028	买盘
14:02:27	15.14	--	26	39364	卖盘
14:02:24	15.14	-0.01	8	12112	卖盘
14:02:12	15.15	-0.01	76	115140	卖盘
14:02:06	15.16	0.01	93	140988	买盘
14:01:57	15.15	--	106	160590	卖盘
14:01:45	15.15	--	150	227250	卖盘
14:01:39	15.15	--	2	3030	卖盘
14:01:36	15.15	--	10	15150	卖盘
14:01:33	15.15	--	16	24240	卖盘
14:01:27	15.15	--	130	196950	卖盘
14:01:21	15.15	--	3	4545	卖盘
14:01:18	15.15	-0.01	20	30300	卖盘
14:01:15	15.16	0.01	1	1516	买盘
14:01:12	15.15	--	100	151500	卖盘
14:01:06	15.15	--	2	3030	卖盘
14:01:03	15.15	--	10	15150	卖盘
14:00:57	15.15	-0.01	15	22725	卖盘
14:00:51	15.16	--	79	119764	买盘
14:00:48	15.16	--	1	1516	买盘
14:00:45	15.16	0.01	10	15160	买盘
14:00:42	15.15	--	16	24240	卖盘
14:00:39	15.15	--	7	10605	卖盘
14:00:36	15.15	-0.01	100	151500	卖盘
14:00:30	15.16	0.01	18	27288	买盘
14:00:24	15.15	--	3	4545	卖盘
14:00:21	15.15	--	37	56055	卖盘
14:00:18	15.15	--	15	22725	卖盘
14:00:15	15.15	-0.01	20	30300	卖盘
14:00:00	15.16	--	8	12128	买盘
13:59:57	15.16	--	5	7580	买盘
13:59:48	15.16	0.01	3	4548	买盘
13:59:42	15.15	-0.01	18	27270	卖盘
13:59:39	15.16	--	10	15160	买盘
13:59:36	15.16	0.01	15	22740	买盘
13:59:30	15.15	-0.01	16	24240	卖盘
13:59:21	15.16	--	3	4548	卖盘
13:59:18	15.16	-0.01	1	1516	卖盘
13:59:12	15.17	0.01	28	42476	买盘
13:59:03	15.16	--	14	21224	卖盘
13:59:00	15.16	--	202	306232	买盘
13:58:54	15.16	0.01	10	15160	买盘
13:58:36	15.15	-0.01	20	30300	卖盘
13:58:33	15.16	0.01	33	50028	买盘
13:58:27	15.15	--	46	69690	卖盘
13:58:21	15.15	--	27	40905	卖盘
13:58:18	15.15	--	3	4545	卖盘
13:58:15	15.15	--	10	15150	卖盘
13:57:36	15.15	--	6	9090	卖盘
13:57:33	15.15	-0.01	109	165135	卖盘
13:57:27	15.16	0.01	2	3032	买盘
13:57:21	15.15	-0.01	10	15150	卖盘
13:57:12	15.16	0.01	3	4548	买盘
13:56:48	15.15	-0.01	5	7575	卖盘
13:56:30	15.16	--	6	9096	买盘
13:56:27	15.16	0.01	1	1516	买盘
13:56:21	15.15	--	92	139380	卖盘
13:56:12	15.15	-0.01	16	24240	卖盘
13:56:06	15.16	--	9	13644	买盘
13:56:03	15.16	--	27	40932	买盘
13:55:42	15.16	0.01	8	12128	买盘
13:55:36	15.15	--	2	3030	卖盘
13:55:33	15.15	-0.01	4	6060	卖盘
13:55:21	15.16	--	1	1516	买盘
13:55:18	15.16	--	3	4548	买盘
13:55:15	15.16	0.01	4	6064	买盘
13:55:03	15.15	-0.01	2	3030	卖盘
13:54:42	15.16	--	20	30320	买盘
13:54:39	15.16	--	19	28804	卖盘
13:54:36	15.16	--	1	1516	卖盘
13:54:33	15.16	0.01	30	45480	买盘
13:54:18	15.15	--	18	27270	卖盘
13:54:12	15.15	--	14	21210	卖盘
13:54:03	15.15	--	4	6060	卖盘
13:54:00	15.15	--	10	15150	卖盘
13:53:42	15.15	--	16	24240	卖盘
13:53:30	15.15	-0.01	31	46965	卖盘
13:53:24	15.16	--	5	7580	中性盘
13:53:12	15.16	--	19	28804	卖盘
13:53:09	15.16	-0.01	50	75800	卖盘
13:53:06	15.17	0.01	6	9102	买盘
13:53:00	15.16	-0.01	1	1516	卖盘
13:52:39	15.17	0.01	16	24272	买盘
13:52:27	15.16	--	35	53060	买盘
13:52:24	15.16	--	6	9096	买盘
13:52:21	15.16	--	20	30320	买盘
13:52:12	15.16	-0.01	13	19708	中性盘
13:51:51	15.17	0.01	56	84952	买盘
13:51:48	15.16	-0.01	3	4548	中性盘
13:51:39	15.17	-0.01	22	33374	卖盘
13:51:36	15.18	0.03	15	22770	买盘
13:51:33	15.15	-0.02	190	287850	卖盘
13:51:21	15.17	--	10	15170	卖盘
13:51:18	15.17	--	3	4551	买盘
13:51:15	15.17	--	8	12136	买盘
13:51:06	15.17	0.02	30	45510	买盘
13:51:03	15.15	-0.02	16	24240	卖盘
13:50:57	15.17	0.01	72	109224	买盘
13:50:51	15.16	0.01	90	136440	买盘
13:50:33	15.15	-0.01	10	15150	卖盘
13:50:21	15.16	--	1	1516	买盘
13:50:03	15.16	--	5	7580	买盘
13:49:54	15.16	--	1	1516	买盘
13:49:48	15.16	0.02	61	92476	买盘
13:49:45	15.14	-0.02	16	24224	卖盘
13:49:33	15.16	0.01	92	139472	买盘
13:49:18	15.15	0.01	10	15150	买盘
13:49:06	15.14	--	10	15140	卖盘
13:49:00	15.14	--	2	3028	卖盘
13:48:54	15.14	0.01	59	89326	买盘
13:48:51	15.13	--	10	15130	卖盘
13:48:48	15.13	--	15	22695	卖盘
13:48:42	15.13	--	8	12104	卖盘
13:48:36	15.13	0.01	1	1513	中性盘
13:48:09	15.12	--	8	12096	卖盘
13:48:03	15.12	-0.01	20	30240	卖盘
13:48:00	15.13	0.01	22	33286	买盘
13:47:57	15.12	--	10	15120	卖盘
13:47:54	15.12	--	2	3024	卖盘
13:47:51	15.12	--	109	164808	卖盘
13:47:48	15.12	-0.01	110	166320	卖盘
13:47:42	15.13	-0.01	63	95319	卖盘
13:47:12	15.14	-0.01	8	12112	中性盘
13:46:33	15.15	0.02	50	75750	买盘
13:46:27	15.13	--	10	15130	买盘
13:46:21	15.13	--	80	121040	买盘
13:46:12	15.13	-0.02	87	131631	卖盘
13:46:09	15.15	0.01	21	31815	买盘
13:46:06	15.14	--	14	21196	买盘
13:45:42	15.14	-0.01	4	6056	卖盘
13:45:39	15.15	0.02	20	30300	买盘
13:45:21	15.13	--	23	34799	卖盘
13:44:57	15.13	-0.02	2	3026	中性盘
13:44:45	15.15	0.03	15	22725	买盘
13:44:39	15.12	-0.01	58	87696	卖盘
13:44:18	15.13	--	6	9078	卖盘
13:44:15	15.13	--	8	12104	买盘
13:44:09	15.13	0.01	2	3026	中性盘
13:44:03	15.12	-0.01	12	18144	卖盘
13:44:00	15.13	--	2	3026	卖盘
13:43:57	15.13	--	12	18821	买盘
13:43:42	15.13	--	1	1513	买盘
13:43:39	15.13	--	2	3873	卖盘
13:43:27	15.13	--	26	39338	卖盘
13:43:18	15.13	-0.01	7	10591	卖盘
13:42:57	15.14	--	2	3028	买盘
13:42:51	15.14	0.01	1	1514	买盘
13:42:45	15.13	-0.02	4	6052	卖盘
13:42:30	15.15	0.02	3	4545	买盘
13:42:21	15.13	--	196	297213	卖盘
13:42:18	15.13	--	9	13617	卖盘
13:42:09	15.13	--	10	15130	卖盘
13:42:06	15.13	-0.02	44	66572	卖盘
13:41:51	15.15	--	5	7575	买盘
13:41:39	15.15	--	5	7575	买盘
13:41:33	15.15	0.02	1	1515	买盘
13:41:30	15.13	-0.02	82	124066	卖盘
13:41:27	15.15	-0.01	15	22725	卖盘
13:41:24	15.16	0.01	96	145536	买盘
13:41:15	15.15	--	4	6060	卖盘
13:41:00	15.15	0.02	9	13635	买盘
13:40:57	15.13	--	30	45390	卖盘
13:40:45	15.13	--	26	39338	卖盘
13:40:42	15.13	--	1	1513	卖盘
13:40:30	15.13	--	23	34799	卖盘
13:40:24	15.13	--	2	3026	卖盘
13:40:21	15.13	-0.02	1	1513	卖盘
13:40:15	15.15	0.02	1	1515	买盘
13:40:09	15.13	0.03	24	36312	中性盘
13:39:42	15.1	-0.06	18	27180	卖盘
13:39:36	15.16	0.06	200	303200	买盘
13:39:24	15.1	--	1	1510	买盘
13:39:21	15.1	--	5	7550	买盘
13:39:12	15.1	-0.03	18	27180	卖盘
13:39:09	15.13	--	2	3026	买盘
13:39:06	15.13	0.03	1	1513	买盘
13:39:03	15.1	-0.03	14	21140	中性盘
13:38:57	15.13	--	2	3026	买盘
13:38:30	15.13	0.04	3	4539	买盘
13:38:27	15.09	--	5	7545	卖盘
13:38:24	15.09	--	5	7545	卖盘
13:38:18	15.09	0.01	87	131283	买盘
13:38:15	15.08	-0.01	10	15080	卖盘
13:38:12	15.09	--	25	37725	买盘
13:38:09	15.09	--	2	3018	买盘
13:38:03	15.09	0.01	30	45270	买盘
13:37:57	15.08	--	28	42224	卖盘
13:37:54	15.08	-0.01	66	99528	卖盘
13:37:51	15.09	0.01	106	159954	买盘
13:37:48	15.08	--	23	34684	卖盘
13:37:42	15.08	-0.01	27	40716	卖盘
13:37:36	15.09	0.01	6	9054	买盘
13:37:30	15.08	--	10	15080	卖盘
13:37:27	15.08	--	137	206596	卖盘
13:37:24	15.08	-0.01	19	28652	卖盘
13:37:21	15.09	--	12	18108	买盘
13:37:18	15.09	--	15	22635	买盘
13:37:15	15.09	--	21	31689	买盘
13:37:12	15.09	--	6	9054	买盘
13:37:09	15.09	--	3	4527	买盘
13:37:06	15.09	--	20	30180	买盘
13:37:00	15.09	-0.01	56	84504	卖盘
13:36:48	15.1	--	5	7550	卖盘
13:36:42	15.1	0.01	5	7550	买盘
13:36:39	15.09	--	15	22635	买盘
13:36:36	15.09	--	5	7545	卖盘
13:36:30	15.09	0.01	1	1509	中性盘
13:36:27	15.08	-0.02	107	161356	卖盘
13:36:24	15.1	0.01	20	30200	买盘
13:36:18	15.09	-0.01	21	31689	卖盘
13:36:15	15.1	0.02	1	1510	买盘
13:36:06	15.08	-0.01	26	39208	卖盘
13:36:00	15.09	-0.01	100	150900	卖盘
13:35:57	15.1	--	7	10570	买盘
13:35:51	15.1	--	3	4530	买盘
13:35:48	15.1	-0.01	404	610040	卖盘
13:35:45	15.11	--	108	163188	卖盘
13:35:39	15.11	-0.01	40	60440	卖盘
13:35:36	15.12	0.01	30	45360	中性盘
13:35:30	15.11	-0.01	54	81594	卖盘
13:35:18	15.12	--	14	21168	卖盘
13:35:12	15.12	-0.01	9	13608	中性盘
13:35:00	15.13	--	40	60520	买盘
13:34:51	15.13	0.01	201	304113	买盘
13:34:45	15.12	--	12	18144	买盘
13:34:42	15.12	--	5	7560	买盘
13:34:39	15.12	-0.02	176	266112	卖盘
13:34:36	15.14	0.01	2	3028	买盘
13:34:27	15.13	-0.01	19	28747	卖盘
13:34:00	15.14	--	10	15140	中性盘
13:33:42	15.14	--	5	7570	买盘
13:33:36	15.14	0.01	23	34822	中性盘
13:33:33	15.13	-0.02	389	588557	卖盘
13:33:27	15.15	0.01	2	3030	买盘
13:33:24	15.14	--	54	81756	卖盘
13:33:21	15.14	-0.01	40	60560	卖盘
13:33:06	15.15	0.01	4	6060	中性盘
13:32:54	15.14	--	102	154428	卖盘
13:32:51	15.14	--	73	110522	卖盘
13:32:39	15.14	--	6	9084	卖盘
13:32:30	15.14	--	5	7570	卖盘
13:32:21	15.14	-0.01	500	757000	卖盘
13:31:48	15.15	--	14	21210	卖盘
13:31:39	15.15	--	12	18180	卖盘
13:31:21	15.15	-0.01	11	16665	卖盘
13:31:18	15.16	0.01	30	45480	买盘
13:31:12	15.15	--	5	7575	卖盘
13:30:57	15.15	-0.01	10	15150	卖盘
13:30:45	15.16	0.01	3	4548	买盘
13:30:06	15.15	--	10	15150	卖盘
13:29:57	15.15	--	15	22725	卖盘
13:29:45	15.15	-0.01	1	1515	卖盘
13:29:36	15.16	--	71	107636	买盘
13:29:30	15.16	0.01	21	31836	买盘
13:29:24	15.15	--	4	6060	卖盘
13:29:12	15.15	--	8	12120	卖盘
13:29:06	15.15	-0.01	8	12120	卖盘
13:28:45	15.16	--	20	30320	买盘
13:28:42	15.16	0.01	21	31836	买盘
13:28:39	15.15	--	35	53025	卖盘
13:28:36	15.15	--	12	18180	卖盘
13:28:18	15.15	--	5	7575	卖盘
13:28:09	15.15	--	5	7575	卖盘
13:28:06	15.15	--	3	4545	卖盘
13:28:00	15.15	--	5	7575	卖盘
13:27:57	15.15	-0.01	6	9090	卖盘
13:27:48	15.16	--	34	52059	卖盘
13:27:42	15.16	--	16	24256	卖盘
13:27:39	15.16	--	2	3032	卖盘
13:27:36	15.16	--	10	15160	卖盘
13:27:27	15.16	--	6	9096	卖盘
13:27:24	15.16	--	17	25772	卖盘
13:27:21	15.16	-0.01	8	12128	卖盘
13:27:12	15.17	-0.01	27	40959	卖盘
13:27:09	15.18	0.01	13	19734	买盘
13:27:06	15.17	--	87	131979	卖盘
13:26:57	15.17	-0.01	7	10619	卖盘
13:26:54	15.18	0.01	5	7590	买盘
13:26:51	15.17	--	11	16687	卖盘
13:26:45	15.17	--	10	15170	卖盘
13:26:42	15.17	--	8	12136	卖盘
13:26:39	15.17	--	2	3034	卖盘
13:26:36	15.17	--	10	15170	卖盘
13:26:24	15.17	-0.01	7	10619	卖盘
13:26:18	15.18	--	3	4554	买盘
13:26:12	15.18	--	8	12144	买盘
13:26:03	15.18	--	37	56166	卖盘
13:25:48	15.18	--	10	15180	卖盘
13:25:36	15.18	-0.01	5	7590	卖盘
13:25:24	15.19	0.01	6	9114	买盘
13:25:21	15.18	--	3	4554	卖盘
13:25:09	15.18	-0.01	3	4554	中性盘
13:25:00	15.19	0.01	100	151900	买盘
13:24:54	15.18	0.01	11	16698	买盘
13:24:39	15.17	-0.01	15	22755	卖盘
13:24:36	15.18	--	16	24288	卖盘
13:24:33	15.18	--	12	18216	买盘
13:24:21	15.18	--	6	9108	买盘
13:24:18	15.18	--	20	30360	卖盘
13:24:06	15.18	--	23	34914	买盘
13:24:00	15.18	--	3	4554	买盘
13:23:51	15.18	--	98	148764	买盘
13:23:36	15.18	0.01	70	106260	买盘
13:23:18	15.17	--	15	22755	卖盘
13:23:09	15.17	-0.01	10	15170	卖盘
13:23:03	15.18	0.01	5	7590	买盘
13:22:54	15.17	-0.01	10	15170	卖盘
13:22:12	15.18	0.01	20	30360	买盘
13:22:00	15.17	-0.01	1	1517	卖盘
13:21:54	15.18	--	5	7590	买盘
13:21:45	15.18	--	20	30360	买盘
13:21:30	15.18	0.01	2	3036	买盘
13:21:18	15.17	-0.01	10	15170	卖盘
13:21:06	15.18	--	41	62238	买盘
13:20:57	15.18	--	6	9108	买盘
13:20:54	15.18	--	9	13662	买盘
13:20:45	15.18	-0.01	23	34914	卖盘
13:20:39	15.19	0.01	39	59241	买盘
13:20:33	15.18	--	18	27324	卖盘
13:20:30	15.18	--	4	6072	买盘
13:20:15	15.18	0.01	3	4554	买盘
13:20:09	15.17	-0.01	10	15170	卖盘
13:19:57	15.18	--	32	48576	买盘
13:19:51	15.18	--	3	4554	买盘
13:19:39	15.18	--	43	65274	买盘
13:19:30	15.18	--	20	30360	卖盘
13:19:27	15.18	--	5	7590	卖盘
13:19:21	15.18	--	13	19734	买盘
13:19:06	15.18	--	27	40986	卖盘
13:19:03	15.18	--	30	45540	卖盘
13:18:24	15.18	--	6	9108	卖盘
13:18:18	15.18	--	20	30360	卖盘
13:18:03	15.18	--	10	15180	卖盘
13:18:00	15.18	--	1	1518	卖盘
13:17:51	15.18	--	10	15180	卖盘
13:17:39	15.18	-0.01	3	4554	卖盘
13:17:30	15.19	0.01	7	10633	买盘
13:17:24	15.18	--	30	45540	卖盘
13:17:21	15.18	--	18	27324	买盘
13:17:18	15.18	--	6	9108	买盘
13:17:15	15.18	--	55	83490	买盘
13:16:57	15.18	0.02	3	4554	中性盘
13:16:48	15.16	-0.02	16	24256	卖盘
13:16:39	15.18	--	2	3036	买盘
13:16:33	15.18	--	5	7590	买盘
13:16:30	15.18	--	58	88044	卖盘
13:16:24	15.18	-0.01	5	7590	卖盘
13:16:15	15.19	--	3	4557	买盘
13:16:06	15.19	--	20	30380	买盘
13:15:57	15.19	--	4	6076	买盘
13:15:48	15.19	0.01	3	4557	买盘
13:15:45	15.18	--	5	7590	卖盘
13:15:42	15.18	-0.01	8	12144	卖盘
13:15:39	15.19	0.01	8	12152	买盘
13:15:30	15.18	--	10	15180	卖盘
13:15:24	15.18	--	5	7590	卖盘
13:15:06	15.18	--	24	36432	买盘
13:15:00	15.18	--	4	6072	买盘
13:14:51	15.18	--	7	10626	卖盘
13:14:48	15.18	--	10	15180	卖盘
13:14:39	15.18	--	12	18216	卖盘
13:14:30	15.18	--	20	30360	卖盘
13:14:18	15.18	--	36	54648	卖盘
13:14:15	15.18	--	11	16698	卖盘
13:14:12	15.18	--	2	3036	卖盘
13:13:57	15.18	--	2	3036	卖盘
13:13:54	15.18	--	55	83490	买盘
13:13:42	15.18	--	11	16698	买盘
13:13:39	15.18	--	10	15180	买盘
13:13:36	15.18	--	20	30360	买盘
13:13:27	15.18	--	4	6072	买盘
13:13:24	15.18	0.01	10	15180	买盘
13:13:21	15.17	-0.01	2	3034	中性盘
13:13:06	15.18	0.01	14	21252	买盘
13:13:00	15.17	0.01	2	3034	买盘
13:12:42	15.16	--	6	9096	卖盘
13:12:33	15.16	--	21	32836	买盘
13:12:21	15.16	--	7	10612	买盘
13:12:18	15.16	--	4	6064	买盘
13:12:15	15.16	--	10	15160	买盘
13:12:12	15.16	--	109	165244	买盘
13:12:09	15.16	--	20	30320	买盘
13:12:03	15.16	--	21	31836	买盘
13:11:57	15.16	0.01	11	16676	买盘
13:11:42	15.15	--	28	42420	卖盘
13:11:39	15.15	--	10	15150	卖盘
13:11:18	15.15	-0.01	3	4545	卖盘
13:11:12	15.16	--	31	46996	买盘
13:11:06	15.16	--	20	30320	买盘
13:11:00	15.16	--	10	15160	买盘
13:10:42	15.16	0.01	10	15160	买盘
13:10:21	15.15	--	5	7575	卖盘
13:10:03	15.15	--	4	6060	卖盘
13:10:00	15.15	-0.01	16	24240	卖盘
13:09:51	15.16	0.01	1	1516	买盘
13:09:48	15.15	--	4	6060	卖盘
13:09:06	15.15	-0.01	7	10605	买盘
13:09:00	15.16	0.01	20	30320	买盘
13:08:54	15.15	-0.01	21	31815	卖盘
13:08:12	15.16	0.01	19	28804	买盘
13:07:48	15.15	--	4	6060	中性盘
13:07:36	15.15	--	3	4545	买盘
13:07:30	15.15	--	4	6060	卖盘
13:07:21	15.15	--	6	9090	买盘
13:07:12	15.15	0.01	5	7575	买盘
13:07:00	15.14	--	5	7570	卖盘
13:06:48	15.14	-0.01	20	30280	卖盘
13:06:33	15.15	--	10	15150	买盘
13:06:18	15.15	-0.01	12	18180	卖盘
13:06:03	15.16	0.02	21	31836	买盘
13:06:00	15.14	--	1	1514	卖盘
13:05:45	15.14	-0.01	1	1514	卖盘
13:05:12	15.15	--	5	7575	买盘
13:05:09	15.15	--	6	9090	买盘
13:04:42	15.15	0.01	20	30300	买盘
13:04:36	15.14	-0.01	6	9084	卖盘
13:04:33	15.15	--	5	7575	买盘
13:04:24	15.15	--	57	86355	买盘
13:04:21	15.15	-0.01	7	10605	中性盘
13:04:06	15.16	--	20	30320	买盘
13:04:03	15.16	--	2	3032	买盘
13:03:39	15.16	0.03	72	109152	买盘
13:03:18	15.13	--	10	15130	卖盘
13:03:09	15.13	-0.02	7	10591	卖盘
13:03:06	15.15	0.01	72	109080	买盘
13:02:51	15.14	--	3	4542	买盘
13:02:33	15.14	0.01	4	6056	买盘
13:02:30	15.13	-0.01	85	128605	卖盘
13:02:21	15.14	0.01	8	12112	买盘
13:02:18	15.13	--	154	233002	买盘
13:02:15	15.13	-0.01	38	57494	卖盘
13:02:03	15.14	--	4	6056	买盘
13:02:00	15.14	--	2	3028	买盘
13:01:57	15.14	--	57	86298	买盘
13:01:48	15.14	--	14	21196	买盘
13:01:45	15.14	0.01	19	28766	买盘
13:01:39	15.13	0.01	45	68085	卖盘
13:01:36	15.12	-0.01	10	15120	卖盘
13:01:30	15.13	--	3	4539	卖盘
13:01:21	15.13	--	55	83215	卖盘
13:01:18	15.13	0.01	5	7565	中性盘
13:01:15	15.12	--	59	89208	卖盘
13:01:06	15.12	--	1	1512	卖盘
13:00:45	15.12	--	30	45360	卖盘
13:00:36	15.12	-0.02	19	28728	卖盘
13:00:27	15.14	0.01	33	49962	买盘
13:00:24	15.13	--	8	12104	卖盘
13:00:12	15.13	--	9	13617	卖盘
13:00:09	15.13	--	9	13617	卖盘
13:00:06	15.13	0.01	18	27234	中性盘
13:00:03	15.12	--	130	197694	卖盘
13:00:00	15.12	--	0	0	卖盘
11:30:00	15.12	--	2	3024	卖盘
11:29:51	15.12	-0.01	6	9072	卖盘
11:29:42	15.13	--	13	19669	买盘
11:29:39	15.13	--	5	7565	买盘
11:29:30	15.13	--	4	6052	买盘
11:29:27	15.13	--	5	7565	买盘
11:29:24	15.13	--	11	16643	卖盘
11:29:21	15.13	--	37	55981	卖盘
11:29:12	15.13	--	3	4539	卖盘
11:29:09	15.13	--	3	4539	卖盘
11:29:06	15.13	--	10	15130	卖盘
11:28:57	15.13	--	82	124066	卖盘
11:28:45	15.13	--	10	15130	卖盘
11:28:42	15.13	--	11	16643	卖盘
11:28:18	15.13	--	9	13617	卖盘
11:28:12	15.13	--	67	101371	卖盘
11:28:06	15.13	--	68	102884	卖盘
11:27:03	15.13	--	10	15130	卖盘
11:26:54	15.13	--	2	3026	卖盘
11:26:39	15.13	--	3	4539	卖盘
11:26:30	15.13	--	13	19669	卖盘
11:26:09	15.13	-0.01	2	3026	卖盘
11:25:54	15.14	0.01	20	30280	买盘
11:25:48	15.13	-0.01	5	7565	卖盘
11:25:45	15.14	--	124	187736	买盘
11:25:30	15.14	--	5	7570	买盘
11:25:21	15.14	--	10	15140	买盘
11:24:51	15.14	--	10	15140	买盘
11:24:42	15.14	0.01	11	16654	买盘
11:24:36	15.13	-0.01	1	1513	卖盘
11:24:30	15.14	--	3	4542	买盘
11:24:27	15.14	--	65	98410	卖盘
11:24:21	15.14	-0.01	5	7570	卖盘
11:24:18	15.15	0.01	50	75750	买盘
11:23:33	15.14	--	6	9084	卖盘
11:23:30	15.14	--	14	21196	买盘
11:23:24	15.14	--	9	13626	卖盘
11:23:18	15.14	--	10	15140	卖盘
11:22:51	15.14	-0.01	5	7570	卖盘
11:22:39	15.15	--	10	15150	买盘
11:22:27	15.15	0.01	50	75750	买盘
11:22:09	15.14	--	114	172596	卖盘
11:22:03	15.14	--	2	3028	卖盘
11:21:51	15.14	--	110	166540	卖盘
11:21:42	15.14	--	5	7570	卖盘
11:21:21	15.14	--	3	4542	卖盘
11:21:18	15.14	--	27	40878	卖盘
11:21:15	15.14	-0.01	10	15140	卖盘
11:21:03	15.15	--	1	1515	买盘
11:20:54	15.15	0.01	2	3030	买盘
11:20:39	15.14	-0.01	14	21196	卖盘
11:20:33	15.15	-0.01	4	6060	卖盘
11:20:27	15.16	0.01	17	25772	买盘
11:20:24	15.15	0.01	6	9090	中性盘
11:19:57	15.14	-0.02	58	87812	卖盘
11:19:54	15.16	--	5	7580	买盘
11:19:48	15.16	--	10	15160	买盘
11:19:39	15.16	--	7	10612	买盘
11:19:36	15.16	--	1	1516	买盘
11:19:33	15.16	-0.01	15	22740	卖盘
11:19:30	15.17	0.01	10	15170	买盘
11:19:27	15.16	-0.01	7	10612	中性盘
11:19:18	15.17	--	13	19721	买盘
11:19:15	15.17	0.02	11	16687	买盘
11:19:06	15.15	0.01	2	3030	卖盘
11:19:00	15.14	-0.04	6	9084	卖盘
11:18:54	15.18	0.04	5	7590	买盘
11:18:48	15.14	0.01	7	10598	中性盘
11:18:33	15.13	-0.06	2	3026	卖盘
11:18:27	15.19	0.06	420	637980	买盘
11:18:18	15.13	--	4	6052	卖盘
11:18:03	15.13	--	5	7565	卖盘
11:17:57	15.13	--	1	1513	卖盘
11:17:54	15.13	0.01	1	1513	中性盘
11:17:51	15.12	--	7	10584	卖盘
11:17:45	15.12	-0.01	30	45360	卖盘
11:17:42	15.13	0.01	3	4539	中性盘
11:17:36	15.12	-0.01	35	52920	卖盘
11:17:33	15.13	--	10	15130	买盘
11:17:24	15.13	--	20	30260	卖盘
11:17:18	15.13	-0.01	97	146761	卖盘
11:17:15	15.14	--	4	6056	买盘
11:17:12	15.14	--	5	7570	买盘
11:17:00	15.14	0.01	20	30280	买盘
11:16:15	15.13	--	2	3026	卖盘
11:16:06	15.13	--	12	18156	卖盘
11:16:00	15.13	--	119	180047	卖盘
11:15:57	15.13	-0.01	20	30260	卖盘
11:15:54	15.14	0.01	2	3028	中性盘
11:15:36	15.13	-0.01	35	52955	卖盘
11:15:12	15.14	0.01	22	33308	买盘
11:15:09	15.13	-0.01	12	18156	卖盘
11:14:54	15.14	--	23	34822	买盘
11:14:39	15.14	0.01	10	15140	买盘
11:14:24	15.13	-0.01	3	4539	卖盘
11:14:09	15.14	--	39	59046	买盘
11:13:57	15.14	--	10	15140	买盘
11:13:51	15.14	0.01	4	6056	买盘
11:13:48	15.13	--	20	30260	卖盘
11:13:39	15.13	--	13	19669	卖盘
11:13:36	15.13	--	5	7565	卖盘
11:13:27	15.13	-0.01	3	4539	卖盘
11:13:21	15.14	0.01	5	7570	买盘
11:13:15	15.13	-0.01	10	15130	卖盘
11:13:06	15.14	--	2	3028	买盘
11:13:00	15.14	--	1	1514	买盘
11:12:54	15.14	0.01	2	3028	买盘
11:12:45	15.13	--	21	31773	买盘
11:12:39	15.13	--	3	4539	买盘
11:12:21	15.13	0.01	25	37825	买盘
11:12:15	15.12	--	5	7560	买盘
11:12:12	15.12	--	2	3024	卖盘
11:12:09	15.12	-0.01	1	1512	卖盘
11:12:06	15.13	0.01	1	1513	买盘
11:12:03	15.12	--	3	4536	卖盘
11:12:00	15.12	--	6	9072	卖盘
11:11:48	15.12	--	20	30240	卖盘
11:11:39	15.12	--	6	9072	买盘
11:11:30	15.12	0.01	35	52920	中性盘
11:11:27	15.11	-0.01	50	75550	卖盘
11:11:21	15.12	--	12	18144	卖盘
11:11:06	15.12	--	17	25704	买盘
11:11:00	15.12	0.01	10	15120	买盘
11:10:42	15.11	--	20	30220	卖盘
11:10:30	15.11	--	26	39286	卖盘
11:10:27	15.11	--	19	28709	买盘
11:10:24	15.11	--	5	7555	买盘
11:10:18	15.11	0.01	5	7555	买盘
11:10:15	15.1	-0.01	15	22650	卖盘
11:10:12	15.11	0.01	6	9066	买盘
11:10:09	15.1	-0.01	12	18120	卖盘
11:10:03	15.11	0.01	15	22665	买盘
11:10:00	15.1	-0.01	5	7550	卖盘
11:09:42	15.11	--	15	22665	买盘
11:09:39	15.11	0.01	10	15110	买盘
11:09:21	15.1	-0.01	10	15100	卖盘
11:09:09	15.11	0.01	20	30220	买盘
11:09:03	15.1	-0.01	10	15100	卖盘
11:08:57	15.11	--	4	6044	买盘
11:08:54	15.11	0.01	1	1511	买盘
11:08:48	15.1	--	32	48320	卖盘
11:08:45	15.1	--	13	19630	卖盘
11:08:39	15.1	--	4	6040	卖盘
11:08:27	15.1	--	2	3020	卖盘
11:08:12	15.1	--	5	7550	卖盘
11:08:06	15.1	--	7	10570	卖盘
11:08:00	15.1	-0.01	3	4530	卖盘
11:07:54	15.11	0.01	9	13599	买盘
11:07:48	15.1	-0.01	9	13590	卖盘
11:07:39	15.11	--	5	7555	中性盘
11:07:12	15.11	--	11	16621	卖盘
11:07:06	15.11	-0.01	2	3022	卖盘
11:06:51	15.12	0.01	17	25704	买盘
11:06:27	15.11	--	20	30220	卖盘
11:06:21	15.11	--	25	37775	卖盘
11:06:18	15.11	--	6	9066	卖盘
11:06:15	15.11	--	20	30220	卖盘
11:06:09	15.11	0.01	21	31731	买盘
11:06:03	15.1	-0.01	2	3020	卖盘
11:05:57	15.11	--	20	30220	买盘
11:05:54	15.11	0.01	11	16621	买盘
11:05:51	15.1	--	3	4530	卖盘
11:05:48	15.1	-0.01	22	33220	卖盘
11:05:45	15.11	--	21	31731	买盘
11:05:36	15.11	--	6	9066	买盘
11:05:33	15.11	0.01	22	33242	买盘
11:05:30	15.1	--	1	1510	卖盘
11:05:27	15.1	--	47	70970	卖盘
11:05:24	15.1	--	62	93620	卖盘
11:05:18	15.1	--	15	22650	卖盘
11:05:15	15.1	--	10	15100	卖盘
11:05:12	15.1	--	5	7550	卖盘
11:05:03	15.1	--	3	4530	卖盘
11:05:00	15.1	--	18	27180	卖盘
11:04:36	15.1	--	36	54360	卖盘
11:04:33	15.1	-0.01	5	7550	卖盘
11:04:30	15.11	0.01	38	57418	买盘
11:04:27	15.1	--	3	4530	卖盘
11:04:18	15.1	--	32	48320	卖盘
11:04:15	15.1	--	1	1510	卖盘
11:04:12	15.1	--	8	12080	卖盘
11:04:09	15.1	--	7	10570	卖盘
11:04:06	15.1	--	8	12080	卖盘
11:04:00	15.1	--	13	19630	卖盘
11:03:54	15.1	--	58	87580	卖盘
11:03:51	15.1	--	77	116270	卖盘
11:03:48	15.1	-0.01	1	1510	卖盘
11:03:36	15.11	0.01	6	9066	买盘
11:03:33	15.1	--	22	33220	卖盘
11:03:30	15.1	--	100	151000	卖盘
11:03:27	15.1	-0.01	26	39260	卖盘
11:03:24	15.11	0.01	2	3022	买盘
11:03:21	15.1	--	30	45300	卖盘
11:03:18	15.1	--	12	18120	卖盘
11:03:15	15.1	-0.01	2	3020	卖盘
11:03:12	15.11	--	2	3022	卖盘
11:02:57	15.11	--	29	43819	买盘
11:02:48	15.11	--	2	3022	买盘
11:02:39	15.11	--	14	21154	买盘
11:02:33	15.11	--	1	1511	买盘
11:02:30	15.11	--	14	21154	卖盘
11:02:24	15.11	--	29	43819	卖盘
11:02:18	15.11	--	10	15110	卖盘
11:02:12	15.11	--	5	7555	卖盘
11:02:09	15.11	--	35	52885	卖盘
11:02:06	15.11	--	100	151100	买盘
11:02:03	15.11	--	1	1511	买盘
11:01:57	15.11	--	10	15110	买盘
11:01:54	15.11	--	8	12088	卖盘
11:01:42	15.11	--	35	52885	卖盘
11:01:39	15.11	--	11	16621	卖盘
11:01:33	15.11	--	1	1511	卖盘
11:01:27	15.11	-0.01	2	3022	卖盘
11:01:24	15.12	0.01	5	7560	买盘
11:01:21	15.11	-0.01	200	302200	卖盘
11:01:03	15.12	--	19	28728	买盘
11:00:51	15.12	--	57	86184	卖盘
11:00:33	15.12	--	5	7560	卖盘
11:00:30	15.12	--	19	28728	卖盘
11:00:24	15.12	--	24	36288	卖盘
11:00:15	15.12	--	13	19656	卖盘
11:00:12	15.12	--	60	90720	卖盘
11:00:09	15.12	--	11	16632	卖盘
11:00:00	15.12	-0.01	58	87696	卖盘
10:59:57	15.13	--	17	25721	卖盘
10:59:42	15.13	--	3	4539	卖盘
10:59:24	15.13	--	160	242080	卖盘
10:59:18	15.13	-0.01	7	10591	卖盘
10:59:06	15.14	--	5	7570	买盘
10:59:03	15.14	--	1	1514	买盘
10:59:00	15.14	--	21	31794	买盘
10:58:54	15.14	--	38	57532	买盘
10:58:39	15.14	--	2	3028	买盘
10:58:27	15.14	--	37	56018	买盘
10:58:15	15.14	--	23	34822	买盘
10:57:51	15.14	0.01	6	9084	买盘
10:57:48	15.13	-0.01	1	1513	卖盘
10:57:45	15.14	0.01	3	4542	买盘
10:57:18	15.13	-0.01	70	105910	卖盘
10:57:15	15.14	0.01	2	3028	买盘
10:57:00	15.13	-0.01	1	1513	卖盘
10:56:54	15.14	0.01	5	7570	买盘
10:56:48	15.13	-0.01	5	7565	卖盘
10:56:45	15.14	--	4	6056	买盘
10:56:39	15.14	--	1	1514	买盘
10:56:36	15.14	-0.01	5	7570	卖盘
10:56:33	15.15	0.02	13	19695	买盘
10:56:18	15.13	--	5	7565	卖盘
10:55:51	15.13	-0.02	4	6052	卖盘
10:55:36	15.15	--	6	9090	买盘
10:55:27	15.15	--	5	7575	买盘
10:55:21	15.15	--	7	10605	买盘
10:55:12	15.15	0.01	40	60600	买盘
10:55:06	15.14	-0.01	2	3028	卖盘
10:54:57	15.15	--	10	15150	买盘
10:54:48	15.15	--	8	12120	买盘
10:54:45	15.15	--	3	4545	买盘
10:54:42	15.15	--	13	19695	买盘
10:54:33	15.15	--	3	4545	买盘
10:54:30	15.15	--	46	69690	买盘
10:54:27	15.15	--	22	33330	买盘
10:54:21	15.15	0.01	15	22725	买盘
10:54:12	15.14	-0.01	3	4542	卖盘
10:54:06	15.15	0.01	4	6060	买盘
10:53:54	15.14	--	6	9084	买盘
10:53:42	15.14	--	11	16654	买盘
10:53:39	15.14	--	5	7570	买盘
10:53:33	15.14	--	2	3028	买盘
10:53:24	15.14	0.02	6	9084	买盘
10:53:21	15.12	--	85	128520	买盘
10:53:15	15.12	-0.02	12	18144	卖盘
10:53:12	15.14	0.02	12	18168	买盘
10:53:09	15.12	-0.01	81	122472	卖盘
10:53:00	15.13	--	52	78676	买盘
10:52:57	15.13	0.01	5	7565	买盘
10:52:54	15.12	--	1	1512	卖盘
10:52:48	15.12	--	4	6048	卖盘
10:52:39	15.12	--	74	111888	买盘
10:52:36	15.12	--	65	98280	买盘
10:52:33	15.12	0.01	2	3024	买盘
10:52:30	15.11	-0.01	3	4533	卖盘
10:52:27	15.12	0.01	68	102816	买盘
10:52:24	15.11	-0.01	5	7555	卖盘
10:52:18	15.12	--	10	15120	买盘
10:52:12	15.12	--	4	6048	买盘
10:52:09	15.12	0.01	10	15120	买盘
10:52:00	15.11	-0.01	5	7555	卖盘
10:51:54	15.12	--	30	45360	买盘
10:51:51	15.12	0.01	50	75600	买盘
10:51:45	15.11	-0.01	52	78572	卖盘
10:51:42	15.12	--	15	22680	买盘
10:51:24	15.12	--	20	30240	买盘
10:51:18	15.12	--	2	3024	买盘
10:51:15	15.12	--	5	7560	买盘
10:51:12	15.12	0.01	3	4536	买盘
10:51:06	15.11	-0.01	23	34753	卖盘
10:50:45	15.12	--	2	3024	买盘
10:50:42	15.12	0.01	20	30240	买盘
10:50:39	15.11	--	10	15110	卖盘
10:50:27	15.11	0.01	17	25687	买盘
10:50:24	15.1	-0.01	3	4530	卖盘
10:50:21	15.11	--	13	19643	买盘
10:50:00	15.11	--	4	6044	买盘
10:49:54	15.11	--	49	74039	卖盘
10:49:51	15.11	--	3	4533	卖盘
10:49:39	15.11	--	38	57418	卖盘
10:49:33	15.11	--	37	55907	卖盘
10:49:30	15.11	--	2	3022	卖盘
10:49:27	15.11	--	64	96704	卖盘
10:49:24	15.11	--	41	61951	卖盘
10:49:21	15.11	-0.01	47	71017	卖盘
10:49:12	15.12	0.01	2	3024	买盘
10:49:09	15.11	--	52	78572	卖盘
10:49:06	15.11	-0.01	5	7555	卖盘
10:49:03	15.12	--	11	16632	买盘
10:48:57	15.12	--	13	19656	买盘
10:48:54	15.12	--	55	83160	买盘
10:48:48	15.12	--	1	1512	买盘
10:48:45	15.12	--	61	92232	卖盘
10:48:30	15.12	-0.01	4	6048	卖盘
10:48:27	15.13	--	18	27234	买盘
10:48:00	15.13	0.01	2	3026	买盘
10:47:57	15.12	--	5	7560	买盘
10:47:48	15.12	--	1	1512	中性盘
10:47:45	15.12	--	2	3024	买盘
10:47:42	15.12	--	8	12096	卖盘
10:47:39	15.12	--	1	1512	卖盘
10:47:36	15.12	-0.01	5	7560	卖盘
10:47:30	15.13	--	16	24208	买盘
10:47:24	15.13	0.01	5	7565	中性盘
10:47:18	15.12	-0.01	7	10584	卖盘
10:47:15	15.13	0.01	2	3026	买盘
10:47:12	15.12	0.01	34	51408	中性盘
10:47:06	15.11	-0.02	6	9066	卖盘
10:47:03	15.13	0.01	37	55981	买盘
10:47:00	15.12	--	10	15120	买盘
10:46:57	15.12	--	37	55944	卖盘
10:46:48	15.12	--	8	12096	卖盘
10:46:45	15.12	0.01	10	15120	中性盘
10:46:36	15.11	-0.01	31	46841	卖盘
10:46:24	15.12	--	22	33264	买盘
10:46:15	15.12	--	2	3024	买盘
10:46:09	15.12	--	15	22680	卖盘
10:46:06	15.12	--	17	25704	卖盘
10:45:54	15.12	--	5	7560	买盘
10:45:48	15.12	--	10	15120	卖盘
10:45:36	15.12	0.01	49	74088	买盘
10:45:18	15.11	--	3	4533	卖盘
10:45:15	15.11	-0.01	7	10577	卖盘
10:45:12	15.12	--	3	4536	买盘
10:45:09	15.12	0.01	22	33264	买盘
10:45:03	15.11	-0.01	9	13599	卖盘
10:45:00	15.12	--	12	18144	买盘
10:44:51	15.12	--	6	9072	卖盘
10:44:45	15.12	--	70	105840	卖盘
10:44:36	15.12	--	45	68040	卖盘
10:44:30	15.12	-0.01	27	40824	卖盘
10:44:27	15.13	--	8	12104	买盘
10:44:18	15.13	-0.01	34	51442	卖盘
10:44:15	15.14	0.01	45	68130	买盘
10:44:09	15.13	--	28	42364	卖盘
10:44:06	15.13	--	31	46903	卖盘
10:44:03	15.13	--	22	33286	卖盘
10:44:00	15.13	--	9	13617	卖盘
10:43:57	15.13	--	30	45390	卖盘
10:43:54	15.13	-0.01	126	190638	卖盘
10:43:48	15.14	0.01	180	272520	买盘
10:43:45	15.13	-0.01	98	148274	卖盘
10:43:36	15.14	0.01	10	15140	买盘
10:43:30	15.13	--	19	28747	卖盘
10:43:27	15.13	-0.01	33	49929	卖盘
10:43:21	15.14	0.01	33	49962	买盘
10:43:12	15.13	-0.01	4	6052	卖盘
10:43:09	15.14	--	5	7570	买盘
10:43:03	15.14	--	11	16654	买盘
10:42:51	15.14	-0.01	10	15140	卖盘
10:42:48	15.15	0.01	1	1515	买盘
10:42:45	15.14	--	24	36336	卖盘
10:42:42	15.14	--	55	83270	卖盘
10:42:36	15.14	-0.01	6	9084	卖盘
10:42:30	15.15	--	12	18180	买盘
10:42:27	15.15	--	30	45450	买盘
10:42:15	15.15	--	1	1515	买盘
10:42:06	15.15	--	153	231795	卖盘
10:41:48	15.15	--	10	15150	卖盘
10:41:39	15.15	--	16	24240	卖盘
10:41:36	15.15	0.01	13	19695	买盘
10:41:30	15.14	-0.01	18	27252	卖盘
10:41:27	15.15	0.01	7	10605	买盘
10:41:21	15.14	--	3	4542	卖盘
10:41:18	15.14	-0.01	48	72672	卖盘
10:41:15	15.15	0.01	158	239370	买盘
10:41:09	15.14	-0.01	11	16654	卖盘
10:41:06	15.15	--	64	96960	卖盘
10:41:00	15.15	-0.01	14	21210	卖盘
10:40:57	15.16	--	7	10612	买盘
10:40:45	15.16	0.01	10	15160	买盘
10:40:42	15.15	-0.01	19	28785	卖盘
10:40:39	15.16	--	17	25772	买盘
10:40:36	15.16	--	13	19708	买盘
10:40:21	15.16	--	10	15160	买盘
10:40:18	15.16	-0.01	82	124312	卖盘
10:40:15	15.17	0.01	12	18204	买盘
10:40:12	15.16	--	10	15160	卖盘
10:40:09	15.16	--	7	10612	卖盘
10:40:03	15.16	--	15	22740	卖盘
10:39:48	15.16	--	5	7580	卖盘
10:39:39	15.16	--	33	50028	卖盘
10:39:12	15.16	--	23	34868	卖盘
10:39:06	15.16	-0.01	30	45480	卖盘
10:39:03	15.17	--	20	30340	买盘
10:39:00	15.17	--	1	1517	买盘
10:38:51	15.17	0.01	10	15170	买盘
10:38:48	15.16	-0.01	3	4548	卖盘
10:38:39	15.17	0.01	4	6068	买盘
10:38:33	15.16	--	17	25772	卖盘
10:38:27	15.16	--	15	22740	买盘
10:38:24	15.16	--	50	75800	买盘
10:38:09	15.16	0.01	5	7580	买盘
10:38:03	15.15	--	5	7575	卖盘
10:37:57	15.15	-0.01	57	86355	卖盘
10:37:54	15.16	--	7	10612	买盘
10:37:51	15.16	0.01	30	45480	买盘
10:37:48	15.15	-0.01	20	30300	卖盘
10:37:39	15.16	0.01	1	1516	买盘
10:37:36	15.15	-0.01	2	3030	卖盘
10:37:33	15.16	0.01	1	1516	买盘
10:37:24	15.15	0.01	88	133320	买盘
10:37:18	15.14	--	6	9084	中性盘
10:37:09	15.14	--	12	18168	买盘
10:37:03	15.14	0.01	11	16654	买盘
10:37:00	15.13	-0.01	32	48416	卖盘
10:36:54	15.14	--	15	22710	卖盘
10:36:51	15.14	0.01	4	6056	买盘
10:36:48	15.13	--	11	16643	卖盘
10:36:42	15.13	--	1	1513	卖盘
10:36:36	15.13	-0.01	5	7565	卖盘
10:36:33	15.14	--	205	310370	买盘
10:36:30	15.14	--	6	9084	买盘
10:36:24	15.14	--	112	169568	卖盘
10:36:09	15.14	--	5	7570	卖盘
10:36:03	15.14	--	5	7570	卖盘
10:36:00	15.14	--	6	9084	卖盘
10:35:57	15.14	--	8	12112	买盘
10:35:54	15.14	0.01	5	7570	买盘
10:35:51	15.13	-0.01	25	37825	卖盘
10:35:48	15.14	--	10	15140	买盘
10:35:45	15.14	--	10	15140	买盘
10:35:42	15.14	0.01	8	12112	买盘
10:35:39	15.13	-0.01	74	111962	卖盘
10:35:36	15.14	0.01	6	9084	买盘
10:35:33	15.13	-0.01	50	75650	卖盘
10:35:30	15.14	0.01	10	15140	买盘
10:35:27	15.13	-0.01	3	4539	卖盘
10:35:24	15.14	--	64	96896	买盘
10:35:18	15.14	0.01	12	18168	买盘
10:35:15	15.13	--	1	1513	卖盘
10:35:12	15.13	-0.01	71	107423	卖盘
10:35:03	15.14	--	10	15140	买盘
10:34:57	15.14	0.01	1	1514	买盘
10:34:54	15.13	--	5	7565	卖盘
10:34:51	15.13	--	45	68085	卖盘
10:34:48	15.13	--	7	10591	卖盘
10:34:45	15.13	--	2	3026	卖盘
10:34:42	15.13	--	36	54468	卖盘
10:34:36	15.13	--	21	31773	卖盘
10:34:27	15.13	--	18	27234	卖盘
10:34:24	15.13	--	2	3026	卖盘
10:34:21	15.13	--	4	6052	卖盘
10:34:18	15.13	-0.01	34	51442	卖盘
10:34:15	15.14	0.01	7	10598	买盘
10:34:12	15.13	--	4	6052	卖盘
10:34:09	15.13	--	6	9078	卖盘
10:34:00	15.13	-0.01	30	45390	卖盘
10:33:57	15.14	--	20	30280	卖盘
10:33:54	15.14	--	5	7570	卖盘
10:33:51	15.14	-0.01	187	283118	卖盘
10:33:45	15.15	--	39	59085	卖盘
10:33:42	15.15	--	7	10605	卖盘
10:33:39	15.15	--	6	9090	卖盘
10:33:36	15.15	--	3	4545	卖盘
10:33:33	15.15	-0.02	192	290880	卖盘
10:33:30	15.17	0.01	21	31857	买盘
10:33:27	15.16	--	10	15160	卖盘
10:33:24	15.16	--	3	4548	卖盘
10:33:21	15.16	--	20	30320	卖盘
10:33:15	15.16	--	155	234980	卖盘
10:33:12	15.16	-0.01	105	159180	卖盘
10:33:06	15.17	--	18	27306	卖盘
10:33:03	15.17	--	12	18204	卖盘
10:32:57	15.17	--	17	25789	卖盘
10:32:48	15.17	--	9	13653	卖盘
10:32:42	15.17	-0.01	54	81918	卖盘
10:32:39	15.18	--	5	7590	卖盘
10:32:36	15.18	0.01	16	24288	中性盘
10:32:33	15.17	-0.01	8	12136	卖盘
10:32:27	15.18	--	6	9108	卖盘
10:32:24	15.18	--	64	97152	卖盘
10:32:21	15.18	--	14	21252	卖盘
10:32:18	15.18	--	11	16698	卖盘
10:32:09	15.18	--	10	15180	卖盘
10:32:06	15.18	--	7	10626	卖盘
10:32:03	15.18	--	9	13662	卖盘
10:32:00	15.18	--	7	10626	卖盘
10:31:57	15.18	--	9	13662	卖盘
10:31:54	15.18	--	20	30360	卖盘
10:31:48	15.18	--	12	18216	卖盘
10:31:42	15.18	--	12	18216	卖盘
10:31:36	15.18	--	5	7590	卖盘
10:31:33	15.18	--	9	13662	卖盘
10:31:24	15.18	--	14	21252	卖盘
10:31:15	15.18	-0.01	2	3036	卖盘
10:31:06	15.19	0.01	10	15190	买盘
10:31:03	15.18	-0.01	8	12144	卖盘
10:30:39	15.19	--	3	4557	买盘
10:30:36	15.19	--	9	13671	买盘
10:30:30	15.19	--	2	3038	买盘
10:30:27	15.19	0.01	13	19747	买盘
10:30:24	15.18	--	16	24288	卖盘
10:30:15	15.18	--	5	7590	卖盘
10:30:06	15.18	0.01	64	97152	买盘
10:30:00	15.17	--	30	45510	卖盘
10:29:57	15.17	--	1	1517	卖盘
10:29:54	15.17	-0.01	35	53095	卖盘
10:29:45	15.18	--	2	3036	买盘
10:29:42	15.18	--	33	50094	卖盘
10:29:36	15.18	--	15	22770	卖盘
10:29:12	15.18	0.01	58	88044	买盘
10:29:09	15.17	-0.01	8	12136	卖盘
10:29:06	15.18	0.01	5	7590	买盘
10:28:54	15.17	-0.01	38	57646	卖盘
10:28:39	15.18	--	9	13662	买盘
10:28:33	15.18	--	19	28842	买盘
10:28:21	15.18	-0.01	26	39468	卖盘
10:28:15	15.19	--	50	75950	买盘
10:28:06	15.19	--	8	12152	买盘
10:28:03	15.19	0.01	3	4557	买盘
10:28:00	15.18	--	9	13662	卖盘
10:27:57	15.18	--	1	1518	卖盘
10:27:54	15.18	--	13	19734	卖盘
10:27:39	15.18	--	50	75900	卖盘
10:27:36	15.18	--	5	7590	卖盘
10:27:33	15.18	-0.01	30	45540	卖盘
10:27:24	15.19	0.01	19	28861	买盘
10:27:21	15.18	--	4	6072	卖盘
10:27:18	15.18	--	30	45540	卖盘
10:27:15	15.18	-0.01	18	27324	卖盘
10:27:06	15.19	0.01	10	15190	买盘
10:27:03	15.18	--	10	15180	卖盘
10:27:00	15.18	0.01	13	19734	买盘
10:26:57	15.17	-0.01	10	15170	卖盘
10:26:54	15.18	--	12	18216	卖盘
10:26:48	15.18	--	12	18216	卖盘
10:26:33	15.18	--	2	3036	卖盘
10:26:30	15.18	--	50	75900	卖盘
10:26:24	15.18	--	10	15180	卖盘
10:26:18	15.18	--	17	25806	卖盘
10:26:09	15.18	-0.01	5	7590	卖盘
10:26:06	15.19	0.01	1	1519	买盘
10:26:00	15.18	--	5	7590	卖盘
10:25:57	15.18	--	1	1518	卖盘
10:25:48	15.18	--	4	6072	卖盘
10:25:39	15.18	--	40	60720	卖盘
10:25:24	15.18	-0.01	1	1518	卖盘
10:25:21	15.19	--	89	135191	卖盘
10:25:15	15.19	-0.01	3	4557	卖盘
10:25:09	15.2	--	23	34960	买盘
10:25:00	15.2	0.01	1	1520	买盘
10:24:54	15.19	--	4	6076	买盘
10:24:51	15.19	0.01	21	31899	买盘
10:24:48	15.18	--	6	9108	卖盘
10:24:42	15.18	-0.01	44	66792	卖盘
10:24:39	15.19	--	16	24304	卖盘
10:24:30	15.19	--	33	50127	卖盘
10:24:21	15.19	-0.01	1	1519	卖盘
10:24:18	15.2	0.01	21	31920	买盘
10:24:12	15.19	--	10	15190	卖盘
10:24:06	15.19	-0.01	10	15190	卖盘
10:24:03	15.2	0.01	11	16720	买盘
10:24:00	15.19	-0.01	2	3038	卖盘
10:23:57	15.2	--	62	94240	买盘
10:23:54	15.2	--	30	45600	买盘
10:23:42	15.2	0.01	2	3040	买盘
10:23:36	15.19	0.01	9	13671	买盘
10:23:27	15.18	0.01	12	18216	买盘
10:23:24	15.17	-0.01	21	31857	卖盘
10:23:21	15.18	--	5	7590	买盘
10:23:18	15.18	--	2	3036	买盘
10:23:12	15.18	--	26	39468	买盘
10:22:57	15.18	0.01	16	24288	买盘
10:22:48	15.17	--	2	3034	卖盘
10:22:45	15.17	-0.01	15	22755	卖盘
10:22:39	15.18	0.02	110	166980	买盘
10:22:36	15.16	-0.01	10	15160	卖盘
10:22:30	15.17	--	477	723609	卖盘
10:22:21	15.17	--	13	19721	卖盘
10:22:15	15.17	--	20	30340	买盘
10:22:09	15.17	--	1	1517	买盘
10:22:03	15.17	--	24	36408	卖盘
10:21:57	15.17	-0.01	18	27306	卖盘
10:21:51	15.18	0.01	22	33396	买盘
10:21:39	15.17	--	6	9102	卖盘
10:21:33	15.17	-0.01	42	63714	卖盘
10:21:24	15.18	0.01	21	31878	买盘
10:21:18	15.17	--	6	9102	卖盘
10:21:15	15.17	--	2	3034	卖盘
10:21:09	15.17	--	11	16687	卖盘
10:21:00	15.17	--	13	19721	卖盘
10:20:51	15.17	-0.01	4	6068	卖盘
10:20:48	15.18	0.01	2	3036	买盘
10:20:39	15.17	--	28	42476	卖盘
10:20:36	15.17	--	36	54612	卖盘
10:20:30	15.17	0.01	42	63714	买盘
10:20:24	15.16	-0.01	48	72768	卖盘
10:20:21	15.17	--	36	54612	买盘
10:20:18	15.17	0.01	7	10619	买盘
10:20:15	15.16	-0.01	7	10612	卖盘
10:20:12	15.17	--	10	15170	买盘
10:20:09	15.17	--	21	31857	卖盘
10:19:57	15.17	--	3	4551	卖盘
10:19:54	15.17	--	8	12136	卖盘
10:19:42	15.17	-0.01	2	3034	卖盘
10:19:39	15.18	0.01	72	109296	买盘
10:19:30	15.17	-0.01	1	1517	卖盘
10:19:27	15.18	--	5	7590	买盘
10:19:21	15.18	--	10	15180	买盘
10:19:18	15.18	--	3	4554	买盘
10:19:12	15.18	--	15	22770	卖盘
10:19:06	15.18	--	10	15180	卖盘
10:18:57	15.18	--	5	7590	卖盘
10:18:54	15.18	--	10	15180	卖盘
10:18:51	15.18	--	6	9108	卖盘
10:18:48	15.18	--	5	7590	卖盘
10:18:45	15.18	--	2	3036	卖盘
10:18:42	15.18	-0.01	8	12144	卖盘
10:18:30	15.19	--	5	7595	卖盘
10:18:24	15.19	--	38	57722	卖盘
10:18:21	15.19	--	1	1519	卖盘
10:18:18	15.19	-0.01	2	3038	中性盘
10:17:45	15.2	--	36	54720	买盘
10:17:42	15.2	--	33	50160	买盘
10:17:36	15.2	0.02	3	4560	买盘
10:17:21	15.18	0.01	10	15180	买盘
10:17:12	15.17	--	1	1517	卖盘
10:17:09	15.17	--	9	13653	卖盘
10:17:03	15.17	--	2	3034	卖盘
10:17:00	15.17	--	5	7585	卖盘
10:16:51	15.17	--	5	7585	买盘
10:16:48	15.17	--	64	97088	卖盘
10:16:42	15.17	--	15	22755	卖盘
10:16:39	15.17	0.01	2	3034	中性盘
10:16:27	15.16	--	5	7580	卖盘
10:16:24	15.16	-0.01	12	18192	卖盘
10:16:21	15.17	--	31	47027	卖盘
10:16:18	15.17	--	30	45510	买盘
10:16:06	15.17	--	17	25789	卖盘
10:16:03	15.17	-0.01	73	110741	卖盘
10:16:00	15.18	--	10	15180	买盘
10:15:51	15.18	0.01	20	30360	买盘
10:15:45	15.17	-0.01	2	3034	卖盘
10:15:42	15.18	--	18	27324	买盘
10:15:36	15.18	0.01	90	136620	买盘
10:15:33	15.17	-0.01	3	4551	卖盘
10:15:27	15.18	0.01	28	42504	买盘
10:15:24	15.17	--	5	7585	卖盘
10:15:15	15.17	-0.01	8	12136	卖盘
10:15:06	15.18	-0.01	187	283866	卖盘
10:15:03	15.19	0.01	5	7595	买盘
10:15:00	15.18	--	40	60720	卖盘
10:14:57	15.18	-0.01	20	30360	卖盘
10:14:51	15.19	--	5	7595	卖盘
10:14:36	15.19	-0.01	9	13671	卖盘
10:14:30	15.2	0.01	1	1520	买盘
10:14:21	15.19	--	3	4557	卖盘
10:14:18	15.19	--	100	151900	卖盘
10:14:12	15.19	-0.01	25	37975	卖盘
10:14:09	15.2	--	11	16720	买盘
10:14:00	15.2	--	10	15200	买盘
10:13:48	15.2	--	10	15200	卖盘
10:13:36	15.2	--	1	1520	卖盘
10:13:33	15.2	--	50	76000	卖盘
10:13:21	15.2	--	1	1520	卖盘
10:13:06	15.2	--	2	3040	卖盘
10:13:03	15.2	--	4	6080	卖盘
10:12:45	15.2	-0.01	8	12160	卖盘
10:12:39	15.21	0.01	7	10647	买盘
10:12:33	15.2	-0.01	50	76000	卖盘
10:12:30	15.21	--	109	165789	买盘
10:12:27	15.21	0.01	2	3042	买盘
10:12:15	15.2	-0.01	45	68400	卖盘
10:12:12	15.21	--	24	36504	买盘
10:12:09	15.21	0.01	9	13689	买盘
10:11:54	15.2	--	1	1520	卖盘
10:11:48	15.2	--	30	45600	卖盘
10:11:45	15.2	-0.01	3	4560	卖盘
10:11:42	15.21	0.01	1	1521	买盘
10:11:36	15.2	--	20	30400	卖盘
10:11:33	15.2	-0.01	9	13680	卖盘
10:11:27	15.21	0.01	5	7605	买盘
10:11:24	15.2	--	29	44080	卖盘
10:11:21	15.2	--	5	7600	卖盘
10:11:03	15.2	--	87	132240	买盘
10:10:57	15.2	--	14	21280	买盘
10:10:48	15.2	--	19	28880	买盘
10:10:24	15.2	-0.01	3	4560	中性盘
10:10:12	15.21	0.02	309	469989	买盘
10:10:06	15.19	0.01	3	4557	买盘
10:10:03	15.18	-0.01	10	15180	卖盘
10:09:51	15.19	--	10	15190	买盘
10:09:45	15.19	-0.02	194	294686	卖盘
10:09:42	15.21	--	30	45630	买盘
10:09:33	15.21	0.01	11	16731	买盘
10:09:30	15.2	--	59	89680	中性盘
10:09:15	15.2	0.01	8	12160	买盘
10:09:09	15.19	--	1	1519	卖盘
10:08:54	15.19	--	5	7595	卖盘
10:08:48	15.19	--	205	311395	卖盘
10:08:30	15.19	--	46	69874	卖盘
10:08:24	15.19	-0.01	4	6076	卖盘
10:08:12	15.2	0.01	149	226480	买盘
10:08:09	15.19	-0.01	2	3038	卖盘
10:08:06	15.2	0.01	5	7600	买盘
10:08:00	15.19	-0.01	14	21266	卖盘
10:07:57	15.2	--	1	1520	买盘
10:07:54	15.2	0.01	10	15200	买盘
10:07:39	15.19	0.01	17	25823	买盘
10:07:36	15.18	-0.01	14	21252	卖盘
10:07:33	15.19	--	13	19747	买盘
10:07:27	15.19	0.01	10	15190	买盘
10:07:21	15.18	-0.01	1	1518	卖盘
10:07:09	15.19	0.01	5	7595	买盘
10:07:06	15.18	--	3	4554	卖盘
10:07:03	15.18	--	1	1518	卖盘
10:07:00	15.18	--	16	24288	买盘
10:06:57	15.18	--	14	21252	买盘
10:06:51	15.18	0.01	14	21252	买盘
10:06:48	15.17	--	40	60680	买盘
10:06:45	15.17	--	15	22755	买盘
10:06:42	15.17	--	10	15170	买盘
10:06:39	15.17	--	13	19721	买盘
10:06:36	15.17	-0.01	14	21238	卖盘
10:06:33	15.18	--	307	466026	买盘
10:06:24	15.18	0.01	308	467544	买盘
10:06:21	15.17	0.01	1	1517	中性盘
10:06:15	15.16	-0.01	59	89444	卖盘
10:06:12	15.17	--	3	4551	买盘
10:06:03	15.17	0.01	5	7585	买盘
10:05:57	15.16	-0.01	2	3032	卖盘
10:05:51	15.17	0.01	14	21238	买盘
10:05:48	15.16	-0.01	5	7580	卖盘
10:05:33	15.17	--	8	12136	卖盘
10:05:27	15.17	--	1	1517	卖盘
10:05:24	15.17	0.01	15	22755	买盘
10:05:21	15.16	-0.01	11	16676	卖盘
10:05:18	15.17	0.01	30	45510	中性盘
10:05:09	15.16	-0.01	56	84896	卖盘
10:05:06	15.17	--	96	145632	买盘
10:04:54	15.17	--	47	71299	买盘
10:04:51	15.17	--	11	16687	买盘
10:04:36	15.17	-0.01	57	86469	卖盘
10:04:30	15.18	0.01	55	83490	买盘
10:04:27	15.17	-0.01	20	30340	卖盘
10:04:21	15.18	0.01	7	10626	买盘
10:04:18	15.17	--	8	12136	卖盘
10:04:15	15.17	-0.01	1	1517	卖盘
10:04:09	15.18	--	10	15180	买盘
10:04:03	15.18	0.01	4	6072	买盘
10:04:00	15.17	-0.01	11	16687	卖盘
10:03:57	15.18	--	4	6072	买盘
10:03:54	15.18	--	15	22770	买盘
10:03:42	15.18	--	5	7590	买盘
10:03:39	15.18	0.01	10	15180	买盘
10:03:33	15.17	--	11	16687	卖盘
10:03:27	15.17	--	2	3034	卖盘
10:03:24	15.17	--	5	7585	卖盘
10:03:21	15.17	--	2	3034	卖盘
10:03:18	15.17	-0.01	19	28823	卖盘
10:03:12	15.18	0.01	3	4554	买盘
10:03:03	15.17	0.01	32	48544	买盘
10:02:54	15.16	-0.01	30	45480	卖盘
10:02:51	15.17	0.01	2	3034	买盘
10:02:39	15.16	--	4	6064	卖盘
10:02:33	15.16	--	7	10612	买盘
10:02:18	15.16	--	1	1516	买盘
10:02:15	15.16	0.01	12	18192	买盘
10:02:12	15.15	--	8	12120	卖盘
10:02:06	15.15	-0.01	2	3030	卖盘
10:02:00	15.16	--	4	6064	买盘
10:01:57	15.16	--	24	36384	买盘
10:01:54	15.16	0.01	20	30320	买盘
10:01:51	15.15	-0.01	3	4545	卖盘
10:01:42	15.16	0.01	20	30320	买盘
10:01:36	15.15	-0.01	18	27270	卖盘
10:01:21	15.16	--	5	7580	买盘
10:01:18	15.16	--	7	10612	买盘
10:01:15	15.16	--	131	198596	卖盘
10:01:06	15.16	--	20	30320	卖盘
10:01:00	15.16	--	2	3032	卖盘
10:00:57	15.16	-0.01	191	289556	卖盘
10:00:48	15.17	--	5	7585	卖盘
10:00:45	15.17	0.01	2	3034	中性盘
10:00:36	15.16	-0.01	40	60640	卖盘
10:00:33	15.17	--	2	3034	卖盘
10:00:30	15.17	-0.01	6	9102	中性盘
10:00:18	15.18	0.01	11	16698	买盘
10:00:15	15.17	--	6	9102	卖盘
10:00:09	15.17	--	6	9102	买盘
10:00:06	15.17	--	97	147149	卖盘
10:00:03	15.17	-0.01	24	36408	卖盘
10:00:00	15.18	0.01	10	15180	买盘
09:59:57	15.17	--	2	3034	卖盘
09:59:54	15.17	-0.01	9	13653	卖盘
09:59:45	15.18	0.01	16	24288	买盘
09:59:33	15.17	-0.01	20	30340	卖盘
09:59:30	15.18	--	1	1518	买盘
09:59:24	15.18	--	36	54648	卖盘
09:59:21	15.18	--	4	6072	买盘
09:59:15	15.18	--	5	7590	买盘
09:59:12	15.18	--	20	30360	买盘
09:59:03	15.18	--	3	4554	买盘
09:58:57	15.18	-0.01	18	27324	卖盘
09:58:54	15.19	0.01	35	53165	买盘
09:58:33	15.18	--	2	3036	卖盘
09:58:30	15.18	--	20	30360	卖盘
09:58:21	15.18	0.01	44	66792	买盘
09:58:15	15.17	--	5	7585	卖盘
09:58:12	15.17	--	4	6068	卖盘
09:58:06	15.17	-0.01	7	10619	卖盘
09:58:00	15.18	--	151	229218	买盘
09:57:57	15.18	--	7	10626	买盘
09:57:54	15.18	-0.01	39	59202	卖盘
09:57:51	15.19	--	13	19747	买盘
09:57:48	15.19	--	21	31899	买盘
09:57:36	15.19	--	9	13671	买盘
09:57:33	15.19	--	16	24304	买盘
09:57:30	15.19	--	6	9114	买盘
09:57:27	15.19	--	2	3038	买盘
09:57:15	15.19	0.01	7	10633	买盘
09:57:09	15.18	--	5	7590	卖盘
09:57:06	15.18	-0.01	50	75900	卖盘
09:57:00	15.19	--	1	1519	买盘
09:56:57	15.19	0.01	10	15190	买盘
09:56:51	15.18	0.02	30	45540	买盘
09:56:45	15.16	--	58	87928	买盘
09:56:42	15.16	--	16	24256	卖盘
09:56:39	15.16	--	25	37900	买盘
09:56:36	15.16	--	60	90960	买盘
09:56:30	15.16	--	264	400587	买盘
09:56:27	15.16	0.01	1	1516	买盘
09:56:24	15.15	--	88	133320	卖盘
09:56:18	15.15	--	16	24240	卖盘
09:56:15	15.15	--	3	4545	卖盘
09:56:12	15.15	--	70	106050	买盘
09:56:09	15.15	--	52	78780	买盘
09:56:03	15.15	--	15	22725	买盘
09:56:00	15.15	-0.01	146	221190	卖盘
09:55:57	15.16	--	6	9096	卖盘
09:55:54	15.16	--	18	27288	卖盘
09:55:51	15.16	--	10	15160	卖盘
09:55:48	15.16	0.01	96	145536	买盘
09:55:45	15.15	-0.01	2	3030	卖盘
09:55:42	15.16	0.01	36	54576	买盘
09:55:39	15.15	-0.01	7	10605	卖盘
09:55:33	15.16	--	3	4548	买盘
09:55:27	15.16	--	22	33352	卖盘
09:55:24	15.16	--	18	27288	卖盘
09:55:21	15.16	-0.01	16	24256	卖盘
09:55:18	15.17	0.01	20	30340	买盘
09:55:15	15.16	-0.01	88	133408	卖盘
09:55:09	15.17	--	11	16687	卖盘
09:55:06	15.17	--	10	15170	卖盘
09:55:00	15.17	--	5	7585	卖盘
09:54:54	15.17	-0.01	3	4551	卖盘
09:54:48	15.18	0.01	4	6072	买盘
09:54:42	15.17	-0.02	59	89503	卖盘
09:54:33	15.19	--	41	62279	卖盘
09:54:30	15.19	--	10	15190	卖盘
09:54:27	15.19	--	23	34937	卖盘
09:54:24	15.19	--	11	16709	卖盘
09:54:21	15.19	-0.01	30	45570	卖盘
09:54:18	15.2	0.01	5	7600	买盘
09:54:15	15.19	-0.01	19	28861	卖盘
09:54:06	15.2	--	9	13680	卖盘
09:54:00	15.2	--	129	196080	卖盘
09:53:57	15.2	--	54	82080	卖盘
09:53:54	15.2	--	15	22800	卖盘
09:53:51	15.2	--	169	256880	卖盘
09:53:48	15.2	--	24	36480	卖盘
09:53:45	15.2	--	4	6080	卖盘
09:53:42	15.2	--	106	161120	卖盘
09:53:39	15.2	--	21	31920	卖盘
09:53:33	15.2	--	8	12160	卖盘
09:53:30	15.2	-0.01	9	13680	卖盘
09:53:27	15.21	0.01	14	21294	买盘
09:53:24	15.2	-0.01	15	22800	卖盘
09:53:18	15.21	--	158	240318	卖盘
09:53:12	15.21	--	4	6084	卖盘
09:53:09	15.21	--	33	50193	卖盘
09:53:06	15.21	--	15	22815	卖盘
09:53:03	15.21	--	5	7605	卖盘
09:52:57	15.21	--	20	30420	卖盘
09:52:54	15.21	-0.01	7	10647	卖盘
09:52:51	15.22	--	13	19786	买盘
09:52:45	15.22	0.01	5	7610	买盘
09:52:42	15.21	-0.02	12	18252	卖盘
09:52:39	15.23	0.01	3	4569	买盘
09:52:36	15.22	--	4	6088	卖盘
09:52:33	15.22	--	4	6088	卖盘
09:52:27	15.22	0.01	7	10654	中性盘
09:52:21	15.21	--	13	19773	卖盘
09:52:15	15.21	-0.02	2	3042	卖盘
09:52:06	15.23	--	175	266525	买盘
09:51:54	15.23	--	9	13707	卖盘
09:51:51	15.23	--	8	12184	卖盘
09:51:48	15.23	--	10	15230	卖盘
09:51:36	15.23	-0.01	67	102041	卖盘
09:51:33	15.24	--	10	15240	卖盘
09:51:30	15.24	0.01	3	4572	买盘
09:51:27	15.23	-0.01	18	27414	卖盘
09:51:21	15.24	0.01	13	19812	买盘
09:51:12	15.23	-0.01	1	1523	卖盘
09:51:09	15.24	--	10	15240	买盘
09:51:06	15.24	--	9	13716	中性盘
09:50:57	15.24	0.01	37	56388	买盘
09:50:54	15.23	-0.01	26	39598	卖盘
09:50:51	15.24	--	10	15240	买盘
09:50:45	15.24	0.01	5	7620	买盘
09:50:39	15.23	--	2	3046	卖盘
09:50:24	15.23	--	19	28937	卖盘
09:50:21	15.23	--	4	6092	买盘
09:50:18	15.23	--	1	1523	买盘
09:50:09	15.23	0.01	10	15230	买盘
09:49:57	15.22	-0.01	5	7610	卖盘
09:49:51	15.23	0.01	20	30460	买盘
09:49:42	15.22	0.01	23	35006	卖盘
09:49:39	15.21	--	21	31941	卖盘
09:49:36	15.21	-0.01	38	57798	卖盘
09:49:33	15.22	--	62	94364	买盘
09:49:24	15.22	--	10	15220	卖盘
09:49:09	15.22	0.01	28	42616	买盘
09:49:06	15.21	-0.01	23	34983	卖盘
09:49:00	15.22	--	5	7610	买盘
09:48:57	15.22	--	6	9132	买盘
09:48:51	15.22	--	16	24352	买盘
09:48:48	15.22	--	37	56314	卖盘
09:48:45	15.22	--	3	4566	卖盘
09:48:42	15.22	--	1	1522	卖盘
09:48:39	15.22	--	8	12176	卖盘
09:48:30	15.22	--	56	85232	卖盘
09:48:27	15.22	--	5	7610	买盘
09:48:24	15.22	0.01	3	4566	买盘
09:48:21	15.21	-0.01	4	6084	卖盘
09:48:18	15.22	--	5	7610	买盘
09:48:15	15.22	-0.04	5	7610	卖盘
09:48:12	15.26	0.04	140	213640	买盘
09:48:09	15.22	-0.01	48	73056	卖盘
09:48:06	15.23	0.01	5	7615	买盘
09:48:03	15.22	-0.01	15	22830	卖盘
09:48:00	15.23	0.01	4	6092	买盘
09:47:54	15.22	-0.03	7	10654	卖盘
09:47:42	15.25	0.02	18	27450	买盘
09:47:39	15.23	--	13	19799	卖盘
09:47:36	15.23	-0.01	6	9138	卖盘
09:47:27	15.24	--	2	3048	买盘
09:47:24	15.24	--	2	3048	买盘
09:47:18	15.24	--	2	3048	卖盘
09:47:15	15.24	--	5	7620	卖盘
09:47:12	15.24	--	5	7620	卖盘
09:47:09	15.24	--	9	13716	买盘
09:47:03	15.24	--	2	3048	卖盘
09:46:54	15.24	--	24	36576	卖盘
09:46:51	15.24	-0.02	5	7620	卖盘
09:46:48	15.26	--	20	30520	买盘
09:46:45	15.26	0.02	3	4578	买盘
09:46:42	15.24	--	21	32004	卖盘
09:46:39	15.24	-0.02	5	7620	卖盘
09:46:36	15.26	--	18	27468	买盘
09:46:33	15.26	--	9	13734	买盘
09:46:30	15.26	0.02	15	22890	买盘
09:46:21	15.24	-0.02	10	15240	卖盘
09:46:18	15.26	0.01	10	15260	中性盘
09:46:09	15.25	-0.01	10	15250	卖盘
09:46:06	15.26	-0.01	3	4578	卖盘
09:46:00	15.27	-0.01	5	7635	中性盘
09:45:51	15.28	0.04	30	45840	买盘
09:45:48	15.24	-0.04	9	13716	卖盘
09:45:39	15.28	0.03	200	305600	买盘
09:45:36	15.25	-0.01	6	9150	卖盘
09:45:33	15.26	--	10	15260	买盘
09:45:24	15.26	0.03	2	3052	买盘
09:45:21	15.23	-0.02	131	199513	卖盘
09:45:18	15.25	0.01	111	169275	买盘
09:45:15	15.24	--	7	10668	卖盘
09:45:06	15.24	--	3	4572	卖盘
09:45:00	15.24	--	17	25908	买盘
09:44:57	15.24	0.01	8	12192	买盘
09:44:54	15.23	--	10	15230	卖盘
09:44:45	15.23	--	8	12184	买盘
09:44:42	15.23	--	5	7615	买盘
09:44:39	15.23	--	1	1523	卖盘
09:44:36	15.23	-0.01	10	15230	卖盘
09:44:33	15.24	0.01	18	27432	买盘
09:44:30	15.23	--	12	18276	卖盘
09:44:27	15.23	--	18	27414	卖盘
09:44:21	15.23	--	6	9138	卖盘
09:44:18	15.23	0.01	154	234542	买盘
09:44:12	15.22	--	10	15220	买盘
09:44:09	15.22	--	79	120238	卖盘
09:44:06	15.22	--	20	30440	卖盘
09:44:03	15.22	--	8	12176	卖盘
09:43:51	15.22	-0.02	4	6088	卖盘
09:43:48	15.24	0.01	14	21336	买盘
09:43:45	15.23	--	5	7615	卖盘
09:43:42	15.23	--	9	13707	卖盘
09:43:39	15.23	-0.01	12	18276	卖盘
09:43:36	15.24	--	1	1524	买盘
09:43:30	15.24	--	10	15240	买盘
09:43:27	15.24	--	5	7620	买盘
09:43:24	15.24	--	20	30480	卖盘
09:43:21	15.24	--	6	9144	卖盘
09:43:18	15.24	--	8	12192	买盘
09:43:12	15.24	-0.01	1	1524	买盘
09:43:09	15.25	0.01	28	42700	买盘
09:43:06	15.24	--	3	4572	卖盘
09:43:03	15.24	--	49	74676	卖盘
09:42:57	15.24	--	160	243840	买盘
09:42:51	15.24	--	23	35052	买盘
09:42:45	15.24	-0.01	5	7620	中性盘
09:42:39	15.25	0.02	2	3050	买盘
09:42:36	15.23	-0.02	10	15230	卖盘
09:42:27	15.25	0.02	4	6100	买盘
09:42:24	15.23	--	3	4569	卖盘
09:42:18	15.23	0.01	5	7615	中性盘
09:42:09	15.22	--	3	4566	卖盘
09:42:06	15.22	-0.04	10	15220	卖盘
09:42:00	15.26	0.03	55	83930	买盘
09:41:57	15.23	-0.03	7	10661	买盘
09:41:54	15.26	0.04	11	16786	买盘
09:41:51	15.22	-0.01	224	340928	卖盘
09:41:45	15.23	-0.03	5	7615	卖盘
09:41:42	15.26	0.01	11	16786	买盘
09:41:39	15.25	--	29	44225	卖盘
09:41:36	15.25	--	14	21350	卖盘
09:41:33	15.25	-0.01	24	36600	卖盘
09:41:30	15.26	0.01	1	1526	买盘
09:41:27	15.25	-0.01	17	25925	卖盘
09:41:24	15.26	--	13	19838	买盘
09:41:15	15.26	0.01	2	3052	买盘
09:41:12	15.25	-0.01	10	15250	卖盘
09:41:09	15.26	--	17	25942	卖盘
09:41:06	15.26	--	7	10682	卖盘
09:41:03	15.26	--	6	9156	卖盘
09:41:00	15.26	--	15	22890	卖盘
09:40:57	15.26	--	5	7630	卖盘
09:40:54	15.26	0.01	16	24416	买盘
09:40:51	15.25	-0.01	205	312625	中性盘
09:40:39	15.26	--	83	126658	买盘
09:40:36	15.26	--	32	48832	卖盘
09:40:33	15.26	-0.01	27	41202	卖盘
09:40:24	15.27	-0.01	14	21378	卖盘
09:40:21	15.28	0.01	2	3056	买盘
09:40:18	15.27	--	40	61080	卖盘
09:40:15	15.27	-0.02	36	54972	卖盘
09:40:12	15.29	0.01	63	96327	买盘
09:40:09	15.28	-0.01	100	152800	卖盘
09:40:06	15.29	0.01	108	165132	中性盘
09:40:03	15.28	-0.01	132	201696	卖盘
09:40:00	15.29	0.01	10	15290	中性盘
09:39:57	15.28	-0.01	27	41256	卖盘
09:39:54	15.29	0.01	28	42812	买盘
09:39:51	15.28	--	51	77928	卖盘
09:39:45	15.28	-0.01	26	39728	卖盘
09:39:42	15.29	0.01	3	4587	买盘
09:39:39	15.28	--	13	19864	买盘
09:39:36	15.28	0.01	4	6112	买盘
09:39:33	15.27	--	41	62607	中性盘
09:39:30	15.27	-0.01	20	30540	卖盘
09:39:27	15.28	0.02	32	48896	买盘
09:39:24	15.26	-0.02	2	3052	卖盘
09:39:21	15.28	0.01	26	39728	买盘
09:39:12	15.27	0.02	2	3054	买盘
09:39:09	15.25	--	31	47275	买盘
09:39:06	15.25	0.01	11	16775	买盘
09:39:03	15.24	--	9	13716	卖盘
09:39:00	15.24	--	2	3048	卖盘
09:38:57	15.24	0.03	134	204216	买盘
09:38:54	15.21	--	29	44109	卖盘
09:38:51	15.21	--	3	4563	卖盘
09:38:48	15.21	--	3	4563	卖盘
09:38:45	15.21	0.01	84	127764	买盘
09:38:39	15.2	--	4	6080	卖盘
09:38:36	15.2	--	21	31920	卖盘
09:38:33	15.2	--	70	106400	买盘
09:38:27	15.2	--	20	30400	卖盘
09:38:24	15.2	-0.01	5	7600	卖盘
09:38:21	15.21	--	8	12168	买盘
09:38:18	15.21	0.02	20	30420	买盘
09:38:15	15.19	-0.01	15	22785	卖盘
09:38:12	15.2	0.01	59	89680	买盘
09:38:09	15.19	-0.01	4	6076	卖盘
09:38:06	15.2	--	4	6080	买盘
09:38:03	15.2	--	10	15200	买盘
09:38:00	15.2	--	43	65360	卖盘
09:37:57	15.2	--	77	117040	卖盘
09:37:54	15.2	--	17	25840	卖盘
09:37:51	15.2	--	10	15200	卖盘
09:37:48	15.2	--	1	1520	卖盘
09:37:45	15.2	--	19	28880	卖盘
09:37:42	15.2	--	40	60800	买盘
09:37:39	15.2	0.01	20	30400	卖盘
09:37:36	15.19	-0.01	152	230888	卖盘
09:37:33	15.2	--	3	4560	买盘
09:37:30	15.2	--	24	36480	买盘
09:37:27	15.2	--	55	83600	卖盘
09:37:21	15.2	-0.01	72	109440	卖盘
09:37:18	15.21	-0.01	22	33462	卖盘
09:37:15	15.22	0.02	13	19786	买盘
09:37:09	15.2	-0.01	52	79040	卖盘
09:37:06	15.21	-0.01	2	3042	卖盘
09:37:03	15.22	0.02	85	129370	买盘
09:37:00	15.2	-0.01	36	54720	卖盘
09:36:57	15.21	--	96	146016	卖盘
09:36:54	15.21	-0.01	50	76050	卖盘
09:36:51	15.22	0.01	21	31962	买盘
09:36:48	15.21	--	3	4563	卖盘
09:36:42	15.21	0.01	1	1521	卖盘
09:36:36	15.2	-0.01	27	41040	卖盘
09:36:33	15.21	0.01	22	33462	买盘
09:36:27	15.2	--	11	16720	卖盘
09:36:24	15.2	0.01	62	94240	买盘
09:36:21	15.19	-0.01	18	27342	卖盘
09:36:18	15.2	--	20	30400	买盘
09:36:15	15.2	--	2	3040	买盘
09:36:12	15.2	--	8	12160	买盘
09:36:09	15.2	--	5	7600	买盘
09:36:06	15.2	--	23	34960	卖盘
09:36:03	15.2	--	15	22800	卖盘
09:36:00	15.2	--	10	15200	卖盘
09:35:57	15.2	0.02	153	232560	买盘
09:35:45	15.18	--	173	262614	买盘
09:35:42	15.18	--	8	12144	买盘
09:35:39	15.18	--	32	48576	买盘
09:35:36	15.18	--	13	19734	买盘
09:35:33	15.18	--	100	151800	买盘
09:35:30	15.18	--	10	15180	买盘
09:35:27	15.18	0.01	10	15180	买盘
09:35:24	15.17	-0.01	42	63714	卖盘
09:35:18	15.18	--	5	7590	买盘
09:35:12	15.18	--	29	44022	买盘
09:35:06	15.18	0.01	16	24288	买盘
09:35:03	15.17	0.01	63	95571	买盘
09:35:00	15.16	-0.01	45	68220	卖盘
09:34:57	15.17	0.01	1	1517	买盘
09:34:51	15.16	--	9	13644	卖盘
09:34:45	15.16	0.01	75	113700	买盘
09:34:39	15.15	-0.01	10	15150	卖盘
09:34:36	15.16	--	3	4548	买盘
09:34:33	15.16	0.01	6	9096	买盘
09:34:30	15.15	0.01	10	15150	买盘
09:34:27	15.14	-0.01	16	24224	卖盘
09:34:24	15.15	--	11	16665	买盘
09:34:18	15.15	0.01	18	27270	买盘
09:34:15	15.14	--	1	1514	卖盘
09:34:12	15.14	--	6	9084	卖盘
09:34:09	15.14	--	42	63588	买盘
09:34:03	15.14	0.01	40	60560	买盘
09:34:00	15.13	--	10	15130	卖盘
09:33:54	15.13	--	70	105910	卖盘
09:33:51	15.13	--	10	15130	卖盘
09:33:48	15.13	--	23	34799	卖盘
09:33:45	15.13	-0.01	27	40851	卖盘
09:33:42	15.14	0.01	41	62074	买盘
09:33:39	15.13	--	16	24208	买盘
09:33:30	15.13	-0.01	4	6052	卖盘
09:33:27	15.14	0.01	10	15140	买盘
09:33:24	15.13	--	1	1513	中性盘
09:33:21	15.13	0.01	4	6052	中性盘
09:33:18	15.12	-0.02	260	393120	卖盘
09:33:12	15.14	0.01	1	1514	中性盘
09:33:03	15.13	0.01	24	36312	中性盘
09:33:00	15.12	--	4	6048	卖盘
09:32:57	15.12	--	13	19656	卖盘
09:32:54	15.12	-0.01	4	6048	卖盘
09:32:48	15.13	0.01	7	10591	买盘
09:32:45	15.12	-0.01	18	27216	卖盘
09:32:42	15.13	0.01	11	16643	买盘
09:32:39	15.12	--	23	34776	卖盘
09:32:36	15.12	-0.01	3	4536	卖盘
09:32:33	15.13	0.01	46	69598	买盘
09:32:24	15.12	0.01	2	3024	买盘
09:32:18	15.11	--	36	54396	卖盘
09:32:15	15.11	--	19	28709	卖盘
09:32:06	15.11	--	28	42308	卖盘
09:32:03	15.11	0.01	5	7555	中性盘
09:31:57	15.1	-0.01	8	12080	卖盘
09:31:54	15.11	--	22	33242	买盘
09:31:51	15.11	--	20	30220	买盘
09:31:45	15.11	-0.01	78	117858	卖盘
09:31:42	15.12	0.01	51	77112	买盘
09:31:39	15.11	-0.01	33	49863	卖盘
09:31:36	15.12	--	15	22680	买盘
09:31:18	15.12	--	29	43848	买盘
09:31:12	15.12	-0.01	100	151200	卖盘
09:30:57	15.13	0.01	6	9078	买盘
09:30:54	15.12	--	3	4536	卖盘
09:30:48	15.12	--	56	84672	卖盘
09:30:42	15.12	--	5	7560	卖盘
09:30:36	15.12	--	1	1512	买盘
09:30:24	15.12	--	10	15120	买盘
09:30:18	15.12	--	24	36288	卖盘
09:30:12	15.12	-0.01	1	1512	卖盘
09:30:06	15.13	0.01	24	36312	买盘
09:30:03	15.12	--	115	173880	卖盘
09:30:00	15.12	--	0	0	卖盘
09:25:03	15.12	15.12	157	237384	买盘
