成交时间	成交价	价格变动	成交量(手)	成交额(元)	性质
15:00:03	22.98	0.02	190	436620	买盘
14:57:00	22.96	--	0	0	卖盘
14:56:51	22.96	-0.01	1	2296	卖盘
14:56:33	22.97	--	9	20673	买盘
14:56:27	22.97	--	1	2297	买盘
14:56:21	22.97	-0.02	9	20673	卖盘
14:56:18	22.99	0.02	10	22990	买盘
14:56:09	22.97	0.01	26	59722	买盘
14:56:00	22.96	0.01	9	20664	买盘
14:55:45	22.95	--	4	9180	买盘
14:55:42	22.95	-0.01	5	11475	卖盘
14:55:33	22.96	0.01	5	11480	买盘
14:55:30	22.95	-0.01	3	6885	中性盘
14:55:15	22.96	--	70	160720	卖盘
14:55:12	22.96	--	1	2296	卖盘
14:54:45	22.96	-0.02	10	22960	卖盘
14:54:42	22.98	0.01	10	22980	买盘
14:54:36	22.97	--	6	13782	卖盘
14:54:15	22.97	--	4	9188	买盘
14:54:09	22.97	0.01	6	13782	买盘
14:53:54	22.96	0.02	24	55104	买盘
14:53:30	22.94	--	15	34410	卖盘
14:53:21	22.94	--	3	6882	买盘
14:52:48	22.94	--	2	4588	买盘
14:52:45	22.94	--	2	4588	买盘
14:52:30	22.94	--	2	4588	买盘
14:52:12	22.94	-0.02	8	18352	中性盘
14:51:15	22.96	0.02	17	39032	买盘
14:51:09	22.94	--	3	6882	卖盘
14:50:54	22.94	0.01	1	2294	卖盘
14:50:39	22.93	-0.01	2	4586	卖盘
14:50:36	22.94	--	5	11470	买盘
14:50:18	22.94	--	5	11470	卖盘
14:50:00	22.94	0.02	26	59644	卖盘
14:49:18	22.92	-0.02	10	22920	卖盘
14:49:12	22.94	--	22	50468	买盘
14:49:00	22.94	0.02	1	2294	买盘
14:48:48	22.92	--	3	6876	买盘
14:48:33	22.92	-0.01	86	197112	卖盘
14:48:24	22.93	-0.01	13	29809	卖盘
14:48:15	22.94	--	2	4588	买盘
14:48:09	22.94	--	10	22940	买盘
14:47:57	22.94	--	1	2294	卖盘
14:47:51	22.94	--	20	45880	卖盘
14:47:45	22.94	-0.01	10	22940	卖盘
14:47:36	22.95	--	3	6885	买盘
14:47:15	22.95	--	21	48195	卖盘
14:47:12	22.95	-0.01	58	133110	卖盘
14:47:03	22.96	0.01	13	29848	买盘
14:46:54	22.95	-0.01	2	4590	卖盘
14:46:48	22.96	--	1	2296	买盘
14:46:45	22.96	--	2	4592	买盘
14:46:36	22.96	--	7	16072	买盘
14:46:21	22.96	--	12	27552	买盘
14:46:06	22.96	--	1	2296	卖盘
14:45:42	22.96	--	2	4592	卖盘
14:45:36	22.96	0.01	17	39032	买盘
14:45:18	22.95	-0.01	1	2295	卖盘
14:45:03	22.96	-0.02	40	91840	卖盘
14:44:51	22.98	--	2	4596	中性盘
14:43:57	22.98	--	3	6894	买盘
14:43:54	22.98	--	16	36768	卖盘
14:43:45	22.98	-0.02	19	43662	卖盘
14:43:39	23.0	0.02	1	2300	买盘
14:43:21	22.98	-0.02	9	20682	卖盘
14:43:15	23.0	0.02	1	2300	买盘
14:43:12	22.98	--	1	2298	卖盘
14:42:51	22.98	0.01	16	36768	买盘
14:42:48	22.97	-0.01	6	13782	卖盘
14:42:36	22.98	0.01	5	11490	买盘
14:42:21	22.97	0.01	45	103365	买盘
14:42:09	22.96	--	26	59696	买盘
14:42:03	22.96	--	20	45920	买盘
14:41:42	22.96	--	25	57400	买盘
14:41:39	22.96	--	30	68880	买盘
14:41:33	22.96	--	2	4592	买盘
14:41:24	22.96	-0.01	57	130872	卖盘
14:41:18	22.97	0.01	16	36752	买盘
14:41:06	22.96	--	5	11480	卖盘
14:41:03	22.96	0.01	51	117096	买盘
14:40:36	22.95	--	8	18360	卖盘
14:40:30	22.95	-0.01	27	61965	卖盘
14:40:21	22.96	--	5	11480	买盘
14:40:09	22.96	0.01	31	71176	买盘
14:39:51	22.95	-0.01	5	11475	卖盘
14:39:39	22.96	--	1	2296	卖盘
14:39:36	22.96	0.01	3	6888	买盘
14:39:33	22.95	--	8	18360	卖盘
14:39:27	22.95	-0.01	1	2295	卖盘
14:39:21	22.96	--	14	32144	买盘
14:39:12	22.96	-0.01	26	59696	卖盘
14:39:00	22.97	--	2	4594	买盘
14:38:48	22.97	-0.01	40	91880	卖盘
14:38:39	22.98	-0.02	12	27576	卖盘
14:38:27	23.0	--	3	6900	卖盘
14:38:24	23.0	--	42	96600	卖盘
14:38:12	23.0	--	8	18400	卖盘
14:38:06	23.0	--	30	69000	卖盘
14:37:51	23.0	--	9	20700	卖盘
14:37:39	23.0	--	50	115000	卖盘
14:37:36	23.0	--	64	147200	卖盘
14:37:33	23.0	--	18	41400	卖盘
14:37:27	23.0	--	50	115000	卖盘
14:37:24	23.0	--	2	4600	卖盘
14:37:18	23.0	-0.02	64	147200	卖盘
14:37:09	23.02	--	8	18416	卖盘
14:37:00	23.02	-0.02	8	18416	卖盘
14:36:57	23.04	-0.01	28	64512	卖盘
14:36:51	23.05	-0.01	8	18440	卖盘
14:36:27	23.06	-0.01	3	6918	卖盘
14:36:12	23.07	0.01	8	18456	买盘
14:35:51	23.06	-0.03	8	18448	卖盘
14:35:30	23.09	--	4	9236	买盘
14:35:27	23.09	0.03	70	161630	买盘
14:35:24	23.06	-0.01	9	20754	卖盘
14:35:15	23.07	--	3	6921	卖盘
14:35:09	23.07	0.02	20	46140	买盘
14:35:00	23.05	--	20	46100	卖盘
14:34:54	23.05	--	31	71455	买盘
14:34:39	23.05	--	4	9220	买盘
14:34:24	23.05	0.01	42	96810	买盘
14:34:12	23.04	--	2	4608	卖盘
14:34:03	23.04	0.02	46	105984	买盘
14:33:54	23.02	-0.02	37	85174	卖盘
14:33:27	23.04	0.02	5	11520	买盘
14:33:18	23.02	-0.02	60	138120	卖盘
14:33:06	23.04	0.02	11	25344	买盘
14:32:57	23.02	-0.01	4	9208	卖盘
14:32:48	23.03	-0.01	20	46060	卖盘
14:32:39	23.04	--	74	170496	卖盘
14:32:33	23.04	--	2	4608	卖盘
14:32:21	23.04	--	1	2304	卖盘
14:32:18	23.04	-0.01	9	20736	卖盘
14:32:09	23.05	--	12	27660	买盘
14:31:36	23.05	--	1	2305	买盘
14:31:27	23.05	--	1	2305	买盘
14:31:06	23.05	0.01	13	29965	买盘
14:31:03	23.04	--	1	2304	卖盘
14:30:51	23.04	0.02	28	64512	买盘
14:30:18	23.02	-0.01	2	4604	卖盘
14:30:12	23.03	0.01	2	4606	中性盘
14:29:51	23.02	--	6	13812	卖盘
14:29:48	23.02	--	4	9208	卖盘
14:27:45	23.02	--	3	6906	卖盘
14:27:09	23.02	-0.01	8	18416	卖盘
14:27:06	23.03	--	50	115150	卖盘
14:26:42	23.03	--	8	18424	卖盘
14:26:24	23.03	--	4	9212	卖盘
14:26:15	23.03	--	29	66787	卖盘
14:25:42	23.03	-0.02	8	18424	卖盘
14:25:27	23.05	--	9	20745	买盘
14:25:18	23.05	--	5	11525	买盘
14:25:06	23.05	--	18	41490	买盘
14:24:57	23.05	--	13	29965	买盘
14:24:51	23.05	--	5	11525	买盘
14:24:42	23.05	--	18	41490	卖盘
14:24:36	23.05	--	8	18440	卖盘
14:24:30	23.05	--	5	11525	卖盘
14:24:15	23.05	--	61	140605	买盘
14:24:00	23.05	--	5	11525	买盘
14:23:51	23.05	--	1	2305	买盘
14:23:36	23.05	--	5	11525	买盘
14:23:27	23.05	--	11	25355	买盘
14:23:12	23.05	--	5	11525	买盘
14:23:03	23.05	0.02	2	4610	买盘
14:22:57	23.03	-0.02	4	9212	卖盘
14:22:54	23.05	--	20	46100	买盘
14:22:45	23.05	0.02	1	2305	买盘
14:22:39	23.03	--	2	4606	买盘
14:22:27	23.03	--	6	13818	卖盘
14:22:00	23.03	-0.02	1	2303	卖盘
14:21:54	23.05	-0.02	49	112945	卖盘
14:21:48	23.07	-0.02	3	6921	卖盘
14:21:42	23.09	--	10	23090	买盘
14:21:36	23.09	0.02	83	191647	买盘
14:21:33	23.07	--	5	11535	卖盘
14:21:30	23.07	-0.02	4	9228	卖盘
14:21:24	23.09	-0.01	4	9236	卖盘
14:21:21	23.1	--	15	34650	买盘
14:21:15	23.1	--	5	11550	买盘
14:21:00	23.1	--	20	46200	买盘
14:20:57	23.1	--	100	231000	买盘
14:20:42	23.1	0.02	11	25410	买盘
14:20:39	23.08	-0.01	43	99243	卖盘
14:20:30	23.09	-0.01	3	6927	卖盘
14:20:27	23.1	--	39	90090	买盘
14:20:24	23.1	0.01	364	840840	买盘
14:20:21	23.09	--	85	196265	中性盘
14:20:12	23.09	--	1	2309	卖盘
14:20:03	23.09	--	14	32326	买盘
14:19:57	23.09	0.01	5	11545	买盘
14:19:54	23.08	--	5	11540	买盘
14:19:45	23.08	0.01	7	16155	买盘
14:19:39	23.07	0.01	13	29991	中性盘
14:19:27	23.06	0.01	10	23060	买盘
14:19:21	23.05	--	11	25355	买盘
14:19:12	23.05	--	1	2305	买盘
14:19:06	23.05	--	20	46100	买盘
14:19:03	23.05	--	100	230500	买盘
14:19:00	23.05	--	30	69150	买盘
14:18:57	23.05	--	105	242025	买盘
14:18:54	23.05	--	5	11525	买盘
14:18:45	23.05	0.01	14	32270	买盘
14:18:42	23.04	--	21	48384	卖盘
14:18:30	23.04	--	67	154368	买盘
14:18:24	23.04	0.01	25	57600	买盘
14:18:00	23.03	--	7	16121	买盘
14:17:57	23.03	--	9	20727	买盘
14:17:54	23.03	--	41	94423	买盘
14:17:39	23.03	0.01	10	23030	买盘
14:17:24	23.02	--	6	13812	买盘
14:17:15	23.02	--	13	29926	买盘
14:17:06	23.02	--	5	11510	卖盘
14:17:03	23.02	--	10	23020	卖盘
14:16:36	23.02	--	20	46040	卖盘
14:16:33	23.02	--	23	52946	买盘
14:16:30	23.02	--	14	32228	买盘
14:16:21	23.02	--	17	39134	买盘
14:16:18	23.02	0.01	17	39134	买盘
14:16:12	23.01	-0.01	5	11505	卖盘
14:16:00	23.02	0.01	40	92080	买盘
14:15:57	23.01	0.01	8	18408	买盘
14:15:54	23.0	-0.02	47	108100	卖盘
14:15:42	23.02	0.03	3	6906	买盘
14:15:24	22.99	-0.01	6	13793	卖盘
14:15:18	23.0	--	12	27600	卖盘
14:14:51	23.0	-0.02	4	9200	卖盘
14:14:48	23.02	--	6	13812	买盘
14:14:39	23.02	--	104	239408	买盘
14:14:18	23.02	0.02	38	87476	买盘
14:14:15	23.0	-0.02	10	23000	卖盘
14:14:06	23.02	--	17	39134	买盘
14:13:57	23.02	0.01	39	89778	买盘
14:13:45	23.01	0.02	173	398073	买盘
14:13:39	22.99	-0.01	11	25289	卖盘
14:13:33	23.0	--	2	4600	买盘
14:13:30	23.0	--	20	46000	买盘
14:13:21	23.0	--	3	6900	买盘
14:12:54	23.0	--	2	4600	买盘
14:12:33	23.0	0.01	3	6900	买盘
14:12:27	22.99	--	3	6896	卖盘
14:11:57	22.99	--	30	68970	卖盘
14:11:30	22.99	0.01	33	75867	买盘
14:11:27	22.98	-0.01	9	20682	卖盘
14:11:15	22.99	--	1	2299	买盘
14:11:03	22.99	0.02	31	71269	买盘
14:10:42	22.97	--	8	18376	卖盘
14:10:24	22.97	-0.02	15	34455	卖盘
14:09:57	22.99	--	5	11495	买盘
14:09:27	22.99	--	2	4598	买盘
14:08:39	22.99	--	12	27587	买盘
14:07:54	22.99	--	32	73568	卖盘
14:07:27	22.99	0.01	81	186219	买盘
14:07:15	22.98	-0.01	12	27576	卖盘
14:07:09	22.99	--	14	32185	卖盘
14:06:42	22.99	-0.01	5	11495	卖盘
14:06:39	23.0	--	3	6900	买盘
14:06:36	23.0	--	5	11500	买盘
14:06:21	23.0	-0.01	10	23000	卖盘
14:06:15	23.01	0.02	5	11505	中性盘
14:06:00	22.99	--	8	18392	卖盘
14:05:54	22.99	--	5	11495	卖盘
14:05:21	22.99	--	77	177023	买盘
14:05:03	22.99	--	23	52877	卖盘
14:04:42	22.99	--	20	45980	卖盘
14:03:33	22.99	--	45	103455	买盘
14:03:30	22.99	--	20	45980	买盘
14:03:18	22.99	-0.02	244	560956	卖盘
14:03:00	23.01	-0.02	2	4602	中性盘
14:02:51	23.03	--	20	46060	买盘
14:02:00	23.03	0.03	5	11515	买盘
14:01:39	23.0	--	11	25300	卖盘
14:01:15	23.0	-0.03	30	69000	卖盘
14:00:54	23.03	0.03	100	230300	买盘
14:00:39	23.0	--	10	23000	卖盘
14:00:24	23.0	--	50	115000	卖盘
14:00:15	23.0	-0.03	35	80500	卖盘
13:59:24	23.03	0.03	8	18424	买盘
13:59:15	23.0	--	3	6900	买盘
13:59:09	23.0	-0.02	17	39100	卖盘
13:59:00	23.02	0.02	5	11510	买盘
13:58:33	23.0	--	2	4600	中性盘
13:58:06	23.0	0.01	50	115000	中性盘
13:57:15	22.99	--	8	18392	卖盘
13:57:00	22.99	-0.03	8	18392	卖盘
13:56:30	23.02	-0.01	1	2302	中性盘
13:56:27	23.03	--	27	62181	买盘
13:56:15	23.03	--	10	23030	买盘
13:56:12	23.03	--	5	11515	买盘
13:56:00	23.03	--	21	48363	买盘
13:55:51	23.03	--	84	193452	买盘
13:55:42	23.03	0.01	10	23030	买盘
13:55:33	23.02	--	20	46040	卖盘
13:55:21	23.02	0.01	63	145026	买盘
13:55:03	23.01	0.01	21	48321	买盘
13:55:00	23.0	--	8	18400	买盘
13:54:39	23.0	--	43	98900	卖盘
13:54:33	23.0	-0.01	2	4600	卖盘
13:54:27	23.01	0.01	4	9204	买盘
13:54:21	23.0	-0.01	12	27600	卖盘
13:54:00	23.01	--	10	23010	买盘
13:53:57	23.01	--	4	9204	买盘
13:53:48	23.01	0.01	4	9204	买盘
13:53:39	23.0	-0.01	50	115000	卖盘
13:53:27	23.01	0.01	24	55224	买盘
13:53:15	23.0	--	6	13800	卖盘
13:51:24	23.0	0.01	17	39100	中性盘
13:51:09	22.99	-0.01	6	13793	卖盘
13:51:00	23.0	--	2	4600	买盘
13:50:57	23.0	-0.01	2	4600	卖盘
13:50:54	23.01	0.01	5	11505	买盘
13:50:48	23.0	--	18	41400	买盘
13:50:30	23.0	--	21	48300	买盘
13:50:12	23.0	-0.01	67	154100	卖盘
13:50:00	23.01	0.01	4	9204	买盘
13:49:30	23.0	--	8	18400	卖盘
13:49:09	23.0	--	4	9200	卖盘
13:48:36	23.0	--	7	16100	卖盘
13:47:45	23.0	--	7	16100	买盘
13:47:24	23.0	--	5	11500	卖盘
13:47:03	23.0	--	50	115000	卖盘
13:45:24	23.0	-0.01	2	4600	卖盘
13:44:57	23.01	0.01	3	6903	买盘
13:44:33	23.0	0.01	52	119600	买盘
13:43:27	22.99	--	16	36784	卖盘
13:42:51	22.99	--	4	9196	卖盘
13:42:24	22.99	--	6	13793	卖盘
13:42:15	22.99	--	7	16092	卖盘
13:42:03	22.99	-0.01	5	11495	卖盘
13:41:42	23.0	0.01	5	11500	买盘
13:41:27	22.99	--	20	45980	卖盘
13:41:09	22.99	--	12	27587	买盘
13:41:03	22.99	--	3	6896	买盘
13:40:48	22.99	-0.01	10	22990	卖盘
13:40:36	23.0	--	15	34500	卖盘
13:40:03	23.0	-0.01	1	2300	卖盘
13:39:54	23.01	0.01	12	27612	中性盘
13:39:15	23.0	-0.01	2	4600	卖盘
13:39:12	23.01	--	17	39117	卖盘
13:39:09	23.01	0.02	2	4602	中性盘
13:38:39	22.99	-0.03	10	22990	卖盘
13:38:33	23.02	0.01	1	2302	买盘
13:37:51	23.01	--	18	41418	买盘
13:37:12	23.01	--	5	11505	买盘
13:37:03	23.01	--	2	4602	买盘
13:36:54	23.01	0.01	5	11505	买盘
13:36:48	23.0	--	1	2300	卖盘
13:36:33	23.0	--	10	23000	卖盘
13:36:12	23.0	0.01	9	20700	买盘
13:36:03	22.99	-0.01	1	2299	卖盘
13:35:57	23.0	0.01	6	13800	买盘
13:35:48	22.99	-0.01	1	2299	卖盘
13:35:42	23.0	--	2	4600	买盘
13:34:51	23.0	--	24	55200	卖盘
13:34:48	23.0	--	1	2300	卖盘
13:34:39	23.0	--	5	11500	卖盘
13:34:36	23.0	--	10	23000	卖盘
13:34:24	23.0	--	4	9200	卖盘
13:34:06	23.0	--	8	18400	卖盘
13:33:36	23.0	--	10	23000	卖盘
13:33:03	23.0	--	8	18400	卖盘
13:32:33	23.0	--	17	39100	卖盘
13:32:21	23.0	-0.02	8	18400	卖盘
13:32:09	23.02	0.01	3	6906	买盘
13:32:06	23.01	-0.01	5	11505	卖盘
13:32:00	23.02	0.02	10	23020	买盘
13:31:51	23.0	-0.01	43	98900	卖盘
13:31:27	23.01	-0.01	10	23010	卖盘
13:31:24	23.02	--	5	11510	买盘
13:31:12	23.02	0.01	1	2302	买盘
13:31:06	23.01	-0.01	3	6903	卖盘
13:31:00	23.02	--	5	11510	买盘
13:30:54	23.02	0.01	4	9208	买盘
13:30:48	23.01	-0.01	5	11505	卖盘
13:30:39	23.02	--	27	62154	买盘
13:30:33	23.02	--	5	11510	买盘
13:30:24	23.02	0.01	29	66758	买盘
13:30:21	23.01	--	18	41418	买盘
13:30:12	23.01	--	2	4602	卖盘
13:30:09	23.01	0.01	4	9204	中性盘
13:29:45	23.0	--	12	27600	卖盘
13:29:42	23.0	--	15	34500	卖盘
13:29:30	23.0	-0.02	21	48300	卖盘
13:29:24	23.02	0.02	27	62154	买盘
13:29:06	23.0	--	50	115000	买盘
13:28:54	23.0	--	10	23000	卖盘
13:28:45	23.0	--	2	4600	卖盘
13:28:27	23.0	--	5	11500	买盘
13:28:15	23.0	-0.02	5	11500	卖盘
13:28:06	23.02	--	10	23020	买盘
13:27:51	23.02	--	2	4604	买盘
13:27:42	23.02	--	1	2302	买盘
13:27:36	23.02	0.02	1	2302	买盘
13:27:33	23.0	-0.02	12	27600	卖盘
13:27:27	23.02	--	10	23020	买盘
13:27:18	23.02	0.02	15	34530	买盘
13:26:54	23.0	-0.01	65	149500	卖盘
13:26:48	23.01	--	5	11505	买盘
13:26:36	23.01	--	31	71331	买盘
13:26:33	23.01	0.01	10	23010	买盘
13:26:15	23.0	--	50	115000	卖盘
13:26:09	23.0	--	3	6900	卖盘
13:26:06	23.0	--	5	11500	卖盘
13:25:51	23.0	--	13	30820	买盘
13:25:39	23.0	--	41	94300	买盘
13:25:24	23.0	0.01	80	184000	买盘
13:24:51	22.99	0.01	34	78166	买盘
13:23:48	22.98	--	7	16086	买盘
13:23:45	22.98	0.01	10	22980	买盘
13:23:42	22.97	-0.02	16	36752	卖盘
13:23:12	22.99	0.02	1	2299	买盘
13:22:42	22.97	-0.02	4	9188	卖盘
13:21:45	22.99	0.02	9	20691	买盘
13:21:39	22.97	-0.02	5	11485	卖盘
13:21:12	22.99	--	21	48279	卖盘
13:20:27	22.99	--	3	6896	卖盘
13:20:12	22.99	-0.01	8	18392	卖盘
13:20:00	23.0	0.01	8	18400	买盘
13:19:51	22.99	-0.01	1	2299	卖盘
13:19:30	23.0	--	10	23000	买盘
13:19:06	23.0	-0.01	19	43700	卖盘
13:18:57	23.01	0.02	35	80535	买盘
13:18:39	22.99	-0.01	30	68970	卖盘
13:18:00	23.0	--	12	27600	买盘
13:17:57	23.0	--	22	50600	买盘
13:17:51	23.0	0.01	6	13800	买盘
13:17:36	22.99	0.02	16	36784	中性盘
13:16:27	22.97	-0.02	5	11485	卖盘
13:16:18	22.99	-0.01	4	9196	卖盘
13:16:15	23.0	--	33	75900	买盘
13:15:54	23.0	--	4	9200	买盘
13:15:48	23.0	--	12	27600	卖盘
13:15:42	23.0	-0.01	4	9200	卖盘
13:15:39	23.01	-0.02	14	32214	卖盘
13:15:27	23.03	--	5	11515	买盘
13:15:21	23.03	--	20	46060	买盘
13:15:18	23.03	--	47	108241	买盘
13:15:06	23.03	--	20	46060	买盘
13:15:00	23.03	0.02	6	13818	买盘
13:14:54	23.01	0.01	2	4602	买盘
13:14:39	23.0	--	112	257600	买盘
13:14:36	23.0	--	5	11500	买盘
13:14:33	23.0	--	20	46000	买盘
13:14:30	23.0	--	3	6900	买盘
13:14:24	23.0	0.01	100	230000	买盘
13:14:09	22.99	0.03	44	101156	买盘
13:13:51	22.96	0.01	82	188272	买盘
13:13:45	22.95	--	4	9180	买盘
13:13:42	22.95	--	2	4590	买盘
13:13:30	22.95	--	50	114750	买盘
13:13:24	22.95	--	5	11475	买盘
13:13:18	22.95	0.01	5	11475	买盘
13:13:03	22.94	--	15	34410	买盘
13:12:54	22.94	--	3	6882	买盘
13:12:42	22.94	0.02	2	4588	买盘
13:12:33	22.92	--	25	57300	买盘
13:12:21	22.92	0.02	1	2292	买盘
13:11:42	22.9	--	40	91600	买盘
13:10:21	22.9	0.01	6	13740	买盘
13:10:06	22.89	-0.01	4	9156	卖盘
13:09:30	22.9	--	2	4580	买盘
13:09:03	22.9	0.02	51	116790	买盘
13:08:27	22.88	--	10	22880	买盘
13:08:24	22.88	--	19	43472	买盘
13:08:21	22.88	--	13	29744	买盘
13:08:12	22.88	--	23	52624	买盘
13:08:09	22.88	--	10	22880	买盘
13:08:06	22.88	--	15	34320	买盘
13:07:21	22.88	--	2	4576	买盘
13:06:48	22.88	0.01	10	22880	买盘
13:06:36	22.87	-0.01	1	2287	中性盘
13:05:33	22.88	--	1	2288	买盘
13:04:51	22.88	--	16	36608	买盘
13:04:27	22.88	0.02	16	36608	买盘
13:03:33	22.86	--	5	11430	卖盘
13:02:51	22.86	--	5	11430	卖盘
13:02:27	22.86	-0.02	14	32004	卖盘
13:01:48	22.88	--	3	6864	卖盘
13:01:00	22.88	--	24	54912	买盘
13:00:30	22.88	--	1	2288	买盘
13:00:24	22.88	--	30	68640	卖盘
13:00:09	22.88	--	3	6864	卖盘
13:00:03	22.88	--	6	13728	买盘
13:00:00	22.88	--	0	0	买盘
11:30:00	22.88	--	0	0	买盘
11:29:54	22.88	--	14	32032	买盘
11:29:39	22.88	--	12	27456	买盘
11:28:12	22.88	0.02	43	98384	买盘
11:28:03	22.86	0.01	13	29718	买盘
11:27:42	22.85	--	32	73120	卖盘
11:27:39	22.85	-0.01	10	22850	卖盘
11:26:39	22.86	0.01	2	4572	买盘
11:26:27	22.85	-0.01	10	22850	卖盘
11:25:45	22.86	--	9	20574	买盘
11:25:30	22.86	--	18	41148	卖盘
11:25:27	22.86	--	1	2286	买盘
11:25:03	22.86	0.01	59	134874	买盘
11:23:33	22.85	--	4	9140	卖盘
11:23:21	22.85	--	10	22850	买盘
11:23:09	22.85	--	26	59410	买盘
11:23:00	22.85	-0.01	14	31990	卖盘
11:22:48	22.86	0.01	8	18288	买盘
11:22:36	22.85	--	40	91400	买盘
11:22:24	22.85	--	3	6855	买盘
11:22:21	22.85	-0.01	4	9140	卖盘
11:22:18	22.86	0.01	30	68580	买盘
11:22:06	22.85	0.01	59	134815	买盘
11:21:27	22.84	--	22	50248	卖盘
11:21:24	22.84	--	10	22840	卖盘
11:21:00	22.84	-0.01	25	57100	卖盘
11:20:42	22.85	--	1	2285	买盘
11:20:36	22.85	--	3	6855	买盘
11:20:18	22.85	--	3	6855	买盘
11:19:51	22.85	--	1	2285	买盘
11:19:33	22.85	--	3	6855	买盘
11:19:03	22.85	--	1	2285	买盘
11:18:21	22.85	--	34	77690	买盘
11:17:39	22.85	0.01	8	18280	买盘
11:17:18	22.84	--	4	9136	卖盘
11:16:57	22.84	--	20	45680	卖盘
11:16:15	22.84	--	3	6852	卖盘
11:16:09	22.84	-0.01	50	114200	卖盘
11:16:06	22.85	0.01	10	22850	买盘
11:15:09	22.84	--	24	54816	买盘
11:15:00	22.84	0.01	66	150744	中性盘
11:14:03	22.83	-0.01	89	203186	卖盘
11:13:12	22.84	--	43	98212	卖盘
11:12:39	22.84	--	4	9136	卖盘
11:12:12	22.84	--	10	22840	买盘
11:12:09	22.84	--	5	11420	买盘
11:11:57	22.84	--	32	73088	卖盘
11:10:18	22.84	-0.01	25	57100	卖盘
11:09:42	22.85	0.01	5	11425	买盘
11:09:30	22.84	--	41	93644	买盘
11:09:09	22.84	--	1	2284	卖盘
11:09:00	22.84	--	2	4568	卖盘
11:08:57	22.84	--	12	27408	卖盘
11:08:54	22.84	--	5	11420	中性盘
11:08:24	22.84	--	1	2284	卖盘
11:07:57	22.84	0.01	30	68520	中性盘
11:07:03	22.83	--	1	2283	卖盘
11:06:57	22.83	--	21	47943	卖盘
11:06:36	22.83	--	7	15980	卖盘
11:06:24	22.83	-0.01	5	11415	卖盘
11:06:18	22.84	--	68	155312	卖盘
11:05:24	22.84	--	50	114200	卖盘
11:04:45	22.84	--	2	4568	卖盘
11:04:24	22.84	-0.01	7	15988	卖盘
11:04:06	22.85	--	22	50270	卖盘
11:04:00	22.85	--	2	4570	卖盘
11:03:27	22.85	--	9	20565	买盘
11:03:21	22.85	--	10	22850	买盘
11:03:15	22.85	--	26	59410	卖盘
11:03:09	22.85	--	29	66265	卖盘
11:02:57	22.85	--	2	4570	买盘
11:02:42	22.85	--	23	52555	卖盘
11:02:36	22.85	--	7	15995	买盘
11:02:30	22.85	--	13	29705	卖盘
11:01:42	22.85	-0.01	50	114250	卖盘
11:01:24	22.86	--	4	9144	买盘
11:01:15	22.86	-0.02	14	32004	卖盘
11:01:06	22.88	0.02	20	45760	买盘
11:01:00	22.86	--	7	16002	买盘
11:00:57	22.86	--	6	13716	买盘
11:00:39	22.86	--	4	9144	买盘
11:00:33	22.86	0.01	13	29718	买盘
11:00:09	22.85	-0.01	30	68550	卖盘
10:59:51	22.86	0.01	4	9144	买盘
10:59:33	22.85	0.01	20	45700	卖盘
10:59:09	22.84	-0.01	13	29692	卖盘
10:59:06	22.85	--	24	54840	买盘
10:59:03	22.85	0.01	1	2285	买盘
10:58:45	22.84	--	6	13704	卖盘
10:58:24	22.84	--	4	9136	卖盘
10:58:12	22.84	-0.01	40	91360	卖盘
10:57:57	22.85	0.01	20	45700	买盘
10:57:54	22.84	-0.01	60	137040	卖盘
10:57:48	22.85	--	5	11425	买盘
10:57:42	22.85	--	2	4570	卖盘
10:57:39	22.85	--	3	6855	买盘
10:56:48	22.85	-0.01	47	107395	卖盘
10:56:42	22.86	0.01	5	11430	买盘
10:56:33	22.85	--	6	13710	卖盘
10:56:27	22.85	-0.01	10	22850	卖盘
10:56:18	22.86	--	24	54864	买盘
10:56:09	22.86	--	3	6858	买盘
10:55:54	22.86	--	9	20574	卖盘
10:55:30	22.86	-0.02	13	29718	中性盘
10:54:33	22.88	0.03	20	45760	买盘
10:54:30	22.85	-0.02	5	11425	卖盘
10:54:24	22.87	--	17	38879	买盘
10:53:39	22.87	0.03	3	6861	买盘
10:53:33	22.84	--	2	4568	卖盘
10:53:18	22.84	--	10	22840	卖盘
10:53:09	22.84	--	50	114200	卖盘
10:53:00	22.84	--	50	114200	卖盘
10:52:21	22.84	-0.03	33	75372	卖盘
10:52:18	22.87	0.02	4	9148	买盘
10:52:12	22.85	0.01	149	340465	买盘
10:52:09	22.84	-0.01	43	98212	卖盘
10:51:57	22.85	-0.02	31	70835	卖盘
10:51:15	22.87	--	3	6861	买盘
10:51:03	22.87	--	15	34305	买盘
10:50:57	22.87	--	7	16009	买盘
10:50:36	22.87	0.02	15	34305	买盘
10:50:03	22.85	--	4	9140	买盘
10:50:00	22.85	-0.01	16	36560	卖盘
10:49:57	22.86	0.01	12	27432	买盘
10:48:27	22.85	--	3	6855	中性盘
10:48:12	22.85	--	17	38845	买盘
10:47:54	22.85	0.01	3	6855	中性盘
10:47:36	22.84	--	3	6852	卖盘
10:46:45	22.84	-0.03	101	230684	卖盘
10:45:12	22.87	0.02	1	2287	买盘
10:44:00	22.85	--	20	45700	中性盘
10:43:51	22.85	--	8	18280	买盘
10:43:42	22.85	--	12	27420	卖盘
10:43:18	22.85	-0.02	30	68550	卖盘
10:42:57	22.87	0.02	1	2287	中性盘
10:42:27	22.85	--	20	45700	卖盘
10:42:12	22.85	--	10	22850	买盘
10:42:00	22.85	0.01	40	91400	中性盘
10:41:30	22.84	-0.01	2	4568	卖盘
10:41:27	22.85	0.01	40	91400	中性盘
10:41:00	22.84	--	1	2284	卖盘
10:40:54	22.84	--	7	15988	卖盘
10:40:33	22.84	-0.01	60	137040	卖盘
10:40:30	22.85	0.01	18	41130	买盘
10:40:18	22.84	-0.01	3	6852	卖盘
10:40:03	22.85	0.01	2	4570	中性盘
10:38:27	22.84	--	29	66236	买盘
10:38:18	22.84	--	26	59384	卖盘
10:38:12	22.84	--	9	20556	卖盘
10:37:57	22.84	-0.04	30	68520	卖盘
10:37:45	22.88	--	19	43472	买盘
10:37:39	22.88	--	6	13728	买盘
10:37:30	22.88	0.05	1	2288	买盘
10:36:21	22.83	--	2	4566	卖盘
10:36:15	22.83	--	32	73056	卖盘
10:36:06	22.83	-0.05	60	136980	卖盘
10:35:51	22.88	0.05	12	27456	买盘
10:35:48	22.83	-0.02	60	136980	卖盘
10:35:39	22.85	-0.01	18	41130	卖盘
10:35:27	22.86	0.01	3	6858	买盘
10:35:21	22.85	--	1	2285	卖盘
10:35:15	22.85	0.02	52	118820	买盘
10:33:42	22.83	--	2	4566	买盘
10:33:36	22.83	--	2	4566	卖盘
10:33:24	22.83	--	20	45660	卖盘
10:32:51	22.83	0.01	18	41094	买盘
10:32:48	22.82	-0.01	29	66178	卖盘
10:32:27	22.83	--	12	27395	买盘
10:32:09	22.83	--	3	6848	买盘
10:32:00	22.83	--	2	4566	卖盘
10:31:57	22.83	0.01	5	11415	中性盘
10:31:33	22.82	--	8	18256	卖盘
10:31:12	22.82	--	6	13692	卖盘
10:31:06	22.82	-0.02	5	11410	卖盘
10:31:00	22.84	0.01	10	22840	买盘
10:30:57	22.83	--	6	13697	卖盘
10:30:54	22.83	-0.01	3	6848	卖盘
10:30:48	22.84	0.01	3	6852	买盘
10:30:45	22.83	--	12	27395	卖盘
10:30:12	22.83	-0.02	10	22830	卖盘
10:29:27	22.85	0.02	11	25135	买盘
10:29:21	22.83	--	3	6848	卖盘
10:29:15	22.83	--	5	11415	卖盘
10:29:03	22.83	--	1	2283	买盘
10:28:57	22.83	-0.01	49	111866	卖盘
10:28:42	22.84	-0.01	8	18272	买盘
10:28:21	22.85	--	2	4570	卖盘
10:28:15	22.85	--	5	11425	卖盘
10:27:54	22.85	--	3	6855	买盘
10:27:39	22.85	-0.01	16	36560	中性盘
10:27:09	22.86	0.01	23	52578	买盘
10:26:39	22.85	--	8	18280	买盘
10:26:27	22.85	0.02	10	22850	买盘
10:26:24	22.83	-0.02	31	70773	卖盘
10:25:57	22.85	--	2	4570	买盘
10:25:48	22.85	--	10	22850	买盘
10:25:39	22.85	--	8	18280	卖盘
10:25:12	22.85	--	5	11425	卖盘
10:24:51	22.85	--	5	11425	卖盘
10:24:42	22.85	--	4	9140	卖盘
10:24:06	22.85	--	6	13710	卖盘
10:24:00	22.85	--	8	18280	卖盘
10:23:42	22.85	--	1	2285	卖盘
10:23:39	22.85	--	3	6855	卖盘
10:23:09	22.85	-0.02	11	25135	卖盘
10:22:57	22.87	--	39	89193	买盘
10:22:45	22.87	-0.01	1	2287	卖盘
10:22:42	22.88	--	36	82368	买盘
10:22:33	22.88	0.01	2	4576	买盘
10:22:24	22.87	-0.01	2	4574	卖盘
10:22:12	22.88	0.01	4	9152	买盘
10:21:54	22.87	--	3	6861	卖盘
10:21:33	22.87	--	10	22870	卖盘
10:21:30	22.87	-0.01	20	45740	卖盘
10:21:24	22.88	0.01	5	11440	买盘
10:21:00	22.87	-0.01	50	114350	卖盘
10:20:12	22.88	0.01	3	6864	买盘
10:19:45	22.87	--	24	54888	买盘
10:19:36	22.87	--	34	77758	买盘
10:19:21	22.87	0.02	75	171525	买盘
10:19:18	22.85	--	24	54840	卖盘
10:19:15	22.85	0.05	127	290195	买盘
10:18:21	22.8	--	40	91200	卖盘
10:17:54	22.8	--	2	4560	卖盘
10:17:27	22.8	-0.03	15	34200	卖盘
10:16:42	22.83	--	5	11415	买盘
10:16:15	22.83	0.03	11	25112	卖盘
10:16:12	22.8	--	11	25080	卖盘
10:14:57	22.8	--	41	93480	卖盘
10:14:33	22.8	--	5	11400	卖盘
10:14:30	22.8	--	2	4560	卖盘
10:14:21	22.8	--	3	6840	买盘
10:14:03	22.8	--	29	66120	卖盘
10:14:00	22.8	--	2	4560	卖盘
10:13:54	22.8	-0.02	15	34200	卖盘
10:13:51	22.82	0.02	25	57050	买盘
10:13:36	22.8	--	5	11400	卖盘
10:13:27	22.8	-0.02	31	70680	卖盘
10:13:24	22.82	--	10	22820	买盘
10:13:15	22.82	--	2	4564	卖盘
10:13:12	22.82	--	33	75306	卖盘
10:12:51	22.82	--	1	2282	卖盘
10:12:48	22.82	-0.01	70	159740	卖盘
10:12:30	22.83	--	13	29678	卖盘
10:12:27	22.83	-0.01	1	2283	中性盘
10:11:57	22.84	0.01	4	9136	买盘
10:11:48	22.83	-0.01	10	22830	卖盘
10:11:39	22.84	--	5	11420	买盘
10:11:30	22.84	0.01	100	228400	买盘
10:11:15	22.83	-0.01	1	2283	卖盘
10:11:12	22.84	0.01	2	4568	买盘
10:10:45	22.83	--	6	13697	买盘
10:10:36	22.83	--	13	29678	买盘
10:10:24	22.83	--	2	4566	买盘
10:10:18	22.83	--	53	120998	卖盘
10:10:12	22.83	--	7	15980	买盘
10:10:09	22.83	--	5	11415	买盘
10:10:06	22.83	0.01	20	45660	买盘
10:10:00	22.82	--	37	84434	买盘
10:09:48	22.82	--	50	114100	买盘
10:09:30	22.82	--	15	34230	买盘
10:09:24	22.82	0.01	20	45640	买盘
10:09:12	22.81	--	15	34215	卖盘
10:09:06	22.81	--	2	4562	卖盘
10:09:03	22.81	--	7	15967	卖盘
10:08:33	22.81	--	2	4562	卖盘
10:08:18	22.81	-0.01	5	11405	卖盘
10:07:48	22.82	--	9	20538	买盘
10:07:36	22.82	--	22	50204	卖盘
10:07:30	22.82	--	20	45640	卖盘
10:07:24	22.82	-0.01	20	45640	卖盘
10:07:15	22.83	--	38	86754	卖盘
10:07:00	22.83	--	5	11415	卖盘
10:06:57	22.83	--	2	4566	卖盘
10:06:12	22.83	--	6	13697	卖盘
10:06:03	22.83	--	2	4566	买盘
10:05:57	22.83	--	5	11415	买盘
10:05:51	22.83	-0.01	8	18264	卖盘
10:05:45	22.84	0.01	4	9136	买盘
10:05:42	22.83	--	10	22830	卖盘
10:05:39	22.83	--	12	27395	卖盘
10:05:30	22.83	--	1	2283	卖盘
10:05:21	22.83	--	4	9132	卖盘
10:04:42	22.83	--	9	20547	卖盘
10:04:39	22.83	-0.01	2	4566	中性盘
10:04:06	22.84	--	10	22840	买盘
10:03:51	22.84	--	4	9136	买盘
10:03:36	22.84	0.02	2	4568	买盘
10:03:30	22.82	-0.01	5	11410	卖盘
10:03:12	22.83	0.01	16	36528	买盘
10:03:09	22.82	-0.01	19	43358	卖盘
10:03:06	22.83	0.01	2	4566	买盘
10:02:54	22.82	0.01	40	91280	买盘
10:02:45	22.81	--	1	2281	卖盘
10:02:09	22.81	--	18	41058	买盘
10:02:06	22.81	0.01	2	4562	买盘
10:01:57	22.8	-0.01	12	27360	卖盘
10:01:54	22.81	--	4	9124	买盘
10:01:45	22.81	--	31	70711	卖盘
10:01:36	22.81	--	3	6843	卖盘
10:01:33	22.81	0.01	25	57025	买盘
10:01:30	22.8	-0.01	1	2280	卖盘
10:01:27	22.81	0.01	5	11405	买盘
10:01:09	22.8	--	11	25080	卖盘
10:00:54	22.8	--	3	6840	买盘
10:00:51	22.8	--	10	22800	买盘
10:00:45	22.8	--	1	2280	买盘
10:00:42	22.8	--	2	4560	买盘
10:00:36	22.8	--	11	25080	买盘
10:00:30	22.8	--	1	2280	买盘
10:00:27	22.8	--	11	25080	买盘
10:00:18	22.8	--	6	13680	买盘
10:00:15	22.8	--	10	22800	买盘
10:00:12	22.8	--	10	22800	买盘
09:59:30	22.8	--	7	15960	买盘
09:59:24	22.8	--	60	136800	买盘
09:59:03	22.8	--	5	11400	买盘
09:58:57	22.8	--	2	4560	买盘
09:58:54	22.8	--	1	2280	买盘
09:58:48	22.8	0.05	17	38760	中性盘
09:58:45	22.75	-0.05	50	113750	卖盘
09:58:42	22.8	--	44	100320	卖盘
09:58:39	22.8	--	70	159600	卖盘
09:58:36	22.8	-0.01	54	123120	卖盘
09:58:33	22.81	--	36	82116	卖盘
09:58:30	22.81	--	6	13686	卖盘
09:58:27	22.81	--	32	72992	卖盘
09:58:21	22.81	--	24	54744	卖盘
09:58:18	22.81	--	127	289687	卖盘
09:58:06	22.81	-0.01	40	91240	卖盘
09:58:03	22.82	-0.01	80	182560	卖盘
09:57:57	22.83	0.01	10	22830	买盘
09:57:51	22.82	-0.01	100	228200	卖盘
09:57:42	22.83	-0.01	21	47943	卖盘
09:57:39	22.84	--	223	509332	买盘
09:57:27	22.84	0.01	2	4568	中性盘
09:57:18	22.83	-0.02	134	305922	卖盘
09:57:09	22.85	--	5	11425	卖盘
09:57:00	22.85	--	20	45700	卖盘
09:56:57	22.85	--	4	9140	卖盘
09:56:36	22.85	--	3	6855	卖盘
09:56:15	22.85	--	1	2285	卖盘
09:55:57	22.85	-0.01	50	114250	卖盘
09:55:54	22.86	0.01	10	22860	买盘
09:55:45	22.85	--	20	45700	卖盘
09:55:42	22.85	--	9	20565	卖盘
09:55:21	22.85	--	10	22850	买盘
09:55:15	22.85	0.01	5	11425	买盘
09:55:12	22.84	-0.01	1	2284	卖盘
09:54:57	22.85	--	1	2285	买盘
09:54:51	22.85	--	129	294765	卖盘
09:54:27	22.85	--	5	11425	卖盘
09:53:51	22.85	-0.01	1	2285	卖盘
09:53:45	22.86	--	1	2286	买盘
09:53:39	22.86	-0.01	51	116586	卖盘
09:53:33	22.87	0.01	7	16009	买盘
09:53:30	22.86	--	6	13716	卖盘
09:53:27	22.86	--	39	89154	卖盘
09:52:57	22.86	0.01	4	9144	买盘
09:52:45	22.85	-0.01	30	68550	卖盘
09:52:06	22.86	0.01	15	34290	买盘
09:51:57	22.85	--	22	50270	买盘
09:51:54	22.85	--	60	137100	买盘
09:51:45	22.85	--	2	4570	买盘
09:51:42	22.85	0.01	5	11425	买盘
09:51:39	22.84	-0.01	30	68520	卖盘
09:51:36	22.85	--	10	22850	买盘
09:51:21	22.85	--	10	22850	买盘
09:51:03	22.85	0.01	5	11425	买盘
09:50:57	22.84	-0.01	14	31976	卖盘
09:50:45	22.85	--	32	73120	卖盘
09:50:39	22.85	--	7	15995	卖盘
09:50:33	22.85	--	19	43415	卖盘
09:50:30	22.85	--	20	45700	卖盘
09:50:24	22.85	--	27	61695	卖盘
09:50:21	22.85	-0.01	5	11425	卖盘
09:50:18	22.86	--	39	89154	买盘
09:50:09	22.86	--	7	16002	买盘
09:50:06	22.86	--	2	4572	买盘
09:50:03	22.86	--	9	20574	卖盘
09:49:54	22.86	--	3	6858	卖盘
09:49:48	22.86	0.01	8	18288	买盘
09:49:45	22.85	-0.01	50	114250	卖盘
09:49:39	22.86	--	21	48006	买盘
09:49:33	22.86	--	1	2286	买盘
09:49:30	22.86	--	34	77724	卖盘
09:49:12	22.86	--	9	20574	买盘
09:49:09	22.86	0.01	20	45720	买盘
09:49:06	22.85	-0.01	11	25135	卖盘
09:49:00	22.86	--	5	11430	买盘
09:48:54	22.86	--	9	20574	卖盘
09:48:42	22.86	--	2	4572	卖盘
09:48:30	22.86	--	2	4572	买盘
09:48:21	22.86	--	2	4572	买盘
09:48:12	22.86	--	4	9144	买盘
09:48:06	22.86	-0.01	92	210312	卖盘
09:48:03	22.87	0.01	5	11435	买盘
09:48:00	22.86	-0.01	300	685800	卖盘
09:47:51	22.87	-0.01	5	11435	卖盘
09:47:39	22.88	--	20	45760	卖盘
09:47:24	22.88	--	8	18304	买盘
09:47:21	22.88	--	22	50336	卖盘
09:47:18	22.88	--	12	27456	卖盘
09:47:12	22.88	-0.02	3	6864	卖盘
09:47:03	22.9	--	3	6870	买盘
09:47:00	22.9	0.02	2	4580	买盘
09:46:54	22.88	--	9	20592	买盘
09:46:39	22.88	0.03	3	6864	卖盘
09:46:36	22.85	--	5	11425	卖盘
09:46:30	22.85	-0.03	500	1142500	卖盘
09:45:57	22.88	--	16	36608	买盘
09:45:51	22.88	-0.01	32	73216	卖盘
09:45:48	22.89	--	5	11445	买盘
09:45:42	22.89	0.01	9	20601	买盘
09:45:36	22.88	--	2	4576	中性盘
09:45:15	22.88	--	12	27456	卖盘
09:45:09	22.88	-0.01	2	4576	卖盘
09:45:03	22.89	0.01	1	2289	买盘
09:44:57	22.88	-0.01	5	11440	卖盘
09:44:36	22.89	--	5	11445	买盘
09:44:09	22.89	--	38	86982	卖盘
09:43:57	22.89	-0.01	10	22890	卖盘
09:43:42	22.9	--	1	2290	卖盘
09:43:39	22.9	-0.01	4	9160	卖盘
09:43:27	22.91	--	37	84767	买盘
09:43:24	22.91	0.01	49	112259	买盘
09:43:21	22.9	0.01	1	2290	买盘
09:43:06	22.89	-0.01	10	22890	卖盘
09:42:51	22.9	--	2	4580	买盘
09:42:39	22.9	-0.01	19	43510	卖盘
09:42:24	22.91	-0.01	7	16037	卖盘
09:42:15	22.92	--	8	18336	卖盘
09:42:12	22.92	--	1	2292	买盘
09:42:09	22.92	0.01	20	45840	买盘
09:42:03	22.91	--	2	4582	卖盘
09:41:54	22.91	--	3	6873	买盘
09:41:21	22.91	--	10	22910	买盘
09:41:12	22.91	--	5	11455	买盘
09:41:06	22.91	0.01	79	180989	买盘
09:40:51	22.9	0.01	89	203810	买盘
09:40:45	22.89	0.03	22	50358	买盘
09:40:42	22.86	-0.03	100	228600	卖盘
09:40:36	22.89	0.02	2	4578	买盘
09:40:27	22.87	--	24	54888	卖盘
09:40:21	22.87	--	12	27444	卖盘
09:39:54	22.87	--	3	6861	卖盘
09:39:51	22.87	--	1	2287	卖盘
09:39:48	22.87	0.03	1	2287	买盘
09:39:33	22.84	-0.01	10	22840	卖盘
09:39:27	22.85	--	20	45700	卖盘
09:39:09	22.85	--	30	68550	卖盘
09:39:06	22.85	--	5	11425	卖盘
09:39:00	22.85	0.01	52	118820	买盘
09:38:51	22.84	-0.01	22	50248	卖盘
09:38:48	22.85	--	38	86830	卖盘
09:38:45	22.85	--	1	2285	卖盘
09:38:39	22.85	--	2	4570	卖盘
09:38:21	22.85	-0.01	53	121105	卖盘
09:38:18	22.86	-0.03	4	9144	中性盘
09:38:00	22.89	--	5	11445	买盘
09:37:57	22.89	0.04	5	11445	买盘
09:37:54	22.85	-0.04	1	2285	卖盘
09:37:36	22.89	0.04	2	4578	买盘
09:37:24	22.85	--	5	11425	卖盘
09:37:21	22.85	--	1	2285	卖盘
09:36:57	22.85	0.01	20	45700	中性盘
09:36:48	22.84	--	32	73088	买盘
09:36:45	22.84	--	12	27408	卖盘
09:36:36	22.84	-0.01	31	70804	卖盘
09:36:33	22.85	--	54	123390	买盘
09:36:27	22.85	0.01	5	11425	买盘
09:36:24	22.84	-0.01	54	123336	卖盘
09:36:18	22.85	--	4	9140	买盘
09:36:12	22.85	--	17	38845	买盘
09:36:09	22.85	--	20	45700	卖盘
09:36:00	22.85	0.01	12	27420	中性盘
09:35:39	22.84	-0.04	10	22840	卖盘
09:35:27	22.88	-0.03	10	22880	中性盘
09:35:21	22.91	0.06	28	64148	买盘
09:35:15	22.85	-0.02	38	86830	卖盘
09:35:06	22.87	-0.01	2	4574	卖盘
09:35:00	22.88	-0.03	4	9152	买盘
09:34:39	22.91	--	60	137460	卖盘
09:34:24	22.91	--	5	11455	卖盘
09:34:18	22.91	--	4	9164	卖盘
09:34:06	22.91	0.08	60	137460	买盘
09:33:57	22.83	--	1	2283	买盘
09:33:54	22.83	-0.08	50	114149	卖盘
09:33:45	22.91	0.07	30	68730	买盘
09:33:24	22.84	-0.05	19	43396	卖盘
09:33:12	22.89	--	10	22890	买盘
09:32:57	22.89	-0.01	1	2289	卖盘
09:32:45	22.9	-0.01	1	2290	卖盘
09:32:42	22.91	--	15	34365	买盘
09:32:30	22.91	--	2	4582	中性盘
09:32:27	22.91	--	4	9164	买盘
09:32:24	22.91	-0.05	1	2291	中性盘
09:32:09	22.96	0.05	140	321440	买盘
09:32:06	22.91	--	13	29783	卖盘
09:32:03	22.91	--	43	98513	卖盘
09:31:39	22.91	-0.03	4	9164	卖盘
09:30:48	22.94	0.03	5	11470	买盘
09:30:39	22.91	--	5	11455	卖盘
09:30:27	22.91	-0.04	2	4582	卖盘
09:30:06	22.95	0.06	10	22950	买盘
09:30:03	22.89	-0.01	32	73248	卖盘
09:30:00	22.9	--	0	0	中性盘
09:25:03	22.9	22.9	60	137400	买盘
