成交时间	成交价	价格变动	成交量(手)	成交额(元)	性质
15:00:03	22.98	-0.03	4191	9632044	卖盘
14:57:00	23.01	0.01	7	16107	买盘
14:56:57	23.0	--	56	128800	卖盘
14:56:54	23.0	--	40	92000	卖盘
14:56:48	23.0	-0.03	1	2300	卖盘
14:56:45	23.03	0.03	157	361571	买盘
14:56:42	23.0	--	125	288673	买盘
14:56:39	23.0	--	5	11500	买盘
14:56:36	23.0	--	21	48300	买盘
14:56:33	23.0	--	51	117300	买盘
14:56:30	23.0	-0.04	1141	2625450	卖盘
14:56:27	23.04	0.01	8	18432	中性盘
14:56:24	23.03	-0.02	721	1660463	卖盘
14:56:21	23.05	--	26	59930	买盘
14:56:18	23.05	--	13	29965	买盘
14:56:15	23.05	-0.05	441	1016505	卖盘
14:56:12	23.1	--	58	133980	买盘
14:56:09	23.1	0.01	52	120120	买盘
14:56:06	23.09	0.02	7	16163	买盘
14:56:03	23.07	-0.03	109	251463	卖盘
14:56:00	23.1	0.01	1	2310	买盘
14:55:57	23.09	0.01	3	6927	卖盘
14:55:51	23.08	0.02	129	297732	买盘
14:55:48	23.06	--	40	92240	卖盘
14:55:42	23.06	--	41	94546	卖盘
14:55:36	23.06	-0.01	4	9224	卖盘
14:55:33	23.07	-0.01	314	724398	卖盘
14:55:30	23.08	0.01	44	101551	买盘
14:55:27	23.07	0.01	38	87666	买盘
14:55:24	23.06	0.01	84	193704	买盘
14:55:21	23.05	--	45	103725	买盘
14:55:18	23.05	--	25	57625	卖盘
14:55:15	23.05	-0.01	112	258160	卖盘
14:55:12	23.06	0.01	206	475036	买盘
14:55:09	23.05	--	23	53015	卖盘
14:55:06	23.05	--	84	193620	买盘
14:55:03	23.05	--	5	11525	买盘
14:55:00	23.05	--	98	225890	卖盘
14:54:57	23.05	-0.01	50	115250	卖盘
14:54:54	23.06	--	9	20754	买盘
14:54:48	23.06	--	114	262884	卖盘
14:54:45	23.06	-0.01	15	34590	卖盘
14:54:42	23.07	0.01	50	115350	买盘
14:54:39	23.06	--	70	161420	卖盘
14:54:36	23.06	--	122	281332	买盘
14:54:33	23.06	--	36	83016	买盘
14:54:30	23.06	-0.01	182	419692	卖盘
14:54:27	23.07	0.01	6	13842	买盘
14:54:24	23.06	-0.01	53	122218	卖盘
14:54:21	23.07	--	7	16149	卖盘
14:54:18	23.07	-0.01	7	16149	中性盘
14:54:12	23.08	-0.01	20	46160	买盘
14:54:09	23.09	--	200	461800	买盘
14:54:03	23.09	0.01	22	50798	卖盘
14:54:00	23.08	-0.01	65	150020	卖盘
14:53:57	23.09	--	37	85433	买盘
14:53:54	23.09	0.02	3	6927	买盘
14:53:51	23.07	--	40	92280	卖盘
14:53:48	23.07	--	5	11535	卖盘
14:53:45	23.07	--	45	103815	买盘
14:53:42	23.07	0.01	16	36912	买盘
14:53:39	23.06	0.01	1	2306	卖盘
14:53:36	23.05	--	15	34575	卖盘
14:53:30	23.05	--	5	11525	卖盘
14:53:24	23.05	--	29	66845	买盘
14:53:21	23.05	--	82	189010	买盘
14:53:18	23.05	--	254	585470	买盘
14:53:15	23.05	--	17	39185	买盘
14:53:12	23.05	0.01	31	71455	买盘
14:53:09	23.04	-0.01	263	605952	卖盘
14:53:06	23.05	--	16	36880	买盘
14:53:03	23.05	0.01	2	4610	买盘
14:53:00	23.04	--	2	4608	买盘
14:52:57	23.04	0.01	224	516096	买盘
14:52:54	23.03	-0.01	41	94423	卖盘
14:52:51	23.04	0.01	38	87552	买盘
14:52:48	23.03	--	52	119756	卖盘
14:52:45	23.03	--	30	69090	卖盘
14:52:42	23.03	--	54	124362	卖盘
14:52:39	23.03	--	164	377692	买盘
14:52:36	23.03	--	4	9212	买盘
14:52:30	23.03	-0.01	35	80605	卖盘
14:52:27	23.04	0.01	6	13824	买盘
14:52:24	23.03	-0.01	9	20727	卖盘
14:52:21	23.04	-0.01	280	645120	卖盘
14:52:18	23.05	--	23	53015	买盘
14:52:15	23.05	--	394	908170	卖盘
14:52:12	23.05	--	113	260465	卖盘
14:52:09	23.05	--	88	202840	买盘
14:52:03	23.05	--	10	23050	买盘
14:52:00	23.05	--	15	34575	买盘
14:51:57	23.05	--	210	484050	买盘
14:51:54	23.05	-0.01	587	1353035	卖盘
14:51:51	23.06	--	207	477342	卖盘
14:51:48	23.06	0.01	37	85322	买盘
14:51:45	23.05	-0.02	172	396460	卖盘
14:51:42	23.07	--	23	53061	买盘
14:51:39	23.07	--	22	50754	卖盘
14:51:36	23.07	--	11	25377	买盘
14:51:33	23.07	0.02	4	9228	买盘
14:51:30	23.05	-0.05	300	691500	卖盘
14:51:27	23.1	0.02	38	87780	买盘
14:51:24	23.08	0.01	18	41544	买盘
14:51:21	23.07	-0.01	79	182253	卖盘
14:51:18	23.08	--	49	113091	买盘
14:51:15	23.08	--	80	184640	买盘
14:51:12	23.08	--	30	69240	买盘
14:51:09	23.08	-0.01	177	408515	卖盘
14:51:06	23.09	-0.01	13	30017	卖盘
14:51:03	23.1	0.01	20	46200	买盘
14:51:00	23.09	-0.01	9	20781	卖盘
14:50:57	23.1	--	5	11550	卖盘
14:50:54	23.1	0.01	28	64680	卖盘
14:50:48	23.09	0.01	10	23090	买盘
14:50:45	23.08	--	34	78472	卖盘
14:50:33	23.08	-0.02	212	489295	卖盘
14:50:21	23.1	0.01	30	69300	卖盘
14:50:18	23.09	-0.01	120	277080	卖盘
14:50:15	23.1	--	14	32340	买盘
14:50:12	23.1	0.01	42	97020	买盘
14:50:09	23.09	--	37	85433	卖盘
14:50:06	23.09	-0.01	14	32326	卖盘
14:50:00	23.1	0.01	1	2310	买盘
14:49:54	23.09	-0.01	70	161630	中性盘
14:49:45	23.1	0.02	5	11550	卖盘
14:49:42	23.08	-0.04	18	41544	卖盘
14:49:39	23.12	0.02	51	117912	买盘
14:49:36	23.1	--	1	2310	买盘
14:49:33	23.1	--	17	39270	买盘
14:49:30	23.1	-0.02	5	11550	卖盘
14:49:27	23.12	--	129	298248	买盘
14:49:24	23.12	--	5	11560	买盘
14:49:18	23.12	--	115	265880	卖盘
14:49:06	23.12	-0.03	146	337552	卖盘
14:49:03	23.15	0.07	69	159735	买盘
14:49:00	23.08	-0.06	500	1154000	卖盘
14:48:57	23.14	0.02	12	27768	中性盘
14:48:51	23.12	-0.03	90	208080	卖盘
14:48:48	23.15	0.03	2	4630	买盘
14:48:45	23.12	-0.03	4	9248	中性盘
14:48:30	23.15	0.02	6	13890	买盘
14:48:27	23.13	--	15	34695	卖盘
14:48:18	23.13	-0.03	40	92520	卖盘
14:48:12	23.16	0.01	5	11580	买盘
14:48:03	23.15	--	5	11575	中性盘
14:48:00	23.15	--	104	240759	买盘
14:47:54	23.15	0.01	13	30094	买盘
14:47:51	23.14	--	5	11570	卖盘
14:47:42	23.14	-0.01	1	2314	中性盘
14:47:39	23.15	0.02	27	62504	买盘
14:47:36	23.13	-0.02	15	34695	卖盘
14:47:33	23.15	-0.01	10	23150	中性盘
14:47:21	23.16	0.03	205	474780	买盘
14:47:03	23.13	--	28	64764	买盘
14:46:57	23.13	-0.02	29	67077	卖盘
14:46:51	23.15	0.02	83	192145	买盘
14:46:48	23.13	-0.01	1	2313	卖盘
14:46:42	23.14	0.01	10	23140	买盘
14:46:39	23.13	--	10	23130	卖盘
14:46:36	23.13	--	8	18504	卖盘
14:46:33	23.13	0.01	3	6939	卖盘
14:46:27	23.12	-0.02	115	265880	卖盘
14:46:24	23.14	0.02	7	16198	买盘
14:46:15	23.12	--	3	6936	买盘
14:46:12	23.12	-0.01	217	501704	卖盘
14:46:09	23.13	0.01	3	6939	中性盘
14:46:03	23.12	-0.01	10	23120	卖盘
14:46:00	23.13	--	13	30069	卖盘
14:45:54	23.13	0.01	2	4626	买盘
14:45:48	23.12	-0.01	32	73984	卖盘
14:45:45	23.13	0.02	30	69390	买盘
14:45:42	23.11	-0.01	5	11555	卖盘
14:45:36	23.12	0.02	20	46240	买盘
14:45:33	23.1	--	26	60060	买盘
14:45:30	23.1	--	574	1325940	卖盘
14:45:24	23.1	-0.01	100	231000	卖盘
14:45:21	23.11	0.01	36	83196	卖盘
14:45:18	23.1	0.01	70	161700	买盘
14:45:15	23.09	-0.01	33	76197	卖盘
14:45:12	23.1	0.01	22	50820	买盘
14:45:09	23.09	-0.01	15	34635	卖盘
14:45:06	23.1	--	52	120120	买盘
14:45:03	23.1	-0.01	27	62370	卖盘
14:45:00	23.11	0.01	4	9244	买盘
14:44:57	23.1	--	39	90090	买盘
14:44:54	23.1	0.01	80	184800	买盘
14:44:51	23.09	-0.01	5	11545	卖盘
14:44:48	23.1	--	5	11550	买盘
14:44:45	23.1	-0.01	196	452760	卖盘
14:44:42	23.11	0.01	17	39287	买盘
14:44:39	23.1	--	5	11550	卖盘
14:44:33	23.1	--	5	11550	卖盘
14:44:30	23.1	0.01	4	9240	买盘
14:44:27	23.09	-0.01	32	73888	卖盘
14:44:24	23.1	--	25	57750	买盘
14:44:21	23.1	--	19	43890	买盘
14:44:18	23.1	--	20	46200	买盘
14:44:15	23.1	--	1	2310	买盘
14:44:12	23.1	-0.02	217	501270	卖盘
14:44:09	23.12	--	28	64736	买盘
14:44:06	23.12	--	11	25432	买盘
14:44:00	23.12	0.01	88	203456	买盘
14:43:57	23.11	-0.01	76	175636	卖盘
14:43:48	23.12	--	53	122536	卖盘
14:43:33	23.12	0.01	85	196520	买盘
14:43:30	23.11	--	6	13866	买盘
14:43:27	23.11	--	56	129416	买盘
14:43:24	23.11	--	55	127105	买盘
14:43:09	23.11	0.01	126	291186	买盘
14:43:06	23.1	0.01	3	6930	买盘
14:43:00	23.09	--	62	143158	卖盘
14:42:54	23.09	--	23	53107	卖盘
14:42:51	23.09	-0.01	30	69270	卖盘
14:42:48	23.1	--	7	16170	卖盘
14:42:39	23.1	-0.02	8	18480	中性盘
14:42:30	23.12	--	2	4624	卖盘
14:42:27	23.12	--	3	6936	卖盘
14:42:24	23.12	0.03	13	30056	买盘
14:42:21	23.09	-0.03	505	1166045	卖盘
14:42:18	23.12	0.01	24	55488	买盘
14:42:09	23.11	--	16	36976	卖盘
14:42:00	23.11	-0.01	16	36976	卖盘
14:41:57	23.12	0.02	21	48552	买盘
14:41:54	23.1	-0.01	37	85470	卖盘
14:41:51	23.11	--	12	27732	卖盘
14:41:48	23.11	0.01	5	11555	中性盘
14:41:45	23.1	--	11	25410	卖盘
14:41:42	23.1	-0.02	15	34650	卖盘
14:41:39	23.12	0.02	5	11560	买盘
14:41:36	23.1	--	5	11550	卖盘
14:41:33	23.1	-0.01	8	18480	中性盘
14:41:30	23.11	0.02	3	6933	买盘
14:41:24	23.09	--	26	60034	买盘
14:41:21	23.09	--	10	23090	买盘
14:41:18	23.09	--	20	46180	买盘
14:41:15	23.09	-0.03	554	1279186	卖盘
14:41:12	23.12	0.01	30	69360	买盘
14:41:09	23.11	-0.01	20	46220	卖盘
14:41:03	23.12	--	25	57800	买盘
14:41:00	23.12	0.02	60	138720	卖盘
14:40:54	23.1	-0.02	6	13860	卖盘
14:40:48	23.12	--	8	18496	买盘
14:40:42	23.12	0.03	25	57800	买盘
14:40:39	23.09	-0.01	8	18472	卖盘
14:40:33	23.1	0.01	9	20790	买盘
14:40:30	23.09	--	3	6927	买盘
14:40:27	23.09	0.01	60	138540	买盘
14:40:24	23.08	-0.01	33	76164	卖盘
14:40:18	23.09	--	3	6927	买盘
14:40:15	23.09	--	5	11545	买盘
14:40:12	23.09	--	12	27708	买盘
14:40:09	23.09	0.01	7	16163	买盘
14:40:03	23.08	--	40	92320	买盘
14:40:00	23.08	--	20	46160	买盘
14:39:57	23.08	--	21	48468	买盘
14:39:54	23.08	--	126	290808	买盘
14:39:51	23.08	-0.01	4	9232	买盘
14:39:48	23.09	--	1	2309	买盘
14:39:42	23.09	0.01	52	120068	买盘
14:39:39	23.08	-0.01	1	2308	中性盘
14:39:36	23.09	--	615	1420035	卖盘
14:39:33	23.09	-0.06	132	304788	买盘
14:39:30	23.15	0.05	99	230342	买盘
14:39:27	23.1	--	88	203280	买盘
14:39:24	23.1	--	10	23100	买盘
14:39:18	23.1	--	100	231000	买盘
14:39:15	23.1	--	22	51975	卖盘
14:39:12	23.1	-0.03	578	1336335	卖盘
14:39:09	23.13	-0.02	5	11565	卖盘
14:39:03	23.15	--	10	23150	买盘
14:39:00	23.15	-0.01	82	189830	卖盘
14:38:54	23.16	--	187	433092	买盘
14:38:48	23.16	-0.01	89	206124	卖盘
14:38:45	23.17	--	11	25487	买盘
14:38:42	23.17	--	8	18536	买盘
14:38:39	23.17	-0.02	7	16219	卖盘
14:38:27	23.19	-0.01	17	39423	卖盘
14:38:24	23.2	--	1	2320	买盘
14:38:21	23.2	0.02	8	18560	买盘
14:38:18	23.18	-0.02	69	159942	卖盘
14:38:15	23.2	--	61	141520	买盘
14:38:06	23.2	--	66	153120	卖盘
14:38:00	23.2	0.02	13	30160	买盘
14:37:39	23.18	--	13	30134	买盘
14:37:36	23.18	--	1	2318	买盘
14:37:33	23.18	--	105	243390	买盘
14:37:27	23.18	--	3	6954	买盘
14:37:24	23.18	0.01	11	25498	买盘
14:37:12	23.17	0.01	10	23170	买盘
14:36:57	23.16	0.01	13	30108	买盘
14:36:54	23.15	--	20	46300	买盘
14:36:51	23.15	--	100	231500	买盘
14:36:48	23.15	--	10	23150	买盘
14:36:45	23.15	-0.01	23	53245	卖盘
14:36:42	23.16	--	48	111168	买盘
14:36:39	23.16	0.01	20	46320	买盘
14:36:33	23.15	--	14	32409	卖盘
14:36:24	23.15	--	29	67135	买盘
14:36:21	23.15	--	1	2315	买盘
14:36:18	23.15	--	99	229185	买盘
14:36:15	23.15	--	1	2315	买盘
14:36:12	23.15	0.02	57	131955	买盘
14:36:09	23.13	-0.01	177	409401	卖盘
14:36:06	23.14	-0.01	38	87932	卖盘
14:36:00	23.15	0.01	5	11575	买盘
14:35:54	23.14	--	99	229086	卖盘
14:35:51	23.14	-0.01	17	39338	卖盘
14:35:48	23.15	--	10	23150	买盘
14:35:45	23.15	--	10	23150	买盘
14:35:39	23.15	--	3	6945	买盘
14:35:30	23.15	-0.02	117	270855	卖盘
14:35:27	23.17	--	38	88046	中性盘
14:35:18	23.17	--	204	472668	买盘
14:35:12	23.17	--	2	4634	买盘
14:35:09	23.17	-0.01	15	34755	卖盘
14:35:06	23.18	--	16	37088	卖盘
14:35:03	23.18	--	4	9272	买盘
14:34:57	23.18	--	55	127490	卖盘
14:34:54	23.18	--	16	37088	卖盘
14:34:51	23.18	--	38	88084	卖盘
14:34:48	23.18	--	220	509960	买盘
14:34:39	23.18	0.01	10	23180	买盘
14:34:36	23.17	-0.01	1	2317	卖盘
14:34:33	23.18	--	15	34770	买盘
14:34:30	23.18	--	5	11590	买盘
14:34:27	23.18	--	14	32452	买盘
14:34:21	23.18	--	9	20862	中性盘
14:34:06	23.18	--	3	6954	买盘
14:34:00	23.18	-0.01	20	46360	卖盘
14:33:57	23.19	0.01	5	11595	买盘
14:33:54	23.18	--	10	23180	卖盘
14:33:51	23.18	-0.01	20	46360	卖盘
14:33:48	23.19	--	120	278280	买盘
14:33:39	23.19	-0.01	90	208710	卖盘
14:33:36	23.2	--	22	51040	买盘
14:33:33	23.2	--	22	51040	买盘
14:33:30	23.2	-0.03	87	201840	卖盘
14:33:21	23.23	0.03	30	69690	买盘
14:33:18	23.2	0.01	43	99760	中性盘
14:33:09	23.19	-0.01	25	57975	卖盘
14:33:06	23.2	0.01	7	16240	中性盘
14:33:00	23.19	--	4	9276	卖盘
14:32:51	23.19	-0.02	20	46380	卖盘
14:32:45	23.21	0.02	1	2321	中性盘
14:32:21	23.19	-0.03	75	173925	卖盘
14:32:18	23.22	0.02	70	162540	中性盘
14:32:09	23.2	-0.01	200	464000	卖盘
14:31:54	23.21	0.01	5	11605	中性盘
14:31:39	23.2	--	5	11600	卖盘
14:31:36	23.2	-0.03	37	85840	卖盘
14:31:33	23.23	0.03	2	4646	买盘
14:31:30	23.2	--	2	4640	卖盘
14:31:15	23.2	-0.04	26	60320	卖盘
14:31:03	23.24	-0.02	1	2324	卖盘
14:31:00	23.26	0.06	10	23260	买盘
14:30:54	23.2	-0.03	600	1392000	卖盘
14:30:51	23.23	--	31	72013	卖盘
14:30:36	23.23	--	85	197455	买盘
14:30:30	23.23	--	3	6969	买盘
14:30:24	23.23	-0.03	242	562166	卖盘
14:30:21	23.26	0.01	11	25586	买盘
14:30:09	23.25	--	43	99975	买盘
14:30:03	23.25	--	35	81375	买盘
14:29:57	23.25	--	26	60450	买盘
14:29:51	23.25	-0.01	8	18600	卖盘
14:29:48	23.26	0.01	7	16282	买盘
14:29:45	23.25	--	2	4650	卖盘
14:29:33	23.25	--	2	4650	买盘
14:29:15	23.25	0.01	10	23250	买盘
14:29:12	23.24	-0.01	19	44156	卖盘
14:29:06	23.25	--	21	48825	卖盘
14:29:03	23.25	--	1	2325	卖盘
14:29:00	23.25	--	4	9300	卖盘
14:28:57	23.25	0.05	6	13950	中性盘
14:28:45	23.2	-0.02	526	1220320	卖盘
14:28:27	23.22	--	2	4644	卖盘
14:28:24	23.22	-0.06	35	81270	卖盘
14:28:21	23.28	0.07	5	11640	买盘
14:28:00	23.21	-0.07	11	25531	卖盘
14:27:51	23.28	0.07	20	46560	买盘
14:27:45	23.21	-0.03	10	23210	中性盘
14:27:30	23.24	--	1	2324	买盘
14:27:24	23.24	0.04	5	11620	买盘
14:27:15	23.2	-0.02	100	232000	卖盘
14:27:09	23.22	--	20	46440	卖盘
14:27:03	23.22	-0.02	50	116100	卖盘
14:26:54	23.24	-0.01	20	46480	卖盘
14:26:42	23.25	--	110	255750	买盘
14:26:39	23.25	--	3	6975	买盘
14:26:36	23.25	--	5	11625	买盘
14:26:33	23.25	-0.03	277	644025	卖盘
14:26:27	23.28	--	5	11640	买盘
14:26:18	23.28	0.01	8	18624	买盘
14:26:15	23.27	-0.01	10	23270	中性盘
14:26:06	23.28	0.01	30	69840	买盘
14:26:00	23.27	-0.01	16	37232	卖盘
14:25:48	23.28	-0.01	18	41904	卖盘
14:25:45	23.29	0.01	23	53567	买盘
14:25:42	23.28	--	4	9312	卖盘
14:25:39	23.28	--	28	65184	买盘
14:25:36	23.28	0.01	7	16296	买盘
14:25:33	23.27	-0.01	11	25597	卖盘
14:25:27	23.28	--	3	6984	买盘
14:25:24	23.28	--	81	188568	卖盘
14:25:18	23.28	--	25	58200	卖盘
14:25:12	23.28	-0.01	98	228144	卖盘
14:25:09	23.29	--	10	23290	卖盘
14:25:03	23.29	--	53	123437	买盘
14:25:00	23.29	--	111	258519	卖盘
14:24:54	23.29	0.01	20	46580	买盘
14:24:51	23.28	-0.01	5	11640	卖盘
14:24:45	23.29	-0.01	36	83844	卖盘
14:24:42	23.3	0.01	2	4660	买盘
14:24:36	23.29	--	48	111792	买盘
14:24:27	23.29	--	68	158372	买盘
14:24:24	23.29	--	15	34935	买盘
14:24:18	23.29	--	78	181662	卖盘
14:24:15	23.29	-0.01	19	44251	卖盘
14:24:12	23.3	0.01	180	419400	买盘
14:24:09	23.29	--	53	123437	卖盘
14:24:03	23.29	--	63	146727	卖盘
14:24:00	23.29	--	2	4658	卖盘
14:23:57	23.29	--	5	11645	卖盘
14:23:51	23.29	--	10	23290	卖盘
14:23:42	23.29	0.01	87	202623	买盘
14:23:39	23.28	--	5	11640	卖盘
14:23:36	23.28	--	11	25608	卖盘
14:23:30	23.28	-0.01	10	23280	卖盘
14:23:27	23.29	--	16	37264	买盘
14:23:21	23.29	--	20	46580	买盘
14:23:18	23.29	--	41	95489	卖盘
14:23:09	23.29	-0.01	20	46580	中性盘
14:23:06	23.3	0.01	15	34950	买盘
14:23:00	23.29	-0.01	68	158372	卖盘
14:22:54	23.3	0.01	51	118830	买盘
14:22:45	23.29	--	9	20961	卖盘
14:22:42	23.29	--	109	253861	卖盘
14:22:39	23.29	-0.01	10	23290	卖盘
14:22:36	23.3	--	46	107180	买盘
14:22:27	23.3	-0.02	406	945980	卖盘
14:22:21	23.32	--	16	37312	买盘
14:22:18	23.32	--	25	58300	买盘
14:22:15	23.32	--	26	60632	买盘
14:22:12	23.32	--	14	32648	买盘
14:22:09	23.32	0.01	14	32648	买盘
14:22:06	23.31	-0.01	2	4662	卖盘
14:22:03	23.32	--	6	13992	买盘
14:22:00	23.32	0.01	49	114268	买盘
14:21:57	23.31	0.01	50	116550	买盘
14:21:51	23.3	--	326	759580	买盘
14:21:48	23.3	0.02	57	132810	买盘
14:21:42	23.28	-0.02	30	69840	卖盘
14:21:39	23.3	0.01	43	100190	买盘
14:21:36	23.29	--	98	228242	买盘
14:21:33	23.29	--	11	25619	买盘
14:21:30	23.29	-0.01	14	32606	卖盘
14:21:27	23.3	--	58	135140	买盘
14:21:21	23.3	0.02	6	13980	买盘
14:21:18	23.28	-0.02	17	39576	卖盘
14:21:12	23.3	0.01	82	191060	买盘
14:21:06	23.29	--	18	41922	买盘
14:21:00	23.29	--	11	25619	买盘
14:20:57	23.29	--	9	20961	买盘
14:20:54	23.29	--	10	23290	买盘
14:20:48	23.29	-0.01	2	4658	买盘
14:20:45	23.3	0.01	141	328530	买盘
14:20:42	23.29	-0.01	9	20961	卖盘
14:20:39	23.3	--	7	16310	买盘
14:20:36	23.3	0.01	2	4660	买盘
14:20:33	23.29	-0.01	60	139740	卖盘
14:20:27	23.3	--	10	23300	买盘
14:20:24	23.3	0.01	88	205040	买盘
14:20:21	23.29	-0.01	5	11645	卖盘
14:20:18	23.3	0.02	6	13980	买盘
14:20:15	23.28	--	3	6984	卖盘
14:20:12	23.28	-0.02	4	9312	卖盘
14:20:09	23.3	--	1	2330	买盘
14:20:06	23.3	--	42	97860	买盘
14:19:51	23.3	0.02	56	130480	买盘
14:19:45	23.28	-0.01	38	88464	卖盘
14:19:42	23.29	--	2	4658	买盘
14:19:39	23.29	--	20	46580	买盘
14:19:36	23.29	--	50	116450	买盘
14:19:33	23.29	--	18	41922	卖盘
14:19:27	23.29	-0.01	33	76857	卖盘
14:19:24	23.3	0.01	16	37280	买盘
14:19:18	23.29	--	32	74528	卖盘
14:19:15	23.29	-0.01	5	11645	卖盘
14:19:12	23.3	0.01	5	11650	买盘
14:19:09	23.29	--	18	41922	买盘
14:19:03	23.29	--	9	20961	买盘
14:18:54	23.29	0.01	2	4658	买盘
14:18:45	23.28	--	58	135024	买盘
14:18:39	23.28	--	3	6984	买盘
14:18:36	23.28	--	71	165288	卖盘
14:18:24	23.28	0.01	31	72168	中性盘
14:18:12	23.27	-0.01	5	11635	卖盘
14:18:09	23.28	0.01	217	505176	买盘
14:18:03	23.27	-0.01	6	13962	卖盘
14:18:00	23.28	0.01	10	23280	买盘
14:17:57	23.27	--	4	9308	卖盘
14:17:54	23.27	--	35	81445	卖盘
14:17:51	23.27	-0.01	7	16289	卖盘
14:17:48	23.28	--	12	27936	买盘
14:17:42	23.28	0.01	58	135024	买盘
14:17:36	23.27	--	70	162890	买盘
14:17:33	23.27	-0.01	30	69810	买盘
14:17:30	23.28	--	60	139680	买盘
14:17:27	23.28	0.03	1	2328	买盘
14:17:24	23.25	-0.03	14	32550	卖盘
14:17:18	23.28	0.01	42	97776	买盘
14:17:15	23.27	--	40	93080	买盘
14:17:12	23.27	--	5	11635	买盘
14:17:09	23.27	-0.01	90	209430	卖盘
14:17:06	23.28	--	26	60528	买盘
14:17:03	23.28	-0.02	52	121056	卖盘
14:17:00	23.3	--	32	74560	买盘
14:16:57	23.3	0.02	22	51260	买盘
14:16:54	23.28	-0.02	4	9312	卖盘
14:16:51	23.3	--	108	251640	买盘
14:16:48	23.3	--	7	16310	买盘
14:16:45	23.3	--	2	4660	买盘
14:16:42	23.3	0.01	55	128150	买盘
14:16:39	23.29	--	55	128095	卖盘
14:16:36	23.29	--	41	95489	买盘
14:16:33	23.29	--	49	114121	卖盘
14:16:27	23.29	0.01	6	13974	中性盘
14:16:21	23.28	-0.01	127	295656	卖盘
14:16:18	23.29	0.01	1	2329	买盘
14:16:15	23.28	-0.01	108	251424	卖盘
14:16:09	23.29	--	6	13974	买盘
14:16:03	23.29	0.03	85	197965	买盘
14:16:00	23.26	-0.02	20	46520	卖盘
14:15:54	23.28	--	10	23280	买盘
14:15:51	23.28	--	3	6984	买盘
14:15:42	23.28	-0.01	15	34920	卖盘
14:15:39	23.29	--	100	232900	买盘
14:15:36	23.29	--	29	67541	买盘
14:15:33	23.29	--	10	23290	买盘
14:15:30	23.29	0.04	5	11645	买盘
14:15:27	23.25	-0.04	236	548700	卖盘
14:15:18	23.29	--	105	244545	买盘
14:15:15	23.29	--	13	30277	买盘
14:15:12	23.29	--	35	81515	买盘
14:15:09	23.29	--	10	23290	买盘
14:15:06	23.29	--	20	46580	买盘
14:15:03	23.29	--	10	23290	买盘
14:14:54	23.29	0.01	28	65212	买盘
14:14:39	23.28	0.02	5	11640	买盘
14:14:33	23.26	-0.03	4	9304	中性盘
14:14:27	23.29	0.05	48	111792	买盘
14:14:21	23.24	-0.05	76	176624	卖盘
14:14:18	23.29	--	12	27948	买盘
14:14:15	23.29	--	210	489090	买盘
14:14:12	23.29	--	55	128095	买盘
14:14:09	23.29	--	7	16303	买盘
14:14:06	23.29	--	3	6987	买盘
14:14:03	23.29	-0.01	21	48909	卖盘
14:14:00	23.3	0.01	4	9320	买盘
14:13:57	23.29	-0.01	5	11645	卖盘
14:13:54	23.3	--	2	4660	买盘
14:13:48	23.3	-0.03	58	135140	卖盘
14:13:42	23.33	0.03	25	58324	买盘
14:13:39	23.3	--	7	16310	卖盘
14:13:36	23.3	-0.03	2	4660	卖盘
14:13:33	23.33	--	10	23330	买盘
14:13:30	23.33	--	15	34995	买盘
14:13:27	23.33	--	1	2333	买盘
14:13:24	23.33	--	23	53658	买盘
14:13:21	23.33	--	46	107317	买盘
14:13:18	23.33	--	4	9332	买盘
14:13:15	23.33	--	44	102651	卖盘
14:13:12	23.33	--	26	60657	卖盘
14:13:09	23.33	--	15	34995	卖盘
14:13:06	23.33	--	13	30328	买盘
14:13:03	23.33	0.01	1	2333	买盘
14:13:00	23.32	0.02	1	2332	买盘
14:12:54	23.3	--	159	370470	买盘
14:12:51	23.3	0.01	42	97860	买盘
14:12:42	23.29	0.01	44	102476	买盘
14:12:33	23.28	-0.01	7	16296	卖盘
14:12:24	23.29	--	4	9316	卖盘
14:12:21	23.29	--	23	53567	卖盘
14:12:18	23.29	0.04	73	170017	买盘
14:11:57	23.25	--	1	2325	卖盘
14:11:51	23.25	--	1	2325	卖盘
14:11:42	23.25	--	1	2325	卖盘
14:11:39	23.25	0.03	19	44175	买盘
14:11:09	23.22	-0.03	28	65016	卖盘
14:11:03	23.25	0.03	60	139500	买盘
14:10:54	23.22	--	58	134676	卖盘
14:10:42	23.22	--	100	232200	卖盘
14:10:24	23.22	0.02	120	278640	买盘
14:10:18	23.2	--	56	129920	卖盘
14:10:12	23.2	--	10	23200	卖盘
14:10:00	23.2	0.02	99	229680	买盘
14:09:57	23.18	0.02	20	46360	买盘
14:09:54	23.16	-0.01	300	694800	卖盘
14:09:45	23.17	-0.03	7	16219	卖盘
14:09:42	23.2	--	9	20880	买盘
14:09:39	23.2	0.03	140	324800	买盘
14:09:36	23.17	--	5	11585	卖盘
14:09:33	23.17	-0.01	10	23170	卖盘
14:09:27	23.18	0.01	3	6954	中性盘
14:09:21	23.17	-0.01	40	92680	卖盘
14:09:18	23.18	-0.02	1	2318	卖盘
14:09:12	23.2	0.02	3	6960	买盘
14:09:09	23.18	--	105	243390	买盘
14:09:06	23.18	--	1	2318	买盘
14:09:00	23.18	-0.03	335	776530	卖盘
14:08:57	23.21	-0.01	4	9284	中性盘
14:08:51	23.22	--	1	2322	买盘
14:08:45	23.22	0.02	18	41796	买盘
14:08:42	23.2	-0.02	100	232000	卖盘
14:08:36	23.22	0.01	1	2322	中性盘
14:08:30	23.21	-0.03	119	276199	卖盘
14:08:18	23.24	--	13	30211	买盘
14:08:12	23.24	--	47	109227	卖盘
14:08:06	23.24	-0.01	6	13943	卖盘
14:08:03	23.25	--	15	34875	买盘
14:07:57	23.25	--	236	548700	卖盘
14:07:42	23.25	--	98	227850	买盘
14:07:21	23.25	--	58	134850	买盘
14:07:06	23.25	0.01	10	23250	买盘
14:07:03	23.24	-0.01	5	11620	卖盘
14:06:57	23.25	--	3	6975	买盘
14:06:42	23.25	--	10	23250	买盘
14:06:27	23.25	--	10	23250	买盘
14:06:24	23.25	-0.01	66	153450	卖盘
14:06:21	23.26	--	90	209340	买盘
14:06:12	23.26	--	49	113974	买盘
14:06:09	23.26	-0.02	48	111648	卖盘
14:06:06	23.28	--	100	232800	买盘
14:06:03	23.28	--	120	279360	买盘
14:06:00	23.28	--	2	4656	买盘
14:05:57	23.28	--	3	6984	买盘
14:05:54	23.28	--	2	4656	买盘
14:05:51	23.28	--	3	6984	卖盘
14:05:45	23.28	--	2	4656	卖盘
14:05:42	23.28	--	2	4656	买盘
14:05:39	23.28	-0.01	1	2328	卖盘
14:05:36	23.29	0.01	73	170017	买盘
14:05:33	23.28	--	2	4656	买盘
14:05:30	23.28	--	19	44232	买盘
14:05:24	23.28	--	50	116400	买盘
14:05:21	23.28	-0.01	10	23280	卖盘
14:05:18	23.29	0.01	15	34935	买盘
14:05:15	23.28	-0.01	15	34920	卖盘
14:05:12	23.29	--	3	6987	买盘
14:05:09	23.29	--	67	156043	卖盘
14:05:06	23.29	-0.01	8	18632	卖盘
14:05:03	23.3	0.01	17	39610	买盘
14:05:00	23.29	--	17	39593	卖盘
14:04:57	23.29	--	1	2329	卖盘
14:04:54	23.29	--	94	218926	卖盘
14:04:45	23.29	0.01	175	407575	买盘
14:04:42	23.28	-0.01	21	48888	买盘
14:04:36	23.29	--	51	118779	买盘
14:04:30	23.29	0.01	66	153714	买盘
14:04:27	23.28	-0.01	10	23280	中性盘
14:04:24	23.29	0.02	18	41922	买盘
14:04:21	23.27	-0.01	594	1382238	卖盘
14:04:15	23.28	--	10	23280	买盘
14:04:12	23.28	0.01	5	11640	中性盘
14:03:57	23.27	0.02	114	265278	买盘
14:03:54	23.25	0.01	10	23250	买盘
14:03:48	23.24	0.01	61	141764	买盘
14:03:45	23.23	--	9	20907	卖盘
14:03:36	23.23	-0.01	70	162610	卖盘
14:03:33	23.24	--	1	2324	买盘
14:03:24	23.24	0.02	68	158032	买盘
14:03:21	23.22	-0.02	4	9288	中性盘
14:02:57	23.24	0.02	60	139440	买盘
14:02:51	23.22	0.01	4	9288	买盘
14:02:48	23.21	0.01	10	23210	买盘
14:02:42	23.2	--	25	58000	卖盘
14:02:36	23.2	--	9	20880	卖盘
14:02:24	23.2	0.01	138	320160	买盘
14:02:21	23.19	-0.01	30	69570	卖盘
14:02:18	23.2	--	5	11600	买盘
14:02:12	23.2	--	11	25520	买盘
14:02:09	23.2	0.01	19	44080	买盘
14:02:00	23.19	-0.01	9	20871	卖盘
14:01:54	23.2	0.01	1	2320	买盘
14:01:48	23.19	-0.01	11	25509	卖盘
14:01:42	23.2	0.01	10	23200	买盘
14:01:39	23.19	-0.01	14	32466	卖盘
14:01:27	23.2	-0.01	20	46400	中性盘
14:01:24	23.21	--	23	53383	卖盘
14:01:21	23.21	0.01	79	183359	买盘
14:01:18	23.2	--	16	37120	卖盘
14:01:09	23.2	--	200	464000	卖盘
14:00:57	23.2	--	37	85840	卖盘
14:00:45	23.2	--	3	6960	买盘
14:00:36	23.2	--	49	113680	卖盘
14:00:30	23.2	--	34	78880	买盘
14:00:06	23.2	--	337	781840	卖盘
13:59:54	23.2	--	50	116000	买盘
13:59:42	23.2	--	62	143840	卖盘
13:59:36	23.2	-0.01	6	13920	卖盘
13:59:33	23.21	0.01	5	11605	买盘
13:59:30	23.2	--	65	150800	买盘
13:59:21	23.2	-0.01	138	320160	卖盘
13:59:18	23.21	0.01	12	27852	中性盘
13:58:57	23.2	0.01	307	712240	买盘
13:58:45	23.19	-0.01	48	111312	卖盘
13:58:42	23.2	--	5	11600	卖盘
13:58:36	23.2	0.01	5	11600	中性盘
13:58:27	23.19	--	1	2319	买盘
13:58:24	23.19	--	43	99717	买盘
13:58:21	23.19	--	48	111312	买盘
13:58:18	23.19	-0.01	109	252771	卖盘
13:58:15	23.2	--	20	46400	卖盘
13:58:12	23.2	--	24	55680	买盘
13:58:03	23.2	0.01	1	2320	买盘
13:57:57	23.19	--	4	9276	卖盘
13:57:48	23.19	--	6	13914	卖盘
13:57:45	23.19	-0.01	2	4638	买盘
13:57:42	23.2	0.02	311	721520	买盘
13:57:39	23.18	-0.02	10	23180	中性盘
13:57:12	23.2	0.03	3	6960	买盘
13:57:09	23.17	-0.03	41	94997	卖盘
13:56:57	23.2	--	5	11600	买盘
13:56:51	23.2	--	1	2320	买盘
13:56:48	23.2	--	5	11600	买盘
13:56:45	23.2	--	2	4640	买盘
13:56:39	23.2	--	143	331760	卖盘
13:56:36	23.2	--	72	167040	卖盘
13:56:18	23.2	0.03	1	2320	买盘
13:56:15	23.17	-0.03	105	243285	卖盘
13:56:09	23.2	--	2	4640	买盘
13:56:06	23.2	--	12	27840	卖盘
13:56:03	23.2	--	26	60320	买盘
13:55:57	23.2	--	51	118320	买盘
13:55:54	23.2	--	4	9280	买盘
13:55:51	23.2	--	6	13920	买盘
13:55:48	23.2	--	6	13920	买盘
13:55:36	23.2	0.01	19	44080	买盘
13:55:33	23.19	0.02	2	4638	中性盘
13:54:51	23.17	-0.02	424	982408	卖盘
13:54:48	23.19	-0.01	49	113631	卖盘
13:54:39	23.2	0.01	22	51040	买盘
13:54:36	23.19	--	1	2319	卖盘
13:54:33	23.19	-0.01	2	4638	卖盘
13:54:27	23.2	--	1	2320	卖盘
13:54:18	23.2	0.01	1	2320	买盘
13:54:12	23.19	--	7	16233	卖盘
13:54:09	23.19	-0.01	5	11595	卖盘
13:54:06	23.2	--	5	11600	买盘
13:54:00	23.2	--	5	11600	买盘
13:53:54	23.2	--	5	11600	买盘
13:53:51	23.2	0.01	56	129920	买盘
13:53:36	23.19	--	68	157692	卖盘
13:53:27	23.19	-0.01	1	2319	卖盘
13:53:21	23.2	--	3	6960	买盘
13:53:18	23.2	--	7	16240	买盘
13:53:15	23.2	-0.03	63	146160	卖盘
13:53:12	23.23	0.03	8	18584	买盘
13:53:09	23.2	--	43	99760	卖盘
13:52:57	23.2	0.04	9	20880	买盘
13:52:54	23.16	-0.03	400	926400	卖盘
13:52:51	23.19	0.01	48	111312	买盘
13:52:48	23.18	-0.01	2	4636	卖盘
13:52:45	23.19	--	10	23190	买盘
13:52:39	23.19	-0.01	42	97398	卖盘
13:52:33	23.2	0.01	7	16240	买盘
13:52:27	23.19	-0.01	20	46380	卖盘
13:52:21	23.2	--	50	116000	买盘
13:52:09	23.2	0.01	6	13920	买盘
13:52:06	23.19	0.02	5	11595	买盘
13:51:57	23.17	--	2	4634	买盘
13:51:51	23.17	-0.02	7	16219	卖盘
13:51:42	23.19	0.02	3	6957	买盘
13:51:36	23.17	0.04	3	6951	买盘
13:51:30	23.13	-0.02	197	455661	卖盘
13:51:12	23.15	-0.01	183	423645	卖盘
13:51:06	23.16	0.01	2	4632	中性盘
13:50:48	23.15	--	7	16204	买盘
13:50:45	23.15	--	5	11575	卖盘
13:50:42	23.15	-0.02	148	342620	卖盘
13:50:33	23.17	-0.01	12	27804	卖盘
13:50:27	23.18	--	1	2318	买盘
13:50:24	23.18	--	7	16226	买盘
13:50:15	23.18	-0.02	118	273524	卖盘
13:50:09	23.2	-0.03	28	64960	卖盘
13:50:06	23.23	0.03	10	23230	买盘
13:50:03	23.2	--	20	46400	卖盘
13:50:00	23.2	0.02	82	190240	买盘
13:49:54	23.18	--	15	34770	卖盘
13:49:45	23.18	-0.02	34	78812	卖盘
13:49:39	23.2	0.01	6	13920	买盘
13:49:33	23.19	-0.01	12	27828	卖盘
13:49:27	23.2	-0.03	37	85840	卖盘
13:49:15	23.23	--	30	69690	卖盘
13:49:12	23.23	--	14	32522	卖盘
13:49:06	23.23	--	9	20907	卖盘
13:49:00	23.23	--	3	6969	买盘
13:48:48	23.23	0.03	2	4646	买盘
13:48:45	23.2	-0.02	27	62640	卖盘
13:48:42	23.22	0.02	10	23220	卖盘
13:48:33	23.2	--	20	46400	卖盘
13:48:27	23.2	-0.02	300	696000	卖盘
13:48:24	23.22	--	55	127710	买盘
13:48:18	23.22	0.01	2	4644	买盘
13:48:12	23.21	-0.01	13	30173	卖盘
13:48:09	23.22	0.01	5	11610	买盘
13:48:03	23.21	-0.01	11	25531	卖盘
13:47:57	23.22	0.01	20	46440	买盘
13:47:51	23.21	0.03	3	6963	买盘
13:47:36	23.18	-0.03	20	46360	卖盘
13:47:27	23.21	--	11	25531	买盘
13:47:24	23.21	--	5	11605	买盘
13:47:12	23.21	--	405	940005	买盘
13:47:09	23.21	--	10	23210	买盘
13:47:06	23.21	-0.01	81	188001	卖盘
13:46:57	23.22	--	5	11610	买盘
13:46:54	23.22	--	10	23220	买盘
13:46:45	23.22	--	13	30186	卖盘
13:46:42	23.22	-0.01	36	83592	卖盘
13:46:36	23.23	--	9	20907	买盘
13:46:33	23.23	--	20	46460	买盘
13:46:24	23.23	--	5	11615	买盘
13:46:15	23.23	0.02	2	4646	买盘
13:46:09	23.21	-0.02	33	76593	卖盘
13:46:03	23.23	0.01	33	76659	买盘
13:45:57	23.22	-0.01	12	27864	卖盘
13:45:54	23.23	--	10	23230	买盘
13:45:45	23.23	--	1	2323	买盘
13:45:42	23.23	-0.01	25	58075	卖盘
13:45:39	23.24	0.01	4	9296	买盘
13:45:36	23.23	-0.02	6	13938	卖盘
13:45:33	23.25	0.02	7	16275	买盘
13:45:30	23.23	--	9	20907	买盘
13:45:27	23.23	--	4	9292	买盘
13:45:15	23.23	--	7	16261	买盘
13:45:03	23.23	--	124	288052	卖盘
13:44:54	23.23	--	10	23230	卖盘
13:44:39	23.23	--	3	6969	卖盘
13:44:36	23.23	-0.01	20	46460	卖盘
13:44:33	23.24	--	5	11620	买盘
13:44:21	23.24	-0.01	1	2324	中性盘
13:44:06	23.25	--	4	9300	买盘
13:44:03	23.25	0.01	5	11625	买盘
13:44:00	23.24	-0.01	3	6971	卖盘
13:43:57	23.25	--	20	46500	买盘
13:43:48	23.25	--	3	6975	买盘
13:43:42	23.25	--	2	4650	买盘
13:43:39	23.25	--	49	113925	买盘
13:43:36	23.25	--	9	20925	卖盘
13:43:33	23.25	--	41	95325	买盘
13:43:27	23.25	--	196	455700	卖盘
13:43:21	23.25	-0.04	92	213900	卖盘
13:43:12	23.29	-0.01	35	81515	卖盘
13:43:09	23.3	--	10	23300	中性盘
13:43:06	23.3	0.01	29	67570	卖盘
13:43:03	23.29	-0.01	25	58225	卖盘
13:42:57	23.3	0.01	5	11650	买盘
13:42:51	23.29	--	25	58225	买盘
13:42:42	23.29	--	2	4658	买盘
13:42:39	23.29	0.05	8	18632	中性盘
13:42:30	23.24	--	12	27887	卖盘
13:42:21	23.24	0.01	33	76692	买盘
13:42:12	23.23	--	1	2323	买盘
13:42:09	23.23	0.01	2	4646	买盘
13:42:06	23.22	--	8	18576	买盘
13:42:03	23.22	--	20	46440	买盘
13:41:48	23.22	0.03	60	139320	买盘
13:41:45	23.19	--	12	27828	买盘
13:41:42	23.19	0.01	1	2319	买盘
13:41:39	23.18	-0.01	20	46360	卖盘
13:41:33	23.19	--	7	16233	卖盘
13:41:30	23.19	0.02	43	99717	买盘
13:41:24	23.17	-0.01	44	101948	卖盘
13:41:21	23.18	--	9	20862	买盘
13:41:18	23.18	0.01	15	34770	买盘
13:41:12	23.17	-0.01	5	11585	中性盘
13:41:09	23.18	--	2	4636	买盘
13:41:03	23.18	-0.01	53	122854	卖盘
13:41:00	23.19	--	35	81165	买盘
13:40:57	23.19	-0.01	10	23190	买盘
13:40:54	23.2	0.01	5	11600	买盘
13:40:51	23.19	-0.01	10	23190	卖盘
13:40:45	23.2	--	55	127600	买盘
13:40:42	23.2	--	3	6960	买盘
13:40:39	23.2	-0.03	469	1088080	卖盘
13:40:36	23.23	0.01	8	18584	中性盘
13:40:27	23.22	-0.04	50	116100	卖盘
13:40:09	23.26	0.01	35	81410	买盘
13:40:06	23.25	-0.02	15	34875	卖盘
13:40:03	23.27	--	5	11635	买盘
13:40:00	23.27	--	163	379301	买盘
13:39:48	23.27	--	10	23270	买盘
13:39:45	23.27	-0.03	120	279240	卖盘
13:39:33	23.3	--	3	6990	卖盘
13:39:30	23.3	-0.01	8	18640	卖盘
13:39:15	23.31	-0.01	44	102564	卖盘
13:39:12	23.32	0.01	5	11660	买盘
13:39:06	23.31	-0.02	1	2331	中性盘
13:38:39	23.33	0.05	23	53658	买盘
13:38:36	23.28	-0.06	269	626232	卖盘
13:38:33	23.34	0.03	2	4668	买盘
13:38:15	23.31	-0.02	10	23310	卖盘
13:38:12	23.33	--	2	4666	买盘
13:38:03	23.33	-0.01	1	2333	卖盘
13:38:00	23.34	0.01	22	51348	买盘
13:37:48	23.33	--	29	67657	买盘
13:37:33	23.33	--	6	13997	卖盘
13:37:30	23.33	--	3	6998	买盘
13:37:27	23.33	--	5	11665	买盘
13:37:24	23.33	--	5	11665	买盘
13:37:21	23.33	0.03	5	11665	买盘
13:37:18	23.3	-0.03	300	699000	卖盘
13:37:15	23.33	--	1	2333	买盘
13:36:57	23.33	0.01	3	6998	买盘
13:36:51	23.32	-0.01	10	23320	中性盘
13:36:39	23.33	0.03	10	23330	中性盘
13:36:00	23.3	--	1	2330	买盘
13:35:54	23.3	-0.03	399	929670	卖盘
13:35:48	23.33	-0.01	1	2333	卖盘
13:35:45	23.34	--	11	25674	买盘
13:35:42	23.34	0.02	1	2334	买盘
13:35:36	23.32	-0.02	7	16324	卖盘
13:35:27	23.34	--	5	11670	买盘
13:35:24	23.34	0.01	14	32676	买盘
13:35:21	23.33	--	1	2333	买盘
13:35:15	23.33	--	15	34995	买盘
13:35:06	23.33	0.01	2	4666	中性盘
13:35:03	23.32	-0.01	9	20988	卖盘
13:35:00	23.33	--	10	23330	卖盘
13:34:57	23.33	0.01	12	27995	买盘
13:34:54	23.32	-0.01	1	2332	卖盘
13:34:51	23.33	--	5	11665	买盘
13:34:48	23.33	--	3	6998	中性盘
13:34:33	23.33	-0.01	5	11665	卖盘
13:34:27	23.34	0.04	2	4668	买盘
13:34:21	23.3	-0.02	200	466000	卖盘
13:34:12	23.32	-0.04	80	186560	卖盘
13:34:06	23.36	--	1	2336	买盘
13:34:03	23.36	-0.01	6	14016	中性盘
13:33:54	23.37	0.01	24	56088	买盘
13:33:48	23.36	--	19	44384	买盘
13:33:45	23.36	--	43	100448	买盘
13:33:42	23.36	--	5	11680	买盘
13:33:39	23.36	--	6	14016	买盘
13:33:33	23.36	-0.01	63	147168	卖盘
13:33:30	23.37	0.01	6	14022	买盘
13:33:24	23.36	--	31	72416	买盘
13:33:21	23.36	0.03	210	490560	买盘
13:33:18	23.33	-0.03	143	333619	卖盘
13:33:15	23.36	0.01	35	81760	买盘
13:33:03	23.35	--	5	11675	卖盘
13:33:00	23.35	0.02	71	165785	买盘
13:32:54	23.33	--	25	58324	买盘
13:32:48	23.33	--	147	342951	买盘
13:32:42	23.33	--	30	69990	买盘
13:32:39	23.33	0.03	32	74656	买盘
13:32:30	23.3	-0.02	22	51260	卖盘
13:32:24	23.32	0.02	23	53682	买盘
13:32:18	23.3	-0.02	3	6990	中性盘
13:32:09	23.32	0.02	255	594660	买盘
13:32:06	23.3	0.01	3	6990	买盘
13:32:03	23.29	-0.01	11	25619	卖盘
13:32:00	23.3	0.01	21	48930	买盘
13:31:54	23.29	-0.01	4	9316	卖盘
13:31:51	23.3	0.01	61	142130	买盘
13:31:39	23.29	0.01	60	139740	买盘
13:31:36	23.28	-0.01	19	44232	卖盘
13:31:33	23.29	--	11	25619	买盘
13:31:27	23.29	--	25	58225	卖盘
13:31:21	23.29	--	5	11645	卖盘
13:31:15	23.29	--	48	111792	卖盘
13:31:09	23.29	-0.01	16	37264	卖盘
13:31:03	23.3	--	36	83880	卖盘
13:30:54	23.3	--	22	51260	中性盘
13:30:39	23.3	--	4	9320	卖盘
13:30:36	23.3	0.01	96	223680	买盘
13:30:30	23.29	--	15	34935	买盘
13:30:27	23.29	-0.01	78	181662	卖盘
13:30:18	23.3	--	5	11650	买盘
13:30:12	23.3	0.01	5	11650	买盘
13:30:06	23.29	-0.01	54	125766	卖盘
13:30:03	23.3	0.01	33	76890	买盘
13:30:00	23.29	--	10	23290	卖盘
13:29:57	23.29	-0.02	44	102476	卖盘
13:29:54	23.31	--	4	9324	买盘
13:29:48	23.31	--	26	60606	买盘
13:29:45	23.31	0.01	23	53613	买盘
13:29:36	23.3	--	110	256300	卖盘
13:29:27	23.3	--	5	11650	卖盘
13:29:24	23.3	--	44	102520	买盘
13:29:21	23.3	--	5	11650	买盘
13:29:15	23.3	--	51	118830	买盘
13:29:12	23.3	-0.03	304	708320	卖盘
13:29:09	23.33	--	97	226300	卖盘
13:29:06	23.33	-0.01	23	53658	卖盘
13:29:03	23.34	0.01	2	4668	买盘
13:28:51	23.33	--	8	18664	卖盘
13:28:42	23.33	--	23	53658	卖盘
13:28:39	23.33	-0.02	21	48993	卖盘
13:28:30	23.35	0.01	16	37360	买盘
13:28:27	23.34	-0.01	2	4668	卖盘
13:28:24	23.35	--	7	16345	买盘
13:28:21	23.35	--	20	46700	买盘
13:28:15	23.35	-0.03	17	39695	卖盘
13:28:12	23.38	--	5	11690	买盘
13:28:09	23.38	0.02	101	236138	买盘
13:28:03	23.36	--	244	569984	卖盘
13:27:57	23.36	--	185	432160	买盘
13:27:51	23.36	--	11	25696	买盘
13:27:48	23.36	-0.03	14	32704	买盘
13:27:42	23.39	0.04	183	428037	买盘
13:27:33	23.35	0.01	80	186800	买盘
13:27:30	23.34	0.01	80	186720	买盘
13:27:27	23.33	-0.02	95	221634	卖盘
13:27:21	23.35	0.01	50	116750	买盘
13:27:18	23.34	-0.02	68	158712	卖盘
13:27:15	23.36	0.02	191	446176	买盘
13:27:06	23.34	-0.01	13	30342	卖盘
13:27:03	23.35	--	111	259185	买盘
13:27:00	23.35	--	23	53705	买盘
13:26:57	23.35	--	35	81725	买盘
13:26:54	23.35	--	20	46700	买盘
13:26:48	23.35	-0.01	6	14010	卖盘
13:26:45	23.36	0.02	8	18688	买盘
13:26:42	23.34	--	2	4668	卖盘
13:26:39	23.34	--	52	121368	卖盘
13:26:36	23.34	--	21	49014	买盘
13:26:33	23.34	-0.01	53	123702	卖盘
13:26:30	23.35	0.01	50	116750	买盘
13:26:27	23.34	-0.01	51	119034	卖盘
13:26:24	23.35	--	22	51370	买盘
13:26:18	23.35	-0.02	140	326900	卖盘
13:26:15	23.37	0.02	40	93480	买盘
13:26:12	23.35	-0.02	3	7005	中性盘
13:26:03	23.37	0.02	136	317832	买盘
13:26:00	23.35	--	20	46700	买盘
13:25:57	23.35	--	17	39695	买盘
13:25:54	23.35	--	5	11675	买盘
13:25:51	23.35	--	39	91065	买盘
13:25:48	23.35	--	62	144770	买盘
13:25:42	23.35	--	26	60710	买盘
13:25:36	23.35	0.01	122	284870	买盘
13:25:27	23.34	0.01	80	186720	买盘
13:25:24	23.33	0.01	50	116649	买盘
13:25:18	23.32	0.02	12	27984	卖盘
13:25:00	23.3	--	15	34950	买盘
13:24:54	23.3	--	3	6990	买盘
13:24:51	23.3	--	19	44270	卖盘
13:24:42	23.3	--	12	27960	卖盘
13:24:39	23.3	--	10	23300	卖盘
13:24:30	23.3	--	25	58250	买盘
13:24:21	23.3	--	35	81550	买盘
13:24:18	23.3	-0.05	405	943650	卖盘
13:24:03	23.35	-0.01	96	224160	卖盘
13:24:00	23.36	--	7	16352	买盘
13:23:57	23.36	--	18	42048	买盘
13:23:51	23.36	-0.01	20	46720	卖盘
13:23:48	23.37	--	2	4674	买盘
13:23:45	23.37	--	60	140220	买盘
13:23:42	23.37	--	42	98154	买盘
13:23:36	23.37	0.01	57	133209	买盘
13:23:30	23.36	-0.01	6	14016	卖盘
13:23:27	23.37	0.01	34	79458	买盘
13:23:24	23.36	-0.01	305	712480	中性盘
13:23:15	23.37	0.01	22	51414	买盘
13:23:12	23.36	--	2	4672	买盘
13:23:09	23.36	0.03	10	23360	买盘
13:23:00	23.33	-0.02	30	69990	卖盘
13:22:57	23.35	0.02	101	235835	买盘
13:22:51	23.33	--	1	2333	卖盘
13:22:42	23.33	--	4	9332	卖盘
13:22:39	23.33	--	22	51325	卖盘
13:22:36	23.33	--	22	51325	卖盘
13:22:33	23.33	-0.01	22	51325	卖盘
13:22:30	23.34	0.01	33	77022	买盘
13:22:27	23.33	--	2	4666	卖盘
13:22:24	23.33	-0.01	60	139980	卖盘
13:22:15	23.34	--	6	14004	卖盘
13:22:09	23.34	--	2	4668	卖盘
13:22:06	23.34	--	16	37344	买盘
13:22:00	23.34	--	1	2334	买盘
13:21:57	23.34	-0.01	38	88692	卖盘
13:21:54	23.35	-0.01	158	368930	卖盘
13:21:51	23.36	-0.01	22	51392	卖盘
13:21:48	23.37	0.01	11	25707	买盘
13:21:45	23.36	-0.02	50	116800	卖盘
13:21:42	23.38	--	254	593852	买盘
13:21:36	23.38	--	20	46760	买盘
13:21:33	23.38	--	20	46760	买盘
13:21:30	23.38	-0.01	54	126252	卖盘
13:21:24	23.39	--	26	60814	买盘
13:21:12	23.39	--	111	259629	卖盘
13:21:09	23.39	--	4	9356	卖盘
13:21:06	23.39	0.01	4	9356	买盘
13:21:03	23.38	-0.01	3	7014	卖盘
13:21:00	23.39	--	10	23390	买盘
13:20:57	23.39	0.02	4	9356	买盘
13:20:54	23.37	-0.01	138	322506	卖盘
13:20:51	23.38	--	1	2338	卖盘
13:20:42	23.38	--	6	14028	买盘
13:20:39	23.38	--	24	56112	买盘
13:20:36	23.38	0.01	41	95858	买盘
13:20:33	23.37	--	12	28044	卖盘
13:20:24	23.37	--	4	9348	卖盘
13:20:15	23.37	0.01	6	14022	中性盘
13:20:12	23.36	--	50	116800	卖盘
13:20:00	23.36	--	2	4672	卖盘
13:19:57	23.36	-0.01	14	32704	卖盘
13:19:54	23.37	--	5	11685	买盘
13:19:48	23.37	--	4	9348	买盘
13:19:45	23.37	--	10	23370	买盘
13:19:42	23.37	--	19	44403	买盘
13:19:36	23.37	--	15	35055	买盘
13:19:33	23.37	0.01	112	261744	买盘
13:19:30	23.36	-0.01	27	63072	卖盘
13:19:27	23.37	--	17	39729	买盘
13:19:24	23.37	--	1	2337	买盘
13:19:21	23.37	-0.01	151	352887	卖盘
13:19:18	23.38	--	25	58450	买盘
13:19:15	23.38	--	22	51436	买盘
13:19:12	23.38	--	5	11690	买盘
13:19:06	23.38	--	1	2338	买盘
13:19:03	23.38	-0.01	104	243152	卖盘
13:19:00	23.39	--	71	166069	买盘
13:18:57	23.39	0.01	14	32746	买盘
13:18:54	23.38	-0.01	108	252504	卖盘
13:18:51	23.39	--	71	166069	买盘
13:18:48	23.39	--	7	16373	买盘
13:18:42	23.39	--	23	53797	买盘
13:18:39	23.39	--	30	70170	买盘
13:18:36	23.39	--	5	11695	买盘
13:18:33	23.39	-0.01	172	402308	卖盘
13:18:27	23.4	0.01	56	131039	买盘
13:18:24	23.39	--	101	236239	买盘
13:18:21	23.39	--	28	65492	买盘
13:18:18	23.39	--	4	9356	买盘
13:18:15	23.39	--	14	32746	买盘
13:18:12	23.39	--	12	28068	买盘
13:18:09	23.39	--	23	53797	买盘
13:18:06	23.39	0.01	42	98238	卖盘
13:18:03	23.38	-0.01	199	465262	卖盘
13:18:00	23.39	0.01	28	65492	买盘
13:17:57	23.38	--	80	187040	卖盘
13:17:54	23.38	-0.01	13	30394	卖盘
13:17:51	23.39	0.01	30	70170	买盘
13:17:48	23.38	-0.01	6	14028	卖盘
13:17:39	23.39	--	4	9356	买盘
13:17:36	23.39	0.01	47	109933	买盘
13:17:33	23.38	-0.01	33	77154	卖盘
13:17:30	23.39	--	6	14034	买盘
13:17:27	23.39	--	18	42102	买盘
13:17:24	23.39	--	20	46780	买盘
13:17:21	23.39	--	3	7017	买盘
13:17:18	23.39	--	46	107594	买盘
13:17:12	23.39	-0.01	113	264307	卖盘
13:17:09	23.4	--	18	42120	买盘
13:17:06	23.4	--	6	14040	买盘
13:17:03	23.4	0.01	5	11700	买盘
13:17:00	23.39	--	34	79526	买盘
13:16:57	23.39	--	5	11695	买盘
13:16:51	23.39	--	12	28068	买盘
13:16:48	23.39	-0.01	15	35085	中性盘
13:16:39	23.4	0.01	27	63179	买盘
13:16:30	23.39	0.01	1	2339	中性盘
13:16:27	23.38	-0.02	50	116900	卖盘
13:16:24	23.4	--	5	11700	买盘
13:16:18	23.4	-0.03	216	505439	卖盘
13:16:12	23.43	--	2	4686	卖盘
13:16:09	23.43	--	12	28116	卖盘
13:16:00	23.43	-0.01	22	51546	卖盘
13:15:51	23.44	0.01	15	35160	买盘
13:15:45	23.43	-0.01	48	112464	中性盘
13:15:42	23.44	0.03	50	117200	买盘
13:15:39	23.41	-0.03	40	93640	卖盘
13:15:33	23.44	0.01	25	58600	买盘
13:15:30	23.43	-0.03	73	171039	卖盘
13:15:27	23.46	0.01	1	2346	买盘
13:15:24	23.45	--	3	7035	卖盘
13:15:21	23.45	0.02	11	25795	买盘
13:15:18	23.43	--	6	14058	卖盘
13:15:12	23.43	-0.02	20	46860	中性盘
13:15:09	23.45	0.02	60	140700	买盘
13:15:06	23.43	--	40	93720	买盘
13:15:03	23.43	--	2	4686	买盘
13:15:00	23.43	--	67	156981	买盘
13:14:57	23.43	-0.03	248	581064	卖盘
13:14:54	23.46	0.01	3	7038	买盘
13:14:51	23.45	--	13	30485	卖盘
13:14:48	23.45	--	817	1915865	买盘
13:14:45	23.45	--	5	11725	买盘
13:14:42	23.45	--	35	82075	买盘
13:14:36	23.45	--	5	11725	买盘
13:14:30	23.45	--	26	60970	买盘
13:14:27	23.45	0.05	3	7035	买盘
13:14:24	23.4	-0.06	20	46800	卖盘
13:14:21	23.46	0.01	167	391782	买盘
13:14:18	23.45	0.05	21	49245	中性盘
13:14:09	23.4	-0.05	117	276073	卖盘
13:14:06	23.45	--	5	11725	卖盘
13:14:03	23.45	0.05	41	96191	买盘
13:14:00	23.4	--	200	470293	卖盘
13:13:57	23.4	-0.05	76	177840	卖盘
13:13:54	23.45	0.01	1	2345	买盘
13:13:51	23.44	-0.02	10	23440	中性盘
13:13:48	23.46	--	97	227562	买盘
13:13:45	23.46	0.06	4	9384	买盘
13:13:42	23.4	-0.06	400	936000	卖盘
13:13:39	23.46	0.03	10	23460	买盘
13:13:36	23.43	0.01	12	28116	中性盘
13:13:33	23.42	-0.05	638	1494196	卖盘
13:13:30	23.47	0.03	39	91533	买盘
13:13:27	23.44	-0.02	500	1172000	卖盘
13:13:21	23.46	--	9	21114	卖盘
13:13:18	23.46	-0.02	17	39882	卖盘
13:13:15	23.48	0.03	64	150295	买盘
13:13:12	23.45	-0.03	60	143021	卖盘
13:13:09	23.48	0.03	11	25828	买盘
13:13:06	23.45	--	3	7035	卖盘
13:13:03	23.45	-0.03	11	25795	卖盘
13:12:57	23.48	0.03	13	30547	买盘
13:12:54	23.45	--	5	14046	卖盘
13:12:51	23.45	-0.05	15	35175	卖盘
13:12:48	23.5	--	10	23500	买盘
13:12:45	23.5	-0.03	65	152750	中性盘
13:12:42	23.53	0.03	1505	3541265	买盘
13:12:39	23.5	-0.03	540	1269000	卖盘
13:12:36	23.53	-0.02	290	682370	卖盘
13:12:30	23.55	-0.02	75	176625	中性盘
13:12:27	23.57	0.04	516	1216212	买盘
13:12:24	23.53	--	72	169416	卖盘
13:12:21	23.53	--	31	72943	卖盘
13:12:18	23.53	0.01	43	101179	买盘
13:12:15	23.52	-0.01	6	14112	卖盘
13:12:12	23.53	--	4	9412	卖盘
13:12:09	23.53	-0.02	26	61178	卖盘
13:12:06	23.55	-0.01	12	28260	买盘
13:12:03	23.56	0.01	37	87172	买盘
13:12:00	23.55	-0.02	41	96555	卖盘
13:11:57	23.57	0.01	80	188560	买盘
13:11:54	23.56	-0.02	73	171988	卖盘
13:11:51	23.58	0.01	43	101393	买盘
13:11:48	23.57	--	23	54211	卖盘
13:11:45	23.57	-0.01	108	254556	卖盘
13:11:42	23.58	0.02	4	9432	买盘
13:11:39	23.56	0.04	162	381672	买盘
13:11:33	23.52	-0.03	54	127008	中性盘
13:11:27	23.55	0.03	29	68295	买盘
13:11:24	23.52	-0.04	15	35280	卖盘
13:11:21	23.56	0.03	48	113088	买盘
13:11:18	23.53	-0.03	11	25883	中性盘
13:11:15	23.56	0.03	1325	3121700	买盘
13:11:12	23.53	--	34	80002	卖盘
13:11:09	23.53	-0.03	31	72943	中性盘
13:11:06	23.56	0.06	105	247380	买盘
13:11:03	23.5	--	50	117500	卖盘
13:11:00	23.5	--	27	63450	卖盘
13:10:57	23.5	-0.03	71	166850	卖盘
13:10:54	23.53	0.03	3	7059	中性盘
13:10:48	23.5	-0.06	13	30550	中性盘
13:10:45	23.56	--	34	80104	买盘
13:10:42	23.56	--	31	73036	买盘
13:10:39	23.56	-0.04	57	134292	卖盘
13:10:36	23.6	--	43	101480	买盘
13:10:33	23.6	--	148	349280	买盘
13:10:30	23.6	0.04	73	172280	买盘
13:10:27	23.56	-0.04	181	427354	卖盘
13:10:24	23.6	-0.01	554	1307440	卖盘
13:10:21	23.61	-0.03	106	250266	卖盘
13:10:18	23.64	-0.02	148	349872	卖盘
13:10:15	23.66	0.01	203	480298	买盘
13:10:12	23.65	-0.02	173	409145	卖盘
13:10:09	23.67	--	84	198828	买盘
13:10:06	23.67	0.01	117	276939	中性盘
13:10:03	23.66	-0.02	198	468468	卖盘
13:10:00	23.68	--	188	445184	买盘
13:09:57	23.68	0.04	349	826432	买盘
13:09:54	23.64	--	71	167844	卖盘
13:09:51	23.64	-0.02	54	127656	卖盘
13:09:48	23.66	0.05	74	175084	买盘
13:09:45	23.61	-0.04	209	494889	卖盘
13:09:42	23.65	0.01	214	506109	买盘
13:09:39	23.64	0.01	115	271860	买盘
13:09:36	23.63	-0.01	106	250478	卖盘
13:09:33	23.64	0.03	179	423156	买盘
13:09:30	23.61	--	243	573723	买盘
13:09:27	23.61	0.01	76	179436	买盘
13:09:24	23.6	--	45	106200	卖盘
13:09:21	23.6	0.03	509	1201240	买盘
13:09:18	23.57	0.01	261	615177	中性盘
13:09:15	23.56	-0.02	107	252092	卖盘
13:09:12	23.58	0.02	121	285318	买盘
13:09:09	23.56	--	321	756276	卖盘
13:09:06	23.56	0.04	533	1257774	买盘
13:09:03	23.52	0.03	35	82320	买盘
13:09:00	23.49	-0.02	77	180873	卖盘
13:08:57	23.51	0.01	128	300928	中性盘
13:08:54	23.5	--	397	932950	卖盘
13:08:51	23.5	0.03	219	514650	买盘
13:08:48	23.47	-0.03	10	23470	卖盘
13:08:45	23.5	0.04	50	117500	买盘
13:08:42	23.46	-0.04	173	405881	卖盘
13:08:39	23.5	0.04	323	759050	买盘
13:08:36	23.46	-0.01	74	173604	买盘
13:08:33	23.47	0.01	6	14082	买盘
13:08:30	23.46	-0.03	59	138414	卖盘
13:08:27	23.49	--	33	77517	买盘
13:08:24	23.49	--	50	117449	买盘
13:08:21	23.49	-0.01	63	147987	中性盘
13:08:18	23.5	--	33	77550	买盘
13:08:15	23.5	-0.02	57	133950	中性盘
13:08:12	23.52	0.02	394	926688	买盘
13:08:09	23.5	--	111	260850	买盘
13:08:06	23.5	-0.02	277	650950	卖盘
13:08:03	23.52	--	44	103488	买盘
13:08:00	23.52	0.02	45	105840	买盘
13:07:57	23.5	0.04	19	44650	中性盘
13:07:54	23.46	-0.09	13	30498	卖盘
13:07:51	23.55	--	668	1573140	买盘
13:07:48	23.55	0.05	196	461580	买盘
13:07:45	23.5	--	174	408900	卖盘
13:07:42	23.5	-0.05	52	122200	卖盘
13:07:39	23.55	--	82	193110	卖盘
13:07:36	23.55	0.05	222	522810	买盘
13:07:33	23.5	-0.03	102	239700	卖盘
13:07:30	23.53	--	89	209417	买盘
13:07:27	23.53	-0.04	533	1254149	卖盘
13:07:24	23.57	0.03	235	553895	买盘
13:07:21	23.54	-0.02	14	32956	中性盘
13:07:18	23.56	0.09	388	914128	买盘
13:07:15	23.47	-0.06	61	143167	卖盘
13:07:12	23.53	--	10	23530	卖盘
13:07:09	23.53	0.02	85	200005	买盘
13:07:06	23.51	0.05	15	35265	买盘
13:07:03	23.46	-0.04	118	276828	卖盘
13:07:00	23.5	0.04	34	79900	买盘
13:06:57	23.46	--	400	938400	买盘
13:06:54	23.46	--	786	1843956	买盘
13:06:51	23.46	--	88	206448	买盘
13:06:48	23.46	0.01	111	260406	买盘
13:06:45	23.45	0.01	163	382235	买盘
13:06:42	23.44	-0.02	45	105480	卖盘
13:06:39	23.46	0.01	259	607614	买盘
13:06:36	23.45	-0.01	95	222775	卖盘
13:06:33	23.46	--	210	492660	买盘
13:06:30	23.46	--	193	452778	买盘
13:06:27	23.46	0.02	69	161874	买盘
13:06:24	23.44	-0.02	76	178144	中性盘
13:06:21	23.46	0.02	482	1130772	买盘
13:06:18	23.44	--	77	180488	买盘
13:06:15	23.44	-0.01	40	93760	买盘
13:06:12	23.45	0.02	166	389293	买盘
13:06:09	23.43	0.01	62	145266	中性盘
13:06:06	23.42	-0.01	92	215464	中性盘
13:06:03	23.43	0.02	303	709929	买盘
13:06:00	23.41	-0.01	164	383924	中性盘
13:05:57	23.42	-0.01	18	42156	中性盘
13:05:54	23.43	0.01	162	379566	买盘
13:05:51	23.42	0.01	171	400482	买盘
13:05:48	23.41	--	214	500974	买盘
13:05:45	23.41	0.01	84	196644	中性盘
13:05:42	23.4	-0.02	36	84240	卖盘
13:05:39	23.42	--	43	100706	卖盘
13:05:36	23.42	0.02	220	515240	买盘
13:05:33	23.4	-0.02	62	145080	卖盘
13:05:30	23.42	0.02	44	103048	买盘
13:05:27	23.4	-0.04	61	142740	卖盘
13:05:24	23.44	0.04	56	131264	买盘
13:05:21	23.4	--	94	219960	卖盘
13:05:18	23.4	-0.03	13	30419	买盘
13:05:15	23.43	0.01	85	199155	买盘
13:05:12	23.42	0.03	73	170966	买盘
13:05:09	23.39	-0.04	15	35085	卖盘
13:05:06	23.43	0.01	116	271788	买盘
13:05:03	23.42	0.02	58	135836	买盘
13:05:00	23.4	-0.02	15	35100	中性盘
13:04:57	23.42	0.03	182	426244	买盘
13:04:54	23.39	-0.05	155	362545	卖盘
13:04:51	23.44	0.04	168	393792	买盘
13:04:48	23.4	-0.04	21	49140	卖盘
13:04:45	23.44	-0.01	102	239088	中性盘
13:04:42	23.45	0.01	79	185255	买盘
13:04:39	23.44	-0.01	246	576624	中性盘
13:04:36	23.45	--	183	429135	买盘
13:04:33	23.45	--	145	340025	买盘
13:04:30	23.45	0.06	152	357354	买盘
13:04:27	23.39	--	141	329799	卖盘
13:04:24	23.39	-0.07	170	397630	卖盘
13:04:21	23.46	0.01	224	525504	买盘
13:04:18	23.45	0.07	519	1217055	买盘
13:04:15	23.38	-0.01	47	109886	卖盘
13:04:12	23.39	0.01	164	383596	买盘
13:04:09	23.38	0.05	288	673344	买盘
13:04:06	23.33	--	10	23330	卖盘
13:04:03	23.33	0.03	314	732562	买盘
13:04:00	23.3	--	111	258630	买盘
13:03:57	23.3	--	119	277270	买盘
13:03:54	23.3	0.02	43	100190	买盘
13:03:51	23.28	--	50	116400	买盘
13:03:48	23.28	0.01	136	316608	买盘
13:03:45	23.27	0.02	91	211757	买盘
13:03:39	23.25	0.03	261	606825	买盘
13:03:36	23.22	--	53	123066	买盘
13:03:33	23.22	0.02	20	46440	买盘
13:03:30	23.2	-0.01	32	74240	卖盘
13:03:24	23.21	0.01	197	457237	买盘
13:03:21	23.2	--	61	141520	卖盘
13:03:18	23.2	--	1	2320	卖盘
13:03:15	23.2	0.02	48	111360	买盘
13:03:09	23.18	--	2	4636	卖盘
13:03:00	23.18	-0.01	21	48678	卖盘
13:02:54	23.19	0.01	18	41742	买盘
13:02:51	23.18	--	14	32452	卖盘
13:02:48	23.18	--	2	4636	卖盘
13:02:45	23.18	--	1	2318	卖盘
13:02:42	23.18	--	23	53314	卖盘
13:02:39	23.18	-0.01	1	2318	卖盘
13:02:36	23.19	--	66	153054	买盘
13:02:27	23.19	--	20	46380	买盘
13:02:24	23.19	--	56	129864	卖盘
13:02:15	23.19	--	3	6957	卖盘
13:02:12	23.19	--	10	23190	卖盘
13:02:00	23.19	-0.03	10	23190	卖盘
13:01:57	23.22	--	5	11610	卖盘
13:01:54	23.22	--	10	23220	卖盘
13:01:51	23.22	-0.01	69	160218	中性盘
13:01:24	23.23	--	53	123119	买盘
13:01:21	23.23	0.06	18	41814	买盘
13:01:18	23.17	-0.08	20	46340	卖盘
13:01:15	23.25	0.01	295	685875	买盘
13:01:09	23.24	0.02	4	9296	买盘
13:01:06	23.22	0.06	10	23220	中性盘
13:01:03	23.16	-0.09	5	11580	卖盘
13:00:57	23.25	0.08	515	1197375	买盘
13:00:54	23.17	0.01	1	2317	买盘
13:00:51	23.16	--	4	9264	卖盘
13:00:39	23.16	--	13	30108	卖盘
13:00:36	23.16	0.01	122	282552	买盘
13:00:30	23.15	--	20	46300	卖盘
13:00:27	23.15	--	15	34725	卖盘
13:00:21	23.15	--	30	69450	卖盘
13:00:18	23.15	--	3	6945	卖盘
13:00:12	23.15	0.12	282	652830	买盘
13:00:06	23.03	-0.07	58	133574	卖盘
13:00:03	23.1	0.08	242	559020	买盘
13:00:00	23.02	--	0	0	卖盘
11:30:00	23.02	--	0	0	卖盘
11:29:45	23.02	--	20	46040	买盘
11:29:36	23.02	--	3	6906	买盘
11:29:15	23.02	--	1	2302	买盘
11:28:57	23.02	0.02	50	115100	买盘
11:28:42	23.0	--	39	90597	买盘
11:28:39	23.0	--	5	11500	买盘
11:28:36	23.0	--	11	25300	买盘
11:28:30	23.0	0.02	20	46000	买盘
11:28:27	22.98	-0.02	9	20682	卖盘
11:28:15	23.0	--	6	13800	买盘
11:28:09	23.0	0.02	600	1380000	买盘
11:28:03	22.98	0.02	10	22980	买盘
11:28:00	22.96	0.03	37	84952	买盘
11:27:51	22.93	-0.03	39	89427	卖盘
11:27:45	22.96	--	1	2296	卖盘
11:27:36	22.96	-0.02	50	114800	卖盘
11:27:27	22.98	--	2	4596	买盘
11:27:21	22.98	--	2	4596	买盘
11:27:12	22.98	--	19	43662	卖盘
11:27:06	22.98	-0.01	179	411342	卖盘
11:27:03	22.99	--	13	29886	买盘
11:27:00	22.99	--	198	457478	卖盘
11:26:57	22.99	-0.01	8	18392	卖盘
11:26:48	23.0	0.01	35	80523	买盘
11:26:45	22.99	-0.01	48	110351	卖盘
11:26:42	23.0	--	14	32200	买盘
11:26:39	23.0	0.01	3	6900	中性盘
11:26:30	22.99	-0.01	29	66671	卖盘
11:26:27	23.0	--	2	4600	卖盘
11:26:24	23.0	--	7	16100	卖盘
11:26:21	23.0	-0.02	55	126500	卖盘
11:26:18	23.02	0.02	30	69060	买盘
11:26:15	23.0	--	4	9200	卖盘
11:26:12	23.0	-0.02	31	71300	卖盘
11:26:06	23.02	0.01	5	11510	买盘
11:26:03	23.01	0.01	2	4602	中性盘
11:25:51	23.0	--	5	11500	买盘
11:25:48	23.0	--	12	27600	买盘
11:25:45	23.0	--	3	6900	中性盘
11:25:42	23.0	--	23	52900	买盘
11:25:39	23.0	--	43	98900	买盘
11:25:36	23.0	0.01	4	9200	买盘
11:25:30	22.99	-0.01	13	29886	卖盘
11:25:27	23.0	--	5	11500	卖盘
11:25:21	23.0	--	3	6900	卖盘
11:25:18	23.0	-0.02	41	94300	卖盘
11:25:15	23.02	0.01	14	32228	买盘
11:25:12	23.01	--	2	4602	买盘
11:25:00	23.01	0.01	38	87438	买盘
11:24:57	23.0	--	15	34500	卖盘
11:24:51	23.0	--	2	4600	卖盘
11:24:48	23.0	--	23	52900	买盘
11:24:36	23.0	--	8	18400	卖盘
11:24:30	23.0	0.03	14	32200	中性盘
11:24:12	22.97	-0.03	95	218215	卖盘
11:24:09	23.0	0.01	146	335800	买盘
11:23:57	22.99	-0.01	7	16092	中性盘
11:23:54	23.0	0.03	4	9200	买盘
11:23:51	22.97	--	33	75801	买盘
11:23:45	22.97	-0.03	39	89583	卖盘
11:23:42	23.0	0.03	184	423200	买盘
11:23:39	22.97	--	60	137820	卖盘
11:23:33	22.97	0.02	18	41346	买盘
11:23:30	22.95	--	13	29835	卖盘
11:23:27	22.95	-0.02	8	18360	卖盘
11:23:24	22.97	0.02	5	11485	买盘
11:23:15	22.95	--	5	11475	卖盘
11:23:12	22.95	0.03	6	13770	买盘
11:23:09	22.92	--	12	27504	卖盘
11:23:00	22.92	0.01	5	11460	买盘
11:22:57	22.91	--	55	126005	卖盘
11:22:51	22.91	--	5	11455	卖盘
11:22:45	22.91	--	1	2291	卖盘
11:22:39	22.91	--	4	9164	卖盘
11:22:33	22.91	--	63	144333	卖盘
11:22:30	22.91	-0.01	13	29783	卖盘
11:22:27	22.92	0.02	48	110016	买盘
11:22:24	22.9	-0.02	56	128239	卖盘
11:22:21	22.92	0.01	5	11460	买盘
11:22:18	22.91	--	21	48111	卖盘
11:22:15	22.91	--	14	32074	卖盘
11:22:12	22.91	--	7	16037	卖盘
11:22:09	22.91	--	1	2291	卖盘
11:22:06	22.91	--	5	11455	卖盘
11:22:03	22.91	--	7	16037	卖盘
11:22:00	22.91	-0.01	15	34365	卖盘
11:21:57	22.92	--	28	64176	买盘
11:21:51	22.92	0.01	3	6876	买盘
11:21:48	22.91	--	5	11455	卖盘
11:21:42	22.91	-0.01	70	160370	卖盘
11:21:39	22.92	--	37	84804	卖盘
11:21:36	22.92	--	6	13752	卖盘
11:21:30	22.92	--	13	29796	卖盘
11:21:27	22.92	-0.01	27	61884	卖盘
11:21:24	22.93	--	21	48153	买盘
11:21:21	22.93	-0.01	117	268281	卖盘
11:21:15	22.94	--	23	52762	买盘
11:21:12	22.94	0.01	5	11470	买盘
11:21:09	22.93	-0.01	100	229300	卖盘
11:21:06	22.94	0.01	51	116994	买盘
11:21:00	22.93	--	52	119236	卖盘
11:20:57	22.93	--	18	41274	卖盘
11:20:54	22.93	--	34	77962	卖盘
11:20:51	22.93	-0.01	20	45860	卖盘
11:20:48	22.94	0.01	6	13764	买盘
11:20:45	22.93	--	144	330192	卖盘
11:20:42	22.93	--	110	252230	卖盘
11:20:39	22.93	--	62	142166	卖盘
11:20:36	22.93	--	100	229300	卖盘
11:20:30	22.93	-0.01	86	197198	卖盘
11:20:18	22.94	0.01	2	4588	中性盘
11:20:09	22.93	--	129	295797	卖盘
11:20:06	22.93	-0.02	270	619110	卖盘
11:20:00	22.95	--	10	22950	买盘
11:19:48	22.95	--	23	52785	卖盘
11:19:45	22.95	--	47	107865	卖盘
11:19:42	22.95	-0.01	89	204255	卖盘
11:19:39	22.96	--	36	82656	买盘
11:19:33	22.96	-0.01	279	640584	卖盘
11:19:30	22.97	--	63	144711	卖盘
11:19:27	22.97	--	3	6891	卖盘
11:19:24	22.97	--	14	32158	卖盘
11:19:21	22.97	-0.03	3	6891	卖盘
11:19:18	23.0	0.03	43	98900	买盘
11:19:15	22.97	--	9	20673	卖盘
11:19:12	22.97	-0.03	57	130929	卖盘
11:19:03	23.0	0.03	30	69000	买盘
11:18:57	22.97	--	13	29861	卖盘
11:18:54	22.97	-0.03	15	34455	卖盘
11:18:48	23.0	0.01	21	48300	买盘
11:18:42	22.99	--	20	45980	卖盘
11:18:36	22.99	--	10	22990	卖盘
11:18:30	22.99	--	22	50578	卖盘
11:18:27	22.99	-0.01	253	581647	卖盘
11:18:24	23.0	0.01	14	32200	买盘
11:18:15	22.99	--	62	142538	卖盘
11:18:12	22.99	-0.01	54	124145	卖盘
11:18:09	23.0	--	95	218500	买盘
11:18:06	23.0	--	5	11500	买盘
11:18:03	23.0	0.01	42	96600	买盘
11:18:00	22.99	--	1	2299	卖盘
11:17:57	22.99	--	31	71269	卖盘
11:17:54	22.99	-0.01	6	13793	卖盘
11:17:51	23.0	0.01	17	39100	买盘
11:17:48	22.99	--	68	156332	卖盘
11:17:45	22.99	--	10	22990	卖盘
11:17:39	22.99	--	28	64371	卖盘
11:17:36	22.99	0.02	22	50578	买盘
11:17:33	22.97	--	2	4594	卖盘
11:17:30	22.97	--	64	147008	卖盘
11:17:27	22.97	-0.02	53	121741	卖盘
11:17:24	22.99	-0.01	151	347149	卖盘
11:17:12	23.0	-0.01	13	29900	中性盘
11:17:03	23.01	--	6	13806	买盘
11:17:00	23.01	0.01	13	29913	买盘
11:16:57	23.0	--	1	2300	卖盘
11:16:54	23.0	--	45	103500	卖盘
11:16:51	23.0	-0.01	10	23000	卖盘
11:16:42	23.01	--	100	230100	买盘
11:16:36	23.01	--	9	20709	卖盘
11:16:30	23.01	-0.02	13	29913	卖盘
11:16:24	23.03	0.02	2	4606	买盘
11:16:06	23.01	--	10	23010	卖盘
11:16:03	23.01	0.01	9	20709	中性盘
11:15:48	23.0	--	20	46000	卖盘
11:15:42	23.0	--	5	11500	卖盘
11:15:36	23.0	0.01	50	115000	买盘
11:15:30	22.99	-0.01	23	52877	卖盘
11:15:27	23.0	--	7	16100	买盘
11:15:24	23.0	--	2	4600	买盘
11:15:12	23.0	0.01	20	46000	买盘
11:14:57	22.99	--	2	4598	买盘
11:14:51	22.99	--	13	29886	买盘
11:14:39	22.99	--	35	80465	卖盘
11:14:36	22.99	--	36	82764	买盘
11:14:33	22.99	0.03	87	200013	买盘
11:14:30	22.96	-0.03	33	75768	卖盘
11:14:03	22.99	-0.01	45	103455	卖盘
11:14:00	23.0	0.01	67	154100	买盘
11:13:45	22.99	--	69	158631	买盘
11:13:33	22.99	0.03	70	160930	买盘
11:13:30	22.96	--	13	29848	卖盘
11:13:27	22.96	--	50	114800	卖盘
11:13:24	22.96	--	3	6888	卖盘
11:13:15	22.96	0.01	20	45920	中性盘
11:13:03	22.95	--	7	16065	买盘
11:12:57	22.95	-0.01	10	22950	买盘
11:12:54	22.96	0.03	10	22960	买盘
11:12:51	22.93	-0.03	150	343950	卖盘
11:12:48	22.96	0.03	22	50512	买盘
11:12:45	22.93	-0.03	46	105478	卖盘
11:12:36	22.96	--	2	4592	买盘
11:12:33	22.96	0.03	2	4592	买盘
11:12:30	22.93	--	13	29809	卖盘
11:12:27	22.93	-0.06	9	20637	卖盘
11:12:21	22.99	0.07	32	73568	买盘
11:12:15	22.92	-0.04	339	776988	卖盘
11:12:09	22.96	--	5	11480	卖盘
11:12:03	22.96	-0.03	3	6888	卖盘
11:12:00	22.99	0.03	10	22990	买盘
11:11:51	22.96	--	3	6888	买盘
11:11:48	22.96	0.01	2	4592	买盘
11:11:45	22.95	--	1	2295	卖盘
11:11:33	22.95	0.02	25	57375	买盘
11:11:30	22.93	--	64	146752	卖盘
11:11:27	22.93	--	61	139873	卖盘
11:11:18	22.93	-0.01	14	32102	卖盘
11:11:15	22.94	0.02	14	32116	买盘
11:11:12	22.92	--	57	130644	卖盘
11:11:06	22.92	-0.02	10	22920	卖盘
11:11:03	22.94	0.02	56	128464	买盘
11:10:57	22.92	--	45	103140	卖盘
11:10:54	22.92	--	20	45840	卖盘
11:10:51	22.92	-0.02	38	87096	卖盘
11:10:42	22.94	0.03	95	217930	中性盘
11:10:36	22.91	-0.04	217	497147	卖盘
11:10:30	22.95	--	23	52785	卖盘
11:10:27	22.95	-0.02	60	137700	卖盘
11:10:24	22.97	0.01	7	16079	买盘
11:10:21	22.96	0.01	34	78064	中性盘
11:10:18	22.95	-0.01	90	206550	卖盘
11:10:09	22.96	-0.04	93	213528	卖盘
11:10:06	23.0	0.04	13	29900	买盘
11:10:00	22.96	-0.05	3	6888	卖盘
11:09:57	23.01	0.05	42	96642	买盘
11:09:54	22.96	-0.04	68	156128	卖盘
11:09:51	23.0	--	120	276000	卖盘
11:09:42	23.0	-0.01	50	115000	卖盘
11:09:39	23.01	--	31	71331	卖盘
11:09:30	23.01	--	13	29913	卖盘
11:09:21	23.01	-0.01	2	4602	卖盘
11:09:18	23.02	-0.01	62	142724	卖盘
11:09:15	23.03	--	10	23030	卖盘
11:09:12	23.03	0.01	5	11515	中性盘
11:08:42	23.02	--	4	9208	卖盘
11:08:33	23.02	--	42	96684	卖盘
11:08:30	23.02	-0.03	15	34530	卖盘
11:08:24	23.05	--	14	32270	买盘
11:08:21	23.05	0.02	14	32270	买盘
11:08:18	23.03	0.01	11	25333	买盘
11:07:54	23.02	--	15	34530	卖盘
11:07:51	23.02	0.01	1	2302	中性盘
11:07:45	23.01	--	5	11505	卖盘
11:07:39	23.01	--	3	6903	卖盘
11:07:30	23.01	-0.04	13	29913	卖盘
11:07:27	23.05	0.01	37	85285	买盘
11:07:15	23.04	0.03	7	16128	买盘
11:07:12	23.01	-0.01	1	2301	卖盘
11:07:09	23.02	0.01	32	73664	买盘
11:07:03	23.01	--	18	41418	卖盘
11:07:00	23.01	--	5	11505	卖盘
11:06:54	23.01	0.01	13	29913	买盘
11:06:36	23.0	-0.01	50	115000	卖盘
11:06:30	23.01	--	13	29913	卖盘
11:06:21	23.01	--	2	4602	卖盘
11:06:12	23.01	--	2	4602	卖盘
11:06:06	23.01	-0.02	9	20709	卖盘
11:06:00	23.03	-0.01	66	151998	卖盘
11:05:54	23.04	-0.01	15	34560	卖盘
11:05:48	23.05	--	370	852850	卖盘
11:05:45	23.05	-0.01	34	78370	卖盘
11:05:39	23.06	--	30	69180	卖盘
11:05:33	23.06	--	52	119912	卖盘
11:05:30	23.06	--	13	29978	卖盘
11:05:27	23.06	-0.01	50	115300	卖盘
11:05:24	23.07	--	117	269919	卖盘
11:05:15	23.07	-0.01	2	4614	卖盘
11:05:06	23.08	--	74	170792	卖盘
11:05:00	23.08	--	15	34620	卖盘
11:04:57	23.08	--	35	80780	卖盘
11:04:54	23.08	-0.01	11	25387	卖盘
11:04:48	23.09	0.01	32	73888	中性盘
11:04:33	23.08	-0.01	50	115399	卖盘
11:04:30	23.09	0.01	13	30017	卖盘
11:04:09	23.08	-0.04	3	6923	卖盘
11:04:06	23.12	--	20	46240	买盘
11:04:00	23.12	0.01	80	184960	买盘
11:03:57	23.11	--	10	23110	买盘
11:03:54	23.11	0.01	20	46220	买盘
11:03:51	23.1	0.02	30	69300	买盘
11:03:48	23.08	--	5	11540	卖盘
11:03:45	23.08	--	40	92320	买盘
11:03:42	23.08	--	1	2308	买盘
11:03:39	23.08	--	8	18464	买盘
11:03:30	23.08	0.01	38	87704	买盘
11:03:27	23.07	-0.01	8	18456	卖盘
11:03:24	23.08	0.01	1	2308	买盘
11:03:18	23.07	--	9	20763	卖盘
11:03:12	23.07	--	10	23070	卖盘
11:03:06	23.07	--	33	76131	卖盘
11:03:00	23.07	--	5	11535	卖盘
11:02:57	23.07	--	5	11535	卖盘
11:02:51	23.07	--	16	36912	买盘
11:02:48	23.07	--	4	9228	卖盘
11:02:45	23.07	--	32	73824	卖盘
11:02:42	23.07	--	100	230700	卖盘
11:02:30	23.07	-0.02	13	29991	卖盘
11:01:48	23.09	--	20	46180	买盘
11:01:42	23.09	--	23	53107	卖盘
11:01:39	23.09	--	29	66961	买盘
11:01:33	23.09	0.03	14	32326	买盘
11:01:30	23.06	--	13	29978	卖盘
11:01:27	23.06	-0.03	10	23060	卖盘
11:01:24	23.09	0.01	14	32326	买盘
11:01:21	23.08	--	15	34620	买盘
11:01:18	23.08	--	15	34620	买盘
11:01:15	23.08	--	20	46160	买盘
11:01:00	23.08	--	108	249263	买盘
11:00:48	23.08	--	12	27695	买盘
11:00:33	23.08	0.02	6	13847	买盘
11:00:30	23.06	--	13	29978	卖盘
11:00:24	23.06	-0.02	26	59956	卖盘
11:00:18	23.08	--	15	34620	买盘
11:00:15	23.08	--	21	48468	买盘
11:00:12	23.08	-0.01	53	122323	卖盘
11:00:06	23.09	--	16	36944	买盘
10:59:57	23.09	0.01	17	39253	买盘
10:59:48	23.08	--	2	4616	买盘
10:59:45	23.08	--	17	39236	买盘
10:59:42	23.08	--	17	39236	买盘
10:59:30	23.08	0.04	84	193872	买盘
10:59:24	23.04	-0.02	104	239616	卖盘
10:59:15	23.06	0.01	11	25366	买盘
10:59:12	23.05	0.01	34	78370	买盘
10:58:54	23.04	0.01	15	34560	买盘
10:58:48	23.03	--	3	6909	卖盘
10:58:45	23.03	0.01	1	2303	买盘
10:58:30	23.02	-0.01	16	36832	卖盘
10:58:18	23.03	--	2	4606	买盘
10:58:12	23.03	-0.01	34	78302	卖盘
10:58:09	23.04	--	3	6912	卖盘
10:58:03	23.04	0.01	3	6912	买盘
10:58:00	23.03	-0.01	80	184240	卖盘
10:57:51	23.04	--	12	27648	卖盘
10:57:48	23.04	--	5	11520	卖盘
10:57:42	23.04	-0.01	23	52992	卖盘
10:57:36	23.05	0.01	50	115250	中性盘
10:57:30	23.04	--	13	29952	卖盘
10:57:27	23.04	-0.01	4	9216	卖盘
10:57:24	23.05	--	1	2305	卖盘
10:57:21	23.05	0.01	19	43795	买盘
10:57:15	23.04	--	41	94464	卖盘
10:57:06	23.04	--	4	9216	卖盘
10:57:03	23.04	--	71	163584	买盘
10:56:54	23.04	0.01	9	20736	买盘
10:56:51	23.03	--	8	18424	买盘
10:56:42	23.03	-0.01	2	4606	卖盘
10:56:39	23.04	0.01	11	25344	买盘
10:56:30	23.03	-0.01	19	43757	卖盘
10:56:27	23.04	--	2	4608	买盘
10:56:21	23.04	0.01	10	23040	买盘
10:56:15	23.03	0.02	2	4606	中性盘
10:56:09	23.01	-0.02	54	124254	卖盘
10:56:00	23.03	0.05	1	2303	买盘
10:55:30	22.98	0.03	29	66642	买盘
10:55:27	22.95	-0.01	105	240975	卖盘
10:55:24	22.96	-0.02	49	112504	卖盘
10:55:21	22.98	--	10	22980	买盘
10:55:06	22.98	--	111	255078	卖盘
10:54:45	22.98	0.02	79	181542	买盘
10:54:39	22.96	--	3	6888	卖盘
10:54:30	22.96	-0.02	15	34440	卖盘
10:54:24	22.98	-0.06	11	25278	卖盘
10:54:21	23.04	0.06	66	152064	买盘
10:54:18	22.98	-0.01	43	98814	卖盘
10:54:12	22.99	--	4	9196	买盘
10:54:09	22.99	-0.01	119	273581	卖盘
10:54:03	23.0	-0.04	79	181700	卖盘
10:53:54	23.04	--	30	69120	买盘
10:53:48	23.04	--	40	92160	买盘
10:53:39	23.04	-0.01	3	6912	买盘
10:53:33	23.05	0.06	10	23050	买盘
10:53:30	22.99	-0.01	118	271282	卖盘
10:53:15	23.0	--	30	69000	卖盘
10:53:12	23.0	0.01	16	36800	中性盘
10:53:03	22.99	-0.01	15	34485	卖盘
10:52:51	23.0	0.02	81	186300	买盘
10:52:48	22.98	0.02	6	13788	买盘
10:52:39	22.96	0.01	39	90944	买盘
10:52:33	22.95	0.02	3	6885	买盘
10:52:30	22.93	--	13	29809	卖盘
10:52:24	22.93	-0.02	16	36688	中性盘
10:52:21	22.95	0.03	5	11475	买盘
10:52:15	22.92	0.02	10	22920	中性盘
10:52:00	22.9	-0.06	18	41220	卖盘
10:51:57	22.96	--	45	103320	买盘
10:51:51	22.96	0.08	127	291592	买盘
10:51:48	22.88	-0.01	277	633776	卖盘
10:51:45	22.89	--	130	297570	买盘
10:51:39	22.89	--	73	167097	买盘
10:51:36	22.89	--	115	263235	买盘
10:51:33	22.89	-0.05	1036	2372296	卖盘
10:51:30	22.94	0.01	14	32116	中性盘
10:51:27	22.93	-0.01	24	55032	卖盘
10:51:24	22.94	--	1	2294	卖盘
10:51:21	22.94	0.01	7	16058	买盘
10:51:18	22.93	--	63	144459	卖盘
10:51:15	22.93	--	6	13758	卖盘
10:51:03	22.93	--	10	22930	卖盘
10:50:57	22.93	--	55	126115	卖盘
10:50:54	22.93	-0.01	5	11465	卖盘
10:50:48	22.94	0.02	31	71114	买盘
10:50:39	22.92	-0.02	69	158148	卖盘
10:50:33	22.94	0.03	12	27528	买盘
10:50:30	22.91	-0.03	13	29783	卖盘
10:50:24	22.94	0.03	35	80290	买盘
10:50:21	22.91	-0.03	499	1143209	卖盘
10:50:15	22.94	-0.01	1	2294	卖盘
10:50:12	22.95	0.01	2	4590	买盘
10:50:06	22.94	--	19	43586	卖盘
10:50:00	22.94	-0.01	19	44985	卖盘
10:49:57	22.95	0.02	2	4590	中性盘
10:49:48	22.93	-0.02	208	476944	卖盘
10:49:42	22.95	--	16	36720	买盘
10:49:39	22.95	--	5	11475	买盘
10:49:33	22.95	--	5	11475	买盘
10:49:30	22.95	-0.01	29	66555	卖盘
10:49:27	22.96	--	187	429352	卖盘
10:49:24	22.96	--	14	32144	买盘
10:49:18	22.96	--	8	18368	买盘
10:49:15	22.96	--	80	183680	卖盘
10:49:09	22.96	-0.01	43	98728	卖盘
10:49:06	22.97	--	1	2297	买盘
10:49:03	22.97	--	12	27564	买盘
10:48:57	22.97	--	15	34455	买盘
10:48:54	22.97	-0.01	627	1440219	卖盘
10:48:51	22.98	-0.01	26	59748	卖盘
10:48:48	22.99	--	66	151734	买盘
10:48:42	22.99	--	1	2299	买盘
10:48:36	22.99	--	5	11495	买盘
10:48:33	22.99	0.01	52	119547	买盘
10:48:30	22.98	--	13	29874	卖盘
10:48:27	22.98	-0.01	53	121794	中性盘
10:48:21	22.99	0.01	80	183920	买盘
10:48:15	22.98	-0.01	100	229800	卖盘
10:48:06	22.99	-0.01	62	142538	卖盘
10:48:03	23.0	0.02	11	25300	买盘
10:47:54	22.98	-0.03	7	16086	卖盘
10:47:48	23.01	--	10	23010	买盘
10:47:45	23.01	0.01	45	103545	买盘
10:47:42	23.0	--	10	23000	卖盘
10:47:30	23.0	--	14	32200	卖盘
10:47:21	23.0	--	10	23000	卖盘
10:47:18	23.0	-0.01	21	48300	卖盘
10:47:15	23.01	--	71	163371	买盘
10:47:03	23.01	--	22	50622	卖盘
10:46:57	23.01	-0.04	4	9204	买盘
10:46:54	23.05	0.04	82	189010	买盘
10:46:51	23.01	0.01	1	2301	中性盘
10:46:30	23.0	-0.01	13	29900	卖盘
10:46:21	23.01	0.03	35	80535	买盘
10:46:15	22.98	-0.02	100	229800	卖盘
10:46:12	23.0	--	3	6900	买盘
10:45:57	23.0	--	5	11500	买盘
10:45:54	23.0	0.02	27	62100	卖盘
10:45:51	22.98	0.01	26	59748	中性盘
10:45:39	22.97	-0.01	100	229700	卖盘
10:45:36	22.98	--	59	135582	买盘
10:45:33	22.98	0.01	15	34470	买盘
10:45:30	22.97	-0.01	18	41346	卖盘
10:45:27	22.98	--	18	41364	买盘
10:45:24	22.98	--	81	186138	买盘
10:45:15	22.98	--	1	2298	买盘
10:45:12	22.98	--	10	22980	买盘
10:45:09	22.98	--	12	27576	买盘
10:45:06	22.98	-0.01	72	165456	卖盘
10:45:03	22.99	--	3	6896	卖盘
10:45:00	22.99	0.01	15	34485	中性盘
10:44:45	22.98	-0.01	35	80430	卖盘
10:44:39	22.99	--	73	167827	卖盘
10:44:33	22.99	0.01	57	131042	买盘
10:44:30	22.98	-0.01	16	36768	卖盘
10:44:27	22.99	--	10	22990	买盘
10:44:18	22.99	0.01	1	2299	买盘
10:44:15	22.98	-0.02	90	206820	卖盘
10:44:12	23.0	--	15	34500	买盘
10:44:06	23.0	0.02	2	4600	买盘
10:44:03	22.98	-0.02	77	176946	卖盘
10:44:00	23.0	--	11	25300	买盘
10:43:51	23.0	0.01	40	92000	买盘
10:43:45	22.99	-0.01	1	2299	卖盘
10:43:42	23.0	--	107	246100	卖盘
10:43:30	23.0	-0.01	65	149500	卖盘
10:43:18	23.01	--	4	9204	卖盘
10:43:00	23.01	-0.04	15	34515	卖盘
10:42:54	23.05	0.04	14	32270	买盘
10:42:51	23.01	-0.01	8	18408	买盘
10:42:45	23.02	--	42	96684	卖盘
10:42:30	23.02	-0.03	13	29926	卖盘
10:42:24	23.05	0.01	114	262770	买盘
10:42:21	23.04	0.03	1	2304	买盘
10:42:06	23.01	--	2	4602	买盘
10:42:03	23.01	--	10	23010	买盘
10:41:54	23.01	--	24	55224	买盘
10:41:51	23.01	0.01	2	4602	买盘
10:41:48	23.0	0.01	37	85100	中性盘
10:41:42	22.99	-0.01	20	45980	卖盘
10:41:36	23.0	--	68	156630	买盘
10:41:33	23.0	0.01	202	464600	买盘
10:41:30	22.99	-0.01	22	50578	卖盘
10:41:27	23.0	--	9	20700	买盘
10:41:21	23.0	--	14	32200	买盘
10:41:15	23.0	--	7	16100	买盘
10:41:03	23.0	0.01	8	18400	买盘
10:40:57	22.99	-0.01	9	22760	卖盘
10:40:51	23.0	--	50	115000	卖盘
10:40:48	23.0	--	148	340400	卖盘
10:40:45	23.0	--	21	48300	卖盘
10:40:42	23.0	--	15	34500	卖盘
10:40:39	23.0	0.01	48	110630	买盘
10:40:36	22.99	--	124	285076	卖盘
10:40:30	22.99	--	14	32185	卖盘
10:40:27	22.99	--	5	11495	卖盘
10:40:18	22.99	0.01	27	62072	买盘
10:40:15	22.98	-0.01	14	32172	卖盘
10:40:03	22.99	--	11	25289	卖盘
10:40:00	22.99	-0.01	19	43681	卖盘
10:39:51	23.0	0.01	10	23000	买盘
10:39:48	22.99	--	3	6896	卖盘
10:39:39	22.99	--	1	2299	卖盘
10:39:36	22.99	-0.01	50	114949	卖盘
10:39:33	23.0	--	49	114770	卖盘
10:39:30	23.0	--	21	48300	卖盘
10:39:24	23.0	--	25	57500	卖盘
10:39:12	23.0	--	12	27600	卖盘
10:39:09	23.0	--	1	2300	卖盘
10:39:03	23.0	--	47	108100	卖盘
10:38:54	23.0	-0.01	49	112700	卖盘
10:38:48	23.01	0.01	12	27612	买盘
10:38:45	23.0	--	2	4600	卖盘
10:38:42	23.0	--	7	16100	卖盘
10:38:30	23.0	-0.01	63	144900	卖盘
10:38:27	23.01	0.01	235	540735	买盘
10:38:24	23.0	--	2	4600	卖盘
10:38:21	23.0	--	11	25300	卖盘
10:38:18	23.0	-0.01	20	46000	卖盘
10:38:15	23.01	0.01	2	4602	买盘
10:38:12	23.0	--	8	18400	卖盘
10:38:09	23.0	-0.01	6	13800	卖盘
10:38:06	23.01	--	11	25311	买盘
10:37:57	23.01	--	3	6903	卖盘
10:37:54	23.01	--	20	46020	卖盘
10:37:51	23.01	--	100	230100	卖盘
10:37:45	23.01	--	17	39117	卖盘
10:37:42	23.01	0.01	10	23010	卖盘
10:37:36	23.0	--	151	347300	卖盘
10:37:33	23.0	-0.04	242	556600	卖盘
10:37:30	23.04	0.03	18	41472	中性盘
10:37:27	23.01	-0.02	500	1150500	卖盘
10:37:21	23.03	--	1	2303	卖盘
10:37:12	23.03	0.01	22	50666	中性盘
10:37:00	23.02	0.01	50	115100	中性盘
10:36:42	23.01	--	25	57525	卖盘
10:36:39	23.01	-0.02	40	92040	卖盘
10:36:33	23.03	0.02	1	2303	买盘
10:36:30	23.01	-0.07	16	36816	卖盘
10:36:27	23.08	0.07	37	85396	买盘
10:36:24	23.01	--	10	23010	卖盘
10:36:18	23.01	-0.02	51	117351	卖盘
10:36:15	23.03	0.02	15	34545	中性盘
10:36:06	23.01	-0.06	671	1543971	卖盘
10:36:03	23.07	--	2	4844	买盘
10:35:36	23.07	0.04	7	16149	买盘
10:35:30	23.03	0.01	13	29939	卖盘
10:35:27	23.02	-0.02	32	73664	卖盘
10:35:24	23.04	0.02	3	6912	买盘
10:35:18	23.02	--	2	4604	卖盘
10:35:15	23.02	0.01	2	4604	卖盘
10:34:45	23.01	--	1	2301	卖盘
10:34:42	23.01	-0.05	19	43719	卖盘
10:34:39	23.06	0.04	100	230600	买盘
10:34:36	23.02	0.01	16	36832	买盘
10:34:30	23.01	-0.01	22	50622	卖盘
10:34:27	23.02	--	30	69060	卖盘
10:34:24	23.02	0.01	22	50644	买盘
10:34:15	23.01	-0.02	2	4602	中性盘
10:33:51	23.03	--	9	20727	买盘
10:33:45	23.03	0.03	58	133574	买盘
10:33:42	23.0	-0.03	213	489900	卖盘
10:33:33	23.03	--	61	142555	卖盘
10:33:30	23.03	-0.02	38	87744	卖盘
10:33:18	23.05	--	6	13830	卖盘
10:33:15	23.05	-0.02	5	11525	中性盘
10:32:57	23.07	--	4	9228	买盘
10:32:54	23.07	-0.01	175	403725	卖盘
10:32:45	23.08	--	1	2308	卖盘
10:32:42	23.08	0.01	5	11540	买盘
10:32:33	23.07	--	5	11535	卖盘
10:32:30	23.07	0.02	13	29991	卖盘
10:32:27	23.05	0.05	13	29965	买盘
10:32:24	23.0	--	3	6900	买盘
10:32:21	23.0	-0.01	119	273700	卖盘
10:32:18	23.01	-0.04	5	11505	中性盘
10:32:15	23.05	--	157	361885	买盘
10:32:06	23.05	--	27	62235	买盘
10:32:00	23.05	-0.03	325	749125	卖盘
10:31:45	23.08	-0.01	264	610212	卖盘
10:31:33	23.09	0.01	32	75296	买盘
10:31:30	23.08	-0.01	14	32311	卖盘
10:31:24	23.09	-0.01	10	23090	卖盘
10:31:06	23.1	0.02	1	2310	买盘
10:30:57	23.08	-0.02	38	87704	卖盘
10:30:54	23.1	--	18	41580	买盘
10:30:48	23.1	0.02	1	2310	买盘
10:30:30	23.08	-0.02	13	30003	卖盘
10:30:24	23.1	-0.04	508	1173480	卖盘
10:30:15	23.14	0.01	10	23140	买盘
10:30:09	23.13	0.01	10	23130	卖盘
10:30:00	23.12	--	15	34680	卖盘
10:29:57	23.12	--	16	36992	卖盘
10:29:54	23.12	--	21	48552	卖盘
10:29:51	23.12	-0.01	2	4624	卖盘
10:29:45	23.13	--	10	23130	买盘
10:29:42	23.13	0.01	5	11565	买盘
10:29:39	23.12	--	9	20808	卖盘
10:29:36	23.12	--	5	11560	卖盘
10:29:30	23.12	--	13	30056	卖盘
10:29:27	23.12	-0.04	15	34680	卖盘
10:29:03	23.16	0.04	38	88008	买盘
10:29:00	23.12	-0.03	8	18496	卖盘
10:28:51	23.15	--	2	4630	买盘
10:28:45	23.15	--	3	6945	买盘
10:28:42	23.15	--	40	92600	买盘
10:28:39	23.15	--	3	6945	买盘
10:28:33	23.15	--	1	2315	买盘
10:28:30	23.15	0.02	23	53245	买盘
10:28:27	23.13	-0.02	11	25443	中性盘
10:28:24	23.15	0.04	1	2315	买盘
10:28:18	23.11	-0.01	56	129416	卖盘
10:28:03	23.12	-0.03	8	18496	卖盘
10:28:00	23.15	0.05	12	27780	买盘
10:27:51	23.1	--	4	9240	卖盘
10:27:42	23.1	--	5	11550	卖盘
10:27:39	23.1	0.03	160	369600	买盘
10:27:30	23.07	--	46	106122	卖盘
10:27:27	23.07	-0.03	6	13842	卖盘
10:27:21	23.1	--	30	69300	买盘
10:27:12	23.1	-0.05	77	177870	卖盘
10:27:00	23.15	--	6	13890	买盘
10:26:48	23.15	-0.01	3	6945	中性盘
10:26:42	23.16	0.04	26	60216	买盘
10:26:39	23.12	-0.04	11	25432	卖盘
10:26:36	23.16	--	1	2316	买盘
10:26:33	23.16	--	49	113484	买盘
10:26:30	23.16	-0.01	55	127380	中性盘
10:26:27	23.17	0.01	25	57925	买盘
10:26:24	23.16	-0.01	11	25476	卖盘
10:26:18	23.17	--	20	46340	买盘
10:26:12	23.17	-0.01	18	41706	卖盘
10:26:09	23.18	0.02	13	30134	买盘
10:26:06	23.16	--	49	113484	买盘
10:26:03	23.16	-0.02	69	159804	卖盘
10:25:57	23.18	0.01	55	127490	买盘
10:25:54	23.17	-0.01	5	11585	卖盘
10:25:48	23.18	0.01	7	16226	买盘
10:25:42	23.17	--	10	23170	卖盘
10:25:39	23.17	0.04	17	39389	买盘
10:25:30	23.13	-0.04	13	30069	卖盘
10:25:27	23.17	0.01	5	11585	买盘
10:25:24	23.16	--	40	92640	买盘
10:25:21	23.16	0.03	35	81060	买盘
10:25:18	23.13	-0.03	75	173475	中性盘
10:25:06	23.16	0.01	120	277920	买盘
10:25:03	23.15	-0.01	49	113435	卖盘
10:25:00	23.16	0.01	10	23160	买盘
10:24:57	23.15	0.03	31	71765	买盘
10:24:48	23.12	-0.01	5	11560	卖盘
10:24:42	23.13	--	10	23130	买盘
10:24:36	23.13	0.01	52	120276	买盘
10:24:33	23.12	--	3	6936	买盘
10:24:30	23.12	--	18	41616	买盘
10:24:24	23.12	-0.03	64	147968	卖盘
10:24:21	23.15	0.02	180	416700	买盘
10:24:18	23.13	-0.01	3	6939	卖盘
10:24:15	23.14	--	40	92560	买盘
10:24:12	23.14	--	7	16198	买盘
10:24:09	23.14	--	19	43966	买盘
10:24:03	23.14	--	20	46280	买盘
10:24:00	23.14	--	1	2314	买盘
10:23:45	23.14	0.04	20	46280	买盘
10:23:42	23.1	--	35	80850	买盘
10:23:39	23.1	--	2	4620	买盘
10:23:36	23.1	0.02	10	23100	买盘
10:23:33	23.08	-0.01	10	23080	卖盘
10:23:30	23.09	--	23	53107	买盘
10:23:24	23.09	--	14	32326	买盘
10:23:18	23.09	--	1	2309	买盘
10:23:12	23.09	0.04	8	18472	买盘
10:22:57	23.05	-0.03	50	115250	卖盘
10:22:54	23.08	0.03	60	138480	买盘
10:22:51	23.05	--	13	29965	卖盘
10:22:48	23.05	--	11	25355	卖盘
10:22:45	23.05	0.07	840	1936200	买盘
10:22:42	22.98	-0.03	112	257376	卖盘
10:22:36	23.01	--	85	195585	买盘
10:22:30	23.01	--	45	103545	买盘
10:22:27	23.01	--	35	80535	买盘
10:22:24	23.01	--	66	151866	买盘
10:22:21	23.01	--	13	29913	买盘
10:22:12	23.01	-0.04	5	11505	买盘
10:22:09	23.05	0.09	230	530150	买盘
10:22:06	22.96	-0.05	43	98728	卖盘
10:22:03	23.01	--	66	151866	卖盘
10:21:39	23.01	-0.01	16	36816	卖盘
10:21:36	23.02	0.07	3	6906	买盘
10:21:33	22.95	-0.07	1003	2301885	卖盘
10:21:30	23.02	-0.01	13	29926	卖盘
10:21:27	23.03	--	28	64484	卖盘
10:21:24	23.03	--	4	9212	卖盘
10:21:15	23.03	--	1	2303	卖盘
10:21:09	23.03	--	2	4606	卖盘
10:21:03	23.03	--	7	16121	买盘
10:21:00	23.03	--	14	32242	买盘
10:20:57	23.03	--	29	66787	买盘
10:20:51	23.03	--	10	23030	卖盘
10:20:42	23.03	--	20	46060	买盘
10:20:30	23.03	-0.02	7	16121	卖盘
10:20:21	23.05	0.05	13	29965	买盘
10:20:15	23.0	-0.04	293	673900	卖盘
10:20:12	23.04	0.03	98	225792	买盘
10:20:06	23.01	--	46	105846	卖盘
10:20:00	23.01	--	6	13806	卖盘
10:19:57	23.01	-0.02	6	13806	卖盘
10:19:45	23.03	-0.01	79	181937	卖盘
10:19:42	23.04	0.01	16	36864	买盘
10:19:39	23.03	--	20	46060	卖盘
10:19:36	23.03	--	14	32242	卖盘
10:19:33	23.03	-0.01	61	140483	卖盘
10:19:27	23.04	-0.01	47	108288	卖盘
10:19:24	23.05	-0.01	20	46100	卖盘
10:19:21	23.06	--	53	122218	买盘
10:19:18	23.06	0.01	4	9224	买盘
10:19:15	23.05	0.01	19	43795	买盘
10:19:09	23.04	-0.01	89	205056	卖盘
10:19:06	23.05	-0.01	52	119860	卖盘
10:19:03	23.06	-0.01	1	2306	卖盘
10:19:00	23.07	-0.01	3	6921	卖盘
10:18:57	23.08	--	20	46160	买盘
10:18:54	23.08	0.01	11	25387	买盘
10:18:48	23.07	-0.01	20	46140	卖盘
10:18:45	23.08	--	10	23080	买盘
10:18:42	23.08	--	8	18464	买盘
10:18:39	23.08	0.02	74	170792	买盘
10:18:30	23.06	--	33	76098	卖盘
10:18:21	23.06	-0.03	109	251354	卖盘
10:18:15	23.09	--	12	27708	卖盘
10:18:09	23.09	0.03	12	27708	买盘
10:17:54	23.06	0.02	50	115300	买盘
10:17:51	23.04	--	15	34560	卖盘
10:17:48	23.04	-0.01	5	11520	买盘
10:17:36	23.05	--	5	11525	买盘
10:17:33	23.05	0.01	105	242025	买盘
10:17:30	23.04	--	13	29952	卖盘
10:17:27	23.04	0.02	17	39168	买盘
10:17:24	23.02	-0.01	135	310770	卖盘
10:17:21	23.03	--	9	22385	买盘
10:17:12	23.03	--	3	6909	买盘
10:17:09	23.03	--	2	4606	买盘
10:17:06	23.03	--	30	69090	买盘
10:17:03	23.03	--	47	108885	卖盘
10:16:57	23.03	-0.01	10	23030	卖盘
10:16:51	23.04	--	9	20736	卖盘
10:16:48	23.04	0.01	3	6912	买盘
10:16:42	23.03	-0.01	60	138180	卖盘
10:16:36	23.04	--	6	13824	卖盘
10:16:33	23.04	--	6	13824	卖盘
10:16:30	23.04	-0.02	13	29952	卖盘
10:16:27	23.06	0.02	85	196010	买盘
10:16:24	23.04	-0.02	4	9216	卖盘
10:16:21	23.06	--	14	32284	买盘
10:16:18	23.06	--	6	13836	买盘
10:16:15	23.06	--	139	320534	卖盘
10:16:12	23.06	-0.03	8	18448	卖盘
10:16:06	23.09	0.03	3	6927	买盘
10:15:57	23.06	--	11	25366	买盘
10:15:51	23.06	--	4	9224	买盘
10:15:48	23.06	--	2	4612	买盘
10:15:45	23.06	0.01	4	9224	买盘
10:15:42	23.05	0.01	62	142910	买盘
10:15:39	23.04	--	123	285050	买盘
10:15:36	23.04	--	81	186624	买盘
10:15:33	23.04	0.01	20	46080	买盘
10:15:30	23.03	--	33	75999	卖盘
10:15:27	23.03	-0.01	22	50666	卖盘
10:15:24	23.04	--	5	11520	买盘
10:15:18	23.04	0.02	10	23040	买盘
10:15:09	23.02	-0.02	30	69060	卖盘
10:15:03	23.04	0.02	5	11520	买盘
10:14:57	23.02	0.01	6	13812	中性盘
10:14:48	23.01	--	4	9204	卖盘
10:14:45	23.01	--	4	9204	卖盘
10:14:39	23.01	-0.02	16	36816	卖盘
10:14:36	23.03	-0.01	1	2303	中性盘
10:14:30	23.04	0.03	43	99072	买盘
10:14:24	23.01	-0.03	2	4602	卖盘
10:14:18	23.04	0.03	9	20736	买盘
10:14:15	23.01	0.01	1	2301	中性盘
10:14:03	23.0	-0.01	100	230000	卖盘
10:13:54	23.01	--	5	11505	买盘
10:13:51	23.01	--	23	52923	买盘
10:13:39	23.01	0.01	30	69030	买盘
10:13:36	23.0	--	30	69000	买盘
10:13:33	23.0	--	62	142600	卖盘
10:13:30	23.0	-0.01	14	32200	卖盘
10:13:27	23.01	0.01	22	50622	买盘
10:13:24	23.0	-0.01	1	2300	卖盘
10:13:21	23.01	--	10	23010	买盘
10:13:18	23.01	--	53	121953	买盘
10:13:15	23.01	-0.01	13	29913	买盘
10:13:09	23.02	--	6	13812	买盘
10:13:03	23.02	0.01	72	165744	买盘
10:13:00	23.01	0.01	1	2301	中性盘
10:12:54	23.0	-0.02	1	2300	卖盘
10:12:51	23.02	0.01	50	115100	买盘
10:12:45	23.01	--	2	4602	买盘
10:12:42	23.01	--	9	20709	卖盘
10:12:39	23.01	0.01	2	4602	买盘
10:12:33	23.0	0.01	1	2300	买盘
10:12:30	22.99	-0.01	13	29886	卖盘
10:12:24	23.0	0.01	5	11500	中性盘
10:12:18	22.99	-0.01	10	22990	卖盘
10:12:12	23.0	-0.01	16	36800	卖盘
10:12:09	23.01	0.01	15	34515	卖盘
10:12:00	23.0	--	44	101200	卖盘
10:11:54	23.0	0.01	10	23000	卖盘
10:11:51	22.99	-0.01	100	229899	卖盘
10:11:48	23.0	--	70	161000	买盘
10:11:45	23.0	--	17	39100	买盘
10:11:42	23.0	--	4	9200	买盘
10:11:36	23.0	0.01	6	13800	买盘
10:11:33	22.99	-0.01	20	45980	卖盘
10:11:30	23.0	-0.01	15	34500	卖盘
10:11:27	23.01	--	4	9204	卖盘
10:11:18	23.01	-0.02	53	121953	卖盘
10:11:15	23.03	0.02	7	16121	买盘
10:11:12	23.01	-0.02	3	6903	卖盘
10:11:09	23.03	--	5	11515	买盘
10:11:06	23.03	--	5	11515	买盘
10:11:03	23.03	--	1	2303	买盘
10:11:00	23.03	--	1	2303	买盘
10:10:57	23.03	--	1	2303	买盘
10:10:51	23.03	--	462	1063986	卖盘
10:10:48	23.03	--	12	27636	卖盘
10:10:42	23.03	--	74	170422	卖盘
10:10:39	23.03	--	20	46060	买盘
10:10:33	23.03	0.01	9	20727	买盘
10:10:30	23.02	--	15	34530	卖盘
10:10:27	23.02	--	3	6906	买盘
10:10:24	23.02	0.02	3	6906	买盘
10:10:12	23.0	--	1	2300	卖盘
10:10:09	23.0	--	83	190900	买盘
10:10:06	23.0	0.01	62	142600	买盘
10:10:03	22.99	-0.01	24	55175	卖盘
10:10:00	23.0	--	5	11500	买盘
10:09:57	23.0	0.01	39	89700	买盘
10:09:54	22.99	-0.01	7	16092	卖盘
10:09:45	23.0	--	3	6900	买盘
10:09:42	23.0	-0.02	135	310500	卖盘
10:09:39	23.02	--	22	50644	卖盘
10:09:36	23.02	-0.01	27	62154	卖盘
10:09:30	23.03	-0.01	13	29939	中性盘
10:09:27	23.04	0.02	3	6912	买盘
10:09:18	23.02	--	4	9208	买盘
10:09:15	23.02	-0.01	20	46040	买盘
10:09:12	23.03	0.01	11	25333	买盘
10:09:06	23.02	--	1	2302	卖盘
10:09:00	23.02	--	8	18416	买盘
10:08:57	23.02	0.01	55	126610	买盘
10:08:54	23.01	0.02	5	11505	卖盘
10:08:51	22.99	-0.02	61	140239	卖盘
10:08:48	23.01	--	1	2301	卖盘
10:08:45	23.01	0.02	250	575250	买盘
10:08:42	22.99	-0.02	300	689700	卖盘
10:08:39	23.01	0.01	60	138060	中性盘
10:08:36	23.0	--	24	55200	卖盘
10:08:30	23.0	0.01	43	98900	买盘
10:08:27	22.99	-0.01	10	22990	卖盘
10:08:21	23.0	0.01	36	82800	买盘
10:08:15	22.99	--	22	50578	买盘
10:08:09	22.99	-0.01	73	167827	卖盘
10:08:06	23.0	--	13	29900	卖盘
10:08:03	23.0	0.01	10	23000	中性盘
10:07:54	22.99	0.02	30	68970	买盘
10:07:48	22.97	--	39	89583	卖盘
10:07:45	22.97	--	32	73504	卖盘
10:07:42	22.97	--	25	57425	卖盘
10:07:36	22.97	--	81	186057	买盘
10:07:33	22.97	0.02	40	91880	买盘
10:07:30	22.95	--	13	29835	卖盘
10:07:27	22.95	--	31	71167	买盘
10:07:24	22.95	-0.01	39	91777	卖盘
10:07:21	22.96	--	39	89544	买盘
10:07:18	22.96	0.01	98	225008	买盘
10:07:15	22.95	-0.01	6	13792	卖盘
10:07:12	22.96	-0.01	27	61992	中性盘
10:07:09	22.97	0.03	19	43643	买盘
10:07:06	22.94	-0.03	64	146816	卖盘
10:07:00	22.97	0.02	33	75801	买盘
10:06:57	22.95	-0.02	477	1094715	卖盘
10:06:54	22.97	--	222	509934	卖盘
10:06:51	22.97	--	6	13782	卖盘
10:06:48	22.97	--	13	29861	卖盘
10:06:45	22.97	--	27	62019	卖盘
10:06:42	22.97	-0.01	5	11485	卖盘
10:06:39	22.98	--	24	55152	买盘
10:06:33	22.98	--	64	147072	卖盘
10:06:30	22.98	-0.01	89	204522	卖盘
10:06:24	22.99	-0.01	1	2299	卖盘
10:06:21	23.0	--	16	36800	买盘
10:06:12	23.0	--	35	80500	卖盘
10:06:09	23.0	-0.03	89	205597	卖盘
10:06:06	23.03	--	96	221088	卖盘
10:06:03	23.03	-0.01	53	122059	卖盘
10:05:57	23.04	--	258	595077	卖盘
10:05:54	23.04	-0.01	42	96768	卖盘
10:05:51	23.05	--	36	84639	买盘
10:05:48	23.05	--	25	57625	买盘
10:05:45	23.05	-0.01	49	113590	卖盘
10:05:39	23.06	--	5	11530	买盘
10:05:33	23.06	--	3	6918	买盘
10:05:30	23.06	-0.01	17	39202	卖盘
10:05:21	23.07	--	39	89973	卖盘
10:05:18	23.07	0.01	12	27684	中性盘
10:05:09	23.06	--	10	23060	卖盘
10:05:06	23.06	--	3	6918	卖盘
10:05:03	23.06	--	20	46120	卖盘
10:04:57	23.06	--	5	11530	卖盘
10:04:51	23.06	--	54	126184	买盘
10:04:45	23.06	0.01	5	11530	买盘
10:04:42	23.05	-0.01	15	34575	中性盘
10:04:36	23.06	0.01	79	182174	买盘
10:04:33	23.05	-0.01	30	69150	卖盘
10:04:30	23.06	--	66	152196	买盘
10:04:27	23.06	--	99	228294	买盘
10:04:24	23.06	0.03	50	115300	买盘
10:04:21	23.03	-0.03	27	62181	卖盘
10:04:18	23.06	0.01	3	6918	买盘
10:04:12	23.05	--	6	13830	买盘
10:04:09	23.05	0.02	5	11525	买盘
10:04:06	23.03	--	11	25333	卖盘
10:04:00	23.03	0.04	1727	3978685	买盘
10:03:57	22.99	0.01	6	13793	买盘
10:03:54	22.98	-0.01	102	234396	卖盘
10:03:51	22.99	0.01	73	167827	买盘
10:03:48	22.98	-0.01	20	45960	卖盘
10:03:45	22.99	0.02	114	262085	买盘
10:03:42	22.97	-0.02	20	45940	卖盘
10:03:39	22.99	0.02	30	68970	买盘
10:03:33	22.97	-0.01	40	91880	卖盘
10:03:30	22.98	0.01	27	62046	中性盘
10:03:24	22.97	-0.01	28	64316	卖盘
10:03:21	22.98	--	20	45960	买盘
10:03:18	22.98	--	8	18384	卖盘
10:03:12	22.98	--	38	87324	卖盘
10:03:09	22.98	-0.01	18	41364	卖盘
10:03:06	22.99	--	3	6896	买盘
10:03:03	22.99	-0.01	291	669009	卖盘
10:02:57	23.0	--	17	39100	卖盘
10:02:54	23.0	--	41	94300	卖盘
10:02:48	23.0	-0.02	2	4600	卖盘
10:02:42	23.02	0.02	10	23020	买盘
10:02:33	23.0	--	10	23000	卖盘
10:02:30	23.0	--	17	39100	卖盘
10:02:24	23.0	--	2	4600	买盘
10:02:21	23.0	-0.03	73	167900	卖盘
10:02:18	23.03	0.03	20	46060	买盘
10:02:15	23.0	-0.03	14	32200	卖盘
10:02:09	23.03	0.04	10	23030	买盘
10:02:06	22.99	-0.02	51	117248	卖盘
10:02:03	23.01	-0.02	1	2301	中性盘
10:01:57	23.03	0.03	165	379995	买盘
10:01:54	23.0	--	6	13800	买盘
10:01:48	23.0	-0.02	66	151800	卖盘
10:01:45	23.02	0.02	30	69060	买盘
10:01:42	23.0	0.01	39	89700	卖盘
10:01:39	22.99	--	6	13793	卖盘
10:01:36	22.99	-0.01	24	55175	卖盘
10:01:33	23.0	--	55	126500	买盘
10:01:30	23.0	0.01	24	55200	买盘
10:01:27	22.99	--	31	71269	买盘
10:01:24	22.99	--	15	34485	卖盘
10:01:21	22.99	0.04	20	45980	卖盘
10:01:18	22.95	-0.04	96	220320	卖盘
10:01:15	22.99	--	95	218404	买盘
10:01:09	22.99	--	48	110351	买盘
10:01:06	22.99	--	40	91960	买盘
10:01:03	22.99	--	10	22990	买盘
10:01:00	22.99	0.06	1	2299	中性盘
10:00:57	22.93	-0.07	342	784206	卖盘
10:00:54	23.0	0.01	40	92000	买盘
10:00:48	22.99	-0.01	7	16092	卖盘
10:00:45	23.0	-0.01	11	25300	买盘
10:00:42	23.01	0.02	101	232401	中性盘
10:00:39	22.99	-0.01	29	66671	卖盘
10:00:36	23.0	--	93	214797	卖盘
10:00:30	23.0	--	103	236900	卖盘
10:00:27	23.0	-0.02	169	388700	卖盘
10:00:24	23.02	--	40	93484	买盘
10:00:21	23.02	0.01	35	80570	中性盘
10:00:18	23.01	-0.02	8	18408	卖盘
10:00:15	23.03	0.02	34	78302	卖盘
10:00:12	23.01	-0.05	21	48321	卖盘
10:00:09	23.06	0.03	77	177562	买盘
10:00:06	23.03	-0.03	444	1022532	中性盘
10:00:00	23.06	0.05	32	73792	买盘
09:59:57	23.01	-0.02	205	471705	卖盘
09:59:54	23.03	--	11	25333	买盘
09:59:51	23.03	--	26	59878	买盘
09:59:48	23.03	-0.01	21	48363	中性盘
09:59:45	23.04	--	424	976896	买盘
09:59:42	23.04	0.01	32	73728	买盘
09:59:39	23.03	--	9	20727	卖盘
09:59:33	23.03	--	4	9212	卖盘
09:59:30	23.03	--	13	29939	卖盘
09:59:27	23.03	0.01	5	11515	中性盘
09:59:24	23.02	-0.01	98	225596	卖盘
09:59:18	23.03	0.01	10	23030	买盘
09:59:15	23.02	-0.02	25	57550	卖盘
09:59:12	23.04	--	3	6912	卖盘
09:59:09	23.04	-0.01	2	4608	卖盘
09:59:06	23.05	--	7	16135	买盘
09:59:03	23.05	0.03	14	32270	中性盘
09:58:57	23.02	-0.04	297	683694	卖盘
09:58:54	23.06	0.02	151	348206	买盘
09:58:48	23.04	-0.01	14	32256	卖盘
09:58:42	23.05	--	49	112945	买盘
09:58:39	23.05	0.01	9	20745	买盘
09:58:36	23.04	-0.01	9	20736	卖盘
09:58:33	23.05	0.01	9	20745	买盘
09:58:30	23.04	-0.01	15	34560	卖盘
09:58:27	23.05	--	15	34575	买盘
09:58:24	23.05	--	27	62235	卖盘
09:58:21	23.05	--	57	131385	卖盘
09:58:18	23.05	--	12	27660	卖盘
09:58:15	23.05	-0.01	15	34575	卖盘
09:58:12	23.06	0.01	91	209846	买盘
09:58:09	23.05	--	61	140605	卖盘
09:58:06	23.05	--	213	490965	卖盘
09:58:03	23.05	--	80	184400	卖盘
09:58:00	23.05	-0.01	94	216670	卖盘
09:57:54	23.06	--	34	78404	买盘
09:57:51	23.06	0.01	3	6918	买盘
09:57:48	23.05	-0.01	24	55320	卖盘
09:57:42	23.06	--	15	34590	买盘
09:57:39	23.06	-0.01	497	1146727	卖盘
09:57:33	23.07	-0.01	13	29991	卖盘
09:57:30	23.08	0.01	31	71548	买盘
09:57:27	23.07	-0.01	13	29991	卖盘
09:57:24	23.08	0.01	47	108475	买盘
09:57:21	23.07	-0.01	50	115350	卖盘
09:57:15	23.08	--	20	46160	买盘
09:57:12	23.08	--	11	25387	买盘
09:57:06	23.08	-0.01	65	150020	买盘
09:57:03	23.09	--	3	6927	买盘
09:57:00	23.09	0.01	28	64652	买盘
09:56:51	23.08	--	152	350816	卖盘
09:56:48	23.08	-0.01	14	32311	卖盘
09:56:42	23.09	--	1	2309	买盘
09:56:36	23.09	-0.01	25	57725	中性盘
09:56:30	23.1	--	14	32340	买盘
09:56:27	23.1	--	310	716100	买盘
09:56:24	23.1	--	24	55440	卖盘
09:56:21	23.1	-0.02	22	50820	卖盘
09:56:18	23.12	0.03	34	78608	买盘
09:56:12	23.09	-0.01	29	66961	卖盘
09:56:09	23.1	--	1	2310	卖盘
09:56:03	23.1	--	1	2310	卖盘
09:56:00	23.1	--	13	30030	卖盘
09:55:57	23.1	--	15	34650	卖盘
09:55:51	23.1	--	15	34650	买盘
09:55:39	23.1	0.01	5	11550	买盘
09:55:30	23.09	-0.01	13	30017	卖盘
09:55:27	23.1	--	52	120120	买盘
09:55:24	23.1	--	5	11550	买盘
09:55:15	23.1	0.01	19	43890	买盘
09:55:12	23.09	--	1	2309	卖盘
09:55:06	23.09	--	9	20781	买盘
09:55:03	23.09	-0.01	2	4618	买盘
09:54:48	23.1	-0.01	54	124740	卖盘
09:54:45	23.11	0.02	5	11555	中性盘
09:54:42	23.09	--	116	267844	卖盘
09:54:33	23.09	-0.01	105	242445	卖盘
09:54:30	23.1	--	18	41580	买盘
09:54:27	23.1	-0.03	179	413490	卖盘
09:54:21	23.13	--	20	46260	买盘
09:54:15	23.13	--	21	48573	卖盘
09:54:03	23.13	0.03	4	9252	中性盘
09:54:00	23.1	--	6	13860	卖盘
09:53:57	23.1	-0.06	10	23100	卖盘
09:53:51	23.16	0.03	25	57900	买盘
09:53:45	23.13	--	5	11565	买盘
09:53:39	23.13	--	34	78642	卖盘
09:53:36	23.13	0.03	34	78642	买盘
09:53:33	23.1	--	30	69300	卖盘
09:53:30	23.1	-0.03	14	32340	卖盘
09:53:18	23.13	--	3	6939	买盘
09:53:15	23.13	--	1	2313	买盘
09:53:12	23.13	0.03	5	11565	买盘
09:53:06	23.1	--	5	11550	卖盘
09:53:03	23.1	0.01	10	23100	卖盘
09:53:00	23.09	--	4	9236	卖盘
09:52:57	23.09	-0.01	189	436401	卖盘
09:52:51	23.1	0.01	10	23100	买盘
09:52:48	23.09	--	99	228591	买盘
09:52:45	23.09	0.01	1	2309	买盘
09:52:42	23.08	--	2	4616	卖盘
09:52:39	23.08	--	8	18464	卖盘
09:52:36	23.08	--	49	113091	买盘
09:52:33	23.08	0.01	12	27695	买盘
09:52:30	23.07	--	15	34605	卖盘
09:52:27	23.07	--	131	302217	卖盘
09:52:24	23.07	0.01	12	27684	买盘
09:52:21	23.06	--	17	39202	卖盘
09:52:18	23.06	-0.01	55	126830	卖盘
09:52:15	23.07	0.01	13	29991	买盘
09:52:09	23.06	--	38	87628	卖盘
09:52:06	23.06	-0.01	73	168338	卖盘
09:52:03	23.07	--	5	11535	卖盘
09:52:00	23.07	0.02	114	264659	买盘
09:51:57	23.05	--	19	43795	卖盘
09:51:54	23.05	-0.01	87	200535	卖盘
09:51:51	23.06	--	9	20754	卖盘
09:51:48	23.06	0.01	23	53038	买盘
09:51:42	23.05	--	29	66845	卖盘
09:51:39	23.05	-0.02	184	424120	卖盘
09:51:36	23.07	0.01	10	23070	买盘
09:51:33	23.06	--	4	9224	卖盘
09:51:30	23.06	--	24	55344	卖盘
09:51:27	23.06	--	5	11530	卖盘
09:51:24	23.06	--	45	103770	卖盘
09:51:21	23.06	-0.01	2	4612	卖盘
09:51:18	23.07	0.02	49	113043	买盘
09:51:15	23.05	-0.02	127	292735	卖盘
09:51:12	23.07	0.01	63	145341	买盘
09:51:09	23.06	-0.01	17	39202	卖盘
09:51:03	23.07	--	18	42171	卖盘
09:50:54	23.07	-0.02	97	223779	卖盘
09:50:48	23.09	0.01	6	13854	买盘
09:50:45	23.08	-0.02	184	424671	卖盘
09:50:42	23.1	--	10	23100	卖盘
09:50:36	23.1	-0.01	1	2310	卖盘
09:50:33	23.11	0.01	31	71641	买盘
09:50:30	23.1	0.01	23	53130	买盘
09:50:27	23.09	--	55	126995	卖盘
09:50:21	23.09	-0.01	25	57725	卖盘
09:50:15	23.1	-0.01	120	277200	卖盘
09:50:12	23.11	0.01	17	39287	卖盘
09:50:09	23.1	-0.01	277	639870	卖盘
09:50:06	23.11	--	25	57775	卖盘
09:50:00	23.11	-0.02	117	270387	卖盘
09:49:57	23.13	0.02	12	27756	买盘
09:49:51	23.11	0.01	2	4622	卖盘
09:49:48	23.1	--	8	18480	卖盘
09:49:45	23.1	-0.01	15	34650	卖盘
09:49:42	23.11	-0.02	1	2311	中性盘
09:49:36	23.13	0.03	1	2313	买盘
09:49:33	23.1	-0.03	24	55440	卖盘
09:49:30	23.13	--	14	32382	卖盘
09:49:27	23.13	0.03	4	9252	中性盘
09:49:18	23.1	-0.05	14	32340	卖盘
09:49:06	23.15	--	40	92600	卖盘
09:49:00	23.15	--	26	60189	卖盘
09:48:57	23.15	--	14	32409	卖盘
09:48:54	23.15	-0.02	20	46300	卖盘
09:48:48	23.17	0.02	77	178409	买盘
09:48:42	23.15	-0.01	99	229185	卖盘
09:48:36	23.16	--	41	94956	卖盘
09:48:33	23.16	-0.01	16	37056	卖盘
09:48:30	23.17	--	14	32438	买盘
09:48:24	23.17	-0.01	6	13902	卖盘
09:48:21	23.18	0.01	2	4636	买盘
09:48:18	23.17	-0.01	4	9268	中性盘
09:48:15	23.18	--	5	11590	买盘
09:48:06	23.18	0.02	31	71858	中性盘
09:48:00	23.16	-0.04	6	13896	卖盘
09:47:54	23.2	--	6	13920	买盘
09:47:48	23.2	--	6	13920	卖盘
09:47:45	23.2	--	29	67280	卖盘
09:47:39	23.2	--	27	62640	卖盘
09:47:33	23.2	0.08	366	849120	买盘
09:47:30	23.12	0.02	13	30056	卖盘
09:47:27	23.1	-0.1	100	231000	卖盘
09:47:24	23.2	0.01	4	9280	买盘
09:47:21	23.19	-0.02	15	34785	卖盘
09:47:18	23.21	-0.01	10	23210	卖盘
09:47:12	23.22	0.01	23	53406	买盘
09:47:09	23.21	0.02	37	85877	买盘
09:47:03	23.19	-0.03	20	46380	卖盘
09:47:00	23.22	0.03	12	27864	买盘
09:46:51	23.19	-0.02	3	6957	卖盘
09:46:48	23.21	0.02	20	46420	买盘
09:46:45	23.19	--	10	23190	卖盘
09:46:42	23.19	0.08	74	171606	买盘
09:46:36	23.11	-0.04	2	4622	买盘
09:46:33	23.15	0.05	2	4630	中性盘
09:46:30	23.1	-0.07	46	106260	卖盘
09:46:24	23.17	0.08	20	46340	买盘
09:46:15	23.09	-0.06	286	660374	卖盘
09:46:12	23.15	--	43	101211	买盘
09:46:06	23.15	0.03	1	2315	买盘
09:46:03	23.12	--	17	39304	中性盘
09:46:00	23.12	0.01	5	11560	买盘
09:45:57	23.11	0.01	1	2311	买盘
09:45:54	23.1	--	81	187110	买盘
09:45:51	23.1	0.01	2	4620	买盘
09:45:45	23.09	0.02	10	23090	中性盘
09:45:39	23.07	-0.03	27	62289	卖盘
09:45:36	23.1	0.02	22	50820	买盘
09:45:30	23.08	-0.02	111	256187	卖盘
09:45:27	23.1	--	25	57750	买盘
09:45:24	23.1	-0.01	148	342526	卖盘
09:45:15	23.11	-0.01	75	173325	买盘
09:45:12	23.12	0.01	27	62424	卖盘
09:45:09	23.11	-0.01	201	464511	卖盘
09:45:06	23.12	--	117	270504	买盘
09:45:03	23.12	--	32	73984	买盘
09:45:00	23.12	-0.01	5	11560	中性盘
09:44:54	23.13	-0.02	60	138780	卖盘
09:44:51	23.15	0.04	21	48615	买盘
09:44:45	23.11	0.01	2	4622	中性盘
09:44:42	23.1	-0.01	100	231000	卖盘
09:44:33	23.11	-0.04	10	23110	卖盘
09:44:30	23.15	0.04	31	71765	买盘
09:44:27	23.11	-0.04	10	23110	中性盘
09:44:24	23.15	0.03	18	41670	买盘
09:44:18	23.12	0.01	227	526488	买盘
09:44:12	23.11	-0.01	92	213259	卖盘
09:44:06	23.12	-0.01	108	251360	卖盘
09:44:03	23.13	--	25	57825	买盘
09:44:00	23.13	-0.02	94	218069	卖盘
09:43:57	23.15	0.01	38	87970	卖盘
09:43:51	23.14	0.01	19	43966	中性盘
09:43:48	23.13	-0.02	110	254430	卖盘
09:43:45	23.15	0.02	22	52596	买盘
09:43:39	23.13	--	1	2313	卖盘
09:43:36	23.13	-0.02	3	6939	卖盘
09:43:33	23.15	0.02	7	16204	买盘
09:43:30	23.13	--	57	131841	买盘
09:43:27	23.13	--	2	4626	卖盘
09:43:24	23.13	--	38	87894	买盘
09:43:21	23.13	--	176	407088	买盘
09:43:15	23.13	--	1	2313	买盘
09:43:12	23.13	0.01	10	23130	买盘
09:43:09	23.12	-0.03	769	1777928	卖盘
09:43:06	23.15	--	12	28428	卖盘
09:43:03	23.15	-0.02	1	2315	卖盘
09:43:00	23.17	0.02	35	81095	买盘
09:42:57	23.15	--	47	108805	卖盘
09:42:54	23.15	--	35	81025	卖盘
09:42:45	23.15	-0.03	3	6945	卖盘
09:42:42	23.18	-0.02	5	11590	卖盘
09:42:39	23.2	0.01	399	925680	买盘
09:42:36	23.19	0.02	12	27828	买盘
09:42:30	23.17	-0.01	15	34755	卖盘
09:42:27	23.18	-0.05	9	20862	卖盘
09:42:24	23.23	0.05	234	543582	买盘
09:42:21	23.18	-0.01	18	41724	卖盘
09:42:18	23.19	-0.01	9	20871	卖盘
09:42:15	23.2	--	2	4640	卖盘
09:42:12	23.2	--	26	60320	买盘
09:42:09	23.2	--	27	62640	买盘
09:42:06	23.2	0.01	6	13920	买盘
09:42:03	23.19	--	4	9276	卖盘
09:42:00	23.19	-0.01	6	13914	卖盘
09:41:57	23.2	--	14	32480	卖盘
09:41:48	23.2	0.01	32	74240	买盘
09:41:45	23.19	0.01	3	6957	买盘
09:41:42	23.18	--	5	11590	卖盘
09:41:39	23.18	0.01	23	53314	中性盘
09:41:36	23.17	--	4	9268	卖盘
09:41:33	23.17	--	22	50974	卖盘
09:41:30	23.17	--	13	30121	卖盘
09:41:27	23.17	--	14	32438	卖盘
09:41:21	23.17	--	10	23170	卖盘
09:41:18	23.17	--	26	60242	买盘
09:41:15	23.17	-0.01	98	227066	卖盘
09:41:12	23.18	-0.02	2	4636	卖盘
09:41:09	23.2	0.03	4	9280	买盘
09:41:06	23.17	-0.01	42	97314	卖盘
09:41:03	23.18	--	25	57950	买盘
09:41:00	23.18	--	3	6954	买盘
09:40:57	23.18	0.01	6	13908	买盘
09:40:54	23.17	--	25	57925	卖盘
09:40:51	23.17	-0.01	10	23170	卖盘
09:40:42	23.18	0.02	23	53314	买盘
09:40:39	23.16	-0.05	103	238548	卖盘
09:40:36	23.21	0.03	74	171754	买盘
09:40:33	23.18	0.01	6	13908	中性盘
09:40:30	23.17	-0.03	118	273406	卖盘
09:40:27	23.2	--	118	273760	卖盘
09:40:21	23.2	-0.01	27	62640	卖盘
09:40:18	23.21	0.04	16	38807	买盘
09:40:15	23.17	-0.02	77	178409	卖盘
09:40:12	23.19	-0.01	11	25509	卖盘
09:40:09	23.2	--	30	69600	买盘
09:40:03	23.2	--	31	71920	卖盘
09:40:00	23.2	-0.01	53	122960	卖盘
09:39:57	23.21	--	1	2321	卖盘
09:39:54	23.21	-0.03	19	44099	卖盘
09:39:51	23.24	0.03	14	32535	买盘
09:39:45	23.21	-0.03	2	4642	卖盘
09:39:42	23.24	0.03	83	192892	买盘
09:39:36	23.21	--	7	16247	卖盘
09:39:33	23.21	-0.03	44	102124	卖盘
09:39:30	23.24	-0.01	10	23240	卖盘
09:39:27	23.25	--	36	83700	卖盘
09:39:24	23.25	--	6	13950	卖盘
09:39:21	23.25	-0.01	397	923025	卖盘
09:39:15	23.26	-0.01	11	25586	卖盘
09:39:12	23.27	--	26	60502	买盘
09:39:09	23.27	-0.01	50	116350	卖盘
09:39:06	23.28	0.01	55	128040	买盘
09:39:00	23.27	--	1	2327	卖盘
09:38:57	23.27	-0.03	55	127985	卖盘
09:38:54	23.3	--	23	53590	买盘
09:38:51	23.3	--	30	69900	买盘
09:38:48	23.3	-0.01	155	361150	卖盘
09:38:45	23.31	--	2	4662	买盘
09:38:42	23.31	--	8	18648	买盘
09:38:39	23.31	--	20	46620	买盘
09:38:36	23.31	0.01	85	198135	买盘
09:38:30	23.3	--	15	34950	卖盘
09:38:27	23.3	--	32	74560	卖盘
09:38:21	23.3	0.01	59	137470	买盘
09:38:18	23.29	--	18	41922	卖盘
09:38:15	23.29	--	5	11645	卖盘
09:38:12	23.29	-0.01	10	23290	卖盘
09:38:09	23.3	0.01	11	25630	买盘
09:38:06	23.29	--	2	4658	卖盘
09:38:00	23.29	-0.01	34	79186	卖盘
09:37:57	23.3	--	8	18640	买盘
09:37:48	23.3	--	28	65240	卖盘
09:37:45	23.3	-0.02	7	16310	卖盘
09:37:33	23.32	--	10	23320	买盘
09:37:30	23.32	--	65	151580	买盘
09:37:27	23.32	--	95	221540	卖盘
09:37:21	23.32	--	5	11660	卖盘
09:37:18	23.32	-0.01	2	4664	卖盘
09:37:15	23.33	0.03	7	16330	买盘
09:37:06	23.3	--	2	4660	买盘
09:37:03	23.3	0.01	6	13980	买盘
09:36:57	23.29	--	28	65212	卖盘
09:36:54	23.29	-0.01	1	2329	卖盘
09:36:51	23.3	0.02	8	18640	买盘
09:36:48	23.28	-0.01	47	109416	卖盘
09:36:45	23.29	--	9	20961	买盘
09:36:42	23.29	-0.01	8	18632	卖盘
09:36:39	23.3	--	5	11650	买盘
09:36:36	23.3	--	22	51260	买盘
09:36:27	23.3	-0.03	58	135140	卖盘
09:36:24	23.33	0.01	32	74656	买盘
09:36:21	23.32	0.01	10	23320	买盘
09:36:15	23.31	-0.01	3	6993	中性盘
09:36:12	23.32	0.02	22	51304	买盘
09:36:06	23.3	--	5	11650	卖盘
09:36:03	23.3	--	6	13980	买盘
09:36:00	23.3	0.01	108	251640	买盘
09:35:57	23.29	--	1	2329	卖盘
09:35:48	23.29	--	56	130424	买盘
09:35:45	23.29	0.01	99	230571	买盘
09:35:42	23.28	-0.01	91	211848	卖盘
09:35:39	23.29	--	50	116450	买盘
09:35:33	23.29	-0.01	52	121108	买盘
09:35:27	23.3	-0.02	7	16310	卖盘
09:35:24	23.32	-0.01	61	142252	买盘
09:35:18	23.33	0.02	59	137647	买盘
09:35:09	23.31	-0.01	38	88578	卖盘
09:35:06	23.32	--	10	23320	买盘
09:35:00	23.32	0.03	4	9328	买盘
09:34:57	23.29	-0.01	26	60554	卖盘
09:34:51	23.3	--	86	200380	中性盘
09:34:42	23.3	--	8	18640	买盘
09:34:36	23.3	--	10	23300	买盘
09:34:33	23.3	-0.06	94	219020	卖盘
09:34:30	23.36	0.01	147	343392	买盘
09:34:27	23.35	0.02	135	315225	买盘
09:34:24	23.33	--	11	25662	买盘
09:34:21	23.33	-0.03	7	16330	卖盘
09:34:15	23.36	0.02	20	46720	买盘
09:34:12	23.34	-0.01	96	224064	卖盘
09:34:09	23.35	--	19	44365	卖盘
09:34:06	23.35	--	15	35025	买盘
09:34:03	23.35	0.01	7	16345	买盘
09:34:00	23.34	-0.01	14	32676	卖盘
09:33:57	23.35	--	11	25685	卖盘
09:33:54	23.35	--	16	37360	买盘
09:33:51	23.35	--	5	11675	买盘
09:33:48	23.35	-0.03	10	23350	卖盘
09:33:45	23.38	0.04	216	505008	买盘
09:33:42	23.34	--	48	112032	卖盘
09:33:39	23.34	-0.03	196	457464	卖盘
09:33:36	23.37	0.02	115	268755	买盘
09:33:33	23.35	-0.01	4	9340	卖盘
09:33:30	23.36	0.01	68	158848	买盘
09:33:27	23.35	--	26	60710	卖盘
09:33:24	23.35	0.02	55	128425	买盘
09:33:21	23.33	-0.02	7	16330	卖盘
09:33:18	23.35	--	59	137765	买盘
09:33:15	23.35	0.01	92	214820	买盘
09:33:12	23.34	--	8	18672	卖盘
09:33:09	23.34	--	18	42012	卖盘
09:33:06	23.34	--	15	35010	买盘
09:33:03	23.34	0.01	72	168048	买盘
09:32:57	23.33	--	10	23330	卖盘
09:32:54	23.33	0.03	84	195972	买盘
09:32:51	23.3	--	3	6990	买盘
09:32:48	23.3	--	9	20970	买盘
09:32:45	23.3	--	3	6990	卖盘
09:32:42	23.3	--	3	6990	买盘
09:32:39	23.3	-0.04	5	11650	中性盘
09:32:33	23.34	0.01	64	149376	买盘
09:32:30	23.33	0.03	27	62990	买盘
09:32:27	23.3	-0.05	82	191060	卖盘
09:32:15	23.35	0.05	30	70050	买盘
09:32:12	23.3	-0.04	97	226010	卖盘
09:32:09	23.34	0.07	5	11670	买盘
09:32:06	23.27	-0.03	17	39559	卖盘
09:32:03	23.3	0.03	3	6990	买盘
09:31:57	23.27	--	22	51194	卖盘
09:31:54	23.27	--	84	195468	卖盘
09:31:45	23.27	-0.03	5	11635	卖盘
09:31:42	23.3	0.04	40	93200	买盘
09:31:39	23.26	-0.01	3	6978	卖盘
09:31:36	23.27	0.04	62	144274	买盘
09:31:33	23.23	--	6	13938	卖盘
09:31:30	23.23	--	13	30199	卖盘
09:31:27	23.23	0.03	10	23230	卖盘
09:31:24	23.2	--	2	4640	中性盘
09:31:21	23.2	0.03	5	11600	中性盘
09:31:03	23.17	-0.05	7	16219	卖盘
09:31:00	23.22	0.01	1	2322	买盘
09:30:45	23.21	0.05	5	11605	买盘
09:30:42	23.16	-0.05	2	4632	卖盘
09:30:39	23.21	0.01	6	13926	买盘
09:30:33	23.2	-0.02	3	6960	卖盘
09:30:21	23.22	-0.01	26	60372	卖盘
09:30:18	23.23	--	3	6969	卖盘
09:30:12	23.23	-0.02	86	199778	卖盘
09:30:09	23.25	--	30	69750	卖盘
09:30:06	23.25	--	142	330150	卖盘
09:30:03	23.25	0.02	431	1002075	买盘
09:30:00	23.23	--	0	0	买盘
09:25:03	23.23	23.23	277	643471	买盘
