成交时间	成交价	价格变动	成交量(手)	成交额(元)	性质
15:00:03	17.78	0.01	204	362712	买盘
14:57:00	17.77	--	0	0	卖盘
14:56:51	17.77	-0.01	35	62195	卖盘
14:56:45	17.78	0.01	3	5334	买盘
14:56:42	17.77	-0.01	38	67526	卖盘
14:56:39	17.78	--	10	17780	买盘
14:56:36	17.78	--	4	7112	买盘
14:56:27	17.78	0.01	4	7112	中性盘
14:56:18	17.77	-0.01	18	31986	卖盘
14:56:12	17.78	--	4	7112	卖盘
14:56:09	17.78	0.01	1	1778	买盘
14:56:00	17.77	--	10	17770	买盘
14:55:57	17.77	-0.01	2	3554	买盘
14:55:51	17.78	0.01	16	28448	买盘
14:55:48	17.77	--	9	15993	卖盘
14:55:24	17.77	--	100	177700	卖盘
14:55:21	17.77	--	101	179477	卖盘
14:55:18	17.77	--	1	1777	卖盘
14:55:12	17.77	--	4	7108	卖盘
14:54:57	17.77	0.02	305	541985	买盘
14:54:48	17.75	--	20	35500	卖盘
14:54:45	17.75	-0.01	3	5325	卖盘
14:54:42	17.76	0.01	17	30192	买盘
14:54:36	17.75	-0.01	4	7100	卖盘
14:54:30	17.76	--	1	1776	买盘
14:54:24	17.76	-0.01	52	92352	卖盘
14:54:21	17.77	0.01	5	8885	买盘
14:54:18	17.76	-0.01	9	15984	卖盘
14:54:03	17.77	0.01	5	8885	买盘
14:53:48	17.76	--	31	55056	卖盘
14:53:45	17.76	--	3	5328	卖盘
14:53:39	17.76	--	2	3552	卖盘
14:53:36	17.76	--	3	5328	卖盘
14:53:30	17.76	--	1	1776	卖盘
14:53:27	17.76	-0.01	12	21312	卖盘
14:53:09	17.77	0.01	8	14216	买盘
14:53:06	17.76	--	2	3552	卖盘
14:52:57	17.76	0.01	13	23088	中性盘
14:52:51	17.75	-0.01	405	718875	卖盘
14:52:48	17.76	--	12	21312	卖盘
14:52:39	17.76	-0.01	40	71040	卖盘
14:52:33	17.77	--	31	55087	买盘
14:52:24	17.77	0.01	10	17770	买盘
14:52:15	17.76	-0.01	15	28131	卖盘
14:52:12	17.77	0.01	10	17770	买盘
14:52:06	17.76	-0.01	16	28416	卖盘
14:51:57	17.77	--	5	8885	买盘
14:51:45	17.77	--	24	42648	卖盘
14:51:33	17.77	-0.02	93	165261	卖盘
14:51:00	17.79	0.01	42	74718	买盘
14:50:57	17.78	0.01	17	30226	买盘
14:50:33	17.77	0.01	51	90627	买盘
14:50:30	17.76	-0.01	5	8880	卖盘
14:50:27	17.77	--	15	26655	买盘
14:49:48	17.77	--	1	1777	买盘
14:49:30	17.77	0.01	3	5331	买盘
14:49:27	17.76	-0.01	5	8880	卖盘
14:49:21	17.77	0.01	5	8885	买盘
14:49:15	17.76	--	6	10691	卖盘
14:49:06	17.76	-0.01	9	15984	卖盘
14:48:57	17.77	--	5	8885	买盘
14:48:48	17.77	--	3	5331	买盘
14:48:45	17.77	--	1	1777	买盘
14:48:33	17.77	--	70	124390	买盘
14:48:24	17.77	--	5	8885	买盘
14:48:18	17.77	0.01	10	17770	买盘
14:48:15	17.76	--	34	60384	卖盘
14:48:03	17.76	-0.01	21	37296	卖盘
14:47:51	17.77	--	6	10662	买盘
14:47:45	17.77	--	14	24878	买盘
14:47:30	17.77	--	3	5331	买盘
14:47:27	17.77	--	5	8885	买盘
14:47:24	17.77	--	35	62195	卖盘
14:47:09	17.77	--	10	17770	卖盘
14:47:03	17.77	--	2	3554	买盘
14:46:48	17.77	--	1	1777	买盘
14:46:45	17.77	--	2	3554	买盘
14:46:36	17.77	0.01	14	24878	买盘
14:46:33	17.76	-0.01	21	37296	卖盘
14:46:12	17.77	0.01	12	21324	买盘
14:46:06	17.76	-0.01	6	10656	卖盘
14:46:00	17.77	--	7	12439	买盘
14:45:45	17.77	0.01	12	21324	中性盘
14:45:36	17.76	--	54	95904	卖盘
14:45:18	17.76	-0.03	3	5328	中性盘
14:44:51	17.79	0.03	10	17790	买盘
14:44:48	17.76	--	10	17760	买盘
14:44:39	17.76	-0.03	84	149184	卖盘
14:44:36	17.79	0.03	42	74718	买盘
14:44:24	17.76	0.01	24	42624	中性盘
14:43:12	17.75	-0.02	78	138450	卖盘
14:42:57	17.77	--	10	17770	卖盘
14:42:48	17.77	-0.03	11	19547	卖盘
14:42:24	17.8	0.03	1	1780	买盘
14:41:57	17.77	-0.03	9	15993	卖盘
14:41:42	17.8	0.03	20	35600	买盘
14:41:36	17.77	--	22	39094	卖盘
14:41:24	17.77	--	1	1777	卖盘
14:40:57	17.77	--	50	88850	卖盘
14:40:30	17.77	--	10	17770	卖盘
14:40:18	17.77	-0.03	10	17770	卖盘
14:39:42	17.8	0.03	100	178000	买盘
14:39:24	17.77	--	18	31986	卖盘
14:39:21	17.77	--	7	12439	卖盘
14:39:03	17.77	--	3	5331	卖盘
14:38:57	17.77	--	2	3554	卖盘
14:38:51	17.77	-0.01	45	79965	卖盘
14:38:18	17.78	-0.02	19	33782	卖盘
14:37:51	17.8	--	8	15770	卖盘
14:37:30	17.8	-0.01	1	2029	卖盘
14:37:12	17.81	--	10	17810	中性盘
14:36:54	17.81	--	20	35620	卖盘
14:36:18	17.81	--	17	30276	卖盘
14:36:09	17.81	--	16	28495	买盘
14:35:57	17.81	--	6	10686	卖盘
14:35:51	17.81	-0.01	7	12467	卖盘
14:35:45	17.82	--	12	21384	买盘
14:35:12	17.82	--	17	30294	买盘
14:34:48	17.82	--	9	16038	买盘
14:34:24	17.82	0.01	40	71280	买盘
14:34:21	17.81	--	11	19591	卖盘
14:34:18	17.81	--	28	49868	卖盘
14:34:12	17.81	--	63	112202	卖盘
14:33:54	17.81	--	5	8905	卖盘
14:33:51	17.81	--	25	44525	买盘
14:33:45	17.81	0.01	7	12467	买盘
14:33:42	17.8	-0.01	3	5340	卖盘
14:33:27	17.81	0.01	10	17810	买盘
14:33:06	17.8	--	20	35600	卖盘
14:33:00	17.8	0.02	5	8900	买盘
14:32:54	17.78	0.01	1	1778	中性盘
14:32:45	17.77	-0.03	2	3554	卖盘
14:32:30	17.8	0.03	7	12460	买盘
14:32:12	17.77	0.01	5	8885	中性盘
14:31:30	17.76	--	1	1776	卖盘
14:31:21	17.76	--	1	1776	卖盘
14:30:36	17.76	--	15	26640	买盘
14:30:24	17.76	-0.04	5	8880	中性盘
14:29:51	17.8	0.04	101	179780	买盘
14:29:45	17.76	-0.02	15	26640	卖盘
14:29:18	17.78	0.02	5	8890	买盘
14:29:06	17.76	-0.02	2	3552	卖盘
14:29:00	17.78	--	37	65786	卖盘
14:28:33	17.78	0.02	5	8890	买盘
14:28:21	17.76	0.01	20	35520	中性盘
14:27:48	17.75	--	7	12425	买盘
14:27:39	17.75	--	45	79875	买盘
14:27:36	17.75	0.01	100	177500	买盘
14:27:27	17.74	0.01	2	3547	买盘
14:27:24	17.73	-0.01	1	1773	卖盘
14:27:21	17.74	--	13	23061	卖盘
14:27:15	17.74	-0.01	8	14191	卖盘
14:27:12	17.75	0.02	132	234300	买盘
14:27:03	17.73	-0.01	163	288999	卖盘
14:26:54	17.74	--	29	51445	买盘
14:26:51	17.74	--	30	53219	买盘
14:26:45	17.74	--	50	88699	卖盘
14:26:27	17.74	--	96	170303	买盘
14:26:24	17.74	0.01	10	17740	买盘
14:26:21	17.73	-0.01	20	35460	卖盘
14:26:18	17.74	0.01	28	49671	买盘
14:26:15	17.73	-0.01	2	3546	卖盘
14:26:12	17.74	0.01	13	23061	买盘
14:25:48	17.73	--	16	28368	买盘
14:25:45	17.73	--	10	17730	买盘
14:25:39	17.73	--	5	8865	买盘
14:25:36	17.73	--	25	44325	卖盘
14:25:30	17.73	--	66	117018	卖盘
14:25:24	17.73	--	15	26595	卖盘
14:25:18	17.73	-0.01	12	21276	卖盘
14:25:06	17.74	--	20	35480	买盘
14:25:03	17.74	--	5	8870	买盘
14:24:51	17.74	--	104	184495	卖盘
14:24:48	17.74	--	1	1773	卖盘
14:24:45	17.74	-0.01	1	1773	卖盘
14:24:42	17.75	0.01	20	35500	买盘
14:24:39	17.74	--	1	1773	卖盘
14:24:36	17.74	--	1	1773	卖盘
14:24:27	17.74	--	5	8870	买盘
14:24:24	17.74	--	16	28383	卖盘
14:24:21	17.74	-0.01	10	17740	卖盘
14:24:12	17.75	--	26	46150	买盘
14:23:54	17.75	--	20	35500	买盘
14:23:51	17.75	-0.01	17	30175	卖盘
14:23:48	17.76	0.01	10	17760	买盘
14:23:45	17.75	--	7	12425	卖盘
14:23:33	17.75	--	9	15975	卖盘
14:23:27	17.75	--	1	1775	卖盘
14:23:24	17.75	0.01	5	8875	中性盘
14:23:15	17.74	-0.01	20	35480	卖盘
14:23:12	17.75	--	10	17750	卖盘
14:23:09	17.75	--	18	31950	卖盘
14:23:06	17.75	--	18	31950	卖盘
14:23:03	17.75	--	19	33725	卖盘
14:23:00	17.75	--	9	15975	卖盘
14:22:54	17.75	--	35	62125	卖盘
14:22:51	17.75	-0.01	32	56800	卖盘
14:22:36	17.76	-0.03	189	335664	卖盘
14:22:30	17.79	--	40	71160	买盘
14:22:27	17.79	0.01	9	16011	买盘
14:22:24	17.78	-0.01	7	12446	卖盘
14:22:21	17.79	0.01	5	8895	买盘
14:22:18	17.78	-0.01	9	16002	卖盘
14:22:00	17.79	--	4	7116	卖盘
14:21:57	17.79	-0.01	2	3558	卖盘
14:21:33	17.8	--	15	26700	卖盘
14:21:30	17.8	--	32	56960	卖盘
14:21:24	17.8	--	35	62300	卖盘
14:21:18	17.8	--	8	14240	卖盘
14:20:42	17.8	--	2	3560	卖盘
14:20:33	17.8	--	55	97900	卖盘
14:20:30	17.8	-0.01	1	1780	卖盘
14:20:27	17.81	--	7	12467	买盘
14:20:18	17.81	--	43	76583	卖盘
14:20:12	17.81	-0.01	7	12467	卖盘
14:20:06	17.82	0.01	2	3564	买盘
14:19:54	17.81	--	1	1780	卖盘
14:19:48	17.81	0.01	2	3561	中性盘
14:19:42	17.8	--	1	1780	卖盘
14:19:36	17.8	--	1	1780	卖盘
14:19:33	17.8	--	5	8900	卖盘
14:19:30	17.8	--	2	3560	卖盘
14:19:06	17.8	--	1	1780	卖盘
14:19:03	17.8	-0.01	15	26700	卖盘
14:18:57	17.81	0.01	3	5343	买盘
14:18:54	17.8	--	15	26700	卖盘
14:18:42	17.8	-0.01	2	3560	卖盘
14:18:39	17.81	0.01	10	17810	买盘
14:18:18	17.8	--	2	3560	卖盘
14:18:03	17.8	--	4	7120	卖盘
14:17:54	17.8	--	18	32040	卖盘
14:17:45	17.8	--	20	35600	卖盘
14:17:30	17.8	-0.01	13	23140	卖盘
14:17:24	17.81	--	88	156728	卖盘
14:17:12	17.81	--	15	26714	卖盘
14:17:09	17.81	--	39	69459	卖盘
14:16:54	17.81	--	7	12467	卖盘
14:16:42	17.81	--	4	7123	卖盘
14:16:30	17.81	--	18	32057	卖盘
14:16:18	17.81	--	40	71240	卖盘
14:16:15	17.81	-0.01	3	5343	卖盘
14:16:06	17.82	--	3	5346	买盘
14:15:57	17.82	--	4	7128	买盘
14:15:54	17.82	-0.01	10	17820	卖盘
14:15:48	17.83	0.01	1	1782	买盘
14:15:42	17.82	-0.01	7	12474	卖盘
14:15:18	17.83	--	5	8915	卖盘
14:15:12	17.83	--	20	35660	卖盘
14:15:00	17.83	--	20	35660	卖盘
14:14:54	17.83	--	1	1782	卖盘
14:14:51	17.83	--	6	10697	卖盘
14:14:42	17.83	0.01	58	103413	买盘
14:14:33	17.82	--	2	3564	卖盘
14:14:12	17.82	0.01	98	174636	买盘
14:14:06	17.81	-0.01	10	17810	卖盘
14:13:51	17.82	-0.01	2	3564	卖盘
14:13:48	17.83	0.01	100	178299	买盘
14:13:45	17.82	--	3	5346	卖盘
14:13:30	17.82	--	3	5346	买盘
14:13:27	17.82	--	18	32076	卖盘
14:13:15	17.82	--	5	8910	卖盘
14:13:03	17.82	--	10	17820	卖盘
14:12:45	17.82	-0.01	8	14256	卖盘
14:12:36	17.83	0.01	60	106979	买盘
14:12:18	17.82	--	1	1782	卖盘
14:12:15	17.82	--	39	69498	买盘
14:11:15	17.82	0.01	1	1782	中性盘
14:10:06	17.81	--	8	14247	卖盘
14:09:21	17.81	--	6	10686	卖盘
14:09:12	17.81	--	11	19591	卖盘
14:08:57	17.81	--	39	69459	卖盘
14:08:48	17.81	--	1	1780	卖盘
14:08:42	17.81	--	1	1780	卖盘
14:07:54	17.81	-0.01	40	71240	卖盘
14:07:27	17.82	0.01	1	1782	买盘
14:06:57	17.81	--	11	19591	买盘
14:06:54	17.81	0.01	3	5343	买盘
14:06:51	17.8	-0.01	10	17800	卖盘
14:06:36	17.81	--	16	28495	买盘
14:06:15	17.81	--	3	5343	买盘
14:06:09	17.81	-0.01	73	130012	卖盘
14:06:00	17.82	-0.02	9	16038	卖盘
14:05:48	17.84	0.01	17	30328	买盘
14:05:45	17.83	--	8	14263	卖盘
14:05:42	17.83	--	7	12480	卖盘
14:04:51	17.83	0.01	7	12480	买盘
14:04:33	17.82	0.01	10	17820	中性盘
14:04:15	17.81	-0.02	10	17810	卖盘
14:03:48	17.83	--	20	35660	买盘
14:03:27	17.83	--	32	57055	卖盘
14:03:09	17.83	--	32	57055	卖盘
14:02:54	17.83	-0.01	5	8915	卖盘
14:02:33	17.84	-0.01	12	21408	卖盘
14:02:09	17.85	--	1	1785	买盘
14:02:06	17.85	--	40	71400	买盘
14:01:48	17.85	--	9	16065	卖盘
14:01:42	17.85	--	1	1785	卖盘
14:01:27	17.85	-0.01	97	173145	卖盘
14:01:21	17.86	--	1	1786	买盘
14:01:15	17.86	--	7	12502	买盘
14:01:12	17.86	--	5	8930	买盘
14:01:06	17.86	--	14	25004	买盘
14:01:03	17.86	--	20	35720	买盘
14:00:51	17.86	--	13	23218	买盘
14:00:33	17.86	0.01	20	35720	买盘
14:00:15	17.85	--	6	10710	买盘
14:00:12	17.85	-0.01	17	30345	中性盘
14:00:00	17.86	0.01	17	30362	买盘
13:59:51	17.85	-0.01	2	3570	卖盘
13:59:48	17.86	0.01	3	5358	买盘
13:59:42	17.85	--	8	14280	中性盘
13:59:36	17.85	--	27	48195	卖盘
13:59:33	17.85	0.01	77	137445	买盘
13:59:30	17.84	-0.01	5	8920	卖盘
13:59:24	17.85	--	17	30345	买盘
13:59:09	17.85	0.01	5	8925	买盘
13:58:57	17.84	--	6	10704	买盘
13:58:33	17.84	--	10	17840	买盘
13:58:27	17.84	--	23	41032	买盘
13:58:24	17.84	--	7	12488	买盘
13:58:18	17.84	--	15	26760	买盘
13:58:00	17.84	--	4	7136	买盘
13:57:51	17.84	0.01	19	33896	买盘
13:57:45	17.83	--	10	17830	卖盘
13:57:39	17.83	0.03	35	62404	买盘
13:57:12	17.8	-0.02	130	231400	卖盘
13:57:09	17.82	0.01	30	53460	买盘
13:57:06	17.81	--	7	12467	卖盘
13:57:00	17.81	--	2	3561	中性盘
13:56:45	17.81	0.01	11	19591	中性盘
13:56:21	17.8	-0.02	90	160200	卖盘
13:56:00	17.82	0.02	5	8910	买盘
13:55:15	17.8	-0.02	9	16020	卖盘
13:55:00	17.82	0.01	60	106920	买盘
13:54:45	17.81	--	1	1780	卖盘
13:53:42	17.81	--	5	8905	卖盘
13:53:39	17.81	0.01	7	12467	买盘
13:53:33	17.8	--	2	3560	卖盘
13:53:18	17.8	0.02	10	17800	买盘
13:53:15	17.78	--	1	1778	卖盘
13:53:12	17.78	-0.02	1	1778	卖盘
13:53:06	17.8	--	5	8900	买盘
13:52:24	17.8	0.01	50	89000	买盘
13:51:54	17.79	--	1	1779	买盘
13:51:33	17.79	0.01	1	1779	买盘
13:51:15	17.78	0.01	29	51562	买盘
13:51:03	17.77	-0.01	6	10662	卖盘
13:50:51	17.78	0.02	1	1778	中性盘
13:50:30	17.76	0.01	11	19536	中性盘
13:49:51	17.75	-0.01	25	44375	卖盘
13:49:45	17.76	-0.02	45	79920	卖盘
13:49:30	17.78	-0.01	9	16002	卖盘
13:49:21	17.79	-0.01	14	24906	卖盘
13:49:03	17.8	0.01	3	5340	买盘
13:49:00	17.79	-0.01	10	17790	卖盘
13:48:39	17.8	--	2	3560	买盘
13:48:21	17.8	0.01	9	16020	买盘
13:48:12	17.79	--	2	3558	卖盘
13:47:48	17.79	--	11	19569	买盘
13:47:45	17.79	0.01	17	30243	买盘
13:47:42	17.78	-0.01	9	16002	卖盘
13:47:39	17.79	--	20	35580	买盘
13:47:18	17.79	0.01	7	12453	买盘
13:47:09	17.78	-0.01	13	23114	卖盘
13:47:03	17.79	--	10	17790	买盘
13:46:48	17.79	0.01	1	1779	买盘
13:46:45	17.78	-0.01	2	3556	中性盘
13:46:15	17.79	0.01	43	76497	买盘
13:46:09	17.78	0.01	10	17780	买盘
13:46:06	17.77	--	1	1777	卖盘
13:45:51	17.77	--	15	26655	买盘
13:45:30	17.77	-0.01	15	26655	卖盘
13:45:24	17.78	0.01	11	19558	买盘
13:45:21	17.77	--	2	3554	卖盘
13:45:00	17.77	-0.01	8	14216	卖盘
13:44:54	17.78	0.01	50	88900	买盘
13:44:48	17.77	--	10	17770	卖盘
13:44:36	17.77	--	2	3554	卖盘
13:44:33	17.77	0.01	1	1777	中性盘
13:44:30	17.76	-0.02	13	23088	卖盘
13:44:21	17.78	0.02	56	99568	买盘
13:44:15	17.76	0.01	4	7104	中性盘
13:44:06	17.75	--	23	40825	卖盘
13:43:57	17.75	-0.03	20	35500	卖盘
13:43:15	17.78	-0.02	1	1778	卖盘
13:43:00	17.8	0.05	2	3560	买盘
13:42:45	17.75	-0.04	5	8875	卖盘
13:42:15	17.79	0.04	6	10674	买盘
13:42:09	17.75	-0.02	225	399375	卖盘
13:41:57	17.77	-0.01	8	14216	卖盘
13:41:51	17.78	-0.01	337	599186	卖盘
13:41:45	17.79	--	1	1779	卖盘
13:41:18	17.79	--	3	5337	卖盘
13:41:06	17.79	-0.01	10	17790	卖盘
13:41:00	17.8	--	10	17800	买盘
13:40:48	17.8	--	22	39160	卖盘
13:40:36	17.8	--	6	10680	卖盘
13:40:30	17.8	--	8	14240	卖盘
13:40:15	17.8	--	18	32040	卖盘
13:39:57	17.8	--	10	17800	卖盘
13:39:30	17.8	-0.01	10	17800	卖盘
13:38:51	17.81	-0.01	22	39182	卖盘
13:38:39	17.82	0.01	10	17820	买盘
13:37:57	17.81	0.01	5	8905	中性盘
13:37:33	17.8	--	18	32040	卖盘
13:37:06	17.8	--	5	8900	卖盘
13:37:00	17.8	--	5	8900	卖盘
13:36:57	17.8	--	6	10680	卖盘
13:36:51	17.8	--	34	60520	卖盘
13:36:30	17.8	--	16	28480	卖盘
13:36:12	17.8	--	6	10680	卖盘
13:35:54	17.8	--	5	8900	卖盘
13:35:51	17.8	--	8	14240	卖盘
13:35:06	17.8	0.01	13	23140	买盘
13:35:00	17.79	-0.01	5	8895	卖盘
13:34:51	17.8	--	35	62300	买盘
13:34:15	17.8	--	12	21360	卖盘
13:34:12	17.8	-0.01	5	8900	卖盘
13:34:06	17.81	0.01	4	7123	中性盘
13:33:54	17.8	-0.02	73	129940	卖盘
13:33:45	17.82	--	7	12474	买盘
13:33:36	17.82	-0.03	5	8910	卖盘
13:33:06	17.85	--	20	35700	买盘
13:32:33	17.85	0.03	33	58905	买盘
13:32:30	17.82	-0.02	10	17820	卖盘
13:32:09	17.84	--	30	53520	卖盘
13:32:00	17.84	--	7	12488	卖盘
13:31:42	17.84	0.03	11	19624	买盘
13:30:00	17.81	--	30	53429	卖盘
13:28:42	17.81	--	30	53429	卖盘
13:28:18	17.81	-0.03	20	35620	卖盘
13:27:57	17.84	0.03	20	35680	买盘
13:27:39	17.81	--	164	292084	买盘
13:27:30	17.81	0.01	10	17810	买盘
13:27:06	17.8	-0.01	27	48060	卖盘
13:26:45	17.81	--	12	21372	买盘
13:26:39	17.81	--	3	5343	买盘
13:26:27	17.81	0.01	10	17810	买盘
13:26:09	17.8	0.02	17	30260	买盘
13:25:33	17.78	-0.02	2	3556	卖盘
13:25:21	17.8	--	4	7120	买盘
13:25:15	17.8	--	18	32040	卖盘
13:25:00	17.8	--	2	3560	买盘
13:24:48	17.8	-0.01	14	24920	卖盘
13:24:36	17.81	-0.02	109	194129	卖盘
13:24:27	17.83	--	30	53489	卖盘
13:24:21	17.83	-0.01	5	8915	卖盘
13:24:09	17.84	-0.01	39	69576	卖盘
13:23:57	17.85	--	18	32130	卖盘
13:23:51	17.85	--	56	99960	卖盘
13:23:48	17.85	--	17	30345	卖盘
13:23:45	17.85	--	11	19635	卖盘
13:23:42	17.85	--	30	53550	卖盘
13:23:36	17.85	--	10	17850	卖盘
13:23:30	17.85	--	311	555135	卖盘
13:23:21	17.85	--	49	87465	卖盘
13:23:18	17.85	--	20	35700	卖盘
13:23:09	17.85	-0.01	39	69615	卖盘
13:22:24	17.86	0.01	10	17860	中性盘
13:22:00	17.85	--	23	41055	卖盘
13:21:57	17.85	--	21	37485	卖盘
13:21:48	17.85	--	1	1785	卖盘
13:21:39	17.85	--	2	3570	卖盘
13:21:03	17.85	-0.02	33	58905	卖盘
13:20:51	17.87	--	1	1787	卖盘
13:20:48	17.87	0.01	63	112581	买盘
13:20:21	17.86	--	19	33934	买盘
13:19:54	17.86	--	34	60724	买盘
13:19:27	17.86	0.01	6	10716	买盘
13:19:24	17.85	--	16	28560	卖盘
13:19:21	17.85	--	70	124950	卖盘
13:18:42	17.85	--	6	11834	卖盘
13:18:39	17.85	--	110	196350	卖盘
13:18:36	17.85	--	5	8925	卖盘
13:18:06	17.85	--	15	26775	卖盘
13:18:03	17.85	--	8	14280	卖盘
13:18:00	17.85	--	30	53550	卖盘
13:17:54	17.85	--	50	89250	卖盘
13:17:36	17.85	--	29	51765	卖盘
13:17:33	17.85	--	3	5355	卖盘
13:17:24	17.85	--	9	16065	卖盘
13:17:18	17.85	--	3	5355	卖盘
13:17:12	17.85	--	10	17850	卖盘
13:17:00	17.85	--	1	1785	卖盘
13:16:54	17.85	--	10	17850	卖盘
13:16:45	17.85	--	9	16065	卖盘
13:16:30	17.85	-0.01	10	17850	卖盘
13:16:15	17.86	--	11	19646	买盘
13:15:57	17.86	--	33	58938	卖盘
13:15:18	17.86	--	1	1786	卖盘
13:14:57	17.86	--	14	25004	买盘
13:14:36	17.86	0.01	16	28576	买盘
13:14:21	17.85	--	57	101745	买盘
13:14:15	17.85	--	5	8925	买盘
13:14:09	17.85	--	24	42840	买盘
13:13:45	17.85	0.01	15	26775	买盘
13:13:42	17.84	--	12	21408	卖盘
13:12:54	17.84	-0.01	115	205160	卖盘
13:12:48	17.85	0.01	8	14280	买盘
13:11:57	17.84	0.01	3	5352	买盘
13:10:54	17.83	--	8	14263	卖盘
13:10:18	17.83	--	4	7131	卖盘
13:09:54	17.83	--	2	3565	卖盘
13:09:45	17.83	-0.01	20	35660	卖盘
13:09:33	17.84	0.01	9	16056	买盘
13:09:24	17.83	--	7	12480	卖盘
13:09:15	17.83	--	95	169384	卖盘
13:08:54	17.83	-0.01	2	3565	卖盘
13:08:21	17.84	0.01	10	17840	中性盘
13:07:48	17.83	-0.02	31	55272	卖盘
13:07:42	17.85	0.02	10	17850	买盘
13:07:36	17.83	--	5	8915	卖盘
13:07:27	17.83	--	3	5348	卖盘
13:07:06	17.83	--	10	17830	卖盘
13:06:51	17.83	--	11	19612	卖盘
13:06:27	17.83	--	30	53489	卖盘
13:06:18	17.83	-0.01	34	60621	卖盘
13:06:15	17.84	--	1	1784	买盘
13:06:12	17.84	--	1	1784	买盘
13:05:51	17.84	0.01	4	7136	买盘
13:05:45	17.83	-0.01	23	41008	卖盘
13:05:36	17.84	0.01	20	35680	买盘
13:05:00	17.83	-0.01	5	8915	卖盘
13:04:45	17.84	0.01	3	5352	买盘
13:04:24	17.83	0.01	17	30310	买盘
13:03:48	17.82	--	1	1782	卖盘
13:03:42	17.82	--	28	49896	买盘
13:03:27	17.82	--	10	17820	买盘
13:03:03	17.82	0.01	2	3564	买盘
13:01:09	17.81	--	6	10686	卖盘
13:01:03	17.81	0.01	2	3561	中性盘
13:01:00	17.8	--	3	5340	卖盘
13:00:48	17.8	--	6	10680	买盘
13:00:27	17.8	-0.01	10	17800	中性盘
13:00:18	17.81	0.01	1	1780	买盘
13:00:12	17.8	--	15	26700	买盘
13:00:06	17.8	--	52	92560	买盘
13:00:03	17.8	--	18	32040	买盘
13:00:00	17.8	--	0	0	买盘
11:30:00	17.8	--	0	0	买盘
11:28:45	17.8	0.04	2	3560	买盘
11:28:42	17.76	-0.02	15	26640	卖盘
11:27:51	17.78	0.02	7	12446	买盘
11:27:45	17.76	--	54	95904	买盘
11:27:39	17.76	--	20	35520	买盘
11:27:36	17.76	--	10	17760	买盘
11:27:24	17.76	--	49	87024	买盘
11:27:15	17.76	--	30	53280	买盘
11:26:51	17.76	-0.02	223	396048	卖盘
11:26:27	17.78	--	2	3556	中性盘
11:25:51	17.78	0.01	36	64008	买盘
11:25:48	17.77	-0.01	7	12439	卖盘
11:25:24	17.78	-0.02	12	21336	卖盘
11:25:12	17.8	0.02	5	8900	买盘
11:25:00	17.78	-0.02	1	1778	卖盘
11:24:42	17.8	0.02	7	12460	买盘
11:24:36	17.78	0.01	3	5334	中性盘
11:23:36	17.77	--	10	17770	卖盘
11:23:03	17.77	-0.01	20	35540	卖盘
11:23:00	17.78	--	3	5334	买盘
11:22:57	17.78	0.01	1	1778	买盘
11:22:45	17.77	--	8	14216	卖盘
11:22:33	17.77	0.01	1	1777	买盘
11:22:21	17.76	--	18	31968	卖盘
11:22:18	17.76	--	3	5328	卖盘
11:22:15	17.76	0.01	13	23088	买盘
11:22:12	17.75	-0.01	4	7100	卖盘
11:22:06	17.76	--	1	1776	买盘
11:22:00	17.76	--	30	53280	买盘
11:21:51	17.76	--	10	17760	买盘
11:21:48	17.76	--	3	5328	买盘
11:21:45	17.76	0.02	50	88800	买盘
11:21:39	17.74	-0.02	11	19514	卖盘
11:21:30	17.76	--	6	10656	买盘
11:21:21	17.76	0.02	5	8880	买盘
11:21:12	17.74	--	5	8870	卖盘
11:20:57	17.74	--	88	156112	买盘
11:20:54	17.74	--	20	35480	买盘
11:20:18	17.74	-0.02	64	113535	卖盘
11:20:12	17.76	--	4	7104	卖盘
11:19:48	17.76	--	22	39072	买盘
11:19:36	17.76	0.01	5	8880	买盘
11:19:33	17.75	--	5	8875	卖盘
11:19:27	17.75	-0.01	34	60350	卖盘
11:19:18	17.76	--	10	17760	买盘
11:19:12	17.76	--	7	12432	买盘
11:19:06	17.76	--	23	40848	买盘
11:18:42	17.76	--	174	309024	卖盘
11:18:30	17.76	--	93	165168	卖盘
11:18:27	17.76	--	2	3552	卖盘
11:18:12	17.76	-0.01	89	158064	卖盘
11:18:03	17.77	0.01	10	17770	买盘
11:17:48	17.76	--	3	5328	卖盘
11:17:42	17.76	-0.01	10	17760	卖盘
11:17:24	17.77	0.01	17	30209	买盘
11:17:21	17.76	--	13	23088	卖盘
11:17:12	17.76	--	320	568320	卖盘
11:17:06	17.76	--	49	87024	卖盘
11:16:57	17.76	--	93	165168	卖盘
11:16:45	17.76	-0.01	20	35520	卖盘
11:16:39	17.77	--	10	17770	买盘
11:16:27	17.77	--	128	227456	卖盘
11:16:24	17.77	--	71	126167	卖盘
11:15:57	17.77	--	10	17770	卖盘
11:15:00	17.77	--	1	1777	卖盘
11:14:57	17.77	--	20	35540	卖盘
11:14:36	17.77	-0.02	79	140383	卖盘
11:14:33	17.79	-0.01	6	10674	卖盘
11:14:27	17.8	0.01	10	17800	买盘
11:14:12	17.79	-0.01	22	39138	卖盘
11:13:45	17.8	-0.01	14	24920	卖盘
11:13:36	17.81	--	3	5343	买盘
11:13:15	17.81	--	7	12467	卖盘
11:13:09	17.81	-0.01	10	17810	卖盘
11:13:00	17.82	0.01	1	1782	中性盘
11:12:15	17.81	-0.01	8	14247	卖盘
11:11:39	17.82	-0.02	6	10692	卖盘
11:11:36	17.84	0.02	11	19624	买盘
11:11:21	17.82	--	10	17820	卖盘
11:11:06	17.82	--	46	81972	买盘
11:09:36	17.82	--	3	5346	买盘
11:08:57	17.82	--	10	17820	买盘
11:08:51	17.82	--	2	3564	买盘
11:08:36	17.82	0.02	20	35640	买盘
11:08:33	17.8	--	6	10680	买盘
11:08:21	17.8	--	1	1780	卖盘
11:08:18	17.8	-0.02	2	3560	卖盘
11:08:12	17.82	0.02	5	8910	买盘
11:07:54	17.8	0.01	5	8900	中性盘
11:07:48	17.79	--	27	48033	卖盘
11:07:39	17.79	-0.03	12	21348	卖盘
11:07:21	17.82	0.03	6	10692	买盘
11:06:36	17.79	--	9	16011	卖盘
11:05:54	17.79	0.01	9	16011	买盘
11:05:48	17.78	--	10	17780	卖盘
11:05:36	17.78	-0.02	2	3556	卖盘
11:05:21	17.8	--	4	7120	卖盘
11:04:54	17.8	0.03	21	37380	买盘
11:04:42	17.77	-0.02	2	3554	卖盘
11:04:24	17.79	-0.02	2	3558	中性盘
11:04:00	17.81	0.02	12	21372	买盘
11:03:57	17.79	--	98	174342	买盘
11:03:42	17.79	--	40	71160	买盘
11:03:36	17.79	0.02	6	10674	买盘
11:03:24	17.77	--	2	3554	卖盘
11:03:12	17.77	-0.02	5	8885	卖盘
11:02:51	17.79	--	11	19569	卖盘
11:02:27	17.79	--	2	3558	卖盘
11:02:18	17.79	--	192	341568	买盘
11:02:00	17.79	--	2	3558	买盘
11:01:48	17.79	--	1	1779	买盘
11:01:45	17.79	--	46	81834	买盘
11:01:18	17.79	0.01	25	44475	买盘
11:01:06	17.78	0.02	20	35560	买盘
11:00:54	17.76	-0.02	9	15984	中性盘
11:00:33	17.78	-0.01	20	35560	卖盘
11:00:15	17.79	-0.02	21	37359	卖盘
11:00:00	17.81	-0.01	15	26714	卖盘
10:59:42	17.82	--	1	1782	卖盘
10:59:36	17.82	--	38	67716	卖盘
10:59:24	17.82	-0.01	4	7128	中性盘
10:58:36	17.83	--	2	3565	买盘
10:58:06	17.83	--	48	85583	卖盘
10:57:57	17.83	--	3	5348	卖盘
10:57:54	17.83	--	43	76668	卖盘
10:57:33	17.83	--	17	30310	卖盘
10:57:21	17.83	-0.01	25	44574	卖盘
10:57:15	17.84	0.01	1	1784	买盘
10:57:09	17.83	--	10	17830	卖盘
10:57:06	17.83	--	22	39225	卖盘
10:56:39	17.83	--	34	60621	卖盘
10:56:30	17.83	--	3	5348	卖盘
10:56:15	17.83	--	5	8915	卖盘
10:56:09	17.83	--	9	16046	卖盘
10:56:03	17.83	-0.01	6	10697	卖盘
10:55:42	17.84	0.01	7	12488	买盘
10:55:33	17.83	-0.01	28	49923	卖盘
10:54:51	17.84	0.01	23	41032	买盘
10:54:48	17.83	--	1	1782	卖盘
10:54:45	17.83	--	51	90932	卖盘
10:54:42	17.83	--	1	1782	卖盘
10:54:36	17.83	--	38	67754	卖盘
10:54:21	17.83	--	48	85583	买盘
10:54:18	17.83	--	1	1782	买盘
10:54:09	17.83	-0.01	1	1782	卖盘
10:53:54	17.84	--	9	16056	卖盘
10:53:51	17.84	-0.01	10	17840	卖盘
10:53:48	17.85	0.01	1	1785	买盘
10:53:45	17.84	-0.01	20	35680	卖盘
10:53:36	17.85	0.01	2	3570	买盘
10:53:21	17.84	-0.01	1	1784	卖盘
10:53:18	17.85	0.01	8	14280	买盘
10:53:12	17.84	--	3	5352	卖盘
10:53:00	17.84	--	7	12488	买盘
10:52:51	17.84	--	1	1784	买盘
10:52:48	17.84	--	3	5352	买盘
10:52:33	17.84	--	9	16056	买盘
10:52:24	17.84	--	10	17840	买盘
10:52:21	17.84	0.01	10	17840	买盘
10:51:57	17.83	--	11	19612	买盘
10:51:42	17.83	--	7	12480	买盘
10:51:33	17.83	0.01	2	3565	买盘
10:51:18	17.82	0.01	5	8910	中性盘
10:50:18	17.81	--	15	26714	买盘
10:50:09	17.81	--	8	14247	买盘
10:50:00	17.81	0.01	14	24934	买盘
10:49:51	17.8	--	10	17800	买盘
10:49:30	17.8	0.01	3	5340	买盘
10:49:18	17.79	--	7	12453	买盘
10:48:48	17.79	--	5	8895	买盘
10:48:45	17.79	--	5	8895	买盘
10:48:42	17.79	--	7	12453	卖盘
10:48:30	17.79	--	3	5337	买盘
10:48:21	17.79	--	8	14232	买盘
10:47:54	17.79	0.01	9	16011	买盘
10:47:39	17.78	--	4	7112	卖盘
10:47:27	17.78	--	2	3556	卖盘
10:47:09	17.78	--	3	5334	买盘
10:47:06	17.78	--	1	1778	买盘
10:47:00	17.78	--	3	5334	买盘
10:46:57	17.78	--	1	1778	买盘
10:46:42	17.78	0.01	5	8890	买盘
10:45:54	17.77	--	5	8885	买盘
10:45:45	17.77	--	6	10662	中性盘
10:44:36	17.77	--	3	5331	卖盘
10:44:33	17.77	0.01	1	1777	买盘
10:43:54	17.76	--	3	5328	买盘
10:43:36	17.76	--	10	17760	买盘
10:43:27	17.76	0.02	1	1776	买盘
10:42:42	17.74	--	17	30157	买盘
10:42:33	17.74	0.01	16	28383	买盘
10:42:00	17.73	0.01	4	7092	买盘
10:41:57	17.72	-0.01	51	90372	卖盘
10:41:54	17.73	0.01	6	10638	买盘
10:41:39	17.72	--	6	12049	买盘
10:41:36	17.72	0.01	1	1772	买盘
10:41:33	17.71	--	9	15939	卖盘
10:41:30	17.71	-0.01	9	15939	卖盘
10:41:27	17.72	0.01	6	10632	买盘
10:40:54	17.71	-0.01	4	7084	卖盘
10:40:51	17.72	--	3	5316	买盘
10:40:45	17.72	-0.01	96	170466	卖盘
10:40:42	17.73	0.01	22	39006	买盘
10:40:36	17.72	--	3	5316	卖盘
10:40:18	17.72	--	15	26580	卖盘
10:40:06	17.72	-0.01	10	17720	卖盘
10:40:00	17.73	0.01	3	5319	中性盘
10:39:54	17.72	--	19	33668	卖盘
10:39:36	17.72	--	36	63791	卖盘
10:39:06	17.72	-0.02	3	5316	卖盘
10:38:36	17.74	0.02	21	37254	买盘
10:38:30	17.72	0.01	6	12049	买盘
10:38:24	17.71	-0.01	20	35420	卖盘
10:38:21	17.72	0.01	6	10632	买盘
10:38:15	17.71	-0.01	1	1771	卖盘
10:38:12	17.72	0.01	3	5316	买盘
10:38:03	17.71	--	16	28336	卖盘
10:37:57	17.71	--	100	177100	卖盘
10:37:54	17.71	-0.01	2	3542	卖盘
10:37:51	17.72	0.01	6	10632	买盘
10:37:24	17.71	-0.01	7	12397	卖盘
10:37:03	17.72	-0.02	119	211222	卖盘
10:36:54	17.74	--	2	3547	买盘
10:36:45	17.74	--	10	17740	买盘
10:36:36	17.74	--	5	8870	卖盘
10:36:30	17.74	--	10	17740	卖盘
10:36:27	17.74	--	50	88699	卖盘
10:36:09	17.74	-0.01	1	1773	卖盘
10:35:54	17.75	--	12	21300	卖盘
10:35:51	17.75	--	26	46150	卖盘
10:35:39	17.75	-0.01	1	1775	卖盘
10:35:30	17.76	--	1	1776	卖盘
10:35:15	17.76	0.01	4	7104	卖盘
10:34:45	17.75	--	1	1775	卖盘
10:34:42	17.75	--	2	3550	卖盘
10:34:27	17.75	--	15	26625	卖盘
10:34:09	17.75	-0.02	5	8875	卖盘
10:33:48	17.77	--	1	1777	卖盘
10:33:30	17.77	--	1	1777	卖盘
10:33:09	17.77	0.02	98	174146	买盘
10:32:51	17.75	-0.01	27	47925	卖盘
10:32:45	17.76	--	36	63936	卖盘
10:32:36	17.76	-0.01	6	10656	卖盘
10:32:33	17.77	0.01	5	8885	买盘
10:32:30	17.76	-0.01	5	8880	卖盘
10:31:57	17.77	0.01	5	8885	买盘
10:31:42	17.76	-0.01	12	21312	卖盘
10:31:30	17.77	0.01	15	26655	买盘
10:31:06	17.76	--	4	7104	中性盘
10:30:03	17.76	--	1	1776	买盘
10:29:54	17.76	--	6	10656	买盘
10:29:39	17.76	0.01	20	35520	中性盘
10:29:21	17.75	--	4	7100	卖盘
10:29:12	17.75	-0.02	20	35500	卖盘
10:28:54	17.77	0.02	4	7108	中性盘
10:27:30	17.75	--	3	5325	中性盘
10:27:09	17.75	--	11	19525	买盘
10:26:42	17.75	0.01	25	44375	买盘
10:26:39	17.74	-0.01	4	7095	卖盘
10:26:18	17.75	--	1	1775	买盘
10:26:03	17.75	-0.01	52	92300	卖盘
10:26:00	17.76	--	26	46176	卖盘
10:25:54	17.76	0.01	10	17760	买盘
10:25:42	17.75	--	12	21300	买盘
10:25:39	17.75	0.01	28	49700	买盘
10:25:30	17.74	--	2	3547	卖盘
10:25:24	17.74	0.01	14	24835	买盘
10:24:36	17.73	--	2	4964	买盘
10:24:33	17.73	--	5	8865	买盘
10:24:30	17.73	--	2	3546	买盘
10:24:27	17.73	--	20	35460	买盘
10:24:18	17.73	0.01	12	21630	卖盘
10:24:15	17.72	--	7	13821	买盘
10:24:12	17.72	--	15	26580	买盘
10:24:06	17.72	--	14	24808	买盘
10:24:03	17.72	-0.02	63	111990	卖盘
10:24:00	17.74	0.02	3	5321	买盘
10:23:45	17.72	--	1	1772	卖盘
10:23:36	17.72	-0.01	13	23036	卖盘
10:23:30	17.73	-0.01	1	1773	中性盘
10:22:42	17.74	0.02	18	33351	买盘
10:22:39	17.72	0.01	18	31895	买盘
10:22:30	17.71	-0.01	40	70840	卖盘
10:22:27	17.72	--	2	3544	买盘
10:22:18	17.72	-0.02	172	306183	卖盘
10:22:06	17.74	--	10	17740	买盘
10:21:45	17.74	--	3	5321	买盘
10:21:42	17.74	--	5	8870	买盘
10:21:18	17.74	0.01	2	3547	买盘
10:21:15	17.73	--	17	30141	卖盘
10:21:03	17.73	-0.01	8	14184	卖盘
10:20:54	17.74	--	13	23061	买盘
10:20:18	17.74	-0.01	27	47897	卖盘
10:20:09	17.75	--	4	7100	卖盘
10:19:57	17.75	--	10	17750	卖盘
10:19:45	17.75	--	1	1775	卖盘
10:19:18	17.75	0.01	2	3550	中性盘
10:19:09	17.74	--	1	1773	买盘
10:18:48	17.74	--	1	1773	买盘
10:18:42	17.74	--	3	5321	卖盘
10:18:21	17.74	-0.01	3	5321	卖盘
10:18:03	17.75	-0.03	10	17750	卖盘
10:17:36	17.78	--	3	5334	买盘
10:17:33	17.78	--	2	3556	买盘
10:17:30	17.78	-0.01	2	3556	卖盘
10:17:24	17.79	--	1	1779	买盘
10:17:12	17.79	--	17	30243	卖盘
10:17:09	17.79	-0.01	5	8895	卖盘
10:16:45	17.8	0.01	2	3560	买盘
10:16:30	17.79	0.06	23	40917	买盘
10:16:18	17.73	-0.05	327	579771	卖盘
10:16:00	17.78	-0.01	8	14224	卖盘
10:15:54	17.79	--	6	10674	买盘
10:15:24	17.79	--	10	17790	买盘
10:14:57	17.79	0.01	2	3558	买盘
10:14:54	17.78	--	34	60825	买盘
10:14:51	17.78	0.02	10	17780	买盘
10:14:42	17.76	-0.02	5	8880	卖盘
10:14:36	17.78	--	1	1778	买盘
10:14:12	17.78	0.03	7	12446	买盘
10:13:21	17.75	--	23	40825	买盘
10:13:15	17.75	--	10	17750	买盘
10:13:09	17.75	--	17	30175	买盘
10:13:03	17.75	--	1	1775	买盘
10:12:45	17.75	-0.03	35	62125	卖盘
10:12:33	17.78	0.03	18	32004	买盘
10:12:27	17.75	--	1	1775	卖盘
10:12:24	17.75	--	3	5325	卖盘
10:12:21	17.75	--	20	35500	卖盘
10:12:12	17.75	-0.03	1	1775	卖盘
10:12:06	17.78	0.03	2	3556	买盘
10:12:03	17.75	--	2	3550	卖盘
10:11:57	17.75	--	17	30175	买盘
10:11:45	17.75	0.01	23	40825	买盘
10:11:39	17.74	0.01	4	7095	中性盘
10:11:24	17.73	-0.01	10	17730	卖盘
10:11:18	17.74	0.01	1	1773	中性盘
10:10:45	17.73	-0.01	15	26595	卖盘
10:10:42	17.74	--	8	14191	卖盘
10:10:36	17.74	--	10	17740	卖盘
10:10:27	17.74	--	3	5321	卖盘
10:10:21	17.74	-0.04	10	17740	卖盘
10:10:12	17.78	--	7	12446	买盘
10:10:09	17.78	--	45	81414	卖盘
10:09:51	17.78	--	5	8890	卖盘
10:09:48	17.78	-0.01	8	14224	卖盘
10:09:39	17.79	0.01	56	99624	买盘
10:09:15	17.78	--	10	17780	卖盘
10:09:09	17.78	--	3	5334	卖盘
10:08:51	17.78	--	3	5334	卖盘
10:08:48	17.78	--	1	2151	买盘
10:08:45	17.78	--	5	8890	买盘
10:08:30	17.78	0.04	4	7112	买盘
10:08:24	17.74	0.01	10	17740	中性盘
10:07:57	17.73	--	10	17730	中性盘
10:07:12	17.73	0.02	11	19503	买盘
10:07:03	17.71	0.01	2	3542	买盘
10:06:54	17.7	-0.01	50	88500	卖盘
10:06:51	17.71	--	13	23023	买盘
10:06:48	17.71	--	12	21252	买盘
10:06:42	17.71	--	10	17710	买盘
10:06:39	17.71	--	3	5313	买盘
10:06:36	17.71	-0.02	137	242627	卖盘
10:06:33	17.73	0.01	3	5319	买盘
10:06:27	17.72	-0.01	14	24808	卖盘
10:06:15	17.73	0.01	5	8865	买盘
10:06:06	17.72	-0.01	1	1772	卖盘
10:06:03	17.73	-0.01	118	209214	卖盘
10:05:51	17.74	-0.01	3	5321	卖盘
10:05:36	17.75	--	3	5325	买盘
10:05:30	17.75	-0.02	29	51475	卖盘
10:05:27	17.77	0.01	10	17770	买盘
10:05:24	17.76	-0.01	49	87024	卖盘
10:05:21	17.77	0.01	1	1777	买盘
10:05:18	17.76	-0.01	51	90576	卖盘
10:05:15	17.77	--	20	35540	买盘
10:05:12	17.77	0.01	25	44425	买盘
10:05:06	17.76	-0.01	2	3552	卖盘
10:04:39	17.77	--	38	67526	卖盘
10:04:36	17.77	--	1	1777	卖盘
10:04:33	17.77	--	3	5331	卖盘
10:04:18	17.77	-0.02	2	3554	中性盘
10:03:54	17.79	0.03	8	14232	买盘
10:03:51	17.76	--	11	19536	卖盘
10:03:33	17.76	-0.03	2	3552	卖盘
10:03:21	17.79	--	4	7116	买盘
10:03:03	17.79	--	5	8895	买盘
10:03:00	17.79	--	10	17790	买盘
10:02:57	17.79	--	1	1779	买盘
10:02:54	17.79	--	26	46254	买盘
10:02:36	17.79	-0.01	15	26685	卖盘
10:02:33	17.8	--	6	10680	买盘
10:02:27	17.8	0.01	19	33820	买盘
10:02:24	17.79	--	7	12453	卖盘
10:02:18	17.79	-0.01	9	16011	卖盘
10:02:12	17.8	0.01	3	5340	买盘
10:02:09	17.79	--	10	17790	卖盘
10:02:06	17.79	-0.01	2	3558	卖盘
10:02:03	17.8	0.01	5	8900	买盘
10:01:57	17.79	0.06	10	17790	买盘
10:01:54	17.73	--	7	12411	卖盘
10:01:42	17.73	--	9	15957	卖盘
10:01:39	17.73	--	1	1773	卖盘
10:01:36	17.73	--	39	69147	买盘
10:01:33	17.73	--	2	3546	买盘
10:01:30	17.73	--	5	8865	买盘
10:01:27	17.73	0.01	20	35460	买盘
10:01:24	17.72	-0.01	10	17720	卖盘
10:01:21	17.73	--	1	1773	买盘
10:01:18	17.73	--	18	31914	卖盘
10:01:15	17.73	-0.01	2	3546	卖盘
10:01:03	17.74	-0.06	3	5321	卖盘
10:00:57	17.8	--	6	10680	卖盘
10:00:48	17.8	--	10	17800	卖盘
10:00:45	17.8	--	4	7120	卖盘
10:00:39	17.8	-0.02	1	1780	卖盘
10:00:24	17.82	--	2	3564	卖盘
10:00:15	17.82	-0.01	60	106920	卖盘
10:00:03	17.83	-0.01	80	142640	卖盘
10:00:00	17.84	-0.01	28	49952	卖盘
09:59:39	17.85	-0.01	39	69615	卖盘
09:59:36	17.86	--	10	17860	中性盘
09:59:03	17.86	--	2	3572	买盘
09:58:57	17.86	-0.01	63	112518	卖盘
09:58:42	17.87	--	9	16083	卖盘
09:58:27	17.87	0.02	3	5361	中性盘
09:57:57	17.85	--	14	24990	买盘
09:57:54	17.85	0.01	22	39270	买盘
09:57:45	17.84	--	20	35680	买盘
09:57:39	17.84	--	25	44600	买盘
09:57:24	17.84	--	1	1784	买盘
09:57:21	17.84	--	1	1784	买盘
09:57:09	17.84	-0.01	4	7136	卖盘
09:57:03	17.85	0.01	22	39270	买盘
09:57:00	17.84	-0.01	24	42816	卖盘
09:56:54	17.85	--	20	35700	买盘
09:56:45	17.85	--	5	8925	买盘
09:56:42	17.85	-0.01	112	199920	卖盘
09:56:36	17.86	--	21	37506	卖盘
09:56:33	17.86	-0.01	2	3572	卖盘
09:56:09	17.87	--	10	17870	买盘
09:56:06	17.87	--	28	50036	卖盘
09:56:03	17.87	-0.01	2	3574	卖盘
09:56:00	17.88	0.01	20	35760	买盘
09:55:33	17.87	--	10	17870	卖盘
09:55:18	17.87	-0.01	2	3574	卖盘
09:55:12	17.88	--	13	23244	买盘
09:54:57	17.88	-0.01	26	46488	卖盘
09:54:54	17.89	--	3	5367	买盘
09:54:51	17.89	0.02	9	16101	买盘
09:54:36	17.87	--	12	21444	买盘
09:54:27	17.87	-0.01	38	67906	卖盘
09:54:12	17.88	-0.01	11	19668	卖盘
09:54:00	17.89	0.01	6	10734	买盘
09:53:48	17.88	--	9	16092	卖盘
09:53:42	17.88	--	10	17880	卖盘
09:53:33	17.88	-0.01	2	3576	卖盘
09:53:30	17.89	-0.01	34	60826	卖盘
09:53:24	17.9	--	7	12529	买盘
09:53:21	17.9	--	3	5370	买盘
09:53:18	17.9	--	5	8950	卖盘
09:53:09	17.9	--	10	17900	卖盘
09:53:06	17.9	-0.01	27	48329	卖盘
09:53:00	17.91	0.01	1	1791	买盘
09:52:54	17.9	--	21	37590	卖盘
09:52:51	17.9	--	10	17900	卖盘
09:52:42	17.9	--	20	35800	卖盘
09:52:27	17.9	-0.01	10	17900	卖盘
09:52:09	17.91	--	67	119997	卖盘
09:52:06	17.91	--	24	42984	卖盘
09:52:03	17.91	--	1	1791	卖盘
09:51:54	17.91	0.01	15	26865	买盘
09:51:48	17.9	--	26	46539	卖盘
09:51:42	17.9	--	1	1789	卖盘
09:51:39	17.9	--	10	17900	卖盘
09:51:33	17.9	-0.02	7	12529	卖盘
09:51:09	17.92	0.01	14	25088	买盘
09:51:03	17.91	-0.01	40	71640	卖盘
09:51:00	17.92	--	1	1792	买盘
09:50:51	17.92	--	4	7168	买盘
09:50:48	17.92	-0.04	17	30464	卖盘
09:50:27	17.96	--	1	1796	卖盘
09:50:24	17.96	--	6	10776	买盘
09:50:15	17.96	-0.01	1	1796	中性盘
09:49:18	17.97	--	1	1797	买盘
09:49:00	17.97	0.01	20	35940	买盘
09:48:51	17.96	0.01	5	8980	买盘
09:48:39	17.95	--	6	10770	买盘
09:48:30	17.95	--	3	5385	买盘
09:48:27	17.95	0.01	20	35900	买盘
09:48:24	17.94	--	10	17940	卖盘
09:48:15	17.94	0.01	14	25116	卖盘
09:48:12	17.93	--	7	12551	买盘
09:48:09	17.93	-0.01	13	23309	卖盘
09:48:06	17.94	--	7	12558	买盘
09:47:51	17.94	-0.01	5	8970	买盘
09:47:45	17.95	--	3	5385	买盘
09:47:06	17.95	--	1	1795	买盘
09:46:54	17.95	--	21	37695	卖盘
09:46:48	17.95	-0.03	5	8975	卖盘
09:46:42	17.98	--	1	1798	买盘
09:46:12	17.98	--	9	16182	卖盘
09:46:09	17.98	-0.01	2	3596	卖盘
09:46:06	17.99	0.01	10	17990	买盘
09:46:03	17.98	-0.01	3	5394	卖盘
09:46:00	17.99	--	8	14391	买盘
09:45:45	17.99	--	7	12592	买盘
09:45:36	17.99	--	11	19789	买盘
09:45:33	17.99	--	38	68362	卖盘
09:45:27	17.99	--	10	17990	卖盘
09:45:21	17.99	--	3	5396	卖盘
09:45:18	17.99	0.01	58	104341	买盘
09:45:15	17.98	--	30	53940	卖盘
09:45:12	17.98	--	26	46748	卖盘
09:45:00	17.98	--	3	5394	卖盘
09:44:57	17.98	0.01	72	129456	买盘
09:44:54	17.97	-0.01	14	25158	卖盘
09:44:45	17.98	--	2	3596	买盘
09:44:42	17.98	-0.01	48	86304	卖盘
09:44:39	17.99	0.01	24	43175	买盘
09:44:33	17.98	-0.01	21	37758	卖盘
09:44:30	17.99	0.01	1	1798	买盘
09:44:27	17.98	--	105	188790	卖盘
09:44:21	17.98	--	12	21576	买盘
09:44:18	17.98	--	3	5394	买盘
09:44:15	17.98	--	2	3596	买盘
09:44:12	17.98	--	1	1798	买盘
09:44:09	17.98	--	21	37758	买盘
09:44:06	17.98	--	21	37758	卖盘
09:44:03	17.98	0.01	40	71920	买盘
09:44:00	17.97	--	1	1797	卖盘
09:43:54	17.97	--	20	35940	买盘
09:43:51	17.97	--	7	12579	买盘
09:43:33	17.97	--	11	19767	买盘
09:43:30	17.97	--	3	5391	买盘
09:43:27	17.97	--	21	37737	买盘
09:43:21	17.97	--	2	3594	买盘
09:43:18	17.97	--	3	5391	买盘
09:43:15	17.97	--	3	5391	买盘
09:43:03	17.97	0.04	8	14376	买盘
09:43:00	17.93	--	6	10758	买盘
09:42:57	17.93	0.01	5	8965	买盘
09:42:51	17.92	-0.03	20	35840	卖盘
09:42:48	17.95	--	45	80775	买盘
09:42:45	17.95	0.03	5	8975	买盘
09:42:42	17.92	-0.03	23	41216	卖盘
09:42:39	17.95	--	73	131035	卖盘
09:42:30	17.95	0.03	27	48465	买盘
09:42:27	17.92	-0.01	20	35840	卖盘
09:42:18	17.93	0.01	8	14344	买盘
09:42:15	17.92	-0.01	8	14336	卖盘
09:42:09	17.93	--	16	28688	买盘
09:42:06	17.93	--	9	16137	买盘
09:41:57	17.93	--	5	8965	买盘
09:41:48	17.93	0.01	10	17930	买盘
09:41:45	17.92	--	16	28672	卖盘
09:41:39	17.92	--	3	5376	卖盘
09:41:33	17.92	0.01	11	19712	买盘
09:41:27	17.91	-0.01	24	42984	卖盘
09:41:21	17.92	0.01	24	43008	买盘
09:41:15	17.91	-0.01	20	35820	卖盘
09:41:12	17.92	0.01	10	17920	买盘
09:41:09	17.91	--	3	5373	卖盘
09:41:06	17.91	--	9	16119	买盘
09:41:00	17.91	0.01	5	8955	买盘
09:40:48	17.9	--	4	7159	买盘
09:40:39	17.9	0.01	2	3579	买盘
09:40:21	17.89	--	2	3578	买盘
09:40:03	17.89	-0.01	2	3578	卖盘
09:39:42	17.9	-0.01	27	48329	卖盘
09:39:39	17.91	0.01	11	19701	中性盘
09:39:36	17.9	--	5	8950	卖盘
09:39:27	17.9	-0.04	1	1789	卖盘
09:39:09	17.94	-0.01	20	35880	中性盘
09:38:54	17.95	0.05	23	41285	买盘
09:38:51	17.9	-0.05	10	17900	中性盘
09:38:36	17.95	0.07	5	8975	买盘
09:38:24	17.88	-0.01	3	5364	卖盘
09:38:21	17.89	--	2	3578	卖盘
09:38:18	17.89	0.02	81	144909	买盘
09:38:12	17.87	--	5	8935	卖盘
09:38:03	17.87	--	1	1787	买盘
09:37:57	17.87	--	3	5361	卖盘
09:37:45	17.87	-0.02	7	12509	卖盘
09:37:42	17.89	0.01	2	3578	买盘
09:37:33	17.88	0.02	15	26820	买盘
09:37:21	17.86	--	6	10716	卖盘
09:37:18	17.86	--	1	1786	卖盘
09:37:09	17.86	-0.02	5	8930	卖盘
09:36:48	17.88	--	2	3576	卖盘
09:36:45	17.88	--	1	1788	卖盘
09:36:39	17.88	-0.01	16	28608	卖盘
09:36:30	17.89	0.01	2	3578	买盘
09:36:09	17.88	0.02	33	59004	买盘
09:36:03	17.86	0.01	2	3572	中性盘
09:35:54	17.85	--	2	3570	卖盘
09:35:42	17.85	--	3	5355	卖盘
09:35:33	17.85	-0.03	1	1785	卖盘
09:35:30	17.88	--	4	7152	买盘
09:35:27	17.88	--	3	5364	买盘
09:35:15	17.88	--	9	16092	买盘
09:35:06	17.88	--	18	32184	卖盘
09:34:51	17.88	--	10	17880	卖盘
09:34:48	17.88	0.01	20	35760	买盘
09:34:45	17.87	--	4	7148	卖盘
09:34:36	17.87	--	2	3574	卖盘
09:34:30	17.87	--	1	1787	卖盘
09:34:24	17.87	--	2	3574	卖盘
09:34:12	17.87	-0.01	13	23231	卖盘
09:33:54	17.88	--	7	12516	买盘
09:33:51	17.88	0.01	8	14304	买盘
09:33:33	17.87	0.03	7	12509	买盘
09:33:24	17.84	-0.03	4	7136	卖盘
09:33:15	17.87	0.03	1	1787	买盘
09:33:12	17.84	-0.03	4	7136	卖盘
09:33:00	17.87	0.03	50	89350	买盘
09:32:48	17.84	-0.01	21	37464	卖盘
09:32:45	17.85	0.01	1	1785	买盘
09:32:39	17.84	-0.01	10	17840	中性盘
09:32:24	17.85	0.03	6	10710	中性盘
09:31:24	17.82	-0.08	10	17820	卖盘
09:31:03	17.9	--	8	14319	买盘
09:30:54	17.9	--	11	19690	卖盘
09:30:51	17.9	--	1	1789	卖盘
09:30:48	17.9	--	16	28639	卖盘
09:30:06	17.9	0.08	12	21480	买盘
09:30:03	17.82	--	56	99792	卖盘
09:30:00	17.82	--	0	0	卖盘
09:25:03	17.82	17.82	59	105138	买盘
