成交时间	成交价	价格变动	成交量(手)	成交额(元)	性质
15:00:03	26.49	-0.01	184	488661	卖盘
14:57:00	26.5	--	0	0	买盘
14:56:57	26.5	--	1	2650	买盘
14:56:54	26.5	--	5	13250	买盘
14:56:48	26.5	0.01	4	10600	买盘
14:56:45	26.49	--	23	62330	买盘
14:56:36	26.49	--	9	23841	卖盘
14:56:27	26.49	--	18	47682	买盘
14:56:24	26.49	--	8	21192	买盘
14:56:21	26.49	--	1	2649	买盘
14:56:09	26.49	0.06	5	13245	买盘
14:56:00	26.43	-0.06	3	7929	中性盘
14:55:45	26.49	0.08	6	15893	买盘
14:55:30	26.41	-0.01	7	18487	卖盘
14:55:21	26.42	--	2	5284	买盘
14:55:15	26.42	0.01	6	15852	中性盘
14:54:48	26.41	-0.01	199	525559	卖盘
14:54:42	26.42	--	12	31704	买盘
14:54:36	26.42	--	10	26420	买盘
14:54:33	26.42	--	3	7926	买盘
14:54:30	26.42	--	3	7926	买盘
14:54:24	26.42	--	8	21136	卖盘
14:54:09	26.42	--	8	21136	买盘
14:54:06	26.42	-0.03	4	10568	卖盘
14:53:54	26.45	--	3	7935	中性盘
14:53:39	26.45	-0.05	1	2645	中性盘
14:53:30	26.5	0.1	197	522050	买盘
14:53:21	26.4	--	8	21120	卖盘
14:53:15	26.4	-0.02	15	39600	卖盘
14:53:12	26.42	--	2	5284	买盘
14:53:09	26.42	--	56	147952	买盘
14:53:03	26.42	--	7	18494	买盘
14:52:51	26.42	0.02	30	79260	买盘
14:52:39	26.4	-0.02	24	63360	卖盘
14:52:27	26.42	--	39	103038	买盘
14:52:21	26.42	--	20	52840	卖盘
14:52:06	26.42	0.01	4	10568	买盘
14:52:00	26.41	-0.01	14	36974	卖盘
14:51:54	26.42	--	4	10568	买盘
14:51:42	26.42	-0.05	1	2642	中性盘
14:51:27	26.47	--	14	37058	买盘
14:51:24	26.47	--	3	7941	卖盘
14:51:15	26.47	--	3	7941	买盘
14:51:09	26.47	--	8	21176	买盘
14:50:48	26.47	0.07	1	2647	买盘
14:50:45	26.4	-0.08	30	79200	卖盘
14:50:39	26.48	0.06	6	15888	买盘
14:50:27	26.42	--	2	5284	买盘
14:50:21	26.42	--	19	50198	买盘
14:50:18	26.42	--	8	21136	卖盘
14:50:12	26.42	--	5	13210	买盘
14:50:06	26.42	-0.08	10	26420	卖盘
14:50:00	26.5	0.05	239	633350	买盘
14:49:39	26.45	--	1	2645	买盘
14:49:18	26.45	0.04	1	2645	买盘
14:49:15	26.41	0.01	5	13205	中性盘
14:49:06	26.4	-0.1	10	26400	卖盘
14:49:00	26.5	0.1	128	339200	买盘
14:48:51	26.4	--	7	18480	卖盘
14:48:33	26.4	--	3	7920	买盘
14:48:30	26.4	--	17	44880	买盘
14:48:21	26.4	0.02	1	2640	买盘
14:48:18	26.38	-0.02	6	15828	卖盘
14:48:15	26.4	--	2	5280	买盘
14:48:06	26.4	0.02	2	5280	卖盘
14:48:03	26.38	--	2	5276	买盘
14:48:00	26.38	-0.11	5	13190	卖盘
14:47:57	26.49	0.09	120	317880	买盘
14:47:51	26.4	--	1	2640	买盘
14:47:45	26.4	--	9	23760	买盘
14:47:30	26.4	0.02	231	609840	买盘
14:47:24	26.38	--	8	21104	买盘
14:47:18	26.38	-0.02	5	13190	卖盘
14:47:15	26.4	0.02	8	21120	买盘
14:47:06	26.38	-0.01	5	13190	卖盘
14:47:03	26.39	-0.01	6	15834	中性盘
14:46:57	26.4	0.01	10	26400	买盘
14:46:54	26.39	-0.01	10	26390	中性盘
14:46:36	26.4	0.02	13	34320	买盘
14:46:27	26.38	-0.02	8	21104	卖盘
14:46:21	26.4	0.01	100	264000	买盘
14:46:18	26.39	0.01	13	34307	买盘
14:46:09	26.38	--	9	23742	卖盘
14:46:00	26.38	0.02	40	105520	买盘
14:45:51	26.36	--	7	18452	卖盘
14:45:42	26.36	--	5	13180	卖盘
14:45:33	26.36	--	9	23724	卖盘
14:45:24	26.36	--	3	7908	买盘
14:45:21	26.36	--	5	13180	买盘
14:45:18	26.36	--	1	2636	卖盘
14:45:15	26.36	--	2	5272	买盘
14:45:12	26.36	--	5	13180	买盘
14:45:00	26.36	0.01	4	10544	买盘
14:44:57	26.35	0.01	3	7905	中性盘
14:44:54	26.34	-0.01	77	202818	卖盘
14:44:45	26.35	--	2	5270	买盘
14:44:42	26.35	--	20	52700	买盘
14:44:39	26.35	--	3	7905	买盘
14:44:33	26.35	--	4	10540	买盘
14:44:30	26.35	--	6	15810	买盘
14:44:27	26.35	--	11	28985	卖盘
14:44:18	26.35	--	5	13175	卖盘
14:44:15	26.35	--	10	26350	买盘
14:44:09	26.35	0.01	1	2635	买盘
14:44:06	26.34	-0.01	6	15804	卖盘
14:43:57	26.35	--	3	7905	卖盘
14:43:54	26.35	--	5	13175	卖盘
14:43:39	26.35	0.01	7	18445	中性盘
14:43:33	26.34	--	3	7902	卖盘
14:43:30	26.34	-0.01	38	100092	卖盘
14:43:27	26.35	--	5	13175	买盘
14:43:21	26.35	0.01	7	18445	买盘
14:43:18	26.34	--	1	2634	卖盘
14:43:06	26.34	-0.02	45	119820	卖盘
14:43:00	26.36	0.01	9	23724	买盘
14:42:54	26.35	--	27	72488	卖盘
14:42:51	26.35	-0.01	50	131750	卖盘
14:42:48	26.36	--	28	73808	卖盘
14:42:39	26.36	--	1	2636	卖盘
14:42:33	26.36	--	10	26360	卖盘
14:42:30	26.36	--	6	15816	卖盘
14:42:21	26.36	-0.02	50	131800	卖盘
14:42:15	26.38	--	50	131900	卖盘
14:42:12	26.38	--	2	5276	卖盘
14:42:03	26.38	--	6	15828	卖盘
14:42:00	26.38	-0.01	4	10552	卖盘
14:41:51	26.39	--	2	5278	买盘
14:41:48	26.39	--	61	160979	卖盘
14:41:45	26.39	-0.01	6	15834	卖盘
14:41:42	26.4	--	1	2640	买盘
14:41:39	26.4	--	2	5280	买盘
14:41:33	26.4	-0.01	89	234960	卖盘
14:41:24	26.41	--	10	26410	买盘
14:41:18	26.41	0.01	5	13205	买盘
14:41:15	26.4	--	6	15840	卖盘
14:41:12	26.4	--	6	15840	卖盘
14:41:06	26.4	-0.01	12	31680	卖盘
14:41:03	26.41	--	4	10564	买盘
14:41:00	26.41	0.01	10	26410	买盘
14:40:54	26.4	-0.01	14	36960	卖盘
14:40:51	26.41	--	1	2641	买盘
14:40:48	26.41	--	2	5282	买盘
14:40:45	26.41	-0.06	1	2641	卖盘
14:40:39	26.47	0.07	2	5294	买盘
14:40:36	26.4	--	20	52800	卖盘
14:40:24	26.4	--	10	26400	卖盘
14:40:09	26.4	--	5	13200	卖盘
14:39:57	26.4	-0.08	5	13200	卖盘
14:39:51	26.48	0.08	7	18536	买盘
14:39:48	26.4	0.01	105	277200	买盘
14:39:42	26.39	-0.01	5	13195	卖盘
14:39:39	26.4	--	10	26400	买盘
14:39:33	26.4	--	10	26400	买盘
14:39:27	26.4	-0.08	3	7920	卖盘
14:39:24	26.48	0.08	5	13240	买盘
14:39:15	26.4	-0.02	30	79200	卖盘
14:39:09	26.42	--	1	2642	卖盘
14:38:57	26.42	--	1	2642	买盘
14:38:54	26.42	--	1	2642	买盘
14:38:51	26.42	--	9	23778	卖盘
14:38:45	26.42	0.01	50	132100	卖盘
14:38:24	26.41	-0.07	2	5282	卖盘
14:38:18	26.48	-0.02	10	26480	中性盘
14:37:51	26.5	0.1	2	5300	买盘
14:37:45	26.4	-0.1	50	132000	卖盘
14:37:33	26.5	--	11	29150	买盘
14:37:30	26.5	-0.03	1	2650	中性盘
14:37:27	26.53	0.03	10	26530	买盘
14:37:24	26.5	--	31	82150	卖盘
14:37:18	26.5	--	60	159000	卖盘
14:37:12	26.5	--	14	37100	卖盘
14:37:06	26.5	--	10	26500	卖盘
14:37:03	26.5	--	12	31800	卖盘
14:37:00	26.5	--	15	39750	买盘
14:36:54	26.5	--	13	34450	买盘
14:36:51	26.5	0.13	1	2650	买盘
14:36:42	26.37	-0.01	52	137124	卖盘
14:36:39	26.38	0.01	18	47484	买盘
14:36:30	26.37	0.03	3	7911	买盘
14:36:15	26.34	-0.01	6	15804	卖盘
14:36:12	26.35	--	6	15810	买盘
14:36:09	26.35	0.02	4	10540	买盘
14:36:06	26.33	-0.01	16	42128	卖盘
14:36:03	26.34	--	12	31608	买盘
14:35:54	26.34	0.01	1	2634	买盘
14:35:51	26.33	-0.01	10	26330	卖盘
14:35:48	26.34	--	36	94824	买盘
14:35:42	26.34	0.01	51	134334	买盘
14:35:33	26.33	--	1	2633	买盘
14:35:30	26.33	--	38	100054	买盘
14:35:27	26.33	-0.01	7	18431	卖盘
14:35:24	26.34	0.03	5	13170	中性盘
14:35:18	26.31	-0.02	50	131550	卖盘
14:35:12	26.33	--	29	76357	买盘
14:35:00	26.33	--	13	34229	买盘
14:34:54	26.33	--	20	52660	买盘
14:34:51	26.33	-0.02	8	21064	卖盘
14:34:45	26.35	0.04	15	39525	卖盘
14:34:42	26.31	-0.04	50	131550	卖盘
14:34:39	26.35	--	5	13175	买盘
14:34:33	26.35	--	14	36890	买盘
14:34:30	26.35	--	1	2635	买盘
14:34:27	26.35	--	27	71145	买盘
14:34:24	26.35	--	13	34255	买盘
14:34:15	26.35	--	1	2635	买盘
14:34:03	26.35	--	15	39525	买盘
14:33:57	26.35	-0.01	49	129115	卖盘
14:33:54	26.36	0.01	9	23724	买盘
14:33:48	26.35	--	4	10540	卖盘
14:33:42	26.35	-0.02	59	155465	卖盘
14:33:39	26.37	-0.01	12	31644	卖盘
14:33:36	26.38	--	12	31656	买盘
14:33:33	26.38	--	10	26380	买盘
14:33:30	26.38	0.01	1	2638	买盘
14:33:24	26.37	-0.01	6	15822	卖盘
14:33:18	26.38	--	10	26380	买盘
14:33:15	26.38	--	4	10552	卖盘
14:33:06	26.38	-0.02	1	2638	卖盘
14:33:03	26.4	0.02	56	147840	买盘
14:32:57	26.38	0.01	4	10552	买盘
14:32:51	26.37	0.02	2	5274	买盘
14:32:48	26.35	-0.02	14	36890	卖盘
14:32:39	26.37	-0.02	14	36918	卖盘
14:32:33	26.39	0.01	42	110838	买盘
14:32:30	26.38	--	5	13190	卖盘
14:32:27	26.38	-0.01	15	39570	卖盘
14:32:24	26.39	-0.01	5	13195	卖盘
14:32:21	26.4	0.01	23	60720	买盘
14:32:18	26.39	--	34	89726	卖盘
14:32:15	26.39	-0.01	8	21112	卖盘
14:32:12	26.4	--	11	29040	买盘
14:32:09	26.4	--	7	18480	买盘
14:32:06	26.4	--	3	7920	买盘
14:32:03	26.4	--	15	39600	买盘
14:32:00	26.4	--	10	26400	买盘
14:31:57	26.4	--	24	63360	买盘
14:31:54	26.4	--	15	39600	卖盘
14:31:51	26.4	-0.01	26	68640	卖盘
14:31:48	26.41	--	6	15846	买盘
14:31:45	26.41	--	2	5282	买盘
14:31:42	26.41	--	2	5282	买盘
14:31:39	26.41	--	5	13205	卖盘
14:31:33	26.41	-0.01	2	5282	卖盘
14:31:30	26.42	--	10	26420	买盘
14:31:27	26.42	--	19	50198	买盘
14:31:24	26.42	-0.03	9	23778	卖盘
14:31:21	26.45	--	6	15870	卖盘
14:31:15	26.45	--	5	13225	卖盘
14:31:12	26.45	--	11	29095	买盘
14:31:09	26.45	--	27	71415	买盘
14:31:03	26.45	--	4	10580	买盘
14:31:00	26.45	--	5	13225	买盘
14:30:54	26.45	-0.05	453	1198185	卖盘
14:30:51	26.5	--	3	7950	买盘
14:30:48	26.5	0.02	2	5300	买盘
14:30:45	26.48	--	3	7944	卖盘
14:30:39	26.48	--	25	66200	买盘
14:30:36	26.48	-0.02	25	66200	卖盘
14:30:30	26.5	--	16	42400	买盘
14:30:21	26.5	0.02	2	5300	买盘
14:30:18	26.48	--	9	23832	卖盘
14:30:12	26.48	--	33	87384	卖盘
14:30:09	26.48	-0.02	54	142992	卖盘
14:30:03	26.5	--	8	21200	买盘
14:30:00	26.5	--	3	7950	买盘
14:29:57	26.5	--	41	108650	买盘
14:29:54	26.5	-0.05	423	1120950	卖盘
14:29:51	26.55	--	1	2655	买盘
14:29:48	26.55	0.01	14	37170	买盘
14:29:39	26.54	0.02	59	156586	买盘
14:29:36	26.52	-0.02	12	31824	卖盘
14:29:27	26.54	0.02	10	26540	买盘
14:29:21	26.52	-0.01	44	116688	卖盘
14:28:51	26.53	0.01	3	7959	卖盘
14:28:36	26.52	-0.02	50	132600	卖盘
14:28:33	26.54	0.01	5	13270	买盘
14:28:27	26.53	--	18	47754	卖盘
14:28:18	26.53	--	1	2653	买盘
14:28:15	26.53	-0.01	8	21224	卖盘
14:28:12	26.54	0.01	1	2654	买盘
14:28:09	26.53	--	2	5306	卖盘
14:28:06	26.53	--	8	21224	卖盘
14:27:57	26.53	-0.01	10	26530	卖盘
14:27:54	26.54	--	4	10616	买盘
14:27:51	26.54	-0.01	23	61042	卖盘
14:27:45	26.55	--	2	5310	买盘
14:27:33	26.55	--	8	21240	买盘
14:27:18	26.55	0.01	5	13275	买盘
14:27:00	26.54	-0.01	5	13270	卖盘
14:26:51	26.55	--	15	39825	买盘
14:26:33	26.55	--	33	87615	卖盘
14:26:27	26.55	-0.01	13	34515	卖盘
14:25:51	26.56	--	12	31872	买盘
14:25:42	26.56	--	10	26560	买盘
14:25:33	26.56	-0.02	2	5312	卖盘
14:25:27	26.58	--	4	10632	买盘
14:25:15	26.58	0.01	20	53160	买盘
14:25:03	26.57	--	1	2657	卖盘
14:25:00	26.57	--	1	2657	卖盘
14:24:54	26.57	--	16	42512	卖盘
14:24:45	26.57	--	9	23913	卖盘
14:24:36	26.57	--	14	37198	卖盘
14:24:30	26.57	-0.01	57	151449	卖盘
14:24:27	26.58	0.01	2	5316	买盘
14:24:24	26.57	--	19	50483	卖盘
14:24:18	26.57	--	8	21256	卖盘
14:24:12	26.57	--	14	37198	卖盘
14:24:03	26.57	--	2	5314	卖盘
14:23:57	26.57	--	11	29227	买盘
14:23:39	26.57	--	2	5314	买盘
14:23:33	26.57	--	73	193961	卖盘
14:23:30	26.57	-0.01	50	132850	卖盘
14:23:27	26.58	--	2	5316	买盘
14:23:18	26.58	0.01	16	42528	买盘
14:23:09	26.57	-0.01	8	21256	卖盘
14:23:03	26.58	--	9	23922	买盘
14:23:00	26.58	0.01	2	5316	买盘
14:22:54	26.57	-0.01	7	18599	卖盘
14:22:51	26.58	--	21	55818	买盘
14:22:48	26.58	--	2	5316	买盘
14:22:45	26.58	--	2	5316	买盘
14:22:30	26.58	--	13	34554	中性盘
14:22:15	26.58	--	4	10632	买盘
14:22:03	26.58	0.01	3	7973	买盘
14:21:42	26.57	-0.01	10	26570	卖盘
14:21:27	26.58	0.01	26	69108	买盘
14:21:21	26.57	-0.01	7	18599	卖盘
14:21:12	26.58	--	5	13290	卖盘
14:20:54	26.58	-0.01	6	15947	卖盘
14:20:51	26.59	0.01	2	5318	买盘
14:20:48	26.58	-0.01	8	21264	卖盘
14:20:33	26.59	0.01	5	13295	买盘
14:20:09	26.58	-0.01	39	103662	卖盘
14:20:06	26.59	--	20	53180	买盘
14:19:48	26.59	0.04	6	15954	买盘
14:19:45	26.55	-0.03	25	66375	卖盘
14:19:42	26.58	--	18	47844	买盘
14:19:36	26.58	0.01	1	2658	买盘
14:19:33	26.57	--	6	15942	卖盘
14:19:30	26.57	--	10	26570	卖盘
14:19:27	26.57	--	6	15942	卖盘
14:19:24	26.57	-0.02	25	66425	卖盘
14:19:18	26.59	--	1	2659	买盘
14:19:12	26.59	--	4	10636	买盘
14:19:06	26.59	0.02	15	39885	买盘
14:19:00	26.57	-0.02	6	15942	卖盘
14:18:57	26.59	--	3	7977	买盘
14:18:54	26.59	--	1	2659	买盘
14:18:51	26.59	--	1	2659	买盘
14:18:48	26.59	--	13	34567	买盘
14:18:45	26.59	--	71	188789	卖盘
14:18:42	26.59	--	7	18613	买盘
14:18:39	26.59	-0.01	2	5318	卖盘
14:18:36	26.6	0.03	1	2660	买盘
14:18:33	26.57	-0.02	6	15942	卖盘
14:18:30	26.59	--	18	47862	买盘
14:18:27	26.59	0.02	2	5318	买盘
14:18:21	26.57	--	2	5314	卖盘
14:18:12	26.57	--	2	5314	买盘
14:18:03	26.57	--	10	26570	买盘
14:17:51	26.57	--	8	21256	买盘
14:17:48	26.57	--	1	2657	买盘
14:17:42	26.57	--	29	77053	卖盘
14:17:27	26.57	0.02	31	82367	买盘
14:17:21	26.55	--	10	26550	卖盘
14:17:12	26.55	--	11	29205	买盘
14:17:09	26.55	--	2	5310	买盘
14:16:57	26.55	--	4	10620	买盘
14:16:51	26.55	--	5	13275	买盘
14:16:42	26.55	--	9	23895	买盘
14:16:39	26.55	--	1	2655	买盘
14:16:36	26.55	--	1	2655	卖盘
14:16:30	26.55	--	7	18585	买盘
14:16:27	26.55	--	7	18585	买盘
14:16:21	26.55	--	4	10620	买盘
14:16:18	26.55	--	40	106200	买盘
14:16:15	26.55	--	10	26550	买盘
14:16:12	26.55	--	12	31860	买盘
14:16:06	26.55	--	1	2655	买盘
14:16:03	26.55	-0.02	7	18585	卖盘
14:16:00	26.57	0.02	20	53140	买盘
14:15:57	26.55	-0.02	8	21240	卖盘
14:15:51	26.57	0.03	5	13285	买盘
14:15:48	26.54	-0.03	8	21232	卖盘
14:15:42	26.57	0.03	3	7971	买盘
14:15:36	26.54	-0.03	6	15924	卖盘
14:15:27	26.57	--	2	5314	卖盘
14:15:24	26.57	--	10	26570	卖盘
14:15:21	26.57	0.05	32	85024	买盘
14:15:18	26.52	--	16	42432	卖盘
14:15:15	26.52	-0.02	18	47736	卖盘
14:15:09	26.54	0.01	10	26540	买盘
14:15:06	26.53	-0.01	6	15918	卖盘
14:15:00	26.54	0.02	4	10616	买盘
14:14:57	26.52	--	5	13260	卖盘
14:14:51	26.52	--	18	47736	卖盘
14:14:48	26.52	0.01	26	68952	买盘
14:14:45	26.51	--	1	2651	买盘
14:14:42	26.51	-0.01	29	76879	卖盘
14:14:39	26.52	0.01	2	5304	买盘
14:14:30	26.51	-0.01	6	15906	卖盘
14:14:27	26.52	--	2	5304	买盘
14:14:21	26.52	--	3	7956	卖盘
14:14:18	26.52	--	16	42432	买盘
14:14:15	26.52	--	5	13260	买盘
14:14:03	26.52	0.01	7	18564	买盘
14:14:00	26.51	--	10	26510	买盘
14:13:51	26.51	--	3	7953	买盘
14:13:48	26.51	0.01	10	26510	买盘
14:13:39	26.5	-0.01	55	145750	卖盘
14:13:36	26.51	--	15	39765	买盘
14:13:33	26.51	--	3	7953	买盘
14:13:27	26.51	0.01	5	13255	买盘
14:13:24	26.5	-0.01	3	7950	卖盘
14:13:15	26.51	--	1	2651	买盘
14:12:54	26.51	0.01	2	5302	买盘
14:12:51	26.5	-0.01	33	87450	卖盘
14:12:48	26.51	--	9	23859	买盘
14:12:39	26.51	--	15	39765	卖盘
14:12:33	26.51	-0.01	10	26510	卖盘
14:12:27	26.52	--	10	26520	买盘
14:12:18	26.52	0.01	8	21216	买盘
14:12:15	26.51	-0.01	6	15906	卖盘
14:12:09	26.52	--	17	45084	卖盘
14:11:51	26.52	0.01	12	31824	卖盘
14:11:48	26.51	--	26	68926	买盘
14:11:45	26.51	--	5	13255	买盘
14:11:42	26.51	--	2	5302	买盘
14:11:36	26.51	--	17	45067	中性盘
14:11:18	26.51	0.01	5	13255	买盘
14:11:09	26.5	-0.01	19	50350	卖盘
14:11:06	26.51	0.01	8	21208	中性盘
14:10:36	26.5	-0.01	52	137800	卖盘
14:10:30	26.51	0.01	10	26510	买盘
14:10:27	26.5	--	12	31800	卖盘
14:10:24	26.5	--	8	21200	卖盘
14:10:15	26.5	-0.01	2	5300	卖盘
14:10:12	26.51	--	1	2651	买盘
14:10:09	26.51	0.01	16	42416	买盘
14:09:51	26.5	--	25	66250	卖盘
14:09:48	26.5	--	71	188150	卖盘
14:09:45	26.5	-0.01	23	60950	卖盘
14:09:42	26.51	--	4	10604	买盘
14:09:39	26.51	--	1	2651	买盘
14:09:36	26.51	-0.02	16	42416	卖盘
14:09:33	26.53	0.02	3	7959	买盘
14:09:18	26.51	--	4	10604	卖盘
14:09:09	26.51	0.01	16	42416	中性盘
14:09:00	26.5	-0.03	96	254400	卖盘
14:08:57	26.53	--	1	2653	买盘
14:08:54	26.53	-0.01	9	23877	卖盘
14:08:33	26.54	-0.02	23	61042	卖盘
14:08:30	26.56	0.02	1	2656	买盘
14:08:27	26.54	-0.01	24	63696	卖盘
14:08:18	26.55	--	13	34515	买盘
14:08:12	26.55	--	2	5310	买盘
14:08:09	26.55	--	3	7965	买盘
14:08:03	26.55	-0.01	2	5310	中性盘
14:07:54	26.56	0.01	1	2656	买盘
14:07:51	26.55	--	4	10620	买盘
14:07:39	26.55	--	5	13275	买盘
14:07:36	26.55	--	10	26550	买盘
14:07:33	26.55	--	23	61065	卖盘
14:07:15	26.55	-0.01	7	18585	卖盘
14:07:00	26.56	0.01	5	13280	买盘
14:06:57	26.55	--	4	10620	卖盘
14:06:48	26.55	-0.01	2	5310	卖盘
14:06:42	26.56	--	2	5312	买盘
14:06:33	26.56	0.01	10	26560	卖盘
14:06:24	26.55	-0.01	23	61065	卖盘
14:06:21	26.56	--	1	2656	中性盘
14:06:18	26.56	0.01	4	10624	买盘
14:06:15	26.55	-0.01	10	26550	卖盘
14:05:51	26.56	--	2	5312	卖盘
14:05:45	26.56	-0.01	1	2656	卖盘
14:05:36	26.57	--	2	5314	卖盘
14:05:33	26.57	-0.01	20	53140	卖盘
14:05:30	26.58	--	14	37212	卖盘
14:05:24	26.58	--	6	15947	卖盘
14:05:18	26.58	--	29	77082	卖盘
14:05:09	26.58	-0.01	5	13290	卖盘
14:04:45	26.59	--	3	7977	买盘
14:04:30	26.59	-0.02	14	37226	卖盘
14:04:27	26.61	0.01	3	7983	买盘
14:04:24	26.6	--	13	34580	卖盘
14:04:18	26.6	--	66	175560	卖盘
14:04:06	26.6	-0.02	101	268660	卖盘
14:04:00	26.62	0.02	11	29282	买盘
14:03:57	26.6	-0.02	7	18620	卖盘
14:03:39	26.62	0.01	24	63888	买盘
14:03:33	26.61	--	7	18627	买盘
14:03:30	26.61	-0.01	20	55827	卖盘
14:02:42	26.62	0.01	2	5324	买盘
14:02:27	26.61	-0.01	50	133050	卖盘
14:02:18	26.62	--	8	21296	买盘
14:02:15	26.62	--	3	7986	买盘
14:02:09	26.62	--	23	61226	买盘
14:01:33	26.62	--	1	2662	买盘
14:01:30	26.62	--	10	26620	买盘
14:01:27	26.62	--	8	21296	卖盘
14:01:00	26.62	0.01	6	15972	中性盘
14:00:33	26.61	--	19	50559	卖盘
14:00:15	26.61	--	98	260778	卖盘
13:59:54	26.61	-0.01	5	13305	卖盘
13:59:48	26.62	--	1	2662	买盘
13:59:45	26.62	0.01	6	15972	买盘
13:59:42	26.61	-0.01	18	47898	卖盘
13:59:06	26.62	--	1	2662	卖盘
13:59:00	26.62	-0.01	1	2662	卖盘
13:58:51	26.63	0.01	5	13315	买盘
13:58:33	26.62	--	6	15972	卖盘
13:58:24	26.62	--	5	13310	卖盘
13:58:18	26.62	--	7	18634	卖盘
13:58:12	26.62	--	9	23958	卖盘
13:57:51	26.62	--	7	18634	卖盘
13:57:42	26.62	-0.01	5	13310	卖盘
13:57:24	26.63	--	8	21304	买盘
13:57:21	26.63	--	8	21304	买盘
13:56:54	26.63	--	1	2663	买盘
13:56:51	26.63	0.01	1	2663	买盘
13:55:48	26.62	0.01	5	13310	买盘
13:55:12	26.61	-0.01	10	26610	卖盘
13:55:00	26.62	0.01	5	13310	中性盘
13:54:27	26.61	-0.01	50	133050	卖盘
13:54:15	26.62	--	2	5377	买盘
13:54:12	26.62	--	5	13310	买盘
13:54:03	26.62	--	4	10648	买盘
13:53:30	26.62	--	13	34606	买盘
13:53:18	26.62	--	1	2662	买盘
13:53:15	26.62	--	5	13310	买盘
13:53:06	26.62	0.01	22	58564	买盘
13:52:21	26.61	--	6	15966	卖盘
13:52:12	26.61	--	8	21288	卖盘
13:52:09	26.61	--	8	21288	卖盘
13:52:03	26.61	--	3	7983	卖盘
13:51:51	26.61	--	6	15966	卖盘
13:51:48	26.61	--	12	31932	卖盘
13:51:45	26.61	--	1	2661	卖盘
13:51:33	26.61	-0.01	5	13305	卖盘
13:51:30	26.62	0.01	11	29282	买盘
13:51:24	26.61	--	12	31932	卖盘
13:51:18	26.61	-0.01	7	18627	卖盘
13:51:12	26.62	0.01	8	21296	买盘
13:51:06	26.61	-0.01	7	18627	卖盘
13:51:00	26.62	--	1	2662	买盘
13:50:57	26.62	0.01	33	87846	买盘
13:50:54	26.61	--	7	18627	卖盘
13:50:48	26.61	-0.01	3	7983	卖盘
13:50:30	26.62	--	8	21296	买盘
13:50:18	26.62	--	25	69158	卖盘
13:49:54	26.62	--	8	21296	卖盘
13:49:27	26.62	-0.01	9	23958	卖盘
13:49:18	26.63	--	14	37282	卖盘
13:49:15	26.63	--	8	21304	卖盘
13:49:12	26.63	--	13	34619	卖盘
13:49:06	26.63	--	5	13315	卖盘
13:49:00	26.63	--	2	5326	卖盘
13:48:54	26.63	-0.01	7	18641	卖盘
13:48:24	26.64	--	8	21312	买盘
13:47:54	26.64	0.01	5	13320	买盘
13:47:42	26.63	--	2	5326	卖盘
13:47:18	26.63	--	87	231681	卖盘
13:47:09	26.63	-0.01	10	26630	卖盘
13:47:03	26.64	--	10	26640	买盘
13:46:48	26.64	-0.01	2	5328	中性盘
13:46:27	26.65	--	9	23985	买盘
13:45:54	26.65	--	1	2665	买盘
13:45:51	26.65	0.02	1	2665	买盘
13:45:27	26.63	--	7	18641	卖盘
13:44:21	26.63	--	6	15978	卖盘
13:44:12	26.63	--	6	15978	卖盘
13:44:00	26.63	--	7	18641	卖盘
13:42:03	26.63	--	2	5326	卖盘
13:41:45	26.63	-0.01	1	2663	卖盘
13:41:24	26.64	--	4	10656	买盘
13:41:15	26.64	--	1	2664	买盘
13:41:09	26.64	--	5	13320	买盘
13:40:54	26.64	--	1	2664	卖盘
13:40:51	26.64	-0.01	9	23976	卖盘
13:40:18	26.65	0.01	1	2665	买盘
13:39:42	26.64	--	11	29304	买盘
13:39:33	26.64	--	2	5328	买盘
13:39:15	26.64	--	4	10656	买盘
13:38:18	26.64	0.01	2	5328	买盘
13:38:09	26.63	-0.01	6	15978	卖盘
13:38:06	26.64	--	5	13320	买盘
13:37:51	26.64	--	5	13320	买盘
13:37:27	26.64	--	3	7992	买盘
13:37:24	26.64	--	1	2664	买盘
13:37:18	26.64	--	8	21312	买盘
13:36:57	26.64	0.01	2	5328	买盘
13:36:51	26.63	-0.01	3	7989	卖盘
13:36:45	26.64	0.01	6	15984	买盘
13:36:36	26.63	--	50	133150	卖盘
13:36:15	26.63	-0.01	20	53260	卖盘
13:35:57	26.64	--	10	26640	买盘
13:35:45	26.64	--	11	29304	买盘
13:35:39	26.64	--	3	7992	买盘
13:35:36	26.64	-0.01	7	18648	卖盘
13:35:27	26.65	0.01	12	31980	买盘
13:35:12	26.64	--	5	13320	卖盘
13:35:03	26.64	-0.01	5	13320	卖盘
13:34:54	26.65	--	1	2665	买盘
13:34:51	26.65	0.01	1	2665	买盘
13:34:45	26.64	--	6	15984	买盘
13:34:42	26.64	--	1	2664	买盘
13:34:39	26.64	--	4	10656	买盘
13:34:36	26.64	-0.01	44	117216	卖盘
13:34:27	26.65	0.01	12	31980	买盘
13:34:24	26.64	--	6	15984	卖盘
13:34:15	26.64	-0.01	9	23976	卖盘
13:33:51	26.65	--	2	5330	买盘
13:33:48	26.65	--	17	45305	中性盘
13:33:30	26.65	--	8	21320	卖盘
13:33:21	26.65	--	6	15990	卖盘
13:33:12	26.65	--	5	13325	卖盘
13:33:06	26.65	0.01	6	15990	买盘
13:33:00	26.64	--	8	21312	卖盘
13:32:54	26.64	--	7	18648	卖盘
13:32:39	26.64	-0.02	1	2664	卖盘
13:32:24	26.66	--	1	2666	买盘
13:32:18	26.66	--	8	21328	买盘
13:32:15	26.66	0.02	14	37324	买盘
13:31:54	26.64	-0.01	50	133200	卖盘
13:31:45	26.65	--	1	2665	买盘
13:31:21	26.65	--	8	21320	卖盘
13:30:42	26.65	-0.01	6	15990	买盘
13:30:33	26.66	0.01	1	2666	买盘
13:30:27	26.65	--	5	13325	卖盘
13:30:18	26.65	-0.01	7	18655	卖盘
13:30:03	26.66	0.01	3	7998	买盘
13:29:33	26.65	-0.01	7	18655	卖盘
13:29:24	26.66	0.01	13	34658	买盘
13:29:12	26.65	-0.03	5	13325	中性盘
13:29:03	26.68	--	1	2668	买盘
13:29:00	26.68	--	7	18676	买盘
13:28:51	26.68	0.04	10	26680	买盘
13:27:48	26.64	0.01	17	45288	买盘
13:27:42	26.63	-0.01	8	21304	卖盘
13:27:36	26.64	--	1	2664	买盘
13:27:33	26.64	--	1	2664	买盘
13:27:24	26.64	--	1	2664	买盘
13:27:18	26.64	--	9	23976	买盘
13:27:12	26.64	--	20	53280	买盘
13:27:03	26.64	--	2	5328	买盘
13:27:00	26.64	--	57	151848	卖盘
13:26:57	26.64	-0.01	3	7992	卖盘
13:26:27	26.65	--	3	7995	买盘
13:26:24	26.65	--	1	2665	买盘
13:26:15	26.65	--	1	2665	买盘
13:26:12	26.65	--	3	7995	买盘
13:26:09	26.65	--	1	2665	买盘
13:25:30	26.65	--	1	2665	买盘
13:25:15	26.65	--	16	42640	卖盘
13:24:54	26.65	-0.01	4	10660	卖盘
13:24:51	26.66	--	9	23994	卖盘
13:24:42	26.66	0.01	8	21328	中性盘
13:24:24	26.65	--	9	23985	卖盘
13:23:57	26.65	-0.02	7	18655	卖盘
13:23:54	26.67	--	1	2667	买盘
13:23:51	26.67	0.02	1	2667	买盘
13:23:48	26.65	--	10	26650	卖盘
13:23:39	26.65	-0.02	6	15990	卖盘
13:23:06	26.67	--	1	2667	买盘
13:22:45	26.67	--	2	5334	买盘
13:22:39	26.67	--	1	2667	买盘
13:22:33	26.67	--	7	18669	买盘
13:22:24	26.67	--	1	2667	买盘
13:22:18	26.67	--	8	21336	买盘
13:22:15	26.67	0.02	6	16002	买盘
13:21:54	26.65	--	12	31980	买盘
13:21:51	26.65	0.02	1	2665	买盘
13:21:09	26.63	-0.01	50	133150	卖盘
13:21:06	26.64	--	1	2664	买盘
13:21:00	26.64	--	5	13320	买盘
13:20:57	26.64	--	30	79920	买盘
13:20:30	26.64	--	7	18648	买盘
13:20:24	26.64	--	6	15984	买盘
13:20:00	26.64	--	2	5328	买盘
13:19:54	26.64	--	1	2664	买盘
13:19:45	26.64	--	8	21312	买盘
13:19:18	26.64	--	1	2664	买盘
13:19:06	26.64	--	4	10656	卖盘
13:19:00	26.64	0.01	19	50616	买盘
13:18:51	26.63	-0.01	2	5326	卖盘
13:18:48	26.64	0.01	13	34632	买盘
13:18:42	26.63	-0.01	23	61249	卖盘
13:18:39	26.64	--	10	26640	买盘
13:18:06	26.64	-0.01	18	47952	卖盘
13:18:00	26.65	--	1	2665	买盘
13:17:39	26.65	--	17	45305	买盘
13:17:33	26.65	--	5	13325	买盘
13:17:30	26.65	--	1	2665	买盘
13:17:24	26.65	--	1	2665	买盘
13:17:18	26.65	--	8	21320	买盘
13:17:15	26.65	--	3	7995	买盘
13:17:09	26.65	--	5	13325	买盘
13:16:45	26.65	--	2	5330	买盘
13:16:27	26.65	--	3	7995	买盘
13:16:06	26.65	0.02	8	21320	买盘
13:15:36	26.63	0.01	2	5326	买盘
13:14:48	26.62	-0.01	16	42592	卖盘
13:14:45	26.63	--	10	26630	买盘
13:14:21	26.63	--	15	39945	买盘
13:14:09	26.63	0.01	1	2663	买盘
13:13:57	26.62	--	1	2662	卖盘
13:13:30	26.62	-0.01	4	10648	卖盘
13:13:24	26.63	0.01	4	10652	买盘
13:13:12	26.62	-0.01	4	10648	卖盘
13:12:54	26.63	--	1	2663	买盘
13:12:51	26.63	0.01	2	5326	买盘
13:12:45	26.62	-0.01	38	101156	卖盘
13:12:36	26.63	--	5	13315	买盘
13:12:24	26.63	--	1	2663	买盘
13:12:18	26.63	--	10	26630	买盘
13:12:15	26.63	--	5	13315	买盘
13:12:00	26.63	--	5	13315	买盘
13:11:51	26.63	0.01	5	13315	买盘
13:11:27	26.62	-0.01	8	21296	卖盘
13:11:24	26.63	--	3	7989	买盘
13:10:54	26.63	--	3	7989	买盘
13:10:36	26.63	--	1	2663	买盘
13:10:33	26.63	-0.04	1	2663	卖盘
13:10:21	26.67	0.02	1	2667	买盘
13:10:00	26.65	0.03	10	26650	买盘
13:09:27	26.62	0.01	0	53	买盘
13:08:57	26.61	--	2	5322	买盘
13:08:51	26.61	--	8	21288	买盘
13:08:48	26.61	--	3	7983	买盘
13:08:39	26.61	--	20	53220	买盘
13:08:27	26.61	-0.01	3	7983	卖盘
13:08:24	26.62	--	1	2662	买盘
13:08:21	26.62	0.01	5	13310	买盘
13:08:15	26.61	-0.01	50	133050	卖盘
13:08:12	26.62	--	5	13310	买盘
13:07:54	26.62	--	15	42538	卖盘
13:06:51	26.62	--	3	7986	卖盘
13:06:42	26.62	-0.03	50	133100	卖盘
13:06:30	26.65	0.01	1	2665	买盘
13:06:24	26.64	--	3	7992	卖盘
13:05:57	26.64	-0.04	4	10656	卖盘
13:05:18	26.68	0.04	7	18676	买盘
13:05:09	26.64	-0.01	1	2664	卖盘
13:05:06	26.65	--	2	5330	卖盘
13:05:00	26.65	-0.02	8	21320	中性盘
13:04:36	26.67	--	1	2667	买盘
13:04:30	26.67	0.02	2	5334	买盘
13:03:51	26.65	0.01	10	26650	买盘
13:03:39	26.64	--	2	5328	卖盘
13:03:09	26.64	--	4	10656	买盘
13:02:48	26.64	--	4	10656	买盘
13:02:39	26.64	0.01	1	2664	买盘
13:02:12	26.63	-0.01	3	7989	卖盘
13:02:09	26.64	0.01	11	29304	买盘
13:02:00	26.63	-0.01	50	133150	卖盘
13:01:54	26.64	0.01	1	2664	买盘
13:01:51	26.63	--	4	10652	卖盘
13:01:39	26.63	--	38	101194	卖盘
13:01:18	26.63	--	6	15978	买盘
13:00:45	26.63	--	1	2663	买盘
13:00:12	26.63	0.01	10	26630	买盘
13:00:09	26.62	--	12	31944	卖盘
13:00:06	26.62	--	3	7986	卖盘
13:00:03	26.62	--	8	21296	卖盘
13:00:00	26.62	--	0	0	卖盘
11:30:00	26.62	--	0	0	卖盘
11:29:39	26.62	--	5	13363	买盘
11:29:00	26.62	-0.01	46	125060	卖盘
11:28:51	26.63	--	2	5326	买盘
11:28:45	26.63	0.01	1	2663	买盘
11:28:39	26.62	--	30	79860	卖盘
11:28:15	26.62	--	30	79913	买盘
11:27:57	26.62	--	19	53186	卖盘
11:27:48	26.62	--	1	2662	卖盘
11:27:06	26.62	-0.01	16	42592	卖盘
11:27:00	26.63	--	10	26630	买盘
11:26:57	26.63	-0.01	43	114509	卖盘
11:26:48	26.64	--	1	2664	买盘
11:26:45	26.64	--	3	7992	买盘
11:26:33	26.64	0.01	13	34632	买盘
11:26:09	26.63	-0.01	9	23967	卖盘
11:25:54	26.64	-0.01	21	55944	卖盘
11:25:45	26.65	--	11	29315	买盘
11:25:36	26.65	0.01	1	2665	买盘
11:25:21	26.64	0.01	27	71928	买盘
11:25:03	26.63	--	5	13315	卖盘
11:24:54	26.63	0.01	53	141139	买盘
11:24:48	26.62	-0.01	20	53240	卖盘
11:24:27	26.63	--	1	2663	买盘
11:24:15	26.63	0.01	16	42608	买盘
11:24:06	26.62	-0.01	5	13310	卖盘
11:23:06	26.63	-0.02	1	2663	卖盘
11:23:00	26.65	0.02	1	2665	买盘
11:22:42	26.63	--	15	39945	卖盘
11:22:36	26.63	--	10	26630	卖盘
11:22:27	26.63	--	3	7989	卖盘
11:22:24	26.63	--	13	34619	卖盘
11:21:51	26.63	--	5	13315	卖盘
11:21:45	26.63	--	4	10652	卖盘
11:21:06	26.63	-0.02	8	21304	卖盘
11:21:03	26.65	--	1	2665	买盘
11:20:54	26.65	--	1	2665	买盘
11:20:51	26.65	0.02	1	2665	买盘
11:20:15	26.63	--	3	7989	卖盘
11:19:21	26.63	-0.04	50	133150	卖盘
11:19:09	26.67	0.04	1	2667	中性盘
11:17:24	26.63	-0.05	12	31956	卖盘
11:17:15	26.68	0.05	1	2668	买盘
11:17:03	26.63	--	19	50597	卖盘
11:16:54	26.63	-0.05	50	133150	卖盘
11:16:51	26.68	0.03	10	26680	买盘
11:16:45	26.65	-0.03	4	10660	卖盘
11:16:36	26.68	0.03	54	144072	买盘
11:16:33	26.65	--	4	10660	卖盘
11:16:27	26.65	--	9	23985	卖盘
11:16:21	26.65	--	8	21320	卖盘
11:16:00	26.65	--	2	5330	买盘
11:15:18	26.65	--	1	2665	买盘
11:15:00	26.65	--	9	23985	卖盘
11:14:48	26.65	--	3	7995	买盘
11:14:45	26.65	0.02	6	15990	买盘
11:14:30	26.63	--	2	5326	卖盘
11:14:24	26.63	0.01	5	13315	买盘
11:14:15	26.62	--	13	34659	买盘
11:14:12	26.62	0.01	10	26620	买盘
11:14:03	26.61	--	4	10644	卖盘
11:13:54	26.61	--	7	18627	卖盘
11:13:36	26.61	-0.01	2	5322	卖盘
11:13:24	26.62	0.02	1	2662	买盘
11:13:18	26.6	-0.02	200	532000	卖盘
11:13:12	26.62	0.01	7	18634	买盘
11:13:03	26.61	--	13	37200	卖盘
11:12:54	26.61	-0.01	2	5322	卖盘
11:12:39	26.62	--	2	5324	买盘
11:12:12	26.62	0.01	6	15972	买盘
11:12:09	26.61	--	80	212880	卖盘
11:12:00	26.61	--	2	5322	卖盘
11:11:39	26.61	--	10	26610	卖盘
11:11:36	26.61	-0.01	12	31932	卖盘
11:11:30	26.62	0.01	1	2662	买盘
11:11:27	26.61	--	10	26610	卖盘
11:11:03	26.61	--	3	7983	卖盘
11:10:54	26.61	--	10	26663	卖盘
11:10:45	26.61	--	5	13305	卖盘
11:10:42	26.61	--	7	18627	卖盘
11:10:18	26.61	--	3	7983	卖盘
11:10:15	26.61	--	50	133050	卖盘
11:10:06	26.61	-0.01	2	5322	卖盘
11:09:54	26.62	--	1	2662	买盘
11:09:51	26.62	--	1	2662	买盘
11:09:48	26.62	--	6	15972	买盘
11:09:42	26.62	--	3	7986	买盘
11:09:33	26.62	--	1	2662	买盘
11:09:24	26.62	--	21	55902	买盘
11:09:15	26.62	--	11	29282	卖盘
11:08:33	26.62	0.01	3	7986	中性盘
11:08:12	26.61	-0.02	50	133050	卖盘
11:08:03	26.63	0.02	7	18641	买盘
11:07:57	26.61	-0.02	3	7983	卖盘
11:07:39	26.63	0.03	1	2663	买盘
11:07:12	26.6	--	50	133000	卖盘
11:07:00	26.6	--	6	15960	卖盘
11:06:51	26.6	--	7	18620	卖盘
11:06:45	26.6	--	3	7980	卖盘
11:06:18	26.6	-0.04	29	77140	卖盘
11:06:12	26.64	0.04	1	2664	卖盘
11:06:09	26.6	-0.05	62	164920	卖盘
11:06:03	26.65	0.01	16	42640	买盘
11:05:57	26.64	-0.01	2	5328	卖盘
11:05:51	26.65	0.01	1	2665	买盘
11:05:48	26.64	-0.01	9	23976	卖盘
11:05:42	26.65	--	1	2665	买盘
11:05:36	26.65	-0.02	38	101270	卖盘
11:05:24	26.67	--	12	32004	卖盘
11:05:12	26.67	-0.01	5	13335	卖盘
11:04:48	26.68	--	9	24012	卖盘
11:04:33	26.68	--	7	18676	买盘
11:03:54	26.68	-0.01	9	24012	卖盘
11:03:48	26.69	--	1	2669	买盘
11:02:18	26.69	--	5	13345	买盘
11:01:54	26.69	0.01	1	2669	买盘
11:01:42	26.68	-0.01	4	10672	卖盘
11:01:21	26.69	--	4	10676	买盘
11:00:00	26.69	--	1	2669	买盘
10:59:54	26.69	--	1	2669	买盘
10:59:30	26.69	-0.04	26	69394	卖盘
10:59:00	26.73	-0.02	34	93501	卖盘
10:58:54	26.75	-0.01	66	176550	卖盘
10:58:51	26.76	0.01	3	8028	买盘
10:58:39	26.75	--	1	2675	卖盘
10:58:06	26.75	-0.01	50	133750	卖盘
10:58:03	26.76	--	1	2676	买盘
10:57:54	26.76	--	13	34788	买盘
10:57:51	26.76	--	5	13380	买盘
10:57:48	26.76	--	10	26760	买盘
10:57:45	26.76	0.01	4	10704	买盘
10:57:21	26.75	--	40	107000	卖盘
10:57:15	26.75	0.02	6	16050	买盘
10:57:03	26.73	--	5	13418	卖盘
10:57:00	26.73	0.05	5	13365	买盘
10:56:57	26.68	-0.01	2	5336	卖盘
10:56:45	26.69	--	20	53380	买盘
10:56:39	26.69	--	5	13345	买盘
10:56:36	26.69	--	20	53380	买盘
10:56:33	26.69	--	15	40035	买盘
10:56:27	26.69	--	3	8007	买盘
10:56:24	26.69	--	11	29359	买盘
10:56:09	26.69	--	1	2669	买盘
10:56:03	26.69	--	35	93415	买盘
10:55:54	26.69	--	1	2669	买盘
10:55:48	26.69	--	10	26690	买盘
10:55:42	26.69	--	22	58718	买盘
10:55:27	26.69	--	2	5338	买盘
10:55:24	26.69	0.01	5	13345	买盘
10:55:21	26.68	--	15	40020	卖盘
10:55:15	26.68	--	5	13340	卖盘
10:54:57	26.68	-0.01	10	26680	卖盘
10:54:48	26.69	--	3	8007	买盘
10:54:36	26.69	--	1	2669	买盘
10:54:30	26.69	--	11	29359	买盘
10:54:18	26.69	--	20	53380	买盘
10:54:15	26.69	--	8	21352	买盘
10:54:12	26.69	--	1	2669	买盘
10:54:03	26.69	--	4	10676	买盘
10:53:42	26.69	0.03	7	18683	买盘
10:53:36	26.66	0.01	1	2666	买盘
10:53:30	26.65	--	139	370435	买盘
10:53:24	26.65	--	10	26650	买盘
10:53:21	26.65	0.01	5	13325	买盘
10:53:12	26.64	0.02	2	5328	买盘
10:52:48	26.62	--	4	10648	买盘
10:52:42	26.62	--	2	5324	买盘
10:52:36	26.62	-0.01	9	23958	中性盘
10:52:18	26.63	--	1	2663	买盘
10:52:12	26.63	--	3	7989	中性盘
10:51:42	26.63	-0.02	5	13315	中性盘
10:51:03	26.65	0.04	3	7995	买盘
10:51:00	26.61	-0.04	50	133050	卖盘
10:50:54	26.65	--	52	138580	买盘
10:50:51	26.65	--	2	5330	买盘
10:50:48	26.65	--	5	13325	买盘
10:50:24	26.65	0.01	1	2665	买盘
10:50:12	26.64	-0.01	5	13320	卖盘
10:49:39	26.65	0.01	5	13325	买盘
10:49:15	26.64	--	9	23976	卖盘
10:49:03	26.64	0.01	9	24269	买盘
10:48:54	26.63	-0.01	0	1331	卖盘
10:48:36	26.64	0.01	2	5328	买盘
10:48:33	26.63	-0.01	3	9320	卖盘
10:48:30	26.64	--	1	2664	买盘
10:48:27	26.64	--	1	2664	买盘
10:48:18	26.64	--	10	26640	买盘
10:48:09	26.64	--	10	26640	买盘
10:47:54	26.64	--	1	2664	买盘
10:47:51	26.64	0.01	1	2664	买盘
10:47:39	26.63	-0.01	13	34619	卖盘
10:47:24	26.64	--	3	7992	买盘
10:47:15	26.64	0.02	9	23976	买盘
10:46:42	26.62	-0.02	1	2662	卖盘
10:46:39	26.64	--	2	5328	买盘
10:46:33	26.64	--	1	2664	买盘
10:46:30	26.64	--	1	2664	买盘
10:46:27	26.64	--	4	10656	买盘
10:45:39	26.64	--	4	10656	卖盘
10:45:36	26.64	--	1	2664	卖盘
10:45:06	26.64	0.02	5	13320	买盘
10:44:48	26.62	0.01	8	21296	中性盘
10:44:39	26.61	--	21	55881	卖盘
10:43:36	26.61	-0.02	20	53220	卖盘
10:43:30	26.63	-0.01	7	18641	卖盘
10:43:24	26.64	--	5	13320	买盘
10:43:15	26.64	0.01	2	5328	买盘
10:43:00	26.63	--	1	2663	卖盘
10:42:57	26.63	--	8	21304	买盘
10:42:42	26.63	--	1	2663	买盘
10:42:36	26.63	--	13	34619	卖盘
10:42:33	26.63	--	15	39945	卖盘
10:42:30	26.63	--	4	10652	卖盘
10:42:24	26.63	0.02	19	50597	买盘
10:42:09	26.61	--	4	10644	买盘
10:42:06	26.61	--	2	5322	买盘
10:41:54	26.61	--	2	5322	买盘
10:41:51	26.61	--	13	34593	买盘
10:41:36	26.61	0.01	2	5322	中性盘
10:41:21	26.6	-0.03	20	53200	卖盘
10:40:48	26.63	--	1	2663	买盘
10:40:42	26.63	0.02	6	15978	买盘
10:40:33	26.61	-0.02	20	53220	卖盘
10:40:30	26.63	--	3	7989	买盘
10:40:24	26.63	--	25	66575	卖盘
10:40:00	26.63	--	3	7989	卖盘
10:39:33	26.63	--	22	58586	买盘
10:39:30	26.63	--	1	2663	卖盘
10:39:21	26.63	--	1	2663	卖盘
10:39:12	26.63	-0.02	5	13315	卖盘
10:38:54	26.65	0.02	1	2665	买盘
10:38:51	26.63	0.02	3	7989	买盘
10:38:48	26.61	-0.01	34	90474	卖盘
10:38:45	26.62	--	10	26620	买盘
10:38:33	26.62	--	9	23958	卖盘
10:38:27	26.62	-0.01	1	2662	中性盘
10:38:15	26.63	0.02	4	10652	买盘
10:38:09	26.61	--	24	63864	卖盘
10:37:54	26.61	-0.01	9	23949	卖盘
10:37:48	26.62	--	12	31944	卖盘
10:37:45	26.62	--	1	2662	卖盘
10:37:36	26.62	--	37	98494	卖盘
10:37:33	26.62	--	24	63888	卖盘
10:37:27	26.62	-0.01	6	15972	卖盘
10:37:18	26.63	-0.01	1	2663	卖盘
10:37:12	26.64	--	9	23976	卖盘
10:37:03	26.64	0.01	1	2664	中性盘
10:37:00	26.63	-0.02	30	79890	卖盘
10:36:57	26.65	--	1	2665	买盘
10:36:54	26.65	--	1	2665	买盘
10:36:51	26.65	0.02	14	37310	买盘
10:36:45	26.63	-0.02	2	5326	卖盘
10:36:36	26.65	--	35	93275	卖盘
10:36:30	26.65	-0.01	20	53300	卖盘
10:36:18	26.66	0.01	2	5332	买盘
10:35:54	26.65	--	3	7995	卖盘
10:35:30	26.65	-0.01	20	53300	卖盘
10:35:21	26.66	--	5	13330	买盘
10:35:03	26.66	0.01	1	2666	买盘
10:34:45	26.65	-0.01	50	133250	卖盘
10:34:42	26.66	--	1	2666	买盘
10:34:30	26.66	--	2	5332	买盘
10:34:27	26.66	0.01	1	2666	买盘
10:34:21	26.65	-0.01	15	39975	卖盘
10:34:03	26.66	0.01	13	34658	买盘
10:34:00	26.65	-0.01	2	5330	卖盘
10:33:54	26.66	--	2	5332	买盘
10:33:30	26.66	--	5	13330	买盘
10:33:09	26.66	--	3	7998	买盘
10:32:54	26.66	0.01	4	10664	买盘
10:32:36	26.65	-0.01	4	10660	卖盘
10:31:48	26.66	0.01	15	39990	中性盘
10:31:24	26.65	-0.01	1	2665	卖盘
10:31:21	26.66	-0.03	53	141298	卖盘
10:31:18	26.69	--	4	10676	买盘
10:31:12	26.69	0.03	1	2669	买盘
10:30:45	26.66	--	1	2666	买盘
10:30:27	26.66	--	1	2666	买盘
10:30:24	26.66	0.01	3	7998	买盘
10:30:18	26.65	-0.01	26	69290	卖盘
10:30:12	26.66	--	5	13330	中性盘
10:29:48	26.66	--	4	10664	买盘
10:29:45	26.66	--	4	10664	买盘
10:29:36	26.66	-0.04	17	45322	卖盘
10:29:18	26.7	0.04	1	2670	买盘
10:29:09	26.66	-0.04	1	2666	中性盘
10:28:42	26.7	0.05	4	10680	买盘
10:28:27	26.65	-0.05	9	23985	卖盘
10:28:24	26.7	0.05	1	2670	买盘
10:28:00	26.65	-0.04	20	53300	卖盘
10:27:24	26.69	--	1	2669	买盘
10:27:21	26.69	--	1	2669	买盘
10:27:15	26.69	0.04	16	42704	买盘
10:26:57	26.65	-0.04	31	82615	卖盘
10:26:42	26.69	0.04	5	13345	买盘
10:26:33	26.65	--	67	178555	买盘
10:26:18	26.65	--	1	2665	买盘
10:26:12	26.65	--	6	15990	买盘
10:26:09	26.65	--	5	13325	买盘
10:26:06	26.65	-0.04	41	109265	卖盘
10:25:57	26.69	-0.01	7	18683	卖盘
10:25:54	26.7	--	1	2670	买盘
10:25:51	26.7	0.01	1	2670	买盘
10:25:48	26.69	--	4	10676	买盘
10:25:42	26.69	--	5	13345	买盘
10:25:27	26.69	0.03	1	2669	买盘
10:25:09	26.66	0.01	15	39990	买盘
10:24:57	26.65	--	21	55965	买盘
10:24:51	26.65	0.03	3	7995	买盘
10:24:48	26.62	-0.02	30	79860	卖盘
10:24:39	26.64	0.02	8	21312	买盘
10:24:33	26.62	-0.02	1	2662	卖盘
10:24:30	26.64	0.02	3	7992	买盘
10:24:27	26.62	-0.02	50	133100	卖盘
10:24:21	26.64	--	10	26640	买盘
10:24:15	26.64	--	40	106560	买盘
10:24:06	26.64	--	4	10656	买盘
10:24:03	26.64	--	2	5328	买盘
10:23:54	26.64	-0.03	10	26640	卖盘
10:23:48	26.67	0.01	23	61341	买盘
10:23:33	26.66	--	1	2666	买盘
10:23:27	26.66	--	10	26660	买盘
10:23:18	26.66	--	5	13330	买盘
10:23:15	26.66	--	5	13330	买盘
10:23:03	26.66	--	59	157294	买盘
10:22:54	26.66	0.04	30	79980	中性盘
10:22:36	26.62	--	1	2662	卖盘
10:22:15	26.62	--	20	53240	卖盘
10:22:09	26.62	--	22	58564	买盘
10:22:06	26.62	0.01	14	37268	买盘
10:22:03	26.61	-0.01	51	135711	卖盘
10:21:57	26.62	--	1	2662	买盘
10:21:54	26.62	--	1	2662	买盘
10:21:51	26.62	--	2	5324	卖盘
10:21:48	26.62	--	4	10648	卖盘
10:21:45	26.62	--	8	21296	买盘
10:21:36	26.62	0.01	33	87846	买盘
10:21:30	26.61	--	3	7983	买盘
10:21:24	26.61	--	1	2661	买盘
10:21:12	26.61	--	47	125067	买盘
10:21:09	26.61	--	5	13305	买盘
10:21:06	26.61	--	4	10644	买盘
10:21:03	26.61	--	5	13305	买盘
10:21:00	26.61	-0.01	23	61203	卖盘
10:20:54	26.62	0.01	2	5324	中性盘
10:20:45	26.61	--	17	45237	卖盘
10:20:24	26.61	--	25	66525	卖盘
10:20:21	26.61	-0.03	104	276744	卖盘
10:20:18	26.64	--	1	2664	买盘
10:20:12	26.64	--	4	10656	买盘
10:20:00	26.64	-0.01	16	42624	卖盘
10:19:57	26.65	0.01	10	26650	买盘
10:19:51	26.64	-0.03	87	231768	卖盘
10:19:42	26.67	0.02	1	2667	买盘
10:19:33	26.65	0.01	59	157235	买盘
10:19:30	26.64	--	20	53280	卖盘
10:19:27	26.64	-0.01	4	10656	卖盘
10:19:24	26.65	--	1	2665	买盘
10:19:18	26.65	--	200	533000	买盘
10:19:15	26.65	0.01	10	26650	买盘
10:19:03	26.64	-0.01	5	13320	卖盘
10:18:54	26.65	-0.04	84	223860	卖盘
10:18:48	26.69	0.02	1	2669	买盘
10:18:30	26.67	--	5	13335	卖盘
10:18:24	26.67	--	1	4027	买盘
10:18:21	26.67	--	8	21336	买盘
10:18:12	26.67	-0.02	1	3973	卖盘
10:18:00	26.69	--	3	8007	买盘
10:17:57	26.69	-0.01	25	66725	卖盘
10:17:48	26.7	0.01	1	2670	买盘
10:17:42	26.69	0.02	1	2669	买盘
10:17:30	26.67	0.02	98	262726	买盘
10:17:15	26.65	0.01	6	15990	买盘
10:17:12	26.64	-0.01	11	29304	卖盘
10:17:06	26.65	--	2	5330	买盘
10:17:03	26.65	--	43	117206	卖盘
10:16:57	26.65	-0.02	50	133250	卖盘
10:16:39	26.67	-0.01	6	16002	中性盘
10:16:24	26.68	--	6	16008	买盘
10:16:21	26.68	0.03	3	8004	买盘
10:16:06	26.65	-0.01	14	37363	卖盘
10:16:00	26.66	--	9	23994	卖盘
10:15:57	26.66	--	50	133300	卖盘
10:15:54	26.66	-0.02	16	42656	卖盘
10:15:51	26.68	0.02	3	8004	买盘
10:15:48	26.66	0.01	4	10664	中性盘
10:15:42	26.65	--	13	34645	卖盘
10:15:30	26.65	--	41	109265	买盘
10:15:27	26.65	--	5	13325	买盘
10:15:24	26.65	--	4	10660	买盘
10:15:21	26.65	-0.01	25	66625	卖盘
10:15:15	26.66	--	3	7998	买盘
10:15:12	26.66	--	15	39990	买盘
10:15:03	26.66	-0.02	5	13330	卖盘
10:15:00	26.68	--	10	26680	买盘
10:14:57	26.68	--	1	2668	买盘
10:14:54	26.68	-0.01	18	48024	卖盘
10:14:51	26.69	--	2	5338	买盘
10:14:48	26.69	--	1	2669	买盘
10:14:42	26.69	0.01	2	5338	中性盘
10:14:33	26.68	-0.01	68	181424	卖盘
10:14:30	26.69	--	1	2669	卖盘
10:14:18	26.69	--	20	53380	卖盘
10:14:09	26.69	-0.01	18	48042	买盘
10:14:03	26.7	0.01	30	80100	买盘
10:13:57	26.69	-0.01	13	34697	卖盘
10:13:54	26.7	--	52	138840	卖盘
10:13:51	26.7	-0.02	42	112140	卖盘
10:13:48	26.72	0.01	26	69472	买盘
10:13:42	26.71	-0.01	5	13355	卖盘
10:13:39	26.72	--	2	5344	买盘
10:13:30	26.72	--	3	8016	买盘
10:13:24	26.72	0.01	1	2672	买盘
10:13:21	26.71	-0.01	3	8013	卖盘
10:13:18	26.72	--	2	5344	买盘
10:13:03	26.72	0.01	1	2672	买盘
10:13:00	26.71	-0.01	11	29381	卖盘
10:12:57	26.72	--	5	13360	买盘
10:12:51	26.72	-0.03	4	11142	卖盘
10:12:48	26.75	0.03	8	21400	中性盘
10:12:36	26.72	--	15	40080	卖盘
10:12:33	26.72	-0.03	57	152304	卖盘
10:12:30	26.75	--	220	588500	卖盘
10:12:27	26.75	-0.01	48	128400	卖盘
10:12:24	26.76	--	101	270276	买盘
10:12:18	26.76	--	6	16056	买盘
10:12:12	26.76	--	7	18732	买盘
10:12:03	26.76	--	1	2676	买盘
10:11:57	26.76	0.01	7	18732	买盘
10:11:54	26.75	-0.01	14	37450	卖盘
10:11:51	26.76	--	34	90984	买盘
10:11:45	26.76	-0.04	5	13380	卖盘
10:11:27	26.8	--	2	5360	买盘
10:11:21	26.8	0.05	1	2680	买盘
10:11:03	26.75	-0.01	10	26750	卖盘
10:11:00	26.76	--	19	50844	买盘
10:10:54	26.76	0.01	10	26760	买盘
10:10:45	26.75	-0.05	10	26750	卖盘
10:10:42	26.8	0.05	8	21440	买盘
10:10:39	26.75	-0.05	20	53500	卖盘
10:10:24	26.8	0.04	13	34840	买盘
10:10:21	26.76	-0.04	11	29436	卖盘
10:10:12	26.8	--	12	32160	买盘
10:10:06	26.8	--	1	2680	买盘
10:09:57	26.8	--	1	2680	买盘
10:09:33	26.8	--	1	2680	买盘
10:09:15	26.8	0.05	21	56280	买盘
10:09:12	26.75	--	46	123050	卖盘
10:09:03	26.75	-0.03	10	26750	卖盘
10:09:00	26.78	0.03	26	71850	买盘
10:08:48	26.75	-0.03	10	26750	卖盘
10:08:45	26.78	--	10	26780	买盘
10:08:42	26.78	--	1	2678	买盘
10:08:30	26.78	--	11	29913	卖盘
10:08:09	26.78	--	8	23646	卖盘
10:08:06	26.78	-0.02	10	26780	卖盘
10:08:03	26.8	0.02	1	2680	买盘
10:08:00	26.78	0.01	16	42848	中性盘
10:07:54	26.77	-0.01	20	53540	卖盘
10:07:51	26.78	--	31	83018	买盘
10:07:48	26.78	-0.01	15	40170	卖盘
10:07:36	26.79	--	6	16074	卖盘
10:07:33	26.79	-0.01	4	10716	卖盘
10:07:24	26.8	--	1	2680	卖盘
10:07:21	26.8	0.01	2	5360	中性盘
10:07:18	26.79	-0.01	10	26790	卖盘
10:07:15	26.8	--	3	8040	卖盘
10:07:12	26.8	-0.02	3	8040	卖盘
10:07:06	26.82	0.02	1	2682	买盘
10:07:00	26.8	-0.02	6	16080	卖盘
10:06:57	26.82	0.02	1	2682	买盘
10:06:51	26.8	-0.02	12	32160	卖盘
10:06:39	26.82	--	6	16092	卖盘
10:06:36	26.82	--	3	8046	卖盘
10:06:21	26.82	-0.05	5	13410	卖盘
10:06:18	26.87	--	10	26870	买盘
10:06:15	26.87	0.05	2	5374	买盘
10:06:06	26.82	0.04	2	5364	中性盘
10:05:54	26.78	--	5	13390	卖盘
10:05:48	26.78	--	5	13390	卖盘
10:05:42	26.78	-0.04	1	2678	卖盘
10:05:39	26.82	0.05	8	21456	中性盘
10:05:15	26.77	-0.05	20	53540	卖盘
10:05:12	26.82	0.04	12	32184	中性盘
10:05:06	26.78	-0.05	115	307970	卖盘
10:04:21	26.83	--	12	32195	卖盘
10:04:03	26.83	-0.04	13	34879	卖盘
10:04:00	26.87	-0.01	21	56427	卖盘
10:03:54	26.88	--	2	5376	买盘
10:03:51	26.88	0.01	3	8064	买盘
10:03:39	26.87	--	1	2687	卖盘
10:03:33	26.87	-0.01	6	16122	卖盘
10:03:06	26.88	0.01	4	10752	买盘
10:03:03	26.87	-0.01	5	13435	卖盘
10:03:00	26.88	0.01	1	2688	买盘
10:02:33	26.87	--	10	26870	卖盘
10:02:30	26.87	-0.01	4	10748	卖盘
10:01:57	26.88	-0.01	3	8064	买盘
10:00:48	26.89	--	7	18823	卖盘
10:00:39	26.89	0.02	6	16134	买盘
10:00:30	26.87	--	20	53740	卖盘
10:00:27	26.87	-0.01	57	153159	卖盘
10:00:12	26.88	0.01	1	2688	买盘
10:00:03	26.87	0.05	10	26870	买盘
09:59:57	26.82	-0.05	10	26820	卖盘
09:59:54	26.87	--	2	5374	买盘
09:59:39	26.87	--	3	8061	卖盘
09:59:27	26.87	--	2	5374	买盘
09:59:09	26.87	-0.01	1	2687	中性盘
09:59:06	26.88	--	3	8064	买盘
09:59:03	26.88	0.05	5	13440	买盘
09:58:48	26.83	--	5	13415	卖盘
09:58:09	26.83	--	1	2683	卖盘
09:57:33	26.83	-0.06	1	2683	中性盘
09:57:12	26.89	--	1	2689	买盘
09:57:03	26.89	0.08	1	2689	买盘
09:56:03	26.81	-0.01	11	29491	卖盘
09:56:00	26.82	-0.08	12	32184	卖盘
09:55:39	26.9	0.08	8	21520	买盘
09:55:12	26.82	0.01	5	13410	买盘
09:55:06	26.81	-0.01	10	26810	卖盘
09:54:57	26.82	--	1	2682	买盘
09:54:51	26.82	-0.08	10	26820	卖盘
09:54:42	26.9	--	1	2690	买盘
09:54:39	26.9	--	2	5380	买盘
09:54:09	26.9	--	30	80700	买盘
09:53:33	26.9	0.09	2	5380	买盘
09:52:54	26.81	-0.09	1	2681	卖盘
09:52:51	26.9	0.01	4	10760	买盘
09:52:42	26.89	-0.01	4	10756	中性盘
09:52:06	26.9	--	4	10760	买盘
09:51:39	26.9	0.09	1	2690	中性盘
09:51:24	26.81	-0.11	15	40215	卖盘
09:51:21	26.92	0.02	14	37688	买盘
09:51:18	26.9	-0.02	5	13450	中性盘
09:51:09	26.92	--	1	2692	买盘
09:50:57	26.92	-0.01	5	13460	买盘
09:50:48	26.93	0.01	10	26930	买盘
09:50:45	26.92	--	11	29612	买盘
09:50:39	26.92	0.12	8	21536	买盘
09:50:18	26.8	-0.01	13	34840	卖盘
09:50:12	26.81	--	1	2681	买盘
09:50:06	26.81	--	6	16086	买盘
09:49:51	26.81	0.01	9	24129	买盘
09:49:42	26.8	--	137	367562	买盘
09:49:39	26.8	0.01	4	10720	买盘
09:49:15	26.79	--	14	37506	买盘
09:49:09	26.79	--	2	5358	买盘
09:48:51	26.79	--	1	2679	买盘
09:48:30	26.79	--	7	18753	买盘
09:48:21	26.79	--	5	13395	买盘
09:48:12	26.79	0.01	9	24111	买盘
09:48:09	26.78	0.01	1	2678	买盘
09:47:57	26.77	--	2	5354	卖盘
09:47:45	26.77	--	8	21416	买盘
09:47:39	26.77	--	4	10708	买盘
09:47:33	26.77	--	15	40155	卖盘
09:47:24	26.77	0.01	11	29447	买盘
09:47:15	26.76	-0.01	19	50844	卖盘
09:47:12	26.77	--	1	2677	买盘
09:47:09	26.77	-0.02	4	10708	卖盘
09:46:54	26.79	--	10	26790	买盘
09:46:45	26.79	--	5	13395	买盘
09:46:36	26.79	--	1	2679	买盘
09:46:27	26.79	--	5	13395	买盘
09:46:21	26.79	--	27	72333	卖盘
09:46:18	26.79	-0.01	1	2679	卖盘
09:46:15	26.8	--	4	10720	买盘
09:45:39	26.8	--	8	21440	买盘
09:45:30	26.8	0.01	7	18760	买盘
09:45:27	26.79	--	2	5358	卖盘
09:45:18	26.79	--	1	2679	卖盘
09:45:12	26.79	--	9	24111	买盘
09:45:00	26.79	0.03	10	26790	买盘
09:44:45	26.76	0.01	8	21408	中性盘
09:44:39	26.75	-0.01	4	10700	卖盘
09:44:33	26.76	--	2	5352	买盘
09:44:30	26.76	--	2	5352	买盘
09:44:12	26.76	0.01	2	5352	买盘
09:44:06	26.75	--	3	8025	卖盘
09:43:54	26.75	--	4	10700	买盘
09:43:39	26.75	--	14	37450	买盘
09:43:36	26.75	--	5	13375	买盘
09:43:30	26.75	--	2	5350	买盘
09:43:27	26.75	-0.02	5	13375	卖盘
09:43:24	26.77	0.02	5	13385	买盘
09:43:12	26.75	--	2	5350	卖盘
09:43:09	26.75	--	7	18725	卖盘
09:43:03	26.75	--	5	13375	卖盘
09:42:57	26.75	-0.01	2	5350	卖盘
09:42:54	26.76	--	6	16056	买盘
09:42:51	26.76	0.01	24	64224	买盘
09:42:48	26.75	--	8	21400	卖盘
09:42:33	26.75	--	6	16050	卖盘
09:42:30	26.75	--	15	40125	卖盘
09:42:24	26.75	-0.01	3	8025	卖盘
09:42:12	26.76	-0.01	5	13380	卖盘
09:42:06	26.77	-0.02	2	5354	中性盘
09:41:57	26.79	0.01	13	34827	买盘
09:41:54	26.78	-0.01	2	5356	中性盘
09:41:21	26.79	0.04	1	2679	中性盘
09:41:03	26.75	--	5	13375	卖盘
09:40:48	26.75	-0.01	7	18725	卖盘
09:40:45	26.76	-0.04	4	10704	中性盘
09:40:39	26.8	0.08	8	21440	中性盘
09:40:24	26.72	-0.01	5	13360	卖盘
09:40:21	26.73	0.01	6	16038	中性盘
09:40:15	26.72	-0.09	1	2672	卖盘
09:40:12	26.81	0.08	12	32172	买盘
09:40:09	26.73	-0.02	1	2673	卖盘
09:40:06	26.75	0.02	14	37450	买盘
09:39:51	26.73	-0.08	104	277992	卖盘
09:39:48	26.81	--	1	2681	买盘
09:39:33	26.81	--	4	10724	卖盘
09:39:27	26.81	--	6	16086	卖盘
09:39:18	26.81	-0.01	5	13405	卖盘
09:39:12	26.82	--	4	10728	买盘
09:39:09	26.82	--	10	26820	买盘
09:39:06	26.82	-0.01	88	238295	卖盘
09:38:57	26.83	-0.04	50	134150	卖盘
09:38:48	26.87	--	1	2687	买盘
09:38:45	26.87	0.05	1	2687	中性盘
09:38:33	26.82	-0.05	50	134100	卖盘
09:38:27	26.87	0.05	13	34931	买盘
09:38:18	26.82	-0.01	75	201150	卖盘
09:38:15	26.83	-0.04	8	21866	卖盘
09:38:12	26.87	0.05	2	5374	中性盘
09:38:03	26.82	--	14	37548	卖盘
09:37:54	26.82	-0.11	45	120690	卖盘
09:37:45	26.93	0.06	14	37702	买盘
09:37:42	26.87	--	8	21496	卖盘
09:37:33	26.87	0.05	6	16122	中性盘
09:37:00	26.82	-0.05	50	134100	卖盘
09:36:48	26.87	--	1	2687	买盘
09:36:33	26.87	--	4	10748	卖盘
09:36:30	26.87	--	21	56427	卖盘
09:36:27	26.87	-0.06	3	8061	卖盘
09:36:21	26.93	0.06	5	13465	买盘
09:36:09	26.87	--	1	2687	买盘
09:36:00	26.87	--	19	51053	买盘
09:35:39	26.87	--	8	21496	买盘
09:35:36	26.87	--	5	13435	买盘
09:35:27	26.87	0.01	9	24183	卖盘
09:35:12	26.86	--	1	2686	买盘
09:35:06	26.86	-0.1	17	45662	卖盘
09:34:12	26.96	--	20	53920	买盘
09:33:54	26.96	--	2	5392	卖盘
09:33:51	26.96	-0.01	3	8088	中性盘
09:33:27	26.97	-0.01	6	16182	卖盘
09:33:21	26.98	0.13	22	59356	买盘
09:33:03	26.85	0.05	1	2685	买盘
09:32:57	26.8	--	6	16080	卖盘
09:32:51	26.8	--	1	2680	卖盘
09:32:45	26.8	0.07	21	57968	买盘
09:32:42	26.73	-0.07	10	26730	卖盘
09:32:39	26.8	--	13	34840	买盘
09:32:33	26.8	--	50	134000	买盘
09:32:27	26.8	--	36	96480	卖盘
09:32:24	26.8	-0.05	1	2680	卖盘
09:32:21	26.85	0.01	14	37590	买盘
09:32:18	26.84	0.04	5	13420	买盘
09:32:09	26.8	--	1	2680	卖盘
09:32:06	26.8	--	3	8040	卖盘
09:32:03	26.8	--	2	5360	卖盘
09:31:54	26.8	--	13	34840	卖盘
09:31:51	26.8	0.1	2	5360	买盘
09:31:42	26.7	-0.15	42	112140	卖盘
09:31:30	26.85	0.05	10	26850	买盘
09:31:27	26.8	-0.05	23	61640	卖盘
09:31:12	26.85	--	4	10740	买盘
09:31:09	26.85	-0.13	6	16110	卖盘
09:31:03	26.98	0.13	4	10792	买盘
09:31:00	26.85	0.01	7	18795	卖盘
09:30:57	26.84	-0.01	7	18788	卖盘
09:30:54	26.85	--	2	5370	卖盘
09:30:48	26.85	0.01	2	5370	中性盘
09:30:27	26.84	-0.01	12	32208	卖盘
09:30:21	26.85	--	5	13425	买盘
09:30:15	26.85	--	7	18795	买盘
09:30:09	26.85	0.01	5	13425	买盘
09:30:06	26.84	-0.01	2	5368	买盘
09:30:03	26.85	26.85	7	18795	买盘
