成交时间	成交价	价格变动	成交量(手)	成交额(元)	性质
15:00:03	8.45	--	1562	1320439	买盘
14:57:00	8.45	--	4	3379	买盘
14:56:57	8.45	--	47	39715	买盘
14:56:54	8.45	--	3	2535	买盘
14:56:51	8.45	--	50	42250	买盘
14:56:48	8.45	--	44	37180	买盘
14:56:39	8.45	-0.02	143	120834	卖盘
14:56:21	8.47	0.02	5	4235	买盘
14:56:09	8.45	-0.01	7	5914	买盘
14:56:00	8.46	0.02	13	10998	买盘
14:55:57	8.44	-0.01	30	25320	卖盘
14:55:54	8.45	--	12	10140	买盘
14:55:51	8.45	--	138	116609	买盘
14:55:48	8.45	0.01	4	3379	买盘
14:55:42	8.44	--	30	25320	卖盘
14:55:33	8.44	-0.01	53	44732	卖盘
14:55:30	8.45	--	43	36335	买盘
14:55:15	8.45	0.01	31	26194	买盘
14:55:12	8.44	--	455	384020	卖盘
14:55:06	8.44	-0.01	250	211000	卖盘
14:55:03	8.45	--	90	76050	买盘
14:55:00	8.45	--	75	63374	买盘
14:54:57	8.45	0.01	35	29574	买盘
14:54:54	8.44	-0.01	11	9284	卖盘
14:54:51	8.45	0.01	1	844	买盘
14:54:45	8.44	-0.01	200	168800	卖盘
14:54:39	8.45	0.01	41	34645	买盘
14:54:24	8.44	-0.01	14	11816	卖盘
14:54:21	8.45	0.01	20	16900	买盘
14:54:12	8.44	--	32	27008	买盘
14:54:09	8.44	-0.01	283	238852	卖盘
14:54:06	8.45	0.01	10	8450	买盘
14:54:03	8.44	--	30	25320	卖盘
14:54:00	8.44	-0.01	52	43888	卖盘
14:53:54	8.45	--	96	81120	买盘
14:53:48	8.45	--	2	1689	买盘
14:53:45	8.45	--	7	5914	买盘
14:53:42	8.45	--	15	12674	买盘
14:53:39	8.45	0.01	30	25349	买盘
14:53:36	8.44	-0.01	10	8440	卖盘
14:53:24	8.45	0.01	70	59149	买盘
14:53:21	8.44	-0.01	504	425376	卖盘
14:53:18	8.45	--	93	78585	买盘
14:53:09	8.45	--	100	84500	买盘
14:53:03	8.45	0.01	499	421654	买盘
14:53:00	8.44	--	100	84400	卖盘
14:52:54	8.44	-0.01	34	28696	卖盘
14:52:51	8.45	--	120	101399	买盘
14:52:48	8.45	--	38	32109	买盘
14:52:42	8.45	--	36	30614	卖盘
14:52:39	8.45	-0.01	41	34645	卖盘
14:52:36	8.46	--	604	510984	买盘
14:52:30	8.46	0.01	63	53298	买盘
14:52:12	8.45	--	8	6759	卖盘
14:52:09	8.45	0.01	37	31915	买盘
14:52:00	8.44	-0.01	12	10128	卖盘
14:51:57	8.45	0.01	20	16900	买盘
14:51:54	8.44	-0.01	5	4220	卖盘
14:51:51	8.45	--	20	16900	买盘
14:51:48	8.45	--	9	7604	买盘
14:51:45	8.45	--	3	2535	买盘
14:51:39	8.45	--	86	72670	买盘
14:51:30	8.45	--	10	8450	买盘
14:51:27	8.45	--	10	8450	买盘
14:51:21	8.45	--	108	91259	买盘
14:51:18	8.45	--	28	23659	买盘
14:51:15	8.45	--	202	170690	买盘
14:51:12	8.45	--	5	4225	买盘
14:51:09	8.45	--	41	34645	买盘
14:51:00	8.45	--	140	118494	卖盘
14:50:45	8.45	--	93	78585	卖盘
14:50:33	8.45	-0.02	10	8450	卖盘
14:50:27	8.47	0.02	2	1694	买盘
14:50:24	8.45	-0.01	1541	1302145	卖盘
14:50:15	8.46	--	76	64296	卖盘
14:50:03	8.46	--	300	253800	卖盘
14:50:00	8.46	--	168	142779	买盘
14:49:57	8.46	--	343	290178	买盘
14:49:54	8.46	--	118	99828	买盘
14:49:51	8.46	--	6	5076	买盘
14:49:42	8.46	0.01	90	76140	买盘
14:49:33	8.45	-0.01	1020	861899	卖盘
14:49:30	8.46	--	89	75294	买盘
14:49:27	8.46	--	148	125208	买盘
14:49:24	8.46	--	15	12690	买盘
14:49:18	8.46	--	4	3384	买盘
14:49:15	8.46	--	16	13536	买盘
14:49:06	8.46	--	1	846	买盘
14:49:00	8.46	--	27	22842	买盘
14:48:54	8.46	--	13	10998	买盘
14:48:51	8.46	--	8	6768	买盘
14:48:48	8.46	--	4	3384	买盘
14:48:45	8.46	--	14	11844	买盘
14:48:42	8.46	--	20	16920	买盘
14:48:39	8.46	--	28	23688	买盘
14:48:21	8.46	--	5	4230	买盘
14:48:18	8.46	--	129	109134	买盘
14:48:09	8.46	--	13	10998	买盘
14:48:00	8.46	--	17	14382	买盘
14:47:51	8.46	--	24	20304	买盘
14:47:45	8.46	--	617	522176	卖盘
14:47:33	8.46	--	85	71910	卖盘
14:47:00	8.46	--	8	6768	卖盘
14:46:51	8.46	-0.01	2	1692	卖盘
14:46:48	8.47	--	35	29645	买盘
14:46:45	8.47	--	52	44044	买盘
14:46:39	8.47	0.01	9	7623	买盘
14:46:30	8.46	--	69	59025	买盘
14:46:27	8.46	--	62	52452	买盘
14:46:24	8.46	--	38	32148	买盘
14:46:21	8.46	--	10	8460	买盘
14:46:18	8.46	--	10	8460	买盘
14:46:12	8.46	--	20	16920	买盘
14:46:00	8.46	--	15	12690	买盘
14:45:57	8.46	--	405	342630	买盘
14:45:54	8.46	--	3	2538	买盘
14:45:48	8.46	--	36	30456	买盘
14:45:45	8.46	0.01	107	90522	买盘
14:45:42	8.45	-0.01	400	338000	卖盘
14:45:36	8.46	--	25	21150	买盘
14:45:33	8.46	--	50	42300	买盘
14:45:30	8.46	--	182	153972	买盘
14:45:27	8.46	--	20	16920	买盘
14:45:18	8.46	--	25	21344	卖盘
14:45:15	8.46	--	200	169200	卖盘
14:45:06	8.46	--	500	423000	卖盘
14:44:57	8.46	--	216	183387	买盘
14:44:54	8.46	--	2048	1732608	买盘
14:44:51	8.46	--	17	14382	买盘
14:44:48	8.46	--	60	50760	买盘
14:44:45	8.46	--	5	4230	买盘
14:44:42	8.46	--	26	21996	买盘
14:44:27	8.46	--	105	89024	卖盘
14:44:18	8.46	--	445	377121	买盘
14:44:15	8.46	--	6	5076	买盘
14:44:12	8.46	--	1	846	买盘
14:44:06	8.46	--	30	25380	买盘
14:44:03	8.46	--	4	3384	买盘
14:43:57	8.46	--	10	8460	买盘
14:43:54	8.46	0.01	50	42300	买盘
14:43:51	8.45	-0.01	30	25349	卖盘
14:43:48	8.46	--	30	25380	买盘
14:43:42	8.46	0.01	40	33840	买盘
14:43:36	8.45	-0.01	50	42250	卖盘
14:43:33	8.46	--	124	105098	卖盘
14:43:24	8.46	--	297	251913	买盘
14:43:18	8.46	--	197	166662	买盘
14:43:06	8.46	--	13	10998	买盘
14:43:00	8.46	0.01	10	8460	买盘
14:42:57	8.45	--	124	104779	卖盘
14:42:54	8.45	-0.01	5	4225	卖盘
14:42:48	8.46	--	147	124362	买盘
14:42:42	8.46	--	12	10152	买盘
14:42:39	8.46	--	6	5076	买盘
14:42:36	8.46	--	210	177660	买盘
14:42:30	8.46	--	3	2538	买盘
14:42:27	8.46	--	17	14382	买盘
14:42:24	8.46	--	2	1692	买盘
14:42:15	8.46	--	32	27072	买盘
14:42:12	8.46	--	366	309661	卖盘
14:42:03	8.46	-0.01	100	84600	卖盘
14:42:00	8.47	0.01	2	1694	买盘
14:41:57	8.46	-0.01	20	16920	卖盘
14:41:54	8.47	0.01	1	847	买盘
14:41:48	8.46	--	40	33840	卖盘
14:41:24	8.46	-0.01	15	12690	卖盘
14:41:21	8.47	0.01	10	8470	买盘
14:41:18	8.46	-0.01	1	846	卖盘
14:41:15	8.47	0.01	59	49973	买盘
14:41:12	8.46	-0.01	375	317250	卖盘
14:41:00	8.47	0.01	2	1694	买盘
14:40:57	8.46	-0.01	80	67680	卖盘
14:40:42	8.47	0.01	4	3388	买盘
14:40:33	8.46	--	31	26226	卖盘
14:40:15	8.46	--	30	25380	卖盘
14:40:06	8.46	-0.01	10	8460	卖盘
14:39:45	8.47	--	69	58443	买盘
14:39:24	8.47	0.01	15	12705	买盘
14:39:18	8.46	--	47	39762	卖盘
14:39:09	8.46	--	10	8460	卖盘
14:39:03	8.46	-0.01	1500	1269000	卖盘
14:38:57	8.47	--	5	4235	买盘
14:38:54	8.47	--	19	16093	买盘
14:38:51	8.47	--	11	9317	买盘
14:38:45	8.47	--	10	8470	买盘
14:38:42	8.47	--	1	847	买盘
14:38:36	8.47	--	10	8470	买盘
14:38:30	8.47	--	13	11011	买盘
14:38:21	8.47	--	8	6776	买盘
14:38:18	8.47	0.01	21	17787	买盘
14:38:15	8.46	-0.01	56	47376	卖盘
14:38:09	8.47	--	51	43197	买盘
14:38:06	8.47	--	7	5929	买盘
14:38:03	8.47	--	5	4235	买盘
14:38:00	8.47	--	69	58443	买盘
14:37:54	8.47	--	24	20328	买盘
14:37:51	8.47	--	30	25410	买盘
14:37:42	8.47	--	26	22022	买盘
14:37:36	8.47	--	50	42350	买盘
14:37:33	8.47	--	10	8470	买盘
14:37:30	8.47	0.01	388	328636	买盘
14:37:27	8.46	-0.01	302	255492	卖盘
14:37:24	8.47	--	20	16940	买盘
14:37:21	8.47	--	29	24563	买盘
14:37:18	8.47	--	9	7623	买盘
14:37:09	8.47	--	13	11011	买盘
14:37:06	8.47	--	14	11858	买盘
14:36:57	8.47	--	62	52514	买盘
14:36:54	8.47	--	70	59290	买盘
14:36:48	8.47	--	132	111804	买盘
14:36:42	8.47	0.01	10	8470	买盘
14:36:39	8.46	-0.01	23	20278	卖盘
14:36:24	8.47	0.01	52	44044	买盘
14:36:15	8.46	--	1	846	卖盘
14:36:06	8.46	--	1	846	卖盘
14:35:54	8.46	-0.01	104	87984	卖盘
14:35:48	8.47	0.01	20	16940	买盘
14:35:09	8.46	-0.01	135	114210	卖盘
14:35:03	8.47	--	5	4235	买盘
14:34:57	8.47	--	87	73689	卖盘
14:34:48	8.47	--	20	16940	卖盘
14:34:45	8.47	--	82	69454	买盘
14:34:42	8.47	--	10	8470	买盘
14:34:39	8.47	--	31	26257	买盘
14:34:36	8.47	--	8	6776	买盘
14:34:30	8.47	--	20	16940	买盘
14:34:24	8.47	0.01	4	3388	买盘
14:34:15	8.46	-0.01	90	76140	卖盘
14:34:12	8.47	0.01	61	51667	买盘
14:34:09	8.46	--	18	15228	卖盘
14:34:06	8.46	-0.01	5	4230	卖盘
14:34:03	8.47	--	27	22869	中性盘
14:33:54	8.47	--	20	16940	卖盘
14:33:48	8.47	0.01	24	20497	买盘
14:33:42	8.46	-0.01	200	169200	卖盘
14:33:30	8.47	--	67	56749	买盘
14:33:24	8.47	--	30	25410	买盘
14:33:06	8.47	--	83	70978	卖盘
14:33:00	8.47	-0.01	2	1694	卖盘
14:32:54	8.48	--	11	9328	买盘
14:32:51	8.48	0.01	70	59529	买盘
14:32:45	8.47	--	240	203957	卖盘
14:32:33	8.47	--	1	847	卖盘
14:32:09	8.47	-0.01	3	2541	卖盘
14:32:06	8.48	--	29	24592	买盘
14:31:54	8.48	0.01	70	59360	买盘
14:31:51	8.47	--	34	28798	卖盘
14:31:42	8.47	--	5	4404	买盘
14:31:39	8.47	--	10	8470	买盘
14:31:33	8.47	--	1	847	买盘
14:31:30	8.47	--	95	80465	买盘
14:31:27	8.47	--	305	258335	买盘
14:31:21	8.47	--	144	121968	买盘
14:31:18	8.47	--	15	12705	买盘
14:31:15	8.47	--	4	3388	买盘
14:31:12	8.47	--	1	847	买盘
14:31:09	8.47	--	30	25410	买盘
14:31:06	8.47	--	10	8470	买盘
14:31:03	8.47	--	29	24563	买盘
14:31:00	8.47	--	81	68607	买盘
14:30:54	8.47	--	10	8470	买盘
14:30:51	8.47	--	26	22022	买盘
14:30:36	8.47	--	203	171941	买盘
14:30:30	8.47	--	9	7623	买盘
14:30:24	8.47	--	92	77924	买盘
14:30:21	8.47	--	6	5082	买盘
14:30:18	8.47	--	4	3388	买盘
14:30:15	8.47	--	65	55055	买盘
14:30:12	8.47	--	2	1694	买盘
14:30:06	8.47	--	10	8470	买盘
14:30:00	8.47	--	40	33880	买盘
14:29:54	8.47	--	220	186340	买盘
14:29:51	8.47	--	20	16940	买盘
14:29:45	8.47	--	52	44044	买盘
14:29:42	8.47	--	72	60984	买盘
14:29:36	8.47	--	40	33880	买盘
14:29:30	8.47	--	2	1694	买盘
14:29:27	8.47	--	4	3388	买盘
14:29:24	8.47	--	10	8470	买盘
14:29:18	8.47	--	5	4235	买盘
14:29:15	8.47	--	13	11011	买盘
14:29:12	8.47	0.01	10	8470	买盘
14:29:06	8.46	--	7	5922	卖盘
14:29:00	8.46	-0.01	53	44838	卖盘
14:28:57	8.47	--	33	27951	买盘
14:28:54	8.47	--	154	130438	买盘
14:28:45	8.47	0.01	50	42350	买盘
14:28:42	8.46	-0.01	830	702180	卖盘
14:28:39	8.47	--	10	8470	买盘
14:28:30	8.47	0.01	217	183799	买盘
14:28:27	8.46	-0.01	200	169200	卖盘
14:28:24	8.47	--	500	423500	买盘
14:28:21	8.47	0.01	6	5082	买盘
14:28:18	8.46	-0.01	36	30456	卖盘
14:28:12	8.47	--	1	847	买盘
14:28:06	8.47	--	1	847	买盘
14:27:54	8.47	--	52	44044	买盘
14:27:51	8.47	--	2	1694	买盘
14:27:48	8.47	--	25	21175	买盘
14:27:42	8.47	--	1	847	买盘
14:27:39	8.47	--	1	847	买盘
14:27:36	8.47	--	21	17787	买盘
14:27:30	8.47	--	10	8470	买盘
14:27:18	8.47	--	20	16940	买盘
14:27:15	8.47	--	10	8470	买盘
14:27:12	8.47	--	20	16940	买盘
14:27:09	8.47	--	313	265111	卖盘
14:27:00	8.47	-0.01	10	8470	卖盘
14:26:36	8.48	--	8	6784	买盘
14:26:30	8.48	--	3	2544	买盘
14:26:27	8.48	--	2	1696	买盘
14:26:21	8.48	--	5	4240	买盘
14:26:18	8.48	0.01	57	48336	买盘
14:26:15	8.47	--	25	21175	买盘
14:26:12	8.47	-0.01	947	802363	卖盘
14:26:09	8.48	--	70	59360	买盘
14:26:06	8.48	--	46	39008	买盘
14:26:03	8.48	--	60	50880	买盘
14:25:57	8.48	--	140	118720	买盘
14:25:48	8.48	--	231	195888	买盘
14:25:45	8.48	--	2	1696	买盘
14:25:36	8.48	--	32	27136	买盘
14:25:33	8.48	--	3	2544	买盘
14:25:24	8.48	-0.01	176	149248	卖盘
14:25:21	8.49	0.01	20	16980	买盘
14:25:12	8.48	-0.01	300	254400	卖盘
14:25:09	8.49	--	68	57732	买盘
14:25:00	8.49	--	10	8490	买盘
14:24:54	8.49	--	2	1698	买盘
14:24:48	8.49	--	5	4245	买盘
14:24:45	8.49	--	7	5943	买盘
14:24:36	8.49	0.01	13	11037	买盘
14:24:30	8.48	-0.01	500	424000	卖盘
14:24:27	8.49	--	1	849	买盘
14:24:24	8.49	--	20	16980	买盘
14:24:21	8.49	--	10	8490	买盘
14:24:09	8.49	--	19	16131	买盘
14:24:03	8.49	--	8	6792	买盘
14:23:57	8.49	--	25	21225	买盘
14:23:54	8.49	--	13	11037	买盘
14:23:51	8.49	--	60	50940	买盘
14:23:48	8.49	--	10	8490	买盘
14:23:45	8.49	-0.01	74	63063	卖盘
14:23:42	8.5	--	5	4250	买盘
14:23:33	8.5	0.01	16	13600	买盘
14:23:06	8.49	--	3	3158	买盘
14:23:03	8.49	0.01	55	46695	买盘
14:23:00	8.48	-0.01	20	16960	卖盘
14:22:57	8.49	--	64	54336	买盘
14:22:54	8.49	--	16	13584	买盘
14:22:48	8.49	--	12	10188	买盘
14:22:42	8.49	--	437	371013	买盘
14:22:36	8.49	--	421	357429	买盘
14:22:24	8.49	--	13	11037	买盘
14:22:09	8.49	--	330	280170	买盘
14:22:00	8.49	0.01	27	22923	买盘
14:21:51	8.48	-0.01	200	169600	卖盘
14:21:45	8.49	--	9	7641	买盘
14:21:42	8.49	--	10	8490	买盘
14:21:39	8.49	0.01	16	13584	买盘
14:21:36	8.48	-0.01	100	84800	卖盘
14:21:27	8.49	--	10	8490	买盘
14:21:15	8.49	0.01	8	6792	买盘
14:21:12	8.48	--	55	46640	买盘
14:21:09	8.48	-0.01	441	373968	卖盘
14:21:03	8.49	--	20	16980	买盘
14:21:00	8.49	--	36	30564	买盘
14:20:57	8.49	--	10	8490	买盘
14:20:48	8.49	--	10	8490	买盘
14:20:42	8.49	--	4	3396	买盘
14:20:33	8.49	--	82	69855	卖盘
14:20:30	8.49	0.01	117	99944	买盘
14:20:27	8.48	-0.01	300	254400	卖盘
14:20:24	8.49	--	20	16980	买盘
14:20:15	8.49	--	22	18678	买盘
14:20:12	8.49	--	13	11037	买盘
14:20:09	8.49	--	4	3396	买盘
14:20:06	8.49	-0.01	43	36744	卖盘
14:20:03	8.5	0.01	24	20400	买盘
14:20:00	8.49	--	16	14195	买盘
14:19:57	8.49	--	83	70704	卖盘
14:19:24	8.49	-0.01	92	78719	卖盘
14:19:03	8.5	--	94	79900	买盘
14:19:00	8.5	--	20	17000	买盘
14:18:57	8.5	--	10	8500	买盘
14:18:48	8.5	--	4	3400	买盘
14:18:45	8.5	-0.01	143	121550	卖盘
14:18:27	8.51	--	24	20424	买盘
14:18:21	8.51	-0.01	168	143206	卖盘
14:18:15	8.52	--	6	5112	卖盘
14:18:06	8.52	--	20	17040	卖盘
14:17:54	8.52	-0.01	24	20448	卖盘
14:17:45	8.53	0.01	6	5118	买盘
14:17:39	8.52	-0.01	17	14484	卖盘
14:17:33	8.53	0.01	103	87859	买盘
14:17:18	8.52	--	10	8520	卖盘
14:17:12	8.52	-0.01	50	42600	卖盘
14:16:54	8.53	0.01	50	42650	买盘
14:16:51	8.52	-0.01	69	58788	卖盘
14:16:42	8.53	--	5	4265	买盘
14:16:36	8.53	--	16	13647	买盘
14:16:33	8.53	--	16	13647	买盘
14:16:30	8.53	--	20	17060	买盘
14:16:24	8.53	--	10	8530	买盘
14:16:15	8.53	--	40	34120	买盘
14:16:00	8.53	--	10	8530	买盘
14:15:57	8.53	--	4	3411	买盘
14:15:45	8.53	--	10	8530	买盘
14:15:36	8.53	--	1	852	买盘
14:15:30	8.53	--	20	17060	买盘
14:15:27	8.53	--	2	1705	买盘
14:15:09	8.53	0.01	9	7676	买盘
14:15:06	8.52	0.02	453	386569	买盘
14:15:00	8.5	-0.01	1	850	卖盘
14:14:54	8.51	0.01	32	27232	买盘
14:14:33	8.5	-0.01	4	3400	卖盘
14:14:30	8.51	--	5	4255	买盘
14:14:27	8.51	--	10	8510	买盘
14:14:21	8.51	0.01	30	25530	买盘
14:13:45	8.5	-0.01	119	101150	卖盘
14:13:33	8.51	0.01	10	8510	买盘
14:13:30	8.5	-0.01	2	1700	卖盘
14:13:12	8.51	--	52	44252	买盘
14:13:09	8.51	0.01	10	8510	买盘
14:12:57	8.5	--	84	71400	买盘
14:12:51	8.5	--	52	44200	买盘
14:12:24	8.5	0.02	10	8500	买盘
14:12:15	8.48	-0.01	172	145856	卖盘
14:12:12	8.49	--	55	46695	买盘
14:12:06	8.49	--	100	84900	买盘
14:11:45	8.49	--	1	849	买盘
14:11:36	8.49	--	22	18678	买盘
14:11:30	8.49	--	132	112068	买盘
14:11:27	8.49	--	6	5094	买盘
14:11:12	8.49	--	80	67920	买盘
14:10:06	8.49	--	15	12735	买盘
14:10:00	8.49	0.01	1	849	买盘
14:09:54	8.48	--	10	8480	卖盘
14:09:48	8.48	-0.01	2	1696	卖盘
14:09:36	8.49	--	7	5943	买盘
14:09:15	8.49	0.01	20	16980	买盘
14:09:03	8.48	-0.01	200	169600	卖盘
14:08:30	8.49	--	52	44148	买盘
14:08:18	8.49	0.01	6	5094	买盘
14:08:06	8.48	-0.01	1	848	卖盘
14:07:48	8.49	--	7	5943	买盘
14:07:42	8.49	-0.01	132	112068	卖盘
14:07:30	8.5	--	16	13600	买盘
14:07:24	8.5	0.01	1	850	买盘
14:07:00	8.49	--	64	54336	买盘
14:06:57	8.49	--	29	24621	买盘
14:06:51	8.49	--	20	16980	买盘
14:06:24	8.49	--	11	9339	卖盘
14:06:15	8.49	0.01	153	129897	买盘
14:06:09	8.48	-0.01	5	4240	卖盘
14:06:06	8.49	--	6	5094	买盘
14:05:48	8.49	-0.01	41	34809	卖盘
14:05:15	8.5	--	15	12750	买盘
14:04:45	8.5	--	1	850	买盘
14:04:39	8.5	0.01	56	47600	买盘
14:04:27	8.49	--	2	1698	卖盘
14:04:21	8.49	-0.01	10	8490	卖盘
14:04:18	8.5	--	20	17000	买盘
14:03:36	8.5	0.01	2	1700	买盘
14:03:21	8.49	-0.01	2	1698	卖盘
14:03:12	8.5	0.01	52	44200	买盘
14:02:57	8.49	--	6	5094	买盘
14:02:33	8.49	-0.01	1	849	卖盘
14:02:27	8.5	0.01	5	4250	买盘
14:02:03	8.49	-0.01	50	42450	卖盘
14:01:57	8.5	0.01	16	13600	买盘
14:01:27	8.49	--	100	84900	卖盘
14:01:12	8.49	-0.01	21	17829	卖盘
14:00:54	8.5	--	1	850	买盘
14:00:51	8.5	--	3	2550	买盘
14:00:06	8.5	--	52	44200	买盘
13:59:51	8.5	--	5	4250	买盘
13:59:48	8.5	--	1	850	买盘
13:59:15	8.5	--	10	8500	买盘
13:59:09	8.5	--	12	10200	买盘
13:58:51	8.5	--	3	2550	买盘
13:58:45	8.5	--	31	26350	卖盘
13:57:57	8.5	--	1	850	买盘
13:57:48	8.5	--	54	45900	买盘
13:57:42	8.5	-0.01	6	5100	卖盘
13:57:30	8.51	0.01	23	19573	买盘
13:57:12	8.5	--	29	24650	买盘
13:56:51	8.5	0.01	4	3400	买盘
13:55:54	8.49	--	12	10188	买盘
13:55:51	8.49	0.01	137	116313	买盘
13:55:42	8.48	-0.01	2	1696	卖盘
13:55:30	8.49	--	20	16980	买盘
13:55:27	8.49	--	6	5094	买盘
13:55:24	8.49	--	20	16980	买盘
13:55:03	8.49	-0.01	28	23772	卖盘
13:54:57	8.5	--	104	88400	买盘
13:54:30	8.5	--	5	4250	买盘
13:53:36	8.5	--	2	1700	买盘
13:53:24	8.5	--	15	12750	买盘
13:53:12	8.5	--	20	17000	买盘
13:53:03	8.5	--	109	92650	买盘
13:52:45	8.5	0.02	52	44200	买盘
13:52:03	8.48	-0.01	2	1696	卖盘
13:51:57	8.49	-0.01	62	52638	中性盘
13:51:39	8.5	0.01	47	39950	买盘
13:51:24	8.49	0.01	5	4245	中性盘
13:51:06	8.48	-0.01	10	8480	卖盘
13:50:51	8.49	--	9	7641	买盘
13:50:30	8.49	0.01	18	15282	买盘
13:50:21	8.48	-0.01	30	25440	卖盘
13:50:09	8.49	--	8	6792	买盘
13:49:39	8.49	--	12	10188	买盘
13:49:24	8.49	-0.01	5	4245	中性盘
13:48:30	8.5	--	20	17000	买盘
13:48:18	8.5	0.02	10	8500	买盘
13:48:03	8.48	--	12	10176	买盘
13:47:51	8.48	--	5	4240	买盘
13:47:39	8.48	--	193	163664	中性盘
13:47:00	8.48	--	5	4240	卖盘
13:46:36	8.48	0.01	5	4240	中性盘
13:46:03	8.47	-0.03	820	694540	卖盘
13:45:57	8.5	0.02	455	386750	买盘
13:45:45	8.48	--	15	12720	卖盘
13:45:21	8.48	--	1	848	卖盘
13:45:18	8.48	--	34	28832	卖盘
13:44:57	8.48	-0.02	56	47488	卖盘
13:44:54	8.5	--	52	44200	买盘
13:44:42	8.5	0.02	1	850	买盘
13:44:15	8.48	--	4	3392	卖盘
13:44:00	8.48	--	100	84800	卖盘
13:43:39	8.48	-0.02	3	2544	卖盘
13:43:27	8.5	--	2	1700	买盘
13:43:06	8.5	0.01	52	44200	买盘
13:42:57	8.49	0.01	6	5094	买盘
13:42:54	8.48	-0.01	100	84800	卖盘
13:42:30	8.49	--	36	30564	卖盘
13:41:42	8.49	-0.01	100	84900	卖盘
13:41:39	8.5	--	11	9350	买盘
13:41:30	8.5	--	11	9350	买盘
13:40:51	8.5	--	14	11900	卖盘
13:40:45	8.5	--	34	28900	卖盘
13:40:15	8.5	-0.01	300	255000	卖盘
13:39:51	8.51	--	25	21275	买盘
13:39:48	8.51	--	15	12765	卖盘
13:39:27	8.51	--	30	25530	买盘
13:39:12	8.51	--	70	59570	卖盘
13:38:24	8.51	-0.01	2	1702	卖盘
13:38:06	8.52	--	5	4260	买盘
13:37:57	8.52	--	300	255600	买盘
13:37:54	8.52	--	6	5112	买盘
13:37:21	8.52	--	35	29820	买盘
13:36:51	8.52	0.01	52	44304	买盘
13:36:42	8.51	--	5	4255	卖盘
13:36:39	8.51	--	20	17020	卖盘
13:36:24	8.51	--	2	1702	卖盘
13:36:18	8.51	--	20	17020	卖盘
13:35:39	8.51	-0.01	6	5106	卖盘
13:35:36	8.52	0.01	5	4260	买盘
13:35:27	8.51	--	10	8510	卖盘
13:35:15	8.51	--	2	1702	卖盘
13:34:42	8.51	--	6	5106	卖盘
13:34:12	8.51	--	50	42550	卖盘
13:34:06	8.51	--	1	851	卖盘
13:33:57	8.51	0.01	3	2553	买盘
13:33:48	8.5	-0.01	28	23800	卖盘
13:33:45	8.51	--	30	25530	买盘
13:33:15	8.51	--	52	44252	买盘
13:33:09	8.51	--	22	18722	卖盘
13:31:48	8.51	--	5	4255	卖盘
13:31:39	8.51	--	6	5106	卖盘
13:31:33	8.51	--	34	28934	买盘
13:31:18	8.51	--	100	85100	买盘
13:30:21	8.51	--	4	3404	卖盘
13:30:18	8.51	--	30	25530	卖盘
13:29:57	8.51	--	16	13616	买盘
13:29:42	8.51	--	9	7659	卖盘
13:29:30	8.51	--	27	22977	卖盘
13:29:15	8.51	0.01	16	13616	买盘
13:29:00	8.5	--	3	2550	卖盘
13:28:42	8.5	-0.01	2	1700	卖盘
13:28:21	8.51	--	72	61272	买盘
13:28:06	8.51	0.01	20	17020	买盘
13:27:42	8.5	-0.01	40	34000	卖盘
13:27:18	8.51	0.01	52	44252	买盘
13:27:03	8.5	--	51	43350	买盘
13:26:54	8.5	-0.01	149	126650	卖盘
13:26:12	8.51	--	62	52762	买盘
13:26:00	8.51	0.01	1	851	买盘
13:25:36	8.5	--	8	6800	买盘
13:25:15	8.5	0.01	2	1700	中性盘
13:24:33	8.49	-0.03	5	4245	卖盘
13:24:12	8.52	0.02	198	168696	买盘
13:23:45	8.5	0.01	26	22100	买盘
13:23:12	8.49	-0.01	1	849	卖盘
13:21:06	8.5	0.01	1	850	买盘
13:20:45	8.49	-0.01	5	4245	卖盘
13:20:36	8.5	--	16	13600	卖盘
13:20:33	8.5	--	7	5950	卖盘
13:20:21	8.5	--	12	10200	卖盘
13:20:12	8.5	--	12	10200	买盘
13:18:45	8.5	-0.01	4	3400	卖盘
13:18:39	8.51	--	40	34040	买盘
13:18:12	8.51	--	24	20424	买盘
13:16:51	8.51	0.03	236	200836	买盘
13:16:48	8.48	--	61	51728	买盘
13:16:42	8.48	0.01	52	44096	买盘
13:16:12	8.47	--	2	1694	卖盘
13:16:00	8.47	-0.01	59	49973	卖盘
13:15:51	8.48	--	10	8480	买盘
13:15:42	8.48	--	52	44096	买盘
13:15:24	8.48	-0.01	207	175536	卖盘
13:15:12	8.49	0.01	5	4245	买盘
13:15:06	8.48	-0.01	7	5936	卖盘
13:15:03	8.49	--	10	8490	买盘
13:14:57	8.49	-0.01	186	157914	卖盘
13:14:27	8.5	--	48	40800	买盘
13:14:15	8.5	--	9	7650	买盘
13:13:36	8.5	--	20	17000	买盘
13:13:03	8.5	--	20	17000	买盘
13:12:54	8.5	-0.01	93	79050	卖盘
13:12:51	8.51	0.01	20	17020	买盘
13:11:36	8.5	--	8	6800	卖盘
13:11:27	8.5	--	10	8500	卖盘
13:10:33	8.5	-0.01	50	42500	买盘
13:10:21	8.51	--	2	1702	买盘
13:10:15	8.51	--	1	851	买盘
13:09:36	8.51	0.02	179	152329	买盘
13:09:27	8.49	--	3	2547	买盘
13:09:15	8.49	0.01	50	42450	买盘
13:07:57	8.48	-0.01	39	33072	卖盘
13:07:27	8.49	--	56	47544	买盘
13:06:33	8.49	--	44	37356	买盘
13:06:24	8.49	--	5	4245	买盘
13:06:18	8.49	--	1	849	买盘
13:06:12	8.49	--	7	5943	买盘
13:06:09	8.49	--	10	8490	买盘
13:05:54	8.49	-0.01	21	17829	中性盘
13:05:45	8.5	--	1	850	买盘
13:05:24	8.5	--	1	850	买盘
13:05:12	8.5	0.02	1	850	买盘
13:05:00	8.48	--	3	2544	买盘
13:04:15	8.48	-0.04	7	5936	中性盘
13:03:03	8.52	0.05	132	112464	买盘
13:02:57	8.47	--	83	70893	买盘
13:02:42	8.47	--	20	16940	买盘
13:02:39	8.47	--	200	169400	买盘
13:02:36	8.47	--	100	84700	买盘
13:02:24	8.47	--	10	8470	买盘
13:02:21	8.47	--	23	19481	买盘
13:01:57	8.47	0.01	142	120274	买盘
13:01:54	8.46	-0.01	50	42300	卖盘
13:01:42	8.47	--	5	4235	买盘
13:01:36	8.47	--	10	8470	买盘
13:01:21	8.47	--	14	11858	买盘
13:01:12	8.47	--	10	8470	买盘
13:01:00	8.47	--	10	8470	买盘
13:00:51	8.47	--	107	90629	买盘
13:00:39	8.47	0.01	20	16940	买盘
13:00:27	8.46	-0.01	20	16920	卖盘
13:00:24	8.47	--	12	10164	买盘
13:00:06	8.47	--	66	55902	买盘
13:00:03	8.47	-0.02	971	822437	卖盘
13:00:00	8.49	--	0	0	卖盘
11:30:00	8.49	--	0	0	卖盘
11:29:54	8.49	--	1	849	卖盘
11:29:48	8.49	-0.01	1	849	卖盘
11:29:36	8.5	--	20	17000	买盘
11:29:18	8.5	--	12	10200	买盘
11:28:36	8.5	0.02	5	4250	买盘
11:28:00	8.48	-0.02	11	9328	卖盘
11:27:54	8.5	--	2	1700	买盘
11:27:27	8.5	--	30	25500	买盘
11:26:54	8.5	--	20	17000	买盘
11:26:51	8.5	0.01	20	17000	买盘
11:26:36	8.49	-0.01	5	4245	卖盘
11:26:06	8.5	0.02	1	850	买盘
11:24:57	8.48	--	5	4240	卖盘
11:24:36	8.48	-0.02	33	27984	卖盘
11:24:27	8.5	0.02	185	157250	买盘
11:24:12	8.48	--	71	60208	买盘
11:24:06	8.48	--	10	8480	买盘
11:24:03	8.48	--	5	4240	买盘
11:23:42	8.48	0.01	10	8480	买盘
11:23:33	8.47	-0.01	3	2541	卖盘
11:23:30	8.48	0.01	10	8480	买盘
11:23:27	8.47	-0.01	9	7623	卖盘
11:23:00	8.48	--	20	16960	买盘
11:22:54	8.48	--	300	254400	买盘
11:22:45	8.48	--	15	12720	买盘
11:22:39	8.48	--	159	134832	卖盘
11:21:51	8.48	-0.01	3	2544	卖盘
11:21:03	8.49	--	5	4245	卖盘
11:20:18	8.49	--	100	84900	卖盘
11:20:06	8.49	-0.01	3	2547	卖盘
11:19:54	8.5	--	26	22100	卖盘
11:19:45	8.5	--	3	2550	卖盘
11:19:33	8.5	--	3	2550	卖盘
11:19:30	8.5	--	20	17000	卖盘
11:19:12	8.5	--	12	10200	卖盘
11:19:06	8.5	--	6	5100	卖盘
11:18:57	8.5	-0.02	5	4250	卖盘
11:18:54	8.52	0.02	57	48564	买盘
11:18:45	8.5	-0.02	52	44200	卖盘
11:18:42	8.52	0.01	1	852	买盘
11:18:36	8.51	--	6	5106	卖盘
11:17:51	8.51	-0.01	30	25530	中性盘
11:16:48	8.52	0.03	20	17040	买盘
11:16:15	8.49	--	3	2547	卖盘
11:15:21	8.49	--	7	5943	买盘
11:15:00	8.49	--	5	4245	卖盘
11:13:45	8.49	--	3	2547	买盘
11:13:33	8.49	-0.04	1	849	卖盘
11:13:15	8.53	0.04	185	157805	买盘
11:13:06	8.49	--	19	16131	买盘
11:13:00	8.49	--	12	10188	买盘
11:12:57	8.49	0.02	3	2547	买盘
11:12:54	8.47	--	4	3388	卖盘
11:12:39	8.47	--	6	5082	卖盘
11:12:24	8.47	-0.01	246	208362	卖盘
11:12:15	8.48	--	12	10176	买盘
11:11:51	8.48	-0.01	83	70384	卖盘
11:11:24	8.49	--	20	16980	买盘
11:11:18	8.49	--	29	24621	卖盘
11:11:15	8.49	--	20	16980	卖盘
11:11:06	8.49	-0.01	100	84900	卖盘
11:10:54	8.5	--	171	145350	卖盘
11:10:27	8.5	--	13	11050	卖盘
11:09:45	8.5	--	4	3400	卖盘
11:09:33	8.5	--	15	12750	卖盘
11:09:03	8.5	--	10	8500	卖盘
11:08:51	8.5	-0.01	18	15300	卖盘
11:08:45	8.51	--	42	35742	买盘
11:08:39	8.51	--	12	10212	买盘
11:08:18	8.51	--	50	42550	买盘
11:08:12	8.51	-0.01	24	20424	卖盘
11:07:30	8.52	--	20	17040	买盘
11:07:27	8.52	0.01	64	54528	买盘
11:07:12	8.51	-0.01	30	25530	卖盘
11:06:51	8.52	-0.01	35	29820	卖盘
11:06:45	8.53	0.01	1	852	买盘
11:06:42	8.52	-0.01	90	76680	卖盘
11:06:30	8.53	--	7	5971	买盘
11:06:24	8.53	0.01	7	5971	买盘
11:06:15	8.52	--	41	34932	买盘
11:06:06	8.52	--	6	5112	卖盘
11:06:00	8.52	--	25	21300	卖盘
11:05:57	8.52	--	30	25560	卖盘
11:05:30	8.52	--	10	8520	卖盘
11:05:12	8.52	0.01	32	27264	买盘
11:04:36	8.51	-0.01	2	1702	卖盘
11:04:30	8.52	--	101	86052	买盘
11:04:12	8.52	0.01	11	9372	买盘
11:02:45	8.51	--	5	4255	卖盘
11:02:36	8.51	-0.01	92	78292	卖盘
11:02:27	8.52	--	13	11076	买盘
11:01:54	8.52	--	10	8520	卖盘
11:01:48	8.52	-0.01	3	2556	卖盘
11:01:45	8.53	0.01	21	17913	买盘
11:01:27	8.52	--	34	28968	买盘
11:01:06	8.52	--	6	5112	卖盘
11:00:48	8.52	--	5	4260	卖盘
11:00:45	8.52	--	7	5964	卖盘
11:00:33	8.52	--	1	852	卖盘
11:00:30	8.52	--	20	17040	卖盘
10:59:24	8.52	--	5	4260	卖盘
10:59:15	8.52	--	5	4260	卖盘
10:59:03	8.52	--	1	852	卖盘
10:58:57	8.52	--	4	4089	卖盘
10:58:54	8.52	--	7	5964	买盘
10:58:45	8.52	-0.01	13	11076	中性盘
10:58:21	8.53	0.02	51	43503	买盘
10:57:54	8.51	-0.02	10	8510	卖盘
10:57:45	8.53	0.01	19	16206	买盘
10:57:39	8.52	-0.01	8	6816	卖盘
10:57:36	8.53	--	23	19619	买盘
10:57:21	8.53	--	30	25589	买盘
10:57:00	8.53	--	42	35826	买盘
10:56:54	8.53	--	6	5118	买盘
10:56:51	8.53	--	13	11089	买盘
10:56:48	8.53	--	35	29854	买盘
10:56:27	8.53	--	444	378732	买盘
10:55:51	8.53	0.02	43	36679	买盘
10:55:45	8.51	-0.01	15	12765	卖盘
10:55:39	8.52	-0.01	20	17040	中性盘
10:55:21	8.53	0.01	30	25589	买盘
10:55:15	8.52	-0.01	4	3408	卖盘
10:55:12	8.53	0.01	10	8530	买盘
10:55:03	8.52	--	4	3408	买盘
10:55:00	8.52	--	7	5964	卖盘
10:54:54	8.52	--	10	8520	卖盘
10:54:45	8.52	--	3	2556	买盘
10:54:39	8.52	--	25	21300	买盘
10:54:21	8.52	--	38	32376	买盘
10:54:09	8.52	--	16	13632	买盘
10:54:03	8.52	--	17	14484	买盘
10:53:57	8.52	--	23	19596	买盘
10:53:54	8.52	--	2	1704	买盘
10:53:51	8.52	0.01	124	105648	买盘
10:53:48	8.51	--	23	19573	买盘
10:53:06	8.51	--	24	20424	买盘
10:53:03	8.51	--	27	22977	买盘
10:53:00	8.51	0.01	26	22126	买盘
10:52:12	8.5	0.03	34	28900	买盘
10:52:00	8.47	-0.03	5	4235	卖盘
10:51:51	8.5	0.01	16	13600	买盘
10:51:48	8.49	--	185	157065	买盘
10:51:45	8.49	--	40	33960	买盘
10:51:39	8.49	--	31	26319	买盘
10:51:24	8.49	--	5	4245	买盘
10:51:15	8.49	--	150	127350	买盘
10:51:09	8.49	--	35	29715	买盘
10:51:03	8.49	--	2	1698	买盘
10:51:00	8.49	--	38	32262	买盘
10:50:45	8.49	0.02	3	2547	买盘
10:50:33	8.47	-0.02	5	4235	卖盘
10:50:27	8.49	--	40	33960	卖盘
10:50:12	8.49	--	1	849	卖盘
10:49:45	8.49	--	2	1698	买盘
10:49:33	8.49	0.02	4	3396	买盘
10:49:30	8.47	--	40	33880	卖盘
10:49:06	8.47	--	73	61831	买盘
10:49:03	8.47	--	19	16093	买盘
10:48:54	8.47	--	1	847	买盘
10:48:51	8.47	--	267	226149	卖盘
10:48:27	8.47	-0.02	200	169400	卖盘
10:48:03	8.49	0.01	61	51789	买盘
10:48:00	8.48	--	50	42400	卖盘
10:47:24	8.48	--	4	3392	买盘
10:47:18	8.48	--	5	4240	买盘
10:47:06	8.48	--	5	4240	买盘
10:47:00	8.48	--	46	39008	卖盘
10:46:51	8.48	--	30	25440	买盘
10:46:30	8.48	-0.01	170	144160	卖盘
10:46:21	8.49	-0.02	8	6792	卖盘
10:46:09	8.51	0.02	185	157435	买盘
10:45:54	8.49	--	193	163857	买盘
10:45:42	8.49	--	38	32262	买盘
10:45:24	8.49	--	3	2547	买盘
10:45:18	8.49	--	5	4245	买盘
10:45:09	8.49	--	40	33960	买盘
10:45:00	8.49	--	2	1698	买盘
10:44:42	8.49	--	51	43299	卖盘
10:44:39	8.49	-0.01	20	16980	卖盘
10:43:51	8.5	--	1	850	买盘
10:43:00	8.5	--	1	850	买盘
10:42:12	8.5	0.02	2	1700	买盘
10:41:45	8.48	--	3	2544	买盘
10:41:30	8.48	--	10	8480	买盘
10:41:21	8.48	--	67	56816	卖盘
10:41:09	8.48	--	80	67840	卖盘
10:40:54	8.48	--	28	23744	买盘
10:40:51	8.48	--	7	5936	买盘
10:40:48	8.48	--	10	8480	买盘
10:40:45	8.48	0.01	19	16112	买盘
10:40:33	8.47	-0.01	20	16940	卖盘
10:39:57	8.48	--	5	4240	买盘
10:39:48	8.48	--	5	4240	买盘
10:39:42	8.48	--	20	16960	买盘
10:39:39	8.48	--	2	1696	买盘
10:39:36	8.48	--	85	72080	买盘
10:39:24	8.48	--	1	848	买盘
10:39:21	8.48	0.01	5	4240	买盘
10:39:12	8.47	-0.01	65	55055	卖盘
10:38:42	8.48	--	10	8480	卖盘
10:38:24	8.48	-0.01	325	275600	卖盘
10:38:09	8.49	--	20	16980	卖盘
10:38:06	8.49	--	12	10188	卖盘
10:38:03	8.49	--	10	8490	卖盘
10:37:33	8.49	--	115	97635	卖盘
10:36:54	8.49	-0.01	30	25470	卖盘
10:36:36	8.5	--	21	17850	买盘
10:36:30	8.5	--	10	8500	买盘
10:36:27	8.5	0.01	10	8500	买盘
10:35:33	8.49	--	30	25470	卖盘
10:35:18	8.49	-0.01	1	849	卖盘
10:35:03	8.5	0.01	1	850	买盘
10:35:00	8.49	--	15	12735	卖盘
10:34:51	8.49	-0.01	8	6792	卖盘
10:34:24	8.5	-0.01	202	171700	卖盘
10:34:21	8.51	0.01	5	4255	买盘
10:34:09	8.5	--	20	17000	卖盘
10:33:51	8.5	-0.01	2	1700	卖盘
10:33:27	8.51	0.01	1	851	买盘
10:32:30	8.5	0.01	40	34000	买盘
10:32:27	8.49	-0.01	11	9339	卖盘
10:32:18	8.5	--	11	9350	买盘
10:32:12	8.5	--	5	4250	买盘
10:31:57	8.5	--	10	8500	买盘
10:31:51	8.5	--	5	4250	买盘
10:31:36	8.5	--	10	8500	买盘
10:31:18	8.5	--	203	172550	买盘
10:30:42	8.5	--	21	17850	买盘
10:30:15	8.5	-0.02	205	174250	卖盘
10:29:48	8.52	--	5	4260	买盘
10:29:36	8.52	0.02	10	8520	买盘
10:29:18	8.5	--	30	25500	卖盘
10:28:51	8.5	-0.01	200	170000	卖盘
10:28:09	8.51	-0.01	11	9361	卖盘
10:28:03	8.52	--	10	8520	买盘
10:27:21	8.52	--	7	5964	买盘
10:27:18	8.52	--	10	8520	买盘
10:27:09	8.52	0.02	1	852	买盘
10:26:57	8.5	-0.02	35	29750	卖盘
10:26:39	8.52	0.02	2	1704	买盘
10:25:48	8.5	--	10	8500	卖盘
10:25:42	8.5	--	5	4250	卖盘
10:25:36	8.5	-0.03	17	14450	卖盘
10:24:18	8.53	--	1	852	买盘
10:23:42	8.53	--	20	17060	买盘
10:23:09	8.53	0.04	100	85300	买盘
10:22:21	8.49	-0.04	10	8490	卖盘
10:21:36	8.53	0.02	136	116007	买盘
10:21:33	8.51	--	1	851	买盘
10:21:27	8.51	0.02	5	4255	买盘
10:21:09	8.49	--	50	42450	卖盘
10:21:00	8.49	--	4	3396	卖盘
10:20:27	8.49	-0.01	350	297150	卖盘
10:20:15	8.5	--	1	850	卖盘
10:20:12	8.5	-0.01	23	19550	卖盘
10:20:06	8.51	0.02	20	17020	买盘
10:19:54	8.49	--	11	9339	买盘
10:19:36	8.49	--	62	52638	卖盘
10:19:33	8.49	-0.01	50	42450	卖盘
10:19:21	8.5	0.01	10	8500	买盘
10:19:18	8.49	-0.01	30	25470	卖盘
10:19:00	8.5	-0.01	167	141950	卖盘
10:18:51	8.51	--	12	10212	买盘
10:18:45	8.51	--	3	2553	买盘
10:18:39	8.51	--	15	12765	卖盘
10:18:24	8.51	--	5	4255	卖盘
10:18:00	8.51	-0.01	20	17020	卖盘
10:17:48	8.52	--	61	51972	买盘
10:17:30	8.52	--	3	2556	买盘
10:17:12	8.52	--	77	65604	卖盘
10:17:09	8.52	--	100	85200	卖盘
10:16:54	8.52	-0.01	5	4260	卖盘
10:16:24	8.53	--	7	5971	买盘
10:16:15	8.53	--	44	37532	卖盘
10:16:12	8.53	--	5	4265	卖盘
10:15:54	8.53	--	3	2559	卖盘
10:15:27	8.53	-0.01	20	17060	卖盘
10:15:12	8.54	0.01	30	25619	买盘
10:15:09	8.53	-0.01	10	8530	卖盘
10:15:06	8.54	0.01	386	329643	买盘
10:14:33	8.53	--	5	4265	卖盘
10:14:06	8.53	-0.01	13	11089	卖盘
10:14:00	8.54	--	219	187025	买盘
10:13:36	8.54	0.01	21	17934	买盘
10:13:24	8.53	--	24	20472	卖盘
10:13:03	8.53	0.01	106	90418	买盘
10:12:48	8.52	-0.01	20	17040	中性盘
10:12:21	8.53	--	10	8530	买盘
10:12:18	8.53	--	20	17060	买盘
10:12:09	8.53	0.01	55	46915	买盘
10:12:06	8.52	0.02	12	10224	中性盘
10:11:45	8.5	-0.03	10	8500	卖盘
10:11:39	8.53	--	5	4265	买盘
10:11:21	8.53	0.01	12	10236	买盘
10:11:03	8.52	--	2	1704	买盘
10:11:00	8.52	0.02	1	852	买盘
10:10:54	8.5	-0.02	5	4250	卖盘
10:10:51	8.52	--	10	8520	买盘
10:10:24	8.52	--	7	5964	买盘
10:10:21	8.52	0.02	12	10224	买盘
10:10:00	8.5	--	4	3400	卖盘
10:09:48	8.5	--	13	11050	买盘
10:09:36	8.5	--	2	1700	卖盘
10:09:33	8.5	-0.01	7	5950	卖盘
10:09:30	8.51	-0.01	1	851	中性盘
10:09:24	8.52	--	138	117576	买盘
10:09:21	8.52	0.02	12	10224	买盘
10:09:06	8.5	--	10	8500	买盘
10:09:03	8.5	--	12	10200	买盘
10:09:00	8.5	--	10	8500	买盘
10:08:57	8.5	--	50	42500	买盘
10:08:51	8.5	-0.01	118	100300	卖盘
10:08:42	8.51	-0.01	8	6808	卖盘
10:08:33	8.52	0.01	35	29820	买盘
10:08:27	8.51	-0.01	20	17020	卖盘
10:08:15	8.52	0.01	12	10224	买盘
10:08:09	8.51	--	5	4255	卖盘
10:08:06	8.51	-0.01	6	5106	卖盘
10:08:03	8.52	--	130	110760	买盘
10:07:48	8.52	-0.01	168	143136	卖盘
10:07:36	8.53	0.01	22	18766	买盘
10:07:27	8.52	--	10	8520	卖盘
10:07:18	8.52	-0.01	2	1704	卖盘
10:07:15	8.53	0.01	12	10236	买盘
10:07:12	8.52	-0.01	10	8520	卖盘
10:07:00	8.53	0.01	20	17060	买盘
10:06:48	8.52	-0.01	50	42600	卖盘
10:06:36	8.53	0.01	3	2559	买盘
10:06:21	8.52	-0.01	100	85200	卖盘
10:06:15	8.53	--	81	69093	买盘
10:06:12	8.53	--	12	10236	买盘
10:05:54	8.53	--	42	35826	买盘
10:05:39	8.53	--	5	4265	买盘
10:05:33	8.53	-0.01	6	5118	卖盘
10:05:27	8.54	--	23	19641	买盘
10:05:24	8.54	0.01	10	8540	买盘
10:05:15	8.53	-0.01	5	4265	卖盘
10:05:09	8.54	0.01	17	14517	买盘
10:05:00	8.53	-0.01	30	25589	卖盘
10:04:51	8.54	0.01	12	10247	买盘
10:04:33	8.53	--	26	22178	买盘
10:04:27	8.53	--	7	5971	买盘
10:04:21	8.53	--	6	5118	买盘
10:04:09	8.53	--	12	10236	买盘
10:04:06	8.53	--	5	4265	买盘
10:04:00	8.53	--	2	1705	买盘
10:03:57	8.53	--	22	18766	买盘
10:03:18	8.53	--	25	21325	买盘
10:03:15	8.53	--	112	95536	卖盘
10:03:12	8.53	-0.01	10	8530	卖盘
10:03:09	8.54	--	7	5977	买盘
10:03:06	8.54	0.01	12	10247	买盘
10:02:54	8.53	-0.01	5	4265	卖盘
10:02:39	8.54	0.01	67	57217	买盘
10:02:27	8.53	--	20	17060	买盘
10:02:06	8.53	0.01	44	37532	买盘
10:01:57	8.52	--	3	2556	卖盘
10:01:54	8.52	--	4	3408	买盘
10:01:45	8.52	0.01	108	92016	买盘
10:01:39	8.51	-0.01	1	851	卖盘
10:01:24	8.52	--	1	852	买盘
10:01:18	8.52	--	13	11076	卖盘
10:01:15	8.52	--	76	64752	卖盘
10:00:51	8.52	-0.01	30	25560	卖盘
10:00:42	8.53	0.01	2	1705	买盘
10:00:39	8.52	--	159	135468	卖盘
10:00:36	8.52	--	20	17040	卖盘
10:00:27	8.52	--	102	86904	卖盘
10:00:21	8.52	--	221	188292	卖盘
10:00:06	8.52	-0.01	89	75828	卖盘
09:59:51	8.53	--	20	17060	买盘
09:59:48	8.53	--	1	852	买盘
09:59:30	8.53	--	13	11089	买盘
09:59:21	8.53	--	12	10236	买盘
09:59:09	8.53	--	5	4265	买盘
09:59:03	8.53	--	5	4265	买盘
09:59:00	8.53	-0.01	51	43503	卖盘
09:58:57	8.54	0.01	58	49531	买盘
09:58:51	8.53	--	10	8530	卖盘
09:58:39	8.53	--	3	2559	卖盘
09:58:36	8.53	-0.01	100	85300	卖盘
09:58:33	8.54	0.01	13	11101	买盘
09:58:30	8.53	--	10	8530	卖盘
09:58:27	8.53	--	20	17060	卖盘
09:58:21	8.53	-0.01	4	3411	卖盘
09:58:03	8.54	0.01	2	1707	买盘
09:57:30	8.53	-0.01	13	11089	卖盘
09:57:21	8.54	--	12	10247	买盘
09:57:15	8.54	--	5	4270	买盘
09:57:09	8.54	--	10	8540	买盘
09:57:03	8.54	--	29	24765	买盘
09:56:42	8.54	--	8	6831	买盘
09:56:27	8.54	--	1	853	买盘
09:56:09	8.54	0.01	72	61487	买盘
09:56:03	8.53	-0.01	9	7676	卖盘
09:55:48	8.54	--	98	83691	买盘
09:55:30	8.54	--	26	22203	卖盘
09:55:24	8.54	--	40	34160	卖盘
09:55:21	8.54	--	17	14517	卖盘
09:55:18	8.54	--	3	2561	卖盘
09:55:15	8.54	--	5	4270	卖盘
09:55:12	8.54	--	225	192149	买盘
09:55:06	8.54	0.01	8	6831	买盘
09:54:54	8.53	--	3	2559	卖盘
09:54:39	8.53	--	50	42650	买盘
09:54:36	8.53	--	6	5118	买盘
09:54:30	8.53	--	14	11942	买盘
09:54:27	8.53	--	4	3411	卖盘
09:54:24	8.53	-0.01	41	34973	卖盘
09:54:12	8.54	--	146	124683	买盘
09:54:09	8.54	--	100	85399	买盘
09:54:03	8.54	0.01	4	3415	买盘
09:53:57	8.53	--	10	8530	卖盘
09:53:51	8.53	-0.01	60	51179	卖盘
09:53:45	8.54	--	23	19641	买盘
09:53:39	8.54	-0.01	16	13663	卖盘
09:53:36	8.55	0.02	215	183825	买盘
09:53:27	8.53	-0.01	70	59709	卖盘
09:53:21	8.54	--	120	102479	买盘
09:53:18	8.54	0.01	104	88815	买盘
09:53:09	8.53	--	29	24736	买盘
09:53:03	8.53	--	23	19619	买盘
09:52:57	8.53	0.01	74	63121	买盘
09:52:51	8.52	-0.01	20	17040	卖盘
09:52:36	8.53	0.01	47	40091	买盘
09:52:33	8.52	0.01	70	59640	买盘
09:52:30	8.51	-0.01	62	52762	卖盘
09:52:27	8.52	--	88	74976	买盘
09:52:21	8.52	--	35	29820	买盘
09:52:18	8.52	0.01	6	5112	买盘
09:52:12	8.51	-0.01	41	34891	卖盘
09:52:06	8.52	0.01	61	51972	买盘
09:52:03	8.51	0.01	112	95312	买盘
09:52:00	8.5	--	15	12750	买盘
09:51:57	8.5	--	33	28050	买盘
09:51:51	8.5	--	33	28050	买盘
09:51:45	8.5	--	10	8500	买盘
09:51:42	8.5	--	19	16150	买盘
09:51:36	8.5	0.05	75	63750	买盘
09:51:30	8.45	-0.06	808	682760	卖盘
09:51:24	8.51	0.01	15	12765	买盘
09:51:18	8.5	-0.01	7	5950	卖盘
09:51:15	8.51	0.01	35	29785	买盘
09:51:12	8.5	--	5	4250	买盘
09:51:06	8.5	--	23	19550	买盘
09:50:51	8.5	--	13	11050	买盘
09:50:48	8.5	-0.01	64	54400	卖盘
09:50:39	8.51	--	15	12765	买盘
09:50:36	8.51	0.01	29	24679	买盘
09:50:24	8.5	-0.01	12	10200	卖盘
09:50:09	8.51	--	11	9361	买盘
09:50:06	8.51	--	30	25530	买盘
09:49:54	8.51	0.01	6	5106	买盘
09:49:51	8.5	--	17	14450	买盘
09:49:42	8.5	--	2	1700	买盘
09:49:39	8.5	--	5	4250	买盘
09:49:36	8.5	--	31	26350	买盘
09:49:24	8.5	--	15	12750	买盘
09:49:21	8.5	--	2	1700	买盘
09:49:12	8.5	-0.01	19	16150	卖盘
09:49:06	8.51	--	34	28934	买盘
09:49:03	8.51	--	7	5957	买盘
09:48:42	8.51	-0.01	45	38295	卖盘
09:48:39	8.52	--	22	18744	卖盘
09:48:36	8.52	0.01	159	135468	买盘
09:48:21	8.51	--	49	41699	卖盘
09:48:18	8.51	-0.01	16	13616	卖盘
09:48:15	8.52	0.01	4	3408	买盘
09:48:06	8.51	--	276	234876	卖盘
09:47:39	8.51	-0.01	8	6808	卖盘
09:47:36	8.52	0.01	76	64752	买盘
09:47:33	8.51	--	2	1702	买盘
09:47:15	8.51	0.05	203	172753	买盘
09:47:12	8.46	-0.05	11	9306	卖盘
09:47:03	8.51	0.05	400	340400	买盘
09:46:48	8.46	--	3	2538	卖盘
09:46:45	8.46	--	28	23688	买盘
09:46:42	8.46	--	19	16074	买盘
09:46:36	8.46	--	50	42300	买盘
09:46:33	8.46	--	35	29610	买盘
09:46:30	8.46	-0.04	668	565128	卖盘
09:46:21	8.5	--	45	38250	买盘
09:46:18	8.5	--	20	17000	买盘
09:46:15	8.5	--	49	41650	买盘
09:46:06	8.5	0.02	7	5950	买盘
09:45:57	8.48	-0.02	5	4240	卖盘
09:45:48	8.5	--	20	17000	买盘
09:45:36	8.5	--	33	28050	买盘
09:45:30	8.5	--	4	3400	买盘
09:45:27	8.5	--	72	61200	卖盘
09:45:24	8.5	--	9	7650	买盘
09:45:21	8.5	--	2	1700	买盘
09:45:18	8.5	--	19	16150	买盘
09:45:09	8.5	0.02	10	8500	买盘
09:45:06	8.48	--	3	2544	买盘
09:45:00	8.48	0.01	1	848	买盘
09:44:57	8.47	-0.01	25	21175	卖盘
09:44:54	8.48	--	11	9328	买盘
09:44:45	8.48	0.02	6	5088	买盘
09:44:39	8.46	-0.05	18	15228	卖盘
09:44:18	8.51	0.05	10	8510	买盘
09:44:15	8.46	--	26	21996	买盘
09:44:12	8.46	--	3	2538	买盘
09:44:03	8.46	--	8	6768	买盘
09:44:00	8.46	-0.05	463	391698	卖盘
09:43:54	8.51	0.01	219	186369	买盘
09:43:48	8.5	--	11	9350	买盘
09:43:42	8.5	--	2	1700	买盘
09:43:30	8.5	0.01	2	1700	买盘
09:43:24	8.49	--	2	1698	卖盘
09:43:03	8.49	--	8	6792	卖盘
09:42:57	8.49	--	19	16131	买盘
09:42:51	8.49	--	10	8490	买盘
09:42:30	8.49	0.01	3	2547	买盘
09:42:27	8.48	--	2	1696	买盘
09:42:24	8.48	--	5	4240	买盘
09:42:21	8.48	--	134	113632	卖盘
09:42:18	8.48	--	10	8480	卖盘
09:42:15	8.48	-0.01	48	40704	卖盘
09:42:09	8.49	0.01	11	9339	买盘
09:42:00	8.48	--	69	58512	卖盘
09:41:30	8.48	--	1	848	卖盘
09:41:27	8.48	-0.01	56	47488	卖盘
09:41:12	8.49	--	20	16980	买盘
09:41:00	8.49	0.01	80	67920	买盘
09:40:57	8.48	-0.01	36	30528	卖盘
09:40:39	8.49	--	10	8490	买盘
09:40:30	8.49	-0.01	87	73863	卖盘
09:40:24	8.5	--	43	36550	买盘
09:40:18	8.5	--	35	29750	买盘
09:40:15	8.5	--	35	29750	买盘
09:40:12	8.5	0.01	50	42500	买盘
09:40:09	8.49	-0.01	10	8490	卖盘
09:40:06	8.5	--	30	25500	买盘
09:40:00	8.5	-0.01	20	17000	卖盘
09:39:57	8.51	0.01	5	4255	买盘
09:39:54	8.5	--	180	153000	卖盘
09:39:42	8.5	--	6	5100	卖盘
09:39:21	8.5	--	4	3400	卖盘
09:39:00	8.5	-0.01	2	1700	卖盘
09:38:57	8.51	0.01	51	43401	买盘
09:38:45	8.5	--	35	29750	买盘
09:38:39	8.5	-0.01	69	58650	卖盘
09:38:33	8.51	--	20	17020	买盘
09:38:06	8.51	0.01	6	5106	买盘
09:38:03	8.5	-0.01	74	62900	卖盘
09:38:00	8.51	0.01	118	100418	买盘
09:37:57	8.5	-0.01	9	7650	卖盘
09:37:54	8.51	0.01	10	8510	买盘
09:37:45	8.5	--	1	850	卖盘
09:37:33	8.5	0.01	2	1700	买盘
09:37:27	8.49	-0.01	10	8490	卖盘
09:37:24	8.5	--	38	32300	买盘
09:37:21	8.5	--	18	15300	买盘
09:37:15	8.5	--	10	8500	买盘
09:37:12	8.5	--	10	8500	买盘
09:37:09	8.5	--	40	34000	买盘
09:37:03	8.5	--	209	177650	买盘
09:37:00	8.5	--	13	11050	买盘
09:36:57	8.5	--	1	850	买盘
09:36:51	8.5	--	61	51850	买盘
09:36:42	8.5	--	28	23800	买盘
09:36:36	8.5	--	50	42500	买盘
09:36:33	8.5	--	80	68000	买盘
09:36:18	8.5	--	23	19550	买盘
09:36:12	8.5	--	10	8500	买盘
09:36:09	8.5	-0.01	192	163200	卖盘
09:36:03	8.51	--	10	8510	买盘
09:35:57	8.51	-0.02	139	118289	卖盘
09:35:36	8.53	0.02	130	110889	买盘
09:35:15	8.51	--	30	25530	卖盘
09:35:12	8.51	--	106	90206	买盘
09:35:03	8.51	--	1	851	买盘
09:35:00	8.51	--	50	42550	买盘
09:34:54	8.51	-0.01	87	74037	卖盘
09:34:51	8.52	--	121	103092	买盘
09:34:39	8.52	--	1	852	买盘
09:34:33	8.52	0.01	10	8520	买盘
09:34:30	8.51	-0.01	100	85100	卖盘
09:34:27	8.52	--	6	5112	买盘
09:34:18	8.52	--	10	8520	买盘
09:34:15	8.52	-0.01	21	17892	卖盘
09:34:12	8.53	0.01	50	42650	买盘
09:34:03	8.52	-0.01	10	8520	卖盘
09:33:57	8.53	0.01	10	8530	买盘
09:33:54	8.52	-0.01	100	85200	卖盘
09:33:42	8.53	--	66	56297	卖盘
09:33:33	8.53	-0.01	4	3411	卖盘
09:33:27	8.54	--	6	5123	买盘
09:33:24	8.54	--	3	2561	卖盘
09:33:21	8.54	--	20	17080	卖盘
09:33:18	8.54	--	4	3415	卖盘
09:33:12	8.54	--	20	17080	卖盘
09:33:09	8.54	--	20	17080	卖盘
09:33:06	8.54	-0.01	6	5123	卖盘
09:33:03	8.55	0.01	20	17100	买盘
09:32:57	8.54	--	3	2561	买盘
09:32:48	8.54	--	11	9393	买盘
09:32:45	8.54	0.01	1	853	中性盘
09:32:42	8.53	-0.02	100	85300	卖盘
09:32:39	8.55	-0.01	116	99180	买盘
09:32:21	8.56	0.01	90	77040	买盘
09:32:15	8.55	0.02	30	25650	买盘
09:32:09	8.53	-0.02	23	19619	卖盘
09:32:06	8.55	0.02	20	17100	买盘
09:32:00	8.53	-0.04	9	7676	中性盘
09:31:42	8.57	0.01	211	180827	买盘
09:31:39	8.56	0.04	89	76184	买盘
09:31:30	8.52	--	80	68160	卖盘
09:31:24	8.52	0.01	42	35784	买盘
09:31:21	8.51	-0.01	1	851	卖盘
09:31:15	8.52	0.01	136	115872	买盘
09:31:12	8.51	--	53	45103	卖盘
09:31:06	8.51	-0.01	30	25530	卖盘
09:30:54	8.52	-0.05	685	583620	卖盘
09:30:51	8.57	--	166	142262	买盘
09:30:45	8.57	--	10	8570	买盘
09:30:42	8.57	0.01	189	161973	买盘
09:30:36	8.56	-0.01	14	11984	卖盘
09:30:33	8.57	0.03	338	289666	买盘
09:30:30	8.54	--	9	7685	卖盘
09:30:21	8.54	--	81	69174	买盘
09:30:18	8.54	0.02	305	260469	买盘
09:30:03	8.52	0.02	221	188292	买盘
09:30:00	8.5	--	0	0	卖盘
09:25:03	8.5	8.5	121	102850	买盘
