成交时间	成交价	价格变动	成交量(手)	成交额(元)	性质
15:00:03	20.93	--	797	1668121	卖盘
14:57:00	20.93	--	13	27209	卖盘
14:56:57	20.93	--	2	4186	卖盘
14:56:54	20.93	0.02	67	140231	买盘
14:56:45	20.91	--	4	8364	卖盘
14:56:42	20.91	-0.02	13	27183	卖盘
14:56:39	20.93	0.02	2	4186	买盘
14:56:36	20.91	0.01	13	27183	买盘
14:56:33	20.9	--	65	135850	卖盘
14:56:27	20.9	0.01	8	16720	买盘
14:56:24	20.89	--	6	12534	卖盘
14:56:21	20.89	0.03	10	20890	中性盘
14:56:18	20.86	-0.01	34	70924	卖盘
14:56:15	20.87	-0.03	10	20870	卖盘
14:56:12	20.9	0.01	54	112859	买盘
14:56:09	20.89	--	12	25068	卖盘
14:56:06	20.89	0.03	144	300816	买盘
14:56:03	20.86	--	38	79268	卖盘
14:56:00	20.86	--	46	95956	卖盘
14:55:57	20.86	0.01	3	6258	买盘
14:55:54	20.85	--	14	29190	卖盘
14:55:45	20.85	--	1	2085	卖盘
14:55:42	20.85	0.02	307	640095	买盘
14:55:36	20.83	-0.01	160	333280	卖盘
14:55:33	20.84	0.01	19	39596	买盘
14:55:30	20.83	-0.01	30	62489	卖盘
14:55:24	20.84	--	2	4168	买盘
14:55:21	20.84	0.01	14	29176	买盘
14:55:18	20.83	--	30	62489	卖盘
14:55:12	20.83	-0.02	19	39577	卖盘
14:55:09	20.85	--	32	66720	买盘
14:55:06	20.85	0.02	11	22935	买盘
14:55:03	20.83	-0.02	13	27078	卖盘
14:55:00	20.85	--	1	2085	买盘
14:54:57	20.85	--	16	33360	买盘
14:54:54	20.85	0.02	2	4170	买盘
14:54:51	20.83	-0.03	90	187469	卖盘
14:54:42	20.86	0.01	6	12516	买盘
14:54:39	20.85	--	20	41700	卖盘
14:54:33	20.85	0.06	154	321090	买盘
14:54:24	20.79	-0.01	8	16632	卖盘
14:54:21	20.8	0.01	20	41600	买盘
14:54:18	20.79	-0.02	25	51975	卖盘
14:54:15	20.81	0.02	117	243476	买盘
14:54:12	20.79	--	37	76923	卖盘
14:54:09	20.79	--	19	39501	卖盘
14:54:00	20.79	--	34	70686	卖盘
14:53:57	20.79	-0.01	3	6237	卖盘
14:53:54	20.8	--	40	83200	买盘
14:53:51	20.8	0.01	13	27040	买盘
14:53:42	20.79	--	3	6237	买盘
14:53:39	20.79	0.01	28	58212	买盘
14:53:36	20.78	-0.01	40	83120	卖盘
14:53:33	20.79	-0.01	25	51975	卖盘
14:53:27	20.8	0.01	20	41600	买盘
14:53:24	20.79	--	10	20790	卖盘
14:53:21	20.79	--	1	2079	卖盘
14:53:18	20.79	0.01	2	4158	卖盘
14:53:12	20.78	-0.01	12	24936	卖盘
14:53:09	20.79	0.01	12	24948	买盘
14:53:06	20.78	--	13	27014	卖盘
14:53:03	20.78	-0.01	59	123641	卖盘
14:53:00	20.79	--	9	18711	买盘
14:52:57	20.79	0.01	6	12474	买盘
14:52:54	20.78	-0.01	6	12468	卖盘
14:52:51	20.79	0.01	31	64449	买盘
14:52:45	20.78	--	9	18702	卖盘
14:52:36	20.78	--	13	27014	卖盘
14:52:33	20.78	--	11	22858	买盘
14:52:30	20.78	--	27	56106	卖盘
14:52:27	20.78	0.01	7	14546	卖盘
14:52:24	20.77	-0.01	33	68541	卖盘
14:52:21	20.78	0.01	11	22858	买盘
14:52:18	20.77	-0.01	78	162006	卖盘
14:52:15	20.78	0.01	3	6234	买盘
14:52:12	20.77	-0.01	24	49848	卖盘
14:52:09	20.78	0.01	22	45716	买盘
14:52:06	20.77	-0.01	122	253394	卖盘
14:52:00	20.78	--	25	51950	买盘
14:51:48	20.78	--	3	6234	买盘
14:51:42	20.78	--	2	4156	买盘
14:51:36	20.78	--	4	8312	买盘
14:51:30	20.78	--	20	41560	买盘
14:51:27	20.78	0.01	1	2078	买盘
14:51:21	20.77	--	5	10385	卖盘
14:51:18	20.77	--	49	101773	卖盘
14:51:15	20.77	-0.01	10	20770	卖盘
14:51:12	20.78	0.01	53	110134	买盘
14:51:09	20.77	-0.01	11	22847	卖盘
14:51:06	20.78	--	14	29092	买盘
14:51:00	20.78	--	8	16624	买盘
14:50:57	20.78	-0.01	123	255594	卖盘
14:50:54	20.79	--	4	8316	中性盘
14:50:42	20.79	--	201	417879	中性盘
14:50:36	20.79	--	6	12474	卖盘
14:50:30	20.79	--	15	31185	买盘
14:50:18	20.79	-0.01	13	27027	卖盘
14:50:12	20.8	0.01	5	10400	买盘
14:50:06	20.79	--	14	29106	买盘
14:50:03	20.79	--	13	27027	卖盘
14:49:54	20.79	--	10	20790	卖盘
14:49:48	20.79	-0.01	2	4158	卖盘
14:49:39	20.8	0.01	36	74880	买盘
14:49:30	20.79	--	10	20790	卖盘
14:49:27	20.79	--	4	8316	卖盘
14:49:24	20.79	--	22	45738	卖盘
14:49:21	20.79	--	6	12474	卖盘
14:49:18	20.79	-0.01	13	27027	卖盘
14:49:15	20.8	0.01	4	8320	买盘
14:49:06	20.79	-0.01	1	2079	卖盘
14:49:03	20.8	0.01	10	20800	买盘
14:48:57	20.79	-0.01	5	10395	中性盘
14:48:42	20.8	--	55	114462	卖盘
14:48:24	20.8	0.01	14	31137	买盘
14:48:21	20.79	-0.01	292	607130	卖盘
14:48:18	20.8	--	10	20800	买盘
14:48:15	20.8	--	5	10400	买盘
14:48:09	20.8	--	18	37440	卖盘
14:48:06	20.8	-0.01	8	16640	卖盘
14:48:03	20.81	0.01	11	22891	买盘
14:47:57	20.8	--	10	20800	卖盘
14:47:54	20.8	--	3	6240	卖盘
14:47:51	20.8	--	18	37440	卖盘
14:47:48	20.8	--	1	2080	卖盘
14:47:45	20.8	--	27	56160	买盘
14:47:42	20.8	--	8	16640	买盘
14:47:39	20.8	--	10	20800	买盘
14:47:36	20.8	--	1	2080	买盘
14:47:33	20.8	--	8	16640	买盘
14:47:30	20.8	--	24	49920	卖盘
14:47:24	20.8	--	19	39520	卖盘
14:47:21	20.8	--	11	22880	卖盘
14:47:12	20.8	-0.01	177	368160	卖盘
14:46:57	20.81	--	1	2081	买盘
14:46:54	20.81	--	20	41620	买盘
14:46:42	20.81	0.01	10	20810	买盘
14:46:27	20.8	-0.02	199	413920	卖盘
14:46:21	20.82	--	16	33312	买盘
14:46:18	20.82	--	1	2082	买盘
14:46:15	20.82	--	23	47886	买盘
14:46:12	20.82	--	5	10410	买盘
14:46:06	20.82	--	43	89526	买盘
14:46:00	20.82	--	3	6246	买盘
14:45:57	20.82	0.01	11	22902	买盘
14:45:51	20.81	-0.01	35	72835	卖盘
14:45:48	20.82	0.01	6	12492	买盘
14:45:42	20.81	-0.01	31	64510	卖盘
14:45:36	20.82	--	1	2082	买盘
14:45:33	20.82	--	2	4164	买盘
14:45:24	20.82	--	1	2082	买盘
14:45:18	20.82	-0.01	9	18738	卖盘
14:45:15	20.83	0.01	10	20830	买盘
14:45:12	20.82	-0.01	7	14574	卖盘
14:45:09	20.83	--	3	6248	买盘
14:45:03	20.83	--	46	95817	买盘
14:44:51	20.83	0.01	1	2083	买盘
14:44:48	20.82	--	7	14574	卖盘
14:44:42	20.82	--	7	14574	卖盘
14:44:36	20.82	--	4	8328	卖盘
14:44:30	20.82	--	8	16656	买盘
14:44:27	20.82	0.02	45	93690	买盘
14:44:21	20.8	--	47	97760	买盘
14:44:15	20.8	-0.02	166	345280	卖盘
14:44:03	20.82	0.01	4	8328	买盘
14:43:57	20.81	--	17	35377	卖盘
14:43:51	20.81	--	40	83240	卖盘
14:43:45	20.81	--	2	4162	卖盘
14:43:42	20.81	--	1	2081	买盘
14:43:39	20.81	--	2	4162	买盘
14:43:36	20.81	--	2	4162	买盘
14:43:33	20.81	--	21	43701	买盘
14:43:30	20.81	--	3	6243	买盘
14:43:24	20.81	0.01	5	10405	买盘
14:43:21	20.8	-0.01	1	2080	卖盘
14:43:18	20.81	--	19	39539	卖盘
14:43:15	20.81	--	20	41620	买盘
14:43:12	20.81	-0.01	8	16648	卖盘
14:43:06	20.82	--	16	33312	买盘
14:43:03	20.82	--	3	6246	买盘
14:42:48	20.82	0.01	4	8328	买盘
14:42:45	20.81	0.01	28	58268	中性盘
14:42:39	20.8	--	29	60320	卖盘
14:42:36	20.8	--	50	104000	卖盘
14:42:30	20.8	--	7	14560	卖盘
14:42:27	20.8	--	7	14560	卖盘
14:42:24	20.8	-0.01	69	143520	卖盘
14:42:21	20.81	--	3	6243	买盘
14:42:18	20.81	--	7	14567	买盘
14:42:09	20.81	0.01	16	33296	中性盘
14:41:54	20.8	--	52	108160	卖盘
14:41:48	20.8	--	1	2080	卖盘
14:41:45	20.8	0.01	39	81120	买盘
14:41:39	20.79	-0.01	1	2079	卖盘
14:41:36	20.8	0.01	5	10400	中性盘
14:41:30	20.79	-0.01	23	47817	卖盘
14:41:27	20.8	-0.02	5	10400	卖盘
14:41:24	20.82	0.02	17	35394	买盘
14:41:18	20.8	--	4	8320	买盘
14:41:15	20.8	0.01	10	20800	买盘
14:41:00	20.79	-0.01	5	10395	卖盘
14:40:54	20.8	0.01	33	68640	买盘
14:40:39	20.79	--	8	16632	卖盘
14:40:36	20.79	-0.01	5	10395	卖盘
14:40:33	20.8	--	8	16640	买盘
14:40:24	20.8	--	47	97760	卖盘
14:40:21	20.8	--	4	8320	中性盘
14:40:18	20.8	--	54	112320	买盘
14:40:12	20.8	--	1	2080	买盘
14:40:06	20.8	--	2	4160	买盘
14:40:03	20.8	--	5	10400	买盘
14:39:57	20.8	-0.02	76	158080	卖盘
14:39:54	20.82	0.02	12	24984	买盘
14:39:48	20.8	--	5	10400	卖盘
14:39:39	20.8	-0.01	7	14560	卖盘
14:39:36	20.81	-0.02	1	2081	买盘
14:39:24	20.83	0.03	30	62489	买盘
14:39:21	20.8	--	13	27040	卖盘
14:39:18	20.8	-0.02	50	104000	卖盘
14:39:12	20.82	0.02	1	2082	买盘
14:39:06	20.8	--	5	10400	卖盘
14:38:54	20.8	--	5	10400	卖盘
14:38:51	20.8	--	8	16640	买盘
14:38:48	20.8	--	62	128960	买盘
14:38:45	20.8	--	24	49920	买盘
14:38:39	20.8	0.01	34	70720	中性盘
14:38:27	20.79	--	36	74844	卖盘
14:38:15	20.79	--	200	415800	卖盘
14:38:12	20.79	-0.04	9	18711	卖盘
14:38:09	20.83	0.04	117	243710	买盘
14:38:00	20.79	--	12	24948	卖盘
14:37:27	20.79	0.01	157	328419	买盘
14:37:24	20.78	--	1	2078	买盘
14:37:21	20.78	0.01	1	2078	买盘
14:37:18	20.77	-0.01	1	2077	卖盘
14:37:15	20.78	--	13	27076	卖盘
14:37:12	20.78	--	82	170396	卖盘
14:37:09	20.78	--	4	8312	卖盘
14:37:06	20.78	-0.01	1	2078	卖盘
14:37:03	20.79	--	5	10395	买盘
14:37:00	20.79	0.01	2	4158	买盘
14:36:57	20.78	--	1	2078	卖盘
14:36:54	20.78	--	2	4156	卖盘
14:36:51	20.78	--	76	157928	卖盘
14:36:39	20.78	-0.01	15	31170	卖盘
14:36:36	20.79	-0.01	34	70686	卖盘
14:36:33	20.8	0.01	7	14560	买盘
14:36:30	20.79	--	15	31185	卖盘
14:36:27	20.79	--	2	4158	卖盘
14:36:21	20.79	-0.01	1	2079	卖盘
14:36:15	20.8	0.01	4	8320	买盘
14:36:12	20.79	--	8	16632	卖盘
14:36:09	20.79	--	51	106029	买盘
14:36:03	20.79	0.01	2	4158	买盘
14:36:00	20.78	--	1	2078	卖盘
14:35:51	20.78	-0.01	3	6234	卖盘
14:35:48	20.79	--	5	10395	买盘
14:35:45	20.79	0.01	3	6237	买盘
14:35:39	20.78	--	39	81042	卖盘
14:35:33	20.78	-0.01	7	14546	卖盘
14:35:30	20.79	0.01	5	10395	买盘
14:35:27	20.78	--	1	2078	卖盘
14:35:21	20.78	--	12	24936	卖盘
14:35:18	20.78	-0.01	1	2078	卖盘
14:35:15	20.79	--	3	6237	买盘
14:35:12	20.79	--	7	14553	卖盘
14:34:54	20.79	-0.01	4	8316	卖盘
14:34:51	20.8	--	2	4160	买盘
14:34:45	20.8	--	1	2080	买盘
14:34:42	20.8	0.01	14	29120	买盘
14:34:39	20.79	-0.01	22	45738	卖盘
14:34:36	20.8	0.01	1	2080	买盘
14:34:33	20.79	--	1	2079	卖盘
14:34:21	20.79	-0.01	13	27027	卖盘
14:34:15	20.8	0.01	9	18720	买盘
14:34:12	20.79	-0.01	1	2079	卖盘
14:34:09	20.8	--	4	8320	买盘
14:33:57	20.8	--	10	20800	买盘
14:33:54	20.8	0.01	10	20800	买盘
14:33:51	20.79	-0.01	13	27027	卖盘
14:33:48	20.8	0.01	22	45760	买盘
14:33:45	20.79	-0.01	25	51975	卖盘
14:33:42	20.8	0.01	3	6240	买盘
14:33:36	20.79	-0.01	1	2079	卖盘
14:33:27	20.8	-0.01	2	4160	卖盘
14:33:24	20.81	-0.01	68	141508	卖盘
14:33:21	20.82	--	29	60378	买盘
14:33:15	20.82	0.01	3	6246	买盘
14:33:12	20.81	--	10	20810	买盘
14:33:06	20.81	0.01	8	16648	买盘
14:33:03	20.8	-0.02	1	2080	中性盘
14:32:54	20.82	0.02	75	156150	买盘
14:32:45	20.8	0.01	5	10400	买盘
14:32:42	20.79	-0.01	1	2079	卖盘
14:32:36	20.8	--	20	41600	买盘
14:32:30	20.8	0.01	36	74880	买盘
14:32:27	20.79	--	27	56133	卖盘
14:32:21	20.79	-0.01	1	2079	卖盘
14:32:15	20.8	0.02	9	20425	买盘
14:32:12	20.78	--	35	72730	卖盘
14:32:09	20.78	-0.01	4	8312	卖盘
14:32:03	20.79	--	2	4532	卖盘
14:32:00	20.79	--	1	2079	卖盘
14:31:57	20.79	--	20	43284	买盘
14:31:48	20.79	--	3	6237	买盘
14:31:45	20.79	--	31	64823	卖盘
14:31:36	20.79	--	1	2079	卖盘
14:31:24	20.79	-0.01	1	2079	卖盘
14:31:21	20.8	-0.01	67	139360	卖盘
14:31:18	20.81	--	15	31214	买盘
14:31:15	20.81	--	4	8324	买盘
14:31:12	20.81	--	5	10405	买盘
14:30:54	20.81	--	34	70754	卖盘
14:30:48	20.81	-0.01	23	47863	卖盘
14:30:45	20.82	0.01	3	6246	买盘
14:30:42	20.81	-0.01	22	45782	卖盘
14:30:33	20.82	0.01	15	31230	买盘
14:30:30	20.81	--	1	2081	卖盘
14:30:27	20.81	--	24	49944	卖盘
14:30:18	20.81	-0.01	1	2081	卖盘
14:30:15	20.82	0.01	4	8328	买盘
14:30:09	20.81	--	5	10405	卖盘
14:30:06	20.81	--	33	68673	卖盘
14:29:57	20.81	-0.01	1	2081	卖盘
14:29:54	20.82	--	4	8328	买盘
14:29:51	20.82	--	10	20820	买盘
14:29:48	20.82	--	13	27066	买盘
14:29:45	20.82	0.01	3	6246	买盘
14:29:36	20.81	--	1	2081	卖盘
14:29:33	20.81	--	90	187290	买盘
14:29:30	20.81	--	2	4162	买盘
14:29:27	20.81	0.01	28	58268	买盘
14:29:24	20.8	-0.01	1	2080	卖盘
14:29:18	20.81	--	5	10405	买盘
14:29:12	20.81	0.01	3	6243	买盘
14:29:09	20.8	0.01	2	4160	卖盘
14:29:03	20.79	--	1	2079	卖盘
14:28:57	20.79	-0.01	10	20790	卖盘
14:28:54	20.8	-0.01	12	24960	卖盘
14:28:51	20.81	0.02	6	12486	买盘
14:28:45	20.79	--	23	47817	卖盘
14:28:39	20.79	-0.01	1	2079	卖盘
14:28:36	20.8	--	11	22880	卖盘
14:28:30	20.8	0.01	30	62400	买盘
14:28:18	20.79	--	11	22869	卖盘
14:28:15	20.79	-0.01	37	76923	卖盘
14:28:12	20.8	0.01	14	29120	买盘
14:28:06	20.79	--	4	8316	卖盘
14:27:57	20.79	--	4	8316	卖盘
14:27:48	20.79	--	20	41580	卖盘
14:27:45	20.79	--	51	107733	买盘
14:27:42	20.79	--	8	16632	买盘
14:27:39	20.79	0.01	2	4158	买盘
14:27:33	20.78	--	6	12468	卖盘
14:27:30	20.78	--	2	4156	卖盘
14:27:27	20.78	--	17	35326	卖盘
14:27:24	20.78	-0.01	1	2078	卖盘
14:27:21	20.79	--	197	409563	买盘
14:27:12	20.79	--	4	8316	买盘
14:27:09	20.79	0.01	1	2079	买盘
14:27:06	20.78	-0.01	6	12468	卖盘
14:27:03	20.79	0.01	2	4158	买盘
14:27:00	20.78	-0.01	1	2078	卖盘
14:26:51	20.79	0.01	9	18711	买盘
14:26:48	20.78	-0.01	11	22858	卖盘
14:26:45	20.79	0.01	14	29106	买盘
14:26:42	20.78	-0.01	12	24936	卖盘
14:26:36	20.79	--	10	20790	买盘
14:26:30	20.79	--	10	20790	买盘
14:26:24	20.79	--	5	10395	买盘
14:26:21	20.79	--	10	20790	买盘
14:26:18	20.79	--	5	10395	买盘
14:26:15	20.79	--	4	8316	买盘
14:26:12	20.79	0.01	24	50228	买盘
14:26:06	20.78	--	10	20800	卖盘
14:26:03	20.78	--	1	2078	卖盘
14:26:00	20.78	0.01	52	109718	买盘
14:25:51	20.77	--	1	2077	卖盘
14:25:48	20.77	-0.01	23	47771	卖盘
14:25:45	20.78	--	4	8727	卖盘
14:25:42	20.78	--	1	2078	卖盘
14:25:39	20.78	--	2	5818	卖盘
14:25:36	20.78	--	9	18702	卖盘
14:25:33	20.78	--	19	39482	买盘
14:25:30	20.78	--	6	12468	买盘
14:25:24	20.78	--	80	166240	卖盘
14:25:21	20.78	-0.01	2	4156	卖盘
14:25:15	20.79	--	20	42037	卖盘
14:25:12	20.79	-0.01	28	58212	卖盘
14:25:09	20.8	0.01	41	85280	买盘
14:25:03	20.79	--	92	191268	卖盘
14:24:57	20.79	-0.01	38	79002	卖盘
14:24:54	20.8	0.01	36	74880	买盘
14:24:51	20.79	-0.01	1	2079	卖盘
14:24:48	20.8	0.01	32	66560	买盘
14:24:45	20.79	-0.01	11	22869	卖盘
14:24:42	20.8	--	1	2080	买盘
14:24:39	20.8	0.01	30	62400	买盘
14:24:36	20.79	-0.01	13	27027	卖盘
14:24:33	20.8	--	2	4160	卖盘
14:24:30	20.8	-0.01	11	22880	卖盘
14:24:27	20.81	0.01	5	10405	买盘
14:24:24	20.8	-0.01	6	12480	卖盘
14:24:21	20.81	0.01	18	37458	买盘
14:24:18	20.8	-0.01	5	10400	买盘
14:24:15	20.81	0.02	1	2081	买盘
14:24:12	20.79	-0.02	205	426195	卖盘
14:24:09	20.81	--	8	16648	卖盘
14:24:06	20.81	--	2	4162	卖盘
14:24:03	20.81	--	1	2081	卖盘
14:24:00	20.81	-0.01	2	4162	卖盘
14:23:54	20.82	0.01	2	4164	买盘
14:23:51	20.81	0.01	1	2081	中性盘
14:23:48	20.8	-0.02	15	31200	卖盘
14:23:45	20.82	0.02	37	77034	买盘
14:23:42	20.8	--	3	6240	卖盘
14:23:39	20.8	--	2	4160	卖盘
14:23:36	20.8	--	2	4160	卖盘
14:23:33	20.8	-0.01	6	12480	卖盘
14:23:30	20.81	0.02	5	10405	买盘
14:23:27	20.79	-0.02	30	62370	卖盘
14:23:24	20.81	0.01	4	8324	买盘
14:23:21	20.8	--	10	20800	卖盘
14:23:18	20.8	--	1	2080	卖盘
14:23:15	20.8	-0.01	9	18720	卖盘
14:23:12	20.81	0.01	3	6243	买盘
14:23:06	20.8	--	1	2080	卖盘
14:23:03	20.8	--	30	62400	卖盘
14:23:00	20.8	--	5	10400	卖盘
14:22:57	20.8	-0.01	34	70720	卖盘
14:22:51	20.81	--	4	9947	买盘
14:22:45	20.81	--	4	8324	买盘
14:22:42	20.81	0.02	3	6243	买盘
14:22:39	20.79	-0.02	2	4158	卖盘
14:22:36	20.81	0.02	5	10405	买盘
14:22:33	20.79	-0.02	1	2079	卖盘
14:22:27	20.81	0.02	116	241395	买盘
14:22:21	20.79	-0.02	1	2079	中性盘
14:22:12	20.81	0.02	9	18729	买盘
14:22:09	20.79	-0.01	77	160540	卖盘
14:22:06	20.8	0.01	18	39062	买盘
14:22:00	20.79	-0.01	1	2079	卖盘
14:21:54	20.8	0.01	1	2080	买盘
14:21:51	20.79	--	5	10395	卖盘
14:21:48	20.79	--	20	41580	买盘
14:21:45	20.79	--	43	89397	卖盘
14:21:42	20.79	-0.01	19	39501	卖盘
14:21:39	20.8	0.01	4	8320	买盘
14:21:36	20.79	--	10	20790	卖盘
14:21:33	20.79	--	27	56133	卖盘
14:21:27	20.79	-0.01	25	51975	卖盘
14:21:24	20.8	0.01	31	64480	买盘
14:21:18	20.79	-0.01	4	8316	卖盘
14:21:15	20.8	0.02	1	2080	买盘
14:21:12	20.78	-0.02	14	29092	卖盘
14:21:09	20.8	0.02	2	4160	买盘
14:21:06	20.78	-0.02	31	64418	卖盘
14:21:03	20.8	--	16	33280	买盘
14:21:00	20.8	--	2	4160	买盘
14:20:57	20.8	--	15	31200	买盘
14:20:54	20.8	--	14	29120	买盘
14:20:51	20.8	--	42	87360	买盘
14:20:48	20.8	-0.01	28	58697	卖盘
14:20:45	20.81	0.01	14	29134	买盘
14:20:42	20.8	--	4	8320	卖盘
14:20:39	20.8	--	10	20800	卖盘
14:20:33	20.8	--	2	4160	卖盘
14:20:30	20.8	--	2	4160	卖盘
14:20:27	20.8	0.02	19	41142	买盘
14:20:24	20.78	-0.02	7	15003	卖盘
14:20:21	20.8	--	3	7862	买盘
14:20:18	20.8	0.03	40	83200	买盘
14:20:15	20.77	-0.03	16	33232	卖盘
14:20:12	20.8	0.02	4	8320	买盘
14:20:09	20.78	0.01	6	12468	中性盘
14:20:06	20.77	--	6	12462	卖盘
14:20:00	20.77	0.02	1	2077	卖盘
14:19:54	20.75	--	16	33200	买盘
14:19:48	20.75	-0.02	199	412925	卖盘
14:19:45	20.77	--	3	6231	买盘
14:19:42	20.77	--	3	6231	买盘
14:19:39	20.77	--	1	2077	买盘
14:19:36	20.77	0.02	4	8308	买盘
14:19:33	20.75	--	2	4150	卖盘
14:19:30	20.75	-0.02	10	20750	卖盘
14:19:27	20.77	0.02	18	37386	买盘
14:19:24	20.75	--	17	35275	买盘
14:19:21	20.75	--	12	24900	买盘
14:19:15	20.75	-0.02	17	35275	卖盘
14:19:12	20.77	--	1	2077	买盘
14:19:09	20.77	--	8	16616	买盘
14:19:06	20.77	0.01	246	510942	买盘
14:19:03	20.76	--	14	29064	卖盘
14:19:00	20.76	-0.01	3	6228	卖盘
14:18:54	20.77	0.03	263	546251	买盘
14:18:51	20.74	-0.02	345	715530	卖盘
14:18:45	20.76	0.01	6	12456	买盘
14:18:42	20.75	-0.01	11	22825	中性盘
14:18:39	20.76	0.02	11	22836	买盘
14:18:36	20.74	-0.02	1	2074	卖盘
14:18:33	20.76	0.02	23	47748	买盘
14:18:30	20.74	-0.02	5	10370	卖盘
14:18:27	20.76	--	5	10380	买盘
14:18:24	20.76	0.02	2	4152	买盘
14:18:21	20.74	--	1	2074	卖盘
14:18:18	20.74	0.02	175	362950	买盘
14:18:15	20.72	-0.02	14	29008	卖盘
14:18:12	20.74	--	30	62219	买盘
14:18:09	20.74	--	39	80886	买盘
14:18:03	20.74	0.02	5	10370	买盘
14:18:00	20.72	--	3	6216	卖盘
14:17:57	20.72	--	11	22792	卖盘
14:17:54	20.72	-0.02	49	101528	卖盘
14:17:48	20.74	--	24	49775	买盘
14:17:45	20.74	-0.02	82	170068	卖盘
14:17:42	20.76	-0.01	201	417276	卖盘
14:17:39	20.77	--	3	6231	买盘
14:17:36	20.77	--	9	18693	买盘
14:17:30	20.77	--	5	10385	买盘
14:17:27	20.77	--	10	20770	买盘
14:17:24	20.77	-0.03	104	216008	卖盘
14:17:21	20.8	0.01	3	6697	卖盘
14:17:18	20.79	--	5	10395	卖盘
14:17:15	20.79	-0.02	28	58212	卖盘
14:17:12	20.81	0.02	11	24514	买盘
14:17:09	20.79	-0.01	20	41580	卖盘
14:17:06	20.8	--	1	2080	买盘
14:17:03	20.8	--	32	66560	买盘
14:16:54	20.8	--	5	10400	买盘
14:16:51	20.8	-0.01	18	37897	卖盘
14:16:45	20.81	0.01	31	64510	买盘
14:16:42	20.8	-0.01	19	39520	卖盘
14:16:39	20.81	0.01	9	18729	买盘
14:16:36	20.8	--	62	128960	卖盘
14:16:33	20.8	-0.01	10	20800	卖盘
14:16:30	20.81	--	11	22891	买盘
14:16:24	20.81	0.01	2	4162	买盘
14:16:18	20.8	--	11	22880	卖盘
14:16:12	20.8	-0.01	1	2080	卖盘
14:16:09	20.81	0.01	10	20810	买盘
14:16:06	20.8	--	5	10400	卖盘
14:16:03	20.8	-0.01	52	108160	卖盘
14:15:57	20.81	--	2	4162	卖盘
14:15:54	20.81	0.01	36	74916	买盘
14:15:48	20.8	-0.01	40	83200	卖盘
14:15:45	20.81	--	23	47863	买盘
14:15:42	20.81	--	3	6243	买盘
14:15:39	20.81	--	15	31214	卖盘
14:15:36	20.81	--	1	2081	卖盘
14:15:27	20.81	0.01	10	20810	中性盘
14:15:24	20.8	-0.02	231	480480	卖盘
14:15:21	20.82	--	6	14303	买盘
14:15:18	20.82	--	51	106182	买盘
14:15:15	20.82	--	73	151986	卖盘
14:15:12	20.82	-0.01	1	2082	卖盘
14:15:09	20.83	0.02	9	18747	买盘
14:15:06	20.81	-0.01	33	68673	卖盘
14:15:03	20.82	--	8	16656	买盘
14:15:00	20.82	-0.01	10	20820	中性盘
14:14:51	20.83	--	15	31244	买盘
14:14:45	20.83	0.01	20	41660	买盘
14:14:39	20.82	--	9	18738	卖盘
14:14:33	20.82	--	1	2082	卖盘
14:14:30	20.82	--	1	2082	卖盘
14:14:27	20.82	0.01	2	4164	中性盘
14:14:24	20.81	-0.01	3	6243	卖盘
14:14:18	20.82	0.01	5	10410	买盘
14:14:12	20.81	-0.01	35	72835	卖盘
14:14:09	20.82	--	3	6246	买盘
14:14:03	20.82	0.01	10	20820	买盘
14:14:00	20.81	--	10	20810	卖盘
14:13:57	20.81	-0.01	1	2081	卖盘
14:13:54	20.82	--	5	10410	买盘
14:13:51	20.82	--	20	41640	买盘
14:13:48	20.82	0.01	15	31230	买盘
14:13:45	20.81	-0.01	2	4162	卖盘
14:13:42	20.82	--	3	6246	买盘
14:13:39	20.82	0.01	1	2082	买盘
14:13:33	20.81	--	19	39539	卖盘
14:13:30	20.81	-0.01	29	60348	卖盘
14:13:27	20.82	--	10	20820	买盘
14:13:24	20.82	--	4	8328	买盘
14:13:18	20.82	--	1	2082	买盘
14:13:12	20.82	--	12	24984	买盘
14:13:09	20.82	0.01	4	8328	买盘
14:13:03	20.81	--	2	4162	卖盘
14:13:00	20.81	-0.01	8	16648	卖盘
14:12:54	20.82	0.01	1	2082	中性盘
14:12:51	20.81	-0.02	1	2081	卖盘
14:12:48	20.83	0.01	10	20830	买盘
14:12:42	20.82	--	37	77034	卖盘
14:12:39	20.82	-0.01	16	33312	卖盘
14:12:36	20.83	0.01	3	6248	买盘
14:12:33	20.82	--	54	112428	卖盘
14:12:27	20.82	-0.01	2	4164	卖盘
14:12:24	20.83	--	12	24995	买盘
14:12:18	20.83	--	10	20830	买盘
14:12:15	20.83	--	5	10415	买盘
14:12:12	20.83	--	5	10415	买盘
14:12:09	20.83	-0.01	73	152059	卖盘
14:12:06	20.84	--	5	10420	买盘
14:12:03	20.84	0.01	7	14588	买盘
14:11:57	20.83	--	10	20830	卖盘
14:11:54	20.83	--	3	6248	中性盘
14:11:51	20.83	0.01	10	20830	买盘
14:11:48	20.82	--	1	2082	卖盘
14:11:42	20.82	-0.01	1	2082	卖盘
14:11:39	20.83	0.01	3	6248	买盘
14:11:36	20.82	0.01	27	56214	买盘
14:11:30	20.81	-0.01	4	8324	卖盘
14:11:27	20.82	0.01	5	10410	中性盘
14:11:24	20.81	--	10	20810	卖盘
14:11:21	20.81	0.01	11	22891	卖盘
14:11:15	20.8	--	14	31012	买盘
14:11:12	20.8	-0.02	253	526427	卖盘
14:11:09	20.82	0.01	4	8328	卖盘
14:11:06	20.81	0.01	4	8324	中性盘
14:11:00	20.8	-0.04	1	2080	卖盘
14:10:57	20.84	0.04	19	39596	买盘
14:10:54	20.8	-0.04	310	644800	卖盘
14:10:48	20.84	-0.03	97	202148	卖盘
14:10:45	20.87	--	2	4174	买盘
14:10:42	20.87	--	20	41740	买盘
14:10:39	20.87	0.03	4	8348	买盘
14:10:36	20.84	-0.03	2	4168	卖盘
14:10:27	20.87	0.03	94	196178	买盘
14:10:24	20.84	--	28	58352	买盘
14:10:18	20.84	0.02	10	20840	买盘
14:10:15	20.82	-0.02	1	2082	卖盘
14:10:09	20.84	0.02	18	37512	买盘
14:10:06	20.82	-0.02	51	106182	卖盘
14:10:03	20.84	--	6	12504	买盘
14:10:00	20.84	--	39	81276	卖盘
14:09:51	20.84	--	12	26904	买盘
14:09:48	20.84	--	2	4168	买盘
14:09:45	20.84	0.02	7	14588	买盘
14:09:42	20.82	-0.02	1	2082	卖盘
14:09:39	20.84	0.01	3	6252	买盘
14:09:36	20.83	--	8	16664	卖盘
14:09:33	20.83	-0.01	1	2083	卖盘
14:09:24	20.84	0.01	30	62520	买盘
14:09:21	20.83	--	11	22912	买盘
14:09:18	20.83	--	15	31244	买盘
14:09:15	20.83	--	7	14580	买盘
14:09:09	20.83	0.01	12	24995	买盘
14:09:06	20.82	--	9	18738	买盘
14:09:00	20.82	0.01	2	4164	买盘
14:08:57	20.81	--	1	2081	卖盘
14:08:54	20.81	0.01	17	35377	卖盘
14:08:48	20.8	--	354	736320	卖盘
14:08:42	20.8	--	90	187200	卖盘
14:08:39	20.8	-0.01	63	131040	卖盘
14:08:36	20.81	--	35	72835	买盘
14:08:33	20.81	--	11	22891	买盘
14:08:30	20.81	--	5	10405	买盘
14:08:27	20.81	--	5	10405	买盘
14:08:24	20.81	-0.02	223	464063	卖盘
14:08:21	20.83	0.02	12	24995	买盘
14:08:15	20.81	-0.02	21	43701	卖盘
14:08:12	20.83	--	5	10415	买盘
14:08:09	20.83	--	83	172889	买盘
14:08:06	20.83	0.02	1	2083	买盘
14:08:03	20.81	-0.02	9	18729	卖盘
14:08:00	20.83	--	21	43743	买盘
14:07:57	20.83	--	1	2083	买盘
14:07:54	20.83	0.02	2	4166	中性盘
14:07:51	20.81	-0.03	295	614082	卖盘
14:07:45	20.84	0.01	9	18756	买盘
14:07:42	20.83	-0.01	3	6248	卖盘
14:07:39	20.84	0.01	26	54184	买盘
14:07:36	20.83	--	18	37494	卖盘
14:07:30	20.83	-0.01	27	56240	卖盘
14:07:27	20.84	--	215	448060	买盘
14:07:24	20.84	0.01	10	20840	买盘
14:07:18	20.83	-0.02	66	137478	卖盘
14:07:15	20.85	0.01	10	20850	买盘
14:07:12	20.84	-0.01	28	58352	卖盘
14:07:09	20.85	0.01	4	8340	买盘
14:07:03	20.84	--	2	4168	卖盘
14:07:00	20.84	--	25	52100	卖盘
14:06:57	20.84	--	1	2084	卖盘
14:06:54	20.84	-0.01	10	20840	卖盘
14:06:51	20.85	0.01	7	14595	买盘
14:06:48	20.84	-0.01	17	35428	卖盘
14:06:42	20.85	--	9	18765	买盘
14:06:39	20.85	--	116	241860	买盘
14:06:33	20.85	--	7	14595	买盘
14:06:30	20.85	-0.01	134	279390	卖盘
14:06:24	20.86	0.01	11	22946	买盘
14:06:21	20.85	-0.01	10	20850	卖盘
14:06:18	20.86	0.01	5	10430	买盘
14:06:15	20.85	--	1	2085	卖盘
14:06:12	20.85	-0.03	183	381555	卖盘
14:06:09	20.88	--	45	93960	卖盘
14:06:06	20.88	--	8	16704	卖盘
14:06:03	20.88	--	1	2088	卖盘
14:06:00	20.88	--	23	48024	卖盘
14:05:57	20.88	--	2	4176	卖盘
14:05:51	20.88	--	1	2088	卖盘
14:05:45	20.88	-0.01	3	6264	卖盘
14:05:42	20.89	--	5	10445	买盘
14:05:39	20.89	--	3	6267	买盘
14:05:36	20.89	--	1	2089	卖盘
14:05:30	20.89	--	1	2089	卖盘
14:05:18	20.89	-0.01	88	183832	卖盘
14:05:15	20.9	0.01	6	12540	买盘
14:05:12	20.89	--	7	14623	卖盘
14:05:06	20.89	--	1	2089	卖盘
14:05:03	20.89	-0.01	3	6267	卖盘
14:05:00	20.9	--	4	8360	买盘
14:04:57	20.9	--	5	10450	买盘
14:04:48	20.9	0.01	3	6270	买盘
14:04:45	20.89	-0.01	1	2089	卖盘
14:04:36	20.9	0.01	1	2090	买盘
14:04:33	20.89	--	4	8356	卖盘
14:04:30	20.89	--	12	25068	卖盘
14:04:24	20.89	--	2	4178	卖盘
14:04:21	20.89	--	8	16712	卖盘
14:04:18	20.89	--	10	20890	卖盘
14:04:12	20.89	--	2	4178	卖盘
14:04:06	20.89	--	3	6267	卖盘
14:03:51	20.89	--	1	2089	卖盘
14:03:48	20.89	--	2	4178	卖盘
14:03:45	20.89	-0.02	44	91916	卖盘
14:03:39	20.91	0.01	6	12546	买盘
14:03:36	20.9	--	102	213180	卖盘
14:03:33	20.9	--	5	10450	卖盘
14:03:30	20.9	-0.01	1	2090	卖盘
14:03:27	20.91	0.01	5	10455	买盘
14:03:18	20.9	-0.01	1	2090	卖盘
14:03:15	20.91	--	23	48093	卖盘
14:03:09	20.91	--	4	8364	卖盘
14:02:54	20.91	0.01	1	2091	中性盘
14:02:45	20.9	--	1	2090	卖盘
14:02:42	20.9	-0.01	3	6270	卖盘
14:02:33	20.91	0.01	1	2091	中性盘
14:02:24	20.9	--	4	8360	卖盘
14:02:21	20.9	-0.04	40	83600	卖盘
14:02:18	20.94	0.04	1	2094	买盘
14:02:12	20.9	--	1	2090	卖盘
14:02:06	20.9	--	5	10450	卖盘
14:02:00	20.9	--	13	27169	卖盘
14:01:48	20.9	--	7	14629	卖盘
14:01:39	20.9	--	2	4180	买盘
14:01:36	20.9	--	11	22990	买盘
14:01:21	20.9	0.01	5	10450	买盘
14:01:15	20.89	-0.05	1	2089	卖盘
14:01:09	20.94	0.05	66	138204	买盘
14:01:06	20.89	-0.02	1	2089	卖盘
14:01:00	20.91	0.02	1	2091	买盘
14:00:54	20.89	-0.02	1	2089	卖盘
14:00:51	20.91	0.01	7	14637	买盘
14:00:48	20.9	-0.01	32	66880	卖盘
14:00:45	20.91	0.01	2	4182	买盘
14:00:42	20.9	--	4	8360	卖盘
14:00:30	20.9	--	2	4180	卖盘
14:00:24	20.9	--	20	41800	卖盘
14:00:18	20.9	--	1	2090	卖盘
14:00:15	20.9	--	9	18810	卖盘
14:00:12	20.9	--	6	12540	卖盘
14:00:06	20.9	--	1	2090	卖盘
14:00:03	20.9	--	4	8360	卖盘
13:59:51	20.9	--	5	10450	卖盘
13:59:45	20.9	--	1	2090	卖盘
13:59:42	20.9	--	7	14629	卖盘
13:59:33	20.9	-0.01	1	2090	卖盘
13:59:30	20.91	0.01	73	152643	买盘
13:59:24	20.9	0.01	8	16720	买盘
13:59:18	20.89	--	35	73115	卖盘
13:59:12	20.89	--	1	2089	卖盘
13:58:57	20.89	-0.01	63	131607	卖盘
13:58:54	20.9	0.01	11	22990	买盘
13:58:51	20.89	-0.01	1	2089	卖盘
13:58:45	20.9	--	5	10450	买盘
13:58:42	20.9	--	3	6270	买盘
13:58:39	20.9	--	3	6270	买盘
13:58:30	20.9	0.01	2	4180	买盘
13:58:27	20.89	-0.01	1	2089	卖盘
13:58:21	20.9	--	5	10450	买盘
13:58:18	20.9	0.01	29	60609	买盘
13:58:09	20.89	--	1	2089	卖盘
13:58:06	20.89	0.01	1	2089	中性盘
13:58:03	20.88	-0.01	3	6264	卖盘
13:57:54	20.89	-0.01	10	20890	卖盘
13:57:51	20.9	0.01	5	10450	买盘
13:57:48	20.89	--	10	20890	卖盘
13:57:45	20.89	-0.01	1	2089	卖盘
13:57:39	20.9	--	2	4180	买盘
13:57:36	20.9	0.01	10	20900	买盘
13:57:33	20.89	-0.01	6	12534	卖盘
13:57:30	20.9	--	11	22990	买盘
13:57:27	20.9	--	5	10450	买盘
13:57:15	20.9	--	5	10450	买盘
13:57:12	20.9	--	40	83600	买盘
13:57:09	20.9	--	15	31349	买盘
13:57:03	20.9	--	1	2090	买盘
13:57:00	20.9	-0.01	81	169290	卖盘
13:56:57	20.91	0.01	33	69003	买盘
13:56:54	20.9	-0.01	31	64789	卖盘
13:56:51	20.91	0.01	14	29274	买盘
13:56:48	20.9	-0.01	1	2090	卖盘
13:56:45	20.91	0.01	1	2091	买盘
13:56:36	20.9	-0.01	1	2090	卖盘
13:56:33	20.91	-0.01	86	179826	卖盘
13:56:30	20.92	--	1	2092	卖盘
13:56:24	20.92	--	11	23012	买盘
13:56:21	20.92	--	1	2092	买盘
13:56:18	20.92	0.01	5	10460	买盘
13:56:15	20.91	-0.01	1	2091	卖盘
13:56:12	20.92	--	8	16736	买盘
13:56:09	20.92	-0.02	1	2092	卖盘
13:56:06	20.94	0.02	11	23034	买盘
13:56:03	20.92	0.01	4	8368	中性盘
13:55:54	20.91	-0.02	80	167280	卖盘
13:55:51	20.93	0.01	2	4186	买盘
13:55:48	20.92	--	6	12552	卖盘
13:55:45	20.92	-0.01	5	10460	卖盘
13:55:36	20.93	0.01	5	10465	中性盘
13:55:33	20.92	--	1	2092	卖盘
13:55:30	20.92	-0.02	15	31380	卖盘
13:55:21	20.94	0.02	4	8376	买盘
13:55:12	20.92	--	9	18828	卖盘
13:55:09	20.92	--	9	18828	卖盘
13:54:54	20.92	--	6	12552	卖盘
13:54:48	20.92	-0.03	1	2092	卖盘
13:54:39	20.95	0.03	1	2095	买盘
13:54:36	20.92	-0.03	1	2092	卖盘
13:54:33	20.95	--	2	4190	买盘
13:54:27	20.95	-0.01	9	18855	卖盘
13:54:18	20.96	-0.01	26	54496	卖盘
13:54:15	20.97	-0.01	8	16776	卖盘
13:54:06	20.98	0.02	17	35666	买盘
13:54:03	20.96	-0.02	1	2096	卖盘
13:53:57	20.98	0.01	10	20980	买盘
13:53:54	20.97	-0.01	11	23067	卖盘
13:53:45	20.98	0.01	2	4196	买盘
13:53:42	20.97	--	1	2097	卖盘
13:53:36	20.97	--	1	2097	卖盘
13:53:33	20.97	--	1	2097	卖盘
13:53:30	20.97	0.01	7	14679	买盘
13:53:27	20.96	-0.01	3	6288	卖盘
13:53:24	20.97	0.02	10	20970	买盘
13:53:09	20.95	-0.03	1	2095	卖盘
13:53:00	20.98	0.03	69	144762	买盘
13:52:57	20.95	--	1	2095	卖盘
13:52:54	20.95	--	32	67040	买盘
13:52:51	20.95	0.04	5	10475	买盘
13:52:48	20.91	--	1	2091	卖盘
13:52:39	20.91	-0.01	14	29922	买盘
13:52:36	20.92	0.01	134	280328	买盘
13:52:30	20.91	0.01	2	4182	买盘
13:52:24	20.9	--	1	2090	卖盘
13:52:21	20.9	--	21	43890	买盘
13:52:18	20.9	--	5	10450	买盘
13:52:15	20.9	--	18	37620	买盘
13:52:12	20.9	--	20	41800	买盘
13:52:06	20.9	0.02	6	12540	买盘
13:52:03	20.88	--	18	37584	卖盘
13:51:57	20.88	--	3	6264	卖盘
13:51:51	20.88	--	1	2088	卖盘
13:51:45	20.88	0.02	4	8352	买盘
13:51:42	20.86	--	25	52150	买盘
13:51:39	20.86	--	10	20860	买盘
13:51:36	20.86	--	6	12516	买盘
13:51:30	20.86	--	102	212772	买盘
13:51:27	20.86	-0.03	58	120988	卖盘
13:51:24	20.89	0.01	7	14623	买盘
13:51:21	20.88	--	5	10440	买盘
13:51:18	20.88	--	15	31320	买盘
13:51:15	20.88	--	235	490680	买盘
13:51:12	20.88	--	66	137808	买盘
13:51:09	20.88	--	21	43848	买盘
13:51:06	20.88	--	10	20880	买盘
13:51:03	20.88	--	7	14616	买盘
13:51:00	20.88	--	29	60552	买盘
13:50:57	20.88	0.01	6	12528	买盘
13:50:54	20.87	-0.01	9	18783	卖盘
13:50:51	20.88	0.01	3	6264	买盘
13:50:48	20.87	-0.01	26	54262	卖盘
13:50:42	20.88	--	10	20880	买盘
13:50:39	20.88	--	45	93960	买盘
13:50:33	20.88	0.02	5	10440	买盘
13:50:30	20.86	-0.02	8	16688	卖盘
13:50:27	20.88	--	5	10440	买盘
13:50:21	20.88	--	2	4176	买盘
13:50:18	20.88	0.02	125	261000	买盘
13:50:12	20.86	-0.02	20	41720	卖盘
13:50:09	20.88	--	2	4176	买盘
13:50:06	20.88	--	2	4176	买盘
13:50:03	20.88	0.02	4	8352	买盘
13:49:51	20.86	--	10	20860	买盘
13:49:48	20.86	0.01	3	6258	买盘
13:49:45	20.85	-0.01	10	20850	卖盘
13:49:42	20.86	--	11	22946	买盘
13:49:39	20.86	--	10	20860	买盘
13:49:36	20.86	--	3	6258	买盘
13:49:33	20.86	0.02	4	8344	买盘
13:49:27	20.84	--	373	777332	卖盘
13:49:18	20.84	--	7	14588	卖盘
13:49:15	20.84	--	18	38970	买盘
13:49:12	20.84	--	10	20840	买盘
13:49:09	20.84	--	53	110452	卖盘
13:49:06	20.84	--	37	79004	买盘
13:49:03	20.84	--	42	87528	买盘
13:49:00	20.84	--	3	6252	买盘
13:48:57	20.84	0.01	4	8336	买盘
13:48:51	20.83	--	13	27078	卖盘
13:48:45	20.83	-0.01	16	33328	卖盘
13:48:42	20.84	--	12	25008	买盘
13:48:39	20.84	0.01	2	4168	买盘
13:48:33	20.83	-0.01	5	10415	卖盘
13:48:30	20.84	0.01	3	6252	买盘
13:48:27	20.83	--	105	218714	卖盘
13:48:24	20.83	--	17	35411	卖盘
13:48:21	20.83	-0.01	12	24995	卖盘
13:48:18	20.84	--	20	41680	买盘
13:48:12	20.84	--	30	62520	买盘
13:48:06	20.84	--	8	16672	买盘
13:48:03	20.84	0.01	13	27092	卖盘
13:48:00	20.83	-0.02	45	93734	卖盘
13:47:48	20.85	--	10	20850	买盘
13:47:45	20.85	--	5	10425	买盘
13:47:42	20.85	-0.01	200	417000	卖盘
13:47:36	20.86	0.01	7	14602	中性盘
13:47:33	20.85	-0.03	8	16680	卖盘
13:47:30	20.88	0.01	3	6264	买盘
13:47:27	20.87	--	9	18783	卖盘
13:47:24	20.87	0.02	50	104350	买盘
13:47:18	20.85	-0.01	364	758940	卖盘
13:47:12	20.86	-0.01	5	10430	卖盘
13:47:09	20.87	--	27	56349	卖盘
13:47:03	20.87	--	41	85567	卖盘
13:47:00	20.87	-0.01	10	20870	卖盘
13:46:57	20.88	--	4	8352	卖盘
13:46:54	20.88	-0.01	23	48024	卖盘
13:46:45	20.89	--	7	14623	买盘
13:46:42	20.89	-0.01	10	20890	卖盘
13:46:39	20.9	--	15	31349	买盘
13:46:33	20.9	--	499	1042909	卖盘
13:46:30	20.9	--	18	37620	卖盘
13:46:24	20.9	--	36	75240	卖盘
13:46:21	20.9	--	6	12540	卖盘
13:46:15	20.9	--	3	6270	卖盘
13:46:12	20.9	-0.01	10	20900	卖盘
13:46:09	20.91	-0.01	115	241907	卖盘
13:46:00	20.92	--	24	52028	卖盘
13:45:57	20.92	--	30	62760	卖盘
13:45:54	20.92	-0.01	2	4184	卖盘
13:45:51	20.93	0.01	1	2093	买盘
13:45:45	20.92	--	6	12552	卖盘
13:45:42	20.92	--	10	20920	卖盘
13:45:39	20.92	-0.01	27	56484	卖盘
13:45:36	20.93	--	9	18837	买盘
13:45:30	20.93	--	3	6279	买盘
13:45:27	20.93	--	8	16744	卖盘
13:45:24	20.93	0.01	2	4186	中性盘
13:45:21	20.92	--	14	29559	卖盘
13:45:15	20.92	-0.01	11	23012	卖盘
13:45:12	20.93	--	30	62790	买盘
13:45:09	20.93	--	15	31395	买盘
13:45:00	20.93	--	3	6279	买盘
13:44:57	20.93	--	2	4186	买盘
13:44:51	20.93	--	12	25116	买盘
13:44:42	20.93	--	60	125580	买盘
13:44:39	20.93	--	10	20930	买盘
13:44:27	20.93	-0.01	57	121121	卖盘
13:44:18	20.94	0.01	8	16752	买盘
13:44:15	20.93	-0.01	2	4186	卖盘
13:44:06	20.94	-0.01	10	20940	中性盘
13:43:54	20.95	0.02	10	20950	买盘
13:43:39	20.93	-0.02	132	276276	卖盘
13:43:36	20.95	--	2	4190	买盘
13:43:30	20.95	--	1	2095	买盘
13:43:18	20.95	--	126	263970	买盘
13:43:12	20.95	0.02	1	2095	中性盘
13:42:45	20.93	-0.02	215	449995	卖盘
13:42:39	20.95	--	4	8380	卖盘
13:42:30	20.95	0.02	1	2095	买盘
13:42:21	20.93	--	14	29574	买盘
13:42:18	20.93	--	1	2093	买盘
13:42:15	20.93	--	7	14651	买盘
13:42:12	20.93	-0.02	142	299026	卖盘
13:42:09	20.95	0.02	1	2095	买盘
13:41:51	20.93	--	8	17016	买盘
13:41:48	20.93	--	13	27209	买盘
13:41:45	20.93	--	40	83720	买盘
13:41:39	20.93	--	9	18837	买盘
13:41:36	20.93	--	39	83447	卖盘
13:41:33	20.93	--	168	351624	卖盘
13:41:18	20.93	--	1	2093	卖盘
13:41:15	20.93	--	1	2093	卖盘
13:41:12	20.93	--	3	6551	买盘
13:41:09	20.93	--	3	6279	买盘
13:41:06	20.93	--	10	22750	卖盘
13:40:54	20.93	-0.02	112	234416	卖盘
13:40:51	20.95	--	1	2095	卖盘
13:40:48	20.95	0.02	34	71502	买盘
13:40:42	20.93	--	22	46046	卖盘
13:40:33	20.93	--	2	4186	买盘
13:40:27	20.93	--	1	2093	买盘
13:40:24	20.93	--	10	20930	买盘
13:40:21	20.93	--	2	4186	买盘
13:40:18	20.93	0.01	5	10465	买盘
13:40:15	20.92	--	21	43932	卖盘
13:40:12	20.92	-0.01	6	12552	卖盘
13:40:06	20.93	0.01	3	6279	买盘
13:40:03	20.92	-0.01	30	62760	卖盘
13:40:00	20.93	-0.01	8	16744	卖盘
13:39:54	20.94	0.01	14	29316	买盘
13:39:51	20.93	0.02	5	10465	中性盘
13:39:39	20.91	-0.02	64	133824	卖盘
13:39:36	20.93	--	12	25116	卖盘
13:39:33	20.93	0.01	10	20930	买盘
13:39:30	20.92	--	18	37656	卖盘
13:39:27	20.92	-0.01	7	14644	卖盘
13:39:24	20.93	--	1	2093	买盘
13:39:21	20.93	0.01	2	4186	买盘
13:39:18	20.92	-0.02	276	577392	卖盘
13:39:12	20.94	0.01	2	4188	买盘
13:39:03	20.93	--	9	18837	卖盘
13:38:57	20.93	-0.01	59	123487	卖盘
13:38:51	20.94	--	5	10470	买盘
13:38:48	20.94	--	23	48162	买盘
13:38:45	20.94	--	3	6282	买盘
13:38:42	20.94	-0.01	160	335040	卖盘
13:38:39	20.95	--	50	104750	买盘
13:38:33	20.95	--	1	2095	买盘
13:38:30	20.95	--	30	62850	买盘
13:38:27	20.95	--	15	31425	买盘
13:38:24	20.95	-0.02	79	167327	卖盘
13:38:09	20.97	0.02	26	54522	买盘
13:38:06	20.95	--	3	6285	卖盘
13:38:03	20.95	--	4	8380	卖盘
13:37:57	20.95	--	1	2095	卖盘
13:37:42	20.95	--	2	4190	卖盘
13:37:39	20.95	--	33	69407	买盘
13:37:33	20.95	--	1	2095	买盘
13:37:30	20.95	--	1	2095	买盘
13:37:27	20.95	-0.03	163	341485	卖盘
13:37:18	20.98	--	5	10490	卖盘
13:37:09	20.98	0.01	5	10490	中性盘
13:37:03	20.97	-0.02	5	10485	卖盘
13:37:00	20.99	0.01	2	4198	中性盘
13:36:48	20.98	-0.02	9	18882	卖盘
13:36:45	21.0	0.03	17	35700	买盘
13:36:39	20.97	-0.03	190	399436	卖盘
13:36:33	21.0	--	5	10500	买盘
13:36:30	21.0	--	10	21000	买盘
13:36:24	21.0	--	62	130200	买盘
13:36:18	21.0	--	44	92400	买盘
13:36:09	21.0	--	22	46200	卖盘
13:36:06	21.0	--	1	2100	卖盘
13:36:03	21.0	--	31	65100	买盘
13:35:57	21.0	--	5	10500	买盘
13:35:54	21.0	--	20	42000	买盘
13:35:51	21.0	0.01	14	29400	中性盘
13:35:45	20.99	-0.03	4	8396	中性盘
13:35:36	21.02	0.02	1	2102	买盘
13:35:21	21.0	--	50	105000	买盘
13:35:15	21.0	0.02	1	2100	买盘
13:35:12	20.98	-0.01	60	125880	卖盘
13:34:51	20.99	--	20	41980	卖盘
13:34:42	20.99	--	5	10495	卖盘
13:34:30	20.99	--	5	10495	卖盘
13:34:27	20.99	--	5	10495	卖盘
13:34:21	20.99	0.01	4	8396	买盘
13:34:09	20.98	--	6	12588	卖盘
13:34:03	20.98	--	5	10490	卖盘
13:33:51	20.98	-0.02	23	48254	卖盘
13:33:45	21.0	0.01	5	11592	买盘
13:33:39	20.99	--	1	2099	买盘
13:33:36	20.99	--	3	6296	买盘
13:33:33	20.99	--	15	31484	买盘
13:33:30	20.99	0.01	10	20990	买盘
13:33:27	20.98	-0.01	15	31470	卖盘
13:33:24	20.99	--	10	20990	买盘
13:33:21	20.99	--	19	39881	买盘
13:33:18	20.99	--	1	2099	买盘
13:33:12	20.99	--	12	25187	买盘
13:33:00	20.99	--	15	31484	买盘
13:32:57	20.99	--	20	41980	买盘
13:32:48	20.99	--	6	12593	买盘
13:32:36	20.99	0.01	48	100751	买盘
13:32:33	20.98	--	2	4196	卖盘
13:32:30	20.98	--	3	6294	卖盘
13:32:27	20.98	--	1	2098	卖盘
13:32:24	20.98	-0.01	8	16784	卖盘
13:32:18	20.99	0.01	5	10495	买盘
13:32:15	20.98	--	30	62940	卖盘
13:32:00	20.98	--	11	23078	卖盘
13:31:48	20.98	-0.01	15	31470	卖盘
13:31:36	20.99	--	6	12593	买盘
13:31:33	20.99	0.01	2	4198	买盘
13:31:30	20.98	-0.01	4	8392	卖盘
13:31:21	20.99	--	6	12593	买盘
13:31:15	20.99	--	10	20990	买盘
13:31:12	20.99	-0.01	3	6296	卖盘
13:30:51	21.0	--	5	10500	买盘
13:30:48	21.0	--	1	2100	买盘
13:30:45	21.0	--	5	10500	买盘
13:30:42	21.0	--	68	142800	买盘
13:30:39	21.0	0.01	10	21000	买盘
13:30:30	20.99	0.04	25	52474	买盘
13:30:24	20.95	-0.02	10	20950	卖盘
13:30:15	20.97	0.02	2	4194	买盘
13:30:12	20.95	--	25	52375	卖盘
13:30:09	20.95	--	1	2095	买盘
13:30:06	20.95	--	5	10475	买盘
13:30:03	20.95	0.01	14	29330	卖盘
13:30:00	20.94	-0.01	30	62820	卖盘
13:29:57	20.95	--	14	29330	卖盘
13:29:51	20.95	--	26	54470	买盘
13:29:42	20.95	--	1	2095	卖盘
13:29:39	20.95	0.01	5	10475	卖盘
13:29:36	20.94	-0.01	30	62820	卖盘
13:29:33	20.95	--	5	10475	买盘
13:29:30	20.95	--	20	41900	买盘
13:29:27	20.95	0.01	22	46090	买盘
13:29:24	20.94	-0.01	5	10470	卖盘
13:29:18	20.95	--	29	60755	买盘
13:29:15	20.95	-0.02	276	578366	卖盘
13:29:12	20.97	--	6	12582	买盘
13:29:09	20.97	0.01	24	50328	中性盘
13:29:06	20.96	-0.02	62	129952	卖盘
13:29:03	20.98	0.01	3	8266	买盘
13:28:57	20.97	-0.01	64	134208	卖盘
13:28:54	20.98	--	10	20980	买盘
13:28:48	20.98	0.01	10	20980	买盘
13:28:45	20.97	-0.01	17	35649	卖盘
13:28:36	20.98	--	1	2098	买盘
13:28:33	20.98	--	2	4196	买盘
13:28:30	20.98	--	5	10490	买盘
13:28:27	20.98	--	12	25176	买盘
13:28:21	20.98	-0.02	58	121809	卖盘
13:28:15	21.0	0.02	72	151200	买盘
13:28:12	20.98	-0.01	19	39862	卖盘
13:28:09	20.99	-0.01	10	20990	买盘
13:28:06	21.0	--	1	2100	买盘
13:28:03	21.0	0.02	3	6300	买盘
13:28:00	20.98	-0.02	40	83920	卖盘
13:27:51	21.0	--	6	12600	买盘
13:27:48	21.0	--	3	6300	买盘
13:27:45	21.0	0.02	7	14700	买盘
13:27:42	20.98	-0.02	20	41960	卖盘
13:27:39	21.0	--	17	35700	买盘
13:27:36	21.0	--	9	18900	买盘
13:27:33	21.0	0.02	131	275100	卖盘
13:27:24	20.98	-0.02	59	123782	卖盘
13:27:09	21.0	--	90	189000	卖盘
13:27:06	21.0	--	2	4200	卖盘
13:27:00	21.0	--	5	10500	卖盘
13:26:51	21.0	-0.03	359	753900	卖盘
13:26:48	21.03	--	2	4206	买盘
13:26:42	21.03	--	62	130386	买盘
13:26:39	21.03	--	15	31545	买盘
13:26:36	21.03	--	19	39957	买盘
13:26:30	21.03	--	5	10515	买盘
13:26:27	21.03	-0.02	35	73605	卖盘
13:26:15	21.05	0.01	2	4210	买盘
13:26:06	21.04	-0.01	3	6312	卖盘
13:26:00	21.05	--	5	10525	买盘
13:25:54	21.05	--	1	2105	买盘
13:25:45	21.05	0.01	10	21050	买盘
13:25:42	21.04	--	3	6312	卖盘
13:25:27	21.04	-0.01	50	105200	卖盘
13:25:09	21.05	--	1	2294	卖盘
13:24:54	21.05	0.01	12	27175	买盘
13:24:48	21.04	--	53	111512	卖盘
13:24:36	21.04	0.01	3	6312	买盘
13:24:24	21.03	-0.01	5	10515	卖盘
13:24:18	21.04	0.01	2	4208	买盘
13:24:03	21.03	--	13	27339	卖盘
13:23:54	21.03	--	3	6309	卖盘
13:23:51	21.03	-0.01	8	16824	卖盘
13:23:39	21.04	0.01	15	31560	买盘
13:23:33	21.03	--	31	65193	卖盘
13:23:30	21.03	--	1	2103	卖盘
13:23:27	21.03	-0.01	4	8412	卖盘
13:23:21	21.04	--	4	8416	卖盘
13:23:18	21.04	-0.01	1	2104	中性盘
13:23:12	21.05	0.01	9	18945	买盘
13:23:09	21.04	--	2	4208	买盘
13:23:00	21.04	--	12	25437	卖盘
13:22:45	21.04	--	7	14728	卖盘
13:22:42	21.04	-0.01	10	21040	卖盘
13:22:33	21.05	--	1	2105	买盘
13:22:27	21.05	--	34	71570	卖盘
13:22:24	21.05	-0.01	5	10525	卖盘
13:22:12	21.06	0.01	2	4212	买盘
13:22:09	21.05	-0.01	5	10525	卖盘
13:22:03	21.06	--	6	12636	买盘
13:22:00	21.06	-0.02	3	6318	卖盘
13:21:54	21.08	0.02	2	4216	买盘
13:21:51	21.06	--	6	12636	卖盘
13:21:42	21.06	-0.02	4	8424	卖盘
13:21:39	21.08	0.02	2	4216	买盘
13:21:33	21.06	--	6	12636	买盘
13:21:30	21.06	--	2	4212	买盘
13:21:27	21.06	--	9	18954	买盘
13:21:21	21.06	-0.02	83	174798	卖盘
13:21:15	21.08	--	12	25295	卖盘
13:21:00	21.08	--	3	6323	中性盘
13:20:48	21.08	--	4	8432	买盘
13:20:42	21.08	--	30	63239	买盘
13:20:27	21.08	--	10	21080	买盘
13:20:18	21.08	--	10	21080	买盘
13:20:15	21.08	--	5	10540	买盘
13:20:06	21.08	0.01	5	10540	中性盘
13:19:57	21.07	--	7	14749	卖盘
13:19:54	21.07	--	5	10535	买盘
13:19:51	21.07	0.01	14	29498	中性盘
13:19:48	21.06	-0.03	50	105300	卖盘
13:19:45	21.09	0.01	5	10545	买盘
13:19:42	21.08	0.01	3	6323	中性盘
13:19:39	21.07	-0.01	23	48461	卖盘
13:19:36	21.08	0.01	10	21080	买盘
13:19:30	21.07	0.01	6	12642	中性盘
13:19:12	21.06	--	1	2106	卖盘
13:19:06	21.06	-0.03	1	2106	卖盘
13:19:03	21.09	0.04	3	6327	买盘
13:18:42	21.05	-0.01	50	105250	卖盘
13:18:39	21.06	--	22	46332	买盘
13:18:27	21.06	--	2	4212	买盘
13:18:24	21.06	--	18	37908	买盘
13:18:18	21.06	--	16	33696	买盘
13:18:15	21.06	--	17	35802	买盘
13:18:09	21.06	-0.02	27	56862	卖盘
13:18:06	21.08	-0.01	3	6323	卖盘
13:17:57	21.09	0.01	20	42180	买盘
13:17:54	21.08	-0.01	7	14755	卖盘
13:17:42	21.09	--	5	10545	买盘
13:17:30	21.09	0.01	22	46398	买盘
13:17:24	21.08	-0.01	12	25295	卖盘
13:17:21	21.09	--	19	40071	买盘
13:17:18	21.09	0.01	10	21090	买盘
13:17:15	21.08	--	22	46375	卖盘
13:17:09	21.08	-0.01	19	40052	卖盘
13:16:57	21.09	--	14	29526	买盘
13:16:51	21.09	--	19	40071	买盘
13:16:48	21.09	-0.01	8	16872	卖盘
13:16:45	21.1	--	11	23210	卖盘
13:16:39	21.1	--	3	6330	卖盘
13:16:36	21.1	-0.01	20	42200	卖盘
13:16:33	21.11	--	9	18999	买盘
13:16:30	21.11	0.02	5	10555	买盘
13:16:24	21.09	-0.01	1	2109	卖盘
13:16:12	21.1	--	5	10550	买盘
13:16:06	21.1	-0.03	30	63300	卖盘
13:15:48	21.13	-0.01	27	57051	卖盘
13:15:45	21.14	--	3	6342	卖盘
13:15:39	21.14	-0.01	1	2114	卖盘
13:15:30	21.15	0.01	1	2115	买盘
13:15:21	21.14	-0.01	11	23254	卖盘
13:15:12	21.15	--	3	6345	买盘
13:15:06	21.15	-0.01	3	6345	卖盘
13:14:57	21.16	-0.01	62	131192	卖盘
13:14:51	21.17	--	2	4234	买盘
13:14:39	21.17	0.01	5	10585	买盘
13:14:33	21.16	-0.01	7	14812	卖盘
13:14:30	21.17	--	10	21170	买盘
13:14:24	21.17	0.03	11	23287	买盘
13:14:18	21.14	-0.01	5	10570	卖盘
13:14:15	21.15	--	18	38070	卖盘
13:14:12	21.15	-0.02	65	137475	卖盘
13:14:00	21.17	--	14	29638	卖盘
13:13:54	21.17	--	10	21170	卖盘
13:13:45	21.17	0.02	15	31755	买盘
13:13:27	21.15	--	5	10575	卖盘
13:13:21	21.15	-0.02	2	4230	卖盘
13:13:18	21.17	--	5	10585	卖盘
13:13:15	21.17	-0.01	17	35989	卖盘
13:13:12	21.18	0.01	10	21180	买盘
13:13:03	21.17	--	8	16936	卖盘
13:12:57	21.17	--	1	2117	卖盘
13:12:51	21.17	-0.01	7	14819	卖盘
13:12:45	21.18	0.01	8	16944	买盘
13:12:36	21.17	--	4	8468	卖盘
13:12:33	21.17	0.01	30	63510	买盘
13:12:27	21.16	--	1	2116	卖盘
13:12:24	21.16	--	9	19044	买盘
13:12:21	21.16	0.01	4	8464	买盘
13:12:12	21.15	--	11	23265	买盘
13:11:51	21.15	0.02	10	21150	中性盘
13:11:45	21.13	--	13	27469	卖盘
13:11:42	21.13	-0.04	54	114102	卖盘
13:11:36	21.17	0.01	1	2117	买盘
13:11:33	21.16	-0.01	2	4232	中性盘
13:11:12	21.17	0.02	19	40223	买盘
13:11:09	21.15	--	6	12690	卖盘
13:11:06	21.15	--	11	23265	卖盘
13:11:03	21.15	--	10	21150	卖盘
13:10:57	21.15	--	1	2115	卖盘
13:10:39	21.15	--	17	35955	买盘
13:10:30	21.15	0.02	1	2115	买盘
13:10:27	21.13	--	1	2113	卖盘
13:10:21	21.13	0.03	8	16904	买盘
13:10:09	21.1	--	1	2110	卖盘
13:09:57	21.1	--	7	14770	卖盘
13:09:54	21.1	0.02	3	6330	买盘
13:09:51	21.08	0.01	5	10540	中性盘
13:09:36	21.07	-0.01	8	16856	卖盘
13:09:15	21.08	--	5	10540	卖盘
13:08:57	21.08	-0.02	2	4216	卖盘
13:08:45	21.1	0.02	3	6330	买盘
13:08:42	21.08	-0.02	8	16864	卖盘
13:08:33	21.1	--	3	6330	买盘
13:08:30	21.1	--	23	48530	买盘
13:08:18	21.1	--	12	25320	卖盘
13:08:12	21.1	--	1	2110	卖盘
13:08:03	21.1	-0.02	1	2110	卖盘
13:07:45	21.12	-0.01	6	12672	中性盘
13:07:15	21.13	--	10	21130	买盘
13:06:51	21.13	--	2	4226	卖盘
13:06:42	21.13	-0.02	5	10565	卖盘
13:06:24	21.15	-0.03	89	188235	卖盘
13:06:21	21.18	0.01	23	48714	买盘
13:06:18	21.17	--	2	4234	卖盘
13:06:15	21.17	--	7	14819	卖盘
13:06:06	21.17	-0.01	1	2117	卖盘
13:05:57	21.18	--	4	9531	卖盘
13:05:54	21.18	--	4	8472	卖盘
13:05:48	21.18	--	18	38124	卖盘
13:05:39	21.18	--	1	2118	卖盘
13:05:27	21.18	--	1	2118	卖盘
13:05:18	21.18	0.02	35	75189	买盘
13:05:15	21.16	-0.01	11	23276	卖盘
13:05:09	21.17	--	3	6351	卖盘
13:05:06	21.17	--	2	4234	卖盘
13:05:03	21.17	0.01	9	19053	买盘
13:05:00	21.16	-0.01	10	21160	卖盘
13:04:48	21.17	-0.01	12	25404	卖盘
13:04:33	21.18	--	11	23298	买盘
13:04:15	21.18	--	0	1059	卖盘
13:04:03	21.18	-0.01	3	6354	卖盘
13:03:48	21.19	0.01	2	4238	买盘
13:03:45	21.18	--	23	49773	卖盘
13:03:39	21.18	--	3	6354	卖盘
13:03:36	21.18	-0.01	6	12708	卖盘
13:03:30	21.19	0.01	1	2119	买盘
13:03:27	21.18	--	1	2118	卖盘
13:03:24	21.18	--	20	42360	卖盘
13:03:09	21.18	-0.01	3	6354	卖盘
13:03:06	21.19	--	7	14833	买盘
13:02:45	21.19	0.01	30	63570	买盘
13:02:30	21.18	--	3	6354	卖盘
13:02:06	21.18	--	3	6354	卖盘
13:01:57	21.18	--	10	21180	卖盘
13:01:48	21.18	-0.01	12	25416	卖盘
13:01:39	21.19	-0.01	5	10595	卖盘
13:01:33	21.2	--	10	21200	卖盘
13:01:30	21.2	--	9	19080	买盘
13:01:24	21.2	0.02	15	31800	买盘
13:01:12	21.18	-0.02	20	42360	卖盘
13:01:09	21.2	0.01	13	27560	买盘
13:01:06	21.19	--	2	4238	卖盘
13:01:00	21.19	0.01	9	19071	中性盘
13:00:06	21.18	--	14	29652	卖盘
13:00:03	21.18	0.02	356	754537	买盘
13:00:00	21.16	--	0	0	卖盘
11:30:00	21.16	0.01	57	120612	买盘
11:29:48	21.15	0.05	59	124784	买盘
11:29:36	21.1	-0.05	4	8440	中性盘
11:29:21	21.15	0.07	105	222074	买盘
11:29:12	21.08	-0.02	7	14755	卖盘
11:29:09	21.1	0.02	8	16880	买盘
11:29:03	21.08	--	32	69037	买盘
11:29:00	21.08	--	1	2108	买盘
11:28:54	21.08	-0.02	66	139655	卖盘
11:28:51	21.1	0.01	71	149810	买盘
11:28:45	21.09	0.01	4	8436	买盘
11:28:30	21.08	0.01	1	3688	买盘
11:28:21	21.07	-0.01	7	14749	中性盘
11:28:12	21.08	0.01	46	96967	买盘
11:28:03	21.07	0.03	7	14749	买盘
11:27:36	21.04	0.01	0	1914	买盘
11:27:33	21.03	--	14	29442	卖盘
11:27:24	21.03	--	10	21030	卖盘
11:27:21	21.03	--	2	4206	卖盘
11:27:03	21.03	--	4	9358	买盘
11:26:54	21.03	0.01	5	10515	买盘
11:26:51	21.02	-0.01	1	2102	卖盘
11:26:48	21.03	--	5	10515	买盘
11:26:24	21.03	-0.03	89	188323	卖盘
11:26:21	21.06	0.01	8	16848	买盘
11:26:03	21.05	0.01	0	1136	中性盘
11:25:48	21.04	-0.01	5	10520	卖盘
11:25:45	21.05	--	10	22018	买盘
11:25:36	21.05	0.01	15	31575	买盘
11:25:33	21.04	--	10	21040	卖盘
11:25:18	21.04	-0.01	0	1767	卖盘
11:25:15	21.05	--	5	10525	买盘
11:25:12	21.05	0.01	15	31575	买盘
11:25:09	21.04	-0.01	5	10520	卖盘
11:24:51	21.05	0.01	20	42100	买盘
11:24:36	21.04	-0.01	0	126	卖盘
11:24:27	21.05	--	1	2105	买盘
11:24:21	21.05	0.02	2	4210	买盘
11:24:12	21.03	0.01	0	1156	中性盘
11:24:09	21.02	-0.01	4	8408	卖盘
11:24:00	21.03	--	1	2103	卖盘
11:23:39	21.03	--	3	6519	卖盘
11:23:21	21.03	-0.02	0	1871	卖盘
11:23:18	21.05	0.02	1	2105	买盘
11:23:12	21.03	--	9	18927	卖盘
11:23:03	21.03	--	1	2103	卖盘
11:22:51	21.03	-0.04	5	10515	卖盘
11:22:48	21.07	--	50	105350	买盘
11:22:27	21.07	-0.01	10	21596	卖盘
11:22:21	21.08	0.01	5	10540	中性盘
11:22:15	21.07	-0.02	10	21070	卖盘
11:22:12	21.09	0.02	1	2109	买盘
11:22:09	21.07	--	5	10535	卖盘
11:22:00	21.07	--	2	4214	卖盘
11:21:54	21.07	--	10	21280	卖盘
11:21:51	21.07	--	11	23177	卖盘
11:21:45	21.07	--	7	14749	卖盘
11:21:27	21.07	-0.02	2	4445	卖盘
11:21:21	21.09	--	1	2109	卖盘
11:21:15	21.09	0.02	1	2109	卖盘
11:21:12	21.07	--	10	21070	卖盘
11:21:09	21.07	0.05	32	68266	买盘
11:21:06	21.02	-0.05	0	294	卖盘
11:21:03	21.07	0.05	10	21070	买盘
11:21:00	21.02	-0.07	4	8408	卖盘
11:20:51	21.09	--	12	26573	卖盘
11:20:48	21.09	0.02	55	116838	买盘
11:20:39	21.07	0.07	1	2107	中性盘
11:20:30	21.0	-0.08	50	105000	卖盘
11:20:18	21.08	0.08	2	4216	买盘
11:20:12	21.0	-0.08	0	1890	卖盘
11:20:09	21.08	--	3	6323	买盘
11:20:00	21.08	0.09	2	4216	买盘
11:19:48	20.99	-0.09	2	4470	卖盘
11:19:42	21.08	0.08	113	238203	买盘
11:19:39	21.0	0.01	0	1911	买盘
11:19:33	20.99	-0.01	10	20990	卖盘
11:19:30	21.0	0.01	2	4200	中性盘
11:19:15	20.99	-0.04	10	20990	卖盘
11:19:12	21.03	0.03	124	260877	买盘
11:19:06	21.0	--	16	33600	买盘
11:19:03	21.0	--	11	23100	买盘
11:18:57	21.0	0.01	3	7518	买盘
11:18:54	20.99	--	2	4701	买盘
11:18:51	20.99	--	7	14692	买盘
11:18:48	20.99	0.01	1	2099	买盘
11:18:45	20.98	-0.01	9	18882	卖盘
11:18:39	20.99	--	0	1595	卖盘
11:18:36	20.99	-0.01	0	503	中性盘
11:18:33	21.0	0.01	68	142800	买盘
11:18:30	20.99	-0.01	18	39776	卖盘
11:18:24	21.0	0.01	3	6300	买盘
11:18:12	20.99	--	1	2203	卖盘
11:18:06	20.99	--	2	4198	买盘
11:18:00	20.99	0.01	1	2099	买盘
11:17:57	20.98	--	40	83920	卖盘
11:17:45	20.98	--	25	52701	卖盘
11:17:30	20.98	--	12	25176	买盘
11:17:27	20.98	--	4	8496	买盘
11:17:18	20.98	--	1	2098	买盘
11:17:09	20.98	0.01	1	2098	买盘
11:17:03	20.97	--	3	6605	买盘
11:16:51	20.97	--	2	4194	买盘
11:16:48	20.97	--	12	25164	买盘
11:16:42	20.97	--	1	2097	买盘
11:16:36	20.97	-0.03	45	96147	卖盘
11:16:33	21.0	--	4	8400	买盘
11:16:27	21.0	0.02	2	4200	买盘
11:16:21	20.98	-0.02	3	6294	卖盘
11:16:15	21.0	--	4	8400	买盘
11:16:06	21.0	0.01	21	44100	买盘
11:15:51	20.99	0.02	4	8396	买盘
11:15:45	20.97	--	0	314	买盘
11:15:42	20.97	-0.01	6	12582	买盘
11:15:33	20.98	0.02	2	4196	中性盘
11:15:30	20.96	-0.01	6	12576	卖盘
11:15:21	20.97	0.01	21	45148	买盘
11:15:15	20.96	-0.01	66	138336	卖盘
11:15:12	20.97	--	5	10485	买盘
11:15:06	20.97	--	7	14679	买盘
11:15:00	20.97	0.01	1	2097	买盘
11:14:51	20.96	--	6	12576	买盘
11:14:48	20.96	--	2	4192	买盘
11:14:36	20.96	--	40	83840	买盘
11:14:30	20.96	-0.01	52	108992	卖盘
11:14:27	20.97	--	1	2097	买盘
11:14:18	20.97	--	9	18873	买盘
11:14:12	20.97	--	6	12582	买盘
11:14:09	20.97	--	5	10485	买盘
11:14:03	20.97	-0.02	1	2097	买盘
11:14:00	20.99	-0.01	18	38768	卖盘
11:13:54	21.0	--	35	73500	卖盘
11:13:51	21.0	--	0	2079	卖盘
11:13:48	21.0	--	3	6300	卖盘
11:13:45	21.0	0.01	2	5334	买盘
11:13:42	20.99	-0.01	5	10495	卖盘
11:13:36	21.0	--	3	6300	买盘
11:13:33	21.0	--	14	30366	卖盘
11:13:24	21.0	0.01	18	38934	买盘
11:13:21	20.99	-0.01	1	2896	卖盘
11:13:15	21.0	--	12	25200	买盘
11:13:09	21.0	--	3	7266	卖盘
11:13:06	21.0	--	4	9534	买盘
11:13:03	21.0	0.01	14	29400	买盘
11:13:00	20.99	-0.01	0	1301	卖盘
11:12:51	21.0	--	7	14700	买盘
11:12:48	21.0	0.01	5	10500	买盘
11:12:45	20.99	-0.01	5	10495	卖盘
11:12:42	21.0	0.01	9	18900	中性盘
11:12:21	20.99	-0.01	36	75564	卖盘
11:12:18	21.0	--	5	10500	卖盘
11:12:15	21.0	--	34	71589	买盘
11:12:09	21.0	0.01	15	31500	买盘
11:12:06	20.99	-0.01	1	2266	卖盘
11:12:03	21.0	--	5	10500	买盘
11:11:57	21.0	--	34	71400	买盘
11:11:54	21.0	--	1	2100	买盘
11:11:51	21.0	0.01	5	10500	买盘
11:11:42	20.99	0.02	28	58771	买盘
11:11:36	20.97	0.02	0	1950	中性盘
11:11:27	20.95	--	10	20950	中性盘
11:11:24	20.95	--	4	8380	买盘
11:11:21	20.95	--	38	79610	买盘
11:11:18	20.95	--	7	14665	买盘
11:11:15	20.95	0.02	40	84449	买盘
11:11:12	20.93	--	28	58604	卖盘
11:11:06	20.93	--	7	14651	卖盘
11:11:03	20.93	--	16	33488	买盘
11:11:00	20.93	--	16	33488	买盘
11:10:57	20.93	--	5	10465	买盘
11:10:54	20.93	0.01	10	20930	买盘
11:10:51	20.92	--	11	23012	卖盘
11:10:48	20.92	--	28	58576	买盘
11:10:42	20.92	0.01	29	60668	买盘
11:10:39	20.91	-0.01	17	35547	卖盘
11:10:36	20.92	--	15	31380	买盘
11:10:33	20.92	-0.01	10	20920	买盘
11:10:30	20.93	0.01	5	10465	买盘
11:10:27	20.92	-0.01	10	20920	卖盘
11:10:24	20.93	--	10	20930	买盘
11:10:21	20.93	0.01	20	41860	买盘
11:10:18	20.92	-0.01	15	31380	卖盘
11:10:15	20.93	0.01	15	31395	中性盘
11:10:09	20.92	-0.01	50	104600	卖盘
11:10:06	20.93	--	22	46046	卖盘
11:10:03	20.93	--	1	2093	卖盘
11:10:00	20.93	-0.02	27	56511	卖盘
11:09:57	20.95	--	4	8380	买盘
11:09:51	20.95	--	4	8380	买盘
11:09:48	20.95	-0.05	87	182265	卖盘
11:09:42	21.0	--	4	8400	买盘
11:09:36	21.0	--	33	71211	卖盘
11:09:33	21.0	--	4	8400	卖盘
11:09:30	21.0	--	20	42987	卖盘
11:09:27	21.0	--	38	79800	卖盘
11:09:21	21.0	-0.01	35	73500	卖盘
11:09:15	21.01	0.01	14	29414	买盘
11:09:12	21.0	--	5	10500	卖盘
11:09:06	21.0	--	5	10500	卖盘
11:09:03	21.0	--	9	18900	卖盘
11:09:00	21.0	--	21	44100	卖盘
11:08:57	21.0	-0.01	23	48300	卖盘
11:08:54	21.01	--	2	4202	卖盘
11:08:51	21.01	0.01	69	146271	买盘
11:08:48	21.0	-0.01	22	46200	卖盘
11:08:39	21.01	--	55	115555	卖盘
11:08:36	21.01	--	1	2101	卖盘
11:08:33	21.01	--	37	77737	卖盘
11:08:30	21.01	--	17	35717	卖盘
11:08:27	21.01	--	1	2101	卖盘
11:08:24	21.01	--	15	31515	卖盘
11:08:21	21.01	-0.01	50	105050	卖盘
11:08:15	21.02	--	97	203894	卖盘
11:08:12	21.02	--	10	21020	卖盘
11:08:09	21.02	-0.01	59	124018	卖盘
11:08:06	21.03	--	1	2103	买盘
11:08:00	21.03	--	12	25236	买盘
11:07:57	21.03	--	97	203991	卖盘
11:07:51	21.03	--	27	56781	卖盘
11:07:48	21.03	--	5	10515	卖盘
11:07:45	21.03	--	11	23133	卖盘
11:07:42	21.03	--	11	23133	卖盘
11:07:36	21.03	--	16	33648	卖盘
11:07:33	21.03	-0.01	8	16824	卖盘
11:07:27	21.04	--	5	10520	买盘
11:07:24	21.04	--	44	92576	卖盘
11:07:21	21.04	--	1	2104	卖盘
11:07:18	21.04	-0.01	6	12624	卖盘
11:07:09	21.05	0.01	1	2105	买盘
11:07:06	21.04	--	10	21040	卖盘
11:07:00	21.04	0.01	47	98888	买盘
11:06:57	21.03	-0.02	6	12618	卖盘
11:06:51	21.05	0.01	6	12630	买盘
11:06:48	21.04	--	35	73640	卖盘
11:06:36	21.04	-0.01	2	4208	卖盘
11:06:24	21.05	0.01	10	21050	中性盘
11:06:15	21.04	-0.03	33	69432	卖盘
11:06:06	21.07	0.02	2	4214	买盘
11:05:57	21.05	--	32	67360	卖盘
11:05:48	21.05	--	25	52625	卖盘
11:05:45	21.05	--	5	10525	卖盘
11:05:39	21.05	--	1	2105	买盘
11:05:30	21.05	--	2	4210	买盘
11:05:21	21.05	0.01	3	6315	买盘
11:05:18	21.04	--	4	8416	卖盘
11:05:12	21.04	--	24	50496	卖盘
11:05:09	21.04	--	2	4208	卖盘
11:05:06	21.04	--	7	14728	卖盘
11:05:03	21.04	0.01	24	50496	买盘
11:04:57	21.03	--	51	107253	卖盘
11:04:54	21.03	--	21	44163	卖盘
11:04:51	21.03	-0.01	5	10515	卖盘
11:04:48	21.04	0.01	102	214608	买盘
11:04:45	21.03	-0.01	3	6309	卖盘
11:04:42	21.04	--	20	42080	买盘
11:04:30	21.04	-0.01	15	31560	卖盘
11:04:21	21.05	-0.02	47	98935	中性盘
11:04:09	21.07	0.03	20	42140	买盘
11:04:03	21.04	-0.03	10	21040	卖盘
11:04:00	21.07	-0.01	1	2107	买盘
11:03:51	21.08	0.04	19	40052	买盘
11:03:45	21.04	--	2	4208	卖盘
11:03:42	21.04	-0.03	1	2104	买盘
11:03:30	21.07	-0.01	1	2107	卖盘
11:03:21	21.08	0.01	72	151776	买盘
11:03:18	21.07	-0.01	3	6321	卖盘
11:03:15	21.08	0.04	1	2108	买盘
11:03:12	21.04	-0.03	3	6312	卖盘
11:03:03	21.07	0.01	19	40033	买盘
11:02:57	21.06	-0.01	19	40014	卖盘
11:02:51	21.07	0.01	1	2107	买盘
11:02:39	21.06	--	15	31589	卖盘
11:02:36	21.06	--	27	56862	卖盘
11:02:33	21.06	--	50	105300	卖盘
11:02:24	21.06	-0.01	20	42120	卖盘
11:02:21	21.07	-0.01	2	4214	中性盘
11:02:18	21.08	--	1	2108	买盘
11:02:09	21.08	--	24	50591	卖盘
11:02:06	21.08	--	15	31619	卖盘
11:02:03	21.08	--	5	10540	卖盘
11:01:57	21.08	--	11	23187	买盘
11:01:51	21.08	--	3	6323	买盘
11:01:39	21.08	--	5	10540	买盘
11:01:36	21.08	--	5	10540	买盘
11:01:24	21.08	--	1	2108	买盘
11:01:21	21.08	0.05	2	4216	买盘
11:01:12	21.03	-0.03	30	63090	卖盘
11:01:06	21.06	0.03	2	4212	中性盘
11:00:57	21.03	-0.05	10	21030	卖盘
11:00:51	21.08	0.05	21	44268	买盘
11:00:48	21.03	--	2	4206	卖盘
11:00:45	21.03	--	19	39957	买盘
11:00:42	21.03	--	2	4206	买盘
11:00:36	21.03	--	2	4206	买盘
11:00:30	21.03	-0.06	4	8412	中性盘
11:00:21	21.09	0.07	6	12654	买盘
11:00:18	21.02	-0.07	10	21020	卖盘
11:00:15	21.09	0.07	6	12654	买盘
11:00:09	21.02	0.01	1	2102	卖盘
11:00:03	21.01	-0.09	50	105050	卖盘
10:59:57	21.1	--	5	10550	买盘
10:59:54	21.1	0.09	1	2110	买盘
10:59:51	21.01	-0.07	13	27313	卖盘
10:59:45	21.08	0.07	7	14755	中性盘
10:59:42	21.01	--	2	4202	卖盘
10:59:36	21.01	--	2	4202	卖盘
10:59:33	21.01	--	69	144969	买盘
10:59:30	21.01	--	34	71434	买盘
10:59:27	21.01	--	38	79838	买盘
10:59:24	21.01	--	57	119757	买盘
10:59:21	21.01	--	4	8404	买盘
10:59:18	21.01	0.01	47	98747	买盘
10:59:15	21.0	-0.01	43	90300	卖盘
10:59:12	21.01	--	14	29414	买盘
10:59:09	21.01	--	20	42020	买盘
10:59:06	21.01	--	23	48323	买盘
10:59:03	21.01	--	15	31515	买盘
10:59:00	21.01	--	36	75636	买盘
10:58:57	21.01	--	261	548361	买盘
10:58:54	21.01	--	42	88242	买盘
10:58:51	21.01	--	31	65131	买盘
10:58:48	21.01	--	10	21010	买盘
10:58:45	21.01	--	2	4202	买盘
10:58:42	21.01	--	5	10505	买盘
10:58:39	21.01	--	29	60929	买盘
10:58:36	21.01	--	20	42020	买盘
10:58:33	21.01	--	5	10505	买盘
10:58:30	21.01	--	10	21010	买盘
10:58:27	21.01	--	15	31515	买盘
10:58:24	21.01	-0.06	272	571472	卖盘
10:58:21	21.07	-0.06	11	23177	卖盘
10:58:18	21.13	0.05	4	8452	买盘
10:58:15	21.08	0.01	2	4216	买盘
10:58:12	21.07	-0.01	41	86387	卖盘
10:58:09	21.08	--	2	4216	卖盘
10:58:06	21.08	--	1	2108	买盘
10:58:00	21.08	-0.05	7	14755	卖盘
10:57:51	21.13	0.06	11	23243	中性盘
10:57:39	21.07	-0.09	8	16856	卖盘
10:57:36	21.16	0.08	2	4232	买盘
10:57:30	21.08	-0.08	11	23187	卖盘
10:57:27	21.16	0.06	48	101568	买盘
10:57:21	21.1	-0.01	1	2110	买盘
10:57:18	21.11	-0.01	8	16888	卖盘
10:57:15	21.12	0.01	1	2112	中性盘
10:57:09	21.11	0.01	84	177324	买盘
10:57:03	21.1	-0.01	5	10550	中性盘
10:56:54	21.11	0.01	8	16888	买盘
10:56:51	21.1	--	10	21100	卖盘
10:56:48	21.1	--	8	16880	卖盘
10:56:45	21.1	--	10	21100	卖盘
10:56:33	21.1	--	5	10550	买盘
10:56:30	21.1	--	11	23210	卖盘
10:56:27	21.1	-0.01	11	23210	卖盘
10:56:24	21.11	0.01	12	25332	买盘
10:56:21	21.1	--	21	44310	买盘
10:56:18	21.1	--	11	23210	卖盘
10:56:15	21.1	--	12	25320	卖盘
10:56:12	21.1	-0.01	4	8440	卖盘
10:56:09	21.11	--	1	2111	买盘
10:56:03	21.11	--	54	113994	买盘
10:56:00	21.11	0.01	5	10555	买盘
10:55:57	21.1	--	57	120270	卖盘
10:55:54	21.1	-0.01	3	6330	卖盘
10:55:51	21.11	--	9	18999	卖盘
10:55:48	21.11	--	13	27443	卖盘
10:55:45	21.11	-0.02	4	8444	卖盘
10:55:42	21.13	0.02	15	31695	买盘
10:55:39	21.11	--	2	4222	卖盘
10:55:36	21.11	-0.01	20	42220	卖盘
10:55:30	21.12	--	31	65472	买盘
10:55:27	21.12	--	59	124608	买盘
10:55:21	21.12	0.01	6	12672	买盘
10:55:18	21.11	--	2	4222	卖盘
10:55:12	21.11	-0.01	20	42220	卖盘
10:55:06	21.12	--	25	52800	卖盘
10:55:03	21.12	-0.01	10	21120	卖盘
10:54:57	21.13	-0.02	3	6339	卖盘
10:54:54	21.15	--	2	4230	买盘
10:54:51	21.15	0.01	20	42300	买盘
10:54:48	21.14	--	8	16912	卖盘
10:54:42	21.14	-0.01	10	21140	卖盘
10:54:33	21.15	--	2	4230	卖盘
10:54:27	21.15	-0.02	114	241109	卖盘
10:54:24	21.17	-0.01	1	2117	卖盘
10:54:15	21.18	--	10	21180	买盘
10:54:09	21.18	-0.02	6	12708	卖盘
10:53:51	21.2	--	11	23320	买盘
10:53:42	21.2	--	17	37630	卖盘
10:53:39	21.2	--	3	8162	卖盘
10:53:24	21.2	--	51	108120	卖盘
10:53:18	21.2	--	2	4240	卖盘
10:53:12	21.2	--	1	2120	卖盘
10:53:06	21.2	--	50	106848	买盘
10:53:03	21.2	0.02	2	4240	买盘
10:53:00	21.18	-0.02	3	6354	卖盘
10:52:51	21.2	--	1	2120	买盘
10:52:45	21.2	--	6	12720	买盘
10:52:42	21.2	-0.02	2	5512	卖盘
10:52:39	21.22	0.02	21	44562	买盘
10:52:21	21.2	-0.03	12	25440	卖盘
10:52:09	21.23	0.01	37	78551	买盘
10:52:06	21.22	--	13	27586	卖盘
10:52:00	21.22	--	10	21220	卖盘
10:51:57	21.22	-0.01	10	21220	卖盘
10:51:51	21.23	0.01	5	10615	买盘
10:51:39	21.22	-0.01	6	12732	卖盘
10:51:21	21.23	0.01	1	2123	买盘
10:51:18	21.22	--	50	106100	买盘
10:51:00	21.22	--	1	2122	买盘
10:50:51	21.22	0.02	1	2122	买盘
10:50:48	21.2	0.01	97	206488	买盘
10:50:42	21.19	--	3	6357	卖盘
10:50:39	21.19	--	2	4238	买盘
10:50:33	21.19	--	7	14833	买盘
10:50:24	21.19	--	1	2119	买盘
10:50:21	21.19	-0.01	18	38142	中性盘
10:49:57	21.2	--	1	2120	买盘
10:49:51	21.2	--	101	214120	买盘
10:49:45	21.2	0.04	9	19080	买盘
10:49:30	21.16	--	20	42320	买盘
10:49:27	21.16	--	12	25392	买盘
10:49:24	21.16	0.01	2	4232	买盘
10:49:15	21.15	--	44	93060	买盘
10:49:12	21.15	--	2	4230	买盘
10:49:09	21.15	0.01	1	2115	买盘
10:49:06	21.14	--	2	4228	卖盘
10:49:03	21.14	--	10	21140	卖盘
10:49:00	21.14	-0.01	7	14798	卖盘
10:48:57	21.15	0.01	4	8460	买盘
10:48:54	21.14	-0.01	10	21140	卖盘
10:48:42	21.15	--	1	2115	买盘
10:48:39	21.15	--	5	10575	买盘
10:48:36	21.15	--	10	21150	买盘
10:48:27	21.15	-0.01	4	8460	卖盘
10:48:24	21.16	0.01	18	38088	买盘
10:48:21	21.15	0.01	5	10575	中性盘
10:48:15	21.14	--	4	8456	卖盘
10:48:09	21.14	--	1	2114	卖盘
10:48:03	21.14	-0.02	10	21140	卖盘
10:48:00	21.16	0.02	20	42320	中性盘
10:47:51	21.14	-0.06	142	302154	卖盘
10:47:48	21.2	0.02	30	63600	买盘
10:47:42	21.18	-0.01	5	10590	卖盘
10:47:30	21.19	--	13	27547	买盘
10:47:27	21.19	-0.01	263	557297	卖盘
10:47:24	21.2	0.01	10	21200	买盘
10:47:21	21.19	--	5	10595	卖盘
10:47:12	21.19	-0.01	7	14833	卖盘
10:47:09	21.2	--	15	31800	买盘
10:47:06	21.2	--	25	53000	买盘
10:46:54	21.2	-0.01	9	19080	卖盘
10:46:42	21.21	0.01	10	21210	中性盘
10:46:27	21.2	-0.01	30	63600	卖盘
10:46:21	21.21	--	1	2121	买盘
10:46:12	21.21	-0.01	16	33936	卖盘
10:46:06	21.22	--	83	176126	买盘
10:45:57	21.22	0.01	1	2122	买盘
10:45:51	21.21	-0.01	10	21210	卖盘
10:45:42	21.22	--	5	10610	买盘
10:45:39	21.22	--	100	213473	卖盘
10:45:24	21.22	-0.02	2	4244	卖盘
10:45:18	21.24	0.01	13	27611	买盘
10:45:12	21.23	-0.01	1	2123	买盘
10:45:09	21.24	0.01	70	148680	买盘
10:45:03	21.23	--	11	23353	卖盘
10:44:57	21.23	--	2	4246	卖盘
10:44:51	21.23	--	1	2123	卖盘
10:44:48	21.23	-0.01	1	2123	卖盘
10:44:39	21.24	--	5	10620	买盘
10:44:36	21.24	--	25	54777	卖盘
10:44:33	21.24	--	20	42480	卖盘
10:44:30	21.24	--	12	25487	卖盘
10:44:24	21.24	--	23	48852	卖盘
10:44:18	21.24	--	6	12743	卖盘
10:44:15	21.24	0.01	44	93902	买盘
10:44:12	21.23	--	13	27599	买盘
10:44:06	21.23	--	2	4246	买盘
10:44:03	21.23	--	15	33522	卖盘
10:43:57	21.23	--	1	2123	卖盘
10:43:54	21.23	--	30	63690	卖盘
10:43:48	21.23	--	4	8492	卖盘
10:43:39	21.23	--	1	2144	卖盘
10:43:27	21.23	-0.01	24	50952	卖盘
10:43:24	21.24	0.01	2	4248	买盘
10:43:21	21.23	--	3	6369	卖盘
10:43:18	21.23	--	1	2123	卖盘
10:43:12	21.23	-0.01	7	14861	卖盘
10:43:09	21.24	0.01	1	2124	买盘
10:43:06	21.23	--	10	21230	卖盘
10:43:03	21.23	--	2	4246	卖盘
10:42:57	21.23	--	7	14861	卖盘
10:42:51	21.23	--	12	25476	卖盘
10:42:48	21.23	--	10	21951	卖盘
10:42:45	21.23	-0.01	3	6920	卖盘
10:42:42	21.24	--	8	17841	卖盘
10:42:39	21.24	-0.01	5	10620	卖盘
10:42:33	21.25	--	3	6375	卖盘
10:42:30	21.25	--	20	42500	卖盘
10:42:27	21.25	--	3	6375	卖盘
10:42:18	21.25	--	12	25500	卖盘
10:42:09	21.25	--	5	10625	卖盘
10:42:06	21.25	--	13	27625	买盘
10:42:03	21.25	0.01	1	2125	中性盘
10:41:54	21.24	--	21	44604	卖盘
10:41:51	21.24	--	1	2124	卖盘
10:41:45	21.24	--	0	276	卖盘
10:41:42	21.24	--	3	7370	卖盘
10:41:36	21.24	-0.02	16	33984	卖盘
10:41:15	21.26	--	4	8504	买盘
10:41:12	21.26	--	79	168804	卖盘
10:41:03	21.26	--	91	194741	买盘
10:40:51	21.26	--	12	26362	卖盘
10:40:48	21.26	--	5	10630	卖盘
10:40:42	21.26	--	0	616	卖盘
10:40:39	21.26	0.01	39	83573	买盘
10:40:24	21.25	--	0	21	卖盘
10:40:21	21.25	0.02	69	146625	买盘
10:40:18	21.23	--	10	21230	卖盘
10:40:12	21.23	--	63	133749	卖盘
10:40:00	21.23	--	3	6369	卖盘
10:39:42	21.23	--	1	2123	卖盘
10:39:39	21.23	--	0	658	卖盘
10:39:36	21.23	-0.01	3	6984	卖盘
10:39:30	21.24	0.01	5	10620	买盘
10:39:27	21.23	--	4	8492	卖盘
10:39:15	21.23	-0.02	91	193193	卖盘
10:39:12	21.25	0.01	3	6375	中性盘
10:39:00	21.24	-0.01	20	42480	卖盘
10:38:57	21.25	0.01	49	104125	买盘
10:38:51	21.24	--	1	2124	卖盘
10:38:45	21.24	0.02	12	25487	买盘
10:38:39	21.22	--	0	339	卖盘
10:38:36	21.22	-0.01	3	7299	卖盘
10:38:30	21.23	--	4	9765	买盘
10:38:27	21.23	0.01	19	40337	买盘
10:38:15	21.22	--	3	6366	卖盘
10:38:12	21.22	0.03	42	89548	买盘
10:38:09	21.19	-0.01	3	6357	卖盘
10:38:06	21.2	--	1	2120	买盘
10:38:00	21.2	0.01	6	12720	买盘
10:37:57	21.19	-0.01	11	25004	卖盘
10:37:45	21.2	-0.01	34	72080	卖盘
10:37:42	21.21	--	9	19089	卖盘
10:37:39	21.21	--	1	2121	卖盘
10:37:36	21.21	0.01	30	63630	中性盘
10:37:33	21.2	-0.01	3	7632	卖盘
10:37:30	21.21	--	10	21210	卖盘
10:37:21	21.21	--	1	2121	卖盘
10:37:18	21.21	-0.01	7	14847	卖盘
10:37:15	21.22	0.01	4	8488	买盘
10:37:12	21.21	--	2	4242	卖盘
10:37:09	21.21	-0.01	51	108171	卖盘
10:37:03	21.22	--	1	2122	买盘
10:37:00	21.22	-0.01	10	21220	卖盘
10:36:54	21.23	0.01	1	2123	买盘
10:36:48	21.22	-0.01	1	2122	卖盘
10:36:45	21.23	--	0	849	卖盘
10:36:36	21.23	--	16	33968	卖盘
10:36:33	21.23	--	0	488	卖盘
10:36:30	21.23	-0.01	3	7154	卖盘
10:36:18	21.24	-0.01	6	12743	卖盘
10:36:09	21.25	-0.01	135	287725	卖盘
10:36:03	21.26	--	2	4252	卖盘
10:35:54	21.26	--	35	74410	卖盘
10:35:48	21.26	-0.01	3	6378	卖盘
10:35:42	21.27	0.01	17	36159	买盘
10:35:36	21.26	--	6	12756	卖盘
10:35:33	21.26	--	5	10630	卖盘
10:35:30	21.26	--	1	2126	卖盘
10:35:27	21.26	--	0	765	卖盘
10:35:24	21.26	-0.01	3	6888	卖盘
10:35:18	21.27	0.01	7	14889	买盘
10:35:12	21.26	-0.01	6	12947	卖盘
10:35:09	21.27	--	2	4254	卖盘
10:35:06	21.27	-0.01	6	12762	卖盘
10:35:03	21.28	0.01	9	19152	买盘
10:35:00	21.27	--	2	4254	卖盘
10:34:57	21.27	-0.01	15	31905	卖盘
10:34:54	21.28	0.01	8	17024	买盘
10:34:51	21.27	-0.01	100	212700	卖盘
10:34:48	21.28	--	30	63840	买盘
10:34:33	21.28	--	8	17875	卖盘
10:34:30	21.28	--	15	31920	卖盘
10:34:27	21.28	--	0	723	卖盘
10:34:24	21.28	--	3	6937	卖盘
10:34:21	21.28	-0.01	50	106400	卖盘
10:34:15	21.29	0.01	4	8516	买盘
10:34:09	21.28	--	20	42560	卖盘
10:34:06	21.28	-0.01	35	74480	卖盘
10:34:00	21.29	--	13	27677	买盘
10:33:51	21.29	0.01	3	6387	买盘
10:33:36	21.28	--	10	21280	卖盘
10:33:33	21.28	--	6	12768	买盘
10:33:30	21.28	0.01	7	14896	买盘
10:33:24	21.27	--	0	106	卖盘
10:33:21	21.27	-0.01	32	69233	卖盘
10:33:12	21.28	-0.01	3	6384	中性盘
10:33:09	21.29	--	30	63870	买盘
10:33:06	21.29	0.02	10	21290	买盘
10:33:03	21.27	-0.01	69	146763	卖盘
10:32:54	21.28	--	1	2128	卖盘
10:32:51	21.28	0.01	87	185136	买盘
10:32:45	21.27	--	12	27629	卖盘
10:32:39	21.27	--	109	232523	买盘
10:32:36	21.27	--	5	10635	买盘
10:32:30	21.27	0.01	24	51048	买盘
10:32:21	21.26	-0.01	18	40308	卖盘
10:32:18	21.27	--	17	36839	卖盘
10:32:12	21.27	--	2	4254	卖盘
10:32:09	21.27	--	9	19143	买盘
10:32:06	21.27	0.01	41	87207	买盘
10:32:00	21.26	-0.01	5	10630	卖盘
10:31:54	21.27	0.01	25	53175	买盘
10:31:48	21.26	--	6	12756	卖盘
10:31:45	21.26	--	20	42520	卖盘
10:31:42	21.26	--	33	70158	卖盘
10:31:39	21.26	--	53	112678	卖盘
10:31:36	21.26	--	20	42520	卖盘
10:31:33	21.26	--	17	36142	卖盘
10:31:30	21.26	--	23	48898	卖盘
10:31:27	21.26	--	19	40394	卖盘
10:31:18	21.26	--	0	318	卖盘
10:31:15	21.26	--	37	79618	卖盘
10:31:12	21.26	--	8	17008	买盘
10:31:09	21.26	0.01	7	14882	买盘
10:31:06	21.25	-0.02	12	25500	卖盘
10:30:57	21.27	0.02	13	27651	买盘
10:30:54	21.25	-0.02	1	2125	卖盘
10:30:48	21.27	0.01	11	23397	买盘
10:30:45	21.26	--	4	8504	卖盘
10:30:42	21.26	--	1	2126	卖盘
10:30:36	21.26	-0.01	8	17008	中性盘
10:30:24	21.27	0.02	10	21270	买盘
10:30:21	21.25	-0.02	10	21250	卖盘
10:30:15	21.27	0.01	22	48070	买盘
10:30:09	21.26	0.01	90	191340	买盘
10:30:06	21.25	-0.01	17	36125	卖盘
10:30:00	21.26	0.01	1	2126	买盘
10:29:54	21.25	--	13	27625	卖盘
10:29:48	21.25	--	5	10625	卖盘
10:29:45	21.25	--	1	2125	买盘
10:29:39	21.25	-0.01	13	27625	卖盘
10:29:36	21.26	0.01	54	114804	买盘
10:29:33	21.25	-0.01	9	19125	买盘
10:29:24	21.26	0.01	15	31890	买盘
10:29:21	21.25	0.01	3	6375	买盘
10:29:15	21.24	-0.01	27	57347	卖盘
10:29:12	21.25	--	8	18275	卖盘
10:29:06	21.25	--	50	106250	卖盘
10:29:03	21.25	--	25	53125	卖盘
10:29:00	21.25	--	14	29750	卖盘
10:28:57	21.25	0.01	61	129625	买盘
10:28:51	21.24	-0.01	2	4248	卖盘
10:28:42	21.25	--	4	8500	卖盘
10:28:39	21.25	-0.01	1	2125	卖盘
10:28:33	21.26	0.02	3	6378	买盘
10:28:27	21.24	--	2	4248	卖盘
10:28:24	21.24	-0.03	10	21240	卖盘
10:28:21	21.27	0.03	30	63810	买盘
10:28:12	21.24	--	20	42904	卖盘
10:28:09	21.24	-0.04	3	7221	卖盘
10:28:06	21.28	-0.02	1	2128	卖盘
10:27:57	21.3	0.03	42	89460	买盘
10:27:36	21.27	-0.03	1	2127	卖盘
10:27:27	21.3	0.09	15	31950	买盘
10:27:15	21.21	0.01	2	4242	卖盘
10:27:12	21.2	-0.01	2	4240	卖盘
10:27:09	21.21	--	0	275	卖盘
10:27:06	21.21	0.01	9	20085	中性盘
10:26:48	21.2	--	367	778040	卖盘
10:26:36	21.2	--	2	4240	卖盘
10:26:24	21.2	-0.01	1	2120	卖盘
10:26:21	21.21	-0.02	5	12301	卖盘
10:26:15	21.23	--	30	64114	买盘
10:26:12	21.23	0.01	15	31845	买盘
10:26:06	21.22	-0.01	4	9336	卖盘
10:26:00	21.23	-0.01	13	28448	卖盘
10:25:51	21.24	0.01	4	8496	买盘
10:25:48	21.23	--	2	4246	卖盘
10:25:42	21.23	--	3	6369	卖盘
10:25:39	21.23	-0.01	2	4246	卖盘
10:25:33	21.24	--	3	6371	买盘
10:25:27	21.24	0.01	2	4248	买盘
10:25:18	21.23	--	2	4543	卖盘
10:25:15	21.23	--	8	17960	卖盘
10:25:09	21.23	-0.01	10	21230	卖盘
10:25:03	21.24	0.01	10	21240	买盘
10:24:57	21.23	-0.01	3	6369	卖盘
10:24:54	21.24	0.01	60	127439	买盘
10:24:51	21.23	0.01	56	118888	买盘
10:24:48	21.22	-0.01	2	5517	卖盘
10:24:39	21.23	--	8	16984	卖盘
10:24:36	21.23	--	9	19956	卖盘
10:24:33	21.23	--	20	42460	卖盘
10:24:30	21.23	--	18	38214	卖盘
10:24:27	21.23	--	10	21230	卖盘
10:24:21	21.23	-0.01	5	10615	卖盘
10:24:18	21.24	--	23	48852	卖盘
10:24:15	21.24	--	1	2124	卖盘
10:24:12	21.24	0.01	57	122342	买盘
10:24:09	21.23	-0.01	4	8492	卖盘
10:24:03	21.24	-0.01	5	10620	卖盘
10:23:54	21.25	--	30	63750	买盘
10:23:42	21.25	-0.03	4	8500	卖盘
10:23:39	21.28	0.02	30	63840	买盘
10:23:30	21.26	--	1	2126	买盘
10:23:27	21.26	-0.01	6	12756	卖盘
10:23:21	21.27	-0.01	3	6381	中性盘
10:23:18	21.28	0.01	65	139171	买盘
10:23:15	21.27	--	2	4254	卖盘
10:23:12	21.27	-0.01	12	25524	卖盘
10:23:06	21.28	-0.01	13	28940	买盘
10:22:57	21.29	0.01	20	42580	买盘
10:22:54	21.28	0.01	5	10640	买盘
10:22:51	21.27	-0.01	6	12762	卖盘
10:22:45	21.28	--	49	104272	卖盘
10:22:42	21.28	--	3	6384	卖盘
10:22:39	21.28	--	20	42560	卖盘
10:22:36	21.28	-0.01	4	8512	卖盘
10:22:30	21.29	--	3	6387	买盘
10:22:24	21.29	-0.01	10	21290	中性盘
10:22:18	21.3	--	7	14910	买盘
10:22:15	21.3	--	50	106500	买盘
10:22:09	21.3	0.03	12	25560	买盘
10:22:06	21.27	--	0	42	卖盘
10:22:03	21.27	-0.01	3	7614	卖盘
10:22:00	21.28	-0.02	3	6384	卖盘
10:21:57	21.3	0.03	21	44730	买盘
10:21:54	21.27	-0.01	7	14889	卖盘
10:21:51	21.28	--	29	61712	卖盘
10:21:48	21.28	--	38	80864	买盘
10:21:45	21.28	0.01	29	61712	买盘
10:21:42	21.27	--	14	29778	卖盘
10:21:33	21.27	--	4	8508	买盘
10:21:30	21.27	--	21	44667	买盘
10:21:27	21.27	0.01	35	74445	买盘
10:21:21	21.26	-0.01	4	8504	卖盘
10:21:18	21.27	0.01	9	19143	买盘
10:21:12	21.26	--	28	59528	买盘
10:21:09	21.26	0.01	3	6378	买盘
10:21:06	21.25	--	5	10625	卖盘
10:21:03	21.25	--	26	55250	卖盘
10:21:00	21.25	--	13	27625	卖盘
10:20:57	21.25	--	3	6375	卖盘
10:20:48	21.25	--	3	6375	卖盘
10:20:45	21.25	--	2	4250	卖盘
10:20:42	21.25	-0.02	26	55250	卖盘
10:20:39	21.27	--	17	36159	卖盘
10:20:36	21.27	0.01	59	125493	买盘
10:20:30	21.26	--	8	17008	卖盘
10:20:27	21.26	-0.01	6	12756	卖盘
10:20:24	21.27	--	3	6381	买盘
10:20:21	21.27	-0.03	10	21270	卖盘
10:20:18	21.3	--	64	136320	买盘
10:20:15	21.3	0.01	44	93720	买盘
10:20:12	21.29	0.01	14	29806	买盘
10:20:09	21.28	--	58	123424	卖盘
10:20:06	21.28	--	6	12768	卖盘
10:20:03	21.28	--	1	2128	卖盘
10:20:00	21.28	-0.04	22	46816	卖盘
10:19:57	21.32	--	30	63960	买盘
10:19:54	21.32	0.02	20	42640	买盘
10:19:51	21.3	-0.01	28	59640	卖盘
10:19:48	21.31	-0.02	100	213100	卖盘
10:19:45	21.33	0.01	5	10665	买盘
10:19:42	21.32	-0.01	11	23452	卖盘
10:19:39	21.33	--	22	46925	卖盘
10:19:33	21.33	--	11	23462	卖盘
10:19:30	21.33	-0.01	7	14930	中性盘
10:19:27	21.34	--	49	104566	买盘
10:19:24	21.34	0.02	45	96030	买盘
10:19:21	21.32	-0.02	63	134316	卖盘
10:19:18	21.34	--	2	4268	买盘
10:19:15	21.34	0.03	24	51216	买盘
10:19:09	21.31	-0.01	9	19179	卖盘
10:19:06	21.32	-0.02	5	10660	卖盘
10:19:03	21.34	0.02	15	32010	买盘
10:19:00	21.32	0.01	17	36244	买盘
10:18:57	21.31	0.01	1	2131	买盘
10:18:54	21.3	--	4	8520	卖盘
10:18:51	21.3	--	150	319500	买盘
10:18:48	21.3	0.01	24	51120	买盘
10:18:45	21.29	0.01	37	78773	中性盘
10:18:42	21.28	--	147	312816	卖盘
10:18:39	21.28	--	19	40432	买盘
10:18:36	21.28	--	21	44688	买盘
10:18:33	21.28	0.01	69	146832	买盘
10:18:30	21.27	--	2	4254	买盘
10:18:27	21.27	--	2	4254	卖盘
10:18:24	21.27	0.01	21	44667	买盘
10:18:21	21.26	0.01	7	14882	买盘
10:18:18	21.25	--	5	10625	卖盘
10:18:15	21.25	-0.01	1	2125	卖盘
10:18:12	21.26	0.01	10	21260	买盘
10:18:09	21.25	0.01	13	27625	卖盘
10:18:06	21.24	-0.01	20	42480	卖盘
10:18:03	21.25	0.02	33	72080	买盘
10:18:00	21.23	--	5	10615	买盘
10:17:57	21.23	--	3	6369	买盘
10:17:54	21.23	-0.02	2	4246	中性盘
10:17:51	21.25	--	28	59500	买盘
10:17:48	21.25	--	10	21250	买盘
10:17:36	21.25	0.03	29	61625	买盘
10:17:27	21.22	0.07	2	4244	买盘
10:17:18	21.15	0.01	1	2115	卖盘
10:17:12	21.14	-0.11	5	10570	卖盘
10:17:09	21.25	0.11	652	1385500	买盘
10:17:06	21.14	--	5	10570	卖盘
10:17:00	21.14	--	11	23254	卖盘
10:16:57	21.14	0.01	5	10570	买盘
10:16:51	21.13	-0.01	1	2113	卖盘
10:16:45	21.14	--	4	8456	买盘
10:16:42	21.14	--	2	4228	买盘
10:16:39	21.14	0.01	1	2114	买盘
10:16:36	21.13	-0.01	1	2113	卖盘
10:16:33	21.14	--	46	97244	卖盘
10:16:30	21.14	-0.01	9	19026	卖盘
10:16:27	21.15	0.01	20	42300	买盘
10:16:18	21.14	--	1	2114	卖盘
10:16:12	21.14	--	10	21140	卖盘
10:16:06	21.14	--	2	4228	卖盘
10:16:00	21.14	-0.01	5	10570	卖盘
10:15:54	21.15	0.01	20	42300	买盘
10:15:51	21.14	-0.01	10	21140	卖盘
10:15:48	21.15	--	62	131130	买盘
10:15:45	21.15	0.01	10	21150	买盘
10:15:39	21.14	--	8	16912	卖盘
10:15:36	21.14	0.01	75	158550	买盘
10:15:33	21.13	--	6	12678	卖盘
10:15:24	21.13	0.01	21	44373	买盘
10:15:18	21.12	--	5	10560	卖盘
10:15:12	21.12	--	10	21120	卖盘
10:14:54	21.12	-0.02	1	2112	中性盘
10:14:45	21.14	0.03	56	118384	买盘
10:14:42	21.11	--	5	10555	卖盘
10:14:33	21.11	-0.01	2	4222	卖盘
10:14:30	21.12	0.01	40	84480	买盘
10:14:27	21.11	0.01	22	46442	买盘
10:14:21	21.1	-0.01	4	8440	卖盘
10:14:15	21.11	0.01	6	12666	买盘
10:14:09	21.1	--	10	21100	卖盘
10:14:03	21.1	--	20	42200	卖盘
10:14:00	21.1	--	11	23210	卖盘
10:13:57	21.1	0.01	74	156140	买盘
10:13:54	21.09	-0.01	1	2109	卖盘
10:13:48	21.1	-0.01	6	12660	卖盘
10:13:45	21.11	0.01	1	2111	买盘
10:13:36	21.1	-0.01	1	2110	卖盘
10:13:33	21.11	--	4	8444	买盘
10:13:30	21.11	--	1	2111	买盘
10:13:18	21.11	--	6	12666	卖盘
10:13:09	21.11	-0.01	2	4222	卖盘
10:13:03	21.12	0.01	4	8448	买盘
10:12:54	21.11	--	6	12666	买盘
10:12:39	21.11	0.01	4	8444	买盘
10:12:21	21.1	-0.01	9	18990	卖盘
10:12:09	21.11	--	18	37998	卖盘
10:12:03	21.11	-0.01	7	14777	卖盘
10:11:54	21.12	--	2	4224	买盘
10:11:51	21.12	--	1	2112	买盘
10:11:42	21.12	--	2	4224	买盘
10:11:39	21.12	-0.01	20	42240	卖盘
10:11:36	21.13	0.01	6	12678	买盘
10:11:24	21.12	0.01	25	52800	买盘
10:11:18	21.11	--	2	4222	买盘
10:11:15	21.11	-0.01	8	16888	卖盘
10:11:09	21.12	--	3	6336	买盘
10:11:06	21.12	0.01	6	12672	买盘
10:11:00	21.11	0.01	13	27443	买盘
10:10:57	21.1	-0.01	7	14770	卖盘
10:10:54	21.11	--	5	10555	买盘
10:10:51	21.11	0.01	2	4222	买盘
10:10:42	21.1	0.01	3	6330	买盘
10:10:39	21.09	-0.01	6	12654	卖盘
10:10:36	21.1	0.01	20	42200	买盘
10:10:30	21.09	--	1	2109	买盘
10:10:27	21.09	0.01	1	2109	买盘
10:10:18	21.08	--	9	18972	买盘
10:10:15	21.08	--	11	23187	买盘
10:10:12	21.08	0.01	19	40052	买盘
10:10:09	21.07	--	1	2107	卖盘
10:10:03	21.07	0.01	20	42140	买盘
10:10:00	21.06	--	12	25272	卖盘
10:09:54	21.06	--	21	44226	卖盘
10:09:51	21.06	-0.01	5	10530	卖盘
10:09:48	21.07	0.01	10	21070	买盘
10:09:45	21.06	-0.01	4	8424	卖盘
10:09:36	21.07	--	71	149597	卖盘
10:09:33	21.07	--	13	27391	卖盘
10:09:30	21.07	--	8	16856	卖盘
10:09:27	21.07	-0.01	20	42140	卖盘
10:09:24	21.08	--	10	21080	买盘
10:09:21	21.08	--	10	21080	买盘
10:09:18	21.08	--	4	8432	买盘
10:09:15	21.08	--	6	12647	卖盘
10:09:12	21.08	--	3	6323	卖盘
10:09:06	21.08	-0.01	3	6323	卖盘
10:09:03	21.09	0.01	10	21090	买盘
10:09:00	21.08	-0.01	2	4216	卖盘
10:08:57	21.09	-0.01	10	21090	卖盘
10:08:48	21.1	--	10	21100	买盘
10:08:45	21.1	--	65	137150	卖盘
10:08:42	21.1	--	32	67520	卖盘
10:08:39	21.1	-0.01	7	14770	卖盘
10:08:24	21.11	--	142	299762	卖盘
10:08:21	21.11	-0.01	4	8444	卖盘
10:08:18	21.12	0.01	20	42240	买盘
10:08:12	21.11	--	4	8444	卖盘
10:08:09	21.11	--	7	14777	卖盘
10:08:06	21.11	-0.01	32	67552	卖盘
10:08:03	21.12	0.01	15	31680	买盘
10:08:00	21.11	--	53	111883	卖盘
10:07:57	21.11	--	46	97106	卖盘
10:07:54	21.11	-0.01	7	14777	卖盘
10:07:51	21.12	--	16	33792	买盘
10:07:48	21.12	--	15	31680	卖盘
10:07:42	21.12	--	20	42240	卖盘
10:07:39	21.12	--	16	33792	卖盘
10:07:33	21.12	--	6	12672	卖盘
10:07:15	21.12	--	2	4224	卖盘
10:07:12	21.12	-0.01	9	19008	卖盘
10:07:09	21.13	-0.01	2	4226	卖盘
10:07:00	21.14	--	2	4228	买盘
10:06:57	21.14	-0.01	130	274820	卖盘
10:06:54	21.15	--	1	2115	买盘
10:06:48	21.15	0.01	1	2115	买盘
10:06:42	21.14	--	17	35938	卖盘
10:06:39	21.14	0.01	69	145866	买盘
10:06:36	21.13	--	1	2113	买盘
10:06:33	21.13	--	26	54938	卖盘
10:06:30	21.13	--	20	42260	卖盘
10:06:24	21.13	-0.01	1	2113	卖盘
10:06:21	21.14	-0.01	1	2114	中性盘
10:06:09	21.15	0.02	15	31724	买盘
10:06:06	21.13	-0.01	54	114102	卖盘
10:06:03	21.14	0.01	3	6342	买盘
10:06:00	21.13	-0.01	2	4226	卖盘
10:05:54	21.14	--	9	19026	中性盘
10:05:51	21.14	-0.01	5	10570	中性盘
10:05:48	21.15	--	13	27494	买盘
10:05:36	21.15	--	14	29609	买盘
10:05:30	21.15	0.01	12	25380	中性盘
10:05:27	21.14	-0.01	11	23254	卖盘
10:05:24	21.15	--	19	40185	卖盘
10:05:21	21.15	--	1	2115	卖盘
10:05:18	21.15	0.01	116	245339	买盘
10:05:15	21.14	-0.01	1	2114	卖盘
10:05:12	21.15	0.02	9	19035	买盘
10:05:09	21.13	--	2	4226	卖盘
10:05:06	21.13	-0.02	34	71842	卖盘
10:05:00	21.15	0.02	9	19035	买盘
10:04:57	21.13	-0.02	3	6339	卖盘
10:04:51	21.15	--	7	14804	买盘
10:04:48	21.15	0.02	1	2115	买盘
10:04:45	21.13	--	2	4226	卖盘
10:04:42	21.13	--	1	2113	卖盘
10:04:39	21.13	--	4	8452	买盘
10:04:36	21.13	--	1	2113	买盘
10:04:33	21.13	--	5	10565	买盘
10:04:27	21.13	--	2	4226	买盘
10:04:24	21.13	--	11	23243	买盘
10:04:21	21.13	0.01	3	6339	卖盘
10:04:18	21.12	--	1	2112	卖盘
10:04:12	21.12	-0.01	19	40128	卖盘
10:04:09	21.13	0.01	13	27469	买盘
10:04:06	21.12	-0.01	5	10560	卖盘
10:04:00	21.13	0.01	6	12678	买盘
10:03:57	21.12	--	46	97152	卖盘
10:03:51	21.12	--	4	8448	卖盘
10:03:48	21.12	--	6	12672	卖盘
10:03:42	21.12	-0.03	4	8448	卖盘
10:03:39	21.15	--	50	105750	买盘
10:03:36	21.15	0.01	17	35955	买盘
10:03:33	21.14	--	5	10570	买盘
10:03:27	21.14	-0.01	6	12684	卖盘
10:03:24	21.15	0.01	10	21150	买盘
10:03:21	21.14	--	16	33824	卖盘
10:03:18	21.14	--	9	19026	卖盘
10:03:15	21.14	--	20	42280	卖盘
10:03:09	21.14	--	3	6342	卖盘
10:03:06	21.14	-0.01	5	10570	卖盘
10:03:00	21.15	--	31	65565	买盘
10:02:57	21.15	0.01	28	59219	买盘
10:02:54	21.14	-0.01	41	86674	中性盘
10:02:48	21.15	--	1	2115	买盘
10:02:45	21.15	0.01	31	65565	买盘
10:02:42	21.14	--	6	12684	卖盘
10:02:39	21.14	-0.01	10	21140	卖盘
10:02:33	21.15	--	5	10575	买盘
10:02:24	21.15	--	11	23265	买盘
10:02:18	21.15	0.01	11	23265	买盘
10:02:12	21.14	--	2	4228	买盘
10:02:06	21.14	0.02	39	82446	买盘
10:01:45	21.12	--	10	21120	卖盘
10:01:42	21.12	0.01	98	206976	买盘
10:01:30	21.11	--	47	99217	买盘
10:01:21	21.11	0.01	20	42220	买盘
10:01:18	21.1	--	14	29540	买盘
10:01:15	21.1	0.01	18	37980	中性盘
10:01:00	21.09	--	6	12654	卖盘
10:00:51	21.09	0.01	15	31635	买盘
10:00:45	21.08	-0.03	10	21080	卖盘
10:00:42	21.11	0.03	30	63330	买盘
10:00:39	21.08	0.01	23	48483	买盘
10:00:36	21.07	-0.01	4	8428	卖盘
10:00:33	21.08	-0.01	6	12647	卖盘
10:00:30	21.09	0.01	7	14763	中性盘
10:00:21	21.08	--	1	2108	买盘
10:00:18	21.08	--	32	67456	卖盘
10:00:09	21.08	-0.01	19	40052	卖盘
10:00:03	21.09	-0.01	2	4218	卖盘
10:00:00	21.1	0.01	11	23210	买盘
09:59:54	21.09	--	5	10545	卖盘
09:59:42	21.09	-0.01	4	8436	卖盘
09:59:39	21.1	--	20	42200	买盘
09:59:33	21.1	--	45	94950	买盘
09:59:30	21.1	--	5	10550	买盘
09:59:27	21.1	--	1	2110	买盘
09:59:24	21.1	--	3	6330	买盘
09:59:18	21.1	--	5	10550	买盘
09:59:09	21.1	--	5	10550	买盘
09:59:06	21.1	--	49	103390	买盘
09:58:57	21.1	-0.01	49	103390	卖盘
09:58:51	21.11	--	1	2111	买盘
09:58:48	21.11	--	2	4222	卖盘
09:58:42	21.11	-0.01	1	2111	卖盘
09:58:36	21.12	--	1	2112	买盘
09:58:33	21.12	0.01	11	23232	买盘
09:58:30	21.11	-0.01	7	14777	卖盘
09:58:21	21.12	--	10	21120	卖盘
09:58:18	21.12	--	5	10560	卖盘
09:58:15	21.12	-0.03	12	25344	卖盘
09:57:54	21.15	0.04	5	10575	买盘
09:57:48	21.11	-0.04	3	6333	卖盘
09:57:42	21.15	--	1	2115	买盘
09:57:36	21.15	--	20	42300	买盘
09:57:33	21.15	0.04	5	10575	买盘
09:57:30	21.11	-0.04	2	4222	卖盘
09:57:21	21.15	-0.01	31	65565	卖盘
09:57:18	21.16	0.01	37	78292	买盘
09:57:15	21.15	--	5	10575	卖盘
09:57:12	21.15	--	1	2115	卖盘
09:57:09	21.15	--	20	42300	卖盘
09:57:06	21.15	--	2	4230	卖盘
09:57:03	21.15	--	7	14804	卖盘
09:57:00	21.15	-0.02	3	6345	卖盘
09:56:57	21.17	--	30	63510	买盘
09:56:54	21.17	--	9	19053	买盘
09:56:51	21.17	0.02	3	6351	中性盘
09:56:48	21.15	-0.03	1	2115	卖盘
09:56:39	21.18	--	6	12708	买盘
09:56:36	21.18	--	32	67776	卖盘
09:56:33	21.18	-0.01	7	14826	卖盘
09:56:30	21.19	0.01	14	29666	买盘
09:56:27	21.18	-0.01	9	19062	卖盘
09:56:24	21.19	0.01	5	10595	买盘
09:56:21	21.18	0.02	36	76248	买盘
09:56:15	21.16	-0.02	30	63480	卖盘
09:56:09	21.18	--	17	36006	卖盘
09:56:00	21.18	-0.01	11	23298	卖盘
09:55:57	21.19	0.01	3	6357	买盘
09:55:48	21.18	0.02	9	19062	买盘
09:55:42	21.16	--	43	90988	卖盘
09:55:39	21.16	--	13	27508	买盘
09:55:36	21.16	-0.01	8	16928	中性盘
09:55:21	21.17	--	65	137605	买盘
09:55:18	21.17	0.01	9	19053	买盘
09:55:09	21.16	0.03	68	143888	买盘
09:54:57	21.13	0.02	23	48620	买盘
09:54:54	21.11	-0.02	2	4222	卖盘
09:54:51	21.13	--	2	4226	买盘
09:54:48	21.13	--	1	2113	买盘
09:54:45	21.13	--	9	21108	卖盘
09:54:33	21.13	0.02	20	42281	买盘
09:54:18	21.11	--	1	2111	卖盘
09:54:12	21.11	0.02	2	4222	卖盘
09:54:09	21.09	--	1	2109	卖盘
09:54:06	21.09	-0.04	1	2109	卖盘
09:54:03	21.13	0.03	137	291572	买盘
09:54:00	21.1	--	3	6330	卖盘
09:53:57	21.1	--	29	61190	卖盘
09:53:54	21.1	-0.04	17	35870	卖盘
09:53:51	21.14	--	52	109928	买盘
09:53:48	21.14	0.01	2	4228	买盘
09:53:45	21.13	0.03	8	16904	卖盘
09:53:42	21.1	-0.01	6	12660	卖盘
09:53:39	21.11	0.01	4	8444	中性盘
09:53:36	21.1	-0.03	24	50640	卖盘
09:53:33	21.13	--	92	194396	买盘
09:53:27	21.13	0.03	5	10565	买盘
09:53:24	21.1	-0.03	6	12660	卖盘
09:53:18	21.13	--	18	38034	买盘
09:53:12	21.13	--	11	23243	买盘
09:53:03	21.13	--	7	14791	买盘
09:53:00	21.13	--	26	54938	买盘
09:52:57	21.13	--	3	6339	买盘
09:52:54	21.13	--	5	10565	买盘
09:52:51	21.13	--	2	4226	买盘
09:52:48	21.13	--	13	27469	买盘
09:52:45	21.13	--	105	221865	买盘
09:52:42	21.13	--	30	63390	买盘
09:52:39	21.13	--	26	54938	买盘
09:52:36	21.13	0.01	5	10565	买盘
09:52:30	21.12	-0.01	1	2112	中性盘
09:52:15	21.13	0.01	67	141571	买盘
09:52:06	21.12	--	6	12672	卖盘
09:51:57	21.12	--	1	2133	买盘
09:51:54	21.12	--	5	10560	买盘
09:51:51	21.12	--	20	42240	买盘
09:51:45	21.12	--	14	29568	买盘
09:51:42	21.12	--	4	8448	买盘
09:51:30	21.12	0.01	11	23232	买盘
09:51:24	21.11	--	10	21110	买盘
09:51:21	21.11	--	2	4222	买盘
09:51:18	21.11	--	4	8444	卖盘
09:51:15	21.11	-0.01	6	12666	中性盘
09:51:12	21.12	0.02	58	122496	买盘
09:51:09	21.1	-0.01	1	2110	卖盘
09:51:06	21.11	--	10	21110	卖盘
09:51:03	21.11	-0.01	47	99217	卖盘
09:50:57	21.12	0.01	20	42240	买盘
09:50:54	21.11	-0.01	6	12666	卖盘
09:50:51	21.12	--	3	6336	买盘
09:50:45	21.12	-0.01	2	6314	卖盘
09:50:42	21.13	0.01	35	73955	买盘
09:50:39	21.12	-0.01	8	16917	中性盘
09:50:30	21.13	--	20	42260	买盘
09:50:27	21.13	0.01	7	14791	买盘
09:50:24	21.12	-0.01	14	29568	卖盘
09:50:21	21.13	--	5	10565	买盘
09:50:18	21.13	--	11	23243	买盘
09:50:12	21.13	0.01	20	42260	买盘
09:50:09	21.12	--	10	21120	卖盘
09:50:03	21.12	-0.01	1	2112	卖盘
09:50:00	21.13	--	68	143684	卖盘
09:49:57	21.13	--	6	12678	卖盘
09:49:54	21.13	-0.02	1	2113	卖盘
09:49:51	21.15	--	19	40185	买盘
09:49:42	21.15	--	4	8460	卖盘
09:49:39	21.15	--	33	69795	卖盘
09:49:36	21.15	--	5	10575	卖盘
09:49:33	21.15	--	12	25380	卖盘
09:49:30	21.15	--	30	63449	卖盘
09:49:21	21.15	--	44	93060	卖盘
09:49:18	21.15	--	11	23265	卖盘
09:49:15	21.15	--	14	29609	卖盘
09:49:12	21.15	-0.01	1	2115	卖盘
09:49:09	21.16	--	2	4232	买盘
09:49:06	21.16	--	1	2116	买盘
09:49:00	21.16	-0.02	77	162932	卖盘
09:48:57	21.18	--	6	12708	买盘
09:48:54	21.18	-0.03	8	16944	中性盘
09:48:51	21.21	0.03	131	277851	买盘
09:48:48	21.18	--	6	12708	买盘
09:48:45	21.18	--	3	6354	买盘
09:48:39	21.18	--	11	23298	中性盘
09:48:33	21.18	-0.03	5	10590	卖盘
09:48:30	21.21	0.03	1	2121	买盘
09:48:27	21.18	--	3	6354	卖盘
09:48:24	21.18	-0.01	29	61422	卖盘
09:48:21	21.19	0.01	7	14833	买盘
09:48:18	21.18	-0.01	26	55068	卖盘
09:48:15	21.19	--	24	50856	买盘
09:48:12	21.19	--	6	12714	买盘
09:48:09	21.19	0.01	9	19071	中性盘
09:48:06	21.18	-0.02	62	131316	卖盘
09:48:03	21.2	0.01	2	4240	买盘
09:48:00	21.19	--	6	12714	买盘
09:47:54	21.19	-0.06	2	4238	买盘
09:47:51	21.25	0.07	8	17000	中性盘
09:47:45	21.18	--	20	42360	卖盘
09:47:42	21.18	-0.07	22	46596	卖盘
09:47:39	21.25	0.08	159	337875	买盘
09:47:33	21.17	--	2	4234	买盘
09:47:27	21.17	-0.02	10	21170	中性盘
09:47:24	21.19	0.01	26	55094	买盘
09:47:21	21.18	0.01	194	410892	买盘
09:47:15	21.17	0.02	13	27521	买盘
09:47:12	21.15	--	33	69795	卖盘
09:47:09	21.15	--	24	50760	卖盘
09:47:06	21.15	--	12	25380	卖盘
09:47:03	21.15	--	9	19035	卖盘
09:47:00	21.15	0.02	72	152280	买盘
09:46:57	21.13	--	13	27469	卖盘
09:46:54	21.13	--	14	29582	卖盘
09:46:51	21.13	-0.01	33	69729	卖盘
09:46:48	21.14	0.01	32	67648	买盘
09:46:45	21.13	--	12	25356	卖盘
09:46:42	21.13	--	24	50712	买盘
09:46:39	21.13	0.01	15	31695	买盘
09:46:36	21.12	-0.01	10	21120	卖盘
09:46:33	21.13	--	37	78181	买盘
09:46:30	21.13	0.01	29	61277	买盘
09:46:24	21.12	-0.01	7	14784	卖盘
09:46:21	21.13	--	55	116215	卖盘
09:46:18	21.13	--	8	16904	卖盘
09:46:15	21.13	0.01	5	10565	买盘
09:46:12	21.12	-0.01	23	48576	卖盘
09:46:09	21.13	0.01	38	80294	买盘
09:46:06	21.12	--	7	14784	卖盘
09:46:03	21.12	--	10	21120	卖盘
09:46:00	21.12	--	3	6336	买盘
09:45:57	21.12	0.01	30	63360	买盘
09:45:51	21.11	-0.01	12	25332	中性盘
09:45:48	21.12	0.01	36	76032	买盘
09:45:45	21.11	--	20	42220	买盘
09:45:42	21.11	--	2	4222	买盘
09:45:39	21.11	--	11	23221	买盘
09:45:36	21.11	--	7	14777	买盘
09:45:30	21.11	0.01	64	135104	买盘
09:45:27	21.1	--	63	132930	买盘
09:45:24	21.1	--	27	56970	买盘
09:45:21	21.1	--	79	166690	买盘
09:45:18	21.1	0.01	8	16880	买盘
09:45:15	21.09	0.03	50	105450	买盘
09:45:12	21.06	-0.03	1	2106	卖盘
09:45:09	21.09	-0.01	11	23199	中性盘
09:45:06	21.1	--	6	12660	买盘
09:44:57	21.1	0.05	21	44310	中性盘
09:44:51	21.05	-0.05	8	16840	卖盘
09:44:48	21.1	--	5	10550	卖盘
09:44:45	21.1	0.05	155	327050	买盘
09:44:42	21.05	--	1	2105	买盘
09:44:39	21.05	0.01	1	2105	买盘
09:44:36	21.04	0.02	15	31560	买盘
09:44:33	21.02	--	5	10510	卖盘
09:44:30	21.02	--	39	81978	买盘
09:44:27	21.02	0.02	5	10510	买盘
09:44:24	21.0	--	2	4200	卖盘
09:44:15	21.0	0.01	80	168000	买盘
09:44:09	20.99	0.02	19	39881	中性盘
09:44:06	20.97	--	1	2097	卖盘
09:44:00	20.97	--	69	144693	卖盘
09:43:57	20.97	--	27	56619	买盘
09:43:54	20.97	0.03	8	16776	买盘
09:43:45	20.94	-0.02	159	332946	卖盘
09:43:42	20.96	--	89	186544	买盘
09:43:39	20.96	--	8	16768	买盘
09:43:36	20.96	0.01	10	20960	买盘
09:43:33	20.95	--	28	58660	卖盘
09:43:27	20.95	--	48	100769	卖盘
09:43:21	20.95	0.01	61	127795	买盘
09:43:15	20.94	-0.01	40	83760	卖盘
09:43:12	20.95	0.01	18	37710	买盘
09:43:09	20.94	--	20	41880	买盘
09:43:06	20.94	--	13	27222	买盘
09:43:03	20.94	--	6	12564	买盘
09:43:00	20.94	0.01	5	10470	买盘
09:42:54	20.93	-0.01	12	25116	卖盘
09:42:51	20.94	--	68	142392	买盘
09:42:48	20.94	0.01	25	52350	买盘
09:42:45	20.93	--	1	2093	卖盘
09:42:42	20.93	0.02	72	150696	买盘
09:42:36	20.91	-0.02	4	8364	卖盘
09:42:33	20.93	0.01	15	31395	买盘
09:42:30	20.92	0.01	10	20920	中性盘
09:42:27	20.91	-0.01	1	2091	卖盘
09:42:21	20.92	--	15	31380	卖盘
09:42:15	20.92	-0.01	16	33472	卖盘
09:42:12	20.93	--	19	39767	卖盘
09:42:09	20.93	--	20	41860	卖盘
09:41:57	20.93	0.02	60	125580	买盘
09:41:48	20.91	-0.02	6	12546	卖盘
09:41:45	20.93	--	1	2093	买盘
09:41:42	20.93	0.03	1	2093	买盘
09:41:36	20.9	-0.01	6	12540	卖盘
09:41:33	20.91	--	4	8364	买盘
09:41:30	20.91	--	10	20910	买盘
09:41:27	20.91	0.01	10	20910	买盘
09:41:18	20.9	-0.01	5	10450	卖盘
09:41:15	20.91	0.01	34	71094	买盘
09:41:09	20.9	--	58	121219	卖盘
09:40:54	20.9	-0.01	20	41800	卖盘
09:40:51	20.91	--	7	14637	买盘
09:40:48	20.91	-0.01	73	152643	卖盘
09:40:42	20.92	0.01	62	129704	买盘
09:40:39	20.91	-0.01	6	12546	卖盘
09:40:36	20.92	--	12	25104	买盘
09:40:33	20.92	--	1	2092	买盘
09:40:30	20.92	--	13	27196	买盘
09:40:27	20.92	-0.02	50	104600	卖盘
09:40:24	20.94	0.01	10	20940	买盘
09:40:21	20.93	--	7	14651	买盘
09:40:15	20.93	--	10	20930	买盘
09:40:09	20.93	--	35	73255	买盘
09:40:06	20.93	--	17	35581	买盘
09:40:03	20.93	--	58	121394	买盘
09:40:00	20.93	--	6	12558	买盘
09:39:45	20.93	--	10	20930	买盘
09:39:39	20.93	--	3	6279	买盘
09:39:36	20.93	--	1	2093	买盘
09:39:33	20.93	0.01	19	39767	买盘
09:39:27	20.92	--	2	4184	卖盘
09:39:24	20.92	--	2	4184	卖盘
09:39:21	20.92	--	7	14644	卖盘
09:39:18	20.92	--	3	6276	买盘
09:39:15	20.92	--	6	12552	买盘
09:39:12	20.92	-0.01	51	106692	卖盘
09:39:09	20.93	--	22	46046	买盘
09:39:06	20.93	0.01	3	6279	中性盘
09:39:00	20.92	0.02	2	4184	中性盘
09:38:45	20.9	--	3	6270	卖盘
09:38:39	20.9	0.02	28	58519	买盘
09:38:33	20.88	-0.02	90	187920	卖盘
09:38:30	20.9	0.01	102	213180	买盘
09:38:24	20.89	--	25	52225	买盘
09:38:15	20.89	--	2	4178	买盘
09:38:12	20.89	--	11	22979	买盘
09:38:09	20.89	0.01	102	213078	买盘
09:38:06	20.88	-0.01	91	190008	卖盘
09:38:03	20.89	--	18	37602	买盘
09:37:57	20.89	--	3	6267	买盘
09:37:51	20.89	-0.01	17	35513	卖盘
09:37:48	20.9	--	5	10450	买盘
09:37:45	20.9	0.01	113	236169	买盘
09:37:42	20.89	-0.01	22	45958	卖盘
09:37:39	20.9	--	3	6270	买盘
09:37:36	20.9	--	1	2090	买盘
09:37:27	20.9	--	4	8360	买盘
09:37:24	20.9	--	40	83600	买盘
09:37:21	20.9	0.02	3	6270	买盘
09:37:15	20.88	-0.02	61	127368	卖盘
09:37:12	20.9	--	106	221539	卖盘
09:37:06	20.9	0.01	12	25080	买盘
09:37:00	20.89	--	36	75204	买盘
09:36:57	20.89	-0.01	238	497182	卖盘
09:36:54	20.9	0.01	21	43890	中性盘
09:36:51	20.89	--	32	66848	卖盘
09:36:42	20.89	-0.01	92	192188	卖盘
09:36:39	20.9	0.02	6	12540	中性盘
09:36:24	20.88	-0.02	90	187920	卖盘
09:36:21	20.9	0.02	65	135850	买盘
09:36:18	20.88	--	20	41760	卖盘
09:36:15	20.88	--	2	4176	卖盘
09:36:12	20.88	0.01	14	29232	买盘
09:36:09	20.87	--	2	4174	卖盘
09:36:06	20.87	-0.01	14	29218	卖盘
09:36:03	20.88	--	24	50112	卖盘
09:36:00	20.88	--	13	27144	买盘
09:35:57	20.88	-0.01	22	45936	卖盘
09:35:54	20.89	0.01	12	25068	买盘
09:35:51	20.88	--	5	10440	卖盘
09:35:45	20.88	-0.01	7	14616	卖盘
09:35:42	20.89	0.01	73	152497	买盘
09:35:39	20.88	--	5	10440	买盘
09:35:36	20.88	-0.01	5	10440	卖盘
09:35:33	20.89	0.02	1	2089	中性盘
09:35:30	20.87	-0.01	13	27131	卖盘
09:35:27	20.88	--	26	54288	买盘
09:35:24	20.88	--	20	41760	买盘
09:35:21	20.88	-0.02	25	52200	卖盘
09:35:15	20.9	--	3	6270	买盘
09:35:12	20.9	0.02	13	27169	买盘
09:35:09	20.88	-0.01	10	20880	卖盘
09:35:06	20.89	-0.05	1	2089	卖盘
09:35:03	20.94	0.04	100	209400	买盘
09:35:00	20.9	-0.01	51	106590	卖盘
09:34:54	20.91	-0.03	37	77367	中性盘
09:34:51	20.94	--	1	2094	买盘
09:34:45	20.94	-0.03	40	83760	卖盘
09:34:42	20.97	--	10	20970	买盘
09:34:33	20.97	-0.03	7	14679	卖盘
09:34:27	21.0	0.01	56	117600	买盘
09:34:24	20.99	0.04	13	27286	买盘
09:34:21	20.95	-0.05	22	46090	卖盘
09:34:18	21.0	--	20	42000	买盘
09:34:15	21.0	--	9	18900	买盘
09:34:12	21.0	-0.01	35	73500	卖盘
09:34:09	21.01	0.01	13	27313	买盘
09:34:06	21.0	--	10	21000	卖盘
09:34:03	21.0	-0.01	3	6300	卖盘
09:34:00	21.01	0.01	20	42020	买盘
09:33:54	21.0	--	20	42000	卖盘
09:33:51	21.0	-0.01	11	23100	卖盘
09:33:48	21.01	-0.04	44	92444	卖盘
09:33:45	21.05	--	62	130510	买盘
09:33:39	21.05	0.09	1	2105	买盘
09:33:36	20.96	-0.09	60	125760	卖盘
09:33:33	21.05	--	19	39995	买盘
09:33:30	21.05	--	1	2105	买盘
09:33:27	21.05	--	12	25260	买盘
09:33:24	21.05	0.05	19	39995	买盘
09:33:21	21.0	-0.05	20	42000	卖盘
09:33:18	21.05	--	18	37890	买盘
09:33:15	21.05	--	88	185240	买盘
09:33:12	21.05	0.01	81	170505	买盘
09:33:06	21.04	-0.01	47	98888	卖盘
09:33:00	21.05	0.01	37	77885	买盘
09:32:51	21.04	0.02	50	105200	买盘
09:32:48	21.02	--	35	73570	卖盘
09:32:42	21.02	0.03	31	65162	买盘
09:32:39	20.99	0.03	35	73465	买盘
09:32:36	20.96	-0.03	11	23056	卖盘
09:32:33	20.99	--	19	39881	买盘
09:32:30	20.99	--	20	41980	买盘
09:32:27	20.99	--	20	41980	买盘
09:32:21	20.99	-0.01	21	44079	卖盘
09:32:18	21.0	0.04	29	60900	买盘
09:32:12	20.96	-0.02	8	16768	卖盘
09:32:09	20.98	-0.01	50	104900	卖盘
09:32:06	20.99	0.01	13	27286	买盘
09:32:03	20.98	--	7	14686	卖盘
09:32:00	20.98	--	8	16784	卖盘
09:31:57	20.98	0.02	78	163644	买盘
09:31:54	20.96	--	29	60784	买盘
09:31:51	20.96	0.02	14	29344	买盘
09:31:45	20.94	--	17	35598	卖盘
09:31:42	20.94	--	10	20940	卖盘
09:31:39	20.94	--	71	150265	买盘
09:31:33	20.94	0.07	25	52350	买盘
09:31:21	20.87	-0.03	16	33392	卖盘
09:31:18	20.9	-0.04	21	43890	中性盘
09:31:15	20.94	0.08	56	117264	买盘
09:31:09	20.86	--	20	41720	卖盘
09:30:48	20.86	0.01	1	2086	中性盘
09:30:24	20.85	--	10	20850	卖盘
09:30:21	20.85	-0.04	128	266880	卖盘
09:30:15	20.89	--	25	52225	买盘
09:30:06	20.89	0.06	44	91916	买盘
09:30:03	20.83	0.02	39	81237	中性盘
09:30:00	20.81	--	0	0	卖盘
09:25:03	20.81	20.81	175	364175	买盘
