成交时间	成交价	价格变动	成交量(手)	成交额(元)	性质
15:00:03	39.87	--	1152	4593024	买盘
14:57:00	39.87	--	1	3986	买盘
14:56:57	39.87	0.02	19	75753	中性盘
14:56:54	39.85	-0.01	120	478200	卖盘
14:56:51	39.86	-0.01	22	87692	卖盘
14:56:48	39.87	-0.01	8	31895	卖盘
14:56:45	39.88	--	21	83748	买盘
14:56:42	39.88	0.01	47	187436	买盘
14:56:39	39.87	0.02	50	199350	买盘
14:56:36	39.85	-0.02	20	79700	卖盘
14:56:33	39.87	0.01	12	47844	买盘
14:56:30	39.86	-0.02	40	159440	卖盘
14:56:27	39.88	0.01	4	15952	买盘
14:56:24	39.87	--	28	111636	卖盘
14:56:21	39.87	--	8	31895	卖盘
14:56:18	39.87	0.02	10	39870	买盘
14:56:15	39.85	-0.02	41	163385	卖盘
14:56:12	39.87	--	2	7973	中性盘
14:56:09	39.87	0.02	20	79740	买盘
14:56:06	39.85	--	92	366620	卖盘
14:56:03	39.85	0.01	43	171355	买盘
14:56:00	39.84	--	16	63744	卖盘
14:55:57	39.84	-0.01	101	402384	卖盘
14:55:54	39.85	-0.02	18	71730	卖盘
14:55:51	39.87	0.03	270	1076490	买盘
14:55:48	39.84	--	34	139400	买盘
14:55:45	39.84	--	49	195216	买盘
14:55:42	39.84	0.01	43	171312	买盘
14:55:39	39.83	--	18	71694	卖盘
14:55:36	39.83	--	43	171269	卖盘
14:55:33	39.83	--	10	39830	卖盘
14:55:30	39.83	--	7	27881	卖盘
14:55:24	39.83	-0.01	11	43813	卖盘
14:55:21	39.84	0.02	62	247008	买盘
14:55:18	39.82	-0.01	29	115478	卖盘
14:55:15	39.83	0.01	6	23898	买盘
14:55:12	39.82	-0.01	28	111496	卖盘
14:55:09	39.83	--	11	43813	买盘
14:55:06	39.83	--	276	1099308	买盘
14:55:03	39.83	--	58	231014	买盘
14:55:00	39.83	0.01	34	135422	买盘
14:54:57	39.82	-0.01	7	27874	卖盘
14:54:54	39.83	--	42	167286	买盘
14:54:51	39.83	--	66	262878	买盘
14:54:48	39.83	--	11	43813	买盘
14:54:45	39.83	-0.01	12	47796	买盘
14:54:42	39.84	--	48	191232	买盘
14:54:39	39.84	--	13	51792	买盘
14:54:36	39.84	0.01	20	79680	买盘
14:54:33	39.83	--	1	3983	卖盘
14:54:30	39.83	0.01	26	103558	买盘
14:54:27	39.82	-0.01	16	63712	卖盘
14:54:24	39.83	--	67	266861	买盘
14:54:21	39.83	--	19	75677	买盘
14:54:18	39.83	--	54	215082	卖盘
14:54:15	39.83	-0.01	114	454062	卖盘
14:54:12	39.84	--	4	15936	买盘
14:54:09	39.84	0.01	16	63744	买盘
14:54:06	39.83	-0.01	6	23898	卖盘
14:54:03	39.84	--	40	159360	买盘
14:54:00	39.84	--	3	11952	买盘
14:53:57	39.84	--	16	63744	买盘
14:53:54	39.84	--	3	11952	买盘
14:53:51	39.84	--	56	223143	卖盘
14:53:48	39.84	--	33	131472	卖盘
14:53:45	39.84	-0.01	26	107528	卖盘
14:53:42	39.85	--	60	239100	买盘
14:53:39	39.85	--	27	107595	买盘
14:53:36	39.85	--	5	19925	买盘
14:53:33	39.85	0.01	22	87670	买盘
14:53:30	39.84	-0.01	7	27888	卖盘
14:53:27	39.85	0.01	9	35865	买盘
14:53:24	39.84	-0.01	45	179280	卖盘
14:53:21	39.85	--	8	31880	买盘
14:53:18	39.85	0.01	51	203235	买盘
14:53:15	39.84	--	1	3984	卖盘
14:53:12	39.84	-0.01	20	79680	卖盘
14:53:09	39.85	--	1	3985	买盘
14:53:06	39.85	0.01	126	502110	买盘
14:53:03	39.84	-0.01	19	75696	卖盘
14:53:00	39.85	--	7	27895	买盘
14:52:57	39.85	--	1	3985	买盘
14:52:54	39.85	--	1	3985	买盘
14:52:51	39.85	--	9	35865	卖盘
14:52:48	39.85	-0.01	10	39850	卖盘
14:52:45	39.86	0.03	23	91678	买盘
14:52:42	39.83	-0.01	9	35847	卖盘
14:52:39	39.84	-0.01	28	111552	卖盘
14:52:36	39.85	--	10	39850	卖盘
14:52:33	39.85	0.02	27	107595	买盘
14:52:30	39.83	0.01	4	15932	卖盘
14:52:27	39.82	--	24	95568	卖盘
14:52:24	39.82	-0.01	90	358380	卖盘
14:52:21	39.83	-0.01	5	19915	卖盘
14:52:18	39.84	-0.01	9	35856	中性盘
14:52:15	39.85	0.01	67	266995	买盘
14:52:12	39.84	0.01	3	11952	买盘
14:52:09	39.83	--	6	23898	卖盘
14:52:06	39.83	-0.01	1	3983	卖盘
14:52:03	39.84	0.01	68	270912	买盘
14:52:00	39.83	-0.01	21	83643	卖盘
14:51:54	39.84	0.01	5	19920	买盘
14:51:51	39.83	-0.02	24	95592	卖盘
14:51:48	39.85	0.01	4	15940	买盘
14:51:45	39.84	-0.01	13	51792	卖盘
14:51:42	39.85	0.01	15	59775	买盘
14:51:39	39.84	-0.01	63	250992	卖盘
14:51:36	39.85	0.01	7	27895	买盘
14:51:33	39.84	-0.01	3	11952	卖盘
14:51:30	39.85	--	6	23910	买盘
14:51:27	39.85	--	23	91655	卖盘
14:51:24	39.85	-0.01	5	19925	卖盘
14:51:21	39.86	--	1	3986	买盘
14:51:18	39.86	--	20	79720	买盘
14:51:12	39.86	-0.01	1	3986	中性盘
14:51:06	39.87	--	9	35883	买盘
14:51:00	39.87	0.01	50	199350	买盘
14:50:57	39.86	-0.01	3	11958	卖盘
14:50:54	39.87	--	7	27909	买盘
14:50:51	39.87	--	53	215138	卖盘
14:50:48	39.87	-0.01	2	7973	卖盘
14:50:45	39.88	0.01	4	15952	买盘
14:50:39	39.87	-0.02	37	147519	卖盘
14:50:36	39.89	0.02	10	39890	买盘
14:50:33	39.87	-0.02	12	47844	卖盘
14:50:30	39.89	0.01	20	79780	买盘
14:50:27	39.88	--	3	11964	卖盘
14:50:24	39.88	0.01	23	91724	买盘
14:50:21	39.87	--	29	115622	卖盘
14:50:15	39.87	--	49	195522	买盘
14:50:12	39.87	-0.03	18	75593	卖盘
14:50:09	39.9	--	20	79800	买盘
14:50:06	39.9	0.02	5	19950	买盘
14:50:03	39.88	-0.02	22	87736	卖盘
14:50:00	39.9	0.02	7	27930	买盘
14:49:57	39.88	--	23	91724	卖盘
14:49:48	39.88	-0.01	27	107835	卖盘
14:49:45	39.89	-0.01	111	442779	卖盘
14:49:42	39.9	--	22	87780	卖盘
14:49:39	39.9	--	10	39900	卖盘
14:49:36	39.9	-0.01	17	67830	卖盘
14:49:30	39.91	0.01	5	19955	买盘
14:49:27	39.9	-0.01	11	43890	卖盘
14:49:24	39.91	--	21	83811	买盘
14:49:21	39.91	--	1	3990	买盘
14:49:18	39.91	--	10	39910	买盘
14:49:15	39.91	--	20	79820	卖盘
14:49:12	39.91	-0.01	3	11972	卖盘
14:49:09	39.92	0.01	1	3992	买盘
14:49:03	39.91	-0.01	35	139685	卖盘
14:49:00	39.92	--	2	7984	卖盘
14:48:54	39.92	--	3	11976	卖盘
14:48:51	39.92	-0.01	29	115768	卖盘
14:48:48	39.93	--	23	91839	买盘
14:48:45	39.93	--	14	55902	买盘
14:48:42	39.93	-0.01	16	63888	卖盘
14:48:39	39.94	--	16	63904	买盘
14:48:36	39.94	--	24	95856	买盘
14:48:33	39.94	--	1	3994	买盘
14:48:27	39.94	--	1	3994	买盘
14:48:24	39.94	--	15	59910	买盘
14:48:18	39.94	-0.01	5	19970	买盘
14:48:12	39.95	--	82	327590	买盘
14:48:09	39.95	0.01	16	63920	买盘
14:48:06	39.94	--	10	40259	卖盘
14:48:03	39.94	--	21	83874	卖盘
14:47:57	39.94	--	2	7988	卖盘
14:47:54	39.94	0.01	54	219350	买盘
14:47:51	39.93	0.01	13	51909	买盘
14:47:48	39.92	-0.01	3	11976	卖盘
14:47:45	39.93	--	13	51909	买盘
14:47:42	39.93	0.01	2	7986	买盘
14:47:39	39.92	--	23	91816	卖盘
14:47:36	39.92	--	12	47904	卖盘
14:47:33	39.92	--	7	27944	卖盘
14:47:27	39.92	--	17	67864	买盘
14:47:24	39.92	0.02	1	3992	买盘
14:47:21	39.9	-0.02	27	107730	卖盘
14:47:18	39.92	--	11	43912	买盘
14:47:12	39.92	--	1	3992	买盘
14:47:09	39.92	-0.01	15	59880	买盘
14:47:03	39.93	0.01	25	99825	买盘
14:46:57	39.92	--	2	7984	买盘
14:46:51	39.92	0.04	204	814368	买盘
14:46:45	39.88	--	47	187436	买盘
14:46:42	39.88	--	15	59820	买盘
14:46:39	39.88	--	1	3988	买盘
14:46:36	39.88	--	25	99700	买盘
14:46:33	39.88	--	9	35892	买盘
14:46:30	39.88	0.01	14	55832	买盘
14:46:27	39.87	-0.01	5	19935	卖盘
14:46:24	39.88	0.01	1	3988	买盘
14:46:21	39.87	--	19	75753	卖盘
14:46:18	39.87	--	11	43857	买盘
14:46:15	39.87	--	28	111636	买盘
14:46:06	39.87	0.04	33	131571	买盘
14:45:54	39.83	-0.04	5	19915	卖盘
14:45:51	39.87	0.03	6	23922	买盘
14:45:48	39.84	0.01	8	34979	买盘
14:45:45	39.83	-0.04	9	36723	卖盘
14:45:42	39.87	0.01	43	171441	买盘
14:45:39	39.86	0.02	68	274157	买盘
14:45:36	39.84	0.01	47	187248	买盘
14:45:33	39.83	--	11	43813	卖盘
14:45:30	39.83	--	3	11949	卖盘
14:45:27	39.83	--	13	51779	卖盘
14:45:24	39.83	0.01	6	23898	买盘
14:45:21	39.82	-0.01	4	15928	卖盘
14:45:18	39.83	--	1	3983	买盘
14:45:12	39.83	-0.01	50	199150	卖盘
14:45:09	39.84	--	12	47808	买盘
14:45:03	39.84	-0.01	23	91632	卖盘
14:45:00	39.85	--	26	103610	买盘
14:44:57	39.85	--	5	19925	买盘
14:44:54	39.85	0.02	42	167370	买盘
14:44:51	39.83	--	22	88502	卖盘
14:44:45	39.83	--	25	99575	卖盘
14:44:42	39.83	--	7	27881	卖盘
14:44:39	39.83	--	2	7966	卖盘
14:44:36	39.83	0.03	26	106664	买盘
14:44:33	39.8	0.01	22	87560	买盘
14:44:30	39.79	-0.01	18	71622	卖盘
14:44:27	39.8	--	38	151240	买盘
14:44:21	39.8	0.02	2	7959	买盘
14:44:15	39.78	-0.02	19	75582	卖盘
14:44:12	39.8	--	1	3979	买盘
14:44:09	39.8	--	24	95520	买盘
14:44:06	39.8	0.02	2	7959	买盘
14:44:03	39.78	-0.02	11	43758	卖盘
14:43:57	39.8	--	34	136195	卖盘
14:43:54	39.8	--	6	23880	卖盘
14:43:48	39.8	-0.01	1	3979	卖盘
14:43:45	39.81	0.01	3	11943	买盘
14:43:42	39.8	--	7	30964	买盘
14:43:39	39.8	--	28	111439	买盘
14:43:33	39.8	-0.02	105	418775	卖盘
14:43:30	39.82	--	3	15051	买盘
14:43:27	39.82	--	10	39820	买盘
14:43:24	39.82	--	10	39820	买盘
14:43:18	39.82	-0.03	57	227850	卖盘
14:43:15	39.85	0.03	7	27895	买盘
14:43:12	39.82	--	56	222992	卖盘
14:43:09	39.82	-0.03	9	35838	卖盘
14:43:06	39.85	0.03	4	15940	买盘
14:43:03	39.82	-0.01	10	39820	卖盘
14:42:57	39.83	--	5	19915	买盘
14:42:54	39.83	-0.02	46	183218	卖盘
14:42:51	39.85	--	17	67745	卖盘
14:42:48	39.85	-0.01	10	39850	卖盘
14:42:42	39.86	-0.02	9	35874	中性盘
14:42:36	39.88	0.02	89	354932	买盘
14:42:33	39.86	--	47	187342	买盘
14:42:30	39.86	0.01	15	59790	买盘
14:42:27	39.85	--	34	135490	卖盘
14:42:24	39.85	--	5	19925	卖盘
14:42:21	39.85	-0.01	6	23910	卖盘
14:42:18	39.86	--	8	31888	买盘
14:42:15	39.86	0.01	1	3986	中性盘
14:42:12	39.85	--	23	91655	买盘
14:42:09	39.85	--	7	27895	中性盘
14:42:06	39.85	-0.01	12	47820	卖盘
14:42:03	39.86	-0.01	11	43846	中性盘
14:42:00	39.87	0.02	26	103662	买盘
14:41:57	39.85	-0.02	17	67745	卖盘
14:41:54	39.87	0.02	18	71766	买盘
14:41:51	39.85	0.01	1	3985	中性盘
14:41:45	39.84	0.01	10	39840	卖盘
14:41:42	39.83	--	204	812532	买盘
14:41:33	39.83	0.01	1	3983	买盘
14:41:27	39.82	--	11	46907	买盘
14:41:24	39.82	0.02	37	147334	买盘
14:41:18	39.8	0.02	3	11940	买盘
14:41:15	39.78	-0.02	14	55692	卖盘
14:41:12	39.8	--	27	107459	买盘
14:41:09	39.8	0.01	28	111439	买盘
14:41:06	39.79	--	24	95496	买盘
14:41:03	39.79	--	1	3979	中性盘
14:41:00	39.79	-0.01	7	27853	卖盘
14:40:57	39.8	0.01	5	19900	买盘
14:40:54	39.79	-0.01	1	3979	卖盘
14:40:51	39.8	0.04	2	7959	买盘
14:40:48	39.76	0.02	25	99400	卖盘
14:40:45	39.74	-0.02	249	989526	卖盘
14:40:42	39.76	0.01	12	47712	卖盘
14:40:39	39.75	-0.03	11	43725	卖盘
14:40:36	39.78	0.03	29	115362	买盘
14:40:33	39.75	--	12	47700	卖盘
14:40:30	39.75	--	2	7950	卖盘
14:40:27	39.75	0.01	40	159000	买盘
14:40:24	39.74	--	42	166908	买盘
14:40:21	39.74	-0.01	14	55636	卖盘
14:40:18	39.75	0.01	103	409425	买盘
14:40:15	39.74	-0.01	42	166908	卖盘
14:40:12	39.75	--	11	43725	买盘
14:40:09	39.75	0.01	5	19875	买盘
14:40:06	39.74	0.01	27	107298	中性盘
14:40:03	39.73	-0.02	3	11918	卖盘
14:40:00	39.75	--	53	210675	买盘
14:39:57	39.75	--	15	59625	卖盘
14:39:54	39.75	-0.03	25	99375	卖盘
14:39:51	39.78	0.03	10	39780	买盘
14:39:48	39.75	-0.03	123	488925	卖盘
14:39:45	39.78	--	1	3978	买盘
14:39:42	39.78	--	6	23868	卖盘
14:39:39	39.78	0.01	9	35802	买盘
14:39:36	39.77	-0.01	40	159080	卖盘
14:39:33	39.78	--	61	242658	卖盘
14:39:30	39.78	--	25	99450	卖盘
14:39:27	39.78	-0.01	30	119340	卖盘
14:39:24	39.79	--	8	31832	卖盘
14:39:21	39.79	0.01	12	47748	买盘
14:39:15	39.78	-0.02	2	7956	卖盘
14:39:12	39.8	0.02	23	91540	买盘
14:39:09	39.78	-0.04	233	926874	卖盘
14:39:06	39.82	0.01	39	155298	买盘
14:39:03	39.81	-0.01	10	39810	卖盘
14:39:00	39.82	0.01	73	290686	买盘
14:38:57	39.81	-0.01	132	525492	卖盘
14:38:54	39.82	--	35	139370	买盘
14:38:51	39.82	0.01	27	107514	买盘
14:38:48	39.81	--	11	43791	卖盘
14:38:45	39.81	-0.03	38	151278	卖盘
14:38:42	39.84	--	2	7968	买盘
14:38:39	39.84	--	57	227088	买盘
14:38:36	39.84	--	23	91632	买盘
14:38:33	39.84	-0.01	40	159360	卖盘
14:38:30	39.85	--	25	99625	买盘
14:38:27	39.85	--	15	59775	卖盘
14:38:21	39.85	-0.01	8	31880	卖盘
14:38:18	39.86	0.01	2	7972	中性盘
14:38:15	39.85	-0.03	81	322785	卖盘
14:38:12	39.88	--	4	15952	买盘
14:38:09	39.88	--	12	47856	买盘
14:38:06	39.88	--	53	211364	卖盘
14:38:03	39.88	-0.01	5	19940	卖盘
14:38:00	39.89	0.01	4	15956	买盘
14:37:57	39.88	--	67	267196	卖盘
14:37:54	39.88	--	27	107676	卖盘
14:37:48	39.88	-0.03	22	87736	卖盘
14:37:45	39.91	0.01	38	151658	买盘
14:37:42	39.9	0.01	20	79800	买盘
14:37:39	39.89	0.01	10	39890	卖盘
14:37:36	39.88	-0.03	42	167496	卖盘
14:37:30	39.91	--	10	39910	买盘
14:37:27	39.91	0.01	31	123720	买盘
14:37:24	39.9	-0.02	36	143640	卖盘
14:37:21	39.92	0.03	10	39920	买盘
14:37:18	39.89	-0.03	454	1811325	卖盘
14:37:15	39.92	--	32	127744	卖盘
14:37:12	39.92	--	20	79840	卖盘
14:37:09	39.92	--	27	107784	卖盘
14:37:06	39.92	-0.01	1	3992	卖盘
14:37:03	39.93	--	40	159720	卖盘
14:37:00	39.93	-0.02	85	339405	卖盘
14:36:57	39.95	0.01	14	55930	买盘
14:36:54	39.94	-0.01	53	211682	中性盘
14:36:48	39.95	0.02	5	19975	买盘
14:36:42	39.93	--	2	7986	卖盘
14:36:39	39.93	-0.02	8	31944	卖盘
14:36:36	39.95	--	34	135830	卖盘
14:36:30	39.95	--	13	51935	卖盘
14:36:27	39.95	--	16	63920	卖盘
14:36:24	39.95	--	49	195755	卖盘
14:36:21	39.95	--	84	335580	卖盘
14:36:18	39.95	--	14	55930	卖盘
14:36:15	39.95	-0.01	181	723095	卖盘
14:36:12	39.96	0.01	108	431568	买盘
14:36:09	39.95	-0.01	59	235705	卖盘
14:36:06	39.96	--	8	31968	买盘
14:36:03	39.96	--	1	3996	买盘
14:36:00	39.96	--	9	35964	买盘
14:35:54	39.96	0.01	1	3996	买盘
14:35:51	39.95	-0.02	4	15980	卖盘
14:35:45	39.97	--	13	51961	买盘
14:35:39	39.97	--	3	11991	卖盘
14:35:36	39.97	--	248	991256	卖盘
14:35:27	39.97	--	5	19985	卖盘
14:35:24	39.97	--	16	64191	卖盘
14:35:21	39.97	--	2	7994	卖盘
14:35:18	39.97	--	9	35973	卖盘
14:35:15	39.97	-0.01	42	167874	卖盘
14:35:12	39.98	--	12	47975	买盘
14:35:09	39.98	0.01	5	19990	买盘
14:35:06	39.97	-0.01	13	51961	卖盘
14:35:03	39.98	--	3	11993	买盘
14:34:57	39.98	0.01	10	39980	买盘
14:34:54	39.97	-0.01	55	223592	卖盘
14:34:48	39.98	--	50	200139	买盘
14:34:45	39.98	--	2	7995	买盘
14:34:42	39.98	--	1	3997	买盘
14:34:39	39.98	--	33	135532	卖盘
14:34:36	39.98	--	19	75962	卖盘
14:34:33	39.98	--	10	39980	卖盘
14:34:30	39.98	--	22	87956	卖盘
14:34:27	39.98	--	6	23987	卖盘
14:34:24	39.98	--	33	132333	买盘
14:34:15	39.98	--	5	19990	买盘
14:34:09	39.98	-0.01	30	123538	卖盘
14:34:06	39.99	0.01	38	152361	买盘
14:33:57	39.98	-0.01	2	7995	卖盘
14:33:51	39.99	0.01	42	167958	买盘
14:33:45	39.98	-0.01	18	71964	卖盘
14:33:42	39.99	0.01	14	55986	买盘
14:33:39	39.98	--	9	35982	买盘
14:33:36	39.98	--	14	55971	买盘
14:33:33	39.98	0.02	2	7995	买盘
14:33:30	39.96	-0.03	26	103896	卖盘
14:33:21	39.99	--	15	59985	买盘
14:33:12	39.99	--	1	3999	买盘
14:33:09	39.99	-0.01	8	31992	卖盘
14:33:06	40.0	0.01	3	12000	买盘
14:33:03	39.99	-0.01	3	11997	卖盘
14:33:00	40.0	0.01	9	36000	买盘
14:32:51	39.99	--	5	19995	卖盘
14:32:48	39.99	0.03	10	39990	买盘
14:32:45	39.96	-0.03	10	39960	卖盘
14:32:42	39.99	--	7	27993	买盘
14:32:39	39.99	--	2	7998	买盘
14:32:36	39.99	0.04	4	15996	买盘
14:32:33	39.95	--	21	83895	卖盘
14:32:30	39.95	--	23	91885	卖盘
14:32:27	39.95	--	7	27965	卖盘
14:32:21	39.95	--	2	7990	买盘
14:32:18	39.95	--	5	19975	买盘
14:32:12	39.95	0.01	89	355555	买盘
14:32:09	39.94	-0.01	13	51922	卖盘
14:32:06	39.95	--	54	215730	买盘
14:32:03	39.95	--	11	43945	买盘
14:32:00	39.95	--	9	35955	买盘
14:31:57	39.95	0.01	7	27965	买盘
14:31:54	39.94	--	10	39940	卖盘
14:31:51	39.94	-0.01	2	7988	卖盘
14:31:48	39.95	--	11	43945	买盘
14:31:45	39.95	--	19	75905	买盘
14:31:42	39.95	--	10	39950	买盘
14:31:36	39.95	-0.03	1	3995	卖盘
14:31:30	39.98	-0.01	25	99949	中性盘
14:31:18	39.99	-0.04	2	7998	中性盘
14:31:12	40.03	0.02	155	620465	买盘
14:31:09	40.01	--	39	156039	买盘
14:31:06	40.01	-0.03	21	84021	卖盘
14:31:03	40.04	-0.01	19	76076	卖盘
14:31:00	40.05	0.01	69	276345	买盘
14:30:57	40.04	0.01	19	76076	买盘
14:30:51	40.03	0.02	1	4003	买盘
14:30:48	40.01	--	6	24006	卖盘
14:30:45	40.01	--	2	8002	卖盘
14:30:42	40.01	0.01	5	20005	中性盘
14:30:36	40.0	--	31	124000	买盘
14:30:33	40.0	--	12	48000	买盘
14:30:30	40.0	-0.04	72	288000	卖盘
14:30:27	40.04	0.04	1	4004	买盘
14:30:24	40.0	--	11	44000	卖盘
14:30:18	40.0	0.02	39	156000	买盘
14:30:15	39.98	-0.02	113	451773	卖盘
14:30:12	40.0	--	27	108000	买盘
14:30:09	40.0	0.02	8	32000	买盘
14:30:06	39.98	--	57	227885	卖盘
14:29:57	39.98	--	29	115941	卖盘
14:29:54	39.98	-0.02	32	127935	卖盘
14:29:51	40.0	0.02	102	408000	买盘
14:29:45	39.98	--	6	23987	卖盘
14:29:42	39.98	--	2	7995	卖盘
14:29:39	39.98	--	21	83958	买盘
14:29:33	39.98	0.03	3	11993	买盘
14:29:27	39.95	-0.01	55	219725	卖盘
14:29:24	39.96	--	4	15984	卖盘
14:29:18	39.96	0.01	9	35964	买盘
14:29:15	39.95	--	34	135830	卖盘
14:29:12	39.95	--	3	11985	卖盘
14:29:09	39.95	0.01	18	71910	买盘
14:29:06	39.94	--	14	55916	卖盘
14:29:03	39.94	--	6	23964	卖盘
14:29:00	39.94	0.02	81	323514	买盘
14:28:57	39.92	-0.02	15	59880	卖盘
14:28:54	39.94	--	13	51922	买盘
14:28:51	39.94	--	11	43934	买盘
14:28:48	39.94	0.01	10	39940	买盘
14:28:45	39.93	-0.01	5	19965	卖盘
14:28:42	39.94	--	32	127808	买盘
14:28:39	39.94	-0.02	16	63904	卖盘
14:28:36	39.96	0.01	6	23976	买盘
14:28:24	39.95	--	14	55930	卖盘
14:28:18	39.95	0.01	3	11985	买盘
14:28:15	39.94	-0.02	2	7988	卖盘
14:28:12	39.96	0.05	4	15984	买盘
14:28:06	39.91	-0.04	200	798199	卖盘
14:28:03	39.95	0.01	24	95880	中性盘
14:27:57	39.94	-0.01	73	291562	卖盘
14:27:54	39.95	--	17	67915	买盘
14:27:51	39.95	--	17	67915	买盘
14:27:48	39.95	0.01	42	167790	买盘
14:27:39	39.94	--	27	107838	卖盘
14:27:36	39.94	--	17	67898	卖盘
14:27:33	39.94	--	13	51922	买盘
14:27:30	39.94	--	8	31952	买盘
14:27:27	39.94	-0.01	3	11982	买盘
14:27:24	39.95	--	2	7990	买盘
14:27:21	39.95	--	33	131835	卖盘
14:27:15	39.95	--	13	51935	买盘
14:27:12	39.95	--	2	7990	买盘
14:27:06	39.95	0.02	10	39950	买盘
14:27:03	39.93	--	7	27951	买盘
14:27:00	39.93	0.02	22	87846	买盘
14:26:51	39.91	--	15	59864	卖盘
14:26:48	39.91	--	10	39910	卖盘
14:26:45	39.91	0.01	40	159640	买盘
14:26:42	39.9	-0.01	6	23940	卖盘
14:26:39	39.91	--	4	15963	买盘
14:26:36	39.91	--	10	39910	买盘
14:26:33	39.91	-0.05	149	594659	卖盘
14:26:30	39.96	-0.02	1	3996	卖盘
14:26:27	39.98	--	6	23987	买盘
14:26:24	39.98	--	2	7995	买盘
14:26:21	39.98	--	3	11993	买盘
14:26:15	39.98	-0.01	1	3997	中性盘
14:26:00	39.99	--	6	23994	买盘
14:25:54	39.99	--	4	15996	卖盘
14:25:42	39.99	0.09	1	3999	买盘
14:25:33	39.9	-0.09	400	1596000	卖盘
14:25:30	39.99	0.01	1	3999	买盘
14:25:24	39.98	0.03	5	19990	卖盘
14:25:21	39.95	-0.05	43	171785	卖盘
14:25:15	40.0	--	9	36000	买盘
14:25:12	40.0	--	4	16000	买盘
14:25:09	40.0	0.05	1	4000	买盘
14:25:06	39.95	-0.05	247	986765	卖盘
14:25:03	40.0	0.01	1	4000	买盘
14:24:54	39.99	-0.01	55	219945	卖盘
14:24:48	40.0	--	4	16000	买盘
14:24:42	40.0	-0.01	104	416000	卖盘
14:24:39	40.01	--	20	80020	卖盘
14:24:36	40.01	--	16	64016	买盘
14:24:33	40.01	--	18	72018	买盘
14:24:27	40.01	0.01	2	8002	买盘
14:24:24	40.0	--	1	4000	卖盘
14:24:21	40.0	--	2	8000	卖盘
14:24:15	40.0	-0.03	31	124000	卖盘
14:24:12	40.03	-0.03	2	8006	卖盘
14:24:09	40.06	0.01	21	84126	买盘
14:24:06	40.05	--	5	20025	卖盘
14:24:03	40.05	-0.01	18	72090	卖盘
14:24:00	40.06	--	1	4006	买盘
14:23:57	40.06	--	3	12018	买盘
14:23:54	40.06	--	11	44066	卖盘
14:23:51	40.06	--	2	8012	卖盘
14:23:45	40.06	-0.01	6	24036	卖盘
14:23:36	40.07	-0.03	14	56098	卖盘
14:23:33	40.1	0.03	4	16040	买盘
14:23:27	40.07	--	4	16028	卖盘
14:23:21	40.07	-0.03	5	20035	卖盘
14:23:18	40.1	-0.02	7	28070	卖盘
14:23:15	40.12	0.02	25	100300	买盘
14:23:12	40.1	--	1	4010	卖盘
14:23:09	40.1	--	1	4010	卖盘
14:23:03	40.1	--	8	32080	卖盘
14:23:00	40.1	-0.01	15	60150	卖盘
14:22:57	40.11	-0.01	2	8022	中性盘
14:22:45	40.12	--	43	172516	卖盘
14:22:42	40.12	0.01	19	76228	买盘
14:22:39	40.11	-0.01	1	4011	卖盘
14:22:33	40.12	0.01	26	104312	买盘
14:22:30	40.11	-0.01	12	48132	卖盘
14:22:27	40.12	--	8	32095	买盘
14:22:21	40.12	--	10	40120	买盘
14:22:12	40.12	0.01	5	20060	买盘
14:22:06	40.11	-0.01	5	20055	卖盘
14:22:00	40.12	0.01	4	16047	买盘
14:21:57	40.11	--	8	32088	卖盘
14:21:54	40.11	--	16	64176	卖盘
14:21:51	40.11	--	12	48132	卖盘
14:21:45	40.11	--	1	4011	卖盘
14:21:36	40.11	-0.04	24	96264	卖盘
14:21:33	40.15	0.04	2	8030	买盘
14:21:27	40.11	-0.04	3	12033	卖盘
14:21:24	40.15	--	2	8030	买盘
14:21:21	40.15	0.02	2	8030	买盘
14:21:18	40.13	-0.02	24	96312	卖盘
14:21:15	40.15	-0.01	7	28105	卖盘
14:21:12	40.16	--	4	16063	卖盘
14:21:09	40.16	--	4	16063	买盘
14:21:06	40.16	0.01	7	28111	买盘
14:21:03	40.15	--	2	8030	买盘
14:21:00	40.15	--	1	4015	买盘
14:20:57	40.15	0.02	21	84315	买盘
14:20:54	40.13	--	10	40130	卖盘
14:20:51	40.13	-0.02	23	92299	卖盘
14:20:48	40.15	--	5	20075	买盘
14:20:45	40.15	--	6	24090	买盘
14:20:42	40.15	0.02	10	40150	卖盘
14:20:36	40.13	-0.05	1	4013	卖盘
14:20:33	40.18	0.05	13	52234	买盘
14:20:30	40.13	--	2	8026	卖盘
14:20:27	40.13	-0.06	1	4013	中性盘
14:20:24	40.19	0.06	11	44209	买盘
14:20:21	40.13	0.02	9	36117	买盘
14:20:18	40.11	--	28	112308	买盘
14:20:15	40.11	-0.06	5	20055	卖盘
14:20:12	40.17	0.04	91	365547	买盘
14:20:09	40.13	--	12	48156	买盘
14:20:06	40.13	--	31	124403	卖盘
14:20:03	40.13	0.02	37	148481	卖盘
14:19:57	40.11	-0.02	342	1371762	卖盘
14:19:54	40.13	--	40	160520	卖盘
14:19:51	40.13	--	12	48156	卖盘
14:19:48	40.13	-0.02	17	68221	卖盘
14:19:42	40.15	0.02	44	176660	买盘
14:19:39	40.13	--	25	100325	卖盘
14:19:36	40.13	--	16	64208	买盘
14:19:33	40.13	0.01	11	44143	买盘
14:19:27	40.12	--	28	112336	卖盘
14:19:24	40.12	--	20	80240	买盘
14:19:21	40.12	0.02	15	60179	买盘
14:19:18	40.1	-0.01	10	40100	卖盘
14:19:12	40.11	--	3	12033	买盘
14:19:06	40.11	--	2	8022	买盘
14:19:03	40.11	--	10	40110	买盘
14:19:00	40.11	0.01	1	4011	买盘
14:18:57	40.1	--	6	24060	卖盘
14:18:51	40.1	--	57	228570	买盘
14:18:48	40.1	--	24	96240	买盘
14:18:45	40.1	0.01	14	56140	买盘
14:18:42	40.09	-0.01	1	4009	卖盘
14:18:36	40.1	--	15	60150	买盘
14:18:33	40.1	0.01	29	116290	买盘
14:18:30	40.09	-0.01	4	16036	卖盘
14:18:27	40.1	0.03	9	36090	买盘
14:18:24	40.07	-0.01	20	80140	卖盘
14:18:21	40.08	-0.02	64	256512	卖盘
14:18:12	40.1	0.01	254	1018540	买盘
14:18:09	40.09	0.02	14	56126	买盘
14:18:06	40.07	-0.01	2	8014	卖盘
14:18:03	40.08	0.02	65	260520	买盘
14:18:00	40.06	-0.01	5	20030	卖盘
14:17:57	40.07	--	15	60105	买盘
14:17:51	40.07	0.01	3	12021	买盘
14:17:48	40.06	-0.01	9	36054	卖盘
14:17:45	40.07	--	1	4007	买盘
14:17:42	40.07	0.01	4	16028	买盘
14:17:39	40.06	--	35	140210	卖盘
14:17:36	40.06	-0.01	17	68102	卖盘
14:17:33	40.07	--	1	4007	买盘
14:17:30	40.07	--	11	44077	买盘
14:17:27	40.07	0.01	5	20035	买盘
14:17:24	40.06	0.01	13	52078	中性盘
14:17:09	40.05	-0.02	2	8009	卖盘
14:17:06	40.07	0.01	5	20035	买盘
14:17:03	40.06	--	2	8012	买盘
14:17:00	40.06	0.01	5	20030	买盘
14:16:57	40.05	--	10	40050	卖盘
14:16:54	40.05	--	8	32039	买盘
14:16:51	40.05	--	26	104129	买盘
14:16:45	40.05	0.01	2	8009	买盘
14:16:42	40.04	-0.01	3	12012	卖盘
14:16:39	40.05	0.02	20	80100	买盘
14:16:36	40.03	-0.01	5	20015	卖盘
14:16:33	40.04	0.01	13	52052	买盘
14:16:27	40.03	0.01	14	56042	买盘
14:16:24	40.02	--	29	116058	买盘
14:16:21	40.02	0.02	51	204102	买盘
14:16:18	40.0	-0.02	2	8000	卖盘
14:16:15	40.02	0.01	95	380190	买盘
14:16:12	40.01	0.01	13	52013	中性盘
14:16:09	40.0	-0.02	10	40000	卖盘
14:16:03	40.02	0.02	500	2001000	买盘
14:16:00	40.0	--	4	16000	卖盘
14:15:57	40.0	--	78	312000	买盘
14:15:42	40.0	--	6	24000	买盘
14:15:39	40.0	--	1	4000	买盘
14:15:33	40.0	0.01	3	12000	买盘
14:15:27	39.99	-0.01	9	35991	卖盘
14:15:21	40.0	--	3	12000	买盘
14:15:18	40.0	--	3	12000	买盘
14:15:15	40.0	--	20	80000	卖盘
14:14:54	40.0	--	43	172000	卖盘
14:14:51	40.0	--	54	216000	买盘
14:14:48	40.0	0.01	1	4000	买盘
14:14:45	39.99	-0.01	5	19995	卖盘
14:14:42	40.0	--	8	32000	买盘
14:14:39	40.0	--	2	8000	买盘
14:14:36	40.0	--	10	40000	卖盘
14:14:33	40.0	--	7	28000	卖盘
14:14:27	40.0	0.01	8	32000	买盘
14:14:24	39.99	-0.01	2	7998	卖盘
14:14:21	40.0	0.01	10	40000	买盘
14:14:18	39.99	-0.01	10	39990	卖盘
14:14:15	40.0	--	5	20000	买盘
14:14:12	40.0	--	82	328000	买盘
14:14:06	40.0	--	7	28000	买盘
14:13:57	40.0	0.01	13	52000	买盘
14:13:48	39.99	--	11	43989	买盘
14:13:45	39.99	--	16	63984	买盘
14:13:42	39.99	--	3	11997	买盘
14:13:39	39.99	--	1	3999	买盘
14:13:33	39.99	--	1	3999	买盘
14:13:30	39.99	-0.01	9	35991	卖盘
14:13:21	40.0	0.01	11	44000	买盘
14:13:15	39.99	-0.01	7	27993	卖盘
14:13:12	40.0	--	20	80000	买盘
14:13:09	40.0	--	2	8000	买盘
14:13:00	40.0	0.02	10	40000	买盘
14:12:57	39.98	--	2	7995	卖盘
14:12:51	39.98	-0.02	2	7995	卖盘
14:12:48	40.0	0.02	50	200000	买盘
14:12:39	39.98	-0.01	48	191903	卖盘
14:12:33	39.99	-0.01	9	35991	卖盘
14:12:30	40.0	0.01	4	16000	买盘
14:12:24	39.99	-0.01	2	7998	卖盘
14:12:15	40.0	--	1	4000	买盘
14:12:12	40.0	--	1	4000	买盘
14:12:06	40.0	0.01	34	136000	买盘
14:12:03	39.99	-0.01	9	35991	卖盘
14:12:00	40.0	0.01	7	28000	买盘
14:11:51	39.99	-0.01	1	3999	卖盘
14:11:48	40.0	--	8	32000	买盘
14:11:45	40.0	0.01	3	12000	买盘
14:11:27	39.99	--	6	23994	卖盘
14:11:24	39.99	--	2	7998	卖盘
14:11:12	39.99	0.01	4	15996	卖盘
14:11:06	39.98	-0.01	20	79960	卖盘
14:11:03	39.99	--	8	31992	买盘
14:10:57	39.99	0.01	4	15996	买盘
14:10:54	39.98	-0.01	14	55971	卖盘
14:10:42	39.99	--	3	11997	买盘
14:10:36	39.99	-0.01	146	583854	卖盘
14:10:33	40.0	--	1	4000	买盘
14:10:27	40.0	--	39	156000	买盘
14:10:21	40.0	--	1	4000	买盘
14:10:18	40.0	0.01	1	4000	买盘
14:10:15	39.99	--	32	127968	卖盘
14:10:03	39.99	-0.01	31	123969	卖盘
14:10:00	40.0	--	19	76000	买盘
14:09:57	40.0	--	5	20000	买盘
14:09:54	40.0	0.01	5	20000	买盘
14:09:51	39.99	-0.01	3	11997	卖盘
14:09:48	40.0	--	1	4000	买盘
14:09:45	40.0	--	50	200000	买盘
14:09:42	40.0	--	6	24000	买盘
14:09:39	40.0	--	1	4000	买盘
14:09:36	40.0	--	1	4000	买盘
14:09:30	40.0	--	8	32000	买盘
14:09:27	40.0	0.01	25	100000	买盘
14:09:21	39.99	-0.01	3	11997	卖盘
14:09:15	40.0	--	2	8000	买盘
14:09:12	40.0	-0.01	37	148000	卖盘
14:09:09	40.01	0.01	1	4001	买盘
14:09:06	40.0	-0.01	6	24000	中性盘
14:09:03	40.01	--	40	160040	买盘
14:09:00	40.01	0.01	16	64016	买盘
14:08:57	40.0	--	10	40000	卖盘
14:08:54	40.0	-0.01	1	4000	卖盘
14:08:51	40.01	--	15	60015	买盘
14:08:48	40.01	--	5	20005	买盘
14:08:39	40.01	0.01	24	96024	买盘
14:08:27	40.0	--	13	52000	卖盘
14:08:24	40.0	--	42	168000	卖盘
14:08:21	40.0	--	2	8000	卖盘
14:08:15	40.0	--	12	48000	买盘
14:08:12	40.0	--	8	32000	买盘
14:08:09	40.0	--	35	140000	买盘
14:08:03	40.0	0.02	4	16000	买盘
14:08:00	39.98	-0.01	20	79960	卖盘
14:07:54	39.99	--	41	163959	买盘
14:07:51	39.99	0.01	5	19995	买盘
14:07:45	39.98	-0.01	2	7995	卖盘
14:07:36	39.99	-0.01	43	171957	卖盘
14:07:33	40.0	--	1	4000	买盘
14:07:30	40.0	--	44	176000	买盘
14:07:24	40.0	--	3	12000	中性盘
14:07:15	40.0	--	32	128000	卖盘
14:07:12	40.0	--	10	40000	卖盘
14:07:09	40.0	--	3	12000	卖盘
14:07:03	40.0	--	5	20000	卖盘
14:07:00	40.0	--	8	32000	卖盘
14:06:48	40.0	--	13	52000	卖盘
14:06:45	40.0	--	23	92000	买盘
14:06:42	40.0	-0.01	12	48000	卖盘
14:06:39	40.01	0.01	2	8002	买盘
14:06:36	40.0	--	1	4000	卖盘
14:06:30	40.0	--	5	20000	卖盘
14:06:27	40.0	0.01	36	144000	买盘
14:06:24	39.99	--	18	71982	卖盘
14:06:21	39.99	-0.01	10	39990	卖盘
14:06:12	40.0	0.01	2	8000	买盘
14:06:09	39.99	-0.01	1	3999	卖盘
14:06:06	40.0	--	3	12000	买盘
14:06:03	40.0	--	11	44000	卖盘
14:06:00	40.0	--	11	44000	卖盘
14:05:57	40.0	--	4	16000	卖盘
14:05:54	40.0	-0.01	10	40000	卖盘
14:05:48	40.01	--	1	4001	卖盘
14:05:45	40.01	0.01	14	56014	买盘
14:05:39	40.0	--	2	8000	卖盘
14:05:36	40.0	-0.02	19	76000	卖盘
14:05:33	40.02	--	2	8004	买盘
14:05:27	40.02	0.02	8	32016	买盘
14:05:24	40.0	-0.02	200	800000	卖盘
14:05:18	40.02	--	1	4002	买盘
14:05:12	40.02	-0.01	9	36018	卖盘
14:05:06	40.03	0.01	9	36027	买盘
14:05:03	40.02	--	5	20010	卖盘
14:05:00	40.02	--	26	104052	卖盘
14:04:57	40.02	-0.01	24	96048	卖盘
14:04:54	40.03	0.01	9	36027	买盘
14:04:51	40.02	-0.01	5	20010	卖盘
14:04:39	40.03	--	4	16012	中性盘
14:04:36	40.03	--	5	20015	买盘
14:04:30	40.03	--	2	8006	买盘
14:04:21	40.03	--	11	44033	卖盘
14:04:12	40.03	-0.01	3	12009	买盘
14:04:09	40.04	--	17	68068	卖盘
14:04:06	40.04	--	10	40040	卖盘
14:04:03	40.04	--	10	40040	卖盘
14:04:00	40.04	0.02	7	28028	买盘
14:03:48	40.02	-0.01	20	80040	卖盘
14:03:39	40.03	--	11	44033	买盘
14:03:36	40.03	0.01	2	8006	买盘
14:03:33	40.02	-0.01	2	8004	卖盘
14:03:30	40.03	0.01	29	116087	买盘
14:03:24	40.02	-0.01	10	40020	卖盘
14:03:21	40.03	--	4	16012	买盘
14:03:18	40.03	0.01	16	64048	买盘
14:03:15	40.02	--	20	80040	卖盘
14:03:12	40.02	--	2	8004	卖盘
14:03:09	40.02	--	20	80040	卖盘
14:03:06	40.02	--	2	8004	卖盘
14:03:03	40.02	--	83	332166	买盘
14:02:54	40.02	-0.01	10	40020	卖盘
14:02:51	40.03	--	9	36027	卖盘
14:02:48	40.03	--	64	256192	卖盘
14:02:42	40.03	--	5	20015	卖盘
14:02:39	40.03	--	7	28021	卖盘
14:02:36	40.03	0.02	15	60045	中性盘
14:02:33	40.01	-0.01	9	36009	卖盘
14:02:30	40.02	--	2	8004	买盘
14:02:27	40.02	0.01	5	20010	买盘
14:02:21	40.01	-0.04	97	388097	卖盘
14:02:12	40.05	--	9	36045	买盘
14:02:09	40.05	0.03	45	180225	买盘
14:02:06	40.02	--	9	36018	卖盘
14:02:03	40.02	-0.03	1	4002	卖盘
14:02:00	40.05	0.03	4	16019	买盘
14:01:51	40.02	-0.01	5	20010	卖盘
14:01:48	40.03	--	3	12009	卖盘
14:01:45	40.03	-0.02	31	124093	卖盘
14:01:39	40.05	--	62	248309	买盘
14:01:36	40.05	--	12	48060	买盘
14:01:33	40.05	--	2	8009	买盘
14:01:27	40.05	--	2	8009	买盘
14:01:21	40.05	-0.01	13	52064	卖盘
14:01:18	40.06	0.01	2	8012	买盘
14:01:12	40.05	--	1	4004	卖盘
14:01:09	40.05	--	2	8009	卖盘
14:01:06	40.05	--	11	44055	卖盘
14:01:03	40.05	-0.01	45	180225	卖盘
14:01:00	40.06	--	4	16024	买盘
14:00:57	40.06	0.01	1	4006	买盘
14:00:51	40.05	--	15	60074	卖盘
14:00:42	40.05	-0.01	10	40050	卖盘
14:00:36	40.06	0.01	1	4006	买盘
14:00:33	40.05	-0.01	20	80100	卖盘
14:00:24	40.06	--	19	76114	买盘
14:00:21	40.06	-0.02	13	52078	卖盘
14:00:18	40.08	--	1	4008	买盘
14:00:15	40.08	--	1	4008	买盘
14:00:12	40.08	0.02	52	208416	买盘
14:00:06	40.06	--	1	4006	卖盘
14:00:03	40.06	-0.02	10	40060	卖盘
13:59:57	40.08	0.02	58	232464	买盘
13:59:54	40.06	--	1	4006	卖盘
13:59:51	40.06	--	1	4006	卖盘
13:59:48	40.06	--	10	40060	卖盘
13:59:45	40.06	--	1	4006	卖盘
13:59:42	40.06	--	5	20030	卖盘
13:59:39	40.06	-0.02	1	4006	卖盘
13:59:36	40.08	0.02	2	8016	买盘
13:59:33	40.06	--	15	60090	卖盘
13:59:30	40.06	-0.03	7	28042	卖盘
13:59:15	40.09	--	3	12027	买盘
13:59:12	40.09	--	5	20045	买盘
13:58:57	40.09	--	35	140315	卖盘
13:58:54	40.09	--	11	44099	卖盘
13:58:45	40.09	--	5	20045	卖盘
13:58:42	40.09	--	15	60135	卖盘
13:58:39	40.09	--	15	60135	卖盘
13:58:36	40.09	-0.01	34	136306	卖盘
13:58:33	40.1	0.01	2	8020	买盘
13:58:27	40.09	-0.01	6	24054	卖盘
13:58:24	40.1	0.01	21	84210	买盘
13:58:18	40.09	--	3	12027	卖盘
13:58:12	40.09	-0.01	40	160360	卖盘
13:58:09	40.1	0.01	7	28070	买盘
13:58:06	40.09	--	78	312702	卖盘
13:58:03	40.09	-0.01	6	24054	卖盘
13:58:00	40.1	--	10	40100	买盘
13:57:57	40.1	0.01	18	72180	买盘
13:57:51	40.09	--	10	40090	卖盘
13:57:48	40.09	0.04	35	140315	中性盘
13:57:39	40.05	-0.04	73	292365	卖盘
13:57:33	40.09	--	1	4009	买盘
13:57:27	40.09	0.04	3	12027	买盘
13:57:24	40.05	-0.04	1	4004	卖盘
13:57:21	40.09	0.04	1	4009	买盘
13:57:18	40.05	0.03	3	12015	中性盘
13:57:06	40.02	-0.08	10	40020	卖盘
13:57:00	40.1	0.03	50	200500	买盘
13:56:51	40.07	--	11	44077	买盘
13:56:48	40.07	--	10	40070	卖盘
13:56:45	40.07	-0.01	15	60105	卖盘
13:56:42	40.08	-0.02	1	4008	中性盘
13:56:39	40.1	0.03	12	48120	买盘
13:56:36	40.07	-0.03	5	20035	中性盘
13:56:33	40.1	--	31	124310	买盘
13:56:21	40.1	--	2	8020	买盘
13:56:06	40.1	0.03	5	20050	买盘
13:56:03	40.07	-0.03	18	72126	卖盘
13:56:00	40.1	-0.02	2	8020	买盘
13:55:57	40.12	0.02	26	104312	买盘
13:55:54	40.1	--	52	208520	卖盘
13:55:48	40.1	--	2	8020	卖盘
13:55:45	40.1	-0.02	1	4010	卖盘
13:55:39	40.12	0.02	3	12036	卖盘
13:55:27	40.1	--	34	136340	卖盘
13:55:24	40.1	--	24	96240	卖盘
13:55:21	40.1	--	5	20050	卖盘
13:55:18	40.1	--	41	164410	卖盘
13:55:15	40.1	--	100	401000	卖盘
13:55:09	40.1	--	14	56140	卖盘
13:55:06	40.1	--	2	8020	卖盘
13:55:03	40.1	--	30	120300	卖盘
13:54:54	40.1	--	22	88220	卖盘
13:54:45	40.1	--	18	72180	卖盘
13:54:42	40.1	-0.05	10	40100	卖盘
13:54:33	40.15	0.05	2	8030	买盘
13:54:30	40.1	--	12	48120	买盘
13:54:18	40.1	-0.06	10	40100	卖盘
13:54:12	40.16	0.04	14	56223	买盘
13:54:09	40.12	--	2	8023	买盘
13:54:06	40.12	-0.04	15	60179	卖盘
13:54:00	40.16	-0.01	1	4015	中性盘
13:53:51	40.17	0.01	31	124527	买盘
13:53:48	40.16	--	6	24095	卖盘
13:53:45	40.16	-0.02	9	36144	卖盘
13:53:42	40.18	0.02	5	20090	买盘
13:53:39	40.16	-0.02	5	20080	中性盘
13:53:36	40.18	0.01	119	478142	买盘
13:53:33	40.17	0.02	1	4017	卖盘
13:53:30	40.15	-0.03	1	4015	中性盘
13:53:24	40.18	--	56	225008	买盘
13:53:21	40.18	0.02	117	470106	买盘
13:53:18	40.16	0.02	20	80320	买盘
13:53:15	40.14	-0.02	121	485694	中性盘
13:53:09	40.16	0.02	13	52207	买盘
13:53:06	40.14	-0.01	16	64224	卖盘
13:53:03	40.15	0.01	14	56210	买盘
13:53:00	40.14	-0.02	4	16056	卖盘
13:52:48	40.16	0.03	5	20080	买盘
13:52:42	40.13	--	1	4013	卖盘
13:52:39	40.13	-0.02	27	108351	卖盘
13:52:36	40.15	0.02	53	212795	买盘
13:52:33	40.13	--	21	84273	卖盘
13:52:30	40.13	-0.01	10	40130	卖盘
13:52:27	40.14	0.01	12	48168	买盘
13:52:24	40.13	0.02	1	4013	买盘
13:52:21	40.11	-0.02	1	4011	卖盘
13:52:18	40.13	0.01	9	36117	买盘
13:52:09	40.12	0.01	29	116347	买盘
13:52:06	40.11	0.01	34	136374	买盘
13:51:57	40.1	--	20	80200	买盘
13:51:51	40.1	0.01	18	72180	买盘
13:51:48	40.09	0.03	13	52117	买盘
13:51:42	40.06	0.01	5	20030	买盘
13:51:36	40.05	0.04	9	36045	买盘
13:51:15	40.01	-0.04	26	104026	卖盘
13:51:09	40.05	0.05	3	12015	买盘
13:51:06	40.0	-0.01	15	60000	卖盘
13:51:03	40.01	--	2	8002	买盘
13:50:57	40.01	0.01	59	236059	买盘
13:50:54	40.0	0.02	3	12000	买盘
13:50:48	39.98	--	45	179910	卖盘
13:50:45	39.98	-0.02	2	7995	卖盘
13:50:42	40.0	0.02	7	28000	买盘
13:50:39	39.98	--	5	19990	卖盘
13:50:36	39.98	--	19	75962	买盘
13:50:33	39.98	--	3	11993	买盘
13:50:30	39.98	0.01	3	11993	买盘
13:50:18	39.97	0.01	4	15988	买盘
13:50:15	39.96	--	70	283396	买盘
13:50:09	39.96	--	2	7992	买盘
13:50:06	39.96	0.01	33	131868	买盘
13:50:00	39.95	--	14	55930	买盘
13:49:57	39.95	-0.01	6	23970	买盘
13:49:51	39.96	--	24	96223	卖盘
13:49:42	39.96	--	13	55624	买盘
13:49:39	39.96	--	1	3996	买盘
13:49:36	39.96	--	137	547452	买盘
13:49:33	39.96	--	17	68251	买盘
13:49:30	39.96	0.01	5	19980	买盘
13:49:27	39.95	--	21	87570	卖盘
13:49:24	39.95	0.01	19	75905	买盘
13:49:21	39.94	--	22	87868	买盘
13:49:18	39.94	--	1	3994	买盘
13:49:15	39.94	0.01	38	151772	买盘
13:49:12	39.93	0.01	25	99825	买盘
13:49:09	39.92	-0.01	7	27944	卖盘
13:49:06	39.93	--	5	19965	买盘
13:49:03	39.93	--	2	7986	买盘
13:49:00	39.93	--	27	107811	卖盘
13:48:57	39.93	--	1	3993	卖盘
13:48:54	39.93	--	3	11979	卖盘
13:48:51	39.93	--	20	79860	卖盘
13:48:48	39.93	0.01	23	91839	买盘
13:48:45	39.92	--	2	7984	买盘
13:48:42	39.92	-0.01	2	7984	中性盘
13:48:39	39.93	--	169	674817	买盘
13:48:36	39.93	--	2	7986	买盘
13:48:33	39.93	--	22	87846	卖盘
13:48:30	39.93	-0.01	10	39930	卖盘
13:48:24	39.94	--	25	99850	卖盘
13:48:21	39.94	-0.01	4	15976	卖盘
13:48:15	39.95	--	8	31960	买盘
13:48:09	39.95	--	15	59925	卖盘
13:48:06	39.95	--	9	35955	卖盘
13:48:03	39.95	-0.01	4	15980	卖盘
13:48:00	39.96	--	1	3996	买盘
13:47:57	39.96	--	3	11988	买盘
13:47:54	39.96	--	74	295704	卖盘
13:47:51	39.96	-0.01	2	7992	卖盘
13:47:48	39.97	-0.01	7	27979	卖盘
13:47:45	39.98	0.01	10	39980	买盘
13:47:42	39.97	-0.01	5	19985	卖盘
13:47:39	39.98	--	4	15991	卖盘
13:47:36	39.98	--	18	71964	买盘
13:47:30	39.98	-0.01	18	71964	卖盘
13:47:24	39.99	-0.01	10	39990	买盘
13:47:21	40.0	--	16	64000	买盘
13:47:12	40.0	-0.01	27	109640	卖盘
13:47:09	40.01	0.01	12	48012	买盘
13:47:06	40.0	--	86	344000	卖盘
13:47:03	40.0	--	85	340000	卖盘
13:47:00	40.0	--	16	64040	卖盘
13:46:57	40.0	--	6	24000	卖盘
13:46:54	40.0	--	5	20000	卖盘
13:46:48	40.0	--	48	192000	卖盘
13:46:45	40.0	--	87	348000	卖盘
13:46:42	40.0	-0.02	4	16000	卖盘
13:46:39	40.02	0.01	29	116058	买盘
13:46:36	40.01	--	28	112028	卖盘
13:46:33	40.01	--	5	20005	卖盘
13:46:30	40.01	-0.01	25	100025	卖盘
13:46:24	40.02	-0.02	21	84042	中性盘
13:46:21	40.04	-0.01	1	4004	卖盘
13:46:18	40.05	--	4	16019	买盘
13:46:15	40.05	0.05	9	36045	买盘
13:46:12	40.0	-0.05	328	1313760	卖盘
13:46:09	40.05	-0.01	57	228845	卖盘
13:46:03	40.06	0.01	36	144216	买盘
13:46:00	40.05	--	2	8009	卖盘
13:45:57	40.05	--	3	12015	卖盘
13:45:54	40.05	-0.01	14	56069	卖盘
13:45:51	40.06	-0.02	26	104156	卖盘
13:45:45	40.08	--	4	16032	买盘
13:45:42	40.08	-0.02	169	679596	卖盘
13:45:39	40.1	--	3	12030	卖盘
13:45:36	40.1	-0.01	23	92230	卖盘
13:45:33	40.11	0.01	1	4011	买盘
13:45:30	40.1	--	77	308770	买盘
13:45:27	40.1	--	12	48120	买盘
13:45:24	40.1	--	5	20050	买盘
13:45:15	40.1	-0.01	41	164410	卖盘
13:45:09	40.11	--	9	36099	买盘
13:45:06	40.11	--	28	112308	卖盘
13:45:03	40.11	--	5	20055	卖盘
13:45:00	40.11	-0.01	28	112308	卖盘
13:44:57	40.12	--	16	64191	买盘
13:44:54	40.12	--	4	16047	买盘
13:44:51	40.12	--	1	4011	买盘
13:44:48	40.12	--	30	120359	买盘
13:44:42	40.12	--	3	12036	买盘
13:44:39	40.12	0.03	15	60179	买盘
13:44:30	40.09	-0.01	30	120270	卖盘
13:44:24	40.1	--	7	28070	卖盘
13:44:21	40.1	--	8	33844	买盘
13:44:18	40.1	--	25	100250	买盘
13:44:15	40.1	--	3	12030	买盘
13:44:12	40.1	--	16	64160	买盘
13:44:09	40.1	0.01	3	12030	买盘
13:44:06	40.09	--	2	8018	卖盘
13:44:03	40.09	--	5	20045	卖盘
13:44:00	40.09	--	5	20045	卖盘
13:43:57	40.09	--	2	8018	买盘
13:43:54	40.09	--	2	8018	买盘
13:43:51	40.09	0.01	3	12027	买盘
13:43:48	40.08	--	8	35110	买盘
13:43:45	40.08	--	5	20040	买盘
13:43:42	40.08	--	5	20040	买盘
13:43:39	40.08	--	1	4008	买盘
13:43:36	40.08	--	63	253465	卖盘
13:43:27	40.08	--	0	3046	卖盘
13:43:24	40.08	0.02	12	48096	买盘
13:43:18	40.06	--	7	28042	卖盘
13:43:12	40.06	--	12	48072	买盘
13:43:09	40.06	--	158	632948	买盘
13:43:06	40.06	0.02	22	88132	买盘
13:43:03	40.04	-0.02	5	20020	卖盘
13:42:57	40.06	--	3	12018	买盘
13:42:54	40.06	0.01	55	220330	买盘
13:42:48	40.05	-0.01	10	40050	卖盘
13:42:45	40.06	--	6	24036	买盘
13:42:42	40.06	--	15	60090	买盘
13:42:36	40.06	--	1	4006	买盘
13:42:30	40.06	--	4	16024	买盘
13:42:27	40.06	0.01	6	24036	买盘
13:42:24	40.05	-0.01	1	4004	卖盘
13:42:18	40.06	--	9	36054	买盘
13:42:12	40.06	0.01	4	16024	买盘
13:42:09	40.05	-0.01	1	4004	买盘
13:42:06	40.06	0.02	10	40060	买盘
13:42:03	40.04	-0.01	22	88088	卖盘
13:42:00	40.05	--	23	92115	买盘
13:41:57	40.05	--	5	20025	买盘
13:41:51	40.05	-0.01	9	37366	卖盘
13:41:48	40.06	0.01	8	32048	买盘
13:41:45	40.05	-0.01	89	356445	卖盘
13:41:42	40.06	--	2	8012	买盘
13:41:39	40.06	0.01	1	4006	买盘
13:41:36	40.05	-0.01	6	24030	卖盘
13:41:33	40.06	--	10	40060	买盘
13:41:27	40.06	-0.03	125	500750	卖盘
13:41:24	40.09	0.03	10	40090	买盘
13:41:15	40.06	-0.02	2	8012	卖盘
13:41:03	40.08	0.02	63	252504	中性盘
13:40:57	40.06	-0.02	100	400600	卖盘
13:40:54	40.08	0.01	5	20040	买盘
13:40:51	40.07	-0.01	25	100175	卖盘
13:40:48	40.08	--	2	8016	买盘
13:40:45	40.08	0.01	7	28056	买盘
13:40:42	40.07	--	8	32056	卖盘
13:40:39	40.07	0.01	17	68119	买盘
13:40:36	40.06	--	64	256384	卖盘
13:40:33	40.06	--	3	12018	卖盘
13:40:27	40.06	--	22	88132	卖盘
13:40:21	40.06	--	130	520780	买盘
13:40:15	40.06	--	12	48072	买盘
13:40:12	40.06	0.01	10	40060	买盘
13:40:06	40.05	-0.01	53	212264	卖盘
13:40:03	40.06	--	20	80120	买盘
13:40:00	40.06	--	10	40060	买盘
13:39:57	40.06	--	5	20030	卖盘
13:39:51	40.06	--	10	40060	卖盘
13:39:48	40.06	0.01	9	36054	买盘
13:39:45	40.05	--	10	40050	卖盘
13:39:39	40.05	--	1	4004	卖盘
13:39:33	40.05	--	38	154873	买盘
13:39:27	40.05	--	10	40050	买盘
13:39:24	40.05	--	10	40050	买盘
13:39:18	40.05	--	2	8009	买盘
13:39:15	40.05	--	4	16019	买盘
13:39:12	40.05	--	26	104129	卖盘
13:39:06	40.05	-0.01	101	404505	卖盘
13:39:03	40.06	0.01	2	8012	中性盘
13:39:00	40.05	-0.01	26	104129	卖盘
13:38:54	40.06	--	4	16024	买盘
13:38:51	40.06	--	5	20030	买盘
13:38:45	40.06	-0.02	176	705056	卖盘
13:38:42	40.08	--	30	120240	卖盘
13:38:39	40.08	--	39	156312	卖盘
13:38:36	40.08	-0.01	1	4008	中性盘
13:38:27	40.09	0.02	15	60135	买盘
13:38:24	40.07	--	5	20035	卖盘
13:38:21	40.07	-0.01	19	76133	卖盘
13:38:18	40.08	--	23	92184	买盘
13:38:12	40.08	--	85	340680	卖盘
13:38:09	40.08	--	7	28056	卖盘
13:38:06	40.08	--	5	20040	卖盘
13:38:03	40.08	--	1	4008	卖盘
13:38:00	40.08	--	36	144288	卖盘
13:37:57	40.08	--	12	48096	卖盘
13:37:54	40.08	--	9	36072	卖盘
13:37:48	40.08	--	28	112224	卖盘
13:37:45	40.08	0.01	55	220440	买盘
13:37:42	40.07	--	47	188329	卖盘
13:37:39	40.07	--	28	112196	卖盘
13:37:36	40.07	0.01	11	44077	中性盘
13:37:30	40.06	-0.02	2	8012	卖盘
13:37:27	40.08	--	20	80160	买盘
13:37:21	40.08	0.02	80	320640	买盘
13:37:18	40.06	-0.02	20	80120	卖盘
13:37:15	40.08	--	6	24048	卖盘
13:37:12	40.08	-0.01	59	236472	卖盘
13:37:09	40.09	0.01	1	4009	买盘
13:37:06	40.08	-0.01	3	12024	卖盘
13:37:03	40.09	--	30	120270	买盘
13:37:00	40.09	--	10	40090	卖盘
13:36:57	40.09	-0.01	2	8018	卖盘
13:36:54	40.1	0.01	2	8020	买盘
13:36:51	40.09	--	1	4009	卖盘
13:36:48	40.09	-0.01	13	52117	卖盘
13:36:42	40.1	--	6	24060	买盘
13:36:36	40.1	--	3	12030	买盘
13:36:33	40.1	-0.01	27	110515	卖盘
13:36:30	40.11	--	50	200550	买盘
13:36:27	40.11	0.01	2	8022	买盘
13:36:21	40.1	--	35	142836	卖盘
13:36:18	40.1	-0.01	4	16040	卖盘
13:36:15	40.11	--	25	100275	买盘
13:36:06	40.11	--	2	8022	买盘
13:36:00	40.11	--	20	80220	买盘
13:35:57	40.11	0.01	15	60165	买盘
13:35:54	40.1	-0.01	1	4010	卖盘
13:35:48	40.11	0.01	8	32088	买盘
13:35:45	40.1	-0.01	2	8020	卖盘
13:35:39	40.11	0.01	11	44121	买盘
13:35:36	40.1	--	4	16040	卖盘
13:35:33	40.1	--	26	104260	卖盘
13:35:30	40.1	--	3	12030	卖盘
13:35:27	40.1	--	18	72180	卖盘
13:35:24	40.1	--	41	164410	卖盘
13:35:18	40.1	--	13	52130	卖盘
13:35:15	40.1	--	6	24060	卖盘
13:35:09	40.1	-0.01	14	56140	卖盘
13:35:06	40.11	--	14	56154	卖盘
13:35:03	40.11	-0.01	101	405111	卖盘
13:35:00	40.12	--	2	8023	买盘
13:34:57	40.12	--	10	40120	买盘
13:34:54	40.12	--	4	16047	买盘
13:34:51	40.12	--	3	15486	卖盘
13:34:48	40.12	--	26	104873	买盘
13:34:42	40.12	--	17	71654	卖盘
13:34:36	40.12	-0.01	5	20060	卖盘
13:34:33	40.13	--	4	16052	卖盘
13:34:27	40.13	0.01	29	116377	买盘
13:34:18	40.12	--	5	20060	卖盘
13:34:15	40.12	-0.02	8	32095	卖盘
13:34:12	40.14	--	9	36126	买盘
13:34:09	40.14	--	12	48168	买盘
13:34:06	40.14	--	57	228798	买盘
13:34:00	40.14	0.01	8	32112	买盘
13:33:54	40.13	--	2	8026	卖盘
13:33:51	40.13	-0.01	2	8026	卖盘
13:33:48	40.14	0.01	3	12042	买盘
13:33:45	40.13	--	9	36117	卖盘
13:33:42	40.13	--	2	8026	卖盘
13:33:39	40.13	--	8	32104	卖盘
13:33:30	40.13	-0.01	4	16052	卖盘
13:33:27	40.14	-0.01	55	220770	卖盘
13:33:21	40.15	--	30	121774	卖盘
13:33:18	40.15	--	3	12045	卖盘
13:33:15	40.15	-0.01	7	28105	卖盘
13:33:12	40.16	0.01	1	4015	买盘
13:33:09	40.15	--	15	60225	卖盘
13:33:00	40.15	-0.02	57	228855	卖盘
13:32:57	40.17	0.01	7	28119	中性盘
13:32:48	40.16	-0.02	3	12047	卖盘
13:32:42	40.18	0.02	50	200900	买盘
13:32:39	40.16	--	2	8031	卖盘
13:32:36	40.16	--	4	16063	卖盘
13:32:33	40.16	--	10	40160	卖盘
13:32:27	40.16	-0.02	1	4015	卖盘
13:32:24	40.18	0.02	37	151358	买盘
13:32:21	40.16	-0.02	40	160640	卖盘
13:32:18	40.18	--	30	121865	卖盘
13:32:15	40.18	--	2	10728	买盘
13:32:12	40.18	--	1	4018	买盘
13:32:09	40.18	--	56	226333	卖盘
13:32:06	40.18	-0.01	3	12054	卖盘
13:32:03	40.19	--	13	52247	买盘
13:31:54	40.19	--	26	104494	买盘
13:31:51	40.19	0.01	155	622945	买盘
13:31:42	40.18	-0.01	24	96432	卖盘
13:31:39	40.19	--	3	12057	买盘
13:31:33	40.19	--	25	100475	卖盘
13:31:30	40.19	-0.01	2	8038	卖盘
13:31:27	40.2	--	6	24120	买盘
13:31:18	40.2	0.01	30	120600	买盘
13:31:15	40.19	--	1	4019	卖盘
13:31:09	40.19	-0.01	2	8038	卖盘
13:31:03	40.2	--	6	24120	买盘
13:31:00	40.2	0.01	5	20100	买盘
13:30:48	40.19	--	2	8038	卖盘
13:30:42	40.19	--	36	144684	卖盘
13:30:39	40.19	-0.01	13	52247	中性盘
13:30:36	40.2	0.01	22	88440	买盘
13:30:33	40.19	0.01	5	20095	买盘
13:30:30	40.18	--	2	8036	卖盘
13:30:24	40.18	--	1	4018	卖盘
13:30:12	40.18	-0.02	5	20090	卖盘
13:30:09	40.2	0.01	18	72360	买盘
13:30:06	40.19	-0.01	37	148703	卖盘
13:30:03	40.2	--	8	32160	买盘
13:30:00	40.2	0.01	20	80400	买盘
13:29:57	40.19	--	7	28133	卖盘
13:29:51	40.19	-0.01	18	72342	卖盘
13:29:48	40.2	0.01	2	8040	买盘
13:29:39	40.19	-0.01	6	24114	卖盘
13:29:36	40.2	0.01	6	24120	买盘
13:29:30	40.19	-0.01	2	8038	卖盘
13:29:27	40.2	0.01	50	201000	买盘
13:29:21	40.19	-0.01	10	40190	卖盘
13:29:18	40.2	--	2	8040	买盘
13:29:15	40.2	--	94	377880	买盘
13:29:12	40.2	--	4	16080	买盘
13:29:09	40.2	--	5	20100	买盘
13:29:03	40.2	--	3	12060	买盘
13:28:57	40.2	-0.04	344	1382880	卖盘
13:28:54	40.24	0.01	5	20120	买盘
13:28:45	40.23	--	1	4022	卖盘
13:28:42	40.23	--	17	68391	卖盘
13:28:36	40.23	--	5	20115	卖盘
13:28:33	40.23	-0.01	3	12068	卖盘
13:28:30	40.24	0.01	20	80480	买盘
13:28:21	40.23	--	2	8045	卖盘
13:28:18	40.23	-0.02	2	8045	卖盘
13:28:15	40.25	0.01	18	72450	买盘
13:28:09	40.24	--	24	96576	卖盘
13:28:06	40.24	--	9	36216	卖盘
13:28:00	40.24	--	14	56336	卖盘
13:27:57	40.24	--	1	4024	卖盘
13:27:54	40.24	-0.01	4	16096	卖盘
13:27:51	40.25	0.01	10	40250	买盘
13:27:48	40.24	--	24	96576	买盘
13:27:45	40.24	--	30	120720	买盘
13:27:42	40.24	--	34	136816	卖盘
13:27:39	40.24	-0.01	7	28168	卖盘
13:27:36	40.25	--	22	88550	买盘
13:27:33	40.25	0.01	92	370300	买盘
13:27:30	40.24	--	35	140840	卖盘
13:27:27	40.24	-0.01	19	76456	卖盘
13:27:24	40.25	0.01	4	16100	买盘
13:27:18	40.24	--	4	16096	卖盘
13:27:15	40.24	--	14	56336	买盘
13:27:03	40.24	0.01	28	112672	买盘
13:26:57	40.23	0.01	17	68391	买盘
13:26:45	40.22	--	5	20110	卖盘
13:26:42	40.22	--	14	56308	卖盘
13:26:39	40.22	0.01	36	144792	买盘
13:26:33	40.21	--	10	40210	卖盘
13:26:27	40.21	--	2	8042	卖盘
13:26:24	40.21	0.01	17	68357	买盘
13:26:21	40.2	--	4	16080	卖盘
13:26:12	40.2	0.01	15	60300	买盘
13:26:00	40.19	0.01	1	4019	中性盘
13:25:51	40.18	-0.01	11	44198	卖盘
13:25:48	40.19	0.01	1	4019	买盘
13:25:45	40.18	--	51	204918	卖盘
13:25:33	40.18	--	11	46890	买盘
13:25:30	40.18	--	1	4018	买盘
13:25:27	40.18	--	4	16072	买盘
13:25:24	40.18	--	10	41505	卖盘
13:25:18	40.18	-0.01	4	16072	卖盘
13:25:12	40.19	--	9	36171	买盘
13:25:09	40.19	0.01	1	4019	买盘
13:25:06	40.18	--	1	4018	卖盘
13:25:03	40.18	--	5	20090	卖盘
13:24:51	40.18	--	34	136612	卖盘
13:24:48	40.18	-0.02	7	28126	卖盘
13:24:42	40.2	--	5	20100	买盘
13:24:39	40.2	--	2	8040	卖盘
13:24:36	40.2	0.02	19	76380	买盘
13:24:33	40.18	-0.02	48	192864	卖盘
13:24:21	40.2	--	9	36180	卖盘
13:24:18	40.2	--	2	8040	卖盘
13:24:15	40.2	--	24	96480	买盘
13:24:12	40.2	0.01	6	24120	买盘
13:24:00	40.19	--	124	498356	卖盘
13:23:54	40.19	--	154	618926	卖盘
13:23:51	40.19	-0.01	10	40190	卖盘
13:23:48	40.2	0.01	4	16080	买盘
13:23:45	40.19	-0.01	1	4019	卖盘
13:23:42	40.2	--	2	8040	卖盘
13:23:36	40.2	0.01	1	4020	中性盘
13:23:30	40.19	-0.01	105	421995	卖盘
13:23:27	40.2	--	10	40200	卖盘
13:23:12	40.2	--	26	104520	买盘
13:23:09	40.2	0.01	14	56280	买盘
13:23:06	40.19	--	17	68323	卖盘
13:23:00	40.19	--	64	257216	卖盘
13:22:57	40.19	-0.01	10	40190	卖盘
13:22:54	40.2	--	10	40200	买盘
13:22:51	40.2	0.01	8	32160	买盘
13:22:48	40.19	--	1	4019	卖盘
13:22:45	40.19	--	2	8038	卖盘
13:22:39	40.19	--	10	40190	卖盘
13:22:36	40.19	0.01	58	233102	买盘
13:22:33	40.18	--	20	80360	卖盘
13:22:30	40.18	--	8	32144	卖盘
13:22:21	40.18	--	4	16072	卖盘
13:22:18	40.18	-0.01	8	32144	卖盘
13:22:12	40.19	--	5	20095	卖盘
13:22:09	40.19	-0.01	2	8038	卖盘
13:22:06	40.2	--	1	4020	买盘
13:22:03	40.2	0.01	2	8040	中性盘
13:22:00	40.19	-0.01	330	1326270	卖盘
13:21:57	40.2	--	48	192960	卖盘
13:21:54	40.2	--	30	120600	卖盘
13:21:51	40.2	--	16	64320	卖盘
13:21:48	40.2	--	63	253260	卖盘
13:21:45	40.2	--	1	4020	卖盘
13:21:39	40.2	-0.01	6	24120	卖盘
13:21:36	40.21	--	52	209092	买盘
13:21:33	40.21	-0.01	54	217134	卖盘
13:21:30	40.22	0.01	26	104572	买盘
13:21:27	40.21	-0.01	30	120630	卖盘
13:21:15	40.22	--	30	120660	卖盘
13:21:12	40.22	--	3	12066	卖盘
13:21:09	40.22	-0.01	72	289584	卖盘
13:21:06	40.23	--	3	12068	买盘
13:21:03	40.23	-0.01	27	108620	卖盘
13:20:57	40.24	-0.01	2	8048	卖盘
13:20:54	40.25	0.01	31	124775	买盘
13:20:51	40.24	0.01	18	72432	买盘
13:20:45	40.23	-0.01	8	32183	卖盘
13:20:39	40.24	-0.01	50	201200	买盘
13:20:33	40.25	--	1	4025	买盘
13:20:30	40.25	0.01	11	44275	买盘
13:20:27	40.24	-0.01	21	84504	卖盘
13:20:21	40.25	0.01	5	20125	买盘
13:20:18	40.24	-0.01	5	20120	卖盘
13:20:12	40.25	--	39	156975	卖盘
13:20:09	40.25	-0.01	5	20125	卖盘
13:20:06	40.26	0.01	12	48312	买盘
13:20:00	40.25	--	30	120750	卖盘
13:19:57	40.25	--	5	20125	卖盘
13:19:51	40.25	--	52	209300	卖盘
13:19:48	40.25	--	2	8050	卖盘
13:19:45	40.25	--	38	152950	买盘
13:19:42	40.25	--	10	40250	买盘
13:19:39	40.25	--	2	8050	买盘
13:19:33	40.25	0.01	2	8050	买盘
13:19:30	40.24	--	3	12072	卖盘
13:19:24	40.24	--	3	12072	卖盘
13:19:18	40.24	--	1	4024	卖盘
13:19:15	40.24	--	1	4024	卖盘
13:19:09	40.24	0.01	29	116696	买盘
13:19:06	40.23	-0.01	7	28160	卖盘
13:19:00	40.24	0.01	16	64384	买盘
13:18:51	40.23	0.01	2	8045	买盘
13:18:48	40.22	-0.01	2	8044	卖盘
13:18:39	40.23	-0.01	22	88506	卖盘
13:18:33	40.24	--	1	4024	买盘
13:18:30	40.24	--	3	12072	中性盘
13:18:21	40.24	0.01	3	12072	买盘
13:18:18	40.23	-0.01	2	8045	卖盘
13:18:15	40.24	--	5	20120	买盘
13:18:12	40.24	--	1	4024	买盘
13:18:09	40.24	--	6	24144	卖盘
13:18:06	40.24	--	50	201200	卖盘
13:18:00	40.24	-0.01	12	48288	卖盘
13:17:54	40.25	0.01	1	4025	买盘
13:17:51	40.24	-0.01	2	8048	卖盘
13:17:48	40.25	-0.01	41	165025	卖盘
13:17:45	40.26	--	2	8052	买盘
13:17:42	40.26	--	32	128832	卖盘
13:17:39	40.26	-0.01	7	28182	卖盘
13:17:33	40.27	0.01	13	52351	买盘
13:17:24	40.26	--	6	24156	卖盘
13:17:21	40.26	-0.01	3	12078	卖盘
13:17:15	40.27	-0.01	4	16108	中性盘
13:17:09	40.28	0.01	1	4028	买盘
13:17:06	40.27	-0.01	80	322160	卖盘
13:17:00	40.28	--	10	40280	买盘
13:16:57	40.28	0.01	39	157092	买盘
13:16:54	40.27	--	5	20135	卖盘
13:16:51	40.27	-0.01	2	8054	卖盘
13:16:45	40.28	--	3	12084	买盘
13:16:42	40.28	--	1	4028	买盘
13:16:39	40.28	--	7	28196	卖盘
13:16:33	40.28	--	1	4028	卖盘
13:16:30	40.28	0.01	22	88616	中性盘
13:16:18	40.27	-0.01	13	52351	卖盘
13:16:15	40.28	--	24	96672	买盘
13:16:12	40.28	0.01	8	32224	买盘
13:16:09	40.27	--	3	12081	卖盘
13:16:06	40.27	--	40	161080	卖盘
13:16:03	40.27	0.01	60	241620	买盘
13:16:00	40.26	-0.01	1	4026	卖盘
13:15:48	40.27	--	1	4027	买盘
13:15:45	40.27	-0.01	120	483240	卖盘
13:15:39	40.28	-0.01	3	12084	卖盘
13:15:36	40.29	0.01	68	273972	买盘
13:15:30	40.28	--	6	24168	买盘
13:15:21	40.28	0.01	28	112784	买盘
13:15:18	40.27	-0.01	5	20135	卖盘
13:15:12	40.28	--	7	28196	买盘
13:15:09	40.28	-0.01	15	60420	卖盘
13:15:06	40.29	--	17	68493	买盘
13:15:03	40.29	0.01	12	48348	买盘
13:15:00	40.28	-0.01	4	16112	中性盘
13:14:57	40.29	0.01	72	290088	买盘
13:14:54	40.28	-0.01	21	84588	卖盘
13:14:51	40.29	--	4	16116	买盘
13:14:45	40.29	--	2	8058	买盘
13:14:39	40.29	--	3	12087	买盘
13:14:36	40.29	0.01	13	52377	买盘
13:14:33	40.28	--	12	48336	买盘
13:14:30	40.28	--	9	36252	买盘
13:14:27	40.28	-0.01	19	76532	卖盘
13:14:24	40.29	0.01	30	120870	买盘
13:14:21	40.28	-0.01	30	120840	卖盘
13:14:18	40.29	0.01	5	20145	买盘
13:14:15	40.28	-0.01	30	120840	卖盘
13:14:12	40.29	--	25	100725	买盘
13:14:09	40.29	-0.01	23	92667	卖盘
13:14:03	40.3	0.01	27	108809	买盘
13:13:57	40.29	-0.01	34	136986	卖盘
13:13:54	40.3	--	23	92690	买盘
13:13:51	40.3	-0.01	2	8059	卖盘
13:13:48	40.31	0.01	5	20155	买盘
13:13:42	40.3	--	2	8059	卖盘
13:13:39	40.3	--	24	96720	买盘
13:13:36	40.3	0.01	20	80600	买盘
13:13:27	40.29	--	80	322320	卖盘
13:13:18	40.29	0.02	4	16116	卖盘
13:13:15	40.27	-0.01	52	209404	卖盘
13:13:12	40.28	-0.01	26	104728	卖盘
13:13:09	40.29	0.01	19	76551	买盘
13:13:03	40.28	-0.01	1	4028	卖盘
13:13:00	40.29	--	42	169218	买盘
13:12:54	40.29	--	15	60435	买盘
13:12:51	40.29	--	2	8058	买盘
13:12:48	40.29	0.02	6	24174	买盘
13:12:45	40.27	--	34	136918	买盘
13:12:42	40.27	-0.01	37	148999	卖盘
13:12:39	40.28	0.01	1	4028	买盘
13:12:36	40.27	-0.01	31	124837	卖盘
13:12:27	40.28	0.01	5	20140	买盘
13:12:24	40.27	--	1	4027	卖盘
13:12:21	40.27	0.01	9	36243	中性盘
13:12:12	40.26	-0.01	78	314028	卖盘
13:12:09	40.27	0.01	10	40270	买盘
13:12:06	40.26	--	3	12078	卖盘
13:12:03	40.26	--	1	4026	卖盘
13:12:00	40.26	--	21	84546	买盘
13:11:54	40.26	0.01	4	16104	买盘
13:11:51	40.25	--	1	4025	卖盘
13:11:48	40.25	-0.01	10	40250	卖盘
13:11:45	40.26	--	100	402600	买盘
13:11:42	40.26	--	3	12078	买盘
13:11:39	40.26	0.01	15	60390	买盘
13:11:33	40.25	--	35	140875	买盘
13:11:30	40.25	0.01	5	20125	买盘
13:11:27	40.24	--	30	120720	卖盘
13:11:24	40.24	-0.01	53	213272	卖盘
13:11:18	40.25	0.01	16	64400	中性盘
13:11:15	40.24	-0.01	20	80480	卖盘
13:11:12	40.25	0.01	50	201250	买盘
13:11:09	40.24	--	22	88528	卖盘
13:11:03	40.24	-0.01	5	20120	卖盘
13:11:00	40.25	--	16	64400	买盘
13:10:57	40.25	0.01	3	12075	买盘
13:10:54	40.24	--	21	84504	卖盘
13:10:45	40.24	-0.01	10	40240	卖盘
13:10:42	40.25	--	2	8050	买盘
13:10:39	40.25	--	3	12075	买盘
13:10:33	40.25	--	8	32200	买盘
13:10:30	40.25	--	6	24150	买盘
13:10:27	40.25	0.01	7	28175	买盘
13:10:18	40.24	--	2	8048	买盘
13:10:15	40.24	0.01	8	32192	买盘
13:10:12	40.23	--	1	4022	卖盘
13:10:03	40.23	--	21	84483	卖盘
13:09:57	40.23	-0.01	13	52298	卖盘
13:09:54	40.24	0.01	5	20120	买盘
13:09:51	40.23	-0.01	5	20115	卖盘
13:09:45	40.24	0.01	21	84504	买盘
13:09:33	40.23	--	33	132759	买盘
13:09:27	40.23	0.01	5	20115	买盘
13:09:15	40.22	--	1	4022	卖盘
13:09:12	40.22	--	2	8044	卖盘
13:09:09	40.22	-0.01	40	160880	卖盘
13:09:03	40.23	0.01	24	96551	买盘
13:09:00	40.22	0.01	20	80440	买盘
13:08:57	40.21	--	1	4021	卖盘
13:08:54	40.21	-0.01	25	100525	卖盘
13:08:51	40.22	--	1	4022	卖盘
13:08:48	40.22	--	3	12066	买盘
13:08:39	40.22	--	4	16088	买盘
13:08:36	40.22	-0.01	3	12066	卖盘
13:08:33	40.23	0.01	4	16091	买盘
13:08:27	40.22	-0.01	7	28154	卖盘
13:08:24	40.23	0.01	10	40230	买盘
13:08:21	40.22	--	7	28154	卖盘
13:08:18	40.22	-0.01	3	12066	卖盘
13:08:15	40.23	--	3	12068	买盘
13:08:12	40.23	0.01	1	4022	买盘
13:08:09	40.22	-0.01	11	44242	卖盘
13:08:06	40.23	-0.01	120	482759	卖盘
13:08:00	40.24	--	30	120720	买盘
13:07:57	40.24	--	2	8048	买盘
13:07:54	40.24	0.01	5	20120	买盘
13:07:51	40.23	-0.01	7	28160	卖盘
13:07:42	40.24	-0.01	64	257536	卖盘
13:07:39	40.25	--	19	76475	买盘
13:07:36	40.25	--	10	40250	买盘
13:07:33	40.25	--	96	386400	买盘
13:07:27	40.25	--	27	108675	卖盘
13:07:24	40.25	--	16	64400	卖盘
13:07:21	40.25	-0.01	7	28175	卖盘
13:07:18	40.26	--	16	64416	买盘
13:07:09	40.26	--	42	169092	卖盘
13:07:06	40.26	--	6	24156	卖盘
13:07:03	40.26	-0.01	10	40260	卖盘
13:07:00	40.27	--	98	394646	买盘
13:06:57	40.27	0.01	19	76513	买盘
13:06:48	40.26	-0.01	1	4026	卖盘
13:06:45	40.27	--	4	16108	买盘
13:06:42	40.27	-0.01	36	144972	卖盘
13:06:39	40.28	0.01	21	84588	买盘
13:06:36	40.27	--	19	76513	卖盘
13:06:33	40.27	-0.01	2	8054	卖盘
13:06:30	40.28	0.01	5	20140	买盘
13:06:27	40.27	--	1	4027	卖盘
13:06:21	40.27	-0.01	20	80540	卖盘
13:06:15	40.28	--	2	8056	买盘
13:06:12	40.28	--	14	56392	买盘
13:06:09	40.28	0.01	13	52364	买盘
13:06:06	40.27	-0.02	8	32216	卖盘
13:06:03	40.29	0.01	17	68493	买盘
13:06:00	40.28	--	24	96672	买盘
13:05:57	40.28	0.01	7	28196	中性盘
13:05:51	40.27	-0.01	119	479213	卖盘
13:05:48	40.28	-0.01	41	165148	中性盘
13:05:36	40.29	--	8	32232	买盘
13:05:33	40.29	-0.01	35	141015	卖盘
13:05:30	40.3	0.01	1	4029	买盘
13:05:21	40.29	-0.01	52	209508	卖盘
13:05:15	40.3	0.01	1	4029	买盘
13:05:12	40.29	-0.01	41	165189	卖盘
13:05:09	40.3	--	67	270010	卖盘
13:05:06	40.3	--	13	52389	卖盘
13:05:00	40.3	--	12	48360	卖盘
13:04:57	40.3	-0.01	26	104779	卖盘
13:04:54	40.31	0.01	26	104806	买盘
13:04:45	40.3	-0.01	15	60449	卖盘
13:04:42	40.31	--	7	28217	卖盘
13:04:39	40.31	--	10	40310	卖盘
13:04:36	40.31	-0.01	11	44341	卖盘
13:04:30	40.32	--	17	68544	卖盘
13:04:27	40.32	-0.01	7	28224	卖盘
13:04:24	40.33	0.02	30	120990	买盘
13:04:18	40.31	-0.02	167	673177	卖盘
13:04:15	40.33	--	22	88726	买盘
13:04:12	40.33	--	70	282310	买盘
13:04:09	40.33	--	112	451696	卖盘
13:04:06	40.33	--	13	52429	卖盘
13:04:03	40.33	-0.02	27	108891	卖盘
13:03:57	40.35	0.02	3	12105	买盘
13:03:51	40.33	0.01	51	205683	买盘
13:03:48	40.32	--	7	28224	卖盘
13:03:45	40.32	--	10	40320	卖盘
13:03:42	40.32	--	52	209664	买盘
13:03:33	40.32	--	33	133056	卖盘
13:03:30	40.32	--	3	12096	卖盘
13:03:27	40.32	--	4	16128	卖盘
13:03:21	40.32	--	1	4032	卖盘
13:03:15	40.32	--	5	20160	卖盘
13:03:12	40.32	0.01	48	193536	买盘
13:03:09	40.31	-0.01	1	4031	卖盘
13:03:06	40.32	-0.01	11	44352	卖盘
13:03:03	40.33	--	6	24198	买盘
13:03:00	40.33	--	5	20165	买盘
13:02:57	40.33	0.01	26	104858	买盘
13:02:54	40.32	--	56	225792	卖盘
13:02:48	40.32	-0.01	6	24192	卖盘
13:02:45	40.33	0.01	4	16132	买盘
13:02:42	40.32	--	2	8064	卖盘
13:02:36	40.32	-0.01	20	80640	卖盘
13:02:33	40.33	0.01	39	157287	买盘
13:02:30	40.32	--	4	16128	卖盘
13:02:27	40.32	-0.01	16	64512	卖盘
13:02:24	40.33	--	8	32264	买盘
13:02:21	40.33	-0.02	110	443630	卖盘
13:02:18	40.35	--	12	48420	卖盘
13:02:15	40.35	--	24	96840	买盘
13:02:12	40.35	--	32	129120	买盘
13:02:09	40.35	--	31	125085	买盘
13:02:06	40.35	--	9	36315	中性盘
13:02:03	40.35	-0.01	18	72630	卖盘
13:02:00	40.36	0.01	229	924244	买盘
13:01:57	40.35	--	4	16140	买盘
13:01:51	40.35	--	15	63995	卖盘
13:01:48	40.35	--	39	158696	卖盘
13:01:45	40.35	--	50	201750	卖盘
13:01:42	40.35	0.02	74	301858	买盘
13:01:39	40.33	-0.02	10	40330	卖盘
13:01:36	40.35	0.01	51	205785	买盘
13:01:33	40.34	0.01	28	112952	买盘
13:01:30	40.33	-0.02	51	205683	卖盘
13:01:27	40.35	--	5	20175	买盘
13:01:24	40.35	0.01	185	746475	买盘
13:01:21	40.34	--	42	169428	买盘
13:01:18	40.34	--	9	36306	买盘
13:01:15	40.34	0.01	13	52442	买盘
13:01:09	40.33	--	7	28231	买盘
13:01:06	40.33	0.01	45	181485	买盘
13:01:03	40.32	--	10	40320	买盘
13:01:00	40.32	0.01	4	16128	买盘
13:00:57	40.31	--	10	40310	买盘
13:00:54	40.31	0.01	12	48372	买盘
13:00:51	40.3	--	2	8059	卖盘
13:00:45	40.3	--	5	20150	买盘
13:00:39	40.3	0.01	140	564200	买盘
13:00:36	40.29	--	22	88638	买盘
13:00:24	40.29	--	12	48348	买盘
13:00:18	40.29	--	20	80580	买盘
13:00:15	40.29	0.03	6	24174	买盘
13:00:12	40.26	--	12	48312	卖盘
13:00:09	40.26	-0.01	8	32208	卖盘
13:00:06	40.27	0.01	34	136918	卖盘
13:00:03	40.26	0.06	246	993093	买盘
13:00:00	40.2	--	0	0	买盘
11:30:00	40.2	--	6	24120	买盘
11:29:57	40.2	0.01	77	309540	买盘
11:29:39	40.19	0.01	187	751553	买盘
11:29:33	40.18	--	10	40180	卖盘
11:29:30	40.18	-0.01	1	4018	卖盘
11:29:27	40.19	0.01	22	88418	买盘
11:29:21	40.18	0.01	6	24108	买盘
11:29:18	40.17	--	2	8034	卖盘
11:29:15	40.17	--	10	40170	卖盘
11:29:12	40.17	-0.02	39	156663	卖盘
11:29:03	40.19	0.02	4	16076	买盘
11:29:00	40.17	-0.02	22	88374	卖盘
11:28:57	40.19	--	5	20095	买盘
11:28:54	40.19	0.02	29	116551	买盘
11:28:48	40.17	-0.02	10	40170	卖盘
11:28:42	40.19	--	2	8038	买盘
11:28:39	40.19	--	10	40190	买盘
11:28:36	40.19	0.03	30	120570	买盘
11:28:24	40.16	-0.03	2	8031	卖盘
11:28:18	40.19	0.03	24	96456	买盘
11:28:12	40.16	0.02	40	163210	买盘
11:28:09	40.14	0.01	10	40140	买盘
11:28:06	40.13	-0.01	2	8026	卖盘
11:28:03	40.14	--	1	4014	买盘
11:28:00	40.14	--	5	20070	买盘
11:27:57	40.14	--	2	8028	买盘
11:27:54	40.14	--	7	28098	买盘
11:27:51	40.14	--	1	4014	买盘
11:27:48	40.14	--	12	48168	买盘
11:27:42	40.14	-0.01	8	33155	卖盘
11:27:39	40.15	0.01	1	4015	买盘
11:27:33	40.14	--	8	32112	卖盘
11:27:30	40.14	-0.01	3	12042	卖盘
11:27:27	40.15	--	17	72069	卖盘
11:27:21	40.15	0.01	0	200	中性盘
11:27:00	40.14	-0.01	13	52182	卖盘
11:26:57	40.15	0.01	8	35091	买盘
11:26:54	40.14	--	1	4014	卖盘
11:26:48	40.14	-0.01	9	36126	卖盘
11:26:45	40.15	0.01	4	16060	买盘
11:26:42	40.14	-0.01	6	24084	卖盘
11:26:36	40.15	--	20	80300	买盘
11:26:27	40.15	--	7	28105	买盘
11:26:24	40.15	--	65	260975	买盘
11:26:21	40.15	--	1	4015	买盘
11:26:18	40.15	--	1	4015	买盘
11:26:12	40.15	--	5	20075	买盘
11:26:09	40.15	--	11	44165	买盘
11:26:06	40.15	--	30	120450	买盘
11:26:03	40.15	--	3	12045	买盘
11:25:57	40.15	-0.01	5	20075	卖盘
11:25:51	40.16	--	13	54938	卖盘
11:25:42	40.16	0.01	14	57509	买盘
11:25:39	40.15	--	6	24090	买盘
11:25:33	40.15	-0.01	3	12045	买盘
11:25:30	40.16	--	42	168832	卖盘
11:25:21	40.16	--	1	4015	卖盘
11:25:18	40.16	0.01	34	140399	买盘
11:25:09	40.15	-0.01	6	24090	卖盘
11:25:06	40.16	--	25	100399	买盘
11:25:03	40.16	0.01	2	8031	买盘
11:24:54	40.15	-0.01	2	8030	卖盘
11:24:48	40.16	--	3	12047	买盘
11:24:45	40.16	-0.01	8	32288	卖盘
11:24:42	40.17	--	3	12051	卖盘
11:24:39	40.17	--	5	20085	卖盘
11:24:33	40.17	--	4	16068	卖盘
11:24:30	40.17	-0.02	16	64272	卖盘
11:24:18	40.19	--	65	261234	买盘
11:24:15	40.19	--	8	32152	买盘
11:24:09	40.19	--	32	128608	买盘
11:24:06	40.19	--	1	4019	买盘
11:24:03	40.19	-0.01	26	104494	卖盘
11:24:00	40.2	0.01	1	4020	买盘
11:23:54	40.19	-0.01	5	20095	卖盘
11:23:51	40.2	--	20	80400	买盘
11:23:48	40.2	--	2	8040	买盘
11:23:45	40.2	-0.03	275	1106826	卖盘
11:23:42	40.23	--	2	8045	卖盘
11:23:39	40.23	--	3	12068	卖盘
11:23:36	40.23	--	0	2212	卖盘
11:23:33	40.23	0.01	15	60344	买盘
11:23:30	40.22	--	2	8044	卖盘
11:23:24	40.22	--	1	4022	卖盘
11:23:21	40.22	--	7	28154	买盘
11:23:18	40.22	0.01	5	20110	买盘
11:23:15	40.21	--	25	100525	卖盘
11:23:12	40.21	-0.01	2	8042	卖盘
11:23:09	40.22	0.01	1	4022	买盘
11:23:06	40.21	0.01	0	482	中性盘
11:23:03	40.2	-0.01	11	44220	卖盘
11:23:00	40.21	0.01	84	337764	买盘
11:22:57	40.2	-0.01	5	20100	卖盘
11:22:54	40.21	--	6	24126	买盘
11:22:51	40.21	0.01	2	8042	买盘
11:22:42	40.2	--	21	84420	卖盘
11:22:39	40.2	--	20	80400	买盘
11:22:36	40.2	0.01	4	16080	买盘
11:22:30	40.19	-0.01	1	4059	卖盘
11:22:27	40.2	--	2	8040	买盘
11:22:24	40.2	--	16	64320	买盘
11:22:21	40.2	--	25	100500	买盘
11:22:15	40.2	0.02	37	148740	买盘
11:22:12	40.18	-0.01	10	40180	卖盘
11:22:09	40.19	--	0	3657	卖盘
11:22:06	40.19	--	152	610888	买盘
11:22:03	40.19	--	2	8038	买盘
11:22:00	40.19	--	1	4019	买盘
11:21:57	40.19	0.01	20	80380	买盘
11:21:54	40.18	--	23	92414	卖盘
11:21:51	40.18	-0.01	20	80360	卖盘
11:21:48	40.19	0.01	23	92437	买盘
11:21:45	40.18	--	35	140630	卖盘
11:21:42	40.18	-0.01	2	8076	卖盘
11:21:36	40.19	--	15	60285	买盘
11:21:33	40.19	--	5	20095	买盘
11:21:27	40.19	--	1	4019	买盘
11:21:18	40.19	--	54	217026	买盘
11:21:15	40.19	0.01	20	80380	买盘
11:21:12	40.18	--	2	8036	卖盘
11:21:06	40.18	0.01	36	144808	买盘
11:21:03	40.17	-0.01	13	52221	卖盘
11:21:00	40.18	0.01	1	4018	买盘
11:20:57	40.17	-0.01	10	40170	卖盘
11:20:54	40.18	--	5	20090	买盘
11:20:51	40.18	--	1	4018	买盘
11:20:48	40.18	--	14	56252	买盘
11:20:45	40.18	--	4	16072	买盘
11:20:42	40.18	--	1	4018	买盘
11:20:39	40.18	--	3	12054	买盘
11:20:36	40.18	-0.01	51	204918	卖盘
11:20:33	40.19	0.01	56	225064	买盘
11:20:30	40.18	--	5	20090	卖盘
11:20:27	40.18	--	4	16072	卖盘
11:20:24	40.18	-0.01	7	28126	卖盘
11:20:21	40.19	--	13	52247	买盘
11:20:18	40.19	--	10	40190	买盘
11:20:12	40.19	0.01	54	217026	买盘
11:20:06	40.18	0.03	6	24108	买盘
11:20:00	40.15	--	38	152570	买盘
11:19:57	40.15	--	31	124465	买盘
11:19:54	40.15	0.01	10	40150	买盘
11:19:51	40.14	--	26	104364	买盘
11:19:48	40.14	0.01	1	4014	买盘
11:19:36	40.13	--	10	40651	卖盘
11:19:33	40.13	--	1	4053	买盘
11:19:30	40.13	--	1	4013	买盘
11:19:27	40.13	--	10	40130	买盘
11:19:18	40.13	0.01	10	40130	买盘
11:19:12	40.12	--	4	16047	卖盘
11:19:09	40.12	--	0	320	卖盘
11:19:06	40.12	--	2	8625	买盘
11:19:03	40.12	0.01	9	36108	买盘
11:19:00	40.11	--	16	64176	卖盘
11:18:57	40.11	--	10	40110	卖盘
11:18:54	40.11	--	6	24066	卖盘
11:18:51	40.11	--	15	60165	卖盘
11:18:45	40.11	--	93	376312	买盘
11:18:42	40.11	--	12	48132	买盘
11:18:39	40.11	0.01	1	4011	买盘
11:18:36	40.1	--	0	1924	卖盘
11:18:33	40.1	--	16	64160	卖盘
11:18:27	40.1	--	25	100731	买盘
11:18:21	40.1	0.01	79	316790	买盘
11:18:18	40.09	-0.01	28	112252	卖盘
11:18:15	40.1	0.01	15	60150	买盘
11:18:09	40.09	--	4	16036	卖盘
11:18:06	40.09	--	1	4009	卖盘
11:18:03	40.09	--	4	16036	卖盘
11:18:00	40.09	--	9	36081	卖盘
11:17:57	40.09	0.01	10	40090	买盘
11:17:54	40.08	-0.01	7	28056	卖盘
11:17:51	40.09	--	19	76171	买盘
11:17:48	40.09	--	3	12027	买盘
11:17:45	40.09	--	7	28063	买盘
11:17:39	40.09	--	2	8018	买盘
11:17:36	40.09	-0.01	40	160360	卖盘
11:17:27	40.1	--	2	8020	卖盘
11:17:24	40.1	--	13	52130	买盘
11:17:18	40.1	--	5	23979	卖盘
11:17:12	40.1	-0.01	0	80	卖盘
11:17:09	40.11	--	4	16044	买盘
11:17:06	40.11	0.01	25	100275	买盘
11:17:03	40.1	0.01	28	112280	买盘
11:17:00	40.09	-0.01	44	180164	卖盘
11:16:57	40.1	-0.01	7	28070	卖盘
11:16:51	40.11	0.01	2	8022	买盘
11:16:45	40.1	--	42	168460	卖盘
11:16:42	40.1	--	4	16240	买盘
11:16:39	40.1	0.01	4	16040	买盘
11:16:36	40.09	-0.01	32	128288	卖盘
11:16:33	40.1	--	3	12030	买盘
11:16:24	40.1	0.01	7	28070	买盘
11:16:15	40.09	--	1	4009	卖盘
11:16:12	40.09	--	37	148333	卖盘
11:16:09	40.09	-0.01	33	132297	卖盘
11:16:06	40.1	--	1	4010	买盘
11:16:03	40.1	0.01	9	36090	买盘
11:16:00	40.09	-0.01	7	28063	卖盘
11:15:54	40.1	--	42	168420	买盘
11:15:51	40.1	0.01	6	24060	买盘
11:15:45	40.09	-0.01	17	68153	卖盘
11:15:39	40.1	0.01	3	12030	买盘
11:15:33	40.09	-0.01	5	20045	卖盘
11:15:30	40.1	--	1	4010	买盘
11:15:24	40.1	0.01	15	60150	买盘
11:15:21	40.09	--	8	32072	买盘
11:15:18	40.09	--	3	12027	买盘
11:15:15	40.09	-0.01	35	144283	卖盘
11:15:09	40.1	0.01	49	196490	买盘
11:15:06	40.09	-0.01	31	124279	卖盘
11:15:00	40.1	0.01	1	4010	买盘
11:14:57	40.09	-0.01	37	148373	卖盘
11:14:51	40.1	0.02	3	12030	买盘
11:14:45	40.08	--	32	128616	买盘
11:14:42	40.08	--	17	71783	卖盘
11:14:39	40.08	-0.02	14	56112	卖盘
11:14:36	40.1	0.02	9	36090	买盘
11:14:33	40.08	--	10	40080	卖盘
11:14:27	40.08	-0.02	31	124248	卖盘
11:14:18	40.1	--	3	12030	买盘
11:14:12	40.1	0.02	5	20050	买盘
11:14:06	40.08	--	1	4008	卖盘
11:14:03	40.08	0.01	10	40440	买盘
11:14:00	40.07	--	28	115842	卖盘
11:13:57	40.07	-0.01	4	16388	卖盘
11:13:54	40.08	-0.02	9	36072	卖盘
11:13:51	40.1	0.03	79	316790	买盘
11:13:48	40.07	-0.01	2	8014	卖盘
11:13:42	40.08	0.01	6	24048	买盘
11:13:33	40.07	-0.01	3	12021	卖盘
11:13:30	40.08	0.01	1	4008	买盘
11:13:24	40.07	--	6	24042	卖盘
11:13:18	40.07	--	3	12021	卖盘
11:13:15	40.07	-0.01	38	152266	卖盘
11:13:12	40.08	-0.02	4	16032	中性盘
11:13:03	40.1	0.01	44	176440	买盘
11:13:00	40.09	--	8	32072	卖盘
11:12:57	40.09	-0.01	2	8018	卖盘
11:12:54	40.1	0.01	7	28070	买盘
11:12:51	40.09	-0.02	4	16036	卖盘
11:12:48	40.11	--	77	309889	买盘
11:12:45	40.11	0.01	28	112308	买盘
11:12:42	40.1	--	4	16040	卖盘
11:12:36	40.1	-0.01	13	52130	卖盘
11:12:33	40.11	--	66	264726	买盘
11:12:30	40.11	--	4	16044	卖盘
11:12:27	40.11	--	30	120330	买盘
11:12:21	40.11	--	14	56154	买盘
11:12:18	40.11	-0.01	2	8022	卖盘
11:12:15	40.12	0.01	27	108324	买盘
11:12:12	40.11	-0.01	16	64176	卖盘
11:12:09	40.12	--	11	44132	买盘
11:12:03	40.12	--	91	365092	买盘
11:12:00	40.12	-0.01	3	16007	卖盘
11:11:57	40.13	0.01	17	68221	买盘
11:11:54	40.12	0.02	2	8064	中性盘
11:11:51	40.1	-0.02	13	52130	卖盘
11:11:48	40.12	0.02	10	40120	买盘
11:11:45	40.1	--	7	28070	卖盘
11:11:42	40.1	--	5	20050	卖盘
11:11:36	40.1	--	2	8020	卖盘
11:11:33	40.1	0.01	1	6977	买盘
11:11:30	40.09	--	38	152342	卖盘
11:11:27	40.09	--	3	12027	卖盘
11:11:24	40.09	-0.01	4	16036	买盘
11:11:21	40.1	0.04	65	260650	买盘
11:11:18	40.06	--	18	72108	卖盘
11:11:12	40.06	0.01	10	40060	中性盘
11:11:09	40.05	-0.01	62	248309	卖盘
11:11:06	40.06	--	6	24036	买盘
11:11:03	40.06	--	59	236354	买盘
11:11:00	40.06	--	29	116174	卖盘
11:10:54	40.06	--	11	44066	卖盘
11:10:51	40.06	--	1	4006	卖盘
11:10:48	40.06	--	3	12018	卖盘
11:10:45	40.06	0.02	20	80120	卖盘
11:10:42	40.04	--	50	200200	卖盘
11:10:39	40.04	-0.01	46	184184	卖盘
11:10:36	40.05	--	12	48060	买盘
11:10:33	40.05	--	13	52064	买盘
11:10:30	40.05	0.01	7	28034	买盘
11:10:27	40.04	-0.01	18	72072	卖盘
11:10:24	40.05	0.01	9	36045	买盘
11:10:21	40.04	--	52	208248	买盘
11:10:18	40.04	-0.01	81	324324	卖盘
11:10:15	40.05	--	2	8009	买盘
11:10:12	40.05	0.03	11	44055	买盘
11:10:09	40.02	-0.02	5	20010	卖盘
11:10:06	40.04	0.03	1	4004	中性盘
11:10:00	40.01	-0.05	115	460115	卖盘
11:09:57	40.06	0.02	71	284426	买盘
11:09:54	40.04	--	3	13173	卖盘
11:09:51	40.04	0.02	17	68068	买盘
11:09:48	40.02	0.02	7	28014	中性盘
11:09:45	40.0	-0.04	70	280040	卖盘
11:09:42	40.04	0.04	163	656415	买盘
11:09:39	40.0	-0.01	66	264040	卖盘
11:09:36	40.01	--	12	48012	买盘
11:09:33	40.01	0.02	47	188047	买盘
11:09:30	39.99	-0.01	14	55986	卖盘
11:09:27	40.0	--	6	24000	买盘
11:09:24	40.0	--	6	24000	买盘
11:09:21	40.0	--	13	52000	卖盘
11:09:18	40.0	-0.04	39	156000	卖盘
11:09:15	40.04	0.04	53	212212	买盘
11:09:12	40.0	--	62	248000	卖盘
11:09:09	40.0	--	91	364000	卖盘
11:09:06	40.0	--	40	160000	卖盘
11:09:03	40.0	-0.01	160	640000	卖盘
11:09:00	40.01	--	6	24006	卖盘
11:08:57	40.01	-0.04	15	60015	卖盘
11:08:54	40.05	--	44	176220	卖盘
11:08:51	40.05	-0.01	75	300375	卖盘
11:08:48	40.06	-0.04	221	886407	卖盘
11:08:45	40.1	0.04	50	200500	买盘
11:08:42	40.06	-0.04	23	92138	卖盘
11:08:39	40.1	--	65	260650	买盘
11:08:36	40.1	--	30	120300	买盘
11:08:33	40.1	-0.02	3	12030	买盘
11:08:30	40.12	0.02	58	232695	买盘
11:08:27	40.1	-0.03	56	224560	卖盘
11:08:24	40.13	--	3	12039	买盘
11:08:15	40.13	-0.01	2	8026	卖盘
11:08:12	40.14	--	23	92322	买盘
11:08:09	40.14	--	65	260910	卖盘
11:08:06	40.14	--	51	204714	卖盘
11:08:03	40.14	--	17	68238	卖盘
11:08:00	40.14	-0.01	25	100350	卖盘
11:07:57	40.15	--	15	60225	买盘
11:07:54	40.15	-0.01	53	212795	卖盘
11:07:51	40.16	0.01	20	80320	买盘
11:07:48	40.15	-0.01	1	4015	卖盘
11:07:42	40.16	-0.02	16	68191	卖盘
11:07:36	40.18	-0.01	18	72324	卖盘
11:07:33	40.19	-0.01	184	739496	卖盘
11:07:30	40.2	--	5	20100	卖盘
11:07:27	40.2	-0.01	57	229140	卖盘
11:07:24	40.21	--	5	20105	卖盘
11:07:21	40.21	-0.03	50	201050	卖盘
11:07:18	40.24	0.03	48	193152	买盘
11:07:15	40.21	--	164	659444	卖盘
11:07:12	40.21	-0.01	12	48252	卖盘
11:07:09	40.22	--	25	100550	买盘
11:07:06	40.22	0.01	1	4022	买盘
11:07:03	40.21	-0.01	7	28147	卖盘
11:07:00	40.22	--	56	225232	买盘
11:06:57	40.22	--	3	12066	买盘
11:06:54	40.22	0.01	26	104572	买盘
11:06:51	40.21	--	23	92483	卖盘
11:06:48	40.21	-0.05	4	16084	卖盘
11:06:45	40.26	0.01	12	48312	买盘
11:06:42	40.25	--	5	20125	卖盘
11:06:39	40.25	--	8	32200	卖盘
11:06:36	40.25	0.04	72	289800	买盘
11:06:30	40.21	-0.04	80	321680	卖盘
11:06:27	40.25	--	43	173075	买盘
11:06:24	40.25	--	266	1070650	中性盘
11:06:21	40.25	-0.01	27	108675	卖盘
11:06:15	40.26	--	50	201300	买盘
11:06:12	40.26	0.01	10	40260	买盘
11:06:09	40.25	-0.01	22	88550	卖盘
11:06:06	40.26	--	15	60390	买盘
11:06:03	40.26	-0.01	12	48312	卖盘
11:06:00	40.27	--	76	306052	买盘
11:05:57	40.27	--	8	32216	买盘
11:05:54	40.27	-0.01	26	104702	卖盘
11:05:51	40.28	0.02	52	209456	买盘
11:05:45	40.26	-0.01	7	28182	卖盘
11:05:42	40.27	-0.01	13	52351	中性盘
11:05:33	40.28	0.01	17	68476	买盘
11:05:24	40.27	0.03	10	40270	中性盘
11:05:18	40.24	-0.04	140	563360	卖盘
11:05:15	40.28	--	11	44308	卖盘
11:05:12	40.28	0.03	18	72504	买盘
11:05:09	40.25	0.01	2	8050	中性盘
11:05:03	40.24	--	274	1102576	卖盘
11:05:00	40.24	--	15	60360	卖盘
11:04:54	40.24	--	5	20120	买盘
11:04:51	40.24	--	8	32192	买盘
11:04:42	40.24	--	14	56336	卖盘
11:04:39	40.24	-0.04	25	100600	卖盘
11:04:36	40.28	0.04	190	765320	买盘
11:04:30	40.24	--	10	40240	卖盘
11:04:27	40.24	0.01	15	60360	买盘
11:04:24	40.23	-0.01	13	52298	卖盘
11:04:21	40.24	0.01	1	4024	中性盘
11:04:18	40.23	-0.01	68	273564	卖盘
11:04:15	40.24	--	3	12072	买盘
11:04:12	40.24	--	19	76456	卖盘
11:04:09	40.24	-0.01	3	12072	卖盘
11:04:06	40.25	--	1	4025	卖盘
11:04:00	40.25	0.01	12	48300	中性盘
11:03:54	40.24	--	18	72432	卖盘
11:03:45	40.24	--	6	24144	卖盘
11:03:42	40.24	-0.04	21	84504	卖盘
11:03:39	40.28	-0.01	14	56392	卖盘
11:03:36	40.29	0.01	2	8058	买盘
11:03:33	40.28	--	9	36252	买盘
11:03:27	40.28	--	10	40280	买盘
11:03:24	40.28	--	5	20140	卖盘
11:03:18	40.28	--	13	52364	卖盘
11:03:15	40.28	--	6	24168	卖盘
11:03:12	40.28	-0.01	17	68476	中性盘
11:03:09	40.29	0.06	33	132957	买盘
11:03:03	40.23	-0.05	8	32183	买盘
11:03:00	40.28	--	17	68476	卖盘
11:02:57	40.28	--	1	4028	卖盘
11:02:54	40.28	0.07	137	551836	买盘
11:02:48	40.21	-0.02	19	76399	卖盘
11:02:45	40.23	--	13	52298	买盘
11:02:42	40.23	--	17	68391	买盘
11:02:39	40.23	0.03	2	8045	买盘
11:02:36	40.2	--	1	4020	卖盘
11:02:33	40.2	--	31	124620	卖盘
11:02:27	40.2	--	26	104520	卖盘
11:02:21	40.2	-0.02	21	84420	卖盘
11:02:18	40.22	0.03	7	28154	买盘
11:02:15	40.19	-0.01	8	32152	卖盘
11:02:12	40.2	0.01	44	176880	买盘
11:02:09	40.19	-0.01	22	88498	卖盘
11:02:06	40.2	--	18	72360	买盘
11:02:03	40.2	0.01	5	20100	买盘
11:02:00	40.19	--	201	807819	卖盘
11:01:57	40.19	-0.01	7	28133	卖盘
11:01:54	40.2	--	82	329640	买盘
11:01:51	40.2	0.01	24	96480	买盘
11:01:48	40.19	--	13	52247	卖盘
11:01:45	40.19	-0.01	21	84399	卖盘
11:01:42	40.2	--	23	92460	买盘
11:01:39	40.2	0.01	24	96480	买盘
11:01:36	40.19	-0.01	9	36171	中性盘
11:01:30	40.2	0.01	27	108540	买盘
11:01:27	40.19	--	26	104494	卖盘
11:01:24	40.19	-0.01	12	48228	卖盘
11:01:21	40.2	0.01	31	124620	买盘
11:01:18	40.19	--	2	8038	卖盘
11:01:15	40.19	0.03	2	8038	中性盘
11:01:12	40.16	-0.04	16	64255	卖盘
11:01:09	40.2	0.04	48	192960	买盘
11:01:06	40.16	-0.04	3	12047	卖盘
11:01:03	40.2	--	1	4020	买盘
11:01:00	40.2	0.03	264	1061280	买盘
11:00:57	40.17	0.03	18	72306	买盘
11:00:54	40.14	-0.03	7	28098	卖盘
11:00:51	40.17	0.03	26	104442	买盘
11:00:48	40.14	-0.03	85	341190	卖盘
11:00:45	40.17	0.02	3	12051	买盘
11:00:42	40.15	-0.05	46	184690	卖盘
11:00:39	40.2	0.04	61	245220	买盘
11:00:36	40.16	-0.02	9	36144	中性盘
11:00:33	40.18	0.03	45	180810	买盘
11:00:30	40.15	-0.02	98	393470	卖盘
11:00:27	40.17	--	5	20085	卖盘
11:00:24	40.17	--	58	232986	卖盘
11:00:21	40.17	--	7	28119	买盘
11:00:18	40.17	--	256	1028352	买盘
11:00:15	40.17	0.02	14	56238	买盘
11:00:12	40.15	-0.01	85	341275	卖盘
11:00:09	40.16	--	5	20080	买盘
11:00:06	40.16	0.01	4	16063	买盘
11:00:03	40.15	--	132	529980	卖盘
11:00:00	40.15	--	173	694595	买盘
10:59:57	40.15	0.03	217	871255	买盘
10:59:54	40.12	-0.03	3	12036	卖盘
10:59:51	40.15	0.04	25	100375	买盘
10:59:48	40.11	--	27	108297	卖盘
10:59:45	40.11	--	40	160440	卖盘
10:59:42	40.11	--	34	136374	买盘
10:59:39	40.11	0.01	21	84231	买盘
10:59:36	40.1	-0.02	7	28070	卖盘
10:59:33	40.12	0.02	50	200600	买盘
10:59:30	40.1	-0.02	5	20050	卖盘
10:59:27	40.12	0.01	17	68204	买盘
10:59:24	40.11	-0.04	40	160440	卖盘
10:59:21	40.15	0.04	157	630355	买盘
10:59:18	40.11	0.01	27	108297	中性盘
10:59:15	40.1	-0.05	50	200500	卖盘
10:59:09	40.15	0.04	106	425590	买盘
10:59:06	40.11	-0.02	9	36099	卖盘
10:59:03	40.13	-0.03	58	232754	卖盘
10:59:00	40.16	0.01	74	297184	买盘
10:58:57	40.15	--	12	48180	卖盘
10:58:54	40.15	-0.01	121	485815	卖盘
10:58:48	40.16	-0.01	7	28111	卖盘
10:58:45	40.17	0.01	6	24102	买盘
10:58:42	40.16	--	5	20080	卖盘
10:58:39	40.16	-0.02	6	24095	卖盘
10:58:33	40.18	--	10	40180	卖盘
10:58:30	40.18	-0.01	14	56252	卖盘
10:58:27	40.19	-0.01	36	144684	中性盘
10:58:24	40.2	--	6	24120	买盘
10:58:21	40.2	0.01	14	56280	买盘
10:58:18	40.19	-0.01	24	96456	卖盘
10:58:15	40.2	-0.04	171	687420	卖盘
10:58:12	40.24	0.01	168	676032	买盘
10:58:09	40.23	-0.01	22	88506	卖盘
10:58:06	40.24	--	5	20120	买盘
10:58:03	40.24	--	18	72432	卖盘
10:58:00	40.24	--	44	177056	卖盘
10:57:57	40.24	--	13	52312	卖盘
10:57:54	40.24	-0.01	19	76456	卖盘
10:57:51	40.25	--	23	92575	买盘
10:57:48	40.25	0.01	8	32200	买盘
10:57:45	40.24	-0.02	70	281680	卖盘
10:57:42	40.26	0.01	9	36234	买盘
10:57:39	40.25	-0.01	121	487025	卖盘
10:57:33	40.26	--	10	40260	卖盘
10:57:30	40.26	-0.01	15	60390	卖盘
10:57:27	40.27	-0.01	22	88594	卖盘
10:57:24	40.28	-0.01	21	84588	卖盘
10:57:21	40.29	--	3	12087	买盘
10:57:18	40.29	-0.01	3	12087	卖盘
10:57:15	40.3	--	162	652860	卖盘
10:57:12	40.3	-0.01	17	68510	卖盘
10:57:09	40.31	0.01	6	24186	买盘
10:57:03	40.3	-0.01	24	96720	卖盘
10:57:00	40.31	-0.02	36	145116	卖盘
10:56:57	40.33	-0.01	29	116957	卖盘
10:56:54	40.34	0.01	45	181530	买盘
10:56:51	40.33	--	36	145188	卖盘
10:56:48	40.33	0.01	45	181485	买盘
10:56:45	40.32	-0.02	40	162046	卖盘
10:56:42	40.34	0.01	174	705183	买盘
10:56:39	40.33	0.02	10	40330	买盘
10:56:36	40.31	-0.02	228	919068	卖盘
10:56:33	40.33	--	27	108891	卖盘
10:56:30	40.33	--	22	88726	卖盘
10:56:27	40.33	-0.01	43	173419	卖盘
10:56:24	40.34	-0.01	23	93548	卖盘
10:56:21	40.35	0.01	2	8070	买盘
10:56:18	40.34	-0.03	101	407434	卖盘
10:56:15	40.37	--	68	274516	买盘
10:56:12	40.37	0.01	12	48444	买盘
10:56:09	40.36	-0.02	12	48432	卖盘
10:56:06	40.38	--	2	8076	买盘
10:56:00	40.38	-0.01	8	32304	卖盘
10:55:57	40.39	0.01	12	48468	买盘
10:55:51	40.38	-0.01	5	20190	卖盘
10:55:48	40.39	0.01	12	48468	买盘
10:55:45	40.38	--	14	56532	卖盘
10:55:42	40.38	0.02	8	32304	买盘
10:55:39	40.36	--	22	88792	卖盘
10:55:33	40.36	--	47	189692	卖盘
10:55:30	40.36	-0.01	12	48432	卖盘
10:55:27	40.37	0.01	69	278553	买盘
10:55:24	40.36	0.02	22	92061	买盘
10:55:21	40.34	-0.01	2	8068	卖盘
10:55:18	40.35	--	11	44385	卖盘
10:55:15	40.35	0.02	43	173505	买盘
10:55:12	40.33	--	5	20165	卖盘
10:55:09	40.33	--	2	8066	卖盘
10:55:06	40.33	0.01	10	40330	中性盘
10:55:03	40.32	-0.03	15	60480	卖盘
10:55:00	40.35	0.03	198	798930	买盘
10:54:57	40.32	-0.02	17	68544	卖盘
10:54:54	40.34	0.02	38	153292	买盘
10:54:51	40.32	--	15	60480	卖盘
10:54:48	40.32	0.01	19	76608	买盘
10:54:45	40.31	--	1	4031	卖盘
10:54:42	40.31	0.01	15	60465	买盘
10:54:39	40.3	-0.01	18	72540	卖盘
10:54:36	40.31	0.01	1	4031	买盘
10:54:33	40.3	--	13	52389	卖盘
10:54:30	40.3	0.01	35	141050	买盘
10:54:27	40.29	-0.01	28	112812	卖盘
10:54:24	40.3	0.01	11	44330	买盘
10:54:21	40.29	-0.01	8	32232	卖盘
10:54:18	40.3	--	27	108809	买盘
10:54:15	40.3	-0.01	6	24180	卖盘
10:54:12	40.31	--	32	128992	买盘
10:54:09	40.31	0.01	1	4031	买盘
10:54:06	40.3	-0.01	6	24180	卖盘
10:54:03	40.31	--	11	44341	买盘
10:54:00	40.31	-0.01	19	76589	卖盘
10:53:57	40.32	0.01	4	16128	中性盘
10:53:51	40.31	--	92	370852	卖盘
10:53:48	40.31	-0.01	16	64496	卖盘
10:53:45	40.32	-0.01	18	72576	卖盘
10:53:42	40.33	0.01	11	44363	买盘
10:53:39	40.32	-0.01	6	24192	卖盘
10:53:36	40.33	0.01	4	16132	中性盘
10:53:33	40.32	-0.03	8	32256	卖盘
10:53:30	40.35	--	49	197715	买盘
10:53:27	40.35	0.03	104	419640	买盘
10:53:24	40.32	-0.02	10	40320	卖盘
10:53:21	40.34	0.02	21	84714	买盘
10:53:18	40.32	-0.03	3	12096	卖盘
10:53:15	40.35	0.03	11	44385	买盘
10:53:12	40.32	-0.04	330	1330560	卖盘
10:53:09	40.36	0.01	16	64576	买盘
10:53:03	40.35	--	61	246135	卖盘
10:53:00	40.35	--	7	28245	卖盘
10:52:57	40.35	-0.01	45	181575	卖盘
10:52:54	40.36	--	9	36324	卖盘
10:52:51	40.36	-0.01	8	32288	卖盘
10:52:48	40.37	-0.01	41	165517	卖盘
10:52:45	40.38	-0.02	5	20190	卖盘
10:52:42	40.4	--	40	161600	买盘
10:52:39	40.4	--	3	12120	买盘
10:52:36	40.4	--	68	274720	卖盘
10:52:33	40.4	-0.01	8	32320	卖盘
10:52:30	40.41	--	47	189926	买盘
10:52:27	40.41	0.01	1	4040	买盘
10:52:24	40.4	-0.02	110	444400	卖盘
10:52:21	40.42	0.01	21	84882	买盘
10:52:18	40.41	-0.01	88	355607	卖盘
10:52:15	40.42	--	3	12126	买盘
10:52:12	40.42	-0.01	91	367822	卖盘
10:52:09	40.43	--	56	226408	买盘
10:52:06	40.43	--	50	202150	买盘
10:52:03	40.43	0.01	17	68731	买盘
10:52:00	40.42	-0.01	2	8084	卖盘
10:51:57	40.43	-0.01	96	388128	卖盘
10:51:54	40.44	-0.01	17	68748	中性盘
10:51:51	40.45	--	11	44495	买盘
10:51:48	40.45	--	72	291240	买盘
10:51:45	40.45	--	158	639110	买盘
10:51:42	40.45	--	16	64720	卖盘
10:51:39	40.45	0.03	14	56630	买盘
10:51:36	40.42	-0.04	12	48504	卖盘
10:51:33	40.46	--	13	52598	买盘
10:51:30	40.46	0.01	169	683774	买盘
10:51:27	40.45	0.04	55	222475	买盘
10:51:24	40.41	-0.04	12	48491	卖盘
10:51:21	40.45	--	31	125395	买盘
10:51:18	40.45	--	12	48540	买盘
10:51:15	40.45	0.04	115	465175	买盘
10:51:12	40.41	-0.04	67	270747	卖盘
10:51:09	40.45	--	81	327645	买盘
10:51:06	40.45	0.05	50	202250	买盘
10:51:03	40.4	--	21	84840	买盘
10:51:00	40.4	--	38	153520	卖盘
10:50:57	40.4	--	4	16160	卖盘
10:50:54	40.4	--	18	72720	卖盘
10:50:51	40.4	0.03	15	60600	买盘
10:50:48	40.37	--	19	76703	卖盘
10:50:45	40.37	0.01	30	121109	买盘
10:50:42	40.36	0.01	22	88792	中性盘
10:50:39	40.35	-0.11	61	246135	卖盘
10:50:36	40.46	0.11	652	2637992	买盘
10:50:33	40.35	-0.01	4	16140	中性盘
10:50:30	40.36	0.03	14	56504	买盘
10:50:27	40.33	-0.02	50	201650	卖盘
10:50:24	40.35	0.01	12	48420	卖盘
10:50:21	40.34	-0.01	7	28238	卖盘
10:50:18	40.35	--	13	52455	买盘
10:50:15	40.35	-0.01	1	4035	卖盘
10:50:12	40.36	-0.02	3	12108	中性盘
10:50:09	40.38	0.05	257	1037766	买盘
10:50:06	40.33	-0.02	31	125023	卖盘
10:50:03	40.35	-0.03	32	129120	卖盘
10:50:00	40.38	0.04	31	125178	买盘
10:49:57	40.34	--	14	56476	买盘
10:49:54	40.34	-0.04	12	48408	卖盘
10:49:51	40.38	0.01	10	40380	买盘
10:49:48	40.37	--	73	294701	卖盘
10:49:45	40.37	-0.01	19	76703	买盘
10:49:42	40.38	-0.01	37	149406	卖盘
10:49:39	40.39	0.01	33	133287	买盘
10:49:36	40.38	--	17	68646	卖盘
10:49:33	40.38	0.01	250	1009500	买盘
10:49:30	40.37	--	13	52481	买盘
10:49:27	40.37	--	12	48444	买盘
10:49:24	40.37	-0.01	10	40370	中性盘
10:49:21	40.38	--	639	2580282	买盘
10:49:18	40.38	--	12	48456	买盘
10:49:15	40.38	-0.01	72	290736	卖盘
10:49:12	40.39	--	15	60585	买盘
10:49:09	40.39	--	5	20195	买盘
10:49:06	40.39	--	82	331198	卖盘
10:49:03	40.39	--	18	72702	卖盘
10:48:57	40.39	--	41	165599	卖盘
10:48:54	40.39	--	13	52507	卖盘
10:48:51	40.39	0.01	28	113092	买盘
10:48:48	40.38	--	24	96912	卖盘
10:48:45	40.38	-0.01	20	80760	卖盘
10:48:42	40.39	--	12	48468	买盘
10:48:39	40.39	0.01	87	351393	买盘
10:48:36	40.38	-0.01	32	129216	卖盘
10:48:33	40.39	--	66	266574	买盘
10:48:30	40.39	0.01	15	60585	买盘
10:48:27	40.38	--	7	28266	卖盘
10:48:24	40.38	-0.01	79	319002	卖盘
10:48:21	40.39	0.06	44	177716	买盘
10:48:18	40.33	-0.05	13	52429	卖盘
10:48:15	40.38	0.05	11	44418	买盘
10:48:12	40.33	--	35	141155	卖盘
10:48:09	40.33	-0.05	17	68561	卖盘
10:48:06	40.38	0.06	54	218052	买盘
10:48:03	40.32	-0.01	21	84672	买盘
10:48:00	40.33	0.02	300	1209900	买盘
10:47:57	40.31	--	26	104806	卖盘
10:47:54	40.31	0.01	15	60465	买盘
10:47:51	40.3	--	4	16119	卖盘
10:47:48	40.3	--	26	104779	卖盘
10:47:45	40.3	--	4	16119	卖盘
10:47:42	40.3	--	13	52389	卖盘
10:47:39	40.3	0.01	20	80600	买盘
10:47:36	40.29	--	43	173247	卖盘
10:47:33	40.29	-0.01	10	40290	卖盘
10:47:30	40.3	0.01	51	205530	买盘
10:47:27	40.29	0.01	99	398871	买盘
10:47:24	40.28	--	13	52364	卖盘
10:47:21	40.28	--	5	20140	卖盘
10:47:15	40.28	0.01	51	205428	买盘
10:47:12	40.27	0.01	84	338268	买盘
10:47:09	40.26	0.01	38	152988	买盘
10:47:06	40.25	--	8	32200	买盘
10:47:03	40.25	--	89	358225	买盘
10:47:00	40.25	--	29	116725	买盘
10:46:57	40.25	0.01	31	124775	买盘
10:46:54	40.24	0.01	2	8048	买盘
10:46:51	40.23	--	6	24137	卖盘
10:46:48	40.23	0.01	26	104597	买盘
10:46:45	40.22	--	114	458508	卖盘
10:46:42	40.22	--	5	20110	卖盘
10:46:39	40.22	--	5	20110	买盘
10:46:36	40.22	0.03	38	152836	买盘
10:46:33	40.19	-0.03	15	60285	卖盘
10:46:30	40.22	--	5	20110	买盘
10:46:27	40.22	0.04	22	88484	买盘
10:46:24	40.18	0.01	50	200900	卖盘
10:46:21	40.17	--	7	28119	卖盘
10:46:18	40.17	--	18	72306	卖盘
10:46:15	40.17	--	10	43343	卖盘
10:46:12	40.17	0.01	93	373581	买盘
10:46:09	40.16	--	92	369471	卖盘
10:46:06	40.16	0.03	10	40160	买盘
10:46:03	40.13	-0.02	98	393274	卖盘
10:46:00	40.15	-0.03	79	317185	卖盘
10:45:57	40.18	0.02	6	24108	中性盘
10:45:54	40.16	-0.01	42	168672	卖盘
10:45:51	40.17	-0.01	10	40170	卖盘
10:45:48	40.18	--	7	28126	买盘
10:45:45	40.18	0.01	30	120540	买盘
10:45:42	40.17	-0.01	14	56238	卖盘
10:45:39	40.18	0.01	2	8036	买盘
10:45:36	40.17	--	12	48204	卖盘
10:45:33	40.17	-0.03	6	24102	中性盘
10:45:30	40.2	0.01	15	60300	买盘
10:45:27	40.19	--	24	96456	卖盘
10:45:24	40.19	-0.01	1	4019	卖盘
10:45:21	40.2	--	65	261300	卖盘
10:45:18	40.2	-0.03	48	192960	卖盘
10:45:15	40.23	--	23	92529	买盘
10:45:12	40.23	--	111	446552	买盘
10:45:09	40.23	-0.01	17	68391	中性盘
10:45:06	40.24	-0.03	3	12072	卖盘
10:45:03	40.27	0.02	42	169134	买盘
10:45:00	40.25	--	10	40250	卖盘
10:44:57	40.25	-0.01	1	4025	卖盘
10:44:51	40.26	-0.01	31	124806	卖盘
10:44:48	40.27	-0.02	3	12081	卖盘
10:44:45	40.29	0.02	1	4029	买盘
10:44:42	40.27	-0.01	5	20135	卖盘
10:44:39	40.28	-0.01	6	26826	卖盘
10:44:36	40.29	-0.01	31	124899	卖盘
10:44:33	40.3	--	59	239140	买盘
10:44:30	40.3	-0.01	66	265980	卖盘
10:44:27	40.31	--	20	80620	买盘
10:44:24	40.31	0.01	12	48372	买盘
10:44:21	40.3	-0.01	63	253889	卖盘
10:44:18	40.31	--	16	64496	买盘
10:44:15	40.31	--	132	532092	卖盘
10:44:12	40.31	-0.03	72	290232	卖盘
10:44:09	40.34	0.01	21	85117	中性盘
10:44:06	40.33	-0.04	26	104858	卖盘
10:44:03	40.37	0.04	5	20185	买盘
10:44:00	40.33	--	16	68157	买盘
10:43:57	40.33	-0.04	11	44766	卖盘
10:43:54	40.37	0.04	6	24222	买盘
10:43:51	40.33	-0.05	12	48396	卖盘
10:43:45	40.38	-0.02	55	222090	中性盘
10:43:42	40.4	0.02	271	1098476	买盘
10:43:39	40.38	-0.02	37	149809	卖盘
10:43:36	40.4	--	88	355520	买盘
10:43:33	40.4	0.01	38	153520	买盘
10:43:30	40.39	-0.01	56	226184	卖盘
10:43:27	40.4	--	63	254520	卖盘
10:43:24	40.4	--	25	101000	卖盘
10:43:21	40.4	-0.01	17	68680	卖盘
10:43:18	40.41	--	23	92942	卖盘
10:43:15	40.41	0.01	26	105065	买盘
10:43:12	40.4	--	20	80800	买盘
10:43:09	40.4	-0.01	12	48480	买盘
10:43:06	40.41	0.01	23	92942	买盘
10:43:03	40.4	-0.01	20	80800	卖盘
10:43:00	40.41	0.01	48	193967	买盘
10:42:57	40.4	0.02	161	654076	买盘
10:42:54	40.38	-0.02	3	12114	中性盘
10:42:51	40.4	0.02	61	246440	买盘
10:42:48	40.38	-0.01	7	28266	卖盘
10:42:45	40.39	0.01	150	605850	买盘
10:42:42	40.38	--	7	28266	买盘
10:42:39	40.38	--	9	36342	买盘
10:42:36	40.38	0.04	25	100950	买盘
10:42:33	40.34	-0.05	131	528857	卖盘
10:42:30	40.39	0.01	2	8078	买盘
10:42:27	40.38	--	10	40380	卖盘
10:42:24	40.38	0.01	107	435700	买盘
10:42:21	40.37	0.02	34	137258	买盘
10:42:18	40.35	--	2	8070	卖盘
10:42:15	40.35	-0.02	3	12105	卖盘
10:42:12	40.37	--	102	411774	买盘
10:42:09	40.37	0.03	58	234145	买盘
10:42:06	40.34	-0.01	3	12102	买盘
10:42:03	40.35	-0.02	136	548760	中性盘
10:42:00	40.37	0.04	38	153406	买盘
10:41:57	40.33	-0.04	570	2298810	卖盘
10:41:54	40.37	--	66	266442	卖盘
10:41:51	40.37	--	285	1150545	卖盘
10:41:48	40.37	--	24	96888	卖盘
10:41:45	40.37	--	90	363330	卖盘
10:41:42	40.37	0.01	32	129183	买盘
10:41:39	40.36	-0.01	45	181620	卖盘
10:41:36	40.37	--	33	133221	买盘
10:41:33	40.37	--	30	121109	买盘
10:41:30	40.37	--	8	32295	买盘
10:41:27	40.37	0.02	13	52481	卖盘
10:41:24	40.35	-0.03	149	601215	卖盘
10:41:21	40.38	0.02	134	541092	买盘
10:41:18	40.36	-0.01	85	343060	卖盘
10:41:15	40.37	--	87	351219	卖盘
10:41:12	40.37	--	87	351219	买盘
10:41:09	40.37	-0.01	13	52481	中性盘
10:41:06	40.38	0.01	99	399762	买盘
10:41:03	40.37	-0.01	26	104962	卖盘
10:41:00	40.38	--	57	230166	买盘
10:40:57	40.38	0.02	106	428028	买盘
10:40:54	40.36	-0.02	35	141260	中性盘
10:40:51	40.38	--	30	121140	买盘
10:40:48	40.38	0.02	50	201900	买盘
10:40:45	40.36	-0.02	93	375348	中性盘
10:40:42	40.38	--	94	379572	买盘
10:40:39	40.38	-0.01	34	137292	中性盘
10:40:36	40.39	0.01	25	100975	买盘
10:40:33	40.38	0.03	24	96912	中性盘
10:40:30	40.35	-0.02	39	157365	卖盘
10:40:27	40.37	-0.02	1	4036	中性盘
10:40:21	40.39	0.06	114	460446	买盘
10:40:18	40.33	-0.01	41	165353	卖盘
10:40:15	40.34	--	21	84714	买盘
10:40:12	40.34	--	51	205734	买盘
10:40:09	40.34	-0.05	181	730154	卖盘
10:40:06	40.39	0.04	154	625358	买盘
10:40:03	40.35	0.01	56	225960	买盘
10:40:00	40.34	-0.01	36	145224	卖盘
10:39:57	40.35	--	23	92805	买盘
10:39:54	40.35	0.01	48	193680	中性盘
10:39:51	40.34	-0.01	270	1089180	卖盘
10:39:48	40.35	-0.04	30	123430	卖盘
10:39:45	40.39	--	41	165599	买盘
10:39:42	40.39	--	54	218106	买盘
10:39:39	40.39	-0.01	181	732028	卖盘
10:39:36	40.4	--	17	68680	买盘
10:39:33	40.4	-0.02	144	581760	卖盘
10:39:30	40.42	-0.01	68	274856	中性盘
10:39:27	40.43	-0.02	69	278967	卖盘
10:39:24	40.45	0.01	216	873720	买盘
10:39:21	40.44	-0.01	146	590424	卖盘
10:39:18	40.45	0.01	76	307420	买盘
10:39:15	40.44	-0.01	108	436752	中性盘
10:39:12	40.45	0.01	136	550120	买盘
10:39:09	40.44	--	167	675348	买盘
10:39:06	40.44	--	28	113232	买盘
10:39:03	40.44	-0.01	203	820932	卖盘
10:39:00	40.45	-0.01	314	1270130	卖盘
10:38:57	40.46	0.01	76	307496	买盘
10:38:54	40.45	--	32	129440	卖盘
10:38:51	40.45	0.02	168	679560	买盘
10:38:48	40.43	0.01	51	206193	买盘
10:38:45	40.42	0.01	121	489082	买盘
10:38:42	40.41	0.01	135	545535	买盘
10:38:39	40.4	--	137	553480	买盘
10:38:36	40.4	0.01	178	721463	买盘
10:38:33	40.39	0.01	14	56546	买盘
10:38:30	40.38	0.03	27	109026	买盘
10:38:27	40.35	-0.03	57	232375	卖盘
10:38:24	40.38	0.04	156	629928	买盘
10:38:21	40.34	0.01	53	213802	买盘
10:38:18	40.33	0.01	46	185518	买盘
10:38:15	40.32	0.02	22	88704	买盘
10:38:12	40.3	--	27	108809	卖盘
10:38:09	40.3	0.01	130	527406	买盘
10:38:06	40.29	--	167	672843	卖盘
10:38:03	40.29	--	169	680901	卖盘
10:38:00	40.29	0.06	663	2671227	买盘
10:37:57	40.23	-0.02	82	329886	卖盘
10:37:54	40.25	0.03	12	48300	买盘
10:37:51	40.22	-0.01	162	651564	中性盘
10:37:48	40.23	-0.04	57	229310	卖盘
10:37:45	40.27	--	121	487267	卖盘
10:37:42	40.27	0.06	49	200665	买盘
10:37:39	40.21	-0.04	36	144756	卖盘
10:37:36	40.25	--	21	84525	买盘
10:37:33	40.25	-0.02	175	704375	卖盘
10:37:30	40.27	-0.01	30	122823	卖盘
10:37:27	40.28	0.01	18	74518	卖盘
10:37:24	40.27	--	216	869832	买盘
10:37:21	40.27	0.07	39	157053	中性盘
10:37:18	40.2	-0.08	305	1226100	卖盘
10:37:15	40.28	0.02	158	636424	买盘
10:37:12	40.26	-0.01	81	326106	卖盘
10:37:09	40.27	0.01	256	1030912	买盘
10:37:06	40.26	--	22	88572	卖盘
10:37:03	40.26	0.01	170	684420	买盘
10:37:00	40.25	--	53	213325	买盘
10:36:57	40.25	-0.01	68	273700	中性盘
10:36:54	40.26	0.02	274	1103124	买盘
10:36:51	40.24	0.02	20	80480	卖盘
10:36:48	40.22	-0.03	7	28154	卖盘
10:36:45	40.25	0.03	61	245525	买盘
10:36:42	40.22	0.02	405	1628910	买盘
10:36:39	40.2	--	153	615060	买盘
10:36:36	40.2	0.02	172	691440	买盘
10:36:33	40.18	-0.01	103	413854	卖盘
10:36:30	40.19	0.05	57	229083	买盘
10:36:27	40.14	-0.01	62	248868	卖盘
10:36:24	40.15	--	2	8030	卖盘
10:36:21	40.15	0.02	172	690580	中性盘
10:36:18	40.13	--	52	208676	卖盘
10:36:15	40.13	-0.05	122	489586	卖盘
10:36:12	40.18	0.03	103	413854	买盘
10:36:09	40.15	0.02	72	289080	买盘
10:36:06	40.13	--	58	232754	买盘
10:36:03	40.13	--	60	240780	买盘
10:36:00	40.13	0.02	47	188611	买盘
10:35:57	40.11	-0.01	23	92253	卖盘
10:35:54	40.12	0.02	22	88264	买盘
10:35:51	40.1	0.01	26	104260	卖盘
10:35:48	40.09	-0.01	32	128288	卖盘
10:35:45	40.1	--	3	12030	卖盘
10:35:42	40.1	--	23	95839	买盘
10:35:39	40.1	--	28	112280	买盘
10:35:36	40.1	0.01	249	998490	买盘
10:35:33	40.09	0.03	95	384182	买盘
10:35:30	40.06	-0.03	4	16705	卖盘
10:35:27	40.09	0.04	61	247876	买盘
10:35:24	40.05	-0.01	3	12695	卖盘
10:35:21	40.06	0.01	193	773158	买盘
10:35:18	40.05	--	29	116144	卖盘
10:35:15	40.05	--	33	132165	卖盘
10:35:12	40.05	0.03	128	515964	买盘
10:35:09	40.02	0.01	111	444222	买盘
10:35:06	40.01	-0.01	14	56014	卖盘
10:35:03	40.02	-0.01	9	36018	卖盘
10:35:00	40.03	-0.02	27	108081	中性盘
10:34:57	40.05	--	33	132165	买盘
10:34:54	40.05	0.05	12	48060	买盘
10:34:51	40.0	-0.03	92	368000	卖盘
10:34:48	40.03	-0.02	38	152114	卖盘
10:34:45	40.05	-0.01	264	1057320	卖盘
10:34:42	40.06	-0.02	6	24036	买盘
10:34:39	40.08	0.08	292	1170336	买盘
10:34:36	40.0	-0.02	63	252400	卖盘
10:34:33	40.02	0.02	11	44022	中性盘
10:34:27	40.0	-0.05	339	1356000	卖盘
10:34:24	40.05	-0.01	3	12015	买盘
10:34:21	40.06	0.04	105	420630	买盘
10:34:18	40.02	-0.03	26	104052	卖盘
10:34:15	40.05	0.03	7	28034	买盘
10:34:12	40.02	--	67	268134	卖盘
10:34:09	40.02	-0.04	232	928464	卖盘
10:34:06	40.06	0.01	8	32048	中性盘
10:34:03	40.05	--	53	212264	卖盘
10:34:00	40.05	--	210	841049	卖盘
10:33:57	40.05	-0.01	142	568710	卖盘
10:33:54	40.06	--	3	12018	买盘
10:33:51	40.06	0.01	9	36054	买盘
10:33:48	40.05	-0.02	66	264330	卖盘
10:33:45	40.07	0.02	76	304532	买盘
10:33:39	40.05	-0.01	23	92115	卖盘
10:33:36	40.06	0.01	103	412618	买盘
10:33:33	40.05	--	16	64079	卖盘
10:33:30	40.05	--	8	32039	卖盘
10:33:27	40.05	-0.01	89	356445	买盘
10:33:24	40.06	--	9	36054	买盘
10:33:21	40.06	0.01	44	176264	买盘
10:33:18	40.05	--	10	40050	卖盘
10:33:15	40.05	-0.01	47	188235	卖盘
10:33:12	40.06	0.02	10	40060	买盘
10:33:09	40.04	--	65	260260	卖盘
10:33:06	40.04	--	3	12012	卖盘
10:33:03	40.04	--	3	12012	卖盘
10:33:00	40.04	0.01	209	836836	买盘
10:32:57	40.03	-0.01	20	83662	中性盘
10:32:54	40.04	0.02	22	88088	买盘
10:32:51	40.02	-0.02	119	476238	卖盘
10:32:48	40.04	0.03	4	16016	买盘
10:32:45	40.01	0.01	182	728182	买盘
10:32:42	40.0	-0.01	10	40000	卖盘
10:32:39	40.01	0.01	11	44011	买盘
10:32:36	40.0	--	15	60000	卖盘
10:32:33	40.0	--	115	460000	买盘
10:32:30	40.0	--	15	60000	买盘
10:32:27	40.0	0.02	5	20000	买盘
10:32:24	39.98	--	30	119939	买盘
10:32:21	39.98	--	34	135932	买盘
10:32:18	39.98	0.03	51	203897	买盘
10:32:15	39.95	-0.02	1	3995	卖盘
10:32:12	39.97	0.01	27	107919	买盘
10:32:09	39.96	-0.04	20	79920	中性盘
10:32:06	40.0	0.05	291	1164000	买盘
10:32:03	39.95	--	90	359550	买盘
10:32:00	39.95	-0.03	134	535330	卖盘
10:31:57	39.98	--	29	115941	买盘
10:31:54	39.98	0.01	68	271864	买盘
10:31:51	39.97	-0.01	14	55958	卖盘
10:31:48	39.98	0.02	1	3997	买盘
10:31:45	39.96	-0.01	103	411588	卖盘
10:31:42	39.97	0.01	25	99925	买盘
10:31:39	39.96	0.01	41	163836	卖盘
10:31:36	39.95	--	76	303620	中性盘
10:31:30	39.95	0.01	5	19975	卖盘
10:31:27	39.94	0.01	35	139790	中性盘
10:31:24	39.93	--	42	167706	卖盘
10:31:21	39.93	0.03	5	19965	卖盘
10:31:18	39.9	-0.05	20	79800	卖盘
10:31:15	39.95	0.02	71	283645	买盘
10:31:12	39.93	0.01	14	55902	买盘
10:31:09	39.92	--	19	75848	卖盘
10:31:06	39.92	--	5	19960	卖盘
10:31:03	39.92	0.02	28	111776	买盘
10:31:00	39.9	0.03	24	95760	买盘
10:30:57	39.87	-0.04	38	151506	卖盘
10:30:54	39.91	0.01	9	35919	中性盘
10:30:51	39.9	0.01	275	1097250	买盘
10:30:48	39.89	0.02	10	39890	中性盘
10:30:45	39.87	0.01	5	19935	卖盘
10:30:42	39.86	-0.03	7	27902	卖盘
10:30:39	39.89	0.03	14	59396	买盘
10:30:36	39.86	-0.03	12	47832	卖盘
10:30:33	39.89	--	3	11967	买盘
10:30:30	39.89	0.05	16	63824	买盘
10:30:24	39.84	-0.05	5	19920	卖盘
10:30:21	39.89	0.04	31	123659	买盘
10:30:18	39.85	--	38	151430	买盘
10:30:15	39.85	-0.04	215	857213	卖盘
10:30:12	39.89	-0.01	19	79341	卖盘
10:30:09	39.9	--	32	127680	买盘
10:30:06	39.9	--	53	211470	卖盘
10:30:03	39.9	-0.05	104	414960	卖盘
10:30:00	39.95	0.03	72	287640	买盘
10:29:57	39.92	-0.01	120	479040	卖盘
10:29:54	39.93	-0.02	17	67881	卖盘
10:29:51	39.95	--	21	83895	买盘
10:29:48	39.95	-0.03	196	783020	卖盘
10:29:45	39.98	--	22	87956	买盘
10:29:42	39.98	-0.01	158	631684	卖盘
10:29:39	39.99	0.01	37	147963	买盘
10:29:36	39.98	-0.01	18	71964	卖盘
10:29:33	39.99	--	36	143964	买盘
10:29:30	39.99	-0.01	56	223944	卖盘
10:29:24	40.0	--	20	80000	中性盘
10:29:21	40.0	--	80	320000	卖盘
10:29:18	40.0	--	21	84000	卖盘
10:29:15	40.0	--	55	220000	卖盘
10:29:12	40.0	--	67	268000	买盘
10:29:09	40.0	0.01	55	220000	买盘
10:29:06	39.99	--	91	363909	卖盘
10:29:03	39.99	-0.01	129	515871	卖盘
10:29:00	40.0	--	19	76000	买盘
10:28:57	40.0	-0.04	367	1468000	卖盘
10:28:54	40.04	0.03	58	232232	买盘
10:28:51	40.01	-0.01	9	36009	卖盘
10:28:48	40.02	-0.01	74	296148	卖盘
10:28:45	40.03	--	53	212159	卖盘
10:28:42	40.03	-0.02	29	116087	中性盘
10:28:39	40.05	--	46	184230	买盘
10:28:36	40.05	--	13	52064	买盘
10:28:33	40.05	0.05	154	616770	卖盘
10:28:30	40.0	-0.05	42	168000	卖盘
10:28:27	40.05	0.05	50	200250	买盘
10:28:24	40.0	-0.06	9	36000	卖盘
10:28:21	40.06	--	41	164246	买盘
10:28:18	40.06	0.01	37	148222	买盘
10:28:15	40.05	-0.02	33	132165	中性盘
10:28:12	40.07	0.07	14	56098	买盘
10:28:09	40.0	--	53	212000	卖盘
10:28:06	40.0	--	21	84000	卖盘
10:28:03	40.0	-0.08	2	8000	卖盘
10:28:00	40.08	0.08	73	292584	买盘
10:27:57	40.0	--	26	104000	卖盘
10:27:54	40.0	--	104	416000	买盘
10:27:51	40.0	0.01	46	184000	买盘
10:27:48	39.99	-0.11	72	287928	卖盘
10:27:45	40.1	0.01	78	312780	买盘
10:27:42	40.09	0.01	43	172387	中性盘
10:27:39	40.08	-0.01	256	1026048	中性盘
10:27:36	40.09	-0.01	107	428963	卖盘
10:27:33	40.1	-0.05	353	1415530	卖盘
10:27:30	40.15	--	222	891330	买盘
10:27:27	40.15	-0.02	94	377410	买盘
10:27:24	40.17	0.02	77	309309	买盘
10:27:21	40.15	-0.01	180	722700	中性盘
10:27:18	40.16	-0.01	58	232927	中性盘
10:27:15	40.17	-0.03	118	474006	买盘
10:27:12	40.2	0.04	180	723600	买盘
10:27:09	40.16	-0.02	46	184735	卖盘
10:27:06	40.18	0.02	99	397782	买盘
10:27:03	40.16	0.02	129	518063	买盘
10:27:00	40.14	0.02	83	333162	买盘
10:26:57	40.12	--	31	124371	买盘
10:26:54	40.12	0.01	66	264792	买盘
10:26:51	40.11	0.01	49	196539	买盘
10:26:48	40.1	0.04	45	180450	买盘
10:26:45	40.06	0.06	23	92138	中性盘
10:26:42	40.0	--	157	628000	卖盘
10:26:39	40.0	--	13	52000	卖盘
10:26:36	40.0	--	70	280000	买盘
10:26:33	40.0	--	589	2356000	买盘
10:26:30	40.0	0.01	167	668000	买盘
10:26:27	39.99	--	106	423894	卖盘
10:26:24	39.99	-0.01	7	27993	卖盘
10:26:21	40.0	0.02	67	268000	买盘
10:26:18	39.98	--	401	1603197	卖盘
10:26:15	39.98	--	119	475761	卖盘
10:26:12	39.98	--	75	299850	卖盘
10:26:09	39.98	0.01	197	787605	买盘
10:26:06	39.97	-0.01	86	343742	卖盘
10:26:03	39.98	0.01	94	375811	买盘
10:26:00	39.97	--	301	1203097	卖盘
10:25:57	39.97	-0.01	56	223832	中性盘
10:25:54	39.98	--	43	171914	买盘
10:25:51	39.98	0.01	164	655672	买盘
10:25:48	39.97	0.01	67	267799	买盘
10:25:45	39.96	0.01	35	139860	买盘
10:25:42	39.95	-0.01	31	123845	卖盘
10:25:39	39.96	0.01	64	255744	买盘
10:25:36	39.95	0.01	144	575280	买盘
10:25:33	39.94	-0.01	130	519219	卖盘
10:25:30	39.95	0.01	39	155805	买盘
10:25:27	39.94	0.02	206	824761	买盘
10:25:24	39.92	0.02	197	786424	买盘
10:25:21	39.9	--	45	179550	卖盘
10:25:18	39.9	-0.02	2	7980	卖盘
10:25:15	39.92	0.03	8	31936	买盘
10:25:12	39.89	-0.01	119	474691	卖盘
10:25:09	39.9	--	17	67830	买盘
10:25:06	39.9	--	85	339150	买盘
10:25:03	39.9	0.01	31	123690	买盘
10:25:00	39.89	-0.01	17	67813	卖盘
10:24:57	39.9	0.02	117	466830	买盘
10:24:54	39.88	-0.01	89	354932	卖盘
10:24:51	39.89	0.01	29	115681	买盘
10:24:48	39.88	0.01	65	259220	买盘
10:24:45	39.87	-0.01	5	19935	买盘
10:24:42	39.88	--	39	155532	买盘
10:24:39	39.88	0.04	62	247256	买盘
10:24:36	39.84	--	10	39840	卖盘
10:24:33	39.84	--	38	151392	卖盘
10:24:30	39.84	--	22	87648	买盘
10:24:27	39.84	0.02	1	3984	中性盘
10:24:21	39.82	-0.01	609	2425038	卖盘
10:24:18	39.83	--	7	27881	买盘
10:24:15	39.83	0.01	44	175252	买盘
10:24:12	39.82	--	8	31856	买盘
10:24:09	39.82	0.01	9	35838	买盘
10:24:00	39.81	--	55	218955	卖盘
10:23:57	39.81	0.03	536	2135488	买盘
10:23:54	39.78	-0.01	5	19890	卖盘
10:23:51	39.79	0.01	10	39790	买盘
10:23:48	39.78	-0.01	2	7956	中性盘
10:23:42	39.79	0.01	141	561039	买盘
10:23:39	39.78	0.02	23	91494	买盘
10:23:36	39.76	--	25	99400	买盘
10:23:33	39.76	--	15	59640	买盘
10:23:30	39.76	--	1	3976	买盘
10:23:27	39.76	--	7	27832	买盘
10:23:24	39.76	--	29	115304	卖盘
10:23:21	39.76	-0.01	5	19880	中性盘
10:23:18	39.77	0.01	29	115333	买盘
10:23:15	39.76	--	2	7952	卖盘
10:23:12	39.76	--	6	23856	卖盘
10:23:09	39.76	--	21	83496	买盘
10:23:06	39.76	0.02	8	31808	买盘
10:23:03	39.74	-0.01	130	516620	卖盘
10:22:57	39.75	--	4	15900	买盘
10:22:54	39.75	--	5	19875	买盘
10:22:51	39.75	0.01	3	11925	中性盘
10:22:45	39.74	-0.01	8	31792	卖盘
10:22:42	39.75	-0.01	10	39750	中性盘
10:22:39	39.76	0.02	50	198800	买盘
10:22:36	39.74	-0.01	86	341764	卖盘
10:22:33	39.75	--	1	3975	卖盘
10:22:30	39.75	0.01	301	1196475	买盘
10:22:27	39.74	--	50	198700	买盘
10:22:24	39.74	--	14	55636	买盘
10:22:12	39.74	--	34	135116	卖盘
10:22:09	39.74	--	9	35766	卖盘
10:22:06	39.74	--	78	309972	买盘
10:22:03	39.74	0.01	10	39740	买盘
10:22:00	39.73	--	6	23837	卖盘
10:21:57	39.73	-0.01	12	47675	卖盘
10:21:54	39.74	--	3	11922	买盘
10:21:51	39.74	--	1	3974	买盘
10:21:45	39.74	--	38	151012	中性盘
10:21:42	39.74	--	1	3974	卖盘
10:21:39	39.74	-0.01	2	7948	卖盘
10:21:36	39.75	0.01	11	43725	买盘
10:21:33	39.74	--	1	3974	卖盘
10:21:27	39.74	0.01	68	270232	买盘
10:21:24	39.73	--	87	345651	卖盘
10:21:21	39.73	-0.01	44	174812	卖盘
10:21:18	39.74	0.01	24	95376	买盘
10:21:12	39.73	-0.01	46	182758	卖盘
10:21:09	39.74	0.01	32	127168	买盘
10:21:06	39.73	-0.01	45	178785	卖盘
10:21:03	39.74	0.01	69	274206	买盘
10:21:00	39.73	--	2	7945	卖盘
10:20:57	39.73	-0.01	2	7945	卖盘
10:20:54	39.74	--	1	3974	买盘
10:20:51	39.74	--	19	75506	卖盘
10:20:48	39.74	--	12	47688	卖盘
10:20:45	39.74	--	8	31792	卖盘
10:20:42	39.74	--	20	79480	卖盘
10:20:39	39.74	--	11	43714	卖盘
10:20:36	39.74	-0.01	15	59610	卖盘
10:20:33	39.75	--	11	43725	买盘
10:20:30	39.75	--	29	115275	买盘
10:20:24	39.75	0.01	9	35775	买盘
10:20:21	39.74	--	2	7948	卖盘
10:20:15	39.74	--	82	325868	卖盘
10:20:12	39.74	--	61	242414	买盘
10:20:09	39.74	0.01	43	170882	买盘
10:20:06	39.73	-0.01	10	39730	卖盘
10:20:03	39.74	--	2	7948	买盘
10:20:00	39.74	--	5	19870	买盘
10:19:57	39.74	--	81	321894	买盘
10:19:54	39.74	--	51	202674	买盘
10:19:51	39.74	--	26	103324	买盘
10:19:48	39.74	-0.01	84	333816	卖盘
10:19:45	39.75	0.01	3	11925	买盘
10:19:42	39.74	-0.01	1	3974	卖盘
10:19:36	39.75	--	108	429300	卖盘
10:19:33	39.75	--	28	111300	卖盘
10:19:30	39.75	-0.01	43	170925	卖盘
10:19:27	39.76	0.01	21	83496	买盘
10:19:24	39.75	-0.01	27	107325	卖盘
10:19:21	39.76	0.01	69	274344	买盘
10:19:18	39.75	--	1	3975	卖盘
10:19:15	39.75	0.01	105	417375	买盘
10:19:12	39.74	--	15	59610	卖盘
10:19:09	39.74	--	4	15896	卖盘
10:19:06	39.74	-0.01	4	15896	卖盘
10:19:03	39.75	0.01	21	83475	买盘
10:19:00	39.74	--	8	31792	卖盘
10:18:57	39.74	--	43	170882	卖盘
10:18:54	39.74	-0.01	30	119220	卖盘
10:18:51	39.75	0.01	24	95400	买盘
10:18:48	39.74	-0.01	3	11922	卖盘
10:18:45	39.75	0.01	1	3975	买盘
10:18:42	39.74	-0.01	82	325868	卖盘
10:18:39	39.75	--	27	107325	卖盘
10:18:33	39.75	--	15	59625	卖盘
10:18:30	39.75	-0.01	27	107325	卖盘
10:18:27	39.76	0.01	11	43736	中性盘
10:18:24	39.75	--	132	524700	卖盘
10:18:21	39.75	--	9	35775	卖盘
10:18:15	39.75	--	111	441225	卖盘
10:18:09	39.75	--	57	226575	卖盘
10:18:06	39.75	-0.01	11	43725	卖盘
10:18:03	39.76	--	5	19880	买盘
10:18:00	39.76	-0.01	1	3976	买盘
10:17:57	39.77	0.02	2	7954	买盘
10:17:54	39.75	-0.01	82	325950	卖盘
10:17:51	39.76	--	93	369768	卖盘
10:17:48	39.76	--	30	119280	卖盘
10:17:45	39.76	0.01	105	417480	买盘
10:17:42	39.75	-0.01	41	162975	卖盘
10:17:39	39.76	-0.01	26	103376	买盘
10:17:36	39.77	0.02	110	437470	买盘
10:17:33	39.75	-0.01	6	23850	卖盘
10:17:27	39.76	--	20	79520	卖盘
10:17:24	39.76	--	15	59640	卖盘
10:17:21	39.76	--	6	23856	卖盘
10:17:18	39.76	0.01	99	393624	买盘
10:17:15	39.75	-0.01	13	51675	卖盘
10:17:12	39.76	0.01	24	95424	买盘
10:17:09	39.75	-0.01	8	31800	卖盘
10:17:06	39.76	0.01	21	83496	买盘
10:17:03	39.75	--	24	95400	卖盘
10:17:00	39.75	-0.01	13	51675	卖盘
10:16:57	39.76	0.01	77	306152	买盘
10:16:54	39.75	-0.02	68	270300	卖盘
10:16:51	39.77	0.02	92	365884	买盘
10:16:48	39.75	-0.01	40	159000	卖盘
10:16:45	39.76	--	343	1363768	卖盘
10:16:42	39.76	--	22	87472	卖盘
10:16:39	39.76	-0.02	4	15904	卖盘
10:16:36	39.78	--	77	306306	买盘
10:16:33	39.78	--	31	123318	买盘
10:16:30	39.78	--	51	202878	卖盘
10:16:27	39.78	--	58	230724	卖盘
10:16:24	39.78	--	18	71604	卖盘
10:16:21	39.78	0.02	81	322218	买盘
10:16:18	39.76	-0.02	54	214704	买盘
10:16:15	39.78	0.02	17	67626	买盘
10:16:12	39.76	-0.02	24	95424	卖盘
10:16:09	39.78	--	7	27846	买盘
10:16:06	39.78	--	50	198900	卖盘
10:16:03	39.78	-0.01	10	39780	卖盘
10:16:00	39.79	--	49	194971	卖盘
10:15:57	39.79	-0.01	2	7958	卖盘
10:15:54	39.8	0.02	48	191040	买盘
10:15:51	39.78	-0.01	63	250614	卖盘
10:15:48	39.79	-0.02	138	549102	卖盘
10:15:45	39.81	--	25	99525	买盘
10:15:42	39.81	--	24	95544	买盘
10:15:39	39.81	0.01	39	155259	买盘
10:15:36	39.8	--	5	19900	卖盘
10:15:33	39.8	--	58	230839	卖盘
10:15:30	39.8	0.05	477	1898459	买盘
10:15:27	39.75	--	50	198750	卖盘
10:15:24	39.75	-0.01	132	524700	卖盘
10:15:21	39.76	0.01	8	31808	买盘
10:15:18	39.75	-0.03	31	123225	卖盘
10:15:15	39.78	0.03	113	449514	买盘
10:15:12	39.75	-0.01	10	39750	卖盘
10:15:09	39.76	0.01	20	79520	买盘
10:15:06	39.75	-0.01	22	87450	卖盘
10:15:03	39.76	0.02	42	166992	买盘
10:15:00	39.74	--	1	3974	买盘
10:14:57	39.74	--	4	15896	卖盘
10:14:51	39.74	0.03	36	143064	买盘
10:14:48	39.71	--	18	71478	买盘
10:14:45	39.71	0.01	6	23826	买盘
10:14:39	39.7	0.02	200	794000	买盘
10:14:36	39.68	--	5	19840	卖盘
10:14:33	39.68	0.01	32	126976	买盘
10:14:30	39.67	0.02	189	749763	买盘
10:14:27	39.65	--	18	71370	卖盘
10:14:21	39.65	0.01	74	293410	买盘
10:14:18	39.64	--	1	3964	卖盘
10:14:15	39.64	--	25	99100	卖盘
10:14:12	39.64	--	24	95136	卖盘
10:14:09	39.64	0.05	110	436040	买盘
10:14:06	39.59	--	13	51467	买盘
10:14:03	39.59	0.01	4	15836	买盘
10:14:00	39.58	--	8	31664	卖盘
10:13:57	39.58	--	9	35622	卖盘
10:13:54	39.58	-0.01	11	43538	卖盘
10:13:48	39.59	-0.05	112	443408	卖盘
10:13:45	39.64	--	21	83244	卖盘
10:13:42	39.64	0.05	31	122884	买盘
10:13:36	39.59	-0.05	3	11877	卖盘
10:13:33	39.64	0.04	122	483608	买盘
10:13:30	39.6	-0.02	142	562320	卖盘
10:13:24	39.62	-0.02	22	87164	卖盘
10:13:21	39.64	0.01	56	221984	买盘
10:13:18	39.63	-0.01	8	31704	买盘
10:13:15	39.64	-0.01	31	122884	买盘
10:13:12	39.65	0.02	39	154635	买盘
10:13:09	39.63	-0.03	97	384411	卖盘
10:13:06	39.66	--	6	23795	买盘
10:13:03	39.66	--	5	19830	买盘
10:13:00	39.66	0.02	13	51557	买盘
10:12:57	39.64	-0.01	2	7928	卖盘
10:12:54	39.65	0.02	11	43615	买盘
10:12:51	39.63	0.01	143	566709	中性盘
10:12:42	39.62	-0.01	7	27734	卖盘
10:12:39	39.63	0.01	1	5270	买盘
10:12:36	39.62	0.01	28	110936	卖盘
10:12:33	39.61	-0.02	10	39610	买盘
10:12:30	39.63	0.02	115	455745	买盘
10:12:27	39.61	--	53	209933	卖盘
10:12:18	39.61	--	7	27727	买盘
10:12:15	39.61	--	7	27727	买盘
10:12:09	39.61	0.01	1	3961	买盘
10:12:06	39.6	0.02	14	55440	买盘
10:12:00	39.58	0.01	219	866802	买盘
10:11:57	39.57	0.01	203	803271	中性盘
10:11:54	39.56	--	185	731860	卖盘
10:11:51	39.56	--	15	59340	卖盘
10:11:48	39.56	-0.01	88	348128	卖盘
10:11:45	39.57	--	106	419442	买盘
10:11:42	39.57	--	38	150366	买盘
10:11:39	39.57	--	3	11871	买盘
10:11:36	39.57	-0.01	117	462969	卖盘
10:11:33	39.58	--	9	35622	买盘
10:11:30	39.58	0.01	2	7916	买盘
10:11:27	39.57	-0.01	141	557937	卖盘
10:11:24	39.58	--	22	87076	买盘
10:11:21	39.58	--	122	482876	卖盘
10:11:15	39.58	-0.01	10	39580	卖盘
10:11:12	39.59	0.01	2	7918	中性盘
10:11:09	39.58	-0.02	4	15832	卖盘
10:11:06	39.6	0.01	30	118800	买盘
10:11:03	39.59	0.01	18	71262	买盘
10:11:00	39.58	0.01	3	11874	买盘
10:10:57	39.57	-0.02	72	284904	卖盘
10:10:54	39.59	0.01	47	186073	买盘
10:10:51	39.58	-0.01	2	7916	卖盘
10:10:45	39.59	0.02	37	146483	买盘
10:10:42	39.57	-0.01	13	51441	卖盘
10:10:39	39.58	-0.01	10	39580	卖盘
10:10:36	39.59	0.01	7	27713	买盘
10:10:33	39.58	-0.01	56	221648	卖盘
10:10:27	39.59	--	15	59385	买盘
10:10:24	39.59	-0.03	59	233581	卖盘
10:10:21	39.62	0.02	42	166404	买盘
10:10:18	39.6	-0.02	12	47520	卖盘
10:10:15	39.62	0.02	95	376390	买盘
10:10:12	39.6	--	45	178200	卖盘
10:10:09	39.6	0.01	14	55440	卖盘
10:10:06	39.59	--	79	312761	卖盘
10:10:03	39.59	--	41	162319	卖盘
10:10:00	39.59	--	20	79180	卖盘
10:09:57	39.59	--	18	71262	卖盘
10:09:54	39.59	--	101	399859	卖盘
10:09:51	39.59	-0.01	37	146483	卖盘
10:09:48	39.6	0.01	16	63360	买盘
10:09:45	39.59	--	13	51467	卖盘
10:09:42	39.59	-0.01	12	47508	卖盘
10:09:39	39.6	--	137	542520	买盘
10:09:36	39.6	--	16	63360	买盘
10:09:33	39.6	--	2	7920	买盘
10:09:30	39.6	--	11	43560	买盘
10:09:27	39.6	-0.01	33	130680	卖盘
10:09:24	39.61	-0.01	2	7922	中性盘
10:09:21	39.62	0.01	67	265454	买盘
10:09:18	39.61	-0.01	7	27727	买盘
10:09:15	39.62	0.03	12	47544	买盘
10:09:12	39.59	-0.02	17	67303	卖盘
10:09:09	39.61	0.01	5	19805	中性盘
10:09:06	39.6	-0.02	320	1267200	卖盘
10:09:03	39.62	--	45	180944	卖盘
10:09:00	39.62	--	34	134708	卖盘
10:08:57	39.62	-0.01	15	59429	卖盘
10:08:54	39.63	0.01	31	122853	买盘
10:08:51	39.62	-0.01	3	11886	卖盘
10:08:48	39.63	0.01	13	51519	中性盘
10:08:45	39.62	--	118	467515	卖盘
10:08:42	39.62	-0.01	46	182252	卖盘
10:08:39	39.63	0.02	139	552164	买盘
10:08:36	39.61	--	58	229738	卖盘
10:08:30	39.61	-0.01	18	71298	卖盘
10:08:27	39.62	--	28	113590	卖盘
10:08:24	39.62	-0.01	23	91126	卖盘
10:08:21	39.63	0.01	3	11889	买盘
10:08:18	39.62	-0.02	1	3961	卖盘
10:08:15	39.64	--	16	63424	买盘
10:08:12	39.64	0.02	10	43524	买盘
10:08:09	39.62	-0.01	30	118859	卖盘
10:08:06	39.63	--	9	37054	买盘
10:08:03	39.63	--	15	59445	买盘
10:08:00	39.63	0.01	16	63408	买盘
10:07:57	39.62	-0.02	26	105587	卖盘
10:07:54	39.64	-0.01	17	67388	卖盘
10:07:51	39.65	-0.01	15	59475	卖盘
10:07:48	39.66	-0.01	1	3965	中性盘
10:07:45	39.67	-0.01	21	83307	买盘
10:07:39	39.68	--	19	75392	卖盘
10:07:36	39.68	0.01	198	785664	买盘
10:07:33	39.67	0.02	16	63472	买盘
10:07:30	39.65	-0.02	21	83265	卖盘
10:07:27	39.67	--	36	142812	卖盘
10:07:24	39.67	0.03	54	215606	买盘
10:07:18	39.64	-0.01	1	3964	卖盘
10:07:15	39.65	-0.02	46	182390	卖盘
10:07:12	39.67	0.02	11	43637	买盘
10:07:09	39.65	-0.03	26	103090	卖盘
10:07:06	39.68	0.04	6	23808	买盘
10:07:03	39.64	--	47	186308	卖盘
10:07:00	39.64	-0.01	12	47568	卖盘
10:06:57	39.65	0.01	21	83265	买盘
10:06:54	39.64	--	7	27748	卖盘
10:06:48	39.64	--	28	110992	卖盘
10:06:45	39.64	--	117	463788	买盘
10:06:42	39.64	0.01	46	182344	买盘
10:06:39	39.63	-0.01	26	103038	卖盘
10:06:36	39.64	--	110	436040	买盘
10:06:33	39.64	--	6	23784	买盘
10:06:30	39.64	-0.05	149	590636	卖盘
10:06:27	39.69	-0.03	7	27783	卖盘
10:06:24	39.72	0.02	224	889728	买盘
10:06:21	39.7	-0.01	39	154830	卖盘
10:06:18	39.71	0.01	65	258115	买盘
10:06:15	39.7	0.01	2	7940	中性盘
10:06:12	39.69	--	8	31752	卖盘
10:06:09	39.69	-0.01	45	178605	卖盘
10:06:06	39.7	--	3	11910	买盘
10:06:03	39.7	--	32	127040	买盘
10:06:00	39.7	0.05	37	146890	买盘
10:05:57	39.65	-0.03	32	126880	卖盘
10:05:54	39.68	0.03	14	55552	买盘
10:05:51	39.65	--	6	23790	买盘
10:05:48	39.65	-0.07	30	118950	买盘
10:05:45	39.72	--	82	325704	买盘
10:05:42	39.72	0.01	41	162852	买盘
10:05:39	39.71	0.01	60	238260	买盘
