成交时间	成交价	价格变动	成交量(手)	成交额(元)	性质
15:00:03	5.21	--	1172	610612	卖盘
14:57:00	5.21	--	4	2084	卖盘
14:56:54	5.21	-0.01	25	13025	卖盘
14:56:45	5.22	0.01	2	1044	买盘
14:56:42	5.21	--	20	10420	卖盘
14:56:36	5.21	--	10	5210	卖盘
14:56:33	5.21	--	10	5210	卖盘
14:56:24	5.21	--	11	5731	卖盘
14:56:21	5.21	--	7	3647	卖盘
14:56:18	5.21	--	44	22924	卖盘
14:56:15	5.21	--	10	5210	卖盘
14:56:12	5.21	--	32	16672	卖盘
14:56:06	5.21	--	76	39596	卖盘
14:55:54	5.21	--	55	28655	卖盘
14:55:48	5.21	--	421	219341	卖盘
14:55:45	5.21	--	57	29697	卖盘
14:55:42	5.21	--	30	15630	卖盘
14:55:36	5.21	--	11	5731	卖盘
14:55:33	5.21	--	1287	670527	卖盘
14:55:24	5.21	-0.01	100	52100	卖盘
14:55:21	5.22	--	3	1566	买盘
14:55:18	5.22	0.01	60	31320	买盘
14:55:15	5.21	--	31	16151	卖盘
14:55:12	5.21	-0.01	10	5210	卖盘
14:55:06	5.22	--	34	17748	买盘
14:55:00	5.22	0.01	10	5220	买盘
14:54:57	5.21	--	250	130250	卖盘
14:54:51	5.21	-0.01	18	9378	卖盘
14:54:45	5.22	0.01	4	2088	买盘
14:54:36	5.21	--	5	2605	卖盘
14:54:18	5.21	-0.01	58	30218	卖盘
14:54:15	5.22	0.01	10	5220	买盘
14:54:12	5.21	--	10	5210	卖盘
14:54:09	5.21	--	51	26571	卖盘
14:54:06	5.21	--	66	34386	卖盘
14:53:57	5.21	--	2	1042	卖盘
14:53:48	5.21	--	8	4168	卖盘
14:53:42	5.21	--	153	79713	卖盘
14:53:39	5.21	--	156	81276	卖盘
14:53:36	5.21	--	51	26571	卖盘
14:53:33	5.21	--	115	59915	卖盘
14:53:27	5.21	--	90	46890	卖盘
14:53:15	5.21	-0.01	2	1042	卖盘
14:53:06	5.22	0.01	10	5220	买盘
14:53:03	5.21	--	10	5210	卖盘
14:52:48	5.21	--	564	293844	卖盘
14:52:45	5.21	-0.01	1	521	卖盘
14:52:42	5.22	--	13	6786	买盘
14:52:21	5.22	0.01	50	26100	买盘
14:52:12	5.21	-0.01	12	6252	卖盘
14:52:09	5.22	--	30	15660	买盘
14:52:06	5.22	0.01	44	22968	买盘
14:51:57	5.21	-0.01	3	1563	卖盘
14:51:54	5.22	0.01	24	12528	买盘
14:51:51	5.21	-0.01	2	1042	卖盘
14:51:45	5.22	0.01	509	265698	买盘
14:51:42	5.21	-0.01	150	78150	卖盘
14:51:27	5.22	--	60	31320	买盘
14:51:24	5.22	0.01	10	5220	买盘
14:51:21	5.21	--	34	17714	卖盘
14:51:18	5.21	-0.01	7	3647	卖盘
14:51:12	5.22	--	24	12528	买盘
14:51:00	5.22	0.01	20	10440	买盘
14:50:54	5.21	-0.01	2	1042	卖盘
14:50:48	5.22	--	2	1044	买盘
14:50:45	5.22	0.01	10	5220	买盘
14:50:42	5.21	-0.01	10	5210	卖盘
14:50:36	5.22	--	59	30798	买盘
14:50:33	5.22	0.01	500	261000	买盘
14:50:30	5.21	--	5	2605	卖盘
14:50:27	5.21	-0.01	5	2605	卖盘
14:50:21	5.22	0.01	12	6264	买盘
14:50:12	5.21	-0.01	80	41680	卖盘
14:50:00	5.22	0.01	60	31320	买盘
14:49:54	5.21	--	2	1042	卖盘
14:49:45	5.21	--	2	1042	卖盘
14:49:42	5.21	-0.01	200	104200	卖盘
14:49:15	5.22	--	18	9396	买盘
14:48:48	5.22	0.01	10	5220	买盘
14:48:27	5.21	--	24	12504	卖盘
14:48:03	5.21	-0.01	11	5731	卖盘
14:48:00	5.22	0.01	139	72558	买盘
14:47:57	5.21	-0.01	130	67730	卖盘
14:47:54	5.22	0.01	129	67338	买盘
14:47:42	5.21	--	50	26050	卖盘
14:47:39	5.21	-0.01	10	5210	卖盘
14:47:33	5.22	--	1	522	买盘
14:47:30	5.22	0.01	5	2610	买盘
14:47:12	5.21	-0.01	2	1042	卖盘
14:47:06	5.22	--	10	5220	买盘
14:46:39	5.22	0.01	65	33930	买盘
14:46:33	5.21	-0.01	30	15630	卖盘
14:46:18	5.22	0.01	96	50112	买盘
14:46:09	5.21	--	48	25008	卖盘
14:46:06	5.21	--	2	1042	卖盘
14:45:54	5.21	-0.01	8	4168	卖盘
14:45:48	5.22	--	15	7830	买盘
14:45:45	5.22	--	30	15660	买盘
14:45:06	5.22	--	70	36540	买盘
14:45:03	5.22	0.01	20	10440	买盘
14:44:54	5.21	--	2	1042	卖盘
14:44:51	5.21	-0.01	100	52100	卖盘
14:44:42	5.22	--	54	28188	买盘
14:44:30	5.22	--	35	18270	买盘
14:44:24	5.22	--	42	21924	买盘
14:44:21	5.22	--	11	5742	买盘
14:43:57	5.22	--	146	76212	买盘
14:43:54	5.22	--	1	522	买盘
14:43:48	5.22	--	10	5220	买盘
14:43:42	5.22	--	48	25056	买盘
14:43:30	5.22	--	4	2088	买盘
14:43:15	5.22	-0.01	17	8874	卖盘
14:43:12	5.23	0.01	10	5230	买盘
14:43:03	5.22	--	211	110142	买盘
14:42:57	5.22	--	15	7830	买盘
14:42:45	5.22	0.01	60	31320	买盘
14:42:42	5.21	--	18	9378	卖盘
14:42:30	5.21	-0.01	16	8336	卖盘
14:42:24	5.22	--	35	18270	买盘
14:42:21	5.22	--	13	6786	买盘
14:42:18	5.22	--	53	27666	买盘
14:42:12	5.22	0.01	522	272484	买盘
14:41:36	5.21	-0.01	2	1042	卖盘
14:41:21	5.22	--	150	78300	买盘
14:41:00	5.22	--	25	13050	买盘
14:40:57	5.22	--	184	96048	买盘
14:40:54	5.22	--	104	54288	买盘
14:40:48	5.22	0.01	50	26100	买盘
14:40:33	5.21	--	66	34386	卖盘
14:40:24	5.21	-0.01	3	1563	卖盘
14:40:21	5.22	--	20	10440	买盘
14:40:18	5.22	0.01	10	5220	买盘
14:40:12	5.21	--	7	3647	卖盘
14:39:24	5.21	--	19	9899	卖盘
14:39:12	5.21	-0.01	2	1042	卖盘
14:39:06	5.22	--	70	36540	买盘
14:38:48	5.22	--	7	3654	卖盘
14:38:45	5.22	--	4	2088	卖盘
14:38:39	5.22	--	59	30798	卖盘
14:38:36	5.22	--	2	1044	卖盘
14:38:33	5.22	--	11	5742	卖盘
14:38:30	5.22	--	15	7830	卖盘
14:38:21	5.22	--	60	31320	卖盘
14:38:18	5.22	--	38	19836	卖盘
14:37:45	5.22	--	20	10440	卖盘
14:37:42	5.22	--	11	5742	卖盘
14:37:30	5.22	--	8	4176	卖盘
14:37:27	5.22	--	29	15138	卖盘
14:37:21	5.22	--	1	522	卖盘
14:37:18	5.22	-0.01	93	48546	卖盘
14:37:15	5.23	0.01	102	53346	买盘
14:37:12	5.22	--	20	10440	卖盘
14:37:00	5.22	--	7	3654	卖盘
14:36:57	5.22	--	10	5220	卖盘
14:36:54	5.22	--	75	39150	卖盘
14:36:51	5.22	--	6	3132	卖盘
14:36:45	5.22	--	5	2610	卖盘
14:36:33	5.22	--	26	13572	卖盘
14:36:30	5.22	--	4	2088	卖盘
14:36:24	5.22	--	8	4176	卖盘
14:36:15	5.22	--	25	13050	买盘
14:36:09	5.22	--	50	26100	买盘
14:36:03	5.22	--	24	12528	买盘
14:35:57	5.22	--	1	522	卖盘
14:35:54	5.22	--	9	4698	买盘
14:35:51	5.22	--	40	20880	买盘
14:35:39	5.22	--	15	7830	买盘
14:35:36	5.22	--	3	1566	买盘
14:35:33	5.22	--	16	8352	买盘
14:35:30	5.22	--	35	18270	买盘
14:35:27	5.22	--	4	2088	买盘
14:35:24	5.22	--	15	7830	买盘
14:35:09	5.22	--	16	8352	买盘
14:35:00	5.22	--	17	8874	买盘
14:34:54	5.22	0.01	65	33930	买盘
14:34:51	5.21	-0.01	8	4168	卖盘
14:34:48	5.22	--	13	6786	买盘
14:34:45	5.22	--	8	4176	买盘
14:34:42	5.22	0.01	6	3132	买盘
14:34:39	5.21	-0.01	10	5210	卖盘
14:34:36	5.22	--	10	5220	买盘
14:34:30	5.22	--	91	47502	买盘
14:34:24	5.22	--	60	31320	买盘
14:34:09	5.22	--	47	24534	卖盘
14:34:06	5.22	--	5	2610	卖盘
14:34:00	5.22	--	20	10440	卖盘
14:33:57	5.22	-0.01	5	2610	卖盘
14:33:48	5.23	0.01	60	31380	买盘
14:33:45	5.22	--	3	1566	卖盘
14:33:42	5.22	--	30	15660	卖盘
14:33:39	5.22	--	7	3654	卖盘
14:33:36	5.22	--	3	1566	卖盘
14:33:33	5.22	--	10	5220	卖盘
14:33:27	5.22	--	8	4176	卖盘
14:33:24	5.22	--	54	28188	卖盘
14:33:15	5.22	--	10	5220	卖盘
14:33:12	5.22	--	30	15660	卖盘
14:33:06	5.22	--	239	124758	卖盘
14:33:03	5.22	--	90	46980	卖盘
14:32:57	5.22	--	30	15660	卖盘
14:32:54	5.22	--	7	3654	卖盘
14:32:51	5.22	-0.01	40	20880	卖盘
14:32:48	5.23	0.01	41	21443	买盘
14:32:42	5.22	--	100	52200	卖盘
14:32:39	5.22	--	30	15660	卖盘
14:32:33	5.22	--	34	17748	卖盘
14:32:24	5.22	-0.01	58	30276	卖盘
14:32:21	5.23	0.01	13	6799	买盘
14:32:15	5.22	--	70	36540	卖盘
14:32:06	5.22	-0.01	98	51156	卖盘
14:32:03	5.23	0.01	10	5230	买盘
14:32:00	5.22	--	25	13050	卖盘
14:31:57	5.22	--	10	5220	卖盘
14:31:54	5.22	--	102	53244	卖盘
14:31:45	5.22	--	1	522	卖盘
14:31:39	5.22	--	30	15660	卖盘
14:31:36	5.22	-0.01	10	5220	卖盘
14:31:33	5.23	0.01	3	1569	买盘
14:31:30	5.22	--	4	2088	卖盘
14:31:27	5.22	--	18	9396	卖盘
14:31:24	5.22	--	30	15660	卖盘
14:31:18	5.22	--	2	1044	卖盘
14:31:15	5.22	-0.01	200	104400	卖盘
14:31:06	5.23	0.01	72	37656	买盘
14:31:00	5.22	--	35	18270	卖盘
14:30:57	5.22	-0.01	16	8352	卖盘
14:30:54	5.23	--	338	177066	卖盘
14:30:51	5.23	--	216	112968	卖盘
14:30:48	5.23	--	1195	624985	卖盘
14:30:45	5.23	--	226	118198	卖盘
14:30:42	5.23	--	61	31903	卖盘
14:30:39	5.23	--	2499	1306977	卖盘
14:30:36	5.23	--	11	5753	卖盘
14:30:33	5.23	--	5	2615	卖盘
14:30:30	5.23	--	27	14121	卖盘
14:30:27	5.23	--	23	12029	卖盘
14:30:24	5.23	-0.01	11	5753	卖盘
14:30:18	5.24	0.01	150	78600	买盘
14:30:15	5.23	--	18	9414	卖盘
14:30:12	5.23	--	108	56484	卖盘
14:30:09	5.23	--	25	13075	卖盘
14:30:06	5.23	-0.01	43	22489	卖盘
14:30:03	5.24	--	21	11004	买盘
14:29:57	5.24	0.01	50	26200	买盘
14:29:54	5.23	--	140	73220	卖盘
14:29:51	5.23	--	8	4184	卖盘
14:29:48	5.23	--	14	7322	卖盘
14:29:45	5.23	--	196	102508	卖盘
14:29:42	5.23	--	58	30334	卖盘
14:29:39	5.23	--	86	44978	卖盘
14:29:36	5.23	-0.01	11	5753	卖盘
14:29:33	5.24	0.01	23	12052	买盘
14:29:30	5.23	--	69	36087	卖盘
14:29:24	5.23	--	51	26673	卖盘
14:29:21	5.23	--	69	36087	卖盘
14:29:18	5.23	--	18	9414	卖盘
14:29:15	5.23	--	46	24058	卖盘
14:29:12	5.23	--	24	12552	卖盘
14:29:00	5.23	--	4	2092	卖盘
14:28:54	5.23	0.01	4881	2552993	买盘
14:28:48	5.22	-0.01	100	52200	卖盘
14:28:42	5.23	--	19	9937	买盘
14:28:33	5.23	0.01	20	10460	买盘
14:28:27	5.22	-0.01	10	5220	卖盘
14:28:24	5.23	0.01	17	8891	买盘
14:28:03	5.22	-0.01	10	5220	卖盘
14:27:36	5.23	--	4	2092	买盘
14:27:27	5.23	0.01	11	5753	买盘
14:27:15	5.22	-0.01	10	5220	卖盘
14:27:12	5.23	--	50	26150	买盘
14:26:42	5.23	0.01	50	26150	买盘
14:26:39	5.22	--	6	3132	卖盘
14:26:36	5.22	--	6	3132	卖盘
14:26:27	5.22	--	50	26100	卖盘
14:26:21	5.22	--	27	14094	卖盘
14:26:06	5.22	--	446	232812	买盘
14:26:03	5.22	--	155	80910	卖盘
14:25:57	5.22	--	8	4176	卖盘
14:25:48	5.22	-0.01	5	2610	卖盘
14:25:45	5.23	0.02	3	1569	买盘
14:25:30	5.21	-0.02	20	10420	卖盘
14:25:24	5.23	0.01	4000	2092000	买盘
14:25:06	5.22	0.01	11	5742	买盘
14:24:57	5.21	--	1	521	卖盘
14:24:54	5.21	--	36	18756	卖盘
14:24:39	5.21	-0.01	20	10420	卖盘
14:24:30	5.22	0.01	3	1566	买盘
14:24:27	5.21	--	18	9378	卖盘
14:24:18	5.21	-0.01	3	1563	卖盘
14:24:15	5.22	--	20	10440	买盘
14:24:09	5.22	--	16	8352	买盘
14:24:06	5.22	--	100	52200	买盘
14:23:57	5.22	--	344	179865	卖盘
14:23:51	5.22	--	8	4176	卖盘
14:23:39	5.22	--	9	4698	卖盘
14:23:30	5.22	--	2293	1197170	买盘
14:23:18	5.22	0.01	3000	1566000	买盘
14:22:57	5.21	0.01	108	56268	买盘
14:22:51	5.2	-0.01	25	13000	卖盘
14:22:48	5.21	--	108	56268	买盘
14:22:39	5.21	0.01	35	18235	买盘
14:22:36	5.2	-0.01	5	2600	卖盘
14:22:30	5.21	--	43	22403	买盘
14:22:24	5.21	-0.01	566	295057	卖盘
14:22:06	5.22	--	4	2088	买盘
14:21:57	5.22	0.01	20	10440	买盘
14:21:36	5.21	--	188	98297	买盘
14:21:33	5.21	--	20	10420	买盘
14:21:30	5.21	--	10	5210	买盘
14:21:24	5.21	-0.01	904	471155	卖盘
14:21:21	5.22	0.01	292	152424	买盘
14:21:03	5.21	--	15	8164	买盘
14:21:00	5.21	--	984	512835	卖盘
14:20:57	5.21	--	200	104200	卖盘
14:20:45	5.21	0.01	290	151439	买盘
14:20:42	5.2	-0.01	22	11440	卖盘
14:20:39	5.21	--	18	9378	买盘
14:20:36	5.21	--	828	431388	买盘
14:20:30	5.21	--	85	44285	买盘
14:20:24	5.21	--	30	15630	买盘
14:20:21	5.21	0.01	21	10941	买盘
14:20:12	5.2	--	16	8320	卖盘
14:20:06	5.2	--	32	16640	卖盘
14:19:48	5.2	--	1	520	卖盘
14:19:30	5.2	--	41	21320	卖盘
14:19:27	5.2	--	5	2600	卖盘
14:19:18	5.2	--	12	6240	卖盘
14:19:15	5.2	--	16	8320	卖盘
14:19:09	5.2	-0.01	8	4160	卖盘
14:18:48	5.21	--	9	4689	买盘
14:18:45	5.21	--	5	2605	买盘
14:18:42	5.21	0.01	146	76066	买盘
14:18:33	5.2	--	30	15600	卖盘
14:18:27	5.2	-0.01	2	1040	卖盘
14:18:21	5.21	--	10	5210	买盘
14:18:15	5.21	--	30	15630	买盘
14:18:06	5.21	--	184	95864	买盘
14:18:03	5.21	--	10	5210	买盘
14:17:51	5.21	--	97	50537	买盘
14:17:45	5.21	0.01	10	5210	买盘
14:17:39	5.2	--	14	7280	卖盘
14:17:36	5.2	-0.01	33	17160	卖盘
14:17:33	5.21	--	28	14588	买盘
14:17:24	5.21	0.01	33	17193	买盘
14:17:21	5.2	--	22	11440	卖盘
14:17:18	5.2	-0.01	200	104000	卖盘
14:17:12	5.21	0.01	30	15630	买盘
14:16:54	5.2	-0.01	3	1560	卖盘
14:16:51	5.21	--	24	12504	买盘
14:16:39	5.21	0.01	13	6773	买盘
14:16:33	5.2	--	10	5200	卖盘
14:16:30	5.2	--	26	13520	卖盘
14:16:09	5.2	--	7	3640	卖盘
14:15:57	5.2	-0.01	3	1560	卖盘
14:15:42	5.21	--	2	1042	买盘
14:15:36	5.21	--	152	79192	买盘
14:15:30	5.21	0.01	22	11462	买盘
14:15:18	5.2	-0.01	10	5200	卖盘
14:15:12	5.21	--	100	52100	买盘
14:14:39	5.21	0.01	19	9899	买盘
14:14:36	5.2	-0.01	10	5200	卖盘
14:14:33	5.21	0.01	11	5731	买盘
14:14:12	5.2	--	14	7280	卖盘
14:14:09	5.2	--	1	520	卖盘
14:13:54	5.2	--	15	7800	卖盘
14:13:45	5.2	--	100	52000	卖盘
14:13:33	5.2	--	40	20800	卖盘
14:13:24	5.2	--	40	20800	卖盘
14:13:18	5.2	--	10	5200	卖盘
14:13:12	5.2	--	19	9880	卖盘
14:13:09	5.2	--	12	6240	卖盘
14:13:03	5.2	--	3	1560	卖盘
14:12:57	5.2	--	2	1040	卖盘
14:12:36	5.2	--	8	4160	卖盘
14:12:18	5.2	--	20	10400	卖盘
14:11:57	5.2	-0.01	4	2080	卖盘
14:11:54	5.21	0.01	10	5210	买盘
14:11:42	5.2	--	92	47840	卖盘
14:11:39	5.2	--	20	10400	卖盘
14:11:33	5.2	--	8	4160	卖盘
14:11:24	5.2	--	9	4680	卖盘
14:10:42	5.2	-0.01	100	52000	中性盘
14:09:51	5.21	0.01	2023	1053983	买盘
14:09:48	5.2	--	50	26000	买盘
14:09:45	5.2	--	7	3640	买盘
14:09:27	5.2	--	2	1040	买盘
14:09:24	5.2	--	300	156000	买盘
14:09:21	5.2	--	401	208520	买盘
14:08:57	5.2	0.01	20	10400	买盘
14:08:39	5.19	-0.01	8	4152	卖盘
14:08:30	5.2	--	5	2600	买盘
14:08:27	5.2	--	1	520	买盘
14:08:24	5.2	--	2	1040	买盘
14:08:21	5.2	0.01	1	520	买盘
14:08:06	5.19	-0.01	100	51900	卖盘
14:08:00	5.2	--	10	5200	买盘
14:07:57	5.2	--	1	520	买盘
14:07:54	5.2	0.01	40	20800	买盘
14:07:39	5.19	-0.01	10	5190	卖盘
14:07:30	5.2	--	9	4680	买盘
14:07:27	5.2	--	7	3640	买盘
14:07:15	5.2	--	60	31200	买盘
14:07:12	5.2	--	24	12480	买盘
14:06:57	5.2	0.01	158	82160	买盘
14:06:48	5.19	-0.01	4	2076	卖盘
14:06:42	5.2	--	31	16120	买盘
14:06:36	5.2	--	3	1560	买盘
14:06:27	5.2	--	2	1040	买盘
14:06:21	5.2	0.01	2	1040	买盘
14:06:18	5.19	-0.01	9	4671	卖盘
14:06:06	5.2	0.01	24	12480	买盘
14:05:54	5.19	-0.01	37	19203	卖盘
14:05:51	5.2	--	24	12480	买盘
14:05:39	5.2	--	40	20800	买盘
14:05:33	5.2	--	24	12480	买盘
14:05:27	5.2	--	2	1040	买盘
14:05:21	5.2	0.01	2	1040	买盘
14:05:18	5.19	--	80	41520	卖盘
14:05:15	5.19	-0.01	8	4152	卖盘
14:05:12	5.2	--	60	31200	买盘
14:05:03	5.2	--	15	7800	买盘
14:04:57	5.2	0.01	50	26000	买盘
14:04:48	5.19	-0.01	30	15570	卖盘
14:04:30	5.2	--	10	5200	买盘
14:04:27	5.2	--	45	23400	买盘
14:04:24	5.2	--	1892	984011	卖盘
14:04:18	5.2	--	76	39520	卖盘
14:04:15	5.2	--	117	60840	卖盘
14:04:00	5.2	--	20	10400	卖盘
14:03:57	5.2	--	200	104000	卖盘
14:03:51	5.2	--	10	5200	卖盘
14:03:42	5.2	--	72	37440	卖盘
14:03:33	5.2	--	69	35880	卖盘
14:03:21	5.2	--	10	5200	卖盘
14:02:54	5.2	--	5	2600	卖盘
14:02:39	5.2	-0.01	100	52000	卖盘
14:02:33	5.21	0.01	10	5210	买盘
14:02:27	5.2	--	43	22360	卖盘
14:02:24	5.2	--	202	105040	卖盘
14:02:18	5.2	--	7	3640	卖盘
14:02:06	5.2	--	3520	1830400	卖盘
14:02:00	5.2	--	60	31200	卖盘
14:01:36	5.2	-0.01	1	520	卖盘
14:01:27	5.21	--	1	521	买盘
14:00:57	5.21	--	1	521	买盘
14:00:51	5.21	0.01	37	19277	买盘
14:00:48	5.2	--	211	109720	卖盘
14:00:36	5.2	-0.01	181	94120	卖盘
14:00:27	5.21	0.01	24	12504	买盘
14:00:24	5.2	-0.02	27	14040	卖盘
14:00:18	5.22	0.02	7	3654	买盘
14:00:15	5.2	--	8	4160	卖盘
14:00:12	5.2	--	8	4160	卖盘
14:00:09	5.2	--	14	7280	卖盘
14:00:06	5.2	-0.01	207	107640	卖盘
13:59:57	5.21	--	19	9899	卖盘
13:59:48	5.21	0.01	443	231152	买盘
13:59:45	5.2	--	8	4160	卖盘
13:59:42	5.2	--	11	5720	卖盘
13:59:39	5.2	--	11	5720	卖盘
13:59:36	5.2	-0.01	19	9880	卖盘
13:59:33	5.21	--	20	10420	买盘
13:59:27	5.21	--	15	7815	买盘
13:59:09	5.21	--	15	7815	买盘
13:59:00	5.21	--	3	1563	买盘
13:58:57	5.21	--	1	521	买盘
13:58:45	5.21	--	50	26050	买盘
13:58:42	5.21	--	31	16151	买盘
13:58:30	5.21	--	1	521	买盘
13:58:12	5.21	--	10	5210	买盘
13:58:09	5.21	--	300	156300	买盘
13:58:00	5.21	0.01	10	5210	买盘
13:57:57	5.2	--	2	1040	卖盘
13:57:48	5.2	--	11	5720	卖盘
13:57:39	5.2	-0.01	13	6760	卖盘
13:57:27	5.21	--	21	10941	买盘
13:57:24	5.21	--	14	7294	买盘
13:57:15	5.21	--	30	15630	买盘
13:57:00	5.21	--	103	53663	买盘
13:56:57	5.21	--	123	64083	买盘
13:56:51	5.21	--	58	30218	买盘
13:56:27	5.21	--	337	175748	卖盘
13:56:09	5.21	--	32	16672	卖盘
13:56:03	5.21	--	8	4168	卖盘
13:55:54	5.21	-0.01	29	15109	卖盘
13:55:33	5.22	--	22	11484	买盘
13:55:30	5.22	0.01	5	2610	买盘
13:55:24	5.21	--	36	18756	卖盘
13:55:15	5.21	-0.01	8	4168	卖盘
13:55:12	5.22	--	2001	1044522	买盘
13:55:09	5.22	0.01	9	4698	买盘
13:55:03	5.21	-0.01	8	4168	卖盘
13:54:57	5.22	--	1	522	买盘
13:54:54	5.22	0.01	20	10440	买盘
13:54:48	5.21	--	5	2605	卖盘
13:54:42	5.21	--	183	95343	卖盘
13:54:36	5.21	-0.01	30	15630	卖盘
13:54:27	5.22	--	1	522	买盘
13:54:03	5.22	--	19	9918	买盘
13:53:57	5.22	--	1	522	买盘
13:53:54	5.22	0.01	10	5220	买盘
13:53:51	5.21	-0.01	12	6252	卖盘
13:53:42	5.22	--	1	522	买盘
13:53:36	5.22	0.01	5	2610	买盘
13:53:24	5.21	-0.01	11	5731	卖盘
13:53:21	5.22	0.01	80	41760	买盘
13:53:18	5.21	--	32	16672	卖盘
13:53:12	5.21	--	32	16672	卖盘
13:53:06	5.21	--	11	5731	卖盘
13:53:03	5.21	--	29	15109	卖盘
13:53:00	5.21	--	41	21361	卖盘
13:52:57	5.21	--	11	5731	卖盘
13:52:51	5.21	--	17	8857	卖盘
13:52:45	5.21	--	22	11462	卖盘
13:52:42	5.21	--	10	5210	卖盘
13:52:36	5.21	--	3	1563	卖盘
13:52:33	5.21	--	50	26050	卖盘
13:52:18	5.21	--	3	1563	卖盘
13:52:15	5.21	--	100	52100	卖盘
13:52:09	5.21	--	3	1563	卖盘
13:52:06	5.21	-0.01	11	5731	卖盘
13:51:57	5.22	--	5	2610	买盘
13:51:54	5.22	0.01	1	522	买盘
13:51:51	5.21	-0.01	6	3126	卖盘
13:51:39	5.22	0.01	6	3132	买盘
13:51:24	5.21	--	62	32302	卖盘
13:51:09	5.21	--	20	10420	卖盘
13:51:06	5.21	-0.01	136	70856	卖盘
13:51:03	5.22	0.01	5	2610	买盘
13:50:54	5.21	--	20	10420	卖盘
13:50:51	5.21	-0.01	1030	536630	卖盘
13:50:33	5.22	0.01	20	10440	买盘
13:50:12	5.21	-0.01	26	13546	卖盘
13:50:09	5.22	0.01	5	2610	买盘
13:49:33	5.21	--	89	46369	卖盘
13:49:27	5.21	-0.01	84	43764	卖盘
13:49:24	5.22	0.01	1	522	买盘
13:49:12	5.21	-0.01	173	90133	卖盘
13:49:03	5.22	--	5	2610	买盘
13:48:57	5.22	--	172	89784	买盘
13:48:54	5.22	0.01	10	5220	买盘
13:48:51	5.21	--	20	10420	卖盘
13:48:42	5.21	--	23	11983	卖盘
13:48:24	5.21	--	9	4689	卖盘
13:48:21	5.21	-0.01	10	5210	卖盘
13:48:15	5.22	--	10	5220	买盘
13:48:12	5.22	0.01	850	443700	买盘
13:47:48	5.21	--	2300	1198300	卖盘
13:47:36	5.21	-0.01	24	12504	卖盘
13:47:33	5.22	0.01	20	10440	买盘
13:47:03	5.21	-0.01	2	1042	卖盘
13:46:54	5.22	0.01	257	134154	买盘
13:46:42	5.21	-0.01	30	15630	卖盘
13:46:39	5.22	0.01	5	2610	买盘
13:46:33	5.21	--	542	282731	买盘
13:46:30	5.21	--	413	215173	买盘
13:46:21	5.21	0.01	8	4168	买盘
13:46:15	5.2	-0.01	129	67080	卖盘
13:46:12	5.21	--	87	45327	买盘
13:46:00	5.21	--	200	104200	买盘
13:45:51	5.21	--	94	48974	买盘
13:45:48	5.21	--	5	2605	买盘
13:45:33	5.21	--	20	10420	买盘
13:45:27	5.21	-0.01	1046	545137	卖盘
13:45:15	5.22	--	405	211410	买盘
13:45:09	5.22	--	48	25056	买盘
13:44:57	5.22	0.01	7	3654	买盘
13:44:51	5.21	--	46	23966	卖盘
13:44:45	5.21	-0.01	1000	521000	卖盘
13:44:42	5.22	--	31	16182	买盘
13:44:39	5.22	0.01	2	1044	买盘
13:44:30	5.21	--	10	5210	卖盘
13:44:21	5.21	--	23	11983	卖盘
13:44:06	5.21	-0.01	1	521	卖盘
13:44:03	5.22	--	43	22446	买盘
13:44:00	5.22	--	2	1044	买盘
13:43:57	5.22	--	9	4698	买盘
13:43:54	5.22	--	35	18270	买盘
13:43:51	5.22	--	1	522	买盘
13:43:39	5.22	0.01	8	4176	买盘
13:43:36	5.21	--	7	3647	卖盘
13:43:33	5.21	--	6	3126	卖盘
13:43:30	5.21	-0.01	20	10420	卖盘
13:43:24	5.22	--	29	15138	买盘
13:43:21	5.22	--	44	22968	买盘
13:43:09	5.22	--	6	3132	买盘
13:43:00	5.22	--	7	3654	买盘
13:42:57	5.22	--	92	48024	买盘
13:42:48	5.22	--	10	5220	买盘
13:42:39	5.22	0.01	16	8352	买盘
13:42:33	5.21	-0.01	200	104200	卖盘
13:42:24	5.22	--	30	15660	买盘
13:42:15	5.22	--	16	8352	买盘
13:42:12	5.22	--	11	5742	买盘
13:41:54	5.22	--	20	10440	买盘
13:41:51	5.22	--	9	4698	买盘
13:41:48	5.22	0.01	18	9396	买盘
13:41:39	5.21	--	3	1563	卖盘
13:41:30	5.21	-0.01	7	3647	卖盘
13:41:21	5.22	0.01	23	12006	买盘
13:41:15	5.21	-0.01	10	5210	卖盘
13:41:12	5.22	--	20	10440	买盘
13:40:57	5.22	--	24	12528	买盘
13:40:51	5.22	0.01	18	9396	买盘
13:40:42	5.21	-0.01	2	1042	卖盘
13:40:39	5.22	--	57	29754	买盘
13:40:33	5.22	--	3	1566	买盘
13:40:21	5.22	--	150	78300	买盘
13:40:15	5.22	--	22	11484	买盘
13:40:12	5.22	0.01	24	12528	买盘
13:40:09	5.21	-0.01	30	15630	卖盘
13:40:00	5.22	--	23	12006	买盘
13:39:33	5.22	--	7	3654	买盘
13:39:06	5.22	--	103	53766	买盘
13:39:03	5.22	0.01	54	28188	买盘
13:38:54	5.21	--	50	26050	卖盘
13:38:39	5.21	-0.01	184	95864	卖盘
13:38:33	5.22	--	7	3654	买盘
13:38:21	5.22	0.01	8	4176	买盘
13:38:06	5.21	--	3	1563	卖盘
13:38:00	5.21	-0.01	32	16672	卖盘
13:37:33	5.22	0.01	7	3654	买盘
13:37:30	5.21	--	19	9899	卖盘
13:37:27	5.21	--	51	26571	卖盘
13:37:18	5.21	-0.01	52	27092	卖盘
13:36:54	5.22	0.01	776	405072	买盘
13:36:48	5.21	--	2010	1047210	卖盘
13:36:24	5.21	-0.01	11	5731	卖盘
13:35:54	5.22	0.01	3	1566	买盘
13:35:51	5.21	--	25	13025	卖盘
13:35:45	5.21	--	48	25008	卖盘
13:35:36	5.21	--	23	11983	卖盘
13:35:24	5.21	--	11	5731	卖盘
13:35:21	5.21	--	24	12504	卖盘
13:35:18	5.21	--	38	19798	卖盘
13:35:12	5.21	-0.01	2	1042	卖盘
13:35:09	5.22	0.01	10	5220	买盘
13:35:06	5.21	-0.01	10	5210	卖盘
13:34:54	5.22	0.01	808	421776	买盘
13:34:51	5.21	--	10	5210	卖盘
13:34:33	5.21	--	6	3126	卖盘
13:34:21	5.21	--	2	1042	卖盘
13:34:12	5.21	--	5	2605	卖盘
13:33:48	5.21	--	16	8336	卖盘
13:33:42	5.21	-0.01	3	1563	卖盘
13:33:36	5.22	--	50	26100	买盘
13:33:33	5.22	0.01	5	2610	买盘
13:33:15	5.21	--	5	2605	卖盘
13:32:48	5.21	-0.01	200	104200	卖盘
13:32:36	5.22	--	1	522	买盘
13:32:33	5.22	0.01	3	1800	买盘
13:32:30	5.21	--	20	10420	卖盘
13:32:27	5.21	--	10	5210	卖盘
13:32:21	5.21	-0.01	3	1563	卖盘
13:32:09	5.22	--	13	6786	买盘
13:32:06	5.22	--	5	2610	买盘
13:31:57	5.22	--	2	1044	买盘
13:31:54	5.22	--	68	35496	买盘
13:31:51	5.22	0.01	108	56376	买盘
13:31:48	5.21	-0.01	19	9899	卖盘
13:31:42	5.22	0.01	3	1566	买盘
13:31:36	5.21	--	149	77629	卖盘
13:31:30	5.21	--	24	12504	卖盘
13:31:24	5.21	-0.01	7	3647	卖盘
13:31:21	5.22	0.01	111	57942	买盘
13:31:12	5.21	-0.01	2	1042	卖盘
13:30:57	5.22	--	166	86652	买盘
13:30:42	5.22	--	25	13050	买盘
13:30:30	5.22	0.01	14	7308	买盘
13:30:18	5.21	--	20	10420	卖盘
13:30:15	5.21	-0.01	20	10420	卖盘
13:30:09	5.22	--	540	281880	买盘
13:30:06	5.22	0.01	60	31320	买盘
13:30:03	5.21	-0.01	10	5210	卖盘
13:30:00	5.22	--	6	3132	买盘
13:29:51	5.22	0.01	5	2610	买盘
13:29:48	5.21	-0.01	10	5210	卖盘
13:29:45	5.22	--	10	5220	买盘
13:29:42	5.22	--	18	9396	买盘
13:29:36	5.22	0.01	11	5742	买盘
13:29:27	5.21	-0.01	1	521	卖盘
13:29:15	5.22	0.01	1	522	买盘
13:29:12	5.21	--	74	38554	卖盘
13:29:09	5.21	--	5	2605	卖盘
13:29:06	5.21	--	65	33865	卖盘
13:29:03	5.21	-0.01	10	5324	卖盘
13:29:00	5.22	0.01	253	132066	买盘
13:28:54	5.21	--	65	33865	卖盘
13:28:51	5.21	--	6	3126	卖盘
13:28:48	5.21	--	15	7815	卖盘
13:28:45	5.21	--	9	4689	卖盘
13:28:06	5.21	--	43	22403	卖盘
13:27:57	5.21	-0.01	339	176619	卖盘
13:27:51	5.22	0.01	28	14616	买盘
13:27:48	5.21	--	40	20840	卖盘
13:27:45	5.21	--	20	10420	卖盘
13:27:39	5.21	--	31	16151	卖盘
13:27:30	5.21	--	3	1563	卖盘
13:27:27	5.21	--	65	33865	卖盘
13:27:21	5.21	-0.01	73	38033	卖盘
13:27:18	5.22	--	100	52200	买盘
13:27:15	5.22	--	5	2610	买盘
13:27:06	5.22	--	459	239598	卖盘
13:27:03	5.22	--	6	3132	卖盘
13:27:00	5.22	--	100	52200	卖盘
13:26:57	5.22	--	48	25056	卖盘
13:26:54	5.22	--	55	28710	卖盘
13:26:51	5.22	--	38	19836	卖盘
13:26:45	5.22	--	300	156600	卖盘
13:26:42	5.22	--	18	9396	卖盘
13:26:39	5.22	--	5	2610	卖盘
13:26:36	5.22	--	269	140418	卖盘
13:26:33	5.22	--	126	65772	卖盘
13:26:30	5.22	--	191	99702	卖盘
13:26:21	5.22	--	29	15138	卖盘
13:26:18	5.22	--	25	13050	卖盘
13:26:15	5.22	--	44	22968	卖盘
13:26:12	5.22	--	50	26100	卖盘
13:26:00	5.22	--	87	45414	卖盘
13:25:57	5.22	-0.01	77	40194	卖盘
13:25:48	5.23	0.01	1	523	买盘
13:25:45	5.22	--	100	52200	卖盘
13:25:39	5.22	--	50	26100	卖盘
13:25:36	5.22	--	52	27144	卖盘
13:25:33	5.22	--	110	57420	卖盘
13:25:30	5.22	-0.01	13	6786	卖盘
13:25:27	5.23	0.01	20	10460	买盘
13:25:24	5.22	--	56	29232	卖盘
13:25:18	5.22	-0.01	38	19836	卖盘
13:25:12	5.23	--	8	4184	买盘
13:25:09	5.23	--	20	10460	买盘
13:25:06	5.23	--	2	1046	买盘
13:25:03	5.23	--	14	7322	买盘
13:25:00	5.23	--	40	20920	买盘
13:24:48	5.23	--	20	10460	买盘
13:24:45	5.23	--	500	261500	买盘
13:24:39	5.23	--	200	104600	买盘
13:24:36	5.23	--	500	261500	买盘
13:24:33	5.23	--	20	10460	买盘
13:24:30	5.23	--	10	5230	买盘
13:24:27	5.23	--	6	3138	买盘
13:24:24	5.23	--	12	6276	买盘
13:24:21	5.23	--	20	10460	买盘
13:24:18	5.23	--	5	2615	买盘
13:24:12	5.23	--	4	2092	买盘
13:24:06	5.23	--	10	5230	买盘
13:24:03	5.23	--	570	298110	买盘
13:23:54	5.23	--	40	20920	买盘
13:23:51	5.23	--	17	8891	买盘
13:23:48	5.23	--	16	8368	买盘
13:23:21	5.23	0.01	162	84726	买盘
13:23:15	5.22	--	10	5220	卖盘
13:23:12	5.22	--	1807	943254	买盘
13:23:09	5.22	--	81	42282	买盘
13:23:00	5.22	--	5	2610	买盘
13:22:54	5.22	--	1005	524610	买盘
13:22:45	5.22	--	70	36540	买盘
13:22:27	5.22	--	22	11484	买盘
13:22:24	5.22	0.01	104	54288	买盘
13:22:09	5.21	--	5	2605	卖盘
13:22:06	5.21	-0.01	50	26050	卖盘
13:22:00	5.22	--	20	10440	买盘
13:21:57	5.22	--	10	5220	买盘
13:21:45	5.22	--	22	11484	买盘
13:21:42	5.22	0.01	40	20880	买盘
13:21:39	5.21	-0.01	42	21882	卖盘
13:21:36	5.22	--	2	1044	买盘
13:21:18	5.22	0.01	202	105444	买盘
13:21:15	5.21	--	50	26050	卖盘
13:21:09	5.21	-0.01	4	2084	卖盘
13:21:06	5.22	--	9	4698	买盘
13:21:00	5.22	0.01	90	46980	买盘
13:20:57	5.21	-0.01	26	13546	卖盘
13:20:48	5.22	--	193	100746	买盘
13:20:45	5.22	--	6	3132	买盘
13:20:39	5.22	--	41	21402	买盘
13:20:36	5.22	--	10	5220	买盘
13:20:30	5.22	0.01	16	8352	买盘
13:20:27	5.21	-0.01	183	95343	卖盘
13:20:24	5.22	--	114	59508	买盘
13:20:15	5.22	--	2	1044	买盘
13:20:12	5.22	--	257	134154	买盘
13:20:09	5.22	0.01	102	53244	买盘
13:20:06	5.21	--	49	25529	卖盘
13:20:03	5.21	-0.01	152	79192	卖盘
13:20:00	5.22	0.01	259	135198	买盘
13:19:57	5.21	--	3	1563	卖盘
13:19:54	5.21	--	21	10941	卖盘
13:19:48	5.21	--	50	26050	卖盘
13:19:42	5.21	--	70	36470	卖盘
13:19:39	5.21	--	30	15630	卖盘
13:19:36	5.21	--	56	29176	卖盘
13:19:33	5.21	-0.01	19	9899	卖盘
13:19:30	5.22	--	40	20880	买盘
13:19:27	5.22	--	174	90828	买盘
13:19:24	5.22	--	1000	522000	买盘
13:19:18	5.22	0.01	24	12528	买盘
13:19:15	5.21	-0.01	2	1042	卖盘
13:19:12	5.22	0.01	30	15660	买盘
13:19:03	5.21	--	6	3126	卖盘
13:19:00	5.21	--	9481	4939601	买盘
13:18:54	5.21	0.01	200	104200	买盘
13:18:51	5.2	--	13	6760	卖盘
13:18:48	5.2	-0.01	8	4160	卖盘
13:18:36	5.21	--	18	9378	买盘
13:18:30	5.21	--	1634	851314	买盘
13:18:24	5.21	--	18	9378	买盘
13:18:12	5.21	--	25	13025	买盘
13:18:09	5.21	--	1	521	买盘
13:17:45	5.21	--	100	52100	买盘
13:17:24	5.21	--	25	13025	买盘
13:17:15	5.21	--	60	31260	买盘
13:17:06	5.21	0.01	19	9899	买盘
13:17:03	5.2	-0.01	29	15080	卖盘
13:16:30	5.21	--	25	13025	买盘
13:16:24	5.21	0.01	18	9378	买盘
13:16:18	5.2	-0.01	40	20800	卖盘
13:16:12	5.21	--	772	402212	买盘
13:16:03	5.21	--	11	5731	买盘
13:16:00	5.21	0.01	11	5731	买盘
13:15:48	5.2	-0.01	2	1040	卖盘
13:15:21	5.21	0.01	121	63041	买盘
13:15:12	5.2	-0.01	3	1560	卖盘
13:15:09	5.21	0.01	8	4168	买盘
13:14:54	5.2	--	21	10920	卖盘
13:14:51	5.2	-0.01	11	5720	卖盘
13:14:24	5.21	0.01	3	1563	买盘
13:14:15	5.2	-0.01	100	52000	卖盘
13:14:12	5.21	--	15	7815	买盘
13:14:09	5.21	--	2	1042	买盘
13:13:57	5.21	0.01	1	521	买盘
13:13:27	5.2	--	23	11960	卖盘
13:13:24	5.2	-0.01	50	26000	卖盘
13:13:12	5.21	--	30	15630	买盘
13:13:06	5.21	--	30	15630	买盘
13:13:03	5.21	0.01	20	10420	买盘
13:12:54	5.2	--	33	17160	卖盘
13:12:51	5.2	-0.01	7	3640	卖盘
13:12:45	5.21	0.01	50	26050	买盘
13:12:39	5.2	-0.01	15	7800	卖盘
13:12:27	5.21	--	15	7815	买盘
13:12:21	5.21	--	50	26050	买盘
13:12:15	5.21	0.01	50	26050	买盘
13:12:03	5.2	-0.01	73	37960	卖盘
13:12:00	5.21	--	20	10420	买盘
13:11:51	5.21	0.01	12	6252	买盘
13:11:36	5.2	--	3	1560	卖盘
13:11:24	5.2	-0.01	39	20280	卖盘
13:11:18	5.21	--	7	3647	买盘
13:10:30	5.21	0.01	6	3126	买盘
13:10:18	5.2	--	4	2080	卖盘
13:10:12	5.2	--	14	7280	卖盘
13:10:03	5.2	--	26	13520	卖盘
13:09:57	5.2	--	102	53040	卖盘
13:09:36	5.2	--	16	8320	卖盘
13:09:33	5.2	--	10	5200	卖盘
13:09:30	5.2	--	12	6240	卖盘
13:09:12	5.2	-0.01	1	520	卖盘
13:09:06	5.21	0.01	10	5210	买盘
13:09:00	5.2	--	1	520	卖盘
13:08:42	5.2	--	1	520	卖盘
13:08:30	5.2	--	45	23400	卖盘
13:07:54	5.2	--	52	27040	卖盘
13:07:48	5.2	--	30	15600	卖盘
13:07:45	5.2	--	15	7800	卖盘
13:07:42	5.2	-0.01	5	2600	卖盘
13:07:36	5.21	0.01	200	104200	买盘
13:07:24	5.2	--	8	4160	卖盘
13:07:21	5.2	--	19	9880	卖盘
13:07:12	5.2	--	4	2080	卖盘
13:07:03	5.2	-0.01	73	37960	卖盘
13:06:54	5.21	0.01	20	10420	买盘
13:06:42	5.2	-0.01	10	5200	卖盘
13:06:24	5.21	--	21	10941	买盘
13:05:54	5.21	0.01	26	13546	买盘
13:04:39	5.2	-0.01	5	2600	卖盘
13:04:36	5.21	0.01	34	17714	买盘
13:04:33	5.2	--	6	3120	卖盘
13:04:24	5.2	-0.01	4	2080	卖盘
13:03:33	5.21	--	10	5210	买盘
13:03:15	5.21	0.01	60	31260	买盘
13:03:12	5.2	-0.01	10	5200	卖盘
13:03:06	5.21	0.01	121	63041	买盘
13:03:03	5.2	--	6	3120	卖盘
13:02:57	5.2	--	10	5200	卖盘
13:02:45	5.2	--	1220	634504	买盘
13:02:21	5.2	--	121	62920	买盘
13:02:18	5.2	--	200	104000	买盘
13:01:45	5.2	0.01	66	34320	买盘
13:01:03	5.19	--	4	2076	卖盘
13:00:48	5.19	--	1	519	卖盘
13:00:39	5.19	--	7	3633	卖盘
13:00:21	5.19	-0.01	208	107952	卖盘
13:00:12	5.2	0.01	7	3640	买盘
13:00:09	5.19	--	14	7266	卖盘
13:00:06	5.19	--	78	40482	卖盘
13:00:03	5.19	-0.01	297	154143	卖盘
13:00:00	5.2	--	0	0	买盘
11:30:00	5.2	--	0	0	买盘
11:29:54	5.2	0.01	10	5200	买盘
11:29:51	5.19	--	90	46710	卖盘
11:29:30	5.19	--	2	1038	卖盘
11:29:24	5.19	-0.01	5	2595	卖盘
11:29:15	5.2	--	20	10400	买盘
11:29:09	5.2	0.01	50	26000	买盘
11:28:57	5.19	-0.01	20	10380	卖盘
11:28:54	5.2	0.01	6	3120	买盘
11:28:36	5.19	-0.01	5	2595	卖盘
11:28:24	5.2	0.01	3	1560	买盘
11:27:54	5.19	--	6	3114	卖盘
11:27:39	5.19	--	5	2595	卖盘
11:27:33	5.19	-0.01	1000	519000	卖盘
11:27:30	5.2	--	266	138320	买盘
11:27:21	5.2	--	17	8840	买盘
11:27:12	5.2	0.01	6	3120	买盘
11:27:06	5.19	--	2	1038	卖盘
11:27:00	5.19	--	41	21279	卖盘
11:26:18	5.19	-0.01	13	6747	卖盘
11:25:57	5.2	--	25	13000	买盘
11:25:54	5.2	--	30	15600	买盘
11:25:51	5.2	--	5	2600	买盘
11:25:33	5.2	0.01	300	156000	买盘
11:25:24	5.19	-0.01	10	5190	卖盘
11:25:15	5.2	0.01	10	5200	买盘
11:25:09	5.19	-0.01	1	519	卖盘
11:25:06	5.2	--	12	6240	买盘
11:24:54	5.2	--	8	4160	买盘
11:24:48	5.2	--	5	2600	买盘
11:24:42	5.2	--	300	156000	买盘
11:24:36	5.2	0.01	29	15080	买盘
11:24:30	5.19	-0.01	100	51900	卖盘
11:24:12	5.2	--	31	16120	买盘
11:24:03	5.2	0.01	211	109720	买盘
11:23:54	5.19	--	105	54495	卖盘
11:23:45	5.19	--	300	155700	卖盘
11:23:39	5.19	--	2	1038	卖盘
11:23:36	5.19	--	60	31140	卖盘
11:23:33	5.19	--	10	5190	卖盘
11:23:27	5.19	--	22	11418	卖盘
11:22:57	5.19	--	1	519	卖盘
11:22:54	5.19	-0.01	52	26988	卖盘
11:22:48	5.2	0.01	15	7800	买盘
11:22:45	5.19	--	100	51900	卖盘
11:22:33	5.19	--	5	2595	卖盘
11:22:18	5.19	--	124	64356	卖盘
11:22:12	5.19	--	185	96015	卖盘
11:22:09	5.19	--	60	31140	卖盘
11:22:00	5.19	--	26	13494	卖盘
11:21:54	5.19	--	26	13494	卖盘
11:21:51	5.19	-0.01	4503	2337057	卖盘
11:21:48	5.2	0.01	50	26000	买盘
11:21:45	5.19	--	50	25950	卖盘
11:21:30	5.19	--	137	71103	卖盘
11:21:18	5.19	-0.01	8	4152	卖盘
11:21:06	5.2	0.01	5	2600	买盘
11:20:51	5.19	--	2	1038	卖盘
11:20:42	5.19	-0.01	100	51900	卖盘
11:20:06	5.2	--	33	17160	买盘
11:19:57	5.2	--	20	10400	买盘
11:19:54	5.2	--	50	26000	买盘
11:19:45	5.2	--	5	2600	买盘
11:19:42	5.2	--	130	67600	买盘
11:19:39	5.2	--	60	31200	买盘
11:19:18	5.2	0.01	43	22360	买盘
11:19:12	5.19	--	28	14532	卖盘
11:19:09	5.19	--	4	2076	卖盘
11:19:06	5.19	--	31	16089	卖盘
11:19:00	5.19	-0.01	103	53457	卖盘
11:18:54	5.2	0.01	4	2080	买盘
11:18:51	5.19	--	77	39963	卖盘
11:18:48	5.19	-0.01	6	3114	卖盘
11:18:39	5.2	0.01	1	520	买盘
11:18:30	5.19	-0.01	5	2595	卖盘
11:18:18	5.2	--	36	18720	买盘
11:18:12	5.2	--	2272	1181856	卖盘
11:18:03	5.2	--	38	19760	卖盘
11:17:57	5.2	-0.01	90	46800	卖盘
11:17:45	5.21	0.01	6	3126	买盘
11:17:42	5.2	-0.01	18	9360	卖盘
11:17:30	5.21	0.01	8	4168	买盘
11:17:21	5.2	--	35	18200	卖盘
11:17:15	5.2	--	700	364000	卖盘
11:17:12	5.2	--	40	20800	卖盘
11:17:09	5.2	-0.01	10	5200	卖盘
11:17:06	5.21	--	4	2084	买盘
11:17:00	5.21	0.01	5	2605	买盘
11:16:45	5.2	--	14	7280	卖盘
11:16:33	5.2	--	10	5200	卖盘
11:16:21	5.2	-0.01	20	10400	卖盘
11:15:51	5.21	0.01	5	2605	买盘
11:15:45	5.2	--	500	260000	卖盘
11:15:42	5.2	--	164	85280	卖盘
11:15:33	5.2	-0.01	10	5200	卖盘
11:15:30	5.21	0.01	13	6773	买盘
11:15:18	5.2	-0.01	10	5200	卖盘
11:15:03	5.21	--	2	1042	买盘
11:14:57	5.21	0.01	47	24487	买盘
11:14:48	5.2	--	2	1040	卖盘
11:14:42	5.2	--	7	3640	卖盘
11:14:36	5.2	--	20	10400	卖盘
11:14:24	5.2	-0.01	2	1040	卖盘
11:14:09	5.21	--	50	26050	买盘
11:14:03	5.21	0.01	4	2084	买盘
11:13:39	5.2	--	20	10400	卖盘
11:13:18	5.2	-0.01	81	42120	卖盘
11:12:51	5.21	0.01	6	3126	买盘
11:12:48	5.2	--	18	9360	卖盘
11:12:39	5.2	-0.01	1000	520000	卖盘
11:12:12	5.21	--	2	1042	买盘
11:11:57	5.21	0.01	5	2605	买盘
11:11:30	5.2	--	6	3120	卖盘
11:11:24	5.2	--	30	15600	卖盘
11:11:15	5.2	-0.01	10	5200	卖盘
11:11:03	5.21	0.01	22	11462	买盘
11:11:00	5.2	-0.01	30	15600	卖盘
11:10:57	5.21	--	8	4168	买盘
11:10:51	5.21	0.01	10	5210	买盘
11:10:39	5.2	-0.01	0	104	卖盘
11:10:30	5.21	0.01	35	18235	买盘
11:10:21	5.2	--	100	52000	卖盘
11:10:18	5.2	-0.01	7	3640	卖盘
11:10:06	5.21	0.01	9	4689	买盘
11:10:03	5.2	--	10	5200	卖盘
11:10:00	5.2	--	14	7280	买盘
11:09:57	5.2	--	35	18200	买盘
11:09:51	5.2	-0.01	50	26000	中性盘
11:09:30	5.21	--	100	52100	买盘
11:09:06	5.21	0.02	209	108889	买盘
11:09:03	5.19	--	1	519	卖盘
11:08:57	5.19	-0.01	57	29583	卖盘
11:08:54	5.2	0.01	4	2080	买盘
11:08:45	5.19	-0.01	30	15570	卖盘
11:08:42	5.2	0.01	1000	520000	买盘
11:08:39	5.19	--	263	136497	卖盘
11:08:36	5.19	-0.01	20	10380	卖盘
11:08:24	5.2	--	20	10400	买盘
11:08:06	5.2	0.01	10	5200	买盘
11:08:03	5.19	--	34	17646	卖盘
11:07:57	5.19	-0.01	1356	703764	卖盘
11:07:51	5.2	--	200	104000	卖盘
11:07:48	5.2	-0.01	39	20280	卖盘
11:07:45	5.21	0.01	6	3126	买盘
11:07:39	5.2	--	26	13520	卖盘
11:07:33	5.2	--	50	26000	卖盘
11:07:09	5.2	-0.01	60	31200	卖盘
11:07:03	5.21	0.01	5	2605	买盘
11:07:00	5.2	--	22	11440	卖盘
11:06:57	5.2	--	339	176280	卖盘
11:06:54	5.2	--	20	10400	卖盘
11:06:48	5.2	--	25	13000	卖盘
11:06:36	5.2	--	34	17680	卖盘
11:06:21	5.2	--	24	12480	卖盘
11:06:18	5.2	--	600	312000	卖盘
11:06:15	5.2	--	5	2600	卖盘
11:06:12	5.2	--	2	1040	卖盘
11:06:00	5.2	--	5	2600	卖盘
11:05:51	5.2	-0.01	39	20280	卖盘
11:05:45	5.21	--	15	7815	买盘
11:05:39	5.21	0.01	6	3126	买盘
11:05:18	5.2	-0.01	2	1040	卖盘
11:05:15	5.21	--	154	80234	买盘
11:05:06	5.21	--	11	5731	买盘
11:04:57	5.21	--	201	104721	买盘
11:04:54	5.21	0.01	35	18235	买盘
11:04:51	5.2	--	17	8840	卖盘
11:04:48	5.2	--	6	3120	卖盘
11:04:27	5.2	--	27	14040	卖盘
11:04:21	5.2	--	1	520	卖盘
11:04:18	5.2	-0.01	9	4680	卖盘
11:04:06	5.21	--	2	1042	买盘
11:03:57	5.21	--	8	4168	买盘
11:03:51	5.21	0.01	5	2605	买盘
11:03:39	5.2	--	5	2600	卖盘
11:03:33	5.2	--	20	10400	卖盘
11:03:30	5.2	-0.01	10	5200	卖盘
11:03:21	5.21	0.01	100	52100	买盘
11:03:15	5.2	--	46	23920	卖盘
11:03:09	5.2	--	8	4160	卖盘
11:02:48	5.2	-0.01	200	104000	卖盘
11:02:45	5.21	0.01	5	2605	买盘
11:02:30	5.2	--	1	520	卖盘
11:02:15	5.2	--	16	8320	卖盘
11:02:12	5.2	--	16	8320	卖盘
11:02:09	5.2	-0.01	8	4160	卖盘
11:02:00	5.21	--	3	1563	买盘
11:01:45	5.21	--	5	2605	买盘
11:01:03	5.21	--	10	5210	买盘
11:01:00	5.21	0.01	5	2605	买盘
11:00:54	5.2	--	9	4680	卖盘
11:00:45	5.2	--	5	2600	卖盘
11:00:39	5.2	-0.01	180	93600	卖盘
11:00:30	5.21	--	6	3126	买盘
11:00:27	5.21	--	13	6773	买盘
11:00:06	5.21	--	214	111494	买盘
11:00:03	5.21	--	56	29176	买盘
11:00:00	5.21	--	33	17193	买盘
10:59:45	5.21	0.01	55	28655	买盘
10:59:42	5.2	-0.01	12	6240	卖盘
10:59:39	5.21	0.01	50	26050	买盘
10:59:33	5.2	--	10	5200	卖盘
10:59:30	5.2	--	5	2600	卖盘
10:59:24	5.2	--	137	71240	卖盘
10:59:15	5.2	-0.01	50	26000	卖盘
10:59:09	5.21	0.01	118	61478	买盘
10:59:03	5.2	-0.01	1357	705640	卖盘
10:59:00	5.21	0.01	100	52100	买盘
10:58:57	5.2	-0.01	10	5200	卖盘
10:58:54	5.21	--	28	14588	买盘
10:58:33	5.21	--	51	26571	买盘
10:58:30	5.21	--	30	15630	买盘
10:58:06	5.21	--	4	2084	买盘
10:58:00	5.21	--	17	8857	买盘
10:57:51	5.21	0.01	200	104200	买盘
10:57:36	5.2	-0.01	43	22360	卖盘
10:57:30	5.21	--	9	4689	买盘
10:57:21	5.21	--	50	26050	买盘
10:57:12	5.21	0.01	5	2605	买盘
10:57:09	5.2	-0.01	51	26520	卖盘
10:57:00	5.21	--	19	9899	买盘
10:56:51	5.21	--	142	73982	买盘
10:56:48	5.21	--	100	52100	买盘
10:56:36	5.21	--	39	20319	买盘
10:56:30	5.21	--	5	2605	买盘
10:56:21	5.21	--	102	53142	买盘
10:56:15	5.21	0.01	50	26050	买盘
10:56:12	5.2	-0.01	5	2600	卖盘
10:56:00	5.21	--	5	2605	买盘
10:55:54	5.21	0.01	10	5210	买盘
10:55:51	5.2	-0.01	3	1560	卖盘
10:55:42	5.21	0.01	2	1042	买盘
10:55:21	5.2	-0.01	4	2080	卖盘
10:55:06	5.21	--	14	7294	买盘
10:55:03	5.21	0.01	4	2084	买盘
10:54:51	5.2	--	3	1560	卖盘
10:54:48	5.2	-0.01	36	18720	卖盘
10:54:39	5.21	-0.01	1041	542361	卖盘
10:54:24	5.22	0.01	100	52200	买盘
10:54:21	5.21	--	5	2605	卖盘
10:54:09	5.21	--	380	197980	卖盘
10:54:06	5.21	-0.01	10	5210	卖盘
10:54:00	5.22	0.01	4	2088	买盘
10:53:51	5.21	--	10	5210	卖盘
10:53:48	5.21	-0.01	27	14067	卖盘
10:53:39	5.22	--	1	522	买盘
10:53:36	5.22	0.01	14	7308	买盘
10:53:21	5.21	--	1395	726795	买盘
10:53:06	5.21	--	5	2605	买盘
10:53:03	5.21	0.01	50	26050	买盘
10:52:48	5.2	--	10	5200	卖盘
10:52:33	5.2	--	100	52000	卖盘
10:52:30	5.2	-0.01	194	100880	卖盘
10:52:21	5.21	--	11	5731	买盘
10:52:09	5.21	0.01	4	2084	买盘
10:52:06	5.2	-0.01	7	3640	卖盘
10:51:42	5.21	0.01	207	107847	买盘
10:51:36	5.2	--	147	76445	买盘
10:51:27	5.2	--	2	1040	买盘
10:51:15	5.2	--	1	520	买盘
10:51:12	5.2	--	10	5200	买盘
10:51:09	5.2	--	62	32240	买盘
10:51:00	5.2	--	250	130514	卖盘
10:50:54	5.2	--	40	20800	卖盘
10:50:51	5.2	--	20	10400	卖盘
10:50:33	5.2	--	5	2600	卖盘
10:50:18	5.2	--	40	20805	买盘
10:50:15	5.2	--	30	15600	买盘
10:50:12	5.2	--	10	5200	买盘
10:50:09	5.2	--	63	32760	买盘
10:49:51	5.2	--	195	101400	买盘
10:49:48	5.2	--	5	2600	买盘
10:49:09	5.2	--	30	15600	买盘
10:49:06	5.2	--	38	19760	买盘
10:49:03	5.2	--	10	5200	买盘
10:48:48	5.2	--	353	184074	卖盘
10:48:36	5.2	--	810	421200	卖盘
10:48:30	5.2	-0.01	20	10400	卖盘
10:48:18	5.21	0.01	50	26050	买盘
10:48:09	5.2	-0.01	10	5200	卖盘
10:48:06	5.21	--	5	2605	买盘
10:47:57	5.21	--	30	15630	买盘
10:47:36	5.21	--	1	521	买盘
10:47:30	5.21	0.01	1	521	买盘
10:47:21	5.2	-0.01	1	520	卖盘
10:47:15	5.21	--	1	521	买盘
10:47:00	5.21	0.01	4	2084	买盘
10:46:54	5.2	-0.01	1	520	卖盘
10:46:48	5.21	0.01	309	160989	买盘
10:46:36	5.2	--	4	2080	卖盘
10:46:33	5.2	--	2	1040	卖盘
10:46:30	5.2	--	4	2080	卖盘
10:46:24	5.2	--	444	230880	卖盘
10:46:09	5.2	--	3	1560	卖盘
10:45:57	5.2	-0.01	320	166400	卖盘
10:45:51	5.21	0.01	5	2605	买盘
10:45:45	5.2	--	508	264160	卖盘
10:45:39	5.2	-0.01	800	416000	卖盘
10:45:30	5.21	0.01	10	5210	买盘
10:45:09	5.2	-0.01	262	136240	卖盘
10:45:03	5.21	0.01	20	10420	买盘
10:44:57	5.2	-0.01	40	20800	卖盘
10:44:54	5.21	0.01	4	2084	买盘
10:44:51	5.2	--	7	3640	卖盘
10:44:48	5.2	-0.01	7	3640	卖盘
10:44:45	5.21	0.01	70	36470	买盘
10:44:33	5.2	-0.01	9	4680	卖盘
10:44:27	5.21	0.01	200	104200	买盘
10:44:24	5.2	-0.01	20	10400	卖盘
10:44:18	5.21	--	4	2084	买盘
10:44:09	5.21	--	5	2605	买盘
10:44:06	5.21	--	36	18756	买盘
10:43:51	5.21	--	5	2605	买盘
10:43:42	5.21	--	10	5210	买盘
10:43:30	5.21	--	30	15630	买盘
10:43:18	5.21	0.01	8	4168	买盘
10:43:12	5.2	-0.01	142	73840	卖盘
10:43:03	5.21	--	10	5210	买盘
10:43:00	5.21	0.01	20	10420	买盘
10:42:57	5.2	-0.01	0	5	卖盘
10:42:51	5.21	--	11	5731	买盘
10:42:39	5.21	--	51	26571	买盘
10:42:30	5.21	--	21	10941	买盘
10:42:27	5.21	0.01	1	521	买盘
10:42:21	5.2	-0.01	6	3120	卖盘
10:42:18	5.21	0.01	3	1563	买盘
10:42:12	5.2	--	57	29640	卖盘
10:42:06	5.2	--	9	4680	卖盘
10:41:51	5.2	-0.01	2	1040	卖盘
10:41:48	5.21	--	4	2084	买盘
10:41:45	5.21	0.01	8	4168	买盘
10:41:42	5.2	-0.01	1	520	卖盘
10:41:18	5.21	--	256	133376	买盘
10:41:15	5.21	--	2	1042	买盘
10:41:12	5.21	--	50	26050	买盘
10:41:03	5.21	--	5	2605	买盘
10:40:33	5.21	0.01	10	5210	买盘
10:40:21	5.2	--	189	98280	卖盘
10:40:15	5.2	--	65	33800	卖盘
10:40:09	5.2	-0.01	20	10400	卖盘
10:40:06	5.21	--	15	7815	买盘
10:40:03	5.21	0.01	7	3647	买盘
10:40:00	5.2	--	7	3640	卖盘
10:39:57	5.2	--	24	12480	卖盘
10:39:48	5.2	--	10	5200	卖盘
10:39:36	5.2	-0.01	12	6240	卖盘
10:39:27	5.21	0.01	105	54705	买盘
10:39:18	5.2	--	30	15600	卖盘
10:39:15	5.2	--	20	10400	卖盘
10:39:09	5.2	-0.01	6	3120	卖盘
10:39:00	5.21	0.01	88	45848	买盘
10:38:54	5.2	--	51	26520	卖盘
10:38:45	5.2	-0.01	10	5200	卖盘
10:38:36	5.21	--	7	3647	买盘
10:38:30	5.21	0.01	3	1563	买盘
10:38:15	5.2	-0.01	20	10400	卖盘
10:38:09	5.21	0.01	207	107847	买盘
10:38:03	5.2	--	31	16120	买盘
10:38:00	5.2	--	5	2600	买盘
10:37:57	5.2	--	17	8840	买盘
10:37:54	5.2	--	26	13520	买盘
10:37:51	5.2	0.01	10	5200	买盘
10:37:48	5.19	-0.01	97	50343	卖盘
10:37:45	5.2	--	4	2080	买盘
10:37:39	5.2	--	3	1560	买盘
10:37:36	5.2	--	46	23920	买盘
10:37:33	5.2	--	10	5200	买盘
10:37:27	5.2	--	53	27560	卖盘
10:37:24	5.2	--	76	39520	卖盘
10:37:15	5.2	--	4	2080	卖盘
10:37:12	5.2	--	50	26000	卖盘
10:37:03	5.2	--	4	2080	中性盘
10:36:57	5.2	0.01	131	68120	买盘
10:36:54	5.19	-0.01	10	5190	卖盘
10:36:45	5.2	0.01	5	2600	买盘
10:36:42	5.19	-0.01	49	25431	卖盘
10:36:33	5.2	--	30	15600	买盘
10:36:18	5.2	--	50	26000	买盘
10:36:12	5.2	0.01	5	2600	买盘
10:36:09	5.19	-0.01	10	5190	卖盘
10:36:03	5.2	-0.01	50	26000	中性盘
10:35:54	5.21	0.01	141	73461	买盘
10:35:51	5.2	--	5	2600	买盘
10:35:48	5.2	--	100	52000	买盘
10:35:42	5.2	--	109	56680	买盘
10:35:33	5.2	--	20	10400	买盘
10:35:27	5.2	--	2	1040	买盘
10:35:21	5.2	--	314	163378	卖盘
10:35:15	5.2	--	39	20280	卖盘
10:35:09	5.2	--	13	7181	卖盘
10:35:06	5.2	--	30	15600	卖盘
10:34:57	5.2	--	295	153400	卖盘
10:34:54	5.2	--	12	6240	卖盘
10:34:48	5.2	--	204	106080	卖盘
10:34:45	5.2	--	20	10400	卖盘
10:34:42	5.2	-0.01	43	22360	卖盘
10:34:36	5.21	0.01	122	63562	买盘
10:34:30	5.2	-0.01	4000	2080000	卖盘
10:34:24	5.21	--	2	1042	买盘
10:34:15	5.21	--	67	34907	买盘
10:34:12	5.21	0.01	5	2605	买盘
10:34:06	5.2	-0.01	123	63960	卖盘
10:33:57	5.21	--	548	285508	卖盘
10:33:54	5.21	-0.01	865	450665	卖盘
10:33:48	5.22	0.01	100	52200	买盘
10:33:45	5.21	--	5	2605	卖盘
10:33:42	5.21	--	149	77629	卖盘
10:33:39	5.21	--	80	41680	卖盘
10:33:36	5.21	--	33	17193	卖盘
10:33:30	5.21	--	1	521	卖盘
10:33:24	5.21	--	500	260500	卖盘
10:33:18	5.21	--	10	5210	卖盘
10:33:09	5.21	-0.01	1	521	卖盘
10:33:06	5.22	0.01	204	106488	买盘
10:32:57	5.21	-0.01	31	16151	卖盘
10:32:54	5.22	--	34	17748	买盘
10:32:51	5.22	0.01	207	108054	买盘
10:32:48	5.21	--	293	152653	卖盘
10:32:36	5.21	--	53	27613	卖盘
10:32:33	5.21	--	74	38554	卖盘
10:32:27	5.21	--	24	12504	卖盘
10:32:24	5.21	--	120	62520	卖盘
10:32:18	5.21	--	20	10420	卖盘
10:32:15	5.21	-0.01	43	22403	卖盘
10:32:06	5.22	--	3	1566	买盘
10:31:54	5.22	--	116	60552	买盘
10:31:51	5.22	--	150	78300	卖盘
10:31:45	5.22	--	300	156600	卖盘
10:31:39	5.22	--	7	3654	卖盘
10:31:12	5.22	--	12	6264	卖盘
10:31:06	5.22	--	79	41238	卖盘
10:31:00	5.22	--	55	28710	卖盘
10:30:48	5.22	--	20	10440	卖盘
10:30:42	5.22	--	27	14094	卖盘
10:30:39	5.22	--	60	31320	卖盘
10:30:33	5.22	-0.01	50	26100	卖盘
10:30:30	5.23	0.01	20	10460	买盘
10:30:24	5.22	-0.01	20	10440	卖盘
10:29:57	5.23	0.01	5	2615	买盘
10:29:51	5.22	--	9	4698	卖盘
10:29:48	5.22	--	5	2610	卖盘
10:29:42	5.22	-0.01	3	1566	卖盘
10:29:36	5.23	0.01	19	9937	买盘
10:29:33	5.22	--	20	10440	卖盘
10:29:12	5.22	-0.01	10	5220	卖盘
10:28:57	5.23	0.01	4	2092	买盘
10:28:48	5.22	-0.01	3	1566	卖盘
10:28:42	5.23	0.01	10	5230	买盘
10:28:39	5.22	--	5	2610	卖盘
10:28:30	5.22	--	22	11484	卖盘
10:28:18	5.22	--	1	522	卖盘
10:28:15	5.22	--	3	1566	卖盘
10:28:09	5.22	-0.01	2	1044	卖盘
10:28:03	5.23	0.01	10	5230	买盘
10:28:00	5.22	--	12	6264	卖盘
10:27:57	5.22	-0.01	20	10440	卖盘
10:27:54	5.23	0.01	25	13075	买盘
10:27:48	5.22	--	7	3654	卖盘
10:27:45	5.22	--	5	2610	卖盘
10:27:42	5.22	--	11	5742	卖盘
10:27:39	5.22	--	24	12528	卖盘
10:27:36	5.22	-0.01	1	522	卖盘
10:27:33	5.23	0.01	34	17782	买盘
10:27:30	5.22	--	47	24534	卖盘
10:27:18	5.22	--	50	26100	卖盘
10:27:15	5.22	--	41	21402	卖盘
10:27:06	5.22	-0.01	550	287100	卖盘
10:27:00	5.23	0.01	104	54392	买盘
10:26:54	5.22	--	4	2088	卖盘
10:26:39	5.22	-0.01	202	105444	卖盘
10:26:30	5.23	--	20	10460	买盘
10:26:24	5.23	0.01	8	4184	买盘
10:26:21	5.22	-0.01	1	522	卖盘
10:26:12	5.23	0.01	195	101985	买盘
10:26:09	5.22	--	31	16182	卖盘
10:26:06	5.22	-0.01	60	31320	卖盘
10:25:57	5.23	0.01	5	2615	买盘
10:25:45	5.22	--	10	5220	卖盘
10:25:33	5.22	--	1394	727668	买盘
10:25:06	5.22	0.01	17	8874	买盘
10:25:03	5.21	-0.01	40	20840	卖盘
10:24:57	5.22	--	20	10440	买盘
10:24:54	5.22	--	14	7308	买盘
10:24:48	5.22	--	50	26100	买盘
10:24:30	5.22	--	15	7830	买盘
10:24:09	5.22	--	17	8874	买盘
10:24:03	5.22	--	71	37062	买盘
10:24:00	5.22	0.01	102	53244	买盘
10:23:51	5.21	-0.01	200	104200	卖盘
10:23:48	5.22	--	69	36018	买盘
10:23:42	5.22	0.01	105	54810	买盘
10:23:33	5.21	-0.01	12	6252	卖盘
10:23:30	5.22	--	8	4176	买盘
10:23:12	5.22	0.01	3	1566	买盘
10:22:51	5.21	-0.01	2	1042	卖盘
10:22:42	5.22	0.01	4	2088	买盘
10:22:33	5.21	--	2	1042	卖盘
10:22:21	5.21	--	50	26050	卖盘
10:22:18	5.21	--	9	4689	卖盘
10:22:15	5.21	-0.01	20	10420	卖盘
10:22:12	5.22	0.01	9	4698	买盘
10:22:06	5.21	--	8	4168	卖盘
10:21:57	5.21	--	2	1042	卖盘
10:21:51	5.21	-0.01	20	10420	卖盘
10:21:48	5.22	0.01	5	2610	买盘
10:21:39	5.21	--	230	119830	卖盘
10:21:33	5.21	-0.01	5	2605	卖盘
10:21:30	5.22	--	10	5220	买盘
10:21:24	5.22	--	10	5220	买盘
10:21:15	5.22	--	3	1566	买盘
10:21:12	5.22	0.01	10	5220	买盘
10:20:57	5.21	--	1	521	卖盘
10:20:48	5.21	-0.01	20	10420	卖盘
10:20:42	5.22	0.01	10	5220	买盘
10:20:39	5.21	--	39	20319	卖盘
10:20:36	5.21	--	1	521	卖盘
10:20:33	5.21	--	5	2605	卖盘
10:20:15	5.21	-0.01	5	2605	卖盘
10:20:12	5.22	--	3	1566	买盘
10:20:09	5.22	--	7	3654	买盘
10:20:06	5.22	--	9	4698	买盘
10:19:57	5.22	--	12	6264	买盘
10:19:54	5.22	0.01	4	2088	买盘
10:19:51	5.21	-0.01	10	5210	卖盘
10:19:39	5.22	0.01	19	9918	买盘
10:19:24	5.21	--	27	14067	卖盘
10:19:21	5.21	-0.01	3	1563	卖盘
10:19:18	5.22	--	29	15138	买盘
10:19:12	5.22	0.01	16	8352	买盘
10:19:06	5.21	-0.01	2	1042	卖盘
10:18:57	5.22	-0.01	10	5220	中性盘
10:18:54	5.23	--	20	10460	买盘
10:18:51	5.23	0.01	207	108261	买盘
10:18:48	5.22	0.01	4	2088	买盘
10:18:45	5.21	--	182	94822	卖盘
10:18:30	5.21	-0.02	19	9899	卖盘
10:18:21	5.23	0.01	513	268299	买盘
10:18:12	5.22	0.01	20	10440	买盘
10:18:09	5.21	-0.01	10	5210	卖盘
10:18:06	5.22	0.01	23	12006	买盘
10:18:03	5.21	-0.01	3	1563	卖盘
10:17:54	5.22	--	1	522	买盘
10:17:51	5.22	--	20	10440	买盘
10:17:42	5.22	0.01	5	2610	买盘
10:17:33	5.21	-0.01	32	16672	卖盘
10:17:27	5.22	--	91	47502	卖盘
10:17:18	5.22	--	50	26100	买盘
10:17:15	5.22	--	76	39672	买盘
10:17:06	5.22	--	20	10440	买盘
10:17:03	5.22	0.01	15	7830	买盘
10:16:54	5.21	-0.01	1	521	卖盘
10:16:42	5.22	--	5	2610	买盘
10:16:30	5.22	0.01	9	4698	买盘
10:16:27	5.21	-0.01	40	20840	卖盘
10:16:03	5.22	--	13	6786	卖盘
10:15:48	5.22	--	25	13050	买盘
10:15:42	5.22	-0.01	4	2088	买盘
10:15:39	5.23	0.01	122	63806	买盘
10:15:33	5.22	--	124	64728	买盘
10:15:30	5.22	--	15	7830	买盘
10:15:27	5.22	0.01	90	46980	买盘
10:15:24	5.21	-0.01	5	2605	卖盘
10:15:21	5.22	--	20	10440	买盘
10:15:03	5.22	--	29	15138	买盘
10:14:48	5.22	-0.01	5	2610	中性盘
10:14:33	5.23	0.01	77	40271	买盘
10:14:27	5.22	--	57	29754	卖盘
10:14:24	5.22	--	22	11484	卖盘
10:14:21	5.22	--	110	57420	卖盘
10:14:18	5.22	--	9	4698	卖盘
10:14:15	5.22	--	21	10962	卖盘
10:14:09	5.22	--	7	3654	卖盘
10:14:06	5.22	--	100	52200	卖盘
10:14:03	5.22	--	32	16704	卖盘
10:13:54	5.22	0.01	157	81954	买盘
10:13:51	5.21	-0.01	8	4168	卖盘
10:13:48	5.22	--	5	2610	买盘
10:13:45	5.22	--	5	2610	买盘
10:13:39	5.22	--	40	20880	买盘
10:13:30	5.22	-0.01	30	15660	卖盘
10:13:27	5.23	0.01	208	108784	买盘
10:13:24	5.22	--	6	3132	卖盘
10:13:21	5.22	--	5	2610	卖盘
10:13:12	5.22	--	30	15660	卖盘
10:13:09	5.22	--	50	26100	卖盘
10:13:06	5.22	-0.01	211	110142	卖盘
10:12:57	5.23	0.01	5	2615	买盘
10:12:54	5.22	--	17	8874	卖盘
10:12:48	5.22	--	40	20880	卖盘
10:12:45	5.22	--	10	5220	卖盘
10:12:42	5.22	--	37	19314	卖盘
10:12:27	5.22	--	4	2088	卖盘
10:12:24	5.22	--	25	13050	卖盘
10:12:12	5.22	--	20	10440	卖盘
10:12:09	5.22	--	20	10440	卖盘
10:12:03	5.22	--	10	5220	卖盘
10:11:57	5.22	-0.01	30	15660	卖盘
10:11:54	5.23	0.01	4	2092	买盘
10:11:51	5.22	--	108	56376	卖盘
10:11:45	5.22	--	227	118494	卖盘
10:11:42	5.22	--	10	5220	卖盘
10:11:30	5.22	--	22	11484	卖盘
10:11:18	5.22	--	166	86652	卖盘
10:11:09	5.22	-0.01	43	22446	卖盘
10:11:06	5.23	--	227	118721	买盘
10:10:54	5.23	--	305	159515	买盘
10:10:51	5.23	--	18	9414	买盘
10:10:45	5.23	--	5	2615	买盘
10:10:39	5.23	--	16	8368	买盘
10:10:30	5.23	--	6	3138	买盘
10:10:06	5.23	0.01	8	4184	买盘
10:10:03	5.22	-0.01	10	5220	卖盘
10:09:54	5.23	0.01	200	104600	买盘
10:09:51	5.22	--	1	522	卖盘
10:09:48	5.22	--	42	21924	卖盘
10:09:45	5.22	--	345	180090	买盘
10:09:42	5.22	--	25	13050	买盘
10:09:36	5.22	--	100	52200	买盘
10:09:30	5.22	--	2	1044	买盘
10:09:27	5.22	-0.01	24	12528	卖盘
10:09:21	5.23	0.01	12	6276	买盘
10:09:18	5.22	--	79	41238	卖盘
10:09:15	5.22	-0.01	20	10440	卖盘
10:09:12	5.23	0.01	5	2615	买盘
10:09:09	5.22	--	201	104922	卖盘
10:09:03	5.22	--	50	26100	卖盘
10:08:54	5.22	-0.01	50	26100	卖盘
10:08:48	5.23	--	1	523	买盘
10:08:45	5.23	--	5	2615	买盘
10:08:42	5.23	--	200	104600	买盘
10:08:30	5.23	--	11	5753	买盘
10:08:27	5.23	--	5	2615	买盘
10:08:09	5.23	0.01	10	5230	买盘
10:08:06	5.22	--	50	26100	卖盘
10:08:03	5.22	--	20	10440	卖盘
10:08:00	5.22	--	346	180612	买盘
10:07:54	5.22	--	24	12528	买盘
10:07:51	5.22	--	17	8874	买盘
10:07:48	5.22	--	9	4698	买盘
10:07:36	5.22	--	10	5220	买盘
10:07:18	5.22	--	30	15660	买盘
10:07:15	5.22	--	41	21402	买盘
10:07:12	5.22	--	5	2610	买盘
10:07:00	5.22	0.01	10	5220	买盘
10:06:54	5.21	--	1	521	卖盘
10:06:51	5.21	-0.01	70	36470	卖盘
10:06:48	5.22	--	74	38628	买盘
10:06:45	5.22	0.01	4	2088	买盘
10:06:42	5.21	-0.01	21	10941	卖盘
10:06:39	5.22	0.01	16	8352	买盘
10:06:27	5.21	-0.01	94	48974	卖盘
10:06:21	5.22	0.01	24	12528	买盘
10:06:03	5.21	-0.01	5	2605	卖盘
10:05:54	5.22	--	104	54288	买盘
10:05:51	5.22	0.01	15	7830	买盘
10:05:45	5.21	-0.01	79	41159	卖盘
10:05:42	5.22	0.01	125	65250	买盘
10:05:39	5.21	-0.01	6	3126	卖盘
10:05:33	5.22	--	33	17226	买盘
10:05:30	5.22	--	5	2610	买盘
10:05:27	5.22	0.01	3	1566	买盘
10:05:24	5.21	-0.01	5	2605	卖盘
10:05:21	5.22	--	445	232290	买盘
10:05:15	5.22	--	200	104400	买盘
10:05:06	5.22	--	48	25056	买盘
10:05:00	5.22	--	16	8352	买盘
10:04:54	5.22	0.01	11	5742	买盘
10:04:45	5.21	-0.01	1	521	卖盘
10:04:39	5.22	0.01	4	2088	买盘
10:04:36	5.21	--	17	8857	卖盘
10:04:27	5.21	--	30	15630	卖盘
10:04:21	5.21	-0.01	23	11983	卖盘
10:04:15	5.22	0.01	3	1566	买盘
10:04:00	5.21	-0.01	20	10420	卖盘
10:03:57	5.22	0.01	16	8352	买盘
10:03:48	5.21	--	3	1563	卖盘
10:03:45	5.21	-0.01	32	16672	卖盘
10:03:42	5.22	--	15	7830	买盘
10:03:39	5.22	0.01	9	4698	买盘
10:03:30	5.21	-0.01	2	1042	卖盘
10:03:27	5.22	0.01	36	18792	买盘
10:03:15	5.21	--	20	10420	卖盘
10:03:09	5.21	-0.01	20	10420	卖盘
10:03:03	5.22	0.01	36	18792	买盘
10:02:51	5.21	-0.01	1	521	卖盘
10:02:48	5.22	--	700	365400	买盘
10:02:42	5.22	0.01	4	2088	买盘
10:02:39	5.21	-0.01	308	160468	卖盘
10:02:30	5.22	--	113	58986	买盘
10:02:27	5.22	0.01	10	5220	买盘
10:02:21	5.21	-0.01	30	15630	卖盘
10:02:09	5.22	--	5	2610	买盘
10:02:00	5.22	--	14	7308	买盘
10:01:54	5.22	0.01	80	41760	买盘
10:01:42	5.21	--	121	63041	卖盘
10:01:39	5.21	--	9	4689	卖盘
10:01:36	5.21	--	6	3126	卖盘
10:01:33	5.21	-0.01	4	2084	卖盘
10:01:30	5.22	--	14	7308	买盘
10:01:24	5.22	0.01	34	17748	买盘
10:01:09	5.21	--	31	16151	卖盘
10:01:00	5.21	--	149	77629	卖盘
10:00:57	5.21	--	100	52100	卖盘
10:00:51	5.21	-0.01	40	20840	卖盘
10:00:48	5.22	--	88	45936	买盘
10:00:42	5.22	--	600	313200	买盘
10:00:39	5.22	--	25	13050	买盘
10:00:36	5.22	0.01	5	2610	买盘
10:00:33	5.21	-0.01	2	1042	卖盘
10:00:30	5.22	0.01	22	11484	买盘
10:00:27	5.21	--	11	5731	卖盘
10:00:21	5.21	--	51	26571	卖盘
10:00:09	5.21	-0.01	616	320936	卖盘
10:00:06	5.22	--	12	6264	买盘
10:00:03	5.22	--	8	4176	买盘
10:00:00	5.22	0.01	14	7308	买盘
09:59:48	5.21	-0.01	23	11983	卖盘
09:59:39	5.22	0.01	213	111186	买盘
09:59:36	5.21	-0.01	40	20840	卖盘
09:59:30	5.22	0.01	14	7308	买盘
09:59:27	5.21	--	5	2605	卖盘
09:59:21	5.21	-0.01	364	189644	卖盘
09:59:15	5.22	0.01	86	44892	买盘
09:59:12	5.21	--	10	5210	卖盘
09:59:09	5.21	--	50	26050	卖盘
09:59:06	5.21	--	2267	1181398	买盘
09:59:00	5.21	0.01	44	22924	买盘
09:58:54	5.2	--	63	32760	卖盘
09:58:51	5.2	-0.01	5	2600	卖盘
09:58:48	5.21	--	20	10420	买盘
09:58:45	5.21	--	17	8857	买盘
09:58:39	5.21	0.01	14	7294	买盘
09:58:36	5.2	--	126	65520	卖盘
09:58:33	5.2	-0.01	50	26000	卖盘
09:58:30	5.21	0.01	14	7294	买盘
09:58:27	5.2	-0.01	2	1040	卖盘
09:58:24	5.21	--	10	5210	买盘
09:58:21	5.21	--	5	2605	买盘
09:58:18	5.21	--	2	1042	买盘
09:58:12	5.21	--	10	5210	买盘
09:58:09	5.21	0.01	1	521	买盘
09:58:06	5.2	-0.01	20	10400	卖盘
09:58:03	5.21	--	8	4168	买盘
09:58:00	5.21	0.01	14	7294	买盘
09:57:51	5.2	-0.01	52	27040	卖盘
09:57:42	5.21	0.01	25	13025	买盘
09:57:36	5.2	-0.01	1	520	卖盘
09:57:24	5.21	--	25	13025	买盘
09:57:21	5.21	--	1	521	买盘
09:57:03	5.21	0.01	75	39075	买盘
09:57:00	5.2	-0.01	10	5200	卖盘
09:56:57	5.21	0.01	54	28134	买盘
09:56:54	5.2	-0.01	67	34840	卖盘
09:56:51	5.21	0.01	4	2084	买盘
09:56:48	5.2	-0.01	10	5200	卖盘
09:56:45	5.21	0.01	4	2084	买盘
09:56:42	5.2	-0.01	3	1560	卖盘
09:56:39	5.21	--	208	108368	买盘
09:56:36	5.21	0.01	8	4168	买盘
09:56:33	5.2	--	100	52000	卖盘
09:56:30	5.2	-0.01	7	3640	卖盘
09:56:24	5.21	--	262	136502	买盘
09:56:21	5.21	--	4	2084	买盘
09:56:18	5.21	0.01	1	521	买盘
09:56:12	5.2	-0.01	25	13000	卖盘
09:56:09	5.21	0.01	3	1563	买盘
09:56:06	5.2	-0.01	100	52000	卖盘
09:56:03	5.21	--	13	6773	买盘
09:55:57	5.21	--	28	14588	买盘
09:55:54	5.21	0.01	14	7294	买盘
09:55:51	5.2	-0.01	43	22360	卖盘
09:55:48	5.21	--	11	5731	买盘
09:55:45	5.21	0.01	5	2605	买盘
09:55:39	5.2	--	74	38480	卖盘
09:55:36	5.2	-0.01	5	2600	卖盘
09:55:30	5.21	0.01	6	3126	买盘
09:55:27	5.2	-0.01	129	67080	卖盘
09:55:24	5.21	--	6	3126	买盘
09:55:21	5.21	0.01	95	49495	买盘
09:55:18	5.2	--	2	1040	卖盘
09:55:12	5.2	-0.01	4	2080	卖盘
09:55:06	5.21	--	11	5731	买盘
09:54:54	5.21	0.01	306	159426	买盘
09:54:51	5.2	--	6	3120	卖盘
09:54:45	5.2	--	15	7800	卖盘
09:54:42	5.2	--	10	5200	卖盘
09:54:39	5.2	--	4	2080	卖盘
09:54:36	5.2	--	45	23400	卖盘
09:54:30	5.2	-0.01	45	23400	卖盘
09:54:24	5.21	0.01	113	58873	买盘
09:54:18	5.2	-0.01	12	6240	卖盘
09:54:15	5.21	0.01	19	9899	买盘
09:54:12	5.2	--	33	17160	卖盘
09:53:57	5.2	-0.01	1	520	卖盘
09:53:54	5.21	0.01	18	9378	买盘
09:53:48	5.2	--	9	4680	卖盘
09:53:45	5.2	--	293	152360	买盘
09:53:42	5.2	--	10	5200	买盘
09:53:39	5.2	0.01	24	12480	买盘
09:53:36	5.19	--	20	10380	卖盘
09:53:33	5.19	--	10	5190	卖盘
09:53:27	5.19	-0.01	19	9861	卖盘
09:53:24	5.2	0.01	96	49920	买盘
09:53:21	5.19	--	113	58647	卖盘
09:53:18	5.19	-0.01	2	1038	卖盘
09:53:12	5.2	--	20	10400	买盘
09:53:06	5.2	--	50	26000	买盘
09:53:03	5.2	--	108	56160	卖盘
09:53:00	5.2	--	25	13000	卖盘
09:52:57	5.2	--	20	10400	买盘
09:52:54	5.2	--	7	3640	买盘
09:52:48	5.2	--	138	71760	买盘
09:52:45	5.2	--	197	102440	卖盘
09:52:42	5.2	--	30	15600	卖盘
09:52:39	5.2	--	9	4680	卖盘
09:52:33	5.2	--	7	3640	卖盘
09:52:27	5.2	-0.01	3	1560	卖盘
09:52:24	5.21	0.02	11	5731	买盘
09:52:21	5.19	-0.01	3053	1584507	卖盘
09:52:18	5.2	--	48	24960	卖盘
09:52:15	5.2	--	76	39520	卖盘
09:52:12	5.2	--	23	11960	卖盘
09:52:03	5.2	--	5	2600	卖盘
09:51:57	5.2	-0.01	3	1560	卖盘
09:51:54	5.21	0.01	10	5210	买盘
09:51:48	5.2	-0.01	28	14560	卖盘
09:51:45	5.21	--	4	2084	买盘
09:51:36	5.21	0.01	20	10420	买盘
09:51:30	5.2	--	1320	686400	卖盘
09:51:27	5.2	-0.01	3	1560	卖盘
09:51:24	5.21	--	6	3126	买盘
09:51:21	5.21	--	57	29697	买盘
09:51:18	5.21	--	51	26571	买盘
09:51:12	5.21	0.01	31	16151	买盘
09:51:09	5.2	--	7	3640	卖盘
09:51:00	5.2	--	20	10400	卖盘
09:50:54	5.2	-0.01	22	11440	卖盘
09:50:48	5.21	--	10	5210	买盘
09:50:39	5.21	0.01	30	15630	买盘
09:50:36	5.2	-0.01	1	520	卖盘
09:50:33	5.21	--	5	2605	买盘
09:50:27	5.21	--	36	18756	买盘
09:50:21	5.21	0.01	5	2605	买盘
09:50:15	5.2	-0.01	5	2600	卖盘
09:50:06	5.21	--	49	25529	买盘
09:49:54	5.21	--	16	8336	买盘
09:49:51	5.21	--	22	11462	买盘
09:49:48	5.21	--	804	419113	卖盘
09:49:42	5.21	-0.01	184	95864	卖盘
09:49:39	5.22	0.01	57	29754	买盘
09:49:36	5.21	--	13	6773	卖盘
09:49:30	5.21	-0.01	58	30218	卖盘
09:49:21	5.22	--	7	3654	买盘
09:49:18	5.22	0.01	13	6786	买盘
09:48:57	5.21	--	80	41680	卖盘
09:48:54	5.21	--	50	26050	卖盘
09:48:48	5.21	--	50	26050	卖盘
09:48:42	5.21	--	15	7815	卖盘
09:48:39	5.21	--	10	5210	卖盘
09:48:33	5.21	--	1	521	卖盘
09:48:27	5.21	--	16	8336	卖盘
09:48:21	5.21	--	100	52100	卖盘
09:48:18	5.21	-0.01	51	26862	卖盘
09:48:15	5.22	0.01	48	25056	买盘
09:48:06	5.21	--	83	43243	卖盘
09:48:00	5.21	-0.01	70	36470	卖盘
09:47:57	5.22	0.01	50	26100	买盘
09:47:54	5.21	--	2	1042	卖盘
09:47:51	5.21	--	50	26050	卖盘
09:47:48	5.21	--	366	190686	卖盘
09:47:45	5.21	--	297	154737	卖盘
09:47:39	5.21	--	50	26050	卖盘
09:47:36	5.21	-0.01	1	521	卖盘
09:47:33	5.22	--	5	2610	买盘
09:47:30	5.22	0.01	5	2610	买盘
09:47:27	5.21	-0.01	50	26050	卖盘
09:47:21	5.22	--	23	12006	买盘
09:47:18	5.22	--	501	261522	买盘
09:47:15	5.22	0.01	50	26100	买盘
09:47:12	5.21	-0.01	30	15630	卖盘
09:47:09	5.22	0.01	20	10440	买盘
09:47:06	5.21	-0.01	20	10420	卖盘
09:46:57	5.22	0.01	90	46980	买盘
09:46:51	5.21	--	16	8336	卖盘
09:46:42	5.21	-0.01	100	52100	卖盘
09:46:39	5.22	--	91	47502	买盘
09:46:33	5.22	--	104	54288	买盘
09:46:27	5.22	0.01	14	7308	买盘
09:46:24	5.21	-0.01	30	15630	卖盘
09:46:18	5.22	--	14	7308	买盘
09:46:12	5.22	0.01	19	9918	买盘
09:46:06	5.21	--	21	10941	卖盘
09:46:00	5.21	-0.01	52	27092	卖盘
09:45:57	5.22	0.01	20	10440	买盘
09:45:54	5.21	-0.01	16	8336	卖盘
09:45:48	5.22	--	8	4176	买盘
09:45:42	5.22	--	23	12006	买盘
09:45:36	5.22	--	200	104400	买盘
09:45:27	5.22	--	30	15660	买盘
09:45:18	5.22	--	20	10440	买盘
09:45:15	5.22	--	50	26100	买盘
09:45:12	5.22	0.01	5	2610	买盘
09:45:00	5.21	-0.01	100	52100	卖盘
09:44:57	5.22	--	397	207234	买盘
09:44:54	5.22	--	20	10440	买盘
09:44:48	5.22	0.01	20	10440	买盘
09:44:45	5.21	-0.01	5	2605	卖盘
09:44:42	5.22	--	8	4176	买盘
09:44:36	5.22	--	4	2088	买盘
09:44:24	5.22	0.01	50	26100	买盘
09:44:18	5.21	-0.01	10	5210	卖盘
09:44:15	5.22	0.01	51	26622	买盘
09:44:12	5.21	-0.01	20	10420	卖盘
09:44:03	5.22	--	110	57420	买盘
09:44:00	5.22	0.01	50	26100	买盘
09:43:57	5.21	-0.01	12	6252	卖盘
09:43:51	5.22	0.01	408	212976	买盘
09:43:48	5.21	-0.01	2	1042	卖盘
09:43:42	5.22	--	10	5220	买盘
09:43:39	5.22	0.01	193	100746	买盘
09:43:36	5.21	-0.01	262	136502	卖盘
09:43:33	5.22	--	5	2610	买盘
09:43:30	5.22	--	120	62640	买盘
09:43:24	5.22	--	70	36540	买盘
09:43:18	5.22	--	196	102312	买盘
09:43:15	5.22	--	5	2610	买盘
09:43:12	5.22	--	191	99702	买盘
09:43:09	5.22	--	50	26100	买盘
09:43:03	5.22	--	9	4698	买盘
09:42:51	5.22	--	82	42804	买盘
09:42:48	5.22	--	80	41760	买盘
09:42:42	5.22	--	28	14616	买盘
09:42:39	5.22	--	8	4176	买盘
09:42:36	5.22	--	4	2088	买盘
09:42:30	5.22	--	22	11484	卖盘
09:42:24	5.22	--	2	1044	卖盘
09:42:21	5.22	-0.01	6	3132	卖盘
09:42:18	5.23	0.02	319	166837	买盘
09:42:15	5.21	--	4	2084	买盘
09:42:12	5.21	-0.02	1379	718740	卖盘
09:42:06	5.23	0.01	20	10460	买盘
09:42:00	5.22	-0.01	46	24012	卖盘
09:41:54	5.23	--	25	13075	买盘
09:41:51	5.23	--	4	2092	买盘
09:41:45	5.23	--	24	12552	买盘
09:41:42	5.23	--	118	61714	买盘
09:41:39	5.23	--	5	2615	买盘
09:41:36	5.23	0.01	5	2615	买盘
09:41:24	5.22	--	100	52440	买盘
09:41:15	5.22	--	10	5220	买盘
09:41:12	5.22	--	10	5220	买盘
09:41:09	5.22	--	180	94241	卖盘
09:41:06	5.22	--	493	257346	卖盘
09:41:03	5.22	-0.01	57	29754	卖盘
09:40:57	5.23	0.01	16	8368	买盘
09:40:54	5.22	--	4	2088	卖盘
09:40:51	5.22	--	3014	1573548	买盘
09:40:39	5.22	0.03	10	5220	买盘
09:40:30	5.19	-0.03	2000	1038000	卖盘
09:40:27	5.22	--	520	271440	买盘
09:40:21	5.22	0.01	1	522	买盘
09:39:54	5.21	--	36	18756	卖盘
09:39:51	5.21	--	8	4168	卖盘
09:39:45	5.21	--	10	5210	卖盘
09:39:42	5.21	--	92	47932	买盘
09:39:36	5.21	--	4	2084	买盘
09:39:33	5.21	--	5	2605	买盘
09:39:27	5.21	0.02	130	67730	买盘
09:39:24	5.19	-0.02	2501	1298019	卖盘
09:39:18	5.21	--	65	33865	买盘
09:39:09	5.21	--	30	15630	买盘
09:39:06	5.21	--	808	420968	买盘
09:39:03	5.21	0.01	78	40638	买盘
09:38:57	5.2	-0.01	13	6760	卖盘
09:38:33	5.21	--	104	54184	买盘
09:38:30	5.21	0.01	41	21361	买盘
09:38:21	5.2	-0.01	20	10400	卖盘
09:38:09	5.21	0.01	297	154737	买盘
09:38:06	5.2	-0.01	10	5200	卖盘
09:37:57	5.21	--	100	52100	买盘
09:37:54	5.21	--	17	8857	买盘
09:37:51	5.21	--	2501	1303021	买盘
09:37:48	5.21	--	1	521	买盘
09:37:45	5.21	--	7	3647	买盘
09:37:42	5.21	0.01	30	15630	买盘
09:37:36	5.2	-0.01	20	10400	卖盘
09:37:33	5.21	--	4	2084	买盘
09:37:30	5.21	0.01	2	1042	买盘
09:37:27	5.2	--	10	5200	卖盘
09:37:18	5.2	-0.01	500	260000	卖盘
09:37:15	5.21	--	3	1563	买盘
09:37:12	5.21	0.01	191	99511	买盘
09:37:09	5.2	--	1	520	卖盘
09:37:03	5.2	-0.01	15	7800	卖盘
09:36:57	5.21	0.01	35	18235	买盘
09:36:54	5.2	-0.01	5	2600	卖盘
09:36:51	5.21	--	25	13025	买盘
09:36:48	5.21	--	1	521	买盘
09:36:39	5.21	--	8	4168	买盘
09:36:33	5.21	0.01	9	4689	买盘
09:36:18	5.2	-0.01	2	1040	卖盘
09:36:15	5.21	0.01	5	2605	买盘
09:36:09	5.2	--	26	13520	卖盘
09:36:06	5.2	--	31	16120	卖盘
09:36:03	5.2	--	52	27040	卖盘
09:36:00	5.2	--	4	2080	卖盘
09:35:57	5.2	--	50	26000	卖盘
09:35:54	5.2	--	3	1560	卖盘
09:35:51	5.2	--	10	5200	卖盘
09:35:48	5.2	--	11	5720	卖盘
09:35:45	5.2	--	4	2080	卖盘
09:35:42	5.2	--	16	8320	卖盘
09:35:39	5.2	--	9	4680	卖盘
09:35:36	5.2	--	100	52000	卖盘
09:35:33	5.2	--	1	520	卖盘
09:35:30	5.2	--	500	260000	卖盘
09:35:24	5.2	--	5	2600	卖盘
09:35:21	5.2	-0.01	11	5720	卖盘
09:35:15	5.21	0.01	7	3647	买盘
09:35:12	5.2	-0.01	40	20800	卖盘
09:35:09	5.21	--	135	70335	卖盘
09:35:06	5.21	--	11	5731	卖盘
09:34:57	5.21	--	45	23445	卖盘
09:34:54	5.21	--	65	33865	卖盘
09:34:48	5.21	--	8	4168	卖盘
09:34:45	5.21	--	17	8857	卖盘
09:34:42	5.21	--	3	1563	卖盘
09:34:39	5.21	-0.01	24	12504	卖盘
09:34:36	5.22	--	2	1044	买盘
09:34:33	5.22	0.01	110	57420	买盘
09:34:30	5.21	--	35	18235	卖盘
09:34:21	5.21	--	266	138586	卖盘
09:34:18	5.21	--	26	13546	卖盘
09:34:15	5.21	-0.01	35	18235	卖盘
09:34:09	5.22	0.01	4	2088	买盘
09:34:06	5.21	-0.01	50	26050	卖盘
09:34:03	5.22	0.01	22	11484	买盘
09:33:57	5.21	--	45	23445	卖盘
09:33:54	5.21	--	10	5210	卖盘
09:33:51	5.21	--	4	2084	卖盘
09:33:48	5.21	--	11	5731	卖盘
09:33:42	5.21	--	21	10941	卖盘
09:33:39	5.21	--	49	25529	卖盘
09:33:27	5.21	-0.01	25	13025	卖盘
09:33:24	5.22	--	10	5220	买盘
09:33:21	5.22	--	35	18270	买盘
09:33:15	5.22	--	1	522	买盘
09:33:12	5.22	--	6	3132	买盘
09:33:09	5.22	0.01	1	522	买盘
09:33:03	5.21	--	17	8857	卖盘
09:32:57	5.21	--	11	5731	卖盘
09:32:45	5.21	--	7	3647	卖盘
09:32:42	5.21	--	23	11983	买盘
09:32:39	5.21	--	5	2605	买盘
09:32:33	5.21	--	73	38033	卖盘
09:32:30	5.21	-0.01	70	36470	卖盘
09:32:24	5.22	0.01	1	522	买盘
09:32:21	5.21	0.01	4	2084	买盘
09:32:18	5.2	-0.01	39	20280	卖盘
09:32:15	5.21	--	9	4689	卖盘
09:32:09	5.21	--	596	310516	买盘
09:32:03	5.21	0.01	166	86486	买盘
09:31:54	5.2	-0.01	9	4680	卖盘
09:31:48	5.21	--	100	52100	买盘
09:31:42	5.21	--	51	26571	买盘
09:31:39	5.21	--	71	36991	买盘
09:31:36	5.21	--	40	20840	买盘
09:31:27	5.21	--	20	10420	买盘
09:31:24	5.21	--	30	15630	买盘
09:31:21	5.21	0.01	50	26050	买盘
09:31:18	5.2	-0.01	11	5720	卖盘
09:31:15	5.21	--	30	15630	买盘
09:31:12	5.21	--	101	52621	买盘
09:31:09	5.21	--	26	13546	买盘
09:31:06	5.21	--	615	320415	卖盘
09:31:00	5.21	--	4	2084	卖盘
09:30:57	5.21	-0.01	202	105242	卖盘
09:30:51	5.22	0.01	21	10962	买盘
09:30:48	5.21	-0.01	12	6252	卖盘
09:30:42	5.22	0.01	1	522	买盘
09:30:36	5.21	--	11	5731	卖盘
09:30:30	5.21	0.01	76	39596	买盘
09:30:27	5.2	--	32	16640	卖盘
09:30:18	5.2	-0.02	182	94640	卖盘
09:30:15	5.22	--	30	15660	买盘
09:30:12	5.22	0.01	30	15660	买盘
09:30:06	5.21	--	190	98990	买盘
09:30:03	5.21	-0.01	257	133897	卖盘
09:30:00	5.22	--	0	0	买盘
09:25:03	5.22	5.22	1254	654588	买盘
