成交时间	成交价	价格变动	成交量(手)	成交额(元)	性质
15:00:03	39.21	-0.01	518	2031078	卖盘
14:57:03	39.22	--	10	39220	卖盘
14:57:00	39.22	-0.01	2	7844	卖盘
14:56:54	39.23	--	2	7845	买盘
14:56:51	39.23	--	1	3922	买盘
14:56:48	39.23	--	30	117689	买盘
14:56:45	39.23	0.01	16	62767	买盘
14:56:42	39.22	-0.01	1	3922	中性盘
14:56:39	39.23	--	31	121612	买盘
14:56:33	39.23	--	3	11768	买盘
14:56:27	39.23	0.01	32	125535	买盘
14:56:24	39.22	--	8	31376	卖盘
14:56:21	39.22	--	2	7844	卖盘
14:56:18	39.22	--	2	7844	卖盘
14:56:15	39.22	--	21	82362	买盘
14:56:09	39.22	0.02	22	86284	买盘
14:56:03	39.2	-0.02	8	31360	卖盘
14:56:00	39.22	--	27	105894	买盘
14:55:57	39.22	--	1	3922	买盘
14:55:54	39.22	0.01	1	3922	买盘
14:55:51	39.21	-0.01	59	231339	卖盘
14:55:42	39.22	0.01	1	3922	买盘
14:55:39	39.21	-0.01	2	7842	中性盘
14:55:36	39.22	0.02	10	39220	买盘
14:55:33	39.2	-0.02	10	39200	卖盘
14:55:30	39.22	0.01	15	58830	买盘
14:55:24	39.21	0.01	6	23526	买盘
14:55:21	39.2	--	26	101920	卖盘
14:55:18	39.2	-0.02	15	58800	卖盘
14:55:15	39.22	0.01	1	3922	买盘
14:55:12	39.21	--	23	90183	买盘
14:55:03	39.21	--	1	3921	买盘
14:55:00	39.21	-0.01	35	137235	卖盘
14:54:57	39.22	--	6	23532	买盘
14:54:54	39.22	--	5	19610	买盘
14:54:51	39.22	--	3	11766	买盘
14:54:48	39.22	--	6	23532	买盘
14:54:45	39.22	0.01	15	58830	中性盘
14:54:42	39.21	-0.02	1	3921	卖盘
14:54:33	39.23	0.02	33	129458	买盘
14:54:30	39.21	-0.01	15	58815	卖盘
14:54:27	39.22	--	15	58830	买盘
14:54:24	39.22	-0.01	16	62752	卖盘
14:54:21	39.23	--	2	7845	买盘
14:54:18	39.23	0.01	41	160843	中性盘
14:54:12	39.22	-0.01	1	3922	卖盘
14:54:09	39.23	--	10	39230	买盘
14:54:06	39.23	--	19	74537	卖盘
14:53:57	39.23	--	4	15691	卖盘
14:53:54	39.23	-0.01	7	27460	卖盘
14:53:48	39.24	--	6	23544	卖盘
14:53:39	39.24	--	1	3924	买盘
14:53:36	39.24	--	7	27468	买盘
14:53:30	39.24	--	10	39240	买盘
14:53:27	39.24	--	14	54936	买盘
14:53:24	39.24	-0.01	27	105948	卖盘
14:53:21	39.25	0.01	9	35325	买盘
14:53:15	39.24	--	20	78480	卖盘
14:53:12	39.24	--	30	117720	卖盘
14:53:09	39.24	--	31	121644	买盘
14:53:06	39.24	0.01	10	39240	买盘
14:53:03	39.23	0.01	27	105920	买盘
14:53:00	39.22	0.01	11	43142	买盘
14:52:57	39.21	--	2	7842	卖盘
14:52:54	39.21	-0.01	24	94104	卖盘
14:52:48	39.22	--	12	47064	卖盘
14:52:45	39.22	-0.01	16	62752	卖盘
14:52:42	39.23	--	9	35307	卖盘
14:52:36	39.23	-0.01	3	11768	卖盘
14:52:27	39.24	--	17	66708	卖盘
14:52:24	39.24	-0.01	1	3924	卖盘
14:52:18	39.25	--	21	82425	买盘
14:52:12	39.25	-0.01	1	3925	卖盘
14:52:09	39.26	--	1	3926	买盘
14:52:06	39.26	0.02	3	11778	买盘
14:52:03	39.24	-0.03	7	27468	中性盘
14:51:57	39.27	0.04	82	322014	买盘
14:51:54	39.23	-0.03	34	133382	卖盘
14:51:51	39.26	-0.01	11	43186	卖盘
14:51:48	39.27	0.01	2	7854	买盘
14:51:45	39.26	-0.01	23	90298	卖盘
14:51:42	39.27	--	23	90321	买盘
14:51:36	39.27	--	3	11781	买盘
14:51:33	39.27	--	7	27489	买盘
14:51:27	39.27	--	1	3927	买盘
14:51:24	39.27	--	50	196350	买盘
14:51:18	39.27	--	10	39270	卖盘
14:51:15	39.27	-0.02	25	98175	卖盘
14:51:12	39.29	0.03	2	7858	中性盘
14:50:57	39.26	--	30	117780	卖盘
14:50:48	39.26	--	20	78520	卖盘
14:50:42	39.26	-0.01	14	54964	卖盘
14:50:39	39.27	--	46	180642	卖盘
14:50:33	39.27	-0.04	41	161007	中性盘
14:50:27	39.31	0.04	84	330204	买盘
14:50:24	39.27	--	5	19635	买盘
14:50:15	39.27	--	20	78540	买盘
14:50:12	39.27	--	1	3927	买盘
14:50:06	39.27	-0.01	37	145299	卖盘
14:50:00	39.28	--	5	19640	卖盘
14:49:51	39.28	--	27	106056	买盘
14:49:48	39.28	--	2	7856	买盘
14:49:45	39.28	0.01	4	15712	买盘
14:49:42	39.27	-0.03	6	23562	中性盘
14:49:36	39.3	0.04	79	310470	买盘
14:49:30	39.26	-0.02	50	196300	卖盘
14:49:27	39.28	0.01	7	27496	买盘
14:49:24	39.27	--	5	19635	卖盘
14:49:21	39.27	-0.01	4	15708	卖盘
14:49:15	39.28	0.01	7	27496	买盘
14:49:12	39.27	--	22	86394	买盘
14:49:09	39.27	0.01	23	90321	买盘
14:49:00	39.26	--	10	39260	卖盘
14:48:54	39.26	--	55	215930	买盘
14:48:51	39.26	--	1	3926	买盘
14:48:48	39.26	--	28	109928	买盘
14:48:45	39.26	0.01	1	3926	买盘
14:48:33	39.25	0.01	3	11775	买盘
14:48:21	39.24	-0.01	13	51012	卖盘
14:48:15	39.25	0.02	29	113825	买盘
14:48:12	39.23	--	3	11768	卖盘
14:48:09	39.23	--	13	50998	卖盘
14:48:06	39.23	--	4	15691	卖盘
14:48:03	39.23	--	4	15691	买盘
14:48:00	39.23	0.01	10	39230	买盘
14:47:54	39.22	-0.01	5	19610	卖盘
14:47:48	39.23	--	1	3922	买盘
14:47:45	39.23	--	5	19615	卖盘
14:47:36	39.23	-0.02	2	7845	卖盘
14:47:27	39.25	0.03	26	102050	买盘
14:47:12	39.22	-0.01	9	35298	卖盘
14:47:09	39.23	--	3	11768	买盘
14:46:57	39.23	-0.02	1	3922	买盘
14:46:54	39.25	0.03	1	3925	买盘
14:46:51	39.22	-0.03	13	50986	卖盘
14:46:48	39.25	0.02	12	47100	买盘
14:46:36	39.23	0.02	12	47075	买盘
14:46:27	39.21	-0.02	1	3921	卖盘
14:46:24	39.23	0.02	5	19615	买盘
14:46:18	39.21	0.01	11	43131	买盘
14:46:12	39.2	--	20	78400	卖盘
14:46:06	39.2	--	4	15680	卖盘
14:46:03	39.2	--	23	90160	买盘
14:45:54	39.2	--	43	168560	买盘
14:45:51	39.2	0.02	4	15680	买盘
14:45:48	39.18	-0.03	18	70524	卖盘
14:45:42	39.21	0.03	18	70578	卖盘
14:45:39	39.18	-0.06	24	94032	卖盘
14:45:36	39.24	0.06	5	19620	买盘
14:45:33	39.18	-0.05	119	466242	卖盘
14:45:27	39.23	-0.01	10	39230	卖盘
14:45:12	39.24	--	13	51012	买盘
14:45:09	39.24	0.02	11	43164	买盘
14:45:06	39.22	-0.02	80	313760	卖盘
14:44:54	39.24	--	1	3924	卖盘
14:44:48	39.24	0.02	16	62784	中性盘
14:44:39	39.22	-0.02	47	184334	卖盘
14:44:36	39.24	-0.01	3	11772	中性盘
14:44:30	39.25	0.02	5	19625	买盘
14:44:24	39.23	-0.01	4	15691	中性盘
14:44:15	39.24	-0.01	7	27468	中性盘
14:44:12	39.25	--	2	7850	买盘
14:44:03	39.25	--	10	39250	买盘
14:43:57	39.25	--	7	27475	买盘
14:43:54	39.25	-0.01	10	39250	中性盘
14:43:51	39.26	0.01	236	926536	买盘
14:43:48	39.25	-0.01	9	35325	卖盘
14:43:45	39.26	0.01	7	27482	买盘
14:43:42	39.25	--	5	19625	卖盘
14:43:39	39.25	--	1	3925	卖盘
14:43:36	39.25	--	17	66725	卖盘
14:43:30	39.25	0.03	28	109900	买盘
14:43:24	39.22	--	6	23532	卖盘
14:43:15	39.22	-0.03	1	3922	卖盘
14:43:00	39.25	-0.01	12	47100	卖盘
14:42:54	39.26	0.01	1	3926	买盘
14:42:51	39.25	-0.01	10	39250	卖盘
14:42:48	39.26	--	1	3926	中性盘
14:42:45	39.26	--	10	39260	卖盘
14:42:42	39.26	-0.01	4	15704	卖盘
14:42:33	39.27	--	1	3927	买盘
14:42:30	39.27	-0.01	27	106029	卖盘
14:42:27	39.28	--	1	3928	中性盘
14:42:09	39.28	--	17	66776	卖盘
14:42:06	39.28	--	4	15712	卖盘
14:42:03	39.28	-0.01	7	27496	卖盘
14:41:54	39.29	--	1	3929	中性盘
14:41:48	39.29	-0.01	3	11787	卖盘
14:41:39	39.3	-0.01	2	7859	中性盘
14:41:36	39.31	0.01	12	47172	买盘
14:41:33	39.3	--	1	3929	中性盘
14:41:30	39.3	-0.01	24	94320	卖盘
14:41:27	39.31	0.01	46	180826	买盘
14:41:24	39.3	-0.01	2	7859	卖盘
14:41:21	39.31	--	2	7862	卖盘
14:41:15	39.31	0.01	25	98275	买盘
14:41:12	39.3	--	31	121829	买盘
14:41:06	39.3	--	47	184710	买盘
14:41:00	39.3	-0.01	30	117899	买盘
14:40:51	39.31	--	4	15724	卖盘
14:40:48	39.31	0.03	29	113999	买盘
14:40:42	39.28	-0.02	45	176760	卖盘
14:40:39	39.3	--	30	117899	买盘
14:40:33	39.3	--	4	15719	买盘
14:40:30	39.3	--	2	7859	买盘
14:40:27	39.3	0.02	69	271170	卖盘
14:40:21	39.28	-0.03	9	35352	卖盘
14:40:18	39.31	0.02	3	11793	买盘
14:40:15	39.29	--	4	15716	买盘
14:40:12	39.29	-0.01	11	43219	卖盘
14:40:09	39.3	0.02	1	3929	买盘
14:40:06	39.28	--	3	11784	卖盘
14:40:03	39.28	-0.02	1	3928	卖盘
14:40:00	39.3	0.02	45	176850	买盘
14:39:51	39.28	--	5	19640	卖盘
14:39:48	39.28	0.01	14	54992	买盘
14:39:45	39.27	-0.01	4	15708	卖盘
14:39:42	39.28	0.01	4	15712	买盘
14:39:39	39.27	--	2	7854	卖盘
14:39:33	39.27	--	7	27489	买盘
14:39:30	39.27	--	6	23562	买盘
14:39:27	39.27	--	1	3927	买盘
14:39:24	39.27	0.01	5	19635	买盘
14:39:18	39.26	--	10	39260	买盘
14:39:15	39.26	--	15	58890	买盘
14:39:12	39.26	--	1	3926	买盘
14:39:09	39.26	-0.01	37	145262	中性盘
14:39:00	39.27	0.02	2	7854	买盘
14:38:51	39.25	--	4	16210	买盘
14:38:48	39.25	0.01	7	27475	买盘
14:38:45	39.24	--	1	3924	卖盘
14:38:42	39.24	--	5	19620	买盘
14:38:30	39.24	0.04	4	15696	买盘
14:38:24	39.2	-0.05	10	39200	买盘
14:38:18	39.25	0.06	10	39250	买盘
14:38:15	39.19	-0.05	64	250816	卖盘
14:38:06	39.24	--	7	27468	买盘
14:38:03	39.24	0.02	10	39240	买盘
14:37:54	39.22	-0.02	3	11766	卖盘
14:37:51	39.24	--	21	82404	买盘
14:37:42	39.24	--	13	51012	买盘
14:37:36	39.24	--	1	3924	卖盘
14:37:30	39.24	0.02	2	7848	买盘
14:37:21	39.22	-0.03	12	47064	卖盘
14:37:12	39.25	0.04	8	31400	买盘
14:37:06	39.21	-0.04	13	50973	卖盘
14:37:03	39.25	0.03	52	204100	买盘
14:37:00	39.22	--	6	23532	买盘
14:36:57	39.22	-0.02	25	98050	卖盘
14:36:39	39.24	0.03	1	3924	买盘
14:36:27	39.21	-0.04	2	7842	卖盘
14:36:09	39.25	0.07	14	54950	中性盘
14:35:57	39.18	-0.08	31	121458	卖盘
14:35:54	39.26	--	23	90298	卖盘
14:35:48	39.26	--	3	11778	卖盘
14:35:42	39.26	--	1	3926	卖盘
14:35:39	39.26	0.05	16	62816	买盘
14:35:36	39.21	-0.03	5	19605	卖盘
14:35:30	39.24	0.02	1	3924	买盘
14:35:27	39.22	0.01	2	7844	卖盘
14:35:24	39.21	-0.03	3	11763	卖盘
14:35:18	39.24	0.03	10	39240	中性盘
14:35:09	39.21	-0.04	14	54894	卖盘
14:34:51	39.25	-0.01	28	109900	卖盘
14:34:45	39.26	-0.02	32	125632	卖盘
14:34:24	39.28	0.02	20	78560	买盘
14:34:21	39.26	-0.02	19	74594	卖盘
14:34:12	39.28	-0.01	1	3928	中性盘
14:33:57	39.29	--	13	51077	买盘
14:33:45	39.29	--	7	31235	卖盘
14:33:39	39.29	--	12	47148	卖盘
14:33:36	39.29	--	13	51077	卖盘
14:33:33	39.29	--	1	3929	卖盘
14:33:30	39.29	-0.01	8	31432	卖盘
14:33:24	39.3	--	2	7859	买盘
14:33:15	39.3	--	4	15719	买盘
14:33:06	39.3	0.01	1	3929	买盘
14:33:03	39.29	-0.01	1	4125	卖盘
14:32:57	39.3	--	8	31439	卖盘
14:32:54	39.3	--	13	51089	卖盘
14:32:51	39.3	--	2	7859	卖盘
14:32:48	39.3	--	2	7859	卖盘
14:32:42	39.3	--	15	58949	卖盘
14:32:39	39.3	--	107	420509	卖盘
14:32:33	39.3	--	30	117899	卖盘
14:32:24	39.3	-0.02	10	39300	卖盘
14:32:09	39.32	--	13	51116	买盘
14:32:06	39.32	--	2	7864	卖盘
14:32:03	39.32	-0.01	2	7864	卖盘
14:32:00	39.33	0.01	6	23598	买盘
14:31:57	39.32	0.02	2	7864	买盘
14:31:54	39.3	-0.02	80	314400	卖盘
14:31:51	39.32	-0.01	7	27524	卖盘
14:31:48	39.33	--	35	137655	卖盘
14:31:45	39.33	--	1	3933	卖盘
14:31:42	39.33	--	12	47196	卖盘
14:31:33	39.33	--	13	51129	卖盘
14:31:27	39.33	--	6	23598	卖盘
14:31:24	39.33	--	30	117990	卖盘
14:31:15	39.33	--	2	7866	卖盘
14:31:12	39.33	-0.02	5	19665	卖盘
14:31:09	39.35	--	1	3935	买盘
14:31:00	39.35	--	16	62960	买盘
14:30:51	39.35	--	1	3935	买盘
14:30:48	39.35	--	1	3935	买盘
14:30:45	39.35	--	1	3935	买盘
14:30:42	39.35	-0.01	48	188880	卖盘
14:30:39	39.36	--	11	43296	买盘
14:30:33	39.36	0.01	1	3936	买盘
14:30:30	39.35	--	1	3935	卖盘
14:30:27	39.35	-0.01	5	19675	卖盘
14:30:21	39.36	--	3	11808	买盘
14:30:18	39.36	--	1	3936	买盘
14:30:12	39.36	0.01	10	39360	买盘
14:30:09	39.35	--	5	19675	卖盘
14:30:06	39.35	-0.01	67	263645	卖盘
14:30:00	39.36	--	1	3936	买盘
14:29:54	39.36	--	1	3936	买盘
14:29:51	39.36	0.01	3	11808	买盘
14:29:33	39.35	-0.01	4	15740	卖盘
14:29:30	39.36	0.01	2	7872	买盘
14:29:27	39.35	0.02	15	59025	买盘
14:29:21	39.33	-0.02	5	19665	卖盘
14:29:18	39.35	--	1	3935	买盘
14:29:15	39.35	--	4	15740	买盘
14:29:06	39.35	-0.02	22	86570	中性盘
14:28:54	39.37	0.01	3	11811	买盘
14:28:48	39.36	0.01	1	3936	中性盘
14:28:42	39.35	0.02	2	7870	卖盘
14:28:39	39.33	--	10	39330	买盘
14:28:36	39.33	-0.04	13	51129	卖盘
14:28:33	39.37	0.02	85	334645	买盘
14:28:30	39.35	--	1	3935	买盘
14:28:27	39.35	--	12	47220	买盘
14:28:21	39.35	--	1	3935	买盘
14:28:12	39.35	--	1	3935	中性盘
14:28:09	39.35	-0.02	1	3935	卖盘
14:28:06	39.37	0.02	100	393700	买盘
14:28:00	39.35	--	24	94440	买盘
14:27:54	39.35	--	7	27545	卖盘
14:27:51	39.35	--	29	114115	卖盘
14:27:45	39.35	0.01	13	51155	买盘
14:27:42	39.34	--	41	161294	买盘
14:27:36	39.34	--	2	7868	买盘
14:27:33	39.34	--	11	43274	买盘
14:27:30	39.34	--	1	3934	买盘
14:27:24	39.34	--	3	11802	买盘
14:27:06	39.34	-0.01	4	15736	买盘
14:27:03	39.35	--	5	19675	卖盘
14:26:57	39.35	--	1	3935	卖盘
14:26:54	39.35	0.02	78	306930	买盘
14:26:51	39.33	--	1	3933	买盘
14:26:48	39.33	0.01	2	7866	买盘
14:26:45	39.32	-0.01	1	3932	中性盘
14:26:39	39.33	--	5	19665	买盘
14:26:33	39.33	-0.01	14	55062	买盘
14:26:30	39.34	0.02	18	70812	买盘
14:26:27	39.32	-0.01	5	19660	卖盘
14:26:24	39.33	--	2	7866	卖盘
14:26:21	39.33	--	2	7866	卖盘
14:26:18	39.33	-0.01	27	106191	卖盘
14:26:12	39.34	0.01	1	3934	买盘
14:26:09	39.33	-0.01	3	11799	卖盘
14:26:03	39.34	-0.01	1	3934	买盘
14:26:00	39.35	0.02	3	11805	买盘
14:25:57	39.33	0.01	25	98325	中性盘
14:25:51	39.32	-0.03	5	19660	卖盘
14:25:48	39.35	0.03	79	310865	买盘
14:25:36	39.32	--	1	3932	卖盘
14:25:33	39.32	--	9	35388	买盘
14:25:30	39.32	0.01	1	3932	买盘
14:25:27	39.31	--	11	43241	卖盘
14:25:24	39.31	--	3	11793	卖盘
14:25:18	39.31	--	2	7862	卖盘
14:25:06	39.31	--	10	39310	买盘
14:25:03	39.31	--	31	121861	买盘
14:25:00	39.31	--	6	23586	买盘
14:24:42	39.31	--	54	212274	卖盘
14:24:39	39.31	--	45	176895	卖盘
14:24:33	39.31	--	1	3931	卖盘
14:24:30	39.31	--	12	47172	卖盘
14:24:27	39.31	-0.01	21	82551	卖盘
14:24:24	39.32	0.02	17	66844	买盘
14:24:18	39.3	--	12	47160	卖盘
14:24:15	39.3	--	18	70740	卖盘
14:24:12	39.3	--	39	153270	买盘
14:24:09	39.3	--	6	23580	买盘
14:24:03	39.3	--	2	7859	买盘
14:23:57	39.3	--	3	11790	买盘
14:23:48	39.3	--	30	117899	买盘
14:23:45	39.3	--	6	23580	买盘
14:23:42	39.3	0.01	67	263310	买盘
14:23:30	39.29	0.01	43	168947	买盘
14:23:27	39.28	--	13	51064	买盘
14:23:24	39.28	--	19	74632	中性盘
14:23:12	39.28	--	9	35352	买盘
14:23:09	39.28	--	1	3928	买盘
14:22:51	39.28	0.02	18	70704	买盘
14:22:48	39.26	0.01	27	106002	买盘
14:22:36	39.25	--	2	7850	买盘
14:22:30	39.25	0.02	1	3925	买盘
14:22:15	39.23	--	3	11768	买盘
14:22:12	39.23	0.02	1	3922	买盘
14:21:54	39.21	--	3	11763	买盘
14:21:24	39.21	--	2	7842	买盘
14:21:03	39.21	--	1	3921	买盘
14:21:00	39.21	-0.05	11	43131	卖盘
14:20:51	39.26	0.02	53	208078	买盘
14:20:48	39.24	-0.01	1	3924	卖盘
14:20:45	39.25	0.01	14	54950	买盘
14:20:39	39.24	-0.02	5	19620	卖盘
14:20:09	39.26	--	12	47112	买盘
14:20:06	39.26	-0.01	64	251264	卖盘
14:20:03	39.27	--	1	3927	卖盘
14:20:00	39.27	-0.01	6	23562	卖盘
14:19:57	39.28	0.01	1	3928	买盘
14:19:33	39.27	-0.01	22	86394	卖盘
14:19:30	39.28	-0.01	2	7856	卖盘
14:19:24	39.29	0.02	17	66793	买盘
14:19:09	39.27	0.02	20	78540	买盘
14:19:06	39.25	-0.02	7	27475	卖盘
14:19:00	39.27	-0.02	7	27489	卖盘
14:18:51	39.29	0.01	18	70722	买盘
14:18:48	39.28	--	2	7856	买盘
14:18:45	39.28	-0.01	19	74632	卖盘
14:18:33	39.29	0.01	23	90367	买盘
14:18:30	39.28	--	2	7856	卖盘
14:18:27	39.28	0.01	20	78560	卖盘
14:18:24	39.27	--	21	82467	买盘
14:18:21	39.27	-0.02	9	35343	买盘
14:18:18	39.29	0.01	59	231811	买盘
14:18:15	39.28	0.03	65	255320	买盘
14:18:09	39.25	-0.03	25	98125	卖盘
14:18:03	39.28	--	12	47136	买盘
14:18:00	39.28	0.01	16	62848	买盘
14:17:54	39.27	--	6	23562	买盘
14:17:48	39.27	-0.01	5	19635	卖盘
14:17:42	39.28	--	20	78560	买盘
14:17:39	39.28	--	5	19640	买盘
14:17:33	39.28	0.01	5	19640	买盘
14:17:24	39.27	0.01	10	39270	买盘
14:17:18	39.26	0.01	2	7852	买盘
14:17:15	39.25	--	5	19625	卖盘
14:17:06	39.25	--	8	31400	买盘
14:17:00	39.25	--	10	39250	买盘
14:16:54	39.25	--	1	3925	买盘
14:16:51	39.25	0.02	10	39250	买盘
14:16:48	39.23	-0.02	1	3922	卖盘
14:16:45	39.25	0.02	19	74575	买盘
14:16:39	39.23	--	4	15691	买盘
14:16:27	39.23	0.01	10	39230	买盘
14:16:18	39.22	0.02	60	235320	买盘
14:16:15	39.2	0.01	18	70560	买盘
14:16:12	39.19	--	3	11757	买盘
14:16:09	39.19	--	6	23514	买盘
14:16:03	39.19	0.01	1	3919	买盘
14:16:00	39.18	0.02	5	19590	买盘
14:15:48	39.16	--	3	11747	卖盘
14:15:42	39.16	0.01	120	469919	买盘
14:15:36	39.15	--	2	7830	买盘
14:15:30	39.15	0.01	10	39150	买盘
14:15:27	39.14	-0.01	1	3914	卖盘
14:15:24	39.15	0.01	10	39150	买盘
14:15:21	39.14	0.06	1	3914	买盘
14:14:54	39.08	-0.02	28	109424	卖盘
14:14:45	39.1	0.05	4	15640	买盘
14:14:21	39.05	--	10	39050	卖盘
14:14:15	39.05	--	7	27334	买盘
14:14:09	39.05	0.01	11	42955	买盘
14:14:06	39.04	-0.01	20	78080	卖盘
14:14:03	39.05	--	1	3904	买盘
14:14:00	39.05	--	12	46860	买盘
14:13:54	39.05	--	50	195250	买盘
14:13:51	39.05	--	8	31239	买盘
14:13:48	39.05	--	5	19525	买盘
14:13:33	39.05	-0.04	149	581845	卖盘
14:13:21	39.09	0.01	6	23454	中性盘
14:13:15	39.08	--	1	3908	卖盘
14:13:03	39.08	--	2	7816	卖盘
14:13:00	39.08	-0.01	14	54712	中性盘
14:12:51	39.09	0.01	10	39090	买盘
14:12:48	39.08	-0.01	2	7816	卖盘
14:12:30	39.09	-0.07	2	7818	卖盘
14:12:27	39.16	0.07	72	281952	买盘
14:12:15	39.09	-0.01	4	15636	卖盘
14:12:12	39.1	--	7	27370	卖盘
14:12:09	39.1	0.01	10	39100	买盘
14:12:06	39.09	-0.01	3	11727	卖盘
14:12:00	39.1	0.01	1	3910	买盘
14:11:42	39.09	0.03	33	128997	买盘
14:11:39	39.06	--	3	11718	卖盘
14:11:33	39.06	--	5	19530	买盘
14:11:21	39.06	--	15	58590	卖盘
14:11:03	39.06	-0.04	200	781200	卖盘
14:10:51	39.1	-0.02	19	74290	卖盘
14:10:48	39.12	0.02	60	234719	买盘
14:10:42	39.1	--	10	39100	卖盘
14:10:15	39.1	-0.02	10	39100	卖盘
14:10:09	39.12	--	10	39120	买盘
14:09:36	39.12	--	8	31295	卖盘
14:09:33	39.12	--	4	15647	卖盘
14:09:24	39.12	--	3	11736	卖盘
14:09:06	39.12	--	10	39120	卖盘
14:08:24	39.12	--	3	11736	卖盘
14:08:12	39.12	--	8	31295	卖盘
14:07:57	39.12	-0.01	30	117359	卖盘
14:07:45	39.13	--	6	23478	买盘
14:07:36	39.13	--	3	11739	买盘
14:07:24	39.13	-0.01	26	101738	卖盘
14:07:03	39.14	0.01	2	7828	中性盘
14:06:33	39.13	-0.02	1	3913	卖盘
14:06:30	39.15	0.01	1	3915	买盘
14:06:15	39.14	-0.01	1	3914	卖盘
14:05:57	39.15	--	5	19575	买盘
14:05:54	39.15	--	2	7830	买盘
14:05:06	39.15	0.02	36	140940	买盘
14:05:00	39.13	--	1	3913	卖盘
14:04:54	39.13	--	3	11739	卖盘
14:04:48	39.13	--	2	7826	卖盘
14:04:45	39.13	-0.01	3	11739	卖盘
14:04:42	39.14	0.01	5	19570	买盘
14:04:33	39.13	-0.01	1	3913	卖盘
14:03:54	39.14	-0.02	1	3914	中性盘
14:03:12	39.16	0.04	30	117479	买盘
14:02:51	39.12	-0.03	23	89976	卖盘
14:02:33	39.15	-0.01	5	19575	中性盘
14:02:09	39.16	--	10	39160	买盘
14:01:51	39.16	--	29	113563	卖盘
14:01:42	39.16	--	3	11747	卖盘
14:01:27	39.16	--	7	27411	卖盘
14:01:00	39.16	--	3	11747	卖盘
14:00:57	39.16	-0.02	4	15663	卖盘
14:00:54	39.18	0.02	2	7836	买盘
14:00:51	39.16	--	30	117479	卖盘
14:00:30	39.16	-0.02	2	7831	中性盘
13:59:57	39.18	--	2	7836	买盘
13:59:39	39.18	0.06	70	274260	买盘
13:59:09	39.12	--	6	23472	卖盘
13:58:30	39.12	0.02	78	305136	买盘
13:58:18	39.1	--	10	39100	卖盘
13:58:12	39.1	--	46	179860	买盘
13:57:54	39.1	0.01	5	19550	买盘
13:57:51	39.09	-0.01	5	19545	卖盘
13:57:42	39.1	--	2	7820	买盘
13:57:36	39.1	--	8	31280	买盘
13:57:30	39.1	--	5	19550	买盘
13:57:24	39.1	--	4	15640	买盘
13:57:06	39.1	0.01	11	43010	买盘
13:57:03	39.09	--	2	7818	卖盘
13:56:45	39.09	-0.01	1	3909	卖盘
13:56:30	39.1	--	1	3910	买盘
13:56:18	39.1	--	1	3910	买盘
13:56:09	39.1	0.01	11	43010	买盘
13:55:33	39.09	-0.01	1	3909	卖盘
13:55:15	39.1	--	5	19550	买盘
13:55:06	39.1	--	1	3910	买盘
13:55:00	39.1	--	17	66470	买盘
13:54:57	39.1	0.01	5	19550	买盘
13:54:54	39.09	0.01	17	66453	中性盘
13:54:39	39.08	-0.01	3	11724	卖盘
13:54:33	39.09	0.01	9	35181	买盘
13:54:18	39.08	-0.01	5	19540	卖盘
13:54:09	39.09	--	3	11727	买盘
13:53:30	39.09	-0.01	8	31272	卖盘
13:53:00	39.1	0.01	3	11730	买盘
13:52:54	39.09	--	1	3909	买盘
13:52:51	39.09	-0.01	11	42999	卖盘
13:52:42	39.1	0.01	1	3910	买盘
13:52:39	39.09	-0.01	11	42999	卖盘
13:52:30	39.1	0.01	1	3910	买盘
13:52:18	39.09	0.02	9	35181	买盘
13:52:00	39.07	0.01	1	3907	中性盘
13:51:33	39.06	-0.04	10	39060	卖盘
13:51:21	39.1	0.02	19	74290	买盘
13:51:03	39.08	-0.02	10	39080	卖盘
13:50:57	39.1	--	92	359720	卖盘
13:50:45	39.1	--	9	35190	卖盘
13:50:21	39.1	--	1	3910	卖盘
13:50:18	39.1	-0.02	11	43010	卖盘
13:50:15	39.12	0.01	10	39120	买盘
13:50:06	39.11	-0.01	20	78220	卖盘
13:49:48	39.12	-0.01	29	114738	卖盘
13:49:36	39.13	0.01	5	19565	买盘
13:49:27	39.12	--	28	109536	卖盘
13:49:06	39.12	--	2	7823	卖盘
13:48:57	39.12	--	20	80861	卖盘
13:48:45	39.12	--	1	3911	卖盘
13:48:36	39.12	0.01	2	7823	中性盘
13:48:27	39.11	--	1	3911	卖盘
13:47:45	39.11	-0.02	1	3911	卖盘
13:47:39	39.13	0.02	1	3913	买盘
13:47:24	39.11	0.01	8	31288	买盘
13:47:18	39.1	-0.01	7	27370	卖盘
13:46:39	39.11	-0.03	3	11733	卖盘
13:46:24	39.14	--	3	11742	买盘
13:46:03	39.14	--	2	7828	卖盘
13:45:51	39.14	0.04	3	11742	买盘
13:45:45	39.1	-0.04	124	484840	卖盘
13:45:36	39.14	0.01	1	3914	买盘
13:45:27	39.13	-0.01	10	39130	卖盘
13:45:03	39.14	0.02	1	3914	买盘
13:45:00	39.12	--	1	3911	卖盘
13:44:57	39.12	--	9	35208	卖盘
13:44:45	39.12	0.02	13	50856	买盘
13:44:33	39.1	-0.01	10	39100	卖盘
13:44:03	39.11	-0.01	1	3911	卖盘
13:43:39	39.12	--	10	39120	买盘
13:43:36	39.12	-0.03	8	31295	卖盘
13:43:12	39.15	--	29	113535	卖盘
13:43:03	39.15	--	11	43065	买盘
13:42:48	39.15	--	2	7830	卖盘
13:42:45	39.15	0.01	1	3915	卖盘
13:42:36	39.14	--	57	223098	卖盘
13:42:21	39.14	--	10	39140	卖盘
13:42:15	39.14	-0.02	34	133076	卖盘
13:41:48	39.16	0.02	1	3915	买盘
13:41:45	39.14	-0.02	1	3914	卖盘
13:41:30	39.16	0.01	4	15663	买盘
13:41:27	39.15	--	8	31320	买盘
13:41:21	39.15	-0.02	17	66555	卖盘
13:41:15	39.17	0.01	10	39170	买盘
13:41:09	39.16	-0.02	1	3915	卖盘
13:40:48	39.18	-0.01	5	19590	买盘
13:40:33	39.19	--	17	66623	卖盘
13:40:27	39.19	0.01	9	35271	买盘
13:40:24	39.18	--	61	238998	卖盘
13:40:21	39.18	-0.01	5	19590	卖盘
13:40:15	39.19	0.01	10	39190	买盘
13:40:12	39.18	--	5	19590	卖盘
13:40:06	39.18	-0.01	38	148884	卖盘
13:39:57	39.19	--	17	66623	买盘
13:39:48	39.19	--	4	15676	买盘
13:39:36	39.19	0.01	8	31352	买盘
13:39:30	39.18	-0.01	4	15672	卖盘
13:39:27	39.19	--	2	7838	买盘
13:39:24	39.19	--	5	19595	买盘
13:39:18	39.19	--	2	7838	买盘
13:39:09	39.19	-0.01	4	15676	中性盘
13:39:06	39.2	--	17	66640	卖盘
13:39:00	39.2	0.01	10	39200	卖盘
13:38:57	39.19	--	1	3919	买盘
13:38:54	39.19	-0.01	11	43109	卖盘
13:38:39	39.2	0.01	22	86240	买盘
13:38:30	39.19	-0.01	4	15676	卖盘
13:38:24	39.2	--	5	19600	买盘
13:38:21	39.2	0.01	2	7840	买盘
13:38:15	39.19	--	2	7838	卖盘
13:38:12	39.19	-0.01	2	7838	卖盘
13:38:06	39.2	0.01	6	23520	买盘
13:37:51	39.19	0.01	1	3919	中性盘
13:37:45	39.18	-0.01	1	3918	卖盘
13:37:42	39.19	--	3	11757	买盘
13:37:30	39.19	--	14	54866	买盘
13:37:21	39.19	0.01	28	109732	买盘
13:37:15	39.18	-0.01	10	39180	卖盘
13:37:06	39.19	0.01	5	19595	买盘
13:37:03	39.18	--	9	35262	卖盘
13:36:57	39.18	0.01	44	172392	买盘
13:36:51	39.17	0.01	5	19585	买盘
13:36:42	39.16	-0.01	2	7831	卖盘
13:36:33	39.17	0.01	6	23502	买盘
13:36:30	39.16	-0.01	3	11747	中性盘
13:36:09	39.17	--	2	7834	卖盘
13:36:06	39.17	-0.01	1	3917	卖盘
13:36:03	39.18	--	1	3918	买盘
13:35:57	39.18	--	5	19590	买盘
13:35:54	39.18	-0.01	5	19590	中性盘
13:35:45	39.19	--	36	141084	买盘
13:35:33	39.19	-0.01	2	7838	卖盘
13:35:30	39.2	0.01	7	27440	买盘
13:35:18	39.19	0.02	8	31352	买盘
13:35:12	39.17	--	12	47004	买盘
13:35:09	39.17	0.01	6	23502	买盘
13:35:03	39.16	--	5	19580	卖盘
13:34:54	39.16	--	16	62655	买盘
13:34:45	39.16	--	50	195799	买盘
13:34:39	39.16	0.03	40	156640	买盘
13:34:36	39.13	-0.02	0	195	中性盘
13:33:48	39.15	-0.01	26	101790	卖盘
13:33:45	39.16	--	3	11747	卖盘
13:33:12	39.16	0.01	2	7831	买盘
13:32:57	39.15	--	10	39150	卖盘
13:32:54	39.15	0.05	46	180090	买盘
13:32:51	39.1	-0.04	4	15640	卖盘
13:32:45	39.14	--	10	39140	买盘
13:32:21	39.14	0.04	105	410970	买盘
13:30:57	39.1	--	13	50830	卖盘
13:30:18	39.1	--	2	7820	卖盘
13:30:09	39.1	-0.02	1	3910	卖盘
13:30:00	39.12	0.01	1	3911	买盘
13:29:51	39.11	-0.01	11	43021	卖盘
13:29:42	39.12	--	2	7823	买盘
13:29:30	39.12	0.01	10	39120	买盘
13:29:27	39.11	--	14	54754	卖盘
13:29:24	39.11	-0.01	5	19555	卖盘
13:29:18	39.12	0.01	10	39120	买盘
13:29:15	39.11	--	6	23466	卖盘
13:29:12	39.11	--	4	15644	卖盘
13:29:00	39.11	--	4	15644	卖盘
13:28:57	39.11	--	1	3911	卖盘
13:28:48	39.11	--	2	7822	买盘
13:28:33	39.11	0.04	7	27377	买盘
13:28:27	39.07	-0.03	2	7814	卖盘
13:27:45	39.1	--	6	23460	卖盘
13:27:36	39.1	-0.02	40	156400	卖盘
13:27:24	39.12	-0.01	40	158436	卖盘
13:27:21	39.13	-0.01	4	15652	卖盘
13:27:15	39.14	--	1	3914	买盘
13:26:57	39.14	--	14	54796	卖盘
13:26:51	39.14	--	9	35226	卖盘
13:26:48	39.14	-0.01	44	172216	卖盘
13:26:39	39.15	--	5	19575	买盘
13:26:33	39.15	--	6	23490	买盘
13:26:30	39.15	--	2	7830	卖盘
13:26:18	39.15	--	10	39150	卖盘
13:26:15	39.15	--	1	3915	卖盘
13:26:09	39.15	--	4	15660	卖盘
13:26:03	39.15	-0.01	3	11745	卖盘
13:25:51	39.16	--	7	27411	卖盘
13:25:48	39.16	0.01	1	3915	卖盘
13:25:42	39.15	--	3	11745	卖盘
13:25:33	39.15	-0.02	2	7830	卖盘
13:25:27	39.17	--	9	35253	买盘
13:24:54	39.17	--	12	47004	买盘
13:24:51	39.17	0.02	1	3917	买盘
13:24:48	39.15	--	10	39150	卖盘
13:24:30	39.15	-0.02	3	11745	中性盘
13:24:09	39.17	--	4	15668	买盘
13:23:51	39.17	--	1	3917	买盘
13:23:42	39.17	--	1	3917	买盘
13:23:21	39.17	--	40	156680	买盘
13:23:00	39.17	--	4	15668	买盘
13:22:57	39.17	0.01	3	11751	买盘
13:22:51	39.16	-0.01	1	3915	卖盘
13:22:39	39.17	--	2	7834	卖盘
13:22:24	39.17	0.01	5	19585	买盘
13:22:21	39.16	0.03	4	15663	中性盘
13:22:12	39.13	-0.03	46	181954	卖盘
13:22:06	39.16	--	10	39160	卖盘
13:22:00	39.16	--	1	3915	买盘
13:21:36	39.16	--	7	27411	卖盘
13:21:24	39.16	-0.02	2	7831	卖盘
13:21:15	39.18	--	2	7836	买盘
13:21:12	39.18	--	20	80319	卖盘
13:20:48	39.18	-0.02	4	15672	卖盘
13:20:45	39.2	0.02	1	3920	买盘
13:20:18	39.18	--	3	11754	卖盘
13:20:15	39.18	0.01	107	421185	买盘
13:20:12	39.17	--	10	39170	买盘
13:20:09	39.17	0.01	5	19585	买盘
13:19:54	39.16	-0.01	9	35244	卖盘
13:19:48	39.17	0.01	14	54838	买盘
13:19:30	39.16	--	30	117479	卖盘
13:19:21	39.16	-0.02	9	35244	卖盘
13:19:12	39.18	0.02	2	7836	买盘
13:18:27	39.16	--	5	19580	卖盘
13:18:21	39.16	0.01	2	7831	买盘
13:18:15	39.15	--	2	7830	卖盘
13:18:09	39.15	--	4	15660	卖盘
13:17:54	39.15	--	5	19575	卖盘
13:17:51	39.15	0.01	15	58725	买盘
13:17:42	39.14	-0.01	1	3914	卖盘
13:17:36	39.15	0.01	19	74385	买盘
13:17:33	39.14	-0.01	3	11742	卖盘
13:17:30	39.15	--	20	78300	买盘
13:17:21	39.15	--	6	23490	买盘
13:17:09	39.15	--	5	19575	买盘
13:16:54	39.15	-0.03	2	7830	卖盘
13:16:51	39.18	0.02	3	11754	买盘
13:16:30	39.16	-0.02	2	7831	卖盘
13:15:51	39.18	--	6	23508	买盘
13:15:42	39.18	--	5	19590	买盘
13:15:30	39.18	--	7	27426	买盘
13:15:24	39.18	--	29	115581	卖盘
13:15:12	39.18	-0.02	2	7836	卖盘
13:15:09	39.2	--	2	7840	卖盘
13:15:06	39.2	0.01	3	11760	买盘
13:15:03	39.19	--	1	5878	买盘
13:15:00	39.19	--	2	9797	卖盘
13:14:33	39.19	--	2	9797	买盘
13:14:30	39.19	0.01	5	21554	买盘
13:14:27	39.18	--	5	19590	卖盘
13:14:21	39.18	--	16	62688	卖盘
13:14:15	39.18	--	3	11754	卖盘
13:14:12	39.18	0.03	74	291891	买盘
13:14:09	39.15	--	10	39150	买盘
13:14:00	39.15	--	83	324945	卖盘
13:13:54	39.15	-0.03	3	11745	卖盘
13:13:48	39.18	0.03	1	3918	买盘
13:13:33	39.15	0.01	6	23490	卖盘
13:13:30	39.14	--	17	66538	买盘
13:13:21	39.14	--	5	19570	买盘
13:13:18	39.14	-0.04	7	27398	卖盘
13:13:15	39.18	0.04	100	391800	买盘
13:12:48	39.14	--	26	101764	卖盘
13:12:36	39.14	-0.01	3	11742	卖盘
13:12:21	39.15	0.01	5	19575	买盘
13:12:15	39.14	0.02	16	62624	买盘
13:12:09	39.12	--	1	3911	买盘
13:12:00	39.12	-0.02	2	7823	卖盘
13:11:51	39.14	0.02	3	11742	买盘
13:11:48	39.12	-0.02	2	7823	中性盘
13:11:27	39.14	--	1	3914	买盘
13:10:57	39.14	0.04	2	7828	买盘
13:10:45	39.1	-0.04	3	11730	卖盘
13:10:42	39.14	0.06	2	7828	买盘
13:10:21	39.08	--	25	101099	买盘
13:10:09	39.08	--	7	27356	买盘
13:10:00	39.08	--	3	11724	买盘
13:09:54	39.08	--	4	15632	买盘
13:09:48	39.08	--	1	3908	买盘
13:09:42	39.08	--	1	3908	买盘
13:09:30	39.08	--	16	62528	买盘
13:09:27	39.08	--	2	7816	买盘
13:09:24	39.08	--	28	109424	买盘
13:09:12	39.08	--	14	54712	买盘
13:09:09	39.08	--	4	15632	买盘
13:09:03	39.08	0.01	3	11724	买盘
13:08:48	39.07	-0.01	1	3907	卖盘
13:08:45	39.08	--	5	19540	买盘
13:08:24	39.08	-0.02	82	320964	卖盘
13:08:12	39.1	0.02	53	210631	买盘
13:08:09	39.08	0.01	3	11724	卖盘
13:08:06	39.07	0.01	5	19535	买盘
13:07:57	39.06	-0.01	9	35154	卖盘
13:07:54	39.07	--	2	7814	买盘
13:07:39	39.07	--	15	58605	买盘
13:07:27	39.07	--	5	19535	买盘
13:07:24	39.07	-0.01	26	101582	卖盘
13:07:21	39.08	--	53	207124	买盘
13:07:03	39.08	--	1	3908	买盘
13:06:54	39.08	--	5	19540	买盘
13:06:48	39.08	--	2	7816	买盘
13:06:24	39.08	--	1	3908	中性盘
13:05:57	39.08	--	6	23448	买盘
13:05:48	39.08	0.01	3	11724	买盘
13:05:36	39.07	0.01	13	50791	买盘
13:05:30	39.06	-0.01	5	19530	卖盘
13:05:27	39.07	0.01	6	23442	买盘
13:05:24	39.06	--	1	3906	卖盘
13:05:21	39.06	--	1	3906	卖盘
13:05:09	39.06	--	3	11718	卖盘
13:05:06	39.06	--	10	39060	卖盘
13:05:03	39.06	0.02	1	3906	中性盘
13:04:51	39.04	--	3	11712	中性盘
13:04:45	39.04	--	2	7808	卖盘
13:04:36	39.04	-0.02	13	50752	卖盘
13:04:27	39.06	--	2	7812	中性盘
13:04:15	39.06	--	6	23436	卖盘
13:03:54	39.06	--	11	42966	卖盘
13:03:51	39.06	--	2	7812	卖盘
13:03:45	39.06	0.05	1	3906	买盘
13:03:42	39.01	--	5	19505	卖盘
13:03:39	39.01	-0.05	8	31208	卖盘
13:03:27	39.06	--	1	3906	卖盘
13:03:24	39.06	--	2	7812	卖盘
13:03:09	39.06	--	3	11718	卖盘
13:02:54	39.06	--	3	11718	卖盘
13:02:48	39.06	-0.01	12	46872	卖盘
13:02:33	39.07	0.01	10	39070	买盘
13:02:27	39.06	-0.01	3	11718	卖盘
13:02:21	39.07	--	1	3907	买盘
13:02:12	39.07	-0.01	1	3907	卖盘
13:02:09	39.08	--	2	7816	买盘
13:02:03	39.08	-0.01	17	66436	中性盘
13:02:00	39.09	0.01	2	7818	买盘
13:01:48	39.08	-0.01	10	39080	卖盘
13:01:42	39.09	-0.01	9	35181	卖盘
13:01:33	39.1	--	10	39100	买盘
13:01:30	39.1	--	12	46920	买盘
13:01:27	39.1	0.01	6	23460	买盘
13:01:09	39.09	--	16	62544	卖盘
13:00:57	39.09	-0.01	5	19545	卖盘
13:00:48	39.1	0.01	2	7820	买盘
13:00:45	39.09	-0.01	1	3909	卖盘
13:00:36	39.1	--	10	39100	买盘
13:00:30	39.1	0.01	1	3910	买盘
13:00:24	39.09	-0.01	3	11727	卖盘
13:00:15	39.1	--	10	39100	买盘
13:00:09	39.1	0.03	7	27370	买盘
13:00:06	39.07	-0.01	64	250048	卖盘
13:00:03	39.08	--	0	0	卖盘
11:30:03	39.08	--	0	0	卖盘
11:30:00	39.08	--	1	3908	买盘
11:29:45	39.08	0.02	3	11724	卖盘
11:29:33	39.06	-0.02	45	175770	卖盘
11:29:30	39.08	0.02	7	27356	买盘
11:29:24	39.06	-0.02	2	7812	中性盘
11:29:15	39.08	0.03	30	117240	买盘
11:29:12	39.05	--	8	31239	卖盘
11:29:09	39.05	--	50	195250	卖盘
11:29:00	39.05	0.01	20	78100	卖盘
11:28:42	39.04	0.04	35	136640	买盘
11:28:39	39.0	-0.01	36	140400	卖盘
11:28:27	39.01	--	6	23406	买盘
11:28:21	39.01	0.01	32	124832	买盘
11:28:18	39.0	-0.01	9	35100	卖盘
11:28:15	39.01	--	9	35109	卖盘
11:28:03	39.01	-0.03	1	3901	卖盘
11:28:00	39.04	--	9	35136	买盘
11:27:39	39.04	0.05	40	156160	中性盘
11:27:18	38.99	-0.05	4	15596	卖盘
11:27:15	39.04	-0.03	14	54656	卖盘
11:27:06	39.07	0.08	94	367258	买盘
11:27:00	38.99	-0.05	33	128667	卖盘
11:26:57	39.04	0.06	11	42944	买盘
11:26:33	38.98	--	1	3897	卖盘
11:26:18	38.98	-0.01	31	120837	卖盘
11:26:15	38.99	--	7	27293	买盘
11:26:12	38.99	--	1	3899	买盘
11:26:09	38.99	--	1	3899	买盘
11:26:06	38.99	--	54	210546	买盘
11:26:03	38.99	--	8	31192	卖盘
11:25:54	38.99	-0.01	107	417193	卖盘
11:25:36	39.0	--	2	7800	买盘
11:25:18	39.0	0.01	3	11700	中性盘
11:25:12	38.99	0.01	7	27293	中性盘
11:24:57	38.98	0.01	1	3897	买盘
11:24:54	38.97	-0.01	8	31176	卖盘
11:24:51	38.98	--	3	11693	买盘
11:24:48	38.98	--	1	3897	买盘
11:24:36	38.98	--	7	27285	买盘
11:24:24	38.98	--	1	3897	买盘
11:24:21	38.98	0.05	4	15591	买盘
11:24:09	38.93	0.01	5	19465	卖盘
11:24:03	38.92	--	26	101192	买盘
11:23:57	38.92	0.02	20	77840	中性盘
11:23:51	38.9	--	1	3890	卖盘
11:23:45	38.9	--	16	62240	卖盘
11:23:36	38.9	0.04	12	46680	买盘
11:23:30	38.86	--	1	3886	中性盘
11:23:18	38.86	0.01	5	19430	买盘
11:23:15	38.85	-0.01	5	19425	卖盘
11:23:12	38.86	--	1	3886	买盘
11:23:09	38.86	--	5	19430	买盘
11:23:06	38.86	0.01	10	38860	买盘
11:23:03	38.85	-0.01	3	11655	卖盘
11:22:54	38.86	0.01	9	34974	买盘
11:22:51	38.85	-0.03	12	48407	卖盘
11:22:48	38.88	-0.02	8	31104	卖盘
11:22:45	38.9	--	1	3890	买盘
11:22:39	38.9	--	10	38900	买盘
11:22:36	38.9	--	2	7780	买盘
11:22:33	38.9	-0.03	68	264520	卖盘
11:22:27	38.93	0.01	1	3893	买盘
11:22:18	38.92	-0.03	54	210168	卖盘
11:22:15	38.95	--	5	19475	买盘
11:22:12	38.95	-0.01	13	50635	卖盘
11:22:09	38.96	-0.01	2	7792	中性盘
11:22:06	38.97	0.02	2	7794	买盘
11:22:00	38.95	-0.02	7	27265	卖盘
11:21:48	38.97	-0.01	1	3897	卖盘
11:21:39	38.98	--	1	3897	卖盘
11:21:36	38.98	--	5	19490	卖盘
11:21:21	38.98	-0.02	5	19490	卖盘
11:21:09	39.0	-0.07	60	234000	卖盘
11:20:54	39.07	0.07	1	3907	买盘
11:20:51	39.0	-0.04	306	1193400	卖盘
11:20:39	39.04	--	1	3904	卖盘
11:20:24	39.04	-0.01	50	195200	卖盘
11:20:18	39.05	0.01	11	42955	买盘
11:20:12	39.04	--	4	15616	卖盘
11:20:09	39.04	--	18	70272	卖盘
11:20:06	39.04	--	8	31232	卖盘
11:20:00	39.04	--	4	15616	买盘
11:19:48	39.04	--	1	3904	买盘
11:19:45	39.04	--	1	6012	卖盘
11:19:42	39.04	-0.01	16	62464	卖盘
11:19:36	39.05	--	10	39050	买盘
11:19:33	39.05	--	5	19525	买盘
11:19:30	39.05	--	1	3904	买盘
11:19:27	39.05	--	1	3904	卖盘
11:19:24	39.05	--	6	23430	卖盘
11:19:21	39.05	--	9	35145	卖盘
11:19:18	39.05	--	4	15619	卖盘
11:19:15	39.05	--	93	363165	卖盘
11:19:12	39.05	-0.02	12	46860	卖盘
11:19:09	39.07	0.02	5	19535	买盘
11:19:06	39.05	0.01	5	19525	卖盘
11:19:00	39.04	--	1	3904	卖盘
11:18:57	39.04	--	4	15616	卖盘
11:18:54	39.04	--	16	62464	卖盘
11:18:42	39.04	--	21	81984	卖盘
11:18:36	39.04	-0.03	40	156160	卖盘
11:18:33	39.07	--	6	23442	卖盘
11:18:30	39.07	-0.01	6	23442	卖盘
11:18:24	39.08	--	14	54712	卖盘
11:18:21	39.08	--	6	23448	卖盘
11:18:18	39.08	--	5	19540	卖盘
11:18:12	39.08	-0.02	34	132872	卖盘
11:17:54	39.1	--	1	3910	买盘
11:17:51	39.1	-0.03	12	46920	卖盘
11:17:48	39.13	0.03	1	3913	中性盘
11:17:12	39.1	--	1	3910	卖盘
11:16:54	39.1	--	4	15640	买盘
11:16:51	39.1	0.01	2	7820	买盘
11:16:48	39.09	-0.01	13	50817	卖盘
11:16:45	39.1	--	5	19550	买盘
11:16:42	39.1	0.01	2	7820	买盘
11:16:36	39.09	-0.01	3	11727	卖盘
11:16:30	39.1	--	9	35190	买盘
11:16:15	39.1	0.02	8	31280	中性盘
11:15:30	39.08	--	3	11724	卖盘
11:15:27	39.08	-0.01	5	19540	卖盘
11:15:12	39.09	0.02	10	39090	中性盘
11:15:03	39.07	--	26	101582	卖盘
11:14:48	39.07	--	10	39070	卖盘
11:14:42	39.07	-0.01	5	19535	卖盘
11:14:39	39.08	--	26	103405	买盘
11:14:36	39.08	--	10	39080	买盘
11:14:33	39.08	0.01	1	3908	买盘
11:14:30	39.07	--	40	156280	卖盘
11:14:24	39.07	-0.01	8	31256	卖盘
11:14:18	39.08	0.01	11	42988	买盘
11:14:15	39.07	--	5	19535	卖盘
11:14:09	39.07	-0.01	1	3907	卖盘
11:14:06	39.08	--	3	11724	买盘
11:14:03	39.08	--	14	54712	买盘
11:13:54	39.08	--	5	19540	买盘
11:13:51	39.08	--	1	3908	买盘
11:13:45	39.08	--	68	267854	卖盘
11:13:33	39.08	-0.06	20	78160	卖盘
11:13:30	39.14	0.06	1	3914	买盘
11:13:27	39.08	--	3	11724	卖盘
11:13:18	39.08	--	4	15632	卖盘
11:13:15	39.08	-0.01	14	54712	卖盘
11:13:12	39.09	0.01	2	7818	买盘
11:13:03	39.08	0.01	44	173749	买盘
11:12:54	39.07	--	5	19535	买盘
11:12:48	39.07	--	21	82047	卖盘
11:12:42	39.07	--	5	19535	卖盘
11:12:36	39.07	--	3	11721	买盘
11:12:27	39.07	--	24	93768	卖盘
11:12:21	39.07	--	2	7814	卖盘
11:12:18	39.07	--	8	31256	卖盘
11:12:06	39.07	-0.01	36	140652	卖盘
11:11:54	39.08	0.01	1	3908	买盘
11:11:48	39.07	-0.01	2	7814	卖盘
11:11:36	39.08	--	3	11724	买盘
11:11:33	39.08	--	37	146706	卖盘
11:11:30	39.08	-0.01	44	171952	卖盘
11:11:27	39.09	--	83	324447	买盘
11:11:24	39.09	--	1	3909	买盘
11:11:18	39.09	--	5	19545	买盘
11:11:06	39.09	--	1	3909	买盘
11:11:03	39.09	-0.02	41	160269	卖盘
11:11:00	39.11	-0.03	22	86042	卖盘
11:10:57	39.14	--	1	3914	买盘
11:10:48	39.14	--	6	23484	卖盘
11:10:42	39.14	--	5	19570	卖盘
11:10:39	39.14	0.06	30	117420	买盘
11:10:36	39.08	-0.06	5	19540	卖盘
11:10:27	39.14	0.04	37	146618	买盘
11:10:24	39.1	-0.04	35	136850	卖盘
11:10:21	39.14	-0.01	2	7828	卖盘
11:10:06	39.15	-0.04	84	328860	卖盘
11:10:00	39.19	--	7	27433	卖盘
11:09:54	39.19	--	2	7838	卖盘
11:09:48	39.19	-0.01	10	39190	卖盘
11:09:12	39.2	--	13	50960	卖盘
11:09:06	39.2	--	13	50960	卖盘
11:09:03	39.2	--	1	3920	卖盘
11:09:00	39.2	--	22	86240	卖盘
11:08:54	39.2	0.01	17	66640	买盘
11:08:45	39.19	--	10	39190	卖盘
11:08:42	39.19	-0.01	2	7838	卖盘
11:08:39	39.2	--	3	11760	买盘
11:08:33	39.2	-0.02	7	27440	中性盘
11:08:15	39.22	0.02	65	254930	买盘
11:08:12	39.2	--	27	105840	卖盘
11:08:09	39.2	--	10	39200	卖盘
11:08:03	39.2	--	3	11760	卖盘
11:07:54	39.2	--	29	113680	买盘
11:07:45	39.2	-0.01	1	3920	买盘
11:07:39	39.21	--	26	101946	买盘
11:07:33	39.21	0.03	20	78420	买盘
11:07:27	39.18	-0.03	30	117540	卖盘
11:07:18	39.21	--	20	78420	买盘
11:06:57	39.21	--	15	58815	卖盘
11:06:45	39.21	--	3	11763	卖盘
11:06:36	39.21	0.02	32	125472	买盘
11:06:27	39.19	-0.01	45	176355	卖盘
11:06:24	39.2	--	1	3920	卖盘
11:06:21	39.2	-0.01	2	7840	中性盘
11:06:12	39.21	0.01	20	78420	买盘
11:06:03	39.2	--	11	43120	卖盘
11:05:57	39.2	-0.01	23	90160	卖盘
11:05:48	39.21	--	12	47052	卖盘
11:05:45	39.21	--	5	19605	卖盘
11:05:42	39.21	-0.01	2	7842	卖盘
11:05:30	39.22	0.01	8	31376	买盘
11:05:24	39.21	--	33	129393	卖盘
11:05:15	39.21	-0.01	2	7842	卖盘
11:04:33	39.22	-0.01	1	3922	卖盘
11:04:27	39.23	0.01	8	31383	买盘
11:04:24	39.22	--	19	74518	卖盘
11:04:21	39.22	-0.01	2	7844	卖盘
11:04:18	39.23	0.01	1	3922	买盘
11:04:09	39.22	--	20	78440	卖盘
11:04:06	39.22	--	5	19610	卖盘
11:03:33	39.22	-0.02	4	15688	卖盘
11:03:21	39.24	--	16	62784	买盘
11:03:15	39.24	-0.01	22	86328	卖盘
11:03:09	39.25	0.01	5	19625	买盘
11:03:06	39.24	--	2	7848	卖盘
11:02:45	39.24	0.02	31	121644	买盘
11:02:42	39.22	-0.02	1	3922	中性盘
11:02:03	39.24	0.02	5	19620	买盘
11:01:57	39.22	-0.01	67	262774	卖盘
11:01:36	39.23	--	6	23537	卖盘
11:01:33	39.23	--	12	47075	买盘
11:01:30	39.23	0.01	3	11768	买盘
11:01:24	39.22	--	2	7844	买盘
11:01:21	39.22	--	6	23532	买盘
11:01:12	39.22	--	1	3922	买盘
11:01:09	39.22	0.01	4	15688	买盘
11:00:54	39.21	--	4	15684	买盘
11:00:51	39.21	0.01	10	39210	买盘
11:00:33	39.2	--	2	7840	卖盘
11:00:30	39.2	--	3	11760	卖盘
11:00:27	39.2	0.01	23	90160	买盘
11:00:12	39.19	--	23	90137	买盘
10:59:51	39.19	--	3	11757	买盘
10:59:18	39.19	--	84	329196	卖盘
10:59:06	39.19	--	1	3919	卖盘
10:58:54	39.19	--	3	11757	买盘
10:58:45	39.19	0.02	3	11757	买盘
10:57:51	39.17	--	3	11751	买盘
10:57:42	39.17	0.01	13	50921	买盘
10:57:39	39.16	-0.01	7	27411	卖盘
10:57:06	39.17	0.01	3	11751	买盘
10:57:00	39.16	--	2	7831	卖盘
10:56:57	39.16	--	5	19580	卖盘
10:56:48	39.16	--	15	58739	卖盘
10:56:33	39.16	-0.01	1	3915	卖盘
10:56:30	39.17	--	3	11751	买盘
10:56:12	39.17	--	2	7834	买盘
10:56:06	39.17	--	2	7834	买盘
10:56:00	39.17	--	3	11751	买盘
10:55:57	39.17	--	1	3917	买盘
10:55:54	39.17	--	8	31336	买盘
10:55:51	39.17	-0.02	13	50921	卖盘
10:55:48	39.19	0.01	4	15676	买盘
10:55:42	39.18	--	3	11754	买盘
10:55:36	39.18	--	1	3918	卖盘
10:55:33	39.18	-0.01	4	15672	卖盘
10:55:27	39.19	--	3	11757	买盘
10:55:21	39.19	--	1	3919	卖盘
10:55:15	39.19	--	2	7838	中性盘
10:55:03	39.19	--	1	3919	卖盘
10:54:57	39.19	--	4	15676	买盘
10:54:51	39.19	--	14	54866	买盘
10:54:45	39.19	--	3	11757	买盘
10:54:30	39.19	--	13	50947	卖盘
10:54:18	39.19	-0.01	2	7838	中性盘
10:54:09	39.2	0.01	3	11760	卖盘
10:54:00	39.19	0.01	17	66623	买盘
10:53:48	39.18	--	1	3918	卖盘
10:53:39	39.18	0.01	2	7836	买盘
10:53:30	39.17	--	3	11751	卖盘
10:53:12	39.17	-0.01	12	47004	卖盘
10:53:06	39.18	--	5	19590	买盘
10:53:03	39.18	--	5	19590	买盘
10:52:51	39.18	-0.01	2	7836	卖盘
10:52:48	39.19	--	2	7838	买盘
10:52:33	39.19	--	15	58785	买盘
10:52:18	39.19	-0.02	7	27433	中性盘
10:52:00	39.21	--	30	117630	买盘
10:51:54	39.21	--	5	19605	买盘
10:51:42	39.21	0.01	4	15684	买盘
10:51:36	39.2	--	9	35280	卖盘
10:51:30	39.2	-0.01	5	19600	卖盘
10:51:21	39.21	--	2	7842	卖盘
10:51:18	39.21	--	4	15684	卖盘
10:51:12	39.21	--	2	7842	卖盘
10:51:03	39.21	-0.01	4	15684	卖盘
10:50:45	39.22	-0.01	1	3922	中性盘
10:50:33	39.23	0.03	50	196149	买盘
10:50:30	39.2	0.04	11	43120	买盘
10:50:06	39.16	-0.05	52	203631	卖盘
10:50:03	39.21	0.01	32	125472	买盘
10:50:00	39.2	-0.01	19	74480	卖盘
10:49:57	39.21	--	1	3921	买盘
10:49:51	39.21	-0.02	7	27447	中性盘
10:49:24	39.23	--	4	15691	卖盘
10:49:21	39.23	--	5	19615	卖盘
10:49:15	39.23	-0.01	2	7845	中性盘
10:48:57	39.24	0.03	51	200124	买盘
10:48:54	39.21	-0.02	36	141156	卖盘
10:48:51	39.23	-0.01	1	3922	中性盘
10:48:24	39.24	0.04	52	204048	买盘
10:48:18	39.2	--	3	11760	买盘
10:48:15	39.2	-0.04	47	184240	卖盘
10:48:00	39.24	--	30	117720	买盘
10:47:33	39.24	--	3	11772	买盘
10:47:21	39.24	--	40	156960	买盘
10:47:15	39.24	--	1	3924	买盘
10:47:12	39.24	0.02	14	54936	买盘
10:47:06	39.22	-0.02	10	39220	卖盘
10:47:03	39.24	--	39	153036	买盘
10:46:12	39.24	0.03	70	274680	买盘
10:46:09	39.21	--	15	58815	卖盘
10:46:03	39.21	--	2	7842	卖盘
10:45:51	39.21	--	1	3921	卖盘
10:45:45	39.21	--	3	11763	卖盘
10:45:42	39.21	0.01	1	3921	买盘
10:45:39	39.2	-0.01	40	156800	卖盘
10:45:36	39.21	--	3	11763	买盘
10:45:27	39.21	--	4	15684	卖盘
10:45:24	39.21	--	12	47052	卖盘
10:45:15	39.21	--	2	7842	卖盘
10:45:06	39.21	--	10	39210	卖盘
10:44:42	39.21	--	31	121551	卖盘
10:44:39	39.21	-0.03	9	35289	卖盘
10:44:33	39.24	--	20	78480	卖盘
10:44:24	39.24	--	4	15696	卖盘
10:44:21	39.24	--	2	7848	卖盘
10:44:15	39.24	0.04	10	39240	买盘
10:44:12	39.2	-0.03	10	39200	卖盘
10:43:54	39.23	-0.02	14	54921	卖盘
10:43:51	39.25	0.01	91	357175	买盘
10:43:48	39.24	--	15	58860	买盘
10:43:45	39.24	--	32	125568	买盘
10:43:42	39.24	-0.01	2	7848	卖盘
10:43:27	39.25	0.01	10	39250	买盘
10:43:24	39.24	-0.01	8	31392	中性盘
10:43:03	39.25	0.02	3	11775	买盘
10:42:57	39.23	-0.02	2	7845	卖盘
10:42:54	39.25	0.02	30	117750	买盘
10:42:39	39.23	--	3	11768	卖盘
10:42:12	39.23	--	4	15691	卖盘
10:42:09	39.23	0.03	10	39230	买盘
10:41:51	39.2	--	3	11760	中性盘
10:41:48	39.2	0.01	3	11760	买盘
10:41:45	39.19	--	2	7838	卖盘
10:41:39	39.19	--	20	78380	卖盘
10:41:24	39.19	0.01	1	3919	卖盘
10:40:54	39.18	--	4	15672	买盘
10:40:48	39.18	--	1	3918	买盘
10:40:45	39.18	-0.02	65	254670	卖盘
10:40:42	39.2	-0.05	3	11760	卖盘
10:40:39	39.25	0.05	5	19625	买盘
10:40:33	39.2	--	11	43120	买盘
10:40:27	39.2	--	10	39200	买盘
10:40:24	39.2	--	9	35280	卖盘
10:40:21	39.2	0.02	11	43120	中性盘
10:40:03	39.18	-0.07	2	7836	卖盘
10:39:57	39.25	0.07	9	35325	买盘
10:39:48	39.18	-0.01	8	31344	卖盘
10:39:42	39.19	--	3	11757	买盘
10:39:39	39.19	--	10	39190	买盘
10:39:18	39.19	--	2	7838	卖盘
10:39:12	39.19	-0.01	21	82299	卖盘
10:39:09	39.2	-0.01	10	39200	卖盘
10:38:54	39.21	0.01	7	27447	中性盘
10:38:42	39.2	-0.02	100	392000	卖盘
10:38:36	39.22	-0.05	1	3922	卖盘
10:38:06	39.27	--	12	47124	卖盘
10:37:57	39.27	--	3	11781	卖盘
10:37:39	39.27	-0.03	25	98175	卖盘
10:37:27	39.3	--	3	11790	卖盘
10:37:21	39.3	-0.01	2	7859	卖盘
10:37:18	39.31	--	13	51103	卖盘
10:37:03	39.31	--	10	39310	卖盘
10:37:00	39.31	-0.01	10	39310	卖盘
10:36:54	39.32	0.02	20	78640	买盘
10:36:48	39.3	--	10	39300	卖盘
10:36:33	39.3	--	6	23580	买盘
10:36:15	39.3	-0.02	12	47160	中性盘
10:36:00	39.32	0.05	247	971204	买盘
10:35:57	39.27	--	2	7854	卖盘
10:35:51	39.27	0.01	3	11781	中性盘
10:35:42	39.26	-0.05	1	3926	卖盘
10:35:36	39.31	0.05	10	39310	中性盘
10:35:27	39.26	-0.05	58	227708	卖盘
10:35:24	39.31	--	14	55034	卖盘
10:35:21	39.31	--	10	39310	卖盘
10:35:15	39.31	0.05	29	113999	买盘
10:35:09	39.26	0.01	6	23556	中性盘
10:35:06	39.25	-0.01	5	19625	中性盘
10:34:27	39.26	0.03	10	39260	中性盘
10:34:24	39.23	-0.06	81	317763	卖盘
10:34:18	39.29	-0.01	1	3929	卖盘
10:34:00	39.3	--	9	35370	买盘
10:33:54	39.3	--	4	15719	买盘
10:33:51	39.3	--	16	62879	卖盘
10:33:45	39.3	--	6	23580	卖盘
10:33:42	39.3	-0.02	15	58949	卖盘
10:33:30	39.32	0.02	3	11796	买盘
10:33:18	39.3	0.01	33	129689	买盘
10:33:15	39.29	--	7	27503	卖盘
10:33:09	39.29	-0.03	11	43219	卖盘
10:33:03	39.32	0.03	2	7864	买盘
10:33:00	39.29	--	1	3929	卖盘
10:32:57	39.29	-0.03	1	3929	卖盘
10:32:39	39.32	0.06	3	11796	买盘
10:32:21	39.26	--	20	78520	卖盘
10:32:00	39.26	-0.06	150	588900	卖盘
10:31:54	39.32	0.06	130	511160	买盘
10:31:39	39.26	-0.01	10	39260	卖盘
10:31:30	39.27	0.01	18	70686	买盘
10:31:24	39.26	-0.01	1	3926	卖盘
10:31:21	39.27	0.01	1	3927	买盘
10:31:09	39.26	--	19	74594	卖盘
10:31:03	39.26	-0.01	9	35334	卖盘
10:31:00	39.27	--	40	157080	买盘
10:30:51	39.27	--	3	11781	买盘
10:30:48	39.27	-0.01	14	54978	卖盘
10:30:45	39.28	0.01	1	3928	买盘
10:30:30	39.27	0.02	1	3927	买盘
10:30:00	39.25	--	1	3925	卖盘
10:29:54	39.25	0.01	34	133450	买盘
10:29:36	39.24	-0.01	6	23544	卖盘
10:29:27	39.25	0.01	10	39250	买盘
10:29:18	39.24	-0.01	4	15696	卖盘
10:29:12	39.25	0.01	2	7850	买盘
10:29:06	39.24	-0.01	4	15696	卖盘
10:29:03	39.25	--	35	137375	买盘
10:28:54	39.25	--	4	15700	买盘
10:28:48	39.25	--	2	7850	买盘
10:28:45	39.25	-0.02	102	400350	卖盘
10:28:24	39.27	--	10	39270	卖盘
10:28:12	39.27	--	1	3927	卖盘
10:28:06	39.27	-0.01	5	19635	卖盘
10:28:00	39.28	--	1	3928	买盘
10:27:57	39.28	--	1	3928	买盘
10:27:51	39.28	-0.02	2	7856	卖盘
10:27:45	39.3	-0.02	13	51089	卖盘
10:27:39	39.32	--	27	106164	买盘
10:27:36	39.32	--	31	121892	买盘
10:27:30	39.32	--	34	133688	卖盘
10:27:27	39.32	--	9	35388	卖盘
10:27:18	39.32	--	7	27524	买盘
10:27:09	39.32	--	5	19660	买盘
10:27:06	39.32	-0.01	1	3932	中性盘
10:26:57	39.33	0.01	38	149454	买盘
10:26:54	39.32	-0.01	1	3932	卖盘
10:26:51	39.33	0.01	5	19665	买盘
10:26:48	39.32	--	3	11796	卖盘
10:26:42	39.32	-0.01	10	39320	卖盘
10:26:39	39.33	--	13	51129	买盘
10:26:33	39.33	0.01	9	35397	买盘
10:26:30	39.32	--	10	39320	卖盘
10:26:24	39.32	--	3	11796	卖盘
10:26:21	39.32	--	1	3932	买盘
10:26:18	39.32	--	19	74708	卖盘
10:26:12	39.32	0.01	19	74708	买盘
10:26:06	39.31	-0.01	5	19655	卖盘
10:26:03	39.32	0.01	9	35388	买盘
10:26:00	39.31	0.01	14	55034	中性盘
10:25:54	39.3	--	1	3929	卖盘
10:25:42	39.3	--	5	19650	卖盘
10:25:39	39.3	0.01	12	47160	买盘
10:25:33	39.29	--	11	43219	卖盘
10:25:27	39.29	--	10	39290	卖盘
10:25:24	39.29	-0.01	1	3929	卖盘
10:25:21	39.3	0.01	16	62879	买盘
10:25:15	39.29	-0.01	1	3929	卖盘
10:25:12	39.3	0.01	4	15719	买盘
10:24:54	39.29	0.01	9	35361	买盘
10:24:51	39.28	--	8	31424	买盘
10:24:48	39.28	-0.01	34	133552	卖盘
10:24:45	39.29	--	16	62864	买盘
10:24:39	39.29	--	14	55006	买盘
10:24:36	39.29	--	3	11787	买盘
10:24:30	39.29	0.01	10	39290	买盘
10:24:18	39.28	0.02	2	7856	买盘
10:24:15	39.26	--	8	31408	买盘
10:24:12	39.26	--	3	11778	买盘
10:24:03	39.26	0.01	1	3926	买盘
10:24:00	39.25	--	34	133450	买盘
10:23:48	39.25	--	20	78500	买盘
10:23:39	39.25	--	18	70650	买盘
10:23:33	39.25	0.02	19	74575	买盘
10:23:21	39.23	--	13	50998	买盘
10:23:15	39.23	--	7	27460	买盘
10:23:09	39.23	--	2	7845	买盘
10:22:54	39.23	0.01	161	631603	买盘
10:22:48	39.22	0.01	1	3922	买盘
10:22:42	39.21	--	10	39210	卖盘
10:22:36	39.21	--	1	3921	买盘
10:22:33	39.21	--	4	15684	买盘
10:22:15	39.21	0.01	1	3921	买盘
10:22:09	39.2	0.01	5	19600	中性盘
10:21:48	39.19	-0.01	20	78380	卖盘
10:21:42	39.2	0.01	5	19600	买盘
10:21:33	39.19	-0.01	21	82299	卖盘
10:21:12	39.2	0.01	30	117600	买盘
10:21:09	39.19	--	3	11757	卖盘
10:21:00	39.19	0.01	2	7838	买盘
10:20:54	39.18	-0.02	1	3918	卖盘
10:20:36	39.2	--	7	27440	买盘
10:20:33	39.2	0.02	60	235200	买盘
10:20:30	39.18	0.01	4	15672	中性盘
10:20:21	39.17	--	5	19585	卖盘
10:20:00	39.17	--	5	19585	卖盘
10:19:39	39.17	-0.03	10	39170	卖盘
10:19:36	39.2	--	2	7840	买盘
10:19:24	39.2	-0.01	7	27440	卖盘
10:19:18	39.21	0.01	34	133314	买盘
10:19:09	39.2	--	12	47040	卖盘
10:19:06	39.2	-0.01	10	39200	卖盘
10:19:00	39.21	0.01	21	82341	买盘
10:18:51	39.2	-0.01	3	11760	卖盘
10:18:48	39.21	--	30	117630	买盘
10:18:39	39.21	--	1	3921	中性盘
10:18:30	39.21	--	5	19605	卖盘
10:18:27	39.21	--	1	3921	卖盘
10:18:21	39.21	--	12	47052	买盘
10:18:15	39.21	0.01	3	11763	买盘
10:17:57	39.2	--	2	7840	卖盘
10:17:51	39.2	--	3	11760	买盘
10:17:45	39.2	-0.01	17	66640	卖盘
10:17:42	39.21	--	2	7842	卖盘
10:17:33	39.21	--	1	3921	卖盘
10:17:27	39.21	0.01	22	86262	买盘
10:17:21	39.2	-0.01	5	19600	中性盘
10:17:03	39.21	0.05	27	105867	买盘
10:17:00	39.16	-0.05	7	27411	卖盘
10:16:57	39.21	0.01	35	137235	买盘
10:16:54	39.2	--	15	58800	卖盘
10:16:51	39.2	--	11	43120	卖盘
10:16:45	39.2	--	16	62720	买盘
10:16:39	39.2	--	14	54880	买盘
10:16:36	39.2	--	7	27440	卖盘
10:16:30	39.2	--	2	7840	卖盘
10:16:24	39.2	--	1	3920	卖盘
10:16:21	39.2	0.01	90	352800	买盘
10:16:12	39.19	0.03	3	11757	买盘
10:16:09	39.16	-0.04	8	31327	卖盘
10:16:03	39.2	0.01	40	156800	买盘
10:16:00	39.19	-0.01	20	78380	卖盘
10:15:51	39.2	-0.01	2	7840	买盘
10:15:45	39.21	0.01	44	172524	买盘
10:15:42	39.2	--	5	19600	卖盘
10:15:39	39.2	-0.01	21	82320	卖盘
10:15:33	39.21	0.01	3	11763	买盘
10:15:30	39.2	-0.01	5	19600	卖盘
10:15:27	39.21	-0.01	16	62736	卖盘
10:15:15	39.22	-0.01	1	3922	中性盘
10:15:06	39.23	0.03	6	23537	买盘
10:15:00	39.2	-0.02	2	7840	卖盘
10:14:54	39.22	0.02	14	54908	买盘
10:14:36	39.2	-0.01	55	215600	卖盘
10:14:30	39.21	0.02	33	129393	买盘
10:14:15	39.19	0.01	3	11757	买盘
10:14:06	39.18	0.05	10	39180	中性盘
10:13:51	39.13	-0.02	31	121303	卖盘
10:13:48	39.15	0.02	52	205929	买盘
10:13:42	39.13	0.01	6	23478	买盘
10:13:36	39.12	-0.01	3	11736	买盘
10:13:30	39.13	0.01	3	11739	买盘
10:13:27	39.12	0.02	2	7823	中性盘
10:13:18	39.1	-0.02	20	78200	卖盘
10:13:12	39.12	0.02	2	7823	卖盘
10:13:03	39.1	--	5	19550	卖盘
10:13:00	39.1	0.01	45	175950	买盘
10:12:57	39.09	-0.01	3	11727	卖盘
10:12:48	39.1	-0.05	5	19550	卖盘
10:12:42	39.15	0.05	50	195750	买盘
10:12:39	39.1	0.01	5	19550	中性盘
10:12:33	39.09	-0.01	5	19545	卖盘
10:12:27	39.1	0.02	5	19550	中性盘
10:12:09	39.08	-0.01	20	78160	卖盘
10:12:03	39.09	--	1	3909	买盘
10:11:57	39.09	-0.06	1	3909	卖盘
10:11:51	39.15	0.06	10	39150	买盘
10:11:39	39.09	--	3	11727	卖盘
10:11:36	39.09	-0.01	234	914706	卖盘
10:11:33	39.1	--	8	31280	买盘
10:11:30	39.1	0.01	2	7820	买盘
10:11:27	39.09	-0.01	10	39090	卖盘
10:11:12	39.1	--	30	118864	卖盘
10:11:06	39.1	--	3	11730	卖盘
10:10:51	39.1	--	10	39100	卖盘
10:10:42	39.1	--	13	50830	卖盘
10:10:30	39.1	--	6	23460	卖盘
10:10:18	39.1	0.01	11	45356	买盘
10:10:12	39.09	--	4	15636	卖盘
10:10:09	39.09	-0.01	20	78180	卖盘
10:10:03	39.1	0.01	2	7820	买盘
10:10:00	39.09	--	3	11727	卖盘
10:09:57	39.09	--	2	7818	买盘
10:09:51	39.09	0.01	7	27363	买盘
10:09:39	39.08	--	40	156320	买盘
10:09:36	39.08	0.03	10	39080	买盘
10:09:33	39.05	-0.03	5	19525	卖盘
10:09:27	39.08	--	5	19540	买盘
10:09:09	39.08	--	3	11724	买盘
10:09:03	39.08	-0.01	10	39080	卖盘
10:08:48	39.09	--	3	11727	买盘
10:08:42	39.09	--	2	7818	买盘
10:08:33	39.09	--	1	3909	买盘
10:08:27	39.09	0.06	2	7818	买盘
10:08:24	39.03	-0.06	21	81963	卖盘
10:08:21	39.09	0.06	29	113361	买盘
10:08:09	39.03	--	3	11709	卖盘
10:08:06	39.03	0.01	11	42933	买盘
10:08:03	39.02	--	4	15608	卖盘
10:08:00	39.02	--	1	3902	卖盘
10:07:51	39.02	--	36	140472	卖盘
10:07:45	39.02	0.01	9	35118	买盘
10:07:42	39.01	-0.01	20	78020	卖盘
10:07:39	39.02	--	9	35118	卖盘
10:07:36	39.02	-0.02	116	452632	卖盘
10:07:33	39.04	0.03	9	35136	中性盘
10:07:27	39.01	-0.05	13	50713	卖盘
10:07:24	39.06	0.02	7	27342	买盘
10:07:21	39.04	-0.05	8	31232	卖盘
10:07:18	39.09	0.04	34	132906	买盘
10:07:15	39.05	-0.04	40	156200	卖盘
10:07:09	39.09	-0.01	8	31272	卖盘
10:07:00	39.1	-0.02	2	7820	卖盘
10:06:57	39.12	-0.02	26	101712	卖盘
10:06:48	39.14	-0.01	30	117420	卖盘
10:06:45	39.15	--	9	35235	卖盘
10:06:42	39.15	--	3	11745	卖盘
10:06:39	39.15	--	23	90045	卖盘
10:06:30	39.15	-0.02	5	19575	卖盘
10:06:27	39.17	--	2	7834	卖盘
10:06:24	39.17	--	24	94008	卖盘
10:06:21	39.17	--	1	3917	卖盘
10:06:18	39.17	--	4	15668	卖盘
10:06:15	39.17	--	4	15668	卖盘
10:06:12	39.17	-0.01	3	11751	卖盘
10:06:06	39.18	--	14	54852	卖盘
10:06:03	39.18	--	16	62688	卖盘
10:06:00	39.18	-0.01	3	11754	卖盘
10:05:45	39.19	--	50	195950	卖盘
10:05:42	39.19	--	6	23514	卖盘
10:05:39	39.19	--	3	11757	卖盘
10:05:33	39.19	-0.01	10	39190	卖盘
10:05:30	39.2	--	60	235200	买盘
10:05:21	39.2	0.01	10	39200	买盘
10:05:15	39.19	-0.01	1	3919	卖盘
10:05:09	39.2	--	3	11760	买盘
10:05:03	39.2	--	51	199920	卖盘
10:05:00	39.2	--	3	11760	卖盘
10:04:54	39.2	--	2	7840	卖盘
10:04:48	39.2	--	4	15680	卖盘
10:04:45	39.2	--	6	23520	卖盘
10:04:39	39.2	--	3	11760	买盘
10:04:33	39.2	--	7	27440	卖盘
10:04:24	39.2	0.01	5	19600	买盘
10:04:21	39.19	-0.01	16	62704	卖盘
10:04:18	39.2	0.01	1	3920	买盘
10:04:15	39.19	-0.01	10	39190	卖盘
10:04:12	39.2	--	5	19600	买盘
10:04:09	39.2	0.01	3	11760	买盘
10:04:06	39.19	--	22	86218	卖盘
10:03:54	39.19	-0.01	11	43109	卖盘
10:03:48	39.2	--	3	11760	买盘
10:03:45	39.2	--	40	156800	买盘
10:03:39	39.2	--	11	43120	买盘
10:03:36	39.2	--	5	19600	买盘
10:03:33	39.2	-0.02	5	19600	中性盘
10:03:24	39.22	0.02	21	82362	买盘
10:03:09	39.2	-0.01	13	50960	卖盘
10:03:06	39.21	--	2	7842	卖盘
10:03:03	39.21	-0.01	10	39210	卖盘
10:02:57	39.22	0.01	55	215710	买盘
10:02:54	39.21	--	5	19605	卖盘
10:02:42	39.21	-0.01	21	82341	卖盘
10:02:39	39.22	--	3	11766	买盘
10:02:27	39.22	--	32	125504	卖盘
10:02:21	39.22	--	5	19610	卖盘
10:02:18	39.22	--	1	3922	卖盘
10:02:12	39.22	--	7	27454	卖盘
10:02:03	39.22	0.02	2	7844	买盘
10:01:57	39.2	--	1	3920	卖盘
10:01:39	39.2	-0.02	5	19600	卖盘
10:01:36	39.22	-0.02	13	50986	卖盘
10:01:33	39.24	0.02	20	78480	买盘
10:01:27	39.22	--	4	15688	买盘
10:01:21	39.22	-0.02	67	262774	卖盘
10:01:09	39.24	--	1	3924	买盘
10:01:06	39.24	0.01	4	15696	买盘
10:01:03	39.23	--	11	43153	卖盘
10:01:00	39.23	0.01	5	19615	买盘
10:00:48	39.22	0.02	6	23532	买盘
10:00:45	39.2	--	5	19600	卖盘
10:00:42	39.2	-0.02	2	7840	卖盘
10:00:36	39.22	0.02	2	7844	买盘
10:00:30	39.2	--	25	98000	卖盘
10:00:27	39.2	--	1	3920	卖盘
10:00:21	39.2	--	3	11760	卖盘
10:00:18	39.2	0.03	100	392000	买盘
10:00:15	39.17	--	2	7834	买盘
10:00:09	39.17	-0.01	4	15668	卖盘
10:00:00	39.18	-0.01	46	180228	卖盘
09:59:54	39.19	--	1	3919	买盘
09:59:51	39.19	0.01	4	15676	买盘
09:59:48	39.18	-0.01	20	78360	卖盘
09:59:42	39.19	--	5	19595	卖盘
09:59:39	39.19	--	26	101894	卖盘
09:59:33	39.19	-0.01	2	7838	卖盘
09:59:24	39.2	--	5	19600	买盘
09:59:18	39.2	0.01	5	19600	买盘
09:59:15	39.19	-0.01	32	125408	卖盘
09:59:12	39.2	0.01	5	19600	买盘
09:59:06	39.19	-0.01	5	19595	卖盘
09:59:03	39.2	-0.02	5	19600	卖盘
09:58:57	39.22	0.02	20	78440	买盘
09:58:51	39.2	0.01	10	39200	中性盘
09:58:45	39.19	--	5	19595	卖盘
09:58:42	39.19	-0.01	10	39190	卖盘
09:58:39	39.2	--	2	7840	买盘
09:58:33	39.2	--	9	35280	买盘
09:58:30	39.2	--	6	23520	买盘
09:58:21	39.2	--	80	313600	买盘
09:58:18	39.2	-0.02	10	39200	卖盘
09:58:15	39.22	0.02	1	3922	卖盘
09:58:09	39.2	-0.05	20	78400	卖盘
09:58:06	39.25	0.02	23	90275	买盘
09:57:54	39.23	-0.02	9	35307	卖盘
09:57:51	39.25	--	3	11775	买盘
09:57:42	39.25	-0.01	101	399054	卖盘
09:57:33	39.26	--	1	3926	卖盘
09:57:27	39.26	-0.01	1	3926	卖盘
09:57:24	39.27	--	10	39270	买盘
09:57:21	39.27	--	1	3927	买盘
09:57:06	39.27	--	8	31416	买盘
09:57:03	39.27	0.01	24	94248	买盘
09:56:57	39.26	--	8	31408	卖盘
09:56:51	39.26	0.01	3	13073	买盘
09:56:42	39.25	--	5	19625	卖盘
09:56:39	39.25	--	3	11775	卖盘
09:56:36	39.25	--	12	47100	卖盘
09:56:33	39.25	--	21	82425	卖盘
09:56:21	39.25	--	5	19625	卖盘
09:56:18	39.25	--	2	7850	卖盘
09:56:12	39.25	0.05	22	86350	买盘
09:56:09	39.2	-0.04	12	47040	卖盘
09:56:06	39.24	-0.01	3	11772	中性盘
09:55:54	39.25	0.04	15	58875	买盘
09:55:51	39.21	-0.04	8	31368	卖盘
09:55:48	39.25	--	2	7850	买盘
09:55:45	39.25	--	3	11775	买盘
09:55:39	39.25	--	17	66725	买盘
09:55:30	39.25	0.04	11	43175	买盘
09:55:27	39.21	0.01	1	3921	买盘
09:55:18	39.2	0.01	27	105840	买盘
09:55:15	39.19	-0.01	3	11757	卖盘
09:55:12	39.2	0.01	33	129360	买盘
09:55:09	39.19	-0.01	4	15676	卖盘
09:55:06	39.2	0.01	14	54880	买盘
09:55:03	39.19	-0.01	10	39190	卖盘
09:55:00	39.2	--	1	3920	买盘
09:54:57	39.2	0.01	6	23520	买盘
09:54:54	39.19	-0.01	4	15676	卖盘
09:54:51	39.2	0.01	3	11760	买盘
09:54:48	39.19	--	10	39190	卖盘
09:54:45	39.19	--	18	70542	买盘
09:54:42	39.19	-0.01	7	27433	卖盘
09:54:39	39.2	0.01	5	19600	买盘
09:54:33	39.19	-0.01	5	19595	买盘
09:54:30	39.2	0.01	5	19600	买盘
09:54:27	39.19	-0.01	5	19595	卖盘
09:54:21	39.2	0.02	10	39200	买盘
09:54:15	39.18	-0.02	67	262506	卖盘
09:54:12	39.2	0.01	5	19600	买盘
09:54:09	39.19	--	12	47028	买盘
09:54:03	39.19	--	5	19595	买盘
09:53:57	39.19	--	6	23514	卖盘
09:53:54	39.19	-0.01	46	180274	卖盘
09:53:51	39.2	0.01	2	7840	中性盘
09:53:48	39.19	-0.02	45	176355	卖盘
09:53:45	39.21	0.01	51	199971	中性盘
09:53:42	39.2	-0.01	3	11760	卖盘
09:53:39	39.21	--	1	3921	卖盘
09:53:36	39.21	-0.03	10	39210	卖盘
09:53:33	39.24	0.03	20	78480	买盘
09:53:30	39.21	0.01	2	7842	买盘
09:53:27	39.2	-0.04	53	207760	卖盘
09:53:15	39.24	0.04	19	74556	卖盘
09:53:09	39.2	-0.05	150	588000	卖盘
09:53:03	39.25	--	8	31400	买盘
09:53:00	39.25	--	32	125600	卖盘
09:52:57	39.25	--	42	164850	卖盘
09:52:54	39.25	--	6	23550	卖盘
09:52:51	39.25	--	11	43175	卖盘
09:52:48	39.25	--	17	66725	卖盘
09:52:45	39.25	--	5	19625	卖盘
09:52:42	39.25	-0.01	13	51025	卖盘
09:52:36	39.26	--	1	3926	卖盘
09:52:30	39.26	-0.03	20	78520	卖盘
09:52:24	39.29	--	21	82509	卖盘
09:52:21	39.29	-0.01	69	271101	卖盘
09:52:09	39.3	--	2	7859	卖盘
09:52:00	39.3	-0.03	171	672030	卖盘
09:51:57	39.33	--	13	51129	买盘
09:51:54	39.33	--	3	11799	买盘
09:51:48	39.33	--	1	3933	买盘
09:51:45	39.33	0.01	5	19665	买盘
09:51:42	39.32	-0.01	3	11796	卖盘
09:51:39	39.33	0.01	22	86526	买盘
09:51:33	39.32	-0.02	20	78640	卖盘
09:51:24	39.34	0.02	5	19670	中性盘
09:51:21	39.32	-0.02	21	82572	卖盘
09:51:18	39.34	--	4	15736	中性盘
09:51:12	39.34	--	10	39340	买盘
09:51:09	39.34	0.02	15	59010	买盘
09:51:06	39.32	-0.02	49	192668	卖盘
09:51:00	39.34	--	13	51142	买盘
09:50:57	39.34	--	28	110152	买盘
09:50:45	39.34	--	2	7868	买盘
09:50:42	39.34	--	1	3934	中性盘
09:50:30	39.34	--	22	86548	买盘
09:50:27	39.34	0.02	6	23604	中性盘
09:50:18	39.32	-0.03	3	11796	卖盘
09:50:15	39.35	0.02	4	15740	买盘
09:50:12	39.33	0.01	8	31464	中性盘
09:50:03	39.32	--	8	31456	卖盘
09:49:54	39.32	-0.03	10	39320	卖盘
09:49:48	39.35	0.01	2	7870	买盘
09:49:42	39.34	-0.01	1	3934	买盘
09:49:39	39.35	--	10	39350	卖盘
09:49:36	39.35	0.04	25	98375	买盘
09:49:30	39.31	-0.03	44	172964	卖盘
09:49:27	39.34	-0.01	5	19670	卖盘
09:49:24	39.35	--	2	7870	买盘
09:49:18	39.35	--	1	3935	买盘
09:49:15	39.35	--	4	15740	买盘
09:49:12	39.35	--	10	39350	买盘
09:49:09	39.35	-0.01	27	106245	中性盘
09:49:03	39.36	--	16	62976	买盘
09:49:00	39.36	0.01	30	118080	买盘
09:48:57	39.35	--	5	19675	卖盘
09:48:54	39.35	--	3	11805	卖盘
09:48:42	39.35	--	2	7870	买盘
09:48:39	39.35	--	3	11805	买盘
09:48:36	39.35	--	3	11805	买盘
09:48:30	39.35	--	35	137725	买盘
09:48:27	39.35	0.01	65	255775	买盘
09:48:21	39.34	--	23	90482	卖盘
09:48:18	39.34	--	15	59010	卖盘
09:48:15	39.34	--	10	39340	中性盘
09:48:09	39.34	--	2	7868	买盘
09:48:06	39.34	0.01	24	94416	买盘
09:48:03	39.33	-0.01	18	70794	卖盘
09:47:57	39.34	--	4	15736	买盘
09:47:48	39.34	0.01	2	7868	买盘
09:47:45	39.33	--	14	55062	卖盘
09:47:42	39.33	--	5	19665	卖盘
09:47:33	39.33	0.01	10	39330	卖盘
09:47:30	39.32	0.02	4	15728	买盘
09:47:27	39.3	-0.01	20	78600	卖盘
09:47:24	39.31	-0.01	16	62896	卖盘
09:47:21	39.32	0.02	10	39320	买盘
09:47:15	39.3	-0.02	5	19650	卖盘
09:47:12	39.32	--	18	70776	卖盘
09:47:06	39.32	--	10	39320	卖盘
09:47:03	39.32	--	4	15728	卖盘
09:47:00	39.32	--	7	27524	卖盘
09:46:57	39.32	0.02	24	94368	买盘
09:46:54	39.3	-0.01	53	208289	卖盘
09:46:51	39.31	--	3	11793	买盘
09:46:48	39.31	--	20	78620	买盘
09:46:45	39.31	-0.01	2	7862	卖盘
09:46:36	39.32	--	1	3932	买盘
09:46:33	39.32	-0.01	2	7864	卖盘
09:46:30	39.33	0.01	2	7866	中性盘
09:46:27	39.32	-0.01	26	102232	卖盘
09:46:24	39.33	--	4	15732	买盘
09:46:21	39.33	-0.01	2	7866	买盘
09:46:18	39.34	-0.01	2	7868	卖盘
09:46:15	39.35	0.02	11	43285	买盘
09:46:12	39.33	-0.02	35	137655	卖盘
09:46:06	39.35	0.02	4	15740	买盘
09:46:03	39.33	-0.01	17	66861	卖盘
09:46:00	39.34	--	5	19670	卖盘
09:45:57	39.34	--	16	62944	卖盘
09:45:54	39.34	-0.01	10	39340	卖盘
09:45:48	39.35	--	56	220360	买盘
09:45:45	39.35	--	1	3935	买盘
09:45:36	39.35	--	39	153465	买盘
09:45:30	39.35	--	59	232165	卖盘
09:45:24	39.35	--	8	31480	卖盘
09:45:18	39.35	-0.01	20	78700	中性盘
09:45:15	39.36	0.02	48	188928	买盘
09:45:09	39.34	--	12	47208	卖盘
09:45:00	39.34	--	9	35406	中性盘
09:44:54	39.34	--	14	55076	卖盘
09:44:51	39.34	-0.01	15	59010	卖盘
09:44:48	39.35	-0.01	5	19675	中性盘
09:44:42	39.36	0.02	5	19680	中性盘
09:44:39	39.34	-0.03	3	11802	卖盘
09:44:36	39.37	0.02	21	82677	买盘
09:44:33	39.35	-0.02	12	47220	卖盘
09:44:30	39.37	--	2	7873	买盘
09:44:24	39.37	--	10	39370	卖盘
09:44:18	39.37	--	13	51181	卖盘
09:44:15	39.37	0.02	16	62991	买盘
09:44:12	39.35	--	3	11805	买盘
09:44:09	39.35	-0.01	158	621730	卖盘
09:44:06	39.36	--	3	11808	卖盘
09:44:03	39.36	--	11	43296	买盘
09:44:00	39.36	--	7	27552	买盘
09:43:57	39.36	--	14	55104	买盘
09:43:54	39.36	0.01	6	23616	买盘
09:43:48	39.35	--	20	78700	卖盘
09:43:45	39.35	--	2	7870	卖盘
09:43:42	39.35	--	11	43285	买盘
09:43:39	39.35	--	19	74765	买盘
09:43:36	39.35	--	1	3935	买盘
09:43:33	39.35	--	11	43285	买盘
09:43:27	39.35	0.02	2	7870	买盘
09:43:24	39.33	--	5	19665	卖盘
09:43:21	39.33	--	9	35397	卖盘
09:43:18	39.33	--	27	106191	买盘
09:43:15	39.33	--	16	62928	买盘
09:43:09	39.33	--	19	74727	买盘
09:43:03	39.33	0.02	11	43263	买盘
09:43:00	39.31	--	12	47172	买盘
09:42:57	39.31	0.01	32	125792	中性盘
09:42:51	39.3	-0.01	14	55019	卖盘
09:42:45	39.31	-0.02	2	7862	中性盘
09:42:39	39.33	0.03	56	220248	买盘
09:42:33	39.3	--	17	66810	卖盘
09:42:30	39.3	-0.03	3	11790	卖盘
09:42:27	39.33	--	11	43263	买盘
09:42:18	39.33	--	2	7866	买盘
09:42:12	39.33	--	21	82593	买盘
09:42:09	39.33	-0.02	1	3933	卖盘
09:42:06	39.35	--	11	43285	买盘
09:42:03	39.35	0.02	5	19675	买盘
09:42:00	39.33	-0.02	37	145521	卖盘
09:41:54	39.35	0.02	13	51155	买盘
09:41:51	39.33	-0.02	5	19665	卖盘
09:41:48	39.35	0.1	5	19675	买盘
09:41:45	39.25	-0.08	210	824250	卖盘
09:41:42	39.33	--	12	47196	卖盘
09:41:39	39.33	--	2	7866	卖盘
09:41:36	39.33	-0.02	40	157320	卖盘
09:41:33	39.35	0.02	10	39350	买盘
09:41:30	39.33	-0.02	32	125856	卖盘
09:41:27	39.35	--	21	82635	买盘
09:41:24	39.35	--	16	62960	卖盘
09:41:21	39.35	0.03	19	74765	买盘
09:41:18	39.32	-0.03	30	117960	卖盘
09:41:15	39.35	-0.01	15	59025	买盘
09:41:09	39.36	--	30	118080	买盘
09:41:06	39.36	--	23	90528	买盘
09:41:03	39.36	0.01	16	62976	买盘
09:41:00	39.35	-0.01	15	59025	卖盘
09:40:57	39.36	0.01	2	7872	买盘
09:40:51	39.35	-0.01	17	66895	卖盘
09:40:48	39.36	-0.01	11	43296	卖盘
09:40:45	39.37	--	6	23622	买盘
09:40:42	39.37	--	13	51181	买盘
09:40:39	39.37	0.02	3	11811	买盘
09:40:36	39.35	-0.02	20	78700	卖盘
09:40:33	39.37	0.01	1	3936	买盘
09:40:30	39.36	-0.02	3	11808	卖盘
09:40:27	39.38	--	8	31504	买盘
09:40:24	39.38	0.01	23	90574	买盘
09:40:21	39.37	-0.01	44	173228	卖盘
09:40:18	39.38	-0.01	75	295350	卖盘
09:40:15	39.39	--	28	110292	买盘
09:40:12	39.39	0.01	7	27573	买盘
09:40:09	39.38	--	20	78760	卖盘
09:40:06	39.38	0.01	6	23628	中性盘
09:40:03	39.37	--	1	3936	卖盘
09:40:00	39.37	-0.03	12	47244	中性盘
09:39:57	39.4	0.02	29	114260	买盘
09:39:54	39.38	--	9	35442	买盘
09:39:51	39.38	-0.02	20	78760	卖盘
09:39:48	39.4	-0.01	3	11820	中性盘
09:39:42	39.41	--	31	122170	买盘
09:39:39	39.41	-0.02	45	177344	卖盘
09:39:36	39.43	0.02	8	31544	买盘
09:39:33	39.41	-0.02	44	173403	中性盘
09:39:30	39.43	-0.01	64	252352	卖盘
09:39:27	39.44	0.01	39	153816	买盘
09:39:24	39.43	--	4	15772	买盘
09:39:21	39.43	0.03	42	165606	中性盘
09:39:18	39.4	-0.03	14	55160	卖盘
09:39:15	39.43	--	120	473160	买盘
09:39:12	39.43	-0.02	41	164186	卖盘
09:39:09	39.45	0.02	16	63120	买盘
09:39:06	39.43	-0.01	57	226170	卖盘
09:39:03	39.44	--	64	252416	买盘
09:39:00	39.44	0.01	14	55216	买盘
09:38:57	39.43	0.01	8	31544	买盘
09:38:54	39.42	-0.01	8	31536	卖盘
09:38:51	39.43	0.01	13	51259	买盘
09:38:48	39.42	--	13	51246	中性盘
09:38:45	39.42	0.02	12	47304	买盘
09:38:42	39.4	-0.02	17	66980	卖盘
09:38:39	39.42	0.02	2	7884	买盘
09:38:36	39.4	-0.02	3	11820	卖盘
09:38:33	39.42	0.02	5	19710	买盘
09:38:30	39.4	0.01	10	39400	买盘
09:38:27	39.39	0.02	33	129987	买盘
09:38:24	39.37	0.02	18	70866	买盘
09:38:21	39.35	--	1	3935	卖盘
09:38:18	39.35	-0.02	3	11805	卖盘
09:38:15	39.37	0.02	5	19685	买盘
09:38:12	39.35	0.02	44	173140	买盘
09:38:09	39.33	0.01	39	153387	买盘
09:38:06	39.32	--	3	11796	买盘
09:38:03	39.32	0.02	4	15728	买盘
09:38:00	39.3	0.05	64	251519	买盘
09:37:57	39.25	0.01	44	172700	买盘
09:37:54	39.24	-0.01	1	3924	中性盘
09:37:51	39.25	--	6	23550	买盘
09:37:48	39.25	--	4	15700	买盘
09:37:45	39.25	0.06	20	78500	买盘
09:37:42	39.19	-0.04	31	121489	卖盘
09:37:39	39.23	0.03	11	43153	买盘
09:37:36	39.2	--	5	19600	买盘
09:37:33	39.2	--	5	19600	买盘
09:37:30	39.2	0.01	107	419440	买盘
09:37:27	39.19	--	7	27433	卖盘
09:37:24	39.19	-0.01	6	23514	卖盘
09:37:21	39.2	0.01	16	62720	买盘
09:37:18	39.19	0.01	11	43109	买盘
09:37:15	39.18	--	53	207654	卖盘
09:37:12	39.18	--	7	27426	卖盘
09:37:09	39.18	-0.01	1	3918	卖盘
09:37:06	39.19	0.01	8	31352	买盘
09:37:03	39.18	--	130	509340	买盘
09:37:00	39.18	--	73	286014	买盘
09:36:57	39.18	--	14	54852	买盘
09:36:54	39.18	--	2	7836	买盘
09:36:51	39.18	0.01	21	82278	买盘
09:36:48	39.17	-0.01	1	3917	中性盘
09:36:42	39.18	--	33	129294	买盘
09:36:39	39.18	--	6	23508	买盘
09:36:36	39.18	--	11	43098	买盘
09:36:33	39.18	0.05	17	66606	买盘
09:36:27	39.13	-0.05	3	11739	卖盘
09:36:21	39.18	0.05	12	49405	买盘
09:36:18	39.13	--	139	543907	卖盘
09:36:12	39.13	--	1	3913	卖盘
09:36:09	39.13	--	4	15652	买盘
09:36:06	39.13	0.02	1	3913	买盘
09:36:03	39.11	-0.02	6	23466	卖盘
09:35:57	39.13	--	3	11739	买盘
09:35:54	39.13	-0.04	5	19565	中性盘
09:35:51	39.17	0.04	72	282024	买盘
09:35:48	39.13	--	12	46956	买盘
09:35:45	39.13	--	10	39130	买盘
09:35:42	39.13	0.03	2	7826	买盘
09:35:30	39.1	-0.03	33	129030	卖盘
09:35:27	39.13	0.04	35	136955	买盘
09:35:24	39.09	-0.03	46	179814	卖盘
09:35:21	39.12	--	2	7823	买盘
09:35:18	39.12	--	3	11736	买盘
09:35:15	39.12	0.02	20	78240	买盘
09:35:09	39.1	-0.02	28	109480	卖盘
09:35:06	39.12	0.01	22	86064	中性盘
09:35:00	39.11	-0.02	17	66487	卖盘
09:34:57	39.13	0.01	1	3913	中性盘
09:34:54	39.12	-0.01	8	31295	卖盘
09:34:51	39.13	-0.01	17	66521	卖盘
09:34:48	39.14	-0.01	31	121334	卖盘
09:34:45	39.15	-0.01	13	50895	卖盘
09:34:42	39.16	--	7	27411	买盘
09:34:39	39.16	-0.01	27	105731	卖盘
09:34:36	39.17	-0.01	10	39170	买盘
09:34:33	39.18	-0.01	72	282096	买盘
09:34:30	39.19	0.01	8	31352	买盘
09:34:27	39.18	--	1	3918	买盘
09:34:24	39.18	--	1	3918	买盘
09:34:21	39.18	--	27	105786	买盘
09:34:18	39.18	-0.01	35	137130	卖盘
09:34:15	39.19	--	15	58785	卖盘
09:34:12	39.19	--	3	11757	买盘
09:34:09	39.19	--	90	352710	买盘
09:34:06	39.19	--	108	423252	买盘
09:34:03	39.19	--	20	78380	买盘
09:34:00	39.19	--	6	23514	买盘
09:33:57	39.19	--	41	160679	买盘
09:33:54	39.19	0.01	9	35271	买盘
09:33:51	39.18	0.01	16	62688	买盘
09:33:48	39.17	-0.01	6	23502	卖盘
09:33:45	39.18	--	9	35262	买盘
09:33:42	39.18	0.01	33	129294	买盘
09:33:39	39.17	-0.01	5	19585	买盘
09:33:36	39.18	0.01	8	31344	买盘
09:33:33	39.17	--	7	27419	买盘
09:33:30	39.17	0.01	71	278107	买盘
09:33:27	39.16	0.01	15	58739	买盘
09:33:24	39.15	-0.02	6	23490	卖盘
09:33:21	39.17	0.01	13	50921	买盘
09:33:18	39.16	--	7	27411	卖盘
09:33:15	39.16	0.04	7	27411	买盘
09:33:06	39.12	0.01	3	11736	中性盘
09:33:03	39.11	-0.04	24	93864	卖盘
09:33:00	39.15	0.03	18	70470	买盘
09:32:57	39.12	0.02	63	246455	买盘
09:32:54	39.1	--	2	7820	卖盘
09:32:51	39.1	--	6	23460	卖盘
09:32:48	39.1	--	2	7820	卖盘
09:32:45	39.1	--	41	160310	买盘
09:32:42	39.1	--	68	265880	买盘
09:32:39	39.1	--	17	66470	买盘
09:32:36	39.1	--	17	66470	买盘
09:32:33	39.1	--	14	54740	买盘
09:32:30	39.1	0.01	6	23460	买盘
09:32:27	39.09	-0.01	7	27363	卖盘
09:32:24	39.1	--	56	218960	买盘
09:32:21	39.1	--	10	39100	买盘
09:32:15	39.1	0.01	20	78200	买盘
09:32:12	39.09	0.01	51	199359	买盘
09:32:09	39.08	-0.01	20	78160	卖盘
09:32:03	39.09	0.01	30	117270	买盘
09:32:00	39.08	0.02	5	19540	买盘
09:31:57	39.06	-0.02	42	165497	卖盘
09:31:51	39.08	0.02	3	11724	买盘
09:31:48	39.06	--	20	78120	买盘
09:31:45	39.06	--	5	19530	买盘
09:31:42	39.06	0.01	4	15624	买盘
09:31:39	39.05	-0.01	6	23430	卖盘
09:31:36	39.06	--	2	7812	买盘
09:31:33	39.06	0.01	10	39060	买盘
09:31:27	39.05	--	16	62479	卖盘
09:31:24	39.05	0.04	27	105434	买盘
09:31:21	39.01	-0.04	139	542239	卖盘
09:31:18	39.05	0.01	11	42955	买盘
09:31:15	39.04	-0.01	13	50752	卖盘
09:31:12	39.05	0.01	13	50764	买盘
09:31:06	39.04	-0.01	21	81984	中性盘
09:31:00	39.05	0.01	21	82005	买盘
09:30:57	39.04	-0.01	1	3904	卖盘
09:30:54	39.05	--	41	160105	买盘
09:30:51	39.05	--	14	54669	买盘
09:30:48	39.05	0.01	6	23430	买盘
09:30:45	39.04	--	12	46848	卖盘
09:30:42	39.04	--	7	27328	卖盘
09:30:39	39.04	--	3	11712	卖盘
09:30:36	39.04	--	2	7808	卖盘
09:30:33	39.04	-0.01	4	15616	卖盘
09:30:30	39.05	0.02	7	27334	买盘
09:30:27	39.03	-0.01	22	85866	卖盘
09:30:24	39.04	--	20	78080	买盘
09:30:21	39.04	--	3	11712	买盘
09:30:18	39.04	--	3	11712	买盘
09:30:15	39.04	--	6	23424	买盘
09:30:12	39.04	0.01	25	97600	买盘
09:30:09	39.03	0.02	43	167829	中性盘
09:30:06	39.01	0.01	220	858220	买盘
09:30:03	39.0	--	0	0	卖盘
09:25:03	39.0	39	437	1704300	买盘
