成交时间	成交价	价格变动	成交量(手)	成交额(元)	性质
15:00:03	13.85	--	2411	3339235	卖盘
14:57:00	13.85	--	174	240990	卖盘
14:56:57	13.85	--	49	67865	卖盘
14:56:54	13.85	-0.01	89	123265	中性盘
14:56:51	13.86	0.01	70	97020	买盘
14:56:48	13.85	--	63	87255	卖盘
14:56:45	13.85	--	27	37395	卖盘
14:56:42	13.85	--	14	19390	卖盘
14:56:39	13.85	-0.01	22	30470	卖盘
14:56:36	13.86	0.01	4	5544	买盘
14:56:33	13.85	--	13	18005	买盘
14:56:30	13.85	-0.01	133	184205	卖盘
14:56:27	13.86	0.01	156	216216	买盘
14:56:24	13.85	--	30	41550	卖盘
14:56:21	13.85	--	12	16620	卖盘
14:56:18	13.85	--	136	188360	买盘
14:56:15	13.85	--	11	15235	买盘
14:56:12	13.85	--	31	42935	买盘
14:56:06	13.85	--	22	30470	买盘
14:56:03	13.85	--	10	13850	买盘
14:56:00	13.85	--	1	1385	买盘
14:55:57	13.85	0.01	107	148195	买盘
14:55:54	13.84	-0.01	21	29064	卖盘
14:55:51	13.85	--	65	90025	买盘
14:55:48	13.85	-0.01	2	2770	卖盘
14:55:45	13.86	0.01	100	138600	买盘
14:55:42	13.85	-0.01	175	242375	卖盘
14:55:39	13.86	--	12	16632	买盘
14:55:36	13.86	0.01	72	99792	买盘
14:55:33	13.85	--	88	121880	卖盘
14:55:30	13.85	-0.01	132	182820	卖盘
14:55:24	13.86	--	428	593208	买盘
14:55:21	13.86	0.01	7	9702	买盘
14:55:18	13.85	-0.01	5	6925	卖盘
14:55:15	13.86	--	11	15246	买盘
14:55:09	13.86	0.01	110	152460	买盘
14:55:06	13.85	-0.01	300	415500	卖盘
14:55:03	13.86	0.01	54	74844	买盘
14:55:00	13.85	--	22	30470	卖盘
14:54:57	13.85	--	20	27700	卖盘
14:54:54	13.85	--	36	49860	卖盘
14:54:51	13.85	-0.01	21	29085	卖盘
14:54:48	13.86	--	92	127512	买盘
14:54:45	13.86	0.01	14	19404	买盘
14:54:42	13.85	--	290	401650	卖盘
14:54:39	13.85	--	80	110800	卖盘
14:54:33	13.85	--	44	60940	卖盘
14:54:30	13.85	-0.01	158	218830	卖盘
14:54:27	13.86	0.01	122	169092	买盘
14:54:24	13.85	--	46	63710	卖盘
14:54:18	13.85	--	31	42935	卖盘
14:54:15	13.85	-0.01	25	34625	卖盘
14:54:12	13.86	0.01	63	87318	买盘
14:54:09	13.85	-0.01	1	1385	卖盘
14:54:06	13.86	--	8	11088	买盘
14:54:03	13.86	0.01	32	44352	中性盘
14:53:57	13.85	-0.01	155	214675	卖盘
14:53:54	13.86	--	20	27720	卖盘
14:53:48	13.86	--	45	62370	卖盘
14:53:45	13.86	--	52	72072	买盘
14:53:42	13.86	--	24	33264	买盘
14:53:39	13.86	--	21	29106	买盘
14:53:33	13.86	-0.01	20	27720	买盘
14:53:24	13.87	--	20	27740	买盘
14:53:18	13.87	0.01	151	209437	买盘
14:53:15	13.86	--	56	77616	卖盘
14:53:12	13.86	-0.01	16	22176	卖盘
14:53:09	13.87	0.01	33	45771	买盘
14:53:06	13.86	-0.01	35	48510	卖盘
14:53:03	13.87	0.01	1	1387	买盘
14:53:00	13.86	--	55	76230	卖盘
14:52:57	13.86	--	55	76230	卖盘
14:52:54	13.86	--	117	162162	卖盘
14:52:51	13.86	--	18	24948	卖盘
14:52:45	13.86	--	5	6930	卖盘
14:52:42	13.86	--	27	37422	买盘
14:52:39	13.86	--	5	6930	买盘
14:52:36	13.86	--	68	94248	卖盘
14:52:33	13.86	--	100	138600	卖盘
14:52:30	13.86	--	8	11088	卖盘
14:52:27	13.86	--	47	65142	卖盘
14:52:24	13.86	-0.01	4	5544	卖盘
14:52:18	13.87	--	11	15257	买盘
14:52:15	13.87	0.01	55	76285	买盘
14:52:12	13.86	-0.01	34	47124	卖盘
14:52:09	13.87	0.01	67	92929	买盘
14:52:06	13.86	-0.01	16	22176	卖盘
14:52:03	13.87	0.01	7	9709	买盘
14:52:00	13.86	-0.01	11	15246	卖盘
14:51:57	13.87	0.01	377	522898	买盘
14:51:54	13.86	-0.01	17	23562	卖盘
14:51:51	13.87	0.01	37	51319	买盘
14:51:48	13.86	-0.01	202	279972	卖盘
14:51:45	13.87	0.01	29	40223	买盘
14:51:42	13.86	-0.01	12	16632	卖盘
14:51:39	13.87	--	10	13870	买盘
14:51:36	13.87	--	2	2774	买盘
14:51:30	13.87	0.01	60	83220	买盘
14:51:27	13.86	--	42	58212	卖盘
14:51:24	13.86	-0.01	148	205128	卖盘
14:51:21	13.87	--	10	13870	买盘
14:51:18	13.87	0.01	50	69350	买盘
14:51:15	13.86	-0.01	10	13860	卖盘
14:51:12	13.87	0.01	10	13870	买盘
14:51:09	13.86	-0.01	161	223146	卖盘
14:51:06	13.87	0.01	12	16644	买盘
14:51:03	13.86	--	17	23562	卖盘
14:51:00	13.86	--	83	115038	卖盘
14:50:57	13.86	-0.01	19	26334	卖盘
14:50:54	13.87	0.01	7	9709	买盘
14:50:51	13.86	--	40	55440	卖盘
14:50:48	13.86	--	56	77616	卖盘
14:50:42	13.86	-0.01	543	752598	卖盘
14:50:39	13.87	--	2	2774	买盘
14:50:33	13.87	0.02	4	5548	买盘
14:50:27	13.85	-0.01	20	27700	卖盘
14:50:24	13.86	0.01	296	410256	买盘
14:50:21	13.85	--	18	24930	卖盘
14:50:18	13.85	-0.01	2	2770	卖盘
14:50:15	13.86	--	5	6930	买盘
14:50:12	13.86	0.01	20	27720	买盘
14:50:09	13.85	-0.01	1	1385	卖盘
14:50:06	13.86	--	4	5544	买盘
14:50:03	13.86	0.01	25	34650	买盘
14:50:00	13.85	--	6	8310	卖盘
14:49:54	13.85	-0.01	18	24930	中性盘
14:49:48	13.86	--	52	72072	买盘
14:49:45	13.86	0.01	153	212058	买盘
14:49:42	13.85	--	11	15235	卖盘
14:49:39	13.85	--	7	9695	卖盘
14:49:36	13.85	--	8	11080	卖盘
14:49:33	13.85	--	30	41550	卖盘
14:49:27	13.85	--	32	44320	卖盘
14:49:24	13.85	--	10	13850	卖盘
14:49:21	13.85	--	9	12465	卖盘
14:49:18	13.85	--	2	2770	卖盘
14:49:12	13.85	--	9	12465	卖盘
14:49:06	13.85	--	9	12465	买盘
14:49:03	13.85	--	68	94180	买盘
14:49:00	13.85	--	117	162045	买盘
14:48:57	13.85	0.01	10	13850	买盘
14:48:54	13.84	-0.01	58	80272	卖盘
14:48:48	13.85	--	3	4155	买盘
14:48:42	13.85	-0.02	174	240990	卖盘
14:48:39	13.87	0.01	28	38836	买盘
14:48:33	13.86	0.01	478	662508	买盘
14:48:30	13.85	-0.01	21	29085	卖盘
14:48:27	13.86	0.01	58	80388	买盘
14:48:21	13.85	-0.01	28	38780	卖盘
14:48:18	13.86	0.01	19	26334	买盘
14:48:15	13.85	-0.01	20	27700	卖盘
14:47:54	13.86	--	30	41580	买盘
14:47:51	13.86	--	100	138600	买盘
14:47:48	13.86	--	45	62370	买盘
14:47:45	13.86	--	25	34650	买盘
14:47:42	13.86	0.01	54	74844	买盘
14:47:39	13.85	-0.01	10	13850	卖盘
14:47:36	13.86	--	27	37422	买盘
14:47:30	13.86	--	20	27720	买盘
14:47:27	13.86	--	26	36036	买盘
14:47:24	13.86	--	8	11088	买盘
14:47:21	13.86	--	1	1386	买盘
14:47:18	13.86	--	100	138600	买盘
14:47:15	13.86	--	9	12474	买盘
14:47:12	13.86	--	12	16632	买盘
14:47:09	13.86	--	21	29106	卖盘
14:47:06	13.86	--	5	6930	卖盘
14:47:03	13.86	--	212	293832	买盘
14:47:00	13.86	--	33	45738	买盘
14:46:54	13.86	--	12	16632	买盘
14:46:51	13.86	--	19	26334	卖盘
14:46:48	13.86	--	22	30492	卖盘
14:46:45	13.86	--	4	5544	卖盘
14:46:39	13.86	--	10	13860	卖盘
14:46:36	13.86	0.01	2	2772	中性盘
14:46:33	13.85	-0.01	15	20775	卖盘
14:46:30	13.86	0.01	15	20790	买盘
14:46:27	13.85	-0.01	6	8310	卖盘
14:46:21	13.86	0.01	11	15246	卖盘
14:46:15	13.85	--	39	54015	卖盘
14:46:03	13.85	-0.01	166	229910	卖盘
14:46:00	13.86	--	115	159390	买盘
14:45:57	13.86	0.01	62	85932	买盘
14:45:54	13.85	--	10	13850	卖盘
14:45:51	13.85	-0.01	48	66480	卖盘
14:45:48	13.86	0.01	1	1386	买盘
14:45:45	13.85	-0.01	142	196670	卖盘
14:45:39	13.86	0.01	31	42966	买盘
14:45:36	13.85	-0.01	2	2770	卖盘
14:45:33	13.86	--	15	20790	买盘
14:45:27	13.86	--	6	8316	买盘
14:45:24	13.86	0.01	2	2772	买盘
14:45:21	13.85	--	13	18005	卖盘
14:45:18	13.85	-0.01	6	8310	卖盘
14:45:15	13.86	--	10	13860	买盘
14:45:12	13.86	0.01	19	26334	买盘
14:45:09	13.85	--	11	15235	卖盘
14:45:06	13.85	--	5	6925	卖盘
14:45:03	13.85	--	258	357330	买盘
14:45:00	13.85	--	20	27700	买盘
14:44:57	13.85	0.01	20	27700	买盘
14:44:54	13.84	-0.01	30	41520	卖盘
14:44:51	13.85	--	25	34625	卖盘
14:44:48	13.85	--	79	109415	卖盘
14:44:45	13.85	--	150	207750	卖盘
14:44:42	13.85	--	10	13850	卖盘
14:44:39	13.85	--	67	92795	卖盘
14:44:33	13.85	--	21	29085	卖盘
14:44:27	13.85	-0.01	1	1385	卖盘
14:44:24	13.86	--	3	4158	买盘
14:44:21	13.86	0.01	8	11088	买盘
14:44:15	13.85	-0.01	150	207750	卖盘
14:44:12	13.86	-0.01	20	27720	中性盘
14:44:09	13.87	0.02	308	427196	买盘
14:44:06	13.85	-0.01	190	263150	卖盘
14:44:03	13.86	--	1008	1397088	买盘
14:44:00	13.86	--	239	331254	卖盘
14:43:57	13.86	--	286	396396	卖盘
14:43:48	13.86	--	18	24948	卖盘
14:43:45	13.86	--	20	27720	卖盘
14:43:39	13.86	-0.01	12	16632	卖盘
14:43:36	13.87	--	7	9709	买盘
14:43:30	13.87	0.01	2	2774	买盘
14:43:24	13.86	-0.01	10	13860	卖盘
14:43:21	13.87	0.01	50	69350	买盘
14:43:12	13.86	-0.01	5	6930	卖盘
14:43:09	13.87	0.01	22	30514	买盘
14:43:06	13.86	--	131	181566	卖盘
14:43:03	13.86	--	31	42966	卖盘
14:43:00	13.86	-0.01	200	277200	卖盘
14:42:57	13.87	--	3	4161	买盘
14:42:54	13.87	0.01	2	2774	买盘
14:42:51	13.86	--	25	34650	卖盘
14:42:48	13.86	--	9	12474	卖盘
14:42:45	13.86	-0.01	50	69300	卖盘
14:42:42	13.87	--	2	2774	买盘
14:42:39	13.87	0.01	200	277400	买盘
14:42:36	13.86	-0.01	113	156618	卖盘
14:42:27	13.87	--	77	106799	买盘
14:42:24	13.87	--	61	84939	卖盘
14:42:21	13.87	--	103	142861	卖盘
14:42:18	13.87	--	594	823878	卖盘
14:42:15	13.87	--	312	432744	卖盘
14:42:12	13.87	-0.01	78	108186	卖盘
14:42:09	13.88	--	10	13880	买盘
14:42:06	13.88	-0.01	630	874440	卖盘
14:42:00	13.89	0.01	10	13890	买盘
14:41:57	13.88	-0.01	5	6940	卖盘
14:41:51	13.89	-0.01	563	782007	卖盘
14:41:48	13.9	0.01	8	11120	买盘
14:41:45	13.89	-0.01	5	6945	卖盘
14:41:39	13.9	--	10	13900	买盘
14:41:30	13.9	0.01	10	13900	买盘
14:41:27	13.89	--	4	5556	卖盘
14:41:12	13.89	--	10	13890	卖盘
14:41:06	13.89	-0.01	115	159735	卖盘
14:41:03	13.9	--	259	360010	卖盘
14:41:00	13.9	0.01	137	190430	买盘
14:40:57	13.89	-0.01	32	44448	卖盘
14:40:54	13.9	--	20	27800	买盘
14:40:48	13.9	0.01	5	6950	买盘
14:40:45	13.89	-0.01	11	15279	卖盘
14:40:39	13.9	0.02	15	20850	买盘
14:40:24	13.88	-0.01	314	435832	卖盘
14:40:12	13.89	--	20	27780	买盘
14:40:06	13.89	--	30	41670	买盘
14:40:03	13.89	--	18	25002	卖盘
14:40:00	13.89	--	56	77784	买盘
14:39:54	13.89	--	214	297246	卖盘
14:39:51	13.89	--	203	281967	卖盘
14:39:48	13.89	--	50	69450	卖盘
14:39:42	13.89	--	74	102786	卖盘
14:39:33	13.89	--	4	5556	卖盘
14:39:30	13.89	--	239	331971	卖盘
14:39:21	13.89	--	87	120843	卖盘
14:39:09	13.89	-0.01	3	4167	卖盘
14:39:06	13.9	--	24	33360	买盘
14:39:00	13.9	0.01	16	22240	买盘
14:38:54	13.89	-0.01	10	13890	卖盘
14:38:51	13.9	--	2	2780	买盘
14:38:48	13.9	--	4	5560	买盘
14:38:45	13.9	0.01	30	41700	买盘
14:38:42	13.89	--	37	51393	卖盘
14:38:27	13.89	--	37	51393	卖盘
14:38:21	13.89	--	54	75006	卖盘
14:38:12	13.89	-0.01	40	55560	卖盘
14:38:06	13.9	--	6	8340	买盘
14:37:54	13.9	--	10	13900	买盘
14:37:48	13.9	-0.01	75	104250	卖盘
14:37:45	13.91	0.01	24	33384	买盘
14:37:42	13.9	-0.01	32	44480	卖盘
14:37:39	13.91	--	14	19474	买盘
14:37:27	13.91	0.01	20	27820	买盘
14:37:18	13.9	-0.01	100	139000	卖盘
14:37:15	13.91	--	12	16692	买盘
14:37:12	13.91	0.01	14	19474	买盘
14:37:09	13.9	-0.01	200	278000	卖盘
14:36:57	13.91	--	2	2782	买盘
14:36:54	13.91	--	20	27820	卖盘
14:36:48	13.91	--	22	30602	卖盘
14:36:30	13.91	--	10	13910	卖盘
14:36:21	13.91	-0.01	2	2782	卖盘
14:36:18	13.92	0.01	2	2784	买盘
14:36:00	13.91	0.01	4	5564	中性盘
14:35:57	13.9	-0.02	9	12510	卖盘
14:35:54	13.92	0.01	123	171216	买盘
14:35:48	13.91	--	13	18083	买盘
14:35:45	13.91	-0.01	482	671533	卖盘
14:35:42	13.92	--	15	20880	买盘
14:35:39	13.92	--	32	44544	买盘
14:35:33	13.92	0.01	6	8352	买盘
14:35:21	13.91	-0.01	57	79287	卖盘
14:35:15	13.92	--	8	11136	买盘
14:35:09	13.92	0.01	39	54288	买盘
14:35:03	13.91	-0.01	19	26429	卖盘
14:35:00	13.92	--	5	6960	买盘
14:34:54	13.92	--	82	114144	买盘
14:34:45	13.92	0.01	13	18096	买盘
14:34:36	13.91	--	10	13910	卖盘
14:34:33	13.91	--	31	43121	卖盘
14:34:30	13.91	-0.01	36	50076	卖盘
14:34:27	13.92	0.01	20	27840	买盘
14:34:24	13.91	--	90	125190	卖盘
14:34:21	13.91	-0.01	7	9737	卖盘
14:34:18	13.92	0.01	6	8352	买盘
14:34:12	13.91	-0.01	5	6955	卖盘
14:34:09	13.92	--	19	26448	卖盘
14:34:06	13.92	--	52	72384	卖盘
14:34:00	13.92	--	51	70992	买盘
14:33:54	13.92	--	69	96048	买盘
14:33:51	13.92	--	110	153120	卖盘
14:33:48	13.92	--	7	9744	卖盘
14:33:42	13.92	-0.01	5	6960	卖盘
14:33:39	13.93	0.01	15	20895	买盘
14:33:36	13.92	-0.01	31	43152	卖盘
14:33:33	13.93	0.01	7	9751	买盘
14:33:24	13.92	--	24	33408	卖盘
14:33:18	13.92	--	5	6960	卖盘
14:33:15	13.92	--	15	20880	卖盘
14:33:09	13.92	--	328	456576	买盘
14:33:06	13.92	--	4	5568	买盘
14:33:03	13.92	--	14	19488	买盘
14:33:00	13.92	--	19	26448	买盘
14:32:54	13.92	--	20	27840	买盘
14:32:51	13.92	0.01	45	62640	买盘
14:32:45	13.91	-0.01	51	71260	卖盘
14:32:39	13.92	0.01	50	69600	买盘
14:32:30	13.91	-0.01	17	23647	卖盘
14:32:24	13.92	0.01	20	27840	买盘
14:32:21	13.91	--	1	1391	卖盘
14:32:12	13.91	0.01	81	112671	买盘
14:32:09	13.9	--	58	80620	卖盘
14:32:06	13.9	--	5	6950	卖盘
14:32:03	13.9	-0.01	60	83400	卖盘
14:32:00	13.91	0.01	11	15301	买盘
14:31:57	13.9	--	10	13900	卖盘
14:31:54	13.9	--	31	43090	卖盘
14:31:42	13.9	--	32	44480	买盘
14:31:39	13.9	--	108	150120	买盘
14:31:36	13.9	--	7	9730	买盘
14:31:30	13.9	--	27	37530	买盘
14:31:27	13.9	--	18	25020	买盘
14:31:18	13.9	0.01	82	113980	买盘
14:31:12	13.89	-0.01	1	1389	卖盘
14:31:00	13.9	0.01	10	13900	买盘
14:30:57	13.89	--	7	9723	卖盘
14:30:54	13.89	--	35	48615	卖盘
14:30:51	13.89	--	31	43059	卖盘
14:30:45	13.89	-0.01	49	68061	卖盘
14:30:42	13.9	--	91	126490	卖盘
14:30:39	13.9	--	87	120930	卖盘
14:30:30	13.9	-0.01	2	2780	卖盘
14:30:27	13.91	0.01	1	1391	买盘
14:30:06	13.9	--	20	27800	卖盘
14:30:03	13.9	--	66	91740	买盘
14:30:00	13.9	--	8	11120	买盘
14:29:42	13.9	-0.01	68	94520	卖盘
14:29:24	13.91	--	222	308802	买盘
14:29:15	13.91	--	50	69550	买盘
14:29:09	13.91	--	9	12519	买盘
14:29:03	13.91	-0.01	23	31993	卖盘
14:29:00	13.92	0.01	20	27840	买盘
14:28:51	13.91	-0.01	5	6955	卖盘
14:28:48	13.92	0.01	24	33408	买盘
14:28:39	13.91	--	8	11128	卖盘
14:28:36	13.91	0.01	26	36166	买盘
14:28:21	13.9	-0.02	5	6950	卖盘
14:28:09	13.92	0.02	2	2784	买盘
14:28:06	13.9	--	26	36140	卖盘
14:28:03	13.9	-0.02	30	41700	卖盘
14:28:00	13.92	0.01	6	8352	买盘
14:27:51	13.91	--	27	37557	卖盘
14:27:48	13.91	--	23	31993	卖盘
14:27:45	13.91	--	63	87633	卖盘
14:27:39	13.91	--	24	33384	卖盘
14:27:36	13.91	--	10	13910	卖盘
14:27:30	13.91	-0.01	7	9737	卖盘
14:27:21	13.92	--	5	6960	买盘
14:27:15	13.92	-0.01	22	30624	中性盘
14:27:12	13.93	0.02	46	64078	买盘
14:27:03	13.91	-0.02	13	18083	卖盘
14:26:57	13.93	0.02	1	1393	买盘
14:26:51	13.91	--	30	41730	卖盘
14:26:45	13.91	-0.01	5	6955	卖盘
14:26:33	13.92	--	16	22272	买盘
14:26:30	13.92	--	5	6960	买盘
14:26:27	13.92	--	30	41760	买盘
14:26:24	13.92	-0.01	59	82128	卖盘
14:26:21	13.93	--	41	57113	买盘
14:26:18	13.93	--	15	20895	买盘
14:26:15	13.93	--	3	4179	买盘
14:26:03	13.93	0.01	30	41790	买盘
14:25:48	13.92	0.01	10	13920	买盘
14:25:42	13.91	-0.01	23	31993	卖盘
14:25:33	13.92	--	7	9744	买盘
14:25:27	13.92	-0.01	1	1392	中性盘
14:25:18	13.93	--	10	13930	买盘
14:25:15	13.93	--	2	2786	买盘
14:25:06	13.93	--	20	27860	买盘
14:25:03	13.93	0.02	10	13930	买盘
14:24:54	13.91	-0.02	20	27820	卖盘
14:24:48	13.93	0.02	1	1393	买盘
14:24:36	13.91	-0.01	17	23647	买盘
14:24:27	13.92	--	13	18096	卖盘
14:24:24	13.92	0.01	147	204624	买盘
14:24:15	13.91	--	18	25038	买盘
14:24:09	13.91	--	16	22256	买盘
14:24:06	13.91	--	1	1391	卖盘
14:24:00	13.91	--	1	1391	卖盘
14:23:57	13.91	-0.01	20	27820	卖盘
14:23:48	13.92	--	27	37584	买盘
14:23:45	13.92	-0.02	139	193488	卖盘
14:23:42	13.94	--	40	55760	买盘
14:23:36	13.94	--	70	97580	买盘
14:23:30	13.94	--	18	25092	买盘
14:23:27	13.94	-0.01	319	444686	卖盘
14:23:24	13.95	0.01	13	18135	买盘
14:23:21	13.94	--	100	139400	卖盘
14:23:18	13.94	-0.01	8	11152	卖盘
14:23:15	13.95	--	8	11160	买盘
14:23:12	13.95	0.01	14	19530	买盘
14:23:09	13.94	--	2	2788	卖盘
14:23:06	13.94	--	25	34850	卖盘
14:23:03	13.94	--	60	83640	卖盘
14:22:57	13.94	--	108	150552	买盘
14:22:54	13.94	--	32	44608	买盘
14:22:51	13.94	--	42	58548	买盘
14:22:45	13.94	0.01	38	52972	买盘
14:22:42	13.93	--	21	29253	卖盘
14:22:39	13.93	-0.01	19	26467	中性盘
14:22:30	13.94	0.01	43	59942	买盘
14:22:27	13.93	--	152	211736	买盘
14:22:24	13.93	0.01	226	314818	买盘
14:22:18	13.92	--	46	64032	买盘
14:22:15	13.92	--	8	11136	买盘
14:22:09	13.92	0.01	5	6960	买盘
14:22:06	13.91	--	5	6955	卖盘
14:22:03	13.91	--	1	1391	卖盘
14:21:51	13.91	0.01	167	232867	买盘
14:21:48	13.9	--	100	139000	买盘
14:21:42	13.9	--	54	75060	卖盘
14:21:27	13.9	0.02	155	215450	买盘
14:21:24	13.88	-0.01	23	31924	卖盘
14:21:21	13.89	-0.01	117	163332	卖盘
14:21:18	13.9	--	163	227139	买盘
14:21:15	13.9	--	30	41700	买盘
14:21:12	13.9	0.01	2001	2781390	买盘
14:21:09	13.89	0.01	10	13890	卖盘
14:21:03	13.88	-0.01	300	416400	卖盘
14:20:57	13.89	0.01	97	134733	买盘
14:20:51	13.88	--	1	1388	卖盘
14:20:36	13.88	--	11	15268	卖盘
14:20:21	13.88	-0.01	130	180440	卖盘
14:20:15	13.89	0.01	12	16668	买盘
14:20:12	13.88	-0.01	20	27760	卖盘
14:20:03	13.89	0.01	20	27780	买盘
14:19:57	13.88	-0.01	20	27760	卖盘
14:19:48	13.89	0.01	19	26391	买盘
14:19:39	13.88	--	20	27760	卖盘
14:19:36	13.88	--	10	13880	卖盘
14:19:30	13.88	-0.01	14	19432	卖盘
14:19:27	13.89	0.01	41	56949	买盘
14:19:06	13.88	--	17	23596	卖盘
14:19:03	13.88	--	5	6940	卖盘
14:19:00	13.88	-0.01	11	15268	卖盘
14:18:54	13.89	0.01	5	6945	买盘
14:18:51	13.88	--	1	1388	卖盘
14:18:45	13.88	--	10	13880	卖盘
14:18:39	13.88	-0.01	2	2776	卖盘
14:18:33	13.89	0.01	137	190293	买盘
14:18:30	13.88	-0.01	15	20820	卖盘
14:18:21	13.89	0.01	110	152790	买盘
14:18:18	13.88	-0.01	16	22208	卖盘
14:18:03	13.89	0.01	37	51393	买盘
14:17:57	13.88	-0.01	20	27760	卖盘
14:17:54	13.89	--	30	41670	买盘
14:17:39	13.89	--	12	16668	买盘
14:17:33	13.89	--	14	19446	买盘
14:17:27	13.89	0.01	200	277800	买盘
14:17:24	13.88	--	1	1388	卖盘
14:17:06	13.88	--	3	4164	卖盘
14:17:03	13.88	--	30	41640	卖盘
14:16:57	13.88	-0.01	2	2776	卖盘
14:16:54	13.89	--	10	13890	买盘
14:16:48	13.89	0.01	10	13890	买盘
14:16:45	13.88	--	2	2776	卖盘
14:16:42	13.88	--	10	13880	卖盘
14:16:39	13.88	-0.01	1	1388	卖盘
14:16:36	13.89	0.01	2	2778	买盘
14:16:30	13.88	--	111	154068	卖盘
14:16:18	13.88	-0.01	3	4164	卖盘
14:15:57	13.89	--	102	141678	卖盘
14:15:54	13.89	--	13	18057	卖盘
14:15:36	13.89	--	10	13890	卖盘
14:15:24	13.89	0.01	19	26391	买盘
14:15:21	13.88	-0.01	2	2776	卖盘
14:15:12	13.89	--	10	13890	买盘
14:15:03	13.89	--	9	12501	卖盘
14:14:54	13.89	-0.01	3	4167	卖盘
14:14:42	13.9	--	52	72280	买盘
14:14:39	13.9	0.01	29	40310	买盘
14:14:36	13.89	--	4	5556	卖盘
14:14:33	13.89	--	11	15279	卖盘
14:14:30	13.89	-0.01	116	161124	卖盘
14:14:27	13.9	0.01	14	19460	买盘
14:14:24	13.89	--	7	9723	卖盘
14:14:21	13.89	-0.01	1	1389	卖盘
14:14:18	13.9	--	31	43090	买盘
14:14:06	13.9	0.01	31	43090	买盘
14:14:03	13.89	-0.01	10	13890	卖盘
14:13:54	13.9	0.01	10	13900	买盘
14:13:51	13.89	--	5	6945	卖盘
14:13:42	13.89	--	6	8334	卖盘
14:13:39	13.89	--	5	6945	卖盘
14:13:36	13.89	--	12	16668	卖盘
14:13:24	13.89	--	11	15279	卖盘
14:13:21	13.89	--	296	411144	卖盘
14:13:18	13.89	--	2	2778	卖盘
14:13:15	13.89	--	32	44448	卖盘
14:13:12	13.89	-0.01	8	11112	卖盘
14:13:06	13.9	0.01	9	12510	买盘
14:13:03	13.89	--	5	6945	卖盘
14:12:51	13.89	--	7	9723	卖盘
14:12:45	13.89	-0.01	10	13890	卖盘
14:12:42	13.9	0.01	52	72280	买盘
14:12:33	13.89	-0.01	1	1389	卖盘
14:12:30	13.9	0.01	3	4170	买盘
14:12:24	13.89	--	250	347250	卖盘
14:12:15	13.89	--	1	1389	卖盘
14:12:12	13.89	--	310	430590	卖盘
14:12:09	13.89	--	5	6945	卖盘
14:12:06	13.89	--	15	20835	卖盘
14:11:57	13.89	--	7	9723	卖盘
14:11:54	13.89	--	15	20835	卖盘
14:11:51	13.89	--	20	27780	卖盘
14:11:48	13.89	--	60	83340	卖盘
14:11:42	13.89	-0.01	40	55560	卖盘
14:11:33	13.9	0.01	28	38920	买盘
14:11:24	13.89	--	105	145845	卖盘
14:11:21	13.89	--	5	6945	卖盘
14:11:09	13.89	--	7	9723	卖盘
14:11:06	13.89	--	153	212517	卖盘
14:10:57	13.89	--	2	2778	卖盘
14:10:54	13.89	--	30	41670	卖盘
14:10:42	13.89	-0.01	18	25002	卖盘
14:10:30	13.9	0.01	1	1390	买盘
14:10:27	13.89	--	7	9723	卖盘
14:10:18	13.89	--	5	6945	卖盘
14:09:57	13.89	-0.01	20	27780	卖盘
14:09:54	13.9	--	2	2780	买盘
14:09:48	13.9	--	100	139000	买盘
14:09:45	13.9	--	40	55600	买盘
14:09:39	13.9	0.01	7	9730	买盘
14:09:36	13.89	--	2	2778	卖盘
14:09:33	13.89	-0.01	2	2778	卖盘
14:09:30	13.9	0.01	5	6950	买盘
14:09:27	13.89	--	5	6945	卖盘
14:09:18	13.89	--	4	5556	卖盘
14:09:09	13.89	--	106	147234	卖盘
14:08:54	13.89	-0.01	10	13890	卖盘
14:08:36	13.9	0.01	3	4170	买盘
14:08:27	13.89	--	10	13890	卖盘
14:08:21	13.89	--	2	2778	卖盘
14:08:15	13.89	-0.01	39	54171	中性盘
14:08:09	13.9	0.01	28	38920	买盘
14:08:03	13.89	--	35	49434	卖盘
14:08:00	13.89	--	3	4167	卖盘
14:07:54	13.89	--	15	21404	买盘
14:07:51	13.89	--	71	98619	买盘
14:07:39	13.89	--	30	41670	买盘
14:07:33	13.89	--	100	138900	买盘
14:07:30	13.89	--	16	22224	买盘
14:07:21	13.89	--	49	68061	买盘
14:07:15	13.89	--	44	61116	买盘
14:07:09	13.89	--	86	119454	买盘
14:07:06	13.89	--	75	104175	买盘
14:07:03	13.89	--	2	2778	买盘
14:07:00	13.89	--	57	79173	买盘
14:06:51	13.89	0.01	69	95841	买盘
14:06:45	13.88	--	92	127696	卖盘
14:06:30	13.88	-0.01	104	144352	卖盘
14:06:27	13.89	0.01	1	1389	买盘
14:06:06	13.88	--	39	54132	买盘
14:05:54	13.88	--	75	104100	买盘
14:05:51	13.88	-0.01	344	477472	卖盘
14:05:42	13.89	0.01	30	41670	买盘
14:05:39	13.88	-0.01	5	6940	卖盘
14:05:36	13.89	0.01	103	143067	买盘
14:05:33	13.88	-0.01	53	73564	卖盘
14:05:24	13.89	0.01	30	41670	买盘
14:05:15	13.88	-0.01	5	6940	卖盘
14:05:09	13.89	0.01	9	12501	买盘
14:04:57	13.88	-0.01	13	18044	卖盘
14:04:54	13.89	0.01	167	231963	买盘
14:04:51	13.88	-0.01	23	31924	卖盘
14:04:48	13.89	--	20	27780	买盘
14:04:45	13.89	--	20	27780	买盘
14:04:42	13.89	--	20	27780	买盘
14:04:39	13.89	0.01	50	69450	买盘
14:04:36	13.88	-0.01	13	18044	卖盘
14:04:33	13.89	0.01	50	69450	买盘
14:04:27	13.88	--	1	1388	卖盘
14:04:18	13.88	--	15	20820	卖盘
14:04:15	13.88	--	8	11104	卖盘
14:04:12	13.88	--	462	641256	卖盘
14:04:09	13.88	--	129	179052	卖盘
14:04:06	13.88	--	3	4164	卖盘
14:04:00	13.88	--	1	1388	卖盘
14:03:57	13.88	--	30	41640	卖盘
14:03:48	13.88	--	22	30536	卖盘
14:03:45	13.88	--	20	27760	卖盘
14:03:42	13.88	0.01	49	68012	买盘
14:03:36	13.87	--	107	148409	卖盘
14:03:33	13.87	-0.01	2	2774	卖盘
14:03:30	13.88	--	136	188768	买盘
14:03:24	13.88	--	20	27760	买盘
14:03:21	13.88	0.01	16	22208	买盘
14:03:18	13.87	-0.01	19	26353	卖盘
14:03:15	13.88	--	11	15268	买盘
14:03:09	13.88	0.01	19	26372	中性盘
14:02:45	13.87	--	4	5548	卖盘
14:02:39	13.87	--	10	13870	卖盘
14:02:36	13.87	-0.01	20	27740	卖盘
14:02:33	13.88	--	9	12492	买盘
14:02:30	13.88	--	3	4164	买盘
14:02:27	13.88	0.01	65	90220	买盘
14:02:21	13.87	--	115	159505	卖盘
14:02:18	13.87	-0.01	8	11096	卖盘
14:02:15	13.88	0.01	50	69400	买盘
14:02:09	13.87	-0.01	30	41610	卖盘
14:01:51	13.88	--	20	27760	买盘
14:01:48	13.88	--	30	41640	买盘
14:01:45	13.88	--	10	13880	买盘
14:01:39	13.88	-0.01	25	34700	中性盘
14:01:33	13.89	0.01	25	34725	买盘
14:01:30	13.88	--	8	11798	卖盘
14:01:27	13.88	--	7	9716	卖盘
14:01:21	13.88	--	500	694000	卖盘
14:01:15	13.88	-0.01	8	11104	卖盘
14:01:12	13.89	--	30	41670	买盘
14:01:09	13.89	0.01	61	84729	买盘
14:01:03	13.88	--	40	55520	卖盘
14:00:54	13.88	--	4	5552	卖盘
14:00:51	13.88	-0.01	118	163784	卖盘
14:00:45	13.89	0.01	33	45837	买盘
14:00:33	13.88	-0.01	2	2776	卖盘
14:00:30	13.89	0.01	54	75006	买盘
14:00:27	13.88	--	20	27760	卖盘
14:00:18	13.88	--	9	12492	卖盘
14:00:15	13.88	--	20	27760	卖盘
14:00:12	13.88	--	15	20820	卖盘
13:59:45	13.88	--	5	6940	卖盘
13:59:42	13.88	--	16	22208	卖盘
13:59:33	13.88	--	15	20820	卖盘
13:59:30	13.88	--	11	15268	卖盘
13:59:27	13.88	--	3	4164	卖盘
13:59:18	13.88	--	22	30536	卖盘
13:59:15	13.88	--	5	6940	卖盘
13:59:12	13.88	--	10	13880	卖盘
13:59:06	13.88	--	70	97160	卖盘
13:59:03	13.88	-0.01	2	2776	卖盘
13:59:00	13.89	0.01	21	29169	买盘
13:58:57	13.88	--	10	13880	卖盘
13:58:54	13.88	--	72	99936	卖盘
13:58:48	13.88	0.01	61	85362	买盘
13:58:45	13.87	--	34	47158	卖盘
13:58:42	13.87	--	28	38836	卖盘
13:58:39	13.87	-0.01	5	6935	卖盘
13:58:33	13.88	0.01	12	16656	买盘
13:58:15	13.87	-0.01	2	2774	卖盘
13:58:12	13.88	--	5	6940	买盘
13:58:09	13.88	--	24	33312	卖盘
13:57:45	13.88	--	7	9716	卖盘
13:57:36	13.88	--	20	27760	卖盘
13:57:30	13.88	--	7	9716	卖盘
13:57:24	13.88	--	4	5552	买盘
13:57:15	13.88	--	16	22208	买盘
13:57:09	13.88	--	34	47192	卖盘
13:57:06	13.88	--	25	34700	卖盘
13:57:00	13.88	--	9	12492	卖盘
13:56:57	13.88	--	15	20820	卖盘
13:56:51	13.88	--	12	16656	卖盘
13:56:42	13.88	--	1	1388	卖盘
13:56:33	13.88	-0.01	58	80504	卖盘
13:56:21	13.89	0.02	8	11112	买盘
13:56:18	13.87	-0.02	20	27740	卖盘
13:56:12	13.89	0.02	262	363918	买盘
13:56:09	13.87	-0.01	4	5548	卖盘
13:55:57	13.88	--	10	13880	买盘
13:55:51	13.88	--	10	13880	买盘
13:55:48	13.88	--	10	13880	买盘
13:55:42	13.88	-0.01	21	29272	卖盘
13:55:33	13.89	0.01	2	2778	买盘
13:55:30	13.88	--	9	12492	卖盘
13:55:24	13.88	--	14	19432	卖盘
13:55:18	13.88	--	163	226244	卖盘
13:55:09	13.88	--	5	6940	卖盘
13:55:03	13.88	-0.01	2	2776	卖盘
13:55:00	13.89	--	50	69450	买盘
13:54:51	13.89	--	50	69450	买盘
13:54:33	13.89	--	39	54171	卖盘
13:54:30	13.89	--	20	27780	卖盘
13:54:27	13.89	--	67	93063	卖盘
13:54:24	13.89	--	3	4167	卖盘
13:54:21	13.89	--	10	13890	卖盘
13:54:18	13.89	--	10	13890	卖盘
13:54:12	13.89	--	10	13890	卖盘
13:54:06	13.89	--	15	20835	卖盘
13:54:03	13.89	--	4	5556	卖盘
13:54:00	13.89	--	34	47226	买盘
13:53:57	13.89	--	6	8334	买盘
13:53:45	13.89	--	50	69450	买盘
13:53:39	13.89	0.01	50	69450	买盘
13:53:30	13.88	--	4	5552	卖盘
13:53:27	13.88	--	2	2776	卖盘
13:53:24	13.88	-0.01	8	11104	卖盘
13:53:21	13.89	0.01	8	11112	买盘
13:53:18	13.88	--	20	27760	卖盘
13:53:06	13.88	--	15	20820	卖盘
13:53:03	13.88	--	32	44416	卖盘
13:53:00	13.88	--	15	20820	卖盘
13:52:57	13.88	--	50	69400	卖盘
13:52:54	13.88	--	13	18044	卖盘
13:52:51	13.88	--	8	11104	卖盘
13:52:39	13.88	--	5	6940	卖盘
13:52:24	13.88	--	106	147128	卖盘
13:52:21	13.88	--	12	16656	卖盘
13:52:15	13.88	-0.01	9	12492	卖盘
13:52:12	13.89	0.01	50	69450	买盘
13:52:09	13.88	--	200	277600	卖盘
13:52:06	13.88	--	50	69400	卖盘
13:52:03	13.88	--	115	159620	卖盘
13:51:48	13.88	--	8	11104	卖盘
13:51:45	13.88	--	17	23596	卖盘
13:51:42	13.88	--	11	15268	卖盘
13:51:39	13.88	--	3	4164	卖盘
13:51:33	13.88	-0.01	14	19432	卖盘
13:51:30	13.89	0.01	40	55560	中性盘
13:51:24	13.88	--	6	8328	卖盘
13:51:18	13.88	-0.01	52	72176	卖盘
13:51:12	13.89	0.01	15	20835	买盘
13:51:09	13.88	--	10	13880	卖盘
13:51:03	13.88	-0.01	646	897911	卖盘
13:50:51	13.89	--	20	27780	买盘
13:50:45	13.89	--	29	40281	卖盘
13:50:39	13.89	--	7	9723	买盘
13:50:36	13.89	--	15	20835	卖盘
13:50:33	13.89	--	3	4167	卖盘
13:50:24	13.89	-0.01	50	69450	卖盘
13:50:21	13.9	0.01	21	29190	买盘
13:50:12	13.89	-0.01	12	16668	卖盘
13:50:06	13.9	--	15	20850	买盘
13:49:57	13.9	0.01	10	13900	买盘
13:49:51	13.89	-0.01	12	16668	卖盘
13:49:45	13.9	--	4	5560	买盘
13:49:36	13.9	0.01	77	107030	买盘
13:49:30	13.89	--	242	336138	卖盘
13:49:18	13.89	-0.01	1	1389	卖盘
13:49:12	13.9	0.01	3	4170	买盘
13:48:54	13.89	--	10	13890	卖盘
13:48:48	13.89	--	10	13890	卖盘
13:48:45	13.89	0.01	54	75006	买盘
13:48:42	13.88	-0.01	10	13880	卖盘
13:48:33	13.89	--	24	33336	买盘
13:48:30	13.89	0.01	2	2778	买盘
13:48:18	13.88	-0.01	8	11104	卖盘
13:48:12	13.89	--	19	26391	买盘
13:48:03	13.89	--	27	37503	买盘
13:47:57	13.89	--	5	6945	卖盘
13:47:54	13.89	--	26	36114	卖盘
13:47:51	13.89	-0.01	160	222240	卖盘
13:47:45	13.9	0.01	10	13900	买盘
13:47:39	13.89	-0.01	4	5556	卖盘
13:47:30	13.9	0.01	3	4170	买盘
13:47:27	13.89	-0.01	22	30558	卖盘
13:47:18	13.9	--	46	63940	买盘
13:47:12	13.9	0.01	30	41700	买盘
13:47:09	13.89	-0.01	331	459759	卖盘
13:46:54	13.9	0.01	211	293290	买盘
13:46:48	13.89	--	10	13890	卖盘
13:46:45	13.89	-0.01	1	1389	卖盘
13:46:42	13.9	--	5	6950	买盘
13:46:39	13.9	--	5	6950	买盘
13:46:36	13.9	0.01	104	144560	买盘
13:46:30	13.89	-0.01	9	12501	卖盘
13:46:27	13.9	--	138	191820	卖盘
13:46:24	13.9	--	3	4170	卖盘
13:46:21	13.9	--	3	4170	卖盘
13:46:18	13.9	--	66	91740	买盘
13:46:12	13.9	--	37	51430	卖盘
13:46:06	13.9	--	98	136220	卖盘
13:45:57	13.9	--	20	27800	卖盘
13:45:54	13.9	--	20	27800	卖盘
13:45:51	13.9	0.01	22	30580	买盘
13:45:48	13.89	-0.01	54	75006	卖盘
13:45:45	13.9	0.01	5	6950	买盘
13:45:36	13.89	--	10	13890	卖盘
13:45:30	13.89	-0.01	103	143067	卖盘
13:45:24	13.9	--	53	73670	买盘
13:45:18	13.9	--	4	5560	买盘
13:45:06	13.9	-0.01	167	232130	卖盘
13:44:39	13.91	0.02	21	29211	买盘
13:44:30	13.89	-0.02	400	555600	卖盘
13:44:27	13.91	0.01	22	30602	买盘
13:44:21	13.9	--	7	9730	买盘
13:44:12	13.9	0.01	76	105640	买盘
13:44:09	13.89	--	2	2778	卖盘
13:44:06	13.89	--	8	11112	卖盘
13:44:03	13.89	--	18	25002	卖盘
13:44:00	13.89	--	47	65283	买盘
13:43:57	13.89	--	104	144456	买盘
13:43:54	13.89	0.01	3	4167	买盘
13:43:45	13.88	-0.01	40	55520	卖盘
13:43:42	13.89	--	40	55560	买盘
13:43:39	13.89	--	40	55560	买盘
13:43:30	13.89	--	175	243075	卖盘
13:43:24	13.89	-0.01	10	13890	卖盘
13:43:18	13.9	0.01	10	13900	买盘
13:43:15	13.89	--	7	9723	卖盘
13:43:12	13.89	-0.01	4	5556	卖盘
13:42:57	13.9	--	5	6950	买盘
13:42:51	13.9	--	30	41700	买盘
13:42:45	13.9	--	6	8340	买盘
13:42:42	13.9	--	19	26410	卖盘
13:42:39	13.9	--	53	73670	卖盘
13:42:30	13.9	--	21	29190	卖盘
13:42:27	13.9	--	17	23630	买盘
13:42:21	13.9	0.01	10	13900	买盘
13:42:15	13.89	-0.01	21	29169	卖盘
13:42:09	13.9	--	50	69500	买盘
13:41:57	13.9	--	10	13900	卖盘
13:41:42	13.9	0.01	351	487890	买盘
13:41:39	13.89	--	5	6945	卖盘
13:41:33	13.89	--	12	16668	卖盘
13:41:27	13.89	0.01	103	143067	买盘
13:41:24	13.88	-0.01	2	2776	卖盘
13:41:21	13.89	--	46	63894	买盘
13:41:18	13.89	0.01	78	108342	买盘
13:41:12	13.88	-0.01	3	4164	卖盘
13:41:09	13.89	0.01	12	16668	买盘
13:41:00	13.88	-0.01	22	30536	卖盘
13:40:48	13.89	--	100	138900	买盘
13:40:45	13.89	--	110	152790	买盘
13:40:42	13.89	0.01	1	1389	买盘
13:40:39	13.88	--	12	16656	卖盘
13:40:33	13.88	--	3	4164	卖盘
13:40:30	13.88	-0.01	2066	2867608	卖盘
13:40:18	13.89	0.01	10	13890	买盘
13:40:12	13.88	--	78	108264	卖盘
13:40:09	13.88	--	12	16656	卖盘
13:40:03	13.88	--	34	47192	卖盘
13:40:00	13.88	--	7	9716	卖盘
13:39:51	13.88	--	1	1388	卖盘
13:39:39	13.88	--	1	1388	卖盘
13:39:36	13.88	--	21	29148	买盘
13:39:27	13.88	--	7	9716	买盘
13:39:24	13.88	0.01	2	2776	买盘
13:39:15	13.87	-0.01	163	226081	卖盘
13:39:12	13.88	--	23	31924	卖盘
13:39:09	13.88	--	100	138800	卖盘
13:39:06	13.88	--	2	2776	卖盘
13:39:00	13.88	-0.01	52	72176	卖盘
13:38:54	13.89	0.01	1	1389	中性盘
13:38:45	13.88	-0.01	95	131860	卖盘
13:38:42	13.89	-0.01	3	4167	卖盘
13:38:36	13.9	0.01	3	4183	买盘
13:38:33	13.89	--	16	22224	买盘
13:38:27	13.89	0.01	10	13890	买盘
13:38:21	13.88	-0.01	3	4164	卖盘
13:38:15	13.89	-0.01	15	22210	卖盘
13:38:06	13.9	--	50	69500	买盘
13:38:03	13.9	0.01	22	30580	买盘
13:37:54	13.89	--	24	33336	卖盘
13:37:51	13.89	--	20	27780	卖盘
13:37:48	13.89	--	7	9723	卖盘
13:37:45	13.89	--	98	136122	卖盘
13:37:42	13.89	--	9	12501	卖盘
13:37:39	13.89	-0.01	16	22224	卖盘
13:37:21	13.9	0.01	3	4170	买盘
13:37:18	13.89	--	3	4167	卖盘
13:37:12	13.89	-0.01	38	52782	卖盘
13:37:06	13.9	0.01	51	70890	买盘
13:37:03	13.89	-0.01	2	2778	卖盘
13:36:57	13.9	--	20	27800	买盘
13:36:51	13.9	--	3	4170	卖盘
13:36:45	13.9	--	8	11120	卖盘
13:36:42	13.9	--	5	6950	卖盘
13:36:39	13.9	--	12	16680	卖盘
13:36:36	13.9	--	15	20850	卖盘
13:36:33	13.9	--	1	1390	卖盘
13:36:30	13.9	--	196	272440	卖盘
13:36:21	13.9	-0.01	3	4170	卖盘
13:36:12	13.91	--	30	41730	卖盘
13:36:09	13.91	--	2	2782	卖盘
13:36:06	13.91	--	3	4173	卖盘
13:36:00	13.91	--	65	90415	买盘
13:35:57	13.91	--	1	1391	买盘
13:35:36	13.91	--	130	180830	卖盘
13:35:33	13.91	--	16	22256	卖盘
13:35:30	13.91	--	12	16692	卖盘
13:35:27	13.91	-0.01	7	9737	卖盘
13:35:24	13.92	--	4	5568	买盘
13:35:18	13.92	0.01	10	13920	买盘
13:35:09	13.91	--	16	22256	卖盘
13:35:06	13.91	-0.01	10	13910	卖盘
13:34:51	13.92	0.01	4	5568	买盘
13:34:48	13.91	--	2	2782	卖盘
13:34:33	13.91	--	5	6955	卖盘
13:34:24	13.91	--	47	65377	买盘
13:34:21	13.91	--	26	36166	买盘
13:34:15	13.91	--	10	13910	买盘
13:34:12	13.91	--	6	8346	买盘
13:34:09	13.91	--	2	2782	买盘
13:34:03	13.91	--	24	33384	买盘
13:34:00	13.91	0.01	20	27820	买盘
13:33:51	13.9	-0.01	51	70890	卖盘
13:33:48	13.91	--	10	13910	买盘
13:33:45	13.91	0.01	18	25038	买盘
13:33:30	13.9	-0.01	5	6950	卖盘
13:33:27	13.91	--	1	1391	买盘
13:33:24	13.91	0.01	37	51467	买盘
13:33:21	13.9	-0.01	14	19460	卖盘
13:33:18	13.91	0.01	1	1391	买盘
13:33:15	13.9	--	5	6950	卖盘
13:33:06	13.9	--	4	5560	卖盘
13:33:03	13.9	--	3	4170	卖盘
13:32:51	13.9	--	17	23630	卖盘
13:32:48	13.9	-0.01	54	75060	卖盘
13:32:45	13.91	--	10	13910	中性盘
13:32:33	13.91	--	4	5564	卖盘
13:32:30	13.91	0.01	56	77896	买盘
13:32:27	13.9	-0.01	50	69500	卖盘
13:32:24	13.91	0.01	88	122408	买盘
13:32:21	13.9	-0.01	5	6950	卖盘
13:32:12	13.91	--	4	5564	买盘
13:32:09	13.91	--	1	1391	买盘
13:32:03	13.91	--	19	26429	买盘
13:31:51	13.91	--	6	8346	买盘
13:31:48	13.91	--	55	76505	卖盘
13:31:45	13.91	--	5	6955	卖盘
13:31:42	13.91	--	15	20865	卖盘
13:31:39	13.91	0.01	100	139100	买盘
13:31:36	13.9	-0.01	10	13900	卖盘
13:31:27	13.91	0.01	15	20865	买盘
13:31:24	13.9	--	2	2780	卖盘
13:30:45	13.9	-0.01	9	12510	卖盘
13:30:39	13.91	--	14	19474	买盘
13:30:36	13.91	0.01	20	27820	买盘
13:30:30	13.9	--	68	94520	卖盘
13:30:21	13.9	0.01	7	9730	中性盘
13:30:03	13.89	-0.01	31	43059	卖盘
13:30:00	13.9	0.01	2	2793	买盘
13:29:57	13.89	--	65	90285	买盘
13:29:54	13.89	--	35	48615	买盘
13:29:51	13.89	-0.01	40	55560	卖盘
13:29:45	13.9	--	40	55600	买盘
13:29:42	13.9	--	9	13886	卖盘
13:29:39	13.9	--	2	2780	卖盘
13:29:36	13.9	--	34	47260	卖盘
13:29:33	13.9	--	53	73683	买盘
13:29:27	13.9	0.01	100	139000	买盘
13:29:24	13.89	--	10	13890	卖盘
13:29:15	13.89	--	26	36114	卖盘
13:29:09	13.89	--	7	9723	卖盘
13:29:06	13.89	--	15	20835	卖盘
13:29:00	13.89	--	10	13890	卖盘
13:28:51	13.89	-0.01	60	83340	卖盘
13:28:45	13.9	0.01	2	2780	买盘
13:28:39	13.89	--	2	2778	卖盘
13:28:33	13.89	--	5	6945	卖盘
13:28:30	13.89	0.01	191	265299	买盘
13:28:24	13.88	-0.01	5	6940	卖盘
13:28:18	13.89	0.01	10	13890	买盘
13:28:15	13.88	--	57	79116	卖盘
13:28:06	13.88	-0.01	16	22208	卖盘
13:28:03	13.89	0.01	2	2778	买盘
13:27:57	13.88	--	12	16656	卖盘
13:27:54	13.88	-0.01	31	43028	卖盘
13:27:48	13.89	-0.01	39	54171	卖盘
13:27:45	13.9	0.01	75	104250	买盘
13:27:30	13.89	-0.01	24	33336	卖盘
13:27:21	13.9	--	10	13900	买盘
13:27:18	13.9	0.01	359	499010	买盘
13:27:15	13.89	-0.01	9	12501	卖盘
13:27:09	13.9	--	20	27800	买盘
13:26:57	13.9	--	22	30580	买盘
13:26:54	13.9	0.01	35	48650	买盘
13:26:48	13.89	-0.01	9	12501	卖盘
13:26:45	13.9	--	10	13900	买盘
13:26:39	13.9	--	15	20850	买盘
13:26:36	13.9	0.02	10	13900	买盘
13:26:33	13.88	-0.01	30	41640	卖盘
13:26:30	13.89	--	3	4167	卖盘
13:26:27	13.89	--	52	72228	买盘
13:26:24	13.89	--	10	13890	买盘
13:26:18	13.89	--	77	106953	买盘
13:26:12	13.89	0.01	10	13890	买盘
13:26:09	13.88	-0.01	2	2776	卖盘
13:26:03	13.89	0.01	32	44448	买盘
13:26:00	13.88	-0.01	1	1388	卖盘
13:25:54	13.89	0.01	60	83340	买盘
13:25:48	13.88	-0.01	1	1388	卖盘
13:25:42	13.89	--	161	223629	卖盘
13:25:39	13.89	--	20	27780	卖盘
13:25:36	13.89	--	17	23613	卖盘
13:25:33	13.89	--	134	186126	卖盘
13:25:18	13.89	-0.01	102	141678	卖盘
13:25:12	13.9	--	0	1376	卖盘
13:25:09	13.9	--	500	695000	卖盘
13:25:06	13.9	-0.01	50	69500	卖盘
13:24:54	13.91	0.01	105	146055	中性盘
13:24:45	13.9	-0.01	290	403100	卖盘
13:24:36	13.91	--	36	50089	买盘
13:24:33	13.91	0.01	18	25038	买盘
13:24:24	13.9	-0.01	407	565730	卖盘
13:24:21	13.91	--	3	4173	买盘
13:24:12	13.91	--	13	18083	买盘
13:23:48	13.91	--	63	89010	卖盘
13:23:45	13.91	--	40	55640	卖盘
13:23:39	13.91	-0.01	10	13910	卖盘
13:23:36	13.92	0.01	1	1392	买盘
13:23:33	13.91	--	30	41730	卖盘
13:23:30	13.91	--	1	1391	卖盘
13:23:27	13.91	--	2	2782	卖盘
13:23:24	13.91	--	2	2782	卖盘
13:23:21	13.91	--	100	139100	卖盘
13:23:15	13.91	--	8	11128	卖盘
13:23:12	13.91	--	35	48685	卖盘
13:23:09	13.91	--	25	34775	卖盘
13:23:06	13.91	--	4	5564	卖盘
13:23:03	13.91	--	9	12519	卖盘
13:23:00	13.91	--	30	41743	卖盘
13:22:54	13.91	--	55	76505	卖盘
13:22:51	13.91	-0.01	6	8346	卖盘
13:22:48	13.92	--	3	4176	买盘
13:22:45	13.92	0.01	82	114144	买盘
13:22:42	13.91	--	6	8346	卖盘
13:22:39	13.91	--	8	11128	卖盘
13:22:36	13.91	-0.01	5	6955	卖盘
13:22:30	13.92	0.01	28	38976	买盘
13:22:27	13.91	--	12	16692	卖盘
13:22:21	13.91	--	10	13910	卖盘
13:22:18	13.91	-0.01	6	8346	卖盘
13:22:12	13.92	0.01	23	32016	买盘
13:22:09	13.91	-0.01	15	20865	卖盘
13:22:06	13.92	0.01	49	68208	买盘
13:21:51	13.91	-0.01	17	23647	卖盘
13:21:48	13.92	0.01	35	48720	买盘
13:21:45	13.91	-0.01	334	464594	卖盘
13:21:39	13.92	0.01	14	19488	买盘
13:21:30	13.91	-0.01	17	23647	卖盘
13:21:15	13.92	--	47	65424	卖盘
13:21:09	13.92	-0.01	84	116928	卖盘
13:21:03	13.93	--	15	20895	买盘
13:21:00	13.93	--	50	69650	买盘
13:20:54	13.93	0.01	18	25074	买盘
13:20:48	13.92	-0.01	8	11136	卖盘
13:20:42	13.93	-0.01	25	34825	卖盘
13:20:39	13.94	--	12	16728	买盘
13:20:36	13.94	0.01	4	5576	买盘
13:20:30	13.93	--	5	6965	卖盘
13:20:15	13.93	-0.01	10	13930	卖盘
13:20:00	13.94	--	10	13940	买盘
13:19:57	13.94	--	10	13940	买盘
13:19:51	13.94	--	5	6970	买盘
13:19:45	13.94	--	17	23698	买盘
13:19:42	13.94	0.02	154	214676	买盘
13:19:39	13.92	-0.01	444	618048	卖盘
13:19:33	13.93	--	48	66864	卖盘
13:19:27	13.93	--	21	29253	卖盘
13:19:18	13.93	0.01	86	119798	买盘
13:19:15	13.92	--	16	22272	卖盘
13:19:12	13.92	--	3	4176	卖盘
13:19:06	13.92	--	5	6960	卖盘
13:18:57	13.92	-0.01	2	2784	卖盘
13:18:48	13.93	0.01	1	1393	买盘
13:18:45	13.92	--	20	27840	卖盘
13:18:36	13.92	-0.01	65	90480	卖盘
13:18:33	13.93	--	15	20895	买盘
13:18:30	13.93	0.01	2	2786	买盘
13:18:27	13.92	-0.01	11	15312	卖盘
13:18:15	13.93	--	90	125370	买盘
13:18:09	13.93	--	15	20895	买盘
13:18:06	13.93	0.01	2	2786	买盘
13:18:03	13.92	--	1	1392	卖盘
13:17:57	13.92	-0.01	2	2784	卖盘
13:17:54	13.93	--	107	149051	买盘
13:17:48	13.93	0.01	47	65471	买盘
13:17:45	13.92	--	2	2784	卖盘
13:17:42	13.92	-0.01	50	69600	卖盘
13:17:30	13.93	0.01	10	13930	买盘
13:17:27	13.92	--	90	125280	卖盘
13:17:24	13.92	-0.01	6	8352	卖盘
13:17:21	13.93	0.01	3	4179	买盘
13:17:18	13.92	-0.01	16	22272	卖盘
13:17:15	13.93	0.01	10	13930	买盘
13:17:00	13.92	--	5	6960	卖盘
13:16:51	13.92	--	8	11136	卖盘
13:16:48	13.92	-0.01	22	30624	卖盘
13:16:45	13.93	--	57	79401	买盘
13:16:42	13.93	0.01	5	6965	买盘
13:16:39	13.92	-0.01	10	13920	卖盘
13:16:36	13.93	0.01	29	40397	买盘
13:16:33	13.92	--	2	2784	卖盘
13:16:30	13.92	0.01	39	54288	买盘
13:16:27	13.91	-0.01	30	41730	卖盘
13:16:18	13.92	--	10	13920	买盘
13:16:15	13.92	--	114	158688	卖盘
13:16:12	13.92	--	4	5568	卖盘
13:16:06	13.92	--	20	27840	卖盘
13:16:00	13.92	--	12	16704	卖盘
13:15:54	13.92	--	41	57072	卖盘
13:15:42	13.92	--	6	8352	卖盘
13:15:39	13.92	-0.01	28	38976	卖盘
13:15:36	13.93	--	3	4179	买盘
13:15:30	13.93	0.01	15	20895	买盘
13:15:27	13.92	-0.01	40	55680	卖盘
13:15:21	13.93	--	9	12537	买盘
13:15:18	13.93	--	2	2786	买盘
13:15:09	13.93	0.01	6	8358	买盘
13:15:03	13.92	--	11	15312	卖盘
13:15:00	13.92	--	7	9744	卖盘
13:14:57	13.92	--	3	4176	卖盘
13:14:54	13.92	-0.01	72	100224	卖盘
13:14:48	13.93	--	191	266063	卖盘
13:14:42	13.93	-0.01	21	29253	卖盘
13:14:39	13.94	0.01	15	20910	买盘
13:14:36	13.93	--	1	1393	卖盘
13:14:30	13.93	--	5	6965	卖盘
13:14:27	13.93	-0.01	1	1393	卖盘
13:14:24	13.94	0.01	9	12546	买盘
13:14:21	13.93	-0.01	8	11144	卖盘
13:14:18	13.94	--	3	4182	买盘
13:14:12	13.94	--	2	2788	买盘
13:14:06	13.94	--	57	79458	买盘
13:14:00	13.94	--	91	126854	卖盘
13:13:57	13.94	--	10	13940	卖盘
13:13:51	13.94	--	10	13940	卖盘
13:13:48	13.94	--	2	2788	卖盘
13:13:45	13.94	--	1	1394	卖盘
13:13:36	13.94	--	5	6970	卖盘
13:13:33	13.94	--	24	33456	卖盘
13:13:30	13.94	--	506	705364	卖盘
13:13:24	13.94	--	41	57154	卖盘
13:13:21	13.94	--	20	27880	卖盘
13:13:15	13.94	--	15	20910	卖盘
13:13:12	13.94	--	6	8364	卖盘
13:13:09	13.94	--	42	58548	卖盘
13:13:06	13.94	--	40	55760	卖盘
13:13:00	13.94	--	11	15334	卖盘
13:12:57	13.94	-0.01	7	9758	卖盘
13:12:54	13.95	--	10	13950	买盘
13:12:51	13.95	--	100	139500	买盘
13:12:39	13.95	--	6	8370	买盘
13:12:36	13.95	--	68	94860	卖盘
13:12:30	13.95	--	49	68355	卖盘
13:12:15	13.95	-0.01	2	2790	卖盘
13:12:12	13.96	--	31	43276	买盘
13:12:06	13.96	-0.01	100	139600	卖盘
13:11:57	13.97	--	15	20955	卖盘
13:11:54	13.97	--	12	16764	卖盘
13:11:51	13.97	--	60	83820	卖盘
13:11:48	13.97	--	5	6985	卖盘
13:11:45	13.97	0.01	408	569976	买盘
13:11:42	13.96	-0.01	65	90740	卖盘
13:11:39	13.97	0.01	5	6985	买盘
13:11:33	13.96	-0.01	3	4188	卖盘
13:11:30	13.97	0.01	6	8382	买盘
13:11:27	13.96	-0.01	80	111680	卖盘
13:11:21	13.97	--	101	141097	买盘
13:11:18	13.97	-0.01	52	72644	卖盘
13:11:15	13.98	0.01	52	72696	买盘
13:11:12	13.97	-0.01	50	69850	卖盘
13:11:09	13.98	0.01	10	13980	买盘
13:11:03	13.97	--	7	9779	卖盘
13:11:00	13.97	--	27	37719	卖盘
13:10:57	13.97	--	20	27940	卖盘
13:10:48	13.97	--	64	89408	买盘
13:10:45	13.97	--	17	23749	买盘
13:10:42	13.97	--	82	114554	买盘
13:10:36	13.97	--	20	27940	买盘
13:10:33	13.97	--	24	33528	买盘
13:10:30	13.97	--	5	6985	买盘
13:10:27	13.97	0.01	9	12573	买盘
13:10:21	13.96	--	5	6980	卖盘
13:10:12	13.96	--	192	268032	买盘
13:10:09	13.96	--	35	48860	买盘
13:10:03	13.96	0.01	18	25128	买盘
13:10:00	13.95	-0.01	51	71145	卖盘
13:09:57	13.96	--	5	6980	买盘
13:09:51	13.96	--	10	13960	买盘
13:09:48	13.96	0.01	55	76780	买盘
13:09:45	13.95	--	20	27900	卖盘
13:09:42	13.95	-0.01	20	27900	卖盘
13:09:39	13.96	0.01	20	27920	买盘
13:09:36	13.95	-0.01	6	8370	卖盘
13:09:33	13.96	--	1	1396	买盘
13:09:30	13.96	0.01	58	80968	买盘
13:09:27	13.95	--	19	26505	卖盘
13:09:21	13.95	0.01	248	347173	买盘
13:09:18	13.94	--	146	203705	卖盘
13:09:12	13.94	--	14	19516	卖盘
13:09:03	13.94	--	486	678696	买盘
13:09:00	13.94	0.01	22	30668	买盘
13:08:57	13.93	--	5	6965	卖盘
13:08:54	13.93	--	7	9751	卖盘
13:08:51	13.93	--	2	2786	卖盘
13:08:48	13.93	--	28	39004	卖盘
13:08:45	13.93	--	88	122584	买盘
13:08:33	13.93	--	10	13930	买盘
13:08:30	13.93	--	185	257705	卖盘
13:08:24	13.93	-0.01	8	11144	卖盘
13:08:15	13.94	--	3	4182	买盘
13:08:12	13.94	--	5	6970	买盘
13:08:00	13.94	--	36	50184	买盘
13:07:57	13.94	--	34	47396	买盘
13:07:54	13.94	--	45	62730	买盘
13:07:51	13.94	--	2	2788	买盘
13:07:42	13.94	--	5	6970	买盘
13:07:39	13.94	0.01	65	90610	买盘
13:07:36	13.93	-0.01	10	13930	卖盘
13:07:33	13.94	0.01	21	29274	买盘
13:07:30	13.93	--	23	32039	卖盘
13:07:24	13.93	-0.01	23	32039	卖盘
13:07:12	13.94	--	10	13940	买盘
13:07:06	13.94	--	32	44608	买盘
13:07:03	13.94	-0.01	8	11152	卖盘
13:07:00	13.95	--	23	32085	买盘
13:06:57	13.95	0.01	11	15345	买盘
13:06:48	13.94	--	3	4182	买盘
13:06:42	13.94	--	3	4182	买盘
13:06:36	13.94	0.02	350	487900	买盘
13:06:33	13.92	-0.01	16	22272	卖盘
13:06:30	13.93	0.01	18	25074	买盘
13:06:24	13.92	--	14	19488	卖盘
13:06:18	13.92	--	48	66816	卖盘
13:06:06	13.92	-0.01	8	11136	卖盘
13:06:03	13.93	--	5	6965	买盘
13:06:00	13.93	0.01	11	15323	买盘
13:05:54	13.92	--	2	2784	卖盘
13:05:45	13.92	--	75	104427	买盘
13:05:42	13.92	--	25	34800	买盘
13:05:39	13.92	--	5	6960	买盘
13:05:24	13.92	--	35	50084	卖盘
13:05:21	13.92	--	10	13920	卖盘
13:05:18	13.92	--	10	13920	卖盘
13:05:15	13.92	--	75	104400	卖盘
13:05:12	13.92	0.01	173	240843	买盘
13:05:00	13.91	--	3	4173	卖盘
13:04:54	13.91	-0.01	22	30602	卖盘
13:04:51	13.92	--	57	80708	卖盘
13:04:45	13.92	--	186	258912	卖盘
13:04:42	13.92	--	6	8352	卖盘
13:04:36	13.92	-0.01	10	13920	卖盘
13:04:27	13.93	--	5	6965	买盘
13:04:24	13.93	0.01	20	27860	买盘
13:04:21	13.92	-0.01	25	34800	卖盘
13:04:18	13.93	--	15	20895	买盘
13:04:15	13.93	0.01	7	9751	买盘
13:04:12	13.92	-0.02	3	4176	卖盘
13:03:57	13.94	0.01	216	301104	买盘
13:03:54	13.93	--	2	2786	买盘
13:03:51	13.93	--	73	101689	卖盘
13:03:48	13.93	-0.01	21	29253	卖盘
13:03:36	13.94	0.01	32	44608	买盘
13:03:33	13.93	-0.01	10	13930	卖盘
13:03:30	13.94	0.01	82	114308	买盘
13:03:24	13.93	--	116	161588	卖盘
13:03:18	13.93	--	2	2786	买盘
13:03:15	13.93	-0.01	38	52934	中性盘
13:03:03	13.94	0.01	150	209100	买盘
13:03:00	13.93	--	403	561379	卖盘
13:02:57	13.93	0.01	565	787045	买盘
13:02:48	13.92	--	5	6960	卖盘
13:02:45	13.92	-0.01	30	41760	卖盘
13:02:42	13.93	0.01	18	25074	买盘
13:02:36	13.92	-0.01	5	6960	卖盘
13:02:30	13.93	0.01	24	33432	买盘
13:02:27	13.92	--	64	89088	卖盘
13:02:18	13.92	--	17	23664	卖盘
13:02:15	13.92	-0.01	10	13920	卖盘
13:02:12	13.93	0.01	9	12537	买盘
13:02:09	13.92	-0.01	44	61248	卖盘
13:02:06	13.93	0.01	112	156016	买盘
13:02:03	13.92	--	10	13920	卖盘
13:01:57	13.92	--	262	364731	买盘
13:01:51	13.92	--	13	18096	买盘
13:01:48	13.92	--	57	79344	买盘
13:01:42	13.92	--	120	167040	买盘
13:01:39	13.92	--	50	69600	买盘
13:01:36	13.92	--	66	91872	买盘
13:01:33	13.92	--	3	4176	买盘
13:01:30	13.92	--	20	27840	买盘
13:01:24	13.92	--	25	34800	买盘
13:01:21	13.92	--	105	146160	买盘
13:01:18	13.92	--	35	48720	买盘
13:01:15	13.92	--	37	51504	买盘
13:01:12	13.92	--	16	22272	买盘
13:01:09	13.92	--	229	318768	买盘
13:01:06	13.92	--	600	835200	买盘
13:01:00	13.92	--	23	32016	买盘
13:00:57	13.92	--	46	64032	买盘
13:00:54	13.92	--	4	5568	买盘
13:00:42	13.92	--	152	211584	买盘
13:00:39	13.92	--	79	109968	买盘
13:00:36	13.92	--	119	165648	买盘
13:00:33	13.92	--	8	11136	买盘
13:00:27	13.92	--	12	16704	买盘
13:00:24	13.92	--	50	69600	买盘
13:00:21	13.92	0.01	20	27840	买盘
13:00:15	13.91	-0.01	3	4173	卖盘
13:00:12	13.92	--	4	5568	买盘
13:00:09	13.92	0.01	326	453792	买盘
13:00:06	13.91	--	11	15301	卖盘
13:00:03	13.91	0.02	2178	3029598	买盘
13:00:00	13.89	--	0	0	买盘
11:30:00	13.89	--	12	16668	买盘
11:29:51	13.89	0.01	22	30558	买盘
11:29:42	13.88	-0.01	45	62460	卖盘
11:29:39	13.89	0.01	10	13890	买盘
11:29:30	13.88	--	21	29148	卖盘
11:29:27	13.88	-0.01	40	55520	卖盘
11:29:24	13.89	--	25	34725	买盘
11:29:21	13.89	0.01	20	27780	买盘
11:29:18	13.88	--	23	31924	卖盘
11:29:06	13.88	--	15	20820	卖盘
11:29:03	13.88	--	141	196749	买盘
11:29:00	13.88	0.01	150	208200	买盘
11:28:57	13.87	--	58	80446	卖盘
11:28:54	13.87	-0.01	60	83220	卖盘
11:28:51	13.88	--	20	27760	买盘
11:28:39	13.88	--	100	138800	买盘
11:28:36	13.88	--	94	130472	买盘
11:28:33	13.88	--	7	9716	买盘
11:28:27	13.88	0.01	50	69400	买盘
11:28:21	13.87	-0.01	1	1387	卖盘
11:28:18	13.88	--	5	6940	买盘
11:28:15	13.88	--	20	27760	买盘
11:28:09	13.88	--	2	2776	买盘
11:28:06	13.88	--	840	1165920	买盘
11:28:00	13.88	0.01	155	215140	买盘
11:27:51	13.87	-0.01	13	18031	卖盘
11:27:48	13.88	0.01	10	13880	买盘
11:27:45	13.87	--	5	6935	卖盘
11:27:42	13.87	--	25	34675	卖盘
11:27:39	13.87	--	50	69350	卖盘
11:27:30	13.87	-0.01	5	6935	卖盘
11:27:27	13.88	0.01	200	277600	买盘
11:27:24	13.87	--	157	217759	买盘
11:27:18	13.87	--	4	5548	买盘
11:27:15	13.87	--	275	381425	卖盘
11:27:12	13.87	--	9	12483	卖盘
11:27:06	13.87	0.01	116	160892	买盘
11:27:00	13.86	--	11	15246	卖盘
11:26:57	13.86	--	8	11088	卖盘
11:26:54	13.86	-0.01	10	13860	卖盘
11:26:45	13.87	--	20	27740	买盘
11:26:36	13.87	--	4	5548	买盘
11:26:30	13.87	--	5	6935	买盘
11:26:21	13.87	--	44	61028	买盘
11:26:15	13.87	0.01	23	31901	买盘
11:26:12	13.86	-0.01	5	6930	卖盘
11:26:00	13.87	--	50	69350	买盘
11:25:57	13.87	--	10	13870	买盘
11:25:51	13.87	--	70	97090	买盘
11:25:42	13.87	--	200	277400	买盘
11:25:33	13.87	--	136	188632	买盘
11:25:30	13.87	0.01	10	13870	买盘
11:25:21	13.86	--	5	6930	卖盘
11:25:06	13.86	-0.01	20	27720	卖盘
11:25:03	13.87	--	6	8322	卖盘
11:25:00	13.87	-0.01	3	4161	卖盘
11:24:57	13.88	0.01	10	13880	买盘
11:24:51	13.87	--	15	20805	卖盘
11:24:48	13.87	-0.01	5	6935	中性盘
11:24:36	13.88	0.01	123	170724	买盘
11:24:27	13.87	0.01	34	47158	买盘
11:24:21	13.86	-0.01	5	6930	卖盘
11:24:15	13.87	0.01	10	13870	买盘
11:23:57	13.86	--	100	138600	卖盘
11:23:42	13.86	--	19	26334	卖盘
11:23:33	13.86	--	1	1386	卖盘
11:23:27	13.86	--	16	22176	卖盘
11:23:21	13.86	--	27	37422	卖盘
11:23:18	13.86	-0.02	11	15246	卖盘
11:23:09	13.88	0.02	5	6940	买盘
11:23:06	13.86	-0.01	2	2772	卖盘
11:23:00	13.87	--	11	15257	买盘
11:22:57	13.87	--	4	5548	买盘
11:22:54	13.87	--	8	11096	买盘
11:22:51	13.87	--	10	13870	买盘
11:22:42	13.87	--	2	2774	中性盘
11:22:27	13.87	--	13	18031	卖盘
11:22:24	13.87	0.01	1	1387	卖盘
11:22:18	13.86	--	20	27720	卖盘
11:22:09	13.86	-0.01	211	292446	卖盘
11:22:06	13.87	--	9	12483	卖盘
11:22:03	13.87	--	109	151183	买盘
11:22:00	13.87	--	11	15257	买盘
11:21:57	13.87	--	20	27740	买盘
11:21:54	13.87	--	5	6935	买盘
11:21:42	13.87	--	5	6935	买盘
11:21:36	13.87	-0.01	14	19418	卖盘
11:21:33	13.88	--	128	177664	买盘
11:21:30	13.88	--	10	13880	买盘
11:21:21	13.88	--	10	13880	买盘
11:21:18	13.88	0.02	28	38864	买盘
11:21:15	13.86	-0.02	2	2772	中性盘
11:21:06	13.88	0.02	158	219304	买盘
11:20:57	13.86	--	62	85932	买盘
11:20:54	13.86	-0.02	241	334026	卖盘
11:20:48	13.88	0.01	21	29148	买盘
11:20:45	13.87	-0.01	17	23579	卖盘
11:20:36	13.88	--	12	16656	买盘
11:20:30	13.88	--	5	6940	买盘
11:20:21	13.88	0.02	48	66624	买盘
11:20:12	13.86	-0.01	104	144144	卖盘
11:20:06	13.87	--	2	2774	卖盘
11:20:03	13.87	0.01	53	73511	买盘
11:19:57	13.86	-0.02	7	9702	卖盘
11:19:42	13.88	0.01	186	258168	买盘
11:19:18	13.87	0.01	81	112347	买盘
11:19:12	13.86	-0.01	4	5544	中性盘
11:18:57	13.87	0.01	31	42997	买盘
11:18:54	13.86	--	22	30492	卖盘
11:18:51	13.86	--	7	9702	卖盘
11:18:42	13.86	--	29	40194	卖盘
11:18:21	13.86	-0.01	10	13860	卖盘
11:18:12	13.87	--	43	59641	买盘
11:18:06	13.87	-0.01	3	4161	卖盘
11:18:03	13.88	0.01	90	124920	买盘
11:17:51	13.87	--	5	6935	卖盘
11:17:48	13.87	--	6	8322	卖盘
11:17:45	13.87	--	8	11096	卖盘
11:17:39	13.87	--	57	79059	卖盘
11:17:36	13.87	--	23	31901	卖盘
11:17:30	13.87	--	20	27740	卖盘
11:17:27	13.87	-0.01	46	63802	卖盘
11:17:24	13.88	--	2	2776	买盘
11:17:21	13.88	0.01	14	19432	买盘
11:17:18	13.87	--	15	20805	卖盘
11:17:12	13.87	-0.01	10	13870	卖盘
11:17:09	13.88	0.01	5	6940	买盘
11:17:03	13.87	--	15	20805	卖盘
11:16:54	13.87	-0.01	6	8322	卖盘
11:16:51	13.88	0.01	38	52744	买盘
11:16:39	13.87	--	9	12483	卖盘
11:16:36	13.87	-0.01	10	13870	卖盘
11:16:33	13.88	0.01	53	73564	买盘
11:16:18	13.87	-0.01	2	2774	卖盘
11:16:15	13.88	0.01	25	34700	买盘
11:15:57	13.87	--	2	2774	卖盘
11:15:54	13.87	--	22	30514	买盘
11:15:48	13.87	--	19	26353	买盘
11:15:42	13.87	--	77	106799	买盘
11:15:36	13.87	--	70	97090	买盘
11:15:33	13.87	0.01	118	163666	买盘
11:15:24	13.86	--	21	29106	卖盘
11:15:12	13.86	--	1	1386	卖盘
11:15:09	13.86	--	87	120582	买盘
11:15:06	13.86	--	26	36036	买盘
11:15:00	13.86	--	87	120582	卖盘
11:14:51	13.86	--	7	9702	卖盘
11:14:45	13.86	--	5	6930	卖盘
11:14:42	13.86	--	4	5544	卖盘
11:14:33	13.86	--	10	13860	卖盘
11:14:27	13.86	--	5	6930	卖盘
11:14:21	13.86	-0.01	1	1386	卖盘
11:14:09	13.87	0.01	10	13870	买盘
11:14:06	13.86	--	1	1386	卖盘
11:13:33	13.86	--	2	2772	卖盘
11:13:12	13.86	-0.01	60	83160	卖盘
11:13:06	13.87	0.01	10	13870	买盘
11:13:00	13.86	--	50	69300	卖盘
11:12:45	13.86	--	1	1386	卖盘
11:12:36	13.86	-0.01	13	18018	中性盘
11:12:21	13.87	0.01	51	70737	买盘
11:12:09	13.86	--	1	1386	卖盘
11:11:57	13.86	--	2	2772	卖盘
11:11:48	13.86	0.01	11	15246	中性盘
11:11:36	13.85	-0.01	147	203595	卖盘
11:11:30	13.86	--	10	13860	卖盘
11:11:27	13.86	--	10	13860	卖盘
11:11:15	13.86	0.01	2	2772	买盘
11:11:12	13.85	--	3	4155	卖盘
11:11:06	13.85	--	30	41550	卖盘
11:11:03	13.85	--	22	30470	卖盘
11:11:00	13.85	--	4	5540	卖盘
11:10:57	13.85	0.01	46	63710	中性盘
11:10:54	13.84	--	7	9688	卖盘
11:10:48	13.84	--	4	5536	买盘
11:10:42	13.84	--	5	6920	买盘
11:10:39	13.84	0.01	10	13840	买盘
11:10:36	13.83	-0.01	5	6915	卖盘
11:10:33	13.84	--	5	6920	买盘
11:10:27	13.84	-0.03	249	344616	卖盘
11:10:21	13.87	0.02	222	307914	买盘
11:10:12	13.85	--	1	1385	买盘
11:09:51	13.85	0.02	56	77560	买盘
11:09:48	13.83	--	14	19362	卖盘
11:09:45	13.83	--	5	6915	卖盘
11:09:33	13.83	0.01	488	674904	买盘
11:09:30	13.82	--	44	60808	买盘
11:09:21	13.82	0.01	11	15202	中性盘
11:09:15	13.81	--	10	13810	卖盘
11:09:12	13.81	--	5	6905	卖盘
11:09:09	13.81	-0.02	5	6905	卖盘
11:09:06	13.83	0.02	102	141066	买盘
11:09:03	13.81	--	40	55240	卖盘
11:08:48	13.81	0.01	8	11048	卖盘
11:08:42	13.8	--	100	138000	卖盘
11:08:27	13.8	-0.03	505	696900	卖盘
11:08:15	13.83	-0.03	725	1002675	卖盘
11:08:12	13.86	--	15	20790	买盘
11:08:06	13.86	--	3	4158	买盘
11:07:57	13.86	--	3	4158	中性盘
11:07:48	13.86	0.01	10	13860	买盘
11:07:45	13.85	-0.01	103	142655	卖盘
11:07:42	13.86	-0.01	16	22176	中性盘
11:07:39	13.87	0.01	20	27740	买盘
11:07:36	13.86	--	3	4158	买盘
11:07:33	13.86	-0.01	4	5544	中性盘
11:07:27	13.87	0.01	24	33288	买盘
11:07:24	13.86	--	72	99792	买盘
11:07:21	13.86	--	115	159390	卖盘
11:07:18	13.86	--	85	117810	卖盘
11:07:15	13.86	-0.01	16	22176	卖盘
11:07:12	13.87	0.01	6	8322	买盘
11:07:00	13.86	--	69	95634	买盘
11:06:57	13.86	--	7	9702	买盘
11:06:54	13.86	--	40	55440	买盘
11:06:48	13.86	--	216	299376	卖盘
11:06:42	13.86	-0.02	3	4158	卖盘
11:06:39	13.88	0.02	73	101324	买盘
11:06:30	13.86	--	20	27720	卖盘
11:06:09	13.86	-0.01	6	8316	卖盘
11:06:03	13.87	-0.01	1	1387	中性盘
11:05:48	13.88	0.02	80	111040	买盘
11:05:45	13.86	--	10	13860	卖盘
11:05:42	13.86	-0.01	5	6930	卖盘
11:05:36	13.87	0.01	7	9709	买盘
11:05:33	13.86	--	70	97020	卖盘
11:05:27	13.86	--	10	13860	卖盘
11:05:21	13.86	-0.01	4	5544	卖盘
11:05:18	13.87	0.01	15	20805	买盘
11:05:12	13.86	--	5	6930	卖盘
11:05:09	13.86	--	24	33264	卖盘
11:05:06	13.86	0.02	10	13860	买盘
11:04:54	13.84	-0.01	100	138400	卖盘
11:04:48	13.85	--	42	58170	买盘
11:04:36	13.85	--	3	4155	买盘
11:04:33	13.85	-0.03	465	644025	卖盘
11:04:30	13.88	0.01	5	6940	买盘
11:04:24	13.87	--	2	2774	卖盘
11:04:21	13.87	0.01	1	1387	中性盘
11:04:18	13.86	-0.01	485	672210	卖盘
11:04:15	13.87	-0.01	100	138700	卖盘
11:04:03	13.88	--	51	70788	买盘
11:04:00	13.88	--	146	202995	卖盘
11:03:57	13.88	--	150	208200	卖盘
11:03:51	13.88	--	15	20820	卖盘
11:03:48	13.88	-0.01	683	948004	卖盘
11:03:45	13.89	--	3	4167	买盘
11:03:42	13.89	0.01	59	81951	买盘
11:03:36	13.88	-0.01	5	6940	卖盘
11:03:33	13.89	0.01	44	61116	买盘
11:03:27	13.88	-0.01	5	6940	卖盘
11:03:24	13.89	--	7	9723	买盘
11:03:21	13.89	--	34	47226	买盘
11:03:18	13.89	--	23	31947	卖盘
11:03:15	13.89	-0.01	141	195849	卖盘
11:03:12	13.9	--	41	56990	买盘
11:03:09	13.9	--	452	628280	买盘
11:03:06	13.9	--	26	36140	买盘
11:03:03	13.9	--	68	94520	买盘
11:03:00	13.9	--	24	33360	买盘
11:02:57	13.9	--	226	314140	买盘
11:02:51	13.9	--	15	20850	买盘
11:02:39	13.9	--	13	18070	买盘
11:02:33	13.9	--	316	439240	买盘
11:02:30	13.9	--	22	30580	买盘
11:02:27	13.9	0.01	300	417000	买盘
11:02:24	13.89	--	27	37503	买盘
11:02:21	13.89	--	19	26391	买盘
11:02:15	13.89	0.01	152	211128	买盘
11:02:06	13.88	-0.01	10	13880	卖盘
11:02:03	13.89	--	22	30558	买盘
11:02:00	13.89	0.01	175	243075	买盘
11:01:57	13.88	-0.01	52	72176	卖盘
11:01:54	13.89	0.01	60	83340	买盘
11:01:48	13.88	--	56	77728	卖盘
11:01:42	13.88	--	72	99936	卖盘
11:01:39	13.88	--	217	302237	买盘
11:01:36	13.88	--	10	13880	买盘
11:01:30	13.88	--	22	30536	买盘
11:01:27	13.88	--	49	68012	买盘
11:01:24	13.88	--	2	2776	买盘
11:01:18	13.88	--	111	154068	买盘
11:01:15	13.88	0.01	9	12492	买盘
11:01:12	13.87	-0.01	16	22192	卖盘
11:01:06	13.88	0.01	8	11104	买盘
11:00:57	13.87	--	109	151183	买盘
11:00:51	13.87	--	12	16644	买盘
11:00:39	13.87	--	1	1387	买盘
11:00:36	13.87	--	14	19418	买盘
11:00:33	13.87	-0.01	13	18031	卖盘
11:00:30	13.88	--	10	13880	买盘
11:00:27	13.88	--	15	20820	买盘
11:00:24	13.88	--	174	241872	卖盘
11:00:21	13.88	-0.01	129	179052	卖盘
11:00:18	13.89	--	174	241686	买盘
11:00:12	13.89	0.01	10	13890	买盘
11:00:09	13.88	--	4	5552	卖盘
11:00:06	13.88	--	1	1388	卖盘
11:00:03	13.88	--	91	127335	买盘
11:00:00	13.88	0.01	134	185992	买盘
10:59:57	13.87	-0.01	570	790590	卖盘
10:59:54	13.88	--	7	10076	卖盘
10:59:51	13.88	--	80	111040	卖盘
10:59:48	13.88	--	3	4164	卖盘
10:59:45	13.88	--	330	459067	买盘
10:59:39	13.88	--	100	138800	买盘
10:59:30	13.88	--	26	36088	买盘
10:59:27	13.88	--	32	44416	买盘
10:59:24	13.88	--	10	13880	买盘
10:59:21	13.88	--	12	16656	买盘
10:59:15	13.88	--	50	69400	买盘
10:59:12	13.88	--	50	69400	买盘
10:59:09	13.88	0.01	31	43028	买盘
10:59:06	13.87	-0.01	12	16644	卖盘
10:59:03	13.88	--	16	22208	买盘
10:59:00	13.88	--	32	44416	买盘
10:58:57	13.88	--	115	159620	买盘
10:58:54	13.88	--	20	27760	买盘
10:58:51	13.88	--	4	5552	买盘
10:58:48	13.88	--	12	16656	买盘
10:58:45	13.88	--	21	29148	买盘
10:58:42	13.88	--	67	92996	买盘
10:58:39	13.88	--	216	299808	买盘
10:58:36	13.88	0.01	289	401132	买盘
10:58:33	13.87	-0.01	101	140087	卖盘
10:58:30	13.88	--	812	1127056	买盘
10:58:27	13.88	--	102	141576	买盘
10:58:24	13.88	--	304	421952	买盘
10:58:21	13.88	--	112	155456	买盘
10:58:18	13.88	--	1054	1462952	买盘
10:58:15	13.88	--	497	689836	买盘
10:58:12	13.88	0.01	180	249840	买盘
10:58:09	13.87	-0.01	227	314849	卖盘
10:58:06	13.88	--	781	1084028	买盘
10:58:03	13.88	--	197	273436	买盘
10:58:00	13.88	--	713	989644	买盘
10:57:57	13.88	--	299	415012	买盘
10:57:54	13.88	--	586	813368	买盘
10:57:51	13.88	--	1510	2095880	买盘
10:57:48	13.88	--	439	609332	买盘
10:57:45	13.88	--	974	1351912	买盘
10:57:42	13.88	--	64	88832	买盘
10:57:39	13.88	--	457	634316	买盘
10:57:36	13.88	--	13	18044	买盘
10:57:33	13.88	--	136	188768	买盘
10:57:30	13.88	--	105	145740	买盘
10:57:27	13.88	--	239	331732	买盘
10:57:24	13.88	--	58	80504	买盘
10:57:21	13.88	--	38	52744	买盘
10:57:18	13.88	--	239	331732	买盘
10:57:15	13.88	--	431	598228	买盘
10:57:12	13.88	--	4621	6413948	买盘
10:57:09	13.88	0.01	51	70788	买盘
10:57:06	13.87	-0.01	269	373103	卖盘
10:57:03	13.88	--	6	8328	买盘
10:57:00	13.88	--	43	59684	买盘
10:56:57	13.88	0.01	411	570468	买盘
10:56:51	13.87	--	27	37449	卖盘
10:56:48	13.87	-0.01	104	144248	卖盘
10:56:45	13.88	--	199	276212	买盘
10:56:42	13.88	--	2	2776	买盘
10:56:39	13.88	0.01	90	124920	买盘
10:56:36	13.87	-0.01	62	85994	卖盘
10:56:30	13.88	0.01	873	1211724	买盘
10:56:27	13.87	-0.01	117	162279	卖盘
10:56:24	13.88	--	129	179052	买盘
10:56:21	13.88	--	254	352552	买盘
10:56:18	13.88	--	59	81892	买盘
10:56:15	13.88	--	11	15268	买盘
10:56:12	13.88	--	4661	6469468	买盘
10:56:09	13.88	0.01	90	124920	买盘
10:56:06	13.87	--	9	12483	卖盘
10:56:03	13.87	--	3	4161	卖盘
10:55:54	13.87	--	10	13870	卖盘
10:55:51	13.87	0.01	286	396682	买盘
10:55:42	13.86	-0.01	20	27720	卖盘
10:55:30	13.87	--	4	5548	买盘
10:55:24	13.87	--	36	49932	买盘
10:55:09	13.87	0.02	45	62415	买盘
10:55:06	13.85	--	14	19390	卖盘
10:55:03	13.85	-0.01	50	69250	卖盘
10:55:00	13.86	0.01	10	13860	中性盘
10:54:48	13.85	-0.01	53	73405	卖盘
10:54:45	13.86	--	10	13860	买盘
10:54:39	13.86	0.01	9	12474	买盘
10:54:36	13.85	0.02	10	13850	买盘
10:54:33	13.83	-0.02	25	34575	卖盘
10:54:24	13.85	0.02	41	56785	买盘
10:54:15	13.83	--	20	27660	卖盘
10:54:12	13.83	-0.02	4	5532	卖盘
10:54:06	13.85	0.02	60	83100	买盘
10:54:03	13.83	-0.02	3	4149	卖盘
10:54:00	13.85	0.02	22	30470	买盘
10:53:57	13.83	--	41	56703	卖盘
10:53:48	13.83	--	9	12447	卖盘
10:53:45	13.83	--	10	13830	卖盘
10:53:42	13.83	0.01	10	13830	买盘
10:53:39	13.82	--	3	4146	卖盘
10:53:33	13.82	--	7	9674	卖盘
10:53:24	13.82	-0.01	3	4146	卖盘
10:53:21	13.83	0.01	10	13830	买盘
10:53:15	13.82	-0.01	5	6910	卖盘
10:53:12	13.83	0.01	25	34575	买盘
10:53:09	13.82	--	30	41460	卖盘
10:53:00	13.82	--	6	8292	卖盘
10:52:54	13.82	0.02	90	124380	买盘
10:52:42	13.8	-0.02	68	93840	卖盘
10:52:39	13.82	0.02	43	59426	买盘
10:52:30	13.8	-0.01	14	19320	卖盘
10:52:24	13.81	-0.01	9	12429	卖盘
10:52:21	13.82	0.01	27	37314	买盘
10:52:18	13.81	--	25	34525	卖盘
10:52:15	13.81	--	2	2762	卖盘
10:52:09	13.81	--	7	9667	买盘
10:52:06	13.81	--	20	27620	买盘
10:52:03	13.81	-0.01	75	103575	卖盘
10:51:57	13.82	--	51	70482	买盘
10:51:51	13.82	--	10	13820	买盘
10:51:48	13.82	--	20	27640	买盘
10:51:42	13.82	--	8	11056	买盘
10:51:33	13.82	--	5	6910	买盘
10:51:30	13.82	--	21	29022	卖盘
10:51:21	13.82	0.02	10	13820	卖盘
10:51:18	13.8	-0.02	287	396060	卖盘
10:51:15	13.82	--	12	16584	卖盘
10:51:12	13.82	--	119	164458	买盘
10:51:06	13.82	0.01	53	73246	买盘
10:51:03	13.81	--	16	22096	卖盘
10:51:00	13.81	-0.01	24	33144	卖盘
10:50:57	13.82	0.01	4	5528	买盘
10:50:54	13.81	--	13	17953	卖盘
10:50:42	13.81	--	1	1381	买盘
10:50:36	13.81	--	20	27620	买盘
10:50:33	13.81	--	42	58002	卖盘
10:50:24	13.81	--	50	69050	卖盘
10:50:21	13.81	--	8	11048	买盘
10:50:18	13.81	--	10	13810	买盘
10:50:15	13.81	--	32	44192	买盘
10:50:06	13.81	--	65	89765	卖盘
10:50:03	13.81	0.01	37	51097	中性盘
10:49:57	13.8	-0.02	12	16560	卖盘
10:49:48	13.82	0.01	11	15202	买盘
10:49:42	13.81	--	87	120147	卖盘
10:49:33	13.81	--	14	19334	卖盘
10:49:30	13.81	--	18	24858	卖盘
10:49:24	13.81	--	61	84241	卖盘
10:49:21	13.81	-0.01	12	16572	卖盘
10:49:06	13.82	--	4	5528	卖盘
10:49:03	13.82	--	68	93976	卖盘
10:48:57	13.82	--	10	13820	卖盘
10:48:54	13.82	--	14	19348	卖盘
10:48:48	13.82	--	2	2764	卖盘
10:48:42	13.82	--	31	42842	卖盘
10:48:36	13.82	--	15	20730	卖盘
10:48:30	13.82	-0.01	5	6910	卖盘
10:48:27	13.83	--	80	110640	卖盘
10:48:09	13.83	--	20	27660	卖盘
10:48:03	13.83	-0.01	8	11064	卖盘
10:47:51	13.84	--	13	17992	买盘
10:47:48	13.84	--	2	2768	卖盘
10:47:42	13.84	--	20	27680	卖盘
10:47:39	13.84	--	19	26296	卖盘
10:47:36	13.84	--	29	40136	买盘
10:47:33	13.84	0.02	2	2768	买盘
10:47:12	13.82	--	5	6910	卖盘
10:47:06	13.82	-0.01	3	4146	卖盘
10:47:03	13.83	0.01	5	6915	中性盘
10:46:54	13.82	-0.02	7	9674	卖盘
10:46:48	13.84	0.02	9	12456	买盘
10:46:45	13.82	--	2	2764	卖盘
10:46:42	13.82	--	9	12438	卖盘
10:46:39	13.82	--	7	9674	卖盘
10:46:24	13.82	-0.02	83	114706	卖盘
10:46:21	13.84	-0.01	5	6920	卖盘
10:46:03	13.85	--	4	5540	卖盘
10:45:57	13.85	--	30	41550	卖盘
10:45:42	13.85	--	15	20775	卖盘
10:45:33	13.85	--	10	13850	卖盘
10:45:30	13.85	--	10	13850	卖盘
10:45:27	13.85	--	50	69250	卖盘
10:45:18	13.85	-0.01	20	27700	卖盘
10:45:12	13.86	0.01	5	6930	买盘
10:45:09	13.85	-0.01	60	83100	卖盘
10:45:00	13.86	--	10	13860	买盘
10:44:51	13.86	0.01	3	4158	买盘
10:44:39	13.85	--	5	6925	卖盘
10:44:27	13.85	0.01	15	20775	买盘
10:44:18	13.84	--	10	13840	卖盘
10:44:12	13.84	--	3	4152	买盘
10:44:09	13.84	--	6	8304	买盘
10:44:06	13.84	--	11	15224	买盘
10:44:00	13.84	--	1	1384	买盘
10:43:45	13.84	-0.02	11	15224	卖盘
10:43:42	13.86	0.02	20	27720	买盘
10:43:33	13.84	--	48	66432	买盘
10:43:30	13.84	0.01	2	2768	买盘
10:43:21	13.83	--	2	2766	卖盘
10:43:18	13.83	--	22	30426	买盘
10:43:15	13.83	0.01	6	8298	买盘
10:43:03	13.82	--	35	48370	卖盘
10:43:00	13.82	-0.01	4	5528	卖盘
10:42:51	13.83	--	4	5532	买盘
10:42:48	13.83	--	55	76065	买盘
10:42:45	13.83	--	9	12447	买盘
10:42:42	13.83	--	25	34575	买盘
10:42:27	13.83	--	23	31809	卖盘
10:42:18	13.83	-0.02	50	69150	卖盘
10:42:12	13.85	--	28	38780	买盘
10:42:09	13.85	--	29	40165	买盘
10:41:57	13.85	--	37	51245	买盘
10:41:51	13.85	--	235	325475	卖盘
10:41:42	13.85	-0.02	1	1385	卖盘
10:41:27	13.87	-0.01	93	128991	卖盘
10:41:21	13.88	0.01	25	34700	买盘
10:41:18	13.87	--	20	27740	卖盘
10:41:15	13.87	--	32	44384	卖盘
10:41:12	13.87	-0.01	3	4161	卖盘
10:41:06	13.88	0.01	34	47192	买盘
10:41:03	13.87	-0.01	27	37449	卖盘
10:40:57	13.88	--	21	29148	卖盘
10:40:54	13.88	--	120	166560	卖盘
10:40:51	13.88	--	10	13880	卖盘
10:40:45	13.88	--	50	69400	卖盘
10:40:42	13.88	-0.01	30	41640	卖盘
10:40:39	13.89	0.01	11	15279	买盘
10:40:36	13.88	--	235	326180	卖盘
10:40:27	13.88	--	1	1388	卖盘
10:40:15	13.88	--	8	11104	卖盘
10:40:06	13.88	--	12	16656	卖盘
10:39:42	13.88	-0.01	10	13880	卖盘
10:39:39	13.89	--	58	80562	卖盘
10:39:30	13.89	--	16	22224	卖盘
10:39:27	13.89	--	29	40281	买盘
10:39:21	13.89	0.01	3	4167	买盘
10:39:15	13.88	--	40	55520	卖盘
10:39:12	13.88	--	3	4164	卖盘
10:39:06	13.88	-0.02	61	84668	卖盘
10:39:03	13.9	0.02	100	139000	买盘
10:38:48	13.88	--	12	16656	买盘
10:38:42	13.88	--	4	5552	卖盘
10:38:39	13.88	-0.01	3	4164	买盘
10:38:36	13.89	0.01	25	34725	买盘
10:38:30	13.88	--	1	1388	买盘
10:38:18	13.88	0.01	92	127696	买盘
10:38:12	13.87	--	50	69350	卖盘
10:38:06	13.87	-0.01	158	219146	卖盘
10:37:57	13.88	--	3	4164	买盘
10:37:54	13.88	--	22	30536	买盘
10:37:51	13.88	--	5	6940	买盘
10:37:48	13.88	--	5	6940	买盘
10:37:45	13.88	--	5	6940	买盘
10:37:39	13.88	--	41	56908	买盘
10:37:36	13.88	0.01	14	19432	买盘
10:37:30	13.87	--	13	18031	卖盘
10:37:27	13.87	--	1	1387	卖盘
10:37:18	13.87	--	7	9709	卖盘
10:37:09	13.87	--	35	48545	卖盘
10:36:57	13.87	-0.01	5	6935	卖盘
10:36:54	13.88	--	30	41640	买盘
10:36:36	13.88	--	7	9716	卖盘
10:36:33	13.88	-0.01	4	5552	卖盘
10:36:27	13.89	--	59	81951	买盘
10:36:21	13.89	--	28	38892	卖盘
10:36:18	13.89	-0.01	1	1389	卖盘
10:36:15	13.9	0.01	46	63940	买盘
10:36:09	13.89	--	159	220851	卖盘
10:36:06	13.89	0.01	375	520875	买盘
10:36:00	13.88	-0.01	23	31924	卖盘
10:35:54	13.89	0.01	20	27780	买盘
10:35:51	13.88	-0.02	49	68012	卖盘
10:35:36	13.9	0.01	35	48650	买盘
10:35:27	13.89	--	1	1389	买盘
10:35:24	13.89	-0.01	10	13890	中性盘
10:35:15	13.9	0.02	2	2780	买盘
10:35:12	13.88	-0.02	1	1388	卖盘
10:35:09	13.9	0.02	4	5560	买盘
10:34:57	13.88	-0.02	206	285928	卖盘
10:34:54	13.9	0.01	69	95910	买盘
10:34:45	13.89	--	80	111120	卖盘
10:34:33	13.89	-0.01	13	18057	卖盘
10:34:30	13.9	0.01	115	159850	买盘
10:34:27	13.89	--	13	18057	卖盘
10:34:24	13.89	--	60	83340	卖盘
10:34:18	13.89	--	20	27780	卖盘
10:34:15	13.89	--	42	58338	买盘
10:34:12	13.89	0.01	38	52782	买盘
10:34:09	13.88	-0.01	1	1388	卖盘
10:34:00	13.89	0.01	131	181959	买盘
10:33:57	13.88	-0.01	5	6940	卖盘
10:33:54	13.89	0.01	7	9723	买盘
10:33:48	13.88	--	15	20820	买盘
10:33:45	13.88	0.01	10	13880	买盘
10:33:42	13.87	--	3	4161	卖盘
10:33:36	13.87	0.01	400	554800	买盘
10:33:30	13.86	--	1	1386	买盘
10:33:18	13.86	-0.01	28	38808	卖盘
10:33:15	13.87	0.01	100	138700	买盘
10:33:12	13.86	--	45	62370	卖盘
10:33:03	13.86	--	50	69300	卖盘
10:32:57	13.86	-0.01	39	54054	卖盘
10:32:54	13.87	0.01	10	13870	买盘
10:32:45	13.86	-0.01	15	20790	卖盘
10:32:42	13.87	--	132	183084	买盘
10:32:36	13.87	0.01	40	55480	买盘
10:32:33	13.86	--	21	29106	卖盘
10:32:30	13.86	-0.01	20	27720	卖盘
10:32:24	13.87	-0.02	18	24966	卖盘
10:32:21	13.89	0.02	100	138900	买盘
10:32:18	13.87	--	3	4161	卖盘
10:32:15	13.87	--	61	84607	卖盘
10:32:09	13.87	-0.02	20	27740	卖盘
10:32:00	13.89	--	3	4167	买盘
10:31:45	13.89	--	108	150012	买盘
10:31:42	13.89	--	8	11112	买盘
10:31:30	13.89	--	28	38892	买盘
10:31:18	13.89	--	50	69450	买盘
10:31:15	13.89	0.03	10	13890	买盘
10:31:12	13.86	-0.03	10	13860	卖盘
10:31:09	13.89	--	30	41670	买盘
10:31:03	13.89	0.04	15	20835	买盘
10:30:57	13.85	-0.04	5	6925	中性盘
10:30:51	13.89	0.05	856	1188984	买盘
10:30:33	13.84	-0.01	10	13840	卖盘
10:30:30	13.85	--	30	41550	买盘
10:30:27	13.85	0.01	16	22160	中性盘
10:30:24	13.84	--	1014	1403376	卖盘
10:30:12	13.84	0.01	75	103800	买盘
10:30:06	13.83	-0.01	22	30426	卖盘
10:30:03	13.84	--	23	31832	买盘
10:29:54	13.84	0.01	1	1384	买盘
10:29:21	13.83	-0.01	20	27660	卖盘
10:29:18	13.84	0.01	1	1384	买盘
10:29:00	13.83	--	10	13830	卖盘
10:28:57	13.83	-0.01	10	13830	卖盘
10:28:51	13.84	0.01	5	6920	买盘
10:28:48	13.83	--	6	8298	卖盘
10:28:45	13.83	--	5	6915	卖盘
10:28:42	13.83	--	7	9681	卖盘
10:28:30	13.83	--	1	1383	卖盘
10:28:24	13.83	--	11	15213	卖盘
10:28:15	13.83	--	1	1383	卖盘
10:28:12	13.83	--	21	29043	卖盘
10:28:09	13.83	--	2	2766	卖盘
10:28:06	13.83	--	12	16596	卖盘
10:28:00	13.83	--	55	76065	卖盘
10:27:57	13.83	--	16	22128	卖盘
10:27:51	13.83	--	5	6915	卖盘
10:27:45	13.83	--	27	37341	卖盘
10:27:42	13.83	-0.01	10	13830	卖盘
10:27:33	13.84	--	129	178536	卖盘
10:27:30	13.84	--	74	102416	卖盘
10:27:24	13.84	--	25	34600	卖盘
10:27:21	13.84	-0.01	190	262960	卖盘
10:27:15	13.85	0.01	172	238220	买盘
10:27:12	13.84	-0.01	40	55360	卖盘
10:27:09	13.85	0.01	10	13850	买盘
10:27:06	13.84	--	2	2768	卖盘
10:27:03	13.84	--	21	29064	卖盘
10:26:57	13.84	-0.01	2	2768	卖盘
10:26:51	13.85	--	10	13850	买盘
10:26:45	13.85	--	21	29085	买盘
10:26:42	13.85	--	25	34625	买盘
10:26:39	13.85	0.01	72	99720	买盘
10:26:33	13.84	-0.01	8	11072	卖盘
10:26:24	13.85	--	19	26315	买盘
10:26:21	13.85	0.01	19	26315	买盘
10:26:18	13.84	-0.01	56	77504	卖盘
10:26:06	13.85	--	5	6925	买盘
10:26:03	13.85	0.02	32	44320	买盘
10:25:57	13.83	-0.02	500	691500	卖盘
10:25:54	13.85	0.02	5	6925	买盘
10:25:42	13.83	--	1	1383	卖盘
10:25:39	13.83	--	20	27660	卖盘
10:25:33	13.83	-0.02	51	70533	卖盘
10:25:30	13.85	--	10	13850	买盘
10:25:27	13.85	0.02	7	9695	买盘
10:25:24	13.83	-0.02	2	2766	卖盘
10:25:21	13.85	0.01	210	290850	买盘
10:25:15	13.84	0.01	50	69200	买盘
10:25:12	13.83	--	11	15213	买盘
10:25:09	13.83	--	10	13830	买盘
10:25:06	13.83	--	18	24894	买盘
10:25:03	13.83	--	58	80214	买盘
10:25:00	13.83	--	10	13830	买盘
10:24:57	13.83	--	19	26277	买盘
10:24:51	13.83	--	51	70533	买盘
10:24:48	13.83	0.02	21	29043	买盘
10:24:42	13.81	--	373	515113	买盘
10:24:36	13.81	--	1	1381	买盘
10:24:33	13.81	--	2	2762	买盘
10:24:27	13.81	--	50	69050	买盘
10:24:18	13.81	0.01	7	9667	买盘
10:24:12	13.8	--	28	38640	卖盘
10:24:06	13.8	--	1	1380	卖盘
10:24:03	13.8	0.01	69	95220	买盘
10:23:57	13.79	-0.01	13	17927	卖盘
10:23:54	13.8	0.01	12	16560	买盘
10:23:48	13.79	-0.01	2	2758	卖盘
10:23:45	13.8	--	1	1380	买盘
10:23:42	13.8	--	50	69000	买盘
10:23:39	13.8	--	13	17940	买盘
10:23:30	13.8	--	55	75900	买盘
10:23:27	13.8	--	6	8280	买盘
10:23:18	13.8	0.01	30	41400	买盘
10:23:06	13.79	--	16	22064	买盘
10:23:00	13.79	--	7	9653	卖盘
10:22:57	13.79	--	10	13790	卖盘
10:22:54	13.79	-0.01	15	20685	卖盘
10:22:48	13.8	0.01	50	69000	买盘
10:22:39	13.79	--	21	28959	买盘
10:22:36	13.79	0.01	30	41370	买盘
10:22:30	13.78	-0.01	20	27560	卖盘
10:22:27	13.79	0.01	8	11032	买盘
10:22:06	13.78	--	5	6890	买盘
10:22:03	13.78	0.01	1	1378	买盘
10:22:00	13.77	-0.01	3	4131	卖盘
10:21:54	13.78	0.01	1	1378	买盘
10:21:51	13.77	--	10	13770	卖盘
10:21:48	13.77	--	1	1377	卖盘
10:21:42	13.77	--	104	143208	卖盘
10:21:36	13.77	--	1	1377	卖盘
10:21:30	13.77	--	125	172125	卖盘
10:21:27	13.77	--	9	12393	卖盘
10:21:24	13.77	--	7	9639	卖盘
10:21:21	13.77	--	3	4131	卖盘
10:21:18	13.77	--	6	8262	卖盘
10:21:06	13.77	--	27	37179	卖盘
10:21:03	13.77	--	55	76065	买盘
10:21:00	13.77	--	36	49572	买盘
10:20:57	13.77	--	4	5508	买盘
10:20:54	13.77	--	39	54749	卖盘
10:20:51	13.77	--	20	27870	买盘
10:20:48	13.77	--	6	8262	买盘
10:20:42	13.77	--	10	13770	买盘
10:20:39	13.77	--	173	239267	卖盘
10:20:33	13.77	-0.01	0	137	卖盘
10:20:30	13.78	0.01	50	68900	买盘
10:20:24	13.77	-0.01	5	6885	卖盘
10:20:21	13.78	0.01	5	6890	买盘
10:20:15	13.77	-0.01	11	15147	卖盘
10:20:06	13.78	0.01	10	13780	买盘
10:20:03	13.77	--	40	55080	卖盘
10:20:00	13.77	-0.01	10	13770	卖盘
10:19:57	13.78	0.01	20	27560	买盘
10:19:51	13.77	--	17	23409	卖盘
10:19:48	13.77	--	23	31671	卖盘
10:19:42	13.77	-0.01	5	6885	卖盘
10:19:33	13.78	--	7	9646	卖盘
10:19:30	13.78	--	5	6890	卖盘
10:19:24	13.78	0.01	58	79924	买盘
10:19:18	13.77	--	124	170748	卖盘
10:19:06	13.77	-0.01	2	2754	卖盘
10:19:03	13.78	0.01	65	89570	买盘
10:18:54	13.77	--	173	238221	卖盘
10:18:48	13.77	--	163	224451	卖盘
10:18:42	13.77	--	20	27540	卖盘
10:18:36	13.77	--	27	37371	卖盘
10:18:30	13.77	-0.01	9	12393	卖盘
10:18:27	13.78	--	10	13780	买盘
10:18:18	13.78	0.01	15	20670	买盘
10:18:15	13.77	-0.01	20	27540	卖盘
10:18:12	13.78	0.01	19	26182	买盘
10:18:09	13.77	-0.01	1	1377	卖盘
10:18:03	13.78	0.01	8	11024	买盘
10:18:00	13.77	--	22	30294	卖盘
10:17:54	13.77	-0.01	64	88128	卖盘
10:17:30	13.78	--	194	267332	卖盘
10:17:27	13.78	-0.01	37	50986	卖盘
10:17:18	13.79	-0.01	65	89635	卖盘
10:17:03	13.8	0.01	11	15180	买盘
10:17:00	13.79	--	10	13790	卖盘
10:16:57	13.79	--	5	6895	卖盘
10:16:51	13.79	-0.01	10	13790	卖盘
10:16:36	13.8	--	6	8280	买盘
10:16:30	13.8	--	2	2760	买盘
10:16:27	13.8	0.01	10	13800	买盘
10:16:21	13.79	--	18	24822	卖盘
10:16:18	13.79	-0.01	16	22064	卖盘
10:16:12	13.8	0.01	26	35880	买盘
10:16:09	13.79	--	11	15168	卖盘
10:15:57	13.79	-0.01	18	24822	卖盘
10:15:51	13.8	--	30	41400	买盘
10:15:48	13.8	--	41	56580	买盘
10:15:42	13.8	--	50	69000	买盘
10:15:39	13.8	--	33	45540	买盘
10:15:36	13.8	--	32	44160	买盘
10:15:33	13.8	--	47	64860	买盘
10:15:27	13.8	--	20	27600	买盘
10:15:21	13.8	--	5	6900	买盘
10:15:15	13.8	--	1	1380	买盘
10:15:00	13.8	0.01	44	60720	买盘
10:14:45	13.79	--	26	35854	买盘
10:14:42	13.79	--	12	16548	买盘
10:14:39	13.79	--	50	68950	买盘
10:14:36	13.79	0.01	15	20685	买盘
10:14:33	13.78	--	15	20670	卖盘
10:14:24	13.78	--	30	41340	卖盘
10:14:21	13.78	-0.01	20	27560	卖盘
10:14:12	13.79	0.01	7	9653	买盘
10:14:09	13.78	-0.01	2	2756	卖盘
10:14:06	13.79	0.01	5	6895	买盘
10:14:00	13.78	0.01	1	1378	买盘
10:13:57	13.77	--	2	2754	卖盘
10:13:48	13.77	--	20	27540	卖盘
10:13:39	13.77	0.01	55	75735	买盘
10:13:36	13.76	-0.01	8	11008	卖盘
10:13:33	13.77	0.01	20	27540	买盘
10:13:30	13.76	--	96	132096	卖盘
10:13:27	13.76	--	12	16512	卖盘
10:13:21	13.76	--	9	12384	买盘
10:13:12	13.76	--	20	27520	买盘
10:13:09	13.76	-0.01	50	68800	中性盘
10:13:06	13.77	0.01	223	307071	买盘
10:13:03	13.76	--	20	27520	卖盘
10:12:57	13.76	--	61	84624	买盘
10:12:51	13.76	0.01	9	12384	买盘
10:12:48	13.75	--	6	8250	卖盘
10:12:39	13.75	--	50	68750	卖盘
10:12:36	13.75	--	7	9625	买盘
10:12:33	13.75	0.01	125	171875	买盘
10:12:24	13.74	-0.01	22	30228	卖盘
10:12:21	13.75	0.01	15	20625	买盘
10:12:18	13.74	--	41	56334	买盘
10:12:12	13.74	--	12	16488	卖盘
10:12:09	13.74	-0.01	2	2748	卖盘
10:12:03	13.75	0.01	3	4125	中性盘
10:12:00	13.74	-0.01	37	50838	卖盘
10:11:57	13.75	--	34	46750	卖盘
10:11:51	13.75	0.01	27	37125	买盘
10:11:48	13.74	0.01	13	17862	卖盘
10:11:42	13.73	-0.02	16	21968	卖盘
10:11:39	13.75	0.02	10	13750	中性盘
10:11:33	13.73	-0.02	178	244394	卖盘
10:11:30	13.75	--	100	137500	买盘
10:11:24	13.75	-0.01	126	173937	卖盘
10:11:18	13.76	--	47	64672	买盘
10:11:12	13.76	--	20	27520	买盘
10:11:09	13.76	-0.01	42	57792	卖盘
10:11:06	13.77	--	14	19278	买盘
10:11:03	13.77	0.01	32	44064	买盘
10:10:57	13.76	--	38	52288	卖盘
10:10:54	13.76	-0.01	21	28896	卖盘
10:10:51	13.77	0.01	10	13770	买盘
10:10:45	13.76	--	95	130720	卖盘
10:10:39	13.76	--	20	27520	卖盘
10:10:30	13.76	--	3	4128	买盘
10:10:27	13.76	--	15	20640	买盘
10:10:24	13.76	--	5	6880	买盘
10:10:21	13.76	--	3	4128	买盘
10:10:18	13.76	--	9	12384	卖盘
10:10:15	13.76	--	14	19264	卖盘
10:10:09	13.76	0.01	20	27520	买盘
10:10:06	13.75	--	4	6187	卖盘
10:10:03	13.75	--	12	16500	卖盘
10:09:57	13.75	0.02	1	1375	卖盘
10:09:54	13.73	--	1	1373	卖盘
10:09:51	13.73	--	85	116705	卖盘
10:09:39	13.73	--	11	15103	卖盘
10:09:36	13.73	--	172	236485	买盘
10:09:33	13.73	--	13	18892	卖盘
10:09:30	13.73	--	5	7194	买盘
10:09:27	13.73	--	2	2746	买盘
10:09:24	13.73	0.01	45	61785	买盘
10:09:21	13.72	-0.01	15	20580	卖盘
10:09:18	13.73	-0.01	57	79304	卖盘
10:09:12	13.74	-0.01	10	13740	卖盘
10:09:09	13.75	--	14	19250	买盘
10:09:03	13.75	0.02	20	27500	买盘
10:09:00	13.73	-0.01	20	27460	卖盘
10:08:54	13.74	--	54	74196	买盘
10:08:48	13.74	0.01	3	4122	买盘
10:08:45	13.73	-0.01	25	34325	卖盘
10:08:42	13.74	0.01	11	15114	买盘
10:08:39	13.73	--	2	2746	卖盘
10:08:33	13.73	0.01	24	33281	买盘
10:08:30	13.72	-0.01	25	34300	卖盘
10:08:27	13.73	0.01	167	229291	买盘
10:08:21	13.72	--	25	34300	卖盘
10:08:18	13.72	--	27	37044	买盘
10:08:15	13.72	--	11	15092	买盘
10:08:12	13.72	--	15	20580	卖盘
10:08:09	13.72	0.01	74	101528	买盘
10:08:00	13.71	-0.01	105	143955	卖盘
10:07:57	13.72	0.01	2	2744	买盘
10:07:51	13.71	--	2	2742	卖盘
10:07:45	13.71	--	25	34275	卖盘
10:07:42	13.71	--	130	178230	卖盘
10:07:39	13.71	--	310	425010	买盘
10:07:36	13.71	--	2	2742	买盘
10:07:33	13.71	--	14	19194	买盘
10:07:30	13.71	-0.01	72	98712	卖盘
10:07:24	13.72	-0.01	10	13720	中性盘
10:07:18	13.73	0.02	4	5492	买盘
10:07:15	13.71	-0.02	350	479850	卖盘
10:07:12	13.73	--	117	160641	买盘
10:07:09	13.73	--	110	151030	买盘
10:07:06	13.73	--	4	5492	买盘
10:07:03	13.73	0.03	13	17849	买盘
10:06:57	13.7	--	22	30140	卖盘
10:06:54	13.7	-0.03	451	617870	卖盘
10:06:51	13.73	0.02	3	4119	买盘
10:06:48	13.71	-0.02	87	119277	卖盘
10:06:45	13.73	--	4	5492	买盘
10:06:42	13.73	--	23	31579	买盘
10:06:39	13.73	--	43	59039	卖盘
10:06:36	13.73	--	30	41190	卖盘
10:06:33	13.73	--	16	21968	卖盘
10:06:27	13.73	0.03	146	200458	买盘
10:06:21	13.7	-0.03	56	76720	卖盘
10:06:15	13.73	0.03	20	27460	买盘
10:06:12	13.7	0.01	40	54800	中性盘
10:06:09	13.69	-0.01	84	114996	卖盘
10:06:06	13.7	--	22	30140	买盘
10:06:00	13.7	--	45	61650	买盘
10:05:57	13.7	-0.01	94	128780	卖盘
10:05:54	13.71	0.01	48	65808	买盘
10:05:51	13.7	-0.03	42	57540	卖盘
10:05:48	13.73	0.03	80	109840	买盘
10:05:45	13.7	--	231	316470	卖盘
10:05:42	13.7	-0.03	4	5480	卖盘
10:05:39	13.73	--	30	41190	买盘
10:05:36	13.73	0.03	6	8238	买盘
10:05:33	13.7	-0.03	1000	1370000	卖盘
10:05:30	13.73	-0.01	2	2746	买盘
10:05:27	13.74	0.01	99	136026	买盘
10:05:24	13.73	--	111	152403	卖盘
10:05:21	13.73	--	33	45309	卖盘
10:05:15	13.73	-0.01	18	24714	卖盘
10:05:12	13.74	-0.01	112	153888	卖盘
10:05:06	13.75	--	10	13750	买盘
10:05:03	13.75	0.01	61	83875	卖盘
10:04:57	13.74	-0.03	3	4122	卖盘
10:04:54	13.77	0.02	171	235467	买盘
10:04:51	13.75	-0.02	592	815045	卖盘
10:04:45	13.77	0.01	3	4131	买盘
10:04:42	13.76	--	1	1376	卖盘
10:04:39	13.76	--	129	177504	卖盘
10:04:36	13.76	-0.01	40	55040	卖盘
10:04:33	13.77	0.01	16	22032	买盘
10:04:30	13.76	--	75	103200	卖盘
10:04:27	13.76	-0.01	42	57792	卖盘
10:04:24	13.77	0.01	206	283662	买盘
10:04:18	13.76	-0.02	23	31648	卖盘
10:04:15	13.78	0.01	49	67522	买盘
10:04:12	13.77	--	206	283662	卖盘
10:04:09	13.77	--	15	20655	卖盘
10:04:03	13.77	--	11	15147	卖盘
10:03:57	13.77	-0.02	210	289170	卖盘
10:03:51	13.79	0.01	11	15168	买盘
10:03:45	13.78	--	6	8268	卖盘
10:03:42	13.78	-0.01	11	15158	卖盘
10:03:39	13.79	--	5	6895	中性盘
10:03:36	13.79	0.01	10	13790	卖盘
10:03:33	13.78	-0.02	11	15158	卖盘
10:03:21	13.8	--	42	57960	买盘
10:03:18	13.8	0.02	25	34500	买盘
10:03:09	13.78	-0.02	13	17914	卖盘
10:03:06	13.8	0.01	3	4140	买盘
10:03:03	13.79	0.01	100	137900	卖盘
10:03:00	13.78	-0.02	42	57876	卖盘
10:02:51	13.8	0.01	39	53820	买盘
10:02:48	13.79	0.01	2	2758	中性盘
10:02:36	13.78	--	30	41340	卖盘
10:02:30	13.78	-0.02	1	1378	卖盘
10:02:27	13.8	0.03	15	20700	买盘
10:02:24	13.77	-0.02	53	72981	卖盘
10:02:21	13.79	-0.02	3	4137	中性盘
10:02:06	13.81	0.04	3	4143	买盘
10:02:00	13.77	-0.03	608	837216	卖盘
10:01:57	13.8	--	10	13800	卖盘
10:01:51	13.8	--	106	146280	卖盘
10:01:48	13.8	0.01	302	416760	买盘
10:01:45	13.79	0.02	15	20685	买盘
10:01:39	13.77	-0.02	229	315333	卖盘
10:01:36	13.79	-0.01	99	136521	卖盘
10:01:33	13.8	0.01	3	4140	买盘
10:01:30	13.79	--	140	193060	卖盘
10:01:27	13.79	-0.01	7	9653	卖盘
10:01:24	13.8	--	20	27600	买盘
10:01:21	13.8	--	5	6900	买盘
10:01:18	13.8	0.01	12	16560	买盘
10:01:15	13.79	-0.01	127	175133	卖盘
10:01:12	13.8	--	25	34500	卖盘
10:01:09	13.8	--	49	67620	卖盘
10:01:06	13.8	--	1	1380	卖盘
10:01:03	13.8	--	13	17940	买盘
10:00:57	13.8	0.01	4	5520	买盘
10:00:54	13.79	-0.01	5	6895	卖盘
10:00:51	13.8	0.01	9	12420	中性盘
10:00:48	13.79	-0.01	20	27580	卖盘
10:00:42	13.8	-0.01	29	40020	卖盘
10:00:36	13.81	0.01	9	12429	卖盘
10:00:33	13.8	0.01	32	44160	买盘
10:00:30	13.79	--	7	9653	卖盘
10:00:24	13.79	--	3	4137	卖盘
10:00:21	13.79	0.01	15	20685	买盘
10:00:18	13.78	--	23	31694	卖盘
10:00:15	13.78	--	200	275600	卖盘
10:00:09	13.78	-0.01	50	68900	卖盘
10:00:03	13.79	--	18	24822	卖盘
10:00:00	13.79	--	31	42749	卖盘
09:59:51	13.79	-0.01	50	68950	卖盘
09:59:45	13.8	--	19	26220	卖盘
09:59:42	13.8	--	24	33120	卖盘
09:59:33	13.8	--	15	20700	卖盘
09:59:30	13.8	--	25	34500	卖盘
09:59:27	13.8	0.01	42	57960	买盘
09:59:21	13.79	-0.01	600	827400	卖盘
09:59:12	13.8	-0.01	149	205620	卖盘
09:59:09	13.81	0.01	49	67669	中性盘
09:59:00	13.8	-0.01	400	552000	卖盘
09:58:57	13.81	--	3	4143	卖盘
09:58:51	13.81	-0.01	1	1381	卖盘
09:58:48	13.82	0.01	17	23494	买盘
09:58:45	13.81	--	16	22096	买盘
09:58:42	13.81	--	132	182292	卖盘
09:58:39	13.81	--	10	13810	卖盘
09:58:36	13.81	--	10	13810	卖盘
09:58:30	13.81	-0.02	18	24858	卖盘
09:58:27	13.83	0.02	33	45639	买盘
09:58:24	13.81	-0.02	37	51097	卖盘
09:58:18	13.83	0.02	100	138300	买盘
09:58:15	13.81	-0.01	14	19334	卖盘
09:58:12	13.82	--	7	9674	中性盘
09:57:57	13.82	-0.01	5	6910	买盘
09:57:54	13.83	--	5	6915	买盘
09:57:51	13.83	--	18	24894	买盘
09:57:48	13.83	-0.01	47	65001	卖盘
09:57:39	13.84	0.04	41	56744	买盘
09:57:36	13.8	-0.03	304	419520	卖盘
09:57:30	13.83	--	65	89895	买盘
09:57:27	13.83	0.01	8	11064	买盘
09:57:15	13.82	0.02	7	9674	买盘
09:57:09	13.8	--	6	8280	卖盘
09:57:03	13.8	0.01	32	44160	买盘
09:56:57	13.79	--	16	22064	卖盘
09:56:54	13.79	--	30	41370	卖盘
09:56:45	13.79	-0.01	18	24822	卖盘
09:56:42	13.8	--	21	28980	买盘
09:56:36	13.8	--	32	44160	买盘
09:56:30	13.8	-0.02	23	31740	卖盘
09:56:24	13.82	0.02	10	13820	买盘
09:56:21	13.8	-0.02	58	80040	卖盘
09:56:18	13.82	--	50	69100	卖盘
09:56:12	13.82	--	19	26258	卖盘
09:56:09	13.82	--	5	6910	卖盘
09:56:06	13.82	--	16	22112	卖盘
09:56:03	13.82	0.02	14	19348	买盘
09:55:51	13.8	-0.02	20	27600	卖盘
09:55:48	13.82	--	1	1382	买盘
09:55:45	13.82	0.02	13	17966	买盘
09:55:42	13.8	-0.02	19	26220	卖盘
09:55:36	13.82	--	1	1382	买盘
09:55:33	13.82	0.02	16	22112	买盘
09:55:30	13.8	--	10	13800	卖盘
09:55:27	13.8	--	2	2760	卖盘
09:55:24	13.8	--	6	8280	卖盘
09:55:21	13.8	0.01	5	6900	卖盘
09:55:18	13.79	--	216	297864	卖盘
09:55:15	13.79	--	24	33096	卖盘
09:55:09	13.79	-0.01	1	1379	卖盘
09:55:00	13.8	--	140	193200	买盘
09:54:54	13.8	--	46	63480	买盘
09:54:51	13.8	-0.01	12	16560	卖盘
09:54:48	13.81	0.01	16	22096	买盘
09:54:39	13.8	--	5	6900	卖盘
09:54:36	13.8	--	160	220800	买盘
09:54:33	13.8	0.01	55	75900	买盘
09:54:30	13.79	-0.01	10	13790	买盘
09:54:27	13.8	--	132	182160	买盘
09:54:24	13.8	0.01	167	230460	买盘
09:54:18	13.79	-0.01	10	13790	卖盘
09:54:15	13.8	0.01	86	118680	买盘
09:54:12	13.79	-0.01	101	139279	卖盘
09:54:09	13.8	0.01	5	6900	买盘
09:54:06	13.79	--	6	8274	卖盘
09:54:03	13.79	-0.01	2	2758	卖盘
09:54:00	13.8	--	1	1380	买盘
09:53:54	13.8	-0.01	2	2760	买盘
09:53:51	13.81	--	311	429491	买盘
09:53:45	13.81	0.01	20	27620	买盘
09:53:39	13.8	--	39	53820	卖盘
09:53:36	13.8	-0.01	16	22080	卖盘
09:53:33	13.81	--	5	6905	买盘
09:53:18	13.81	--	3	4143	卖盘
09:53:09	13.81	0.01	4	5524	中性盘
09:52:57	13.8	--	20	27600	买盘
09:52:54	13.8	--	108	149040	买盘
09:52:51	13.8	--	23	31740	买盘
09:52:48	13.8	--	5	6900	买盘
09:52:45	13.8	--	5	6900	买盘
09:52:42	13.8	0.01	135	186300	买盘
09:52:39	13.79	--	18	24822	卖盘
09:52:36	13.79	--	150	206850	卖盘
09:52:33	13.79	-0.01	14	19306	卖盘
09:52:30	13.8	0.01	2	2760	买盘
09:52:27	13.79	-0.01	37	51023	卖盘
09:52:24	13.8	--	22	30360	买盘
09:52:21	13.8	0.01	1	1380	买盘
09:52:18	13.79	--	20	27580	卖盘
09:52:15	13.79	--	13	17927	卖盘
09:52:12	13.79	--	14	19306	卖盘
09:52:09	13.79	0.01	50	68950	买盘
09:52:06	13.78	-0.01	15	20670	卖盘
09:52:03	13.79	0.01	145	199955	买盘
09:51:57	13.78	-0.01	13	17914	卖盘
09:51:54	13.79	--	6	8274	买盘
09:51:48	13.79	--	2	2758	卖盘
09:51:45	13.79	--	33	45507	卖盘
09:51:42	13.79	--	126	173754	卖盘
09:51:39	13.79	--	10	13790	卖盘
09:51:36	13.79	-0.01	53	73087	卖盘
09:51:30	13.8	0.01	10	13800	买盘
09:51:27	13.79	-0.01	60	82740	卖盘
09:51:21	13.8	--	3	4140	卖盘
09:51:18	13.8	--	8	11040	卖盘
09:51:15	13.8	--	84	115920	卖盘
09:51:12	13.8	--	35	48300	卖盘
09:51:09	13.8	--	25	34500	卖盘
09:51:06	13.8	0.01	48	66240	买盘
09:51:03	13.79	--	33	45507	卖盘
09:51:00	13.79	--	14	19306	卖盘
09:50:57	13.79	-0.01	24	33096	卖盘
09:50:54	13.8	0.01	51	70380	买盘
09:50:51	13.79	-0.01	23	31716	卖盘
09:50:48	13.8	0.01	30	41400	买盘
09:50:45	13.79	--	100	137900	卖盘
09:50:42	13.79	--	6	8274	卖盘
09:50:39	13.79	--	75	103425	卖盘
09:50:36	13.79	-0.01	62	85498	卖盘
09:50:33	13.8	--	11	15180	买盘
09:50:30	13.8	--	120	165600	买盘
09:50:24	13.8	--	199	274620	卖盘
09:50:21	13.8	-0.02	2	2760	卖盘
09:50:18	13.82	--	11	15202	买盘
09:50:12	13.82	-0.03	5	6910	卖盘
09:50:06	13.85	0.02	200	277000	买盘
09:50:03	13.83	0.03	6	8298	买盘
09:50:00	13.8	-0.03	702	968760	卖盘
09:49:57	13.83	-0.01	115	159045	卖盘
09:49:54	13.84	--	17	23528	买盘
09:49:51	13.84	0.01	17	23528	中性盘
09:49:45	13.83	-0.01	147	203301	卖盘
09:49:42	13.84	-0.01	3	4152	卖盘
09:49:39	13.85	0.02	1	1385	买盘
09:49:33	13.83	-0.01	54	74682	卖盘
09:49:30	13.84	0.01	38	52592	买盘
09:49:27	13.83	--	20	27660	卖盘
09:49:24	13.83	-0.01	24	33192	卖盘
09:49:21	13.84	0.01	5	6920	买盘
09:49:18	13.83	-0.02	163	225429	卖盘
09:49:09	13.85	0.02	39	54015	买盘
09:49:00	13.83	-0.02	67	92661	卖盘
09:48:57	13.85	0.01	25	34625	买盘
09:48:54	13.84	--	30	41520	卖盘
09:48:48	13.84	--	77	106568	卖盘
09:48:45	13.84	--	8	11072	卖盘
09:48:42	13.84	--	5	6920	卖盘
09:48:39	13.84	--	20	27680	卖盘
09:48:36	13.84	--	18	24912	卖盘
09:48:33	13.84	--	1	1384	卖盘
09:48:30	13.84	--	46	63664	卖盘
09:48:27	13.84	--	108	149472	卖盘
09:48:18	13.84	--	23	31832	卖盘
09:48:12	13.84	0.01	3	4152	买盘
09:48:09	13.83	--	43	59469	买盘
09:48:03	13.83	-0.01	54	74682	中性盘
09:48:00	13.84	-0.01	16	22144	中性盘
09:47:57	13.85	--	90	124650	买盘
09:47:54	13.85	0.02	2	2770	买盘
09:47:48	13.83	-0.01	250	345750	卖盘
09:47:42	13.84	-0.02	6	8304	中性盘
09:47:33	13.86	0.03	5	6930	买盘
09:47:24	13.83	--	22	30426	卖盘
09:47:15	13.83	--	49	67767	买盘
09:47:12	13.83	--	12	16596	买盘
09:47:03	13.83	--	13	17979	买盘
09:47:00	13.83	-0.04	212	293196	卖盘
09:46:54	13.87	--	10	13870	卖盘
09:46:51	13.87	0.02	106	147022	买盘
09:46:48	13.85	--	20	27700	卖盘
09:46:27	13.85	--	22	30470	卖盘
09:46:24	13.85	--	40	55400	卖盘
09:46:21	13.85	-0.02	1	1385	卖盘
09:46:15	13.87	0.02	7	9709	买盘
09:46:12	13.85	--	32	44320	卖盘
09:46:09	13.85	--	41	56785	卖盘
09:46:06	13.85	--	80	110800	卖盘
09:46:00	13.85	0.01	31	42935	买盘
09:45:57	13.84	-0.01	3	4152	卖盘
09:45:54	13.85	--	113	156505	买盘
09:45:51	13.85	0.01	15	20775	买盘
09:45:48	13.84	-0.01	2	2768	卖盘
09:45:45	13.85	--	11	15235	卖盘
09:45:39	13.85	-0.02	20	27700	卖盘
09:45:33	13.87	0.02	10	13870	买盘
09:45:21	13.85	-0.02	13	18005	中性盘
09:45:18	13.87	--	2	2774	卖盘
09:45:12	13.87	0.04	8	11096	买盘
09:45:06	13.83	-0.02	15	20745	中性盘
09:45:00	13.85	--	59	81715	买盘
09:44:54	13.85	0.02	87	120495	买盘
09:44:51	13.83	--	15	20745	卖盘
09:44:48	13.83	0.01	5	6915	卖盘
09:44:45	13.82	0.01	10	13820	中性盘
09:44:42	13.81	--	24	33144	卖盘
09:44:39	13.81	--	225	310725	卖盘
09:44:36	13.81	-0.01	27	37300	卖盘
09:44:33	13.82	-0.01	44	60808	卖盘
09:44:27	13.83	--	90	124470	卖盘
09:44:24	13.83	--	12	16596	卖盘
09:44:21	13.83	-0.02	9	12447	卖盘
09:44:18	13.85	0.01	10	13850	买盘
09:44:15	13.84	-0.01	1	1384	卖盘
09:44:09	13.85	--	67	92795	卖盘
09:44:06	13.85	0.01	1	1385	卖盘
09:44:00	13.84	-0.02	15	20760	卖盘
09:43:57	13.86	--	1	1386	买盘
09:43:54	13.86	-0.01	40	55440	中性盘
09:43:51	13.87	0.01	265	367555	中性盘
09:43:45	13.86	-0.02	100	138600	卖盘
09:43:42	13.88	--	63	87444	买盘
09:43:39	13.88	--	11	15268	卖盘
09:43:33	13.88	0.02	5	6940	买盘
09:43:24	13.86	-0.02	20	27720	卖盘
09:43:18	13.88	-0.02	8	11104	卖盘
09:43:12	13.9	0.01	12	16680	买盘
09:43:09	13.89	--	4	5556	买盘
09:43:06	13.89	-0.01	10	13890	卖盘
09:43:03	13.9	0.01	86	119540	买盘
09:43:00	13.89	--	82	113898	卖盘
09:42:51	13.89	--	100	138900	卖盘
09:42:48	13.89	0.01	261	362529	买盘
09:42:45	13.88	--	3	4164	卖盘
09:42:42	13.88	--	5	6940	卖盘
09:42:39	13.88	--	154	213752	买盘
09:42:36	13.88	--	20	27760	买盘
09:42:27	13.88	0.03	11	15268	买盘
09:42:24	13.85	-0.01	200	277000	卖盘
09:42:21	13.86	--	15	20790	卖盘
09:42:18	13.86	-0.02	800	1108800	卖盘
09:42:15	13.88	0.01	40	55520	买盘
09:42:06	13.87	-0.01	18	24966	卖盘
09:42:03	13.88	--	1	1388	买盘
09:42:00	13.88	--	1	1388	买盘
09:41:57	13.88	-0.01	10	13880	买盘
09:41:54	13.89	0.01	64	88896	卖盘
09:41:51	13.88	--	22	30536	买盘
09:41:48	13.88	-0.01	330	458040	卖盘
09:41:39	13.89	0.01	1	1389	买盘
09:41:30	13.88	-0.03	20	27760	中性盘
09:41:24	13.91	0.03	322	447902	买盘
09:41:21	13.88	--	393	545484	卖盘
09:41:18	13.88	--	13	18044	卖盘
09:41:15	13.88	-0.01	27	37476	卖盘
09:41:09	13.89	-0.01	3	4167	中性盘
09:41:00	13.9	0.01	312	433680	买盘
09:40:48	13.89	--	193	268077	买盘
09:40:45	13.89	-0.01	1	1389	买盘
09:40:42	13.9	0.04	258	358620	买盘
09:40:39	13.86	-0.03	8	11088	卖盘
09:40:36	13.89	--	1	1389	卖盘
09:40:33	13.89	-0.01	3	4167	中性盘
09:40:24	13.9	0.04	57	79230	买盘
09:40:18	13.86	--	5	6930	卖盘
09:40:15	13.86	0.01	130	180180	中性盘
09:39:57	13.85	-0.03	219	303315	卖盘
09:39:54	13.88	--	14	19432	买盘
09:39:45	13.88	--	1	1388	买盘
09:39:42	13.88	-0.02	384	534352	卖盘
09:39:39	13.9	--	42	58380	卖盘
09:39:36	13.9	0.01	192	266880	买盘
09:39:33	13.89	-0.01	22	30558	卖盘
09:39:30	13.9	--	100	139000	买盘
09:39:27	13.9	--	84	116760	买盘
09:39:24	13.9	-0.01	163	226570	卖盘
09:39:21	13.91	--	12	16692	买盘
09:39:18	13.91	--	45	62595	买盘
09:39:15	13.91	--	62	86242	卖盘
09:39:12	13.91	--	61	84851	卖盘
09:39:09	13.91	--	6	8346	卖盘
09:39:06	13.91	0.01	121	168311	买盘
09:39:00	13.9	--	610	847900	卖盘
09:38:57	13.9	--	100	139000	卖盘
09:38:51	13.9	0.02	15	20850	买盘
09:38:45	13.88	--	100	138827	卖盘
09:38:42	13.88	-0.05	10	13880	卖盘
09:38:39	13.93	0.05	277	385861	买盘
09:38:33	13.88	-0.04	268	371984	卖盘
09:38:30	13.92	0.02	200	278400	买盘
09:38:27	13.9	--	10	13900	买盘
09:38:24	13.9	-0.01	42	58380	卖盘
09:38:21	13.91	0.01	6	8346	买盘
09:38:18	13.9	-0.01	105	145950	卖盘
09:38:15	13.91	-0.01	101	140491	卖盘
09:38:12	13.92	0.01	206	286752	买盘
09:38:06	13.91	--	12	16692	卖盘
09:38:03	13.91	0.01	16	22256	卖盘
09:38:00	13.9	-0.01	52	72280	卖盘
09:37:57	13.91	0.01	89	123799	卖盘
09:37:54	13.9	--	76	105640	卖盘
09:37:51	13.9	-0.04	98	136220	卖盘
09:37:48	13.94	0.02	265	369410	买盘
09:37:42	13.92	-0.01	35	48720	卖盘
09:37:39	13.93	0.02	45	62685	买盘
09:37:36	13.91	--	81	112671	买盘
09:37:33	13.91	0.01	10	13910	买盘
09:37:27	13.9	0.01	80	111200	买盘
09:37:24	13.89	0.02	77	106953	买盘
09:37:15	13.87	--	1	1387	卖盘
09:37:12	13.87	--	37	51319	卖盘
09:37:09	13.87	--	14	19418	买盘
09:37:03	13.87	0.04	1	1387	中性盘
09:36:51	13.83	-0.06	6	8298	卖盘
09:36:42	13.89	0.06	500	694500	买盘
09:36:39	13.83	0.01	10	13830	卖盘
09:36:33	13.82	0.02	30	41460	买盘
09:36:30	13.8	-0.06	1000	1380000	卖盘
09:36:24	13.86	0.04	62	85932	买盘
09:36:21	13.82	-0.01	16	22112	卖盘
09:36:18	13.83	0.01	10	13830	买盘
09:36:15	13.82	--	5	6910	卖盘
09:36:09	13.82	--	13	17966	卖盘
09:36:06	13.82	--	65	89830	买盘
09:36:03	13.82	0.01	15	20730	买盘
09:35:57	13.81	--	62	85622	买盘
09:35:54	13.81	--	65	89765	买盘
09:35:51	13.81	0.01	24	33144	买盘
09:35:45	13.8	--	18	24840	卖盘
09:35:42	13.8	--	101	139380	卖盘
09:35:39	13.8	0.01	28	38640	买盘
09:35:36	13.79	-0.02	46	63433	卖盘
09:35:33	13.81	0.01	300	414300	买盘
09:35:30	13.8	0.02	14	19320	买盘
09:35:27	13.78	-0.03	100	137800	卖盘
09:35:18	13.81	--	56	77336	买盘
09:35:12	13.81	--	60	82860	买盘
09:35:03	13.81	-0.01	148	204388	卖盘
09:34:57	13.82	--	72	99504	买盘
09:34:51	13.82	0.01	11	15202	买盘
09:34:45	13.81	--	26	35906	卖盘
09:34:42	13.81	--	3	4143	卖盘
09:34:39	13.81	0.05	18	24858	买盘
09:34:36	13.76	--	7	9962	买盘
09:34:33	13.76	--	167	229792	买盘
09:34:30	13.76	--	23	31648	买盘
09:34:27	13.76	--	209	287584	卖盘
09:34:24	13.76	-0.04	32	44032	卖盘
09:34:21	13.8	0.04	200	276000	买盘
09:34:15	13.76	-0.02	5	6880	卖盘
09:34:12	13.78	--	7	9646	买盘
09:34:09	13.78	--	30	41340	买盘
09:34:06	13.78	--	8	11024	卖盘
09:34:03	13.78	0.01	53	73034	卖盘
09:34:00	13.77	-0.01	24	33048	卖盘
09:33:57	13.78	--	99	136422	卖盘
09:33:54	13.78	-0.03	38	52364	卖盘
09:33:51	13.81	0.02	213	294153	买盘
09:33:45	13.79	--	3	4137	买盘
09:33:42	13.79	--	60	82740	卖盘
09:33:39	13.79	-0.01	16	22064	卖盘
09:33:36	13.8	-0.01	35	48300	卖盘
09:33:33	13.81	0.01	3	4143	中性盘
09:33:30	13.8	-0.01	177	244260	卖盘
09:33:27	13.81	--	3	4143	卖盘
09:33:24	13.81	--	5	6905	卖盘
09:33:21	13.81	--	36	49716	卖盘
09:33:15	13.81	--	35	48335	买盘
09:33:09	13.81	--	2	2762	买盘
09:33:06	13.81	--	5	6905	买盘
09:33:03	13.81	-0.03	259	357679	卖盘
09:32:57	13.84	0.02	2	2768	卖盘
09:32:51	13.82	-0.03	23	31786	卖盘
09:32:48	13.85	0.02	100	138500	买盘
09:32:45	13.83	-0.01	92	127236	卖盘
09:32:42	13.84	0.01	15	20760	中性盘
09:32:36	13.83	-0.01	89	123087	卖盘
09:32:30	13.84	0.01	20	27680	卖盘
09:32:27	13.83	-0.01	117	161811	卖盘
09:32:24	13.84	--	100	138400	买盘
09:32:18	13.84	-0.01	3	4152	中性盘
09:32:15	13.85	0.01	70	96950	买盘
09:32:12	13.84	-0.01	8	11072	卖盘
09:32:09	13.85	0.01	28	38780	买盘
09:32:06	13.84	--	142	196528	卖盘
09:31:57	13.84	-0.01	15	20760	卖盘
09:31:51	13.85	-0.03	148	204980	卖盘
09:31:48	13.88	0.03	3	4164	买盘
09:31:45	13.85	-0.02	102	141270	卖盘
09:31:42	13.87	0.02	55	76285	买盘
09:31:39	13.85	0.01	49	67865	买盘
09:31:33	13.84	-0.01	2	2768	卖盘
09:31:30	13.85	--	49	67865	买盘
09:31:21	13.85	-0.02	223	308855	卖盘
09:31:18	13.87	--	126	174762	卖盘
09:31:15	13.87	--	15	20805	卖盘
09:31:12	13.87	0.02	204	282948	买盘
09:31:09	13.85	--	34	47090	卖盘
09:31:06	13.85	--	26	36010	卖盘
09:31:03	13.85	--	24	33240	卖盘
09:31:00	13.85	--	2	2770	卖盘
09:30:57	13.85	--	35	48475	卖盘
09:30:54	13.85	-0.02	107	148195	卖盘
09:30:51	13.87	--	71	98477	卖盘
09:30:48	13.87	--	119	165053	卖盘
09:30:45	13.87	0.02	68	94316	买盘
09:30:42	13.85	-0.01	13	18005	卖盘
09:30:39	13.86	-0.01	5	6930	卖盘
09:30:36	13.87	-0.01	47	65188	中性盘
09:30:30	13.88	--	13	18044	买盘
09:30:21	13.88	--	6	8328	买盘
09:30:18	13.88	--	1	1388	买盘
09:30:12	13.88	--	39	54132	买盘
09:30:09	13.88	0.03	30	41640	买盘
09:30:06	13.85	--	38	52630	卖盘
09:30:03	13.85	0.03	759	1051215	买盘
09:30:00	13.82	--	0	0	卖盘
09:25:03	13.82	13.82	79	109178	买盘
