成交时间	成交价	价格变动	成交量(手)	成交额(元)	性质
15:00:03	12.22	--	1120	1368640	卖盘
14:57:00	12.22	--	0	0	卖盘
14:56:57	12.22	0.01	64	78208	买盘
14:56:54	12.21	-0.01	4	4884	卖盘
14:56:51	12.22	--	61	74542	买盘
14:56:48	12.22	--	5	6110	买盘
14:56:45	12.22	--	93	113646	买盘
14:56:42	12.22	--	1	1222	买盘
14:56:36	12.22	-0.01	16	19552	卖盘
14:56:30	12.23	--	10	12230	卖盘
14:56:27	12.23	0.01	2	2446	买盘
14:56:24	12.22	--	54	65988	卖盘
14:56:21	12.22	--	1	1222	买盘
14:56:18	12.22	--	8	9776	买盘
14:56:15	12.22	0.01	1	1222	中性盘
14:56:12	12.21	-0.02	246	300366	卖盘
14:56:06	12.23	0.01	1	1223	买盘
14:55:57	12.22	--	218	266396	买盘
14:55:51	12.22	0.01	4	4888	买盘
14:55:48	12.21	-0.03	393	479853	卖盘
14:55:45	12.24	0.01	39	47736	买盘
14:55:42	12.23	-0.01	6	7338	卖盘
14:55:36	12.24	0.01	17	20808	买盘
14:55:33	12.23	--	1	1223	卖盘
14:55:30	12.23	--	107	130861	买盘
14:55:24	12.23	0.01	4	4892	买盘
14:55:18	12.22	--	8	9776	卖盘
14:55:15	12.22	--	204	249288	买盘
14:55:12	12.22	--	8	9776	买盘
14:55:06	12.22	--	1	1222	买盘
14:54:54	12.22	0.01	11	13442	买盘
14:54:51	12.21	--	4	4884	买盘
14:54:45	12.21	-0.01	15	18315	买盘
14:54:42	12.22	--	14	17108	买盘
14:54:39	12.22	--	2	2444	买盘
14:54:36	12.22	--	306	373932	买盘
14:54:33	12.22	--	8	9776	买盘
14:54:30	12.22	--	5	6110	买盘
14:54:27	12.22	--	13	15886	买盘
14:54:24	12.22	--	607	741754	买盘
14:54:21	12.22	--	30	36660	买盘
14:54:18	12.22	--	4	4888	买盘
14:54:15	12.22	--	14	17108	买盘
14:54:12	12.22	--	134	163748	买盘
14:54:09	12.22	--	61	74542	买盘
14:54:06	12.22	--	12	14664	买盘
14:54:03	12.22	--	51	62322	买盘
14:54:00	12.22	--	25	30550	买盘
14:53:54	12.22	--	96	117312	买盘
14:53:48	12.22	-0.01	425	519350	卖盘
14:53:45	12.23	--	2	2446	买盘
14:53:39	12.23	--	67	81941	买盘
14:53:36	12.23	0.01	8	9784	买盘
14:53:27	12.22	--	5	6110	卖盘
14:53:24	12.22	0.01	39	47658	买盘
14:53:15	12.21	--	40	48840	卖盘
14:53:09	12.21	-0.01	19	23199	卖盘
14:53:06	12.22	--	22	26884	买盘
14:52:51	12.22	--	11	13442	买盘
14:52:48	12.22	--	30	36660	买盘
14:52:42	12.22	-0.01	16	19552	卖盘
14:52:39	12.23	0.01	35	42805	买盘
14:52:33	12.22	--	7	8554	卖盘
14:52:30	12.22	--	4	4888	卖盘
14:52:27	12.22	0.01	120	146640	中性盘
14:52:18	12.21	-0.01	200	244200	卖盘
14:52:12	12.22	--	5	6110	卖盘
14:52:06	12.22	--	193	235846	买盘
14:52:00	12.22	0.01	7	8554	买盘
14:51:57	12.21	--	39	47619	卖盘
14:51:51	12.21	--	172	210012	买盘
14:51:48	12.21	0.01	21	25641	买盘
14:51:27	12.2	--	740	902800	买盘
14:51:24	12.2	--	49	59780	买盘
14:51:21	12.2	--	6	7320	买盘
14:51:12	12.2	--	5	6100	买盘
14:50:57	12.2	0.01	10	12200	买盘
14:50:42	12.19	-0.01	91	110929	卖盘
14:50:30	12.2	0.01	46	56120	买盘
14:50:18	12.19	--	73	88987	买盘
14:50:15	12.19	--	43	52417	买盘
14:50:12	12.19	--	30	36570	买盘
14:50:09	12.19	--	13	15847	买盘
14:50:03	12.19	0.01	1	1219	买盘
14:49:51	12.18	-0.01	30	36540	卖盘
14:49:48	12.19	--	10	12190	买盘
14:49:39	12.19	-0.01	98	119462	卖盘
14:49:24	12.2	--	452	551440	买盘
14:49:18	12.2	--	2	2440	买盘
14:49:12	12.2	0.01	45	54900	买盘
14:49:00	12.19	-0.01	40	48760	卖盘
14:48:54	12.2	--	12	14640	买盘
14:48:51	12.2	--	96	117120	卖盘
14:48:36	12.2	-0.01	10	12200	卖盘
14:48:33	12.21	0.01	7	8547	买盘
14:48:21	12.2	-0.01	3	3660	卖盘
14:48:18	12.21	0.01	5	6105	买盘
14:48:06	12.2	--	4	4880	卖盘
14:48:00	12.2	--	10	12200	卖盘
14:47:36	12.2	--	3	3660	卖盘
14:47:21	12.2	--	387	472140	买盘
14:46:57	12.2	--	5	6100	买盘
14:46:51	12.2	0.01	16	19520	买盘
14:46:21	12.19	-0.01	4	4876	中性盘
14:46:18	12.2	0.01	405	494100	买盘
14:46:12	12.19	--	10	12190	卖盘
14:46:06	12.19	--	127	154813	买盘
14:45:51	12.19	--	54	65826	买盘
14:45:42	12.19	--	7	8533	买盘
14:45:33	12.19	0.01	5	6095	买盘
14:45:24	12.18	-0.01	50	60900	卖盘
14:45:12	12.19	0.01	4	4876	买盘
14:45:00	12.18	--	153	186354	买盘
14:44:57	12.18	--	40	48720	买盘
14:44:51	12.18	--	404	492072	买盘
14:44:45	12.18	--	2	2436	买盘
14:44:42	12.18	--	50	60900	买盘
14:44:24	12.18	--	30	36540	买盘
14:44:15	12.18	--	4	4872	买盘
14:43:57	12.18	--	20	24360	买盘
14:43:48	12.18	--	82	99876	买盘
14:43:45	12.18	--	34	41412	买盘
14:43:24	12.18	--	110	133980	买盘
14:43:21	12.18	--	100	121800	买盘
14:43:15	12.18	-0.01	400	487200	卖盘
14:43:03	12.19	0.01	8	9752	买盘
14:43:00	12.18	-0.01	39	47502	卖盘
14:42:57	12.19	--	10	12190	买盘
14:42:54	12.19	--	100	121900	买盘
14:42:51	12.19	--	10	12190	卖盘
14:42:45	12.19	--	150	182850	卖盘
14:42:24	12.19	--	2	2438	买盘
14:42:21	12.19	--	1	1219	买盘
14:42:12	12.19	-0.01	47	57293	卖盘
14:42:09	12.2	0.01	2	2440	买盘
14:42:06	12.19	-0.01	200	243800	卖盘
14:42:00	12.2	0.01	80	97600	买盘
14:41:57	12.19	--	7	8533	卖盘
14:41:54	12.19	--	10	12190	卖盘
14:41:42	12.19	--	5	6095	卖盘
14:41:36	12.19	--	3	3657	卖盘
14:41:33	12.19	0.01	93	113367	买盘
14:41:30	12.18	--	67	81606	卖盘
14:41:18	12.18	--	18	21924	买盘
14:41:15	12.18	--	1	1218	买盘
14:41:09	12.18	-0.01	43	52374	卖盘
14:41:00	12.19	0.02	28	34132	买盘
14:40:57	12.17	-0.02	140	170380	卖盘
14:40:54	12.19	--	12	14628	买盘
14:40:51	12.19	0.01	53	64607	买盘
14:40:45	12.18	--	21	25578	卖盘
14:40:36	12.18	--	112	136416	卖盘
14:40:33	12.18	--	3	3654	卖盘
14:40:27	12.18	--	20	24360	卖盘
14:40:15	12.18	-0.01	18	21924	卖盘
14:40:03	12.19	-0.01	40	48760	卖盘
14:40:00	12.2	--	5	6100	买盘
14:39:57	12.2	--	56	68320	买盘
14:39:42	12.2	--	1	1220	买盘
14:39:39	12.2	--	193	235460	卖盘
14:39:36	12.2	--	10	12200	卖盘
14:39:33	12.2	-0.01	40	48800	卖盘
14:39:30	12.21	0.01	70	85470	买盘
14:39:27	12.2	--	200	244000	卖盘
14:39:21	12.2	--	30	36600	卖盘
14:39:18	12.2	--	49	59780	卖盘
14:39:15	12.2	--	70	85400	卖盘
14:39:12	12.2	--	23	28060	卖盘
14:39:09	12.2	--	7	8540	卖盘
14:39:06	12.2	--	8	9760	卖盘
14:39:03	12.2	--	300	366000	卖盘
14:38:57	12.2	--	73	89060	卖盘
14:38:54	12.2	--	50	61000	卖盘
14:38:51	12.2	--	5	6100	卖盘
14:38:48	12.2	--	80	97600	卖盘
14:38:45	12.2	--	20	24400	卖盘
14:38:42	12.2	--	10	12200	卖盘
14:38:39	12.2	-0.01	35	42700	卖盘
14:38:36	12.21	0.01	60	73260	买盘
14:38:33	12.2	--	34	41480	卖盘
14:38:30	12.2	--	30	36600	卖盘
14:38:24	12.2	--	79	96380	卖盘
14:38:21	12.2	--	106	129319	卖盘
14:38:18	12.2	--	449	547780	卖盘
14:38:12	12.2	--	400	488000	卖盘
14:38:09	12.2	--	10	12200	卖盘
14:38:06	12.2	--	158	192760	卖盘
14:38:03	12.2	--	100	122000	卖盘
14:38:00	12.2	--	30	36600	卖盘
14:37:54	12.2	--	589	718580	卖盘
14:37:48	12.2	--	3	3660	卖盘
14:37:36	12.2	-0.01	16	19520	卖盘
14:37:33	12.21	--	2	2442	买盘
14:37:27	12.21	--	50	61050	买盘
14:37:24	12.21	--	251	306471	卖盘
14:37:09	12.21	--	10	12210	卖盘
14:36:54	12.21	-0.01	400	488400	卖盘
14:36:48	12.22	-0.01	10	12220	卖盘
14:36:45	12.23	--	57	69711	卖盘
14:36:36	12.23	-0.01	50	61150	卖盘
14:36:12	12.24	-0.01	9	11016	中性盘
14:35:54	12.25	0.01	20	24500	买盘
14:35:51	12.24	--	7	8568	卖盘
14:35:48	12.24	--	24	29376	卖盘
14:35:42	12.24	--	4	4896	买盘
14:35:39	12.24	-0.01	16	19584	卖盘
14:35:33	12.25	0.01	60	73500	买盘
14:35:15	12.24	--	5	6120	卖盘
14:35:09	12.24	--	12	14688	买盘
14:34:54	12.24	--	5	6120	买盘
14:34:51	12.24	--	30	36720	买盘
14:34:42	12.24	--	33	40392	买盘
14:34:21	12.24	--	15	18360	卖盘
14:34:18	12.24	0.01	4	4896	买盘
14:34:15	12.23	-0.01	6	7338	卖盘
14:34:06	12.24	0.01	6	7344	买盘
14:33:48	12.23	--	1	1223	卖盘
14:33:45	12.23	--	20	24460	卖盘
14:33:18	12.23	--	13	15899	卖盘
14:33:06	12.23	0.01	61	74603	买盘
14:33:03	12.22	-0.01	100	122200	卖盘
14:33:00	12.23	--	5	6115	买盘
14:32:57	12.23	--	10	12230	买盘
14:32:48	12.23	--	30	36690	买盘
14:32:42	12.23	0.01	4	4892	买盘
14:32:33	12.22	--	28	34216	卖盘
14:32:12	12.22	--	12	14664	买盘
14:32:06	12.22	--	307	375154	买盘
14:32:00	12.22	0.01	1	1222	买盘
14:31:45	12.21	-0.01	20	24420	卖盘
14:31:42	12.22	--	1	1222	买盘
14:31:39	12.22	0.01	5	6110	买盘
14:31:27	12.21	-0.01	5	6105	卖盘
14:31:21	12.22	0.01	2	2444	买盘
14:31:12	12.21	-0.01	38	46398	卖盘
14:30:54	12.22	0.01	3	3666	买盘
14:30:48	12.21	--	1	1221	卖盘
14:30:39	12.21	-0.01	48	58608	卖盘
14:30:33	12.22	--	15	18330	卖盘
14:30:27	12.22	--	31	37882	买盘
14:30:18	12.22	--	2005	2450110	卖盘
14:30:09	12.22	--	11	13442	卖盘
14:29:54	12.22	--	100	122200	卖盘
14:29:51	12.22	--	5	6110	卖盘
14:29:27	12.22	-0.01	10	12220	卖盘
14:29:12	12.23	0.01	35	42805	买盘
14:29:09	12.22	-0.01	200	244400	卖盘
14:29:00	12.23	--	1	1223	买盘
14:28:54	12.23	0.01	15	18345	买盘
14:28:51	12.22	-0.01	3	3666	卖盘
14:28:42	12.23	--	25	30575	买盘
14:28:36	12.23	--	2	2446	买盘
14:28:18	12.23	--	1	1223	买盘
14:28:12	12.23	--	17	20791	卖盘
14:28:09	12.23	--	5	6115	卖盘
14:28:00	12.23	--	10	12230	卖盘
14:27:57	12.23	--	7	8561	卖盘
14:27:51	12.23	--	10	12230	卖盘
14:27:45	12.23	0.01	22	26906	买盘
14:27:30	12.22	-0.01	19	23218	卖盘
14:27:24	12.23	--	10	12230	买盘
14:27:18	12.23	--	7	8561	卖盘
14:27:06	12.23	--	50	61150	卖盘
14:26:57	12.23	--	95	116185	卖盘
14:26:54	12.23	--	30	36690	卖盘
14:26:48	12.23	-0.01	6	7338	卖盘
14:26:30	12.24	0.01	30	36720	买盘
14:26:24	12.23	--	10	12230	卖盘
14:26:15	12.23	-0.01	76	92948	卖盘
14:26:09	12.24	--	1	1224	买盘
14:26:03	12.24	--	4	4896	买盘
14:25:33	12.24	0.01	6	7344	买盘
14:25:12	12.23	-0.01	10	12230	卖盘
14:24:51	12.24	0.01	10	12240	买盘
14:24:33	12.23	--	100	122300	卖盘
14:24:18	12.23	-0.01	600	733800	卖盘
14:24:12	12.24	-0.01	3	3672	卖盘
14:24:06	12.25	--	7	8575	买盘
14:24:03	12.25	0.01	7	8575	买盘
14:24:00	12.24	-0.01	10	12240	卖盘
14:23:51	12.25	--	71	86975	买盘
14:23:45	12.25	--	2	2450	买盘
14:23:30	12.25	--	3	3675	买盘
14:23:18	12.25	--	94	115150	买盘
14:23:06	12.25	0.01	10	12250	买盘
14:23:03	12.24	-0.01	10	12240	卖盘
14:22:33	12.25	--	14	17150	买盘
14:22:30	12.25	--	3	3675	买盘
14:22:24	12.25	--	4	4900	买盘
14:22:21	12.25	--	47	57575	买盘
14:22:12	12.25	--	1	1225	买盘
14:21:57	12.25	0.01	15	18375	买盘
14:21:54	12.24	-0.01	1	1224	卖盘
14:21:42	12.25	0.01	7	8575	买盘
14:21:36	12.24	--	11	13464	卖盘
14:21:30	12.24	-0.01	23	28152	卖盘
14:21:27	12.25	0.01	16	19600	买盘
14:21:06	12.24	--	60	73440	卖盘
14:21:00	12.24	--	138	168912	买盘
14:20:42	12.24	--	32	39168	卖盘
14:20:33	12.24	--	6	7344	买盘
14:20:27	12.24	--	44	53856	卖盘
14:20:15	12.24	--	1	1224	卖盘
14:20:03	12.24	--	11	13464	卖盘
14:19:57	12.24	--	83	101592	买盘
14:19:54	12.24	--	15	18360	买盘
14:19:39	12.24	--	4	4896	买盘
14:19:30	12.24	--	10	12240	买盘
14:19:21	12.24	--	22	26928	买盘
14:19:15	12.24	--	30	36720	买盘
14:19:00	12.24	--	2	2448	买盘
14:18:42	12.24	--	42	51408	买盘
14:18:39	12.24	0.01	1	1224	买盘
14:18:36	12.23	-0.01	9	11007	卖盘
14:18:21	12.24	0.01	20	24480	买盘
14:18:15	12.23	--	7	8561	卖盘
14:18:03	12.23	--	3	3669	卖盘
14:17:54	12.23	--	7	8561	卖盘
14:17:42	12.23	--	40	48920	卖盘
14:17:21	12.23	-0.01	3	3669	卖盘
14:17:15	12.24	--	36	44064	卖盘
14:17:12	12.24	--	1	1224	卖盘
14:16:30	12.24	-0.01	50	61200	卖盘
14:16:12	12.25	--	49	60025	买盘
14:16:03	12.25	--	3	3675	买盘
14:16:00	12.25	--	8	9800	买盘
14:15:57	12.25	--	103	126175	卖盘
14:15:54	12.25	-0.01	10	12250	卖盘
14:15:36	12.26	0.01	2	2452	买盘
14:15:24	12.25	--	9	11025	卖盘
14:15:21	12.25	--	1	1225	卖盘
14:15:06	12.25	--	20	24500	卖盘
14:15:03	12.25	-0.01	8	9800	卖盘
14:14:30	12.26	--	14	17164	买盘
14:14:09	12.26	--	10	13351	卖盘
14:13:51	12.26	-0.01	24	29424	卖盘
14:13:24	12.27	--	5	6135	买盘
14:12:51	12.27	0.01	59	72393	买盘
14:12:42	12.26	-0.01	22	27106	卖盘
14:12:36	12.27	--	3	3681	买盘
14:12:30	12.27	--	100	122700	买盘
14:12:12	12.27	--	33	40491	买盘
14:12:03	12.27	--	1	1227	买盘
14:11:48	12.27	0.02	10	12270	买盘
14:11:24	12.25	-0.02	7	8575	卖盘
14:11:12	12.27	0.02	5	6135	买盘
14:10:54	12.25	-0.01	25	30625	卖盘
14:10:51	12.26	0.01	154	188804	买盘
14:10:42	12.25	0.01	20	24500	买盘
14:10:39	12.24	-0.01	230	281520	卖盘
14:10:24	12.25	0.01	15	18375	买盘
14:10:06	12.24	--	1	1224	卖盘
14:10:03	12.24	-0.01	10	12240	卖盘
14:09:54	12.25	--	6	7350	买盘
14:09:51	12.25	--	24	29400	卖盘
14:09:36	12.25	--	11	13475	卖盘
14:09:27	12.25	--	35	42875	卖盘
14:08:42	12.25	--	20	24500	卖盘
14:08:27	12.25	-0.01	100	122500	卖盘
14:08:24	12.26	0.01	5	6130	买盘
14:08:21	12.25	--	20	24500	卖盘
14:08:18	12.25	--	8	9800	卖盘
14:07:51	12.25	--	40	49000	卖盘
14:07:45	12.25	-0.01	110	134750	卖盘
14:07:09	12.26	--	30	36780	买盘
14:06:27	12.26	0.01	15	18390	买盘
14:05:42	12.25	--	10	12250	卖盘
14:05:24	12.25	-0.01	10	12250	卖盘
14:05:15	12.26	--	58	71108	卖盘
14:05:09	12.26	--	2	2452	卖盘
14:05:03	12.26	--	18	22068	卖盘
14:05:00	12.26	--	1	1226	卖盘
14:04:51	12.26	--	50	61300	卖盘
14:04:33	12.26	-0.01	17	20842	卖盘
14:04:21	12.27	0.01	10	12270	买盘
14:04:12	12.26	-0.01	5	6130	卖盘
14:04:00	12.27	0.01	7	8589	买盘
14:03:57	12.26	-0.01	10	12260	卖盘
14:03:48	12.27	--	12	14724	买盘
14:03:45	12.27	--	5	6135	买盘
14:03:27	12.27	--	1	1227	买盘
14:03:24	12.27	--	20	24540	买盘
14:03:15	12.27	--	80	98160	买盘
14:02:54	12.27	-0.01	38	46626	卖盘
14:02:45	12.28	0.01	11	13508	买盘
14:02:27	12.27	--	40	49080	卖盘
14:02:18	12.27	-0.01	1	1227	卖盘
14:02:03	12.28	--	10	12280	买盘
14:01:42	12.28	0.01	57	69996	买盘
14:01:30	12.27	--	99	121473	买盘
14:01:12	12.27	--	16	19632	买盘
14:01:03	12.27	--	5	6135	买盘
14:00:51	12.27	-0.01	6	7362	卖盘
14:00:42	12.28	0.01	5	6140	买盘
14:00:36	12.27	-0.01	15	18405	卖盘
14:00:30	12.28	--	2	2456	买盘
14:00:21	12.28	0.01	1	1228	买盘
14:00:06	12.27	-0.01	5	6135	卖盘
13:59:51	12.28	0.02	18	22104	买盘
13:57:54	12.26	--	2	2452	卖盘
13:57:33	12.26	-0.02	12	14712	卖盘
13:57:18	12.28	--	4	4912	买盘
13:57:15	12.28	--	49	60638	卖盘
13:57:00	12.28	-0.01	12	14736	卖盘
13:56:51	12.29	0.01	65	79885	买盘
13:56:45	12.28	--	47	58477	买盘
13:56:39	12.28	--	2	2922	卖盘
13:56:36	12.28	--	480	589440	卖盘
13:56:24	12.28	--	11	13508	卖盘
13:56:18	12.28	-0.01	50	61400	卖盘
13:56:15	12.29	0.01	25	30724	买盘
13:56:09	12.28	--	1	1228	卖盘
13:55:57	12.28	--	5	6140	卖盘
13:55:54	12.28	--	25	30700	卖盘
13:55:48	12.28	--	37	45436	卖盘
13:55:36	12.28	--	92	113737	买盘
13:55:27	12.28	--	40	49120	买盘
13:55:18	12.28	--	20	24560	买盘
13:55:15	12.28	--	2	2456	买盘
13:54:54	12.28	--	8	9824	买盘
13:54:39	12.28	--	112	137536	买盘
13:54:36	12.28	--	30	36840	买盘
13:54:27	12.28	--	20	24560	买盘
13:54:24	12.28	0.04	10	12280	买盘
13:53:54	12.24	-0.04	100	122400	卖盘
13:53:39	12.28	0.02	639	784692	买盘
13:53:21	12.26	0.02	633	776058	买盘
13:53:09	12.24	--	30	36720	卖盘
13:53:03	12.24	--	33	40392	买盘
13:52:57	12.24	0.01	30	36720	买盘
13:52:54	12.23	-0.01	26	31798	卖盘
13:52:48	12.24	--	10	12240	买盘
13:52:42	12.24	--	50	61200	买盘
13:52:30	12.24	0.01	30	36720	中性盘
13:52:21	12.23	-0.01	40	48920	卖盘
13:52:12	12.24	--	6	7344	买盘
13:51:54	12.24	0.01	15	18360	买盘
13:51:51	12.23	-0.01	26	31798	卖盘
13:51:48	12.24	--	10	12240	买盘
13:51:24	12.24	--	2	2448	买盘
13:51:18	12.24	--	2	2448	买盘
13:51:12	12.24	--	53	65361	卖盘
13:51:09	12.24	--	10	12240	卖盘
13:51:00	12.24	--	20	24480	卖盘
13:50:54	12.24	--	50	61200	卖盘
13:50:36	12.24	--	3	3672	卖盘
13:50:33	12.24	--	8	9792	卖盘
13:50:09	12.24	--	6	7344	卖盘
13:49:15	12.24	--	100	122400	卖盘
13:49:06	12.24	--	30	36720	卖盘
13:48:45	12.24	--	17	20808	卖盘
13:48:21	12.24	--	3	3672	卖盘
13:48:03	12.24	--	10	12240	卖盘
13:48:00	12.24	-0.01	30	36720	卖盘
13:47:45	12.25	--	2	2450	买盘
13:47:21	12.25	--	38	46550	买盘
13:46:57	12.25	--	5	6125	买盘
13:46:54	12.25	--	87	106575	买盘
13:46:45	12.25	0.01	5	6125	买盘
13:46:42	12.24	--	100	122400	卖盘
13:46:33	12.24	-0.01	12	15422	卖盘
13:46:24	12.25	--	5	6125	买盘
13:46:18	12.25	0.01	1	1225	买盘
13:46:00	12.24	--	12	14688	卖盘
13:44:54	12.24	--	12	14688	买盘
13:44:51	12.24	--	80	97920	买盘
13:44:48	12.24	--	5	6120	买盘
13:44:36	12.24	--	5	6120	买盘
13:44:33	12.24	--	33	40392	卖盘
13:44:09	12.24	--	2	2448	卖盘
13:43:30	12.24	-0.01	10	12240	卖盘
13:43:12	12.25	0.01	3	3675	买盘
13:42:57	12.24	-0.01	30	36720	卖盘
13:42:36	12.25	0.01	51	62475	买盘
13:42:27	12.24	--	40	48960	卖盘
13:42:06	12.24	--	6	7344	卖盘
13:41:48	12.24	-0.01	1	1224	卖盘
13:41:42	12.25	--	3	3675	买盘
13:41:36	12.25	--	75	91875	买盘
13:41:27	12.25	--	7	8575	买盘
13:41:12	12.25	0.01	1	1225	买盘
13:40:51	12.24	--	1	1224	卖盘
13:40:42	12.24	--	32	39168	卖盘
13:40:33	12.24	--	7	8568	卖盘
13:40:18	12.24	--	59	72216	买盘
13:40:15	12.24	--	17	20808	卖盘
13:40:09	12.24	--	35	42840	卖盘
13:39:54	12.24	-0.01	30	36720	卖盘
13:39:33	12.25	--	16	19734	卖盘
13:39:27	12.25	--	10	12250	卖盘
13:39:18	12.25	--	23	29265	买盘
13:38:45	12.25	--	26	31984	卖盘
13:38:39	12.25	--	15	18375	卖盘
13:38:33	12.25	--	30	36750	卖盘
13:38:24	12.25	--	10	12250	卖盘
13:38:06	12.25	-0.01	1	1225	卖盘
13:37:51	12.26	-0.01	48	60061	卖盘
13:37:48	12.27	0.01	3	3681	买盘
13:37:36	12.26	-0.01	1	1238	中性盘
13:37:24	12.27	0.01	4	4908	买盘
13:37:21	12.26	-0.01	8	9808	中性盘
13:36:57	12.27	--	1	1227	买盘
13:36:42	12.27	0.01	5	6135	买盘
13:36:30	12.26	-0.01	2	2452	卖盘
13:36:15	12.27	0.01	2	2454	买盘
13:36:12	12.26	-0.01	2	2452	卖盘
13:36:09	12.27	--	10	12270	买盘
13:36:03	12.27	-0.01	10	12270	买盘
13:35:18	12.28	--	60	73680	买盘
13:35:09	12.28	0.01	19	23332	买盘
13:35:06	12.27	--	23	28221	卖盘
13:35:03	12.27	-0.01	5	6135	卖盘
13:35:00	12.28	0.01	10	12280	买盘
13:34:57	12.27	--	30	36810	卖盘
13:34:54	12.27	-0.01	10	12270	卖盘
13:34:45	12.28	--	19	23332	买盘
13:34:15	12.28	0.03	30	36840	买盘
13:34:12	12.25	-0.01	50	61250	卖盘
13:34:03	12.26	0.01	1	1226	买盘
13:34:00	12.25	--	65	79625	卖盘
13:33:30	12.25	-0.02	550	673750	卖盘
13:33:15	12.27	--	42	51534	买盘
13:33:12	12.27	0.01	12	14724	买盘
13:33:00	12.26	-0.01	20	24520	卖盘
13:32:33	12.27	--	2	2454	卖盘
13:32:30	12.27	--	48	58896	买盘
13:32:24	12.27	--	10	12270	买盘
13:32:18	12.27	0.01	52	63804	买盘
13:32:15	12.26	-0.01	3	3678	卖盘
13:32:03	12.27	--	9	11043	卖盘
13:32:00	12.27	-0.01	5	6135	卖盘
13:31:54	12.28	0.01	2	2456	买盘
13:31:51	12.27	-0.01	215	263805	卖盘
13:31:48	12.28	0.01	20	24560	买盘
13:31:39	12.27	--	30	36810	卖盘
13:31:18	12.27	--	1	1227	卖盘
13:31:15	12.27	--	20	24540	卖盘
13:31:12	12.27	--	4	4908	卖盘
13:31:09	12.27	--	12	14724	卖盘
13:31:03	12.27	-0.01	10	12270	卖盘
13:30:57	12.28	--	23	28244	买盘
13:30:51	12.28	--	20	24560	买盘
13:30:48	12.28	--	88	108064	买盘
13:30:27	12.28	--	150	184200	买盘
13:30:24	12.28	0.01	1	1228	买盘
13:30:21	12.27	-0.01	10	12270	卖盘
13:29:57	12.28	0.01	32	39296	买盘
13:29:54	12.27	--	2	2454	卖盘
13:29:48	12.27	--	1	1227	卖盘
13:29:45	12.27	-0.01	7	8589	卖盘
13:29:39	12.28	0.01	13	15964	买盘
13:29:33	12.27	--	1	1227	卖盘
13:29:27	12.27	--	2	2454	卖盘
13:29:24	12.27	--	1	1227	卖盘
13:29:21	12.27	-0.01	5	6135	卖盘
13:29:18	12.28	0.01	38	46664	买盘
13:29:15	12.27	--	21	25767	卖盘
13:29:09	12.27	-0.01	8	9816	卖盘
13:29:06	12.28	0.01	10	12280	买盘
13:29:03	12.27	-0.01	1	1227	卖盘
13:28:57	12.28	0.01	3	3684	买盘
13:28:51	12.27	--	5	6135	卖盘
13:28:39	12.27	-0.01	7	8589	卖盘
13:28:36	12.28	--	62	76136	买盘
13:28:27	12.28	--	25	30700	买盘
13:28:24	12.28	0.01	187	229636	买盘
13:28:21	12.27	--	26	31902	卖盘
13:28:12	12.27	--	22	26994	买盘
13:27:57	12.27	0.01	5	6135	中性盘
13:27:27	12.26	--	57	70727	买盘
13:27:21	12.26	0.01	1	1226	买盘
13:27:15	12.25	-0.01	55	67375	卖盘
13:27:06	12.26	--	29	35554	买盘
13:26:54	12.26	--	18	22068	买盘
13:26:51	12.26	-0.01	99	121754	卖盘
13:26:45	12.27	--	103	127227	买盘
13:26:42	12.27	0.01	12	14724	买盘
13:26:33	12.26	-0.01	30	36780	卖盘
13:26:21	12.27	0.01	8	9816	买盘
13:26:15	12.26	--	5	6130	买盘
13:26:12	12.26	-0.01	5	6130	中性盘
13:26:06	12.27	0.01	656	804912	买盘
13:25:48	12.26	0.01	10	12260	买盘
13:25:42	12.25	-0.01	2	2450	卖盘
13:25:18	12.26	--	50	61300	买盘
13:24:45	12.26	--	9	11034	买盘
13:24:18	12.26	--	3	3678	买盘
13:24:12	12.26	--	7	8582	买盘
13:24:03	12.26	--	6	7356	买盘
13:24:00	12.26	0.01	43	52718	买盘
13:23:48	12.25	-0.01	2	2450	卖盘
13:23:45	12.26	0.01	23	28198	买盘
13:23:36	12.25	-0.01	20	24500	卖盘
13:23:21	12.26	--	4	4904	买盘
13:23:15	12.26	--	6	7356	买盘
13:23:03	12.26	-0.01	5	6130	中性盘
13:22:33	12.27	0.01	44	53988	买盘
13:22:30	12.26	--	28	35075	卖盘
13:22:27	12.26	--	55	67430	卖盘
13:22:18	12.26	--	20	24520	卖盘
13:22:06	12.26	--	23	28198	卖盘
13:22:03	12.26	--	20	24520	卖盘
13:21:54	12.26	--	231	283684	买盘
13:21:48	12.26	0.01	21	25746	买盘
13:21:18	12.25	--	30	36750	卖盘
13:20:51	12.25	-0.01	27	33075	卖盘
13:20:42	12.26	--	3	3678	买盘
13:20:33	12.26	--	6	7356	买盘
13:20:18	12.26	--	12	14712	买盘
13:20:09	12.26	0.01	15	18390	买盘
13:20:00	12.25	--	4	4900	卖盘
13:19:54	12.25	-0.01	1	1225	卖盘
13:19:45	12.26	--	0	747	卖盘
13:19:39	12.26	--	10	12260	卖盘
13:19:18	12.26	--	95	116948	买盘
13:19:12	12.26	0.01	4	4904	买盘
13:19:00	12.25	--	1	1470	卖盘
13:18:57	12.25	--	5	6125	卖盘
13:18:48	12.25	--	10	12250	卖盘
13:18:45	12.25	-0.01	1	1225	卖盘
13:18:42	12.26	--	100	122600	买盘
13:18:36	12.26	--	5	6130	买盘
13:18:06	12.26	--	100	122600	买盘
13:17:30	12.26	--	54	66951	卖盘
13:17:18	12.26	--	34	41684	卖盘
13:17:15	12.26	--	219	268972	买盘
13:17:09	12.26	--	52	63752	买盘
13:16:57	12.26	0.01	30	36780	买盘
13:16:48	12.25	--	10	12250	卖盘
13:16:36	12.25	-0.01	23	28175	卖盘
13:16:33	12.26	--	1	1226	买盘
13:16:27	12.26	--	15	18390	买盘
13:16:21	12.26	--	5	6130	买盘
13:16:18	12.26	--	9	11034	买盘
13:16:15	12.26	--	23	28198	卖盘
13:16:12	12.26	--	30	36780	卖盘
13:16:09	12.26	--	5	6130	卖盘
13:16:06	12.26	-0.01	100	122600	卖盘
13:15:57	12.27	0.01	49	60123	买盘
13:15:54	12.26	-0.01	2	2452	卖盘
13:15:48	12.27	--	8	9816	买盘
13:15:45	12.27	0.01	5	6135	买盘
13:15:36	12.26	-0.01	56	68656	卖盘
13:15:15	12.27	0.01	20	24540	买盘
13:15:12	12.26	--	43	52718	卖盘
13:15:03	12.26	-0.01	2	2452	买盘
13:14:57	12.27	0.01	15	18405	买盘
13:14:48	12.26	--	8	9808	买盘
13:14:45	12.26	--	22	26972	中性盘
13:14:36	12.26	-0.01	20	24520	中性盘
13:14:21	12.27	--	20	24540	买盘
13:13:42	12.27	0.05	683	838041	买盘
13:13:27	12.22	-0.01	610	745420	卖盘
13:12:54	12.23	--	2	2446	买盘
13:12:33	12.23	--	1	1223	买盘
13:12:18	12.23	0.01	19	23237	买盘
13:12:12	12.22	-0.01	70	85540	卖盘
13:12:06	12.23	0.01	1	1223	买盘
13:11:54	12.22	--	5	6110	卖盘
13:11:36	12.22	--	1	1222	卖盘
13:11:15	12.22	--	20	24440	卖盘
13:09:57	12.22	-0.01	1	1222	卖盘
13:09:54	12.23	--	1	1223	买盘
13:09:36	12.23	--	1	1223	买盘
13:09:24	12.23	--	17	20791	买盘
13:09:09	12.23	--	3	3669	买盘
13:09:03	12.23	--	6	7338	买盘
13:08:45	12.23	--	84	102732	卖盘
13:08:33	12.23	--	70	85610	卖盘
13:08:30	12.23	--	53	64819	买盘
13:07:24	12.23	--	2	2446	买盘
13:07:03	12.23	0.02	5	6115	买盘
13:06:54	12.21	--	77	94017	卖盘
13:06:42	12.21	--	1	1221	卖盘
13:06:21	12.21	--	10	12210	卖盘
13:06:06	12.21	--	5	6105	卖盘
13:05:54	12.21	--	3	3663	卖盘
13:05:42	12.21	0.01	142	173382	买盘
13:05:39	12.2	-0.01	78	95160	卖盘
13:05:36	12.21	--	5	6105	买盘
13:05:09	12.21	-0.03	3	3663	卖盘
13:04:54	12.24	--	2	2448	买盘
13:04:24	12.24	0.04	29	35496	买盘
13:04:09	12.2	--	2	2452	买盘
13:04:06	12.2	--	20	24400	买盘
13:03:54	12.2	--	6	7320	买盘
13:03:48	12.2	-0.04	71	87827	卖盘
13:02:12	12.24	--	33	40392	买盘
13:01:45	12.24	--	10	12240	买盘
13:01:36	12.24	-0.01	20	24480	中性盘
13:01:12	12.25	--	10	12250	买盘
13:01:09	12.25	--	10	12250	买盘
13:00:54	12.25	0.01	30	36750	买盘
13:00:36	12.24	0.02	50	61200	买盘
13:00:30	12.22	0.01	9	11010	买盘
13:00:21	12.21	--	5	6105	买盘
13:00:18	12.21	0.01	300	366300	买盘
13:00:15	12.2	--	20	24400	买盘
13:00:06	12.2	--	50	61000	买盘
13:00:03	12.2	-0.03	1922	2344840	卖盘
13:00:00	12.23	--	0	0	买盘
11:30:00	12.23	--	2	2446	买盘
11:29:51	12.23	--	5	6115	买盘
11:29:45	12.23	0.01	10	12230	买盘
11:29:21	12.22	-0.01	11	13442	卖盘
11:29:03	12.23	0.02	600	733800	买盘
11:28:51	12.21	-0.01	35	42735	卖盘
11:28:33	12.22	--	25	30550	卖盘
11:28:30	12.22	--	7	8554	买盘
11:28:24	12.22	--	108	131976	买盘
11:28:18	12.22	--	41	50102	买盘
11:28:12	12.22	--	30	36660	买盘
11:28:06	12.22	--	13	15886	买盘
11:27:54	12.22	--	25	30550	买盘
11:27:36	12.22	0.01	4	4888	买盘
11:27:33	12.21	-0.01	45	54945	中性盘
11:27:21	12.22	0.01	3	3666	买盘
11:27:15	12.21	--	1	1221	买盘
11:27:03	12.21	0.01	47	57387	买盘
11:26:42	12.2	--	43	52460	买盘
11:26:36	12.2	--	100	122000	买盘
11:26:24	12.2	--	6	7320	买盘
11:26:12	12.2	-0.01	256	312320	卖盘
11:26:06	12.21	0.01	13	15873	买盘
11:26:00	12.2	--	5	6100	卖盘
11:25:48	12.2	--	1	1220	卖盘
11:25:33	12.2	--	31	37820	买盘
11:25:30	12.2	--	12	14640	买盘
11:25:15	12.2	--	6	7320	买盘
11:25:03	12.2	--	22	26840	买盘
11:24:57	12.2	--	3	3660	买盘
11:24:54	12.2	-0.01	127	154940	卖盘
11:24:42	12.21	--	61	74481	卖盘
11:24:09	12.21	-0.01	3	3663	卖盘
11:23:57	12.22	--	5	6110	买盘
11:23:48	12.22	-0.01	86	105092	卖盘
11:23:45	12.23	0.01	5	6115	买盘
11:23:12	12.22	-0.01	7	8554	卖盘
11:22:45	12.23	--	61	74603	买盘
11:22:42	12.23	-0.01	110	134530	卖盘
11:22:27	12.24	--	2	2545	卖盘
11:22:24	12.24	--	9	12142	卖盘
11:22:15	12.24	--	9	11016	买盘
11:22:12	12.24	--	11	13464	卖盘
11:22:03	12.24	-0.01	4	4896	卖盘
11:21:57	12.25	--	62	75950	买盘
11:21:51	12.25	--	18	22050	买盘
11:21:42	12.25	--	13	15925	买盘
11:21:27	12.25	0.01	246	301350	买盘
11:21:24	12.24	0.01	100	122400	中性盘
11:21:09	12.23	--	38	46474	卖盘
11:21:00	12.23	-0.01	4	4892	卖盘
11:20:54	12.24	--	97	118728	买盘
11:20:45	12.24	0.01	65	79560	买盘
11:20:27	12.23	--	20	24460	买盘
11:20:15	12.23	--	10	12230	买盘
11:20:09	12.23	--	10	12230	买盘
11:20:06	12.23	-0.01	52	63596	卖盘
11:20:00	12.24	0.01	9	11016	买盘
11:19:48	12.23	-0.01	12	14676	中性盘
11:19:39	12.24	--	2	2448	买盘
11:19:24	12.24	--	6	7344	买盘
11:19:12	12.24	-0.01	6	7344	中性盘
11:19:06	12.25	--	5	6125	买盘
11:18:48	12.25	0.01	41	50225	买盘
11:18:42	12.24	--	181	221568	卖盘
11:18:39	12.24	--	100	122400	卖盘
11:18:30	12.24	0.06	1907	2335367	买盘
11:18:03	12.18	-0.01	60	73080	卖盘
11:17:57	12.19	--	39	48467	买盘
11:17:39	12.19	--	62	75578	买盘
11:17:18	12.19	0.01	10	12190	买盘
11:17:15	12.18	-0.01	9	10962	卖盘
11:16:48	12.19	--	1	1219	买盘
11:16:21	12.19	0.01	6	7314	买盘
11:16:00	12.18	-0.01	5	6090	卖盘
11:15:06	12.19	0.01	92	112148	买盘
11:15:03	12.18	-0.01	15	18270	卖盘
11:14:57	12.19	--	10	12190	买盘
11:14:39	12.19	--	4	4876	卖盘
11:14:36	12.19	--	7	8533	买盘
11:14:06	12.19	--	8	9752	卖盘
11:13:27	12.19	0.01	128	156032	买盘
11:13:21	12.18	--	9	10962	卖盘
11:13:06	12.18	--	10	12180	卖盘
11:12:57	12.18	0.01	514	626210	买盘
11:12:39	12.17	-0.01	3	3651	卖盘
11:12:24	12.18	--	28	34104	买盘
11:12:15	12.18	0.01	10	12180	买盘
11:12:12	12.17	-0.01	50	60850	卖盘
11:11:57	12.18	0.01	5	6090	买盘
11:11:42	12.17	--	1	1217	卖盘
11:11:30	12.17	--	23	27991	买盘
11:11:27	12.17	--	5	6085	买盘
11:11:12	12.17	0.01	200	243400	买盘
11:11:03	12.16	--	4	4864	卖盘
11:10:45	12.16	--	3	3648	卖盘
11:10:39	12.16	0.01	117	142272	买盘
11:10:36	12.15	-0.01	38	46170	卖盘
11:10:30	12.16	--	38	46208	买盘
11:10:18	12.16	0.01	18	21888	买盘
11:10:09	12.15	--	39	47385	卖盘
11:09:51	12.15	-0.01	70	85050	卖盘
11:09:45	12.16	0.01	8	9728	买盘
11:09:42	12.15	-0.01	10	12150	卖盘
11:09:39	12.16	--	20	24320	买盘
11:09:27	12.16	--	24	29184	卖盘
11:09:21	12.16	--	5	6080	卖盘
11:09:18	12.16	--	10	12160	卖盘
11:09:06	12.16	--	22	26752	卖盘
11:09:03	12.16	--	11	13376	卖盘
11:09:00	12.16	--	3	3648	卖盘
11:08:57	12.16	--	102	124032	卖盘
11:08:54	12.16	-0.01	40	48640	卖盘
11:08:27	12.17	--	19	23123	卖盘
11:08:24	12.17	--	16	19472	卖盘
11:08:21	12.17	--	260	316420	卖盘
11:08:15	12.17	--	10	12170	卖盘
11:07:54	12.17	--	346	421082	卖盘
11:07:51	12.17	--	3	3651	卖盘
11:07:48	12.17	-0.01	5	6085	卖盘
11:07:45	12.18	--	3	3654	买盘
11:07:42	12.18	--	13	15834	买盘
11:07:39	12.18	0.01	24	29232	买盘
11:07:36	12.17	--	202	245834	卖盘
11:07:30	12.17	--	100	121700	卖盘
11:07:18	12.17	-0.01	44	53548	卖盘
11:07:12	12.18	-0.01	76	93627	卖盘
11:06:30	12.19	0.01	70	85330	买盘
11:06:18	12.18	--	30	36540	卖盘
11:06:12	12.18	--	50	60900	卖盘
11:06:03	12.18	-0.01	17	20706	卖盘
11:06:00	12.19	0.01	5	6095	买盘
11:05:57	12.18	--	10	12180	卖盘
11:05:54	12.18	--	12	14616	卖盘
11:05:48	12.18	--	230	280140	卖盘
11:05:45	12.18	--	30	36540	卖盘
11:05:18	12.18	-0.01	23	28014	卖盘
11:05:12	12.19	--	2	2438	买盘
11:04:54	12.19	--	21	25599	卖盘
11:04:24	12.19	--	79	96301	买盘
11:04:00	12.19	0.01	10	12190	买盘
11:03:54	12.18	--	1	1218	卖盘
11:03:48	12.18	-0.01	4	4872	卖盘
11:03:30	12.19	--	1	1219	买盘
11:03:27	12.19	--	6	7314	买盘
11:03:21	12.19	--	16	19504	买盘
11:03:18	12.19	--	5	7179	卖盘
11:03:09	12.19	-0.01	115	140185	卖盘
11:02:36	12.2	--	908	1107784	卖盘
11:02:27	12.2	-0.01	30	36600	卖盘
11:02:18	12.21	0.01	10	12210	买盘
11:02:09	12.2	-0.01	10	12200	卖盘
11:02:06	12.21	0.01	2	2442	买盘
11:01:57	12.2	0.01	59	73175	买盘
11:01:48	12.19	-0.01	144	175536	卖盘
11:01:42	12.2	--	5	6100	买盘
11:01:39	12.2	--	17	20764	卖盘
11:01:30	12.2	--	50	61000	卖盘
11:01:18	12.2	-0.01	7	8540	卖盘
11:01:00	12.21	0.01	20	24420	买盘
11:00:57	12.2	--	180	219600	卖盘
11:00:42	12.2	--	77	95135	卖盘
11:00:39	12.2	--	3	3660	卖盘
11:00:36	12.2	-0.01	10	12200	卖盘
11:00:33	12.21	--	50	61050	买盘
11:00:21	12.21	0.01	5	6105	买盘
11:00:09	12.2	--	2	2440	卖盘
11:00:00	12.2	--	10	12200	卖盘
10:59:57	12.2	--	34	41480	卖盘
10:59:45	12.2	--	2	2440	卖盘
10:59:36	12.2	-0.01	18	21960	卖盘
10:59:15	12.21	-0.01	53	64713	卖盘
10:58:57	12.22	0.01	12	14664	买盘
10:58:54	12.21	--	6	7326	卖盘
10:58:51	12.21	--	50	61050	卖盘
10:58:45	12.21	--	19	23199	买盘
10:58:42	12.21	0.01	14	17094	买盘
10:58:39	12.2	--	20	24400	卖盘
10:58:30	12.2	--	1	1220	卖盘
10:58:24	12.2	--	15	18300	卖盘
10:58:18	12.2	-0.01	10	12200	卖盘
10:58:15	12.21	0.01	10	12210	买盘
10:58:00	12.2	--	9	10980	卖盘
10:57:57	12.2	--	2	2440	卖盘
10:57:54	12.2	--	10	12200	卖盘
10:57:45	12.2	--	7	8540	卖盘
10:57:39	12.2	--	35	42700	买盘
10:57:30	12.2	--	19	23180	卖盘
10:57:24	12.2	--	2	2440	卖盘
10:57:21	12.2	--	87	106140	卖盘
10:57:18	12.2	-0.01	10	12200	卖盘
10:57:12	12.21	--	30	36630	买盘
10:57:09	12.21	--	10	12210	买盘
10:57:03	12.21	--	58	70818	卖盘
10:56:54	12.21	--	50	61050	卖盘
10:56:51	12.21	-0.01	82	100122	卖盘
10:56:48	12.22	--	6	7332	卖盘
10:56:42	12.22	--	20	24440	卖盘
10:56:39	12.22	--	59	72098	买盘
10:56:36	12.22	0.01	423	516906	买盘
10:56:33	12.21	--	2	2442	卖盘
10:56:21	12.21	-0.01	20	24420	卖盘
10:56:12	12.22	0.01	5	6110	买盘
10:56:00	12.21	--	9	10989	卖盘
10:55:51	12.21	--	20	24420	卖盘
10:55:48	12.21	-0.01	30	36630	卖盘
10:55:36	12.22	--	20	24440	买盘
10:54:57	12.22	0.01	35	42770	买盘
10:54:54	12.21	-0.01	25	30525	卖盘
10:54:51	12.22	--	56	68432	买盘
10:54:39	12.22	--	2	2444	买盘
10:54:18	12.22	--	5	6110	买盘
10:54:06	12.22	--	35	42770	买盘
10:54:03	12.22	--	6	7332	买盘
10:54:00	12.22	--	10	12220	买盘
10:53:48	12.22	--	2	2444	买盘
10:53:45	12.22	0.01	50	61100	买盘
10:53:39	12.21	-0.01	29	35409	卖盘
10:53:30	12.22	--	15	18330	买盘
10:53:24	12.22	--	5	6110	买盘
10:53:21	12.22	-0.01	9	10998	中性盘
10:52:54	12.23	0.02	536	655528	买盘
10:52:39	12.21	--	10	12210	卖盘
10:52:18	12.21	0.01	197	240537	买盘
10:51:42	12.2	0.01	188	229360	买盘
10:51:39	12.19	--	2	2438	卖盘
10:51:24	12.19	--	14	17200	买盘
10:51:21	12.19	-0.01	15	19369	卖盘
10:51:18	12.2	0.01	3	3660	买盘
10:51:00	12.19	--	19	23295	买盘
10:50:42	12.19	--	18	23026	卖盘
10:50:36	12.19	--	9	10971	卖盘
10:50:24	12.19	--	20	24380	卖盘
10:50:12	12.19	0.01	152	185422	买盘
10:50:03	12.18	--	1	1218	卖盘
10:50:00	12.18	--	30	36540	卖盘
10:49:54	12.18	-0.01	13	15834	卖盘
10:49:48	12.19	0.01	50	60950	买盘
10:49:36	12.18	-0.01	20	24360	卖盘
10:49:27	12.19	--	3	3657	买盘
10:49:24	12.19	--	50	60950	买盘
10:49:21	12.19	--	20	24380	买盘
10:49:18	12.19	0.01	4	4876	买盘
10:49:12	12.18	-0.01	10	12180	卖盘
10:49:06	12.19	--	25	30475	买盘
10:48:57	12.19	--	33	40227	买盘
10:48:48	12.19	--	49	59731	卖盘
10:48:45	12.19	0.01	11	13409	中性盘
10:48:09	12.18	-0.01	20	24360	卖盘
10:48:00	12.19	0.01	150	182850	买盘
10:47:57	12.18	--	172	209496	卖盘
10:47:54	12.18	--	2	2436	卖盘
10:47:42	12.18	--	9	10962	卖盘
10:47:33	12.18	-0.01	400	487200	卖盘
10:47:24	12.19	0.01	103	125557	中性盘
10:45:54	12.18	--	0	12	卖盘
10:45:42	12.18	--	1	1218	卖盘
10:45:27	12.18	-0.01	100	121800	卖盘
10:45:24	12.19	--	51	62169	买盘
10:45:12	12.19	0.01	50	60950	买盘
10:45:06	12.18	-0.01	10	12180	卖盘
10:44:30	12.19	--	203	247457	卖盘
10:44:15	12.19	-0.01	6	7314	卖盘
10:43:51	12.2	--	47	58425	卖盘
10:43:39	12.2	0.01	102	124574	买盘
10:43:33	12.19	-0.01	20	24380	卖盘
10:43:12	12.2	0.01	3	3660	买盘
10:43:03	12.19	-0.01	20	24380	卖盘
10:42:54	12.2	0.01	50	61000	买盘
10:42:48	12.19	-0.01	8	9752	卖盘
10:42:30	12.2	0.01	5	6100	买盘
10:41:54	12.19	--	7	8533	卖盘
10:41:42	12.19	-0.01	8	9752	卖盘
10:41:03	12.2	--	57	70625	卖盘
10:40:57	12.2	--	1	1220	卖盘
10:40:51	12.2	-0.01	80	97600	卖盘
10:40:42	12.21	--	47	57387	买盘
10:40:12	12.21	0.01	14	17094	买盘
10:40:00	12.2	--	5	6100	卖盘
10:39:57	12.2	--	29	35380	卖盘
10:39:42	12.2	--	30	36600	卖盘
10:39:39	12.2	--	2	2440	卖盘
10:39:24	12.2	-0.01	50	61000	卖盘
10:39:15	12.21	0.01	60	73260	买盘
10:39:12	12.2	--	5	6100	卖盘
10:39:06	12.2	-0.01	10	12200	卖盘
10:38:48	12.21	--	50	61050	买盘
10:38:33	12.21	--	3	3663	买盘
10:38:30	12.21	--	3	3663	买盘
10:38:06	12.21	--	4	4884	买盘
10:37:54	12.21	0.01	6	7326	买盘
10:37:42	12.2	--	16	19520	卖盘
10:37:27	12.2	--	12	14640	卖盘
10:37:24	12.2	-0.01	5	6100	卖盘
10:37:21	12.21	0.01	15	18315	买盘
10:37:18	12.2	--	27	32940	卖盘
10:37:00	12.2	--	5	6100	卖盘
10:36:21	12.2	-0.01	50	61000	卖盘
10:36:18	12.21	0.01	30	36630	买盘
10:36:15	12.2	--	6	7320	卖盘
10:36:09	12.2	--	20	24400	卖盘
10:35:57	12.2	--	10	12200	卖盘
10:35:54	12.2	--	108	131894	买盘
10:35:39	12.2	0.02	14	17080	买盘
10:35:36	12.18	-0.02	5	6090	卖盘
10:35:27	12.2	--	11	13420	买盘
10:35:15	12.2	0.01	6	7320	买盘
10:35:12	12.19	0.01	3	4047	买盘
10:35:06	12.18	--	10	12180	卖盘
10:35:00	12.18	--	5	6090	卖盘
10:34:45	12.18	-0.01	10	12180	卖盘
10:34:27	12.19	0.01	25	30475	买盘
10:34:18	12.18	--	27	33032	买盘
10:34:00	12.18	--	38	46284	买盘
10:33:57	12.18	--	10	12180	买盘
10:33:30	12.18	--	4	4872	卖盘
10:33:03	12.18	--	100	121800	卖盘
10:32:42	12.18	0.01	20	24360	中性盘
10:32:24	12.17	-0.02	18	21906	卖盘
10:32:18	12.19	0.02	404	492476	买盘
10:32:15	12.17	--	41	49897	卖盘
10:31:51	12.17	--	5	6085	卖盘
10:31:45	12.17	-0.01	30	36510	卖盘
10:31:42	12.18	-0.01	92	112056	卖盘
10:31:39	12.19	--	2	2438	买盘
10:31:18	12.19	--	5	6095	买盘
10:31:03	12.19	--	53	64607	卖盘
10:31:00	12.19	--	54	65826	卖盘
10:30:39	12.19	--	31	37789	卖盘
10:30:36	12.19	--	7	8533	卖盘
10:30:27	12.19	-0.01	10	12190	卖盘
10:30:18	12.2	--	1	1220	买盘
10:29:48	12.2	--	4	5965	卖盘
10:29:36	12.2	--	83	101394	买盘
10:29:21	12.2	0.01	8	9760	买盘
10:28:45	12.19	--	4	4876	卖盘
10:27:57	12.19	0.01	3	3657	买盘
10:27:51	12.18	-0.01	10	12180	卖盘
10:27:39	12.19	--	22	26818	买盘
10:27:30	12.19	--	1	1219	买盘
10:27:27	12.19	--	4	4876	买盘
10:27:15	12.19	0.01	10	12190	买盘
10:27:12	12.18	-0.01	2	2436	卖盘
10:27:06	12.19	--	5	6095	买盘
10:26:51	12.19	0.01	3	3657	买盘
10:26:45	12.18	-0.01	2	2436	卖盘
10:26:36	12.19	--	20	24380	买盘
10:26:24	12.19	-0.01	15	18285	卖盘
10:25:54	12.2	--	103	126745	卖盘
10:25:48	12.2	--	1	1220	卖盘
10:25:39	12.2	--	10	12200	卖盘
10:25:36	12.2	--	2	2440	卖盘
10:25:24	12.2	-0.01	30	36600	卖盘
10:25:18	12.21	--	6	7326	买盘
10:25:15	12.21	--	10	12210	买盘
10:25:06	12.21	--	11	13431	卖盘
10:24:39	12.21	-0.02	2	2442	卖盘
10:24:33	12.23	0.02	50	61150	买盘
10:24:30	12.21	-0.02	20	24420	卖盘
10:24:21	12.23	--	9	11007	买盘
10:24:12	12.23	--	5	6115	买盘
10:24:00	12.23	-0.01	1	1223	中性盘
10:23:57	12.24	--	17	20808	买盘
10:23:51	12.24	0.01	12	14688	买盘
10:23:48	12.23	--	6	7338	卖盘
10:23:45	12.23	-0.01	135	165105	卖盘
10:23:42	12.24	0.01	2	2448	买盘
10:23:39	12.23	--	70	85610	卖盘
10:23:33	12.23	-0.01	61	74603	卖盘
10:23:30	12.24	0.01	59	72216	买盘
10:23:27	12.23	--	25	30575	卖盘
10:23:09	12.23	0.02	152	186764	买盘
10:22:57	12.21	-0.01	214	261294	卖盘
10:22:48	12.22	--	23	28106	卖盘
10:22:45	12.22	--	20	24440	卖盘
10:22:42	12.22	--	27	32994	卖盘
10:22:33	12.22	--	6	7332	卖盘
10:22:24	12.22	--	50	61100	卖盘
10:22:21	12.22	--	10	12220	卖盘
10:22:18	12.22	--	20	24440	卖盘
10:21:57	12.22	--	19	23218	卖盘
10:21:54	12.22	--	50	61100	卖盘
10:21:51	12.22	--	41	50102	卖盘
10:21:45	12.22	--	27	32994	买盘
10:21:39	12.22	0.01	23	28106	买盘
10:21:36	12.21	--	5	6105	卖盘
10:21:33	12.21	--	25	30525	卖盘
10:21:21	12.21	--	47	57387	买盘
10:21:15	12.21	--	3	3663	买盘
10:21:12	12.21	0.01	3	3663	买盘
10:21:09	12.2	-0.01	2	2440	卖盘
10:21:03	12.21	0.01	5	6105	买盘
10:21:00	12.2	--	21	25620	卖盘
10:20:51	12.2	--	24	29414	买盘
10:20:36	12.2	--	24	29280	买盘
10:20:33	12.2	--	19	23180	买盘
10:20:24	12.2	0.01	74	90280	买盘
10:20:21	12.19	0.01	18	21942	买盘
10:20:00	12.18	--	31	37758	买盘
10:19:54	12.18	--	2	2436	买盘
10:19:48	12.18	--	397	483546	买盘
10:19:27	12.18	--	80	97440	买盘
10:19:15	12.18	--	170	207060	买盘
10:19:12	12.18	--	4	4872	买盘
10:19:00	12.18	-0.01	176	214368	卖盘
10:18:42	12.19	--	3	3657	买盘
10:18:33	12.19	--	34	41446	买盘
10:18:24	12.19	0.01	6	7314	买盘
10:18:21	12.18	--	15	18270	买盘
10:18:18	12.18	0.01	17	20706	买盘
10:18:09	12.17	--	25	30425	买盘
10:18:06	12.17	--	28	34076	买盘
10:18:03	12.17	--	20	24340	买盘
10:17:54	12.17	--	38	46246	卖盘
10:17:42	12.17	--	50	60850	卖盘
10:17:36	12.17	-0.01	33	40161	卖盘
10:17:15	12.18	--	10	12180	卖盘
10:17:06	12.18	--	10	12180	卖盘
10:16:48	12.18	--	4	4872	买盘
10:16:27	12.18	-0.02	16	19488	卖盘
10:16:24	12.2	0.01	11	13420	买盘
10:16:18	12.19	0.01	6	7314	卖盘
10:16:15	12.18	-0.02	32	38976	卖盘
10:16:12	12.2	0.02	30	36600	买盘
10:16:03	12.18	-0.01	221	269178	卖盘
10:16:00	12.19	-0.01	5	6095	卖盘
10:15:57	12.2	--	5	6100	买盘
10:15:54	12.2	--	127	156025	卖盘
10:15:51	12.2	--	24	29280	卖盘
10:15:48	12.2	--	3	3660	卖盘
10:15:39	12.2	--	7	8540	卖盘
10:15:36	12.2	--	3	3660	卖盘
10:15:06	12.2	-0.01	20	24400	卖盘
10:14:57	12.21	0.01	4	5018	买盘
10:14:48	12.2	-0.01	40	48800	卖盘
10:14:42	12.21	--	9	10989	买盘
10:14:33	12.21	--	100	122100	买盘
10:14:00	12.21	--	12	14652	买盘
10:13:57	12.21	--	20	24420	买盘
10:13:48	12.21	-0.02	12	15738	卖盘
10:13:45	12.23	0.02	10	12230	买盘
10:13:39	12.21	--	54	65934	卖盘
10:13:33	12.21	--	8	9768	卖盘
10:12:57	12.21	--	3	3797	买盘
10:12:54	12.21	0.01	21	25641	买盘
10:12:51	12.2	-0.01	50	61000	卖盘
10:12:45	12.21	0.01	19	23199	买盘
10:12:36	12.2	-0.01	20	24400	卖盘
10:12:33	12.21	--	5	6105	买盘
10:12:30	12.21	0.01	197	240537	买盘
10:12:18	12.2	-0.01	5	6100	卖盘
10:12:15	12.21	--	5	6105	买盘
10:12:12	12.21	--	10	12210	买盘
10:12:00	12.21	--	185	225885	买盘
10:11:42	12.21	0.01	23	28083	买盘
10:11:39	12.2	--	5	6100	卖盘
10:11:27	12.2	0.01	61	74420	卖盘
10:11:21	12.19	--	20	24380	卖盘
10:11:15	12.19	-0.02	20	24380	卖盘
10:11:06	12.21	0.01	10	12210	买盘
10:11:03	12.2	--	1	1220	买盘
10:10:51	12.2	-0.01	89	109665	卖盘
10:10:39	12.21	0.01	30	36630	买盘
10:10:33	12.2	--	12	14640	卖盘
10:10:12	12.2	0.02	122	148974	买盘
10:10:09	12.18	-0.02	40	48720	卖盘
10:10:00	12.2	0.01	37	45140	买盘
10:09:54	12.19	--	54	65826	卖盘
10:09:48	12.19	--	2	2438	卖盘
10:09:36	12.19	--	116	141404	买盘
10:09:27	12.19	--	71	86549	卖盘
10:09:21	12.19	0.01	44	53636	中性盘
10:09:03	12.18	-0.01	10	12180	卖盘
10:08:57	12.19	0.01	15	18285	买盘
10:08:51	12.18	--	2	2436	卖盘
10:08:45	12.18	--	20	24360	卖盘
10:08:42	12.18	--	190	231420	卖盘
10:08:39	12.18	--	23	28014	卖盘
10:08:33	12.18	--	50	60900	卖盘
10:08:27	12.18	-0.01	14	17052	卖盘
10:08:12	12.19	--	6	7314	卖盘
10:08:03	12.19	--	33	40227	卖盘
10:08:00	12.19	-0.01	2	2438	卖盘
10:07:45	12.2	--	1	1220	卖盘
10:07:39	12.2	--	12	14640	卖盘
10:07:36	12.2	--	90	109800	卖盘
10:07:30	12.2	--	30	36600	卖盘
10:07:27	12.2	-0.01	10	12200	卖盘
10:07:24	12.21	0.01	47	57387	买盘
10:07:18	12.2	-0.01	15	18300	卖盘
10:07:12	12.21	--	44	53724	卖盘
10:07:09	12.21	--	120	146520	卖盘
10:07:06	12.21	--	30	36630	卖盘
10:07:03	12.21	--	104	126984	卖盘
10:06:57	12.21	--	23	28083	卖盘
10:06:45	12.21	--	10	12210	卖盘
10:06:39	12.21	--	3	3663	卖盘
10:06:33	12.21	--	5	6105	卖盘
10:06:30	12.21	--	32	39072	买盘
10:06:12	12.21	--	99	120879	卖盘
10:06:06	12.21	-0.02	64	78144	卖盘
10:06:00	12.23	--	53	64819	卖盘
10:05:57	12.23	--	7	8561	卖盘
10:05:30	12.23	--	4	4892	卖盘
10:05:27	12.23	--	3	3669	卖盘
10:05:24	12.23	--	65	79495	卖盘
10:05:21	12.23	--	35	42805	卖盘
10:05:12	12.23	0.01	191	233593	买盘
10:05:09	12.22	-0.01	10	12220	卖盘
10:04:48	12.23	-0.01	5	6115	卖盘
10:04:42	12.24	--	2	2448	买盘
10:04:33	12.24	--	8	9792	买盘
10:04:30	12.24	0.02	5	6120	中性盘
10:04:27	12.22	0.01	20	24440	中性盘
10:04:18	12.21	-0.04	8	9768	卖盘
10:04:03	12.25	0.04	14	17150	买盘
10:03:39	12.21	--	30	36630	卖盘
10:03:36	12.21	--	20	24420	卖盘
10:03:18	12.21	--	1	1221	卖盘
10:03:06	12.21	0.02	17	20757	中性盘
10:02:54	12.19	--	20	24380	卖盘
10:02:51	12.19	-0.01	30	36570	卖盘
10:02:48	12.2	--	213	259859	卖盘
10:02:45	12.2	-0.05	263	320860	卖盘
10:02:42	12.25	--	12	14700	卖盘
10:02:39	12.25	-0.01	1	1225	卖盘
10:02:33	12.26	--	15	18390	买盘
10:02:27	12.26	-0.01	37	45362	买盘
10:02:21	12.27	0.01	78	96442	买盘
10:02:18	12.26	--	25	30650	卖盘
10:02:15	12.26	-0.01	123	150798	卖盘
10:02:12	12.27	--	9	11043	买盘
10:02:09	12.27	0.01	1	1227	买盘
10:02:06	12.26	--	149	183458	卖盘
10:02:03	12.26	--	4	4904	卖盘
10:01:57	12.26	--	15	18390	卖盘
10:01:54	12.26	--	10	12260	卖盘
10:01:51	12.26	0.02	312	383443	买盘
10:01:45	12.24	-0.01	15	18360	卖盘
10:01:42	12.25	0.01	51	62475	买盘
10:01:39	12.24	-0.01	10	12240	中性盘
10:01:30	12.25	0.01	238	291550	买盘
10:01:27	12.24	--	10	12240	买盘
10:01:24	12.24	0.03	20	24480	买盘
10:01:18	12.21	--	6	7326	卖盘
10:01:06	12.21	0.01	156	190476	买盘
10:00:57	12.2	--	50	61000	卖盘
10:00:39	12.2	--	16	19520	卖盘
10:00:33	12.2	-0.01	12	14640	卖盘
10:00:21	12.21	--	5	6105	买盘
10:00:18	12.21	--	18	21978	买盘
10:00:12	12.21	--	4	4884	买盘
10:00:09	12.21	-0.04	147	179487	卖盘
09:59:48	12.25	0.03	138	169050	买盘
09:59:45	12.22	0.01	25	30550	买盘
09:59:42	12.21	--	9	10989	买盘
09:59:33	12.21	-0.01	21	25641	卖盘
09:59:27	12.22	--	2	2444	买盘
09:59:24	12.22	--	10	12220	买盘
09:59:21	12.22	--	35	42770	买盘
09:59:18	12.22	--	1	1222	买盘
09:59:12	12.22	0.01	46	56212	买盘
09:59:09	12.21	--	10	12210	买盘
09:59:06	12.21	-0.01	12	14652	卖盘
09:59:00	12.22	--	60	73320	买盘
09:58:54	12.22	--	8	9776	买盘
09:58:42	12.22	0.02	16	19552	买盘
09:58:36	12.2	--	28	34160	卖盘
09:58:30	12.2	--	3	3660	卖盘
09:58:24	12.2	--	26	31719	卖盘
09:58:21	12.2	--	27	32940	买盘
09:58:06	12.2	--	4	4880	买盘
09:58:03	12.2	--	22	26840	买盘
09:58:00	12.2	-0.02	162	197640	卖盘
09:57:54	12.22	--	16	19552	买盘
09:57:45	12.22	0.01	3	3666	买盘
09:57:42	12.21	-0.01	13	15873	中性盘
09:57:30	12.22	-0.03	128	156855	卖盘
09:57:27	12.25	--	201	246225	卖盘
09:57:24	12.25	--	35	42875	卖盘
09:57:21	12.25	--	82	100450	卖盘
09:57:18	12.25	--	35	42875	卖盘
09:57:15	12.25	--	65	80409	卖盘
09:57:12	12.25	--	10	12250	卖盘
09:57:09	12.25	0.05	1312	1607200	买盘
09:57:00	12.2	-0.02	29	35380	卖盘
09:56:54	12.22	--	49	59878	买盘
09:56:48	12.22	-0.01	166	202852	卖盘
09:56:45	12.23	-0.02	71	86833	中性盘
09:56:36	12.25	--	62	75950	买盘
09:56:33	12.25	--	20	24500	买盘
09:56:30	12.25	--	18	22050	买盘
09:56:27	12.25	--	22	26950	买盘
09:56:21	12.25	--	150	183750	买盘
09:56:18	12.25	--	30	36750	买盘
09:56:15	12.25	-0.01	149	182525	卖盘
09:56:12	12.26	--	150	183900	卖盘
09:56:06	12.26	--	10	12260	卖盘
09:56:00	12.26	--	10	12260	买盘
09:55:57	12.26	0.01	4	4904	买盘
09:55:51	12.25	0.03	140	171500	买盘
09:55:42	12.22	-0.08	10	12220	卖盘
09:55:36	12.3	0.11	250	307500	买盘
09:55:33	12.19	-0.01	18	21942	买盘
09:55:30	12.2	--	12	14640	卖盘
09:55:27	12.2	0.01	34	41480	买盘
09:55:18	12.19	0.01	48	58512	买盘
09:55:12	12.18	--	177	215586	买盘
09:55:03	12.18	0.02	800	974400	买盘
09:55:00	12.16	--	9	10944	卖盘
09:54:54	12.16	--	37	44992	买盘
09:54:42	12.16	--	50	60800	买盘
09:54:39	12.16	-0.02	10	12160	中性盘
09:54:00	12.18	0.1	9	10962	买盘
09:53:57	12.08	--	20	24160	卖盘
09:53:54	12.08	-0.1	65	78520	卖盘
09:53:39	12.18	--	7	8526	买盘
09:53:36	12.18	0.1	1618	1970724	买盘
09:53:30	12.08	--	1	1208	卖盘
09:52:54	12.08	-0.03	30	36240	卖盘
09:52:51	12.11	0.02	9	10899	买盘
09:52:45	12.09	--	2	2418	买盘
09:52:42	12.09	-0.01	108	130572	卖盘
09:52:36	12.1	--	3	3630	买盘
09:52:27	12.1	--	12	14520	卖盘
09:52:24	12.1	--	5	6050	卖盘
09:52:21	12.1	-0.01	13	15730	卖盘
09:52:15	12.11	0.01	1	1211	买盘
09:51:30	12.1	--	1	1210	卖盘
09:51:24	12.1	--	56	67760	卖盘
09:51:21	12.1	0.01	1	1210	买盘
09:51:15	12.09	-0.01	15	18135	卖盘
09:51:12	12.1	--	13	15730	卖盘
09:51:00	12.1	--	1	1210	买盘
09:50:39	12.1	--	10	12100	卖盘
09:50:36	12.1	0.01	26	31460	买盘
09:50:30	12.09	--	31	37479	卖盘
09:50:27	12.09	-0.01	400	483600	卖盘
09:50:12	12.1	--	4	4840	卖盘
09:50:06	12.1	0.01	47	56870	买盘
09:50:03	12.09	--	9	10881	卖盘
09:49:54	12.09	--	10	12090	卖盘
09:49:51	12.09	--	10	12090	卖盘
09:49:45	12.09	--	2	2418	卖盘
09:49:30	12.09	-0.01	400	483600	卖盘
09:49:18	12.1	-0.01	21	25410	卖盘
09:48:42	12.11	0.01	20	24220	买盘
09:48:30	12.1	-0.02	20	24200	中性盘
09:48:15	12.12	0.03	6	7271	中性盘
09:47:57	12.09	-0.03	500	604500	卖盘
09:47:42	12.12	-0.01	8	9696	卖盘
09:47:39	12.13	--	4	4852	买盘
09:47:36	12.13	--	6	7278	买盘
09:47:30	12.13	0.01	2	2426	买盘
09:47:27	12.12	--	10	12120	卖盘
09:47:21	12.12	--	1	1212	卖盘
09:47:18	12.12	--	10	12120	卖盘
09:46:57	12.12	--	19	23028	买盘
09:46:45	12.12	0.02	20	24240	买盘
09:46:42	12.1	-0.03	500	605000	卖盘
09:46:06	12.13	0.02	107	130203	买盘
09:46:00	12.11	-0.02	2	2422	卖盘
09:45:57	12.13	--	6	7278	买盘
09:45:33	12.13	--	5	6065	买盘
09:45:30	12.13	0.03	73	88549	买盘
09:45:27	12.1	--	50	60500	卖盘
09:45:21	12.1	-0.03	1	1210	卖盘
09:45:15	12.13	0.03	2	2426	买盘
09:45:00	12.1	--	49	59290	买盘
09:44:57	12.1	--	44	53240	买盘
09:44:54	12.1	--	21	25410	买盘
09:44:48	12.1	--	11	13310	买盘
09:44:42	12.1	--	32	38720	买盘
09:44:39	12.1	--	101	122210	卖盘
09:44:36	12.1	--	17	20570	卖盘
09:44:15	12.1	--	35	42350	买盘
09:44:12	12.1	-0.03	35	42350	卖盘
09:43:57	12.13	0.03	10	12130	买盘
09:43:54	12.1	0.01	20	24200	买盘
09:43:45	12.09	-0.01	703	849927	卖盘
09:43:39	12.1	--	13	15730	卖盘
09:43:24	12.1	-0.02	54	65340	卖盘
09:43:21	12.12	--	21	25452	买盘
09:43:12	12.12	--	5	6060	买盘
09:43:03	12.12	--	56	67872	卖盘
09:42:54	12.12	-0.01	20	24240	卖盘
09:42:42	12.13	--	10	12130	买盘
09:42:39	12.13	--	34	41242	买盘
09:42:30	12.13	--	3	3639	买盘
09:42:18	12.13	--	10	12130	卖盘
09:42:09	12.13	-0.01	6	7278	卖盘
09:41:57	12.14	0.01	15	18210	买盘
09:41:48	12.13	-0.01	1	1213	卖盘
09:41:39	12.14	--	1	1214	买盘
09:41:27	12.14	0.01	2	2428	买盘
09:41:21	12.13	--	9	10917	买盘
09:41:12	12.13	--	1	1213	卖盘
09:41:03	12.13	-0.01	17	20621	卖盘
09:41:00	12.14	0.01	5	6070	买盘
09:40:51	12.13	0.01	17	20621	买盘
09:40:48	12.12	--	10	12120	卖盘
09:40:30	12.12	-0.01	1	1212	卖盘
09:40:27	12.13	0.01	8	9704	买盘
09:40:24	12.12	--	30	36360	卖盘
09:40:12	12.12	0.03	41	49692	买盘
09:39:57	12.09	--	6	7254	买盘
09:39:54	12.09	0.01	10	12090	中性盘
09:39:39	12.08	-0.01	7	8456	卖盘
09:39:36	12.09	--	5	6045	买盘
09:39:21	12.09	--	5	6045	买盘
09:39:15	12.09	--	6	7254	买盘
09:39:09	12.09	-0.01	2	2418	卖盘
09:39:06	12.1	0.01	25	30250	买盘
09:39:00	12.09	--	21	25389	卖盘
09:38:39	12.09	--	1	1209	卖盘
09:38:36	12.09	0.02	1	1209	买盘
09:38:18	12.07	--	2	2414	卖盘
09:38:00	12.07	--	19	22933	买盘
09:37:54	12.07	--	20	24140	买盘
09:37:45	12.07	--	6	7242	卖盘
09:37:42	12.07	--	39	47073	卖盘
09:37:39	12.07	0.01	10	12070	卖盘
09:37:30	12.06	-0.01	93	112158	卖盘
09:37:27	12.07	0.01	12	14484	卖盘
09:37:21	12.06	-0.01	26	31356	卖盘
09:37:18	12.07	0.01	56	67592	买盘
09:37:15	12.06	--	40	48240	卖盘
09:37:12	12.06	-0.01	2	2412	卖盘
09:37:06	12.07	0.01	4	4828	买盘
09:37:00	12.06	-0.01	3	3618	卖盘
09:36:51	12.07	--	30	36210	买盘
09:36:45	12.07	--	14	16898	买盘
09:36:39	12.07	--	2	2414	买盘
09:36:36	12.07	--	25	30175	中性盘
09:36:15	12.07	-0.02	101	121907	卖盘
09:36:12	12.09	--	9	10881	卖盘
09:36:06	12.09	--	41	49569	买盘
09:35:57	12.09	--	4	4836	买盘
09:35:54	12.09	0.01	39	47151	买盘
09:35:48	12.08	--	24	28992	卖盘
09:35:33	12.08	-0.01	8	9664	卖盘
09:35:30	12.09	--	18	21762	买盘
09:35:21	12.09	0.01	20	24180	买盘
09:35:15	12.08	-0.01	20	24160	卖盘
09:35:12	12.09	0.01	41	49569	买盘
09:35:09	12.08	-0.01	23	27784	卖盘
09:35:06	12.09	--	10	12090	买盘
09:35:00	12.09	--	8	9672	买盘
09:34:57	12.09	--	36	43524	卖盘
09:34:48	12.09	-0.02	50	60450	卖盘
09:34:42	12.11	-0.03	6	7266	卖盘
09:34:36	12.14	0.03	5	6070	买盘
09:34:33	12.11	-0.03	2	2422	卖盘
09:34:27	12.14	--	2	2428	买盘
09:34:24	12.14	-0.01	4	4856	中性盘
09:34:03	12.15	--	78	94770	买盘
09:34:00	12.15	0.01	5	6075	买盘
09:33:54	12.14	--	10	12140	卖盘
09:33:51	12.14	0.04	159	193026	买盘
09:33:39	12.1	0.02	4	4840	中性盘
09:33:21	12.08	--	50	60400	卖盘
09:33:18	12.08	--	20	24160	卖盘
09:33:12	12.08	-0.03	15	18120	卖盘
09:33:09	12.11	0.03	36	43596	买盘
09:33:06	12.08	0.02	12	14496	中性盘
09:33:00	12.06	-0.02	90	108540	卖盘
09:32:54	12.08	--	151	182408	买盘
09:32:51	12.08	--	2	2416	买盘
09:32:48	12.08	--	25	30200	买盘
09:32:42	12.08	--	20	24160	买盘
09:32:39	12.08	--	4	4832	买盘
09:32:27	12.08	--	21	25368	卖盘
09:32:12	12.08	-0.02	50	60400	卖盘
09:32:06	12.1	-0.01	10	12100	卖盘
09:32:03	12.11	0.01	33	39963	买盘
09:31:57	12.1	-0.01	1	1210	卖盘
09:31:54	12.11	0.01	1	1211	中性盘
09:31:45	12.1	--	23	27830	卖盘
09:31:39	12.1	--	10	12100	卖盘
09:31:27	12.1	--	1	1210	卖盘
09:31:15	12.1	0.05	7	8470	中性盘
09:31:09	12.05	--	50	60250	卖盘
09:31:06	12.05	--	6	7230	卖盘
09:30:57	12.05	-0.06	250	301250	卖盘
09:30:36	12.11	--	43	52073	卖盘
09:30:33	12.11	0.05	28	33908	买盘
09:30:30	12.06	-0.05	300	361800	卖盘
09:30:18	12.11	0.01	3	3633	中性盘
09:30:09	12.1	--	1	1210	卖盘
09:30:06	12.1	-0.02	25	30250	卖盘
09:30:03	12.12	0.02	28	33936	买盘
09:30:00	12.1	--	0	0	卖盘
09:25:03	12.1	12.1	10	12100	买盘
