成交时间	成交价	价格变动	成交量(手)	成交额(元)	性质
15:00:03	7.09	-0.01	1433	1016138	卖盘
14:57:00	7.1	--	132	93720	买盘
14:56:57	7.1	0.01	70	50126	买盘
14:56:54	7.09	--	65	46510	卖盘
14:56:51	7.09	-0.01	100	70900	卖盘
14:56:45	7.1	0.01	10	7100	买盘
14:56:42	7.09	-0.01	113	80117	卖盘
14:56:33	7.1	0.01	13	9230	买盘
14:56:30	7.09	--	37	26233	卖盘
14:56:27	7.09	--	60	42540	卖盘
14:56:24	7.09	--	4	2836	卖盘
14:56:21	7.09	-0.01	259	183631	卖盘
14:56:18	7.1	--	4	2840	买盘
14:56:15	7.1	--	70	49700	买盘
14:56:12	7.1	0.01	50	35500	买盘
14:56:09	7.09	--	50	35450	卖盘
14:56:03	7.09	-0.01	5	3545	卖盘
14:56:00	7.1	0.01	17	12070	买盘
14:55:54	7.09	-0.01	95	67355	卖盘
14:55:51	7.1	0.01	28	19880	买盘
14:55:48	7.09	-0.01	25	17725	卖盘
14:55:45	7.1	0.01	44	31240	买盘
14:55:42	7.09	-0.01	10	7090	卖盘
14:55:39	7.1	--	11	7810	买盘
14:55:36	7.1	0.01	8	5680	买盘
14:55:33	7.09	-0.01	39	27651	卖盘
14:55:27	7.1	--	13	9230	买盘
14:55:15	7.1	0.01	22	15620	买盘
14:55:12	7.09	--	47	33323	卖盘
14:55:06	7.09	-0.01	7	5104	卖盘
14:55:00	7.1	0.01	14	9940	买盘
14:54:54	7.09	--	2	1418	卖盘
14:54:48	7.09	--	12	8508	卖盘
14:54:45	7.09	-0.01	50	35450	卖盘
14:54:42	7.1	--	1	710	买盘
14:54:30	7.1	--	115	81934	买盘
14:54:24	7.1	--	1	710	买盘
14:54:09	7.1	--	14	9940	买盘
14:54:06	7.1	0.01	22	15620	买盘
14:54:03	7.09	-0.01	200	141800	卖盘
14:54:00	7.1	--	41	29110	买盘
14:53:54	7.1	--	5	3550	买盘
14:53:48	7.1	-0.01	365	259292	卖盘
14:53:39	7.11	0.01	45	31995	买盘
14:53:33	7.1	--	200	142000	卖盘
14:53:24	7.1	-0.02	320	227200	卖盘
14:53:21	7.12	0.02	7	4984	买盘
14:53:15	7.1	-0.01	300	213000	卖盘
14:53:12	7.11	--	5	3555	卖盘
14:53:06	7.11	-0.01	61	43371	卖盘
14:53:00	7.12	0.01	1	712	买盘
14:52:54	7.11	--	10	7110	卖盘
14:52:51	7.11	--	10	7110	卖盘
14:52:48	7.11	0.01	13	9527	买盘
14:52:45	7.1	-0.01	5	3550	卖盘
14:52:42	7.11	--	10	7110	买盘
14:52:39	7.11	--	102	72522	买盘
14:52:36	7.11	0.01	14	9954	买盘
14:52:30	7.1	-0.01	20	14626	卖盘
14:52:27	7.11	0.01	74	52614	买盘
14:52:24	7.1	-0.01	21	15052	卖盘
14:52:21	7.11	--	2	1422	买盘
14:52:18	7.11	0.01	7	4977	买盘
14:52:06	7.1	--	8	5680	卖盘
14:52:03	7.1	-0.01	192	136604	卖盘
14:51:57	7.11	--	7	4977	买盘
14:51:48	7.11	--	18	12798	买盘
14:51:45	7.11	0.01	1	711	中性盘
14:51:36	7.1	-0.02	19	13490	卖盘
14:51:33	7.12	0.01	196	139552	买盘
14:51:30	7.11	--	3	2133	买盘
14:51:27	7.11	-0.01	42	29862	卖盘
14:51:24	7.12	0.01	115	81880	买盘
14:51:21	7.11	--	77	54747	卖盘
14:51:15	7.11	-0.01	30	21330	卖盘
14:51:03	7.12	0.01	1	712	买盘
14:50:45	7.11	--	2	1422	卖盘
14:50:42	7.11	--	12	8532	卖盘
14:50:39	7.11	--	4	2844	卖盘
14:50:36	7.11	--	15	10665	卖盘
14:50:33	7.11	--	20	14220	卖盘
14:50:27	7.11	--	5	3555	卖盘
14:50:21	7.11	--	10	7110	卖盘
14:50:09	7.11	--	14	9954	买盘
14:50:03	7.11	--	1	711	买盘
14:50:00	7.11	--	65	46215	买盘
14:49:45	7.11	-0.01	20	14220	卖盘
14:49:39	7.12	0.02	20	14240	买盘
14:49:33	7.1	--	10	7100	卖盘
14:49:30	7.1	-0.01	42	29820	卖盘
14:49:24	7.11	--	183	130113	卖盘
14:49:12	7.11	--	5	3555	卖盘
14:49:09	7.11	--	158	112338	买盘
14:49:06	7.11	--	5	3981	买盘
14:48:54	7.11	0.01	75	53325	买盘
14:48:48	7.1	-0.01	30	21300	卖盘
14:48:45	7.11	--	114	81054	买盘
14:48:36	7.11	0.01	17	12087	买盘
14:48:27	7.1	--	35	24850	卖盘
14:48:21	7.1	--	56	39760	卖盘
14:48:15	7.1	--	7	5112	卖盘
14:48:03	7.1	-0.01	70	49700	卖盘
14:48:00	7.11	0.01	40	28440	买盘
14:47:54	7.1	-0.01	32	23004	卖盘
14:47:51	7.11	--	14	9954	买盘
14:47:36	7.11	--	15	11091	卖盘
14:47:33	7.11	--	8	5688	卖盘
14:47:30	7.11	--	24	17064	卖盘
14:47:27	7.11	--	7	5261	卖盘
14:47:24	7.11	--	53	37683	卖盘
14:47:12	7.11	0.01	70	49770	买盘
14:47:03	7.1	--	10	7100	卖盘
14:46:51	7.1	--	39	27690	买盘
14:46:48	7.1	--	6	4260	买盘
14:46:45	7.1	-0.02	10	7100	买盘
14:46:39	7.12	0.02	63	44856	买盘
14:46:30	7.1	-0.01	106	75402	卖盘
14:46:24	7.11	--	138	98544	买盘
14:46:15	7.11	0.01	2	1422	买盘
14:46:12	7.1	-0.01	2	1420	卖盘
14:46:09	7.11	0.01	2	1422	买盘
14:46:06	7.1	-0.01	100	71000	卖盘
14:46:03	7.11	0.01	7	4977	买盘
14:45:57	7.1	-0.01	15	10650	卖盘
14:45:51	7.11	--	23	16353	买盘
14:45:48	7.11	0.01	10	7110	买盘
14:45:39	7.1	--	5	3550	卖盘
14:45:36	7.1	--	17	12070	卖盘
14:45:33	7.1	--	68	48280	卖盘
14:45:30	7.1	--	10	7100	卖盘
14:45:24	7.1	0.01	1140	809542	买盘
14:45:18	7.09	0.01	20	14180	买盘
14:45:15	7.08	--	400	283200	卖盘
14:45:12	7.08	--	30	21240	卖盘
14:44:51	7.08	--	50	35400	卖盘
14:44:33	7.08	-0.01	13	9204	卖盘
14:44:30	7.09	--	49	34741	买盘
14:44:24	7.09	0.01	32	22688	买盘
14:44:12	7.08	-0.01	27	19116	卖盘
14:44:00	7.09	--	5	3545	买盘
14:43:54	7.09	0.01	179	127194	买盘
14:43:51	7.08	-0.01	87	61596	卖盘
14:43:45	7.09	--	5	3545	买盘
14:43:42	7.09	0.01	50	35450	买盘
14:43:33	7.08	-0.01	107	75756	卖盘
14:43:24	7.09	0.01	30	21270	买盘
14:43:06	7.08	-0.01	32	22656	卖盘
14:43:03	7.09	--	10	7090	买盘
14:43:00	7.09	0.01	15	10635	买盘
14:42:54	7.08	-0.01	300	212400	卖盘
14:42:51	7.09	--	30	21270	卖盘
14:42:48	7.09	--	50	35450	卖盘
14:42:45	7.09	--	105	74445	卖盘
14:42:39	7.09	--	15	10635	卖盘
14:42:27	7.09	--	10	7090	卖盘
14:42:18	7.09	--	10	7090	卖盘
14:42:03	7.09	0.01	132	93871	买盘
14:41:57	7.08	--	94	66552	卖盘
14:41:51	7.08	--	12	8779	卖盘
14:41:48	7.08	--	1	708	卖盘
14:41:36	7.08	--	17	12036	卖盘
14:41:24	7.08	-0.01	20	14160	卖盘
14:41:18	7.09	--	15	10635	买盘
14:41:15	7.09	--	535	379740	卖盘
14:41:06	7.09	--	43	30487	卖盘
14:40:54	7.09	--	4	2836	卖盘
14:40:51	7.09	--	11	7799	卖盘
14:40:45	7.09	--	5	3545	卖盘
14:40:42	7.09	--	5	3545	卖盘
14:40:39	7.09	--	32	22688	卖盘
14:40:33	7.09	-0.01	5	3545	卖盘
14:40:30	7.1	--	13	9230	买盘
14:40:27	7.1	0.01	12	8520	买盘
14:40:24	7.09	--	5	3545	卖盘
14:40:18	7.09	-0.02	60	42540	卖盘
14:40:12	7.11	0.02	20	14220	买盘
14:40:00	7.09	--	90	63810	卖盘
14:39:57	7.09	-0.01	1000	709000	卖盘
14:39:54	7.1	-0.01	20	14200	卖盘
14:39:51	7.11	--	2	1422	买盘
14:39:45	7.11	--	10	7110	买盘
14:39:42	7.11	--	32	22752	买盘
14:39:24	7.11	0.01	31	22041	买盘
14:39:03	7.1	-0.01	28	19880	卖盘
14:39:00	7.11	0.01	100	71100	买盘
14:38:45	7.1	-0.01	20	14200	卖盘
14:38:36	7.11	0.01	50	35550	买盘
14:38:30	7.1	--	200	142000	卖盘
14:38:21	7.1	--	38	27264	买盘
14:38:18	7.1	--	2	1420	买盘
14:38:03	7.1	--	10	7100	买盘
14:38:00	7.1	0.01	500	355000	买盘
14:37:51	7.09	--	10	7090	卖盘
14:37:39	7.09	--	14	9926	卖盘
14:37:36	7.09	--	249	176541	卖盘
14:37:33	7.09	-0.01	14	9926	卖盘
14:37:24	7.1	0.01	16	11360	买盘
14:37:21	7.09	--	6	4254	卖盘
14:37:03	7.09	--	5	3545	卖盘
14:36:51	7.09	-0.01	10	7090	卖盘
14:36:48	7.1	0.01	10	7100	买盘
14:36:33	7.09	-0.01	5	3545	卖盘
14:36:21	7.1	--	22	15620	买盘
14:36:15	7.1	0.01	2	1420	买盘
14:36:09	7.09	--	3	2127	卖盘
14:36:06	7.09	-0.01	5	3545	卖盘
14:35:48	7.1	--	6	4260	买盘
14:35:18	7.1	--	3	2130	买盘
14:35:15	7.1	--	11	7810	卖盘
14:34:57	7.1	0.01	18	12780	买盘
14:34:54	7.09	-0.01	180	127620	卖盘
14:34:48	7.1	--	37	26270	买盘
14:34:45	7.1	--	20	14200	买盘
14:34:36	7.1	--	6	4260	买盘
14:34:33	7.1	--	145	102950	卖盘
14:34:24	7.1	-0.01	1	710	卖盘
14:34:21	7.11	0.01	30	21330	买盘
14:34:18	7.1	--	22	15620	卖盘
14:34:12	7.1	--	78	55380	卖盘
14:33:57	7.1	--	200	142000	卖盘
14:33:51	7.1	--	153	108630	买盘
14:33:45	7.1	0.01	27	19170	买盘
14:33:36	7.09	--	25	17725	卖盘
14:33:33	7.09	--	1	709	卖盘
14:33:27	7.09	-0.01	3	2127	卖盘
14:33:21	7.1	--	5	3550	买盘
14:33:12	7.1	-0.01	74	52540	卖盘
14:33:09	7.11	0.01	50	35550	买盘
14:32:57	7.1	--	7	4970	买盘
14:32:54	7.1	--	128	90880	卖盘
14:32:48	7.1	-0.01	196	139302	卖盘
14:32:21	7.11	0.01	10	7110	买盘
14:32:09	7.1	--	1	710	卖盘
14:32:06	7.1	--	10	7100	卖盘
14:31:48	7.1	--	80	56800	卖盘
14:31:30	7.1	-0.01	2	1420	卖盘
14:31:24	7.11	0.01	4	2844	买盘
14:31:18	7.1	-0.01	5	3550	卖盘
14:31:15	7.11	0.01	200	142200	买盘
14:31:12	7.1	--	5	3550	卖盘
14:31:09	7.1	--	3	2130	卖盘
14:30:51	7.1	--	13	9230	卖盘
14:30:48	7.1	-0.01	20	14200	卖盘
14:30:45	7.11	0.01	6	4266	买盘
14:30:39	7.1	--	12	8520	卖盘
14:30:24	7.1	-0.01	5	4118	卖盘
14:30:21	7.11	0.01	6	4266	买盘
14:30:15	7.1	--	25	17750	卖盘
14:30:00	7.1	--	9	6390	卖盘
14:29:54	7.1	--	4	2840	卖盘
14:29:51	7.1	--	4	2840	卖盘
14:29:45	7.1	--	4	2840	买盘
14:29:36	7.1	-0.01	71	50410	卖盘
14:29:33	7.11	--	2	1422	买盘
14:29:30	7.11	0.01	21	14931	买盘
14:29:27	7.1	-0.01	30	21300	卖盘
14:29:21	7.11	0.01	20	14220	买盘
14:29:15	7.1	-0.01	91	64610	卖盘
14:29:12	7.11	0.01	100	71100	买盘
14:29:09	7.1	--	2	1420	卖盘
14:28:51	7.1	--	1	710	卖盘
14:28:48	7.1	--	7	4970	卖盘
14:28:45	7.1	0.01	6	4260	买盘
14:28:39	7.09	-0.01	1	709	卖盘
14:28:36	7.1	--	3	2130	买盘
14:28:33	7.1	--	35	24850	买盘
14:28:30	7.1	--	30	21300	买盘
14:28:27	7.1	--	10	7100	买盘
14:28:18	7.1	-0.01	35	24850	买盘
14:28:09	7.11	0.01	14	9954	买盘
14:28:06	7.1	--	100	71000	买盘
14:28:00	7.1	--	11	8236	卖盘
14:27:57	7.1	--	40	28400	卖盘
14:27:51	7.1	-0.01	10	7100	卖盘
14:27:48	7.11	0.02	142	101246	买盘
14:27:45	7.09	-0.01	83	59272	卖盘
14:27:42	7.1	--	10	7100	卖盘
14:27:39	7.1	--	4	2840	卖盘
14:27:36	7.1	--	5	3550	卖盘
14:27:30	7.1	--	96	68444	买盘
14:27:27	7.1	0.01	89	63190	买盘
14:27:24	7.09	-0.01	5	3545	卖盘
14:27:15	7.1	--	89	63190	买盘
14:27:12	7.1	--	18	12780	买盘
14:27:09	7.1	0.01	71	50410	买盘
14:27:06	7.09	-0.01	72	51048	卖盘
14:27:03	7.1	--	60	42600	买盘
14:26:57	7.1	--	59	42316	卖盘
14:26:51	7.1	--	5	3550	卖盘
14:26:39	7.1	--	15	10650	卖盘
14:26:33	7.1	--	31	22010	卖盘
14:26:30	7.1	--	1	710	卖盘
14:26:21	7.1	--	7	4970	卖盘
14:26:18	7.1	--	15	10650	卖盘
14:26:12	7.1	--	107	76254	卖盘
14:26:03	7.1	--	18	12780	卖盘
14:26:00	7.1	--	40	28400	卖盘
14:25:57	7.1	--	20	14200	卖盘
14:25:51	7.1	-0.01	25	17750	卖盘
14:25:45	7.11	--	2	1422	买盘
14:25:42	7.11	--	188	133668	卖盘
14:25:39	7.11	-0.01	20	14220	卖盘
14:25:36	7.12	0.01	7	4984	买盘
14:25:33	7.11	--	70	49770	卖盘
14:25:24	7.11	--	54	38394	卖盘
14:25:12	7.11	-0.01	10	7110	卖盘
14:25:06	7.12	--	0	142	卖盘
14:25:03	7.12	--	30	21360	卖盘
14:24:57	7.12	--	300	213600	卖盘
14:24:54	7.12	--	5	3560	卖盘
14:24:51	7.12	--	13	9256	卖盘
14:24:45	7.12	--	730	519760	卖盘
14:24:42	7.12	--	17	12104	卖盘
14:24:39	7.12	--	28	19936	卖盘
14:24:30	7.12	--	25	17800	卖盘
14:24:18	7.12	-0.01	30	21360	卖盘
14:24:15	7.13	0.01	40	28520	买盘
14:24:09	7.12	-0.01	50	35600	卖盘
14:24:03	7.13	--	3	2139	买盘
14:23:57	7.13	--	1	1140	卖盘
14:23:54	7.13	--	50	35650	卖盘
14:23:51	7.13	--	101	72013	卖盘
14:23:45	7.13	--	16	11408	卖盘
14:23:39	7.13	--	7	4991	卖盘
14:23:36	7.13	--	12	8556	卖盘
14:23:27	7.13	--	8	5704	卖盘
14:23:15	7.13	--	285	203205	卖盘
14:23:06	7.13	--	10	7130	卖盘
14:23:00	7.13	--	19	13547	卖盘
14:22:57	7.13	--	58	41354	卖盘
14:22:45	7.13	--	20	14260	卖盘
14:22:42	7.13	-0.01	20	14260	卖盘
14:22:33	7.14	--	6	4284	卖盘
14:22:30	7.14	0.01	232	166076	买盘
14:22:24	7.13	--	10	7130	卖盘
14:22:21	7.13	--	11	7843	卖盘
14:22:18	7.13	--	2	1426	卖盘
14:22:15	7.13	--	30	21390	卖盘
14:22:09	7.13	--	30	21390	卖盘
14:22:06	7.13	-0.01	48	34224	卖盘
14:22:03	7.14	0.01	40	28560	买盘
14:21:48	7.13	--	20	14260	卖盘
14:21:45	7.13	-0.01	42	29946	卖盘
14:21:36	7.14	0.01	8	5712	买盘
14:21:30	7.13	--	89	63457	卖盘
14:21:27	7.13	--	37	26381	卖盘
14:21:24	7.13	--	34	24242	卖盘
14:21:18	7.13	--	10	7130	卖盘
14:21:06	7.13	--	28	19964	卖盘
14:21:03	7.13	-0.01	19	13547	卖盘
14:21:00	7.14	0.01	30	21420	买盘
14:20:57	7.13	-0.01	1	1283	卖盘
14:20:54	7.14	--	1	714	买盘
14:20:51	7.14	0.01	10	7140	买盘
14:20:45	7.13	--	20	14260	卖盘
14:20:42	7.13	--	48	34224	卖盘
14:20:33	7.13	--	138	98394	卖盘
14:20:12	7.13	-0.01	20	14260	卖盘
14:20:09	7.14	--	20	14280	买盘
14:20:03	7.14	0.01	10	7140	买盘
14:19:57	7.13	-0.02	29	20677	卖盘
14:19:51	7.15	0.01	1116	797997	买盘
14:19:45	7.14	--	29	20706	卖盘
14:19:39	7.14	--	78	55692	卖盘
14:19:36	7.14	--	352	251328	卖盘
14:19:33	7.14	--	8	5712	卖盘
14:19:27	7.14	--	14	9996	卖盘
14:19:24	7.14	-0.01	6	4284	卖盘
14:19:18	7.15	--	91	65351	买盘
14:19:15	7.15	--	3	2145	买盘
14:19:03	7.15	0.01	195	139425	买盘
14:19:00	7.14	--	10	7140	卖盘
14:18:57	7.14	--	100	71400	卖盘
14:18:54	7.14	--	4	2856	卖盘
14:18:51	7.14	--	203	144942	卖盘
14:18:48	7.14	-0.01	27	19278	卖盘
14:18:42	7.15	0.01	1	715	买盘
14:18:36	7.14	-0.01	2	1428	卖盘
14:18:21	7.15	--	5	3575	买盘
14:18:18	7.15	0.01	197	140855	买盘
14:18:15	7.14	--	10	7140	卖盘
14:18:09	7.14	--	5	3570	卖盘
14:18:06	7.14	--	5	3570	卖盘
14:17:54	7.14	-0.01	10	7796	卖盘
14:17:48	7.15	--	210	150150	买盘
14:17:45	7.15	0.01	11	7865	买盘
14:17:36	7.14	--	10	7140	卖盘
14:17:33	7.14	--	288	205632	卖盘
14:17:30	7.14	--	27	19278	卖盘
14:17:27	7.14	--	30	21420	卖盘
14:17:24	7.14	--	6	4284	卖盘
14:17:18	7.14	-0.01	10	7140	卖盘
14:17:09	7.15	--	2	1430	买盘
14:17:03	7.15	--	71	51058	卖盘
14:17:00	7.15	--	23	16445	卖盘
14:16:54	7.15	--	206	147568	卖盘
14:16:51	7.15	--	129	92235	卖盘
14:16:48	7.15	--	232	165880	卖盘
14:16:42	7.15	--	3	2145	卖盘
14:16:36	7.15	--	5	3575	卖盘
14:16:33	7.15	--	1	1144	卖盘
14:16:30	7.15	--	238	170170	卖盘
14:16:27	7.15	-0.01	10	7150	卖盘
14:16:24	7.16	0.01	1	716	买盘
14:16:21	7.15	--	5	3575	卖盘
14:16:18	7.15	--	10	7150	卖盘
14:16:15	7.15	--	21	15587	卖盘
14:16:12	7.15	--	4	2860	卖盘
14:16:09	7.15	-0.02	114	81510	卖盘
14:16:06	7.17	0.02	558	400086	买盘
14:16:03	7.15	--	191	136565	卖盘
14:15:57	7.15	-0.01	53	37895	卖盘
14:15:48	7.16	0.01	11	8448	买盘
14:15:45	7.15	--	25	17875	卖盘
14:15:42	7.15	--	3	2145	卖盘
14:15:36	7.15	-0.01	3	2145	卖盘
14:15:27	7.16	--	10	7160	买盘
14:15:21	7.16	-0.01	10	7160	买盘
14:15:18	7.17	0.02	186	133362	买盘
14:15:15	7.15	--	6	4290	卖盘
14:15:12	7.15	-0.01	10	7150	卖盘
14:15:06	7.16	--	10	7160	买盘
14:14:45	7.16	--	14	10024	买盘
14:14:39	7.16	0.01	17	12172	买盘
14:14:36	7.15	-0.01	42	30030	卖盘
14:14:33	7.16	0.01	189	135324	买盘
14:14:24	7.15	--	10	7150	卖盘
14:14:09	7.15	-0.01	5	3575	卖盘
14:14:06	7.16	0.01	1	716	买盘
14:14:00	7.15	--	10	7150	卖盘
14:13:57	7.15	--	35	25025	卖盘
14:13:51	7.15	-0.01	1	715	卖盘
14:13:48	7.16	0.01	215	153940	买盘
14:13:45	7.15	-0.01	10	7150	卖盘
14:13:39	7.16	--	18	12888	买盘
14:13:27	7.16	0.01	11	7876	买盘
14:13:24	7.15	--	3	2145	卖盘
14:13:15	7.15	--	5	3575	卖盘
14:13:09	7.15	-0.01	11	7865	卖盘
14:13:03	7.16	--	197	141052	买盘
14:12:57	7.16	--	8	5728	买盘
14:12:48	7.16	--	65	46683	卖盘
14:12:42	7.16	--	10	7160	卖盘
14:12:30	7.16	0.01	9	7016	买盘
14:12:27	7.15	-0.01	10	7150	卖盘
14:12:24	7.16	-0.02	7	5012	买盘
14:12:18	7.18	0.02	186	133548	买盘
14:12:15	7.16	0.01	20	14320	买盘
14:12:12	7.15	-0.01	3	2145	卖盘
14:12:09	7.16	--	8	5728	卖盘
14:12:03	7.16	--	9	6444	买盘
14:12:00	7.16	--	6	4296	买盘
14:11:57	7.16	-0.01	8	5728	中性盘
14:11:54	7.17	--	56	40152	买盘
14:11:51	7.17	--	5	3585	买盘
14:11:48	7.17	0.01	41	29397	买盘
14:11:39	7.16	-0.01	5	3580	中性盘
14:11:33	7.17	0.01	239	171363	买盘
14:11:27	7.16	0.01	1	716	买盘
14:11:21	7.15	--	15	10725	卖盘
14:11:15	7.15	-0.01	5	3575	卖盘
14:11:06	7.16	0.01	10	7160	买盘
14:11:00	7.15	--	1	715	卖盘
14:10:54	7.15	--	30	21450	卖盘
14:10:48	7.15	--	236	168740	卖盘
14:10:45	7.15	0.01	8	5720	买盘
14:10:42	7.14	-0.01	93	66402	卖盘
14:10:39	7.15	--	1	715	买盘
14:10:33	7.15	--	10	7150	买盘
14:10:30	7.15	--	63	45331	卖盘
14:10:27	7.15	--	3	2145	卖盘
14:10:24	7.15	-0.01	82	58630	卖盘
14:10:09	7.16	--	102	73604	卖盘
14:10:03	7.16	--	280	200480	卖盘
14:10:00	7.16	--	25	17900	卖盘
14:09:57	7.16	-0.01	10	7160	卖盘
14:09:42	7.17	0.01	10	7170	卖盘
14:09:30	7.16	--	26	18616	卖盘
14:09:27	7.16	--	50	35800	卖盘
14:09:24	7.16	-0.02	3	2148	卖盘
14:09:18	7.18	0.02	193	138574	买盘
14:09:09	7.16	--	20	14320	卖盘
14:09:06	7.16	--	180	128880	卖盘
14:09:00	7.16	-0.01	14	10024	卖盘
14:08:54	7.17	--	27	19502	买盘
14:08:51	7.17	0.01	1	717	买盘
14:08:48	7.16	--	314	225396	卖盘
14:08:42	7.16	-0.01	3	2148	卖盘
14:08:36	7.17	-0.02	132	94644	卖盘
14:08:33	7.19	0.02	185	133015	买盘
14:08:30	7.17	--	20	14340	卖盘
14:08:27	7.17	--	32	23230	卖盘
14:08:24	7.17	--	100	71700	卖盘
14:08:18	7.17	--	5	3585	卖盘
14:08:12	7.17	-0.01	20	14340	卖盘
14:08:03	7.18	--	31	22258	买盘
14:08:00	7.18	--	4	2872	买盘
14:07:54	7.18	0.01	6	4308	买盘
14:07:51	7.17	-0.02	4	2868	卖盘
14:07:48	7.19	0.01	217	156023	买盘
14:07:45	7.18	--	40	28720	买盘
14:07:36	7.18	0.01	50	35900	买盘
14:07:24	7.17	-0.01	60	43020	卖盘
14:07:18	7.18	--	9	6462	买盘
14:07:12	7.18	--	11	7898	买盘
14:07:06	7.18	-0.01	22	15796	卖盘
14:07:03	7.19	0.01	186	133734	买盘
14:06:57	7.18	--	22	15796	买盘
14:06:54	7.18	-0.01	1	718	买盘
14:06:51	7.19	--	133	95627	买盘
14:06:36	7.19	0.01	67	48173	买盘
14:06:33	7.18	-0.01	43	30874	买盘
14:06:18	7.19	0.02	192	138479	买盘
14:06:15	7.17	--	10	7170	卖盘
14:06:12	7.17	-0.01	15	10755	卖盘
14:06:09	7.18	0.01	46	33028	买盘
14:06:06	7.17	-0.01	137	98229	卖盘
14:06:03	7.18	--	1	718	买盘
14:06:00	7.18	--	1	718	买盘
14:05:54	7.18	-0.01	122	87596	中性盘
14:05:33	7.19	0.01	262	188378	买盘
14:05:30	7.18	--	1354	972172	卖盘
14:05:27	7.18	--	20	14360	卖盘
14:05:24	7.18	--	120	86160	卖盘
14:05:21	7.18	--	283	203194	卖盘
14:05:18	7.18	--	10	7180	卖盘
14:05:15	7.18	--	76	54711	卖盘
14:05:12	7.18	-0.01	15	10770	卖盘
14:05:06	7.19	--	1	719	买盘
14:05:00	7.19	--	20	14380	买盘
14:04:54	7.19	--	103	74057	买盘
14:04:48	7.19	--	186	133734	买盘
14:04:45	7.19	0.01	20	14380	买盘
14:04:42	7.18	-0.01	166	119188	卖盘
14:04:36	7.19	0.01	35	25165	买盘
14:04:30	7.18	-0.01	1	718	卖盘
14:04:24	7.19	--	101	72619	买盘
14:04:21	7.19	0.01	3	2157	买盘
14:04:18	7.18	-0.01	93	66774	卖盘
14:04:15	7.19	0.01	49	35231	买盘
14:04:12	7.18	-0.01	436	313048	卖盘
14:04:06	7.19	--	189	136466	买盘
14:04:03	7.19	--	189	135891	买盘
14:04:00	7.19	0.01	322	231518	买盘
14:03:57	7.18	--	40	28720	卖盘
14:03:54	7.18	--	16	11488	卖盘
14:03:51	7.18	--	10	7180	卖盘
14:03:45	7.18	--	63	45234	卖盘
14:03:42	7.18	-0.01	110	78980	卖盘
14:03:39	7.19	0.01	2	1438	买盘
14:03:36	7.18	--	40	28720	卖盘
14:03:33	7.18	--	165	118470	卖盘
14:03:27	7.18	--	3	2154	卖盘
14:03:24	7.18	0.01	84	60312	买盘
14:03:21	7.17	-0.01	34	24378	卖盘
14:03:18	7.18	--	1143	820817	买盘
14:03:15	7.18	0.01	10	7180	买盘
14:03:09	7.17	--	10	7170	卖盘
14:03:06	7.17	-0.01	86	61662	卖盘
14:03:03	7.18	--	187	134266	买盘
14:03:00	7.18	--	1	718	买盘
14:02:57	7.18	--	35	25130	买盘
14:02:51	7.18	--	33	23694	买盘
14:02:48	7.18	0.01	35	25130	买盘
14:02:42	7.17	--	40	28680	卖盘
14:02:39	7.17	--	20	14340	卖盘
14:02:36	7.17	--	159	114576	买盘
14:02:33	7.17	0.01	373	267441	买盘
14:02:21	7.16	-0.01	10	7160	卖盘
14:02:18	7.17	0.01	10	7170	买盘
14:02:09	7.16	--	22	16038	买盘
14:02:06	7.16	--	17	12601	卖盘
14:02:03	7.16	--	5	3580	卖盘
14:01:54	7.16	-0.01	58	41528	卖盘
14:01:51	7.17	0.01	498	357066	买盘
14:01:48	7.16	0.01	193	138474	买盘
14:01:42	7.15	-0.01	3	2145	卖盘
14:01:36	7.16	--	71	50836	买盘
14:01:30	7.16	0.01	212	151792	买盘
14:01:27	7.15	-0.01	44	31460	卖盘
14:01:15	7.16	--	18	12888	买盘
14:01:06	7.16	--	48	34368	买盘
14:01:03	7.16	--	138	98808	买盘
14:01:00	7.16	--	2	1432	买盘
14:00:57	7.16	0.01	6	4296	买盘
14:00:51	7.15	--	32	23166	卖盘
14:00:48	7.15	-0.01	5	3575	卖盘
14:00:45	7.16	--	9	6444	买盘
14:00:39	7.16	--	43	30788	买盘
14:00:36	7.16	0.01	2	1432	买盘
14:00:33	7.15	--	201	143715	卖盘
14:00:21	7.15	--	26	18590	卖盘
14:00:15	7.15	--	7	5148	卖盘
14:00:12	7.15	--	150	107250	买盘
14:00:09	7.15	--	136	97240	买盘
14:00:06	7.15	0.01	14	10010	买盘
13:59:57	7.14	--	3	2142	卖盘
13:59:48	7.14	-0.01	24	17136	卖盘
13:59:36	7.15	--	10	7150	卖盘
13:59:33	7.15	--	10	7150	卖盘
13:59:30	7.15	--	44	31460	买盘
13:59:27	7.15	-0.01	106	75790	卖盘
13:59:24	7.16	0.01	31	22196	买盘
13:59:09	7.15	-0.01	100	71500	卖盘
13:59:06	7.16	--	50	35800	买盘
13:59:03	7.16	0.01	11	7876	买盘
13:59:00	7.15	-0.01	200	143000	卖盘
13:58:57	7.16	0.01	43	30788	买盘
13:58:51	7.15	--	20	14300	卖盘
13:58:45	7.15	--	20	14300	卖盘
13:58:42	7.15	0.01	937	669955	买盘
13:58:33	7.14	-0.01	10	7140	卖盘
13:58:18	7.15	0.01	50	35750	买盘
13:58:12	7.14	--	35	25275	卖盘
13:58:09	7.14	-0.01	100	71400	卖盘
13:58:00	7.15	0.01	1	715	买盘
13:57:57	7.14	--	100	71400	卖盘
13:57:48	7.14	--	36	25704	卖盘
13:57:42	7.14	--	46	32844	卖盘
13:57:39	7.14	-0.01	104	74256	卖盘
13:57:36	7.15	--	40	28600	买盘
13:57:33	7.15	0.01	53	37895	买盘
13:57:30	7.14	-0.01	5	3570	卖盘
13:57:27	7.15	--	2	1430	买盘
13:57:24	7.15	0.01	36	25740	买盘
13:57:21	7.14	--	10	7140	卖盘
13:57:18	7.14	--	3	2142	卖盘
13:57:15	7.14	--	7	4998	卖盘
13:57:12	7.14	-0.01	6	4284	卖盘
13:57:06	7.15	0.01	81	57915	买盘
13:57:03	7.14	--	100	71400	卖盘
13:56:57	7.14	-0.01	17	12138	卖盘
13:56:54	7.15	0.01	54	38610	买盘
13:56:51	7.14	--	4	2856	卖盘
13:56:27	7.14	--	103	73542	卖盘
13:56:15	7.14	--	10	7140	卖盘
13:56:09	7.14	-0.01	33	23704	卖盘
13:56:06	7.15	0.01	200	143000	买盘
13:55:54	7.14	-0.01	85	60690	卖盘
13:55:30	7.15	--	2	1430	买盘
13:55:09	7.15	--	4	2860	买盘
13:55:00	7.15	--	3	2145	买盘
13:54:57	7.15	--	52	37323	卖盘
13:54:45	7.15	0.01	6	4862	买盘
13:54:42	7.14	-0.01	3	2142	卖盘
13:54:39	7.15	--	23	16445	买盘
13:54:36	7.15	--	1	858	卖盘
13:54:33	7.15	-0.01	53	37895	卖盘
13:54:30	7.16	0.01	19	13604	买盘
13:54:27	7.15	--	65	46475	卖盘
13:54:24	7.15	--	10	7150	卖盘
13:54:21	7.15	--	18	12870	卖盘
13:54:18	7.15	--	415	296725	卖盘
13:54:15	7.15	--	135	96525	卖盘
13:54:12	7.15	--	38	27170	卖盘
13:54:06	7.15	--	25	17875	卖盘
13:54:03	7.15	--	10	7150	卖盘
13:54:00	7.15	--	10	7150	卖盘
13:53:54	7.15	--	30	21450	卖盘
13:53:51	7.15	--	10	7150	卖盘
13:53:48	7.15	0.01	837	599027	买盘
13:53:45	7.14	--	103	73542	买盘
13:53:33	7.14	0.01	10	7140	买盘
13:53:24	7.13	--	1	713	卖盘
13:53:21	7.13	--	9	6417	卖盘
13:53:06	7.13	--	1	713	卖盘
13:52:57	7.13	-0.01	13	9269	卖盘
13:52:36	7.14	-0.01	5	3570	卖盘
13:52:30	7.15	--	2	1430	买盘
13:52:27	7.15	--	2	1430	买盘
13:52:24	7.15	0.01	9	6435	买盘
13:52:21	7.14	-0.01	19	13566	卖盘
13:52:18	7.15	--	133	95095	买盘
13:52:15	7.15	0.01	2	1430	买盘
13:52:06	7.14	-0.01	20	14280	卖盘
13:52:03	7.15	--	12	8580	买盘
13:52:00	7.15	--	152	108680	买盘
13:51:54	7.15	0.01	401	286715	买盘
13:51:48	7.14	-0.01	132	94248	卖盘
13:51:42	7.15	0.01	20	14300	买盘
13:51:39	7.14	--	50	35700	卖盘
13:51:33	7.14	0.01	106	75684	买盘
13:51:30	7.13	-0.01	10	7130	卖盘
13:51:24	7.14	--	355	253470	买盘
13:51:18	7.14	0.01	10	7140	买盘
13:51:12	7.13	--	330	235974	买盘
13:51:09	7.13	--	115	81995	买盘
13:51:06	7.13	--	7	4991	买盘
13:51:00	7.13	0.01	4	2852	买盘
13:50:57	7.12	--	40	28480	卖盘
13:50:48	7.12	--	3	2136	卖盘
13:50:42	7.12	--	220	157209	买盘
13:50:36	7.12	0.01	3	2136	买盘
13:50:30	7.11	-0.01	20	14220	卖盘
13:50:21	7.12	--	3	2136	买盘
13:50:12	7.12	--	89	63368	买盘
13:50:09	7.12	--	5	3560	买盘
13:50:06	7.12	--	3	2136	买盘
13:50:03	7.12	--	9	6408	买盘
13:49:48	7.12	0.01	17	12104	买盘
13:49:39	7.11	--	5	3555	卖盘
13:49:27	7.11	--	3	2133	卖盘
13:49:15	7.11	-0.02	5	3555	卖盘
13:49:09	7.13	--	2	1426	买盘
13:49:03	7.13	0.01	38	27094	买盘
13:48:54	7.12	--	121	86152	买盘
13:48:51	7.12	--	10	7120	买盘
13:48:39	7.12	0.02	143	101816	买盘
13:48:30	7.1	-0.01	7	4970	买盘
13:48:24	7.11	--	81	57591	买盘
13:48:18	7.11	--	59	41949	买盘
13:48:09	7.11	0.01	50	35550	买盘
13:48:06	7.1	--	17	12070	买盘
13:47:57	7.1	--	1	710	买盘
13:47:54	7.1	0.01	9	6390	买盘
13:47:48	7.09	--	3	2127	卖盘
13:47:42	7.09	-0.02	3	2127	中性盘
13:47:24	7.11	0.02	142	100962	买盘
13:47:18	7.09	--	2	1418	买盘
13:47:15	7.09	--	25	17725	买盘
13:47:09	7.09	--	50	36045	卖盘
13:47:00	7.09	--	80	56720	卖盘
13:46:45	7.09	-0.02	23	16307	卖盘
13:46:39	7.11	0.02	128	91008	买盘
13:46:27	7.09	-0.02	46	32614	卖盘
13:46:15	7.11	0.02	46	32706	买盘
13:45:57	7.09	-0.02	3	2127	卖盘
13:45:54	7.11	0.02	259	184149	买盘
13:45:51	7.09	--	4	2836	卖盘
13:45:42	7.09	--	5	3545	卖盘
13:45:24	7.09	-0.01	60	42540	卖盘
13:45:18	7.1	--	367	260683	买盘
13:45:09	7.1	0.01	259	183890	买盘
13:45:06	7.09	--	21	14889	买盘
13:45:03	7.09	-0.01	10	7090	买盘
13:44:57	7.1	0.01	28	19880	买盘
13:44:54	7.09	--	37	26233	卖盘
13:44:51	7.09	-0.01	30	21270	卖盘
13:44:48	7.1	--	37	26270	买盘
13:44:42	7.1	--	21	14910	买盘
13:44:39	7.1	0.02	21	14910	买盘
13:44:33	7.08	--	62	43896	卖盘
13:44:30	7.08	-0.02	44	31152	卖盘
13:44:24	7.1	0.02	460	326600	买盘
13:44:21	7.08	-0.02	69	48852	卖盘
13:44:18	7.1	0.01	195	138450	买盘
13:44:15	7.09	0.01	12	8508	买盘
13:44:12	7.08	-0.01	24	16992	卖盘
13:44:06	7.09	0.01	21	14889	买盘
13:44:03	7.08	-0.01	115	81420	卖盘
13:43:57	7.09	0.01	21	14889	买盘
13:43:54	7.08	--	6	4248	卖盘
13:43:51	7.08	--	132	93880	卖盘
13:43:48	7.08	-0.02	229	162132	卖盘
13:43:39	7.1	0.01	599	425432	买盘
13:43:36	7.09	--	50	35450	卖盘
13:43:33	7.09	-0.01	60	42540	卖盘
13:43:30	7.1	0.01	68	48280	买盘
13:43:27	7.09	--	516	366411	卖盘
13:43:24	7.09	-0.01	9	6381	卖盘
13:43:00	7.1	--	272	193432	卖盘
13:42:57	7.1	--	24	17040	卖盘
13:42:54	7.1	--	640	454400	卖盘
13:42:51	7.1	--	71	50410	卖盘
13:42:48	7.1	-0.01	67	47996	卖盘
13:42:42	7.11	--	44	31284	买盘
13:42:39	7.11	--	52	37398	卖盘
13:42:36	7.11	--	520	369720	卖盘
13:42:33	7.11	--	40	28440	卖盘
13:42:30	7.11	--	130	92998	卖盘
13:42:27	7.11	-0.01	33	23463	卖盘
13:42:24	7.12	0.01	3	2136	买盘
13:42:21	7.11	-0.01	30	21330	卖盘
13:42:09	7.12	--	358	255180	卖盘
13:42:06	7.12	--	28	20505	卖盘
13:42:03	7.12	--	9	6408	卖盘
13:42:00	7.12	-0.01	500	356000	卖盘
13:41:57	7.13	--	4	2852	买盘
13:41:48	7.13	--	217	154721	卖盘
13:41:30	7.13	--	22	15686	卖盘
13:41:27	7.13	-0.01	5	3565	卖盘
13:41:24	7.14	0.01	202	144228	买盘
13:41:21	7.13	--	5	3565	卖盘
13:41:15	7.13	--	10	7130	卖盘
13:41:12	7.13	--	15	10695	卖盘
13:41:03	7.13	-0.01	15	10695	卖盘
13:41:00	7.14	--	32	22990	卖盘
13:40:57	7.14	--	20	14280	卖盘
13:40:54	7.14	--	20	14280	卖盘
13:40:51	7.14	--	20	14280	卖盘
13:40:48	7.14	--	17	12138	卖盘
13:40:45	7.14	--	74	52836	卖盘
13:40:42	7.14	--	279	199777	买盘
13:40:39	7.14	0.01	71	50694	买盘
13:40:33	7.13	--	1	713	卖盘
13:40:21	7.13	0.01	13	9269	买盘
13:40:18	7.12	-0.01	3	2705	卖盘
13:40:12	7.13	--	10	7130	买盘
13:40:09	7.13	-0.01	2	1426	买盘
13:39:57	7.14	--	10	7140	买盘
13:39:54	7.14	--	118	84252	买盘
13:39:51	7.14	--	35	24990	买盘
13:39:48	7.14	--	1	714	买盘
13:39:42	7.14	0.01	5	3570	买盘
13:39:39	7.13	--	64	45632	买盘
13:39:36	7.13	-0.01	18	12834	卖盘
13:39:33	7.14	0.01	10	7140	买盘
13:39:27	7.13	-0.01	100	71300	卖盘
13:39:24	7.14	--	20	14280	买盘
13:39:09	7.14	0.01	101	72114	买盘
13:39:03	7.13	0.01	62	44206	买盘
13:38:57	7.12	-0.01	23	16376	卖盘
13:38:30	7.13	--	1	713	买盘
13:38:27	7.13	-0.01	4	2852	中性盘
13:38:24	7.14	0.01	219	156366	买盘
13:38:15	7.13	--	1	713	买盘
13:38:12	7.13	--	5	3565	买盘
13:38:09	7.13	--	161	115220	卖盘
13:38:06	7.13	--	30	21390	卖盘
13:38:03	7.13	-0.01	15	10980	卖盘
13:37:57	7.14	--	135	96390	买盘
13:37:54	7.14	0.01	78	55692	买盘
13:37:45	7.13	--	9	6417	卖盘
13:37:39	7.13	--	202	144026	买盘
13:37:36	7.13	0.01	1	713	买盘
13:37:30	7.12	--	17	12104	卖盘
13:37:24	7.12	--	1	712	卖盘
13:37:15	7.12	0.01	32	22784	买盘
13:37:12	7.11	-0.02	3	2133	卖盘
13:37:06	7.13	--	2	1426	买盘
13:37:03	7.13	0.01	41	29233	买盘
13:37:00	7.12	--	85	60520	卖盘
13:36:57	7.12	-0.02	15	10822	卖盘
13:36:54	7.14	0.02	369	263466	买盘
13:36:48	7.12	--	20	14240	卖盘
13:36:45	7.12	--	34	24208	卖盘
13:36:39	7.12	--	15	10680	卖盘
13:36:36	7.12	-0.01	104	74048	卖盘
13:36:33	7.13	0.01	13	9269	买盘
13:36:30	7.12	--	23	16376	卖盘
13:36:27	7.12	--	100	71200	卖盘
13:36:24	7.12	-0.01	34	24208	卖盘
13:36:18	7.13	0.01	63	44919	买盘
13:36:15	7.12	--	34	24208	卖盘
13:36:12	7.12	-0.01	1	1281	卖盘
13:36:09	7.13	--	231	164703	买盘
13:36:06	7.13	0.01	100	71300	买盘
13:36:03	7.12	-0.01	56	39872	卖盘
13:35:57	7.13	--	41	29233	买盘
13:35:54	7.13	0.01	30	21390	买盘
13:35:51	7.12	-0.01	200	142400	卖盘
13:35:42	7.13	0.01	32	22816	买盘
13:35:36	7.12	-0.01	14	9968	卖盘
13:35:30	7.13	0.01	8	5704	买盘
13:35:27	7.12	-0.01	17	12104	卖盘
13:35:24	7.13	--	187	133331	买盘
13:35:21	7.13	0.01	80	57040	买盘
13:35:18	7.12	--	7	4984	卖盘
13:35:15	7.12	--	10	7120	卖盘
13:35:12	7.12	--	17	12104	卖盘
13:35:06	7.12	--	159	113208	买盘
13:35:03	7.12	0.01	15	10680	买盘
13:34:51	7.11	--	35	24885	卖盘
13:34:42	7.11	-0.01	52	36972	卖盘
13:34:39	7.12	--	285	203347	买盘
13:34:33	7.12	0.01	60	42720	买盘
13:34:30	7.11	-0.01	34	24174	卖盘
13:34:27	7.12	0.01	50	35600	买盘
13:34:24	7.11	-0.01	1	711	卖盘
13:34:18	7.12	--	3	2136	买盘
13:34:15	7.12	--	10	7120	买盘
13:34:12	7.12	--	5	3560	买盘
13:34:09	7.12	0.01	100	71200	买盘
13:34:06	7.11	-0.01	16	11376	卖盘
13:34:03	7.12	0.01	34	24208	买盘
13:34:00	7.11	--	79	56169	卖盘
13:33:57	7.11	-0.02	81	57591	卖盘
13:33:54	7.13	0.02	337	240281	买盘
13:33:42	7.11	-0.01	63	44793	卖盘
13:33:36	7.12	--	200	142400	卖盘
13:33:30	7.12	--	4	2848	卖盘
13:33:27	7.12	--	10	7120	卖盘
13:33:21	7.12	--	237	168744	买盘
13:33:12	7.12	--	6	4272	买盘
13:33:09	7.12	0.02	460	327520	买盘
13:33:00	7.1	--	12	8662	卖盘
13:32:54	7.1	--	30	21300	卖盘
13:32:51	7.1	0.01	1000	710539	买盘
13:32:48	7.09	--	21	14889	卖盘
13:32:45	7.09	--	37	26233	卖盘
13:32:30	7.09	-0.01	10	7090	卖盘
13:32:24	7.1	0.01	214	151940	买盘
13:32:15	7.09	0.01	17	12053	买盘
13:31:57	7.08	-0.01	3	2124	卖盘
13:31:39	7.09	--	37	26233	买盘
13:31:24	7.09	--	4	2836	买盘
13:31:15	7.09	--	60	42540	买盘
13:31:12	7.09	--	1	709	买盘
13:31:06	7.09	--	5	3545	买盘
13:31:00	7.09	--	5	3545	买盘
13:30:54	7.09	0.01	45	31905	买盘
13:30:48	7.08	--	2	1416	卖盘
13:30:18	7.08	--	21	14868	卖盘
13:30:12	7.08	-0.01	3	2124	卖盘
13:30:09	7.09	--	104	73736	买盘
13:30:06	7.09	0.01	6	4254	买盘
13:30:00	7.08	--	4	2832	卖盘
13:29:57	7.08	--	8	5664	卖盘
13:29:48	7.08	--	60	42480	卖盘
13:29:33	7.08	--	8	5664	卖盘
13:29:30	7.08	-0.01	58	41064	卖盘
13:29:24	7.09	0.01	32	22688	买盘
13:29:21	7.08	-0.01	133	94164	卖盘
13:29:12	7.09	--	5	3545	买盘
13:28:51	7.09	-0.01	5	3545	中性盘
13:28:39	7.1	0.01	82	58646	买盘
13:28:27	7.09	--	3	2127	卖盘
13:28:21	7.09	-0.01	37	26516	卖盘
13:27:54	7.1	0.01	181	128510	买盘
13:27:48	7.09	--	38	26942	买盘
13:27:45	7.09	--	20	14180	买盘
13:27:42	7.09	--	10	7090	买盘
13:27:39	7.09	--	11	7799	买盘
13:27:36	7.09	0.01	22	15598	买盘
13:27:33	7.08	--	12	8496	卖盘
13:27:30	7.08	-0.01	56	40072	卖盘
13:27:27	7.09	0.01	19	13471	买盘
13:27:24	7.08	--	50	35400	卖盘
13:27:18	7.08	--	140	99120	卖盘
13:27:15	7.08	-0.01	39	27612	卖盘
13:27:09	7.09	0.01	76	53884	买盘
13:27:06	7.08	-0.01	43	30585	卖盘
13:27:00	7.09	0.02	15	10635	买盘
13:26:42	7.07	-0.03	6	4242	卖盘
13:26:24	7.1	0.03	236	167560	买盘
13:26:18	7.07	-0.01	500	353500	卖盘
13:26:15	7.08	-0.01	21	14868	卖盘
13:26:12	7.09	0.01	1	709	买盘
13:26:06	7.08	-0.01	18	12744	卖盘
13:26:03	7.09	--	10	7090	买盘
13:25:45	7.09	0.01	4	2836	买盘
13:25:42	7.08	-0.01	36	25488	卖盘
13:25:39	7.09	0.01	90	63810	买盘
13:25:36	7.08	-0.01	4	2832	卖盘
13:25:15	7.09	--	46	32614	买盘
13:25:09	7.09	0.01	48	34032	买盘
13:25:06	7.08	--	20	14160	卖盘
13:24:57	7.08	-0.02	33	23364	卖盘
13:24:54	7.1	0.01	89	63190	买盘
13:24:48	7.09	--	5	3545	卖盘
13:24:36	7.09	--	30	21270	买盘
13:24:21	7.09	0.01	1	709	买盘
13:24:18	7.08	-0.01	20	14160	卖盘
13:24:12	7.09	--	78	55302	买盘
13:24:09	7.09	0.01	141	99969	买盘
13:24:03	7.08	--	49	34692	卖盘
13:23:57	7.08	--	317	224436	卖盘
13:23:54	7.08	--	14	9912	卖盘
13:23:51	7.08	--	4	2832	卖盘
13:23:45	7.08	--	12	8920	卖盘
13:23:39	7.08	-0.01	4	2832	卖盘
13:23:24	7.09	--	17	12053	买盘
13:23:12	7.09	0.01	26	18434	买盘
13:23:09	7.08	--	8	5947	卖盘
13:23:03	7.08	--	5	3540	卖盘
13:22:54	7.08	-0.01	3	2124	卖盘
13:22:48	7.09	0.01	1	709	买盘
13:22:45	7.08	--	5	3540	卖盘
13:22:39	7.08	-0.01	15	10620	中性盘
13:22:33	7.09	0.02	96	68064	买盘
13:22:21	7.07	-0.02	39	27573	卖盘
13:22:18	7.09	--	3	2127	买盘
13:22:12	7.09	0.01	5	3545	买盘
13:22:09	7.08	0.01	6	4524	买盘
13:22:03	7.07	--	50	35350	卖盘
13:22:00	7.07	-0.01	11	7777	卖盘
13:21:57	7.08	0.01	8	5664	买盘
13:21:45	7.07	-0.01	8	5656	卖盘
13:21:39	7.08	--	50	35400	买盘
13:21:33	7.08	0.01	800	566400	买盘
13:21:27	7.07	--	3	2121	卖盘
13:21:24	7.07	-0.01	10	7070	卖盘
13:21:18	7.08	0.01	2	1416	买盘
13:21:03	7.07	--	10	7070	卖盘
13:21:00	7.07	--	131	92617	买盘
13:20:57	7.07	0.01	23	16261	买盘
13:20:45	7.06	-0.01	5	3530	卖盘
13:20:42	7.07	--	3	2121	买盘
13:20:39	7.07	0.01	7	4949	买盘
13:20:27	7.06	--	9	6354	卖盘
13:20:06	7.06	--	24	16944	卖盘
13:19:57	7.06	-0.01	1	706	卖盘
13:19:51	7.07	0.01	5	3535	买盘
13:19:42	7.06	--	3	2118	卖盘
13:19:09	7.06	-0.01	4	2824	卖盘
13:18:54	7.07	0.01	5	3535	买盘
13:18:33	7.06	-0.01	5	3530	卖盘
13:18:27	7.07	0.01	18	12726	买盘
13:18:18	7.06	--	16	11296	卖盘
13:18:03	7.06	--	3	2118	卖盘
13:18:00	7.06	0.01	73	51538	买盘
13:17:57	7.05	-0.01	3	2115	卖盘
13:17:54	7.06	--	10	7060	买盘
13:17:51	7.06	0.01	4	2824	买盘
13:17:45	7.05	--	10	7050	卖盘
13:17:39	7.05	--	3	2115	卖盘
13:17:18	7.05	-0.01	19	13818	卖盘
13:17:15	7.06	0.01	10	7060	买盘
13:17:06	7.05	-0.01	2	1410	卖盘
13:16:51	7.06	--	19	13414	卖盘
13:16:45	7.06	--	5	3530	卖盘
13:16:33	7.06	--	488	344528	买盘
13:16:24	7.06	--	258	182148	卖盘
13:16:18	7.06	0.01	4	3106	买盘
13:16:12	7.05	-0.01	3	2115	卖盘
13:16:06	7.06	0.01	5	3530	买盘
13:15:57	7.05	--	148	104340	卖盘
13:15:45	7.05	-0.01	36	25380	卖盘
13:15:30	7.06	--	7	5365	卖盘
13:15:27	7.06	--	21	15108	买盘
13:15:24	7.06	-0.01	463	327301	卖盘
13:15:21	7.07	--	8	5656	买盘
13:15:18	7.07	0.01	15	10605	买盘
13:15:03	7.06	--	1	706	卖盘
13:14:54	7.06	--	24	16944	卖盘
13:14:39	7.06	-0.01	28	19768	卖盘
13:14:33	7.07	0.01	70	49490	买盘
13:14:27	7.06	--	8	5648	卖盘
13:14:24	7.06	--	40	28240	卖盘
13:14:15	7.06	--	20	14120	卖盘
13:13:42	7.06	--	75	52950	卖盘
13:13:06	7.06	-0.01	19	13414	卖盘
13:13:03	7.07	--	16	11312	买盘
13:13:00	7.07	0.01	20	14140	买盘
13:12:54	7.06	--	4	2824	卖盘
13:12:51	7.06	-0.01	4	2824	卖盘
13:12:42	7.07	--	23	16261	买盘
13:12:27	7.07	--	1	707	买盘
13:12:03	7.07	--	4	3252	卖盘
13:11:54	7.07	--	1	707	卖盘
13:11:51	7.07	--	14	10180	卖盘
13:11:42	7.07	--	12	8484	卖盘
13:11:30	7.07	--	44	31108	卖盘
13:11:27	7.07	--	30	21210	卖盘
13:11:24	7.07	--	22	15554	卖盘
13:11:21	7.07	0.01	7	4949	中性盘
13:10:57	7.06	--	3	2118	卖盘
13:10:48	7.06	-0.01	32	22592	卖盘
13:10:45	7.07	--	12	8766	卖盘
13:10:42	7.07	--	159	112837	买盘
13:10:36	7.07	--	2	1414	买盘
13:10:24	7.07	--	108	76638	卖盘
13:10:18	7.07	-0.01	55	38885	卖盘
13:09:48	7.08	--	26	18974	卖盘
13:09:39	7.08	--	36	25488	卖盘
13:09:18	7.08	--	57	40497	买盘
13:09:15	7.08	0.01	1	708	买盘
13:09:12	7.07	-0.01	3	2121	卖盘
13:09:09	7.08	--	15	10620	买盘
13:09:06	7.08	--	5	3540	买盘
13:09:00	7.08	--	3	2124	买盘
13:08:57	7.08	--	119	84252	卖盘
13:08:54	7.08	--	60	42480	卖盘
13:08:51	7.08	--	21	14868	买盘
13:08:33	7.08	--	31	21948	卖盘
13:08:21	7.08	--	40	28320	卖盘
13:08:15	7.08	--	4	2832	卖盘
13:08:12	7.08	--	76	53808	卖盘
13:08:09	7.08	--	71	50268	卖盘
13:08:06	7.08	--	129	91332	卖盘
13:08:03	7.08	--	71	50268	卖盘
13:07:27	7.08	--	41	29028	卖盘
13:07:15	7.08	0.01	28	19824	买盘
13:07:09	7.07	-0.01	3	2545	卖盘
13:07:06	7.08	--	1	708	买盘
13:06:54	7.08	0.01	1	708	买盘
13:06:45	7.07	--	30	21210	卖盘
13:06:12	7.07	--	7	4949	买盘
13:05:45	7.07	--	1	707	卖盘
13:05:42	7.07	--	3	2121	卖盘
13:05:36	7.07	--	6	4242	买盘
13:05:24	7.07	--	33	23331	卖盘
13:05:15	7.07	-0.01	1	707	卖盘
13:04:48	7.08	0.01	2	1416	买盘
13:04:15	7.07	--	10	7070	卖盘
13:04:09	7.07	--	36	25452	卖盘
13:03:57	7.07	--	3	2121	卖盘
13:03:03	7.07	--	19	13433	卖盘
13:03:00	7.07	0.01	42	29694	买盘
13:02:48	7.06	0.01	5	3812	买盘
13:02:45	7.05	-0.01	50	35250	卖盘
13:02:39	7.06	--	62	44195	卖盘
13:02:36	7.06	--	8	5930	买盘
13:02:27	7.06	-0.01	91	64669	卖盘
13:02:24	7.07	0.01	1	707	买盘
13:02:21	7.06	--	18	12708	卖盘
13:02:12	7.06	-0.01	3	2118	卖盘
13:02:09	7.07	--	5	3535	买盘
13:02:06	7.07	-0.02	236	167276	卖盘
13:01:51	7.09	--	8	5672	卖盘
13:01:36	7.09	-0.01	22	15598	卖盘
13:01:27	7.1	--	4	2840	买盘
13:00:57	7.1	--	4	2840	买盘
13:00:51	7.1	0.01	3	2130	买盘
13:00:24	7.09	--	32	22971	卖盘
13:00:09	7.09	--	5	3545	卖盘
13:00:06	7.09	-0.01	14	9926	卖盘
13:00:03	7.1	0.01	712	505662	买盘
13:00:00	7.09	--	0	0	买盘
11:30:00	7.09	--	0	0	买盘
11:29:30	7.09	0.01	2	1418	买盘
11:29:27	7.08	--	3	2124	卖盘
11:29:24	7.08	-0.01	50	35400	卖盘
11:29:18	7.09	--	15	10635	买盘
11:29:12	7.09	0.01	3	2127	买盘
11:28:57	7.08	-0.01	36	25488	卖盘
11:28:45	7.09	--	50	35450	买盘
11:28:36	7.09	--	10	7090	买盘
11:28:27	7.09	--	46	32614	买盘
11:28:21	7.09	--	1	709	买盘
11:28:09	7.09	--	10	7090	买盘
11:28:03	7.09	--	50	35450	买盘
11:28:00	7.09	0.01	10	7090	买盘
11:27:57	7.08	--	4	2832	卖盘
11:27:54	7.08	--	71	50268	卖盘
11:27:51	7.08	--	107	75756	卖盘
11:27:42	7.08	-0.01	3	2124	卖盘
11:27:33	7.09	0.01	10	7090	买盘
11:27:27	7.08	-0.01	16	11328	卖盘
11:27:12	7.09	0.01	30	21270	买盘
11:26:51	7.08	--	3	2124	卖盘
11:26:45	7.08	-0.01	10	7080	卖盘
11:26:30	7.09	0.01	5	3545	买盘
11:26:21	7.08	--	1	708	卖盘
11:26:15	7.08	--	1	1274	卖盘
11:26:00	7.08	--	32	22656	卖盘
11:25:57	7.08	-0.01	3	2124	卖盘
11:25:42	7.09	--	5	3545	买盘
11:25:03	7.09	--	5	3545	买盘
11:24:57	7.09	0.01	7	4963	买盘
11:24:54	7.08	-0.01	17	12036	卖盘
11:24:33	7.09	0.01	1	709	买盘
11:24:24	7.08	--	10	7080	卖盘
11:24:18	7.08	--	50	35400	卖盘
11:24:12	7.08	--	3	2124	卖盘
11:24:09	7.08	--	10	7080	卖盘
11:24:03	7.08	--	1	708	卖盘
11:23:57	7.08	-0.01	4	2832	卖盘
11:23:51	7.09	0.01	2	1418	买盘
11:23:45	7.08	-0.01	63	44604	卖盘
11:23:21	7.09	0.01	80	56720	买盘
11:23:15	7.08	--	17	12036	卖盘
11:23:09	7.08	--	57	40356	卖盘
11:23:06	7.08	-0.01	56	39648	卖盘
11:23:03	7.09	0.01	2	1418	买盘
11:22:33	7.08	--	57	40356	卖盘
11:22:27	7.08	-0.01	3	2124	卖盘
11:22:09	7.09	0.02	13	9217	买盘
11:21:57	7.07	-0.02	57	40299	卖盘
11:21:54	7.09	--	1	709	买盘
11:21:24	7.09	0.01	135	95715	买盘
11:21:06	7.08	--	10	7080	买盘
11:21:03	7.08	--	5	3540	买盘
11:20:57	7.08	0.01	50	35400	买盘
11:20:54	7.07	--	4	2828	卖盘
11:20:51	7.07	--	4	2828	卖盘
11:20:42	7.07	-0.01	3	2121	卖盘
11:20:39	7.08	--	69	48852	买盘
11:20:21	7.08	--	10	7080	买盘
11:20:06	7.08	--	1	708	买盘
11:20:03	7.08	--	10	7080	买盘
11:19:57	7.08	--	20	14160	买盘
11:19:39	7.08	--	73	51684	买盘
11:19:30	7.08	0.01	14	9912	买盘
11:19:24	7.07	--	34	24038	卖盘
11:19:03	7.07	-0.01	10	7070	卖盘
11:19:00	7.08	0.01	6	4248	买盘
11:18:57	7.07	--	25	17675	卖盘
11:18:54	7.07	--	100	70700	卖盘
11:18:45	7.07	--	12	8484	卖盘
11:18:39	7.07	-0.01	88	62216	卖盘
11:18:21	7.08	0.01	1	708	买盘
11:18:09	7.07	--	1	707	卖盘
11:17:45	7.07	-0.01	10	7070	卖盘
11:17:39	7.08	0.01	71	50268	买盘
11:17:33	7.07	--	10	7070	卖盘
11:17:12	7.07	--	3	2121	卖盘
11:17:09	7.07	-0.01	32	22906	卖盘
11:16:39	7.08	--	67	47436	买盘
11:16:15	7.08	0.01	1	708	中性盘
11:16:09	7.07	-0.01	25	17675	卖盘
11:15:57	7.08	-0.01	5	3540	中性盘
11:15:39	7.09	0.01	101	71609	买盘
11:15:36	7.08	0.01	6	4248	买盘
11:15:27	7.07	-0.02	20	14140	卖盘
11:14:39	7.09	0.01	73	51757	买盘
11:14:36	7.08	-0.01	10	7080	中性盘
11:13:54	7.09	0.02	1	709	买盘
11:13:42	7.07	-0.02	3	2121	卖盘
11:13:39	7.09	--	98	69482	买盘
11:13:21	7.09	0.02	2	1418	买盘
11:13:09	7.07	--	10	7070	卖盘
11:12:51	7.07	-0.02	48	33936	卖盘
11:12:45	7.09	--	8	5672	买盘
11:12:39	7.09	0.01	65	46085	买盘
11:12:36	7.08	--	25	17700	买盘
11:12:30	7.08	--	14	9912	卖盘
11:12:12	7.08	--	10	7080	卖盘
11:12:06	7.08	--	2	1416	卖盘
11:11:57	7.08	-0.02	3	2124	卖盘
11:11:39	7.1	0.01	115	81650	买盘
11:11:36	7.09	--	15	10635	卖盘
11:11:33	7.09	0.02	18	12762	买盘
11:11:18	7.07	-0.02	5	3535	卖盘
11:11:12	7.09	0.02	2	1418	买盘
11:11:09	7.07	-0.03	5	3535	卖盘
11:10:39	7.1	0.02	71	50410	买盘
11:10:36	7.08	--	152	107757	卖盘
11:10:15	7.08	-0.01	174	123192	卖盘
11:10:12	7.09	--	3	2127	卖盘
11:10:09	7.09	-0.01	32	22688	卖盘
11:10:06	7.1	0.01	15	10650	买盘
11:09:54	7.09	--	4	2836	卖盘
11:09:51	7.09	-0.01	4	2836	卖盘
11:09:39	7.1	--	66	46860	买盘
11:09:36	7.1	--	28	19880	买盘
11:09:33	7.1	--	10	7100	买盘
11:09:30	7.1	--	1	710	买盘
11:09:27	7.1	--	22	15620	买盘
11:09:12	7.1	--	2	1420	买盘
11:08:39	7.1	0.02	83	58930	买盘
11:08:27	7.08	-0.01	3	2124	卖盘
11:08:18	7.09	--	39	27651	买盘
11:08:12	7.09	-0.01	7	4963	卖盘
11:08:09	7.1	--	123	87330	买盘
11:08:00	7.1	0.01	20	14200	买盘
11:07:57	7.09	0.01	5	3545	中性盘
11:07:39	7.08	-0.02	84	60038	卖盘
11:07:36	7.1	--	4	2840	买盘
11:07:27	7.1	--	17	12070	买盘
11:07:09	7.1	0.01	167	118570	买盘
11:07:06	7.09	0.01	73	51757	买盘
11:07:00	7.08	-0.01	10	7080	卖盘
11:06:42	7.09	--	3	2127	卖盘
11:06:39	7.09	0.04	86	60974	中性盘
11:05:48	7.05	-0.05	31	21855	卖盘
11:05:39	7.1	--	65	46150	买盘
11:05:33	7.1	0.05	1565	1111150	买盘
11:05:24	7.05	--	10	7050	卖盘
11:05:21	7.05	-0.01	2	1692	卖盘
11:05:15	7.06	0.01	20	14120	买盘
11:04:57	7.05	-0.01	3	2115	卖盘
11:04:54	7.06	0.01	3	2118	买盘
11:04:45	7.05	-0.01	33	23265	卖盘
11:04:39	7.06	0.01	61	43066	买盘
11:04:30	7.05	--	4	2820	卖盘
11:04:27	7.05	-0.01	30	21150	卖盘
11:04:21	7.06	0.01	10	7060	买盘
11:04:03	7.05	-0.01	12	8460	卖盘
11:03:54	7.06	--	10	7060	买盘
11:03:39	7.06	0.01	71	50126	买盘
11:03:36	7.05	0.01	4	2820	买盘
11:03:33	7.04	-0.01	116	81664	卖盘
11:03:30	7.05	--	15	10575	买盘
11:03:27	7.05	--	5	3525	买盘
11:03:21	7.05	--	1	705	买盘
11:03:15	7.05	--	34	23970	卖盘
11:03:12	7.05	-0.01	3	2115	中性盘
11:02:39	7.06	0.01	67	47302	买盘
11:02:06	7.05	--	10	7050	买盘
11:01:54	7.05	--	40	28200	卖盘
11:01:51	7.05	-0.01	10	7050	卖盘
11:01:39	7.06	0.03	63	44478	买盘
11:01:33	7.03	-0.02	27	18981	卖盘
11:01:30	7.05	--	50	35250	卖盘
11:01:27	7.05	--	3	2115	卖盘
11:01:09	7.05	--	147	103635	买盘
11:01:06	7.05	--	10	7050	买盘
11:00:39	7.05	0.02	72	50760	买盘
11:00:30	7.03	--	43	30229	买盘
11:00:18	7.03	--	9	6327	买盘
11:00:12	7.03	--	2	1406	买盘
11:00:09	7.03	--	210	147630	卖盘
11:00:00	7.03	--	3	2109	卖盘
10:59:48	7.03	-0.02	30	21090	卖盘
10:59:45	7.05	0.02	1	705	买盘
10:59:42	7.03	-0.02	3	2109	卖盘
10:59:39	7.05	--	143	100815	买盘
10:59:09	7.05	--	20	14100	买盘
10:59:00	7.05	0.02	23	16215	买盘
10:58:57	7.03	-0.01	30	21090	卖盘
10:58:54	7.04	--	4	2816	卖盘
10:58:51	7.04	-0.01	4	2816	卖盘
10:58:39	7.05	0.02	67	47235	买盘
10:58:18	7.03	-0.02	65	45835	卖盘
10:58:09	7.05	--	16	11280	卖盘
10:58:06	7.05	--	63	44415	卖盘
10:57:57	7.05	0.03	3	2115	中性盘
10:57:45	7.02	-0.03	86	60371	卖盘
10:57:42	7.05	-0.01	10	7050	中性盘
10:57:39	7.06	0.04	67	47302	买盘
10:57:27	7.02	--	110	77220	卖盘
10:57:09	7.02	-0.03	112	78624	卖盘
10:57:03	7.05	0.03	126	88830	买盘
10:56:54	7.02	--	111	77922	卖盘
10:56:42	7.02	-0.03	1	702	卖盘
10:56:39	7.05	0.03	64	45120	买盘
10:56:36	7.02	--	111	77922	卖盘
10:56:30	7.02	--	84	58968	卖盘
10:56:21	7.02	--	109	76518	卖盘
10:56:15	7.02	-0.01	128	89856	卖盘
10:56:12	7.03	0.01	3	2109	中性盘
10:56:09	7.02	-0.01	52	36504	卖盘
10:56:00	7.03	0.01	115	80845	买盘
10:55:57	7.02	-0.01	6	4212	卖盘
10:55:54	7.03	0.01	4	2812	买盘
10:55:48	7.02	--	23	16145	卖盘
10:55:45	7.02	-0.03	73	51246	卖盘
10:55:42	7.05	0.02	31	21855	买盘
10:55:39	7.03	-0.01	103	72409	卖盘
10:55:36	7.04	0.01	76	53504	中性盘
10:55:33	7.03	--	5	3515	卖盘
10:55:30	7.03	--	11	7733	卖盘
10:55:27	7.03	--	30	21090	卖盘
10:55:24	7.03	-0.01	187	131461	卖盘
10:55:18	7.04	0.01	36	25344	买盘
10:55:15	7.03	-0.01	248	174344	卖盘
10:55:12	7.04	0.01	37	26048	买盘
10:55:09	7.03	--	64	44992	卖盘
10:55:06	7.03	-0.01	30	21090	卖盘
10:55:03	7.04	--	11	7744	买盘
10:54:51	7.04	0.01	30	21120	买盘
10:54:45	7.03	-0.01	51	35853	卖盘
10:54:39	7.04	0.01	75	52800	买盘
10:54:30	7.03	--	85	59755	卖盘
10:54:27	7.03	-0.01	3	2109	卖盘
10:54:24	7.04	0.01	5	3520	买盘
10:54:21	7.03	-0.01	4	3374	卖盘
10:54:15	7.04	--	376	264704	买盘
10:54:12	7.04	--	6	4224	买盘
10:54:09	7.04	--	56	39424	卖盘
10:54:06	7.04	--	5	3520	卖盘
10:54:03	7.04	--	10	7040	卖盘
10:54:00	7.04	--	27	19008	卖盘
10:53:45	7.04	-0.02	260	183040	卖盘
10:53:39	7.06	--	66	46596	买盘
10:53:33	7.06	0.02	7	4942	买盘
10:53:21	7.04	--	9	6336	买盘
10:53:18	7.04	--	7	4928	卖盘
10:53:15	7.04	--	12	8448	卖盘
10:53:09	7.04	0.01	36	25344	中性盘
10:52:45	7.03	-0.01	94	66082	卖盘
10:52:42	7.04	-0.02	3	2112	卖盘
10:52:39	7.06	0.02	66	46596	买盘
10:52:33	7.04	-0.02	27	19008	卖盘
10:52:27	7.06	0.02	4	2824	买盘
10:52:15	7.04	0.01	181	127424	卖盘
10:51:51	7.03	--	10	7030	卖盘
10:51:45	7.03	--	641	450623	卖盘
10:51:39	7.03	-0.01	83	58349	卖盘
10:51:36	7.04	--	34	23936	买盘
10:51:33	7.04	--	168	118272	卖盘
10:51:15	7.04	--	237	166848	卖盘
10:51:12	7.04	--	46	32384	卖盘
10:51:00	7.04	--	64	45056	卖盘
10:50:57	7.04	--	3	2112	卖盘
10:50:54	7.04	--	62	43648	卖盘
10:50:48	7.04	-0.01	200	140800	卖盘
10:50:45	7.05	-0.01	39	27495	卖盘
10:50:39	7.06	0.02	61	43066	买盘
10:50:36	7.04	--	30	21120	卖盘
10:50:24	7.04	-0.01	30	21120	卖盘
10:50:21	7.05	--	50	35250	买盘
10:50:15	7.05	--	49	34545	卖盘
10:50:09	7.05	0.01	1	705	买盘
10:50:06	7.04	-0.01	112	78848	卖盘
10:49:57	7.05	-0.01	1	705	卖盘
10:49:54	7.06	0.01	50	35300	买盘
10:49:51	7.05	--	1	705	卖盘
10:49:45	7.05	-0.02	184	129720	卖盘
10:49:39	7.07	0.02	70	49490	买盘
10:49:33	7.05	-0.01	59	41595	卖盘
10:49:27	7.06	0.01	1	706	买盘
10:49:18	7.05	0.01	1	705	中性盘
10:49:12	7.04	-0.01	3	2112	卖盘
10:49:09	7.05	--	19	13395	卖盘
10:49:06	7.05	--	7	4935	买盘
10:49:00	7.05	--	3	2115	卖盘
10:48:48	7.05	-0.02	89	62745	卖盘
10:48:45	7.07	--	4	2828	买盘
10:48:42	7.07	--	3	2121	买盘
10:48:39	7.07	0.01	69	48783	买盘
10:48:36	7.06	0.01	13	9178	买盘
10:48:33	7.05	--	57	40185	卖盘
10:48:18	7.05	-0.01	10	7050	卖盘
10:48:15	7.06	--	70	49420	卖盘
10:48:12	7.06	--	18	12708	卖盘
10:48:03	7.06	--	5	3530	买盘
10:47:57	7.06	0.01	1	706	买盘
10:47:54	7.05	--	4	2820	卖盘
10:47:51	7.05	--	4	2820	卖盘
10:47:45	7.05	--	320	225600	卖盘
10:47:42	7.05	-0.01	39	27495	卖盘
10:47:39	7.06	0.01	70	49420	买盘
10:47:27	7.05	-0.01	3	2115	卖盘
10:47:21	7.06	--	16	11296	卖盘
10:47:15	7.06	-0.01	67	47302	卖盘
10:47:12	7.07	--	10	7070	买盘
10:47:09	7.07	--	7	4949	卖盘
10:46:45	7.07	-0.01	5	3535	卖盘
10:46:39	7.08	0.01	66	46728	买盘
10:46:21	7.07	--	25	17675	买盘
10:46:15	7.07	--	228	161196	买盘
10:46:06	7.07	--	43	30683	卖盘
10:45:57	7.07	--	20	14140	卖盘
10:45:42	7.07	-0.01	5	3535	卖盘
10:45:39	7.08	0.01	61	43188	买盘
10:45:15	7.07	0.01	81	57691	买盘
10:45:00	7.06	-0.01	11	7766	卖盘
10:44:51	7.07	--	13	9191	卖盘
10:44:39	7.07	0.01	58	41006	买盘
10:44:30	7.06	--	5	3530	买盘
10:44:27	7.06	0.01	10	7060	买盘
10:44:21	7.05	-0.01	38	26790	卖盘
10:44:15	7.06	--	1	706	买盘
10:44:09	7.06	-0.01	21	14826	卖盘
10:44:00	7.07	0.01	9	6363	买盘
10:43:57	7.06	-0.02	33	23298	卖盘
10:43:39	7.08	--	67	47436	买盘
10:43:30	7.08	0.02	14	9912	买盘
10:43:24	7.06	0.01	57	40242	卖盘
10:42:48	7.05	-0.03	27	19035	卖盘
10:42:45	7.08	--	4	2832	买盘
10:42:39	7.08	0.01	64	45312	买盘
10:42:36	7.07	--	12	8484	买盘
10:42:33	7.07	0.02	1	707	买盘
10:42:30	7.05	-0.02	15	10575	卖盘
10:42:21	7.07	--	52	37329	卖盘
10:42:12	7.07	--	3	2121	卖盘
10:42:03	7.07	--	44	31249	买盘
10:41:39	7.07	0.01	72	50904	买盘
10:41:24	7.06	--	5	3530	买盘
10:41:21	7.06	--	67	47302	买盘
10:41:12	7.06	--	22	16096	卖盘
10:41:06	7.06	--	19	13555	买盘
10:41:00	7.06	--	4	3388	卖盘
10:40:54	7.06	0.01	66	46737	买盘
10:40:48	7.05	--	1	705	卖盘
10:40:45	7.05	-0.01	139	97995	卖盘
10:40:39	7.06	0.01	70	49420	买盘
10:40:36	7.05	-0.01	20	14100	卖盘
10:40:30	7.06	0.01	10	7060	买盘
10:40:27	7.05	--	8	5640	卖盘
10:40:15	7.05	-0.01	722	509010	卖盘
10:40:06	7.06	--	29	21038	卖盘
10:40:03	7.06	--	15	10731	卖盘
10:39:45	7.06	--	35	24710	买盘
10:39:42	7.06	--	2	1412	卖盘
10:39:39	7.06	--	66	46596	卖盘
10:39:36	7.06	--	10	7060	卖盘
10:39:33	7.06	--	28	19768	卖盘
10:39:18	7.06	--	100	70600	卖盘
10:39:15	7.06	--	255	180030	卖盘
10:38:57	7.06	--	3	2118	卖盘
10:38:51	7.06	--	6	4236	卖盘
10:38:48	7.06	--	4	2824	卖盘
10:38:42	7.06	-0.01	103	72718	卖盘
10:38:39	7.07	0.01	10	7070	买盘
10:38:36	7.06	0.01	4	2824	买盘
10:38:33	7.05	-0.01	77	54285	卖盘
10:38:27	7.06	0.01	5	3530	买盘
10:38:24	7.05	--	4	2820	卖盘
10:38:15	7.05	--	201	141705	卖盘
10:38:03	7.05	-0.01	20	14100	卖盘
10:38:00	7.06	0.01	5	3530	中性盘
10:37:45	7.05	--	829	584445	卖盘
10:37:39	7.05	-0.01	121	85305	卖盘
10:37:24	7.06	--	5	3530	买盘
10:37:12	7.06	--	7	4942	卖盘
10:37:06	7.06	--	41	28946	买盘
10:37:03	7.06	0.01	11	7766	买盘
10:36:57	7.05	-0.01	3	2115	卖盘
10:36:51	7.06	--	3	2118	卖盘
10:36:45	7.06	--	138	97428	卖盘
10:36:39	7.06	-0.01	97	68482	卖盘
10:36:36	7.07	0.01	3	2121	买盘
10:36:27	7.06	--	19	13414	卖盘
10:36:18	7.06	--	5	3530	卖盘
10:36:15	7.06	--	206	145436	卖盘
10:36:03	7.06	-0.01	12	8472	卖盘
10:36:00	7.07	--	16	11312	买盘
10:35:57	7.07	--	20	14140	买盘
10:35:48	7.07	-0.01	8	5656	卖盘
10:35:45	7.08	-0.01	11	7788	买盘
10:35:39	7.09	0.01	63	44667	买盘
10:35:33	7.08	--	6	4248	买盘
10:35:24	7.08	--	1	708	买盘
10:35:15	7.08	--	5	3823	卖盘
10:35:12	7.08	--	3	2124	卖盘
10:35:09	7.08	--	17	12460	买盘
10:35:06	7.08	--	1	991	卖盘
10:35:00	7.08	--	1	708	卖盘
10:34:54	7.08	--	3	2548	买盘
10:34:48	7.08	-0.01	1	708	买盘
10:34:45	7.09	--	28	20135	卖盘
10:34:39	7.09	0.03	44	31621	买盘
10:34:33	7.06	-0.02	36	25416	卖盘
10:34:30	7.08	0.01	30	21240	买盘
10:34:27	7.07	--	10	7070	卖盘
10:34:15	7.07	-0.01	30	21210	卖盘
10:34:00	7.08	0.01	3	2124	买盘
10:33:51	7.07	-0.01	20	14140	卖盘
10:33:48	7.08	--	30	21523	卖盘
10:33:45	7.08	--	123	87084	卖盘
10:33:39	7.08	--	249	176292	卖盘
10:33:33	7.08	0.02	1141	808252	买盘
10:33:27	7.06	--	3	2118	卖盘
10:33:15	7.06	-0.01	4	2824	卖盘
10:33:12	7.07	0.01	1	707	买盘
10:33:09	7.06	--	5	3530	买盘
10:33:06	7.06	--	10	7060	买盘
10:33:00	7.06	--	3	2118	买盘
10:32:48	7.06	--	41	28946	卖盘
10:32:45	7.06	-0.01	73	51538	卖盘
10:32:39	7.07	0.01	188	132916	买盘
10:32:33	7.06	--	5	3530	卖盘
10:32:15	7.06	--	40	28240	卖盘
10:32:03	7.06	-0.01	168	118608	卖盘
10:32:00	7.07	0.01	5	3535	买盘
10:31:45	7.06	--	70	49420	卖盘
10:31:42	7.06	-0.01	3	2118	卖盘
10:31:39	7.07	--	68	48076	买盘
10:31:21	7.07	0.01	10	7070	买盘
10:31:15	7.06	-0.01	116	81896	卖盘
10:30:45	7.07	0.01	96	67872	买盘
10:30:42	7.06	-0.01	2	1412	卖盘
10:30:39	7.07	--	70	49490	买盘
10:30:27	7.07	--	5	3535	买盘
10:30:24	7.07	0.01	11	7777	买盘
10:30:15	7.06	-0.01	183	129198	卖盘
10:30:06	7.07	0.01	53	37471	买盘
10:30:00	7.06	--	10	7060	卖盘
10:29:57	7.06	--	3	2118	卖盘
10:29:45	7.06	-0.01	5	3530	卖盘
10:29:39	7.07	--	67	47369	买盘
10:29:30	7.07	--	32	22624	买盘
10:29:27	7.07	0.01	8	5656	买盘
10:29:21	7.06	-0.01	6	4236	卖盘
10:29:15	7.07	0.01	53	37471	买盘
10:29:09	7.06	--	12	8895	卖盘
10:29:00	7.06	-0.02	10	7060	卖盘
10:28:57	7.08	0.02	6	4248	买盘
10:28:45	7.06	-0.02	170	120020	卖盘
10:28:39	7.08	0.01	63	44604	买盘
10:28:33	7.07	0.01	30	21210	买盘
10:28:27	7.06	--	61	43066	卖盘
10:28:15	7.06	-0.01	113	79778	卖盘
10:28:12	7.07	--	8	5656	买盘
10:28:06	7.07	--	0	282	卖盘
10:27:39	7.07	0.01	72	51328	买盘
10:27:36	7.06	-0.01	20	14120	中性盘
10:27:27	7.07	0.01	59	41713	买盘
10:27:18	7.06	-0.01	8	5930	卖盘
10:27:15	7.07	--	43	30401	买盘
10:27:06	7.07	0.01	51	36057	买盘
10:26:54	7.06	-0.02	10	7060	卖盘
10:26:45	7.08	--	168	118944	买盘
10:26:39	7.08	0.02	69	48852	买盘
10:26:27	7.06	-0.02	4	2824	卖盘
10:26:24	7.08	0.01	33	23364	买盘
10:26:12	7.07	-0.01	5	3535	卖盘
10:25:54	7.08	0.01	64	45312	买盘
10:25:51	7.07	--	10	7070	卖盘
10:25:45	7.07	-0.01	175	123725	卖盘
10:25:39	7.08	--	115	81420	买盘
10:25:36	7.08	--	18	12744	买盘
10:25:33	7.08	-0.01	14	10478	卖盘
10:25:18	7.09	0.01	5	3545	买盘
10:25:15	7.08	-0.01	127	89916	卖盘
10:25:12	7.09	0.01	33	23397	买盘
10:25:09	7.08	-0.01	10	7080	卖盘
10:25:00	7.09	0.01	14	9926	买盘
10:24:57	7.08	--	21	14868	卖盘
10:24:51	7.08	--	5	3540	卖盘
10:24:45	7.08	0.01	261	184929	买盘
10:24:42	7.07	--	3	2121	卖盘
10:24:39	7.07	0.01	67	47369	卖盘
10:24:30	7.06	-0.01	27	19062	卖盘
10:24:27	7.07	--	4	2828	买盘
10:24:21	7.07	--	4	2828	买盘
10:24:15	7.07	--	3	2121	卖盘
10:24:12	7.07	-0.01	11	7777	卖盘
10:24:09	7.08	0.01	2	1416	买盘
10:23:57	7.07	-0.01	1	707	中性盘
10:23:51	7.08	0.02	4	2832	买盘
10:23:45	7.06	-0.02	225	158850	卖盘
10:23:39	7.08	0.02	71	50268	买盘
10:23:27	7.06	-0.01	77	54362	卖盘
10:23:21	7.07	--	56	39592	卖盘
10:23:15	7.07	-0.01	4	2828	卖盘
10:23:12	7.08	--	2	1416	买盘
10:23:09	7.08	0.02	52	36816	买盘
10:22:57	7.06	-0.02	3	2118	卖盘
10:22:51	7.08	--	1	708	买盘
10:22:48	7.08	0.02	8	5664	买盘
10:22:45	7.06	-0.02	260	183560	卖盘
10:22:39	7.08	--	118	83544	买盘
10:22:30	7.08	0.02	12	8496	买盘
10:22:24	7.06	-0.02	0	423	卖盘
10:22:18	7.08	0.02	10	7080	中性盘
10:22:15	7.06	-0.03	324	228744	卖盘
10:22:00	7.09	0.04	10	7090	买盘
10:21:45	7.05	-0.02	94	66270	卖盘
10:21:42	7.07	--	0	424	卖盘
10:21:39	7.07	0.01	58	41006	买盘
10:21:30	7.06	0.01	21	14826	买盘
10:21:24	7.05	0.01	314	221489	买盘
10:21:15	7.04	--	55	38720	卖盘
10:21:12	7.04	-0.01	3	2112	卖盘
10:21:00	7.05	0.01	1418	999690	买盘
10:20:54	7.04	--	4	2816	买盘
10:20:51	7.04	--	26	18304	卖盘
10:20:45	7.04	--	45	31680	卖盘
10:20:42	7.04	-0.01	10	7040	卖盘
10:20:39	7.05	--	75	52875	买盘
10:20:36	7.05	0.02	17	11985	买盘
10:20:33	7.03	-0.02	1000	703000	卖盘
10:20:30	7.05	0.01	29	20445	买盘
10:20:27	7.04	--	10	7040	卖盘
10:20:24	7.04	--	194	136576	买盘
10:20:21	7.04	--	26	18304	买盘
10:20:18	7.04	--	43	30272	买盘
10:20:15	7.04	--	26	18304	买盘
10:20:12	7.04	--	18	12672	卖盘
10:20:09	7.04	--	9	6336	买盘
10:20:06	7.04	--	44	30976	买盘
10:20:03	7.04	--	29	20416	买盘
10:20:00	7.04	--	28	19712	买盘
10:19:57	7.04	--	4	2816	买盘
10:19:54	7.04	-0.01	68	47872	卖盘
10:19:51	7.05	--	15	10575	买盘
10:19:48	7.05	0.01	28	19740	买盘
10:19:45	7.04	-0.01	213	149952	卖盘
10:19:42	7.05	--	48	33840	买盘
10:19:39	7.05	-0.02	807	569358	卖盘
10:19:27	7.07	--	3	2121	卖盘
10:19:24	7.07	--	1	707	买盘
10:19:15	7.07	-0.01	3	2121	卖盘
10:19:09	7.08	-0.03	30	21240	中性盘
10:18:54	7.11	0.06	2	1422	买盘
10:18:45	7.05	--	521	367305	卖盘
10:18:42	7.05	-0.01	360	253800	卖盘
10:18:39	7.06	0.01	86	60716	买盘
10:18:36	7.05	--	284	200220	卖盘
10:18:30	7.05	--	52	36660	卖盘
10:18:24	7.05	-0.01	17	12267	卖盘
10:18:21	7.06	0.01	30	21180	买盘
10:18:15	7.05	0.01	348	245340	中性盘
10:18:09	7.04	--	57	40128	卖盘
10:18:06	7.04	-0.01	100	70400	卖盘
10:18:03	7.05	--	100	70500	卖盘
10:18:00	7.05	--	19	13395	买盘
10:17:57	7.05	--	13	9165	买盘
10:17:48	7.05	--	101	71205	买盘
10:17:42	7.05	-0.02	570	401850	卖盘
10:17:39	7.07	--	61	43127	买盘
10:17:36	7.07	--	10	7070	买盘
10:17:27	7.07	--	2	1414	买盘
10:17:24	7.07	0.01	7	4949	买盘
10:17:18	7.06	--	7	4942	卖盘
10:17:15	7.06	-0.01	188	132728	卖盘
10:17:09	7.07	--	120	84840	买盘
10:17:06	7.07	--	88	62216	卖盘
10:16:57	7.07	--	30	21210	卖盘
10:16:54	7.07	--	3	2121	买盘
10:16:45	7.07	--	7	4949	买盘
10:16:42	7.07	-0.01	77	54439	卖盘
10:16:39	7.08	0.02	70	49560	买盘
10:16:36	7.06	-0.01	15	10590	卖盘
10:16:27	7.07	--	29	20503	买盘
10:16:24	7.07	--	26	18382	买盘
10:16:15	7.07	-0.01	52	36764	卖盘
10:16:12	7.08	0.01	4	2832	买盘
10:16:03	7.07	--	321	226947	卖盘
10:16:00	7.07	-0.01	18	12726	卖盘
10:15:57	7.08	--	45	31860	买盘
10:15:51	7.08	-0.01	9	6499	卖盘
10:15:48	7.09	0.01	2	1418	买盘
10:15:45	7.08	--	51	36108	卖盘
10:15:42	7.08	--	2	1416	卖盘
10:15:39	7.08	-0.01	107	75756	卖盘
10:15:30	7.09	--	10	7090	买盘
10:15:24	7.09	--	15	10635	买盘
10:15:21	7.09	--	1	709	买盘
10:15:15	7.09	--	51	36159	买盘
10:15:00	7.09	--	30	21270	买盘
10:14:57	7.09	0.01	44	31196	买盘
10:14:54	7.08	--	8	5664	卖盘
10:14:51	7.08	--	5	3540	卖盘
10:14:48	7.08	-0.01	33	23364	卖盘
10:14:45	7.09	0.01	97	68773	卖盘
10:14:39	7.08	--	18	13324	买盘
10:14:36	7.08	--	22	15576	买盘
10:14:33	7.08	--	37	26196	买盘
10:14:27	7.08	--	20	14160	买盘
10:14:24	7.08	-0.01	2	1416	买盘
10:14:21	7.09	--	0	127	卖盘
10:14:18	7.09	0.01	42	30359	买盘
10:14:15	7.08	-0.01	49	34692	卖盘
10:14:12	7.09	0.01	42	29778	买盘
10:14:09	7.08	-0.01	3	2124	卖盘
10:14:03	7.09	0.01	20	14180	买盘
10:14:00	7.08	--	28	19824	卖盘
10:13:57	7.08	-0.01	18	12744	卖盘
10:13:54	7.09	--	20	14180	买盘
10:13:51	7.09	0.01	1	709	买盘
10:13:48	7.08	-0.01	247	174876	卖盘
10:13:45	7.09	--	50	35450	买盘
10:13:42	7.09	--	70	49630	买盘
10:13:39	7.09	--	66	46794	买盘
10:13:27	7.09	-0.01	188	133419	卖盘
10:13:21	7.1	--	1	710	买盘
10:13:18	7.1	--	1	710	买盘
10:13:15	7.1	--	10	7100	买盘
10:13:12	7.1	--	16	11360	卖盘
10:13:09	7.1	-0.01	1	710	卖盘
10:13:03	7.11	0.01	3	2133	买盘
10:12:57	7.1	--	42	29820	卖盘
10:12:48	7.1	--	4	2840	卖盘
10:12:45	7.1	-0.01	121	85910	卖盘
10:12:39	7.11	--	73	51903	买盘
10:12:33	7.11	-0.01	59	42532	卖盘
10:12:27	7.12	0.01	11	7832	买盘
10:12:15	7.11	-0.01	127	90297	卖盘
10:12:12	7.12	0.01	52	37024	买盘
10:12:09	7.11	--	4	2844	卖盘
10:12:06	7.11	--	46	32706	卖盘
10:12:00	7.11	-0.01	5	3555	卖盘
10:11:57	7.12	--	10	7120	买盘
10:11:51	7.12	0.01	3	2136	中性盘
10:11:45	7.11	-0.01	188	133668	卖盘
10:11:42	7.12	--	31	22200	买盘
10:11:39	7.12	0.01	72	51264	买盘
10:11:36	7.11	--	1	711	卖盘
10:11:33	7.11	-0.01	1	711	卖盘
10:11:30	7.12	--	26	18512	买盘
10:11:24	7.12	0.01	51	36312	买盘
10:11:15	7.11	-0.01	48	34128	卖盘
10:11:12	7.12	0.01	60	42720	买盘
10:11:06	7.11	--	15	10665	买盘
10:11:03	7.11	--	140	99540	买盘
10:11:00	7.11	0.01	7	4977	买盘
10:10:54	7.1	--	1	710	卖盘
10:10:45	7.1	--	10	7100	卖盘
10:10:42	7.1	--	3	2130	卖盘
10:10:39	7.1	--	110	78100	买盘
10:10:36	7.1	--	30	21300	买盘
10:10:33	7.1	--	101	71710	买盘
10:10:30	7.1	--	1	710	买盘
10:10:27	7.1	--	80	56800	买盘
10:10:24	7.1	--	20	14200	买盘
10:10:18	7.1	--	14	9940	买盘
10:10:15	7.1	--	16	11360	买盘
10:10:12	7.1	--	21	14910	买盘
10:10:09	7.1	--	32	22720	买盘
10:10:06	7.1	--	5	3550	买盘
10:10:03	7.1	--	67	47570	买盘
10:09:57	7.1	--	52	36920	卖盘
10:09:54	7.1	-0.01	17	12070	卖盘
10:09:51	7.11	0.01	10	7110	买盘
10:09:48	7.1	--	3	2130	买盘
10:09:45	7.1	0.01	4	2840	买盘
10:09:42	7.09	-0.02	5	3545	卖盘
10:09:39	7.11	0.02	64	45504	买盘
10:09:36	7.09	-0.01	10	7090	卖盘
10:09:33	7.1	0.01	5	3550	买盘
10:09:27	7.09	-0.01	376	266584	卖盘
10:09:24	7.1	--	21	14910	卖盘
10:09:15	7.1	-0.02	50	35500	卖盘
10:09:09	7.12	0.02	250	178000	买盘
10:09:06	7.1	--	91	65192	卖盘
10:09:00	7.1	-0.01	140	99400	卖盘
10:08:57	7.11	0.01	822	584442	中性盘
10:08:51	7.1	-0.01	55	39050	卖盘
10:08:45	7.11	--	244	173540	卖盘
10:08:42	7.11	--	13	9243	卖盘
10:08:39	7.11	--	81	57591	卖盘
10:08:36	7.11	--	705	501482	卖盘
10:08:33	7.11	--	90	63990	卖盘
10:08:30	7.11	--	20	14220	卖盘
10:08:27	7.11	--	22	16068	卖盘
10:08:24	7.11	--	66	46926	卖盘
10:08:21	7.11	--	10	7110	卖盘
10:08:18	7.11	-0.01	10	7110	卖盘
10:08:15	7.12	0.01	17	12104	买盘
10:08:12	7.11	--	25	17775	卖盘
10:08:09	7.11	-0.01	505	359055	卖盘
10:08:03	7.12	--	85	60520	买盘
10:07:57	7.12	--	10	7120	买盘
10:07:54	7.12	--	293	209043	卖盘
10:07:51	7.12	--	30	21360	卖盘
10:07:48	7.12	--	5	3560	卖盘
10:07:45	7.12	--	60	42720	卖盘
10:07:42	7.12	-0.02	66	46992	卖盘
10:07:39	7.14	0.02	70	49980	买盘
10:07:36	7.12	-0.01	1	996	卖盘
10:07:33	7.13	--	50	35650	买盘
10:07:30	7.13	0.01	17	12121	买盘
10:07:27	7.12	--	12	8544	卖盘
10:07:21	7.12	--	56	39872	卖盘
10:07:18	7.12	--	2	1424	卖盘
10:07:12	7.12	--	3	2136	卖盘
10:07:09	7.12	-0.02	20	14240	卖盘
10:07:06	7.14	0.02	6	4284	买盘
10:07:03	7.12	--	10	7120	卖盘
10:07:00	7.12	--	79	56248	卖盘
10:06:51	7.12	-0.02	13	9256	卖盘
10:06:48	7.14	0.02	5	3570	买盘
10:06:39	7.12	-0.02	121	86152	卖盘
10:06:30	7.14	0.02	18	12852	买盘
10:06:24	7.12	-0.01	23	16376	卖盘
10:06:21	7.13	--	15	10695	卖盘
10:06:18	7.13	--	28	19964	卖盘
10:06:15	7.13	-0.01	100	71300	卖盘
10:06:12	7.14	0.01	11	7854	买盘
10:06:09	7.13	-0.01	60	42780	卖盘
10:06:06	7.14	--	56	39984	买盘
10:06:00	7.14	-0.01	49	35557	卖盘
10:05:57	7.15	--	69	49335	买盘
10:05:42	7.15	--	70	50050	买盘
10:05:39	7.15	--	72	51480	买盘
10:05:36	7.15	--	146	104390	买盘
10:05:30	7.15	0.01	10	7150	买盘
10:05:27	7.14	-0.01	8	5712	卖盘
10:05:15	7.15	--	56	40040	买盘
10:05:09	7.15	--	211	151186	卖盘
10:05:00	7.15	--	100	71500	卖盘
10:04:57	7.15	--	89	64028	买盘
10:04:51	7.15	0.01	41	29315	买盘
10:04:48	7.14	--	8	5712	卖盘
10:04:45	7.14	-0.01	5	3570	卖盘
10:04:42	7.15	0.01	161	115115	买盘
10:04:39	7.14	-0.01	121	86394	卖盘
10:04:33	7.15	--	42	30030	买盘
10:04:30	7.15	0.01	110	78650	买盘
10:04:24	7.14	--	0	428	卖盘
10:04:12	7.14	-0.01	11	7854	卖盘
10:04:06	7.15	--	42	30030	买盘
10:04:03	7.15	--	15	10725	买盘
10:03:57	7.15	0.01	64	46189	买盘
10:03:51	7.14	-0.01	10	7140	卖盘
10:03:48	7.15	0.01	5	3575	买盘
10:03:45	7.14	0.01	1	714	中性盘
10:03:42	7.13	-0.02	3	2139	卖盘
10:03:39	7.15	0.02	61	43615	买盘
10:03:36	7.13	-0.01	5	3565	卖盘
10:03:33	7.14	--	3	2142	中性盘
10:03:24	7.14	--	8	5712	卖盘
10:03:21	7.14	--	64	45696	卖盘
10:03:18	7.14	--	31	22134	买盘
10:03:09	7.14	--	2	1428	买盘
10:03:00	7.14	--	11	7854	买盘
10:02:57	7.14	--	5	3570	买盘
10:02:51	7.14	0.01	22	15708	买盘
10:02:45	7.13	0.01	13	9269	中性盘
10:02:42	7.12	--	1	712	卖盘
10:02:39	7.12	-0.02	99	70488	卖盘
10:02:24	7.14	0.02	1008	719712	买盘
10:02:21	7.12	--	16	11392	卖盘
10:02:18	7.12	--	40	28480	卖盘
10:02:15	7.12	0.01	87	61944	买盘
10:02:12	7.11	-0.01	104	73944	卖盘
10:02:06	7.12	--	1	712	卖盘
10:02:03	7.12	-0.01	22	15664	买盘
10:02:00	7.13	0.01	100	71300	买盘
10:01:57	7.12	-0.01	51	36312	卖盘
10:01:51	7.13	--	20	14260	买盘
10:01:48	7.13	0.01	5	3565	买盘
10:01:45	7.12	-0.01	30	21360	中性盘
10:01:39	7.13	0.01	66	47058	买盘
10:01:36	7.12	--	2	1424	买盘
10:01:33	7.12	--	7	5553	卖盘
10:01:30	7.12	--	3	2278	买盘
10:01:27	7.12	-0.01	3	2705	卖盘
10:01:21	7.13	0.01	30	21390	买盘
10:01:18	7.12	0.01	7	5126	买盘
10:01:15	7.11	-0.01	18	12798	卖盘
10:01:12	7.12	--	5	3560	中性盘
10:01:03	7.12	--	13	9256	卖盘
10:01:00	7.12	--	35	24920	卖盘
10:00:57	7.12	--	97	69064	卖盘
10:00:54	7.12	--	205	145960	卖盘
10:00:51	7.12	--	155	110360	卖盘
10:00:48	7.12	-0.01	6	4272	卖盘
10:00:42	7.13	0.01	66	47058	买盘
10:00:39	7.12	--	77	54824	卖盘
10:00:36	7.12	--	50	35600	卖盘
10:00:33	7.12	-0.01	4	2848	卖盘
10:00:30	7.13	0.01	50	35650	买盘
10:00:27	7.12	-0.01	12	8544	卖盘
10:00:21	7.13	--	2	1426	买盘
10:00:18	7.13	--	197	140888	卖盘
10:00:15	7.13	--	6	4278	卖盘
10:00:12	7.13	--	200	142600	卖盘
10:00:06	7.13	--	50	35650	卖盘
10:00:03	7.13	-0.01	104	74152	卖盘
10:00:00	7.14	--	395	282030	卖盘
09:59:57	7.14	-0.01	4	2856	卖盘
09:59:54	7.15	--	12	8580	买盘
09:59:42	7.15	--	2	1430	买盘
09:59:39	7.15	--	74	52910	买盘
09:59:36	7.15	--	10	7150	买盘
09:59:30	7.15	--	1	715	卖盘
09:59:27	7.15	--	40	28600	卖盘
09:59:24	7.15	--	153	109395	卖盘
09:59:21	7.15	-0.01	50	35750	卖盘
09:59:18	7.16	0.01	50	35800	买盘
09:59:15	7.15	-0.01	171	122265	卖盘
09:59:12	7.16	0.01	2	1432	买盘
09:59:06	7.15	-0.01	1	715	卖盘
09:59:03	7.16	-0.01	71	50836	卖盘
09:59:00	7.17	-0.01	13	9321	卖盘
09:58:57	7.18	0.01	4	2872	买盘
09:58:54	7.17	--	3	2151	买盘
09:58:51	7.17	-0.01	32	22944	中性盘
09:58:39	7.18	0.02	68	48824	买盘
09:58:36	7.16	0.01	4	2864	中性盘
09:58:33	7.15	-0.03	10	7150	卖盘
09:58:30	7.18	0.02	1400	1005200	买盘
09:58:27	7.16	--	50	35800	买盘
09:58:24	7.16	--	5	3580	买盘
09:58:21	7.16	--	11	7876	买盘
09:58:12	7.16	-0.01	176	126016	卖盘
09:58:09	7.17	--	30	21510	买盘
09:57:57	7.17	--	1	717	买盘
09:57:54	7.17	--	50	35850	买盘
09:57:51	7.17	0.01	17	12189	买盘
09:57:48	7.16	-0.01	11	7876	买盘
09:57:39	7.17	0.01	65	46605	买盘
09:57:36	7.16	--	9	6444	卖盘
09:57:33	7.16	--	5	3580	卖盘
09:57:30	7.16	--	9	6444	买盘
09:57:21	7.16	-0.01	14	10024	卖盘
09:57:18	7.17	0.01	5	3585	买盘
09:57:09	7.16	--	200	143200	卖盘
09:57:06	7.16	-0.01	29	20764	卖盘
09:57:00	7.17	--	200	143400	买盘
09:56:54	7.17	0.01	103	73851	买盘
09:56:51	7.16	--	5	3580	卖盘
09:56:45	7.16	-0.01	5	3580	买盘
09:56:42	7.17	0.01	12	8604	买盘
09:56:39	7.16	0.01	71	50836	买盘
09:56:36	7.15	--	3	2145	卖盘
09:56:30	7.15	-0.02	1	715	卖盘
09:56:24	7.17	0.02	110	78870	买盘
09:56:15	7.15	--	18	12870	卖盘
09:56:12	7.15	--	15	10725	卖盘
09:56:06	7.15	-0.01	121	86515	卖盘
09:56:03	7.16	0.01	13	9308	买盘
09:56:00	7.15	-0.01	1	715	卖盘
09:55:54	7.16	0.01	10	7160	买盘
09:55:48	7.15	-0.01	10	7150	卖盘
09:55:45	7.16	--	10	7160	买盘
09:55:42	7.16	--	10	7160	买盘
09:55:39	7.16	--	10	7160	买盘
09:55:36	7.16	--	28	20048	买盘
09:55:33	7.16	--	33	23628	买盘
09:55:27	7.16	0.01	93	66588	买盘
09:55:21	7.15	--	37	26455	卖盘
09:55:18	7.15	-0.01	10	7150	卖盘
09:55:12	7.16	--	1	716	买盘
09:55:09	7.16	--	66	47256	买盘
09:55:03	7.16	0.01	53	37948	买盘
09:54:57	7.15	--	14	10010	卖盘
09:54:54	7.15	--	10	7150	卖盘
09:54:51	7.15	-0.01	83	59345	卖盘
09:54:48	7.16	0.01	40	28640	买盘
09:54:36	7.15	0.01	44	31746	买盘
09:54:30	7.14	--	6	4284	卖盘
09:54:27	7.14	--	1	714	卖盘
09:54:24	7.14	--	10	7140	卖盘
09:54:21	7.14	-0.01	7	4998	卖盘
09:54:12	7.15	--	21	15015	买盘
09:53:57	7.15	0.02	82	58630	中性盘
09:53:51	7.13	-0.02	7	4991	卖盘
09:53:48	7.15	--	99	70785	买盘
09:53:45	7.15	0.01	134	95810	买盘
09:53:42	7.14	-0.01	20	14280	卖盘
09:53:39	7.15	0.01	3	2145	买盘
09:53:36	7.14	--	38	27132	卖盘
09:53:33	7.14	--	160	114240	卖盘
09:53:30	7.14	-0.02	4	2856	卖盘
09:53:24	7.16	--	54	38664	买盘
09:53:18	7.16	0.02	3	2148	买盘
09:53:15	7.14	-0.02	122	87108	卖盘
09:53:12	7.16	--	116	83056	买盘
09:53:09	7.16	--	26	18616	买盘
09:53:06	7.16	--	413	295708	卖盘
09:53:03	7.16	--	51	36516	卖盘
09:53:00	7.16	--	20	14320	卖盘
09:52:54	7.16	-0.01	205	146780	卖盘
09:52:48	7.17	0.01	14	10038	买盘
09:52:42	7.16	--	30	21480	卖盘
09:52:39	7.16	--	3	2148	卖盘
09:52:36	7.16	--	4	2864	卖盘
09:52:33	7.16	0.01	40	28640	卖盘
09:52:27	7.15	--	15	10725	卖盘
09:52:21	7.15	-0.01	20	14300	卖盘
09:52:15	7.16	--	101	72316	买盘
09:52:12	7.16	-0.01	41	29356	买盘
09:52:00	7.17	0.01	155	111135	买盘
09:51:57	7.16	0.02	10	7160	买盘
09:51:54	7.14	-0.03	700	499800	卖盘
09:51:51	7.17	0.01	152	108984	卖盘
09:51:48	7.16	--	1450	1038200	买盘
09:51:45	7.16	-0.01	204	146636	卖盘
09:51:42	7.17	--	101	72417	买盘
09:51:39	7.17	0.01	11	7887	中性盘
09:51:36	7.16	-0.01	46	32936	卖盘
09:51:33	7.17	-0.01	7	5019	买盘
09:51:30	7.18	0.02	50	35900	买盘
09:51:27	7.16	--	10	7160	卖盘
09:51:24	7.16	-0.01	12	8592	卖盘
09:51:21	7.17	0.01	281	201477	买盘
09:51:15	7.16	--	8	5728	卖盘
09:51:06	7.16	-0.01	8	5728	卖盘
09:51:03	7.17	0.01	20	14340	买盘
09:51:00	7.16	0.01	140	100383	买盘
09:50:57	7.15	--	15	10725	卖盘
09:50:48	7.15	--	20	14300	卖盘
09:50:45	7.15	--	131	93665	买盘
09:50:39	7.15	--	45	32175	卖盘
09:50:36	7.15	--	90	64350	卖盘
09:50:33	7.15	-0.01	85	60775	卖盘
09:50:30	7.16	0.01	15	10740	买盘
09:50:27	7.15	0.01	13	9295	买盘
09:50:24	7.14	-0.01	62	44268	卖盘
09:50:21	7.15	--	4	2860	买盘
09:50:18	7.15	--	12	8580	卖盘
09:50:15	7.15	--	20	14300	卖盘
09:50:12	7.15	--	42	30030	卖盘
09:50:09	7.15	0.01	106	75790	买盘
09:50:06	7.14	--	192	137088	卖盘
09:50:00	7.14	--	47	33558	买盘
09:49:57	7.14	--	16	11424	买盘
09:49:54	7.14	0.01	4	2856	买盘
09:49:51	7.13	-0.01	14	9982	卖盘
09:49:48	7.14	--	5	3570	买盘
09:49:42	7.14	--	14	9996	买盘
09:49:39	7.14	--	33	23562	卖盘
09:49:36	7.14	-0.01	59	42126	卖盘
09:49:24	7.15	0.01	7	5005	买盘
09:49:15	7.14	-0.01	22	15708	卖盘
09:49:06	7.15	--	25	17875	买盘
09:49:03	7.15	0.02	179	127985	买盘
09:49:00	7.13	-0.02	316	225308	卖盘
09:48:57	7.15	--	10	7150	买盘
09:48:54	7.15	--	28	20020	买盘
09:48:51	7.15	--	10	7150	买盘
09:48:48	7.15	-0.01	21	15015	买盘
09:48:45	7.16	--	316	226256	买盘
09:48:42	7.16	--	94	67304	买盘
09:48:36	7.16	0.02	43	30788	买盘
09:48:27	7.14	--	211	150939	卖盘
09:48:24	7.14	-0.01	200	142800	卖盘
09:48:21	7.15	--	8	5720	买盘
09:48:12	7.15	--	4	2860	买盘
09:48:06	7.15	0.01	48	34320	买盘
09:48:03	7.14	--	15	10710	买盘
09:48:00	7.14	--	124	88536	买盘
09:47:57	7.14	-0.02	168	120380	卖盘
09:47:51	7.16	0.02	41	29356	买盘
09:47:48	7.14	-0.01	100	71400	卖盘
09:47:45	7.15	0.01	121	86801	买盘
09:47:42	7.14	--	6	4284	买盘
09:47:39	7.14	--	52	37128	买盘
09:47:36	7.14	-0.02	154	110098	卖盘
09:47:33	7.16	0.01	175	125872	买盘
09:47:30	7.15	--	21	15015	买盘
09:47:27	7.15	--	111	79365	卖盘
09:47:24	7.15	--	16	11440	卖盘
09:47:21	7.15	--	10	7150	卖盘
09:47:18	7.15	-0.01	420	300300	卖盘
09:47:15	7.16	-0.03	10	7160	买盘
09:47:12	7.19	0.04	800	575200	买盘
09:47:09	7.15	--	142	101530	卖盘
09:47:03	7.15	-0.01	358	255970	卖盘
09:47:00	7.16	--	18	12888	卖盘
09:46:57	7.16	--	15	10740	卖盘
09:46:54	7.16	0.01	367	262772	卖盘
09:46:51	7.15	-0.01	124	88660	卖盘
09:46:48	7.16	--	120	85920	买盘
09:46:45	7.16	-0.01	56	40096	中性盘
09:46:42	7.17	--	93	66681	买盘
09:46:39	7.17	--	367	263139	买盘
09:46:33	7.17	0.01	83	59511	中性盘
09:46:30	7.16	-0.02	114	81624	卖盘
09:46:24	7.18	0.02	197	141446	买盘
09:46:21	7.16	0.01	10	7160	买盘
09:46:18	7.15	-0.01	327	233805	卖盘
09:46:15	7.16	-0.01	300	214800	卖盘
09:46:12	7.17	0.01	52	37284	买盘
09:46:09	7.16	--	10	7160	卖盘
09:46:06	7.16	-0.01	332	237712	卖盘
09:46:03	7.17	--	5	3585	买盘
09:46:00	7.17	--	32	22944	买盘
09:45:57	7.17	0.01	1	717	买盘
09:45:54	7.16	-0.01	74	52984	卖盘
09:45:48	7.17	--	24	17208	买盘
09:45:45	7.17	--	81	58077	买盘
09:45:42	7.17	--	82	58794	卖盘
09:45:39	7.17	--	81	58077	中性盘
09:45:36	7.17	0.01	16	11472	买盘
09:45:33	7.16	-0.01	30	21480	卖盘
09:45:30	7.17	0.01	29	20793	买盘
09:45:27	7.16	-0.01	40	28640	卖盘
09:45:24	7.17	--	26	18642	买盘
09:45:21	7.17	-0.01	21	15057	买盘
09:45:18	7.18	0.02	40	28720	买盘
09:45:15	7.16	-0.02	253	181355	卖盘
09:45:12	7.18	--	32	22976	买盘
09:45:09	7.18	--	144	103392	买盘
09:45:06	7.18	--	35	25130	买盘
09:45:03	7.18	-0.01	853	612963	卖盘
09:45:00	7.19	--	50	36525	买盘
09:44:57	7.19	--	53	38107	买盘
09:44:54	7.19	--	141	101379	买盘
09:44:51	7.19	0.01	571	410549	买盘
09:44:48	7.18	--	170	122060	卖盘
09:44:45	7.18	-0.01	89	63902	卖盘
09:44:42	7.19	0.01	44	31636	买盘
09:44:39	7.18	--	173	124214	卖盘
09:44:36	7.18	--	10	7180	卖盘
09:44:33	7.18	-0.01	82	58876	卖盘
09:44:30	7.19	--	83	59677	买盘
09:44:27	7.19	--	215	154585	买盘
09:44:24	7.19	0.01	164	117916	买盘
09:44:21	7.18	-0.01	108	77544	卖盘
09:44:18	7.19	--	701	504162	卖盘
09:44:15	7.19	--	199	143081	卖盘
09:44:12	7.19	--	1661	1194259	卖盘
09:44:09	7.19	--	285	204915	卖盘
09:44:06	7.19	--	166	119354	卖盘
09:44:03	7.19	-0.01	161	115759	卖盘
09:44:00	7.2	--	477	343440	卖盘
09:43:57	7.2	-0.01	148	106560	卖盘
09:43:54	7.21	0.01	254	183134	买盘
09:43:51	7.2	--	6	4320	卖盘
09:43:48	7.2	--	876	630720	买盘
09:43:45	7.2	0.01	10	7200	买盘
09:43:42	7.19	--	414	298241	买盘
09:43:39	7.19	--	270	194130	买盘
09:43:36	7.19	--	41	29479	买盘
09:43:33	7.19	--	25	17975	买盘
09:43:30	7.19	0.01	27	19413	买盘
09:43:27	7.18	--	95	68561	买盘
09:43:24	7.18	--	26	18668	买盘
09:43:21	7.18	0.01	14	10052	买盘
09:43:18	7.17	0.01	33	23661	中性盘
09:43:15	7.16	-0.01	34	24344	卖盘
09:43:12	7.17	0.01	1016	728472	买盘
09:43:09	7.16	-0.01	31	22196	卖盘
09:43:06	7.17	0.02	545	390765	买盘
09:43:03	7.15	-0.01	112	80080	卖盘
09:43:00	7.16	--	4	2864	买盘
09:42:57	7.16	--	94	67304	买盘
09:42:54	7.16	0.01	80	57280	买盘
09:42:51	7.15	--	40	28600	卖盘
09:42:48	7.15	-0.01	81	57915	卖盘
09:42:45	7.16	0.01	2	1432	买盘
09:42:42	7.15	--	35	25025	卖盘
09:42:39	7.15	--	44	31460	卖盘
09:42:36	7.15	--	92	65780	买盘
09:42:33	7.15	--	240	171600	买盘
09:42:30	7.15	--	34	24310	卖盘
09:42:27	7.15	--	19	13585	买盘
09:42:24	7.15	--	17	12584	买盘
09:42:21	7.15	--	95	67925	买盘
09:42:18	7.15	--	37	26455	买盘
09:42:15	7.15	--	145	103675	买盘
09:42:12	7.15	0.01	31	22165	买盘
09:42:09	7.14	-0.01	86	61404	卖盘
09:42:06	7.15	--	30	21450	买盘
09:42:03	7.15	--	298	213070	卖盘
09:42:00	7.15	--	26	18590	卖盘
09:41:57	7.15	-0.01	74	52910	卖盘
09:41:54	7.16	--	131	93796	买盘
09:41:51	7.16	0.01	77	55132	买盘
09:41:48	7.15	--	170	121550	卖盘
09:41:45	7.15	--	240	171600	卖盘
09:41:39	7.15	--	95	67925	卖盘
09:41:36	7.15	--	97	69355	买盘
09:41:33	7.15	--	30	21450	买盘
09:41:30	7.15	--	4	2860	买盘
09:41:27	7.15	-0.01	75	53625	卖盘
09:41:24	7.16	-0.01	223	159668	卖盘
09:41:21	7.17	--	29	20793	买盘
09:41:18	7.17	--	275	197175	买盘
09:41:15	7.17	--	1032	739944	买盘
09:41:12	7.17	0.01	88	63096	买盘
09:41:09	7.16	-0.02	116	83056	中性盘
09:41:03	7.18	0.03	407	292226	买盘
09:41:00	7.15	-0.03	15	10725	卖盘
09:40:57	7.18	0.03	128	91904	买盘
09:40:54	7.15	--	239	170885	买盘
09:40:51	7.15	--	30	21450	买盘
09:40:48	7.15	0.01	238	170170	买盘
09:40:45	7.14	-0.04	666	475524	卖盘
09:40:42	7.18	0.05	151	108418	中性盘
09:40:39	7.13	-0.02	387	275931	卖盘
09:40:36	7.15	-0.03	15	10725	买盘
09:40:33	7.18	--	13	9334	买盘
09:40:30	7.18	-0.01	6	4308	中性盘
09:40:27	7.19	--	54	38826	买盘
09:40:24	7.19	0.07	226	162494	买盘
09:40:21	7.12	--	3	2136	卖盘
09:40:18	7.12	-0.08	10	7120	中性盘
09:40:15	7.2	0.1	1174	845280	买盘
09:40:12	7.1	0.02	346	245660	买盘
09:40:09	7.08	--	15	10620	卖盘
09:40:06	7.08	0.02	816	577869	买盘
09:40:03	7.06	-0.01	89	62834	卖盘
09:39:54	7.07	--	78	55146	买盘
09:39:51	7.07	--	68	48076	买盘
09:39:45	7.07	0.01	124	87668	买盘
09:39:42	7.06	0.01	0	141	中性盘
09:39:36	7.05	--	8	5640	买盘
09:39:30	7.05	--	72	50760	买盘
09:39:27	7.05	-0.03	8	5640	中性盘
09:39:24	7.08	0.02	552	390816	买盘
09:39:18	7.06	0.03	856	604336	买盘
09:39:09	7.03	--	149	104747	卖盘
09:39:06	7.03	-0.01	41	28823	卖盘
09:39:03	7.04	0.01	4	2816	买盘
09:38:57	7.03	--	212	149457	买盘
09:38:54	7.03	0.01	25	17575	买盘
09:38:51	7.02	-0.01	4	2808	卖盘
09:38:48	7.03	0.01	150	105450	买盘
09:38:45	7.02	-0.01	5	3510	卖盘
09:38:42	7.03	0.01	9	6327	买盘
09:38:39	7.02	-0.01	52	36504	卖盘
09:38:30	7.03	0.01	30	21090	买盘
09:38:27	7.02	-0.01	60	42120	卖盘
09:38:12	7.03	0.01	145	101935	买盘
09:38:03	7.02	-0.01	6	4212	卖盘
09:38:00	7.03	0.02	357	250971	买盘
09:37:57	7.01	-0.01	20	14020	卖盘
09:37:48	7.02	0.01	70	49140	买盘
09:37:45	7.01	--	46	32246	卖盘
09:37:42	7.01	--	3	2103	卖盘
09:37:39	7.01	0.01	385	269885	买盘
09:37:36	7.0	--	106	74200	卖盘
09:37:33	7.0	-0.01	16	11200	卖盘
09:37:30	7.01	--	26	18226	买盘
09:37:24	7.01	--	10	7010	卖盘
09:37:21	7.01	0.01	40	28040	买盘
09:37:18	7.0	--	61	42700	卖盘
09:37:12	7.0	-0.01	21	14700	卖盘
09:37:09	7.01	--	4	2804	买盘
09:37:00	7.01	0.01	2	1402	买盘
09:36:57	7.0	--	15	10500	卖盘
09:36:54	7.0	-0.02	3	2100	卖盘
09:36:51	7.02	0.02	57	40014	买盘
09:36:45	7.0	-0.02	100	70000	卖盘
09:36:42	7.02	0.02	10	7020	买盘
09:36:36	7.0	-0.01	15	10500	卖盘
09:36:33	7.01	--	1	1254	买盘
09:36:30	7.01	0.01	38	26638	买盘
09:36:27	7.0	--	1	700	卖盘
09:36:21	7.0	-0.01	49	34300	卖盘
09:36:18	7.01	--	20	14020	买盘
09:36:15	7.01	0.01	31	21731	买盘
09:36:06	7.0	--	10	7000	卖盘
09:36:03	7.0	-0.01	44	30800	卖盘
09:36:00	7.01	0.01	2	1402	买盘
09:35:57	7.0	--	87	60900	卖盘
09:35:54	7.0	-0.01	10	7000	卖盘
09:35:48	7.01	0.01	5	3505	买盘
09:35:45	7.0	--	42	29400	卖盘
09:35:42	7.0	-0.01	32	22400	卖盘
09:35:39	7.01	--	10	7010	买盘
09:35:30	7.01	-0.01	225	157872	卖盘
09:35:24	7.02	--	13	9126	买盘
09:35:18	7.02	--	8	5616	买盘
09:35:15	7.02	--	49	34398	买盘
09:35:06	7.02	--	122	85644	买盘
09:35:03	7.02	--	67	47034	买盘
09:35:00	7.02	--	18	13057	买盘
09:34:54	7.02	--	514	360828	买盘
09:34:51	7.02	--	1	702	买盘
09:34:48	7.02	--	42	29484	买盘
09:34:42	7.02	--	5	3510	买盘
09:34:33	7.02	0.01	4	2808	买盘
09:34:30	7.01	--	238	166971	买盘
09:34:21	7.01	--	237	166417	卖盘
09:34:12	7.01	-0.01	35	24535	卖盘
09:34:06	7.02	--	50	35100	买盘
09:34:03	7.02	--	7	4914	买盘
09:34:00	7.02	--	2	1404	买盘
09:33:57	7.02	--	45	31589	买盘
09:33:54	7.02	--	17	11934	买盘
09:33:51	7.02	-0.01	582	408704	卖盘
09:33:48	7.03	0.01	42	29526	买盘
09:33:45	7.02	--	120	84240	卖盘
09:33:42	7.02	--	305	214671	买盘
09:33:39	7.02	--	3	2106	买盘
09:33:30	7.02	--	45	31589	买盘
09:33:27	7.02	--	19	13338	买盘
09:33:15	7.02	--	1	702	买盘
09:33:09	7.02	0.01	33	23166	买盘
09:33:03	7.01	--	3	2523	卖盘
09:33:00	7.01	-0.01	61	42761	卖盘
09:32:57	7.02	--	15	10530	买盘
09:32:54	7.02	-0.01	4	2808	中性盘
09:32:51	7.03	--	6	4218	买盘
09:32:48	7.03	0.02	63	44289	买盘
09:32:45	7.01	-0.01	6	4206	卖盘
09:32:39	7.02	-0.01	8	5616	卖盘
09:32:36	7.03	0.01	21	14763	买盘
09:32:33	7.02	--	5	3510	卖盘
09:32:30	7.02	--	41	28782	卖盘
09:32:27	7.02	--	142	99684	卖盘
09:32:12	7.02	-0.01	49	34398	卖盘
09:32:09	7.03	0.01	64	44992	买盘
09:32:06	7.02	-0.01	10	7020	卖盘
09:32:03	7.03	0.01	2	1406	买盘
09:32:00	7.02	--	33	23166	卖盘
09:31:54	7.02	-0.01	78	54756	卖盘
09:31:51	7.03	--	3	2109	买盘
09:31:48	7.03	--	83	58349	买盘
09:31:42	7.03	0.01	15	10545	买盘
09:31:39	7.02	--	32	22464	卖盘
09:31:36	7.02	-0.01	20	14040	卖盘
09:31:33	7.03	--	13	9139	买盘
09:31:30	7.03	0.01	1	703	买盘
09:31:27	7.02	--	7	4914	卖盘
09:31:18	7.02	--	41	28782	卖盘
09:31:15	7.02	--	3	2106	卖盘
09:31:12	7.02	--	40	28080	卖盘
09:31:09	7.02	--	4	2808	买盘
09:31:06	7.02	0.02	22	15443	买盘
09:31:03	7.0	-0.02	30	21000	卖盘
09:31:00	7.02	0.01	20	14040	中性盘
09:30:54	7.01	--	95	66595	卖盘
09:30:48	7.01	-0.01	25	17525	卖盘
09:30:39	7.02	0.01	3	2106	买盘
09:30:27	7.01	0.01	121	84821	买盘
09:30:21	7.0	0.02	1	700	买盘
09:30:18	6.98	-0.01	5	3490	卖盘
09:30:15	6.99	--	8	5592	卖盘
09:30:12	6.99	--	16	11184	卖盘
09:30:09	6.99	--	1	699	卖盘
09:30:06	6.99	-0.02	29	20271	卖盘
09:30:03	7.01	0.03	354	248154	中性盘
09:30:00	6.98	--	0	0	卖盘
09:25:03	6.98	6.98	228	159144	买盘
