成交时间	成交价	价格变动	成交量(手)	成交额(元)	性质
15:00:03	11.81	0.01	1871	2209828	买盘
14:57:00	11.8	--	11	12980	卖盘
14:56:57	11.8	--	60	70800	卖盘
14:56:54	11.8	--	16	18880	卖盘
14:56:51	11.8	--	146	172280	卖盘
14:56:48	11.8	--	145	171867	买盘
14:56:45	11.8	--	17	20060	买盘
14:56:42	11.8	--	10	11800	买盘
14:56:39	11.8	--	5	5900	买盘
14:56:36	11.8	-0.01	258	304440	卖盘
14:56:33	11.81	0.01	314	370834	买盘
14:56:30	11.8	--	105	123900	卖盘
14:56:27	11.8	--	80	94400	卖盘
14:56:24	11.8	--	2	2360	卖盘
14:56:21	11.8	--	5	5900	卖盘
14:56:18	11.8	--	29	34220	卖盘
14:56:15	11.8	--	286	337480	买盘
14:56:09	11.8	0.01	20	23600	买盘
14:56:03	11.79	-0.01	16	18864	卖盘
14:56:00	11.8	--	20	23600	买盘
14:55:57	11.8	--	15	17700	买盘
14:55:54	11.8	--	10	11800	买盘
14:55:51	11.8	--	3	3540	买盘
14:55:48	11.8	--	36	42480	买盘
14:55:45	11.8	--	67	79060	买盘
14:55:42	11.8	0.01	15	17700	买盘
14:55:39	11.79	--	74	87246	卖盘
14:55:36	11.79	--	91	107288	卖盘
14:55:33	11.79	--	5	5895	卖盘
14:55:30	11.79	--	31	36549	卖盘
14:55:27	11.79	--	75	88425	买盘
14:55:24	11.79	--	73	86067	买盘
14:55:21	11.79	--	145	170955	买盘
14:55:18	11.79	0.01	148	174492	买盘
14:55:15	11.78	-0.01	15	17670	卖盘
14:55:09	11.79	0.01	14	16506	买盘
14:55:06	11.78	-0.01	72	84816	卖盘
14:55:03	11.79	--	18	21222	买盘
14:54:57	11.79	-0.01	64	75868	卖盘
14:54:54	11.8	0.01	3	3540	中性盘
14:54:51	11.79	-0.01	86	102160	卖盘
14:54:48	11.8	--	99	116820	买盘
14:54:42	11.8	--	4	4720	买盘
14:54:39	11.8	--	36	42480	买盘
14:54:36	11.8	--	47	55460	买盘
14:54:33	11.8	--	189	223020	卖盘
14:54:30	11.8	--	266	313880	卖盘
14:54:27	11.8	-0.01	45	53100	卖盘
14:54:24	11.81	0.01	18	21258	买盘
14:54:21	11.8	--	116	136880	卖盘
14:54:18	11.8	--	20	23600	卖盘
14:54:15	11.8	--	47	55460	卖盘
14:54:12	11.8	--	2	2360	卖盘
14:54:09	11.8	--	10	11800	卖盘
14:54:06	11.8	-0.01	51	60180	卖盘
14:54:03	11.81	--	45	53145	买盘
14:54:00	11.81	--	43	50783	买盘
14:53:57	11.81	--	16	18896	买盘
14:53:51	11.81	--	78	92118	买盘
14:53:45	11.81	0.01	32	37792	买盘
14:53:42	11.8	-0.01	8	9440	卖盘
14:53:39	11.81	--	48	56688	卖盘
14:53:36	11.81	--	20	23620	卖盘
14:53:30	11.81	--	264	311784	卖盘
14:53:27	11.81	--	12	14172	卖盘
14:53:21	11.81	--	60	70860	卖盘
14:53:18	11.81	--	20	23620	卖盘
14:53:15	11.81	-0.01	9	10629	卖盘
14:53:12	11.82	0.01	6	7092	买盘
14:53:09	11.81	--	18	21258	卖盘
14:53:06	11.81	--	1	1181	卖盘
14:53:00	11.81	-0.01	43	50783	卖盘
14:52:54	11.82	--	11	13002	买盘
14:52:51	11.82	0.01	30	35460	买盘
14:52:48	11.81	-0.01	23	27163	卖盘
14:52:45	11.82	--	4	4728	买盘
14:52:42	11.82	0.01	1	1182	买盘
14:52:39	11.81	-0.01	17	20077	卖盘
14:52:36	11.82	0.01	10	11820	买盘
14:52:33	11.81	--	5	5905	卖盘
14:52:30	11.81	--	15	17715	卖盘
14:52:24	11.81	-0.01	6	7086	卖盘
14:52:21	11.82	0.01	9	10638	买盘
14:52:15	11.81	--	25	29525	卖盘
14:52:12	11.81	-0.01	31	36611	卖盘
14:52:09	11.82	--	18	21276	买盘
14:52:03	11.82	0.01	33	39006	买盘
14:52:00	11.81	--	24	28344	卖盘
14:51:57	11.81	--	9	10629	卖盘
14:51:54	11.81	-0.02	13	15766	卖盘
14:51:51	11.83	0.01	16	18928	买盘
14:51:45	11.82	--	12	14184	卖盘
14:51:42	11.82	0.01	265	313998	买盘
14:51:39	11.81	-0.01	37	43697	卖盘
14:51:36	11.82	0.01	5	5910	买盘
14:51:33	11.81	--	5	5905	卖盘
14:51:30	11.81	--	35	41335	卖盘
14:51:27	11.81	--	10	11810	卖盘
14:51:24	11.81	--	3	3543	卖盘
14:51:21	11.81	--	5	5905	卖盘
14:51:18	11.81	--	5	5905	卖盘
14:51:15	11.81	0.01	14	16534	买盘
14:51:12	11.8	-0.01	55	64900	卖盘
14:51:09	11.81	--	15	17715	买盘
14:51:06	11.81	--	13	15353	买盘
14:51:03	11.81	--	12	14172	买盘
14:51:00	11.81	--	31	36611	卖盘
14:50:57	11.81	--	30	35430	卖盘
14:50:51	11.81	--	78	92118	卖盘
14:50:45	11.81	-0.01	87	102747	卖盘
14:50:42	11.82	--	30	35460	买盘
14:50:36	11.82	0.01	12	14184	买盘
14:50:27	11.81	--	40	47240	卖盘
14:50:24	11.81	-0.01	14	16534	卖盘
14:50:21	11.82	0.01	11	13002	买盘
14:50:18	11.81	-0.01	47	55920	卖盘
14:50:12	11.82	--	7	9042	买盘
14:50:09	11.82	--	11	13415	卖盘
14:50:06	11.82	-0.01	23	27186	卖盘
14:50:03	11.83	0.01	19	22477	买盘
14:50:00	11.82	--	16	19680	买盘
14:49:54	11.82	--	116	137525	卖盘
14:49:51	11.82	--	50	59100	卖盘
14:49:45	11.82	-0.01	5	5910	卖盘
14:49:42	11.83	--	2	2366	买盘
14:49:39	11.83	0.01	15	17745	买盘
14:49:36	11.82	--	11	13002	卖盘
14:49:33	11.82	-0.01	10	11820	卖盘
14:49:30	11.83	0.01	10	11830	买盘
14:49:21	11.82	-0.01	5	5910	卖盘
14:49:06	11.83	--	37	43771	买盘
14:49:03	11.83	0.01	12	14196	卖盘
14:49:00	11.82	-0.01	19	22458	卖盘
14:48:57	11.83	--	7	8281	卖盘
14:48:51	11.83	--	6	7098	买盘
14:48:48	11.83	--	5	5915	买盘
14:48:45	11.83	--	17	20111	买盘
14:48:42	11.83	0.01	30	35490	买盘
14:48:39	11.82	-0.01	3	3546	卖盘
14:48:36	11.83	--	4	4732	买盘
14:48:33	11.83	0.01	5	5915	买盘
14:48:27	11.82	--	7	8274	卖盘
14:48:24	11.82	--	9	10638	卖盘
14:48:18	11.82	--	3	3546	卖盘
14:48:15	11.82	--	13	16134	买盘
14:48:09	11.82	-0.02	25	29963	卖盘
14:48:03	11.84	0.02	150	177600	买盘
14:48:00	11.82	--	1	1182	卖盘
14:47:57	11.82	0.01	311	368370	买盘
14:47:54	11.81	--	13	15353	买盘
14:47:51	11.81	--	24	28344	卖盘
14:47:48	11.81	--	6	7086	买盘
14:47:45	11.81	--	31	36611	买盘
14:47:42	11.81	--	33	38973	卖盘
14:47:39	11.81	--	108	127548	买盘
14:47:36	11.81	--	12	14172	买盘
14:47:33	11.81	--	5	5905	买盘
14:47:30	11.81	-0.01	13	15353	中性盘
14:47:27	11.82	0.01	521	615822	买盘
14:47:24	11.81	--	24	28344	卖盘
14:47:21	11.81	-0.01	30	35430	卖盘
14:47:18	11.82	0.01	16	18912	买盘
14:47:15	11.81	--	29	34249	卖盘
14:47:12	11.81	--	6	7086	卖盘
14:47:09	11.81	--	1	1181	卖盘
14:47:06	11.81	--	10	11810	卖盘
14:47:03	11.81	--	24	28344	卖盘
14:46:54	11.81	--	71	83851	卖盘
14:46:51	11.81	-0.01	28	33068	卖盘
14:46:48	11.82	0.01	10	11820	买盘
14:46:45	11.81	--	10	11810	卖盘
14:46:42	11.81	-0.01	4	4724	卖盘
14:46:39	11.82	0.01	10	11820	买盘
14:46:36	11.81	-0.01	1	1181	卖盘
14:46:33	11.82	0.01	10	11820	买盘
14:46:30	11.81	--	10	11810	卖盘
14:46:27	11.81	-0.01	9	10629	卖盘
14:46:24	11.82	0.01	13	15366	买盘
14:46:21	11.81	-0.01	10	11810	卖盘
14:46:18	11.82	--	31	36642	买盘
14:46:15	11.82	0.01	1	1182	买盘
14:46:12	11.81	--	9	10629	卖盘
14:46:06	11.81	0.01	63	74403	买盘
14:46:03	11.8	-0.01	52	61360	卖盘
14:46:00	11.81	--	32	37792	买盘
14:45:57	11.81	--	14	16534	买盘
14:45:54	11.81	0.01	6	7086	买盘
14:45:51	11.8	-0.01	36	42480	卖盘
14:45:48	11.81	--	6	7086	买盘
14:45:45	11.81	--	64	75584	买盘
14:45:42	11.81	--	3	3543	买盘
14:45:39	11.81	0.01	50	59050	买盘
14:45:36	11.8	-0.01	10	11800	卖盘
14:45:33	11.81	--	10	11810	买盘
14:45:30	11.81	0.01	10	11810	买盘
14:45:27	11.8	--	10	11800	卖盘
14:45:24	11.8	--	135	159300	卖盘
14:45:21	11.8	-0.01	5	5900	卖盘
14:45:18	11.81	--	8	9448	买盘
14:45:15	11.81	--	28	33068	买盘
14:45:09	11.81	--	64	75584	卖盘
14:45:03	11.81	--	20	23620	卖盘
14:45:00	11.81	--	17	20077	卖盘
14:44:57	11.81	-0.01	36	42516	卖盘
14:44:54	11.82	0.01	1	1182	买盘
14:44:48	11.81	-0.01	3	3543	卖盘
14:44:42	11.82	0.01	50	59100	买盘
14:44:39	11.81	-0.01	8	9448	卖盘
14:44:33	11.82	--	31	36642	卖盘
14:44:30	11.82	0.01	32	37824	买盘
14:44:27	11.81	--	9	10629	卖盘
14:44:24	11.81	--	16	18896	卖盘
14:44:21	11.81	-0.01	3	3543	卖盘
14:44:15	11.82	--	162	191484	卖盘
14:44:12	11.82	--	101	119382	卖盘
14:44:09	11.82	--	5	5910	卖盘
14:44:03	11.82	--	29	34278	卖盘
14:44:00	11.82	--	21	24822	卖盘
14:43:57	11.82	0.01	157	185574	买盘
14:43:54	11.81	--	5	5905	卖盘
14:43:51	11.81	--	11	12991	卖盘
14:43:45	11.81	-0.01	114	134634	卖盘
14:43:39	11.82	-0.01	8	9456	中性盘
14:43:36	11.83	0.02	16	18928	买盘
14:43:30	11.81	-0.02	100	118100	卖盘
14:43:27	11.83	0.01	92	108836	买盘
14:43:24	11.82	-0.01	70	82740	卖盘
14:43:21	11.83	--	1	1183	买盘
14:43:18	11.83	--	59	69797	买盘
14:43:15	11.83	-0.01	73	86359	卖盘
14:43:12	11.84	0.01	4	4736	买盘
14:43:09	11.83	--	30	35490	卖盘
14:43:06	11.83	-0.01	20	23660	卖盘
14:43:03	11.84	0.01	78	92352	买盘
14:43:00	11.83	-0.01	2	2366	卖盘
14:42:54	11.84	--	66	78144	卖盘
14:42:51	11.84	--	60	71040	卖盘
14:42:45	11.84	--	2	2368	卖盘
14:42:42	11.84	-0.01	241	285344	卖盘
14:42:39	11.85	0.01	20	23700	买盘
14:42:36	11.84	--	18	21312	卖盘
14:42:33	11.84	-0.01	55	65120	卖盘
14:42:30	11.85	0.01	103	122055	买盘
14:42:27	11.84	--	6	7104	卖盘
14:42:24	11.84	--	10	11840	卖盘
14:42:21	11.84	--	3	3552	卖盘
14:42:18	11.84	-0.01	20	23680	卖盘
14:42:15	11.85	--	9	10665	买盘
14:42:12	11.85	--	1	1185	买盘
14:42:09	11.85	-0.01	199	235815	卖盘
14:42:06	11.86	0.01	26	30836	买盘
14:42:03	11.85	--	56	66360	卖盘
14:42:00	11.85	--	17	20145	卖盘
14:41:57	11.85	--	42	49770	卖盘
14:41:54	11.85	-0.01	14	16590	卖盘
14:41:51	11.86	--	11	13046	买盘
14:41:42	11.86	--	5	5930	买盘
14:41:36	11.86	--	4	4744	买盘
14:41:33	11.86	--	3	3558	买盘
14:41:30	11.86	--	11	13046	买盘
14:41:27	11.86	-0.01	58	68788	卖盘
14:41:24	11.87	0.01	14	16618	买盘
14:41:21	11.86	-0.01	2	2372	卖盘
14:41:18	11.87	0.01	21	24927	买盘
14:41:15	11.86	--	32	37952	卖盘
14:41:12	11.86	--	3	3558	卖盘
14:41:09	11.86	--	25	29650	卖盘
14:41:06	11.86	--	37	43882	卖盘
14:41:03	11.86	-0.01	12	14232	卖盘
14:41:00	11.87	--	114	135318	买盘
14:40:54	11.87	--	111	131757	买盘
14:40:42	11.87	--	116	138499	买盘
14:40:39	11.87	0.01	8	9496	买盘
14:40:36	11.86	--	10	11860	卖盘
14:40:33	11.86	-0.01	8	9488	卖盘
14:40:27	11.87	--	24	28487	买盘
14:40:24	11.87	0.01	10	11870	买盘
14:40:21	11.86	-0.01	20	23720	卖盘
14:40:18	11.87	0.01	11	13057	买盘
14:40:15	11.86	--	45	53370	卖盘
14:40:12	11.86	-0.01	8	9488	卖盘
14:40:09	11.87	0.01	10	11870	买盘
14:40:06	11.86	-0.01	10	11860	卖盘
14:40:03	11.87	0.01	2	2753	买盘
14:40:00	11.86	--	9	11480	卖盘
14:39:57	11.86	--	6	7495	买盘
14:39:54	11.86	--	14	16604	买盘
14:39:48	11.86	-0.01	9	11480	卖盘
14:39:45	11.87	0.01	18	21366	买盘
14:39:42	11.86	-0.01	5	5930	卖盘
14:39:39	11.87	--	48	56975	买盘
14:39:36	11.87	0.01	5	5935	买盘
14:39:27	11.86	0.01	8	9867	中性盘
14:39:21	11.85	-0.01	41	48585	卖盘
14:39:18	11.86	--	5	5930	买盘
14:39:12	11.86	-0.02	4	4744	买盘
14:39:09	11.88	0.02	1073	1274724	买盘
14:39:06	11.86	--	6	7116	卖盘
14:39:03	11.86	0.01	473	560978	买盘
14:38:57	11.85	--	5	5925	买盘
14:38:54	11.85	--	39	46215	卖盘
14:38:51	11.85	--	20	23700	卖盘
14:38:48	11.85	-0.01	12	14220	卖盘
14:38:42	11.86	0.01	50	59300	买盘
14:38:39	11.85	-0.01	10	11850	卖盘
14:38:33	11.86	0.01	25	29650	买盘
14:38:30	11.85	-0.01	10	11850	卖盘
14:38:24	11.86	0.01	38	45068	买盘
14:38:21	11.85	--	13	15405	卖盘
14:38:18	11.85	--	18	21330	卖盘
14:38:15	11.85	--	6	7110	卖盘
14:38:12	11.85	--	5	5925	卖盘
14:38:09	11.85	-0.01	11	13035	卖盘
14:38:06	11.86	--	19	22534	买盘
14:38:00	11.86	--	7	8302	买盘
14:37:57	11.86	--	15	17790	买盘
14:37:48	11.86	0.01	32	37952	买盘
14:37:45	11.85	-0.01	1	1185	卖盘
14:37:42	11.86	0.01	5	5930	买盘
14:37:39	11.85	-0.01	4	4740	卖盘
14:37:33	11.86	--	1	1186	买盘
14:37:30	11.86	--	70	83020	卖盘
14:37:27	11.86	--	68	80648	卖盘
14:37:24	11.86	--	64	75904	卖盘
14:37:21	11.86	--	20	23720	卖盘
14:37:18	11.86	--	163	193318	买盘
14:37:15	11.86	--	266	315476	买盘
14:37:06	11.86	--	35	41510	买盘
14:37:03	11.86	--	48	56928	买盘
14:37:00	11.86	--	18	21348	买盘
14:36:51	11.86	0.01	80	94880	买盘
14:36:48	11.85	-0.01	114	135090	卖盘
14:36:42	11.86	0.01	3	3558	买盘
14:36:39	11.85	--	72	85320	卖盘
14:36:30	11.85	--	2	2370	卖盘
14:36:27	11.85	--	11	13035	卖盘
14:36:21	11.85	--	10	11850	卖盘
14:36:18	11.85	-0.01	36	42660	卖盘
14:36:12	11.86	--	1	1186	买盘
14:36:09	11.86	--	1	1186	买盘
14:36:06	11.86	0.01	50	59300	买盘
14:36:00	11.85	-0.01	10	11850	卖盘
14:35:57	11.86	0.01	3	3558	买盘
14:35:54	11.85	--	1	1185	卖盘
14:35:51	11.85	-0.01	44	52140	卖盘
14:35:48	11.86	0.01	5	5930	买盘
14:35:42	11.85	-0.01	50	59250	卖盘
14:35:39	11.86	0.01	7	8302	买盘
14:35:36	11.85	--	1	1185	卖盘
14:35:21	11.85	--	5	5925	卖盘
14:35:18	11.85	--	2	2370	卖盘
14:35:15	11.85	--	15	17775	买盘
14:35:12	11.85	--	60	71100	买盘
14:35:09	11.85	--	3	3555	买盘
14:35:00	11.85	-0.01	13	15405	卖盘
14:34:57	11.86	--	2	2372	买盘
14:34:54	11.86	0.01	13	15418	买盘
14:34:51	11.85	-0.01	1	1185	卖盘
14:34:39	11.86	0.01	13	15418	买盘
14:34:36	11.85	--	50	59250	卖盘
14:34:33	11.85	-0.01	45	53325	卖盘
14:34:27	11.86	--	9	10674	买盘
14:34:24	11.86	0.01	19	22534	买盘
14:34:21	11.85	-0.02	90	106650	卖盘
14:34:18	11.87	0.01	5	5935	买盘
14:34:15	11.86	--	7	8302	卖盘
14:34:12	11.86	--	20	23720	卖盘
14:34:09	11.86	--	15	17790	买盘
14:34:06	11.86	--	23	27278	卖盘
14:34:03	11.86	-0.01	3	3558	卖盘
14:34:00	11.87	--	7	8309	买盘
14:33:57	11.87	--	3	3560	买盘
14:33:54	11.87	--	1	1187	买盘
14:33:51	11.87	--	27	32048	买盘
14:33:48	11.87	--	25	29674	买盘
14:33:45	11.87	0.01	50	59349	买盘
14:33:42	11.86	-0.01	10	11860	中性盘
14:33:39	11.87	0.02	7	8309	中性盘
14:33:36	11.85	-0.01	243	287955	卖盘
14:33:33	11.86	--	2	2372	卖盘
14:33:30	11.86	-0.01	1	1186	卖盘
14:33:24	11.87	-0.01	20	23740	中性盘
14:33:21	11.88	0.01	26	30888	买盘
14:33:18	11.87	--	26	30861	卖盘
14:33:15	11.87	--	7	8309	卖盘
14:33:12	11.87	--	2	2374	卖盘
14:33:09	11.87	--	48	56975	买盘
14:33:03	11.87	-0.01	40	47480	卖盘
14:33:00	11.88	--	80	95040	买盘
14:32:57	11.88	0.01	7	8316	买盘
14:32:54	11.87	-0.01	113	134131	卖盘
14:32:51	11.88	--	40	47520	买盘
14:32:48	11.88	--	14	16632	买盘
14:32:45	11.88	--	32	38016	买盘
14:32:42	11.88	--	15	17820	买盘
14:32:39	11.88	--	25	29700	买盘
14:32:36	11.88	--	43	51084	买盘
14:32:33	11.88	--	6	7128	买盘
14:32:30	11.88	--	13	15444	买盘
14:32:27	11.88	--	5	5940	买盘
14:32:24	11.88	--	11	13068	买盘
14:32:21	11.88	--	50	59400	买盘
14:32:15	11.88	0.01	23	27324	买盘
14:32:12	11.87	--	20	23740	卖盘
14:32:09	11.87	--	36	42732	买盘
14:32:06	11.87	--	71	84277	买盘
14:32:03	11.87	--	116	137692	买盘
14:32:00	11.87	--	56	66472	买盘
14:31:54	11.87	0.01	1	1187	买盘
14:31:51	11.86	--	124	147301	买盘
14:31:48	11.86	0.01	43	50998	买盘
14:31:42	11.85	-0.01	18	21330	卖盘
14:31:39	11.86	--	5	5930	买盘
14:31:36	11.86	--	42	49812	买盘
14:31:33	11.86	0.01	8	9488	买盘
14:31:27	11.85	-0.01	32	37920	卖盘
14:31:24	11.86	--	30	35580	买盘
14:31:21	11.86	0.01	21	24906	买盘
14:31:18	11.85	--	9	10665	买盘
14:31:15	11.85	--	110	130350	买盘
14:31:12	11.85	--	32	37920	买盘
14:31:09	11.85	--	33	39105	买盘
14:31:06	11.85	--	277	328245	买盘
14:31:03	11.85	--	41	48585	买盘
14:30:57	11.85	--	32	37920	买盘
14:30:51	11.85	--	14	16590	买盘
14:30:48	11.85	0.01	26	30810	买盘
14:30:45	11.84	-0.01	48	56832	卖盘
14:30:42	11.85	--	6	7110	买盘
14:30:36	11.85	--	5	5925	买盘
14:30:33	11.85	0.01	5	5925	买盘
14:30:27	11.84	--	34	40256	买盘
14:30:24	11.84	--	49	58016	买盘
14:30:21	11.84	--	19	22496	买盘
14:30:18	11.84	0.01	8	9472	买盘
14:30:15	11.83	-0.01	5	5915	卖盘
14:30:12	11.84	--	8	10170	买盘
14:30:06	11.84	0.01	8	9472	买盘
14:29:54	11.83	-0.01	11	13013	卖盘
14:29:48	11.84	0.01	17	20128	买盘
14:29:45	11.83	--	3	3549	卖盘
14:29:42	11.83	--	93	110019	买盘
14:29:39	11.83	--	16	18928	买盘
14:29:36	11.83	--	36	42588	买盘
14:29:27	11.83	--	50	59150	买盘
14:29:24	11.83	--	21	24843	买盘
14:29:21	11.83	--	1	1183	买盘
14:29:18	11.83	--	4	4732	买盘
14:29:12	11.83	-0.01	2	2366	中性盘
14:29:09	11.84	0.01	218	258112	买盘
14:28:54	11.83	-0.01	1	1183	卖盘
14:28:45	11.84	0.01	5	5920	买盘
14:28:30	11.83	--	20	23660	卖盘
14:28:27	11.83	-0.01	11	13013	卖盘
14:28:24	11.84	--	30	35520	买盘
14:28:21	11.84	0.01	56	66304	买盘
14:28:15	11.83	--	10	11830	卖盘
14:28:09	11.83	--	2	2366	卖盘
14:28:03	11.83	--	36	42588	卖盘
14:28:00	11.83	-0.01	2	2366	卖盘
14:27:57	11.84	0.01	14	16576	买盘
14:27:48	11.83	--	28	33124	卖盘
14:27:39	11.83	-0.01	11	13013	卖盘
14:27:36	11.84	--	5	5920	买盘
14:27:33	11.84	0.01	5	5920	买盘
14:27:30	11.83	-0.01	3	3549	卖盘
14:27:24	11.84	--	1	1184	买盘
14:27:18	11.84	0.01	8	9472	买盘
14:27:09	11.83	--	1	1183	卖盘
14:27:03	11.83	--	20	23660	卖盘
14:26:57	11.83	--	11	13013	卖盘
14:26:48	11.83	--	84	99372	买盘
14:26:42	11.83	--	60	70980	买盘
14:26:33	11.83	--	8	9464	买盘
14:26:27	11.83	--	4	4732	买盘
14:26:18	11.83	--	8	9464	卖盘
14:26:15	11.83	--	5	5915	卖盘
14:26:12	11.83	--	20	23660	卖盘
14:26:09	11.83	--	70	82810	卖盘
14:26:06	11.83	-0.01	8	9464	卖盘
14:26:03	11.84	0.01	2	2368	买盘
14:26:00	11.83	--	13	15379	卖盘
14:25:51	11.83	--	17	20111	卖盘
14:25:48	11.83	--	3	3549	卖盘
14:25:45	11.83	-0.01	5	5915	卖盘
14:25:42	11.84	0.01	1	1184	买盘
14:25:33	11.83	-0.01	5	5915	卖盘
14:25:30	11.84	--	22	26048	买盘
14:25:27	11.84	0.01	109	129056	买盘
14:25:18	11.83	--	50	59150	卖盘
14:25:15	11.83	-0.01	10	11830	卖盘
14:25:12	11.84	--	12	14208	买盘
14:25:09	11.84	--	30	35520	买盘
14:25:06	11.84	--	26	30784	买盘
14:24:57	11.84	--	9	10656	买盘
14:24:48	11.84	--	1	1184	买盘
14:24:42	11.84	--	10	11840	卖盘
14:24:39	11.84	--	5	5920	卖盘
14:24:36	11.84	--	82	97088	卖盘
14:24:33	11.84	--	2	2368	卖盘
14:24:27	11.84	--	15	17760	卖盘
14:24:24	11.84	--	35	41440	卖盘
14:24:21	11.84	--	15	17760	卖盘
14:24:12	11.84	--	7	8288	卖盘
14:24:09	11.84	--	31	36704	卖盘
14:24:06	11.84	--	27	31968	卖盘
14:24:03	11.84	--	58	68672	卖盘
14:24:00	11.84	--	6	7104	卖盘
14:23:57	11.84	--	50	59200	卖盘
14:23:51	11.84	0.01	95	112480	买盘
14:23:48	11.83	-0.01	3	3549	卖盘
14:23:45	11.84	0.01	8	9472	买盘
14:23:42	11.83	-0.01	15	17745	卖盘
14:23:39	11.84	0.01	13	15392	买盘
14:23:33	11.83	-0.01	8	9464	卖盘
14:23:27	11.84	0.01	7	8288	买盘
14:23:24	11.83	--	14	16562	卖盘
14:23:12	11.83	--	1	1183	卖盘
14:23:06	11.83	-0.01	4	4732	卖盘
14:23:03	11.84	0.01	13	15392	买盘
14:22:57	11.83	--	2	2366	卖盘
14:22:54	11.83	0.01	13	15379	买盘
14:22:51	11.82	-0.01	5	5910	卖盘
14:22:45	11.83	--	10	11830	买盘
14:22:42	11.83	--	10	11830	买盘
14:22:39	11.83	--	9	10647	买盘
14:22:36	11.83	--	2	2366	买盘
14:22:30	11.83	--	14	16562	卖盘
14:22:24	11.83	--	75	88725	卖盘
14:22:18	11.83	--	1	1183	卖盘
14:22:12	11.83	--	5	5915	卖盘
14:22:09	11.83	--	4	4732	卖盘
14:22:06	11.83	--	10	11830	卖盘
14:22:00	11.83	-0.01	11	13013	卖盘
14:21:54	11.84	--	21	24864	买盘
14:21:33	11.84	0.02	21	24864	买盘
14:21:24	11.82	--	6	7092	卖盘
14:21:21	11.82	--	14	16548	卖盘
14:21:18	11.82	-0.01	5	5910	卖盘
14:21:15	11.83	--	30	35490	买盘
14:21:12	11.83	0.01	10	11830	买盘
14:21:06	11.82	-0.01	7	8274	卖盘
14:21:03	11.83	--	20	23660	买盘
14:21:00	11.83	--	20	23660	买盘
14:20:57	11.83	--	16	18928	买盘
14:20:51	11.83	--	8	9464	买盘
14:20:48	11.83	--	16	18928	买盘
14:20:45	11.83	--	35	41405	买盘
14:20:42	11.83	0.01	5	5915	买盘
14:20:33	11.82	-0.01	2	2364	卖盘
14:20:24	11.83	--	11	13013	买盘
14:20:15	11.83	0.01	26	30758	买盘
14:20:09	11.82	-0.01	2	2364	卖盘
14:19:51	11.83	--	17	20111	买盘
14:19:48	11.83	--	5	5915	买盘
14:19:45	11.83	-0.01	167	197561	卖盘
14:19:42	11.84	0.01	15	17760	买盘
14:19:39	11.83	-0.01	5	5915	卖盘
14:19:36	11.84	0.01	3	3552	买盘
14:19:30	11.83	-0.01	5	5915	卖盘
14:19:27	11.84	--	37	43808	卖盘
14:19:24	11.84	--	8	9472	卖盘
14:19:15	11.84	--	34	40256	买盘
14:19:12	11.84	--	96	113664	卖盘
14:18:57	11.84	-0.01	50	59200	卖盘
14:18:54	11.85	--	13	15405	卖盘
14:18:48	11.85	-0.01	10	11850	中性盘
14:18:45	11.86	0.01	30	35580	买盘
14:18:42	11.85	--	10	11850	买盘
14:18:39	11.85	--	5	5925	买盘
14:18:33	11.85	-0.01	8	9480	买盘
14:18:24	11.86	0.01	20	23720	买盘
14:18:18	11.85	-0.01	21	24885	卖盘
14:18:12	11.86	0.01	9	10674	买盘
14:18:06	11.85	-0.01	6	7110	卖盘
14:18:03	11.86	--	29	34394	买盘
14:17:57	11.86	0.01	25	29650	买盘
14:17:54	11.85	-0.01	2	2370	买盘
14:17:51	11.86	--	24	28464	买盘
14:17:48	11.86	--	19	22534	买盘
14:17:39	11.86	--	21	24906	卖盘
14:17:36	11.86	-0.01	18	21348	中性盘
14:17:30	11.87	--	10	11870	买盘
14:17:24	11.87	--	23	27301	买盘
14:17:18	11.87	--	54	64097	买盘
14:17:15	11.87	0.01	54	64097	买盘
14:17:09	11.86	--	116	137576	卖盘
14:17:06	11.86	--	11	13046	卖盘
14:17:03	11.86	--	32	37952	买盘
14:17:00	11.86	0.01	8	9488	卖盘
14:16:57	11.85	-0.01	346	410010	卖盘
14:16:54	11.86	--	39	46254	买盘
14:16:51	11.86	--	36	42696	买盘
14:16:45	11.86	--	10	11860	买盘
14:16:42	11.86	--	75	88950	买盘
14:16:36	11.86	0.01	5	5930	买盘
14:16:33	11.85	-0.01	55	65175	卖盘
14:16:30	11.86	0.01	44	52184	买盘
14:16:27	11.85	-0.01	5	5925	卖盘
14:16:24	11.86	--	28	33208	买盘
14:16:18	11.86	--	15	17790	买盘
14:16:15	11.86	0.01	246	291756	买盘
14:16:12	11.85	--	1	1185	买盘
14:16:06	11.85	0.01	7	8295	买盘
14:16:03	11.84	-0.01	2	2368	卖盘
14:16:00	11.85	--	250	296250	买盘
14:15:57	11.85	--	1	1185	买盘
14:15:51	11.85	--	4	4740	买盘
14:15:48	11.85	--	36	42660	买盘
14:15:45	11.85	--	2	2370	买盘
14:15:42	11.85	--	27	31995	买盘
14:15:39	11.85	0.01	16	18960	买盘
14:15:30	11.84	0.01	46	54464	买盘
14:15:27	11.83	-0.01	5	5915	卖盘
14:15:24	11.84	--	10	11840	买盘
14:15:21	11.84	0.01	16	18944	买盘
14:15:15	11.83	-0.01	17	20111	卖盘
14:15:12	11.84	0.01	100	118400	买盘
14:15:09	11.83	--	22	26026	中性盘
14:15:00	11.83	--	32	37856	买盘
14:14:54	11.83	--	75	88725	买盘
14:14:48	11.83	0.01	11	13013	买盘
14:14:42	11.82	--	1	1182	卖盘
14:14:36	11.82	--	11	13002	卖盘
14:14:30	11.82	0.01	10	11820	买盘
14:14:27	11.81	-0.01	78	92118	卖盘
14:14:24	11.82	--	44	52008	买盘
14:14:21	11.82	--	8	9456	买盘
14:14:18	11.82	0.01	10	11820	买盘
14:14:06	11.81	--	6	7086	卖盘
14:14:00	11.81	--	34	40154	买盘
14:13:57	11.81	--	18	21258	买盘
14:13:54	11.81	--	10	11810	买盘
14:13:51	11.81	--	10	11810	买盘
14:13:45	11.81	--	1	1181	买盘
14:13:39	11.81	--	92	108652	买盘
14:13:36	11.81	0.01	32	37792	买盘
14:13:30	11.8	-0.01	6	7080	卖盘
14:13:24	11.81	0.01	28	33068	买盘
14:13:21	11.8	--	4	4720	买盘
14:13:18	11.8	0.01	34	40120	买盘
14:13:15	11.79	--	12	14147	卖盘
14:13:12	11.79	-0.01	10	11790	卖盘
14:13:06	11.8	0.01	80	94400	买盘
14:13:03	11.79	--	38	44802	卖盘
14:13:00	11.79	--	6	7073	卖盘
14:12:57	11.79	--	9	10611	卖盘
14:12:51	11.79	--	1	1179	卖盘
14:12:45	11.79	--	141	166239	买盘
14:12:42	11.79	--	1	1179	买盘
14:12:33	11.79	0.01	1	1179	买盘
14:12:27	11.78	--	2	2356	卖盘
14:12:24	11.78	--	38	45341	买盘
14:12:15	11.78	-0.01	65	77170	卖盘
14:12:12	11.79	--	3	3536	卖盘
14:12:09	11.79	--	5	6472	买盘
14:12:06	11.79	--	6	7675	卖盘
14:12:03	11.79	-0.01	1	1179	卖盘
14:12:00	11.8	0.01	7	8260	买盘
14:11:54	11.79	--	38	44802	卖盘
14:11:51	11.79	-0.01	6	7073	卖盘
14:11:48	11.8	--	9	10620	买盘
14:11:45	11.8	0.01	10	11800	买盘
14:11:42	11.79	-0.01	0	577	卖盘
14:11:39	11.8	--	4	4720	买盘
14:11:33	11.8	--	10	11800	买盘
14:11:30	11.8	-0.01	27	31860	卖盘
14:11:27	11.81	--	343	405083	买盘
14:11:21	11.81	--	20	23620	买盘
14:11:12	11.81	0.01	32	37792	买盘
14:11:09	11.8	-0.01	52	61360	卖盘
14:11:00	11.81	--	6	7086	买盘
14:10:57	11.81	--	35	41335	买盘
14:10:54	11.81	--	39	46059	买盘
14:10:51	11.81	-0.01	129	152349	卖盘
14:10:45	11.82	--	12	14184	买盘
14:10:36	11.82	--	10	11820	卖盘
14:10:27	11.82	--	2	2364	卖盘
14:10:21	11.82	--	10	11820	卖盘
14:10:12	11.82	--	10	11820	卖盘
14:10:09	11.82	--	21	24822	卖盘
14:10:06	11.82	--	10	11820	卖盘
14:10:03	11.82	--	46	54372	卖盘
14:09:57	11.82	-0.01	10	11820	卖盘
14:09:48	11.83	--	14	16562	买盘
14:09:45	11.83	--	13	15379	买盘
14:09:33	11.83	--	21	24843	卖盘
14:09:27	11.83	--	73	86359	卖盘
14:09:24	11.83	--	40	47320	卖盘
14:09:21	11.83	--	9	10647	卖盘
14:09:15	11.83	-0.01	163	192829	卖盘
14:09:12	11.84	0.01	77	91168	买盘
14:09:06	11.83	-0.01	60	70980	卖盘
14:09:03	11.84	--	33	39072	买盘
14:09:00	11.84	--	10	11840	买盘
14:08:57	11.84	0.01	7	8288	买盘
14:08:54	11.83	--	6	7098	卖盘
14:08:51	11.83	--	50	59150	卖盘
14:08:48	11.83	--	3	3549	卖盘
14:08:45	11.83	--	22	26026	中性盘
14:08:42	11.83	--	44	52052	卖盘
14:08:39	11.83	-0.01	118	139594	卖盘
14:08:36	11.84	0.01	52	61568	买盘
14:08:33	11.83	--	12	14196	卖盘
14:08:30	11.83	--	9	10647	卖盘
14:08:27	11.83	-0.01	166	196378	卖盘
14:08:24	11.84	0.01	8	9472	买盘
14:08:18	11.83	--	3	3549	卖盘
14:08:15	11.83	--	2	2366	卖盘
14:08:12	11.83	-0.01	128	151424	卖盘
14:08:06	11.84	--	15	17760	买盘
14:08:00	11.84	--	3	3552	买盘
14:07:57	11.84	--	40	47360	卖盘
14:07:54	11.84	--	5	5920	卖盘
14:07:51	11.84	--	22	26048	卖盘
14:07:48	11.84	-0.01	16	18944	卖盘
14:07:42	11.85	0.01	18	21330	买盘
14:07:36	11.84	--	10	11840	卖盘
14:07:30	11.84	--	81	95904	买盘
14:07:27	11.84	--	20	23680	买盘
14:07:24	11.84	0.01	24	28416	买盘
14:07:21	11.83	--	7	8281	卖盘
14:07:18	11.83	--	29	34307	卖盘
14:07:15	11.83	--	42	49686	卖盘
14:07:12	11.83	--	14	16562	卖盘
14:07:09	11.83	--	10	11830	卖盘
14:07:06	11.83	--	14	16562	卖盘
14:07:03	11.83	-0.01	35	41405	卖盘
14:07:00	11.84	0.01	51	60384	买盘
14:06:57	11.83	--	52	61516	卖盘
14:06:54	11.83	--	4	4732	卖盘
14:06:51	11.83	--	142	167986	买盘
14:06:45	11.83	--	7	8281	买盘
14:06:42	11.83	--	12	14196	买盘
14:06:39	11.83	--	3	3549	买盘
14:06:36	11.83	--	15	17745	买盘
14:06:30	11.83	--	8	9464	买盘
14:06:24	11.83	--	17	20111	买盘
14:06:21	11.83	--	17	20111	买盘
14:06:15	11.83	0.01	47	55601	买盘
14:06:09	11.82	--	2	2364	卖盘
14:06:06	11.82	--	59	69738	买盘
14:06:00	11.82	0.01	3	3546	买盘
14:05:57	11.81	-0.01	4	4724	卖盘
14:05:54	11.82	--	3	3546	卖盘
14:05:51	11.82	--	35	41370	买盘
14:05:48	11.82	--	3	3546	买盘
14:05:45	11.82	--	53	62646	买盘
14:05:42	11.82	-0.01	4	4728	中性盘
14:05:39	11.83	0.01	20	23660	买盘
14:05:36	11.82	--	30	35460	卖盘
14:05:33	11.82	-0.01	61	72102	卖盘
14:05:27	11.83	--	32	37856	买盘
14:05:24	11.83	--	41	48503	买盘
14:05:18	11.83	--	4	4732	卖盘
14:05:15	11.83	-0.01	44	52052	卖盘
14:05:09	11.84	--	39	46176	买盘
14:05:06	11.84	--	37	44411	卖盘
14:05:03	11.84	-0.01	58	68672	卖盘
14:05:00	11.85	--	7	8295	买盘
14:04:57	11.85	--	29	34365	买盘
14:04:54	11.85	--	12	14220	买盘
14:04:51	11.85	--	19	22515	卖盘
14:04:48	11.85	-0.01	64	75840	卖盘
14:04:42	11.86	--	48	56928	买盘
14:04:39	11.86	0.01	25	29650	买盘
14:04:36	11.85	-0.02	12	14220	卖盘
14:04:30	11.87	0.01	85	100895	买盘
14:04:27	11.86	--	46	54556	买盘
14:04:24	11.86	-0.01	152	180272	卖盘
14:04:21	11.87	--	37	43919	买盘
14:04:18	11.87	--	43	51041	买盘
14:04:15	11.87	0.01	15	17805	买盘
14:04:12	11.86	-0.01	74	87764	卖盘
14:04:09	11.87	0.01	98	116325	买盘
14:04:06	11.86	-0.01	28	33208	卖盘
14:04:03	11.87	--	64	75968	买盘
14:04:00	11.87	0.01	29	34423	买盘
14:03:57	11.86	--	5	5930	卖盘
14:03:54	11.86	0.01	274	324964	买盘
14:03:51	11.85	-0.01	143	169455	卖盘
14:03:48	11.86	0.01	12	14232	买盘
14:03:45	11.85	--	144	170640	卖盘
14:03:42	11.85	0.01	8	9480	卖盘
14:03:39	11.84	-0.02	36	42624	卖盘
14:03:36	11.86	0.01	201	238386	买盘
14:03:33	11.85	--	658	780310	买盘
14:03:30	11.85	0.01	116	137460	买盘
14:03:27	11.84	-0.01	12	14208	卖盘
14:03:24	11.85	--	8	9480	买盘
14:03:21	11.85	--	49	58065	买盘
14:03:18	11.85	--	88	104280	买盘
14:03:15	11.85	0.01	30	35550	买盘
14:03:12	11.84	--	16	18944	卖盘
14:03:06	11.84	--	150	177600	买盘
14:03:03	11.84	--	126	149184	买盘
14:03:00	11.84	--	23	27232	买盘
14:02:57	11.84	0.01	41	48544	买盘
14:02:54	11.83	-0.01	107	126581	卖盘
14:02:48	11.84	0.01	144	170496	买盘
14:02:45	11.83	--	72	85176	卖盘
14:02:42	11.83	-0.02	1	1183	卖盘
14:02:36	11.85	0.02	100	118500	买盘
14:02:33	11.83	--	6	7098	买盘
14:02:27	11.83	-0.02	266	315293	卖盘
14:02:24	11.85	0.01	31	36735	买盘
14:02:21	11.84	0.01	232	274688	买盘
14:02:18	11.83	--	15	17745	卖盘
14:02:12	11.83	--	12	14196	卖盘
14:02:09	11.83	0.01	206	244265	买盘
14:02:03	11.82	-0.01	8	9456	卖盘
14:02:00	11.83	--	5	5915	买盘
14:01:57	11.83	0.01	20	23660	买盘
14:01:54	11.82	-0.01	122	144818	卖盘
14:01:51	11.83	0.01	8	9464	买盘
14:01:48	11.82	--	57	67374	卖盘
14:01:45	11.82	--	3	3546	卖盘
14:01:42	11.82	0.01	241	285429	买盘
14:01:39	11.81	--	4	4724	卖盘
14:01:33	11.81	0.01	4	4724	卖盘
14:01:27	11.8	-0.01	253	298540	卖盘
14:01:24	11.81	0.01	7	8267	买盘
14:01:21	11.8	-0.01	15	17700	卖盘
14:01:18	11.81	--	11	12991	买盘
14:01:12	11.81	--	15	17715	买盘
14:01:09	11.81	0.01	215	253915	买盘
14:01:06	11.8	--	1	1180	卖盘
14:01:03	11.8	--	5	5900	买盘
14:01:00	11.8	0.01	32	37760	买盘
14:00:57	11.79	--	129	152091	卖盘
14:00:51	11.79	--	10	11790	卖盘
14:00:42	11.79	--	8	9432	买盘
14:00:36	11.79	0.01	2	2358	买盘
14:00:30	11.78	--	4	4712	卖盘
14:00:27	11.78	--	2	2356	买盘
14:00:24	11.78	-0.01	15	17670	卖盘
14:00:21	11.79	0.01	78	91962	买盘
14:00:18	11.78	--	5	5890	卖盘
14:00:15	11.78	-0.01	4	4712	卖盘
14:00:12	11.79	0.01	8	9432	买盘
14:00:03	11.78	0.02	2	2356	买盘
14:00:00	11.76	-0.02	65	76440	卖盘
13:59:54	11.78	--	10	11780	买盘
13:59:51	11.78	0.01	9	10602	中性盘
13:59:39	11.77	-0.02	77	90629	卖盘
13:59:33	11.79	--	15	17685	买盘
13:59:30	11.79	--	32	37728	卖盘
13:59:21	11.79	-0.01	50	58949	卖盘
13:59:18	11.8	--	63	74340	中性盘
13:59:12	11.8	-0.01	10	11800	卖盘
13:59:09	11.81	0.01	36	42516	买盘
13:59:06	11.8	-0.01	10	11800	买盘
13:59:03	11.81	0.01	13	15353	买盘
13:59:00	11.8	-0.01	10	11800	买盘
13:58:54	11.81	0.01	12	14172	买盘
13:58:48	11.8	--	18	21853	卖盘
13:58:45	11.8	--	25	29500	卖盘
13:58:42	11.8	-0.01	33	38940	卖盘
13:58:39	11.81	-0.01	1	1181	买盘
13:58:36	11.82	0.01	24	28368	买盘
13:58:33	11.81	--	26	30706	卖盘
13:58:30	11.81	--	53	62593	卖盘
13:58:27	11.81	--	27	31887	卖盘
13:58:24	11.81	-0.01	84	99204	卖盘
13:58:21	11.82	--	108	127656	卖盘
13:58:18	11.82	--	30	35460	卖盘
13:58:15	11.82	--	234	276588	卖盘
13:58:12	11.82	--	27	31914	卖盘
13:58:09	11.82	-0.02	51	60282	卖盘
13:58:06	11.84	0.01	129	152736	买盘
13:58:03	11.83	--	16	18928	买盘
13:58:00	11.83	-0.01	13	15379	中性盘
13:57:57	11.84	0.01	39	46176	买盘
13:57:54	11.83	-0.01	15	17745	卖盘
13:57:51	11.84	0.01	45	53280	买盘
13:57:48	11.83	--	65	76895	卖盘
13:57:45	11.83	--	4	4732	卖盘
13:57:42	11.83	--	10	11830	卖盘
13:57:39	11.83	0.01	60	70980	买盘
13:57:36	11.82	--	2	2364	卖盘
13:57:33	11.82	--	13	15366	卖盘
13:57:30	11.82	--	110	130020	卖盘
13:57:27	11.82	--	69	81558	卖盘
13:57:24	11.82	--	7	8274	卖盘
13:57:21	11.82	--	41	48462	卖盘
13:57:18	11.82	--	122	144204	买盘
13:57:15	11.82	0.01	50	59100	买盘
13:57:12	11.81	-0.01	15	17715	卖盘
13:57:09	11.82	0.01	66	78012	买盘
13:57:06	11.81	--	3	3543	买盘
13:57:03	11.81	--	46	54326	买盘
13:57:00	11.81	--	18	21258	买盘
13:56:57	11.81	-0.01	2	2362	买盘
13:56:54	11.82	0.02	22	26004	买盘
13:56:51	11.8	-0.02	61	71980	卖盘
13:56:48	11.82	0.02	49	58485	买盘
13:56:45	11.8	--	1	1180	中性盘
13:56:42	11.8	-0.01	56	66080	中性盘
13:56:39	11.81	0.01	105	124005	买盘
13:56:36	11.8	--	6	7080	买盘
13:56:33	11.8	--	37	43660	买盘
13:56:30	11.8	--	32	37760	买盘
13:56:21	11.8	--	1	1180	买盘
13:56:18	11.8	0.03	45	53100	买盘
13:56:15	11.77	-0.02	199	234223	卖盘
13:56:12	11.79	0.01	71	83709	买盘
13:56:09	11.78	--	51	60078	卖盘
13:56:06	11.78	--	23	27094	卖盘
13:56:03	11.78	--	15	17670	买盘
13:56:00	11.78	-0.01	5	5890	中性盘
13:55:54	11.79	0.01	20	23580	买盘
13:55:51	11.78	-0.01	15	17670	卖盘
13:55:48	11.79	--	136	160344	买盘
13:55:45	11.79	--	10	11790	买盘
13:55:42	11.79	--	13	15326	卖盘
13:55:39	11.79	--	1	1179	卖盘
13:55:36	11.79	-0.01	16	18864	买盘
13:55:30	11.8	0.01	11	12980	买盘
13:55:27	11.79	--	9	11224	卖盘
13:55:24	11.79	--	74	87246	卖盘
13:55:18	11.79	-0.02	50	58949	卖盘
13:55:15	11.81	0.01	47	56073	买盘
13:55:12	11.8	-0.01	77	90860	买盘
13:55:09	11.81	--	25	29525	买盘
13:55:06	11.81	--	141	166521	买盘
13:55:03	11.81	0.01	1	1181	买盘
13:55:00	11.8	-0.01	17	20060	卖盘
13:54:57	11.81	--	10	11810	买盘
13:54:54	11.81	--	6	7086	卖盘
13:54:51	11.81	0.01	1	1181	卖盘
13:54:48	11.8	-0.01	20	23600	卖盘
13:54:42	11.81	-0.01	127	149987	卖盘
13:54:39	11.82	--	73	86286	卖盘
13:54:36	11.82	-0.01	55	65010	卖盘
13:54:33	11.83	--	72	85176	买盘
13:54:30	11.83	--	35	41405	买盘
13:54:27	11.83	--	5	5915	买盘
13:54:24	11.83	-0.01	139	164437	中性盘
13:54:21	11.84	-0.01	56	66304	中性盘
13:54:18	11.85	0.02	31	36735	买盘
13:54:15	11.83	-0.02	106	125398	卖盘
13:54:12	11.85	0.02	291	344835	中性盘
13:54:09	11.83	-0.02	302	357266	卖盘
13:54:06	11.85	--	251	297435	买盘
13:54:03	11.85	--	122	144570	买盘
13:54:00	11.85	--	111	131535	买盘
13:53:57	11.85	0.01	51	60435	买盘
13:53:54	11.84	-0.01	121	143264	买盘
13:53:51	11.85	0.01	87	103095	买盘
13:53:48	11.84	--	138	163392	卖盘
13:53:45	11.84	--	70	82880	卖盘
13:53:42	11.84	--	82	97088	卖盘
13:53:39	11.84	--	98	116032	卖盘
13:53:36	11.84	0.01	99	117216	买盘
13:53:33	11.83	--	95	112385	卖盘
13:53:30	11.83	-0.01	391	462553	卖盘
13:53:27	11.84	0.01	269	318496	买盘
13:53:24	11.83	0.01	241	285103	买盘
13:53:21	11.82	-0.01	69	81558	卖盘
13:53:18	11.83	--	73	86359	卖盘
13:53:15	11.83	--	77	91091	买盘
13:53:12	11.83	0.01	34	40222	买盘
13:53:09	11.82	0.01	34	40188	买盘
13:53:06	11.81	--	148	174788	买盘
13:53:03	11.81	0.01	68	80308	买盘
13:53:00	11.8	--	56	66080	卖盘
13:52:57	11.8	--	338	398840	买盘
13:52:51	11.8	0.01	196	231280	买盘
13:52:48	11.79	--	10	11790	买盘
13:52:45	11.79	0.01	73	86067	买盘
13:52:42	11.78	-0.01	214	252092	卖盘
13:52:39	11.79	0.01	100	117899	买盘
13:52:36	11.78	0.01	241	283898	买盘
13:52:33	11.77	-0.01	19	22363	卖盘
13:52:30	11.78	0.02	35	41230	买盘
13:52:27	11.76	-0.01	96	112896	卖盘
13:52:21	11.77	0.01	293	344861	买盘
13:52:18	11.76	--	3	3528	买盘
13:52:15	11.76	0.01	12	14112	买盘
13:52:12	11.75	--	65	76375	买盘
13:52:09	11.75	--	212	249100	买盘
13:52:06	11.75	--	133	156275	买盘
13:52:03	11.75	--	3	3525	买盘
13:52:00	11.75	0.01	336	394800	买盘
13:51:57	11.74	0.01	25	29350	买盘
13:51:54	11.73	--	45	52785	买盘
13:51:51	11.73	--	79	92667	买盘
13:51:48	11.73	--	159	186507	买盘
13:51:45	11.73	0.01	45	52785	买盘
13:51:42	11.72	-0.01	30	35160	中性盘
13:51:39	11.73	0.02	233	273309	买盘
13:51:33	11.71	-0.01	10	11710	卖盘
13:51:30	11.72	--	94	110168	买盘
13:51:27	11.72	0.01	122	142984	买盘
13:51:24	11.71	--	27	31617	卖盘
13:51:18	11.71	--	11	13443	卖盘
13:51:15	11.71	0.01	620	726230	买盘
13:51:09	11.7	--	50	58500	卖盘
13:51:06	11.7	--	30	35100	卖盘
13:51:00	11.7	--	205	239849	买盘
13:50:57	11.7	--	9	10530	买盘
13:50:51	11.7	--	10	11700	买盘
13:50:48	11.7	--	16	18720	买盘
13:50:42	11.7	0.01	1	1170	买盘
13:50:39	11.69	-0.01	14	16366	卖盘
13:50:33	11.7	--	16	18720	买盘
13:50:24	11.7	0.01	9	10530	买盘
13:50:18	11.69	-0.01	278	324982	卖盘
13:50:15	11.7	0.01	50	58500	买盘
13:50:09	11.69	-0.01	21	24549	卖盘
13:50:00	11.7	0.01	39	45630	买盘
13:49:48	11.69	-0.01	42	49098	卖盘
13:49:45	11.7	0.01	15	17550	买盘
13:49:36	11.69	-0.01	37	43253	卖盘
13:49:30	11.7	--	20	23400	买盘
13:49:27	11.7	--	59	69030	买盘
13:49:24	11.7	0.01	177	207090	买盘
13:49:21	11.69	--	34	39746	卖盘
13:49:18	11.69	--	47	54943	卖盘
13:49:15	11.69	-0.01	3	3507	卖盘
13:49:03	11.7	0.01	5	5850	买盘
13:49:00	11.69	-0.01	4	4676	卖盘
13:48:57	11.7	0.01	30	35100	买盘
13:48:54	11.69	--	73	85337	卖盘
13:48:39	11.69	--	143	167167	买盘
13:48:21	11.69	0.01	22	25718	买盘
13:48:18	11.68	--	26	30368	卖盘
13:48:15	11.68	--	11	12848	卖盘
13:48:09	11.68	-0.01	8	9344	卖盘
13:47:57	11.69	0.01	17	19873	买盘
13:47:48	11.68	-0.01	60	70080	卖盘
13:47:39	11.69	--	4	4676	买盘
13:47:36	11.69	0.01	6	7014	买盘
13:47:27	11.68	--	3	3504	卖盘
13:47:21	11.68	--	5	5840	卖盘
13:47:18	11.68	--	20	23360	卖盘
13:47:09	11.68	0.01	58	67744	买盘
13:47:03	11.67	-0.01	111	129537	卖盘
13:47:00	11.68	--	1	1168	买盘
13:46:57	11.68	--	11	12848	买盘
13:46:51	11.68	--	26	30368	买盘
13:46:48	11.68	--	10	11680	买盘
13:46:39	11.68	--	37	43216	买盘
13:46:18	11.68	--	10	11680	买盘
13:46:06	11.68	0.01	5	5840	买盘
13:45:54	11.67	-0.01	20	23340	卖盘
13:45:48	11.68	--	42	49056	买盘
13:45:45	11.68	--	35	40880	买盘
13:45:33	11.68	--	54	63072	买盘
13:45:24	11.68	--	2	2336	买盘
13:45:06	11.68	0.01	50	58400	买盘
13:45:00	11.67	--	13	15171	卖盘
13:44:36	11.67	--	12	14004	卖盘
13:44:21	11.67	--	1	1167	卖盘
13:44:09	11.67	-0.01	46	53682	卖盘
13:44:00	11.68	0.01	18	21024	买盘
13:43:57	11.67	--	10	11670	卖盘
13:43:51	11.67	--	1	1167	卖盘
13:43:48	11.67	--	20	23340	卖盘
13:43:45	11.67	-0.01	10	11670	卖盘
13:43:42	11.68	0.01	66	77088	买盘
13:43:39	11.67	--	10	11670	卖盘
13:43:27	11.67	--	6	7002	卖盘
13:43:18	11.67	-0.01	10	11670	卖盘
13:43:12	11.68	--	20	23360	买盘
13:43:03	11.68	0.01	67	78256	买盘
13:42:54	11.67	--	60	70020	卖盘
13:42:51	11.67	0.01	115	134205	买盘
13:42:45	11.66	--	3	3498	卖盘
13:42:33	11.66	-0.01	5	5830	卖盘
13:42:21	11.67	--	7	8169	买盘
13:42:18	11.67	--	2	2334	买盘
13:42:15	11.67	-0.01	108	126036	卖盘
13:42:09	11.68	0.01	30	35040	买盘
13:42:06	11.67	-0.01	10	11670	卖盘
13:42:03	11.68	0.01	24	28032	买盘
13:42:00	11.67	--	15	17505	卖盘
13:41:54	11.67	--	25	29175	卖盘
13:41:51	11.67	--	51	59517	卖盘
13:41:42	11.67	--	8	9336	中性盘
13:41:33	11.67	--	4	4668	买盘
13:41:30	11.67	-0.01	1	1167	买盘
13:41:21	11.68	--	35	40880	卖盘
13:41:15	11.68	--	71	82928	卖盘
13:41:12	11.68	--	25	29200	卖盘
13:41:09	11.68	0.01	123	143664	买盘
13:40:51	11.67	--	15	17505	卖盘
13:40:42	11.67	0.01	244	284748	买盘
13:40:39	11.66	--	10	11660	买盘
13:40:36	11.66	--	10	11660	卖盘
13:40:33	11.66	--	6	6996	卖盘
13:40:15	11.66	-0.01	6	6996	卖盘
13:40:03	11.67	--	2	2334	买盘
13:39:42	11.67	--	3	3501	买盘
13:39:30	11.67	-0.01	27	31509	卖盘
13:39:27	11.68	0.01	15	17520	买盘
13:39:24	11.67	--	20	23340	卖盘
13:39:18	11.67	--	1	1167	卖盘
13:39:09	11.67	--	5	5835	卖盘
13:39:06	11.67	0.02	4	4668	买盘
13:38:54	11.65	--	18	20970	卖盘
13:38:12	11.65	-0.02	300	349500	卖盘
13:38:09	11.67	-0.01	18	21006	卖盘
13:37:36	11.68	--	27	31536	卖盘
13:37:30	11.68	--	3	3504	卖盘
13:37:27	11.68	--	10	11680	卖盘
13:37:21	11.68	--	15	17520	买盘
13:37:15	11.68	--	5	5840	买盘
13:37:09	11.68	--	4	4672	买盘
13:37:00	11.68	--	2	2336	买盘
13:36:36	11.68	--	10	11680	买盘
13:36:21	11.68	-0.01	1	1168	中性盘
13:36:06	11.69	0.03	15	17535	买盘
13:36:00	11.66	-0.03	9	10494	卖盘
13:35:48	11.69	--	13	15197	卖盘
13:35:45	11.69	0.03	255	298095	中性盘
13:35:42	11.66	-0.02	200	233200	卖盘
13:35:33	11.68	-0.01	352	411136	卖盘
13:35:24	11.69	--	6	7014	买盘
13:35:06	11.69	0.01	13	15197	买盘
13:35:03	11.68	--	3	3504	卖盘
13:35:00	11.68	--	6	7008	卖盘
13:34:39	11.68	-0.01	5	5840	买盘
13:34:30	11.69	--	73	85337	买盘
13:34:18	11.69	0.01	80	93520	买盘
13:34:15	11.68	--	2	2336	卖盘
13:34:12	11.68	-0.01	6	7008	卖盘
13:34:06	11.69	--	2	2338	买盘
13:34:03	11.69	0.01	16	18704	买盘
13:33:57	11.68	--	9	10512	买盘
13:33:51	11.68	--	13	15184	卖盘
13:33:45	11.68	-0.01	17	19856	卖盘
13:33:39	11.69	0.02	11	12859	买盘
13:33:33	11.67	--	21	24507	买盘
13:33:30	11.67	-0.02	168	196056	卖盘
13:33:24	11.69	--	2	2338	买盘
13:33:18	11.69	0.01	12	14028	买盘
13:33:15	11.68	-0.01	4	4672	卖盘
13:33:12	11.69	--	18	21042	买盘
13:33:03	11.69	--	3	3507	买盘
13:32:54	11.69	--	53	61957	买盘
13:32:51	11.69	--	19	22211	买盘
13:32:48	11.69	-0.01	8	9352	卖盘
13:32:45	11.7	--	42	49140	买盘
13:32:39	11.7	--	10	11700	买盘
13:32:36	11.7	--	8	9360	买盘
13:32:30	11.7	0.01	20	23400	买盘
13:32:27	11.69	--	16	18704	买盘
13:32:24	11.69	--	1	1169	买盘
13:32:18	11.69	--	3	3507	买盘
13:32:15	11.69	--	10	11690	买盘
13:32:12	11.69	--	10	11690	买盘
13:32:09	11.69	--	34	39746	买盘
13:32:03	11.69	0.03	10	11690	中性盘
13:31:54	11.66	-0.04	50	58300	卖盘
13:31:45	11.7	0.04	100	117000	买盘
13:31:36	11.66	0.01	35	40810	卖盘
13:31:33	11.65	--	1	1165	卖盘
13:31:27	11.65	-0.05	10	11650	卖盘
13:31:24	11.7	0.05	850	994499	买盘
13:31:21	11.65	--	63	74361	买盘
13:31:18	11.65	--	16	18838	卖盘
13:31:12	11.65	--	10	11650	卖盘
13:31:09	11.65	--	19	22135	卖盘
13:31:03	11.65	--	58	68536	买盘
13:30:33	11.65	0.01	19	22135	买盘
13:30:24	11.64	--	5	5820	卖盘
13:30:15	11.64	-0.01	10	11640	卖盘
13:30:12	11.65	0.01	7	8155	买盘
13:30:09	11.64	--	5	5820	卖盘
13:29:45	11.64	--	4	4656	卖盘
13:29:36	11.64	0.01	106	123384	买盘
13:29:33	11.63	-0.01	5	5815	卖盘
13:28:48	11.64	0.01	5	5820	买盘
13:28:45	11.63	-0.01	20	23260	卖盘
13:28:30	11.64	0.01	28	32592	买盘
13:28:24	11.63	--	5	5815	卖盘
13:28:00	11.63	-0.01	3	3489	卖盘
13:27:48	11.64	0.01	10	11640	买盘
13:27:42	11.63	--	61	70943	卖盘
13:27:33	11.63	--	22	25586	卖盘
13:27:30	11.63	-0.01	0	1081	卖盘
13:27:09	11.64	0.01	25	29100	买盘
13:26:39	11.63	--	5	5815	卖盘
13:26:33	11.63	-0.01	7	8141	卖盘
13:26:24	11.64	0.01	1	1164	买盘
13:26:03	11.63	--	131	152353	卖盘
13:25:51	11.63	-0.01	30	34890	卖盘
13:25:39	11.64	--	1	1164	买盘
13:25:03	11.64	--	24	27936	卖盘
13:24:45	11.64	--	20	23280	卖盘
13:24:30	11.64	0.01	26	30264	买盘
13:24:18	11.63	-0.01	102	118626	卖盘
13:24:09	11.64	--	4	4656	买盘
13:23:54	11.64	--	4	4656	卖盘
13:23:27	11.64	--	2	2328	卖盘
13:23:24	11.64	--	3	3492	卖盘
13:23:21	11.64	-0.01	10	11640	卖盘
13:23:09	11.65	0.01	11	12815	买盘
13:23:06	11.64	--	15	17460	卖盘
13:22:42	11.64	--	1	1164	卖盘
13:22:15	11.64	-0.01	16	18624	卖盘
13:22:06	11.65	-0.01	3	3495	买盘
13:22:00	11.66	0.01	111	129426	买盘
13:21:57	11.65	--	41	47765	卖盘
13:21:54	11.65	-0.01	6	6990	卖盘
13:21:51	11.66	0.01	10	11660	买盘
13:21:48	11.65	--	12	13980	卖盘
13:21:42	11.65	-0.01	1	1165	卖盘
13:21:39	11.66	0.01	4	4664	买盘
13:21:36	11.65	-0.01	20	23300	卖盘
13:21:27	11.66	--	5	5830	买盘
13:21:09	11.66	--	16	18656	买盘
13:21:00	11.66	--	6	6996	买盘
13:20:54	11.66	--	27	31482	买盘
13:20:45	11.66	--	8	9328	买盘
13:20:39	11.66	0.01	26	30316	买盘
13:20:24	11.65	-0.01	6	6990	卖盘
13:20:21	11.66	--	41	47806	买盘
13:20:18	11.66	--	2	2332	买盘
13:20:15	11.66	--	9	10494	买盘
13:20:12	11.66	--	14	16324	卖盘
13:20:09	11.66	--	2	2332	买盘
13:20:03	11.66	--	7	8162	买盘
13:19:57	11.66	--	10	11660	买盘
13:19:54	11.66	--	6	6996	买盘
13:19:36	11.66	--	26	30316	买盘
13:19:30	11.66	--	34	39644	买盘
13:19:24	11.66	--	5	5830	买盘
13:19:18	11.66	--	10	11660	买盘
13:19:06	11.66	--	18	20988	买盘
13:19:03	11.66	--	6	6996	买盘
13:19:00	11.66	0.01	1	1166	买盘
13:18:51	11.65	-0.01	15	17475	卖盘
13:18:36	11.66	0.01	36	41976	买盘
13:18:27	11.65	--	10	11650	卖盘
13:18:09	11.65	0.01	99	115335	买盘
13:18:06	11.64	--	13	15132	买盘
13:18:00	11.64	--	6	6984	卖盘
13:17:51	11.64	--	20	23280	卖盘
13:17:36	11.64	--	25	29100	买盘
13:17:24	11.64	--	6	6984	买盘
13:17:15	11.64	-0.01	33	38412	卖盘
13:17:06	11.65	--	111	129315	买盘
13:16:57	11.65	--	3	3495	买盘
13:16:45	11.65	--	10	11650	买盘
13:16:36	11.65	0.01	13	15145	买盘
13:16:06	11.64	--	5	5820	卖盘
13:16:03	11.64	--	33	38412	买盘
13:15:48	11.64	--	17	19788	买盘
13:15:45	11.64	-0.01	50	58200	卖盘
13:15:36	11.65	0.01	2	2330	买盘
13:15:30	11.64	--	20	23280	卖盘
13:15:12	11.64	--	4	4656	买盘
13:15:06	11.64	0.01	15	17460	买盘
13:15:00	11.63	-0.01	3	3489	卖盘
13:14:51	11.64	--	6	6984	买盘
13:14:42	11.64	-0.01	15	17460	卖盘
13:14:36	11.65	0.01	34	39610	买盘
13:14:30	11.64	0.01	5	5820	卖盘
13:14:18	11.63	-0.03	5	5815	卖盘
13:14:12	11.66	--	10	11660	卖盘
13:14:06	11.66	0.03	94	109604	买盘
13:13:57	11.63	-0.02	330	383790	卖盘
13:13:42	11.65	-0.01	2	2330	卖盘
13:13:36	11.66	0.01	7	8162	买盘
13:13:21	11.65	--	7	8155	卖盘
13:13:18	11.65	--	23	26795	卖盘
13:12:45	11.65	-0.02	88	102520	卖盘
13:12:39	11.67	0.01	11	12837	买盘
13:12:30	11.66	--	3	3498	卖盘
13:12:27	11.66	--	6	6996	买盘
13:12:24	11.66	--	6	6996	买盘
13:12:21	11.66	--	1	1166	买盘
13:12:15	11.66	--	7	8162	买盘
13:12:09	11.66	--	10	11660	买盘
13:12:06	11.66	--	24	27984	买盘
13:12:03	11.66	--	5	5830	买盘
13:12:00	11.66	--	43	50138	买盘
13:11:51	11.66	0.01	17	19822	买盘
13:11:45	11.65	-0.01	4	4660	卖盘
13:11:39	11.66	--	31	36146	买盘
13:11:21	11.66	0.01	8	9328	买盘
13:11:18	11.65	--	1	1165	卖盘
13:11:15	11.65	--	3	3495	卖盘
13:11:12	11.65	--	6	6990	卖盘
13:11:00	11.65	--	7	8155	买盘
13:10:57	11.65	--	4	4660	卖盘
13:10:54	11.65	--	42	48930	买盘
13:10:51	11.65	--	10	11650	中性盘
13:10:39	11.65	--	5	5825	买盘
13:10:36	11.65	--	16	18640	买盘
13:10:33	11.65	--	5	5825	买盘
13:10:30	11.65	0.01	15	17475	买盘
13:10:24	11.64	-0.01	1	1164	卖盘
13:10:06	11.65	0.01	10	11650	买盘
13:09:51	11.64	--	20	23280	卖盘
13:09:36	11.64	-0.01	20	23280	卖盘
13:09:24	11.65	--	10	11650	买盘
13:09:15	11.65	--	27	31455	买盘
13:08:42	11.65	--	10	11650	买盘
13:08:30	11.65	--	1	1165	买盘
13:08:27	11.65	--	10	11650	买盘
13:08:21	11.65	0.01	74	86210	买盘
13:08:15	11.64	-0.01	9	10476	卖盘
13:08:09	11.65	--	31	36115	买盘
13:08:03	11.65	--	11	12815	买盘
13:07:45	11.65	--	1	1165	买盘
13:07:30	11.65	0.01	20	23300	买盘
13:07:21	11.64	--	10	11640	卖盘
13:06:51	11.64	--	7	8148	卖盘
13:06:36	11.64	0.01	3	3492	买盘
13:06:33	11.63	-0.01	6	6978	卖盘
13:06:24	11.64	--	8	9312	买盘
13:06:21	11.64	--	9	10476	卖盘
13:06:18	11.64	--	10	11640	卖盘
13:05:57	11.64	--	5	5820	卖盘
13:05:45	11.64	--	1	1164	卖盘
13:05:42	11.64	--	55	64020	买盘
13:05:24	11.64	--	20	23280	买盘
13:05:06	11.64	0.01	2	2328	买盘
13:04:27	11.63	-0.01	6	6978	卖盘
13:04:21	11.64	--	3	3492	买盘
13:03:54	11.64	--	18	20952	买盘
13:03:36	11.64	0.01	54	62856	买盘
13:03:12	11.63	--	1	1163	卖盘
13:03:09	11.63	-0.01	5	5815	卖盘
13:03:06	11.64	0.01	2	2328	买盘
13:02:27	11.63	-0.01	10	11630	卖盘
13:02:24	11.64	--	5	5820	买盘
13:01:39	11.64	-0.01	66	76824	卖盘
13:01:30	11.65	--	11	12815	买盘
13:01:24	11.65	--	2	2330	买盘
13:01:15	11.65	0.01	1	1165	买盘
13:01:12	11.64	--	50	58200	卖盘
13:01:03	11.64	-0.01	5	5820	卖盘
13:01:00	11.65	--	12	13980	买盘
13:00:06	11.65	0.01	3	3495	买盘
13:00:03	11.64	--	104	121056	买盘
13:00:00	11.64	--	0	0	买盘
11:30:00	11.64	--	0	0	买盘
11:29:57	11.64	--	5	5820	买盘
11:29:36	11.64	--	1	1164	买盘
11:29:27	11.64	0.01	15	17460	买盘
11:29:24	11.63	-0.01	5	5815	卖盘
11:29:18	11.64	0.01	17	19788	买盘
11:29:15	11.63	-0.01	9	10467	卖盘
11:29:09	11.64	--	3	3492	买盘
11:29:06	11.64	--	13	15132	买盘
11:28:57	11.64	0.01	1	1164	买盘
11:28:42	11.63	--	3	3489	卖盘
11:28:24	11.63	-0.01	22	25586	卖盘
11:28:21	11.64	0.01	2	2328	买盘
11:28:18	11.63	--	10	11630	卖盘
11:28:12	11.63	-0.01	1	1163	卖盘
11:28:00	11.64	--	20	23280	买盘
11:27:42	11.64	--	26	30264	买盘
11:27:39	11.64	--	42	48888	买盘
11:27:36	11.64	0.01	1	1164	买盘
11:27:33	11.63	-0.01	44	51172	卖盘
11:27:27	11.64	--	3	3492	买盘
11:27:09	11.64	0.01	5	5820	买盘
11:26:54	11.63	--	39	45357	卖盘
11:26:51	11.63	-0.01	16	18608	卖盘
11:26:45	11.64	--	6	6984	买盘
11:26:30	11.64	0.01	2	2328	买盘
11:26:18	11.63	--	5	5815	买盘
11:26:09	11.63	--	68	79084	买盘
11:26:03	11.63	--	31	36053	买盘
11:25:48	11.63	--	4	4652	买盘
11:25:42	11.63	0.01	1	1163	买盘
11:25:12	11.62	--	2	2324	买盘
11:25:09	11.62	--	8	9296	卖盘
11:25:00	11.62	--	10	11620	卖盘
11:24:42	11.62	--	62	72044	买盘
11:24:36	11.62	--	2	2324	买盘
11:24:33	11.62	--	23	26726	买盘
11:24:30	11.62	--	22	25564	买盘
11:24:15	11.62	--	1	1162	买盘
11:24:12	11.62	--	20	23240	买盘
11:24:09	11.62	0.01	15	17430	买盘
11:24:06	11.61	-0.01	27	31347	卖盘
11:24:03	11.62	--	4	4648	买盘
11:23:57	11.62	--	10	11620	买盘
11:23:54	11.62	0.01	215	249829	买盘
11:23:51	11.61	--	1	1161	卖盘
11:23:48	11.61	--	20	23220	买盘
11:23:45	11.61	--	61	70821	卖盘
11:23:33	11.61	--	2	2322	卖盘
11:23:30	11.61	--	92	106812	买盘
11:23:27	11.61	--	39	45279	买盘
11:23:24	11.61	--	31	35991	买盘
11:23:21	11.61	--	35	40635	买盘
11:23:18	11.61	--	10	11610	买盘
11:23:09	11.61	--	42	48762	买盘
11:23:03	11.61	--	60	69660	买盘
11:23:00	11.61	--	4	4644	买盘
11:22:51	11.61	--	6	6966	买盘
11:22:42	11.61	0.01	71	82431	买盘
11:22:39	11.6	--	25	29000	卖盘
11:22:33	11.6	--	3	3480	卖盘
11:22:27	11.6	-0.01	32	37120	卖盘
11:22:24	11.61	--	23	26703	买盘
11:22:21	11.61	0.01	4	4644	买盘
11:22:18	11.6	-0.01	6	6960	卖盘
11:22:15	11.61	--	6	6966	买盘
11:22:12	11.61	--	6	6966	买盘
11:22:09	11.61	0.01	10	11610	买盘
11:22:06	11.6	--	4	4640	卖盘
11:22:03	11.6	-0.01	10	11600	卖盘
11:22:00	11.61	0.01	4	4644	买盘
11:21:57	11.6	--	15	17400	卖盘
11:21:51	11.6	-0.01	20	23200	卖盘
11:21:48	11.61	--	12	13932	买盘
11:21:45	11.61	--	79	91719	卖盘
11:21:42	11.61	--	1	1161	卖盘
11:21:36	11.61	--	5	5805	卖盘
11:21:33	11.61	-0.01	18	20898	卖盘
11:21:30	11.62	0.01	10	11620	买盘
11:21:27	11.61	--	12	13932	卖盘
11:21:24	11.61	-0.01	5	5805	卖盘
11:21:21	11.62	0.01	20	23240	买盘
11:21:18	11.61	--	2	2322	卖盘
11:21:09	11.61	-0.01	2	2322	卖盘
11:21:06	11.62	0.01	20	23240	中性盘
11:20:54	11.61	-0.01	200	232200	卖盘
11:20:48	11.62	--	51	59261	卖盘
11:20:39	11.62	-0.01	5	5810	卖盘
11:20:09	11.63	--	4	4652	买盘
11:20:03	11.63	--	42	49881	卖盘
11:19:57	11.63	-0.01	30	34890	卖盘
11:19:54	11.64	0.01	1	1164	买盘
11:19:45	11.63	--	6	6978	卖盘
11:19:42	11.63	--	1	1290	买盘
11:19:30	11.63	--	8	9304	买盘
11:19:24	11.63	-0.01	20	24295	卖盘
11:19:18	11.64	0.01	17	19788	买盘
11:19:15	11.63	-0.01	1	1163	卖盘
11:19:09	11.64	0.01	22	25608	买盘
11:19:06	11.63	--	10	11630	卖盘
11:18:54	11.63	--	8	9431	买盘
11:18:48	11.63	-0.01	13	16154	卖盘
11:18:42	11.64	--	1	1164	买盘
11:18:39	11.64	0.01	11	12804	买盘
11:18:27	11.63	--	5	5815	卖盘
11:18:24	11.63	--	28	32564	卖盘
11:18:21	11.63	--	1	1163	卖盘
11:18:18	11.63	--	6	6978	卖盘
11:18:15	11.63	--	18	20934	卖盘
11:18:12	11.63	--	20	23260	卖盘
11:18:06	11.63	--	4	4652	卖盘
11:18:03	11.63	--	13	15119	卖盘
11:17:57	11.63	--	10	11630	卖盘
11:17:51	11.63	-0.01	59	68744	卖盘
11:17:45	11.64	--	2	2328	买盘
11:17:39	11.64	--	18	20952	买盘
11:17:33	11.64	--	1	1164	中性盘
11:17:24	11.64	--	10	11640	卖盘
11:17:18	11.64	0.01	19	22116	买盘
11:17:15	11.63	-0.01	10	11630	卖盘
11:17:09	11.64	-0.01	1	1164	卖盘
11:17:03	11.65	0.01	5	5825	买盘
11:17:00	11.64	-0.01	1	1164	卖盘
11:16:54	11.65	0.01	19	22135	买盘
11:16:48	11.64	--	5	5820	卖盘
11:16:33	11.64	--	21	24444	买盘
11:16:24	11.64	-0.01	11	12804	卖盘
11:16:18	11.65	0.01	38	44270	买盘
11:16:12	11.64	--	3	3492	卖盘
11:16:09	11.64	--	3	3492	买盘
11:16:06	11.64	--	4	4656	买盘
11:15:57	11.64	-0.01	90	104760	卖盘
11:15:51	11.65	--	8	9320	买盘
11:15:48	11.65	--	34	39610	买盘
11:15:36	11.65	0.01	7	8155	买盘
11:15:33	11.64	-0.01	2	2328	卖盘
11:15:30	11.65	--	17	19805	买盘
11:15:24	11.65	--	15	17475	买盘
11:15:21	11.65	--	22	25630	买盘
11:15:18	11.65	0.01	10	11650	买盘
11:15:15	11.64	-0.01	10	11640	卖盘
11:15:12	11.65	--	2	2330	买盘
11:15:06	11.65	0.01	22	25630	买盘
11:15:03	11.64	-0.01	9	10476	卖盘
11:15:00	11.65	--	8	9320	买盘
11:14:48	11.65	--	9	10485	买盘
11:14:42	11.65	--	2	2330	买盘
11:14:33	11.65	0.01	18	20970	买盘
11:14:30	11.64	-0.01	3	3492	卖盘
11:14:18	11.65	0.01	7	8155	买盘
11:14:09	11.64	--	16	18624	卖盘
11:14:03	11.64	--	8	9312	卖盘
11:13:57	11.64	--	13	15132	买盘
11:13:51	11.64	-0.01	13	15132	卖盘
11:13:48	11.65	0.01	1	1165	买盘
11:13:45	11.64	-0.01	76	88464	卖盘
11:13:39	11.65	--	156	181740	买盘
11:13:33	11.65	--	2	2330	买盘
11:13:24	11.65	0.01	11	12815	买盘
11:13:21	11.64	-0.01	45	52380	卖盘
11:13:18	11.65	--	2	2330	买盘
11:13:09	11.65	-0.01	14	16310	卖盘
11:13:06	11.66	--	3	3498	买盘
11:13:00	11.66	0.01	21	24486	买盘
11:12:57	11.65	-0.01	26	31326	卖盘
11:12:51	11.66	0.01	51	59466	买盘
11:12:42	11.65	0.01	18	21098	买盘
11:12:39	11.64	-0.01	25	29100	中性盘
11:12:36	11.65	0.02	53	61745	买盘
11:12:33	11.63	-0.01	34	39542	卖盘
11:12:30	11.64	0.01	993	1155852	买盘
11:12:27	11.63	--	1	1163	卖盘
11:12:24	11.63	--	10	11630	卖盘
11:12:21	11.63	-0.01	2	2326	卖盘
11:12:15	11.64	0.01	19	22116	买盘
11:12:06	11.63	-0.01	32	37216	卖盘
11:12:03	11.64	0.01	18	20952	买盘
11:11:57	11.63	-0.01	10	11630	卖盘
11:11:54	11.64	0.01	25	29100	买盘
11:11:48	11.63	-0.01	57	66291	卖盘
11:11:42	11.64	--	1	1164	买盘
11:11:36	11.64	--	6	6984	卖盘
11:11:33	11.64	--	15	17460	卖盘
11:11:30	11.64	-0.01	6	6984	卖盘
11:11:24	11.65	--	43	50095	买盘
11:11:15	11.65	-0.01	414	482310	卖盘
11:11:09	11.66	--	369	430254	卖盘
11:11:00	11.66	-0.02	100	116600	卖盘
11:10:57	11.68	0.01	8	9344	买盘
11:10:51	11.67	--	10	11670	卖盘
11:10:48	11.67	-0.01	300	350100	卖盘
11:10:42	11.68	--	17	19856	卖盘
11:10:39	11.68	0.01	14	16352	中性盘
11:10:36	11.67	-0.01	5	5835	卖盘
11:10:33	11.68	--	1	1168	卖盘
11:10:30	11.68	--	3	3504	卖盘
11:10:27	11.68	--	21	24528	买盘
11:10:24	11.68	--	4	4672	买盘
11:10:21	11.68	0.01	12	14016	买盘
11:10:18	11.67	-0.01	43	50181	卖盘
11:10:15	11.68	--	21	24528	买盘
11:10:12	11.68	--	153	178704	买盘
11:10:06	11.68	--	10	11680	买盘
11:10:03	11.68	--	30	35040	买盘
11:10:00	11.68	-0.02	355	414640	卖盘
11:09:57	11.7	-0.01	12	14040	中性盘
11:09:51	11.71	0.01	18	21078	买盘
11:09:48	11.7	--	52	61799	卖盘
11:09:36	11.7	--	72	84450	买盘
11:09:33	11.7	0.02	7	8189	买盘
11:09:18	11.68	-0.02	10	11680	卖盘
11:09:15	11.7	0.02	4	4680	买盘
11:09:06	11.68	-0.02	180	210240	卖盘
11:09:03	11.7	0.02	775	906750	买盘
11:09:00	11.68	--	5	5840	卖盘
11:08:57	11.68	--	70	81760	买盘
11:08:48	11.68	0.01	89	103952	买盘
11:08:45	11.67	--	17	19839	卖盘
11:08:39	11.67	-0.01	10	11670	卖盘
11:08:30	11.68	0.01	33	38544	买盘
11:08:15	11.67	--	2	2334	中性盘
11:08:03	11.67	0.01	3	3501	买盘
11:07:57	11.66	-0.01	25	29150	卖盘
11:07:42	11.67	0.01	11	12837	买盘
11:07:39	11.66	--	15	17490	卖盘
11:07:33	11.66	-0.01	14	16324	卖盘
11:07:30	11.67	0.01	17	19839	买盘
11:07:24	11.66	--	1	1166	卖盘
11:07:18	11.66	--	2	2332	卖盘
11:07:15	11.66	--	49	57134	卖盘
11:07:12	11.66	0.01	4	4664	买盘
11:07:06	11.65	-0.01	14	16310	卖盘
11:07:03	11.66	0.01	6	6996	买盘
11:07:00	11.65	-0.03	10	11650	卖盘
11:06:57	11.68	0.03	245	286160	买盘
11:06:51	11.65	--	4	4660	卖盘
11:06:48	11.65	--	3	3495	卖盘
11:06:42	11.65	--	5	5825	卖盘
11:06:39	11.65	-0.02	22	25630	卖盘
11:06:33	11.67	--	42	49014	卖盘
11:06:24	11.67	0.02	2	2334	买盘
11:06:21	11.65	--	1	1165	买盘
11:06:18	11.65	-0.02	177	206205	卖盘
11:06:15	11.67	--	32	37344	卖盘
11:06:12	11.67	--	10	11670	卖盘
11:06:06	11.67	--	8	9336	卖盘
11:06:03	11.67	-0.01	40	46680	卖盘
11:06:00	11.68	0.01	33	38544	买盘
11:05:57	11.67	--	78	91026	卖盘
11:05:54	11.67	--	20	23340	卖盘
11:05:48	11.67	--	15	17505	卖盘
11:05:45	11.67	--	5	5835	卖盘
11:05:42	11.67	-0.01	50	58350	卖盘
11:05:36	11.68	--	10	11680	买盘
11:05:33	11.68	--	48	56064	卖盘
11:05:30	11.68	--	10	11680	卖盘
11:05:24	11.68	-0.01	75	87600	卖盘
11:05:21	11.69	--	1	1169	买盘
11:05:12	11.69	--	27	31563	买盘
11:05:09	11.69	--	84	98196	卖盘
11:05:00	11.69	--	113	132097	买盘
11:04:57	11.69	0.01	26	30394	买盘
11:04:54	11.68	-0.01	2	2336	卖盘
11:04:51	11.69	--	11	12859	买盘
11:04:48	11.69	--	6	7014	买盘
11:04:45	11.69	--	50	58450	买盘
11:04:39	11.69	-0.01	6	7014	卖盘
11:04:36	11.7	0.01	23	26910	买盘
11:04:27	11.69	--	5	5845	卖盘
11:04:24	11.69	--	37	43253	卖盘
11:04:21	11.69	--	1	1169	卖盘
11:04:18	11.69	--	3	3507	卖盘
11:04:15	11.69	--	3	3507	卖盘
11:04:09	11.69	--	10	11690	卖盘
11:04:06	11.69	0.01	305	356545	买盘
11:04:03	11.68	--	10	11680	卖盘
11:04:00	11.68	--	10	11680	卖盘
11:03:57	11.68	--	26	30368	买盘
11:03:54	11.68	--	20	23360	买盘
11:03:51	11.68	--	1	1168	买盘
11:03:45	11.68	--	9	10512	买盘
11:03:36	11.68	--	8	9344	买盘
11:03:33	11.68	0.01	19	22192	买盘
11:03:30	11.67	--	20	23340	卖盘
11:03:27	11.67	-0.03	3	3501	卖盘
11:03:21	11.7	0.02	522	610740	买盘
11:03:18	11.68	--	25	29386	卖盘
11:03:09	11.68	--	32	37376	卖盘
11:03:06	11.68	--	20	23360	卖盘
11:03:03	11.68	--	5	5840	卖盘
11:03:00	11.68	-0.01	15	17520	卖盘
11:02:51	11.69	0.01	5	5845	买盘
11:02:48	11.68	-0.01	27	31536	卖盘
11:02:42	11.69	--	4	4676	卖盘
11:02:39	11.69	-0.01	1	1169	买盘
11:02:36	11.7	0.01	53	62009	买盘
11:02:27	11.69	--	2	2338	买盘
11:02:24	11.69	--	80	93520	卖盘
11:02:21	11.69	--	10	11690	卖盘
11:02:18	11.69	--	17	19873	卖盘
11:02:12	11.69	--	25	29225	卖盘
11:02:09	11.69	--	20	23380	卖盘
11:02:00	11.69	--	12	14028	买盘
11:01:51	11.69	--	17	19873	买盘
11:01:48	11.69	--	45	52605	买盘
11:01:42	11.69	--	1	1169	买盘
11:01:39	11.69	--	11	12859	买盘
11:01:36	11.69	--	4	4676	卖盘
11:01:33	11.69	--	13	15197	买盘
11:01:30	11.69	--	13	15197	卖盘
11:01:27	11.69	-0.01	222	259518	卖盘
11:01:24	11.7	--	30	35100	买盘
11:01:21	11.7	0.01	66	77220	买盘
11:01:18	11.69	--	108	126252	卖盘
11:01:12	11.69	--	2	2338	卖盘
11:01:09	11.69	0.01	287	335503	买盘
11:01:06	11.68	-0.01	10	11680	卖盘
11:01:03	11.69	0.01	7	8183	买盘
11:00:57	11.68	--	55	64240	卖盘
11:00:51	11.68	--	50	58400	卖盘
11:00:42	11.68	--	133	155344	卖盘
11:00:33	11.68	--	8	9344	卖盘
11:00:30	11.68	-0.02	60	70080	卖盘
11:00:27	11.7	0.01	4	4680	买盘
11:00:24	11.69	--	60	70140	中性盘
11:00:21	11.69	--	10	11690	卖盘
11:00:18	11.69	--	12	14028	卖盘
11:00:15	11.69	--	7	8183	卖盘
11:00:12	11.69	-0.01	28	32732	卖盘
11:00:09	11.7	--	13	15209	买盘
11:00:06	11.7	0.01	18	21060	买盘
11:00:03	11.69	-0.01	57	66633	卖盘
11:00:00	11.7	0.01	5	5850	买盘
10:59:57	11.69	-0.01	10	11690	卖盘
10:59:54	11.7	--	51	59670	买盘
10:59:48	11.7	0.01	10	11700	买盘
10:59:39	11.69	0.01	213	248997	买盘
10:59:27	11.68	--	15	17520	卖盘
10:59:24	11.68	0.01	79	93253	买盘
10:59:21	11.67	-0.01	5	5835	卖盘
10:59:18	11.68	0.01	30	35040	买盘
10:59:15	11.67	-0.01	65	75855	卖盘
10:59:06	11.68	0.01	3	3504	买盘
10:59:03	11.67	--	24	28008	卖盘
10:59:00	11.67	--	10	11670	卖盘
10:58:54	11.67	-0.01	7	8169	卖盘
10:58:51	11.68	0.01	1	1168	买盘
10:58:48	11.67	-0.01	5	5835	卖盘
10:58:45	11.68	--	9	10512	买盘
10:58:42	11.68	0.01	5	5840	买盘
10:58:39	11.67	-0.01	15	17505	卖盘
10:58:36	11.68	--	3	3504	买盘
10:58:33	11.68	--	18	21024	买盘
10:58:30	11.68	--	189	220938	卖盘
10:58:27	11.68	-0.01	2	2336	卖盘
10:58:24	11.69	--	31	36239	买盘
10:58:21	11.69	0.01	5	5845	买盘
10:58:18	11.68	--	22	25696	卖盘
10:58:15	11.68	-0.01	8	9344	卖盘
10:58:09	11.69	--	16	18704	买盘
10:58:06	11.69	--	26	30394	卖盘
10:58:03	11.69	-0.01	12	14028	中性盘
10:57:57	11.7	0.01	57	66690	买盘
10:57:54	11.69	--	12	14028	买盘
10:57:51	11.69	0.01	25	29225	买盘
10:57:48	11.68	-0.02	108	126144	卖盘
10:57:45	11.7	0.01	39	46612	买盘
10:57:42	11.69	--	107	125083	买盘
10:57:39	11.69	--	66	77154	买盘
10:57:36	11.69	--	54	63126	买盘
10:57:33	11.69	0.01	8	9352	买盘
10:57:27	11.68	-0.01	16	18688	卖盘
10:57:24	11.69	0.01	46	53774	买盘
10:57:21	11.68	-0.01	17	19856	卖盘
10:57:18	11.69	0.01	35	40915	买盘
10:57:12	11.68	--	32	37376	卖盘
10:57:09	11.68	0.01	109	127312	买盘
10:57:06	11.67	-0.01	9	10503	卖盘
10:57:03	11.68	--	10	11680	买盘
10:57:00	11.68	--	10	11680	买盘
10:56:57	11.68	0.01	13	15184	买盘
10:56:54	11.67	--	41	47847	买盘
10:56:51	11.67	0.01	15	17505	买盘
10:56:42	11.66	--	5	5830	卖盘
10:56:36	11.66	--	1	1166	卖盘
10:56:33	11.66	--	1	1166	买盘
10:56:30	11.66	--	11	12826	买盘
10:56:27	11.66	--	21	24486	买盘
10:56:24	11.66	--	20	23320	买盘
10:56:21	11.66	--	3	3498	买盘
10:56:18	11.66	--	9	10494	买盘
10:56:15	11.66	-0.01	24	27984	中性盘
10:56:12	11.67	0.02	36	42012	买盘
10:56:09	11.65	-0.01	5	5825	卖盘
10:56:03	11.66	--	30	34980	买盘
10:55:51	11.66	0.01	143	166738	买盘
10:55:48	11.65	--	21	24465	买盘
10:55:45	11.65	--	7	8155	买盘
10:55:39	11.65	--	71	82715	买盘
10:55:36	11.65	-0.02	198	230670	卖盘
10:55:33	11.67	0.01	23	26841	买盘
10:55:27	11.66	--	4	4664	买盘
10:55:24	11.66	--	10	11660	买盘
10:55:21	11.66	-0.02	26	30316	卖盘
10:55:18	11.68	0.03	14	16352	买盘
10:55:12	11.65	--	4	4660	卖盘
10:55:03	11.65	--	9	10485	买盘
10:54:57	11.65	--	7	8155	买盘
10:54:54	11.65	-0.04	26	30290	卖盘
10:54:51	11.69	0.01	8	9352	买盘
10:54:48	11.68	-0.01	3	3504	卖盘
10:54:45	11.69	--	169	197561	卖盘
10:54:42	11.69	-0.01	25	29225	卖盘
10:54:39	11.7	-0.01	62	72540	买盘
10:54:33	11.71	0.01	70	81970	买盘
10:54:30	11.7	--	834	975779	卖盘
10:54:27	11.7	--	13	15209	卖盘
10:54:24	11.7	--	11	12870	卖盘
10:54:21	11.7	--	355	415350	买盘
10:54:18	11.7	--	144	168480	买盘
10:54:12	11.7	0.01	145	169650	买盘
10:54:09	11.69	-0.01	14	16366	卖盘
10:54:06	11.7	0.01	111	129869	买盘
10:54:00	11.69	0.01	93	108717	买盘
10:53:57	11.68	0.03	600	700800	买盘
10:53:54	11.65	--	10	11650	卖盘
10:53:51	11.65	0.02	1631	1900115	买盘
10:53:48	11.63	--	32	37216	买盘
10:53:45	11.63	0.01	35	40705	买盘
10:53:36	11.62	--	85	98770	买盘
10:53:33	11.62	--	6	6971	买盘
10:53:30	11.62	--	21	24402	买盘
10:53:27	11.62	--	4	4648	买盘
10:53:24	11.62	--	123	142926	买盘
10:53:18	11.62	0.01	26	30211	买盘
10:53:12	11.61	--	11	12771	卖盘
10:53:09	11.61	0.01	200	232200	买盘
10:53:00	11.6	--	31	35960	买盘
10:52:57	11.6	-0.01	4	4640	买盘
10:52:54	11.61	0.01	50	58050	买盘
10:52:51	11.6	0.01	18	20880	买盘
10:52:48	11.59	-0.01	13	15067	卖盘
10:52:45	11.6	--	15	17400	买盘
10:52:42	11.6	0.01	28	32480	买盘
10:52:39	11.59	-0.01	15	17385	卖盘
10:52:36	11.6	--	20	23200	买盘
10:52:30	11.6	0.01	104	120640	买盘
10:52:24	11.59	-0.01	5	5795	卖盘
10:52:21	11.6	0.01	100	116000	买盘
10:52:09	11.59	0.01	8	9272	卖盘
10:52:06	11.58	-0.02	15	17370	卖盘
10:52:03	11.6	0.01	45	52200	买盘
10:52:00	11.59	--	10	11590	卖盘
10:51:57	11.59	0.01	5	5795	中性盘
10:51:48	11.58	-0.02	40	46320	卖盘
10:51:39	11.6	--	346	401360	买盘
10:51:33	11.6	0.01	3	3480	买盘
10:51:30	11.59	--	7	8113	卖盘
10:51:27	11.59	--	15	17385	卖盘
10:51:24	11.59	--	6	6954	卖盘
10:51:21	11.59	--	11	12749	卖盘
10:51:12	11.59	--	10	11590	卖盘
10:51:06	11.59	-0.01	5	5795	卖盘
10:51:03	11.6	0.01	4	4640	买盘
10:51:00	11.59	-0.01	4	4636	卖盘
10:50:57	11.6	--	5	5800	买盘
10:50:42	11.6	--	1	1160	买盘
10:50:36	11.6	--	20	23200	买盘
10:50:33	11.6	0.01	6	6960	买盘
10:50:30	11.59	-0.01	10	11590	卖盘
10:50:27	11.6	--	27	31320	买盘
10:50:21	11.6	0.01	20	23200	买盘
10:50:18	11.59	-0.01	5	5795	卖盘
10:50:03	11.6	0.01	4	4640	买盘
10:50:00	11.59	--	10	11590	卖盘
10:49:57	11.59	--	1	1159	卖盘
10:49:51	11.59	--	86	99674	买盘
10:49:45	11.59	0.01	3	3477	买盘
10:49:42	11.58	-0.01	10	11580	卖盘
10:49:18	11.59	--	1	1159	买盘
10:49:15	11.59	--	18	20862	买盘
10:49:03	11.59	--	13	15067	买盘
10:48:51	11.59	--	3	3477	买盘
10:48:45	11.59	-0.01	5	5795	买盘
10:48:33	11.6	0.01	174	201840	买盘
10:48:21	11.59	--	2	2318	买盘
10:48:18	11.59	0.01	86	99674	买盘
10:48:12	11.58	-0.01	4	4632	卖盘
10:48:03	11.59	0.01	13	15067	买盘
10:47:18	11.58	--	2	2316	买盘
10:47:12	11.58	--	23	26634	买盘
10:47:06	11.58	--	100	115800	买盘
10:47:03	11.58	--	13	15054	买盘
10:46:57	11.58	0.01	1	1158	买盘
10:46:54	11.57	--	10	11570	卖盘
10:46:42	11.57	--	10	11570	卖盘
10:46:39	11.57	--	12	13884	卖盘
10:46:21	11.57	--	22	25454	买盘
10:46:18	11.57	--	9	10413	买盘
10:46:12	11.57	--	36	41652	买盘
10:46:09	11.57	-0.01	88	101816	卖盘
10:46:03	11.58	0.01	13	15054	买盘
10:45:57	11.57	--	11	12727	卖盘
10:45:54	11.57	-0.01	3	3471	卖盘
10:45:51	11.58	0.01	200	231600	买盘
10:45:48	11.57	-0.01	31	35867	卖盘
10:45:36	11.58	--	10	11580	买盘
10:45:33	11.58	--	1	1158	买盘
10:45:18	11.58	--	1	1158	买盘
10:45:09	11.58	--	26	30108	卖盘
10:45:03	11.58	--	145	167910	卖盘
10:45:00	11.58	--	200	231600	卖盘
10:44:57	11.58	--	4	4632	卖盘
10:44:45	11.58	--	10	11580	卖盘
10:44:39	11.58	-0.01	10	11580	买盘
10:44:30	11.59	--	9	10431	买盘
10:44:24	11.59	--	1	1159	买盘
10:44:15	11.59	--	27	31293	买盘
10:44:12	11.59	--	8	9272	买盘
10:44:03	11.59	--	14	16226	买盘
10:43:54	11.59	--	77	89243	买盘
10:43:48	11.59	0.01	38	44042	买盘
10:43:45	11.58	-0.01	1	1158	卖盘
10:43:27	11.59	--	72	83448	卖盘
10:43:24	11.59	-0.01	50	57950	卖盘
10:43:21	11.6	--	2	2320	买盘
10:43:15	11.6	0.01	28	32480	买盘
10:43:12	11.59	-0.01	10	11590	卖盘
10:43:06	11.6	--	3	3480	买盘
10:43:03	11.6	0.01	14	16240	买盘
10:43:00	11.59	--	45	52155	卖盘
10:42:57	11.59	--	200	231800	卖盘
10:42:54	11.59	--	5	5795	卖盘
10:42:51	11.59	--	15	17385	卖盘
10:42:48	11.59	-0.01	2	2318	卖盘
10:42:36	11.6	0.01	33	38280	买盘
10:42:33	11.59	-0.01	5	5795	卖盘
10:42:27	11.6	--	26	30160	买盘
10:42:24	11.6	0.01	11	12760	买盘
10:42:18	11.59	--	5	5795	卖盘
10:42:12	11.59	-0.01	2	2318	卖盘
10:42:06	11.6	--	9	10440	买盘
10:42:03	11.6	--	14	16240	买盘
10:41:57	11.6	0.01	43	49880	买盘
10:41:51	11.59	--	5	5795	卖盘
10:41:39	11.59	-0.01	4	4636	卖盘
10:41:36	11.6	0.01	19	22040	买盘
10:41:24	11.59	--	150	173850	买盘
10:41:18	11.59	0.01	116	134444	买盘
10:41:15	11.58	-0.01	5	5790	卖盘
10:41:12	11.59	--	6	6954	买盘
10:40:54	11.59	--	169	195871	买盘
10:40:51	11.59	--	21	24339	买盘
10:40:39	11.59	-0.01	22	25498	卖盘
10:40:36	11.6	0.01	10	11600	买盘
10:40:24	11.59	-0.01	12	13908	卖盘
10:40:21	11.6	0.02	32	37120	买盘
10:40:18	11.58	--	1	1158	卖盘
10:40:12	11.58	--	1	1158	卖盘
10:40:09	11.58	-0.01	1	1158	卖盘
10:40:00	11.59	--	16	18544	卖盘
10:39:57	11.59	--	2	2318	卖盘
10:39:54	11.59	0.01	202	234118	买盘
10:39:51	11.58	--	50	57900	卖盘
10:39:45	11.58	--	33	38214	卖盘
10:39:39	11.58	0.01	7	8106	买盘
10:39:36	11.57	-0.01	7	8099	卖盘
10:39:33	11.58	--	10	11580	买盘
10:39:27	11.58	0.01	3	3474	买盘
10:39:21	11.57	--	2	2314	卖盘
10:39:12	11.57	0.01	6	6942	买盘
10:39:09	11.56	-0.01	15	17340	卖盘
10:39:03	11.57	--	10	11570	买盘
10:39:00	11.57	--	17	19669	卖盘
10:38:51	11.57	--	11	12727	卖盘
10:38:45	11.57	--	2	2314	卖盘
10:38:24	11.57	--	10	11570	卖盘
10:38:21	11.57	--	52	60164	卖盘
10:38:15	11.57	-0.01	43	49751	卖盘
10:38:12	11.58	0.01	1	1158	买盘
10:38:09	11.57	-0.01	10	11570	卖盘
10:38:03	11.58	--	4	4632	买盘
10:37:57	11.58	--	26	30108	买盘
10:37:51	11.58	--	23	26634	买盘
10:37:48	11.58	-0.02	71	82218	卖盘
10:37:45	11.6	--	1	1160	买盘
10:37:42	11.6	--	4	4640	买盘
10:37:39	11.6	--	184	213625	卖盘
10:37:36	11.6	--	95	110200	卖盘
10:37:33	11.6	--	13	15080	卖盘
10:37:30	11.6	-0.02	20	23200	卖盘
10:37:27	11.62	0.01	18	20916	买盘
10:37:24	11.61	0.01	49	56889	买盘
10:37:21	11.6	--	21	24360	卖盘
10:37:15	11.6	-0.01	18	20880	卖盘
10:37:12	11.61	--	7	8127	卖盘
10:37:09	11.61	--	115	133515	买盘
10:37:06	11.61	--	165	191565	卖盘
10:37:00	11.61	--	2	2322	卖盘
10:36:57	11.61	-0.01	13	15093	卖盘
10:36:54	11.62	0.01	14	16267	买盘
10:36:51	11.61	--	5	5805	卖盘
10:36:48	11.61	-0.01	8	9288	中性盘
10:36:45	11.62	0.01	13	15105	买盘
10:36:42	11.61	-0.01	10	11610	卖盘
10:36:39	11.62	0.01	31	36022	买盘
10:36:36	11.61	--	7	8127	卖盘
10:36:33	11.61	-0.01	82	95202	卖盘
10:36:30	11.62	--	29	33698	买盘
10:36:27	11.62	0.01	9	10458	买盘
10:36:18	11.61	-0.01	10	11610	卖盘
10:36:15	11.62	--	4	4648	卖盘
10:36:12	11.62	0.01	87	101094	买盘
10:36:09	11.61	-0.01	105	121905	卖盘
10:36:06	11.62	0.01	92	106904	买盘
10:36:03	11.61	-0.01	35	40635	卖盘
10:36:00	11.62	--	9	10458	买盘
10:35:57	11.62	--	6	6971	买盘
10:35:54	11.62	--	125	145250	买盘
10:35:51	11.62	--	1	1162	买盘
10:35:48	11.62	--	20	23240	买盘
10:35:45	11.62	--	11	12782	买盘
10:35:42	11.62	--	30	34860	买盘
10:35:39	11.62	--	32	37184	买盘
10:35:33	11.62	--	80	92960	买盘
10:35:30	11.62	0.01	24	27887	买盘
10:35:27	11.61	--	12	13932	卖盘
10:35:24	11.61	--	125	145125	买盘
10:35:21	11.61	0.01	6	6966	买盘
10:35:15	11.6	-0.01	30	34800	卖盘
10:35:12	11.61	--	4	4644	买盘
10:35:09	11.61	0.01	5	5805	买盘
10:35:03	11.6	--	220	256174	买盘
10:34:57	11.6	--	157	182120	买盘
10:34:51	11.6	--	49	56840	买盘
10:34:42	11.6	--	90	104400	买盘
10:34:39	11.6	0.01	100	116000	买盘
10:34:36	11.59	--	5	5795	卖盘
10:34:30	11.59	-0.01	1	1159	卖盘
10:34:27	11.6	0.01	55	63800	买盘
10:34:21	11.59	--	6	6954	买盘
10:34:18	11.59	-0.01	4	4636	卖盘
10:34:15	11.6	--	102	118320	买盘
10:34:12	11.6	0.01	57	66305	买盘
10:34:09	11.59	-0.01	15	17385	卖盘
10:34:03	11.6	0.01	278	322480	买盘
10:33:57	11.59	-0.01	15	17385	卖盘
10:33:54	11.6	--	31	35960	买盘
10:33:48	11.6	0.01	41	47560	买盘
10:33:36	11.59	--	77	89243	卖盘
10:33:33	11.59	-0.01	2	2318	卖盘
10:33:30	11.6	0.01	28	32480	买盘
10:33:24	11.59	-0.01	21	24339	卖盘
10:33:21	11.6	--	34	39440	买盘
10:33:18	11.6	--	15	17400	买盘
10:33:15	11.6	--	40	46400	买盘
10:33:12	11.6	0.01	13	15080	买盘
10:33:09	11.59	--	1	1159	卖盘
10:33:06	11.59	-0.01	33	38247	卖盘
10:33:03	11.6	0.01	11	12760	买盘
10:32:57	11.59	--	1	1159	卖盘
10:32:51	11.59	--	33	38247	卖盘
10:32:48	11.59	--	37	43856	买盘
10:32:45	11.59	0.01	33	38247	买盘
10:32:42	11.58	-0.01	30	34925	卖盘
10:32:39	11.59	--	5	5795	卖盘
10:32:36	11.59	0.01	220	255953	买盘
10:32:33	11.58	-0.01	40	46320	卖盘
10:32:30	11.59	0.01	12	13908	买盘
10:32:24	11.58	-0.01	5	5790	卖盘
10:32:18	11.59	--	10	11590	买盘
10:32:12	11.59	--	50	57950	买盘
10:32:09	11.59	--	10	11590	买盘
10:32:06	11.59	--	1	1159	买盘
10:32:03	11.59	--	39	45201	买盘
10:32:00	11.59	--	27	31293	买盘
10:31:57	11.59	0.01	12	13908	买盘
10:31:51	11.58	--	19	22002	买盘
10:31:48	11.58	--	10	11580	买盘
10:31:45	11.58	0.01	20	23160	买盘
10:31:42	11.57	--	6	6942	买盘
10:31:39	11.57	-0.01	39	45123	卖盘
10:31:36	11.58	--	5	5790	买盘
10:31:30	11.58	0.01	24	27792	买盘
10:31:27	11.57	-0.02	5	5785	买盘
10:31:12	11.59	0.01	200	231800	买盘
10:31:09	11.58	--	104	120432	买盘
10:31:00	11.58	0.01	330	382140	买盘
10:30:54	11.57	--	56	64792	买盘
10:30:45	11.57	-0.01	56	64792	买盘
10:30:42	11.58	--	8	9264	买盘
10:30:36	11.58	--	30	34740	买盘
10:30:24	11.58	0.02	59	68322	买盘
10:30:21	11.56	--	30	34680	卖盘
10:30:00	11.56	-0.02	10	11560	卖盘
10:29:54	11.58	0.01	98	113680	买盘
10:29:51	11.57	--	93	108561	买盘
10:29:36	11.57	0.01	300	347100	买盘
10:29:24	11.56	--	5	5780	买盘
10:29:06	11.56	--	3	3468	买盘
10:29:03	11.56	--	1	1156	买盘
10:28:54	11.56	--	18	20808	买盘
10:28:39	11.56	0.01	3	3468	买盘
10:28:36	11.55	--	34	39270	买盘
10:28:27	11.55	0.01	20	23100	买盘
10:27:57	11.54	-0.01	10	11540	卖盘
10:27:54	11.55	--	32	36960	买盘
10:27:36	11.55	--	5	5775	买盘
10:27:12	11.55	--	250	288750	买盘
10:27:00	11.55	0.01	26	30030	买盘
10:26:42	11.54	--	70	80780	买盘
10:26:36	11.54	0.01	26	30003	买盘
10:26:30	11.53	-0.01	6	6918	卖盘
10:26:18	11.54	--	58	66932	卖盘
10:26:09	11.54	--	20	23080	卖盘
10:26:00	11.54	0.01	29	33466	买盘
10:25:36	11.53	-0.01	13	14989	卖盘
10:25:30	11.54	--	99	114245	买盘
10:25:27	11.54	--	2	2308	买盘
10:25:09	11.54	0.01	5	5770	买盘
10:24:39	11.53	-0.01	5	5765	卖盘
10:24:33	11.54	--	10	11540	买盘
10:24:27	11.54	-0.01	13	15001	买盘
10:24:15	11.55	0.02	43	49665	买盘
10:23:54	11.53	-0.01	5	5765	卖盘
10:23:45	11.54	0.01	2	2308	买盘
10:23:33	11.53	-0.01	15	17295	卖盘
10:23:18	11.54	--	8	9232	买盘
10:23:09	11.54	--	20	23080	买盘
10:23:00	11.54	--	2	2308	买盘
10:22:51	11.54	--	10	11540	买盘
10:22:33	11.54	--	30	34620	买盘
10:22:21	11.54	0.01	4	4616	买盘
10:22:15	11.53	--	30	34590	卖盘
10:22:12	11.53	--	9	10377	卖盘
10:22:09	11.53	-0.01	10	11530	卖盘
10:22:06	11.54	0.01	8	9232	买盘
10:21:57	11.53	--	7	8071	卖盘
10:21:45	11.53	-0.01	3	3459	卖盘
10:21:42	11.54	--	9	10386	买盘
10:21:39	11.54	0.01	10	11540	买盘
10:21:21	11.53	0.02	41	47273	买盘
10:21:00	11.51	--	14	16114	卖盘
10:20:54	11.51	--	15	17265	卖盘
10:20:45	11.51	--	3	3453	卖盘
10:20:24	11.51	--	10	11510	卖盘
10:20:21	11.51	--	6	6906	买盘
10:20:12	11.51	--	41	47191	买盘
10:20:09	11.51	--	5	5755	买盘
10:20:00	11.51	--	60	69060	买盘
10:19:57	11.51	--	35	40285	买盘
10:19:51	11.51	-0.02	174	200274	卖盘
10:19:42	11.53	--	4	4612	卖盘
10:19:36	11.53	--	10	11530	卖盘
10:19:33	11.53	--	4	4612	卖盘
10:19:30	11.53	--	2	2306	买盘
10:19:18	11.53	0.01	8	9224	买盘
10:19:15	11.52	--	2	2304	卖盘
10:18:57	11.52	--	3	3456	卖盘
10:18:33	11.52	--	5	5760	卖盘
10:18:03	11.52	-0.01	43	49536	卖盘
10:17:48	11.53	--	1	1153	卖盘
10:17:42	11.53	--	10	11530	卖盘
10:17:24	11.53	--	19	21907	买盘
10:17:12	11.53	--	10	11530	买盘
10:16:57	11.53	0.01	1	1153	买盘
10:16:45	11.52	-0.01	8	9216	卖盘
10:16:36	11.53	0.01	10	11530	买盘
10:16:33	11.52	-0.01	3	3456	卖盘
10:16:24	11.53	--	3	3459	买盘
10:16:21	11.53	--	21	24213	买盘
10:16:15	11.53	--	5	5765	买盘
10:16:12	11.53	--	8	9224	卖盘
10:16:00	11.53	--	12	13836	买盘
10:15:48	11.53	--	1	1153	买盘
10:15:39	11.53	--	20	23060	买盘
10:15:36	11.53	0.01	2	2306	买盘
10:15:33	11.52	--	10	11520	卖盘
10:15:30	11.52	--	10	11520	卖盘
10:15:15	11.52	-0.01	9	10368	卖盘
10:15:09	11.53	0.01	22	25366	买盘
10:14:57	11.52	-0.02	5	5760	卖盘
10:14:45	11.54	0.02	17	19618	买盘
10:14:36	11.52	-0.01	10	11520	卖盘
10:14:24	11.53	--	2	2306	买盘
10:14:15	11.53	--	10	11530	买盘
10:14:09	11.53	--	7	8071	卖盘
10:14:06	11.53	--	1	1153	卖盘
10:13:51	11.53	-0.01	19	21907	卖盘
10:13:45	11.54	0.01	46	53083	买盘
10:13:33	11.53	-0.01	5	5765	卖盘
10:13:30	11.54	0.01	13	15001	买盘
10:13:24	11.53	--	1	1153	卖盘
10:13:15	11.53	0.01	50	57650	买盘
10:13:06	11.52	-0.01	15	17280	卖盘
10:13:00	11.53	0.01	20	23060	买盘
10:12:42	11.52	-0.01	2	2304	卖盘
10:12:36	11.53	--	13	14989	卖盘
10:12:30	11.53	--	2	2306	卖盘
10:12:27	11.53	--	30	34590	卖盘
10:12:12	11.53	--	37	42661	卖盘
10:11:54	11.53	-0.01	6	6918	卖盘
10:11:51	11.54	--	9	10386	买盘
10:11:36	11.54	0.01	9	10386	买盘
10:11:30	11.53	--	10	11530	卖盘
10:11:12	11.53	--	7	8071	卖盘
10:11:06	11.53	--	52	59956	卖盘
10:11:03	11.53	--	10	11530	卖盘
10:10:57	11.53	--	24	27672	买盘
10:10:42	11.53	-0.01	14	16142	卖盘
10:10:39	11.54	--	22	25387	买盘
10:10:33	11.54	0.01	1	1154	买盘
10:10:24	11.53	--	9	10377	买盘
10:10:21	11.53	0.01	5	5765	买盘
10:10:18	11.52	-0.01	46	52992	卖盘
10:10:12	11.53	0.01	31	35743	买盘
10:09:54	11.52	0.01	24	27648	买盘
10:09:48	11.51	-0.01	8	9208	卖盘
10:09:36	11.52	0.01	5	5760	买盘
10:09:33	11.51	--	8	9208	卖盘
10:09:24	11.51	-0.01	24	27624	卖盘
10:09:21	11.52	0.01	5	5760	买盘
10:09:15	11.51	--	18	20718	买盘
10:09:12	11.51	--	39	44889	卖盘
10:09:09	11.51	--	27	31077	卖盘
10:09:06	11.51	--	2	2302	买盘
10:08:57	11.51	-0.01	18	20718	卖盘
10:08:42	11.52	--	36	41472	买盘
10:08:39	11.52	0.01	13	14976	买盘
10:08:36	11.51	--	50	57550	卖盘
10:08:27	11.51	--	1	1151	卖盘
10:08:24	11.51	--	50	57550	卖盘
10:08:18	11.51	--	5	5755	卖盘
10:08:15	11.51	--	8	9208	卖盘
10:08:09	11.51	-0.01	27	31077	卖盘
10:08:00	11.52	--	1	1152	买盘
10:07:54	11.52	--	87	100224	卖盘
10:07:51	11.52	--	140	161280	卖盘
10:07:48	11.52	--	12	13824	卖盘
10:07:33	11.52	-0.01	10	11520	卖盘
10:07:30	11.53	--	12	13836	买盘
10:07:12	11.53	--	20	23060	买盘
10:07:09	11.53	-0.01	58	66874	卖盘
10:06:57	11.54	--	5	5770	买盘
10:06:48	11.54	0.01	10	11540	买盘
10:06:45	11.53	--	8	9224	卖盘
10:06:42	11.53	-0.01	5	5765	卖盘
10:06:27	11.54	--	4	4616	买盘
10:06:24	11.54	--	12	13847	买盘
10:06:18	11.54	--	13	15001	买盘
10:06:12	11.54	--	20	23080	买盘
10:06:00	11.54	0.01	10	11540	买盘
10:05:45	11.53	--	10	11530	卖盘
10:05:42	11.53	--	10	11530	卖盘
10:05:36	11.53	--	78	89934	买盘
10:05:30	11.53	--	3	3459	买盘
10:05:21	11.53	0.01	25	28825	买盘
10:05:06	11.52	-0.01	1	1152	卖盘
10:04:51	11.53	-0.01	8	9224	卖盘
10:04:48	11.54	0.01	10	11540	买盘
10:04:45	11.53	-0.01	10	11530	卖盘
10:04:33	11.54	--	21	24234	买盘
10:04:24	11.54	--	10	11540	卖盘
10:04:18	11.54	-0.01	10	11540	卖盘
10:04:09	11.55	--	5	5775	买盘
10:04:06	11.55	--	20	23100	买盘
10:03:57	11.55	0.01	9	10395	买盘
10:03:51	11.54	-0.02	15	17310	卖盘
10:03:45	11.56	0.01	26	30056	买盘
10:03:42	11.55	--	5	5775	买盘
10:03:36	11.55	--	5	5775	卖盘
10:03:33	11.55	-0.01	2	2310	卖盘
10:03:30	11.56	0.01	30	34680	买盘
10:03:21	11.55	--	9	10395	卖盘
10:03:18	11.55	-0.01	24	27720	卖盘
10:03:15	11.56	0.01	48	55488	买盘
10:03:00	11.55	-0.01	61	70455	卖盘
10:02:57	11.56	--	23	26588	卖盘
10:02:54	11.56	--	35	40460	卖盘
10:02:48	11.56	--	36	41616	卖盘
10:02:45	11.56	--	10	11560	卖盘
10:02:39	11.56	--	80	92480	卖盘
10:02:36	11.56	0.01	10	11560	买盘
10:02:33	11.55	-0.01	22	25410	卖盘
10:02:24	11.56	--	19	22565	买盘
10:02:18	11.56	--	10	11560	卖盘
10:02:09	11.56	--	2	2312	买盘
10:02:03	11.56	-0.01	8	9248	卖盘
10:01:57	11.57	0.01	1	1157	买盘
10:01:51	11.56	--	19	21964	卖盘
10:01:45	11.56	-0.01	29	33524	卖盘
10:01:42	11.57	--	33	38181	买盘
10:01:33	11.57	--	14	16198	买盘
10:01:24	11.57	--	14	16198	买盘
10:01:21	11.57	--	11	12727	买盘
10:01:12	11.57	0.01	46	53222	买盘
10:01:09	11.56	-0.01	61	70516	卖盘
10:01:03	11.57	0.01	2	2314	买盘
10:00:57	11.56	--	4	4624	卖盘
10:00:54	11.56	--	10	11560	卖盘
10:00:51	11.56	--	4	4624	卖盘
10:00:48	11.56	-0.01	10	11560	卖盘
10:00:45	11.57	--	2	2510	卖盘
10:00:42	11.57	--	27	31239	卖盘
10:00:39	11.57	--	64	75008	买盘
10:00:27	11.57	0.01	90	104130	买盘
10:00:24	11.56	-0.01	15	17340	卖盘
10:00:21	11.57	--	4	4628	买盘
10:00:18	11.57	--	1	1157	买盘
10:00:15	11.57	--	31	35867	买盘
10:00:12	11.57	--	42	48790	卖盘
10:00:09	11.57	--	40	46280	卖盘
10:00:06	11.57	--	27	32199	买盘
10:00:00	11.57	--	112	129780	卖盘
09:59:57	11.57	--	38	43966	卖盘
09:59:54	11.57	--	3	3471	卖盘
09:59:51	11.57	--	25	29885	买盘
09:59:48	11.57	--	43	49751	买盘
09:59:45	11.57	--	60	69616	卖盘
09:59:42	11.57	--	104	120328	卖盘
09:59:39	11.57	--	81	94677	卖盘
09:59:36	11.57	--	219	253383	买盘
09:59:30	11.57	--	101	116857	买盘
09:59:24	11.57	--	104	120328	卖盘
09:59:21	11.57	--	35	40495	卖盘
09:59:18	11.57	--	43	49751	卖盘
09:59:15	11.57	--	59	68263	卖盘
09:59:12	11.57	--	15	17355	买盘
09:59:09	11.57	--	4	4628	买盘
09:59:06	11.57	--	3	3471	买盘
09:59:03	11.57	0.02	20	23140	买盘
09:59:00	11.55	-0.03	2	2310	卖盘
09:58:57	11.58	0.01	31	35898	买盘
09:58:54	11.57	0.02	19	21983	买盘
09:58:51	11.55	-0.02	29	33495	卖盘
09:58:48	11.57	--	5	5785	卖盘
09:58:45	11.57	--	40	46280	卖盘
09:58:42	11.57	0.02	266	307762	买盘
09:58:39	11.55	--	30	34650	卖盘
09:58:36	11.55	--	82	94710	卖盘
09:58:30	11.55	--	35	40425	卖盘
09:58:27	11.55	--	15	17325	卖盘
09:58:24	11.55	--	115	132825	买盘
09:58:15	11.55	--	9	10395	买盘
09:58:09	11.55	0.02	1	1155	中性盘
09:58:03	11.53	-0.05	17	19601	卖盘
09:58:00	11.58	0.02	198	229284	买盘
09:57:57	11.56	0.01	14	16184	买盘
09:57:54	11.55	0.02	150	173250	买盘
09:57:51	11.53	-0.02	20	23060	卖盘
09:57:48	11.55	0.02	75	86625	买盘
09:57:45	11.53	--	79	91087	买盘
09:57:24	11.53	0.04	42	48426	买盘
09:57:18	11.49	0.02	3	3447	中性盘
09:57:15	11.47	-0.02	33	37851	卖盘
09:57:09	11.49	0.02	24	27576	买盘
09:57:06	11.47	-0.05	16	18352	卖盘
09:57:03	11.52	-0.02	5	5760	买盘
09:57:00	11.54	0.02	15	17310	买盘
09:56:51	11.52	--	2	2304	卖盘
09:56:42	11.52	--	4	4608	卖盘
09:56:39	11.52	--	2	2304	卖盘
09:56:36	11.52	--	72	82944	卖盘
09:56:30	11.52	0.05	26	29952	买盘
09:56:21	11.47	-0.05	11	12617	卖盘
09:56:18	11.52	0.05	167	192384	买盘
09:56:15	11.47	-0.04	1	1147	卖盘
09:56:12	11.51	0.03	168	193368	买盘
09:56:09	11.48	--	5	5740	买盘
09:56:06	11.48	0.01	15	17220	买盘
09:56:03	11.47	--	5	5735	卖盘
09:55:57	11.47	-0.01	10	11470	卖盘
09:55:39	11.48	0.01	5	5740	买盘
09:55:15	11.47	--	2	2294	卖盘
09:55:06	11.47	--	20	22940	卖盘
09:55:03	11.47	--	174	199578	买盘
09:54:51	11.47	0.01	26	29822	买盘
09:54:48	11.46	-0.01	32	36672	卖盘
09:54:45	11.47	--	36	41292	买盘
09:54:39	11.47	0.01	13	14911	买盘
09:54:36	11.46	--	8	9168	卖盘
09:54:30	11.46	--	5	5730	卖盘
09:54:21	11.46	--	10	11460	卖盘
09:54:18	11.46	0.01	10	11460	买盘
09:54:12	11.45	--	32	36640	卖盘
09:54:09	11.45	--	7	8014	买盘
09:53:54	11.45	-0.01	29	33205	卖盘
09:53:48	11.46	0.01	2	2292	买盘
09:53:42	11.45	--	26	29769	卖盘
09:53:33	11.45	-0.01	4	4580	卖盘
09:53:15	11.46	--	79	90534	卖盘
09:52:51	11.46	--	10	11460	卖盘
09:52:42	11.46	--	1	1146	卖盘
09:52:39	11.46	--	6	6876	卖盘
09:52:36	11.46	--	6	6876	卖盘
09:52:18	11.46	--	29	33234	买盘
09:52:15	11.46	--	11	12606	买盘
09:52:12	11.46	--	5	5730	卖盘
09:51:57	11.46	0.01	5	5730	买盘
09:51:54	11.45	-0.01	20	22900	卖盘
09:51:48	11.46	-0.01	10	11460	中性盘
09:51:24	11.47	0.02	2	2294	买盘
09:51:18	11.45	-0.02	30	34350	卖盘
09:51:09	11.47	--	15	17205	买盘
09:50:57	11.47	0.02	16	18352	卖盘
09:50:48	11.45	-0.02	10	11450	卖盘
09:50:42	11.47	0.02	47	53909	买盘
09:50:30	11.45	-0.02	7	8014	卖盘
09:50:24	11.47	0.01	13	14911	买盘
09:50:21	11.46	--	12	13752	卖盘
09:50:18	11.46	--	23	26358	卖盘
09:50:06	11.46	--	25	28650	卖盘
09:50:00	11.46	--	24	27504	卖盘
09:49:54	11.46	--	6	6876	卖盘
09:49:33	11.46	0.01	19	21774	买盘
09:49:27	11.45	0.02	10	11450	中性盘
09:48:54	11.43	-0.01	300	342900	卖盘
09:48:33	11.44	--	1	1144	卖盘
09:48:18	11.44	-0.05	758	867152	卖盘
09:48:15	11.49	--	120	137880	买盘
09:48:06	11.49	0.01	5	5745	买盘
09:48:03	11.48	--	10	11480	卖盘
09:48:00	11.48	--	21	24108	卖盘
09:47:48	11.48	--	16	18368	卖盘
09:47:45	11.48	0.01	47	53956	买盘
09:47:27	11.47	--	62	71114	买盘
09:47:21	11.47	0.01	22	25234	买盘
09:47:15	11.46	-0.01	9	10314	卖盘
09:47:09	11.47	--	6	6882	买盘
09:47:06	11.47	-0.01	56	64232	卖盘
09:47:00	11.48	--	20	22960	买盘
09:46:54	11.48	0.01	5	5740	买盘
09:46:51	11.47	--	10	11470	买盘
09:46:48	11.47	-0.01	10	11470	卖盘
09:46:45	11.48	0.01	19	21812	买盘
09:46:42	11.47	-0.01	4	4588	卖盘
09:46:21	11.48	0.01	40	45920	买盘
09:46:18	11.47	-0.01	11	12617	卖盘
09:46:06	11.48	0.02	11	12628	买盘
09:45:57	11.46	--	74	84849	买盘
09:45:48	11.46	--	15	17190	买盘
09:45:45	11.46	-0.01	110	127160	卖盘
09:45:39	11.47	--	6	6882	卖盘
09:45:30	11.47	--	25	28675	卖盘
09:45:24	11.47	--	84	96393	买盘
09:45:15	11.47	--	100	114700	买盘
09:45:06	11.47	0.01	26	29822	买盘
09:45:03	11.46	-0.01	52	59592	卖盘
09:44:54	11.47	-0.01	42	49275	卖盘
09:44:51	11.48	0.01	1	1148	买盘
09:44:48	11.47	-0.01	103	118186	卖盘
09:44:36	11.48	--	20	22960	买盘
09:44:30	11.48	--	1	1148	卖盘
09:44:03	11.48	--	8	9184	买盘
09:43:54	11.48	--	5	5740	卖盘
09:43:45	11.48	--	33	37884	卖盘
09:43:39	11.48	--	10	11480	卖盘
09:43:33	11.48	--	7	8036	买盘
09:43:27	11.48	--	4	4592	买盘
09:43:12	11.48	--	6	6888	卖盘
09:43:09	11.48	--	17	19516	卖盘
09:43:00	11.48	--	5	5740	卖盘
09:42:42	11.48	--	25	28700	卖盘
09:42:21	11.48	-0.02	289	331772	卖盘
09:42:18	11.5	--	16	18400	卖盘
09:42:15	11.5	--	6	6900	卖盘
09:42:06	11.5	-0.01	15	17250	卖盘
09:42:03	11.51	0.01	12	13812	买盘
09:42:00	11.5	-0.01	9	10350	卖盘
09:41:51	11.51	0.01	35	40285	买盘
09:41:48	11.5	--	2	2300	卖盘
09:41:33	11.5	--	4	4600	卖盘
09:41:30	11.5	--	8	9200	卖盘
09:41:27	11.5	--	5	5750	卖盘
09:41:24	11.5	--	5	5750	卖盘
09:41:21	11.5	--	11	12650	卖盘
09:41:15	11.5	--	30	34500	卖盘
09:41:12	11.5	--	12	13800	卖盘
09:41:06	11.5	--	125	143750	卖盘
09:41:03	11.5	--	5	5750	卖盘
09:40:57	11.5	--	4	4600	卖盘
09:40:48	11.5	--	10	11500	卖盘
09:40:45	11.5	-0.01	3	3450	卖盘
09:40:39	11.51	--	16	18416	买盘
09:40:30	11.51	0.01	1	1151	买盘
09:40:27	11.5	--	8	9200	卖盘
09:40:24	11.5	--	2	2300	卖盘
09:40:21	11.5	--	14	16100	卖盘
09:40:06	11.5	-0.01	1	1150	卖盘
09:39:54	11.51	--	13	14963	买盘
09:39:48	11.51	--	20	23020	买盘
09:39:39	11.51	--	2	2302	卖盘
09:39:36	11.51	--	5	5755	卖盘
09:39:33	11.51	--	10	11510	卖盘
09:39:27	11.51	--	5	5755	卖盘
09:39:24	11.51	--	4	4604	买盘
09:39:21	11.51	0.01	10	11510	买盘
09:39:18	11.5	-0.01	1	1150	卖盘
09:39:12	11.51	--	31	35681	卖盘
09:39:09	11.51	-0.01	10	11510	卖盘
09:39:06	11.52	0.01	1	1152	买盘
09:39:03	11.51	-0.01	15	17265	卖盘
09:38:51	11.52	--	20	23040	买盘
09:38:48	11.52	0.01	56	64512	买盘
09:38:33	11.51	--	50	57550	卖盘
09:38:27	11.51	--	5	5755	卖盘
09:38:24	11.51	0.01	154	177254	买盘
09:38:21	11.5	-0.01	87	100050	卖盘
09:38:18	11.51	--	50	57550	买盘
09:38:12	11.51	--	11	12661	买盘
09:38:09	11.51	--	18	20718	买盘
09:38:06	11.51	0.01	7	8057	买盘
09:38:03	11.5	-0.01	8	9200	卖盘
09:37:57	11.51	--	4	4604	买盘
09:37:45	11.51	--	13	14963	买盘
09:37:36	11.51	--	10	11510	买盘
09:37:33	11.51	--	29	33379	买盘
09:37:30	11.51	0.02	5	5755	买盘
09:37:24	11.49	-0.01	75	86175	卖盘
09:37:12	11.5	--	34	39100	买盘
09:37:09	11.5	0.01	5	5750	买盘
09:37:03	11.49	--	83	95367	买盘
09:37:00	11.49	0.01	119	136731	买盘
09:36:51	11.48	--	21	24108	卖盘
09:36:48	11.48	-0.01	5	5740	卖盘
09:36:42	11.49	0.01	119	136731	买盘
09:36:36	11.48	-0.01	10	11480	卖盘
09:36:33	11.49	--	207	237843	买盘
09:36:09	11.49	--	17	19533	买盘
09:35:54	11.49	--	5	5745	买盘
09:35:45	11.49	--	1	1149	买盘
09:35:36	11.49	--	20	22980	买盘
09:35:33	11.49	--	7	8043	买盘
09:35:30	11.49	0.01	8	9192	买盘
09:35:27	11.48	-0.01	3	3444	卖盘
09:35:24	11.49	0.01	10	11490	买盘
09:35:21	11.48	--	65	74620	卖盘
09:35:09	11.48	-0.01	4	4592	卖盘
09:35:06	11.49	--	2	2298	买盘
09:35:03	11.49	0.01	2	2298	买盘
09:34:39	11.48	0.01	9	10332	买盘
09:34:33	11.47	--	5	5735	卖盘
09:34:24	11.47	0.01	98	112406	买盘
09:34:18	11.46	-0.01	10	11460	卖盘
09:34:09	11.47	-0.02	2	2294	中性盘
09:34:03	11.49	--	10	11490	买盘
09:34:00	11.49	--	19	21831	买盘
09:33:48	11.49	--	14	16086	买盘
09:33:39	11.49	--	35	40215	卖盘
09:33:33	11.49	0.03	3	3447	买盘
09:33:30	11.46	--	20	22920	卖盘
09:33:27	11.46	--	24	27504	买盘
09:33:24	11.46	--	105	120330	买盘
09:33:21	11.46	0.01	10	11460	买盘
09:33:09	11.45	--	5	5725	卖盘
09:33:06	11.45	0.02	5	5725	中性盘
09:32:51	11.43	--	25	28575	卖盘
09:32:39	11.43	0.01	16	18288	买盘
09:32:30	11.42	--	10	11420	卖盘
09:32:27	11.42	--	41	46822	卖盘
09:31:54	11.42	-0.04	28	31976	卖盘
09:31:51	11.46	0.01	1	1146	买盘
09:31:36	11.45	0.03	8	9160	买盘
09:31:30	11.42	-0.03	10	11420	卖盘
09:31:24	11.45	0.03	8	9160	买盘
09:31:18	11.42	0.01	10	11420	买盘
09:31:12	11.41	--	28	32678	买盘
09:31:06	11.41	--	15	17525	卖盘
09:31:03	11.41	--	2	3012	卖盘
09:31:00	11.41	-0.01	10	11410	卖盘
09:30:57	11.42	--	2	2284	买盘
09:30:54	11.42	0.01	4	4568	买盘
09:30:51	11.41	-0.01	7	7987	卖盘
09:30:45	11.42	--	7	7994	买盘
09:30:42	11.42	--	6	6852	买盘
09:30:36	11.42	--	1	1142	卖盘
09:30:33	11.42	--	1	1142	卖盘
09:30:21	11.42	-0.02	12	13704	中性盘
09:30:03	11.44	-0.01	33	37752	中性盘
09:30:00	11.45	--	0	0	买盘
09:25:03	11.45	11.45	14	16029	买盘
