成交时间	成交价	价格变动	成交量(手)	成交额(元)	性质
15:00:03	16.15	0.24	14578	23543469	买盘
14:57:00	15.91	-0.15	28	44548	卖盘
14:56:57	16.06	0.15	2006	3221635	买盘
14:56:54	15.91	0.01	100	159100	买盘
14:56:51	15.9	-0.01	10	15900	卖盘
14:56:48	15.91	--	112	178192	买盘
14:56:45	15.91	--	30	47730	买盘
14:56:42	15.91	--	20	31820	买盘
14:56:39	15.91	0.01	35	55685	买盘
14:56:36	15.9	--	11	17490	卖盘
14:56:30	15.9	-0.01	6	9540	卖盘
14:56:24	15.91	--	5	7955	卖盘
14:56:21	15.91	0.01	10	15910	买盘
14:56:18	15.9	-0.02	62	98580	卖盘
14:56:15	15.92	0.01	6	9552	买盘
14:56:12	15.91	--	80	127280	卖盘
14:56:09	15.91	--	45	71595	卖盘
14:56:06	15.91	--	26	41366	买盘
14:56:03	15.91	0.01	20	31820	买盘
14:56:00	15.9	-0.01	25	39750	卖盘
14:55:57	15.91	0.01	26	41366	买盘
14:55:54	15.9	-0.01	8	14151	卖盘
14:55:51	15.91	0.01	14	22274	买盘
14:55:48	15.9	--	33	52470	卖盘
14:55:42	15.9	--	8	12720	卖盘
14:55:39	15.9	--	33	52470	卖盘
14:55:36	15.9	-0.01	40	63600	卖盘
14:55:33	15.91	0.01	69	109779	买盘
14:55:30	15.9	--	19	30210	卖盘
14:55:27	15.9	--	159	252810	卖盘
14:55:18	15.9	--	19	30210	卖盘
14:55:15	15.9	0.01	209	332310	买盘
14:55:12	15.89	--	14	22246	买盘
14:55:09	15.89	--	32	50848	买盘
14:55:06	15.89	--	338	537082	卖盘
14:55:03	15.89	0.01	342	543438	买盘
14:55:00	15.88	-0.01	173	274724	卖盘
14:54:57	15.89	--	4	6356	卖盘
14:54:54	15.89	--	21	33369	买盘
14:54:51	15.89	-0.01	31	49259	卖盘
14:54:48	15.9	0.02	1	1590	买盘
14:54:45	15.88	-0.01	11	17468	卖盘
14:54:42	15.89	-0.01	6	9534	卖盘
14:54:39	15.9	0.02	17	27030	买盘
14:54:36	15.88	--	102	161976	卖盘
14:54:33	15.88	-0.01	3	4764	卖盘
14:54:30	15.89	--	23	37341	卖盘
14:54:24	15.89	--	35	55615	卖盘
14:54:18	15.89	--	107	170817	买盘
14:54:15	15.89	--	23	36547	买盘
14:54:12	15.89	--	6	9534	买盘
14:54:09	15.89	--	104	165256	买盘
14:54:06	15.89	--	30	47670	买盘
14:54:03	15.89	--	46	73094	买盘
14:54:00	15.89	-0.01	7	11123	卖盘
14:53:54	15.9	--	10	15900	买盘
14:53:51	15.9	--	27	42930	买盘
14:53:48	15.9	0.01	38	60420	买盘
14:53:42	15.89	-0.01	2	3178	卖盘
14:53:39	15.9	--	1030	1637700	买盘
14:53:36	15.9	--	11	17490	买盘
14:53:33	15.9	--	90	144658	卖盘
14:53:30	15.9	--	105	166950	卖盘
14:53:27	15.9	--	52	82680	卖盘
14:53:21	15.9	-0.01	8	12720	卖盘
14:53:18	15.91	0.01	30	47730	中性盘
14:53:12	15.9	-0.01	501	796590	卖盘
14:53:03	15.91	--	8	12728	买盘
14:53:00	15.91	--	78	124098	买盘
14:52:57	15.91	--	9	14319	买盘
14:52:51	15.91	--	50	79550	买盘
14:52:48	15.91	0.01	6	9546	买盘
14:52:45	15.9	-0.01	105	166950	卖盘
14:52:42	15.91	--	2	3182	买盘
14:52:39	15.91	--	11	17501	买盘
14:52:36	15.91	--	14	22274	买盘
14:52:33	15.91	--	60	95460	买盘
14:52:30	15.91	--	200	318200	买盘
14:52:24	15.91	0.01	76	120916	买盘
14:52:18	15.9	--	5	7950	卖盘
14:52:15	15.9	-0.01	28	44520	卖盘
14:52:12	15.91	0.01	21	33411	买盘
14:52:09	15.9	--	20	31800	卖盘
14:52:06	15.9	-0.01	27	42930	卖盘
14:52:03	15.91	0.01	17	27047	买盘
14:52:00	15.9	--	8	12720	卖盘
14:51:57	15.9	--	68	108120	卖盘
14:51:51	15.9	--	3	4770	卖盘
14:51:48	15.9	--	19	30210	卖盘
14:51:45	15.9	--	20	31800	卖盘
14:51:39	15.9	--	52	82680	卖盘
14:51:36	15.9	-0.01	20	31800	卖盘
14:51:33	15.91	0.01	393	625263	买盘
14:51:27	15.9	-0.01	11	17490	卖盘
14:51:24	15.91	--	2	3182	买盘
14:51:21	15.91	--	13	20683	买盘
14:51:18	15.91	--	34	54094	卖盘
14:51:15	15.91	-0.01	26	41366	卖盘
14:51:12	15.92	0.01	21	33432	买盘
14:51:09	15.91	--	37	58867	卖盘
14:51:06	15.91	--	21	33411	卖盘
14:51:03	15.91	-0.01	2	3182	卖盘
14:51:00	15.92	--	11	17512	买盘
14:50:54	15.92	0.01	3	4776	买盘
14:50:51	15.91	-0.01	120	190920	卖盘
14:50:48	15.92	--	1	1592	买盘
14:50:42	15.92	0.02	50	79600	买盘
14:50:39	15.9	-0.01	60	95400	卖盘
14:50:36	15.91	-0.01	30	47730	中性盘
14:50:21	15.92	0.02	18	28656	买盘
14:50:18	15.9	-0.02	7	11130	卖盘
14:50:12	15.92	0.02	10	15920	买盘
14:50:09	15.9	--	15	23850	卖盘
14:50:03	15.9	--	6	9571	买盘
14:50:00	15.9	--	1	1590	买盘
14:49:57	15.9	-0.02	117	186793	卖盘
14:49:54	15.92	0.01	10	15920	买盘
14:49:48	15.91	0.01	25	40570	买盘
14:49:45	15.9	-0.01	448	712320	卖盘
14:49:42	15.91	--	12	19092	买盘
14:49:39	15.91	--	28	44548	买盘
14:49:36	15.91	--	4	6364	买盘
14:49:33	15.91	-0.01	151	240241	卖盘
14:49:30	15.92	--	102	162384	买盘
14:49:27	15.92	--	40	63680	买盘
14:49:24	15.92	0.01	5	7960	中性盘
14:49:21	15.91	--	68	108188	卖盘
14:49:15	15.91	-0.01	22	35002	卖盘
14:49:12	15.92	0.01	8	12736	买盘
14:49:09	15.91	-0.01	216	343656	卖盘
14:49:06	15.92	--	10	15920	买盘
14:49:03	15.92	-0.01	57	90744	卖盘
14:49:00	15.93	--	24	38232	买盘
14:48:57	15.93	--	30	47790	买盘
14:48:51	15.93	--	10	15930	买盘
14:48:48	15.93	0.01	25	39825	买盘
14:48:45	15.92	-0.01	115	183080	卖盘
14:48:42	15.93	--	8	12744	买盘
14:48:39	15.93	--	57	90801	卖盘
14:48:36	15.93	--	6	9558	卖盘
14:48:33	15.93	--	34	54162	卖盘
14:48:27	15.93	--	10	15930	卖盘
14:48:24	15.93	--	8	12744	卖盘
14:48:21	15.93	-0.01	15	23895	卖盘
14:48:18	15.94	0.03	1	1594	买盘
14:48:15	15.91	-0.03	33	52503	卖盘
14:48:12	15.94	0.03	3	4782	买盘
14:48:09	15.91	-0.02	31	49321	卖盘
14:48:06	15.93	0.02	18	28674	买盘
14:48:03	15.91	--	60	95460	卖盘
14:47:57	15.91	--	20	31820	卖盘
14:47:51	15.91	0.01	17	27047	买盘
14:47:48	15.9	-0.01	36	57271	卖盘
14:47:45	15.91	0.01	3	4773	买盘
14:47:39	15.9	--	99	157410	买盘
14:47:36	15.9	--	128	203520	买盘
14:47:33	15.9	0.01	1	1590	买盘
14:47:30	15.89	-0.01	19	30191	卖盘
14:47:27	15.9	--	17	27030	买盘
14:47:24	15.9	--	4	6360	买盘
14:47:18	15.9	--	3	4770	买盘
14:47:15	15.9	0.01	23	36570	买盘
14:47:12	15.89	0.01	10	15890	卖盘
14:47:06	15.88	-0.01	53	84164	卖盘
14:47:03	15.89	--	5	7945	买盘
14:47:00	15.89	--	10	15890	买盘
14:46:54	15.89	--	5	7945	买盘
14:46:51	15.89	0.01	30	47670	买盘
14:46:48	15.88	0.01	4	6352	卖盘
14:46:45	15.87	-0.01	100	158700	卖盘
14:46:42	15.88	--	110	174680	买盘
14:46:39	15.88	--	96	152448	买盘
14:46:36	15.88	--	50	79400	买盘
14:46:33	15.88	--	3	4764	买盘
14:46:30	15.88	--	128	203264	买盘
14:46:27	15.88	--	15	23820	买盘
14:46:24	15.88	--	90	142920	买盘
14:46:21	15.88	--	47	74636	买盘
14:46:18	15.88	--	2	3176	买盘
14:46:15	15.88	--	99	157212	买盘
14:46:09	15.88	--	51	80988	买盘
14:46:06	15.88	--	122	193736	卖盘
14:46:03	15.88	-0.01	34	53992	卖盘
14:46:00	15.89	0.01	144	228816	买盘
14:45:57	15.88	--	37	58756	卖盘
14:45:54	15.88	--	27	42876	卖盘
14:45:51	15.88	-0.01	152	241376	卖盘
14:45:48	15.89	--	11	17479	买盘
14:45:42	15.89	--	11	17479	卖盘
14:45:39	15.89	-0.01	115	182735	卖盘
14:45:36	15.9	--	34	54060	买盘
14:45:33	15.9	--	3	4770	买盘
14:45:30	15.9	--	152	242475	卖盘
14:45:27	15.9	-0.01	492	782280	卖盘
14:45:24	15.91	--	14	22274	买盘
14:45:21	15.91	--	62	98642	买盘
14:45:18	15.91	--	41	65231	买盘
14:45:15	15.91	--	20	31820	买盘
14:45:12	15.91	--	10	15910	买盘
14:45:09	15.91	--	49	77959	买盘
14:45:06	15.91	-0.01	29	46139	买盘
14:45:03	15.92	--	112	178304	买盘
14:45:00	15.92	0.01	10	15920	买盘
14:44:57	15.91	0.01	4	6364	中性盘
14:44:51	15.9	-0.02	60	95400	卖盘
14:44:48	15.92	0.02	18	28656	中性盘
14:44:45	15.9	-0.03	1053	1674270	卖盘
14:44:42	15.93	--	1	1593	买盘
14:44:39	15.93	0.01	1	1593	买盘
14:44:36	15.92	--	5	7960	卖盘
14:44:30	15.92	-0.02	10	15920	卖盘
14:44:27	15.94	0.01	1	1594	买盘
14:44:24	15.93	-0.01	10	15930	卖盘
14:44:15	15.94	0.01	4	6376	买盘
14:44:12	15.93	0.03	5	7965	中性盘
14:44:03	15.9	-0.03	747	1188525	卖盘
14:44:00	15.93	-0.01	59	93987	卖盘
14:43:57	15.94	0.01	5	7970	买盘
14:43:54	15.93	-0.01	7	11151	卖盘
14:43:48	15.94	--	148	235912	买盘
14:43:45	15.94	-0.01	22	35068	卖盘
14:43:42	15.95	0.02	5	7975	买盘
14:43:36	15.93	--	48	76464	卖盘
14:43:33	15.93	-0.02	7	11151	卖盘
14:43:30	15.95	0.01	25	39875	买盘
14:43:27	15.94	0.01	30	47820	买盘
14:43:24	15.93	-0.01	201	320193	卖盘
14:43:21	15.94	--	39	62166	买盘
14:43:18	15.94	--	18	28692	买盘
14:43:15	15.94	0.01	18	28692	买盘
14:43:12	15.93	-0.01	17	27081	卖盘
14:43:03	15.94	0.01	1	1594	中性盘
14:43:00	15.93	-0.01	13	20709	卖盘
14:42:57	15.94	0.01	3	4782	卖盘
14:42:51	15.93	-0.02	59	93987	卖盘
14:42:48	15.95	0.01	189	301455	买盘
14:42:45	15.94	--	22	35068	买盘
14:42:42	15.94	--	10	15940	卖盘
14:42:39	15.94	--	54	86076	卖盘
14:42:36	15.94	--	64	102016	卖盘
14:42:33	15.94	-0.01	30	47820	卖盘
14:42:30	15.95	--	53	84535	买盘
14:42:27	15.95	0.01	59	94105	卖盘
14:42:24	15.94	-0.02	96	153024	卖盘
14:42:21	15.96	0.01	1	1596	买盘
14:42:18	15.95	--	4	6380	卖盘
14:42:15	15.95	--	1	1595	卖盘
14:42:09	15.95	-0.01	70	111650	卖盘
14:42:06	15.96	--	5	7980	买盘
14:42:03	15.96	0.01	9	14364	买盘
14:41:57	15.95	-0.01	201	320595	卖盘
14:41:54	15.96	--	2	3192	卖盘
14:41:51	15.96	--	70	111720	卖盘
14:41:48	15.96	-0.01	30	47880	卖盘
14:41:42	15.97	0.01	1	1597	买盘
14:41:39	15.96	--	7	11172	买盘
14:41:36	15.96	--	7	11172	卖盘
14:41:33	15.96	--	40	63840	卖盘
14:41:27	15.96	-0.01	50	79800	卖盘
14:41:24	15.97	--	7	11179	买盘
14:41:21	15.97	0.01	5	7985	买盘
14:41:18	15.96	--	25	39900	卖盘
14:41:15	15.96	--	10	15960	卖盘
14:41:09	15.96	-0.01	15	23940	卖盘
14:41:00	15.97	--	5	7985	买盘
14:40:54	15.97	0.01	5	7985	买盘
14:40:51	15.96	--	1	1596	卖盘
14:40:48	15.96	-0.01	8	12768	卖盘
14:40:42	15.97	--	26	41522	买盘
14:40:39	15.97	0.01	15	23955	买盘
14:40:36	15.96	-0.01	160	255360	卖盘
14:40:30	15.97	--	7	11179	买盘
14:40:27	15.97	-0.01	5	7985	中性盘
14:40:03	15.98	0.01	5	7990	买盘
14:40:00	15.97	--	43	68671	卖盘
14:39:39	15.97	--	28	44716	买盘
14:39:33	15.97	--	56	89432	卖盘
14:39:27	15.97	--	4	6388	卖盘
14:39:21	15.97	-0.01	22	35134	卖盘
14:39:18	15.98	0.01	10	15980	买盘
14:39:06	15.97	--	11	17567	卖盘
14:39:03	15.97	--	8	12776	卖盘
14:38:54	15.97	--	13	20761	卖盘
14:38:51	15.97	-0.01	1	1597	卖盘
14:38:42	15.98	--	2	3196	买盘
14:38:39	15.98	--	1	1598	买盘
14:38:33	15.98	--	3	4794	卖盘
14:38:30	15.98	--	20	31960	卖盘
14:38:21	15.98	--	5	7990	卖盘
14:38:18	15.98	--	20	31960	卖盘
14:38:12	15.98	-0.01	12	19176	卖盘
14:37:51	15.99	--	23	36777	买盘
14:37:45	15.99	0.01	11	17589	买盘
14:37:36	15.98	0.01	8	12784	买盘
14:37:33	15.97	-0.01	16	25552	卖盘
14:37:30	15.98	0.01	3	4794	买盘
14:37:18	15.97	--	8	12776	卖盘
14:37:12	15.97	--	1	1597	买盘
14:37:09	15.97	0.01	215	343355	买盘
14:37:00	15.96	0.01	19	30324	买盘
14:36:57	15.95	-0.01	366	583770	卖盘
14:36:51	15.96	--	8	12768	买盘
14:36:48	15.96	--	3	4788	买盘
14:36:45	15.96	--	10	15960	买盘
14:36:42	15.96	--	1	1596	买盘
14:36:39	15.96	--	20	31920	买盘
14:36:33	15.96	0.01	1	1596	买盘
14:36:30	15.95	-0.01	28	44660	卖盘
14:36:27	15.96	0.01	4	6384	买盘
14:36:24	15.95	--	2	3190	卖盘
14:36:21	15.95	-0.01	26	41470	卖盘
14:36:18	15.96	--	1	1596	买盘
14:36:12	15.96	--	20	31920	买盘
14:36:09	15.96	0.01	23	36708	买盘
14:35:57	15.95	-0.01	3	4785	卖盘
14:35:51	15.96	--	19	30324	买盘
14:35:48	15.96	--	23	36708	买盘
14:35:45	15.96	--	7	11172	买盘
14:35:39	15.96	--	10	15960	买盘
14:35:36	15.96	--	13	20748	买盘
14:35:33	15.96	--	11	17556	买盘
14:35:30	15.96	0.01	21	33516	买盘
14:35:27	15.95	-0.01	1	1595	卖盘
14:35:24	15.96	0.01	16	25536	买盘
14:35:18	15.95	--	75	119625	卖盘
14:35:15	15.95	--	41	65395	买盘
14:35:12	15.95	0.01	20	31900	买盘
14:35:09	15.94	-0.01	46	73324	卖盘
14:35:06	15.95	--	215	342925	买盘
14:35:03	15.95	--	4	6380	买盘
14:35:00	15.95	--	6	9570	买盘
14:34:57	15.95	--	28	44660	买盘
14:34:54	15.95	-0.01	10	15950	中性盘
14:34:51	15.96	0.01	30	47880	买盘
14:34:45	15.95	-0.01	11	17545	卖盘
14:34:36	15.96	0.01	342	545832	买盘
14:34:33	15.95	--	57	90915	卖盘
14:34:24	15.95	--	2	3190	买盘
14:34:21	15.95	0.01	50	79750	买盘
14:34:15	15.94	-0.01	27	43038	卖盘
14:34:12	15.95	--	7	11165	买盘
14:34:09	15.95	-0.01	519	827805	卖盘
14:34:06	15.96	0.01	33	52668	买盘
14:34:03	15.95	--	15	23925	卖盘
14:34:00	15.95	-0.01	5	7975	卖盘
14:33:54	15.96	--	42	67032	卖盘
14:33:51	15.96	--	192	306432	卖盘
14:33:48	15.96	--	39	62244	卖盘
14:33:45	15.96	-0.01	23	36708	卖盘
14:33:39	15.97	0.01	1	1597	买盘
14:33:30	15.96	-0.01	54	86184	卖盘
14:33:27	15.97	--	10	15970	买盘
14:33:24	15.97	--	50	79850	买盘
14:33:18	15.97	--	16	27117	卖盘
14:33:15	15.97	--	3	4791	卖盘
14:33:12	15.97	--	5	7985	卖盘
14:33:09	15.97	-0.01	26	41522	卖盘
14:33:06	15.98	0.01	7	11186	买盘
14:33:03	15.97	--	66	105402	卖盘
14:33:00	15.97	-0.01	50	79850	卖盘
14:32:54	15.98	--	2	3196	买盘
14:32:51	15.98	--	65	103870	卖盘
14:32:48	15.98	--	5	7990	卖盘
14:32:45	15.98	--	50	79900	卖盘
14:32:39	15.98	--	369	589662	卖盘
14:32:27	15.98	-0.01	38	60724	卖盘
14:32:24	15.99	-0.01	66	106013	卖盘
14:32:21	16.0	0.01	10	16000	买盘
14:32:15	15.99	--	51	81549	卖盘
14:32:12	15.99	-0.01	19	30381	卖盘
14:32:09	16.0	0.01	2	3200	买盘
14:32:03	15.99	--	118	188682	卖盘
14:31:48	15.99	-0.01	1	1599	卖盘
14:31:39	16.0	0.01	26	41600	买盘
14:31:30	15.99	--	3	4797	卖盘
14:31:24	15.99	--	8	13911	买盘
14:31:21	15.99	--	36	58043	卖盘
14:31:18	15.99	--	4	7515	买盘
14:31:12	15.99	--	110	176369	卖盘
14:31:09	15.99	--	4	6396	卖盘
14:31:03	15.99	--	10	15990	卖盘
14:30:57	15.99	--	4	6396	卖盘
14:30:54	15.99	-0.01	2	3198	卖盘
14:30:45	16.0	0.01	10	16000	买盘
14:30:42	15.99	--	12	19188	卖盘
14:30:39	15.99	--	3	4797	卖盘
14:30:27	15.99	--	9	15510	买盘
14:30:24	15.99	0.01	6	9594	买盘
14:30:21	15.98	-0.01	1	1598	卖盘
14:30:18	15.99	--	10	15990	买盘
14:30:12	15.99	--	10	15990	买盘
14:30:09	15.99	--	45	72434	卖盘
14:30:03	15.99	-0.01	1	1599	卖盘
14:30:00	16.0	0.01	1	1600	买盘
14:29:54	15.99	-0.01	8	12792	卖盘
14:29:51	16.0	0.01	34	54400	买盘
14:29:42	15.99	--	76	121524	卖盘
14:29:39	15.99	--	50	79950	卖盘
14:29:18	15.99	--	19	30381	卖盘
14:29:15	15.99	--	4	7515	买盘
14:29:12	15.99	--	5	7995	买盘
14:29:06	15.99	--	4	6396	买盘
14:29:00	15.99	--	1	1599	买盘
14:28:54	15.99	--	18	28782	买盘
14:28:51	15.99	--	5	7995	买盘
14:28:48	15.99	0.01	5	7995	买盘
14:28:45	15.98	-0.01	8	12784	卖盘
14:28:39	15.99	--	24	38376	买盘
14:28:36	15.99	--	1	1599	买盘
14:28:33	15.99	--	56	90023	卖盘
14:28:12	15.99	--	5	9114	买盘
14:28:09	15.99	--	397	634803	买盘
14:28:00	15.99	--	76	122003	卖盘
14:27:57	15.99	-0.01	32	51168	卖盘
14:27:48	16.0	0.01	4	6400	买盘
14:27:45	15.99	-0.01	265	423735	卖盘
14:27:36	16.0	-0.02	4	6400	中性盘
14:27:33	16.02	0.01	885	1417770	买盘
14:27:21	16.01	-0.01	3	4803	卖盘
14:27:06	16.02	0.01	4	6408	买盘
14:27:03	16.01	--	82	131282	卖盘
14:26:51	16.01	-0.01	10	16010	卖盘
14:26:48	16.02	--	11	17622	买盘
14:26:42	16.02	--	4	6408	卖盘
14:26:30	16.02	--	1	1602	买盘
14:26:27	16.02	-0.01	2	3204	中性盘
14:26:21	16.03	0.02	15	24045	买盘
14:26:12	16.01	--	9	14409	卖盘
14:26:09	16.01	--	10	16010	卖盘
14:26:06	16.01	-0.02	55	88055	卖盘
14:26:00	16.03	0.02	30	48090	买盘
14:25:57	16.01	-0.01	1	1601	卖盘
14:25:54	16.02	--	28	44856	买盘
14:25:51	16.02	--	17	27234	卖盘
14:25:39	16.02	-0.01	12	19224	卖盘
14:25:33	16.03	0.01	14	22442	买盘
14:25:27	16.02	-0.01	46	73692	卖盘
14:25:21	16.03	0.01	3	4809	买盘
14:25:18	16.02	-0.01	107	171414	卖盘
14:25:12	16.03	--	16	25648	卖盘
14:25:06	16.03	--	8	12824	卖盘
14:25:00	16.03	--	13	20839	买盘
14:24:54	16.03	--	16	25648	卖盘
14:24:42	16.03	--	5	8015	卖盘
14:24:33	16.03	--	2	3206	卖盘
14:24:30	16.03	--	43	68929	卖盘
14:24:18	16.03	--	10	16030	卖盘
14:24:06	16.03	-0.01	36	57708	卖盘
14:24:00	16.04	--	1	1604	卖盘
14:23:54	16.04	0.01	92	147568	买盘
14:23:51	16.03	--	5	8015	卖盘
14:23:48	16.03	--	3	4809	卖盘
14:23:42	16.03	-0.01	191	306173	卖盘
14:23:39	16.04	0.01	1	1604	买盘
14:23:36	16.03	-0.01	14	22442	卖盘
14:23:30	16.04	--	16	25664	卖盘
14:23:18	16.04	--	76	121904	卖盘
14:23:15	16.04	--	7	11228	卖盘
14:23:06	16.04	--	5	8020	卖盘
14:23:00	16.04	-0.01	20	32080	卖盘
14:22:54	16.05	0.01	6	9630	买盘
14:22:45	16.04	-0.01	10	16040	卖盘
14:22:42	16.05	0.01	43	69015	买盘
14:22:39	16.04	--	8	12832	卖盘
14:22:33	16.04	-0.01	60	96240	卖盘
14:22:30	16.05	--	6	9630	买盘
14:22:27	16.05	0.01	5	8025	买盘
14:22:21	16.04	-0.01	150	240600	卖盘
14:22:18	16.05	0.01	3	4815	买盘
14:22:15	16.04	--	9	14436	卖盘
14:22:03	16.04	--	3	4812	卖盘
14:22:00	16.04	--	4	6416	买盘
14:21:54	16.04	--	3	4812	买盘
14:21:51	16.04	0.01	10	16040	买盘
14:21:48	16.03	-0.01	5	8015	卖盘
14:21:45	16.04	--	6	9624	买盘
14:21:42	16.04	--	5	8020	买盘
14:21:36	16.04	--	10	16040	买盘
14:21:30	16.04	--	21	33684	买盘
14:21:24	16.04	--	155	248620	买盘
14:21:21	16.04	--	20	32080	买盘
14:21:09	16.04	--	22	35288	买盘
14:21:06	16.04	--	13	20852	买盘
14:20:54	16.04	0.01	2	3208	买盘
14:20:39	16.03	-0.01	3	4809	卖盘
14:20:27	16.04	0.01	62	99448	买盘
14:19:57	16.03	--	9	14427	买盘
14:19:36	16.03	0.01	5	8015	买盘
14:19:33	16.02	-0.01	15	24030	卖盘
14:19:27	16.03	--	3	4809	买盘
14:19:24	16.03	--	6	9618	买盘
14:19:21	16.03	--	10	16030	买盘
14:19:00	16.03	0.01	9	14427	买盘
14:18:57	16.02	-0.01	2	3204	卖盘
14:18:54	16.03	0.01	10	16030	买盘
14:18:48	16.02	--	25	40050	买盘
14:18:45	16.02	0.01	10	16020	买盘
14:18:42	16.01	-0.01	25	40025	卖盘
14:18:39	16.02	--	155	248310	买盘
14:18:33	16.02	--	15	24030	买盘
14:18:21	16.02	--	20	32040	买盘
14:18:12	16.02	--	10	16020	买盘
14:18:09	16.02	--	5	8010	买盘
14:18:06	16.02	--	1	1602	买盘
14:18:03	16.02	--	12	19224	买盘
14:17:57	16.02	--	9	14418	买盘
14:17:45	16.02	--	115	184230	买盘
14:17:42	16.02	0.01	39	62478	买盘
14:17:39	16.01	--	91	145691	卖盘
14:17:30	16.01	-0.01	31	49631	卖盘
14:17:21	16.02	0.01	5	8010	买盘
14:17:15	16.01	--	13	20813	卖盘
14:17:03	16.01	0.01	3	4803	买盘
14:17:00	16.0	-0.01	2	3200	卖盘
14:16:57	16.01	--	10	16010	买盘
14:16:54	16.01	--	53	84853	买盘
14:16:51	16.01	0.01	20	32020	买盘
14:16:45	16.0	-0.01	2	3200	卖盘
14:16:42	16.01	--	30	48030	买盘
14:16:36	16.01	0.01	8	12808	买盘
14:16:27	16.0	-0.01	2	3200	卖盘
14:16:24	16.01	--	1	1601	买盘
14:16:21	16.01	--	28	44828	买盘
14:16:15	16.01	--	19	30419	买盘
14:16:09	16.01	--	10	16010	买盘
14:16:06	16.01	--	10	16010	买盘
14:16:03	16.01	--	1	1601	买盘
14:15:51	16.01	--	10	16010	买盘
14:15:48	16.01	--	5	8005	买盘
14:15:45	16.01	--	2	3202	买盘
14:15:42	16.01	0.01	13	20813	买盘
14:15:27	16.0	--	16	25600	卖盘
14:15:18	16.0	--	3	4800	卖盘
14:15:15	16.0	--	8	13920	买盘
14:15:12	16.0	--	1	1600	买盘
14:15:09	16.0	--	0	480	卖盘
14:15:03	16.0	--	22	36320	买盘
14:15:00	16.0	--	100	160000	买盘
14:14:57	16.0	--	101	161600	买盘
14:14:48	16.0	--	24	38400	买盘
14:14:45	16.0	--	3	4800	买盘
14:14:42	16.0	--	17	27200	买盘
14:14:39	16.0	--	23	36800	买盘
14:14:33	16.0	0.01	47	75200	买盘
14:14:30	15.99	-0.01	3	4797	卖盘
14:14:27	16.0	0.01	3	4800	买盘
14:14:24	15.99	-0.01	33	52767	卖盘
14:14:21	16.0	--	2	3200	买盘
14:14:15	16.0	--	3	4800	买盘
14:14:12	16.0	--	7	11200	买盘
14:14:09	16.0	--	27	43200	买盘
14:14:06	16.0	--	1	1600	买盘
14:14:03	16.0	--	1	1600	买盘
14:14:00	16.0	--	12	19200	买盘
14:13:42	16.0	--	20	32000	买盘
14:13:36	16.0	--	33	52800	买盘
14:13:33	16.0	0.01	12	19200	买盘
14:13:27	15.99	-0.01	2	3198	卖盘
14:13:21	16.0	--	3	4800	买盘
14:13:18	16.0	0.01	10	16000	买盘
14:13:15	15.99	-0.01	50	79950	卖盘
14:13:12	16.0	0.01	16	25600	买盘
14:13:09	15.99	--	6	9594	卖盘
14:13:06	15.99	-0.01	9	14391	卖盘
14:13:03	16.0	0.01	13	20800	买盘
14:12:57	15.99	-0.01	75	119925	卖盘
14:12:54	16.0	--	10	16000	买盘
14:12:51	16.0	--	3	4800	买盘
14:12:45	16.0	--	10	16000	买盘
14:12:39	16.0	--	29	46400	买盘
14:12:36	16.0	0.01	10	16000	买盘
14:12:30	15.99	--	6	9594	卖盘
14:12:18	15.99	--	8	12792	卖盘
14:12:15	15.99	--	1	1599	卖盘
14:11:57	15.99	--	13	20787	卖盘
14:11:54	15.99	-0.01	9	14391	卖盘
14:11:51	16.0	--	5	8000	买盘
14:11:45	16.0	0.02	10	16000	买盘
14:11:42	15.98	-0.02	25	39950	卖盘
14:11:36	16.0	0.02	26	41600	买盘
14:11:33	15.98	-0.01	50	79900	卖盘
14:11:27	15.99	-0.01	45	71955	卖盘
14:11:24	16.0	0.01	5	8000	买盘
14:11:21	15.99	--	21	33579	买盘
14:11:15	15.99	--	33	52767	卖盘
14:11:06	15.99	--	1	1599	卖盘
14:10:57	15.99	--	29	46371	卖盘
14:10:51	15.99	-0.01	53	84747	卖盘
14:10:48	16.0	--	3	4800	买盘
14:10:42	16.0	0.01	2	3200	买盘
14:10:36	15.99	-0.01	43	68757	卖盘
14:10:30	16.0	0.01	7	11200	买盘
14:10:24	15.99	-0.01	31	49569	卖盘
14:10:21	16.0	0.01	9	14400	买盘
14:10:18	15.99	-0.01	20	31980	卖盘
14:10:15	16.0	--	2	3200	买盘
14:10:12	16.0	--	27	43200	买盘
14:10:03	16.0	--	3	4800	买盘
14:09:54	16.0	--	40	64000	买盘
14:09:48	16.0	-0.01	466	745600	卖盘
14:09:45	16.01	--	20	32020	买盘
14:09:42	16.01	--	3	4803	买盘
14:09:36	16.01	--	10	16010	买盘
14:09:30	16.01	--	94	150494	买盘
14:09:27	16.01	--	31	49631	买盘
14:09:21	16.01	--	96	153696	买盘
14:09:18	16.01	--	5	8005	买盘
14:09:15	16.01	--	1	1601	买盘
14:09:12	16.01	--	16	25616	买盘
14:09:09	16.01	--	10	16010	买盘
14:09:06	16.01	0.01	1	1601	买盘
14:09:03	16.0	-0.01	106	169600	卖盘
14:08:57	16.01	--	5	8005	买盘
14:08:51	16.01	--	3	4803	买盘
14:08:48	16.01	--	46	73646	买盘
14:08:30	16.01	--	28	44828	买盘
14:08:21	16.01	--	1	1601	买盘
14:08:18	16.01	0.01	10	16010	买盘
14:08:15	16.0	--	10	16000	卖盘
14:08:12	16.0	-0.01	15	24000	卖盘
14:08:09	16.01	--	30	48030	买盘
14:08:06	16.01	0.01	34	54434	买盘
14:08:03	16.0	-0.01	41	65600	卖盘
14:07:57	16.01	0.01	10	16010	买盘
14:07:48	16.0	-0.01	5	8000	卖盘
14:07:45	16.01	--	68	108868	买盘
14:07:39	16.01	0.01	6	9606	买盘
14:07:30	16.0	--	10	16000	卖盘
14:07:27	16.0	-0.01	4	6400	卖盘
14:07:24	16.01	--	15	24015	买盘
14:07:21	16.01	--	10	16010	买盘
14:07:18	16.01	--	1	1601	买盘
14:07:09	16.01	0.01	65	104065	买盘
14:07:06	16.0	-0.01	9	14400	卖盘
14:07:03	16.01	--	1	1601	买盘
14:06:57	16.01	0.01	10	16010	买盘
14:06:54	16.0	--	20	32000	卖盘
14:06:51	16.0	--	1	1600	卖盘
14:06:42	16.0	-0.01	20	32000	卖盘
14:06:36	16.01	0.01	18	28818	买盘
14:06:33	16.0	-0.01	1	1600	卖盘
14:06:27	16.01	0.01	2	3202	买盘
14:06:24	16.0	--	320	512000	卖盘
14:06:21	16.0	--	5	8000	卖盘
14:06:09	16.0	-0.01	10	16000	卖盘
14:06:06	16.01	0.01	280	448280	买盘
14:06:03	16.0	--	20	32000	卖盘
14:06:00	16.0	--	5	8000	卖盘
14:05:51	16.0	--	10	16000	卖盘
14:05:42	16.0	--	10	16000	卖盘
14:05:33	16.0	--	33	52800	卖盘
14:05:30	16.0	--	4	6400	卖盘
14:05:24	16.0	--	500	800000	卖盘
14:05:21	16.0	-0.01	5	8000	卖盘
14:05:15	16.01	--	5	8005	买盘
14:05:03	16.01	0.01	1	1601	买盘
14:04:48	16.0	-0.01	4	6400	卖盘
14:04:42	16.01	--	2	3202	买盘
14:04:39	16.01	0.01	41	65641	买盘
14:04:30	16.0	--	12	19200	卖盘
14:04:21	16.0	-0.01	494	790400	卖盘
14:04:15	16.01	--	13	20813	买盘
14:04:12	16.01	0.01	10	16010	买盘
14:04:09	16.0	-0.02	3	4800	卖盘
14:04:03	16.02	0.01	8	12816	买盘
14:03:57	16.01	--	12	19212	卖盘
14:03:45	16.01	--	22	35222	卖盘
14:03:42	16.01	--	1	1601	卖盘
14:03:39	16.01	--	10	16010	卖盘
14:03:33	16.01	-0.01	57	91257	卖盘
14:03:30	16.02	0.01	12	19224	买盘
14:03:27	16.01	--	2	3202	卖盘
14:03:21	16.01	-0.01	53	84853	卖盘
14:03:12	16.02	0.01	203	325206	买盘
14:03:09	16.01	--	217	347417	卖盘
14:03:06	16.01	--	36	57636	卖盘
14:03:00	16.01	-0.01	6	9606	卖盘
14:02:51	16.02	--	2	3204	买盘
14:02:45	16.02	--	5	8010	买盘
14:02:42	16.02	0.01	3	4806	买盘
14:02:39	16.01	-0.01	11	17611	卖盘
14:02:30	16.02	--	2	3204	买盘
14:02:27	16.02	--	36	57672	买盘
14:02:12	16.02	--	25	40050	买盘
14:02:09	16.02	--	10	16020	买盘
14:02:06	16.02	--	6	9612	买盘
14:02:00	16.02	0.01	1	1602	买盘
14:01:57	16.01	-0.01	31	49631	卖盘
14:01:51	16.02	0.01	15	24030	买盘
14:01:45	16.01	--	32	51232	卖盘
14:01:39	16.01	--	47	75247	卖盘
14:01:36	16.01	--	1	1601	卖盘
14:01:21	16.01	--	5	8005	卖盘
14:01:15	16.01	--	20	32020	卖盘
14:01:09	16.01	--	3	4803	卖盘
14:01:03	16.01	--	50	80050	卖盘
14:00:51	16.01	--	31	49631	卖盘
14:00:48	16.01	--	13	20813	卖盘
14:00:39	16.01	-0.01	18	28818	卖盘
14:00:36	16.02	--	6	9612	买盘
14:00:30	16.02	--	154	246708	买盘
14:00:21	16.02	--	20	32040	买盘
14:00:09	16.02	--	14	22428	买盘
14:00:03	16.02	--	20	32040	买盘
14:00:00	16.02	-0.01	154	246708	卖盘
13:59:54	16.03	--	5	8015	买盘
13:59:36	16.03	--	18	28854	卖盘
13:59:30	16.03	-0.01	7	11221	卖盘
13:59:21	16.04	0.01	10	16040	买盘
13:59:12	16.03	-0.01	105	168315	卖盘
13:58:51	16.04	0.01	8	12832	买盘
13:58:39	16.03	--	1	1603	卖盘
13:58:36	16.03	--	5	8015	卖盘
13:58:09	16.03	--	255	408765	买盘
13:57:48	16.03	0.01	6	9618	买盘
13:57:30	16.02	-0.01	27	43254	卖盘
13:57:12	16.03	0.01	2	3206	买盘
13:57:06	16.02	--	10	16020	卖盘
13:57:00	16.02	--	2	3204	卖盘
13:56:51	16.02	--	1	1602	卖盘
13:56:45	16.02	--	5	8010	卖盘
13:56:42	16.02	--	6	9612	卖盘
13:56:36	16.02	-0.01	2	3204	卖盘
13:56:15	16.03	0.01	10	16030	买盘
13:55:54	16.02	--	10	16020	卖盘
13:55:51	16.02	-0.01	64	102528	卖盘
13:55:48	16.03	0.01	1	1603	买盘
13:55:45	16.02	--	2	3204	卖盘
13:55:33	16.02	--	24	38448	买盘
13:55:30	16.02	0.01	6	9612	买盘
13:55:24	16.01	--	28	44828	卖盘
13:55:15	16.01	--	304	486704	卖盘
13:55:03	16.01	-0.02	2	3202	卖盘
13:55:00	16.03	0.01	1	1603	买盘
13:54:54	16.02	--	1	1602	卖盘
13:54:51	16.02	-0.01	4	6408	卖盘
13:54:45	16.03	0.01	1	1603	买盘
13:54:39	16.02	--	85	136170	买盘
13:54:36	16.02	-0.01	66	105732	卖盘
13:54:30	16.03	0.01	1	1603	买盘
13:54:27	16.02	-0.01	46	73692	卖盘
13:54:24	16.03	0.01	5	8015	买盘
13:54:18	16.02	-0.01	276	442152	卖盘
13:54:15	16.03	--	5	8015	买盘
13:54:09	16.03	--	10	16030	买盘
13:54:00	16.03	--	10	16030	买盘
13:53:51	16.03	0.01	1	1603	买盘
13:53:48	16.02	--	15	24030	卖盘
13:53:39	16.02	--	70	112140	卖盘
13:53:30	16.02	--	12	19224	卖盘
13:53:24	16.02	-0.01	9	14418	卖盘
13:53:15	16.03	--	14	22442	买盘
13:53:12	16.03	--	209	335027	卖盘
13:53:09	16.03	--	59	94577	卖盘
13:53:06	16.03	-0.01	22	35266	卖盘
13:53:03	16.04	--	100	160400	买盘
13:52:57	16.04	0.01	51	81804	买盘
13:52:54	16.03	-0.01	2	3206	卖盘
13:52:48	16.04	--	3	4812	买盘
13:52:39	16.04	--	1	1604	买盘
13:52:30	16.04	0.01	2	3208	买盘
13:52:18	16.03	-0.01	10	16030	卖盘
13:52:09	16.04	--	7	11228	买盘
13:52:00	16.04	0.01	8	12832	买盘
13:51:36	16.03	0.01	20	32060	中性盘
13:51:27	16.02	-0.02	100	160200	卖盘
13:51:21	16.04	0.02	2	3208	买盘
13:51:12	16.02	-0.02	10	16020	卖盘
13:50:48	16.04	--	10	16040	买盘
13:50:39	16.04	--	107	171628	买盘
13:50:33	16.04	--	1	1604	买盘
13:50:24	16.04	--	3	4812	买盘
13:50:18	16.04	--	3	4812	买盘
13:50:15	16.04	--	20	32080	买盘
13:50:12	16.04	--	10	16040	买盘
13:50:09	16.04	--	10	16040	买盘
13:50:06	16.04	--	7	11228	买盘
13:50:03	16.04	--	10	16040	买盘
13:49:54	16.04	0.03	165	264660	买盘
13:49:45	16.01	-0.01	161	258289	卖盘
13:49:42	16.02	--	8	12816	买盘
13:49:30	16.02	--	14	22428	买盘
13:49:21	16.02	-0.02	341	547355	卖盘
13:49:03	16.04	--	1	1604	卖盘
13:49:00	16.04	0.03	45	72709	买盘
13:48:21	16.01	-0.01	50	80050	卖盘
13:48:15	16.02	0.01	63	100926	中性盘
13:47:57	16.01	-0.02	21	33621	卖盘
13:47:54	16.03	-0.02	10	16030	卖盘
13:47:48	16.05	0.04	8	12840	买盘
13:47:33	16.01	-0.03	534	855734	卖盘
13:47:30	16.04	-0.01	4	6416	卖盘
13:47:27	16.05	--	10	16050	买盘
13:47:24	16.05	0.01	10	16050	买盘
13:47:00	16.04	--	12	19248	卖盘
13:46:36	16.04	--	79	126716	卖盘
13:46:33	16.04	0.01	61	98806	买盘
13:46:27	16.03	--	1	1603	卖盘
13:46:21	16.03	-0.01	8	12824	卖盘
13:46:09	16.04	--	15	24060	买盘
13:46:03	16.04	--	17	27268	买盘
13:45:51	16.04	0.01	6	9624	买盘
13:45:42	16.03	-0.01	12	19236	卖盘
13:45:27	16.04	--	1	1604	买盘
13:45:15	16.04	--	1	1604	买盘
13:45:12	16.04	0.01	8	12832	买盘
13:44:57	16.03	0.01	23	36869	买盘
13:44:42	16.02	-0.01	23	36846	卖盘
13:44:39	16.03	--	11	17633	买盘
13:44:36	16.03	0.01	5	8015	买盘
13:44:21	16.02	--	1	1602	卖盘
13:44:12	16.02	-0.01	40	64080	卖盘
13:44:09	16.03	--	1	1603	买盘
13:44:06	16.03	0.01	2	3206	买盘
13:44:00	16.02	--	1	1602	卖盘
13:43:54	16.02	--	14	22428	买盘
13:43:42	16.02	0.01	2	3204	中性盘
13:43:33	16.01	-0.01	63	100863	卖盘
13:43:30	16.02	--	31	49662	买盘
13:43:24	16.02	--	8	12816	买盘
13:43:21	16.02	--	5	8010	买盘
13:43:12	16.02	--	27	43254	买盘
13:43:00	16.02	--	7	11214	买盘
13:42:57	16.02	-0.01	19	30438	卖盘
13:42:54	16.03	0.01	10	16030	买盘
13:42:51	16.02	-0.01	70	112140	卖盘
13:42:45	16.03	--	26	41678	买盘
13:42:30	16.03	-0.01	137	219611	卖盘
13:42:21	16.04	--	29	46516	买盘
13:42:18	16.04	--	10	16040	买盘
13:42:03	16.04	0.01	2	3208	买盘
13:41:51	16.03	-0.01	7	11221	卖盘
13:41:48	16.04	--	3	4812	买盘
13:41:45	16.04	--	1	1604	买盘
13:41:39	16.04	--	11	17644	买盘
13:41:33	16.04	--	12	19248	买盘
13:41:30	16.04	--	31	50365	卖盘
13:41:21	16.04	--	1	1604	卖盘
13:41:03	16.04	--	4	6416	卖盘
13:40:54	16.04	--	19	31438	买盘
13:40:36	16.04	--	7	11228	买盘
13:40:24	16.04	--	15	24060	卖盘
13:40:12	16.04	0.01	7	11228	买盘
13:40:09	16.03	-0.01	48	76944	卖盘
13:39:42	16.04	-0.01	13	20852	卖盘
13:39:39	16.05	0.01	5	8025	买盘
13:39:24	16.04	--	1	1604	卖盘
13:39:21	16.04	--	14	22456	买盘
13:39:18	16.04	0.01	2	3208	买盘
13:39:12	16.03	--	2	3206	卖盘
13:38:54	16.03	--	3	4809	买盘
13:38:45	16.03	0.02	10	16030	买盘
13:38:42	16.01	--	14	22414	卖盘
13:38:33	16.01	-0.02	53	84853	卖盘
13:38:30	16.03	0.02	10	16030	买盘
13:38:27	16.01	-0.01	75	120075	卖盘
13:38:24	16.02	0.01	19	30438	买盘
13:38:21	16.01	-0.01	158	252958	卖盘
13:38:18	16.02	--	30	48060	买盘
13:38:15	16.02	0.01	13	20826	买盘
13:38:12	16.01	-0.01	13	20813	卖盘
13:38:09	16.02	--	11	17622	卖盘
13:38:03	16.02	0.01	4	6408	卖盘
13:37:57	16.01	-0.01	159	254559	卖盘
13:37:54	16.02	0.01	12	19224	买盘
13:37:45	16.01	--	16	26416	卖盘
13:37:39	16.01	--	24	38424	卖盘
13:37:30	16.01	--	52	83252	卖盘
13:37:21	16.01	--	102	163302	卖盘
13:37:15	16.01	--	38	60838	卖盘
13:37:09	16.01	--	5	8005	卖盘
13:37:06	16.01	--	162	259362	卖盘
13:36:57	16.01	-0.01	39	62439	卖盘
13:36:51	16.02	-0.01	63	100926	卖盘
13:36:48	16.03	0.01	11	17633	买盘
13:36:45	16.02	--	100	160200	卖盘
13:36:42	16.02	-0.01	243	389286	卖盘
13:36:39	16.03	--	1	1603	买盘
13:36:36	16.03	--	2	3206	卖盘
13:36:33	16.03	--	7	11221	卖盘
13:36:24	16.03	--	27	43281	卖盘
13:36:18	16.03	-0.01	58	92974	卖盘
13:36:15	16.04	--	50	80200	卖盘
13:36:09	16.04	--	115	184460	卖盘
13:36:06	16.04	--	21	33684	卖盘
13:36:03	16.04	--	60	96240	卖盘
13:35:48	16.04	--	6	9624	卖盘
13:35:42	16.04	-0.01	7	11228	卖盘
13:35:39	16.05	--	1	1605	买盘
13:35:30	16.05	--	124	199501	卖盘
13:35:27	16.05	-0.01	8	12840	卖盘
13:35:12	16.06	--	3	4818	买盘
13:34:51	16.06	0.01	5	8029	买盘
13:34:36	16.05	--	77	123585	卖盘
13:34:30	16.05	-0.02	60	96300	卖盘
13:34:21	16.07	0.02	10	16070	买盘
13:34:03	16.05	--	5	8025	卖盘
13:33:57	16.05	-0.01	28	44940	卖盘
13:33:54	16.06	0.01	5	8029	买盘
13:33:51	16.05	--	223	358637	卖盘
13:33:45	16.05	--	5	8025	卖盘
13:33:39	16.05	--	5	8025	卖盘
13:33:36	16.05	-0.01	50	80250	卖盘
13:33:24	16.06	0.01	5	8029	买盘
13:33:18	16.05	-0.01	2	3210	卖盘
13:33:09	16.06	--	1	1605	买盘
13:33:06	16.06	0.01	2	3211	买盘
13:33:00	16.05	--	67	107535	卖盘
13:32:51	16.05	-0.01	10	16050	卖盘
13:32:42	16.06	--	68	109207	买盘
13:32:36	16.06	-0.01	40	65123	卖盘
13:32:33	16.07	--	10	16070	买盘
13:32:30	16.07	--	4	6428	买盘
13:32:27	16.07	--	8	12856	买盘
13:32:24	16.07	--	1	1607	买盘
13:32:18	16.07	--	10	16070	买盘
13:32:12	16.07	0.01	9	14463	买盘
13:32:09	16.06	--	5	8029	卖盘
13:32:03	16.06	-0.01	17	28024	卖盘
13:31:57	16.07	0.01	10	16070	买盘
13:31:51	16.06	--	60	96359	卖盘
13:31:36	16.06	--	17	27301	卖盘
13:31:21	16.06	--	4	6423	卖盘
13:31:09	16.06	--	25	40150	卖盘
13:31:00	16.06	--	8	12847	卖盘
13:30:51	16.06	--	1	1605	卖盘
13:30:24	16.06	-0.01	1	1605	卖盘
13:30:21	16.07	0.01	9	14463	买盘
13:30:09	16.06	--	28	44968	卖盘
13:30:06	16.06	--	7	11242	卖盘
13:29:45	16.06	--	41	65846	卖盘
13:29:39	16.06	--	3	4818	卖盘
13:29:33	16.06	--	7	11242	卖盘
13:29:12	16.06	--	4	6423	卖盘
13:29:03	16.06	--	1	1605	卖盘
13:29:00	16.06	-0.01	10	16059	卖盘
13:28:51	16.07	0.01	18	28926	买盘
13:28:45	16.06	--	5	8029	卖盘
13:28:42	16.06	--	5	8029	卖盘
13:28:39	16.06	--	3	4818	卖盘
13:28:24	16.06	--	1	1605	卖盘
13:28:18	16.06	--	13	20878	卖盘
13:28:15	16.06	--	25	40150	卖盘
13:28:06	16.06	-0.01	2	3211	卖盘
13:28:03	16.07	--	3	4821	买盘
13:28:00	16.07	0.02	12	19284	买盘
13:27:54	16.05	-0.01	30	48150	卖盘
13:27:33	16.06	--	117	188303	买盘
13:27:24	16.06	--	21	33726	买盘
13:27:15	16.06	--	10	16059	买盘
13:27:00	16.06	0.01	3	4818	买盘
13:26:57	16.05	-0.01	1	1605	卖盘
13:26:42	16.06	--	11	17666	买盘
13:26:39	16.06	--	10	16059	买盘
13:26:36	16.06	--	81	131290	卖盘
13:26:18	16.06	-0.02	29	46573	卖盘
13:25:42	16.08	0.02	3	4823	买盘
13:25:30	16.06	--	2	3211	卖盘
13:25:00	16.06	--	2	3211	卖盘
13:24:42	16.06	--	4	6423	卖盘
13:24:39	16.06	-0.02	1	1605	卖盘
13:24:27	16.08	--	6	9647	买盘
13:24:03	16.08	0.01	28	45023	买盘
13:23:57	16.07	-0.01	6	9642	卖盘
13:23:54	16.08	0.01	59	94871	买盘
13:23:42	16.07	0.01	4	6428	买盘
13:23:18	16.06	--	5	8029	卖盘
13:23:06	16.06	--	3	4818	卖盘
13:23:03	16.06	0.01	0	401	买盘
13:23:00	16.05	-0.01	12	19260	卖盘
13:22:54	16.06	0.01	1	1605	买盘
13:22:51	16.05	-0.01	26	41730	卖盘
13:22:48	16.06	--	0	1204	卖盘
13:22:45	16.06	0.01	4	6825	买盘
13:22:42	16.05	-0.01	39	62595	卖盘
13:22:39	16.06	0.01	10	16059	买盘
13:22:33	16.05	-0.01	30	48150	卖盘
13:22:30	16.06	--	5	8029	买盘
13:22:24	16.06	0.01	20	32119	买盘
13:22:18	16.05	--	11	18457	卖盘
13:22:12	16.05	-0.01	17	27285	卖盘
13:22:03	16.06	0.01	4	6423	买盘
13:21:57	16.05	-0.01	100	160500	卖盘
13:21:51	16.06	--	3	4818	买盘
13:21:33	16.06	--	2	3211	买盘
13:21:18	16.06	--	7	11242	买盘
13:21:03	16.06	--	5	8029	买盘
13:21:00	16.06	0.01	3	4818	买盘
13:20:57	16.05	--	50	80250	卖盘
13:20:54	16.05	--	1	1605	卖盘
13:20:48	16.05	-0.01	13	20865	卖盘
13:20:39	16.06	--	1	1605	买盘
13:20:33	16.06	0.01	24	38544	买盘
13:20:18	16.05	-0.01	14	22470	卖盘
13:20:15	16.06	0.01	2	3211	买盘
13:19:57	16.05	--	2	3210	卖盘
13:19:42	16.05	-0.01	3	4815	卖盘
13:19:39	16.06	--	1	1605	买盘
13:19:33	16.06	0.01	3	4818	买盘
13:19:30	16.05	-0.01	8	12840	卖盘
13:19:24	16.06	0.01	6	9636	买盘
13:18:57	16.05	-0.01	6	9630	卖盘
13:18:54	16.06	--	55	88330	买盘
13:18:51	16.06	0.01	13	20878	买盘
13:18:42	16.05	-0.01	43	69817	卖盘
13:18:39	16.06	--	9	14453	买盘
13:18:30	16.06	--	7	11242	买盘
13:18:18	16.06	--	4	6423	买盘
13:18:09	16.06	0.01	20	32119	买盘
13:18:03	16.05	-0.01	11	17655	卖盘
13:17:48	16.06	-0.02	82	132896	卖盘
13:17:27	16.08	--	1	1607	买盘
13:17:24	16.08	--	19	30551	卖盘
13:17:09	16.08	0.02	6	9647	买盘
13:17:06	16.06	-0.02	100	160600	卖盘
13:16:42	16.08	-0.01	3	4823	中性盘
13:15:54	16.09	--	7	11263	买盘
13:15:48	16.09	--	3	4827	买盘
13:15:36	16.09	0.02	5	8045	买盘
13:15:30	16.07	--	15	24105	买盘
13:15:27	16.07	--	5	8035	买盘
13:15:21	16.07	-0.02	70	112490	卖盘
13:15:12	16.09	--	9	14481	买盘
13:15:09	16.09	0.02	3	4827	买盘
13:15:06	16.07	--	1	1607	买盘
13:15:00	16.07	-0.02	15	24105	卖盘
13:14:57	16.09	--	20	32180	买盘
13:14:48	16.09	0.02	1	1609	买盘
13:14:39	16.07	--	7	11249	买盘
13:14:33	16.07	-0.02	2	3214	卖盘
13:14:24	16.09	0.03	29	46661	买盘
13:14:21	16.06	-0.01	20	32119	卖盘
13:14:18	16.07	-0.02	17	27319	卖盘
13:14:12	16.09	--	33	53097	买盘
13:14:03	16.09	0.02	2	3218	买盘
13:13:54	16.07	--	5	8035	卖盘
13:13:48	16.07	0.01	2	3214	中性盘
13:13:30	16.06	--	99	158994	卖盘
13:13:21	16.06	-0.03	79	126873	卖盘
13:13:15	16.09	0.02	17	27353	买盘
13:12:36	16.07	-0.01	5	8035	买盘
13:12:15	16.08	0.02	3	4823	买盘
13:12:09	16.06	-0.01	32	51391	卖盘
13:12:00	16.07	--	16	26515	买盘
13:11:51	16.07	--	2	3214	买盘
13:11:39	16.07	0.01	27	43389	买盘
13:11:12	16.06	-0.01	30	48179	卖盘
13:11:06	16.07	--	1	1607	买盘
13:11:03	16.07	--	3	4821	买盘
13:11:00	16.07	0.01	7	11249	买盘
13:10:57	16.06	-0.01	4	6423	卖盘
13:10:39	16.07	0.01	11	17677	买盘
13:10:33	16.06	--	20	32119	卖盘
13:10:24	16.06	--	1	1605	卖盘
13:10:18	16.06	-0.01	15	24089	卖盘
13:10:06	16.07	--	3	4821	买盘
13:09:48	16.07	--	20	32140	买盘
13:09:45	16.07	--	5	8035	买盘
13:09:39	16.07	--	33	53031	买盘
13:09:21	16.07	--	20	32140	卖盘
13:09:09	16.07	--	72	115704	卖盘
13:09:00	16.07	--	3	4821	卖盘
13:08:54	16.07	--	48	77136	买盘
13:08:39	16.07	--	10	16070	买盘
13:08:30	16.07	--	8	12856	买盘
13:08:15	16.07	-0.03	9	14463	卖盘
13:08:03	16.1	0.03	6	9660	买盘
13:08:00	16.07	-0.03	1	1607	卖盘
13:07:24	16.1	--	4	6440	买盘
13:07:18	16.1	0.01	50	80500	买盘
13:07:03	16.09	--	4	6436	买盘
13:07:00	16.09	0.03	6	9654	买盘
13:06:57	16.06	-0.03	97	155782	卖盘
13:06:51	16.09	0.03	5	8045	买盘
13:06:42	16.06	-0.03	1	1605	卖盘
13:06:39	16.09	0.03	21	33789	中性盘
13:06:21	16.06	--	13	20878	卖盘
13:05:45	16.06	-0.04	1	1605	卖盘
13:05:42	16.1	--	8	12880	买盘
13:05:33	16.1	--	2	3220	买盘
13:05:12	16.1	0.01	8	12880	买盘
13:05:09	16.09	0.03	8	12872	买盘
13:05:06	16.06	-0.03	100	160600	卖盘
13:05:03	16.09	0.01	3	4827	买盘
13:05:00	16.08	0.01	2	3215	卖盘
13:04:39	16.07	-0.01	12	19284	卖盘
13:04:36	16.08	--	5	8039	买盘
13:04:33	16.08	--	5	8039	买盘
13:03:54	16.08	--	11	17687	卖盘
13:03:45	16.08	--	1	1607	卖盘
13:03:36	16.08	--	17	27335	买盘
13:03:30	16.08	--	10	16079	买盘
13:03:27	16.08	--	9	14471	卖盘
13:03:15	16.08	--	14	22511	买盘
13:02:54	16.08	--	9	14471	买盘
13:02:36	16.08	0.01	11	17687	买盘
13:02:30	16.07	--	1	1607	卖盘
13:02:24	16.07	--	10	16070	卖盘
13:02:18	16.07	-0.01	3	4821	卖盘
13:01:57	16.08	0.01	4	6431	买盘
13:01:54	16.07	--	37	59459	卖盘
13:01:51	16.07	-0.01	19	30533	卖盘
13:01:39	16.08	--	8	12863	卖盘
13:01:36	16.08	--	7	11255	卖盘
13:01:00	16.08	--	11	17687	卖盘
13:00:54	16.08	0.01	2	3215	中性盘
13:00:15	16.07	-0.01	3	4821	卖盘
13:00:09	16.08	--	40	64319	卖盘
13:00:06	16.08	--	1	1607	卖盘
13:00:03	16.08	0.01	35	57485	买盘
13:00:00	16.07	--	0	0	卖盘
11:30:00	16.07	-0.01	1	1607	中性盘
11:29:42	16.08	0.02	20	32159	买盘
11:29:36	16.06	-0.01	5	8029	卖盘
11:29:06	16.07	-0.01	4	6428	卖盘
11:29:00	16.08	0.01	3	4823	买盘
11:28:45	16.07	--	3	4821	卖盘
11:28:30	16.07	--	1	1607	中性盘
11:28:00	16.07	--	5	8035	买盘
11:27:54	16.07	--	20	32140	买盘
11:27:45	16.07	--	3	4821	买盘
11:27:18	16.07	--	3	4821	买盘
11:27:12	16.07	--	9	14463	卖盘
11:26:54	16.07	--	29	46603	卖盘
11:26:51	16.07	--	10	16070	卖盘
11:26:45	16.07	--	86	138202	卖盘
11:26:24	16.07	--	8	12856	卖盘
11:26:21	16.07	0.01	4	6428	买盘
11:26:15	16.06	--	21	33726	卖盘
11:25:57	16.06	--	16	25695	卖盘
11:25:54	16.06	--	22	35332	卖盘
11:25:36	16.06	0.01	7	12044	中性盘
11:25:30	16.05	-0.02	26	41730	卖盘
11:25:12	16.07	0.02	5	8035	买盘
11:25:09	16.05	-0.01	20	32100	卖盘
11:25:03	16.06	0.01	7	11242	买盘
11:24:57	16.05	-0.01	16	25680	卖盘
11:24:51	16.06	--	12	19272	买盘
11:24:42	16.06	0.01	2	3211	买盘
11:24:39	16.05	-0.01	106	170130	卖盘
11:24:36	16.06	0.01	223	358138	买盘
11:24:33	16.05	--	10	16050	卖盘
11:24:30	16.05	-0.01	26	41730	卖盘
11:24:27	16.06	-0.01	35	56209	卖盘
11:24:21	16.07	0.02	5	8035	买盘
11:24:18	16.05	--	1	1605	卖盘
11:24:12	16.05	-0.01	30	48150	卖盘
11:24:09	16.06	--	8	12847	买盘
11:24:00	16.06	--	25	40150	买盘
11:23:57	16.06	--	6	9636	买盘
11:23:54	16.06	--	12	19272	买盘
11:23:51	16.06	--	5	8029	买盘
11:23:48	16.06	-0.01	12	19272	卖盘
11:23:42	16.07	0.01	4	6428	买盘
11:23:39	16.06	--	4	6423	买盘
11:23:33	16.06	--	1	1605	买盘
11:23:30	16.06	--	20	32119	买盘
11:23:21	16.06	0.01	10	16059	买盘
11:23:18	16.05	-0.01	5	8025	卖盘
11:23:15	16.06	0.01	10	16059	买盘
11:23:09	16.05	-0.01	18	28890	卖盘
11:23:03	16.06	0.01	41	65846	买盘
11:22:54	16.05	--	4	6420	卖盘
11:22:45	16.05	--	35	56175	买盘
11:22:42	16.05	--	13	20865	买盘
11:22:33	16.05	--	13	20865	买盘
11:22:18	16.05	0.01	20	32100	买盘
11:22:15	16.04	--	100	160400	卖盘
11:22:09	16.04	-0.01	15	24060	卖盘
11:22:06	16.05	--	3	4815	买盘
11:22:00	16.05	--	9	14445	卖盘
11:21:54	16.05	-0.01	21	33705	卖盘
11:21:39	16.06	-0.01	14	22484	卖盘
11:21:36	16.07	0.01	2	3214	买盘
11:21:33	16.06	-0.01	12	19272	卖盘
11:21:30	16.07	--	25	40175	卖盘
11:21:15	16.07	--	3	4821	卖盘
11:21:09	16.07	-0.01	1	1607	卖盘
11:20:54	16.08	-0.01	64	102911	卖盘
11:20:51	16.09	--	44	70796	买盘
11:20:45	16.09	--	44	70796	卖盘
11:20:39	16.09	--	2	3218	卖盘
11:20:30	16.09	-0.01	5	8045	卖盘
11:20:15	16.1	--	20	32200	买盘
11:20:06	16.1	--	98	157780	卖盘
11:20:03	16.1	--	10	16100	卖盘
11:20:00	16.1	--	40	64400	卖盘
11:19:54	16.1	--	9	14490	卖盘
11:19:51	16.1	--	20	32200	卖盘
11:19:48	16.1	--	60	96600	卖盘
11:19:33	16.1	-0.01	22	35420	卖盘
11:19:30	16.11	0.01	5	8055	买盘
11:19:24	16.1	--	15	24150	卖盘
11:19:18	16.1	--	112	180320	买盘
11:19:15	16.1	--	27	43470	卖盘
11:19:12	16.1	-0.01	10	16100	卖盘
11:18:39	16.11	-0.01	28	45108	卖盘
11:18:36	16.12	0.01	17	27404	买盘
11:18:24	16.11	--	10	16110	卖盘
11:18:06	16.11	0.01	14	22554	买盘
11:18:03	16.1	--	65	104650	卖盘
11:18:00	16.1	--	18	28980	卖盘
11:17:33	16.1	-0.01	100	161000	卖盘
11:17:09	16.11	-0.01	2	3222	卖盘
11:17:03	16.12	0.01	19	30628	买盘
11:16:54	16.11	--	15	24165	卖盘
11:16:48	16.11	-0.01	30	48330	卖盘
11:16:39	16.12	--	1	1612	买盘
11:16:15	16.12	-0.01	34	54808	卖盘
11:16:12	16.13	0.01	20	32259	买盘
11:15:51	16.12	--	22	35464	卖盘
11:15:27	16.12	0.01	35	56420	买盘
11:15:24	16.11	--	8	12888	卖盘
11:15:03	16.11	-0.01	1	1611	卖盘
11:14:27	16.12	-0.01	34	54808	卖盘
11:14:24	16.13	0.01	1	1613	买盘
11:14:15	16.12	--	10	16120	卖盘
11:14:03	16.12	--	6	9672	卖盘
11:13:48	16.12	-0.01	8	12896	卖盘
11:13:24	16.13	-0.02	10	16129	中性盘
11:13:12	16.15	--	9	14534	买盘
11:13:03	16.15	--	2	3229	买盘
11:12:54	16.15	0.03	10	16149	买盘
11:12:42	16.12	-0.03	4	6448	卖盘
11:12:15	16.15	--	3	4845	买盘
11:11:54	16.15	0.02	151	243864	买盘
11:11:48	16.13	--	7	11291	卖盘
11:11:45	16.13	0.02	93	150009	买盘
11:11:36	16.11	--	10	16110	卖盘
11:11:30	16.11	0.01	5	8055	买盘
11:11:06	16.1	--	15	24150	卖盘
11:11:00	16.1	--	50	80500	卖盘
11:10:48	16.1	-0.02	40	64400	卖盘
11:10:42	16.12	--	6	9672	卖盘
11:10:33	16.12	0.01	85	137020	买盘
11:10:24	16.11	--	8	12888	卖盘
11:10:06	16.11	--	15	24165	卖盘
11:09:36	16.11	--	6	9666	卖盘
11:09:21	16.11	--	2	3222	买盘
11:09:00	16.11	-0.02	3	4833	卖盘
11:08:54	16.13	0.03	1	1613	买盘
11:07:45	16.1	--	6	9660	卖盘
11:07:33	16.1	0.01	1	1610	中性盘
11:06:57	16.09	--	100	160900	卖盘
11:06:21	16.09	-0.03	690	1110210	卖盘
11:06:03	16.12	--	2	3224	买盘
11:05:54	16.12	0.01	3	4836	买盘
11:05:51	16.11	--	5	8055	卖盘
11:05:42	16.11	--	69	111159	卖盘
11:05:33	16.11	-0.01	5	8055	卖盘
11:05:30	16.12	-0.03	10	16120	中性盘
11:04:51	16.15	0.04	39	62984	买盘
11:04:48	16.11	--	3	4833	卖盘
11:04:45	16.11	-0.01	12	19332	中性盘
11:04:27	16.12	0.02	2	3224	买盘
11:04:24	16.1	-0.02	30	48300	卖盘
11:04:00	16.12	-0.01	6	9672	卖盘
11:03:57	16.13	0.01	2	3226	买盘
11:03:51	16.12	--	2	3224	卖盘
11:03:33	16.12	--	2	3224	卖盘
11:03:27	16.12	--	11	17732	卖盘
11:03:18	16.12	--	6	9672	卖盘
11:03:15	16.12	--	5	8060	卖盘
11:03:00	16.12	--	10	16120	卖盘
11:02:57	16.12	-0.01	26	41912	卖盘
11:02:48	16.13	-0.02	160	258079	卖盘
11:02:36	16.15	-0.02	85	137275	卖盘
11:02:30	16.17	0.01	30	48510	买盘
11:02:27	16.16	-0.01	16	25856	卖盘
11:02:18	16.17	--	4	6468	卖盘
11:02:15	16.17	--	18	29106	卖盘
11:02:12	16.17	--	47	75999	买盘
11:02:06	16.17	--	20	32340	卖盘
11:02:03	16.17	--	40	64680	卖盘
11:02:00	16.17	--	394	637098	卖盘
11:01:57	16.17	--	40	64680	卖盘
11:01:51	16.17	--	35	56595	卖盘
11:01:36	16.17	--	10	16170	卖盘
11:01:33	16.17	-0.01	28	45276	卖盘
11:00:39	16.18	0.01	2	3236	买盘
11:00:12	16.17	-0.01	5	8085	卖盘
11:00:03	16.18	0.01	10	16180	买盘
10:59:57	16.17	-0.01	55	88935	卖盘
10:59:54	16.18	0.01	100	161800	买盘
10:59:42	16.17	-0.01	10	16170	卖盘
10:59:36	16.18	0.01	15	24270	买盘
10:59:21	16.17	--	1	1617	卖盘
10:59:09	16.17	--	2	3234	卖盘
10:59:06	16.17	--	30	48510	卖盘
10:59:03	16.17	--	8	12936	卖盘
10:59:00	16.17	--	15	24255	卖盘
10:58:48	16.17	--	10	16170	卖盘
10:58:45	16.17	--	2	3234	卖盘
10:58:39	16.17	--	5	8085	卖盘
10:58:24	16.17	--	5	8085	卖盘
10:58:21	16.17	-0.01	2	3234	卖盘
10:58:18	16.18	0.01	21	33978	买盘
10:58:15	16.17	-0.01	7	11319	卖盘
10:58:09	16.18	--	5	8090	买盘
10:58:06	16.18	--	8	12944	买盘
10:57:57	16.18	--	29	47358	卖盘
10:57:48	16.18	--	10	16180	卖盘
10:57:33	16.18	--	20	32360	卖盘
10:57:27	16.18	--	61	98698	卖盘
10:57:24	16.18	--	2	3236	卖盘
10:57:21	16.18	-0.01	2	3236	卖盘
10:57:18	16.19	0.01	5	8095	买盘
10:57:15	16.18	--	22	36777	卖盘
10:56:57	16.18	--	10	16180	卖盘
10:56:54	16.18	--	3	4854	卖盘
10:56:48	16.18	-0.01	2	3236	中性盘
10:56:30	16.19	0.01	5	8095	买盘
10:56:21	16.18	-0.01	6	9708	中性盘
10:56:12	16.19	0.01	39	63141	买盘
10:56:06	16.18	-0.01	18	29124	卖盘
10:56:03	16.19	0.01	11	17809	买盘
10:56:00	16.18	--	10	16180	卖盘
10:55:57	16.18	-0.01	7	11326	卖盘
10:55:48	16.19	0.01	6	9714	买盘
10:55:45	16.18	--	1	1618	卖盘
10:55:39	16.18	-0.01	2	3236	卖盘
10:55:36	16.19	0.02	94	152186	买盘
10:55:33	16.17	-0.01	10	16170	卖盘
10:55:30	16.18	--	6	9708	买盘
10:55:24	16.18	--	1	1618	卖盘
10:55:21	16.18	-0.01	1	1618	中性盘
10:55:18	16.19	0.01	142	229898	买盘
10:55:15	16.18	--	11	17798	卖盘
10:55:12	16.18	-0.01	4	6472	卖盘
10:55:06	16.19	--	24	38856	买盘
10:55:00	16.19	--	149	241231	买盘
10:54:45	16.19	0.01	9	14571	买盘
10:54:33	16.18	--	40	64720	卖盘
10:54:30	16.18	-0.01	9	14562	卖盘
10:54:24	16.19	--	11	17809	买盘
10:54:15	16.19	--	10	16190	买盘
10:54:12	16.19	--	300	485700	买盘
10:54:06	16.19	0.01	40	64760	买盘
10:54:00	16.18	--	15	24270	买盘
10:53:54	16.18	0.01	123	199014	买盘
10:53:51	16.17	--	5	8085	卖盘
10:53:33	16.17	-0.01	3	4851	中性盘
10:53:21	16.18	0.01	34	55012	买盘
10:53:15	16.17	0.01	81	130977	中性盘
10:53:06	16.16	-0.03	1	2424	中性盘
10:52:54	16.19	--	91	147329	买盘
10:52:51	16.19	0.01	81	131139	买盘
10:52:45	16.18	0.03	1	1618	买盘
10:52:42	16.15	-0.04	5	8074	卖盘
10:52:39	16.19	--	60	97140	买盘
10:52:30	16.19	0.04	101	163519	买盘
10:52:27	16.15	-0.04	1	1614	卖盘
10:52:24	16.19	0.03	500	809500	买盘
10:52:12	16.16	--	32	51712	卖盘
10:52:09	16.16	--	7	11312	卖盘
10:52:00	16.16	-0.02	23	37168	卖盘
10:51:57	16.18	0.01	19	30742	买盘
10:51:54	16.17	0.01	8	12936	买盘
10:51:48	16.16	-0.01	24	38784	卖盘
10:51:39	16.17	-0.01	1	1617	中性盘
10:51:24	16.18	--	5	8090	买盘
10:51:03	16.18	0.02	55	88990	买盘
10:50:54	16.16	--	85	137360	买盘
10:50:48	16.16	0.03	1	1616	买盘
10:50:39	16.13	-0.03	113	182269	卖盘
10:50:24	16.16	0.02	20	32320	买盘
10:50:12	16.14	-0.02	5	8070	卖盘
10:50:03	16.16	0.02	40	64640	买盘
10:50:00	16.14	--	31	50034	卖盘
10:49:57	16.14	-0.01	10	16140	卖盘
10:49:51	16.15	0.01	156	251939	买盘
10:49:48	16.14	--	20	32280	卖盘
10:49:42	16.14	--	18	29052	中性盘
10:48:48	16.14	0.01	54	87156	买盘
10:48:36	16.13	--	7	11291	卖盘
10:48:33	16.13	--	37	59680	买盘
10:48:24	16.13	--	2	3226	卖盘
10:48:18	16.13	--	7	11291	卖盘
10:48:03	16.13	--	10	16129	卖盘
10:47:39	16.13	--	2	3226	卖盘
10:47:33	16.13	--	10	16129	卖盘
10:47:30	16.13	--	21	33873	卖盘
10:47:27	16.13	-0.02	20	32259	卖盘
10:47:24	16.15	--	4	6459	买盘
10:47:06	16.15	--	105	171173	卖盘
10:47:03	16.15	--	31	50064	卖盘
10:47:00	16.15	--	5	8074	卖盘
10:46:57	16.15	--	62	100129	卖盘
10:46:51	16.15	--	72	116279	卖盘
10:46:48	16.15	--	25	40375	卖盘
10:46:45	16.15	--	28	45219	卖盘
10:46:42	16.15	--	12	19380	卖盘
10:46:39	16.15	--	90	145350	卖盘
10:46:33	16.15	-0.01	20	32299	卖盘
10:46:30	16.16	--	1	1616	买盘
10:46:27	16.16	0.01	5	8080	买盘
10:46:24	16.15	-0.01	19	30701	卖盘
10:46:18	16.16	0.01	7	11312	买盘
10:46:15	16.15	-0.01	39	62984	卖盘
10:46:12	16.16	--	30	48480	买盘
10:46:06	16.16	0.01	15	24240	买盘
10:46:03	16.15	-0.02	74	119509	卖盘
10:46:00	16.17	-0.01	2	3234	买盘
10:45:51	16.18	--	33	53394	买盘
10:45:48	16.18	--	9	14562	买盘
10:45:45	16.18	0.01	27	43686	买盘
10:45:42	16.17	-0.02	3	4851	卖盘
10:45:36	16.19	0.02	110	178090	买盘
10:45:33	16.17	0.01	30	48510	买盘
10:45:30	16.16	-0.01	55	88880	买盘
10:45:27	16.17	-0.02	13	21021	中性盘
10:45:21	16.19	0.02	50	80950	买盘
10:45:15	16.17	0.01	45	72765	买盘
10:45:09	16.16	0.01	50	80800	买盘
10:45:03	16.15	0.02	30	48449	买盘
10:44:54	16.13	0.01	24	38712	买盘
10:44:48	16.12	--	69	111228	买盘
10:44:45	16.12	--	90	145080	买盘
10:44:39	16.12	--	215	346580	买盘
10:44:36	16.12	--	5	8060	买盘
10:44:30	16.12	--	113	182156	买盘
10:44:21	16.12	0.01	12	19344	买盘
10:44:06	16.11	--	19	30609	卖盘
10:44:00	16.11	0.01	17	27387	买盘
10:43:57	16.1	-0.01	10	16100	卖盘
10:43:54	16.11	--	27	43497	买盘
10:43:45	16.11	0.01	190	306090	买盘
10:43:42	16.1	-0.01	1	1610	卖盘
10:43:33	16.11	--	5	8055	买盘
10:43:18	16.11	--	119	191709	买盘
10:43:12	16.11	0.01	113	182043	买盘
10:43:03	16.1	--	18	28980	买盘
10:42:57	16.1	--	20	32200	买盘
10:42:54	16.1	--	5	8050	买盘
10:42:48	16.1	0.01	3	4830	买盘
10:42:45	16.09	-0.01	7	11263	卖盘
10:42:39	16.1	0.01	30	48300	买盘
10:42:24	16.09	0.01	18	28962	买盘
10:42:21	16.08	0.01	6	9647	卖盘
10:42:15	16.07	--	16	25712	买盘
10:42:12	16.07	-0.03	1	1607	卖盘
10:42:03	16.1	0.03	2	3220	买盘
10:41:54	16.07	-0.03	13	20891	卖盘
10:41:45	16.1	0.04	2	3220	买盘
10:41:24	16.06	--	13	20878	卖盘
10:40:57	16.06	-0.05	5	8029	卖盘
10:40:36	16.11	0.01	9	14499	买盘
10:40:30	16.1	--	6	9660	卖盘
10:40:27	16.1	--	35	56350	卖盘
10:40:21	16.1	--	13	20930	卖盘
10:40:18	16.1	--	16	25760	买盘
10:40:06	16.1	-0.01	18	28980	卖盘
10:40:03	16.11	0.01	6	9666	买盘
10:39:57	16.1	--	3	4830	卖盘
10:39:51	16.1	0.04	259	416990	买盘
10:39:45	16.06	0.01	12	19272	买盘
10:39:39	16.05	--	66	105930	买盘
10:39:30	16.05	--	7	11235	买盘
10:39:18	16.05	0.02	32	51360	买盘
10:39:03	16.03	--	4	6412	买盘
10:39:00	16.03	--	2	3206	买盘
10:38:48	16.03	--	11	17633	买盘
10:38:45	16.03	0.01	3	4809	买盘
10:38:27	16.02	0.01	37	60075	买盘
10:38:24	16.01	--	35	56035	买盘
10:38:18	16.01	--	2	3202	买盘
10:38:15	16.01	--	11	17611	买盘
10:38:12	16.01	0.01	17	27217	买盘
10:38:09	16.0	-0.01	10	16000	卖盘
10:38:03	16.01	--	1	1601	买盘
10:38:00	16.01	--	50	80050	买盘
10:37:54	16.01	--	81	129681	买盘
10:37:51	16.01	--	2	3202	买盘
10:37:48	16.01	0.01	11	17611	买盘
10:37:45	16.0	-0.01	6	9600	卖盘
10:37:42	16.01	--	10	16010	买盘
10:37:36	16.01	--	22	35222	买盘
10:37:33	16.01	0.01	51	81651	买盘
10:37:30	16.0	-0.01	20	32000	卖盘
10:37:27	16.01	0.01	18	28818	买盘
10:37:24	16.0	--	22	35200	卖盘
10:37:12	16.0	--	28	44800	买盘
10:37:09	16.0	--	10	16000	买盘
10:37:06	16.0	--	26	41600	买盘
10:36:51	16.0	--	20	32000	买盘
10:36:45	16.0	0.01	13	20800	买盘
10:36:39	15.99	-0.01	15	23985	卖盘
10:36:36	16.0	0.01	4	6400	买盘
10:36:33	15.99	--	20	31980	卖盘
10:36:30	15.99	-0.01	10	15990	卖盘
10:36:27	16.0	0.01	30	48000	买盘
10:36:21	15.99	--	23	36777	卖盘
10:36:18	15.99	--	4	6396	卖盘
10:36:15	15.99	--	8	12792	买盘
10:36:12	15.99	--	12	19188	买盘
10:36:06	15.99	0.01	12	19188	买盘
10:36:00	15.98	-0.01	52	83096	卖盘
10:35:54	15.99	--	2	3198	买盘
10:35:51	15.99	--	9	14391	买盘
10:35:45	15.99	--	10	15990	买盘
10:35:39	15.99	0.01	4	6396	买盘
10:35:33	15.98	--	1	1598	卖盘
10:35:30	15.98	-0.01	12	19176	卖盘
10:35:24	15.99	--	7	11193	买盘
10:35:21	15.99	0.01	3	4797	卖盘
10:35:15	15.98	-0.01	7	11186	卖盘
10:35:12	15.99	--	4	6396	买盘
10:35:06	15.99	--	9	14391	卖盘
10:35:00	15.99	-0.01	6	9594	卖盘
10:34:51	16.0	-0.01	45	72000	卖盘
10:34:45	16.01	--	78	125678	卖盘
10:34:33	16.01	--	1	1601	卖盘
10:34:30	16.01	0.01	1	1601	卖盘
10:34:18	16.0	--	37	60000	买盘
10:34:12	16.0	--	110	176000	买盘
10:34:09	16.0	--	5	8000	买盘
10:34:00	16.0	--	5	8000	买盘
10:33:57	16.0	--	53	84800	买盘
10:33:54	16.0	--	3	5600	卖盘
10:33:51	16.0	--	263	420800	卖盘
10:33:45	16.0	--	10	16000	卖盘
10:33:42	16.0	-0.01	166	265600	卖盘
10:33:36	16.01	0.01	19	30419	中性盘
10:33:27	16.0	-0.01	101	161600	卖盘
10:33:24	16.01	--	1	1601	买盘
10:33:21	16.01	0.01	53	84853	买盘
10:33:18	16.0	--	8	12800	卖盘
10:33:15	16.0	--	80	128000	卖盘
10:33:12	16.0	-0.02	10	16000	卖盘
10:33:09	16.02	0.02	10	16020	买盘
10:33:06	16.0	--	15	24000	卖盘
10:33:00	16.0	--	10	16000	卖盘
10:32:51	16.0	--	150	240000	卖盘
10:32:42	16.0	--	40	64000	卖盘
10:32:39	16.0	--	50	80000	卖盘
10:32:36	16.0	--	66	105600	卖盘
10:32:33	16.0	--	630	1008000	卖盘
10:32:30	16.0	-0.02	18	28800	卖盘
10:32:21	16.02	0.02	10	16020	买盘
10:32:15	16.0	-0.02	81	129600	卖盘
10:32:12	16.02	--	20	32040	买盘
10:32:09	16.02	--	5	8010	卖盘
10:32:06	16.02	--	29	46458	卖盘
10:31:54	16.02	-0.01	27	43254	卖盘
10:31:51	16.03	0.01	50	80150	买盘
10:31:48	16.02	-0.01	1	1602	卖盘
10:31:45	16.03	0.01	12	19236	买盘
10:31:42	16.02	-0.01	25	40050	卖盘
10:31:27	16.03	--	41	65723	卖盘
10:31:09	16.03	0.01	24	38472	买盘
10:31:06	16.02	--	1	1602	买盘
10:31:00	16.02	--	1	1602	卖盘
10:30:57	16.02	-0.01	9	14418	卖盘
10:30:54	16.03	--	24	38472	买盘
10:30:45	16.03	0.03	3	4809	买盘
10:30:42	16.0	-0.02	310	496000	卖盘
10:30:24	16.02	0.01	1	1602	中性盘
10:30:15	16.01	-0.02	210	336210	卖盘
10:29:57	16.03	0.01	5	8015	买盘
10:29:51	16.02	--	5	8010	卖盘
10:29:45	16.02	-0.01	5	8010	卖盘
10:29:42	16.03	--	20	32060	买盘
10:29:33	16.03	--	2	3206	买盘
10:29:30	16.03	--	12	19236	买盘
10:29:27	16.03	--	3	4809	卖盘
10:29:24	16.03	--	7	11221	卖盘
10:29:18	16.03	--	10	16030	卖盘
10:29:03	16.03	-0.01	2	3206	卖盘
10:28:57	16.04	0.01	29	46516	买盘
10:28:54	16.03	--	2	3206	买盘
10:28:42	16.03	--	7	11221	买盘
10:28:36	16.03	--	16	25648	卖盘
10:28:27	16.03	--	19	30457	买盘
10:28:06	16.03	0.02	20	32060	买盘
10:28:00	16.01	-0.02	3	4803	卖盘
10:27:57	16.03	--	10	16030	买盘
10:27:45	16.03	--	13	20839	卖盘
10:27:42	16.03	--	18	28854	卖盘
10:27:36	16.03	-0.01	11	17633	中性盘
10:27:03	16.04	0.03	129	206916	买盘
10:27:00	16.01	--	1	1601	买盘
10:26:57	16.01	-0.02	434	694834	卖盘
10:26:54	16.03	0.01	8	12824	中性盘
10:26:51	16.02	--	2	3204	卖盘
10:26:42	16.02	-0.02	24	38448	卖盘
10:26:39	16.04	0.01	2	3208	买盘
10:26:36	16.03	-0.01	23	36869	卖盘
10:26:21	16.04	--	20	32080	买盘
10:26:15	16.04	0.01	15	24060	买盘
10:26:12	16.03	-0.01	24	38472	卖盘
10:26:09	16.04	0.01	6	9624	买盘
10:26:00	16.03	--	27	43281	买盘
10:25:57	16.03	--	3	4809	买盘
10:25:54	16.03	0.01	15	24045	买盘
10:25:51	16.02	--	29	46458	卖盘
10:25:48	16.02	-0.01	1	1602	卖盘
10:25:45	16.03	0.01	3	4809	买盘
10:25:42	16.02	-0.01	50	80100	卖盘
10:25:39	16.03	0.01	1	1603	买盘
10:25:30	16.02	--	25	40050	卖盘
10:25:24	16.02	--	1	1602	卖盘
10:25:18	16.02	--	10	16020	中性盘
10:25:15	16.02	--	1	1602	卖盘
10:25:12	16.02	--	124	198648	买盘
10:25:09	16.02	--	26	41652	买盘
10:25:06	16.02	--	5	8010	买盘
10:25:03	16.02	--	23	36846	买盘
10:24:57	16.02	--	5	8010	买盘
10:24:48	16.02	0.01	6	9612	买盘
10:24:45	16.01	--	14	22414	卖盘
10:24:39	16.01	-0.01	2	3202	中性盘
10:24:27	16.02	0.02	42	67284	买盘
10:24:24	16.0	-0.01	19	30400	卖盘
10:24:21	16.01	--	6	9606	买盘
10:24:18	16.01	0.01	3	4803	买盘
10:24:15	16.0	-0.02	9	14400	卖盘
10:24:12	16.02	0.02	13	20826	买盘
10:24:09	16.0	-0.02	331	529600	卖盘
10:24:00	16.02	0.01	20	32040	买盘
10:23:57	16.01	-0.01	10	16810	卖盘
10:23:54	16.02	-0.01	15	24030	卖盘
10:23:33	16.03	--	29	46487	卖盘
10:23:24	16.03	--	9	14427	卖盘
10:23:21	16.03	-0.01	2	3206	卖盘
10:23:15	16.04	-0.02	9	14436	卖盘
10:22:57	16.06	--	537	862421	卖盘
10:22:51	16.06	--	8	12847	卖盘
10:22:42	16.06	--	100	160600	卖盘
10:22:33	16.06	--	8	12847	卖盘
10:22:24	16.06	--	1	1605	卖盘
10:22:21	16.06	--	1	1605	买盘
10:22:12	16.06	--	7	11242	买盘
10:22:06	16.06	-0.01	12	19272	中性盘
10:22:00	16.07	--	1	1607	买盘
10:21:42	16.07	0.02	5	8035	买盘
10:21:36	16.05	-0.02	15	24075	卖盘
10:21:30	16.07	0.01	10	16070	中性盘
10:21:27	16.06	-0.01	175	281050	卖盘
10:21:24	16.07	--	31	49817	卖盘
10:21:15	16.07	-0.01	2	3214	卖盘
10:21:12	16.08	0.01	10	16079	买盘
10:21:06	16.07	-0.01	21	33747	卖盘
10:21:03	16.08	--	77	123815	买盘
10:20:54	16.08	0.01	2	3215	买盘
10:20:51	16.07	--	588	944916	卖盘
10:20:48	16.07	--	4	6428	卖盘
10:20:45	16.07	--	3	4821	卖盘
10:20:42	16.07	--	3	4821	卖盘
10:20:39	16.07	-0.01	6	9642	卖盘
10:20:36	16.08	--	27	43415	买盘
10:20:24	16.08	0.01	26	41807	买盘
10:20:06	16.07	-0.01	7	11249	卖盘
10:20:00	16.08	0.01	22	35375	买盘
10:19:57	16.07	--	10	16070	卖盘
10:19:54	16.07	--	18	28926	卖盘
10:19:51	16.07	-0.01	32	51424	卖盘
10:19:42	16.08	--	3	4823	买盘
10:19:39	16.08	--	1	1607	买盘
10:19:36	16.08	0.01	37	59495	买盘
10:19:27	16.07	--	41	65887	卖盘
10:19:15	16.07	--	15	24105	卖盘
10:19:09	16.07	-0.01	2	3214	卖盘
10:19:03	16.08	--	10	16079	买盘
10:19:00	16.08	0.01	3	4823	买盘
10:18:51	16.07	--	5	8035	卖盘
10:18:48	16.07	-0.01	35	56245	卖盘
10:18:42	16.08	--	2	3215	买盘
10:18:39	16.08	--	2	3215	卖盘
10:18:27	16.08	--	1	1607	买盘
10:18:21	16.08	0.01	57	91655	买盘
10:18:18	16.07	--	5	8035	卖盘
10:18:03	16.07	-0.01	10	16070	卖盘
10:17:48	16.08	--	3	4823	卖盘
10:17:45	16.08	--	3	4823	卖盘
10:17:39	16.08	--	3	4823	卖盘
10:17:30	16.08	0.01	2	3215	中性盘
10:17:27	16.07	--	1	1607	卖盘
10:17:12	16.07	--	8	12856	卖盘
10:17:03	16.07	--	12	19284	卖盘
10:16:45	16.07	-0.01	14	22498	卖盘
10:16:42	16.08	--	2	3215	买盘
10:16:33	16.08	--	15	24119	买盘
10:16:30	16.08	--	62	99695	买盘
10:16:27	16.08	--	6	9647	买盘
10:16:24	16.08	0.01	100	160799	买盘
10:16:12	16.07	-0.01	9	14463	卖盘
10:16:09	16.08	0.01	92	147935	买盘
10:16:06	16.07	--	6	9642	卖盘
10:16:03	16.07	--	34	54638	卖盘
10:15:54	16.07	--	11	17677	卖盘
10:15:51	16.07	--	13	20891	卖盘
10:15:48	16.07	-0.01	7	11249	卖盘
10:15:42	16.08	0.01	23	36983	买盘
10:15:36	16.07	--	41	65887	卖盘
10:15:24	16.07	--	6	9642	卖盘
10:15:21	16.07	-0.01	1	1607	卖盘
10:15:18	16.08	--	5	8039	买盘
10:15:15	16.08	0.01	10	16079	买盘
10:15:12	16.07	--	1	1607	卖盘
10:15:06	16.07	--	50	80350	卖盘
10:14:57	16.07	--	69	110883	买盘
10:14:54	16.07	--	2	3214	买盘
10:14:51	16.07	-0.01	5	8035	卖盘
10:14:39	16.08	--	2	3215	买盘
10:14:33	16.08	--	15	24119	买盘
10:14:30	16.08	--	14	22511	卖盘
10:14:24	16.08	--	1	1607	卖盘
10:14:21	16.08	--	5	8039	买盘
10:14:18	16.08	0.02	1	1607	买盘
10:14:15	16.06	-0.02	3	4818	卖盘
10:14:09	16.08	--	31	49847	买盘
10:14:00	16.08	0.02	10	16079	买盘
10:13:51	16.06	--	6	9636	卖盘
10:13:30	16.06	-0.04	5	8029	卖盘
10:13:21	16.1	0.04	6	9660	买盘
10:13:18	16.06	-0.02	30	48179	卖盘
10:13:12	16.08	0.02	1	1607	买盘
10:13:09	16.06	-0.01	25	40150	卖盘
10:12:54	16.07	0.01	5	8035	买盘
10:12:48	16.06	-0.01	1	1605	卖盘
10:12:36	16.07	--	4	6428	卖盘
10:12:33	16.07	-0.04	2	3214	卖盘
10:12:30	16.11	0.05	102	164322	买盘
10:12:24	16.06	-0.01	5	8029	卖盘
10:12:21	16.07	0.01	3	4821	买盘
10:12:18	16.06	--	55	88330	卖盘
10:12:12	16.06	-0.01	16	25695	卖盘
10:12:09	16.07	0.01	18	28926	买盘
10:12:00	16.06	--	2	3211	卖盘
10:11:51	16.06	0.01	31	49785	买盘
10:11:45	16.05	-0.01	30	48150	卖盘
10:11:42	16.06	--	1	1605	买盘
10:11:39	16.06	--	1	1605	买盘
10:11:36	16.06	-0.01	3	4818	卖盘
10:11:33	16.07	--	1	1607	买盘
10:11:27	16.07	--	9	14463	卖盘
10:11:21	16.07	-0.03	8	12856	卖盘
10:11:12	16.1	0.03	30	48300	买盘
10:11:09	16.07	--	32	51424	卖盘
10:11:03	16.07	--	27	43389	卖盘
10:10:57	16.07	--	12	19284	卖盘
10:10:42	16.07	--	8	12856	卖盘
10:10:39	16.07	-0.01	5	8035	卖盘
10:10:33	16.08	-0.02	18	28943	卖盘
10:10:24	16.1	--	2	3220	买盘
10:10:12	16.1	--	10	16100	卖盘
10:10:09	16.1	--	14	22540	卖盘
10:10:03	16.1	--	3	4830	卖盘
10:09:57	16.1	-0.01	10	16100	卖盘
10:09:51	16.11	--	33	53163	买盘
10:09:42	16.11	-0.01	6	9666	卖盘
10:09:39	16.12	0.01	23	37076	买盘
10:09:33	16.11	--	35	56385	卖盘
10:09:24	16.11	--	20	32220	卖盘
10:09:21	16.11	-0.01	27	43497	卖盘
10:09:18	16.12	0.01	5	8060	买盘
10:09:09	16.11	--	6	9666	卖盘
10:08:57	16.11	-0.01	27	43497	卖盘
10:08:54	16.12	--	34	54808	卖盘
10:08:51	16.12	--	23	37076	卖盘
10:08:48	16.12	-0.01	17	27404	卖盘
10:08:45	16.13	--	10	16129	买盘
10:08:42	16.13	-0.01	13	20969	卖盘
10:08:36	16.14	0.01	1	1614	买盘
10:08:33	16.13	--	28	45164	卖盘
10:08:30	16.13	-0.01	26	41938	卖盘
10:08:21	16.14	--	20	32280	买盘
10:08:18	16.14	--	3	4842	买盘
10:08:15	16.14	0.01	1	1614	买盘
10:08:12	16.13	--	21	33873	卖盘
10:08:09	16.13	--	12	19356	卖盘
10:08:06	16.13	0.01	13	20969	买盘
10:07:54	16.12	--	30	48360	卖盘
10:07:48	16.12	0.01	9	14508	买盘
10:07:45	16.11	--	1	1611	卖盘
10:07:33	16.11	0.01	84	135324	买盘
10:07:30	16.1	0.03	19	30590	买盘
10:07:09	16.07	--	34	54638	卖盘
10:07:06	16.07	--	12	19284	卖盘
10:06:57	16.07	0.01	3	4821	中性盘
10:06:54	16.06	-0.01	118	189507	卖盘
10:06:51	16.07	--	6	9642	买盘
10:06:45	16.07	--	50	80350	买盘
10:06:36	16.07	--	2	3214	买盘
10:06:33	16.07	-0.01	22	35354	中性盘
10:06:24	16.08	0.02	5	8039	买盘
10:06:18	16.06	-0.02	36	57815	卖盘
10:06:09	16.08	0.02	20	32159	买盘
10:06:06	16.06	-0.01	103	165418	卖盘
10:06:03	16.07	--	1	1607	买盘
10:06:00	16.07	0.01	21	33747	买盘
10:05:57	16.06	-0.01	10	16059	卖盘
10:05:51	16.07	--	14	22498	买盘
10:05:48	16.07	0.01	10	16070	买盘
10:05:36	16.06	0.02	52	83512	买盘
10:05:30	16.04	-0.02	16	25664	卖盘
10:05:27	16.06	--	14	22484	买盘
10:05:24	16.06	--	10	16059	买盘
10:05:21	16.06	0.02	1	1605	买盘
10:05:18	16.04	--	3	4812	买盘
10:05:15	16.04	-0.01	58	93032	卖盘
10:05:12	16.05	0.01	171	274455	买盘
10:05:03	16.04	0.04	20	32080	买盘
10:04:54	16.0	--	8	12800	买盘
10:04:48	16.0	0.01	1	1600	买盘
10:04:42	15.99	--	54	86346	买盘
10:04:39	15.99	--	42	67158	买盘
10:04:33	15.99	0.01	7	11193	买盘
10:04:30	15.98	--	8	12784	卖盘
10:04:24	15.98	--	93	148614	买盘
10:04:21	15.98	--	7	11186	买盘
10:04:18	15.98	--	172	274856	买盘
10:04:15	15.98	--	4	6392	买盘
10:04:12	15.98	0.01	13	20774	买盘
10:04:09	15.97	-0.01	1	1597	卖盘
10:04:06	15.98	--	24	38352	买盘
10:04:03	15.98	0.01	2	3196	买盘
10:04:00	15.97	--	5	7985	卖盘
10:03:54	15.97	--	33	52732	买盘
10:03:51	15.97	--	46	73462	买盘
10:03:48	15.97	--	89	142133	买盘
10:03:45	15.97	--	16	25552	买盘
10:03:42	15.97	--	45	71865	买盘
10:03:39	15.97	--	8	12776	买盘
10:03:36	15.97	--	40	63880	买盘
10:03:33	15.97	--	10	15970	买盘
10:03:30	15.97	--	25	39925	买盘
10:03:27	15.97	--	4	6388	买盘
10:03:24	15.97	--	68	108596	买盘
10:03:21	15.97	--	30	48708	买盘
10:03:18	15.97	--	10	15970	买盘
10:03:15	15.97	--	10	15970	买盘
10:03:12	15.97	0.01	20	31940	买盘
10:03:09	15.96	-0.01	8	12768	卖盘
10:03:06	15.97	--	31	49507	买盘
10:03:00	15.97	--	76	121372	买盘
10:02:54	15.97	--	23	36731	买盘
10:02:51	15.97	0.02	7	11179	买盘
10:02:42	15.95	-0.01	46	73370	卖盘
10:02:39	15.96	--	1	1596	买盘
10:02:36	15.96	--	19	30324	买盘
10:02:33	15.96	0.01	10	15960	买盘
10:02:30	15.95	--	21	33495	卖盘
10:02:27	15.95	--	28	44660	卖盘
10:02:21	15.95	-0.01	20	31900	中性盘
10:02:15	15.96	0.01	40	63840	买盘
10:02:12	15.95	--	32	51040	买盘
10:02:09	15.95	-0.01	279	446568	卖盘
10:02:06	15.96	--	15	23940	买盘
10:02:03	15.96	--	11	17556	买盘
10:02:00	15.96	--	101	161196	买盘
10:01:57	15.96	--	30	47880	买盘
10:01:51	15.96	-0.01	17	27132	卖盘
10:01:48	15.97	--	125	199625	买盘
10:01:45	15.97	--	17	27149	买盘
10:01:42	15.97	0.01	14	22358	买盘
10:01:39	15.96	0.01	12	19152	中性盘
10:01:33	15.95	--	9	14355	卖盘
10:01:30	15.95	-0.01	50	79750	卖盘
10:01:27	15.96	--	45	71851	买盘
10:01:24	15.96	--	7	12736	卖盘
10:01:21	15.96	-0.01	24	38335	中性盘
10:01:15	15.97	0.01	35	55895	买盘
10:01:12	15.96	-0.01	35	55860	卖盘
10:01:09	15.97	0.02	19	30343	买盘
10:01:03	15.95	-0.01	215	342925	卖盘
10:01:00	15.96	-0.01	22	35112	卖盘
10:00:51	15.97	--	29	46313	卖盘
10:00:48	15.97	--	12	19164	卖盘
10:00:45	15.97	--	13	20761	卖盘
10:00:42	15.97	0.01	26	41522	买盘
10:00:39	15.96	--	47	75012	卖盘
10:00:36	15.96	-0.01	68	108528	卖盘
10:00:33	15.97	--	36	57492	卖盘
10:00:30	15.97	--	22	35134	卖盘
10:00:24	15.97	--	19	30343	买盘
10:00:18	15.97	--	4	6388	买盘
10:00:15	15.97	--	30	47910	买盘
10:00:12	15.97	-0.01	3	4791	中性盘
10:00:06	15.98	0.01	105	167790	买盘
10:00:03	15.97	0.01	21	33537	买盘
10:00:00	15.96	-0.02	237	378252	卖盘
09:59:57	15.98	--	9	14382	买盘
09:59:54	15.98	--	113	180574	买盘
09:59:51	15.98	0.01	30	47940	中性盘
09:59:48	15.97	-0.01	248	396056	卖盘
09:59:45	15.98	--	24	38352	买盘
09:59:42	15.98	--	94	150212	卖盘
09:59:39	15.98	-0.01	18	28764	买盘
09:59:36	15.99	--	2	3198	买盘
09:59:33	15.99	0.02	15	23985	买盘
09:59:27	15.97	-0.02	10	15970	卖盘
09:59:24	15.99	--	30	47970	买盘
09:59:21	15.99	--	27	43173	买盘
09:59:18	15.99	0.01	11	17589	买盘
09:59:15	15.98	-0.01	39	62322	中性盘
09:59:12	15.99	0.01	202	322998	买盘
09:59:09	15.98	-0.01	8	12784	卖盘
09:59:06	15.99	0.01	15	23985	买盘
09:59:03	15.98	-0.01	19	30362	卖盘
09:59:00	15.99	0.01	95	151905	卖盘
09:58:57	15.98	-0.01	31	49538	卖盘
09:58:54	15.99	--	11	17589	卖盘
09:58:51	15.99	--	18	28782	卖盘
09:58:48	15.99	--	45	71955	卖盘
09:58:45	15.99	-0.01	24	38376	卖盘
09:58:42	16.0	--	23	36800	买盘
09:58:39	16.0	--	17	27200	卖盘
09:58:36	16.0	-0.01	82	131200	卖盘
09:58:33	16.01	0.01	25	40025	买盘
09:58:30	16.0	--	29	46400	卖盘
09:58:27	16.0	--	239	382400	卖盘
09:58:24	16.0	--	35	56000	卖盘
09:58:21	16.0	-0.01	47	75200	卖盘
09:58:18	16.01	--	71	113671	买盘
09:58:12	16.01	0.01	5	8005	买盘
09:58:09	16.0	-0.01	23	36800	卖盘
09:58:06	16.01	--	15	24015	买盘
09:58:03	16.01	-0.01	42	67242	卖盘
09:58:00	16.02	0.02	147	235494	买盘
09:57:54	16.0	-0.02	520	832000	卖盘
09:57:51	16.02	--	56	89712	买盘
09:57:48	16.02	--	16	25632	买盘
09:57:45	16.02	-0.03	51	81702	卖盘
09:57:39	16.05	--	11	17655	买盘
09:57:33	16.05	--	11	17655	买盘
09:57:30	16.05	--	208	333840	买盘
09:57:27	16.05	--	12	19260	买盘
09:57:24	16.05	0.03	22	35310	中性盘
09:57:18	16.02	-0.01	170	272340	卖盘
09:57:12	16.03	-0.02	39	62517	卖盘
09:57:09	16.05	-0.01	2	3210	卖盘
09:57:06	16.06	0.03	13	20878	买盘
09:57:03	16.03	--	7	11221	买盘
09:57:00	16.03	-0.02	34	54502	卖盘
09:56:57	16.05	0.02	41	65805	买盘
09:56:54	16.03	-0.02	13	20839	卖盘
09:56:45	16.05	--	23	36915	买盘
09:56:42	16.05	--	42	67410	买盘
09:56:39	16.05	0.01	20	32100	买盘
09:56:36	16.04	0.02	8	12832	中性盘
09:56:33	16.02	-0.03	15	24030	卖盘
09:56:30	16.05	0.03	71	113955	买盘
09:56:24	16.02	-0.03	10	16020	卖盘
09:56:21	16.05	--	16	25680	买盘
09:56:18	16.05	0.03	33	52965	买盘
09:56:15	16.02	-0.03	71	113742	卖盘
09:56:12	16.05	0.01	105	168525	买盘
09:56:09	16.04	--	15	24060	买盘
09:56:06	16.04	--	11	17644	买盘
09:56:03	16.04	--	5	8020	买盘
09:56:00	16.04	--	2	3208	卖盘
09:55:57	16.04	-0.01	8	12832	卖盘
09:55:54	16.05	0.01	102	163710	买盘
09:55:51	16.04	--	21	33684	卖盘
09:55:48	16.04	--	4	6416	卖盘
09:55:45	16.04	0.02	292	468368	买盘
09:55:42	16.02	-0.02	22	35244	卖盘
09:55:39	16.04	0.03	28	44912	买盘
09:55:30	16.01	0.01	1	1601	卖盘
09:55:27	16.0	-0.04	68	108800	卖盘
09:55:24	16.04	--	109	174836	买盘
09:55:21	16.04	0.04	13	20852	买盘
09:55:18	16.0	--	7	11200	卖盘
09:55:15	16.0	--	20	32000	卖盘
09:55:12	16.0	--	163	260800	卖盘
09:55:09	16.0	-0.01	55	88000	卖盘
09:55:06	16.01	--	170	272170	买盘
09:55:03	16.01	0.01	69	110469	买盘
09:55:00	16.0	--	101	161600	卖盘
09:54:54	16.0	-0.01	2	3200	卖盘
09:54:51	16.01	--	84	134484	买盘
09:54:48	16.01	--	21	33621	买盘
09:54:45	16.01	--	91	145691	卖盘
09:54:42	16.01	-0.01	11	17611	卖盘
09:54:39	16.02	0.01	45	72090	买盘
09:54:36	16.01	-0.01	119	190519	卖盘
09:54:27	16.02	0.01	10	16020	买盘
09:54:24	16.01	--	25	40025	卖盘
09:54:21	16.01	--	15	24015	卖盘
09:54:18	16.01	-0.01	10	16010	卖盘
09:54:12	16.02	--	216	346032	卖盘
09:54:09	16.02	-0.01	209	334818	卖盘
09:54:03	16.03	--	28	44884	买盘
09:54:00	16.03	-0.01	50	80150	卖盘
09:53:57	16.04	--	25	40100	买盘
09:53:54	16.04	0.01	43	68972	买盘
09:53:51	16.03	--	5	8015	卖盘
09:53:45	16.03	-0.01	225	360675	卖盘
09:53:42	16.04	-0.01	21	33684	卖盘
09:53:39	16.05	0.01	34	54570	买盘
09:53:36	16.04	-0.01	23	36892	卖盘
09:53:33	16.05	--	13	20865	买盘
09:53:30	16.05	0.01	71	113955	买盘
09:53:27	16.04	-0.02	48	76992	卖盘
09:53:24	16.06	0.01	40	64239	买盘
09:53:21	16.05	--	34	54570	买盘
09:53:18	16.05	--	2	3210	买盘
09:53:15	16.05	--	57	91485	买盘
09:53:12	16.05	-0.02	94	150870	卖盘
09:53:06	16.07	0.02	5	8035	买盘
09:53:00	16.05	-0.02	86	138030	卖盘
09:52:57	16.07	0.01	20	32140	买盘
09:52:54	16.06	-0.01	2	3211	中性盘
09:52:51	16.07	0.02	5	8035	买盘
09:52:48	16.05	-0.01	116	186180	卖盘
09:52:45	16.06	--	90	144540	买盘
09:52:42	16.06	--	28	44968	买盘
09:52:39	16.06	0.01	14	22484	买盘
09:52:36	16.05	-0.01	23	36915	卖盘
09:52:33	16.06	0.01	10	16059	买盘
09:52:30	16.05	--	17	27285	卖盘
09:52:27	16.05	--	30	48150	卖盘
09:52:21	16.05	-0.01	17	27285	卖盘
09:52:18	16.06	--	21	33726	买盘
09:52:15	16.06	--	4	6423	卖盘
09:52:12	16.06	0.01	36	57815	中性盘
09:52:09	16.05	-0.01	78	125190	卖盘
09:52:06	16.06	0.01	153	245717	买盘
09:52:00	16.05	-0.01	4	6420	卖盘
09:51:57	16.06	-0.01	7	11242	中性盘
09:51:54	16.07	0.01	68	109276	买盘
09:51:51	16.06	-0.01	10	16059	卖盘
09:51:48	16.07	0.01	63	101241	买盘
09:51:45	16.06	-0.01	226	362956	卖盘
09:51:39	16.07	0.01	11	17677	中性盘
09:51:36	16.06	--	35	56209	卖盘
09:51:33	16.06	-0.01	35	56209	卖盘
09:51:30	16.07	--	10	16070	买盘
09:51:27	16.07	--	10	16070	买盘
09:51:24	16.07	--	11	17677	中性盘
09:51:21	16.07	--	17	27319	买盘
09:51:18	16.07	--	61	98027	买盘
09:51:15	16.07	-0.01	11	17677	卖盘
09:51:12	16.08	--	16	25727	买盘
09:51:06	16.08	--	1	1607	买盘
09:51:00	16.08	--	7	11255	卖盘
09:50:57	16.08	--	18	28943	卖盘
09:50:48	16.08	-0.01	57	91655	卖盘
09:50:45	16.09	0.01	14	22526	买盘
09:50:42	16.08	-0.01	14	22511	卖盘
09:50:36	16.09	--	1	1609	买盘
09:50:33	16.09	--	10	16090	买盘
09:50:30	16.09	-0.01	30	48270	卖盘
09:50:24	16.1	0.01	53	85330	买盘
09:50:21	16.09	-0.01	42	67578	卖盘
09:50:15	16.1	--	70	112700	买盘
09:50:12	16.1	--	65	104650	买盘
09:50:09	16.1	-0.01	189	304290	卖盘
09:50:06	16.11	--	5	8055	买盘
09:50:03	16.11	--	18	28998	买盘
09:50:00	16.11	0.01	7	11277	买盘
09:49:57	16.1	-0.01	80	128800	卖盘
09:49:54	16.11	--	100	161100	买盘
09:49:45	16.11	--	29	46719	卖盘
09:49:42	16.11	--	3	4833	卖盘
09:49:36	16.11	-0.01	50	80550	卖盘
09:49:33	16.12	--	8	12896	买盘
09:49:30	16.12	--	10	16120	中性盘
09:49:27	16.12	--	50	80600	卖盘
09:49:24	16.12	--	6	9672	卖盘
09:49:21	16.12	--	79	127348	卖盘
09:49:18	16.12	--	17	27404	卖盘
09:49:15	16.12	--	10	16120	卖盘
09:49:12	16.12	--	2	3224	卖盘
09:49:09	16.12	--	110	177320	卖盘
09:49:06	16.12	-0.01	41	66092	卖盘
09:49:03	16.13	0.01	7	11291	买盘
09:48:57	16.12	--	3	4836	卖盘
09:48:54	16.12	-0.01	21	33852	卖盘
09:48:48	16.13	--	20	33856	卖盘
09:48:45	16.13	-0.01	13	20969	卖盘
09:48:42	16.14	0.01	18	29052	买盘
09:48:39	16.13	--	41	66133	卖盘
09:48:33	16.13	-0.01	2	3226	卖盘
09:48:30	16.14	0.01	10	16140	买盘
09:48:24	16.13	--	44	70972	卖盘
09:48:21	16.13	-0.01	36	58068	卖盘
09:48:18	16.14	--	35	56490	卖盘
09:48:15	16.14	--	20	32280	卖盘
09:48:12	16.14	--	6	9684	卖盘
09:48:09	16.14	--	11	17754	卖盘
09:48:06	16.14	-0.01	300	484200	卖盘
09:48:03	16.15	--	1	1614	卖盘
09:48:00	16.15	-0.01	21	33915	卖盘
09:47:57	16.16	--	55	88880	卖盘
09:47:54	16.16	--	18	29088	卖盘
09:47:51	16.16	--	14	22624	卖盘
09:47:48	16.16	--	8	12928	卖盘
09:47:45	16.16	--	21	33936	卖盘
09:47:42	16.16	--	37	59792	卖盘
09:47:39	16.16	-0.01	50	80800	卖盘
09:47:30	16.17	--	7	11319	买盘
09:47:18	16.17	--	55	88935	卖盘
09:47:15	16.17	--	100	161700	卖盘
09:47:03	16.17	--	50	80850	卖盘
09:46:54	16.17	0.01	13	21021	买盘
09:46:51	16.16	-0.01	50	80800	卖盘
09:46:48	16.17	--	6	9702	买盘
09:46:45	16.17	0.01	20	32340	买盘
09:46:33	16.16	-0.01	33	53328	卖盘
09:46:30	16.17	0.01	8	12936	买盘
09:46:24	16.16	--	34	54944	卖盘
09:46:18	16.16	-0.01	18	29088	卖盘
09:46:15	16.17	0.01	10	16170	买盘
09:46:12	16.16	--	1	1616	卖盘
09:46:06	16.16	0.01	43	69536	买盘
09:46:00	16.15	-0.01	155	250324	卖盘
09:45:57	16.16	--	35	56560	买盘
09:45:51	16.16	--	30	48480	买盘
09:45:42	16.16	--	6	9696	买盘
09:45:36	16.16	--	21	33936	买盘
09:45:30	16.16	--	11	17776	买盘
09:45:27	16.16	--	5	8080	买盘
09:45:21	16.16	--	122	197152	卖盘
09:45:18	16.16	--	12	19392	卖盘
09:45:12	16.16	--	14	22624	卖盘
09:45:09	16.16	0.01	9	14544	中性盘
09:44:54	16.15	-0.02	129	208334	卖盘
09:44:51	16.17	--	2	3234	买盘
09:44:45	16.17	--	9	14553	卖盘
09:44:42	16.17	--	1	1617	卖盘
09:44:39	16.17	-0.01	30	48510	卖盘
09:44:36	16.18	--	9	14562	买盘
09:44:27	16.18	--	5	8090	买盘
09:44:21	16.18	--	1	1618	买盘
09:44:18	16.18	--	36	58248	卖盘
09:44:15	16.18	--	14	22652	卖盘
09:44:12	16.18	-0.01	1	1618	卖盘
09:44:09	16.19	0.01	2	3238	买盘
09:43:57	16.18	--	5	8090	买盘
09:43:54	16.18	--	12	19416	买盘
09:43:45	16.18	-0.01	38	61484	卖盘
09:43:42	16.19	-0.01	2	3238	卖盘
09:43:36	16.2	--	22	35640	买盘
09:43:27	16.2	--	6	9720	买盘
09:43:18	16.2	0.03	8	12960	买盘
09:43:09	16.17	-0.02	237	383229	卖盘
09:43:03	16.19	--	2	3238	卖盘
09:42:57	16.19	0.01	143	231517	买盘
09:42:51	16.18	--	6	9708	卖盘
09:42:48	16.18	-0.01	4	6472	卖盘
09:42:45	16.19	--	2	3238	买盘
09:42:39	16.19	--	7	11333	买盘
09:42:33	16.19	0.01	2	3238	买盘
09:42:27	16.18	-0.01	10	16180	卖盘
09:42:21	16.19	0.01	2	3238	买盘
09:42:18	16.18	--	9	14562	卖盘
09:42:15	16.18	--	6	9708	卖盘
09:42:12	16.18	0.01	60	97080	买盘
09:42:09	16.17	--	47	75999	卖盘
09:42:03	16.17	-0.01	12	19404	卖盘
09:42:00	16.18	0.02	1	1618	买盘
09:41:57	16.16	-0.01	102	164832	卖盘
09:41:54	16.17	-0.01	5	8085	卖盘
09:41:48	16.18	0.02	1	1618	买盘
09:41:45	16.16	-0.02	20	32320	卖盘
09:41:39	16.18	0.01	43	69574	买盘
09:41:33	16.17	-0.01	10	16170	中性盘
09:41:30	16.18	--	3	4854	买盘
09:41:27	16.18	--	6	9708	买盘
09:41:18	16.18	0.02	13	21034	买盘
09:41:15	16.16	--	52	84032	卖盘
09:41:06	16.16	-0.01	50	80800	卖盘
09:41:03	16.17	--	2	3234	卖盘
09:41:00	16.17	0.02	41	66297	买盘
09:40:42	16.15	0.01	64	103359	买盘
09:40:39	16.14	-0.01	8	12912	卖盘
09:40:33	16.15	--	27	43604	买盘
09:40:30	16.15	--	2	3229	买盘
09:40:27	16.15	--	33	53294	买盘
09:40:24	16.15	0.01	12	19380	买盘
09:40:21	16.14	-0.01	20	32280	卖盘
09:40:18	16.15	--	57	92054	买盘
09:40:15	16.15	0.01	9	14534	买盘
09:40:12	16.14	-0.01	52	83928	卖盘
09:40:03	16.15	0.01	107	172804	买盘
09:39:57	16.14	-0.01	26	41964	卖盘
09:39:54	16.15	0.01	20	32299	买盘
09:39:51	16.14	-0.01	50	80700	卖盘
09:39:48	16.15	--	5	8074	买盘
09:39:45	16.15	--	17	27454	买盘
09:39:39	16.15	--	8	12919	买盘
09:39:33	16.15	--	8	12919	买盘
09:39:30	16.15	--	47	75905	买盘
09:39:27	16.15	--	22	35530	买盘
09:39:21	16.15	--	5	8074	买盘
09:39:18	16.15	-0.01	133	214794	卖盘
09:39:12	16.16	--	2	3232	卖盘
09:39:09	16.16	--	21	33936	买盘
09:39:06	16.16	--	20	32320	买盘
09:38:51	16.16	--	12	19392	买盘
09:38:45	16.16	0.01	8	12928	买盘
09:38:39	16.15	0.01	170	274550	买盘
09:38:30	16.14	--	3	4842	卖盘
09:38:27	16.14	0.01	5	9651	买盘
09:38:21	16.13	-0.01	20	32259	中性盘
09:38:15	16.14	0.01	150	242100	买盘
09:38:09	16.13	--	2	3226	买盘
09:38:03	16.13	--	8	12936	卖盘
09:38:00	16.13	-0.01	5	8064	卖盘
09:37:57	16.14	0.01	6	9684	买盘
09:37:54	16.13	--	96	156428	买盘
09:37:51	16.13	--	18	29034	买盘
09:37:48	16.13	--	40	64552	卖盘
09:37:45	16.13	--	10	17710	卖盘
09:37:42	16.13	--	14	22582	卖盘
09:37:39	16.13	--	6	9678	卖盘
09:37:36	16.13	--	39	62906	买盘
09:37:33	16.13	--	6	9678	卖盘
09:37:30	16.13	--	2	3226	买盘
09:37:24	16.13	--	128	206464	卖盘
09:37:21	16.13	--	37	59680	卖盘
09:37:15	16.13	--	5	8064	卖盘
09:37:12	16.13	-0.01	17	27421	卖盘
09:37:09	16.14	0.01	21	33894	买盘
09:37:06	16.13	-0.01	21	33873	卖盘
09:37:03	16.14	0.01	50	80700	买盘
09:37:00	16.13	-0.01	2	3226	卖盘
09:36:54	16.14	--	25	40350	买盘
09:36:51	16.14	--	1	1614	中性盘
09:36:45	16.14	--	12	19368	卖盘
09:36:42	16.14	--	14	22596	卖盘
09:36:39	16.14	-0.01	11	17754	卖盘
09:36:33	16.15	0.01	62	100129	买盘
09:36:30	16.14	--	10	16140	卖盘
09:36:24	16.14	-0.01	12	19368	卖盘
09:36:18	16.15	-0.01	81	130814	中性盘
09:36:15	16.16	--	103	166448	买盘
09:36:09	16.16	-0.01	2	3232	买盘
09:36:06	16.17	--	8	12936	买盘
09:36:00	16.17	--	17	27489	买盘
09:35:57	16.17	--	29	46893	买盘
09:35:51	16.17	-0.01	3	4851	中性盘
09:35:39	16.18	0.01	16	25888	买盘
09:35:36	16.17	-0.01	5	8085	卖盘
09:35:33	16.18	0.01	3	4854	买盘
09:35:27	16.17	-0.01	4	6468	卖盘
09:35:24	16.18	0.01	107	173126	买盘
09:35:21	16.17	--	117	189189	买盘
09:35:18	16.17	0.02	2	3234	买盘
09:35:15	16.15	-0.02	2	3229	卖盘
09:35:09	16.17	-0.01	7	11319	中性盘
09:35:03	16.18	--	50	80900	买盘
09:35:00	16.18	0.04	24	38832	买盘
09:34:57	16.14	-0.06	41	66174	卖盘
09:34:54	16.2	0.02	50	81000	买盘
09:34:51	16.18	0.04	1	1618	买盘
09:34:48	16.14	--	30	48420	卖盘
09:34:45	16.14	-0.04	58	93612	卖盘
09:34:42	16.18	--	4	6472	买盘
09:34:39	16.18	0.03	42	67956	买盘
09:34:36	16.15	--	39	62984	买盘
09:34:33	16.15	--	91	146965	买盘
09:34:30	16.15	--	37	59754	买盘
09:34:27	16.15	0.01	13	20994	买盘
09:34:24	16.14	0.01	46	74244	买盘
09:34:21	16.13	--	4	6452	卖盘
09:34:18	16.13	-0.01	15	24195	卖盘
09:34:15	16.14	0.01	2	3228	买盘
09:34:12	16.13	0.01	1	1613	中性盘
09:34:09	16.12	-0.01	20	32240	卖盘
09:34:03	16.13	0.02	14	22582	买盘
09:34:00	16.11	-0.01	50	80550	卖盘
09:33:57	16.12	--	1	1612	卖盘
09:33:54	16.12	--	2	3224	卖盘
09:33:48	16.12	-0.02	8	12896	卖盘
09:33:45	16.14	0.01	5	8070	买盘
09:33:42	16.13	-0.01	13	20969	卖盘
09:33:39	16.14	--	25	40350	买盘
09:33:36	16.14	--	2	3228	买盘
09:33:33	16.14	--	31	50034	买盘
09:33:27	16.14	-0.01	19	30666	卖盘
09:33:18	16.15	--	2	3229	买盘
09:33:15	16.15	-0.01	60	96899	中性盘
09:33:09	16.16	--	85	137360	买盘
09:33:06	16.16	--	6	9696	卖盘
09:32:57	16.16	--	3	4848	卖盘
09:32:51	16.16	-0.01	8	12928	卖盘
09:32:48	16.17	-0.01	6	9702	卖盘
09:32:45	16.18	--	17	27506	卖盘
09:32:42	16.18	--	11	17798	卖盘
09:32:39	16.18	--	5	8090	卖盘
09:32:33	16.18	-0.02	26	42068	卖盘
09:32:27	16.2	0.03	30	48600	买盘
09:32:15	16.17	-0.01	7	11319	卖盘
09:32:03	16.18	--	15	24270	买盘
09:32:00	16.18	-0.02	36	58248	卖盘
09:31:57	16.2	-0.02	6	9720	中性盘
09:31:51	16.22	0.02	16	25952	买盘
09:31:48	16.2	--	1	1620	卖盘
09:31:45	16.2	--	6	9720	卖盘
09:31:42	16.2	--	34	55080	卖盘
09:31:39	16.2	--	60	97200	卖盘
09:31:36	16.2	--	5	8100	卖盘
09:31:33	16.2	--	64	103680	买盘
09:31:30	16.2	0.06	112	181440	买盘
09:31:27	16.14	-0.01	20	32280	卖盘
09:31:24	16.15	-0.04	19	30684	卖盘
09:31:21	16.19	0.04	10	16190	买盘
09:31:18	16.15	--	9	14534	卖盘
09:31:09	16.15	-0.05	30	48449	卖盘
09:31:06	16.2	--	30	48600	买盘
09:30:57	16.2	0.05	5	8100	买盘
09:30:54	16.15	-0.05	10	16149	卖盘
09:30:51	16.2	--	7	11340	买盘
09:30:48	16.2	-0.03	16	25920	卖盘
09:30:42	16.23	0.03	2	3246	中性盘
09:30:39	16.2	--	10	16200	卖盘
09:30:30	16.2	0.07	5	8100	买盘
09:30:24	16.13	-0.02	2	3226	卖盘
09:30:21	16.15	--	8	12919	中性盘
09:30:18	16.15	0.02	50	80750	买盘
09:30:15	16.13	--	12	19356	卖盘
09:30:12	16.13	--	23	37099	卖盘
09:30:09	16.13	-0.24	58	93554	卖盘
09:30:06	16.37	--	51	83487	卖盘
09:30:03	16.37	0.22	462	756294	买盘
09:30:00	16.15	0.03	7	11304	买盘
09:25:03	16.12	16.12	86	138632	买盘
