成交时间	成交价	价格变动	成交量(手)	成交额(元)	性质
15:00:03	31.48	--	2191	6897268	买盘
14:57:00	31.48	0.03	38	119624	买盘
14:56:57	31.45	--	21	66045	卖盘
14:56:54	31.45	-0.02	19	59755	卖盘
14:56:51	31.47	0.03	9	28323	买盘
14:56:48	31.44	-0.03	75	235800	卖盘
14:56:45	31.47	--	62	195114	买盘
14:56:42	31.47	0.03	12	37764	买盘
14:56:39	31.44	-0.03	226	710544	买盘
14:56:36	31.47	0.03	2	6294	买盘
14:56:33	31.44	-0.03	1	3144	卖盘
14:56:30	31.47	--	8	25176	买盘
14:56:27	31.47	0.04	15	47205	买盘
14:56:24	31.43	0.01	8	25144	买盘
14:56:21	31.42	--	17	53414	买盘
14:56:18	31.42	--	6	18852	卖盘
14:56:09	31.42	--	7	21994	卖盘
14:56:06	31.42	0.03	25	78550	买盘
14:56:03	31.39	--	205	645064	买盘
14:56:00	31.39	--	15	47085	买盘
14:55:57	31.39	--	50	156950	买盘
14:55:54	31.39	-0.01	74	233855	卖盘
14:55:51	31.4	0.01	13	40820	中性盘
14:55:45	31.39	--	26	81614	卖盘
14:55:42	31.39	-0.01	40	127129	卖盘
14:55:39	31.4	0.01	38	119320	买盘
14:55:36	31.39	--	67	210313	买盘
14:55:33	31.39	--	51	160089	买盘
14:55:30	31.39	-0.01	82	257398	卖盘
14:55:27	31.4	0.01	50	157000	买盘
14:55:24	31.39	--	3	9417	卖盘
14:55:21	31.39	--	105	329595	卖盘
14:55:15	31.39	-0.01	62	194618	买盘
14:55:12	31.4	0.03	30	94200	买盘
14:55:09	31.37	-0.03	26	81562	卖盘
14:55:06	31.4	--	7	21980	买盘
14:55:03	31.4	0.02	61	191540	买盘
14:55:00	31.38	--	1	3138	买盘
14:54:57	31.38	-0.02	56	175728	卖盘
14:54:54	31.4	--	10	31400	买盘
14:54:51	31.4	0.02	8	25120	买盘
14:54:48	31.38	--	24	75312	卖盘
14:54:45	31.38	--	40	125520	卖盘
14:54:42	31.38	-0.01	21	65898	卖盘
14:54:39	31.39	--	24	75336	买盘
14:54:36	31.39	--	10	31390	买盘
14:54:30	31.39	--	5	15695	买盘
14:54:27	31.39	--	7	21973	买盘
14:54:21	31.39	0.01	10	31390	买盘
14:54:18	31.38	-0.02	38	119244	卖盘
14:54:15	31.4	--	16	50240	买盘
14:54:12	31.4	--	29	91060	买盘
14:54:09	31.4	0.01	69	216660	买盘
14:54:06	31.39	--	16	50224	卖盘
14:54:03	31.39	-0.01	28	87892	卖盘
14:54:00	31.4	--	12	37680	买盘
14:53:57	31.4	--	40	125600	买盘
14:53:54	31.4	--	1	3140	买盘
14:53:51	31.4	-0.01	89	281030	卖盘
14:53:48	31.41	--	53	166473	买盘
14:53:45	31.41	0.01	4	12564	买盘
14:53:42	31.4	-0.01	70	219800	卖盘
14:53:39	31.41	0.01	11	34551	买盘
14:53:36	31.4	-0.01	48	150720	卖盘
14:53:33	31.41	--	30	94230	买盘
14:53:30	31.41	--	10	31410	买盘
14:53:27	31.41	0.01	9	28269	买盘
14:53:21	31.4	-0.01	30	94200	卖盘
14:53:18	31.41	--	3	9423	买盘
14:53:15	31.41	--	12	37692	买盘
14:53:12	31.41	--	53	166473	买盘
14:53:09	31.41	0.01	9	28269	买盘
14:53:06	31.4	-0.01	90	282600	卖盘
14:53:03	31.41	--	17	53397	买盘
14:53:00	31.41	--	19	59679	买盘
14:52:57	31.41	--	43	136633	买盘
14:52:54	31.41	-0.03	254	797814	卖盘
14:52:51	31.44	0.01	1	3144	买盘
14:52:48	31.43	--	1	3143	卖盘
14:52:45	31.43	0.02	1	3143	买盘
14:52:39	31.41	0.01	2	6282	中性盘
14:52:33	31.4	--	2	6280	卖盘
14:52:30	31.4	--	5	15700	卖盘
14:52:27	31.4	0.01	15	47100	买盘
14:52:24	31.39	-0.01	6	18834	卖盘
14:52:21	31.4	0.01	28	87920	买盘
14:52:18	31.39	--	1	3139	买盘
14:52:15	31.39	--	5	15695	买盘
14:52:12	31.39	--	5	15695	买盘
14:52:09	31.39	0.03	1	3139	买盘
14:52:06	31.36	-0.01	23	72128	中性盘
14:52:03	31.37	0.01	21	65877	买盘
14:52:00	31.36	0.06	19	59584	卖盘
14:51:57	31.3	-0.07	305	954650	卖盘
14:51:54	31.37	0.01	2	6274	买盘
14:51:48	31.36	0.02	2	6272	中性盘
14:51:45	31.34	--	13	40742	卖盘
14:51:42	31.34	0.02	2	6268	中性盘
14:51:39	31.32	--	24	75168	卖盘
14:51:36	31.32	--	4	12528	卖盘
14:51:33	31.32	--	1	3132	卖盘
14:51:30	31.32	0.02	5	15660	买盘
14:51:27	31.3	--	11	34430	卖盘
14:51:24	31.3	--	56	177126	买盘
14:51:21	31.3	0.01	16	50080	买盘
14:51:18	31.29	-0.01	24	75096	卖盘
14:51:15	31.3	0.02	51	159630	买盘
14:51:12	31.28	-0.01	27	84456	卖盘
14:51:09	31.29	--	40	125160	卖盘
14:51:06	31.29	-0.01	496	1551984	卖盘
14:51:03	31.3	0.01	25	79971	买盘
14:51:00	31.29	0.01	104	325416	买盘
14:50:57	31.28	-0.01	347	1085416	卖盘
14:50:54	31.29	-0.01	29	90741	卖盘
14:50:51	31.3	--	19	59470	买盘
14:50:48	31.3	0.01	42	131460	买盘
14:50:45	31.29	--	96	300384	买盘
14:50:42	31.29	--	89	278481	买盘
14:50:39	31.29	-0.01	18	56322	卖盘
14:50:36	31.3	--	491	1536830	买盘
14:50:33	31.3	--	60	187800	买盘
14:50:30	31.3	--	47	147110	买盘
14:50:27	31.3	-0.01	315	986075	卖盘
14:50:24	31.31	-0.01	70	219170	卖盘
14:50:21	31.32	0.01	20	62640	买盘
14:50:18	31.31	-0.02	144	450864	中性盘
14:50:15	31.33	--	1071	3355443	买盘
14:50:12	31.33	--	48	150384	买盘
14:50:09	31.33	--	116	363428	买盘
14:50:06	31.33	-0.01	1591	4987610	卖盘
14:50:03	31.34	--	26	81484	买盘
14:50:00	31.34	0.01	201	629934	买盘
14:49:54	31.33	-0.01	11	34463	卖盘
14:49:51	31.34	0.01	80	253540	买盘
14:49:48	31.33	--	21	65793	卖盘
14:49:45	31.33	--	564	1767012	卖盘
14:49:42	31.33	-0.01	28	87724	卖盘
14:49:39	31.34	0.01	273	855582	买盘
14:49:36	31.33	-0.01	206	645398	卖盘
14:49:33	31.34	0.01	87	272658	买盘
14:49:30	31.33	-0.01	51	159783	卖盘
14:49:27	31.34	--	56	175504	买盘
14:49:24	31.34	0.01	30	94020	买盘
14:49:21	31.33	-0.01	132	413556	卖盘
14:49:18	31.34	--	363	1137642	卖盘
14:49:15	31.34	--	131	410554	买盘
14:49:12	31.34	-0.01	22	68948	中性盘
14:49:09	31.35	--	436	1369493	买盘
14:49:06	31.35	--	290	909150	买盘
14:49:03	31.35	--	13	40755	买盘
14:49:00	31.35	--	45	141075	买盘
14:48:57	31.35	-0.01	34	106590	卖盘
14:48:54	31.36	0.01	122	382592	买盘
14:48:51	31.35	-0.01	99	310365	卖盘
14:48:48	31.36	0.01	236	740096	买盘
14:48:45	31.35	-0.01	209	655215	卖盘
14:48:42	31.36	-0.01	116	363776	卖盘
14:48:39	31.37	0.01	176	552112	买盘
14:48:36	31.36	-0.01	663	2079168	卖盘
14:48:33	31.37	0.01	2	6274	买盘
14:48:27	31.36	--	24	75264	卖盘
14:48:24	31.36	--	8	25088	买盘
14:48:21	31.36	0.01	3	9408	买盘
14:48:18	31.35	0.01	6	18810	中性盘
14:48:15	31.34	--	24	75216	卖盘
14:48:09	31.34	--	117	367492	买盘
14:48:06	31.34	0.01	100	313400	买盘
14:48:03	31.33	-0.01	8	25064	卖盘
14:48:00	31.34	--	8	25072	买盘
14:47:57	31.34	--	12	37608	买盘
14:47:54	31.34	0.01	31	97154	买盘
14:47:51	31.33	--	14	43862	卖盘
14:47:48	31.33	--	41	128453	买盘
14:47:45	31.33	0.01	24	75192	买盘
14:47:42	31.32	-0.02	61	191052	卖盘
14:47:39	31.34	--	99	310266	买盘
14:47:36	31.34	--	105	329070	买盘
14:47:33	31.34	--	52	162968	买盘
14:47:30	31.34	--	133	419141	卖盘
14:47:27	31.34	-0.01	92	288328	卖盘
14:47:24	31.35	0.01	38	119130	买盘
14:47:21	31.34	--	96	300864	卖盘
14:47:18	31.34	--	37	115958	卖盘
14:47:15	31.34	-0.01	43	134762	卖盘
14:47:12	31.35	--	79	247665	卖盘
14:47:09	31.35	-0.01	225	705375	卖盘
14:47:06	31.36	--	66	206976	买盘
14:47:03	31.36	--	46	144256	卖盘
14:47:00	31.36	--	66	206976	卖盘
14:46:57	31.36	-0.02	16	50176	卖盘
14:46:54	31.38	--	46	144348	买盘
14:46:51	31.38	-0.02	55	172590	卖盘
14:46:45	31.4	0.01	210	659400	买盘
14:46:42	31.39	--	3	9417	买盘
14:46:39	31.39	-0.01	99	310761	卖盘
14:46:36	31.4	-0.02	977	3067780	卖盘
14:46:33	31.42	--	275	864050	卖盘
14:46:30	31.42	--	27	84834	买盘
14:46:27	31.42	-0.01	32	100544	卖盘
14:46:24	31.43	-0.01	25	78575	卖盘
14:46:21	31.44	--	3	9432	买盘
14:46:18	31.44	-0.01	16	50304	中性盘
14:46:15	31.45	--	133	418285	买盘
14:46:12	31.45	--	113	355385	买盘
14:46:09	31.45	-0.01	337	1062978	卖盘
14:46:06	31.46	--	72	226512	卖盘
14:46:03	31.46	--	95	298870	卖盘
14:46:00	31.46	-0.01	3	9438	卖盘
14:45:57	31.47	0.01	4	12588	买盘
14:45:45	31.46	-0.01	7	22022	卖盘
14:45:42	31.47	--	28	88116	买盘
14:45:39	31.47	0.01	42	132174	买盘
14:45:36	31.46	--	168	528528	卖盘
14:45:33	31.46	--	19	60812	卖盘
14:45:30	31.46	-0.01	5	15730	卖盘
14:45:27	31.47	0.01	9	28323	买盘
14:45:24	31.46	--	13	40898	卖盘
14:45:21	31.46	--	19	59774	卖盘
14:45:18	31.46	-0.01	1	3146	卖盘
14:45:15	31.47	--	9	28323	中性盘
14:45:12	31.47	0.01	3	9441	中性盘
14:45:09	31.46	-0.02	31	97526	卖盘
14:45:06	31.48	--	1	3148	买盘
14:45:03	31.48	0.02	119	374612	买盘
14:45:00	31.46	-0.01	39	122694	卖盘
14:44:57	31.47	--	19	59793	卖盘
14:44:54	31.47	-0.01	186	585342	卖盘
14:44:51	31.48	-0.03	682	2146936	卖盘
14:44:48	31.51	0.01	6	18906	买盘
14:44:45	31.5	--	5	15750	卖盘
14:44:42	31.5	-0.01	15	47250	卖盘
14:44:39	31.51	0.01	14	44114	买盘
14:44:36	31.5	-0.01	2	6300	卖盘
14:44:33	31.51	--	2	8413	卖盘
14:44:30	31.51	--	5	15755	卖盘
14:44:27	31.51	--	14	44114	卖盘
14:44:24	31.51	0.03	56	177495	买盘
14:44:21	31.48	-0.01	68	214064	卖盘
14:44:18	31.49	-0.02	95	301264	卖盘
14:44:15	31.51	0.01	16	50416	买盘
14:44:09	31.5	--	2	6300	买盘
14:44:03	31.5	--	5	15750	买盘
14:44:00	31.5	-0.01	18	56700	卖盘
14:43:57	31.51	0.01	53	167003	买盘
14:43:54	31.5	--	8	25200	买盘
14:43:48	31.5	0.01	1	3150	中性盘
14:43:45	31.49	-0.02	105	330645	卖盘
14:43:42	31.51	--	5	15755	买盘
14:43:39	31.51	0.01	19	59869	买盘
14:43:36	31.5	--	3	9450	卖盘
14:43:33	31.5	--	38	119700	卖盘
14:43:30	31.5	-0.01	26	81900	卖盘
14:43:27	31.51	0.01	17	53567	买盘
14:43:24	31.5	--	13	40950	卖盘
14:43:21	31.5	-0.01	8	25200	卖盘
14:43:18	31.51	--	30	94530	买盘
14:43:15	31.51	0.01	2	6302	买盘
14:43:12	31.5	--	6	18900	卖盘
14:43:09	31.5	--	27	85050	买盘
14:43:06	31.5	--	3	9450	买盘
14:43:03	31.5	0.01	1	3150	中性盘
14:43:00	31.49	--	121	381029	卖盘
14:42:51	31.49	--	2	6298	卖盘
14:42:45	31.49	--	1	3149	卖盘
14:42:42	31.49	--	4	12596	卖盘
14:42:39	31.49	0.02	10	32529	买盘
14:42:36	31.47	--	15	47205	买盘
14:42:33	31.47	-0.01	49	154203	卖盘
14:42:30	31.48	-0.03	12	39885	卖盘
14:42:27	31.51	0.02	264	831864	买盘
14:42:24	31.49	--	9	28341	买盘
14:42:21	31.49	--	1	3149	买盘
14:42:18	31.49	0.01	5	15745	买盘
14:42:15	31.48	--	4	12592	卖盘
14:42:12	31.48	--	19	60850	卖盘
14:42:09	31.48	--	38	119624	卖盘
14:42:06	31.48	-0.01	5	15740	卖盘
14:42:00	31.49	-0.01	20	62980	卖盘
14:41:57	31.5	0.03	172	541800	买盘
14:41:54	31.47	-0.01	5	15735	卖盘
14:41:51	31.48	-0.01	1	3148	卖盘
14:41:48	31.49	0.03	141	444009	买盘
14:41:45	31.46	-0.01	2	6292	卖盘
14:41:42	31.47	0.01	1	3147	中性盘
14:41:36	31.46	-0.02	8	25199	卖盘
14:41:33	31.48	0.01	81	256467	买盘
14:41:30	31.47	-0.02	25	78675	卖盘
14:41:27	31.49	0.01	10	31490	买盘
14:41:24	31.48	--	32	100736	中性盘
14:41:21	31.48	-0.01	3	9444	卖盘
14:41:18	31.49	0.03	5	15745	买盘
14:41:09	31.46	-0.01	22	69212	卖盘
14:41:06	31.47	0.01	18	56646	卖盘
14:41:03	31.46	-0.01	2	6292	卖盘
14:41:00	31.47	0.01	10	31470	中性盘
14:40:57	31.46	-0.02	114	358644	卖盘
14:40:54	31.48	0.01	24	75552	买盘
14:40:51	31.47	--	57	179379	卖盘
14:40:48	31.47	-0.01	13	40911	卖盘
14:40:45	31.48	0.01	44	138512	买盘
14:40:39	31.47	--	4	12588	卖盘
14:40:36	31.47	--	10	31470	卖盘
14:40:30	31.47	--	5	15735	卖盘
14:40:27	31.47	--	25	78675	买盘
14:40:24	31.47	--	15	47205	买盘
14:40:21	31.47	--	1	3147	买盘
14:40:15	31.47	0.01	1	3147	买盘
14:40:12	31.46	--	4	12584	卖盘
14:40:09	31.46	--	18	56628	卖盘
14:40:06	31.46	-0.01	50	157300	卖盘
14:40:03	31.47	--	88	276936	卖盘
14:39:57	31.47	-0.01	18	56646	卖盘
14:39:54	31.48	0.01	11	34628	中性盘
14:39:51	31.47	-0.02	13	40911	卖盘
14:39:42	31.49	0.01	100	314900	买盘
14:39:39	31.48	-0.02	10	31480	卖盘
14:39:36	31.5	0.01	4	12600	买盘
14:39:33	31.49	--	46	146365	卖盘
14:39:30	31.49	-0.01	1	3149	买盘
14:39:27	31.5	--	53	166950	买盘
14:39:24	31.5	0.02	26	81900	买盘
14:39:18	31.48	-0.02	9	28332	卖盘
14:39:15	31.5	--	58	185188	卖盘
14:39:12	31.5	0.02	565	1780411	买盘
14:39:09	31.48	--	4	13347	卖盘
14:39:06	31.48	--	17	53516	卖盘
14:39:03	31.48	-0.01	57	179436	卖盘
14:39:00	31.49	--	202	638081	卖盘
14:38:57	31.49	-0.01	634	1996466	卖盘
14:38:54	31.5	0.01	23	72450	买盘
14:38:51	31.49	--	54	170046	卖盘
14:38:48	31.49	--	130	409370	卖盘
14:38:45	31.49	--	12	37788	卖盘
14:38:42	31.49	-0.01	34	107066	卖盘
14:38:39	31.5	--	14	44163	卖盘
14:38:36	31.5	--	189	595350	卖盘
14:38:33	31.5	--	44	138600	卖盘
14:38:30	31.5	--	141	444150	卖盘
14:38:27	31.5	-0.01	421	1326150	卖盘
14:38:24	31.51	--	10	31510	买盘
14:38:21	31.51	0.01	4	12604	买盘
14:38:18	31.5	-0.01	10	31500	卖盘
14:38:15	31.51	0.01	16	50416	买盘
14:38:12	31.5	--	7	22050	卖盘
14:38:09	31.5	-0.01	5	15750	卖盘
14:38:06	31.51	0.01	14	44114	买盘
14:38:03	31.5	-0.01	12	37800	卖盘
14:38:00	31.51	--	20	63020	买盘
14:37:57	31.51	--	33	104707	卖盘
14:37:54	31.51	--	178	560878	卖盘
14:37:51	31.51	-0.01	7	22057	卖盘
14:37:48	31.52	0.01	10	31520	买盘
14:37:45	31.51	-0.01	36	113436	卖盘
14:37:42	31.52	0.01	31	97712	买盘
14:37:39	31.51	--	93	293043	卖盘
14:37:36	31.51	-0.01	28	88228	卖盘
14:37:33	31.52	0.01	99	312048	中性盘
14:37:27	31.51	-0.02	298	940510	卖盘
14:37:24	31.53	--	1	3153	买盘
14:37:21	31.53	--	17	53601	买盘
14:37:18	31.53	0.01	100	315300	买盘
14:37:06	31.52	0.01	3	9456	卖盘
14:37:03	31.51	--	1	3151	卖盘
14:36:57	31.51	-0.02	2	6302	卖盘
14:36:54	31.53	--	10	31530	买盘
14:36:48	31.53	0.01	2	6306	买盘
14:36:36	31.52	0.01	3	9456	中性盘
14:36:30	31.51	--	155	488405	卖盘
14:36:27	31.51	-0.01	46	144946	卖盘
14:36:24	31.52	--	177	557904	买盘
14:36:15	31.52	--	7	22064	卖盘
14:36:12	31.52	0.01	13	40976	中性盘
14:36:03	31.51	--	10	31510	卖盘
14:36:00	31.51	--	41	130104	买盘
14:35:57	31.51	--	36	113436	买盘
14:35:54	31.51	0.01	123	387573	买盘
14:35:51	31.5	-0.01	513	1615950	卖盘
14:35:48	31.51	0.01	3	9453	买盘
14:35:45	31.5	-0.01	4	12600	卖盘
14:35:42	31.51	--	10	31510	买盘
14:35:39	31.51	0.01	141	444291	买盘
14:35:36	31.5	-0.03	4	12600	卖盘
14:35:33	31.53	0.02	270	851310	买盘
14:35:30	31.51	--	66	208564	买盘
14:35:27	31.51	--	112	352912	卖盘
14:35:24	31.51	--	32	100832	卖盘
14:35:21	31.51	--	111	349761	卖盘
14:35:18	31.51	--	1	3151	卖盘
14:35:15	31.51	-0.01	4	12604	卖盘
14:35:12	31.52	0.01	14	44128	买盘
14:35:06	31.51	-0.01	1	3151	卖盘
14:35:03	31.52	0.01	5	15760	买盘
14:34:57	31.51	--	13	40963	卖盘
14:34:54	31.51	-0.01	26	81926	卖盘
14:34:51	31.52	--	78	245856	买盘
14:34:48	31.52	--	15	47280	买盘
14:34:45	31.52	0.01	16	50432	买盘
14:34:36	31.51	-0.01	7	22057	卖盘
14:34:33	31.52	--	10	31520	买盘
14:34:30	31.52	0.01	12	37824	买盘
14:34:27	31.51	-0.01	9	28359	卖盘
14:34:24	31.52	--	25	78800	买盘
14:34:21	31.52	0.01	43	135536	买盘
14:34:18	31.51	-0.01	130	409630	卖盘
14:34:15	31.52	--	68	214336	买盘
14:34:12	31.52	0.01	3	9456	买盘
14:34:09	31.51	-0.01	7	22057	卖盘
14:34:06	31.52	--	15	47280	买盘
14:34:03	31.52	0.01	20	63040	买盘
14:34:00	31.51	-0.01	1	3151	卖盘
14:33:57	31.52	-0.01	4	12608	中性盘
14:33:51	31.53	0.02	31	97743	买盘
14:33:48	31.51	--	58	182758	卖盘
14:33:42	31.51	-0.01	7	22057	卖盘
14:33:39	31.52	--	9	28368	卖盘
14:33:36	31.52	0.01	1	3152	卖盘
14:33:33	31.51	-0.01	6	18906	中性盘
14:33:30	31.52	--	2	6304	卖盘
14:33:27	31.52	0.01	30	94560	买盘
14:33:24	31.51	--	38	121250	卖盘
14:33:18	31.51	-0.01	275	866525	卖盘
14:33:15	31.52	--	87	274224	买盘
14:33:12	31.52	--	5	15760	买盘
14:33:03	31.52	--	35	110320	买盘
14:33:00	31.52	--	5	15760	买盘
14:32:54	31.52	0.01	56	176512	买盘
14:32:51	31.51	-0.01	25	78775	卖盘
14:32:48	31.52	--	85	267920	买盘
14:32:39	31.52	0.01	6	18912	买盘
14:32:36	31.51	--	1	3151	卖盘
14:32:33	31.51	--	3	9453	卖盘
14:32:30	31.51	--	16	50416	卖盘
14:32:27	31.51	--	90	284566	买盘
14:32:24	31.51	--	3	9453	买盘
14:32:21	31.51	-0.01	11	34661	中性盘
14:32:18	31.52	0.02	178	561056	买盘
14:32:15	31.5	-0.01	5	15750	卖盘
14:32:12	31.51	-0.01	13	40963	卖盘
14:32:09	31.52	0.01	24	75648	买盘
14:32:06	31.51	--	12	37812	卖盘
14:32:03	31.51	0.01	67	211117	中性盘
14:31:51	31.5	-0.01	115	362250	卖盘
14:31:48	31.51	0.01	11	34661	买盘
14:31:45	31.5	-0.01	391	1231650	卖盘
14:31:42	31.51	-0.01	3	9453	卖盘
14:31:39	31.52	0.02	10	31520	买盘
14:31:36	31.5	-0.02	8	25200	卖盘
14:31:33	31.52	0.02	1	3152	中性盘
14:31:30	31.5	--	115	362250	买盘
14:31:27	31.5	0.01	3	9450	买盘
14:31:24	31.49	0.01	4	13761	卖盘
14:31:21	31.48	--	18	57010	卖盘
14:31:15	31.48	-0.02	9	28332	卖盘
14:31:12	31.5	--	11	34650	中性盘
14:31:09	31.5	-0.03	1	3150	中性盘
14:30:57	31.53	-0.03	3	9459	卖盘
14:30:54	31.56	0.08	39	123084	买盘
14:30:51	31.48	-0.01	51	160548	卖盘
14:30:48	31.49	-0.01	11	34639	卖盘
14:30:45	31.5	-0.03	216	682699	卖盘
14:30:42	31.53	--	9	28377	买盘
14:30:39	31.53	-0.02	1	3153	卖盘
14:30:33	31.55	--	1	3155	买盘
14:30:24	31.55	--	3	9465	中性盘
14:30:15	31.55	--	1	3155	卖盘
14:30:03	31.55	0.05	8	25240	买盘
14:29:57	31.5	-0.06	40	126000	卖盘
14:29:54	31.56	0.08	125	395352	买盘
14:29:51	31.48	--	8	25184	卖盘
14:29:48	31.48	0.01	17	53516	买盘
14:29:45	31.47	-0.02	20	62940	卖盘
14:29:42	31.49	--	35	110215	买盘
14:29:39	31.49	--	4	12596	买盘
14:29:33	31.49	0.01	23	72427	买盘
14:29:30	31.48	--	48	151104	买盘
14:29:27	31.48	--	10	31480	买盘
14:29:21	31.48	--	19	61323	买盘
14:29:18	31.48	--	26	81848	卖盘
14:29:15	31.48	--	15	47220	卖盘
14:29:12	31.48	-0.01	31	97588	卖盘
14:29:06	31.49	0.01	46	144854	中性盘
14:29:03	31.48	-0.01	27	84996	卖盘
14:28:57	31.49	--	41	129109	卖盘
14:28:54	31.49	-0.01	240	755760	卖盘
14:28:51	31.5	-0.06	931	2934949	卖盘
14:28:48	31.56	0.01	15	47340	买盘
14:28:45	31.55	-0.01	4	12620	卖盘
14:28:42	31.56	--	16	50496	卖盘
14:28:39	31.56	--	36	113616	卖盘
14:28:36	31.56	-0.01	4	12624	卖盘
14:28:33	31.57	0.01	7	22099	买盘
14:28:30	31.56	-0.01	10	31560	卖盘
14:28:27	31.57	--	31	97867	买盘
14:28:24	31.57	-0.01	54	171014	卖盘
14:28:21	31.58	0.01	4	12632	买盘
14:28:18	31.57	--	3	9471	卖盘
14:28:15	31.57	--	12	37884	卖盘
14:28:12	31.57	0.01	37	116809	买盘
14:28:09	31.56	--	2	6312	卖盘
14:28:06	31.56	-0.01	3	9468	卖盘
14:28:03	31.57	0.01	12	37884	买盘
14:28:00	31.56	--	9	28404	卖盘
14:27:57	31.56	--	25	78900	卖盘
14:27:54	31.56	--	13	41028	卖盘
14:27:51	31.56	--	46	145176	卖盘
14:27:48	31.56	--	10	31560	卖盘
14:27:42	31.56	-0.01	100	315600	卖盘
14:27:39	31.57	--	47	148379	卖盘
14:27:36	31.57	-0.01	6	18942	卖盘
14:27:33	31.58	0.01	1	3158	中性盘
14:27:27	31.57	-0.02	23	72611	卖盘
14:27:21	31.59	0.01	9	30073	买盘
14:27:18	31.58	--	5	15790	卖盘
14:27:15	31.58	--	4	14147	卖盘
14:27:09	31.58	-0.02	27	85266	卖盘
14:27:03	31.6	0.01	26	82160	买盘
14:27:00	31.59	-0.01	7	22113	卖盘
14:26:57	31.6	-0.01	25	79000	卖盘
14:26:51	31.61	-0.01	4	14540	卖盘
14:26:48	31.62	0.01	14	44268	买盘
14:26:45	31.61	--	1	3161	卖盘
14:26:42	31.61	--	4	12644	卖盘
14:26:39	31.61	--	17	53737	卖盘
14:26:33	31.61	-0.01	1	3161	卖盘
14:26:30	31.62	0.01	2	6324	买盘
14:26:27	31.61	-0.01	2	6322	卖盘
14:26:24	31.62	--	6	18972	卖盘
14:26:21	31.62	--	5	15810	卖盘
14:26:18	31.62	--	4	12648	卖盘
14:26:15	31.62	--	8	25296	卖盘
14:26:12	31.62	--	7	22134	卖盘
14:26:09	31.62	--	27	85374	中性盘
14:26:06	31.62	--	25	79050	卖盘
14:26:03	31.62	--	1	3162	卖盘
14:25:57	31.62	0.01	4	12648	中性盘
14:25:54	31.61	--	100	316100	卖盘
14:25:42	31.61	-0.01	6	18966	卖盘
14:25:39	31.62	0.03	17	55018	买盘
14:25:36	31.59	-0.01	3	9477	卖盘
14:25:33	31.6	--	10	31852	卖盘
14:25:30	31.6	--	13	41080	卖盘
14:25:27	31.6	--	17	53720	卖盘
14:25:24	31.6	-0.01	3	9480	卖盘
14:25:21	31.61	0.01	4	12644	买盘
14:25:15	31.6	--	2	6509	卖盘
14:25:12	31.6	--	9	29767	卖盘
14:25:09	31.6	--	21	66360	卖盘
14:25:06	31.6	--	77	243320	卖盘
14:25:03	31.6	-0.01	26	82160	卖盘
14:25:00	31.61	--	15	49058	卖盘
14:24:57	31.61	--	6	18966	卖盘
14:24:51	31.61	-0.01	26	82186	卖盘
14:24:48	31.62	-0.01	2	6324	卖盘
14:24:45	31.63	0.01	8	25304	买盘
14:24:42	31.62	-0.01	3	9486	卖盘
14:24:39	31.63	0.01	4	12652	买盘
14:24:36	31.62	-0.01	5	15810	卖盘
14:24:33	31.63	--	25	79075	卖盘
14:24:30	31.63	--	1	3163	卖盘
14:24:27	31.63	--	1	3163	卖盘
14:24:24	31.63	--	5	15815	卖盘
14:24:21	31.63	-0.01	21	66423	卖盘
14:24:18	31.64	--	7	22148	买盘
14:24:15	31.64	0.01	5	15820	买盘
14:24:12	31.63	--	2	6326	卖盘
14:24:09	31.63	-0.01	2	6326	卖盘
14:24:06	31.64	--	28	88592	卖盘
14:24:00	31.64	-0.01	1	3164	卖盘
14:23:51	31.65	--	2	6330	买盘
14:23:48	31.65	--	4	12660	买盘
14:23:39	31.65	--	1	3165	买盘
14:23:33	31.65	--	43	137740	卖盘
14:23:30	31.65	--	11	34815	卖盘
14:23:24	31.65	-0.01	30	94950	卖盘
14:23:21	31.66	0.01	7	22162	买盘
14:23:18	31.65	--	14	44310	卖盘
14:23:15	31.65	--	0	664	卖盘
14:23:12	31.65	--	4	13514	卖盘
14:23:09	31.65	--	10	31650	卖盘
14:23:06	31.65	--	2	6330	卖盘
14:23:03	31.65	-0.01	12	37980	卖盘
14:22:57	31.66	0.01	5	15830	买盘
14:22:54	31.65	--	2	6330	卖盘
14:22:51	31.65	-0.01	7	22155	卖盘
14:22:48	31.66	0.01	8	25328	买盘
14:22:45	31.65	-0.01	5	15825	卖盘
14:22:39	31.66	--	4	12664	买盘
14:22:36	31.66	0.01	2	6332	买盘
14:22:30	31.65	-0.01	1	3165	中性盘
14:22:15	31.66	0.03	10	31660	买盘
14:22:12	31.63	-0.03	2	6326	卖盘
14:22:06	31.66	--	54	170964	买盘
14:22:00	31.66	--	6	18996	买盘
14:21:45	31.66	--	6	18996	买盘
14:21:42	31.66	--	1	3166	买盘
14:21:39	31.66	--	5	15830	买盘
14:21:36	31.66	--	1	5667	买盘
14:21:24	31.66	-0.01	27	85482	卖盘
14:21:18	31.67	--	4	12668	买盘
14:21:15	31.67	--	2	6334	买盘
14:21:12	31.67	--	64	204334	卖盘
14:21:09	31.67	--	30	95010	卖盘
14:21:06	31.67	--	4	14188	卖盘
14:21:03	31.67	--	78	247026	卖盘
14:20:57	31.67	--	15	47505	买盘
14:20:54	31.67	--	15	47505	买盘
14:20:51	31.67	--	4	12668	买盘
14:20:48	31.67	0.01	4	12668	买盘
14:20:45	31.66	--	5	15830	中性盘
14:20:39	31.66	--	36	113976	卖盘
14:20:33	31.66	-0.01	3	9498	卖盘
14:20:30	31.67	--	7	22169	买盘
14:20:27	31.67	--	7	22169	卖盘
14:20:24	31.67	0.01	8	25336	买盘
14:20:21	31.66	-0.01	15	47490	卖盘
14:20:18	31.67	0.01	4	12668	买盘
14:20:15	31.66	-0.01	1	3166	卖盘
14:20:12	31.67	--	20	63340	买盘
14:20:09	31.67	-0.01	3	9501	中性盘
14:20:03	31.68	0.02	6	19008	买盘
14:19:57	31.66	--	20	63320	卖盘
14:19:54	31.66	--	5	15830	卖盘
14:19:51	31.66	--	4	12664	买盘
14:19:48	31.66	0.01	8	25328	买盘
14:19:45	31.65	--	7	22155	卖盘
14:19:42	31.65	-0.01	50	158250	卖盘
14:19:39	31.66	0.01	1	3166	买盘
14:19:36	31.65	--	5	15825	卖盘
14:19:33	31.65	--	39	124099	买盘
14:19:30	31.65	0.01	50	158250	买盘
14:19:27	31.64	--	2	6328	卖盘
14:19:24	31.64	--	10	31640	卖盘
14:19:21	31.64	-0.01	1	3164	卖盘
14:19:18	31.65	0.01	14	44310	买盘
14:19:12	31.64	0.02	4	12656	买盘
14:19:06	31.62	-0.01	20	63240	卖盘
14:19:03	31.63	-0.01	17	55289	卖盘
14:18:54	31.64	0.01	4	12656	买盘
14:18:51	31.63	--	5	15815	买盘
14:18:48	31.63	0.01	6	18978	中性盘
14:18:45	31.62	--	20	63240	买盘
14:18:42	31.62	-0.01	2	6324	卖盘
14:18:33	31.63	--	5	15815	卖盘
14:18:30	31.63	0.01	45	142335	买盘
14:18:27	31.62	--	1	3162	卖盘
14:18:21	31.62	--	2	6324	卖盘
14:18:18	31.62	0.02	5	15810	买盘
14:18:12	31.6	--	2	6320	卖盘
14:18:06	31.6	--	4	12640	卖盘
14:18:00	31.6	--	1	3160	卖盘
14:17:54	31.6	0.01	0	1390	买盘
14:17:51	31.59	-0.01	3	9477	卖盘
14:17:48	31.6	--	9	28440	买盘
14:17:45	31.6	--	1	3160	买盘
14:17:42	31.6	--	4	12640	买盘
14:17:39	31.6	--	11	34760	买盘
14:17:36	31.6	--	1	3160	买盘
14:17:33	31.6	--	43	137649	卖盘
14:17:30	31.6	--	30	94800	卖盘
14:17:27	31.6	-0.01	31	97960	卖盘
14:17:21	31.61	--	2	6322	买盘
14:17:18	31.61	0.01	4	12644	买盘
14:17:09	31.6	--	1	3160	卖盘
14:17:06	31.6	--	6	18960	卖盘
14:17:03	31.6	-0.01	22	71036	卖盘
14:17:00	31.61	-0.01	79	249719	卖盘
14:16:57	31.62	--	27	85374	买盘
14:16:48	31.62	--	3	9486	买盘
14:16:45	31.62	--	8	25296	买盘
14:16:42	31.62	--	8	25296	买盘
14:16:36	31.62	--	2	6324	中性盘
14:16:27	31.62	--	4	12648	卖盘
14:16:24	31.62	--	6	18972	卖盘
14:16:21	31.62	--	9	28458	卖盘
14:16:18	31.62	--	17	53754	卖盘
14:16:15	31.62	-0.01	25	79050	卖盘
14:16:12	31.63	--	4	12652	买盘
14:16:09	31.63	--	7	22141	卖盘
14:16:06	31.63	--	13	41119	卖盘
14:16:03	31.63	--	8	25304	卖盘
14:16:00	31.63	--	7	22141	卖盘
14:15:57	31.63	-0.02	29	91727	卖盘
14:15:54	31.65	--	1	3165	买盘
14:15:51	31.65	--	8	25320	买盘
14:15:48	31.65	0.02	2	6330	买盘
14:15:45	31.63	0.01	6	18978	买盘
14:15:42	31.62	-0.01	19	60078	卖盘
14:15:39	31.63	0.01	15	47445	买盘
14:15:33	31.62	--	1	3162	卖盘
14:15:30	31.62	--	2	6324	卖盘
14:15:27	31.62	--	11	34782	卖盘
14:15:24	31.62	--	22	69564	买盘
14:15:21	31.62	--	3	9486	买盘
14:15:15	31.62	0.01	4	12648	买盘
14:15:00	31.61	0.01	48	153245	买盘
14:14:57	31.6	-0.01	26	82160	卖盘
14:14:48	31.61	--	6	18966	买盘
14:14:45	31.61	--	4	12644	买盘
14:14:42	31.61	0.01	3	9483	买盘
14:14:39	31.6	--	10	31600	卖盘
14:14:33	31.6	--	14	44240	卖盘
14:14:27	31.6	--	5	15800	卖盘
14:14:24	31.6	--	19	60040	卖盘
14:14:15	31.6	--	0	1516	买盘
14:14:06	31.6	--	2	7963	卖盘
14:14:03	31.6	0.01	11	36276	买盘
14:14:00	31.59	--	1	3159	卖盘
14:13:57	31.59	--	8	25272	卖盘
14:13:54	31.59	-0.01	36	113724	卖盘
14:13:51	31.6	--	5	15800	买盘
14:13:48	31.6	--	2	6320	买盘
14:13:45	31.6	--	5	15800	买盘
14:13:42	31.6	0.01	6	18960	买盘
14:13:36	31.59	--	21	66339	卖盘
14:13:33	31.59	0.02	49	154791	买盘
14:13:24	31.57	-0.01	63	198891	卖盘
14:13:21	31.58	0.01	4	12632	中性盘
14:13:12	31.57	--	5	15785	卖盘
14:13:03	31.57	-0.01	164	517748	卖盘
14:13:00	31.58	0.01	4	12632	买盘
14:12:57	31.57	-0.01	2	7261	卖盘
14:12:54	31.58	-0.01	5	16074	卖盘
14:12:48	31.59	0.01	1	3159	买盘
14:12:45	31.58	-0.01	2	6316	中性盘
14:12:42	31.59	0.01	9	28431	买盘
14:12:39	31.58	--	2	8242	卖盘
14:12:36	31.58	--	19	61233	买盘
14:12:33	31.58	0.01	2	6316	买盘
14:12:27	31.57	--	1	3157	卖盘
14:12:24	31.57	--	5	15785	卖盘
14:12:18	31.57	-0.01	1	3157	卖盘
14:12:15	31.58	0.01	4	12632	买盘
14:12:12	31.57	0.01	1	4546	买盘
14:12:09	31.56	--	13	42795	卖盘
14:12:00	31.56	-0.01	33	104148	卖盘
14:11:57	31.57	-0.01	3	9471	中性盘
14:11:54	31.58	0.01	39	123162	买盘
14:11:51	31.57	--	1	3157	买盘
14:11:48	31.57	--	1	3157	卖盘
14:11:45	31.57	0.01	3	9471	买盘
14:11:39	31.56	--	2	6312	卖盘
14:11:36	31.56	--	15	48728	买盘
14:11:33	31.56	0.01	16	50496	买盘
14:11:27	31.55	-0.01	2	6310	卖盘
14:11:24	31.56	-0.01	4	14391	卖盘
14:11:21	31.57	--	7	22099	买盘
14:11:15	31.57	0.01	4	12628	中性盘
14:11:09	31.56	--	19	59964	卖盘
14:11:06	31.56	-0.01	8	25248	卖盘
14:11:03	31.57	0.01	1	3157	买盘
14:10:54	31.56	--	5	17294	卖盘
14:10:51	31.56	--	30	94680	卖盘
14:10:48	31.56	-0.01	4	12624	卖盘
14:10:45	31.57	--	7	22099	卖盘
14:10:42	31.57	--	2	6314	卖盘
14:10:39	31.57	0.01	7	22099	买盘
14:10:33	31.56	-0.01	6	18936	卖盘
14:10:30	31.57	0.01	5	15785	买盘
14:10:24	31.56	-0.01	5	15780	卖盘
14:10:21	31.57	--	23	72611	买盘
14:10:18	31.57	--	8	25256	买盘
14:10:15	31.57	--	12	37884	中性盘
14:10:06	31.57	-0.01	1	3157	卖盘
14:10:03	31.58	0.01	7	22106	买盘
14:09:57	31.57	-0.01	1	3157	卖盘
14:09:54	31.58	0.02	1	3158	买盘
14:09:51	31.56	--	2	9341	买盘
14:09:48	31.56	--	0	126	卖盘
14:09:45	31.56	--	50	157800	卖盘
14:09:42	31.56	-0.02	2	6312	卖盘
14:09:39	31.58	0.02	200	631600	买盘
14:09:36	31.56	--	1	3156	卖盘
14:09:33	31.56	--	0	3029	买盘
14:09:18	31.56	--	5	15906	卖盘
14:09:15	31.56	0.01	13	44057	买盘
14:09:12	31.55	--	1	3155	卖盘
14:09:09	31.55	--	7	22085	卖盘
14:09:06	31.55	--	10	31550	买盘
14:09:03	31.55	--	4	12620	中性盘
14:09:00	31.55	-0.01	1	3155	买盘
14:08:54	31.56	0.02	7	22502	买盘
14:08:51	31.54	--	29	92569	卖盘
14:08:48	31.54	-0.02	97	305938	卖盘
14:08:45	31.56	0.01	4	12624	买盘
14:08:42	31.55	--	0	126	卖盘
14:08:39	31.55	--	6	18930	卖盘
14:08:21	31.55	--	1	3155	卖盘
14:08:18	31.55	--	5	15775	卖盘
14:08:15	31.55	0.01	22	72438	买盘
14:08:12	31.54	-0.01	7	22078	卖盘
14:08:09	31.55	0.01	49	154595	买盘
14:07:57	31.54	-0.01	5	15770	卖盘
14:07:54	31.55	0.01	19	59945	买盘
14:07:51	31.54	-0.01	5	15770	卖盘
14:07:48	31.55	--	19	59945	买盘
14:07:45	31.55	0.01	4	12620	买盘
14:07:42	31.54	-0.01	1	3154	卖盘
14:07:39	31.55	0.02	8	25240	买盘
14:07:36	31.53	0.01	19	59907	买盘
14:07:33	31.52	-0.01	6	18912	卖盘
14:07:30	31.53	-0.01	3	9459	中性盘
14:07:24	31.54	--	19	59926	卖盘
14:07:21	31.54	0.01	1	3154	中性盘
14:07:18	31.53	--	6	18918	买盘
14:07:15	31.53	-0.01	14	44142	卖盘
14:07:12	31.54	0.01	4	12616	买盘
14:07:09	31.53	--	50	157650	卖盘
14:07:03	31.53	--	20	63060	买盘
14:06:57	31.53	0.01	1	3153	买盘
14:06:51	31.52	--	1	3152	卖盘
14:06:48	31.52	--	13	42488	卖盘
14:06:45	31.52	--	29	91408	卖盘
14:06:42	31.52	--	1	3152	卖盘
14:06:39	31.52	--	4	12608	卖盘
14:06:30	31.52	-0.01	4	12608	卖盘
14:06:27	31.53	--	6	18918	卖盘
14:06:24	31.53	0.02	14	44142	买盘
14:06:21	31.51	--	1	3151	卖盘
14:06:18	31.51	--	59	185909	卖盘
14:06:15	31.51	-0.01	242	763329	卖盘
14:06:12	31.52	0.01	30	94560	买盘
14:06:09	31.51	-0.01	3	9453	卖盘
14:06:06	31.52	--	7	22064	买盘
14:06:03	31.52	--	24	75648	买盘
14:06:00	31.52	-0.02	52	163904	卖盘
14:05:57	31.54	0.02	1	3154	买盘
14:05:54	31.52	-0.03	17	53584	卖盘
14:05:51	31.55	0.02	10	31550	买盘
14:05:48	31.53	--	4	12612	中性盘
14:05:42	31.53	--	11	34683	卖盘
14:05:36	31.53	-0.02	2	6306	卖盘
14:05:33	31.55	--	3	9465	中性盘
14:05:27	31.55	-0.01	1	3155	卖盘
14:05:24	31.56	0.01	6	18936	买盘
14:05:21	31.55	-0.01	4	12620	卖盘
14:05:18	31.56	--	13	41028	卖盘
14:05:15	31.56	--	2	6312	卖盘
14:05:12	31.56	--	10	31560	卖盘
14:05:09	31.56	-0.01	9	28404	买盘
14:05:06	31.57	--	78	246530	卖盘
14:05:03	31.57	0.01	189	596673	买盘
14:05:00	31.56	0.01	3	9468	买盘
14:04:51	31.55	--	2	6310	卖盘
14:04:48	31.55	--	2	6814	卖盘
14:04:45	31.55	-0.01	4	13629	卖盘
14:04:42	31.56	--	6	18936	卖盘
14:04:39	31.56	-0.01	16	50496	卖盘
14:04:36	31.57	--	18	56826	卖盘
14:04:33	31.57	--	9	28413	卖盘
14:04:30	31.57	0.01	3	9471	卖盘
14:04:27	31.56	-0.01	10	31560	卖盘
14:04:24	31.57	-0.01	2	6314	卖盘
14:04:21	31.58	0.01	9	28422	买盘
14:04:18	31.57	--	1	3157	卖盘
14:04:15	31.57	--	5	15785	中性盘
14:04:12	31.57	0.01	18	56826	买盘
14:04:09	31.56	--	1	3156	卖盘
14:04:06	31.56	--	3	9468	卖盘
14:04:00	31.56	-0.02	6	18936	卖盘
14:03:57	31.58	0.01	15	47370	买盘
14:03:51	31.57	--	1	3157	卖盘
14:03:45	31.57	-0.01	1	3157	卖盘
14:03:42	31.58	0.01	7	22106	买盘
14:03:39	31.57	-0.01	14	44198	卖盘
14:03:36	31.58	0.01	2	6316	买盘
14:03:30	31.57	--	2	6314	卖盘
14:03:27	31.57	-0.01	7	22099	卖盘
14:03:24	31.58	--	19	61644	卖盘
14:03:15	31.58	--	1	3158	卖盘
14:03:12	31.58	--	7	22106	卖盘
14:03:09	31.58	-0.01	16	50528	卖盘
14:03:06	31.59	--	2	6318	买盘
14:03:03	31.59	--	6	18954	买盘
14:02:54	31.59	0.01	1	3159	买盘
14:02:48	31.58	--	3	9474	卖盘
14:02:45	31.58	--	14	44212	卖盘
14:02:42	31.58	--	24	77307	卖盘
14:02:39	31.58	--	63	198954	卖盘
14:02:18	31.58	--	1	3158	卖盘
14:02:15	31.58	-0.01	1	3158	卖盘
14:02:12	31.59	0.01	7	22113	买盘
14:02:09	31.58	--	9	28422	卖盘
14:02:06	31.58	-0.01	1	3158	卖盘
14:02:03	31.59	0.02	5	15795	买盘
14:02:00	31.57	-0.01	4	12628	卖盘
14:01:48	31.58	0.01	1	3158	中性盘
14:01:45	31.57	-0.02	20	63140	卖盘
14:01:42	31.59	0.02	4	12636	买盘
14:01:39	31.57	--	46	145222	卖盘
14:01:36	31.57	--	2	6314	卖盘
14:01:33	31.57	--	32	101024	卖盘
14:01:27	31.57	--	7	22099	卖盘
14:01:21	31.57	--	10	31570	卖盘
14:01:18	31.57	--	58	184621	买盘
14:01:15	31.57	--	5	15785	买盘
14:01:12	31.57	0.01	4	12628	买盘
14:01:09	31.56	-0.01	4	12624	卖盘
14:01:06	31.57	--	7	22099	买盘
14:01:03	31.57	0.01	1	3157	买盘
14:00:57	31.56	-0.01	3	9468	卖盘
14:00:54	31.57	0.01	10	31570	买盘
14:00:51	31.56	-0.01	8	25248	卖盘
14:00:48	31.57	--	26	83723	卖盘
14:00:42	31.57	--	5	15785	卖盘
14:00:39	31.57	--	4	14143	卖盘
14:00:36	31.57	--	18	56826	卖盘
14:00:27	31.57	--	1	3157	卖盘
14:00:24	31.57	--	11	34727	卖盘
14:00:18	31.57	--	11	34727	卖盘
14:00:12	31.57	--	73	230461	卖盘
14:00:09	31.57	0.01	25	78925	买盘
14:00:06	31.56	-0.01	13	41028	卖盘
14:00:03	31.57	--	1	3157	买盘
14:00:00	31.57	--	38	119966	买盘
13:59:54	31.57	-0.01	8	25256	卖盘
13:59:51	31.58	--	29	91582	卖盘
13:59:48	31.58	--	147	464226	卖盘
13:59:45	31.58	--	16	50528	卖盘
13:59:42	31.58	--	6	18948	卖盘
13:59:39	31.58	--	1	3158	卖盘
13:59:36	31.58	--	3	9474	卖盘
13:59:33	31.58	--	3	9474	卖盘
13:59:30	31.58	0.01	22	69476	买盘
13:59:27	31.57	--	3	9471	卖盘
13:59:24	31.57	-0.02	3	9471	中性盘
13:59:12	31.59	0.01	4	12636	买盘
13:59:09	31.58	--	6	18948	卖盘
13:59:06	31.58	-0.02	6	18948	卖盘
13:59:03	31.6	0.01	3	9480	买盘
13:58:57	31.59	--	6	18954	卖盘
13:58:48	31.59	0.01	1	3159	买盘
13:58:42	31.58	-0.01	2	6316	卖盘
13:58:39	31.59	0.01	10	33106	买盘
13:58:36	31.58	--	9	28422	卖盘
13:58:21	31.58	--	17	53686	卖盘
13:58:18	31.58	0.01	66	209722	买盘
13:58:12	31.57	-0.01	5	17647	卖盘
13:58:09	31.58	0.01	25	78950	买盘
13:58:06	31.57	-0.01	5	15785	卖盘
13:58:03	31.58	--	8	25264	卖盘
13:57:57	31.58	--	9	28422	卖盘
13:57:54	31.58	--	3	9474	卖盘
13:57:51	31.58	--	4	12632	卖盘
13:57:42	31.58	-0.01	12	37896	卖盘
13:57:39	31.59	--	9	28431	买盘
13:57:36	31.59	0.01	8	25272	买盘
13:57:30	31.58	--	3	9474	卖盘
13:57:27	31.58	-0.01	1	3158	卖盘
13:57:24	31.59	0.01	2	6318	买盘
13:57:12	31.58	-0.02	1	3158	卖盘
13:57:09	31.6	0.01	5	15800	买盘
13:57:06	31.59	-0.01	3	9477	卖盘
13:57:03	31.6	--	14	44240	买盘
13:57:00	31.6	--	31	97960	买盘
13:56:57	31.6	--	5	15800	买盘
13:56:54	31.6	--	21	66360	卖盘
13:56:51	31.6	0.01	10	31600	买盘
13:56:48	31.59	-0.02	11	34749	卖盘
13:56:42	31.61	--	60	189660	买盘
13:56:39	31.61	0.01	8	25414	买盘
13:56:36	31.6	--	0	410	卖盘
13:56:33	31.6	--	12	39026	卖盘
13:56:30	31.6	-0.01	16	50560	卖盘
13:56:27	31.61	-0.01	1	3161	卖盘
13:56:24	31.62	0.01	2	6324	买盘
13:56:21	31.61	--	3	9483	买盘
13:56:18	31.61	--	1	3161	卖盘
13:56:15	31.61	--	1	3161	卖盘
13:56:12	31.61	0.01	6	18966	卖盘
13:56:09	31.6	--	3	9480	卖盘
13:56:06	31.6	--	8	25280	卖盘
13:56:03	31.6	--	32	101120	卖盘
13:56:00	31.6	--	4	12640	卖盘
13:55:54	31.6	-0.01	1	3160	卖盘
13:55:51	31.61	0.01	2	6322	中性盘
13:55:48	31.6	-0.01	10	31600	卖盘
13:55:45	31.61	--	4	12644	买盘
13:55:39	31.61	0.01	4	12644	买盘
13:55:36	31.6	--	18	56880	卖盘
13:55:33	31.6	--	74	233840	卖盘
13:55:30	31.6	-0.01	3	9480	卖盘
13:55:27	31.61	-0.01	2	6322	卖盘
13:55:24	31.62	--	22	69564	买盘
13:55:21	31.62	--	5	15810	买盘
13:55:18	31.62	0.01	3	9486	买盘
13:55:12	31.61	-0.01	5	15805	卖盘
13:55:09	31.62	--	22	69564	买盘
13:55:06	31.62	0.01	14	44268	买盘
13:55:03	31.61	--	31	97991	卖盘
13:54:48	31.61	--	12	37932	买盘
13:54:42	31.61	--	22	69542	买盘
13:54:39	31.61	--	5	15805	买盘
13:54:36	31.61	--	13	41093	买盘
13:54:33	31.61	--	9	29966	中性盘
13:54:30	31.61	--	35	110635	卖盘
13:54:27	31.61	--	1	3161	卖盘
13:54:24	31.61	-0.01	3	9483	卖盘
13:54:18	31.62	0.01	2	6324	买盘
13:54:12	31.61	-0.01	1	3161	卖盘
13:54:09	31.62	0.01	5	15810	买盘
13:54:06	31.61	-0.01	1	3161	卖盘
13:54:03	31.62	--	4	12648	买盘
13:54:00	31.62	0.01	9	28458	买盘
13:53:57	31.61	--	14	44254	买盘
13:53:54	31.61	--	40	126440	买盘
13:53:51	31.61	0.01	1	3161	买盘
13:53:48	31.6	-0.01	2	6320	卖盘
13:53:45	31.61	--	2	6322	买盘
13:53:42	31.61	--	6	18966	买盘
13:53:39	31.61	0.01	16	50576	买盘
13:53:36	31.6	--	8	25280	卖盘
13:53:33	31.6	--	15	47400	卖盘
13:53:30	31.6	--	70	221200	卖盘
13:53:27	31.6	0.01	35	110600	买盘
13:53:15	31.59	-0.01	1	3159	卖盘
13:53:12	31.6	0.01	6	18960	买盘
13:53:09	31.59	--	16	50544	买盘
13:53:06	31.59	--	8	25272	买盘
13:53:03	31.59	--	8	25272	买盘
13:53:00	31.59	0.01	2	6318	买盘
13:52:57	31.58	-0.01	9	28422	卖盘
13:52:51	31.59	0.02	1	3159	买盘
13:52:39	31.57	--	12	39178	买盘
13:52:36	31.57	--	6	20804	卖盘
13:52:33	31.57	--	5	17079	卖盘
13:52:30	31.57	--	4	12848	卖盘
13:52:27	31.57	--	38	119966	卖盘
13:52:21	31.57	--	12	37884	买盘
13:52:12	31.57	0.01	2	6314	买盘
13:52:09	31.56	-0.01	5	15780	卖盘
13:52:06	31.57	0.01	5	15785	买盘
13:52:03	31.56	0.01	0	1514	买盘
13:52:00	31.55	-0.01	1	3155	卖盘
13:51:57	31.56	--	1	4797	卖盘
13:51:54	31.56	0.01	0	1514	买盘
13:51:48	31.55	--	12	37860	卖盘
13:51:45	31.55	0.02	50	160747	买盘
13:51:42	31.53	--	15	47295	买盘
13:51:39	31.53	--	55	173415	买盘
13:51:36	31.53	--	8	25224	买盘
13:51:33	31.53	--	25	78825	买盘
13:51:30	31.53	--	79	249087	买盘
13:51:27	31.53	--	12	37836	买盘
13:51:24	31.53	--	2	6306	买盘
13:51:21	31.53	0.01	2	6306	买盘
13:51:18	31.52	-0.01	3	9456	卖盘
13:51:15	31.53	--	10	31530	买盘
13:51:12	31.53	0.01	1	3153	买盘
13:51:09	31.52	--	8	25216	卖盘
13:51:06	31.52	--	33	104016	买盘
13:51:03	31.52	--	2	6304	买盘
13:50:57	31.52	--	162	510624	买盘
13:50:54	31.52	--	2	6304	买盘
13:50:48	31.52	0.01	21	66192	买盘
13:50:45	31.51	--	5	15755	买盘
13:50:39	31.51	0.01	4	12604	买盘
13:50:36	31.5	--	5	15750	卖盘
13:50:33	31.5	--	5	15750	卖盘
13:50:30	31.5	-0.01	6	19435	卖盘
13:50:27	31.51	--	11	35637	卖盘
13:50:24	31.51	-0.01	10	31510	买盘
13:50:18	31.52	0.02	2	6304	买盘
13:50:15	31.5	-0.02	75	236439	卖盘
13:50:12	31.52	0.01	52	163904	买盘
13:50:06	31.51	--	5	15755	买盘
13:50:03	31.51	0.01	30	94530	买盘
13:50:00	31.5	--	79	248850	卖盘
13:49:57	31.5	--	317	998550	卖盘
13:49:51	31.5	--	4	12600	卖盘
13:49:48	31.5	--	10	31500	卖盘
13:49:39	31.5	-0.01	90	283500	卖盘
13:49:36	31.51	0.01	9	28359	中性盘
13:49:33	31.5	--	1	3150	卖盘
13:49:27	31.5	-0.03	409	1288350	卖盘
13:49:24	31.53	0.02	5	15765	买盘
13:49:21	31.51	--	5	15755	买盘
13:49:18	31.51	--	1	3151	买盘
13:49:12	31.51	--	1	3151	买盘
13:49:06	31.51	0.01	4	12604	买盘
13:49:03	31.5	-0.01	59	185850	卖盘
13:49:00	31.51	--	5	15755	卖盘
13:48:57	31.51	0.01	266	838166	中性盘
13:48:54	31.5	0.01	40	126000	中性盘
13:48:51	31.49	-0.03	30	94470	卖盘
13:48:48	31.52	--	40	127719	卖盘
13:48:39	31.52	--	10	31520	卖盘
13:48:36	31.52	0.02	70	222152	买盘
13:48:33	31.5	--	22	69961	卖盘
13:48:27	31.5	--	1	3339	卖盘
13:48:24	31.5	-0.01	515	1623573	卖盘
13:48:21	31.51	-0.01	6	18906	卖盘
13:48:18	31.52	0.01	1006	3170912	买盘
13:48:09	31.51	-0.01	4	12604	卖盘
13:48:06	31.52	0.01	6	18912	买盘
13:48:00	31.51	-0.01	5	15755	卖盘
13:47:57	31.52	--	27	86743	卖盘
13:47:54	31.52	-0.01	32	100864	卖盘
13:47:51	31.53	--	1	3153	买盘
13:47:45	31.53	--	4	12612	买盘
13:47:42	31.53	0.01	6	18918	买盘
13:47:39	31.52	-0.01	1	3152	卖盘
13:47:36	31.53	0.01	4	12612	买盘
13:47:33	31.52	-0.01	1	3152	卖盘
13:47:30	31.53	0.01	4	12612	买盘
13:47:27	31.52	--	10	31520	卖盘
13:47:24	31.52	--	42	132384	卖盘
13:47:21	31.52	-0.01	1	3152	卖盘
13:47:18	31.53	0.01	3	9459	买盘
13:47:15	31.52	-0.01	3	9456	卖盘
13:47:12	31.53	--	12	37836	买盘
13:47:09	31.53	--	6	18918	卖盘
13:47:06	31.53	-0.01	1	3153	中性盘
13:47:03	31.54	0.01	6	18924	买盘
13:47:00	31.53	--	8	25224	卖盘
13:46:57	31.53	--	6	18918	卖盘
13:46:54	31.53	-0.01	1	3153	卖盘
13:46:51	31.54	0.01	2	6308	中性盘
13:46:45	31.53	-0.01	3	9459	中性盘
13:46:30	31.54	--	1	3154	买盘
13:46:27	31.54	-0.01	3	9462	中性盘
13:46:24	31.55	0.03	21	66255	买盘
13:46:21	31.52	-0.02	8	26728	卖盘
13:46:18	31.54	--	5	15770	卖盘
13:46:12	31.54	-0.01	2	6308	卖盘
13:46:09	31.55	--	7	22085	买盘
13:46:06	31.55	0.02	4	12620	买盘
13:45:54	31.53	0.01	14	44142	买盘
13:45:51	31.52	--	52	163904	卖盘
13:45:48	31.52	-0.03	7	22064	卖盘
13:45:39	31.55	0.02	5	15775	买盘
13:45:36	31.53	--	2	6306	中性盘
13:45:33	31.53	--	3	9459	买盘
13:45:30	31.53	0.01	13	40989	买盘
13:45:27	31.52	--	9	28368	卖盘
13:45:24	31.52	-0.01	3	9456	卖盘
13:45:21	31.53	0.01	15	47295	买盘
13:45:18	31.52	-0.01	5	15760	卖盘
13:45:12	31.53	--	5	15765	卖盘
13:45:09	31.53	--	12	37836	买盘
13:45:06	31.53	0.01	4	12612	买盘
13:45:03	31.52	--	1	3152	卖盘
13:44:57	31.52	--	11	34672	卖盘
13:44:54	31.52	--	47	148144	卖盘
13:44:51	31.52	--	17	53584	卖盘
13:44:48	31.52	-0.01	3	9456	卖盘
13:44:45	31.53	0.01	6	18918	买盘
13:44:39	31.52	-0.01	2	6304	卖盘
13:44:36	31.53	--	4	12612	买盘
13:44:33	31.53	0.01	1	3153	买盘
13:44:24	31.52	0.01	6	19290	卖盘
13:44:21	31.51	-0.01	24	76758	卖盘
13:44:18	31.52	0.01	1	3152	中性盘
13:44:15	31.51	--	6	18906	卖盘
13:44:12	31.51	--	16	50416	卖盘
13:44:09	31.51	-0.01	7	22057	卖盘
13:44:06	31.52	0.01	4	12608	买盘
13:43:57	31.51	0.01	4	12604	买盘
13:43:54	31.5	--	10	31500	卖盘
13:43:51	31.5	--	30	94500	卖盘
13:43:48	31.5	-0.01	153	481950	卖盘
13:43:45	31.51	0.01	5	15755	买盘
13:43:42	31.5	--	4	12600	卖盘
13:43:36	31.5	-0.01	19	59850	卖盘
13:43:33	31.51	0.01	13	40963	买盘
13:43:27	31.5	-0.01	16	50400	卖盘
13:43:24	31.51	0.01	4	12604	中性盘
13:43:18	31.5	-0.01	64	201600	卖盘
13:43:15	31.51	--	2	6302	卖盘
13:43:09	31.51	--	1	3151	卖盘
13:43:06	31.51	-0.01	16	50416	卖盘
13:43:03	31.52	0.01	44	138688	买盘
13:43:00	31.51	-0.01	2	6302	卖盘
13:42:57	31.52	0.01	8	25216	买盘
13:42:54	31.51	-0.01	2	6302	卖盘
13:42:51	31.52	--	8	25216	卖盘
13:42:48	31.52	-0.01	8	25216	卖盘
13:42:45	31.53	0.02	6	18918	买盘
13:42:27	31.51	--	1	3151	卖盘
13:42:24	31.51	0.01	57	179607	买盘
13:42:21	31.5	--	1	3150	卖盘
13:42:18	31.5	--	218	688212	卖盘
13:42:15	31.5	--	125	393750	卖盘
13:42:12	31.5	--	252	793800	卖盘
13:42:06	31.5	-0.02	6	18900	卖盘
13:42:03	31.52	0.02	10	31520	买盘
13:42:00	31.5	--	50	157500	卖盘
13:41:54	31.5	--	34	107100	卖盘
13:41:48	31.5	--	132	415800	卖盘
13:41:36	31.5	--	100	315000	卖盘
13:41:30	31.5	-0.01	65	204750	卖盘
13:41:27	31.51	--	8	25208	买盘
13:41:24	31.51	0.01	1	3151	买盘
13:41:21	31.5	-0.01	105	330750	卖盘
13:41:18	31.51	0.01	442	1392742	买盘
13:41:15	31.5	-0.01	30	94500	卖盘
13:41:12	31.51	-0.01	15	47265	卖盘
13:41:09	31.52	-0.01	6	18912	中性盘
13:41:00	31.53	--	23	72519	卖盘
13:40:57	31.53	0.01	194	611682	买盘
13:40:54	31.52	0.02	3	9456	买盘
13:40:51	31.5	-0.02	100	315000	卖盘
13:40:48	31.52	0.01	4	12608	卖盘
13:40:45	31.51	-0.01	22	69322	卖盘
13:40:42	31.52	--	1	3152	卖盘
13:40:39	31.52	-0.01	5	15760	卖盘
13:40:36	31.53	0.02	5	15765	买盘
13:40:33	31.51	-0.02	15	47265	卖盘
13:40:27	31.53	--	6	18918	买盘
13:40:24	31.53	0.01	1	3153	买盘
13:40:18	31.52	--	6	18912	卖盘
13:40:15	31.52	0.01	26	83464	买盘
13:40:12	31.51	--	1	3151	卖盘
13:40:06	31.51	-0.01	14	44114	卖盘
13:40:03	31.52	0.01	19	59888	买盘
13:40:00	31.51	--	14	44114	卖盘
13:39:57	31.51	--	21	66171	卖盘
13:39:54	31.51	-0.01	2	6302	卖盘
13:39:51	31.52	0.01	16	50432	中性盘
13:39:45	31.51	--	52	163852	卖盘
13:39:42	31.51	--	1	3151	卖盘
13:39:39	31.51	0.01	8	28075	买盘
13:39:36	31.5	-0.01	1	3150	卖盘
13:39:33	31.51	--	16	50416	买盘
13:39:30	31.51	0.01	50	157550	买盘
13:39:27	31.5	-0.01	26	81900	卖盘
13:39:24	31.51	-0.01	104	328712	卖盘
13:39:21	31.52	--	1	3152	卖盘
13:39:18	31.52	--	6	18912	卖盘
13:39:15	31.52	--	24	75648	卖盘
13:39:12	31.52	-0.01	20	63040	卖盘
13:39:09	31.53	0.01	80	252240	买盘
13:39:06	31.52	-0.01	1	3152	卖盘
13:39:03	31.53	0.01	5	15765	买盘
13:39:00	31.52	--	4	12608	卖盘
13:38:57	31.52	-0.01	4	12608	卖盘
13:38:54	31.53	--	14	44142	卖盘
13:38:51	31.53	--	3	9459	卖盘
13:38:48	31.53	-0.01	23	72519	卖盘
13:38:45	31.54	0.01	44	138776	买盘
13:38:42	31.53	-0.01	2	6306	卖盘
13:38:39	31.54	--	2	6308	卖盘
13:38:36	31.54	--	18	56772	买盘
13:38:33	31.54	0.01	9	28386	买盘
13:38:30	31.53	-0.01	13	40989	卖盘
13:38:27	31.54	0.01	17	53618	买盘
13:38:24	31.53	--	28	88284	卖盘
13:38:21	31.53	0.01	8	25224	中性盘
13:38:15	31.52	--	4	13017	卖盘
13:38:12	31.52	-0.01	74	234351	卖盘
13:38:09	31.53	-0.01	3	9459	卖盘
13:38:06	31.54	-0.01	2	6308	中性盘
13:38:03	31.55	0.01	34	107270	买盘
13:38:00	31.54	--	19	61597	卖盘
13:37:57	31.54	--	5	15770	卖盘
13:37:54	31.54	--	2	6308	卖盘
13:37:51	31.54	--	1	3154	卖盘
13:37:48	31.54	--	10	31540	卖盘
13:37:45	31.54	--	38	119852	卖盘
13:37:36	31.54	--	1	3154	卖盘
13:37:33	31.54	-0.01	5	15770	卖盘
13:37:30	31.55	--	4	12620	买盘
13:37:27	31.55	0.01	3	9465	买盘
13:37:24	31.54	--	7	23686	卖盘
13:37:18	31.54	-0.01	33	104082	卖盘
13:37:15	31.55	0.01	126	397530	中性盘
13:37:12	31.54	-0.01	9	28386	卖盘
13:37:09	31.55	--	2	6310	卖盘
13:37:06	31.55	-0.01	1	3155	卖盘
13:37:03	31.56	0.01	5	15780	买盘
13:36:57	31.55	--	1	3155	卖盘
13:36:54	31.55	0.01	1	4669	买盘
13:36:48	31.54	-0.01	18	56772	卖盘
13:36:45	31.55	-0.01	73	231955	卖盘
13:36:42	31.56	0.01	2	6312	买盘
13:36:36	31.55	--	1	3155	卖盘
13:36:33	31.55	-0.01	5	15775	卖盘
13:36:30	31.56	--	2	6312	买盘
13:36:27	31.56	--	17	53652	买盘
13:36:24	31.56	--	64	203625	卖盘
13:36:21	31.56	-0.01	35	110460	卖盘
13:36:18	31.57	--	75	236775	卖盘
13:36:15	31.57	--	67	211519	买盘
13:36:12	31.57	--	17	53669	买盘
13:36:09	31.57	0.01	49	156208	买盘
13:36:06	31.56	-0.01	1	3156	卖盘
13:36:03	31.57	--	13	41041	卖盘
13:35:48	31.57	-0.01	45	142065	卖盘
13:35:45	31.58	--	15	47370	买盘
13:35:33	31.58	--	4	12632	中性盘
13:35:27	31.58	--	1	3158	买盘
13:35:15	31.58	--	2	6316	卖盘
13:35:12	31.58	--	6	18948	卖盘
13:35:06	31.58	--	10	31580	卖盘
13:35:03	31.58	0.02	37	116846	买盘
13:35:00	31.56	-0.01	12	37872	卖盘
13:34:57	31.57	--	48	151536	卖盘
13:34:54	31.57	0.01	2	6314	中性盘
13:34:42	31.56	--	9	28404	中性盘
13:34:36	31.56	-0.01	1	3156	卖盘
13:34:33	31.57	0.01	4	12628	买盘
13:34:27	31.56	--	15	47340	卖盘
13:34:24	31.56	0.01	1	3156	中性盘
13:34:12	31.55	--	9	28395	卖盘
13:34:06	31.55	--	4	14134	卖盘
13:34:03	31.55	-0.01	4	12620	中性盘
13:34:00	31.56	-0.01	5	15780	买盘
13:33:57	31.57	0.03	6	18942	中性盘
13:33:51	31.54	-0.01	100	315400	卖盘
13:33:45	31.55	-0.01	32	100960	卖盘
13:33:42	31.56	--	51	160956	卖盘
13:33:39	31.56	--	59	186204	卖盘
13:33:36	31.56	0.02	1	3156	卖盘
13:33:33	31.54	-0.01	4	14129	卖盘
13:33:30	31.55	--	12	37860	买盘
13:33:27	31.55	--	12	39500	卖盘
13:33:21	31.55	-0.01	21	66255	卖盘
13:33:18	31.56	0.02	4	14138	买盘
13:33:15	31.54	-0.01	125	394250	卖盘
13:33:12	31.55	--	87	274485	卖盘
13:33:09	31.55	--	34	107270	卖盘
13:33:06	31.55	--	42	132510	买盘
13:33:03	31.55	--	11	34705	买盘
13:33:00	31.55	--	10	31550	买盘
13:32:57	31.55	--	21	66255	买盘
13:32:54	31.55	0.01	4	12620	买盘
13:32:48	31.54	-0.01	6	18924	卖盘
13:32:45	31.55	--	26	82030	卖盘
13:32:42	31.55	--	23	72565	卖盘
13:32:39	31.55	--	59	186145	卖盘
13:32:36	31.55	--	2	6310	卖盘
13:32:33	31.55	-0.01	8	25240	卖盘
13:32:30	31.56	0.01	12	37872	买盘
13:32:27	31.55	-0.02	32	102600	卖盘
13:32:24	31.57	--	4	12628	卖盘
13:32:21	31.57	--	2	6314	卖盘
13:32:18	31.57	0.01	4	12628	中性盘
13:32:09	31.56	--	20	63120	卖盘
13:32:06	31.56	--	4	14138	卖盘
13:32:03	31.56	0.01	8	25248	买盘
13:32:00	31.55	-0.02	20	63100	卖盘
13:31:54	31.57	0.02	3	9471	买盘
13:31:51	31.55	--	6	18930	卖盘
13:31:48	31.55	--	62	195610	买盘
13:31:45	31.55	--	9	28395	卖盘
13:31:39	31.55	-0.03	8	25240	卖盘
13:31:33	31.58	--	1	3158	买盘
13:31:30	31.58	0.04	24	75792	买盘
13:31:27	31.54	-0.01	3	9462	卖盘
13:31:24	31.55	0.01	4	12620	买盘
13:31:18	31.54	-0.01	2	6308	卖盘
13:31:15	31.55	-0.03	10	34074	卖盘
13:31:12	31.58	0.03	11	35369	买盘
13:31:09	31.55	-0.01	5	15775	卖盘
13:31:06	31.56	-0.03	3	9468	卖盘
13:31:03	31.59	0.01	1	3159	买盘
13:31:00	31.58	--	9	28422	卖盘
13:30:57	31.58	-0.02	2	6316	卖盘
13:30:54	31.6	0.02	40	126400	买盘
13:30:51	31.58	--	2	6316	卖盘
13:30:45	31.58	--	1	3158	卖盘
13:30:39	31.58	0.03	18	56844	卖盘
13:30:33	31.55	--	14	44170	买盘
13:30:30	31.55	-0.01	9	28395	卖盘
13:30:27	31.56	--	6	18936	买盘
13:30:21	31.56	-0.01	9	28404	卖盘
13:30:18	31.57	-0.01	12	37884	卖盘
13:30:15	31.58	--	7	22106	买盘
13:30:12	31.58	-0.01	7	22106	卖盘
13:30:09	31.59	-0.01	7	22113	中性盘
13:30:06	31.6	-0.01	238	752206	卖盘
13:30:03	31.61	-0.01	15	48932	卖盘
13:30:00	31.62	--	4	12648	买盘
13:29:48	31.62	--	10	31620	买盘
13:29:42	31.62	0.01	6	18972	买盘
13:29:39	31.61	-0.01	10	31610	卖盘
13:29:36	31.62	0.01	39	123318	买盘
13:29:33	31.61	-0.01	2	6322	卖盘
13:29:30	31.62	--	4	12648	买盘
13:29:27	31.62	0.01	17	53754	买盘
13:29:24	31.61	-0.01	18	56898	卖盘
13:29:21	31.62	--	1	3162	买盘
13:29:18	31.62	-0.01	22	69564	卖盘
13:29:15	31.63	--	151	477613	买盘
13:29:12	31.63	0.01	7	22141	买盘
13:29:09	31.62	--	32	101184	卖盘
13:29:06	31.62	--	46	145452	卖盘
13:29:03	31.62	--	1	3162	卖盘
13:29:00	31.62	-0.01	5	15810	卖盘
13:28:57	31.63	0.01	4	12652	买盘
13:28:54	31.62	-0.01	4	12648	卖盘
13:28:51	31.63	0.01	15	47445	买盘
13:28:48	31.62	-0.01	6	18972	卖盘
13:28:45	31.63	-0.01	14	44282	卖盘
13:28:36	31.64	0.01	4	12656	买盘
13:28:33	31.63	--	1	3163	卖盘
13:28:30	31.63	--	16	50608	买盘
13:28:27	31.63	-0.01	46	145498	卖盘
13:28:18	31.64	-0.01	12	37968	卖盘
13:28:15	31.65	0.02	19	60135	买盘
13:28:12	31.63	--	12	37956	卖盘
13:28:09	31.63	-0.02	4	14296	卖盘
13:28:06	31.65	--	16	50640	卖盘
13:28:03	31.65	--	61	193065	卖盘
13:28:00	31.65	0.01	34	109129	买盘
13:27:54	31.64	-0.01	1	3164	卖盘
13:27:51	31.65	--	5	15825	卖盘
13:27:45	31.65	--	3	9495	卖盘
13:27:42	31.65	--	11	34815	买盘
13:27:36	31.65	0.01	1	3165	买盘
13:27:33	31.64	0.02	3	9492	中性盘
13:27:21	31.62	-0.04	1	3162	卖盘
13:27:09	31.66	--	5	15830	买盘
13:27:06	31.66	--	97	307102	买盘
13:27:03	31.66	-0.01	85	271547	卖盘
13:27:00	31.67	-0.01	14	44338	卖盘
13:26:57	31.68	-0.01	254	804672	卖盘
13:26:54	31.69	0.01	1	3169	中性盘
13:26:51	31.68	-0.02	29	91872	卖盘
13:26:48	31.7	0.01	56	177520	买盘
13:26:45	31.69	--	2	6338	卖盘
13:26:42	31.69	--	9	28521	买盘
13:26:36	31.69	0.01	7	22183	买盘
13:26:33	31.68	--	24	76032	卖盘
13:26:30	31.68	-0.01	1	3168	卖盘
13:26:27	31.69	0.01	4	12676	买盘
13:26:12	31.68	0.02	6	19008	中性盘
13:26:00	31.66	-0.02	17	54233	卖盘
13:25:57	31.68	0.01	6	20116	中性盘
13:25:51	31.67	-0.01	3	9501	卖盘
13:25:45	31.68	--	1	3168	买盘
13:25:42	31.68	--	1	3168	卖盘
13:25:39	31.68	--	8	25344	买盘
13:25:36	31.68	0.01	6	19008	买盘
13:25:33	31.67	--	9	28503	卖盘
13:25:30	31.67	--	5	15835	卖盘
13:25:27	31.67	0.01	16	52318	买盘
13:25:24	31.66	-0.01	2	6332	卖盘
13:25:21	31.67	0.01	10	31670	买盘
13:25:15	31.66	--	1	3166	卖盘
13:25:12	31.66	--	3	9498	卖盘
13:25:09	31.66	-0.01	3	9498	卖盘
13:25:06	31.67	0.01	9	28503	买盘
13:25:03	31.66	--	20	63320	卖盘
13:25:00	31.66	-0.01	1	3166	卖盘
13:24:57	31.67	0.01	5	15835	买盘
13:24:54	31.66	--	1	3166	卖盘
13:24:48	31.66	--	11	34826	卖盘
13:24:45	31.66	--	45	143198	买盘
13:24:42	31.66	--	1	3166	买盘
13:24:39	31.66	--	4	12664	买盘
13:24:33	31.66	--	10	34097	卖盘
13:24:30	31.66	--	13	41158	卖盘
13:24:27	31.66	--	13	41158	卖盘
13:24:24	31.66	-0.01	1	3166	卖盘
13:24:21	31.67	0.01	3	9501	买盘
13:24:18	31.66	--	10	31660	卖盘
13:24:12	31.66	--	2	6332	卖盘
13:24:09	31.66	--	21	66486	卖盘
13:24:06	31.66	0.02	45	143198	买盘
13:24:03	31.64	0.03	9	28476	买盘
13:24:00	31.61	-0.03	23	72703	卖盘
13:23:57	31.64	0.01	5	15820	买盘
13:23:54	31.63	--	4	14170	卖盘
13:23:42	31.63	-0.01	6	18978	卖盘
13:23:33	31.64	-0.01	2	6328	卖盘
13:23:30	31.65	-0.01	16	53077	卖盘
13:23:27	31.66	--	5	15830	卖盘
13:23:21	31.66	0.01	10	31660	买盘
13:23:18	31.65	--	3	9495	卖盘
13:23:15	31.65	--	4	12660	卖盘
13:23:12	31.65	--	4	12660	卖盘
13:23:09	31.65	--	13	41145	卖盘
13:23:06	31.65	--	13	41145	卖盘
13:23:03	31.65	-0.02	47	148755	卖盘
13:22:57	31.67	--	11	36357	买盘
13:22:54	31.67	0.01	20	63340	买盘
13:22:51	31.66	--	5	15830	卖盘
13:22:48	31.66	-0.01	15	47490	卖盘
13:22:42	31.67	--	7	22169	买盘
13:22:39	31.67	--	23	72841	买盘
13:22:36	31.67	--	4	12668	卖盘
13:22:33	31.67	--	2	6334	卖盘
13:22:30	31.67	-0.01	8	25336	卖盘
13:22:27	31.68	0.01	4	12672	买盘
13:22:24	31.67	-0.01	6	19002	中性盘
13:22:12	31.68	-0.01	4	12672	卖盘
13:21:57	31.69	--	3	12327	卖盘
13:21:54	31.69	0.02	31	99760	买盘
13:21:51	31.67	--	5	15835	卖盘
13:21:48	31.67	--	15	47505	卖盘
13:21:45	31.67	--	5	15835	买盘
13:21:42	31.67	--	15	47505	买盘
13:21:39	31.67	0.01	10	31670	中性盘
13:21:30	31.66	-0.01	45	142944	卖盘
13:21:27	31.67	0.01	4	12668	买盘
13:21:24	31.66	--	2	6332	卖盘
13:21:21	31.66	-0.01	10	31660	卖盘
13:21:18	31.67	-0.02	11	37528	卖盘
13:21:06	31.69	0.02	28	88732	买盘
13:21:03	31.67	--	3	9501	卖盘
13:21:00	31.67	--	14	44338	卖盘
13:20:57	31.67	-0.01	8	25336	卖盘
13:20:54	31.68	-0.01	14	44352	卖盘
13:20:51	31.69	0.01	3	9507	买盘
13:20:45	31.68	-0.01	1	3168	卖盘
13:20:42	31.69	0.01	1	3169	买盘
13:20:36	31.68	--	2	6336	卖盘
13:20:33	31.68	--	8	25344	卖盘
13:20:30	31.68	--	4	12672	卖盘
13:20:27	31.68	--	21	66528	卖盘
13:20:09	31.68	0.01	18	57024	买盘
13:20:03	31.67	--	1	3167	卖盘
13:20:00	31.67	--	6	19002	卖盘
13:19:57	31.67	--	22	71130	卖盘
13:19:54	31.67	--	14	44338	卖盘
13:19:51	31.67	-0.02	59	187391	卖盘
13:19:48	31.69	0.02	21	67531	买盘
13:19:45	31.67	-0.01	29	91843	卖盘
13:19:42	31.68	-0.01	3	9504	卖盘
13:19:39	31.69	0.01	15	47535	买盘
13:19:36	31.68	--	17	53856	卖盘
13:19:30	31.68	--	1	3168	卖盘
13:19:27	31.68	--	19	60192	卖盘
13:19:24	31.68	--	63	199584	卖盘
13:19:21	31.68	-0.01	5	15840	卖盘
13:19:18	31.69	0.01	2	6338	买盘
13:19:12	31.68	-0.01	2	6336	卖盘
13:19:09	31.69	0.01	9	28521	买盘
13:18:57	31.68	-0.01	20	63360	卖盘
13:18:54	31.69	0.01	82	259858	买盘
13:18:51	31.68	--	19	60192	卖盘
13:18:48	31.68	--	23	72864	卖盘
13:18:42	31.68	-0.01	2	6336	卖盘
13:18:39	31.69	0.01	8	25352	买盘
13:18:30	31.68	--	1	3168	卖盘
13:18:27	31.68	--	6	19008	卖盘
13:18:24	31.68	0.01	11	34848	买盘
13:18:21	31.67	-0.01	20	63340	卖盘
13:18:18	31.68	--	12	38016	买盘
13:18:12	31.68	0.01	4	12672	买盘
13:18:09	31.67	--	6	19002	卖盘
13:18:06	31.67	--	1	3167	卖盘
13:18:03	31.67	--	4	12668	卖盘
13:18:00	31.67	-0.01	20	63340	卖盘
13:17:57	31.68	--	15	47520	买盘
13:17:54	31.68	0.01	49	155232	买盘
13:17:48	31.67	-0.01	10	32556	卖盘
13:17:45	31.68	--	9	29145	卖盘
13:17:42	31.68	--	26	82368	卖盘
13:17:39	31.68	--	2	6336	卖盘
13:17:36	31.68	-0.01	8	25344	卖盘
13:17:33	31.69	0.01	10	31690	买盘
13:17:30	31.68	--	11	34848	卖盘
13:17:27	31.68	-0.01	1	3168	卖盘
13:17:24	31.69	--	7	22183	买盘
13:17:21	31.69	--	2	6338	卖盘
13:17:18	31.69	--	9	28521	卖盘
13:17:12	31.69	--	1	3169	卖盘
13:17:09	31.69	--	4	12676	买盘
13:17:06	31.69	--	5	15845	买盘
13:17:03	31.69	-0.01	2	6338	卖盘
13:16:57	31.7	0.01	12	38040	买盘
13:16:54	31.69	0.01	7	22183	中性盘
13:16:51	31.68	-0.02	24	76032	卖盘
13:16:48	31.7	--	1	3170	买盘
13:16:45	31.7	--	3	9510	买盘
13:16:42	31.7	0.01	1	3170	买盘
13:16:39	31.69	-0.01	1	3169	中性盘
13:16:36	31.7	--	11	34870	买盘
13:16:33	31.7	0.01	22	69740	买盘
13:16:30	31.69	--	12	38028	卖盘
13:16:27	31.69	--	27	85563	卖盘
13:16:24	31.69	--	9	28521	卖盘
13:16:21	31.69	-0.01	12	38028	卖盘
13:16:18	31.7	0.01	11	34870	买盘
13:16:15	31.69	0.01	7	22183	中性盘
13:16:03	31.68	-0.01	5	15840	卖盘
13:15:57	31.69	0.01	1	3169	中性盘
13:15:54	31.68	0.01	15	47520	买盘
13:15:51	31.67	-0.01	59	186853	卖盘
13:15:48	31.68	0.01	3	9504	买盘
13:15:45	31.67	--	2	7600	卖盘
13:15:42	31.67	-0.01	6	19255	卖盘
13:15:39	31.68	-0.01	5	15840	卖盘
13:15:36	31.69	--	3	9507	买盘
13:15:30	31.69	0.01	3	9507	中性盘
13:15:27	31.68	-0.01	24	76032	卖盘
13:15:24	31.69	0.01	19	60211	买盘
13:15:21	31.68	--	10	31680	卖盘
13:15:18	31.68	0.01	6	19008	买盘
13:15:15	31.67	-0.01	5	15835	卖盘
13:15:09	31.68	-0.01	2	6336	卖盘
13:15:06	31.69	-0.01	1	3169	中性盘
13:15:00	31.7	0.02	32	101440	买盘
13:14:57	31.68	-0.01	12	38016	卖盘
13:14:54	31.69	--	62	196478	卖盘
13:14:51	31.69	-0.01	24	76056	卖盘
13:14:42	31.7	--	2	6340	买盘
13:14:33	31.7	--	20	63400	买盘
13:14:27	31.7	--	5	15850	买盘
13:14:24	31.7	0.02	45	142650	买盘
13:14:21	31.68	--	10	31680	卖盘
13:14:18	31.68	-0.02	5	15840	卖盘
13:14:15	31.7	--	3	9510	买盘
13:14:09	31.7	0.02	6	19020	买盘
13:14:03	31.68	0.01	4	12672	买盘
13:14:00	31.67	0.01	41	130638	买盘
13:13:57	31.66	-0.01	11	34826	卖盘
13:13:54	31.67	-0.01	42	135389	卖盘
13:13:51	31.68	-0.02	15	47520	中性盘
13:13:45	31.7	0.05	274	869372	买盘
13:13:42	31.65	-0.02	2	9431	卖盘
13:13:39	31.67	0.01	21	67298	买盘
13:13:36	31.66	--	4	12664	买盘
13:13:33	31.66	0.01	5	15830	买盘
13:13:27	31.65	--	3	9495	卖盘
13:13:24	31.65	0.01	18	56970	买盘
13:13:21	31.64	--	27	85428	卖盘
13:13:15	31.64	--	2	6328	中性盘
13:13:12	31.64	--	10	31640	买盘
13:13:09	31.64	--	10	31640	买盘
13:12:57	31.64	--	2	6328	卖盘
13:12:54	31.64	0.02	48	151872	买盘
13:12:51	31.62	0.02	4	12648	中性盘
13:12:48	31.6	0.05	62	195920	买盘
13:12:42	31.55	-0.01	4	12620	卖盘
13:12:39	31.56	--	10	31560	卖盘
13:12:36	31.56	-0.03	5	15780	卖盘
13:12:30	31.59	-0.01	4	12636	中性盘
13:12:27	31.6	0.04	20	63200	买盘
13:12:24	31.56	-0.04	5	15780	卖盘
13:12:21	31.6	0.05	29	91640	买盘
13:12:18	31.55	-0.05	1	3155	卖盘
13:12:12	31.6	0.01	1	3160	买盘
13:12:09	31.59	-0.01	8	25272	卖盘
13:12:06	31.6	0.01	5	15800	买盘
13:11:51	31.59	0.07	1	3159	买盘
13:11:48	31.52	--	1	3152	卖盘
13:11:39	31.52	-0.08	4	14120	中性盘
13:11:36	31.6	--	1	3160	买盘
13:11:33	31.6	--	2	6320	买盘
13:11:30	31.6	-0.01	24	75840	卖盘
13:11:27	31.61	-0.01	20	63220	卖盘
13:11:24	31.62	0.02	1	3162	买盘
13:11:18	31.6	-0.02	6	18960	卖盘
13:11:15	31.62	0.01	5	15810	买盘
13:11:12	31.61	--	8	25288	买盘
13:11:09	31.61	-0.02	31	97991	卖盘
13:11:06	31.63	--	152	480776	买盘
13:10:57	31.63	-0.01	4	12652	卖盘
13:10:54	31.64	--	4	12656	买盘
13:10:51	31.64	-0.03	583	1844612	买盘
13:10:48	31.67	0.07	10	31670	买盘
13:10:45	31.6	--	176	556160	卖盘
13:10:33	31.6	-0.01	67	213236	卖盘
13:10:30	31.61	-0.01	19	60059	中性盘
13:10:27	31.62	0.01	119	376278	买盘
13:10:24	31.61	-0.01	15	47415	卖盘
13:10:21	31.62	0.01	4	12648	买盘
13:10:18	31.61	-0.01	32	101152	卖盘
13:10:15	31.62	-0.04	117	371598	卖盘
13:10:12	31.66	--	15	47490	买盘
13:10:09	31.66	0.01	11	34826	买盘
13:10:06	31.65	--	1	3165	卖盘
13:10:03	31.65	-0.01	4	12660	卖盘
13:10:00	31.66	--	6	18996	买盘
13:09:57	31.66	--	16	50656	买盘
13:09:54	31.66	--	9	28494	买盘
13:09:51	31.66	0.01	10	31660	买盘
13:09:48	31.65	0.01	17	53805	买盘
13:09:45	31.64	-0.01	7	22148	卖盘
13:09:39	31.65	--	1	3165	卖盘
13:09:36	31.65	0.01	6	20509	买盘
13:09:27	31.64	-0.01	1	3164	中性盘
13:09:24	31.65	0.04	5	15825	中性盘
13:09:15	31.61	--	56	177016	卖盘
13:09:12	31.61	-0.01	1	3161	卖盘
13:09:09	31.62	0.01	5	15810	买盘
13:09:00	31.61	0.01	4	12644	卖盘
13:08:57	31.6	--	17	53720	卖盘
13:08:54	31.6	-0.01	1	3160	卖盘
13:08:51	31.61	--	7	22127	买盘
13:08:48	31.61	0.01	164	518404	买盘
13:08:45	31.6	--	616	1946560	卖盘
13:08:39	31.6	--	2	6320	卖盘
13:08:36	31.6	--	42	132720	卖盘
13:08:33	31.6	0.09	128	404480	买盘
13:08:24	31.51	-0.01	1	3151	中性盘
13:08:21	31.52	0.01	4	12608	买盘
13:08:18	31.51	-0.01	5	15755	卖盘
13:08:15	31.52	--	21	66192	买盘
13:08:12	31.52	--	9	28368	买盘
13:08:09	31.52	0.01	10	31520	买盘
13:08:00	31.51	--	1	3151	买盘
13:07:57	31.51	--	4	12604	买盘
13:07:54	31.51	--	4	12604	卖盘
13:07:51	31.51	0.01	31	97681	买盘
13:07:45	31.5	--	33	103950	卖盘
13:07:42	31.5	-0.01	175	551250	卖盘
13:07:39	31.51	--	188	592388	卖盘
13:07:36	31.51	-0.01	7	22372	卖盘
13:07:33	31.52	0.02	5	16957	买盘
13:07:27	31.5	--	4	12600	卖盘
13:07:24	31.5	--	12	37800	卖盘
13:07:21	31.5	--	5	15750	卖盘
13:07:15	31.5	--	41	129150	卖盘
13:07:12	31.5	0.01	164	518112	买盘
13:07:09	31.49	0.01	2	6298	中性盘
13:07:00	31.48	-0.02	3	9444	卖盘
13:06:57	31.5	0.02	1	3150	买盘
13:06:54	31.48	--	16	50368	卖盘
13:06:51	31.48	--	15	47220	卖盘
13:06:48	31.48	-0.01	24	75552	卖盘
13:06:45	31.49	-0.01	12	37788	卖盘
13:06:42	31.5	--	65	206388	卖盘
13:06:39	31.5	-0.02	14	44100	卖盘
13:06:36	31.52	0.02	2	6304	买盘
13:06:33	31.5	-0.01	6	18900	卖盘
13:06:30	31.51	-0.01	5	15755	卖盘
13:06:27	31.52	0.02	7	22064	买盘
13:06:24	31.5	-0.02	11	34650	卖盘
13:06:21	31.52	0.01	4	12608	买盘
13:06:18	31.51	--	2	6302	卖盘
13:06:15	31.51	-0.01	16	50416	卖盘
13:06:12	31.52	-0.01	18	56736	卖盘
13:06:09	31.53	--	6	18918	买盘
13:06:06	31.53	0.01	3	9459	买盘
13:06:00	31.52	--	5	15760	卖盘
13:05:57	31.52	-0.01	22	69344	卖盘
13:05:54	31.53	-0.01	1	3153	卖盘
13:05:51	31.54	0.01	4	12616	买盘
13:05:48	31.53	-0.01	1	3153	卖盘
13:05:45	31.54	0.01	5	15770	买盘
13:05:42	31.53	--	3	9459	卖盘
13:05:39	31.53	--	9	28377	卖盘
13:05:36	31.53	-0.01	1	3153	卖盘
13:05:33	31.54	0.01	6	18924	买盘
13:05:30	31.53	--	4	14125	卖盘
13:05:21	31.53	--	7	22071	卖盘
13:05:18	31.53	--	26	81978	买盘
13:05:15	31.53	0.01	4	12612	买盘
13:05:12	31.52	-0.01	7	22064	卖盘
13:05:09	31.53	-0.01	35	110355	卖盘
13:05:03	31.54	0.01	1	3154	买盘
13:05:00	31.53	-0.01	1	3153	卖盘
13:04:57	31.54	0.01	3	9462	买盘
13:04:51	31.53	0.02	4	12612	中性盘
13:04:39	31.51	--	24	75624	卖盘
13:04:36	31.51	-0.01	8	25208	卖盘
13:04:33	31.52	-0.02	11	34672	卖盘
13:04:27	31.54	--	13	41002	买盘
13:04:24	31.54	--	2	6308	买盘
13:04:18	31.54	0.02	5	15770	买盘
13:04:15	31.52	--	5	15760	卖盘
13:04:09	31.52	-0.02	2	6304	卖盘
13:04:03	31.54	0.01	1	3154	买盘
13:04:00	31.53	0.03	1	3153	买盘
13:03:54	31.5	--	1	3150	卖盘
13:03:51	31.5	-0.01	69	217350	卖盘
13:03:48	31.51	-0.02	12	37812	中性盘
13:03:39	31.53	0.03	4	12612	买盘
13:03:36	31.5	--	321	1011150	卖盘
13:03:33	31.5	--	10	31500	卖盘
13:03:30	31.5	--	4	14112	卖盘
13:03:27	31.5	0.01	2	6300	中性盘
13:03:15	31.49	0.01	3	9447	买盘
13:03:12	31.48	--	1	3148	卖盘
13:03:09	31.48	--	4	12592	卖盘
13:03:06	31.48	-0.01	1	3148	卖盘
13:03:03	31.49	--	1	3149	买盘
13:03:00	31.49	0.01	3	9447	买盘
13:02:57	31.48	-0.01	1	3148	卖盘
13:02:54	31.49	0.02	1	3149	买盘
13:02:51	31.47	-0.01	78	245466	卖盘
13:02:48	31.48	0.01	3	9444	买盘
13:02:36	31.47	--	2	6294	中性盘
13:02:21	31.47	0.02	6	18882	中性盘
13:02:18	31.45	--	61	191845	卖盘
13:02:15	31.45	0.02	2	6290	中性盘
13:02:06	31.43	-0.02	281	883183	卖盘
13:02:03	31.45	0.02	3	9435	买盘
13:01:51	31.43	0.01	72	226296	买盘
13:01:48	31.42	--	4	12568	买盘
13:01:45	31.42	-0.01	53	166526	买盘
13:01:42	31.43	--	25	78575	买盘
13:01:33	31.43	0.01	14	44002	中性盘
13:01:27	31.42	--	5	16652	卖盘
13:01:24	31.42	-0.06	5	16275	卖盘
13:01:15	31.48	0.01	5	15740	买盘
13:01:12	31.47	0.06	1	3147	买盘
13:01:06	31.41	-0.07	52	163332	卖盘
13:01:03	31.48	0.07	1	3148	买盘
13:00:42	31.41	-0.04	2	6282	卖盘
13:00:36	31.45	0.04	898	2824210	买盘
13:00:33	31.41	-0.02	1	3141	卖盘
13:00:09	31.43	-0.01	142	446431	卖盘
13:00:06	31.44	-0.01	48	150912	中性盘
13:00:03	31.45	--	1991	6261695	卖盘
13:00:00	31.45	--	0	0	卖盘
11:30:00	31.45	--	0	0	卖盘
11:29:48	31.45	0.02	71	223295	买盘
11:29:42	31.43	-0.02	62	194866	卖盘
11:29:36	31.45	--	24	75480	买盘
11:29:27	31.45	0.02	2	6290	买盘
11:29:24	31.43	-0.03	7	22001	卖盘
11:29:21	31.46	0.01	20	64430	买盘
11:29:18	31.45	-0.01	82	259525	卖盘
11:29:15	31.46	-0.02	186	585156	卖盘
11:29:12	31.48	--	9	28332	买盘
11:29:09	31.48	--	7	22036	买盘
11:29:06	31.48	--	13	40924	买盘
11:29:03	31.48	--	12	37776	买盘
11:29:00	31.48	--	1	3148	买盘
11:28:51	31.48	0.01	5	15740	买盘
11:28:48	31.47	--	15	47205	中性盘
11:28:36	31.47	--	8	25176	买盘
11:28:33	31.47	--	2	6294	买盘
11:28:27	31.47	-0.02	34	106998	卖盘
11:28:24	31.49	-0.02	178	560522	卖盘
11:28:21	31.51	--	6	18906	卖盘
11:28:18	31.51	--	22	69322	买盘
11:28:15	31.51	0.01	1	3151	买盘
11:28:12	31.5	--	46	144900	卖盘
11:28:09	31.5	0.01	182	573300	买盘
11:28:06	31.49	-0.01	1	3149	卖盘
11:28:03	31.5	--	6	18900	买盘
11:28:00	31.5	0.01	14	44100	买盘
11:27:57	31.49	--	4	12596	卖盘
11:27:54	31.49	--	55	173195	卖盘
11:27:51	31.49	0.02	10	31490	买盘
11:27:48	31.47	-0.02	35	110145	卖盘
11:27:45	31.49	-0.01	1	3149	中性盘
11:27:42	31.5	0.04	55	173250	买盘
11:27:39	31.46	-0.03	142	446732	卖盘
11:27:36	31.49	0.04	1	3149	中性盘
11:27:24	31.45	--	69	217005	卖盘
11:27:21	31.45	-0.02	39	124164	卖盘
11:27:18	31.47	-0.01	22	69234	卖盘
11:27:15	31.48	-0.01	22	69256	卖盘
11:27:12	31.49	0.01	1	3149	中性盘
11:27:09	31.48	-0.01	404	1271792	卖盘
11:27:06	31.49	-0.01	5	15745	卖盘
11:27:03	31.5	0.05	37	116550	买盘
11:27:00	31.45	-0.01	49	154105	卖盘
11:26:57	31.46	-0.03	73	229658	卖盘
11:26:54	31.49	0.01	5	15745	买盘
11:26:51	31.48	--	1	3148	卖盘
11:26:48	31.48	--	6	18888	卖盘
11:26:45	31.48	--	8	25184	买盘
11:26:42	31.48	0.01	1	3148	买盘
11:26:39	31.47	--	2	6294	卖盘
11:26:36	31.47	--	9	28323	买盘
11:26:33	31.47	0.01	1	3147	中性盘
11:26:30	31.46	-0.01	14	44044	卖盘
11:26:27	31.47	-0.01	17	53499	卖盘
11:26:24	31.48	0.01	16	50368	买盘
11:26:21	31.47	--	20	62940	卖盘
11:26:18	31.47	-0.01	32	100704	卖盘
11:26:15	31.48	--	6	18888	买盘
11:26:12	31.48	--	6	18888	买盘
11:26:09	31.48	0.01	1	3148	买盘
11:26:06	31.47	--	5	15735	中性盘
11:26:03	31.47	0.01	23	72381	买盘
11:26:00	31.46	0.01	2	6292	中性盘
11:25:57	31.45	0.01	16	50320	卖盘
11:25:48	31.44	--	7	22008	买盘
11:25:45	31.44	-0.01	13	40872	卖盘
11:25:42	31.45	0.02	19	59755	卖盘
11:25:33	31.43	-0.01	4	12572	卖盘
11:25:30	31.44	--	2	6288	卖盘
11:25:27	31.44	0.01	3	9432	中性盘
11:25:24	31.43	-0.01	125	392875	卖盘
11:25:21	31.44	0.01	5	15720	买盘
11:25:18	31.43	--	15	47145	卖盘
11:25:15	31.43	-0.01	37	117799	卖盘
11:25:12	31.44	-0.01	13	40872	卖盘
11:25:09	31.45	0.01	7	22015	卖盘
11:25:06	31.44	--	54	169776	卖盘
11:25:03	31.44	--	9	28296	卖盘
11:25:00	31.44	--	35	110040	买盘
11:24:57	31.44	--	12	37728	中性盘
11:24:48	31.44	-0.01	56	176064	中性盘
11:24:45	31.45	0.02	16	50320	买盘
11:24:42	31.43	-0.02	1	3143	卖盘
11:24:39	31.45	--	2	6290	中性盘
11:24:36	31.45	0.02	3	9435	买盘
11:24:27	31.43	-0.02	10	31430	中性盘
11:24:18	31.45	--	7	22015	买盘
11:24:15	31.45	--	51	160395	卖盘
11:24:09	31.45	-0.02	10	31450	卖盘
11:24:03	31.47	0.01	29	91263	买盘
11:24:00	31.46	0.01	2	6292	买盘
11:23:57	31.45	--	1	3145	卖盘
11:23:54	31.45	--	11	34595	买盘
11:23:51	31.45	0.02	36	113220	买盘
11:23:48	31.43	0.03	15	47145	中性盘
11:23:45	31.4	-0.05	51	160140	卖盘
11:23:42	31.45	--	17	53465	买盘
11:23:36	31.45	0.04	8	25160	买盘
11:23:33	31.41	0.01	44	138204	中性盘
11:23:30	31.4	-0.03	52	163280	卖盘
11:23:24	31.43	0.03	6	18858	买盘
11:23:21	31.4	--	14	43960	卖盘
11:23:18	31.4	0.01	35	109900	买盘
11:23:15	31.39	-0.01	9	29757	卖盘
11:23:12	31.4	0.01	6	18840	买盘
11:23:09	31.39	0.01	1	3139	买盘
11:23:06	31.38	-0.02	5	15690	卖盘
11:23:00	31.4	--	25	78500	卖盘
11:22:48	31.4	0.02	7	21980	买盘
11:22:45	31.38	-0.01	10	31380	卖盘
11:22:42	31.39	0.02	1	3139	买盘
11:22:30	31.37	--	1	3137	卖盘
11:22:27	31.37	--	1	3137	卖盘
11:22:24	31.37	0.02	8	25096	买盘
11:22:21	31.35	--	60	188100	买盘
11:22:18	31.35	--	215	674025	买盘
11:22:15	31.35	-0.02	265	830775	卖盘
11:22:12	31.37	0.02	2	6274	买盘
11:22:09	31.35	0.01	35	109725	中性盘
11:22:03	31.34	-0.02	77	242132	卖盘
11:22:00	31.36	--	26	81536	卖盘
11:21:57	31.36	0.01	99	310464	买盘
11:21:54	31.35	--	13	40755	买盘
11:21:51	31.35	--	64	200640	买盘
11:21:48	31.35	-0.02	63	197505	卖盘
11:21:45	31.37	--	8	25096	买盘
11:21:42	31.37	-0.01	64	200768	卖盘
11:21:39	31.38	-0.05	230	724062	卖盘
11:21:36	31.43	0.02	6	19675	买盘
11:21:33	31.41	-0.01	66	207306	卖盘
11:21:30	31.42	-0.01	2	6284	中性盘
11:21:27	31.43	--	3	9429	买盘
11:21:24	31.43	--	27	84861	买盘
11:21:21	31.43	--	3	9429	买盘
11:21:18	31.43	-0.01	8	27469	卖盘
11:21:15	31.44	0.01	6	18864	中性盘
11:21:12	31.43	--	116	365405	卖盘
11:21:09	31.43	--	5	16406	卖盘
11:21:06	31.43	--	1	3143	卖盘
11:21:03	31.43	0.01	3	9429	中性盘
11:21:00	31.42	-0.02	8	25136	中性盘
11:20:45	31.44	0.04	49	154056	买盘
11:20:42	31.4	--	19	59660	卖盘
11:20:39	31.4	--	14	43960	买盘
11:20:36	31.4	0.02	4	12560	买盘
11:20:33	31.38	-0.01	10	31380	卖盘
11:20:27	31.39	--	2	6278	买盘
11:20:24	31.39	0.02	2	6278	买盘
11:20:21	31.37	--	3	9411	买盘
11:20:18	31.37	--	3	9411	买盘
11:20:15	31.37	--	8	25096	卖盘
11:20:12	31.37	--	2	6274	卖盘
11:20:09	31.37	0.02	95	298015	买盘
11:20:06	31.35	0.01	193	605055	买盘
11:20:03	31.34	-0.01	6	18804	卖盘
11:20:00	31.35	--	167	523545	买盘
11:19:57	31.35	--	1	3135	买盘
11:19:51	31.35	0.01	36	112860	买盘
11:19:48	31.34	-0.01	5	15670	卖盘
11:19:45	31.35	--	13	40755	中性盘
11:19:42	31.35	--	2	6270	中性盘
11:19:39	31.35	-0.03	5	15675	卖盘
11:19:30	31.38	0.08	20	62760	买盘
11:19:27	31.3	-0.03	11	34430	卖盘
11:19:21	31.33	--	9	28197	买盘
11:19:18	31.33	-0.06	201	629733	卖盘
11:19:15	31.39	--	9	28251	卖盘
11:19:12	31.39	0.06	29	91031	买盘
11:19:09	31.33	--	4	14035	卖盘
11:19:06	31.33	--	3	9399	卖盘
11:18:57	31.33	0.02	9	28197	买盘
11:18:54	31.31	--	15	46965	卖盘
11:18:51	31.31	0.01	40	125240	中性盘
11:18:48	31.3	-0.01	150	469500	卖盘
11:18:45	31.31	--	41	128371	买盘
11:18:42	31.31	--	138	432078	买盘
11:18:39	31.31	-0.02	70	219170	卖盘
11:18:36	31.33	0.02	12	37596	买盘
11:18:33	31.31	--	20	62620	买盘
11:18:30	31.31	--	6	18786	买盘
11:18:27	31.31	--	16	50096	买盘
11:18:24	31.31	0.02	46	144026	买盘
11:18:21	31.29	-0.01	55	172095	卖盘
11:18:18	31.3	-0.01	6	18780	卖盘
11:18:15	31.31	0.01	7	21917	买盘
11:18:12	31.3	-0.01	6	18780	卖盘
11:18:09	31.31	0.01	25	78275	买盘
11:18:06	31.3	-0.01	11	34430	卖盘
11:18:03	31.31	--	20	62620	买盘
11:18:00	31.31	-0.02	13	40703	卖盘
11:17:57	31.33	0.04	7	21931	买盘
11:17:54	31.29	-0.02	30	93870	卖盘
11:17:51	31.31	-0.01	1	3131	中性盘
11:17:48	31.32	0.02	5	15660	买盘
11:17:45	31.3	--	76	237880	买盘
11:17:42	31.3	-0.01	110	345990	卖盘
11:17:39	31.31	-0.01	601	1883171	卖盘
11:17:36	31.32	0.01	54	169128	卖盘
11:17:33	31.31	-0.02	100	313100	卖盘
11:17:30	31.33	0.01	3	9399	买盘
11:17:27	31.32	--	22	68904	买盘
11:17:24	31.32	--	140	438480	买盘
11:17:21	31.32	-0.01	182	570024	卖盘
11:17:18	31.33	--	190	596899	卖盘
11:17:15	31.33	-0.01	1052	3295916	卖盘
11:17:12	31.34	-0.01	5	15670	卖盘
11:17:09	31.35	0.01	15	47025	买盘
11:17:06	31.34	--	5	17174	卖盘
11:17:03	31.34	-0.01	6	18804	卖盘
11:17:00	31.35	0.02	24	75240	买盘
11:16:57	31.33	--	30	93990	卖盘
11:16:54	31.33	--	3	9399	卖盘
11:16:51	31.33	--	1	3133	卖盘
11:16:48	31.33	--	7	21931	买盘
11:16:45	31.33	-0.01	21	65793	卖盘
11:16:42	31.34	0.02	2	6268	买盘
11:16:39	31.32	--	69	216108	卖盘
11:16:36	31.32	-0.03	30	93960	卖盘
11:16:33	31.35	0.02	7	21945	买盘
11:16:30	31.33	-0.02	19	59527	中性盘
11:16:27	31.35	0.02	22	68970	买盘
11:16:24	31.33	-0.01	17	53261	卖盘
11:16:21	31.34	-0.01	88	275792	卖盘
11:16:18	31.35	-0.04	449	1407615	卖盘
11:16:15	31.39	0.01	4	12556	买盘
11:16:12	31.38	--	2	6276	卖盘
11:16:09	31.38	--	9	28242	卖盘
11:16:06	31.38	--	3	9414	卖盘
11:16:00	31.38	--	15	47070	买盘
11:15:57	31.38	0.01	53	166314	买盘
11:15:54	31.37	--	2	6274	卖盘
11:15:51	31.37	--	11	34507	卖盘
11:15:48	31.37	-0.01	13	40781	卖盘
11:15:45	31.38	0.01	9	28242	买盘
11:15:42	31.37	-0.01	24	75288	卖盘
11:15:39	31.38	--	113	354594	买盘
11:15:36	31.38	--	88	276144	买盘
11:15:33	31.38	-0.02	109	342042	卖盘
11:15:30	31.4	--	10	31400	买盘
11:15:27	31.4	--	24	75360	买盘
11:15:24	31.4	--	8	25120	买盘
11:15:21	31.4	--	21	65940	买盘
11:15:18	31.4	--	1	3140	买盘
11:15:15	31.4	--	6	18840	买盘
11:15:09	31.4	--	1	4615	卖盘
11:15:06	31.4	--	61	191540	卖盘
11:15:03	31.4	--	19	61167	卖盘
11:14:57	31.4	-0.01	4	12560	卖盘
11:14:54	31.41	--	1	3141	买盘
11:14:51	31.41	0.01	4	12564	买盘
11:14:48	31.4	--	44	138317	买盘
11:14:45	31.4	--	56	178823	买盘
11:14:42	31.4	0.01	1	3140	中性盘
11:14:39	31.39	-0.01	202	634078	卖盘
11:14:36	31.4	-0.02	17	53380	卖盘
11:14:33	31.42	--	7	21994	卖盘
11:14:30	31.42	0.01	28	87976	买盘
11:14:24	31.41	0.01	3	9423	中性盘
11:14:21	31.4	-0.01	25	78500	卖盘
11:14:18	31.41	-0.01	11	34551	中性盘
11:14:15	31.42	--	87	273354	买盘
11:14:12	31.42	--	1	3142	买盘
11:14:09	31.42	0.02	14	43988	买盘
11:14:06	31.4	-0.02	12	37680	卖盘
11:14:03	31.42	-0.01	13	40846	卖盘
11:14:00	31.43	0.02	5	15715	中性盘
11:13:54	31.41	0.01	104	326664	中性盘
11:13:45	31.4	--	6	18840	卖盘
11:13:42	31.4	-0.04	20	62800	卖盘
11:13:39	31.44	--	1	3144	买盘
11:13:36	31.44	-0.01	29	91176	中性盘
11:13:33	31.45	0.01	185	581825	买盘
11:13:30	31.44	--	1	3144	卖盘
11:13:27	31.44	--	3	9432	卖盘
11:13:21	31.44	0.01	3	9432	买盘
11:13:18	31.43	-0.02	6	18858	买盘
11:13:15	31.45	0.02	108	339660	买盘
11:13:12	31.43	-0.01	7	22001	卖盘
11:13:06	31.44	-0.01	5	18046	卖盘
11:13:03	31.45	--	96	302045	卖盘
11:13:00	31.45	--	4	13271	卖盘
11:12:57	31.45	-0.01	320	1006400	卖盘
11:12:48	31.46	0.01	2	6292	买盘
11:12:45	31.45	--	1	3145	卖盘
11:12:42	31.45	--	5	15725	卖盘
11:12:39	31.45	-0.01	16	50320	卖盘
11:12:36	31.46	0.02	46	144716	买盘
11:12:33	31.44	-0.01	1	3144	买盘
11:12:30	31.45	--	10	31450	买盘
11:12:27	31.45	0.03	12	37740	买盘
11:12:24	31.42	--	11	34562	买盘
11:12:21	31.42	-0.03	17	53414	卖盘
11:12:18	31.45	0.01	11	34595	买盘
11:12:15	31.44	0.02	5	15720	中性盘
11:12:12	31.42	-0.01	50	157100	买盘
11:12:06	31.43	0.02	3	9429	买盘
11:12:03	31.41	-0.04	25	78525	中性盘
11:11:57	31.45	--	5	15725	买盘
11:11:51	31.45	0.05	2	6290	买盘
11:11:48	31.4	--	3	9420	卖盘
11:11:45	31.4	--	10	31400	卖盘
11:11:42	31.4	0.01	72	226237	买盘
11:11:39	31.39	0.02	30	94170	买盘
11:11:36	31.37	-0.01	10	31370	卖盘
11:11:33	31.38	--	3	9414	卖盘
11:11:30	31.38	0.01	55	172590	买盘
11:11:27	31.37	-0.01	6	18822	卖盘
11:11:24	31.38	--	13	40794	卖盘
11:11:21	31.38	--	56	175728	买盘
11:11:18	31.38	0.01	13	40794	买盘
11:11:15	31.37	-0.01	60	188220	买盘
11:11:12	31.38	--	5	15690	卖盘
11:11:09	31.38	--	18	56484	卖盘
11:11:06	31.38	0.01	24	75312	中性盘
11:11:03	31.37	-0.01	27	84699	中性盘
11:11:00	31.38	--	17	54632	买盘
11:10:57	31.38	-0.01	90	282639	卖盘
11:10:54	31.39	--	16	50224	买盘
11:10:51	31.39	-0.01	15	47085	卖盘
11:10:48	31.4	0.01	11	34540	买盘
11:10:45	31.39	-0.01	28	87892	卖盘
11:10:42	31.4	--	28	87920	买盘
11:10:39	31.4	0.01	58	182120	买盘
11:10:36	31.39	--	20	62780	卖盘
11:10:33	31.39	--	76	238564	卖盘
11:10:30	31.39	-0.01	18	56502	中性盘
11:10:27	31.4	--	65	204100	买盘
11:10:24	31.4	--	129	405060	买盘
11:10:21	31.4	0.01	152	477280	买盘
11:10:18	31.39	-0.01	11	34529	中性盘
11:10:12	31.4	--	157	492980	买盘
11:10:06	31.4	0.01	8	25120	买盘
11:10:03	31.39	0.04	21	65919	买盘
11:09:57	31.35	-0.01	6	18810	卖盘
11:09:51	31.36	--	5	15680	买盘
11:09:48	31.36	0.01	2	6272	中性盘
11:09:45	31.35	0.05	34	106590	买盘
11:09:42	31.3	-0.04	4	12520	卖盘
11:09:39	31.34	--	17	53278	买盘
11:09:36	31.34	0.04	4	12536	中性盘
11:09:33	31.3	-0.04	19	59470	卖盘
11:09:30	31.34	0.04	5	15670	中性盘
11:09:27	31.3	-0.04	37	115810	卖盘
11:09:24	31.34	0.05	1	3134	买盘
11:09:21	31.29	-0.01	30	96748	卖盘
11:09:18	31.3	-0.01	55	172150	卖盘
11:09:15	31.31	-0.01	230	720380	卖盘
11:09:12	31.32	--	7	21924	卖盘
11:09:09	31.32	0.01	34	106488	卖盘
11:09:06	31.31	0.01	24	75144	买盘
11:09:03	31.3	-0.01	51	159630	卖盘
11:08:57	31.31	0.02	4	14026	中性盘
11:08:54	31.29	--	89	279857	买盘
11:08:51	31.29	-0.01	287	899775	卖盘
11:08:48	31.3	--	24	75120	卖盘
11:08:45	31.3	--	66	206580	卖盘
11:08:42	31.3	--	41	128330	买盘
11:08:39	31.3	--	122	381860	买盘
11:08:36	31.3	--	464	1452320	卖盘
11:08:33	31.3	--	33	103290	卖盘
11:08:30	31.3	--	22	68860	买盘
11:08:27	31.3	--	84	262920	买盘
11:08:24	31.3	0.01	11	34430	卖盘
11:08:21	31.29	--	65	203385	卖盘
11:08:18	31.29	-0.01	49	153321	卖盘
11:08:15	31.3	0.01	5	15650	中性盘
11:08:12	31.29	-0.01	229	716541	卖盘
11:08:09	31.3	0.01	68	214342	买盘
11:08:06	31.29	--	193	606900	买盘
11:08:03	31.29	--	94	294126	买盘
11:08:00	31.29	0.01	82	256578	买盘
11:07:57	31.28	-0.01	23	71944	卖盘
11:07:54	31.29	--	35	109515	买盘
11:07:51	31.29	-0.02	29	92493	卖盘
11:07:48	31.31	0.01	90	283292	买盘
11:07:45	31.3	-0.01	155	486777	卖盘
11:07:42	31.31	--	47	147157	买盘
11:07:39	31.31	-0.02	18	56358	中性盘
11:07:36	31.33	0.02	37	115921	买盘
11:07:33	31.31	--	76	237956	买盘
11:07:30	31.31	-0.02	11	34441	卖盘
11:07:27	31.33	0.02	7	21931	买盘
11:07:24	31.31	-0.02	69	216039	卖盘
11:07:21	31.33	--	21	65793	卖盘
11:07:18	31.33	--	16	50128	卖盘
11:07:15	31.33	0.04	47	148754	买盘
11:07:12	31.29	-0.04	68	214399	卖盘
11:07:09	31.33	0.04	209	656300	买盘
11:07:06	31.29	-0.02	107	334803	卖盘
11:07:03	31.31	--	229	716999	买盘
11:07:00	31.31	-0.01	311	976746	卖盘
11:06:57	31.32	0.01	24	75168	买盘
11:06:54	31.31	-0.01	59	186357	卖盘
11:06:51	31.32	-0.01	38	120519	卖盘
11:06:48	31.33	--	40	125320	买盘
11:06:45	31.33	--	51	159783	卖盘
11:06:42	31.33	-0.02	58	181714	卖盘
11:06:39	31.35	--	25	78375	买盘
11:06:36	31.35	--	13	40755	买盘
11:06:33	31.35	-0.02	37	115995	卖盘
11:06:30	31.37	0.01	2	6274	买盘
11:06:27	31.36	--	31	97216	买盘
11:06:24	31.36	-0.01	97	304192	卖盘
11:06:21	31.37	-0.01	8	25096	卖盘
11:06:18	31.38	-0.01	115	360870	卖盘
11:06:15	31.39	--	6	18834	买盘
11:06:09	31.39	-0.01	56	175784	卖盘
11:06:06	31.4	-0.05	1145	3598283	卖盘
11:06:03	31.45	-0.01	21	66045	卖盘
11:05:57	31.46	--	18	56628	卖盘
11:05:45	31.46	--	48	151008	卖盘
11:05:42	31.46	0.03	14	44201	买盘
11:05:39	31.43	-0.01	13	40859	卖盘
11:05:36	31.44	-0.01	92	289248	卖盘
11:05:33	31.45	--	365	1148082	卖盘
11:05:30	31.45	-0.02	72	226440	卖盘
11:05:27	31.47	0.01	6	18882	卖盘
11:05:24	31.46	-0.01	466	1466036	卖盘
11:05:21	31.47	0.01	16	50352	中性盘
11:05:18	31.46	-0.01	22	69212	卖盘
11:05:15	31.47	0.01	47	147909	买盘
11:05:12	31.46	0.01	75	235950	卖盘
11:05:00	31.45	-0.02	150	471750	卖盘
11:04:57	31.47	0.01	54	169938	买盘
11:04:54	31.46	--	22	69212	卖盘
11:04:51	31.46	--	16	51437	卖盘
11:04:48	31.46	--	58	182876	卖盘
11:04:45	31.46	--	17	53482	卖盘
11:04:42	31.46	--	12	37752	卖盘
11:04:39	31.46	--	9	28314	买盘
11:04:36	31.46	--	100	314600	买盘
11:04:33	31.46	--	299	943202	卖盘
11:04:30	31.46	--	4	12584	卖盘
11:04:27	31.46	--	23	72358	卖盘
11:04:24	31.46	--	1	3146	卖盘
11:04:21	31.46	0.01	5	15730	卖盘
11:04:18	31.45	-0.01	23	72335	卖盘
11:04:15	31.46	0.01	15	47190	买盘
11:04:12	31.45	-0.01	19	59755	卖盘
11:04:09	31.46	-0.01	14	44044	卖盘
11:04:06	31.47	0.01	19	59793	卖盘
11:04:03	31.46	-0.02	29	91234	卖盘
11:04:00	31.48	0.01	5	15740	买盘
11:03:57	31.47	0.01	10	31470	买盘
11:03:51	31.46	--	10	31460	卖盘
11:03:48	31.46	--	51	160446	卖盘
11:03:45	31.46	--	50	157300	卖盘
11:03:42	31.46	--	59	185614	卖盘
11:03:39	31.46	--	99	311454	买盘
11:03:36	31.46	0.01	61	191906	卖盘
11:03:33	31.45	-0.03	180	566100	卖盘
11:03:30	31.48	0.01	300	944400	买盘
11:03:27	31.47	--	89	280083	买盘
11:03:24	31.47	-0.01	257	808779	卖盘
11:03:21	31.48	--	438	1378824	卖盘
11:03:18	31.48	-0.02	1057	3327436	卖盘
11:03:15	31.5	--	1	3150	买盘
11:03:12	31.5	--	28	88200	买盘
11:03:09	31.5	--	10	31500	买盘
11:03:06	31.5	0.01	81	255150	买盘
11:03:03	31.49	-0.01	149	469201	卖盘
11:03:00	31.5	-0.01	71	225256	卖盘
11:02:57	31.51	0.01	22	69322	中性盘
11:02:54	31.5	-0.02	800	2520000	卖盘
11:02:51	31.52	0.02	1	3152	买盘
11:02:48	31.5	-0.03	154	486612	卖盘
11:02:45	31.53	0.02	1	3153	买盘
11:02:42	31.51	--	201	633351	买盘
11:02:39	31.51	-0.02	596	1879697	卖盘
11:02:36	31.53	-0.03	181	570693	卖盘
11:02:33	31.56	0.01	13	41028	买盘
11:02:30	31.55	--	4	12620	卖盘
11:02:27	31.55	--	3	9465	卖盘
11:02:24	31.55	--	12	37860	卖盘
11:02:21	31.55	-0.01	5	15775	卖盘
11:02:18	31.56	0.01	22	69432	买盘
11:02:15	31.55	0.01	3	9465	中性盘
11:02:12	31.54	-0.02	10	31540	卖盘
11:02:09	31.56	0.01	3	9468	买盘
11:02:06	31.55	--	1	3155	卖盘
11:02:03	31.55	--	10	31550	买盘
11:02:00	31.55	--	87	274485	买盘
11:01:57	31.55	-0.01	115	362825	卖盘
11:01:54	31.56	0.01	76	239856	买盘
11:01:51	31.55	0.01	13	41015	买盘
11:01:48	31.54	-0.01	2	6308	卖盘
11:01:45	31.55	--	28	88340	买盘
11:01:42	31.55	--	16	50480	买盘
11:01:39	31.55	--	1	3155	买盘
11:01:33	31.55	-0.01	19	59945	卖盘
11:01:30	31.56	0.01	104	328224	买盘
11:01:27	31.55	--	2	6310	卖盘
11:01:21	31.55	-0.01	11	34705	卖盘
11:01:18	31.56	--	52	164112	买盘
11:01:15	31.56	--	41	129396	卖盘
11:01:12	31.56	--	25	78900	卖盘
11:01:09	31.56	--	80	252480	卖盘
11:01:06	31.56	0.01	11	34716	买盘
11:01:03	31.55	0.03	3	9465	卖盘
11:01:00	31.52	-0.04	58	182816	卖盘
11:00:57	31.56	0.02	57	179892	买盘
11:00:54	31.54	-0.02	78	246012	中性盘
11:00:48	31.56	0.04	4	13570	买盘
11:00:45	31.52	-0.04	7	22631	卖盘
11:00:42	31.56	--	1	3156	买盘
11:00:39	31.56	--	35	110460	卖盘
11:00:36	31.56	-0.01	22	69432	卖盘
11:00:33	31.57	0.06	1	3157	中性盘
11:00:27	31.51	-0.06	23	72473	卖盘
11:00:24	31.57	--	1	3157	卖盘
11:00:21	31.57	0.01	48	154629	买盘
11:00:18	31.56	--	25	78900	买盘
11:00:15	31.56	--	2	6312	中性盘
11:00:12	31.56	0.06	120	378720	买盘
11:00:09	31.5	-0.06	108	340200	卖盘
11:00:06	31.56	0.02	39	123084	买盘
11:00:03	31.54	0.04	2	6308	买盘
11:00:00	31.5	-0.02	450	1417500	卖盘
10:59:57	31.52	--	45	141840	卖盘
10:59:54	31.52	--	1	3152	卖盘
10:59:51	31.52	-0.02	20	63040	卖盘
10:59:48	31.54	0.03	10	31540	买盘
10:59:45	31.51	--	8	25208	卖盘
10:59:42	31.51	--	11	34661	卖盘
10:59:39	31.51	-0.01	154	486766	卖盘
10:59:36	31.52	-0.02	5	15760	中性盘
10:59:33	31.54	0.03	177	558258	买盘
10:59:30	31.51	--	22	69322	卖盘
10:59:27	31.51	--	287	904337	卖盘
10:59:24	31.51	-0.04	328	1033685	卖盘
10:59:21	31.55	0.01	8	25240	买盘
10:59:18	31.54	0.01	5	15770	买盘
10:59:15	31.53	-0.02	13	40989	卖盘
10:59:12	31.55	0.01	45	141975	买盘
10:59:03	31.54	-0.01	40	126160	卖盘
10:59:00	31.55	-0.01	147	466782	卖盘
10:58:57	31.56	-0.01	26	82056	卖盘
10:58:54	31.57	-0.01	46	146863	卖盘
10:58:51	31.58	0.01	14	44212	中性盘
10:58:48	31.57	--	2	6314	卖盘
10:58:42	31.57	-0.02	38	121481	卖盘
10:58:33	31.59	0.02	1	3159	中性盘
10:58:27	31.57	--	60	189420	买盘
10:58:24	31.57	--	64	202048	买盘
10:58:21	31.57	--	21	66297	买盘
10:58:18	31.57	--	50	157850	买盘
10:58:15	31.57	-0.03	39	123123	卖盘
10:58:12	31.6	-0.01	11	36403	卖盘
10:58:09	31.61	--	55	173855	买盘
10:58:06	31.61	--	7	22127	卖盘
10:58:03	31.61	0.01	47	150084	买盘
10:58:00	31.6	--	22	69520	卖盘
10:57:57	31.6	--	89	281240	卖盘
10:57:54	31.6	-0.01	5	15800	卖盘
10:57:51	31.61	0.01	9	28449	买盘
10:57:45	31.6	-0.01	7	22120	卖盘
10:57:42	31.61	-0.06	10	33253	卖盘
10:57:39	31.67	--	1	3167	买盘
10:57:36	31.67	0.06	19	60173	买盘
10:57:33	31.61	-0.01	39	123279	卖盘
10:57:30	31.62	0.01	14	44268	买盘
10:57:27	31.61	-0.01	37	116957	卖盘
10:57:24	31.62	0.01	6	18972	买盘
10:57:21	31.61	-0.01	19	60059	卖盘
10:57:18	31.62	0.01	3	9486	中性盘
10:57:15	31.61	-0.01	41	129601	卖盘
10:57:06	31.62	-0.01	17	53754	卖盘
10:57:03	31.63	-0.01	5	15815	卖盘
10:57:00	31.64	0.02	18	56952	买盘
10:56:57	31.62	-0.02	49	154938	卖盘
10:56:54	31.64	0.01	2	6328	买盘
10:56:51	31.63	0.01	5	15815	中性盘
10:56:48	31.62	-0.02	10	31620	卖盘
10:56:42	31.64	--	3	11137	卖盘
10:56:39	31.64	--	5	17338	中性盘
10:56:33	31.64	-0.02	3	9492	卖盘
10:56:30	31.66	--	11	34826	卖盘
10:56:27	31.66	--	10	31660	中性盘
10:56:24	31.66	--	40	126640	买盘
10:56:15	31.66	--	12	37992	卖盘
10:56:12	31.66	--	37	117142	买盘
10:56:09	31.66	0.04	5	15830	卖盘
10:56:06	31.62	-0.04	208	657696	卖盘
10:56:03	31.66	-0.01	103	326098	卖盘
10:56:00	31.67	0.01	15	47505	买盘
10:55:57	31.66	--	16	50656	卖盘
10:55:54	31.66	0.01	1	3166	中性盘
10:55:51	31.65	--	6	18990	卖盘
10:55:48	31.65	--	3	9495	卖盘
10:55:42	31.65	-0.01	4	12660	卖盘
10:55:39	31.66	--	3	9498	卖盘
10:55:36	31.66	0.01	4	12664	买盘
10:55:33	31.65	--	28	88620	买盘
10:55:30	31.65	-0.01	59	186735	中性盘
10:55:24	31.66	-0.01	211	668026	卖盘
10:55:21	31.67	--	1	3167	买盘
10:55:18	31.67	0.01	1	3167	买盘
10:55:09	31.66	--	3	9498	卖盘
10:55:06	31.66	0.04	19	60154	买盘
10:55:00	31.62	0.01	10	31620	中性盘
10:54:57	31.61	--	1	3161	卖盘
10:54:54	31.61	-0.01	63	199143	卖盘
10:54:51	31.62	-0.04	7	22134	卖盘
10:54:48	31.66	0.04	43	137657	买盘
10:54:45	31.62	-0.03	79	251442	卖盘
10:54:42	31.65	-0.01	13	41145	卖盘
10:54:39	31.66	0.04	9	28494	买盘
10:54:36	31.62	-0.02	29	93215	卖盘
10:54:33	31.64	--	30	94920	买盘
10:54:27	31.64	--	16	50624	卖盘
10:54:24	31.64	--	14	44296	卖盘
10:54:18	31.64	0.03	1	3164	中性盘
10:54:12	31.61	-0.01	93	293973	卖盘
10:54:09	31.62	-0.03	5	15810	中性盘
10:54:06	31.65	0.05	3	9495	买盘
10:54:03	31.6	-0.04	2	6320	中性盘
10:53:57	31.64	0.04	100	316400	买盘
10:53:54	31.6	--	98	312555	卖盘
10:53:51	31.6	--	200	632000	卖盘
10:53:48	31.6	0.03	251	793444	买盘
10:53:45	31.57	0.01	1	3157	买盘
10:53:42	31.56	--	4	12624	卖盘
10:53:39	31.56	--	7	22092	卖盘
10:53:36	31.56	0.01	16	50496	买盘
10:53:33	31.55	-0.01	29	91495	卖盘
10:53:30	31.56	0.01	24	75744	中性盘
10:53:24	31.55	-0.03	17	53635	卖盘
10:53:21	31.58	0.03	12	37896	买盘
10:53:18	31.55	--	6	18930	卖盘
10:53:15	31.55	--	17	53792	买盘
10:53:12	31.55	-0.01	5	15775	卖盘
10:53:09	31.56	0.02	3	9468	买盘
10:53:03	31.54	--	1	3154	卖盘
10:53:00	31.54	-0.01	4	12616	中性盘
10:52:57	31.55	0.02	13	41015	买盘
10:52:54	31.53	-0.02	11	34683	卖盘
10:52:51	31.55	--	62	195610	买盘
10:52:48	31.55	--	1	3155	卖盘
10:52:45	31.55	-0.01	18	56790	卖盘
10:52:42	31.56	0.01	48	151488	买盘
10:52:39	31.55	0.02	37	118249	买盘
10:52:36	31.53	-0.01	16	52087	卖盘
10:52:33	31.54	-0.01	24	75696	中性盘
10:52:30	31.55	--	111	351719	卖盘
10:52:27	31.55	--	6	18930	卖盘
10:52:24	31.55	--	52	164060	买盘
10:52:21	31.55	0.01	155	489025	买盘
10:52:18	31.54	-0.01	15	47310	卖盘
10:52:15	31.55	0.01	6	18930	买盘
10:52:12	31.54	-0.01	38	119852	卖盘
10:52:09	31.55	0.01	7	22085	中性盘
10:52:06	31.54	-0.02	152	479408	卖盘
10:52:03	31.56	0.01	99	312444	买盘
10:52:00	31.55	-0.01	27	85185	卖盘
10:51:57	31.56	0.01	112	353472	买盘
10:51:54	31.55	-0.01	15	47325	卖盘
10:51:51	31.56	--	15	47340	卖盘
10:51:48	31.56	-0.02	82	258792	卖盘
10:51:45	31.58	--	310	978980	买盘
10:51:42	31.58	0.01	24	75792	买盘
10:51:39	31.57	-0.01	53	167321	卖盘
10:51:36	31.58	--	12	37896	买盘
10:51:33	31.58	0.01	24	75792	买盘
10:51:30	31.57	--	3	9471	卖盘
10:51:27	31.57	--	8	25256	卖盘
10:51:24	31.57	-0.01	8	25256	卖盘
10:51:21	31.58	--	59	186322	买盘
10:51:18	31.58	-0.01	106	336642	卖盘
10:51:15	31.59	0.01	15	47385	买盘
10:51:12	31.58	-0.01	20	63160	卖盘
10:51:06	31.59	-0.01	12	37908	卖盘
10:51:03	31.6	0.01	55	173800	买盘
10:51:00	31.59	--	75	236925	卖盘
10:50:57	31.59	--	3	9477	卖盘
10:50:54	31.59	-0.01	15	47385	卖盘
10:50:51	31.6	0.01	35	110600	买盘
10:50:48	31.59	-0.01	59	186381	卖盘
10:50:45	31.6	-0.01	6	21835	卖盘
10:50:42	31.61	--	17	53737	买盘
10:50:39	31.61	--	32	101152	买盘
10:50:36	31.61	--	16	52504	卖盘
10:50:33	31.61	0.01	0	1232	卖盘
10:50:30	31.6	-0.01	4	12924	卖盘
10:50:27	31.61	--	6	18966	中性盘
10:50:24	31.61	0.01	9	28449	买盘
10:50:21	31.6	--	2	6320	卖盘
10:50:18	31.6	--	13	41080	卖盘
10:50:15	31.6	--	26	82160	买盘
10:50:12	31.6	0.01	33	104280	买盘
10:50:09	31.59	--	11	34749	卖盘
10:50:06	31.59	--	5	15795	中性盘
10:50:03	31.59	--	6	18954	中性盘
10:50:00	31.59	--	22	69498	买盘
10:49:57	31.59	-0.01	11	34749	卖盘
10:49:54	31.6	0.02	55	173800	中性盘
10:49:51	31.58	-0.02	50	157900	卖盘
10:49:48	31.6	0.01	82	259120	买盘
10:49:45	31.59	-0.01	1	3159	中性盘
10:49:42	31.6	0.01	85	268600	买盘
10:49:39	31.59	-0.05	271	857921	卖盘
10:49:36	31.64	0.03	9	28476	买盘
10:49:30	31.61	0.01	35	110635	卖盘
10:49:24	31.6	-0.05	100	316000	卖盘
10:49:21	31.65	0.04	20	63300	买盘
10:49:18	31.61	-0.03	14	44254	卖盘
10:49:15	31.64	0.03	8	25312	买盘
10:49:12	31.61	0.01	4	12644	买盘
10:49:09	31.6	-0.01	71	224360	卖盘
10:49:06	31.61	--	56	177016	卖盘
10:49:03	31.61	--	17	53737	卖盘
10:48:57	31.61	0.02	6	18966	买盘
10:48:54	31.59	-0.02	161	508599	卖盘
10:48:45	31.61	-0.01	2	6322	卖盘
10:48:42	31.62	0.02	20	63240	买盘
10:48:39	31.6	--	59	187514	买盘
10:48:36	31.6	--	5	15800	买盘
10:48:33	31.6	--	10	31600	买盘
10:48:30	31.6	0.02	22	69772	买盘
10:48:27	31.58	-0.01	20	64423	卖盘
10:48:24	31.59	-0.01	7	22113	卖盘
10:48:21	31.6	--	88	278080	买盘
10:48:18	31.6	--	38	120080	买盘
10:48:15	31.6	--	27	85320	买盘
10:48:12	31.6	--	66	208560	买盘
10:48:09	31.6	-0.06	141	447614	卖盘
10:48:06	31.66	0.01	4	12664	买盘
10:48:03	31.65	0.03	4	12660	买盘
10:48:00	31.62	-0.01	3	9486	卖盘
10:47:57	31.63	-0.01	4	12652	中性盘
10:47:54	31.64	0.02	1	3164	中性盘
10:47:48	31.62	-0.02	29	91698	卖盘
10:47:45	31.64	0.03	37	118175	买盘
10:47:42	31.61	--	2	6322	卖盘
10:47:39	31.61	--	11	34771	卖盘
10:47:36	31.61	0.02	2	6322	中性盘
10:47:24	31.59	-0.01	48	151632	卖盘
10:47:21	31.6	-0.01	192	606720	卖盘
10:47:18	31.61	-0.01	44	139084	卖盘
10:47:09	31.62	--	1	3162	买盘
10:47:06	31.62	--	1	3162	买盘
10:47:03	31.62	0.02	68	215016	买盘
10:47:00	31.6	-0.02	120	379200	卖盘
10:46:57	31.62	--	10	33675	卖盘
10:46:54	31.62	-0.02	13	41106	卖盘
10:46:51	31.64	0.01	22	70715	买盘
10:46:48	31.63	0.01	1	3163	中性盘
10:46:45	31.62	-0.03	187	591294	卖盘
10:46:42	31.65	--	13	41145	卖盘
10:46:39	31.65	--	22	69630	卖盘
10:46:36	31.65	--	93	294345	卖盘
10:46:33	31.65	-0.01	21	66465	卖盘
10:46:30	31.66	--	55	174130	买盘
10:46:27	31.66	--	194	615850	卖盘
10:46:24	31.66	-0.01	5	17349	卖盘
10:46:21	31.67	0.01	3	9501	买盘
10:46:18	31.66	--	69	218454	卖盘
10:46:15	31.66	--	278	880148	卖盘
10:46:12	31.66	--	5	15830	卖盘
10:46:09	31.66	-0.01	7	22162	卖盘
10:46:06	31.67	--	33	104511	买盘
10:46:03	31.67	-0.01	47	149070	卖盘
10:46:00	31.68	0.01	64	202752	买盘
10:45:57	31.67	--	2	6334	卖盘
10:45:54	31.67	-0.01	22	69674	卖盘
10:45:48	31.68	0.01	35	113826	买盘
10:45:45	31.67	-0.01	117	370539	卖盘
10:45:42	31.68	--	19	60192	买盘
10:45:39	31.68	-0.01	77	244157	卖盘
10:45:36	31.69	0.01	106	335914	买盘
10:45:33	31.68	--	2	6336	卖盘
10:45:27	31.68	-0.01	100	316800	卖盘
10:45:24	31.69	-0.02	18	57042	卖盘
10:45:18	31.71	0.03	5	15855	买盘
10:45:15	31.68	-0.02	53	167904	卖盘
10:45:12	31.7	0.02	4	12680	卖盘
10:45:03	31.68	-0.01	300	950400	卖盘
10:45:00	31.69	-0.01	44	142383	卖盘
10:44:57	31.7	--	69	218730	买盘
10:44:54	31.7	--	50	158500	买盘
10:44:51	31.7	--	10	31700	买盘
10:44:48	31.7	--	38	120460	买盘
10:44:45	31.7	-0.07	55	174571	卖盘
10:44:42	31.77	0.01	4	12708	买盘
10:44:39	31.76	-0.01	5	15880	买盘
10:44:36	31.77	0.02	8	25416	买盘
10:44:30	31.75	0.05	8	25400	买盘
10:44:27	31.7	-0.06	35	110950	卖盘
10:44:24	31.76	0.04	36	114844	买盘
10:44:21	31.72	--	4	13703	卖盘
10:44:15	31.72	0.02	13	41236	中性盘
10:44:12	31.7	--	20	63431	卖盘
10:44:03	31.7	--	75	239144	买盘
10:44:00	31.7	0.01	50	158500	买盘
10:43:57	31.69	-0.01	7	22183	卖盘
10:43:54	31.7	0.01	32	101440	买盘
10:43:51	31.69	-0.01	17	53873	卖盘
10:43:48	31.7	--	30	95100	买盘
10:43:45	31.7	-0.02	14	46155	卖盘
10:43:42	31.72	--	129	409188	买盘
10:43:39	31.72	0.02	1	3172	买盘
10:43:30	31.7	-0.03	62	196540	卖盘
10:43:27	31.73	--	7	22211	买盘
10:43:24	31.73	-0.02	192	609342	卖盘
10:43:15	31.75	-0.01	52	165100	卖盘
10:43:09	31.76	--	5	15880	卖盘
10:43:06	31.76	-0.01	1	3176	卖盘
10:43:00	31.77	-0.01	4	12708	卖盘
10:42:57	31.78	--	1	3178	买盘
10:42:54	31.78	--	1	3178	买盘
10:42:51	31.78	-0.03	108	343224	卖盘
10:42:48	31.81	--	20	63620	买盘
10:42:45	31.81	0.01	55	174955	中性盘
10:42:36	31.8	-0.03	4	12720	卖盘
10:42:30	31.83	0.02	10	31830	买盘
10:42:27	31.81	0.01	9	28629	买盘
10:42:24	31.8	-0.01	4	12720	卖盘
10:42:21	31.81	0.01	26	84232	买盘
10:42:18	31.8	-0.02	5	15900	卖盘
10:42:15	31.82	0.01	20	63640	中性盘
10:42:03	31.81	0.01	8	25448	买盘
10:42:00	31.8	-0.02	3	9540	中性盘
10:41:54	31.82	-0.01	1	3182	买盘
10:41:51	31.83	0.05	1	3183	买盘
10:41:48	31.78	--	54	171612	买盘
10:41:45	31.78	--	9	28602	卖盘
10:41:30	31.78	-0.08	2	6356	卖盘
10:41:24	31.86	0.11	10	31860	中性盘
10:41:18	31.75	-0.12	43	136525	卖盘
10:41:15	31.87	0.09	97	309139	买盘
10:41:12	31.78	0.03	6	19068	买盘
10:41:00	31.75	-0.02	8	25400	卖盘
10:40:54	31.77	0.02	1	3177	中性盘
10:40:45	31.75	--	6	20574	买盘
10:40:42	31.75	0.01	1	3175	买盘
10:40:36	31.74	--	1	3174	卖盘
10:40:33	31.74	--	8	25392	卖盘
10:40:30	31.74	-0.01	14	44436	中性盘
10:40:27	31.75	0.02	49	155575	买盘
10:40:18	31.73	--	0	539	卖盘
10:40:15	31.73	-0.01	13	42232	卖盘
10:40:12	31.74	--	60	190440	卖盘
10:40:09	31.74	--	1	3174	卖盘
10:40:06	31.74	--	6	19044	卖盘
10:40:03	31.74	--	6	19044	买盘
10:40:00	31.74	--	1	3174	买盘
10:39:54	31.74	--	1	3174	买盘
10:39:51	31.74	--	2	6348	买盘
10:39:48	31.74	0.01	1	3174	买盘
10:39:45	31.73	--	10	31730	卖盘
10:39:42	31.73	-0.01	33	104709	卖盘
10:39:39	31.74	0.01	6	19044	买盘
10:39:36	31.73	--	20	63460	卖盘
10:39:27	31.73	--	3	9519	买盘
10:39:24	31.73	--	6	19038	卖盘
10:39:21	31.73	0.01	4	12692	买盘
10:39:18	31.72	--	4	12688	卖盘
10:39:15	31.72	-0.01	5	15860	卖盘
10:39:12	31.73	0.01	8	25384	买盘
10:39:09	31.72	-0.02	3	9516	卖盘
10:39:06	31.74	--	3	9522	买盘
10:39:00	31.74	0.03	3	9522	买盘
10:38:57	31.71	-0.03	1	3171	卖盘
10:38:54	31.74	--	1	3174	买盘
10:38:48	31.74	--	16	50784	卖盘
10:38:45	31.74	0.02	84	266616	买盘
10:38:42	31.72	-0.01	13	41236	卖盘
10:38:39	31.73	0.01	15	47595	买盘
10:38:36	31.72	0.02	12	38064	卖盘
10:38:27	31.7	-0.02	49	155330	卖盘
10:38:24	31.72	--	50	158600	卖盘
10:38:15	31.72	--	6	20554	卖盘
10:38:12	31.72	--	10	31720	卖盘
10:38:06	31.72	--	5	15860	买盘
10:38:03	31.72	--	4	12688	卖盘
10:38:00	31.72	--	7	22204	买盘
10:37:57	31.72	0.01	1	3172	买盘
10:37:48	31.71	--	9	28539	卖盘
10:37:45	31.71	0.01	21	66591	中性盘
10:37:42	31.7	-0.01	70	221900	卖盘
10:37:39	31.71	0.01	4	12684	买盘
10:37:33	31.7	-0.01	5	15850	卖盘
10:37:30	31.71	-0.01	11	34881	买盘
10:37:27	31.72	0.02	1	3172	卖盘
10:37:21	31.7	-0.02	4	12680	卖盘
10:37:15	31.72	0.01	1	3172	买盘
10:37:12	31.71	-0.01	1	3171	卖盘
10:37:09	31.72	0.01	2	6344	买盘
10:37:06	31.71	-0.03	8	25368	卖盘
10:37:03	31.74	0.03	7	22218	买盘
10:36:57	31.71	0.01	3	9513	中性盘
10:36:51	31.7	-0.02	53	168010	卖盘
10:36:48	31.72	0.01	2	6344	买盘
10:36:45	31.71	0.01	19	60249	买盘
10:36:42	31.7	-0.01	38	120460	卖盘
10:36:39	31.71	-0.01	10	31710	卖盘
10:36:36	31.72	-0.01	20	63440	中性盘
10:36:33	31.73	-0.01	5	15865	中性盘
10:36:27	31.74	0.01	4	12696	买盘
10:36:24	31.73	-0.01	1	3173	中性盘
10:36:21	31.74	--	152	482448	中性盘
10:36:18	31.74	-0.01	1	3174	中性盘
10:36:15	31.75	0.01	125	396875	买盘
10:36:12	31.74	--	30	95473	卖盘
10:36:09	31.74	-0.01	4	13965	卖盘
10:36:03	31.75	--	1	3175	买盘
10:35:57	31.75	0.01	15	47625	买盘
10:35:54	31.74	--	50	160223	买盘
10:35:51	31.74	--	9	28566	买盘
10:35:42	31.74	--	6	19044	买盘
10:35:39	31.74	--	3	9522	买盘
10:35:30	31.74	--	22	69828	买盘
10:35:27	31.74	-0.01	1	3174	卖盘
10:35:24	31.75	0.01	43	136525	买盘
10:35:21	31.74	--	3	9522	买盘
10:35:15	31.74	-0.01	2	6348	卖盘
10:35:12	31.75	--	7	22225	买盘
10:35:09	31.75	--	1	3175	买盘
10:35:03	31.75	0.01	8	25400	买盘
10:34:57	31.74	-0.01	6	19044	卖盘
10:34:54	31.75	0.01	15	47625	买盘
10:34:51	31.74	--	2	6348	卖盘
10:34:48	31.74	--	2	6348	买盘
10:34:42	31.74	--	10	31866	卖盘
10:34:39	31.74	--	12	41135	买盘
10:34:36	31.74	--	21	66654	买盘
10:34:33	31.74	0.05	1	3174	买盘
10:34:30	31.69	-0.05	10	31690	卖盘
10:34:24	31.74	0.05	5	15870	买盘
10:34:21	31.69	0.01	6	19014	中性盘
10:34:18	31.68	-0.01	5	15966	卖盘
10:34:15	31.69	--	40	128281	买盘
10:34:12	31.69	0.01	4	12676	中性盘
10:34:09	31.68	-0.07	15	49040	卖盘
10:34:06	31.75	0.06	158	501650	买盘
10:34:03	31.69	--	13	41197	买盘
10:34:00	31.69	-0.01	36	114084	卖盘
10:33:57	31.7	-0.01	17	53890	中性盘
10:33:54	31.71	0.05	51	161721	卖盘
10:33:48	31.66	-0.05	189	598374	卖盘
10:33:45	31.71	-0.01	30	95130	卖盘
10:33:39	31.72	0.01	4	12688	中性盘
10:33:36	31.71	0.01	18	57078	买盘
10:33:33	31.7	-0.01	11	34870	卖盘
10:33:30	31.71	-0.02	31	98301	卖盘
10:33:24	31.73	0.05	1	3173	买盘
10:33:21	31.68	-0.03	200	633600	卖盘
10:33:15	31.71	0.01	7	22197	买盘
10:33:12	31.7	--	1	3170	卖盘
10:33:09	31.7	-0.04	5	15850	卖盘
10:33:06	31.74	0.04	12	38088	买盘
10:33:03	31.7	0.02	17	53890	中性盘
10:32:57	31.68	0.02	31	98208	买盘
10:32:54	31.66	0.01	7	22162	卖盘
10:32:51	31.65	-0.01	12	37980	卖盘
10:32:48	31.66	--	49	155134	买盘
10:32:45	31.66	--	34	107644	买盘
10:32:42	31.66	--	104	329264	买盘
10:32:39	31.66	-0.04	160	506560	卖盘
10:32:36	31.7	0.02	4	12680	中性盘
10:32:33	31.68	--	10	31680	中性盘
10:32:27	31.68	--	1	3168	卖盘
10:32:24	31.68	-0.06	4	12672	卖盘
10:32:18	31.74	0.07	5	15870	买盘
10:32:15	31.67	0.01	10	31670	买盘
10:32:12	31.66	-0.01	60	189960	卖盘
10:32:09	31.67	-0.01	19	60173	卖盘
10:32:06	31.68	-0.07	431	1365408	卖盘
10:32:03	31.75	0.01	11	34925	买盘
10:32:00	31.74	-0.01	5	15870	卖盘
10:31:57	31.75	--	11	34925	买盘
10:31:54	31.75	0.01	2	6350	买盘
10:31:51	31.74	0.04	3	9522	中性盘
10:31:39	31.7	-0.01	187	592790	卖盘
10:31:36	31.71	-0.02	10	31710	卖盘
10:31:33	31.73	--	2	6346	买盘
10:31:30	31.73	0.03	6	19038	中性盘
10:31:27	31.7	-0.05	309	979530	卖盘
10:31:24	31.75	-0.03	105	333375	卖盘
10:31:18	31.78	--	15	47670	买盘
10:31:15	31.78	0.03	32	101696	买盘
10:31:12	31.75	--	2	6350	卖盘
10:31:09	31.75	-0.03	171	542925	卖盘
10:31:06	31.78	-0.01	88	279664	卖盘
10:31:03	31.79	-0.01	8	25432	卖盘
10:31:00	31.8	--	62	197605	卖盘
10:30:57	31.8	-0.01	1	3180	卖盘
10:30:54	31.81	0.01	17	54077	买盘
10:30:51	31.8	--	58	184440	卖盘
10:30:48	31.8	-0.01	31	98580	卖盘
10:30:45	31.81	0.01	7	22267	中性盘
10:30:39	31.8	-0.01	45	143100	卖盘
10:30:36	31.81	--	1	3181	卖盘
10:30:33	31.81	0.01	10	31810	中性盘
10:30:27	31.8	-0.04	30	95400	卖盘
10:30:21	31.84	--	3	9552	卖盘
10:30:18	31.84	0.03	2	6368	中性盘
10:30:12	31.81	--	5	15905	卖盘
10:30:09	31.81	-0.04	70	222670	卖盘
10:30:06	31.85	--	5	17581	卖盘
10:30:03	31.85	--	28	90708	卖盘
10:30:00	31.85	0.03	1	3185	中性盘
10:29:51	31.82	--	30	95460	卖盘
10:29:48	31.82	-0.01	11	35002	卖盘
10:29:45	31.83	--	3	9549	卖盘
10:29:36	31.83	0.01	13	41379	中性盘
10:29:30	31.82	-0.06	3	9546	卖盘
10:29:27	31.88	--	5	15940	买盘
10:29:24	31.88	0.06	1	3188	买盘
10:29:21	31.82	-0.07	50	159100	卖盘
10:29:18	31.89	0.01	3	9567	买盘
10:29:15	31.88	-0.01	3	9564	卖盘
10:29:06	31.89	--	3	9567	买盘
10:29:00	31.89	--	48	153072	卖盘
10:28:57	31.89	--	7	22323	卖盘
10:28:54	31.89	-0.01	50	159450	卖盘
10:28:48	31.9	--	13	43128	卖盘
10:28:42	31.9	--	2	6380	卖盘
10:28:36	31.9	--	10	31900	卖盘
10:28:33	31.9	0.01	35	113181	买盘
10:28:24	31.89	-0.01	16	51024	卖盘
10:28:21	31.9	0.01	38	121220	买盘
10:28:18	31.89	-0.01	6	19134	卖盘
10:28:12	31.9	--	3	9570	买盘
10:28:06	31.9	--	68	218578	卖盘
10:28:03	31.9	--	2	6380	卖盘
10:28:00	31.9	--	0	1212	卖盘
10:27:57	31.9	-0.01	4	13079	卖盘
10:27:54	31.91	0.01	3	9573	买盘
10:27:48	31.9	--	30	95700	卖盘
10:27:45	31.9	0.01	1	3190	买盘
10:27:42	31.89	--	4	12756	卖盘
10:27:39	31.89	--	1	3189	卖盘
10:27:36	31.89	--	35	111615	卖盘
10:27:33	31.89	--	2	6378	卖盘
10:27:30	31.89	--	125	398625	买盘
10:27:27	31.89	0.01	33	105237	买盘
10:27:21	31.88	--	2	6376	卖盘
10:27:15	31.88	--	24	76512	买盘
10:27:12	31.88	--	12	38256	买盘
10:27:06	31.88	-0.01	13	41444	卖盘
10:26:57	31.89	--	53	169017	买盘
10:26:54	31.89	--	3	9567	买盘
10:26:51	31.89	0.01	10	31890	买盘
10:26:48	31.88	--	2	6376	卖盘
10:26:45	31.88	--	1	3188	卖盘
10:26:42	31.88	--	5	15940	卖盘
10:26:39	31.88	--	2	6376	卖盘
10:26:36	31.88	-0.01	10	31880	卖盘
10:26:33	31.89	0.01	10	31890	买盘
10:26:27	31.88	--	2	6376	卖盘
10:26:15	31.88	--	3	9564	买盘
10:26:12	31.88	0.01	2	6376	买盘
10:26:09	31.87	--	3	9561	卖盘
10:26:03	31.87	--	14	44618	卖盘
10:25:57	31.87	-0.01	4	14277	卖盘
10:25:51	31.88	--	72	229536	买盘
10:25:48	31.88	-0.02	337	1074356	卖盘
10:25:45	31.9	--	10	31900	买盘
10:25:39	31.9	--	3	9570	买盘
10:25:36	31.9	-0.01	73	235262	卖盘
10:25:33	31.91	-0.01	25	79775	卖盘
10:25:30	31.92	--	1	3192	卖盘
10:25:27	31.92	-0.01	4	12768	卖盘
10:25:18	31.93	--	1	3193	买盘
10:25:12	31.93	--	38	121334	买盘
10:25:06	31.93	0.01	31	98983	买盘
10:25:03	31.92	-0.01	1	3192	卖盘
10:24:54	31.93	-0.01	12	38379	卖盘
10:24:48	31.94	--	3	9582	买盘
10:24:45	31.94	-0.01	31	100674	卖盘
10:24:36	31.95	--	19	60705	买盘
10:24:33	31.95	-0.01	53	169335	卖盘
10:24:30	31.96	--	20	63920	买盘
10:24:27	31.96	--	10	31960	买盘
10:24:24	31.96	--	30	95880	买盘
10:24:21	31.96	-0.01	10	31960	中性盘
10:24:18	31.97	--	39	124683	买盘
10:24:15	31.97	0.01	15	47955	买盘
10:24:12	31.96	--	1	3196	买盘
10:24:09	31.96	-0.01	2	6392	中性盘
10:24:03	31.97	--	70	223790	买盘
10:24:00	31.97	--	6	19182	买盘
10:23:57	31.97	0.03	21	67137	买盘
10:23:54	31.94	-0.03	140	448693	卖盘
10:23:51	31.97	--	15	47955	买盘
10:23:45	31.97	0.02	3	9591	买盘
10:23:42	31.95	--	29	92655	买盘
10:23:39	31.95	0.01	32	102240	买盘
10:23:36	31.94	--	10	31940	卖盘
10:23:33	31.94	0.02	159	507846	买盘
10:23:30	31.92	--	4	15896	买盘
10:23:27	31.92	-0.01	11	35175	卖盘
10:23:21	31.93	0.01	5	15965	中性盘
10:23:15	31.92	-0.02	115	367080	卖盘
10:23:12	31.94	0.02	30	98950	买盘
10:23:09	31.92	-0.01	10	31920	卖盘
10:23:06	31.93	0.01	12	38316	买盘
10:23:03	31.92	0.01	199	635208	买盘
10:22:57	31.91	0.01	10	31910	买盘
10:22:54	31.9	-0.01	1	3190	卖盘
10:22:51	31.91	--	1	3191	买盘
10:22:48	31.91	--	2	6382	买盘
10:22:45	31.91	--	3	9573	买盘
10:22:42	31.91	--	2	6382	买盘
10:22:39	31.91	-0.01	11	35101	卖盘
10:22:36	31.92	0.02	1	3192	买盘
10:22:33	31.9	-0.01	114	363660	卖盘
10:22:30	31.91	--	9	29516	买盘
10:22:27	31.91	--	13	41483	买盘
10:22:24	31.91	--	14	44674	买盘
10:22:21	31.91	--	2	6382	买盘
10:22:18	31.91	0.01	5	15955	买盘
10:22:15	31.9	-0.01	12	38280	卖盘
10:22:12	31.91	0.01	6	19146	买盘
10:22:06	31.9	0.02	24	76560	买盘
10:22:03	31.88	--	23	73324	卖盘
10:21:54	31.88	--	6	19574	买盘
10:21:51	31.88	--	23	74407	买盘
10:21:48	31.88	--	8	25504	买盘
10:21:45	31.88	--	15	47820	买盘
10:21:42	31.88	--	3	9564	买盘
10:21:36	31.88	--	30	95640	卖盘
10:21:33	31.88	--	3	9564	卖盘
10:21:30	31.88	--	27	86076	卖盘
10:21:27	31.88	--	3	9564	卖盘
10:21:21	31.88	--	2	6376	卖盘
10:21:18	31.88	--	67	213596	买盘
10:21:15	31.88	--	1	3188	买盘
10:21:12	31.88	--	37	117956	买盘
10:21:06	31.88	--	6	19128	买盘
10:21:03	31.88	-0.03	13	41444	卖盘
10:20:57	31.91	--	7	22337	买盘
10:20:54	31.91	0.03	3	9573	买盘
10:20:51	31.88	-0.03	4	12752	卖盘
10:20:48	31.91	0.03	1	3191	买盘
10:20:42	31.88	--	41	130708	卖盘
10:20:39	31.88	--	1	3188	卖盘
10:20:30	31.88	-0.03	13	41444	卖盘
10:20:27	31.91	0.03	9	28719	买盘
10:20:24	31.88	-0.02	5	15940	卖盘
10:20:18	31.9	-0.01	5	15950	卖盘
10:20:15	31.91	0.04	15	47865	买盘
10:20:12	31.87	--	85	270895	卖盘
10:20:06	31.87	-0.01	16	50992	卖盘
10:20:03	31.88	0.01	1	3188	买盘
10:20:00	31.87	-0.01	151	481237	卖盘
10:19:57	31.88	--	10	31880	买盘
10:19:54	31.88	-0.02	82	263807	卖盘
10:19:51	31.9	0.02	75	240047	买盘
10:19:48	31.88	--	18	58117	卖盘
10:19:45	31.88	--	13	41444	卖盘
10:19:36	31.88	--	15	47820	卖盘
10:19:33	31.88	--	12	38256	卖盘
10:19:30	31.88	-0.01	17	54227	卖盘
10:19:24	31.89	-0.01	16	51024	卖盘
10:19:18	31.9	0.02	1	3190	买盘
10:19:12	31.88	0.01	64	205562	买盘
10:19:06	31.87	--	3	9561	卖盘
10:19:03	31.87	--	8	25496	买盘
10:19:00	31.87	--	19	60553	买盘
10:18:54	31.87	0.03	4	12748	买盘
10:18:48	31.84	-0.01	8	25472	卖盘
10:18:45	31.85	--	10	31850	卖盘
10:18:42	31.85	0.01	14	44590	买盘
10:18:33	31.84	--	0	1528	买盘
10:18:30	31.84	--	94	299296	买盘
10:18:27	31.84	--	1	3184	买盘
10:18:21	31.84	0.03	11	35024	买盘
10:18:18	31.81	-0.01	16	53249	卖盘
10:18:15	31.82	-0.01	10	31820	卖盘
10:18:09	31.83	--	1	3183	卖盘
10:18:06	31.83	0.01	6	19098	买盘
10:18:00	31.82	--	8	25456	卖盘
10:17:54	31.82	--	2	6364	卖盘
10:17:51	31.82	--	5	15910	卖盘
10:17:48	31.82	0.01	4	12728	买盘
10:17:45	31.81	-0.01	19	61965	卖盘
10:17:42	31.82	--	43	136826	买盘
10:17:39	31.82	0.01	21	66822	买盘
10:17:36	31.81	-0.01	1	3181	卖盘
10:17:33	31.82	--	6	19092	买盘
10:17:30	31.82	0.01	107	340474	买盘
10:17:27	31.81	--	12	38172	卖盘
10:17:24	31.81	-0.01	5	15905	卖盘
10:17:21	31.82	--	3	9546	买盘
10:17:18	31.82	--	1	3182	买盘
10:17:15	31.82	0.01	29	92278	买盘
10:17:00	31.81	-0.01	40	127240	卖盘
10:16:54	31.82	--	1	3182	买盘
10:16:51	31.82	--	20	63640	买盘
10:16:48	31.82	--	10	31820	买盘
10:16:45	31.82	--	2	6364	买盘
10:16:42	31.82	--	30	95460	买盘
10:16:36	31.82	-0.02	8	25456	卖盘
10:16:33	31.84	0.02	1	3184	买盘
10:16:30	31.82	--	5	15910	卖盘
10:16:27	31.82	0.01	2	6364	中性盘
10:16:21	31.81	-0.01	60	190860	卖盘
10:16:18	31.82	--	25	79550	买盘
10:16:15	31.82	0.01	3	9546	买盘
10:16:12	31.81	--	11	34991	卖盘
10:16:09	31.81	-0.03	1	3181	卖盘
10:16:06	31.84	--	5	15920	买盘
10:16:03	31.84	0.02	6	19104	买盘
10:16:00	31.82	0.01	37	117734	中性盘
10:15:57	31.81	--	20	63620	卖盘
10:15:54	31.81	-0.03	50	159050	卖盘
10:15:51	31.84	--	3	9552	买盘
10:15:48	31.84	--	19	60496	买盘
10:15:45	31.84	--	45	145476	卖盘
10:15:42	31.84	-0.03	4	13723	卖盘
10:15:33	31.87	0.05	1	3187	买盘
10:15:30	31.82	--	15	47730	卖盘
10:15:27	31.82	-0.04	319	1015058	卖盘
10:15:24	31.86	-0.01	2	6372	卖盘
10:15:21	31.87	0.02	4	12748	买盘
10:15:18	31.85	-0.01	1	3185	买盘
10:15:15	31.86	--	4	12744	卖盘
10:15:09	31.86	0.04	5	15930	买盘
10:15:03	31.82	--	15	49257	卖盘
10:15:00	31.82	--	2	6364	卖盘
10:14:57	31.82	-0.05	20	63640	中性盘
10:14:51	31.87	-0.01	3	9561	中性盘
10:14:45	31.88	0.08	40	127520	买盘
10:14:36	31.8	-0.07	15	47700	卖盘
10:14:27	31.87	--	10	31870	买盘
10:14:21	31.87	0.07	1	3187	买盘
10:14:18	31.8	-0.07	3	9540	卖盘
10:14:15	31.87	0.07	70	223090	买盘
10:14:12	31.8	--	13	41340	买盘
10:14:03	31.8	--	5	15900	买盘
10:14:00	31.8	-0.05	82	260760	卖盘
10:13:57	31.85	--	176	562216	卖盘
10:13:54	31.85	--	17	54145	卖盘
10:13:51	31.85	--	35	111475	卖盘
10:13:45	31.85	--	1	3185	卖盘
10:13:39	31.85	-0.01	111	355063	卖盘
10:13:36	31.86	--	52	165672	卖盘
10:13:30	31.86	-0.01	2	6372	卖盘
10:13:27	31.87	-0.01	6	19122	卖盘
10:13:21	31.88	0.01	1	3188	买盘
10:13:15	31.87	-0.01	3	9561	卖盘
10:13:12	31.88	0.01	4	12752	买盘
10:13:09	31.87	-0.01	10	31870	卖盘
10:13:03	31.88	0.01	10	31880	买盘
10:13:00	31.87	-0.01	10	33527	卖盘
10:12:57	31.88	--	10	31880	卖盘
10:12:54	31.88	-0.02	2	6376	卖盘
10:12:48	31.9	0.02	6	19140	买盘
10:12:45	31.88	--	0	1530	买盘
10:12:39	31.88	--	0	1657	卖盘
10:12:30	31.88	--	34	108392	卖盘
10:12:27	31.88	-0.02	13	41444	卖盘
10:12:24	31.9	--	10	31900	买盘
10:12:21	31.9	--	1	3190	买盘
10:12:18	31.9	--	5	15950	买盘
10:12:09	31.9	-0.02	2	6380	中性盘
10:12:03	31.92	0.02	3	9576	买盘
10:12:00	31.9	-0.02	1	3190	买盘
10:11:57	31.92	0.02	10	31920	买盘
10:11:54	31.9	--	9	28710	卖盘
10:11:51	31.9	--	12	38280	买盘
10:11:48	31.9	--	2	6380	买盘
10:11:45	31.9	--	108	344520	卖盘
10:11:42	31.9	--	14	44660	卖盘
10:11:39	31.9	--	3	9570	卖盘
10:11:36	31.9	--	7	23861	买盘
10:11:30	31.9	-0.02	110	350900	中性盘
10:11:27	31.92	0.04	134	427728	买盘
10:11:24	31.88	-0.02	11	35068	卖盘
10:11:21	31.9	-0.02	38	121220	卖盘
10:11:15	31.92	0.02	16	51072	买盘
10:11:09	31.9	-0.03	4	12760	卖盘
10:11:03	31.93	--	19	60667	买盘
10:11:00	31.93	0.03	5	15965	买盘
10:10:57	31.9	--	3	9570	中性盘
10:10:54	31.9	--	10	31900	买盘
10:10:51	31.9	--	12	38280	买盘
10:10:48	31.9	--	3	9570	买盘
10:10:45	31.9	-0.03	5	15950	中性盘
10:10:36	31.93	0.06	153	488529	买盘
10:10:30	31.87	--	3	9561	买盘
10:10:24	31.87	0.01	30	95610	买盘
10:10:21	31.86	0.01	38	121068	买盘
10:10:18	31.85	--	25	79625	买盘
10:10:15	31.85	0.02	2	6370	买盘
10:10:09	31.83	--	9	28647	卖盘
10:10:06	31.83	--	2	6366	买盘
10:10:03	31.83	0.02	20	63660	买盘
10:09:57	31.81	0.03	104	330824	买盘
10:09:54	31.78	-0.02	52	165256	卖盘
10:09:51	31.8	0.02	4	12720	买盘
10:09:48	31.78	--	24	77797	买盘
10:09:45	31.78	-0.02	68	217756	卖盘
10:09:42	31.8	--	120	381600	买盘
10:09:39	31.8	0.02	5	15900	买盘
10:09:36	31.78	--	0	286	卖盘
10:09:33	31.78	--	6	20307	卖盘
10:09:30	31.78	-0.02	1	3178	卖盘
10:09:27	31.8	0.02	4	12720	买盘
10:09:24	31.78	0.02	20	63560	买盘
10:09:21	31.76	-0.01	24	76224	卖盘
10:09:18	31.77	-0.01	13	41301	卖盘
10:09:15	31.78	0.01	1	3178	买盘
10:09:12	31.77	0.01	2	6354	买盘
10:09:09	31.76	-0.01	13	41288	卖盘
10:09:03	31.77	0.01	45	142965	中性盘
10:08:57	31.76	-0.04	27	85752	卖盘
10:08:54	31.8	0.03	12	38160	买盘
10:08:48	31.77	--	2	6354	卖盘
10:08:45	31.77	--	3	9531	买盘
10:08:42	31.77	-0.01	8	25416	买盘
10:08:36	31.78	-0.02	6	19068	卖盘
10:08:33	31.8	0.05	11	34980	买盘
10:08:30	31.75	-0.05	6	19050	卖盘
10:08:27	31.8	0.03	6	19080	买盘
10:08:24	31.77	0.02	86	273222	买盘
10:08:21	31.75	-0.02	15	47625	卖盘
10:08:18	31.77	0.02	3	9531	中性盘
10:08:12	31.75	-0.01	13	41275	卖盘
10:08:09	31.76	0.01	16	50816	买盘
10:08:06	31.75	-0.08	1	3175	卖盘
10:08:03	31.83	0.07	166	528378	买盘
10:08:00	31.76	--	80	254207	卖盘
10:07:54	31.76	-0.02	22	69872	卖盘
10:07:51	31.78	--	2	6356	买盘
10:07:48	31.78	0.02	3	9534	中性盘
10:07:45	31.76	-0.02	39	123864	卖盘
10:07:39	31.78	-0.02	23	73094	卖盘
10:07:36	31.8	0.01	5	15900	买盘
10:07:33	31.79	-0.01	10	33315	卖盘
10:07:30	31.8	0.01	7	22260	买盘
10:07:27	31.79	0.01	23	73117	中性盘
10:07:24	31.78	-0.02	46	146188	卖盘
10:07:21	31.8	--	1	3180	买盘
10:07:18	31.8	-0.01	2	6360	中性盘
10:07:15	31.81	0.01	10	31810	买盘
10:07:12	31.8	-0.03	26	82680	卖盘
10:07:06	31.83	--	32	101856	买盘
10:07:03	31.83	0.02	183	582489	买盘
10:07:00	31.81	-0.02	6	19086	卖盘
10:06:57	31.83	0.02	25	79575	买盘
10:06:54	31.81	-0.02	1	3181	卖盘
10:06:51	31.83	0.03	9	28647	中性盘
10:06:45	31.8	-0.05	200	636000	卖盘
10:06:42	31.85	0.02	9	28665	买盘
10:06:39	31.83	-0.02	52	165516	卖盘
10:06:30	31.85	-0.01	5	15925	买盘
10:06:27	31.86	0.01	206	656316	买盘
10:06:21	31.85	--	21	66885	卖盘
10:06:18	31.85	--	35	111475	卖盘
10:06:12	31.85	-0.03	101	321685	卖盘
10:06:09	31.88	--	24	76512	买盘
10:06:03	31.88	--	23	73324	买盘
10:06:00	31.88	--	4	14409	卖盘
10:05:57	31.88	--	12	39786	买盘
10:05:54	31.88	--	1	4845	卖盘
10:05:51	31.88	--	1	3188	卖盘
10:05:45	31.88	--	15	49350	买盘
10:05:42	31.88	0.01	2	6376	买盘
10:05:36	31.87	-0.01	20	63740	卖盘
10:05:33	31.88	-0.01	3	12528	卖盘
10:05:30	31.89	-0.01	34	108649	中性盘
10:05:27	31.9	0.02	1	3190	买盘
10:05:24	31.88	--	24	76512	卖盘
10:05:21	31.88	-0.02	8	25504	卖盘
10:05:15	31.9	0.02	7	22330	买盘
10:05:12	31.88	-0.03	8	25504	卖盘
10:05:09	31.91	--	1	3191	买盘
10:05:06	31.91	0.01	30	95730	买盘
10:05:00	31.9	--	156	497640	买盘
10:04:57	31.9	-0.01	1	3190	中性盘
10:04:51	31.91	0.01	49	156359	买盘
10:04:48	31.9	--	1	3190	卖盘
10:04:42	31.9	--	42	133980	卖盘
10:04:39	31.9	--	2	6380	卖盘
10:04:36	31.9	--	7	22330	卖盘
10:04:33	31.9	-0.01	44	141955	卖盘
10:04:30	31.91	--	12	38292	卖盘
10:04:27	31.91	-0.02	16	51056	卖盘
10:04:24	31.93	0.02	2	6386	买盘
10:04:21	31.91	--	62	197842	卖盘
10:04:18	31.91	-0.02	4	12764	卖盘
10:04:15	31.93	0.03	6	19158	买盘
10:04:09	31.9	--	79	253605	买盘
10:04:06	31.9	--	2	6380	买盘
10:04:03	31.9	-0.04	33	106865	卖盘
10:04:00	31.94	--	5	15970	买盘
10:03:57	31.94	0.04	6	19164	买盘
10:03:54	31.9	--	10	31900	卖盘
10:03:51	31.9	-0.04	22	70180	卖盘
10:03:48	31.94	0.04	3	9582	买盘
10:03:45	31.9	--	166	529540	卖盘
10:03:42	31.9	-0.04	118	376483	卖盘
10:03:39	31.94	0.02	13	41522	买盘
10:03:36	31.92	-0.01	3	9576	卖盘
10:03:33	31.93	--	2	6386	买盘
10:03:27	31.93	--	6	19158	买盘
10:03:24	31.93	0.03	1	3193	买盘
10:03:21	31.9	-0.05	13	43001	卖盘
10:03:12	31.95	0.05	1	3195	买盘
10:03:09	31.9	-0.05	4	12760	中性盘
10:03:03	31.95	0.05	25	79875	买盘
10:03:00	31.9	--	21	66990	买盘
10:02:54	31.9	-0.07	57	181830	卖盘
10:02:51	31.97	--	57	182229	买盘
10:02:48	31.97	0.07	56	179032	买盘
10:02:45	31.9	-0.07	100	319000	卖盘
10:02:42	31.97	0.02	2	6394	买盘
10:02:39	31.95	-0.02	12	38340	卖盘
10:02:36	31.97	--	10	31970	买盘
10:02:33	31.97	0.04	12	38364	买盘
10:02:30	31.93	--	1	3193	卖盘
10:02:27	31.93	-0.02	17	54281	卖盘
10:02:24	31.95	0.02	15	47925	买盘
10:02:21	31.93	--	2	6386	卖盘
10:02:18	31.93	-0.02	2	6386	卖盘
10:02:12	31.95	0.02	2	6390	买盘
10:02:06	31.93	--	10	31930	卖盘
10:02:03	31.93	0.01	2	6386	卖盘
10:01:57	31.92	0.02	5	15960	买盘
10:01:54	31.9	0.03	1	3190	买盘
10:01:51	31.87	-0.01	11	35057	买盘
10:01:48	31.88	-0.02	28	89264	卖盘
