成交时间	成交价	价格变动	成交量(手)	成交额(元)	性质
15:00:03	6.81	--	841	572721	买盘
14:57:00	6.81	--	0	0	买盘
14:56:57	6.81	0.01	10	6810	买盘
14:56:51	6.8	-0.01	3	2040	卖盘
14:56:45	6.81	--	16	10896	买盘
14:56:33	6.81	--	20	13620	买盘
14:56:27	6.81	--	6	4085	买盘
14:56:24	6.81	--	200	136200	买盘
14:56:21	6.81	0.01	31	21111	买盘
14:56:18	6.8	--	40	27200	卖盘
14:56:15	6.8	-0.01	267	181560	卖盘
14:56:09	6.81	0.01	1	681	买盘
14:56:00	6.8	-0.01	50	34000	卖盘
14:55:57	6.81	--	56	38136	买盘
14:55:54	6.81	0.01	10	6810	买盘
14:55:51	6.8	-0.01	60	40800	卖盘
14:55:42	6.81	--	60	40860	买盘
14:55:33	6.81	0.01	20	13620	买盘
14:55:27	6.8	-0.01	30	20400	卖盘
14:55:21	6.81	0.01	116	78996	买盘
14:55:18	6.8	--	5	3400	卖盘
14:55:12	6.8	--	5	3400	卖盘
14:55:09	6.8	-0.01	56	38080	卖盘
14:54:57	6.81	--	6	4085	买盘
14:54:51	6.81	--	28	19068	买盘
14:54:48	6.81	--	4	2724	买盘
14:54:42	6.81	--	20	13620	买盘
14:54:33	6.81	0.01	504	343224	买盘
14:54:30	6.8	-0.01	129	87992	卖盘
14:54:21	6.81	0.01	2	1362	买盘
14:54:15	6.8	-0.01	18	12240	卖盘
14:54:12	6.81	--	30	20430	买盘
14:54:09	6.81	0.01	235	160035	买盘
14:54:06	6.8	--	10	6800	卖盘
14:54:00	6.8	--	12	8160	卖盘
14:53:57	6.8	--	5	3400	卖盘
14:53:45	6.8	-0.01	110	74800	卖盘
14:53:39	6.81	0.01	100	68100	买盘
14:53:36	6.8	--	100	68000	卖盘
14:53:33	6.8	--	5	3400	卖盘
14:53:27	6.8	--	10	6800	卖盘
14:53:24	6.8	-0.01	16	10880	卖盘
14:53:21	6.81	0.01	14	9534	买盘
14:53:18	6.8	--	21	14280	卖盘
14:53:15	6.8	--	4	2720	卖盘
14:53:12	6.8	--	500	340408	卖盘
14:53:00	6.8	--	15	10200	卖盘
14:52:57	6.8	-0.01	16	10880	卖盘
14:52:54	6.81	0.01	10	6810	买盘
14:52:48	6.8	-0.01	12	8160	卖盘
14:52:45	6.81	0.02	24	16343	买盘
14:52:42	6.79	--	38	25802	卖盘
14:52:39	6.79	-0.01	50	33950	卖盘
14:52:36	6.8	-0.01	7	4760	中性盘
14:52:30	6.81	0.01	34	23154	买盘
14:52:24	6.8	--	11	7731	卖盘
14:52:21	6.8	--	10	6800	卖盘
14:52:15	6.8	--	100	68000	卖盘
14:52:09	6.8	--	40	27200	卖盘
14:52:03	6.8	--	50	34000	卖盘
14:51:57	6.8	--	9	6120	卖盘
14:51:39	6.8	--	18	12240	卖盘
14:51:30	6.8	-0.01	12	8160	卖盘
14:51:21	6.81	--	10	6810	买盘
14:51:18	6.81	0.01	4	2724	买盘
14:51:12	6.8	--	4	2720	卖盘
14:51:00	6.8	--	52	35360	卖盘
14:50:54	6.8	--	50	34000	卖盘
14:50:48	6.8	--	45	30600	卖盘
14:50:45	6.8	--	135	91800	卖盘
14:50:42	6.8	--	30	20400	卖盘
14:50:39	6.8	--	2	1360	卖盘
14:50:36	6.8	--	27	18360	卖盘
14:50:21	6.8	--	7	4760	卖盘
14:50:18	6.8	--	56	38080	卖盘
14:49:48	6.8	-0.01	17	11560	卖盘
14:49:39	6.81	0.01	6	4085	买盘
14:49:36	6.8	--	6	4080	卖盘
14:49:27	6.8	--	9	6548	卖盘
14:49:21	6.8	--	62	42160	卖盘
14:49:15	6.8	--	20	13600	卖盘
14:48:51	6.8	--	8	5440	卖盘
14:48:33	6.8	--	1	680	卖盘
14:48:27	6.8	--	20	13600	卖盘
14:48:15	6.8	--	30	20400	卖盘
14:48:12	6.8	--	52	35360	卖盘
14:48:06	6.8	--	10	6800	卖盘
14:48:00	6.8	--	10	6800	卖盘
14:47:51	6.8	--	28	19040	卖盘
14:47:36	6.8	--	20	13600	卖盘
14:47:30	6.8	--	1	680	卖盘
14:47:24	6.8	--	12	8160	卖盘
14:47:09	6.8	--	5	3400	买盘
14:47:06	6.8	-0.01	11	7480	卖盘
14:47:00	6.81	0.01	4	2724	买盘
14:46:57	6.8	--	12	8160	买盘
14:46:48	6.8	--	16	10880	卖盘
14:46:42	6.8	--	99	67320	卖盘
14:46:39	6.8	--	55	37400	卖盘
14:46:21	6.8	--	42	28560	卖盘
14:46:15	6.8	--	50	34000	卖盘
14:46:12	6.8	--	100	68000	卖盘
14:46:00	6.8	--	13	8840	卖盘
14:45:42	6.8	--	92	62560	卖盘
14:45:39	6.8	-0.01	80	54400	卖盘
14:45:36	6.81	0.01	32	21792	买盘
14:45:24	6.8	--	20	13600	卖盘
14:45:03	6.8	--	88	59840	买盘
14:45:00	6.8	--	3	2040	买盘
14:44:51	6.8	--	64	43520	买盘
14:44:45	6.8	0.01	6	4080	买盘
14:44:42	6.79	--	605	410795	卖盘
14:44:15	6.79	-0.01	78	52962	卖盘
14:44:09	6.8	--	44	29920	买盘
14:44:06	6.8	0.01	3	2040	买盘
14:44:03	6.79	-0.01	20	13580	卖盘
14:43:57	6.8	0.01	30	20400	买盘
14:43:54	6.79	-0.01	100	67900	卖盘
14:43:45	6.8	--	8	5440	买盘
14:43:36	6.8	--	12	8160	卖盘
14:43:33	6.8	--	15	10200	卖盘
14:43:30	6.8	0.01	173	117640	买盘
14:43:15	6.79	--	40	27160	卖盘
14:43:12	6.79	--	2	1358	卖盘
14:43:09	6.79	--	20	13580	卖盘
14:43:06	6.79	-0.01	15	10185	卖盘
14:43:03	6.8	--	7	4760	买盘
14:42:48	6.8	0.01	6	4080	买盘
14:42:45	6.79	-0.01	3	2037	卖盘
14:42:39	6.8	--	43	29240	买盘
14:42:33	6.8	--	69	46920	卖盘
14:42:24	6.8	--	57	38760	卖盘
14:42:21	6.8	--	14	9520	卖盘
14:42:18	6.8	--	57	38760	卖盘
14:42:15	6.8	--	42	28560	卖盘
14:42:06	6.8	--	19	12920	卖盘
14:42:03	6.8	--	2	1360	卖盘
14:42:00	6.8	--	221	150280	买盘
14:41:57	6.8	0.01	10	6800	买盘
14:41:48	6.79	-0.01	2	1358	卖盘
14:41:42	6.8	--	39	26520	买盘
14:41:27	6.8	--	8	5440	中性盘
14:41:06	6.8	--	20	13600	卖盘
14:41:00	6.8	--	2	1360	卖盘
14:40:45	6.8	--	1	680	卖盘
14:40:39	6.8	--	15	10200	卖盘
14:40:36	6.8	--	1	680	卖盘
14:40:27	6.8	--	21	14395	买盘
14:40:03	6.8	--	362	246160	买盘
14:40:00	6.8	--	3	2040	买盘
14:39:48	6.8	--	5	3400	买盘
14:39:45	6.8	0.01	25	17000	买盘
14:39:42	6.79	-0.01	50	33950	卖盘
14:39:39	6.8	--	50	34000	买盘
14:39:36	6.8	--	55	37964	卖盘
14:39:30	6.8	--	24	16320	卖盘
14:39:18	6.8	0.01	225	153115	买盘
14:39:03	6.79	-0.01	2	1358	卖盘
14:39:00	6.8	--	4	2720	买盘
14:38:54	6.8	--	20	13600	买盘
14:38:45	6.8	0.01	36	24480	买盘
14:38:39	6.79	-0.01	6	4074	卖盘
14:38:27	6.8	--	110	74800	买盘
14:38:21	6.8	--	3	2040	买盘
14:38:12	6.8	--	59	40120	买盘
14:38:09	6.8	--	11	7480	买盘
14:37:54	6.8	--	8	5440	买盘
14:37:51	6.8	--	38	25840	买盘
14:37:45	6.8	--	77	52924	卖盘
14:37:39	6.8	--	2	1360	卖盘
14:37:27	6.8	--	30	20400	卖盘
14:37:24	6.8	-0.01	20	13600	卖盘
14:37:21	6.81	--	120	81720	买盘
14:37:15	6.81	--	12	8171	买盘
14:37:09	6.81	0.01	5	3405	买盘
14:37:03	6.8	-0.01	2	1360	卖盘
14:36:36	6.81	0.01	35	23835	买盘
14:36:33	6.8	--	145	98600	卖盘
14:36:00	6.8	--	30	20400	卖盘
14:35:48	6.8	--	6	4080	卖盘
14:35:42	6.8	--	3	2040	卖盘
14:35:39	6.8	--	0	115	买盘
14:35:36	6.8	--	14	10084	卖盘
14:35:15	6.8	--	30	20400	卖盘
14:35:03	6.8	--	40	27200	卖盘
14:34:54	6.8	-0.01	24	16320	卖盘
14:34:51	6.81	0.01	30	20430	买盘
14:34:39	6.8	--	120	81600	卖盘
14:34:36	6.8	-0.01	362	246160	卖盘
14:34:33	6.81	--	13	8853	买盘
14:34:30	6.81	--	13	8853	买盘
14:34:09	6.81	0.01	9	6129	买盘
14:34:00	6.8	--	71	48280	卖盘
14:33:54	6.8	-0.01	8	5440	卖盘
14:33:45	6.81	--	12	8171	买盘
14:33:36	6.81	--	184	125304	买盘
14:33:24	6.81	--	17	11577	买盘
14:33:18	6.81	--	1	681	买盘
14:33:15	6.81	--	123	83763	买盘
14:33:12	6.81	--	310	211763	卖盘
14:33:09	6.81	-0.01	72	49032	卖盘
14:33:03	6.82	0.01	8	5456	买盘
14:33:00	6.81	-0.01	5	3405	卖盘
14:32:57	6.82	0.01	130	88660	买盘
14:32:45	6.81	--	91	61971	卖盘
14:32:42	6.81	--	5	3405	卖盘
14:32:36	6.81	--	3	2042	卖盘
14:32:33	6.81	-0.01	118	80358	卖盘
14:32:30	6.82	0.01	150	102300	买盘
14:32:12	6.81	-0.01	5	3405	卖盘
14:32:03	6.82	--	8	5456	买盘
14:31:57	6.82	--	48	32736	买盘
14:31:54	6.82	--	32	21824	买盘
14:31:42	6.82	0.01	15	10230	买盘
14:31:39	6.81	--	1	681	卖盘
14:31:36	6.81	--	10	6810	卖盘
14:31:18	6.81	--	45	30645	卖盘
14:31:12	6.81	--	5	3405	卖盘
14:31:06	6.81	--	100	68100	卖盘
14:30:48	6.81	-0.01	10	6810	卖盘
14:30:24	6.82	0.01	51	34782	买盘
14:30:21	6.81	--	3	2042	卖盘
14:30:12	6.81	--	10	6810	卖盘
14:29:54	6.81	-0.01	29	19749	卖盘
14:29:48	6.82	0.01	21	14322	买盘
14:29:42	6.81	--	11	7518	买盘
14:29:24	6.81	--	15	10215	买盘
14:29:12	6.81	--	1	681	买盘
14:29:06	6.81	--	6	4739	卖盘
14:29:00	6.81	--	3	2070	买盘
14:28:48	6.81	0.01	7	4767	买盘
14:28:39	6.8	-0.01	52	35360	卖盘
14:28:33	6.81	0.01	22	14982	买盘
14:28:24	6.8	-0.01	15	10200	卖盘
14:28:09	6.81	--	5	3405	买盘
14:28:03	6.81	--	42	28602	买盘
14:27:57	6.81	--	66	44946	买盘
14:27:30	6.81	0.01	12	8171	买盘
14:27:12	6.8	-0.01	25	17000	卖盘
14:27:09	6.81	--	70	47670	买盘
14:27:03	6.81	0.01	6	4085	买盘
14:27:00	6.8	--	145	98600	卖盘
14:26:54	6.8	--	100	68000	卖盘
14:26:18	6.8	-0.01	10	6800	卖盘
14:26:06	6.81	0.01	11	7491	买盘
14:25:54	6.8	--	100	68000	卖盘
14:25:51	6.8	-0.01	5	3400	卖盘
14:25:33	6.81	--	9	6129	买盘
14:25:15	6.81	-0.01	233	159326	卖盘
14:25:12	6.82	0.01	7	4774	买盘
14:25:09	6.81	-0.01	10	6810	卖盘
14:25:06	6.82	0.01	5	3410	买盘
14:24:57	6.81	--	3	2042	卖盘
14:24:51	6.81	-0.01	1	681	卖盘
14:24:48	6.82	0.01	20	13640	买盘
14:24:42	6.81	-0.01	40	27240	卖盘
14:24:39	6.82	--	662	451484	买盘
14:24:33	6.82	--	5	3410	买盘
14:24:24	6.82	--	14	9548	买盘
14:24:18	6.82	--	101	68882	买盘
14:24:12	6.82	--	291	198462	买盘
14:23:48	6.82	--	23	15686	买盘
14:23:45	6.82	--	10	6820	买盘
14:23:33	6.82	--	55	37844	卖盘
14:23:24	6.82	--	0	347	买盘
14:23:21	6.82	--	29	19778	买盘
14:23:18	6.82	--	8	5456	买盘
14:23:12	6.82	--	33	22506	买盘
14:23:03	6.82	0.01	7	4774	买盘
14:22:57	6.81	--	59	40179	卖盘
14:22:54	6.81	-0.01	11	7491	卖盘
14:22:48	6.82	--	20	13640	买盘
14:22:45	6.82	0.01	10	6820	买盘
14:22:39	6.81	-0.01	15	10215	卖盘
14:22:36	6.82	--	430	293260	买盘
14:22:24	6.82	--	235	160270	买盘
14:22:21	6.82	--	10	6820	买盘
14:22:12	6.82	--	74	50468	买盘
14:22:00	6.82	--	11	7502	买盘
14:21:54	6.82	--	30	20460	买盘
14:21:51	6.82	--	20	13640	买盘
14:21:39	6.82	0.01	28	19096	买盘
14:21:27	6.81	-0.01	14	9534	卖盘
14:21:24	6.82	--	18	12276	买盘
14:21:21	6.82	--	18	12276	买盘
14:21:18	6.82	0.01	60	40920	买盘
14:21:09	6.81	-0.01	100	68100	卖盘
14:21:06	6.82	0.01	60	40920	买盘
14:21:03	6.81	--	1	681	卖盘
14:20:27	6.81	--	10	6810	卖盘
14:20:18	6.81	-0.01	10	6810	卖盘
14:20:15	6.82	0.01	5	3410	买盘
14:20:06	6.81	-0.01	100	68100	卖盘
14:20:03	6.82	--	25	17050	买盘
14:19:51	6.82	0.01	14	9548	买盘
14:19:45	6.81	--	10	6810	卖盘
14:19:42	6.81	--	47	32034	买盘
14:19:39	6.81	0.01	500	340500	买盘
14:19:36	6.8	-0.01	5	3400	卖盘
14:19:30	6.81	--	23	15663	买盘
14:19:06	6.81	0.01	5	3405	买盘
14:18:57	6.8	--	10	6800	卖盘
14:18:48	6.8	-0.01	208	141440	卖盘
14:18:42	6.81	--	98	66738	买盘
14:18:36	6.81	--	22	14982	买盘
14:18:30	6.81	--	5	3405	买盘
14:18:24	6.81	--	21	14301	买盘
14:18:15	6.81	--	123	83763	买盘
14:18:12	6.81	--	2	1362	买盘
14:18:03	6.81	--	42	28602	买盘
14:18:00	6.81	--	75	51075	买盘
14:17:57	6.81	--	10	6810	买盘
14:17:42	6.81	0.01	70	47670	买盘
14:17:27	6.8	-0.01	6	4080	卖盘
14:17:24	6.81	--	5	3405	买盘
14:17:21	6.81	--	100	68100	买盘
14:17:15	6.81	--	10	6810	买盘
14:17:12	6.81	--	8	5448	买盘
14:17:06	6.81	--	15	10215	买盘
14:16:45	6.81	0.01	7	4767	买盘
14:16:36	6.8	-0.01	2	1360	卖盘
14:16:18	6.81	--	3	2042	买盘
14:16:15	6.81	--	15	10215	买盘
14:16:06	6.81	--	72	49032	买盘
14:16:00	6.81	--	39	26559	买盘
14:15:57	6.81	--	47	32006	买盘
14:15:54	6.81	--	106	72186	买盘
14:15:51	6.81	--	183	124623	买盘
14:15:48	6.81	0.01	11	7491	买盘
14:15:45	6.8	-0.01	100	68000	卖盘
14:15:42	6.81	--	50	34050	买盘
14:15:33	6.81	0.01	15	10215	买盘
14:15:30	6.8	--	92	62675	买盘
14:15:27	6.8	--	230	156400	买盘
14:15:24	6.8	--	16	10880	买盘
14:15:15	6.8	--	464	315520	买盘
14:15:09	6.8	0.01	5	3400	买盘
14:15:03	6.79	--	304	206416	买盘
14:15:00	6.79	--	22	14938	买盘
14:14:54	6.79	--	122	82838	买盘
14:14:51	6.79	--	20	13580	买盘
14:14:48	6.79	--	6	4074	买盘
14:14:45	6.79	0.01	30	20370	买盘
14:14:33	6.78	--	69	46782	买盘
14:14:24	6.78	0.01	16	10848	买盘
14:14:15	6.77	-0.01	1	677	卖盘
14:14:09	6.78	--	22	14916	买盘
14:14:06	6.78	--	21	14238	买盘
14:14:03	6.78	--	11	7458	买盘
14:14:00	6.78	--	40	27120	买盘
14:13:57	6.78	--	20	13560	买盘
14:13:45	6.78	--	5	3390	买盘
14:13:33	6.78	--	39	26442	买盘
14:13:24	6.78	0.01	18	12204	买盘
14:13:21	6.77	--	7	4739	卖盘
14:13:09	6.77	-0.01	3	2030	卖盘
14:13:03	6.78	0.01	7	4746	买盘
14:12:51	6.77	-0.01	10	6770	卖盘
14:12:45	6.78	0.01	1	678	买盘
14:12:36	6.77	--	4	2708	卖盘
14:12:06	6.77	0.01	10	7372	买盘
14:11:54	6.76	-0.01	20	13520	卖盘
14:11:48	6.77	--	12	8123	买盘
14:11:36	6.77	--	2	1354	买盘
14:11:33	6.77	0.01	100	67700	买盘
14:11:24	6.76	-0.01	36	24336	卖盘
14:11:18	6.77	--	10	6770	买盘
14:11:06	6.77	--	13	8801	买盘
14:11:00	6.77	--	1	751	卖盘
14:10:51	6.77	--	15	10155	卖盘
14:10:45	6.77	--	30	20912	买盘
14:10:27	6.77	--	20	13540	买盘
14:10:24	6.77	--	13	8801	买盘
14:10:03	6.77	--	8	5416	买盘
14:09:39	6.77	--	83	56265	卖盘
14:09:30	6.77	--	39	26403	卖盘
14:09:24	6.77	--	1	677	卖盘
14:09:06	6.77	--	80	54160	卖盘
14:08:48	6.77	--	6	4061	卖盘
14:08:36	6.77	--	86	58221	卖盘
14:08:24	6.77	--	30	20310	卖盘
14:08:21	6.77	--	201	136077	卖盘
14:07:09	6.77	--	24	16247	卖盘
14:06:24	6.77	--	3	2030	卖盘
14:06:00	6.77	--	1	1279	买盘
14:05:54	6.77	--	1	751	卖盘
14:05:12	6.77	-0.01	295	199715	卖盘
14:04:33	6.78	0.01	1	678	买盘
14:04:09	6.77	--	140	94780	卖盘
14:04:06	6.77	-0.01	1	677	卖盘
14:03:57	6.78	--	200	135600	买盘
14:03:06	6.78	--	30	20340	买盘
14:02:51	6.78	0.01	5	3390	买盘
14:02:45	6.77	-0.01	41	27757	卖盘
14:02:12	6.78	0.01	20	13560	买盘
14:01:27	6.77	--	5	3385	卖盘
14:01:24	6.77	--	3	2030	卖盘
14:01:21	6.77	-0.01	9	6093	卖盘
14:00:03	6.78	0.01	1	678	买盘
13:59:12	6.77	--	20	13540	卖盘
13:58:54	6.77	--	28	19558	买盘
13:58:51	6.77	--	5	3385	买盘
13:58:36	6.77	--	405	274259	卖盘
13:58:33	6.77	-0.01	0	602	卖盘
13:57:51	6.78	--	117	79326	买盘
13:57:27	6.78	--	5	3390	买盘
13:57:24	6.78	0.01	20	13560	买盘
13:57:18	6.77	-0.01	2	1354	卖盘
13:56:54	6.78	0.01	10	6780	买盘
13:56:51	6.77	--	9	6093	卖盘
13:56:42	6.77	--	14	9478	买盘
13:56:03	6.77	--	10	6770	买盘
13:55:45	6.77	-0.01	10	6770	中性盘
13:55:12	6.78	--	68	46104	卖盘
13:54:24	6.78	--	30	20340	卖盘
13:54:00	6.78	0.01	378	256284	买盘
13:53:48	6.77	--	16	10832	买盘
13:53:45	6.77	--	81	54837	买盘
13:53:39	6.77	--	50	33850	买盘
13:53:24	6.77	--	1	677	买盘
13:53:15	6.77	0.01	1	677	买盘
13:52:33	6.76	-0.01	10	6760	卖盘
13:52:21	6.77	--	5	3385	买盘
13:52:06	6.77	--	20	13540	买盘
13:51:42	6.77	0.01	6	4061	买盘
13:51:36	6.76	--	12	8112	卖盘
13:51:27	6.76	-0.01	38	25688	卖盘
13:51:18	6.77	--	6	4061	买盘
13:51:12	6.77	0.01	6	4061	买盘
13:50:57	6.76	--	3	2028	买盘
13:50:54	6.76	--	17	11492	卖盘
13:50:51	6.76	--	15	10140	卖盘
13:50:33	6.76	--	21	14196	买盘
13:50:15	6.76	0.01	100	67600	买盘
13:50:09	6.75	-0.01	100	67500	卖盘
13:49:27	6.76	0.01	10	6760	买盘
13:49:15	6.75	--	1	675	卖盘
13:49:09	6.75	--	250	168750	卖盘
13:49:06	6.75	--	1	675	卖盘
13:48:42	6.75	--	10	6750	卖盘
13:48:36	6.75	-0.01	30	20250	卖盘
13:48:33	6.76	--	32	21632	买盘
13:48:27	6.76	--	45	30420	买盘
13:48:12	6.76	--	1	676	买盘
13:47:30	6.76	0.01	10	6760	买盘
13:47:24	6.75	-0.01	178	120150	卖盘
13:47:15	6.76	--	30	20280	买盘
13:47:09	6.76	--	16	10816	买盘
13:47:03	6.76	0.01	1	676	买盘
13:46:51	6.75	-0.01	2	1350	卖盘
13:46:45	6.76	--	20	13520	买盘
13:46:33	6.76	--	5	3380	买盘
13:46:09	6.76	--	10	6760	买盘
13:46:03	6.76	--	150	101400	买盘
13:45:51	6.76	0.01	2	1352	买盘
13:45:42	6.75	--	5	3375	卖盘
13:45:33	6.75	-0.01	50	33750	卖盘
13:44:54	6.76	0.01	20	13520	买盘
13:44:39	6.75	--	34	22950	卖盘
13:44:12	6.75	-0.01	50	33750	卖盘
13:43:54	6.76	0.01	1	676	买盘
13:43:21	6.75	0.01	30	20250	卖盘
13:42:54	6.74	-0.01	15	10110	卖盘
13:42:51	6.75	-0.01	212	143100	卖盘
13:42:42	6.76	0.01	6	4056	买盘
13:42:39	6.75	--	50	33750	卖盘
13:42:30	6.75	--	64	43200	卖盘
13:42:24	6.75	-0.01	14	9450	卖盘
13:42:06	6.76	--	17	11492	买盘
13:41:57	6.76	--	10	6760	买盘
13:41:51	6.76	--	66	44616	买盘
13:41:30	6.76	--	5	3380	买盘
13:41:27	6.76	-0.01	19	12844	卖盘
13:40:57	6.77	0.01	4	2708	买盘
13:40:45	6.76	--	5	3380	卖盘
13:40:42	6.76	--	37	25012	卖盘
13:40:15	6.76	-0.01	585	395460	卖盘
13:40:12	6.77	-0.01	90	60929	卖盘
13:39:33	6.78	--	1	678	买盘
13:39:15	6.78	0.01	102	69156	买盘
13:39:09	6.77	--	100	67700	买盘
13:38:48	6.77	--	20	13540	买盘
13:38:42	6.77	--	70	47390	买盘
13:38:27	6.77	--	268	181436	卖盘
13:38:24	6.77	-0.01	10	6770	卖盘
13:38:12	6.78	--	102	69156	买盘
13:38:09	6.78	--	20	13560	买盘
13:37:18	6.78	--	10	6780	买盘
13:37:03	6.78	0.01	15	10170	买盘
13:36:57	6.77	-0.01	15	10155	卖盘
13:36:51	6.78	--	10	6780	买盘
13:36:42	6.78	-0.01	115	77970	卖盘
13:36:39	6.79	--	100	67900	买盘
13:36:06	6.79	0.01	21	14259	买盘
13:36:00	6.78	--	7	4746	卖盘
13:35:57	6.78	-0.01	10	6780	卖盘
13:35:51	6.79	0.01	67	45493	买盘
13:35:48	6.78	--	48	32544	买盘
13:35:45	6.78	0.01	20	13560	买盘
13:35:09	6.77	-0.01	5	3385	卖盘
13:35:03	6.78	--	22	14916	买盘
13:34:57	6.78	0.01	5	3390	买盘
13:34:51	6.77	-0.01	10	6770	卖盘
13:34:45	6.78	0.01	37	25086	买盘
13:34:42	6.77	-0.01	50	33850	卖盘
13:34:33	6.78	--	39	26442	买盘
13:34:18	6.78	--	15	10170	买盘
13:34:12	6.78	--	1	678	买盘
13:34:03	6.78	0.01	81	54918	买盘
13:33:00	6.77	--	1	677	卖盘
13:32:54	6.77	--	4	2708	卖盘
13:32:51	6.77	-0.01	40	27080	卖盘
13:32:48	6.78	--	88	59664	买盘
13:32:09	6.78	--	1	678	买盘
13:32:03	6.78	0.01	200	135600	买盘
13:31:36	6.77	--	41	27757	卖盘
13:31:15	6.77	-0.01	13	8801	卖盘
13:30:42	6.78	0.01	2	1356	买盘
13:30:06	6.77	-0.01	30	20310	卖盘
13:29:51	6.78	0.01	20	13560	买盘
13:29:33	6.77	-0.01	2	1354	卖盘
13:29:30	6.78	--	266	180348	买盘
13:28:33	6.78	--	3	2034	买盘
13:28:00	6.78	0.01	10	6780	买盘
13:27:39	6.77	--	42	28434	买盘
13:27:24	6.77	0.01	26	17602	买盘
13:27:12	6.76	-0.01	30	20280	卖盘
13:26:57	6.77	--	22	14893	买盘
13:26:45	6.77	--	26	17602	买盘
13:26:42	6.77	--	2	1354	买盘
13:26:33	6.77	--	15	10155	买盘
13:26:30	6.77	--	16	10832	买盘
13:26:12	6.77	--	3	2030	买盘
13:26:06	6.77	--	15	10155	买盘
13:25:54	6.77	--	1	677	买盘
13:25:06	6.77	--	5	3385	买盘
13:24:33	6.77	--	30	20310	买盘
13:24:30	6.77	--	3	2030	卖盘
13:24:12	6.77	0.01	100	67700	买盘
13:23:57	6.76	--	31	20956	卖盘
13:23:54	6.76	--	6	4056	卖盘
13:23:42	6.76	-0.02	1	676	卖盘
13:23:36	6.78	--	5	3390	买盘
13:23:33	6.78	0.02	8	5424	买盘
13:23:09	6.76	-0.02	25	16900	卖盘
13:23:06	6.78	--	5	3390	买盘
13:22:54	6.78	--	16	10848	买盘
13:22:36	6.78	--	5	3390	买盘
13:22:33	6.78	--	10	6780	买盘
13:22:24	6.78	--	16	10848	买盘
13:22:06	6.78	--	6	4068	买盘
13:22:03	6.78	0.01	10	6780	买盘
13:21:54	6.77	--	10	6770	卖盘
13:21:39	6.77	-0.01	1	677	卖盘
13:21:36	6.78	0.01	20	13560	买盘
13:21:12	6.77	--	11	7446	卖盘
13:21:03	6.77	--	41	27757	买盘
13:20:54	6.77	--	11	7446	买盘
13:20:36	6.77	-0.01	4	2708	中性盘
13:20:24	6.78	--	11	7458	买盘
13:20:15	6.78	0.01	39	26442	买盘
13:20:06	6.77	--	5	3385	买盘
13:20:03	6.77	--	87	58898	卖盘
13:19:57	6.77	--	10	6770	卖盘
13:19:48	6.77	--	54	36558	买盘
13:19:45	6.77	--	5	3385	买盘
13:19:42	6.77	--	12	8123	买盘
13:19:36	6.77	--	29	19633	卖盘
13:19:30	6.77	-0.01	10	6770	卖盘
13:19:24	6.78	0.01	30	20340	买盘
13:18:42	6.77	--	5	3385	买盘
13:18:33	6.77	--	5	3385	卖盘
13:18:30	6.77	--	14	9478	卖盘
13:18:24	6.77	0.01	94	63637	买盘
13:17:36	6.76	--	5	3380	卖盘
13:17:09	6.76	--	4	2704	卖盘
13:15:54	6.76	--	78	52876	买盘
13:14:27	6.76	--	1	1203	卖盘
13:14:00	6.76	--	12	8260	买盘
13:13:36	6.76	--	7	5259	卖盘
13:13:33	6.76	--	233	158042	卖盘
13:13:30	6.76	--	10	6760	卖盘
13:13:27	6.76	--	20	13520	卖盘
13:13:21	6.76	--	20	13520	卖盘
13:13:15	6.76	-0.01	378	255528	卖盘
13:13:12	6.77	--	100	67700	买盘
13:12:57	6.77	0.01	30	20310	买盘
13:12:48	6.76	--	20	13520	卖盘
13:12:39	6.76	--	20	13520	卖盘
13:12:33	6.76	-0.01	20	13520	卖盘
13:12:30	6.77	0.01	50	33850	买盘
13:12:27	6.76	-0.01	20	13520	卖盘
13:12:18	6.77	--	80	54160	买盘
13:12:12	6.77	0.01	27	18279	买盘
13:12:09	6.76	--	30	20280	卖盘
13:11:45	6.76	0.01	232	157122	买盘
13:11:21	6.75	--	0	121	买盘
13:11:18	6.75	--	100	67500	买盘
13:11:06	6.75	--	2	1350	买盘
13:11:00	6.75	--	35	23625	买盘
13:10:48	6.75	--	10	6750	买盘
13:10:45	6.75	0.01	17	11475	买盘
13:10:42	6.74	-0.01	9	6066	卖盘
13:10:36	6.75	0.01	50	33750	买盘
13:10:30	6.74	-0.01	5	3370	卖盘
13:10:21	6.75	--	40	27000	买盘
13:10:18	6.75	--	3	2025	买盘
13:10:09	6.75	--	26	17550	买盘
13:10:03	6.75	--	1	675	买盘
13:10:00	6.75	--	36	24300	买盘
13:09:45	6.75	--	11	7425	买盘
13:09:15	6.75	--	23	15525	买盘
13:09:03	6.75	0.01	30	20250	买盘
13:08:51	6.74	--	110	74140	买盘
13:08:30	6.74	--	7	4718	买盘
13:08:27	6.74	--	134	90316	卖盘
13:08:12	6.74	--	7	4718	卖盘
13:07:15	6.74	--	2	1348	卖盘
13:07:03	6.74	-0.01	30	20220	卖盘
13:06:57	6.75	0.01	10	6750	买盘
13:06:45	6.74	--	15	10110	买盘
13:06:30	6.74	--	1	674	买盘
13:06:21	6.74	--	15	10110	买盘
13:06:15	6.74	--	20	13480	买盘
13:06:09	6.74	--	15	10110	买盘
13:06:06	6.74	--	15	10110	买盘
13:06:03	6.74	--	30	20220	买盘
13:06:00	6.74	0.01	5	3370	买盘
13:05:48	6.73	-0.01	1	673	卖盘
13:05:39	6.74	--	4	2696	买盘
13:05:00	6.74	--	149	100426	买盘
13:04:12	6.74	0.01	59	39766	买盘
13:04:00	6.73	--	11	7403	卖盘
13:03:30	6.73	--	14	9422	卖盘
13:03:24	6.73	-0.01	12	8076	卖盘
13:02:39	6.74	--	10	6740	买盘
13:02:27	6.74	--	20	13480	买盘
13:02:21	6.74	--	11	7414	卖盘
13:01:57	6.74	--	7	4718	卖盘
13:01:51	6.74	--	4	2696	买盘
13:01:12	6.74	--	30	20220	买盘
13:01:00	6.74	--	64	43136	卖盘
13:00:06	6.74	0.01	124	83576	买盘
13:00:03	6.73	--	201	135273	卖盘
13:00:00	6.73	--	0	0	卖盘
11:30:00	6.73	--	5	3365	卖盘
11:29:54	6.73	-0.01	120	80760	卖盘
11:29:51	6.74	--	1	674	买盘
11:29:27	6.74	0.01	14	9436	买盘
11:29:18	6.73	-0.01	20	13460	卖盘
11:29:15	6.74	--	21	14154	买盘
11:29:09	6.74	--	1	674	买盘
11:28:48	6.74	--	4	2696	买盘
11:28:30	6.74	--	20	13480	买盘
11:28:21	6.74	--	4	2696	买盘
11:28:12	6.74	--	24	16176	卖盘
11:28:03	6.74	--	40	26960	买盘
11:27:57	6.74	--	8	5392	买盘
11:27:48	6.74	--	7	4718	买盘
11:27:45	6.74	--	30	20220	买盘
11:27:42	6.74	--	10	6740	买盘
11:27:39	6.74	-0.01	12	8088	卖盘
11:27:36	6.75	0.01	23	15525	买盘
11:27:30	6.74	--	13	8762	买盘
11:27:27	6.74	-0.01	26	17524	卖盘
11:27:12	6.75	0.01	4	2700	买盘
11:27:06	6.74	--	4	2696	中性盘
11:27:00	6.74	--	1	674	买盘
11:26:51	6.74	0.01	10	6740	买盘
11:26:48	6.73	-0.01	10	6730	卖盘
11:26:45	6.74	--	30	20220	买盘
11:26:33	6.74	--	80	53920	买盘
11:26:18	6.74	--	3	2022	买盘
11:26:15	6.74	0.01	21	14154	买盘
11:26:06	6.73	-0.01	70	47110	卖盘
11:25:57	6.74	--	1	674	买盘
11:25:54	6.74	--	20	13480	买盘
11:25:42	6.74	0.02	23	15502	买盘
11:25:30	6.72	-0.01	230	154560	卖盘
11:25:27	6.73	--	7	4711	买盘
11:25:12	6.73	--	20	13460	买盘
11:25:09	6.73	--	36	24228	买盘
11:25:03	6.73	--	9	6057	买盘
11:24:57	6.73	-0.01	9	6057	卖盘
11:24:48	6.74	0.02	1	674	买盘
11:24:42	6.72	-0.01	10	6720	卖盘
11:24:36	6.73	--	43	28939	买盘
11:24:30	6.73	--	6	4038	买盘
11:24:18	6.73	--	2	1346	买盘
11:24:12	6.73	--	2	1346	买盘
11:24:06	6.73	--	8	5384	买盘
11:24:03	6.73	--	24	16152	买盘
11:23:57	6.73	0.01	44	29612	买盘
11:23:54	6.72	-0.01	50	33600	卖盘
11:23:48	6.73	0.01	24	16152	买盘
11:23:42	6.72	--	2	1344	卖盘
11:23:33	6.72	--	7	4704	卖盘
11:23:30	6.72	-0.01	15	10080	卖盘
11:23:24	6.73	0.01	4	2692	买盘
11:23:21	6.72	--	5	3360	卖盘
11:23:18	6.72	--	10	6720	卖盘
11:23:09	6.72	-0.01	19	12768	卖盘
11:23:06	6.73	0.01	50	33650	买盘
11:23:03	6.72	-0.01	17	11424	卖盘
11:22:57	6.73	--	2	1346	买盘
11:22:48	6.73	--	9	6057	卖盘
11:22:45	6.73	--	1	673	卖盘
11:22:42	6.73	--	10	6730	卖盘
11:22:39	6.73	--	9	6057	买盘
11:22:36	6.73	0.01	4	2692	买盘
11:22:27	6.72	-0.01	12	8064	卖盘
11:22:24	6.73	--	5	3365	买盘
11:22:09	6.73	--	2	1346	买盘
11:22:06	6.73	0.01	20	13460	买盘
11:21:54	6.72	0.02	6	4032	卖盘
11:21:51	6.7	-0.02	2008	1345360	卖盘
11:21:45	6.72	--	17	11424	卖盘
11:21:42	6.72	--	8	5376	买盘
11:21:39	6.72	--	5	3360	买盘
11:21:36	6.72	0.01	13	8736	买盘
11:21:30	6.71	--	42	28182	卖盘
11:21:27	6.71	-0.01	180	120780	卖盘
11:21:24	6.72	--	42	28224	买盘
11:21:18	6.72	--	18	12096	买盘
11:21:15	6.72	--	56	37632	买盘
11:21:12	6.72	--	4	2688	买盘
11:21:09	6.72	-0.01	101	67872	卖盘
11:21:00	6.73	0.02	3	2019	中性盘
11:20:48	6.71	-0.04	2000	1342000	卖盘
11:20:42	6.75	0.03	12	8100	买盘
11:20:36	6.72	-0.03	2000	1344000	卖盘
11:20:30	6.75	--	10	6750	买盘
11:20:21	6.75	--	1	675	买盘
11:20:12	6.75	--	5	3375	买盘
11:20:09	6.75	--	5	3375	买盘
11:19:48	6.75	--	1	675	买盘
11:19:45	6.75	0.01	50	33750	买盘
11:19:33	6.74	--	1	674	卖盘
11:19:06	6.74	-0.01	22	14828	卖盘
11:19:03	6.75	--	5	3375	买盘
11:18:54	6.75	--	5	3375	买盘
11:18:51	6.75	0.01	10	6750	买盘
11:18:45	6.74	--	22	14828	卖盘
11:18:39	6.74	--	3	2022	卖盘
11:18:36	6.74	-0.01	30	20220	卖盘
11:18:27	6.75	--	20	13500	买盘
11:18:00	6.75	0.01	4	2700	买盘
11:17:54	6.74	-0.01	10	6740	卖盘
11:17:48	6.75	0.01	1	675	买盘
11:17:45	6.74	-0.01	40	26960	卖盘
11:17:42	6.75	0.01	2	1350	买盘
11:17:33	6.74	-0.01	4	2696	卖盘
11:17:24	6.75	--	200	135000	买盘
11:17:18	6.75	--	11	7425	买盘
11:17:15	6.75	--	1	675	买盘
11:17:06	6.75	--	4	2700	买盘
11:17:03	6.75	--	4	2700	买盘
11:16:54	6.75	--	16	10800	买盘
11:16:36	6.75	--	100	67500	买盘
11:16:33	6.75	--	6	4050	买盘
11:16:30	6.75	--	42	28350	买盘
11:16:27	6.75	--	26	17550	买盘
11:16:21	6.75	--	17	11475	买盘
11:16:18	6.75	--	2	1350	买盘
11:16:09	6.75	--	9	6075	买盘
11:16:06	6.75	--	30	20250	买盘
11:15:45	6.75	--	22	14850	买盘
11:15:27	6.75	--	1	675	买盘
11:15:24	6.75	--	20	13500	买盘
11:15:18	6.75	--	15	10125	买盘
11:15:03	6.75	--	20	13500	买盘
11:14:57	6.75	--	72	48600	卖盘
11:14:48	6.75	--	60	40500	卖盘
11:14:45	6.75	--	5	3375	卖盘
11:14:42	6.75	-0.01	10	6750	卖盘
11:14:39	6.76	0.01	1	676	买盘
11:14:36	6.75	--	15	10125	卖盘
11:14:24	6.75	--	7	4725	卖盘
11:14:03	6.75	-0.01	5	3375	卖盘
11:13:54	6.76	0.01	24	16224	买盘
11:13:51	6.75	-0.01	18	12150	卖盘
11:13:48	6.76	0.01	5	3380	买盘
11:13:42	6.75	--	8	5400	买盘
11:13:39	6.75	0.01	2	1350	买盘
11:13:36	6.74	-0.01	30	20220	卖盘
11:13:27	6.75	--	12	8100	买盘
11:13:18	6.75	0.01	12	8100	买盘
11:13:06	6.74	-0.01	30	20220	卖盘
11:13:03	6.75	--	16	10800	卖盘
11:13:00	6.75	--	9	6075	买盘
11:12:57	6.75	--	1	675	卖盘
11:12:54	6.75	0.01	19	12825	买盘
11:12:51	6.74	-0.01	21	14154	卖盘
11:12:36	6.75	0.01	7	4725	中性盘
11:12:30	6.74	-0.01	35	23590	卖盘
11:12:27	6.75	0.01	11	7425	买盘
11:12:21	6.74	-0.01	20	13480	卖盘
11:12:15	6.75	--	40	27000	买盘
11:12:12	6.75	0.01	24	16200	买盘
11:12:06	6.74	-0.01	8	5392	卖盘
11:12:03	6.75	0.01	4	2700	买盘
11:12:00	6.74	-0.01	39	26286	卖盘
11:11:54	6.75	--	13	8775	买盘
11:11:48	6.75	--	6	4050	买盘
11:11:45	6.75	0.01	20	13500	买盘
11:11:42	6.74	--	57	38418	卖盘
11:11:36	6.74	--	15	10110	卖盘
11:11:33	6.74	--	20	13480	卖盘
11:11:30	6.74	-0.01	22	14828	卖盘
11:11:27	6.75	--	10	6750	买盘
11:11:21	6.75	0.01	5	3375	买盘
11:11:18	6.74	-0.01	30	20220	卖盘
11:11:09	6.75	--	35	23625	买盘
11:10:57	6.75	-0.01	1923	1298025	卖盘
11:10:54	6.76	--	10	6760	买盘
11:10:45	6.76	--	10	6760	买盘
11:10:36	6.76	0.01	20	13520	买盘
11:10:27	6.75	-0.01	23	15525	卖盘
11:10:24	6.76	--	16	10816	买盘
11:10:21	6.76	--	50	33800	买盘
11:10:15	6.76	--	110	74360	买盘
11:10:09	6.76	--	419	283629	卖盘
11:10:06	6.76	-0.01	5	3380	卖盘
11:10:03	6.77	0.01	17	11509	买盘
11:09:51	6.76	-0.01	43	29068	卖盘
11:09:39	6.77	--	7	4739	买盘
11:09:27	6.77	0.01	1	677	买盘
11:09:24	6.76	-0.01	10	6760	卖盘
11:09:21	6.77	0.01	1	677	买盘
11:09:18	6.76	--	10	6760	卖盘
11:08:48	6.76	-0.01	18	12168	卖盘
11:08:42	6.77	0.01	37	25049	买盘
11:08:27	6.76	-0.01	5	3380	卖盘
11:08:00	6.77	--	10	6770	买盘
11:07:48	6.77	0.01	40	27080	买盘
11:07:45	6.76	--	25	16900	卖盘
11:07:18	6.76	-0.01	17	11492	卖盘
11:07:15	6.77	0.01	50	33850	买盘
11:07:12	6.76	--	174	117914	买盘
11:07:09	6.76	--	6	4056	买盘
11:07:03	6.76	--	60	40560	买盘
11:06:57	6.76	--	20	13520	买盘
11:06:54	6.76	-0.01	189	128149	卖盘
11:06:48	6.77	0.01	30	20310	买盘
11:06:42	6.76	--	100	67600	卖盘
11:06:36	6.76	--	140	94640	卖盘
11:06:33	6.76	-0.01	5	3380	卖盘
11:06:24	6.77	0.01	70	47390	买盘
11:06:09	6.76	--	21	14196	卖盘
11:06:03	6.76	--	9	6084	卖盘
11:05:57	6.76	--	2	1352	卖盘
11:05:48	6.76	--	344	232544	卖盘
11:05:36	6.76	-0.01	30	20482	卖盘
11:05:33	6.77	--	5	3385	买盘
11:05:30	6.77	--	24	16247	买盘
11:05:27	6.77	0.01	10	6770	买盘
11:05:24	6.76	-0.01	5	3380	卖盘
11:05:18	6.77	0.01	11	7446	买盘
11:05:15	6.76	--	3	2028	卖盘
11:05:09	6.76	--	50	33800	卖盘
11:05:03	6.76	--	260	175760	卖盘
11:05:00	6.76	-0.01	20	13520	卖盘
11:04:57	6.77	0.01	10	6770	买盘
11:04:54	6.76	--	276	186576	卖盘
11:04:48	6.76	-0.01	49	33124	卖盘
11:04:42	6.77	0.01	7	4739	买盘
11:04:39	6.76	-0.01	59	39884	卖盘
11:04:33	6.77	--	28	18956	买盘
11:04:24	6.77	--	100	67700	买盘
11:04:18	6.77	--	30	20310	买盘
11:04:12	6.77	--	180	121859	买盘
11:04:09	6.77	--	29	19633	买盘
11:04:06	6.77	--	584	395368	卖盘
11:04:03	6.77	--	5	3385	卖盘
11:03:51	6.77	--	59	39943	卖盘
11:03:45	6.77	--	141	95457	卖盘
11:03:30	6.77	-0.01	14	9478	卖盘
11:03:15	6.78	0.01	8	5424	买盘
11:03:12	6.77	--	15	10155	卖盘
11:02:45	6.77	-0.01	60	40620	卖盘
11:02:42	6.78	--	20	13560	买盘
11:02:39	6.78	--	5	3390	买盘
11:02:33	6.78	0.01	10	6780	买盘
11:02:18	6.77	--	10	6770	卖盘
11:02:15	6.77	-0.01	100	67700	卖盘
11:01:48	6.78	--	16	10848	买盘
11:01:45	6.78	--	29	19662	买盘
11:01:30	6.78	--	13	8814	买盘
11:01:24	6.78	--	17	11526	买盘
11:01:18	6.78	--	17	11526	买盘
11:01:09	6.78	--	10	6780	买盘
11:01:03	6.78	--	25	16950	买盘
11:00:54	6.78	--	10	6780	买盘
11:00:39	6.78	--	11	7458	买盘
11:00:36	6.78	0.01	1	678	买盘
11:00:27	6.77	-0.01	87	58898	卖盘
11:00:21	6.78	--	10	6780	买盘
11:00:03	6.78	--	24	16272	买盘
11:00:00	6.78	--	8	5424	买盘
10:59:54	6.78	--	9	6122	卖盘
10:59:51	6.78	--	8	5424	卖盘
10:59:15	6.78	-0.01	1	678	卖盘
10:59:12	6.79	0.01	54	36666	买盘
10:59:00	6.78	--	94	64389	买盘
10:58:54	6.78	0.01	1	678	买盘
10:58:27	6.77	-0.01	50	33850	卖盘
10:58:06	6.78	--	5	3390	买盘
10:57:48	6.78	--	100	67800	买盘
10:57:36	6.78	--	100	67800	买盘
10:57:33	6.78	--	79	53582	卖盘
10:57:24	6.78	-0.01	51	34578	卖盘
10:57:12	6.79	--	68	46172	买盘
10:56:54	6.79	0.01	4	2716	买盘
10:56:36	6.78	--	2	1356	卖盘
10:56:30	6.78	--	170	115260	卖盘
10:56:21	6.78	--	51	34578	卖盘
10:55:42	6.78	-0.01	10	6780	卖盘
10:55:30	6.79	0.01	79	53641	买盘
10:55:24	6.78	0.01	37	25743	买盘
10:55:21	6.77	-0.01	16	10832	卖盘
10:55:18	6.78	--	30	20340	买盘
10:55:15	6.78	--	20	13560	买盘
10:55:12	6.78	--	1	678	买盘
10:55:09	6.78	--	30	20340	买盘
10:55:06	6.78	--	100	67800	买盘
10:55:03	6.78	--	133	90174	买盘
10:54:57	6.78	--	84	56952	买盘
10:54:51	6.78	--	8	5424	买盘
10:54:48	6.78	--	29	19662	买盘
10:54:45	6.78	--	88	59664	买盘
10:54:36	6.78	--	1	678	买盘
10:54:33	6.78	--	88	59664	买盘
10:54:30	6.78	0.01	10	6780	买盘
10:54:18	6.77	-0.01	22	14893	卖盘
10:54:03	6.78	--	10	6780	买盘
10:53:51	6.78	--	10	6780	买盘
10:53:48	6.78	0.01	166	112548	买盘
10:53:36	6.77	-0.01	110	74470	卖盘
10:53:24	6.78	--	54	36612	买盘
10:53:21	6.78	--	50	33900	买盘
10:53:18	6.78	--	10	6780	买盘
10:53:09	6.78	--	10	6780	买盘
10:53:06	6.78	--	50	33900	买盘
10:52:57	6.78	--	1005	681390	买盘
10:52:51	6.78	0.01	10	6780	买盘
10:52:39	6.77	--	35	23695	买盘
10:52:27	6.77	0.01	15	10155	中性盘
10:52:18	6.76	-0.01	1000	676000	卖盘
10:51:48	6.77	-0.01	6	4061	卖盘
10:51:39	6.78	--	87	58986	买盘
10:51:33	6.78	0.01	3	2034	买盘
10:51:24	6.77	-0.01	20	13540	买盘
10:51:03	6.78	0.02	3	2034	买盘
10:50:57	6.76	-0.02	7	4732	卖盘
10:50:42	6.78	--	78	52884	买盘
10:50:33	6.78	--	13	8814	买盘
10:50:24	6.78	0.02	36	24408	买盘
10:50:18	6.76	-0.01	1000	676000	卖盘
10:50:12	6.77	--	3	2030	卖盘
10:50:03	6.77	-0.01	23	15570	卖盘
10:50:00	6.78	--	40	27120	买盘
10:49:45	6.78	0.01	55	37290	买盘
10:49:36	6.77	-0.01	2	1354	卖盘
10:49:33	6.78	--	10	6780	买盘
10:49:30	6.78	--	4	2712	买盘
10:49:27	6.78	--	15	10170	买盘
10:49:18	6.78	--	10	6780	买盘
10:49:12	6.78	--	2	1356	买盘
10:49:03	6.78	0.01	11	7458	买盘
10:48:57	6.77	-0.01	21	14866	卖盘
10:48:36	6.78	--	0	20	卖盘
10:48:30	6.78	--	3	2034	卖盘
10:48:24	6.78	0.02	5	4047	中性盘
10:48:09	6.76	-0.02	1800	1216800	卖盘
10:48:03	6.78	-0.01	42	28476	卖盘
10:47:57	6.79	--	12	8148	买盘
10:47:42	6.79	0.01	11	7469	买盘
10:47:18	6.78	-0.01	9	6102	卖盘
10:47:15	6.79	--	7	4753	买盘
10:47:03	6.79	--	11	7469	买盘
10:46:48	6.79	--	5	3395	买盘
10:46:42	6.79	--	5	3395	买盘
10:46:36	6.79	--	31	21049	买盘
10:46:33	6.79	--	7	4753	买盘
10:46:09	6.79	--	14	9506	买盘
10:46:03	6.79	--	11	7469	买盘
10:45:33	6.79	0.01	1	679	买盘
10:45:12	6.78	-0.01	9	6102	卖盘
10:45:03	6.79	0.01	11	7469	买盘
10:44:48	6.78	--	300	203400	卖盘
10:44:27	6.78	-0.01	15	10170	卖盘
10:44:21	6.79	--	5	3395	买盘
10:44:15	6.79	--	23	15617	买盘
10:44:03	6.79	0.01	11	7469	买盘
10:43:48	6.78	-0.01	10	6780	卖盘
10:43:45	6.79	0.01	83	56357	买盘
10:43:33	6.78	--	5	3390	卖盘
10:43:27	6.78	--	18	12204	卖盘
10:43:15	6.78	--	171	116053	买盘
10:43:06	6.78	--	10	6780	买盘
10:43:03	6.78	--	12	8136	买盘
10:43:00	6.78	--	10	6780	买盘
10:42:51	6.78	--	5	3390	买盘
10:42:48	6.78	--	23	15594	买盘
10:42:42	6.78	--	20	13560	买盘
10:42:30	6.78	--	8	5424	买盘
10:42:27	6.78	--	5	3952	卖盘
10:42:21	6.78	--	1	678	卖盘
10:42:06	6.78	--	13	8929	买盘
10:42:03	6.78	--	12	8136	买盘
10:42:00	6.78	--	49	33222	买盘
10:41:54	6.78	--	10	6780	买盘
10:41:51	6.78	--	14	10054	卖盘
10:41:48	6.78	--	49	33337	买盘
10:41:42	6.78	--	5	3390	买盘
10:41:27	6.78	0.01	5	3390	买盘
10:41:21	6.77	-0.01	2	1354	卖盘
10:41:18	6.78	--	20	13560	买盘
10:41:12	6.78	--	62	42598	卖盘
10:40:54	6.78	--	66	44748	卖盘
10:40:36	6.78	--	134	90967	买盘
10:40:09	6.78	0.01	5	3390	买盘
10:39:54	6.77	-0.01	20	13540	卖盘
10:39:39	6.78	0.01	91	61698	买盘
10:39:36	6.77	--	10	6770	卖盘
10:39:33	6.77	-0.01	259	175343	卖盘
10:39:24	6.78	--	83	56836	卖盘
10:39:18	6.78	--	34	23052	卖盘
10:39:12	6.78	--	5	3390	卖盘
10:38:54	6.78	-0.01	40	27120	卖盘
10:38:45	6.79	--	62	42098	买盘
10:38:39	6.79	0.01	10	6790	买盘
10:38:33	6.78	--	118	80004	卖盘
10:38:27	6.78	-0.01	200	135600	卖盘
10:38:15	6.79	--	841	571039	买盘
10:37:51	6.79	--	26	17654	卖盘
10:37:30	6.79	--	144	97776	卖盘
10:37:06	6.79	-0.01	41	27839	卖盘
10:35:45	6.8	0.01	59	40120	买盘
10:35:27	6.79	-0.01	15	10185	卖盘
10:35:15	6.8	0.01	2	1360	买盘
10:35:03	6.79	--	20	13580	卖盘
10:34:42	6.79	--	64	43456	买盘
10:34:39	6.79	--	200	135800	买盘
10:34:33	6.79	--	60	40740	买盘
10:34:09	6.79	--	49	33271	买盘
10:34:00	6.79	--	10	6790	买盘
10:33:57	6.79	--	14	9506	买盘
10:33:42	6.79	--	3	2037	买盘
10:33:24	6.79	--	100	67900	买盘
10:33:03	6.79	--	110	74690	卖盘
10:32:48	6.79	-0.01	481	326599	卖盘
10:32:30	6.8	--	4	3372	卖盘
10:32:15	6.8	--	15	10227	买盘
10:31:57	6.8	--	18	12240	买盘
10:31:48	6.8	--	10	6800	买盘
10:31:42	6.8	--	256	174732	卖盘
10:31:27	6.8	--	10	6800	卖盘
10:30:45	6.8	--	82	55760	卖盘
10:30:33	6.8	--	4	2747	买盘
10:30:24	6.8	--	12	8812	卖盘
10:30:18	6.8	0.01	307	208787	买盘
10:30:15	6.79	-0.01	16	10864	卖盘
10:29:45	6.8	--	4	2720	买盘
10:29:39	6.8	0.01	5	3400	买盘
10:29:30	6.79	--	59	40061	卖盘
10:29:06	6.79	-0.01	23	15617	卖盘
10:29:00	6.8	--	7	4760	买盘
10:28:54	6.8	--	3	2040	买盘
10:28:51	6.8	--	10	6800	买盘
10:28:18	6.8	0.01	10	6800	买盘
10:28:09	6.79	-0.01	21	14259	卖盘
10:28:03	6.8	0.01	5	3400	买盘
10:28:00	6.79	-0.01	12	8148	卖盘
10:27:51	6.8	--	100	68000	买盘
10:27:36	6.8	--	25	17000	买盘
10:27:33	6.8	--	30	20400	买盘
10:27:18	6.8	0.01	30	20400	买盘
10:27:15	6.79	-0.01	90	61110	卖盘
10:27:03	6.8	--	15	10200	买盘
10:27:00	6.8	--	11	7480	买盘
10:26:57	6.8	--	81	55080	买盘
10:26:42	6.8	--	18	12892	卖盘
10:26:39	6.8	--	118	80267	买盘
10:26:33	6.8	--	20	13600	买盘
10:26:27	6.8	--	13	8840	买盘
10:26:21	6.8	0.01	400	272000	买盘
10:26:03	6.79	-0.01	7	4753	卖盘
10:25:39	6.8	--	100	68000	买盘
10:25:30	6.8	--	50	34000	买盘
10:25:09	6.8	--	7	4760	买盘
10:24:51	6.8	--	56	38080	买盘
10:24:21	6.8	0.01	5	3400	买盘
10:23:45	6.79	--	3	2037	卖盘
10:23:42	6.79	--	59	40061	卖盘
10:23:18	6.79	--	25	16975	卖盘
10:22:54	6.79	--	45	30555	卖盘
10:22:48	6.79	--	60	40740	卖盘
10:21:15	6.79	--	7	4753	买盘
10:21:06	6.79	--	10	6790	买盘
10:21:00	6.79	--	24	16296	买盘
10:20:51	6.79	--	10	6790	买盘
10:20:39	6.79	--	9	6111	卖盘
10:20:30	6.79	--	100	67900	卖盘
10:20:24	6.79	--	6	4074	卖盘
10:20:09	6.79	--	30	20370	卖盘
10:19:42	6.79	--	5	3395	卖盘
10:19:30	6.79	--	2	1358	卖盘
10:19:27	6.79	-0.01	14	9506	卖盘
10:19:09	6.8	0.01	8	5440	买盘
10:18:42	6.79	-0.01	1	679	卖盘
10:18:21	6.8	--	8	5440	买盘
10:18:06	6.8	0.01	50	34000	买盘
10:17:57	6.79	--	56	38024	卖盘
10:17:39	6.79	--	170	115430	卖盘
10:17:33	6.79	--	48	32592	卖盘
10:17:27	6.79	--	50	33950	卖盘
10:17:15	6.79	--	41	27839	卖盘
10:17:03	6.79	--	200	135800	卖盘
10:17:00	6.79	--	44	29876	卖盘
10:16:54	6.79	--	10	6790	卖盘
10:16:39	6.79	-0.01	44	29876	卖盘
10:16:27	6.8	--	65	44200	买盘
10:16:21	6.8	0.01	8	5440	买盘
10:16:18	6.79	--	42	28518	卖盘
10:15:57	6.79	--	6	4074	卖盘
10:15:27	6.79	-0.01	1	679	卖盘
10:15:12	6.8	0.01	9	6120	买盘
10:15:09	6.79	-0.01	6	4074	卖盘
10:15:03	6.8	--	5	3400	买盘
10:14:48	6.8	--	110	74800	买盘
10:14:36	6.8	--	40	27200	买盘
10:14:33	6.8	--	14	9520	买盘
10:14:30	6.8	--	30	20400	买盘
10:14:21	6.8	--	5	3400	买盘
10:14:15	6.8	--	70	47600	买盘
10:14:12	6.8	--	10	6800	买盘
10:14:06	6.8	--	24	16320	买盘
10:13:51	6.8	--	5	3400	买盘
10:13:45	6.8	--	10	6800	买盘
10:13:39	6.8	--	63	42840	买盘
10:13:30	6.8	--	1	680	买盘
10:13:27	6.8	--	5	3400	买盘
10:13:21	6.8	--	275	187000	买盘
10:13:18	6.8	--	6	4080	买盘
10:12:36	6.8	--	10	6800	买盘
10:12:06	6.8	0.01	50	34000	买盘
10:11:45	6.79	-0.01	10	6790	卖盘
10:11:33	6.8	--	40	27200	买盘
10:11:24	6.8	0.01	28	19040	买盘
10:11:03	6.79	--	3	2037	卖盘
10:10:57	6.79	-0.01	26	17654	卖盘
10:10:51	6.8	0.01	10	6800	买盘
10:10:36	6.79	-0.01	152	103208	卖盘
10:10:30	6.8	--	56	38080	买盘
10:10:24	6.8	--	30	20400	买盘
10:10:15	6.8	0.01	70	47600	买盘
10:10:03	6.79	-0.01	52	35308	卖盘
10:09:42	6.8	0.01	65	44200	买盘
10:09:39	6.79	--	101	68579	卖盘
10:09:30	6.79	--	1	679	卖盘
10:09:18	6.79	--	26	17654	买盘
10:09:15	6.79	--	20	13580	买盘
10:09:03	6.79	0.01	2	1358	买盘
10:08:57	6.78	-0.01	50	33900	卖盘
10:08:45	6.79	--	206	139874	买盘
10:08:42	6.79	0.01	20	13580	买盘
10:08:39	6.78	-0.01	50	33900	卖盘
10:08:36	6.79	--	5	3395	买盘
10:08:18	6.79	--	77	52283	卖盘
10:08:12	6.79	--	20	13580	卖盘
10:08:06	6.79	--	13	8827	卖盘
10:07:57	6.79	--	4	2716	卖盘
10:07:51	6.79	--	10	6790	卖盘
10:07:27	6.79	--	1	679	卖盘
10:07:21	6.79	0.01	103	69937	买盘
10:07:18	6.78	--	25	16950	卖盘
10:07:06	6.78	-0.01	50	33900	卖盘
10:07:03	6.79	0.01	27	18333	买盘
10:07:00	6.78	--	100	67800	卖盘
10:06:51	6.78	--	1	678	卖盘
10:06:48	6.78	-0.01	9	6102	卖盘
10:06:39	6.79	--	8	5432	买盘
10:06:36	6.79	--	10	6790	买盘
10:06:33	6.79	--	25	16975	卖盘
10:06:30	6.79	-0.01	26	17654	卖盘
10:06:24	6.8	--	3	2040	买盘
10:06:21	6.8	0.01	2	1360	买盘
10:06:12	6.79	--	200	135800	卖盘
10:06:00	6.79	--	30	20370	卖盘
10:05:54	6.79	-0.01	100	67900	卖盘
10:05:42	6.8	--	23	16204	卖盘
10:05:24	6.8	--	30	20400	卖盘
10:05:21	6.8	--	50	34000	卖盘
10:05:18	6.8	--	2	1360	卖盘
10:05:12	6.8	--	4	2835	买盘
10:05:06	6.8	-0.01	5	3964	卖盘
10:05:00	6.81	0.01	7	4767	买盘
10:04:57	6.8	--	4	2835	买盘
10:04:51	6.8	--	27	18360	买盘
10:04:48	6.8	--	18	12804	卖盘
10:04:42	6.8	--	20	13600	卖盘
10:04:33	6.8	--	5	3400	卖盘
10:04:30	6.8	--	12	8160	卖盘
10:04:27	6.8	--	10	6840	卖盘
10:04:18	6.8	--	13	8840	卖盘
10:04:15	6.8	--	100	68000	卖盘
10:04:09	6.8	--	10	6834	卖盘
10:04:03	6.8	--	50	34000	卖盘
10:03:51	6.8	--	10	6840	卖盘
10:03:42	6.8	0.01	26	17680	买盘
10:03:33	6.79	-0.01	55	37345	卖盘
10:03:27	6.8	--	9	6120	买盘
10:03:18	6.8	--	16	10880	卖盘
10:03:09	6.8	--	15	10200	卖盘
10:03:06	6.8	--	2	1360	卖盘
10:02:51	6.8	0.02	317	215560	买盘
10:02:48	6.78	--	18	12204	卖盘
10:02:18	6.78	--	41	27798	卖盘
10:02:12	6.78	--	39	26442	卖盘
10:02:09	6.78	-0.01	42	28476	卖盘
10:02:03	6.79	0.01	18	12262	买盘
10:02:00	6.78	-0.01	20	13560	卖盘
10:01:54	6.79	--	6	4074	买盘
10:01:48	6.79	--	70	48168	卖盘
10:01:45	6.79	--	5	3395	卖盘
10:01:42	6.79	--	10	6790	卖盘
10:01:30	6.79	--	20	13580	卖盘
10:01:24	6.79	--	10	6790	卖盘
10:01:12	6.79	--	8	5432	卖盘
10:01:06	6.79	--	2	1358	卖盘
10:00:57	6.79	--	200	135800	卖盘
10:00:54	6.79	--	18	12222	卖盘
10:00:39	6.79	--	2	1358	卖盘
10:00:36	6.79	--	275	186765	买盘
10:00:24	6.79	--	30	20370	买盘
09:59:54	6.79	--	100	67900	买盘
09:59:51	6.79	0.01	2	1358	买盘
09:59:48	6.78	-0.01	5	3390	卖盘
09:59:39	6.79	--	30	20370	买盘
09:59:27	6.79	--	9	6111	买盘
09:59:00	6.79	0.01	30	20370	买盘
09:58:54	6.78	-0.01	9	6102	卖盘
09:58:33	6.79	0.01	24	16296	买盘
09:58:15	6.78	--	3	2034	卖盘
09:58:12	6.78	-0.01	55	37290	卖盘
09:58:09	6.79	-0.01	9	6749	卖盘
09:57:57	6.8	--	6	4080	买盘
09:57:51	6.8	0.01	28	19040	买盘
09:57:48	6.79	--	5	3395	卖盘
09:57:45	6.79	-0.01	90	61110	卖盘
09:57:39	6.8	0.01	30	20400	买盘
09:57:36	6.79	--	8	5988	卖盘
09:57:18	6.79	--	11	7876	卖盘
09:57:15	6.79	--	68	46606	买盘
09:57:12	6.79	--	5	3395	买盘
09:57:09	6.79	0.01	18	12222	买盘
09:57:00	6.78	-0.01	11	8074	卖盘
09:56:57	6.79	--	9	6355	卖盘
09:56:54	6.79	--	24	16296	卖盘
09:56:51	6.79	--	103	70371	买盘
09:56:48	6.79	0.01	10	6790	买盘
09:56:45	6.78	-0.01	7	4881	卖盘
09:56:39	6.79	--	3	2037	买盘
09:56:36	6.79	--	10	6790	买盘
09:56:21	6.79	-0.01	3	2281	卖盘
09:56:12	6.8	0.01	31	21515	买盘
09:56:09	6.79	--	20	13580	买盘
09:56:03	6.79	0.01	55	37345	买盘
09:55:54	6.78	-0.01	434	294252	卖盘
09:55:48	6.79	--	5	3395	买盘
09:55:42	6.79	--	129	87591	买盘
09:55:30	6.79	0.01	20	13580	买盘
09:55:27	6.78	-0.01	55	37290	卖盘
09:55:21	6.79	0.01	10	6790	买盘
09:55:18	6.78	--	20	13560	卖盘
09:55:12	6.78	--	3	2034	卖盘
09:55:06	6.78	--	50	33900	卖盘
09:55:03	6.78	--	59	40002	卖盘
09:54:57	6.78	--	10	6780	卖盘
09:54:48	6.78	--	4	2712	卖盘
09:54:45	6.78	--	5	3390	卖盘
09:54:36	6.78	--	55	37290	卖盘
09:54:24	6.78	--	60	40680	卖盘
09:54:06	6.78	--	80	54240	卖盘
09:54:03	6.78	--	100	67800	卖盘
09:53:54	6.78	--	47	31866	卖盘
09:53:51	6.78	-0.01	23	15594	卖盘
09:53:48	6.79	0.01	1	679	买盘
09:53:33	6.78	-0.01	5	3390	卖盘
09:53:21	6.79	--	10	6790	买盘
09:53:09	6.79	0.01	11	7469	买盘
09:53:03	6.78	--	30	20340	卖盘
09:52:57	6.78	--	20	13560	卖盘
09:52:51	6.78	--	60	40680	卖盘
09:52:48	6.78	-0.01	5	3390	卖盘
09:52:42	6.79	--	100	67900	买盘
09:52:39	6.79	--	319	216845	卖盘
09:52:33	6.79	--	63	42777	卖盘
09:52:27	6.79	--	20	13580	卖盘
09:52:24	6.79	--	5	3395	卖盘
09:52:15	6.79	--	6	4074	卖盘
09:52:12	6.79	--	170	115545	卖盘
09:51:54	6.79	--	20	13580	卖盘
09:51:30	6.79	-0.01	6	4074	卖盘
09:51:27	6.8	--	20	13600	买盘
09:51:24	6.8	--	5	3400	买盘
09:51:18	6.8	0.01	1	680	买盘
09:51:12	6.79	--	20	13580	卖盘
09:51:03	6.79	--	59	40061	卖盘
09:50:57	6.79	--	57	38703	卖盘
09:50:27	6.79	-0.01	60	40740	卖盘
09:50:18	6.8	0.01	63	43159	买盘
09:49:57	6.79	-0.01	10	6790	卖盘
09:49:45	6.8	--	10	7160	卖盘
09:49:33	6.8	--	7	4760	卖盘
09:49:30	6.8	--	10	6800	卖盘
09:49:24	6.8	0.01	146	99599	买盘
09:49:18	6.79	--	20	13580	卖盘
09:49:15	6.79	--	2	1358	卖盘
09:48:48	6.79	-0.01	12	8148	卖盘
09:48:45	6.8	--	3	2040	买盘
09:48:39	6.8	--	30	20400	买盘
09:48:21	6.8	0.01	5	3400	买盘
09:48:15	6.79	-0.01	5	3395	卖盘
09:48:09	6.8	--	2	1360	买盘
09:47:57	6.8	0.01	1	680	买盘
09:47:54	6.79	-0.01	10	6790	卖盘
09:47:51	6.8	--	30	20400	买盘
09:47:45	6.8	--	10	6800	买盘
09:47:39	6.8	0.01	28	19040	买盘
09:47:36	6.79	--	95	64505	卖盘
09:47:12	6.79	-0.01	20	13580	卖盘
09:47:09	6.8	--	9	6120	买盘
09:46:54	6.8	0.01	9	6120	买盘
09:46:51	6.79	-0.01	36	24444	卖盘
09:46:45	6.8	--	10	6800	买盘
09:46:27	6.8	--	39	26520	买盘
09:46:15	6.8	--	50	34000	买盘
09:46:12	6.8	0.01	21	14280	买盘
09:46:09	6.79	-0.01	24	16296	卖盘
09:46:00	6.8	0.01	70	47600	买盘
09:45:57	6.79	--	145	98455	卖盘
09:45:27	6.79	--	15	10185	卖盘
09:45:21	6.79	--	4	2716	卖盘
09:45:12	6.79	-0.01	7	4753	卖盘
09:45:06	6.8	--	6	4080	买盘
09:44:48	6.8	--	101	68680	买盘
09:44:36	6.8	--	30	20400	买盘
09:44:27	6.8	--	167	113560	卖盘
09:44:21	6.8	--	16	10880	卖盘
09:44:12	6.8	--	20	13600	卖盘
09:44:03	6.8	-0.01	6	4386	卖盘
09:43:54	6.81	0.01	165	112365	买盘
09:43:33	6.8	-0.01	10	6800	卖盘
09:43:15	6.81	0.01	25	17025	买盘
09:43:09	6.8	--	6	4080	卖盘
09:42:54	6.8	--	15	10200	卖盘
09:42:48	6.8	0.01	102	69849	买盘
09:42:45	6.79	-0.01	10	6790	卖盘
09:42:36	6.8	--	19	12920	买盘
09:42:27	6.8	--	3	2040	买盘
09:42:24	6.8	--	159	108310	卖盘
09:42:09	6.8	--	30	20400	卖盘
09:42:03	6.8	--	1	680	卖盘
09:42:00	6.8	--	35	23800	卖盘
09:41:57	6.8	--	2	1360	卖盘
09:41:48	6.8	--	15	10200	卖盘
09:41:27	6.8	--	2	1360	卖盘
09:41:18	6.8	--	5	3400	卖盘
09:41:12	6.8	-0.01	56	38093	卖盘
09:41:09	6.81	0.01	10	6810	买盘
09:41:06	6.8	-0.01	99	67796	卖盘
09:40:54	6.81	--	26	18373	卖盘
09:40:51	6.81	-0.01	1	1355	卖盘
09:40:42	6.82	0.01	5	3410	买盘
09:40:33	6.81	--	20	13620	卖盘
09:40:30	6.81	--	57	38817	卖盘
09:40:21	6.81	--	15	10215	卖盘
09:40:15	6.81	--	63	42903	卖盘
09:40:06	6.81	--	10	6810	卖盘
09:39:54	6.81	--	50	34050	卖盘
09:39:51	6.81	-0.01	15	10215	卖盘
09:39:36	6.82	-0.01	14	9909	卖盘
09:39:30	6.83	0.01	9	6515	买盘
09:39:18	6.82	--	2	1364	卖盘
09:39:15	6.82	--	80	54560	卖盘
09:39:12	6.82	-0.01	61	41649	卖盘
09:38:57	6.83	--	71	49059	卖盘
09:38:54	6.83	--	137	93687	买盘
09:38:51	6.83	--	20	13660	买盘
09:38:39	6.83	--	10	6830	买盘
09:38:36	6.83	--	64	43712	买盘
09:38:27	6.83	--	19	12977	买盘
09:38:24	6.83	--	7	4781	买盘
09:38:03	6.83	--	31	21173	卖盘
09:38:00	6.83	0.01	9	6147	中性盘
09:37:42	6.82	-0.01	88	60016	卖盘
09:37:33	6.83	--	100	68300	买盘
09:37:27	6.83	--	43	29369	卖盘
09:37:21	6.83	--	13	8879	卖盘
09:37:12	6.83	0.01	189	129087	买盘
09:37:09	6.82	-0.01	106	72878	卖盘
09:37:03	6.83	0.01	2	1366	买盘
09:36:51	6.82	--	3	2046	卖盘
09:36:48	6.82	--	1	682	卖盘
09:36:42	6.82	--	10	6820	卖盘
09:36:33	6.82	--	8	5456	买盘
09:36:30	6.82	--	27	18414	买盘
09:36:24	6.82	0.01	150	102300	买盘
09:36:18	6.81	--	59	40179	卖盘
09:36:09	6.81	-0.01	1	681	卖盘
09:36:06	6.82	0.01	1	682	买盘
09:35:57	6.81	-0.01	1	681	卖盘
09:35:54	6.82	0.01	14	9548	买盘
09:35:51	6.81	--	1	681	卖盘
09:35:24	6.81	-0.01	5	3405	卖盘
09:35:21	6.82	0.01	13	8866	买盘
09:35:15	6.81	-0.01	48	32687	卖盘
09:35:09	6.82	--	50	34100	买盘
09:35:03	6.82	--	10	6820	买盘
09:34:57	6.82	--	3	2046	买盘
09:34:54	6.82	--	23	15686	买盘
09:34:33	6.82	--	20	13640	买盘
09:34:30	6.82	--	19	12958	买盘
09:34:27	6.82	0.01	5	3410	买盘
09:34:24	6.81	-0.01	6	4085	卖盘
09:34:15	6.82	0.01	10	6820	买盘
09:34:12	6.81	--	40	27240	卖盘
09:34:00	6.81	--	90	61290	卖盘
09:33:57	6.81	--	35	23835	卖盘
09:33:45	6.81	-0.01	10	6810	卖盘
09:33:36	6.82	--	5	3410	买盘
09:33:24	6.82	0.01	6	4092	中性盘
09:33:18	6.81	--	39	26559	卖盘
09:33:09	6.81	-0.01	8	5448	卖盘
09:33:06	6.82	--	56	38192	买盘
09:33:00	6.82	--	5	3410	买盘
09:32:48	6.82	--	16	10912	买盘
09:32:45	6.82	--	30	20460	买盘
09:32:42	6.82	0.01	13	8866	买盘
09:32:30	6.81	--	5	3405	卖盘
09:32:24	6.81	-0.01	118	80358	卖盘
09:32:21	6.82	0.01	113	77066	买盘
09:32:18	6.81	--	26	17726	卖盘
09:32:15	6.81	--	7	4767	卖盘
09:32:03	6.81	--	33	22473	买盘
09:32:00	6.81	0.01	44	29964	买盘
09:31:48	6.8	-0.01	4	2720	卖盘
09:31:42	6.81	-0.01	136	92616	卖盘
09:31:39	6.82	--	21	14322	买盘
09:31:30	6.82	--	20	13640	买盘
09:31:21	6.82	--	13	8866	买盘
09:31:15	6.82	-0.01	20	13640	卖盘
09:31:12	6.83	0.01	59	40297	买盘
09:31:09	6.82	--	1	682	卖盘
09:31:03	6.82	--	8	5456	买盘
09:30:57	6.82	--	5	3410	买盘
09:30:54	6.82	--	19	12958	买盘
09:30:51	6.82	--	146	99572	买盘
09:30:48	6.82	0.02	8	5456	买盘
09:30:45	6.8	-0.01	51	34680	卖盘
09:30:39	6.81	-0.01	3	2042	中性盘
09:30:33	6.82	0.02	297	202554	买盘
09:30:30	6.8	--	35	23800	卖盘
09:30:18	6.8	0.02	105	71400	买盘
09:30:06	6.78	--	114	77292	卖盘
09:30:03	6.78	--	407	275946	卖盘
09:30:00	6.78	--	0	0	卖盘
09:25:03	6.78	6.78	268	181704	买盘
