成交时间	成交价	价格变动	成交量(手)	成交额(元)	性质
15:00:03	8.47	--	279	236313	卖盘
14:57:00	8.47	--	20	16940	卖盘
14:56:57	8.47	--	17	14399	卖盘
14:56:54	8.47	--	5	4235	卖盘
14:56:51	8.47	--	10	8470	卖盘
14:56:45	8.47	-0.01	20	16940	卖盘
14:56:42	8.48	--	5	4240	买盘
14:56:39	8.48	0.01	23	19504	买盘
14:56:36	8.47	--	48	40656	卖盘
14:56:33	8.47	-0.01	100	84700	卖盘
14:56:30	8.48	--	25	21200	买盘
14:56:27	8.48	--	103	87344	买盘
14:56:15	8.48	--	1	848	买盘
14:56:09	8.48	--	60	50880	买盘
14:56:06	8.48	--	25	21200	买盘
14:56:00	8.48	--	5	4240	买盘
14:55:57	8.48	0.01	50	42400	买盘
14:55:54	8.47	--	25	21175	卖盘
14:55:51	8.47	-0.01	15	12705	卖盘
14:55:48	8.48	--	12	10176	买盘
14:55:45	8.48	--	129	109392	买盘
14:55:39	8.48	--	30	25440	买盘
14:55:36	8.48	--	50	42400	买盘
14:55:33	8.48	--	7	5936	买盘
14:55:30	8.48	--	40	33920	买盘
14:55:27	8.48	--	24	20352	买盘
14:55:24	8.48	--	16	13568	买盘
14:55:21	8.48	--	1	848	买盘
14:55:18	8.48	--	20	16960	买盘
14:55:15	8.48	--	17	14416	买盘
14:55:03	8.48	--	20	16960	买盘
14:55:00	8.48	--	12	10176	买盘
14:54:48	8.48	--	11	9328	买盘
14:54:45	8.48	--	12	10176	买盘
14:54:42	8.48	--	60	50880	买盘
14:54:39	8.48	--	16	13568	买盘
14:54:30	8.48	0.01	2	1696	买盘
14:54:24	8.47	--	17	14399	卖盘
14:54:21	8.47	--	25	21175	卖盘
14:54:18	8.47	--	10	8470	卖盘
14:54:15	8.47	-0.01	8	6776	卖盘
14:54:12	8.48	0.01	1	848	买盘
14:54:06	8.47	-0.01	211	178717	卖盘
14:54:00	8.48	--	2	1696	买盘
14:53:54	8.48	--	24	20352	买盘
14:53:51	8.48	0.01	20	16960	买盘
14:53:48	8.47	-0.01	15	12705	卖盘
14:53:45	8.48	--	2	1696	买盘
14:53:39	8.48	0.01	3	2544	买盘
14:53:33	8.47	-0.01	100	84700	卖盘
14:53:27	8.48	--	42	35616	买盘
14:53:24	8.48	--	20	16960	买盘
14:53:21	8.48	--	67	56816	买盘
14:53:15	8.48	--	20	16960	买盘
14:53:09	8.48	--	49	41552	买盘
14:53:06	8.48	0.01	21	17808	买盘
14:53:03	8.47	-0.01	5	4235	卖盘
14:53:00	8.48	--	31	26288	买盘
14:52:51	8.48	--	34	28832	买盘
14:52:48	8.48	--	4	3392	卖盘
14:52:45	8.48	--	80	67840	卖盘
14:52:30	8.48	-0.01	34	28832	卖盘
14:52:21	8.49	--	26	22074	买盘
14:52:15	8.49	0.01	10	8490	买盘
14:52:12	8.48	--	1	848	卖盘
14:52:06	8.48	--	6	5088	卖盘
14:52:03	8.48	--	10	8480	卖盘
14:52:00	8.48	-0.01	74	62752	卖盘
14:51:57	8.49	0.01	34	28866	买盘
14:51:54	8.48	--	100	84800	卖盘
14:51:39	8.48	--	10	8480	卖盘
14:51:36	8.48	--	50	42400	卖盘
14:51:27	8.48	-0.01	10	8480	卖盘
14:51:24	8.49	--	67	56883	买盘
14:51:15	8.49	0.01	20	16996	买盘
14:51:09	8.48	--	6	5919	买盘
14:51:06	8.48	--	12	10176	买盘
14:51:03	8.48	--	32	27136	买盘
14:51:00	8.48	--	49	41568	卖盘
14:50:57	8.48	-0.01	10	8480	卖盘
14:50:54	8.49	--	2	1698	买盘
14:50:48	8.49	0.01	37	31413	买盘
14:50:42	8.48	--	93	78864	卖盘
14:50:39	8.48	--	512	434176	卖盘
14:50:36	8.48	-0.01	71	60208	卖盘
14:50:30	8.49	0.01	51	43299	买盘
14:50:21	8.48	-0.01	100	84800	卖盘
14:50:18	8.49	0.01	95	80655	买盘
14:50:15	8.48	--	22	19419	卖盘
14:50:12	8.48	--	96	81475	卖盘
14:50:09	8.48	--	4	3392	卖盘
14:50:00	8.48	--	50	42400	卖盘
14:49:51	8.48	--	17	14416	卖盘
14:49:42	8.48	--	200	169600	卖盘
14:49:36	8.48	--	5	4240	卖盘
14:49:27	8.48	-0.01	10	8480	卖盘
14:49:24	8.49	0.01	89	75561	买盘
14:49:18	8.48	--	7	5936	卖盘
14:49:06	8.48	-0.01	94	79712	卖盘
14:49:03	8.49	0.01	5	4245	买盘
14:49:00	8.48	--	10	8480	卖盘
14:48:57	8.48	--	5	4240	卖盘
14:48:51	8.48	-0.01	2	1696	卖盘
14:48:45	8.49	0.01	29	24621	买盘
14:48:36	8.48	-0.01	25	21200	卖盘
14:48:30	8.49	0.01	10	8490	买盘
14:48:21	8.48	--	6	5088	卖盘
14:48:09	8.48	-0.01	12	10176	卖盘
14:48:00	8.49	--	26	22074	买盘
14:47:54	8.49	0.01	20	16980	买盘
14:47:51	8.48	--	3	2544	卖盘
14:47:48	8.48	--	7	5936	卖盘
14:47:45	8.48	--	5	4240	卖盘
14:47:39	8.48	--	6	5088	卖盘
14:47:33	8.48	--	94	79712	买盘
14:47:30	8.48	--	33	27984	买盘
14:47:15	8.48	--	226	191648	买盘
14:47:12	8.48	--	20	16960	买盘
14:47:09	8.48	--	13	11024	买盘
14:46:54	8.48	--	50	42400	买盘
14:46:51	8.48	--	20	16960	买盘
14:46:45	8.48	--	53	44944	买盘
14:46:42	8.48	--	58	49184	买盘
14:46:36	8.48	0.01	38	32224	买盘
14:46:33	8.47	-0.01	4	3388	卖盘
14:46:30	8.48	--	54	45792	买盘
14:46:27	8.48	--	3	2544	买盘
14:46:24	8.48	--	50	42400	买盘
14:46:21	8.48	--	58	49184	买盘
14:46:15	8.48	--	62	52576	买盘
14:46:12	8.48	--	124	105152	买盘
14:46:09	8.48	--	64	54272	买盘
14:46:03	8.48	--	5	4240	买盘
14:46:00	8.48	--	33	27984	买盘
14:45:57	8.48	0.01	18	15264	买盘
14:45:54	8.47	-0.01	50	42350	卖盘
14:45:51	8.48	--	50	42400	买盘
14:45:48	8.48	0.01	20	16960	买盘
14:45:45	8.47	-0.01	32	27104	卖盘
14:45:42	8.48	--	21	17808	买盘
14:45:33	8.48	0.01	15	12720	买盘
14:45:30	8.47	-0.01	30	25410	卖盘
14:45:27	8.48	--	36	30528	买盘
14:45:24	8.48	0.01	20	16960	买盘
14:45:21	8.47	-0.01	10	8470	卖盘
14:45:15	8.48	0.01	115	97520	买盘
14:45:09	8.47	--	13	11011	卖盘
14:45:06	8.47	-0.01	2	1694	卖盘
14:45:00	8.48	--	11	9328	买盘
14:44:57	8.48	0.01	32	27136	买盘
14:44:51	8.47	-0.01	20	16940	卖盘
14:44:45	8.48	0.01	5	4240	买盘
14:44:36	8.47	-0.01	1	847	卖盘
14:44:30	8.48	--	20	16960	买盘
14:44:27	8.48	0.01	39	33072	买盘
14:44:24	8.47	-0.01	6	5082	卖盘
14:44:21	8.48	--	36	30528	买盘
14:44:06	8.48	--	2	1696	买盘
14:44:00	8.48	--	102	86496	买盘
14:43:48	8.48	-0.01	42	35616	买盘
14:43:45	8.49	0.01	216	183655	买盘
14:43:42	8.48	-0.01	146	123808	卖盘
14:43:39	8.49	0.01	9	7641	买盘
14:43:36	8.48	--	78	66144	卖盘
14:43:30	8.48	-0.01	200	169600	卖盘
14:43:21	8.49	0.01	31	26319	买盘
14:43:18	8.48	--	161	136528	卖盘
14:43:15	8.48	--	27	22896	卖盘
14:43:12	8.48	--	200	169600	卖盘
14:43:03	8.48	--	20	16960	卖盘
14:43:00	8.48	--	6	5088	卖盘
14:42:48	8.48	--	10	8480	卖盘
14:42:42	8.48	--	30	25440	卖盘
14:42:24	8.48	-0.01	9	7632	卖盘
14:42:21	8.49	--	30	25470	买盘
14:42:18	8.49	--	7	5943	买盘
14:42:15	8.49	0.01	6	5094	买盘
14:42:12	8.48	-0.01	10	8480	卖盘
14:42:09	8.49	0.01	8	6792	买盘
14:42:06	8.48	-0.01	31	26288	卖盘
14:42:03	8.49	0.01	102	86598	买盘
14:42:00	8.48	--	50	42400	卖盘
14:41:57	8.48	-0.01	10	8480	卖盘
14:41:54	8.49	0.01	14	11886	买盘
14:41:42	8.48	--	32	27136	卖盘
14:41:39	8.48	--	30	25440	卖盘
14:41:36	8.48	--	30	25440	卖盘
14:41:30	8.48	-0.01	40	33920	卖盘
14:41:27	8.49	--	20	16980	买盘
14:41:24	8.49	0.01	31	26319	买盘
14:41:12	8.48	-0.01	60	50880	卖盘
14:41:03	8.49	--	4	3396	买盘
14:40:57	8.49	--	12	10188	买盘
14:40:54	8.49	0.01	10	8490	买盘
14:40:51	8.48	--	15	12720	卖盘
14:40:45	8.48	--	5	4240	卖盘
14:40:36	8.48	-0.01	5	4240	卖盘
14:40:30	8.49	0.01	1	849	买盘
14:40:21	8.48	--	10	8480	卖盘
14:39:54	8.48	-0.01	5	4240	卖盘
14:39:51	8.49	0.01	110	93390	买盘
14:39:42	8.48	--	10	8480	卖盘
14:39:39	8.48	--	41	34768	卖盘
14:39:36	8.48	--	20	16960	卖盘
14:39:27	8.48	--	75	63600	卖盘
14:39:18	8.48	--	7	5936	卖盘
14:39:12	8.48	--	10	8480	卖盘
14:39:00	8.48	--	7	5936	卖盘
14:38:57	8.48	--	1	1424	买盘
14:38:54	8.48	--	10	8480	买盘
14:38:51	8.48	--	114	96672	买盘
14:38:48	8.48	--	3	2544	买盘
14:38:45	8.48	--	10	8480	买盘
14:38:39	8.48	--	20	16960	买盘
14:38:30	8.48	0.01	4	3392	买盘
14:38:27	8.47	-0.01	34	29069	卖盘
14:38:18	8.48	--	6	5088	卖盘
14:38:15	8.48	--	8	7360	买盘
14:38:12	8.48	--	10	8480	买盘
14:38:06	8.48	--	35	29951	卖盘
14:38:03	8.48	--	2	2272	买盘
14:38:00	8.48	--	54	45792	买盘
14:37:57	8.48	--	4	3392	买盘
14:37:54	8.48	--	371	314608	买盘
14:37:48	8.48	--	18	15264	买盘
14:37:45	8.48	--	12	10176	买盘
14:37:42	8.48	--	5	4240	买盘
14:37:30	8.48	--	500	424000	买盘
14:37:27	8.48	--	26	22048	买盘
14:37:24	8.48	--	728	617344	买盘
14:37:21	8.48	0.01	37	31376	买盘
14:37:15	8.47	-0.01	5	4235	卖盘
14:37:00	8.48	0.01	241	204368	买盘
14:36:57	8.47	--	63	53361	卖盘
14:36:51	8.47	-0.01	2	1694	卖盘
14:36:45	8.48	0.01	14	11872	买盘
14:36:36	8.47	--	20	16940	卖盘
14:36:30	8.47	-0.01	3	2541	卖盘
14:36:24	8.48	0.01	53	44944	买盘
14:36:15	8.47	--	6	5082	卖盘
14:36:12	8.47	--	4	3388	卖盘
14:36:09	8.47	--	12	10164	卖盘
14:36:00	8.47	-0.01	200	169400	卖盘
14:35:48	8.48	0.01	20	16960	买盘
14:35:39	8.47	--	15	12705	卖盘
14:35:36	8.47	--	23	19481	卖盘
14:35:33	8.47	--	1	847	卖盘
14:35:27	8.47	--	9	7623	卖盘
14:35:18	8.47	--	2	1694	卖盘
14:35:12	8.47	--	5	4235	卖盘
14:35:00	8.47	-0.01	10	8470	卖盘
14:34:51	8.48	--	7	5936	买盘
14:34:45	8.48	0.01	11	9328	买盘
14:34:42	8.47	-0.01	6	5082	卖盘
14:34:36	8.48	0.01	52	44096	买盘
14:34:24	8.47	--	15	12705	卖盘
14:34:15	8.47	-0.01	10	8470	卖盘
14:34:12	8.48	0.01	53	44944	买盘
14:34:09	8.47	--	45	38115	卖盘
14:33:57	8.47	--	18	15246	卖盘
14:33:51	8.47	-0.01	44	37268	卖盘
14:33:48	8.48	--	54	45792	买盘
14:33:36	8.48	0.01	1	848	买盘
14:33:12	8.47	--	17	14399	卖盘
14:33:03	8.47	-0.01	1	847	卖盘
14:32:57	8.48	--	30	25440	买盘
14:32:54	8.48	0.01	30	25440	买盘
14:32:51	8.47	--	2	1694	卖盘
14:32:48	8.47	--	100	84700	卖盘
14:32:45	8.47	--	5	4235	卖盘
14:32:39	8.47	--	18	15246	卖盘
14:32:30	8.47	-0.01	10	8470	卖盘
14:32:27	8.48	0.01	3	2544	买盘
14:32:24	8.47	-0.01	2	1694	卖盘
14:32:18	8.48	0.01	30	25440	买盘
14:32:15	8.47	-0.01	6	5082	卖盘
14:31:51	8.48	--	160	135680	买盘
14:31:42	8.48	--	4	3392	买盘
14:31:36	8.48	--	4	3392	买盘
14:31:33	8.48	0.01	72	61056	买盘
14:31:30	8.47	-0.01	50	42350	卖盘
14:31:24	8.48	--	11	9328	买盘
14:31:03	8.48	--	20	16960	买盘
14:31:00	8.48	--	482	408736	买盘
14:30:57	8.48	0.01	58	49184	买盘
14:30:54	8.47	-0.01	100	84700	卖盘
14:30:51	8.48	--	12	10176	买盘
14:30:42	8.48	--	5	4240	买盘
14:30:39	8.48	--	67	56816	买盘
14:30:24	8.48	--	53	44944	买盘
14:30:21	8.48	0.01	30	25440	买盘
14:30:15	8.47	-0.01	19	16093	卖盘
14:30:12	8.48	--	2	1696	买盘
14:29:45	8.48	--	53	44944	买盘
14:29:36	8.48	0.01	10	8480	买盘
14:29:27	8.47	--	8	6776	卖盘
14:29:24	8.47	-0.01	40	33880	卖盘
14:29:18	8.48	--	7	5936	买盘
14:29:09	8.48	0.01	42	35616	买盘
14:28:42	8.47	-0.01	10	8470	卖盘
14:28:39	8.48	--	6	5088	买盘
14:28:09	8.48	0.01	12	10176	买盘
14:28:06	8.47	--	4	4192	卖盘
14:28:00	8.47	-0.01	10	8470	卖盘
14:27:57	8.48	--	10	8480	买盘
14:27:54	8.48	0.01	53	44944	买盘
14:27:51	8.47	--	136	115192	卖盘
14:27:48	8.47	--	3	2541	卖盘
14:27:18	8.47	--	49	41545	买盘
14:27:09	8.47	0.01	10	8470	买盘
14:26:51	8.46	-0.01	2	1692	卖盘
14:26:45	8.47	--	53	44891	买盘
14:26:39	8.47	--	30	25410	买盘
14:26:36	8.47	0.01	7	5929	买盘
14:26:30	8.46	-0.01	32	27072	卖盘
14:26:27	8.47	--	50	42350	买盘
14:26:12	8.47	--	13	11011	买盘
14:26:00	8.47	--	69	58443	买盘
14:25:42	8.47	0.01	33	27951	买盘
14:25:33	8.46	-0.01	100	84600	卖盘
14:25:30	8.47	0.01	83	70301	买盘
14:25:15	8.46	-0.01	20	16920	卖盘
14:25:09	8.47	--	3	2541	买盘
14:24:51	8.47	--	8	6776	买盘
14:24:45	8.47	--	76	64372	买盘
14:24:36	8.47	--	5	4235	买盘
14:24:33	8.47	--	20	16940	买盘
14:24:24	8.47	--	15	12705	买盘
14:24:21	8.47	--	112	94864	买盘
14:24:03	8.47	--	10	8470	买盘
14:24:00	8.47	--	450	381954	卖盘
14:23:33	8.47	--	20	16940	卖盘
14:23:27	8.47	--	2	1694	卖盘
14:23:24	8.47	--	1	847	卖盘
14:23:09	8.47	-0.01	2	1694	卖盘
14:23:06	8.48	0.01	20	16960	买盘
14:22:57	8.47	--	47	39851	买盘
14:22:54	8.47	--	12	10164	买盘
14:22:51	8.47	--	20	16940	买盘
14:22:45	8.47	--	720	610644	卖盘
14:22:33	8.47	--	4	3388	卖盘
14:22:30	8.47	-0.01	20	16940	卖盘
14:22:12	8.48	--	13	11024	买盘
14:21:57	8.48	--	20	16960	买盘
14:21:54	8.48	--	52	44096	买盘
14:21:51	8.48	--	30	25440	买盘
14:21:45	8.48	--	22	18656	买盘
14:21:39	8.48	0.01	1	848	买盘
14:21:33	8.47	--	9	7623	卖盘
14:21:15	8.47	-0.01	53	44899	卖盘
14:21:12	8.48	--	53	44944	买盘
14:21:09	8.48	0.01	5	4240	买盘
14:21:06	8.47	--	50	42350	卖盘
14:20:57	8.47	--	340	287980	卖盘
14:20:33	8.47	--	1	847	卖盘
14:20:27	8.47	--	20	16940	卖盘
14:20:15	8.47	--	5	4235	卖盘
14:20:03	8.47	-0.01	1	847	卖盘
14:19:48	8.48	--	5	4240	买盘
14:19:42	8.48	--	24	20352	买盘
14:19:39	8.48	--	100	84800	买盘
14:19:27	8.48	--	1	848	买盘
14:19:21	8.48	--	100	84800	买盘
14:19:18	8.48	--	9	7632	买盘
14:19:12	8.48	--	20	16960	买盘
14:19:09	8.48	--	20	16960	买盘
14:18:54	8.48	--	9	7632	买盘
14:18:51	8.48	--	30	25440	买盘
14:18:30	8.48	--	5	4240	买盘
14:18:18	8.48	--	5	4240	买盘
14:18:03	8.48	--	20	16960	买盘
14:18:00	8.48	0.01	315	267120	买盘
14:17:54	8.47	-0.01	50	42350	卖盘
14:17:51	8.48	--	12	10176	买盘
14:17:36	8.48	--	10	8480	买盘
14:17:18	8.48	--	7	5936	买盘
14:17:15	8.48	--	330	279840	买盘
14:17:09	8.48	0.01	50	42400	买盘
14:17:03	8.47	--	17	14399	卖盘
14:17:00	8.47	--	50	42350	卖盘
14:16:51	8.47	-0.01	27	22869	卖盘
14:16:48	8.48	0.01	2	1696	买盘
14:16:33	8.47	--	15	12705	卖盘
14:16:21	8.47	-0.01	10	8470	卖盘
14:16:12	8.48	0.01	8	6784	买盘
14:16:03	8.47	--	20	16940	卖盘
14:16:00	8.47	--	14	11858	卖盘
14:15:48	8.47	--	9	7656	买盘
14:15:39	8.47	0.01	100	84700	买盘
14:15:36	8.46	-0.01	3	2538	卖盘
14:15:33	8.47	0.01	80	67760	买盘
14:15:27	8.46	--	7	5922	卖盘
14:15:21	8.46	-0.01	11	9306	卖盘
14:15:18	8.47	--	34	28798	买盘
14:15:09	8.47	--	10	8470	买盘
14:15:06	8.47	--	5	4235	买盘
14:15:03	8.47	0.01	30	25410	买盘
14:14:51	8.46	-0.01	50	42300	卖盘
14:14:48	8.47	--	14	11858	买盘
14:14:45	8.47	0.01	20	16940	买盘
14:14:18	8.46	-0.01	0	59	卖盘
14:14:12	8.47	0.01	16	13552	买盘
14:14:06	8.46	--	1	846	卖盘
14:13:51	8.46	--	0	169	卖盘
14:13:42	8.46	-0.01	3	2538	卖盘
14:13:39	8.47	--	20	16940	买盘
14:13:24	8.47	--	20	16940	买盘
14:13:12	8.47	0.01	53	44891	买盘
14:13:09	8.46	-0.01	7	5922	卖盘
14:12:54	8.47	0.01	53	44891	买盘
14:12:48	8.46	--	30	25380	卖盘
14:12:24	8.46	--	30	25380	卖盘
14:12:18	8.46	--	40	33840	卖盘
14:11:54	8.46	--	45	38070	卖盘
14:11:24	8.46	-0.01	20	16920	卖盘
14:11:09	8.47	0.01	8	6776	买盘
14:10:54	8.46	-0.01	60	50760	卖盘
14:10:39	8.47	--	31	26257	买盘
14:10:36	8.47	--	26	22022	买盘
14:10:30	8.47	--	133	112651	卖盘
14:10:24	8.47	--	202	171094	买盘
14:10:21	8.47	--	17	14399	买盘
14:10:18	8.47	--	41	34727	买盘
14:10:15	8.47	0.01	5	4235	买盘
14:10:06	8.46	--	300	253800	卖盘
14:10:03	8.46	-0.01	315	266490	卖盘
14:09:30	8.47	--	2	1694	买盘
14:09:27	8.47	--	7	5929	卖盘
14:09:21	8.47	--	100	84700	卖盘
14:09:12	8.47	--	48	40656	买盘
14:08:48	8.47	--	2	1694	买盘
14:08:45	8.47	--	10	8470	买盘
14:08:42	8.47	0.01	5	4235	买盘
14:08:36	8.46	-0.01	140	118440	卖盘
14:08:30	8.47	--	211	178717	买盘
14:08:03	8.47	--	50	42350	买盘
14:08:00	8.47	--	8	6776	买盘
14:07:51	8.47	0.01	8	6776	买盘
14:07:48	8.46	-0.01	15	12690	卖盘
14:07:45	8.47	--	18	15246	买盘
14:07:33	8.47	--	10	8470	买盘
14:07:09	8.47	--	33	27951	买盘
14:06:51	8.47	--	14	11858	买盘
14:06:45	8.47	--	12	10164	买盘
14:06:42	8.47	--	10	8470	买盘
14:06:39	8.47	--	4	3388	买盘
14:06:33	8.47	--	25	21175	买盘
14:06:30	8.47	--	7	5929	卖盘
14:06:27	8.47	-0.01	4	3388	中性盘
14:05:51	8.48	--	50	42400	买盘
14:05:48	8.48	--	210	178080	买盘
14:05:39	8.48	0.02	14	11872	买盘
14:05:27	8.46	--	10	8460	卖盘
14:05:24	8.46	-0.01	50	42300	卖盘
14:05:21	8.47	--	9	8097	买盘
14:05:12	8.47	--	10	8470	买盘
14:04:45	8.47	--	4	3388	买盘
14:04:36	8.47	-0.01	99	84225	卖盘
14:04:27	8.48	0.01	27	22896	买盘
14:04:24	8.47	-0.01	30	25410	卖盘
14:04:00	8.48	--	100	84800	买盘
14:03:57	8.48	--	20	16960	买盘
14:03:51	8.48	0.01	25	21200	买盘
14:03:45	8.47	-0.01	15	12705	卖盘
14:03:30	8.48	0.01	42	36090	买盘
14:03:27	8.47	-0.01	5	4235	卖盘
14:03:24	8.48	--	16	13568	买盘
14:03:21	8.48	--	18	15264	买盘
14:03:15	8.48	0.01	19	16112	买盘
14:03:12	8.47	--	104	88875	卖盘
14:03:06	8.47	--	16	13552	卖盘
14:02:51	8.47	--	20	16940	卖盘
14:02:45	8.47	--	16	13611	买盘
14:02:42	8.47	--	19	16093	买盘
14:02:36	8.47	--	64	54208	买盘
14:02:33	8.47	--	42	35574	买盘
14:02:27	8.47	--	57	48279	买盘
14:02:15	8.47	--	785	664895	买盘
14:02:12	8.47	0.01	8	6776	买盘
14:02:06	8.46	--	10	8460	卖盘
14:02:00	8.46	-0.01	42	35532	卖盘
14:01:51	8.47	--	11	9317	买盘
14:01:18	8.47	--	101	85547	买盘
14:01:12	8.47	--	53	44891	买盘
14:01:03	8.47	--	28	23716	买盘
14:01:00	8.47	0.01	1	847	买盘
14:00:57	8.46	--	1	846	卖盘
14:00:39	8.46	-0.01	10	8460	卖盘
14:00:33	8.47	--	23	19481	买盘
14:00:27	8.47	--	2	1694	买盘
14:00:06	8.47	--	54	45738	买盘
14:00:03	8.47	--	43	36421	买盘
13:59:15	8.47	0.01	2	1694	买盘
13:59:00	8.46	-0.01	69	58374	卖盘
13:58:24	8.47	--	16	13552	买盘
13:58:03	8.47	--	11	9317	买盘
13:57:51	8.47	--	15	12705	买盘
13:57:48	8.47	--	53	44891	买盘
13:57:42	8.47	0.01	17	14399	买盘
13:57:36	8.46	--	11	9306	卖盘
13:57:18	8.46	-0.01	5	4230	卖盘
13:57:12	8.47	--	115	97405	买盘
13:56:39	8.47	0.01	50	42350	买盘
13:56:30	8.46	--	60	50760	卖盘
13:56:21	8.46	--	20	16920	卖盘
13:56:12	8.46	--	60	50760	卖盘
13:56:00	8.46	--	37	31302	买盘
13:55:33	8.46	--	88	74448	买盘
13:55:27	8.46	--	17	14382	买盘
13:55:21	8.46	--	13	10998	买盘
13:55:18	8.46	0.01	2	1692	买盘
13:54:54	8.45	-0.01	1	844	卖盘
13:54:51	8.46	--	23	19458	买盘
13:54:42	8.46	--	5	4230	买盘
13:54:36	8.46	--	2	1692	买盘
13:54:30	8.46	--	16	13536	买盘
13:54:24	8.46	-0.01	12	10152	卖盘
13:54:18	8.47	0.01	15	12705	买盘
13:54:15	8.46	0.01	47	39762	中性盘
13:54:09	8.45	-0.02	18	15209	卖盘
13:54:03	8.47	0.01	39	33033	买盘
13:53:57	8.46	--	5	4230	中性盘
13:53:51	8.46	0.01	19	16074	中性盘
13:53:18	8.45	-0.01	199	168155	卖盘
13:53:12	8.46	--	142	120132	卖盘
13:53:06	8.46	--	80	67680	买盘
13:52:57	8.46	--	24	20304	买盘
13:52:51	8.46	0.01	1	846	买盘
13:52:48	8.45	-0.01	40	33800	卖盘
13:52:45	8.46	--	53	44838	买盘
13:52:39	8.46	--	246	208116	卖盘
13:51:42	8.46	--	6	5076	卖盘
13:51:27	8.46	--	72	60912	买盘
13:51:24	8.46	0.01	53	44838	买盘
13:51:03	8.45	--	88	74360	卖盘
13:50:48	8.45	--	10	8450	卖盘
13:50:24	8.45	--	35	29574	卖盘
13:50:15	8.45	--	1	844	卖盘
13:50:09	8.45	-0.01	7	5914	卖盘
13:50:06	8.46	--	10	8460	买盘
13:49:12	8.46	--	174	147204	卖盘
13:49:09	8.46	--	20	16920	卖盘
13:49:06	8.46	--	173	146358	卖盘
13:49:03	8.46	--	3	2538	卖盘
13:48:57	8.46	-0.01	10	8460	卖盘
13:48:51	8.47	0.01	9	7623	买盘
13:48:45	8.46	-0.01	2	1692	卖盘
13:48:24	8.47	--	3	2541	买盘
13:47:57	8.47	--	18	16033	卖盘
13:47:54	8.47	--	7	5929	卖盘
13:47:51	8.47	--	190	160989	买盘
13:47:33	8.47	--	1	847	买盘
13:47:21	8.47	--	2	1694	买盘
13:47:18	8.47	--	22	18634	买盘
13:46:57	8.47	--	15	12705	买盘
13:46:33	8.47	-0.01	50	42350	卖盘
13:46:27	8.48	--	31	26288	买盘
13:46:24	8.48	0.01	5	4240	买盘
13:46:00	8.47	--	50	42350	卖盘
13:45:45	8.47	--	5	4235	卖盘
13:45:39	8.47	--	40	33880	卖盘
13:45:33	8.47	--	199	168553	买盘
13:44:54	8.47	0.01	53	44891	买盘
13:44:48	8.46	-0.01	500	423000	卖盘
13:43:54	8.47	0.01	50	42350	买盘
13:43:51	8.46	-0.01	5	4230	卖盘
13:43:39	8.47	--	6	5082	买盘
13:43:30	8.47	--	30	25410	买盘
13:43:06	8.47	0.01	65	55055	买盘
13:42:48	8.46	-0.01	100	84600	卖盘
13:42:45	8.47	--	5	4235	买盘
13:41:57	8.47	--	5	4235	买盘
13:41:48	8.47	--	21	17787	买盘
13:41:06	8.47	0.01	100	84700	买盘
13:40:57	8.46	-0.01	2	1692	卖盘
13:40:42	8.47	--	87	73689	买盘
13:40:30	8.47	--	1	847	买盘
13:40:21	8.47	--	5	4235	买盘
13:40:09	8.47	--	22	18634	买盘
13:39:54	8.47	0.01	29	24563	买盘
13:39:33	8.46	-0.01	20	16920	卖盘
13:39:15	8.47	--	7	5929	买盘
13:39:03	8.47	--	3	2541	买盘
13:38:00	8.47	--	167	141449	卖盘
13:37:33	8.47	-0.01	70	59290	卖盘
13:37:30	8.48	--	5	4240	买盘
13:37:21	8.48	--	9	7632	买盘
13:36:54	8.48	--	53	44944	买盘
13:36:27	8.48	--	10	8480	买盘
13:35:57	8.48	--	12	10176	买盘
13:35:42	8.48	--	340	288320	买盘
13:35:30	8.48	--	3	2544	买盘
13:35:21	8.48	0.01	6	5088	买盘
13:35:15	8.47	-0.01	5	4235	卖盘
13:34:57	8.48	--	7	5936	买盘
13:34:42	8.48	0.01	20	16960	买盘
13:34:39	8.47	--	1	847	卖盘
13:34:21	8.47	--	10	8470	卖盘
13:34:15	8.47	--	50	42350	卖盘
13:34:06	8.47	--	20	16940	卖盘
13:33:48	8.47	--	1	847	卖盘
13:33:42	8.47	--	60	50820	卖盘
13:33:39	8.47	-0.01	7	5929	卖盘
13:33:36	8.48	--	100	84800	买盘
13:33:24	8.48	--	17	14416	买盘
13:33:15	8.48	0.01	53	44944	买盘
13:33:12	8.47	--	9	7623	卖盘
13:32:45	8.47	--	11	9317	卖盘
13:32:03	8.47	--	50	42350	卖盘
13:31:30	8.47	--	242	204974	买盘
13:31:24	8.47	--	14	11858	买盘
13:30:48	8.47	--	90	76230	买盘
13:30:42	8.47	--	10	8470	买盘
13:29:30	8.47	0.01	100	84700	买盘
13:29:00	8.46	-0.01	108	91368	卖盘
13:28:57	8.47	--	10	8470	买盘
13:28:48	8.47	--	4	3388	买盘
13:28:21	8.47	--	53	44891	买盘
13:28:15	8.47	0.01	14	11858	买盘
13:27:57	8.46	-0.01	19	16074	卖盘
13:27:42	8.47	--	39	33033	买盘
13:27:33	8.47	--	11	9317	买盘
13:27:27	8.47	-0.01	74	62678	卖盘
13:27:24	8.48	--	14	11872	买盘
13:27:21	8.48	0.01	53	44944	买盘
13:27:06	8.47	--	20	16940	卖盘
13:26:48	8.47	-0.01	179	151613	卖盘
13:26:24	8.48	--	5	4240	买盘
13:26:12	8.48	--	65	55120	买盘
13:26:09	8.48	--	29	24592	买盘
13:25:48	8.48	0.01	12	10176	买盘
13:25:36	8.47	--	13	11011	卖盘
13:25:33	8.47	-0.01	20	16940	卖盘
13:25:00	8.48	0.01	72	61056	买盘
13:24:57	8.47	--	40	33880	卖盘
13:24:45	8.47	--	13	11011	卖盘
13:24:21	8.47	--	26	22022	卖盘
13:24:18	8.47	-0.01	10	8470	卖盘
13:24:12	8.48	0.01	84	71232	买盘
13:24:06	8.47	-0.01	12	10164	卖盘
13:23:57	8.48	0.01	20	16960	买盘
13:23:51	8.47	--	16	13552	卖盘
13:23:33	8.47	--	35	29645	买盘
13:23:24	8.47	--	1	847	买盘
13:23:00	8.47	-0.01	13	11011	卖盘
13:22:57	8.48	0.01	1	848	买盘
13:22:51	8.47	-0.01	12	10164	卖盘
13:21:48	8.48	--	5	4240	买盘
13:20:48	8.48	0.01	5	4240	买盘
13:20:24	8.47	--	5	4235	卖盘
13:20:03	8.47	--	21	18371	买盘
13:19:54	8.47	0.01	10	8470	买盘
13:19:51	8.46	--	15	12690	卖盘
13:19:48	8.46	-0.01	2	1692	卖盘
13:19:45	8.47	0.01	41	34727	买盘
13:19:15	8.46	-0.01	61	51606	卖盘
13:18:48	8.47	--	27	22869	买盘
13:18:45	8.47	--	3	2541	买盘
13:18:42	8.47	--	120	101640	买盘
13:18:12	8.47	--	1	847	买盘
13:18:09	8.47	-0.01	169	143405	卖盘
13:17:51	8.48	0.01	1	848	买盘
13:17:45	8.47	--	7	5929	卖盘
13:17:36	8.47	-0.01	20	16940	卖盘
13:17:30	8.48	0.01	20	16960	买盘
13:17:27	8.47	--	2	1694	卖盘
13:17:24	8.47	-0.01	28	23716	卖盘
13:17:18	8.48	0.01	30	25440	买盘
13:16:54	8.47	-0.01	51	43197	卖盘
13:16:42	8.48	0.01	53	44944	买盘
13:16:00	8.47	--	3	2541	卖盘
13:15:45	8.47	--	155	131285	卖盘
13:15:42	8.47	-0.01	51	43197	卖盘
13:15:39	8.48	0.01	11	9328	买盘
13:15:30	8.47	-0.01	10	8470	卖盘
13:14:48	8.48	0.01	28	23744	买盘
13:14:06	8.47	--	10	8470	卖盘
13:14:00	8.47	-0.01	22	18634	卖盘
13:13:27	8.48	0.01	51	43248	买盘
13:13:24	8.47	--	32	27104	卖盘
13:13:00	8.47	--	10	8470	卖盘
13:12:48	8.47	--	10	8470	卖盘
13:12:45	8.47	--	122	103334	卖盘
13:12:24	8.47	-0.01	1	847	卖盘
13:12:15	8.48	0.01	10	8480	买盘
13:12:09	8.47	-0.01	7	5929	卖盘
13:11:48	8.48	--	185	156880	买盘
13:11:45	8.48	--	5	4240	买盘
13:11:36	8.48	0.01	6	5088	买盘
13:11:33	8.47	-0.01	4	3388	卖盘
13:11:12	8.48	--	4	3392	买盘
13:11:03	8.48	0.01	2	1696	买盘
13:10:54	8.47	--	6	5082	卖盘
13:10:30	8.47	--	1	847	卖盘
13:10:21	8.47	-0.01	1	847	卖盘
13:10:18	8.48	--	10	8480	买盘
13:10:12	8.48	0.01	76	64448	买盘
13:09:42	8.47	--	4	3972	买盘
13:09:36	8.47	--	10	8470	买盘
13:09:27	8.47	--	355	300685	买盘
13:09:21	8.47	--	115	97405	买盘
13:09:15	8.47	0.01	1	847	买盘
13:08:48	8.46	--	30	25380	卖盘
13:08:30	8.46	--	28	23688	卖盘
13:08:15	8.46	--	19	16074	卖盘
13:07:57	8.46	-0.01	28	23688	卖盘
13:07:30	8.47	--	104	88088	买盘
13:07:27	8.47	0.01	15	12705	买盘
13:07:24	8.46	-0.01	13	10998	卖盘
13:07:00	8.47	--	4	3388	买盘
13:06:51	8.47	0.01	5	4235	买盘
13:06:48	8.46	-0.01	8	6768	卖盘
13:06:39	8.47	0.01	6	5082	买盘
13:06:30	8.46	--	25	21150	卖盘
13:06:27	8.46	-0.01	10	8460	卖盘
13:05:51	8.47	0.01	5	4235	买盘
13:05:27	8.46	--	2	1692	卖盘
13:05:24	8.46	--	20	16920	卖盘
13:05:15	8.46	-0.01	121	102814	卖盘
13:05:12	8.47	0.01	15	12705	买盘
13:05:03	8.46	--	12	10152	卖盘
13:04:57	8.46	--	10	8460	卖盘
13:04:39	8.46	--	50	42300	卖盘
13:03:51	8.46	--	26	21996	卖盘
13:03:48	8.46	--	15	12690	卖盘
13:03:06	8.46	--	152	128592	卖盘
13:03:00	8.46	-0.01	38	32148	卖盘
13:02:27	8.47	0.01	22	18634	买盘
13:02:24	8.46	-0.01	15	12690	卖盘
13:02:00	8.47	0.01	3	2541	买盘
13:01:45	8.46	--	5	4230	卖盘
13:01:36	8.46	--	120	101520	卖盘
13:01:18	8.46	-0.01	9	7614	卖盘
13:00:45	8.47	--	10	8470	买盘
13:00:39	8.47	0.01	10	8470	买盘
13:00:15	8.46	-0.01	1	846	卖盘
13:00:09	8.47	0.01	6	5082	买盘
13:00:03	8.46	--	63	53298	买盘
13:00:00	8.46	--	0	0	买盘
11:30:00	8.46	--	0	0	买盘
11:29:57	8.46	--	7	5922	买盘
11:29:42	8.46	--	50	42300	买盘
11:28:48	8.46	--	25	21150	买盘
11:28:42	8.46	--	69	58374	买盘
11:28:30	8.46	--	1	846	买盘
11:28:03	8.46	--	12	10152	买盘
11:27:42	8.46	--	23	19458	卖盘
11:27:33	8.46	--	1	846	卖盘
11:27:27	8.46	--	100	84600	卖盘
11:27:24	8.46	--	10	8460	卖盘
11:27:00	8.46	--	66	55836	买盘
11:26:48	8.46	0.01	51	43146	买盘
11:26:45	8.45	-0.01	40	33800	卖盘
11:26:33	8.46	0.01	30	25380	买盘
11:26:06	8.45	--	5	4225	卖盘
11:25:54	8.45	-0.01	1	844	卖盘
11:25:27	8.46	0.01	22	18612	买盘
11:25:18	8.45	--	12	10156	买盘
11:25:15	8.45	--	10	8450	买盘
11:25:06	8.45	--	43	36335	买盘
11:25:03	8.45	--	100	84500	买盘
11:24:57	8.45	--	12	10140	买盘
11:24:39	8.45	--	97	81965	买盘
11:24:33	8.45	0.01	200	169000	买盘
11:24:24	8.44	--	2	1688	卖盘
11:23:57	8.44	--	7	5908	卖盘
11:23:54	8.44	--	6	5064	卖盘
11:23:51	8.44	--	30	25320	卖盘
11:23:45	8.44	--	5	4220	卖盘
11:23:39	8.44	--	29	24476	卖盘
11:23:36	8.44	--	1	844	卖盘
11:23:24	8.44	--	24	20256	卖盘
11:23:18	8.44	--	24	20256	卖盘
11:23:15	8.44	--	200	168800	卖盘
11:22:45	8.44	-0.01	20	16880	卖盘
11:22:30	8.45	--	8	6759	买盘
11:22:21	8.45	--	10	8450	买盘
11:22:00	8.45	--	19	16054	买盘
11:21:57	8.45	--	4	3379	买盘
11:21:54	8.45	--	55	46474	卖盘
11:21:45	8.45	--	133	112384	卖盘
11:21:42	8.45	--	20	16900	卖盘
11:21:36	8.45	--	10	8450	卖盘
11:21:21	8.45	--	20	16900	卖盘
11:21:12	8.45	--	52	43939	卖盘
11:21:00	8.45	--	96	81120	卖盘
11:20:57	8.45	--	100	84500	卖盘
11:20:42	8.45	--	38	32109	卖盘
11:20:39	8.45	--	100	84500	卖盘
11:19:57	8.45	-0.01	10	8450	卖盘
11:19:48	8.46	0.01	50	42300	买盘
11:19:09	8.45	-0.01	2	1689	卖盘
11:19:06	8.46	--	40	33840	买盘
11:18:57	8.46	--	5	4230	买盘
11:18:54	8.46	--	28	23688	卖盘
11:18:51	8.46	-0.01	10	8460	卖盘
11:18:45	8.47	0.01	50	42350	买盘
11:18:42	8.46	-0.01	3	2538	卖盘
11:18:30	8.47	0.01	2	1694	买盘
11:18:21	8.46	-0.01	10	8460	卖盘
11:17:39	8.47	0.01	2	1694	买盘
11:17:36	8.46	-0.01	21	17766	卖盘
11:17:33	8.47	0.01	33	27951	买盘
11:17:24	8.46	--	15	12690	卖盘
11:17:12	8.46	-0.01	25	21150	卖盘
11:17:03	8.47	0.01	5	4235	买盘
11:16:54	8.46	--	10	8460	卖盘
11:16:51	8.46	-0.01	9	7614	卖盘
11:16:45	8.47	0.01	20	16940	买盘
11:16:39	8.46	--	5	4230	卖盘
11:16:33	8.46	--	3	2538	卖盘
11:16:09	8.46	--	71	60066	买盘
11:16:03	8.46	--	19	16074	卖盘
11:15:36	8.46	--	77	65142	卖盘
11:15:21	8.46	--	35	29610	卖盘
11:15:06	8.46	0.01	15	12690	买盘
11:14:57	8.45	--	14	11829	卖盘
11:14:54	8.45	-0.01	19	16054	卖盘
11:14:51	8.46	--	7	5922	买盘
11:14:30	8.46	--	8	6768	卖盘
11:14:24	8.46	--	1	846	卖盘
11:14:18	8.46	--	41	34686	买盘
11:14:09	8.46	--	12	10152	买盘
11:14:06	8.46	--	2	1692	买盘
11:14:00	8.46	--	11	9306	买盘
11:13:57	8.46	--	6	5076	卖盘
11:13:51	8.46	--	44	37224	买盘
11:13:30	8.46	--	50	42300	买盘
11:13:27	8.46	--	16	13536	买盘
11:13:15	8.46	--	1	846	买盘
11:13:09	8.46	--	14	11844	买盘
11:12:42	8.46	--	200	169200	买盘
11:12:36	8.46	--	28	23688	卖盘
11:12:30	8.46	--	16	13536	卖盘
11:12:24	8.46	--	5	4230	卖盘
11:12:18	8.46	--	5	4230	卖盘
11:12:12	8.46	--	5	4230	卖盘
11:11:57	8.46	--	10	8460	卖盘
11:11:54	8.46	--	99	83754	卖盘
11:11:36	8.46	--	10	8460	卖盘
11:11:27	8.46	--	10	8460	卖盘
11:11:21	8.46	--	9	7614	卖盘
11:11:09	8.46	-0.01	9	7614	卖盘
11:11:06	8.47	0.01	12	10164	买盘
11:11:03	8.46	--	10	8460	卖盘
11:11:00	8.46	-0.01	50	42300	卖盘
11:10:33	8.47	0.01	84	71148	买盘
11:10:24	8.46	-0.01	33	27918	卖盘
11:10:09	8.47	--	1	847	买盘
11:09:45	8.47	0.01	10	8470	买盘
11:09:42	8.46	-0.01	6	5076	卖盘
11:09:27	8.47	--	10	8470	买盘
11:09:18	8.47	--	28	23716	卖盘
11:08:54	8.47	--	1	847	卖盘
11:08:48	8.47	--	14	11858	买盘
11:08:39	8.47	--	30	25410	买盘
11:08:27	8.47	--	6	5082	卖盘
11:08:12	8.47	--	5	4235	卖盘
11:08:09	8.47	--	7	5929	卖盘
11:08:00	8.47	--	79	66913	卖盘
11:07:48	8.47	--	10	8470	卖盘
11:07:27	8.47	--	4	3388	卖盘
11:07:21	8.47	--	5	4235	卖盘
11:07:15	8.47	--	10	8470	卖盘
11:07:12	8.47	--	4	3388	卖盘
11:07:06	8.47	--	293	248171	卖盘
11:07:03	8.47	-0.01	10	8470	卖盘
11:06:42	8.48	--	3	2544	买盘
11:06:33	8.48	--	11	9328	买盘
11:06:24	8.48	--	50	42662	卖盘
11:06:21	8.48	--	70	59360	卖盘
11:06:15	8.48	--	200	169600	卖盘
11:06:12	8.48	--	10	8480	卖盘
11:06:06	8.48	--	10	8480	卖盘
11:06:00	8.48	-0.01	18	15264	卖盘
11:05:57	8.49	0.01	25	21225	买盘
11:05:48	8.48	-0.01	50	42400	卖盘
11:05:45	8.49	0.01	108	91692	买盘
11:05:42	8.48	-0.01	50	42400	卖盘
11:04:51	8.49	--	9	7641	买盘
11:04:09	8.49	0.01	144	122256	买盘
11:04:06	8.48	-0.01	20	16960	卖盘
11:04:03	8.49	--	1	849	买盘
11:03:51	8.49	--	15	12735	买盘
11:03:36	8.49	--	18	15282	买盘
11:03:33	8.49	--	15	12735	买盘
11:03:12	8.49	--	6	5094	买盘
11:03:06	8.49	--	22	18678	买盘
11:02:57	8.49	--	27	22923	买盘
11:02:51	8.49	--	50	42450	买盘
11:02:48	8.49	--	65	55185	买盘
11:02:45	8.49	0.01	22	18678	买盘
11:02:33	8.48	-0.01	4	3392	卖盘
11:02:24	8.49	--	10	8490	买盘
11:02:21	8.49	0.01	5	4245	买盘
11:02:15	8.48	-0.01	5	4240	卖盘
11:02:12	8.49	0.01	5	4245	买盘
11:02:09	8.48	--	13	11024	卖盘
11:02:06	8.48	--	30	25440	卖盘
11:01:57	8.48	--	10	8480	卖盘
11:01:51	8.48	--	200	169600	卖盘
11:01:39	8.48	--	141	120153	买盘
11:01:30	8.48	0.01	808	685184	买盘
11:01:27	8.47	-0.01	30	25410	卖盘
11:01:21	8.48	--	6	5088	买盘
11:00:54	8.48	0.01	80	67840	买盘
11:00:39	8.47	-0.01	119	100793	卖盘
11:00:33	8.48	0.01	49	41552	买盘
11:00:09	8.47	--	1	847	卖盘
11:00:06	8.47	--	10	8470	卖盘
10:59:45	8.47	--	2	1694	卖盘
10:58:51	8.47	--	3	2541	卖盘
10:58:15	8.47	--	4	3388	卖盘
10:58:12	8.47	--	1	847	卖盘
10:58:03	8.47	--	5	4235	卖盘
10:57:30	8.47	-0.01	9	7623	卖盘
10:57:18	8.48	0.01	2	1696	买盘
10:57:00	8.47	-0.01	20	16940	卖盘
10:56:48	8.48	0.01	10	8480	买盘
10:56:45	8.47	-0.01	40	33880	卖盘
10:56:30	8.48	0.01	5	4240	买盘
10:56:21	8.47	-0.01	10	8470	卖盘
10:56:18	8.48	0.01	8	6784	买盘
10:56:06	8.47	-0.01	60	50820	卖盘
10:55:33	8.48	--	50	42400	买盘
10:55:24	8.48	0.01	1	848	买盘
10:54:18	8.47	-0.01	5	4235	卖盘
10:54:12	8.48	0.01	10	8480	买盘
10:53:57	8.47	--	62	52514	买盘
10:53:33	8.47	--	30	25410	买盘
10:53:27	8.47	0.01	8	6776	买盘
10:53:24	8.46	-0.01	30	25380	卖盘
10:53:21	8.47	--	9	7623	买盘
10:53:12	8.47	--	55	46585	买盘
10:52:45	8.47	--	10	8470	买盘
10:52:30	8.47	--	2	1694	买盘
10:52:15	8.47	0.01	1	847	买盘
10:52:00	8.46	--	26	21996	卖盘
10:51:57	8.46	--	20	16920	卖盘
10:51:48	8.46	--	1	846	卖盘
10:51:06	8.46	--	154	130284	卖盘
10:51:03	8.46	--	3	2538	卖盘
10:50:51	8.46	-0.01	20	16920	卖盘
10:50:36	8.47	--	2	1694	买盘
10:50:21	8.47	--	52	44044	卖盘
10:49:57	8.47	--	10	8470	卖盘
10:49:54	8.47	--	20	16940	卖盘
10:49:48	8.47	--	49	41503	买盘
10:49:39	8.47	--	22	18634	买盘
10:49:21	8.47	--	3	2541	买盘
10:48:45	8.47	--	6	5082	买盘
10:48:36	8.47	--	14	11858	买盘
10:48:27	8.47	--	7	5929	卖盘
10:48:21	8.47	--	20	16940	卖盘
10:48:09	8.47	-0.01	55	46585	卖盘
10:47:51	8.48	0.01	19	16112	买盘
10:47:45	8.47	-0.01	19	16093	卖盘
10:47:27	8.48	--	50	42400	买盘
10:46:48	8.48	0.01	1	848	买盘
10:46:39	8.47	--	150	127050	卖盘
10:45:42	8.47	--	8	6776	卖盘
10:45:30	8.47	-0.01	10	8470	卖盘
10:45:27	8.48	--	5	4240	买盘
10:44:54	8.48	0.01	40	33920	买盘
10:44:45	8.47	--	3	2541	卖盘
10:44:24	8.47	-0.01	11	9317	卖盘
10:44:15	8.48	--	100	84800	买盘
10:43:42	8.48	--	10	8480	买盘
10:43:12	8.48	0.01	110	93280	买盘
10:42:54	8.47	--	7	5996	买盘
10:42:48	8.47	-0.01	2	2473	卖盘
10:42:45	8.48	0.01	2	1696	买盘
10:42:27	8.47	--	10	8470	卖盘
10:42:24	8.47	--	10	8470	卖盘
10:42:03	8.47	--	1	914	买盘
10:41:57	8.47	--	10	8470	买盘
10:41:54	8.47	--	7	5929	买盘
10:41:48	8.47	-0.01	1	1626	卖盘
10:41:45	8.48	0.01	3	2544	买盘
10:41:39	8.47	--	10	8470	卖盘
10:41:33	8.47	--	25	21175	卖盘
10:41:27	8.47	0.01	172	145751	买盘
10:41:21	8.46	--	57	48222	卖盘
10:41:15	8.46	--	30	25380	卖盘
10:41:00	8.46	--	15	12690	卖盘
10:40:51	8.46	--	20	16920	卖盘
10:40:45	8.46	--	10	8460	卖盘
10:40:42	8.46	--	2	1692	卖盘
10:40:33	8.46	--	100	84600	卖盘
10:40:30	8.46	--	1	846	卖盘
10:40:27	8.46	--	5	4230	卖盘
10:40:09	8.46	--	40	33840	卖盘
10:40:06	8.46	--	30	25380	卖盘
10:39:42	8.46	--	1	846	卖盘
10:39:39	8.46	--	10	8460	卖盘
10:39:24	8.46	-0.01	324	274104	卖盘
10:39:18	8.47	--	100	84700	买盘
10:39:12	8.47	--	10	8470	买盘
10:38:48	8.47	0.01	10	8470	买盘
10:38:45	8.46	-0.01	4	3384	卖盘
10:38:39	8.47	--	2	1694	买盘
10:38:36	8.47	--	8	7555	卖盘
10:38:33	8.47	--	50	42350	卖盘
10:38:27	8.47	--	140	118580	卖盘
10:38:09	8.47	--	21	17787	卖盘
10:38:06	8.47	--	252	213444	卖盘
10:38:00	8.47	--	10	8470	卖盘
10:37:57	8.47	--	165	139755	卖盘
10:37:42	8.47	-0.01	1	847	卖盘
10:37:39	8.48	0.01	7	5936	买盘
10:37:33	8.47	--	117	99099	卖盘
10:37:15	8.47	--	10	8470	卖盘
10:37:06	8.47	-0.01	20	16940	卖盘
10:36:45	8.48	--	5	4240	买盘
10:36:39	8.48	0.01	28	23744	买盘
10:36:30	8.47	-0.01	3	2541	卖盘
10:36:15	8.48	--	135	114480	买盘
10:35:54	8.48	--	8	6784	买盘
10:35:36	8.48	--	1	848	买盘
10:35:33	8.48	0.01	45	38160	买盘
10:35:30	8.47	-0.01	6	5082	卖盘
10:35:18	8.48	0.01	6	5088	买盘
10:35:15	8.47	-0.01	11	9317	卖盘
10:35:12	8.48	--	10	8480	买盘
10:35:00	8.48	--	3	2806	卖盘
10:34:57	8.48	--	10	8480	卖盘
10:34:54	8.48	--	44	37897	买盘
10:34:51	8.48	0.01	5	4240	买盘
10:34:45	8.47	-0.01	5	4235	卖盘
10:34:24	8.48	--	8	6784	卖盘
10:34:18	8.48	--	12	10176	买盘
10:34:12	8.48	--	19	16112	买盘
10:34:09	8.48	--	5	4240	卖盘
10:34:03	8.48	--	50	42400	中性盘
10:33:57	8.48	--	15	12720	买盘
10:33:45	8.48	--	115	97520	卖盘
10:33:15	8.48	--	4	3392	卖盘
10:33:12	8.48	--	10	8480	卖盘
10:33:03	8.48	--	5	4240	卖盘
10:32:51	8.48	--	35	29680	卖盘
10:32:42	8.48	--	12	10176	卖盘
10:32:30	8.48	--	16	13568	卖盘
10:32:27	8.48	--	24	20352	买盘
10:32:24	8.48	--	10	8480	买盘
10:32:12	8.48	--	48	40704	买盘
10:32:09	8.48	--	6	5088	卖盘
10:32:06	8.48	--	10	8480	卖盘
10:31:51	8.48	--	10	8480	卖盘
10:31:48	8.48	--	50	42400	卖盘
10:31:42	8.48	--	1	848	卖盘
10:31:33	8.48	--	44	37312	买盘
10:31:30	8.48	--	25	21200	买盘
10:31:27	8.48	--	10	8480	买盘
10:31:21	8.48	0.01	60	50880	买盘
10:31:18	8.47	-0.01	15	12705	卖盘
10:31:00	8.48	--	5	4240	买盘
10:30:57	8.48	--	100	84800	买盘
10:30:51	8.48	--	1	848	买盘
10:30:48	8.48	0.01	20	16960	买盘
10:30:42	8.47	-0.01	20	16940	卖盘
10:30:39	8.48	--	5	4240	买盘
10:30:30	8.48	--	1	848	买盘
10:30:15	8.48	--	8	6784	买盘
10:30:03	8.48	0.01	50	42400	买盘
10:29:57	8.47	-0.01	12	10164	卖盘
10:29:21	8.48	0.01	8	6784	买盘
10:28:54	8.47	--	55	46585	卖盘
10:28:36	8.47	-0.01	200	169400	卖盘
10:28:27	8.48	--	20	16960	买盘
10:28:15	8.48	--	9	7632	买盘
10:27:39	8.48	--	5	4240	买盘
10:27:33	8.48	0.01	330	279840	买盘
10:27:24	8.47	-0.01	1	847	卖盘
10:27:21	8.48	--	5	4240	买盘
10:27:15	8.48	--	5	4240	买盘
10:26:57	8.48	0.01	83	70384	买盘
10:26:54	8.47	--	4	3388	卖盘
10:26:51	8.47	-0.01	10	8470	卖盘
10:26:48	8.48	--	46	39008	买盘
10:26:45	8.48	--	64	54272	买盘
10:26:42	8.48	--	197	167056	卖盘
10:26:12	8.48	--	124	105152	买盘
10:26:09	8.48	0.01	110	93280	买盘
10:26:06	8.47	-0.01	2	1694	卖盘
10:26:03	8.48	--	117	99216	买盘
10:25:51	8.48	0.01	10	8480	买盘
10:25:48	8.47	-0.01	17	14399	卖盘
10:25:42	8.48	--	60	50880	买盘
10:25:39	8.48	0.01	3	2544	买盘
10:25:33	8.47	-0.01	9	7623	卖盘
10:25:27	8.48	--	10	8480	买盘
10:25:21	8.48	--	100	84800	买盘
10:25:18	8.48	--	20	16960	买盘
10:25:15	8.48	0.01	1	848	买盘
10:25:03	8.47	-0.01	8	6776	卖盘
10:25:00	8.48	0.01	83	70384	买盘
10:24:39	8.47	-0.01	100	84700	卖盘
10:24:30	8.48	0.01	1	848	买盘
10:24:18	8.47	--	4	3388	卖盘
10:24:06	8.47	--	10	8470	卖盘
10:24:03	8.47	--	14	11858	卖盘
10:24:00	8.47	-0.01	20	16940	卖盘
10:23:57	8.48	0.01	4	3392	买盘
10:23:51	8.47	--	17	14399	卖盘
10:23:39	8.47	--	6	5082	卖盘
10:23:27	8.47	--	1	847	卖盘
10:23:24	8.47	-0.01	57	48279	卖盘
10:23:21	8.48	--	5	4240	买盘
10:22:57	8.48	0.01	11	9328	买盘
10:22:54	8.47	-0.01	8	6776	卖盘
10:22:45	8.48	0.01	3	2544	买盘
10:22:42	8.47	-0.01	200	169400	卖盘
10:22:39	8.48	--	13	11024	买盘
10:22:36	8.48	--	12	10176	买盘
10:22:30	8.48	--	14	11872	买盘
10:22:27	8.48	--	10	8480	买盘
10:22:06	8.48	0.01	60	50880	买盘
10:22:03	8.47	-0.01	8	6776	卖盘
10:22:00	8.48	--	10	8480	买盘
10:21:57	8.48	--	5	4240	买盘
10:21:51	8.48	--	10	8480	买盘
10:21:48	8.48	--	14	11872	买盘
10:21:36	8.48	--	23	19504	买盘
10:21:33	8.48	--	7	5936	买盘
10:21:27	8.48	--	3	2544	买盘
10:21:18	8.48	--	112	94976	买盘
10:21:15	8.48	--	4	3392	买盘
10:21:09	8.48	--	2	1696	买盘
10:21:03	8.48	--	20	16960	买盘
10:20:57	8.48	--	6	5088	买盘
10:20:54	8.48	--	10	8480	买盘
10:20:45	8.48	--	1	848	买盘
10:20:42	8.48	--	1	848	买盘
10:20:39	8.48	--	2	1696	买盘
10:20:36	8.48	0.01	5	4240	买盘
10:20:30	8.47	-0.01	19	16093	卖盘
10:20:24	8.48	0.01	10	8480	买盘
10:20:21	8.47	-0.01	1	847	卖盘
10:20:12	8.48	--	6	5088	买盘
10:20:09	8.48	0.01	15	12720	买盘
10:20:03	8.47	--	100	84700	卖盘
10:19:54	8.47	-0.01	23	19481	卖盘
10:19:51	8.48	0.01	44	37312	买盘
10:19:42	8.47	--	5	4235	卖盘
10:19:30	8.47	--	27	22869	卖盘
10:19:24	8.47	--	9	7623	卖盘
10:19:21	8.47	--	629	532830	买盘
10:19:15	8.47	0.01	6	5082	买盘
10:18:57	8.46	--	2	1692	卖盘
10:18:54	8.46	--	5	4230	卖盘
10:18:51	8.46	--	10	8460	卖盘
10:18:39	8.46	--	10	8460	卖盘
10:18:15	8.46	-0.01	58	49068	卖盘
10:18:12	8.47	--	190	160930	买盘
10:17:45	8.47	--	2	1694	买盘
10:17:39	8.47	--	37	31339	买盘
10:17:30	8.47	--	20	16940	买盘
10:17:21	8.47	--	1	847	买盘
10:17:18	8.47	--	43	36421	买盘
10:17:09	8.47	--	60	50820	买盘
10:17:06	8.47	--	10	8470	买盘
10:17:03	8.47	--	1	847	买盘
10:16:51	8.47	0.01	145	122815	买盘
10:16:48	8.46	--	20	16920	卖盘
10:16:45	8.46	--	5	4230	卖盘
10:16:39	8.46	--	10	8460	卖盘
10:16:03	8.46	--	10	8460	卖盘
10:15:48	8.46	-0.01	7	5922	卖盘
10:15:42	8.47	0.01	20	16940	买盘
10:15:33	8.46	-0.01	60	50760	卖盘
10:15:30	8.47	0.01	88	74536	买盘
10:15:27	8.46	--	1	846	卖盘
10:15:24	8.46	--	17	14382	卖盘
10:15:12	8.46	--	13	10998	卖盘
10:14:48	8.46	--	2	1692	卖盘
10:14:39	8.46	--	19	16074	卖盘
10:14:21	8.46	-0.01	30	25380	卖盘
10:13:51	8.47	--	113	95711	买盘
10:13:39	8.47	--	2	1694	买盘
10:13:24	8.47	--	12	10943	卖盘
10:13:21	8.47	--	1	847	卖盘
10:13:18	8.47	--	57	48279	卖盘
10:13:15	8.47	--	8	6776	卖盘
10:13:06	8.47	--	17	14466	买盘
10:12:57	8.47	--	3	2541	买盘
10:12:54	8.47	-0.01	122	104113	卖盘
10:12:48	8.48	0.01	25	21200	买盘
10:12:45	8.47	--	9	7623	卖盘
10:12:39	8.47	--	129	109263	卖盘
10:12:27	8.47	--	55	46585	卖盘
10:12:18	8.47	--	41	34727	卖盘
10:12:12	8.47	0.02	808	684443	买盘
10:11:57	8.45	--	6	5070	卖盘
10:11:45	8.45	--	26	21969	买盘
10:11:39	8.45	--	20	16900	买盘
10:11:36	8.45	--	10	8450	买盘
10:11:30	8.45	0.01	7	5914	卖盘
10:11:27	8.44	-0.01	32	27008	卖盘
10:11:21	8.45	--	9	7604	卖盘
10:11:18	8.45	--	92	77740	买盘
10:11:09	8.45	--	17	14364	买盘
10:11:06	8.45	--	21	17745	买盘
10:10:48	8.45	0.01	20	16900	中性盘
10:10:18	8.44	-0.02	40	33760	卖盘
10:10:12	8.46	0.01	507	428922	买盘
10:10:09	8.45	--	6	5070	买盘
10:09:45	8.45	--	1	844	买盘
10:09:33	8.45	--	5	4225	卖盘
10:09:21	8.45	--	1	844	买盘
10:09:12	8.45	--	66	55769	买盘
10:09:03	8.45	--	20	16900	买盘
10:09:00	8.45	--	46	38870	买盘
10:08:36	8.45	--	43	36335	买盘
10:08:33	8.45	0.01	23	19435	买盘
10:08:21	8.44	-0.01	11	9284	卖盘
10:08:18	8.45	0.01	10	8450	买盘
10:08:15	8.44	--	16	13504	卖盘
10:07:48	8.44	-0.01	4	3376	卖盘
10:07:42	8.45	0.01	50	42250	买盘
10:07:18	8.44	-0.01	161	135884	卖盘
10:07:09	8.45	--	10	8450	买盘
10:07:03	8.45	--	12	10140	买盘
10:06:57	8.45	-0.01	82	69290	卖盘
10:06:51	8.46	0.01	112	94752	买盘
10:06:48	8.45	-0.01	10	8450	卖盘
10:06:39	8.46	0.01	13	10998	买盘
10:06:36	8.45	-0.01	21	17745	卖盘
10:06:33	8.46	0.01	27	22842	买盘
10:06:24	8.45	--	5	4225	买盘
10:06:18	8.45	-0.01	21	17745	卖盘
10:06:09	8.46	--	6	5076	买盘
10:05:57	8.46	0.01	10	8460	买盘
10:05:54	8.45	-0.01	310	261949	卖盘
10:05:45	8.46	--	18	15228	买盘
10:05:30	8.46	--	7	5922	买盘
10:05:21	8.46	--	50	42300	买盘
10:05:12	8.46	--	10	8460	买盘
10:05:00	8.46	0.01	17	14382	买盘
10:04:54	8.45	--	3	2535	卖盘
10:04:45	8.45	-0.01	3	2535	卖盘
10:04:36	8.46	--	13	10998	买盘
10:04:21	8.46	0.01	4	3384	买盘
10:04:15	8.45	-0.01	20	16900	卖盘
10:04:12	8.46	--	10	8460	买盘
10:03:51	8.46	--	5	4230	买盘
10:03:42	8.46	--	1	846	卖盘
10:03:39	8.46	--	12	10152	卖盘
10:03:33	8.46	--	7	5922	卖盘
10:03:27	8.46	--	124	104904	卖盘
10:03:18	8.46	--	5	4230	卖盘
10:03:12	8.46	--	22	18612	卖盘
10:03:00	8.46	--	2	1692	卖盘
10:02:54	8.46	--	7	5922	卖盘
10:02:36	8.46	--	8	6768	卖盘
10:02:12	8.46	-0.01	10	8460	卖盘
10:01:54	8.47	0.01	5	4235	买盘
10:01:33	8.46	--	5	4230	卖盘
10:01:27	8.46	--	2	1692	卖盘
10:01:09	8.46	-0.01	35	29610	卖盘
10:01:06	8.47	--	76	64372	买盘
10:00:33	8.47	0.01	30	25410	买盘
10:00:30	8.46	-0.01	25	21150	卖盘
10:00:27	8.47	0.01	39	33033	买盘
10:00:24	8.46	--	7	5922	卖盘
10:00:18	8.46	-0.01	10	8460	卖盘
10:00:15	8.47	--	140	118580	买盘
09:59:42	8.47	--	10	8470	买盘
09:59:18	8.47	--	3	2541	买盘
09:59:09	8.47	--	10	8470	买盘
09:58:54	8.47	0.01	10	8470	买盘
09:58:45	8.46	--	6	5076	卖盘
09:58:09	8.46	--	9	7614	卖盘
09:58:00	8.46	--	1	846	卖盘
09:57:42	8.46	--	54	45684	买盘
09:57:18	8.46	--	4	3384	买盘
09:56:57	8.46	0.01	5	4230	买盘
09:56:51	8.45	-0.01	11	9295	卖盘
09:56:39	8.46	--	15	12690	买盘
09:56:24	8.46	--	51	43146	买盘
09:56:15	8.46	--	20	16920	买盘
09:55:57	8.46	--	27	22842	买盘
09:55:45	8.46	--	11	9306	买盘
09:55:36	8.46	0.01	10	8460	买盘
09:55:27	8.45	-0.01	28	23659	卖盘
09:55:18	8.46	--	77	65142	买盘
09:55:12	8.46	--	42	35532	买盘
09:55:03	8.46	--	3	2538	买盘
09:55:00	8.46	--	2	1692	买盘
09:54:45	8.46	0.01	61	51606	买盘
09:54:42	8.45	-0.01	130	109849	卖盘
09:54:33	8.46	--	2	1692	买盘
09:54:03	8.46	--	1	846	买盘
09:54:00	8.46	0.01	45	38070	买盘
09:53:48	8.45	--	10	8450	卖盘
09:53:30	8.45	--	8	6759	卖盘
09:53:12	8.45	--	20	16900	卖盘
09:53:09	8.45	--	40	33800	卖盘
09:53:06	8.45	--	7	5914	卖盘
09:53:00	8.45	--	128	108159	卖盘
09:52:51	8.45	--	2	1689	卖盘
09:52:45	8.45	--	1	844	卖盘
09:52:42	8.45	--	20	16900	卖盘
09:52:39	8.45	--	12	10140	卖盘
09:52:36	8.45	--	30	25349	卖盘
09:52:18	8.45	--	30	25349	卖盘
09:52:06	8.45	--	20	16900	卖盘
09:52:03	8.45	--	8	6759	卖盘
09:51:57	8.45	--	10	8450	卖盘
09:51:54	8.45	--	24	20280	卖盘
09:51:42	8.45	--	13	10984	卖盘
09:51:39	8.45	--	1	844	卖盘
09:51:36	8.45	--	20	16900	卖盘
09:51:30	8.45	-0.01	8	6759	卖盘
09:51:27	8.46	--	6	5076	买盘
09:51:00	8.46	-0.01	2	1692	中性盘
09:50:33	8.47	--	12	10164	买盘
09:50:27	8.47	0.01	32	27104	买盘
09:50:24	8.46	--	119	100674	卖盘
09:50:15	8.46	--	40	33840	卖盘
09:50:09	8.46	--	38	32148	卖盘
09:50:03	8.46	-0.01	10	8460	卖盘
09:50:00	8.47	0.01	23	19481	买盘
09:49:57	8.46	--	5	4230	卖盘
09:49:42	8.46	--	45	38070	卖盘
09:49:36	8.46	--	345	291870	卖盘
09:49:27	8.46	-0.01	1	846	卖盘
09:49:18	8.47	--	2	1694	买盘
09:48:30	8.47	--	10	8470	买盘
09:48:21	8.47	0.01	4	3388	买盘
09:48:09	8.46	-0.01	20	16920	卖盘
09:48:06	8.47	--	7	5929	买盘
09:48:03	8.47	0.01	2	1694	买盘
09:48:00	8.46	--	2	1692	卖盘
09:47:45	8.46	-0.01	7	5922	卖盘
09:47:33	8.47	--	10	8470	买盘
09:47:30	8.47	0.01	2	1694	买盘
09:47:27	8.46	-0.01	14	11844	卖盘
09:47:18	8.47	--	5	4235	买盘
09:47:09	8.47	--	12	10164	买盘
09:47:03	8.47	--	162	137214	卖盘
09:47:00	8.47	--	33	27951	卖盘
09:46:57	8.47	--	10	8470	卖盘
09:46:24	8.47	-0.01	5	4235	卖盘
09:46:21	8.48	--	5	4240	买盘
09:46:15	8.48	0.01	23	19504	买盘
09:46:09	8.47	-0.01	10	8470	卖盘
09:46:06	8.48	--	17	14416	买盘
09:45:57	8.48	--	39	33072	买盘
09:45:51	8.48	--	36	30528	买盘
09:45:39	8.48	--	200	169600	买盘
09:45:36	8.48	0.01	1	848	买盘
09:45:33	8.47	-0.01	20	16940	卖盘
09:45:30	8.48	--	6	5088	买盘
09:45:09	8.48	--	364	308672	卖盘
09:45:06	8.48	--	29	24592	卖盘
09:45:03	8.48	-0.01	5	4240	卖盘
09:45:00	8.49	--	2	1698	买盘
09:44:57	8.49	0.01	10	8490	买盘
09:44:45	8.48	--	10	8480	卖盘
09:44:30	8.48	--	32	27136	卖盘
09:44:27	8.48	--	34	28832	卖盘
09:44:00	8.48	--	8	6784	卖盘
09:43:57	8.48	--	10	8480	卖盘
09:43:54	8.48	--	16	13568	卖盘
09:43:51	8.48	--	3	2544	卖盘
09:43:45	8.48	--	3	2544	卖盘
09:43:33	8.48	--	7	5936	买盘
09:43:30	8.48	--	93	78864	卖盘
09:43:27	8.48	-0.01	10	8480	卖盘
09:43:18	8.49	--	30	25470	买盘
09:43:15	8.49	0.01	2	1698	买盘
09:43:09	8.48	--	30	25440	卖盘
09:43:03	8.48	--	215	182320	卖盘
09:42:54	8.48	--	65	55120	买盘
09:42:51	8.48	--	3	2544	买盘
09:42:48	8.48	--	5	4240	买盘
09:42:42	8.48	--	20	16960	买盘
09:42:33	8.48	--	2	1696	买盘
09:42:30	8.48	--	3	2544	买盘
09:42:15	8.48	0.01	13	11024	卖盘
09:42:12	8.47	-0.02	11	9317	卖盘
09:42:09	8.49	0.01	336	285264	买盘
09:42:06	8.48	--	20	16960	买盘
09:42:03	8.48	--	23	19504	买盘
09:42:00	8.48	--	100	84800	买盘
09:41:51	8.48	--	10	8480	买盘
09:41:48	8.48	--	98	83104	买盘
09:41:42	8.48	--	15	12720	买盘
09:41:33	8.48	--	16	13568	卖盘
09:41:30	8.48	--	1	848	卖盘
09:41:27	8.48	--	27	22896	买盘
09:41:15	8.48	--	7	5936	卖盘
09:41:12	8.48	-0.01	2	1696	卖盘
09:41:09	8.49	0.01	40	33960	买盘
09:40:51	8.48	--	50	42400	卖盘
09:40:33	8.48	--	1	848	卖盘
09:40:27	8.48	--	2	1696	卖盘
09:40:24	8.48	--	10	8480	卖盘
09:40:21	8.48	--	1	848	卖盘
09:40:15	8.48	--	17	14416	买盘
09:40:12	8.48	--	10	8480	买盘
09:40:09	8.48	--	21	17808	买盘
09:40:06	8.48	--	51	43248	买盘
09:40:00	8.48	--	10	8480	买盘
09:39:57	8.48	--	100	84800	买盘
09:39:48	8.48	0.01	19	16112	买盘
09:39:42	8.47	-0.01	2	1694	卖盘
09:39:30	8.48	--	40	33920	买盘
09:39:21	8.48	--	5	4240	买盘
09:38:51	8.48	--	10	8480	买盘
09:38:45	8.48	-0.01	35	29680	卖盘
09:38:42	8.49	--	10	8490	买盘
09:38:33	8.49	--	12	10188	买盘
09:38:24	8.49	-0.01	8	6792	卖盘
09:38:21	8.5	--	2	1700	买盘
09:38:18	8.5	0.01	20	17000	买盘
09:38:15	8.49	-0.01	10	8490	卖盘
09:38:12	8.5	--	20	17000	买盘
09:38:09	8.5	--	5	4250	买盘
09:38:03	8.5	--	10	8500	卖盘
09:38:00	8.5	--	48	40800	卖盘
09:37:57	8.5	-0.01	36	30600	卖盘
09:37:54	8.51	0.01	30	25530	买盘
09:37:51	8.5	-0.01	51	43350	卖盘
09:37:48	8.51	0.01	200	170200	买盘
09:37:45	8.5	-0.01	10	8500	卖盘
09:37:42	8.51	--	10	8510	买盘
09:37:39	8.51	--	27	22977	卖盘
09:37:36	8.51	--	13	11063	卖盘
09:37:33	8.51	--	81	68931	买盘
09:37:30	8.51	--	32	27232	卖盘
09:37:27	8.51	--	42	35742	卖盘
09:37:24	8.51	--	15	12765	卖盘
09:37:21	8.51	--	25	21275	卖盘
09:37:18	8.51	-0.01	34	28934	卖盘
09:37:15	8.52	0.01	64	54528	买盘
09:37:09	8.51	--	27	22977	卖盘
09:37:06	8.51	--	2	1702	卖盘
09:37:03	8.51	--	309	262959	卖盘
09:37:00	8.51	--	55	46805	卖盘
09:36:57	8.51	--	33	28083	卖盘
09:36:54	8.51	0.01	138	117438	买盘
09:36:48	8.5	--	10	8500	卖盘
09:36:45	8.5	0.01	147	124950	买盘
09:36:42	8.49	-0.01	10	8490	中性盘
09:36:39	8.5	--	79	67150	买盘
09:36:36	8.5	--	300	255000	买盘
09:36:27	8.5	--	10	8500	买盘
09:36:24	8.5	--	12	10200	买盘
09:36:18	8.5	0.01	350	297500	买盘
09:36:15	8.49	0.01	151	128199	买盘
09:36:12	8.48	--	12	10176	卖盘
09:36:09	8.48	--	199	168752	卖盘
09:36:06	8.48	--	125	106000	卖盘
09:35:51	8.48	--	30	25440	卖盘
09:35:48	8.48	--	14	11872	卖盘
09:35:45	8.48	0.03	1193	1011664	买盘
09:35:30	8.45	-0.01	6	5070	卖盘
09:35:27	8.46	--	69	58374	买盘
09:35:21	8.46	--	65	54990	买盘
09:34:54	8.46	0.01	50	42300	买盘
09:34:48	8.45	-0.01	12	10140	卖盘
09:34:45	8.46	--	20	16920	卖盘
09:34:42	8.46	--	1	846	卖盘
09:34:39	8.46	--	3	2538	卖盘
09:34:36	8.46	--	182	153972	买盘
09:34:30	8.46	0.01	22	18612	买盘
09:34:27	8.45	-0.01	1	844	卖盘
09:34:24	8.46	--	10	8460	买盘
09:34:12	8.46	0.01	20	16920	买盘
09:33:51	8.45	--	10	8450	卖盘
09:33:48	8.45	--	18	15209	买盘
09:33:45	8.45	--	12	10140	买盘
09:33:42	8.45	--	10	8450	买盘
09:33:39	8.45	--	2	1689	买盘
09:33:36	8.45	--	3	2535	买盘
09:33:33	8.45	--	5	4225	买盘
09:33:30	8.45	0.01	96	81120	买盘
09:33:27	8.44	-0.01	5	4220	卖盘
09:33:15	8.45	--	8	6759	买盘
09:33:09	8.45	--	24	20280	买盘
09:33:00	8.45	--	55	46474	买盘
09:32:57	8.45	--	75	63374	买盘
09:32:51	8.45	0.01	40	33800	买盘
09:32:48	8.44	-0.01	20	16880	卖盘
09:32:39	8.45	--	11	9295	买盘
09:32:24	8.45	0.01	1	844	买盘
09:32:03	8.44	--	20	16880	卖盘
09:31:57	8.44	0.01	61	51484	买盘
09:31:54	8.43	--	20	16860	卖盘
09:31:36	8.43	--	8	6744	买盘
09:31:24	8.43	0.02	2	1686	买盘
09:30:48	8.41	--	5	4205	卖盘
09:30:45	8.41	0.01	37	31117	买盘
09:30:36	8.4	-0.01	1	840	卖盘
09:30:33	8.41	--	20	16820	买盘
09:30:24	8.41	--	8	6728	买盘
09:30:15	8.41	--	10	8410	买盘
09:30:06	8.41	0.01	151	126991	买盘
09:30:03	8.4	-0.01	307	257880	卖盘
09:30:00	8.41	--	0	0	买盘
09:25:03	8.41	8.41	345	290145	买盘
