成交时间	成交价	价格变动	成交量(手)	成交额(元)	性质
15:00:03	58.7	-0.04	1926	11309142	卖盘
14:57:00	58.74	-0.01	21	123354	买盘
14:56:57	58.75	--	48	282000	买盘
14:56:54	58.75	0.01	46	270250	买盘
14:56:51	58.74	--	191	1121934	卖盘
14:56:48	58.74	-0.01	146	857604	卖盘
14:56:45	58.75	0.02	23	135125	买盘
14:56:42	58.73	-0.01	42	246666	卖盘
14:56:39	58.74	0.01	94	552156	买盘
14:56:36	58.73	-0.01	81	475713	卖盘
14:56:33	58.74	--	38	223212	买盘
14:56:30	58.74	0.01	56	328944	买盘
14:56:27	58.73	--	25	146825	买盘
14:56:24	58.73	-0.01	140	824569	卖盘
14:56:21	58.74	0.01	227	1333398	买盘
14:56:18	58.73	-0.02	125	734125	卖盘
14:56:15	58.75	--	28	164500	买盘
14:56:12	58.75	0.02	64	376000	买盘
14:56:09	58.73	-0.02	77	452221	卖盘
14:56:06	58.75	--	48	282000	买盘
14:56:03	58.75	--	114	669750	卖盘
14:56:00	58.75	-0.01	11	64625	卖盘
14:55:57	58.76	0.01	66	387816	买盘
14:55:54	58.75	0.02	79	464125	买盘
14:55:51	58.73	-0.02	19	111587	卖盘
14:55:48	58.75	0.02	48	282000	买盘
14:55:45	58.73	0.02	29	170317	买盘
14:55:42	58.71	-0.04	13	76323	卖盘
14:55:39	58.75	0.04	21	123375	买盘
14:55:36	58.71	-0.02	39	228969	卖盘
14:55:33	58.73	--	64	375872	卖盘
14:55:30	58.73	-0.02	13	76349	卖盘
14:55:27	58.75	0.02	55	323125	买盘
14:55:24	58.73	-0.03	92	540316	卖盘
14:55:21	58.76	0.02	15	88140	买盘
14:55:18	58.74	-0.01	17	99858	卖盘
14:55:15	58.75	--	30	176250	卖盘
14:55:12	58.75	0.03	82	481750	买盘
14:55:09	58.72	-0.03	18	105696	卖盘
14:55:06	58.75	0.02	13	76375	卖盘
14:55:03	58.73	-0.02	19	111587	卖盘
14:55:00	58.75	0.01	206	1210250	买盘
14:54:57	58.74	--	47	276078	买盘
14:54:54	58.74	-0.02	30	176220	卖盘
14:54:51	58.76	0.01	77	452452	买盘
14:54:48	58.75	0.01	117	687375	买盘
14:54:45	58.74	0.01	31	182094	中性盘
14:54:42	58.73	-0.02	63	369999	卖盘
14:54:39	58.75	0.02	10	58750	买盘
14:54:36	58.73	--	30	176190	卖盘
14:54:33	58.73	--	14	82222	卖盘
14:54:30	58.73	--	59	346507	卖盘
14:54:24	58.73	--	29	170317	卖盘
14:54:21	58.73	--	81	475713	买盘
14:54:18	58.73	0.01	29	170317	买盘
14:54:15	58.72	--	9	52848	卖盘
14:54:12	58.72	0.01	22	129184	卖盘
14:54:09	58.71	--	31	182001	卖盘
14:54:06	58.71	--	18	105678	卖盘
14:54:03	58.71	--	133	780843	卖盘
14:54:00	58.71	-0.01	34	199614	卖盘
14:53:57	58.72	-0.01	7	41104	买盘
14:53:54	58.73	--	2	11746	买盘
14:53:51	58.73	0.03	28	164444	买盘
14:53:48	58.7	--	15	88050	卖盘
14:53:45	58.7	-0.03	37	217190	卖盘
14:53:42	58.73	0.02	42	246666	买盘
14:53:39	58.71	-0.02	35	205485	中性盘
14:53:36	58.73	--	81	475713	买盘
14:53:33	58.73	--	33	193809	买盘
14:53:30	58.73	0.03	30	176190	买盘
14:53:27	58.7	-0.01	51	299370	卖盘
14:53:24	58.71	0.01	25	146775	卖盘
14:53:21	58.7	-0.02	20	117400	卖盘
14:53:18	58.72	-0.01	53	311216	中性盘
14:53:15	58.73	0.03	23	135079	买盘
14:53:12	58.7	--	19	111530	卖盘
14:53:09	58.7	-0.01	87	510690	卖盘
14:53:06	58.71	-0.02	23	135033	卖盘
14:53:03	58.73	--	42	246666	买盘
14:53:00	58.73	--	36	211428	买盘
14:52:57	58.73	-0.02	61	358253	中性盘
14:52:54	58.75	--	66	387750	买盘
14:52:51	58.75	--	2	11750	买盘
14:52:48	58.75	0.05	2	11750	买盘
14:52:45	58.7	-0.05	10	58700	卖盘
14:52:42	58.75	--	9	52875	买盘
14:52:39	58.75	--	4	23500	买盘
14:52:36	58.75	0.07	10	58750	买盘
14:52:33	58.68	-0.02	65	381420	卖盘
14:52:30	58.7	-0.05	6	35220	买盘
14:52:27	58.75	0.06	64	376000	买盘
14:52:24	58.69	--	36	211284	买盘
14:52:21	58.69	-0.06	3	17607	中性盘
14:52:18	58.75	--	50	293750	买盘
14:52:15	58.75	0.05	7	41125	买盘
14:52:12	58.7	-0.02	30	176100	中性盘
14:52:09	58.72	-0.03	12	70464	买盘
14:52:06	58.75	0.06	12	70500	买盘
14:52:03	58.69	0.01	327	1919163	中性盘
14:52:00	58.68	-0.02	32	187776	卖盘
14:51:57	58.7	--	79	463730	买盘
14:51:54	58.7	-0.02	19	111530	卖盘
14:51:51	58.72	0.03	14	82208	中性盘
14:51:48	58.69	-0.01	38	223022	卖盘
14:51:45	58.7	0.01	53	311110	买盘
14:51:42	58.69	-0.01	7	41083	卖盘
14:51:39	58.7	--	80	469600	卖盘
14:51:36	58.7	-0.03	72	422640	卖盘
14:51:33	58.73	--	14	82222	买盘
14:51:27	58.73	-0.01	13	76349	卖盘
14:51:24	58.74	-0.01	72	422928	卖盘
14:51:21	58.75	0.03	23	135125	买盘
14:51:15	58.72	-0.02	205	1203760	卖盘
14:51:12	58.74	0.01	14	82236	中性盘
14:51:09	58.73	--	43	252539	卖盘
14:51:06	58.73	--	22	129206	买盘
14:51:03	58.73	--	55	323015	买盘
14:51:00	58.73	--	6	35238	买盘
14:50:57	58.73	--	11	64603	买盘
14:50:54	58.73	--	32	187936	买盘
14:50:51	58.73	0.03	4	23492	买盘
14:50:48	58.7	-0.03	2	11740	卖盘
14:50:45	58.73	--	8	46984	买盘
14:50:42	58.73	-0.02	100	587300	卖盘
14:50:39	58.75	--	28	164500	买盘
14:50:36	58.75	0.01	16	94000	买盘
14:50:30	58.74	0.04	31	182094	买盘
14:50:27	58.7	-0.02	22	129140	买盘
14:50:21	58.72	0.03	18	105696	买盘
14:50:18	58.69	--	3	17607	买盘
14:50:15	58.69	--	4	23476	买盘
14:50:09	58.69	0.03	8	46952	买盘
14:50:06	58.66	0.01	10	58660	买盘
14:50:03	58.65	-0.01	1	5865	中性盘
14:50:00	58.66	--	29	170114	买盘
14:49:57	58.66	--	3	17598	买盘
14:49:54	58.66	0.01	10	58660	买盘
14:49:51	58.65	--	4	23460	买盘
14:49:48	58.65	0.03	2	11730	买盘
14:49:45	58.62	0.01	20	117240	买盘
14:49:42	58.61	-0.01	13	76193	中性盘
14:49:39	58.62	--	51	298962	买盘
14:49:36	58.62	--	6	35172	买盘
14:49:33	58.62	0.01	71	416202	买盘
14:49:30	58.61	0.01	147	861567	买盘
14:49:27	58.6	--	76	445360	卖盘
14:49:24	58.6	--	15	87900	卖盘
14:49:18	58.6	--	16	93760	买盘
14:49:15	58.6	--	3	17580	买盘
14:49:12	58.6	--	35	205100	买盘
14:49:09	58.6	0.02	7	41020	买盘
14:49:06	58.58	--	3	17574	卖盘
14:49:03	58.58	0.02	155	907990	买盘
14:49:00	58.56	-0.01	47	275232	卖盘
14:48:57	58.57	-0.01	5	29285	卖盘
14:48:54	58.58	0.01	6	35148	买盘
14:48:51	58.57	--	55	322135	卖盘
14:48:48	58.57	0.02	39	228423	买盘
14:48:45	58.55	-0.01	12	70260	卖盘
14:48:42	58.56	0.01	2	11712	买盘
14:48:39	58.55	0.02	2	11710	中性盘
14:48:36	58.53	-0.04	4	23412	卖盘
14:48:33	58.57	--	4	23428	买盘
14:48:30	58.57	0.04	25	146425	买盘
14:48:27	58.53	--	9	52677	买盘
14:48:24	58.53	--	20	117060	买盘
14:48:21	58.53	--	2	11706	买盘
14:48:18	58.53	-0.04	13	76089	卖盘
14:48:15	58.57	0.03	6	35142	买盘
14:48:12	58.54	-0.04	3	17562	中性盘
14:48:09	58.58	--	46	269468	买盘
14:48:06	58.58	--	11	64438	买盘
14:48:03	58.58	--	12	70296	买盘
14:48:00	58.58	0.07	1	5858	买盘
14:47:57	58.51	-0.08	38	222338	卖盘
14:47:54	58.59	0.07	17	99603	买盘
14:47:51	58.52	0.02	17	99484	中性盘
14:47:48	58.5	-0.08	200	1170000	卖盘
14:47:45	58.58	0.07	4	23432	买盘
14:47:42	58.51	--	137	801587	卖盘
14:47:39	58.51	--	57	333507	卖盘
14:47:36	58.51	--	62	362762	卖盘
14:47:30	58.51	-0.07	14	81914	卖盘
14:47:27	58.58	--	10	58580	买盘
14:47:24	58.58	--	100	585800	买盘
14:47:21	58.58	--	24	140592	卖盘
14:47:18	58.58	-0.01	158	925564	卖盘
14:47:15	58.59	-0.01	40	234360	卖盘
14:47:12	58.6	--	212	1242320	买盘
14:47:09	58.6	--	116	679760	买盘
14:47:06	58.6	--	36	210960	卖盘
14:47:03	58.6	-0.02	44	257840	卖盘
14:47:00	58.62	-0.04	37	216894	卖盘
14:46:57	58.66	0.04	4	23464	买盘
14:46:54	58.62	--	13	76206	卖盘
14:46:51	58.62	--	4	23448	卖盘
14:46:48	58.62	0.01	10	58620	中性盘
14:46:45	58.61	0.01	25	146525	中性盘
14:46:42	58.6	--	7	41020	卖盘
14:46:39	58.6	-0.09	36	210960	卖盘
14:46:36	58.69	0.1	57	334533	买盘
14:46:33	58.59	-0.07	8	46872	卖盘
14:46:30	58.66	0.05	46	269836	买盘
14:46:27	58.61	0.01	29	169969	买盘
14:46:24	58.6	-0.07	19	111340	卖盘
14:46:21	58.67	0.07	8	46936	买盘
14:46:18	58.6	-0.06	8	46880	卖盘
14:46:15	58.66	-0.01	4	23464	卖盘
14:46:12	58.67	-0.02	1	5867	卖盘
14:46:09	58.69	--	4	23476	买盘
14:46:06	58.69	--	4	23476	买盘
14:46:03	58.69	--	22	129118	买盘
14:46:00	58.69	-0.01	10	58690	卖盘
14:45:57	58.7	--	5	29350	买盘
14:45:54	58.7	--	11	64570	买盘
14:45:51	58.7	-0.05	120	704400	卖盘
14:45:48	58.75	0.02	135	793125	买盘
14:45:45	58.73	-0.04	7	41111	卖盘
14:45:42	58.77	0.02	14	82278	买盘
14:45:39	58.75	-0.02	47	276125	中性盘
14:45:36	58.77	0.02	10	58770	买盘
14:45:33	58.75	-0.02	1	5875	卖盘
14:45:30	58.77	--	6	35262	买盘
14:45:27	58.77	--	1	5877	买盘
14:45:24	58.77	--	2	11754	买盘
14:45:21	58.77	--	87	511299	卖盘
14:45:18	58.77	-0.01	3	17631	卖盘
14:45:15	58.78	--	19	111682	买盘
14:45:12	58.78	-0.02	6	35268	卖盘
14:45:09	58.8	--	9	52920	买盘
14:45:03	58.8	--	17	99960	买盘
14:45:00	58.8	--	40	235200	买盘
14:44:57	58.8	-0.02	119	699720	卖盘
14:44:54	58.82	--	13	76466	买盘
14:44:51	58.82	--	3	17646	买盘
14:44:48	58.82	-0.02	14	82348	中性盘
14:44:45	58.84	0.02	13	76492	买盘
14:44:42	58.82	-0.02	6	35292	卖盘
14:44:39	58.84	0.03	48	282432	买盘
14:44:36	58.81	0.01	2	11762	买盘
14:44:33	58.8	--	107	629160	买盘
14:44:30	58.8	-0.03	122	717360	卖盘
14:44:27	58.83	0.01	17	100011	买盘
14:44:24	58.82	0.01	28	164696	买盘
14:44:21	58.81	0.01	2	11762	中性盘
14:44:18	58.8	--	13	76440	卖盘
14:44:15	58.8	-0.01	7	41160	卖盘
14:44:12	58.81	0.01	1	5881	买盘
14:44:09	58.8	--	4	23520	买盘
14:44:06	58.8	--	15	88200	买盘
14:44:03	58.8	0.04	25	147000	买盘
14:44:00	58.76	-0.03	18	105768	卖盘
14:43:57	58.79	0.04	8	47032	买盘
14:43:54	58.75	--	3	17625	卖盘
14:43:51	58.75	0.01	11	64625	买盘
14:43:48	58.74	--	21	123354	卖盘
14:43:45	58.74	--	105	616770	卖盘
14:43:42	58.74	-0.01	10	58740	卖盘
14:43:39	58.75	--	1	5875	买盘
14:43:36	58.75	0.02	12	70500	买盘
14:43:33	58.73	--	26	152698	卖盘
14:43:30	58.73	--	21	123333	买盘
14:43:27	58.73	--	12	70476	买盘
14:43:24	58.73	-0.02	2	11746	买盘
14:43:21	58.75	--	6	35250	卖盘
14:43:18	58.75	--	45	264375	卖盘
14:43:15	58.75	--	8	47000	卖盘
14:43:12	58.75	0.02	44	258500	买盘
14:43:09	58.73	--	3	17619	买盘
14:43:06	58.73	--	16	93968	买盘
14:43:03	58.73	-0.02	12	70476	卖盘
14:43:00	58.75	--	4	23500	中性盘
14:42:57	58.75	-0.05	12	70500	中性盘
14:42:54	58.8	-0.03	21	123480	中性盘
14:42:51	58.83	0.05	21	123543	买盘
14:42:48	58.78	--	6	35268	买盘
14:42:45	58.78	-0.06	30	176340	卖盘
14:42:42	58.84	--	2	11768	买盘
14:42:39	58.84	--	3	17652	买盘
14:42:36	58.84	--	5	29420	买盘
14:42:33	58.84	-0.01	15	88260	卖盘
14:42:30	58.85	-0.01	2	11770	卖盘
14:42:27	58.86	0.01	26	153036	买盘
14:42:24	58.85	--	8	47080	卖盘
14:42:21	58.85	--	53	311905	卖盘
14:42:18	58.85	--	13	76505	卖盘
14:42:15	58.85	0.04	52	306020	买盘
14:42:12	58.81	--	7	41167	买盘
14:42:09	58.81	0.01	4	23524	卖盘
14:42:06	58.8	-0.01	34	199920	卖盘
14:42:03	58.81	--	4	23524	卖盘
14:42:00	58.81	-0.04	11	64691	卖盘
14:41:57	58.85	0.05	92	541420	买盘
14:41:54	58.8	-0.01	11	64680	卖盘
14:41:51	58.81	--	23	135263	买盘
14:41:48	58.81	--	7	41167	买盘
14:41:45	58.81	-0.05	35	205835	卖盘
14:41:42	58.86	--	6	35316	买盘
14:41:39	58.86	-0.04	2	11772	中性盘
14:41:36	58.9	0.02	61	359290	买盘
14:41:33	58.88	0.02	27	158976	买盘
14:41:30	58.86	-0.02	111	653346	卖盘
14:41:27	58.88	--	5	29440	买盘
14:41:24	58.88	0.02	12	70656	买盘
14:41:21	58.86	--	8	47088	卖盘
14:41:18	58.86	--	31	182466	买盘
14:41:15	58.86	--	35	206010	买盘
14:41:12	58.86	0.01	20	117720	买盘
14:41:09	58.85	-0.01	7	41195	卖盘
14:41:06	58.86	--	10	58860	买盘
14:41:03	58.86	0.03	41	241326	买盘
14:41:00	58.83	-0.03	13	76479	卖盘
14:40:57	58.86	--	2	11772	买盘
14:40:54	58.86	0.03	9	52974	买盘
14:40:48	58.83	0.03	34	200022	卖盘
14:40:45	58.8	-0.07	82	482160	卖盘
14:40:42	58.87	0.07	4	23548	买盘
14:40:39	58.8	0.04	11	64680	中性盘
14:40:36	58.76	-0.11	6	35256	卖盘
14:40:33	58.87	--	3	17661	买盘
14:40:30	58.87	0.14	10	58870	买盘
14:40:27	58.73	0.03	3	17619	中性盘
14:40:24	58.7	-0.17	9	52830	中性盘
14:40:21	58.87	0.18	78	459186	买盘
14:40:18	58.69	--	49	287581	买盘
14:40:15	58.69	--	6	35214	买盘
14:40:09	58.69	0.01	2	11738	买盘
14:40:06	58.68	0.08	4	23472	买盘
14:40:03	58.6	0.05	16	93760	卖盘
14:40:00	58.55	-0.02	69	403995	卖盘
14:39:57	58.57	0.01	35	210383	买盘
14:39:54	58.56	0.03	2	11712	买盘
14:39:51	58.53	--	3	17559	卖盘
14:39:48	58.53	--	46	269238	卖盘
14:39:45	58.53	--	23	134619	买盘
14:39:42	58.53	0.03	6	35118	买盘
14:39:39	58.5	-0.01	6	35100	卖盘
14:39:36	58.51	--	48	280848	卖盘
14:39:33	58.51	0.01	41	239891	买盘
14:39:30	58.5	-0.01	20	117000	卖盘
14:39:27	58.51	--	55	321805	买盘
14:39:24	58.51	0.01	21	122871	买盘
14:39:21	58.5	-0.01	83	485550	买盘
14:39:18	58.51	0.02	94	549994	买盘
14:39:15	58.49	--	28	163772	卖盘
14:39:12	58.49	0.01	18	105282	卖盘
14:39:09	58.48	-0.03	7	40936	卖盘
14:39:06	58.51	-0.02	38	222338	中性盘
14:39:03	58.53	0.02	27	158031	买盘
14:39:00	58.51	0.02	148	865948	买盘
14:38:57	58.49	-0.01	4	23396	卖盘
14:38:54	58.5	--	12	70200	买盘
14:38:51	58.5	-0.03	252	1474200	卖盘
14:38:48	58.53	--	15	87795	卖盘
14:38:45	58.53	-0.03	11	64383	卖盘
14:38:42	58.56	--	31	181536	买盘
14:38:39	58.56	-0.01	101	591456	卖盘
14:38:36	58.57	--	10	58570	中性盘
14:38:33	58.57	--	15	87855	卖盘
14:38:30	58.57	-0.01	11	64427	卖盘
14:38:27	58.58	-0.02	39	228462	卖盘
14:38:24	58.6	0.02	71	416060	买盘
14:38:21	58.58	-0.02	2	11716	卖盘
14:38:18	58.6	0.02	57	334020	买盘
14:38:15	58.58	-0.02	44	257752	卖盘
14:38:12	58.6	-0.01	60	351600	卖盘
14:38:09	58.61	-0.04	10	58610	卖盘
14:38:06	58.65	-0.05	10	58650	卖盘
14:38:00	58.7	0.04	6	35220	买盘
14:37:57	58.66	-0.04	136	797776	卖盘
14:37:54	58.7	--	15	88050	卖盘
14:37:51	58.7	-0.04	8	46960	卖盘
14:37:48	58.74	0.01	6	35244	买盘
14:37:45	58.73	-0.08	2	11746	卖盘
14:37:42	58.81	0.07	6	35286	买盘
14:37:39	58.74	-0.07	6	35244	中性盘
14:37:36	58.81	--	11	64691	买盘
14:37:33	58.81	-0.03	8	47048	买盘
14:37:30	58.84	-0.01	31	182404	中性盘
14:37:27	58.85	0.04	165	971025	买盘
14:37:24	58.81	--	1	5881	卖盘
14:37:21	58.81	--	33	194073	卖盘
14:37:18	58.81	-0.04	20	117620	卖盘
14:37:15	58.85	--	11	64735	买盘
14:37:12	58.85	--	19	111815	买盘
14:37:09	58.85	--	69	406065	卖盘
14:37:06	58.85	--	116	682660	卖盘
14:37:03	58.85	--	14	82390	卖盘
14:37:00	58.85	-0.01	15	88275	卖盘
14:36:57	58.86	--	2	11772	买盘
14:36:54	58.86	-0.02	42	247212	中性盘
14:36:51	58.88	--	35	206080	买盘
14:36:42	58.88	--	5	29440	买盘
14:36:36	58.88	0.18	84	494592	买盘
14:36:33	58.7	-0.16	3	17610	卖盘
14:36:27	58.86	0.15	67	394362	买盘
14:36:24	58.71	0.02	20	117420	买盘
14:36:21	58.69	0.01	10	58690	买盘
14:36:18	58.68	-0.03	205	1207751	卖盘
14:36:15	58.71	--	30	176130	卖盘
14:36:12	58.71	--	8	46968	卖盘
14:36:09	58.71	--	8	46968	卖盘
14:36:06	58.71	0.07	19	111549	卖盘
14:36:03	58.64	-0.06	23	134872	卖盘
14:36:00	58.7	--	16	93920	买盘
14:35:57	58.7	0.01	88	516560	买盘
14:35:54	58.69	--	20	117380	买盘
14:35:51	58.69	-0.01	8	46952	中性盘
14:35:48	58.7	--	29	170230	买盘
14:35:45	58.7	--	10	58700	买盘
14:35:42	58.7	--	10	58700	买盘
14:35:39	58.7	--	11	64570	买盘
14:35:36	58.7	-0.13	41	240670	卖盘
14:35:33	58.83	0.05	6	35298	买盘
14:35:27	58.78	-0.03	20	117560	卖盘
14:35:24	58.81	-0.05	17	99977	卖盘
14:35:21	58.86	0.05	2	11772	买盘
14:35:18	58.81	-0.07	35	205835	卖盘
14:35:12	58.88	--	16	94208	卖盘
14:35:09	58.88	-0.02	7	41216	卖盘
14:35:03	58.9	--	7	41230	买盘
14:35:00	58.9	--	10	58900	买盘
14:34:57	58.9	-0.1	67	394630	卖盘
14:34:54	59.0	--	6	35400	买盘
14:34:51	59.0	0.01	23	135700	买盘
14:34:48	58.99	-0.06	3	17697	中性盘
14:34:45	59.05	--	24	141720	卖盘
14:34:42	59.05	0.05	59	348395	买盘
14:34:39	59.0	-0.05	6	35400	卖盘
14:34:36	59.05	--	9	53145	买盘
14:34:33	59.05	--	61	360205	买盘
14:34:30	59.05	-0.03	2	11810	买盘
14:34:27	59.08	-0.01	32	189056	中性盘
14:34:21	59.09	0.1	24	141816	买盘
14:34:18	58.99	--	53	312647	卖盘
14:34:15	58.99	-0.11	41	241859	卖盘
14:34:12	59.1	0.1	18	106380	买盘
14:34:09	59.0	--	23	135700	买盘
14:34:06	59.0	--	28	165200	买盘
14:34:03	59.0	--	7	41300	买盘
14:34:00	59.0	0.01	10	59000	买盘
14:33:57	58.99	--	68	401132	买盘
14:33:54	58.99	--	22	129778	买盘
14:33:51	58.99	0.01	18	106182	买盘
14:33:48	58.98	--	9	53082	卖盘
14:33:45	58.98	0.03	12	70776	买盘
14:33:42	58.95	-0.01	11	64845	卖盘
14:33:39	58.96	0.01	3	17688	买盘
14:33:36	58.95	--	16	94320	买盘
14:33:33	58.95	--	42	247590	买盘
14:33:30	58.95	0.01	11	64845	买盘
14:33:27	58.94	-0.01	35	206290	中性盘
14:33:24	58.95	0.05	5	29475	买盘
14:33:18	58.9	0.01	20	117800	买盘
14:33:12	58.89	0.03	7	41223	买盘
14:33:09	58.86	0.06	2	11772	买盘
14:33:00	58.8	--	3	17640	买盘
14:32:57	58.8	0.03	5	29400	买盘
14:32:54	58.77	0.07	2	11754	中性盘
14:32:51	58.7	--	42	246540	卖盘
14:32:48	58.7	0.02	3	17610	中性盘
14:32:42	58.68	--	28	164304	买盘
14:32:39	58.68	--	13	76284	买盘
14:32:36	58.68	--	41	240588	买盘
14:32:33	58.68	-0.05	68	399024	卖盘
14:32:30	58.73	-0.01	7	41111	中性盘
14:32:27	58.74	0.07	45	264330	买盘
14:32:24	58.67	-0.01	30	176010	卖盘
14:32:21	58.68	0.05	59	346212	卖盘
14:32:18	58.63	-0.05	36	211068	卖盘
14:32:15	58.68	0.05	4	23472	买盘
14:32:12	58.63	-0.05	4	23452	中性盘
14:32:09	58.68	0.06	67	393156	买盘
14:32:06	58.62	-0.06	17	99654	卖盘
14:32:03	58.68	--	10	58680	买盘
14:32:00	58.68	--	4	23472	买盘
14:31:57	58.68	-0.02	2	11736	卖盘
14:31:54	58.7	0.09	37	217190	买盘
14:31:51	58.61	-0.01	14	82054	卖盘
14:31:48	58.62	-0.08	61	357582	卖盘
14:31:45	58.7	--	21	123270	买盘
14:31:42	58.7	0.02	60	352200	买盘
14:31:39	58.68	--	3	17604	买盘
14:31:36	58.68	-0.02	16	93888	卖盘
14:31:33	58.7	--	33	193710	买盘
14:31:30	58.7	--	84	493080	卖盘
14:31:27	58.7	--	18	105660	卖盘
14:31:24	58.7	-0.01	19	111530	卖盘
14:31:21	58.71	-0.03	1	5871	卖盘
14:31:18	58.74	-0.01	15	88110	买盘
14:31:15	58.75	-0.04	8	47000	中性盘
14:31:12	58.79	-0.09	12	70548	中性盘
14:31:09	58.88	0.08	130	765440	买盘
14:31:06	58.8	0.02	12	70560	中性盘
14:31:03	58.78	-0.04	24	141072	卖盘
14:31:00	58.82	0.02	3	17646	买盘
14:30:57	58.8	--	2	11760	卖盘
14:30:54	58.8	0.1	93	546840	买盘
14:30:51	58.7	-0.05	195	1144650	卖盘
14:30:48	58.75	-0.03	7	41125	中性盘
14:30:45	58.78	0.04	35	205730	买盘
14:30:42	58.74	-0.01	4	23496	中性盘
14:30:39	58.75	0.02	10	58750	买盘
14:30:36	58.73	0.03	64	375872	买盘
14:30:33	58.7	--	75	440250	卖盘
14:30:30	58.7	-0.04	28	164360	卖盘
14:30:27	58.74	0.04	4	23496	中性盘
14:30:24	58.7	0.1	11	64570	卖盘
14:30:21	58.6	-0.05	36	210960	卖盘
14:30:18	58.65	0.05	3	17595	中性盘
14:30:15	58.6	-0.1	13	76180	卖盘
14:30:12	58.7	0.1	19	111530	买盘
14:30:09	58.6	0.07	111	650460	买盘
14:30:06	58.53	-0.02	22	128766	中性盘
14:30:03	58.55	0.03	14	81970	买盘
14:30:00	58.52	0.03	1	5852	中性盘
14:29:57	58.49	0.01	37	216413	中性盘
14:29:54	58.48	--	47	274856	卖盘
14:29:51	58.48	-0.03	24	140352	卖盘
14:29:48	58.51	0.01	18	105318	买盘
14:29:45	58.5	--	45	263250	买盘
14:29:42	58.5	--	47	274950	买盘
14:29:39	58.5	-0.06	294	1719900	卖盘
14:29:36	58.56	0.01	34	199104	中性盘
14:29:33	58.55	-0.01	30	175650	卖盘
14:29:30	58.56	-0.01	11	64416	卖盘
14:29:27	58.57	--	37	216709	卖盘
14:29:24	58.57	-0.01	13	76141	卖盘
14:29:21	58.58	--	18	105444	买盘
14:29:18	58.58	-0.02	19	111302	中性盘
14:29:15	58.6	--	14	82040	买盘
14:29:12	58.6	--	53	310580	买盘
14:29:09	58.6	-0.01	143	837980	卖盘
14:29:06	58.61	--	84	492324	买盘
14:29:03	58.61	--	62	363382	卖盘
14:29:00	58.61	--	10	58610	卖盘
14:28:57	58.61	-0.03	130	761930	卖盘
14:28:54	58.64	-0.02	11	64504	卖盘
14:28:51	58.66	--	57	334362	卖盘
14:28:48	58.66	-0.02	72	422352	卖盘
14:28:45	58.68	-0.02	13	76284	中性盘
14:28:42	58.7	--	11	64570	买盘
14:28:39	58.7	--	30	176100	买盘
14:28:36	58.7	-0.05	55	322850	卖盘
14:28:33	58.75	-0.04	2	11750	买盘
14:28:30	58.79	-0.01	15	88185	中性盘
14:28:27	58.8	0.05	96	564480	买盘
14:28:24	58.75	-0.03	14	82250	卖盘
14:28:21	58.78	0.02	71	417338	买盘
14:28:18	58.76	-0.04	25	146900	中性盘
14:28:15	58.8	0.05	11	64680	买盘
14:28:12	58.75	-0.05	6	35250	卖盘
14:28:09	58.8	0.05	17	99960	买盘
14:28:06	58.75	-0.11	94	552250	卖盘
14:28:03	58.86	-0.13	24	141264	卖盘
14:28:00	58.99	--	88	519112	买盘
14:27:57	58.99	0.03	26	153374	买盘
14:27:54	58.96	--	1	5896	卖盘
14:27:51	58.96	--	6	35376	卖盘
14:27:48	58.96	0.09	15	88440	买盘
14:27:45	58.87	-0.01	5	29435	卖盘
14:27:42	58.88	0.03	11	64768	卖盘
14:27:39	58.85	0.03	136	800360	卖盘
14:27:36	58.82	-0.05	23	135286	卖盘
14:27:33	58.87	0.12	11	64757	买盘
14:27:30	58.75	--	15	88125	卖盘
14:27:27	58.75	--	55	323125	卖盘
14:27:24	58.75	-0.03	58	340750	卖盘
14:27:21	58.78	0.03	1	5878	买盘
14:27:18	58.75	--	34	199750	卖盘
14:27:15	58.75	0.17	101	593375	买盘
14:27:12	58.58	-0.06	78	456924	卖盘
14:27:09	58.64	0.04	405	2374920	买盘
14:27:06	58.6	--	61	357460	买盘
14:27:03	58.6	-0.09	207	1213020	卖盘
14:27:00	58.69	0.04	27	158463	买盘
14:26:57	58.65	--	14	82110	买盘
14:26:54	58.65	-0.04	115	674475	中性盘
14:26:51	58.69	-0.03	215	1261835	卖盘
14:26:48	58.72	--	83	487376	买盘
14:26:45	58.72	--	7	41104	买盘
14:26:42	58.72	0.01	216	1268352	中性盘
14:26:39	58.71	-0.01	46	270066	卖盘
14:26:36	58.72	-0.08	11	64592	卖盘
14:26:33	58.8	--	18	105840	买盘
14:26:30	58.8	-0.03	12	70560	中性盘
14:26:27	58.83	0.03	53	311799	买盘
14:26:24	58.8	-0.04	75	441000	卖盘
14:26:21	58.84	--	71	417764	买盘
14:26:18	58.84	-0.02	5	29420	中性盘
14:26:15	58.86	-0.02	19	111834	卖盘
14:26:12	58.88	--	2	11776	买盘
14:26:09	58.88	-0.05	8	47104	卖盘
14:26:06	58.93	0.03	7	41251	买盘
14:26:03	58.9	-0.1	14	82460	卖盘
14:26:00	59.0	--	23	135700	买盘
14:25:57	59.0	-0.04	105	619500	卖盘
14:25:54	59.04	--	173	1021392	买盘
14:25:51	59.04	--	11	64944	卖盘
14:25:48	59.04	-0.05	24	141696	卖盘
14:25:45	59.09	-0.01	164	969076	中性盘
14:25:42	59.1	--	29	171390	卖盘
14:25:39	59.1	-0.01	6	35460	卖盘
14:25:36	59.11	-0.01	64	378304	卖盘
14:25:33	59.12	-0.01	17	100504	卖盘
14:25:30	59.13	0.03	19	112347	买盘
14:25:27	59.1	-0.03	32	189120	卖盘
14:25:24	59.13	0.02	14	82782	买盘
14:25:21	59.11	-0.02	6	35466	卖盘
14:25:18	59.13	-0.05	50	295650	卖盘
14:25:12	59.18	-0.01	5	29590	买盘
14:25:09	59.19	0.01	84	497196	买盘
14:25:06	59.18	--	29	171622	卖盘
14:25:03	59.18	-0.02	23	136114	卖盘
14:25:00	59.2	--	28	165760	买盘
14:24:57	59.2	0.01	55	325600	买盘
14:24:54	59.19	-0.01	10	59190	中性盘
14:24:51	59.2	--	34	201280	买盘
14:24:48	59.2	--	4	23680	买盘
14:24:45	59.2	0.01	10	59200	买盘
14:24:42	59.19	-0.01	69	408411	卖盘
14:24:39	59.2	--	3	17760	卖盘
14:24:36	59.2	--	20	118400	卖盘
14:24:33	59.2	--	6	35520	卖盘
14:24:30	59.2	--	1	5920	卖盘
14:24:27	59.2	0.02	44	260480	买盘
14:24:24	59.18	-0.01	50	295900	卖盘
14:24:21	59.19	--	39	230841	买盘
14:24:18	59.19	-0.01	39	230841	卖盘
14:24:15	59.2	--	13	76960	买盘
14:24:12	59.2	--	3	17760	买盘
14:24:09	59.2	-0.08	16	94720	卖盘
14:24:06	59.28	0.08	32	189696	买盘
14:24:03	59.2	-0.09	189	1118880	卖盘
14:24:00	59.29	-0.01	15	88935	中性盘
14:23:57	59.3	0.02	1	5930	买盘
14:23:54	59.28	-0.02	20	118560	卖盘
14:23:51	59.3	--	27	160110	卖盘
14:23:48	59.3	--	3	17790	卖盘
14:23:45	59.3	--	35	207550	卖盘
14:23:42	59.3	--	13	77090	卖盘
14:23:36	59.3	-0.1	32	189760	卖盘
14:23:33	59.4	-0.02	12	71280	卖盘
14:23:30	59.42	--	5	29710	卖盘
14:23:27	59.42	-0.03	1	5942	卖盘
14:23:24	59.45	-0.02	16	95120	卖盘
14:23:21	59.47	-0.02	25	148675	卖盘
14:23:15	59.49	--	72	428328	买盘
14:23:12	59.49	0.01	23	136827	中性盘
14:23:09	59.48	-0.02	13	77324	卖盘
14:23:06	59.5	--	7	41650	买盘
14:23:03	59.5	-0.07	4	23800	卖盘
14:23:00	59.57	0.07	33	196581	买盘
14:22:57	59.5	-0.08	23	136850	卖盘
14:22:54	59.58	--	2	11916	买盘
14:22:51	59.58	0.06	1	5958	买盘
14:22:48	59.52	0.03	4	23808	卖盘
14:22:45	59.49	-0.11	114	678186	卖盘
14:22:42	59.6	--	11	65560	买盘
14:22:39	59.6	0.1	4	23840	买盘
14:22:36	59.5	--	10	59500	卖盘
14:22:33	59.5	--	10	59500	卖盘
14:22:30	59.5	--	12	71400	卖盘
14:22:27	59.5	--	42	249900	买盘
14:22:24	59.5	--	30	178500	买盘
14:22:21	59.5	--	35	208250	买盘
14:22:18	59.5	--	18	107100	买盘
14:22:15	59.5	0.01	6	35700	买盘
14:22:12	59.49	--	20	118980	卖盘
14:22:09	59.49	0.03	41	243909	买盘
14:22:06	59.46	-0.01	11	65406	卖盘
14:22:03	59.47	-0.02	25	148675	卖盘
14:22:00	59.49	-0.01	8	47592	中性盘
14:21:57	59.5	--	1	5950	买盘
14:21:54	59.5	0.08	6	35700	买盘
14:21:51	59.42	-0.04	1	5942	买盘
14:21:48	59.46	-0.02	51	303246	卖盘
14:21:45	59.48	0.03	7	41636	买盘
14:21:42	59.45	0.03	3	17835	买盘
14:21:36	59.42	0.02	6	35652	买盘
14:21:30	59.4	0.1	15	89100	买盘
14:21:27	59.3	--	16	94880	买盘
14:21:24	59.3	--	77	456610	买盘
14:21:21	59.3	--	163	966590	买盘
14:21:18	59.3	--	27	160110	买盘
14:21:15	59.3	--	54	320220	买盘
14:21:12	59.3	0.02	28	166040	买盘
14:21:09	59.28	0.06	2	11856	买盘
14:21:06	59.22	-0.08	1	5922	卖盘
14:21:03	59.3	0.02	85	504050	买盘
14:21:00	59.28	--	7	41496	买盘
14:20:57	59.28	-0.01	5	29640	中性盘
14:20:54	59.29	--	24	142296	中性盘
14:20:51	59.29	-0.01	19	112651	卖盘
14:20:48	59.3	--	3	17790	买盘
14:20:45	59.3	0.04	31	183830	买盘
14:20:42	59.26	0.08	16	94816	中性盘
14:20:39	59.18	--	22	130196	买盘
14:20:36	59.18	-0.02	51	301818	卖盘
14:20:33	59.2	--	66	390720	买盘
14:20:30	59.2	0.02	47	278240	买盘
14:20:27	59.18	-0.02	54	319572	卖盘
14:20:24	59.2	-0.05	137	811040	卖盘
14:20:21	59.25	0.03	68	402900	买盘
14:20:18	59.22	--	34	201348	买盘
14:20:15	59.22	0.01	77	455994	买盘
14:20:12	59.21	-0.01	26	153946	卖盘
14:20:09	59.22	--	6	35532	卖盘
14:20:06	59.22	0.02	26	153972	买盘
14:20:03	59.2	-0.01	129	763680	中性盘
14:20:00	59.21	0.01	22	130262	买盘
14:19:57	59.2	-0.05	68	402560	卖盘
14:19:54	59.25	-0.04	23	136275	中性盘
14:19:51	59.29	0.08	37	219373	买盘
14:19:48	59.21	--	3	17763	卖盘
14:19:45	59.21	-0.08	15	88815	卖盘
14:19:42	59.29	0.01	6	35574	中性盘
14:19:39	59.28	-0.01	52	308256	卖盘
14:19:36	59.29	-0.01	35	207515	卖盘
14:19:33	59.3	--	28	166040	买盘
14:19:30	59.3	-0.11	151	895430	卖盘
14:19:27	59.41	0.01	15	89115	买盘
14:19:24	59.4	-0.01	10	59400	卖盘
14:19:21	59.41	-0.06	26	154466	卖盘
14:19:18	59.47	--	19	112993	买盘
14:19:15	59.47	--	46	273562	买盘
14:19:12	59.47	--	29	172463	买盘
14:19:09	59.47	0.05	32	190304	买盘
14:19:06	59.42	0.01	60	356520	中性盘
14:19:03	59.41	--	48	285168	买盘
14:19:00	59.41	-0.07	12	71292	卖盘
14:18:57	59.48	--	28	166544	买盘
14:18:54	59.48	-0.02	72	428256	中性盘
14:18:51	59.5	0.02	24	142800	买盘
14:18:48	59.48	0.07	18	107064	买盘
14:18:45	59.41	-0.07	28	166348	卖盘
14:18:42	59.48	0.07	1	5948	买盘
14:18:39	59.41	-0.09	28	166348	卖盘
14:18:36	59.5	--	44	261800	买盘
14:18:33	59.5	0.08	3	17850	买盘
14:18:30	59.42	-0.08	26	154492	卖盘
14:18:27	59.5	--	125	743750	卖盘
14:18:18	59.5	-0.18	309	1838550	卖盘
14:18:12	59.68	-0.02	12	71616	卖盘
14:18:09	59.7	--	46	274620	卖盘
14:18:06	59.7	-0.05	8	47760	卖盘
14:18:00	59.75	--	1	5975	买盘
14:17:57	59.75	--	1	5975	卖盘
14:17:54	59.75	-0.05	4	23900	卖盘
14:17:51	59.8	0.04	38	227240	买盘
14:17:48	59.76	--	19	113544	卖盘
14:17:45	59.76	-0.01	4	23904	卖盘
14:17:39	59.77	--	3	17931	卖盘
14:17:36	59.77	-0.09	16	95632	卖盘
14:17:33	59.86	0.03	18	107748	买盘
14:17:30	59.83	--	21	125643	卖盘
14:17:27	59.83	-0.03	10	59830	卖盘
14:17:24	59.86	0.03	33	197538	买盘
14:17:21	59.83	-0.03	5	29915	卖盘
14:17:18	59.86	--	4	23944	卖盘
14:17:15	59.86	--	1	5986	卖盘
14:17:12	59.86	-0.02	2	11972	卖盘
14:17:09	59.88	--	4	23952	卖盘
14:17:06	59.88	-0.02	7	41916	卖盘
14:17:03	59.9	0.02	4	23960	中性盘
14:16:57	59.88	--	5	29940	卖盘
14:16:54	59.88	0.03	5	29940	中性盘
14:16:51	59.85	-0.05	22	131670	卖盘
14:16:48	59.9	--	1	5990	买盘
14:16:42	59.9	--	9	53910	买盘
14:16:39	59.9	--	9	53910	买盘
14:16:36	59.9	0.01	6	35940	买盘
14:16:30	59.89	-0.03	11	65879	卖盘
14:16:27	59.92	0.02	6	35952	买盘
14:16:24	59.9	-0.02	23	137770	卖盘
14:16:21	59.92	0.01	10	59920	买盘
14:16:18	59.91	-0.01	1	5991	卖盘
14:16:15	59.92	0.01	2	11984	买盘
14:16:12	59.91	--	91	545181	卖盘
14:16:06	59.91	-0.04	3	17973	卖盘
14:16:03	59.95	0.04	8	47960	买盘
14:16:00	59.91	0.02	65	389415	买盘
14:15:57	59.89	--	6	35934	卖盘
14:15:54	59.89	-0.01	10	59890	卖盘
14:15:51	59.9	--	8	47920	买盘
14:15:48	59.9	--	26	155740	买盘
14:15:42	59.9	0.01	6	35940	买盘
14:15:39	59.89	--	13	77857	卖盘
14:15:36	59.89	0.01	6	35934	卖盘
14:15:30	59.88	--	13	77844	卖盘
14:15:27	59.88	-0.01	2	11976	卖盘
14:15:24	59.89	0.01	2	11978	买盘
14:15:21	59.88	-0.02	26	155688	中性盘
14:15:18	59.9	--	5	29950	买盘
14:15:12	59.9	0.01	30	179700	买盘
14:15:09	59.89	--	40	239560	中性盘
14:15:06	59.89	--	4	23956	买盘
14:15:03	59.89	--	3	17967	买盘
14:15:00	59.89	0.07	5	29945	买盘
14:14:57	59.82	-0.06	1	5982	卖盘
14:14:54	59.88	--	9	53892	买盘
14:14:51	59.88	--	18	107784	买盘
14:14:45	59.88	0.06	2	11976	买盘
14:14:42	59.82	-0.06	66	394812	卖盘
14:14:39	59.88	--	7	41916	买盘
14:14:36	59.88	--	6	35928	买盘
14:14:33	59.88	--	5	29940	买盘
14:14:30	59.88	--	143	856284	买盘
14:14:27	59.88	0.04	5	29940	买盘
14:14:24	59.84	-0.04	8	47872	卖盘
14:14:21	59.88	0.06	11	65868	买盘
14:14:18	59.82	--	47	281154	卖盘
14:14:15	59.82	--	3	17946	卖盘
14:14:09	59.82	0.04	10	59820	中性盘
14:14:06	59.78	-0.07	1	5978	卖盘
14:14:03	59.85	0.08	20	119700	买盘
14:13:57	59.77	-0.01	2	11954	卖盘
14:13:54	59.78	-0.07	3	17934	卖盘
14:13:51	59.85	0.08	160	957600	买盘
14:13:48	59.77	--	27	161379	买盘
14:13:45	59.77	--	27	161379	买盘
14:13:42	59.77	--	6	35862	买盘
14:13:36	59.77	-0.02	2	11954	买盘
14:13:33	59.79	-0.01	9	53811	中性盘
14:13:27	59.8	0.04	3	17940	中性盘
14:13:24	59.76	-0.04	20	119520	卖盘
14:13:21	59.8	0.03	17	101660	中性盘
14:13:18	59.77	-0.03	1	5977	卖盘
14:13:15	59.8	--	1	5980	买盘
14:13:12	59.8	-0.02	16	95680	卖盘
14:13:09	59.82	--	16	95712	买盘
14:13:06	59.82	-0.03	12	71784	买盘
14:13:03	59.85	--	2	11970	买盘
14:13:00	59.85	0.03	32	191520	买盘
14:12:57	59.82	-0.03	2	11964	卖盘
14:12:54	59.85	0.03	1	5985	买盘
14:12:51	59.82	-0.02	2	11964	卖盘
14:12:48	59.84	-0.01	7	41888	中性盘
14:12:42	59.85	0.04	1	5985	买盘
14:12:39	59.81	-0.04	92	550252	卖盘
14:12:36	59.85	--	9	53865	卖盘
14:12:30	59.85	--	5	29925	卖盘
14:12:27	59.85	--	13	77805	买盘
14:12:24	59.85	0.02	10	59850	买盘
14:12:21	59.83	-0.02	27	161541	卖盘
14:12:18	59.85	--	12	71820	卖盘
14:12:15	59.85	--	2	11970	卖盘
14:12:12	59.85	--	20	119700	买盘
14:12:09	59.85	0.02	7	41895	买盘
14:12:06	59.83	--	4	23932	卖盘
14:12:03	59.83	--	24	143592	买盘
14:12:00	59.83	--	2	11966	买盘
14:11:57	59.83	0.03	1	5983	买盘
14:11:51	59.8	--	8	47840	买盘
14:11:48	59.8	--	31	185380	买盘
14:11:45	59.8	--	5	29900	买盘
14:11:42	59.8	--	13	77740	买盘
14:11:39	59.8	--	24	143520	卖盘
14:11:36	59.8	--	23	137540	卖盘
14:11:33	59.8	--	8	47840	卖盘
14:11:30	59.8	-0.03	2	11960	买盘
14:11:27	59.83	--	6	35898	买盘
14:11:24	59.83	0.08	174	1041042	买盘
14:11:15	59.75	--	7	41825	买盘
14:11:12	59.75	--	5	29875	买盘
14:11:09	59.75	--	2	11950	买盘
14:11:03	59.75	0.05	5	29875	买盘
14:11:00	59.7	0.02	19	113430	买盘
14:10:57	59.68	--	16	95488	卖盘
14:10:54	59.68	-0.02	55	328240	卖盘
14:10:51	59.7	0.03	1	5970	买盘
14:10:48	59.67	-0.03	1	5967	中性盘
14:10:45	59.7	0.08	58	346260	买盘
14:10:42	59.62	-0.02	7	41734	卖盘
14:10:39	59.64	-0.03	5	29820	卖盘
14:10:36	59.67	--	5	29835	买盘
14:10:33	59.67	0.06	2	11934	买盘
14:10:30	59.61	--	17	101337	卖盘
14:10:27	59.61	--	10	59610	卖盘
14:10:24	59.61	--	1	5961	卖盘
14:10:21	59.61	--	9	53649	买盘
14:10:15	59.61	--	46	274206	卖盘
14:10:12	59.61	-0.07	20	119220	卖盘
14:10:09	59.68	0.07	37	220816	买盘
14:10:06	59.61	0.01	25	149025	中性盘
14:10:03	59.6	--	33	196680	卖盘
14:10:00	59.6	--	22	131120	卖盘
14:09:57	59.6	--	1	5960	卖盘
14:09:54	59.6	--	60	357600	买盘
14:09:51	59.6	-0.03	13	77480	卖盘
14:09:48	59.63	-0.01	1	5963	中性盘
14:09:45	59.64	--	2	11928	买盘
14:09:42	59.64	--	66	393624	买盘
14:09:39	59.64	0.01	7	41748	买盘
14:09:36	59.63	--	5	29815	买盘
14:09:33	59.63	-0.04	32	190816	卖盘
14:09:30	59.67	0.04	123	733941	买盘
14:09:27	59.63	-0.02	1	5963	卖盘
14:09:24	59.65	0.02	3	17895	买盘
14:09:21	59.63	-0.02	22	131186	卖盘
14:09:18	59.65	-0.04	8	47720	卖盘
14:09:15	59.69	0.04	16	95504	买盘
14:09:12	59.65	-0.04	28	167020	卖盘
14:09:09	59.69	--	16	95504	买盘
14:09:06	59.69	-0.01	15	89535	买盘
14:09:03	59.7	--	19	113430	买盘
14:08:57	59.7	--	52	310440	买盘
14:08:54	59.7	--	17	101490	买盘
14:08:51	59.7	-0.01	6	35820	卖盘
14:08:48	59.71	0.03	7	41797	买盘
14:08:45	59.68	-0.1	47	280496	卖盘
14:08:42	59.78	-0.02	7	41846	买盘
14:08:33	59.8	0.1	13	77740	买盘
14:08:30	59.7	-0.1	10	59700	卖盘
14:08:27	59.8	-0.01	82	490360	卖盘
14:08:24	59.81	--	1	5981	卖盘
14:08:21	59.81	--	8	47848	卖盘
14:08:18	59.81	-0.05	3	17943	卖盘
14:08:15	59.86	-0.01	3	17958	卖盘
14:08:12	59.87	--	4	23948	买盘
14:08:09	59.87	--	3	17961	买盘
14:08:06	59.87	--	1	5987	买盘
14:08:03	59.87	-0.03	40	239480	卖盘
14:07:57	59.9	--	18	107820	买盘
14:07:54	59.9	-0.05	68	407320	卖盘
14:07:51	59.95	--	5	29975	卖盘
14:07:48	59.95	--	22	131890	买盘
14:07:45	59.95	0.04	33	197835	买盘
14:07:42	59.91	--	13	77883	买盘
14:07:36	59.91	0.01	27	161757	买盘
14:07:33	59.9	--	9	53910	卖盘
14:07:30	59.9	--	24	143760	买盘
14:07:27	59.9	--	4	23960	买盘
14:07:24	59.9	0.03	12	71880	买盘
14:07:21	59.87	-0.03	19	113753	卖盘
14:07:18	59.9	0.03	2	11980	买盘
14:07:15	59.87	-0.03	20	119740	卖盘
14:07:12	59.9	--	3	17970	买盘
14:07:06	59.9	0.03	6	35940	买盘
14:07:03	59.87	0.01	2	11974	买盘
14:06:57	59.86	0.06	23	137678	买盘
14:06:54	59.8	--	1	5980	卖盘
14:06:51	59.8	0.08	52	310960	买盘
14:06:48	59.72	0.04	3	17916	买盘
14:06:45	59.68	--	5	29840	买盘
14:06:42	59.68	0.06	4	23872	买盘
14:06:39	59.62	-0.06	11	65582	卖盘
14:06:33	59.68	0.06	1	5968	买盘
14:06:30	59.62	--	11	65582	买盘
14:06:27	59.62	0.07	40	238480	买盘
14:06:24	59.55	--	4	23820	卖盘
14:06:21	59.55	--	10	59550	卖盘
14:06:18	59.55	0.02	34	202470	中性盘
14:06:15	59.53	-0.05	26	154778	卖盘
14:06:12	59.58	0.05	25	148950	买盘
14:06:09	59.53	--	7	41671	卖盘
14:06:06	59.53	--	2	11906	卖盘
14:06:03	59.53	0.03	82	488146	买盘
14:06:00	59.5	-0.01	19	113050	卖盘
14:05:57	59.51	0.01	2	11902	买盘
14:05:54	59.5	-0.05	140	833000	卖盘
14:05:51	59.55	0.03	65	387075	买盘
14:05:48	59.52	-0.02	28	166656	中性盘
14:05:45	59.54	-0.01	53	315562	卖盘
14:05:42	59.55	0.03	13	77415	买盘
14:05:39	59.52	-0.03	59	351168	卖盘
14:05:36	59.55	--	30	178650	买盘
14:05:33	59.55	--	7	41685	买盘
14:05:30	59.55	--	17	101235	买盘
14:05:27	59.55	--	4	23820	买盘
14:05:24	59.55	--	74	440670	卖盘
14:05:21	59.55	-0.03	57	339435	卖盘
14:05:18	59.58	0.02	11	65538	买盘
14:05:15	59.56	-0.04	21	125076	卖盘
14:05:12	59.6	--	80	476800	卖盘
14:05:09	59.6	-0.02	52	309920	卖盘
14:05:06	59.62	--	110	655820	卖盘
14:05:03	59.62	-0.02	24	143088	卖盘
14:05:00	59.64	-0.06	60	357840	卖盘
14:04:57	59.7	--	5	29850	买盘
14:04:54	59.7	-0.03	9	53730	卖盘
14:04:51	59.73	-0.07	11	65703	中性盘
14:04:48	59.8	--	62	370760	买盘
14:04:45	59.8	--	5	29900	买盘
14:04:42	59.8	--	18	107640	卖盘
14:04:39	59.8	--	19	113620	卖盘
14:04:36	59.8	-0.05	8	47840	卖盘
14:04:33	59.85	-0.01	27	161595	买盘
14:04:30	59.86	0.06	7	41902	买盘
14:04:27	59.8	-0.06	104	621920	卖盘
14:04:24	59.86	--	17	101762	买盘
14:04:21	59.86	-0.01	58	347188	卖盘
14:04:18	59.87	0.01	46	275402	买盘
14:04:15	59.86	--	7	41902	卖盘
14:04:12	59.86	-0.01	6	35916	卖盘
14:04:09	59.87	0.01	20	119740	买盘
14:04:06	59.86	-0.01	13	77818	卖盘
14:04:03	59.87	0.01	5	29935	买盘
14:04:00	59.86	-0.01	28	167608	卖盘
14:03:57	59.87	--	19	113753	卖盘
14:03:54	59.87	-0.01	23	137701	卖盘
14:03:51	59.88	--	7	41916	买盘
14:03:48	59.88	--	40	239520	买盘
14:03:45	59.88	-0.04	21	125748	卖盘
14:03:42	59.92	0.02	1	5992	买盘
14:03:39	59.9	--	4	23960	卖盘
14:03:36	59.9	-0.02	7	41930	中性盘
14:03:33	59.92	0.01	10	59920	买盘
14:03:30	59.91	0.01	6	35946	买盘
14:03:27	59.9	-0.02	39	233610	卖盘
14:03:24	59.92	--	1	5992	卖盘
14:03:21	59.92	-0.03	26	155792	卖盘
14:03:18	59.95	--	1	5995	卖盘
14:03:15	59.95	-0.01	19	113905	中性盘
14:03:12	59.96	0.04	42	251832	买盘
14:03:09	59.92	-0.01	39	233688	卖盘
14:03:06	59.93	-0.03	20	119860	卖盘
14:02:57	59.96	0.01	36	215856	买盘
14:02:54	59.95	-0.03	85	509575	卖盘
14:02:51	59.98	--	15	89970	买盘
14:02:48	59.98	--	6	35988	买盘
14:02:42	59.98	--	7	41986	买盘
14:02:39	59.98	--	8	47984	买盘
14:02:36	59.98	--	4	23992	买盘
14:02:30	59.98	-0.02	28	167944	卖盘
14:02:24	60.0	--	3	18000	卖盘
14:02:21	60.0	0.05	13	78000	买盘
14:02:15	59.95	-0.01	50	299750	卖盘
14:02:12	59.96	0.01	13	77948	卖盘
14:02:06	59.95	-0.01	118	707410	卖盘
14:02:03	59.96	--	55	329780	买盘
14:02:00	59.96	--	9	53964	买盘
14:01:57	59.96	--	9	53964	中性盘
14:01:54	59.96	-0.01	7	41972	卖盘
14:01:51	59.97	-0.01	1	5997	中性盘
14:01:48	59.98	0.03	17	101966	买盘
14:01:45	59.95	--	37	221815	卖盘
14:01:42	59.95	--	6	35970	卖盘
14:01:39	59.95	--	13	77935	卖盘
14:01:33	59.95	--	2	11990	卖盘
14:01:30	59.95	--	6	35970	买盘
14:01:27	59.95	0.03	29	173855	买盘
14:01:24	59.92	-0.03	20	119840	卖盘
14:01:21	59.95	--	1	5995	买盘
14:01:18	59.95	--	76	455620	买盘
14:01:12	59.95	0.04	95	569525	买盘
14:01:09	59.91	-0.01	12	71892	卖盘
14:01:06	59.92	-0.06	20	119840	卖盘
14:01:03	59.98	0.05	7	41986	买盘
14:01:00	59.93	-0.02	13	77909	卖盘
14:00:57	59.95	-0.05	7	41965	卖盘
14:00:54	60.0	0.02	28	168000	买盘
14:00:51	59.98	-0.02	27	161946	卖盘
14:00:48	60.0	0.02	35	210000	买盘
14:00:45	59.98	-0.02	14	83972	卖盘
14:00:42	60.0	--	40	240000	买盘
14:00:39	60.0	-0.01	45	270000	卖盘
14:00:33	60.01	0.01	3	18003	买盘
14:00:30	60.0	--	23	138000	卖盘
14:00:27	60.0	-0.09	52	312000	卖盘
14:00:24	60.09	-0.01	12	72108	卖盘
14:00:21	60.1	--	1	6010	买盘
14:00:18	60.1	-0.06	49	294970	卖盘
14:00:09	60.16	--	26	161950	买盘
14:00:03	60.16	-0.02	1	6016	中性盘
14:00:00	60.18	-0.01	15	90270	中性盘
13:59:54	60.19	0.01	49	294931	买盘
13:59:51	60.18	-0.02	6	36108	卖盘
13:59:48	60.2	0.01	11	66220	买盘
13:59:45	60.19	--	11	66209	买盘
13:59:42	60.19	--	11	66209	卖盘
13:59:39	60.19	--	19	114361	卖盘
13:59:36	60.19	--	7	42133	卖盘
13:59:33	60.19	-0.01	11	66209	卖盘
13:59:30	60.2	0.01	27	162540	买盘
13:59:27	60.19	--	30	180570	卖盘
13:59:24	60.19	--	5	30095	卖盘
13:59:18	60.19	--	2	12038	卖盘
13:59:15	60.19	0.04	2	12038	买盘
13:59:12	60.15	-0.02	34	204510	卖盘
13:59:09	60.17	-0.02	13	78221	卖盘
13:59:06	60.19	-0.01	8	48152	卖盘
13:59:03	60.2	0.01	6	36120	买盘
13:58:57	60.19	0.02	84	505596	买盘
13:58:54	60.17	--	5	30085	买盘
13:58:51	60.17	0.02	1	6017	中性盘
13:58:48	60.15	-0.02	10	60150	卖盘
13:58:45	60.17	-0.01	5	30085	卖盘
13:58:42	60.18	--	2	12036	买盘
13:58:39	60.18	-0.01	1	6018	中性盘
13:58:36	60.19	0.01	3	18057	买盘
13:58:33	60.18	--	3	18054	买盘
13:58:21	60.18	-0.01	9	54162	中性盘
13:58:18	60.19	0.04	10	60190	买盘
13:58:15	60.15	-0.04	35	210525	卖盘
13:58:12	60.19	--	3	18057	买盘
13:58:09	60.19	--	20	120380	买盘
13:58:06	60.19	0.01	2	12038	中性盘
13:58:03	60.18	--	8	48144	卖盘
13:58:00	60.18	-0.02	24	144432	卖盘
13:57:57	60.2	--	5	30100	买盘
13:57:54	60.2	--	34	204680	卖盘
13:57:51	60.2	-0.01	3	18060	卖盘
13:57:48	60.21	--	14	84294	卖盘
13:57:45	60.21	-0.04	31	186651	卖盘
13:57:42	60.25	--	62	373550	买盘
13:57:39	60.25	--	12	72300	买盘
13:57:36	60.25	--	31	186775	卖盘
13:57:33	60.25	-0.05	101	608525	卖盘
13:57:30	60.3	0.05	13	78390	买盘
13:57:27	60.25	-0.05	6	36150	卖盘
13:57:21	60.3	--	38	229140	买盘
13:57:18	60.3	--	18	108540	买盘
13:57:15	60.3	-0.1	9	54270	卖盘
13:57:12	60.4	--	1	6040	买盘
13:57:09	60.4	-0.05	4	24160	卖盘
13:57:06	60.45	0.05	127	767715	买盘
13:57:03	60.4	--	9	54360	卖盘
13:57:00	60.4	--	4	24160	卖盘
13:56:57	60.4	--	71	428840	买盘
13:56:54	60.4	--	10	60400	买盘
13:56:51	60.4	0.01	22	132880	买盘
13:56:48	60.39	-0.01	5	30195	中性盘
13:56:45	60.4	0.05	65	392600	买盘
13:56:42	60.35	--	2	12070	买盘
13:56:39	60.35	-0.07	8	48280	买盘
13:56:36	60.42	-0.01	50	302100	中性盘
13:56:30	60.43	0.03	61	368623	买盘
13:56:27	60.4	0.15	4	24160	中性盘
13:56:24	60.25	-0.18	1	6025	卖盘
13:56:21	60.43	0.21	2	12086	买盘
13:56:18	60.22	-0.21	48	289056	卖盘
13:56:15	60.43	0.19	45	271935	买盘
13:56:12	60.24	--	3	18072	卖盘
13:56:09	60.24	0.02	22	132528	中性盘
13:56:06	60.22	0.01	12	72264	中性盘
13:56:03	60.21	-0.02	36	216756	卖盘
13:55:57	60.23	-0.07	21	126483	买盘
13:55:54	60.3	0.05	18	108540	买盘
13:55:51	60.25	--	25	150625	买盘
13:55:48	60.25	-0.25	32	192800	卖盘
13:55:45	60.5	-0.11	7	42350	买盘
13:55:42	60.61	0.31	27	163647	买盘
13:55:39	60.3	-0.31	107	645210	卖盘
13:55:36	60.61	-0.04	80	484880	卖盘
13:55:33	60.65	--	16	97040	卖盘
13:55:30	60.65	0.03	69	418485	买盘
13:55:27	60.62	-0.01	28	169736	卖盘
13:55:24	60.63	--	98	594174	卖盘
13:55:21	60.63	-0.02	6	36378	中性盘
13:55:18	60.65	0.03	163	988595	买盘
13:55:15	60.62	--	24	145488	买盘
13:55:12	60.62	0.01	40	242480	买盘
13:55:09	60.61	--	4	24244	卖盘
13:55:06	60.61	0.01	122	739442	买盘
13:55:03	60.6	--	19	115140	买盘
13:55:00	60.6	0.02	12	72720	买盘
13:54:57	60.58	-0.01	55	333190	中性盘
13:54:54	60.59	0.06	23	139357	买盘
13:54:51	60.53	-0.06	66	399498	卖盘
13:54:48	60.59	--	6	36354	买盘
13:54:45	60.59	0.03	18	109062	买盘
13:54:42	60.56	0.01	31	187736	中性盘
13:54:39	60.55	-0.01	14	84770	卖盘
13:54:36	60.56	0.01	1	6056	买盘
13:54:33	60.55	--	3	18165	买盘
13:54:30	60.55	0.03	34	205870	买盘
13:54:27	60.52	0.02	42	254184	买盘
13:54:24	60.5	--	12	72600	卖盘
13:54:21	60.5	--	47	284350	买盘
13:54:18	60.5	--	37	223850	买盘
13:54:15	60.5	--	107	647350	买盘
13:54:12	60.5	0.01	116	701800	买盘
13:54:09	60.49	-0.01	72	435528	卖盘
13:54:06	60.5	--	73	441650	买盘
13:54:03	60.5	--	19	114950	买盘
13:54:00	60.5	0.01	29	175450	买盘
13:53:57	60.49	0.01	41	248009	买盘
13:53:54	60.48	0.08	79	477792	买盘
13:53:51	60.4	-0.05	39	235560	卖盘
13:53:48	60.45	--	106	640770	买盘
13:53:45	60.45	0.02	10	60450	买盘
13:53:42	60.43	0.03	112	676816	买盘
13:53:39	60.4	--	22	132880	买盘
13:53:36	60.4	--	1	6040	买盘
13:53:30	60.4	0.1	50	302000	买盘
13:53:27	60.3	--	20	120600	买盘
13:53:24	60.3	0.07	7	42210	买盘
13:53:21	60.23	-0.02	16	96368	中性盘
13:53:18	60.25	--	10	60250	买盘
13:53:15	60.25	--	2	12050	买盘
13:53:12	60.25	0.04	27	162675	买盘
13:53:09	60.21	--	5	30105	卖盘
13:53:06	60.21	-0.01	6	36126	卖盘
13:53:03	60.22	0.01	23	138506	买盘
13:53:00	60.21	0.06	99	596079	买盘
13:52:54	60.15	0.02	6	36090	卖盘
13:52:51	60.13	-0.02	51	306663	买盘
13:52:48	60.15	0.03	16	96240	中性盘
13:52:45	60.12	-0.03	15	90180	卖盘
13:52:42	60.15	-0.05	4	24060	卖盘
13:52:39	60.2	0.08	17	102340	买盘
13:52:36	60.12	--	13	78156	买盘
13:52:33	60.12	-0.02	42	252504	卖盘
13:52:30	60.14	-0.06	3	18042	中性盘
13:52:27	60.2	--	25	150500	买盘
13:52:24	60.2	0.06	10	60200	买盘
13:52:21	60.14	-0.03	32	192448	卖盘
13:52:18	60.17	0.05	20	120340	买盘
13:52:15	60.12	-0.02	9	54108	卖盘
13:52:12	60.14	0.06	10	60140	买盘
13:52:09	60.08	-0.02	10	60080	中性盘
13:52:06	60.1	--	12	72120	买盘
13:52:00	60.1	0.02	2	12020	买盘
13:51:57	60.08	-0.03	655	3935240	卖盘
13:51:54	60.11	0.01	10	60110	买盘
13:51:51	60.1	--	25	150250	买盘
13:51:45	60.1	--	2	12020	买盘
13:51:42	60.1	-0.01	28	168280	卖盘
13:51:39	60.11	--	1	6011	买盘
13:51:36	60.11	0.01	5	30055	买盘
13:51:33	60.1	-0.05	32	192320	卖盘
13:51:30	60.15	--	13	78195	买盘
13:51:27	60.15	0.04	3	18045	买盘
13:51:21	60.11	0.01	11	66121	买盘
13:51:18	60.1	--	6	36060	卖盘
13:51:15	60.1	--	3	18030	卖盘
13:51:12	60.1	--	17	102170	买盘
13:51:09	60.1	--	9	54090	买盘
13:51:06	60.1	0.02	40	240400	买盘
13:51:03	60.08	-0.02	27	162216	卖盘
13:51:00	60.1	--	32	192320	买盘
13:50:57	60.1	0.02	26	156260	买盘
13:50:54	60.08	-0.02	16	96128	卖盘
13:50:51	60.1	--	58	348580	买盘
13:50:48	60.1	0.05	38	228380	买盘
13:50:45	60.05	-0.01	5	30025	卖盘
13:50:42	60.06	--	14	84084	卖盘
13:50:39	60.06	0.06	50	300300	买盘
13:50:36	60.0	--	30	180000	卖盘
13:50:33	60.0	--	23	138000	卖盘
13:50:30	60.0	--	12	72000	卖盘
13:50:27	60.0	--	15	90000	买盘
13:50:24	60.0	--	14	84000	买盘
13:50:21	60.0	--	5	30000	买盘
13:50:18	60.0	0.08	63	378000	买盘
13:50:15	59.92	-0.07	38	227696	卖盘
13:50:12	59.99	0.06	14	83986	中性盘
13:50:09	59.93	--	2	11986	卖盘
13:50:03	59.93	-0.06	2	11986	卖盘
13:50:00	59.99	--	39	233961	买盘
13:49:48	59.99	0.06	30	179970	买盘
13:49:45	59.93	--	1	5993	卖盘
13:49:42	59.93	0.01	55	329615	买盘
13:49:39	59.92	-0.01	20	119840	卖盘
13:49:36	59.93	0.02	9	53937	买盘
13:49:33	59.91	-0.02	158	946578	卖盘
13:49:30	59.93	0.01	4	23972	买盘
13:49:24	59.92	--	13	77896	买盘
13:49:21	59.92	-0.01	26	155792	卖盘
13:49:18	59.93	--	6	35958	卖盘
13:49:15	59.93	-0.07	1	5993	卖盘
13:49:12	60.0	0.08	21	126000	买盘
13:49:09	59.92	-0.08	60	359520	卖盘
13:49:03	60.0	--	34	204000	买盘
13:49:00	60.0	0.06	4	24000	买盘
13:48:57	59.94	-0.07	3	17982	卖盘
13:48:54	60.01	0.01	29	174029	买盘
13:48:51	60.0	0.05	10	60000	买盘
13:48:48	59.95	-0.05	12	71940	卖盘
13:48:42	60.0	--	6	36000	卖盘
13:48:39	60.0	--	10	60000	卖盘
13:48:36	60.0	0.05	76	456000	买盘
13:48:33	59.95	-0.05	7	41965	买盘
13:48:27	60.0	--	5	30000	买盘
13:48:24	60.0	--	4	24000	买盘
13:48:21	60.0	--	12	72000	买盘
13:48:18	60.0	--	10	60000	买盘
13:48:15	60.0	--	1	6000	买盘
13:48:12	60.0	0.05	16	96000	买盘
13:48:06	59.95	-0.06	6	35970	卖盘
13:48:03	60.01	0.01	4	24004	买盘
13:47:57	60.0	--	3	18000	卖盘
13:47:54	60.0	--	3	18000	卖盘
13:47:51	60.0	-0.02	13	78000	卖盘
13:47:48	60.02	0.02	3	18006	卖盘
13:47:45	60.0	--	12	72000	卖盘
13:47:39	60.0	-0.05	26	156000	卖盘
13:47:36	60.05	0.05	4	24020	中性盘
13:47:33	60.0	--	10	60000	卖盘
13:47:30	60.0	--	15	90000	卖盘
13:47:27	60.0	--	27	162000	卖盘
13:47:24	60.0	--	20	120000	卖盘
13:47:21	60.0	--	17	102000	卖盘
13:47:15	60.0	-0.07	6	36000	卖盘
13:47:09	60.07	0.07	2	12014	买盘
13:47:06	60.0	-0.08	95	570000	卖盘
13:46:57	60.08	--	5	30040	卖盘
13:46:48	60.08	-0.05	92	552736	卖盘
13:46:45	60.13	0.04	11	66143	买盘
13:46:42	60.09	--	24	144216	卖盘
13:46:39	60.09	-0.01	4	24036	卖盘
13:46:36	60.1	--	1	6010	买盘
13:46:33	60.1	0.01	2	12020	中性盘
13:46:27	60.09	--	19	114171	卖盘
13:46:24	60.09	-0.06	1	6009	卖盘
13:46:21	60.15	0.06	1	6015	买盘
13:46:18	60.09	--	1	6009	卖盘
13:46:15	60.09	-0.08	9	54081	卖盘
13:46:12	60.17	0.09	1	6017	买盘
13:46:06	60.08	--	3	18024	卖盘
13:46:03	60.08	--	4	24032	买盘
13:46:00	60.08	-0.09	12	72096	卖盘
13:45:54	60.17	-0.02	4	24068	买盘
13:45:51	60.19	--	2	12038	卖盘
13:45:48	60.19	--	220	1324180	买盘
13:45:45	60.19	--	10	60190	买盘
13:45:42	60.19	--	5	30095	买盘
13:45:39	60.19	0.02	3	18057	买盘
13:45:36	60.17	-0.02	52	312884	卖盘
13:45:33	60.19	-0.01	10	60190	卖盘
13:45:27	60.2	0.01	46	276920	买盘
13:45:24	60.19	--	6	36114	卖盘
13:45:21	60.19	--	2	12038	卖盘
13:45:18	60.19	-0.01	1	6019	卖盘
13:45:15	60.2	0.01	35	210700	买盘
13:45:12	60.19	0.01	22	132418	买盘
13:45:09	60.18	-0.01	1	6018	卖盘
13:45:06	60.19	--	2	12038	买盘
13:45:03	60.19	-0.01	26	156494	卖盘
13:45:00	60.2	--	1	6020	买盘
13:44:57	60.2	0.01	4	24080	买盘
13:44:54	60.19	-0.01	3	18057	卖盘
13:44:51	60.2	--	10	60200	买盘
13:44:48	60.2	0.01	10	60200	买盘
13:44:45	60.19	0.01	19	114361	买盘
13:44:42	60.18	-0.01	12	72216	卖盘
13:44:39	60.19	0.04	6	36114	买盘
13:44:36	60.15	--	1	6015	卖盘
13:44:33	60.15	-0.03	19	114285	卖盘
13:44:30	60.18	0.03	9	54162	买盘
13:44:27	60.15	-0.02	31	186465	卖盘
13:44:24	60.17	0.02	9	54153	买盘
13:44:21	60.15	--	2	12030	卖盘
13:44:15	60.15	--	5	30075	卖盘
13:44:12	60.15	--	79	475185	买盘
13:44:09	60.15	0.02	23	138345	买盘
13:44:06	60.13	0.02	7	42091	中性盘
13:44:03	60.11	-0.04	4	24044	中性盘
13:44:00	60.15	--	7	42105	买盘
13:43:57	60.15	0.05	5	30075	买盘
13:43:54	60.1	-0.05	9	54090	卖盘
13:43:51	60.15	0.01	8	48120	买盘
13:43:45	60.14	--	3	18042	买盘
13:43:42	60.14	-0.01	4	24056	中性盘
13:43:39	60.15	--	15	90225	买盘
13:43:36	60.15	--	53	318795	买盘
13:43:33	60.15	--	34	204510	买盘
13:43:30	60.15	--	41	246615	买盘
13:43:27	60.15	--	12	72180	买盘
13:43:24	60.15	-0.01	24	144360	卖盘
13:43:18	60.16	0.01	1	6016	中性盘
13:43:15	60.15	--	6	36090	卖盘
13:43:12	60.15	--	18	108270	中性盘
13:43:09	60.15	0.01	30	180450	买盘
13:43:06	60.14	--	26	156364	卖盘
13:42:57	60.14	--	2	12028	卖盘
13:42:51	60.14	0.11	41	246574	买盘
13:42:48	60.03	-0.04	16	96048	卖盘
13:42:45	60.07	-0.08	1	6007	中性盘
13:42:39	60.15	0.09	8	48120	买盘
13:42:36	60.06	-0.04	20	120120	卖盘
13:42:33	60.1	--	2	12020	中性盘
13:42:30	60.1	-0.01	8	48080	买盘
13:42:27	60.11	0.01	17	102187	买盘
13:42:24	60.1	--	50	300500	卖盘
13:42:21	60.1	--	7	42070	买盘
13:42:18	60.1	0.03	5	30050	买盘
13:42:15	60.07	--	2	12014	卖盘
13:42:12	60.07	0.02	29	174203	买盘
13:42:09	60.05	0.03	41	246205	买盘
13:42:06	60.02	--	1	6002	买盘
13:42:03	60.02	-0.03	2	12004	买盘
13:42:00	60.05	--	9	54045	买盘
13:41:57	60.05	-0.02	24	144120	卖盘
13:41:54	60.07	--	30	180210	卖盘
13:41:45	60.07	-0.05	109	654763	卖盘
13:41:39	60.12	0.02	27	162324	买盘
13:41:36	60.1	0.03	3	18030	买盘
13:41:33	60.07	-0.04	8	48056	卖盘
13:41:30	60.11	--	10	60110	中性盘
13:41:27	60.11	--	54	324594	卖盘
13:41:24	60.11	-0.03	8	48088	卖盘
13:41:21	60.14	0.03	6	36084	中性盘
13:41:18	60.11	-0.03	24	144264	卖盘
13:41:12	60.14	0.04	19	114266	买盘
13:41:09	60.1	--	15	90150	卖盘
13:41:06	60.1	-0.01	11	66110	卖盘
13:41:03	60.11	0.01	7	42077	买盘
13:41:00	60.1	--	14	84140	买盘
13:40:57	60.1	--	25	150250	买盘
13:40:54	60.1	--	39	234390	卖盘
13:40:48	60.1	-0.01	2	12020	卖盘
13:40:45	60.11	0.04	124	745364	买盘
13:40:42	60.07	0.02	7	42049	买盘
13:40:39	60.05	--	18	108090	卖盘
13:40:36	60.05	--	20	120100	卖盘
13:40:33	60.05	0.05	5	30025	买盘
13:40:27	60.0	--	2	12000	卖盘
13:40:21	60.0	0.08	64	384000	买盘
13:40:18	59.92	--	30	179760	卖盘
13:40:15	59.92	-0.03	7	41944	卖盘
13:40:12	59.95	--	2	11990	买盘
13:40:09	59.95	--	5	29975	买盘
13:40:06	59.95	0.04	1	5995	买盘
13:40:03	59.91	--	12	71892	卖盘
13:40:00	59.91	--	9	53919	卖盘
13:39:57	59.91	--	2	11982	卖盘
13:39:51	59.91	--	56	335496	卖盘
13:39:48	59.91	--	3	17973	卖盘
13:39:45	59.91	--	4	23964	卖盘
13:39:42	59.91	--	8	47928	卖盘
13:39:39	59.91	-0.01	108	647028	卖盘
13:39:36	59.92	0.01	5	29960	中性盘
13:39:33	59.91	-0.01	5	29955	卖盘
13:39:30	59.92	-0.02	16	95872	中性盘
13:39:24	59.94	-0.01	13	77922	买盘
13:39:21	59.95	--	51	305745	卖盘
13:39:18	59.95	--	31	185845	卖盘
13:39:15	59.95	-0.01	8	47960	卖盘
13:39:12	59.96	--	21	125916	买盘
13:39:09	59.96	0.03	6	35976	买盘
13:39:06	59.93	-0.01	5	29965	买盘
13:39:00	59.94	-0.02	14	83916	卖盘
13:38:57	59.96	--	4	23984	买盘
13:38:54	59.96	-0.02	9	53964	卖盘
13:38:48	59.98	-0.01	3	17994	卖盘
13:38:45	59.99	--	67	401933	卖盘
13:38:42	59.99	-0.01	65	389935	卖盘
13:38:39	60.0	--	8	48000	买盘
13:38:36	60.0	0.01	30	180000	买盘
13:38:33	59.99	-0.01	5	29995	卖盘
13:38:30	60.0	--	4	24000	买盘
13:38:27	60.0	0.01	15	90000	买盘
13:38:24	59.99	-0.01	16	95984	卖盘
13:38:21	60.0	--	14	84000	卖盘
13:38:12	60.0	-0.05	34	204000	卖盘
13:38:09	60.05	--	3	18015	卖盘
13:38:06	60.05	--	5	30025	卖盘
13:38:03	60.05	--	2	12010	卖盘
13:38:00	60.05	-0.02	14	84070	卖盘
13:37:57	60.07	--	3	18021	卖盘
13:37:54	60.07	--	8	48056	卖盘
13:37:51	60.07	-0.02	3	18021	卖盘
13:37:48	60.09	0.02	19	114171	买盘
13:37:45	60.07	--	17	102119	卖盘
13:37:39	60.07	--	5	30035	卖盘
13:37:36	60.07	-0.03	3	18021	卖盘
13:37:30	60.1	--	3	18030	卖盘
13:37:27	60.1	-0.01	61	366610	卖盘
13:37:24	60.11	--	5	30055	卖盘
13:37:21	60.11	--	3	18033	卖盘
13:37:18	60.11	0.01	34	204374	买盘
13:37:15	60.1	--	42	252420	卖盘
13:37:12	60.1	--	10	60100	卖盘
13:37:09	60.1	--	57	342570	卖盘
13:37:06	60.1	--	13	78130	卖盘
13:37:03	60.1	--	1	6010	卖盘
13:37:00	60.1	-0.04	7	42070	卖盘
13:36:54	60.14	0.03	12	72168	买盘
13:36:51	60.11	--	20	120220	卖盘
13:36:48	60.11	-0.04	6	36066	卖盘
13:36:42	60.15	--	51	306765	买盘
13:36:39	60.15	0.03	36	216540	买盘
13:36:36	60.12	0.01	32	192384	中性盘
13:36:33	60.11	-0.04	17	102187	卖盘
13:36:27	60.15	0.01	5	30075	买盘
13:36:24	60.14	-0.01	2	12028	中性盘
13:36:21	60.15	--	1	6015	中性盘
13:36:06	60.15	--	4	24060	卖盘
13:36:03	60.15	-0.02	6	36090	卖盘
13:36:00	60.17	-0.01	33	198561	卖盘
13:35:57	60.18	0.01	7	42126	买盘
13:35:54	60.17	-0.01	1	6017	卖盘
13:35:48	60.18	0.01	20	120360	买盘
13:35:45	60.17	-0.01	11	66187	卖盘
13:35:42	60.18	0.01	1	6018	买盘
13:35:39	60.17	0.01	3	18051	卖盘
13:35:33	60.16	0.01	47	282752	买盘
13:35:30	60.15	--	8	48120	买盘
13:35:27	60.15	-0.03	6	36090	中性盘
13:35:24	60.18	0.07	36	216648	买盘
13:35:21	60.11	0.01	11	66121	中性盘
13:35:15	60.1	--	18	108180	卖盘
13:35:12	60.1	--	22	132220	卖盘
13:35:09	60.1	-0.01	10	60100	卖盘
13:35:06	60.11	--	1	6011	买盘
13:35:03	60.11	-0.04	20	120220	卖盘
13:34:57	60.15	-0.03	1	6015	中性盘
13:34:51	60.18	0.08	30	180540	买盘
13:34:48	60.1	-0.04	6	36060	卖盘
13:34:45	60.14	0.02	10	60140	买盘
13:34:42	60.12	0.01	20	120240	中性盘
13:34:39	60.11	-0.03	2	12022	卖盘
13:34:36	60.14	0.03	18	108252	买盘
13:34:33	60.11	0.01	16	96176	买盘
13:34:30	60.1	--	13	78130	卖盘
13:34:27	60.1	--	11	66110	卖盘
13:34:24	60.1	--	19	114190	卖盘
13:34:21	60.1	0.03	48	288480	买盘
13:34:15	60.07	--	28	168196	卖盘
13:34:12	60.07	--	1	6007	卖盘
13:34:06	60.07	-0.04	18	108126	卖盘
13:34:03	60.11	0.01	9	54099	买盘
13:34:00	60.1	--	20	120200	卖盘
13:33:57	60.1	-0.01	18	108180	卖盘
13:33:51	60.11	--	11	66121	买盘
13:33:48	60.11	0.01	8	48088	买盘
13:33:45	60.1	-0.01	3	18030	卖盘
13:33:42	60.11	0.01	4	24044	中性盘
13:33:39	60.1	-0.01	7	42070	卖盘
13:33:36	60.11	--	4	24044	卖盘
13:33:33	60.11	0.01	13	78143	买盘
13:33:30	60.1	-0.01	8	48080	卖盘
13:33:27	60.11	0.01	1	6011	中性盘
13:33:21	60.1	-0.08	21	126210	卖盘
13:33:18	60.18	0.03	6	36108	买盘
13:33:12	60.15	--	1	6015	买盘
13:33:09	60.15	-0.04	19	114285	卖盘
13:33:06	60.19	0.01	53	319007	中性盘
13:33:03	60.18	-0.01	4	24072	卖盘
13:33:00	60.19	--	11	66209	买盘
13:32:57	60.19	--	1	6019	买盘
13:32:51	60.19	--	16	96304	买盘
13:32:48	60.19	--	3	18057	买盘
13:32:45	60.19	-0.01	13	78247	卖盘
13:32:42	60.2	--	6	36120	买盘
13:32:39	60.2	0.01	12	72240	买盘
13:32:36	60.19	--	17	102323	卖盘
13:32:33	60.19	-0.01	13	78247	卖盘
13:32:30	60.2	--	30	180600	买盘
13:32:27	60.2	0.05	45	270900	买盘
13:32:24	60.15	--	1	6015	卖盘
13:32:21	60.15	--	1	6015	卖盘
13:32:18	60.15	-0.04	18	108270	卖盘
13:32:15	60.19	0.04	1	6019	买盘
13:32:12	60.15	--	1	6015	卖盘
13:32:09	60.15	--	3	18045	卖盘
13:32:06	60.15	0.03	15	90225	买盘
13:32:03	60.12	-0.03	3	18036	卖盘
13:32:00	60.15	--	14	84210	卖盘
13:31:57	60.15	--	3	18045	卖盘
13:31:54	60.15	0.04	5	30075	买盘
13:31:51	60.11	-0.04	7	42077	卖盘
13:31:48	60.15	--	1	6015	买盘
13:31:45	60.15	--	5	30075	卖盘
13:31:42	60.15	--	1	6015	卖盘
13:31:39	60.15	-0.05	6	36090	卖盘
13:31:36	60.2	--	1	6020	中性盘
13:31:33	60.2	--	5	30100	卖盘
13:31:30	60.2	0.04	30	180600	卖盘
13:31:27	60.16	--	5	30080	买盘
13:31:24	60.16	0.06	6	36096	中性盘
13:31:21	60.1	--	10	60100	卖盘
13:31:18	60.1	-0.15	3	18030	卖盘
13:31:15	60.25	0.05	70	421750	买盘
13:31:12	60.2	--	3	18060	买盘
13:31:09	60.2	--	61	367220	买盘
13:31:06	60.2	-0.18	32	192640	卖盘
13:31:03	60.38	-0.01	2	12076	中性盘
13:31:00	60.39	-0.01	2	12078	中性盘
13:30:57	60.4	--	18	108720	买盘
13:30:54	60.4	-0.02	121	734464	卖盘
13:30:51	60.42	0.02	162	978804	买盘
13:30:48	60.4	-0.01	25	151000	卖盘
13:30:45	60.41	-0.01	22	132902	卖盘
13:30:42	60.42	0.02	173	1045266	中性盘
13:30:39	60.4	--	44	265760	卖盘
13:30:36	60.4	--	44	265760	卖盘
13:30:33	60.4	--	36	217440	卖盘
13:30:30	60.4	--	84	507360	卖盘
13:30:27	60.4	--	7	42280	卖盘
13:30:24	60.4	-0.02	65	392600	卖盘
13:30:21	60.42	0.02	96	580032	买盘
13:30:18	60.4	--	55	332200	卖盘
13:30:15	60.4	--	5	30200	卖盘
13:30:12	60.4	-0.02	6	36240	卖盘
13:30:09	60.42	-0.06	25	151050	中性盘
13:30:06	60.48	--	14	84672	买盘
13:30:03	60.48	0.07	15	90720	买盘
13:30:00	60.41	-0.01	31	187271	卖盘
13:29:57	60.42	-0.06	28	169176	卖盘
13:29:54	60.48	--	41	247968	卖盘
13:29:51	60.48	0.01	2	14515	买盘
13:29:48	60.47	0.05	1	6047	中性盘
13:29:45	60.42	0.02	18	108756	买盘
13:29:42	60.4	-0.02	49	295960	卖盘
13:29:39	60.42	-0.06	1	6042	中性盘
13:29:36	60.48	0.06	81	489888	买盘
13:29:33	60.42	0.02	1	6042	买盘
13:29:30	60.4	--	62	374480	卖盘
13:29:27	60.4	--	6	36240	卖盘
13:29:24	60.4	0.05	42	253680	买盘
13:29:21	60.35	-0.03	56	337960	中性盘
13:29:18	60.38	0.07	15	90570	中性盘
13:29:15	60.31	--	49	295519	卖盘
13:29:12	60.31	--	61	367891	卖盘
13:29:09	60.31	0.02	7	42217	买盘
13:29:06	60.29	-0.01	62	373798	卖盘
13:29:03	60.3	--	4	24120	买盘
13:29:00	60.3	--	47	283410	买盘
13:28:57	60.3	0.05	22	132660	买盘
13:28:54	60.25	-0.05	54	325350	卖盘
13:28:51	60.3	0.05	13	78390	买盘
13:28:48	60.25	-0.01	16	96400	卖盘
13:28:45	60.26	0.01	5	30130	买盘
13:28:42	60.25	--	9	54225	卖盘
13:28:39	60.25	0.07	125	753125	买盘
13:28:36	60.18	-0.01	61	367098	卖盘
13:28:33	60.19	-0.01	55	331045	卖盘
13:28:30	60.2	0.01	8	48160	买盘
13:28:27	60.19	0.04	4	24076	中性盘
13:28:24	60.15	--	88	529320	卖盘
13:28:21	60.15	-0.04	7	42105	卖盘
13:28:18	60.19	0.04	10	60190	买盘
13:28:15	60.15	0.04	16	96240	买盘
13:28:12	60.11	--	1	6011	买盘
13:28:09	60.11	0.01	9	54099	买盘
13:28:06	60.1	--	44	264440	买盘
13:28:03	60.1	--	26	156260	买盘
13:28:00	60.1	0.05	6	36060	买盘
13:27:57	60.05	-0.04	6	36030	卖盘
13:27:54	60.09	0.08	2	12018	买盘
13:27:51	60.01	0.01	6	36006	卖盘
13:27:48	60.0	--	63	378000	卖盘
13:27:45	60.0	--	21	126000	卖盘
13:27:42	60.0	--	17	102000	买盘
13:27:39	60.0	--	43	258000	买盘
13:27:33	60.0	0.01	96	576000	买盘
13:27:30	59.99	-0.01	40	239960	中性盘
13:27:27	60.0	0.02	10	60000	买盘
13:27:24	59.98	-0.01	6	35988	卖盘
13:27:18	59.99	0.05	106	635894	买盘
13:27:15	59.94	-0.02	11	65934	卖盘
13:27:12	59.96	0.05	7	41972	买盘
13:27:09	59.91	-0.04	64	383424	卖盘
13:27:06	59.95	0.01	3	17985	买盘
13:27:03	59.94	0.03	55	329670	卖盘
13:27:00	59.91	-0.03	7	41937	卖盘
13:26:57	59.94	--	7	41958	买盘
13:26:54	59.94	0.04	24	143856	买盘
13:26:51	59.9	-0.01	9	53910	卖盘
13:26:48	59.91	--	16	95856	买盘
13:26:45	59.91	-0.03	20	119820	卖盘
13:26:42	59.94	0.04	11	65934	中性盘
13:26:39	59.9	-0.05	9	53910	卖盘
13:26:36	59.95	--	23	137885	买盘
13:26:33	59.95	0.05	22	131890	买盘
13:26:30	59.9	-0.04	11	65890	卖盘
13:26:27	59.94	0.04	8	47952	买盘
13:26:24	59.9	--	22	131780	卖盘
13:26:21	59.9	--	8	47920	卖盘
13:26:18	59.9	0.03	83	497170	买盘
13:26:15	59.87	--	20	119740	买盘
13:26:12	59.87	--	6	35922	买盘
13:26:09	59.87	--	11	65857	买盘
13:26:06	59.87	0.01	15	89805	买盘
13:26:03	59.86	-0.01	34	203524	卖盘
13:26:00	59.87	--	7	41909	卖盘
13:25:57	59.87	-0.01	25	149675	卖盘
13:25:54	59.88	--	4	23952	买盘
13:25:51	59.88	--	62	371256	买盘
13:25:48	59.88	--	37	221556	买盘
13:25:45	59.88	--	57	341316	卖盘
13:25:42	59.88	-0.07	39	233532	卖盘
13:25:39	59.95	0.07	9	53955	买盘
13:25:36	59.88	-0.02	33	197604	卖盘
13:25:33	59.9	--	32	191680	买盘
13:25:30	59.9	0.02	3	17970	买盘
13:25:27	59.88	-0.03	34	203592	卖盘
13:25:24	59.91	--	67	401397	买盘
13:25:21	59.91	-0.02	55	329505	卖盘
13:25:18	59.93	0.02	10	59930	买盘
13:25:15	59.91	-0.04	11	65901	卖盘
13:25:12	59.95	-0.01	4	23980	中性盘
13:25:09	59.96	0.05	8	47968	买盘
13:25:06	59.91	-0.05	14	83874	卖盘
13:25:03	59.96	0.03	1	5996	买盘
13:25:00	59.93	-0.03	18	107874	卖盘
13:24:57	59.96	-0.04	69	413724	卖盘
13:24:54	60.0	0.01	1	6000	买盘
13:24:51	59.99	-0.01	3	17997	卖盘
13:24:48	60.0	--	8	48000	买盘
13:24:45	60.0	-0.04	84	504000	卖盘
13:24:42	60.04	-0.06	46	276184	卖盘
13:24:39	60.1	--	15	90150	买盘
13:24:36	60.1	--	17	102170	买盘
13:24:33	60.1	-0.01	115	691150	卖盘
13:24:30	60.11	-0.04	6	36066	卖盘
13:24:27	60.15	0.01	4	24060	买盘
13:24:21	60.14	-0.06	43	258602	卖盘
13:24:18	60.2	0.04	135	812700	买盘
13:24:15	60.16	-0.02	22	132352	卖盘
13:24:12	60.18	--	2	12036	买盘
13:24:09	60.18	0.02	54	324972	中性盘
13:24:06	60.16	0.12	17	102272	买盘
13:24:03	60.04	-0.1	16	96064	卖盘
13:24:00	60.14	0.04	16	96224	卖盘
13:23:57	60.1	-0.1	25	150250	卖盘
13:23:54	60.2	0.05	30	180600	买盘
13:23:51	60.15	0.05	14	84210	买盘
13:23:48	60.1	--	15	90150	卖盘
13:23:45	60.1	--	14	84140	卖盘
13:23:42	60.1	--	14	84140	卖盘
13:23:39	60.1	0.06	15	90150	买盘
13:23:36	60.04	0.04	3	18012	买盘
13:23:33	60.0	-0.01	28	168000	卖盘
13:23:30	60.01	-0.06	19	114019	卖盘
13:23:27	60.07	0.06	14	84098	买盘
13:23:24	60.01	0.01	1	6001	买盘
13:23:21	60.0	--	61	366000	买盘
13:23:18	60.0	--	36	216000	买盘
13:23:15	60.0	--	19	114000	买盘
13:23:12	60.0	--	113	678000	买盘
13:23:09	60.0	--	27	162000	买盘
13:23:06	60.0	--	12	72000	买盘
13:23:03	60.0	--	30	180000	买盘
13:23:00	60.0	0.01	210	1260000	买盘
13:22:57	59.99	--	16	95984	买盘
13:22:54	59.99	-0.01	49	293951	买盘
13:22:51	60.0	--	4	24000	买盘
13:22:48	60.0	0.09	9	54000	买盘
13:22:45	59.91	-0.05	81	485271	卖盘
13:22:42	59.96	--	3	17988	卖盘
13:22:39	59.96	-0.04	3	17988	卖盘
13:22:36	60.0	0.04	39	234000	买盘
13:22:33	59.96	0.05	27	161892	买盘
13:22:30	59.91	0.01	4	23964	买盘
13:22:27	59.9	-0.01	13	77870	卖盘
13:22:24	59.91	0.03	16	95856	买盘
13:22:21	59.88	-0.02	12	71856	卖盘
13:22:18	59.9	0.02	9	53910	买盘
13:22:15	59.88	--	3	17964	买盘
13:22:12	59.88	--	11	65868	买盘
13:22:09	59.88	0.03	27	161676	买盘
13:22:06	59.85	-0.01	49	293265	卖盘
13:22:03	59.86	-0.02	9	53874	卖盘
13:22:00	59.88	--	19	113772	中性盘
13:21:57	59.88	0.03	39	233532	买盘
13:21:54	59.85	-0.03	2	11970	卖盘
13:21:51	59.88	0.01	10	59880	买盘
13:21:48	59.87	0.02	10	59870	卖盘
13:21:45	59.85	-0.02	51	305235	卖盘
13:21:42	59.87	-0.04	20	119740	卖盘
13:21:39	59.91	0.01	3	17973	买盘
13:21:36	59.9	-0.01	16	95840	卖盘
13:21:33	59.91	--	11	65901	卖盘
13:21:30	59.91	-0.05	8	47928	卖盘
13:21:27	59.96	0.05	3	17988	买盘
13:21:24	59.91	-0.09	3	17973	卖盘
13:21:18	60.0	--	44	264000	买盘
13:21:12	60.0	-0.16	250	1500000	卖盘
13:21:06	60.16	--	2	12032	买盘
13:21:03	60.16	--	1	6016	买盘
13:21:00	60.16	-0.04	25	150400	卖盘
13:20:57	60.2	--	32	192640	买盘
13:20:54	60.2	--	12	72240	卖盘
13:20:51	60.2	--	13	78260	卖盘
13:20:48	60.2	-0.06	15	90300	卖盘
13:20:45	60.26	0.01	21	126546	买盘
13:20:42	60.25	0.05	10	60250	买盘
13:20:39	60.2	-0.06	45	270900	卖盘
13:20:36	60.26	0.01	13	78338	买盘
13:20:33	60.25	-0.01	1	6025	中性盘
13:20:30	60.26	-0.02	52	313352	卖盘
13:20:27	60.28	0.01	3	18084	中性盘
13:20:24	60.27	-0.03	2	12054	卖盘
13:20:21	60.3	0.03	19	114570	买盘
13:20:15	60.27	-0.01	21	126567	卖盘
13:20:12	60.28	-0.02	4	24112	卖盘
13:20:09	60.3	0.03	5	30150	买盘
13:20:06	60.27	-0.03	5	30135	卖盘
13:20:03	60.3	0.02	74	446220	卖盘
13:20:00	60.28	--	45	271260	买盘
13:19:57	60.28	-0.05	135	813780	卖盘
13:19:54	60.33	0.02	19	114627	买盘
13:19:51	60.31	0.01	17	102527	卖盘
13:19:48	60.3	-0.01	17	102510	卖盘
13:19:45	60.31	-0.09	27	162837	卖盘
13:19:42	60.4	0.09	65	392600	买盘
13:19:39	60.31	--	33	199023	买盘
13:19:33	60.31	--	10	60310	买盘
13:19:30	60.31	0.01	32	192992	买盘
13:19:27	60.3	0.01	12	72360	买盘
13:19:24	60.29	0.02	6	36174	中性盘
13:19:21	60.27	-0.03	14	84378	卖盘
13:19:18	60.3	--	13	78390	买盘
13:19:15	60.3	--	2	12060	卖盘
13:19:12	60.3	-0.01	24	144720	中性盘
13:19:09	60.31	--	14	84434	买盘
13:19:06	60.31	0.05	100	603100	买盘
13:19:03	60.26	-0.04	16	96416	卖盘
13:19:00	60.3	--	7	42210	买盘
13:18:57	60.3	--	25	150750	买盘
13:18:54	60.3	0.04	48	289440	买盘
13:18:51	60.26	-0.05	66	397716	卖盘
13:18:48	60.31	0.01	34	205054	买盘
13:18:45	60.3	--	30	180900	买盘
13:18:42	60.3	--	25	150750	买盘
13:18:39	60.3	--	12	72360	卖盘
13:18:36	60.3	-0.01	48	289440	卖盘
13:18:33	60.31	--	6	36186	卖盘
13:18:30	60.31	-0.09	34	205054	卖盘
13:18:27	60.4	-0.07	99	597960	卖盘
13:18:24	60.47	0.11	41	247927	买盘
13:18:21	60.36	-0.04	47	283692	卖盘
13:18:18	60.4	--	2	12080	买盘
13:18:15	60.4	-0.1	8	51944	卖盘
13:18:12	60.5	--	147	889350	买盘
13:18:09	60.5	--	6	36300	买盘
13:18:06	60.5	0.03	20	121000	中性盘
13:18:03	60.47	-0.04	127	767969	卖盘
13:18:00	60.51	-0.07	70	423570	卖盘
13:17:57	60.58	--	153	926874	买盘
13:17:54	60.58	--	94	569452	买盘
13:17:51	60.58	0.01	10	60580	买盘
13:17:48	60.57	0.01	23	139311	中性盘
13:17:45	60.56	0.01	31	187736	买盘
13:17:42	60.55	--	19	115045	卖盘
13:17:39	60.55	-0.01	69	417795	卖盘
13:17:36	60.56	--	15	90840	买盘
13:17:33	60.56	0.05	86	520816	买盘
13:17:30	60.51	-0.04	1	6051	中性盘
13:17:27	60.55	0.04	88	532840	买盘
13:17:24	60.51	0.01	7	42357	买盘
13:17:21	60.5	-0.01	97	586850	卖盘
13:17:18	60.51	0.01	47	286817	买盘
13:17:15	60.5	--	113	683650	买盘
13:17:12	60.5	--	204	1234200	买盘
13:17:09	60.5	--	28	169400	买盘
13:17:06	60.5	0.01	17	102850	买盘
13:17:03	60.49	--	3	18147	买盘
13:17:00	60.49	0.03	24	145176	买盘
13:16:57	60.46	-0.01	16	96736	卖盘
13:16:54	60.47	0.01	29	175363	买盘
13:16:51	60.46	--	27	163242	卖盘
13:16:48	60.46	0.06	31	187426	买盘
13:16:45	60.4	0.05	19	114760	买盘
13:16:42	60.35	-0.05	26	156910	卖盘
13:16:39	60.4	--	5	30200	买盘
13:16:36	60.4	0.04	223	1346920	买盘
13:16:33	60.36	0.01	33	199188	买盘
13:16:30	60.35	--	15	90525	卖盘
13:16:27	60.35	-0.08	41	247435	卖盘
13:16:24	60.43	-0.02	21	126903	中性盘
13:16:21	60.45	0.1	34	205530	买盘
13:16:18	60.35	-0.05	21	126735	卖盘
13:16:12	60.4	0.04	106	640240	买盘
13:16:03	60.36	0.06	2	12072	买盘
13:16:00	60.3	--	3	18090	卖盘
13:15:57	60.3	0.01	11	66330	中性盘
13:15:54	60.29	--	19	114551	卖盘
13:15:51	60.29	--	187	1127423	买盘
13:15:48	60.29	0.03	3	18087	买盘
13:15:45	60.26	--	27	162702	卖盘
13:15:42	60.26	-0.03	27	162702	卖盘
13:15:39	60.29	0.04	8	48232	买盘
13:15:36	60.25	-0.04	1	6025	中性盘
13:15:33	60.29	--	46	277334	买盘
13:15:30	60.29	0.03	66	397914	买盘
13:15:27	60.26	--	19	114494	买盘
13:15:24	60.26	--	23	138598	买盘
13:15:21	60.26	0.01	24	144624	买盘
13:15:18	60.25	--	4	24100	买盘
13:15:15	60.25	0.03	59	355475	买盘
13:15:12	60.22	0.02	18	108396	买盘
13:15:09	60.2	--	41	246820	买盘
13:15:06	60.2	--	1	6020	买盘
13:15:03	60.2	-0.01	4	24080	中性盘
13:14:57	60.21	0.01	18	108378	买盘
13:14:54	60.2	-0.02	8	48160	卖盘
13:14:51	60.22	-0.03	11	66242	中性盘
13:14:48	60.25	0.05	9	54225	买盘
13:14:45	60.2	--	5	30100	卖盘
13:14:42	60.2	-0.02	26	156520	卖盘
13:14:39	60.22	-0.06	41	246902	卖盘
13:14:36	60.28	0.02	12	72336	中性盘
13:14:30	60.26	0.04	25	150650	中性盘
13:14:27	60.22	-0.08	3	18066	卖盘
13:14:24	60.3	--	17	102510	买盘
13:14:21	60.3	--	81	488430	买盘
13:14:18	60.3	-0.06	20	120600	中性盘
13:14:15	60.36	--	17	102612	买盘
13:14:12	60.36	-0.01	119	718284	卖盘
13:14:09	60.37	--	46	277702	买盘
13:14:06	60.37	0.01	5	30185	买盘
13:14:03	60.36	-0.12	54	325944	卖盘
13:14:00	60.48	0.11	17	102816	买盘
13:13:57	60.37	-0.11	15	90555	买盘
13:13:54	60.48	0.09	489	2957472	买盘
13:13:51	60.39	0.02	49	295911	买盘
13:13:48	60.37	--	12	72444	买盘
13:13:45	60.37	0.01	42	253554	买盘
13:13:42	60.36	-0.01	23	138828	中性盘
13:13:39	60.37	0.02	35	211295	买盘
13:13:36	60.35	0.04	21	126735	买盘
13:13:33	60.31	-0.07	9	54279	卖盘
13:13:30	60.38	0.02	14	84532	买盘
13:13:27	60.36	0.09	8	48288	买盘
13:13:24	60.27	-0.13	19	114513	卖盘
13:13:21	60.4	0.04	21	126840	买盘
13:13:18	60.36	-0.02	16	96576	卖盘
13:13:15	60.38	-0.09	98	591724	卖盘
13:13:12	60.47	0.05	31	187457	买盘
13:13:09	60.42	-0.06	135	815670	卖盘
13:13:06	60.48	--	54	326592	买盘
13:13:03	60.48	0.1	31	187488	买盘
13:13:00	60.38	-0.1	76	458888	卖盘
13:12:57	60.48	--	48	290304	买盘
13:12:54	60.48	0.1	36	217728	买盘
13:12:51	60.38	-0.02	240	1449120	中性盘
13:12:48	60.4	0.12	17	102680	买盘
13:12:45	60.28	--	205	1235740	买盘
13:12:42	60.28	0.06	106	638968	买盘
13:12:39	60.22	-0.03	645	3884190	卖盘
13:12:36	60.25	0.03	1	6025	中性盘
13:12:33	60.22	--	66	397452	卖盘
13:12:30	60.22	--	34	204748	卖盘
13:12:27	60.22	0.13	535	3227551	买盘
13:12:24	60.09	0.01	139	835251	买盘
13:12:21	60.08	--	6	36048	买盘
13:12:18	60.08	0.01	25	150200	买盘
13:12:15	60.07	-0.02	30	180210	卖盘
13:12:12	60.09	0.01	3	18027	买盘
13:12:09	60.08	0.01	34	204272	买盘
13:12:06	60.07	-0.03	42	252294	中性盘
13:12:03	60.1	0.01	38	228380	买盘
13:12:00	60.09	0.01	29	174261	买盘
13:11:57	60.08	--	59	354472	卖盘
13:11:54	60.08	-0.01	17	102136	买盘
13:11:51	60.09	0.03	24	144216	买盘
13:11:48	60.06	-0.02	20	120120	中性盘
13:11:45	60.08	0.01	58	348464	买盘
13:11:42	60.07	--	21	126147	买盘
13:11:39	60.07	--	45	270315	买盘
13:11:36	60.07	-0.01	35	210245	中性盘
13:11:33	60.08	--	29	174232	买盘
13:11:30	60.08	0.01	77	462856	买盘
13:11:27	60.07	--	33	198231	卖盘
13:11:24	60.07	-0.01	130	780910	卖盘
13:11:21	60.08	--	85	510680	买盘
13:11:18	60.08	0.01	56	336448	买盘
13:11:15	60.07	--	5	30035	卖盘
13:11:12	60.07	0.07	239	1441439	买盘
13:11:09	60.0	0.12	3	18000	买盘
13:11:00	59.88	--	4	23952	卖盘
13:10:57	59.88	-0.13	1	5988	卖盘
13:10:54	60.01	0.13	500	3000500	买盘
13:10:51	59.88	0.01	3	17964	买盘
13:10:48	59.87	0.01	21	125727	中性盘
13:10:42	59.86	-0.01	6	35916	卖盘
13:10:39	59.87	--	7	41909	买盘
13:10:36	59.87	--	5	29935	买盘
13:10:30	59.87	-0.01	1	5987	中性盘
13:10:27	59.88	0.02	25	149700	买盘
13:10:24	59.86	--	5	29930	卖盘
13:10:21	59.86	--	17	101762	卖盘
13:10:18	59.86	--	17	101762	卖盘
13:10:12	59.86	--	3	17958	买盘
13:10:09	59.86	--	2	11972	买盘
13:10:06	59.86	0.01	1	5986	买盘
13:10:03	59.85	-0.01	4	23940	卖盘
13:10:00	59.86	--	4	23944	卖盘
13:09:57	59.86	-0.01	3	17958	卖盘
13:09:54	59.87	0.01	7	41909	买盘
13:09:51	59.86	-0.01	5	29930	卖盘
13:09:48	59.87	0.01	30	179610	买盘
13:09:42	59.86	-0.01	7	41902	卖盘
13:09:39	59.87	0.01	9	53883	买盘
13:09:36	59.86	-0.01	37	221482	卖盘
13:09:33	59.87	0.01	20	119740	买盘
13:09:30	59.86	-0.01	12	71832	卖盘
13:09:27	59.87	--	4	23948	买盘
13:09:21	59.87	--	1	5987	买盘
13:09:18	59.87	--	3	17961	买盘
13:09:15	59.87	-0.01	27	161649	卖盘
13:09:12	59.88	-0.1	8	47904	卖盘
13:09:09	59.98	0.08	50	299900	买盘
13:09:06	59.9	--	1	5990	买盘
13:09:03	59.9	--	3	17970	买盘
13:08:57	59.9	-0.05	14	83860	中性盘
13:08:54	59.95	0.08	3	17985	买盘
13:08:51	59.87	-0.01	7	41909	卖盘
13:08:48	59.88	-0.02	5	29940	卖盘
13:08:45	59.9	0.04	1	5990	中性盘
13:08:30	59.86	-0.1	15	89790	卖盘
13:08:24	59.96	0.1	79	473684	买盘
13:08:18	59.86	--	1	5986	买盘
13:08:12	59.86	-0.03	69	413034	卖盘
13:08:09	59.89	--	13	77857	买盘
13:08:06	59.89	--	19	113791	买盘
13:08:03	59.89	0.01	15	89835	买盘
13:07:57	59.88	--	4	23952	卖盘
13:07:54	59.88	--	7	41916	买盘
13:07:51	59.88	--	12	71856	买盘
13:07:48	59.88	0.02	6	35928	买盘
13:07:45	59.86	0.02	5	29930	买盘
13:07:42	59.84	-0.01	10	59840	卖盘
13:07:39	59.85	0.01	2	11970	卖盘
13:07:36	59.84	-0.04	3	17952	卖盘
13:07:33	59.88	0.03	35	209580	买盘
13:07:30	59.85	--	20	119700	买盘
13:07:24	59.85	--	3	17955	买盘
13:07:21	59.85	0.01	2	11970	买盘
13:07:18	59.84	-0.01	1	5984	卖盘
13:07:15	59.85	--	1	5985	买盘
13:07:12	59.85	-0.04	4	23940	卖盘
13:07:06	59.89	0.04	10	59890	买盘
13:07:03	59.85	-0.03	3	17955	中性盘
13:06:57	59.88	0.04	8	47904	买盘
13:06:54	59.84	--	1	5984	卖盘
13:06:51	59.84	--	9	53856	卖盘
13:06:48	59.84	--	8	47872	买盘
13:06:45	59.84	--	24	143616	买盘
13:06:42	59.84	--	6	35904	买盘
13:06:39	59.84	-0.05	20	119680	卖盘
13:06:33	59.89	0.05	17	101813	买盘
13:06:27	59.84	--	16	95744	卖盘
13:06:24	59.84	-0.04	1	5984	卖盘
13:06:21	59.88	0.08	4	23952	买盘
13:06:15	59.8	-0.08	19	113620	卖盘
13:06:12	59.88	0.04	21	125748	买盘
13:06:09	59.84	--	10	59840	买盘
13:06:06	59.84	0.04	14	83776	买盘
13:06:03	59.8	-0.1	22	131560	卖盘
13:06:00	59.9	--	4	23960	卖盘
13:05:57	59.9	-0.07	1	5990	卖盘
13:05:54	59.97	0.17	22	131934	买盘
13:05:51	59.8	-0.17	62	370760	卖盘
13:05:48	59.97	0.29	31	185907	买盘
13:05:45	59.68	-0.25	185	1104080	卖盘
13:05:42	59.93	-0.04	26	155818	卖盘
13:05:39	59.97	--	1	5997	买盘
13:05:36	59.97	0.04	8	47976	买盘
13:05:33	59.93	0.13	19	113867	买盘
13:05:27	59.8	-0.17	4	23920	卖盘
13:05:24	59.97	0.17	74	443778	买盘
13:05:18	59.8	0.01	24	143520	买盘
13:05:15	59.79	0.07	6	35874	买盘
13:05:12	59.72	0.01	2	11944	中性盘
13:05:09	59.71	-0.08	3	17913	卖盘
13:05:06	59.79	0.08	15	89685	买盘
13:05:03	59.71	-0.05	2	11942	卖盘
13:04:57	59.76	-0.03	4	23904	中性盘
13:04:54	59.79	0.03	1	5979	买盘
13:04:48	59.76	-0.04	15	89640	卖盘
13:04:45	59.8	--	27	161460	卖盘
13:04:42	59.8	0.01	1	5980	中性盘
13:04:39	59.79	-0.03	20	119580	卖盘
13:04:36	59.82	--	3	17946	买盘
13:04:33	59.82	--	3	17946	买盘
13:04:30	59.82	0.04	2	11964	买盘
13:04:27	59.78	--	4	23912	卖盘
13:04:24	59.78	--	6	35868	卖盘
13:04:21	59.78	-0.07	7	41846	卖盘
13:04:18	59.85	0.05	23	137655	买盘
13:04:15	59.8	-0.06	23	137540	卖盘
13:04:12	59.86	--	18	107748	卖盘
13:04:09	59.86	--	21	125706	卖盘
13:04:06	59.86	-0.01	8	47888	卖盘
13:04:03	59.87	--	8	47896	卖盘
13:03:57	59.87	--	6	35922	卖盘
13:03:54	59.87	-0.03	7	41909	卖盘
13:03:51	59.9	0.02	3	17970	买盘
13:03:48	59.88	-0.02	6	35928	卖盘
13:03:45	59.9	--	1	5990	中性盘
13:03:42	59.9	--	1	5990	买盘
13:03:39	59.9	-0.01	2	11980	卖盘
13:03:36	59.91	--	10	59910	买盘
13:03:33	59.91	--	4	23964	买盘
13:03:27	59.91	0.01	4	23964	中性盘
13:03:24	59.9	-0.08	12	71880	卖盘
13:03:21	59.98	--	15	89970	买盘
13:03:18	59.98	--	87	521826	买盘
13:03:15	59.98	-0.01	23	137954	卖盘
13:03:12	59.99	--	10	59990	卖盘
13:03:09	59.99	0.01	1	5999	中性盘
13:03:06	59.98	-0.01	214	1283572	卖盘
13:03:03	59.99	--	17	101983	买盘
13:03:00	59.99	0.01	3	17997	买盘
13:02:57	59.98	--	11	65978	买盘
13:02:54	59.98	--	8	47984	买盘
13:02:51	59.98	--	18	107964	买盘
13:02:48	59.98	--	51	305898	买盘
13:02:45	59.98	--	12	71976	买盘
13:02:42	59.98	--	13	77974	买盘
13:02:39	59.98	-0.01	242	1451516	卖盘
13:02:36	59.99	0.01	54	323946	买盘
13:02:33	59.98	--	23	137954	卖盘
13:02:30	59.98	--	30	179940	卖盘
13:02:27	59.98	-0.01	32	191936	中性盘
13:02:24	59.99	0.09	25	149975	买盘
13:02:18	59.9	0.03	1	5990	买盘
13:02:15	59.87	-0.12	11	65857	卖盘
13:02:12	59.99	0.09	26	155974	买盘
13:02:09	59.9	0.03	18	107820	买盘
13:02:06	59.87	--	10	59870	卖盘
13:02:03	59.87	-0.03	23	137701	卖盘
13:02:00	59.9	--	20	119800	卖盘
13:01:57	59.9	-0.09	1	5990	卖盘
13:01:54	59.99	--	9	53991	买盘
13:01:51	59.99	--	16	95984	买盘
13:01:48	59.99	--	45	269955	买盘
13:01:45	59.99	-0.01	30	179970	卖盘
13:01:42	60.0	--	11	66000	买盘
13:01:39	60.0	-0.03	141	846000	卖盘
13:01:36	60.03	-0.03	3	18009	中性盘
13:01:33	60.06	0.06	22	132132	买盘
13:01:30	60.0	-0.05	28	168000	卖盘
13:01:27	60.05	0.02	37	222185	买盘
13:01:24	60.03	0.01	97	582291	买盘
13:01:21	60.02	-0.02	67	402134	卖盘
13:01:18	60.04	--	5	30020	卖盘
13:01:15	60.04	-0.01	60	360240	卖盘
13:01:12	60.05	0.01	86	516430	中性盘
13:01:09	60.04	--	17	102068	卖盘
13:01:06	60.04	0.01	20	120080	中性盘
13:01:03	60.03	-0.01	29	174087	中性盘
13:01:00	60.04	0.01	17	102068	买盘
13:00:57	60.03	0.01	8	48024	买盘
13:00:54	60.02	--	21	126042	买盘
13:00:51	60.02	0.02	30	180060	买盘
13:00:48	60.0	--	8	48000	卖盘
13:00:45	60.0	--	2	12000	卖盘
13:00:42	60.0	--	110	660000	买盘
13:00:39	60.0	--	11	66000	买盘
13:00:36	60.0	0.12	10	60000	买盘
13:00:33	59.88	-0.02	8	47904	卖盘
13:00:30	59.9	--	25	149750	买盘
13:00:27	59.9	-0.1	79	473210	卖盘
13:00:24	60.0	--	41	246000	买盘
13:00:21	60.0	--	18	108000	买盘
13:00:18	60.0	--	43	258000	买盘
13:00:15	60.0	--	18	108000	买盘
13:00:12	60.0	--	44	264000	买盘
13:00:09	60.0	0.01	105	630000	买盘
13:00:06	59.99	0.12	170	1019830	买盘
13:00:03	59.87	0.37	488	2921656	买盘
13:00:00	59.5	--	4	23800	卖盘
11:30:00	59.5	--	3	17850	卖盘
11:29:57	59.5	--	7	41650	卖盘
11:29:51	59.5	0.09	129	767550	买盘
11:29:42	59.41	--	2	11882	中性盘
11:29:36	59.41	0.01	8	47528	买盘
11:29:30	59.4	-0.01	10	59400	卖盘
11:29:27	59.41	-0.04	1	5941	卖盘
11:29:24	59.45	0.04	25	148625	买盘
11:29:09	59.41	0.05	2	11882	中性盘
11:29:06	59.36	-0.09	110	652960	卖盘
11:29:03	59.45	0.05	3	17835	买盘
11:29:00	59.4	-0.05	3	17820	卖盘
11:28:57	59.45	0.05	5	29725	买盘
11:28:54	59.4	-0.05	4	23760	中性盘
11:28:51	59.45	--	2	11890	买盘
11:28:48	59.45	0.07	22	130790	买盘
11:28:45	59.38	-0.06	1	5938	卖盘
11:28:42	59.44	0.06	7	41608	买盘
11:28:39	59.38	-0.01	5	29690	卖盘
11:28:30	59.39	-0.05	3	17817	中性盘
11:28:27	59.44	0.06	3	17832	买盘
11:28:24	59.38	--	17	100946	卖盘
11:28:21	59.38	0.02	1	5938	卖盘
11:28:18	59.36	-0.02	29	172144	卖盘
11:28:15	59.38	0.02	9	53442	买盘
11:28:12	59.36	-0.02	11	65296	卖盘
11:28:09	59.38	0.02	6	35628	买盘
11:28:06	59.36	-0.02	6	35616	卖盘
11:28:03	59.38	0.02	1	5938	买盘
11:28:00	59.36	--	3	17808	卖盘
11:27:57	59.36	-0.09	21	124656	卖盘
11:27:51	59.45	--	3	17835	卖盘
11:27:48	59.45	0.14	18	107010	买盘
11:27:45	59.31	-0.14	4	23724	卖盘
11:27:42	59.45	0.09	1	5945	买盘
11:27:36	59.36	-0.09	8	47488	卖盘
11:27:33	59.45	--	16	95120	买盘
11:27:30	59.45	0.09	67	398315	买盘
11:27:27	59.36	--	1	5936	买盘
11:27:24	59.36	--	46	273056	买盘
11:27:21	59.36	-0.09	44	261184	卖盘
11:27:18	59.45	0.07	9	53505	买盘
11:27:09	59.38	-0.1	21	124698	卖盘
11:27:06	59.48	--	35	208180	买盘
11:27:03	59.48	0.03	1	5948	买盘
11:27:00	59.45	-0.03	5	29725	卖盘
11:26:57	59.48	-0.01	20	118960	卖盘
11:26:54	59.49	--	9	53541	买盘
11:26:51	59.49	--	25	148725	卖盘
11:26:48	59.49	-0.01	4	23796	卖盘
11:26:42	59.5	--	4	23800	买盘
11:26:39	59.5	--	11	65450	买盘
11:26:36	59.5	-0.1	88	523600	卖盘
11:26:33	59.6	0.02	1	5960	买盘
11:26:30	59.58	-0.02	23	137034	卖盘
11:26:27	59.6	--	1	5960	买盘
11:26:24	59.6	-0.07	36	214560	卖盘
11:26:21	59.67	0.02	5	29835	中性盘
11:26:15	59.65	-0.01	11	65615	卖盘
11:26:12	59.66	0.06	13	77558	买盘
11:26:09	59.6	-0.05	9	53640	买盘
11:26:06	59.65	0.05	33	196845	买盘
11:26:03	59.6	--	9	53640	买盘
11:25:57	59.6	--	14	83440	买盘
11:25:54	59.6	-0.01	43	256280	卖盘
11:25:51	59.61	-0.04	37	220557	卖盘
11:25:48	59.65	0.04	3	17895	买盘
11:25:45	59.61	0.01	14	83454	买盘
11:25:39	59.6	-0.05	13	77480	卖盘
11:25:36	59.65	-0.02	39	232635	买盘
11:25:33	59.67	0.02	6	35802	买盘
11:25:30	59.65	-0.02	3	17895	卖盘
11:25:27	59.67	0.06	7	41769	买盘
11:25:24	59.61	-0.06	1	5961	卖盘
11:25:21	59.67	0.02	2	11934	买盘
11:25:18	59.65	-0.02	1	5965	中性盘
11:25:15	59.67	0.1	10	59670	中性盘
11:25:09	59.57	-0.11	14	83398	卖盘
11:25:03	59.68	0.1	15	89520	买盘
11:25:00	59.58	--	10	59580	买盘
11:24:57	59.58	--	17	101286	卖盘
11:24:54	59.58	-0.02	59	351522	卖盘
11:24:51	59.6	0.02	1	5960	买盘
11:24:48	59.58	-0.02	3	17874	卖盘
11:24:45	59.6	0.02	50	298000	买盘
11:24:42	59.58	0.01	35	208530	买盘
11:24:39	59.57	0.06	2	11914	买盘
11:24:36	59.51	-0.03	11	65461	卖盘
11:24:33	59.54	0.04	1	5954	中性盘
11:24:27	59.5	-0.06	23	136850	卖盘
11:24:24	59.56	0.05	11	65516	买盘
11:24:21	59.51	-0.03	7	41657	卖盘
11:24:18	59.54	0.03	2	11908	买盘
11:24:15	59.51	--	5	29755	卖盘
11:24:12	59.51	0.01	1	5951	买盘
11:24:09	59.5	-0.01	2	11900	卖盘
11:24:06	59.51	0.01	2	11902	买盘
11:24:03	59.5	--	32	190400	买盘
11:24:00	59.5	0.01	4	23800	买盘
11:23:57	59.49	--	13	77337	卖盘
11:23:54	59.49	--	6	35694	卖盘
11:23:51	59.49	--	11	65439	买盘
11:23:48	59.49	--	8	47592	买盘
11:23:42	59.49	0.01	2	11898	买盘
11:23:36	59.48	0.02	29	172492	中性盘
11:23:33	59.46	-0.03	4	23784	中性盘
11:23:30	59.49	--	15	89235	买盘
11:23:27	59.49	0.02	102	606798	买盘
11:23:24	59.47	-0.01	9	53523	卖盘
11:23:21	59.48	0.01	10	59480	买盘
11:23:18	59.47	--	45	267615	卖盘
11:23:15	59.47	-0.02	1	5947	卖盘
11:23:12	59.49	0.13	14	83286	买盘
11:23:09	59.36	0.01	7	41552	中性盘
11:23:06	59.35	--	16	94960	卖盘
11:23:03	59.35	--	25	148375	卖盘
11:23:00	59.35	--	11	65285	卖盘
11:22:57	59.35	--	5	29675	卖盘
11:22:54	59.35	-0.03	30	178050	卖盘
11:22:51	59.38	0.03	4	23752	中性盘
11:22:45	59.35	-0.05	48	284880	卖盘
11:22:42	59.4	0.04	1	5940	中性盘
11:22:39	59.36	--	25	148400	卖盘
11:22:36	59.36	0.01	9	53424	卖盘
11:22:33	59.35	-0.12	21	124635	卖盘
11:22:30	59.47	0.12	22	130834	买盘
11:22:27	59.35	-0.12	2	11870	卖盘
11:22:24	59.47	-0.03	12	71364	中性盘
11:22:15	59.5	0.15	19	113050	买盘
11:22:12	59.35	-0.15	115	682525	卖盘
11:22:09	59.5	--	1	5950	买盘
11:22:06	59.5	-0.05	57	339150	卖盘
11:22:03	59.55	0.05	17	101235	买盘
11:22:00	59.5	--	47	279650	卖盘
11:21:57	59.5	--	2	11900	卖盘
11:21:54	59.5	--	109	648550	卖盘
11:21:51	59.5	--	50	297500	卖盘
11:21:48	59.5	0.11	74	440300	买盘
11:21:45	59.39	0.01	7	41573	卖盘
11:21:36	59.38	-0.15	30	178140	卖盘
11:21:33	59.53	-0.03	8	47624	中性盘
11:21:30	59.56	0.03	9	53604	买盘
11:21:27	59.53	-0.03	22	130966	卖盘
11:21:24	59.56	0.06	25	148900	买盘
11:21:21	59.5	-0.06	38	226100	卖盘
11:21:18	59.56	-0.01	18	107208	卖盘
11:21:15	59.57	--	85	506345	中性盘
11:21:12	59.57	0.01	13	77441	买盘
11:21:09	59.56	-0.02	1	5956	卖盘
11:21:06	59.58	0.02	7	41706	买盘
11:21:03	59.56	-0.01	132	786192	卖盘
11:21:00	59.57	0.01	1	5957	中性盘
11:20:57	59.56	-0.02	2	11912	卖盘
11:20:54	59.58	0.02	107	637506	中性盘
11:20:51	59.56	--	79	470524	卖盘
11:20:48	59.56	--	96	571776	卖盘
11:20:45	59.56	0.03	84	500304	买盘
11:20:42	59.53	--	23	136919	买盘
11:20:39	59.53	0.03	4	23812	买盘
11:20:36	59.5	--	32	190400	卖盘
11:20:33	59.5	-0.03	1	5950	卖盘
11:20:30	59.53	--	31	184543	买盘
11:20:27	59.53	--	12	71436	卖盘
11:20:24	59.53	--	3	17859	卖盘
11:20:21	59.53	-0.07	11	65483	卖盘
11:20:18	59.6	--	2	11920	买盘
11:20:15	59.6	0.04	2	11920	买盘
11:20:12	59.56	-0.12	19	113164	卖盘
11:20:09	59.68	--	2	11936	买盘
11:20:06	59.68	--	5	29840	买盘
11:20:00	59.68	-0.02	23	137264	卖盘
11:19:57	59.7	--	12	71640	买盘
11:19:54	59.7	0.02	47	280590	买盘
11:19:51	59.68	--	1	5968	卖盘
11:19:48	59.68	-0.01	77	459536	卖盘
11:19:45	59.69	--	19	113411	买盘
11:19:42	59.69	0.01	6	35814	买盘
11:19:39	59.68	-0.01	7	41776	卖盘
11:19:36	59.69	0.01	1	5969	买盘
11:19:33	59.68	--	8	47744	买盘
11:19:30	59.68	--	2	11936	买盘
11:19:27	59.68	-0.02	19	113392	卖盘
11:19:24	59.7	0.01	8	47760	买盘
11:19:21	59.69	-0.01	1	5969	卖盘
11:19:18	59.7	--	79	471630	买盘
11:19:15	59.7	-0.01	72	429840	卖盘
11:19:12	59.71	-0.02	1	5971	中性盘
11:19:09	59.73	0.03	21	125433	买盘
11:19:03	59.7	--	14	83580	卖盘
11:19:00	59.7	0.02	2	11940	买盘
11:18:57	59.68	-0.01	24	143232	卖盘
11:18:51	59.69	-0.01	26	155194	中性盘
11:18:48	59.7	--	9	53730	买盘
11:18:45	59.7	--	261	1558170	买盘
11:18:42	59.7	0.01	13	77610	买盘
11:18:39	59.69	0.01	17	101473	买盘
11:18:36	59.68	-0.02	26	155168	卖盘
11:18:33	59.7	--	12	71640	买盘
11:18:30	59.7	--	67	399990	买盘
11:18:27	59.7	0.01	4	23880	买盘
11:18:24	59.69	--	17	101473	卖盘
11:18:21	59.69	--	15	89535	卖盘
11:18:18	59.69	0.03	87	519303	买盘
11:18:15	59.66	--	19	113354	买盘
11:18:12	59.66	--	18	107388	卖盘
11:18:09	59.66	--	2	11932	卖盘
11:18:06	59.66	0.01	2	11932	卖盘
11:18:03	59.65	-0.01	29	172985	卖盘
11:18:00	59.66	0.01	8	47728	买盘
11:17:57	59.65	-0.01	1	5965	卖盘
11:17:54	59.66	--	17	101422	买盘
11:17:51	59.66	-0.03	3	17898	中性盘
11:17:48	59.69	0.04	52	310388	买盘
11:17:45	59.65	-0.01	24	143160	卖盘
11:17:42	59.66	0.01	26	155116	卖盘
11:17:39	59.65	-0.01	26	155090	买盘
11:17:36	59.66	0.06	5	29830	中性盘
11:17:33	59.6	-0.09	9	53640	卖盘
11:17:30	59.69	0.05	60	358140	买盘
11:17:27	59.64	-0.02	4	23856	中性盘
11:17:24	59.66	0.01	12	71592	买盘
11:17:21	59.65	-0.04	4	23860	卖盘
11:17:18	59.69	--	1	5969	买盘
11:17:15	59.69	0.06	45	268605	买盘
11:17:12	59.63	0.01	43	256409	买盘
11:17:09	59.62	0.12	8	47696	中性盘
11:17:06	59.5	-0.15	151	898450	卖盘
11:17:03	59.65	--	8	47720	买盘
11:17:00	59.65	-0.01	6	35790	卖盘
11:16:57	59.66	0.03	18	107388	买盘
11:16:54	59.63	-0.02	44	262372	卖盘
11:16:51	59.65	--	23	137195	卖盘
11:16:48	59.65	-0.01	35	208775	卖盘
11:16:45	59.66	--	7	41762	买盘
11:16:42	59.66	0.03	17	101422	买盘
11:16:39	59.63	-0.05	12	71556	卖盘
11:16:36	59.68	0.02	6	35808	买盘
11:16:33	59.66	--	42	250572	卖盘
11:16:30	59.66	-0.04	6	35796	卖盘
11:16:27	59.7	0.07	1	5970	买盘
11:16:24	59.63	-0.1	8	47704	卖盘
11:16:21	59.73	0.07	41	244893	买盘
11:16:18	59.66	--	46	274436	卖盘
11:16:15	59.66	-0.09	23	137218	卖盘
11:16:12	59.75	0.15	7	41825	买盘
11:16:09	59.6	-0.1	23	137080	卖盘
11:16:06	59.7	0.04	17	101490	买盘
11:16:03	59.66	-0.09	54	322164	中性盘
11:16:00	59.75	0.05	36	215100	买盘
11:15:57	59.7	-0.06	20	119400	中性盘
11:15:54	59.76	0.01	56	334656	买盘
11:15:51	59.75	0.05	16	95600	中性盘
11:15:48	59.7	-0.06	20	119400	卖盘
11:15:45	59.76	--	68	406368	卖盘
11:15:42	59.76	-0.03	6	35856	卖盘
11:15:39	59.79	0.03	53	316887	中性盘
11:15:36	59.76	-0.13	55	328680	卖盘
11:15:33	59.89	--	49	293461	卖盘
11:15:30	59.89	0.1	36	215604	买盘
11:15:27	59.79	-0.08	59	352761	卖盘
11:15:24	59.87	-0.02	16	95792	中性盘
11:15:21	59.89	0.09	28	167692	买盘
11:15:18	59.8	-0.07	114	681720	卖盘
11:15:15	59.87	-0.03	23	137701	卖盘
11:15:12	59.9	-0.05	36	215640	中性盘
11:15:09	59.95	0.08	16	95920	中性盘
11:15:06	59.87	-0.02	21	125727	卖盘
11:15:03	59.89	--	6	35934	买盘
11:15:00	59.89	-0.06	1	5989	中性盘
11:14:57	59.95	-0.05	16	95920	中性盘
11:14:54	60.0	--	70	420000	买盘
11:14:51	60.0	0.01	25	150000	买盘
11:14:48	59.99	-0.02	96	575904	卖盘
11:14:45	60.01	-0.04	42	252042	卖盘
11:14:42	60.05	-0.01	33	198165	卖盘
11:14:39	60.06	-0.01	39	234234	买盘
11:14:36	60.07	0.03	116	696812	买盘
11:14:33	60.04	0.03	28	168112	买盘
11:14:30	60.01	-0.03	37	222037	卖盘
11:14:27	60.04	0.04	353	2119412	买盘
11:14:24	60.0	--	31	186000	卖盘
11:14:21	60.0	0.02	477	2862000	买盘
11:14:18	59.98	-0.01	314	1883372	中性盘
11:14:15	59.99	0.01	117	701883	买盘
11:14:12	59.98	0.08	19	113962	中性盘
11:14:09	59.9	-0.09	17	101830	卖盘
11:14:06	59.99	--	88	527912	买盘
11:14:03	59.99	0.01	45	269955	买盘
11:14:00	59.98	--	41	245918	买盘
11:13:57	59.98	0.08	6	35988	买盘
11:13:54	59.9	--	35	209650	卖盘
11:13:51	59.9	0.05	14	83860	中性盘
11:13:48	59.85	-0.03	74	442890	卖盘
11:13:45	59.88	-0.02	27	161676	卖盘
11:13:42	59.9	--	136	814640	买盘
11:13:39	59.9	0.05	7	41930	买盘
11:13:36	59.85	-0.03	32	191520	卖盘
11:13:33	59.88	--	124	742512	买盘
11:13:30	59.88	0.08	21	125748	买盘
11:13:27	59.8	-0.08	28	167440	卖盘
11:13:24	59.88	0.08	150	898200	买盘
11:13:21	59.8	--	70	418600	买盘
11:13:18	59.8	0.01	51	304980	买盘
11:13:15	59.79	-0.01	37	221223	卖盘
11:13:12	59.8	--	26	155480	卖盘
11:13:09	59.8	0.09	54	322920	买盘
11:13:06	59.71	-0.09	14	83594	卖盘
11:13:03	59.8	--	12	71760	卖盘
11:13:00	59.8	--	29	173420	卖盘
11:12:57	59.8	0.05	27	161460	买盘
11:12:54	59.75	-0.04	19	113525	卖盘
11:12:51	59.79	-0.01	112	669648	中性盘
11:12:48	59.8	--	31	185380	买盘
11:12:45	59.8	--	43	257140	买盘
11:12:42	59.8	--	50	299000	买盘
11:12:39	59.8	--	127	759460	买盘
11:12:36	59.8	--	93	556140	买盘
11:12:33	59.8	--	21	125580	买盘
11:12:30	59.8	-0.12	227	1357460	卖盘
11:12:27	59.92	0.12	368	2205056	买盘
11:12:24	59.8	--	2	11960	买盘
11:12:21	59.8	--	77	460460	买盘
11:12:18	59.8	0.3	240	1435200	买盘
11:12:15	59.5	-0.5	173	1029350	卖盘
11:12:12	60.0	-0.04	95	570000	卖盘
11:12:09	60.04	0.03	92	552368	中性盘
11:12:06	60.01	0.05	106	636106	买盘
11:12:03	59.96	-0.04	254	1522984	卖盘
11:12:00	60.0	-0.07	871	5226000	卖盘
11:11:57	60.07	0.05	101	606707	买盘
11:11:54	60.02	-0.05	98	588196	卖盘
11:11:51	60.07	0.07	175	1051225	中性盘
11:11:48	60.0	-0.07	182	1092000	卖盘
11:11:45	60.07	0.07	81	486567	买盘
11:11:42	60.0	--	104	624000	卖盘
11:11:39	60.0	--	123	738000	卖盘
11:11:36	60.0	0.01	343	2058000	买盘
11:11:33	59.99	--	93	557907	卖盘
11:11:30	59.99	-0.01	93	557907	卖盘
11:11:27	60.0	0.01	38	228000	买盘
11:11:24	59.99	0.03	886	5315114	买盘
11:11:21	59.96	0.01	136	815456	买盘
11:11:18	59.95	0.05	61	365695	买盘
11:11:15	59.9	--	95	569050	卖盘
11:11:12	59.9	--	36	215640	卖盘
11:11:09	59.9	0.02	570	3416097	买盘
11:11:06	59.88	0.01	20	119760	买盘
11:11:03	59.87	--	19	113753	卖盘
11:11:00	59.87	0.07	169	1013838	买盘
11:10:57	59.8	--	79	472420	买盘
11:10:54	59.8	--	132	789360	买盘
11:10:51	59.8	--	69	412620	买盘
11:10:48	59.8	0.04	88	526240	买盘
11:10:45	59.76	0.16	24	143424	卖盘
11:10:42	59.6	-0.03	127	756920	卖盘
11:10:39	59.63	0.05	8	47704	中性盘
11:10:36	59.58	-0.01	139	828162	卖盘
11:10:33	59.59	0.04	25	148975	中性盘
11:10:30	59.55	-0.03	26	154830	中性盘
11:10:27	59.58	0.01	15	89370	买盘
11:10:24	59.57	0.07	12	71484	买盘
11:10:21	59.5	--	114	678300	买盘
11:10:18	59.5	0.05	138	826098	买盘
11:10:15	59.45	-0.03	26	154570	卖盘
11:10:12	59.48	0.03	141	838668	买盘
11:10:09	59.45	--	1	5945	买盘
11:10:06	59.45	0.03	7	41615	买盘
11:10:03	59.42	0.01	243	1443906	买盘
11:10:00	59.41	0.01	1	5941	买盘
11:09:57	59.4	0.02	166	986040	买盘
11:09:54	59.38	-0.02	11	65318	卖盘
11:09:51	59.4	0.02	65	386100	买盘
11:09:48	59.38	--	6	35628	买盘
11:09:45	59.38	--	69	409722	卖盘
11:09:42	59.38	-0.03	30	178140	卖盘
11:09:39	59.41	0.01	47	279227	买盘
11:09:36	59.4	-0.01	22	130680	卖盘
11:09:33	59.41	0.03	33	196053	买盘
11:09:30	59.38	0.01	4	23752	中性盘
11:09:27	59.37	-0.05	13	77181	卖盘
11:09:24	59.42	-0.06	44	261448	卖盘
11:09:21	59.48	0.1	37	220076	买盘
11:09:18	59.38	-0.03	64	380032	卖盘
11:09:15	59.41	--	18	106938	卖盘
11:09:12	59.41	-0.07	27	160407	卖盘
11:09:09	59.48	0.08	55	327140	买盘
11:09:06	59.4	--	36	214790	卖盘
11:09:03	59.4	-0.09	18	106920	卖盘
11:09:00	59.49	--	11	65439	买盘
11:08:57	59.49	0.09	10	59490	中性盘
11:08:54	59.4	-0.09	22	130680	卖盘
11:08:51	59.49	-0.01	6	40691	卖盘
11:08:48	59.5	-0.02	12	71400	买盘
11:08:45	59.52	-0.06	46	273792	买盘
11:08:42	59.58	0.06	44	262152	买盘
11:08:39	59.52	-0.04	18	107136	中性盘
11:08:36	59.56	-0.02	46	273976	中性盘
11:08:33	59.58	0.06	8	47664	买盘
11:08:30	59.52	-0.08	29	172608	卖盘
11:08:27	59.6	0.08	69	411240	买盘
11:08:24	59.52	-0.06	43	255936	卖盘
11:08:21	59.58	0.05	31	184698	买盘
11:08:18	59.53	-0.05	28	166684	卖盘
11:08:15	59.58	--	20	119160	买盘
11:08:12	59.58	-0.07	13	77454	卖盘
11:08:09	59.65	0.05	90	536850	买盘
11:08:06	59.6	0.02	19	113240	买盘
11:08:03	59.58	-0.02	13	77454	卖盘
11:08:00	59.6	-0.05	38	226480	买盘
11:07:57	59.65	-0.04	29	172985	中性盘
11:07:54	59.69	0.09	42	250698	买盘
11:07:51	59.6	-0.26	18	107280	卖盘
11:07:48	59.86	--	7	41902	买盘
11:07:45	59.86	-0.04	32	191552	买盘
11:07:42	59.9	--	52	311480	买盘
11:07:39	59.9	0.32	22	131780	买盘
11:07:36	59.58	-0.32	30	178740	卖盘
11:07:33	59.9	-0.04	107	640930	卖盘
11:07:30	59.94	0.34	78	467532	买盘
11:07:27	59.6	-0.3	244	1454240	卖盘
11:07:24	59.9	--	123	736770	买盘
11:07:21	59.9	0.01	80	479200	买盘
11:07:18	59.89	0.02	173	1036097	买盘
11:07:15	59.87	--	82	490934	卖盘
11:07:12	59.87	0.02	52	311324	买盘
11:07:09	59.85	-0.01	44	263340	卖盘
11:07:06	59.86	0.01	237	1422273	买盘
11:07:03	59.85	0.06	241	1442385	买盘
11:07:00	59.79	0.08	99	591921	买盘
11:06:57	59.71	0.03	9	53739	卖盘
11:06:54	59.68	--	154	919072	买盘
11:06:51	59.68	--	11	65648	买盘
11:06:48	59.68	0.08	64	381952	买盘
11:06:45	59.6	0.02	355	2115800	买盘
11:06:42	59.58	0.03	99	589842	买盘
11:06:39	59.55	0.03	19	113145	买盘
11:06:36	59.52	0.02	1	5952	买盘
11:06:33	59.5	0.15	695	4135250	买盘
11:06:30	59.35	-0.05	7	41545	买盘
11:06:27	59.4	0.05	38	225720	买盘
11:06:24	59.35	0.05	212	1258220	买盘
11:06:21	59.3	--	90	533700	买盘
11:06:18	59.3	0.05	67	397310	买盘
11:06:15	59.25	-0.03	13	77025	卖盘
11:06:12	59.28	-0.02	26	154128	中性盘
11:06:09	59.3	--	33	195690	买盘
11:06:06	59.3	0.07	40	237200	买盘
11:06:03	59.23	0.03	5	29615	买盘
11:06:00	59.2	0.06	180	1065600	买盘
11:05:57	59.14	0.04	9	53226	买盘
11:05:54	59.1	0.01	265	1568514	买盘
11:05:51	59.09	0.04	17	100453	买盘
11:05:48	59.05	0.05	2	11810	买盘
11:05:45	59.0	--	28	165200	卖盘
11:05:42	59.0	0.01	80	472000	买盘
11:05:39	58.99	0.01	26	153374	买盘
11:05:36	58.98	-0.02	29	171042	卖盘
11:05:33	59.0	--	15	88500	买盘
11:05:30	59.0	0.07	17	100300	买盘
11:05:27	58.93	-0.02	30	176790	卖盘
11:05:24	58.95	-0.05	1	5895	中性盘
11:05:21	59.0	0.09	1	5900	买盘
11:05:18	58.91	--	11	64800	卖盘
11:05:15	58.91	-0.09	20	117820	卖盘
11:05:12	59.0	0.09	119	702100	买盘
11:05:09	58.91	0.01	41	241531	买盘
11:05:06	58.9	-0.01	9	53010	卖盘
11:05:03	58.91	0.01	1	5891	买盘
11:05:00	58.9	0.03	43	253270	买盘
11:04:57	58.87	--	13	76531	买盘
11:04:54	58.87	--	21	123627	卖盘
11:04:45	58.87	-0.03	4	23548	卖盘
11:04:42	58.9	0.03	1	5890	买盘
11:04:39	58.87	-0.03	33	194271	卖盘
11:04:36	58.9	--	3	17670	卖盘
11:04:33	58.9	--	5	29450	卖盘
11:04:30	58.9	0.05	36	212040	买盘
11:04:27	58.85	-0.06	272	1600720	卖盘
11:04:24	58.91	0.01	11	64800	买盘
11:04:21	58.9	--	17	100130	卖盘
11:04:18	58.9	-0.01	25	147250	卖盘
11:04:12	58.91	0.01	5	29455	买盘
11:04:09	58.9	--	6	35340	买盘
11:04:06	58.9	-0.03	1	5890	买盘
11:04:03	58.93	0.07	56	330008	卖盘
11:04:00	58.86	--	10	58860	卖盘
11:03:57	58.86	-0.06	107	629802	卖盘
11:03:51	58.92	--	2	11784	卖盘
11:03:48	58.92	--	1	5892	卖盘
11:03:45	58.92	0.07	4	23568	买盘
11:03:39	58.85	-0.06	100	588500	卖盘
11:03:36	58.91	0.01	8	47128	买盘
11:03:33	58.9	0.01	4	23560	中性盘
11:03:27	58.89	-0.01	5	29445	卖盘
11:03:15	58.9	-0.01	18	106020	卖盘
11:03:12	58.91	--	1	5891	卖盘
11:03:09	58.91	--	17	100147	卖盘
11:03:03	58.91	0.02	90	530190	买盘
11:03:00	58.89	-0.01	32	188448	卖盘
11:02:57	58.9	--	29	170810	卖盘
11:02:54	58.9	--	12	70680	卖盘
11:02:51	58.9	--	28	164920	卖盘
11:02:48	58.9	-0.01	15	88350	卖盘
11:02:45	58.91	-0.06	1	5891	卖盘
11:02:42	58.97	0.01	13	76661	买盘
11:02:39	58.96	0.05	54	318384	买盘
11:02:36	58.91	--	11	64800	买盘
11:02:33	58.91	0.01	48	282768	中性盘
11:02:30	58.9	-0.01	52	306280	卖盘
11:02:24	58.91	--	10	58910	卖盘
11:02:21	58.91	-0.08	1	5891	中性盘
11:02:15	58.99	0.09	2	11798	买盘
11:02:12	58.9	-0.01	78	459420	卖盘
11:02:09	58.91	0.01	25	147275	中性盘
11:02:06	58.9	-0.09	10	58900	卖盘
11:02:03	58.99	--	5	29495	买盘
11:02:00	58.99	--	6	35394	买盘
11:01:57	58.99	0.09	11	64889	买盘
11:01:54	58.9	-0.03	8	47120	卖盘
11:01:51	58.93	0.03	4	23572	买盘
11:01:48	58.9	--	8	47120	卖盘
11:01:45	58.9	0.02	31	182590	买盘
11:01:42	58.88	0.01	30	176640	中性盘
11:01:39	58.87	-0.02	10	58870	卖盘
11:01:36	58.89	0.07	151	889239	买盘
11:01:33	58.82	-0.06	161	947002	卖盘
11:01:30	58.88	--	21	123648	买盘
11:01:27	58.88	-0.06	8	47104	卖盘
11:01:24	58.94	0.05	10	58940	买盘
11:01:21	58.89	0.02	4	23556	卖盘
11:01:18	58.87	-0.02	11	64757	卖盘
11:01:15	58.89	0.02	1	5889	中性盘
11:01:12	58.87	-0.02	14	82418	卖盘
11:01:09	58.89	--	24	141336	买盘
11:01:06	58.89	--	3	17667	买盘
11:01:03	58.89	--	1	5889	买盘
11:01:00	58.89	-0.05	24	141336	卖盘
11:00:57	58.94	-0.01	4	23576	中性盘
11:00:54	58.95	0.02	11	64845	买盘
11:00:51	58.93	-0.02	51	300543	卖盘
11:00:48	58.95	-0.01	7	41265	买盘
11:00:45	58.96	-0.02	4	23584	中性盘
11:00:42	58.98	0.03	8	47184	买盘
11:00:39	58.95	0.08	57	336015	买盘
11:00:36	58.87	-0.06	10	58870	卖盘
11:00:33	58.93	-0.02	22	129646	卖盘
11:00:30	58.95	0.02	13	76635	卖盘
11:00:27	58.93	-0.04	12	70716	卖盘
11:00:24	58.97	0.07	7	41279	买盘
11:00:21	58.9	-0.05	18	106020	卖盘
11:00:18	58.95	-0.02	12	70740	中性盘
11:00:15	58.97	0.02	22	129734	买盘
11:00:12	58.95	--	25	147375	卖盘
11:00:09	58.95	--	8	47160	买盘
11:00:06	58.95	-0.03	28	165060	卖盘
11:00:03	58.98	--	6	35388	买盘
11:00:00	58.98	0.05	10	58980	买盘
10:59:57	58.93	-0.05	6	35358	卖盘
10:59:54	58.98	-0.02	2	11796	卖盘
10:59:51	59.0	0.07	35	206500	买盘
10:59:48	58.93	-0.05	15	88395	卖盘
10:59:45	58.98	0.05	8	47184	买盘
10:59:42	58.93	-0.05	3	17679	卖盘
10:59:39	58.98	0.05	156	920088	中性盘
10:59:30	58.93	0.13	8	47144	买盘
10:59:27	58.8	-0.1	60	352800	卖盘
10:59:24	58.9	0.08	99	583110	买盘
10:59:21	58.82	0.01	45	264690	买盘
10:59:18	58.81	0.01	23	135263	买盘
10:59:15	58.8	--	129	758520	中性盘
10:59:12	58.8	-0.02	9	52920	卖盘
10:59:09	58.82	0.02	33	194106	买盘
10:59:06	58.8	-0.01	25	147000	中性盘
10:59:03	58.81	--	58	341098	买盘
10:59:00	58.81	0.03	53	311693	买盘
10:58:57	58.78	-0.02	15	88170	卖盘
10:58:54	58.8	-0.02	17	99960	卖盘
10:58:51	58.82	0.01	9	52938	买盘
10:58:48	58.81	-0.01	19	111739	卖盘
10:58:45	58.82	--	1	5882	卖盘
10:58:42	58.82	--	13	76466	卖盘
10:58:39	58.82	-0.01	4	23528	卖盘
10:58:36	58.83	-0.07	139	817737	卖盘
10:58:33	58.9	--	142	836380	卖盘
10:58:30	58.9	--	90	530100	卖盘
10:58:27	58.9	0.02	15	88350	买盘
10:58:24	58.88	--	149	877312	卖盘
10:58:21	58.88	--	14	82432	卖盘
10:58:18	58.88	-0.02	14	82432	卖盘
10:58:15	58.9	-0.02	47	276830	卖盘
10:58:12	58.92	0.02	17	100164	买盘
10:58:09	58.9	--	5	29450	卖盘
10:58:06	58.9	-0.1	5	29450	卖盘
10:58:03	59.0	0.1	55	324500	买盘
10:58:00	58.9	-0.08	33	194370	卖盘
10:57:57	58.98	-0.01	12	70776	卖盘
10:57:54	58.99	-0.01	23	135677	卖盘
10:57:51	59.0	--	5	29500	买盘
10:57:48	59.0	--	35	206500	买盘
10:57:45	59.0	-0.01	28	165200	卖盘
10:57:42	59.01	--	91	536991	买盘
10:57:39	59.01	0.01	36	212436	买盘
10:57:36	59.0	-0.01	39	230100	卖盘
10:57:33	59.01	-0.09	4	23604	卖盘
10:57:30	59.1	-0.02	1	5910	买盘
10:57:27	59.12	0.11	1	5912	买盘
10:57:24	59.01	-0.19	4	23604	卖盘
10:57:21	59.2	0.1	42	248640	买盘
10:57:18	59.1	-0.1	33	195030	卖盘
10:57:15	59.2	--	13	76960	买盘
10:57:12	59.2	--	21	124320	买盘
10:57:09	59.2	-0.03	43	254560	卖盘
10:57:06	59.23	0.02	236	1397828	买盘
10:57:03	59.21	0.01	16	94736	买盘
10:57:00	59.2	-0.03	96	568320	卖盘
10:56:57	59.23	0.03	92	544916	买盘
10:56:54	59.2	-0.01	42	248640	卖盘
10:56:51	59.21	0.01	21	124341	卖盘
10:56:48	59.2	--	82	485440	买盘
10:56:45	59.2	--	2	11840	买盘
10:56:42	59.2	--	13	76960	买盘
10:56:39	59.2	-0.01	62	367040	卖盘
10:56:36	59.21	0.01	4	23684	买盘
10:56:33	59.2	--	4	23680	卖盘
10:56:30	59.2	0.03	49	290080	买盘
10:56:27	59.17	0.07	16	94672	买盘
10:56:21	59.1	--	24	141840	买盘
10:56:18	59.1	0.05	10	59100	买盘
10:56:15	59.05	-0.05	1	5905	中性盘
10:56:12	59.1	0.07	16	94560	买盘
10:56:09	59.03	0.01	1	5903	买盘
10:56:06	59.02	0.02	4	23608	中性盘
10:56:03	59.0	--	4	23600	卖盘
10:56:00	59.0	--	24	141600	卖盘
10:55:57	59.0	--	51	300900	卖盘
10:55:54	59.0	0.01	37	218300	买盘
10:55:51	58.99	--	16	94384	卖盘
10:55:48	58.99	--	13	76687	卖盘
10:55:45	58.99	0.09	27	159273	买盘
10:55:42	58.9	-0.09	41	241490	卖盘
10:55:39	58.99	0.09	11	64889	买盘
10:55:36	58.9	-0.01	12	70680	卖盘
10:55:33	58.91	--	4	23564	买盘
10:55:30	58.91	0.01	23	135493	买盘
10:55:27	58.9	-0.01	12	70680	卖盘
10:55:24	58.91	0.01	19	111929	买盘
10:55:21	58.9	-0.09	16	94240	卖盘
10:55:18	58.99	0.07	42	247758	买盘
10:55:15	58.92	-0.03	32	188544	卖盘
10:55:12	58.95	-0.05	3	17685	买盘
10:55:09	59.0	--	68	401200	买盘
10:55:06	59.0	--	3	17700	买盘
10:55:03	59.0	--	15	88500	买盘
10:55:00	59.0	--	9	53100	买盘
10:54:57	59.0	--	29	171100	买盘
10:54:54	59.0	-0.01	43	253700	卖盘
10:54:51	59.01	0.01	25	147525	买盘
10:54:48	59.0	--	11	64900	卖盘
10:54:45	59.0	--	31	182900	卖盘
10:54:42	59.0	-0.01	86	507400	卖盘
10:54:39	59.01	--	25	147525	卖盘
10:54:36	59.01	--	31	182931	卖盘
10:54:33	59.01	--	23	135723	买盘
10:54:30	59.01	0.01	22	129822	中性盘
10:54:27	59.0	-0.04	17	100300	卖盘
10:54:24	59.04	0.01	14	82656	中性盘
10:54:21	59.03	-0.07	47	277441	卖盘
10:54:18	59.1	0.07	2	11820	买盘
10:54:15	59.03	-0.07	24	141672	卖盘
10:54:12	59.1	--	9	53190	卖盘
10:54:09	59.1	-0.07	3	17730	卖盘
10:54:06	59.17	0.03	52	307684	买盘
10:54:03	59.14	-0.03	2	11828	卖盘
10:54:00	59.17	-0.01	33	195261	卖盘
10:53:57	59.18	--	14	82852	卖盘
10:53:54	59.18	0.03	3	17754	卖盘
10:53:51	59.15	-0.02	19	112385	卖盘
10:53:48	59.17	-0.11	1	5917	卖盘
10:53:45	59.28	0.1	47	278616	买盘
10:53:42	59.18	-0.12	43	254474	卖盘
10:53:39	59.3	--	4	23720	买盘
10:53:36	59.3	--	30	177900	买盘
10:53:33	59.3	--	38	225340	买盘
10:53:30	59.3	-0.05	42	249060	卖盘
10:53:27	59.35	0.04	299	1774565	买盘
10:53:24	59.31	--	54	320274	买盘
10:53:21	59.31	-0.03	22	130482	中性盘
10:53:18	59.34	-0.01	17	100878	买盘
10:53:15	59.35	--	7	41545	买盘
10:53:12	59.35	--	8	47480	买盘
10:53:09	59.35	0.01	14	83090	买盘
10:53:06	59.34	-0.04	126	747684	卖盘
10:53:03	59.38	0.03	120	712560	买盘
10:53:00	59.35	-0.04	32	189920	买盘
10:52:57	59.39	0.04	22	130658	买盘
10:52:54	59.35	-0.03	210	1246350	卖盘
10:52:51	59.38	--	29	172202	买盘
10:52:48	59.38	0.03	64	380032	买盘
10:52:45	59.35	0.05	41	243335	买盘
10:52:42	59.3	-0.05	118	699740	卖盘
10:52:39	59.35	0.02	149	884315	买盘
10:52:36	59.33	0.02	28	166124	中性盘
10:52:33	59.31	-0.04	39	231309	卖盘
10:52:30	59.35	--	64	379840	卖盘
10:52:27	59.35	0.01	31	183985	中性盘
10:52:24	59.34	0.03	102	605268	买盘
10:52:21	59.31	-0.04	69	409239	卖盘
10:52:18	59.35	-0.03	26	154310	中性盘
10:52:15	59.38	0.03	82	486916	买盘
10:52:12	59.35	0.05	18	106830	中性盘
10:52:09	59.3	-0.05	39	231270	卖盘
10:52:06	59.35	0.07	48	284880	买盘
10:52:03	59.28	-0.02	196	1161888	卖盘
10:52:00	59.3	--	51	302430	卖盘
10:51:57	59.3	--	54	320220	卖盘
10:51:54	59.3	0.02	269	1595170	买盘
10:51:51	59.28	0.11	49	290472	中性盘
10:51:48	59.17	-0.11	69	408273	卖盘
10:51:45	59.28	0.12	141	835848	买盘
10:51:42	59.16	-0.12	34	201144	中性盘
10:51:39	59.28	-0.02	55	326040	中性盘
10:51:36	59.3	--	125	741250	买盘
10:51:33	59.3	0.14	148	877640	买盘
10:51:30	59.16	-0.14	143	845988	卖盘
10:51:27	59.3	-0.08	170	1008100	卖盘
10:51:24	59.38	-0.02	97	575986	卖盘
10:51:21	59.4	-0.03	42	249480	卖盘
10:51:18	59.43	-0.01	81	481383	买盘
10:51:15	59.44	0.04	32	190208	买盘
10:51:12	59.4	--	52	308880	卖盘
10:51:09	59.4	-0.04	90	534600	卖盘
10:51:06	59.44	0.09	113	671672	买盘
10:51:03	59.35	-0.03	93	551955	卖盘
10:51:00	59.38	-0.06	63	374094	卖盘
10:50:57	59.44	0.06	66	392304	买盘
10:50:54	59.38	-0.02	173	1027274	中性盘
10:50:51	59.4	0.05	659	3914460	买盘
10:50:48	59.35	-0.03	317	1881395	卖盘
10:50:45	59.38	-0.03	42	249396	买盘
10:50:42	59.41	0.01	14	83174	买盘
10:50:39	59.4	0.05	62	368280	中性盘
10:50:36	59.35	-0.03	39	231465	卖盘
10:50:33	59.38	-0.02	226	1341988	卖盘
10:50:30	59.4	0.05	318	1888920	买盘
10:50:27	59.35	--	130	771550	买盘
10:50:24	59.35	--	53	314555	买盘
10:50:21	59.35	0.04	108	640980	买盘
10:50:18	59.31	-0.06	70	415170	卖盘
10:50:15	59.37	0.02	63	374031	买盘
10:50:12	59.35	0.08	218	1299646	买盘
10:50:09	59.27	0.05	24	142248	买盘
10:50:06	59.22	-0.08	104	615888	卖盘
10:50:03	59.3	0.12	319	1891670	买盘
10:50:00	59.18	-0.02	176	1041568	卖盘
10:49:57	59.2	0.03	24	142080	卖盘
10:49:54	59.17	-0.01	131	775127	中性盘
10:49:51	59.18	-0.03	150	887700	卖盘
10:49:48	59.21	0.04	116	686836	买盘
10:49:45	59.17	--	41	242597	卖盘
10:49:42	59.17	--	10	59170	卖盘
10:49:39	59.17	0.01	80	473360	买盘
10:49:36	59.16	0.08	155	916980	买盘
10:49:33	59.08	-0.02	15	88620	卖盘
10:49:30	59.1	0.1	107	632370	买盘
10:49:27	59.0	-0.08	48	283200	卖盘
10:49:24	59.08	0.09	103	608524	买盘
10:49:21	58.99	-0.04	47	277253	卖盘
10:49:18	59.03	0.03	53	312859	买盘
10:49:15	59.0	0.01	35	206500	中性盘
10:49:12	58.99	0.01	316	1864084	买盘
10:49:09	58.98	--	619	3650862	买盘
10:49:06	58.98	--	38	224124	买盘
10:49:03	58.98	--	81	477738	买盘
10:49:00	58.98	0.03	50	294900	买盘
10:48:57	58.95	--	118	695610	卖盘
10:48:54	58.95	0.01	101	595395	买盘
10:48:51	58.94	0.06	24	141456	中性盘
10:48:48	58.88	-0.02	68	400384	卖盘
10:48:45	58.9	0.02	972	5725080	买盘
10:48:42	58.88	0.02	129	759552	买盘
10:48:39	58.86	0.06	75	441450	买盘
10:48:36	58.8	-0.08	107	629160	卖盘
10:48:33	58.88	0.01	69	406272	买盘
10:48:30	58.87	0.02	5	29435	买盘
10:48:27	58.85	--	91	535535	卖盘
10:48:24	58.85	0.04	180	1059300	买盘
10:48:21	58.81	-0.04	23	135263	卖盘
10:48:18	58.85	0.01	40	235400	买盘
10:48:15	58.84	--	30	176520	买盘
10:48:12	58.84	0.04	61	358924	买盘
10:48:09	58.8	0.01	265	1558200	买盘
10:48:06	58.79	--	14	82306	买盘
10:48:03	58.79	-0.01	28	164612	中性盘
10:48:00	58.8	--	60	352800	买盘
10:47:57	58.8	--	27	158760	买盘
10:47:54	58.8	0.05	16	94080	买盘
10:47:51	58.75	--	56	329000	卖盘
10:47:48	58.75	0.01	49	287875	买盘
10:47:45	58.74	-0.01	397	2331978	卖盘
10:47:42	58.75	--	16	94000	买盘
10:47:39	58.75	0.05	21	123375	买盘
10:47:36	58.7	-0.02	87	510690	卖盘
10:47:33	58.72	--	5	29360	卖盘
10:47:30	58.72	0.05	22	129184	买盘
10:47:27	58.67	-0.05	52	305084	卖盘
10:47:24	58.72	--	4	23488	买盘
10:47:21	58.72	0.02	25	146800	买盘
10:47:18	58.7	--	2	11740	卖盘
10:47:15	58.7	--	2	11740	卖盘
10:47:12	58.7	0.11	173	1015510	买盘
10:47:09	58.59	-0.08	30	175770	卖盘
10:47:06	58.67	0.07	64	375488	买盘
10:47:03	58.6	--	14	82040	卖盘
10:47:00	58.6	--	3	17580	卖盘
10:46:57	58.6	0.01	22	128978	买盘
10:46:54	58.59	--	30	175770	卖盘
10:46:51	58.59	--	7	41013	卖盘
10:46:48	58.59	--	24	140616	卖盘
10:46:45	58.59	0.01	11	64449	买盘
10:46:42	58.58	--	19	111302	卖盘
10:46:39	58.58	--	28	164024	买盘
10:46:36	58.58	--	8	46864	中性盘
10:46:33	58.58	--	72	421776	卖盘
10:46:30	58.58	0.03	11	64438	买盘
10:46:27	58.55	-0.03	3	17565	中性盘
10:46:24	58.58	0.04	73	427634	买盘
10:46:21	58.54	--	3	17562	卖盘
10:46:18	58.54	-0.01	5	29270	卖盘
10:46:15	58.55	0.04	12	70260	买盘
10:46:12	58.51	--	6	35106	卖盘
10:46:09	58.51	--	18	105318	卖盘
10:46:06	58.51	-0.01	7	40957	卖盘
10:46:03	58.52	0.01	54	316066	买盘
10:46:00	58.51	--	37	216487	买盘
10:45:57	58.51	0.01	27	157977	买盘
10:45:54	58.5	--	25	146250	卖盘
10:45:51	58.5	0.08	67	391950	买盘
10:45:45	58.42	-0.03	12	70104	卖盘
10:45:42	58.45	-0.03	5	29225	卖盘
10:45:39	58.48	0.03	15	87720	买盘
10:45:36	58.45	0.03	8	46760	买盘
10:45:33	58.42	--	11	64262	卖盘
10:45:27	58.42	-0.03	34	198628	卖盘
10:45:24	58.45	0.03	9	52605	买盘
10:45:21	58.42	--	18	105156	卖盘
10:45:18	58.42	0.02	56	327152	卖盘
10:45:15	58.4	-0.05	5	29200	卖盘
10:45:12	58.45	0.05	24	140280	买盘
10:45:09	58.4	--	21	122640	卖盘
10:45:06	58.4	-0.02	41	239440	卖盘
10:45:03	58.42	0.02	9	52578	买盘
10:45:00	58.4	--	25	146000	卖盘
10:44:57	58.4	--	20	116800	卖盘
10:44:54	58.4	--	41	239440	卖盘
10:44:51	58.4	0.01	22	128538	买盘
10:44:48	58.39	-0.01	7	40873	卖盘
10:44:45	58.4	--	14	81760	买盘
10:44:42	58.4	--	10	58400	买盘
10:44:36	58.4	-0.05	114	671541	卖盘
10:44:33	58.45	--	19	111055	卖盘
10:44:30	58.45	--	8	46760	卖盘
10:44:27	58.45	0.03	64	374080	买盘
10:44:24	58.42	-0.01	49	286258	卖盘
10:44:21	58.43	--	28	163604	卖盘
10:44:18	58.43	-0.02	16	93488	中性盘
10:44:15	58.45	-0.03	5	29225	卖盘
10:44:12	58.48	0.06	11	64328	买盘
10:44:06	58.42	-0.09	15	87630	卖盘
10:44:03	58.51	0.09	6	35106	买盘
10:44:00	58.42	-0.08	36	210312	卖盘
10:43:57	58.5	0.04	24	140400	中性盘
10:43:54	58.46	-0.05	2	11692	卖盘
10:43:51	58.51	--	17	99467	买盘
10:43:48	58.51	-0.09	47	274997	卖盘
10:43:45	58.6	--	54	316440	买盘
10:43:42	58.6	--	31	181660	买盘
10:43:39	58.6	--	1	5860	买盘
10:43:36	58.6	--	9	52740	买盘
10:43:33	58.6	--	20	123001	卖盘
10:43:30	58.6	-0.05	26	152360	卖盘
10:43:27	58.65	0.12	203	1190653	买盘
10:43:21	58.53	-0.12	11	64383	卖盘
10:43:18	58.65	0.05	16	93840	买盘
10:43:15	58.6	-0.05	25	146500	卖盘
10:43:12	58.65	0.03	19	111435	买盘
10:43:09	58.62	0.02	3	17586	中性盘
10:43:06	58.6	0.1	30	175800	买盘
10:43:03	58.5	-0.01	12	70200	卖盘
10:43:00	58.51	-0.15	12	70212	卖盘
10:42:57	58.66	0.16	17	99722	买盘
10:42:54	58.5	-0.01	61	356850	卖盘
10:42:51	58.51	0.01	35	204785	买盘
10:42:48	58.5	-0.01	13	76050	买盘
10:42:45	58.51	--	13	76063	买盘
10:42:42	58.51	0.01	23	134573	买盘
10:42:39	58.5	-0.01	15	87750	卖盘
10:42:36	58.51	--	2	11702	买盘
10:42:33	58.51	-0.15	27	157977	卖盘
10:42:30	58.66	--	7	41062	买盘
10:42:27	58.66	0.1	23	134918	买盘
10:42:24	58.56	-0.12	49	286944	卖盘
10:42:21	58.68	0.18	276	1619568	买盘
10:42:18	58.5	-0.16	28	163800	卖盘
10:42:15	58.66	0.17	152	891632	买盘
10:42:12	58.49	-0.11	53	309997	卖盘
10:42:09	58.6	0.18	15	87900	买盘
10:42:06	58.42	-0.17	11	64262	卖盘
10:42:03	58.59	--	4	23436	卖盘
10:42:00	58.59	--	4	23494	买盘
10:41:57	58.59	--	5	29295	买盘
10:41:54	58.59	--	3	17577	买盘
10:41:51	58.59	-0.09	16	93744	卖盘
10:41:48	58.68	0.12	22	129096	买盘
10:41:45	58.56	--	8	46848	卖盘
10:41:42	58.56	--	4	23424	卖盘
10:41:39	58.56	0.17	28	163968	买盘
10:41:36	58.39	-0.36	33	192687	卖盘
10:41:33	58.75	0.25	304	1786000	买盘
10:41:30	58.5	--	55	321750	买盘
10:41:27	58.5	-0.06	2	11700	卖盘
10:41:24	58.56	0.06	8	46848	买盘
10:41:21	58.5	-0.25	5	29250	卖盘
10:41:18	58.75	0.04	195	1145625	买盘
10:41:15	58.71	0.11	109	639939	买盘
10:41:12	58.6	-0.15	215	1259900	卖盘
10:41:09	58.75	--	34	199750	买盘
10:41:06	58.75	-0.04	54	317250	中性盘
10:41:03	58.79	0.01	80	470320	买盘
10:41:00	58.78	0.03	18	105804	买盘
10:40:57	58.75	-0.05	84	493500	卖盘
10:40:54	58.8	0.02	308	1811040	买盘
10:40:51	58.78	0.02	119	699482	中性盘
10:40:48	58.76	-0.04	83	487708	卖盘
10:40:45	58.8	--	31	182280	买盘
10:40:42	58.8	0.05	54	317520	买盘
10:40:39	58.75	-0.09	13	76375	卖盘
10:40:36	58.84	0.04	16	94144	买盘
10:40:33	58.8	--	28	164640	卖盘
10:40:30	58.8	0.1	76	446880	买盘
10:40:27	58.7	-0.07	33	193710	卖盘
10:40:24	58.77	0.07	218	1281186	买盘
10:40:21	58.7	-0.06	614	3604180	卖盘
10:40:18	58.76	-0.02	18	105768	买盘
10:40:15	58.78	0.08	60	352680	买盘
10:40:12	58.7	0.01	35	205450	买盘
10:40:09	58.69	0.03	15	88035	买盘
10:40:06	58.66	0.16	21	123186	买盘
10:40:03	58.5	-0.08	52	304200	卖盘
10:40:00	58.58	0.08	7	41006	买盘
10:39:57	58.5	0.02	101	590850	买盘
10:39:54	58.48	0.05	21	122808	买盘
10:39:51	58.43	0.13	28	163604	买盘
10:39:48	58.3	--	4	23320	卖盘
10:39:45	58.3	0.09	29	169070	买盘
10:39:42	58.21	0.07	22	128062	买盘
10:39:39	58.14	-0.06	35	209245	卖盘
10:39:36	58.2	0.03	20	116400	买盘
10:39:33	58.17	0.06	25	145425	买盘
10:39:30	58.11	-0.03	16	92976	卖盘
10:39:27	58.14	0.03	4	23256	买盘
10:39:24	58.11	0.01	18	104598	买盘
10:39:21	58.1	--	90	526618	买盘
10:39:18	58.1	0.18	226	1313060	买盘
10:39:15	57.92	--	6	34752	买盘
10:39:12	57.92	-0.12	117	679749	卖盘
10:39:09	58.04	--	21	121884	买盘
10:39:06	58.04	--	13	75452	买盘
10:39:03	58.04	0.04	2	11608	买盘
10:39:00	58.0	-0.04	11	63800	卖盘
10:38:57	58.04	0.04	20	116080	买盘
10:38:54	58.0	0.1	95	554712	买盘
10:38:48	57.9	-0.1	1	5790	中性盘
10:38:45	58.0	0.1	111	643800	买盘
10:38:42	57.9	--	4	23160	买盘
10:38:36	57.9	--	17	98430	买盘
10:38:33	57.9	-0.1	104	604244	卖盘
10:38:30	58.0	0.05	269	1563912	买盘
10:38:27	57.95	-0.01	9	52155	卖盘
10:38:24	57.96	--	13	75348	买盘
10:38:21	57.96	--	64	370944	买盘
10:38:18	57.96	-0.02	318	1843128	卖盘
10:38:15	57.98	-0.02	7	40586	卖盘
10:38:12	58.0	--	2	11600	买盘
10:38:09	58.0	--	45	263088	卖盘
10:38:06	58.0	0.01	23	137112	买盘
10:38:03	57.99	-0.01	30	173970	卖盘
10:38:00	58.0	--	20	116000	买盘
10:37:57	58.0	--	63	365400	买盘
10:37:54	58.0	--	110	638000	买盘
10:37:51	58.0	--	36	208800	买盘
10:37:48	58.0	--	40	234088	卖盘
10:37:45	58.0	-0.05	95	551000	卖盘
10:37:42	58.05	0.05	163	949930	买盘
10:37:39	58.0	--	10	58000	买盘
10:37:36	58.0	-0.05	27	156600	卖盘
10:37:33	58.05	0.05	123	714015	买盘
10:37:30	58.0	-0.05	61	353800	卖盘
10:37:27	58.05	0.01	3	17415	买盘
10:37:24	58.04	--	35	203140	买盘
10:37:21	58.04	--	6	34824	买盘
10:37:18	58.04	0.04	28	162512	买盘
10:37:15	58.0	--	9	52200	卖盘
10:37:12	58.0	-0.04	26	150800	中性盘
10:37:09	58.04	0.07	9	52236	买盘
10:37:06	57.97	-0.07	9	52173	卖盘
10:37:03	58.04	0.04	69	400476	买盘
