成交时间	成交价	价格变动	成交量(手)	成交额(元)	性质
15:00:03	11.43	-0.01	2363	2701023	卖盘
14:57:00	11.44	--	10	11440	买盘
14:56:57	11.44	-0.03	159	181896	卖盘
14:56:54	11.47	0.03	30	34410	买盘
14:56:51	11.44	--	4	4576	卖盘
14:56:48	11.44	--	2	2288	卖盘
14:56:42	11.44	0.01	99	113256	买盘
14:56:39	11.43	-0.01	109	124587	卖盘
14:56:36	11.44	--	42	48048	买盘
14:56:33	11.44	--	56	64064	买盘
14:56:30	11.44	--	1	1144	买盘
14:56:24	11.44	0.01	22	25168	买盘
14:56:21	11.43	--	26	29718	卖盘
14:56:15	11.43	--	19	21717	卖盘
14:56:12	11.43	--	186	212598	买盘
14:56:09	11.43	--	20	22860	买盘
14:56:06	11.43	0.01	12	13716	买盘
14:56:03	11.42	-0.01	141	161022	卖盘
14:56:00	11.43	0.01	3	3429	买盘
14:55:57	11.42	-0.01	10	11420	卖盘
14:55:54	11.43	--	20	22860	买盘
14:55:51	11.43	0.01	5	5715	买盘
14:55:48	11.42	-0.01	131	149602	卖盘
14:55:45	11.43	--	28	32004	卖盘
14:55:39	11.43	--	98	112014	买盘
14:55:36	11.43	--	17	19431	买盘
14:55:33	11.43	0.01	47	53721	买盘
14:55:30	11.42	-0.01	40	45680	卖盘
14:55:27	11.43	0.01	3	3429	买盘
14:55:24	11.42	--	3	3426	卖盘
14:55:21	11.42	-0.01	99	113526	卖盘
14:55:18	11.43	--	6	6858	买盘
14:55:15	11.43	--	63	72009	买盘
14:55:09	11.43	0.01	24	27432	买盘
14:55:06	11.42	--	55	62810	卖盘
14:55:03	11.42	-0.02	21	23982	卖盘
14:55:00	11.44	--	20	22880	买盘
14:54:54	11.44	--	205	234520	买盘
14:54:51	11.44	--	1	1144	买盘
14:54:48	11.44	0.01	14	16016	买盘
14:54:45	11.43	-0.01	20	22860	卖盘
14:54:42	11.44	0.01	10	11440	买盘
14:54:39	11.43	-0.02	70	80010	卖盘
14:54:30	11.45	0.01	19	21755	买盘
14:54:27	11.44	-0.01	249	284856	卖盘
14:54:21	11.45	0.01	35	40075	买盘
14:54:18	11.44	-0.01	26	29744	卖盘
14:54:15	11.45	0.01	36	41220	买盘
14:54:12	11.44	-0.01	2	2288	卖盘
14:54:09	11.45	0.01	36	41220	买盘
14:54:06	11.44	--	18	20592	卖盘
14:54:03	11.44	--	43	49192	卖盘
14:54:00	11.44	--	54	61776	卖盘
14:53:51	11.44	-0.01	6	6864	卖盘
14:53:45	11.45	--	105	120224	买盘
14:53:42	11.45	--	8	9160	买盘
14:53:36	11.45	--	10	11450	买盘
14:53:33	11.45	0.01	2	2290	买盘
14:53:30	11.44	-0.01	132	151008	卖盘
14:53:27	11.45	--	10	11450	买盘
14:53:24	11.45	0.01	129	147705	买盘
14:53:21	11.44	-0.01	176	201344	卖盘
14:53:15	11.45	0.01	6	6870	买盘
14:53:09	11.44	--	50	57200	卖盘
14:53:03	11.44	-0.01	221	252824	卖盘
14:53:00	11.45	0.01	11	12595	买盘
14:52:54	11.44	-0.01	10	11440	卖盘
14:52:48	11.45	--	1	1145	买盘
14:52:45	11.45	0.01	10	11450	买盘
14:52:42	11.44	-0.01	147	168168	卖盘
14:52:39	11.45	--	11	12595	买盘
14:52:36	11.45	--	33	37785	买盘
14:52:33	11.45	--	21	24045	买盘
14:52:30	11.45	--	55	62974	买盘
14:52:27	11.45	--	50	57250	买盘
14:52:24	11.45	-0.01	24	27480	中性盘
14:52:21	11.46	--	10	11460	买盘
14:52:18	11.46	0.01	12	13752	买盘
14:52:15	11.45	--	100	114500	卖盘
14:52:12	11.45	--	28	32059	卖盘
14:52:06	11.45	--	17	19465	买盘
14:52:03	11.45	0.01	20	22900	买盘
14:52:00	11.44	-0.01	54	61776	中性盘
14:51:51	11.45	0.03	10	11450	买盘
14:51:48	11.42	-0.01	1320	1507440	卖盘
14:51:45	11.43	-0.02	150	171450	卖盘
14:51:42	11.45	--	110	125949	买盘
14:51:36	11.45	--	30	34350	买盘
14:51:33	11.45	--	17	19465	卖盘
14:51:30	11.45	--	248	283960	卖盘
14:51:24	11.45	--	71	81295	卖盘
14:51:15	11.45	-0.02	70	80150	卖盘
14:51:12	11.47	0.01	8	9176	买盘
14:51:09	11.46	--	20	22920	卖盘
14:51:03	11.46	-0.01	147	168462	卖盘
14:51:00	11.47	--	1	1147	卖盘
14:50:57	11.47	-0.01	89	102083	卖盘
14:50:54	11.48	--	4	4592	买盘
14:50:48	11.48	--	13	14924	买盘
14:50:45	11.48	-0.01	242	277816	卖盘
14:50:39	11.49	--	12	13788	买盘
14:50:30	11.49	--	96	110304	卖盘
14:50:21	11.49	--	107	122943	卖盘
14:50:15	11.49	-0.01	10	11490	卖盘
14:50:09	11.5	0.01	100	115000	买盘
14:50:03	11.49	--	10	11490	中性盘
14:49:57	11.49	-0.01	199	228651	卖盘
14:49:48	11.5	0.01	100	115000	买盘
14:49:45	11.49	--	10	11490	卖盘
14:49:36	11.49	-0.01	50	57450	卖盘
14:49:27	11.5	0.01	10	11500	买盘
14:49:24	11.49	--	11	12639	卖盘
14:49:21	11.49	--	1	1149	卖盘
14:49:15	11.49	0.01	8	9192	中性盘
14:49:09	11.48	-0.02	114	130872	卖盘
14:49:06	11.5	0.02	213	244950	买盘
14:48:57	11.48	-0.01	37	42476	卖盘
14:48:54	11.49	0.01	100	114900	买盘
14:48:48	11.48	-0.01	66	75768	卖盘
14:48:36	11.49	--	20	22980	买盘
14:48:33	11.49	--	1	1149	买盘
14:48:30	11.49	--	103	118347	卖盘
14:48:24	11.49	0.01	101	116049	买盘
14:48:21	11.48	-0.01	167	191716	卖盘
14:48:09	11.49	--	36	41364	买盘
14:48:03	11.49	--	10	11490	买盘
14:48:00	11.49	--	30	34470	买盘
14:47:57	11.49	--	55	63195	卖盘
14:47:51	11.49	-0.01	5	5745	卖盘
14:47:45	11.5	0.01	120	138000	买盘
14:47:39	11.49	--	15	17235	卖盘
14:47:36	11.49	--	82	94218	卖盘
14:47:24	11.49	-0.01	19	21831	卖盘
14:47:21	11.5	--	66	75900	买盘
14:47:18	11.5	-0.01	54	62100	卖盘
14:47:15	11.51	0.02	30	34530	买盘
14:47:09	11.49	-0.02	26	29874	卖盘
14:47:06	11.51	0.01	24	27624	买盘
14:47:03	11.5	--	10	11500	卖盘
14:47:00	11.5	--	53	60950	买盘
14:46:51	11.5	--	10	11500	买盘
14:46:42	11.5	0.01	8	9200	买盘
14:46:36	11.49	-0.01	77	88473	卖盘
14:46:30	11.5	--	1	1150	买盘
14:46:27	11.5	--	4	4600	卖盘
14:46:21	11.5	--	17	19550	卖盘
14:46:12	11.5	--	16	18400	卖盘
14:46:03	11.5	--	5	5750	卖盘
14:45:57	11.5	--	60	69000	卖盘
14:45:54	11.5	--	37	42550	卖盘
14:45:30	11.5	-0.01	10	11500	卖盘
14:45:24	11.51	--	43	49493	买盘
14:45:18	11.51	--	4	4604	买盘
14:45:09	11.51	0.01	163	187613	买盘
14:45:06	11.5	--	133	152950	卖盘
14:45:03	11.5	-0.01	2	2300	卖盘
14:44:57	11.51	--	5	5755	买盘
14:44:54	11.51	--	100	115100	买盘
14:44:51	11.51	--	157	180707	卖盘
14:44:45	11.51	--	53	61003	买盘
14:44:33	11.51	--	21	24171	卖盘
14:44:24	11.51	--	84	96684	买盘
14:44:21	11.51	--	70	80570	买盘
14:44:18	11.51	0.01	5	5755	买盘
14:44:15	11.5	-0.01	10	11500	卖盘
14:44:12	11.51	--	5	5755	买盘
14:44:06	11.51	--	38	43738	买盘
14:44:00	11.51	-0.01	112	128912	卖盘
14:43:57	11.52	0.01	10	11520	买盘
14:43:48	11.51	-0.01	8	9208	卖盘
14:43:39	11.52	--	41	47232	买盘
14:43:36	11.52	--	2	2304	买盘
14:43:33	11.52	--	33	38016	买盘
14:43:27	11.52	-0.01	33	38016	买盘
14:43:21	11.53	0.01	204	235212	买盘
14:43:18	11.52	--	1	1152	中性盘
14:43:12	11.52	--	3	3456	买盘
14:43:09	11.52	--	2	2304	卖盘
14:43:06	11.52	--	15	17280	卖盘
14:43:03	11.52	--	19	21888	卖盘
14:43:00	11.52	--	100	115200	卖盘
14:42:39	11.52	--	13	14976	卖盘
14:42:33	11.52	--	37	42624	买盘
14:42:30	11.52	--	39	44928	买盘
14:42:21	11.52	0.01	20	23040	买盘
14:42:06	11.51	-0.01	10	11510	卖盘
14:42:03	11.52	0.01	10	11520	买盘
14:41:51	11.51	--	2	2302	卖盘
14:41:48	11.51	--	2	2302	卖盘
14:41:45	11.51	--	4	4604	买盘
14:41:42	11.51	0.01	48	55248	买盘
14:41:39	11.5	-0.01	15	17250	卖盘
14:41:33	11.51	--	60	69060	买盘
14:41:30	11.51	--	6	6906	买盘
14:41:12	11.51	--	104	119704	卖盘
14:41:00	11.51	--	7	8057	卖盘
14:40:57	11.51	-0.01	80	92080	卖盘
14:40:54	11.52	0.01	5	5760	买盘
14:40:42	11.51	--	139	159989	卖盘
14:40:36	11.51	--	10	11510	卖盘
14:40:30	11.51	0.01	90	103590	买盘
14:40:27	11.5	-0.01	50	57500	卖盘
14:40:24	11.51	0.01	5	5755	买盘
14:40:21	11.5	-0.01	5	5750	卖盘
14:40:06	11.51	-0.01	34	39134	中性盘
14:39:48	11.52	0.02	50	57600	买盘
14:39:39	11.5	--	6	6900	卖盘
14:39:30	11.5	--	379	435850	卖盘
14:39:27	11.5	-0.01	6	6900	卖盘
14:39:24	11.51	0.01	100	115100	买盘
14:39:21	11.5	--	100	115000	卖盘
14:39:09	11.5	-0.01	24	27600	卖盘
14:39:06	11.51	--	194	223294	卖盘
14:38:36	11.51	-0.02	4	4604	卖盘
14:38:15	11.53	0.02	27	31131	买盘
14:38:12	11.51	-0.01	64	73664	卖盘
14:38:03	11.52	-0.01	4	4608	中性盘
14:37:51	11.53	--	4	4612	买盘
14:37:48	11.53	0.02	8	9224	买盘
14:37:42	11.51	-0.01	539	620389	卖盘
14:37:39	11.52	--	19	21888	卖盘
14:37:36	11.52	--	10	11520	卖盘
14:37:09	11.52	--	30	34560	卖盘
14:37:06	11.52	-0.01	26	29952	卖盘
14:37:00	11.53	0.01	8	9224	买盘
14:36:54	11.52	-0.01	30	34560	卖盘
14:36:51	11.53	--	1	1153	买盘
14:36:48	11.53	--	10	11530	买盘
14:36:45	11.53	-0.01	47	54191	卖盘
14:36:42	11.54	0.01	1	1154	买盘
14:36:39	11.53	-0.01	100	115300	卖盘
14:36:36	11.54	--	50	57699	买盘
14:36:33	11.54	0.01	3	3461	买盘
14:36:27	11.53	--	10	11530	卖盘
14:36:15	11.53	--	6	6918	买盘
14:36:09	11.53	0.01	14	16142	买盘
14:36:00	11.52	--	35	40320	卖盘
14:35:51	11.52	-0.01	105	120960	卖盘
14:35:45	11.53	0.01	76	87628	买盘
14:35:24	11.52	-0.01	30	34560	卖盘
14:35:21	11.53	0.01	59	68027	中性盘
14:35:12	11.52	-0.01	66	76032	卖盘
14:34:57	11.53	--	10	11530	买盘
14:34:54	11.53	--	12	13836	买盘
14:34:51	11.53	--	101	116453	买盘
14:34:45	11.53	0.01	47	54191	买盘
14:34:36	11.52	-0.01	10	11520	卖盘
14:34:33	11.53	0.01	20	23060	买盘
14:34:27	11.52	-0.01	50	57600	卖盘
14:34:24	11.53	0.01	1	1153	买盘
14:34:21	11.52	-0.01	1	1152	卖盘
14:34:15	11.53	--	60	69180	买盘
14:33:51	11.53	--	2	2306	买盘
14:33:48	11.53	0.01	9	10377	买盘
14:33:42	11.52	-0.01	18	20736	卖盘
14:33:39	11.53	0.01	310	357430	买盘
14:33:36	11.52	-0.01	30	34560	卖盘
14:33:33	11.53	0.01	40	46120	买盘
14:33:24	11.52	0.01	85	97920	买盘
14:33:12	11.51	-0.01	10	11510	卖盘
14:33:03	11.52	0.01	34	39168	买盘
14:33:00	11.51	--	23	26473	卖盘
14:32:48	11.51	--	219	252069	卖盘
14:32:45	11.51	--	82	94382	卖盘
14:32:33	11.51	--	30	34530	卖盘
14:32:24	11.51	-0.01	56	64456	卖盘
14:32:21	11.52	--	70	80640	买盘
14:32:18	11.52	--	10	11520	买盘
14:32:09	11.52	--	3	3456	买盘
14:32:06	11.52	--	178	205056	卖盘
14:31:54	11.52	--	13	14976	卖盘
14:31:48	11.52	-0.01	10	11520	卖盘
14:31:45	11.53	0.01	9	10377	买盘
14:31:42	11.52	--	5	5760	卖盘
14:31:33	11.52	--	91	104832	买盘
14:31:24	11.52	--	87	100224	买盘
14:31:21	11.52	--	9	10368	买盘
14:31:09	11.52	0.01	88	101376	买盘
14:31:03	11.51	-0.01	10	11510	卖盘
14:30:54	11.52	--	12	13824	买盘
14:30:51	11.52	-0.01	137	157824	卖盘
14:30:45	11.53	0.01	11	12683	买盘
14:30:39	11.52	-0.01	36	41472	卖盘
14:30:36	11.53	--	20	23060	买盘
14:30:30	11.53	--	14	16142	买盘
14:30:27	11.53	-0.01	374	431222	卖盘
14:30:18	11.54	--	3	3461	买盘
14:30:09	11.54	--	13	15001	买盘
14:30:00	11.54	--	27	31157	买盘
14:29:42	11.54	--	6	6923	买盘
14:29:36	11.54	0.01	204	235415	买盘
14:29:30	11.53	--	6	6918	卖盘
14:29:24	11.53	--	20	23060	卖盘
14:29:12	11.53	--	30	34590	买盘
14:28:57	11.53	0.01	30	34590	买盘
14:28:54	11.52	--	1	1152	卖盘
14:28:51	11.52	--	200	230400	卖盘
14:28:42	11.52	-0.01	1	1152	卖盘
14:28:36	11.53	0.01	20	23060	买盘
14:28:24	11.52	-0.02	4	4608	卖盘
14:28:18	11.54	--	53	61161	卖盘
14:28:12	11.54	0.01	247	285038	买盘
14:28:09	11.53	--	202	232906	卖盘
14:28:06	11.53	-0.01	21	24213	卖盘
14:28:03	11.54	0.01	6	6923	买盘
14:28:00	11.53	-0.01	1	1153	卖盘
14:27:51	11.54	--	5	5770	买盘
14:27:45	11.54	0.01	3	3461	买盘
14:27:42	11.53	-0.01	79	91087	卖盘
14:27:39	11.54	--	64	73856	卖盘
14:27:36	11.54	--	44	50775	卖盘
14:27:27	11.54	-0.01	1	1154	卖盘
14:27:24	11.55	0.01	10	11550	买盘
14:27:18	11.54	-0.01	5	5770	卖盘
14:27:03	11.55	--	100	115500	买盘
14:27:00	11.55	--	32	36960	卖盘
14:26:39	11.55	--	2	2310	卖盘
14:26:33	11.55	--	200	231000	卖盘
14:26:12	11.55	--	52	60060	卖盘
14:25:27	11.55	--	10	11550	卖盘
14:25:06	11.55	--	9	10395	卖盘
14:25:03	11.55	--	41	47355	卖盘
14:24:54	11.55	--	25	28875	卖盘
14:24:45	11.55	--	46	53130	卖盘
14:24:39	11.55	-0.01	15	17325	卖盘
14:24:36	11.56	0.01	100	115600	买盘
14:24:18	11.55	--	253	292215	买盘
14:24:06	11.55	--	37	42735	卖盘
14:23:54	11.55	--	30	34650	卖盘
14:23:51	11.55	--	36	41580	卖盘
14:23:33	11.55	--	1	1155	卖盘
14:23:30	11.55	--	11	12705	卖盘
14:23:27	11.55	--	10	11550	卖盘
14:23:21	11.55	-0.01	8	9240	卖盘
14:23:15	11.56	0.01	5	5780	买盘
14:23:09	11.55	-0.01	30	34650	卖盘
14:23:03	11.56	--	1	1156	买盘
14:22:48	11.56	--	15	17340	买盘
14:22:33	11.56	--	30	34680	买盘
14:22:21	11.56	--	1	1156	卖盘
14:22:06	11.56	--	7	8092	卖盘
14:22:00	11.56	0.01	2	2312	中性盘
14:21:42	11.55	--	50	57750	卖盘
14:21:30	11.55	--	1	1155	卖盘
14:21:21	11.55	-0.02	34	39270	卖盘
14:21:15	11.57	0.02	27	31239	买盘
14:21:09	11.55	-0.02	1	1155	卖盘
14:21:03	11.57	--	113	130741	买盘
14:20:51	11.57	0.02	20	23140	买盘
14:20:48	11.55	-0.01	200	231000	卖盘
14:20:30	11.56	-0.01	63	72828	中性盘
14:19:30	11.57	0.02	30	34710	买盘
14:19:27	11.55	--	6	6930	买盘
14:19:12	11.55	--	29	33495	买盘
14:19:03	11.55	-0.01	79	91245	卖盘
14:18:54	11.56	--	20	23120	买盘
14:18:48	11.56	--	8	9248	买盘
14:18:39	11.56	-0.01	88	101728	卖盘
14:18:27	11.57	0.01	8	9256	买盘
14:18:18	11.56	--	20	23120	卖盘
14:18:12	11.56	-0.01	25	28900	卖盘
14:18:09	11.57	--	21	24297	买盘
14:18:06	11.57	--	10	11570	买盘
14:17:54	11.57	--	10	11570	买盘
14:17:48	11.57	--	2	2314	买盘
14:17:27	11.57	-0.01	116	134212	卖盘
14:17:18	11.58	0.01	10	11580	买盘
14:17:15	11.57	--	100	115700	卖盘
14:17:00	11.57	--	59	68263	卖盘
14:16:57	11.57	-0.01	10	11570	卖盘
14:16:54	11.58	0.01	10	11580	买盘
14:16:33	11.57	0.01	2	2314	买盘
14:16:21	11.56	-0.01	47	54332	卖盘
14:15:54	11.57	--	16	18512	卖盘
14:15:39	11.57	--	3	3471	买盘
14:15:33	11.57	-0.01	2	2314	卖盘
14:15:27	11.58	--	100	115800	买盘
14:15:24	11.58	--	2	2316	买盘
14:15:09	11.58	--	1	1158	买盘
14:14:48	11.58	0.01	40	46320	买盘
14:14:15	11.57	--	3	3471	买盘
14:14:12	11.57	--	10	11570	买盘
14:14:03	11.57	--	30	34710	买盘
14:13:57	11.57	--	2	2314	中性盘
14:13:51	11.57	--	89	102973	卖盘
14:13:36	11.57	-0.01	100	115700	卖盘
14:13:30	11.58	--	10	11580	买盘
14:13:24	11.58	0.01	17	19686	买盘
14:13:21	11.57	-0.01	10	11570	卖盘
14:12:54	11.58	0.01	82	94956	买盘
14:12:48	11.57	--	30	34710	卖盘
14:12:39	11.57	-0.01	4	4628	卖盘
14:12:27	11.58	--	11	12738	买盘
14:12:12	11.58	--	4	4632	卖盘
14:12:00	11.58	-0.01	32	37056	中性盘
14:11:51	11.59	0.01	81	93879	买盘
14:11:48	11.58	-0.01	67	77944	卖盘
14:11:36	11.59	0.01	49	56791	买盘
14:11:27	11.58	--	26	30907	买盘
14:11:06	11.58	--	80	92640	买盘
14:10:54	11.58	0.01	60	69480	买盘
14:10:45	11.57	--	5	6143	卖盘
14:10:42	11.57	--	81	93717	卖盘
14:10:39	11.57	--	13	15839	买盘
14:10:36	11.57	--	60	69420	买盘
14:10:24	11.57	-0.01	1	1515	卖盘
14:10:15	11.58	0.01	26	30108	买盘
14:10:06	11.57	--	18	21624	买盘
14:09:57	11.57	--	10	11570	买盘
14:09:48	11.57	--	10	11570	买盘
14:09:42	11.57	--	1	1157	买盘
14:09:09	11.57	--	14	16556	卖盘
14:09:00	11.57	--	3	3471	卖盘
14:08:51	11.57	--	10	12368	买盘
14:08:48	11.57	--	70	80990	买盘
14:08:45	11.57	--	1	1157	买盘
14:08:42	11.57	-0.01	28	32754	卖盘
14:08:36	11.58	--	2	2316	买盘
14:08:18	11.58	0.01	5	5790	买盘
14:08:09	11.57	-0.01	1	1157	卖盘
14:08:06	11.58	--	38	44004	买盘
14:08:00	11.58	0.01	20	23160	买盘
14:07:54	11.57	--	8	9256	卖盘
14:07:45	11.57	--	9	11211	买盘
14:07:42	11.57	0.01	5	5785	买盘
14:07:27	11.56	-0.01	9	10404	卖盘
14:07:15	11.57	--	0	358	卖盘
14:07:12	11.57	--	31	35867	卖盘
14:07:03	11.57	0.01	0	798	买盘
14:06:57	11.56	--	6	6936	卖盘
14:06:33	11.56	-0.01	100	115600	卖盘
14:06:30	11.57	-0.01	13	15399	卖盘
14:06:24	11.58	--	29	33582	买盘
14:06:18	11.58	0.01	10	11580	买盘
14:06:00	11.57	--	100	115700	卖盘
14:05:57	11.57	--	50	57861	卖盘
14:05:54	11.57	--	1	1157	卖盘
14:05:48	11.57	0.01	146	169708	买盘
14:05:39	11.56	--	2	2312	卖盘
14:05:21	11.56	--	47	54332	买盘
14:05:09	11.56	--	20	23120	买盘
14:05:00	11.56	0.01	15	17340	买盘
14:04:48	11.55	0.01	273	316262	买盘
14:04:45	11.54	--	30	34620	卖盘
14:04:27	11.54	--	5	5770	买盘
14:04:21	11.54	--	30	34620	卖盘
14:04:06	11.54	0.01	1	1154	卖盘
14:04:03	11.53	--	40	46120	卖盘
14:03:48	11.53	--	7	8071	卖盘
14:03:42	11.53	-0.01	12	13836	卖盘
14:03:36	11.54	0.01	80	92320	买盘
14:03:15	11.53	-0.01	8	9224	卖盘
14:03:06	11.54	--	2	2308	卖盘
14:03:00	11.54	--	48	55391	买盘
14:02:57	11.54	--	29	33466	卖盘
14:02:54	11.54	--	12	13847	卖盘
14:02:48	11.54	-0.01	10	11540	卖盘
14:02:42	11.55	--	2	2310	买盘
14:02:36	11.55	--	2	2310	买盘
14:02:27	11.55	--	119	137445	卖盘
14:02:24	11.55	--	20	23100	卖盘
14:02:21	11.55	--	45	51975	卖盘
14:02:18	11.55	--	131	151305	卖盘
14:02:06	11.55	--	31	35805	卖盘
14:02:03	11.55	--	400	462000	卖盘
14:02:00	11.55	-0.01	102	117810	卖盘
14:01:45	11.56	--	50	57800	买盘
14:01:42	11.56	--	1	1156	买盘
14:01:39	11.56	-0.01	245	283220	卖盘
14:01:30	11.57	--	2	2314	买盘
14:01:27	11.57	--	62	72104	卖盘
14:01:18	11.57	-0.01	60	69420	卖盘
14:01:15	11.58	0.01	14	16212	买盘
14:01:12	11.57	-0.01	6	6942	卖盘
14:01:09	11.58	--	5	5790	买盘
14:00:51	11.58	0.01	7	8106	买盘
14:00:48	11.57	--	100	115700	卖盘
14:00:45	11.57	-0.01	10	11570	卖盘
14:00:42	11.58	--	8	9264	买盘
14:00:33	11.58	0.01	84	97272	买盘
14:00:30	11.57	--	57	65949	卖盘
14:00:15	11.57	--	2	2314	卖盘
13:59:57	11.57	--	6	6942	卖盘
13:59:45	11.57	-0.01	24	27768	卖盘
13:59:18	11.58	--	10	11580	买盘
13:59:15	11.58	--	2	2316	买盘
13:59:06	11.58	--	19	22002	买盘
13:58:48	11.58	--	115	133170	卖盘
13:58:45	11.58	-0.01	4	4632	卖盘
13:58:42	11.59	0.01	13	15067	买盘
13:58:36	11.58	--	6	6948	卖盘
13:58:33	11.58	-0.01	2	2316	卖盘
13:58:15	11.59	0.01	10	11590	买盘
13:58:09	11.58	--	10	11580	卖盘
13:58:00	11.58	--	7	8106	卖盘
13:57:57	11.58	-0.01	10	11580	卖盘
13:57:51	11.59	0.01	29	33611	买盘
13:57:27	11.58	--	86	99588	买盘
13:57:24	11.58	--	6	6948	买盘
13:57:18	11.58	0.01	2	2316	买盘
13:56:45	11.57	-0.01	15	17355	卖盘
13:56:36	11.58	--	10	11580	买盘
13:56:24	11.58	--	10	11580	买盘
13:56:00	11.58	0.01	30	34740	买盘
13:55:51	11.57	-0.01	0	786	卖盘
13:55:33	11.58	--	6	6948	买盘
13:55:12	11.58	0.01	3	3474	买盘
13:55:09	11.57	--	11	12727	卖盘
13:54:39	11.57	--	10	11570	卖盘
13:54:30	11.57	-0.01	59	68263	卖盘
13:54:21	11.58	--	25	28950	卖盘
13:54:18	11.58	-0.01	42	48636	卖盘
13:54:12	11.59	0.01	18	20862	买盘
13:54:00	11.58	--	13	15054	卖盘
13:53:42	11.58	-0.01	5	5790	卖盘
13:53:27	11.59	--	70	81130	买盘
13:53:24	11.59	--	90	104310	卖盘
13:53:15	11.59	--	50	57950	卖盘
13:53:03	11.59	--	2	2318	卖盘
13:53:00	11.59	--	50	57950	卖盘
13:52:57	11.59	--	100	115900	卖盘
13:52:33	11.59	--	22	25498	卖盘
13:52:27	11.59	--	199	230641	买盘
13:52:21	11.59	--	4	4636	买盘
13:52:18	11.59	--	22	25498	买盘
13:51:54	11.59	--	49	56791	买盘
13:51:51	11.59	--	54	62586	买盘
13:51:36	11.59	--	128	148352	卖盘
13:51:33	11.59	--	20	23180	卖盘
13:51:15	11.59	-0.01	5	5795	卖盘
13:51:03	11.6	--	6	6960	买盘
13:51:00	11.6	--	13	15080	买盘
13:50:57	11.6	--	35	40600	买盘
13:50:33	11.6	0.01	68	78880	买盘
13:50:21	11.59	-0.01	20	23180	卖盘
13:50:18	11.6	0.01	30	34800	买盘
13:50:12	11.59	-0.01	50	57950	卖盘
13:50:09	11.6	0.01	88	102080	买盘
13:49:54	11.59	--	50	57950	买盘
13:49:45	11.59	0.02	327	378993	买盘
13:49:42	11.57	--	44	50908	卖盘
13:49:27	11.57	--	11	12727	中性盘
13:49:18	11.57	0.01	10	11570	中性盘
13:49:12	11.56	-0.02	78	90168	卖盘
13:49:03	11.58	--	28	32424	买盘
13:49:00	11.58	--	35	40530	卖盘
13:48:48	11.58	-0.01	2	2316	卖盘
13:48:45	11.59	--	8	9272	卖盘
13:48:42	11.59	--	10	11590	卖盘
13:48:39	11.59	--	10	11590	卖盘
13:48:36	11.59	--	13	15067	卖盘
13:48:30	11.59	--	30	34770	卖盘
13:48:24	11.59	-0.01	8	9272	卖盘
13:48:12	11.6	--	5	5800	买盘
13:48:03	11.6	--	10	11600	买盘
13:48:00	11.6	--	2	2320	买盘
13:47:30	11.6	0.01	1	1160	买盘
13:47:27	11.59	--	1	1159	卖盘
13:47:18	11.59	--	15	17385	买盘
13:47:12	11.59	0.01	62	71858	买盘
13:47:09	11.58	-0.01	30	34740	卖盘
13:47:06	11.59	--	1	1159	买盘
13:47:03	11.59	--	18	20862	买盘
13:47:00	11.59	--	25	28975	买盘
13:46:48	11.59	0.01	19	22021	买盘
13:46:27	11.58	--	16	18528	卖盘
13:46:21	11.58	--	24	27792	买盘
13:46:18	11.58	--	10	11580	买盘
13:46:12	11.58	--	18	20844	买盘
13:46:03	11.58	0.01	8	9264	买盘
13:46:00	11.57	--	47	54379	卖盘
13:45:48	11.57	--	6	6942	卖盘
13:45:42	11.57	-0.01	20	23140	卖盘
13:45:30	11.58	0.01	10	11580	买盘
13:45:09	11.57	--	10	11570	卖盘
13:45:06	11.57	--	13	15041	买盘
13:45:00	11.57	--	21	24297	买盘
13:44:54	11.57	--	11	12727	买盘
13:44:51	11.57	0.02	10	11570	买盘
13:44:12	11.55	--	3	3465	买盘
13:44:06	11.55	-0.01	97	112035	卖盘
13:43:54	11.56	-0.01	3	3468	卖盘
13:43:45	11.57	0.02	7	8099	买盘
13:43:24	11.55	-0.02	20	23100	卖盘
13:43:18	11.57	0.02	1	1157	买盘
13:43:15	11.55	--	3	3465	卖盘
13:42:57	11.55	--	3	3465	卖盘
13:42:51	11.55	--	3	3465	卖盘
13:42:45	11.55	--	1	1155	卖盘
13:42:42	11.55	--	9	10395	买盘
13:42:36	11.55	--	6	6930	买盘
13:42:33	11.55	-0.01	16	18480	卖盘
13:42:24	11.56	-0.01	16	18496	卖盘
13:42:15	11.57	-0.01	5	5785	买盘
13:42:06	11.58	0.02	3	3474	买盘
13:42:03	11.56	-0.03	103	119068	卖盘
13:41:42	11.59	0.01	94	108946	买盘
13:41:39	11.58	--	15	17370	卖盘
13:41:36	11.58	0.01	15	17370	中性盘
13:41:30	11.57	-0.01	15	17355	卖盘
13:41:24	11.58	--	24	27792	卖盘
13:41:18	11.58	-0.01	252	291816	卖盘
13:41:15	11.59	--	24	27816	买盘
13:41:12	11.59	--	20	23180	买盘
13:41:09	11.59	--	20	23180	买盘
13:41:06	11.59	--	14	16226	买盘
13:40:42	11.59	-0.01	159	184281	卖盘
13:40:27	11.6	--	31	35960	买盘
13:40:21	11.6	--	12	13920	买盘
13:40:15	11.6	0.01	20	23200	买盘
13:40:12	11.59	--	10	11590	卖盘
13:40:09	11.59	--	8	9272	卖盘
13:39:57	11.59	--	22	25498	卖盘
13:39:48	11.59	0.01	66	76494	买盘
13:39:42	11.58	-0.01	5	5790	卖盘
13:39:33	11.59	--	1	1159	买盘
13:39:30	11.59	--	69	79971	买盘
13:39:24	11.59	--	5	5795	买盘
13:39:18	11.59	--	16	18544	买盘
13:39:03	11.59	0.01	33	38247	买盘
13:39:00	11.58	-0.01	20	23160	卖盘
13:38:54	11.59	--	5	5795	买盘
13:38:45	11.59	0.02	3	3477	买盘
13:38:39	11.57	-0.01	192	222144	卖盘
13:38:36	11.58	--	119	137802	买盘
13:38:33	11.58	--	49	56742	买盘
13:38:30	11.58	--	14	16212	买盘
13:38:27	11.58	--	9	10422	买盘
13:38:09	11.58	0.01	15	17370	买盘
13:38:06	11.57	-0.01	20	23140	卖盘
13:38:00	11.58	0.01	5	5790	买盘
13:37:54	11.57	--	6	6942	卖盘
13:37:48	11.57	-0.01	6	6942	卖盘
13:37:42	11.58	0.01	6	6948	买盘
13:37:36	11.57	-0.01	10	11570	卖盘
13:37:24	11.58	0.01	5	5790	买盘
13:37:21	11.57	-0.01	5	5785	卖盘
13:37:15	11.58	--	231	267498	卖盘
13:37:12	11.58	-0.01	28	32424	卖盘
13:37:06	11.59	0.01	10	11590	买盘
13:37:00	11.58	--	2	2316	卖盘
13:36:57	11.58	-0.01	6	6948	卖盘
13:36:51	11.59	-0.01	155	179645	卖盘
13:36:39	11.6	--	233	270280	卖盘
13:36:36	11.6	--	55	63800	卖盘
13:36:33	11.6	-0.01	97	112520	卖盘
13:36:30	11.61	0.01	10	11610	买盘
13:36:24	11.6	--	62	71920	卖盘
13:36:21	11.6	--	57	66120	卖盘
13:36:18	11.6	--	5	5800	卖盘
13:36:15	11.6	-0.01	27	31320	卖盘
13:36:12	11.61	0.01	4	4644	买盘
13:36:09	11.6	--	10	11600	卖盘
13:36:06	11.6	--	20	23200	卖盘
13:36:00	11.6	--	12	13920	卖盘
13:35:54	11.6	--	10	11600	买盘
13:35:48	11.6	--	17	19720	买盘
13:35:45	11.6	--	11	12760	买盘
13:35:42	11.6	-0.01	249	288840	卖盘
13:35:39	11.61	--	9	10449	买盘
13:35:36	11.61	--	5	5805	买盘
13:35:33	11.61	--	18	20898	买盘
13:35:27	11.61	-0.01	11	12771	卖盘
13:35:24	11.62	0.01	11	12782	买盘
13:35:18	11.61	--	2	2322	卖盘
13:35:15	11.61	--	35	40635	卖盘
13:35:12	11.61	0.01	49	56889	买盘
13:35:06	11.6	-0.01	10	11600	卖盘
13:35:03	11.61	0.01	55	63855	买盘
13:35:00	11.6	--	10	11600	卖盘
13:34:57	11.6	--	2	2320	卖盘
13:34:51	11.6	--	6	6960	卖盘
13:34:48	11.6	0.01	20	23200	卖盘
13:34:45	11.59	--	10	11590	买盘
13:34:42	11.59	--	264	305976	卖盘
13:34:39	11.59	-0.01	21	24339	卖盘
13:34:36	11.6	--	86	99760	买盘
13:34:33	11.6	--	5	5800	买盘
13:34:30	11.6	--	5	5800	买盘
13:34:27	11.6	0.01	5	5800	买盘
13:34:24	11.59	-0.01	30	34770	卖盘
13:34:21	11.6	0.01	11	12760	买盘
13:34:18	11.59	--	150	173850	卖盘
13:34:15	11.59	-0.01	75	86925	卖盘
13:34:12	11.6	--	1	1160	买盘
13:34:00	11.6	--	1	1160	买盘
13:33:57	11.6	--	3	3480	中性盘
13:33:51	11.6	--	13	15080	卖盘
13:33:48	11.6	--	30	34800	卖盘
13:33:39	11.6	--	25	29000	卖盘
13:33:36	11.6	-0.01	34	39440	卖盘
13:33:33	11.61	--	11	12771	买盘
13:33:30	11.61	--	15	17415	买盘
13:33:27	11.61	--	8	9288	买盘
13:33:18	11.61	--	19	22059	卖盘
13:33:12	11.61	--	5	5805	买盘
13:33:09	11.61	--	2	2322	卖盘
13:33:03	11.61	0.01	8	9288	卖盘
13:33:00	11.6	-0.03	7	8120	卖盘
13:32:54	11.63	0.01	130	151190	买盘
13:32:51	11.62	--	26	30211	买盘
13:32:48	11.62	0.01	33	38346	买盘
13:32:45	11.61	-0.02	75	87075	卖盘
13:32:39	11.63	0.02	111	129093	买盘
13:32:36	11.61	-0.02	6	6966	卖盘
13:32:33	11.63	0.02	120	139560	买盘
13:32:30	11.61	--	24	27864	卖盘
13:32:27	11.61	-0.02	4	4644	卖盘
13:32:24	11.63	0.01	100	116300	买盘
13:32:21	11.62	--	30	34860	买盘
13:32:18	11.62	--	24	27887	买盘
13:32:15	11.62	--	12	13943	卖盘
13:32:09	11.62	--	14	16267	卖盘
13:32:06	11.62	0.01	38	44156	买盘
13:32:03	11.61	-0.02	9	10449	卖盘
13:32:00	11.63	--	20	23260	买盘
13:31:57	11.63	--	7	8141	买盘
13:31:54	11.63	--	11	12793	卖盘
13:31:51	11.63	-0.01	145	168635	卖盘
13:31:48	11.64	--	11	12804	买盘
13:31:45	11.64	0.01	172	200208	中性盘
13:31:42	11.63	-0.02	34	39542	卖盘
13:31:39	11.65	--	216	251640	买盘
13:31:33	11.65	0.01	200	233000	买盘
13:31:30	11.64	-0.01	103	119892	卖盘
13:31:27	11.65	--	26	30290	买盘
13:31:24	11.65	--	188	219020	买盘
13:31:21	11.65	--	33	38445	买盘
13:31:18	11.65	--	91	106015	买盘
13:31:15	11.65	--	101	117665	买盘
13:31:12	11.65	--	66	76890	买盘
13:31:09	11.65	0.02	97	113005	买盘
13:31:06	11.63	-0.01	42	48846	中性盘
13:31:03	11.64	--	39	45396	买盘
13:31:00	11.64	0.02	14	16296	买盘
13:30:57	11.62	0.02	63	73206	买盘
13:30:54	11.6	--	197	228520	买盘
13:30:51	11.6	--	43	49880	买盘
13:30:48	11.6	--	200	232000	买盘
13:30:45	11.6	--	111	128760	买盘
13:30:42	11.6	--	89	103240	买盘
13:30:39	11.6	--	15	17400	买盘
13:30:36	11.6	0.01	226	262160	买盘
13:30:33	11.59	0.01	213	246867	买盘
13:30:30	11.58	0.01	507	587106	买盘
13:30:27	11.57	--	86	99502	买盘
13:30:24	11.57	--	10	11570	买盘
13:30:21	11.57	0.01	441	510237	买盘
13:30:18	11.56	0.01	29	33524	买盘
13:30:15	11.55	0.02	189	218364	买盘
13:30:12	11.53	-0.02	2	2306	卖盘
13:30:09	11.55	0.02	505	583275	买盘
13:30:03	11.53	0.01	432	498096	买盘
13:30:00	11.52	--	6	6912	买盘
13:29:54	11.52	--	11	12672	买盘
13:29:48	11.52	--	22	25344	买盘
13:29:45	11.52	--	19	21888	买盘
13:29:33	11.52	--	32	36864	买盘
13:29:30	11.52	--	50	57600	买盘
13:29:09	11.52	--	110	126720	买盘
13:29:06	11.52	0.01	30	34560	买盘
13:29:03	11.51	-0.01	5	5755	卖盘
13:28:57	11.52	--	31	35712	买盘
13:28:54	11.52	0.01	6	6912	买盘
13:28:45	11.51	--	55	63305	卖盘
13:28:42	11.51	-0.01	21	24171	卖盘
13:28:33	11.52	0.01	53	61056	买盘
13:28:30	11.51	-0.01	10	11510	卖盘
13:28:27	11.52	0.01	108	124416	买盘
13:28:21	11.51	-0.01	4	4604	卖盘
13:28:18	11.52	0.01	18	20736	买盘
13:28:09	11.51	-0.01	18	20718	卖盘
13:28:06	11.52	0.01	27	31104	买盘
13:28:00	11.51	-0.01	76	87476	卖盘
13:27:51	11.52	0.01	9	10368	买盘
13:27:48	11.51	--	6	6906	卖盘
13:27:39	11.51	--	6	6906	卖盘
13:27:30	11.51	--	70	80570	卖盘
13:27:21	11.51	--	6	6906	卖盘
13:27:12	11.51	--	14	16114	卖盘
13:27:09	11.51	--	100	115100	卖盘
13:27:03	11.51	--	26	29926	卖盘
13:27:00	11.51	--	3	3453	卖盘
13:26:57	11.51	--	100	115100	卖盘
13:26:54	11.51	-0.01	70	80570	卖盘
13:26:48	11.52	0.01	11	12672	买盘
13:26:42	11.51	0.01	10	11510	中性盘
13:26:27	11.5	-0.01	254	292100	卖盘
13:26:21	11.51	0.01	40	46040	买盘
13:26:12	11.5	--	30	34500	卖盘
13:26:09	11.5	--	2	2300	卖盘
13:26:03	11.5	--	105	120750	卖盘
13:25:45	11.5	--	3	3450	卖盘
13:25:33	11.5	--	3	3450	卖盘
13:25:27	11.5	-0.01	3	3450	卖盘
13:25:24	11.51	0.01	5	5755	买盘
13:25:15	11.5	--	10	11500	卖盘
13:25:09	11.5	--	12	13800	卖盘
13:25:03	11.5	-0.01	18	20700	卖盘
13:24:57	11.51	0.01	16	18416	买盘
13:24:48	11.5	--	7	8050	卖盘
13:24:30	11.5	--	10	11500	卖盘
13:24:27	11.5	--	5	5750	卖盘
13:24:21	11.5	-0.01	3	3450	卖盘
13:24:15	11.51	--	8	9208	买盘
13:24:06	11.51	--	5	5755	买盘
13:24:03	11.51	--	20	23020	买盘
13:23:54	11.51	--	20	23020	买盘
13:23:42	11.51	--	11	12661	买盘
13:23:39	11.51	0.01	24	27624	买盘
13:23:36	11.5	-0.01	22	25300	卖盘
13:23:27	11.51	--	2	2302	买盘
13:23:18	11.51	--	3	3453	买盘
13:23:15	11.51	0.01	4	4604	买盘
13:23:12	11.5	--	20	23000	卖盘
13:22:57	11.5	--	59	67850	买盘
13:22:45	11.5	--	44	50600	卖盘
13:22:39	11.5	-0.01	11	12650	买盘
13:22:36	11.51	0.01	246	283146	买盘
13:22:33	11.5	--	5	5750	卖盘
13:22:18	11.5	0.01	25	28750	买盘
13:22:06	11.49	-0.01	8	9192	卖盘
13:21:45	11.5	--	7	8050	买盘
13:21:12	11.5	--	22	25300	卖盘
13:21:03	11.5	--	3	3450	卖盘
13:20:54	11.5	-0.01	210	241500	卖盘
13:20:48	11.51	-0.01	69	79419	卖盘
13:20:45	11.52	0.01	17	19584	买盘
13:20:36	11.51	--	2	2302	买盘
13:20:33	11.51	-0.01	10	11510	中性盘
13:20:15	11.52	0.02	8	9216	买盘
13:20:03	11.5	-0.03	18	20700	卖盘
13:19:57	11.53	0.01	100	115300	买盘
13:19:51	11.52	--	51	58752	买盘
13:19:42	11.52	--	1	1152	买盘
13:19:36	11.52	0.01	5	5760	买盘
13:19:21	11.51	--	45	51795	卖盘
13:19:18	11.51	--	1	1151	卖盘
13:19:12	11.51	-0.01	31	35681	卖盘
13:19:00	11.52	-0.01	6	6912	中性盘
13:18:54	11.53	--	57	65721	买盘
13:18:51	11.53	--	40	46120	买盘
13:18:48	11.53	--	6	6918	买盘
13:18:45	11.53	--	10	11530	买盘
13:18:42	11.53	0.01	29	33437	买盘
13:18:36	11.52	--	7	8064	卖盘
13:18:21	11.52	0.01	379	436608	买盘
13:18:18	11.51	0.01	50	57550	买盘
13:18:03	11.5	--	17	19550	买盘
13:18:00	11.5	--	110	126500	买盘
13:17:45	11.5	0.02	5	5750	买盘
13:17:39	11.48	-0.02	12	13776	卖盘
13:17:36	11.5	0.01	399	458850	买盘
13:17:27	11.49	0.02	24	27576	买盘
13:17:12	11.47	--	69	79143	买盘
13:17:00	11.47	--	5	5735	买盘
13:16:54	11.47	-0.01	125	143375	卖盘
13:16:48	11.48	--	10	11480	买盘
13:16:12	11.48	--	10	11480	买盘
13:16:09	11.48	--	7	8036	买盘
13:16:03	11.48	0.01	9	10332	买盘
13:16:00	11.47	-0.01	20	22940	卖盘
13:15:57	11.48	--	9	10332	买盘
13:15:42	11.48	--	20	22960	买盘
13:15:36	11.48	--	100	114800	买盘
13:15:30	11.48	--	10	11480	买盘
13:15:21	11.48	--	6	6888	买盘
13:15:15	11.48	-0.01	39	44772	卖盘
13:15:12	11.49	--	36	41364	买盘
13:15:09	11.49	0.01	13	14937	买盘
13:15:06	11.48	-0.01	100	114800	卖盘
13:15:03	11.49	0.01	10	11490	买盘
13:14:48	11.48	-0.01	10	11480	卖盘
13:14:42	11.49	--	1	1149	买盘
13:14:36	11.49	0.01	9	10341	买盘
13:14:18	11.48	--	21	24108	买盘
13:14:12	11.48	--	1	1148	卖盘
13:14:06	11.48	--	7	8036	买盘
13:14:03	11.48	0.01	28	32144	买盘
13:13:51	11.47	--	15	17205	卖盘
13:13:48	11.47	-0.01	12	13764	卖盘
13:13:39	11.48	--	5	5740	中性盘
13:13:33	11.48	--	5	5740	买盘
13:13:18	11.48	--	15	17220	卖盘
13:13:15	11.48	--	5	5740	卖盘
13:13:03	11.48	0.01	21	24108	买盘
13:13:00	11.47	-0.01	7	8029	卖盘
13:12:51	11.48	0.01	18	20664	买盘
13:12:33	11.47	--	19	21793	买盘
13:12:27	11.47	--	15	17205	买盘
13:11:54	11.47	0.01	5	5735	买盘
13:11:48	11.46	-0.01	90	103140	卖盘
13:11:45	11.47	0.01	30	34410	买盘
13:11:33	11.46	--	187	214302	卖盘
13:11:21	11.46	0.01	186	213156	买盘
13:11:15	11.45	-0.01	14	16029	卖盘
13:11:12	11.46	--	20	22920	买盘
13:11:09	11.46	-0.01	139	159294	卖盘
13:10:57	11.47	0.01	100	114700	买盘
13:10:54	11.46	-0.01	5	5730	卖盘
13:10:51	11.47	0.01	7	8029	买盘
13:10:45	11.46	-0.01	65	74490	卖盘
13:10:36	11.47	--	4	4588	买盘
13:10:30	11.47	--	10	11470	买盘
13:10:18	11.47	0.01	20	22940	买盘
13:10:12	11.46	--	1	1146	卖盘
13:10:09	11.46	--	42	48132	卖盘
13:09:57	11.46	0.01	32	36672	买盘
13:09:39	11.45	-0.01	43	49235	卖盘
13:09:24	11.46	--	3	3438	买盘
13:09:21	11.46	--	20	22920	卖盘
13:09:03	11.46	--	97	111162	卖盘
13:09:00	11.46	--	5	5730	卖盘
13:08:57	11.46	--	90	103140	卖盘
13:08:54	11.46	--	19	21774	卖盘
13:08:33	11.46	--	5	5730	卖盘
13:08:27	11.46	-0.01	1	1146	卖盘
13:08:21	11.47	--	30	34410	买盘
13:07:54	11.47	--	5	5735	买盘
13:07:39	11.47	--	2	2294	卖盘
13:07:36	11.47	--	56	64232	卖盘
13:07:30	11.47	--	1	1147	卖盘
13:07:18	11.47	-0.01	5	5735	卖盘
13:07:09	11.48	0.01	1	1148	买盘
13:06:57	11.47	-0.01	30	34410	卖盘
13:06:54	11.48	--	2	2296	买盘
13:06:51	11.48	--	79	90692	卖盘
13:06:48	11.48	--	5	5740	卖盘
13:06:45	11.48	-0.01	30	34440	卖盘
13:06:36	11.49	0.01	5	5745	买盘
13:06:18	11.48	--	19	21812	卖盘
13:05:54	11.48	--	6	6888	卖盘
13:05:48	11.48	-0.01	30	34440	卖盘
13:05:42	11.49	--	19	21831	卖盘
13:05:39	11.49	--	1	1149	卖盘
13:05:24	11.49	0.01	7	8043	买盘
13:04:57	11.48	--	40	45920	卖盘
13:04:51	11.48	--	95	109060	卖盘
13:04:45	11.48	-0.01	1	1148	卖盘
13:04:30	11.49	--	21	24129	卖盘
13:04:24	11.49	--	53	60897	买盘
13:04:09	11.49	--	7	8043	卖盘
13:04:00	11.49	0.01	6	6894	中性盘
13:03:27	11.48	--	51	58548	卖盘
13:03:18	11.48	--	16	18368	卖盘
13:03:12	11.48	--	4	4592	卖盘
13:03:00	11.48	--	61	70028	卖盘
13:02:42	11.48	--	2	2296	卖盘
13:02:36	11.48	0.01	37	42476	买盘
13:02:24	11.47	--	23	26381	卖盘
13:02:21	11.47	--	2	2294	卖盘
13:02:06	11.47	--	20	22940	卖盘
13:02:03	11.47	--	13	14911	卖盘
13:02:00	11.47	--	1	1147	卖盘
13:01:54	11.47	--	30	34410	卖盘
13:01:45	11.47	-0.01	17	19499	卖盘
13:01:39	11.48	--	38	43624	卖盘
13:01:36	11.48	--	3	3444	卖盘
13:01:30	11.48	--	1	1148	卖盘
13:01:18	11.48	--	34	39032	卖盘
13:01:00	11.48	--	10	11480	卖盘
13:00:36	11.48	0.01	37	43072	买盘
13:00:24	11.47	-0.01	11	12617	卖盘
13:00:09	11.48	-0.01	32	37287	卖盘
13:00:06	11.49	--	10	11490	卖盘
13:00:03	11.49	0.01	105	120645	买盘
13:00:00	11.48	--	0	0	卖盘
11:30:00	11.48	--	0	0	卖盘
11:29:57	11.48	--	20	22960	卖盘
11:29:21	11.48	--	20	22960	卖盘
11:29:03	11.48	--	4	4592	卖盘
11:28:48	11.48	--	8	9184	卖盘
11:28:33	11.48	--	1	1744	买盘
11:28:30	11.48	--	18	21215	卖盘
11:28:27	11.48	--	2	2296	卖盘
11:28:24	11.48	--	90	103916	买盘
11:28:15	11.48	--	10	11480	买盘
11:28:09	11.48	--	10	11480	买盘
11:28:06	11.48	--	10	11480	买盘
11:28:03	11.48	0.01	20	22960	买盘
11:27:51	11.47	--	52	59644	卖盘
11:27:48	11.47	--	15	17205	卖盘
11:27:21	11.47	-0.01	194	222518	卖盘
11:26:51	11.48	0.01	13	14924	买盘
11:26:48	11.47	-0.01	47	53909	卖盘
11:26:24	11.48	--	1	1148	买盘
11:26:15	11.48	-0.02	7	8587	卖盘
11:26:06	11.5	0.02	11	12650	买盘
11:25:57	11.48	--	20	22960	卖盘
11:25:51	11.48	-0.01	29	33292	卖盘
11:25:48	11.49	--	52	59748	买盘
11:25:42	11.49	0.01	10	11490	买盘
11:25:30	11.48	-0.01	9	10332	卖盘
11:25:06	11.49	--	5	5745	买盘
11:24:57	11.49	0.01	3	3447	买盘
11:24:27	11.48	--	3	3444	卖盘
11:24:12	11.48	-0.01	76	87248	卖盘
11:24:06	11.49	--	11	13236	买盘
11:23:51	11.49	0.01	20	22980	买盘
11:23:39	11.48	--	13	14924	买盘
11:23:36	11.48	--	17	19516	卖盘
11:23:33	11.48	--	220	252560	卖盘
11:23:18	11.48	--	19	21812	买盘
11:23:15	11.48	-0.01	70	80360	卖盘
11:23:03	11.49	0.01	35	40215	买盘
11:22:57	11.48	--	30	34440	卖盘
11:22:48	11.48	--	13	14924	卖盘
11:22:45	11.48	-0.01	20	22960	中性盘
11:22:33	11.49	0.01	30	34470	买盘
11:22:30	11.48	--	12	14327	卖盘
11:22:27	11.48	--	21	24108	卖盘
11:22:21	11.48	--	35	40180	卖盘
11:22:18	11.48	--	41	47068	卖盘
11:22:15	11.48	--	200	229600	卖盘
11:22:06	11.48	--	20	22960	卖盘
11:22:00	11.48	--	4	4592	卖盘
11:21:54	11.48	--	9	10332	卖盘
11:21:45	11.48	--	22	25256	卖盘
11:21:42	11.48	--	6	6888	卖盘
11:21:39	11.48	--	58	66584	卖盘
11:21:36	11.48	--	227	260596	卖盘
11:21:33	11.48	--	10	11480	卖盘
11:21:30	11.48	-0.01	41	47068	卖盘
11:21:27	11.49	0.01	32	36768	买盘
11:21:24	11.48	-0.01	82	94136	卖盘
11:21:12	11.49	--	15	17235	卖盘
11:21:06	11.49	--	1	1149	卖盘
11:21:03	11.49	--	41	47109	卖盘
11:20:57	11.49	--	10	11490	卖盘
11:20:54	11.49	-0.01	10	11490	卖盘
11:20:36	11.5	0.01	135	155250	买盘
11:20:24	11.49	--	30	34470	卖盘
11:20:21	11.49	--	10	11490	卖盘
11:20:15	11.49	--	19	21831	卖盘
11:20:06	11.49	--	8	9192	卖盘
11:19:51	11.49	--	10	11490	卖盘
11:19:33	11.49	-0.01	1	1149	卖盘
11:19:27	11.5	0.01	30	34500	买盘
11:19:18	11.49	--	21	24129	卖盘
11:19:12	11.49	-0.01	2	2298	卖盘
11:19:06	11.5	--	44	50600	买盘
11:18:36	11.5	--	26	29900	买盘
11:18:33	11.5	--	4	4600	买盘
11:18:30	11.5	--	1	1150	买盘
11:18:21	11.5	--	7	8050	买盘
11:18:09	11.5	--	6	6900	买盘
11:17:36	11.5	0.01	24	27600	买盘
11:17:30	11.49	--	50	57450	买盘
11:17:21	11.49	0.01	103	118347	买盘
11:17:06	11.48	--	13	14924	卖盘
11:16:48	11.48	--	100	114800	卖盘
11:16:30	11.48	-0.01	13	14924	卖盘
11:16:18	11.49	--	13	14937	买盘
11:16:09	11.49	0.01	43	50004	买盘
11:15:54	11.48	--	10	11480	卖盘
11:15:30	11.48	--	20	22960	卖盘
11:15:06	11.48	--	8	9184	卖盘
11:15:03	11.48	-0.01	1	1148	卖盘
11:14:51	11.49	--	4	5147	卖盘
11:14:42	11.49	--	9	10341	卖盘
11:14:36	11.49	--	10	11490	卖盘
11:14:27	11.49	--	10	11490	卖盘
11:14:18	11.49	--	237	272313	卖盘
11:13:24	11.49	--	10	11490	卖盘
11:13:18	11.49	--	26	29874	卖盘
11:12:51	11.49	-0.01	2	2298	卖盘
11:12:48	11.5	--	10	11500	买盘
11:12:45	11.5	--	9	10350	买盘
11:12:42	11.5	--	10	11500	买盘
11:12:36	11.5	0.01	13	14950	买盘
11:12:15	11.49	-0.01	20	22980	卖盘
11:12:00	11.5	--	8	9200	买盘
11:11:57	11.5	0.01	50	57500	买盘
11:11:36	11.49	-0.01	4	4596	卖盘
11:11:30	11.5	0.01	5	5750	买盘
11:11:24	11.49	--	16	18384	卖盘
11:11:06	11.49	-0.01	9	10341	卖盘
11:10:48	11.5	--	7	8050	买盘
11:10:45	11.5	0.01	50	57500	买盘
11:10:39	11.49	--	50	57450	卖盘
11:10:30	11.49	-0.01	10	11490	卖盘
11:10:15	11.5	--	4	4600	买盘
11:10:12	11.5	0.01	85	97750	买盘
11:10:09	11.49	--	24	27576	卖盘
11:10:06	11.49	--	9	10341	卖盘
11:09:54	11.49	--	8	9192	卖盘
11:09:51	11.49	--	5	5745	卖盘
11:09:48	11.49	--	6	6894	卖盘
11:09:42	11.49	--	7	8043	卖盘
11:09:36	11.49	--	4	4596	卖盘
11:09:33	11.49	--	45	51705	卖盘
11:09:30	11.49	--	6	6894	卖盘
11:09:24	11.49	--	10	11490	卖盘
11:09:15	11.49	--	30	34470	卖盘
11:09:09	11.49	-0.01	1	1149	卖盘
11:09:00	11.5	--	8	9200	买盘
11:08:57	11.5	--	36	41400	买盘
11:08:54	11.5	-0.01	5	5750	卖盘
11:08:51	11.51	0.01	22	25322	买盘
11:08:45	11.5	--	41	47150	卖盘
11:08:42	11.5	--	25	28750	卖盘
11:08:39	11.5	--	13	14950	卖盘
11:08:33	11.5	--	20	23000	卖盘
11:08:21	11.5	--	2	2300	卖盘
11:08:18	11.5	--	29	33350	买盘
11:08:15	11.5	0.01	30	34500	买盘
11:08:09	11.49	-0.01	4	5193	卖盘
11:08:06	11.5	--	30	34500	买盘
11:08:00	11.5	-0.01	1	1150	买盘
11:07:42	11.51	0.02	48	55248	买盘
11:07:33	11.49	-0.02	20	22980	卖盘
11:07:18	11.51	0.01	122	140422	买盘
11:07:15	11.5	--	40	46000	卖盘
11:07:09	11.5	--	20	23000	卖盘
11:06:54	11.5	--	1	1150	卖盘
11:06:51	11.5	--	76	87400	买盘
11:06:48	11.5	--	16	18400	买盘
11:06:45	11.5	0.01	10	11500	买盘
11:06:42	11.49	-0.01	25	28725	卖盘
11:06:39	11.5	0.01	4	4600	买盘
11:06:30	11.49	--	5	5745	卖盘
11:06:09	11.49	-0.02	20	22980	卖盘
11:06:03	11.51	0.01	192	220992	买盘
11:05:57	11.5	--	13	14950	买盘
11:05:51	11.5	--	51	58650	买盘
11:05:48	11.5	--	20	23000	买盘
11:05:39	11.5	--	17	19550	卖盘
11:05:36	11.5	-0.01	90	103500	卖盘
11:05:33	11.51	0.01	17	19567	买盘
11:05:30	11.5	-0.01	9	10350	卖盘
11:05:27	11.51	--	20	23020	买盘
11:05:18	11.51	--	20	23020	买盘
11:05:09	11.51	-0.01	12	13812	卖盘
11:05:00	11.52	0.01	111	127872	买盘
11:04:57	11.51	--	6	6906	买盘
11:04:51	11.51	0.01	200	230200	买盘
11:04:45	11.5	--	17	19550	卖盘
11:04:24	11.5	--	126	144900	买盘
11:04:18	11.5	--	2	2300	买盘
11:04:00	11.5	0.02	5	5750	买盘
11:03:51	11.48	-0.02	4	4592	中性盘
11:03:36	11.5	0.03	300	345000	买盘
11:03:30	11.47	-0.02	11	12617	卖盘
11:02:54	11.49	0.02	8	9192	买盘
11:02:36	11.47	--	11	12617	卖盘
11:02:33	11.47	--	18	20646	卖盘
11:02:30	11.47	--	32	37071	买盘
11:02:24	11.47	0.01	30	34410	买盘
11:02:18	11.46	-0.01	75	85950	卖盘
11:02:00	11.47	--	12	13764	买盘
11:01:57	11.47	-0.01	175	200725	卖盘
11:01:54	11.48	--	20	22960	买盘
11:01:45	11.48	--	116	133168	买盘
11:01:39	11.48	--	45	52440	卖盘
11:01:21	11.48	--	3	3444	卖盘
11:01:18	11.48	--	80	91840	卖盘
11:00:57	11.48	-0.02	60	68880	卖盘
11:00:42	11.5	--	1	1150	买盘
11:00:24	11.5	0.02	10	11500	买盘
11:00:15	11.48	-0.01	29	33292	卖盘
11:00:06	11.49	0.01	13	14937	中性盘
10:59:42	11.48	-0.02	919	1055012	卖盘
10:59:15	11.5	--	18	20700	卖盘
10:59:12	11.5	--	5	5750	卖盘
10:59:09	11.5	--	16	18400	卖盘
10:58:51	11.5	--	10	11500	卖盘
10:58:45	11.5	--	18	20700	卖盘
10:58:27	11.5	--	46	52900	卖盘
10:58:21	11.5	--	60	69000	卖盘
10:58:18	11.5	--	11	12650	卖盘
10:58:00	11.5	-0.01	40	46000	卖盘
10:57:54	11.51	0.01	5	5755	买盘
10:57:48	11.5	-0.01	40	46000	卖盘
10:57:45	11.51	0.01	78	89778	买盘
10:57:42	11.5	--	1	1150	卖盘
10:57:36	11.5	--	12	13800	卖盘
10:57:24	11.5	--	12	13800	卖盘
10:57:21	11.5	-0.01	6	6900	卖盘
10:57:09	11.51	0.01	4	4604	买盘
10:57:03	11.5	--	40	46000	卖盘
10:56:54	11.5	-0.01	11	12650	卖盘
10:56:48	11.51	--	71	81721	卖盘
10:56:30	11.51	--	80	92080	买盘
10:56:27	11.51	0.01	7	8057	买盘
10:56:21	11.5	-0.01	3	3450	卖盘
10:56:15	11.51	0.01	17	19567	中性盘
10:56:12	11.5	-0.01	110	126868	卖盘
10:56:03	11.51	--	20	23020	卖盘
10:56:00	11.51	--	10	11510	卖盘
10:55:57	11.51	--	24	27624	卖盘
10:55:54	11.51	--	1	1151	卖盘
10:55:51	11.51	--	1	1151	卖盘
10:55:45	11.51	--	5	5755	卖盘
10:55:42	11.51	-0.01	10	11510	卖盘
10:55:39	11.52	--	8	9216	买盘
10:55:30	11.52	-0.01	10	11520	卖盘
10:55:18	11.53	--	10	11530	买盘
10:55:09	11.53	--	50	57650	买盘
10:55:03	11.53	--	28	32284	卖盘
10:55:00	11.53	--	20	23060	卖盘
10:54:57	11.53	--	153	176409	卖盘
10:54:48	11.53	--	50	57650	卖盘
10:54:45	11.53	--	7	8071	卖盘
10:54:39	11.53	-0.01	48	55344	卖盘
10:54:36	11.54	0.01	5	5770	买盘
10:54:27	11.53	-0.01	10	11530	中性盘
10:54:21	11.54	0.01	134	154636	买盘
10:54:18	11.53	--	6	6918	买盘
10:54:12	11.53	-0.01	5	6848	卖盘
10:54:06	11.54	--	94	108475	买盘
10:54:03	11.54	--	31	35774	买盘
10:54:00	11.54	--	86	99243	买盘
10:53:57	11.54	0.01	15	17310	买盘
10:53:54	11.53	-0.01	100	115300	卖盘
10:53:51	11.54	0.01	41	47314	买盘
10:53:48	11.53	-0.01	19	21907	卖盘
10:53:45	11.54	0.01	28	32311	买盘
10:53:42	11.53	-0.01	15	17295	卖盘
10:53:39	11.54	0.01	213	245801	买盘
10:53:36	11.53	-0.01	56	64568	卖盘
10:53:33	11.54	0.01	3	3461	买盘
10:53:30	11.53	-0.01	135	155655	卖盘
10:53:27	11.54	0.01	16	18464	买盘
10:53:24	11.53	-0.01	50	57650	卖盘
10:53:21	11.54	0.01	25	28849	买盘
10:53:12	11.53	--	5	5765	卖盘
10:53:09	11.53	--	6	6918	卖盘
10:53:06	11.53	--	40	46189	买盘
10:53:03	11.53	0.01	315	363195	买盘
10:52:57	11.52	--	41	47232	买盘
10:52:48	11.52	0.01	42	48384	买盘
10:52:45	11.51	-0.01	15	17265	中性盘
10:52:42	11.52	--	6	6912	买盘
10:52:36	11.52	--	128	147456	买盘
10:52:30	11.52	0.01	96	110592	买盘
10:52:27	11.51	--	6	6906	买盘
10:52:24	11.51	--	13	14963	买盘
10:52:18	11.51	--	112	128912	买盘
10:52:15	11.51	--	8	9208	买盘
10:52:12	11.51	--	42	48342	买盘
10:52:06	11.51	--	96	110496	买盘
10:52:03	11.51	--	12	13812	买盘
10:51:51	11.51	0.01	4	4604	中性盘
10:51:45	11.5	-0.01	459	527850	卖盘
10:51:39	11.51	--	74	85174	买盘
10:51:36	11.51	0.01	3	3453	买盘
10:51:33	11.5	-0.01	5	5750	卖盘
10:51:30	11.51	--	230	264730	买盘
10:51:27	11.51	--	23	26473	买盘
10:51:24	11.51	0.01	6	6906	买盘
10:51:21	11.5	-0.01	19	21850	卖盘
10:51:18	11.51	0.01	10	11510	买盘
10:51:15	11.5	--	291	334650	卖盘
10:51:12	11.5	-0.01	34	39100	卖盘
10:51:06	11.51	--	1	1151	买盘
10:51:03	11.51	--	1	1151	买盘
10:51:00	11.51	--	47	54097	卖盘
10:50:57	11.51	--	25	28775	卖盘
10:50:51	11.51	0.01	92	105892	买盘
10:50:48	11.5	--	5	5750	买盘
10:50:45	11.5	--	3	3450	买盘
10:50:42	11.5	--	12	13800	买盘
10:50:39	11.5	--	131	150650	买盘
10:50:36	11.5	--	2	2300	买盘
10:50:33	11.5	-0.02	415	477250	卖盘
10:50:30	11.52	0.01	150	172800	买盘
10:50:27	11.51	-0.01	25	28775	卖盘
10:50:24	11.52	0.01	45	51840	买盘
10:50:21	11.51	--	27	31077	买盘
10:50:18	11.51	--	78	89778	买盘
10:50:15	11.51	--	50	57550	买盘
10:50:12	11.51	--	12	13812	买盘
10:50:09	11.51	--	35	40285	买盘
10:50:03	11.51	--	16	18416	卖盘
10:50:00	11.51	-0.01	142	163442	中性盘
10:49:57	11.52	0.01	128	147456	买盘
10:49:54	11.51	--	94	108194	买盘
10:49:51	11.51	0.02	49	56399	买盘
10:49:48	11.49	-0.01	39	44811	卖盘
10:49:45	11.5	-0.01	5	5750	卖盘
10:49:42	11.51	0.02	164	188764	买盘
10:49:36	11.49	-0.01	30	34470	卖盘
10:49:33	11.5	--	48	55200	买盘
10:49:27	11.5	0.01	202	232300	买盘
10:49:24	11.49	--	13	14937	卖盘
10:49:18	11.49	--	5	5745	卖盘
10:49:15	11.49	--	26	29874	卖盘
10:49:06	11.49	--	37	42513	买盘
10:49:00	11.49	--	100	114900	买盘
10:48:57	11.49	--	33	37917	买盘
10:48:54	11.49	0.01	54	62046	买盘
10:48:51	11.48	-0.01	35	40180	卖盘
10:48:42	11.49	0.01	200	229800	买盘
10:48:36	11.48	--	10	11480	卖盘
10:48:03	11.48	--	35	40180	卖盘
10:48:00	11.48	--	5	5740	卖盘
10:47:54	11.48	0.01	194	222712	买盘
10:47:51	11.47	--	25	28675	卖盘
10:47:45	11.47	--	1	1147	卖盘
10:47:42	11.47	-0.01	20	22940	卖盘
10:47:39	11.48	0.01	30	34440	买盘
10:47:36	11.47	--	34	38998	卖盘
10:47:33	11.47	-0.01	10	11470	卖盘
10:47:18	11.48	--	65	74620	卖盘
10:47:15	11.48	--	34	39032	卖盘
10:47:12	11.48	--	67	76916	买盘
10:47:09	11.48	--	58	66584	买盘
10:46:57	11.48	--	14	16072	买盘
10:46:51	11.48	0.01	21	24108	买盘
10:46:39	11.47	0.01	80	91760	买盘
10:46:36	11.46	--	30	34380	卖盘
10:46:33	11.46	--	10	11460	卖盘
10:46:27	11.46	--	25	28650	卖盘
10:46:09	11.46	-0.01	58	66468	卖盘
10:45:51	11.47	--	20	22940	买盘
10:45:42	11.47	0.01	5	5735	买盘
10:45:39	11.46	--	30	34380	卖盘
10:45:33	11.46	-0.01	11	12606	卖盘
10:45:27	11.47	0.01	20	22940	买盘
10:45:21	11.46	-0.01	36	41256	卖盘
10:45:18	11.47	0.01	10	11470	买盘
10:45:15	11.46	-0.01	25	28650	卖盘
10:45:06	11.47	--	115	131905	卖盘
10:45:00	11.47	--	15	17205	卖盘
10:44:57	11.47	--	13	14911	卖盘
10:44:54	11.47	--	30	34410	卖盘
10:44:51	11.47	--	4	4588	卖盘
10:44:36	11.47	-0.01	35	40145	卖盘
10:44:33	11.48	--	192	220416	买盘
10:44:24	11.48	0.01	8	9184	买盘
10:44:21	11.47	-0.01	21	24087	卖盘
10:44:15	11.48	--	1	1148	买盘
10:44:12	11.48	0.01	65	74620	买盘
10:44:09	11.47	--	39	44733	卖盘
10:44:06	11.47	-0.01	2	2294	卖盘
10:44:03	11.48	--	117	134316	买盘
10:43:45	11.48	0.01	20	22960	买盘
10:43:30	11.47	-0.01	27	30969	卖盘
10:43:27	11.48	0.01	140	160720	买盘
10:43:18	11.47	-0.01	56	64232	卖盘
10:43:15	11.48	0.01	74	84952	买盘
10:43:12	11.47	--	60	68820	买盘
10:43:09	11.47	--	5	5735	买盘
10:43:06	11.47	--	12	13764	买盘
10:43:03	11.47	0.01	22	25234	买盘
10:42:57	11.46	--	25	28650	卖盘
10:42:51	11.46	--	78	89388	买盘
10:42:39	11.46	--	84	96264	买盘
10:42:36	11.46	0.01	6	6876	买盘
10:42:33	11.45	--	5	5725	卖盘
10:42:24	11.45	--	109	124804	买盘
10:41:54	11.45	--	19	21755	卖盘
10:41:42	11.45	--	5	5725	卖盘
10:41:36	11.45	--	5	5725	卖盘
10:41:33	11.45	--	66	75570	买盘
10:41:30	11.45	0.01	128	146560	买盘
10:41:15	11.44	-0.01	15	17160	卖盘
10:41:12	11.45	0.01	5	5725	买盘
10:41:09	11.44	--	2	2288	卖盘
10:40:57	11.44	--	55	62920	卖盘
10:40:51	11.44	0.01	220	251680	买盘
10:40:48	11.43	--	30	34290	卖盘
10:40:42	11.43	-0.01	5	5715	卖盘
10:40:21	11.44	0.01	15	17160	买盘
10:40:18	11.43	--	5	5715	卖盘
10:40:15	11.43	-0.01	8	9144	卖盘
10:40:12	11.44	0.01	100	114400	买盘
10:40:06	11.43	-0.01	12	13716	卖盘
10:40:00	11.44	0.01	29	33176	买盘
10:39:54	11.43	-0.01	14	16002	卖盘
10:39:51	11.44	--	55	62920	买盘
10:39:42	11.44	--	61	69784	买盘
10:39:33	11.44	--	86	98384	买盘
10:39:30	11.44	0.01	7	8008	买盘
10:39:18	11.43	--	25	28575	买盘
10:39:15	11.43	--	61	69723	买盘
10:39:09	11.43	--	41	46863	买盘
10:39:03	11.43	0.01	20	22860	买盘
10:38:51	11.42	0.01	66	75372	买盘
10:38:48	11.41	-0.01	5	5705	卖盘
10:38:42	11.42	0.01	2	2284	买盘
10:38:39	11.41	--	8	9128	卖盘
10:38:33	11.41	-0.01	44	50204	卖盘
10:38:18	11.42	--	20	22840	买盘
10:38:06	11.42	0.01	1	1142	买盘
10:38:00	11.41	--	73	83293	卖盘
10:37:54	11.41	-0.01	134	152894	卖盘
10:37:51	11.42	0.01	55	62810	买盘
10:37:45	11.41	--	30	34230	卖盘
10:37:36	11.41	-0.01	10	11410	卖盘
10:37:30	11.42	-0.01	1	1142	买盘
10:37:21	11.43	0.01	8	9144	买盘
10:37:18	11.42	0.01	10	11420	买盘
10:37:12	11.41	--	5	5705	卖盘
10:37:09	11.41	--	1	1141	卖盘
10:37:06	11.41	--	134	152894	买盘
10:37:03	11.41	--	35	39935	买盘
10:36:57	11.41	--	21	23961	买盘
10:36:51	11.41	--	10	11410	买盘
10:36:48	11.41	--	38	43358	买盘
10:36:39	11.41	--	1	1141	买盘
10:36:36	11.41	--	10	11410	买盘
10:36:33	11.41	--	36	41076	买盘
10:36:30	11.41	0.01	9	10269	买盘
10:36:27	11.4	--	15	17100	卖盘
10:36:24	11.4	-0.01	186	212040	卖盘
10:36:21	11.41	--	36	41076	买盘
10:36:18	11.41	0.01	84	95844	买盘
10:36:15	11.4	--	34	38760	卖盘
10:36:12	11.4	-0.01	141	160740	卖盘
10:36:09	11.41	0.01	30	34230	买盘
10:35:57	11.4	-0.01	2	2280	卖盘
10:35:51	11.41	0.01	6	6846	买盘
10:35:42	11.4	--	12	13680	卖盘
10:35:39	11.4	-0.01	10	11400	卖盘
10:35:21	11.41	0.01	12	13692	买盘
10:35:15	11.4	--	70	79800	卖盘
10:35:06	11.4	--	80	91200	卖盘
10:34:45	11.4	--	3	3420	卖盘
10:34:42	11.4	--	19	21682	买盘
10:34:39	11.4	0.01	2	2280	买盘
10:34:36	11.39	-0.01	16	18224	卖盘
10:34:33	11.4	0.01	21	23940	买盘
10:34:30	11.39	-0.01	50	56950	卖盘
10:34:24	11.4	0.01	8	9120	买盘
10:34:18	11.39	-0.01	11	12529	卖盘
10:34:12	11.4	0.01	5	5700	买盘
10:34:06	11.39	--	50	56950	卖盘
10:34:03	11.39	--	5	5695	卖盘
10:33:57	11.39	-0.01	4	4556	卖盘
10:33:54	11.4	0.01	5	5700	买盘
10:33:51	11.39	-0.01	40	45560	卖盘
10:33:36	11.4	--	150	171000	买盘
10:33:27	11.4	--	50	57000	买盘
10:33:24	11.4	--	6	6840	买盘
10:33:21	11.4	--	3	3420	买盘
10:33:18	11.4	--	31	36457	卖盘
10:33:12	11.4	-0.01	163	185820	卖盘
10:33:06	11.41	--	71	81011	买盘
10:33:03	11.41	--	98	111818	卖盘
10:33:00	11.41	--	30	34230	卖盘
10:32:51	11.41	-0.01	52	59332	卖盘
10:32:48	11.42	0.01	46	52532	买盘
10:32:45	11.41	--	20	22820	卖盘
10:32:39	11.41	-0.01	10	11410	卖盘
10:32:36	11.42	--	88	100496	买盘
10:32:33	11.42	--	88	100496	卖盘
10:32:30	11.42	-0.01	8	9136	卖盘
10:32:21	11.43	0.01	14	16002	买盘
10:32:18	11.42	-0.01	100	114200	卖盘
10:32:15	11.43	--	16	18288	卖盘
10:32:06	11.43	0.01	24	27432	买盘
10:32:03	11.42	--	15	17130	卖盘
10:31:54	11.42	--	21	23982	卖盘
10:31:48	11.42	-0.01	1	1142	卖盘
10:31:45	11.43	-0.01	10	11430	中性盘
10:31:33	11.44	0.01	75	85800	买盘
10:31:24	11.43	--	22	25146	卖盘
10:31:21	11.43	-0.01	10	11430	卖盘
10:31:18	11.44	0.01	5	5720	买盘
10:31:09	11.43	--	50	57150	卖盘
10:31:00	11.43	--	1	1143	卖盘
10:30:45	11.43	--	86	98298	卖盘
10:30:39	11.43	--	39	44577	卖盘
10:30:30	11.43	-0.01	6	6858	卖盘
10:30:18	11.44	--	3	3432	卖盘
10:30:15	11.44	-0.01	20	22880	卖盘
10:30:09	11.45	0.01	10	11450	买盘
10:30:06	11.44	--	6	6864	卖盘
10:29:57	11.44	--	1	1144	卖盘
10:29:12	11.44	--	1	1144	买盘
10:29:09	11.44	-0.01	5	5720	买盘
10:29:06	11.45	0.02	10	11450	买盘
10:29:03	11.43	-0.02	217	248031	卖盘
10:29:00	11.45	0.01	18	20610	买盘
10:28:57	11.44	--	30	34320	卖盘
10:28:54	11.44	-0.01	500	572000	卖盘
10:28:42	11.45	0.01	57	65264	买盘
10:28:27	11.44	-0.01	4	4576	卖盘
10:28:15	11.45	0.01	6	6870	买盘
10:28:06	11.44	--	1	1144	卖盘
10:28:03	11.44	--	176	201344	买盘
10:28:00	11.44	0.01	27	30888	买盘
10:27:57	11.43	-0.01	15	17145	卖盘
10:27:42	11.44	--	2	2288	买盘
10:27:39	11.44	--	20	22880	买盘
10:27:06	11.44	0.01	20	22880	买盘
10:27:03	11.43	--	82	93726	卖盘
10:26:54	11.43	--	10	11430	卖盘
10:26:51	11.43	--	2	2286	卖盘
10:26:48	11.43	--	14	16002	卖盘
10:26:42	11.43	--	7	8001	买盘
10:26:39	11.43	0.01	41	46863	买盘
10:26:36	11.42	-0.01	40	45680	卖盘
10:26:24	11.43	--	10	11430	买盘
10:26:06	11.43	--	9	10287	买盘
10:26:03	11.43	--	32	36576	买盘
10:26:00	11.43	--	6	6858	买盘
10:25:57	11.43	0.01	4	4572	买盘
10:25:54	11.42	-0.01	3	3426	卖盘
10:25:39	11.43	--	211	241173	卖盘
10:25:36	11.43	--	20	22860	卖盘
10:25:33	11.43	--	52	59436	卖盘
10:25:27	11.43	--	14	16002	卖盘
10:25:24	11.43	--	3	3429	卖盘
10:25:15	11.43	-0.01	16	18288	卖盘
10:25:12	11.44	0.01	5	5720	买盘
10:25:06	11.43	-0.01	8	9144	卖盘
10:24:45	11.44	--	23	26312	买盘
10:24:42	11.44	--	8	9152	卖盘
10:24:36	11.44	--	7	8008	卖盘
10:24:30	11.44	-0.01	12	13728	卖盘
10:24:18	11.45	0.01	7	8014	买盘
10:24:15	11.44	-0.01	10	11440	卖盘
10:23:45	11.45	0.02	4	4580	买盘
10:23:30	11.43	--	53	60579	卖盘
10:23:24	11.43	-0.01	1	1143	卖盘
10:23:21	11.44	--	40	45760	卖盘
10:22:57	11.44	--	15	17171	买盘
10:22:45	11.44	-0.02	21	25156	卖盘
10:22:42	11.46	0.01	9	10314	买盘
10:22:12	11.45	0.01	10	11450	买盘
10:22:09	11.44	--	38	43472	卖盘
10:22:06	11.44	-0.01	2	2299	卖盘
10:21:51	11.45	--	33	37785	卖盘
10:21:45	11.45	--	75	85875	买盘
10:21:39	11.45	--	5	5725	买盘
10:21:30	11.45	--	10	11450	买盘
10:21:27	11.45	0.02	3	3435	买盘
10:21:24	11.43	--	26	29718	卖盘
10:21:21	11.43	-0.02	6	6858	卖盘
10:21:18	11.45	--	28	32059	买盘
10:21:15	11.45	--	5	5725	买盘
10:21:12	11.45	0.01	33	37785	买盘
10:21:09	11.44	0.02	5	5720	买盘
10:21:06	11.42	-0.03	70	79940	卖盘
10:21:03	11.45	--	49	56105	买盘
10:21:00	11.45	0.01	69	79005	买盘
10:20:57	11.44	--	38	43472	买盘
10:20:54	11.44	--	94	107536	买盘
10:20:51	11.44	0.01	71	81224	买盘
10:20:33	11.43	-0.01	30	34290	中性盘
10:20:30	11.44	0.01	41	46904	买盘
10:20:27	11.43	-0.01	6	6858	卖盘
10:20:21	11.44	--	5	5720	买盘
10:20:15	11.44	--	8	9152	买盘
10:20:09	11.44	0.01	10	11440	买盘
10:19:54	11.43	-0.01	50	57150	卖盘
10:19:51	11.44	--	11	12584	买盘
10:19:48	11.44	0.01	5	5720	买盘
10:19:42	11.43	-0.01	10	11430	卖盘
10:19:36	11.44	0.01	16	18304	买盘
10:19:33	11.43	--	50	57150	卖盘
10:19:30	11.43	-0.01	24	27432	卖盘
10:19:27	11.44	--	1	1144	买盘
10:19:18	11.44	--	32	36608	中性盘
10:19:03	11.44	-0.01	1	1144	中性盘
10:18:54	11.45	--	30	34350	买盘
10:18:51	11.45	--	45	51525	买盘
10:18:48	11.45	0.01	30	34350	买盘
10:18:45	11.44	--	146	167024	卖盘
10:18:42	11.44	-0.01	37	42328	卖盘
10:18:39	11.45	0.01	30	34350	买盘
10:18:36	11.44	--	7	8008	卖盘
10:18:33	11.44	-0.01	5	5720	卖盘
10:18:15	11.45	--	16	18320	卖盘
10:18:12	11.45	-0.01	1	1145	卖盘
10:18:09	11.46	0.01	11	12606	买盘
10:18:06	11.45	--	8	9160	卖盘
10:18:03	11.45	--	5	5725	卖盘
10:18:00	11.45	-0.01	105	120224	卖盘
10:17:51	11.46	--	5	5730	买盘
10:17:42	11.46	--	1	1146	买盘
10:17:36	11.46	--	2	2292	买盘
10:17:27	11.46	--	151	173046	卖盘
10:17:24	11.46	-0.01	5	5730	卖盘
10:17:03	11.47	0.01	10	11470	买盘
10:17:00	11.46	-0.02	5	5730	卖盘
10:16:51	11.48	0.01	19	21812	买盘
10:16:48	11.47	--	28	32116	卖盘
10:16:42	11.47	--	10	11470	卖盘
10:16:39	11.47	--	1	1147	卖盘
10:16:36	11.47	--	5	5735	卖盘
10:16:33	11.47	--	26	29822	卖盘
10:16:24	11.47	-0.01	31	35557	卖盘
10:16:18	11.48	0.01	1	1148	买盘
10:16:09	11.47	--	10	11470	卖盘
10:16:00	11.47	--	9	10323	卖盘
10:15:45	11.47	--	126	144522	卖盘
10:15:36	11.47	0.01	47	53909	买盘
10:15:27	11.46	--	1	1146	卖盘
10:15:18	11.46	--	10	11460	卖盘
10:15:06	11.46	--	5	5730	卖盘
10:14:57	11.46	-0.01	1	1146	卖盘
10:14:51	11.47	--	10	11470	买盘
10:14:30	11.47	0.01	20	22940	买盘
10:14:27	11.46	-0.01	25	28650	卖盘
10:14:18	11.47	--	99	113553	卖盘
10:14:15	11.47	--	35	40145	卖盘
10:14:12	11.47	-0.01	13	14911	卖盘
10:13:51	11.48	-0.01	263	301924	卖盘
10:13:48	11.49	0.01	5	5745	买盘
10:13:39	11.48	-0.01	5	5740	卖盘
10:13:36	11.49	0.01	50	57450	买盘
10:13:15	11.48	--	5	5740	卖盘
10:12:54	11.48	--	2	2296	卖盘
10:12:51	11.48	-0.01	7	8036	卖盘
10:12:48	11.49	--	50	57450	买盘
10:12:42	11.49	0.01	1	1149	买盘
10:12:36	11.48	-0.01	1	1148	中性盘
10:12:30	11.49	--	52	59748	买盘
10:12:24	11.49	0.01	29	33321	买盘
10:12:21	11.48	-0.01	69	79212	卖盘
10:12:09	11.49	0.01	4	4596	买盘
10:12:03	11.48	--	10	11480	卖盘
10:11:57	11.48	-0.01	7	8036	卖盘
10:11:51	11.49	--	9	10341	买盘
10:11:42	11.49	--	21	24129	卖盘
10:11:39	11.49	--	2	2298	卖盘
10:11:33	11.49	--	21	24129	买盘
10:11:30	11.49	--	2	2298	买盘
10:11:27	11.49	-0.01	17	19533	卖盘
10:11:24	11.5	0.01	33	37950	买盘
10:11:21	11.49	--	230	264270	卖盘
10:11:09	11.49	0.01	202	232098	买盘
10:11:06	11.48	--	113	129724	买盘
10:11:00	11.48	--	29	33292	买盘
10:10:57	11.48	--	20	22960	买盘
10:10:54	11.48	-0.01	92	105616	卖盘
10:10:48	11.49	--	30	34470	买盘
10:10:45	11.49	0.01	48	55152	买盘
10:10:42	11.48	-0.01	18	20664	卖盘
10:10:36	11.49	--	50	57450	买盘
10:10:30	11.49	--	30	34470	买盘
10:10:27	11.49	--	3	3447	买盘
10:10:24	11.49	0.01	43	49407	买盘
10:10:21	11.48	-0.01	10	11480	卖盘
10:10:18	11.49	0.01	10	11490	买盘
10:10:06	11.48	-0.01	14	16072	卖盘
10:10:03	11.49	--	49	56301	买盘
10:09:57	11.49	0.01	2	2298	买盘
10:09:54	11.48	--	19	21812	卖盘
10:09:51	11.48	--	21	24108	卖盘
10:09:48	11.48	--	25	28700	买盘
10:09:42	11.48	--	4	4592	卖盘
10:09:36	11.48	--	127	145796	买盘
10:09:30	11.48	--	20	22960	买盘
10:09:27	11.48	0.01	10	11480	买盘
10:09:15	11.47	-0.01	3	3441	卖盘
10:09:06	11.48	0.01	2	2296	买盘
10:09:00	11.47	--	11	12617	卖盘
10:08:57	11.47	--	6	6882	卖盘
10:08:42	11.47	-0.01	1	1147	买盘
10:08:36	11.48	0.01	200	229600	买盘
10:08:33	11.47	0.01	200	229400	买盘
10:08:30	11.46	-0.01	5	5730	卖盘
10:08:27	11.47	--	22	25234	买盘
10:08:24	11.47	-0.01	205	235135	卖盘
10:08:21	11.48	0.01	5	5740	买盘
10:08:12	11.47	-0.01	1	1147	卖盘
10:08:06	11.48	0.01	14	16072	买盘
10:07:57	11.47	--	50	57350	卖盘
10:07:54	11.47	0.01	174	199578	买盘
10:07:51	11.46	0.01	5	5730	买盘
10:07:45	11.45	-0.01	45	51525	卖盘
10:07:42	11.46	--	49	56154	买盘
10:07:39	11.46	--	187	214302	卖盘
10:07:36	11.46	--	3	3438	卖盘
10:07:30	11.46	--	3	3438	卖盘
10:07:24	11.46	--	10	11460	卖盘
10:07:15	11.46	--	150	171900	卖盘
10:07:12	11.46	--	12	13752	卖盘
10:07:06	11.46	--	1	1146	卖盘
10:06:57	11.46	-0.01	5	5730	卖盘
10:06:54	11.47	0.01	30	34410	买盘
10:06:51	11.46	--	30	34380	卖盘
10:06:48	11.46	--	22	25212	买盘
10:06:42	11.46	--	78	89388	卖盘
10:06:33	11.46	--	3	3438	卖盘
10:06:30	11.46	--	10	11460	卖盘
10:06:21	11.46	0.01	79	90534	买盘
10:06:15	11.45	--	51	58395	卖盘
10:06:09	11.45	-0.01	13	14884	卖盘
10:06:06	11.46	--	26	29796	买盘
10:05:54	11.46	0.02	300	343800	买盘
10:05:45	11.44	-0.02	10	11440	卖盘
10:05:24	11.46	0.02	67	76782	买盘
10:05:09	11.44	--	13	14872	卖盘
10:05:06	11.44	--	6	6864	卖盘
10:05:03	11.44	--	4	4576	卖盘
10:04:51	11.44	-0.01	11	12584	卖盘
10:04:45	11.45	0.01	100	114500	买盘
10:04:42	11.44	--	44	50336	卖盘
10:04:39	11.44	--	5	5720	卖盘
10:04:36	11.44	--	15	17160	卖盘
10:04:33	11.44	--	8	9152	卖盘
10:04:30	11.44	-0.01	2	2288	卖盘
10:04:18	11.45	--	15	17175	卖盘
10:04:12	11.45	--	10	11450	卖盘
10:04:03	11.45	0.01	40	45800	买盘
10:04:00	11.44	-0.01	80	91520	卖盘
10:03:54	11.45	0.01	10	11450	买盘
10:03:48	11.44	-0.01	18	20592	卖盘
10:03:42	11.45	--	1	1145	买盘
10:03:36	11.45	--	14	16029	卖盘
10:03:27	11.45	--	46	52670	买盘
10:03:15	11.45	--	19	21755	买盘
10:03:09	11.45	-0.01	38	43510	中性盘
10:03:03	11.46	--	6	6876	买盘
10:03:00	11.46	0.02	19	21774	买盘
10:02:57	11.44	-0.01	216	247104	卖盘
10:02:54	11.45	--	4	4580	卖盘
10:02:42	11.45	-0.01	13	14884	卖盘
10:02:39	11.46	0.01	29	33234	买盘
10:02:36	11.45	--	279	319455	卖盘
10:02:33	11.45	-0.01	24	27480	卖盘
10:02:30	11.46	--	10	11460	买盘
10:02:24	11.46	--	152	174192	买盘
10:02:21	11.46	-0.01	165	189090	卖盘
10:02:09	11.47	0.01	30	34410	买盘
10:02:00	11.46	--	204	233784	买盘
10:01:57	11.46	--	137	157002	买盘
10:01:51	11.46	--	4	4584	买盘
10:01:48	11.46	--	12	13752	买盘
10:01:42	11.46	--	315	360990	买盘
10:01:27	11.46	--	2	2292	买盘
10:01:24	11.46	--	122	139812	买盘
10:01:21	11.46	0.01	42	48132	买盘
10:01:18	11.45	-0.01	50	57250	卖盘
10:01:12	11.46	--	88	100848	卖盘
10:01:09	11.46	--	25	28650	卖盘
10:01:06	11.46	--	26	29796	卖盘
10:01:00	11.46	--	8	9168	卖盘
10:00:42	11.46	--	20	22920	卖盘
10:00:33	11.46	--	16	18336	卖盘
10:00:30	11.46	--	7	8022	卖盘
10:00:27	11.46	--	15	17190	买盘
10:00:24	11.46	0.01	74	84804	买盘
10:00:18	11.45	-0.01	3	3435	卖盘
10:00:15	11.46	--	63	72198	买盘
10:00:09	11.46	0.01	80	91680	买盘
10:00:06	11.45	--	5	5725	卖盘
10:00:00	11.45	-0.01	52	59539	卖盘
09:59:54	11.46	-0.01	175	200550	卖盘
09:59:51	11.47	--	40	45880	买盘
09:59:48	11.47	0.01	10	11470	买盘
09:59:42	11.46	-0.01	128	146688	卖盘
09:59:36	11.47	--	26	29822	买盘
09:59:33	11.47	0.01	8	9176	买盘
09:59:30	11.46	--	15	17190	卖盘
09:59:27	11.46	-0.01	23	26358	卖盘
09:59:24	11.47	-0.01	14	16058	买盘
09:59:21	11.48	0.02	353	405244	买盘
09:59:18	11.46	-0.01	50	57300	卖盘
09:59:12	11.47	0.01	102	116994	买盘
09:59:03	11.46	--	1	1146	买盘
09:59:00	11.46	-0.01	48	55008	卖盘
09:58:54	11.47	--	31	35557	买盘
09:58:51	11.47	--	17	19499	买盘
09:58:45	11.47	0.01	13	14911	买盘
09:58:36	11.46	--	30	34380	卖盘
09:58:27	11.46	--	25	28650	买盘
09:58:18	11.46	--	20	22920	买盘
09:58:06	11.46	--	105	120330	卖盘
09:58:03	11.46	--	20	22920	买盘
09:58:00	11.46	--	56	64176	买盘
09:57:57	11.46	--	20	22920	买盘
09:57:54	11.46	0.01	102	116892	买盘
09:57:51	11.45	-0.01	1	1145	卖盘
09:57:42	11.46	--	1	1146	买盘
09:57:39	11.46	--	5	5730	买盘
09:57:36	11.46	--	18	20628	买盘
09:57:33	11.46	0.01	4	4584	买盘
09:57:27	11.45	--	5	5725	卖盘
09:57:24	11.45	--	14	16029	卖盘
09:57:21	11.45	--	50	57250	买盘
09:57:15	11.45	0.01	61	69845	买盘
09:57:12	11.44	--	19	21736	卖盘
09:57:09	11.44	-0.01	21	24024	卖盘
09:57:06	11.45	--	3	3435	买盘
09:57:03	11.45	0.01	18	20610	买盘
09:57:00	11.44	--	7	8008	卖盘
09:56:57	11.44	--	45	51480	卖盘
09:56:54	11.44	--	88	100672	卖盘
09:56:51	11.44	-0.01	10	11440	卖盘
09:56:48	11.45	--	10	11450	买盘
09:56:42	11.45	--	36	41220	买盘
09:56:39	11.45	--	267	305715	卖盘
09:56:33	11.45	--	2	2290	卖盘
09:56:30	11.45	--	10	11450	卖盘
09:56:27	11.45	--	247	282815	买盘
09:56:12	11.45	--	29	33205	买盘
09:56:09	11.45	--	246	281670	卖盘
09:56:06	11.45	--	131	149995	卖盘
09:55:57	11.45	0.02	23	26335	买盘
09:55:54	11.43	-0.02	6	6858	卖盘
09:55:51	11.45	--	29	33205	卖盘
09:55:45	11.45	--	10	11450	卖盘
09:55:42	11.45	--	14	16029	买盘
09:55:39	11.45	--	8	9160	买盘
09:55:27	11.45	-0.01	3	3435	买盘
09:55:24	11.46	0.01	300	343800	买盘
09:55:21	11.45	--	15	17175	卖盘
09:55:18	11.45	-0.01	64	73280	卖盘
09:55:15	11.46	--	5	5730	买盘
09:55:12	11.46	--	1	1146	买盘
09:55:06	11.46	--	28	32088	卖盘
09:55:03	11.46	--	2	2292	卖盘
09:55:00	11.46	--	36	41256	卖盘
09:54:57	11.46	-0.01	73	83658	卖盘
09:54:54	11.47	--	12	13764	买盘
09:54:51	11.47	0.01	31	35557	买盘
09:54:45	11.46	-0.01	25	28650	卖盘
09:54:42	11.47	0.01	11	12617	买盘
09:54:39	11.46	-0.01	5	5730	卖盘
09:54:33	11.47	--	18	20646	买盘
09:54:30	11.47	--	2	2294	买盘
09:54:27	11.47	-0.01	26	29822	卖盘
09:54:24	11.48	0.01	70	80360	买盘
09:54:18	11.47	--	14	16058	卖盘
09:54:15	11.47	0.01	30	34410	买盘
09:54:12	11.46	-0.01	118	135228	卖盘
09:54:09	11.47	--	100	114700	买盘
09:54:06	11.47	--	2	2294	买盘
09:54:03	11.47	0.01	43	49321	买盘
09:53:57	11.46	--	142	162732	卖盘
09:53:54	11.46	--	76	87096	卖盘
09:53:48	11.46	-0.01	10	11460	卖盘
09:53:39	11.47	0.02	35	40145	买盘
09:53:36	11.45	-0.03	10	11450	卖盘
09:53:30	11.48	0.02	153	175644	买盘
09:53:24	11.46	--	35	40110	卖盘
09:53:21	11.46	-0.01	328	375888	卖盘
09:53:18	11.47	--	50	57350	买盘
09:53:15	11.47	--	4	4588	卖盘
09:53:12	11.47	--	20	22940	卖盘
09:53:09	11.47	--	30	34410	卖盘
09:53:06	11.47	0.02	304	348688	买盘
09:53:03	11.45	--	1	1145	中性盘
09:52:57	11.45	--	5	5725	买盘
09:52:54	11.45	--	48	54960	买盘
09:52:51	11.45	--	202	231290	卖盘
09:52:48	11.45	-0.01	34	38930	卖盘
09:52:45	11.46	--	15	17190	买盘
09:52:42	11.46	0.01	90	103140	买盘
09:52:39	11.45	-0.01	50	57250	卖盘
09:52:36	11.46	--	22	25212	买盘
09:52:33	11.46	0.01	224	256704	中性盘
09:52:30	11.45	--	2	2290	卖盘
09:52:27	11.45	--	49	56105	卖盘
09:52:24	11.45	--	8	9160	卖盘
09:52:21	11.45	-0.01	7	8014	卖盘
09:52:18	11.46	-0.01	27	30942	买盘
09:52:12	11.47	0.02	22	25234	中性盘
09:52:09	11.45	-0.02	156	178620	卖盘
09:52:06	11.47	--	227	260369	买盘
09:52:03	11.47	--	12	13764	买盘
09:52:00	11.47	--	37	42439	买盘
09:51:57	11.47	--	20	22940	买盘
09:51:54	11.47	0.02	14	16058	买盘
09:51:48	11.45	--	35	40075	卖盘
09:51:45	11.45	0.01	94	107630	买盘
09:51:36	11.44	--	26	29744	卖盘
09:51:33	11.44	0.01	19	21736	买盘
09:51:30	11.43	--	27	30861	买盘
09:51:27	11.43	--	82	93726	买盘
09:51:24	11.43	--	31	35433	买盘
09:51:18	11.43	0.01	30	34290	买盘
09:51:12	11.42	-0.01	5	5710	卖盘
09:51:06	11.43	0.01	70	80010	买盘
09:50:51	11.42	--	4	4568	卖盘
09:50:48	11.42	0.01	169	192998	买盘
09:50:45	11.41	--	53	60473	中性盘
09:50:24	11.41	0.01	9	10269	中性盘
09:50:15	11.4	-0.01	80	91200	卖盘
09:50:12	11.41	--	5	5705	买盘
09:50:06	11.41	--	46	52486	卖盘
09:50:03	11.41	-0.01	505	576205	卖盘
09:50:00	11.42	0.01	98	111916	买盘
09:49:57	11.41	0.01	128	146048	买盘
09:49:51	11.4	-0.01	1	1140	卖盘
09:49:48	11.41	-0.01	7	7987	卖盘
09:49:45	11.42	0.01	2	2284	买盘
09:49:39	11.41	--	2	2282	卖盘
09:49:36	11.41	0.01	3	3423	中性盘
09:49:33	11.4	-0.01	9	10260	卖盘
09:49:24	11.41	-0.01	211	240751	卖盘
09:49:21	11.42	--	200	228400	买盘
09:49:09	11.42	0.01	4	4568	买盘
09:49:06	11.41	--	17	19419	卖盘
09:49:03	11.41	--	24	27384	买盘
09:48:57	11.41	--	26	29666	卖盘
09:48:51	11.41	--	8	9128	卖盘
09:48:48	11.41	0.01	466	531706	买盘
09:48:39	11.4	0.01	11	12540	买盘
09:48:36	11.39	--	12	13668	卖盘
09:48:33	11.39	--	20	22780	卖盘
09:48:30	11.39	--	1	1139	卖盘
09:48:27	11.39	--	23	26197	卖盘
09:48:24	11.39	0.01	25	28475	中性盘
09:48:12	11.38	--	100	113800	卖盘
09:48:06	11.38	-0.02	300	341400	卖盘
09:48:03	11.4	0.01	107	121980	买盘
09:48:00	11.39	--	5	5695	卖盘
09:47:54	11.39	--	68	77452	买盘
09:47:48	11.39	0.01	15	17085	买盘
09:47:42	11.38	--	66	75108	卖盘
09:47:39	11.38	--	28	31864	卖盘
09:47:36	11.38	--	15	17070	卖盘
09:47:33	11.38	-0.01	101	114938	卖盘
09:47:27	11.39	0.01	19	21641	买盘
09:47:24	11.38	-0.01	120	136560	卖盘
09:47:18	11.39	--	10	11390	买盘
09:47:09	11.39	0.01	62	70618	买盘
09:47:03	11.38	--	36	40968	卖盘
09:46:54	11.38	--	93	105834	买盘
09:46:51	11.38	--	90	102420	买盘
09:46:48	11.38	0.01	50	56900	买盘
09:46:39	11.37	-0.01	52	59123	卖盘
09:46:33	11.38	0.01	35	39830	买盘
09:46:27	11.37	-0.01	11	12507	卖盘
09:46:21	11.38	--	6	6828	买盘
09:46:18	11.38	--	20	22760	买盘
09:46:12	11.38	--	371	422198	卖盘
09:46:06	11.38	--	60	68280	卖盘
09:46:00	11.38	--	10	11380	卖盘
09:45:57	11.38	-0.01	2	2276	卖盘
09:45:48	11.39	--	5	5695	买盘
09:45:45	11.39	--	69	78591	卖盘
09:45:39	11.39	--	98	111622	卖盘
09:45:33	11.39	-0.01	22	25058	卖盘
09:45:30	11.4	--	72	82080	买盘
09:45:27	11.4	--	8	9120	买盘
09:45:18	11.4	0.01	2	2280	买盘
09:45:15	11.39	-0.01	50	56950	卖盘
09:45:12	11.4	--	11	12540	买盘
09:45:09	11.4	--	111	126540	买盘
09:45:06	11.4	--	80	91200	买盘
09:44:57	11.4	--	10	11400	买盘
09:44:54	11.4	--	10	11400	买盘
09:44:51	11.4	--	30	34200	买盘
09:44:45	11.4	--	126	143640	买盘
09:44:39	11.4	--	37	42180	买盘
09:44:36	11.4	--	1	1140	买盘
09:44:30	11.4	--	2	2280	买盘
09:44:27	11.4	-0.01	84	95760	卖盘
09:44:24	11.41	--	93	106113	买盘
09:44:21	11.41	0.01	1	1141	买盘
09:44:18	11.4	--	2	2280	卖盘
09:44:12	11.4	--	10	11400	卖盘
09:44:03	11.4	0.01	370	421800	买盘
09:44:00	11.39	--	20	22780	买盘
09:43:48	11.39	--	32	36448	买盘
09:43:42	11.39	--	63	71757	买盘
09:43:39	11.39	--	20	22780	买盘
09:43:36	11.39	0.01	11	12529	买盘
09:43:21	11.38	-0.01	72	81936	卖盘
09:43:18	11.39	0.01	108	123012	买盘
09:43:15	11.38	--	27	30726	卖盘
09:43:12	11.38	--	34	38692	买盘
09:43:09	11.38	--	27	30726	买盘
09:43:06	11.38	--	67	76246	买盘
09:43:00	11.38	0.01	15	17070	买盘
09:42:57	11.37	-0.01	52	59123	卖盘
09:42:54	11.38	--	21	23898	买盘
09:42:51	11.38	--	22	25036	买盘
09:42:45	11.38	--	65	73970	买盘
09:42:42	11.38	0.01	51	58038	买盘
09:42:39	11.37	-0.01	2	2274	卖盘
09:42:33	11.38	0.01	20	22760	买盘
09:42:27	11.37	-0.01	4	4548	卖盘
09:42:24	11.38	0.01	103	117214	买盘
09:42:21	11.37	--	66	75042	卖盘
09:42:18	11.37	--	71	80727	卖盘
09:42:09	11.37	0.01	11	12507	卖盘
09:42:06	11.36	-0.01	58	65888	卖盘
09:42:00	11.37	--	89	101193	买盘
09:41:57	11.37	0.01	29	32973	买盘
09:41:54	11.36	--	100	113600	卖盘
09:41:51	11.36	-0.01	18	20448	卖盘
09:41:45	11.37	-0.01	98	111425	卖盘
09:41:42	11.38	--	106	120628	买盘
09:41:39	11.38	--	191	217358	买盘
09:41:36	11.38	--	20	22760	买盘
09:41:24	11.38	0.01	60	68280	买盘
09:41:21	11.37	--	134	152358	卖盘
09:41:18	11.37	-0.01	11	12507	卖盘
09:41:15	11.38	--	30	34140	买盘
09:41:12	11.38	--	74	84212	买盘
09:41:09	11.38	--	55	62590	买盘
09:41:06	11.38	--	10	11380	买盘
09:41:00	11.38	-0.02	52	59176	卖盘
09:40:57	11.4	0.01	267	304380	买盘
09:40:54	11.39	0.01	197	224383	买盘
09:40:51	11.38	--	10	11380	卖盘
09:40:48	11.38	-0.01	9	10242	卖盘
09:40:42	11.39	0.01	5	5695	买盘
09:40:39	11.38	--	5	5690	卖盘
09:40:36	11.38	-0.01	11	12518	卖盘
09:40:33	11.39	0.01	2	2278	买盘
09:40:30	11.38	--	16	18208	卖盘
09:40:27	11.38	--	9	10242	卖盘
09:40:24	11.38	--	16	18208	卖盘
09:40:21	11.38	-0.01	20	22760	中性盘
09:40:18	11.39	0.01	18	20502	买盘
09:40:15	11.38	--	136	154768	卖盘
09:40:12	11.38	--	29	33002	卖盘
09:40:09	11.38	-0.01	69	78522	卖盘
09:40:06	11.39	0.01	1	1139	买盘
09:40:03	11.38	--	12	13656	卖盘
09:40:00	11.38	0.01	11	12518	卖盘
09:39:57	11.37	-0.01	66	75042	卖盘
09:39:54	11.38	--	58	66004	买盘
09:39:51	11.38	--	31	35278	买盘
09:39:48	11.38	0.01	50	56900	买盘
09:39:45	11.37	--	25	28424	卖盘
09:39:42	11.37	--	12	13643	卖盘
09:39:39	11.37	--	37	42069	卖盘
09:39:36	11.37	-0.01	32	36384	卖盘
09:39:33	11.38	--	22	25036	卖盘
09:39:30	11.38	--	31	35278	卖盘
09:39:27	11.38	--	26	29588	卖盘
09:39:24	11.38	-0.02	1	1138	卖盘
09:39:18	11.4	0.02	47	53580	买盘
09:39:12	11.38	-0.03	41	46658	卖盘
09:39:09	11.41	0.03	56	63896	买盘
09:39:06	11.38	-0.02	6	6828	卖盘
09:38:57	11.4	0.02	13	14820	买盘
09:38:54	11.38	--	226	257188	买盘
09:38:51	11.38	-0.02	86	97868	卖盘
09:38:42	11.4	--	35	39900	买盘
09:38:39	11.4	--	33	37620	买盘
09:38:30	11.4	--	64	72960	买盘
09:38:21	11.4	--	27	30780	买盘
09:38:18	11.4	--	54	61560	买盘
09:38:15	11.4	0.02	47	53580	买盘
09:38:12	11.38	-0.01	93	105834	卖盘
09:38:09	11.39	--	134	152626	买盘
09:38:06	11.39	0.01	24	27336	买盘
09:38:03	11.38	--	6	6828	卖盘
09:38:00	11.38	--	65	73970	卖盘
09:37:57	11.38	--	24	27312	卖盘
09:37:54	11.38	--	35	39830	买盘
09:37:51	11.38	--	4	4552	买盘
09:37:48	11.38	--	20	22760	买盘
09:37:42	11.38	--	1	1138	买盘
09:37:30	11.38	-0.01	32	36416	卖盘
09:37:24	11.39	0.01	48	54672	买盘
09:37:21	11.38	--	26	29588	卖盘
09:37:18	11.38	-0.01	4	4552	卖盘
09:37:15	11.39	0.01	100	113900	买盘
09:37:09	11.38	--	85	96730	卖盘
09:37:06	11.38	--	11	12518	卖盘
09:37:03	11.38	-0.01	12	13656	卖盘
09:37:00	11.39	0.01	10	11390	买盘
09:36:54	11.38	--	4	4552	卖盘
09:36:51	11.38	--	32	36416	卖盘
09:36:42	11.38	--	93	105834	卖盘
09:36:39	11.38	-0.01	5	5690	卖盘
09:36:33	11.39	--	25	28475	买盘
09:36:24	11.39	--	1	1139	买盘
09:36:18	11.39	--	44	50116	买盘
09:36:15	11.39	--	1	1139	买盘
09:36:03	11.39	-0.01	65	74035	卖盘
09:36:00	11.4	--	42	47880	买盘
09:35:57	11.4	--	102	116280	买盘
09:35:54	11.4	0.01	10	11400	买盘
09:35:45	11.39	--	10	11390	卖盘
09:35:42	11.39	-0.01	25	28475	卖盘
09:35:36	11.4	--	65	74100	买盘
09:35:33	11.4	0.01	57	64980	买盘
09:35:30	11.39	--	54	61506	卖盘
09:35:24	11.39	-0.01	7	7973	卖盘
09:35:21	11.4	0.01	12	13680	买盘
09:35:18	11.39	-0.01	10	11390	卖盘
09:35:15	11.4	0.01	71	80940	买盘
09:35:00	11.39	--	38	43282	卖盘
09:34:57	11.39	--	2	2278	卖盘
09:34:54	11.39	--	34	38726	买盘
09:34:51	11.39	-0.01	73	83147	卖盘
09:34:45	11.4	--	50	57000	买盘
09:34:42	11.4	--	60	68400	买盘
09:34:39	11.4	--	100	114000	买盘
09:34:30	11.4	--	10	11400	买盘
09:34:27	11.4	--	20	22800	中性盘
09:34:24	11.4	--	30	34200	买盘
09:34:18	11.4	0.01	7	7980	买盘
09:34:15	11.39	--	10	11390	卖盘
09:34:06	11.39	0.01	32	36448	中性盘
09:33:57	11.38	--	74	84212	卖盘
09:33:45	11.38	-0.01	54	61452	卖盘
09:33:42	11.39	--	6	6834	卖盘
09:33:39	11.39	--	1	1139	卖盘
09:33:36	11.39	--	29	33031	买盘
09:33:30	11.39	--	13	14807	卖盘
09:33:24	11.39	--	2	2278	买盘
09:33:21	11.39	--	63	71757	买盘
09:33:18	11.39	--	42	47838	买盘
09:33:15	11.39	--	4	4556	买盘
09:33:12	11.39	--	40	45560	卖盘
09:33:09	11.39	-0.01	67	76313	卖盘
09:33:06	11.4	0.01	109	124260	买盘
09:32:57	11.39	--	26	29614	卖盘
09:32:51	11.39	-0.01	39	44421	卖盘
09:32:45	11.4	0.01	10	11400	买盘
09:32:42	11.39	-0.01	226	257414	卖盘
09:32:39	11.4	--	30	34200	买盘
09:32:33	11.4	--	26	29640	买盘
09:32:24	11.4	--	32	36480	卖盘
09:32:15	11.4	-0.02	10	11400	卖盘
09:32:12	11.42	0.03	99	113058	买盘
09:32:00	11.39	-0.01	224	255136	卖盘
09:31:57	11.4	--	33	37620	卖盘
09:31:48	11.4	--	48	54720	卖盘
09:31:45	11.4	--	32	36480	卖盘
09:31:39	11.4	--	52	59280	卖盘
09:31:36	11.4	--	12	13680	卖盘
09:31:30	11.4	--	32	36480	卖盘
09:31:24	11.4	--	2	2280	卖盘
09:31:18	11.4	--	31	35340	卖盘
09:31:12	11.4	--	10	11400	卖盘
09:31:09	11.4	-0.02	33	37620	卖盘
09:31:03	11.42	--	49	55958	买盘
09:30:54	11.42	0.02	38	43396	买盘
09:30:51	11.4	--	10	11400	买盘
09:30:48	11.4	--	12	13680	买盘
09:30:45	11.4	0.01	22	25080	买盘
09:30:42	11.39	-0.01	21	23919	卖盘
09:30:39	11.4	0.01	35	39900	买盘
09:30:36	11.39	-0.01	19	21641	卖盘
09:30:33	11.4	--	5	5700	买盘
09:30:30	11.4	0.01	46	52440	买盘
09:30:27	11.39	-0.01	88	100232	卖盘
09:30:21	11.4	0.01	17	19380	买盘
09:30:18	11.39	-0.01	135	153765	卖盘
09:30:12	11.4	--	6	6840	买盘
09:30:09	11.4	--	20	22800	买盘
09:30:06	11.4	--	25	28500	买盘
09:30:03	11.4	-0.02	118	134520	卖盘
09:30:00	11.42	--	0	0	卖盘
09:25:03	11.42	11.42	116	132472	买盘
