成交时间	成交价	价格变动	成交量(手)	成交额(元)	性质
15:00:03	12.69	0.02	743	942867	买盘
14:57:00	12.67	--	2	2534	买盘
14:56:57	12.67	--	1	1267	买盘
14:56:54	12.67	--	10	12670	卖盘
14:56:45	12.67	--	151	191317	卖盘
14:56:42	12.67	-0.01	1	1267	卖盘
14:56:39	12.68	0.01	231	292908	买盘
14:56:36	12.67	-0.01	30	38010	卖盘
14:56:33	12.68	0.01	245	310660	买盘
14:56:30	12.67	--	2	2534	卖盘
14:56:21	12.67	--	1	1267	卖盘
14:56:18	12.67	--	14	17738	卖盘
14:56:09	12.67	--	2	2534	卖盘
14:56:06	12.67	-0.01	3	3801	卖盘
14:56:03	12.68	--	7	8876	买盘
14:55:57	12.68	--	15	19020	卖盘
14:55:54	12.68	--	40	50720	卖盘
14:55:39	12.68	--	5	6340	卖盘
14:55:27	12.68	0.01	2	2536	中性盘
14:55:21	12.67	--	1	1267	卖盘
14:55:18	12.67	-0.02	30	38010	卖盘
14:55:15	12.69	0.01	293	371817	买盘
14:55:03	12.68	--	24	30432	卖盘
14:54:57	12.68	--	27	34236	卖盘
14:54:54	12.68	--	4	5072	卖盘
14:54:51	12.68	--	30	38040	卖盘
14:54:27	12.68	--	13	16484	卖盘
14:54:24	12.68	--	5	6340	买盘
14:54:21	12.68	--	45	57060	卖盘
14:54:15	12.68	-0.01	11	13948	卖盘
14:54:09	12.69	--	81	102789	卖盘
14:54:06	12.69	-0.01	41	52029	卖盘
14:53:51	12.7	0.01	75	95250	买盘
14:53:48	12.69	--	114	144666	买盘
14:53:45	12.69	-0.01	6	7614	卖盘
14:53:42	12.7	0.01	230	292100	买盘
14:53:39	12.69	--	2	2538	卖盘
14:53:36	12.69	--	18	22842	买盘
14:53:33	12.69	0.01	12	15228	买盘
14:53:30	12.68	--	15	19020	卖盘
14:53:18	12.68	--	65	82521	卖盘
14:53:15	12.68	-0.01	1	1268	卖盘
14:53:12	12.69	--	5	6345	买盘
14:53:06	12.69	--	13	16497	买盘
14:53:03	12.69	--	20	25380	买盘
14:53:00	12.69	0.01	92	116748	买盘
14:52:54	12.68	-0.01	3	3804	卖盘
14:52:48	12.69	0.01	131	166239	买盘
14:52:36	12.68	--	5	6340	卖盘
14:52:27	12.68	--	8	10144	卖盘
14:52:00	12.68	0.01	81	103519	买盘
14:51:57	12.67	--	35	45231	卖盘
14:51:42	12.67	--	39	49413	卖盘
14:51:36	12.67	-0.01	12	15204	卖盘
14:51:33	12.68	0.01	200	253600	买盘
14:51:27	12.67	--	24	30408	卖盘
14:51:24	12.67	--	6	7602	卖盘
14:51:21	12.67	--	33	41811	卖盘
14:51:15	12.67	--	26	32942	卖盘
14:51:12	12.67	--	1	1267	卖盘
14:51:09	12.67	--	3	3801	卖盘
14:50:51	12.67	-0.01	24	30408	卖盘
14:50:45	12.68	--	303	384204	买盘
14:50:39	12.68	0.01	13	16484	买盘
14:50:36	12.67	--	58	73486	卖盘
14:50:33	12.67	-0.01	6	7602	卖盘
14:50:27	12.68	0.01	20	25360	买盘
14:50:24	12.67	-0.01	2	2534	卖盘
14:50:15	12.68	--	50	63400	买盘
14:50:09	12.68	0.01	120	152160	买盘
14:50:06	12.67	-0.01	40	50680	卖盘
14:50:03	12.68	--	7	9167	卖盘
14:50:00	12.68	--	4	6048	买盘
14:49:54	12.68	--	100	126800	买盘
14:49:51	12.68	0.02	1	1268	买盘
14:49:33	12.66	--	1	1266	卖盘
14:49:18	12.66	--	2	2532	卖盘
14:49:12	12.66	--	16	20256	卖盘
14:49:06	12.66	-0.02	5	6330	中性盘
14:48:42	12.68	--	230	291640	买盘
14:48:21	12.68	0.01	230	291640	买盘
14:48:18	12.67	-0.01	3	3801	卖盘
14:48:15	12.68	0.01	200	253600	买盘
14:48:03	12.67	--	1	1267	卖盘
14:47:54	12.67	0.03	237	300279	买盘
14:47:48	12.64	0.01	3	3792	买盘
14:47:42	12.63	--	36	45468	卖盘
14:47:39	12.63	--	5	6315	卖盘
14:47:36	12.63	--	2	2816	买盘
14:47:33	12.63	--	21	26523	买盘
14:47:27	12.63	--	10	12630	买盘
14:47:21	12.63	0.01	20	25260	买盘
14:47:09	12.62	-0.01	1	1262	卖盘
14:47:06	12.63	0.01	70	88410	买盘
14:47:00	12.62	--	50	63099	卖盘
14:46:54	12.62	--	84	106008	卖盘
14:46:48	12.62	-0.01	10	12620	卖盘
14:46:39	12.63	--	5	6315	买盘
14:46:18	12.63	--	26	33810	卖盘
14:46:09	12.63	--	3	4079	买盘
14:45:51	12.63	0.01	4	5052	买盘
14:45:42	12.62	--	2	2524	卖盘
14:45:33	12.62	-0.01	6	7571	卖盘
14:45:24	12.63	0.01	29	36627	买盘
14:45:15	12.62	--	1	1262	卖盘
14:45:09	12.62	--	10	12620	卖盘
14:44:57	12.62	0.01	7	8834	买盘
14:44:54	12.61	-0.01	1	1261	卖盘
14:44:51	12.62	--	18	22716	卖盘
14:44:39	12.62	0.01	4	5048	中性盘
14:44:33	12.61	-0.01	95	119795	卖盘
14:44:21	12.62	--	27	34074	卖盘
14:44:15	12.62	--	15	18930	卖盘
14:44:06	12.62	-0.01	4	5048	卖盘
14:44:00	12.63	0.01	20	25260	买盘
14:43:57	12.62	--	5	6310	卖盘
14:43:48	12.62	--	1	1262	卖盘
14:43:45	12.62	--	1	1262	买盘
14:43:42	12.62	--	3	3785	买盘
14:43:36	12.62	--	138	174156	卖盘
14:43:27	12.62	-0.01	60	75720	卖盘
14:43:21	12.63	--	101	128535	卖盘
14:43:18	12.63	--	154	194502	卖盘
14:43:15	12.63	--	6	7578	卖盘
14:43:03	12.63	-0.01	5	6315	卖盘
14:42:36	12.64	--	8	10112	卖盘
14:42:33	12.64	0.01	2	2528	中性盘
14:42:06	12.63	-0.01	64	81122	卖盘
14:41:57	12.64	--	5	6320	买盘
14:41:51	12.64	--	8	10112	买盘
14:41:48	12.64	--	10	12640	买盘
14:41:45	12.64	--	2	2528	买盘
14:41:42	12.64	--	3	3792	买盘
14:41:36	12.64	--	24	30336	买盘
14:41:27	12.64	--	8	10112	卖盘
14:41:15	12.64	--	12	15168	卖盘
14:41:12	12.64	--	11	13904	卖盘
14:40:57	12.64	--	9	11376	买盘
14:40:54	12.64	0.01	2	2528	买盘
14:40:51	12.63	--	1	1263	卖盘
14:40:48	12.63	-0.01	50	63150	卖盘
14:40:33	12.64	--	39	49296	卖盘
14:40:27	12.64	-0.01	67	84688	卖盘
14:40:21	12.65	0.01	24	30360	买盘
14:40:12	12.64	--	16	20224	卖盘
14:40:00	12.64	--	2	2528	卖盘
14:39:51	12.64	--	20	25280	卖盘
14:39:42	12.64	--	10	12640	卖盘
14:39:33	12.64	--	1	1264	卖盘
14:39:30	12.64	--	13	16432	卖盘
14:39:21	12.64	-0.01	1	1264	卖盘
14:39:03	12.65	--	76	96140	卖盘
14:38:45	12.65	--	10	12650	卖盘
14:38:18	12.65	--	100	126500	卖盘
14:38:12	12.65	-0.01	4	5060	卖盘
14:37:54	12.66	--	2	2532	卖盘
14:37:24	12.66	0.01	6	7596	买盘
14:37:15	12.65	-0.02	6	7590	卖盘
14:37:09	12.67	0.02	3	3801	买盘
14:37:06	12.65	--	10	12650	卖盘
14:37:03	12.65	--	32	40480	卖盘
14:36:39	12.65	--	5	6325	卖盘
14:36:33	12.65	--	7	8855	卖盘
14:36:27	12.65	--	5	6325	卖盘
14:36:18	12.65	-0.01	14	17710	卖盘
14:36:09	12.66	0.01	5	6330	中性盘
14:36:00	12.65	-0.01	4	5060	卖盘
14:35:48	12.66	--	1	1266	卖盘
14:35:42	12.66	--	6	7596	买盘
14:35:33	12.66	0.01	11	13926	中性盘
14:35:15	12.65	-0.01	5	6325	卖盘
14:35:09	12.66	0.01	8	10128	买盘
14:35:00	12.65	-0.01	5	6325	卖盘
14:34:48	12.66	-0.01	1	1266	卖盘
14:34:39	12.67	--	1	1267	卖盘
14:34:12	12.67	--	1	1267	买盘
14:33:54	12.67	--	1	1267	买盘
14:33:42	12.67	0.02	15	19005	买盘
14:33:24	12.65	--	87	110055	卖盘
14:33:06	12.65	--	1	1265	卖盘
14:32:39	12.65	--	15	18975	卖盘
14:32:30	12.65	--	8	10120	卖盘
14:32:27	12.65	--	10	12650	卖盘
14:32:00	12.65	--	10	12650	卖盘
14:31:57	12.65	--	17	21505	卖盘
14:31:39	12.65	-0.01	10	12650	卖盘
14:31:36	12.66	--	4	5064	卖盘
14:31:33	12.66	0.01	2	2532	买盘
14:31:30	12.65	--	6	7590	卖盘
14:31:18	12.65	-0.01	3	3795	卖盘
14:31:15	12.66	0.02	3	3798	中性盘
14:31:03	12.64	-0.01	12	15168	卖盘
14:31:00	12.65	--	8	10120	买盘
14:30:57	12.65	0.01	11	13915	买盘
14:30:48	12.64	--	1	1264	卖盘
14:30:45	12.64	-0.01	2	2528	卖盘
14:30:36	12.65	-0.02	8	10120	卖盘
14:30:30	12.67	--	9	11403	买盘
14:30:15	12.67	0.03	29	36743	买盘
14:29:51	12.64	-0.01	6	7584	卖盘
14:29:45	12.65	0.01	5	6325	买盘
14:29:42	12.64	-0.01	4	5056	卖盘
14:29:30	12.65	--	18	22770	买盘
14:29:21	12.65	--	51	64515	卖盘
14:29:15	12.65	--	9	11385	卖盘
14:28:45	12.65	-0.03	15	18975	卖盘
14:28:30	12.68	--	7	8876	买盘
14:28:00	12.68	--	7	8876	买盘
14:27:57	12.68	--	1	1268	卖盘
14:27:42	12.68	0.03	15	19020	买盘
14:27:33	12.65	--	5	6325	卖盘
14:27:30	12.65	-0.03	1	1265	卖盘
14:27:24	12.68	--	30	38040	买盘
14:27:21	12.68	0.03	15	19020	买盘
14:27:12	12.65	--	3	3795	买盘
14:27:09	12.65	--	7	8855	卖盘
14:27:06	12.65	--	1	1265	卖盘
14:27:03	12.65	--	12	15180	买盘
14:27:00	12.65	--	41	51865	卖盘
14:26:45	12.65	--	3	3795	卖盘
14:26:42	12.65	--	1	1265	卖盘
14:26:33	12.65	-0.01	27	34155	卖盘
14:26:15	12.66	0.01	10	12660	买盘
14:26:06	12.65	--	10	12650	卖盘
14:25:39	12.65	0.01	37	46805	买盘
14:25:36	12.64	--	1	1264	卖盘
14:25:21	12.64	--	1	1264	卖盘
14:25:06	12.64	--	5	6320	卖盘
14:25:00	12.64	--	13	16432	卖盘
14:24:48	12.64	--	27	34128	卖盘
14:24:42	12.64	--	56	70784	卖盘
14:24:36	12.64	-0.01	3	3792	卖盘
14:24:12	12.65	--	17	21505	卖盘
14:24:06	12.65	--	1	1265	卖盘
14:23:39	12.65	--	3	3795	卖盘
14:23:30	12.65	--	9	11385	卖盘
14:23:27	12.65	--	5	6325	卖盘
14:23:21	12.65	--	13	16445	卖盘
14:23:03	12.65	--	9	11385	卖盘
14:22:51	12.65	--	26	32890	卖盘
14:22:36	12.65	--	27	34155	卖盘
14:22:30	12.65	-0.04	4	5060	卖盘
14:22:24	12.69	--	9	11421	卖盘
14:22:12	12.69	--	19	24111	卖盘
14:22:09	12.69	-0.01	42	53336	卖盘
14:22:06	12.7	--	26	33020	卖盘
14:21:57	12.7	0.01	135	172681	买盘
14:21:51	12.69	--	33	41877	卖盘
14:21:48	12.69	--	2	2538	卖盘
14:21:33	12.69	-0.01	27	34263	卖盘
14:21:30	12.7	0.01	205	260349	买盘
14:21:27	12.69	--	1	1269	卖盘
14:21:24	12.69	--	3	3807	卖盘
14:21:21	12.69	--	3	3807	卖盘
14:21:06	12.69	0.05	151	191619	买盘
14:21:00	12.64	--	8	10112	卖盘
14:20:54	12.64	--	3	3792	卖盘
14:20:51	12.64	--	8	10112	卖盘
14:20:45	12.64	--	8	10112	卖盘
14:20:30	12.64	-0.06	78	98592	卖盘
14:20:27	12.7	--	8	10160	买盘
14:20:18	12.7	--	38	48298	卖盘
14:19:57	12.7	0.04	91	116801	买盘
14:19:45	12.66	-0.04	7	8862	卖盘
14:19:33	12.7	0.04	180	228600	买盘
14:19:15	12.66	-0.03	1	1266	卖盘
14:18:57	12.69	--	10	12690	卖盘
14:18:51	12.69	--	1	1269	卖盘
14:18:48	12.69	--	30	38070	卖盘
14:18:42	12.69	--	4	5076	卖盘
14:18:30	12.69	--	4	5076	卖盘
14:18:27	12.69	0.05	121	153549	买盘
14:18:21	12.64	-0.03	30	37920	卖盘
14:18:15	12.67	--	48	60816	卖盘
14:18:09	12.67	--	8	10136	卖盘
14:18:06	12.67	0.03	77	97559	买盘
14:18:00	12.64	-0.01	30	37920	卖盘
14:17:54	12.65	0.01	1	1265	买盘
14:17:45	12.64	-0.01	5	6320	卖盘
14:17:39	12.65	--	10	12650	买盘
14:17:09	12.65	-0.01	3	3795	买盘
14:16:57	12.66	--	4	5064	卖盘
14:16:54	12.66	--	20	25320	卖盘
14:16:48	12.66	--	14	17724	卖盘
14:16:39	12.66	0.02	82	103812	买盘
14:16:30	12.64	-0.01	253	319792	卖盘
14:16:27	12.65	--	10	12650	卖盘
14:16:15	12.65	--	5	6325	卖盘
14:16:09	12.65	-0.01	5	6325	卖盘
14:15:57	12.66	--	280	354480	卖盘
14:15:51	12.66	--	8	10128	卖盘
14:15:45	12.66	--	10	12660	卖盘
14:15:15	12.66	-0.03	1	1266	卖盘
14:15:06	12.69	-0.01	146	185274	卖盘
14:15:00	12.7	--	27	35458	卖盘
14:14:45	12.7	--	3	3810	卖盘
14:14:42	12.7	-0.01	85	107950	卖盘
14:14:33	12.71	--	1	1271	买盘
14:14:15	12.71	0.01	1	1271	中性盘
14:14:09	12.7	-0.01	40	50800	卖盘
14:14:03	12.71	0.01	13	16523	买盘
14:13:57	12.7	--	5	6350	卖盘
14:13:51	12.7	-0.02	22	27940	卖盘
14:13:48	12.72	0.02	5	6360	买盘
14:13:45	12.7	-0.01	20	25400	卖盘
14:13:42	12.71	0.01	33	41943	买盘
14:13:39	12.7	--	1	1270	卖盘
14:13:36	12.7	--	2	2540	卖盘
14:13:27	12.7	--	10	12700	卖盘
14:13:00	12.7	--	10	12700	卖盘
14:12:51	12.7	--	10	12700	卖盘
14:12:45	12.7	--	138	175361	买盘
14:12:36	12.7	--	12	15240	买盘
14:12:30	12.7	--	1	1270	买盘
14:12:27	12.7	-0.02	4	6248	卖盘
14:12:15	12.72	--	44	55968	买盘
14:12:03	12.72	0.02	300	381600	买盘
14:11:45	12.7	--	1	1270	卖盘
14:11:27	12.7	--	94	119481	买盘
14:11:12	12.7	--	3	3810	买盘
14:11:09	12.7	0.01	300	381000	买盘
14:10:57	12.69	--	10	12690	卖盘
14:10:48	12.69	--	20	25380	卖盘
14:10:39	12.69	0.01	123	156087	买盘
14:10:15	12.68	0.02	200	253600	买盘
14:09:57	12.66	--	4	5064	卖盘
14:09:45	12.66	--	3	3798	卖盘
14:09:09	12.66	--	10	12660	卖盘
14:08:57	12.66	-0.02	40	50640	卖盘
14:08:51	12.68	--	3	3804	卖盘
14:08:33	12.68	--	63	79884	卖盘
14:08:18	12.68	-0.02	10	12680	卖盘
14:08:09	12.7	--	110	139700	买盘
14:07:54	12.7	0.02	150	190500	买盘
14:07:51	12.68	-0.01	1	1268	卖盘
14:07:33	12.69	--	19	24111	卖盘
14:07:24	12.69	--	53	67257	卖盘
14:07:21	12.69	--	4	5076	卖盘
14:07:12	12.69	--	3	3807	卖盘
14:07:00	12.69	-0.01	2	2538	卖盘
14:06:45	12.7	0.01	32	40640	买盘
14:06:33	12.69	0.03	161	204309	买盘
14:06:30	12.66	0.01	20	25320	中性盘
14:06:03	12.65	-0.04	4	5060	卖盘
14:05:36	12.69	0.03	5	6345	买盘
14:05:33	12.66	-0.03	31	39246	卖盘
14:05:24	12.69	-0.01	1	1269	中性盘
14:05:09	12.7	--	170	215900	买盘
14:04:42	12.7	0.04	150	190500	买盘
14:04:36	12.66	-0.04	8	10128	中性盘
14:03:57	12.7	0.01	160	203200	买盘
14:03:54	12.69	--	45	57105	卖盘
14:03:48	12.69	--	2	2538	卖盘
14:03:42	12.69	0.04	113	143397	买盘
14:03:21	12.65	--	5	6325	卖盘
14:03:03	12.65	--	2	2530	卖盘
14:03:00	12.65	--	2	2530	买盘
14:02:54	12.65	--	1	1265	买盘
14:02:45	12.65	--	10	12650	买盘
14:02:36	12.65	--	13	16445	买盘
14:02:24	12.65	--	2	2530	买盘
14:02:18	12.65	--	2	2530	买盘
14:02:15	12.65	--	4	5060	买盘
14:01:51	12.65	0.02	35	44275	买盘
14:01:48	12.63	-0.02	11	13893	卖盘
14:01:45	12.65	0.01	70	88550	买盘
14:01:42	12.64	-0.01	88	111232	卖盘
14:01:39	12.65	--	10	12650	买盘
14:01:36	12.65	--	5	6325	买盘
14:01:27	12.65	--	10	12650	买盘
14:01:21	12.65	--	36	45540	买盘
14:01:18	12.65	--	7	8855	买盘
14:01:03	12.65	0.01	1	1265	买盘
14:00:51	12.64	-0.01	86	108704	卖盘
14:00:48	12.65	0.01	9	11385	买盘
14:00:42	12.64	-0.01	9	11376	卖盘
14:00:24	12.65	--	1	1265	买盘
14:00:09	12.65	--	7	8855	买盘
14:00:03	12.65	0.01	40	50600	买盘
13:59:51	12.64	-0.01	40	50560	卖盘
13:59:48	12.65	--	1	1265	买盘
13:59:45	12.65	--	100	126500	买盘
13:59:42	12.65	--	8	10120	买盘
13:59:39	12.65	--	3	3795	买盘
13:59:36	12.65	--	22	27830	买盘
13:59:30	12.65	--	99	125235	买盘
13:59:27	12.65	--	75	94875	买盘
13:59:24	12.65	--	20	25300	买盘
13:59:21	12.65	--	19	24035	买盘
13:59:18	12.65	--	20	25300	买盘
13:59:12	12.65	--	110	139150	买盘
13:59:09	12.65	--	175	221375	买盘
13:59:00	12.65	--	150	189750	买盘
13:58:39	12.65	--	2	2530	买盘
13:58:33	12.65	--	5	6325	买盘
13:58:30	12.65	--	10	12650	买盘
13:58:15	12.65	0.01	12	15180	买盘
13:58:12	12.64	-0.01	30	37920	卖盘
13:57:27	12.65	0.01	1	1265	买盘
13:57:18	12.64	--	56	70784	卖盘
13:57:03	12.64	0.01	84	106176	买盘
13:57:00	12.63	--	100	126300	卖盘
13:56:51	12.63	--	1	1263	卖盘
13:56:42	12.63	--	42	53046	卖盘
13:56:36	12.63	-0.01	35	44205	卖盘
13:56:30	12.64	0.01	1	1264	买盘
13:56:27	12.63	-0.01	14	17682	卖盘
13:56:18	12.64	0.01	2	2528	买盘
13:56:15	12.63	--	6	7578	卖盘
13:56:09	12.63	--	8	10104	卖盘
13:56:06	12.63	--	25	31575	卖盘
13:56:00	12.63	--	16	20208	卖盘
13:55:54	12.63	-0.01	50	63150	卖盘
13:55:48	12.64	--	1	1264	买盘
13:55:45	12.64	--	10	12640	买盘
13:55:36	12.64	--	10	12640	买盘
13:55:18	12.64	--	2	2528	买盘
13:55:09	12.64	--	108	136512	卖盘
13:55:03	12.64	-0.01	20	25280	卖盘
13:54:54	12.65	--	19	24035	卖盘
13:54:45	12.65	--	300	379500	卖盘
13:54:39	12.65	-0.01	10	12650	卖盘
13:54:33	12.66	--	5	6330	买盘
13:54:30	12.66	--	7	8862	买盘
13:54:27	12.66	0.01	10	12660	买盘
13:54:21	12.65	-0.01	5	6325	卖盘
13:53:51	12.66	--	30	37980	买盘
13:53:39	12.66	--	5	6330	买盘
13:53:36	12.66	--	2	2532	买盘
13:53:33	12.66	0.01	4	5064	买盘
13:53:30	12.65	-0.01	7	8855	卖盘
13:53:18	12.66	--	14	17724	卖盘
13:53:15	12.66	--	8	10128	买盘
13:53:09	12.66	-0.01	16	20256	卖盘
13:53:03	12.67	--	10	12670	买盘
13:52:54	12.67	--	8	10136	买盘
13:52:45	12.67	--	37	46879	卖盘
13:52:24	12.67	--	10	12670	卖盘
13:52:21	12.67	--	10	12670	卖盘
13:52:09	12.67	--	17	21539	卖盘
13:52:06	12.67	--	1	1267	卖盘
13:52:03	12.67	--	21	26607	卖盘
13:51:51	12.67	-0.01	19	24073	卖盘
13:51:39	12.68	-0.01	1	1268	卖盘
13:51:33	12.69	0.01	1	1269	买盘
13:51:21	12.68	--	10	12680	卖盘
13:51:06	12.68	-0.01	8	10144	卖盘
13:51:00	12.69	0.01	10	12690	买盘
13:50:48	12.68	-0.01	1	1268	卖盘
13:50:30	12.69	0.01	10	12690	买盘
13:50:24	12.68	-0.01	12	15216	卖盘
13:50:21	12.69	0.01	10	12690	买盘
13:49:57	12.68	--	9	11412	买盘
13:49:48	12.68	--	9	11412	买盘
13:49:45	12.68	-0.01	15	19020	卖盘
13:49:24	12.69	0.01	20	25380	买盘
13:49:12	12.68	--	18	22824	买盘
13:49:09	12.68	0.01	1	1268	买盘
13:48:57	12.67	--	11	13937	卖盘
13:48:45	12.67	-0.01	30	38010	卖盘
13:48:24	12.68	--	10	12680	买盘
13:48:18	12.68	--	118	149624	买盘
13:48:09	12.68	0.01	50	63400	买盘
13:47:30	12.67	-0.01	5	6335	卖盘
13:47:27	12.68	0.01	66	83688	买盘
13:47:24	12.67	--	58	73486	买盘
13:47:21	12.67	--	10	12670	买盘
13:47:18	12.67	--	30	38010	买盘
13:47:15	12.67	-0.01	40	50680	卖盘
13:47:03	12.68	0.01	50	63400	买盘
13:46:57	12.67	--	9	11403	卖盘
13:46:51	12.67	-0.01	3	3801	卖盘
13:46:48	12.68	0.01	20	25360	买盘
13:46:45	12.67	--	1	1267	卖盘
13:46:39	12.67	0.01	10	12670	买盘
13:46:33	12.66	-0.01	14	17724	卖盘
13:46:24	12.67	0.02	2	2534	买盘
13:46:03	12.65	0.01	43	54395	买盘
13:46:00	12.64	-0.01	15	18960	卖盘
13:45:57	12.65	--	5	6325	买盘
13:45:54	12.65	0.01	9	11385	买盘
13:45:51	12.64	-0.01	11	13904	卖盘
13:45:42	12.65	-0.02	292	369380	卖盘
13:45:30	12.67	--	32	40544	卖盘
13:45:24	12.67	0.01	14	17738	买盘
13:45:18	12.66	--	11	13926	卖盘
13:45:12	12.66	-0.01	5	6330	卖盘
13:45:06	12.67	--	1	1267	买盘
13:44:57	12.67	-0.01	17	21539	卖盘
13:44:42	12.68	0.02	9	11412	买盘
13:44:39	12.66	--	3	3798	卖盘
13:44:33	12.66	-0.01	1	1266	卖盘
13:44:30	12.67	0.01	9	11403	中性盘
13:44:24	12.66	--	13	16458	卖盘
13:44:21	12.66	-0.03	5	6330	卖盘
13:44:18	12.69	0.03	79	100251	买盘
13:44:09	12.66	--	10	12660	卖盘
13:44:06	12.66	--	7	8862	卖盘
13:44:03	12.66	--	4	5064	卖盘
13:43:54	12.66	--	23	29118	卖盘
13:43:51	12.66	--	120	151920	卖盘
13:43:39	12.66	--	10	12660	卖盘
13:43:33	12.66	-0.01	5	6330	卖盘
13:43:27	12.67	0.01	10	12670	买盘
13:43:18	12.66	--	16	20256	卖盘
13:43:09	12.66	--	106	134196	卖盘
13:43:00	12.66	-0.01	10	12660	卖盘
13:42:51	12.67	-0.01	92	116564	卖盘
13:42:39	12.68	-0.01	230	291640	卖盘
13:42:27	12.69	--	12	15228	买盘
13:42:21	12.69	--	27	34263	买盘
13:42:15	12.69	--	23	29187	卖盘
13:42:12	12.69	--	12	15228	卖盘
13:42:06	12.69	--	6	7614	卖盘
13:41:54	12.69	--	11	13959	卖盘
13:41:42	12.69	--	8	10152	卖盘
13:41:39	12.69	--	7	8883	卖盘
13:41:24	12.69	--	13	16497	卖盘
13:41:18	12.69	--	8	10152	卖盘
13:41:15	12.69	--	8	10152	卖盘
13:41:09	12.69	--	2	2538	卖盘
13:41:00	12.69	--	2	2538	卖盘
13:40:54	12.69	--	40	50760	卖盘
13:40:51	12.69	--	10	12690	卖盘
13:40:45	12.69	--	5	6345	卖盘
13:40:42	12.69	-0.01	7	8883	卖盘
13:40:36	12.7	0.01	60	76200	买盘
13:40:33	12.69	--	30	38070	卖盘
13:40:24	12.69	-0.01	11	13959	卖盘
13:40:03	12.7	--	15	19050	买盘
13:39:36	12.7	--	3	3810	卖盘
13:39:33	12.7	--	11	13970	买盘
13:39:30	12.7	--	5	6350	买盘
13:39:15	12.7	--	10	12700	买盘
13:39:12	12.7	0.02	10	12700	买盘
13:39:06	12.68	-0.02	6	7608	卖盘
13:39:03	12.7	--	3	3810	买盘
13:38:24	12.7	0.02	20	25400	买盘
13:37:57	12.68	--	1	1268	卖盘
13:37:42	12.68	--	13	16484	买盘
13:37:27	12.68	-0.01	25	31700	中性盘
13:37:15	12.69	0.01	47	59643	买盘
13:37:12	12.68	--	32	40576	买盘
13:36:54	12.68	--	4	5072	买盘
13:36:48	12.68	--	7	8876	买盘
13:36:45	12.68	--	2	2536	买盘
13:36:39	12.68	--	20	25360	卖盘
13:36:33	12.68	0.01	2	2536	买盘
13:36:27	12.67	--	24	30408	买盘
13:36:15	12.67	0.01	8	10136	中性盘
13:36:06	12.66	--	212	268392	卖盘
13:36:00	12.66	--	24	30384	卖盘
13:35:57	12.66	--	3	3798	卖盘
13:35:42	12.66	--	73	93443	卖盘
13:35:39	12.66	--	20	25320	卖盘
13:35:21	12.66	--	1	1266	卖盘
13:35:15	12.66	--	6	7596	卖盘
13:35:09	12.66	--	1	1266	卖盘
13:35:06	12.66	--	51	64566	买盘
13:35:00	12.66	0.01	69	87354	买盘
13:34:57	12.65	--	2	2530	卖盘
13:34:51	12.65	--	1	1265	卖盘
13:34:48	12.65	-0.01	12	15180	卖盘
13:34:45	12.66	--	11	13926	买盘
13:34:39	12.66	-0.02	400	506400	卖盘
13:34:33	12.68	--	28	35504	卖盘
13:34:27	12.68	-0.01	10	12680	卖盘
13:34:18	12.69	--	34	43146	卖盘
13:34:12	12.69	--	44	55836	卖盘
13:34:06	12.69	--	130	164970	卖盘
13:34:00	12.69	-0.01	25	31725	卖盘
13:33:51	12.7	--	8	10160	卖盘
13:33:48	12.7	--	29	36830	卖盘
13:33:39	12.7	--	50	63500	卖盘
13:33:36	12.7	--	15	19050	卖盘
13:33:33	12.7	--	20	25400	卖盘
13:33:24	12.7	--	50	63500	卖盘
13:33:18	12.7	--	50	63500	卖盘
13:33:15	12.7	--	5	6350	卖盘
13:33:09	12.7	--	1	1270	卖盘
13:32:36	12.7	--	10	12700	卖盘
13:32:27	12.7	--	120	152400	卖盘
13:32:24	12.7	--	1	1270	卖盘
13:32:21	12.7	-0.01	10	12700	卖盘
13:32:06	12.71	--	5	6355	买盘
13:31:42	12.71	--	16	20336	卖盘
13:31:39	12.71	--	130	165230	卖盘
13:31:36	12.71	-0.01	55	69905	卖盘
13:31:33	12.72	--	4	5088	买盘
13:31:12	12.72	-0.01	76	96672	卖盘
13:30:57	12.73	0.01	26	33098	买盘
13:30:54	12.72	--	10	12720	卖盘
13:30:42	12.72	--	5	6360	卖盘
13:30:24	12.72	--	3	3816	卖盘
13:30:15	12.72	--	10	12720	卖盘
13:29:54	12.72	--	4	5088	卖盘
13:29:39	12.72	--	27	34344	买盘
13:29:33	12.72	0.01	10	12720	买盘
13:29:03	12.71	--	10	12710	卖盘
13:28:48	12.71	--	9	11439	买盘
13:28:42	12.71	--	10	12710	买盘
13:28:33	12.71	--	32	40672	买盘
13:28:24	12.71	--	12	15252	买盘
13:28:18	12.71	--	12	15252	买盘
13:28:06	12.71	--	3	3813	买盘
13:28:03	12.71	0.01	5	6355	买盘
13:28:00	12.7	--	21	26670	卖盘
13:27:48	12.7	-0.01	4	5080	卖盘
13:27:27	12.71	--	13	16523	卖盘
13:26:27	12.71	--	1	1271	卖盘
13:26:21	12.71	0.01	26	33046	买盘
13:26:18	12.7	--	1	1270	卖盘
13:26:15	12.7	--	12	15240	卖盘
13:26:03	12.7	-0.01	5	6350	卖盘
13:25:51	12.71	0.01	7	8897	买盘
13:25:30	12.7	--	9	11430	卖盘
13:25:27	12.7	--	50	63500	卖盘
13:24:51	12.7	--	5	6350	卖盘
13:24:42	12.7	--	10	12700	卖盘
13:24:39	12.7	--	1	1270	卖盘
13:24:36	12.7	--	10	12700	卖盘
13:24:12	12.7	--	20	25400	卖盘
13:24:00	12.7	--	2	2540	卖盘
13:23:51	12.7	--	1	1270	卖盘
13:23:33	12.7	-0.03	37	46990	卖盘
13:23:12	12.73	0.02	19	24187	买盘
13:23:03	12.71	--	38	48298	卖盘
13:23:00	12.71	--	2	2542	卖盘
13:22:51	12.71	--	11	13981	卖盘
13:22:48	12.71	--	4	5084	卖盘
13:22:45	12.71	--	100	127100	卖盘
13:22:33	12.71	--	37	47027	卖盘
13:22:21	12.71	--	1	1271	卖盘
13:22:03	12.71	-0.01	37	47027	卖盘
13:22:00	12.72	--	10	12720	卖盘
13:21:54	12.72	--	1	1272	卖盘
13:21:51	12.72	--	1	1272	卖盘
13:21:48	12.72	--	50	63600	卖盘
13:21:42	12.72	-0.02	3	3816	卖盘
13:21:30	12.74	0.02	15	19110	买盘
13:21:21	12.72	--	5	6360	卖盘
13:21:06	12.72	-0.02	2	2544	卖盘
13:20:45	12.74	--	9	11466	卖盘
13:20:39	12.74	--	40	50960	卖盘
13:20:30	12.74	--	5	6370	卖盘
13:20:27	12.74	--	20	25480	卖盘
13:20:18	12.74	-0.01	26	33124	卖盘
13:20:15	12.75	0.01	78	99450	买盘
13:20:12	12.74	--	43	54782	卖盘
13:20:09	12.74	--	5	6370	卖盘
13:20:00	12.74	-0.01	11	14014	卖盘
13:19:57	12.75	0.01	10	12750	买盘
13:19:54	12.74	--	1	1274	卖盘
13:19:51	12.74	--	48	61152	买盘
13:19:42	12.74	0.03	10	12740	买盘
13:19:36	12.71	-0.03	30	38130	卖盘
13:19:30	12.74	--	25	31850	买盘
13:19:27	12.74	0.02	105	133770	买盘
13:19:24	12.72	--	15	19080	卖盘
13:19:21	12.72	--	8	10176	卖盘
13:19:18	12.72	--	6	7632	卖盘
13:19:03	12.72	-0.02	30	38160	中性盘
13:18:27	12.74	--	5	6370	卖盘
13:18:24	12.74	--	19	24206	卖盘
13:18:21	12.74	-0.01	11	14014	卖盘
13:18:09	12.75	--	75	95663	卖盘
13:18:03	12.75	-0.01	94	121086	卖盘
13:17:54	12.76	0.01	62	79112	买盘
13:17:51	12.75	--	6	7650	卖盘
13:17:48	12.75	--	7	8925	卖盘
13:17:42	12.75	-0.01	115	146625	卖盘
13:17:33	12.76	0.01	15	19140	买盘
13:17:30	12.75	--	30	38250	卖盘
13:17:27	12.75	--	50	63750	卖盘
13:17:21	12.75	--	60	76500	卖盘
13:17:18	12.75	-0.01	20	25500	卖盘
13:17:15	12.76	--	100	127600	买盘
13:17:12	12.76	0.01	5	6380	买盘
13:17:09	12.75	-0.01	235	299625	卖盘
13:17:00	12.76	--	3	3828	买盘
13:16:33	12.76	--	198	252648	卖盘
13:16:30	12.76	--	30	38280	卖盘
13:16:27	12.76	--	6	7656	卖盘
13:16:24	12.76	0.01	235	299860	买盘
13:16:18	12.75	--	5	6375	卖盘
13:16:09	12.75	-0.01	10	12750	卖盘
13:15:54	12.76	0.01	10	12760	中性盘
13:15:45	12.75	-0.01	100	127500	卖盘
13:15:42	12.76	--	149	190124	买盘
13:15:33	12.76	0.01	12	15312	买盘
13:15:27	12.75	-0.01	1	1275	卖盘
13:15:21	12.76	--	2	2552	买盘
13:15:15	12.76	--	21	26796	买盘
13:14:54	12.76	--	10	12760	买盘
13:14:51	12.76	--	10	12760	买盘
13:14:39	12.76	-0.01	17	21692	中性盘
13:14:33	12.77	0.01	100	127700	买盘
13:14:24	12.76	--	147	187572	买盘
13:14:15	12.76	0.01	7	8932	买盘
13:14:12	12.75	-0.01	11	14025	卖盘
13:14:03	12.76	0.01	5	6380	买盘
13:13:54	12.75	--	58	73950	买盘
13:13:48	12.75	--	20	25500	买盘
13:13:45	12.75	--	20	25500	买盘
13:13:39	12.75	0.01	20	25500	买盘
13:13:33	12.74	-0.01	5	6370	卖盘
13:13:27	12.75	--	14	17850	买盘
13:13:21	12.75	--	9	11475	买盘
13:13:12	12.75	--	50	63750	买盘
13:13:09	12.75	--	10	12750	买盘
13:13:06	12.75	-0.01	60	76500	卖盘
13:13:03	12.76	--	46	58696	买盘
13:13:00	12.76	0.01	30	38280	买盘
13:12:54	12.75	--	3	3825	卖盘
13:12:51	12.75	--	1	1275	卖盘
13:12:45	12.75	-0.01	20	25500	卖盘
13:12:42	12.76	--	15	19140	买盘
13:12:33	12.76	--	30	38280	买盘
13:12:30	12.76	0.01	5	6380	买盘
13:12:27	12.75	-0.01	22	28050	卖盘
13:12:24	12.76	0.01	29	37004	买盘
13:12:15	12.75	--	380	484500	买盘
13:12:12	12.75	0.01	60	76500	买盘
13:12:09	12.74	--	5	6370	卖盘
13:12:03	12.74	--	1	1274	卖盘
13:12:00	12.74	--	227	289198	买盘
13:11:51	12.74	0.01	62	78988	买盘
13:11:48	12.73	--	2	2813	买盘
13:11:39	12.73	0.01	44	56012	买盘
13:11:33	12.72	-0.01	14	17808	卖盘
13:11:30	12.73	0.01	113	143849	买盘
13:11:24	12.72	--	93	118296	卖盘
13:11:21	12.72	--	5	6360	卖盘
13:11:15	12.72	0.01	90	114480	买盘
13:10:57	12.71	--	8	10168	卖盘
13:10:48	12.71	--	7	8897	卖盘
13:10:39	12.71	--	38	48298	卖盘
13:10:27	12.71	-0.01	1	1271	卖盘
13:10:18	12.72	0.01	200	254400	买盘
13:10:12	12.71	-0.01	15	19065	卖盘
13:09:57	12.72	0.01	4	5088	买盘
13:09:54	12.71	--	9	11439	卖盘
13:09:51	12.71	--	178	226238	卖盘
13:09:42	12.71	0.03	48	61008	买盘
13:09:30	12.68	-0.03	7	8876	卖盘
13:09:27	12.71	--	10	12710	买盘
13:09:21	12.71	--	10	12710	买盘
13:09:18	12.71	--	228	289788	卖盘
13:09:09	12.71	--	50	63550	卖盘
13:09:03	12.71	-0.01	30	38130	卖盘
13:09:00	12.72	0.01	220	279840	买盘
13:08:57	12.71	-0.01	20	25420	卖盘
13:08:51	12.72	--	5	6360	买盘
13:08:45	12.72	0.01	10	12720	买盘
13:08:42	12.71	-0.01	139	176669	卖盘
13:08:27	12.72	0.01	15	19080	买盘
13:08:15	12.71	--	57	72447	买盘
13:08:03	12.71	--	55	69905	买盘
13:07:54	12.71	0.03	10	12710	买盘
13:07:51	12.68	-0.02	5	6340	卖盘
13:07:48	12.7	--	5	6350	卖盘
13:07:42	12.7	0.02	291	369570	买盘
13:07:30	12.68	-0.01	133	168644	卖盘
13:07:12	12.69	--	3	3807	买盘
13:07:06	12.69	--	20	25380	买盘
13:07:00	12.69	--	11	13959	买盘
13:06:45	12.69	--	92	116748	买盘
13:06:33	12.69	--	4	5076	买盘
13:06:24	12.69	0.01	1	1269	买盘
13:06:12	12.68	--	5	6340	买盘
13:05:54	12.68	--	1	1268	买盘
13:04:57	12.68	--	167	211756	卖盘
13:04:48	12.68	--	1	1268	卖盘
13:04:42	12.68	--	1	1268	卖盘
13:04:39	12.68	--	2	2536	卖盘
13:04:33	12.68	--	9	11412	卖盘
13:04:30	12.68	--	26	32968	卖盘
13:04:27	12.68	--	14	17752	卖盘
13:04:24	12.68	--	4	5072	卖盘
13:03:33	12.68	-0.01	6	7608	卖盘
13:03:15	12.69	--	14	17766	买盘
13:03:12	12.69	--	9	11421	卖盘
13:02:42	12.69	--	1	1269	卖盘
13:02:33	12.69	--	1	1269	卖盘
13:02:18	12.69	--	25	31725	卖盘
13:01:57	12.69	--	1	1269	卖盘
13:01:51	12.69	--	3	3807	卖盘
13:01:48	12.69	--	47	59643	买盘
13:01:45	12.69	--	5	6345	买盘
13:01:27	12.69	0.01	5	6345	买盘
13:01:21	12.68	--	8	10144	卖盘
13:01:12	12.68	--	1	1268	卖盘
13:00:51	12.68	--	5	6340	卖盘
13:00:42	12.68	--	4	5072	卖盘
13:00:15	12.68	--	2	2536	卖盘
13:00:06	12.68	--	16	20288	卖盘
13:00:03	12.68	-0.01	113	143284	卖盘
13:00:00	12.69	--	0	0	买盘
11:30:00	12.69	0.01	10	12690	买盘
11:29:57	12.68	-0.01	4	5072	卖盘
11:29:33	12.69	--	120	152280	卖盘
11:28:48	12.69	-0.01	5	6345	卖盘
11:28:45	12.7	0.01	63	80010	买盘
11:28:33	12.69	--	10	12690	卖盘
11:28:12	12.69	--	24	30456	卖盘
11:28:03	12.69	--	3	3807	卖盘
11:27:51	12.69	--	143	181467	卖盘
11:27:42	12.69	--	10	12690	卖盘
11:27:24	12.69	--	3	3807	卖盘
11:27:21	12.69	--	22	27918	买盘
11:27:09	12.69	0.01	102	129438	买盘
11:27:06	12.68	--	1	1268	卖盘
11:26:48	12.68	--	1	1268	卖盘
11:26:27	12.68	-0.01	2	2536	卖盘
11:26:24	12.69	--	33	41877	买盘
11:26:18	12.69	0.01	19	24111	买盘
11:26:09	12.68	--	1	1268	卖盘
11:26:03	12.68	-0.01	5	6340	卖盘
11:25:51	12.69	0.01	6	7614	买盘
11:25:42	12.68	-0.01	10	12680	卖盘
11:25:39	12.69	0.01	27	34263	买盘
11:25:27	12.68	--	50	63400	卖盘
11:25:18	12.68	--	10	12680	卖盘
11:25:09	12.68	-0.01	10	12680	卖盘
11:25:06	12.69	0.01	10	12690	买盘
11:25:00	12.68	--	5	6340	卖盘
11:24:54	12.68	--	20	25360	买盘
11:24:42	12.68	0.01	12	15216	买盘
11:24:24	12.67	--	49	62083	买盘
11:24:09	12.67	0.01	10	12670	买盘
11:23:57	12.66	-0.01	11	13926	卖盘
11:23:48	12.67	0.01	17	21539	买盘
11:23:42	12.66	--	118	149388	卖盘
11:23:39	12.66	--	4	5064	卖盘
11:23:30	12.66	0.01	12	16154	买盘
11:23:27	12.65	--	59	74635	卖盘
11:23:21	12.65	-0.01	2	2530	卖盘
11:23:15	12.66	--	20	25320	买盘
11:23:03	12.66	--	18	22788	买盘
11:23:00	12.66	--	2	2532	买盘
11:22:48	12.66	--	17	21825	卖盘
11:22:39	12.66	--	1	2228	买盘
11:22:27	12.66	--	25	31650	买盘
11:22:06	12.66	--	50	63300	买盘
11:22:03	12.66	0.01	85	107610	买盘
11:22:00	12.65	--	50	63250	买盘
11:21:57	12.65	--	50	63250	买盘
11:21:51	12.65	0.01	97	122705	买盘
11:21:42	12.64	-0.01	2	2528	卖盘
11:21:36	12.65	0.01	187	236555	买盘
11:21:27	12.64	--	97	122608	买盘
11:21:24	12.64	--	12	15168	买盘
11:21:21	12.64	0.01	100	126400	买盘
11:21:09	12.63	-0.01	19	23997	卖盘
11:21:06	12.64	0.01	27	34128	买盘
11:21:00	12.63	-0.01	20	25260	卖盘
11:20:57	12.64	0.01	36	45504	买盘
11:20:51	12.63	-0.01	6	7578	卖盘
11:20:48	12.64	--	20	25280	买盘
11:20:39	12.64	--	20	25280	买盘
11:20:15	12.64	--	5	6320	买盘
11:20:06	12.64	--	1	1264	买盘
11:19:51	12.64	0.01	50	63200	买盘
11:19:45	12.63	-0.01	54	68202	卖盘
11:19:27	12.64	0.01	30	37920	买盘
11:19:24	12.63	-0.01	6	7578	卖盘
11:19:03	12.64	0.01	9	11376	买盘
11:18:57	12.63	-0.01	19	23997	卖盘
11:18:33	12.64	--	100	126400	卖盘
11:18:27	12.64	--	11	13904	卖盘
11:18:12	12.64	--	39	49296	卖盘
11:17:36	12.64	--	20	25280	卖盘
11:17:21	12.64	--	62	78368	买盘
11:17:15	12.64	0.01	45	56880	买盘
11:17:09	12.63	-0.01	4	5052	卖盘
11:17:06	12.64	--	3	3792	买盘
11:16:48	12.64	--	7	8848	中性盘
11:15:51	12.64	--	5	6320	买盘
11:15:33	12.64	--	28	35392	买盘
11:15:09	12.64	--	67	84688	卖盘
11:14:36	12.64	--	35	44240	卖盘
11:14:24	12.64	--	2	2528	卖盘
11:14:09	12.64	--	36	45504	卖盘
11:14:06	12.64	0.01	123	155472	买盘
11:14:03	12.63	--	40	50520	卖盘
11:13:54	12.63	--	40	50520	卖盘
11:13:42	12.63	-0.01	12	15156	卖盘
11:13:36	12.64	--	26	32864	卖盘
11:13:21	12.64	--	23	29072	卖盘
11:13:12	12.64	--	50	63200	卖盘
11:11:33	12.64	-0.01	10	12640	卖盘
11:10:54	12.65	--	9	11385	卖盘
11:10:30	12.65	0.01	1	1265	中性盘
11:09:51	12.64	-0.02	1	1264	卖盘
11:09:48	12.66	0.01	5	6330	买盘
11:09:39	12.65	-0.01	1	1265	卖盘
11:09:36	12.66	0.01	60	75960	买盘
11:09:09	12.65	0.01	34	43010	买盘
11:09:03	12.64	-0.01	9	11376	卖盘
11:08:51	12.65	0.01	135	170775	买盘
11:08:45	12.64	-0.01	1	1264	中性盘
11:08:33	12.65	0.02	10	12650	买盘
11:08:15	12.63	--	2	2526	卖盘
11:07:39	12.63	-0.01	29	36627	卖盘
11:07:27	12.64	--	35	44240	卖盘
11:07:24	12.64	--	20	25280	卖盘
11:06:45	12.64	--	9	11376	卖盘
11:06:39	12.64	--	52	65728	卖盘
11:06:36	12.64	--	21	26544	买盘
11:06:18	12.64	--	2	2528	卖盘
11:06:15	12.64	--	5	6320	卖盘
11:05:57	12.64	--	3	3792	卖盘
11:05:54	12.64	--	3	3792	买盘
11:05:39	12.64	--	26	32864	卖盘
11:05:15	12.64	--	14	17696	卖盘
11:05:03	12.64	--	22	27808	卖盘
11:04:54	12.64	0.01	48	60672	买盘
11:04:51	12.63	-0.01	10	12630	卖盘
11:04:33	12.64	--	9	11376	卖盘
11:04:27	12.64	--	11	13904	买盘
11:04:12	12.64	0.01	5	6320	买盘
11:04:03	12.63	-0.02	16	20208	卖盘
11:03:30	12.65	--	4	5060	买盘
11:03:21	12.65	--	31	39215	卖盘
11:03:15	12.65	--	21	26565	卖盘
11:03:09	12.65	--	63	79695	买盘
11:03:03	12.65	--	16	20240	买盘
11:02:42	12.65	--	5	6325	卖盘
11:02:33	12.65	0.01	5	6325	买盘
11:02:03	12.64	--	2	2528	买盘
11:02:00	12.64	--	13	16432	买盘
11:01:57	12.64	--	8	10112	买盘
11:01:54	12.64	--	10	12640	买盘
11:01:42	12.64	0.02	20	25280	买盘
11:01:30	12.62	--	20	25240	卖盘
11:01:27	12.62	-0.01	29	36598	卖盘
11:01:21	12.63	--	3	3789	买盘
11:01:18	12.63	--	58	73254	买盘
11:01:12	12.63	--	92	116196	买盘
11:01:03	12.63	--	10	12630	买盘
11:01:00	12.63	--	20	25260	买盘
11:00:48	12.63	--	10	12630	买盘
11:00:45	12.63	--	5	6315	买盘
11:00:42	12.63	--	53	66939	卖盘
11:00:27	12.63	-0.01	45	56835	卖盘
11:00:12	12.64	-0.01	8	10112	卖盘
11:00:09	12.65	--	181	228965	卖盘
11:00:03	12.65	--	80	101200	卖盘
11:00:00	12.65	--	65	82225	卖盘
10:59:30	12.65	--	1	1265	卖盘
10:59:12	12.65	--	5	6325	卖盘
10:59:03	12.65	--	10	12650	卖盘
10:58:51	12.65	--	1	1265	卖盘
10:58:48	12.65	-0.01	132	166980	卖盘
10:58:36	12.66	0.01	10	12660	买盘
10:58:30	12.65	--	5	6325	卖盘
10:58:15	12.65	--	5	6325	卖盘
10:57:57	12.65	--	40	50600	买盘
10:57:48	12.65	0.01	5	6325	买盘
10:57:39	12.64	--	8	10112	卖盘
10:57:36	12.64	-0.01	50	63200	卖盘
10:57:33	12.65	--	2	2530	买盘
10:57:21	12.65	-0.01	9	11385	卖盘
10:57:18	12.66	--	14	17724	买盘
10:57:03	12.66	0.01	45	56970	买盘
10:56:45	12.65	0.01	7	8855	买盘
10:56:36	12.64	--	4	5056	卖盘
10:56:30	12.64	0.01	1	1264	买盘
10:56:24	12.63	--	17	21471	卖盘
10:56:12	12.63	--	17	21471	卖盘
10:55:39	12.63	--	30	37890	卖盘
10:55:27	12.63	--	25	31575	卖盘
10:55:18	12.63	--	10	12630	卖盘
10:55:09	12.63	-0.01	16	20208	卖盘
10:54:42	12.64	--	20	25280	买盘
10:54:30	12.64	0.01	20	25280	买盘
10:54:27	12.63	-0.01	35	44205	卖盘
10:54:15	12.64	--	21	26544	卖盘
10:54:09	12.64	--	3	3792	卖盘
10:54:00	12.64	--	3	3792	卖盘
10:53:33	12.64	-0.01	23	29072	卖盘
10:53:21	12.65	--	4	5060	卖盘
10:53:18	12.65	--	3	3795	买盘
10:53:12	12.65	--	3	3795	买盘
10:53:09	12.65	--	10	12650	买盘
10:52:54	12.65	--	2	2530	卖盘
10:52:45	12.65	--	3	3795	中性盘
10:52:33	12.65	--	16	20240	卖盘
10:52:30	12.65	--	5	6325	卖盘
10:51:57	12.65	-0.01	1	1265	卖盘
10:51:48	12.66	0.01	1	1266	买盘
10:51:42	12.65	-0.01	40	50600	卖盘
10:51:27	12.66	--	22	27852	卖盘
10:51:15	12.66	--	19	24054	卖盘
10:51:12	12.66	--	4	5064	卖盘
10:51:03	12.66	--	5	6330	卖盘
10:50:57	12.66	--	10	12660	卖盘
10:50:51	12.66	--	8	10128	卖盘
10:50:39	12.66	0.01	22	27852	买盘
10:50:36	12.65	--	4	5060	卖盘
10:50:09	12.65	-0.01	3	3795	卖盘
10:49:51	12.66	-0.01	114	144324	卖盘
10:49:39	12.67	--	7	8869	卖盘
10:49:30	12.67	--	5	6335	卖盘
10:49:18	12.67	--	10	12670	卖盘
10:49:12	12.67	--	3	3801	卖盘
10:49:09	12.67	--	10	12670	买盘
10:48:54	12.67	--	20	25340	买盘
10:48:51	12.67	0.01	9	11403	买盘
10:48:36	12.66	--	6	7596	卖盘
10:48:30	12.66	0.01	31	39246	买盘
10:48:21	12.65	-0.01	81	102465	卖盘
10:48:15	12.66	0.01	32	40512	买盘
10:47:54	12.65	--	10	12650	卖盘
10:47:51	12.65	-0.01	1	1265	卖盘
10:47:18	12.66	--	9	11394	卖盘
10:47:06	12.66	-0.01	8	10128	卖盘
10:46:51	12.67	0.01	10	12670	买盘
10:46:45	12.66	--	20	25320	卖盘
10:46:39	12.66	--	4	5064	卖盘
10:46:30	12.66	--	5	6330	卖盘
10:45:51	12.66	--	33	41778	买盘
10:45:27	12.66	--	8	10128	买盘
10:45:15	12.66	0.01	6	7596	买盘
10:45:06	12.65	--	20	25300	卖盘
10:44:51	12.65	-0.01	1	1265	卖盘
10:44:42	12.66	0.01	4	5064	买盘
10:44:39	12.65	--	6	7590	卖盘
10:44:21	12.65	--	1	1265	卖盘
10:44:18	12.65	--	12	15180	卖盘
10:43:48	12.65	--	8	10120	卖盘
10:43:33	12.65	-0.01	7	8855	卖盘
10:43:18	12.66	0.01	4	5064	买盘
10:43:12	12.65	--	140	177100	卖盘
10:42:57	12.65	--	3	3795	卖盘
10:42:54	12.65	-0.01	20	25300	卖盘
10:42:48	12.66	0.01	10	12660	买盘
10:42:42	12.65	--	10	12650	卖盘
10:42:33	12.65	--	8	10120	卖盘
10:42:30	12.65	--	3	3795	卖盘
10:42:27	12.65	--	279	352935	卖盘
10:42:21	12.65	--	20	25300	卖盘
10:42:12	12.65	-0.01	9	11385	卖盘
10:42:09	12.66	--	40	50640	买盘
10:42:03	12.66	--	13	16458	买盘
10:41:54	12.66	--	100	126600	买盘
10:41:51	12.66	0.01	13	16458	买盘
10:41:39	12.65	--	4	5060	卖盘
10:41:30	12.65	0.01	56	70840	买盘
10:41:27	12.64	-0.01	10	12640	卖盘
10:41:18	12.65	0.01	5	6325	买盘
10:41:09	12.64	-0.01	2	2528	卖盘
10:41:06	12.65	--	27	34155	买盘
10:40:57	12.65	0.01	3	3795	买盘
10:40:48	12.64	-0.01	8	10112	卖盘
10:40:42	12.65	--	11	13915	买盘
10:40:30	12.65	0.01	6	7590	买盘
10:40:21	12.64	0.01	2	2528	买盘
10:40:12	12.63	--	3	3789	买盘
10:40:09	12.63	--	69	87147	买盘
10:40:06	12.63	0.01	5	6315	买盘
10:39:51	12.62	--	31	39122	买盘
10:39:45	12.62	--	100	126199	买盘
10:39:42	12.62	0.01	20	25240	买盘
10:39:36	12.61	-0.01	4	5044	卖盘
10:39:30	12.62	0.01	7	8834	买盘
10:39:24	12.61	-0.01	2	2522	卖盘
10:39:21	12.62	--	20	25240	买盘
10:39:18	12.62	--	4	5048	买盘
10:39:06	12.62	-0.01	80	100960	卖盘
10:39:03	12.63	0.01	50	63150	买盘
10:39:00	12.62	--	5	6310	卖盘
10:38:54	12.62	--	5	6310	卖盘
10:38:51	12.62	--	25	31549	卖盘
10:38:48	12.62	-0.01	3	3785	卖盘
10:38:45	12.63	--	10	12630	买盘
10:38:42	12.63	0.01	8	10104	买盘
10:38:39	12.62	--	2	2524	卖盘
10:38:30	12.62	-0.01	24	30287	卖盘
10:38:27	12.63	--	2	2526	买盘
10:38:24	12.63	--	20	25260	买盘
10:38:21	12.63	--	24	30312	买盘
10:38:18	12.63	--	2	2526	买盘
10:38:15	12.63	--	4	5052	买盘
10:38:12	12.63	-0.01	33	41679	卖盘
10:38:03	12.64	--	8	10112	卖盘
10:38:00	12.64	--	20	25280	卖盘
10:37:57	12.64	0.01	85	107440	买盘
10:37:51	12.63	--	44	55572	卖盘
10:37:30	12.63	-0.01	10	12630	卖盘
10:37:24	12.64	--	13	16432	卖盘
10:37:21	12.64	--	60	75840	卖盘
10:37:15	12.64	--	10	12640	卖盘
10:37:09	12.64	--	10	12640	卖盘
10:37:06	12.64	--	15	18960	卖盘
10:37:03	12.64	--	1	1264	卖盘
10:36:57	12.64	--	50	63200	卖盘
10:36:54	12.64	--	1	1264	卖盘
10:36:51	12.64	-0.01	1	1264	卖盘
10:36:45	12.65	--	4	5060	卖盘
10:36:39	12.65	-0.01	246	311190	卖盘
10:36:36	12.66	0.01	20	25320	买盘
10:36:33	12.65	--	10	12650	卖盘
10:36:30	12.65	--	3	3795	卖盘
10:36:27	12.65	-0.01	11	13915	卖盘
10:36:18	12.66	--	185	234210	卖盘
10:36:06	12.66	-0.01	7	8862	卖盘
10:35:45	12.67	--	80	101360	卖盘
10:35:39	12.67	-0.01	2	2534	卖盘
10:35:27	12.68	--	23	29164	买盘
10:34:57	12.68	--	10	12680	卖盘
10:34:39	12.68	--	3	3804	卖盘
10:34:36	12.68	--	5	6340	卖盘
10:34:24	12.68	--	200	253600	卖盘
10:33:54	12.68	--	3	3804	卖盘
10:33:36	12.68	-0.01	5	6340	卖盘
10:33:24	12.69	--	11	13959	卖盘
10:33:18	12.69	--	15	19035	卖盘
10:33:12	12.69	--	6	7614	卖盘
10:33:03	12.69	--	30	38070	卖盘
10:32:42	12.69	--	9	11421	卖盘
10:32:36	12.69	-0.01	8	10152	卖盘
10:32:18	12.7	--	15	19050	卖盘
10:32:06	12.7	--	3	3810	卖盘
10:31:54	12.7	-0.01	1	1270	卖盘
10:31:45	12.71	0.01	13	16523	买盘
10:31:42	12.7	--	8	10160	卖盘
10:31:30	12.7	--	22	27940	卖盘
10:30:57	12.7	-0.01	7	8890	卖盘
10:30:51	12.71	--	20	25420	买盘
10:30:15	12.71	-0.01	304	386384	卖盘
10:29:57	12.72	--	20	25440	卖盘
10:29:54	12.72	0.01	16	20352	买盘
10:29:51	12.71	--	27	34317	卖盘
10:29:48	12.71	-0.01	14	17794	卖盘
10:29:45	12.72	0.01	9	11448	买盘
10:29:15	12.71	--	105	133455	卖盘
10:28:51	12.71	-0.01	35	44485	卖盘
10:28:48	12.72	--	8	10176	买盘
10:28:45	12.72	--	5	6360	买盘
10:28:33	12.72	0.01	20	25440	买盘
10:28:24	12.71	--	19	24149	卖盘
10:28:12	12.71	--	18	22878	卖盘
10:28:03	12.71	--	50	63550	卖盘
10:27:54	12.71	-0.01	5	6355	卖盘
10:27:51	12.72	0.01	6	7632	买盘
10:27:42	12.71	-0.01	4	5084	卖盘
10:27:24	12.72	--	15	19080	买盘
10:27:12	12.72	--	1	1272	卖盘
10:27:03	12.72	--	60	76320	卖盘
10:27:00	12.72	--	10	12720	卖盘
10:26:57	12.72	--	5	6360	卖盘
10:26:42	12.72	--	1	1272	卖盘
10:26:33	12.72	0.01	24	30528	买盘
10:26:30	12.71	--	26	33046	卖盘
10:26:24	12.71	-0.01	10	12710	卖盘
10:26:18	12.72	0.01	10	12720	买盘
10:26:09	12.71	--	7	8897	卖盘
10:26:03	12.71	0.02	5	6355	买盘
10:25:51	12.69	--	1	1269	卖盘
10:25:33	12.69	--	15	19035	买盘
10:25:12	12.69	-0.03	28	35532	卖盘
10:24:45	12.72	0.03	13	16536	中性盘
10:24:42	12.69	--	10	12690	卖盘
10:24:21	12.69	-0.04	1	1269	卖盘
10:24:18	12.73	0.04	2	2546	买盘
10:24:09	12.69	-0.01	20	25380	卖盘
10:24:00	12.7	-0.03	22	27940	卖盘
10:23:54	12.73	0.03	100	127300	买盘
10:23:42	12.7	--	3	3810	买盘
10:23:33	12.7	-0.01	48	60960	买盘
10:23:21	12.71	0.01	10	12710	买盘
10:23:18	12.7	--	6	7620	买盘
10:23:15	12.7	--	8	10160	卖盘
10:23:06	12.7	0.01	10	12700	中性盘
10:22:42	12.69	-0.02	30	38070	卖盘
10:22:39	12.71	0.02	4	5084	买盘
10:22:30	12.69	-0.01	7	8883	卖盘
10:22:18	12.7	0.01	60	76200	买盘
10:22:12	12.69	--	3	3807	卖盘
10:21:51	12.69	--	10	12690	卖盘
10:21:36	12.69	--	128	162432	买盘
10:21:24	12.69	--	15	19035	买盘
10:21:21	12.69	0.01	2	2538	买盘
10:21:09	12.68	-0.01	1	1268	卖盘
10:21:00	12.69	0.01	10	12690	买盘
10:20:42	12.68	-0.01	12	15216	卖盘
10:20:12	12.69	--	19	24111	卖盘
10:19:51	12.69	--	1	1269	买盘
10:19:42	12.69	-0.01	1	1269	卖盘
10:19:36	12.7	--	15	19050	买盘
10:19:15	12.7	--	10	12700	买盘
10:19:09	12.7	0.01	5	6350	买盘
10:19:03	12.69	-0.01	8	10152	卖盘
10:19:00	12.7	--	10	12700	买盘
10:18:54	12.7	--	11	13970	卖盘
10:18:51	12.7	--	74	93980	卖盘
10:18:48	12.7	-0.01	35	44450	卖盘
10:18:39	12.71	--	20	25420	买盘
10:18:36	12.71	-0.01	48	61008	卖盘
10:18:33	12.72	--	100	127200	买盘
10:18:21	12.72	--	21	26712	买盘
10:17:57	12.72	--	1	1272	买盘
10:17:51	12.72	--	91	115752	卖盘
10:17:42	12.72	--	6	7632	卖盘
10:17:30	12.72	--	5	6360	卖盘
10:17:21	12.72	--	10	12720	卖盘
10:17:18	12.72	--	23	29256	卖盘
10:17:03	12.72	--	20	25440	卖盘
10:17:00	12.72	-0.01	27	34344	卖盘
10:16:57	12.73	--	5	6365	买盘
10:16:54	12.73	--	4	5092	买盘
10:16:45	12.73	--	10	12730	买盘
10:16:42	12.73	--	5	6365	买盘
10:16:33	12.73	--	1	1273	买盘
10:16:21	12.73	--	12	15276	买盘
10:16:18	12.73	0.01	23	29279	买盘
10:16:06	12.72	--	17	21624	卖盘
10:16:03	12.72	--	2	2544	卖盘
10:15:51	12.72	--	16	20352	卖盘
10:15:48	12.72	--	19	24168	买盘
10:15:21	12.72	--	6	7632	买盘
10:15:12	12.72	-0.01	5	6360	中性盘
10:15:09	12.73	0.01	139	176947	买盘
10:14:57	12.72	--	5	6360	卖盘
10:14:54	12.72	--	10	12720	卖盘
10:14:51	12.72	-0.01	6	7632	卖盘
10:14:48	12.73	0.01	1	1273	买盘
10:14:39	12.72	--	1	1272	中性盘
10:14:36	12.72	--	10	12720	买盘
10:14:30	12.72	--	3	3816	买盘
10:14:18	12.72	0.01	20	25440	买盘
10:14:15	12.71	--	10	12710	卖盘
10:14:03	12.71	0.01	23	29233	买盘
10:13:54	12.7	-0.02	8	10160	卖盘
10:13:51	12.72	0.02	1	1272	买盘
10:13:48	12.7	--	3	3810	卖盘
10:13:42	12.7	--	8	10160	卖盘
10:13:27	12.7	--	5	6350	卖盘
10:13:18	12.7	--	6	7620	买盘
10:13:12	12.7	--	45	57150	卖盘
10:13:09	12.7	-0.01	6	7620	卖盘
10:13:00	12.71	--	7	8897	买盘
10:12:48	12.71	--	4	5084	卖盘
10:12:45	12.71	--	20	25420	卖盘
10:12:36	12.71	--	10	12710	卖盘
10:12:33	12.71	--	22	27962	买盘
10:12:30	12.71	--	2	2542	卖盘
10:12:27	12.71	0.01	16	20336	买盘
10:12:24	12.7	--	27	34290	卖盘
10:12:15	12.7	--	16	20320	买盘
10:12:09	12.7	--	87	110490	买盘
10:12:03	12.7	0.01	20	25400	买盘
10:11:57	12.69	-0.01	5	6345	卖盘
10:11:54	12.7	0.01	50	63500	买盘
10:11:51	12.69	--	18	22842	卖盘
10:11:39	12.69	--	2	2538	卖盘
10:11:30	12.69	--	20	25380	卖盘
10:11:27	12.69	--	30	38070	中性盘
10:11:06	12.69	0.01	123	156087	买盘
10:11:03	12.68	-0.01	2	2536	卖盘
10:10:30	12.69	--	29	36801	买盘
10:10:18	12.69	--	8	10152	买盘
10:10:15	12.69	0.01	218	276642	买盘
10:10:09	12.68	-0.01	4	5072	卖盘
10:09:54	12.69	--	17	21573	买盘
10:09:48	12.69	--	10	12690	买盘
10:09:42	12.69	--	11	13959	卖盘
10:09:39	12.69	-0.01	8	10152	卖盘
10:09:33	12.7	0.01	8	10160	买盘
10:09:27	12.69	--	3	3807	卖盘
10:09:24	12.69	0.01	1	1269	中性盘
10:09:15	12.68	-0.01	30	38040	卖盘
10:09:12	12.69	0.01	46	58374	买盘
10:08:51	12.68	--	50	63400	卖盘
10:08:45	12.68	--	13	16484	卖盘
10:08:42	12.68	--	3	3804	卖盘
10:08:30	12.68	--	18	22824	卖盘
10:08:27	12.68	-0.01	51	64668	卖盘
10:08:21	12.69	0.01	9	11421	中性盘
10:08:18	12.68	-0.01	8	10144	卖盘
10:08:06	12.69	0.01	13	16497	买盘
10:08:00	12.68	-0.01	20	25360	卖盘
10:07:42	12.69	--	38	48222	卖盘
10:07:39	12.69	--	13	16497	卖盘
10:07:33	12.69	--	5	6345	卖盘
10:07:30	12.69	--	5	6345	卖盘
10:07:03	12.69	0.01	29	36801	买盘
10:07:00	12.68	-0.01	100	126800	卖盘
10:06:42	12.69	0.01	9	11421	买盘
10:06:36	12.68	--	25	31700	卖盘
10:06:30	12.68	-0.01	8	10144	卖盘
10:06:06	12.69	--	1	1269	买盘
10:05:39	12.69	--	6	7614	卖盘
10:05:24	12.69	--	29	36801	买盘
10:05:15	12.69	0.01	10	12690	买盘
10:04:45	12.68	-0.01	3	3804	卖盘
10:04:27	12.69	--	5	6345	卖盘
10:04:21	12.69	--	5	6345	卖盘
10:04:15	12.69	0.01	5	6345	买盘
10:03:51	12.68	0.01	6	7608	买盘
10:03:45	12.67	--	410	519470	卖盘
10:03:33	12.67	--	21	26607	卖盘
10:03:30	12.67	--	1	1267	卖盘
10:03:18	12.67	--	8	10136	卖盘
10:03:09	12.67	--	1	1267	卖盘
10:03:00	12.67	--	73	92491	买盘
10:02:57	12.67	0.01	50	63350	买盘
10:02:51	12.66	--	4	5064	卖盘
10:02:48	12.66	--	75	94950	卖盘
10:02:45	12.66	--	5	6330	卖盘
10:02:39	12.66	--	5	6330	卖盘
10:02:36	12.66	--	4	5064	卖盘
10:02:33	12.66	--	8	10128	卖盘
10:02:27	12.66	-0.01	10	12660	卖盘
10:02:24	12.67	--	11	13937	买盘
10:02:21	12.67	--	20	25340	买盘
10:02:15	12.67	--	20	25340	买盘
10:02:09	12.67	--	16	20272	卖盘
10:02:00	12.67	-0.01	10	12670	卖盘
10:01:51	12.68	-0.01	599	759532	卖盘
10:01:48	12.69	-0.01	20	25380	卖盘
10:01:42	12.7	0.01	12	15240	买盘
10:01:36	12.69	-0.01	4	5076	卖盘
10:01:18	12.7	--	10	12700	卖盘
10:01:15	12.7	--	17	21590	卖盘
10:01:12	12.7	--	15	19050	卖盘
10:01:09	12.7	--	2	2540	卖盘
10:01:00	12.7	0.01	10	12700	买盘
10:00:54	12.69	--	30	38070	卖盘
10:00:51	12.69	-0.01	35	44415	卖盘
10:00:48	12.7	--	6	7620	买盘
10:00:42	12.7	--	50	63500	卖盘
10:00:39	12.7	-0.01	133	168910	卖盘
10:00:33	12.71	--	100	127100	买盘
10:00:30	12.71	--	10	12710	买盘
10:00:15	12.71	--	50	63550	买盘
10:00:12	12.71	--	178	226238	卖盘
10:00:09	12.71	--	1	1271	卖盘
10:00:03	12.71	--	15	19065	卖盘
10:00:00	12.71	--	3	3813	卖盘
09:59:45	12.71	--	20	25420	卖盘
09:59:39	12.71	--	11	13981	卖盘
09:59:36	12.71	--	57	72447	卖盘
09:59:30	12.71	--	11	13981	卖盘
09:59:24	12.71	-0.01	10	12710	卖盘
09:59:21	12.72	0.01	1	1272	买盘
09:59:18	12.71	--	20	25420	买盘
09:59:15	12.71	0.01	40	50840	卖盘
09:59:12	12.7	-0.01	150	190500	卖盘
09:59:09	12.71	--	2	2542	卖盘
09:59:03	12.71	0.01	6	7626	中性盘
09:59:00	12.7	--	100	127000	卖盘
09:58:57	12.7	--	42	53340	卖盘
09:58:45	12.7	-0.02	9	11430	卖盘
09:58:42	12.72	0.02	2	2544	买盘
09:58:39	12.7	-0.03	7	8890	卖盘
09:58:18	12.73	0.03	1	1273	买盘
09:57:54	12.7	--	2	2540	卖盘
09:57:48	12.7	--	20	25400	卖盘
09:57:45	12.7	-0.03	10	12700	卖盘
09:57:39	12.73	--	35	44555	买盘
09:57:24	12.73	0.03	200	254600	买盘
09:57:00	12.7	--	90	114300	买盘
09:56:51	12.7	0.01	29	36830	买盘
09:56:48	12.69	-0.01	26	32994	卖盘
09:56:33	12.7	--	30	38100	买盘
09:56:27	12.7	--	29	36830	买盘
09:56:21	12.7	--	29	36830	买盘
09:56:15	12.7	0.01	10	12700	买盘
09:56:03	12.69	--	3	3807	卖盘
09:55:54	12.69	-0.01	3	3807	卖盘
09:55:51	12.7	0.01	8	10160	买盘
09:55:45	12.69	-0.01	5	6345	卖盘
09:55:39	12.7	--	8	10160	买盘
09:55:30	12.7	--	100	127000	买盘
09:55:18	12.7	--	20	25400	买盘
09:55:12	12.7	--	13	16510	买盘
09:55:03	12.7	0.01	14	17780	买盘
09:54:57	12.69	--	22	27918	卖盘
09:54:54	12.69	--	12	15228	卖盘
09:54:33	12.69	--	1	1269	卖盘
09:54:24	12.69	--	39	49491	买盘
09:54:12	12.69	0.01	19	24111	买盘
09:54:09	12.68	0.01	60	76080	买盘
09:54:03	12.67	--	40	50680	卖盘
09:53:57	12.67	-0.01	2	2534	卖盘
09:53:54	12.68	--	5	6340	买盘
09:53:51	12.68	--	14	17752	买盘
09:53:42	12.68	--	5	6340	买盘
09:53:36	12.68	0.01	21	26628	买盘
09:53:24	12.67	--	14	17738	卖盘
09:53:18	12.67	--	20	25340	卖盘
09:53:09	12.67	-0.01	1	1267	卖盘
09:53:06	12.68	0.01	30	38040	买盘
09:53:03	12.67	--	196	248332	卖盘
09:52:57	12.67	-0.01	10	12670	卖盘
09:52:54	12.68	0.01	230	291640	买盘
09:52:51	12.67	-0.01	5	6335	卖盘
09:52:30	12.68	--	20	25360	买盘
09:52:27	12.68	--	305	386740	卖盘
09:52:24	12.68	-0.02	13	16484	卖盘
09:52:21	12.7	0.02	100	127000	买盘
09:52:18	12.68	-0.01	1	1268	卖盘
09:52:15	12.69	0.01	20	25380	买盘
09:52:09	12.68	-0.01	23	29164	卖盘
09:52:03	12.69	--	6	7614	卖盘
09:51:48	12.69	--	12	15228	买盘
09:51:42	12.69	--	1	1269	卖盘
09:51:36	12.69	--	42	53298	卖盘
09:51:33	12.69	-0.01	30	38070	卖盘
09:51:30	12.7	--	3	3810	买盘
09:51:27	12.7	--	3	3810	卖盘
09:51:21	12.7	--	20	25400	卖盘
09:51:18	12.7	--	30	38100	卖盘
09:51:15	12.7	--	17	21590	买盘
09:51:12	12.7	--	3	3810	买盘
09:51:09	12.7	0.02	50	63500	买盘
09:50:57	12.68	-0.02	11	13948	卖盘
09:50:48	12.7	0.02	3	3810	买盘
09:50:24	12.68	--	1	1268	卖盘
09:50:18	12.68	--	8	10144	卖盘
09:50:09	12.68	-0.02	300	380400	卖盘
09:50:00	12.7	0.02	15	19050	买盘
09:49:57	12.68	--	8	10144	卖盘
09:49:54	12.68	--	9	11412	卖盘
09:49:51	12.68	--	26	32968	卖盘
09:49:42	12.68	0.01	171	216828	买盘
09:49:39	12.67	-0.01	517	655039	卖盘
09:49:36	12.68	0.01	230	291640	买盘
09:49:30	12.67	--	24	30408	卖盘
09:49:24	12.67	-0.01	5	6335	卖盘
09:49:12	12.68	0.01	5	6340	买盘
09:49:06	12.67	--	6	7602	卖盘
09:49:03	12.67	--	50	63350	卖盘
09:49:00	12.67	--	24	30408	卖盘
09:48:51	12.67	--	3	3801	卖盘
09:48:48	12.67	--	20	25340	卖盘
09:48:39	12.67	-0.01	11	13937	卖盘
09:48:36	12.68	0.01	15	19020	买盘
09:48:33	12.67	-0.01	56	70952	卖盘
09:48:18	12.68	-0.01	545	691060	卖盘
09:48:15	12.69	--	10	12690	卖盘
09:48:06	12.69	-0.01	18	22842	卖盘
09:48:03	12.7	--	100	127000	买盘
09:48:00	12.7	0.01	14	17780	买盘
09:47:57	12.69	--	22	27918	卖盘
09:47:54	12.69	--	9	11421	卖盘
09:47:51	12.69	-0.01	4	5076	卖盘
09:47:48	12.7	0.01	20	25400	买盘
09:47:42	12.69	-0.01	30	38070	卖盘
09:47:33	12.7	0.01	14	17780	买盘
09:47:27	12.69	-0.01	8	10152	卖盘
09:47:24	12.7	0.01	10	12700	买盘
09:47:21	12.69	-0.01	6	7614	卖盘
09:47:00	12.7	-0.01	68	86360	卖盘
09:46:57	12.71	--	44	55924	买盘
09:46:54	12.71	0.01	1	1271	买盘
09:46:45	12.7	-0.01	8	10160	卖盘
09:46:39	12.71	0.01	17	21607	买盘
09:46:36	12.7	--	57	72390	卖盘
09:46:27	12.7	--	1	1270	买盘
09:46:24	12.7	--	53	67310	买盘
09:46:21	12.7	--	1	1270	买盘
09:46:12	12.7	--	29	36830	买盘
09:46:09	12.7	0.01	20	25400	买盘
09:46:06	12.69	-0.01	8	10152	卖盘
09:46:00	12.7	0.01	100	127000	买盘
09:45:57	12.69	--	12	15228	卖盘
09:45:54	12.69	--	30	38070	卖盘
09:45:48	12.69	--	16	20304	卖盘
09:45:42	12.69	-0.01	11	13959	卖盘
09:45:36	12.7	0.02	96	121920	买盘
09:45:33	12.68	-0.01	8	10144	卖盘
09:45:30	12.69	-0.01	153	194157	卖盘
09:45:27	12.7	--	50	63500	买盘
09:45:18	12.7	--	60	76200	卖盘
09:45:15	12.7	-0.02	75	95250	卖盘
09:45:12	12.72	--	28	35616	买盘
09:45:03	12.72	--	5	6360	买盘
09:45:00	12.72	-0.01	152	193344	卖盘
09:44:45	12.73	-0.01	36	45828	卖盘
09:44:39	12.74	0.01	5	6370	买盘
09:44:36	12.73	--	10	12730	卖盘
09:44:30	12.73	-0.01	20	25460	卖盘
09:44:27	12.74	--	4	5096	买盘
09:44:24	12.74	-0.01	3	3822	卖盘
09:44:21	12.75	--	1	1275	买盘
09:44:15	12.75	--	2	2550	买盘
09:44:06	12.75	--	50	63750	买盘
09:43:57	12.75	0.01	29	36975	买盘
09:43:45	12.74	-0.01	10	12740	卖盘
09:43:36	12.75	0.01	6	7650	买盘
09:43:33	12.74	--	10	12740	卖盘
09:43:30	12.74	--	10	12740	卖盘
09:43:15	12.74	--	7	8918	买盘
09:43:06	12.74	--	70	89180	买盘
09:43:00	12.74	--	16	20384	卖盘
09:42:54	12.74	0.02	21	26754	买盘
09:42:48	12.72	-0.01	62	78864	卖盘
09:42:45	12.73	0.02	28	35644	买盘
09:42:33	12.71	--	5	6355	卖盘
09:42:30	12.71	-0.01	40	50840	卖盘
09:42:27	12.72	0.01	37	47064	买盘
09:42:21	12.71	0.01	11	13981	买盘
09:42:12	12.7	0.02	28	35560	买盘
09:42:09	12.68	-0.02	3	3804	卖盘
09:42:06	12.7	--	2	2540	买盘
09:42:03	12.7	--	7	8890	买盘
09:41:48	12.7	0.02	9	11430	买盘
09:41:42	12.68	-0.02	16	20288	卖盘
09:41:39	12.7	0.02	10	12700	买盘
09:41:33	12.68	-0.02	2	2536	卖盘
09:41:21	12.7	--	23	29210	卖盘
09:41:18	12.7	--	24	30480	卖盘
09:41:12	12.7	0.02	6	7620	卖盘
09:41:09	12.68	-0.03	8	10144	卖盘
09:41:03	12.71	0.01	14	17794	买盘
09:41:00	12.7	-0.01	6	7620	卖盘
09:40:54	12.71	--	26	33046	卖盘
09:40:51	12.71	0.01	53	67363	买盘
09:40:48	12.7	--	8	10160	卖盘
09:40:45	12.7	--	7	8890	卖盘
09:40:42	12.7	--	1	1270	卖盘
09:40:30	12.7	--	38	48260	买盘
09:40:27	12.7	--	11	13970	买盘
09:40:24	12.7	--	4	5080	买盘
09:40:09	12.7	--	1	1270	买盘
09:40:00	12.7	0.01	11	13970	买盘
09:39:51	12.69	--	13	16497	卖盘
09:39:45	12.69	--	4	5076	卖盘
09:39:39	12.69	--	50	63450	买盘
09:39:36	12.69	--	2	2538	买盘
09:39:21	12.69	--	55	69795	买盘
09:39:09	12.69	0.01	15	19035	买盘
09:39:00	12.68	--	10	12680	卖盘
09:38:54	12.68	--	15	19020	卖盘
09:38:48	12.68	--	15	19020	卖盘
09:38:39	12.68	--	8	10144	卖盘
09:38:33	12.68	0.01	68	86224	买盘
09:38:30	12.67	--	1	1267	卖盘
09:38:27	12.67	--	13	16471	卖盘
09:38:18	12.67	-0.02	40	50680	卖盘
09:37:48	12.69	--	6	7614	卖盘
09:37:45	12.69	-0.01	2	2538	卖盘
09:37:42	12.7	--	2	2540	买盘
09:37:36	12.7	--	19	24130	买盘
09:37:33	12.7	--	10	12700	买盘
09:37:24	12.7	--	20	25400	买盘
09:37:21	12.7	0.01	3	3810	买盘
09:37:12	12.69	--	4	5076	卖盘
09:37:03	12.69	0.01	68	86292	买盘
09:36:54	12.68	0.01	47	59596	买盘
09:36:42	12.67	--	15	19005	卖盘
09:36:24	12.67	--	63	79821	卖盘
09:36:21	12.67	--	14	17738	卖盘
09:36:15	12.67	--	5	6335	卖盘
09:36:12	12.67	0.01	23	29141	买盘
09:36:09	12.66	--	9	11394	卖盘
09:36:06	12.66	--	86	108876	买盘
09:35:54	12.66	--	54	68364	买盘
09:35:51	12.66	--	6	7596	卖盘
09:35:45	12.66	--	18	22788	卖盘
09:35:42	12.66	--	3	3798	卖盘
09:35:39	12.66	--	23	29118	卖盘
09:35:30	12.66	--	8	10128	卖盘
09:35:27	12.66	--	8	10128	卖盘
09:35:24	12.66	-0.01	1	1266	卖盘
09:35:21	12.67	0.01	1	1267	买盘
09:35:15	12.66	--	22	27852	卖盘
09:35:06	12.66	--	18	22788	买盘
09:35:00	12.66	--	9	11394	买盘
09:34:57	12.66	--	37	46842	卖盘
09:34:54	12.66	--	26	32916	卖盘
09:34:51	12.66	--	2	2532	卖盘
09:34:48	12.66	--	4	5064	卖盘
09:34:45	12.66	--	37	46842	卖盘
09:34:39	12.66	0.01	9	11394	买盘
09:34:24	12.65	--	5	6325	卖盘
09:34:21	12.65	-0.01	3	3795	卖盘
09:34:18	12.66	0.01	6	7596	买盘
09:34:15	12.65	-0.01	75	94875	卖盘
09:34:03	12.66	-0.01	60	75960	卖盘
09:33:48	12.67	-0.01	25	31675	卖盘
09:33:27	12.68	--	17	21556	卖盘
09:33:15	12.68	--	2	2536	卖盘
09:33:09	12.68	--	17	21556	卖盘
09:33:03	12.68	-0.01	14	17752	卖盘
09:32:57	12.69	0.01	10	12690	买盘
09:32:54	12.68	--	4	5072	卖盘
09:32:42	12.68	--	5	6340	卖盘
09:32:36	12.68	--	4	5072	买盘
09:32:27	12.68	0.02	11	13948	买盘
09:32:24	12.66	-0.02	18	22788	卖盘
09:32:21	12.68	0.02	5	6340	买盘
09:32:18	12.66	--	10	12660	卖盘
09:32:15	12.66	--	12	15192	卖盘
09:32:03	12.66	--	10	12660	卖盘
09:31:54	12.66	--	43	54438	卖盘
09:31:51	12.66	-0.03	14	17724	卖盘
09:31:45	12.69	0.03	20	25380	买盘
09:31:42	12.66	-0.03	1	1266	卖盘
09:31:36	12.69	--	5	6345	买盘
09:31:30	12.69	--	3	3807	买盘
09:31:27	12.69	0.03	6	7614	买盘
09:31:21	12.66	0.01	5	6330	卖盘
09:31:15	12.65	--	1	1265	卖盘
09:31:09	12.65	-0.05	4	5060	卖盘
09:31:03	12.7	0.05	5	6350	买盘
09:30:57	12.65	--	1	1265	卖盘
09:30:48	12.65	0.02	8	10120	买盘
09:30:42	12.63	0.01	40	50520	中性盘
09:30:27	12.62	--	9	11358	卖盘
09:30:12	12.62	-0.1	100	126199	卖盘
09:30:09	12.72	--	10	12720	买盘
09:30:06	12.72	-0.01	50	63600	买盘
09:30:03	12.73	--	216	274968	买盘
09:30:00	12.73	--	0	0	买盘
09:25:03	12.73	12.73	253	322069	买盘
