成交时间	成交价	价格变动	成交量(手)	成交额(元)	性质
15:00:03	14.38	--	229	329302	卖盘
14:57:00	14.38	--	0	0	卖盘
14:56:57	14.38	-0.01	64	92032	卖盘
14:56:54	14.39	0.01	1	1439	买盘
14:56:48	14.38	--	38	54644	卖盘
14:56:42	14.38	-0.01	2	2876	卖盘
14:56:30	14.39	-0.01	19	27341	卖盘
14:56:27	14.4	--	15	21600	买盘
14:56:24	14.4	0.01	30	43200	买盘
14:56:21	14.39	--	10	14390	卖盘
14:56:12	14.39	--	4	5756	买盘
14:56:09	14.39	0.01	2	2878	买盘
14:56:06	14.38	-0.01	11	15818	卖盘
14:55:57	14.39	--	18	25902	买盘
14:55:45	14.39	0.01	19	27341	买盘
14:55:42	14.38	--	27	38826	卖盘
14:55:39	14.38	-0.01	25	35950	卖盘
14:55:33	14.39	0.01	100	143900	买盘
14:55:24	14.38	--	3	4314	卖盘
14:55:18	14.38	--	22	31636	卖盘
14:54:57	14.38	-0.01	40	57520	卖盘
14:54:54	14.39	--	6	8634	买盘
14:54:48	14.39	0.01	41	58999	买盘
14:54:42	14.38	-0.01	6	8628	卖盘
14:54:33	14.39	--	174	250386	买盘
14:54:30	14.39	--	10	14390	买盘
14:54:24	14.39	-0.01	168	241752	卖盘
14:54:21	14.4	0.01	6	8640	中性盘
14:54:12	14.39	-0.02	12	17268	卖盘
14:54:09	14.41	--	6	8646	买盘
14:54:06	14.41	--	20	28820	买盘
14:53:57	14.41	0.01	31	44671	买盘
14:53:54	14.4	--	6	8640	卖盘
14:53:51	14.4	--	6	8640	卖盘
14:53:48	14.4	-0.01	60	86400	卖盘
14:53:45	14.41	0.01	115	165715	买盘
14:53:42	14.4	--	40	57600	卖盘
14:53:39	14.4	-0.01	10	14400	卖盘
14:53:33	14.41	--	25	36025	买盘
14:53:30	14.41	--	4	5764	买盘
14:53:18	14.41	--	19	27379	买盘
14:53:12	14.41	--	21	30261	买盘
14:53:09	14.41	0.01	70	100870	买盘
14:53:00	14.4	-0.01	10	14400	卖盘
14:52:51	14.41	--	50	72050	买盘
14:52:48	14.41	0.01	80	115280	买盘
14:52:39	14.4	--	66	95040	卖盘
14:52:33	14.4	-0.01	5	7200	卖盘
14:52:24	14.41	0.01	133	191653	买盘
14:52:18	14.4	--	13	18720	买盘
14:52:15	14.4	--	12	17280	买盘
14:52:12	14.4	--	67	96480	买盘
14:52:09	14.4	--	17	24480	买盘
14:52:00	14.4	--	54	77760	买盘
14:51:51	14.4	--	58	83520	买盘
14:51:48	14.4	--	4	5760	买盘
14:51:36	14.4	--	34	48960	买盘
14:51:24	14.4	--	43	61920	买盘
14:51:18	14.4	0.01	5	7200	买盘
14:51:12	14.39	--	2	2878	卖盘
14:51:09	14.39	-0.01	62	89218	卖盘
14:51:06	14.4	--	20	28800	买盘
14:51:00	14.4	--	10	14400	买盘
14:50:57	14.4	0.01	1	1440	买盘
14:50:54	14.39	-0.01	30	43170	卖盘
14:50:48	14.4	--	72	103680	买盘
14:50:33	14.4	0.01	19	27360	买盘
14:50:27	14.39	-0.01	8	11512	卖盘
14:50:24	14.4	--	5	7200	买盘
14:50:18	14.4	0.01	1	1440	买盘
14:50:15	14.39	-0.01	3	4317	卖盘
14:50:06	14.4	-0.02	4	5760	中性盘
14:49:45	14.42	0.02	100	144200	买盘
14:49:42	14.4	-0.02	63	90720	卖盘
14:49:36	14.42	--	2	2884	买盘
14:49:21	14.42	0.02	38	54796	买盘
14:49:18	14.4	-0.01	1	1440	卖盘
14:49:15	14.41	0.01	15	21615	买盘
14:49:12	14.4	0.01	5	7200	买盘
14:49:06	14.39	-0.01	20	28780	卖盘
14:48:54	14.4	--	5	7200	买盘
14:48:48	14.4	--	4	5760	卖盘
14:48:42	14.4	--	56	80640	卖盘
14:48:36	14.4	--	5	7200	卖盘
14:48:33	14.4	--	42	60566	买盘
14:48:30	14.4	0.01	143	205920	买盘
14:48:21	14.39	-0.01	20	28780	卖盘
14:48:18	14.4	0.01	412	593280	买盘
14:48:15	14.39	-0.01	4	5756	卖盘
14:48:09	14.4	--	161	231840	买盘
14:48:00	14.4	0.01	9	12960	买盘
14:47:54	14.39	-0.01	39	56121	卖盘
14:47:48	14.4	--	26	37440	买盘
14:47:36	14.4	--	8	11520	买盘
14:47:24	14.4	--	19	27360	买盘
14:47:12	14.4	--	28	40320	买盘
14:47:00	14.4	0.01	124	178560	买盘
14:46:57	14.39	--	10	14390	卖盘
14:46:51	14.39	-0.01	1	1439	卖盘
14:46:48	14.4	0.01	25	36000	买盘
14:46:45	14.39	--	8	11512	买盘
14:46:42	14.39	-0.01	12	17268	卖盘
14:46:36	14.4	--	11	15840	买盘
14:46:30	14.4	0.01	20	28800	买盘
14:46:24	14.39	-0.01	3	4317	卖盘
14:46:21	14.4	0.01	42	60480	买盘
14:46:18	14.39	-0.01	1	1439	卖盘
14:46:12	14.4	--	105	151200	买盘
14:46:09	14.4	--	1	1440	买盘
14:45:57	14.4	--	268	385920	买盘
14:45:45	14.4	--	9	12960	买盘
14:45:36	14.4	0.02	35	50400	买盘
14:45:21	14.38	-0.02	28	40264	卖盘
14:45:15	14.4	0.02	8	11520	买盘
14:45:09	14.38	--	42	60396	卖盘
14:44:57	14.38	--	76	109288	卖盘
14:44:51	14.38	-0.02	10	14380	卖盘
14:44:45	14.4	0.01	157	226080	买盘
14:44:33	14.39	--	23	33097	买盘
14:44:27	14.39	-0.01	128	184192	卖盘
14:44:24	14.4	-0.01	41	59040	卖盘
14:44:21	14.41	0.01	16	23056	买盘
14:44:15	14.4	--	9	12960	买盘
14:44:09	14.4	--	20	28800	买盘
14:44:03	14.4	-0.01	10	14400	卖盘
14:43:57	14.41	--	18	25938	买盘
14:43:45	14.41	--	27	38907	买盘
14:43:39	14.41	0.01	5	7205	买盘
14:43:36	14.4	--	10	14400	买盘
14:43:33	14.4	--	35	50400	买盘
14:43:27	14.4	--	3	4320	买盘
14:43:24	14.4	-0.01	9	12960	卖盘
14:43:21	14.41	--	10	14410	买盘
14:42:57	14.41	--	4	5764	买盘
14:42:45	14.41	--	16	23056	买盘
14:42:33	14.41	0.03	22	31702	买盘
14:42:27	14.38	-0.02	5	7190	卖盘
14:42:24	14.4	--	21	30240	买盘
14:42:21	14.4	0.01	12	17280	买盘
14:42:12	14.39	-0.01	6	8634	卖盘
14:42:09	14.4	0.01	12	17280	买盘
14:42:03	14.39	0.01	2	2878	买盘
14:41:57	14.38	-0.01	1	1438	卖盘
14:41:36	14.39	--	12	17268	买盘
14:41:06	14.39	0.01	10	14390	买盘
14:41:03	14.38	-0.01	25	35950	卖盘
14:40:57	14.39	0.01	19	27341	买盘
14:40:54	14.38	-0.01	22	31636	卖盘
14:40:39	14.39	--	3	4317	买盘
14:40:36	14.39	--	5	7195	卖盘
14:40:27	14.39	-0.01	11	15829	卖盘
14:40:18	14.4	0.01	12	17280	买盘
14:40:15	14.39	-0.01	7	10073	卖盘
14:40:12	14.4	0.01	4	5760	买盘
14:40:09	14.39	-0.01	3	4317	卖盘
14:40:06	14.4	--	17	24480	卖盘
14:39:51	14.4	0.01	83	119520	买盘
14:39:45	14.39	-0.01	20	28780	卖盘
14:39:39	14.4	--	12	17280	买盘
14:39:03	14.4	--	5	7200	卖盘
14:38:57	14.4	--	16	23040	买盘
14:38:54	14.4	--	1	1440	卖盘
14:38:36	14.4	--	4	5760	卖盘
14:38:21	14.4	--	18	25920	买盘
14:38:18	14.4	-0.01	12	17280	卖盘
14:38:15	14.41	0.01	11	15851	买盘
14:38:12	14.4	-0.01	29	41760	卖盘
14:38:06	14.41	0.01	13	18733	买盘
14:37:57	14.4	--	10	14400	卖盘
14:37:51	14.4	--	3	4320	卖盘
14:37:45	14.4	-0.01	21	30240	卖盘
14:37:39	14.41	--	4	5764	买盘
14:37:30	14.41	--	12	17292	买盘
14:37:24	14.41	--	22	31702	卖盘
14:37:15	14.41	--	7	10087	卖盘
14:37:12	14.41	-0.01	10	14410	卖盘
14:37:06	14.42	--	66	95172	买盘
14:37:00	14.42	--	8	11536	买盘
14:36:54	14.42	--	8	11536	买盘
14:36:48	14.42	--	7	10094	买盘
14:36:45	14.42	--	12	17304	买盘
14:36:42	14.42	--	6	8652	买盘
14:36:36	14.42	--	15	21630	买盘
14:36:24	14.42	--	65	93730	买盘
14:36:21	14.42	--	3	4326	买盘
14:36:15	14.42	--	21	30282	买盘
14:36:12	14.42	--	47	67774	卖盘
14:36:06	14.42	-0.01	2	2884	卖盘
14:36:00	14.43	--	51	73593	买盘
14:35:51	14.43	--	8	11544	买盘
14:35:48	14.43	0.01	9	12987	买盘
14:35:39	14.42	--	8	11536	买盘
14:35:33	14.42	--	21	30282	买盘
14:35:24	14.42	0.01	10	14420	买盘
14:35:18	14.41	-0.01	1	1441	卖盘
14:35:15	14.42	0.01	3	4326	买盘
14:35:00	14.41	0.01	3	4323	买盘
14:34:48	14.4	--	1	1440	买盘
14:34:39	14.4	0.01	2	2880	买盘
14:34:36	14.39	-0.01	2	2878	卖盘
14:34:33	14.4	--	8	11520	买盘
14:34:27	14.4	--	20	28800	买盘
14:34:24	14.4	0.01	4	5760	买盘
14:34:21	14.39	0.01	5	7195	买盘
14:34:18	14.38	-0.01	47	67586	卖盘
14:34:12	14.39	--	21	30219	买盘
14:34:03	14.39	--	1	1439	买盘
14:34:00	14.39	--	13	18707	买盘
14:33:57	14.39	--	8	11512	买盘
14:33:54	14.39	-0.01	44	63316	卖盘
14:33:48	14.4	--	8	11520	买盘
14:33:45	14.4	0.01	20	28800	买盘
14:33:42	14.39	-0.01	50	71950	卖盘
14:33:36	14.4	--	135	194400	买盘
14:33:33	14.4	--	1	1440	买盘
14:33:30	14.4	-0.02	32	46080	卖盘
14:33:24	14.42	0.02	3	4326	买盘
14:33:15	14.4	-0.01	7	10080	卖盘
14:33:12	14.41	-0.01	25	36025	买盘
14:33:06	14.42	--	3	4326	卖盘
14:33:03	14.42	0.01	14	20188	买盘
14:33:00	14.41	0.01	1	1441	买盘
14:32:54	14.4	0.01	4	5760	买盘
14:32:51	14.39	-0.01	16	23024	卖盘
14:32:48	14.4	0.01	14	20160	买盘
14:32:42	14.39	--	6	8634	卖盘
14:32:36	14.39	--	9	12951	卖盘
14:32:33	14.39	--	9	12951	买盘
14:32:30	14.39	--	1	1439	买盘
14:32:18	14.39	-0.01	1	1439	卖盘
14:32:12	14.4	0.01	8	11520	买盘
14:32:06	14.39	-0.01	1	1439	卖盘
14:32:03	14.4	0.01	1	1440	买盘
14:32:00	14.39	-0.01	11	15829	卖盘
14:31:51	14.4	--	4	5760	买盘
14:31:48	14.4	-0.02	2	2880	卖盘
14:31:39	14.42	--	1	1442	买盘
14:31:33	14.42	0.02	1	1442	买盘
14:31:30	14.4	0.01	4	5760	买盘
14:31:27	14.39	-0.05	29	41731	卖盘
14:31:15	14.44	0.04	29	41876	买盘
14:31:06	14.4	-0.04	20	28800	卖盘
14:31:03	14.44	0.04	7	10108	买盘
14:31:00	14.4	-0.04	8	11520	卖盘
14:30:51	14.44	0.04	6	8664	买盘
14:30:48	14.4	-0.04	7	10080	卖盘
14:30:39	14.44	--	11	15884	买盘
14:30:33	14.44	--	76	109744	买盘
14:30:30	14.44	-0.01	1	1444	中性盘
14:30:27	14.45	0.03	13	18785	买盘
14:30:24	14.42	--	11	15862	卖盘
14:30:18	14.42	-0.03	4	5768	卖盘
14:30:15	14.45	0.03	9	13005	买盘
14:30:09	14.42	-0.03	6	8652	卖盘
14:30:03	14.45	--	55	79475	买盘
14:30:00	14.45	--	1	1445	买盘
14:29:51	14.45	--	14	20230	买盘
14:29:42	14.45	--	2	2890	买盘
14:29:39	14.45	--	13	18785	买盘
14:29:36	14.45	--	15	21675	买盘
14:29:33	14.45	--	1	1445	买盘
14:29:30	14.45	--	118	170510	买盘
14:29:21	14.45	--	100	144500	买盘
14:29:15	14.45	--	292	422445	卖盘
14:29:06	14.45	-0.01	7	10115	卖盘
14:29:03	14.46	--	4	5784	买盘
14:29:00	14.46	--	1	1446	买盘
14:28:54	14.46	-0.01	36	52056	买盘
14:28:42	14.47	0.02	66	95502	买盘
14:28:36	14.45	-0.02	10	14450	卖盘
14:28:33	14.47	0.01	1	1447	买盘
14:28:30	14.46	0.01	1	1446	买盘
14:28:27	14.45	-0.01	5	7225	卖盘
14:28:18	14.46	0.01	22	31812	买盘
14:28:15	14.45	--	1	1445	卖盘
14:28:12	14.45	-0.01	3	4335	卖盘
14:28:06	14.46	0.01	19	27474	买盘
14:28:03	14.45	-0.01	47	68854	卖盘
14:28:00	14.46	--	18	26028	买盘
14:27:54	14.46	0.01	68	98328	买盘
14:27:48	14.45	--	4	5780	卖盘
14:27:45	14.45	--	12	17340	买盘
14:27:33	14.45	--	5	7225	买盘
14:27:30	14.45	--	1	1445	买盘
14:27:24	14.45	-0.02	1	1445	中性盘
14:27:21	14.47	0.02	29	41963	买盘
14:27:18	14.45	--	8	11560	买盘
14:27:15	14.45	-0.02	273	395742	卖盘
14:27:09	14.47	--	7	10129	买盘
14:27:03	14.47	0.02	1	1447	买盘
14:27:00	14.45	--	21	30345	卖盘
14:26:57	14.45	-0.02	80	115600	卖盘
14:26:48	14.47	-0.01	50	72350	卖盘
14:26:39	14.48	--	10	14480	买盘
14:26:36	14.48	-0.01	2	2896	卖盘
14:26:33	14.49	--	44	63756	买盘
14:26:30	14.49	0.01	1	1449	买盘
14:26:27	14.48	--	14	20272	卖盘
14:26:24	14.48	0.01	25	36200	买盘
14:26:21	14.47	-0.01	20	28940	卖盘
14:26:18	14.48	0.01	20	28960	买盘
14:26:15	14.47	-0.01	10	14470	卖盘
14:26:09	14.48	0.01	13	18824	买盘
14:26:03	14.47	-0.01	5	7235	中性盘
14:26:00	14.48	--	15	21720	买盘
14:25:57	14.48	0.01	73	105704	买盘
14:25:54	14.47	--	3	4341	买盘
14:25:45	14.47	--	36	52092	买盘
14:25:39	14.47	--	50	72350	买盘
14:25:36	14.47	0.01	5	7235	买盘
14:25:33	14.46	--	17	24582	买盘
14:25:30	14.46	--	9	13014	买盘
14:25:27	14.46	--	17	24582	买盘
14:25:24	14.46	--	88	127248	买盘
14:25:21	14.46	--	2	2892	买盘
14:25:18	14.46	0.01	40	57840	买盘
14:25:09	14.45	0.02	269	388892	买盘
14:25:03	14.43	--	1	1443	买盘
14:25:00	14.43	-0.01	438	633289	卖盘
14:24:51	14.44	--	8	11739	买盘
14:24:48	14.44	--	31	44764	买盘
14:24:45	14.44	--	5	7220	买盘
14:24:42	14.44	--	8	11552	买盘
14:24:36	14.44	--	21	30324	买盘
14:24:33	14.44	--	97	140068	买盘
14:24:30	14.44	--	1	1444	买盘
14:24:24	14.44	0.01	114	164616	买盘
14:24:21	14.43	--	4	5772	买盘
14:24:18	14.43	--	10	14430	买盘
14:24:15	14.43	--	10	14430	买盘
14:24:12	14.43	--	71	102453	买盘
14:24:03	14.43	--	4	5772	买盘
14:24:00	14.43	0.01	43	62049	买盘
14:23:57	14.42	0.01	46	66332	买盘
14:23:48	14.41	0.02	36	51876	买盘
14:23:45	14.39	--	38	54682	卖盘
14:23:39	14.39	-0.01	15	21585	卖盘
14:23:36	14.4	--	30	43200	买盘
14:23:33	14.4	--	6	8640	买盘
14:23:30	14.4	0.01	1	1440	买盘
14:23:27	14.39	-0.01	3	4317	卖盘
14:23:15	14.4	-0.01	51	73440	卖盘
14:23:06	14.41	--	23	33143	买盘
14:23:03	14.41	--	1	1441	买盘
14:23:00	14.41	0.01	21	30261	买盘
14:22:48	14.4	--	15	21600	卖盘
14:22:45	14.4	-0.01	3	4320	卖盘
14:22:36	14.41	--	8	11528	买盘
14:22:33	14.41	--	1	1441	买盘
14:22:30	14.41	0.01	1	1441	买盘
14:22:24	14.4	--	2	2880	卖盘
14:22:21	14.4	--	9	12960	卖盘
14:22:12	14.4	--	7	10080	卖盘
14:22:06	14.4	-0.01	10	14400	卖盘
14:22:03	14.41	--	1	1441	买盘
14:22:00	14.41	0.01	1	1441	买盘
14:21:48	14.4	-0.01	7	10080	卖盘
14:21:45	14.41	--	64	92224	买盘
14:21:39	14.41	--	12	17292	买盘
14:21:33	14.41	--	1	1441	买盘
14:21:30	14.41	--	1	1441	买盘
14:21:27	14.41	--	12	17292	买盘
14:21:18	14.41	--	15	21615	买盘
14:21:15	14.41	--	8	11528	买盘
14:21:12	14.41	--	20	28820	买盘
14:21:03	14.41	--	13	18733	买盘
14:21:00	14.41	--	1	1441	买盘
14:20:54	14.41	0.01	71	102311	买盘
14:20:42	14.4	--	31	44640	买盘
14:20:36	14.4	--	4	5760	买盘
14:20:33	14.4	--	1	1440	买盘
14:20:30	14.4	0.01	1	1440	买盘
14:20:18	14.39	-0.02	16	23024	卖盘
14:20:12	14.41	--	12	17292	买盘
14:20:06	14.41	0.01	4	5764	买盘
14:20:03	14.4	--	1	1440	买盘
14:20:00	14.4	--	1	1440	买盘
14:19:54	14.4	--	1	1440	卖盘
14:19:51	14.4	-0.01	6	8640	卖盘
14:19:48	14.41	0.01	2	2882	买盘
14:19:39	14.4	-0.01	23	33120	卖盘
14:19:33	14.41	--	1	1441	买盘
14:19:30	14.41	0.01	9	12969	买盘
14:19:27	14.4	--	10	14400	卖盘
14:19:21	14.4	-0.01	2	2880	买盘
14:19:12	14.41	0.01	82	118162	买盘
14:19:03	14.4	--	10	14400	买盘
14:19:00	14.4	0.01	21	30240	买盘
14:18:48	14.39	-0.01	1	1439	中性盘
14:18:33	14.4	--	27	38880	买盘
14:18:30	14.4	--	18	25920	买盘
14:18:21	14.4	--	8	11520	买盘
14:18:09	14.4	0.01	45	64800	买盘
14:18:06	14.39	--	8	11512	卖盘
14:18:03	14.39	-0.01	2	2878	卖盘
14:18:00	14.4	--	1	1440	买盘
14:17:51	14.4	--	51	73440	买盘
14:17:45	14.4	0.02	1	1440	买盘
14:17:39	14.38	-0.01	8	11504	卖盘
14:17:33	14.39	--	1	1439	买盘
14:17:30	14.39	0.01	19	27341	买盘
14:17:21	14.38	-0.01	10	14380	卖盘
14:17:18	14.39	--	2	2878	买盘
14:17:12	14.39	-0.01	6	8634	卖盘
14:17:03	14.4	--	1	1440	买盘
14:17:00	14.4	0.01	67	96480	买盘
14:16:57	14.39	-0.01	13	18707	卖盘
14:16:45	14.4	--	20	28800	买盘
14:16:42	14.4	0.01	22	31680	买盘
14:16:36	14.39	-0.01	4	5756	卖盘
14:16:33	14.4	--	1	1440	买盘
14:16:30	14.4	--	1	1440	买盘
14:16:18	14.4	0.01	1	1440	买盘
14:16:09	14.39	-0.01	1	1439	卖盘
14:16:03	14.4	--	1	1440	买盘
14:16:00	14.4	0.01	1	1440	买盘
14:15:54	14.39	--	6	8634	卖盘
14:15:45	14.39	-0.01	10	14390	卖盘
14:15:33	14.4	0.01	1	1440	买盘
14:15:30	14.39	--	46	66194	买盘
14:15:21	14.39	--	12	17268	买盘
14:15:12	14.39	--	8	11512	买盘
14:15:03	14.39	--	2	2878	买盘
14:15:00	14.39	0.01	1	1439	买盘
14:14:54	14.38	-0.01	2	2876	卖盘
14:14:48	14.39	--	5	7195	买盘
14:14:45	14.39	--	5	7195	买盘
14:14:33	14.39	--	1	1439	买盘
14:14:30	14.39	-0.01	1	1439	中性盘
14:14:03	14.4	--	1	1440	买盘
14:14:00	14.4	0.02	1	1440	买盘
14:13:39	14.38	-0.02	2	2876	卖盘
14:13:36	14.4	--	25	36000	买盘
14:13:33	14.4	--	11	15840	买盘
14:13:30	14.4	--	11	15840	买盘
14:13:27	14.4	--	79	113760	买盘
14:13:24	14.4	--	8	11520	买盘
14:13:09	14.4	0.01	57	82080	买盘
14:13:06	14.39	-0.01	7	10073	卖盘
14:13:03	14.4	--	4	5760	买盘
14:13:00	14.4	--	8	11520	买盘
14:12:51	14.4	--	12	17280	买盘
14:12:45	14.4	--	32	46080	买盘
14:12:33	14.4	--	21	30240	买盘
14:12:30	14.4	--	1	1440	买盘
14:12:18	14.4	0.01	9	12960	买盘
14:12:12	14.39	-0.01	27	38853	卖盘
14:12:09	14.4	--	5	7200	买盘
14:12:03	14.4	--	9	12960	买盘
14:12:00	14.4	0.02	1	1440	买盘
14:11:51	14.38	-0.01	69	99222	卖盘
14:11:48	14.39	--	5	7195	买盘
14:11:33	14.39	--	1	1439	买盘
14:11:30	14.39	--	3	4317	买盘
14:11:12	14.39	--	123	176997	买盘
14:11:03	14.39	--	1	1439	买盘
14:11:00	14.39	0.01	1	1439	买盘
14:10:57	14.38	-0.01	3	4314	卖盘
14:10:45	14.39	--	4	5756	买盘
14:10:36	14.39	--	1	1439	买盘
14:10:33	14.39	--	1	1439	买盘
14:10:12	14.39	0.01	17	24463	买盘
14:09:57	14.38	--	13	18694	卖盘
14:09:48	14.38	-0.01	11	15818	中性盘
14:09:42	14.39	--	13	18707	买盘
14:09:36	14.39	--	8	11512	买盘
14:09:33	14.39	--	1	1439	买盘
14:09:18	14.39	--	2	2878	买盘
14:09:06	14.39	--	2	2878	买盘
14:09:03	14.39	--	2	2878	买盘
14:09:00	14.39	--	7	10073	买盘
14:08:57	14.39	--	17	24463	买盘
14:08:48	14.39	0.01	6	8634	买盘
14:08:45	14.38	--	8	11504	买盘
14:08:42	14.38	--	1	1438	卖盘
14:08:39	14.38	--	4	5752	买盘
14:08:36	14.38	--	9	12942	买盘
14:08:24	14.38	--	2	2876	买盘
14:08:09	14.38	--	5	7190	买盘
14:08:06	14.38	--	5	7190	买盘
14:08:03	14.38	--	1	1438	买盘
14:08:00	14.38	0.01	7	10066	买盘
14:07:51	14.37	--	1	1437	买盘
14:07:48	14.37	0.01	1	1437	买盘
14:07:42	14.36	--	2	2872	买盘
14:07:39	14.36	-0.01	8	11488	卖盘
14:07:36	14.37	0.01	4	5748	买盘
14:07:33	14.36	--	5	7180	卖盘
14:07:30	14.36	-0.03	5	7180	卖盘
14:07:27	14.39	0.01	20	28780	买盘
14:07:24	14.38	--	11	15818	买盘
14:07:18	14.38	--	13	18694	买盘
14:07:12	14.38	--	40	57520	买盘
14:07:06	14.38	--	5	7190	买盘
14:07:00	14.38	0.01	189	271782	买盘
14:06:51	14.37	-0.01	8	11496	买盘
14:06:48	14.38	0.01	7	10066	买盘
14:06:45	14.37	--	6	8622	买盘
14:06:36	14.37	--	18	25866	买盘
14:06:24	14.37	0.01	70	100590	买盘
14:06:21	14.36	--	14	20104	买盘
14:06:12	14.36	0.03	28	40208	买盘
14:06:09	14.33	-0.03	30	42990	卖盘
14:06:06	14.36	0.01	5	7180	买盘
14:06:03	14.35	--	18	25830	买盘
14:06:00	14.35	--	24	34440	买盘
14:05:48	14.35	--	142	203770	买盘
14:05:39	14.35	0.02	44	63140	买盘
14:05:36	14.33	--	31	44423	买盘
14:05:24	14.33	--	101	144733	买盘
14:05:18	14.33	-0.01	526	753758	卖盘
14:05:12	14.34	0.01	39	55926	买盘
14:05:06	14.33	-0.01	15	21495	卖盘
14:05:03	14.34	--	40	57360	买盘
14:05:00	14.34	--	1	1434	买盘
14:04:54	14.34	--	3	4302	买盘
14:04:48	14.34	--	15	21510	买盘
14:04:42	14.34	--	8	11472	买盘
14:04:39	14.34	0.01	47	67398	买盘
14:04:30	14.33	-0.01	71	101743	卖盘
14:03:54	14.34	-0.01	5	7170	卖盘
14:03:48	14.35	-0.01	22	31570	中性盘
14:03:33	14.36	0.01	46	66056	买盘
14:02:54	14.35	0.01	3	4305	买盘
14:02:42	14.34	0.01	5	7170	买盘
14:02:39	14.33	--	30	42990	卖盘
14:02:30	14.33	--	8	11464	卖盘
14:02:24	14.33	--	2	2866	卖盘
14:02:12	14.33	-0.01	12	17196	卖盘
14:02:03	14.34	--	8	11472	买盘
14:01:51	14.34	--	7	10038	卖盘
14:01:15	14.34	-0.01	76	108984	卖盘
14:01:03	14.35	--	17	24395	买盘
14:01:00	14.35	--	8	11480	买盘
14:00:57	14.35	--	104	149240	卖盘
14:00:33	14.35	-0.01	30	43050	卖盘
14:00:15	14.36	--	1	1436	买盘
14:00:00	14.36	0.01	10	14360	买盘
13:59:54	14.35	--	7	10045	卖盘
13:59:09	14.35	--	50	71750	卖盘
13:59:03	14.35	--	26	37310	卖盘
13:58:36	14.35	-0.01	10	14350	卖盘
13:58:21	14.36	--	8	11488	买盘
13:58:15	14.36	-0.01	2	2872	卖盘
13:58:06	14.37	--	1	1437	买盘
13:57:54	14.37	0.01	3	4311	买盘
13:57:48	14.36	--	2	2872	买盘
13:57:42	14.36	--	7	10052	买盘
13:57:30	14.36	-0.01	43	61748	买盘
13:57:24	14.37	--	8	11496	卖盘
13:57:18	14.37	--	1	1437	买盘
13:57:06	14.37	--	1	1437	买盘
13:57:00	14.37	--	1	1437	买盘
13:56:54	14.37	--	11	15807	买盘
13:56:51	14.37	--	5	7185	买盘
13:56:45	14.37	--	2	2874	买盘
13:56:42	14.37	--	39	56043	买盘
13:56:30	14.37	--	68	97716	买盘
13:56:18	14.37	--	3	4311	买盘
13:56:09	14.37	--	21	30177	买盘
13:56:06	14.37	0.02	6	8622	买盘
13:56:03	14.35	-0.02	82	117670	卖盘
13:55:54	14.37	--	45	64665	买盘
13:55:42	14.37	--	14	20118	买盘
13:55:30	14.37	0.02	10	14370	买盘
13:55:27	14.35	-0.02	40	57400	卖盘
13:55:18	14.37	0.01	35	50295	买盘
13:55:09	14.36	--	56	80416	买盘
13:55:06	14.36	--	12	17232	买盘
13:54:57	14.36	--	40	57440	买盘
13:54:51	14.36	--	30	43080	买盘
13:54:48	14.36	-0.01	15	21540	卖盘
13:54:45	14.37	0.01	68	97716	买盘
13:54:33	14.36	--	9	12924	卖盘
13:54:27	14.36	--	6	8616	买盘
13:53:57	14.36	--	1	1436	买盘
13:53:54	14.36	-0.01	8	11488	中性盘
13:53:15	14.37	-0.01	3	4311	卖盘
13:53:12	14.38	0.01	10	14380	买盘
13:53:06	14.37	--	10	14370	卖盘
13:53:03	14.37	--	1	1437	卖盘
13:52:36	14.37	--	10	14370	买盘
13:52:18	14.37	0.02	1	1437	中性盘
13:52:03	14.35	--	1	1435	卖盘
13:51:42	14.35	-0.03	20	28700	卖盘
13:51:27	14.38	--	12	17256	买盘
13:51:24	14.38	--	38	54644	买盘
13:50:00	14.38	--	2	2876	买盘
13:49:54	14.38	--	15	21570	买盘
13:49:36	14.38	--	24	34512	买盘
13:49:18	14.38	0.06	57	81966	买盘
13:49:15	14.32	-0.06	2	2864	卖盘
13:49:12	14.38	0.05	2	2876	买盘
13:49:09	14.33	-0.05	7	10031	卖盘
13:49:06	14.38	0.06	59	84842	买盘
13:48:45	14.32	-0.05	2	2864	卖盘
13:48:33	14.37	0.04	57	81909	买盘
13:48:24	14.33	--	7	10031	卖盘
13:48:06	14.33	--	2	2866	卖盘
13:48:03	14.33	-0.03	50	71650	卖盘
13:47:57	14.36	0.01	23	33028	买盘
13:47:42	14.35	-0.01	2	2870	卖盘
13:47:39	14.36	--	30	43080	买盘
13:47:33	14.36	--	45	64620	买盘
13:47:18	14.36	0.01	44	63184	买盘
13:47:15	14.35	--	5	7175	卖盘
13:47:06	14.35	--	5	7175	卖盘
13:47:00	14.35	--	22	31570	中性盘
13:46:51	14.35	-0.01	10	14350	中性盘
13:46:33	14.36	--	1	1436	买盘
13:46:00	14.36	--	29	41644	买盘
13:45:39	14.36	--	57	81852	买盘
13:45:30	14.36	-0.01	5	7180	中性盘
13:45:15	14.37	--	2	2874	买盘
13:45:09	14.37	-0.01	21	30177	买盘
13:45:06	14.38	--	29	41702	买盘
13:45:00	14.38	--	57	81966	买盘
13:44:36	14.38	0.06	10	14380	买盘
13:44:21	14.32	--	51	73032	买盘
13:44:12	14.32	0.01	10	14320	买盘
13:44:09	14.31	-0.01	7	10017	卖盘
13:44:06	14.32	-0.05	139	199048	卖盘
13:44:03	14.37	0.01	61	87657	买盘
13:44:00	14.36	--	23	33028	买盘
13:43:54	14.36	--	6	8616	中性盘
13:43:42	14.36	--	1	1436	买盘
13:43:36	14.36	--	2	2872	买盘
13:43:30	14.36	--	6	8616	买盘
13:43:21	14.36	--	19	27284	买盘
13:43:18	14.36	--	6	8616	买盘
13:43:15	14.36	-0.01	22	31592	卖盘
13:43:12	14.37	--	26	37362	买盘
13:43:06	14.37	0.01	115	165255	买盘
13:42:57	14.36	--	5	7180	买盘
13:42:48	14.36	--	7	10052	买盘
13:42:42	14.36	--	1	1436	买盘
13:42:39	14.36	0.01	2	2872	买盘
13:42:33	14.35	--	3	4305	买盘
13:42:27	14.35	--	5	7175	买盘
13:42:24	14.35	--	16	22960	买盘
13:42:15	14.35	-0.01	1	1435	中性盘
13:42:09	14.36	--	2	2872	买盘
13:42:00	14.36	0.01	6	8616	买盘
13:41:54	14.35	-0.01	2	2870	卖盘
13:41:51	14.36	0.01	32	45952	买盘
13:41:48	14.35	--	4	5740	买盘
13:41:45	14.35	--	11	15785	买盘
13:41:36	14.35	--	9	12915	买盘
13:41:27	14.35	--	61	87535	买盘
13:41:21	14.35	-0.01	51	73185	卖盘
13:41:18	14.36	0.01	2	2872	买盘
13:41:12	14.35	-0.01	10	14350	买盘
13:41:06	14.36	0.01	47	67492	买盘
13:41:03	14.35	-0.01	10	14350	卖盘
13:40:57	14.36	0.01	33	47388	买盘
13:40:48	14.35	--	1	1435	买盘
13:40:42	14.35	-0.01	1	1435	中性盘
13:40:33	14.36	0.01	33	47388	买盘
13:40:24	14.35	--	38	54530	买盘
13:40:18	14.35	--	58	83230	买盘
13:40:12	14.35	-0.01	8	11480	卖盘
13:40:09	14.36	0.01	137	196732	买盘
13:40:00	14.35	--	12	17220	买盘
13:39:54	14.35	--	42	60270	买盘
13:39:45	14.35	--	37	53095	买盘
13:39:39	14.35	--	20	28700	买盘
13:39:30	14.35	--	81	116235	买盘
13:39:21	14.35	--	221	317135	买盘
13:39:15	14.35	0.01	34	48790	买盘
13:39:12	14.34	--	7	10038	买盘
13:39:06	14.34	--	17	24378	买盘
13:38:57	14.34	0.02	7	10038	买盘
13:38:54	14.32	-0.02	6	8592	卖盘
13:38:48	14.34	--	17	24378	买盘
13:38:42	14.34	--	31	44454	买盘
13:38:36	14.34	0.04	2	2868	买盘
13:38:33	14.3	-0.02	9	12870	卖盘
13:38:27	14.32	0.01	10	14320	买盘
13:38:21	14.31	0.01	1	1431	中性盘
13:38:18	14.3	-0.02	39	55770	卖盘
13:38:12	14.32	0.01	27	38664	买盘
13:38:03	14.31	0.01	3	4293	买盘
13:37:57	14.3	-0.01	40	57200	卖盘
13:37:54	14.31	0.01	7	10017	买盘
13:37:51	14.3	--	4	5720	买盘
13:37:42	14.3	--	4	5720	买盘
13:37:39	14.3	--	1	1430	买盘
13:37:24	14.3	-0.01	41	58630	卖盘
13:37:21	14.31	0.01	5	7155	买盘
13:37:06	14.3	--	11	15730	买盘
13:36:39	14.3	--	10	14300	买盘
13:36:21	14.3	--	25	35750	买盘
13:36:18	14.3	0.01	2	2860	买盘
13:36:12	14.29	--	4	5716	卖盘
13:36:06	14.29	--	2	2858	卖盘
13:36:03	14.29	0.01	2	2858	中性盘
13:35:54	14.28	--	10	14280	卖盘
13:35:33	14.28	-0.01	37	52836	卖盘
13:35:30	14.29	--	17	24293	卖盘
13:35:24	14.29	--	27	38583	卖盘
13:35:18	14.29	--	10	14290	卖盘
13:35:06	14.29	-0.01	2	2858	卖盘
13:34:54	14.3	0.01	10	14300	买盘
13:34:36	14.29	-0.01	2	2858	卖盘
13:34:33	14.3	--	9	12870	卖盘
13:34:27	14.3	-0.01	30	42900	卖盘
13:34:21	14.31	--	2	2862	买盘
13:34:09	14.31	0.01	16	22896	买盘
13:34:06	14.3	-0.01	1	1430	卖盘
13:34:03	14.31	--	7	10017	买盘
13:33:57	14.31	--	21	30051	卖盘
13:33:54	14.31	--	74	105894	卖盘
13:33:51	14.31	--	2	2862	卖盘
13:33:36	14.31	--	20	28620	卖盘
13:33:24	14.31	--	5	7155	卖盘
13:33:21	14.31	-0.01	2	2862	卖盘
13:33:09	14.32	--	2	2864	买盘
13:33:06	14.32	--	1	1432	买盘
13:32:54	14.32	0.01	16	22912	买盘
13:32:51	14.31	-0.01	22	31482	卖盘
13:32:48	14.32	0.01	10	14320	买盘
13:32:33	14.31	--	5	7155	卖盘
13:32:24	14.31	-0.01	2	2862	卖盘
13:32:21	14.32	--	70	100240	买盘
13:32:00	14.32	0.01	3	4296	买盘
13:31:48	14.31	-0.01	2	2862	卖盘
13:31:39	14.32	-0.02	2	2864	卖盘
13:31:30	14.34	--	7	10038	买盘
13:31:21	14.34	--	1	1434	买盘
13:31:12	14.34	--	6	8604	买盘
13:30:48	14.34	--	16	22944	买盘
13:30:45	14.34	--	60	86040	买盘
13:30:30	14.34	-0.01	17	24378	卖盘
13:30:27	14.35	0.01	6	8610	买盘
13:30:12	14.34	--	3	4302	买盘
13:30:09	14.34	--	3	4302	买盘
13:30:06	14.34	--	4	5736	买盘
13:29:51	14.34	--	6	8604	买盘
13:29:45	14.34	--	9	12906	买盘
13:29:42	14.34	-0.01	5	7170	中性盘
13:29:27	14.35	0.04	47	67445	买盘
13:29:12	14.31	-0.01	11	15741	卖盘
13:29:03	14.32	0.01	3	4296	买盘
13:28:54	14.31	-0.01	42	60102	卖盘
13:28:51	14.32	0.01	4	5728	买盘
13:28:39	14.31	--	30	42930	卖盘
13:27:57	14.31	--	10	14310	卖盘
13:27:27	14.31	--	2	2862	卖盘
13:27:09	14.31	-0.03	15	21465	卖盘
13:26:57	14.34	0.01	18	25812	买盘
13:26:42	14.33	0.02	6	8598	买盘
13:26:36	14.31	-0.01	12	17172	卖盘
13:26:30	14.32	-0.01	7	10024	卖盘
13:26:21	14.33	-0.01	15	21495	卖盘
13:26:06	14.34	-0.01	37	53058	中性盘
13:25:33	14.35	0.01	12	17220	买盘
13:25:30	14.34	--	50	71700	卖盘
13:25:27	14.34	-0.01	100	143400	卖盘
13:25:09	14.35	--	10	14350	卖盘
13:25:03	14.35	--	7	10045	卖盘
13:24:54	14.35	--	5	7175	卖盘
13:24:42	14.35	--	3	4305	买盘
13:24:30	14.35	--	45	64575	卖盘
13:24:24	14.35	--	5	7175	卖盘
13:24:12	14.35	--	13	18655	买盘
13:24:06	14.35	--	16	22960	买盘
13:24:03	14.35	--	4	5740	买盘
13:23:42	14.35	0.01	1	1435	买盘
13:23:36	14.34	-0.02	21	30114	卖盘
13:23:18	14.36	0.01	3	4308	买盘
13:23:06	14.35	0.02	18	25830	买盘
13:22:48	14.33	-0.03	11	15763	卖盘
13:22:18	14.36	0.02	4	5744	买盘
13:22:06	14.34	--	4	5736	买盘
13:22:00	14.34	-0.01	1	1434	中性盘
13:21:42	14.35	--	10	14350	卖盘
13:21:33	14.35	--	8	11480	买盘
13:21:30	14.35	0.02	2	2870	买盘
13:21:18	14.33	0.02	80	114640	买盘
13:21:03	14.31	--	4	5724	卖盘
13:20:42	14.31	-0.01	24	34344	卖盘
13:20:21	14.32	--	92	131744	买盘
13:20:18	14.32	0.02	3	4296	买盘
13:20:15	14.3	--	7	10010	卖盘
13:20:06	14.3	0.01	17	24310	买盘
13:19:54	14.29	-0.01	10	14290	卖盘
13:19:48	14.3	0.01	3	4290	买盘
13:19:36	14.29	--	15	21435	买盘
13:19:30	14.29	--	2	2858	买盘
13:19:18	14.29	0.01	3	4287	买盘
13:19:09	14.28	0.01	5	7140	中性盘
13:19:06	14.27	-0.01	13	18551	卖盘
13:19:03	14.28	--	18	25704	买盘
13:18:57	14.28	--	4	5712	买盘
13:18:45	14.28	-0.02	63	89964	卖盘
13:17:57	14.3	--	31	44330	买盘
13:17:54	14.3	-0.02	449	642070	卖盘
13:17:42	14.32	--	17	24344	买盘
13:17:15	14.32	--	40	57280	卖盘
13:17:12	14.32	-0.01	5	7160	卖盘
13:16:54	14.33	0.01	1	1433	买盘
13:16:51	14.32	--	54	77328	买盘
13:16:36	14.32	--	10	14320	买盘
13:16:33	14.32	-0.01	140	200480	卖盘
13:16:24	14.33	--	116	166228	卖盘
13:16:21	14.33	--	6	8598	卖盘
13:16:06	14.33	-0.02	14	20062	卖盘
13:16:00	14.35	--	3	4305	买盘
13:15:42	14.35	-0.01	6	8610	中性盘
13:15:30	14.36	0.03	3	4308	买盘
13:15:24	14.33	-0.03	68	97444	卖盘
13:15:12	14.36	0.01	48	68928	买盘
13:14:57	14.35	--	10	14350	卖盘
13:14:39	14.35	-0.01	17	24395	卖盘
13:14:06	14.36	--	5	7180	买盘
13:14:00	14.36	--	35	50260	买盘
13:13:48	14.36	-0.01	100	143600	卖盘
13:13:45	14.37	--	13	18681	买盘
13:13:24	14.37	--	4	5748	买盘
13:13:00	14.37	--	10	14370	买盘
13:12:57	14.37	--	3	4311	买盘
13:12:48	14.37	--	5	7185	卖盘
13:12:39	14.37	-0.01	4	5748	卖盘
13:12:33	14.38	--	1	1438	买盘
13:12:27	14.38	--	16	23008	买盘
13:12:18	14.38	--	7	10066	买盘
13:12:12	14.38	--	6	8628	买盘
13:12:00	14.38	--	1	1438	卖盘
13:11:57	14.38	--	3	4314	买盘
13:11:51	14.38	0.02	37	53206	买盘
13:11:39	14.36	--	16	22976	买盘
13:11:27	14.36	0.02	50	71800	买盘
13:11:18	14.34	-0.01	20	28680	卖盘
13:11:12	14.35	0.01	36	51660	买盘
13:11:06	14.34	--	22	31548	买盘
13:11:03	14.34	--	2	2868	买盘
13:10:45	14.34	0.01	5	7170	买盘
13:10:30	14.33	-0.01	19	27227	卖盘
13:10:21	14.34	0.01	6	8604	买盘
13:10:18	14.33	-0.01	3	4299	卖盘
13:10:12	14.34	--	5	7170	买盘
13:09:57	14.34	--	5	7170	买盘
13:09:51	14.34	--	10	14340	买盘
13:09:45	14.34	--	5	7170	买盘
13:09:30	14.34	--	7	10038	买盘
13:09:21	14.34	--	11	15774	买盘
13:09:09	14.34	--	13	18642	买盘
13:08:57	14.34	--	3	4302	买盘
13:08:51	14.34	-0.01	6	8604	中性盘
13:08:24	14.35	--	13	18655	买盘
13:08:00	14.35	--	10	14350	买盘
13:07:54	14.35	0.02	6	8610	买盘
13:07:51	14.33	-0.01	22	31526	卖盘
13:07:21	14.34	0.01	18	25812	买盘
13:06:57	14.33	--	2	2866	卖盘
13:06:42	14.33	0.01	8	11464	买盘
13:06:33	14.32	-0.01	5	7160	卖盘
13:06:30	14.33	--	4	5732	买盘
13:06:21	14.33	-0.01	3	4299	卖盘
13:06:06	14.34	--	6	8604	买盘
13:05:54	14.34	--	15	21510	买盘
13:05:48	14.34	--	1	1434	中性盘
13:05:30	14.34	--	31	44454	卖盘
13:05:06	14.34	0.01	30	43020	买盘
13:04:36	14.33	-0.01	5	7165	卖盘
13:04:27	14.34	--	1	1434	买盘
13:04:21	14.34	0.01	5	7170	买盘
13:03:57	14.33	--	1	1433	买盘
13:03:48	14.33	--	10	14330	买盘
13:03:39	14.33	--	5	7165	买盘
13:03:27	14.33	-0.01	24	34392	卖盘
13:03:12	14.34	--	7	10038	买盘
13:03:00	14.34	--	3	4302	卖盘
13:02:54	14.34	--	7	10038	买盘
13:02:42	14.34	--	4	5736	买盘
13:02:27	14.34	--	1	1434	买盘
13:02:12	14.34	--	4	5736	买盘
13:01:51	14.34	--	20	28680	买盘
13:01:39	14.34	-0.01	4	5736	卖盘
13:01:36	14.35	0.01	2	2870	买盘
13:00:57	14.34	--	15	21510	买盘
13:00:09	14.34	0.02	15	21510	买盘
13:00:06	14.32	--	24	34368	卖盘
13:00:03	14.32	0.01	37	52984	买盘
13:00:00	14.31	--	0	0	卖盘
11:30:00	14.31	-0.01	1	1431	卖盘
11:29:42	14.32	-0.01	17	24344	卖盘
11:29:39	14.33	--	1	1433	买盘
11:29:33	14.33	-0.02	2	2866	卖盘
11:29:03	14.35	0.01	20	28700	买盘
11:28:57	14.34	--	2	2868	卖盘
11:28:54	14.34	0.01	4	5736	卖盘
11:28:18	14.33	--	2	2866	买盘
11:28:12	14.33	-0.02	25	35825	卖盘
11:27:33	14.35	0.02	10	14350	买盘
11:27:24	14.33	-0.01	2	2866	中性盘
11:26:42	14.34	0.01	10	14340	卖盘
11:26:30	14.33	-0.01	10	14330	买盘
11:26:24	14.34	--	2	2868	卖盘
11:26:18	14.34	--	18	25812	买盘
11:25:57	14.34	--	2	2868	卖盘
11:25:30	14.34	-0.01	11	15774	卖盘
11:25:21	14.35	--	5	7175	买盘
11:25:15	14.35	0.01	10	14350	买盘
11:25:12	14.34	--	2	2868	卖盘
11:24:06	14.34	0.03	14	20076	买盘
11:23:57	14.31	-0.03	4	5724	卖盘
11:23:42	14.34	0.03	4	5736	买盘
11:23:36	14.31	0.01	20	28620	买盘
11:23:30	14.3	--	12	17160	卖盘
11:23:27	14.3	-0.01	25	35750	卖盘
11:23:00	14.31	--	4	5724	买盘
11:22:57	14.31	--	20	28620	买盘
11:22:54	14.31	-0.02	50	71550	卖盘
11:22:48	14.33	--	7	10031	买盘
11:22:36	14.33	-0.01	68	97444	卖盘
11:22:24	14.34	--	56	80304	买盘
11:22:21	14.34	--	6	8604	买盘
11:22:15	14.34	0.01	6	8604	买盘
11:21:42	14.33	--	3	4299	卖盘
11:21:12	14.33	-0.01	20	28660	卖盘
11:21:09	14.34	0.01	21	30114	买盘
11:20:42	14.33	--	20	28660	卖盘
11:20:39	14.33	0.03	4	5732	中性盘
11:19:48	14.3	-0.04	134	191620	卖盘
11:19:42	14.34	-0.01	16	22944	卖盘
11:19:09	14.35	--	4	5740	卖盘
11:18:54	14.35	-0.01	3	4305	卖盘
11:18:06	14.36	-0.01	276	396336	卖盘
11:17:57	14.37	--	5	7185	买盘
11:17:12	14.37	-0.02	95	136515	卖盘
11:16:33	14.39	--	15	21585	卖盘
11:16:30	14.39	--	17	24463	买盘
11:16:00	14.39	--	3	4317	卖盘
11:15:57	14.39	--	5	7195	卖盘
11:15:54	14.39	--	8	11512	卖盘
11:15:48	14.39	0.02	2	2878	买盘
11:15:30	14.37	-0.03	10	14370	卖盘
11:14:54	14.4	0.03	27	38880	买盘
11:14:51	14.37	-0.03	10	14370	卖盘
11:14:00	14.4	-0.01	12	17280	卖盘
11:13:57	14.41	0.01	10	14410	买盘
11:13:54	14.4	--	3	4320	卖盘
11:13:51	14.4	--	10	14400	卖盘
11:13:42	14.4	--	2	2880	卖盘
11:13:18	14.4	--	3	4320	买盘
11:13:06	14.4	--	2	2880	卖盘
11:12:57	14.4	--	5	7200	卖盘
11:12:51	14.4	--	40	57600	卖盘
11:12:42	14.4	--	1	1440	买盘
11:12:39	14.4	--	23	33120	买盘
11:12:24	14.4	--	45	64800	卖盘
11:12:21	14.4	--	5	7200	卖盘
11:12:12	14.4	-0.01	1	1440	卖盘
11:12:06	14.41	0.01	20	28820	买盘
11:12:00	14.4	-0.01	8	11520	卖盘
11:11:42	14.41	0.01	45	64845	买盘
11:11:36	14.4	-0.01	2	2880	卖盘
11:11:30	14.41	0.01	9	12969	买盘
11:11:27	14.4	--	25	36000	卖盘
11:11:18	14.4	-0.01	3	4320	卖盘
11:11:12	14.41	0.01	3	4323	买盘
11:11:06	14.4	--	6	8640	卖盘
11:10:57	14.4	--	2	2880	卖盘
11:10:42	14.4	--	6	8640	卖盘
11:10:39	14.4	--	22	31680	买盘
11:10:33	14.4	0.02	10	14400	买盘
11:10:27	14.38	-0.02	2	2876	卖盘
11:10:24	14.4	--	4	5760	买盘
11:10:12	14.4	--	4	5760	买盘
11:10:06	14.4	--	20	28800	买盘
11:10:00	14.4	-0.01	20	28800	中性盘
11:09:45	14.41	0.01	1	1441	买盘
11:09:27	14.4	--	10	14400	卖盘
11:09:24	14.4	0.04	398	573120	买盘
11:09:18	14.36	-0.01	76	109136	卖盘
11:09:06	14.37	0.01	13	18681	买盘
11:08:42	14.36	--	11	15796	卖盘
11:08:30	14.36	--	6	8616	卖盘
11:08:27	14.36	--	8	11488	卖盘
11:08:24	14.36	--	1	1436	卖盘
11:08:18	14.36	--	20	28720	卖盘
11:08:06	14.36	-0.02	8	11488	卖盘
11:07:54	14.38	0.02	18	25884	买盘
11:07:51	14.36	-0.02	14	20104	卖盘
11:07:27	14.38	0.02	18	25884	买盘
11:07:24	14.36	--	10	14360	卖盘
11:07:06	14.36	-0.02	20	28720	卖盘
11:07:03	14.38	0.02	31	44578	买盘
11:07:00	14.36	0.02	185	265660	买盘
11:06:54	14.34	--	33	47322	卖盘
11:06:45	14.34	-0.02	9	12906	中性盘
11:06:18	14.36	--	1	1436	买盘
11:05:54	14.36	0.02	31	44516	买盘
11:05:51	14.34	--	15	21510	买盘
11:05:45	14.34	--	38	54492	卖盘
11:05:42	14.34	--	7	10038	卖盘
11:05:21	14.34	--	15	21510	卖盘
11:04:57	14.34	-0.02	3	4302	卖盘
11:04:51	14.36	0.02	5	7180	买盘
11:04:48	14.34	--	7	10038	卖盘
11:04:36	14.34	-0.02	12	17208	卖盘
11:04:33	14.36	0.02	5	7180	买盘
11:04:24	14.34	--	20	28680	卖盘
11:04:21	14.34	--	53	76002	卖盘
11:04:18	14.34	-0.01	5	7170	卖盘
11:03:54	14.35	-0.01	16	22960	卖盘
11:03:45	14.36	--	8	11488	卖盘
11:03:36	14.36	--	14	20104	卖盘
11:03:30	14.36	--	92	132112	卖盘
11:03:27	14.36	--	3	4308	卖盘
11:03:24	14.36	--	2	2872	卖盘
11:03:21	14.36	--	7	10052	卖盘
11:03:18	14.36	--	8	11488	卖盘
11:03:15	14.36	--	10	14360	卖盘
11:03:12	14.36	--	10	14360	卖盘
11:03:09	14.36	-0.01	34	48824	卖盘
11:02:48	14.37	0.01	23	33051	买盘
11:02:42	14.36	--	40	57440	卖盘
11:02:30	14.36	--	2	2872	卖盘
11:02:12	14.36	--	10	14360	中性盘
11:01:21	14.36	-0.01	3	4308	卖盘
11:01:03	14.37	0.02	1	1437	买盘
11:00:48	14.35	-0.01	20	28700	卖盘
11:00:06	14.36	--	31	44516	买盘
10:59:45	14.36	-0.01	4	5744	卖盘
10:59:42	14.37	0.01	1	1437	买盘
10:59:09	14.36	--	26	37336	卖盘
10:59:03	14.36	--	5	7180	卖盘
10:58:51	14.36	--	15	21540	卖盘
10:58:45	14.36	-0.01	6	8616	卖盘
10:58:27	14.37	-0.01	3	4311	卖盘
10:58:06	14.38	--	17	24446	买盘
10:57:36	14.38	--	101	145238	买盘
10:57:33	14.38	0.01	26	37388	买盘
10:57:30	14.37	-0.01	20	28740	卖盘
10:57:27	14.38	--	5	7190	卖盘
10:57:15	14.38	--	48	69024	买盘
10:57:12	14.38	--	12	17256	卖盘
10:57:09	14.38	-0.01	4	5752	中性盘
10:57:00	14.39	0.01	23	33097	买盘
10:56:51	14.38	--	5	7190	买盘
10:56:42	14.38	-0.01	16	23008	卖盘
10:56:39	14.39	--	3	4317	买盘
10:56:33	14.39	--	1	1439	买盘
10:56:30	14.39	-0.01	2	2878	卖盘
10:56:21	14.4	0.01	3	4320	买盘
10:56:18	14.39	-0.01	10	14390	卖盘
10:56:12	14.4	0.01	10	14400	买盘
10:55:57	14.39	--	70	100730	买盘
10:55:39	14.39	--	25	35975	买盘
10:55:33	14.39	0.01	100	143900	买盘
10:55:30	14.38	-0.01	5	7190	卖盘
10:55:27	14.39	--	34	48926	买盘
10:55:15	14.39	0.01	10	14390	买盘
10:54:54	14.38	--	26	37388	买盘
10:54:48	14.38	--	15	21570	买盘
10:54:39	14.38	--	65	93470	买盘
10:54:36	14.38	0.01	25	35950	买盘
10:54:21	14.37	--	73	104901	买盘
10:54:09	14.37	--	10	14370	买盘
10:54:06	14.37	--	17	24429	买盘
10:53:57	14.37	0.01	16	22992	买盘
10:53:36	14.36	--	19	27284	买盘
10:53:30	14.36	--	19	27284	买盘
10:53:12	14.36	--	2	2872	买盘
10:53:09	14.36	--	2	2872	买盘
10:53:06	14.36	--	10	14360	买盘
10:53:03	14.36	0.01	40	57440	买盘
10:52:54	14.35	--	1	2339	买盘
10:52:51	14.35	--	66	94710	买盘
10:52:48	14.35	--	13	18655	买盘
10:52:42	14.35	--	20	28700	买盘
10:52:39	14.35	--	20	28700	买盘
10:52:36	14.35	--	8	11480	买盘
10:52:12	14.35	--	45	64575	买盘
10:52:03	14.35	0.01	5	7175	买盘
10:52:00	14.34	--	8	11472	买盘
10:51:54	14.34	--	15	21510	买盘
10:51:51	14.34	0.01	79	113286	买盘
10:51:27	14.33	-0.01	10	14330	中性盘
10:51:03	14.34	0.01	34	48756	买盘
10:50:30	14.33	0.02	2	2866	中性盘
10:49:48	14.31	-0.02	10	14310	卖盘
10:49:45	14.33	--	3	4299	卖盘
10:49:39	14.33	--	6	8598	卖盘
10:49:30	14.33	-0.01	4	5732	卖盘
10:49:21	14.34	0.04	24	34416	买盘
10:49:15	14.3	-0.04	5	7150	卖盘
10:49:12	14.34	0.01	16	22944	买盘
10:48:57	14.33	0.01	21	30093	卖盘
10:48:51	14.32	-0.01	57	81624	卖盘
10:48:48	14.33	--	17	24361	买盘
10:48:12	14.33	--	4	5732	买盘
10:47:57	14.33	--	3	4299	买盘
10:47:42	14.33	--	5	7165	买盘
10:47:21	14.33	0.03	5	7165	中性盘
10:47:15	14.3	-0.03	13	18590	卖盘
10:47:09	14.33	--	7	10031	中性盘
10:46:54	14.33	--	14	20062	卖盘
10:46:48	14.33	--	5	7165	卖盘
10:46:42	14.33	--	10	14330	卖盘
10:46:39	14.33	--	28	40124	中性盘
10:46:15	14.33	-0.01	10	14330	买盘
10:46:09	14.34	--	48	68832	买盘
10:45:36	14.34	0.01	48	68832	买盘
10:45:33	14.33	--	31	44423	卖盘
10:45:30	14.33	--	23	32959	卖盘
10:45:27	14.33	-0.01	13	18629	卖盘
10:45:24	14.34	0.01	5	7170	买盘
10:45:18	14.33	--	5	7165	卖盘
10:45:15	14.33	--	5	7165	卖盘
10:45:12	14.33	--	1	1433	卖盘
10:45:00	14.33	--	10	14330	卖盘
10:44:42	14.33	--	15	21495	卖盘
10:44:33	14.33	0.01	74	106042	买盘
10:44:30	14.32	-0.01	26	37232	卖盘
10:44:24	14.33	0.01	3	4299	买盘
10:43:54	14.32	--	31	44392	买盘
10:43:42	14.32	0.01	2	2864	买盘
10:43:27	14.31	-0.01	1	1431	卖盘
10:43:24	14.32	--	21	30072	买盘
10:43:09	14.32	--	10	14320	买盘
10:42:39	14.32	--	14	20048	买盘
10:42:36	14.32	--	58	83056	买盘
10:42:30	14.32	--	35	50120	买盘
10:42:12	14.32	--	8	11456	买盘
10:42:09	14.32	--	9	12888	买盘
10:41:57	14.32	0.01	1	1432	买盘
10:41:51	14.31	-0.01	2	2862	卖盘
10:41:45	14.32	0.01	33	47256	买盘
10:41:36	14.31	--	2	2862	卖盘
10:41:33	14.31	--	10	14310	卖盘
10:41:27	14.31	--	48	69145	买盘
10:41:21	14.31	0.01	5	7155	买盘
10:41:15	14.3	-0.01	58	84269	卖盘
10:41:03	14.31	0.01	7	10017	买盘
10:40:57	14.3	--	5	7150	卖盘
10:40:51	14.3	--	254	363320	买盘
10:40:48	14.3	--	19	27170	买盘
10:40:27	14.3	0.02	24	34320	买盘
10:40:18	14.28	-0.02	144	205632	中性盘
10:40:03	14.3	0.01	100	143000	买盘
10:40:00	14.29	--	1	1429	买盘
10:39:57	14.29	-0.01	15	21435	卖盘
10:39:51	14.3	0.01	7	10010	买盘
10:39:18	14.29	--	2	2858	卖盘
10:39:03	14.29	--	2	2858	卖盘
10:38:54	14.29	-0.01	10	14290	中性盘
10:38:48	14.3	0.01	20	28600	买盘
10:38:45	14.29	--	5	7145	卖盘
10:38:36	14.29	--	15	21435	买盘
10:38:33	14.29	--	15	21435	卖盘
10:38:27	14.29	-0.01	5	7145	中性盘
10:38:12	14.3	--	4	5720	买盘
10:37:57	14.3	0.02	8	11440	买盘
10:37:54	14.28	-0.02	10	14280	卖盘
10:37:51	14.3	0.02	70	100100	买盘
10:37:45	14.28	--	6	8568	卖盘
10:37:42	14.28	--	44	62832	卖盘
10:37:39	14.28	0.01	10	14280	买盘
10:37:24	14.27	--	12	17124	买盘
10:37:21	14.27	--	24	34248	买盘
10:37:00	14.27	--	5	7135	买盘
10:36:57	14.27	--	3	4281	买盘
10:36:54	14.27	0.01	9	12843	买盘
10:36:48	14.26	--	3	4278	卖盘
10:36:30	14.26	-0.01	4	5704	卖盘
10:36:27	14.27	0.01	14	19978	买盘
10:36:21	14.26	--	4	5704	卖盘
10:36:06	14.26	-0.01	3	4278	卖盘
10:36:00	14.27	0.01	4	5708	买盘
10:35:54	14.26	-0.01	18	25668	卖盘
10:35:36	14.27	--	10	14270	买盘
10:35:30	14.27	--	10	14270	买盘
10:35:27	14.27	--	11	15697	卖盘
10:35:21	14.27	-0.01	200	285400	卖盘
10:35:12	14.28	--	5	7140	买盘
10:35:06	14.28	--	3	4284	买盘
10:34:48	14.28	-0.01	3	4284	卖盘
10:34:45	14.29	--	34	48586	买盘
10:34:33	14.29	--	4	5716	买盘
10:34:27	14.29	0.01	20	28580	买盘
10:34:24	14.28	--	10	14280	卖盘
10:34:21	14.28	0.01	57	81396	中性盘
10:34:12	14.27	--	40	57080	卖盘
10:34:09	14.27	--	30	42810	卖盘
10:34:03	14.27	--	2	2854	卖盘
10:33:57	14.27	--	8	11416	卖盘
10:33:51	14.27	--	1	1427	卖盘
10:33:21	14.27	--	2	2854	卖盘
10:33:15	14.27	--	3	4281	卖盘
10:33:00	14.27	-0.01	5	7135	卖盘
10:32:57	14.28	--	62	88536	卖盘
10:32:42	14.28	-0.02	13	18564	中性盘
10:32:03	14.3	0.02	7	10010	买盘
10:32:00	14.28	--	13	18564	卖盘
10:31:48	14.28	-0.02	10	14280	卖盘
10:31:21	14.3	--	35	50050	买盘
10:30:57	14.3	0.01	14	20020	买盘
10:30:51	14.29	-0.01	4	5716	卖盘
10:30:48	14.3	0.01	3	4290	买盘
10:30:03	14.29	-0.01	1	1429	卖盘
10:29:48	14.3	--	3	4290	买盘
10:29:45	14.3	--	3	4290	买盘
10:29:39	14.3	-0.01	8	12769	卖盘
10:29:15	14.31	--	15	21465	买盘
10:29:12	14.31	--	4	5724	买盘
10:28:39	14.31	0.01	3	4293	买盘
10:28:27	14.3	-0.01	31	44330	卖盘
10:28:21	14.31	--	2	2862	买盘
10:28:12	14.31	--	3	4293	买盘
10:27:42	14.31	0.01	44	62964	买盘
10:27:39	14.3	-0.01	13	18590	卖盘
10:27:36	14.31	0.01	15	21465	买盘
10:27:18	14.3	0.01	23	32990	买盘
10:27:12	14.29	0.01	3	4287	买盘
10:27:09	14.28	-0.02	18	25704	卖盘
10:27:00	14.3	0.01	350	500500	买盘
10:26:42	14.29	--	5	7145	买盘
10:26:27	14.29	--	3	4287	买盘
10:26:12	14.29	--	57	81453	卖盘
10:26:06	14.29	-0.01	13	18577	卖盘
10:25:54	14.3	--	10	14300	买盘
10:25:51	14.3	--	35	50050	买盘
10:25:36	14.3	--	2	2860	买盘
10:25:33	14.3	--	21	30030	买盘
10:25:30	14.3	--	3	4290	买盘
10:25:24	14.3	--	1	1430	买盘
10:25:18	14.3	--	25	35750	买盘
10:25:03	14.3	--	19	27170	买盘
10:24:45	14.3	0.01	1	1430	买盘
10:24:33	14.29	--	4	5716	卖盘
10:24:30	14.29	--	9	12861	买盘
10:24:27	14.29	--	7	10003	买盘
10:24:03	14.29	--	34	48586	卖盘
10:23:51	14.29	--	16	22864	买盘
10:23:48	14.29	--	4	5716	买盘
10:23:42	14.29	-0.01	12	17148	中性盘
10:23:27	14.3	0.01	10	14300	买盘
10:23:21	14.29	--	2	2858	买盘
10:23:03	14.29	-0.01	3	4287	中性盘
10:23:00	14.3	--	35	50050	买盘
10:22:51	14.3	--	3	4290	买盘
10:22:48	14.3	--	44	62920	买盘
10:22:33	14.3	--	19	27170	买盘
10:22:24	14.3	0.01	59	84370	买盘
10:22:21	14.29	--	3	4287	买盘
10:22:15	14.29	--	47	67163	买盘
10:22:12	14.29	0.02	3	4287	买盘
10:22:06	14.27	0.01	10	14270	买盘
10:22:00	14.26	-0.01	26	37076	卖盘
10:21:57	14.27	--	2	2854	买盘
10:21:48	14.27	0.01	24	34248	买盘
10:21:45	14.26	-0.01	22	31372	卖盘
10:21:39	14.27	--	40	57080	买盘
10:21:33	14.27	0.01	3	4281	买盘
10:21:18	14.26	-0.01	3	4278	卖盘
10:21:12	14.27	0.01	43	61361	买盘
10:21:06	14.26	-0.01	6	8556	卖盘
10:21:03	14.27	--	29	41383	买盘
10:20:57	14.27	--	10	14270	买盘
10:20:48	14.27	0.01	4	5708	买盘
10:20:39	14.26	--	16	22816	卖盘
10:20:27	14.26	-0.01	22	31372	卖盘
10:20:24	14.27	--	3	4281	买盘
10:19:57	14.27	-0.02	32	45664	卖盘
10:19:42	14.29	--	37	52873	买盘
10:19:21	14.29	--	10	14290	买盘
10:19:12	14.29	0.02	4	5716	买盘
10:18:54	14.27	--	6	8562	卖盘
10:18:45	14.27	-0.02	150	214050	卖盘
10:18:42	14.29	--	3	4287	买盘
10:18:33	14.29	--	17	24293	卖盘
10:18:21	14.29	-0.01	3	4287	卖盘
10:18:15	14.3	0.01	3	4290	买盘
10:18:09	14.29	--	5	7145	卖盘
10:17:57	14.29	--	38	54302	卖盘
10:17:54	14.29	--	16	22864	卖盘
10:17:45	14.29	-0.01	5	7145	卖盘
10:17:36	14.3	0.01	2	2860	买盘
10:17:30	14.29	--	106	151474	买盘
10:17:27	14.29	--	41	58589	卖盘
10:17:24	14.29	--	2	2858	卖盘
10:17:21	14.29	--	30	42870	卖盘
10:17:18	14.29	-0.01	11	15718	卖盘
10:17:12	14.3	0.01	5	7150	买盘
10:17:03	14.29	--	2	2858	卖盘
10:16:54	14.29	--	10	14290	卖盘
10:16:48	14.29	--	90	128609	卖盘
10:16:45	14.29	--	20	28580	卖盘
10:16:36	14.29	--	77	110033	卖盘
10:16:33	14.29	--	14	20006	卖盘
10:16:30	14.29	--	1	1429	卖盘
10:16:24	14.29	-0.01	15	21435	卖盘
10:16:21	14.3	0.01	9	12870	买盘
10:16:03	14.29	-0.01	20	28580	卖盘
10:16:00	14.3	0.01	3	4290	买盘
10:15:45	14.29	--	57	81453	卖盘
10:15:27	14.29	0.01	22	31437	买盘
10:15:24	14.28	-0.01	2	2856	卖盘
10:15:21	14.29	0.01	18	25722	买盘
10:15:18	14.28	--	100	142800	卖盘
10:15:15	14.28	--	3	4284	卖盘
10:15:12	14.28	--	25	35700	卖盘
10:14:51	14.28	-0.01	5	7140	卖盘
10:14:36	14.29	0.01	37	52873	买盘
10:14:21	14.28	--	7	9996	卖盘
10:14:15	14.28	-0.02	102	145656	中性盘
10:13:42	14.3	0.05	2	2860	买盘
10:13:39	14.25	-0.05	234	333450	卖盘
10:13:36	14.3	--	18	25740	买盘
10:12:57	14.3	--	47	67210	买盘
10:12:39	14.3	0.03	3	4290	买盘
10:12:36	14.27	-0.03	163	232601	卖盘
10:12:27	14.3	0.01	3	4290	买盘
10:11:48	14.29	0.01	7	10003	买盘
10:11:42	14.28	0.01	2	2856	卖盘
10:11:18	14.27	--	14	19978	卖盘
10:11:12	14.27	--	4	5708	卖盘
10:10:39	14.27	-0.03	7	9989	卖盘
10:10:30	14.3	--	3	4290	买盘
10:10:24	14.3	0.03	5	7150	买盘
10:10:12	14.27	0.01	7	11387	买盘
10:10:06	14.26	-0.01	8	11408	卖盘
10:09:45	14.27	-0.02	42	59962	卖盘
10:09:36	14.29	--	3	4287	买盘
10:09:21	14.29	--	4	5716	卖盘
10:09:15	14.29	--	15	21435	买盘
10:09:09	14.29	--	5	7145	卖盘
10:08:42	14.29	-0.01	20	28580	卖盘
10:08:24	14.3	--	17	24310	卖盘
10:08:21	14.3	-0.01	3	4290	卖盘
10:08:18	14.31	--	2	2862	买盘
10:08:06	14.31	--	2	2862	卖盘
10:08:00	14.31	--	4	5724	卖盘
10:07:57	14.31	0.01	1	1431	买盘
10:07:33	14.3	-0.01	9	12870	卖盘
10:07:21	14.31	--	1	1431	买盘
10:07:15	14.31	-0.02	9	12879	中性盘
10:07:06	14.33	0.01	36	51588	买盘
10:07:00	14.32	--	4	5728	买盘
10:06:36	14.32	--	15	21480	卖盘
10:06:30	14.32	0.04	7	10024	中性盘
10:06:18	14.28	-0.03	141	201348	卖盘
10:06:15	14.31	--	1	1431	卖盘
10:06:09	14.31	0.01	6	8586	中性盘
10:05:45	14.3	--	10	14300	卖盘
10:05:42	14.3	--	20	28600	卖盘
10:05:30	14.3	--	40	57200	卖盘
10:05:24	14.3	0.01	26	38581	买盘
10:05:15	14.29	--	99	141471	卖盘
10:05:12	14.29	--	42	60018	卖盘
10:05:03	14.29	--	30	42870	卖盘
10:05:00	14.29	--	3	4287	卖盘
10:04:51	14.29	--	42	60018	买盘
10:04:48	14.29	--	49	70021	买盘
10:04:39	14.29	0.01	41	58589	买盘
10:04:36	14.28	-0.01	20	28560	卖盘
10:04:30	14.29	--	32	45728	买盘
10:04:27	14.29	0.02	7	10003	买盘
10:04:18	14.27	-0.02	10	14270	卖盘
10:04:15	14.29	0.02	41	58589	买盘
10:04:09	14.27	-0.02	45	64215	卖盘
10:04:00	14.29	0.02	94	134326	买盘
10:03:51	14.27	-0.01	5	7135	卖盘
10:03:45	14.28	0.01	19	27132	买盘
10:03:33	14.27	-0.01	8	11416	中性盘
10:03:27	14.28	0.01	9	12852	买盘
10:03:24	14.27	--	9	12843	买盘
10:03:18	14.27	--	83	118441	买盘
10:03:12	14.27	--	36	51372	买盘
10:03:09	14.27	-0.01	3	4281	买盘
10:03:03	14.28	-0.01	35	49980	卖盘
10:02:57	14.29	0.01	6	8574	买盘
10:02:51	14.28	0.02	59	84252	买盘
10:02:48	14.26	-0.02	10	14260	卖盘
10:02:39	14.28	--	39	55692	买盘
10:02:33	14.28	0.02	63	89964	买盘
10:02:15	14.26	--	16	22816	买盘
10:02:12	14.26	0.01	5	7130	买盘
10:02:06	14.25	--	6	8550	卖盘
10:02:03	14.25	-0.03	2	2850	卖盘
10:01:57	14.28	0.03	2	2856	买盘
10:01:48	14.25	-0.03	10	14250	卖盘
10:01:45	14.28	0.03	15	21420	买盘
10:01:42	14.25	0.01	5	7125	买盘
10:01:27	14.24	-0.04	30	42720	卖盘
10:01:21	14.28	0.02	20	28560	买盘
10:01:09	14.26	0.01	9	12834	卖盘
10:01:03	14.25	--	1	1425	买盘
10:00:54	14.25	-0.03	2	2850	中性盘
10:00:45	14.28	0.02	227	324156	买盘
10:00:33	14.26	0.01	30	42780	买盘
10:00:27	14.25	-0.01	2	2850	卖盘
10:00:24	14.26	0.01	8	11408	买盘
10:00:21	14.25	-0.01	10	14250	卖盘
10:00:15	14.26	0.01	3	4278	买盘
10:00:12	14.25	-0.03	30	42750	卖盘
10:00:00	14.28	0.01	64	91392	买盘
09:59:54	14.27	--	2	2854	买盘
09:59:36	14.27	0.02	250	356750	买盘
09:59:33	14.25	--	10	14250	卖盘
09:59:21	14.25	0.01	26	37050	买盘
09:59:15	14.24	--	162	230688	卖盘
09:59:00	14.24	--	52	74048	卖盘
09:58:54	14.24	--	5	7120	卖盘
09:58:21	14.24	-0.01	100	142400	卖盘
09:58:18	14.25	--	27	38475	买盘
09:58:12	14.25	-0.01	27	38475	卖盘
09:58:03	14.26	0.01	10	14260	买盘
09:57:45	14.25	--	18	25650	买盘
09:57:42	14.25	0.01	4	5700	买盘
09:57:36	14.24	-0.01	53	75472	卖盘
09:57:30	14.25	0.01	6	8550	买盘
09:57:18	14.24	--	4	5696	卖盘
09:57:12	14.24	-0.01	57	81168	卖盘
09:57:09	14.25	0.01	6	8550	买盘
09:56:48	14.24	0.01	39	55536	买盘
09:56:42	14.23	--	39	55497	卖盘
09:56:30	14.23	--	76	108148	卖盘
09:56:24	14.23	-0.01	10	14230	卖盘
09:56:21	14.24	0.01	35	49840	买盘
09:56:18	14.23	--	1	1423	卖盘
09:55:57	14.23	--	30	42690	卖盘
09:55:51	14.23	--	5	7115	卖盘
09:55:33	14.23	--	10	14230	卖盘
09:55:30	14.23	--	39	55497	买盘
09:55:21	14.23	--	79	112417	卖盘
09:55:09	14.23	-0.01	9	12807	卖盘
09:55:03	14.24	0.01	20	28480	买盘
09:54:54	14.23	--	10	14230	卖盘
09:54:51	14.23	--	27	38421	买盘
09:54:39	14.23	0.01	7	9961	买盘
09:54:36	14.22	--	6	8532	卖盘
09:54:21	14.22	--	14	19908	卖盘
09:54:18	14.22	--	23	32706	卖盘
09:54:15	14.22	--	2	2844	中性盘
09:54:12	14.22	0.01	5	7110	中性盘
09:54:03	14.21	--	49	69629	卖盘
09:54:00	14.21	--	13	18473	卖盘
09:53:57	14.21	--	13	18473	卖盘
09:53:54	14.21	-0.01	5	7105	卖盘
09:53:48	14.22	--	10	14220	买盘
09:53:45	14.22	-0.01	46	65412	卖盘
09:53:42	14.23	--	3	4269	买盘
09:53:33	14.23	-0.01	76	108148	卖盘
09:53:24	14.24	--	3	4272	买盘
09:53:12	14.24	--	3	4272	卖盘
09:53:09	14.24	-0.01	1	1424	卖盘
09:53:03	14.25	--	1	1425	买盘
09:52:57	14.25	-0.02	12	17100	卖盘
09:52:54	14.27	0.02	3	4281	买盘
09:52:48	14.25	--	9	12825	卖盘
09:52:45	14.25	--	5	7125	卖盘
09:52:42	14.25	-0.02	19	27075	卖盘
09:52:21	14.27	--	17	24259	卖盘
09:52:00	14.27	0.02	12	17124	买盘
09:51:57	14.25	-0.02	10	14250	卖盘
09:51:48	14.27	--	4	5708	买盘
09:51:36	14.27	--	14	19978	卖盘
09:51:33	14.27	--	3	4281	买盘
09:51:21	14.27	0.01	44	62788	买盘
09:51:12	14.26	--	16	22816	卖盘
09:51:00	14.26	0.01	18	25668	买盘
09:50:21	14.25	--	3	4275	买盘
09:50:15	14.25	--	20	28500	买盘
09:50:12	14.25	--	8	11400	卖盘
09:50:09	14.25	--	6	8550	卖盘
09:50:00	14.25	--	41	58425	买盘
09:49:48	14.25	--	50	71250	买盘
09:49:45	14.25	--	70	99750	买盘
09:49:39	14.25	--	3	4275	买盘
09:49:33	14.25	0.01	35	49875	买盘
09:49:30	14.24	-0.01	2	2848	卖盘
09:49:27	14.25	0.01	1	1425	买盘
09:49:24	14.24	--	12	17088	卖盘
09:49:18	14.24	-0.01	5	7120	卖盘
09:49:06	14.25	-0.01	10	14250	中性盘
09:49:03	14.26	0.01	50	71300	买盘
09:48:57	14.25	--	1	1425	卖盘
09:48:51	14.25	-0.01	138	196650	卖盘
09:48:36	14.26	0.01	29	41354	买盘
09:48:33	14.25	-0.01	10	14250	卖盘
09:48:24	14.26	--	10	14260	买盘
09:48:21	14.26	--	6	8556	卖盘
09:48:09	14.26	0.01	15	21390	买盘
09:48:06	14.25	-0.01	12	17100	卖盘
09:47:54	14.26	0.01	2	2852	买盘
09:47:42	14.25	-0.01	0	14	卖盘
09:47:36	14.26	--	23	32798	卖盘
09:47:24	14.26	-0.01	16	22816	卖盘
09:47:09	14.27	--	10	14270	买盘
09:47:06	14.27	--	3	4281	买盘
09:46:57	14.27	-0.02	32	45664	卖盘
09:46:51	14.29	0.02	5	7145	买盘
09:46:42	14.27	-0.02	2	2854	卖盘
09:46:39	14.29	--	66	94314	买盘
09:46:30	14.29	--	3	4287	买盘
09:46:12	14.29	0.01	10	14290	买盘
09:46:06	14.28	--	23	32844	卖盘
09:46:00	14.28	--	21	29988	卖盘
09:45:57	14.28	--	5	7140	卖盘
09:45:54	14.28	--	1	1428	卖盘
09:45:45	14.28	--	5	7140	卖盘
09:45:39	14.28	-0.01	20	28560	卖盘
09:45:27	14.29	-0.01	28	40012	卖盘
09:45:24	14.3	--	1	1430	买盘
09:45:09	14.3	--	17	24338	卖盘
09:45:06	14.3	--	10	14300	卖盘
09:44:42	14.3	-0.02	51	72930	卖盘
09:44:36	14.32	0.02	10	14320	买盘
09:44:15	14.3	-0.02	33	47190	卖盘
09:44:03	14.32	--	5	7160	买盘
09:43:57	14.32	--	2	2864	买盘
09:43:45	14.32	-0.01	3	4296	中性盘
09:43:42	14.33	0.01	10	14330	买盘
09:43:39	14.32	-0.01	1	1432	卖盘
09:43:36	14.33	--	2	2866	买盘
09:43:33	14.33	0.01	9	12897	买盘
09:43:30	14.32	0.01	6	8592	中性盘
09:43:18	14.31	-0.02	21	30051	卖盘
09:43:12	14.33	0.01	1	1433	买盘
09:43:06	14.32	0.01	10	14320	中性盘
09:42:48	14.31	-0.02	10	14310	卖盘
09:42:36	14.33	0.02	13	18629	买盘
09:42:18	14.31	-0.01	10	14310	卖盘
09:42:06	14.32	-0.01	1	1432	卖盘
09:42:03	14.33	0.01	5	7165	买盘
09:42:00	14.32	0.01	6	8592	买盘
09:41:57	14.31	-0.01	37	52947	卖盘
09:41:51	14.32	-0.01	72	103104	卖盘
09:41:45	14.33	0.01	3	4299	买盘
09:41:42	14.32	--	1	1432	卖盘
09:41:39	14.32	-0.01	2	2864	卖盘
09:41:33	14.33	0.01	3	4299	买盘
09:41:30	14.32	0.01	10	14320	中性盘
09:41:27	14.31	--	108	154548	卖盘
09:41:21	14.31	-0.02	31	44361	卖盘
09:41:12	14.33	-0.01	16	22928	卖盘
09:41:09	14.34	--	10	14340	买盘
09:41:00	14.34	--	13	18642	买盘
09:40:51	14.34	--	9	12906	买盘
09:40:48	14.34	0.01	10	14340	买盘
09:40:45	14.33	--	3	4299	卖盘
09:40:24	14.33	0.02	12	17196	买盘
09:40:00	14.31	--	12	17172	卖盘
09:39:57	14.31	--	5	7155	卖盘
09:39:54	14.31	--	6	9988	买盘
09:39:51	14.31	--	43	61533	买盘
09:39:42	14.31	--	100	143100	买盘
09:39:36	14.31	--	10	14310	买盘
09:39:33	14.31	0.01	3	4293	买盘
09:39:30	14.3	-0.01	23	32890	卖盘
09:39:27	14.31	--	40	57240	买盘
09:39:24	14.31	0.01	3	4293	买盘
09:39:21	14.3	--	16	22880	卖盘
09:39:18	14.3	-0.01	71	101530	卖盘
09:39:15	14.31	--	20	28620	买盘
09:39:00	14.31	--	19	27189	买盘
09:38:48	14.31	--	33	47223	买盘
09:38:33	14.31	--	5	7155	买盘
09:38:30	14.31	--	24	34344	买盘
09:38:27	14.31	--	5	7155	买盘
09:38:24	14.31	0.01	52	74412	买盘
09:38:21	14.3	-0.01	11	15730	中性盘
09:38:18	14.31	--	20	28620	买盘
09:38:12	14.31	0.01	2	2862	买盘
09:38:09	14.3	--	19	27170	卖盘
09:38:06	14.3	-0.01	10	14300	卖盘
09:38:03	14.31	0.01	8	11448	买盘
09:38:00	14.3	-0.01	29	41470	卖盘
09:37:51	14.31	0.01	35	50085	买盘
09:37:45	14.3	--	20	28600	卖盘
09:37:36	14.3	--	54	77220	买盘
09:37:33	14.3	--	15	21450	买盘
09:37:30	14.3	0.01	42	60060	买盘
09:37:15	14.29	--	7	10003	卖盘
09:37:12	14.29	--	50	71450	卖盘
09:37:09	14.29	0.01	3	4287	买盘
09:37:06	14.28	-0.01	20	28560	卖盘
09:37:03	14.29	0.01	40	57160	买盘
09:37:00	14.28	--	16	22848	卖盘
09:36:54	14.28	--	30	42840	卖盘
09:36:48	14.28	-0.01	19	27132	卖盘
09:36:45	14.29	0.01	30	42870	买盘
09:36:39	14.28	-0.01	9	12852	卖盘
09:36:33	14.29	--	38	54302	卖盘
09:36:27	14.29	-0.01	20	28580	买盘
09:36:03	14.3	0.02	5	7150	买盘
09:35:54	14.28	--	6	8568	卖盘
09:35:42	14.28	--	2	2856	卖盘
09:35:36	14.28	-0.02	4	5712	卖盘
09:35:33	14.3	-0.01	17	24310	中性盘
09:35:30	14.31	--	11	15741	买盘
09:35:27	14.31	--	10	14310	买盘
09:35:24	14.31	--	9	12879	买盘
09:35:18	14.31	0.02	20	28620	买盘
09:35:15	14.29	--	13	18577	卖盘
09:35:12	14.29	-0.02	5	7145	卖盘
09:35:06	14.31	0.01	52	74412	买盘
09:35:00	14.3	-0.01	2	2860	卖盘
09:34:54	14.31	-0.04	40	57268	卖盘
09:34:48	14.35	-0.01	2	2870	买盘
09:34:45	14.36	-0.01	11	15796	买盘
09:34:39	14.37	--	5	7185	买盘
09:34:36	14.37	0.06	17	24429	买盘
09:34:33	14.31	-0.05	30	42930	卖盘
09:34:24	14.36	--	20	28720	卖盘
09:34:21	14.36	--	30	43080	卖盘
09:34:18	14.36	0.02	84	122031	买盘
09:34:06	14.34	0.01	11	15774	买盘
09:34:03	14.33	--	6	8598	卖盘
09:34:00	14.33	--	5	7165	卖盘
09:33:57	14.33	-0.02	10	14330	卖盘
09:33:54	14.35	0.02	100	143500	买盘
09:33:51	14.33	0.04	31	44423	买盘
09:33:39	14.29	0.02	21	30009	买盘
09:33:33	14.27	--	85	121295	买盘
09:33:30	14.27	--	146	208342	买盘
09:33:27	14.27	--	59	84193	买盘
09:33:24	14.27	--	18	25686	买盘
09:33:21	14.27	--	4	5708	买盘
09:33:18	14.27	--	40	57080	买盘
09:33:15	14.27	--	1	1427	买盘
09:33:06	14.27	-0.07	360	513720	卖盘
09:33:00	14.34	0.04	141	202194	买盘
09:32:54	14.3	--	6	8580	卖盘
09:32:45	14.3	--	33	47190	买盘
09:32:42	14.3	0.02	139	198770	买盘
09:32:33	14.28	--	18	25704	买盘
09:32:30	14.28	0.01	20	28560	买盘
09:32:24	14.27	--	6	8562	卖盘
09:32:18	14.27	--	2	2854	卖盘
09:32:12	14.27	--	18	25686	买盘
09:32:00	14.27	--	3	4281	买盘
09:31:57	14.27	0.04	5	7135	买盘
09:31:48	14.23	-0.03	3	4269	卖盘
09:31:45	14.26	0.03	9	12834	中性盘
09:31:21	14.23	--	1	1423	卖盘
09:31:18	14.23	-0.04	30	42690	卖盘
09:31:09	14.27	--	2	2854	卖盘
09:31:03	14.27	-0.03	1	1427	卖盘
09:30:57	14.3	--	5	7150	买盘
09:30:54	14.3	0.04	6	8580	买盘
09:30:48	14.26	-0.04	25	35650	卖盘
09:30:45	14.3	0.04	87	124410	买盘
09:30:33	14.26	0.03	9	12834	买盘
09:30:18	14.23	-0.05	30	42690	卖盘
09:30:06	14.28	0.05	11	15708	买盘
09:30:03	14.23	0.03	15	21345	买盘
09:30:00	14.2	--	0	0	卖盘
09:25:03	14.2	14.2	107	151940	买盘
