成交时间	成交价	价格变动	成交量(手)	成交额(元)	性质
15:00:03	23.24	--	442	1027207	买盘
14:57:00	23.24	0.04	1	2324	买盘
14:56:45	23.2	--	5	11600	卖盘
14:56:36	23.2	--	223	517360	卖盘
14:56:27	23.2	--	82	190240	买盘
14:56:24	23.2	-0.04	160	371200	卖盘
14:56:21	23.24	--	228	529872	买盘
14:56:15	23.24	--	17	39508	卖盘
14:56:09	23.24	--	8	18592	卖盘
14:56:06	23.24	--	1	2324	卖盘
14:55:57	23.24	-0.02	32	74368	卖盘
14:55:54	23.26	--	45	104670	买盘
14:55:51	23.26	--	5	11630	买盘
14:55:45	23.26	--	15	34890	卖盘
14:55:39	23.26	--	5	11630	买盘
14:55:36	23.26	--	29	67454	卖盘
14:55:33	23.26	-0.01	5	11630	卖盘
14:55:30	23.27	0.01	9	20943	买盘
14:55:24	23.26	-0.01	12	27912	卖盘
14:55:18	23.27	0.02	32	74464	买盘
14:55:15	23.25	--	25	58125	卖盘
14:55:09	23.25	-0.02	38	88350	卖盘
14:55:06	23.27	--	5	11635	买盘
14:55:03	23.27	--	22	51194	卖盘
14:54:57	23.27	--	15	34905	买盘
14:54:48	23.27	0.01	5	11635	买盘
14:54:45	23.26	-0.02	6	13956	卖盘
14:54:42	23.28	--	8	18624	买盘
14:54:36	23.28	--	6	13968	买盘
14:54:33	23.28	--	41	95448	卖盘
14:54:27	23.28	-0.01	10	23280	卖盘
14:54:24	23.29	--	4	9316	买盘
14:54:09	23.29	-0.01	109	254746	卖盘
14:54:00	23.3	-0.01	59	137470	卖盘
14:53:54	23.31	0.01	5	11655	买盘
14:53:48	23.3	--	2	4660	卖盘
14:53:45	23.3	-0.02	64	149120	卖盘
14:53:39	23.32	--	12	27984	买盘
14:53:36	23.32	0.02	15	34980	买盘
14:53:33	23.3	-0.01	8	18640	卖盘
14:53:30	23.31	--	4	9324	中性盘
14:53:21	23.31	0.01	13	30303	买盘
14:53:12	23.3	--	2	4660	卖盘
14:53:09	23.3	-0.01	6	15424	卖盘
14:53:06	23.31	--	22	51282	买盘
14:53:03	23.31	0.01	10	23310	买盘
14:53:00	23.3	--	3	6990	卖盘
14:52:39	23.3	-0.02	2	4660	卖盘
14:52:36	23.32	0.01	100	233200	买盘
14:52:33	23.31	--	1	2331	卖盘
14:52:30	23.31	--	1	2331	卖盘
14:52:27	23.31	0.01	1	2331	卖盘
14:52:21	23.3	--	1	2330	卖盘
14:52:18	23.3	-0.02	2	4660	卖盘
14:52:15	23.32	0.02	1	2332	中性盘
14:52:12	23.3	-0.02	226	526580	卖盘
14:52:06	23.32	--	3	6996	卖盘
14:51:48	23.32	--	2	4664	卖盘
14:51:45	23.32	-0.02	68	158576	卖盘
14:51:42	23.34	--	10	23340	买盘
14:51:39	23.34	--	11	25674	买盘
14:51:30	23.34	--	3	8449	卖盘
14:51:27	23.34	0.01	5	12556	买盘
14:51:12	23.33	-0.01	13	30328	卖盘
14:51:06	23.34	--	10	23340	买盘
14:50:54	23.34	--	2	4668	买盘
14:50:45	23.34	-0.01	24	56016	卖盘
14:50:42	23.35	--	20	46700	买盘
14:50:33	23.35	0.01	5	11675	买盘
14:50:30	23.34	--	18	42012	卖盘
14:50:21	23.34	-0.01	25	58350	卖盘
14:50:06	23.35	0.01	2	4670	买盘
14:49:54	23.34	--	5	11670	卖盘
14:49:42	23.34	--	2	4668	卖盘
14:49:36	23.34	0.01	2	4668	买盘
14:49:30	23.33	-0.01	2	4666	卖盘
14:49:09	23.34	--	8	18672	买盘
14:49:06	23.34	--	6	14004	买盘
14:49:03	23.34	0.01	5	11670	买盘
14:49:00	23.33	-0.01	10	23330	卖盘
14:48:57	23.34	--	20	46680	买盘
14:48:51	23.34	--	1	2334	买盘
14:48:39	23.34	--	12	28008	买盘
14:48:33	23.34	0.01	1	2334	买盘
14:48:24	23.33	--	12	27995	买盘
14:48:18	23.33	-0.01	5	11665	中性盘
14:47:48	23.34	0.04	17	39678	买盘
14:47:33	23.3	-0.04	107	249310	卖盘
14:47:30	23.34	--	2	4668	买盘
14:47:27	23.34	0.01	5	11670	买盘
14:47:18	23.33	--	13	30328	卖盘
14:47:12	23.33	0.01	31	72323	买盘
14:47:00	23.32	-0.01	10	23320	卖盘
14:46:51	23.33	0.01	3	6998	买盘
14:46:42	23.32	0.01	19	44308	买盘
14:46:39	23.31	-0.01	5	11655	卖盘
14:46:36	23.32	--	1	2332	买盘
14:46:33	23.32	--	5	11660	买盘
14:46:27	23.32	--	59	137588	买盘
14:46:21	23.32	0.02	20	46640	买盘
14:46:06	23.3	0.01	58	135140	买盘
14:45:51	23.29	-0.01	5	11645	卖盘
14:45:48	23.3	--	9	20970	买盘
14:45:36	23.3	--	5	11650	买盘
14:45:33	23.3	--	2	4660	买盘
14:45:27	23.3	--	16	37280	买盘
14:45:24	23.3	--	10	23300	买盘
14:45:15	23.3	--	1	2330	卖盘
14:45:12	23.3	--	1	2330	卖盘
14:45:09	23.3	--	11	25630	卖盘
14:45:06	23.3	--	1	2330	卖盘
14:45:03	23.3	--	16	37280	卖盘
14:45:00	23.3	--	16	37280	卖盘
14:44:51	23.3	--	5	11650	卖盘
14:44:48	23.3	--	2	4660	卖盘
14:44:45	23.3	-0.01	207	482310	卖盘
14:44:39	23.31	--	339	790209	买盘
14:44:33	23.31	--	13	30303	买盘
14:44:24	23.31	--	50	116550	买盘
14:44:21	23.31	--	65	151515	卖盘
14:44:18	23.31	-0.01	18	41958	卖盘
14:44:15	23.32	--	5	11660	买盘
14:44:12	23.32	0.01	5	11660	买盘
14:43:57	23.31	--	10	23310	卖盘
14:43:51	23.31	-0.01	10	23310	卖盘
14:43:36	23.32	--	34	79288	卖盘
14:43:21	23.32	-0.01	7	16324	卖盘
14:43:09	23.33	--	2	4666	买盘
14:42:54	23.33	0.01	15	34995	买盘
14:42:45	23.32	-0.01	3	6996	卖盘
14:42:36	23.33	--	6	13997	买盘
14:42:33	23.33	--	3	6998	卖盘
14:42:21	23.33	--	15	34995	卖盘
14:42:09	23.33	--	30	69990	卖盘
14:42:03	23.33	--	3	6998	卖盘
14:41:48	23.33	-0.02	20	46660	卖盘
14:41:24	23.35	--	5	11675	买盘
14:41:15	23.35	0.02	3	7005	买盘
14:40:57	23.33	0.01	17	39661	买盘
14:40:51	23.32	-0.01	12	27984	卖盘
14:40:45	23.33	--	25	58324	买盘
14:40:33	23.33	0.01	5	11665	买盘
14:40:30	23.32	-0.01	15	34980	卖盘
14:40:21	23.33	0.01	4	9332	买盘
14:40:09	23.32	-0.01	50	116600	卖盘
14:40:03	23.33	0.01	5	11665	买盘
14:39:48	23.32	--	32	74624	卖盘
14:39:45	23.32	0.02	19	44308	买盘
14:39:33	23.3	-0.02	20	46600	卖盘
14:39:27	23.32	--	1	2332	买盘
14:39:21	23.32	0.02	1	2332	买盘
14:39:09	23.3	--	18	41940	卖盘
14:39:06	23.3	--	1	2330	卖盘
14:39:03	23.3	--	1	2330	卖盘
14:39:00	23.3	--	2	4660	卖盘
14:38:57	23.3	--	3	6990	卖盘
14:38:54	23.3	--	2	4660	卖盘
14:38:51	23.3	--	2	4660	卖盘
14:38:48	23.3	-0.03	33	76890	卖盘
14:38:45	23.33	0.01	7	16330	买盘
14:38:42	23.32	--	1	2332	卖盘
14:38:39	23.32	--	1	2332	卖盘
14:38:09	23.32	-0.03	20	46640	卖盘
14:37:39	23.35	-0.03	16	37360	卖盘
14:37:24	23.38	-0.02	23	53774	卖盘
14:36:57	23.4	--	1	2340	买盘
14:36:48	23.4	--	7	16379	卖盘
14:36:33	23.4	-0.01	19	44460	卖盘
14:36:21	23.41	--	25	58525	卖盘
14:36:18	23.41	--	3	7023	卖盘
14:36:03	23.41	-0.01	18	42138	卖盘
14:36:00	23.42	0.01	32	74944	买盘
14:35:48	23.41	--	5	11705	卖盘
14:35:39	23.41	-0.02	4	9364	卖盘
14:35:18	23.43	0.01	9	21087	卖盘
14:35:06	23.42	--	1	2342	买盘
14:35:03	23.42	-0.02	18	42156	卖盘
14:34:57	23.44	--	10	23440	买盘
14:34:45	23.44	--	10	23440	中性盘
14:34:24	23.44	--	5	11720	买盘
14:34:18	23.44	0.03	5	11720	买盘
14:34:15	23.41	--	4	9364	卖盘
14:34:00	23.41	-0.04	11	25751	卖盘
14:33:45	23.45	0.01	13	30485	买盘
14:33:30	23.44	--	5	11720	买盘
14:33:27	23.44	0.03	5	11720	买盘
14:33:12	23.41	--	8	18728	卖盘
14:33:09	23.41	0.01	4	9364	买盘
14:33:06	23.4	--	3	7020	卖盘
14:32:54	23.4	--	2	4680	卖盘
14:32:30	23.4	--	10	23400	卖盘
14:32:21	23.4	-0.01	105	245699	卖盘
14:32:06	23.41	--	20	46820	卖盘
14:32:00	23.41	0.01	5	11705	买盘
14:31:48	23.4	0.02	26	60839	买盘
14:31:30	23.38	--	16	37408	卖盘
14:31:15	23.38	0.04	6	14028	买盘
14:31:09	23.34	-0.04	15	35010	卖盘
14:31:03	23.38	0.05	9	21042	买盘
14:30:54	23.33	-0.01	10	23330	卖盘
14:30:48	23.34	--	25	58350	买盘
14:30:39	23.34	0.01	2	4668	买盘
14:30:30	23.33	0.03	29	67657	买盘
14:30:27	23.3	-0.01	21	48930	卖盘
14:29:54	23.31	-0.02	15	34965	卖盘
14:29:42	23.33	--	4	9332	卖盘
14:29:36	23.33	0.03	6	13997	买盘
14:29:09	23.3	-0.03	50	116500	卖盘
14:28:51	23.33	--	3	6998	买盘
14:28:45	23.33	--	1	2333	买盘
14:28:36	23.33	--	4	9332	买盘
14:28:33	23.33	--	2	4666	买盘
14:28:30	23.33	--	20	46660	买盘
14:28:24	23.33	--	6	13997	买盘
14:28:21	23.33	--	5	11665	买盘
14:28:15	23.33	--	3	6998	买盘
14:28:03	23.33	--	6	13997	买盘
14:28:00	23.33	--	11	25662	买盘
14:27:57	23.33	--	5	11665	买盘
14:27:54	23.33	--	3	6998	买盘
14:27:48	23.33	--	12	27995	买盘
14:27:45	23.33	0.03	3	6998	买盘
14:27:36	23.3	--	1	2330	卖盘
14:27:21	23.3	--	3	6990	卖盘
14:27:15	23.3	--	29	67570	买盘
14:27:12	23.3	--	11	25630	买盘
14:27:06	23.3	0.01	20	46600	买盘
14:27:03	23.29	0.01	10	23290	买盘
14:26:42	23.28	--	7	16296	买盘
14:26:39	23.28	0.02	20	46560	买盘
14:26:36	23.26	--	20	46520	卖盘
14:26:27	23.26	--	16	37216	买盘
14:26:24	23.26	--	4	9304	卖盘
14:26:21	23.26	--	73	169798	卖盘
14:26:15	23.26	--	20	46520	卖盘
14:26:09	23.26	--	1	2326	卖盘
14:25:57	23.26	-0.01	26	60476	卖盘
14:25:51	23.27	--	5	11635	卖盘
14:25:48	23.27	-0.01	3	6981	中性盘
14:25:39	23.28	0.02	8	18624	买盘
14:25:36	23.26	-0.02	10	23260	卖盘
14:25:33	23.28	--	25	58200	买盘
14:25:24	23.28	0.02	37	86136	买盘
14:25:15	23.26	--	20	46520	卖盘
14:25:03	23.26	--	12	27912	卖盘
14:24:57	23.26	-0.02	181	421006	卖盘
14:24:54	23.28	0.01	1	2328	中性盘
14:24:51	23.27	--	5	11635	卖盘
14:24:48	23.27	-0.01	2	4654	卖盘
14:24:45	23.28	--	4	9312	买盘
14:24:39	23.28	--	3	6984	卖盘
14:24:36	23.28	--	12	27936	卖盘
14:24:33	23.28	--	20	46560	卖盘
14:24:18	23.28	--	20	46560	卖盘
14:24:12	23.28	-0.02	10	23280	卖盘
14:24:06	23.3	0.01	11	25630	买盘
14:24:03	23.29	--	34	79186	卖盘
14:23:48	23.29	--	7	16303	卖盘
14:23:42	23.29	-0.01	1	2329	卖盘
14:23:39	23.3	0.01	10	23300	买盘
14:23:36	23.29	--	1	2329	卖盘
14:23:33	23.29	-0.01	21	48909	卖盘
14:23:30	23.3	0.01	8	18640	买盘
14:23:27	23.29	-0.01	32	74528	卖盘
14:23:21	23.3	0.01	5	11650	买盘
14:23:15	23.29	-0.01	1	2329	卖盘
14:23:09	23.3	--	10	23300	买盘
14:23:03	23.3	-0.01	48	111840	卖盘
14:22:51	23.31	--	3	6993	卖盘
14:22:45	23.31	--	1	2331	买盘
14:22:33	23.31	-0.01	8	18648	卖盘
14:22:24	23.32	0.02	2	4664	买盘
14:22:15	23.3	-0.04	33	76890	卖盘
14:22:12	23.34	0.03	40	93360	买盘
14:22:03	23.31	-0.01	7	16317	卖盘
14:21:51	23.32	--	2	4664	卖盘
14:21:45	23.32	--	45	104940	卖盘
14:21:21	23.32	-0.02	28	65296	卖盘
14:21:15	23.34	0.02	30	70020	买盘
14:21:03	23.32	--	30	69960	卖盘
14:20:54	23.32	-0.02	1	2332	卖盘
14:20:51	23.34	0.02	65	151710	买盘
14:20:45	23.32	-0.02	10	23320	卖盘
14:20:36	23.34	0.02	7	16338	买盘
14:20:27	23.32	-0.03	6	13992	卖盘
14:20:18	23.35	--	3	7005	买盘
14:20:12	23.35	0.03	5	11675	买盘
14:20:00	23.32	--	22	51304	买盘
14:19:57	23.32	--	35	81620	买盘
14:19:54	23.32	--	125	291500	买盘
14:19:51	23.32	0.02	5	11660	买盘
14:19:45	23.3	-0.02	21	48930	卖盘
14:19:36	23.32	0.02	71	165572	买盘
14:19:30	23.3	-0.02	1	2330	卖盘
14:19:21	23.32	0.02	20	46640	买盘
14:19:12	23.3	--	16	37280	卖盘
14:18:57	23.3	0.01	4	9320	中性盘
14:18:36	23.29	-0.01	10	23290	卖盘
14:18:33	23.3	0.02	53	123490	中性盘
14:18:12	23.28	-0.04	25	58200	卖盘
14:18:03	23.32	--	15	34980	买盘
14:18:00	23.32	0.04	1	2332	买盘
14:17:51	23.28	0.01	2	4656	中性盘
14:17:42	23.27	--	35	81445	卖盘
14:17:36	23.27	-0.04	125	290875	卖盘
14:17:24	23.31	0.01	39	90909	买盘
14:17:21	23.3	--	11	25630	买盘
14:17:18	23.3	-0.01	52	121160	卖盘
14:17:15	23.31	--	10	23310	买盘
14:17:09	23.31	--	58	135198	卖盘
14:17:03	23.31	--	4	9324	买盘
14:17:00	23.31	--	2	4662	卖盘
14:16:57	23.31	0.01	24	55944	买盘
14:16:51	23.3	0.03	132	307560	买盘
14:16:45	23.27	--	10	23270	卖盘
14:16:42	23.27	--	25	58175	买盘
14:16:39	23.27	--	23	53521	买盘
14:16:36	23.27	--	15	34905	买盘
14:16:33	23.27	--	19	44213	买盘
14:16:27	23.27	--	90	209430	卖盘
14:16:24	23.27	--	5	11635	卖盘
14:16:21	23.27	--	8	18616	卖盘
14:16:18	23.27	--	41	95407	买盘
14:16:15	23.27	0.01	31	72137	买盘
14:16:09	23.26	0.02	9	20934	中性盘
14:16:06	23.24	0.01	1	2324	中性盘
14:16:03	23.23	--	51	118473	卖盘
14:16:00	23.23	--	1	2323	卖盘
14:15:54	23.23	0.01	1	2323	中性盘
14:15:45	23.22	-0.07	3	6966	买盘
14:15:39	23.29	0.04	54	125766	买盘
14:15:36	23.25	-0.03	46	106950	卖盘
14:15:33	23.28	-0.01	7	16296	卖盘
14:15:30	23.29	-0.01	30	69870	卖盘
14:15:24	23.3	--	175	407750	卖盘
14:15:21	23.3	--	127	295910	卖盘
14:15:18	23.3	--	73	170090	卖盘
14:15:15	23.3	-0.01	1	2330	卖盘
14:15:12	23.31	--	92	214452	卖盘
14:15:09	23.31	--	1	2331	卖盘
14:15:06	23.31	--	1	2331	卖盘
14:15:00	23.31	-0.03	36	83916	卖盘
14:14:57	23.34	-0.01	31	72354	卖盘
14:14:54	23.35	--	1	2335	卖盘
14:14:51	23.35	--	91	212485	卖盘
14:14:48	23.35	--	30	70050	卖盘
14:14:45	23.35	--	1	2335	卖盘
14:14:42	23.35	-0.01	64	149440	卖盘
14:14:39	23.36	0.01	2	4672	卖盘
14:14:36	23.35	--	5	11675	卖盘
14:14:33	23.35	--	21	49035	卖盘
14:14:30	23.35	--	4	9340	卖盘
14:14:27	23.35	--	1	2335	卖盘
14:14:24	23.35	--	4	9340	卖盘
14:14:15	23.35	-0.01	26	60710	卖盘
14:14:06	23.36	-0.01	10	23360	卖盘
14:14:03	23.37	-0.01	18	42066	卖盘
14:13:57	23.38	-0.02	5	11690	卖盘
14:13:39	23.4	--	2	4680	卖盘
14:13:33	23.4	--	5	11700	卖盘
14:13:30	23.4	--	15	35100	卖盘
14:13:24	23.4	-0.01	5	11700	卖盘
14:13:09	23.41	--	3	7023	买盘
14:13:06	23.41	-0.01	15	35115	卖盘
14:12:57	23.42	0.01	3	7026	买盘
14:12:51	23.41	--	21	49161	卖盘
14:12:42	23.41	--	7	16387	卖盘
14:12:36	23.41	-0.01	4	9364	卖盘
14:12:33	23.42	0.01	3	7026	买盘
14:12:24	23.41	-0.01	52	121732	卖盘
14:12:06	23.42	--	23	53866	卖盘
14:11:54	23.42	--	16	37472	卖盘
14:11:39	23.42	-0.01	9	21078	卖盘
14:11:12	23.43	--	5	11715	买盘
14:11:03	23.43	--	1	2343	买盘
14:11:00	23.43	--	1	2343	买盘
14:10:33	23.43	0.02	5	11715	买盘
14:10:30	23.41	0.01	5	11705	中性盘
14:10:18	23.4	--	12	28080	卖盘
14:10:12	23.4	--	1	2340	卖盘
14:10:00	23.4	--	59	138060	卖盘
14:09:51	23.4	--	40	93600	卖盘
14:09:45	23.4	--	15	35100	卖盘
14:09:24	23.4	-0.03	32	74880	卖盘
14:09:21	23.43	-0.01	5	11715	卖盘
14:09:15	23.44	--	14	32816	卖盘
14:08:51	23.44	-0.01	1	2344	卖盘
14:08:21	23.45	0.02	21	49245	买盘
14:07:45	23.43	--	6	14058	买盘
14:07:36	23.43	-0.02	10	23430	卖盘
14:06:42	23.45	--	1	2345	卖盘
14:05:54	23.45	-0.02	100	234500	卖盘
14:05:45	23.47	0.02	5	11735	买盘
14:05:42	23.45	-0.01	4	9380	卖盘
14:05:00	23.46	0.01	12	28152	中性盘
14:04:45	23.45	-0.02	60	140700	卖盘
14:04:27	23.47	--	10	23470	买盘
14:04:24	23.47	0.02	2	4694	买盘
14:04:03	23.45	-0.02	40	93800	卖盘
14:03:45	23.47	0.01	3	7041	买盘
14:03:09	23.46	-0.02	5	11730	卖盘
14:03:06	23.48	--	20	46960	买盘
14:02:51	23.48	0.02	22	51656	买盘
14:02:45	23.46	-0.02	17	39882	中性盘
14:01:18	23.48	0.03	10	23480	买盘
14:01:06	23.45	-0.03	10	23450	卖盘
14:01:03	23.48	0.02	20	46960	买盘
14:00:57	23.46	-0.02	4	9384	中性盘
14:00:15	23.48	--	20	46960	买盘
14:00:06	23.48	0.04	3	7044	买盘
13:59:57	23.44	-0.04	10	23440	卖盘
13:59:54	23.48	--	150	352200	卖盘
13:59:42	23.48	--	4	9392	卖盘
13:58:54	23.48	-0.01	10	23480	卖盘
13:58:51	23.49	--	10	23490	买盘
13:58:39	23.49	0.01	10	23490	买盘
13:58:21	23.48	--	8	18784	买盘
13:57:48	23.48	0.03	5	11740	买盘
13:57:36	23.45	0.02	24	56280	买盘
13:57:30	23.43	--	24	56232	买盘
13:57:24	23.43	--	50	117150	卖盘
13:57:15	23.43	-0.02	4	9372	卖盘
13:57:12	23.45	0.02	200	469000	买盘
13:57:09	23.43	--	10	23430	卖盘
13:56:57	23.43	--	10	23430	卖盘
13:56:54	23.43	0.02	12	28116	买盘
13:56:45	23.41	-0.02	1	2341	卖盘
13:56:42	23.43	-0.01	1	2343	中性盘
13:55:03	23.44	--	6	14064	卖盘
13:55:00	23.44	--	2	4688	卖盘
13:54:54	23.44	--	3	7032	卖盘
13:54:51	23.44	0.04	19	44536	买盘
13:54:48	23.4	-0.01	19	44460	卖盘
13:54:39	23.41	-0.03	10	23410	卖盘
13:54:33	23.44	--	114	267216	卖盘
13:54:27	23.44	-0.01	2	4688	卖盘
13:54:24	23.45	--	29	68005	卖盘
13:54:21	23.45	-0.02	1	2345	卖盘
13:54:12	23.47	--	5	11735	卖盘
13:54:00	23.47	--	20	46940	卖盘
13:53:42	23.47	0.01	16	37552	买盘
13:53:33	23.46	-0.02	1	2346	中性盘
13:53:00	23.48	--	3	7044	买盘
13:52:54	23.48	0.03	10	23480	买盘
13:52:36	23.45	--	2	4690	卖盘
13:52:33	23.45	-0.01	1	2345	卖盘
13:52:27	23.46	0.01	5	11730	买盘
13:52:24	23.45	--	2	4690	卖盘
13:52:09	23.45	0.01	65	152425	买盘
13:52:00	23.44	--	3	7032	卖盘
13:51:48	23.44	--	18	42192	卖盘
13:51:36	23.44	0.02	26	60944	买盘
13:51:33	23.42	--	17	39814	卖盘
13:51:09	23.42	--	7	16394	买盘
13:50:54	23.42	0.01	5	11710	买盘
13:50:39	23.41	-0.01	15	35115	卖盘
13:50:18	23.42	--	2	4684	买盘
13:50:12	23.42	-0.02	9	21078	卖盘
13:50:03	23.44	--	37	86728	买盘
13:49:27	23.44	--	2	4688	买盘
13:49:15	23.44	0.03	10	23440	买盘
13:48:00	23.41	--	10	23410	买盘
13:47:42	23.41	--	1	2341	买盘
13:47:30	23.41	0.01	10	23410	买盘
13:47:27	23.4	-0.01	10	23400	卖盘
13:47:21	23.41	--	1	2341	买盘
13:47:15	23.41	-0.04	31	72571	卖盘
13:47:12	23.45	0.04	27	63315	买盘
13:46:51	23.41	--	34	79594	买盘
13:46:42	23.41	--	32	74912	卖盘
13:46:30	23.41	-0.04	15	35115	卖盘
13:46:24	23.45	0.04	40	93800	买盘
13:46:15	23.41	0.01	2	4682	买盘
13:46:12	23.4	--	16	37440	卖盘
13:46:00	23.4	--	5	11700	卖盘
13:45:57	23.4	--	17	39780	买盘
13:45:45	23.4	0.05	10	23400	买盘
13:45:33	23.35	-0.04	24	56040	卖盘
13:45:27	23.39	--	3	7017	卖盘
13:45:24	23.39	--	1	2339	卖盘
13:45:06	23.39	0.04	6	14034	买盘
13:45:03	23.35	-0.01	299	698165	卖盘
13:44:57	23.36	0.01	41	95776	买盘
13:44:45	23.35	0.02	7	16345	买盘
13:44:39	23.33	--	3	6998	买盘
13:44:36	23.33	0.02	10	23330	中性盘
13:44:30	23.31	-0.03	158	368298	卖盘
13:44:27	23.34	0.02	4	9336	买盘
13:44:24	23.32	-0.02	30	69960	卖盘
13:44:21	23.34	--	37	86358	买盘
13:44:18	23.34	0.03	10	23340	中性盘
13:44:03	23.31	--	6	13986	卖盘
13:43:57	23.31	-0.03	80	186480	卖盘
13:43:54	23.34	0.02	20	46680	买盘
13:43:51	23.32	0.01	7	16324	买盘
13:43:48	23.31	0.01	8	18648	买盘
13:43:42	23.3	0.02	20	46600	买盘
13:43:39	23.28	-0.02	3	6984	卖盘
13:43:36	23.3	-0.01	64	149120	卖盘
13:43:33	23.31	--	1	2331	买盘
13:43:30	23.31	--	54	125874	卖盘
13:43:27	23.31	-0.01	1	2331	卖盘
13:43:18	23.32	0.02	74	172568	买盘
13:43:12	23.3	-0.02	19	44270	卖盘
13:43:09	23.32	0.01	12	27984	买盘
13:43:03	23.31	--	53	123543	卖盘
13:43:00	23.31	--	19	44289	卖盘
13:42:54	23.31	-0.01	10	23310	卖盘
13:42:51	23.32	-0.01	11	25652	卖盘
13:42:48	23.33	0.01	4	9332	买盘
13:42:45	23.32	-0.01	8	18656	卖盘
13:42:39	23.33	-0.01	24	55991	卖盘
13:42:33	23.34	--	7	16338	卖盘
13:42:30	23.34	-0.02	152	354768	卖盘
13:42:21	23.36	-0.01	1	2336	卖盘
13:42:18	23.37	-0.02	85	198645	卖盘
13:42:12	23.39	--	19	44441	卖盘
13:42:09	23.39	-0.01	17	39763	卖盘
13:42:06	23.4	--	245	573300	卖盘
13:41:54	23.4	-0.01	11	25740	卖盘
13:41:48	23.41	0.01	4	9364	买盘
13:41:45	23.4	-0.01	50	117000	卖盘
13:41:39	23.41	0.01	1	2341	买盘
13:41:36	23.4	-0.01	11	25740	卖盘
13:41:30	23.41	--	4	9364	买盘
13:41:27	23.41	--	7	16387	买盘
13:41:21	23.41	0.01	1	2341	买盘
13:41:15	23.4	--	3	7020	卖盘
13:41:12	23.4	-0.03	50	117000	卖盘
13:41:06	23.43	0.03	5	11715	买盘
13:41:03	23.4	--	14	32759	卖盘
13:40:36	23.4	-0.03	200	468000	卖盘
13:40:24	23.43	0.01	40	93720	买盘
13:40:18	23.42	-0.01	3	7026	卖盘
13:40:15	23.43	0.01	5	11715	买盘
13:40:12	23.42	-0.01	15	35130	中性盘
13:39:57	23.43	--	5	11715	买盘
13:39:45	23.43	0.02	10	23430	买盘
13:39:30	23.41	-0.02	28	65548	卖盘
13:39:24	23.43	0.02	3	7029	买盘
13:39:21	23.41	--	3	7023	卖盘
13:39:18	23.41	0.01	3	7023	中性盘
13:38:18	23.4	-0.03	10	23400	卖盘
13:38:15	23.43	0.03	10	23430	中性盘
13:38:03	23.4	-0.04	147	343980	卖盘
13:37:54	23.44	--	1	2344	买盘
13:37:42	23.44	--	1	2344	买盘
13:37:36	23.44	--	6	14064	卖盘
13:37:30	23.44	-0.01	25	58600	卖盘
13:37:21	23.45	0.01	12	28140	中性盘
13:37:03	23.44	-0.04	27	63288	卖盘
13:37:00	23.48	0.03	6	14088	中性盘
13:36:45	23.45	0.01	56	131320	买盘
13:36:36	23.44	0.01	55	128920	买盘
13:36:30	23.43	--	5	11715	买盘
13:36:27	23.43	--	3	7029	买盘
13:36:21	23.43	0.01	8	18744	买盘
13:36:18	23.42	0.03	20	46840	买盘
13:36:15	23.39	-0.01	7	16373	卖盘
13:36:12	23.4	0.02	37	86580	买盘
13:36:00	23.38	--	2	4676	卖盘
13:35:57	23.38	--	48	112224	买盘
13:35:54	23.38	0.03	7	16366	买盘
13:35:51	23.35	-0.01	137	319895	卖盘
13:35:48	23.36	0.01	8	18688	卖盘
13:35:45	23.35	-0.01	138	322230	卖盘
13:35:42	23.36	--	1	2336	买盘
13:35:39	23.36	--	18	42048	卖盘
13:35:36	23.36	-0.02	9	21024	卖盘
13:35:27	23.38	0.02	5	11690	买盘
13:35:24	23.36	-0.01	8	18688	卖盘
13:35:21	23.37	-0.01	69	161253	卖盘
13:35:18	23.38	--	15	35070	卖盘
13:35:15	23.38	-0.02	1	2338	卖盘
13:35:12	23.4	--	90	210600	卖盘
13:35:09	23.4	--	2	4680	卖盘
13:35:06	23.4	--	115	269100	卖盘
13:35:03	23.4	--	88	205920	卖盘
13:35:00	23.4	--	256	599040	卖盘
13:34:54	23.4	--	1	2340	卖盘
13:34:51	23.4	--	11	25740	卖盘
13:34:48	23.4	-0.04	400	936000	卖盘
13:34:39	23.44	-0.01	14	32816	中性盘
13:34:21	23.45	--	27	63315	卖盘
13:34:15	23.45	--	6	14070	卖盘
13:34:12	23.45	--	4	9380	买盘
13:34:03	23.45	-0.02	21	49245	卖盘
13:33:51	23.47	0.02	1	2347	卖盘
13:33:45	23.45	-0.03	338	792610	卖盘
13:33:36	23.48	--	10	23480	卖盘
13:33:33	23.48	--	33	77484	卖盘
13:33:30	23.48	--	1	2348	卖盘
13:33:27	23.48	--	1	2348	卖盘
13:33:24	23.48	--	7	16436	卖盘
13:33:21	23.48	--	10	23480	卖盘
13:33:15	23.48	--	9	21132	卖盘
13:33:09	23.48	-0.01	5	11740	卖盘
13:33:06	23.49	0.01	10	23490	买盘
13:33:00	23.48	-0.01	1	2348	卖盘
13:32:36	23.49	-0.01	14	32886	卖盘
13:32:30	23.5	-0.01	63	148050	卖盘
13:32:27	23.51	--	1	2351	卖盘
13:32:24	23.51	0.01	4	9404	买盘
13:32:21	23.5	-0.01	102	239700	卖盘
13:32:09	23.51	--	6	14106	卖盘
13:32:03	23.51	--	22	51722	卖盘
13:31:54	23.51	-0.01	50	117550	卖盘
13:31:48	23.52	--	2	4704	买盘
13:31:39	23.52	--	5	11760	卖盘
13:31:09	23.52	--	2	4704	卖盘
13:31:06	23.52	--	7	16464	卖盘
13:30:48	23.52	0.01	9	21168	买盘
13:30:30	23.51	-0.01	59	138709	卖盘
13:29:57	23.52	--	21	49392	买盘
13:29:54	23.52	0.01	6	14112	买盘
13:29:39	23.51	-0.01	39	91689	卖盘
13:29:21	23.52	--	6	14112	卖盘
13:28:42	23.52	-0.01	3	7056	卖盘
13:28:18	23.53	--	1	2353	卖盘
13:27:48	23.53	0.01	4	9412	中性盘
13:27:27	23.52	-0.01	50	117600	卖盘
13:27:09	23.53	--	5	11765	卖盘
13:26:57	23.53	0.01	13	30589	买盘
13:26:48	23.52	--	3	7056	卖盘
13:26:39	23.52	0.01	5	11760	买盘
13:25:57	23.51	-0.01	2	4702	卖盘
13:25:45	23.52	0.01	21	49392	买盘
13:25:33	23.51	-0.01	20	47020	卖盘
13:25:27	23.52	0.01	7	16464	买盘
13:25:12	23.51	0.01	4	9404	买盘
13:25:03	23.5	0.01	6	14100	买盘
13:24:45	23.49	0.01	1	2349	中性盘
13:24:33	23.48	-0.01	20	46960	卖盘
13:24:30	23.49	0.01	4	9396	中性盘
13:24:15	23.48	--	10	23480	卖盘
13:23:54	23.48	-0.02	3	7044	卖盘
13:23:51	23.5	--	34	79900	卖盘
13:23:48	23.5	--	15	35250	卖盘
13:23:42	23.5	-0.01	22	51700	卖盘
13:23:21	23.51	--	32	75232	卖盘
13:23:15	23.51	--	20	47020	卖盘
13:22:03	23.51	0.01	8	18808	买盘
13:22:00	23.5	-0.01	130	305500	卖盘
13:21:57	23.51	--	2	4702	卖盘
13:21:42	23.51	--	101	237451	卖盘
13:21:09	23.51	-0.01	10	23510	卖盘
13:21:03	23.52	--	3	7056	买盘
13:21:00	23.52	--	25	58800	买盘
13:20:51	23.52	0.01	5	11760	买盘
13:20:42	23.51	--	1	2351	卖盘
13:20:36	23.51	-0.01	100	235100	卖盘
13:20:06	23.52	--	36	84672	买盘
13:19:54	23.52	--	25	58800	卖盘
13:19:30	23.52	0.01	16	37632	中性盘
13:19:09	23.51	--	10	23510	卖盘
13:18:48	23.51	--	5	11755	卖盘
13:18:39	23.51	--	26	61126	卖盘
13:18:18	23.51	--	12	28212	卖盘
13:18:15	23.51	--	10	23510	卖盘
13:18:12	23.51	--	19	44669	卖盘
13:18:00	23.51	-0.02	50	117550	卖盘
13:17:54	23.53	0.02	13	30589	买盘
13:17:48	23.51	-0.02	5	11755	卖盘
13:17:45	23.53	0.01	200	470600	买盘
13:17:27	23.52	-0.01	10	23520	卖盘
13:16:57	23.53	--	56	131768	卖盘
13:16:51	23.53	--	69	162357	卖盘
13:16:45	23.53	--	5	11765	卖盘
13:16:18	23.53	-0.01	20	47060	卖盘
13:16:09	23.54	-0.01	10	23540	中性盘
13:15:48	23.55	0.01	34	80070	买盘
13:15:36	23.54	0.01	44	103576	中性盘
13:15:12	23.53	-0.01	4	9412	卖盘
13:15:09	23.54	--	57	134178	买盘
13:15:03	23.54	--	1	2354	买盘
13:14:48	23.54	0.01	14	32956	中性盘
13:14:27	23.53	--	10	23530	卖盘
13:14:24	23.53	--	50	117650	卖盘
13:14:18	23.53	--	6	14118	卖盘
13:14:09	23.53	--	14	32942	买盘
13:13:51	23.53	--	3	7059	卖盘
13:13:39	23.53	-0.02	50	117650	卖盘
13:13:21	23.55	0.02	1	2355	中性盘
13:13:12	23.53	-0.02	40	94120	卖盘
13:13:09	23.55	--	4	9420	卖盘
13:13:06	23.55	-0.01	3	7065	卖盘
13:12:18	23.56	--	18	42408	卖盘
13:11:27	23.56	--	5	11780	卖盘
13:11:18	23.56	--	5	11780	卖盘
13:11:06	23.56	-0.01	1	2356	卖盘
13:10:27	23.57	0.01	30	70710	买盘
13:10:09	23.56	--	10	23560	卖盘
13:09:57	23.56	0.01	48	113088	中性盘
13:09:39	23.55	-0.02	127	299085	卖盘
13:09:27	23.57	--	10	23570	买盘
13:09:24	23.57	--	40	94280	卖盘
13:08:54	23.57	-0.01	46	108422	卖盘
13:08:45	23.58	-0.01	24	56591	卖盘
13:08:18	23.59	-0.01	28	66052	卖盘
13:08:09	23.6	0.01	1	2360	买盘
13:07:57	23.59	--	22	51898	买盘
13:07:51	23.59	--	3	7077	买盘
13:07:48	23.59	--	3	7077	买盘
13:07:39	23.59	0.01	20	47180	买盘
13:06:51	23.58	--	1	2358	买盘
13:06:45	23.58	0.01	4	9432	买盘
13:06:27	23.57	0.01	70	164990	买盘
13:06:24	23.56	0.01	14	32984	买盘
13:06:21	23.55	-0.01	5	11775	卖盘
13:06:18	23.56	--	5	11780	买盘
13:05:54	23.56	--	1	2356	卖盘
13:05:39	23.56	--	9	21204	买盘
13:05:33	23.56	--	58	136648	买盘
13:05:27	23.56	0.01	16	37696	买盘
13:05:12	23.55	--	9	21195	卖盘
13:04:42	23.55	-0.01	3	7065	卖盘
13:03:36	23.56	--	7	16492	买盘
13:03:27	23.56	0.01	4	9424	中性盘
13:02:30	23.55	-0.03	2	4710	卖盘
13:02:27	23.58	--	11	25937	卖盘
13:02:24	23.58	0.01	49	115541	买盘
13:02:21	23.57	--	28	65996	卖盘
13:02:18	23.57	-0.01	3	7071	卖盘
13:02:12	23.58	0.01	36	84888	买盘
13:02:03	23.57	--	19	44783	买盘
13:01:57	23.57	0.02	41	96637	买盘
13:01:30	23.55	--	5	11775	卖盘
13:01:21	23.55	0.02	11	25905	买盘
13:00:42	23.53	-0.02	50	117650	卖盘
13:00:36	23.55	--	4	9420	买盘
13:00:06	23.55	--	42	98910	买盘
13:00:03	23.55	-0.02	19	44745	卖盘
13:00:00	23.57	--	0	0	买盘
11:30:00	23.57	--	0	0	买盘
11:29:21	23.57	0.01	3	7071	买盘
11:29:00	23.56	--	2	4712	买盘
11:28:57	23.56	0.01	2	4712	买盘
11:28:42	23.55	-0.01	93	219015	卖盘
11:28:39	23.56	-0.01	6	14136	卖盘
11:28:12	23.57	0.01	33	77781	买盘
11:28:09	23.56	-0.02	3	7068	卖盘
11:27:30	23.58	-0.01	2	4716	中性盘
11:26:09	23.59	--	5	11795	买盘
11:25:42	23.59	--	5	11795	买盘
11:25:30	23.59	0.04	10	23590	买盘
11:25:06	23.55	-0.01	37	87135	卖盘
11:25:00	23.56	0.01	1	2356	买盘
11:24:54	23.55	-0.01	10	23550	卖盘
11:24:18	23.56	--	65	153140	买盘
11:24:12	23.56	0.01	5	11780	买盘
11:23:48	23.55	-0.01	50	117750	卖盘
11:23:12	23.56	0.01	18	42408	买盘
11:22:57	23.55	--	7	16485	卖盘
11:22:51	23.55	--	31	73005	买盘
11:22:48	23.55	--	8	18840	买盘
11:22:42	23.55	--	20	47100	买盘
11:22:21	23.55	0.01	45	105975	买盘
11:22:03	23.54	--	6	14124	卖盘
11:21:24	23.54	--	44	103576	卖盘
11:21:21	23.54	--	17	40018	卖盘
11:21:18	23.54	--	13	30602	卖盘
11:20:57	23.54	--	53	124762	买盘
11:20:54	23.54	0.01	10	23540	买盘
11:20:12	23.53	0.03	55	129415	买盘
11:19:51	23.5	-0.03	46	108100	卖盘
11:19:48	23.53	0.03	1	2353	买盘
11:19:15	23.5	-0.03	50	117500	卖盘
11:19:09	23.53	0.03	11	25883	买盘
11:18:45	23.5	--	28	65800	卖盘
11:18:30	23.5	--	5	11750	卖盘
11:18:21	23.5	0.02	57	133950	买盘
11:17:45	23.48	--	14	32872	买盘
11:17:39	23.48	-0.01	17	39916	卖盘
11:17:30	23.49	--	9	21141	买盘
11:17:15	23.49	-0.01	1	2349	卖盘
11:17:06	23.5	0.02	1	2350	买盘
11:16:45	23.48	--	20	46960	卖盘
11:16:24	23.48	-0.02	4	9392	卖盘
11:16:18	23.5	0.02	2	4700	买盘
11:15:54	23.48	--	17	39916	卖盘
11:15:48	23.48	--	20	46960	买盘
11:15:36	23.48	--	10	23480	中性盘
11:15:12	23.48	-0.01	2	4696	买盘
11:15:09	23.49	--	1	2349	卖盘
11:15:06	23.49	0.03	1	2349	买盘
11:15:03	23.46	-0.03	100	234600	卖盘
11:15:00	23.49	0.01	2	4698	买盘
11:14:06	23.48	--	10	23480	卖盘
11:14:03	23.48	--	30	70440	卖盘
11:13:33	23.48	-0.01	33	77484	卖盘
11:13:30	23.49	--	9	21141	买盘
11:13:24	23.49	--	7	16443	卖盘
11:13:06	23.49	--	9	21141	卖盘
11:13:03	23.49	-0.01	4	9396	卖盘
11:12:57	23.5	0.02	5	11750	买盘
11:12:15	23.48	-0.02	13	30524	卖盘
11:11:18	23.5	0.02	30	70500	买盘
11:11:12	23.48	--	3	7044	卖盘
11:11:03	23.48	--	2	4696	卖盘
11:10:36	23.48	-0.04	8	18784	卖盘
11:10:15	23.52	0.04	2	4704	中性盘
11:09:42	23.48	--	10	23480	卖盘
11:09:36	23.48	--	60	140880	卖盘
11:09:30	23.48	--	17	39916	卖盘
11:09:24	23.48	--	37	86876	卖盘
11:09:21	23.48	--	100	234800	卖盘
11:09:15	23.48	-0.02	8	18784	卖盘
11:09:09	23.5	--	10	23500	买盘
11:08:51	23.5	-0.02	71	166850	卖盘
11:08:42	23.52	--	2	4704	卖盘
11:08:03	23.52	-0.02	2	4704	卖盘
11:07:39	23.54	--	4	9416	买盘
11:07:15	23.54	--	20	47080	买盘
11:06:45	23.54	--	10	23540	买盘
11:06:39	23.54	0.04	21	49434	买盘
11:06:27	23.5	--	2	4700	卖盘
11:06:21	23.5	--	18	42300	买盘
11:06:15	23.5	--	93	218550	买盘
11:06:03	23.5	0.01	2	4700	买盘
11:05:42	23.49	--	2	4698	买盘
11:05:27	23.49	-0.01	3	7046	卖盘
11:05:09	23.5	0.02	10	23500	买盘
11:04:48	23.48	-0.02	100	234800	卖盘
11:04:42	23.5	--	1	2350	买盘
11:04:33	23.5	-0.01	56	131600	卖盘
11:04:30	23.51	0.01	15	35265	卖盘
11:04:21	23.5	--	56	131600	买盘
11:04:06	23.5	-0.01	91	213850	卖盘
11:04:03	23.51	0.01	20	47020	买盘
11:03:54	23.5	--	10	23500	卖盘
11:03:45	23.5	-0.01	3	7050	卖盘
11:03:42	23.51	0.01	1	2351	买盘
11:02:39	23.5	--	16	37600	卖盘
11:02:15	23.5	0.01	1	2350	买盘
11:02:06	23.49	--	7	16443	买盘
11:02:03	23.49	--	18	42282	卖盘
11:01:39	23.49	0.03	2	4698	买盘
11:01:33	23.46	-0.02	20	46920	卖盘
11:01:30	23.48	0.02	18	43649	买盘
11:01:21	23.46	--	12	28152	买盘
11:01:15	23.46	--	9	21114	卖盘
11:01:12	23.46	--	39	91494	买盘
11:01:03	23.46	--	22	51612	卖盘
11:00:54	23.46	--	39	91494	买盘
11:00:51	23.46	--	13	30498	卖盘
11:00:42	23.46	--	16	37536	卖盘
11:00:39	23.46	--	16	37536	卖盘
11:00:30	23.46	-0.01	11	25806	卖盘
11:00:27	23.47	-0.01	16	37552	卖盘
11:00:15	23.48	--	45	106622	卖盘
11:00:09	23.48	-0.01	15	35220	卖盘
10:59:48	23.49	--	150	352350	卖盘
10:59:45	23.49	-0.01	3	7046	卖盘
10:59:33	23.5	--	21	49350	卖盘
10:59:30	23.5	-0.01	17	39950	卖盘
10:59:21	23.51	--	5	11755	买盘
10:58:48	23.51	--	62	145762	卖盘
10:58:45	23.51	-0.02	5	11755	卖盘
10:58:42	23.53	0.02	4	9412	中性盘
10:58:09	23.51	-0.02	10	23510	卖盘
10:57:45	23.53	--	23	54119	卖盘
10:57:42	23.53	--	13	30589	卖盘
10:57:21	23.53	--	14	32942	卖盘
10:56:00	23.53	--	10	23530	卖盘
10:55:48	23.53	--	22	51766	买盘
10:55:42	23.53	0.01	10	23530	买盘
10:55:30	23.52	--	3	7056	买盘
10:55:21	23.52	0.02	3	7056	买盘
10:55:18	23.5	-0.02	10	23500	卖盘
10:55:15	23.52	0.02	10	23520	买盘
10:54:48	23.5	--	1	2350	卖盘
10:54:42	23.5	--	5	11750	买盘
10:54:30	23.5	-0.02	317	744950	卖盘
10:54:24	23.52	0.02	5	11760	卖盘
10:54:06	23.5	-0.02	300	705000	卖盘
10:54:00	23.52	0.02	20	47040	买盘
10:53:51	23.5	-0.01	300	705000	卖盘
10:53:48	23.51	--	2	4702	卖盘
10:53:42	23.51	--	5	11755	卖盘
10:53:27	23.51	--	5	11755	卖盘
10:53:24	23.51	--	15	35265	卖盘
10:53:21	23.51	-0.01	110	258610	卖盘
10:53:15	23.52	--	10	23520	买盘
10:53:12	23.52	--	61	143472	卖盘
10:53:09	23.52	--	8	18816	卖盘
10:52:51	23.52	-0.01	3	7056	中性盘
10:52:45	23.53	0.01	2	4706	买盘
10:52:42	23.52	-0.01	100	235200	卖盘
10:52:30	23.53	--	5	11765	买盘
10:52:03	23.53	--	32	75296	卖盘
10:52:00	23.53	--	68	160004	卖盘
10:51:57	23.53	--	10	23530	卖盘
10:51:54	23.53	-0.01	40	94120	卖盘
10:51:42	23.54	--	6	14124	卖盘
10:51:39	23.54	--	3	7062	卖盘
10:51:33	23.54	--	10	23540	卖盘
10:51:27	23.54	--	10	23540	卖盘
10:51:24	23.54	--	4	9416	卖盘
10:51:09	23.54	--	100	235400	卖盘
10:51:06	23.54	-0.01	4	9416	卖盘
10:51:00	23.55	--	2	4710	买盘
10:50:54	23.55	-0.01	31	73005	卖盘
10:50:42	23.56	--	3	7068	买盘
10:50:39	23.56	0.01	2	4712	买盘
10:50:36	23.55	-0.01	100	235500	卖盘
10:50:33	23.56	--	1	2356	买盘
10:50:30	23.56	0.01	10	23560	买盘
10:50:27	23.55	--	4	9420	卖盘
10:49:57	23.55	--	9	21195	买盘
10:49:51	23.55	--	22	51810	买盘
10:49:48	23.55	--	2	4710	买盘
10:49:42	23.55	--	4	9420	买盘
10:49:39	23.55	--	13	30615	买盘
10:49:30	23.55	--	10	23550	买盘
10:49:27	23.55	--	20	47100	卖盘
10:49:15	23.55	--	5	11775	卖盘
10:49:00	23.55	--	10	23550	卖盘
10:48:45	23.55	--	57	134235	买盘
10:48:42	23.55	--	21	49455	买盘
10:48:27	23.55	--	22	51810	卖盘
10:48:03	23.55	-0.02	1	2355	卖盘
10:47:45	23.57	0.01	3	7071	买盘
10:47:39	23.56	-0.02	20	47120	卖盘
10:47:09	23.58	--	8	18864	卖盘
10:47:03	23.58	--	5	11790	卖盘
10:46:00	23.58	-0.02	37	87246	卖盘
10:45:54	23.6	-0.02	3	7080	卖盘
10:45:45	23.62	--	20	47240	买盘
10:45:21	23.62	--	6	14172	买盘
10:45:18	23.62	-0.01	90	212580	卖盘
10:44:54	23.63	--	13	30719	买盘
10:44:51	23.63	0.01	21	49623	买盘
10:44:24	23.62	--	10	23620	买盘
10:44:12	23.62	0.03	10	23620	中性盘
10:43:09	23.59	--	10	23590	卖盘
10:43:00	23.59	--	9	21231	买盘
10:42:48	23.59	--	1	2359	买盘
10:42:45	23.59	-0.02	10	23590	买盘
10:42:36	23.61	-0.01	10	23610	卖盘
10:42:33	23.62	0.1	1	2362	中性盘
10:42:27	23.52	-0.1	233	548016	卖盘
10:42:18	23.62	0.01	25	59050	买盘
10:42:09	23.61	0.01	5	11805	买盘
10:42:06	23.6	--	5	11800	买盘
10:41:57	23.6	--	2	4720	卖盘
10:41:54	23.6	--	6	14160	卖盘
10:41:48	23.6	0.02	1	2360	买盘
10:41:03	23.58	--	16	37728	卖盘
10:40:45	23.58	0.01	79	186282	买盘
10:40:33	23.57	--	10	23570	买盘
10:40:30	23.57	0.02	31	73067	买盘
10:40:27	23.55	--	35	82425	卖盘
10:40:21	23.55	--	5	11775	卖盘
10:39:54	23.55	--	5	11775	卖盘
10:39:51	23.55	--	18	42390	卖盘
10:39:48	23.55	--	50	117750	卖盘
10:39:36	23.55	--	32	75360	买盘
10:39:33	23.55	--	4	9420	买盘
10:39:27	23.55	--	39	91845	买盘
10:39:15	23.55	--	6	14130	卖盘
10:38:57	23.55	0.03	94	221370	买盘
10:38:51	23.52	--	3	7056	卖盘
10:38:48	23.52	--	1	2352	卖盘
10:38:45	23.52	--	25	58800	卖盘
10:38:36	23.52	--	1	2352	卖盘
10:38:33	23.52	-0.03	8	18816	卖盘
10:38:24	23.55	0.03	10	23550	买盘
10:38:12	23.52	-0.03	30	70560	卖盘
10:37:39	23.55	--	34	80070	卖盘
10:37:33	23.55	-0.01	22	51810	卖盘
10:37:24	23.56	--	10	23560	卖盘
10:37:12	23.56	--	20	47120	卖盘
10:37:09	23.56	0.01	20	47120	买盘
10:36:51	23.55	0.03	56	131880	买盘
10:36:45	23.52	--	5	11760	卖盘
10:36:36	23.52	--	10	23520	卖盘
10:36:27	23.52	--	4	9408	卖盘
10:36:12	23.52	-0.03	10	23520	卖盘
10:36:03	23.55	0.03	32	75360	买盘
10:35:54	23.52	--	62	145824	买盘
10:35:45	23.52	--	8	18816	卖盘
10:35:39	23.52	--	3	7056	卖盘
10:35:30	23.52	--	1	2352	买盘
10:35:27	23.52	0.01	19	44688	中性盘
10:35:00	23.51	--	10	23510	卖盘
10:34:45	23.51	--	20	47020	卖盘
10:34:42	23.51	-0.04	2	4702	卖盘
10:34:36	23.55	0.04	9	21195	买盘
10:34:33	23.51	--	17	39967	卖盘
10:34:27	23.51	--	27	63477	卖盘
10:34:18	23.51	-0.05	54	126954	卖盘
10:34:15	23.56	0.05	20	47120	买盘
10:34:12	23.51	--	48	112848	卖盘
10:34:09	23.51	-0.02	108	253908	卖盘
10:34:00	23.53	--	3	7059	卖盘
10:33:54	23.53	--	69	162357	买盘
10:33:48	23.53	--	2	4706	买盘
10:33:42	23.53	--	1	2353	买盘
10:33:36	23.53	-0.02	31	72943	卖盘
10:33:33	23.55	--	10	23550	买盘
10:33:27	23.55	--	13	30615	卖盘
10:33:24	23.55	-0.01	7	16485	卖盘
10:33:18	23.56	--	5	11780	买盘
10:33:12	23.56	--	2	4712	中性盘
10:33:00	23.56	--	20	47120	卖盘
10:32:42	23.56	--	10	23560	卖盘
10:32:33	23.56	--	20	47120	卖盘
10:32:30	23.56	--	15	35340	卖盘
10:32:21	23.56	--	5	11780	卖盘
10:32:15	23.56	0.01	30	70680	买盘
10:32:12	23.55	--	17	40035	卖盘
10:32:06	23.55	-0.01	48	113040	卖盘
10:32:03	23.56	0.01	50	117800	买盘
10:31:51	23.55	--	13	30615	卖盘
10:31:42	23.55	--	3	7065	卖盘
10:31:39	23.55	--	2	4710	卖盘
10:31:36	23.55	--	2	4710	买盘
10:31:30	23.55	--	3	7065	买盘
10:31:27	23.55	--	4	9420	买盘
10:31:24	23.55	--	10	23550	买盘
10:31:21	23.55	0.01	6	14130	买盘
10:31:18	23.54	-0.01	10	23540	卖盘
10:31:12	23.55	--	5	11775	卖盘
10:31:03	23.55	--	5	11775	卖盘
10:31:00	23.55	-0.01	5	11775	卖盘
10:30:54	23.56	--	6	14136	买盘
10:30:51	23.56	0.02	1	2356	买盘
10:30:42	23.54	--	90	211860	卖盘
10:30:30	23.54	--	3	7062	卖盘
10:30:09	23.54	0.04	1	2354	买盘
10:30:00	23.5	-0.08	62	145700	卖盘
10:29:54	23.58	0.04	162	381996	买盘
10:29:51	23.54	--	11	25894	卖盘
10:29:36	23.54	0.04	19	44726	买盘
10:29:33	23.5	--	9	21150	卖盘
10:29:30	23.5	--	20	47000	卖盘
10:29:18	23.5	-0.04	100	235000	卖盘
10:29:06	23.54	0.01	30	70620	买盘
10:29:03	23.53	-0.01	3	7059	卖盘
10:29:00	23.54	--	1	2354	买盘
10:28:54	23.54	--	186	437844	买盘
10:28:48	23.54	-0.01	5	11770	买盘
10:28:45	23.55	--	38	89490	卖盘
10:28:42	23.55	--	22	51810	买盘
10:28:33	23.55	--	28	65940	卖盘
10:28:27	23.55	--	10	23550	卖盘
10:28:18	23.55	-0.02	90	211950	卖盘
10:28:09	23.57	-0.01	91	214487	卖盘
10:28:06	23.58	-0.01	10	23580	卖盘
10:27:57	23.59	-0.01	10	23590	卖盘
10:27:45	23.6	--	8	18880	买盘
10:27:42	23.6	--	24	56640	卖盘
10:27:36	23.6	--	68	160480	卖盘
10:27:33	23.6	--	70	165200	卖盘
10:27:21	23.6	-0.04	208	490880	卖盘
10:27:06	23.64	--	9	21276	买盘
10:26:21	23.64	--	41	96924	卖盘
10:26:18	23.64	-0.01	9	21276	中性盘
10:25:51	23.65	--	6	14190	卖盘
10:25:24	23.65	-0.01	24	56760	卖盘
10:25:15	23.66	--	54	127764	买盘
10:25:03	23.66	--	2	4732	买盘
10:24:48	23.66	--	22	52052	卖盘
10:24:39	23.66	--	5	11830	卖盘
10:24:30	23.66	0.01	2	4732	中性盘
10:24:21	23.65	--	2	4730	卖盘
10:24:15	23.65	--	1	2365	卖盘
10:23:51	23.65	-0.01	7	16555	卖盘
10:23:48	23.66	0.02	2	4732	买盘
10:23:45	23.64	--	20	47280	买盘
10:23:42	23.64	--	15	35460	买盘
10:23:30	23.64	--	20	47280	买盘
10:23:21	23.64	--	3	7092	买盘
10:22:57	23.64	0.02	10	23640	买盘
10:22:54	23.62	0.02	8	18896	中性盘
10:22:30	23.6	--	1	2360	卖盘
10:22:24	23.6	--	40	94400	卖盘
10:22:09	23.6	--	150	354000	卖盘
10:22:06	23.6	-0.01	50	118000	卖盘
10:22:03	23.61	--	1	2361	买盘
10:21:57	23.61	--	3	7083	买盘
10:21:48	23.61	--	70	165270	卖盘
10:21:39	23.61	--	10	23610	卖盘
10:21:33	23.61	--	3	7083	买盘
10:21:21	23.61	--	57	134577	卖盘
10:21:18	23.61	-0.02	22	51942	卖盘
10:21:15	23.63	--	5	11815	买盘
10:21:12	23.63	--	14	33082	买盘
10:21:06	23.63	0.02	20	47260	买盘
10:20:57	23.61	--	6	14166	卖盘
10:20:54	23.61	--	12	28332	卖盘
10:20:39	23.61	-0.01	32	75552	卖盘
10:20:30	23.62	--	10	23620	卖盘
10:20:27	23.62	-0.01	5	11810	卖盘
10:20:21	23.63	--	2	4726	买盘
10:20:18	23.63	0.01	9	21267	买盘
10:19:48	23.62	0.01	7	16534	买盘
10:19:42	23.61	-0.02	5	11805	卖盘
10:19:30	23.63	--	1	2363	买盘
10:19:18	23.63	--	4	9452	买盘
10:19:15	23.63	--	1	2363	买盘
10:19:12	23.63	0.02	1	2363	买盘
10:19:09	23.61	-0.02	30	70830	卖盘
10:18:57	23.63	--	10	23630	买盘
10:18:54	23.63	-0.01	77	181951	卖盘
10:18:30	23.64	0.01	2	4728	买盘
10:18:21	23.63	--	23	54349	买盘
10:18:12	23.63	--	6	14178	买盘
10:18:06	23.63	--	1	2363	买盘
10:17:57	23.63	-0.01	169	399347	卖盘
10:17:54	23.64	--	9	21276	卖盘
10:17:48	23.64	0.01	48	113472	中性盘
10:17:30	23.63	--	4	9452	买盘
10:17:21	23.63	-0.07	5	11815	中性盘
10:17:15	23.7	--	258	611460	卖盘
10:17:06	23.7	--	1	2370	卖盘
10:16:54	23.7	0.06	47	111390	买盘
10:16:48	23.64	--	1	2364	买盘
10:16:42	23.64	--	1	2364	买盘
10:16:36	23.64	-0.05	30	70920	卖盘
10:16:27	23.69	-0.01	5	11845	卖盘
10:16:24	23.7	--	4	9480	买盘
10:16:18	23.7	-0.02	3	7110	卖盘
10:16:06	23.72	--	15	35580	卖盘
10:15:57	23.72	0.02	30	71160	中性盘
10:15:48	23.7	--	5	11850	卖盘
10:15:36	23.7	-0.03	10	23700	卖盘
10:15:09	23.73	-0.01	5	11865	卖盘
10:15:06	23.74	--	2	4748	买盘
10:14:54	23.74	--	11	26114	买盘
10:14:48	23.74	--	3	7121	卖盘
10:14:45	23.74	--	11	26114	卖盘
10:14:33	23.74	-0.01	5	11870	卖盘
10:14:27	23.75	0.01	10	23750	买盘
10:14:21	23.74	-0.01	12	28487	卖盘
10:14:18	23.75	0.01	1	2375	买盘
10:14:12	23.74	--	20	47480	卖盘
10:14:09	23.74	--	20	47480	卖盘
10:14:00	23.74	0.01	105	249269	买盘
10:13:39	23.73	0.03	13	30849	买盘
10:13:33	23.7	-0.03	1	2370	卖盘
10:13:30	23.73	--	27	64071	中性盘
10:13:18	23.73	-0.01	2	4746	中性盘
10:13:12	23.74	0.01	20	47480	买盘
10:13:09	23.73	0.03	90	213570	买盘
10:13:06	23.7	-0.03	8	18960	卖盘
10:12:54	23.73	--	18	42714	卖盘
10:12:48	23.73	--	2	4746	买盘
10:12:45	23.73	0.01	50	118650	买盘
10:12:42	23.72	--	5	11860	卖盘
10:12:36	23.72	0.02	3	7116	买盘
10:12:24	23.7	0.01	38	90060	买盘
10:12:18	23.69	-0.01	1	2369	中性盘
10:12:12	23.7	0.01	4	9480	买盘
10:12:03	23.69	0.02	2	4738	卖盘
10:11:51	23.67	--	2	4734	买盘
10:11:48	23.67	-0.01	5	11835	买盘
10:11:39	23.68	--	39	92352	卖盘
10:11:18	23.68	-0.02	87	206016	卖盘
10:11:15	23.7	0.02	72	170640	买盘
10:11:03	23.68	0.05	194	459392	买盘
10:11:00	23.63	--	1	2363	卖盘
10:10:57	23.63	--	1	2363	卖盘
10:10:36	23.63	-0.02	20	47260	卖盘
10:10:27	23.65	0.02	1	2365	买盘
10:10:18	23.63	--	17	40171	买盘
10:10:12	23.63	0.02	12	28356	买盘
10:10:03	23.61	-0.02	3	7083	卖盘
10:09:45	23.63	--	7	16541	卖盘
10:09:36	23.63	--	8	18904	卖盘
10:09:24	23.63	--	3	7089	卖盘
10:09:06	23.63	0.01	9	21267	卖盘
10:09:03	23.62	--	35	82670	买盘
10:09:00	23.62	--	51	120462	卖盘
10:08:48	23.62	--	5	11810	卖盘
10:08:45	23.62	0.01	1	2362	中性盘
10:08:36	23.61	--	20	47220	卖盘
10:08:15	23.61	-0.05	47	110967	卖盘
10:08:06	23.66	0.01	89	210574	买盘
10:08:00	23.65	-0.01	9	21285	卖盘
10:07:57	23.66	0.01	5	11830	买盘
10:07:36	23.65	-0.01	106	250689	卖盘
10:07:21	23.66	0.01	6	14196	买盘
10:07:18	23.65	--	50	118250	卖盘
10:07:06	23.65	--	2	4730	卖盘
10:07:03	23.65	--	19	44935	买盘
10:07:00	23.65	--	5	11825	买盘
10:06:30	23.65	-0.01	16	37840	卖盘
10:06:24	23.66	--	14	33124	买盘
10:06:06	23.66	0.02	20	47320	买盘
10:06:03	23.64	--	8	18912	买盘
10:05:54	23.64	-0.02	5	11820	中性盘
10:05:36	23.66	0.03	20	47320	买盘
10:05:30	23.63	-0.01	10	23630	卖盘
10:05:18	23.64	0.01	43	101652	买盘
10:05:15	23.63	0.03	8	18904	买盘
10:05:03	23.6	--	21	49560	卖盘
10:04:36	23.6	-0.03	1	2360	卖盘
10:04:33	23.63	0.05	37	87431	买盘
10:04:30	23.58	-0.02	2	4716	卖盘
10:04:12	23.6	0.02	2	4720	买盘
10:04:09	23.58	--	3	7073	卖盘
10:03:54	23.58	--	5	11790	买盘
10:03:48	23.58	--	31	73098	卖盘
10:03:42	23.58	-0.02	20	47160	卖盘
10:03:39	23.6	--	5	11800	买盘
10:03:30	23.6	--	12	28320	卖盘
10:03:27	23.6	0.02	1	2360	中性盘
10:03:09	23.58	-0.05	2	4716	中性盘
10:02:42	23.63	--	3	7089	买盘
10:02:30	23.63	--	9	21267	买盘
10:02:21	23.63	-0.01	3	7089	卖盘
10:02:18	23.64	0.01	1	2364	买盘
10:02:12	23.63	--	1	2363	中性盘
10:02:09	23.63	0.08	12	28356	中性盘
10:01:54	23.55	-0.08	10	23550	卖盘
10:01:42	23.63	-0.02	10	23630	卖盘
10:01:39	23.65	0.1	38	89870	买盘
10:01:33	23.55	--	100	235500	买盘
10:01:30	23.55	--	18	42390	卖盘
10:01:27	23.55	--	16	37680	卖盘
10:01:24	23.55	--	20	47100	卖盘
10:01:21	23.55	--	30	70650	卖盘
10:01:15	23.55	--	12	28260	卖盘
10:01:12	23.55	--	10	23550	卖盘
10:01:09	23.55	--	10	23550	卖盘
10:01:00	23.55	-0.06	100	235500	卖盘
10:00:57	23.61	0.01	17	40137	买盘
10:00:54	23.6	--	75	177000	卖盘
10:00:48	23.6	--	32	75520	卖盘
10:00:45	23.6	-0.03	20	47200	卖盘
10:00:42	23.63	--	33	77979	买盘
10:00:30	23.63	--	29	68527	卖盘
10:00:27	23.63	-0.02	27	63801	卖盘
10:00:18	23.65	--	5	11825	买盘
10:00:15	23.65	-0.01	72	170280	卖盘
10:00:06	23.66	--	10	23660	卖盘
10:00:00	23.66	--	6	14196	卖盘
09:59:54	23.66	-0.01	14	33124	卖盘
09:59:42	23.67	-0.01	10	23670	卖盘
09:59:36	23.68	0.01	10	23680	买盘
09:59:33	23.67	-0.01	8	18936	卖盘
09:59:15	23.68	-0.01	22	52096	卖盘
09:59:12	23.69	--	5	11845	卖盘
09:59:06	23.69	--	2	4738	买盘
09:59:03	23.69	0.01	3	7107	买盘
09:59:00	23.68	--	5	11840	卖盘
09:58:51	23.68	-0.01	3	7104	卖盘
09:58:36	23.69	--	2	4738	买盘
09:58:30	23.69	-0.01	25	59225	卖盘
09:58:21	23.7	0.01	4	9480	买盘
09:58:18	23.69	--	11	26059	卖盘
09:58:12	23.69	--	1	2369	卖盘
09:58:03	23.69	--	39	92391	买盘
09:57:48	23.69	-0.01	61	144509	卖盘
09:57:24	23.7	-0.02	5	11850	卖盘
09:57:15	23.72	0.02	10	23720	买盘
09:57:06	23.7	-0.02	5	11850	卖盘
09:56:57	23.72	0.02	100	237200	买盘
09:56:39	23.7	--	82	194340	卖盘
09:56:24	23.7	--	23	54510	买盘
09:56:21	23.7	0.01	20	47400	买盘
09:56:12	23.69	-0.01	5	11845	卖盘
09:56:09	23.7	--	14	33180	买盘
09:56:03	23.7	--	2	4740	买盘
09:56:00	23.7	0.01	10	23700	买盘
09:55:51	23.69	-0.01	1	2369	卖盘
09:55:45	23.7	--	8	18960	买盘
09:55:42	23.7	--	2	4740	买盘
09:55:39	23.7	--	8	18960	买盘
09:55:36	23.7	--	3	7110	卖盘
09:55:30	23.7	--	6	14220	卖盘
09:55:18	23.7	0.01	5	11850	中性盘
09:55:03	23.69	-0.01	30	71070	卖盘
09:55:00	23.7	--	8	18960	卖盘
09:54:57	23.7	0.01	27	63990	买盘
09:54:54	23.69	--	10	23690	卖盘
09:54:39	23.69	--	50	118450	卖盘
09:54:33	23.69	-0.05	8	18952	卖盘
09:54:15	23.74	--	36	85464	卖盘
09:54:12	23.74	--	5	11870	卖盘
09:54:06	23.74	--	28	66472	卖盘
09:54:00	23.74	--	18	42732	买盘
09:53:57	23.74	--	3	7121	买盘
09:53:45	23.74	-0.01	10	23740	中性盘
09:53:30	23.75	--	3	7125	卖盘
09:53:06	23.75	0.07	10	23750	中性盘
09:52:57	23.68	--	5	11840	买盘
09:52:51	23.68	-0.01	14	33152	卖盘
09:52:33	23.69	--	1	2369	卖盘
09:52:24	23.69	--	22	52118	买盘
09:52:21	23.69	--	32	75808	买盘
09:52:18	23.69	--	42	99498	买盘
09:52:15	23.69	--	14	33166	买盘
09:52:09	23.69	--	20	47380	买盘
09:51:48	23.69	--	3	7107	买盘
09:51:24	23.69	--	13	30797	买盘
09:51:21	23.69	--	14	33166	买盘
09:51:15	23.69	0.02	84	198996	买盘
09:51:06	23.67	-0.02	38	89946	卖盘
09:51:03	23.69	--	12	28428	买盘
09:51:00	23.69	-0.01	121	286649	卖盘
09:50:57	23.7	--	10	23700	卖盘
09:50:33	23.7	--	24	56880	买盘
09:50:30	23.7	--	2	4740	买盘
09:50:27	23.7	--	130	308100	买盘
09:50:12	23.7	--	15	35550	买盘
09:50:09	23.7	--	64	151680	买盘
09:50:03	23.7	-0.09	123	291510	卖盘
09:49:42	23.79	--	5	11895	买盘
09:49:30	23.79	--	3	7137	买盘
09:49:27	23.79	0.05	51	121329	买盘
09:49:15	23.74	0.01	2	4748	中性盘
09:48:57	23.73	-0.07	4	9492	中性盘
09:48:51	23.8	--	5	11900	买盘
09:48:48	23.8	--	42	99960	买盘
09:48:45	23.8	0.07	2	4760	买盘
09:48:42	23.73	-0.07	3	7119	卖盘
09:48:39	23.8	--	115	273700	卖盘
09:48:36	23.8	-0.01	103	245140	卖盘
09:48:33	23.81	--	30	71430	卖盘
09:48:30	23.81	--	35	83335	卖盘
09:48:27	23.81	-0.03	6	14286	卖盘
09:48:21	23.84	0.03	22	52448	买盘
09:48:15	23.81	-0.03	66	157146	卖盘
09:48:12	23.84	--	61	145424	卖盘
09:48:09	23.84	-0.01	50	119200	卖盘
09:48:00	23.85	--	23	54855	卖盘
09:47:57	23.85	--	7	16695	卖盘
09:47:54	23.85	--	43	102555	买盘
09:47:45	23.85	--	11	26235	买盘
09:47:36	23.85	0.01	20	47700	买盘
09:47:33	23.84	--	5	11920	卖盘
09:47:27	23.84	0.01	10	23840	卖盘
09:47:24	23.83	-0.02	13	30978	中性盘
09:47:21	23.85	0.01	13	31005	买盘
09:47:18	23.84	0.02	2	4768	买盘
09:47:15	23.82	-0.02	12	28584	卖盘
09:47:09	23.84	--	2	4768	买盘
09:47:06	23.84	--	6	14304	卖盘
09:46:57	23.84	-0.01	10	23840	卖盘
09:46:54	23.85	0.03	53	126405	买盘
09:46:48	23.82	--	12	28584	买盘
09:46:45	23.82	0.01	16	38112	买盘
09:46:42	23.81	-0.01	5	11905	卖盘
09:46:39	23.82	--	5	11910	卖盘
09:46:33	23.82	-0.03	92	219144	卖盘
09:46:30	23.85	0.04	1	2385	买盘
09:46:24	23.81	-0.06	60	142860	卖盘
09:46:21	23.87	--	8	19096	买盘
09:46:18	23.87	0.06	9	21483	买盘
09:46:12	23.81	-0.01	5	11905	卖盘
09:46:09	23.82	--	2	4764	卖盘
09:46:06	23.82	-0.08	22	52404	卖盘
09:46:03	23.9	-0.03	20	47800	中性盘
09:45:54	23.93	0.01	73	174689	买盘
09:45:51	23.92	-0.01	23	55016	中性盘
09:45:45	23.93	0.03	20	47860	买盘
09:45:42	23.9	0.1	140	334600	买盘
09:45:36	23.8	--	15	35700	卖盘
09:45:27	23.8	0.04	55	130900	买盘
09:45:24	23.76	--	5	11880	买盘
09:45:21	23.76	--	29	68904	卖盘
09:45:09	23.76	0.06	31	73656	买盘
09:45:06	23.7	-0.03	5	11850	卖盘
09:45:03	23.73	0.03	7	16611	买盘
09:44:57	23.7	0.02	233	552210	买盘
09:44:54	23.68	--	770	1823360	买盘
09:44:45	23.68	--	20	47360	买盘
09:44:39	23.68	0.02	184	435712	买盘
09:44:36	23.66	--	15	35490	卖盘
09:44:33	23.66	0.01	28	66248	买盘
09:44:24	23.65	--	1	2365	买盘
09:44:21	23.65	--	6	14190	卖盘
09:44:06	23.65	0.03	40	94600	买盘
09:43:57	23.62	--	5	11810	卖盘
09:43:54	23.62	0.01	5	11810	中性盘
09:43:39	23.61	--	2	4722	卖盘
09:43:30	23.61	0.01	6	14166	买盘
09:43:18	23.6	--	25	60203	卖盘
09:43:09	23.6	--	2	4720	卖盘
09:43:06	23.6	--	9	21240	买盘
09:43:03	23.6	--	14	33040	买盘
09:42:57	23.6	--	2	4720	买盘
09:42:51	23.6	--	4	9440	买盘
09:42:42	23.6	--	50	118000	买盘
09:42:39	23.6	--	20	47200	买盘
09:42:36	23.6	-0.01	5	11800	卖盘
09:42:33	23.61	0.01	1	2361	买盘
09:42:27	23.6	0.03	47	110920	买盘
09:42:24	23.57	0.01	8	18856	中性盘
09:42:18	23.56	--	60	141360	卖盘
09:42:03	23.56	-0.01	30	70680	卖盘
09:41:51	23.57	0.01	11	25927	中性盘
09:41:39	23.56	-0.04	5	11780	卖盘
09:41:36	23.6	--	28	66080	卖盘
09:41:30	23.6	-0.01	1	2360	卖盘
09:41:27	23.61	--	5	11805	买盘
09:41:12	23.61	--	18	42498	卖盘
09:41:00	23.61	-0.01	2	4722	卖盘
09:40:54	23.62	--	1	2362	买盘
09:40:51	23.62	--	5	11810	买盘
09:40:48	23.62	--	1	2362	买盘
09:40:45	23.62	-0.03	43	101566	卖盘
09:40:42	23.65	-0.01	28	66220	卖盘
09:40:39	23.66	0.01	54	127764	买盘
09:40:36	23.65	--	10	23650	卖盘
09:40:33	23.65	--	55	130074	卖盘
09:40:30	23.65	--	10	23650	卖盘
09:40:24	23.65	--	1	2365	卖盘
09:40:21	23.65	--	31	73315	卖盘
09:40:18	23.65	--	94	222310	卖盘
09:40:15	23.65	--	59	139535	买盘
09:40:12	23.65	--	31	73315	卖盘
09:40:09	23.65	--	14	33110	卖盘
09:40:03	23.65	-0.01	40	94600	卖盘
09:40:00	23.66	-0.01	2	4732	卖盘
09:39:57	23.67	--	92	217764	买盘
09:39:54	23.67	0.01	5	11835	买盘
09:39:51	23.66	--	13	30758	卖盘
09:39:42	23.66	0.01	11	26026	买盘
09:39:27	23.65	0.02	10	23650	买盘
09:39:21	23.63	0.01	22	51986	买盘
09:39:18	23.62	0.01	2	4724	中性盘
09:39:15	23.61	-0.01	2	4722	卖盘
09:39:12	23.62	--	1	2362	买盘
09:39:09	23.62	0.01	6	14172	买盘
09:39:06	23.61	--	11	25971	卖盘
09:39:03	23.61	--	53	125133	卖盘
09:38:54	23.61	--	20	47220	卖盘
09:38:51	23.61	--	10	23610	买盘
09:38:48	23.61	--	5	11805	买盘
09:38:45	23.61	0.01	5	11805	买盘
09:38:21	23.6	0.01	50	118000	卖盘
09:38:12	23.59	0.03	7	16513	买盘
09:38:00	23.56	--	2	4712	买盘
09:37:57	23.56	--	2	4712	买盘
09:37:51	23.56	--	20	47120	买盘
09:37:45	23.56	--	19	44764	卖盘
09:37:42	23.56	--	12	28272	卖盘
09:37:39	23.56	--	39	91884	卖盘
09:37:33	23.56	0.01	20	47120	买盘
09:37:30	23.55	--	4	9420	买盘
09:37:27	23.55	--	3	7065	买盘
09:37:24	23.55	--	20	47100	买盘
09:37:21	23.55	0.02	24	56520	买盘
09:37:12	23.53	-0.02	50	117650	卖盘
09:37:09	23.55	0.02	5	11775	中性盘
09:37:00	23.53	-0.01	87	204711	卖盘
09:36:57	23.54	--	21	49434	买盘
09:36:45	23.54	-0.01	84	197736	卖盘
09:36:39	23.55	--	10	23550	卖盘
09:36:18	23.55	-0.02	99	233145	卖盘
09:36:15	23.57	--	13	30641	卖盘
09:36:12	23.57	0.02	36	84852	买盘
09:36:09	23.55	0.01	1	2355	买盘
09:36:03	23.54	--	7	16478	卖盘
09:36:00	23.54	-0.01	33	77682	中性盘
09:35:51	23.55	0.01	20	47100	买盘
09:35:48	23.54	-0.03	15	35310	卖盘
09:35:33	23.57	0.02	50	117850	买盘
09:35:27	23.55	-0.02	80	188400	卖盘
09:35:24	23.57	--	40	94280	买盘
09:35:18	23.57	--	13	30641	卖盘
09:35:12	23.57	-0.02	21	49497	卖盘
09:35:06	23.59	--	19	44821	买盘
09:35:03	23.59	--	42	99078	卖盘
09:35:00	23.59	--	50	117950	卖盘
09:34:51	23.59	-0.03	11	25949	卖盘
09:34:45	23.62	0.01	4	9448	卖盘
09:34:39	23.61	0.01	1	2361	买盘
09:34:30	23.6	--	42	99120	卖盘
09:34:27	23.6	0.01	49	115640	买盘
09:34:24	23.59	--	2	4718	卖盘
09:34:21	23.59	0.01	39	92001	买盘
09:34:18	23.58	-0.01	19	44802	卖盘
09:34:15	23.59	--	6	14154	买盘
09:34:06	23.59	--	2	4718	买盘
09:34:03	23.59	-0.01	7	16513	卖盘
09:33:57	23.6	0.02	25	59000	买盘
09:33:54	23.58	--	1	2358	卖盘
09:33:45	23.58	--	4	9432	卖盘
09:33:42	23.58	0.01	4	9432	买盘
09:33:39	23.57	--	25	58925	卖盘
09:33:27	23.57	--	10	23570	卖盘
09:33:24	23.57	0.01	46	108422	买盘
09:33:21	23.56	--	7	16492	卖盘
09:33:18	23.56	-0.01	36	84816	卖盘
09:33:15	23.57	--	5	11785	买盘
09:33:09	23.57	0.01	8	18856	买盘
09:32:48	23.56	0.06	30	70680	买盘
09:32:45	23.5	--	13	30550	卖盘
09:32:36	23.5	-0.01	10	23500	卖盘
09:32:33	23.51	--	5	11755	卖盘
09:32:27	23.51	0.01	6	14106	买盘
09:32:24	23.5	-0.01	10	23500	卖盘
09:32:21	23.51	0.01	4	9404	中性盘
09:32:09	23.5	--	8	18800	买盘
09:32:03	23.5	--	26	61100	买盘
09:32:00	23.5	--	10	23500	买盘
09:31:57	23.5	-0.08	52	122200	卖盘
09:31:45	23.58	--	14	33012	买盘
09:31:42	23.58	0.08	12	28295	买盘
09:31:39	23.5	--	55	129250	卖盘
09:31:24	23.5	-0.1	10	23500	卖盘
09:31:21	23.6	0.12	9	21240	买盘
09:31:18	23.48	-0.12	54	126792	卖盘
09:31:15	23.6	--	10	23600	买盘
09:31:12	23.6	0.12	2	4720	买盘
09:31:09	23.48	-0.12	63	147924	卖盘
09:31:03	23.6	--	14	33040	卖盘
09:30:57	23.6	--	17	40120	卖盘
09:30:54	23.6	0.04	32	75520	买盘
09:30:48	23.56	--	5	11780	卖盘
09:30:42	23.56	0.06	0	1390	买盘
09:30:39	23.5	0.02	50	117500	中性盘
09:30:18	23.48	-0.12	5	11740	卖盘
09:30:15	23.6	--	1	2360	买盘
09:30:09	23.6	0.04	42	99120	买盘
09:30:06	23.56	0.1	5	11780	买盘
09:30:03	23.46	23.46	24	56304	买盘
