成交时间	成交价	价格变动	成交量(手)	成交额(元)	性质
15:00:03	9.41	--	2034	1914370	买盘
14:57:03	9.41	--	20	18820	买盘
14:56:57	9.41	0.01	3	2823	买盘
14:56:54	9.4	-0.01	95	89300	卖盘
14:56:51	9.41	--	15	14115	买盘
14:56:45	9.41	--	94	88454	买盘
14:56:42	9.41	--	25	23525	卖盘
14:56:39	9.41	--	27	25407	卖盘
14:56:33	9.41	--	25	23525	买盘
14:56:30	9.41	0.01	10	9410	买盘
14:56:27	9.4	-0.01	42	39480	卖盘
14:56:24	9.41	0.01	268	252188	中性盘
14:56:21	9.4	-0.01	136	127840	卖盘
14:56:18	9.41	0.01	1	941	买盘
14:56:12	9.4	-0.01	71	67304	卖盘
14:56:09	9.41	--	33	31053	卖盘
14:56:06	9.41	--	4	3764	卖盘
14:55:54	9.41	0.01	5	4705	买盘
14:55:51	9.4	--	9	8460	卖盘
14:55:48	9.4	-0.02	100	94000	卖盘
14:55:45	9.42	0.02	395	372090	买盘
14:55:42	9.4	-0.01	60	56400	卖盘
14:55:39	9.41	-0.01	39	36699	卖盘
14:55:36	9.42	0.01	69	64998	买盘
14:55:33	9.41	--	81	76221	卖盘
14:55:30	9.41	--	10	9410	卖盘
14:55:27	9.41	--	200	188200	卖盘
14:55:24	9.41	--	1	941	卖盘
14:55:21	9.41	--	11	10351	卖盘
14:55:15	9.41	--	40	37640	卖盘
14:55:12	9.41	--	2	1882	卖盘
14:55:09	9.41	--	72	67752	买盘
14:55:06	9.41	--	100	94100	买盘
14:55:03	9.41	0.01	31	29171	买盘
14:55:00	9.4	-0.01	201	188940	卖盘
14:54:54	9.41	0.01	187	175967	买盘
14:54:51	9.4	-0.01	124	116860	卖盘
14:54:42	9.41	--	10	9410	买盘
14:54:39	9.41	--	214	201374	买盘
14:54:36	9.41	0.01	2	1882	买盘
14:54:33	9.4	-0.01	181	170140	卖盘
14:54:30	9.41	--	17	15997	买盘
14:54:24	9.41	--	149	140209	买盘
14:54:18	9.41	0.01	2	1882	买盘
14:54:12	9.4	-0.01	109	102460	卖盘
14:54:09	9.41	--	11	10351	买盘
14:54:06	9.41	0.01	11	10351	买盘
14:54:03	9.4	--	168	157920	卖盘
14:53:57	9.4	-0.01	50	47000	卖盘
14:53:54	9.41	--	100	94100	买盘
14:53:51	9.41	--	313	294533	买盘
14:53:36	9.41	--	12	11292	买盘
14:53:33	9.41	0.01	136	127976	买盘
14:53:30	9.4	--	20	18800	卖盘
14:53:27	9.4	--	11	10340	卖盘
14:53:24	9.4	-0.01	17	15980	卖盘
14:53:21	9.41	0.01	26	24466	买盘
14:53:18	9.4	--	30	28200	卖盘
14:53:15	9.4	--	17	15980	卖盘
14:53:12	9.4	-0.01	8	7520	卖盘
14:53:06	9.41	--	180	169380	买盘
14:53:03	9.41	--	20	18820	买盘
14:53:00	9.41	0.01	21	19761	买盘
14:52:57	9.4	--	130	122200	卖盘
14:52:54	9.4	--	161	151340	卖盘
14:52:51	9.4	-0.01	4	3760	卖盘
14:52:48	9.41	--	100	94100	买盘
14:52:45	9.41	--	1	941	买盘
14:52:39	9.41	--	2	1882	买盘
14:52:36	9.41	--	1	941	买盘
14:52:33	9.41	--	48	45168	买盘
14:52:30	9.41	--	10	9410	买盘
14:52:27	9.41	-0.01	913	859133	卖盘
14:52:21	9.42	0.01	1	942	买盘
14:52:18	9.41	--	49	46109	卖盘
14:52:15	9.41	-0.01	2	1882	卖盘
14:52:12	9.42	0.01	399	375858	买盘
14:52:09	9.41	-0.01	220	207020	卖盘
14:52:06	9.42	0.01	25	23550	买盘
14:52:03	9.41	-0.01	3	2823	卖盘
14:51:54	9.42	--	44	41448	买盘
14:51:48	9.42	0.01	11	10362	买盘
14:51:45	9.41	-0.01	20	18820	卖盘
14:51:36	9.42	0.01	1	942	买盘
14:51:33	9.41	-0.01	30	28230	卖盘
14:51:27	9.42	--	5	4710	买盘
14:51:24	9.42	0.01	4	3768	买盘
14:51:18	9.41	--	111	104451	卖盘
14:51:15	9.41	-0.01	20	18820	卖盘
14:51:12	9.42	0.01	20	18840	买盘
14:51:06	9.41	-0.01	173	163545	卖盘
14:51:03	9.42	--	281	264890	买盘
14:51:00	9.42	0.01	28	26376	买盘
14:50:54	9.41	-0.01	100	94100	卖盘
14:50:51	9.42	0.01	78	73476	买盘
14:50:45	9.41	-0.01	91	85631	卖盘
14:50:39	9.42	0.01	200	188400	买盘
14:50:36	9.41	--	385	362285	卖盘
14:50:33	9.41	--	30	28230	卖盘
14:50:30	9.41	-0.01	5	4705	卖盘
14:50:27	9.42	0.01	63	59346	买盘
14:50:24	9.41	--	10	9410	卖盘
14:50:21	9.41	--	24	22584	卖盘
14:50:12	9.41	--	2	1882	卖盘
14:50:09	9.41	--	102	95982	买盘
14:50:06	9.41	0.01	1	941	买盘
14:50:03	9.4	-0.01	1	940	卖盘
14:50:00	9.41	0.01	107	100687	买盘
14:49:48	9.4	-0.01	214	201160	卖盘
14:49:45	9.41	--	26	24466	买盘
14:49:42	9.41	--	29	27289	买盘
14:49:39	9.41	--	1	941	买盘
14:49:36	9.41	--	23	21643	买盘
14:49:33	9.41	--	1	941	买盘
14:49:27	9.41	--	13	12233	买盘
14:49:24	9.41	0.01	34	31994	买盘
14:49:18	9.4	-0.01	27	25380	卖盘
14:49:12	9.41	--	3	2823	卖盘
14:49:09	9.41	-0.01	123	115743	卖盘
14:49:06	9.42	0.01	7	6594	买盘
14:49:00	9.41	--	35	32935	卖盘
14:48:57	9.41	--	10	9410	卖盘
14:48:51	9.41	--	14	13174	卖盘
14:48:48	9.41	--	60	56460	卖盘
14:48:45	9.41	-0.01	27	25407	卖盘
14:48:42	9.42	0.01	104	97968	买盘
14:48:39	9.41	-0.01	105	98805	卖盘
14:48:36	9.42	--	23	21666	买盘
14:48:33	9.42	0.01	34	32028	买盘
14:48:24	9.41	--	6	5646	卖盘
14:48:21	9.41	--	70	65870	卖盘
14:48:18	9.41	--	20	18820	卖盘
14:48:12	9.41	--	20	18820	卖盘
14:48:09	9.41	--	202	190082	买盘
14:48:06	9.41	--	2	1882	买盘
14:48:03	9.41	--	65	61165	买盘
14:48:00	9.41	--	301	283241	买盘
14:47:57	9.41	0.01	9	8469	买盘
14:47:54	9.4	--	30	28200	卖盘
14:47:42	9.4	-0.01	10	9400	卖盘
14:47:36	9.41	--	16	15056	买盘
14:47:30	9.41	--	17	15997	买盘
14:47:24	9.41	--	10	9410	买盘
14:47:21	9.41	--	10	9410	买盘
14:47:18	9.41	-0.01	85	79985	中性盘
14:47:06	9.42	--	1	942	买盘
14:47:03	9.42	0.01	300	282600	买盘
14:47:00	9.41	--	15	14115	买盘
14:46:57	9.41	--	26	24466	买盘
14:46:54	9.41	--	2	1882	买盘
14:46:51	9.41	--	247	232427	卖盘
14:46:48	9.41	--	3	2823	卖盘
14:46:42	9.41	--	3	2823	卖盘
14:46:36	9.41	-0.01	102	95982	卖盘
14:46:33	9.42	0.01	7	6594	买盘
14:46:30	9.41	--	13	12233	卖盘
14:46:24	9.41	--	5	4705	卖盘
14:46:18	9.41	--	5	4705	卖盘
14:46:09	9.41	--	70	65870	卖盘
14:46:06	9.41	--	63	59283	卖盘
14:46:03	9.41	--	100	94100	卖盘
14:46:00	9.41	-0.01	130	122330	卖盘
14:45:51	9.42	0.01	24	22608	买盘
14:45:48	9.41	--	15	14115	卖盘
14:45:45	9.41	--	1	941	卖盘
14:45:39	9.41	-0.01	10	9410	卖盘
14:45:36	9.42	0.01	31	29202	买盘
14:45:33	9.41	-0.01	7	6587	卖盘
14:45:18	9.42	--	5	4710	买盘
14:45:12	9.42	--	46	43332	买盘
14:45:09	9.42	--	10	9420	买盘
14:45:06	9.42	--	3	2826	买盘
14:44:54	9.42	0.01	10	9420	买盘
14:44:48	9.41	0.01	11	10351	中性盘
14:44:42	9.4	-0.01	300	282000	卖盘
14:44:39	9.41	-0.01	1	941	卖盘
14:44:36	9.42	0.01	1	942	买盘
14:44:33	9.41	--	1	941	卖盘
14:44:30	9.41	--	50	47050	卖盘
14:44:27	9.41	--	1	941	卖盘
14:44:18	9.41	--	11	10351	卖盘
14:44:15	9.41	-0.01	176	166368	卖盘
14:44:06	9.42	0.01	80	75360	买盘
14:44:03	9.41	--	30	28230	卖盘
14:43:57	9.41	--	3	2823	卖盘
14:43:51	9.41	-0.01	400	376400	卖盘
14:43:42	9.42	0.01	1	942	买盘
14:43:39	9.41	-0.01	12	11292	卖盘
14:43:36	9.42	--	61	57462	买盘
14:43:33	9.42	0.01	50	47100	买盘
14:43:27	9.41	--	35	32935	卖盘
14:43:24	9.41	-0.01	23	21643	卖盘
14:43:21	9.42	--	4	3768	买盘
14:43:12	9.42	--	50	47100	买盘
14:43:06	9.42	0.01	9	8478	买盘
14:43:03	9.41	-0.01	23	21643	卖盘
14:42:57	9.42	0.01	21	19782	买盘
14:42:54	9.41	-0.01	6	5646	卖盘
14:42:42	9.42	--	12	11304	卖盘
14:42:39	9.42	0.01	6	5652	中性盘
14:42:36	9.41	-0.01	78	73398	卖盘
14:42:33	9.42	--	1	942	买盘
14:42:18	9.42	-0.01	9	8478	卖盘
14:42:15	9.43	0.01	1	943	买盘
14:42:12	9.42	0.01	1	942	中性盘
14:42:09	9.41	-0.01	10	9410	卖盘
14:42:06	9.42	--	206	194052	卖盘
14:42:00	9.42	-0.01	56	52752	卖盘
14:41:57	9.43	--	3	2829	买盘
14:41:51	9.43	--	30	28290	买盘
14:41:48	9.43	0.01	5	4715	买盘
14:41:42	9.42	--	1	942	卖盘
14:41:39	9.42	--	281	264702	卖盘
14:41:36	9.42	--	26	24492	卖盘
14:41:33	9.42	--	6	5652	卖盘
14:41:30	9.42	--	1	942	卖盘
14:41:21	9.42	--	100	94200	卖盘
14:41:15	9.42	-0.01	60	56520	卖盘
14:41:12	9.43	--	11	10373	买盘
14:41:06	9.43	0.01	3	2829	买盘
14:41:03	9.42	--	40	37680	卖盘
14:41:00	9.42	-0.01	10	9420	卖盘
14:40:54	9.43	0.01	23	21689	买盘
14:40:51	9.42	-0.01	10	9420	卖盘
14:40:48	9.43	--	12	11316	买盘
14:40:42	9.43	--	21	19803	买盘
14:40:39	9.43	--	35	33005	卖盘
14:40:36	9.43	--	43	40549	卖盘
14:40:33	9.43	--	2	1886	卖盘
14:40:30	9.43	--	20	18860	卖盘
14:40:27	9.43	-0.01	23	21689	卖盘
14:40:24	9.44	0.01	12	11328	买盘
14:40:15	9.43	--	4	3772	卖盘
14:40:12	9.43	--	5	4715	卖盘
14:40:09	9.43	-0.01	6	5658	卖盘
14:40:06	9.44	--	1	944	买盘
14:40:03	9.44	0.01	50	47200	买盘
14:40:00	9.43	-0.01	24	22632	卖盘
14:39:57	9.44	0.01	1	944	买盘
14:39:48	9.43	-0.01	10	9430	卖盘
14:39:36	9.44	--	2	1888	买盘
14:39:21	9.44	0.01	10	9440	买盘
14:39:15	9.43	--	4	3772	买盘
14:39:12	9.43	--	26	24518	买盘
14:39:06	9.43	--	1	943	买盘
14:39:03	9.43	--	13	12259	买盘
14:39:00	9.43	--	47	44321	卖盘
14:38:51	9.43	--	11	10373	卖盘
14:38:48	9.43	--	10	9430	卖盘
14:38:39	9.43	-0.01	30	28290	卖盘
14:38:36	9.44	0.01	2	1888	买盘
14:38:30	9.43	--	10	9430	卖盘
14:38:24	9.43	-0.01	10	9430	卖盘
14:38:18	9.44	0.01	1	944	买盘
14:38:15	9.43	-0.01	5	4715	卖盘
14:38:09	9.44	--	17	16048	买盘
14:38:06	9.44	0.01	1	944	买盘
14:38:00	9.43	--	40	37720	卖盘
14:37:54	9.43	--	37	34891	买盘
14:37:45	9.43	--	76	71668	卖盘
14:37:42	9.43	0.01	39	36777	买盘
14:37:39	9.42	-0.01	40	37680	卖盘
14:37:36	9.43	--	1	943	买盘
14:37:33	9.43	0.01	7	6601	买盘
14:37:24	9.42	--	53	49926	卖盘
14:37:21	9.42	--	11	10362	卖盘
14:37:15	9.42	-0.01	1	942	卖盘
14:37:12	9.43	0.01	1	943	买盘
14:37:09	9.42	-0.02	5	4710	卖盘
14:37:06	9.44	--	2	1888	买盘
14:37:03	9.44	0.01	84	79296	买盘
14:36:51	9.43	0.01	79	74497	卖盘
14:36:48	9.42	-0.01	15	14130	卖盘
14:36:42	9.43	--	32	30176	卖盘
14:36:39	9.43	--	64	60352	买盘
14:36:36	9.43	--	1	943	买盘
14:36:33	9.43	0.01	17	16031	买盘
14:36:30	9.42	--	121	114735	卖盘
14:36:21	9.42	--	20	18840	卖盘
14:36:18	9.42	-0.01	10	9420	卖盘
14:36:06	9.43	--	7	6601	买盘
14:36:03	9.43	--	38	35834	买盘
14:36:00	9.43	--	28	26404	买盘
14:35:39	9.43	--	100	94300	买盘
14:35:36	9.43	0.01	32	30176	买盘
14:35:27	9.42	-0.01	1	942	卖盘
14:35:24	9.43	--	10	9430	买盘
14:35:21	9.43	--	2	1886	买盘
14:35:15	9.43	--	5	4715	买盘
14:35:06	9.43	--	1	943	买盘
14:35:03	9.43	--	21	19803	卖盘
14:35:00	9.43	--	200	188600	卖盘
14:34:45	9.43	-0.01	2	1886	卖盘
14:34:36	9.44	0.01	1	944	买盘
14:34:21	9.43	-0.01	5	4715	中性盘
14:34:12	9.44	0.01	30	28320	买盘
14:34:09	9.43	-0.01	22	20746	卖盘
14:34:06	9.44	0.01	152	143488	买盘
14:34:03	9.43	-0.01	4	3772	卖盘
14:33:57	9.44	0.01	12	11328	买盘
14:33:54	9.43	--	11	10373	卖盘
14:33:51	9.43	--	20	18860	卖盘
14:33:45	9.43	--	10	9430	卖盘
14:33:42	9.43	--	8	7544	卖盘
14:33:39	9.43	--	5	4715	卖盘
14:33:36	9.43	--	3	2829	卖盘
14:33:27	9.43	--	3	2829	卖盘
14:33:24	9.43	--	11	10373	买盘
14:33:18	9.43	--	1	943	买盘
14:33:15	9.43	--	12	11316	买盘
14:33:09	9.43	--	6	5658	买盘
14:33:06	9.43	--	75	70725	卖盘
14:33:00	9.43	-0.01	101	95243	卖盘
14:32:54	9.44	--	5	4720	买盘
14:32:51	9.44	--	1	944	买盘
14:32:45	9.44	--	17	16048	买盘
14:32:42	9.44	--	3	2832	买盘
14:32:36	9.44	0.01	1	944	买盘
14:32:30	9.43	--	16	15088	卖盘
14:32:27	9.43	-0.01	60	56580	卖盘
14:32:24	9.44	--	259	244496	买盘
14:32:21	9.44	0.01	20	18880	买盘
14:32:18	9.43	-0.01	20	18860	卖盘
14:32:09	9.44	--	2	1888	买盘
14:32:06	9.44	0.01	11	10384	买盘
14:32:03	9.43	--	10	9430	卖盘
14:31:57	9.43	--	3	2829	卖盘
14:31:51	9.43	-0.01	21	19803	卖盘
14:31:48	9.44	0.01	1	944	买盘
14:31:45	9.43	-0.01	20	18860	卖盘
14:31:39	9.44	--	10	9440	买盘
14:31:36	9.44	--	17	16048	买盘
14:31:30	9.44	0.01	10	9440	买盘
14:31:27	9.43	-0.01	17	16031	卖盘
14:31:24	9.44	0.01	6	5664	中性盘
14:31:21	9.43	-0.01	21	19803	卖盘
14:31:18	9.44	0.01	10	9440	中性盘
14:31:12	9.43	-0.02	10	9430	卖盘
14:31:06	9.45	0.01	5	4725	买盘
14:31:03	9.44	0.01	37	34928	买盘
14:31:00	9.43	-0.01	25	23575	卖盘
14:30:57	9.44	--	1	944	买盘
14:30:51	9.44	--	30	28320	买盘
14:30:48	9.44	--	31	29264	卖盘
14:30:45	9.44	-0.01	1	944	卖盘
14:30:42	9.45	--	1	944	买盘
14:30:39	9.45	--	125	118124	买盘
14:30:36	9.45	0.01	1	944	买盘
14:30:33	9.44	--	20	18880	卖盘
14:30:21	9.44	0.01	27	25488	买盘
14:30:18	9.43	-0.01	11	10373	卖盘
14:30:06	9.44	--	43	40592	买盘
14:30:03	9.44	--	41	38704	卖盘
14:29:57	9.44	--	9	8496	卖盘
14:29:51	9.44	--	187	176528	买盘
14:29:42	9.44	--	12	11328	买盘
14:29:36	9.44	--	1	944	买盘
14:29:27	9.44	--	8	7552	买盘
14:29:21	9.44	0.01	128	120832	买盘
14:29:18	9.43	-0.01	1	943	卖盘
14:29:06	9.44	--	1	944	买盘
14:29:03	9.44	--	67	63248	卖盘
14:29:00	9.44	--	77	72688	卖盘
14:28:51	9.44	--	90	84960	卖盘
14:28:45	9.44	--	1	944	卖盘
14:28:42	9.44	-0.01	2	1888	卖盘
14:28:36	9.45	0.01	12	11340	买盘
14:28:33	9.44	--	10	9440	卖盘
14:28:24	9.44	--	27	25488	买盘
14:28:21	9.44	0.01	5	4720	买盘
14:28:15	9.43	--	15	14145	卖盘
14:28:12	9.43	-0.01	68	64124	卖盘
14:28:06	9.44	--	1	944	买盘
14:28:03	9.44	--	3	2832	买盘
14:28:00	9.44	--	10	9440	买盘
14:27:54	9.44	--	2	1888	买盘
14:27:45	9.44	--	78	73632	卖盘
14:27:39	9.44	-0.01	10	9440	卖盘
14:27:36	9.45	0.01	2	1889	买盘
14:27:27	9.44	--	5	4720	卖盘
14:27:24	9.44	--	67	63248	买盘
14:27:21	9.44	--	233	219952	卖盘
14:27:15	9.44	--	100	94400	卖盘
14:27:12	9.44	-0.01	24	22656	卖盘
14:27:09	9.45	--	89	84105	买盘
14:27:06	9.45	0.01	1	944	买盘
14:27:03	9.44	--	10	9440	卖盘
14:27:00	9.44	--	15	14160	卖盘
14:26:57	9.44	--	211	199184	卖盘
14:26:48	9.44	-0.01	3	2832	卖盘
14:26:36	9.45	--	1	944	买盘
14:26:33	9.45	--	59	55754	买盘
14:26:30	9.45	0.01	2	1889	买盘
14:26:21	9.44	--	3	2832	卖盘
14:26:06	9.44	-0.01	102	96288	中性盘
14:25:54	9.45	0.02	50	47250	买盘
14:25:48	9.43	--	10	9430	卖盘
14:25:42	9.43	-0.01	5	4715	卖盘
14:25:36	9.44	0.01	11	10384	中性盘
14:25:21	9.43	-0.01	76	71668	卖盘
14:25:18	9.44	-0.01	10	9440	卖盘
14:25:15	9.45	--	1	944	买盘
14:25:06	9.45	--	3	2835	买盘
14:24:42	9.45	--	8	7559	买盘
14:24:39	9.45	--	2	1889	买盘
14:24:36	9.45	--	58	54809	买盘
14:24:33	9.45	0.01	5	4725	卖盘
14:24:30	9.44	-0.02	7	6608	卖盘
14:24:21	9.46	0.01	208	197032	中性盘
14:24:09	9.45	--	10	9450	卖盘
14:24:06	9.45	-0.01	211	199394	卖盘
14:24:03	9.46	0.01	203	192038	中性盘
14:23:54	9.45	-0.01	67	63314	卖盘
14:23:51	9.46	--	20	18920	卖盘
14:23:48	9.46	--	10	9460	卖盘
14:23:42	9.46	-0.01	10	9460	卖盘
14:23:39	9.47	0.01	58	54926	买盘
14:23:36	9.46	--	47	44462	卖盘
14:23:27	9.46	-0.01	17	16082	卖盘
14:23:24	9.47	--	2	1894	买盘
14:23:21	9.47	--	203	192241	买盘
14:23:18	9.47	--	11	10417	买盘
14:23:15	9.47	--	2	1894	买盘
14:23:06	9.47	0.01	21	19887	买盘
14:23:03	9.46	-0.01	32	30461	卖盘
14:22:54	9.47	--	120	113640	买盘
14:22:36	9.47	0.01	269	254743	买盘
14:22:33	9.46	0.01	1	946	买盘
14:22:27	9.45	-0.01	149	140805	卖盘
14:22:24	9.46	--	4	3784	卖盘
14:22:21	9.46	--	15	14190	卖盘
14:22:09	9.46	-0.01	40	37840	卖盘
14:22:06	9.47	--	2	1894	买盘
14:22:00	9.47	0.02	88	83336	买盘
14:21:42	9.45	-0.02	4	3779	卖盘
14:21:36	9.47	0.02	11	10417	买盘
14:21:33	9.45	--	226	213569	卖盘
14:21:30	9.45	--	166	156870	卖盘
14:21:09	9.45	-0.02	6	5670	卖盘
14:21:06	9.47	0.01	824	780328	买盘
14:21:00	9.46	0.01	30	28380	买盘
14:20:54	9.45	--	148	139860	卖盘
14:20:48	9.45	--	10	9450	卖盘
14:20:39	9.45	-0.01	10	9450	卖盘
14:20:36	9.46	--	2	1892	买盘
14:20:27	9.46	0.01	3	2838	买盘
14:20:15	9.45	-0.01	7	6614	卖盘
14:20:09	9.46	-0.01	1	1702	卖盘
14:20:06	9.47	--	1	947	买盘
14:20:03	9.47	0.01	11	10417	买盘
14:20:00	9.46	--	10	9460	卖盘
14:19:57	9.46	--	113	106898	卖盘
14:19:54	9.46	--	34	32164	卖盘
14:19:51	9.46	--	80	75680	卖盘
14:19:45	9.46	--	9	8514	卖盘
14:19:42	9.46	--	402	380481	买盘
14:19:36	9.46	--	1	946	买盘
14:19:33	9.46	0.01	5	4730	买盘
14:19:21	9.45	-0.01	31	29294	卖盘
14:19:18	9.46	--	35	33110	买盘
14:19:15	9.46	--	4	3784	买盘
14:19:12	9.46	0.01	55	52030	买盘
14:19:09	9.45	--	30	28349	卖盘
14:19:06	9.45	-0.01	42	39690	卖盘
14:19:03	9.46	0.01	20	18920	买盘
14:19:00	9.45	--	20	18900	卖盘
14:18:57	9.45	--	110	103949	卖盘
14:18:51	9.45	-0.01	30	28349	卖盘
14:18:48	9.46	0.01	44	41624	买盘
14:18:45	9.45	0.03	162	153581	买盘
14:18:39	9.42	-0.03	30	28260	卖盘
14:18:36	9.45	0.02	1011	955394	买盘
14:18:33	9.43	-0.01	2	1886	买盘
14:18:30	9.44	0.01	502	473888	买盘
14:18:27	9.43	0.01	73	68839	买盘
14:18:24	9.42	-0.01	170	160140	卖盘
14:18:21	9.43	--	4	3772	中性盘
14:18:18	9.43	0.01	12	11316	中性盘
14:18:15	9.42	-0.02	14	13564	卖盘
14:18:12	9.44	0.02	800	755200	买盘
14:18:09	9.42	-0.02	60	56520	卖盘
14:18:06	9.44	0.01	2	1888	买盘
14:18:03	9.43	--	2	1886	卖盘
14:18:00	9.43	0.01	39	37474	买盘
14:17:54	9.42	-0.01	10	9420	卖盘
14:17:51	9.43	0.01	17	16031	买盘
14:17:48	9.42	--	10	9420	卖盘
14:17:45	9.42	-0.01	1	942	卖盘
14:17:36	9.43	--	158	149239	卖盘
14:17:24	9.43	--	30	28290	卖盘
14:17:15	9.43	-0.01	9	8487	卖盘
14:17:06	9.44	0.01	51	48144	买盘
14:16:57	9.43	--	80	76137	买盘
14:16:54	9.43	--	68	64124	买盘
14:16:45	9.43	--	15	14145	买盘
14:16:36	9.43	--	2	1886	买盘
14:16:33	9.43	--	1	943	买盘
14:16:30	9.43	0.01	45	42435	买盘
14:16:27	9.42	-0.01	5	4710	卖盘
14:16:24	9.43	--	50	47150	买盘
14:16:18	9.43	0.01	300	282900	买盘
14:16:15	9.42	--	10	9420	卖盘
14:16:12	9.42	-0.01	29	27318	卖盘
14:16:09	9.43	--	20	18860	买盘
14:16:06	9.43	0.01	1	943	买盘
14:16:00	9.42	-0.01	1	942	卖盘
14:15:57	9.43	--	16	15088	买盘
14:15:54	9.43	--	21	19803	买盘
14:15:51	9.43	--	20	18860	买盘
14:15:36	9.43	0.01	1	943	买盘
14:15:33	9.42	--	14	13188	卖盘
14:15:27	9.42	--	38	35796	买盘
14:15:24	9.42	--	8	7536	买盘
14:15:09	9.42	--	10	9420	买盘
14:15:06	9.42	--	2	1884	买盘
14:15:00	9.42	--	209	196878	买盘
14:14:54	9.42	--	78	73476	买盘
14:14:36	9.42	--	1	942	买盘
14:14:30	9.42	--	2	1884	买盘
14:14:18	9.42	-0.01	2	1884	中性盘
14:14:06	9.43	0.01	18	16974	买盘
14:14:03	9.42	--	36	33912	买盘
14:14:00	9.42	0.01	89	83838	买盘
14:13:54	9.41	-0.01	250	235250	卖盘
14:13:51	9.42	--	100	94200	买盘
14:13:48	9.42	--	17	16014	买盘
14:13:45	9.42	0.01	20	18840	买盘
14:13:42	9.41	-0.01	4	3764	卖盘
14:13:36	9.42	0.01	2	1884	买盘
14:13:30	9.41	--	9	8469	卖盘
14:13:18	9.41	-0.01	18	16938	卖盘
14:13:06	9.42	--	1	942	买盘
14:12:48	9.42	0.01	20	18840	买盘
14:12:39	9.41	-0.01	2	2070	卖盘
14:12:36	9.42	0.01	2	1884	买盘
14:12:33	9.41	--	100	94100	卖盘
14:12:27	9.41	-0.01	50	47050	卖盘
14:12:24	9.42	--	2	1884	买盘
14:12:06	9.42	--	5	4710	卖盘
14:11:48	9.42	0.01	6	5652	买盘
14:11:45	9.41	--	427	401807	卖盘
14:11:39	9.41	-0.01	4	3764	卖盘
14:11:36	9.42	0.01	13	12246	买盘
14:11:12	9.41	--	1	941	卖盘
14:11:09	9.41	--	16	15056	买盘
14:11:06	9.41	--	30	28982	买盘
14:11:03	9.41	--	3	2823	买盘
14:10:57	9.41	--	2	1882	买盘
14:10:36	9.41	--	1	941	买盘
14:10:33	9.41	--	14	13174	买盘
14:10:06	9.41	0.01	1	941	买盘
14:10:03	9.4	-0.01	40	37600	卖盘
14:09:54	9.41	--	117	110097	买盘
14:09:51	9.41	--	4	3764	买盘
14:09:36	9.41	0.01	5	4705	买盘
14:09:33	9.4	--	10	9400	卖盘
14:09:30	9.4	--	5	4700	卖盘
14:09:06	9.4	--	61	57340	卖盘
14:09:03	9.4	--	22	20680	卖盘
14:08:57	9.4	-0.01	3	2820	卖盘
14:08:54	9.41	0.01	50	47050	买盘
14:08:51	9.4	--	5	4700	卖盘
14:08:45	9.4	--	5	4700	卖盘
14:08:42	9.4	--	1	940	卖盘
14:08:36	9.4	--	30	28200	卖盘
14:08:24	9.4	--	179	168363	买盘
14:08:18	9.4	--	355	334536	卖盘
14:08:15	9.4	--	20	18800	卖盘
14:08:12	9.4	-0.01	73	68620	卖盘
14:08:06	9.41	0.01	202	190082	买盘
14:08:03	9.4	--	10	9400	卖盘
14:08:00	9.4	--	30	28200	卖盘
14:07:57	9.4	--	10	9400	卖盘
14:07:54	9.4	--	10	9400	卖盘
14:07:51	9.4	-0.01	12	11280	卖盘
14:07:48	9.41	--	52	49496	卖盘
14:07:45	9.41	--	10	9410	卖盘
14:07:39	9.41	-0.01	1	941	卖盘
14:07:36	9.42	0.01	11	10362	买盘
14:07:30	9.41	--	1	941	卖盘
14:07:21	9.41	--	190	178790	卖盘
14:07:12	9.41	--	10	9410	卖盘
14:07:09	9.41	--	100	94476	买盘
14:07:06	9.41	--	2	1882	买盘
14:06:51	9.41	--	89	83749	买盘
14:06:39	9.41	--	5	4705	买盘
14:06:36	9.41	--	1	941	买盘
14:06:21	9.41	--	1	941	买盘
14:06:18	9.41	--	49	46109	买盘
14:06:06	9.41	--	1	941	买盘
14:06:03	9.41	0.01	5	4705	买盘
14:05:57	9.4	--	71	66740	卖盘
14:05:54	9.4	-0.01	30	28200	卖盘
14:05:51	9.41	--	1	941	买盘
14:05:36	9.41	0.01	2	1882	买盘
14:05:30	9.4	--	34	32063	卖盘
14:05:18	9.4	--	8	7520	卖盘
14:05:15	9.4	--	20	18800	卖盘
14:05:06	9.4	--	11	10340	卖盘
14:05:00	9.4	--	30	28200	卖盘
14:04:54	9.4	--	40	37600	卖盘
14:04:48	9.4	--	55	51700	卖盘
14:04:45	9.4	-0.01	190	178600	卖盘
14:04:42	9.41	0.01	1	941	买盘
14:04:39	9.4	-0.01	30	28200	卖盘
14:04:36	9.41	--	15	14115	买盘
14:04:33	9.41	--	2	1882	买盘
14:04:24	9.41	0.01	92	86572	买盘
14:04:15	9.4	--	8	7520	卖盘
14:04:09	9.4	-0.01	44	41360	卖盘
14:04:06	9.41	0.01	2	1882	买盘
14:04:03	9.4	--	6	5640	卖盘
14:03:54	9.4	--	119	111860	买盘
14:03:48	9.4	--	25	23500	买盘
14:03:45	9.4	0.01	50	47000	买盘
14:03:42	9.39	--	5	4695	卖盘
14:03:39	9.39	--	9	8451	卖盘
14:03:36	9.39	-0.01	2	1878	卖盘
14:03:33	9.4	--	22	20680	买盘
14:03:24	9.4	--	20	18800	买盘
14:03:21	9.4	--	15	14100	买盘
14:03:15	9.4	--	3	2820	买盘
14:03:09	9.4	--	5	4700	买盘
14:03:06	9.4	--	3	2820	买盘
14:03:03	9.4	--	5	4700	买盘
14:02:54	9.4	--	20	18800	买盘
14:02:51	9.4	--	11	10340	买盘
14:02:45	9.4	--	2	1880	买盘
14:02:42	9.4	--	75	70500	买盘
14:02:39	9.4	-0.01	38	35720	卖盘
14:02:36	9.41	0.01	2	1882	买盘
14:02:33	9.4	--	5	4700	卖盘
14:02:15	9.4	--	5	4700	卖盘
14:02:12	9.4	--	8	7520	买盘
14:02:09	9.4	--	10	9400	买盘
14:02:06	9.4	--	154	144760	买盘
14:02:03	9.4	--	5	4700	买盘
14:02:00	9.4	--	5	4700	买盘
14:01:57	9.4	--	15	14100	买盘
14:01:51	9.4	0.01	10	9400	买盘
14:01:48	9.39	--	300	281700	卖盘
14:01:42	9.39	-0.01	2	1878	卖盘
14:01:36	9.4	--	139	130660	买盘
14:01:33	9.4	--	20	18800	买盘
14:01:21	9.4	--	1	940	买盘
14:01:18	9.4	--	20	18800	买盘
14:01:15	9.4	--	10	9400	买盘
14:01:09	9.4	--	27	25380	买盘
14:01:06	9.4	--	1	940	买盘
14:01:00	9.4	--	30	28200	买盘
14:00:57	9.4	--	35	32900	买盘
14:00:51	9.4	--	1	940	买盘
14:00:48	9.4	--	106	99640	买盘
14:00:42	9.4	--	34	31960	买盘
14:00:36	9.4	0.01	1	940	买盘
14:00:27	9.39	-0.01	36	33804	卖盘
14:00:24	9.4	--	14	13160	买盘
14:00:21	9.4	--	1	940	买盘
14:00:15	9.4	--	19	17860	买盘
14:00:12	9.4	--	27	25380	买盘
14:00:06	9.4	0.01	3	2820	买盘
14:00:03	9.39	--	1	939	卖盘
13:59:57	9.39	--	25	23475	卖盘
13:59:54	9.39	--	8	7512	卖盘
13:59:51	9.39	--	281	263859	卖盘
13:59:45	9.39	-0.01	4	3756	卖盘
13:59:39	9.4	--	28	26320	买盘
13:59:36	9.4	--	1	940	买盘
13:59:33	9.4	--	10	9400	买盘
13:59:30	9.4	--	5	4700	买盘
13:59:27	9.4	--	3	2820	买盘
13:59:24	9.4	--	2	1880	买盘
13:59:06	9.4	--	11	10340	买盘
13:59:00	9.4	--	1038	976556	卖盘
13:58:54	9.4	-0.01	1	940	卖盘
13:58:51	9.41	--	500	470500	买盘
13:58:48	9.41	--	39	36699	买盘
13:58:45	9.41	--	15	14115	买盘
13:58:42	9.41	--	15	14115	买盘
13:58:36	9.41	--	2	1882	买盘
13:58:21	9.41	0.01	13	12233	买盘
13:58:18	9.4	--	19	17860	卖盘
13:58:15	9.4	--	15	14100	卖盘
13:58:09	9.4	-0.01	2	1880	卖盘
13:58:06	9.41	--	1	941	买盘
13:58:00	9.41	--	6	5646	买盘
13:57:45	9.41	--	11	10351	买盘
13:57:42	9.41	--	10	9410	买盘
13:57:36	9.41	--	2	1882	买盘
13:57:33	9.41	--	52	48932	买盘
13:57:24	9.41	--	63	59283	买盘
13:57:15	9.41	-0.01	8	7528	卖盘
13:57:06	9.42	0.02	1	942	买盘
13:56:42	9.4	-0.02	1	940	卖盘
13:56:36	9.42	0.02	1	942	买盘
13:56:27	9.4	--	14	13517	卖盘
13:56:21	9.4	-0.02	14	13160	卖盘
13:56:06	9.42	--	2	1884	买盘
13:55:54	9.42	--	22	20724	买盘
13:55:48	9.42	--	17	16014	买盘
13:55:42	9.42	--	30	28260	买盘
13:55:36	9.42	0.02	1	942	买盘
13:55:33	9.4	-0.02	130	122200	卖盘
13:55:06	9.42	--	19	17898	买盘
13:54:51	9.42	0.01	14	13188	买盘
13:54:45	9.41	-0.01	1	941	卖盘
13:54:36	9.42	0.01	2	1884	买盘
13:54:18	9.41	-0.01	12	11292	卖盘
13:54:06	9.42	0.01	150	141300	买盘
13:53:48	9.41	-0.01	51	47991	卖盘
13:53:42	9.42	--	4	3768	买盘
13:53:36	9.42	--	1	942	买盘
13:53:06	9.42	0.01	2	1884	买盘
13:52:48	9.41	-0.01	20	18820	卖盘
13:52:36	9.42	0.01	1	942	买盘
13:52:33	9.41	0.01	136	127976	买盘
13:52:21	9.4	-0.01	39	36660	卖盘
13:52:12	9.41	--	17	15997	买盘
13:52:06	9.41	--	2	1882	买盘
13:51:48	9.41	--	6	5646	买盘
13:51:36	9.41	0.01	1	941	买盘
13:51:30	9.4	--	405	380700	卖盘
13:51:24	9.4	--	20	18800	卖盘
13:51:09	9.4	-0.01	30	28200	卖盘
13:51:06	9.41	0.01	101	95041	买盘
13:51:03	9.4	--	11	10340	卖盘
13:51:00	9.4	-0.01	1	940	卖盘
13:50:51	9.41	0.01	17	15997	买盘
13:50:42	9.4	--	2	1880	卖盘
13:50:39	9.4	-0.01	500	470000	卖盘
13:50:36	9.41	0.01	11	10351	买盘
13:50:30	9.4	--	1	940	卖盘
13:50:15	9.4	--	50	47000	卖盘
13:50:09	9.4	-0.01	10	9400	卖盘
13:50:06	9.41	--	1	941	买盘
13:50:00	9.41	0.01	46	43286	买盘
13:49:48	9.4	--	45	42300	卖盘
13:49:42	9.4	-0.01	1	940	卖盘
13:49:39	9.41	--	10	9410	买盘
13:49:36	9.41	0.01	1	941	买盘
13:49:27	9.4	-0.01	2	1880	卖盘
13:49:24	9.41	--	22	20702	卖盘
13:49:21	9.41	--	28	26348	买盘
13:49:18	9.41	--	2	1882	买盘
13:49:15	9.41	--	1	941	买盘
13:49:12	9.41	-0.01	6	5646	中性盘
13:49:06	9.42	--	2	1884	买盘
13:48:57	9.42	0.02	400	376800	买盘
13:48:48	9.4	-0.01	6	5640	卖盘
13:48:45	9.41	--	22	20702	卖盘
13:48:42	9.41	0.01	95	89827	买盘
13:48:39	9.4	-0.01	126	118440	卖盘
13:48:36	9.41	--	1	941	买盘
13:48:33	9.41	--	2	1882	买盘
13:48:24	9.41	--	56	52696	买盘
13:48:15	9.41	--	5	4705	买盘
13:48:06	9.41	--	1	941	买盘
13:47:42	9.41	-0.01	44	41912	卖盘
13:47:36	9.42	--	2	1884	买盘
13:47:33	9.42	--	34	32028	买盘
13:47:18	9.42	0.01	4	3768	买盘
13:47:15	9.41	-0.01	5	4705	卖盘
13:47:06	9.42	--	1	942	买盘
13:46:36	9.42	--	2	1884	买盘
13:46:21	9.42	--	5	4710	买盘
13:46:18	9.42	0.01	3	2826	买盘
13:46:15	9.41	-0.01	1	941	卖盘
13:46:09	9.42	--	50	47100	买盘
13:46:06	9.42	--	1	942	买盘
13:45:57	9.42	0.01	1	942	买盘
13:45:48	9.41	-0.01	2	2258	卖盘
13:45:36	9.42	0.01	1	942	买盘
13:45:24	9.41	--	0	56	卖盘
13:45:21	9.41	--	16	15056	卖盘
13:45:15	9.41	-0.01	24	22584	卖盘
13:45:06	9.42	0.01	5	4710	买盘
13:45:03	9.41	0.01	10	9410	中性盘
13:44:54	9.4	-0.01	18	16920	卖盘
13:44:51	9.41	--	30	28230	卖盘
13:44:48	9.41	--	27	25407	卖盘
13:44:39	9.41	-0.01	125	117625	卖盘
13:44:36	9.42	0.01	4	3768	买盘
13:44:33	9.41	--	20	18820	卖盘
13:44:24	9.41	--	17	15997	卖盘
13:44:15	9.41	--	120	112920	卖盘
13:44:09	9.41	-0.01	1	941	卖盘
13:44:06	9.42	0.01	24	22608	买盘
13:44:00	9.41	--	12	11292	卖盘
13:43:42	9.41	--	20	18820	卖盘
13:43:39	9.41	-0.01	52	48932	卖盘
13:43:36	9.42	0.01	2	1884	买盘
13:43:33	9.41	--	13	12233	卖盘
13:43:30	9.41	--	100	94100	卖盘
13:43:21	9.41	--	2	1882	卖盘
13:43:15	9.41	-0.01	35	33687	卖盘
13:43:09	9.42	--	25	23550	买盘
13:43:06	9.42	--	1	942	买盘
13:42:36	9.42	0.01	9	8478	买盘
13:42:33	9.41	-0.01	5	4705	卖盘
13:42:06	9.42	0.01	2	1884	买盘
13:42:03	9.41	--	16	15056	卖盘
13:42:00	9.41	--	1	941	卖盘
13:41:42	9.41	-0.01	1	941	卖盘
13:41:36	9.42	0.01	12	11304	买盘
13:41:24	9.41	--	1	941	卖盘
13:41:15	9.41	-0.01	26	24466	卖盘
13:41:12	9.42	--	3	2826	买盘
13:41:06	9.42	--	2	1884	买盘
13:40:57	9.42	--	49	46544	卖盘
13:40:39	9.42	-0.01	6	5652	卖盘
13:40:36	9.43	0.01	1	943	买盘
13:40:27	9.42	--	21	19782	卖盘
13:40:09	9.42	-0.01	19	18312	卖盘
13:40:06	9.43	0.01	4	3772	买盘
13:40:03	9.42	--	22	20724	卖盘
13:40:00	9.42	0.01	47	44415	买盘
13:39:57	9.41	--	42	39522	卖盘
13:39:54	9.41	--	10	9410	卖盘
13:39:51	9.41	-0.01	27	25407	卖盘
13:39:48	9.42	--	139	130938	买盘
13:39:45	9.42	0.01	97	91374	买盘
13:39:39	9.41	-0.01	17	15997	卖盘
13:39:36	9.42	--	19	17898	买盘
13:39:33	9.42	0.01	20	18840	买盘
13:39:30	9.41	-0.01	20	18820	卖盘
13:39:27	9.42	0.01	20	18840	买盘
13:39:24	9.41	--	3	2935	卖盘
13:39:18	9.41	-0.01	3	2823	卖盘
13:39:09	9.42	--	25	23550	买盘
13:39:06	9.42	0.01	5	4710	买盘
13:39:00	9.41	--	5	4705	卖盘
13:38:45	9.41	--	87	81867	卖盘
13:38:42	9.41	-0.01	15	14115	卖盘
13:38:36	9.42	--	1	942	买盘
13:38:33	9.42	--	6	5652	买盘
13:38:30	9.42	0.01	17	16014	买盘
13:38:12	9.41	-0.01	20	18820	卖盘
13:38:09	9.42	--	1	942	买盘
13:38:06	9.42	--	2	1884	买盘
13:37:57	9.42	0.01	1	942	买盘
13:37:54	9.41	-0.01	5	4705	卖盘
13:37:51	9.42	--	1	942	买盘
13:37:45	9.42	--	12	11304	买盘
13:37:42	9.42	--	20	18840	卖盘
13:37:39	9.42	--	5	4710	买盘
13:37:36	9.42	--	28	26376	买盘
13:37:27	9.42	--	1	942	买盘
13:37:21	9.42	--	2	1884	买盘
13:37:12	9.42	--	1	942	买盘
13:37:06	9.42	--	1	942	买盘
13:36:54	9.42	--	1	942	买盘
13:36:51	9.42	--	5	4710	买盘
13:36:48	9.42	--	1	942	买盘
13:36:42	9.42	--	33	31086	卖盘
13:36:39	9.42	-0.01	40	37680	卖盘
13:36:36	9.43	0.01	2	1886	买盘
13:36:33	9.42	--	5	4710	卖盘
13:36:24	9.42	--	61	57462	卖盘
13:36:18	9.42	--	6	5652	买盘
13:36:15	9.42	--	7	6594	买盘
13:36:09	9.42	--	7	6594	买盘
13:36:06	9.42	--	1	942	买盘
13:35:54	9.42	--	16	15072	买盘
13:35:39	9.42	-0.01	16	15072	卖盘
13:35:36	9.43	0.02	2	1886	买盘
13:35:33	9.41	-0.02	10	9410	卖盘
13:35:06	9.43	--	1	943	买盘
13:35:03	9.43	--	1	943	买盘
13:34:57	9.43	--	11	10373	买盘
13:34:54	9.43	--	3	2829	买盘
13:34:48	9.43	--	2	1886	买盘
13:34:42	9.43	--	51	48093	买盘
13:34:39	9.43	0.01	42	39606	买盘
13:34:36	9.42	-0.01	1	942	中性盘
13:34:18	9.43	--	1	943	买盘
13:34:15	9.43	--	50	47150	买盘
13:34:09	9.43	--	1	943	买盘
13:34:06	9.43	--	2	1886	买盘
13:34:03	9.43	--	20	18860	买盘
13:33:45	9.43	--	1	943	买盘
13:33:42	9.43	--	10	9430	买盘
13:33:36	9.43	0.02	2	1886	买盘
13:33:33	9.41	-0.02	12	11292	卖盘
13:33:30	9.43	--	40	37720	买盘
13:33:06	9.43	0.02	1	943	买盘
13:33:00	9.41	-0.02	30	28230	卖盘
13:32:54	9.43	0.02	10	9430	买盘
13:32:51	9.41	-0.02	0	254	卖盘
13:32:36	9.43	0.02	2	1886	买盘
13:32:18	9.41	-0.02	15	14115	卖盘
13:32:06	9.43	0.01	1	943	买盘
13:31:51	9.42	--	6	5652	买盘
13:31:42	9.42	0.01	1	942	买盘
13:31:36	9.41	-0.01	54	50814	中性盘
13:31:06	9.42	--	2	1884	买盘
13:31:00	9.42	0.02	1	942	中性盘
13:30:45	9.4	-0.02	1337	1257259	卖盘
13:30:42	9.42	-0.01	30	28260	卖盘
13:30:36	9.43	--	1	943	买盘
13:30:33	9.43	0.01	7	6601	买盘
13:30:27	9.42	--	5	4710	卖盘
13:30:21	9.42	-0.01	42	39564	卖盘
13:30:18	9.43	--	287	270641	买盘
13:30:06	9.43	--	2	1886	买盘
13:29:54	9.43	--	323	305428	卖盘
13:29:51	9.43	--	10	9430	卖盘
13:29:42	9.43	--	79	74600	买盘
13:29:36	9.43	--	1	943	买盘
13:29:27	9.43	0.01	24	22632	买盘
13:29:09	9.42	-0.01	10	9420	卖盘
13:29:06	9.43	--	1	943	买盘
13:29:00	9.43	0.01	7	6601	买盘
13:28:57	9.42	-0.01	20	18840	卖盘
13:28:51	9.43	0.01	70	66010	买盘
13:28:45	9.42	-0.01	26	24727	卖盘
13:28:42	9.43	0.01	8	7544	买盘
13:28:36	9.42	--	4	3768	卖盘
13:28:21	9.42	-0.01	16	15072	卖盘
13:28:06	9.43	--	1	943	买盘
13:28:00	9.43	--	5	4715	买盘
13:27:42	9.43	--	10	9430	买盘
13:27:36	9.43	--	1	943	买盘
13:27:33	9.43	--	5	4715	买盘
13:27:18	9.43	--	25	23575	买盘
13:27:06	9.43	--	10	9430	买盘
13:27:03	9.43	--	3	2829	买盘
13:26:57	9.43	0.01	10	9430	买盘
13:26:54	9.42	--	4	3768	卖盘
13:26:39	9.42	-0.01	5	4710	卖盘
13:26:36	9.43	--	1	943	买盘
13:26:24	9.43	0.01	7	6601	买盘
13:26:18	9.42	-0.01	10	9420	卖盘
13:26:06	9.43	0.01	2	1886	买盘
13:26:00	9.42	--	30	28260	卖盘
13:25:48	9.42	--	0	649	卖盘
13:25:42	9.42	--	90	84780	卖盘
13:25:36	9.42	--	21	19782	卖盘
13:25:33	9.42	--	4	3768	卖盘
13:25:21	9.42	--	252	237459	买盘
13:25:15	9.42	--	20	18840	买盘
13:25:09	9.42	--	8	7536	买盘
13:25:06	9.42	0.01	1	942	买盘
13:25:03	9.41	-0.01	0	385	卖盘
13:24:45	9.42	--	20	18840	买盘
13:24:42	9.42	--	2	1884	买盘
13:24:36	9.42	0.01	4	3768	买盘
13:24:30	9.41	--	25	23525	卖盘
13:24:27	9.41	--	4	3764	卖盘
13:24:12	9.41	-0.01	21	19761	卖盘
13:24:06	9.42	--	1	942	买盘
13:23:54	9.42	0.01	12	11304	买盘
13:23:51	9.41	--	1	941	卖盘
13:23:45	9.41	-0.01	3	2823	卖盘
13:23:36	9.42	0.01	1	942	买盘
13:23:09	9.41	-0.01	7	6587	卖盘
13:23:06	9.42	--	2	1884	买盘
13:23:03	9.42	0.01	7	6594	买盘
13:22:51	9.41	-0.01	26	25218	卖盘
13:22:42	9.42	--	5	4710	买盘
13:22:36	9.42	0.01	1	942	买盘
13:22:33	9.41	-0.01	11	10351	卖盘
13:22:30	9.42	--	14	13188	卖盘
13:22:21	9.42	--	23	21666	买盘
13:22:06	9.42	--	51	48042	买盘
13:22:03	9.42	--	10	9420	买盘
13:21:42	9.42	--	1	942	买盘
13:21:39	9.42	--	36	33912	买盘
13:21:36	9.42	0.01	4	3768	买盘
13:21:24	9.41	-0.02	17	15997	卖盘
13:21:15	9.43	0.01	400	377200	买盘
13:21:12	9.42	--	5	4710	买盘
13:21:09	9.42	--	5	4710	买盘
13:21:06	9.42	0.01	21	19782	买盘
13:20:54	9.41	-0.01	0	338	卖盘
13:20:42	9.42	--	50	47100	买盘
13:20:36	9.42	--	2	1884	买盘
13:20:33	9.42	--	182	171444	买盘
13:20:24	9.42	0.01	2	1884	买盘
13:20:21	9.41	-0.01	30	28230	卖盘
13:20:12	9.42	--	34	32028	买盘
13:20:06	9.42	--	1	942	买盘
13:20:03	9.42	0.01	2	1884	买盘
13:19:54	9.41	-0.01	80	75280	卖盘
13:19:42	9.42	--	50	47100	买盘
13:19:39	9.42	--	2	1884	买盘
13:19:36	9.42	--	1	942	买盘
13:19:27	9.42	0.01	7	6594	买盘
13:19:24	9.41	-0.01	108	101628	卖盘
13:19:21	9.42	--	20	18840	买盘
13:19:06	9.42	0.01	2	1884	买盘
13:19:00	9.41	-0.01	5	4705	卖盘
13:18:54	9.42	--	5	4710	买盘
13:18:48	9.42	0.01	9	8478	买盘
13:18:45	9.41	-0.01	13	12233	卖盘
13:18:36	9.42	0.01	1	942	买盘
13:18:09	9.41	-0.01	3	2823	卖盘
13:18:06	9.42	--	51	48042	买盘
13:18:03	9.42	0.01	10	9420	买盘
13:17:57	9.41	--	5	4705	卖盘
13:17:51	9.41	-0.01	1	941	卖盘
13:17:48	9.42	--	2	1884	买盘
13:17:42	9.42	--	10	9420	买盘
13:17:36	9.42	--	2	1884	买盘
13:17:33	9.42	--	10	9420	买盘
13:17:27	9.42	--	200	188400	买盘
13:17:06	9.42	0.01	1	942	买盘
13:17:00	9.41	--	0	733	卖盘
13:16:57	9.41	-0.01	4	3764	卖盘
13:16:36	9.42	0.01	85	80070	买盘
13:16:21	9.41	--	10	9410	卖盘
13:16:15	9.41	--	4	3764	卖盘
13:16:06	9.41	--	43	40651	买盘
13:16:03	9.41	--	22	20702	买盘
13:15:45	9.41	--	34	32746	卖盘
13:15:39	9.41	--	11	10539	买盘
13:15:36	9.41	--	1	941	买盘
13:15:33	9.41	--	10	9410	买盘
13:15:30	9.41	-0.01	73	69445	卖盘
13:15:06	9.42	--	2	1884	买盘
13:15:03	9.42	0.01	11	10362	买盘
13:15:00	9.41	--	3	2823	卖盘
13:14:57	9.41	--	56	52696	卖盘
13:14:51	9.41	--	48	45168	卖盘
13:14:48	9.41	--	10	9410	卖盘
13:14:42	9.41	--	2	1882	卖盘
13:14:39	9.41	-0.01	11	10351	卖盘
13:14:36	9.42	0.01	1	942	买盘
13:14:21	9.41	--	6	5646	卖盘
13:14:18	9.41	-0.01	7	6587	卖盘
13:14:06	9.42	0.01	1	942	买盘
13:13:48	9.41	-0.01	5	4705	卖盘
13:13:36	9.42	0.01	2	1884	买盘
13:13:33	9.41	--	10	9410	卖盘
13:13:30	9.41	0.01	63	59471	买盘
13:13:27	9.4	--	19	17860	卖盘
13:13:24	9.4	-0.01	29	27260	卖盘
13:13:06	9.41	0.01	1	941	买盘
13:12:57	9.4	--	72	67680	卖盘
13:12:48	9.4	--	109	102460	卖盘
13:12:36	9.4	--	2	1880	卖盘
13:12:30	9.4	-0.01	25	23500	卖盘
13:12:27	9.41	--	10	9410	买盘
13:12:06	9.41	--	2	1882	买盘
13:11:57	9.41	--	20	18820	买盘
13:11:48	9.41	--	310	291710	买盘
13:11:36	9.41	--	4	3764	买盘
13:11:27	9.41	--	5	4705	买盘
13:11:24	9.41	--	2	1882	买盘
13:11:18	9.41	--	10	9410	买盘
13:11:06	9.41	--	1	941	买盘
13:11:03	9.41	0.01	5	4705	买盘
13:10:51	9.4	--	8	7520	卖盘
13:10:39	9.4	--	2	1880	卖盘
13:10:27	9.4	--	1	940	卖盘
13:10:12	9.4	--	4	3760	卖盘
13:10:00	9.4	--	1	940	买盘
13:09:57	9.4	--	5	4700	买盘
13:09:54	9.4	--	5	4700	买盘
13:09:51	9.4	--	2	1880	买盘
13:09:45	9.4	--	3	2820	卖盘
13:09:30	9.4	--	4	3760	卖盘
13:09:27	9.4	--	1	940	买盘
13:09:24	9.4	--	35	32900	买盘
13:09:15	9.4	--	6	5640	买盘
13:09:00	9.4	0.01	20	18800	买盘
13:08:36	9.39	--	288	270432	卖盘
13:08:33	9.39	-0.01	79	74181	卖盘
13:08:18	9.4	--	10	9400	买盘
13:08:06	9.4	--	78	73320	卖盘
13:07:48	9.4	--	5	4700	卖盘
13:07:09	9.4	--	3	2820	卖盘
13:07:03	9.4	--	46	43240	卖盘
13:06:57	9.4	--	5	4700	卖盘
13:06:54	9.4	--	19	17860	卖盘
13:06:39	9.4	0.01	197	185180	买盘
13:06:30	9.39	-0.01	4	3756	卖盘
13:06:03	9.4	0.01	1	940	买盘
13:05:54	9.39	--	9	8451	卖盘
13:05:39	9.39	--	80	75120	卖盘
13:05:21	9.39	--	10	9390	卖盘
13:05:09	9.39	--	21	19719	卖盘
13:05:06	9.39	-0.01	25	23888	卖盘
13:04:57	9.4	0.01	24	22560	买盘
13:04:33	9.39	--	38	35682	卖盘
13:04:30	9.39	--	2	1878	卖盘
13:04:27	9.39	--	0	65	卖盘
13:04:24	9.39	--	6	5634	卖盘
13:04:18	9.39	--	50	46950	卖盘
13:04:03	9.39	--	10	9390	卖盘
13:03:57	9.39	--	74	69861	卖盘
13:03:48	9.39	--	233	218787	卖盘
13:03:09	9.39	-0.01	201	188739	卖盘
13:03:03	9.4	--	50	47000	买盘
13:02:30	9.4	0.01	3	2820	买盘
13:02:21	9.39	--	10	9390	卖盘
13:01:51	9.39	-0.01	10	9390	卖盘
13:01:42	9.4	--	31	29140	卖盘
13:01:36	9.4	--	15	14100	卖盘
13:01:03	9.4	0.01	54	50760	买盘
13:00:57	9.39	--	535	502365	卖盘
13:00:30	9.39	-0.01	50	46950	卖盘
13:00:15	9.4	--	11	10340	买盘
13:00:12	9.4	--	42	39480	卖盘
13:00:09	9.4	--	98	92496	卖盘
13:00:06	9.4	--	486	457404	买盘
13:00:03	9.4	--	0	0	买盘
11:30:03	9.4	--	0	0	买盘
11:29:57	9.4	--	24	22560	卖盘
11:29:45	9.4	-0.01	19	17860	中性盘
11:29:42	9.41	0.01	218	205138	买盘
11:29:39	9.4	--	15	14100	买盘
11:29:36	9.4	--	30	28952	卖盘
11:29:30	9.4	--	219	205860	卖盘
11:29:24	9.4	--	7	6580	卖盘
11:29:21	9.4	-0.01	2	1880	卖盘
11:29:18	9.41	0.01	1	941	买盘
11:29:09	9.4	--	53	50008	买盘
11:29:06	9.4	--	50	47000	买盘
11:28:57	9.4	--	20	18800	买盘
11:28:45	9.4	--	3	2820	买盘
11:28:42	9.4	--	11	10340	买盘
11:28:33	9.4	--	30	28200	买盘
11:28:30	9.4	0.01	30	28200	买盘
11:28:06	9.39	-0.01	10	9390	卖盘
11:27:57	9.4	0.01	1	940	买盘
11:27:51	9.39	-0.01	53	49767	卖盘
11:27:48	9.4	--	15	14100	买盘
11:27:30	9.4	--	26	24440	买盘
11:27:24	9.4	--	10	9400	卖盘
11:27:21	9.4	--	5	4700	卖盘
11:27:18	9.4	--	10	9400	卖盘
11:27:15	9.4	--	3	2820	卖盘
11:27:06	9.4	--	6	5640	卖盘
11:26:48	9.4	--	252	236880	买盘
11:26:42	9.4	0.01	20	18800	买盘
11:26:36	9.39	--	36	33804	卖盘
11:26:33	9.39	--	5	4695	卖盘
11:26:27	9.39	-0.01	28	26292	卖盘
11:26:21	9.4	0.01	7	6580	买盘
11:26:06	9.39	--	8	7512	卖盘
11:26:03	9.39	--	90	84510	卖盘
11:25:57	9.39	--	120	112680	卖盘
11:25:51	9.39	--	54	50706	卖盘
11:25:42	9.39	--	7	6573	卖盘
11:25:30	9.39	-0.01	105	98595	卖盘
11:25:27	9.4	0.01	76	71440	买盘
11:25:18	9.39	--	17	15963	卖盘
11:25:15	9.39	-0.01	180	169020	卖盘
11:25:12	9.4	--	8	7520	买盘
11:25:09	9.4	--	5	4700	买盘
11:25:06	9.4	--	15	14100	买盘
11:25:03	9.4	0.01	50	47000	买盘
11:24:57	9.39	--	9	8451	卖盘
11:24:42	9.39	--	120	112680	卖盘
11:24:39	9.39	--	18	16902	卖盘
11:24:36	9.39	--	12	11268	卖盘
11:24:27	9.39	--	7	6573	卖盘
11:24:24	9.39	--	100	93900	卖盘
11:24:18	9.39	-0.01	2	1878	卖盘
11:24:15	9.4	0.01	27	25380	买盘
11:24:09	9.39	--	181	169959	卖盘
11:24:00	9.39	-0.01	208	195312	卖盘
11:23:57	9.4	0.01	13	12220	买盘
11:23:51	9.39	-0.01	1095	1028205	卖盘
11:23:48	9.4	0.01	17	15980	买盘
11:23:45	9.39	--	5	4695	卖盘
11:23:42	9.39	--	312	292968	卖盘
11:23:39	9.39	--	10	9390	卖盘
11:23:33	9.39	-0.01	36	33804	卖盘
11:23:30	9.4	0.01	34	31960	买盘
11:23:27	9.39	--	10	9390	卖盘
11:23:18	9.39	--	6	5634	卖盘
11:23:12	9.39	--	540	507060	卖盘
11:23:06	9.39	--	9	8451	卖盘
11:23:03	9.39	--	100	93900	卖盘
11:23:00	9.39	--	10	9390	卖盘
11:22:54	9.39	--	101	94839	卖盘
11:22:51	9.39	--	236	221604	卖盘
11:22:48	9.39	--	40	37560	卖盘
11:22:45	9.39	--	142	133375	卖盘
11:22:39	9.39	-0.01	178	167142	卖盘
11:22:36	9.4	--	45	42300	买盘
11:22:33	9.4	0.01	17	15980	买盘
11:22:30	9.39	-0.01	12	11455	卖盘
11:22:27	9.4	0.01	17	15980	买盘
11:22:24	9.39	--	13	12207	卖盘
11:22:21	9.39	-0.01	10	9390	卖盘
11:22:18	9.4	0.01	180	169200	买盘
11:22:15	9.39	--	5	4695	卖盘
11:22:12	9.39	--	105	98595	卖盘
11:22:06	9.39	--	5	4695	卖盘
11:22:03	9.39	--	15	14085	卖盘
11:22:00	9.39	--	136	127704	卖盘
11:21:57	9.39	--	20	18780	卖盘
11:21:54	9.39	--	130	122070	卖盘
11:21:51	9.39	--	2	1878	卖盘
11:21:48	9.39	--	17	15963	卖盘
11:21:39	9.39	--	46	43194	卖盘
11:21:33	9.39	--	100	93900	卖盘
11:21:27	9.39	--	5	4695	卖盘
11:21:24	9.39	-0.01	50	46950	卖盘
11:21:15	9.4	0.01	80	75200	买盘
11:21:12	9.39	--	26	24414	卖盘
11:21:06	9.39	--	7	6573	卖盘
11:21:03	9.39	--	200	187800	卖盘
11:20:57	9.39	--	11	10329	卖盘
11:20:51	9.39	--	20	18780	卖盘
11:20:45	9.39	--	7	6573	卖盘
11:20:39	9.39	-0.01	5	4695	卖盘
11:20:36	9.4	--	10	9400	买盘
11:20:33	9.4	0.01	2	1880	买盘
11:20:30	9.39	--	2	1878	卖盘
11:20:27	9.39	--	5	4695	卖盘
11:20:18	9.39	--	10	9390	卖盘
11:20:15	9.39	-0.01	15	14085	卖盘
11:20:09	9.4	0.01	10	9400	买盘
11:20:00	9.39	-0.01	112	105168	卖盘
11:19:57	9.4	--	160	150400	买盘
11:19:30	9.4	0.01	7	6580	买盘
11:19:18	9.39	--	120	112680	卖盘
11:19:15	9.39	--	20	18780	卖盘
11:19:09	9.39	-0.01	20	18780	卖盘
11:19:00	9.4	--	77	72380	买盘
11:18:54	9.4	--	70	66552	卖盘
11:18:51	9.4	--	6	5640	卖盘
11:18:48	9.4	--	112	105280	卖盘
11:18:36	9.4	--	40	37600	卖盘
11:18:33	9.4	--	30	28200	卖盘
11:18:27	9.4	--	37	34780	卖盘
11:18:18	9.4	--	18	16920	卖盘
11:18:12	9.4	--	3	2820	卖盘
11:17:54	9.4	--	1	940	卖盘
11:17:42	9.4	--	49	46248	买盘
11:17:39	9.4	--	21	19740	买盘
11:17:36	9.4	--	7	6580	买盘
11:17:15	9.4	--	16	15040	买盘
11:17:06	9.4	0.01	15	14100	买盘
11:16:57	9.39	-0.01	28	26292	卖盘
11:16:51	9.4	--	10	9400	买盘
11:16:42	9.4	0.01	5	4700	买盘
11:16:39	9.39	-0.01	20	18780	卖盘
11:16:36	9.4	--	18	16920	买盘
11:16:21	9.4	--	18	16920	买盘
11:16:18	9.4	-0.01	562	528280	卖盘
11:16:03	9.41	-0.01	187	175967	卖盘
11:15:57	9.42	--	56	52752	买盘
11:15:42	9.42	0.01	23	21666	买盘
11:15:36	9.41	0.01	13	12233	中性盘
11:15:27	9.4	-0.01	91	86292	卖盘
11:15:18	9.41	0.01	15	14115	中性盘
11:15:03	9.4	-0.01	70	65800	卖盘
11:14:54	9.41	0.01	22	20702	买盘
11:14:48	9.4	--	12	11280	卖盘
11:14:45	9.4	--	15	14100	卖盘
11:14:36	9.4	--	30	28200	卖盘
11:14:27	9.4	-0.01	100	94000	卖盘
11:14:21	9.41	0.01	20	18820	买盘
11:14:15	9.4	--	5	4700	卖盘
11:14:09	9.4	--	34	31960	卖盘
11:14:06	9.4	-0.01	10	9400	卖盘
11:14:03	9.41	--	52	48932	买盘
11:13:54	9.41	0.01	4	3764	买盘
11:13:51	9.4	--	80	75200	卖盘
11:13:45	9.4	--	20	18800	卖盘
11:13:42	9.4	-0.01	10	9400	卖盘
11:13:39	9.41	0.01	6	5646	买盘
11:13:36	9.4	--	30	28200	卖盘
11:13:33	9.4	-0.01	100	94000	卖盘
11:13:30	9.41	0.01	2	1882	买盘
11:13:27	9.4	--	42	39480	卖盘
11:13:24	9.4	--	301	282940	卖盘
11:13:15	9.4	--	5	4700	卖盘
11:13:06	9.4	--	15	14100	卖盘
11:13:03	9.4	--	89	84299	买盘
11:13:00	9.4	--	102	95880	买盘
11:12:57	9.4	--	20	18800	买盘
11:12:54	9.4	--	43	40420	买盘
11:12:48	9.4	--	5	4700	买盘
11:12:45	9.4	--	3	2820	买盘
11:12:39	9.4	--	10	9400	买盘
11:12:30	9.4	0.01	10	9400	买盘
11:12:24	9.39	-0.01	35	32865	卖盘
11:12:21	9.4	--	374	351560	买盘
11:12:18	9.4	0.01	123	115620	买盘
11:12:15	9.39	--	7	6573	卖盘
11:12:06	9.39	-0.01	105	98595	卖盘
11:12:03	9.4	--	6	5640	买盘
11:12:00	9.4	0.01	6	5640	买盘
11:11:57	9.39	--	95	89205	卖盘
11:11:54	9.39	--	100	93900	卖盘
11:11:51	9.39	--	7	6573	卖盘
11:11:48	9.39	--	23	21597	卖盘
11:11:45	9.39	--	16	15024	卖盘
11:11:42	9.39	-0.01	10	9390	卖盘
11:11:36	9.4	0.01	2	1880	买盘
11:11:33	9.39	--	311	292029	卖盘
11:11:30	9.39	-0.01	54	50706	卖盘
11:11:09	9.4	-0.02	3587	3372080	卖盘
11:11:06	9.42	--	536	505816	卖盘
11:11:03	9.42	--	10	9420	卖盘
11:11:00	9.42	--	13	12246	卖盘
11:10:51	9.42	--	25	23550	卖盘
11:10:48	9.42	--	20	18840	卖盘
11:10:42	9.42	--	2	1884	卖盘
11:10:39	9.42	--	72	68426	卖盘
11:10:33	9.42	--	4	3768	卖盘
11:10:30	9.42	--	26	24492	卖盘
11:10:27	9.42	--	11	10362	卖盘
11:10:24	9.42	--	125	117750	卖盘
11:10:21	9.42	--	5	4710	卖盘
11:10:06	9.42	--	17	16014	卖盘
11:10:03	9.42	--	9	8478	卖盘
11:09:45	9.42	-0.01	5	4710	卖盘
11:09:39	9.43	--	8	7544	买盘
11:09:33	9.43	--	1	943	买盘
11:09:27	9.43	0.01	20	18860	买盘
11:09:24	9.42	-0.01	30	28260	卖盘
11:09:03	9.43	0.01	100	94300	买盘
11:09:00	9.42	-0.01	100	94200	卖盘
11:08:51	9.43	0.01	16	15088	买盘
11:08:36	9.42	--	1	942	卖盘
11:08:21	9.42	--	10	9420	卖盘
11:08:12	9.42	--	2	1884	卖盘
11:08:09	9.42	--	21	19782	卖盘
11:08:03	9.42	--	5	4710	卖盘
11:08:00	9.42	--	3	2826	卖盘
11:07:57	9.42	0.01	3	3202	买盘
11:07:51	9.41	-0.01	1	941	卖盘
11:07:48	9.42	--	62	58404	买盘
11:07:36	9.42	--	10	9420	买盘
11:07:27	9.42	--	89	84403	卖盘
11:07:15	9.42	--	20	18840	卖盘
11:07:12	9.42	--	1	942	卖盘
11:06:54	9.42	--	40	37680	卖盘
11:06:42	9.42	0.01	63	59722	买盘
11:06:39	9.41	-0.01	100	94100	卖盘
11:06:36	9.42	--	2	1884	买盘
11:06:15	9.42	-0.01	35	33535	卖盘
11:06:09	9.43	--	19	17917	卖盘
11:05:51	9.43	0.01	14	13202	买盘
11:05:48	9.42	--	5	4710	卖盘
11:05:45	9.42	--	38	35796	卖盘
11:05:42	9.42	--	146	137532	卖盘
11:05:39	9.42	--	14	13188	卖盘
11:05:36	9.42	--	17	16014	卖盘
11:05:33	9.42	--	10	9420	卖盘
11:05:30	9.42	--	17	16014	卖盘
11:05:27	9.42	--	17	16014	卖盘
11:05:24	9.42	--	17	16014	卖盘
11:05:21	9.42	--	38	35796	卖盘
11:05:15	9.42	--	100	94200	卖盘
11:05:09	9.42	--	3	2826	卖盘
11:04:54	9.42	--	1	942	卖盘
11:04:48	9.42	0.01	145	136966	买盘
11:04:39	9.41	-0.01	20	18820	卖盘
11:04:21	9.42	--	10	9420	买盘
11:04:09	9.42	--	5	5275	卖盘
11:03:45	9.42	--	24	22984	买盘
11:03:42	9.42	--	1	942	买盘
11:03:39	9.42	--	218	205356	卖盘
11:03:24	9.42	-0.01	20	18840	卖盘
11:02:57	9.43	--	1	943	买盘
11:02:54	9.43	--	9	8487	卖盘
11:02:45	9.43	0.01	1	943	中性盘
11:02:33	9.42	--	11	10362	卖盘
11:02:24	9.42	-0.01	50	47100	卖盘
11:02:18	9.43	0.01	7	6601	买盘
11:02:06	9.42	-0.01	20	18840	卖盘
11:02:03	9.43	--	1	943	买盘
11:02:00	9.43	0.01	3	2829	买盘
11:01:45	9.42	--	17	16014	卖盘
11:01:42	9.42	--	200	188400	买盘
11:01:39	9.42	--	30	28260	买盘
11:01:36	9.42	0.01	30	28260	买盘
11:01:33	9.41	-0.01	19	17879	卖盘
11:01:24	9.42	--	360	339120	卖盘
11:01:09	9.42	--	4	3768	卖盘
11:00:39	9.42	-0.01	42	39564	卖盘
11:00:36	9.43	-0.01	10	9430	卖盘
11:00:27	9.44	--	44	41536	买盘
11:00:21	9.44	0.01	50	47200	买盘
11:00:15	9.43	-0.01	374	353313	卖盘
11:00:00	9.44	--	20	18880	买盘
10:59:42	9.44	0.01	3	2832	买盘
10:59:36	9.43	--	12	11316	卖盘
10:59:27	9.43	-0.01	5	4715	卖盘
10:59:18	9.44	--	100	94400	买盘
10:59:12	9.44	--	100	94400	买盘
10:59:09	9.44	0.01	1	944	买盘
10:59:00	9.43	-0.01	5	4715	卖盘
10:58:36	9.44	--	23	21712	买盘
10:58:21	9.44	0.01	3	2832	买盘
10:58:15	9.43	-0.01	4	3772	卖盘
10:58:03	9.44	0.01	200	188800	买盘
10:58:00	9.43	--	19	17917	卖盘
10:57:48	9.43	--	47	44321	卖盘
10:57:42	9.43	-0.01	8	7544	卖盘
10:57:39	9.44	0.01	40	37760	买盘
10:57:30	9.43	-0.01	17	16031	卖盘
10:57:27	9.44	0.01	100	94400	买盘
10:57:03	9.43	-0.01	30	28290	卖盘
10:57:00	9.44	--	29	27376	买盘
10:56:57	9.44	--	84	79296	买盘
10:56:42	9.44	--	5	4720	买盘
10:56:36	9.44	--	160	151040	卖盘
10:56:33	9.44	--	20	18880	卖盘
10:56:27	9.44	--	20	18880	卖盘
10:56:12	9.44	--	78	73632	买盘
10:56:06	9.44	--	36	33984	买盘
10:56:00	9.44	--	65	61360	买盘
10:55:54	9.44	--	47	44368	买盘
10:55:51	9.44	--	38	35872	买盘
10:55:48	9.44	--	90	84960	买盘
10:55:45	9.44	0.01	20	18880	买盘
10:55:42	9.43	-0.01	10	9430	卖盘
10:55:33	9.44	--	33	31152	买盘
10:55:27	9.44	--	22	20768	买盘
10:55:15	9.44	--	1	944	买盘
10:55:12	9.44	--	15	14160	买盘
10:55:09	9.44	--	1	944	买盘
10:54:57	9.44	--	15	14160	买盘
10:54:54	9.44	0.01	200	188800	买盘
10:54:45	9.43	--	7	6601	卖盘
10:54:36	9.43	--	6	6035	卖盘
10:54:27	9.43	0.01	284	268688	买盘
10:54:15	9.42	--	10	9420	卖盘
10:54:12	9.42	-0.01	68	64056	卖盘
10:54:09	9.43	0.01	21	19803	买盘
10:54:03	9.42	--	20	18840	卖盘
10:53:45	9.42	--	50	47100	卖盘
10:53:42	9.42	--	3	2826	卖盘
10:53:33	9.42	--	1	942	卖盘
10:53:27	9.42	--	50	47100	买盘
10:53:24	9.42	0.01	5	4710	买盘
10:53:12	9.41	-0.01	1	941	卖盘
10:53:09	9.42	--	19	17898	买盘
10:53:03	9.42	0.01	45	42390	买盘
10:53:00	9.41	-0.01	50	47050	卖盘
10:52:54	9.42	--	2	1884	买盘
10:52:48	9.42	-0.01	7	6594	中性盘
10:52:45	9.43	--	50	47150	买盘
10:52:18	9.43	0.02	17	16031	买盘
10:52:15	9.41	--	10	9410	卖盘
10:52:09	9.41	-0.02	10	9410	卖盘
10:52:00	9.43	0.01	34	32062	买盘
10:51:57	9.42	--	10	9420	买盘
10:51:51	9.42	0.01	17	16014	买盘
10:51:48	9.41	--	66	62106	卖盘
10:51:24	9.41	-0.01	30	28230	卖盘
10:51:21	9.42	--	61	57462	卖盘
10:51:06	9.42	--	9	8478	买盘
10:50:54	9.42	--	1	942	买盘
10:50:48	9.42	--	8	7536	买盘
10:50:36	9.42	--	7	6594	卖盘
10:50:33	9.42	--	5	4710	卖盘
10:50:27	9.42	--	12	11304	卖盘
10:50:24	9.42	--	1	942	卖盘
10:50:21	9.42	0.01	34	32028	买盘
10:50:18	9.41	--	5	4705	卖盘
10:50:15	9.41	-0.01	10	9410	卖盘
10:50:09	9.42	--	50	47100	买盘
10:50:06	9.42	0.01	10	9420	买盘
10:50:03	9.41	-0.01	30	28230	卖盘
10:49:51	9.42	0.01	5	4710	买盘
10:49:27	9.41	--	10	9410	卖盘
10:49:24	9.41	-0.01	10	9410	卖盘
10:49:09	9.42	0.01	20	18840	买盘
10:49:06	9.41	-0.01	53	49873	卖盘
10:49:03	9.42	--	6	5652	买盘
10:48:57	9.42	--	2	1884	买盘
10:48:45	9.42	--	6	5652	买盘
10:48:39	9.42	--	12	11304	买盘
10:48:36	9.42	0.01	20	18840	买盘
10:48:27	9.41	-0.01	118	111038	卖盘
10:48:18	9.42	0.01	35	32970	买盘
10:48:06	9.41	-0.01	200	188200	卖盘
10:48:00	9.42	0.01	7	6594	买盘
10:47:54	9.41	-0.01	150	141150	卖盘
10:47:48	9.42	--	160	150720	卖盘
10:47:27	9.42	--	33	31086	卖盘
10:47:18	9.42	--	12	11304	卖盘
10:47:15	9.42	--	60	56520	卖盘
10:47:00	9.42	0.01	137	129054	买盘
10:46:51	9.41	--	29	27289	卖盘
10:46:42	9.41	--	13	12233	卖盘
10:46:27	9.41	-0.01	10	9410	卖盘
10:46:21	9.42	0.01	1	942	买盘
10:46:18	9.41	--	15	14115	卖盘
10:46:15	9.41	--	24	22584	卖盘
10:46:09	9.41	--	51	47991	卖盘
10:46:06	9.41	--	3	2823	卖盘
10:45:57	9.41	--	10	9410	卖盘
10:45:48	9.41	-0.01	1	941	卖盘
10:45:42	9.42	--	10	9420	买盘
10:45:39	9.42	0.01	3	2826	买盘
10:45:33	9.41	--	31	29171	卖盘
10:45:15	9.41	-0.01	50	47050	卖盘
10:45:12	9.42	--	10	9420	买盘
10:45:03	9.42	--	10	9420	买盘
10:45:00	9.42	--	1	942	买盘
10:44:54	9.42	--	9	8478	买盘
10:44:48	9.42	0.01	5	4710	买盘
10:44:33	9.41	--	121	113861	买盘
10:44:27	9.41	0.01	6	5646	买盘
10:44:21	9.4	--	10	9400	卖盘
10:44:15	9.4	-0.01	1	940	卖盘
10:44:09	9.41	--	51	47991	买盘
10:44:06	9.41	--	30	28230	买盘
10:44:03	9.41	--	40	37640	买盘
10:44:00	9.41	--	136	127976	卖盘
10:43:57	9.41	0.01	1	941	卖盘
10:43:48	9.4	-0.01	100	94639	卖盘
10:43:45	9.41	0.01	22	20702	买盘
10:43:36	9.4	-0.01	30	28200	卖盘
10:43:33	9.41	0.01	3	2823	买盘
10:43:30	9.4	-0.01	10	9400	卖盘
10:43:15	9.41	0.01	10	9410	买盘
10:43:06	9.4	-0.01	34	31960	卖盘
10:43:03	9.41	0.01	14	13174	买盘
10:43:00	9.4	-0.01	30	28200	卖盘
10:42:51	9.41	--	20	18820	买盘
10:42:48	9.41	0.01	20	18820	买盘
10:42:45	9.4	-0.01	34	31960	卖盘
10:42:36	9.41	--	11	10351	买盘
10:42:33	9.41	--	25	23525	买盘
10:42:21	9.41	--	5	4705	买盘
10:42:15	9.41	--	50	47050	买盘
10:42:06	9.41	--	59	55519	买盘
10:42:03	9.41	--	160	150560	卖盘
10:42:00	9.41	--	10	9410	卖盘
10:41:57	9.41	-0.01	57	53637	卖盘
10:41:54	9.42	--	120	113040	买盘
10:41:51	9.42	0.01	40	37680	买盘
10:41:48	9.41	--	59	55519	卖盘
10:41:24	9.41	--	5	4705	卖盘
10:41:15	9.41	-0.01	30	28230	卖盘
10:41:06	9.42	0.01	1	942	卖盘
10:41:03	9.41	-0.01	240	225840	卖盘
10:40:57	9.42	--	21	19782	卖盘
10:40:54	9.42	--	1	942	买盘
10:40:51	9.42	--	4	3768	卖盘
10:40:48	9.42	0.01	1	942	中性盘
10:40:45	9.41	-0.01	32	30112	卖盘
10:40:39	9.42	--	10	9420	卖盘
10:40:36	9.42	--	82	77244	买盘
10:40:30	9.42	0.01	30	28260	买盘
10:40:24	9.41	--	20	18820	卖盘
10:40:18	9.41	--	5	4705	卖盘
10:40:15	9.41	--	30	28230	卖盘
10:40:09	9.41	0.01	1513	1423733	买盘
10:40:06	9.4	-0.01	2	1880	卖盘
10:39:57	9.41	--	10	9410	买盘
10:39:54	9.41	--	5	4705	买盘
10:39:48	9.41	--	4	4328	卖盘
10:39:45	9.41	--	1000	941000	卖盘
10:39:42	9.41	--	5	4705	卖盘
10:39:39	9.41	--	176	165992	卖盘
10:39:33	9.41	-0.01	21	19761	卖盘
10:39:30	9.42	0.01	30	28260	买盘
10:39:27	9.41	--	101	95041	卖盘
10:39:18	9.41	-0.01	3	2823	卖盘
10:39:15	9.42	--	151	142242	买盘
10:39:12	9.42	--	20	18840	买盘
10:39:03	9.42	0.01	50	47100	买盘
10:39:00	9.41	-0.01	43	40463	卖盘
10:38:54	9.42	--	200	188400	买盘
10:38:51	9.42	--	268	252456	卖盘
10:38:48	9.42	--	27	25434	卖盘
10:38:45	9.42	-0.01	300	282600	卖盘
10:38:42	9.43	--	40	37720	买盘
10:38:39	9.43	0.01	6	5658	买盘
10:38:36	9.42	--	500	471000	卖盘
10:38:30	9.42	--	1	942	卖盘
10:38:21	9.42	-0.01	225	211950	卖盘
10:38:15	9.43	0.01	5	4715	买盘
10:38:12	9.42	--	17	16014	卖盘
10:38:09	9.42	-0.01	17	16014	卖盘
10:38:00	9.43	--	100	94300	买盘
10:37:54	9.43	--	1	943	买盘
10:37:51	9.43	--	50	47150	买盘
10:37:48	9.43	--	55	51865	卖盘
10:37:36	9.43	-0.01	80	75440	卖盘
10:37:33	9.44	0.01	110	103840	买盘
10:37:27	9.43	-0.01	370	349287	卖盘
10:37:18	9.44	0.01	9	8496	买盘
10:37:15	9.43	--	2	1886	卖盘
10:37:09	9.43	-0.01	17	16031	卖盘
10:37:06	9.44	--	8	7552	买盘
10:37:03	9.44	0.01	33	31152	买盘
10:37:00	9.43	--	8	7544	卖盘
10:36:57	9.43	-0.01	33	31119	卖盘
10:36:51	9.44	--	3	2832	买盘
10:36:45	9.44	--	164	154816	买盘
10:36:39	9.44	0.01	5	4720	买盘
10:36:36	9.43	-0.01	21	19803	卖盘
10:36:30	9.44	0.01	10	9440	买盘
10:36:24	9.43	-0.01	7	6601	卖盘
10:36:21	9.44	--	5	4720	买盘
10:36:15	9.44	--	10	9440	买盘
10:36:12	9.44	--	40	37760	买盘
10:36:09	9.44	0.01	34	32096	买盘
10:35:48	9.43	--	22	20746	卖盘
10:35:45	9.43	--	176	165968	卖盘
10:35:42	9.43	-0.01	20	18860	卖盘
10:35:39	9.44	0.01	1	944	买盘
10:35:33	9.43	--	20	18860	卖盘
10:35:15	9.43	-0.01	8	7544	卖盘
10:35:09	9.44	0.01	18	16992	买盘
10:35:06	9.43	--	20	18860	卖盘
10:34:51	9.43	--	34	32062	卖盘
10:34:48	9.43	-0.01	20	18860	卖盘
10:34:42	9.44	--	39	37203	卖盘
10:34:39	9.44	--	52	49088	卖盘
10:34:30	9.44	--	1	944	卖盘
10:34:27	9.44	--	42	39648	卖盘
10:34:24	9.44	-0.01	78	73632	卖盘
10:34:18	9.45	--	5	4725	买盘
10:34:15	9.45	0.01	10	9450	买盘
10:34:09	9.44	--	3	2832	卖盘
10:33:51	9.44	-0.01	38	35872	卖盘
10:33:45	9.45	0.01	10	9450	买盘
10:33:39	9.44	--	9	8496	卖盘
10:33:30	9.44	--	5	4720	卖盘
10:33:18	9.44	-0.01	172	162368	卖盘
10:33:15	9.45	0.01	2	1889	买盘
10:33:09	9.44	-0.01	5	4720	卖盘
10:32:57	9.45	0.01	50	47250	买盘
10:32:48	9.44	--	0	66	卖盘
10:32:45	9.44	--	2	1888	卖盘
10:32:42	9.44	--	7	6608	卖盘
10:32:15	9.44	--	22	20768	卖盘
10:32:12	9.44	--	50	47200	卖盘
10:32:09	9.44	-0.01	40	37760	卖盘
10:32:00	9.45	--	1	944	买盘
10:31:48	9.45	--	76	71820	卖盘
10:31:39	9.45	--	33	31184	买盘
10:31:33	9.45	--	7	6614	买盘
10:31:30	9.45	--	3	2835	卖盘
10:31:27	9.45	--	21	19845	买盘
10:31:21	9.45	0.01	3	2835	中性盘
10:31:15	9.44	-0.01	82	77898	卖盘
10:31:09	9.45	--	11	10395	卖盘
10:31:03	9.45	0.01	80	75600	买盘
10:30:57	9.44	--	5	4720	卖盘
10:30:42	9.44	-0.02	21	19824	卖盘
10:30:33	9.46	0.02	10	9460	买盘
10:30:30	9.44	-0.02	200	188800	卖盘
10:30:27	9.46	--	3	2838	买盘
10:30:21	9.46	--	5	4730	买盘
10:30:18	9.46	--	5	4730	买盘
10:30:09	9.46	--	100	94600	买盘
10:29:48	9.46	--	5	4730	买盘
10:29:45	9.46	0.01	106	100276	买盘
10:29:39	9.45	--	32	30239	卖盘
10:29:36	9.45	-0.01	2	1889	卖盘
10:29:33	9.46	--	3	2838	买盘
10:29:24	9.46	--	155	146630	买盘
10:29:21	9.46	--	2	1892	买盘
10:29:15	9.46	--	3	2838	买盘
10:29:12	9.46	--	20	18920	买盘
10:29:09	9.46	--	7	6622	买盘
10:29:00	9.46	--	80	75680	卖盘
10:28:57	9.46	--	30	28380	卖盘
10:28:54	9.46	-0.01	1	946	卖盘
10:28:45	9.47	0.01	24	22728	买盘
10:28:36	9.46	--	21	19866	卖盘
10:28:33	9.46	--	14	13244	卖盘
10:28:30	9.46	--	1	946	卖盘
10:28:27	9.46	0.01	352	332992	买盘
10:28:24	9.45	--	12	11340	卖盘
10:28:21	9.45	-0.01	1	944	卖盘
10:28:18	9.46	0.01	20	18920	买盘
10:28:12	9.45	-0.01	1	944	卖盘
10:28:06	9.46	0.01	10	9460	买盘
10:28:03	9.45	0.01	1	944	中性盘
10:27:57	9.44	-0.01	268	252992	卖盘
10:27:54	9.45	--	1	944	卖盘
10:27:51	9.45	--	55	51974	买盘
10:27:42	9.45	--	11	10395	买盘
10:27:39	9.45	--	1	944	买盘
10:27:36	9.45	0.01	11	10395	买盘
10:27:30	9.44	-0.01	1	944	卖盘
10:27:24	9.45	0.01	8	7559	买盘
10:27:21	9.44	--	9	8496	卖盘
10:27:18	9.44	-0.01	14	13216	卖盘
10:27:15	9.45	--	20	18900	买盘
10:27:12	9.45	--	206	194669	买盘
10:27:09	9.45	0.01	1	944	买盘
10:26:57	9.44	-0.01	15	14160	卖盘
10:26:45	9.45	--	3	2835	买盘
10:26:33	9.45	0.01	10	9450	买盘
10:26:30	9.44	-0.01	3	2832	卖盘
10:26:24	9.45	--	50	47250	买盘
10:26:15	9.45	0.01	5	4725	买盘
10:26:12	9.44	--	120	113280	卖盘
10:26:09	9.44	-0.01	1	944	卖盘
10:25:54	9.45	0.01	39	36855	买盘
10:25:48	9.44	-0.01	144	135936	卖盘
10:25:39	9.45	0.01	6	5670	买盘
10:25:36	9.44	-0.01	3	2832	卖盘
10:25:30	9.45	--	32	30239	买盘
10:25:15	9.45	0.01	10	9450	买盘
10:25:12	9.44	-0.01	1	944	卖盘
10:25:06	9.45	--	15	14174	买盘
10:25:03	9.45	0.01	10	9450	买盘
10:25:00	9.44	0.01	66	62304	中性盘
10:24:45	9.43	-0.01	50	47150	卖盘
10:24:39	9.44	0.01	17	16048	中性盘
10:24:24	9.43	-0.01	100	94300	卖盘
10:24:18	9.44	--	30	28886	买盘
10:24:12	9.44	--	200	188800	买盘
10:24:00	9.44	0.01	6	5664	买盘
10:23:57	9.43	--	10	9430	卖盘
10:23:54	9.43	--	23	21689	卖盘
10:23:51	9.43	-0.01	40	37720	卖盘
10:23:45	9.44	0.01	5	4720	买盘
10:23:42	9.43	--	250	235750	卖盘
10:23:36	9.43	-0.01	5	4715	卖盘
10:23:27	9.44	0.01	200	188800	买盘
10:23:18	9.43	--	30	28290	卖盘
10:23:06	9.43	--	3	2829	卖盘
10:22:54	9.43	-0.01	66	62238	卖盘
10:22:48	9.44	--	4	3776	买盘
10:22:42	9.44	0.01	37	34928	买盘
10:22:39	9.43	-0.01	5	4715	卖盘
10:22:27	9.44	0.01	12	11328	买盘
10:22:24	9.43	--	30	28290	卖盘
10:22:21	9.43	-0.01	6	5658	卖盘
10:22:18	9.44	0.01	3	2832	买盘
10:22:12	9.43	-0.01	9	8487	卖盘
10:22:03	9.44	--	5	4720	买盘
10:21:57	9.44	0.01	6	5664	买盘
10:21:51	9.43	--	5	4715	卖盘
10:21:48	9.43	--	50	47150	卖盘
10:21:24	9.43	0.01	3	2829	中性盘
10:21:18	9.42	-0.01	171	161082	卖盘
10:21:12	9.43	--	5	4715	卖盘
10:21:09	9.43	-0.01	71	66953	买盘
10:21:00	9.44	--	50	47200	买盘
10:20:54	9.44	0.01	132	124608	买盘
10:20:48	9.43	--	15	14145	买盘
10:20:36	9.43	--	7	6601	卖盘
10:20:33	9.43	-0.01	316	297988	卖盘
10:20:27	9.44	0.01	2	1888	买盘
10:20:15	9.43	-0.01	21	19803	卖盘
10:20:06	9.44	0.01	8	7552	买盘
10:20:00	9.43	-0.01	50	47150	卖盘
10:19:48	9.44	0.01	1	944	买盘
10:19:45	9.43	--	40	37720	卖盘
10:19:42	9.43	--	201	189543	卖盘
10:19:39	9.43	-0.01	5	4715	卖盘
10:19:36	9.44	0.01	10	9440	买盘
10:19:30	9.43	-0.01	19	17917	卖盘
10:19:24	9.44	0.01	250	236000	买盘
10:19:21	9.43	--	107	100901	卖盘
10:19:12	9.43	-0.01	2	1886	卖盘
10:19:03	9.44	0.01	5	4720	买盘
10:19:00	9.43	--	44	41492	卖盘
10:18:54	9.43	--	10	9430	卖盘
10:18:51	9.43	-0.01	40	37720	卖盘
10:18:45	9.44	--	1	944	买盘
10:18:33	9.44	0.01	10	9440	买盘
10:18:30	9.43	--	30	28290	卖盘
10:18:24	9.43	--	2	1886	卖盘
10:18:21	9.43	--	10	9430	卖盘
10:18:18	9.43	--	60	56580	卖盘
10:18:15	9.43	--	26	24518	卖盘
10:18:09	9.43	--	9	8487	卖盘
10:18:03	9.43	-0.01	3	2829	卖盘
10:18:00	9.44	0.01	1	944	买盘
10:17:57	9.43	-0.01	40	37720	卖盘
10:17:51	9.44	--	30	28320	买盘
10:17:45	9.44	0.01	8	7552	买盘
10:17:42	9.43	-0.01	10	9430	卖盘
10:17:36	9.44	0.01	10	9440	买盘
10:17:33	9.43	-0.01	27	25461	卖盘
10:17:24	9.44	--	31	29264	买盘
10:17:21	9.44	--	27	25488	买盘
10:17:18	9.44	0.01	27	25488	买盘
10:17:12	9.43	-0.01	15	14145	卖盘
10:17:06	9.44	--	3	2832	买盘
10:17:00	9.44	--	5	4720	买盘
10:16:57	9.44	0.01	30	28320	买盘
10:16:51	9.43	--	40	37720	卖盘
10:16:48	9.43	-0.01	35	33005	卖盘
10:16:42	9.44	0.01	50	47200	买盘
10:16:39	9.43	-0.01	41	38663	卖盘
10:16:33	9.44	0.01	3	2832	买盘
10:16:12	9.43	--	230	216890	卖盘
10:16:00	9.43	--	16	15088	卖盘
10:15:57	9.43	-0.01	50	47150	卖盘
10:15:51	9.44	0.01	67	63248	买盘
10:15:42	9.43	-0.01	42	39606	卖盘
10:15:39	9.44	0.01	11	10384	买盘
10:15:30	9.43	-0.01	109	102787	卖盘
10:15:24	9.44	0.01	8	7552	买盘
10:15:12	9.43	--	66	62238	卖盘
10:15:09	9.43	-0.01	7	6601	卖盘
10:15:03	9.44	--	9	8496	买盘
10:15:00	9.44	--	1	944	买盘
10:14:57	9.44	--	7	6608	买盘
10:14:42	9.44	0.01	1	944	买盘
10:14:36	9.43	--	20	18860	卖盘
10:14:33	9.43	-0.01	50	47150	卖盘
10:14:30	9.44	--	30	28320	买盘
10:14:24	9.44	0.01	30	28320	买盘
10:14:15	9.43	--	30	28290	卖盘
10:14:12	9.43	-0.01	1	943	卖盘
10:14:06	9.44	0.01	11	10384	买盘
10:14:00	9.43	-0.01	26	24518	卖盘
10:13:51	9.44	0.01	74	69856	买盘
10:13:42	9.43	-0.01	100	94300	卖盘
10:13:39	9.44	--	1	944	买盘
10:13:30	9.44	0.01	8	7552	买盘
10:13:24	9.43	-0.01	10	9430	卖盘
10:13:12	9.44	0.01	20	18880	买盘
10:13:09	9.43	--	45	42435	卖盘
10:13:06	9.43	--	5	4715	卖盘
10:13:03	9.43	-0.01	4	3772	卖盘
10:13:00	9.44	0.01	8	7552	买盘
10:12:57	9.43	-0.01	10	9430	卖盘
10:12:51	9.44	--	2	1888	买盘
10:12:48	9.44	--	53	50032	买盘
10:12:45	9.44	0.01	50	47200	买盘
10:12:39	9.43	--	106	99958	卖盘
10:12:36	9.43	-0.01	8	7544	卖盘
10:12:30	9.44	0.01	15	14160	买盘
10:12:27	9.43	-0.01	50	47150	卖盘
10:12:24	9.44	--	1	944	买盘
10:12:15	9.44	--	5	4720	买盘
10:12:00	9.44	0.01	280	264320	买盘
10:11:57	9.43	--	20	18860	卖盘
10:11:54	9.43	-0.01	10	9430	卖盘
10:11:51	9.44	--	108	101952	买盘
10:11:36	9.44	--	70	66080	买盘
10:11:33	9.44	--	17	16048	买盘
10:11:30	9.44	0.01	10	9440	买盘
10:11:24	9.43	--	50	47150	卖盘
10:11:21	9.43	-0.01	1	943	卖盘
10:11:18	9.44	--	23	21712	买盘
10:11:15	9.44	--	1	944	买盘
10:11:09	9.44	--	9	8496	买盘
10:11:06	9.44	0.01	144	135936	买盘
10:11:03	9.43	-0.01	52	49036	卖盘
10:11:00	9.44	0.01	3	2832	买盘
10:10:51	9.43	--	10	9430	卖盘
10:10:48	9.43	-0.01	4	3772	卖盘
10:10:45	9.44	--	1	944	买盘
10:10:36	9.44	--	334	315296	买盘
10:10:30	9.44	--	10	9440	买盘
10:10:27	9.44	0.02	101	95344	买盘
10:10:24	9.42	-0.01	5	4710	卖盘
10:10:18	9.43	--	54	50922	卖盘
10:10:15	9.43	--	4	3772	卖盘
10:10:12	9.43	0.01	5	4715	买盘
10:10:09	9.42	--	64	60288	卖盘
10:10:06	9.42	--	3	2826	卖盘
10:10:03	9.42	-0.01	53	49926	卖盘
10:10:00	9.43	--	122	115046	买盘
10:09:57	9.43	--	30	28290	买盘
10:09:45	9.43	--	40	37720	买盘
10:09:42	9.43	0.01	3	2829	买盘
10:09:39	9.42	--	10	9420	卖盘
10:09:36	9.42	-0.01	1	942	卖盘
10:09:27	9.43	0.01	24	22632	中性盘
10:09:12	9.42	--	10	9420	卖盘
10:09:09	9.42	-0.02	67	63114	卖盘
10:09:00	9.44	0.02	10	9440	买盘
10:08:54	9.42	-0.02	5	4710	卖盘
10:08:51	9.44	--	50	47200	买盘
10:08:48	9.44	0.02	220	207680	买盘
10:08:42	9.42	-0.01	5	4710	卖盘
10:08:33	9.43	--	16	15088	买盘
10:08:30	9.43	--	17	16031	买盘
10:08:21	9.43	--	17	16031	买盘
10:08:12	9.43	0.01	3	2829	买盘
10:08:06	9.42	-0.01	11	10362	卖盘
10:08:00	9.43	-0.01	18	16974	卖盘
10:07:54	9.44	0.02	17	16048	买盘
10:07:51	9.42	-0.02	20	18840	卖盘
10:07:45	9.44	0.01	39	36816	买盘
10:07:42	9.43	0.01	15	14145	买盘
10:07:39	9.42	--	5	4710	卖盘
10:07:33	9.42	--	10	9420	卖盘
10:07:30	9.42	-0.02	1	942	卖盘
10:07:24	9.44	0.02	17	16048	买盘
10:07:21	9.42	-0.01	39	36738	卖盘
10:07:18	9.43	0.01	210	198784	买盘
10:07:15	9.42	--	5	4710	卖盘
10:07:09	9.42	--	30	28260	卖盘
10:07:06	9.42	-0.02	20	18840	卖盘
10:07:00	9.44	0.02	50	47200	买盘
10:06:57	9.42	-0.01	125	118475	卖盘
10:06:48	9.43	--	34	32062	卖盘
10:06:42	9.43	--	42	39606	卖盘
10:06:39	9.43	-0.02	1	943	卖盘
10:06:33	9.45	0.02	21	19845	买盘
10:06:30	9.43	--	50	47150	卖盘
10:06:27	9.43	-0.01	256	241408	卖盘
10:06:24	9.44	--	1	944	买盘
10:06:21	9.44	0.01	10	9440	中性盘
10:06:09	9.43	-0.02	18	16974	卖盘
10:06:06	9.45	--	2	1889	卖盘
10:06:03	9.45	-0.01	60	56699	卖盘
10:05:57	9.46	0.01	13	12298	买盘
10:05:48	9.45	--	100	94500	卖盘
10:05:45	9.45	0.01	64	60479	买盘
10:05:42	9.44	--	154	145376	卖盘
10:05:39	9.44	-0.01	10	9440	卖盘
10:05:36	9.45	--	74	69930	买盘
10:05:21	9.45	0.01	12	11340	买盘
10:05:12	9.44	-0.01	17	16048	卖盘
10:05:09	9.45	0.01	1	944	买盘
10:05:00	9.44	--	20	18880	卖盘
10:04:51	9.44	--	2	1888	卖盘
10:04:45	9.44	--	21	19824	卖盘
10:04:39	9.44	-0.01	23	21712	卖盘
10:04:24	9.45	0.01	11	10395	买盘
10:04:21	9.44	--	42	39648	卖盘
10:04:18	9.44	-0.01	10	9440	卖盘
10:04:15	9.45	-0.01	12	11340	卖盘
10:04:09	9.46	--	10	9460	买盘
10:04:06	9.46	0.01	90	85140	买盘
10:04:03	9.45	--	104	99035	卖盘
10:03:54	9.45	--	30	28349	卖盘
10:03:45	9.45	--	6	5670	卖盘
10:03:39	9.45	--	65	61424	卖盘
10:03:24	9.45	--	89	84294	买盘
10:03:21	9.45	--	1	944	买盘
10:03:15	9.45	--	4	3779	买盘
10:03:12	9.45	--	70	66150	买盘
10:03:09	9.45	--	40	37800	买盘
10:03:06	9.45	--	65	61424	买盘
10:03:00	9.45	--	1	944	买盘
10:02:57	9.45	--	399	377055	买盘
10:02:48	9.45	--	77	73521	卖盘
10:02:45	9.45	--	10	9450	卖盘
10:02:39	9.45	-0.01	13	12473	卖盘
10:02:30	9.46	0.01	39	36894	买盘
10:02:27	9.45	--	21	19845	卖盘
10:02:12	9.45	--	41	38745	卖盘
10:02:03	9.45	-0.02	10	9450	卖盘
10:02:00	9.47	--	1	947	买盘
10:01:51	9.47	0.02	5	4735	买盘
10:01:48	9.45	-0.02	30	28349	卖盘
10:01:45	9.47	--	17	16099	买盘
10:01:42	9.47	--	112	106064	买盘
10:01:33	9.47	0.02	20	18940	买盘
10:01:27	9.45	-0.03	328	309960	卖盘
10:01:24	9.48	0.01	49	46452	买盘
10:01:15	9.47	--	15	14205	卖盘
10:01:12	9.47	--	10	9470	卖盘
10:01:09	9.47	--	312	295464	卖盘
10:01:06	9.47	-0.01	62	58714	卖盘
10:01:03	9.48	0.01	208	197184	买盘
10:01:00	9.47	-0.01	55	52085	卖盘
10:00:57	9.48	0.01	4	3792	买盘
10:00:54	9.47	--	140	132580	卖盘
10:00:51	9.47	--	133	125951	卖盘
10:00:48	9.47	--	60	56820	卖盘
10:00:45	9.47	--	21	19887	卖盘
10:00:39	9.47	--	20	18940	卖盘
10:00:36	9.47	-0.01	40	37880	卖盘
10:00:33	9.48	0.01	69	65412	买盘
10:00:30	9.47	--	110	104170	卖盘
10:00:27	9.47	-0.01	10	9470	卖盘
10:00:24	9.48	0.01	9	8532	买盘
10:00:21	9.47	--	19	17993	卖盘
10:00:18	9.47	--	9	8523	卖盘
10:00:15	9.47	-0.01	148	140156	卖盘
10:00:12	9.48	0.01	1	948	买盘
10:00:06	9.47	-0.01	13	12311	卖盘
10:00:03	9.48	--	43	40764	买盘
09:59:57	9.48	--	40	37920	买盘
09:59:54	9.48	--	29	27492	买盘
09:59:51	9.48	--	1	948	买盘
09:59:45	9.48	0.01	178	168744	买盘
09:59:42	9.47	-0.01	3	2841	卖盘
09:59:36	9.48	--	110	104280	买盘
09:59:24	9.48	--	29	27492	买盘
09:59:21	9.48	--	50	47400	买盘
09:59:18	9.48	--	42	39816	卖盘
09:59:15	9.48	--	135	127980	卖盘
09:59:12	9.48	--	24	22752	买盘
09:59:06	9.48	--	84	79632	卖盘
09:59:03	9.48	--	13	12324	卖盘
09:59:00	9.48	--	5	4740	卖盘
09:58:54	9.48	--	20	18960	卖盘
09:58:51	9.48	--	426	403848	买盘
09:58:48	9.48	0.01	50	47400	买盘
09:58:45	9.47	--	5	4735	卖盘
09:58:42	9.47	--	122	115534	卖盘
09:58:36	9.47	-0.01	3	2841	卖盘
09:58:33	9.48	0.01	12	11376	中性盘
09:58:24	9.47	-0.01	50	47350	卖盘
09:58:21	9.48	--	68	64464	买盘
09:58:15	9.48	--	44	41712	买盘
09:58:12	9.48	--	3	2844	买盘
09:58:09	9.48	--	305	289140	买盘
09:58:06	9.48	0.01	37	35076	买盘
09:58:03	9.47	-0.01	42	39774	卖盘
09:57:57	9.48	--	2	1896	买盘
09:57:54	9.48	--	87	82476	卖盘
09:57:48	9.48	-0.01	172	163056	卖盘
09:57:45	9.49	--	39	37011	买盘
09:57:42	9.49	--	93	88257	买盘
09:57:39	9.49	0.01	33	31317	买盘
09:57:36	9.48	-0.01	110	104280	卖盘
09:57:30	9.49	0.01	61	57889	买盘
09:57:24	9.48	--	25	23700	卖盘
09:57:21	9.48	--	1	948	卖盘
09:57:18	9.48	--	100	94800	卖盘
09:57:15	9.48	-0.01	37	35076	卖盘
09:57:12	9.49	0.01	51	48399	买盘
09:57:09	9.48	--	10	9480	卖盘
09:57:06	9.48	--	3	2844	卖盘
09:57:03	9.48	--	53	50244	卖盘
09:57:00	9.48	--	6	5688	卖盘
09:56:54	9.48	--	11	10428	买盘
09:56:51	9.48	--	1198	1135704	买盘
09:56:48	9.48	0.01	14	13272	买盘
09:56:42	9.47	-0.01	30	28410	卖盘
09:56:39	9.48	--	70	66360	买盘
09:56:30	9.48	0.01	10	9480	买盘
09:56:24	9.47	--	222	210234	买盘
09:56:18	9.47	--	7	6629	买盘
09:56:12	9.47	--	30	28410	买盘
09:56:09	9.47	-0.01	62	58714	卖盘
09:56:03	9.48	--	200	189600	买盘
09:56:00	9.48	0.01	11	10428	买盘
09:55:57	9.47	--	30	28410	卖盘
09:55:54	9.47	--	401	379747	卖盘
09:55:48	9.47	--	28	26516	卖盘
09:55:39	9.47	-0.01	12	11364	中性盘
09:55:36	9.48	0.01	149	141252	买盘
09:55:33	9.47	0.01	20	18940	买盘
09:55:30	9.46	-0.01	25	23650	卖盘
09:55:27	9.47	0.01	22	20834	买盘
09:55:24	9.46	-0.01	9	8514	卖盘
09:55:18	9.47	--	10	9470	买盘
09:55:15	9.47	--	45	42615	买盘
09:55:12	9.47	--	5	4735	买盘
09:55:09	9.47	--	6	5682	买盘
09:55:06	9.47	0.01	70	66290	买盘
09:55:03	9.46	-0.01	34	32164	卖盘
09:54:57	9.47	--	19	17993	买盘
09:54:54	9.47	--	19	17993	买盘
09:54:51	9.47	--	4	3788	买盘
09:54:42	9.47	0.01	19	17993	买盘
09:54:36	9.46	-0.01	200	189200	卖盘
09:54:33	9.47	0.01	10	9470	买盘
09:54:24	9.46	--	26	24596	卖盘
09:54:15	9.46	--	38	35948	买盘
09:54:12	9.46	0.01	141	133386	买盘
09:54:09	9.45	--	79	74655	卖盘
09:54:06	9.45	-0.01	30	28349	卖盘
09:54:03	9.46	0.01	152	143792	买盘
09:54:00	9.45	-0.01	14	13229	卖盘
09:53:57	9.46	0.01	1	946	买盘
09:53:54	9.45	-0.01	20	18900	卖盘
09:53:51	9.46	0.01	50	47300	买盘
09:53:48	9.45	-0.01	10	9450	卖盘
09:53:42	9.46	--	30	28380	买盘
09:53:36	9.46	--	60	56760	买盘
09:53:33	9.46	-0.01	52	49192	卖盘
09:53:30	9.47	0.01	2	1894	买盘
09:53:27	9.46	--	10	9460	卖盘
09:53:24	9.46	-0.01	23	21758	卖盘
09:53:15	9.47	0.01	129	122163	买盘
09:53:09	9.46	-0.01	25	23650	卖盘
09:53:06	9.47	--	22	20834	买盘
09:53:03	9.47	--	17	16099	买盘
09:52:57	9.47	0.01	37	35039	买盘
09:52:54	9.46	--	13	12298	卖盘
09:52:51	9.46	0.01	30	28380	卖盘
09:52:48	9.45	-0.01	30	28349	卖盘
09:52:42	9.46	--	5	5108	卖盘
09:52:39	9.46	--	1	1324	买盘
09:52:36	9.46	--	97	91762	买盘
09:52:33	9.46	--	4	3784	买盘
09:52:30	9.46	--	174	164604	买盘
09:52:27	9.46	--	4	3784	买盘
09:52:24	9.46	--	10	9460	买盘
09:52:21	9.46	--	5	4730	买盘
09:52:18	9.46	--	12	11352	买盘
09:52:15	9.46	--	7	6622	买盘
09:52:12	9.46	--	53	50138	买盘
09:52:09	9.46	--	11	10406	买盘
09:52:06	9.46	--	20	18920	买盘
09:51:57	9.46	--	20	18920	买盘
09:51:54	9.46	--	39	36894	买盘
09:51:51	9.46	--	2	1892	买盘
09:51:48	9.46	--	10	9460	买盘
09:51:39	9.46	--	17	16082	买盘
09:51:36	9.46	--	12	11352	买盘
09:51:30	9.46	0.01	17	16082	买盘
09:51:27	9.45	--	10	9450	买盘
09:51:24	9.45	-0.01	14	13229	卖盘
09:51:21	9.46	--	6	5676	买盘
09:51:18	9.46	0.01	101	95546	买盘
09:51:15	9.45	-0.01	33	31184	买盘
09:51:12	9.46	--	200	189200	买盘
09:51:09	9.46	0.01	52	49192	买盘
09:51:06	9.45	-0.01	2	1889	中性盘
09:51:03	9.46	0.01	428	404888	买盘
09:51:00	9.45	--	3	2835	卖盘
09:50:54	9.45	-0.01	52	49139	卖盘
09:50:51	9.46	--	10	9460	买盘
09:50:42	9.46	0.01	5	4730	买盘
09:50:36	9.45	--	20	18900	买盘
09:50:33	9.45	--	5	4725	买盘
09:50:30	9.45	0.02	5	4725	中性盘
09:50:24	9.43	--	11	10373	卖盘
09:50:18	9.43	-0.03	280	264040	卖盘
09:50:15	9.46	--	7	6622	买盘
09:50:12	9.46	--	18	17028	买盘
09:50:09	9.46	--	466	440836	卖盘
09:50:03	9.46	-0.01	2	1892	卖盘
09:50:00	9.47	--	1	947	买盘
09:49:54	9.47	0.01	25	23675	买盘
09:49:48	9.46	--	114	107844	买盘
09:49:45	9.46	--	218	206228	买盘
09:49:42	9.46	--	35	33110	买盘
09:49:24	9.46	--	2	1892	买盘
09:49:21	9.46	--	67	63382	卖盘
09:49:18	9.46	--	65	61490	卖盘
09:49:15	9.46	0.01	135	127710	买盘
09:49:12	9.45	--	20	18900	买盘
09:49:09	9.45	--	68	64259	卖盘
09:49:06	9.45	--	56	52919	卖盘
09:49:03	9.45	-0.01	42	39690	卖盘
09:49:00	9.46	--	124	117304	买盘
09:48:54	9.46	0.01	21	19866	买盘
09:48:51	9.45	-0.01	3	2835	卖盘
09:48:45	9.46	0.01	15	14190	买盘
09:48:39	9.45	--	38	35910	卖盘
09:48:33	9.45	0.02	1592	1504629	买盘
09:48:30	9.43	-0.01	482	454714	卖盘
09:48:27	9.44	0.01	260	245440	买盘
09:48:21	9.43	-0.01	10	9430	卖盘
09:48:15	9.44	--	133	125552	买盘
09:48:12	9.44	0.01	15	14160	买盘
09:48:09	9.43	-0.01	44	41492	卖盘
09:48:06	9.44	--	18	16992	买盘
09:48:00	9.44	--	13	12272	买盘
09:47:54	9.44	--	317	299248	买盘
09:47:42	9.44	0.01	8	7552	买盘
09:47:36	9.43	--	1	943	卖盘
09:47:24	9.43	--	10	9430	卖盘
09:47:18	9.43	-0.01	24	22632	卖盘
09:47:15	9.44	0.01	8	7552	买盘
09:47:12	9.43	--	9	8487	卖盘
09:47:09	9.43	--	77	72611	卖盘
09:46:57	9.43	--	18	16974	卖盘
09:46:48	9.43	--	16	15088	卖盘
09:46:42	9.43	--	84	79212	卖盘
09:46:39	9.43	-0.01	124	116932	卖盘
09:46:36	9.44	0.01	1	944	买盘
09:46:30	9.43	--	1	943	卖盘
09:46:15	9.43	--	30	28290	买盘
09:46:12	9.43	--	50	47150	买盘
09:46:06	9.43	--	14	13202	买盘
09:46:03	9.43	--	21	19803	买盘
09:46:00	9.43	0.01	50	47150	买盘
09:45:57	9.42	-0.01	10	9420	卖盘
09:45:51	9.43	--	20	18860	买盘
09:45:36	9.43	--	87	82041	买盘
09:45:24	9.43	0.01	13	12259	买盘
09:45:09	9.42	-0.01	200	188400	卖盘
09:44:54	9.43	--	8	7544	买盘
09:44:42	9.43	--	15	14145	买盘
09:44:33	9.43	--	30	28290	买盘
09:44:30	9.43	--	2	1886	买盘
09:44:24	9.43	0.01	50	47150	买盘
09:44:18	9.42	-0.01	10	9420	卖盘
09:44:15	9.43	0.01	102	96186	买盘
09:44:12	9.42	--	1	942	卖盘
09:44:09	9.42	--	1	942	卖盘
09:44:06	9.42	--	50	47100	卖盘
09:44:03	9.42	--	3	2826	卖盘
09:43:51	9.42	--	3	2826	卖盘
09:43:48	9.42	--	110	103620	卖盘
09:43:45	9.42	--	49	46158	卖盘
09:43:42	9.42	0.01	114	108235	买盘
09:43:39	9.41	--	194	182554	卖盘
09:43:30	9.41	-0.01	2	1882	卖盘
09:43:27	9.42	0.01	15	14130	买盘
09:43:24	9.41	-0.01	100	94100	卖盘
09:43:12	9.42	--	10	9420	买盘
09:43:09	9.42	0.01	2	1884	买盘
09:43:03	9.41	--	10	9410	卖盘
09:42:57	9.41	--	12	11292	卖盘
09:42:51	9.41	-0.01	15	14115	卖盘
09:42:45	9.42	--	5	4710	买盘
09:42:36	9.42	0.01	50	47100	买盘
09:42:30	9.41	-0.01	60	56460	卖盘
09:42:27	9.42	--	46	43332	买盘
09:42:18	9.42	0.01	17	16014	买盘
09:42:12	9.41	-0.01	2	1882	卖盘
09:42:09	9.42	0.01	3	2826	买盘
09:42:00	9.41	-0.01	4	3764	卖盘
09:41:54	9.42	0.01	22	20724	买盘
09:41:45	9.41	--	15	14115	卖盘
09:41:33	9.41	0.01	180	169380	买盘
09:41:30	9.4	-0.01	6	5640	卖盘
09:41:24	9.41	--	38	35758	买盘
09:41:12	9.41	0.01	1	941	买盘
09:41:09	9.4	--	9	8460	买盘
09:41:00	9.4	-0.01	2	1880	中性盘
09:40:54	9.41	0.01	215	202315	买盘
09:40:51	9.4	0.01	11	10340	中性盘
09:40:48	9.39	-0.02	80	75120	卖盘
09:40:45	9.41	0.01	1	941	买盘
09:40:42	9.4	--	40	37600	卖盘
09:40:39	9.4	--	101	94940	卖盘
09:40:33	9.4	0.01	15	14100	卖盘
09:40:21	9.39	-0.01	5	4695	卖盘
09:40:18	9.4	0.01	2	2641	买盘
09:40:15	9.39	--	92	86388	卖盘
09:40:09	9.39	-0.01	200	187800	卖盘
09:40:06	9.4	0.01	20	18800	买盘
09:40:03	9.39	--	14	13146	卖盘
09:40:00	9.39	--	39	36621	卖盘
09:39:51	9.39	-0.01	29	27231	卖盘
09:39:48	9.4	--	2	1880	买盘
09:39:42	9.4	--	1	940	买盘
09:39:39	9.4	--	10	9400	买盘
09:39:36	9.4	--	63	59220	买盘
09:39:33	9.4	--	20	18800	买盘
09:39:27	9.4	--	5	4700	买盘
09:39:24	9.4	0.01	39	36660	买盘
09:39:21	9.39	-0.01	3	2817	卖盘
09:39:15	9.4	0.01	36	33840	买盘
09:39:12	9.39	-0.01	113	106107	卖盘
09:39:09	9.4	--	50	47000	买盘
09:39:03	9.4	0.01	53	49820	买盘
09:39:00	9.39	-0.01	42	39438	卖盘
09:38:57	9.4	0.01	20	18800	买盘
09:38:54	9.39	-0.01	3	2817	卖盘
09:38:48	9.4	--	205	192878	卖盘
09:38:45	9.4	-0.01	109	102460	卖盘
09:38:42	9.41	0.01	1	941	买盘
09:38:39	9.4	--	10	9400	卖盘
09:38:36	9.4	--	87	81780	卖盘
09:38:30	9.4	--	67	62980	卖盘
09:38:18	9.4	-0.01	20	18800	卖盘
09:38:15	9.41	0.01	10	9410	买盘
09:38:12	9.4	--	40	37600	卖盘
09:38:09	9.4	--	129	121260	卖盘
09:38:06	9.4	-0.01	120	112800	卖盘
09:37:57	9.41	--	40	37640	买盘
09:37:54	9.41	0.01	11	10351	买盘
09:37:51	9.4	--	18	16920	卖盘
09:37:48	9.4	--	2	1880	卖盘
09:37:45	9.4	-0.01	12	11280	卖盘
09:37:42	9.41	--	20	18820	买盘
09:37:39	9.41	0.01	20	18820	买盘
09:37:36	9.4	--	99	93060	卖盘
09:37:30	9.4	-0.01	10	9400	卖盘
09:37:27	9.41	--	4	3764	买盘
09:37:21	9.41	0.01	100	94100	买盘
09:37:18	9.4	-0.01	12	11280	卖盘
09:37:15	9.41	--	8	7528	买盘
09:37:12	9.41	--	9	8469	买盘
09:37:06	9.41	--	202	190082	买盘
09:37:03	9.41	--	100	94100	买盘
09:36:57	9.41	0.01	8	7528	买盘
09:36:51	9.4	-0.01	54	50760	卖盘
09:36:39	9.41	0.01	195	183495	买盘
09:36:33	9.4	--	55	51700	卖盘
09:36:30	9.4	--	20	18800	卖盘
09:36:21	9.4	--	0	761	卖盘
09:36:15	9.4	--	37	34780	买盘
09:36:12	9.4	-0.01	248	233120	卖盘
09:36:03	9.41	--	100	94100	买盘
09:35:57	9.41	--	393	369813	买盘
09:35:54	9.41	--	100	94100	买盘
09:35:51	9.41	--	84	79044	买盘
09:35:48	9.41	--	33	31053	买盘
09:35:45	9.41	0.01	257	241837	买盘
09:35:42	9.4	-0.01	40	37600	卖盘
09:35:39	9.41	--	80	75280	买盘
09:35:36	9.41	--	10	9410	买盘
09:35:30	9.41	--	106	99746	卖盘
09:35:21	9.41	-0.01	10	9410	卖盘
09:35:18	9.42	--	19	17898	买盘
09:35:15	9.42	--	3	2826	买盘
09:35:12	9.42	--	110	103620	买盘
09:35:09	9.42	--	2	1884	买盘
09:35:06	9.42	--	22	20724	买盘
09:35:03	9.42	--	5	4710	买盘
09:35:00	9.42	-0.01	200	188494	卖盘
09:34:57	9.43	0.01	9	8487	买盘
09:34:54	9.42	--	0	471	卖盘
09:34:51	9.42	--	3	2826	卖盘
09:34:48	9.42	--	158	149212	卖盘
09:34:42	9.42	0.01	85	80070	买盘
09:34:33	9.41	--	17	15997	卖盘
09:34:21	9.41	0.02	5	4705	中性盘
09:34:06	9.39	--	100	93900	卖盘
09:34:03	9.39	-0.01	62	58218	卖盘
09:34:00	9.4	--	57	53580	买盘
09:33:57	9.4	--	20	18800	买盘
09:33:54	9.4	0.01	5	4700	买盘
09:33:51	9.39	-0.01	30	28170	卖盘
09:33:48	9.4	--	61	57340	买盘
09:33:45	9.4	--	7	6580	买盘
09:33:42	9.4	0.01	1	940	买盘
09:33:33	9.39	-0.01	40	37560	卖盘
09:33:30	9.4	0.01	383	360020	买盘
09:33:27	9.39	-0.01	43	40377	卖盘
09:33:18	9.4	0.01	33	31020	买盘
09:33:15	9.39	--	181	169959	卖盘
09:33:06	9.39	--	2	1878	卖盘
09:33:03	9.39	--	50	46950	卖盘
09:32:57	9.39	0.01	139	130521	买盘
09:32:54	9.38	-0.01	107	100366	卖盘
09:32:51	9.39	0.01	13	12207	买盘
09:32:48	9.38	-0.01	1	938	卖盘
09:32:45	9.39	--	101	94839	买盘
09:32:42	9.39	0.01	20	18780	买盘
09:32:39	9.38	-0.01	30	28140	卖盘
09:32:36	9.39	--	5	4695	买盘
09:32:33	9.39	0.01	20	18780	买盘
09:32:27	9.38	-0.01	68	63784	卖盘
09:32:24	9.39	--	30	28170	买盘
09:32:18	9.39	--	105	98595	买盘
09:32:15	9.39	-0.01	333	312687	卖盘
09:32:12	9.4	--	8	7520	买盘
09:32:09	9.4	--	246	231240	买盘
09:32:06	9.4	--	61	57340	买盘
09:32:03	9.4	--	76	71440	买盘
09:32:00	9.4	--	20	18800	买盘
09:31:57	9.4	--	100	94000	买盘
09:31:48	9.4	--	50	47000	买盘
09:31:39	9.4	--	30	28200	买盘
09:31:36	9.4	0.01	22	20680	买盘
09:31:27	9.39	--	270	253530	卖盘
09:31:24	9.39	-0.01	92	86388	卖盘
09:31:21	9.4	0.01	10	9400	买盘
09:31:18	9.39	--	25	23475	卖盘
09:31:15	9.39	-0.01	27	25353	卖盘
09:31:09	9.4	0.01	5	4700	买盘
09:31:06	9.39	-0.01	82	76998	卖盘
09:31:03	9.4	0.01	10	9400	买盘
09:31:00	9.39	-0.01	170	159630	卖盘
09:30:54	9.4	0.01	39	36660	买盘
09:30:48	9.39	-0.01	11	10329	卖盘
09:30:45	9.4	--	18	16920	买盘
09:30:42	9.4	0.01	9	8460	买盘
09:30:39	9.39	-0.01	32	30048	卖盘
09:30:30	9.4	--	50	47000	买盘
09:30:27	9.4	0.01	17	15980	买盘
09:30:21	9.39	-0.01	18	16902	卖盘
09:30:15	9.4	0.01	1	940	买盘
09:30:09	9.39	-0.01	280	262920	卖盘
09:30:06	9.4	--	969	910860	卖盘
09:30:03	9.4	--	0	0	卖盘
09:25:03	9.4	9.4	391	367540	买盘
