成交时间	成交价	价格变动	成交量(手)	成交额(元)	性质
15:00:03	7.18	--	313	224734	卖盘
14:57:00	7.18	--	39	28002	卖盘
14:56:54	7.18	--	63	45234	买盘
14:56:51	7.18	--	18	12924	买盘
14:56:45	7.18	--	10	7180	买盘
14:56:42	7.18	--	12	8616	买盘
14:56:39	7.18	--	26	18668	卖盘
14:56:36	7.18	--	4	2872	买盘
14:56:33	7.18	--	2	1436	买盘
14:56:24	7.18	--	6	4308	买盘
14:56:21	7.18	--	6	4308	买盘
14:56:15	7.18	--	83	59594	买盘
14:56:06	7.18	--	15	10770	买盘
14:56:00	7.18	0.01	9	6462	买盘
14:55:57	7.17	-0.01	227	162759	卖盘
14:55:51	7.18	-0.01	33	23694	卖盘
14:55:48	7.19	0.01	30	21570	买盘
14:55:45	7.18	--	50	35900	卖盘
14:55:33	7.18	--	1	718	买盘
14:55:21	7.18	--	19	13642	卖盘
14:55:18	7.18	0.01	13	9334	中性盘
14:55:15	7.17	--	13	9321	卖盘
14:55:06	7.17	-0.01	30	21510	卖盘
14:54:57	7.18	0.01	105	75390	买盘
14:54:54	7.17	-0.01	35	25095	卖盘
14:54:42	7.18	--	1	718	买盘
14:54:33	7.18	--	19	13642	卖盘
14:54:30	7.18	--	85	61030	买盘
14:54:27	7.18	--	16	11488	买盘
14:54:15	7.18	--	130	93340	卖盘
14:54:06	7.18	-0.01	3	2154	卖盘
14:54:00	7.19	--	5	3595	买盘
14:53:48	7.19	0.01	1	719	买盘
14:53:30	7.18	--	200	143600	卖盘
14:53:24	7.18	--	100	71800	卖盘
14:53:09	7.18	--	71	50978	卖盘
14:53:03	7.18	--	5	3590	卖盘
14:52:57	7.18	0.01	66	47388	买盘
14:52:54	7.17	-0.01	371	266007	卖盘
14:52:51	7.18	--	10	7180	买盘
14:52:45	7.18	--	9	6462	买盘
14:52:42	7.18	--	25	17950	买盘
14:52:39	7.18	--	11	7898	买盘
14:52:36	7.18	--	2	1436	买盘
14:52:27	7.18	0.01	20	14360	买盘
14:52:21	7.17	--	541	387897	卖盘
14:52:15	7.17	-0.01	48	34416	卖盘
14:52:12	7.18	--	10	7180	买盘
14:52:09	7.18	0.01	6	4308	买盘
14:52:03	7.17	--	20	14340	卖盘
14:52:00	7.17	--	221	158457	卖盘
14:51:48	7.17	--	60	43020	卖盘
14:51:45	7.17	--	10	7170	卖盘
14:51:36	7.17	-0.01	106	76002	卖盘
14:51:27	7.18	0.01	30	21540	买盘
14:51:09	7.17	-0.01	100	71700	卖盘
14:51:00	7.18	0.01	8	5744	买盘
14:50:36	7.17	-0.01	500	358500	卖盘
14:50:30	7.18	0.01	30	21540	中性盘
14:50:21	7.17	--	64	45888	卖盘
14:50:18	7.17	-0.01	20	14340	卖盘
14:50:15	7.18	--	41	29438	买盘
14:50:12	7.18	0.01	211	151498	中性盘
14:49:57	7.17	-0.01	800	573600	卖盘
14:49:54	7.18	--	7	5026	卖盘
14:49:51	7.18	--	76	54568	卖盘
14:49:36	7.18	--	7	5026	卖盘
14:49:30	7.18	--	150	107700	卖盘
14:49:12	7.18	--	49	35785	买盘
14:49:09	7.18	--	5	3590	买盘
14:49:00	7.18	--	51	36732	卖盘
14:48:57	7.18	-0.01	80	57440	卖盘
14:48:51	7.19	0.01	1	719	买盘
14:48:45	7.18	--	47	33746	卖盘
14:48:27	7.18	--	2	1436	卖盘
14:48:24	7.18	-0.01	27	19386	卖盘
14:48:12	7.19	--	4	2876	买盘
14:48:00	7.19	0.01	118	84842	买盘
14:47:45	7.18	--	3	2154	卖盘
14:47:36	7.18	--	225	161550	卖盘
14:47:09	7.18	--	30	21540	卖盘
14:46:57	7.18	-0.01	80	57440	卖盘
14:46:54	7.19	0.01	10	7190	买盘
14:46:45	7.18	--	40	28720	卖盘
14:46:24	7.18	--	4	2872	卖盘
14:46:03	7.18	--	3	2757	买盘
14:46:00	7.18	--	5	3590	买盘
14:45:54	7.18	--	6	4308	买盘
14:45:51	7.18	--	5	3590	买盘
14:45:42	7.18	--	86	61862	卖盘
14:45:39	7.18	--	18	13168	卖盘
14:45:18	7.18	--	195	140010	卖盘
14:45:12	7.18	--	100	71800	卖盘
14:45:00	7.18	0.01	232	166935	买盘
14:44:57	7.17	-0.01	7	5019	卖盘
14:44:48	7.18	--	10	7180	买盘
14:44:45	7.18	0.01	95	68403	买盘
14:44:42	7.17	--	105	75285	卖盘
14:44:33	7.17	-0.01	12	8604	卖盘
14:44:30	7.18	--	122	87596	卖盘
14:44:00	7.18	--	23	16514	买盘
14:43:57	7.18	--	18	12924	买盘
14:43:54	7.18	--	11	7898	买盘
14:43:51	7.18	--	30	21540	买盘
14:43:48	7.18	--	31	22258	买盘
14:43:33	7.18	--	27	19386	卖盘
14:43:21	7.18	0.01	3	2154	卖盘
14:43:06	7.17	-0.01	8	5736	卖盘
14:43:00	7.18	--	11	7898	买盘
14:42:54	7.18	--	5	3590	买盘
14:42:51	7.18	--	5	3590	买盘
14:42:48	7.18	--	367	263506	买盘
14:42:45	7.18	0.01	8	5744	买盘
14:42:39	7.17	-0.01	350	250950	卖盘
14:42:24	7.18	--	5	3590	买盘
14:42:21	7.18	--	88	63184	买盘
14:42:18	7.18	-0.01	394	283595	卖盘
14:41:48	7.19	0.01	2	1438	买盘
14:41:42	7.18	-0.01	1000	718000	卖盘
14:41:39	7.19	--	89	63991	买盘
14:41:36	7.19	--	1	719	买盘
14:41:18	7.19	--	20	14380	买盘
14:41:12	7.19	--	35	25165	买盘
14:41:09	7.19	--	5	3595	买盘
14:41:03	7.19	--	10	7190	买盘
14:41:00	7.19	0.01	20	14380	买盘
14:40:54	7.18	-0.01	21	15078	卖盘
14:40:51	7.19	--	6	4314	买盘
14:40:48	7.19	--	22	15818	买盘
14:40:39	7.19	--	14	10066	买盘
14:40:33	7.19	--	16	11504	买盘
14:40:18	7.19	--	2	1438	买盘
14:40:15	7.19	--	22	15818	买盘
14:40:09	7.19	0.01	19	13661	买盘
14:40:03	7.18	-0.01	10	7180	卖盘
14:39:57	7.19	-0.02	397	285802	卖盘
14:39:48	7.21	0.01	22	15862	买盘
14:39:45	7.2	--	200	144000	卖盘
14:39:21	7.2	-0.01	9	6480	卖盘
14:39:18	7.21	--	2	1442	买盘
14:39:03	7.21	--	51	36771	买盘
14:38:48	7.21	0.01	2	1442	买盘
14:38:33	7.2	--	187	134640	买盘
14:38:30	7.2	--	2	1440	买盘
14:38:21	7.2	-0.01	11	7920	卖盘
14:38:18	7.21	0.01	2	1442	买盘
14:38:12	7.2	--	5	3600	买盘
14:38:09	7.2	--	2	1440	买盘
14:38:06	7.2	--	5	3600	买盘
14:37:57	7.2	--	201	144720	买盘
14:37:54	7.2	--	10	7200	买盘
14:37:48	7.2	--	2	1440	买盘
14:37:18	7.2	--	2	1440	买盘
14:37:15	7.2	--	10	7200	买盘
14:37:12	7.2	0.01	350	252000	买盘
14:37:03	7.19	--	36	26243	买盘
14:37:00	7.19	--	39	28041	买盘
14:36:57	7.19	--	12	8628	买盘
14:36:51	7.19	-0.01	112	80887	卖盘
14:36:48	7.2	--	2	1440	买盘
14:36:30	7.2	--	12	8640	买盘
14:36:24	7.2	--	205	147600	买盘
14:36:21	7.2	--	22	15840	买盘
14:36:18	7.2	--	7	5040	买盘
14:36:12	7.2	--	1070	770400	买盘
14:35:54	7.2	--	1	720	买盘
14:35:48	7.2	0.01	2	1440	买盘
14:35:42	7.19	-0.01	25	17975	卖盘
14:35:27	7.2	--	10	7200	买盘
14:35:21	7.2	--	22	15840	买盘
14:35:18	7.2	--	7	5040	买盘
14:35:06	7.2	--	69	49680	买盘
14:35:03	7.2	0.01	13	9360	买盘
14:34:54	7.19	-0.01	5	3595	卖盘
14:34:48	7.2	0.01	2	1440	买盘
14:34:45	7.19	-0.01	20	14380	卖盘
14:34:42	7.2	0.01	3	2160	买盘
14:34:33	7.19	--	200	143800	卖盘
14:34:27	7.19	--	25	17975	卖盘
14:34:24	7.19	-0.01	44	31636	卖盘
14:34:18	7.2	0.01	2	1440	买盘
14:33:51	7.19	-0.01	24	17256	卖盘
14:33:48	7.2	0.01	2	1440	买盘
14:33:33	7.19	--	6	4314	卖盘
14:33:30	7.19	--	6	4673	买盘
14:33:27	7.19	--	10	7190	买盘
14:33:21	7.19	--	22	15818	买盘
14:33:18	7.19	--	2	1438	买盘
14:33:09	7.19	-0.01	161	116118	卖盘
14:32:48	7.2	--	2	1440	买盘
14:32:39	7.2	0.01	122	87840	买盘
14:32:30	7.19	--	30	21570	卖盘
14:32:27	7.19	--	18	12942	卖盘
14:32:21	7.19	-0.01	3	2157	卖盘
14:32:18	7.2	--	67	48240	买盘
14:31:54	7.2	--	1	720	买盘
14:31:48	7.2	--	2	1440	买盘
14:31:45	7.2	0.01	22	15840	买盘
14:31:36	7.19	-0.01	13	9347	卖盘
14:31:21	7.2	--	22	15840	买盘
14:31:18	7.2	0.01	2	1440	买盘
14:31:03	7.19	-0.01	15	10785	卖盘
14:30:30	7.2	--	40	28800	买盘
14:29:54	7.2	--	31	22320	买盘
14:29:51	7.2	0.01	6	4320	买盘
14:29:39	7.19	-0.01	17	12223	卖盘
14:29:27	7.2	--	26	18720	买盘
14:28:54	7.2	0.01	4	2880	买盘
14:28:42	7.19	--	27	19413	卖盘
14:28:06	7.19	--	20	14380	卖盘
14:28:03	7.19	--	24	17256	卖盘
14:27:57	7.19	--	32	23008	卖盘
14:27:33	7.19	--	28	20132	卖盘
14:27:18	7.19	--	20	14739	买盘
14:27:09	7.19	--	20	14380	买盘
14:27:06	7.19	--	1	719	买盘
14:26:57	7.19	--	3	2516	卖盘
14:26:48	7.19	--	2	1797	买盘
14:26:45	7.19	--	22	15818	买盘
14:26:21	7.19	--	80	57520	买盘
14:26:18	7.19	--	25	17975	买盘
14:26:09	7.19	0.01	16	11504	买盘
14:26:06	7.18	-0.01	5	3590	卖盘
14:25:54	7.19	0.01	36	25884	买盘
14:25:39	7.18	-0.01	15	10770	卖盘
14:25:36	7.19	0.01	15	10785	买盘
14:25:30	7.18	--	8	5744	卖盘
14:25:27	7.18	-0.01	11	7898	卖盘
14:25:15	7.19	--	1	719	买盘
14:24:48	7.19	--	11	8268	卖盘
14:24:39	7.19	--	7	5033	卖盘
14:24:27	7.19	--	267	192332	买盘
14:24:24	7.19	0.01	22	15818	买盘
14:24:21	7.18	--	205	147190	卖盘
14:24:18	7.18	--	7	5026	卖盘
14:24:03	7.18	-0.01	435	312344	卖盘
14:23:51	7.19	0.01	21	15099	买盘
14:23:48	7.18	--	52	37336	卖盘
14:23:45	7.18	-0.01	7	5026	卖盘
14:23:24	7.19	-0.01	10	7549	卖盘
14:23:21	7.2	0.01	1	720	买盘
14:23:12	7.19	0.01	20	14739	买盘
14:23:06	7.18	-0.01	36	25848	卖盘
14:22:45	7.19	0.01	3	2157	买盘
14:22:42	7.18	-0.01	16	11488	卖盘
14:22:39	7.19	--	90	64710	买盘
14:22:18	7.19	--	45	32355	买盘
14:22:15	7.19	--	2	1438	买盘
14:21:42	7.19	--	3	2157	买盘
14:21:36	7.19	0.01	1	719	买盘
14:21:33	7.18	-0.01	5	3590	卖盘
14:21:21	7.19	--	20	14380	买盘
14:21:18	7.19	--	24	17256	买盘
14:21:15	7.19	0.01	50	35950	中性盘
14:20:30	7.18	-0.02	136	97648	卖盘
14:20:21	7.2	0.01	30	21600	买盘
14:20:18	7.19	--	27	19413	卖盘
14:20:15	7.19	-0.01	5	3595	卖盘
14:20:00	7.2	0.01	5	3600	买盘
14:19:54	7.19	-0.01	150	107850	卖盘
14:19:45	7.2	-0.01	1	720	中性盘
14:19:36	7.21	--	19	13699	买盘
14:18:54	7.21	--	6	4326	买盘
14:18:51	7.21	0.02	6	4326	买盘
14:18:48	7.19	--	26	18694	买盘
14:18:39	7.19	--	20	14380	买盘
14:18:33	7.19	-0.02	54	38826	卖盘
14:18:21	7.21	--	58	41818	买盘
14:18:18	7.21	--	36	25956	买盘
14:18:15	7.21	0.01	37	26677	买盘
14:17:57	7.2	--	9	6480	买盘
14:17:54	7.2	--	1	720	买盘
14:17:24	7.2	--	10	7200	买盘
14:17:12	7.2	0.01	13	9360	买盘
14:17:03	7.19	--	6	4314	卖盘
14:16:54	7.19	-0.01	13	9347	中性盘
14:16:06	7.2	0.02	1	720	买盘
14:16:00	7.18	--	66	47388	卖盘
14:15:57	7.18	-0.01	10	7180	卖盘
14:15:45	7.19	0.01	136	97784	买盘
14:15:42	7.18	--	13	9334	卖盘
14:15:39	7.18	--	32	22976	卖盘
14:15:36	7.18	--	10	7180	卖盘
14:15:18	7.18	-0.01	100	71800	卖盘
14:15:12	7.19	--	10	7190	买盘
14:14:54	7.19	--	781	561610	卖盘
14:14:51	7.19	--	17	12223	卖盘
14:14:48	7.19	-0.01	26	18694	卖盘
14:14:27	7.2	-0.01	400	288000	卖盘
14:14:24	7.21	-0.01	2	1802	卖盘
14:14:15	7.22	0.01	1	722	买盘
14:14:06	7.21	--	2	1442	卖盘
14:13:09	7.21	--	10	7210	卖盘
14:12:33	7.21	-0.01	202	146002	卖盘
14:12:30	7.22	--	1	722	买盘
14:12:27	7.22	--	1	722	买盘
14:12:15	7.22	0.01	2	1444	买盘
14:11:33	7.21	--	6	4326	卖盘
14:11:30	7.21	-0.01	5	3605	卖盘
14:11:03	7.22	0.01	49	35378	买盘
14:10:57	7.21	-0.01	10	7210	卖盘
14:10:48	7.22	--	41	29602	买盘
14:10:42	7.22	0.01	36	25992	买盘
14:10:39	7.21	-0.01	50	36050	卖盘
14:10:36	7.22	--	41	29602	买盘
14:10:27	7.22	0.01	60	43320	买盘
14:10:12	7.21	-0.01	30	21630	卖盘
14:10:06	7.22	0.01	43	31046	买盘
14:09:45	7.21	--	3	2163	卖盘
14:09:15	7.21	-0.01	22	15862	卖盘
14:09:09	7.22	0.01	1	722	买盘
14:09:06	7.21	-0.01	37	26677	卖盘
14:08:45	7.22	--	1	722	买盘
14:08:30	7.22	0.01	2	1444	买盘
14:08:24	7.21	--	10	7210	卖盘
14:08:15	7.21	-0.01	39	28119	卖盘
14:08:00	7.22	0.01	10	7220	买盘
14:07:57	7.21	-0.01	50	36050	卖盘
14:07:54	7.22	--	6	4332	买盘
14:07:51	7.22	--	6	4332	买盘
14:07:24	7.22	--	43	31046	买盘
14:07:03	7.22	-0.01	5	3610	卖盘
14:06:54	7.23	0.01	1	723	买盘
14:06:18	7.22	-0.01	7	5054	卖盘
14:06:06	7.23	0.01	13	9399	买盘
14:06:03	7.22	--	23	16606	卖盘
14:05:57	7.22	--	1	722	卖盘
14:05:51	7.22	-0.01	20	14440	卖盘
14:05:48	7.23	0.01	3	2169	买盘
14:05:36	7.22	--	1	722	卖盘
14:05:24	7.22	--	66	47652	买盘
14:05:15	7.22	--	5	3610	买盘
14:05:06	7.22	0.01	1	722	中性盘
14:04:39	7.21	-0.02	36	25956	卖盘
14:04:27	7.23	0.01	17	12291	买盘
14:04:12	7.22	--	38	27436	买盘
14:04:06	7.22	0.01	7	5054	买盘
14:03:45	7.21	-0.02	15	10815	卖盘
14:03:36	7.23	--	50	36150	买盘
14:03:15	7.23	--	1	723	买盘
14:03:00	7.23	0.01	100	72300	买盘
14:02:42	7.22	--	290	209380	卖盘
14:02:39	7.22	--	1	722	卖盘
14:02:36	7.22	--	30	21660	卖盘
14:02:24	7.22	--	48	34656	卖盘
14:02:06	7.22	-0.01	18	12996	卖盘
14:01:57	7.23	0.01	33	23859	买盘
14:01:42	7.22	--	11	7942	买盘
14:01:39	7.22	--	6	4332	卖盘
14:01:36	7.22	--	18	12996	卖盘
14:01:30	7.22	-0.01	419	302518	卖盘
14:01:24	7.23	--	1	723	买盘
14:01:06	7.23	--	10	7230	买盘
14:00:51	7.23	0.01	10	7230	买盘
14:00:33	7.22	--	6	4332	卖盘
14:00:15	7.22	-0.01	20	14440	中性盘
13:59:57	7.23	0.01	12	8676	买盘
13:59:51	7.22	0.01	3	2166	中性盘
13:59:45	7.21	-0.01	150	108150	卖盘
13:59:42	7.22	--	11	7942	买盘
13:59:36	7.22	--	1	722	买盘
13:59:30	7.22	--	1	722	买盘
13:59:27	7.22	--	22	15884	买盘
13:59:21	7.22	-0.02	300	216600	中性盘
13:59:00	7.24	0.02	22	15928	买盘
13:58:57	7.22	-0.01	40	28880	买盘
13:58:54	7.23	0.01	300	216900	买盘
13:58:48	7.22	0.01	2	2101	买盘
13:58:42	7.21	-0.01	10	7210	卖盘
13:58:39	7.22	0.01	510	368220	买盘
13:57:51	7.21	-0.01	45	32445	卖盘
13:57:45	7.22	--	1	722	买盘
13:57:36	7.22	--	41	29602	买盘
13:57:30	7.22	0.02	43	31046	买盘
13:57:15	7.2	--	17	12240	卖盘
13:57:09	7.2	-0.01	69	49680	卖盘
13:56:54	7.21	--	6	4326	买盘
13:56:51	7.21	--	6	4326	买盘
13:56:48	7.21	0.01	10	7210	买盘
13:56:24	7.2	-0.01	6	4320	卖盘
13:56:06	7.21	-0.01	18	12978	中性盘
13:55:54	7.22	0.01	1	722	买盘
13:55:42	7.21	--	42	30282	买盘
13:55:03	7.21	--	1	721	卖盘
13:54:51	7.21	--	40	28840	卖盘
13:54:39	7.21	-0.01	10	7210	卖盘
13:54:24	7.22	0.01	7	5054	买盘
13:54:06	7.21	-0.01	2	1442	卖盘
13:53:39	7.22	0.01	2	1444	买盘
13:53:33	7.21	--	27	19467	卖盘
13:53:18	7.21	--	15	10815	卖盘
13:53:00	7.21	--	3	2163	卖盘
13:52:51	7.21	--	17	12257	卖盘
13:52:42	7.21	--	2	1442	买盘
13:52:30	7.21	-0.01	8	5768	卖盘
13:52:24	7.22	0.01	30	21660	买盘
13:52:21	7.21	-0.01	3	2163	卖盘
13:52:15	7.22	--	1	722	买盘
13:52:03	7.22	--	40	28880	买盘
13:51:54	7.22	0.01	175	126350	买盘
13:51:48	7.21	-0.01	18	12978	卖盘
13:51:45	7.22	--	33	23826	买盘
13:51:42	7.22	--	87	62814	买盘
13:51:36	7.22	--	43	31046	买盘
13:51:33	7.22	--	10	7220	买盘
13:51:27	7.22	--	62	44764	买盘
13:51:24	7.22	0.01	208	150176	买盘
13:51:18	7.21	--	36	25956	卖盘
13:51:12	7.21	--	16	11536	买盘
13:51:09	7.21	--	6	4326	买盘
13:50:57	7.21	--	43	31003	买盘
13:50:51	7.21	--	10	7210	买盘
13:50:36	7.21	--	5	3605	买盘
13:50:24	7.21	0.01	1	721	买盘
13:50:21	7.2	-0.01	3	2808	卖盘
13:50:15	7.21	--	6	4326	买盘
13:50:03	7.21	0.01	20	14420	买盘
13:49:54	7.2	-0.01	4	2880	卖盘
13:49:51	7.21	0.01	30	21630	买盘
13:49:48	7.2	-0.01	10	7200	卖盘
13:49:45	7.21	0.01	2	1442	买盘
13:49:33	7.2	--	6	4320	卖盘
13:49:27	7.2	-0.02	4	2880	卖盘
13:48:48	7.22	0.02	43	31046	买盘
13:48:39	7.2	-0.02	15	10800	卖盘
13:48:36	7.22	0.02	1	722	买盘
13:48:27	7.2	--	17	12240	卖盘
13:48:21	7.2	-0.01	20	14400	卖盘
13:48:09	7.21	--	10	7210	卖盘
13:48:06	7.21	--	83	59843	买盘
13:48:03	7.21	--	20	14420	买盘
13:47:48	7.21	0.01	29	20909	买盘
13:47:30	7.2	--	20	14400	卖盘
13:47:27	7.2	-0.01	1	720	卖盘
13:47:24	7.21	--	16	11536	买盘
13:47:15	7.21	--	5	3605	买盘
13:47:12	7.21	--	96	69216	买盘
13:47:09	7.21	0.01	10	7210	买盘
13:47:06	7.2	-0.01	16	11520	中性盘
13:46:45	7.21	--	501	361221	买盘
13:46:39	7.21	--	22	15862	买盘
13:46:36	7.21	0.01	22	15862	买盘
13:46:30	7.2	--	4	2880	卖盘
13:46:24	7.2	--	40	28800	卖盘
13:46:18	7.2	--	3	2160	卖盘
13:46:12	7.2	--	34	24480	卖盘
13:45:57	7.2	-0.01	15	10800	卖盘
13:45:54	7.21	--	6	4326	买盘
13:45:51	7.21	--	6	4326	买盘
13:45:42	7.21	0.02	3	2163	买盘
13:45:15	7.19	-0.01	217	156023	卖盘
13:45:00	7.2	0.01	5	3600	买盘
13:44:57	7.19	-0.02	229	164651	卖盘
13:44:54	7.21	--	1	721	买盘
13:44:51	7.21	0.02	35	25235	买盘
13:44:48	7.19	-0.02	25	17975	卖盘
13:44:36	7.21	0.01	37	26677	买盘
13:44:33	7.2	--	72	51840	买盘
13:44:30	7.2	--	36	25920	买盘
13:44:18	7.2	0.02	136	97920	买盘
13:44:15	7.18	-0.01	61	43798	卖盘
13:44:06	7.19	--	378	272112	卖盘
13:44:03	7.19	--	112	80916	卖盘
13:43:48	7.19	-0.01	500	359500	卖盘
13:43:30	7.2	--	306	220320	买盘
13:43:06	7.2	--	53	38160	卖盘
13:42:57	7.2	--	38	27360	卖盘
13:42:51	7.2	--	25	18000	卖盘
13:42:48	7.2	--	50	36000	卖盘
13:42:30	7.2	--	20	14400	卖盘
13:42:00	7.2	-0.01	35	25200	卖盘
13:41:54	7.21	0.01	10	7210	买盘
13:41:51	7.2	--	25	18000	卖盘
13:41:39	7.2	--	500	360000	卖盘
13:41:21	7.2	-0.02	224	161280	卖盘
13:41:15	7.22	0.02	21	15162	买盘
13:40:51	7.2	--	26	18720	卖盘
13:40:33	7.2	--	200	144000	卖盘
13:40:27	7.2	-0.01	35	25200	卖盘
13:40:24	7.21	0.01	15	10815	买盘
13:40:06	7.2	-0.01	103	74160	卖盘
13:39:51	7.21	--	20	14420	卖盘
13:39:39	7.21	--	17	12257	卖盘
13:39:36	7.21	--	3	2163	卖盘
13:39:27	7.21	-0.01	1	721	卖盘
13:39:24	7.22	0.01	1	722	买盘
13:39:15	7.21	--	38	27398	卖盘
13:39:09	7.21	--	9	6489	卖盘
13:39:06	7.21	-0.01	28	20188	卖盘
13:39:00	7.22	0.01	41	29602	买盘
13:38:54	7.21	--	8	5768	卖盘
13:38:42	7.21	-0.01	35	25235	卖盘
13:38:36	7.22	0.01	63	45486	买盘
13:38:33	7.21	--	4	2884	卖盘
13:38:21	7.21	--	15	10815	卖盘
13:37:51	7.21	-0.01	15	10815	卖盘
13:37:33	7.22	--	1	722	买盘
13:37:27	7.22	--	22	15884	买盘
13:36:51	7.22	0.01	18	12996	买盘
13:36:33	7.21	--	41	29561	卖盘
13:36:30	7.21	--	18	12978	卖盘
13:36:12	7.21	--	35	25235	卖盘
13:36:00	7.21	--	105	75705	卖盘
13:35:48	7.21	-0.01	10	7210	卖盘
13:35:45	7.22	0.01	1	722	买盘
13:35:39	7.21	--	41	29561	卖盘
13:35:36	7.21	--	20	14420	卖盘
13:35:33	7.21	--	100	72100	卖盘
13:35:30	7.21	-0.01	10	7210	卖盘
13:35:24	7.22	0.01	4	2888	买盘
13:35:21	7.21	--	20	14420	卖盘
13:35:15	7.21	--	17	12257	卖盘
13:35:12	7.21	--	15	10815	卖盘
13:35:03	7.21	-0.01	3	2163	卖盘
13:34:54	7.22	--	6	4332	买盘
13:34:51	7.22	--	6	4332	买盘
13:34:42	7.22	0.01	3	2166	买盘
13:34:36	7.21	--	1	721	卖盘
13:34:27	7.21	-0.01	9	6489	卖盘
13:34:06	7.22	--	5	3682	卖盘
13:34:00	7.22	-0.01	6	4332	卖盘
13:33:54	7.23	0.01	1	723	买盘
13:33:45	7.22	--	36	25992	卖盘
13:33:42	7.22	--	8	5776	卖盘
13:33:30	7.22	--	10	7220	卖盘
13:33:18	7.22	--	50	36100	卖盘
13:33:09	7.22	--	3	2166	卖盘
13:33:03	7.22	--	6	4332	卖盘
13:32:54	7.22	--	11	7942	卖盘
13:32:45	7.22	--	3	2815	买盘
13:32:12	7.22	--	10	7220	买盘
13:32:03	7.22	--	1	722	买盘
13:31:54	7.22	--	45	32562	卖盘
13:31:51	7.22	--	1	722	卖盘
13:31:39	7.22	--	37	26714	卖盘
13:31:33	7.22	--	5	3610	卖盘
13:31:18	7.22	--	18	12996	卖盘
13:31:15	7.22	--	32	23104	卖盘
13:30:51	7.22	--	17	12274	卖盘
13:30:24	7.22	--	49	35378	卖盘
13:30:21	7.22	-0.01	9	6498	卖盘
13:30:15	7.23	0.01	1	723	买盘
13:30:09	7.22	--	5	3610	卖盘
13:29:57	7.22	--	2	1444	卖盘
13:29:42	7.22	0.01	114	82957	买盘
13:29:24	7.21	-0.01	10	7210	卖盘
13:29:21	7.22	0.01	1	722	买盘
13:29:15	7.21	--	3	2163	卖盘
13:29:12	7.21	-0.01	1	721	卖盘
13:29:06	7.22	--	22	15884	买盘
13:28:48	7.22	--	10	7220	买盘
13:28:42	7.22	--	11	7942	买盘
13:28:24	7.22	0.01	1	722	买盘
13:28:21	7.21	--	36	25956	卖盘
13:28:18	7.21	-0.01	30	21630	卖盘
13:28:15	7.22	0.01	22	15884	买盘
13:27:42	7.21	-0.01	1	721	卖盘
13:26:48	7.22	--	1	722	买盘
13:26:45	7.22	-0.01	6	4404	卖盘
13:26:42	7.23	--	10	7230	买盘
13:26:33	7.23	0.01	4	2892	买盘
13:26:27	7.22	--	17	12274	卖盘
13:26:12	7.22	--	20	14440	卖盘
13:25:48	7.22	-0.01	10	7220	卖盘
13:25:36	7.23	--	22	15906	买盘
13:25:21	7.23	0.01	2	1446	买盘
13:25:09	7.22	--	22	15884	卖盘
13:25:03	7.22	-0.01	13	9386	卖盘
13:24:45	7.23	--	1	723	买盘
13:24:39	7.23	--	67	48441	买盘
13:24:30	7.23	--	21	15183	买盘
13:24:21	7.23	0.01	29	20967	买盘
13:24:15	7.22	--	10	7220	卖盘
13:24:09	7.22	-0.01	1	722	卖盘
13:23:54	7.23	--	6	4338	买盘
13:23:51	7.23	0.01	6	4338	买盘
13:23:12	7.22	-0.01	1	722	卖盘
13:23:09	7.23	--	8	5784	买盘
13:22:54	7.23	0.01	1	723	买盘
13:22:48	7.22	--	5	4259	买盘
13:22:27	7.22	--	4	2960	卖盘
13:22:06	7.22	-0.01	22	15884	卖盘
13:22:03	7.23	0.01	11	7953	买盘
13:22:00	7.22	-0.01	5	3610	卖盘
13:21:57	7.23	0.01	10	7230	买盘
13:21:18	7.22	-0.01	27	19494	卖盘
13:21:12	7.23	--	20	14460	买盘
13:21:03	7.23	--	1	723	买盘
13:20:39	7.23	0.01	6	4338	买盘
13:20:33	7.22	-0.01	50	36100	卖盘
13:20:09	7.23	0.01	100	72300	买盘
13:19:51	7.22	0.01	11	8591	买盘
13:19:48	7.21	-0.01	74	53354	卖盘
13:19:18	7.22	--	68	49096	卖盘
13:19:15	7.22	--	2	1444	卖盘
13:19:12	7.22	-0.01	5	3610	卖盘
13:19:09	7.23	0.01	10	7230	买盘
13:18:54	7.22	--	63	45486	卖盘
13:18:33	7.22	-0.01	20	14440	卖盘
13:18:24	7.23	0.01	3	2169	买盘
13:17:39	7.22	--	16	11552	卖盘
13:17:36	7.22	-0.01	2	1444	卖盘
13:17:24	7.23	0.01	1	723	买盘
13:17:18	7.22	--	1	722	卖盘
13:17:12	7.22	--	35	25270	卖盘
13:17:06	7.22	--	50	36100	卖盘
13:17:03	7.22	--	18	12996	卖盘
13:16:36	7.22	--	2	1444	卖盘
13:16:33	7.22	--	4	2888	卖盘
13:16:21	7.22	--	10	7220	卖盘
13:16:09	7.22	--	8	5776	卖盘
13:15:57	7.22	-0.01	144	103968	卖盘
13:15:36	7.23	--	4	2892	买盘
13:15:33	7.23	0.01	51	36873	买盘
13:15:15	7.22	-0.01	33	23826	卖盘
13:15:03	7.23	--	10	7230	买盘
13:14:45	7.23	--	3	2169	买盘
13:14:24	7.23	--	16	11568	买盘
13:14:21	7.23	--	10	7230	卖盘
13:14:12	7.23	0.01	10	7230	买盘
13:14:09	7.22	-0.01	70	50540	卖盘
13:14:06	7.23	--	4	2892	中性盘
13:13:54	7.23	--	10	7230	买盘
13:13:45	7.23	--	15	10845	买盘
13:13:39	7.23	--	1	723	中性盘
13:12:54	7.23	--	6	4338	买盘
13:12:51	7.23	--	6	4338	买盘
13:12:45	7.23	--	6	4338	卖盘
13:12:39	7.23	-0.01	16	11568	中性盘
13:12:06	7.24	0.01	18	13032	买盘
13:11:54	7.23	--	1	723	买盘
13:11:48	7.23	--	7	5061	卖盘
13:11:36	7.23	--	2	1446	卖盘
13:11:06	7.23	--	6	4338	买盘
13:10:39	7.23	-0.01	31	22413	卖盘
13:10:30	7.24	--	10	7240	买盘
13:10:21	7.24	--	9	6516	买盘
13:10:03	7.24	0.01	1	724	买盘
13:09:39	7.23	--	58	41934	卖盘
13:09:15	7.23	--	40	28920	卖盘
13:08:51	7.23	--	16	11568	卖盘
13:08:42	7.23	-0.01	115	83145	卖盘
13:08:36	7.24	0.01	1	724	买盘
13:08:24	7.23	-0.01	24	17352	卖盘
13:08:15	7.24	0.01	1	724	买盘
13:08:12	7.23	--	36	26028	卖盘
13:08:00	7.23	-0.01	36	26028	卖盘
13:07:42	7.24	--	3	2172	买盘
13:07:36	7.24	0.01	16	11584	中性盘
13:07:24	7.23	-0.01	36	26028	卖盘
13:07:12	7.24	0.01	9	6516	中性盘
13:06:33	7.23	-0.02	18	13014	卖盘
13:06:24	7.25	--	1	725	买盘
13:05:45	7.25	0.02	70	50750	买盘
13:05:36	7.23	--	2	1446	卖盘
13:05:33	7.23	--	4	2892	卖盘
13:05:06	7.23	-0.02	35	25305	卖盘
13:04:36	7.25	--	20	14500	买盘
13:04:33	7.25	0.02	1	725	买盘
13:04:27	7.23	--	16	11568	卖盘
13:04:21	7.23	--	45	32535	卖盘
13:03:36	7.23	--	107	77361	卖盘
13:03:21	7.23	-0.01	3	2169	卖盘
13:03:12	7.24	--	17	12308	卖盘
13:02:48	7.24	--	5	3620	买盘
13:02:45	7.24	--	1	724	买盘
13:02:42	7.24	--	4	2896	卖盘
13:02:30	7.24	--	33	23892	买盘
13:01:54	7.24	--	6	4344	买盘
13:01:51	7.24	--	6	4344	买盘
13:00:54	7.24	--	1	724	买盘
13:00:30	7.24	--	11	7964	买盘
13:00:06	7.24	--	73	52852	买盘
13:00:03	7.24	--	52	37648	买盘
13:00:00	7.24	--	0	0	买盘
11:30:00	7.24	--	0	0	买盘
11:29:57	7.24	--	20	14480	买盘
11:29:42	7.24	--	2	1448	买盘
11:29:36	7.24	--	10	7240	卖盘
11:29:30	7.24	--	30	21720	卖盘
11:29:24	7.24	--	10	7240	买盘
11:29:21	7.24	--	25	18100	买盘
11:29:12	7.24	--	1	724	买盘
11:29:09	7.24	--	10	7240	买盘
11:28:00	7.24	--	5	3620	卖盘
11:27:48	7.24	--	5	3620	中性盘
11:27:39	7.24	--	2	1448	买盘
11:27:24	7.24	0.01	1	724	买盘
11:27:09	7.23	--	30	21690	买盘
11:27:03	7.23	--	5	3615	买盘
11:27:00	7.23	--	14	10122	卖盘
11:26:42	7.23	--	43	31089	卖盘
11:26:24	7.23	--	43	31089	卖盘
11:25:42	7.23	--	3	2169	卖盘
11:25:33	7.23	--	12	8676	买盘
11:25:30	7.23	--	3	2169	买盘
11:25:21	7.23	0.01	10	7230	买盘
11:25:15	7.22	-0.01	37	26714	卖盘
11:24:54	7.23	--	2	1446	卖盘
11:24:42	7.23	--	58	41934	买盘
11:24:36	7.23	--	3	2169	卖盘
11:24:33	7.23	--	5	3615	卖盘
11:24:18	7.23	--	43	31089	卖盘
11:23:57	7.23	--	3	2169	买盘
11:23:51	7.23	--	2	1446	买盘
11:23:45	7.23	--	8	5784	买盘
11:23:42	7.23	--	51	36873	买盘
11:23:33	7.23	--	1	723	买盘
11:23:30	7.23	--	29	20967	卖盘
11:23:24	7.23	--	43	31089	卖盘
11:23:15	7.23	-0.02	3	2169	卖盘
11:23:09	7.25	0.02	1	725	买盘
11:23:06	7.23	--	43	31089	卖盘
11:23:03	7.23	-0.02	50	36150	卖盘
11:23:00	7.25	0.02	57	41325	买盘
11:22:57	7.23	--	40	28920	卖盘
11:22:54	7.23	--	43	31089	卖盘
11:22:42	7.23	--	43	31089	卖盘
11:22:39	7.23	--	94	67962	卖盘
11:22:33	7.23	--	41	29643	卖盘
11:22:30	7.23	-0.02	57	41211	卖盘
11:22:27	7.25	0.02	54	39150	买盘
11:22:21	7.23	--	44	31812	卖盘
11:22:09	7.23	--	124	89652	卖盘
11:22:06	7.23	--	50	36150	卖盘
11:22:03	7.23	--	79	57117	买盘
11:22:00	7.23	-0.03	5	3615	卖盘
11:21:57	7.26	0.01	1009	732534	买盘
11:21:54	7.25	0.03	1	725	买盘
11:21:36	7.22	-0.03	32	23104	卖盘
11:21:27	7.25	0.03	1000	725000	买盘
11:21:15	7.22	--	30	21660	买盘
11:21:03	7.22	--	44	31768	买盘
11:20:54	7.22	--	6	4332	买盘
11:20:51	7.22	--	6	4332	买盘
11:20:42	7.22	0.01	6	4332	买盘
11:20:30	7.21	-0.01	20	14420	卖盘
11:20:27	7.22	--	40	28880	买盘
11:20:03	7.22	--	1	722	买盘
11:19:51	7.22	0.01	100	72200	买盘
11:19:18	7.21	--	4	2884	卖盘
11:18:51	7.21	-0.01	10	7210	卖盘
11:18:18	7.22	--	1	722	买盘
11:18:15	7.22	--	3	2166	买盘
11:18:12	7.22	0.01	1	722	买盘
11:17:57	7.21	-0.01	76	54796	卖盘
11:17:42	7.22	--	660	476520	卖盘
11:16:54	7.22	--	2	1444	卖盘
11:16:36	7.22	-0.01	10	7220	卖盘
11:16:24	7.23	0.01	1	723	买盘
11:16:15	7.22	--	1	722	卖盘
11:15:57	7.22	--	5	3610	卖盘
11:15:39	7.22	--	15	10830	卖盘
11:15:30	7.22	--	1	722	卖盘
11:14:48	7.22	-0.01	50	36100	卖盘
11:14:33	7.23	0.01	1	723	买盘
11:14:27	7.22	--	1	722	卖盘
11:14:24	7.22	--	16	11552	卖盘
11:13:39	7.22	-0.01	35	25270	卖盘
11:13:27	7.23	0.01	36	26028	买盘
11:13:06	7.22	--	16	11552	卖盘
11:13:03	7.22	-0.01	47	33934	卖盘
11:12:57	7.23	--	38	27474	买盘
11:12:42	7.23	--	1	723	买盘
11:12:39	7.23	--	6	4338	买盘
11:12:09	7.23	--	70	50610	中性盘
11:12:00	7.23	--	191	138093	卖盘
11:11:57	7.23	--	4	2892	卖盘
11:11:48	7.23	-0.01	9	6507	卖盘
11:11:36	7.24	0.01	3	2172	买盘
11:11:18	7.23	-0.01	80	57840	卖盘
11:11:03	7.24	--	3	2172	买盘
11:10:57	7.24	--	10	7240	买盘
11:10:54	7.24	--	1	724	买盘
11:10:48	7.24	--	11	7964	卖盘
11:09:51	7.24	0.01	1	724	中性盘
11:09:15	7.23	-0.02	25	18075	卖盘
11:09:03	7.25	0.02	1	725	买盘
11:08:54	7.23	--	2	1446	卖盘
11:08:51	7.23	--	42	30366	卖盘
11:08:48	7.23	-0.01	3	2169	卖盘
11:08:39	7.24	--	1	724	卖盘
11:08:36	7.24	0.01	7	5690	买盘
11:08:15	7.23	-0.01	38	27474	卖盘
11:08:03	7.24	--	62	44989	卖盘
11:07:24	7.24	-0.01	81	58644	卖盘
11:07:12	7.25	0.01	3	2175	买盘
11:06:06	7.24	--	5	3620	卖盘
11:05:30	7.24	-0.01	10	7240	卖盘
11:05:24	7.25	0.01	1	725	买盘
11:05:15	7.24	0.01	64	46958	买盘
11:04:54	7.23	-0.01	13	9399	卖盘
11:04:51	7.24	--	17	12308	买盘
11:04:24	7.24	--	74	53576	买盘
11:03:54	7.24	0.01	2	1448	买盘
11:03:42	7.23	-0.01	133	96159	卖盘
11:03:33	7.24	--	5	3620	买盘
11:03:30	7.24	--	30	21720	买盘
11:02:57	7.24	--	14	10136	买盘
11:02:48	7.24	--	18	13032	买盘
11:02:42	7.24	--	201	145524	买盘
11:02:36	7.24	--	1	724	买盘
11:02:27	7.24	--	20	14480	买盘
11:02:03	7.24	--	11	7964	买盘
11:01:42	7.24	0.01	46	33304	买盘
11:01:18	7.23	-0.01	60	43380	卖盘
11:01:15	7.24	0.01	30	21720	买盘
11:00:45	7.23	--	6	4338	卖盘
11:00:33	7.23	--	10	7230	卖盘
11:00:27	7.23	--	372	268956	买盘
10:59:51	7.23	--	1	723	买盘
10:58:54	7.23	--	6	4338	买盘
10:58:51	7.23	0.01	6	4338	买盘
10:58:36	7.22	-0.01	330	238260	卖盘
10:58:24	7.23	--	1	723	买盘
10:58:12	7.23	--	3	2169	买盘
10:58:03	7.23	--	1	723	买盘
10:57:57	7.23	--	157	113511	卖盘
10:57:48	7.23	--	1	723	卖盘
10:57:45	7.23	--	4	2892	卖盘
10:57:27	7.23	-0.01	55	39765	卖盘
10:57:06	7.24	--	4	2997	卖盘
10:57:03	7.24	--	12	8688	卖盘
10:56:54	7.24	--	10	7240	卖盘
10:56:42	7.24	--	45	32580	卖盘
10:56:39	7.24	--	17	12308	卖盘
10:56:15	7.24	-0.01	3	2172	卖盘
10:56:12	7.25	0.01	1	725	买盘
10:56:09	7.24	-0.01	10	7240	卖盘
10:56:06	7.25	0.01	2	1450	买盘
10:55:57	7.24	--	20	14480	卖盘
10:55:48	7.24	--	14	10758	卖盘
10:55:36	7.24	-0.01	4	2896	卖盘
10:55:27	7.25	--	3	2175	买盘
10:55:15	7.25	--	3	2175	买盘
10:55:09	7.25	--	28	20300	买盘
10:55:00	7.25	--	333	241425	买盘
10:54:39	7.25	0.01	19	13775	买盘
10:54:30	7.24	-0.01	12	8688	卖盘
10:54:27	7.25	--	20	14500	买盘
10:54:21	7.25	0.01	1	725	买盘
10:54:15	7.24	--	150	108600	卖盘
10:54:09	7.24	--	98	70952	卖盘
10:54:06	7.24	--	10	7240	卖盘
10:54:03	7.24	--	31	22444	卖盘
10:54:00	7.24	--	50	36200	卖盘
10:53:57	7.24	--	28	20272	卖盘
10:53:54	7.24	-0.01	30	21720	卖盘
10:53:48	7.25	--	22	15950	买盘
10:53:45	7.25	-0.01	353	255925	卖盘
10:53:30	7.26	--	10	7260	买盘
10:53:18	7.26	0.01	100	72600	买盘
10:53:09	7.25	-0.01	239	173275	卖盘
10:53:03	7.26	0.01	13	9438	买盘
10:52:51	7.25	-0.02	15	10875	卖盘
10:52:48	7.27	0.01	79	57433	买盘
10:52:42	7.26	--	376	272976	卖盘
10:52:39	7.26	--	20	14520	卖盘
10:52:33	7.26	--	19	13794	买盘
10:52:27	7.26	--	28	20328	买盘
10:52:24	7.26	--	50	36300	买盘
10:52:18	7.26	--	10	7260	买盘
10:52:15	7.26	--	47	34122	买盘
10:52:12	7.26	--	5	3630	买盘
10:52:06	7.26	0.01	76	55176	买盘
10:52:03	7.25	--	70	50750	卖盘
10:51:51	7.25	--	199	144275	买盘
10:51:48	7.25	--	31	22475	买盘
10:51:45	7.25	--	298	216050	买盘
10:51:42	7.25	--	61	44225	买盘
10:51:39	7.25	--	30	21750	买盘
10:51:36	7.25	--	500	362500	买盘
10:51:15	7.25	--	14	10150	买盘
10:51:12	7.25	--	113	81925	买盘
10:51:09	7.25	0.01	108	78300	买盘
10:51:06	7.24	-0.01	50	36200	卖盘
10:51:03	7.25	0.01	157	113825	买盘
10:50:51	7.24	-0.01	50	36200	卖盘
10:50:42	7.25	--	1	725	买盘
10:50:39	7.25	0.02	61	44225	买盘
10:50:33	7.23	--	77	55671	卖盘
10:50:27	7.23	--	29	20967	卖盘
10:50:21	7.23	-0.01	30	21690	卖盘
10:50:18	7.24	0.01	500	362000	买盘
10:49:54	7.23	-0.01	5	3615	卖盘
10:49:48	7.24	0.01	7	5068	买盘
10:49:36	7.23	0.02	877	634324	买盘
10:49:18	7.21	-0.01	50	36050	卖盘
10:48:51	7.22	0.02	347	250534	买盘
10:48:45	7.2	--	50	36000	卖盘
10:48:33	7.2	-0.01	10	7200	卖盘
10:48:21	7.21	0.01	4	2884	买盘
10:48:15	7.2	--	30	21600	卖盘
10:48:03	7.2	--	2	1440	卖盘
10:48:00	7.2	--	91	65520	买盘
10:47:54	7.2	--	6	4320	买盘
10:47:51	7.2	--	6	4320	买盘
10:47:48	7.2	--	10	7200	买盘
10:47:39	7.2	--	63	45360	买盘
10:47:18	7.2	-0.01	214	154080	卖盘
10:47:03	7.21	0.01	1	721	买盘
10:46:48	7.2	--	30	21600	卖盘
10:46:42	7.2	--	3	2160	卖盘
10:46:39	7.2	--	5	3600	卖盘
10:46:27	7.2	--	179	128880	买盘
10:46:15	7.2	--	20	14400	买盘
10:45:51	7.2	--	100	72000	买盘
10:45:30	7.2	--	5	3600	买盘
10:45:15	7.2	--	162	116640	买盘
10:45:12	7.2	--	1	720	买盘
10:45:09	7.2	--	10	7200	买盘
10:45:03	7.2	-0.01	25	18000	中性盘
10:44:45	7.21	0.01	100	72100	买盘
10:44:36	7.2	--	1	720	买盘
10:44:18	7.2	--	2	1440	买盘
10:44:15	7.2	--	2	1440	买盘
10:44:12	7.2	--	17	12240	卖盘
10:43:57	7.2	-0.01	15	10800	卖盘
10:43:54	7.21	0.01	5	3605	买盘
10:43:48	7.2	--	3	2160	卖盘
10:43:45	7.2	--	45	32400	买盘
10:43:27	7.2	-0.01	457	329040	卖盘
10:43:21	7.21	--	1	721	买盘
10:43:12	7.21	0.01	10	7210	买盘
10:42:54	7.2	--	6	4320	卖盘
10:42:45	7.2	-0.01	4	2880	卖盘
10:41:33	7.21	--	4	2884	买盘
10:41:24	7.21	0.01	4	2884	买盘
10:41:09	7.2	--	1	720	卖盘
10:41:06	7.2	--	3	2160	卖盘
10:40:51	7.2	--	6	4320	卖盘
10:40:30	7.2	-0.01	50	36000	卖盘
10:40:21	7.21	0.01	43	31003	买盘
10:40:18	7.2	-0.01	28	20160	卖盘
10:40:06	7.21	--	29	20909	买盘
10:39:54	7.21	--	5	3605	买盘
10:39:42	7.21	--	1	721	买盘
10:39:21	7.21	--	19	13699	买盘
10:39:15	7.21	0.01	35	25235	买盘
10:38:57	7.2	-0.01	19	13680	卖盘
10:38:45	7.21	0.01	19	13699	买盘
10:38:33	7.2	-0.01	5	3600	卖盘
10:38:18	7.21	0.01	6	4326	买盘
10:38:15	7.2	-0.01	6	4320	卖盘
10:38:12	7.21	--	50	36050	买盘
10:38:06	7.21	--	2	1442	买盘
10:37:51	7.21	0.01	11	7931	买盘
10:37:27	7.2	--	10	7200	卖盘
10:37:18	7.2	--	10	7200	卖盘
10:37:15	7.2	--	100	72000	卖盘
10:37:03	7.2	-0.01	50	36000	卖盘
10:36:51	7.21	0.01	5	3605	买盘
10:36:42	7.2	--	5	3600	卖盘
10:36:33	7.2	-0.02	10	7200	卖盘
10:36:03	7.22	--	1	722	买盘
10:35:39	7.22	0.02	10	7220	买盘
10:35:36	7.2	--	1	720	卖盘
10:35:33	7.2	--	3	2160	卖盘
10:35:21	7.2	-0.01	165	118800	卖盘
10:35:18	7.21	--	31	22351	买盘
10:35:00	7.21	--	1	721	买盘
10:34:27	7.21	--	3	2163	买盘
10:34:12	7.21	--	1	721	买盘
10:34:03	7.21	-0.01	23	16583	卖盘
10:33:54	7.22	--	3	2166	买盘
10:33:36	7.22	0.01	21	15162	买盘
10:33:21	7.21	--	15	10815	买盘
10:33:12	7.21	--	3	2163	买盘
10:32:57	7.21	0.01	5	3605	中性盘
10:32:33	7.2	-0.02	10	7200	卖盘
10:32:21	7.22	0.02	1	722	买盘
10:32:18	7.2	-0.02	2	1440	卖盘
10:31:24	7.22	0.02	15	10830	买盘
10:31:00	7.2	-0.02	86	61920	卖盘
10:30:33	7.22	--	1	722	买盘
10:30:30	7.22	0.02	461	332842	买盘
10:30:18	7.2	-0.01	10	7200	卖盘
10:30:06	7.21	0.01	149	107429	买盘
10:30:03	7.2	--	1	720	卖盘
10:30:00	7.2	-0.01	134	96480	卖盘
10:29:54	7.21	0.01	10	7210	买盘
10:29:51	7.2	--	3	2160	卖盘
10:29:39	7.2	--	5	3600	卖盘
10:29:27	7.2	--	5	3600	卖盘
10:29:21	7.2	-0.01	5	3600	卖盘
10:29:03	7.21	0.01	21	15141	买盘
10:29:00	7.2	-0.01	40	28800	卖盘
10:28:57	7.21	0.01	3	2163	买盘
10:28:54	7.2	-0.01	1	720	卖盘
10:28:48	7.21	--	6	4326	买盘
10:28:42	7.21	0.01	1	721	买盘
10:28:39	7.2	--	50	36000	卖盘
10:28:21	7.2	--	23	16560	卖盘
10:28:18	7.2	--	1	720	卖盘
10:28:12	7.2	-0.01	25	18000	卖盘
10:26:57	7.21	--	76	54796	买盘
10:26:51	7.21	--	1	721	买盘
10:26:39	7.21	--	28	20188	买盘
10:26:27	7.21	-0.01	80	57680	卖盘
10:25:54	7.22	--	6	4332	买盘
10:25:51	7.22	0.01	6	4332	买盘
10:25:27	7.21	--	25	18025	卖盘
10:25:21	7.21	--	58	41818	卖盘
10:25:03	7.21	--	31	22351	卖盘
10:25:00	7.21	--	1	721	卖盘
10:24:42	7.21	-0.01	1	721	卖盘
10:24:24	7.22	0.01	12	8664	买盘
10:24:15	7.21	--	99	71379	卖盘
10:23:39	7.21	--	11	7931	卖盘
10:23:36	7.21	--	5	3605	卖盘
10:23:27	7.21	--	20	14420	买盘
10:23:21	7.21	--	20	14420	买盘
10:23:12	7.21	--	1	721	买盘
10:22:21	7.21	--	16	11536	买盘
10:22:03	7.21	--	50	36050	买盘
10:21:48	7.21	0.01	30	21630	买盘
10:21:36	7.2	--	1	720	卖盘
10:21:30	7.2	-0.01	2	1440	卖盘
10:21:21	7.21	0.01	71	51191	买盘
10:21:18	7.2	-0.01	10	7200	卖盘
10:21:12	7.21	0.01	5	3605	买盘
10:20:45	7.2	--	82	59040	卖盘
10:20:12	7.2	-0.01	20	14400	卖盘
10:19:33	7.21	--	1	721	买盘
10:19:09	7.21	--	11	7931	买盘
10:18:54	7.21	--	10	7210	买盘
10:18:42	7.21	--	8	5768	买盘
10:18:39	7.21	--	4	2884	买盘
10:18:27	7.21	0.01	1	721	中性盘
10:18:15	7.2	-0.02	10	7200	卖盘
10:17:42	7.22	0.01	1	722	买盘
10:17:21	7.21	--	19	13699	买盘
10:17:15	7.21	--	1	721	买盘
10:17:12	7.21	-0.01	10	7210	卖盘
10:16:15	7.22	--	11	7942	买盘
10:15:51	7.22	--	1	722	买盘
10:14:54	7.22	--	4	2888	买盘
10:14:51	7.22	--	7	5054	买盘
10:14:21	7.22	0.01	41	29602	买盘
10:14:15	7.21	--	4	2884	卖盘
10:14:12	7.21	--	9	6489	卖盘
10:14:03	7.21	-0.01	20	14420	卖盘
10:14:00	7.22	--	1	722	买盘
10:13:57	7.22	0.01	1	722	买盘
10:13:30	7.21	--	5	3605	买盘
10:13:21	7.21	0.01	203	146363	买盘
10:12:51	7.2	--	28	20160	卖盘
10:12:48	7.2	--	37	26640	卖盘
10:12:45	7.2	-0.01	1	720	卖盘
10:12:12	7.21	0.01	1	721	买盘
10:12:09	7.2	--	2	1440	卖盘
10:12:00	7.2	0.01	89	64080	买盘
10:11:54	7.19	--	10	7190	卖盘
10:11:48	7.19	-0.01	1	719	卖盘
10:11:30	7.2	-0.01	1130	813600	卖盘
10:11:27	7.21	--	10	7210	买盘
10:11:24	7.21	--	95	68495	买盘
10:11:21	7.21	--	41	29561	买盘
10:11:15	7.21	--	16	11536	买盘
10:11:12	7.21	0.01	2	1442	买盘
10:11:09	7.2	-0.01	1	720	卖盘
10:10:51	7.21	--	8	5768	买盘
10:10:48	7.21	--	2	1442	买盘
10:10:39	7.21	--	2	1442	买盘
10:10:30	7.21	--	5	3605	买盘
10:10:21	7.21	-0.01	7	5047	卖盘
10:10:12	7.22	--	219	158118	买盘
10:09:51	7.22	--	43	31046	买盘
10:09:48	7.22	--	29	20938	买盘
10:09:42	7.22	0.01	100	72200	买盘
10:09:39	7.21	-0.01	26	18746	卖盘
10:09:33	7.22	0.01	19	13718	买盘
10:09:09	7.21	--	1	721	卖盘
10:09:03	7.21	-0.01	5	3605	卖盘
10:08:39	7.22	--	6	4332	买盘
10:08:30	7.22	--	19	13718	买盘
10:08:27	7.22	--	6	4332	买盘
10:08:24	7.22	0.01	3	2166	买盘
10:08:21	7.21	-0.01	5	3605	卖盘
10:08:12	7.22	0.01	50	36100	买盘
10:07:51	7.21	--	1	721	卖盘
10:07:48	7.21	--	3	2163	卖盘
10:07:39	7.21	--	10	7210	卖盘
10:07:36	7.21	--	62	44702	卖盘
10:07:33	7.21	--	244	175924	卖盘
10:07:30	7.21	--	46	33166	卖盘
10:07:27	7.21	--	27	19467	卖盘
10:07:24	7.21	--	91	65611	卖盘
10:07:06	7.21	-0.01	22	15862	卖盘
10:06:54	7.22	--	22	15884	买盘
10:06:51	7.22	--	6	4332	买盘
10:06:42	7.22	--	1	722	买盘
10:06:39	7.22	0.01	1	722	买盘
10:06:36	7.21	--	26	18746	卖盘
10:06:33	7.21	--	30	21630	卖盘
10:06:27	7.21	--	25	18025	卖盘
10:06:12	7.21	--	29	20909	卖盘
10:06:09	7.21	--	64	46144	卖盘
10:04:57	7.21	--	7	5047	卖盘
10:04:54	7.21	-0.01	70	50470	卖盘
10:04:51	7.22	0.01	1	722	买盘
10:04:48	7.21	-0.01	5	3605	卖盘
10:04:45	7.22	--	19	13718	买盘
10:04:33	7.22	0.01	5	3610	买盘
10:04:30	7.21	--	10	7210	卖盘
10:03:51	7.21	--	30	21630	卖盘
10:03:39	7.21	--	30	21630	卖盘
10:03:33	7.21	--	50	36050	卖盘
10:03:27	7.21	-0.01	10	7210	卖盘
10:03:03	7.22	--	1	722	买盘
10:02:48	7.22	--	24	17328	买盘
10:02:42	7.22	--	50	36100	买盘
10:02:39	7.22	--	30	21660	买盘
10:01:51	7.22	0.01	40	28880	买盘
10:01:39	7.21	--	211	152131	卖盘
10:01:15	7.21	--	44	31724	卖盘
10:01:09	7.21	--	10	7210	卖盘
10:00:57	7.21	--	27	19467	卖盘
10:00:39	7.21	-0.01	100	72100	卖盘
09:59:57	7.22	--	88	63536	买盘
09:59:51	7.22	0.01	10	7220	买盘
09:59:42	7.21	-0.01	56	40376	卖盘
09:59:27	7.22	-0.01	356	257032	卖盘
09:59:06	7.23	0.01	29	20967	买盘
09:58:15	7.22	-0.01	7	5054	卖盘
09:58:12	7.23	--	6	4338	买盘
09:58:09	7.23	0.01	50	36150	买盘
09:58:03	7.22	--	18	12996	卖盘
09:56:48	7.22	--	10	7220	卖盘
09:56:45	7.22	--	1	722	卖盘
09:56:42	7.22	--	103	74366	卖盘
09:55:54	7.22	--	100	72200	卖盘
09:55:51	7.22	--	3	2166	卖盘
09:54:30	7.22	0.01	3	2166	中性盘
09:53:15	7.21	-0.03	73	52633	卖盘
09:53:09	7.24	0.03	4	2896	买盘
09:53:03	7.21	-0.02	300	216300	卖盘
09:52:51	7.23	--	3	2169	买盘
09:52:33	7.23	--	3	2169	卖盘
09:52:30	7.23	--	9	6507	买盘
09:52:21	7.23	0.01	40	28920	买盘
09:52:18	7.22	-0.01	70	50540	卖盘
09:51:57	7.23	0.01	52	37596	买盘
09:51:54	7.22	--	147	106134	卖盘
09:51:51	7.22	-0.01	250	180500	卖盘
09:51:21	7.23	--	50	36150	买盘
09:51:12	7.23	--	10	7230	买盘
09:50:48	7.23	--	20	14460	卖盘
09:50:15	7.23	--	30	21690	卖盘
09:50:03	7.23	--	11	7953	卖盘
09:49:57	7.23	--	200	144600	卖盘
09:49:51	7.23	--	12	8676	卖盘
09:49:45	7.23	--	5	3615	卖盘
09:49:39	7.23	--	23	16629	卖盘
09:49:30	7.23	--	33	23859	卖盘
09:48:51	7.23	-0.01	10	7230	卖盘
09:48:48	7.24	--	35	25340	买盘
09:48:27	7.24	0.01	50	36200	买盘
09:48:24	7.23	-0.01	30	21690	卖盘
09:48:21	7.24	--	90	65160	买盘
09:48:12	7.24	--	48	34752	卖盘
09:48:06	7.24	--	34	24616	卖盘
09:48:00	7.24	-0.01	9	6516	卖盘
09:47:57	7.25	0.01	29	21025	买盘
09:47:42	7.24	--	208	150592	卖盘
09:47:39	7.24	--	17	12308	卖盘
09:47:30	7.24	--	1	724	卖盘
09:47:27	7.24	--	59	42716	买盘
09:47:18	7.24	--	19	13756	买盘
09:47:15	7.24	--	122	88328	卖盘
09:47:09	7.24	--	10	7240	卖盘
09:47:00	7.24	--	10	7240	卖盘
09:46:48	7.24	-0.01	40	28960	卖盘
09:46:42	7.25	--	20	14500	买盘
09:46:39	7.25	0.01	5	3625	买盘
09:46:33	7.24	--	52	37648	卖盘
09:46:30	7.24	--	5	3620	卖盘
09:46:15	7.24	-0.01	118	85432	卖盘
09:46:09	7.25	0.01	28	20300	买盘
09:45:57	7.24	--	6	4344	买盘
09:45:51	7.24	-0.01	22	15928	卖盘
09:45:45	7.25	0.01	7	5075	买盘
09:45:39	7.24	--	1	724	卖盘
09:45:36	7.24	--	3	2172	卖盘
09:45:27	7.24	--	5	3620	买盘
09:45:24	7.24	-0.01	20	14480	中性盘
09:45:09	7.25	0.02	303	219675	买盘
09:45:06	7.23	-0.01	5	3615	卖盘
09:45:00	7.24	--	23	16652	买盘
09:44:48	7.24	-0.01	41	29684	卖盘
09:44:45	7.25	0.01	612	443700	买盘
09:44:36	7.24	--	69	49956	买盘
09:44:30	7.24	--	100	72400	买盘
09:44:24	7.24	--	50	36200	买盘
09:44:18	7.24	0.01	30	21720	买盘
09:44:03	7.23	0.01	3	2169	卖盘
09:43:54	7.22	-0.01	15	10830	卖盘
09:43:51	7.23	--	30	21690	卖盘
09:43:48	7.23	--	60	43380	买盘
09:43:27	7.23	--	39	28197	买盘
09:43:15	7.23	-0.01	9	6507	卖盘
09:43:12	7.24	--	18	13032	买盘
09:43:09	7.24	--	1	724	买盘
09:43:06	7.24	--	14	10136	买盘
09:42:51	7.24	0.01	10	7240	买盘
09:42:45	7.23	--	11	7953	卖盘
09:42:42	7.23	--	20	14460	卖盘
09:42:39	7.23	--	67	48441	卖盘
09:42:36	7.23	--	18	13014	买盘
09:42:30	7.23	--	50	36150	买盘
09:42:03	7.23	--	37	26751	买盘
09:42:00	7.23	--	7	5061	卖盘
09:41:57	7.23	--	30	21690	卖盘
09:41:51	7.23	--	36	26028	卖盘
09:41:42	7.23	--	100	72300	卖盘
09:41:36	7.23	--	42	30366	买盘
09:41:33	7.23	--	4	2892	买盘
09:41:30	7.23	0.01	8	5784	买盘
09:41:21	7.22	-0.01	111	80142	卖盘
09:41:18	7.23	0.01	20	14460	买盘
09:41:06	7.22	--	50	36100	卖盘
09:41:00	7.22	--	25	18050	卖盘
09:40:45	7.22	--	10	7220	卖盘
09:40:27	7.22	-0.01	34	24548	卖盘
09:40:24	7.23	0.01	6	4338	买盘
09:40:18	7.22	--	9	6498	卖盘
09:40:09	7.22	--	6	4332	卖盘
09:40:06	7.22	--	6	4332	卖盘
09:40:03	7.22	--	3	2166	卖盘
09:39:48	7.22	--	10	7220	卖盘
09:39:33	7.22	-0.01	3	2166	卖盘
09:39:18	7.23	--	2	1446	买盘
09:39:15	7.23	0.01	21	15183	买盘
09:39:09	7.22	0.01	4	2888	买盘
09:39:00	7.21	--	1	721	卖盘
09:38:51	7.21	--	3	2163	卖盘
09:38:48	7.21	-0.01	2	1442	卖盘
09:38:45	7.22	--	4	2888	买盘
09:38:39	7.22	--	20	14440	买盘
09:38:36	7.22	--	168	121296	买盘
09:38:33	7.22	--	86	62092	卖盘
09:38:27	7.22	--	32	23104	卖盘
09:38:24	7.22	-0.01	16	11552	卖盘
09:38:18	7.23	--	16	11568	买盘
09:38:09	7.23	--	50	36150	买盘
09:38:06	7.23	--	6	4338	买盘
09:38:00	7.23	--	3	2169	买盘
09:37:42	7.23	0.01	13	9399	买盘
09:37:27	7.22	--	4	2888	买盘
09:37:21	7.22	--	46	33212	中性盘
09:36:54	7.22	-0.01	61	44042	卖盘
09:36:51	7.23	--	10	7230	买盘
09:36:48	7.23	--	17	12291	买盘
09:36:45	7.23	--	5	3615	买盘
09:36:42	7.23	--	1	723	买盘
09:36:39	7.23	--	3	2169	买盘
09:36:36	7.23	--	44	31812	买盘
09:36:33	7.23	-0.02	27	19521	卖盘
09:36:15	7.25	--	35	25375	买盘
09:36:09	7.25	0.02	22	15950	买盘
09:36:00	7.23	-0.02	35	25305	中性盘
09:35:51	7.25	0.03	37	26825	买盘
09:35:48	7.22	-0.02	10	7220	卖盘
09:35:45	7.24	0.02	21	15204	买盘
09:35:42	7.22	-0.01	97	70034	卖盘
09:35:36	7.23	--	50	36150	买盘
09:35:33	7.23	0.01	42	30366	买盘
09:35:30	7.22	-0.01	30	21660	卖盘
09:35:27	7.23	--	5	3615	买盘
09:35:24	7.23	--	124	89652	买盘
09:35:15	7.23	0.01	11	7953	买盘
09:35:12	7.22	-0.01	124	89528	卖盘
09:35:03	7.23	0.01	171	123633	买盘
09:35:00	7.22	-0.01	44	31768	卖盘
09:34:54	7.23	--	50	36150	买盘
09:34:51	7.23	--	37	26751	买盘
09:34:45	7.23	--	2	1446	买盘
09:34:42	7.23	--	269	194487	卖盘
09:34:33	7.23	-0.01	30	21690	卖盘
09:34:30	7.24	0.01	10	7240	买盘
09:34:21	7.23	-0.01	60	43380	卖盘
09:34:00	7.24	0.01	10	7240	买盘
09:33:54	7.23	--	2	1446	卖盘
09:33:48	7.23	--	84	60732	买盘
09:33:45	7.23	--	140	101220	买盘
09:33:36	7.23	--	5	3615	买盘
09:33:15	7.23	--	9	6507	买盘
09:33:09	7.23	--	15	10845	买盘
09:33:03	7.23	--	10	7230	买盘
09:32:57	7.23	--	9	6507	买盘
09:32:48	7.23	--	10	7230	买盘
09:32:45	7.23	--	5	3615	买盘
09:32:42	7.23	--	24	17352	买盘
09:32:33	7.23	--	5	3615	买盘
09:32:30	7.23	--	44	31812	卖盘
09:32:24	7.23	--	20	14460	卖盘
09:32:21	7.23	-0.01	9	6507	卖盘
09:32:09	7.24	0.01	10	7240	买盘
09:32:06	7.23	-0.01	19	13737	卖盘
09:32:03	7.24	--	64	46336	买盘
09:31:42	7.24	--	1	724	买盘
09:31:39	7.24	0.01	3	2172	买盘
09:31:36	7.23	-0.02	64	46272	卖盘
09:31:33	7.25	0.01	55	39875	买盘
09:31:30	7.24	--	10	7240	买盘
09:31:27	7.24	--	2	1448	买盘
09:31:24	7.24	--	2	1448	买盘
09:31:21	7.24	0.01	143	103532	买盘
09:31:18	7.23	-0.01	1	723	中性盘
09:31:12	7.24	0.01	265	191860	买盘
09:31:09	7.23	0.01	2	1446	买盘
09:31:03	7.22	-0.02	141	101802	卖盘
09:30:54	7.24	0.02	20	14480	买盘
09:30:51	7.22	-0.03	2	1444	卖盘
09:30:45	7.25	--	57	41325	买盘
09:30:42	7.25	--	23	16675	买盘
09:30:39	7.25	--	24	17400	买盘
09:30:33	7.25	--	136	98600	买盘
09:30:27	7.25	--	87	63075	卖盘
09:30:24	7.25	-0.02	30	21750	卖盘
09:30:21	7.27	-0.02	40	29080	中性盘
09:30:18	7.29	0.01	108	78732	买盘
09:30:12	7.28	--	12	8736	买盘
09:30:09	7.28	--	19	13832	买盘
09:30:06	7.28	--	30	21840	买盘
09:30:03	7.28	0.1	238	173264	中性盘
09:30:00	7.18	-0.12	41	29438	卖盘
09:25:03	7.3	7.3	1009	736570	买盘
