成交时间	成交价	价格变动	成交量(手)	成交额(元)	性质
15:00:03	63.98	0.01	53	339094	卖盘
14:57:03	63.97	-0.03	25	159925	卖盘
14:57:00	64.0	--	3	19200	卖盘
14:56:57	64.0	--	4	25600	卖盘
14:56:54	64.0	--	17	111296	买盘
14:56:51	64.0	0.03	49	313600	买盘
14:56:36	63.97	-0.02	8	51176	卖盘
14:56:33	63.99	0.02	3	19197	买盘
14:56:27	63.97	0.05	8	51176	买盘
14:56:18	63.92	-0.07	12	76704	卖盘
14:56:15	63.99	0.02	39	249561	买盘
14:56:00	63.97	0.06	1	6397	中性盘
14:55:33	63.91	-0.09	1	6391	中性盘
14:55:24	64.0	0.01	30	192000	买盘
14:55:18	63.99	--	22	144681	卖盘
14:55:12	63.99	--	1	6399	卖盘
14:55:09	63.99	-0.01	1	6399	卖盘
14:55:00	64.0	0.01	2	12800	买盘
14:54:54	63.99	--	1	6399	卖盘
14:54:39	63.99	0.09	37	239258	买盘
14:54:33	63.9	--	2	12780	买盘
14:54:24	63.9	-0.09	2	12780	卖盘
14:54:03	63.99	--	7	44793	买盘
14:53:57	63.99	--	4	25596	买盘
14:53:33	63.99	--	5	31995	买盘
14:53:21	63.99	--	6	38394	买盘
14:53:15	63.99	0.07	6	38394	买盘
14:53:03	63.92	0.05	10	63920	买盘
14:52:57	63.87	-0.05	19	121353	卖盘
14:52:54	63.92	--	1	6392	买盘
14:52:48	63.92	0.02	2	12784	买盘
14:52:42	63.9	--	2	12780	卖盘
14:52:30	63.9	--	2	12780	卖盘
14:52:27	63.9	--	2	12780	卖盘
14:52:24	63.9	--	2	12780	卖盘
14:52:18	63.9	--	4	25560	卖盘
14:52:09	63.9	0.02	4	25560	中性盘
14:51:51	63.88	-0.02	35	223580	卖盘
14:51:45	63.9	--	7	44730	买盘
14:51:42	63.9	0.01	1	6390	买盘
14:51:39	63.89	--	2	12778	卖盘
14:51:30	63.89	-0.01	2	12778	中性盘
14:51:27	63.9	0.01	3	19170	买盘
14:51:21	63.89	--	0	1852	卖盘
14:51:15	63.89	--	2	12778	卖盘
14:51:12	63.89	-0.01	3	19167	卖盘
14:51:06	63.9	--	2	12780	买盘
14:50:48	63.9	0.04	8	55656	买盘
14:50:42	63.86	-0.03	2	12772	卖盘
14:50:39	63.89	--	10	63890	卖盘
14:50:36	63.89	-0.01	3	19167	卖盘
14:50:27	63.9	--	1	6390	买盘
14:50:24	63.9	-0.02	5	31950	卖盘
14:50:15	63.92	0.01	5	31960	买盘
14:50:06	63.91	0.01	1	6391	买盘
14:49:57	63.9	0.01	3	19170	买盘
14:49:51	63.89	-0.01	3	19167	卖盘
14:49:45	63.9	0.01	10	63900	买盘
14:49:36	63.89	0.04	4	25556	买盘
14:48:42	63.85	-0.04	2	12770	卖盘
14:48:30	63.89	0.01	7	44723	买盘
14:48:18	63.88	--	1	6388	卖盘
14:48:12	63.88	0.02	1	6388	买盘
14:48:06	63.86	-0.02	1	6386	卖盘
14:47:48	63.88	--	2	12776	买盘
14:47:45	63.88	--	2	12776	买盘
14:47:15	63.88	-0.02	5	31940	中性盘
14:46:39	63.9	0.05	5	31950	买盘
14:46:33	63.85	-0.05	12	76620	卖盘
14:46:18	63.9	0.05	5	31950	买盘
14:46:12	63.85	-0.05	10	63850	卖盘
14:46:09	63.9	--	3	19170	买盘
14:45:48	63.9	--	2	12780	买盘
14:45:30	63.9	0.05	2	12780	买盘
14:45:24	63.85	-0.05	3	19155	卖盘
14:45:09	63.9	0.05	3	19170	买盘
14:45:06	63.85	0.01	11	71192	买盘
14:45:00	63.84	-0.01	1	6384	卖盘
14:44:51	63.85	--	13	83005	买盘
14:44:45	63.85	--	1	6385	买盘
14:44:39	63.85	-0.02	11	70235	卖盘
14:44:27	63.87	-0.01	0	3576	卖盘
14:44:24	63.88	0.01	2	12776	买盘
14:44:21	63.87	--	2	12774	卖盘
14:44:15	63.87	-0.01	2	12774	卖盘
14:44:09	63.88	0.01	1	6388	买盘
14:43:57	63.87	--	1	6387	卖盘
14:43:21	63.87	--	3	19161	卖盘
14:43:18	63.87	--	5	34745	买盘
14:43:09	63.87	--	3	19161	买盘
14:42:57	63.87	-0.01	2	12774	买盘
14:42:54	63.88	--	1	8112	卖盘
14:42:51	63.88	0.04	10	68543	买盘
14:42:03	63.84	0.01	12	76608	买盘
14:42:00	63.83	-0.01	26	165958	卖盘
14:41:51	63.84	--	3	19152	买盘
14:41:42	63.84	--	8	51072	卖盘
14:41:33	63.84	--	4	25536	卖盘
14:41:15	63.84	0.01	2	12768	中性盘
14:40:54	63.83	-0.04	3	19149	中性盘
14:40:30	63.87	0.05	1	6387	中性盘
14:40:09	63.82	0.02	12	76584	中性盘
14:39:48	63.8	-0.02	10	63800	卖盘
14:39:42	63.82	--	7	44674	卖盘
14:39:21	63.82	0.02	2	12764	卖盘
14:38:33	63.8	--	1	6380	买盘
14:38:21	63.8	--	1	6380	买盘
14:38:18	63.8	-0.02	11	70180	卖盘
14:38:09	63.82	--	5	31910	卖盘
14:38:06	63.82	--	7	44674	卖盘
14:37:54	63.82	-0.06	5	31910	卖盘
14:37:48	63.88	-0.02	10	63880	卖盘
14:37:33	63.9	--	3	19170	卖盘
14:37:30	63.9	-0.02	5	31950	卖盘
14:37:21	63.92	--	1	6392	买盘
14:37:18	63.92	0.02	23	147016	买盘
14:37:12	63.9	-0.02	1	6390	卖盘
14:37:09	63.92	--	9	57528	卖盘
14:37:06	63.92	-0.01	10	63920	卖盘
14:37:03	63.93	--	37	236541	卖盘
14:36:57	63.93	--	12	76716	卖盘
14:36:45	63.93	--	9	57537	卖盘
14:36:42	63.93	--	8	51144	卖盘
14:36:39	63.93	--	8	51144	卖盘
14:36:36	63.93	--	31	198183	卖盘
14:36:30	63.93	-0.01	1	6393	卖盘
14:36:24	63.94	-0.01	12	76728	卖盘
14:36:15	63.95	-0.05	8	51160	卖盘
14:35:18	64.0	0.05	1	6400	买盘
14:35:09	63.95	-0.05	3	19185	中性盘
14:34:48	64.0	0.05	27	172800	买盘
14:34:39	63.95	-0.02	10	63950	卖盘
14:34:33	63.97	0.02	1	6397	中性盘
14:33:45	63.95	--	6	38370	卖盘
14:33:27	63.95	-0.02	1	6395	卖盘
14:33:24	63.97	0.04	6	38382	买盘
14:33:09	63.93	-0.02	5	31965	卖盘
14:33:06	63.95	--	4	25580	买盘
14:33:03	63.95	--	5	31975	买盘
14:32:54	63.95	--	1	6395	卖盘
14:32:51	63.95	--	1	6395	买盘
14:32:48	63.95	--	1	6395	买盘
14:32:42	63.95	--	5	31975	买盘
14:32:36	63.95	0.02	1	6395	中性盘
14:32:15	63.93	-0.02	4	25572	卖盘
14:32:03	63.95	-0.03	6	38370	卖盘
14:31:30	63.98	-0.02	1	6398	卖盘
14:30:27	64.0	--	3	19200	买盘
14:30:15	64.0	-0.01	12	76800	卖盘
14:30:03	64.01	--	8	51208	卖盘
14:29:57	64.01	0.01	2	12802	买盘
14:29:30	64.0	--	7	44800	卖盘
14:29:24	64.0	--	10	64000	卖盘
14:29:12	64.0	-0.01	1	6400	卖盘
14:28:57	64.01	-0.01	17	108817	卖盘
14:28:39	64.02	--	1	6402	卖盘
14:28:09	64.02	--	1	6402	卖盘
14:28:06	64.02	--	1	6402	卖盘
14:28:03	64.02	--	1	6402	卖盘
14:28:00	64.02	0.01	1	6402	中性盘
14:27:33	64.01	--	1	6401	卖盘
14:27:21	64.01	-0.03	50	320050	卖盘
14:27:12	64.04	--	1	6404	卖盘
14:26:54	64.04	--	1	6404	卖盘
14:26:12	64.04	-0.07	8	51232	卖盘
14:25:57	64.11	--	10	64110	买盘
14:25:42	64.11	0.01	2	12822	买盘
14:25:21	64.1	0.07	2	12819	中性盘
14:24:36	64.03	--	1	6403	卖盘
14:24:27	64.03	--	1	6403	卖盘
14:24:24	64.03	-0.08	2	12806	卖盘
14:24:18	64.11	--	19	121809	卖盘
14:24:06	64.11	0.08	1	6411	中性盘
14:23:48	64.03	-0.08	2	12806	卖盘
14:23:45	64.11	0.08	3	19233	卖盘
14:23:39	64.03	--	1	6403	卖盘
14:23:36	64.03	-0.08	3	19209	卖盘
14:23:33	64.11	0.08	2	12822	买盘
14:23:24	64.03	--	5	32015	卖盘
14:23:21	64.03	--	2	12806	卖盘
14:23:18	64.03	0.01	2	12806	卖盘
14:23:15	64.02	--	1	6402	卖盘
14:23:06	64.02	--	2	12804	卖盘
14:23:00	64.02	--	2	12804	卖盘
14:22:45	64.02	--	1	6402	卖盘
14:22:30	64.02	-0.06	4	25608	卖盘
14:21:57	64.08	--	2	12816	卖盘
14:21:45	64.08	--	1	6408	卖盘
14:21:27	64.08	-0.02	3	19224	卖盘
14:21:24	64.1	0.01	20	128199	买盘
14:21:21	64.09	--	1	6409	卖盘
14:21:18	64.09	--	1	6409	卖盘
14:21:15	64.09	--	2	12818	卖盘
14:21:12	64.09	-0.01	1	6409	卖盘
14:20:57	64.1	--	1	6409	卖盘
14:20:54	64.1	0.01	1	6409	中性盘
14:20:39	64.09	-0.04	1	6409	卖盘
14:20:27	64.13	--	7	44891	买盘
14:20:09	64.13	--	1	6413	买盘
14:20:00	64.13	--	2	12826	买盘
14:19:18	64.13	0.04	28	179564	买盘
14:19:00	64.09	--	1	6409	买盘
14:18:57	64.09	--	4	25636	买盘
14:18:51	64.09	--	8	51272	买盘
14:18:33	64.09	0.01	1	6409	买盘
14:18:30	64.08	--	1	6408	卖盘
14:18:21	64.08	-0.01	1	6408	卖盘
14:18:12	64.09	0.01	1	6409	买盘
14:18:00	64.08	--	2	12816	买盘
14:17:54	64.08	--	5	32040	买盘
14:17:30	64.08	--	7	44856	卖盘
14:16:57	64.08	-0.01	2	12816	中性盘
14:15:15	64.09	0.08	3	19227	买盘
14:15:09	64.01	0.01	1	6401	中性盘
14:15:00	64.0	-0.01	4	25600	卖盘
14:14:45	64.01	0.01	31	198431	买盘
14:14:39	64.0	--	12	76800	卖盘
14:14:18	64.0	-0.02	5	32000	卖盘
14:14:06	64.02	0.01	2	12804	中性盘
14:13:54	64.01	--	2	12802	卖盘
14:13:33	64.01	-0.04	50	320050	卖盘
14:13:15	64.05	-0.01	1	6405	卖盘
14:12:48	64.06	--	1	6406	买盘
14:12:42	64.06	--	4	25624	卖盘
14:12:36	64.06	-0.02	1	6406	卖盘
14:12:06	64.08	0.02	10	64080	买盘
14:11:33	64.06	--	3	19218	买盘
14:11:06	64.06	--	2	12812	卖盘
14:10:33	64.06	--	1	6406	买盘
14:10:21	64.06	0.02	1	6406	买盘
14:10:00	64.04	--	1	6404	卖盘
14:09:45	64.04	0.02	1	6404	买盘
14:08:54	64.02	-0.01	1	6402	卖盘
14:08:39	64.03	-0.01	16	102448	卖盘
14:08:21	64.04	-0.02	3	19212	卖盘
14:07:12	64.06	0.02	1	6406	买盘
14:06:42	64.04	--	4	25616	中性盘
14:05:48	64.04	--	1	6404	卖盘
14:05:21	64.04	--	2	12808	卖盘
14:04:54	64.04	--	2	12808	中性盘
14:04:09	64.04	-0.06	2	12808	卖盘
14:03:45	64.1	-0.04	10	64099	卖盘
14:03:39	64.14	--	1	6414	买盘
14:03:18	64.14	--	2	12828	卖盘
14:03:15	64.14	--	5	32070	卖盘
14:03:06	64.14	--	3	19242	卖盘
14:02:45	64.14	-0.04	4	25656	卖盘
14:02:42	64.18	0.04	15	96270	买盘
14:02:18	64.14	--	2	12828	卖盘
14:01:57	64.14	-0.05	25	160350	卖盘
14:01:54	64.19	0.03	8	51352	买盘
14:01:51	64.16	-0.02	1	6416	卖盘
14:01:42	64.18	-0.01	1	6418	中性盘
14:01:30	64.19	0.05	1	6419	买盘
14:01:27	64.14	--	5	32070	卖盘
14:01:18	64.14	-0.01	50	320700	卖盘
14:01:12	64.15	--	7	44905	买盘
14:01:06	64.15	--	2	12830	买盘
14:01:03	64.15	0.01	2	12830	买盘
14:00:57	64.14	--	2	12828	卖盘
14:00:51	64.14	--	10	64140	卖盘
14:00:48	64.14	0.01	76	487464	买盘
14:00:42	64.13	-0.01	9	57716	中性盘
14:00:30	64.14	0.03	150	962100	买盘
14:00:24	64.11	--	11	70521	卖盘
14:00:06	64.11	--	2	12822	卖盘
13:59:57	64.11	0.01	5	32055	买盘
13:59:54	64.1	--	4	25639	卖盘
13:59:51	64.1	--	5	32049	卖盘
13:59:48	64.1	-0.01	5	32049	卖盘
13:59:42	64.11	--	3	19233	买盘
13:59:27	64.11	-0.03	4	25644	卖盘
13:59:18	64.14	--	1	6414	买盘
13:59:15	64.14	-0.01	1	6414	中性盘
13:59:00	64.15	0.01	6	38490	买盘
13:58:33	64.14	0.03	1	6414	中性盘
13:58:12	64.11	-0.01	4	25644	卖盘
13:57:57	64.12	--	3	20518	卖盘
13:57:48	64.12	--	10	64120	卖盘
13:57:27	64.12	0.01	0	1987	卖盘
13:57:15	64.11	--	1	9552	买盘
13:57:12	64.11	--	1	9680	卖盘
13:57:00	64.11	--	2	12822	卖盘
13:56:54	64.11	--	16	102576	卖盘
13:56:48	64.11	--	5	32055	卖盘
13:56:45	64.11	--	0	3141	卖盘
13:56:42	64.11	0.01	6	38466	买盘
13:56:39	64.1	--	5	32049	卖盘
13:56:27	64.1	--	5	32049	卖盘
13:56:15	64.1	-0.01	2	12819	卖盘
13:56:00	64.11	--	4	25644	卖盘
13:55:57	64.11	--	1	6411	卖盘
13:55:54	64.11	-0.01	1	6411	卖盘
13:55:42	64.12	--	1	6412	买盘
13:55:30	64.12	--	1	6412	中性盘
13:54:57	64.12	-0.06	2	12824	卖盘
13:54:51	64.18	0.06	2	12836	中性盘
13:54:36	64.12	--	5	32060	卖盘
13:54:27	64.12	--	10	64120	卖盘
13:54:18	64.12	-0.04	2	12824	卖盘
13:54:12	64.16	0.02	20	128320	买盘
13:54:03	64.14	0.04	6	38484	买盘
13:53:54	64.1	--	1	6409	卖盘
13:53:51	64.1	0.01	45	288450	买盘
13:53:39	64.09	0.01	10	64090	买盘
13:53:18	64.08	--	2	12816	买盘
13:52:54	64.08	-0.01	1	6408	中性盘
13:52:21	64.09	0.04	40	256360	买盘
13:52:15	64.05	--	1	6405	卖盘
13:52:09	64.05	0.03	1	6405	买盘
13:51:39	64.02	--	4	25608	买盘
13:51:36	64.02	--	1	6402	买盘
13:51:30	64.02	--	16	102432	买盘
13:51:15	64.02	-0.07	9	57618	卖盘
13:51:12	64.09	0.04	42	269178	买盘
13:51:03	64.05	0.03	1	6405	中性盘
13:50:36	64.02	--	1	6402	卖盘
13:50:15	64.02	--	5	32009	中性盘
13:50:09	64.02	0.01	2	12804	中性盘
13:49:45	64.01	--	1	6401	中性盘
13:49:30	64.01	0.01	1	6401	中性盘
13:48:27	64.0	--	4	25600	卖盘
13:48:09	64.0	0.03	0	3200	中性盘
13:47:51	63.97	-0.03	2	12794	中性盘
13:47:27	64.0	--	6	38400	卖盘
13:47:09	64.0	--	3	19200	卖盘
13:46:30	64.0	--	1	6400	买盘
13:46:27	64.0	--	7	44800	卖盘
13:46:18	64.0	-0.02	8	51200	卖盘
13:46:00	64.02	--	1	6402	买盘
13:45:30	64.02	0.01	4	25608	中性盘
13:44:18	64.01	-0.08	20	128020	卖盘
13:43:45	64.09	--	7	44863	买盘
13:43:06	64.09	--	1	6409	买盘
13:42:51	64.09	--	1	6409	卖盘
13:42:42	64.09	--	1	6409	卖盘
13:42:36	64.09	--	14	89726	卖盘
13:42:03	64.09	--	6	38454	卖盘
13:42:00	64.09	0.01	41	262769	买盘
13:41:39	64.08	0.09	21	134568	中性盘
13:40:27	63.99	-0.06	10	63990	卖盘
13:40:24	64.05	--	1	6405	卖盘
13:40:21	64.05	--	3	19215	买盘
13:40:06	64.05	-0.05	8	51240	中性盘
13:39:03	64.1	--	1	6409	卖盘
13:39:00	64.1	--	1	6409	卖盘
13:38:42	64.1	--	0	2884	买盘
13:38:39	64.1	--	4	25639	买盘
13:38:21	64.1	0.24	18	115379	买盘
13:38:15	63.86	-0.01	40	255440	卖盘
13:38:12	63.87	0.01	6	38322	中性盘
13:37:42	63.86	-0.24	100	638600	卖盘
13:37:39	64.1	--	23	150955	卖盘
13:37:33	64.1	--	7	44869	卖盘
13:37:24	64.1	--	1	6409	卖盘
13:37:15	64.1	-0.01	8	54164	卖盘
13:36:33	64.11	--	1	6411	卖盘
13:36:12	64.11	-0.01	2	12822	卖盘
13:35:54	64.12	--	2	12824	卖盘
13:35:51	64.12	--	6	38472	卖盘
13:35:21	64.12	--	3	19236	卖盘
13:35:03	64.12	-0.03	1	6412	卖盘
13:34:06	64.15	--	3	19437	卖盘
13:33:30	64.15	--	2	12830	卖盘
13:32:57	64.15	--	5	32075	卖盘
13:32:54	64.15	-0.01	5	32075	卖盘
13:32:33	64.16	0.01	9	57744	买盘
13:32:09	64.15	0.03	13	89617	买盘
13:31:54	64.12	-0.03	4	25648	卖盘
13:31:42	64.15	-0.01	1	6607	卖盘
13:31:33	64.16	--	8	51328	买盘
13:31:12	64.16	--	5	32080	买盘
13:31:06	64.16	-0.02	11	70576	卖盘
13:31:03	64.18	0.01	1	6418	买盘
13:30:57	64.17	--	3	19251	卖盘
13:30:54	64.17	--	6	38502	卖盘
13:30:27	64.17	--	10	64170	卖盘
13:30:09	64.17	-0.01	8	51336	卖盘
13:30:03	64.18	0.01	5	32090	买盘
13:29:51	64.17	--	2	12834	卖盘
13:29:24	64.17	--	8	51336	卖盘
13:28:57	64.17	-0.01	1	6417	卖盘
13:28:48	64.18	--	6	38508	卖盘
13:28:42	64.18	--	10	64180	卖盘
13:28:30	64.18	-0.02	2	12836	卖盘
13:28:27	64.2	-0.01	6	38520	卖盘
13:28:06	64.21	--	2	12841	买盘
13:27:45	64.21	0.01	5	32104	买盘
13:27:39	64.2	--	6	38520	中性盘
13:27:03	64.2	0.03	5	32100	买盘
13:26:18	64.17	--	4	25668	卖盘
13:25:27	64.17	-0.05	2	12834	中性盘
13:24:06	64.22	0.02	8	51376	买盘
13:24:00	64.2	-0.02	1	6420	卖盘
13:23:45	64.22	--	2	12844	卖盘
13:23:18	64.22	--	5	32110	卖盘
13:23:15	64.22	--	1	6422	卖盘
13:23:03	64.22	-0.03	2	12844	卖盘
13:23:00	64.25	0.03	4	25700	买盘
13:22:36	64.22	--	9	57798	卖盘
13:22:30	64.22	0.02	1	6422	买盘
13:22:24	64.2	--	2	12840	卖盘
13:22:06	64.2	-0.05	2	12840	中性盘
13:20:21	64.25	--	19	122075	卖盘
13:20:18	64.25	-0.01	26	167050	卖盘
13:20:12	64.26	0.01	4	25704	中性盘
13:20:00	64.25	-0.01	2	12850	卖盘
13:19:57	64.26	--	4	25704	卖盘
13:19:54	64.26	-0.01	1	6426	卖盘
13:19:18	64.27	0.01	2	12854	买盘
13:19:06	64.26	0.01	1	6426	中性盘
13:18:57	64.25	-0.01	16	102800	卖盘
13:18:51	64.26	--	1	6426	买盘
13:18:24	64.26	--	1	6426	买盘
13:18:18	64.26	--	1	6426	买盘
13:18:03	64.26	-0.04	1	6426	卖盘
13:17:51	64.3	0.01	1	6430	买盘
13:17:45	64.29	--	24	154296	卖盘
13:17:30	64.29	--	5	32145	卖盘
13:17:24	64.29	--	2	12858	卖盘
13:17:21	64.29	0.02	1	6429	买盘
13:17:12	64.27	--	2	12854	卖盘
13:17:06	64.27	--	5	32134	卖盘
13:17:03	64.27	--	6	38562	卖盘
13:16:36	64.27	-0.03	6	38562	卖盘
13:16:33	64.3	--	5	32150	买盘
13:16:27	64.3	0.03	23	147890	买盘
13:16:18	64.27	-0.03	1	6427	卖盘
13:16:15	64.3	--	18	115740	买盘
13:16:00	64.3	--	13	83590	买盘
13:15:54	64.3	0.05	5	32150	买盘
13:15:51	64.25	-0.04	4	25700	卖盘
13:15:36	64.29	0.04	10	64290	买盘
13:15:30	64.25	--	15	96375	买盘
13:15:09	64.25	0.03	4	25700	买盘
13:14:57	64.22	--	3	19266	买盘
13:14:51	64.22	--	20	128440	买盘
13:14:39	64.22	0.02	13	83486	买盘
13:14:30	64.2	--	10	64200	中性盘
13:14:18	64.2	0.02	90	577800	买盘
13:14:03	64.18	-0.01	6	38508	卖盘
13:14:00	64.19	0.01	10	64190	买盘
13:13:57	64.18	--	13	83434	卖盘
13:13:54	64.18	-0.01	2	12836	卖盘
13:13:51	64.19	0.01	19	121961	买盘
13:13:39	64.18	0.01	6	38508	买盘
13:13:24	64.17	0.02	3	19251	买盘
13:12:24	64.15	--	1	6415	卖盘
13:12:03	64.15	--	1	6415	卖盘
13:12:00	64.15	--	2	12830	卖盘
13:11:54	64.15	--	1	6415	卖盘
13:11:45	64.15	--	1	12637	买盘
13:11:36	64.15	0.01	1	6415	买盘
13:11:33	64.14	--	1	6414	中性盘
13:11:00	64.14	-0.06	5	32070	中性盘
13:10:30	64.2	--	5	32100	买盘
13:10:12	64.2	0.11	21	134820	中性盘
13:09:21	64.09	-0.12	1	6409	卖盘
13:09:15	64.21	0.12	3	19262	中性盘
13:09:00	64.09	-0.13	6	38454	卖盘
13:08:48	64.22	--	15	96330	买盘
13:08:36	64.22	0.01	3	19266	卖盘
13:08:30	64.21	-0.01	18	115577	卖盘
13:08:24	64.22	--	2	12844	卖盘
13:08:18	64.22	--	4	25688	卖盘
13:08:15	64.22	--	1	6422	卖盘
13:08:12	64.22	0.01	2	12844	买盘
13:08:00	64.21	--	3	19262	买盘
13:07:54	64.21	-0.01	1	6420	中性盘
13:07:51	64.22	0.01	4	25688	买盘
13:07:48	64.21	-0.01	18	115577	卖盘
13:07:45	64.22	0.01	1	6422	买盘
13:07:39	64.21	--	1	6420	卖盘
13:07:18	64.21	0.01	14	89893	买盘
13:07:15	64.2	--	1	6420	卖盘
13:07:09	64.2	0.02	3	19260	买盘
13:07:06	64.18	0.06	1	6418	买盘
13:06:48	64.12	--	1	6412	中性盘
13:06:27	64.12	--	2	12824	卖盘
13:06:15	64.12	-0.04	1	6412	卖盘
13:06:03	64.16	-0.01	4	25664	卖盘
13:06:00	64.17	--	5	32085	中性盘
13:05:45	64.17	--	3	19251	卖盘
13:05:30	64.17	--	2	12834	中性盘
13:05:15	64.17	0.01	4	25668	卖盘
13:05:00	64.16	-0.01	1	6416	中性盘
13:04:30	64.17	-0.01	5	32085	中性盘
13:04:00	64.18	--	5	32090	买盘
13:03:45	64.18	--	2	12836	卖盘
13:03:36	64.18	-0.02	3	19254	中性盘
13:03:27	64.2	0.02	1	6420	买盘
13:03:24	64.18	-0.03	99	635382	卖盘
13:03:09	64.21	--	1	6420	中性盘
13:02:54	64.21	-0.01	4	25683	卖盘
13:02:42	64.22	--	1	6422	卖盘
13:02:39	64.22	0.01	4	25688	买盘
13:02:36	64.21	-0.01	1	6420	卖盘
13:02:33	64.22	0.01	5	32110	买盘
13:02:27	64.21	-0.01	2	12841	卖盘
13:02:24	64.22	--	3	19266	买盘
13:02:18	64.22	0.01	2	12844	买盘
13:02:06	64.21	-0.01	7	44946	卖盘
13:02:03	64.22	-0.02	1	6422	买盘
13:01:54	64.24	--	2	12847	卖盘
13:01:51	64.24	0.03	4	25695	买盘
13:01:39	64.21	-0.01	3	19262	卖盘
13:01:33	64.22	--	1	6422	卖盘
13:01:30	64.22	--	1	6422	买盘
13:01:27	64.22	0.01	10	64220	买盘
13:01:24	64.21	--	2	12841	卖盘
13:01:12	64.21	0.03	4	25683	买盘
13:00:54	64.18	0.05	1	6418	买盘
13:00:24	64.13	--	8	51304	买盘
13:00:12	64.13	--	5	32064	卖盘
13:00:09	64.13	--	8	51304	中性盘
13:00:06	64.13	--	18	115433	买盘
13:00:03	64.13	--	0	0	买盘
11:30:03	64.13	--	0	0	买盘
11:29:48	64.13	--	50	320650	买盘
11:29:33	64.13	-0.12	27	173151	卖盘
11:29:15	64.25	0.05	9	57825	买盘
11:29:06	64.2	-0.04	14	89880	中性盘
11:28:45	64.24	-0.01	15	96359	买盘
11:28:33	64.25	0.01	10	64250	买盘
11:28:30	64.24	-0.01	10	64239	卖盘
11:28:27	64.25	--	1	6425	买盘
11:28:24	64.25	0.01	18	115650	买盘
11:28:21	64.24	-0.01	2	12847	卖盘
11:28:15	64.25	--	15	96375	买盘
11:28:09	64.25	--	1	6425	买盘
11:28:06	64.25	--	6	38550	买盘
11:28:03	64.25	--	5	32125	中性盘
11:27:54	64.25	--	1	6425	卖盘
11:27:51	64.25	0.01	2	12850	中性盘
11:27:39	64.24	--	1	6423	卖盘
11:27:30	64.24	0.02	14	89936	中性盘
11:27:24	64.22	--	1	6422	买盘
11:27:18	64.22	0.02	22	141284	买盘
11:27:15	64.2	-0.02	5	32100	卖盘
11:27:12	64.22	0.02	7	44954	买盘
11:27:06	64.2	--	2	12840	卖盘
11:26:57	64.2	0.05	34	218280	买盘
11:26:45	64.15	0.05	5	32075	买盘
11:26:42	64.1	--	10	64099	卖盘
11:26:39	64.1	0.02	106	679459	买盘
11:26:33	64.08	--	1	6408	卖盘
11:26:30	64.08	--	1	6408	卖盘
11:26:24	64.08	--	10	64080	卖盘
11:26:21	64.08	0.01	8	52353	买盘
11:26:18	64.07	0.02	5	32034	买盘
11:26:12	64.05	0.05	4	25620	买盘
11:26:00	64.0	-0.08	6	38400	卖盘
11:25:48	64.08	0.03	27	173016	买盘
11:25:45	64.05	0.06	27	172935	买盘
11:25:36	63.99	0.01	26	166374	中性盘
11:25:27	63.98	--	1	6398	卖盘
11:25:15	63.98	-0.01	34	217532	卖盘
11:25:03	63.99	-0.01	5	31995	卖盘
11:24:54	64.0	--	4	25600	买盘
11:24:30	64.0	0.05	19	121600	买盘
11:24:21	63.95	-0.05	10	63950	卖盘
11:23:36	64.0	0.05	5	35136	买盘
11:22:42	63.95	--	7	44765	卖盘
11:22:36	63.95	--	2	12790	卖盘
11:22:30	63.95	-0.05	8	51160	中性盘
11:22:27	64.0	0.06	125	800000	买盘
11:22:09	63.94	--	3	19182	买盘
11:22:06	63.94	-0.01	6	38364	中性盘
11:21:45	63.95	--	20	127900	买盘
11:21:21	63.95	--	2	12790	买盘
11:21:15	63.95	--	1	6395	中性盘
11:21:00	63.95	-0.01	5	31975	卖盘
11:20:57	63.96	0.01	4	25584	买盘
11:20:39	63.95	-0.01	1	6395	卖盘
11:20:24	63.96	0.01	2	12792	买盘
11:20:15	63.95	--	4	25580	卖盘
11:20:03	63.95	--	1	6395	卖盘
11:19:57	63.95	0.01	20	127900	买盘
11:19:39	63.94	--	10	63940	买盘
11:19:33	63.94	--	29	185426	卖盘
11:19:27	63.94	--	1	6394	卖盘
11:19:24	63.94	--	1	6394	卖盘
11:19:18	63.94	--	7	44758	卖盘
11:19:15	63.94	--	10	63940	卖盘
11:19:12	63.94	--	10	63940	卖盘
11:19:09	63.94	-0.01	3	19182	卖盘
11:19:06	63.95	0.01	5	31975	买盘
11:19:00	63.94	-0.01	1	6394	卖盘
11:18:51	63.95	0.01	1	6395	买盘
11:18:48	63.94	--	5	31970	卖盘
11:18:45	63.94	--	5	31970	买盘
11:18:21	63.94	--	12	76728	买盘
11:17:54	63.94	0.04	4	25576	买盘
11:17:33	63.9	0.04	21	134190	买盘
11:16:57	63.86	-0.04	30	191580	卖盘
11:16:45	63.9	--	1	6390	买盘
11:16:42	63.9	--	11	70290	买盘
11:16:33	63.9	--	3	19170	卖盘
11:16:30	63.9	--	6	38340	卖盘
11:16:15	63.9	--	1	6390	买盘
11:16:00	63.9	0.04	10	63900	买盘
11:15:48	63.86	0.01	2	12772	卖盘
11:15:42	63.85	-0.01	16	102798	买盘
11:15:21	63.86	-0.02	3	24905	卖盘
11:15:15	63.88	0.02	1	6388	卖盘
11:15:12	63.86	--	9	57474	卖盘
11:15:09	63.86	--	5	31930	卖盘
11:14:51	63.86	-0.03	31	197966	卖盘
11:14:48	63.89	0.01	3	19167	买盘
11:14:45	63.88	--	1	6388	卖盘
11:14:33	63.88	--	2	12776	卖盘
11:14:30	63.88	0.02	0	638	中性盘
11:14:24	63.86	--	4	25544	卖盘
11:14:09	63.86	-0.02	4	25544	卖盘
11:14:03	63.88	--	1	6388	中性盘
11:13:51	63.88	--	2	12776	卖盘
11:13:42	63.88	0.02	14	89432	买盘
11:13:27	63.86	-0.02	4	25544	中性盘
11:13:12	63.88	0.02	10	63880	买盘
11:12:45	63.86	0.01	12	76632	买盘
11:12:33	63.85	-0.02	2	12770	中性盘
11:12:18	63.87	0.17	20	127740	买盘
11:12:03	63.7	0.06	5	31850	中性盘
11:11:45	63.64	-0.01	11	70004	卖盘
11:11:30	63.65	0.01	1	6365	买盘
11:11:15	63.64	0.02	2	12728	买盘
11:10:51	63.62	--	2	12724	卖盘
11:10:48	63.62	0.01	5	31810	买盘
11:10:45	63.61	--	1	6361	买盘
11:10:36	63.61	0.01	3	19083	中性盘
11:10:30	63.6	-0.02	46	292560	卖盘
11:10:15	63.62	--	2	12724	买盘
11:10:12	63.62	--	15	95430	买盘
11:10:09	63.62	-0.02	1	6362	中性盘
11:10:03	63.64	--	3	19092	买盘
11:10:00	63.64	0.02	2	12728	买盘
11:09:54	63.62	0.01	1	6362	买盘
11:09:48	63.61	--	1	6361	买盘
11:09:36	63.61	--	10	63610	买盘
11:09:33	63.61	--	1	6361	买盘
11:09:24	63.61	0.01	2	12722	买盘
11:09:15	63.6	--	3	19080	卖盘
11:09:03	63.6	--	9	57240	买盘
11:08:54	63.6	--	6	38160	买盘
11:08:39	63.6	--	6	38160	卖盘
11:08:33	63.6	-0.01	1	6360	卖盘
11:08:27	63.61	--	1	6361	买盘
11:08:21	63.61	-0.01	1	6361	卖盘
11:08:12	63.62	0.01	1	6362	中性盘
11:08:00	63.61	-0.03	10	63610	卖盘
11:07:51	63.64	-0.01	5	31820	买盘
11:07:39	63.65	-0.02	50	318250	卖盘
11:07:30	63.67	--	14	89138	卖盘
11:07:03	63.67	--	2	12734	卖盘
11:06:42	63.67	-0.07	1	6367	卖盘
11:06:36	63.74	--	7	44618	买盘
11:06:27	63.74	--	1	6374	买盘
11:05:30	63.74	--	43	274082	买盘
11:05:27	63.74	-0.01	3	19122	卖盘
11:05:24	63.75	--	1	6375	买盘
11:05:18	63.75	-0.01	1	6375	买盘
11:05:15	63.76	--	3	22379	卖盘
11:05:12	63.76	0.03	1	9500	买盘
11:03:03	63.73	-0.01	1	6373	卖盘
11:03:00	63.74	--	5	31870	买盘
11:02:51	63.74	--	1	6374	买盘
11:02:45	63.74	-0.02	1	6374	卖盘
11:02:24	63.76	--	9	57384	买盘
11:01:57	63.76	--	0	3251	卖盘
11:01:15	63.76	-0.03	8	51008	卖盘
11:00:45	63.79	0.04	20	127580	买盘
11:00:33	63.75	-0.01	8	51000	卖盘
11:00:27	63.76	0.01	1	6376	中性盘
11:00:06	63.75	--	3	19125	卖盘
11:00:03	63.75	-0.01	3	19125	卖盘
11:00:00	63.76	--	0	3124	买盘
10:59:51	63.76	--	1	6376	买盘
10:59:33	63.76	--	5	31880	买盘
10:59:15	63.76	--	32	204032	卖盘
10:58:33	63.76	--	1	6376	中性盘
10:57:54	63.76	-0.13	1	6376	中性盘
10:57:48	63.89	0.01	10	63890	买盘
10:57:24	63.88	0.13	7	44716	买盘
10:57:21	63.75	0.04	3	19125	中性盘
10:56:51	63.71	-0.05	13	82823	卖盘
10:56:42	63.76	-0.14	2	12752	卖盘
10:56:36	63.9	0.1	10	63900	买盘
10:56:30	63.8	-0.1	48	306240	卖盘
10:56:21	63.9	0.05	2	12780	买盘
10:56:12	63.85	--	30	191550	卖盘
10:56:06	63.85	-0.05	2	12770	卖盘
10:55:57	63.9	--	1	6390	卖盘
10:55:51	63.9	--	20	127800	卖盘
10:55:42	63.9	--	1	6390	卖盘
10:55:24	63.9	-0.07	1	6390	卖盘
10:55:18	63.97	--	2	12794	买盘
10:55:15	63.97	0.07	2	12794	买盘
10:55:12	63.9	-0.07	6	38340	卖盘
10:54:48	63.97	0.05	1	6397	买盘
10:54:30	63.92	0.02	6	38352	买盘
10:54:03	63.9	0.05	5	31950	中性盘
10:53:21	63.85	-0.07	6	38310	卖盘
10:53:15	63.92	--	3	19176	买盘
10:53:09	63.92	-0.05	6	38352	卖盘
10:52:57	63.97	--	4	25588	买盘
10:52:27	63.97	--	2	12794	卖盘
10:52:15	63.97	0.07	18	115146	买盘
10:51:57	63.9	0.04	1	6390	卖盘
10:51:54	63.86	0.03	2	12772	中性盘
10:50:51	63.83	-0.06	3	19149	中性盘
10:50:39	63.89	-0.01	2	12778	卖盘
10:50:33	63.9	-0.04	5	31950	买盘
10:50:24	63.94	--	5	31970	卖盘
10:50:18	63.94	0.14	35	223790	买盘
10:50:06	63.8	--	26	165880	卖盘
10:49:39	63.8	--	4	25520	买盘
10:49:36	63.8	--	1	6380	买盘
10:49:21	63.8	--	4	25520	买盘
10:49:09	63.8	--	10	63800	买盘
10:49:06	63.8	--	19	121220	买盘
10:48:54	63.8	--	31	197780	买盘
10:48:27	63.8	0.04	8	51040	买盘
10:48:18	63.76	--	1	6376	卖盘
10:48:12	63.76	-0.01	6	38256	卖盘
10:48:06	63.77	-0.02	1	6377	中性盘
10:47:48	63.79	--	1	6379	买盘
10:47:45	63.79	--	5	31895	买盘
10:47:42	63.79	--	1	6379	卖盘
10:47:18	63.79	--	1	6379	买盘
10:47:12	63.79	0.03	1	6379	买盘
10:47:09	63.76	-0.03	1	6376	卖盘
10:47:06	63.79	--	1	6379	买盘
10:46:45	63.79	-0.01	6	38274	卖盘
10:45:57	63.8	-0.01	1	6380	卖盘
10:45:24	63.81	-0.12	1	6381	卖盘
10:45:21	63.93	0.13	10	63930	买盘
10:45:12	63.8	--	1	6380	买盘
10:44:42	63.8	0.01	19	121220	买盘
10:44:39	63.79	--	2	12758	卖盘
10:44:15	63.79	-0.01	1	6379	卖盘
10:44:09	63.8	--	1	6380	卖盘
10:44:03	63.8	--	8	51040	买盘
10:44:00	63.8	--	2	12760	卖盘
10:43:30	63.8	--	1	6380	卖盘
10:43:24	63.8	--	2	12760	卖盘
10:43:21	63.8	--	3	19140	买盘
10:43:15	63.8	--	2	12760	买盘
10:43:03	63.8	-0.03	5	31900	卖盘
10:42:36	63.83	-0.02	15	95745	卖盘
10:42:27	63.85	0.01	1	6385	买盘
10:41:48	63.84	--	10	63840	买盘
10:41:30	63.84	--	2	12768	买盘
10:41:03	63.84	--	2	12768	买盘
10:40:51	63.84	0.02	20	127680	买盘
10:40:42	63.82	--	8	51056	买盘
10:40:30	63.82	-0.01	4	25528	卖盘
10:40:18	63.83	-0.01	11	71170	卖盘
10:40:12	63.84	0.01	1	6384	中性盘
10:39:48	63.83	-0.11	1	6383	卖盘
10:39:33	63.94	0.02	9	57546	买盘
10:38:39	63.92	0.09	2	12784	中性盘
10:38:12	63.83	--	1	6383	卖盘
10:38:00	63.83	-0.07	5	31915	卖盘
10:37:54	63.9	0.06	10	63900	买盘
10:37:51	63.84	-0.06	1	6384	卖盘
10:37:36	63.9	0.07	2	12780	买盘
10:36:51	63.83	--	11	70213	卖盘
10:36:06	63.83	--	2	18191	买盘
10:36:03	63.83	--	1	6383	买盘
10:35:51	63.83	-0.05	1	7340	卖盘
10:35:42	63.88	--	7	44716	卖盘
10:35:27	63.88	-0.01	1	6388	卖盘
10:35:24	63.89	--	3	19167	买盘
10:35:12	63.89	--	1	6389	卖盘
10:34:54	63.89	0.01	1	6389	买盘
10:34:51	63.88	--	9	57492	卖盘
10:34:48	63.88	0.05	1	6388	中性盘
10:34:15	63.83	-0.01	1	6383	卖盘
10:33:51	63.84	-0.04	0	5426	中性盘
10:32:54	63.88	0.09	1	6388	买盘
10:31:54	63.79	-0.1	1	6379	卖盘
10:31:39	63.89	-0.02	2	12778	卖盘
10:31:24	63.91	--	2	12782	卖盘
10:31:15	63.91	--	3	19173	卖盘
10:31:12	63.91	-0.02	30	191730	卖盘
10:31:00	63.93	-0.01	5	31965	卖盘
10:30:51	63.94	-0.03	2	12788	卖盘
10:30:42	63.97	-0.02	7	44779	中性盘
10:30:06	63.99	--	2	12798	卖盘
10:30:00	63.99	-0.01	9	57591	卖盘
10:29:54	64.0	0.01	1	6400	买盘
10:29:48	63.99	-0.01	6	38394	买盘
10:29:36	64.0	--	2	12800	卖盘
10:29:33	64.0	--	24	153600	卖盘
10:29:27	64.0	--	1	6400	卖盘
10:29:24	64.0	-0.01	38	243200	卖盘
10:29:21	64.01	0.01	23	147223	买盘
10:29:18	64.0	--	2	12800	卖盘
10:29:09	64.0	-0.01	4	25600	卖盘
10:29:03	64.01	0.01	6	38406	中性盘
10:28:57	64.0	--	3	19200	卖盘
10:28:54	64.0	--	1	6400	卖盘
10:28:48	64.0	--	1	6400	卖盘
10:28:39	64.0	--	2	12800	卖盘
10:28:30	64.0	0.07	18	115200	买盘
10:28:27	63.93	-0.02	1	6393	卖盘
10:28:21	63.95	--	1	6395	卖盘
10:28:00	63.95	-0.05	1	6395	卖盘
10:27:51	64.0	--	3	19200	卖盘
10:27:24	64.0	--	1	6400	卖盘
10:27:21	64.0	--	2	12800	卖盘
10:27:18	64.0	--	1	6400	卖盘
10:27:15	64.0	-0.01	2	12800	卖盘
10:27:12	64.01	0.01	2	12802	中性盘
10:27:09	64.0	--	3	19200	卖盘
10:27:03	64.0	-0.01	5	32000	卖盘
10:27:00	64.01	-0.02	2	12802	中性盘
10:26:57	64.03	--	29	185687	买盘
10:26:48	64.03	--	2	12806	买盘
10:26:42	64.03	--	1	6403	卖盘
10:26:36	64.03	--	4	25612	卖盘
10:26:30	64.03	-0.01	9	57627	卖盘
10:26:21	64.04	0.01	1	6404	中性盘
10:26:15	64.03	-0.02	8	51224	卖盘
10:26:09	64.05	0.01	12	76860	买盘
10:26:03	64.04	-0.01	1	6404	中性盘
10:25:57	64.05	--	37	236985	买盘
10:25:54	64.05	0.02	2	12810	买盘
10:25:51	64.03	--	3	19209	卖盘
10:25:39	64.03	0.02	3	19209	买盘
10:25:36	64.01	-0.04	17	108817	卖盘
10:25:33	64.05	0.04	31	198555	买盘
10:25:27	64.01	-0.04	3	19203	中性盘
10:25:15	64.05	--	1	6405	买盘
10:25:12	64.05	--	1	6405	买盘
10:25:09	64.05	0.05	8	51240	买盘
10:25:06	64.0	-0.05	10	64000	卖盘
10:25:03	64.05	--	24	153720	卖盘
10:24:57	64.05	--	3	19215	卖盘
10:24:54	64.05	--	3	19215	卖盘
10:24:51	64.05	0.05	7	44835	买盘
10:24:45	64.0	--	2	12800	卖盘
10:24:33	64.0	--	39	249600	买盘
10:24:27	64.0	--	33	211200	买盘
10:24:15	64.0	0.07	34	217600	买盘
10:24:06	63.93	0.02	5	31965	买盘
10:23:57	63.91	-0.01	20	127820	卖盘
10:23:54	63.92	0.01	3	19176	买盘
10:23:39	63.91	--	1	6391	卖盘
10:23:36	63.91	--	3	19173	卖盘
10:23:27	63.91	0.02	16	102256	买盘
10:23:21	63.89	--	2	12778	买盘
10:23:15	63.89	0.04	1	6389	买盘
10:23:12	63.85	--	2	12770	卖盘
10:23:09	63.85	--	20	127700	卖盘
10:22:51	63.85	--	15	95775	买盘
10:22:45	63.85	0.01	3	19155	买盘
10:22:39	63.84	-0.01	3	19152	卖盘
10:22:33	63.85	0.01	2	12770	买盘
10:22:27	63.84	--	42	273362	买盘
10:22:21	63.84	--	3	19152	买盘
10:22:12	63.84	--	1	6384	买盘
10:22:06	63.84	0.01	2	12768	买盘
10:21:51	63.83	0.01	18	114894	买盘
10:21:45	63.82	--	1	6382	卖盘
10:21:36	63.82	--	1	6382	卖盘
10:21:27	63.82	--	1	6382	卖盘
10:21:24	63.82	--	6	38292	卖盘
10:21:21	63.82	0.03	7	44674	买盘
10:21:03	63.79	-0.03	5	31895	卖盘
10:21:00	63.82	-0.01	4	25528	卖盘
10:20:57	63.83	--	2	12766	买盘
10:20:51	63.83	0.01	40	255320	买盘
10:20:48	63.82	-0.01	1	6382	中性盘
10:20:30	63.83	0.02	20	127660	买盘
10:20:18	63.81	-0.02	1	6381	中性盘
10:20:15	63.83	--	1	6383	买盘
10:20:09	63.83	--	2	12766	买盘
10:20:03	63.83	0.02	20	127660	买盘
10:19:57	63.81	-0.02	1	6381	卖盘
10:19:51	63.83	0.03	33	210639	买盘
10:19:33	63.8	0.01	6	39556	买盘
10:19:30	63.79	--	17	108443	买盘
10:19:21	63.79	--	10	63790	买盘
10:19:03	63.79	--	1	6379	中性盘
10:18:42	63.79	0.06	2	12758	买盘
10:18:30	63.73	-0.07	3	19119	卖盘
10:18:21	63.8	--	4	25520	买盘
10:18:03	63.8	--	4	25520	买盘
10:17:51	63.8	0.07	25	159500	买盘
10:17:45	63.73	-0.07	1	6373	卖盘
10:17:33	63.8	--	17	108460	买盘
10:17:15	63.8	--	1	6380	买盘
10:16:57	63.8	--	3	19140	中性盘
10:16:18	63.8	--	1	6380	买盘
10:16:03	63.8	--	30	191400	买盘
10:15:42	63.8	-0.01	10	63800	中性盘
10:14:51	63.81	0.18	3	19143	买盘
10:14:45	63.63	-0.08	13	82719	卖盘
10:14:36	63.71	-0.09	1	6371	中性盘
10:14:30	63.8	0.1	2	12760	买盘
10:14:24	63.7	-0.1	1	6370	卖盘
10:14:09	63.8	--	3	19140	买盘
10:14:00	63.8	--	5	31900	中性盘
10:13:51	63.8	--	1	6380	卖盘
10:13:45	63.8	--	9	57420	买盘
10:13:42	63.8	-0.03	3	19140	买盘
10:13:33	63.83	--	6	38298	卖盘
10:13:27	63.83	-0.01	5	31915	中性盘
10:13:12	63.84	--	2	12768	买盘
10:13:06	63.84	0.14	35	223440	买盘
10:12:39	63.7	--	1	6370	卖盘
10:12:27	63.7	0.09	5	31850	买盘
10:12:18	63.61	-0.09	1	6361	卖盘
10:12:09	63.7	0.07	40	254800	买盘
10:12:00	63.63	--	1	6363	买盘
10:11:57	63.63	-0.03	67	426321	卖盘
10:11:54	63.66	--	1	6366	买盘
10:11:36	63.66	-0.01	5	31830	中性盘
10:11:18	63.67	0.02	1	6367	买盘
10:11:09	63.65	-0.01	7	44555	卖盘
10:10:54	63.66	0.01	24	152784	买盘
10:10:48	63.65	--	1	6365	卖盘
10:10:45	63.65	-0.01	1	6365	卖盘
10:10:42	63.66	--	1	6366	买盘
10:10:39	63.66	--	4	25464	买盘
10:10:21	63.66	--	2	12732	卖盘
10:10:06	63.66	-0.01	2	12732	卖盘
10:10:03	63.67	0.01	2	12734	买盘
10:09:57	63.66	-0.01	6	38196	卖盘
10:09:30	63.67	--	12	76404	卖盘
10:09:27	63.67	-0.02	7	44569	卖盘
10:08:57	63.69	0.02	1	6369	买盘
10:08:51	63.67	-0.02	1	6367	卖盘
10:08:45	63.69	0.02	2	12738	买盘
10:08:42	63.67	-0.01	1	6367	卖盘
10:08:39	63.68	--	10	63680	卖盘
10:08:30	63.68	-0.01	2	12736	卖盘
10:08:21	63.69	--	3	19107	卖盘
10:08:03	63.69	--	1	6369	卖盘
10:08:00	63.69	--	2	12738	卖盘
10:07:45	63.69	-0.01	2	12738	卖盘
10:07:33	63.7	-0.1	1	6370	中性盘
10:07:00	63.8	0.12	1	6380	买盘
10:06:36	63.68	--	2	12736	买盘
10:06:30	63.68	0.01	1	6368	买盘
10:06:24	63.67	-0.01	6	38202	卖盘
10:05:51	63.68	--	1	6368	卖盘
10:05:48	63.68	--	20	127360	卖盘
10:05:30	63.68	--	3	19104	卖盘
10:05:24	63.68	-0.12	1	6368	卖盘
10:05:15	63.8	--	8	52188	卖盘
10:05:06	63.8	--	1	6380	卖盘
10:05:03	63.8	-0.01	1	6380	卖盘
10:04:57	63.81	-0.04	1	6381	卖盘
10:04:39	63.85	--	8	51080	买盘
10:04:30	63.85	--	1	6385	买盘
10:03:45	63.85	--	3	19155	买盘
10:03:27	63.85	--	2	12770	买盘
10:03:24	63.85	--	20	127700	买盘
10:03:21	63.85	--	2	12770	买盘
10:02:45	63.85	0.05	2	12770	买盘
10:02:36	63.8	--	4	30751	买盘
10:02:33	63.8	--	5	33048	卖盘
10:02:24	63.8	-0.01	10	63800	卖盘
10:02:15	63.81	0.01	1	6381	中性盘
10:01:51	63.8	-0.05	10	63800	卖盘
10:01:42	63.85	0.05	3	19155	买盘
10:01:27	63.8	--	1	6380	卖盘
10:01:18	63.8	--	2	12760	卖盘
10:01:09	63.8	--	6	43511	买盘
10:01:06	63.8	--	1	6380	买盘
10:00:57	63.8	--	11	70180	买盘
10:00:51	63.8	--	4	25520	卖盘
10:00:09	63.8	--	2	12760	买盘
10:00:00	63.8	0.14	1	6380	买盘
09:59:36	63.66	0.01	8	57166	买盘
09:59:33	63.65	-0.01	2	12730	卖盘
09:59:27	63.66	-0.01	1	6493	卖盘
09:59:21	63.67	--	9	63542	买盘
09:59:18	63.67	--	3	19101	买盘
09:59:09	63.67	--	7	44569	买盘
09:59:06	63.67	--	10	63670	买盘
09:58:39	63.67	--	3	19101	买盘
09:58:36	63.67	-0.04	17	108366	卖盘
09:58:30	63.71	--	2	12742	卖盘
09:58:18	63.71	-0.15	2	12742	卖盘
09:58:12	63.86	--	5	31930	卖盘
09:57:57	63.86	-0.02	11	70246	卖盘
09:57:45	63.88	--	1	6388	买盘
09:57:39	63.88	--	1	6388	卖盘
09:57:36	63.88	0.05	6	38328	卖盘
09:57:27	63.83	-0.01	2	12766	卖盘
09:57:09	63.84	-0.04	1	6384	卖盘
09:57:06	63.88	-0.03	3	19164	买盘
09:56:54	63.91	--	1	6391	卖盘
09:56:51	63.91	0.08	29	185339	买盘
09:56:36	63.83	-0.07	2	12766	卖盘
09:56:33	63.9	0.07	30	191700	买盘
09:56:21	63.83	--	1	6383	卖盘
09:56:18	63.83	0.02	6	38298	买盘
09:56:09	63.81	--	5	31905	卖盘
09:56:06	63.81	-0.02	1	6381	卖盘
09:56:00	63.83	0.02	1	6383	买盘
09:55:42	63.81	--	9	63682	买盘
09:55:33	63.81	--	4	25524	买盘
09:55:30	63.81	0.1	3	19143	买盘
09:55:24	63.71	-0.1	1	6371	卖盘
09:55:21	63.81	--	10	63810	买盘
09:55:03	63.81	-0.01	6	38286	中性盘
09:54:15	63.82	--	2	12764	买盘
09:54:12	63.82	--	11	70202	卖盘
09:53:57	63.82	--	2	12764	卖盘
09:53:42	63.82	-0.06	2	12764	中性盘
09:53:39	63.88	0.23	10	63880	买盘
09:53:36	63.65	-0.25	33	210045	卖盘
09:53:18	63.9	0.02	30	191700	买盘
09:53:12	63.88	0.08	2	12776	中性盘
09:52:36	63.8	-0.1	4	25520	卖盘
09:52:33	63.9	--	35	223650	买盘
09:52:21	63.9	0.09	14	89460	买盘
09:52:09	63.81	-0.09	3	19143	卖盘
09:52:03	63.9	0.05	10	63900	买盘
09:51:48	63.85	--	1	6385	买盘
09:51:45	63.85	-0.04	3	19155	卖盘
09:51:36	63.89	0.04	2	12778	买盘
09:51:33	63.85	--	10	63850	卖盘
09:51:21	63.85	--	1	6385	卖盘
09:51:15	63.85	0.05	12	76620	买盘
09:51:03	63.8	-0.02	5	31900	中性盘
09:50:36	63.82	--	8	51056	卖盘
09:50:33	63.82	0.16	16	102112	买盘
09:50:15	63.66	--	1	6366	卖盘
09:50:06	63.66	-0.14	9	57294	卖盘
09:50:03	63.8	0.14	5	31900	中性盘
09:49:39	63.66	-0.01	7	44562	卖盘
09:49:15	63.67	--	1	6367	买盘
09:49:12	63.67	--	6	38202	买盘
09:49:06	63.67	0.01	6	38202	买盘
09:49:00	63.66	--	7	44562	卖盘
09:48:57	63.66	-0.01	1	6366	卖盘
09:48:54	63.67	0.01	2	12734	买盘
09:48:51	63.66	--	44	280104	卖盘
09:48:30	63.66	-0.01	1	6366	卖盘
09:48:27	63.67	0.01	5	31835	中性盘
09:48:12	63.66	0.04	1	6366	卖盘
09:47:45	63.62	-0.01	2	12724	卖盘
09:47:42	63.63	--	1	6363	买盘
09:47:39	63.63	0.01	12	76356	买盘
09:47:33	63.62	--	2	12724	买盘
09:47:30	63.62	-0.05	7	44534	卖盘
09:47:27	63.67	0.04	4	25468	中性盘
09:47:21	63.63	-0.04	23	146349	卖盘
09:47:18	63.67	0.01	20	127340	中性盘
09:47:06	63.66	--	26	165516	卖盘
09:47:03	63.66	0.03	2	12732	中性盘
09:46:45	63.63	-0.02	16	101808	卖盘
09:46:42	63.65	-0.01	1	6365	卖盘
09:46:39	63.66	--	41	261006	买盘
09:46:24	63.66	-0.23	28	178248	卖盘
09:46:09	63.89	--	35	223615	买盘
09:45:45	63.89	-0.01	3	19167	买盘
09:45:27	63.9	--	4	25560	卖盘
09:45:24	63.9	--	1	6390	卖盘
09:45:21	63.9	0.2	5	31950	买盘
09:45:12	63.7	-0.21	2	12740	卖盘
09:44:51	63.91	0.21	12	76692	买盘
09:44:42	63.7	-0.21	1	6370	卖盘
09:44:39	63.91	-0.01	10	63910	买盘
09:44:33	63.92	-0.01	5	31960	中性盘
09:44:12	63.93	0.3	2	12786	中性盘
09:43:42	63.63	0.02	1	6363	中性盘
09:43:27	63.61	-0.37	15	95415	卖盘
09:43:00	63.98	0.35	1	6398	买盘
09:42:57	63.63	--	1	6363	卖盘
09:42:42	63.63	-0.37	1	6363	中性盘
09:42:30	64.0	0.42	83	531200	买盘
09:42:27	63.58	--	11	69938	卖盘
09:42:24	63.58	--	1	6358	卖盘
09:42:18	63.58	--	13	82654	卖盘
09:42:12	63.58	--	8	50864	卖盘
09:41:57	63.58	-0.05	1	6358	卖盘
09:41:48	63.63	--	2	12726	买盘
09:41:42	63.63	0.04	1	6363	买盘
09:41:39	63.59	0.01	1	6359	中性盘
09:41:24	63.58	--	3	19074	买盘
09:41:12	63.58	0.1	10	63580	买盘
09:40:45	63.48	0.01	7	44436	买盘
09:40:33	63.47	--	5	31735	卖盘
09:40:27	63.47	0.02	2	12694	买盘
09:40:12	63.45	0.05	12	76140	买盘
09:40:09	63.4	--	1	6340	买盘
09:40:06	63.4	--	1	6340	买盘
09:40:03	63.4	0.04	12	76080	买盘
09:40:00	63.36	-0.04	1	6336	卖盘
09:39:54	63.4	--	5	31700	买盘
09:39:51	63.4	--	2	12680	买盘
09:39:45	63.4	0.05	2	12680	买盘
09:39:42	63.35	-0.05	3	19005	卖盘
09:39:36	63.4	0.05	5	31700	买盘
09:39:30	63.35	0.03	2	12670	中性盘
09:39:24	63.32	-0.03	16	101312	卖盘
09:39:21	63.35	--	3	19005	买盘
09:39:12	63.35	--	24	152040	买盘
09:39:09	63.35	--	8	50680	买盘
09:39:03	63.35	--	2	12670	买盘
09:39:00	63.35	--	12	76020	买盘
09:38:57	63.35	--	1	6335	买盘
09:38:51	63.35	--	17	107695	买盘
09:38:45	63.35	--	3	19005	买盘
09:38:42	63.35	--	72	456120	买盘
09:38:30	63.35	--	39	247065	卖盘
09:38:12	63.35	-0.12	5	31675	卖盘
09:37:57	63.47	-0.01	1	6347	中性盘
09:37:51	63.48	0.08	11	69828	买盘
09:37:48	63.4	-0.08	1	6340	中性盘
09:37:18	63.48	0.13	1	6348	买盘
09:37:09	63.35	0.03	4	25340	中性盘
09:37:00	63.32	--	3	18996	卖盘
09:36:54	63.32	0.02	2	12664	中性盘
09:36:36	63.3	--	1	6330	卖盘
09:36:24	63.3	--	1	6330	卖盘
09:36:21	63.3	0.04	7	44310	买盘
09:36:18	63.26	0.01	1	6326	卖盘
09:36:12	63.25	--	1	6325	卖盘
09:36:09	63.25	0.03	6	37950	中性盘
09:35:57	63.22	-0.03	6	37932	卖盘
09:35:54	63.25	-0.05	4	25300	卖盘
09:35:48	63.3	0.02	22	139260	买盘
09:35:45	63.28	0.07	3	18984	卖盘
09:35:33	63.21	-0.09	4	25284	卖盘
09:35:30	63.3	0.01	2	12660	买盘
09:35:27	63.29	0.13	3	18987	买盘
09:35:21	63.16	-0.04	36	227376	卖盘
09:35:15	63.2	-0.1	12	75840	卖盘
09:35:12	63.3	--	8	55197	卖盘
09:35:09	63.3	--	20	126600	买盘
09:34:48	63.3	-0.21	10	63300	卖盘
09:34:45	63.51	0.11	2	12702	卖盘
09:34:42	63.4	-0.12	15	95100	卖盘
09:34:39	63.52	-0.13	4	25408	卖盘
09:34:36	63.65	--	1	6365	买盘
09:34:33	63.65	--	9	57285	买盘
09:34:30	63.65	0.12	5	31825	买盘
09:34:27	63.53	-0.12	4	25412	中性盘
09:34:21	63.65	--	5	31825	卖盘
09:34:15	63.65	--	2	12730	卖盘
09:34:06	63.65	-0.01	4	25460	卖盘
09:34:03	63.66	0.01	1	6366	中性盘
09:33:51	63.65	--	4	25460	卖盘
09:33:48	63.65	--	1	6365	卖盘
09:33:42	63.65	--	1	6365	卖盘
09:33:36	63.65	-0.08	4	25460	卖盘
09:33:21	63.73	-0.07	2	12746	中性盘
09:33:00	63.8	--	3	19140	买盘
09:32:54	63.8	0.14	1	6380	中性盘
09:32:51	63.66	-0.14	23	146418	卖盘
09:32:42	63.8	-0.01	2	12760	卖盘
09:32:36	63.81	-0.04	10	63810	卖盘
09:32:33	63.85	-0.03	1	6385	卖盘
09:32:30	63.88	0.07	5	31940	中性盘
09:32:18	63.81	-0.01	10	63810	卖盘
09:32:06	63.82	-0.06	19	121258	买盘
09:32:00	63.88	--	1	6388	卖盘
09:31:57	63.88	0.07	2	12776	买盘
09:31:45	63.81	--	4	25524	买盘
09:31:30	63.81	0.01	1	6381	买盘
09:31:24	63.8	--	10	63800	买盘
09:31:12	63.8	0.08	1	6380	买盘
09:31:06	63.72	--	10	63720	卖盘
09:30:36	63.72	-0.38	4	25488	中性盘
09:30:09	64.1	0.38	91	583310	买盘
09:30:06	63.72	--	7	44604	卖盘
09:30:03	63.72	--	0	0	卖盘
09:25:03	63.72	63.72	5	31860	买盘
