成交时间	成交价	价格变动	成交量(手)	成交额(元)	性质
15:00:03	7.97	--	13919	11093443	买盘
14:57:00	7.97	--	156	124332	买盘
14:56:57	7.97	0.02	336	267792	买盘
14:56:54	7.95	0.01	324	257580	中性盘
14:56:51	7.94	-0.02	1706	1354564	卖盘
14:56:48	7.96	-0.01	223	177508	中性盘
14:56:45	7.97	0.02	800	637600	买盘
14:56:42	7.95	-0.01	171	135945	中性盘
14:56:39	7.96	0.01	597	475212	买盘
14:56:36	7.95	0.01	427	339465	买盘
14:56:33	7.94	--	272	215968	卖盘
14:56:30	7.94	-0.01	526	417644	中性盘
14:56:27	7.95	0.03	1083	860985	买盘
14:56:24	7.92	-0.02	5	3960	买盘
14:56:21	7.94	--	563	447022	买盘
14:56:18	7.94	0.01	2095	1663430	买盘
14:56:15	7.93	0.02	710	563030	买盘
14:56:12	7.91	-0.01	5	3955	卖盘
14:56:09	7.92	-0.01	59	47092	卖盘
14:56:06	7.93	--	280	222040	买盘
14:56:03	7.93	0.01	249	197457	买盘
14:56:00	7.92	--	172	136224	卖盘
14:55:57	7.92	--	26	20592	卖盘
14:55:54	7.92	-0.01	77	61411	卖盘
14:55:51	7.93	0.01	86	68198	买盘
14:55:48	7.92	--	50	39600	卖盘
14:55:45	7.92	-0.01	20	15840	卖盘
14:55:42	7.93	--	10	7930	买盘
14:55:39	7.93	--	346	274378	买盘
14:55:33	7.93	-0.01	777	616161	卖盘
14:55:30	7.94	0.01	40	31760	买盘
14:55:27	7.93	--	89	70577	卖盘
14:55:24	7.93	--	29	22997	卖盘
14:55:21	7.93	-0.01	46	36478	卖盘
14:55:18	7.94	0.01	176	139744	买盘
14:55:15	7.93	--	76	60268	卖盘
14:55:12	7.93	-0.01	20	15860	卖盘
14:55:09	7.94	0.01	412	327128	买盘
14:55:06	7.93	-0.01	64	50752	卖盘
14:55:03	7.94	--	54	43574	卖盘
14:55:00	7.94	-0.01	283	224702	卖盘
14:54:57	7.95	0.01	25	19875	买盘
14:54:54	7.94	--	59	46941	买盘
14:54:51	7.94	--	85	67490	买盘
14:54:48	7.94	0.01	220	174680	买盘
14:54:45	7.93	-0.01	175	138775	卖盘
14:54:42	7.94	0.01	201	159594	买盘
14:54:39	7.93	-0.01	159	126087	卖盘
14:54:36	7.94	--	164	130216	买盘
14:54:33	7.94	--	49	38906	买盘
14:54:30	7.94	0.01	80	63520	买盘
14:54:27	7.93	-0.01	53	42029	卖盘
14:54:24	7.94	0.01	9	7146	买盘
14:54:21	7.93	--	5	3965	卖盘
14:54:18	7.93	-0.01	9	7137	买盘
14:54:15	7.94	0.01	659	523246	买盘
14:54:12	7.93	-0.01	26	20618	买盘
14:54:09	7.94	0.01	194	154036	买盘
14:54:06	7.93	--	152	120536	卖盘
14:54:03	7.93	-0.01	82	65026	卖盘
14:54:00	7.94	0.01	20	15880	买盘
14:53:57	7.93	--	248	196664	卖盘
14:53:54	7.93	-0.01	15	11895	卖盘
14:53:51	7.94	0.01	58	46052	买盘
14:53:48	7.93	--	634	502762	买盘
14:53:45	7.93	--	164	130052	买盘
14:53:42	7.93	--	5	3965	买盘
14:53:39	7.93	--	59	46787	买盘
14:53:36	7.93	-0.05	180	142740	卖盘
14:53:33	7.98	0.05	8561	6831678	买盘
14:53:30	7.93	-0.01	41	32513	卖盘
14:53:27	7.94	0.01	200	158800	买盘
14:53:24	7.93	-0.01	53	42029	卖盘
14:53:21	7.94	--	131	104014	买盘
14:53:18	7.94	--	10	7940	买盘
14:53:15	7.94	--	175	138950	买盘
14:53:12	7.94	--	251	199294	买盘
14:53:09	7.94	--	10	7940	买盘
14:53:06	7.94	--	554	439876	买盘
14:53:03	7.94	--	396	314821	卖盘
14:53:00	7.94	-0.01	61	48434	卖盘
14:52:57	7.95	0.01	128	101760	买盘
14:52:54	7.94	--	335	265990	卖盘
14:52:51	7.94	--	255	202470	卖盘
14:52:48	7.94	-0.01	29	23026	卖盘
14:52:45	7.95	0.01	80	63600	买盘
14:52:42	7.94	-0.01	62	49228	卖盘
14:52:39	7.95	0.01	35	27825	买盘
14:52:36	7.94	--	60	48037	卖盘
14:52:33	7.94	--	221	175474	卖盘
14:52:30	7.94	--	226	179444	买盘
14:52:27	7.94	--	164	130216	买盘
14:52:24	7.94	--	69	54786	买盘
14:52:21	7.94	--	82	65108	买盘
14:52:18	7.94	0.01	255	202470	买盘
14:52:15	7.93	--	64	50752	卖盘
14:52:12	7.93	--	1115	884195	卖盘
14:52:09	7.93	--	102	80886	卖盘
14:52:06	7.93	--	51	40443	卖盘
14:52:03	7.93	--	17	13481	买盘
14:52:00	7.93	--	29	22997	买盘
14:51:57	7.93	-0.01	2749	2180535	卖盘
14:51:54	7.94	0.01	171	135774	买盘
14:51:51	7.93	--	52	41236	卖盘
14:51:48	7.93	-0.01	7	5551	卖盘
14:51:45	7.94	--	365	289810	买盘
14:51:42	7.94	--	229	181826	买盘
14:51:39	7.94	--	20	15880	买盘
14:51:36	7.94	--	106	84164	买盘
14:51:33	7.94	--	120	95280	买盘
14:51:30	7.94	-0.01	1357	1077458	卖盘
14:51:27	7.95	--	314	249630	买盘
14:51:24	7.95	0.01	25	19875	买盘
14:51:21	7.94	--	453	359682	卖盘
14:51:18	7.94	--	115	91310	卖盘
14:51:15	7.94	--	1573	1248962	卖盘
14:51:12	7.94	--	207	164358	卖盘
14:51:09	7.94	--	49	38906	卖盘
14:51:06	7.94	--	89	70666	买盘
14:51:03	7.94	--	250	199008	买盘
14:51:00	7.94	0.01	18	14292	买盘
14:50:57	7.93	-0.01	374	296582	卖盘
14:50:54	7.94	--	366	290604	买盘
14:50:51	7.94	0.01	10	7940	买盘
14:50:48	7.93	-0.01	73	57889	卖盘
14:50:45	7.94	0.01	31	24614	买盘
14:50:42	7.93	--	1718	1362873	买盘
14:50:39	7.93	--	339	268827	买盘
14:50:36	7.93	0.01	127	100711	买盘
14:50:33	7.92	--	11	8712	卖盘
14:50:30	7.92	--	30	23760	卖盘
14:50:27	7.92	0.01	184	145728	买盘
14:50:24	7.91	--	2	1582	卖盘
14:50:18	7.91	--	59	46669	买盘
14:50:12	7.91	0.01	30	23730	买盘
14:50:09	7.9	--	134	105860	买盘
14:50:06	7.9	--	143	112970	买盘
14:50:03	7.9	0.01	240	189600	买盘
14:50:00	7.89	-0.01	85	67065	卖盘
14:49:57	7.9	--	61	48190	买盘
14:49:54	7.9	--	144	113760	卖盘
14:49:51	7.9	--	32	25280	卖盘
14:49:48	7.9	-0.03	19	15010	买盘
14:49:45	7.93	0.04	4114	3262402	买盘
14:49:42	7.89	-0.01	94	74166	卖盘
14:49:39	7.9	--	26	20540	买盘
14:49:36	7.9	0.01	185	146150	买盘
14:49:33	7.89	-0.01	26	20514	卖盘
14:49:30	7.9	--	5	3950	买盘
14:49:27	7.9	0.01	167	131930	买盘
14:49:24	7.89	--	80	63120	卖盘
14:49:18	7.89	--	60	47340	卖盘
14:49:12	7.89	-0.01	20	15906	卖盘
14:49:09	7.9	--	62	48980	卖盘
14:49:06	7.9	--	215	169850	卖盘
14:49:03	7.9	--	1354	1070323	买盘
14:48:57	7.9	0.01	1012	799480	买盘
14:48:54	7.89	-0.01	277	218553	卖盘
14:48:51	7.9	0.01	142	112180	买盘
14:48:48	7.89	--	49	38661	卖盘
14:48:45	7.89	-0.01	55	43395	卖盘
14:48:42	7.9	0.01	5	3950	买盘
14:48:36	7.89	-0.01	97	76533	卖盘
14:48:33	7.9	0.01	9	7110	买盘
14:48:30	7.89	--	6	4734	卖盘
14:48:27	7.89	-0.01	1010	796890	卖盘
14:48:24	7.9	--	8	6320	买盘
14:48:21	7.9	--	110	86900	买盘
14:48:15	7.9	--	5	3950	买盘
14:48:12	7.9	-0.01	211	167250	卖盘
14:48:09	7.91	--	98	77518	买盘
14:48:06	7.91	0.01	13	10283	买盘
14:48:03	7.9	--	54	42660	卖盘
14:48:00	7.9	-0.01	195	154050	卖盘
14:47:57	7.91	0.01	223	176393	买盘
14:47:54	7.9	--	93	73470	卖盘
14:47:51	7.9	--	372	293880	卖盘
14:47:48	7.9	--	45	35550	卖盘
14:47:45	7.9	0.02	4297	3394859	买盘
14:47:42	7.88	--	247	194636	卖盘
14:47:39	7.88	--	122	96136	卖盘
14:47:36	7.88	--	75	59100	卖盘
14:47:33	7.88	--	41	32308	卖盘
14:47:30	7.88	--	71	55948	卖盘
14:47:27	7.88	--	82	64616	卖盘
14:47:24	7.88	-0.01	2	1576	卖盘
14:47:21	7.89	--	49	38661	买盘
14:47:18	7.89	0.01	11	8679	买盘
14:47:15	7.88	-0.01	2	1576	卖盘
14:47:12	7.89	--	10	7890	买盘
14:47:09	7.89	--	28	22092	买盘
14:47:03	7.89	-0.01	112	88368	中性盘
14:46:57	7.9	--	328	259120	买盘
14:46:54	7.9	0.01	100	79000	买盘
14:46:51	7.89	-0.01	61	48129	卖盘
14:46:48	7.9	0.01	1	790	买盘
14:46:42	7.89	--	17	13413	卖盘
14:46:39	7.89	-0.01	129	101781	卖盘
14:46:36	7.9	--	37	29230	买盘
14:46:33	7.9	--	210	165900	买盘
14:46:30	7.9	--	63	49770	买盘
14:46:27	7.9	--	47	37130	买盘
14:46:24	7.9	--	302	238580	买盘
14:46:21	7.9	--	117	92430	买盘
14:46:18	7.9	--	279	220410	买盘
14:46:15	7.9	--	298	235980	卖盘
14:46:12	7.9	--	15	11850	卖盘
14:46:09	7.9	--	45	35550	卖盘
14:46:06	7.9	--	3	2370	卖盘
14:46:03	7.9	--	70	55529	买盘
14:46:00	7.9	--	53	41870	买盘
14:45:57	7.9	--	91	71890	买盘
14:45:54	7.9	--	33	26070	买盘
14:45:51	7.9	--	85	67150	买盘
14:45:48	7.9	--	32	25280	买盘
14:45:45	7.9	-0.01	237	187790	卖盘
14:45:42	7.91	--	66	52206	买盘
14:45:39	7.91	0.01	33	26103	买盘
14:45:36	7.9	-0.01	116	91640	卖盘
14:45:33	7.91	--	47	37177	买盘
14:45:30	7.91	--	229	181139	买盘
14:45:27	7.91	0.01	62	49042	买盘
14:45:24	7.9	--	290	229100	卖盘
14:45:21	7.9	--	278	219620	卖盘
14:45:18	7.9	--	5	3950	卖盘
14:45:15	7.9	0.01	559	441839	买盘
14:45:12	7.89	-0.01	67	52863	卖盘
14:45:09	7.9	0.01	4066	3212140	买盘
14:45:06	7.89	-0.01	85	67065	卖盘
14:45:03	7.9	--	89	70310	买盘
14:45:00	7.9	--	83	65570	买盘
14:44:57	7.9	--	28	22120	买盘
14:44:54	7.9	0.01	171	135090	买盘
14:44:51	7.89	--	34	26826	卖盘
14:44:45	7.89	--	15	11835	卖盘
14:44:42	7.89	0.02	605	477345	买盘
14:44:39	7.87	-0.01	120	94440	卖盘
14:44:36	7.88	--	18	14184	买盘
14:44:33	7.88	0.01	20	15760	买盘
14:44:30	7.87	-0.01	129	101523	卖盘
14:44:27	7.88	--	13	10244	卖盘
14:44:24	7.88	--	32	25216	卖盘
14:44:21	7.88	--	71	55948	卖盘
14:44:18	7.88	--	72	56736	卖盘
14:44:15	7.88	--	17	13396	卖盘
14:44:09	7.88	0.01	21	16548	中性盘
14:44:06	7.87	--	1078	848629	卖盘
14:44:03	7.87	--	157	123559	卖盘
14:43:57	7.87	--	50	39350	卖盘
14:43:54	7.87	--	20	15740	卖盘
14:43:51	7.87	--	5	3935	卖盘
14:43:48	7.87	--	304	239248	卖盘
14:43:45	7.87	0.01	106	83422	买盘
14:43:42	7.86	-0.01	100	78600	卖盘
14:43:39	7.87	0.01	100	78700	买盘
14:43:36	7.86	--	21	16506	卖盘
14:43:33	7.86	--	65	51090	卖盘
14:43:30	7.86	--	54	42444	卖盘
14:43:27	7.86	--	109	85674	卖盘
14:43:24	7.86	-0.01	4	3144	卖盘
14:43:21	7.87	0.01	9056	7127072	买盘
14:43:18	7.86	--	10	7860	卖盘
14:43:15	7.86	-0.01	10	7860	卖盘
14:43:12	7.87	--	209	164483	买盘
14:43:09	7.87	0.01	18	14166	买盘
14:43:03	7.86	--	130	102180	卖盘
14:43:00	7.86	-0.01	16	12576	卖盘
14:42:51	7.87	0.01	54	42498	买盘
14:42:48	7.86	--	74	58164	卖盘
14:42:45	7.86	-0.01	17	13362	卖盘
14:42:42	7.87	--	2	1574	买盘
14:42:36	7.87	-0.01	99	77913	卖盘
14:42:33	7.88	0.01	49	38612	买盘
14:42:30	7.87	--	24	18888	卖盘
14:42:27	7.87	--	143	112541	卖盘
14:42:24	7.87	--	25	19675	卖盘
14:42:21	7.87	--	44	34628	卖盘
14:42:18	7.87	--	41	32267	卖盘
14:42:15	7.87	--	5	3935	卖盘
14:42:12	7.87	--	5	3935	卖盘
14:42:09	7.87	-0.01	10	7870	卖盘
14:42:06	7.88	0.01	66	52008	买盘
14:42:03	7.87	-0.01	1008	793296	卖盘
14:42:00	7.88	0.01	61	48068	买盘
14:41:57	7.87	-0.01	107	84209	卖盘
14:41:54	7.88	0.01	17	13396	买盘
14:41:51	7.87	--	27	21249	卖盘
14:41:48	7.87	-0.01	69	54303	卖盘
14:41:45	7.88	0.01	97	76436	买盘
14:41:42	7.87	--	31	24397	卖盘
14:41:39	7.87	--	10	7870	卖盘
14:41:36	7.87	0.01	199	156613	买盘
14:41:30	7.86	--	122	95892	卖盘
14:41:27	7.86	--	29	22794	卖盘
14:41:24	7.86	-0.01	21	16506	卖盘
14:41:21	7.87	0.01	33	25971	买盘
14:41:18	7.86	--	110	86460	卖盘
14:41:15	7.86	-0.01	10	7860	卖盘
14:41:12	7.87	--	5	3935	买盘
14:41:06	7.87	--	107	84209	买盘
14:41:03	7.87	--	10	7870	买盘
14:40:57	7.87	0.01	37	29119	买盘
14:40:54	7.86	-0.01	26	20436	卖盘
14:40:51	7.87	--	58	45646	买盘
14:40:48	7.87	--	102	80274	买盘
14:40:45	7.87	--	56	44072	买盘
14:40:42	7.87	0.01	106	83422	买盘
14:40:39	7.86	-0.01	108	84888	卖盘
14:40:36	7.87	0.01	2027	1595249	买盘
14:40:33	7.86	--	36	28296	卖盘
14:40:30	7.86	--	20	15720	卖盘
14:40:27	7.86	--	80	62880	卖盘
14:40:24	7.86	--	16	12576	卖盘
14:40:18	7.86	--	35	27510	卖盘
14:40:15	7.86	-0.01	1	786	卖盘
14:40:12	7.87	--	13	10231	买盘
14:40:09	7.87	--	41	32267	买盘
14:40:06	7.87	--	129	101523	买盘
14:40:03	7.87	--	52	40924	买盘
14:40:00	7.87	--	35	27545	买盘
14:39:54	7.87	--	12	9444	买盘
14:39:51	7.87	0.01	41	32267	中性盘
14:39:48	7.86	--	67	52662	卖盘
14:39:45	7.86	-0.01	28	22008	卖盘
14:39:42	7.87	--	24	18888	买盘
14:39:39	7.87	--	58	45646	买盘
14:39:33	7.87	--	61	48007	买盘
14:39:30	7.87	--	7	5509	买盘
14:39:27	7.87	--	68	53516	卖盘
14:39:24	7.87	--	5	3935	买盘
14:39:21	7.87	--	30	23610	卖盘
14:39:18	7.87	--	33	25971	卖盘
14:39:15	7.87	--	5	3935	中性盘
14:39:12	7.87	-0.01	39	30693	卖盘
14:39:09	7.88	--	23	18124	买盘
14:39:06	7.88	--	556	438128	买盘
14:39:03	7.88	--	20	15760	买盘
14:39:00	7.88	--	130	102440	买盘
14:38:54	7.88	0.01	20	15760	买盘
14:38:51	7.87	0.01	10	7870	买盘
14:38:48	7.86	--	113	88818	卖盘
14:38:42	7.86	-0.02	21	16506	中性盘
14:38:36	7.88	0.03	510	401880	买盘
14:38:33	7.85	-0.03	59	46315	卖盘
14:38:30	7.88	0.03	5052	3980976	买盘
14:38:27	7.85	-0.01	39	30615	卖盘
14:38:24	7.86	0.01	50	39300	买盘
14:38:21	7.85	-0.01	3	2355	卖盘
14:38:18	7.86	0.01	88	69168	买盘
14:38:15	7.85	--	3	2355	卖盘
14:38:12	7.85	--	1	785	卖盘
14:38:09	7.85	--	7	5495	卖盘
14:38:03	7.85	-0.01	4	3140	卖盘
14:38:00	7.86	0.01	5	3930	买盘
14:37:57	7.85	--	30	23550	卖盘
14:37:54	7.85	--	48	37680	买盘
14:37:48	7.85	--	5	3925	买盘
14:37:45	7.85	--	86	67510	买盘
14:37:42	7.85	--	13	10205	买盘
14:37:39	7.85	--	34	26690	中性盘
14:37:27	7.85	--	78	61230	卖盘
14:37:24	7.85	-0.01	10	7850	卖盘
14:37:21	7.86	--	506	397716	买盘
14:37:18	7.86	--	2	1572	买盘
14:37:15	7.86	0.01	208	163488	买盘
14:37:12	7.85	-0.01	25	19625	卖盘
14:36:54	7.86	0.01	38	29868	买盘
14:36:48	7.85	--	24	18840	卖盘
14:36:45	7.85	-0.01	51	40035	卖盘
14:36:42	7.86	--	30	23580	买盘
14:36:39	7.86	--	18	14148	买盘
14:36:36	7.86	--	30	23580	买盘
14:36:33	7.86	--	32	25152	买盘
14:36:30	7.86	0.01	10	7860	买盘
14:36:27	7.85	--	178	139730	卖盘
14:36:24	7.85	--	127	99695	卖盘
14:36:21	7.85	-0.01	96	75360	卖盘
14:36:15	7.86	--	1108	870888	买盘
14:36:06	7.86	0.01	140	110040	买盘
14:36:03	7.85	-0.01	16	12560	卖盘
14:36:00	7.86	--	625	491250	买盘
14:35:57	7.86	--	8	6288	买盘
14:35:54	7.86	--	632	496752	买盘
14:35:51	7.86	--	7	5502	买盘
14:35:48	7.86	--	1	786	买盘
14:35:45	7.86	--	12	9432	买盘
14:35:42	7.86	0.01	92	72312	买盘
14:35:39	7.85	--	43	33755	卖盘
14:35:36	7.85	--	22	17270	卖盘
14:35:30	7.85	-0.01	5	3925	卖盘
14:35:27	7.86	0.01	106	83316	买盘
14:35:24	7.85	--	329	258265	卖盘
14:35:18	7.85	--	100	78500	卖盘
14:35:15	7.85	--	5	3925	卖盘
14:35:12	7.85	--	20	15700	卖盘
14:35:09	7.85	--	10	7850	卖盘
14:35:06	7.85	--	51	40451	买盘
14:35:03	7.85	--	5	3925	买盘
14:35:00	7.85	--	2	1570	买盘
14:34:57	7.85	--	34	26690	买盘
14:34:54	7.85	--	46	36110	买盘
14:34:51	7.85	--	60	47100	买盘
14:34:48	7.85	0.01	220	172700	买盘
14:34:45	7.84	--	92	72128	买盘
14:34:42	7.84	-0.01	2	1568	买盘
14:34:33	7.85	--	17	13345	买盘
14:34:30	7.85	0.02	8060	6327100	买盘
14:34:27	7.83	-0.01	75	58725	卖盘
14:34:24	7.84	--	6	4704	买盘
14:34:21	7.84	--	10	7840	买盘
14:34:18	7.84	0.01	25	19600	买盘
14:34:15	7.83	-0.01	10	7830	卖盘
14:34:12	7.84	--	30	23520	买盘
14:34:09	7.84	--	345	270480	买盘
14:34:00	7.84	--	7	5488	买盘
14:33:57	7.84	--	500	392000	买盘
14:33:51	7.84	--	2	1568	买盘
14:33:48	7.84	0.01	111	87024	买盘
14:33:45	7.83	--	53	41499	卖盘
14:33:42	7.83	-0.01	4	3132	卖盘
14:33:39	7.84	0.01	3	2352	买盘
14:33:36	7.83	--	4	3132	卖盘
14:33:33	7.83	--	72	56376	卖盘
14:33:27	7.83	--	49	38367	卖盘
14:33:15	7.83	--	20	15660	卖盘
14:33:12	7.83	--	2	1566	卖盘
14:33:06	7.83	--	10	7830	卖盘
14:33:03	7.83	--	9	7047	卖盘
14:33:00	7.83	--	56	43848	卖盘
14:32:57	7.83	--	33	26230	卖盘
14:32:54	7.83	--	105	82215	卖盘
14:32:51	7.83	--	2	1566	卖盘
14:32:48	7.83	--	20	15660	卖盘
14:32:45	7.83	--	26	20358	卖盘
14:32:42	7.83	--	40	31320	卖盘
14:32:39	7.83	--	2	1566	卖盘
14:32:36	7.83	--	1	783	卖盘
14:32:33	7.83	--	28	21924	卖盘
14:32:30	7.83	0.01	898	703134	买盘
14:32:27	7.82	-0.01	96	75072	卖盘
14:32:24	7.83	--	37	28971	买盘
14:32:21	7.83	--	17	13311	买盘
14:32:18	7.83	0.01	4	3132	买盘
14:32:15	7.82	-0.01	10	7820	卖盘
14:32:12	7.83	--	20	15660	买盘
14:32:09	7.83	0.01	22	17226	买盘
14:32:06	7.82	--	50	39100	卖盘
14:32:03	7.82	-0.01	4	3128	卖盘
14:32:00	7.83	--	14	10962	买盘
14:31:57	7.83	--	17	13311	买盘
14:31:54	7.83	0.01	9	7047	买盘
14:31:51	7.82	-0.01	6	4692	卖盘
14:31:48	7.83	0.01	4	3132	买盘
14:31:39	7.82	--	123	96186	卖盘
14:31:36	7.82	--	240	187680	卖盘
14:31:30	7.82	--	74	57868	卖盘
14:31:27	7.82	-0.01	37	28934	卖盘
14:31:24	7.83	0.01	25	19575	买盘
14:31:21	7.82	--	10	7820	卖盘
14:31:18	7.82	--	50	39100	卖盘
14:31:15	7.82	--	263	205666	卖盘
14:31:12	7.82	--	5	3910	卖盘
14:31:09	7.82	--	10	7820	卖盘
14:31:03	7.82	--	1	782	卖盘
14:31:00	7.82	--	10	7820	卖盘
14:30:57	7.82	--	53	41446	卖盘
14:30:54	7.82	--	36	28152	卖盘
14:30:48	7.82	--	10	7820	卖盘
14:30:45	7.82	-0.01	270	211140	卖盘
14:30:33	7.83	0.01	83	64989	买盘
14:30:30	7.82	--	1	782	卖盘
14:30:27	7.82	-0.01	89	69598	卖盘
14:30:24	7.83	0.01	10	7830	买盘
14:30:21	7.82	--	3	2346	卖盘
14:30:18	7.82	-0.01	18	14076	卖盘
14:30:12	7.83	0.01	14	10962	买盘
14:30:09	7.82	-0.01	5	3910	卖盘
14:30:06	7.83	--	1	783	买盘
14:29:54	7.83	0.01	50	39150	买盘
14:29:51	7.82	-0.01	3	2346	卖盘
14:29:39	7.83	--	2	1566	买盘
14:29:36	7.83	--	18	14094	买盘
14:29:30	7.83	--	12	9396	买盘
14:29:27	7.83	--	171	133893	卖盘
14:29:24	7.83	--	13	10179	卖盘
14:29:21	7.83	--	5	3915	卖盘
14:29:15	7.83	--	115	90045	卖盘
14:29:12	7.83	--	233	182439	卖盘
14:29:09	7.83	-0.01	60	46980	卖盘
14:29:06	7.84	0.01	67	52528	买盘
14:29:03	7.83	--	120	93960	卖盘
14:28:57	7.83	-0.01	54	42282	卖盘
14:28:54	7.84	0.01	40	31360	买盘
14:28:42	7.83	--	35	27405	卖盘
14:28:39	7.83	--	5	3915	卖盘
14:28:33	7.83	--	713	558279	卖盘
14:28:27	7.83	--	47	36801	卖盘
14:28:24	7.83	--	100	78300	卖盘
14:28:21	7.83	-0.01	24	18792	卖盘
14:28:18	7.84	--	1	784	买盘
14:28:12	7.84	0.01	144	112896	买盘
14:28:03	7.83	--	6	4698	卖盘
14:28:00	7.83	-0.01	1010	790830	卖盘
14:27:51	7.84	--	1076	844219	买盘
14:27:48	7.84	--	3	2352	买盘
14:27:45	7.84	--	43	33712	买盘
14:27:42	7.84	--	2	1568	买盘
14:27:39	7.84	--	37	29008	买盘
14:27:33	7.84	0.01	10	7840	买盘
14:27:30	7.83	-0.01	220	172260	卖盘
14:27:27	7.84	--	71	55664	买盘
14:27:21	7.84	0.01	39	30576	买盘
14:27:18	7.83	-0.01	20	15660	卖盘
14:27:15	7.84	--	111	87024	买盘
14:27:06	7.84	0.01	55	43120	买盘
14:27:03	7.83	--	5	3915	卖盘
14:26:51	7.83	-0.01	1	783	卖盘
14:26:42	7.84	0.01	10	7840	买盘
14:26:39	7.83	--	3	2349	卖盘
14:26:36	7.83	-0.01	100	78300	卖盘
14:26:33	7.84	--	29	22736	买盘
14:26:30	7.84	0.01	284	222656	买盘
14:26:27	7.83	-0.01	55	43065	卖盘
14:26:21	7.84	--	150	117600	买盘
14:26:18	7.84	--	6	4704	买盘
14:26:06	7.84	--	69	54096	买盘
14:26:00	7.84	0.01	525	411600	买盘
14:25:57	7.83	--	5	3915	卖盘
14:25:54	7.83	--	8	6264	卖盘
14:25:45	7.83	--	25	19575	卖盘
14:25:42	7.83	--	158	123714	卖盘
14:25:33	7.83	-0.01	10	7830	卖盘
14:25:30	7.84	--	46	36064	买盘
14:25:27	7.84	--	104	81536	买盘
14:25:21	7.84	--	2	1568	买盘
14:25:12	7.84	--	24	18816	买盘
14:25:09	7.84	0.01	10	7840	买盘
14:25:06	7.83	-0.01	2	1566	卖盘
14:25:03	7.84	--	25	19600	买盘
14:25:00	7.84	--	112	87808	买盘
14:24:54	7.84	--	9	7056	买盘
14:24:48	7.84	0.01	74	58016	买盘
14:24:45	7.83	-0.01	10	7830	卖盘
14:24:39	7.84	--	10	7840	买盘
14:24:36	7.84	--	92	72128	买盘
14:24:33	7.84	--	11	8624	买盘
14:24:30	7.84	--	14	10976	买盘
14:24:27	7.84	--	75	58800	买盘
14:24:24	7.84	--	19	14896	卖盘
14:24:21	7.84	--	40	31360	卖盘
14:24:18	7.84	--	50	39200	卖盘
14:24:15	7.84	--	40	31360	卖盘
14:24:12	7.84	--	15	11760	买盘
14:24:06	7.84	--	185	145040	卖盘
14:24:03	7.84	--	36	28224	卖盘
14:24:00	7.84	--	6	4704	卖盘
14:23:57	7.84	--	256	200704	买盘
14:23:51	7.84	--	2	1568	买盘
14:23:48	7.84	--	23	18032	卖盘
14:23:45	7.84	--	87	68208	买盘
14:23:39	7.84	--	67	52528	买盘
14:23:33	7.84	0.01	80	62720	买盘
14:23:30	7.83	--	1022	800226	卖盘
14:23:27	7.83	-0.01	52	40716	卖盘
14:23:24	7.84	--	50	39200	买盘
14:23:21	7.84	--	50	39200	买盘
14:23:18	7.84	0.01	100	78400	买盘
14:23:15	7.83	-0.01	5	3915	卖盘
14:23:12	7.84	--	94	73696	买盘
14:23:09	7.84	0.01	3	2352	买盘
14:23:03	7.83	--	3	2349	卖盘
14:22:57	7.83	--	64	50112	买盘
14:22:54	7.83	--	100	78300	买盘
14:22:51	7.83	--	210	164430	买盘
14:22:48	7.83	--	385	301455	买盘
14:22:45	7.83	--	372	291276	买盘
14:22:42	7.83	--	300	234900	买盘
14:22:36	7.83	0.01	25	19575	买盘
14:22:33	7.82	-0.01	22	17204	卖盘
14:22:30	7.83	--	30	23490	买盘
14:22:27	7.83	0.01	214	167562	买盘
14:22:24	7.82	-0.01	13	10166	卖盘
14:22:21	7.83	--	31	24273	买盘
14:22:15	7.83	--	135	105705	买盘
14:22:12	7.83	0.01	4	3132	买盘
14:22:09	7.82	-0.01	26	20332	卖盘
14:22:06	7.83	--	33	25839	买盘
14:22:03	7.83	0.01	598	468234	买盘
14:22:00	7.82	-0.01	8	6256	卖盘
14:21:57	7.83	--	364	285012	买盘
14:21:54	7.83	--	208	162864	买盘
14:21:48	7.83	--	52	40716	买盘
14:21:45	7.83	--	34	26622	买盘
14:21:42	7.83	--	126	98658	买盘
14:21:39	7.83	--	50	39150	买盘
14:21:36	7.83	--	21	16443	买盘
14:21:33	7.83	--	305	238815	买盘
14:21:27	7.83	0.01	90	70470	买盘
14:21:24	7.82	--	51	39882	卖盘
14:21:21	7.82	--	788	616607	买盘
14:21:18	7.82	--	8	6256	买盘
14:21:15	7.82	--	59	46138	买盘
14:21:12	7.82	--	264	206448	买盘
14:21:09	7.82	--	910	711620	买盘
14:21:06	7.82	--	10	7820	买盘
14:21:03	7.82	--	220	172040	买盘
14:21:00	7.82	--	37	28934	买盘
14:20:54	7.82	0.01	169	132158	买盘
14:20:45	7.81	-0.01	1	781	卖盘
14:20:42	7.82	--	132	103224	买盘
14:20:39	7.82	0.01	340	265880	买盘
14:20:30	7.81	--	1339	1046266	买盘
14:20:27	7.81	--	227	177287	买盘
14:20:24	7.81	--	65	50765	买盘
14:20:21	7.81	--	39	30459	买盘
14:20:18	7.81	--	1	781	买盘
14:20:15	7.81	--	10	7810	买盘
14:20:12	7.81	--	25	19525	买盘
14:20:09	7.81	0.01	13	10153	买盘
14:20:06	7.8	-0.01	31	24180	卖盘
14:20:03	7.81	--	30	23430	买盘
14:20:00	7.81	--	10	7810	买盘
14:19:57	7.81	--	62	48422	买盘
14:19:54	7.81	--	201	156981	买盘
14:19:51	7.81	--	57	44517	买盘
14:19:42	7.81	--	30	23430	买盘
14:19:39	7.81	--	12	9372	买盘
14:19:36	7.81	--	6	4686	买盘
14:19:27	7.81	0.01	136	106216	买盘
14:19:24	7.8	-0.01	5	3900	卖盘
14:19:21	7.81	0.01	186	145266	买盘
14:19:18	7.8	-0.01	24	18720	卖盘
14:19:12	7.81	0.01	10	7810	买盘
14:19:09	7.8	--	30	23400	卖盘
14:19:06	7.8	--	26	20280	卖盘
14:19:03	7.8	--	27	21060	卖盘
14:19:00	7.8	--	9	7020	卖盘
14:18:54	7.8	--	335	261300	卖盘
14:18:51	7.8	--	3	2340	卖盘
14:18:48	7.8	-0.01	710	553800	卖盘
14:18:45	7.81	0.01	311	242891	买盘
14:18:42	7.8	-0.01	21	16380	卖盘
14:18:36	7.81	0.01	152	118712	买盘
14:18:33	7.8	--	4	3120	卖盘
14:18:27	7.8	--	64	49920	卖盘
14:18:24	7.8	--	130	101400	卖盘
14:18:21	7.8	--	205	159900	卖盘
14:18:12	7.8	-0.01	2	1560	卖盘
14:18:09	7.81	--	52	40612	买盘
14:18:06	7.81	--	10	7810	买盘
14:18:03	7.81	0.01	10	7810	买盘
14:18:00	7.8	-0.01	67	52260	卖盘
14:17:54	7.81	--	38	29678	买盘
14:17:51	7.81	--	11	8591	买盘
14:17:48	7.81	0.01	25	19525	买盘
14:17:45	7.8	--	50	39000	卖盘
14:17:42	7.8	-0.01	5	3900	卖盘
14:17:39	7.81	0.01	9	7029	买盘
14:17:33	7.8	--	23	17940	卖盘
14:17:30	7.8	-0.01	15	11700	卖盘
14:17:27	7.81	--	249	194469	买盘
14:17:24	7.81	--	29	22649	买盘
14:17:18	7.81	0.01	53	41393	买盘
14:17:15	7.8	--	525	409500	卖盘
14:17:09	7.8	--	3	2340	卖盘
14:17:06	7.8	--	8	6240	卖盘
14:17:00	7.8	--	12	9360	卖盘
14:16:57	7.8	--	146	113880	卖盘
14:16:51	7.8	--	10	7800	卖盘
14:16:48	7.8	--	135	105300	卖盘
14:16:45	7.8	--	5	3900	卖盘
14:16:42	7.8	--	479	373869	买盘
14:16:39	7.8	--	50	39000	买盘
14:16:33	7.8	--	29	22620	买盘
14:16:27	7.8	0.01	867	676260	买盘
14:16:24	7.79	--	29	22591	卖盘
14:16:21	7.79	-0.01	282	219678	卖盘
14:16:18	7.8	0.01	100	78000	买盘
14:16:15	7.79	--	3	2337	卖盘
14:16:12	7.79	--	5	3895	卖盘
14:16:09	7.79	-0.01	10	7790	卖盘
14:16:03	7.8	0.01	2	1560	买盘
14:15:48	7.79	--	212	165148	卖盘
14:15:42	7.79	-0.01	134	104386	卖盘
14:15:39	7.8	--	344	268320	买盘
14:15:36	7.8	--	17	13260	买盘
14:15:30	7.8	0.01	21	16380	买盘
14:15:27	7.79	-0.01	67	52193	卖盘
14:15:24	7.8	--	20	15600	买盘
14:15:21	7.8	--	25	19500	买盘
14:15:15	7.8	--	50	39000	买盘
14:15:12	7.8	--	100	78000	买盘
14:15:09	7.8	0.01	79	61620	买盘
14:15:06	7.79	-0.01	25	19475	卖盘
14:15:00	7.8	--	100	78000	买盘
14:14:51	7.8	0.01	17	13260	买盘
14:14:45	7.79	-0.01	20	15580	卖盘
14:14:36	7.8	0.01	52	40560	买盘
14:14:27	7.79	--	66	51414	卖盘
14:14:24	7.79	-0.01	5	3895	卖盘
14:14:21	7.8	0.01	20	15600	买盘
14:14:12	7.79	-0.01	10	7790	卖盘
14:14:09	7.8	--	372	290160	买盘
14:14:03	7.8	--	14	10920	买盘
14:13:57	7.8	0.01	200	156000	买盘
14:13:51	7.79	--	21	16359	卖盘
14:13:45	7.79	--	100	77900	卖盘
14:13:36	7.79	--	60	46740	卖盘
14:13:33	7.79	0.01	104	81109	买盘
14:13:30	7.78	--	515	400670	卖盘
14:13:27	7.78	--	25	19450	卖盘
14:13:12	7.78	--	46	35788	卖盘
14:13:09	7.78	--	9	7002	卖盘
14:13:03	7.78	--	3	2334	卖盘
14:12:57	7.78	--	11	8558	卖盘
14:12:54	7.78	--	1	778	卖盘
14:12:48	7.78	--	212	164936	卖盘
14:12:42	7.78	-0.01	30	23340	卖盘
14:12:39	7.79	0.01	280	218120	买盘
14:12:33	7.78	--	7	5446	卖盘
14:12:27	7.78	-0.01	76	59128	卖盘
14:12:24	7.79	0.01	2	1558	买盘
14:12:12	7.78	-0.01	2	1556	卖盘
14:12:06	7.79	0.01	10	7790	买盘
14:12:03	7.78	-0.01	24	18672	卖盘
14:11:57	7.79	0.01	24	18696	买盘
14:11:54	7.78	-0.01	20	15560	卖盘
14:11:48	7.79	--	10	7790	买盘
14:11:45	7.79	--	5	3895	买盘
14:11:42	7.79	--	7	5453	买盘
14:11:39	7.79	--	651	507129	卖盘
14:11:36	7.79	-0.01	1	779	卖盘
14:11:33	7.8	--	50	39000	买盘
14:11:27	7.8	0.01	402	313560	买盘
14:11:18	7.79	-0.01	20	15580	卖盘
14:11:15	7.8	0.01	473	368940	买盘
14:11:12	7.79	--	24	18696	卖盘
14:11:03	7.79	-0.01	8	6232	卖盘
14:11:00	7.8	0.01	45	35100	买盘
14:10:57	7.79	--	50	38950	卖盘
14:10:51	7.79	--	409	318611	卖盘
14:10:42	7.79	--	7	5453	卖盘
14:10:39	7.79	--	6	4674	卖盘
14:10:36	7.79	--	9	7011	卖盘
14:10:27	7.79	--	34	26486	卖盘
14:10:24	7.79	--	20	15580	卖盘
14:10:18	7.79	--	9	7011	卖盘
14:10:06	7.79	--	10	7790	卖盘
14:10:03	7.79	--	10	7790	卖盘
14:10:00	7.79	--	15	11685	卖盘
14:09:54	7.79	--	3	2337	卖盘
14:09:48	7.79	--	695	541405	买盘
14:09:45	7.79	--	97	75563	买盘
14:09:42	7.79	0.01	20	15580	买盘
14:09:36	7.78	-0.01	23	17894	卖盘
14:09:33	7.79	--	1	779	买盘
14:09:27	7.79	--	102	79458	买盘
14:09:21	7.79	--	15	11685	买盘
14:09:18	7.79	0.01	2	1558	买盘
14:09:15	7.78	-0.01	48	37344	卖盘
14:09:09	7.79	--	10	7790	买盘
14:09:06	7.79	0.01	5	3895	买盘
14:08:57	7.78	-0.01	300	233400	卖盘
14:08:51	7.79	0.01	5	3895	买盘
14:08:48	7.78	--	20	15560	卖盘
14:08:45	7.78	--	76	59128	卖盘
14:08:42	7.78	--	32	24896	卖盘
14:08:33	7.78	--	20	15560	卖盘
14:08:27	7.78	--	65	50570	卖盘
14:08:18	7.78	--	10	7780	卖盘
14:08:15	7.78	--	130	101140	卖盘
14:08:09	7.78	-0.01	74	57572	卖盘
14:08:03	7.79	0.01	2	1558	买盘
14:08:00	7.78	-0.01	7	5446	卖盘
14:07:57	7.79	0.01	34	26486	买盘
14:07:42	7.78	-0.01	3	2334	卖盘
14:07:39	7.79	0.01	1	779	买盘
14:07:36	7.78	--	7	5446	卖盘
14:07:33	7.78	--	38	29564	卖盘
14:07:27	7.78	--	56	43568	卖盘
14:07:21	7.78	--	6	4668	卖盘
14:07:18	7.78	--	1	778	卖盘
14:07:06	7.78	-0.01	30	23340	卖盘
14:06:45	7.79	0.01	12	9348	买盘
14:06:42	7.78	--	20	15560	卖盘
14:06:39	7.78	--	7	5446	卖盘
14:06:36	7.78	-0.01	3	2334	卖盘
14:06:33	7.79	0.01	10	7790	买盘
14:06:27	7.78	--	26	20228	卖盘
14:06:24	7.78	-0.01	32	24896	卖盘
14:06:03	7.79	0.01	7	5453	买盘
14:06:00	7.78	--	6	5134	买盘
14:05:54	7.78	--	50	38900	买盘
14:05:51	7.78	--	173	134905	卖盘
14:05:48	7.78	--	10	7780	卖盘
14:05:45	7.78	--	20	15560	卖盘
14:05:33	7.78	--	10	7780	卖盘
14:05:30	7.78	--	98	76244	卖盘
14:05:27	7.78	-0.01	74	57572	卖盘
14:05:24	7.79	0.01	479	373141	买盘
14:05:18	7.78	--	10	7780	卖盘
14:05:12	7.78	--	2	1556	卖盘
14:05:03	7.78	--	10	7780	卖盘
14:04:57	7.78	-0.01	1	778	卖盘
14:04:54	7.79	0.01	6	4674	买盘
14:04:45	7.78	--	140	108920	卖盘
14:04:42	7.78	-0.01	58	45124	卖盘
14:04:33	7.79	--	20	15580	买盘
14:04:30	7.79	0.01	20	15580	买盘
14:04:27	7.78	-0.01	90	70020	卖盘
14:04:24	7.79	0.01	23	17917	买盘
14:04:15	7.78	-0.01	10	7780	卖盘
14:04:00	7.79	--	10	7790	买盘
14:03:33	7.79	0.01	10	7790	买盘
14:03:27	7.78	-0.01	35	27230	卖盘
14:03:12	7.79	--	1	779	买盘
14:03:03	7.79	0.01	87	67773	买盘
14:03:00	7.78	--	10	7780	卖盘
14:02:33	7.78	--	10	7780	卖盘
14:02:30	7.78	0.01	22	17582	买盘
14:02:27	7.77	-0.01	84	65268	卖盘
14:02:24	7.78	--	97	75777	卖盘
14:02:12	7.78	-0.01	2	1556	卖盘
14:02:06	7.79	0.01	1	779	买盘
14:02:00	7.78	--	54	42012	卖盘
14:01:54	7.78	--	60	46680	卖盘
14:01:51	7.78	--	7	5446	卖盘
14:01:42	7.78	--	13	10580	买盘
14:01:39	7.78	--	78	60684	买盘
14:01:27	7.78	--	66	51348	买盘
14:01:21	7.78	--	1	1089	卖盘
14:01:18	7.78	--	38	30030	买盘
14:01:12	7.78	--	64	49792	买盘
14:01:03	7.78	--	746	580699	卖盘
14:00:54	7.78	--	10	7780	卖盘
14:00:51	7.78	--	9	7002	卖盘
14:00:27	7.78	--	44	34232	卖盘
14:00:24	7.78	--	50	38900	卖盘
14:00:21	7.78	-0.01	2	1750	卖盘
14:00:15	7.79	0.01	105	81795	买盘
14:00:09	7.78	--	50	38900	卖盘
14:00:06	7.78	-0.01	12	9336	卖盘
14:00:03	7.79	0.01	1	779	买盘
13:59:51	7.78	--	60	46680	卖盘
13:59:45	7.78	--	10	7780	卖盘
13:59:42	7.78	--	50	38900	卖盘
13:59:39	7.78	--	10	7780	卖盘
13:59:36	7.78	--	70	54460	卖盘
13:59:33	7.78	--	10	7780	卖盘
13:59:30	7.78	--	55	42790	卖盘
13:59:27	7.78	--	353	274634	卖盘
13:59:21	7.78	--	15	11670	卖盘
13:59:18	7.78	--	16	12448	卖盘
13:59:15	7.78	--	5	3890	卖盘
13:59:12	7.78	--	50	38900	卖盘
13:59:09	7.78	--	109	84802	卖盘
13:59:06	7.78	--	145	112810	卖盘
13:59:03	7.78	-0.01	3	2334	卖盘
13:59:00	7.79	0.01	424	330296	买盘
13:58:48	7.78	--	100	77800	卖盘
13:58:42	7.78	--	74	57572	卖盘
13:58:39	7.78	--	25	19450	卖盘
13:58:36	7.78	--	10	7780	卖盘
13:58:33	7.78	--	20	15560	卖盘
13:58:30	7.78	0.01	384	299024	买盘
13:58:27	7.77	--	75	58275	卖盘
13:58:24	7.77	--	147	114219	卖盘
13:58:15	7.77	--	34	26418	卖盘
13:58:12	7.77	-0.01	9	6993	卖盘
13:58:09	7.78	0.01	5	3890	买盘
13:58:06	7.77	--	1	777	卖盘
13:58:03	7.77	-0.01	100	77700	卖盘
13:58:00	7.78	--	12	9336	买盘
13:57:51	7.78	--	3	2334	买盘
13:57:48	7.78	--	30	23845	卖盘
13:57:45	7.78	--	501	390167	卖盘
13:57:33	7.78	0.01	673	524255	买盘
13:57:30	7.77	--	16	12432	卖盘
13:57:27	7.77	--	103	80031	卖盘
13:57:24	7.77	-0.01	10	7770	卖盘
13:57:18	7.78	0.01	50	38900	买盘
13:57:15	7.77	-0.01	50	38850	卖盘
13:57:12	7.78	--	4	3112	买盘
13:57:09	7.78	0.01	11	8558	买盘
13:57:03	7.77	-0.01	5	3885	卖盘
13:56:57	7.78	--	10	7780	买盘
13:56:42	7.78	--	8	6224	买盘
13:56:30	7.78	--	2348	1827444	卖盘
13:56:27	7.78	--	35	27230	卖盘
13:56:24	7.78	--	5	3890	卖盘
13:56:21	7.78	-0.01	26	20228	卖盘
13:56:15	7.79	--	5	3895	买盘
13:56:03	7.79	0.01	3	2337	买盘
13:56:00	7.78	-0.01	2	1556	卖盘
13:55:48	7.79	--	144	112176	买盘
13:55:39	7.79	0.01	50	38950	买盘
13:55:33	7.78	-0.01	38	29564	卖盘
13:55:30	7.79	0.01	140	109060	买盘
13:55:24	7.78	--	85	66130	卖盘
13:55:15	7.78	-0.01	1000	778000	卖盘
13:55:12	7.79	0.01	162	126198	买盘
13:55:06	7.78	--	10	7780	卖盘
13:55:03	7.78	-0.01	10	7780	卖盘
13:55:00	7.79	0.01	61	47519	买盘
13:54:57	7.78	-0.01	13	10114	卖盘
13:54:36	7.79	0.01	15	11685	买盘
13:54:27	7.78	--	63	49014	卖盘
13:54:24	7.78	-0.01	1	778	卖盘
13:54:18	7.79	--	50	38950	买盘
13:54:09	7.79	--	107	83353	卖盘
13:54:06	7.79	--	10	7790	卖盘
13:53:57	7.79	--	200	155800	卖盘
13:53:54	7.79	--	50	38950	卖盘
13:53:51	7.79	--	62	48298	卖盘
13:53:33	7.79	--	5	3895	卖盘
13:53:30	7.79	--	30	23370	卖盘
13:53:27	7.79	--	45	35055	卖盘
13:53:24	7.79	--	30	23370	卖盘
13:53:21	7.79	--	20	15580	卖盘
13:53:18	7.79	--	61	47519	卖盘
13:53:12	7.79	--	35	27265	卖盘
13:53:09	7.79	--	10	7790	卖盘
13:53:03	7.79	--	10	7790	卖盘
13:53:00	7.79	--	128	99712	卖盘
13:52:57	7.79	--	20	15580	卖盘
13:52:51	7.79	--	60	46740	卖盘
13:52:42	7.79	--	40	31160	卖盘
13:52:36	7.79	--	5	3895	卖盘
13:52:33	7.79	--	37	28823	卖盘
13:52:30	7.79	0.01	144	112176	买盘
13:52:27	7.78	-0.01	59	45902	卖盘
13:52:15	7.79	--	15	11685	卖盘
13:52:03	7.79	--	5	3895	卖盘
13:52:00	7.79	--	15	11685	卖盘
13:51:57	7.79	--	100	77900	卖盘
13:51:54	7.79	--	1000	779000	卖盘
13:51:51	7.79	--	10	7790	卖盘
13:51:39	7.79	--	32	24928	卖盘
13:51:27	7.79	--	105	81795	卖盘
13:51:24	7.79	--	58	45182	卖盘
13:51:18	7.79	--	100	77900	卖盘
13:51:15	7.79	--	115	89585	卖盘
13:51:09	7.79	--	2	1558	卖盘
13:51:06	7.79	--	50	38950	卖盘
13:51:03	7.79	-0.01	10	7790	卖盘
13:51:00	7.8	0.01	3	2340	买盘
13:50:57	7.79	--	7	5453	卖盘
13:50:54	7.79	--	20	15580	卖盘
13:50:51	7.79	--	10	7790	卖盘
13:50:48	7.79	--	10	7790	卖盘
13:50:39	7.79	--	80	62320	卖盘
13:50:30	7.79	--	18	14022	卖盘
13:50:27	7.79	-0.01	99	77121	卖盘
13:50:21	7.8	0.01	2	1560	买盘
13:50:18	7.79	--	45	35055	卖盘
13:50:15	7.79	-0.01	5	3895	卖盘
13:50:12	7.8	0.01	142	110760	买盘
13:50:06	7.79	-0.01	294	229026	卖盘
13:49:48	7.8	0.01	30	23400	买盘
13:49:45	7.79	--	5	3895	卖盘
13:49:42	7.79	-0.01	21	16359	卖盘
13:49:30	7.8	0.01	58	45240	买盘
13:49:27	7.79	--	10	7790	卖盘
13:49:24	7.79	--	69	53751	卖盘
13:49:15	7.79	--	8	6232	卖盘
13:49:12	7.79	--	5	3895	卖盘
13:49:09	7.79	-0.01	50	38950	卖盘
13:49:00	7.8	0.01	30	23400	买盘
13:48:48	7.79	--	10	7790	卖盘
13:48:45	7.79	--	50	38950	卖盘
13:48:42	7.79	--	2	1558	卖盘
13:48:27	7.79	--	48	37392	卖盘
13:48:24	7.79	--	10	7790	卖盘
13:48:21	7.79	--	4	3116	卖盘
13:48:18	7.79	--	49	38171	卖盘
13:48:09	7.79	-0.01	7	5453	卖盘
13:48:03	7.8	--	1	780	买盘
13:48:00	7.8	--	57	44460	买盘
13:47:54	7.8	0.01	9	7020	买盘
13:47:51	7.79	-0.01	1000	779000	卖盘
13:47:45	7.8	--	20	15600	买盘
13:47:42	7.8	--	1	780	买盘
13:47:27	7.8	0.01	54	42120	买盘
13:47:24	7.79	-0.01	28	21812	卖盘
13:47:21	7.8	--	19	14820	买盘
13:47:18	7.8	--	6	4680	买盘
13:47:09	7.8	--	23	17940	买盘
13:47:03	7.8	--	12	9360	买盘
13:46:57	7.8	--	9	7020	买盘
13:46:48	7.8	--	473	369478	卖盘
13:46:42	7.8	--	25	19500	卖盘
13:46:33	7.8	--	12	9360	卖盘
13:46:24	7.8	--	84	65520	卖盘
13:46:21	7.8	--	10	7800	卖盘
13:46:15	7.8	--	141	109980	卖盘
13:46:12	7.8	0.01	446	348121	买盘
13:46:03	7.79	--	10	7790	卖盘
13:46:00	7.79	--	94	73226	买盘
13:45:57	7.79	--	67	52193	买盘
13:45:54	7.79	--	30	23370	买盘
13:45:51	7.79	--	22	17138	买盘
13:45:45	7.79	-0.01	797	620863	卖盘
13:45:39	7.8	--	74	57720	买盘
13:45:33	7.8	--	33	25740	买盘
13:45:30	7.8	0.01	1	780	买盘
13:45:27	7.79	--	168	130872	卖盘
13:45:24	7.79	-0.01	92	71668	卖盘
13:45:21	7.8	0.01	44	34320	买盘
13:45:18	7.79	--	50	38950	卖盘
13:45:12	7.79	-0.01	30	23370	卖盘
13:45:00	7.8	0.01	21	16380	买盘
13:44:39	7.79	--	20	15580	卖盘
13:44:36	7.79	--	17	13243	买盘
13:44:33	7.79	--	20	15580	买盘
13:44:30	7.79	--	10	7790	买盘
13:44:27	7.79	0.01	190	148010	买盘
13:44:24	7.78	-0.01	174	135372	卖盘
13:44:21	7.79	--	5	3895	买盘
13:44:18	7.79	--	104	81016	买盘
13:44:09	7.79	--	1090	849110	卖盘
13:44:06	7.79	-0.01	22	17138	卖盘
13:44:03	7.8	--	20	15600	买盘
13:44:00	7.8	--	1	780	买盘
13:43:48	7.8	--	50	39000	买盘
13:43:45	7.8	0.01	10	7800	买盘
13:43:39	7.79	--	100	77900	卖盘
13:43:24	7.79	-0.01	53	41287	卖盘
13:43:18	7.8	0.01	20	15600	买盘
13:43:12	7.79	--	19	14801	卖盘
13:43:06	7.79	-0.01	7	5453	卖盘
13:43:03	7.8	--	5	4438	卖盘
13:43:00	7.8	0.01	1994	1555561	买盘
13:42:57	7.79	-0.01	29	22591	卖盘
13:42:54	7.8	0.01	8	6240	买盘
13:42:51	7.79	--	4	3116	卖盘
13:42:45	7.79	-0.01	29	22591	卖盘
13:42:39	7.8	--	506	394680	买盘
13:42:30	7.8	0.01	640	499200	买盘
13:42:24	7.79	--	67	52193	卖盘
13:42:21	7.79	--	10	7790	卖盘
13:42:15	7.79	--	10	7790	卖盘
13:42:12	7.79	--	30	23370	卖盘
13:42:09	7.79	--	10	7790	卖盘
13:41:57	7.79	--	10	7790	卖盘
13:41:54	7.79	--	40	31160	卖盘
13:41:51	7.79	--	14	10906	卖盘
13:41:42	7.79	--	3	2337	卖盘
13:41:36	7.79	--	20	15580	卖盘
13:41:33	7.79	0.01	157	122303	买盘
13:41:30	7.78	-0.01	44	34232	卖盘
13:41:27	7.79	0.01	30	23370	买盘
13:41:24	7.78	-0.01	146	113588	卖盘
13:41:18	7.79	0.01	1	779	买盘
13:41:15	7.78	-0.01	27	21006	卖盘
13:41:09	7.79	--	3	2337	买盘
13:41:06	7.79	--	235	183065	买盘
13:41:00	7.79	0.01	20	15580	买盘
13:40:48	7.78	--	20	15560	卖盘
13:40:42	7.78	--	11	8558	卖盘
13:40:39	7.78	-0.01	10	7780	卖盘
13:40:36	7.79	0.01	30	23370	买盘
13:40:30	7.78	--	124	96472	卖盘
13:40:24	7.78	-0.01	27	21006	卖盘
13:40:15	7.79	--	10	7790	买盘
13:40:06	7.79	--	996	775884	卖盘
13:40:03	7.79	--	100	77900	卖盘
13:40:00	7.79	--	58	45182	卖盘
13:39:57	7.79	--	100	77900	卖盘
13:39:54	7.79	-0.01	2	1558	卖盘
13:39:45	7.8	0.01	30	23400	买盘
13:39:42	7.79	-0.01	10	7790	卖盘
13:39:33	7.8	0.01	5	3900	买盘
13:39:24	7.79	-0.01	77	59983	卖盘
13:39:21	7.8	0.01	49	38220	买盘
13:39:18	7.79	--	45	35055	卖盘
13:39:09	7.79	-0.01	15	11685	卖盘
13:39:06	7.8	--	5	3900	买盘
13:39:03	7.8	--	28	21840	买盘
13:38:51	7.8	0.01	16	12480	买盘
13:38:48	7.79	-0.01	10	7790	卖盘
13:38:39	7.8	0.01	2	1560	买盘
13:38:36	7.79	-0.01	92	71668	卖盘
13:38:27	7.8	0.01	38	29640	买盘
13:38:24	7.79	--	270	210330	卖盘
13:38:21	7.79	-0.01	3	2337	卖盘
13:38:12	7.8	0.01	200	156000	买盘
13:38:09	7.79	--	59	45961	卖盘
13:38:06	7.79	--	50	38950	卖盘
13:38:00	7.79	-0.01	1	779	卖盘
13:37:57	7.8	0.01	31	24180	买盘
13:37:54	7.79	--	4	3116	卖盘
13:37:51	7.79	--	205	159695	卖盘
13:37:48	7.79	--	167	130093	卖盘
13:37:45	7.79	--	10	7790	卖盘
13:37:39	7.79	--	126	98154	卖盘
13:37:30	7.79	--	24	18696	卖盘
13:37:24	7.79	-0.01	37	28823	卖盘
13:37:21	7.8	0.01	32	24960	买盘
13:37:18	7.79	--	99	77121	买盘
13:37:15	7.79	--	6	4674	买盘
13:37:12	7.79	--	271	211109	卖盘
13:37:06	7.79	--	10	7790	卖盘
13:37:03	7.79	--	57	44403	买盘
13:36:57	7.79	--	51	39729	买盘
13:36:48	7.79	--	68	52972	卖盘
13:36:45	7.79	--	70	54530	卖盘
13:36:42	7.79	0.01	72	56088	买盘
13:36:36	7.78	--	100	77800	卖盘
13:36:24	7.78	-0.01	53	41234	卖盘
13:36:12	7.79	--	18	14022	买盘
13:36:09	7.79	--	10	7790	买盘
13:36:06	7.79	--	10	7790	买盘
13:36:03	7.79	--	176	137104	买盘
13:35:57	7.79	--	50	38950	买盘
13:35:54	7.79	--	26	20254	买盘
13:35:51	7.79	--	9	7011	买盘
13:35:48	7.79	--	101	78679	买盘
13:35:39	7.79	--	200	155800	买盘
13:35:36	7.79	-0.01	476	370804	卖盘
13:35:27	7.8	0.01	56	43680	买盘
13:35:24	7.79	-0.01	31	24149	卖盘
13:35:21	7.8	0.01	61	47580	买盘
13:35:12	7.79	--	10	7790	卖盘
13:35:09	7.79	--	58	45182	卖盘
13:35:03	7.79	--	3	2337	卖盘
13:35:00	7.79	--	60	46740	卖盘
13:34:51	7.79	--	58	45182	卖盘
13:34:42	7.79	--	20	15580	卖盘
13:34:36	7.79	-0.01	27	21033	中性盘
13:34:30	7.8	0.01	59	46020	买盘
13:34:27	7.79	--	34	26937	卖盘
13:34:24	7.79	--	79	61541	卖盘
13:34:21	7.79	--	75	58425	卖盘
13:34:15	7.79	--	19	14801	卖盘
13:34:12	7.79	--	1	779	卖盘
13:34:06	7.79	--	2	1558	卖盘
13:34:03	7.79	--	390	303810	卖盘
13:34:00	7.79	--	1	779	卖盘
13:33:57	7.79	--	60	46740	卖盘
13:33:54	7.79	--	15	11685	卖盘
13:33:51	7.79	--	12	9348	卖盘
13:33:45	7.79	--	25	19475	卖盘
13:33:39	7.79	--	111	86469	卖盘
13:33:27	7.79	--	20	15580	卖盘
13:33:24	7.79	--	61	47519	卖盘
13:33:15	7.79	--	1000	779000	卖盘
13:32:51	7.79	--	100	77900	卖盘
13:32:42	7.79	-0.01	3	2337	卖盘
13:32:39	7.8	0.01	30	23400	买盘
13:32:36	7.79	-0.01	5	3895	卖盘
13:32:33	7.8	--	4	3120	买盘
13:32:27	7.8	0.01	3	2340	买盘
13:32:24	7.79	-0.01	90	70110	卖盘
13:32:18	7.8	--	41	31980	买盘
13:32:15	7.8	--	30	23400	买盘
13:32:12	7.8	--	51	39865	卖盘
13:32:09	7.8	--	11	8580	卖盘
13:32:06	7.8	--	21	16380	卖盘
13:32:00	7.8	--	9	7020	卖盘
13:31:57	7.8	--	800	624000	卖盘
13:31:54	7.8	--	50	39000	卖盘
13:31:48	7.8	--	120	93600	卖盘
13:31:42	7.8	--	57	44460	卖盘
13:31:39	7.8	-0.01	3	2340	卖盘
13:31:36	7.81	0.01	21	16401	买盘
13:31:33	7.8	--	100	78000	卖盘
13:31:24	7.8	--	91	70980	卖盘
13:31:18	7.8	--	28	21840	卖盘
13:31:15	7.8	--	139	108420	卖盘
13:31:12	7.8	--	20	15600	卖盘
13:31:00	7.8	--	10	7800	卖盘
13:30:57	7.8	--	9	7020	卖盘
13:30:54	7.8	-0.01	151	117780	卖盘
13:30:51	7.81	0.01	12	9372	买盘
13:30:48	7.8	-0.01	40	31200	卖盘
13:30:45	7.81	0.01	36	28116	买盘
13:30:39	7.8	--	15	11700	卖盘
13:30:36	7.8	--	10	7800	卖盘
13:30:24	7.8	--	70	54600	卖盘
13:30:18	7.8	-0.01	10	7800	卖盘
13:30:15	7.81	--	20	15620	买盘
13:30:09	7.81	0.01	11	8591	买盘
13:30:03	7.8	-0.01	30	23400	卖盘
13:30:00	7.81	0.01	370	288970	买盘
13:29:54	7.8	--	55	42900	卖盘
13:29:48	7.8	--	8	6240	卖盘
13:29:42	7.8	--	20	15600	卖盘
13:29:39	7.8	-0.01	10	7800	卖盘
13:29:36	7.81	--	5	3905	买盘
13:29:30	7.81	0.01	6	4686	买盘
13:29:24	7.8	-0.01	49	38220	卖盘
13:29:21	7.81	-0.01	80	62480	卖盘
13:29:18	7.82	0.02	5	3910	买盘
13:29:15	7.8	--	200	156000	卖盘
13:29:12	7.8	-0.01	210	163800	卖盘
13:29:06	7.81	--	11	8591	卖盘
13:29:03	7.81	0.01	70	55365	买盘
13:29:00	7.8	-0.01	117	91260	卖盘
13:28:57	7.81	0.01	21	16401	买盘
13:28:51	7.8	-0.01	45	35100	卖盘
13:28:48	7.81	0.01	314	245234	买盘
13:28:36	7.8	-0.01	7	5460	卖盘
13:28:30	7.81	0.01	14	10934	买盘
13:28:24	7.8	-0.01	30	23400	卖盘
13:28:21	7.81	0.01	500	390500	买盘
13:28:18	7.8	--	10	7800	卖盘
13:28:06	7.8	--	101	78780	买盘
13:28:00	7.8	--	24	18720	买盘
13:27:57	7.8	--	30	23400	买盘
13:27:51	7.8	--	55	42900	买盘
13:27:48	7.8	--	39	30420	买盘
13:27:45	7.8	--	11	8580	买盘
13:27:42	7.8	0.01	73	56940	买盘
13:27:39	7.79	-0.01	57	44403	卖盘
13:27:27	7.8	--	66	51480	卖盘
13:27:24	7.8	--	81	63180	卖盘
13:27:18	7.8	-0.01	30	23400	卖盘
13:27:15	7.81	0.01	4	3124	买盘
13:27:12	7.8	-0.01	18	14040	卖盘
13:27:09	7.81	0.01	5	3905	买盘
13:27:06	7.8	--	5	3900	卖盘
13:26:57	7.8	--	5	3900	卖盘
13:26:45	7.8	--	36	28080	卖盘
13:26:42	7.8	--	10	7800	卖盘
13:26:36	7.8	-0.01	4	3120	卖盘
13:26:33	7.81	0.01	46	35926	买盘
13:26:24	7.8	--	212	165360	卖盘
13:26:18	7.8	0.01	137	106860	买盘
13:26:15	7.79	-0.02	16	12464	卖盘
13:26:12	7.81	--	18	14058	买盘
13:26:09	7.81	--	40	31240	买盘
13:26:06	7.81	0.01	46	35926	买盘
13:26:03	7.8	--	14	10920	买盘
13:25:54	7.8	--	13	10140	买盘
13:25:51	7.8	--	27	21060	买盘
13:25:48	7.8	--	29	22620	买盘
13:25:45	7.8	-0.01	926	722365	卖盘
13:25:42	7.81	0.01	14	10934	买盘
13:25:39	7.8	-0.01	11	8580	卖盘
13:25:36	7.81	--	36	28116	买盘
13:25:33	7.81	0.01	9	7029	买盘
13:25:30	7.8	-0.01	108	84240	卖盘
13:25:27	7.81	0.01	5	3905	买盘
13:25:24	7.8	-0.01	40	31200	卖盘
13:25:21	7.81	--	62	48422	买盘
13:25:18	7.81	--	13	10153	买盘
13:25:15	7.81	--	8	6248	买盘
13:25:12	7.81	0.01	12	9372	买盘
13:25:09	7.8	--	100	78000	卖盘
13:25:06	7.8	--	27	21060	卖盘
13:25:00	7.8	-0.01	10	7800	卖盘
13:24:57	7.81	--	10	7810	买盘
13:24:54	7.81	0.01	23	17963	买盘
13:24:48	7.8	-0.01	23	17940	卖盘
13:24:39	7.81	-0.01	6	4686	买盘
13:24:33	7.82	--	2	1564	买盘
13:24:30	7.82	0.02	24	18768	买盘
13:24:24	7.8	-0.01	62	48360	卖盘
13:24:21	7.81	-0.01	43	33583	卖盘
13:24:15	7.82	0.01	119	93058	买盘
13:24:12	7.81	--	65	50765	卖盘
13:24:09	7.81	--	9	7029	卖盘
13:24:06	7.81	--	20	15620	卖盘
13:24:03	7.81	-0.01	108	84348	卖盘
13:24:00	7.82	--	5	3910	买盘
13:23:57	7.82	0.01	73	57086	买盘
13:23:51	7.81	--	35	27335	卖盘
13:23:48	7.81	-0.01	1	781	卖盘
13:23:39	7.82	--	22	17204	买盘
13:23:27	7.82	0.01	22	17204	买盘
13:23:24	7.81	--	34	26554	卖盘
13:23:21	7.81	--	6	4686	卖盘
13:23:18	7.81	0.01	654	510774	中性盘
13:23:12	7.8	--	30	23400	卖盘
13:23:09	7.8	-0.01	85	66300	卖盘
13:23:06	7.81	0.01	50	39050	买盘
13:23:03	7.8	-0.01	10	7800	卖盘
13:23:00	7.81	0.01	3	2343	买盘
13:22:57	7.8	-0.01	53	41340	卖盘
13:22:54	7.81	-0.01	2	1562	中性盘
13:22:48	7.82	0.01	1020	797640	买盘
13:22:39	7.81	0.01	130	101530	买盘
13:22:36	7.8	--	8	6240	卖盘
13:22:33	7.8	-0.01	30	23400	卖盘
13:22:27	7.81	0.01	1000	781000	买盘
13:22:18	7.8	--	2	1560	卖盘
13:22:15	7.8	-0.01	20	15600	卖盘
13:22:12	7.81	0.01	1	781	买盘
13:22:00	7.8	--	1	780	卖盘
13:21:57	7.8	--	10	7800	卖盘
13:21:54	7.8	-0.01	1	780	卖盘
13:21:48	7.81	0.01	5	3905	买盘
13:21:45	7.8	--	10	7800	卖盘
13:21:42	7.8	-0.01	10	7800	卖盘
13:21:36	7.81	0.01	20	15620	买盘
13:21:33	7.8	-0.01	20	15600	卖盘
13:21:24	7.81	0.01	1	781	买盘
13:21:21	7.8	--	5	3900	卖盘
13:21:18	7.8	--	5	3900	卖盘
13:21:15	7.8	--	30	23400	卖盘
13:21:12	7.8	--	45	35100	卖盘
13:21:06	7.8	--	3	2340	卖盘
13:21:03	7.8	--	10	7800	卖盘
13:20:57	7.8	--	35	27300	卖盘
13:20:54	7.8	-0.01	5	3900	卖盘
13:20:51	7.81	0.01	2	1562	买盘
13:20:48	7.8	-0.01	641	500674	卖盘
13:20:45	7.81	--	110	85910	买盘
13:20:42	7.81	--	1	781	买盘
13:20:39	7.81	0.01	77	60137	买盘
13:20:33	7.8	-0.01	206	160680	卖盘
13:20:27	7.81	0.01	73	57013	买盘
13:20:24	7.8	--	1	780	卖盘
13:20:21	7.8	--	3	2340	卖盘
13:20:15	7.8	--	1	780	卖盘
13:20:12	7.8	--	18	14040	卖盘
13:20:09	7.8	-0.01	42	32760	卖盘
13:20:03	7.81	--	25	19525	买盘
13:20:00	7.81	0.01	60	46860	买盘
13:19:57	7.8	--	11	8580	卖盘
13:19:51	7.8	-0.01	30	23400	卖盘
13:19:48	7.81	0.01	6	4686	买盘
13:19:42	7.8	--	20	15600	卖盘
13:19:39	7.8	--	5	3900	卖盘
13:19:36	7.8	--	10	7800	卖盘
13:19:30	7.8	-0.01	4	3120	卖盘
13:19:24	7.81	0.01	2	1562	买盘
13:19:21	7.8	--	7	5460	卖盘
13:19:15	7.8	--	262	204360	卖盘
13:19:09	7.8	--	55	42900	卖盘
13:19:06	7.8	--	330	257985	买盘
13:19:03	7.8	--	101	78780	买盘
13:18:57	7.8	0.01	9	7020	买盘
13:18:51	7.79	--	122	95038	卖盘
13:18:48	7.79	-0.01	62	48298	卖盘
13:18:33	7.8	--	500	390000	买盘
13:18:15	7.8	0.01	100	78000	买盘
13:18:12	7.79	--	20	15580	卖盘
13:18:06	7.79	--	34	26486	卖盘
13:18:03	7.79	-0.01	177	137883	卖盘
13:18:00	7.8	--	10	7800	买盘
13:17:51	7.8	--	2	1560	买盘
13:17:48	7.8	0.01	14	10920	买盘
13:17:45	7.79	--	3	2337	卖盘
13:17:42	7.79	--	50	38950	卖盘
13:17:33	7.79	--	4	3116	卖盘
13:17:30	7.79	--	66	52185	卖盘
13:17:21	7.79	--	120	93480	卖盘
13:17:18	7.79	--	4	3116	卖盘
13:17:15	7.79	--	6	4674	卖盘
13:17:09	7.79	--	275	214225	卖盘
13:17:03	7.79	--	19	14801	卖盘
13:16:57	7.79	--	61	47519	卖盘
13:16:48	7.79	-0.01	20	15580	卖盘
13:16:42	7.8	--	342	266760	买盘
13:16:33	7.8	0.01	50	39000	买盘
13:16:30	7.79	-0.01	5	3895	卖盘
13:16:24	7.8	0.01	5	3900	买盘
13:16:18	7.79	-0.01	64	49856	卖盘
13:16:12	7.8	0.01	5	3900	买盘
13:16:06	7.79	-0.01	2	1558	卖盘
13:16:03	7.8	0.01	40	31200	买盘
13:16:00	7.79	-0.01	5	3895	卖盘
13:15:57	7.8	0.01	1	780	买盘
13:15:54	7.79	--	43	33497	卖盘
13:15:48	7.79	-0.01	65	50635	卖盘
13:15:45	7.8	--	74	57720	买盘
13:15:42	7.8	0.01	1	780	买盘
13:15:39	7.79	--	20	15580	卖盘
13:15:36	7.79	-0.01	3	2337	卖盘
13:15:24	7.8	0.01	1	780	买盘
13:15:21	7.79	-0.01	50	38950	卖盘
13:15:18	7.8	0.01	2	1560	买盘
13:15:15	7.79	--	40	31160	卖盘
13:15:09	7.79	--	6	4674	卖盘
13:15:00	7.79	--	145	112955	卖盘
13:14:57	7.79	--	30	23370	卖盘
13:14:54	7.79	-0.01	0	334	卖盘
13:14:51	7.8	--	140	109200	买盘
13:14:45	7.8	--	13	10140	买盘
13:14:42	7.8	0.01	19	14820	买盘
13:14:39	7.79	-0.01	4	3116	卖盘
13:14:33	7.8	--	20	15600	买盘
13:14:24	7.8	--	34	26520	卖盘
13:14:18	7.8	--	118	92040	买盘
13:14:12	7.8	--	100	78000	买盘
13:14:03	7.8	--	1	780	买盘
13:13:54	7.8	--	7	5460	买盘
13:13:48	7.8	0.01	146	113880	买盘
13:13:45	7.79	-0.01	110	85690	卖盘
13:13:39	7.8	0.01	20	15600	买盘
13:13:27	7.79	--	80	62320	卖盘
13:13:24	7.79	-0.01	127	98933	卖盘
13:13:18	7.8	--	100	78000	买盘
13:13:15	7.8	0.01	10	7800	买盘
13:13:12	7.79	-0.01	10	7790	卖盘
13:13:09	7.8	--	50	39000	买盘
13:13:06	7.8	--	10	7800	买盘
13:13:03	7.8	0.01	50	39000	买盘
13:13:00	7.79	-0.01	15	11685	卖盘
13:12:57	7.8	0.01	11	8580	买盘
13:12:54	7.79	--	23	17917	卖盘
13:12:51	7.79	-0.01	35	27265	卖盘
13:12:42	7.8	--	111	86580	卖盘
13:12:39	7.8	--	130	101400	卖盘
13:12:36	7.8	--	30	23400	卖盘
13:12:33	7.8	--	1	780	卖盘
13:12:30	7.8	--	102	79560	卖盘
13:12:27	7.8	--	10	7800	卖盘
13:12:21	7.8	--	40	31200	卖盘
13:12:18	7.8	--	91	70980	卖盘
13:12:15	7.8	--	50	39000	卖盘
13:12:09	7.8	--	224	174720	卖盘
13:12:00	7.8	--	10	7800	卖盘
13:11:54	7.8	--	40	31200	卖盘
13:11:48	7.8	--	20	15600	卖盘
13:11:42	7.8	--	12	9360	卖盘
13:11:36	7.8	-0.01	50	39000	卖盘
13:11:33	7.81	0.01	100	78100	买盘
13:11:21	7.8	-0.01	50	39000	卖盘
13:11:15	7.81	0.01	5	3905	买盘
13:11:12	7.8	--	140	109200	卖盘
13:11:00	7.8	-0.01	25	19500	卖盘
13:10:54	7.81	--	5	3905	买盘
13:10:51	7.81	0.01	1	781	买盘
13:10:45	7.8	-0.01	40	31200	卖盘
13:10:24	7.81	--	15	11715	买盘
13:10:21	7.81	--	14	10934	买盘
13:10:18	7.81	0.01	6	4686	买盘
13:10:15	7.8	--	26	20280	卖盘
13:10:12	7.8	-0.01	43	33540	卖盘
13:10:09	7.81	--	63	49203	买盘
13:10:03	7.81	0.01	10	7810	买盘
13:10:00	7.8	-0.01	4	3120	卖盘
13:09:57	7.81	--	10	7810	买盘
13:09:51	7.81	--	1	781	买盘
13:09:48	7.81	--	120	93720	买盘
13:09:45	7.81	--	20	15620	买盘
13:09:36	7.81	--	50	39050	买盘
13:09:12	7.81	0.01	164	128084	买盘
13:09:03	7.8	0.01	190	148200	买盘
13:09:00	7.79	-0.01	55	42845	卖盘
13:08:57	7.8	0.01	100	78000	买盘
13:08:51	7.79	-0.01	1	779	卖盘
13:08:48	7.8	--	11	8580	中性盘
13:08:36	7.8	--	7	5460	卖盘
13:08:33	7.8	--	9	7020	卖盘
13:08:30	7.8	0.01	27	21060	买盘
13:08:24	7.79	-0.01	49	38171	卖盘
13:08:21	7.8	0.01	310	241800	买盘
13:08:15	7.79	-0.01	1	779	卖盘
13:08:09	7.8	0.01	10	7800	买盘
13:08:06	7.79	-0.01	5	3895	卖盘
13:08:03	7.8	--	10	7800	买盘
13:07:48	7.8	0.01	2	1560	买盘
13:07:45	7.79	-0.01	30	23370	卖盘
13:07:42	7.8	--	10	7800	买盘
13:07:39	7.8	--	20	15600	买盘
13:07:33	7.8	--	100	78000	买盘
13:07:27	7.8	0.01	12	9360	买盘
13:07:24	7.79	-0.01	5	3895	卖盘
13:07:18	7.8	--	5	3900	买盘
13:07:15	7.8	--	9	7020	买盘
13:07:12	7.8	0.01	10	7800	买盘
13:07:09	7.79	--	7	5453	卖盘
13:07:03	7.79	-0.01	5	3895	卖盘
13:07:00	7.8	0.01	15	11700	买盘
13:06:57	7.79	--	21	16359	买盘
13:06:54	7.79	--	48	37392	卖盘
13:06:45	7.79	--	50	38950	卖盘
13:06:39	7.79	--	30	23370	卖盘
13:06:33	7.79	--	2	1558	卖盘
13:06:21	7.79	-0.01	39	30381	卖盘
13:06:18	7.8	--	48	37440	买盘
13:06:12	7.8	--	10	7800	买盘
13:06:00	7.8	--	5	3900	买盘
13:05:57	7.8	--	100	78000	买盘
13:05:54	7.8	0.01	93	72540	买盘
13:05:51	7.79	-0.01	1	779	卖盘
13:05:48	7.8	0.01	43	33540	买盘
13:05:45	7.79	-0.01	12	9348	卖盘
13:05:42	7.8	0.01	50	39000	买盘
13:05:36	7.79	--	11	8569	卖盘
13:05:33	7.79	-0.01	90	70110	卖盘
13:05:30	7.8	--	125	97500	买盘
13:05:27	7.8	--	47	36660	买盘
13:05:18	7.8	0.01	15	11700	买盘
13:05:15	7.79	--	20	15580	卖盘
13:05:06	7.79	--	10	7790	卖盘
13:05:03	7.79	-0.01	6	4674	卖盘
13:04:51	7.8	--	15	11700	买盘
13:04:48	7.8	--	50	39000	买盘
13:04:45	7.8	--	60	46800	买盘
13:04:42	7.8	--	86	67080	卖盘
13:04:39	7.8	-0.01	4	3120	卖盘
13:04:33	7.81	0.01	45	35145	买盘
13:04:30	7.8	--	8	6240	卖盘
13:04:24	7.8	-0.01	25	19500	卖盘
13:04:21	7.81	--	50	39050	买盘
13:04:12	7.81	--	16	12496	买盘
13:04:03	7.81	0.01	33	25773	买盘
13:04:00	7.8	-0.01	200	156000	卖盘
13:03:39	7.81	--	4	3124	买盘
13:03:36	7.81	--	5	3905	买盘
13:03:33	7.81	--	45	35145	买盘
13:03:30	7.81	--	5	3905	买盘
13:03:27	7.81	--	4	3124	卖盘
13:03:24	7.81	--	690	538890	卖盘
13:03:12	7.81	-0.01	22	17182	卖盘
13:03:09	7.82	0.01	10	7820	买盘
13:03:00	7.81	--	40	31240	卖盘
13:02:57	7.81	--	7	5467	卖盘
13:02:54	7.81	--	4	3124	买盘
13:02:51	7.81	0.01	20	15620	买盘
13:02:48	7.8	-0.01	200	156000	卖盘
13:02:45	7.81	--	2	1562	买盘
13:02:42	7.81	0.01	5	3905	买盘
13:02:39	7.8	-0.01	20	15600	卖盘
13:02:36	7.81	0.01	2	1562	买盘
13:02:21	7.8	-0.01	14	10920	卖盘
13:02:18	7.81	--	94	73414	买盘
13:02:12	7.81	--	15	11715	买盘
13:02:06	7.81	-0.01	52	40612	卖盘
13:02:03	7.82	--	4	3128	买盘
13:02:00	7.82	--	16	12512	买盘
13:01:57	7.82	--	13	10166	买盘
13:01:48	7.82	0.01	42	32844	买盘
13:01:42	7.81	--	3	2343	卖盘
13:01:39	7.81	0.01	299	233519	买盘
13:01:36	7.8	-0.01	2	1560	卖盘
13:01:33	7.81	--	100	78100	买盘
13:01:30	7.81	--	20	15620	买盘
13:01:21	7.81	0.01	10	7810	买盘
13:01:15	7.8	--	1	780	卖盘
13:01:12	7.8	0.01	2392	1866033	买盘
13:01:09	7.79	--	167	130093	买盘
13:01:06	7.79	--	35	27265	买盘
13:01:03	7.79	--	83	64657	买盘
13:01:00	7.79	--	20	15580	买盘
13:00:57	7.79	--	1	779	买盘
13:00:54	7.79	--	15	11685	买盘
13:00:51	7.79	--	20	15580	买盘
13:00:45	7.79	--	10	7790	买盘
13:00:39	7.79	--	18	14022	买盘
13:00:30	7.79	--	32	24928	买盘
13:00:27	7.79	--	163	126977	买盘
13:00:24	7.79	--	26	20254	买盘
13:00:21	7.79	--	3	2337	买盘
13:00:18	7.79	0.01	300	233700	买盘
13:00:15	7.78	-0.01	34	26452	卖盘
13:00:12	7.79	0.01	20	15580	买盘
13:00:09	7.78	--	409	318202	卖盘
13:00:06	7.78	--	115	89547	卖盘
13:00:03	7.78	--	1126	876028	买盘
13:00:00	7.78	--	0	0	买盘
11:30:00	7.78	0.01	1	778	买盘
11:29:54	7.77	-0.01	5	3885	卖盘
11:29:51	7.78	--	23	17894	买盘
11:29:45	7.78	--	10	7780	买盘
11:29:36	7.78	0.01	37	28786	买盘
11:29:33	7.77	--	25	19425	卖盘
11:29:30	7.77	-0.01	40	31080	卖盘
11:29:24	7.78	--	17	13226	买盘
11:29:18	7.78	0.01	30	23340	买盘
11:29:09	7.77	--	24	18648	卖盘
11:29:03	7.77	-0.01	82	63714	卖盘
11:29:00	7.78	0.01	27	21006	买盘
11:28:57	7.77	-0.01	32	24864	卖盘
11:28:51	7.78	--	10	7780	买盘
11:28:39	7.78	--	2	1556	买盘
11:28:36	7.78	--	10	7780	买盘
11:28:33	7.78	-0.01	44	34232	卖盘
11:28:24	7.79	0.01	207	161253	买盘
11:28:18	7.78	--	40	31120	买盘
11:28:15	7.78	--	16	12448	买盘
11:28:12	7.78	--	4	3112	买盘
11:28:09	7.78	--	9	7002	买盘
11:28:06	7.78	--	19	14782	卖盘
11:28:03	7.78	--	26	20228	买盘
11:27:57	7.78	0.01	10	7780	中性盘
11:27:36	7.77	-0.02	450	349650	卖盘
11:27:30	7.79	0.01	97	75563	买盘
11:27:27	7.78	--	3	2334	卖盘
11:27:15	7.78	--	18	14004	卖盘
11:27:06	7.78	--	3	2334	卖盘
11:26:54	7.78	-0.01	20	15560	卖盘
11:26:48	7.79	0.01	29	22591	买盘
11:26:42	7.78	--	30	23340	卖盘
11:26:30	7.78	--	38	29564	卖盘
11:26:27	7.78	-0.01	21	16338	卖盘
11:26:24	7.79	0.01	8	6232	买盘
11:26:21	7.78	-0.01	61	47458	卖盘
11:26:18	7.79	0.01	4	3116	买盘
11:26:03	7.78	-0.01	27	21006	卖盘
11:26:00	7.79	0.01	80	62320	买盘
11:25:54	7.78	--	10	7780	卖盘
11:25:42	7.78	--	102	79356	卖盘
11:25:36	7.78	--	52	40456	卖盘
11:25:27	7.78	-0.01	132	102696	卖盘
11:25:21	7.79	--	5	3895	买盘
11:25:15	7.79	--	16	12464	买盘
11:25:06	7.79	0.01	4	3116	买盘
11:25:03	7.78	-0.01	50	38900	卖盘
11:25:00	7.79	--	10	7790	买盘
11:24:54	7.79	--	10	7790	买盘
11:24:39	7.79	0.01	3	2337	买盘
11:24:36	7.78	-0.01	50	38900	卖盘
11:24:27	7.79	0.01	2	1558	买盘
11:24:15	7.78	--	5	3890	卖盘
11:24:12	7.78	--	165	128408	买盘
11:24:09	7.78	--	15	11670	买盘
11:24:00	7.78	--	34	26452	买盘
11:23:45	7.78	--	8	6224	买盘
11:23:39	7.78	--	221	171938	买盘
11:23:36	7.78	--	40	31120	买盘
11:23:33	7.78	--	2	1556	买盘
11:23:30	7.78	--	100	77800	买盘
11:23:27	7.78	--	20	15560	买盘
11:23:18	7.78	0.01	10	7780	买盘
11:23:15	7.77	-0.01	12	9324	卖盘
11:23:12	7.78	--	9	7002	买盘
11:23:03	7.78	--	59	45902	买盘
11:23:00	7.78	--	50	38900	买盘
11:22:57	7.78	0.01	33	25674	买盘
11:22:54	7.77	-0.01	20	15540	卖盘
11:22:51	7.78	--	85	66130	买盘
11:22:48	7.78	--	3	2334	买盘
11:22:45	7.78	--	32	24896	买盘
11:22:42	7.78	--	8	6224	买盘
11:22:39	7.78	--	19	14782	买盘
11:22:33	7.78	--	10	7780	买盘
11:22:24	7.78	--	50	38900	买盘
11:22:18	7.78	--	4	3112	买盘
11:22:15	7.78	--	10	7780	买盘
11:22:12	7.78	--	36	28008	买盘
11:22:06	7.78	0.01	1	778	买盘
11:22:03	7.77	--	2	1554	卖盘
11:22:00	7.77	-0.01	30	23310	卖盘
11:21:51	7.78	--	3	2334	买盘
11:21:48	7.78	0.01	1	778	买盘
11:21:45	7.77	-0.01	100	77700	卖盘
11:21:39	7.78	0.01	1	778	买盘
11:21:27	7.77	-0.01	10	7770	卖盘
11:21:21	7.78	--	1	778	买盘
11:21:06	7.78	--	62	48236	买盘
11:21:03	7.78	--	20	15560	买盘
11:21:00	7.78	--	16	12448	买盘
11:20:54	7.78	0.01	1	778	买盘
11:20:51	7.77	--	15	11655	卖盘
11:20:45	7.77	-0.01	32	24864	卖盘
11:20:42	7.78	0.01	42	32676	买盘
11:20:39	7.77	-0.01	14	10878	卖盘
11:20:36	7.78	0.01	2	1556	买盘
11:20:24	7.77	-0.01	10	7770	卖盘
11:20:15	7.78	--	154	119812	买盘
11:20:12	7.78	--	17	13226	买盘
11:20:06	7.78	--	5	3890	买盘
11:20:03	7.78	--	5	3890	买盘
11:20:00	7.78	--	13	10114	买盘
11:19:57	7.78	--	16	12448	买盘
11:19:48	7.78	--	24	18672	买盘
11:19:45	7.78	--	10	7780	买盘
11:19:42	7.78	--	8	6224	买盘
11:19:39	7.78	0.01	125	97250	买盘
11:19:27	7.77	-0.01	172	133644	卖盘
11:19:18	7.78	0.01	8	6224	买盘
11:19:15	7.77	--	150	116550	卖盘
11:19:09	7.77	--	504	391608	卖盘
11:19:06	7.77	-0.01	34	26418	卖盘
11:19:03	7.78	--	1	778	买盘
11:18:54	7.78	0.01	2	1556	买盘
11:18:51	7.77	-0.01	200	155400	卖盘
11:18:45	7.78	--	34	26452	买盘
11:18:36	7.78	--	11	8558	买盘
11:18:33	7.78	--	1	778	买盘
11:18:30	7.78	--	114	88692	买盘
11:18:21	7.78	-0.01	41	32637	卖盘
11:18:09	7.79	0.01	12	9348	买盘
11:18:06	7.78	-0.01	10	7780	卖盘
11:18:00	7.79	0.01	3	2337	买盘
11:17:54	7.78	0.01	37	28824	买盘
11:17:45	7.77	-0.01	22	17094	卖盘
11:17:30	7.78	--	35	27230	买盘
11:17:27	7.78	--	5	3890	买盘
11:17:21	7.78	--	25	19450	买盘
11:17:18	7.78	--	10	7780	买盘
11:17:12	7.78	0.01	10	7780	买盘
11:17:09	7.77	-0.01	20	15540	卖盘
11:17:06	7.78	--	4	3112	买盘
11:17:00	7.78	0.01	413	321314	买盘
11:16:54	7.77	-0.01	26	20202	卖盘
11:16:42	7.78	0.01	61	47458	买盘
11:16:36	7.77	-0.01	4	3108	卖盘
11:16:33	7.78	--	10	7780	买盘
11:16:24	7.78	--	32	24896	买盘
11:16:18	7.78	--	2	1556	买盘
11:16:09	7.78	--	2	1556	买盘
11:16:06	7.78	0.01	1	778	买盘
11:16:00	7.77	-0.01	7	5439	卖盘
11:15:57	7.78	--	8	6224	买盘
11:15:54	7.78	0.01	32	24896	买盘
11:15:51	7.77	--	8	6216	买盘
11:15:42	7.77	0.01	237	184149	买盘
11:15:39	7.76	--	13	10088	卖盘
11:15:36	7.76	-0.01	160	124160	卖盘
11:15:33	7.77	--	15	11655	买盘
11:15:21	7.77	0.01	56	43512	买盘
11:15:12	7.76	-0.01	103	79928	卖盘
11:15:09	7.77	--	93	72261	买盘
11:15:00	7.77	--	5	3885	买盘
11:14:57	7.77	--	7	5439	买盘
11:14:51	7.77	--	3	2331	买盘
11:14:48	7.77	0.01	1	777	买盘
11:14:45	7.76	-0.01	150	116400	卖盘
11:14:36	7.77	0.01	120	93240	买盘
11:14:30	7.76	-0.01	45	34920	卖盘
11:14:21	7.77	0.01	3	2331	买盘
11:14:09	7.76	--	15	11640	卖盘
11:14:06	7.76	-0.01	167	129592	卖盘
11:13:57	7.77	0.01	11	8547	买盘
11:13:54	7.76	--	208	161408	卖盘
11:13:48	7.76	--	15	11640	卖盘
11:13:42	7.76	-0.01	50	38800	卖盘
11:13:36	7.77	--	34	26418	买盘
11:13:33	7.77	--	64	49728	买盘
11:13:24	7.77	0.01	55	42735	买盘
11:13:21	7.76	--	45	34920	卖盘
11:13:09	7.76	--	10	7760	卖盘
11:13:00	7.76	-0.01	3	2328	卖盘
11:12:57	7.77	0.01	9	6993	买盘
11:12:54	7.76	-0.01	50	38800	卖盘
11:12:51	7.77	0.01	3	2331	买盘
11:12:48	7.76	-0.01	17	13192	卖盘
11:12:39	7.77	0.01	47	36519	买盘
11:12:36	7.76	-0.01	79	61304	卖盘
11:12:30	7.77	--	30	23310	买盘
11:12:24	7.77	--	4	3108	买盘
11:12:18	7.77	0.01	4	3108	买盘
11:12:15	7.76	--	14	10864	卖盘
11:12:06	7.76	-0.01	1	776	卖盘
11:12:03	7.77	--	10	7770	买盘
11:11:57	7.77	0.01	10	7770	买盘
11:11:54	7.76	-0.01	70	54320	卖盘
11:11:51	7.77	--	2	1554	买盘
11:11:48	7.77	--	12	9324	买盘
11:11:45	7.77	--	180	139860	买盘
11:11:42	7.77	0.01	74	57498	买盘
11:11:39	7.76	--	1	776	卖盘
11:11:33	7.76	-0.01	103	79928	卖盘
11:11:30	7.77	0.01	1	777	买盘
11:11:21	7.76	-0.01	60	46560	卖盘
11:11:12	7.77	--	7	5439	买盘
11:11:09	7.77	--	50	38850	买盘
11:11:06	7.77	--	16	12432	买盘
11:11:00	7.77	--	4	3108	买盘
11:10:57	7.77	--	13	10101	买盘
11:10:51	7.77	-0.01	88	69114	卖盘
11:10:45	7.78	--	4	3112	买盘
11:10:36	7.78	--	60	46680	买盘
11:10:33	7.78	0.01	2	1556	买盘
11:10:00	7.77	-0.01	58	45066	卖盘
11:09:57	7.78	--	2	1556	买盘
11:09:54	7.78	--	5	3890	买盘
11:09:51	7.78	--	1	778	买盘
11:09:48	7.78	--	12	9336	买盘
11:09:45	7.78	0.01	20	15560	买盘
11:09:36	7.77	--	104	80808	卖盘
11:09:30	7.77	-0.01	500	388500	卖盘
11:09:18	7.78	--	10	7780	买盘
11:09:12	7.78	--	3	2334	买盘
11:09:00	7.78	0.01	5	3890	买盘
11:08:57	7.77	--	23	17871	卖盘
11:08:48	7.77	-0.01	32	24864	卖盘
11:08:39	7.78	--	5	3890	买盘
11:08:33	7.78	--	63	49014	买盘
11:08:21	7.78	0.01	2	1556	买盘
11:08:15	7.77	-0.01	10	7770	卖盘
11:08:09	7.78	--	110	85580	买盘
11:08:06	7.78	--	4	3112	买盘
11:07:54	7.78	--	5	3890	买盘
11:07:51	7.78	--	30	23340	买盘
11:07:48	7.78	--	22	17116	买盘
11:07:42	7.78	--	3	2334	买盘
11:07:39	7.78	--	3	2334	买盘
11:07:36	7.78	--	14	10892	买盘
11:07:27	7.78	--	2	1556	买盘
11:07:21	7.78	0.01	569	442682	买盘
11:07:15	7.77	--	20	15540	卖盘
11:07:12	7.77	-0.01	13	10101	卖盘
11:07:09	7.78	--	22	17116	买盘
11:07:00	7.78	--	4	3112	买盘
11:06:51	7.78	--	4	3112	买盘
11:06:48	7.78	--	5	3890	买盘
11:06:42	7.78	0.01	1	778	买盘
11:06:39	7.77	--	8	6216	卖盘
11:06:24	7.77	-0.01	1	777	卖盘
11:06:21	7.78	0.01	1	778	买盘
11:06:12	7.77	-0.01	59	45843	卖盘
11:06:06	7.78	0.01	5	3890	买盘
11:06:03	7.77	-0.01	803	623931	卖盘
11:05:48	7.78	--	5	3890	买盘
11:05:36	7.78	--	20	15560	买盘
11:05:30	7.78	--	10	7780	买盘
11:05:27	7.78	--	8	6224	买盘
11:05:21	7.78	0.01	20	15560	买盘
11:05:18	7.77	--	0	38	卖盘
11:05:15	7.77	-0.01	20	15540	卖盘
11:05:09	7.78	0.01	8	6224	买盘
11:05:00	7.77	-0.01	417	324009	卖盘
11:04:54	7.78	--	3	2334	买盘
11:04:48	7.78	0.01	1	778	买盘
11:04:39	7.77	--	50	38850	卖盘
11:04:36	7.77	-0.01	7	5439	卖盘
11:04:33	7.78	--	70	54460	买盘
11:04:27	7.78	0.01	69	53682	买盘
11:04:24	7.77	-0.02	10	7770	卖盘
11:04:18	7.79	0.01	48	37392	买盘
11:04:15	7.78	-0.01	484	376552	卖盘
11:04:00	7.79	--	9	7011	买盘
11:03:57	7.79	0.01	8	6232	买盘
11:03:51	7.78	-0.01	300	233400	卖盘
11:03:45	7.79	--	3	2337	买盘
11:03:42	7.79	--	9	7011	买盘
11:03:36	7.79	-0.01	332	258628	卖盘
11:03:30	7.8	0.01	10	7800	买盘
11:03:21	7.79	-0.01	3	2337	卖盘
11:03:18	7.8	0.01	20	15600	买盘
11:03:15	7.79	--	91	70889	卖盘
11:03:00	7.79	-0.01	35	27265	卖盘
11:02:57	7.8	--	6	4680	买盘
11:02:54	7.8	--	122	95160	买盘
11:02:42	7.8	0.01	9	7020	买盘
11:02:33	7.79	--	3	2337	卖盘
11:02:30	7.79	--	5	3895	卖盘
11:02:27	7.79	-0.01	130	101270	卖盘
11:02:24	7.8	0.01	4	3120	买盘
11:02:21	7.79	-0.01	86	66994	卖盘
11:02:18	7.8	0.01	49	38220	买盘
11:02:15	7.79	--	5	3895	卖盘
11:02:09	7.79	--	111	86469	买盘
11:02:06	7.79	--	93	72447	买盘
11:02:03	7.79	--	8	6232	买盘
11:01:57	7.79	--	5	3895	买盘
11:01:51	7.79	--	5	3895	买盘
11:01:48	7.79	--	4	3116	买盘
11:01:45	7.79	--	4	3116	买盘
11:01:42	7.79	--	18	14022	买盘
11:01:39	7.79	-0.01	869	676951	卖盘
11:01:33	7.8	--	13	10140	买盘
11:01:30	7.8	0.01	300	234000	买盘
11:01:27	7.79	-0.01	10	7790	卖盘
11:01:21	7.8	0.01	51	39780	买盘
11:01:12	7.79	-0.01	49	38171	卖盘
11:01:09	7.8	0.01	5	3900	买盘
11:01:06	7.79	-0.01	116	90364	卖盘
11:01:00	7.8	--	30	23400	买盘
11:00:57	7.8	--	31	24180	买盘
11:00:45	7.8	0.01	12	9360	买盘
11:00:42	7.79	--	47	36613	卖盘
11:00:36	7.79	--	64	49856	买盘
11:00:33	7.79	0.01	10	7790	买盘
11:00:30	7.78	-0.01	110	85580	卖盘
11:00:27	7.79	--	75	58425	买盘
11:00:18	7.79	--	28	21812	买盘
11:00:15	7.79	--	9	7011	买盘
11:00:12	7.79	--	9	7011	买盘
11:00:09	7.79	-0.01	95	74005	卖盘
11:00:06	7.8	0.01	154	120120	买盘
10:59:57	7.79	-0.01	20	15580	卖盘
10:59:54	7.8	--	10	7800	买盘
10:59:48	7.8	--	3	2340	买盘
10:59:42	7.8	0.01	12	9360	买盘
10:59:39	7.79	-0.01	5	3895	卖盘
10:59:36	7.8	0.01	7	5460	买盘
10:59:27	7.79	--	250	194750	卖盘
10:59:24	7.79	--	70	54530	卖盘
10:59:21	7.79	--	2	1558	卖盘
10:59:12	7.79	-0.01	40	31160	卖盘
10:59:09	7.8	--	25	19500	买盘
10:59:03	7.8	--	150	117000	买盘
10:58:54	7.8	--	15	11700	买盘
10:58:51	7.8	--	22	17160	买盘
10:58:48	7.8	--	2	1560	买盘
10:58:39	7.8	--	49	38220	卖盘
10:58:36	7.8	--	10	7800	卖盘
10:58:33	7.8	--	10	7800	卖盘
10:58:30	7.8	--	203	158340	卖盘
10:58:24	7.8	--	299	233220	买盘
10:58:18	7.8	--	501	390780	买盘
10:58:15	7.8	--	20	15600	买盘
10:58:12	7.8	--	9	7020	买盘
10:58:06	7.8	--	5	3900	买盘
10:58:03	7.8	--	13	10140	买盘
10:58:00	7.8	--	25	19500	买盘
10:57:57	7.8	--	33	25740	买盘
10:57:51	7.8	--	290	226200	买盘
10:57:48	7.8	--	2	1560	买盘
10:57:45	7.8	--	15	11700	买盘
10:57:36	7.8	--	50	39000	买盘
10:57:33	7.8	--	50	39000	买盘
10:57:30	7.8	0.01	1	780	买盘
10:57:24	7.79	-0.01	32	24928	卖盘
10:57:21	7.8	0.01	34	26520	买盘
10:57:18	7.79	-0.01	10	7790	卖盘
10:57:09	7.8	--	295	230100	卖盘
10:57:06	7.8	--	30	23400	卖盘
10:57:03	7.8	-0.01	10	7800	卖盘
10:57:00	7.81	--	4	3124	买盘
10:56:57	7.81	--	252	196812	买盘
10:56:54	7.81	0.01	10	7810	买盘
10:56:51	7.8	--	103	80340	卖盘
10:56:48	7.8	-0.01	6	4680	卖盘
10:56:45	7.81	--	50	39050	买盘
10:56:42	7.81	--	3	2343	买盘
10:56:36	7.81	--	7	5467	买盘
10:56:33	7.81	--	9	7029	买盘
10:56:30	7.81	-0.01	12	9372	买盘
10:56:27	7.82	--	184	143888	买盘
10:56:21	7.82	0.01	15	11730	买盘
10:56:18	7.81	--	33	25773	卖盘
10:56:15	7.81	--	252	196812	卖盘
10:56:12	7.81	-0.01	3	2343	卖盘
10:56:09	7.82	--	80	62560	买盘
10:56:00	7.82	--	100	78200	买盘
10:55:57	7.82	0.02	1403	1097146	买盘
10:55:54	7.8	-0.01	10	7800	卖盘
10:55:51	7.81	--	902	704462	买盘
10:55:48	7.81	0.01	4	3124	买盘
10:55:45	7.8	--	1	780	卖盘
10:55:42	7.8	--	175	136500	卖盘
10:55:39	7.8	-0.01	43	33540	卖盘
10:55:36	7.81	0.01	62	48422	买盘
10:55:33	7.8	--	6	4680	卖盘
10:55:30	7.8	--	163	127140	买盘
10:55:27	7.8	--	10	7800	买盘
10:55:24	7.8	--	16	12480	买盘
10:55:21	7.8	--	40	31200	买盘
10:55:06	7.8	0.01	73	56940	买盘
10:55:03	7.79	--	103	80237	买盘
10:55:00	7.79	--	13	10127	买盘
10:54:57	7.79	--	6	4674	卖盘
10:54:51	7.79	--	26	20254	买盘
10:54:45	7.79	0.01	3	2337	买盘
10:54:39	7.78	--	324	252072	买盘
10:54:36	7.78	--	11	8558	买盘
10:54:33	7.78	0.01	10	7780	买盘
10:54:27	7.77	-0.03	56	43512	卖盘
10:54:24	7.8	--	84	65520	卖盘
10:54:21	7.8	0.02	3416	2664480	买盘
10:54:18	7.78	--	257	199946	买盘
10:54:15	7.78	0.01	2	1556	买盘
10:54:09	7.77	--	1	777	卖盘
10:54:03	7.77	--	6	4662	卖盘
10:53:57	7.77	-0.01	166	128982	卖盘
10:53:42	7.78	0.01	31	24118	买盘
10:53:33	7.77	--	100	77700	卖盘
10:53:30	7.77	-0.01	20	15540	卖盘
10:53:24	7.78	--	9	7002	买盘
10:53:21	7.78	--	44	34232	买盘
10:53:18	7.78	--	2	1556	买盘
10:52:54	7.78	--	10	7780	买盘
10:52:48	7.78	0.01	13	10114	买盘
10:52:45	7.77	-0.01	4	3108	卖盘
10:52:36	7.78	--	25	19450	买盘
10:52:33	7.78	--	5	3890	买盘
10:52:27	7.78	--	1	778	买盘
10:52:21	7.78	--	50	38900	买盘
10:52:18	7.78	--	10	7780	买盘
10:52:03	7.78	-0.01	309	240402	卖盘
10:51:57	7.79	0.01	10	7790	买盘
10:51:54	7.78	-0.01	20	15560	卖盘
10:51:48	7.79	0.01	17	13243	买盘
10:51:45	7.78	--	25	19450	卖盘
10:51:39	7.78	--	20	15560	卖盘
10:51:36	7.78	--	28	21784	卖盘
10:51:33	7.78	-0.01	100	77800	卖盘
10:51:30	7.79	0.01	14	10906	买盘
10:51:24	7.78	--	8	6224	卖盘
10:51:21	7.78	--	59	45902	卖盘
10:51:18	7.78	-0.01	7	5446	卖盘
10:51:15	7.79	--	3	2337	买盘
10:51:12	7.79	--	129	100491	买盘
10:51:09	7.79	--	13	10127	买盘
10:51:06	7.79	--	62	48298	买盘
10:51:00	7.79	--	27	21033	买盘
10:50:54	7.79	--	182	141778	买盘
10:50:51	7.79	--	166	129314	买盘
10:50:39	7.79	--	13	10127	买盘
10:50:33	7.79	--	100	77900	买盘
10:50:27	7.79	--	18	14022	买盘
10:50:24	7.79	0.01	16	12464	买盘
10:50:21	7.78	-0.01	10	7780	卖盘
10:50:18	7.79	--	18	14022	买盘
10:50:15	7.79	--	39	30381	买盘
10:50:09	7.79	0.01	13	10127	买盘
10:50:06	7.78	-0.01	2	1556	卖盘
10:50:03	7.79	--	13	10127	买盘
10:50:00	7.79	--	30	23370	买盘
10:49:57	7.79	--	60	46740	买盘
10:49:54	7.79	0.01	200	155800	买盘
10:49:48	7.78	--	200	155600	买盘
10:49:45	7.78	0.01	3	2334	买盘
10:49:42	7.77	--	1	777	卖盘
10:49:39	7.77	-0.01	3	2331	卖盘
10:49:33	7.78	--	20	15560	买盘
10:49:30	7.78	--	30	23340	买盘
10:49:24	7.78	--	13	10114	买盘
10:49:18	7.78	0.01	24	18672	买盘
10:49:12	7.77	-0.01	42	32634	卖盘
10:49:09	7.78	0.01	15	11670	买盘
10:49:06	7.77	-0.01	10	7770	卖盘
10:49:03	7.78	--	8	6224	买盘
10:48:51	7.78	0.01	2	1556	买盘
10:48:42	7.77	-0.01	288	223776	卖盘
10:48:30	7.78	--	9	7002	买盘
10:48:24	7.78	--	10	7780	买盘
10:48:21	7.78	--	5	3890	买盘
10:48:18	7.78	--	45	35010	买盘
10:48:09	7.78	--	21	16338	买盘
10:48:03	7.78	--	10	7780	买盘
10:48:00	7.78	--	10	7780	买盘
10:47:57	7.78	--	5	3890	买盘
10:47:51	7.78	--	9	7002	买盘
10:47:48	7.78	--	8	6224	买盘
10:47:33	7.78	--	2	1556	买盘
10:47:30	7.78	--	29	22562	买盘
10:47:21	7.78	--	79	61462	卖盘
10:47:15	7.78	-0.01	12	9336	卖盘
10:47:12	7.79	0.01	5	3895	买盘
10:47:06	7.78	-0.01	21	16338	卖盘
10:47:03	7.79	0.01	1	779	买盘
10:46:54	7.78	--	5	3890	卖盘
10:46:51	7.78	--	5	3890	卖盘
10:46:48	7.78	-0.01	28	21784	卖盘
10:46:33	7.79	--	17	13243	买盘
10:46:18	7.79	--	5	3895	买盘
10:46:06	7.79	--	51	39729	买盘
10:46:00	7.79	0.01	53	41287	买盘
10:45:57	7.78	0.01	2	1556	中性盘
10:45:54	7.77	-0.01	52	40404	买盘
10:45:51	7.78	-0.01	5	3890	卖盘
10:45:45	7.79	--	392	305368	买盘
10:45:42	7.79	0.01	9	7011	买盘
10:45:39	7.78	--	10	7780	买盘
10:45:36	7.78	0.02	3	2334	中性盘
10:45:30	7.76	-0.02	128	99328	卖盘
10:45:27	7.78	0.01	802	624726	买盘
10:45:24	7.77	--	139	108003	卖盘
10:45:18	7.77	--	8	6216	卖盘
10:45:06	7.77	--	6	4662	卖盘
10:45:00	7.77	--	5	3885	卖盘
10:44:51	7.77	-0.01	53	41181	卖盘
10:44:48	7.78	--	20	15560	买盘
10:44:42	7.78	--	14	10892	买盘
10:44:39	7.78	--	1	778	买盘
10:44:33	7.78	0.01	10	7780	买盘
10:44:30	7.77	-0.01	10	7770	卖盘
10:44:24	7.78	0.01	67	52126	买盘
10:44:21	7.77	--	24	18648	卖盘
10:44:18	7.77	--	7	5439	卖盘
10:44:15	7.77	--	7	5439	卖盘
10:44:12	7.77	0.01	15	11655	中性盘
10:43:51	7.76	-0.01	10	7760	卖盘
10:43:48	7.77	--	40	31080	卖盘
10:43:45	7.77	--	76	59052	买盘
10:43:42	7.77	0.01	20	15540	买盘
10:43:39	7.76	-0.01	122	94672	卖盘
10:43:36	7.77	--	17	13209	买盘
10:43:30	7.77	--	527	409479	买盘
10:43:21	7.77	--	266	206682	买盘
10:43:15	7.77	0.01	5	3885	买盘
10:43:03	7.76	--	11	8536	卖盘
10:43:00	7.76	--	76	58976	卖盘
10:42:45	7.76	-0.01	2	1552	卖盘
10:42:39	7.77	0.01	27	20979	买盘
10:42:33	7.76	-0.01	100	77600	卖盘
10:42:27	7.77	--	20	15540	买盘
10:42:18	7.77	0.01	7	5439	买盘
10:42:09	7.76	-0.01	505	391880	卖盘
10:42:06	7.77	--	1	777	买盘
10:42:00	7.77	--	71	55167	买盘
10:41:57	7.77	--	62	48174	买盘
10:41:54	7.77	--	10	7770	买盘
10:41:51	7.77	0.01	8	6216	买盘
10:41:48	7.76	--	8	6208	卖盘
10:41:45	7.76	-0.01	210	162960	卖盘
10:41:39	7.77	--	9	6993	买盘
10:41:36	7.77	--	1	777	买盘
10:41:33	7.77	--	21	16324	卖盘
10:41:30	7.77	-0.01	50	38850	卖盘
10:41:24	7.78	0.01	1	778	买盘
10:41:18	7.77	--	10	7770	卖盘
10:41:15	7.77	-0.01	30	23310	卖盘
10:41:12	7.78	--	50	38900	买盘
10:41:06	7.78	--	10	7780	买盘
10:41:03	7.78	--	200	155600	买盘
10:40:54	7.78	0.01	20	15560	买盘
10:40:48	7.77	--	30	23310	卖盘
10:40:45	7.77	-0.01	208	161616	卖盘
10:40:39	7.78	--	140	108920	买盘
10:40:33	7.78	0.01	20	15560	买盘
10:40:30	7.77	--	10	7770	卖盘
10:40:27	7.77	-0.01	10	7770	卖盘
10:40:24	7.78	--	5	3890	买盘
10:40:18	7.78	--	50	38900	买盘
10:40:12	7.78	--	12	9336	买盘
10:39:57	7.78	0.01	20	15560	买盘
10:39:54	7.77	--	2	1554	卖盘
10:39:51	7.77	-0.01	10	7770	卖盘
10:39:48	7.78	--	1	778	买盘
10:39:45	7.78	0.01	3	2334	买盘
10:39:36	7.77	--	4	3877	买盘
10:39:30	7.77	--	248	192696	买盘
10:39:21	7.77	--	5	3885	买盘
10:39:15	7.77	--	21	16317	买盘
10:39:06	7.77	--	167	129759	买盘
10:39:03	7.77	--	3	2331	买盘
10:39:00	7.77	--	179	139083	买盘
10:38:51	7.77	--	18	13986	买盘
10:38:48	7.77	--	51	39627	买盘
10:38:45	7.77	0.01	2	1554	买盘
10:38:42	7.76	-0.01	100	77600	卖盘
10:38:39	7.77	0.01	550	427350	买盘
10:38:33	7.76	--	341	264616	卖盘
10:38:24	7.76	--	13	10088	卖盘
10:38:18	7.76	-0.01	29	22504	卖盘
10:38:15	7.77	0.01	200	155400	买盘
10:38:12	7.76	--	30	23280	卖盘
10:38:06	7.76	--	50	38800	卖盘
10:38:03	7.76	--	634	492643	买盘
10:37:57	7.76	--	3	2328	买盘
10:37:54	7.76	--	106	82256	买盘
10:37:51	7.76	--	2	1552	买盘
10:37:48	7.76	--	90	69840	买盘
10:37:42	7.76	--	120	93120	买盘
10:37:36	7.76	0.01	12	9312	买盘
10:37:30	7.75	-0.01	65	50375	卖盘
10:37:18	7.76	0.01	17	13192	买盘
10:37:15	7.75	-0.01	3	2325	卖盘
10:37:12	7.76	0.01	48	37248	买盘
10:37:09	7.75	--	100	77500	卖盘
10:37:06	7.75	-0.01	30	23250	卖盘
10:37:03	7.76	--	40	31040	买盘
10:37:00	7.76	0.01	50	38800	买盘
10:36:45	7.75	-0.01	10	7750	卖盘
10:36:42	7.76	0.01	37	28712	买盘
10:36:24	7.75	--	10	7750	卖盘
10:36:18	7.75	--	1	775	卖盘
10:36:15	7.75	-0.01	7	5425	卖盘
10:36:00	7.76	0.01	11	8536	买盘
10:35:51	7.75	-0.01	10	7750	卖盘
10:35:48	7.76	0.01	3	2328	买盘
10:35:30	7.75	--	88	68200	买盘
10:35:27	7.75	--	100	77500	买盘
10:35:24	7.75	--	10	7750	买盘
10:35:18	7.75	--	34	26350	买盘
10:35:15	7.75	--	26	20150	买盘
10:35:03	7.75	--	15	11625	卖盘
10:34:54	7.75	--	6	4650	卖盘
10:34:48	7.75	-0.01	51	39525	卖盘
10:34:45	7.76	--	3	2328	买盘
10:34:42	7.76	0.01	4	3104	买盘
10:34:39	7.75	--	15	11625	卖盘
10:34:36	7.75	-0.01	33	25575	卖盘
10:34:30	7.76	0.01	2	1552	买盘
10:34:21	7.75	--	87	67425	买盘
10:34:12	7.75	--	2	1550	买盘
10:34:09	7.75	--	5	3875	买盘
10:34:06	7.75	--	100	77500	买盘
10:34:00	7.75	--	10	7750	买盘
10:33:54	7.75	--	48	37200	卖盘
10:33:48	7.75	-0.01	5	3875	卖盘
10:33:45	7.76	--	59	45784	买盘
10:33:42	7.76	0.01	16	12416	买盘
10:33:36	7.75	--	7	5967	卖盘
10:33:30	7.75	-0.01	73	56575	卖盘
10:33:27	7.76	0.01	61	47336	买盘
10:33:24	7.75	--	123	95325	卖盘
10:33:18	7.75	--	62	48050	卖盘
10:33:06	7.75	--	1	775	卖盘
10:33:03	7.75	--	16	12400	卖盘
10:33:00	7.75	--	20	15732	买盘
10:32:57	7.75	-0.01	38	29992	卖盘
10:32:51	7.76	0.01	24	18624	买盘
10:32:48	7.75	--	5	3875	卖盘
10:32:45	7.75	-0.01	22	17050	卖盘
10:32:42	7.76	--	12	9312	买盘
10:32:39	7.76	--	45	34920	买盘
10:32:30	7.76	--	104	80704	买盘
10:32:27	7.76	--	2	1552	买盘
10:32:21	7.76	--	60	46560	买盘
10:32:18	7.76	0.01	28	21728	买盘
10:32:12	7.75	--	42	32550	卖盘
10:32:06	7.75	-0.01	30	23250	卖盘
10:32:03	7.76	0.01	33	25608	买盘
10:32:00	7.75	--	15	11625	卖盘
10:31:54	7.75	--	20	15500	卖盘
10:31:51	7.75	--	40	31000	卖盘
10:31:48	7.75	--	20	15500	卖盘
10:31:45	7.75	-0.01	1	775	卖盘
10:31:42	7.76	--	3	2328	买盘
10:31:27	7.76	0.01	17	13192	买盘
10:31:24	7.75	-0.01	43	33325	卖盘
10:31:21	7.76	--	25	19400	买盘
10:31:09	7.76	--	2	1552	买盘
10:31:00	7.76	--	20	15520	买盘
10:30:57	7.76	0.01	205	159080	买盘
10:30:51	7.75	-0.01	48	37200	卖盘
10:30:48	7.76	--	25	19400	买盘
10:30:36	7.76	0.01	44	34144	买盘
10:30:33	7.75	--	11	8525	卖盘
10:30:27	7.75	--	20	15500	卖盘
10:30:21	7.75	--	35	27125	卖盘
10:30:15	7.75	--	50	38750	卖盘
10:30:12	7.75	--	4	3100	卖盘
10:30:06	7.75	--	41	31775	卖盘
10:30:00	7.75	--	100	77500	卖盘
10:29:54	7.75	-0.01	10	7982	卖盘
10:29:51	7.76	0.01	10	7760	买盘
10:29:48	7.75	--	4	3100	卖盘
10:29:45	7.75	--	5	3875	卖盘
10:29:33	7.75	--	77	59675	卖盘
10:29:30	7.75	--	5	3875	卖盘
10:29:27	7.75	--	30	23250	卖盘
10:29:03	7.75	--	53	41075	卖盘
10:28:57	7.75	-0.01	40	31000	卖盘
10:28:54	7.76	0.01	20	15520	买盘
10:28:51	7.75	--	29	22475	卖盘
10:28:45	7.75	-0.01	20	15500	卖盘
10:28:42	7.76	--	10	7760	买盘
10:28:33	7.76	--	9	6984	买盘
10:28:30	7.76	0.01	30	23280	买盘
10:28:24	7.75	-0.01	1	775	卖盘
10:28:18	7.76	--	90	69840	卖盘
10:28:12	7.76	--	48	37248	卖盘
10:28:03	7.76	-0.01	36	27936	卖盘
10:27:57	7.77	--	16	12432	买盘
10:27:51	7.77	0.01	2	1554	买盘
10:27:48	7.76	-0.01	20	15520	卖盘
10:27:45	7.77	--	163	126651	买盘
10:27:39	7.77	0.01	3	2331	买盘
10:27:36	7.76	--	5	3880	卖盘
10:27:33	7.76	-0.01	28	21728	买盘
10:27:30	7.77	0.02	30	23310	买盘
10:27:24	7.75	-0.01	101	78275	卖盘
10:27:21	7.76	-0.01	4	3104	中性盘
10:27:18	7.77	--	2	1554	买盘
10:27:12	7.77	0.01	100	77700	买盘
10:27:09	7.76	--	7	5432	买盘
10:27:03	7.76	-0.01	231	179263	卖盘
10:26:57	7.77	0.01	53	41181	买盘
10:26:54	7.76	--	5	3880	卖盘
10:26:51	7.76	--	4	3104	卖盘
10:26:45	7.76	--	44	34912	买盘
10:26:42	7.76	--	18	13968	买盘
10:26:36	7.76	--	50	38800	买盘
10:26:33	7.76	-0.01	31	24063	卖盘
10:26:24	7.77	0.01	5	3885	买盘
10:26:21	7.76	--	67	52760	买盘
10:26:18	7.76	--	1	776	买盘
10:26:15	7.76	0.01	80	62080	买盘
10:26:06	7.75	-0.01	13	10075	卖盘
10:26:03	7.76	--	1	776	买盘
10:26:00	7.76	0.01	4	3104	买盘
10:25:57	7.75	--	7	5425	卖盘
10:25:54	7.75	--	10	7750	卖盘
10:25:51	7.75	-0.01	15	11625	卖盘
10:25:48	7.76	0.01	3	2328	买盘
10:25:45	7.75	0.01	12	9300	买盘
10:25:42	7.74	-0.02	3	2322	卖盘
10:25:36	7.76	--	21	16296	买盘
10:25:30	7.76	--	136	105536	买盘
10:25:27	7.76	--	17	13192	买盘
10:25:18	7.76	--	10	7760	买盘
10:25:15	7.76	0.01	9	6984	买盘
10:25:12	7.75	-0.01	48	37200	卖盘
10:25:09	7.76	0.01	19	14744	买盘
10:25:06	7.75	--	33	25575	卖盘
10:24:54	7.75	--	10	7750	卖盘
10:24:51	7.75	--	57	44175	买盘
10:24:45	7.75	--	2	1550	买盘
10:24:42	7.75	--	5	3875	买盘
10:24:39	7.75	--	10	7750	买盘
10:24:33	7.75	0.01	4	3100	买盘
10:24:30	7.74	--	40	30960	卖盘
10:24:24	7.74	-0.01	14	10836	卖盘
10:24:21	7.75	--	25	19375	买盘
10:24:18	7.75	0.01	3	2325	买盘
10:24:09	7.74	--	18	13932	卖盘
10:24:06	7.74	-0.01	10	7740	卖盘
10:24:03	7.75	--	9	6975	买盘
10:24:00	7.75	0.01	1	775	买盘
10:23:57	7.74	-0.01	7	5418	卖盘
10:23:54	7.75	--	9	6975	买盘
10:23:51	7.75	-0.01	13	10075	中性盘
10:23:48	7.76	0.02	9	6984	买盘
10:23:45	7.74	-0.01	8	6192	卖盘
10:23:42	7.75	--	9	6975	买盘
10:23:39	7.75	--	14	10850	买盘
10:23:36	7.75	--	2	1550	买盘
10:23:33	7.75	--	21	16275	买盘
10:23:30	7.75	--	13	10075	买盘
10:23:27	7.75	--	12	9300	买盘
10:23:24	7.75	0.01	214	165850	买盘
10:23:21	7.74	-0.01	18	13932	卖盘
10:23:18	7.75	--	35	27125	买盘
10:23:15	7.75	--	24	18600	买盘
10:23:09	7.75	0.01	3	2325	买盘
10:23:06	7.74	-0.01	10	7740	卖盘
10:23:03	7.75	--	86	66650	买盘
10:23:00	7.75	--	18	13950	买盘
10:22:57	7.75	--	38	29450	买盘
10:22:54	7.75	--	70	54250	买盘
10:22:51	7.75	--	29	22475	买盘
10:22:48	7.75	--	16	12400	买盘
10:22:42	7.75	--	13	10075	买盘
10:22:33	7.75	--	4	3100	买盘
10:22:30	7.75	--	9	6975	买盘
10:22:21	7.75	--	3	2325	买盘
10:22:18	7.75	--	25	19375	买盘
10:22:15	7.75	--	9	6975	买盘
10:22:03	7.75	0.01	6	4650	买盘
10:22:00	7.74	-0.01	20	15480	卖盘
10:21:57	7.75	0.01	2	1550	买盘
10:21:54	7.74	0.01	17	13158	买盘
10:21:51	7.73	--	20	15460	卖盘
10:21:39	7.73	-0.01	82	63386	卖盘
10:21:36	7.74	--	23	17802	买盘
10:21:30	7.74	--	4	3096	买盘
10:21:24	7.74	--	15	11610	买盘
10:21:15	7.74	--	6	4644	买盘
10:21:12	7.74	--	12	9288	买盘
10:21:09	7.74	-0.01	18	13932	卖盘
10:21:06	7.75	0.01	42	32550	买盘
10:21:03	7.74	-0.01	262	202788	卖盘
10:20:57	7.75	0.01	27	20925	买盘
10:20:54	7.74	--	3	2322	卖盘
10:20:48	7.74	--	71	54954	卖盘
10:20:45	7.74	-0.01	6	4644	卖盘
10:20:39	7.75	0.01	20	15500	买盘
10:20:36	7.74	--	3	2322	卖盘
10:20:33	7.74	-0.01	10	7740	卖盘
10:20:30	7.75	--	3	2325	买盘
10:20:18	7.75	--	30	23250	买盘
10:20:15	7.75	-0.01	70	54250	卖盘
10:20:09	7.76	0.01	26	20176	买盘
10:20:06	7.75	--	7	5425	卖盘
10:20:03	7.75	--	1	775	卖盘
10:19:57	7.75	-0.01	31	24025	卖盘
10:19:48	7.76	0.01	10	7760	买盘
10:19:45	7.75	-0.01	91	70525	卖盘
10:19:36	7.76	0.02	14	10864	买盘
10:19:33	7.74	-0.01	10	7740	卖盘
10:19:30	7.75	--	13	10075	买盘
10:19:27	7.75	--	6	4650	买盘
10:19:24	7.75	0.01	40	31000	买盘
10:19:21	7.74	-0.01	94	72756	卖盘
10:19:18	7.75	--	13	10075	卖盘
10:19:15	7.75	--	35	27125	卖盘
10:19:09	7.75	0.01	14	10850	卖盘
10:19:06	7.74	-0.01	100	77400	卖盘
10:19:00	7.75	--	5	3875	卖盘
10:18:57	7.75	--	34	26350	买盘
10:18:51	7.75	--	10	7750	买盘
10:18:48	7.75	--	21	16275	买盘
10:18:45	7.75	--	71	55025	卖盘
10:18:42	7.75	--	20	15500	卖盘
10:18:39	7.75	--	5	3875	卖盘
10:18:36	7.75	--	91	70525	卖盘
10:18:33	7.75	-0.01	30	23250	卖盘
10:18:30	7.76	0.01	2	1552	买盘
10:18:27	7.75	--	40	31000	卖盘
10:18:15	7.75	--	26	20150	卖盘
10:18:12	7.75	--	6	4650	卖盘
10:18:09	7.75	--	1	775	卖盘
10:18:06	7.75	--	45	34875	卖盘
10:18:03	7.75	-0.01	41	31775	卖盘
10:17:57	7.76	--	16	12416	买盘
10:17:51	7.76	--	63	48888	买盘
10:17:42	7.76	--	249	193224	买盘
10:17:39	7.76	--	3	2328	买盘
10:17:36	7.76	--	51	39576	买盘
10:17:30	7.76	--	2	1552	买盘
10:17:27	7.76	--	198	153648	卖盘
10:17:24	7.76	-0.01	38	29488	卖盘
10:17:21	7.77	0.01	26	20202	买盘
10:17:18	7.76	-0.01	32	24832	卖盘
10:17:12	7.77	0.01	13	10101	买盘
10:17:09	7.76	--	50	38800	卖盘
10:17:03	7.76	-0.01	20	15520	卖盘
10:17:00	7.77	--	5	3885	买盘
10:16:54	7.77	0.01	20	15540	买盘
10:16:51	7.76	-0.01	163	126488	卖盘
10:16:45	7.77	--	210	163170	买盘
10:16:42	7.77	--	8	6216	买盘
10:16:39	7.77	--	66	51282	买盘
10:16:30	7.77	--	9	6993	买盘
10:16:27	7.77	--	1	777	买盘
10:16:24	7.77	--	11	8547	买盘
10:16:21	7.77	--	53	41181	买盘
10:16:18	7.77	0.01	16	12432	买盘
10:16:15	7.76	-0.01	10	7760	卖盘
10:16:12	7.77	--	13	10101	买盘
10:16:09	7.77	--	13	10101	买盘
10:16:06	7.77	0.01	13	10101	买盘
10:16:03	7.76	-0.01	101	78376	卖盘
10:16:00	7.77	--	23	17871	买盘
10:15:57	7.77	--	21	16317	买盘
10:15:54	7.77	--	39	30303	买盘
10:15:51	7.77	--	41	31857	买盘
10:15:48	7.77	--	8	6216	买盘
10:15:42	7.77	--	13	10101	买盘
10:15:39	7.77	-0.01	13	10101	卖盘
10:15:36	7.78	--	3	2334	买盘
10:15:33	7.78	--	2	1556	买盘
10:15:30	7.78	0.01	56	43918	卖盘
10:15:21	7.77	-0.01	27	20979	卖盘
10:15:18	7.78	--	12	9763	买盘
10:15:15	7.78	0.01	20	15560	买盘
10:15:06	7.77	-0.02	10	7770	卖盘
10:14:57	7.79	0.01	157	122303	买盘
10:14:54	7.78	--	53	41584	卖盘
10:14:51	7.78	-0.01	70	54460	卖盘
10:14:48	7.79	--	13	10127	买盘
10:14:36	7.79	--	35	27265	买盘
10:14:33	7.79	--	9	7011	卖盘
10:14:30	7.79	--	135	105165	买盘
10:14:27	7.79	--	10	7790	买盘
10:14:24	7.79	--	100	77900	买盘
10:14:18	7.79	--	18	14022	买盘
10:14:15	7.79	--	92	71668	卖盘
10:14:12	7.79	-0.01	19	14801	卖盘
10:14:09	7.8	--	15	11700	买盘
10:14:03	7.8	--	39	30420	买盘
10:14:00	7.8	--	25	19500	买盘
10:13:57	7.8	--	4	3120	买盘
10:13:51	7.8	0.01	9	7020	买盘
10:13:45	7.79	0.01	2	1558	卖盘
10:13:36	7.78	--	2600	2022800	卖盘
10:13:30	7.78	-0.01	45	35010	卖盘
10:13:27	7.79	--	13	10127	买盘
10:13:24	7.79	0.01	14	10906	买盘
10:13:21	7.78	--	9	7429	买盘
10:13:18	7.78	--	28	21784	买盘
10:13:15	7.78	--	16	12448	买盘
10:13:12	7.78	--	5	3890	买盘
10:13:09	7.78	--	31	24118	买盘
10:13:06	7.78	--	22	17116	买盘
10:13:03	7.78	0.01	87	67686	买盘
10:13:00	7.77	-0.01	33	25641	卖盘
10:12:57	7.78	--	57	44346	买盘
10:12:54	7.78	--	23	17894	买盘
10:12:51	7.78	--	32	24896	买盘
10:12:45	7.78	--	10	7780	买盘
10:12:42	7.78	0.02	168	130704	买盘
10:12:39	7.76	-0.01	50	38800	卖盘
10:12:36	7.77	--	7	5439	买盘
10:12:33	7.77	--	13	10101	买盘
10:12:27	7.77	0.02	613	476301	买盘
10:12:24	7.75	-0.01	10	7750	卖盘
10:12:21	7.76	--	52	40352	买盘
10:12:18	7.76	--	20	15520	买盘
10:12:15	7.76	--	31	24056	买盘
10:12:12	7.76	0.01	190	147440	买盘
10:12:09	7.75	--	104	80600	买盘
10:12:06	7.75	--	336	260400	买盘
10:12:03	7.75	--	41	31775	买盘
10:12:00	7.75	--	72	55800	买盘
10:11:57	7.75	--	28	21700	买盘
10:11:54	7.75	0.01	13	10075	买盘
10:11:51	7.74	--	22	17028	卖盘
10:11:48	7.74	-0.01	11	8514	卖盘
10:11:42	7.75	0.01	41	32185	买盘
10:11:39	7.74	--	113	87462	买盘
10:11:36	7.74	--	2	1548	买盘
10:11:33	7.74	--	36	27864	买盘
10:11:30	7.74	--	22	17028	买盘
10:11:21	7.74	--	7	5418	买盘
10:11:18	7.74	--	9	6966	买盘
10:11:15	7.74	--	22	17028	买盘
10:11:12	7.74	--	56	43344	买盘
10:11:09	7.74	--	70	54543	卖盘
10:11:06	7.74	--	86	66974	买盘
10:11:03	7.74	--	35	27090	买盘
10:11:00	7.74	--	5	3870	买盘
10:10:57	7.74	--	60	46440	买盘
10:10:54	7.74	--	71	54954	买盘
10:10:51	7.74	--	13	10062	买盘
10:10:45	7.74	0.01	31	23994	买盘
10:10:42	7.73	-0.01	5	3865	卖盘
10:10:33	7.74	--	6	4644	买盘
10:10:30	7.74	0.01	5	3870	买盘
10:10:27	7.73	--	22	17006	卖盘
10:10:18	7.73	--	150	115950	卖盘
10:10:15	7.73	-0.01	53	40969	卖盘
10:10:12	7.74	0.01	2	1548	买盘
10:10:09	7.73	--	1	773	卖盘
10:10:06	7.73	-0.01	10	7730	卖盘
10:10:03	7.74	0.01	1	774	买盘
10:10:00	7.73	-0.01	30	23190	卖盘
10:09:57	7.74	0.01	10	7740	买盘
10:09:51	7.73	0.01	197	152281	买盘
10:09:48	7.72	-0.01	14	10808	卖盘
10:09:42	7.73	--	40	30920	买盘
10:09:39	7.73	-0.01	6	4638	中性盘
10:09:36	7.74	0.01	69	53406	买盘
10:09:33	7.73	--	37	28601	卖盘
10:09:30	7.73	--	60	46380	卖盘
10:09:27	7.73	-0.01	25	19325	卖盘
10:09:24	7.74	--	41	31734	买盘
10:09:21	7.74	--	104	80496	买盘
10:09:15	7.74	--	8	6192	买盘
10:09:12	7.74	0.02	87	67338	买盘
10:09:06	7.72	-0.01	123	94956	卖盘
10:09:03	7.73	--	4	3092	买盘
10:09:00	7.73	--	1	773	买盘
10:08:57	7.73	--	4	3092	买盘
10:08:51	7.73	-0.01	90	69570	卖盘
10:08:45	7.74	0.01	9	6966	买盘
10:08:42	7.73	--	40	30920	中性盘
10:08:36	7.73	0.01	217	167741	买盘
10:08:27	7.72	--	58	45463	买盘
10:08:24	7.72	0.01	523	403756	买盘
10:08:21	7.71	--	69	53199	卖盘
10:08:18	7.71	-0.01	130	100230	卖盘
10:08:15	7.72	--	200	154400	买盘
10:08:12	7.72	--	12	9264	买盘
10:08:09	7.72	--	6	4632	买盘
10:08:06	7.72	0.01	75	57900	买盘
10:08:03	7.71	-0.01	10	7710	卖盘
10:07:57	7.72	--	156	120432	买盘
10:07:54	7.72	0.01	55	42460	买盘
10:07:48	7.71	-0.01	23	17733	卖盘
10:07:45	7.72	--	7	5404	买盘
10:07:36	7.72	0.01	216	166752	买盘
10:07:33	7.71	-0.01	72	55512	卖盘
10:07:27	7.72	--	17	13124	买盘
10:07:24	7.72	--	23	17756	买盘
10:07:18	7.72	0.01	179	138188	买盘
10:07:15	7.71	-0.01	24	18504	卖盘
10:07:12	7.72	--	6	4632	买盘
10:07:09	7.72	--	5	3860	买盘
10:07:06	7.72	--	41	31652	买盘
10:07:00	7.72	--	463	357436	买盘
10:06:57	7.72	--	1440	1111680	卖盘
10:06:51	7.72	--	12	9264	卖盘
10:06:48	7.72	-0.01	418	322696	卖盘
10:06:45	7.73	--	59	45607	买盘
10:06:42	7.73	0.01	7	5411	买盘
10:06:39	7.72	--	20	15440	卖盘
10:06:36	7.72	-0.01	24	18528	卖盘
10:06:33	7.73	--	3	2319	买盘
10:06:27	7.73	--	3	2319	买盘
10:06:24	7.73	--	687	531051	卖盘
10:06:21	7.73	--	9	6957	卖盘
10:06:18	7.73	-0.01	30	23190	卖盘
10:06:15	7.74	0.01	178	137772	买盘
10:06:12	7.73	--	35	27055	卖盘
10:06:09	7.73	--	6	4638	卖盘
10:06:06	7.73	--	93	71889	卖盘
10:06:03	7.73	--	6	4638	卖盘
10:06:00	7.73	-0.01	171	132183	卖盘
10:05:57	7.74	0.01	360	278640	买盘
10:05:54	7.73	--	55	42515	卖盘
10:05:51	7.73	--	132	102036	卖盘
10:05:48	7.73	-0.01	19	14687	卖盘
10:05:45	7.74	0.01	10	7740	买盘
10:05:39	7.73	-0.01	739	571247	卖盘
10:05:36	7.74	--	10	7740	买盘
10:05:33	7.74	--	81	63057	卖盘
10:05:30	7.74	--	60	46440	卖盘
10:05:27	7.74	--	17	13158	卖盘
10:05:21	7.74	--	27	20898	卖盘
10:05:18	7.74	--	18	13932	卖盘
10:05:15	7.74	-0.01	55	42570	卖盘
10:05:12	7.75	0.01	102	79050	买盘
10:05:09	7.74	--	500	387000	卖盘
10:05:06	7.74	-0.01	9	6966	卖盘
10:05:03	7.75	--	2	1550	卖盘
10:04:57	7.75	--	50	38750	卖盘
10:04:54	7.75	--	92	71300	卖盘
10:04:48	7.75	--	20	15500	卖盘
10:04:45	7.75	-0.01	102	79050	卖盘
10:04:42	7.76	--	115	89240	买盘
10:04:39	7.76	0.01	26	20176	买盘
10:04:33	7.75	-0.01	100	77500	卖盘
10:04:27	7.76	--	72	55872	买盘
10:04:24	7.76	--	211	163736	买盘
10:04:21	7.76	0.01	1	776	买盘
10:04:18	7.75	--	51	39525	卖盘
10:04:15	7.75	--	62	48050	卖盘
10:04:12	7.75	--	20	15500	卖盘
10:04:09	7.75	--	36	27900	卖盘
10:04:06	7.75	--	57	44175	卖盘
10:04:03	7.75	--	237	183675	卖盘
10:04:00	7.75	--	63	48825	卖盘
10:03:57	7.75	-0.01	126	97650	卖盘
10:03:54	7.76	0.01	14	10864	买盘
10:03:51	7.75	--	120	93000	卖盘
10:03:48	7.75	--	10	7750	卖盘
10:03:42	7.75	-0.01	50	38750	卖盘
10:03:36	7.76	0.01	50	38800	买盘
10:03:33	7.75	-0.01	10	7750	卖盘
10:03:27	7.76	--	8	6208	买盘
10:03:21	7.76	0.01	18	13968	买盘
10:03:18	7.75	-0.01	71	55792	卖盘
10:03:15	7.76	--	109	84584	卖盘
10:03:12	7.76	-0.01	205	159080	卖盘
10:03:09	7.77	0.01	60	46620	买盘
10:03:06	7.76	--	32	24832	卖盘
10:03:00	7.76	--	3	2328	卖盘
10:02:57	7.76	-0.01	37	28712	卖盘
10:02:54	7.77	--	3	2331	卖盘
10:02:51	7.77	--	30	23310	卖盘
10:02:48	7.77	--	5	3885	卖盘
10:02:45	7.77	0.01	5	3885	买盘
10:02:42	7.76	-0.01	104	80704	卖盘
10:02:39	7.77	0.01	283	219891	买盘
10:02:33	7.76	--	30	23280	卖盘
10:02:30	7.76	--	63	48888	买盘
10:02:27	7.76	--	3	2328	买盘
10:02:24	7.76	-0.01	40	31040	买盘
10:02:21	7.77	0.01	100	77700	买盘
10:02:18	7.76	--	19	14744	买盘
10:02:15	7.76	--	1	776	买盘
10:02:12	7.76	--	1	776	买盘
10:02:09	7.76	-0.01	63	48888	卖盘
10:02:06	7.77	0.01	39	30303	买盘
10:02:03	7.76	-0.01	54	41904	卖盘
10:02:00	7.77	--	8	6216	买盘
10:01:57	7.77	--	10	7770	买盘
10:01:54	7.77	0.01	122	94794	买盘
10:01:51	7.76	--	231	179256	买盘
10:01:48	7.76	--	7	5432	买盘
10:01:45	7.76	--	49	38024	买盘
10:01:42	7.76	--	32	24832	买盘
10:01:39	7.76	--	59	45784	买盘
10:01:36	7.76	--	7	5432	买盘
10:01:33	7.76	--	18	13968	买盘
10:01:30	7.76	0.01	106	82256	买盘
10:01:27	7.75	-0.01	56	43400	卖盘
10:01:24	7.76	0.01	110	85360	买盘
10:01:18	7.75	-0.01	7	5425	卖盘
10:01:15	7.76	0.01	43	33368	买盘
10:01:12	7.75	--	20	15500	卖盘
10:01:09	7.75	-0.01	20	15500	卖盘
10:01:03	7.76	--	33	25608	买盘
10:01:00	7.76	0.01	98	76048	买盘
10:00:57	7.75	--	100	77500	卖盘
10:00:54	7.75	--	32	24800	卖盘
10:00:51	7.75	-0.01	103	79825	卖盘
10:00:48	7.76	--	9	6984	买盘
10:00:45	7.76	0.01	106	82256	买盘
10:00:39	7.75	-0.01	24	18600	卖盘
10:00:33	7.76	0.01	3	2328	买盘
10:00:30	7.75	--	6	4650	买盘
10:00:27	7.75	--	84	65100	买盘
10:00:24	7.75	--	10	7750	卖盘
10:00:21	7.75	--	55	42625	买盘
10:00:18	7.75	-0.01	3	2325	买盘
10:00:12	7.76	--	47	36472	买盘
10:00:09	7.76	0.01	1	776	买盘
10:00:06	7.75	-0.01	10	7750	卖盘
10:00:03	7.76	0.02	57	44232	买盘
09:59:54	7.74	-0.01	46	35604	卖盘
09:59:51	7.75	0.01	464	360010	买盘
09:59:48	7.74	--	140	108360	买盘
09:59:45	7.74	--	5	3870	买盘
09:59:42	7.74	-0.01	16	12384	卖盘
09:59:39	7.75	0.01	68	52700	买盘
09:59:36	7.74	--	31	23994	买盘
09:59:33	7.74	-0.01	189	146286	卖盘
09:59:30	7.75	0.02	3	2325	买盘
09:59:21	7.73	-0.01	68	52564	卖盘
09:59:18	7.74	--	35	27090	卖盘
09:59:15	7.74	0.01	157	121518	买盘
09:59:12	7.73	--	103	79619	卖盘
09:59:09	7.73	-0.01	32	24736	卖盘
09:59:03	7.74	--	81	62694	买盘
09:59:00	7.74	--	33	25542	买盘
09:58:57	7.74	--	119	92106	买盘
09:58:54	7.74	--	177	136998	买盘
09:58:51	7.74	--	246	190404	买盘
09:58:48	7.74	0.01	100	77400	买盘
09:58:45	7.73	-0.01	51	39423	卖盘
09:58:42	7.74	--	36	27864	买盘
09:58:39	7.74	--	10	7740	买盘
09:58:36	7.74	0.01	106	82044	买盘
09:58:33	7.73	-0.01	100	77300	卖盘
09:58:30	7.74	--	1	774	买盘
09:58:27	7.74	0.01	7	5418	买盘
09:58:24	7.73	--	95	73435	卖盘
09:58:21	7.73	-0.01	5	3865	卖盘
09:58:18	7.74	0.01	5	3870	买盘
09:58:15	7.73	--	2	1546	卖盘
09:58:12	7.73	0.01	4	3092	中性盘
09:58:09	7.72	-0.01	98	75656	卖盘
09:58:06	7.73	--	8	6184	卖盘
09:58:03	7.73	--	47	36331	买盘
09:57:51	7.73	-0.01	722	558106	卖盘
09:57:48	7.74	-0.01	25	19350	卖盘
09:57:45	7.75	0.01	344	266600	买盘
09:57:42	7.74	-0.01	10	7740	卖盘
09:57:39	7.75	--	90	69750	买盘
09:57:36	7.75	--	34	26350	买盘
09:57:33	7.75	0.01	23	17825	买盘
09:57:30	7.74	-0.01	6	4644	卖盘
09:57:27	7.75	--	78	60450	买盘
09:57:24	7.75	--	165	128239	卖盘
09:57:21	7.75	-0.01	113	87575	卖盘
09:57:18	7.76	0.01	174	135435	买盘
09:57:15	7.75	--	312	241800	买盘
09:57:12	7.75	-0.01	175	135989	卖盘
09:57:09	7.76	--	24	18624	买盘
09:57:06	7.76	--	35	27160	买盘
09:57:03	7.76	--	8	6208	买盘
09:56:54	7.76	0.01	813	630888	买盘
09:56:51	7.75	-0.01	30	23250	卖盘
09:56:48	7.76	-0.01	13	10088	卖盘
09:56:42	7.77	0.02	48	37296	买盘
09:56:39	7.75	-0.01	630	488250	卖盘
09:56:33	7.76	-0.01	39	30264	卖盘
09:56:30	7.77	0.02	14	10878	买盘
09:56:27	7.75	-0.02	501	388275	卖盘
09:56:24	7.77	-0.01	6	4662	买盘
09:56:21	7.78	--	5	3890	买盘
09:56:18	7.78	0.03	6	4668	买盘
09:56:15	7.75	-0.03	566	438650	卖盘
09:56:12	7.78	0.01	50	38900	买盘
09:56:09	7.77	-0.01	2	1554	卖盘
09:56:06	7.78	--	5	3890	买盘
09:56:03	7.78	0.01	56	43568	买盘
09:56:00	7.77	0.02	24	18648	买盘
09:55:57	7.75	-0.02	270	209250	卖盘
09:55:48	7.77	0.02	2	1554	买盘
09:55:45	7.75	-0.02	500	387500	卖盘
09:55:42	7.77	--	96	74592	买盘
09:55:39	7.77	0.02	20	15540	买盘
09:55:36	7.75	-0.01	1038	804450	卖盘
09:55:33	7.76	-0.01	145	112520	卖盘
09:55:30	7.77	--	10	7770	买盘
09:55:27	7.77	--	51	39627	买盘
09:55:24	7.77	--	18	13986	买盘
09:55:21	7.77	0.01	96	74592	买盘
09:55:18	7.76	-0.02	46	35696	卖盘
09:55:15	7.78	0.01	12	9336	买盘
09:55:12	7.77	--	2	1554	卖盘
09:55:09	7.77	--	69	53613	买盘
09:55:06	7.77	0.01	524	407148	买盘
09:55:03	7.76	-0.01	162	125712	卖盘
09:55:00	7.77	--	6	4662	买盘
09:54:57	7.77	-0.01	35	27195	买盘
09:54:51	7.78	--	21	16338	卖盘
09:54:48	7.78	0.02	490	381220	中性盘
09:54:45	7.76	-0.03	1001	776776	卖盘
09:54:42	7.79	0.01	394	306926	买盘
09:54:39	7.78	0.01	48	37344	买盘
09:54:36	7.77	-0.02	71	55167	卖盘
09:54:33	7.79	--	30	23370	买盘
09:54:30	7.79	0.03	12	9348	买盘
09:54:27	7.76	-0.03	500	388000	卖盘
09:54:24	7.79	--	60	46740	买盘
09:54:21	7.79	--	15	11685	买盘
09:54:18	7.79	0.01	570	444030	买盘
09:54:15	7.78	-0.01	1	778	卖盘
09:54:12	7.79	--	52	40508	买盘
09:54:09	7.79	-0.01	7	5453	中性盘
09:54:06	7.8	0.01	40	31200	买盘
09:54:03	7.79	--	1010	786790	卖盘
09:54:00	7.79	-0.01	193	150347	卖盘
09:53:57	7.8	--	13	10140	买盘
09:53:54	7.8	--	19	14820	买盘
09:53:51	7.8	--	70	54600	买盘
09:53:48	7.8	0.02	12	9360	买盘
09:53:45	7.78	-0.02	543	422454	卖盘
09:53:42	7.8	0.01	122	95160	买盘
09:53:39	7.79	--	2	1558	卖盘
09:53:36	7.79	-0.01	191	148789	中性盘
09:53:33	7.8	0.02	535	417300	买盘
09:53:30	7.78	--	92	71576	买盘
09:53:27	7.78	--	10	7780	买盘
09:53:24	7.78	-0.01	547	425566	卖盘
09:53:21	7.79	0.01	4	3116	中性盘
09:53:18	7.78	-0.01	32	24896	卖盘
09:53:15	7.79	--	65	50635	买盘
09:53:12	7.79	0.01	173	134767	买盘
09:53:09	7.78	--	518	403004	卖盘
09:53:06	7.78	-0.02	10	7780	卖盘
09:53:03	7.8	0.03	305	237900	买盘
09:53:00	7.77	--	30	23310	卖盘
09:52:57	7.77	-0.01	520	404040	卖盘
09:52:54	7.78	--	58	45124	买盘
09:52:51	7.78	--	108	84024	买盘
09:52:48	7.78	--	102	79356	买盘
09:52:45	7.78	-0.01	317	246626	卖盘
09:52:42	7.79	--	36	28044	买盘
09:52:39	7.79	--	21	16359	买盘
09:52:36	7.79	--	99	77121	卖盘
09:52:33	7.79	--	577	449895	买盘
09:52:30	7.79	--	45	35055	买盘
09:52:27	7.79	--	87	67773	买盘
09:52:18	7.79	--	135	105165	卖盘
09:52:15	7.79	--	37	28823	买盘
09:52:12	7.79	-0.01	153	119187	卖盘
09:52:09	7.8	--	42	32760	买盘
09:52:06	7.8	--	98	76440	卖盘
09:52:03	7.8	--	58	45240	买盘
09:52:00	7.8	--	88	68640	买盘
09:51:57	7.8	0.01	100	78000	买盘
09:51:54	7.79	-0.01	74	57646	中性盘
09:51:51	7.8	0.01	30	23400	买盘
09:51:45	7.79	-0.01	122	95038	卖盘
09:51:42	7.8	--	60	46800	买盘
09:51:39	7.8	--	189	147420	买盘
09:51:36	7.8	--	40	31200	买盘
09:51:33	7.8	--	154	120120	买盘
09:51:30	7.8	0.01	61	47580	买盘
09:51:27	7.79	--	126	98154	卖盘
09:51:24	7.79	-0.01	67	52193	卖盘
09:51:21	7.8	0.05	23	17940	买盘
09:51:15	7.75	--	51	39525	卖盘
09:51:12	7.75	--	53	41075	卖盘
09:51:09	7.75	--	1	775	卖盘
09:51:06	7.75	--	2992	2318800	买盘
09:51:03	7.75	--	33	25575	买盘
09:51:00	7.75	--	47	36425	买盘
09:50:57	7.75	--	90	69750	买盘
09:50:54	7.75	--	122	94550	买盘
09:50:51	7.75	-0.07	1897	1470175	卖盘
09:50:48	7.82	0.01	403	315146	买盘
09:50:45	7.81	-0.01	10	7810	中性盘
09:50:42	7.82	--	456	356592	买盘
09:50:39	7.82	--	57	44574	买盘
09:50:36	7.82	--	297	232254	买盘
09:50:33	7.82	--	697	545054	卖盘
09:50:30	7.82	--	100	78200	卖盘
09:50:27	7.82	-0.01	301	235382	卖盘
09:50:24	7.83	--	51	39933	买盘
09:50:21	7.83	--	131	102573	买盘
09:50:18	7.83	0.01	36	28188	买盘
09:50:15	7.82	-0.02	163	127466	卖盘
09:50:12	7.84	0.01	341	267344	买盘
09:50:09	7.83	--	101	79083	卖盘
09:50:06	7.83	--	55	43065	卖盘
09:50:03	7.83	-0.02	115	90045	卖盘
09:50:00	7.85	--	282	221370	买盘
09:49:57	7.85	0.01	52	40820	买盘
09:49:54	7.84	-0.02	168	131712	卖盘
09:49:51	7.86	0.01	723	568278	买盘
09:49:48	7.85	-0.01	305	239425	卖盘
09:49:45	7.86	--	111	87246	买盘
09:49:42	7.86	0.01	59	46374	买盘
09:49:39	7.85	--	406	318710	卖盘
09:49:36	7.85	-0.02	267	209595	卖盘
09:49:33	7.87	--	2500	1967500	买盘
09:49:30	7.87	0.01	204	160548	买盘
09:49:27	7.86	-0.01	545	428370	卖盘
09:49:24	7.87	--	556	437572	买盘
09:49:21	7.87	0.01	202	158974	买盘
09:49:18	7.86	--	171	134406	卖盘
09:49:15	7.86	--	678	532908	买盘
09:49:12	7.86	0.01	138	108468	买盘
09:49:09	7.85	-0.01	161	126385	卖盘
09:49:06	7.86	--	123	96678	买盘
09:49:03	7.86	0.02	351	275886	买盘
09:49:00	7.84	-0.02	362	283808	卖盘
09:48:57	7.86	-0.01	28	22008	中性盘
09:48:54	7.87	0.02	631	496597	买盘
09:48:51	7.85	--	189	148365	买盘
09:48:48	7.85	--	118	92630	买盘
09:48:45	7.85	--	262	205670	买盘
09:48:42	7.85	--	156	122460	卖盘
09:48:39	7.85	-0.02	35	27475	卖盘
09:48:36	7.87	0.03	1931	1519697	买盘
09:48:33	7.84	--	269	210896	卖盘
09:48:30	7.84	--	59	46256	卖盘
09:48:27	7.84	0.02	1412	1107008	买盘
09:48:24	7.82	--	77	60214	卖盘
09:48:21	7.82	-0.01	354	276828	卖盘
09:48:18	7.83	0.02	955	747765	买盘
09:48:15	7.81	-0.01	8	6248	卖盘
09:48:12	7.82	--	113	88366	买盘
09:48:09	7.82	0.01	557	435574	买盘
09:48:06	7.81	--	131	102311	买盘
09:48:03	7.81	0.01	50	39050	买盘
09:48:00	7.8	0.01	54	42120	买盘
09:47:57	7.79	--	37	28823	卖盘
09:47:54	7.79	-0.02	76	59204	卖盘
09:47:51	7.81	0.02	133	103873	买盘
09:47:48	7.79	-0.01	757	589703	卖盘
09:47:45	7.8	0.01	48	37440	买盘
09:47:42	7.79	0.01	10	7790	买盘
09:47:39	7.78	-0.01	82	63796	卖盘
09:47:36	7.79	0.01	30	23370	买盘
09:47:33	7.78	--	219	170382	买盘
09:47:30	7.78	0.01	87	67686	买盘
09:47:27	7.77	-0.01	137	106449	卖盘
09:47:24	7.78	--	69	53682	买盘
09:47:21	7.78	--	89	69242	买盘
09:47:18	7.78	0.01	89	69242	买盘
09:47:15	7.77	-0.01	382	296814	卖盘
09:47:12	7.78	0.01	50	38900	买盘
09:47:09	7.77	--	23	17871	卖盘
09:47:06	7.77	--	3	2331	卖盘
09:47:03	7.77	0.02	61	47397	买盘
09:47:00	7.75	-0.01	41	31775	卖盘
09:46:57	7.76	0.01	7381	5727656	买盘
09:46:54	7.75	--	234	181350	卖盘
09:46:51	7.75	-0.01	405	313875	卖盘
09:46:48	7.76	0.01	498	386448	买盘
09:46:45	7.75	--	45	34875	买盘
09:46:42	7.75	--	19	14725	买盘
09:46:39	7.75	0.01	100	77500	买盘
09:46:36	7.74	-0.01	100	77400	卖盘
09:46:33	7.75	--	212	164300	买盘
09:46:30	7.75	--	288	223200	卖盘
09:46:27	7.75	--	10	7750	卖盘
09:46:24	7.75	--	166	128650	卖盘
09:46:21	7.75	0.01	10	7750	买盘
09:46:15	7.74	-0.02	304	235296	卖盘
09:46:12	7.76	--	336	260736	买盘
09:46:09	7.76	0.01	416	322816	买盘
09:46:06	7.75	--	75	58125	买盘
09:46:03	7.75	--	41	31775	买盘
09:46:00	7.75	--	166	128650	卖盘
09:45:57	7.75	--	63	48825	卖盘
09:45:54	7.75	--	29	22475	卖盘
09:45:51	7.75	-0.01	263	203825	卖盘
09:45:48	7.76	--	100	77600	买盘
09:45:45	7.76	0.01	123	95448	买盘
09:45:42	7.75	--	98	75950	卖盘
09:45:36	7.75	--	52	40300	卖盘
09:45:33	7.75	-0.01	1	775	卖盘
09:45:30	7.76	--	39	30264	买盘
09:45:27	7.76	--	17	13192	买盘
09:45:24	7.76	--	34	26384	买盘
09:45:21	7.76	--	39	30264	买盘
09:45:18	7.76	--	20	15520	买盘
09:45:15	7.76	--	1	776	买盘
09:45:12	7.76	--	240	186240	卖盘
09:45:09	7.76	--	20	15520	卖盘
09:45:06	7.76	--	51	39576	卖盘
09:45:03	7.76	--	245	190120	卖盘
09:45:00	7.76	--	51	39576	卖盘
09:44:57	7.76	--	50	38800	卖盘
09:44:54	7.76	--	41	31816	卖盘
09:44:51	7.76	--	728	564928	卖盘
09:44:48	7.76	--	16	12416	卖盘
09:44:45	7.76	0.01	457	354632	买盘
09:44:42	7.75	-0.01	242	187550	卖盘
09:44:39	7.76	--	109	84584	买盘
09:44:36	7.76	--	72	55872	买盘
09:44:33	7.76	--	191	148216	买盘
09:44:30	7.76	--	130	100880	买盘
09:44:27	7.76	--	83	64408	买盘
09:44:24	7.76	--	60	46560	买盘
09:44:21	7.76	-0.01	374	290224	卖盘
09:44:18	7.77	0.01	15	11655	买盘
09:44:15	7.76	-0.01	99	76824	卖盘
09:44:12	7.77	--	165	128205	买盘
09:44:09	7.77	--	107	83139	买盘
09:44:06	7.77	0.01	90	69930	买盘
09:44:03	7.76	--	84	65184	卖盘
09:44:00	7.76	--	144	111744	买盘
09:43:57	7.76	--	20	15520	买盘
09:43:54	7.76	0.01	44	34144	买盘
09:43:51	7.75	-0.01	67	51925	卖盘
09:43:48	7.76	-0.02	18	13968	卖盘
09:43:45	7.78	0.02	407	316646	买盘
09:43:42	7.76	--	153	118728	卖盘
09:43:39	7.76	--	310	240560	买盘
09:43:36	7.76	0.01	183	142008	买盘
09:43:33	7.75	0.01	41	31775	中性盘
09:43:30	7.74	-0.02	27	20898	卖盘
09:43:27	7.76	--	65	50440	卖盘
09:43:24	7.76	--	5	3880	买盘
09:43:21	7.76	0.02	5	3880	中性盘
09:43:18	7.74	-0.02	90	69660	卖盘
09:43:15	7.76	-0.01	506	392656	中性盘
09:43:09	7.77	--	149	116518	买盘
09:43:06	7.77	0.01	82	63714	买盘
09:43:03	7.76	--	2	1552	卖盘
09:43:00	7.76	--	96	74496	卖盘
09:42:57	7.76	0.03	2721	2111527	买盘
09:42:54	7.73	--	18	13914	卖盘
09:42:51	7.73	--	65	50245	卖盘
09:42:48	7.73	--	5	3865	卖盘
09:42:45	7.73	0.01	60	46380	卖盘
09:42:42	7.72	--	10	7720	卖盘
09:42:39	7.72	-0.01	94	72568	卖盘
09:42:36	7.73	--	28	21644	买盘
09:42:33	7.73	0.01	50	38650	买盘
09:42:30	7.72	--	364	281008	卖盘
09:42:27	7.72	-0.01	6	4632	卖盘
09:42:24	7.73	0.01	104	80392	买盘
09:42:21	7.72	-0.01	51	39372	卖盘
09:42:18	7.73	--	53	40969	买盘
09:42:15	7.73	0.01	358	276734	买盘
09:42:06	7.72	0.01	60	46320	买盘
09:42:03	7.71	-0.01	108	83268	卖盘
09:42:00	7.72	-0.01	119	91868	卖盘
09:41:57	7.73	0.01	118	91214	买盘
09:41:54	7.72	-0.01	179	138188	卖盘
09:41:51	7.73	--	29	22417	买盘
09:41:48	7.73	--	21	16233	买盘
09:41:45	7.73	-0.01	39	30147	中性盘
09:41:42	7.74	--	660	510840	买盘
09:41:39	7.74	--	81	62694	买盘
09:41:36	7.74	0.01	13	10062	买盘
09:41:33	7.73	--	124	95852	卖盘
09:41:30	7.73	--	15	11595	卖盘
09:41:27	7.73	-0.01	10	7730	卖盘
09:41:24	7.74	0.01	90	69660	买盘
09:41:21	7.73	--	5	3865	买盘
09:41:18	7.73	--	83	64159	买盘
09:41:15	7.73	--	398	307654	买盘
09:41:12	7.73	0.01	4	3092	买盘
09:41:09	7.72	-0.02	21	16212	卖盘
09:41:03	7.74	0.02	9	6966	买盘
09:41:00	7.72	-0.02	3	2316	卖盘
09:40:57	7.74	0.01	24	18576	买盘
09:40:54	7.73	0.01	19	14687	卖盘
09:40:51	7.72	--	56	43232	卖盘
09:40:48	7.72	--	175	135100	卖盘
09:40:45	7.72	-0.01	82	63304	卖盘
09:40:42	7.73	--	100	77300	买盘
09:40:39	7.73	--	29	22417	买盘
09:40:36	7.73	-0.02	81	62613	中性盘
09:40:33	7.75	--	262	203050	买盘
09:40:30	7.75	--	61	47275	买盘
09:40:27	7.75	-0.01	122	94550	卖盘
09:40:24	7.76	--	130	100880	卖盘
09:40:21	7.76	--	1252	971552	买盘
09:40:18	7.76	--	156	121056	买盘
09:40:15	7.76	--	47	36472	买盘
09:40:12	7.76	--	228	176928	卖盘
09:40:09	7.76	-0.01	266	206416	卖盘
09:40:06	7.77	0.02	677	526029	买盘
09:40:03	7.75	--	67	51925	买盘
09:40:00	7.75	-0.01	382	296050	卖盘
09:39:57	7.76	--	155	120280	买盘
09:39:54	7.76	0.01	35	27160	买盘
09:39:51	7.75	--	173	134075	卖盘
09:39:48	7.75	--	164	127100	卖盘
09:39:45	7.75	0.01	1390	1077250	买盘
09:39:42	7.74	--	84	65016	卖盘
09:39:39	7.74	0.01	238	184212	买盘
09:39:36	7.73	-0.01	37	28601	卖盘
09:39:33	7.74	0.01	9	6966	买盘
09:39:30	7.73	--	5	3865	卖盘
09:39:27	7.73	--	14	10822	卖盘
09:39:24	7.73	--	108	83484	买盘
09:39:21	7.73	--	139	107447	买盘
09:39:18	7.73	0.02	55	42515	买盘
09:39:15	7.71	--	12	9252	卖盘
09:39:12	7.71	-0.02	109	84039	卖盘
09:39:09	7.73	--	33	25509	买盘
09:39:06	7.73	0.02	50	38650	买盘
09:39:03	7.71	--	914	704694	买盘
09:39:00	7.71	0.01	19	14649	买盘
09:38:57	7.7	-0.01	55	42350	中性盘
09:38:54	7.71	0.02	248	191208	买盘
09:38:51	7.69	-0.02	133	102277	卖盘
09:38:48	7.71	0.01	58	44718	买盘
09:38:45	7.7	0.01	38	29260	买盘
09:38:42	7.69	-0.01	77	59213	卖盘
09:38:39	7.7	--	1000	770000	买盘
09:38:36	7.7	0.01	101	77770	买盘
09:38:33	7.69	--	74	56906	卖盘
09:38:30	7.69	--	30	23070	卖盘
09:38:27	7.69	--	24	18456	卖盘
09:38:24	7.69	0.01	241	185329	买盘
09:38:21	7.68	-0.01	198	152064	卖盘
09:38:18	7.69	--	74	56906	买盘
09:38:15	7.69	0.01	45	34605	买盘
09:38:09	7.68	-0.01	26	19968	卖盘
09:38:06	7.69	0.01	92	70748	买盘
09:38:03	7.68	-0.01	117	89856	卖盘
09:37:57	7.69	--	500	384500	买盘
09:37:51	7.69	-0.01	18	13842	中性盘
09:37:48	7.7	0.01	527	405790	买盘
09:37:45	7.69	--	520	399880	买盘
09:37:42	7.69	0.01	39	29991	中性盘
09:37:39	7.68	-0.01	3	2304	卖盘
09:37:36	7.69	--	176	135344	买盘
09:37:33	7.69	0.01	130	99970	买盘
09:37:30	7.68	--	126	96768	卖盘
09:37:27	7.68	-0.01	38	29184	卖盘
09:37:24	7.69	0.01	116	89204	买盘
09:37:21	7.68	--	13	9984	卖盘
09:37:18	7.68	--	20	15360	卖盘
09:37:12	7.68	-0.01	10	7680	卖盘
09:37:09	7.69	--	15	11535	买盘
09:37:03	7.69	0.01	22	16918	买盘
09:36:57	7.68	-0.01	21	16128	卖盘
09:36:54	7.69	0.01	253	194557	买盘
09:36:51	7.68	--	77	59136	卖盘
09:36:48	7.68	-0.01	29	22272	卖盘
09:36:45	7.69	0.01	32	24608	买盘
09:36:42	7.68	--	40	30720	买盘
09:36:39	7.68	--	506	388608	买盘
09:36:36	7.68	--	100	76800	买盘
09:36:33	7.68	-0.01	43	33024	卖盘
09:36:30	7.69	--	185	142265	买盘
09:36:27	7.69	0.01	48	36912	买盘
09:36:24	7.68	-0.01	154	118272	卖盘
09:36:21	7.69	0.01	104	79976	买盘
09:36:18	7.68	-0.01	50	38400	卖盘
09:36:15	7.69	--	10	7690	买盘
09:36:12	7.69	--	162	124578	买盘
09:36:09	7.69	--	174	133806	买盘
09:36:06	7.69	--	29	22301	买盘
09:36:03	7.69	--	68	52292	买盘
09:36:00	7.69	0.01	285	219165	买盘
09:35:57	7.68	-0.01	42	32256	卖盘
09:35:54	7.69	--	49	37681	买盘
09:35:51	7.69	--	74	56906	买盘
09:35:48	7.69	--	54	41526	卖盘
09:35:45	7.69	--	93	71517	卖盘
09:35:42	7.69	--	1117	858973	买盘
09:35:39	7.69	--	135	103815	买盘
09:35:36	7.69	--	206	158414	买盘
09:35:33	7.69	--	89	68441	买盘
09:35:30	7.69	--	78	59982	买盘
09:35:27	7.69	--	558	429102	买盘
09:35:24	7.69	--	173	133037	买盘
09:35:21	7.69	--	183	140727	买盘
09:35:18	7.69	--	55	42295	买盘
09:35:15	7.69	--	198	152262	买盘
09:35:12	7.69	0.01	1	769	买盘
09:35:09	7.68	-0.01	11	8448	卖盘
09:35:06	7.69	--	527	405263	买盘
09:35:03	7.69	--	50	38450	买盘
09:34:57	7.69	0.01	376	289144	买盘
09:34:54	7.68	--	6	4608	买盘
09:34:48	7.68	--	78	59904	买盘
09:34:45	7.68	0.01	40	30720	买盘
09:34:42	7.67	-0.01	55	42185	卖盘
09:34:39	7.68	--	148	113664	买盘
09:34:36	7.68	--	66	50688	买盘
09:34:33	7.68	0.01	1102	846336	买盘
09:34:30	7.67	-0.01	10	7670	卖盘
09:34:27	7.68	0.02	340	261120	买盘
09:34:24	7.66	-0.01	19	14554	卖盘
09:34:21	7.67	--	7	5369	买盘
09:34:18	7.67	--	38	29146	买盘
09:34:15	7.67	--	100	76700	买盘
09:34:12	7.67	--	130	99710	买盘
09:34:09	7.67	-0.01	59	45253	卖盘
09:34:03	7.68	0.01	20	15360	买盘
09:33:57	7.67	-0.01	10	7670	卖盘
09:33:54	7.68	0.01	135	103680	买盘
09:33:51	7.67	-0.01	100	76700	卖盘
09:33:48	7.68	0.01	184	141312	买盘
09:33:45	7.67	--	133	102011	买盘
09:33:42	7.67	0.01	15	11505	买盘
09:33:39	7.66	-0.01	87	66642	卖盘
09:33:36	7.67	--	34	26078	买盘
09:33:33	7.67	--	10	7670	买盘
09:33:30	7.67	0.01	41	31447	买盘
09:33:27	7.66	--	20	15320	买盘
09:33:24	7.66	--	41	31406	买盘
09:33:21	7.66	--	3	2298	买盘
09:33:18	7.66	0.01	10	7660	买盘
09:33:15	7.65	-0.01	39	29835	卖盘
09:33:12	7.66	--	24	18384	买盘
09:33:09	7.66	0.01	132	101112	买盘
09:33:06	7.65	--	5	3825	卖盘
09:33:03	7.65	--	42	32130	买盘
09:33:00	7.65	--	98	74970	买盘
09:32:57	7.65	--	50	38250	买盘
09:32:54	7.65	--	1	765	买盘
09:32:51	7.65	--	101	77265	买盘
09:32:48	7.65	0.01	16	12240	买盘
09:32:42	7.64	--	21	16044	卖盘
09:32:39	7.64	--	87	66468	买盘
09:32:36	7.64	0.01	99	75636	买盘
09:32:33	7.63	--	102	77826	卖盘
09:32:30	7.63	--	29	22127	卖盘
09:32:27	7.63	--	137	104531	卖盘
09:32:24	7.63	--	4	3052	卖盘
09:32:18	7.63	--	9	6867	卖盘
09:32:15	7.63	0.01	146	111787	买盘
09:32:12	7.62	-0.01	25	19050	卖盘
09:32:09	7.63	0.01	333	254079	买盘
09:32:06	7.62	-0.01	179	136398	卖盘
09:32:03	7.63	--	130	99190	卖盘
09:32:00	7.63	--	79	60277	买盘
09:31:54	7.63	--	20	15260	买盘
09:31:51	7.63	--	44	33572	卖盘
09:31:48	7.63	-0.01	38	28994	卖盘
09:31:45	7.64	0.01	31	23684	买盘
09:31:39	7.63	-0.01	29	22127	卖盘
09:31:36	7.64	--	1	764	卖盘
09:31:33	7.64	--	39	29796	卖盘
09:31:30	7.64	-0.01	72	55008	卖盘
09:31:24	7.65	--	19	14535	买盘
09:31:18	7.65	--	30	22950	买盘
09:31:15	7.65	--	30	22950	卖盘
09:31:12	7.65	--	5	3825	卖盘
09:31:09	7.65	-0.01	132	100980	卖盘
09:31:06	7.66	0.01	110	84260	买盘
09:31:03	7.65	-0.01	35	26775	卖盘
09:31:00	7.66	-0.01	797	610502	卖盘
09:30:57	7.67	--	68	52156	买盘
09:30:54	7.67	--	126	97017	卖盘
09:30:51	7.67	-0.01	7	5369	卖盘
09:30:45	7.68	-0.01	106	81408	中性盘
09:30:42	7.69	0.02	132	101508	买盘
09:30:36	7.67	--	19	14573	卖盘
09:30:33	7.67	-0.02	32	24544	卖盘
09:30:30	7.69	--	12	9228	买盘
09:30:24	7.69	0.02	136	104976	买盘
09:30:21	7.67	--	40	30680	买盘
09:30:18	7.67	--	3	2676	卖盘
09:30:15	7.67	0.01	171	131548	买盘
09:30:12	7.66	-0.01	21	16086	卖盘
09:30:09	7.67	--	147	113124	卖盘
09:30:06	7.67	--	154	118118	卖盘
09:30:03	7.67	0.01	2029	1556634	买盘
09:30:00	7.66	--	0	0	买盘
09:25:03	7.66	7.66	2539	1944874	买盘
