成交时间	成交价	价格变动	成交量(手)	成交额(元)	性质
15:00:03	23.68	--	175	414400	买盘
14:57:00	23.68	--	0	0	买盘
14:56:45	23.68	--	5	11840	买盘
14:56:42	23.68	--	2	4736	买盘
14:56:27	23.68	0.05	6	14208	买盘
14:56:24	23.63	--	10	23630	卖盘
14:56:21	23.63	--	4	9452	卖盘
14:56:18	23.63	0.01	1	2363	买盘
14:56:09	23.62	--	10	23620	卖盘
14:56:00	23.62	-0.01	16	37792	卖盘
14:55:57	23.63	--	4	9452	买盘
14:55:54	23.63	--	4	9452	买盘
14:55:51	23.63	0.01	2	4726	买盘
14:55:30	23.62	0.01	1	2362	买盘
14:55:27	23.61	--	12	28332	买盘
14:55:21	23.61	--	2	4722	买盘
14:55:18	23.61	--	6	14166	卖盘
14:55:06	23.61	--	7	16527	卖盘
14:55:03	23.61	--	70	165270	买盘
14:55:00	23.61	--	111	262071	买盘
14:54:57	23.61	0.01	5	11805	买盘
14:54:48	23.6	-0.01	3	7080	卖盘
14:54:39	23.61	0.01	37	87357	买盘
14:54:36	23.6	-0.01	2	4720	卖盘
14:54:33	23.61	0.01	7	16527	买盘
14:54:30	23.6	--	3	7080	买盘
14:54:27	23.6	--	4	9440	买盘
14:54:21	23.6	--	4	9440	买盘
14:54:18	23.6	-0.01	1	2360	中性盘
14:54:15	23.61	0.01	11	25971	买盘
14:54:12	23.6	--	70	165200	卖盘
14:54:09	23.6	--	6	14160	卖盘
14:53:54	23.6	--	4	9440	卖盘
14:53:51	23.6	--	4	9440	卖盘
14:53:45	23.6	-0.01	9	21240	卖盘
14:53:42	23.61	0.01	60	141660	买盘
14:53:36	23.6	--	11	25960	卖盘
14:53:21	23.6	-0.01	3	7080	卖盘
14:53:15	23.61	0.01	20	47220	买盘
14:53:12	23.6	--	2	4720	卖盘
14:53:06	23.6	--	6	14160	卖盘
14:53:03	23.6	--	6	14160	卖盘
14:53:00	23.6	0.02	41	96760	买盘
14:52:54	23.58	0.03	0	1179	卖盘
14:52:48	23.55	-0.05	10	23550	卖盘
14:52:36	23.6	0.05	5	11800	买盘
14:52:30	23.55	-0.05	110	259050	卖盘
14:52:15	23.6	0.01	42	99120	买盘
14:52:12	23.59	-0.02	7	16513	卖盘
14:52:06	23.61	0.01	10	23610	买盘
14:52:03	23.6	--	1	2360	买盘
14:52:00	23.6	--	1	2360	卖盘
14:51:57	23.6	--	6	14160	卖盘
14:51:54	23.6	--	11	25960	卖盘
14:51:51	23.6	--	3	7080	卖盘
14:51:45	23.6	--	6	14160	买盘
14:51:39	23.6	--	1	2360	买盘
14:51:33	23.6	0.02	6	14160	买盘
14:51:18	23.58	--	16	37728	卖盘
14:51:12	23.58	0.01	6	14147	中性盘
14:51:09	23.57	-0.03	3	7071	卖盘
14:50:54	23.6	--	2	4720	买盘
14:50:51	23.6	--	10	23600	买盘
14:50:48	23.6	--	11	25960	买盘
14:50:42	23.6	--	23	54280	买盘
14:50:39	23.6	--	7	16520	买盘
14:50:30	23.6	0.03	30	70800	买盘
14:50:21	23.57	--	12	28284	卖盘
14:50:18	23.57	--	3	7071	卖盘
14:50:12	23.57	--	3	7071	卖盘
14:50:03	23.57	0.01	7	16499	买盘
14:49:51	23.56	-0.01	6	14136	卖盘
14:49:39	23.57	0.02	5	11785	买盘
14:49:27	23.55	--	5	11775	卖盘
14:49:15	23.55	--	10	23550	卖盘
14:49:12	23.55	--	3	8619	买盘
14:49:03	23.55	--	1	3155	卖盘
14:49:00	23.55	0.02	3	8619	买盘
14:48:57	23.53	-0.02	15	35295	卖盘
14:48:54	23.55	--	16	38480	卖盘
14:48:51	23.55	--	3	7065	卖盘
14:48:48	23.55	--	14	32970	卖盘
14:48:45	23.55	--	5	11775	卖盘
14:48:36	23.55	-0.02	64	150720	卖盘
14:48:12	23.57	-0.03	3	7071	卖盘
14:48:09	23.6	--	3	7080	买盘
14:48:03	23.6	-0.01	21	49560	卖盘
14:47:42	23.61	0.01	4	9444	买盘
14:47:24	23.6	0.03	2	4720	卖盘
14:47:18	23.57	-0.03	109	256913	卖盘
14:47:12	23.6	--	10	23600	卖盘
14:47:09	23.6	--	1	2360	卖盘
14:47:06	23.6	--	2	4720	卖盘
14:47:03	23.6	--	5	11800	卖盘
14:46:48	23.6	--	6	14160	卖盘
14:46:42	23.6	-0.01	66	155760	卖盘
14:46:39	23.61	--	12	28332	卖盘
14:46:36	23.61	-0.01	2	4722	卖盘
14:46:33	23.62	--	9	21258	买盘
14:46:18	23.62	--	2	4724	卖盘
14:46:15	23.62	-0.01	10	23620	卖盘
14:46:09	23.63	--	20	47260	买盘
14:46:03	23.63	-0.02	26	61438	卖盘
14:46:00	23.65	0.01	40	94600	买盘
14:45:57	23.64	-0.02	6	14184	中性盘
14:45:36	23.66	-0.02	22	52052	卖盘
14:45:18	23.68	--	3	7104	买盘
14:45:15	23.68	--	1	2368	买盘
14:45:06	23.68	0.05	14	33152	买盘
14:45:03	23.63	-0.04	9	21267	卖盘
14:44:51	23.67	--	10	23670	买盘
14:44:45	23.67	0.05	4	9468	买盘
14:44:36	23.62	-0.05	12	28344	卖盘
14:44:33	23.67	0.05	1	2367	买盘
14:44:24	23.62	-0.05	8	18896	卖盘
14:44:15	23.67	--	3	7101	买盘
14:44:06	23.67	--	3	7101	买盘
14:44:03	23.67	0.07	1	2367	买盘
14:43:51	23.6	--	5	11800	卖盘
14:43:45	23.6	--	4	9440	卖盘
14:43:42	23.6	--	30	70800	卖盘
14:43:39	23.6	--	9	21240	卖盘
14:43:30	23.6	--	21	51117	买盘
14:43:27	23.6	0.02	9	21240	买盘
14:43:21	23.58	-0.02	12	28295	卖盘
14:43:18	23.6	--	26	61360	买盘
14:43:12	23.6	--	15	35400	买盘
14:43:09	23.6	--	100	236000	买盘
14:43:06	23.6	0.04	2	4720	买盘
14:43:03	23.56	-0.04	78	183768	卖盘
14:43:00	23.6	--	70	165200	卖盘
14:42:54	23.6	--	29	68440	卖盘
14:42:51	23.6	0.02	12	28320	买盘
14:42:45	23.58	0.01	2	4716	卖盘
14:42:42	23.57	-0.06	1	2357	卖盘
14:42:39	23.63	-0.01	1	2363	中性盘
14:42:30	23.64	--	3	7092	买盘
14:42:27	23.64	--	2	4728	卖盘
14:42:12	23.64	--	11	26004	买盘
14:42:09	23.64	--	3	7092	买盘
14:42:03	23.64	0.03	8	18912	买盘
14:42:00	23.61	0.04	13	30693	买盘
14:41:57	23.57	-0.06	89	209773	卖盘
14:41:48	23.63	0.03	14	33082	买盘
14:41:42	23.6	-0.03	8	18880	卖盘
14:41:39	23.63	0.03	64	151232	中性盘
14:41:21	23.6	-0.12	10	23600	卖盘
14:41:15	23.72	0.12	323	766156	买盘
14:41:06	23.6	--	20	47200	卖盘
14:41:00	23.6	0.05	4	9440	买盘
14:40:57	23.55	--	14	32970	卖盘
14:40:54	23.55	--	2	4710	卖盘
14:40:51	23.55	--	2	4710	卖盘
14:40:48	23.55	--	5	11775	卖盘
14:40:39	23.55	0.05	3	7065	中性盘
14:40:09	23.5	-0.17	78	183300	卖盘
14:39:57	23.67	-0.01	4	9468	中性盘
14:39:54	23.68	--	20	47360	买盘
14:39:48	23.68	--	1	2368	买盘
14:39:45	23.68	0.02	213	504384	买盘
14:39:42	23.66	-0.02	10	23660	卖盘
14:39:39	23.68	-0.02	37	87616	卖盘
14:39:33	23.7	0.01	4	9480	买盘
14:39:27	23.69	--	4	9476	卖盘
14:39:21	23.69	0.02	19	45011	卖盘
14:39:12	23.67	-0.03	1	2367	卖盘
14:39:06	23.7	0.02	6	14220	买盘
14:39:03	23.68	-0.02	9	21312	卖盘
14:39:00	23.7	0.02	1	2370	中性盘
14:38:57	23.68	-0.04	78	184704	卖盘
14:38:36	23.72	0.04	96	227712	买盘
14:38:33	23.68	-0.02	6	14208	卖盘
14:38:27	23.7	0.02	1	2370	买盘
14:38:18	23.68	-0.01	13	30784	卖盘
14:38:15	23.69	0.01	10	23690	卖盘
14:38:12	23.68	--	52	123136	卖盘
14:38:06	23.68	-0.02	57	134976	卖盘
14:38:03	23.7	0.02	10	23700	买盘
14:37:54	23.68	-0.01	9	21312	卖盘
14:37:51	23.69	--	55	130295	买盘
14:37:48	23.69	0.01	1	2369	买盘
14:37:45	23.68	-0.01	56	132608	中性盘
14:37:36	23.69	0.01	20	47380	买盘
14:37:27	23.68	-0.02	1	2368	中性盘
14:37:15	23.7	0.02	1	2370	买盘
14:37:12	23.68	-0.02	12	28416	卖盘
14:37:09	23.7	0.02	1	2370	买盘
14:37:06	23.68	-0.02	4	9472	卖盘
14:37:03	23.7	--	39	92430	卖盘
14:37:00	23.7	-0.01	5	11850	卖盘
14:36:54	23.71	--	1	4718	卖盘
14:36:36	23.71	-0.02	14	33194	卖盘
14:36:24	23.73	-0.02	16	37968	卖盘
14:36:21	23.75	--	2	4750	买盘
14:36:09	23.75	0.02	10	23750	买盘
14:36:06	23.73	--	14	33222	卖盘
14:35:39	23.73	0.01	3	7119	买盘
14:35:36	23.72	-0.01	14	33208	卖盘
14:35:33	23.73	--	9	21357	卖盘
14:35:06	23.73	-0.01	43	102062	卖盘
14:34:51	23.74	-0.01	1	4724	卖盘
14:34:39	23.75	0.01	8	19000	买盘
14:34:36	23.74	--	14	33236	卖盘
14:34:33	23.74	-0.01	1	2374	卖盘
14:34:15	23.75	0.01	10	23750	买盘
14:34:06	23.74	-0.01	14	33236	卖盘
14:33:54	23.75	--	10	23750	卖盘
14:33:42	23.75	--	6	14250	卖盘
14:33:36	23.75	0.01	14	33250	中性盘
14:33:06	23.74	-0.02	14	33236	卖盘
14:32:51	23.76	0.02	2	4752	买盘
14:32:42	23.74	-0.01	93	220782	卖盘
14:32:36	23.75	--	14	33250	卖盘
14:32:33	23.75	--	5	11875	卖盘
14:32:21	23.75	--	1	2375	卖盘
14:32:15	23.75	-0.01	20	47500	卖盘
14:32:12	23.76	--	4	9504	卖盘
14:32:06	23.76	--	14	33264	卖盘
14:32:03	23.76	--	10	23760	卖盘
14:31:39	23.76	--	3	7128	卖盘
14:31:30	23.76	-0.03	23	54648	卖盘
14:31:06	23.79	--	6	14274	卖盘
14:31:00	23.79	--	18	42822	卖盘
14:30:39	23.79	--	2	4758	卖盘
14:30:33	23.79	0.02	24	57096	买盘
14:30:30	23.77	-0.01	18	42786	卖盘
14:30:27	23.78	--	10	23780	卖盘
14:30:21	23.78	-0.01	9	21402	卖盘
14:30:18	23.79	0.01	1	2379	买盘
14:30:03	23.78	--	9	21402	卖盘
14:30:00	23.78	--	23	54694	卖盘
14:29:54	23.78	--	3	7134	卖盘
14:29:51	23.78	-0.01	3	7134	卖盘
14:29:45	23.79	-0.01	106	252174	卖盘
14:29:36	23.8	0.01	6	14280	买盘
14:29:30	23.79	0.01	18	42822	中性盘
14:29:00	23.78	--	18	42804	卖盘
14:28:57	23.78	--	3	7134	卖盘
14:28:48	23.78	--	3	7134	卖盘
14:28:30	23.78	--	18	42804	卖盘
14:28:27	23.78	-0.01	35	83230	卖盘
14:28:12	23.79	--	5	11895	卖盘
14:28:09	23.79	--	12	28548	卖盘
14:28:03	23.79	--	3	7137	卖盘
14:28:00	23.79	-0.01	18	42822	卖盘
14:27:48	23.8	--	9	21420	卖盘
14:27:30	23.8	-0.01	73	173763	卖盘
14:27:15	23.81	--	21	50001	卖盘
14:27:00	23.81	-0.02	18	42858	卖盘
14:26:39	23.83	--	16	38128	卖盘
14:26:24	23.83	--	3	7148	卖盘
14:26:21	23.83	--	14	33362	卖盘
14:26:18	23.83	--	6	14297	卖盘
14:25:48	23.83	--	3	7148	卖盘
14:25:45	23.83	-0.01	10	23830	卖盘
14:25:24	23.84	0.01	1	2384	中性盘
14:24:39	23.83	-0.02	3	7148	卖盘
14:24:33	23.85	--	78	186030	买盘
14:24:27	23.85	--	3	7155	买盘
14:23:24	23.85	0.01	11	26235	买盘
14:23:03	23.84	--	10	23840	卖盘
14:22:54	23.84	--	3	7152	卖盘
14:22:42	23.84	--	6	14304	卖盘
14:22:27	23.84	--	3	7152	卖盘
14:22:18	23.84	-0.01	2	4768	卖盘
14:22:12	23.85	--	1	2385	买盘
14:21:57	23.85	0.01	2	4770	买盘
14:21:33	23.84	--	7	16688	卖盘
14:21:09	23.84	--	3	7152	卖盘
14:20:33	23.84	0.01	3	7152	中性盘
14:20:06	23.83	-0.02	50	119149	卖盘
14:20:00	23.85	-0.01	32	76320	卖盘
14:19:45	23.86	--	8	19088	买盘
14:19:42	23.86	0.01	8	19088	买盘
14:19:24	23.85	--	3	7155	卖盘
14:19:06	23.85	--	3	7155	卖盘
14:19:03	23.85	0.01	7	16695	买盘
14:18:51	23.84	-0.01	5	11920	卖盘
14:18:36	23.85	--	1	2385	买盘
14:18:33	23.85	--	2	4770	买盘
14:18:12	23.85	--	4	9540	买盘
14:18:03	23.85	-0.01	17	40545	卖盘
14:17:45	23.86	0.01	4	9544	买盘
14:17:39	23.85	-0.01	3	7155	卖盘
14:17:21	23.86	0.01	1	2386	买盘
14:17:15	23.85	-0.01	3	7155	卖盘
14:17:09	23.86	0.01	3	7158	买盘
14:17:03	23.85	-0.01	3	7155	卖盘
14:16:51	23.86	0.01	5	11930	买盘
14:16:45	23.85	0.01	1	2385	中性盘
14:16:12	23.84	-0.02	3	7152	卖盘
14:16:03	23.86	--	3	7158	买盘
14:15:54	23.86	--	6	14316	买盘
14:15:48	23.86	--	5	11930	买盘
14:15:39	23.86	0.01	6	14316	买盘
14:15:33	23.85	--	7	16695	卖盘
14:15:00	23.85	--	6	14310	中性盘
14:14:45	23.85	0.01	5	11925	买盘
14:14:39	23.84	--	20	47680	卖盘
14:14:24	23.84	-0.02	3	7152	卖盘
14:14:09	23.86	--	7	16702	买盘
14:14:03	23.86	-0.01	1	2386	卖盘
14:13:39	23.87	--	3	7161	买盘
14:13:36	23.87	--	4	9548	买盘
14:13:33	23.87	--	11	26257	卖盘
14:13:30	23.87	-0.01	3	7161	卖盘
14:13:18	23.88	--	8	19104	买盘
14:13:15	23.88	--	9	21492	买盘
14:13:12	23.88	0.01	1	2388	买盘
14:13:06	23.87	--	47	112189	买盘
14:13:03	23.87	-0.01	3	7161	中性盘
14:12:54	23.88	0.04	3	7164	买盘
14:12:48	23.84	-0.03	7	16688	卖盘
14:12:45	23.87	--	1	2387	买盘
14:12:39	23.87	--	1	2387	买盘
14:12:33	23.87	0.03	1	2387	中性盘
14:12:24	23.84	-0.01	3	7152	卖盘
14:11:51	23.85	--	2	4770	买盘
14:11:42	23.85	-0.03	3	7155	中性盘
14:10:45	23.88	0.05	1	2388	买盘
14:10:39	23.83	-0.05	3	7148	卖盘
14:10:21	23.88	--	4	9552	买盘
14:10:12	23.88	0.05	2	4776	买盘
14:09:15	23.83	-0.05	3	7148	中性盘
14:09:03	23.88	0.07	4	9552	买盘
14:08:54	23.81	-0.07	3	7143	卖盘
14:08:27	23.88	0.03	3	7164	买盘
14:08:21	23.85	--	2	4770	买盘
14:08:03	23.85	--	2	4770	买盘
14:07:57	23.85	0.05	5	11925	买盘
14:07:51	23.8	--	4	9520	卖盘
14:07:30	23.8	-0.05	16	38080	卖盘
14:07:24	23.85	0.05	3	7155	买盘
14:07:21	23.8	-0.01	9	21420	卖盘
14:07:15	23.81	0.01	8	19048	买盘
14:07:09	23.8	-0.01	3	7140	卖盘
14:07:06	23.81	--	1	2381	买盘
14:07:00	23.81	--	4	9524	买盘
14:06:36	23.81	--	14	33334	卖盘
14:06:30	23.81	--	3	7143	卖盘
14:06:27	23.81	-0.01	1	2381	卖盘
14:06:03	23.82	--	3	7146	卖盘
14:05:36	23.82	0.01	7	16674	买盘
14:05:30	23.81	--	16	38096	卖盘
14:05:24	23.81	--	3	7143	卖盘
14:05:18	23.81	-0.01	20	47620	卖盘
14:04:57	23.82	--	8	19056	买盘
14:04:51	23.82	--	15	35730	卖盘
14:04:18	23.82	-0.01	30	71460	卖盘
14:03:57	23.83	--	7	16681	卖盘
14:03:39	23.83	--	3	7148	卖盘
14:03:33	23.83	--	10	23830	卖盘
14:03:24	23.83	--	6	14297	卖盘
14:03:12	23.83	--	1	2383	卖盘
14:02:21	23.83	--	3	7148	买盘
14:01:54	23.83	0.01	7	16681	中性盘
14:00:42	23.82	--	6	14292	卖盘
14:00:09	23.82	0.01	3	7146	中性盘
13:59:48	23.81	-0.08	6	14286	卖盘
13:59:39	23.89	0.08	20	47780	买盘
13:59:21	23.81	--	50	119050	卖盘
13:59:00	23.81	-0.01	50	119050	卖盘
13:58:24	23.82	--	3	7146	卖盘
13:58:15	23.82	--	3	7146	卖盘
13:58:12	23.82	-0.03	13	30966	卖盘
13:58:03	23.85	0.04	6	14310	买盘
13:57:21	23.81	0.01	4	9524	中性盘
13:56:51	23.8	--	4	9520	卖盘
13:56:48	23.8	--	1	2380	卖盘
13:56:39	23.8	--	3	7140	卖盘
13:56:06	23.8	-0.06	144	342720	卖盘
13:55:27	23.86	0.05	6	14316	买盘
13:55:03	23.81	-0.05	11	26191	卖盘
13:54:54	23.86	--	3	7158	卖盘
13:53:51	23.86	--	29	69194	买盘
13:53:21	23.86	--	10	23860	卖盘
13:53:09	23.86	-0.01	3	7158	卖盘
13:52:45	23.87	--	9	21483	买盘
13:52:30	23.87	0.01	1	2387	买盘
13:52:24	23.86	--	11	26246	卖盘
13:52:12	23.86	--	18	42948	买盘
13:51:51	23.86	0.06	1	2386	买盘
13:51:24	23.8	-0.05	3	7140	卖盘
13:50:30	23.85	-0.01	2	4770	卖盘
13:49:57	23.86	--	1	2386	买盘
13:49:48	23.86	--	2	4772	买盘
13:49:45	23.86	0.06	1	2386	买盘
13:49:42	23.8	--	6	14280	卖盘
13:49:39	23.8	-0.06	3	7140	卖盘
13:49:06	23.86	0.06	25	59650	买盘
13:48:57	23.8	-0.05	50	119000	卖盘
13:48:39	23.85	--	2	4770	买盘
13:48:33	23.85	--	3	7155	买盘
13:48:27	23.85	0.04	4	9540	买盘
13:47:54	23.81	-0.04	3	7143	卖盘
13:47:30	23.85	-0.01	2	4770	中性盘
13:46:21	23.86	0.05	12	28632	买盘
13:46:12	23.81	--	20	47620	卖盘
13:46:09	23.81	--	3	7143	买盘
13:45:51	23.81	-0.04	2	4762	中性盘
13:45:39	23.85	--	10	23850	买盘
13:45:33	23.85	--	20	47700	买盘
13:45:21	23.85	--	4	9540	买盘
13:45:12	23.85	0.01	2	4770	买盘
13:45:09	23.84	0.04	4	9536	买盘
13:44:24	23.8	-0.04	3	7140	卖盘
13:44:18	23.84	0.04	9	21456	买盘
13:44:12	23.8	-0.04	12	28560	卖盘
13:44:09	23.84	0.04	4	9536	买盘
13:44:06	23.8	--	5	11900	卖盘
13:44:03	23.8	--	7	16660	卖盘
13:42:39	23.8	-0.04	3	7140	卖盘
13:41:30	23.84	0.04	5	11920	买盘
13:41:24	23.8	-0.04	6	14280	卖盘
13:40:54	23.84	0.04	14	33376	买盘
13:40:48	23.8	--	20	47600	卖盘
13:39:09	23.8	-0.05	3	7140	卖盘
13:38:48	23.85	0.04	4	9540	买盘
13:38:42	23.81	--	6	14286	卖盘
13:38:36	23.81	-0.04	2	4762	卖盘
13:37:57	23.85	0.02	5	11925	买盘
13:37:51	23.83	-0.01	10	23830	卖盘
13:37:42	23.84	0.01	6	14304	买盘
13:37:36	23.83	-0.01	12	29906	卖盘
13:37:30	23.84	0.01	5	11920	买盘
13:37:24	23.83	-0.02	3	7148	卖盘
13:37:09	23.85	0.02	2	4770	买盘
13:37:00	23.83	-0.02	2	4766	卖盘
13:36:48	23.85	-0.01	3	7155	中性盘
13:36:30	23.86	--	5	11930	买盘
13:36:24	23.86	0.03	3	7158	买盘
13:36:06	23.83	--	2	4766	卖盘
13:35:39	23.83	-0.02	3	7148	卖盘
13:35:33	23.85	--	2	4770	中性盘
13:35:24	23.85	--	5	11925	买盘
13:35:18	23.85	--	5	11925	买盘
13:35:15	23.85	0.05	10	23850	买盘
13:35:12	23.8	--	21	49980	买盘
13:35:09	23.8	-0.02	19	45220	卖盘
13:34:51	23.82	-0.03	1	2382	卖盘
13:34:36	23.85	0.03	5	11925	买盘
13:34:30	23.82	--	9	21438	买盘
13:34:21	23.82	--	8	19056	买盘
13:34:15	23.82	--	10	23820	买盘
13:34:12	23.82	0.01	17	40494	买盘
13:34:09	23.81	--	18	42858	买盘
13:34:06	23.81	0.01	3	7143	买盘
13:34:03	23.8	--	100	238000	卖盘
13:33:54	23.8	-0.01	3	7140	卖盘
13:33:42	23.81	--	6	14286	买盘
13:33:36	23.81	--	3	7143	卖盘
13:33:33	23.81	--	5	11905	卖盘
13:33:03	23.81	-0.01	6	14286	卖盘
13:32:21	23.82	0.01	9	21438	买盘
13:32:12	23.81	--	12	28572	卖盘
13:32:09	23.81	-0.01	3	7143	中性盘
13:31:33	23.82	--	2	4764	买盘
13:31:03	23.82	--	2	4764	买盘
13:30:30	23.82	--	7	16674	买盘
13:30:24	23.82	--	13	30966	买盘
13:30:09	23.82	0.01	12	28584	买盘
13:30:00	23.81	-0.01	20	47620	卖盘
13:29:45	23.82	--	6	14292	买盘
13:29:39	23.82	--	9	21438	买盘
13:29:30	23.82	0.01	14	33348	买盘
13:29:21	23.81	--	24	57144	卖盘
13:28:39	23.81	-0.01	3	7143	卖盘
13:28:21	23.82	--	6	14292	买盘
13:28:15	23.82	--	10	23820	买盘
13:28:09	23.82	--	2	4764	买盘
13:27:51	23.82	0.01	4	9528	买盘
13:27:42	23.81	-0.01	6	14286	卖盘
13:27:36	23.82	--	2	4764	买盘
13:27:33	23.82	--	2	4764	买盘
13:27:24	23.82	--	16	38112	买盘
13:27:18	23.82	-0.03	28	66696	卖盘
13:27:15	23.85	--	3	7155	买盘
13:27:03	23.85	0.03	4	9540	买盘
13:26:54	23.82	--	3	7146	卖盘
13:26:27	23.82	-0.03	6	14292	卖盘
13:26:24	23.85	0.03	8	19080	买盘
13:26:15	23.82	--	12	28584	卖盘
13:25:09	23.82	-0.03	3	7146	卖盘
13:24:36	23.85	0.03	8	19080	买盘
13:24:30	23.82	-0.03	18	42876	卖盘
13:23:57	23.85	0.03	5	11925	买盘
13:23:51	23.82	--	5	11910	卖盘
13:23:24	23.82	-0.03	3	7146	卖盘
13:23:18	23.85	0.02	5	11925	买盘
13:23:15	23.83	-0.02	2	4766	卖盘
13:23:12	23.85	--	10	23850	买盘
13:22:57	23.85	0.02	6	14310	买盘
13:22:51	23.83	--	5	11915	卖盘
13:22:45	23.83	-0.02	5	11915	卖盘
13:22:33	23.85	0.02	15	35775	买盘
13:22:27	23.83	--	31	73873	买盘
13:22:12	23.83	--	9	21447	卖盘
13:22:06	23.83	0.01	8	19064	买盘
13:22:03	23.82	--	3	7146	卖盘
13:21:39	23.82	-0.01	3	7146	卖盘
13:21:18	23.83	0.01	5	11915	买盘
13:21:09	23.82	-0.01	3	7146	卖盘
13:20:51	23.83	-0.01	4	9532	卖盘
13:19:57	23.84	0.01	5	11920	买盘
13:19:54	23.83	--	3	7148	卖盘
13:19:48	23.83	-0.01	3	7148	卖盘
13:19:24	23.84	0.01	2	4768	中性盘
13:18:39	23.83	-0.03	4	9532	卖盘
13:18:18	23.86	0.03	4	9544	买盘
13:18:09	23.83	-0.03	3	7148	卖盘
13:17:36	23.86	0.04	1	2386	买盘
13:16:54	23.82	-0.04	5	11910	卖盘
13:16:51	23.86	0.04	6	14316	买盘
13:16:42	23.82	-0.04	6	14292	卖盘
13:16:30	23.86	0.04	2	4772	买盘
13:16:24	23.82	-0.04	3	7146	卖盘
13:16:00	23.86	--	4	9544	买盘
13:15:51	23.86	0.04	10	23860	买盘
13:14:39	23.82	0.02	3	7146	中性盘
13:13:06	23.8	--	1	2380	卖盘
13:12:54	23.8	--	3	7140	卖盘
13:12:51	23.8	--	4	9520	卖盘
13:11:09	23.8	--	3	7140	卖盘
13:11:03	23.8	--	6	14280	卖盘
13:10:24	23.8	--	1	2380	买盘
13:09:45	23.8	--	8	19040	卖盘
13:09:30	23.8	--	2	4760	卖盘
13:09:24	23.8	--	3	7140	卖盘
13:08:24	23.8	--	6	14280	卖盘
13:07:39	23.8	0.03	3	7140	中性盘
13:05:54	23.77	--	3	7131	卖盘
13:05:42	23.77	-0.01	6	14262	卖盘
13:05:39	23.78	0.02	5	11890	中性盘
13:05:15	23.76	-0.03	175	415800	卖盘
13:05:09	23.79	--	72	171288	买盘
13:05:03	23.79	--	10	23790	买盘
13:04:45	23.79	-0.01	18	42822	卖盘
13:04:42	23.8	0.01	6	14280	买盘
13:04:09	23.79	-0.01	3	7137	卖盘
13:03:57	23.8	--	10	23800	买盘
13:03:48	23.8	-0.04	147	349860	卖盘
13:03:18	23.84	0.03	2	4768	中性盘
13:02:24	23.81	--	3	7143	卖盘
13:01:51	23.81	0.01	3	7143	中性盘
13:01:03	23.8	-0.07	171	406980	卖盘
13:00:57	23.87	--	3	7161	卖盘
13:00:36	23.87	--	3	7161	卖盘
13:00:30	23.87	-0.03	3	7161	卖盘
13:00:09	23.9	--	3	7170	买盘
13:00:06	23.9	-0.03	25	59750	卖盘
13:00:03	23.93	--	25	59825	卖盘
13:00:00	23.93	--	0	0	卖盘
11:30:00	23.93	--	0	0	卖盘
11:29:36	23.93	0.01	6	14358	买盘
11:29:30	23.92	0.02	4	9568	买盘
11:29:06	23.9	--	18	43020	买盘
11:29:00	23.9	--	4	9560	买盘
11:28:48	23.9	0.03	2	4780	买盘
11:28:27	23.87	--	13	31031	买盘
11:28:12	23.87	0.05	41	97867	买盘
11:27:51	23.82	-0.04	3	7146	卖盘
11:27:42	23.86	0.04	11	26246	买盘
11:27:39	23.82	--	8	19056	卖盘
11:27:21	23.82	--	6	14292	卖盘
11:26:51	23.82	--	13	30966	买盘
11:26:39	23.82	--	24	57168	卖盘
11:26:06	23.82	--	3	7146	卖盘
11:24:57	23.82	--	4	9528	买盘
11:24:48	23.82	0.01	3	7146	买盘
11:24:42	23.81	-0.01	6	14286	卖盘
11:24:36	23.82	0.01	10	23820	中性盘
11:24:30	23.81	--	5	11905	卖盘
11:24:21	23.81	--	3	7143	卖盘
11:22:36	23.81	-0.05	3	7143	卖盘
11:21:57	23.86	--	3	7158	买盘
11:20:54	23.86	0.05	4	9544	买盘
11:20:51	23.81	--	7	16667	卖盘
11:19:06	23.81	--	3	7143	卖盘
11:19:03	23.81	-0.05	6	14286	卖盘
11:18:54	23.86	--	26	62036	卖盘
11:18:18	23.86	--	22	52492	买盘
11:17:30	23.86	0.05	5	11930	买盘
11:17:27	23.81	--	0	1071	卖盘
11:17:21	23.81	-0.05	3	7143	卖盘
11:17:15	23.86	0.05	64	152704	买盘
11:16:57	23.81	--	0	619	卖盘
11:16:24	23.81	--	6	14286	卖盘
11:15:36	23.81	--	3	7143	卖盘
11:15:18	23.81	--	0	1642	卖盘
11:14:57	23.81	0.01	0	1404	中性盘
11:14:06	23.8	--	0	238	卖盘
11:13:51	23.8	--	3	7140	卖盘
11:13:42	23.8	--	6	14280	买盘
11:13:15	23.8	-0.06	1	2380	卖盘
11:12:30	23.86	0.06	4	9544	买盘
11:12:21	23.8	0.01	15	36509	买盘
11:12:06	23.79	-0.01	3	7137	卖盘
11:12:03	23.8	-0.05	5	11900	卖盘
11:11:57	23.85	0.05	5	11925	买盘
11:11:54	23.8	--	5	11900	卖盘
11:11:45	23.8	--	5	11900	卖盘
11:11:15	23.8	--	8	19040	卖盘
11:11:06	23.8	0.01	10	23800	中性盘
11:10:45	23.79	--	11	26169	卖盘
11:10:21	23.79	--	3	7137	卖盘
11:09:51	23.79	--	4	9516	卖盘
11:09:39	23.79	--	10	23790	卖盘
11:09:21	23.79	--	2	4758	卖盘
11:08:36	23.79	--	3	7137	卖盘
11:08:21	23.79	0.01	15	35685	买盘
11:08:18	23.78	--	1	2378	卖盘
11:08:03	23.78	-0.01	6	14268	卖盘
11:07:57	23.79	--	9	21411	卖盘
11:07:24	23.79	--	6	14274	卖盘
11:07:15	23.79	-0.01	10	23790	卖盘
11:07:03	23.8	-0.06	13	30940	卖盘
11:07:00	23.86	0.02	10	23860	买盘
11:06:51	23.84	-0.01	4	9536	卖盘
11:05:57	23.85	0.04	2	4770	买盘
11:05:24	23.81	--	6	14286	卖盘
11:05:18	23.81	0.01	1	2381	买盘
11:05:06	23.8	--	3	7140	卖盘
11:04:06	23.8	--	42	99960	卖盘
11:03:57	23.8	--	50	119000	卖盘
11:03:54	23.8	0.01	1	2380	买盘
11:03:21	23.79	-0.01	3	7137	卖盘
11:03:15	23.8	--	112	266560	卖盘
11:02:45	23.8	-0.01	71	168980	卖盘
11:02:42	23.81	--	16	38096	卖盘
11:02:15	23.81	--	1	2381	卖盘
11:02:12	23.81	-0.01	44	104764	卖盘
11:02:06	23.82	0.01	1	2382	买盘
11:01:51	23.81	--	6	14286	卖盘
11:01:36	23.81	-0.01	3	7143	卖盘
11:01:30	23.82	--	116	276312	卖盘
11:01:09	23.82	--	21	50022	卖盘
11:00:51	23.82	--	1	2382	卖盘
11:00:33	23.82	--	3	7146	卖盘
10:59:51	23.82	--	3	7146	卖盘
10:59:45	23.82	--	1	2382	卖盘
10:59:36	23.82	0.01	2	4764	中性盘
10:58:51	23.81	-0.06	3	7143	卖盘
10:58:09	23.87	0.06	5	11935	买盘
10:58:06	23.81	--	3	7143	卖盘
10:57:57	23.81	-0.06	3	7143	卖盘
10:57:51	23.87	0.06	5	11935	买盘
10:57:03	23.81	--	3	7143	卖盘
10:57:00	23.81	--	2	4762	卖盘
10:56:57	23.81	--	2	4762	卖盘
10:56:54	23.81	--	10	23810	卖盘
10:56:51	23.81	--	2	4762	卖盘
10:56:48	23.81	-0.01	3	7143	卖盘
10:56:21	23.82	--	3	7146	卖盘
10:55:57	23.82	-0.06	3	7146	卖盘
10:55:24	23.88	--	18	42984	卖盘
10:55:18	23.88	-0.02	3	7164	卖盘
10:55:09	23.9	0.02	5	11950	买盘
10:54:36	23.88	--	3	7164	卖盘
10:54:24	23.88	--	3	7164	卖盘
10:54:18	23.88	--	4	9552	卖盘
10:54:15	23.88	--	5	11940	卖盘
10:52:51	23.88	--	3	7164	卖盘
10:52:36	23.88	-0.01	3	7164	卖盘
10:52:33	23.89	--	1	2389	卖盘
10:52:30	23.89	--	3	7167	卖盘
10:52:21	23.89	0.01	4	9556	买盘
10:52:09	23.88	-0.01	3	7164	卖盘
10:51:42	23.89	--	1	2389	卖盘
10:51:30	23.89	--	3	7167	卖盘
10:51:18	23.89	0.01	7	16723	买盘
10:51:12	23.88	--	2	4776	卖盘
10:51:06	23.88	-0.01	3	7164	卖盘
10:50:42	23.89	-0.01	10	23890	卖盘
10:50:36	23.9	-0.01	1	2390	卖盘
10:50:06	23.91	0.02	2	4782	买盘
10:49:21	23.89	0.01	3	7167	中性盘
10:48:27	23.88	--	16	38208	卖盘
10:48:21	23.88	0.08	105	250740	买盘
10:48:09	23.8	-0.01	3	7140	卖盘
10:47:51	23.81	0.01	2	4762	中性盘
10:47:36	23.8	--	3	7140	卖盘
10:46:12	23.8	--	15	35700	卖盘
10:46:03	23.8	--	6	14280	卖盘
10:45:51	23.8	--	3	7140	卖盘
10:45:12	23.8	--	11	26180	卖盘
10:44:06	23.8	--	33	78540	卖盘
10:43:57	23.8	--	10	23800	卖盘
10:43:39	23.8	-0.01	11	26180	卖盘
10:43:36	23.81	--	5	11905	买盘
10:43:30	23.81	--	20	47620	买盘
10:43:24	23.81	--	14	33334	买盘
10:43:12	23.81	--	41	97621	卖盘
10:43:03	23.81	--	6	14286	卖盘
10:42:21	23.81	-0.02	3	7143	卖盘
10:42:12	23.83	0.03	10	23830	中性盘
10:40:48	23.8	-0.01	9	21420	卖盘
10:40:42	23.81	--	6	14286	卖盘
10:40:36	23.81	0.01	3	7143	中性盘
10:40:00	23.8	--	20	47600	卖盘
10:39:48	23.8	-0.04	37	88060	卖盘
10:39:06	23.84	0.04	1	2384	买盘
10:38:51	23.8	0.01	3	7140	中性盘
10:38:30	23.79	0.02	2	4758	中性盘
10:38:06	23.77	-0.02	53	125981	卖盘
10:37:57	23.79	-0.01	20	47580	卖盘
10:37:45	23.8	--	19	45220	买盘
10:37:42	23.8	--	38	90440	卖盘
10:37:36	23.8	--	5	11900	卖盘
10:37:15	23.8	-0.02	66	157080	卖盘
10:37:06	23.82	-0.01	3	7146	买盘
10:36:57	23.83	-0.04	35	83405	卖盘
10:36:54	23.87	--	2	4774	卖盘
10:36:51	23.87	-0.01	3	7161	卖盘
10:36:45	23.88	0.01	4	9552	买盘
10:36:42	23.87	-0.01	6	14322	卖盘
10:36:12	23.88	--	19	45372	卖盘
10:36:09	23.88	--	1	2388	卖盘
10:35:45	23.88	--	3	7164	卖盘
10:35:42	23.88	--	4	9552	卖盘
10:35:33	23.88	--	1	2388	买盘
10:35:30	23.88	--	4	9552	卖盘
10:35:21	23.88	--	3	7164	卖盘
10:35:03	23.88	-0.02	3	7164	卖盘
10:34:51	23.9	-0.01	1	2390	卖盘
10:34:12	23.91	-0.01	1	2391	卖盘
10:33:57	23.92	--	61	145912	买盘
10:33:54	23.92	--	2	4784	买盘
10:33:45	23.92	0.01	3	7176	买盘
10:33:36	23.91	--	3	7173	卖盘
10:33:33	23.91	--	8	19128	买盘
10:33:12	23.91	0.01	15	35865	买盘
10:32:57	23.9	-0.01	10	23900	卖盘
10:32:33	23.91	0.01	2	4782	买盘
10:32:24	23.9	--	3	7170	卖盘
10:32:15	23.9	--	8	19120	卖盘
10:32:09	23.9	--	3	7170	卖盘
10:31:51	23.9	--	3	7170	卖盘
10:31:39	23.9	--	1	2390	卖盘
10:31:12	23.9	--	3	7170	卖盘
10:30:57	23.9	--	61	145790	买盘
10:30:51	23.9	--	12	28680	卖盘
10:30:45	23.9	--	15	35850	卖盘
10:30:36	23.9	--	11	26290	卖盘
10:30:27	23.9	--	35	83650	卖盘
10:30:24	23.9	--	15	35850	卖盘
10:30:09	23.9	--	3	7170	卖盘
10:30:06	23.9	-0.01	3	7170	卖盘
10:29:42	23.91	--	2	6599	卖盘
10:29:30	23.91	0.01	5	12528	中性盘
10:29:03	23.9	--	48	114720	卖盘
10:28:39	23.9	--	1	2390	卖盘
10:28:21	23.9	-0.02	3	7170	卖盘
10:28:09	23.92	0.01	7	16744	买盘
10:27:42	23.91	--	2	4782	卖盘
10:27:06	23.91	--	1	2391	中性盘
10:26:42	23.91	--	2	4782	卖盘
10:26:39	23.91	--	32	76512	卖盘
10:26:36	23.91	-0.01	3	7173	卖盘
10:26:18	23.92	0.01	4	9568	买盘
10:26:06	23.91	--	2	4782	卖盘
10:26:03	23.91	--	8	19128	卖盘
10:25:51	23.91	-0.01	4	9564	卖盘
10:25:48	23.92	--	5	11960	卖盘
10:25:42	23.92	0.01	7	16744	中性盘
10:25:09	23.91	--	3	7173	卖盘
10:24:57	23.91	--	1	2391	卖盘
10:24:51	23.91	0.04	4	9564	卖盘
10:24:48	23.87	-0.03	3	7161	卖盘
10:24:45	23.9	--	3	7170	卖盘
10:24:42	23.9	--	2	4780	卖盘
10:24:21	23.9	--	5	11950	买盘
10:24:03	23.9	-0.05	5	11950	卖盘
10:23:42	23.95	--	6	14370	买盘
10:23:27	23.95	0.02	18	43110	买盘
10:23:21	23.93	--	2	4786	卖盘
10:23:18	23.93	0.06	21	50253	买盘
10:23:06	23.87	-0.03	3	7161	卖盘
10:23:00	23.9	--	11	26290	买盘
10:22:51	23.9	--	3	7170	买盘
10:22:48	23.9	0.04	20	47800	买盘
10:22:42	23.86	-0.04	2	4772	卖盘
10:22:30	23.9	--	1	2390	买盘
10:22:24	23.9	0.05	15	35850	买盘
10:22:06	23.85	0.02	100	238500	买盘
10:22:00	23.83	--	1	2383	卖盘
10:21:54	23.83	--	22	54213	买盘
10:21:51	23.83	--	31	73873	买盘
10:21:48	23.83	--	23	54808	买盘
10:21:42	23.83	--	104	247831	买盘
10:21:36	23.83	0.01	2	4766	买盘
10:21:24	23.82	--	6	14292	卖盘
10:21:21	23.82	-0.01	3	7146	卖盘
10:21:18	23.83	--	16	38128	买盘
10:21:00	23.83	0.01	10	23830	买盘
10:20:36	23.82	--	1	2382	卖盘
10:20:30	23.82	--	15	35730	卖盘
10:20:15	23.82	-0.01	4	9551	卖盘
10:20:12	23.83	--	20	47660	买盘
10:19:54	23.83	0.01	1	2383	买盘
10:19:51	23.82	--	7	17412	卖盘
10:19:36	23.82	--	3	7146	卖盘
10:19:06	23.82	-0.01	1	2382	卖盘
10:19:03	23.83	0.01	10	23830	买盘
10:18:45	23.82	--	1	2382	卖盘
10:18:42	23.82	-0.01	6	14292	卖盘
10:18:00	23.83	0.01	1	2383	买盘
10:17:51	23.82	--	3	7146	卖盘
10:17:45	23.82	-0.01	1	2382	卖盘
10:17:33	23.83	0.01	16	38128	买盘
10:16:45	23.82	-0.01	20	47640	卖盘
10:16:33	23.83	--	5	11915	买盘
10:16:15	23.83	--	15	35745	买盘
10:16:12	23.83	0.01	1	2383	买盘
10:16:09	23.82	--	1	2382	卖盘
10:16:06	23.82	-0.01	3	7146	卖盘
10:15:09	23.83	0.01	3	7148	买盘
10:15:00	23.82	--	5	11910	卖盘
10:14:51	23.82	--	4	9528	卖盘
10:14:30	23.82	-0.01	4	9528	卖盘
10:14:24	23.83	0.01	11	26212	买盘
10:14:21	23.82	--	3	7146	卖盘
10:14:00	23.82	-0.01	3	7146	卖盘
10:13:42	23.83	0.01	2	4766	买盘
10:13:21	23.82	0.01	47	112644	买盘
10:13:09	23.81	--	10	23810	卖盘
10:13:06	23.81	--	3	7143	卖盘
10:12:45	23.81	--	3	7143	卖盘
10:12:39	23.81	0.02	17	40477	买盘
10:12:36	23.79	-0.01	8	19032	卖盘
10:12:30	23.8	--	10	23800	卖盘
10:12:21	23.8	--	4	9520	卖盘
10:12:06	23.8	--	18	42840	买盘
10:11:57	23.8	--	2	4760	买盘
10:11:48	23.8	0.02	4	9520	买盘
10:11:30	23.78	-0.02	3	7134	中性盘
10:11:18	23.8	0.01	30	71400	买盘
10:11:15	23.79	0.02	3	7137	买盘
10:10:51	23.77	-0.01	3	7131	卖盘
10:10:33	23.78	0.01	9	21402	买盘
10:10:30	23.77	--	3	7131	卖盘
10:10:27	23.77	--	4	9508	卖盘
10:10:15	23.77	-0.01	3	7131	卖盘
10:10:03	23.78	0.01	3	7134	买盘
10:09:57	23.77	0.01	3	7131	买盘
10:09:48	23.76	--	1	2376	卖盘
10:09:36	23.76	-0.01	11	26136	卖盘
10:09:24	23.77	0.01	1	2377	中性盘
10:09:18	23.76	-0.01	35	83160	卖盘
10:09:06	23.77	-0.01	3	7131	卖盘
10:09:03	23.78	--	2	4756	卖盘
10:09:00	23.78	--	3	7134	卖盘
10:08:54	23.78	--	10	23780	卖盘
10:08:48	23.78	--	4	9512	卖盘
10:08:42	23.78	--	5	11890	卖盘
10:08:36	23.78	-0.01	19	45182	卖盘
10:08:33	23.79	--	10	23790	卖盘
10:08:30	23.79	--	31	73749	卖盘
10:08:15	23.79	--	5	11895	卖盘
10:08:00	23.79	--	5	11895	卖盘
10:07:57	23.79	--	11	26169	卖盘
10:07:54	23.79	--	3	7137	卖盘
10:07:45	23.79	-0.01	3	7137	卖盘
10:07:42	23.8	--	1	2380	买盘
10:07:30	23.8	0.01	8	19040	买盘
10:07:27	23.79	-0.01	8	19032	卖盘
10:07:21	23.8	--	12	28560	卖盘
10:07:03	23.8	--	25	59500	卖盘
10:06:48	23.8	--	3	7140	买盘
10:06:45	23.8	--	1	2380	卖盘
10:06:36	23.8	--	1	2380	卖盘
10:06:33	23.8	--	8	19040	买盘
10:06:30	23.8	--	2	4760	卖盘
10:06:21	23.8	--	14	33320	卖盘
10:06:15	23.8	-0.01	34	80920	中性盘
10:06:00	23.81	0.02	7	16667	买盘
10:05:57	23.79	-0.01	14	33306	卖盘
10:05:54	23.8	0.01	3	7140	中性盘
10:05:36	23.79	-0.02	3	7137	卖盘
10:05:33	23.81	0.01	3	7143	买盘
10:05:24	23.8	--	5	11900	卖盘
10:05:18	23.8	--	16	38080	卖盘
10:04:51	23.8	--	11	26180	卖盘
10:04:09	23.8	--	3	7140	买盘
10:04:06	23.8	--	4	9520	买盘
10:04:03	23.8	--	10	23800	中性盘
10:03:51	23.8	--	3	7140	卖盘
10:03:48	23.8	0.01	2	4760	买盘
10:03:45	23.79	--	25	59475	卖盘
10:03:39	23.79	-0.01	20	47580	卖盘
10:03:36	23.8	--	3	7140	买盘
10:03:33	23.8	--	11	26180	买盘
10:03:21	23.8	-0.02	5	11900	中性盘
10:02:48	23.82	0.03	1	2382	买盘
10:02:30	23.79	--	5	11895	卖盘
10:02:27	23.79	--	32	76889	买盘
10:02:24	23.79	--	5	11895	买盘
10:02:18	23.79	--	20	47580	买盘
10:02:15	23.79	--	6	14274	买盘
10:02:12	23.79	0.01	10	23790	买盘
10:02:06	23.78	-0.02	39	94359	卖盘
10:02:00	23.8	--	18	43601	买盘
10:01:57	23.8	0.01	12	28560	买盘
10:01:51	23.79	--	1	2379	卖盘
10:01:45	23.79	0.01	5	11895	买盘
10:01:36	23.78	-0.01	1	2378	卖盘
10:01:33	23.79	0.01	6	14274	买盘
10:01:30	23.78	0.01	4	9512	中性盘
10:01:24	23.77	--	12	28524	卖盘
10:01:09	23.77	--	10	23770	卖盘
10:01:06	23.77	-0.02	14	33278	卖盘
10:01:00	23.79	--	2	4758	卖盘
10:00:54	23.79	-0.01	2	4758	卖盘
10:00:36	23.8	--	92	220578	卖盘
10:00:24	23.8	--	13	30940	卖盘
10:00:18	23.8	--	28	66640	卖盘
10:00:12	23.8	-0.02	47	111860	卖盘
09:59:57	23.82	--	2	6455	卖盘
09:59:27	23.82	--	3	7146	卖盘
09:59:21	23.82	0.01	1	3072	买盘
09:59:09	23.81	-0.01	2	4762	卖盘
09:58:36	23.82	--	15	35730	买盘
09:58:33	23.82	0.01	5	11910	买盘
09:58:24	23.81	-0.01	1	2381	卖盘
09:58:06	23.82	0.01	1	2382	买盘
09:57:39	23.81	-0.01	6	14286	卖盘
09:57:33	23.82	--	1	2382	买盘
09:57:30	23.82	--	3	7146	买盘
09:57:18	23.82	--	2	4764	买盘
09:57:03	23.82	0.02	17	40494	卖盘
09:56:39	23.8	-0.01	130	309400	卖盘
09:56:36	23.81	-0.01	50	119050	卖盘
09:56:30	23.82	--	6	14292	买盘
09:56:27	23.82	--	1	2382	买盘
09:56:21	23.82	0.01	100	238200	买盘
09:56:18	23.81	-0.01	32	76192	卖盘
09:55:57	23.82	--	21	50022	卖盘
09:55:54	23.82	--	50	119100	卖盘
09:55:48	23.82	-0.01	15	35730	卖盘
09:55:39	23.83	--	4	10127	卖盘
09:55:27	23.83	--	27	66128	买盘
09:55:15	23.83	--	20	48255	卖盘
09:54:51	23.83	--	6	14297	卖盘
09:54:48	23.83	--	1	2383	卖盘
09:54:39	23.83	--	10	23830	卖盘
09:54:18	23.83	--	19	47064	买盘
09:54:12	23.83	--	5	11915	买盘
09:54:00	23.83	--	4	10127	卖盘
09:53:51	23.83	--	5	13702	买盘
09:53:42	23.83	-0.01	16	38128	卖盘
09:53:36	23.84	0.01	3	7152	中性盘
09:53:21	23.83	-0.01	20	47660	卖盘
09:53:18	23.84	--	5	11920	买盘
09:53:12	23.84	--	4	9536	买盘
09:52:51	23.84	0.02	2	4768	买盘
09:52:48	23.82	--	20	47640	卖盘
09:52:42	23.82	--	14	33348	卖盘
09:52:24	23.82	0.02	21	50022	买盘
09:52:21	23.8	-0.01	33	78540	卖盘
09:52:15	23.81	--	4	9524	卖盘
09:51:57	23.81	-0.01	16	38096	卖盘
09:51:42	23.82	-0.03	37	88134	卖盘
09:51:30	23.85	--	7	17291	卖盘
09:51:27	23.85	--	25	59625	卖盘
09:51:12	23.85	-0.01	4	9540	卖盘
09:50:42	23.86	0.01	1	2386	买盘
09:50:30	23.85	-0.01	30	71550	卖盘
09:50:15	23.86	--	10	23860	买盘
09:49:51	23.86	--	1	2386	买盘
09:49:48	23.86	-0.01	5	11930	卖盘
09:49:45	23.87	0.01	20	47740	买盘
09:49:42	23.86	--	3	7158	卖盘
09:49:33	23.86	--	3	7158	卖盘
09:49:15	23.86	-0.01	20	47720	卖盘
09:49:00	23.87	--	9	23177	卖盘
09:48:57	23.87	-0.02	5	11935	卖盘
09:48:54	23.89	0.02	2	4778	买盘
09:48:51	23.87	--	26	62062	卖盘
09:48:48	23.87	--	2	4774	卖盘
09:48:42	23.87	-0.01	2	4774	卖盘
09:48:36	23.88	--	2	4776	卖盘
09:48:30	23.88	--	5	11940	卖盘
09:48:27	23.88	--	14	33432	卖盘
09:48:15	23.88	--	8	19104	卖盘
09:48:12	23.88	--	5	11940	卖盘
09:48:06	23.88	-0.01	1	2388	卖盘
09:47:54	23.89	--	5	11945	卖盘
09:47:51	23.89	-0.01	7	16723	卖盘
09:47:48	23.9	--	1	2390	买盘
09:47:45	23.9	--	2	4780	买盘
09:47:33	23.9	--	3	7170	买盘
09:47:15	23.9	--	2	4780	买盘
09:47:09	23.9	--	16	38240	卖盘
09:46:48	23.9	-0.01	3	7170	卖盘
09:46:45	23.91	--	1	2391	买盘
09:46:39	23.91	0.01	2	4782	买盘
09:46:15	23.9	-0.01	1	2390	中性盘
09:45:57	23.91	--	17	40647	卖盘
09:45:54	23.91	--	12	28692	卖盘
09:45:45	23.91	0.02	18	43038	买盘
09:45:42	23.89	-0.01	5	11945	卖盘
09:45:39	23.9	-0.01	6	14340	卖盘
09:45:36	23.91	--	7	16737	买盘
09:45:27	23.91	-0.02	75	179325	卖盘
09:45:18	23.93	0.02	15	35895	买盘
09:45:06	23.91	-0.02	5	11955	卖盘
09:45:03	23.93	--	5	11965	买盘
09:44:48	23.93	--	4	9572	买盘
09:44:36	23.93	0.03	1	2393	买盘
09:44:33	23.9	-0.01	15	35850	卖盘
09:44:18	23.91	-0.02	2	4782	卖盘
09:44:09	23.93	0.02	18	43074	买盘
09:43:54	23.91	-0.02	7	16737	卖盘
09:43:42	23.93	--	5	11965	买盘
09:43:18	23.93	0.01	16	38288	买盘
09:43:15	23.92	--	1	2392	买盘
09:43:09	23.92	0.01	10	23920	买盘
09:42:57	23.91	-0.02	3	7173	卖盘
09:42:48	23.93	--	3	7179	买盘
09:42:45	23.93	--	14	33502	买盘
09:42:42	23.93	-0.03	9	21537	卖盘
09:42:33	23.96	0.03	4	9584	买盘
09:42:30	23.93	-0.03	50	119650	卖盘
09:42:24	23.96	--	1	2396	买盘
09:42:21	23.96	--	3	7188	买盘
09:42:09	23.96	-0.01	1	2396	卖盘
09:42:06	23.97	--	5	11985	买盘
09:42:03	23.97	0.01	12	28764	买盘
09:41:57	23.96	-0.01	1	2396	卖盘
09:41:42	23.97	0.01	1	2397	中性盘
09:41:27	23.96	0.03	2	4792	买盘
09:41:00	23.93	--	7	16751	买盘
09:40:54	23.93	0.02	2	4786	买盘
09:40:45	23.91	0.01	2	4782	卖盘
09:40:42	23.9	--	1	2390	买盘
09:40:36	23.9	--	11	26290	卖盘
09:40:09	23.9	--	1	2390	卖盘
09:40:03	23.9	0.02	6	14340	买盘
09:39:51	23.88	--	0	692	买盘
09:39:42	23.88	--	7	16716	买盘
09:39:39	23.88	--	3	7164	买盘
09:39:36	23.88	-0.04	51	123483	卖盘
09:39:33	23.92	0.02	6	14352	买盘
09:39:30	23.9	--	1	2390	卖盘
09:39:24	23.9	0.02	5	11950	买盘
09:39:21	23.88	-0.02	64	152832	卖盘
09:39:18	23.9	--	3	7170	买盘
09:39:12	23.9	0.02	6	14340	买盘
09:39:06	23.88	--	141	337400	买盘
09:39:00	23.88	0.01	118	281784	买盘
09:38:54	23.87	--	7	16709	买盘
09:38:39	23.87	0.02	7	16709	买盘
09:38:36	23.85	--	11	28023	买盘
09:38:24	23.85	--	3	7155	买盘
09:38:21	23.85	0.03	9	22061	卖盘
09:38:15	23.82	--	190	454366	买盘
09:38:12	23.82	-0.06	59	141133	卖盘
09:38:09	23.88	0.06	300	716400	买盘
09:37:54	23.82	0.01	55	132796	买盘
09:37:48	23.81	0.01	15	35715	买盘
09:37:42	23.8	-0.01	10	23800	卖盘
09:37:36	23.81	0.01	10	23810	买盘
09:37:30	23.8	--	5	11900	卖盘
09:37:27	23.8	--	10	23800	卖盘
09:37:18	23.8	--	55	131661	买盘
09:37:09	23.8	--	3	7140	买盘
09:37:06	23.8	-0.01	7	16660	卖盘
09:36:57	23.81	--	5	11905	买盘
09:36:48	23.81	--	14	33334	卖盘
09:36:39	23.81	--	3	7143	卖盘
09:36:33	23.81	--	11	26191	卖盘
09:36:30	23.81	--	1	2381	卖盘
09:36:27	23.81	--	5	11905	卖盘
09:36:21	23.81	0.05	27	64287	买盘
09:36:15	23.76	--	18	42768	买盘
09:36:09	23.76	--	6	14256	买盘
09:36:00	23.76	--	14	33264	卖盘
09:35:57	23.76	-0.04	1	2376	卖盘
09:35:54	23.8	--	1	2380	买盘
09:35:51	23.8	--	7	16660	买盘
09:35:39	23.8	--	5	11900	买盘
09:35:36	23.8	--	31	73780	卖盘
09:35:33	23.8	--	2	4760	卖盘
09:35:30	23.8	--	32	76160	卖盘
09:35:21	23.8	-0.01	9	21420	卖盘
09:35:12	23.81	--	5	11905	买盘
09:35:06	23.81	-0.01	18	43453	卖盘
09:35:00	23.82	--	10	23820	卖盘
09:34:45	23.82	--	15	35730	卖盘
09:34:42	23.82	-0.01	6	16078	卖盘
09:34:39	23.83	--	12	28595	卖盘
09:34:36	23.83	-0.02	2	4766	卖盘
09:34:33	23.85	-0.03	4	9540	卖盘
09:34:27	23.88	--	22	52536	买盘
09:34:21	23.88	--	36	85968	卖盘
09:34:15	23.88	-0.02	8	19104	卖盘
09:34:12	23.9	0.02	2	4780	买盘
09:34:09	23.88	-0.02	10	23880	卖盘
09:34:06	23.9	0.02	3	7170	买盘
09:34:00	23.88	-0.02	16	38208	卖盘
09:33:54	23.9	-0.01	2	4780	卖盘
09:33:48	23.91	0.01	123	294093	买盘
09:33:45	23.9	--	2	4780	卖盘
09:33:39	23.9	-0.01	3	7170	卖盘
09:33:30	23.91	0.01	47	112377	买盘
09:33:27	23.9	--	4	9560	卖盘
09:33:21	23.9	--	6	14340	卖盘
09:33:18	23.9	--	5	11950	卖盘
09:33:15	23.9	--	11	26290	卖盘
09:33:12	23.9	--	2	4780	卖盘
09:33:06	23.9	-0.01	25	59750	卖盘
09:33:03	23.91	--	7	16737	买盘
09:32:48	23.91	--	30	71730	买盘
09:32:39	23.91	--	1	2391	买盘
09:32:36	23.91	-0.01	46	111683	卖盘
09:32:24	23.92	--	23	55016	买盘
09:32:21	23.92	0.01	2	4784	买盘
09:32:12	23.91	-0.02	50	119550	卖盘
09:32:09	23.93	--	8	19144	买盘
09:32:06	23.93	--	5	11965	买盘
09:31:51	23.93	0.02	7	16751	买盘
09:31:42	23.91	--	10	23910	卖盘
09:31:39	23.91	--	10	23910	卖盘
09:31:36	23.91	0.01	16	38949	买盘
09:31:24	23.9	0.02	8	19120	中性盘
09:31:18	23.88	--	123	293724	卖盘
09:31:15	23.88	--	3	7164	卖盘
09:31:12	23.88	-0.03	6	14328	卖盘
09:31:06	23.91	0.01	5	11955	买盘
09:31:00	23.9	--	26	62139	卖盘
09:30:57	23.9	-0.01	14	33460	卖盘
09:30:54	23.91	--	10	23910	买盘
09:30:48	23.91	--	23	54993	卖盘
09:30:39	23.91	-0.02	4	9564	卖盘
09:30:33	23.93	--	1	2393	卖盘
09:30:30	23.93	-0.03	17	40681	卖盘
09:30:06	23.96	0.03	33	79068	买盘
09:30:03	23.93	-0.07	64	153152	中性盘
09:30:00	24.0	--	0	0	买盘
09:25:03	24.0	24	84	201600	买盘
