成交时间	成交价	价格变动	成交量(手)	成交额(元)	性质
15:00:03	5.49	--	1779	976907	买盘
14:57:00	5.49	--	0	0	买盘
14:56:48	5.49	--	721	395829	买盘
14:56:42	5.49	0.01	17	9333	买盘
14:56:39	5.48	-0.01	103	56444	卖盘
14:56:36	5.49	0.01	60	32940	买盘
14:56:33	5.48	--	47	25756	卖盘
14:56:30	5.48	-0.01	93	50964	卖盘
14:56:24	5.49	0.01	100	54900	买盘
14:56:18	5.48	-0.01	101	55348	卖盘
14:56:15	5.49	0.01	10	5490	买盘
14:56:12	5.48	--	9	4932	卖盘
14:55:57	5.48	-0.01	4	2192	卖盘
14:55:51	5.49	0.01	318	174582	买盘
14:55:45	5.48	--	50	27400	卖盘
14:55:42	5.48	--	1	548	卖盘
14:55:39	5.48	-0.01	15	8220	卖盘
14:55:36	5.49	0.01	58	31842	买盘
14:55:33	5.48	-0.01	16	8768	卖盘
14:55:21	5.49	0.01	3	1647	买盘
14:55:15	5.48	--	100	54800	卖盘
14:55:09	5.48	-0.01	239	130972	卖盘
14:55:03	5.49	0.01	20	10980	买盘
14:55:00	5.48	--	20	10960	卖盘
14:54:54	5.48	--	15	8220	卖盘
14:54:51	5.48	-0.01	46	25208	卖盘
14:54:48	5.49	0.01	5	2745	买盘
14:54:42	5.48	--	110	60280	卖盘
14:54:39	5.48	--	1	548	卖盘
14:54:36	5.48	-0.01	258	141384	卖盘
14:54:30	5.49	--	9	4941	买盘
14:54:27	5.49	0.01	4	2196	买盘
14:54:21	5.48	--	3	1644	卖盘
14:54:15	5.48	-0.01	15	8220	卖盘
14:54:09	5.49	--	1	549	买盘
14:54:00	5.49	--	14	7686	买盘
14:53:51	5.49	--	14	7686	买盘
14:53:48	5.49	--	31	17019	买盘
14:53:36	5.49	--	1	549	买盘
14:53:24	5.49	0.01	1	549	买盘
14:53:21	5.48	--	10	5480	卖盘
14:53:18	5.48	--	10	5480	卖盘
14:53:00	5.48	-0.01	22	12056	卖盘
14:52:54	5.49	0.01	22	12078	买盘
14:52:39	5.48	--	100	54800	卖盘
14:52:30	5.48	-0.01	124	67952	卖盘
14:52:24	5.49	--	23	12627	买盘
14:52:21	5.49	0.01	9	4941	买盘
14:52:18	5.48	--	1	548	卖盘
14:52:15	5.48	--	42	23016	卖盘
14:52:12	5.48	-0.01	100	54800	卖盘
14:52:09	5.49	0.01	7	3843	买盘
14:52:06	5.48	--	90	49320	卖盘
14:51:54	5.48	-0.01	17	9316	卖盘
14:51:48	5.49	0.01	3	1647	买盘
14:51:39	5.48	-0.01	529	289892	卖盘
14:51:18	5.49	--	70	38430	买盘
14:51:15	5.49	0.01	52	28548	买盘
14:51:09	5.48	-0.01	180	98640	卖盘
14:51:06	5.49	--	32	17568	买盘
14:51:03	5.49	--	139	76311	买盘
14:50:39	5.49	--	25	13725	买盘
14:50:36	5.49	0.01	200	109800	买盘
14:50:33	5.48	--	21	11508	卖盘
14:50:21	5.48	-0.01	20	10960	卖盘
14:50:15	5.49	0.01	3	1647	买盘
14:50:09	5.48	--	50	27400	卖盘
14:50:06	5.48	0.01	146	80501	买盘
14:50:00	5.47	-0.01	23	12581	卖盘
14:49:54	5.48	0.01	1000	548000	买盘
14:49:51	5.47	-0.01	7	3829	卖盘
14:49:45	5.48	--	31	16988	买盘
14:49:39	5.48	--	80	43840	买盘
14:49:36	5.48	--	103	56444	买盘
14:49:24	5.48	0.01	32	17536	买盘
14:49:18	5.47	-0.01	38	20786	卖盘
14:49:06	5.48	0.01	71	38908	买盘
14:49:00	5.47	-0.01	72	39384	卖盘
14:48:57	5.48	0.01	100	54800	买盘
14:48:54	5.47	-0.01	12	6564	卖盘
14:48:48	5.48	--	3	1644	买盘
14:48:45	5.48	0.01	71	38908	买盘
14:48:36	5.47	--	6	3282	卖盘
14:48:27	5.47	--	140	76580	卖盘
14:48:24	5.47	-0.01	43	23521	卖盘
14:48:18	5.48	--	100	54800	买盘
14:48:15	5.48	--	12	6576	买盘
14:48:06	5.48	--	2	1096	买盘
14:48:03	5.48	--	3	1644	买盘
14:47:57	5.48	--	5	2740	买盘
14:47:51	5.48	0.01	10	5480	买盘
14:47:45	5.47	-0.01	9	4923	卖盘
14:47:42	5.48	--	10	5480	买盘
14:47:39	5.48	--	203	111244	买盘
14:47:33	5.48	--	20	10960	买盘
14:47:24	5.48	--	50	27400	买盘
14:47:18	5.48	--	3	1644	买盘
14:47:00	5.48	0.01	18	9864	买盘
14:46:54	5.47	-0.01	3	1641	卖盘
14:46:48	5.48	--	29	15892	买盘
14:46:45	5.48	--	70	38360	买盘
14:46:39	5.48	--	3	1644	买盘
14:46:21	5.48	0.01	6	3288	买盘
14:46:12	5.47	-0.01	2	1094	卖盘
14:46:06	5.48	--	30	16440	买盘
14:45:57	5.48	--	1	548	买盘
14:45:54	5.48	0.01	20	10960	买盘
14:45:51	5.47	--	12	6564	卖盘
14:45:45	5.47	--	37	20239	卖盘
14:45:42	5.47	--	5	2735	卖盘
14:45:39	5.47	--	1	547	卖盘
14:45:21	5.47	--	49	26803	卖盘
14:45:18	5.47	-0.01	1	547	卖盘
14:45:09	5.48	--	5	2740	买盘
14:44:54	5.48	--	30	16440	买盘
14:44:51	5.48	--	3	1644	买盘
14:44:48	5.48	--	14	7672	买盘
14:44:18	5.48	--	30	16440	买盘
14:44:03	5.48	0.01	3	1644	买盘
14:43:57	5.47	-0.01	10	5470	卖盘
14:43:51	5.48	--	56	30688	买盘
14:43:48	5.48	--	10	5480	买盘
14:43:36	5.48	--	8	4384	买盘
14:43:27	5.48	0.01	10	5480	买盘
14:43:24	5.47	-0.01	156	85332	卖盘
14:43:21	5.48	0.01	34	18632	买盘
14:43:18	5.47	--	5	2735	卖盘
14:43:15	5.47	-0.01	111	60717	卖盘
14:43:09	5.48	--	4	2192	买盘
14:42:51	5.48	0.01	100	54800	买盘
14:42:48	5.47	--	10	5470	卖盘
14:42:39	5.47	--	3	1641	卖盘
14:42:36	5.47	--	31	16957	卖盘
14:42:27	5.47	-0.01	1	547	卖盘
14:42:24	5.48	0.01	3	1644	买盘
14:42:12	5.47	--	18	9846	卖盘
14:42:03	5.47	--	2	1094	卖盘
14:42:00	5.47	-0.01	34	18598	卖盘
14:41:54	5.48	--	20	10960	买盘
14:41:33	5.48	--	4	2192	买盘
14:41:30	5.48	--	167	91516	买盘
14:41:24	5.48	--	30	16440	买盘
14:41:21	5.48	--	100	54800	买盘
14:41:12	5.48	--	5	2740	买盘
14:41:06	5.48	--	25	13700	买盘
14:41:00	5.48	--	50	27400	买盘
14:40:51	5.48	0.01	4	2192	买盘
14:40:36	5.47	-0.01	236	129092	卖盘
14:40:33	5.48	0.01	5	2740	买盘
14:40:27	5.47	-0.01	3	1641	卖盘
14:40:12	5.48	--	4	2192	买盘
14:40:03	5.48	0.01	10	5480	买盘
14:40:00	5.47	-0.01	27	14769	卖盘
14:39:57	5.48	--	5	2740	买盘
14:39:45	5.48	0.01	1	548	买盘
14:39:39	5.47	-0.01	10	5470	卖盘
14:39:36	5.48	0.01	243	133164	买盘
14:39:27	5.47	-0.01	5	2735	卖盘
14:39:21	5.48	0.01	203	111244	买盘
14:39:18	5.47	--	100	54700	卖盘
14:39:12	5.47	-0.01	7	3829	卖盘
14:38:57	5.48	--	4	2192	买盘
14:38:45	5.48	0.01	4	2192	买盘
14:38:42	5.47	--	3	1641	卖盘
14:38:36	5.47	--	54	29538	卖盘
14:38:33	5.47	--	20	10940	卖盘
14:38:30	5.47	-0.01	30	16410	卖盘
14:38:24	5.48	--	1	548	买盘
14:38:12	5.48	0.01	240	131520	买盘
14:38:06	5.47	--	344	188168	卖盘
14:37:54	5.47	-0.01	24	13128	卖盘
14:37:51	5.48	--	5	2740	买盘
14:37:33	5.48	--	4	2192	买盘
14:37:24	5.48	--	5	2740	买盘
14:37:18	5.48	-0.01	451	247208	卖盘
14:37:15	5.49	--	23	12627	买盘
14:37:09	5.49	--	3	1647	买盘
14:37:06	5.49	--	37	20313	买盘
14:37:03	5.49	0.01	31	17019	买盘
14:37:00	5.48	--	236	129328	卖盘
14:36:54	5.48	-0.01	84	46519	卖盘
14:36:51	5.49	--	20	10980	买盘
14:36:45	5.49	0.01	10	5490	买盘
14:36:39	5.48	-0.01	40	21920	卖盘
14:36:30	5.49	0.01	9	4941	买盘
14:36:21	5.48	-0.01	30	16440	卖盘
14:36:12	5.49	0.01	4	2196	买盘
14:36:09	5.48	--	92	50416	卖盘
14:36:03	5.48	--	2	1096	卖盘
14:36:00	5.48	-0.01	30	16440	卖盘
14:35:54	5.49	0.01	5	2745	买盘
14:35:51	5.48	--	236	129328	卖盘
14:35:48	5.48	-0.01	10	5480	卖盘
14:35:36	5.49	0.01	4	2196	买盘
14:35:15	5.48	-0.01	24	13152	卖盘
14:35:12	5.49	0.01	45	24705	买盘
14:34:57	5.48	-0.01	180	98640	卖盘
14:34:54	5.49	0.01	4	2196	买盘
14:34:51	5.48	--	1	548	卖盘
14:34:36	5.48	--	6	3288	卖盘
14:34:33	5.48	-0.01	22	12056	卖盘
14:34:12	5.49	0.01	4	2196	买盘
14:34:00	5.48	-0.01	80	43840	卖盘
14:33:51	5.49	0.01	5	2745	买盘
14:33:48	5.48	-0.01	5	2740	卖盘
14:33:33	5.49	--	4	2196	买盘
14:33:27	5.49	0.01	5	2745	买盘
14:33:24	5.48	-0.01	10	5480	卖盘
14:33:12	5.49	--	4	2196	买盘
14:33:06	5.49	0.01	18	9882	买盘
14:33:00	5.48	-0.01	2	1096	卖盘
14:32:54	5.49	--	5	2745	买盘
14:32:36	5.49	0.01	4	2196	买盘
14:32:30	5.48	-0.01	64	35072	卖盘
14:32:15	5.49	0.01	31	17019	买盘
14:32:06	5.48	--	209	114532	买盘
14:32:03	5.48	--	45	24660	买盘
14:31:57	5.48	--	4	2192	买盘
14:31:51	5.48	0.01	100	54800	买盘
14:31:48	5.47	-0.01	3	1641	卖盘
14:31:39	5.48	--	4	2192	买盘
14:31:33	5.48	--	5	2740	买盘
14:31:27	5.48	--	190	104120	卖盘
14:31:15	5.48	--	10	5480	买盘
14:31:12	5.48	--	4	2192	买盘
14:31:09	5.48	--	5	2740	卖盘
14:31:06	5.48	--	15	8220	买盘
14:31:00	5.48	--	26	14248	买盘
14:30:57	5.48	--	5	2740	买盘
14:30:54	5.48	--	3	1644	买盘
14:30:48	5.48	--	2	1096	买盘
14:30:45	5.48	--	578	316744	卖盘
14:30:39	5.48	-0.01	533	292084	卖盘
14:30:36	5.49	--	102	55998	买盘
14:30:30	5.49	0.01	4	2196	买盘
14:30:27	5.48	-0.01	1185	649380	卖盘
14:30:12	5.49	0.01	5	2745	买盘
14:30:09	5.48	-0.01	13	7124	卖盘
14:29:57	5.49	0.01	7	3843	买盘
14:29:54	5.48	-0.01	94	51512	卖盘
14:29:36	5.49	--	18	9882	买盘
14:29:33	5.49	--	5	2745	买盘
14:29:24	5.49	--	100	54900	买盘
14:29:15	5.49	0.01	50	27450	买盘
14:29:12	5.48	-0.01	5	2740	卖盘
14:28:54	5.49	--	1	549	买盘
14:28:51	5.49	--	5	2745	买盘
14:28:48	5.49	--	795	436636	卖盘
14:28:39	5.49	-0.01	2	1098	卖盘
14:28:30	5.5	--	4	2200	买盘
14:28:12	5.5	0.01	5	2750	买盘
14:27:57	5.49	-0.01	4	2196	卖盘
14:27:51	5.5	0.01	24	13200	买盘
14:27:48	5.49	-0.01	30	16470	卖盘
14:27:36	5.5	--	5	2750	买盘
14:27:27	5.5	0.01	7	3850	买盘
14:27:18	5.49	-0.01	141	77409	卖盘
14:27:12	5.5	--	4	2200	买盘
14:27:00	5.5	--	10	5500	买盘
14:26:51	5.5	0.01	5	2750	买盘
14:26:39	5.49	-0.01	16	8784	卖盘
14:26:33	5.5	--	4	2200	买盘
14:26:30	5.5	0.01	100	55000	买盘
14:26:24	5.49	-0.01	137	75213	卖盘
14:26:12	5.5	0.01	5	2750	买盘
14:26:09	5.49	--	10	5490	卖盘
14:25:54	5.49	-0.01	10	5490	卖盘
14:25:51	5.5	--	116	63800	买盘
14:25:45	5.5	--	10	5500	买盘
14:25:42	5.5	0.01	15	8250	买盘
14:25:39	5.49	-0.01	5	2745	卖盘
14:25:36	5.5	0.01	5	2750	买盘
14:25:21	5.49	-0.01	17	9333	卖盘
14:25:15	5.5	--	6	3300	买盘
14:24:57	5.5	--	26	14300	买盘
14:24:54	5.5	--	3	1650	买盘
14:24:42	5.5	--	31	17050	卖盘
14:24:39	5.5	--	236	129800	买盘
14:24:36	5.5	--	10	5500	买盘
14:24:33	5.5	--	2	1100	买盘
14:24:21	5.5	--	698	383900	买盘
14:24:12	5.5	--	4	2200	买盘
14:24:09	5.5	0.01	34	18700	买盘
14:24:06	5.49	-0.01	14	7686	卖盘
14:24:03	5.5	--	13	7150	买盘
14:24:00	5.5	--	360	198000	买盘
14:23:54	5.5	--	30	16500	买盘
14:23:51	5.5	--	5	2750	买盘
14:23:39	5.5	--	38	20900	买盘
14:23:36	5.5	--	4	2200	买盘
14:23:27	5.5	--	50	27500	买盘
14:23:15	5.5	0.01	13	7150	买盘
14:23:12	5.49	--	24	13176	卖盘
14:22:57	5.49	-0.01	118	64782	卖盘
14:22:54	5.5	0.01	204	112200	买盘
14:22:51	5.49	-0.01	144	79056	卖盘
14:22:48	5.5	--	6	3300	买盘
14:22:27	5.5	--	16	8800	买盘
14:22:21	5.5	--	38	20900	买盘
14:22:12	5.5	0.01	4	2200	买盘
14:21:57	5.49	-0.01	161	88389	卖盘
14:21:51	5.5	0.01	5	2750	买盘
14:21:48	5.49	-0.01	122	66978	卖盘
14:21:36	5.5	0.01	4	2200	买盘
14:21:33	5.49	-0.01	400	219600	卖盘
14:21:18	5.5	--	3	1650	买盘
14:21:12	5.5	--	5	2750	买盘
14:21:06	5.5	--	40	22000	买盘
14:20:51	5.5	0.01	4	2200	买盘
14:20:33	5.49	-0.01	20	10980	卖盘
14:20:30	5.5	0.01	5	2750	买盘
14:20:24	5.49	-0.01	118	64782	卖盘
14:20:12	5.5	0.01	4	2200	买盘
14:20:09	5.49	-0.01	2	1098	卖盘
14:20:06	5.5	0.01	2	1100	买盘
14:20:00	5.49	-0.01	21	11529	卖盘
14:19:54	5.5	0.01	5	2750	买盘
14:19:51	5.49	--	18	9882	卖盘
14:19:48	5.49	-0.01	5	2745	卖盘
14:19:36	5.5	0.01	4	2200	买盘
14:19:21	5.49	-0.01	100	54900	卖盘
14:19:12	5.5	--	5	2750	买盘
14:19:06	5.5	--	50	27500	买盘
14:18:51	5.5	0.01	4	2200	买盘
14:18:45	5.49	-0.01	100	54900	卖盘
14:18:36	5.5	--	5	2750	买盘
14:18:27	5.5	0.01	20	11000	买盘
14:18:24	5.49	-0.01	520	285480	卖盘
14:18:12	5.5	0.01	4	2200	买盘
14:18:03	5.49	-0.01	1	549	卖盘
14:17:57	5.5	--	5	2750	买盘
14:17:39	5.5	--	18	9900	买盘
14:17:33	5.5	0.01	4	2200	买盘
14:17:18	5.49	-0.01	77	42273	卖盘
14:17:12	5.5	0.01	5	2750	买盘
14:17:09	5.49	--	15	8235	卖盘
14:16:57	5.49	-0.01	30	16470	卖盘
14:16:54	5.5	--	4	2200	买盘
14:16:51	5.5	--	4	2200	买盘
14:16:45	5.5	0.01	29	15950	买盘
14:16:39	5.49	-0.01	153	84485	卖盘
14:16:33	5.5	0.01	100	55000	买盘
14:16:30	5.49	--	129	70821	卖盘
14:16:27	5.49	--	10	5490	卖盘
14:16:15	5.49	-0.01	11	6039	卖盘
14:16:00	5.5	0.01	2	1100	买盘
14:15:54	5.49	-0.01	23	12627	卖盘
14:15:30	5.5	0.01	5	2750	买盘
14:15:27	5.49	--	1	549	卖盘
14:15:18	5.49	-0.01	1	549	卖盘
14:15:12	5.5	0.01	21	11550	买盘
14:15:06	5.49	--	12	6588	卖盘
14:14:54	5.49	--	118	64782	卖盘
14:14:51	5.49	-0.01	10	5490	卖盘
14:14:48	5.5	0.01	10	5500	买盘
14:14:45	5.49	-0.01	150	82350	卖盘
14:14:39	5.5	0.01	509	279950	买盘
14:14:36	5.49	-0.01	8	4392	卖盘
14:14:27	5.5	--	10	5500	买盘
14:14:24	5.5	--	335	184250	买盘
14:14:18	5.5	0.01	5	2750	买盘
14:14:09	5.49	-0.01	171	93879	卖盘
14:13:57	5.5	--	5	2750	买盘
14:13:36	5.5	--	5	2750	买盘
14:13:15	5.5	--	4	2200	买盘
14:13:09	5.5	--	2	1100	买盘
14:12:54	5.5	--	5	2750	买盘
14:12:36	5.5	0.01	4	2200	买盘
14:12:27	5.49	--	3	1647	卖盘
14:12:18	5.49	-0.01	6	3294	卖盘
14:11:57	5.5	--	4	2200	买盘
14:11:54	5.5	--	21	11550	买盘
14:11:33	5.5	0.01	5	2750	买盘
14:11:30	5.49	-0.01	5	2745	卖盘
14:11:21	5.5	--	20	11000	买盘
14:11:18	5.5	--	19	10450	买盘
14:11:15	5.5	--	4	2200	买盘
14:11:12	5.5	0.01	20	11000	买盘
14:10:57	5.49	-0.01	525	288225	卖盘
14:10:51	5.5	--	44	24200	买盘
14:10:39	5.5	--	2	1100	买盘
14:10:36	5.5	--	10	5500	买盘
14:10:24	5.5	--	50	27500	买盘
14:10:21	5.5	--	401	220550	买盘
14:10:18	5.5	--	5	2750	买盘
14:10:12	5.5	--	10	5500	买盘
14:10:00	5.5	0.01	4	2200	买盘
14:09:54	5.49	-0.01	2	1098	卖盘
14:09:48	5.5	0.01	2	1100	买盘
14:09:36	5.49	--	8	4392	卖盘
14:09:30	5.49	--	6	3294	卖盘
14:09:27	5.49	--	4	2196	卖盘
14:09:21	5.49	-0.01	8	4392	卖盘
14:09:15	5.5	0.01	10	5500	买盘
14:09:12	5.49	--	100	54900	卖盘
14:09:03	5.49	-0.01	8	4392	卖盘
14:09:00	5.5	--	3	1650	买盘
14:08:51	5.5	--	5	2750	买盘
14:08:36	5.5	--	4	2200	买盘
14:08:18	5.5	0.01	9	4950	买盘
14:08:09	5.49	-0.01	2	1098	卖盘
14:08:03	5.5	--	3	1650	买盘
14:07:57	5.5	0.01	4	2200	买盘
14:07:36	5.49	--	5	2745	卖盘
14:07:15	5.49	--	300	164700	卖盘
14:07:00	5.49	--	5	2745	卖盘
14:06:57	5.49	--	143	78507	卖盘
14:06:36	5.49	-0.01	106	58194	卖盘
14:06:24	5.5	0.01	2	1100	买盘
14:06:06	5.49	--	11	6039	卖盘
14:05:48	5.49	-0.01	6	3294	卖盘
14:05:39	5.5	0.01	3	1650	买盘
14:05:30	5.49	--	6	3294	卖盘
14:05:00	5.49	-0.01	2	1098	卖盘
14:04:57	5.5	0.01	122	67100	买盘
14:04:36	5.49	--	200	109800	卖盘
14:04:33	5.49	-0.01	3	1647	卖盘
14:04:27	5.5	0.01	220	121000	买盘
14:04:21	5.49	-0.01	95	52155	卖盘
14:04:18	5.5	--	20	11000	买盘
14:04:06	5.5	--	41	22550	买盘
14:04:00	5.5	0.01	1	550	买盘
14:03:51	5.49	-0.01	1	549	卖盘
14:03:42	5.5	0.01	2	1100	买盘
14:03:39	5.49	-0.01	150	82350	卖盘
14:03:33	5.5	--	11	6050	买盘
14:03:15	5.5	0.01	1	550	中性盘
14:03:03	5.49	-0.02	7	3843	卖盘
14:02:48	5.51	0.02	3	1653	买盘
14:02:42	5.49	-0.01	42	23546	卖盘
14:02:39	5.5	--	40	22000	卖盘
14:02:21	5.5	0.01	15	8250	买盘
14:02:15	5.49	--	205	112545	卖盘
14:02:12	5.49	-0.01	3	1647	卖盘
14:02:09	5.5	--	2	1100	买盘
14:02:06	5.5	--	11	6050	买盘
14:01:33	5.5	0.01	10	5500	买盘
14:01:30	5.49	-0.01	10	5490	卖盘
14:01:18	5.5	0.01	25	13750	买盘
14:01:09	5.49	--	20	11468	卖盘
14:00:54	5.49	--	1	549	卖盘
14:00:42	5.49	-0.01	40	21960	卖盘
14:00:39	5.5	--	5	2750	买盘
14:00:24	5.5	--	2	1100	买盘
14:00:21	5.5	--	58	31900	卖盘
13:59:51	5.5	--	10	5500	卖盘
13:59:48	5.5	-0.01	193	106150	卖盘
13:59:42	5.51	0.01	3	1653	买盘
13:59:27	5.5	--	145	79750	卖盘
13:58:45	5.5	-0.01	65	35750	卖盘
13:58:42	5.51	0.01	3	1653	买盘
13:58:27	5.5	--	16	8800	卖盘
13:58:21	5.5	-0.01	1	550	卖盘
13:58:09	5.51	--	5	2755	买盘
13:57:48	5.51	0.01	3	1653	买盘
13:57:03	5.5	-0.01	17	9350	卖盘
13:56:48	5.51	0.01	3	1653	买盘
13:56:33	5.5	--	1	550	卖盘
13:56:24	5.5	-0.01	8	4400	卖盘
13:56:03	5.51	--	10	5510	买盘
13:55:54	5.51	--	3	1653	买盘
13:54:57	5.51	0.01	3	1653	买盘
13:54:54	5.5	-0.01	24	13200	卖盘
13:54:24	5.51	0.01	30	16530	买盘
13:54:15	5.5	--	50	27500	卖盘
13:54:09	5.5	--	1	550	卖盘
13:53:57	5.5	--	84	46200	卖盘
13:53:39	5.5	--	5	2750	卖盘
13:53:30	5.5	--	16	8800	卖盘
13:53:27	5.5	--	5	2750	卖盘
13:53:24	5.5	--	15	8250	买盘
13:53:03	5.5	--	3	1650	买盘
13:52:54	5.5	--	1	610	卖盘
13:52:51	5.5	--	11	6050	卖盘
13:52:39	5.5	--	21	12039	买盘
13:52:03	5.5	--	107	58910	卖盘
13:51:00	5.5	--	50	27500	卖盘
13:50:15	5.5	0.01	24	13689	买盘
13:50:00	5.49	-0.01	5	2745	卖盘
13:49:27	5.5	--	7	3910	卖盘
13:49:09	5.5	0.01	317	174839	买盘
13:49:06	5.49	--	53	29097	卖盘
13:47:45	5.49	--	25	13725	卖盘
13:47:15	5.49	--	540	296460	卖盘
13:46:51	5.49	-0.01	2	1098	卖盘
13:46:48	5.5	0.01	36	19800	买盘
13:46:42	5.49	-0.01	5	2745	卖盘
13:46:39	5.5	--	2	1100	买盘
13:46:30	5.5	0.01	2	1100	买盘
13:46:24	5.49	-0.01	506	277794	卖盘
13:46:21	5.5	0.01	171	94050	买盘
13:45:57	5.49	-0.01	22	12078	卖盘
13:45:45	5.5	--	125	68810	卖盘
13:45:39	5.5	--	100	55000	卖盘
13:45:36	5.5	--	500	275000	卖盘
13:45:21	5.5	--	22	12100	卖盘
13:45:18	5.5	--	2	1100	卖盘
13:45:03	5.5	0.01	428	235889	买盘
13:44:57	5.49	-0.01	111	60939	卖盘
13:44:33	5.5	0.01	10	5500	买盘
13:44:27	5.49	-0.01	10	5490	卖盘
13:44:24	5.5	0.01	3	1650	买盘
13:44:03	5.49	--	3	1647	卖盘
13:44:00	5.49	-0.01	4	2196	卖盘
13:43:03	5.5	0.01	22	12100	买盘
13:42:48	5.49	-0.01	3	1647	卖盘
13:42:45	5.5	0.01	100	55000	买盘
13:42:42	5.49	-0.01	40	21960	卖盘
13:42:30	5.5	0.01	5	2750	买盘
13:42:15	5.49	--	8	4392	卖盘
13:42:00	5.49	-0.01	5	2745	卖盘
13:41:48	5.5	--	20	11000	买盘
13:41:30	5.5	--	44	24260	卖盘
13:41:24	5.5	--	3	1650	卖盘
13:41:21	5.5	--	6	3789	买盘
13:41:18	5.5	--	3	1710	卖盘
13:41:09	5.5	--	175	96250	卖盘
13:41:06	5.5	--	14	7700	卖盘
13:41:03	5.5	--	80	44000	卖盘
13:40:57	5.5	--	50	27500	卖盘
13:40:54	5.5	--	10	5500	卖盘
13:40:42	5.5	--	5	2750	卖盘
13:40:39	5.5	--	10	5500	卖盘
13:40:15	5.5	--	3	1650	卖盘
13:39:51	5.5	--	47	25850	卖盘
13:39:48	5.5	--	18	9900	卖盘
13:39:39	5.5	--	38	20900	卖盘
13:39:24	5.5	--	5	2750	卖盘
13:39:21	5.5	--	30	16500	卖盘
13:39:15	5.5	--	200	110000	卖盘
13:39:12	5.5	--	40	22000	卖盘
13:39:09	5.5	--	7	3850	卖盘
13:39:06	5.5	--	79	43450	卖盘
13:39:00	5.5	--	25	13750	卖盘
13:38:51	5.5	--	388	213400	卖盘
13:38:48	5.5	--	20	11000	卖盘
13:38:42	5.5	--	15	8250	卖盘
13:38:36	5.5	--	600	330000	卖盘
13:38:33	5.5	--	29	15950	卖盘
13:38:21	5.5	--	49	26950	卖盘
13:38:09	5.5	--	113	62150	卖盘
13:38:03	5.5	-0.01	10	5500	卖盘
13:37:57	5.51	--	1	551	买盘
13:37:54	5.51	0.01	36	19836	买盘
13:37:42	5.5	-0.01	22	12100	卖盘
13:37:09	5.51	0.01	30	16530	买盘
13:37:00	5.5	--	16	8800	卖盘
13:36:45	5.5	--	7	3850	卖盘
13:36:21	5.5	--	26	14300	卖盘
13:36:12	5.5	-0.01	10	5500	卖盘
13:36:06	5.51	0.01	153	84303	买盘
13:35:36	5.5	-0.01	4	2200	卖盘
13:35:33	5.51	0.01	2	1102	买盘
13:35:30	5.5	--	5	2750	卖盘
13:35:06	5.5	--	1	550	卖盘
13:35:03	5.5	--	20	11000	卖盘
13:34:48	5.5	-0.01	25	13750	卖盘
13:34:36	5.51	--	101	55651	买盘
13:34:15	5.51	0.01	100	55100	买盘
13:34:12	5.5	--	5	2750	卖盘
13:33:57	5.5	-0.01	2	1100	卖盘
13:33:51	5.51	--	1	551	买盘
13:33:48	5.51	--	23	12673	买盘
13:33:45	5.51	--	5	2755	买盘
13:33:42	5.51	--	73	40223	买盘
13:33:27	5.51	--	10	5510	买盘
13:33:15	5.51	--	2	1102	买盘
13:33:12	5.51	--	18	9918	买盘
13:33:03	5.51	--	140	77140	买盘
13:32:42	5.51	--	20	11020	买盘
13:32:30	5.51	--	2	1102	买盘
13:32:03	5.51	--	10	5510	买盘
13:32:00	5.51	--	9	4959	买盘
13:31:57	5.51	--	8	4408	买盘
13:31:39	5.51	0.01	201	110751	买盘
13:31:36	5.5	-0.01	5	2750	卖盘
13:31:33	5.51	0.01	15	8265	买盘
13:31:27	5.5	--	2	1100	卖盘
13:31:15	5.5	-0.01	22	12375	卖盘
13:31:12	5.51	--	85	46835	买盘
13:31:00	5.51	--	3	1653	买盘
13:30:57	5.51	--	100	55100	买盘
13:30:54	5.51	--	30	16530	买盘
13:30:36	5.51	--	30	16530	买盘
13:30:33	5.51	--	10	5510	买盘
13:30:06	5.51	--	300	165300	买盘
13:30:00	5.51	0.01	3	1653	买盘
13:29:57	5.5	--	111	61050	卖盘
13:29:36	5.5	--	6	3300	卖盘
13:29:21	5.5	--	10	5500	卖盘
13:29:00	5.5	--	19	10450	卖盘
13:28:45	5.5	-0.01	1	550	卖盘
13:28:42	5.51	0.01	100	55100	买盘
13:28:33	5.5	--	12	6600	卖盘
13:28:27	5.5	-0.01	43	23864	卖盘
13:28:24	5.51	0.01	21	11571	买盘
13:28:15	5.5	--	22	12100	卖盘
13:28:12	5.5	-0.01	20	11000	卖盘
13:28:00	5.51	0.01	3	1653	买盘
13:27:54	5.5	-0.01	22	12375	卖盘
13:27:51	5.51	0.01	90	49590	买盘
13:27:45	5.5	--	20	11000	卖盘
13:27:42	5.5	--	22	12100	卖盘
13:27:12	5.5	--	443	243925	买盘
13:27:03	5.5	--	20	11000	买盘
13:27:00	5.5	--	3	1650	买盘
13:26:42	5.5	--	196	107800	买盘
13:26:21	5.5	0.01	10	5500	买盘
13:26:12	5.49	--	53	29097	卖盘
13:25:54	5.49	--	133	73017	买盘
13:25:48	5.49	--	17	9333	买盘
13:25:39	5.49	--	9	4941	买盘
13:25:24	5.49	-0.01	441	242109	卖盘
13:25:12	5.5	--	20	11000	买盘
13:25:00	5.5	--	20	11000	买盘
13:24:57	5.5	--	1	550	买盘
13:24:51	5.5	-0.01	133	73425	卖盘
13:24:45	5.51	--	4	2204	买盘
13:24:39	5.51	--	2	1102	买盘
13:24:33	5.51	0.01	10	5510	买盘
13:24:27	5.5	-0.01	300	165000	卖盘
13:24:03	5.51	--	67	36917	买盘
13:24:00	5.51	0.01	3	1653	买盘
13:23:54	5.5	--	30	16500	卖盘
13:23:51	5.5	-0.01	20	11000	卖盘
13:23:30	5.51	--	50	27550	买盘
13:23:18	5.51	0.01	24	13499	买盘
13:23:15	5.5	-0.01	102	56100	卖盘
13:23:12	5.51	--	100	55100	买盘
13:23:09	5.51	--	37	20387	买盘
13:22:57	5.51	--	749	412699	买盘
13:22:54	5.51	--	30	16530	买盘
13:22:51	5.51	--	22	12122	买盘
13:22:39	5.51	0.01	3	1653	买盘
13:22:30	5.5	--	761	418550	买盘
13:22:24	5.5	--	13	7150	买盘
13:22:00	5.5	0.01	2	1100	买盘
13:21:39	5.49	--	447	245403	买盘
13:21:27	5.49	--	141	77409	买盘
13:21:21	5.49	--	4	2196	买盘
13:21:18	5.49	--	2	1098	买盘
13:21:15	5.49	--	50	27450	卖盘
13:21:06	5.49	-0.01	30	16470	卖盘
13:20:57	5.5	--	20	11000	买盘
13:20:54	5.5	0.01	3	1650	买盘
13:20:39	5.49	--	6	3294	卖盘
13:20:30	5.49	--	25	13725	卖盘
13:20:21	5.49	-0.01	30	16470	卖盘
13:20:15	5.5	0.01	10	5500	买盘
13:20:09	5.49	-0.01	20	10980	卖盘
13:20:00	5.5	0.01	2	1100	买盘
13:19:51	5.49	--	12	6588	卖盘
13:19:18	5.49	-0.01	20	10980	卖盘
13:19:15	5.5	--	2	1100	买盘
13:19:06	5.5	0.01	100	55000	买盘
13:18:54	5.49	--	12	6588	卖盘
13:18:39	5.49	0.01	4	2196	买盘
13:18:33	5.48	--	55	30140	卖盘
13:18:30	5.48	--	9	4932	卖盘
13:18:21	5.48	-0.01	323	177004	卖盘
13:18:12	5.49	--	200	109800	买盘
13:18:09	5.49	--	10	5490	买盘
13:18:00	5.49	--	71	38979	买盘
13:17:57	5.49	--	4	2196	买盘
13:17:48	5.49	--	14	7686	卖盘
13:17:45	5.49	--	64	35136	买盘
13:17:42	5.49	--	5	2745	买盘
13:17:24	5.49	--	123	67527	买盘
13:17:09	5.49	--	1	549	买盘
13:17:00	5.49	--	100	54900	买盘
13:16:54	5.49	--	200	109800	买盘
13:16:48	5.49	0.01	100	54900	买盘
13:16:45	5.48	-0.01	2	1096	卖盘
13:16:15	5.49	0.01	2	1098	买盘
13:16:09	5.48	-0.01	30	16440	卖盘
13:15:45	5.49	0.01	10	5490	买盘
13:15:42	5.48	--	2	1096	卖盘
13:15:36	5.48	-0.01	2	1096	卖盘
13:15:09	5.49	0.01	60	32940	买盘
13:15:06	5.48	--	102	55896	卖盘
13:14:57	5.48	--	93	50964	买盘
13:14:48	5.48	--	19	10412	买盘
13:14:42	5.48	--	94	51512	买盘
13:14:36	5.48	--	8	4384	买盘
13:14:30	5.48	--	29	15892	买盘
13:14:24	5.48	--	70	38360	买盘
13:14:21	5.48	--	105	57540	买盘
13:14:18	5.48	--	10	5480	买盘
13:13:42	5.48	0.01	11	6028	买盘
13:13:36	5.47	--	9	5420	买盘
13:13:33	5.47	-0.01	207	113278	卖盘
13:13:24	5.48	--	54	29592	买盘
13:13:21	5.48	--	121	66308	买盘
13:13:18	5.48	--	10	5480	买盘
13:13:15	5.48	0.01	4	2192	买盘
13:13:12	5.47	-0.01	7	4326	卖盘
13:12:51	5.48	--	25	13700	买盘
13:12:42	5.48	0.01	3	1644	买盘
13:12:12	5.47	--	7	3829	卖盘
13:12:00	5.47	--	21	11487	卖盘
13:11:51	5.47	-0.01	7	3829	卖盘
13:11:27	5.48	--	19	10412	买盘
13:11:15	5.48	--	40	21920	买盘
13:10:39	5.48	--	20	10960	买盘
13:09:21	5.48	0.01	5	2740	买盘
13:09:18	5.47	--	20	10940	卖盘
13:09:12	5.47	-0.01	42	22974	卖盘
13:08:48	5.48	0.01	10	5480	买盘
13:08:39	5.47	--	54	29538	卖盘
13:08:24	5.47	--	168	91896	卖盘
13:08:06	5.47	--	50	27350	卖盘
13:07:39	5.47	--	100	54700	卖盘
13:07:33	5.47	--	11	6017	卖盘
13:07:27	5.47	--	8	4376	卖盘
13:07:15	5.47	-0.01	1	547	卖盘
13:07:12	5.48	0.01	5	2740	买盘
13:06:57	5.47	--	10	5470	卖盘
13:06:39	5.47	-0.01	289	158083	卖盘
13:06:00	5.48	0.01	20	10960	买盘
13:05:45	5.47	--	12	6564	卖盘
13:05:42	5.47	--	301	164647	卖盘
13:05:30	5.47	-0.01	1	547	卖盘
13:04:45	5.48	--	13	7124	买盘
13:04:18	5.48	0.01	2	1096	买盘
13:03:48	5.47	-0.01	2	1094	卖盘
13:03:27	5.48	-0.01	171	93708	卖盘
13:02:33	5.49	0.01	2	1098	买盘
13:02:09	5.48	--	6	3288	卖盘
13:01:33	5.48	--	1	548	卖盘
13:01:30	5.48	--	2	1096	卖盘
13:00:48	5.48	--	79	43292	买盘
13:00:24	5.48	--	50	27400	买盘
13:00:15	5.48	--	50	27400	买盘
13:00:12	5.48	0.01	100	54800	买盘
13:00:09	5.47	-0.01	15	8205	卖盘
13:00:06	5.48	0.01	45	24660	买盘
13:00:03	5.47	--	282	154254	卖盘
13:00:00	5.47	--	0	0	卖盘
11:30:00	5.47	-0.01	20	10940	卖盘
11:29:30	5.48	--	7	3836	买盘
11:29:27	5.48	--	2	1096	买盘
11:28:57	5.48	0.01	58	31784	买盘
11:28:42	5.47	--	2	1094	卖盘
11:28:30	5.47	-0.01	1	547	卖盘
11:28:21	5.48	--	181	99188	买盘
11:28:18	5.48	0.01	45	24660	买盘
11:28:06	5.47	--	3	1641	卖盘
11:28:03	5.47	--	1	547	卖盘
11:27:48	5.47	--	20	10940	卖盘
11:27:30	5.47	--	13	7111	买盘
11:27:21	5.47	--	3	1641	卖盘
11:27:06	5.47	--	230	125810	买盘
11:26:54	5.47	0.01	26	14222	买盘
11:26:48	5.46	-0.01	5	2730	卖盘
11:26:39	5.47	--	10	5470	买盘
11:26:24	5.47	0.01	17	9299	买盘
11:26:21	5.46	-0.01	30	16380	卖盘
11:26:06	5.47	--	18	9846	买盘
11:25:36	5.47	--	10	5470	买盘
11:25:15	5.47	--	20	10940	买盘
11:24:54	5.47	0.01	51	27897	买盘
11:24:45	5.46	-0.01	22	12012	卖盘
11:24:42	5.47	0.01	14	7658	买盘
11:24:12	5.46	--	10	5460	卖盘
11:23:57	5.46	--	2	1092	卖盘
11:23:51	5.46	--	1	546	卖盘
11:23:42	5.46	-0.01	0	267	卖盘
11:23:33	5.47	0.01	128	70016	买盘
11:23:24	5.46	--	84	45864	卖盘
11:23:21	5.46	-0.01	10	5460	卖盘
11:23:15	5.47	0.01	20	10940	买盘
11:22:54	5.46	--	1	546	卖盘
11:22:27	5.46	--	67	36582	卖盘
11:22:15	5.46	--	177	96642	买盘
11:22:06	5.46	--	50	27300	买盘
11:22:03	5.46	--	39	21294	买盘
11:21:57	5.46	--	71	38766	买盘
11:21:54	5.46	--	411	224406	买盘
11:21:51	5.46	--	100	54600	买盘
11:21:48	5.46	--	40	21840	买盘
11:21:39	5.46	--	112	61152	卖盘
11:21:03	5.46	-0.01	210	114660	卖盘
11:21:00	5.47	0.01	22	12034	买盘
11:20:57	5.46	--	89	48594	卖盘
11:20:48	5.46	--	130	70980	卖盘
11:20:45	5.46	--	164	89544	卖盘
11:20:24	5.46	--	100	54600	卖盘
11:20:18	5.46	-0.01	22	12012	卖盘
11:20:03	5.47	0.01	35	19145	买盘
11:20:00	5.46	-0.01	8	4368	卖盘
11:19:36	5.47	0.01	3	1641	买盘
11:19:27	5.46	--	34	18564	卖盘
11:19:12	5.46	--	40	21840	卖盘
11:19:00	5.46	--	1	546	卖盘
11:18:18	5.46	--	6	3276	卖盘
11:17:42	5.46	-0.01	20	10920	卖盘
11:17:33	5.47	0.01	20	10940	买盘
11:17:30	5.46	--	20	10920	卖盘
11:17:18	5.46	-0.01	118	64428	卖盘
11:17:12	5.47	--	10	5470	买盘
11:16:54	5.47	--	102	55794	买盘
11:16:45	5.47	--	20	10940	买盘
11:16:27	5.47	--	5	2735	买盘
11:16:21	5.47	0.01	10	5470	买盘
11:16:18	5.46	--	18	9828	卖盘
11:16:12	5.46	--	2	1092	卖盘
11:15:54	5.46	--	30	16380	卖盘
11:15:09	5.46	-0.01	3	1638	卖盘
11:15:06	5.47	0.01	9	4923	买盘
11:14:30	5.46	--	78	42861	买盘
11:14:24	5.46	--	14	7644	买盘
11:14:18	5.46	--	33	18018	买盘
11:14:15	5.46	0.01	20	10920	买盘
11:14:12	5.45	-0.01	18	9810	卖盘
11:14:09	5.46	--	137	74802	买盘
11:14:06	5.46	--	5	2730	买盘
11:14:03	5.46	--	100	54600	买盘
11:13:39	5.46	-0.01	222	121485	卖盘
11:13:33	5.47	0.01	1	547	买盘
11:13:21	5.46	--	9	4914	卖盘
11:13:18	5.46	--	185	101283	买盘
11:13:15	5.46	--	50	27300	买盘
11:13:12	5.46	0.01	50	27300	买盘
11:13:09	5.45	-0.01	29	15805	卖盘
11:13:00	5.46	--	24	13104	买盘
11:12:45	5.46	--	282	153972	买盘
11:12:39	5.46	-0.01	97	52962	卖盘
11:12:33	5.47	0.01	69	37743	买盘
11:12:18	5.46	--	22	12012	卖盘
11:12:06	5.46	0.01	27	14742	中性盘
11:12:00	5.45	-0.02	50	27250	卖盘
11:11:48	5.47	0.01	220	120340	买盘
11:11:42	5.46	--	161	88315	买盘
11:11:33	5.46	--	10	5460	买盘
11:11:27	5.46	0.01	10	5460	买盘
11:11:06	5.45	--	83	45235	卖盘
11:10:54	5.45	0.01	69	37605	买盘
11:10:51	5.44	--	603	328032	卖盘
11:10:48	5.44	-0.02	70	38080	卖盘
11:10:45	5.46	0.01	414	226044	买盘
11:10:42	5.45	0.01	28	15260	买盘
11:10:39	5.44	-0.01	40	21760	卖盘
11:10:36	5.45	--	1	545	买盘
11:10:30	5.45	--	45	24525	买盘
11:10:27	5.45	-0.01	232	126440	卖盘
11:10:21	5.46	0.01	48	26208	买盘
11:10:18	5.45	-0.01	287	156752	卖盘
11:10:15	5.46	--	71	38766	买盘
11:10:09	5.46	--	23	12558	买盘
11:10:03	5.46	--	13	7098	买盘
11:09:51	5.46	0.01	5	2730	买盘
11:09:48	5.45	--	275	149875	卖盘
11:09:45	5.45	--	6	3270	卖盘
11:09:42	5.45	-0.01	14	7630	卖盘
11:09:39	5.46	0.01	10	5460	买盘
11:09:27	5.45	--	16	8720	卖盘
11:09:24	5.45	-0.01	2	1090	卖盘
11:09:06	5.46	0.01	20	10920	中性盘
11:09:03	5.45	-0.01	2636	1436620	卖盘
11:08:45	5.46	-0.02	1373	749658	卖盘
11:08:39	5.48	0.01	4	2192	买盘
11:08:36	5.47	--	15	8205	卖盘
11:08:30	5.47	--	10	5470	卖盘
11:08:21	5.47	--	40	21880	卖盘
11:08:18	5.47	--	26	14222	卖盘
11:08:00	5.47	--	29	15863	卖盘
11:07:48	5.47	--	47	25709	卖盘
11:07:45	5.47	--	4	2188	卖盘
11:07:39	5.47	--	50	27350	卖盘
11:07:33	5.47	--	20	10940	卖盘
11:07:27	5.47	--	1	547	卖盘
11:07:15	5.47	-0.01	23	12581	卖盘
11:06:42	5.48	0.01	4	2192	买盘
11:06:36	5.47	--	138	75486	卖盘
11:06:33	5.47	-0.01	5	2735	卖盘
11:06:18	5.48	--	13	7398	卖盘
11:06:15	5.48	--	6	3288	卖盘
11:06:12	5.48	0.01	180	98914	买盘
11:06:00	5.47	-0.01	50	27350	卖盘
11:05:54	5.48	--	18	9864	买盘
11:05:51	5.48	0.01	5	2740	买盘
11:05:33	5.47	-0.01	467	255848	卖盘
11:05:03	5.48	--	5	2740	买盘
11:05:00	5.48	--	64	35346	卖盘
11:04:57	5.48	--	69	37812	卖盘
11:04:48	5.48	--	17	9316	卖盘
11:04:42	5.48	--	107	58636	卖盘
11:04:39	5.48	--	24	13152	卖盘
11:04:30	5.48	--	330	180840	卖盘
11:03:51	5.48	--	5	2740	卖盘
11:03:48	5.48	--	10	5480	卖盘
11:03:24	5.48	--	10	5480	卖盘
11:03:06	5.48	--	232	127136	卖盘
11:03:03	5.48	--	26	14248	卖盘
11:03:00	5.48	-0.01	30	16440	卖盘
11:02:45	5.49	0.01	5	2745	买盘
11:02:36	5.48	--	103	56444	卖盘
11:02:21	5.48	-0.01	10	5480	卖盘
11:02:18	5.49	0.01	143	78507	买盘
11:02:03	5.48	-0.01	3	1644	卖盘
11:01:03	5.49	--	1	549	买盘
11:00:36	5.49	0.01	10	5490	买盘
11:00:27	5.48	-0.01	42	23290	卖盘
11:00:21	5.49	0.01	1	549	买盘
11:00:15	5.48	--	9	4932	卖盘
11:00:09	5.48	-0.01	1	548	卖盘
11:00:00	5.49	0.01	310	170190	买盘
10:59:45	5.48	-0.01	25	13700	卖盘
10:58:45	5.49	--	25	13725	买盘
10:58:42	5.49	0.01	1	549	买盘
10:58:21	5.48	0.01	80	43840	买盘
10:58:12	5.47	--	132	72204	卖盘
10:57:51	5.47	--	39	21333	卖盘
10:57:36	5.47	--	39	21333	卖盘
10:57:12	5.47	-0.01	310	169570	卖盘
10:56:54	5.48	--	200	109600	卖盘
10:56:45	5.48	--	309	169332	卖盘
10:56:39	5.48	-0.01	29	15892	卖盘
10:56:36	5.49	0.01	11	6308	买盘
10:56:33	5.48	--	20	11447	卖盘
10:56:24	5.48	--	260	142480	卖盘
10:56:21	5.48	--	216	118368	卖盘
10:56:09	5.48	--	56	30688	卖盘
10:56:06	5.48	--	22	12330	卖盘
10:56:03	5.48	--	20	11447	卖盘
10:56:00	5.48	-0.01	30	16440	卖盘
10:55:51	5.49	--	10	5490	买盘
10:55:45	5.49	--	73	40351	卖盘
10:55:21	5.49	--	22	12352	卖盘
10:55:18	5.49	--	20	10980	卖盘
10:55:12	5.49	-0.01	10	5490	卖盘
10:55:03	5.5	0.01	18	9900	买盘
10:54:57	5.49	--	42	23058	卖盘
10:54:42	5.49	--	30	16470	卖盘
10:54:30	5.49	-0.01	1	549	卖盘
10:54:06	5.5	-0.01	29	15950	中性盘
10:53:39	5.51	--	200	110200	买盘
10:53:33	5.51	0.01	93	51243	买盘
10:53:30	5.5	-0.01	33	18518	卖盘
10:53:27	5.51	0.01	8	4408	买盘
10:53:18	5.5	-0.01	278	153081	卖盘
10:53:03	5.51	--	6	3306	买盘
10:52:54	5.51	0.01	5	2755	买盘
10:52:48	5.5	--	65	35750	卖盘
10:52:33	5.5	--	2	1100	卖盘
10:52:30	5.5	--	19	10450	卖盘
10:52:21	5.5	--	1	550	卖盘
10:51:42	5.5	--	32	17600	卖盘
10:51:39	5.5	--	10	5500	卖盘
10:51:27	5.5	--	7	3850	卖盘
10:51:06	5.5	--	20	11000	卖盘
10:50:51	5.5	--	5	2750	卖盘
10:50:45	5.5	--	22	12100	卖盘
10:50:42	5.5	--	3	1650	卖盘
10:50:36	5.5	--	2	1100	卖盘
10:50:24	5.5	0.01	411	226050	买盘
10:50:09	5.49	--	2	1098	卖盘
10:49:48	5.49	--	2	1098	卖盘
10:49:36	5.49	--	50	27450	卖盘
10:49:27	5.49	--	568	311832	卖盘
10:49:03	5.49	-0.01	40	21960	中性盘
10:48:21	5.5	--	1	550	买盘
10:48:18	5.5	0.01	9	4950	买盘
10:48:09	5.49	--	11	6039	卖盘
10:48:00	5.49	--	7	3843	卖盘
10:47:42	5.49	--	2	1098	卖盘
10:47:24	5.49	0.01	172	94702	买盘
10:47:18	5.48	--	301	165222	卖盘
10:47:09	5.48	-0.01	8	4384	卖盘
10:47:03	5.49	0.01	7	3843	买盘
10:46:54	5.48	--	5	2740	卖盘
10:46:36	5.48	--	190	104120	卖盘
10:46:09	5.48	--	1	548	卖盘
10:45:57	5.48	--	8	4384	卖盘
10:45:42	5.48	-0.01	551	301948	卖盘
10:45:36	5.49	--	39	21411	卖盘
10:45:24	5.49	--	1	549	买盘
10:45:12	5.49	--	8	4392	卖盘
10:44:51	5.49	--	3	1647	卖盘
10:44:42	5.49	--	25	13725	卖盘
10:44:39	5.49	--	74	40626	买盘
10:44:24	5.49	0.01	5	2745	买盘
10:43:54	5.48	-0.01	9	4932	卖盘
10:43:48	5.49	0.01	19	10431	中性盘
10:43:39	5.48	--	22	12330	卖盘
10:43:36	5.48	-0.01	236	129328	卖盘
10:43:24	5.49	--	14	7686	卖盘
10:43:15	5.49	--	4	2196	买盘
10:43:03	5.49	--	6	3294	卖盘
10:43:00	5.49	--	54	29646	买盘
10:42:51	5.49	0.01	5	2745	中性盘
10:42:36	5.48	--	1	548	卖盘
10:42:33	5.48	--	6	3288	卖盘
10:42:15	5.48	--	15	8220	卖盘
10:41:54	5.48	-0.01	190	104120	卖盘
10:41:45	5.49	-0.01	25	13725	卖盘
10:41:33	5.5	--	23	12650	买盘
10:41:18	5.5	--	44	24200	卖盘
10:41:15	5.5	--	20	11000	卖盘
10:41:06	5.5	--	14	7700	卖盘
10:41:00	5.5	-0.01	10	5500	卖盘
10:40:54	5.51	0.01	20	11020	买盘
10:40:39	5.5	--	34	18700	买盘
10:40:36	5.5	--	227	124850	买盘
10:40:06	5.5	0.02	30	16500	买盘
10:39:36	5.48	-0.01	16	8768	卖盘
10:39:33	5.49	0.01	134	73566	买盘
10:39:18	5.48	-0.01	10	5480	卖盘
10:39:09	5.49	--	10	5490	买盘
10:38:45	5.49	--	10	5490	买盘
10:38:42	5.49	--	46	25254	卖盘
10:38:39	5.49	-0.01	20	10980	卖盘
10:38:33	5.5	0.01	6	3300	买盘
10:38:24	5.49	--	20	10980	卖盘
10:38:03	5.49	-0.01	37	20313	卖盘
10:37:30	5.5	--	4	2200	买盘
10:37:21	5.5	0.01	3	1650	买盘
10:37:15	5.49	--	8	4392	卖盘
10:36:57	5.49	--	4	2196	卖盘
10:36:51	5.49	--	75	41175	买盘
10:36:42	5.49	--	25	13725	卖盘
10:36:39	5.49	--	3	1647	卖盘
10:36:33	5.49	-0.01	21	11529	卖盘
10:36:12	5.5	--	17	9350	卖盘
10:35:54	5.5	--	49	26950	卖盘
10:35:42	5.5	-0.01	145	79750	卖盘
10:35:36	5.51	0.01	10	5510	买盘
10:35:18	5.5	--	15	8250	卖盘
10:35:15	5.5	--	10	5500	卖盘
10:35:03	5.5	-0.01	5	2750	卖盘
10:34:36	5.51	--	206	113506	买盘
10:34:27	5.51	0.01	1	551	买盘
10:34:21	5.5	--	5	2750	卖盘
10:34:18	5.5	-0.01	100	55000	卖盘
10:34:15	5.51	--	7	3857	买盘
10:34:12	5.51	0.01	10	5510	买盘
10:33:36	5.5	--	14	7700	卖盘
10:33:30	5.5	-0.01	32	17600	卖盘
10:33:27	5.51	0.01	223	122873	买盘
10:33:21	5.5	--	39	21450	卖盘
10:33:09	5.5	--	10	5500	卖盘
10:33:06	5.5	--	1	550	卖盘
10:33:00	5.5	0.02	153	84150	买盘
10:32:51	5.48	-0.01	40	21920	卖盘
10:32:42	5.49	--	13	7137	买盘
10:32:39	5.49	0.01	56	30744	买盘
10:32:36	5.48	--	8	4384	卖盘
10:31:57	5.48	0.01	665	364420	买盘
10:31:27	5.47	--	105	57910	卖盘
10:31:24	5.47	--	45	24615	卖盘
10:31:12	5.47	-0.01	169	92443	卖盘
10:31:09	5.48	--	278	152344	卖盘
10:31:03	5.48	--	5	2740	卖盘
10:30:51	5.48	-0.01	2	1096	卖盘
10:30:21	5.49	--	10	5490	买盘
10:30:15	5.49	-0.01	69	37881	中性盘
10:30:00	5.5	--	134	73700	卖盘
10:29:39	5.5	0.01	866	476300	买盘
10:29:27	5.49	0.01	1	549	买盘
10:29:06	5.48	--	80	43840	卖盘
10:28:51	5.48	-0.02	476	260848	卖盘
10:28:45	5.5	0.01	83	45650	买盘
10:28:42	5.49	--	1	549	卖盘
10:28:39	5.49	--	7	3843	卖盘
10:28:09	5.49	-0.01	3	1647	卖盘
10:27:45	5.5	--	10	5500	买盘
10:27:42	5.5	--	308	169400	买盘
10:27:30	5.5	-0.01	86	47300	卖盘
10:27:21	5.51	--	219	120669	买盘
10:27:12	5.51	--	56	30856	买盘
10:27:00	5.51	0.01	60	33060	买盘
10:26:57	5.5	--	1	550	买盘
10:26:54	5.5	-0.01	6	3300	卖盘
10:26:39	5.51	0.01	181	99731	买盘
10:26:33	5.5	--	23	12650	卖盘
10:26:30	5.5	--	30	16500	卖盘
10:26:27	5.5	--	153	84425	买盘
10:26:12	5.5	0.01	1059	582450	买盘
10:26:00	5.49	--	2	1098	买盘
10:25:45	5.49	--	8	4392	卖盘
10:25:42	5.49	--	2	1098	卖盘
10:25:24	5.49	--	168	92232	买盘
10:25:21	5.49	--	1	549	买盘
10:25:06	5.49	0.02	50	27450	买盘
10:24:57	5.47	-0.01	202	110494	卖盘
10:24:54	5.48	--	17	9321	买盘
10:24:48	5.48	--	360	197280	买盘
10:24:42	5.48	--	433	237284	买盘
10:24:39	5.48	--	10	5480	买盘
10:24:36	5.48	0.01	10	5480	买盘
10:24:18	5.47	-0.01	20	10940	卖盘
10:24:15	5.48	--	6	3288	买盘
10:24:06	5.48	0.01	8	4384	买盘
10:23:33	5.47	--	6	3282	卖盘
10:23:18	5.47	--	169	92443	卖盘
10:22:45	5.47	-0.01	766	419002	卖盘
10:22:39	5.48	--	68	37264	买盘
10:22:36	5.48	0.01	56	30688	买盘
10:22:27	5.47	-0.01	20	10940	卖盘
10:22:18	5.48	--	20	10960	买盘
10:22:09	5.48	0.01	7	3836	买盘
10:22:00	5.47	--	62	33914	卖盘
10:21:45	5.47	--	56	30632	卖盘
10:21:39	5.47	-0.01	19	10393	卖盘
10:21:36	5.48	0.01	19	10412	买盘
10:21:18	5.47	-0.01	16	8752	卖盘
10:21:06	5.48	0.01	36	20002	买盘
10:20:45	5.47	--	25	13675	卖盘
10:20:42	5.47	-0.01	7	3829	卖盘
10:20:33	5.48	--	12	6576	买盘
10:20:30	5.48	--	20	10960	买盘
10:20:24	5.48	0.01	5	2740	买盘
10:20:06	5.47	--	6	3282	卖盘
10:19:57	5.47	--	5	2735	卖盘
10:19:45	5.47	--	34	18598	卖盘
10:19:42	5.47	--	198	108306	买盘
10:19:27	5.47	--	40	21880	买盘
10:19:21	5.47	--	7	3829	买盘
10:19:12	5.47	0.01	210	114870	买盘
10:18:54	5.46	-0.01	427	233142	卖盘
10:18:48	5.47	--	10	5470	买盘
10:18:45	5.47	0.01	222	121434	买盘
10:18:33	5.46	-0.01	110	60060	卖盘
10:18:30	5.47	--	30	16410	买盘
10:18:18	5.47	--	9	4923	买盘
10:18:12	5.47	--	10	5470	买盘
10:18:06	5.47	0.01	80	43760	买盘
10:17:51	5.46	--	100	54600	卖盘
10:17:48	5.46	--	300	163800	卖盘
10:17:39	5.46	--	18	9828	卖盘
10:17:36	5.46	0.01	16	8736	买盘
10:17:33	5.45	-0.01	16	8720	卖盘
10:17:30	5.46	--	1	546	买盘
10:17:27	5.46	--	118	64428	买盘
10:17:24	5.46	--	137	74802	买盘
10:17:21	5.46	--	22	12012	买盘
10:17:18	5.46	0.01	226	123396	买盘
10:17:15	5.45	-0.01	10	5450	卖盘
10:17:12	5.46	--	40	21840	买盘
10:17:03	5.46	-0.01	994	542724	卖盘
10:16:57	5.47	--	86	47042	买盘
10:16:51	5.47	--	10	5470	买盘
10:16:45	5.47	--	10	5470	买盘
10:16:36	5.47	--	66	36102	卖盘
10:16:27	5.47	--	73	39931	卖盘
10:16:21	5.47	-0.01	2	1094	卖盘
10:16:15	5.48	--	1	548	买盘
10:16:03	5.48	0.02	10	5480	买盘
10:15:54	5.46	--	400	218400	卖盘
10:15:51	5.46	-0.01	17	9282	卖盘
10:15:48	5.47	--	35	19145	买盘
10:15:45	5.47	--	10	5470	买盘
10:15:42	5.47	--	300	164100	买盘
10:15:39	5.47	--	20	10940	买盘
10:15:36	5.47	--	17	9299	买盘
10:15:33	5.47	--	316	172852	买盘
10:15:24	5.47	--	3	1641	买盘
10:15:15	5.47	0.01	200	109400	买盘
10:15:12	5.46	-0.01	10	5460	卖盘
10:15:09	5.47	--	15	8205	买盘
10:15:00	5.47	0.01	3	1641	买盘
10:14:54	5.46	--	10	5460	卖盘
10:14:45	5.46	-0.01	12	6552	卖盘
10:14:39	5.47	0.01	15	8205	买盘
10:14:36	5.46	-0.01	50	27300	卖盘
10:14:30	5.47	--	20	10940	买盘
10:14:27	5.47	--	143	78221	卖盘
10:14:21	5.47	0.01	193	105571	买盘
10:14:15	5.46	--	20	10920	卖盘
10:14:03	5.46	-0.01	78	42588	卖盘
10:13:57	5.47	--	24	13128	卖盘
10:13:54	5.47	--	128	70016	卖盘
10:13:51	5.47	--	1	547	卖盘
10:13:45	5.47	--	218	119246	卖盘
10:13:39	5.47	--	31	16957	卖盘
10:13:24	5.47	--	418	228646	卖盘
10:13:21	5.47	--	10	5470	卖盘
10:13:06	5.47	-0.01	89	48683	卖盘
10:13:03	5.48	--	6	3288	买盘
10:12:57	5.48	0.01	4	2192	买盘
10:12:54	5.47	-0.01	3	1641	卖盘
10:12:51	5.48	--	48	26304	买盘
10:12:36	5.48	0.01	4	2192	买盘
10:12:12	5.47	--	73	39931	卖盘
10:12:06	5.47	--	20	10940	卖盘
10:11:57	5.47	--	101	55247	卖盘
10:11:51	5.47	-0.01	20	10940	卖盘
10:11:48	5.48	--	30	16440	买盘
10:11:42	5.48	--	4	2192	买盘
10:11:39	5.48	--	455	249340	买盘
10:11:33	5.48	0.01	100	54800	买盘
10:11:30	5.47	--	20	10940	卖盘
10:11:27	5.47	-0.01	3	1641	卖盘
10:11:18	5.48	0.01	1	548	买盘
10:11:15	5.47	--	4	2188	卖盘
10:11:03	5.47	--	20	10940	卖盘
10:10:54	5.47	--	646	353362	买盘
10:10:51	5.47	--	454	248338	卖盘
10:10:48	5.47	--	10	5470	卖盘
10:10:45	5.47	--	18	9846	买盘
10:10:42	5.47	--	30	16410	买盘
10:10:36	5.47	--	12	6564	买盘
10:10:33	5.47	0.01	53	28991	卖盘
10:10:18	5.46	--	6	3276	卖盘
10:10:15	5.46	-0.01	468	255528	卖盘
10:10:12	5.47	--	528	288816	买盘
10:10:06	5.47	0.01	25	13675	买盘
10:09:57	5.46	--	4	2184	卖盘
10:09:54	5.46	--	40	21840	卖盘
10:09:51	5.46	--	36	19656	卖盘
10:09:42	5.46	--	378	206388	卖盘
10:09:39	5.46	--	98	53508	卖盘
10:09:33	5.46	--	39	21294	卖盘
10:09:30	5.46	--	504	275184	卖盘
10:09:24	5.46	-0.01	21	11466	卖盘
10:09:21	5.47	0.01	16	8752	买盘
10:09:18	5.46	--	15	8190	卖盘
10:09:09	5.46	0.01	390	212940	买盘
10:09:03	5.45	-0.01	17	9265	卖盘
10:09:00	5.46	--	2	1092	买盘
10:08:54	5.46	--	1908	1041768	卖盘
10:08:51	5.46	-0.01	37	20202	卖盘
10:08:48	5.47	--	57	31179	买盘
10:08:42	5.47	0.01	58	31726	买盘
10:08:39	5.46	-0.01	43	23478	卖盘
10:08:33	5.47	--	1293	707271	卖盘
10:08:30	5.47	--	91	49777	卖盘
10:08:27	5.47	-0.01	21	11487	卖盘
10:08:09	5.48	--	481	263648	卖盘
10:08:06	5.48	--	20	10960	卖盘
10:08:00	5.48	--	30	16440	卖盘
10:07:57	5.48	--	50	27674	卖盘
10:07:51	5.48	--	7	3836	卖盘
10:07:48	5.48	--	5	2740	卖盘
10:07:45	5.48	--	40	21920	卖盘
10:07:42	5.48	--	60	32880	卖盘
10:07:39	5.48	--	20	10960	卖盘
10:07:36	5.48	--	97	53156	卖盘
10:07:33	5.48	--	47	25756	卖盘
10:07:30	5.48	--	73	40004	卖盘
10:07:27	5.48	--	377	206596	卖盘
10:07:24	5.48	--	72	39456	卖盘
10:07:21	5.48	--	200	109600	卖盘
10:07:18	5.48	--	50	27400	卖盘
10:07:15	5.48	--	32	17536	卖盘
10:07:12	5.48	--	7	3836	卖盘
10:07:09	5.48	--	34	18845	卖盘
10:07:06	5.48	-0.01	109	59732	卖盘
10:06:54	5.49	--	438	240758	卖盘
10:06:36	5.49	--	20	10980	卖盘
10:06:33	5.49	-0.01	5	2745	卖盘
10:06:30	5.5	0.01	301	165550	买盘
10:06:27	5.49	--	21	11529	卖盘
10:06:21	5.49	--	60	32940	卖盘
10:06:18	5.49	--	122	66978	卖盘
10:06:15	5.49	--	82	45018	卖盘
10:06:09	5.49	--	500	274500	卖盘
10:06:06	5.49	--	101	55449	卖盘
10:06:03	5.49	--	4	2196	卖盘
10:05:54	5.49	-0.01	277	152073	卖盘
10:05:51	5.5	--	100	55000	买盘
10:05:36	5.5	--	20	11000	买盘
10:05:33	5.5	-0.01	154	84953	卖盘
10:05:30	5.51	--	96	52896	买盘
10:05:18	5.51	0.01	748	412148	买盘
10:05:12	5.5	--	52	28600	卖盘
10:05:06	5.5	--	5	2750	卖盘
10:05:03	5.5	--	7	3850	卖盘
10:04:54	5.5	--	1000	550000	卖盘
10:04:51	5.5	-0.01	0	5	卖盘
10:04:39	5.51	--	1	551	买盘
10:04:36	5.51	0.01	3	1653	买盘
10:04:33	5.5	-0.01	18	9900	卖盘
10:04:18	5.51	0.01	102	56202	买盘
10:04:15	5.5	--	48	26400	卖盘
10:04:09	5.5	-0.01	109	59950	卖盘
10:03:54	5.51	--	6	3306	买盘
10:03:45	5.51	0.01	120	66120	买盘
10:03:42	5.5	--	41	22550	卖盘
10:03:36	5.5	-0.01	16	8800	卖盘
10:03:21	5.51	0.01	141	77691	买盘
10:03:15	5.5	-0.01	25	13750	卖盘
10:03:06	5.51	--	16	8816	买盘
10:03:00	5.51	--	48	26448	买盘
10:02:54	5.51	0.01	20	11020	买盘
10:02:48	5.5	-0.01	1	550	卖盘
10:02:30	5.51	--	22	12122	买盘
10:02:24	5.51	--	5	2755	买盘
10:02:21	5.51	0.01	10	5510	买盘
10:02:18	5.5	-0.01	80	44000	卖盘
10:02:15	5.51	--	3	1653	买盘
10:02:06	5.51	0.01	51	28101	买盘
10:01:39	5.5	--	88	48691	买盘
10:01:36	5.5	--	5	2750	买盘
10:01:33	5.5	--	18	9900	买盘
10:01:30	5.5	--	22	12100	买盘
10:01:21	5.5	--	200	110000	买盘
10:01:15	5.5	--	5	2750	买盘
10:01:12	5.5	--	70	38500	买盘
10:01:03	5.5	0.01	10	5500	买盘
10:00:48	5.49	--	118	64782	卖盘
10:00:36	5.49	-0.01	7	3843	卖盘
10:00:27	5.5	0.01	10	5500	买盘
10:00:24	5.49	--	1	549	卖盘
10:00:21	5.49	--	68	37332	卖盘
10:00:18	5.49	--	37	20313	卖盘
10:00:15	5.49	--	11	6039	卖盘
10:00:12	5.49	--	182	99918	卖盘
10:00:06	5.49	--	40	21960	卖盘
09:59:57	5.49	-0.01	77	42273	卖盘
09:59:51	5.5	--	34	18700	买盘
09:59:36	5.5	--	54	29700	买盘
09:59:33	5.5	--	124	68200	买盘
09:59:18	5.5	--	22	12100	买盘
09:59:15	5.5	--	2	1100	买盘
09:59:06	5.5	0.01	2	1100	买盘
09:59:03	5.49	-0.01	21	11529	卖盘
09:58:54	5.5	--	27	14850	买盘
09:58:42	5.5	--	55	30250	买盘
09:58:39	5.5	--	22	12100	买盘
09:58:36	5.5	--	50	27500	买盘
09:58:33	5.5	--	5	2750	买盘
09:58:30	5.5	--	4	2200	买盘
09:58:18	5.5	--	2	1100	买盘
09:58:12	5.5	--	54	29700	买盘
09:58:09	5.5	--	9	4950	买盘
09:58:06	5.5	--	95	52250	买盘
09:58:03	5.5	0.01	60	33000	买盘
09:57:57	5.49	-0.01	5	2745	卖盘
09:57:54	5.5	--	156	85800	买盘
09:57:45	5.5	0.01	240	132000	中性盘
09:57:36	5.49	-0.01	1	549	卖盘
09:57:33	5.5	--	10	5500	卖盘
09:57:30	5.5	--	4	2200	卖盘
09:57:27	5.5	--	2	1100	卖盘
09:57:24	5.5	--	283	156189	买盘
09:57:18	5.5	0.01	100	55000	买盘
09:57:12	5.49	--	127	69723	卖盘
09:57:09	5.49	-0.01	24	13176	卖盘
09:57:06	5.5	0.01	50	27500	买盘
09:57:03	5.49	-0.01	7	3843	卖盘
09:57:00	5.5	--	20	11000	买盘
09:56:51	5.5	--	807	443861	卖盘
09:56:36	5.5	-0.01	4	2200	卖盘
09:56:33	5.51	--	100	55100	买盘
09:56:18	5.51	--	27	14877	买盘
09:56:09	5.51	0.01	14	7714	买盘
09:56:03	5.5	--	45	24750	卖盘
09:56:00	5.5	--	40	22000	卖盘
09:55:33	5.5	--	5	2750	卖盘
09:55:27	5.5	--	12	6600	卖盘
09:55:24	5.5	--	150	82500	卖盘
09:55:18	5.5	--	3	1650	卖盘
09:55:09	5.5	--	100	55000	卖盘
09:55:03	5.5	--	33	18150	卖盘
09:54:45	5.5	--	72	40139	卖盘
09:54:36	5.5	--	3	1650	卖盘
09:54:09	5.5	-0.01	162	89100	卖盘
09:53:57	5.51	-0.01	134	73834	卖盘
09:53:51	5.52	0.01	113	62375	买盘
09:53:45	5.51	--	50	27550	卖盘
09:53:24	5.51	0.01	600	330600	买盘
09:53:18	5.5	--	3	1650	卖盘
09:53:12	5.5	--	15	8250	卖盘
09:53:09	5.5	--	9	4950	卖盘
09:53:06	5.5	--	73	40150	卖盘
09:52:54	5.5	--	16	8800	卖盘
09:52:45	5.5	--	7	3850	卖盘
09:52:42	5.5	--	10	5500	卖盘
09:52:33	5.5	0.01	3	1650	中性盘
09:52:27	5.49	-0.01	564	309636	卖盘
09:52:24	5.5	--	36	19800	卖盘
09:52:15	5.5	--	8	4400	买盘
09:52:12	5.5	--	7	3850	买盘
09:52:09	5.5	--	485	266750	卖盘
09:52:03	5.5	--	133	73150	卖盘
09:52:00	5.5	-0.01	10	5500	卖盘
09:51:51	5.51	--	123	67773	卖盘
09:51:48	5.51	--	9	4959	卖盘
09:51:45	5.51	--	30	16530	卖盘
09:51:42	5.51	--	4	2204	卖盘
09:51:30	5.51	--	38	20938	买盘
09:51:21	5.51	--	7	3857	卖盘
09:51:12	5.51	0.01	59	32509	买盘
09:51:09	5.5	--	500	275000	卖盘
09:51:03	5.5	-0.01	7	3850	卖盘
09:50:57	5.51	0.01	18	9918	买盘
09:50:51	5.5	-0.01	30	16500	卖盘
09:50:48	5.51	--	13	7163	买盘
09:50:36	5.51	-0.01	147	80997	卖盘
09:50:30	5.52	0.01	10	5520	买盘
09:50:27	5.51	-0.01	7	3857	卖盘
09:50:24	5.52	--	10	5520	买盘
09:50:15	5.52	0.01	40	22080	买盘
09:50:03	5.51	-0.01	70	38570	卖盘
09:50:00	5.52	--	15	8280	卖盘
09:49:54	5.52	0.01	464	256127	买盘
09:49:51	5.51	--	120	66120	卖盘
09:49:45	5.51	--	20	11020	卖盘
09:49:42	5.51	--	142	78242	买盘
09:49:39	5.51	--	171	94221	买盘
09:49:33	5.51	-0.01	187	103037	卖盘
09:49:30	5.52	0.01	250	138000	买盘
09:49:27	5.51	--	43	23693	卖盘
09:49:15	5.51	-0.01	1	551	卖盘
09:49:12	5.52	0.02	15	8280	买盘
09:49:03	5.5	--	1	550	卖盘
09:49:00	5.5	--	97	53350	卖盘
09:48:57	5.5	--	22	12100	卖盘
09:48:54	5.5	-0.02	13	7150	卖盘
09:48:51	5.52	0.02	107	59063	买盘
09:48:48	5.5	--	10	5500	卖盘
09:48:39	5.5	0.01	25	13750	买盘
09:48:33	5.49	-0.01	178	97722	卖盘
09:48:30	5.5	0.01	84	46200	买盘
09:48:27	5.49	-0.01	82	45018	卖盘
09:48:24	5.5	-0.02	1656	910800	卖盘
09:48:12	5.52	--	23	12695	卖盘
09:48:06	5.52	-0.01	35	19320	卖盘
09:47:51	5.53	--	104	57512	卖盘
09:47:48	5.53	--	10	5530	卖盘
09:47:42	5.53	-0.01	22	12166	卖盘
09:47:24	5.54	--	235	130190	买盘
09:47:21	5.54	--	439	243206	买盘
09:47:18	5.54	0.01	800	443200	买盘
09:47:15	5.53	--	113	62489	卖盘
09:47:06	5.53	--	29	16037	买盘
09:47:03	5.53	0.01	238	131614	买盘
09:47:00	5.52	-0.01	55	30359	卖盘
09:46:57	5.53	--	65	35945	卖盘
09:46:54	5.53	-0.01	200	110600	卖盘
09:46:45	5.54	0.01	57	31578	买盘
09:46:39	5.53	--	8	4424	卖盘
09:46:36	5.53	--	97	53641	买盘
09:46:27	5.53	--	27	14931	买盘
09:46:24	5.53	--	176	97328	卖盘
09:46:21	5.53	--	1	553	卖盘
09:46:12	5.53	--	10	5530	卖盘
09:46:06	5.53	-0.01	13	7189	中性盘
09:46:03	5.54	0.01	100	55400	买盘
09:45:57	5.53	--	16	8848	卖盘
09:45:54	5.53	--	500	276500	卖盘
09:45:51	5.53	--	5	2765	卖盘
09:45:42	5.53	0.01	589	325717	买盘
09:45:39	5.52	--	266	146832	卖盘
09:45:36	5.52	-0.01	4	2208	卖盘
09:45:30	5.53	0.01	20	11060	买盘
09:45:21	5.52	-0.01	4	2208	卖盘
09:45:18	5.53	--	434	240002	买盘
09:44:57	5.53	--	32	17696	买盘
09:44:54	5.53	0.01	20	11060	买盘
09:44:51	5.52	--	30	16560	卖盘
09:44:48	5.52	-0.01	11	6071	卖盘
09:44:42	5.53	--	2	1106	买盘
09:44:39	5.53	--	126	69678	买盘
09:44:36	5.53	--	50	27650	买盘
09:44:33	5.53	--	50	27650	买盘
09:44:30	5.53	--	2	1106	买盘
09:44:21	5.53	--	96	53088	卖盘
09:44:18	5.53	-0.01	23	12719	卖盘
09:44:15	5.54	--	75	41550	买盘
09:44:12	5.54	0.01	1000	554000	买盘
09:44:09	5.53	-0.01	30	16590	卖盘
09:44:06	5.54	0.01	31	17174	买盘
09:44:03	5.53	--	200	110600	卖盘
09:44:00	5.53	--	13	7189	卖盘
09:43:48	5.53	--	15	8295	卖盘
09:43:42	5.53	--	238	131614	买盘
09:43:39	5.53	--	22	12166	买盘
09:43:36	5.53	0.01	40	22120	买盘
09:43:33	5.52	--	50	27599	卖盘
09:43:24	5.52	--	3	1655	卖盘
09:43:12	5.52	--	3	1655	买盘
09:43:09	5.52	--	536	295872	买盘
09:43:06	5.52	--	201	110951	买盘
09:43:03	5.52	--	2	1104	买盘
09:42:57	5.52	0.01	10	5520	买盘
09:42:51	5.51	-0.01	35	19285	卖盘
09:42:48	5.52	--	1	552	买盘
09:42:45	5.52	0.01	52	28703	买盘
09:42:21	5.51	--	57	31407	卖盘
09:42:18	5.51	--	192	105792	买盘
09:42:15	5.51	--	2	1102	买盘
09:42:12	5.51	--	30	16530	卖盘
09:42:06	5.51	0.01	17	9367	卖盘
09:42:03	5.5	--	11	6050	卖盘
09:42:00	5.5	-0.01	39	21450	卖盘
09:41:57	5.51	0.02	21	11571	买盘
09:41:54	5.49	-0.02	1000	549000	卖盘
09:41:48	5.51	--	4	2204	买盘
09:41:45	5.51	--	19	10469	卖盘
09:41:42	5.51	--	1	551	卖盘
09:41:39	5.51	--	62	34162	卖盘
09:41:30	5.51	-0.01	614	338314	卖盘
09:41:24	5.52	-0.01	34	18768	卖盘
09:41:15	5.53	0.01	3	1659	买盘
09:41:12	5.52	-0.01	13	7175	卖盘
09:41:09	5.53	--	15	8295	买盘
09:41:03	5.53	--	76	42028	买盘
09:40:57	5.53	0.01	1	553	买盘
09:40:48	5.52	-0.01	30	16560	卖盘
09:40:39	5.53	--	6	3318	买盘
09:40:30	5.53	0.02	262	144886	买盘
09:40:24	5.51	-0.01	23	12673	卖盘
09:40:21	5.52	0.01	20	11040	买盘
09:40:18	5.51	-0.02	25	13775	卖盘
09:40:15	5.53	0.02	161	89033	买盘
09:40:06	5.51	-0.02	18	9918	卖盘
09:40:00	5.53	--	9	4977	买盘
09:39:57	5.53	--	8	4424	买盘
09:39:33	5.53	0.02	1	553	买盘
09:39:30	5.51	-0.02	2	1102	卖盘
09:39:27	5.53	0.01	263	145439	买盘
09:39:21	5.52	--	215	118679	买盘
09:39:00	5.52	0.02	30	16560	买盘
09:38:57	5.5	--	24	13200	卖盘
09:38:54	5.5	-0.01	8	4400	卖盘
09:38:39	5.51	0.02	80	44080	买盘
09:38:36	5.49	-0.01	49	26901	卖盘
09:38:33	5.5	--	57	31350	买盘
09:38:30	5.5	--	1	550	买盘
09:38:27	5.5	0.01	17	9350	买盘
09:38:24	5.49	-0.01	5	2745	卖盘
09:38:15	5.5	--	3	1650	买盘
09:38:12	5.5	--	12	6600	卖盘
09:38:09	5.5	0.01	35	19250	中性盘
09:38:03	5.49	-0.01	50	27450	卖盘
09:38:00	5.5	0.01	95	52250	买盘
09:37:57	5.49	--	8	4392	卖盘
09:37:54	5.49	--	100	54900	卖盘
09:37:51	5.49	-0.01	12	6588	卖盘
09:37:48	5.5	0.01	10	5500	买盘
09:37:45	5.49	--	88	48312	卖盘
09:37:42	5.49	--	143	78507	卖盘
09:37:39	5.49	--	5	2745	卖盘
09:37:33	5.49	--	30	16470	卖盘
09:37:27	5.49	0.01	24	13176	卖盘
09:37:21	5.48	-0.01	1004	550192	卖盘
09:37:18	5.49	0.01	470	258030	买盘
09:37:15	5.48	--	45	24660	卖盘
09:37:12	5.48	--	17	9316	卖盘
09:37:09	5.48	-0.01	260	142480	卖盘
09:37:06	5.49	0.01	8	4392	买盘
09:37:03	5.48	--	11	6028	卖盘
09:37:00	5.48	--	6	3288	卖盘
09:36:54	5.48	--	11	6028	卖盘
09:36:51	5.48	-0.01	3	1644	卖盘
09:36:48	5.49	--	3	1647	买盘
09:36:45	5.49	--	200	109800	买盘
09:36:42	5.49	-0.01	40	21960	卖盘
09:36:39	5.5	--	34	18700	卖盘
09:36:36	5.5	--	66	36300	买盘
09:36:33	5.5	0.01	8	4400	买盘
09:36:30	5.49	--	718	394182	卖盘
09:36:27	5.49	--	20	10980	卖盘
09:36:24	5.49	--	132	72731	买盘
09:36:21	5.49	--	150	82350	买盘
09:36:18	5.49	--	41	22509	买盘
09:36:12	5.49	--	18	9882	买盘
09:36:09	5.49	--	142	78243	卖盘
09:36:03	5.49	--	64	35558	卖盘
09:36:00	5.49	-0.01	891	489159	卖盘
09:35:57	5.5	0.01	560	308000	买盘
09:35:54	5.49	-0.01	3	1647	卖盘
09:35:48	5.5	--	91	50440	买盘
09:35:45	5.5	--	18	9900	买盘
09:35:42	5.5	--	10	5500	买盘
09:35:39	5.5	--	17	9350	买盘
09:35:36	5.5	--	759	417576	卖盘
09:35:33	5.5	--	8	4400	卖盘
09:35:30	5.5	-0.01	87	47850	卖盘
09:35:27	5.51	0.01	102	56202	买盘
09:35:24	5.5	--	32	17600	卖盘
09:35:21	5.5	-0.01	380	209000	卖盘
09:35:18	5.51	0.01	143	78793	买盘
09:35:15	5.5	-0.01	38	20900	卖盘
09:35:06	5.51	0.01	56	30856	买盘
09:35:03	5.5	--	25	13750	卖盘
09:35:00	5.5	--	139	76450	卖盘
09:34:57	5.5	-0.01	767	421850	卖盘
09:34:54	5.51	--	5	2755	买盘
09:34:51	5.51	--	16	8816	买盘
09:34:48	5.51	--	80	44080	买盘
09:34:45	5.51	--	156	85956	买盘
09:34:36	5.51	-0.02	776	427576	卖盘
09:34:33	5.53	--	27	14931	买盘
09:34:30	5.53	--	23	12719	卖盘
09:34:27	5.53	--	47	25991	卖盘
09:34:24	5.53	--	21	11613	卖盘
09:34:21	5.53	--	8	4424	卖盘
09:34:12	5.53	--	3	1659	卖盘
09:33:57	5.53	--	5	2765	卖盘
09:33:54	5.53	--	16	8848	卖盘
09:33:48	5.53	--	20	11060	卖盘
09:33:42	5.53	--	10	5530	卖盘
09:33:39	5.53	0.02	77	42581	买盘
09:33:36	5.51	-0.01	90	49590	卖盘
09:33:33	5.52	--	20	11040	卖盘
09:33:27	5.52	0.01	28	15455	买盘
09:33:24	5.51	--	1	551	卖盘
09:33:15	5.51	--	1	551	买盘
09:33:12	5.51	0.01	11	6061	买盘
09:33:06	5.5	0.01	170	93923	买盘
09:33:03	5.49	-0.01	70	38430	卖盘
09:33:00	5.5	--	25	13750	买盘
09:32:57	5.5	-0.01	1673	920276	卖盘
09:32:45	5.51	-0.01	200	110200	卖盘
09:32:42	5.52	--	50	27599	卖盘
09:32:36	5.52	--	353	195281	买盘
09:32:30	5.52	-0.02	232	128190	卖盘
09:32:27	5.54	0.01	929	514666	买盘
09:32:24	5.53	--	44	24757	买盘
09:32:21	5.53	--	50	27650	买盘
09:32:15	5.53	--	29	16037	买盘
09:32:12	5.53	-0.01	571	315763	卖盘
09:32:06	5.54	-0.01	128	70912	卖盘
09:32:00	5.55	--	258	143190	买盘
09:31:57	5.55	0.01	108	59940	买盘
09:31:54	5.54	-0.01	444	245976	卖盘
09:31:45	5.55	--	65	36075	卖盘
09:31:42	5.55	--	15	8325	卖盘
09:31:39	5.55	--	28	15540	卖盘
09:31:36	5.55	0.01	1	555	卖盘
09:31:30	5.54	--	27	14958	卖盘
09:31:24	5.54	--	3	1662	卖盘
09:31:21	5.54	0.01	41	22714	中性盘
09:31:18	5.53	-0.02	10	5530	卖盘
09:31:15	5.55	0.02	10	5550	中性盘
09:31:03	5.53	-0.02	154	85162	卖盘
09:31:00	5.55	0.01	38	21090	买盘
09:30:57	5.54	--	3	1662	买盘
09:30:54	5.54	-0.01	5	2770	中性盘
09:30:42	5.55	--	124	68820	买盘
09:30:33	5.55	--	1	555	买盘
09:30:24	5.55	0.02	21	11655	买盘
09:30:21	5.53	-0.02	5	2765	中性盘
09:30:09	5.55	--	1	555	买盘
09:30:06	5.55	-0.01	165	91575	买盘
09:30:03	5.56	--	638	354728	买盘
09:30:00	5.56	--	0	0	买盘
09:25:03	5.56	5.56	1300	722800	买盘
