成交时间	成交价	价格变动	成交量(手)	成交额(元)	性质
15:00:03	24.95	--	1687	4209065	卖盘
14:57:00	24.95	--	4	9980	卖盘
14:56:57	24.95	0.01	14	34930	买盘
14:56:54	24.94	-0.01	23	57362	卖盘
14:56:51	24.95	--	43	107285	买盘
14:56:48	24.95	--	61	152195	买盘
14:56:45	24.95	0.01	10	24950	买盘
14:56:42	24.94	-0.01	19	47386	卖盘
14:56:39	24.95	--	7	17465	买盘
14:56:36	24.95	--	62	154690	买盘
14:56:33	24.95	0.02	15	37425	买盘
14:56:30	24.93	-0.01	95	236835	卖盘
14:56:27	24.94	--	60	149640	买盘
14:56:24	24.94	0.01	17	42398	买盘
14:56:21	24.93	-0.02	66	164538	卖盘
14:56:18	24.95	0.02	23	57385	买盘
14:56:15	24.93	--	9	22437	卖盘
14:56:12	24.93	--	20	49860	卖盘
14:56:09	24.93	--	11	27423	卖盘
14:56:06	24.93	-0.02	95	236835	卖盘
14:56:03	24.95	0.02	21	52395	买盘
14:56:00	24.93	--	22	54846	卖盘
14:55:57	24.93	--	52	129636	卖盘
14:55:51	24.93	-0.02	10	24930	卖盘
14:55:48	24.95	0.02	22	54890	买盘
14:55:45	24.93	--	6	14958	卖盘
14:55:42	24.93	0.01	55	137115	卖盘
14:55:39	24.92	-0.01	41	102172	卖盘
14:55:36	24.93	--	90	224370	买盘
14:55:33	24.93	0.01	29	72297	买盘
14:55:30	24.92	-0.01	25	62300	卖盘
14:55:27	24.93	0.01	11	27423	买盘
14:55:24	24.92	--	5	12460	卖盘
14:55:21	24.92	--	4	9968	卖盘
14:55:18	24.92	-0.01	36	89712	卖盘
14:55:15	24.93	--	12	29916	买盘
14:55:12	24.93	--	51	127143	买盘
14:55:09	24.93	--	31	77283	买盘
14:55:06	24.93	--	17	42381	买盘
14:55:03	24.93	--	23	57339	卖盘
14:55:00	24.93	--	14	34902	卖盘
14:54:57	24.93	0.01	48	119664	买盘
14:54:54	24.92	--	51	127092	卖盘
14:54:51	24.92	-0.01	5	12460	中性盘
14:54:45	24.93	--	9	22437	买盘
14:54:42	24.93	--	118	296018	买盘
14:54:39	24.93	0.01	100	249300	中性盘
14:54:36	24.92	-0.01	45	112140	买盘
14:54:33	24.93	--	41	102213	买盘
14:54:30	24.93	0.02	269	670617	买盘
14:54:27	24.91	-0.01	31	77221	卖盘
14:54:24	24.92	--	1	2492	卖盘
14:54:21	24.92	-0.01	8	19936	卖盘
14:54:18	24.93	0.01	31	77283	买盘
14:54:15	24.92	-0.01	7	17444	卖盘
14:54:12	24.93	--	74	184482	买盘
14:54:09	24.93	-0.02	118	294174	中性盘
14:54:06	24.95	0.02	313	780935	买盘
14:54:03	24.93	--	59	147087	买盘
14:54:00	24.93	--	10	24930	买盘
14:53:57	24.93	--	70	174510	买盘
14:53:54	24.93	--	32	79776	卖盘
14:53:51	24.93	--	66	164538	卖盘
14:53:48	24.93	0.02	16	39888	中性盘
14:53:45	24.91	-0.02	34	84694	卖盘
14:53:42	24.93	--	20	49860	卖盘
14:53:39	24.93	-0.01	1	2493	卖盘
14:53:36	24.94	0.03	3	7482	买盘
14:53:33	24.91	--	135	336285	卖盘
14:53:30	24.91	--	12	29892	卖盘
14:53:27	24.91	-0.01	446	1110986	卖盘
14:53:24	24.92	0.02	12	29904	买盘
14:53:21	24.9	-0.01	207	515429	卖盘
14:53:18	24.91	0.01	69	171879	中性盘
14:53:15	24.9	--	46	114540	卖盘
14:53:12	24.9	--	7	17430	卖盘
14:53:09	24.9	--	25	62250	卖盘
14:53:06	24.9	--	14	34860	卖盘
14:53:03	24.9	0.01	298	742020	买盘
14:53:00	24.89	--	170	423130	买盘
14:52:57	24.89	0.01	12	29868	买盘
14:52:54	24.88	--	6	14928	卖盘
14:52:48	24.88	-0.01	15	37320	卖盘
14:52:45	24.89	0.01	9	22401	买盘
14:52:42	24.88	-0.01	36	89568	卖盘
14:52:39	24.89	--	13	32357	买盘
14:52:36	24.89	--	21	52269	买盘
14:52:33	24.89	0.01	13	32357	买盘
14:52:30	24.88	-0.02	5	12440	卖盘
14:52:27	24.9	--	80	199200	买盘
14:52:24	24.9	0.02	7	17430	买盘
14:52:21	24.88	-0.02	300	746400	卖盘
14:52:18	24.9	--	26	64739	买盘
14:52:15	24.9	-0.01	48	119520	卖盘
14:52:12	24.91	--	12	29892	买盘
14:52:09	24.91	0.01	2	4982	买盘
14:52:06	24.9	-0.01	42	104580	卖盘
14:52:03	24.91	--	46	114586	买盘
14:52:00	24.91	--	310	772210	买盘
14:51:57	24.91	--	13	32383	买盘
14:51:54	24.91	--	7	17437	买盘
14:51:51	24.91	-0.01	13	32383	卖盘
14:51:48	24.92	-0.02	24	59808	中性盘
14:51:39	24.94	0.03	32	79808	买盘
14:51:36	24.91	--	139	346249	卖盘
14:51:30	24.91	-0.03	37	92167	卖盘
14:51:27	24.94	0.03	3	7482	买盘
14:51:24	24.91	-0.01	38	94658	卖盘
14:51:21	24.92	-0.01	12	29904	卖盘
14:51:18	24.93	0.01	2	4986	中性盘
14:51:15	24.92	-0.01	28	69776	卖盘
14:51:09	24.93	-0.01	1	2493	卖盘
14:51:03	24.94	0.03	1	2494	买盘
14:51:00	24.91	-0.03	400	996400	卖盘
14:50:57	24.94	-0.01	18	44892	卖盘
14:50:51	24.95	--	51	127245	买盘
14:50:48	24.95	-0.02	115	286925	卖盘
14:50:45	24.97	-0.01	49	122353	卖盘
14:50:42	24.98	0.01	28	69944	买盘
14:50:36	24.97	-0.01	3	7491	卖盘
14:50:33	24.98	--	9	22482	卖盘
14:50:30	24.98	--	16	39968	卖盘
14:50:27	24.98	0.01	16	39968	买盘
14:50:24	24.97	-0.01	30	74910	卖盘
14:50:21	24.98	--	4	9992	买盘
14:50:09	24.98	-0.01	8	19984	卖盘
14:50:03	24.99	--	5	12495	买盘
14:50:00	24.99	--	2	4998	买盘
14:49:57	24.99	0.01	11	27489	买盘
14:49:54	24.98	-0.01	15	37470	卖盘
14:49:51	24.99	-0.01	1	2499	中性盘
14:49:48	25.0	0.01	45	112500	买盘
14:49:45	24.99	--	5	12495	买盘
14:49:42	24.99	--	65	162435	卖盘
14:49:39	24.99	--	1	2499	卖盘
14:49:36	24.99	--	1	2499	卖盘
14:49:30	24.99	--	4	9996	卖盘
14:49:27	24.99	--	6	14993	卖盘
14:49:21	24.99	-0.01	5	12495	中性盘
14:49:18	25.0	0.01	107	267500	买盘
14:49:15	24.99	--	18	44982	买盘
14:49:09	24.99	0.02	2	4998	买盘
14:49:06	24.97	-0.02	120	299640	卖盘
14:49:03	24.99	0.01	10	24990	买盘
14:49:00	24.98	0.01	26	64948	买盘
14:48:57	24.97	--	23	57431	卖盘
14:48:54	24.97	--	15	37455	卖盘
14:48:51	24.97	0.02	5	12485	买盘
14:48:39	24.95	--	1	2495	卖盘
14:48:36	24.95	--	66	164670	买盘
14:48:30	24.95	0.01	38	94810	买盘
14:48:27	24.94	--	40	99760	卖盘
14:48:24	24.94	--	19	47386	买盘
14:48:21	24.94	0.01	63	157122	买盘
14:48:18	24.93	-0.01	32	79776	卖盘
14:48:15	24.94	0.01	17	42398	买盘
14:48:12	24.93	--	8	19944	卖盘
14:48:09	24.93	-0.01	3	7479	卖盘
14:48:06	24.94	0.01	23	57362	买盘
14:48:03	24.93	-0.01	52	129636	卖盘
14:48:00	24.94	0.01	9	22446	买盘
14:47:57	24.93	-0.01	12	29916	卖盘
14:47:54	24.94	0.01	4	9976	买盘
14:47:48	24.93	-0.02	37	92241	卖盘
14:47:42	24.95	--	4	9980	买盘
14:47:39	24.95	--	5	12475	买盘
14:47:36	24.95	--	10	24950	买盘
14:47:33	24.95	--	39	97305	买盘
14:47:30	24.95	-0.03	3	7485	买盘
14:47:27	24.98	0.02	104	259792	买盘
14:47:24	24.96	0.01	11	27456	买盘
14:47:21	24.95	-0.01	5	12475	卖盘
14:47:18	24.96	-0.03	16	39936	卖盘
14:47:15	24.99	0.03	19	47481	买盘
14:47:12	24.96	-0.04	5	12480	卖盘
14:47:09	25.0	0.04	4	10000	买盘
14:47:06	24.96	-0.03	1	2496	卖盘
14:47:03	24.99	-0.01	5	12495	中性盘
14:46:57	25.0	0.05	18	45000	买盘
14:46:54	24.95	-0.05	1	2495	卖盘
14:46:51	25.0	0.05	12	30000	买盘
14:46:48	24.95	-0.03	47	117265	卖盘
14:46:45	24.98	-0.02	8	19984	中性盘
14:46:42	25.0	0.02	24	60000	买盘
14:46:39	24.98	-0.02	18	44964	卖盘
14:46:36	25.0	0.02	1	2500	买盘
14:46:33	24.98	-0.02	1	2498	卖盘
14:46:21	25.0	0.02	8	20000	买盘
14:46:18	24.98	-0.03	162	404676	卖盘
14:46:15	25.01	--	9	22509	卖盘
14:46:09	25.01	-0.01	1	2501	卖盘
14:46:06	25.02	--	87	217674	卖盘
14:46:03	25.02	--	4	10008	卖盘
14:46:00	25.02	--	200	500400	卖盘
14:45:57	25.02	-0.01	33	82566	卖盘
14:45:51	25.03	--	13	32539	卖盘
14:45:48	25.03	-0.03	13	32539	卖盘
14:45:42	25.06	0.02	7	17542	买盘
14:45:39	25.04	--	1	2504	买盘
14:45:36	25.04	-0.02	3	7512	卖盘
14:45:30	25.06	-0.01	76	190456	卖盘
14:45:27	25.07	--	4	10028	买盘
14:45:24	25.07	--	23	57661	卖盘
14:45:21	25.07	-0.01	30	75210	卖盘
14:45:18	25.08	--	11	27587	买盘
14:45:15	25.08	--	47	117875	买盘
14:45:12	25.08	-0.01	209	524171	卖盘
14:45:09	25.09	--	5	12545	买盘
14:45:06	25.09	-0.01	84	210756	卖盘
14:45:03	25.1	0.01	6	15060	买盘
14:45:00	25.09	--	23	57707	卖盘
14:44:54	25.09	--	56	140504	买盘
14:44:51	25.09	--	4	10036	买盘
14:44:48	25.09	--	15	37635	买盘
14:44:45	25.09	--	10	25090	买盘
14:44:42	25.09	--	17	42653	买盘
14:44:36	25.09	0.01	3	7527	买盘
14:44:30	25.08	-0.01	2	5016	卖盘
14:44:24	25.09	0.01	2	5018	买盘
14:44:18	25.08	--	20	50160	卖盘
14:44:15	25.08	--	16	40128	卖盘
14:44:12	25.08	0.01	5	12540	买盘
14:44:06	25.07	0.01	115	288305	买盘
14:44:03	25.06	0.02	32	80192	买盘
14:44:00	25.04	--	11	27544	卖盘
14:43:57	25.04	0.01	46	115184	买盘
14:43:54	25.03	--	46	115138	卖盘
14:43:51	25.03	--	9	22527	卖盘
14:43:48	25.03	--	1	2503	卖盘
14:43:45	25.03	--	11	27533	卖盘
14:43:42	25.03	--	5	12515	卖盘
14:43:39	25.03	-0.01	16	40048	卖盘
14:43:36	25.04	--	6	15024	买盘
14:43:33	25.04	0.01	22	55088	买盘
14:43:30	25.03	--	73	182719	卖盘
14:43:27	25.03	--	21	52563	卖盘
14:43:24	25.03	--	7	17521	卖盘
14:43:21	25.03	-0.01	3	7509	卖盘
14:43:06	25.04	--	2	5008	买盘
14:43:03	25.04	--	41	102664	买盘
14:43:00	25.04	-0.03	23	57592	卖盘
14:42:54	25.07	0.02	71	177997	买盘
14:42:51	25.05	--	15	37575	卖盘
14:42:48	25.05	--	10	25050	卖盘
14:42:45	25.05	--	11	27555	卖盘
14:42:42	25.05	--	5	12525	卖盘
14:42:39	25.05	--	30	75150	卖盘
14:42:33	25.05	-0.01	12	30060	卖盘
14:42:30	25.06	--	25	62650	卖盘
14:42:24	25.06	-0.01	4	10024	卖盘
14:42:15	25.07	-0.02	1	2507	卖盘
14:42:09	25.09	--	25	62725	买盘
14:42:06	25.09	--	28	70252	买盘
14:42:03	25.09	0.02	50	125450	买盘
14:42:00	25.07	0.01	6	15042	买盘
14:41:57	25.06	-0.01	19	47614	卖盘
14:41:51	25.07	-0.03	1	2507	卖盘
14:41:45	25.1	0.03	15	37650	买盘
14:41:42	25.07	-0.03	7	17549	中性盘
14:41:27	25.1	--	5	12550	买盘
14:41:21	25.1	--	37	92870	卖盘
14:41:15	25.1	--	10	25100	卖盘
14:41:12	25.1	--	5	12550	卖盘
14:41:09	25.1	--	3	7530	卖盘
14:41:06	25.1	0.02	57	143070	买盘
14:41:00	25.08	-0.02	20	50160	中性盘
14:40:57	25.1	--	156	391560	买盘
14:40:51	25.1	--	5	12550	买盘
14:40:45	25.1	--	3	7530	买盘
14:40:42	25.1	0.01	12	30120	买盘
14:40:39	25.09	-0.01	42	105378	卖盘
14:40:36	25.1	--	25	62750	卖盘
14:40:30	25.1	--	2	5020	卖盘
14:40:27	25.1	-0.03	32	80320	卖盘
14:40:24	25.13	0.03	11	27643	买盘
14:40:21	25.1	--	40	100400	卖盘
14:40:18	25.1	0.01	269	675190	买盘
14:40:15	25.09	--	7	17563	卖盘
14:40:09	25.09	-0.01	8	20072	卖盘
14:39:57	25.1	-0.03	116	291160	卖盘
14:39:54	25.13	--	50	125650	卖盘
14:39:51	25.13	0.05	64	160832	买盘
14:39:48	25.08	-0.01	3	7523	卖盘
14:39:45	25.09	--	2	5018	买盘
14:39:42	25.09	0.01	3	7527	买盘
14:39:39	25.08	-0.02	2	5016	卖盘
14:39:36	25.1	-0.03	3	7530	中性盘
14:39:33	25.13	0.03	134	336742	买盘
14:39:30	25.1	--	10	25100	买盘
14:39:21	25.1	--	5	12550	买盘
14:39:18	25.1	-0.05	392	983920	卖盘
14:39:15	25.15	--	29	72935	买盘
14:39:09	25.15	--	57	143355	买盘
14:39:06	25.15	--	51	128265	买盘
14:39:03	25.15	--	23	57845	卖盘
14:39:00	25.15	-0.01	7	17605	卖盘
14:38:57	25.16	--	29	72964	卖盘
14:38:54	25.16	--	10	25160	卖盘
14:38:51	25.16	--	2	5032	卖盘
14:38:48	25.16	0.01	166	417656	买盘
14:38:45	25.15	--	40	100600	买盘
14:38:42	25.15	0.02	23	57845	买盘
14:38:39	25.13	-0.02	1	2513	卖盘
14:38:36	25.15	0.02	2	5030	买盘
14:38:33	25.13	-0.02	15	37695	卖盘
14:38:30	25.15	--	16	40240	买盘
14:38:27	25.15	--	5	12575	买盘
14:38:24	25.15	--	69	173535	买盘
14:38:21	25.15	--	56	140840	买盘
14:38:18	25.15	--	8	20120	买盘
14:38:15	25.15	0.03	5	12575	买盘
14:38:09	25.12	-0.03	41	102992	卖盘
14:38:06	25.15	0.03	50	125750	买盘
14:38:03	25.12	--	29	72848	卖盘
14:38:00	25.12	--	6	15072	卖盘
14:37:57	25.12	--	50	125600	卖盘
14:37:51	25.12	--	5	12560	卖盘
14:37:48	25.12	--	7	17584	买盘
14:37:39	25.12	-0.04	48	120576	中性盘
14:37:36	25.16	0.04	170	427720	买盘
14:37:33	25.12	-0.05	10	25120	卖盘
14:37:24	25.17	0.01	286	719862	买盘
14:37:21	25.16	-0.01	10	25160	买盘
14:37:18	25.17	--	6	15102	买盘
14:37:15	25.17	0.01	24	60408	买盘
14:37:12	25.16	-0.02	67	168572	中性盘
14:37:09	25.18	--	256	644608	卖盘
14:37:06	25.18	0.05	546	1374828	买盘
14:37:03	25.13	-0.05	128	321664	卖盘
14:37:00	25.18	-0.01	92	231656	买盘
14:36:57	25.19	--	13	32747	买盘
14:36:54	25.19	0.01	104	261976	买盘
14:36:51	25.18	--	40	100720	买盘
14:36:48	25.18	-0.01	71	178778	卖盘
14:36:45	25.19	0.01	14	35266	买盘
14:36:39	25.18	--	70	176260	买盘
14:36:36	25.18	0.02	2	5036	买盘
14:36:30	25.16	0.01	39	98124	买盘
14:36:27	25.15	--	81	203715	买盘
14:36:24	25.15	0.02	23	57845	买盘
14:36:21	25.13	-0.02	25	62825	卖盘
14:36:18	25.15	0.02	5	12575	买盘
14:36:15	25.13	--	10	25130	卖盘
14:36:12	25.13	0.02	80	201040	买盘
14:36:09	25.11	-0.01	18	45198	卖盘
14:36:06	25.12	--	24	60288	买盘
14:36:03	25.12	0.01	53	133136	买盘
14:35:57	25.11	0.01	29	72819	买盘
14:35:54	25.1	--	7	17570	买盘
14:35:51	25.1	--	52	130520	买盘
14:35:48	25.1	0.01	360	903600	买盘
14:35:45	25.09	0.01	203	509327	买盘
14:35:39	25.08	0.01	184	461471	买盘
14:35:36	25.07	0.02	2	5014	中性盘
14:35:33	25.05	0.01	10	25050	买盘
14:35:30	25.04	-0.04	93	232872	卖盘
14:35:24	25.08	0.04	511	1281588	买盘
14:35:21	25.04	--	25	62600	买盘
14:35:15	25.04	--	32	80128	买盘
14:35:12	25.04	0.01	50	125200	买盘
14:35:03	25.03	--	2	5006	卖盘
14:35:00	25.03	0.01	310	775930	买盘
14:34:57	25.02	0.02	1	2502	买盘
14:34:51	25.0	--	13	32500	卖盘
14:34:48	25.0	-0.01	20	50000	卖盘
14:34:45	25.01	0.01	19	47519	买盘
14:34:39	25.0	--	19	47500	买盘
14:34:36	25.0	--	36	90000	买盘
14:34:33	25.0	0.01	10	25000	买盘
14:34:30	24.99	-0.01	30	74970	卖盘
14:34:27	25.0	--	3	7500	买盘
14:34:24	25.0	--	10	25000	买盘
14:34:21	25.0	--	21	52500	买盘
14:34:18	25.0	--	6	15000	买盘
14:34:15	25.0	--	84	210000	卖盘
14:34:12	25.0	--	12	30000	卖盘
14:34:06	25.0	--	16	40000	卖盘
14:34:03	25.0	--	180	450000	卖盘
14:33:57	25.0	--	49	122500	卖盘
14:33:54	25.0	0.01	367	919375	买盘
14:33:51	24.99	-0.01	102	254897	卖盘
14:33:48	25.0	0.01	3	7500	买盘
14:33:42	24.99	--	52	129947	卖盘
14:33:39	24.99	-0.01	15	37485	卖盘
14:33:33	25.0	0.01	4	10000	买盘
14:33:30	24.99	-0.01	30	74970	卖盘
14:33:27	25.0	--	34	85000	买盘
14:33:24	25.0	--	10	25000	买盘
14:33:21	25.0	0.01	14	35000	买盘
14:33:15	24.99	-0.01	4	9996	卖盘
14:33:09	25.0	--	7	17500	买盘
14:33:00	25.0	--	177	442500	买盘
14:32:54	25.0	-0.01	22	55000	卖盘
14:32:48	25.01	--	3	7503	买盘
14:32:45	25.01	--	3	7503	卖盘
14:32:42	25.01	--	83	207583	卖盘
14:32:36	25.01	--	7	17507	卖盘
14:32:33	25.01	0.01	133	332633	买盘
14:32:30	25.0	--	8	20000	卖盘
14:32:27	25.0	--	1	2500	卖盘
14:32:24	25.0	-0.01	33	82500	卖盘
14:32:18	25.01	--	33	82533	买盘
14:32:15	25.01	0.01	14	35014	买盘
14:32:12	25.0	--	10	25000	卖盘
14:32:09	25.0	--	50	125000	卖盘
14:32:03	25.0	--	7	17500	卖盘
14:32:00	25.0	--	1	2500	买盘
14:31:57	25.0	-0.01	18	45000	卖盘
14:31:45	25.01	--	27	67527	卖盘
14:31:42	25.01	--	75	187575	买盘
14:31:39	25.01	--	6	15006	卖盘
14:31:36	25.01	--	9	22509	卖盘
14:31:33	25.01	0.01	191	477691	买盘
14:31:30	25.0	--	28	70000	卖盘
14:31:27	25.0	-0.01	53	132500	买盘
14:31:21	25.01	--	10	25010	买盘
14:31:18	25.01	--	60	150060	买盘
14:31:15	25.01	0.02	12	30012	买盘
14:31:12	24.99	-0.01	310	774690	卖盘
14:31:09	25.0	-0.01	3	7500	卖盘
14:31:06	25.01	--	1	2501	买盘
14:31:00	25.01	0.01	4	10004	买盘
14:30:57	25.0	--	31	77500	卖盘
14:30:54	25.0	--	103	257500	买盘
14:30:36	25.0	0.01	67	167500	买盘
14:30:33	24.99	--	31	77469	买盘
14:30:30	24.99	-0.01	63	157437	卖盘
14:30:27	25.0	0.01	2	5000	买盘
14:30:24	24.99	--	5	12495	卖盘
14:30:18	24.99	-0.01	36	89964	卖盘
14:30:12	25.0	0.01	10	25000	买盘
14:30:09	24.99	-0.01	5	12495	卖盘
14:30:06	25.0	0.01	3	7500	买盘
14:30:03	24.99	--	8	19992	卖盘
14:29:54	24.99	--	13	32486	卖盘
14:29:51	24.99	0.02	27	67473	买盘
14:29:48	24.97	-0.02	16	39952	卖盘
14:29:45	24.99	--	110	274890	买盘
14:29:39	24.99	--	4	9996	买盘
14:29:36	24.99	--	9	22491	买盘
14:29:33	24.99	--	1	2499	买盘
14:29:30	24.99	--	29	72471	买盘
14:29:24	24.99	0.02	20	49980	买盘
14:29:21	24.97	-0.02	52	129844	卖盘
14:29:18	24.99	--	1	2499	买盘
14:29:15	24.99	0.01	25	62474	买盘
14:29:09	24.98	0.03	5	12490	买盘
14:29:06	24.95	--	12	29940	卖盘
14:28:54	24.95	0.03	22	54890	卖盘
14:28:45	24.92	-0.07	4	9968	买盘
14:28:39	24.99	0.08	110	274890	买盘
14:28:36	24.91	--	5	12455	买盘
14:28:33	24.91	--	15	37365	买盘
14:28:30	24.91	--	13	32383	买盘
14:28:27	24.91	-0.04	145	361195	卖盘
14:28:18	24.95	0.03	120	299400	买盘
14:28:15	24.92	-0.02	4	9968	卖盘
14:28:12	24.94	--	2	4988	买盘
14:28:06	24.94	0.02	58	144652	买盘
14:28:03	24.92	-0.02	20	49840	中性盘
14:27:57	24.94	-0.01	32	79808	卖盘
14:27:51	24.95	0.01	3	7485	买盘
14:27:48	24.94	--	250	623500	卖盘
14:27:45	24.94	--	4	9976	卖盘
14:27:42	24.94	--	22	54868	卖盘
14:27:36	24.94	0.02	15	37410	买盘
14:27:33	24.92	--	6	14952	卖盘
14:27:30	24.92	--	6	14952	卖盘
14:27:03	24.92	--	4	9968	买盘
14:26:57	24.92	--	7	17444	买盘
14:26:54	24.92	-0.03	4	9968	中性盘
14:26:39	24.95	--	20	49900	卖盘
14:26:36	24.95	--	3	7485	卖盘
14:26:33	24.95	-0.02	1	2495	卖盘
14:26:27	24.97	--	11	27467	买盘
14:26:24	24.97	0.01	21	52437	买盘
14:26:21	24.96	0.01	251	626496	中性盘
14:26:12	24.95	-0.02	167	416665	卖盘
14:26:06	24.97	--	29	72413	买盘
14:26:00	24.97	--	50	124850	买盘
14:25:57	24.97	--	7	17479	买盘
14:25:54	24.97	-0.03	15	37455	卖盘
14:25:51	25.0	--	6	15000	买盘
14:25:45	25.0	0.03	48	120000	买盘
14:25:42	24.97	-0.01	217	541849	卖盘
14:25:33	24.98	--	25	62450	买盘
14:25:30	24.98	--	8	19984	买盘
14:25:27	24.98	0.01	26	64948	买盘
14:25:21	24.97	-0.01	8	19976	中性盘
14:25:15	24.98	--	17	42466	买盘
14:25:12	24.98	0.01	1	2498	买盘
14:25:09	24.97	0.01	3	7491	买盘
14:25:03	24.96	--	20	49920	卖盘
14:24:57	24.96	0.01	29	72384	买盘
14:24:54	24.95	--	3	7485	卖盘
14:24:45	24.95	--	109	271955	买盘
14:24:42	24.95	-0.01	3	7485	买盘
14:24:39	24.96	0.01	7	17472	买盘
14:24:36	24.95	--	5	12475	卖盘
14:24:27	24.95	--	50	124750	中性盘
14:24:21	24.95	0.03	2	4990	买盘
14:24:18	24.92	-0.04	69	171948	卖盘
14:24:12	24.96	0.01	67	167232	买盘
14:24:06	24.95	--	2	4990	卖盘
14:24:03	24.95	-0.01	81	202095	卖盘
14:24:00	24.96	0.01	3	7488	买盘
14:23:54	24.95	-0.01	12	29940	卖盘
14:23:45	24.96	-0.01	6	14976	卖盘
14:23:39	24.97	--	4	9988	买盘
14:23:30	24.97	-0.01	100	249700	卖盘
14:23:27	24.98	--	10	24980	买盘
14:23:24	24.98	--	24	59952	买盘
14:23:21	24.98	--	5	12490	买盘
14:23:18	24.98	--	10	24980	买盘
14:23:12	24.98	0.01	2	4996	买盘
14:23:09	24.97	--	22	54934	卖盘
14:23:06	24.97	-0.01	11	27467	卖盘
14:23:00	24.98	--	25	62450	买盘
14:22:57	24.98	--	15	37470	买盘
14:22:54	24.98	--	2	4996	买盘
14:22:48	24.98	--	1	2498	买盘
14:22:45	24.98	0.01	5	12490	买盘
14:22:39	24.97	-0.01	5	12485	卖盘
14:22:30	24.98	--	11	27478	买盘
14:22:24	24.98	--	6	14988	买盘
14:22:18	24.98	-0.01	36	89928	卖盘
14:22:15	24.99	--	4	9996	卖盘
14:22:12	24.99	--	2	4998	卖盘
14:22:09	24.99	-0.01	3	7496	卖盘
14:22:06	25.0	--	29	72500	买盘
14:22:03	25.0	0.02	20	50000	买盘
14:21:54	24.98	-0.02	1	2498	卖盘
14:21:48	25.0	--	2	5000	买盘
14:21:45	25.0	--	6	15000	买盘
14:21:42	25.0	0.02	10	25000	买盘
14:21:39	24.98	-0.03	9	22482	卖盘
14:21:33	25.01	0.01	18	45018	买盘
14:21:30	25.0	--	2	5000	买盘
14:21:27	25.0	0.02	4	10000	买盘
14:21:24	24.98	-0.02	155	387190	卖盘
14:21:12	25.0	--	10	25000	卖盘
14:21:06	25.0	--	49	122500	卖盘
14:21:03	25.0	--	2	5000	卖盘
14:20:57	25.0	--	23	57500	卖盘
14:20:54	25.0	--	19	47500	卖盘
14:20:45	25.0	--	1	2500	卖盘
14:20:42	25.0	-0.01	3	7500	卖盘
14:20:39	25.01	--	12	30012	买盘
14:20:30	25.01	--	38	95038	卖盘
14:20:27	25.01	-0.02	3	7503	卖盘
14:20:12	25.03	--	10	25030	买盘
14:20:03	25.03	--	30	75090	买盘
14:20:00	25.03	0.01	17	42551	买盘
14:19:57	25.02	-0.01	6	15012	卖盘
14:19:54	25.03	--	5	12515	买盘
14:19:51	25.03	0.02	1	2503	买盘
14:19:48	25.01	--	20	50020	中性盘
14:19:45	25.01	-0.02	1	2501	卖盘
14:19:42	25.03	--	4	10012	买盘
14:19:39	25.03	--	6	15018	中性盘
14:19:36	25.03	--	6	15018	买盘
14:19:33	25.03	--	23	57569	卖盘
14:19:30	25.03	0.01	77	192731	买盘
14:19:27	25.02	-0.01	10	25020	卖盘
14:19:24	25.03	--	3	7509	买盘
14:19:21	25.03	--	1	2503	买盘
14:19:18	25.03	--	94	235282	买盘
14:19:15	25.03	-0.01	17	42551	卖盘
14:19:12	25.04	--	68	170272	买盘
14:19:09	25.04	--	70	175280	买盘
14:19:00	25.04	--	60	150240	买盘
14:18:54	25.04	0.01	3	7512	买盘
14:18:51	25.03	--	5	12515	卖盘
14:18:48	25.03	--	27	67581	卖盘
14:18:45	25.03	--	23	57569	卖盘
14:18:42	25.03	0.03	36	90108	买盘
14:18:39	25.0	--	84	210000	卖盘
14:18:36	25.0	-0.03	48	120000	卖盘
14:18:33	25.03	--	19	47557	买盘
14:18:30	25.03	--	3	7509	买盘
14:18:27	25.03	0.01	10	25030	买盘
14:18:24	25.02	-0.01	38	95076	卖盘
14:18:18	25.03	--	12	30036	卖盘
14:18:15	25.03	--	4	10012	卖盘
14:18:12	25.03	--	6	15018	卖盘
14:18:06	25.03	0.01	71	177713	买盘
14:18:03	25.02	--	20	50040	买盘
14:17:57	25.02	0.01	28	70056	买盘
14:17:54	25.01	-0.01	5	12505	卖盘
14:17:51	25.02	-0.01	9	22518	中性盘
14:17:45	25.03	0.01	25	62575	买盘
14:17:39	25.02	-0.02	11	27522	卖盘
14:17:36	25.04	0.01	155	388120	买盘
14:17:30	25.03	-0.01	10	25030	中性盘
14:17:21	25.04	0.02	57	142728	买盘
14:17:18	25.02	-0.02	42	105084	卖盘
14:17:15	25.04	--	6	15024	买盘
14:17:12	25.04	0.01	8	20032	买盘
14:17:09	25.03	-0.02	55	137665	卖盘
14:17:06	25.05	0.01	75	187875	买盘
14:17:03	25.04	--	16	40064	买盘
14:17:00	25.04	--	18	45072	买盘
14:16:57	25.04	--	29	72616	买盘
14:16:54	25.04	0.01	3	7512	买盘
14:16:51	25.03	-0.01	14	35042	买盘
14:16:48	25.04	0.04	123	307992	买盘
14:16:42	25.0	-0.04	257	642500	卖盘
14:16:39	25.04	--	93	232872	买盘
14:16:36	25.04	0.04	35	87640	买盘
14:16:33	25.0	-0.05	101	252500	卖盘
14:16:30	25.05	0.03	6	15030	买盘
14:16:27	25.02	-0.01	81	202662	卖盘
14:16:21	25.03	0.01	12	30036	买盘
14:16:18	25.02	--	16	40032	买盘
14:16:12	25.02	0.02	100	250200	买盘
14:16:09	25.0	--	9	23000	买盘
14:16:06	25.0	--	87	217500	买盘
14:16:03	25.0	--	500	1250000	买盘
14:16:00	25.0	0.01	50	125000	买盘
14:15:54	24.99	0.02	145	362355	买盘
14:15:51	24.97	--	39	97383	买盘
14:15:48	24.97	--	49	122353	买盘
14:15:39	24.97	0.01	33	82401	买盘
14:15:36	24.96	0.01	40	99840	买盘
14:15:30	24.95	--	35	87325	买盘
14:15:24	24.95	--	33	82335	买盘
14:15:21	24.95	0.01	155	386725	买盘
14:15:18	24.94	--	62	154628	买盘
14:15:15	24.94	-0.01	34	84796	中性盘
14:15:12	24.95	0.04	5	12475	买盘
14:15:09	24.91	-0.04	283	704953	卖盘
14:15:03	24.95	0.02	149	371755	买盘
14:15:00	24.93	0.01	5	12465	买盘
14:14:57	24.92	0.01	1	2492	买盘
14:14:54	24.91	--	35	87185	买盘
14:14:51	24.91	0.01	20	49820	买盘
14:14:48	24.9	--	112	278880	买盘
14:14:45	24.9	--	500	1245000	买盘
14:14:42	24.9	--	4	9960	买盘
14:14:39	24.9	--	61	151890	买盘
14:14:36	24.9	--	68	169320	买盘
14:14:33	24.9	--	264	657360	买盘
14:14:30	24.9	--	674	1678260	买盘
14:14:27	24.9	--	32	79680	买盘
14:14:24	24.9	--	12	29880	买盘
14:14:21	24.9	--	3	7470	买盘
14:14:18	24.9	--	20	49800	买盘
14:14:15	24.9	--	8	19920	买盘
14:14:12	24.9	--	15	37350	买盘
14:14:09	24.9	--	7	17430	买盘
14:14:06	24.9	--	16	39840	买盘
14:14:03	24.9	--	24	59760	买盘
14:13:54	24.9	--	5	12450	买盘
14:13:51	24.9	--	10	24900	买盘
14:13:45	24.9	--	3	7470	买盘
14:13:42	24.9	0.01	83	206670	买盘
14:13:36	24.89	-0.01	45	112005	卖盘
14:13:18	24.9	--	50	124500	买盘
14:13:15	24.9	0.01	60	149400	买盘
14:13:12	24.89	-0.01	10	24890	卖盘
14:13:06	24.9	--	11	27390	买盘
14:13:03	24.9	--	4	9960	买盘
14:13:00	24.9	--	2	4980	买盘
14:12:57	24.9	--	29	72210	买盘
14:12:51	24.9	0.01	17	42330	买盘
14:12:48	24.89	--	3	7467	卖盘
14:12:42	24.89	-0.01	1	2489	卖盘
14:12:39	24.9	0.01	1	2490	买盘
14:12:36	24.89	--	7	17423	买盘
14:12:33	24.89	--	5	12445	买盘
14:12:30	24.89	--	7	17423	买盘
14:12:27	24.89	--	17	42313	卖盘
14:12:21	24.89	-0.01	21	52269	中性盘
14:12:12	24.9	0.01	226	562740	买盘
14:12:09	24.89	0.01	2	4978	买盘
14:12:06	24.88	--	25	62200	卖盘
14:12:03	24.88	-0.01	6	14928	卖盘
14:11:57	24.89	--	27	67203	买盘
14:11:51	24.89	--	101	251389	买盘
14:11:45	24.89	--	5	12445	买盘
14:11:42	24.89	0.01	10	24890	买盘
14:11:39	24.88	-0.01	130	323440	卖盘
14:11:36	24.89	0.01	39	97071	买盘
14:11:33	24.88	--	15	37320	卖盘
14:11:24	24.88	--	4	9952	卖盘
14:11:18	24.88	0.01	33	82104	买盘
14:11:09	24.87	-0.01	20	49740	卖盘
14:11:03	24.88	0.01	4	9952	买盘
14:11:00	24.87	-0.01	7	17409	卖盘
14:10:57	24.88	0.01	21	52248	买盘
14:10:54	24.87	--	6	14922	卖盘
14:10:45	24.87	0.01	65	161655	买盘
14:10:36	24.86	-0.01	13	32318	卖盘
14:10:24	24.87	0.01	1	2487	买盘
14:10:21	24.86	--	1	2486	卖盘
14:10:12	24.86	0.01	20	49720	买盘
14:10:09	24.85	-0.01	16	39760	卖盘
14:10:06	24.86	--	2	4972	买盘
14:10:03	24.86	--	10	24860	买盘
14:10:00	24.86	--	23	57178	买盘
14:09:57	24.86	0.01	4	9944	买盘
14:09:54	24.85	--	13	32305	卖盘
14:09:42	24.85	--	18	44730	卖盘
14:09:39	24.85	-0.01	50	124250	卖盘
14:09:33	24.86	0.01	31	77066	买盘
14:09:30	24.85	-0.01	3	7455	卖盘
14:09:27	24.86	0.01	25	62150	买盘
14:09:24	24.85	-0.01	5	12425	卖盘
14:09:12	24.86	--	22	54692	卖盘
14:09:06	24.86	-0.01	8	19888	卖盘
14:09:03	24.87	--	44	109428	买盘
14:08:57	24.87	0.02	2	4974	买盘
14:08:51	24.85	-0.02	4	9940	卖盘
14:08:48	24.87	0.02	10	24870	买盘
14:08:45	24.85	--	4	9940	卖盘
14:08:39	24.85	-0.02	8	19880	卖盘
14:08:36	24.87	--	13	32331	买盘
14:08:33	24.87	--	22	54714	买盘
14:08:27	24.87	0.02	1	2487	买盘
14:08:21	24.85	-0.02	9	22365	卖盘
14:08:18	24.87	0.02	10	24870	买盘
14:08:15	24.85	-0.02	11	27335	卖盘
14:08:09	24.87	0.02	14	34818	买盘
14:08:06	24.85	-0.02	112	278320	卖盘
14:07:57	24.87	0.02	5	12435	买盘
14:07:51	24.85	-0.02	11	27335	卖盘
14:07:42	24.87	0.02	6	14922	买盘
14:07:12	24.85	--	26	64610	买盘
14:07:06	24.85	0.01	11	27335	买盘
14:07:03	24.84	--	14	34776	卖盘
14:07:00	24.84	-0.01	11	27324	卖盘
14:06:57	24.85	0.01	1	2485	买盘
14:06:54	24.84	-0.01	1	2484	卖盘
14:06:51	24.85	0.01	169	419965	买盘
14:06:48	24.84	--	3	7452	卖盘
14:06:45	24.84	--	7	17388	卖盘
14:06:39	24.84	--	2	4968	卖盘
14:06:33	24.84	-0.01	5	12420	中性盘
14:06:30	24.85	0.01	8	19880	买盘
14:06:18	24.84	-0.01	17	42228	卖盘
14:06:15	24.85	-0.03	5	12425	卖盘
14:06:12	24.88	--	12	29856	买盘
14:06:09	24.88	0.05	8	19904	买盘
14:06:06	24.83	0.01	2	4966	买盘
14:06:03	24.82	-0.06	20	49640	卖盘
14:05:54	24.88	-0.01	3	7464	中性盘
14:05:48	24.89	--	10	24890	买盘
14:05:45	24.89	--	50	124450	买盘
14:05:39	24.89	0.07	43	107027	买盘
14:05:36	24.82	-0.06	405	1005210	卖盘
14:05:33	24.88	--	10	24880	卖盘
14:05:30	24.88	--	29	72152	卖盘
14:05:27	24.88	-0.01	15	37320	卖盘
14:05:24	24.89	--	18	44802	买盘
14:05:21	24.89	--	14	34846	买盘
14:05:18	24.89	--	111	276279	卖盘
14:05:15	24.89	--	2	4978	卖盘
14:05:09	24.89	-0.01	2	4978	卖盘
14:05:06	24.9	0.01	5	12450	买盘
14:05:03	24.89	--	5	12445	买盘
14:04:54	24.89	0.01	9	22401	买盘
14:04:42	24.88	--	10	24880	卖盘
14:04:39	24.88	-0.01	2	4976	卖盘
14:04:36	24.89	--	14	34846	买盘
14:04:33	24.89	--	3	7467	买盘
14:04:30	24.89	0.01	8	19912	买盘
14:04:18	24.88	--	11	27368	买盘
14:04:15	24.88	0.03	36	89568	买盘
14:04:12	24.85	--	5	12425	卖盘
14:03:57	24.85	0.01	137	342209	买盘
14:03:54	24.84	--	7	17388	卖盘
14:03:45	24.84	--	32	79488	卖盘
14:03:36	24.84	0.03	15	37260	卖盘
14:03:33	24.81	--	63	156303	卖盘
14:03:27	24.81	--	15	37215	卖盘
14:03:24	24.81	0.01	4	9924	中性盘
14:03:21	24.8	-0.01	320	793600	卖盘
14:03:15	24.81	--	211	523491	买盘
14:03:12	24.81	--	5	12405	买盘
14:03:09	24.81	0.01	18	44658	买盘
14:03:03	24.8	-0.01	6	14880	卖盘
14:03:00	24.81	--	100	248100	买盘
14:02:57	24.81	0.01	18	44658	买盘
14:02:54	24.8	--	4	9920	卖盘
14:02:45	24.8	-0.01	101	250480	卖盘
14:02:36	24.81	0.01	93	230733	买盘
14:02:33	24.8	--	5	12400	买盘
14:02:30	24.8	--	11	27280	卖盘
14:02:27	24.8	-0.01	10	24800	卖盘
14:02:24	24.81	0.01	13	32253	买盘
14:02:18	24.8	-0.01	11	27280	卖盘
14:02:15	24.81	-0.04	5	12405	中性盘
14:02:09	24.85	0.05	210	521850	买盘
14:02:06	24.8	--	4	9920	买盘
14:02:03	24.8	-0.01	41	101680	卖盘
14:02:00	24.81	0.01	29	71949	买盘
14:01:57	24.8	--	2	4960	卖盘
14:01:54	24.8	-0.01	8	19840	卖盘
14:01:51	24.81	--	17	42177	买盘
14:01:48	24.81	0.01	20	49620	买盘
14:01:45	24.8	--	4	9920	卖盘
14:01:42	24.8	-0.01	9	22320	卖盘
14:01:39	24.81	--	17	42177	买盘
14:01:36	24.81	0.01	10	24810	买盘
14:01:30	24.8	--	3	7440	卖盘
14:01:27	24.8	-0.01	46	114080	卖盘
14:01:24	24.81	--	24	59544	买盘
14:01:18	24.81	0.01	51	127250	买盘
14:01:15	24.8	-0.01	3	7440	卖盘
14:01:12	24.81	--	10	24810	买盘
14:01:09	24.81	--	7	17367	买盘
14:01:06	24.81	--	163	404403	买盘
14:01:03	24.81	--	20	49620	买盘
14:01:00	24.81	0.01	10	24810	买盘
14:00:57	24.8	-0.01	48	119040	卖盘
14:00:54	24.81	--	38	94278	买盘
14:00:48	24.81	0.01	9	22329	买盘
14:00:45	24.8	--	15	37200	卖盘
14:00:42	24.8	-0.01	5	12400	卖盘
14:00:36	24.81	--	5	12405	买盘
14:00:33	24.81	-0.04	301	746781	卖盘
14:00:15	24.85	--	20	49700	买盘
14:00:12	24.85	-0.03	999	2482515	卖盘
14:00:09	24.88	--	19	47272	买盘
14:00:03	24.88	0.01	10	24880	买盘
13:59:54	24.87	--	30	74610	卖盘
13:59:48	24.87	0.02	77	191499	买盘
13:59:45	24.85	--	170	422450	买盘
13:59:39	24.85	-0.02	30	74550	买盘
13:59:36	24.87	-0.01	23	57201	卖盘
13:59:33	24.88	0.01	10	24880	买盘
13:59:27	24.87	--	2	4974	卖盘
13:59:24	24.87	0.04	9	22383	买盘
13:59:12	24.83	-0.02	2	4966	卖盘
13:59:09	24.85	-0.02	15	37275	买盘
13:59:03	24.87	0.02	20	49740	买盘
13:59:00	24.85	--	9	22365	卖盘
13:58:54	24.85	--	1	2485	卖盘
13:58:51	24.85	0.05	130	323050	买盘
13:58:42	24.8	-0.01	6	14880	卖盘
13:58:36	24.81	--	2	4962	卖盘
13:58:30	24.81	--	6	14886	卖盘
13:58:27	24.81	0.01	9	22329	卖盘
13:58:24	24.8	--	2	6720	买盘
13:58:18	24.8	-0.05	497	1233279	卖盘
13:58:00	24.85	--	8	19880	买盘
13:57:57	24.85	-0.02	133	330505	卖盘
13:57:54	24.87	--	5	12435	卖盘
13:57:48	24.87	0.06	13	32331	卖盘
13:57:42	24.81	-0.06	300	744300	卖盘
13:57:36	24.87	--	3	7461	买盘
13:57:33	24.87	--	5	12435	买盘
13:57:27	24.87	-0.01	2	4974	中性盘
13:57:18	24.88	--	1	2488	卖盘
13:57:15	24.88	0.01	51	126888	买盘
13:57:06	24.87	--	1	2487	买盘
13:57:03	24.87	--	2	4974	卖盘
13:56:57	24.87	--	2	4974	买盘
13:56:54	24.87	--	18	44766	买盘
13:56:39	24.87	0.02	16	39792	买盘
13:56:36	24.85	-0.02	62	154070	卖盘
13:56:33	24.87	--	10	24870	买盘
13:56:30	24.87	0.02	5	12435	买盘
13:56:27	24.85	-0.02	16	39760	卖盘
13:56:21	24.87	-0.01	312	775944	卖盘
13:56:18	24.88	0.01	10	24880	买盘
13:56:15	24.87	-0.01	217	539679	卖盘
13:56:12	24.88	0.01	10	24880	买盘
13:56:06	24.87	--	3	7461	卖盘
13:56:03	24.87	--	2	4974	卖盘
13:55:48	24.87	--	5	12435	卖盘
13:55:42	24.87	--	1	2487	卖盘
13:55:33	24.87	--	89	221343	买盘
13:55:18	24.87	--	8	19896	买盘
13:55:12	24.87	--	5	12435	买盘
13:55:09	24.87	--	35	87045	买盘
13:55:00	24.87	-0.01	31	77097	卖盘
13:54:57	24.88	0.01	20	49760	买盘
13:54:54	24.87	--	10	24870	卖盘
13:54:51	24.87	--	1	2487	卖盘
13:54:48	24.87	--	40	99480	卖盘
13:54:45	24.87	-0.01	1	2487	卖盘
13:54:36	24.88	0.01	5	12440	买盘
13:54:30	24.87	-0.01	11	27357	卖盘
13:54:27	24.88	--	1	2488	买盘
13:54:21	24.88	--	9	22392	买盘
13:54:18	24.88	--	228	567264	卖盘
13:54:15	24.88	--	1	2488	卖盘
13:54:12	24.88	--	16	39808	卖盘
13:54:09	24.88	-0.01	1	2488	卖盘
13:54:06	24.89	0.02	84	209076	买盘
13:54:03	24.87	--	13	32331	买盘
13:54:00	24.87	--	21	52227	卖盘
13:53:54	24.87	--	33	82071	卖盘
13:53:51	24.87	0.07	50	124350	买盘
13:53:48	24.8	-0.07	608	1507840	卖盘
13:53:45	24.87	0.04	31	77097	买盘
13:53:42	24.83	--	2	4966	卖盘
13:53:36	24.83	-0.02	10	24830	卖盘
13:53:33	24.85	0.03	1	2485	买盘
13:53:27	24.82	-0.01	10	24820	卖盘
13:53:24	24.83	0.01	9	24109	买盘
13:53:21	24.82	-0.01	1	2482	卖盘
13:53:18	24.83	0.01	3	7448	买盘
13:53:15	24.82	--	6	14892	卖盘
13:53:09	24.82	--	3	7446	卖盘
13:53:03	24.82	--	106	263092	卖盘
13:53:00	24.82	--	4	9928	卖盘
13:52:57	24.82	--	4	9928	卖盘
13:52:54	24.82	--	152	377264	买盘
13:52:51	24.82	--	32	79424	买盘
13:52:48	24.82	0.02	101	250682	买盘
13:52:45	24.8	--	39	96720	卖盘
13:52:42	24.8	-0.02	502	1244960	卖盘
13:52:39	24.82	0.01	50	124100	买盘
13:52:36	24.81	-0.01	10	24810	卖盘
13:52:33	24.82	--	312	774384	买盘
13:52:30	24.82	--	29	71978	买盘
13:52:27	24.82	--	109	270538	买盘
13:52:24	24.82	0.02	27	67014	买盘
13:52:21	24.8	-0.02	110	272800	卖盘
13:52:18	24.82	-0.01	524	1300568	卖盘
13:52:15	24.83	--	1	2483	买盘
13:52:12	24.83	--	5	12415	买盘
13:52:09	24.83	--	12	29795	买盘
13:52:06	24.83	-0.06	234	581742	卖盘
13:52:03	24.89	0.02	89	221521	买盘
13:52:00	24.87	--	15	37305	卖盘
13:51:54	24.87	0.02	48	119376	买盘
13:51:51	24.85	0.02	12	29820	买盘
13:51:48	24.83	-0.02	14	34762	卖盘
13:51:45	24.85	0.02	64	159040	买盘
13:51:42	24.83	--	3	9211	卖盘
13:51:27	24.83	--	12	29795	卖盘
13:51:24	24.83	--	16	39728	卖盘
13:51:21	24.83	-0.02	187	464320	卖盘
13:51:18	24.85	0.05	4	9940	中性盘
13:51:12	24.8	-0.05	1400	3472000	卖盘
13:51:09	24.85	--	5	12425	卖盘
13:51:06	24.85	0.03	2	4970	中性盘
13:50:57	24.82	--	117	290394	买盘
13:50:54	24.82	--	37	91834	买盘
13:50:51	24.82	--	6	14892	买盘
13:50:48	24.82	--	111	275502	买盘
13:50:45	24.82	--	100	248200	买盘
13:50:42	24.82	--	50	124100	买盘
13:50:39	24.82	--	1	2482	买盘
13:50:36	24.82	-0.05	593	1471826	卖盘
13:50:33	24.87	--	93	231291	买盘
13:50:30	24.87	0.04	1	2487	买盘
13:50:24	24.83	-0.03	20	49660	卖盘
13:50:18	24.86	--	4	9944	卖盘
13:50:15	24.86	0.03	49	121814	买盘
13:50:12	24.83	--	5	12415	买盘
13:50:09	24.83	--	5	12415	买盘
13:50:06	24.83	-0.04	19	47177	卖盘
13:50:03	24.87	0.01	5	12435	买盘
13:50:00	24.86	0.03	2	4972	中性盘
13:49:57	24.83	-0.04	379	941056	卖盘
13:49:51	24.87	--	24	59688	买盘
13:49:48	24.87	--	26	64662	买盘
13:49:42	24.87	--	44	109428	买盘
13:49:36	24.87	--	2	4974	买盘
13:49:33	24.87	0.01	7	17409	买盘
13:49:30	24.86	-0.01	1	2486	卖盘
13:49:27	24.87	--	2	4974	买盘
13:49:18	24.87	-0.06	850	2113950	卖盘
13:49:15	24.93	-0.01	6	14958	中性盘
13:49:03	24.94	-0.01	75	187050	买盘
13:49:00	24.95	0.02	3	7485	买盘
13:48:54	24.93	0.03	41	102213	买盘
13:48:51	24.9	-0.03	200	498000	卖盘
13:48:48	24.93	-0.02	8	19944	卖盘
13:48:42	24.95	0.03	20	49900	买盘
13:48:39	24.92	-0.01	15	37380	卖盘
13:48:36	24.93	-0.02	1	2493	卖盘
13:48:27	24.95	--	5	12475	买盘
13:48:24	24.95	--	16	39920	买盘
13:48:21	24.95	0.02	67	167165	卖盘
13:48:18	24.93	--	13	32409	买盘
13:48:15	24.93	-0.02	503	1253979	卖盘
13:48:12	24.95	--	16	39920	买盘
13:48:09	24.95	--	12	29940	买盘
13:48:06	24.95	--	7	17465	买盘
13:48:03	24.95	--	3	7485	买盘
13:48:00	24.95	--	17	42415	买盘
13:47:57	24.95	--	60	149700	买盘
13:47:51	24.95	0.01	60	149700	买盘
13:47:48	24.94	0.01	21	52374	买盘
13:47:45	24.93	--	6	14958	卖盘
13:47:42	24.93	-0.01	10	24930	卖盘
13:47:39	24.94	0.01	6	14964	买盘
13:47:30	24.93	0.01	37	92241	买盘
13:47:27	24.92	--	1	2492	卖盘
13:47:24	24.92	--	27	67284	买盘
13:47:21	24.92	--	7	17444	买盘
13:47:18	24.92	--	50	124600	买盘
13:47:15	24.92	--	1	2492	买盘
13:47:12	24.92	0.02	3	7476	买盘
13:47:09	24.9	-0.02	308	766920	卖盘
13:47:06	24.92	0.02	110	274120	买盘
13:47:03	24.9	-0.01	6	14940	卖盘
13:47:00	24.91	--	55	137005	买盘
13:46:57	24.91	--	11	27401	买盘
13:46:54	24.91	0.01	29	72239	买盘
13:46:51	24.9	--	4	9960	卖盘
13:46:42	24.9	--	100	249000	买盘
13:46:39	24.9	0.01	200	498000	买盘
13:46:33	24.89	--	1	2489	买盘
13:46:27	24.89	0.01	27	67203	买盘
13:46:24	24.88	--	52	129376	卖盘
13:46:12	24.88	--	41	102008	买盘
13:46:09	24.88	0.01	15	37320	买盘
13:46:06	24.87	--	50	124350	卖盘
13:46:03	24.87	-0.01	55	136785	卖盘
13:46:00	24.88	--	50	124400	卖盘
13:45:57	24.88	0.01	4	9952	中性盘
13:45:54	24.87	--	46	114402	卖盘
13:45:51	24.87	-0.01	12	29844	卖盘
13:45:45	24.88	-0.01	2	4976	中性盘
13:45:42	24.89	0.01	5	12445	买盘
13:45:39	24.88	--	10	24880	卖盘
13:45:36	24.88	0.02	25	62200	买盘
13:45:30	24.86	--	40	99440	卖盘
13:45:27	24.86	0.01	49	121814	买盘
13:45:24	24.85	-0.01	5	12425	卖盘
13:45:21	24.86	--	14	34804	买盘
13:45:18	24.86	--	2	4972	买盘
13:45:15	24.86	0.01	2	4972	买盘
13:45:12	24.85	-0.01	60	149100	卖盘
13:45:09	24.86	--	220	546920	买盘
13:45:06	24.86	--	25	62150	买盘
13:45:00	24.86	--	2	4972	买盘
13:44:57	24.86	0.01	30	74580	买盘
13:44:54	24.85	--	21	52185	卖盘
13:44:51	24.85	--	20	49700	卖盘
13:44:48	24.85	--	1	2485	卖盘
13:44:45	24.85	--	6	14910	卖盘
13:44:42	24.85	--	19	47215	卖盘
13:44:39	24.85	-0.01	1	2485	卖盘
13:44:30	24.86	--	1	2486	买盘
13:44:27	24.86	-0.02	667	1658162	卖盘
13:44:18	24.88	--	49	121912	买盘
13:44:15	24.88	--	36	89568	买盘
13:44:12	24.88	--	52	129376	买盘
13:44:09	24.88	--	29	72152	卖盘
13:44:03	24.88	--	12	29856	卖盘
13:44:00	24.88	--	2	4976	卖盘
13:43:57	24.88	--	3	7464	卖盘
13:43:54	24.88	0.02	159	395592	买盘
13:43:51	24.86	0.01	25	62150	卖盘
13:43:45	24.85	-0.01	9	22365	卖盘
13:43:42	24.86	0.01	2	4972	买盘
13:43:39	24.85	-0.01	77	191345	卖盘
13:43:36	24.86	0.02	1	2486	买盘
13:43:24	24.84	-0.02	4	9936	卖盘
13:43:21	24.86	0.01	24	59664	买盘
13:43:18	24.85	--	10	24850	买盘
13:43:15	24.85	-0.03	25	62125	卖盘
13:43:06	24.88	0.02	9	22392	买盘
13:43:03	24.86	0.01	1	2486	卖盘
13:43:00	24.85	--	17	42245	卖盘
13:42:54	24.85	--	50	124250	卖盘
13:42:48	24.85	-0.01	5	12425	卖盘
13:42:45	24.86	--	10	24860	买盘
13:42:42	24.86	--	152	377872	买盘
13:42:39	24.86	--	54	134244	买盘
13:42:36	24.86	--	3	7458	买盘
13:42:33	24.86	--	10	24860	买盘
13:42:24	24.86	-0.01	85	211310	卖盘
13:42:21	24.87	0.01	10	24870	买盘
13:42:18	24.86	--	12	29832	卖盘
13:42:12	24.86	--	7	17402	卖盘
13:42:06	24.86	-0.01	26	64636	卖盘
13:42:03	24.87	--	50	124350	买盘
13:42:00	24.87	--	5	12435	卖盘
13:41:51	24.87	-0.01	31	77097	卖盘
13:41:48	24.88	--	10	24880	买盘
13:41:45	24.88	--	15	37320	卖盘
13:41:42	24.88	0.01	17	42296	买盘
13:41:36	24.87	-0.01	9	22383	卖盘
13:41:33	24.88	--	22	54736	买盘
13:41:24	24.88	-0.01	38	94544	卖盘
13:41:21	24.89	--	92	228988	卖盘
13:41:18	24.89	-0.01	42	104538	卖盘
13:41:15	24.9	--	12	29880	买盘
13:41:06	24.9	0.01	13	32369	买盘
13:41:03	24.89	--	12	29868	卖盘
13:41:00	24.89	--	10	24890	卖盘
13:40:57	24.89	0.01	5	12445	买盘
13:40:48	24.88	--	3	7464	卖盘
13:40:45	24.88	--	15	37320	卖盘
13:40:42	24.88	--	5	12440	卖盘
13:40:18	24.88	-0.02	1	2488	买盘
13:40:15	24.9	0.02	10	24900	买盘
13:40:12	24.88	-0.02	8	19904	卖盘
13:40:09	24.9	0.02	8	19920	买盘
13:40:06	24.88	-0.02	13	32344	卖盘
13:40:03	24.9	0.02	66	164340	买盘
13:39:54	24.88	--	5	12440	买盘
13:39:48	24.88	--	3	7464	买盘
13:39:45	24.88	-0.02	5	12440	中性盘
13:39:42	24.9	0.01	68	169320	买盘
13:39:36	24.89	--	3	7467	买盘
13:39:33	24.89	-0.01	123	306147	卖盘
13:39:30	24.9	--	14	34860	买盘
13:39:27	24.9	--	100	249000	买盘
13:39:24	24.9	0.01	3	7470	买盘
13:39:21	24.89	-0.01	20	49780	卖盘
13:39:18	24.9	--	26	64739	买盘
13:39:09	24.9	0.01	16	39840	买盘
13:39:00	24.89	0.03	4	9956	买盘
13:38:51	24.86	--	10	24860	卖盘
13:38:45	24.86	0.04	10	24860	中性盘
13:38:36	24.82	--	3	7446	卖盘
13:38:33	24.82	0.01	1	2482	卖盘
13:38:30	24.81	--	20	49620	卖盘
13:38:27	24.81	--	2	4962	卖盘
13:38:21	24.81	-0.1	1	2481	中性盘
13:38:15	24.91	0.11	10	24910	买盘
13:38:12	24.8	--	84	208320	买盘
13:38:09	24.8	--	140	347200	买盘
13:38:06	24.8	0.01	10	24800	买盘
13:38:03	24.79	-0.01	2	4958	卖盘
13:38:00	24.8	--	20	49600	买盘
13:37:57	24.8	-0.11	756	1874880	卖盘
13:37:54	24.91	0.01	50	124550	买盘
13:37:48	24.9	--	163	405870	买盘
13:37:42	24.9	0.03	4	9960	买盘
13:37:27	24.87	-0.04	86	213882	卖盘
13:37:21	24.91	--	50	124550	买盘
13:37:15	24.91	0.01	10	24910	买盘
13:37:12	24.9	--	24	59760	卖盘
13:37:09	24.9	0.03	5	12450	买盘
13:37:06	24.87	--	5	12435	买盘
13:36:54	24.87	0.07	6	14922	中性盘
13:36:51	24.8	-0.1	1300	3224000	卖盘
13:36:48	24.9	0.07	5	12450	买盘
13:36:39	24.83	-0.03	100	248299	卖盘
13:36:36	24.86	--	9	22374	卖盘
13:36:33	24.86	--	103	256058	买盘
13:36:30	24.86	0.03	5	12430	买盘
13:36:27	24.83	-0.03	44	109251	中性盘
13:36:21	24.86	0.03	12	29832	买盘
13:36:18	24.83	0.01	1	2483	中性盘
13:36:15	24.82	--	8	19856	卖盘
13:36:09	24.82	0.01	9	22338	买盘
13:36:06	24.81	0.01	9	22329	卖盘
13:35:57	24.8	--	26	64480	买盘
13:35:54	24.8	--	52	128960	买盘
13:35:51	24.8	--	30	74400	买盘
13:35:48	24.8	-0.06	392	972160	卖盘
13:35:45	24.86	0.01	51	126786	买盘
13:35:42	24.85	--	21	52185	卖盘
13:35:36	24.85	0.04	1	2485	卖盘
13:35:33	24.81	-0.04	700	1736700	卖盘
13:35:21	24.85	--	4	9940	买盘
13:35:15	24.85	--	89	221165	买盘
13:35:12	24.85	--	114	283290	买盘
13:35:06	24.85	--	20	49700	买盘
13:35:03	24.85	--	26	64610	买盘
13:35:00	24.85	--	2	4970	买盘
13:34:57	24.85	--	19	47215	买盘
13:34:54	24.85	-0.08	316	785260	卖盘
13:34:51	24.93	--	5	12465	卖盘
13:34:48	24.93	--	2	4986	卖盘
13:34:42	24.93	--	5	12465	买盘
13:34:33	24.93	--	15	37395	卖盘
13:34:30	24.93	--	7	17451	卖盘
13:34:24	24.93	--	16	39888	卖盘
13:34:21	24.93	0.03	12	29916	买盘
13:34:15	24.9	-0.01	3	7470	买盘
13:34:12	24.91	--	14	34874	卖盘
13:34:09	24.91	0.06	6	14946	卖盘
13:34:06	24.85	-0.05	500	1242500	卖盘
13:34:03	24.9	--	19	47310	买盘
13:33:57	24.9	0.05	5	12450	买盘
13:33:54	24.85	-0.05	700	1739500	卖盘
13:33:51	24.9	--	119	296310	卖盘
13:33:42	24.9	--	19	47310	卖盘
13:33:36	24.9	--	10	24900	卖盘
13:33:33	24.9	0.02	62	154380	买盘
13:33:30	24.88	--	4	9952	卖盘
13:33:27	24.88	--	2	4976	卖盘
13:33:24	24.88	--	2	4976	卖盘
13:33:21	24.88	--	4	9952	卖盘
13:33:18	24.88	-0.01	45	111960	卖盘
13:33:15	24.89	-0.01	72	179208	卖盘
13:33:12	24.9	--	15	37350	买盘
13:33:09	24.9	-0.02	629	1566210	卖盘
13:33:06	24.92	-0.01	4	9968	卖盘
13:33:03	24.93	--	11	27423	买盘
13:32:57	24.93	--	2	4986	买盘
13:32:54	24.93	--	3	7479	买盘
13:32:51	24.93	--	3	7479	卖盘
13:32:48	24.93	-0.01	12	29916	卖盘
13:32:45	24.94	0.01	6	14964	买盘
13:32:33	24.93	-0.01	4	9972	卖盘
13:32:27	24.94	--	8	19952	卖盘
13:32:21	24.94	-0.02	2	4988	卖盘
13:32:18	24.96	0.02	153	381888	买盘
13:32:15	24.94	-0.02	10	24940	中性盘
13:32:09	24.96	--	5	12480	买盘
13:32:06	24.96	--	9	22464	买盘
13:31:54	24.96	0.06	15	37440	买盘
13:31:48	24.9	--	15	37350	卖盘
13:31:42	24.9	--	91	226590	买盘
13:31:39	24.9	-0.06	26	64739	中性盘
13:31:36	24.96	0.06	539	1345344	买盘
13:31:27	24.9	-0.07	7	17430	卖盘
13:31:21	24.97	0.07	6	14982	买盘
13:31:12	24.9	-0.07	229	570210	卖盘
13:31:09	24.97	--	15	37455	卖盘
13:31:03	24.97	-0.01	5	12485	卖盘
13:31:00	24.98	0.01	7	17486	买盘
13:30:54	24.97	--	1	2497	卖盘
13:30:51	24.97	0.07	10	24970	买盘
13:30:45	24.9	-0.07	6	14940	卖盘
13:30:42	24.97	0.07	2	4994	买盘
13:30:36	24.9	0.02	4	9960	买盘
13:30:30	24.88	-0.01	64	159232	卖盘
13:30:24	24.89	--	4	9956	买盘
13:30:21	24.89	0.01	17	42313	买盘
13:30:15	24.88	--	2	4976	卖盘
13:30:12	24.88	--	2	4976	卖盘
13:30:09	24.88	--	6	14928	卖盘
13:30:06	24.88	-0.01	15	37320	卖盘
13:30:03	24.89	0.01	222	552558	买盘
13:30:00	24.88	--	67	166696	中性盘
13:29:54	24.88	-0.01	20	49760	卖盘
13:29:51	24.89	0.01	3	7467	买盘
13:29:45	24.88	0.02	30	74640	中性盘
13:29:42	24.86	-0.03	43	106898	卖盘
13:29:39	24.89	0.03	80	199120	买盘
13:29:36	24.86	-0.02	10	24860	卖盘
13:29:33	24.88	-0.01	10	24880	买盘
13:29:30	24.89	0.01	7	17423	卖盘
13:29:27	24.88	--	71	176648	卖盘
13:29:24	24.88	--	31	77128	卖盘
13:29:15	24.88	-0.02	203	505064	卖盘
13:29:12	24.9	--	1	2490	买盘
13:29:06	24.9	-0.02	439	1093110	卖盘
13:29:00	24.92	--	5	12460	卖盘
13:28:57	24.92	--	66	164472	买盘
13:28:54	24.92	--	34	84728	卖盘
13:28:51	24.92	--	21	52332	卖盘
13:28:42	24.92	-0.02	7	17444	卖盘
13:28:39	24.94	0.02	3	7482	买盘
13:28:36	24.92	0.01	13	32396	中性盘
13:28:24	24.91	-0.04	9	22419	卖盘
13:28:18	24.95	0.03	21	52395	买盘
13:28:12	24.92	--	5	12460	买盘
13:28:09	24.92	-0.03	191	475972	卖盘
13:28:06	24.95	--	3	7485	买盘
13:28:00	24.95	--	30	74850	买盘
13:27:57	24.95	0.01	2	4990	买盘
13:27:54	24.94	--	2	4988	卖盘
13:27:51	24.94	--	9	22446	卖盘
13:27:48	24.94	0.02	6	14964	买盘
13:27:45	24.92	-0.01	8	19936	卖盘
13:27:39	24.93	-0.02	5	12465	卖盘
13:27:36	24.95	0.03	9	22455	买盘
13:27:33	24.92	-0.03	200	498400	卖盘
13:27:24	24.95	0.01	8	19960	买盘
13:27:21	24.94	--	8	19952	买盘
13:27:18	24.94	--	5	12470	买盘
13:27:15	24.94	0.01	2	4988	买盘
13:27:12	24.93	--	36	89748	卖盘
13:27:09	24.93	-0.01	16	39888	中性盘
13:27:03	24.94	0.01	11	27434	买盘
13:27:00	24.93	-0.01	5	12465	卖盘
13:26:54	24.94	0.02	3	7482	买盘
13:26:45	24.92	--	11	27412	卖盘
13:26:42	24.92	--	2	4984	买盘
13:26:39	24.92	0.01	13	32396	买盘
13:26:33	24.91	--	5	12455	卖盘
13:26:27	24.91	--	12	29892	卖盘
13:26:24	24.91	0.01	96	239136	买盘
13:26:21	24.9	-0.01	22	54780	卖盘
13:26:18	24.91	0.01	59	146969	买盘
13:26:15	24.9	-0.01	3	7470	卖盘
13:26:12	24.91	0.01	36	89676	买盘
13:26:09	24.9	--	5	12450	卖盘
13:26:06	24.9	--	145	361050	买盘
13:26:03	24.9	--	120	298800	买盘
13:26:00	24.9	--	32	79680	卖盘
13:25:57	24.9	--	17	42330	卖盘
13:25:54	24.9	0.01	231	575190	买盘
13:25:51	24.89	--	5	12445	卖盘
13:25:48	24.89	-0.02	2	4978	卖盘
13:25:39	24.91	-0.03	3	7473	买盘
13:25:36	24.94	0.04	50	124700	买盘
13:25:33	24.9	-0.04	510	1269900	卖盘
13:25:27	24.94	0.03	2	4988	买盘
13:25:24	24.91	-0.03	40	99640	卖盘
13:25:12	24.94	--	28	69832	买盘
13:25:03	24.94	0.04	25	62350	买盘
13:25:00	24.9	-0.04	4	9960	卖盘
13:24:57	24.94	--	20	49880	卖盘
13:24:51	24.94	--	27	67338	买盘
13:24:45	24.94	0.02	64	159616	买盘
13:24:39	24.92	0.02	15	37380	卖盘
13:24:30	24.9	-0.02	500	1245000	卖盘
13:24:27	24.92	-0.01	29	72268	卖盘
13:24:24	24.93	0.01	193	481149	买盘
13:24:21	24.92	-0.01	20	49840	卖盘
13:24:18	24.93	0.01	12	29916	买盘
13:24:12	24.92	--	20	49840	卖盘
13:24:09	24.92	--	50	124600	卖盘
13:24:06	24.92	-0.01	155	386260	卖盘
13:24:03	24.93	-0.02	5	12465	中性盘
13:23:54	24.95	0.03	20	49900	买盘
13:23:48	24.92	-0.03	85	211820	卖盘
13:23:45	24.95	--	29	72355	卖盘
13:23:39	24.95	-0.03	3	7485	卖盘
13:23:24	24.98	0.05	1	2498	中性盘
13:23:15	24.93	-0.05	1000	2493000	卖盘
13:23:09	24.98	-0.01	45	112410	卖盘
13:23:03	24.99	-0.01	2	4998	卖盘
13:23:00	25.0	--	3	7500	买盘
13:22:57	25.0	0.01	6	15000	买盘
13:22:54	24.99	-0.01	5	12495	卖盘
13:22:51	25.0	--	4	10000	买盘
13:22:45	25.0	-0.02	210	527000	卖盘
13:22:42	25.02	0.02	3	7506	买盘
13:22:30	25.0	-0.02	10	25000	卖盘
13:22:24	25.02	0.02	9	22518	买盘
13:22:18	25.0	--	4	10000	卖盘
13:22:12	25.0	--	10	25000	卖盘
13:22:03	25.0	--	20	50000	卖盘
13:22:00	25.0	-0.05	500	1250000	卖盘
13:21:54	25.05	--	15	37575	买盘
13:21:51	25.05	--	66	165330	买盘
13:21:48	25.05	0.01	3	7515	买盘
13:21:39	25.04	-0.01	10	25040	中性盘
13:21:36	25.05	--	60	150300	买盘
13:21:27	25.05	--	1	2505	买盘
13:21:24	25.05	0.04	37	92685	买盘
13:21:21	25.01	-0.05	10	25010	卖盘
13:21:06	25.06	0.05	11	27566	买盘
13:21:03	25.01	--	18	45018	卖盘
13:21:00	25.01	-0.05	8	20008	卖盘
13:20:57	25.06	0.05	12	30072	买盘
13:20:48	25.01	--	1	2501	卖盘
13:20:45	25.01	0.01	5	12505	中性盘
13:20:33	25.0	-0.06	200	500000	卖盘
13:20:30	25.06	--	2	5012	卖盘
13:20:27	25.06	--	1	2506	买盘
13:20:21	25.06	--	14	35084	买盘
13:20:12	25.06	-0.02	18	45108	卖盘
13:20:09	25.08	0.01	21	52668	买盘
13:20:00	25.07	--	4	10028	买盘
13:19:54	25.07	0.01	10	25070	买盘
13:19:48	25.06	-0.01	5	12530	卖盘
13:19:45	25.07	0.02	1	2507	买盘
13:19:33	25.05	--	9	22545	买盘
13:19:27	25.05	--	96	240480	买盘
13:19:24	25.05	--	4	10020	买盘
13:19:21	25.05	0.01	17	42585	买盘
13:19:15	25.04	0.01	1	2504	卖盘
13:19:09	25.03	0.02	1	2503	买盘
13:19:00	25.01	--	5	12505	买盘
13:18:57	25.01	0.01	5	12505	买盘
13:18:54	25.0	--	10	25000	卖盘
13:18:48	25.0	--	13	32500	卖盘
13:18:45	25.0	--	3	8000	买盘
13:18:42	25.0	0.01	10	25000	买盘
13:18:39	24.99	0.01	66	164934	卖盘
13:18:27	24.98	--	5	12490	买盘
13:18:21	24.98	-0.01	7	17486	卖盘
13:18:18	24.99	0.02	13	32486	买盘
13:18:09	24.97	--	2	4994	卖盘
13:18:03	24.97	--	6	14982	买盘
13:18:00	24.97	--	2	4994	买盘
13:17:57	24.97	--	1	2497	买盘
13:17:54	24.97	-0.03	197	491909	卖盘
13:17:51	25.0	--	1	2500	买盘
13:17:48	25.0	0.03	212	530000	买盘
13:17:45	24.97	-0.03	2	4994	卖盘
13:17:33	25.0	0.04	141	352500	买盘
13:17:30	24.96	-0.01	9	22464	卖盘
13:17:24	24.97	--	23	57431	买盘
13:17:18	24.97	--	10	24970	买盘
13:17:15	24.97	--	13	32461	卖盘
13:17:09	24.97	-0.01	31	77407	卖盘
13:17:06	24.98	--	25	62450	买盘
13:17:03	24.98	--	33	82434	买盘
13:17:00	24.98	-0.01	104	259792	卖盘
13:16:54	24.99	--	13	32486	买盘
13:16:51	24.99	0.01	6	14993	买盘
13:16:45	24.98	--	5	12490	卖盘
13:16:42	24.98	-0.01	30	74940	卖盘
13:16:36	24.99	0.01	69	172431	买盘
13:16:27	24.98	--	28	69944	卖盘
13:16:21	24.98	--	12	29976	卖盘
13:16:18	24.98	-0.01	4	9992	卖盘
13:16:15	24.99	--	3	7496	买盘
13:16:06	24.99	0.01	14	34986	卖盘
13:16:03	24.98	-0.02	5	12490	卖盘
13:16:00	25.0	0.02	100	250000	买盘
13:15:54	24.98	--	17	42466	卖盘
13:15:51	24.98	--	32	79936	买盘
13:15:48	24.98	--	3	7494	卖盘
13:15:45	24.98	--	3	7494	卖盘
13:15:42	24.98	--	5	12490	卖盘
13:15:39	24.98	--	8	19984	卖盘
13:15:33	24.98	-0.01	16	39968	卖盘
13:15:30	24.99	0.01	3	7496	买盘
13:15:27	24.98	0.01	71	177358	买盘
13:15:21	24.97	0.01	10	24970	买盘
13:15:18	24.96	--	5	12480	卖盘
13:15:12	24.96	--	64	159744	买盘
13:15:09	24.96	--	3	7488	买盘
13:15:00	24.96	--	70	174720	买盘
13:14:57	24.96	-0.02	16	39936	卖盘
13:14:54	24.98	0.01	47	117406	买盘
13:14:51	24.97	--	180	449460	买盘
13:14:48	24.97	--	113	282161	卖盘
13:14:42	24.97	0.01	1	2497	中性盘
13:14:36	24.96	-0.02	3	7488	卖盘
13:14:30	24.98	0.02	11	27478	买盘
13:14:27	24.96	--	1	2496	买盘
13:14:24	24.96	0.01	30	74880	中性盘
13:14:21	24.95	--	129	321855	卖盘
13:14:15	24.95	-0.03	400	998000	卖盘
13:14:03	24.98	--	51	127398	卖盘
13:14:00	24.98	--	210	524580	卖盘
13:13:57	24.98	--	5	12490	卖盘
13:13:48	24.98	--	13	32474	买盘
13:13:45	24.98	--	7	17486	卖盘
13:13:42	24.98	--	25	62450	卖盘
13:13:39	24.98	--	14	34972	卖盘
13:13:36	24.98	-0.02	20	49960	卖盘
13:13:33	25.0	0.02	20	50000	买盘
13:13:30	24.98	--	50	124900	买盘
13:13:27	24.98	--	30	74940	卖盘
13:13:24	24.98	--	184	459632	买盘
13:13:12	24.98	0.01	3	7494	买盘
13:13:09	24.97	-0.03	19	47443	卖盘
13:13:03	25.0	0.04	17	42500	买盘
13:13:00	24.96	-0.04	30	74880	卖盘
13:12:57	25.0	0.02	95	237500	买盘
13:12:51	24.98	0.02	2	4996	卖盘
13:12:48	24.96	-0.04	12	29952	卖盘
13:12:45	25.0	0.04	23	57500	买盘
13:12:42	24.96	--	37	92352	卖盘
13:12:39	24.96	-0.04	42	104832	卖盘
13:12:33	25.0	0.02	174	435000	买盘
13:12:24	24.98	--	7	17486	买盘
13:12:21	24.98	-0.02	100	249800	中性盘
13:12:18	25.0	--	471	1177500	买盘
13:12:15	25.0	--	37	92500	买盘
13:12:12	25.0	--	92	230000	买盘
13:12:09	25.0	--	106	265000	买盘
13:12:06	25.0	--	17	42500	买盘
13:12:03	25.0	--	2	5000	买盘
13:12:00	25.0	--	3	7500	买盘
13:11:54	25.0	--	21	52500	买盘
13:11:51	25.0	0.02	48	120000	买盘
13:11:48	24.98	-0.02	122	304756	卖盘
13:11:45	25.0	0.02	48	120000	买盘
13:11:36	24.98	-0.02	74	184852	卖盘
13:11:33	25.0	-0.05	181	452500	卖盘
13:11:27	25.05	-0.02	6	15030	卖盘
13:11:21	25.07	0.02	1	2507	中性盘
13:11:18	25.05	--	18	45090	卖盘
13:11:15	25.05	--	6	15030	卖盘
13:11:12	25.05	--	12	30060	买盘
13:11:09	25.05	0.01	11	27555	买盘
13:11:06	25.04	--	5	12520	卖盘
13:11:03	25.04	0.02	4	10016	中性盘
13:10:57	25.02	0.02	20	50040	中性盘
13:10:48	25.0	-0.01	67	167500	卖盘
13:10:45	25.01	-0.07	144	360144	卖盘
13:10:42	25.08	-0.01	20	50160	中性盘
13:10:30	25.09	0.09	10	25090	买盘
13:10:15	25.0	0.01	49	122500	买盘
13:10:12	24.99	-0.01	105	262395	卖盘
13:10:09	25.0	-0.01	5	12500	卖盘
13:10:06	25.01	-0.02	23	57523	卖盘
13:10:03	25.03	-0.05	16	40048	中性盘
13:10:00	25.08	-0.02	20	50160	买盘
13:09:54	25.1	0.12	5	12550	买盘
13:09:51	24.98	-0.12	550	1373900	卖盘
13:09:48	25.1	--	12	30120	买盘
13:09:36	25.1	0.08	5	12550	买盘
13:09:33	25.02	0.01	2	5004	买盘
13:09:30	25.01	--	10	25010	卖盘
13:09:27	25.01	0.01	10	25010	买盘
13:09:15	25.0	--	13	32500	卖盘
13:09:12	25.0	--	29	72500	买盘
13:09:03	25.0	--	4	10000	买盘
13:09:00	25.0	0.02	4	10000	买盘
13:08:54	24.98	--	8	19984	中性盘
13:08:51	24.98	--	16	39968	买盘
13:08:48	24.98	--	20	49960	买盘
13:08:45	24.98	--	10	24980	买盘
13:08:33	24.98	--	7	17486	卖盘
13:08:30	24.98	0.03	15	37470	买盘
13:08:21	24.95	--	36	89820	卖盘
13:08:15	24.95	-0.01	5	12475	卖盘
13:08:09	24.96	0.01	13	32448	中性盘
13:08:00	24.95	--	30	74850	卖盘
13:07:57	24.95	0.01	2	4990	中性盘
13:07:54	24.94	-0.01	5	12470	卖盘
13:07:51	24.95	0.02	29	72355	买盘
13:07:48	24.93	--	25	62325	卖盘
13:07:45	24.93	-0.02	5	12465	卖盘
13:07:42	24.95	-0.01	13	32435	买盘
13:07:39	24.96	--	2	4992	买盘
13:07:33	24.96	0.05	6	14976	中性盘
13:07:30	24.91	--	116	288956	卖盘
13:07:27	24.91	-0.07	506	1260446	卖盘
13:07:24	24.98	0.01	3	7494	中性盘
13:07:21	24.97	-0.03	18	44946	卖盘
13:07:18	25.0	-0.02	25	62500	买盘
13:07:15	25.02	0.02	2	5004	买盘
13:07:06	25.0	-0.02	1	2500	中性盘
13:07:03	25.02	0.06	15	37530	中性盘
13:07:00	24.96	-0.04	103	257088	卖盘
13:06:54	25.0	0.03	9	22500	买盘
13:06:51	24.97	-0.01	28	69916	卖盘
13:06:48	24.98	-0.02	10	24980	中性盘
13:06:45	25.0	0.03	7	17500	中性盘
13:06:39	24.97	-0.07	101	252197	卖盘
13:06:36	25.04	0.07	1	2504	买盘
13:06:27	24.97	0.02	45	112365	中性盘
13:06:24	24.95	-0.05	108	269460	卖盘
13:06:21	25.0	-0.01	25	62500	卖盘
13:06:18	25.01	0.03	36	90036	买盘
13:06:15	24.98	-0.02	3	7494	买盘
13:06:12	25.0	--	6	15000	买盘
13:06:09	25.0	-0.03	112	280000	卖盘
13:06:06	25.03	0.01	31	77593	中性盘
13:06:03	25.02	0.01	40	100080	买盘
13:06:00	25.01	-0.02	36	90036	卖盘
13:05:57	25.03	0.02	2	5006	中性盘
13:05:54	25.01	--	72	180072	买盘
13:05:51	25.01	0.06	37	92537	卖盘
13:05:48	24.95	-0.05	300	748500	卖盘
13:05:42	25.0	-0.01	133	332500	卖盘
13:05:39	25.01	--	156	390156	卖盘
13:05:33	25.01	--	6	15006	卖盘
13:05:30	25.01	--	20	50020	卖盘
13:05:27	25.01	--	28	70028	卖盘
13:05:18	25.01	-0.01	4	10004	卖盘
13:05:15	25.02	0.01	3	7506	中性盘
13:05:12	25.01	-0.04	178	445178	卖盘
13:05:03	25.05	-0.01	10	25050	卖盘
13:05:00	25.06	0.01	41	102746	买盘
13:04:57	25.05	-0.01	9	22545	买盘
13:04:51	25.06	-0.01	5	12530	卖盘
13:04:48	25.07	0.01	302	757114	中性盘
13:04:45	25.06	-0.02	50	125300	卖盘
13:04:39	25.08	-0.02	10	25080	中性盘
13:04:33	25.1	0.02	10	25100	买盘
13:04:30	25.08	-0.02	6	15047	卖盘
13:04:27	25.1	-0.02	26	65260	卖盘
13:04:15	25.12	0.01	5	12560	卖盘
13:04:12	25.11	0.01	7	17577	中性盘
13:04:09	25.1	--	46	115460	卖盘
13:04:06	25.1	-0.02	122	306220	卖盘
13:04:03	25.12	-0.02	10	25120	买盘
13:03:54	25.14	--	8	20112	买盘
13:03:51	25.14	--	12	30168	卖盘
13:03:48	25.14	--	4	10056	卖盘
13:03:45	25.14	--	25	62850	卖盘
13:03:39	25.14	0.01	14	35196	卖盘
13:03:36	25.13	0.02	24	60312	买盘
13:03:33	25.11	--	6	15066	卖盘
13:03:30	25.11	0.01	44	110484	中性盘
13:03:27	25.1	-0.02	51	128010	卖盘
13:03:24	25.12	0.01	5	12560	中性盘
13:03:21	25.11	-0.05	304	763344	卖盘
13:03:18	25.16	0.03	2	5032	买盘
13:03:15	25.13	-0.05	3	7539	卖盘
13:03:12	25.18	0.05	20	50360	买盘
13:03:09	25.13	0.01	1	2513	中性盘
13:03:06	25.12	--	47	118064	卖盘
13:03:03	25.12	-0.01	3	7536	卖盘
13:03:00	25.13	-0.02	56	140728	卖盘
13:02:57	25.15	-0.02	46	115690	卖盘
13:02:51	25.17	--	202	508434	买盘
13:02:48	25.17	0.02	1	2517	买盘
13:02:39	25.15	--	6	15090	卖盘
13:02:33	25.15	--	4	10060	买盘
13:02:30	25.15	--	4	10060	卖盘
13:02:27	25.15	0.02	7	17605	买盘
13:02:24	25.13	-0.02	22	55286	卖盘
13:02:21	25.15	-0.02	27	67905	卖盘
13:02:18	25.17	0.02	1	2517	买盘
13:02:15	25.15	--	10	25150	卖盘
13:02:03	25.15	-0.02	2	5030	卖盘
13:01:57	25.17	-0.03	4	10068	中性盘
13:01:51	25.2	--	3	7560	买盘
13:01:48	25.2	--	13	32760	买盘
13:01:39	25.2	-0.02	20	50400	卖盘
13:01:36	25.22	-0.02	11	27742	卖盘
13:01:33	25.24	--	28	70672	买盘
13:01:27	25.24	0.02	54	136296	买盘
13:01:24	25.22	-0.02	9	22698	卖盘
13:01:21	25.24	0.02	101	254923	买盘
13:01:18	25.22	-0.02	36	90792	卖盘
13:01:15	25.24	0.02	11	27764	买盘
13:01:12	25.22	--	5	12610	卖盘
13:01:09	25.22	0.06	60	151320	卖盘
13:01:06	25.16	-0.01	186	467976	卖盘
13:01:03	25.17	-0.03	24	60408	卖盘
13:01:00	25.2	--	1	2520	买盘
13:00:57	25.2	--	223	561960	卖盘
13:00:54	25.2	-0.02	60	151200	卖盘
13:00:51	25.22	-0.02	117	295074	卖盘
13:00:48	25.24	0.01	45	113580	中性盘
13:00:42	25.23	--	53	133719	卖盘
13:00:39	25.23	0.03	141	355743	买盘
13:00:36	25.2	--	41	103320	买盘
13:00:27	25.2	0.04	88	221760	买盘
13:00:24	25.16	-0.03	8	20128	卖盘
13:00:18	25.19	0.03	50	125950	买盘
13:00:12	25.16	--	32	80512	卖盘
13:00:09	25.16	0.01	171	430236	买盘
13:00:06	25.15	-0.03	119	299285	卖盘
13:00:03	25.18	0.07	803	2021954	买盘
13:00:00	25.11	--	0	0	卖盘
11:30:00	25.11	0.01	13	32643	买盘
11:29:54	25.1	--	37	92870	卖盘
11:29:51	25.1	0.04	112	281120	买盘
11:29:48	25.06	0.02	4	10024	中性盘
11:29:45	25.04	--	71	177784	卖盘
11:29:42	25.04	--	7	17528	卖盘
11:29:39	25.04	0.03	81	202824	买盘
11:29:24	25.01	0.01	41	102541	买盘
11:29:21	25.0	-0.01	5	12500	卖盘
11:29:18	25.01	--	24	60024	买盘
11:29:15	25.01	-0.01	56	140056	卖盘
11:29:12	25.02	--	39	97578	卖盘
11:29:09	25.02	--	74	185148	卖盘
11:29:03	25.02	0.02	59	147618	买盘
11:29:00	25.0	-0.02	93	232500	卖盘
11:28:57	25.02	--	303	758106	买盘
11:28:54	25.02	-0.02	40	100080	中性盘
11:28:51	25.04	--	107	267928	买盘
11:28:48	25.04	--	107	267928	买盘
11:28:42	25.04	-0.09	35	87640	卖盘
11:28:36	25.13	0.08	3	7539	中性盘
11:28:27	25.05	--	52	130260	卖盘
11:28:24	25.05	--	5	12525	卖盘
11:28:15	25.05	0.03	23	57615	买盘
11:28:12	25.02	-0.03	27	67554	中性盘
11:28:09	25.05	--	87	217935	买盘
11:28:06	25.05	--	30	75150	买盘
11:28:03	25.05	-0.06	20	50100	买盘
11:28:00	25.11	0.11	23	57753	卖盘
11:27:57	25.0	0.03	59	147500	买盘
11:27:54	24.97	-0.01	146	364562	卖盘
11:27:51	24.98	-0.09	202	504596	卖盘
11:27:48	25.07	-0.11	21	52647	买盘
11:27:45	25.18	0.08	1084	2729512	买盘
11:27:42	25.1	--	100	251000	卖盘
11:27:39	25.1	0.11	900	2259000	买盘
11:27:33	24.99	-0.01	20	49980	买盘
11:27:24	25.0	--	35	87500	卖盘
11:27:21	25.0	--	100	250000	卖盘
11:27:15	25.0	-0.01	12	30000	卖盘
11:27:12	25.01	0.01	3	7503	卖盘
11:27:09	25.0	-0.05	27	67500	卖盘
11:27:06	25.05	0.05	95	237975	买盘
11:27:00	25.0	--	33	82500	卖盘
11:26:57	25.0	-0.03	121	302500	卖盘
11:26:54	25.03	-0.01	11	27533	卖盘
11:26:51	25.04	--	15	37560	卖盘
11:26:48	25.04	0.03	76	190304	买盘
11:26:45	25.01	--	1	2501	卖盘
11:26:42	25.01	-0.01	35	87535	卖盘
11:26:39	25.02	--	27	67554	卖盘
11:26:30	25.02	0.01	16	40032	买盘
11:26:27	25.01	-0.01	27	67527	卖盘
11:26:24	25.02	0.01	13	32526	买盘
11:26:21	25.01	0.01	64	160064	卖盘
11:26:18	25.0	--	121	302500	卖盘
11:26:15	25.0	--	2	5000	卖盘
11:26:12	25.0	--	16	40000	卖盘
11:26:09	25.0	0.02	36	90000	中性盘
11:26:06	24.98	-0.02	106	264788	卖盘
11:26:00	25.0	--	33	82500	卖盘
11:25:57	25.0	0.02	107	267500	买盘
11:25:54	24.98	0.01	20	49960	买盘
11:25:48	24.97	0.02	22	54934	买盘
11:25:45	24.95	0.01	8	19960	卖盘
11:25:42	24.94	0.01	21	52374	买盘
11:25:39	24.93	--	12	29916	卖盘
11:25:36	24.93	--	28	69804	卖盘
11:25:30	24.93	--	12	29916	卖盘
11:25:27	24.93	0.02	43	107199	买盘
11:25:24	24.91	-0.02	33	82203	卖盘
11:25:21	24.93	0.02	5	12465	买盘
11:25:15	24.91	-0.02	3	7473	卖盘
11:25:12	24.93	0.03	2	4986	买盘
11:25:09	24.9	--	17	42330	卖盘
11:25:03	24.9	--	13	32369	卖盘
11:25:00	24.9	--	3	7470	买盘
11:24:57	24.9	--	3	7470	买盘
11:24:54	24.9	0.03	12	29880	中性盘
11:24:48	24.87	-0.07	6	14922	卖盘
11:24:45	24.94	0.04	100	249400	买盘
11:24:42	24.9	0.03	8	19920	中性盘
11:24:36	24.87	-0.01	106	263622	卖盘
11:24:33	24.88	-0.02	6	14928	卖盘
11:24:24	24.9	-0.02	200	498000	卖盘
11:24:21	24.92	-0.04	2	4984	中性盘
11:24:18	24.96	0.06	100	249600	买盘
11:24:12	24.9	-0.06	200	498000	卖盘
11:24:09	24.96	--	12	29952	卖盘
11:24:03	24.96	--	5	12480	卖盘
11:24:00	24.96	0.02	21	52416	买盘
11:23:51	24.94	-0.02	3	7482	买盘
11:23:48	24.96	0.02	14	34944	买盘
11:23:45	24.94	--	7	17458	卖盘
11:23:42	24.94	-0.02	2	4988	卖盘
11:23:39	24.96	--	1	2496	中性盘
11:23:36	24.96	-0.02	17	42432	卖盘
11:23:33	24.98	0.02	21	52458	买盘
11:23:30	24.96	--	24	59904	卖盘
11:23:27	24.96	-0.02	10	24960	卖盘
11:23:24	24.98	0.02	3	7494	买盘
11:23:18	24.96	0.01	10	24960	卖盘
11:23:15	24.95	0.02	7	17465	买盘
11:23:12	24.93	-0.02	9	22437	卖盘
11:23:06	24.95	0.02	7	17465	买盘
11:23:00	24.93	-0.01	39	97227	卖盘
11:22:57	24.94	-0.04	20	49880	中性盘
11:22:54	24.98	-0.02	1	2498	买盘
11:22:51	25.0	--	100	250000	买盘
11:22:48	25.0	0.01	118	295000	买盘
11:22:45	24.99	0.06	5	12495	买盘
11:22:42	24.93	--	17	42381	卖盘
11:22:39	24.93	0.01	1	2493	卖盘
11:22:36	24.92	--	5	12460	卖盘
11:22:27	24.92	0.08	12	29904	买盘
11:22:24	24.84	0.01	10	24840	中性盘
11:22:15	24.83	-0.01	14	34762	卖盘
11:22:12	24.84	-0.02	51	126684	卖盘
11:22:09	24.86	-0.03	8	19888	卖盘
11:22:06	24.89	-0.01	146	363394	卖盘
11:22:03	24.9	-0.05	265	659850	卖盘
11:22:00	24.95	0.03	106	264470	买盘
11:21:54	24.92	-0.02	8	19936	卖盘
11:21:45	24.94	-0.01	5	12470	卖盘
11:21:42	24.95	-0.03	105	261975	卖盘
11:21:39	24.98	0.02	1	2498	买盘
11:21:36	24.96	-0.01	14	34944	卖盘
11:21:33	24.97	-0.01	36	89892	卖盘
11:21:27	24.98	--	2	4996	买盘
11:21:24	24.98	0.01	10	24980	买盘
11:21:21	24.97	-0.01	14	34958	卖盘
11:21:18	24.98	--	24	59952	卖盘
11:21:15	24.98	-0.03	5	12490	卖盘
11:21:12	25.01	--	1	2501	买盘
11:21:09	25.01	--	49	122549	卖盘
11:21:06	25.01	-0.01	63	157563	卖盘
11:21:03	25.02	--	44	110088	买盘
11:21:00	25.02	-0.01	15	37530	卖盘
11:20:57	25.03	0.01	12	30036	中性盘
11:20:51	25.02	-0.02	4	10008	卖盘
11:20:45	25.04	--	5	12520	中性盘
11:20:36	25.04	--	16	40064	卖盘
11:20:33	25.04	0.02	29	72616	买盘
11:20:30	25.02	0.01	7	17514	中性盘
11:20:27	25.01	-0.03	48	120048	卖盘
11:20:24	25.04	--	13	32552	买盘
11:20:21	25.04	-0.01	108	270432	卖盘
11:20:18	25.05	0.03	46	115230	中性盘
11:20:15	25.02	-0.01	2	5004	买盘
11:20:12	25.03	-0.01	39	97617	卖盘
11:20:09	25.04	0.01	114	285456	中性盘
11:20:06	25.03	-0.01	13	32539	卖盘
11:20:03	25.04	0.01	24	60096	买盘
11:19:57	25.03	0.01	11	27533	买盘
11:19:54	25.02	0.02	12	30024	买盘
11:19:51	25.0	--	10	25000	卖盘
11:19:45	25.0	0.02	235	587500	买盘
11:19:42	24.98	-0.02	5	12490	中性盘
11:19:39	25.0	--	390	975000	买盘
11:19:36	25.0	0.07	300	750000	买盘
11:19:30	24.93	-0.02	228	568404	中性盘
11:19:27	24.95	--	300	748500	买盘
11:19:24	24.95	0.01	354	883230	买盘
11:19:21	24.94	0.02	100	249400	买盘
11:19:18	24.92	-0.01	155	386260	卖盘
11:19:12	24.93	-0.01	6	14958	卖盘
11:19:09	24.94	0.01	13	32422	买盘
11:19:06	24.93	--	4	9972	买盘
11:19:03	24.93	--	8	19944	买盘
11:19:00	24.93	0.01	21	52353	买盘
11:18:54	24.92	0.01	104	259168	买盘
11:18:51	24.91	--	25	62275	卖盘
11:18:48	24.91	--	63	156933	卖盘
11:18:36	24.91	0.03	55	137005	买盘
11:18:30	24.88	-0.02	100	248800	卖盘
11:18:21	24.9	--	34	84660	买盘
11:18:12	24.9	0.01	31	77190	买盘
11:18:09	24.89	--	81	201609	卖盘
11:18:06	24.89	-0.01	8	19912	卖盘
11:18:00	24.9	0.01	14	34860	买盘
11:17:54	24.89	0.01	222	552558	买盘
11:17:51	24.88	--	10	24880	卖盘
11:17:48	24.88	--	62	154256	买盘
11:17:39	24.88	0.05	13	32344	买盘
11:17:33	24.83	-0.06	60	148980	卖盘
11:17:21	24.89	--	112	278768	买盘
11:17:18	24.89	0.06	13	32357	买盘
11:17:15	24.83	-0.06	15	37245	卖盘
11:17:09	24.89	0.06	4	9956	买盘
11:17:03	24.83	-0.06	23	57108	卖盘
11:16:57	24.89	--	27	67203	买盘
11:16:51	24.89	--	2	4978	买盘
11:16:48	24.89	--	3	7467	买盘
11:16:45	24.89	--	2	4978	买盘
11:16:39	24.89	--	14	34846	买盘
11:16:33	24.89	0.07	1	2489	买盘
11:16:27	24.82	--	4	9928	卖盘
11:16:24	24.82	--	6	14892	卖盘
11:16:18	24.82	-0.07	10	24820	卖盘
11:16:15	24.89	0.08	13	32357	买盘
11:16:03	24.81	-0.08	76	188556	卖盘
11:16:00	24.89	--	12	29868	买盘
11:15:54	24.89	--	13	32357	买盘
11:15:51	24.89	--	5	12445	买盘
11:15:48	24.89	--	4	9956	买盘
11:15:42	24.89	--	9	22401	买盘
11:15:30	24.89	--	28	69692	买盘
11:15:18	24.89	0.08	10	24890	买盘
11:15:15	24.81	--	13	32253	买盘
11:15:09	24.81	-0.08	37	91797	卖盘
11:15:06	24.89	--	80	199120	中性盘
11:15:03	24.89	-0.01	7	17423	卖盘
11:15:00	24.9	0.03	10	24900	买盘
11:14:57	24.87	-0.02	283	703821	卖盘
11:14:54	24.89	-0.01	10	24890	卖盘
11:14:51	24.9	--	20	49800	买盘
11:14:48	24.9	--	30	74700	买盘
11:14:45	24.9	--	103	256469	买盘
11:14:42	24.9	--	602	1498980	买盘
11:14:36	24.9	0.01	20	49800	买盘
11:14:33	24.89	--	1	2489	买盘
11:14:30	24.89	--	17	42313	买盘
11:14:27	24.89	-0.01	4	9956	卖盘
11:14:24	24.9	--	9	22410	买盘
11:14:12	24.9	0.01	51	126990	买盘
11:14:09	24.89	-0.01	61	151829	卖盘
11:14:03	24.9	0.01	52	129479	买盘
11:14:00	24.89	--	111	276279	卖盘
11:13:54	24.89	--	1	2489	卖盘
11:13:42	24.89	--	21	52269	卖盘
11:13:39	24.89	--	5	12445	卖盘
11:13:36	24.89	--	15	37335	卖盘
11:13:33	24.89	--	1	2489	卖盘
11:13:27	24.89	--	107	266323	卖盘
11:13:24	24.89	--	25	62225	卖盘
11:13:21	24.89	0.02	217	540113	买盘
11:13:15	24.87	0.05	10	24870	中性盘
11:13:06	24.82	-0.05	5	12410	卖盘
11:13:03	24.87	-0.01	3	7461	中性盘
11:12:54	24.88	0.06	442	1099696	买盘
11:12:45	24.82	--	5	12410	卖盘
11:12:27	24.82	-0.01	52	129064	卖盘
11:12:12	24.83	-0.03	2	4966	中性盘
11:12:03	24.86	0.03	122	303292	买盘
11:11:54	24.83	0.01	1	3798	买盘
11:11:48	24.82	--	5	12410	卖盘
11:11:39	24.82	0.01	6	14892	买盘
11:11:36	24.81	--	10	24810	卖盘
11:11:33	24.81	--	3	7443	卖盘
11:11:24	24.81	-0.02	1	2481	卖盘
11:11:15	24.83	--	14	34762	买盘
11:11:12	24.83	0.02	12	29795	买盘
11:11:09	24.81	-0.02	2	4962	卖盘
11:11:06	24.83	0.01	29	72007	买盘
11:11:03	24.82	0.01	32	79424	买盘
11:11:00	24.81	-0.01	2	4962	卖盘
11:10:57	24.82	--	5	12410	买盘
11:10:54	24.82	--	1	2482	买盘
11:10:48	24.82	--	3	7446	买盘
11:10:45	24.82	--	20	49640	买盘
11:10:39	24.82	0.03	2	4964	买盘
11:10:36	24.79	--	2	4958	卖盘
11:10:24	24.79	-0.01	130	322270	卖盘
11:10:21	24.8	--	2	4960	卖盘
11:10:18	24.8	0.01	57	141360	买盘
11:10:15	24.79	--	10	24790	卖盘
11:10:12	24.79	-0.01	29	71891	卖盘
11:10:09	24.8	0.01	12	29760	买盘
11:10:06	24.79	--	15	37185	卖盘
11:09:57	24.79	--	50	123950	卖盘
11:09:54	24.79	0.03	64	158656	买盘
11:09:48	24.76	--	17	42092	卖盘
11:09:45	24.76	0.02	119	294644	买盘
11:09:39	24.74	--	110	272140	买盘
11:09:36	24.74	--	1	2474	买盘
11:09:30	24.74	-0.01	29	71746	卖盘
11:09:24	24.75	--	6	14850	买盘
11:09:21	24.75	-0.01	30	74250	卖盘
11:09:18	24.76	--	22	54472	买盘
11:09:15	24.76	--	2	4952	卖盘
11:09:12	24.76	-0.01	8	19808	卖盘
11:09:09	24.77	0.01	21	52017	买盘
11:09:06	24.76	--	20	49520	卖盘
11:09:00	24.76	-0.01	23	56948	卖盘
11:08:57	24.77	-0.01	6	14862	卖盘
11:08:51	24.78	0.01	9	22302	买盘
11:08:48	24.77	-0.01	4	9908	卖盘
11:08:45	24.78	--	2	4956	买盘
11:08:42	24.78	-0.02	154	381612	卖盘
11:08:39	24.8	--	5	12400	卖盘
11:08:36	24.8	--	2	4960	卖盘
11:08:30	24.8	--	11	27280	买盘
11:08:27	24.8	0.01	19	47120	买盘
11:08:24	24.79	-0.01	1	2479	卖盘
11:08:21	24.8	0.01	2	4960	买盘
11:08:15	24.79	-0.01	3	7437	中性盘
11:08:09	24.8	-0.03	2	4960	中性盘
11:07:57	24.83	0.03	10	24830	买盘
11:07:54	24.8	-0.03	2	4960	中性盘
11:07:48	24.83	0.06	6	14897	买盘
11:07:45	24.77	-0.06	9	22293	卖盘
11:07:39	24.83	-0.01	2	4966	中性盘
11:07:21	24.84	-0.03	1	2484	买盘
11:07:12	24.87	0.12	10	24870	买盘
11:07:03	24.75	-0.1	201	497475	卖盘
11:07:00	24.85	-0.02	57	141645	卖盘
11:06:57	24.87	0.02	1	2487	买盘
11:06:51	24.85	--	1	2485	买盘
11:06:48	24.85	--	23	57155	买盘
11:06:45	24.85	--	17	42245	买盘
11:06:42	24.85	--	2	4970	买盘
11:06:39	24.85	--	21	52185	买盘
11:06:30	24.85	--	6	14910	买盘
11:06:21	24.85	-0.02	7	17395	卖盘
11:06:18	24.87	0.02	5	12435	买盘
11:06:12	24.85	-0.03	4	9940	卖盘
11:06:03	24.88	--	1	2488	买盘
11:06:00	24.88	--	7	17416	买盘
11:05:57	24.88	0.01	14	34832	买盘
11:05:54	24.87	-0.01	1	2487	中性盘
11:05:51	24.88	--	9	22392	买盘
11:05:48	24.88	--	15	37320	买盘
11:05:42	24.88	-0.01	20	49760	中性盘
11:05:39	24.89	0.01	130	323570	买盘
11:05:36	24.88	0.18	12	29856	买盘
11:05:33	24.7	-0.18	32	79040	卖盘
11:05:30	24.88	0.03	13	32344	买盘
11:05:27	24.85	--	301	747985	卖盘
11:05:24	24.85	-0.03	2	4970	卖盘
11:05:21	24.88	--	35	87080	买盘
11:05:18	24.88	0.03	13	32344	中性盘
11:05:15	24.85	--	9	22365	卖盘
11:05:12	24.85	-0.03	24	59640	卖盘
11:05:09	24.88	--	7	17416	买盘
11:05:06	24.88	0.03	12	29856	买盘
11:05:00	24.85	-0.03	118	293230	卖盘
11:04:57	24.88	--	5	12440	买盘
11:04:54	24.88	--	13	32344	买盘
11:04:51	24.88	-0.01	334	830992	卖盘
11:04:48	24.89	--	10	24890	买盘
11:04:45	24.89	--	91	226499	买盘
11:04:42	24.89	0.01	1	2489	买盘
11:04:39	24.88	0.03	20	49760	中性盘
11:04:33	24.85	-0.04	209	519365	卖盘
11:04:30	24.89	--	1	2489	买盘
11:04:27	24.89	--	72	179208	卖盘
11:04:24	24.89	--	12	29868	卖盘
11:04:21	24.89	--	2	4978	卖盘
11:04:18	24.89	-0.01	66	164274	买盘
11:04:12	24.9	0.01	9	22410	买盘
11:04:09	24.89	--	3	7467	中性盘
11:04:06	24.89	-0.01	21	52269	卖盘
11:04:00	24.9	--	40	99600	买盘
11:03:51	24.9	0.04	55	136950	买盘
11:03:48	24.86	-0.03	100	248600	卖盘
11:03:45	24.89	-0.01	1	2489	中性盘
11:03:42	24.9	0.02	67	166830	买盘
11:03:39	24.88	--	3	7464	卖盘
11:03:36	24.88	--	11	27368	买盘
11:03:24	24.88	0.01	42	104496	买盘
11:03:21	24.87	--	13	32331	卖盘
11:03:18	24.87	--	2	4974	卖盘
11:03:15	24.87	--	8	19896	卖盘
11:03:09	24.87	-0.01	3	7461	卖盘
11:03:06	24.88	--	1	2488	买盘
11:03:03	24.88	--	5	12440	买盘
11:02:57	24.88	--	20	49760	卖盘
11:02:54	24.88	-0.01	20	49760	卖盘
11:02:51	24.89	--	36	89604	买盘
11:02:48	24.89	--	29	72181	买盘
11:02:39	24.89	--	6	14934	买盘
11:02:36	24.89	0.01	2	4978	买盘
11:02:33	24.88	-0.01	12	29856	卖盘
11:02:30	24.89	--	31	77159	卖盘
11:02:24	24.89	-0.01	3	7467	卖盘
11:02:21	24.9	0.01	6	14940	买盘
11:02:18	24.89	--	38	94582	卖盘
11:02:15	24.89	--	6	14934	卖盘
11:02:12	24.89	--	71	176719	买盘
11:02:09	24.89	--	1	2489	买盘
11:02:06	24.89	--	8	19912	买盘
11:02:03	24.89	0.01	1	2489	买盘
11:02:00	24.88	-0.01	2	4976	卖盘
11:01:54	24.89	0.03	20	49780	买盘
11:01:45	24.86	-0.01	274	681164	卖盘
11:01:42	24.87	--	51	126837	卖盘
11:01:39	24.87	--	2	4974	卖盘
11:01:36	24.87	--	2	4974	卖盘
11:01:33	24.87	--	10	24870	卖盘
11:01:30	24.87	-0.01	1	2487	卖盘
11:01:27	24.88	0.01	1	2488	买盘
11:01:24	24.87	--	17	42279	卖盘
11:01:21	24.87	--	31	77097	卖盘
11:01:18	24.87	--	5	12435	卖盘
11:01:12	24.87	--	3	7461	卖盘
11:01:09	24.87	0.01	48	119376	买盘
11:01:06	24.86	--	5	12430	卖盘
11:01:03	24.86	-0.01	2	4972	卖盘
11:00:57	24.87	--	12	29844	买盘
11:00:54	24.87	-0.01	164	407868	卖盘
11:00:51	24.88	-0.02	13	32344	卖盘
11:00:45	24.9	0.02	57	141930	买盘
11:00:42	24.88	--	1	2488	买盘
11:00:36	24.88	-0.01	263	654344	卖盘
11:00:33	24.89	-0.01	12	29868	卖盘
11:00:30	24.9	--	49	122010	中性盘
11:00:27	24.9	--	39	97110	买盘
11:00:21	24.9	--	6	14940	买盘
11:00:18	24.9	--	10	24900	买盘
11:00:15	24.9	--	20	49800	买盘
11:00:12	24.9	--	7	17430	买盘
11:00:09	24.9	--	13	32369	买盘
11:00:06	24.9	--	38	94620	买盘
11:00:03	24.9	--	57	141930	卖盘
10:59:54	24.9	0.01	64	159360	买盘
10:59:45	24.89	-0.01	30	74670	卖盘
10:59:42	24.9	--	4	9960	买盘
10:59:39	24.9	-0.01	14	34860	卖盘
10:59:36	24.91	--	43	107113	买盘
10:59:33	24.91	--	24	59784	买盘
10:59:30	24.91	--	14	34874	买盘
10:59:27	24.91	--	1	2491	买盘
10:59:24	24.91	-0.01	32	79712	卖盘
10:59:21	24.92	0.01	14	34888	买盘
10:59:18	24.91	--	5	12455	卖盘
10:59:15	24.91	--	30	74730	卖盘
10:59:12	24.91	--	2	4982	卖盘
10:59:09	24.91	-0.01	60	149460	卖盘
10:59:03	24.92	0.01	2	4984	买盘
10:59:00	24.91	--	6	14946	卖盘
10:58:57	24.91	--	6	14946	卖盘
10:58:54	24.91	--	58	144478	卖盘
10:58:51	24.91	-0.01	10	24910	卖盘
10:58:48	24.92	0.01	1	2492	买盘
10:58:45	24.91	-0.01	3	7473	卖盘
10:58:42	24.92	--	6	14952	买盘
10:58:39	24.92	0.01	35	87220	买盘
10:58:33	24.91	-0.01	22	54802	卖盘
10:58:27	24.92	0.01	30	74760	买盘
10:58:18	24.91	--	4	9964	卖盘
10:58:15	24.91	--	47	117077	卖盘
10:58:12	24.91	--	5	12455	卖盘
10:58:06	24.91	--	7	17437	卖盘
10:58:03	24.91	0.01	50	124550	买盘
10:57:57	24.9	-0.01	1	2490	卖盘
10:57:54	24.91	0.02	5	12455	买盘
10:57:48	24.89	-0.01	10	24890	卖盘
10:57:45	24.9	--	31	77190	买盘
10:57:42	24.9	--	61	151890	买盘
10:57:36	24.9	--	17	42330	买盘
10:57:33	24.9	--	15	37350	买盘
10:57:30	24.9	--	72	179280	买盘
10:57:27	24.9	0.01	10	24900	买盘
10:57:24	24.89	-0.01	32	79648	卖盘
10:57:21	24.9	--	12	29880	买盘
10:57:09	24.9	--	19	47310	卖盘
10:57:06	24.9	-0.01	52	129479	卖盘
10:57:00	24.91	0.03	21	52311	买盘
10:56:51	24.88	-0.02	20	49760	卖盘
10:56:48	24.9	--	7	17430	买盘
10:56:42	24.9	--	6	14940	买盘
10:56:36	24.9	-0.02	20	49800	卖盘
10:56:33	24.92	0.02	29	72268	买盘
10:56:30	24.9	0.02	1	2490	中性盘
10:56:21	24.88	-0.02	1	2488	卖盘
10:56:18	24.9	-0.03	10	24900	中性盘
10:56:15	24.93	0.06	57	142101	买盘
10:56:12	24.87	-0.02	30	74610	卖盘
10:56:09	24.89	0.01	2	4978	买盘
10:56:06	24.88	--	23	57224	买盘
10:56:03	24.88	--	7	17416	买盘
10:56:00	24.88	--	2	4976	买盘
10:55:57	24.88	--	103	256264	卖盘
10:55:54	24.88	-0.01	3	7464	中性盘
10:55:51	24.89	0.01	45	112005	买盘
10:55:42	24.88	--	24	59712	买盘
10:55:39	24.88	--	1	2488	买盘
10:55:36	24.88	0.02	43	106984	买盘
10:55:33	24.86	--	99	246114	买盘
10:55:30	24.86	--	157	390302	买盘
10:55:27	24.86	--	20	49720	买盘
10:55:24	24.86	0.01	25	62150	买盘
10:55:21	24.85	--	9	22365	买盘
10:55:15	24.85	0.01	6	14910	买盘
10:55:12	24.84	0.01	3	7452	买盘
10:55:09	24.83	0.01	5	12415	买盘
10:55:06	24.82	0.01	1	2482	买盘
10:55:00	24.81	0.01	2	4962	买盘
10:54:57	24.8	0.02	136	337280	买盘
10:54:51	24.78	--	55	136290	买盘
10:54:48	24.78	0.03	2	4956	买盘
10:54:42	24.75	--	20	49500	卖盘
10:54:39	24.75	0.01	1103	2729925	买盘
10:54:36	24.74	--	6	14843	买盘
10:54:24	24.74	0.04	20	49480	买盘
10:54:21	24.7	--	13	32110	买盘
10:54:18	24.7	-0.02	56	138320	卖盘
10:54:15	24.72	-0.01	5	12360	卖盘
10:54:09	24.73	--	5	12365	买盘
10:54:03	24.73	--	2	4946	买盘
10:54:00	24.73	0.03	13	32149	买盘
10:53:57	24.7	--	11	27170	买盘
10:53:54	24.7	--	5	12350	买盘
10:53:51	24.7	0.02	11	27170	卖盘
10:53:48	24.68	-0.05	404	997072	卖盘
10:53:45	24.73	--	17	42041	买盘
10:53:39	24.73	0.03	13	32149	买盘
10:53:30	24.7	-0.03	3	7410	中性盘
10:53:27	24.73	0.01	10	24730	买盘
10:53:24	24.72	-0.01	13	32136	中性盘
10:53:18	24.73	0.04	28	69244	买盘
10:53:15	24.69	-0.04	12	29628	卖盘
10:53:12	24.73	0.04	46	113758	买盘
10:53:09	24.69	0.01	4	9876	卖盘
10:53:06	24.68	--	4	9872	卖盘
10:53:00	24.68	--	299	737932	买盘
10:52:57	24.68	--	13	32084	买盘
10:52:51	24.68	-0.02	778	1920104	卖盘
10:52:48	24.7	--	199	491530	买盘
10:52:45	24.7	--	20	49400	买盘
10:52:39	24.7	-0.03	3	7410	卖盘
10:52:36	24.73	0.05	15	37095	买盘
10:52:27	24.68	-0.02	13	32084	卖盘
10:52:21	24.7	0.02	9	22230	买盘
10:52:18	24.68	--	48	118464	买盘
10:52:12	24.68	-0.03	83	204844	卖盘
10:52:09	24.71	0.03	2	4942	买盘
10:52:06	24.68	--	171	422028	买盘
10:52:03	24.68	-0.02	2	4936	买盘
10:52:00	24.7	--	208	513760	卖盘
10:51:54	24.7	0.03	125	308750	买盘
10:51:45	24.67	--	30	74010	卖盘
10:51:42	24.67	--	46	113482	买盘
10:51:39	24.67	--	14	34538	买盘
10:51:36	24.67	-0.03	1	2467	卖盘
10:51:33	24.7	0.02	176	434720	买盘
10:51:21	24.68	0.01	23	56764	买盘
10:51:15	24.67	--	5	12335	卖盘
10:51:12	24.67	0.03	14	34538	卖盘
10:51:09	24.64	-0.02	4	9856	卖盘
10:51:06	24.66	-0.01	3	7398	买盘
10:51:03	24.67	0.03	5	12335	买盘
10:51:00	24.64	-0.03	15	36960	卖盘
10:50:54	24.67	0.03	10	24670	买盘
10:50:48	24.64	-0.03	14	34496	卖盘
10:50:45	24.67	0.03	13	32071	买盘
10:50:42	24.64	--	2	4928	卖盘
10:50:24	24.64	-0.04	2	4928	卖盘
10:50:15	24.68	0.05	6	14808	买盘
10:50:00	24.63	-0.06	6	14778	中性盘
10:49:45	24.69	0.08	49	120981	买盘
10:49:42	24.61	-0.02	223	548803	卖盘
10:49:39	24.63	0.02	50	123150	买盘
10:49:33	24.61	--	9	22149	买盘
10:49:30	24.61	--	10	24610	买盘
10:49:27	24.61	-0.02	71	174731	卖盘
10:49:18	24.63	0.01	5	12315	买盘
10:49:15	24.62	--	2	4924	买盘
10:49:12	24.62	-0.01	49	120638	卖盘
10:49:09	24.63	--	10	24630	买盘
10:49:00	24.63	0.01	10	24630	买盘
10:48:57	24.62	-0.08	59	145258	卖盘
10:48:51	24.7	--	11	27170	买盘
10:48:48	24.7	0.07	10	24700	买盘
10:48:42	24.63	--	2	4926	卖盘
10:48:36	24.63	--	2	4926	卖盘
10:48:33	24.63	0.01	2	4926	买盘
10:48:30	24.62	--	3	7386	卖盘
10:48:24	24.62	-0.01	200	492400	卖盘
10:48:21	24.63	-0.06	269	662547	卖盘
10:48:18	24.69	-0.01	11	27159	中性盘
10:48:12	24.7	--	1	2470	买盘
10:48:00	24.7	--	10	24700	买盘
10:47:57	24.7	-0.01	57	140790	卖盘
10:47:48	24.71	0.01	1	2471	买盘
10:47:45	24.7	--	39	96330	卖盘
10:47:42	24.7	--	112	276640	卖盘
10:47:33	24.7	0.07	44	108680	买盘
10:47:30	24.63	--	1	2463	买盘
10:47:27	24.63	0.01	7	17241	卖盘
10:47:24	24.62	-0.01	83	204346	卖盘
10:47:18	24.63	-0.07	1	2463	中性盘
10:47:09	24.7	0.08	2	4940	买盘
10:47:06	24.62	-0.08	3	7386	卖盘
10:46:57	24.7	0.08	3	7410	买盘
10:46:51	24.62	-0.08	509	1253158	卖盘
10:46:42	24.7	--	1	2470	买盘
10:46:33	24.7	0.03	5	12350	买盘
10:46:21	24.67	-0.05	1	2467	中性盘
10:46:09	24.72	--	1	2472	买盘
10:46:06	24.72	0.01	310	766320	买盘
10:46:03	24.71	--	28	69188	卖盘
10:46:00	24.71	0.01	20	49420	中性盘
10:45:57	24.7	-0.02	1	2470	卖盘
10:45:45	24.72	--	4	9888	买盘
10:45:42	24.72	--	1	2472	中性盘
10:45:39	24.72	0.02	2	4944	买盘
10:45:30	24.7	-0.02	8	19760	卖盘
10:45:27	24.72	--	3	7416	买盘
10:45:21	24.72	--	7	17304	买盘
10:45:18	24.72	--	15	37080	卖盘
10:45:12	24.72	0.02	17	42024	买盘
10:45:09	24.7	-0.01	28	69160	卖盘
10:45:03	24.71	--	44	108724	卖盘
10:44:57	24.71	-0.01	20	49420	卖盘
10:44:48	24.72	-0.01	1	2472	卖盘
10:44:42	24.73	0.01	15	37095	买盘
10:44:39	24.72	--	50	123600	买盘
10:44:30	24.72	0.01	30	74160	中性盘
10:44:27	24.71	-0.03	38	93898	卖盘
10:44:24	24.74	0.03	13	32161	买盘
10:44:21	24.71	--	102	252042	卖盘
10:44:18	24.71	--	18	44478	卖盘
10:44:09	24.71	-0.03	103	254513	卖盘
10:44:06	24.74	--	6	14843	买盘
10:44:03	24.74	0.02	6	14843	买盘
10:44:00	24.72	-0.02	2	4944	卖盘
10:43:51	24.74	--	14	34636	买盘
10:43:48	24.74	--	4	9896	买盘
10:43:36	24.74	--	6	14843	卖盘
10:43:33	24.74	--	7	17318	卖盘
10:43:27	24.74	--	8	19792	卖盘
10:43:21	24.74	-0.01	13	32161	卖盘
10:43:18	24.75	--	39	96525	买盘
10:43:15	24.75	0.01	10	24750	买盘
10:43:03	24.74	0.04	90	222660	买盘
10:43:00	24.7	--	3	7410	买盘
10:42:54	24.7	0.06	78	192660	买盘
10:42:51	24.64	-0.06	4	9856	卖盘
10:42:48	24.7	0.08	1	2470	买盘
10:42:42	24.62	-0.08	10	24620	卖盘
10:42:39	24.7	0.08	1	2470	买盘
10:42:30	24.62	--	68	167416	卖盘
10:42:27	24.62	-0.08	2	4924	卖盘
10:42:24	24.7	-0.03	3	7410	中性盘
10:42:18	24.73	0.11	10	24730	买盘
10:42:15	24.62	0.02	5	12310	中性盘
10:42:03	24.6	--	19	48904	买盘
10:42:00	24.6	--	156	383760	买盘
10:41:57	24.6	--	7	17220	买盘
10:41:54	24.6	-0.13	618	1520575	卖盘
10:41:51	24.73	0.1	8	19784	买盘
10:41:36	24.63	-0.1	300	738900	卖盘
10:41:30	24.73	0.06	200	494600	买盘
10:41:27	24.67	--	3	7401	买盘
10:41:21	24.67	-0.04	27	66609	卖盘
10:41:12	24.71	0.05	1	2471	买盘
10:41:03	24.66	-0.06	102	251532	卖盘
10:41:00	24.72	0.05	25	61800	买盘
10:40:57	24.67	-0.02	12	29604	卖盘
10:40:54	24.69	0.02	5	12345	中性盘
10:40:51	24.67	-0.03	17	41939	卖盘
10:40:45	24.7	0.01	6	14820	买盘
10:40:42	24.69	--	7	17283	买盘
10:40:39	24.69	0.02	11	27159	买盘
10:40:36	24.67	-0.03	100	246700	卖盘
10:40:33	24.7	--	19	46930	买盘
10:40:30	24.7	--	3	7410	买盘
10:40:27	24.7	0.01	30	74100	买盘
10:40:24	24.69	-0.01	15	37035	卖盘
10:40:15	24.7	0.02	36	88920	买盘
10:40:12	24.68	--	16	39488	买盘
10:40:09	24.68	-0.01	1	2468	卖盘
10:40:06	24.69	0.02	25	61725	买盘
10:40:03	24.67	--	60	148020	卖盘
10:39:48	24.67	-0.02	7	17269	卖盘
10:39:45	24.69	0.01	5	12345	买盘
10:39:42	24.68	0.02	20	49360	买盘
10:39:39	24.66	-0.01	71	175086	卖盘
10:39:36	24.67	--	7	17269	中性盘
10:39:33	24.67	-0.02	5	12335	卖盘
10:39:27	24.69	0.03	11	27159	买盘
10:39:18	24.66	--	2	4932	卖盘
10:39:15	24.66	--	6	14796	卖盘
10:39:12	24.66	--	28	69048	买盘
10:39:09	24.66	0.01	2	4932	买盘
10:39:03	24.65	--	2	4930	买盘
10:39:00	24.65	--	4	9860	买盘
10:38:54	24.65	0.01	6	14790	买盘
10:38:51	24.64	--	4	9856	卖盘
10:38:48	24.64	--	57	140448	卖盘
10:38:45	24.64	0.01	29	71456	买盘
10:38:42	24.63	--	12	29556	卖盘
10:38:39	24.63	--	31	76353	卖盘
10:38:36	24.63	--	13	32019	卖盘
10:38:33	24.63	-0.01	5	12315	卖盘
10:38:30	24.64	--	5	12320	买盘
10:38:27	24.64	--	14	34496	买盘
10:38:24	24.64	0.01	1	2464	买盘
10:38:21	24.63	--	10	24630	卖盘
10:38:18	24.63	0.01	106	261078	买盘
10:38:12	24.62	--	23	56626	卖盘
10:38:09	24.62	-0.01	2	4924	卖盘
10:38:06	24.63	--	2	4926	买盘
10:38:00	24.63	-0.01	4	9852	卖盘
10:37:57	24.64	0.01	45	110880	买盘
10:37:54	24.63	--	10	24630	卖盘
10:37:51	24.63	-0.01	8	19704	卖盘
10:37:39	24.64	--	1	2464	买盘
10:37:36	24.64	--	1	2464	卖盘
10:37:33	24.64	--	25	61600	卖盘
10:37:24	24.64	-0.02	5	12320	卖盘
10:37:21	24.66	0.03	2	4932	买盘
10:37:12	24.63	-0.03	61	150243	卖盘
10:37:06	24.66	--	18	44388	卖盘
10:36:45	24.66	-0.03	20	49320	卖盘
10:36:42	24.69	--	1	2469	买盘
10:36:33	24.69	--	1	2469	买盘
10:36:30	24.69	--	1	2469	中性盘
10:36:21	24.69	--	10	24690	卖盘
10:36:12	24.69	0.02	90	222210	买盘
10:36:09	24.67	0.01	7	17269	卖盘
10:36:06	24.66	-0.01	51	125766	卖盘
10:36:00	24.67	0.01	24	59208	买盘
10:35:57	24.66	-0.01	8	19728	卖盘
10:35:51	24.67	0.01	2	4934	买盘
10:35:48	24.66	-0.01	13	32058	卖盘
10:35:42	24.67	--	110	271370	卖盘
10:35:30	24.67	-0.02	4	9868	卖盘
10:35:24	24.69	--	12	29628	买盘
10:35:00	24.69	--	6	14814	买盘
10:34:57	24.69	--	21	51849	买盘
10:34:45	24.69	-0.01	13	32097	卖盘
10:34:42	24.7	--	9	22230	买盘
10:34:39	24.7	0.01	10	24700	买盘
10:34:33	24.69	-0.01	65	160485	卖盘
10:34:18	24.7	--	1	2470	买盘
10:34:15	24.7	--	5	12350	买盘
10:34:12	24.7	-0.03	274	676780	卖盘
10:34:09	24.73	0.01	8	19784	买盘
10:33:57	24.72	--	12	29664	卖盘
10:33:51	24.72	--	13	32136	卖盘
10:33:48	24.72	--	49	121128	买盘
10:33:45	24.72	-0.01	1	2472	中性盘
10:33:39	24.73	0.03	1	2473	买盘
10:33:33	24.7	-0.02	24	59280	卖盘
10:33:24	24.72	--	13	32136	卖盘
10:33:21	24.72	0.02	66	163152	买盘
10:33:18	24.7	-0.01	39	96330	卖盘
10:33:12	24.71	--	5	12355	买盘
10:33:00	24.71	--	3	7413	卖盘
10:32:51	24.71	-0.01	12	29652	卖盘
10:32:45	24.72	-0.01	1	2472	中性盘
10:32:36	24.73	0.02	1	2473	买盘
10:32:33	24.71	0.01	10	24710	中性盘
10:32:24	24.7	--	65	160550	卖盘
10:32:21	24.7	--	3	7410	卖盘
10:32:18	24.7	--	1	2470	卖盘
10:32:15	24.7	--	6	14820	卖盘
10:32:12	24.7	-0.01	16	39520	卖盘
10:32:09	24.71	0.01	15	37065	买盘
10:32:06	24.7	--	15	37050	卖盘
10:32:03	24.7	--	8	19760	卖盘
10:32:00	24.7	--	15	37050	卖盘
10:31:54	24.7	--	2	4940	卖盘
10:31:51	24.7	--	29	71630	卖盘
10:31:45	24.7	--	7	17290	卖盘
10:31:39	24.7	-0.03	1	2470	卖盘
10:31:36	24.73	0.03	3	7419	买盘
10:31:33	24.7	--	4	9880	卖盘
10:31:30	24.7	--	25	61750	卖盘
10:31:27	24.7	-0.03	5	12350	卖盘
10:31:24	24.73	0.03	4	9892	买盘
10:31:15	24.7	-0.03	35	86450	卖盘
10:31:03	24.73	--	24	59352	买盘
10:30:57	24.73	-0.01	24	59352	卖盘
10:30:48	24.74	0.01	5	12370	买盘
10:30:45	24.73	--	14	34622	买盘
10:30:39	24.73	-0.01	1	2473	中性盘
10:30:30	24.74	0.01	14	34636	买盘
10:30:27	24.73	0.03	2	4946	中性盘
10:30:18	24.7	--	40	98800	卖盘
10:30:15	24.7	--	10	24700	卖盘
10:30:00	24.7	-0.04	10	24700	卖盘
10:29:57	24.74	--	2	4948	卖盘
10:29:54	24.74	--	5	12370	卖盘
10:29:51	24.74	--	1	2474	买盘
10:29:45	24.74	--	13	32161	买盘
10:29:42	24.74	--	4	9896	买盘
10:29:39	24.74	-0.01	5	12370	买盘
10:29:30	24.75	--	310	767250	买盘
10:29:27	24.75	0.01	1	2475	买盘
10:29:24	24.74	--	2	4948	卖盘
10:29:18	24.74	--	22	54428	卖盘
10:29:15	24.74	0.02	5	12370	买盘
10:29:12	24.72	-0.02	19	46968	买盘
10:29:09	24.74	0.03	20	49480	买盘
10:29:03	24.71	-0.01	50	123550	卖盘
10:29:00	24.72	--	3	7416	卖盘
10:28:57	24.72	--	72	177984	买盘
10:28:54	24.72	0.01	14	34608	买盘
10:28:48	24.71	--	2	4942	卖盘
10:28:45	24.71	-0.01	1	2471	卖盘
10:28:39	24.72	--	1	2472	买盘
10:28:36	24.72	--	2	4944	买盘
10:28:33	24.72	0.01	13	32136	买盘
10:28:30	24.71	-0.01	7	17297	卖盘
10:28:27	24.72	--	3	7416	买盘
10:28:18	24.72	-0.02	18	44496	卖盘
10:28:15	24.74	--	18	44532	买盘
10:28:06	24.74	0.04	5	12370	买盘
10:28:00	24.7	-0.04	91	224770	卖盘
10:27:57	24.74	-0.01	13	32161	买盘
10:27:54	24.75	0.05	10	24750	买盘
10:27:51	24.7	--	1	2470	买盘
10:27:48	24.7	--	9	22230	买盘
10:27:45	24.7	--	1	2470	买盘
10:27:42	24.7	--	1	2470	卖盘
10:27:36	24.7	-0.05	1	2470	卖盘
10:27:33	24.75	0.04	15	37125	买盘
10:27:30	24.71	--	2	4942	买盘
10:27:24	24.71	--	4	9884	买盘
10:27:21	24.71	-0.04	19	46949	卖盘
10:27:15	24.75	--	20	49500	买盘
10:27:06	24.75	--	9	22275	买盘
10:27:03	24.75	--	1	2475	买盘
10:27:00	24.75	-0.03	61	150975	卖盘
10:26:57	24.78	--	13	32214	买盘
10:26:51	24.78	--	3	7434	买盘
10:26:48	24.78	--	30	74340	买盘
10:26:45	24.78	-0.01	11	27258	卖盘
10:26:42	24.79	--	1	2479	买盘
10:26:39	24.79	--	13	32227	买盘
10:26:36	24.79	--	15	37185	买盘
10:26:33	24.79	0.04	60	148740	买盘
10:26:27	24.75	--	79	195525	卖盘
10:26:24	24.75	--	4	9900	卖盘
10:26:18	24.75	--	2	4950	中性盘
10:26:15	24.75	--	13	32175	买盘
10:26:12	24.75	0.05	34	84150	买盘
10:26:03	24.7	-0.05	39	96330	卖盘
10:25:57	24.75	0.05	13	32175	买盘
10:25:54	24.7	0.05	139	344836	买盘
10:25:51	24.65	--	2	4930	买盘
10:25:48	24.65	--	4	9860	买盘
10:25:45	24.65	-0.01	2	4930	卖盘
10:25:42	24.66	--	2	4932	买盘
10:25:39	24.66	0.01	1	2466	买盘
10:25:36	24.65	--	25	61625	买盘
10:25:33	24.65	--	13	32044	买盘
10:25:21	24.65	--	1	2465	买盘
10:25:15	24.65	--	15	36975	卖盘
10:25:09	24.65	--	31	76415	卖盘
10:25:06	24.65	--	1	2465	卖盘
10:25:00	24.65	0.04	35	86275	买盘
10:24:57	24.61	-0.04	1	2461	卖盘
10:24:54	24.65	0.05	2	4930	买盘
10:24:42	24.6	--	19	46740	卖盘
10:24:39	24.6	--	8	21844	买盘
10:24:36	24.6	--	3	7380	买盘
10:24:33	24.6	0.02	2	4920	买盘
10:24:30	24.58	-0.02	61	149938	卖盘
10:24:27	24.6	--	20	49200	买盘
10:24:24	24.6	0.02	40	98400	买盘
10:24:18	24.58	-0.02	1	2458	卖盘
10:24:12	24.6	--	3	7675	卖盘
10:24:09	24.6	--	5	12300	卖盘
10:24:06	24.6	-0.06	1	2460	卖盘
10:24:03	24.66	0.06	68	167688	买盘
10:24:00	24.6	0.04	135	334264	买盘
10:23:57	24.56	0.01	2	4912	买盘
10:23:51	24.55	-0.01	11	27005	卖盘
10:23:48	24.56	--	149	365944	买盘
10:23:45	24.56	--	41	100696	买盘
10:23:33	24.56	-0.04	18	44208	卖盘
10:23:27	24.6	0.01	29	71340	买盘
10:23:24	24.59	--	18	44262	买盘
10:23:21	24.59	-0.01	4	9836	买盘
10:23:15	24.6	--	20	49200	买盘
10:23:12	24.6	--	42	103320	买盘
10:23:09	24.6	0.04	33	81180	买盘
10:23:03	24.56	-0.04	1	2456	卖盘
10:23:00	24.6	0.04	5	12300	买盘
10:22:54	24.56	-0.04	5	12280	卖盘
10:22:51	24.6	0.05	25	61500	买盘
10:22:48	24.55	--	12	29460	买盘
10:22:45	24.55	-0.04	6	14730	买盘
10:22:42	24.59	--	1003	2466377	买盘
10:22:36	24.59	--	54	132786	买盘
10:22:33	24.59	0.04	13	31967	买盘
10:22:30	24.55	--	36	88380	卖盘
10:22:27	24.55	--	1	2455	卖盘
10:22:24	24.55	--	11	27005	卖盘
10:22:21	24.55	--	4	9820	卖盘
10:22:18	24.55	-0.05	6	14730	卖盘
10:22:15	24.6	0.01	13	31980	买盘
10:22:12	24.59	0.04	99	243441	买盘
10:22:06	24.55	--	4	9820	卖盘
10:22:03	24.55	-0.01	13	31915	卖盘
10:21:57	24.56	0.01	16	39296	买盘
10:21:54	24.55	--	7	17185	卖盘
10:21:51	24.55	--	30	73650	卖盘
10:21:48	24.55	--	24	58920	卖盘
10:21:45	24.55	--	347	851885	卖盘
10:21:42	24.55	-0.01	11	27005	卖盘
10:21:39	24.56	0.01	16	39296	买盘
10:21:36	24.55	--	7	17185	卖盘
10:21:30	24.55	--	3	7365	卖盘
10:21:27	24.55	--	10	24550	卖盘
10:21:24	24.55	-0.01	2	4910	卖盘
10:21:21	24.56	--	13	31928	买盘
10:21:18	24.56	--	5	12280	买盘
10:21:15	24.56	0.01	72	176832	卖盘
10:21:12	24.55	-0.01	19	46645	卖盘
10:21:09	24.56	-0.01	10	24560	买盘
10:21:06	24.57	0.02	11	27027	买盘
10:21:03	24.55	-0.02	373	915715	卖盘
10:21:00	24.57	--	19	46683	买盘
10:20:57	24.57	0.01	8	19656	买盘
10:20:54	24.56	-0.01	6	14736	卖盘
10:20:51	24.57	-0.02	5	12285	中性盘
10:20:45	24.59	--	13	31967	买盘
10:20:42	24.59	0.02	80	196720	买盘
10:20:39	24.57	--	11	27027	卖盘
10:20:36	24.57	-0.01	10	24570	卖盘
10:20:24	24.58	0.02	9	22122	买盘
10:20:21	24.56	--	12	29472	卖盘
10:20:12	24.56	-0.01	82	201392	卖盘
10:20:09	24.57	0.02	5	12285	卖盘
10:20:06	24.55	-0.01	28	68740	卖盘
10:20:03	24.56	--	19	46664	卖盘
10:19:57	24.56	-0.02	300	736800	卖盘
10:19:54	24.58	0.02	36	88488	买盘
10:19:51	24.56	-0.03	18	44208	卖盘
10:19:45	24.59	0.01	19	46721	买盘
10:19:42	24.58	-0.01	27	66366	卖盘
10:19:39	24.59	0.01	23	56557	买盘
10:19:33	24.58	-0.01	32	78656	卖盘
10:19:30	24.59	-0.01	4	9836	卖盘
10:19:27	24.6	--	23	56875	卖盘
10:19:24	24.6	--	84	206640	卖盘
10:19:21	24.6	-0.01	21	51660	卖盘
10:19:18	24.61	0.01	32	78752	买盘
10:19:15	24.6	--	10	24600	卖盘
10:19:12	24.6	-0.01	10	24600	卖盘
10:19:09	24.61	0.01	2	4922	买盘
10:19:06	24.6	--	60	147600	卖盘
10:19:03	24.6	--	42	105484	买盘
10:19:00	24.6	--	23	56580	买盘
10:18:57	24.6	--	23	56580	买盘
10:18:54	24.6	--	9	22435	卖盘
10:18:45	24.6	--	1	4624	买盘
10:18:42	24.6	--	33	81180	买盘
10:18:39	24.6	0.01	1	2460	买盘
10:18:30	24.59	-0.03	50	123245	卖盘
10:18:27	24.62	-0.01	4	9848	卖盘
10:18:24	24.63	0.04	198	489841	买盘
10:18:21	24.59	--	3	7672	卖盘
10:18:18	24.59	--	1	4622	买盘
10:18:15	24.59	--	20	49180	买盘
10:18:09	24.59	--	48	118032	买盘
10:18:06	24.59	--	13	31967	买盘
10:18:03	24.59	--	50	122950	买盘
10:17:57	24.59	-0.03	103	253572	卖盘
10:17:54	24.62	--	113	278206	买盘
10:17:51	24.62	--	1	2462	买盘
10:17:48	24.62	--	3	7386	买盘
10:17:45	24.62	--	33	81246	买盘
10:17:42	24.62	-0.01	94	231428	卖盘
10:17:39	24.63	--	3	7389	卖盘
10:17:36	24.63	0.01	85	209355	买盘
10:17:30	24.62	--	12	29544	卖盘
10:17:27	24.62	--	134	329908	买盘
10:17:24	24.62	0.03	16	39392	买盘
10:17:18	24.59	-0.03	12	29508	卖盘
10:17:15	24.62	0.02	6	14772	买盘
10:17:12	24.6	--	5	12300	卖盘
10:17:09	24.6	-0.01	52	127920	卖盘
10:17:06	24.61	0.01	161	398386	买盘
10:17:03	24.6	--	2	4920	买盘
10:17:00	24.6	--	42	103320	买盘
10:16:57	24.6	--	53	130380	买盘
10:16:54	24.6	-0.05	62	152815	卖盘
10:16:51	24.65	0.03	13	32044	中性盘
10:16:45	24.62	--	4	12014	买盘
10:16:42	24.62	-0.04	14	34763	卖盘
10:16:39	24.66	0.04	33	83548	买盘
10:16:36	24.62	--	51	125857	卖盘
10:16:30	24.62	--	4	9848	卖盘
10:16:27	24.62	0.04	90	223746	买盘
10:16:24	24.58	--	98	240883	卖盘
10:16:21	24.58	--	175	430149	卖盘
10:16:18	24.58	0.03	408	1002863	买盘
10:16:15	24.55	0.04	5	12275	卖盘
10:16:12	24.51	-0.04	20	49020	卖盘
10:16:09	24.55	0.04	3	7365	买盘
10:16:06	24.51	-0.04	6	14706	卖盘
10:16:03	24.55	0.05	44	108020	买盘
10:16:00	24.5	-0.02	7	17150	卖盘
10:15:57	24.52	0.01	55	134860	买盘
10:15:54	24.51	--	2	4902	卖盘
10:15:48	24.51	-0.01	6	14706	卖盘
10:15:42	24.52	-0.07	60	147120	卖盘
10:15:39	24.59	0.03	21	51639	买盘
10:15:36	24.56	--	10	24560	买盘
10:15:33	24.56	-0.04	1	2456	卖盘
10:15:24	24.6	--	308	757680	卖盘
10:15:21	24.6	--	133	327180	卖盘
10:15:18	24.6	--	61	150060	卖盘
10:15:12	24.6	-0.02	180	442800	卖盘
10:15:09	24.62	--	2	4924	买盘
10:15:06	24.62	--	283	697041	卖盘
10:15:00	24.62	-0.01	195	482256	卖盘
10:14:54	24.63	--	19	46797	买盘
10:14:51	24.63	-0.02	41	100983	卖盘
10:14:45	24.65	0.02	8	19720	买盘
10:14:42	24.63	-0.02	10	24630	卖盘
10:14:39	24.65	--	24	59160	卖盘
10:14:36	24.65	0.02	7	17255	中性盘
10:14:30	24.63	-0.03	55	135465	卖盘
10:14:27	24.66	0.01	88	217008	买盘
10:14:24	24.65	--	17	41905	买盘
10:14:21	24.65	0.02	10	24650	卖盘
10:14:18	24.63	-0.02	7	17241	卖盘
10:14:15	24.65	--	93	229245	买盘
10:14:12	24.65	0.02	4	9860	买盘
10:14:09	24.63	-0.02	2	4926	卖盘
10:14:06	24.65	--	3	7395	买盘
10:14:03	24.65	-0.02	180	443700	卖盘
10:14:00	24.67	0.01	137	337979	买盘
10:13:51	24.66	0.01	23	56718	买盘
10:13:48	24.65	-0.01	8	19720	卖盘
10:13:45	24.66	--	37	91242	买盘
10:13:42	24.66	--	2	4932	买盘
10:13:39	24.66	--	12	29592	买盘
10:13:36	24.66	--	8	19728	中性盘
10:13:33	24.66	--	32	78912	卖盘
10:13:24	24.66	0.03	3	7398	买盘
10:13:21	24.63	-0.03	274	674862	卖盘
10:13:15	24.66	--	110	271260	买盘
10:13:12	24.66	0.03	3	7398	买盘
10:13:09	24.63	--	5	12315	卖盘
10:13:06	24.63	0.02	18	44334	买盘
10:13:03	24.61	--	16	39376	买盘
10:13:00	24.61	--	2	4922	卖盘
10:12:57	24.61	0.01	2	4922	买盘
10:12:51	24.6	0.05	340	836400	买盘
10:12:48	24.55	--	110	270050	买盘
10:12:45	24.55	-0.03	24	58920	卖盘
10:12:42	24.58	0.03	14	34412	买盘
10:12:39	24.55	--	18	44190	卖盘
10:12:36	24.55	-0.03	28	68740	卖盘
10:12:33	24.58	0.03	1	2458	买盘
10:12:30	24.55	0.03	375	920625	买盘
10:12:27	24.52	-0.06	9	22068	卖盘
10:12:21	24.58	0.08	5	12290	买盘
10:12:12	24.5	-0.05	106	259798	卖盘
10:12:09	24.55	0.05	220	540100	买盘
10:12:03	24.5	--	3	7350	卖盘
10:12:00	24.5	--	69	169050	买盘
10:11:57	24.5	--	3	7350	买盘
10:11:54	24.5	--	25	61250	买盘
10:11:51	24.5	0.01	18	44100	卖盘
10:11:42	24.49	--	3	7346	卖盘
10:11:39	24.49	-0.02	47	115102	卖盘
10:11:36	24.51	0.02	36	88236	买盘
10:11:33	24.49	--	5	12245	买盘
10:11:30	24.49	0.01	5	12245	买盘
10:11:27	24.48	-0.02	1	2448	卖盘
10:11:24	24.5	-0.01	17	41650	卖盘
10:11:15	24.51	-0.04	12	29412	卖盘
10:11:12	24.55	0.08	19	46645	买盘
10:11:09	24.47	--	47	115009	卖盘
10:11:06	24.47	--	22	53834	卖盘
10:11:00	24.47	--	2	4894	买盘
10:10:57	24.47	--	18	44046	卖盘
10:10:51	24.47	-0.04	5	12235	卖盘
10:10:45	24.51	0.04	1	2451	买盘
10:10:42	24.47	-0.01	115	281405	卖盘
10:10:39	24.48	-0.03	4	9792	卖盘
10:10:36	24.51	0.03	3	7353	买盘
10:10:30	24.48	-0.03	121	296208	卖盘
10:10:27	24.51	-0.04	8	19608	卖盘
10:10:24	24.55	0.04	1	2455	买盘
10:10:21	24.51	-0.03	27	66177	卖盘
10:10:18	24.54	-0.01	5	12270	买盘
10:10:12	24.55	0.04	5	12275	买盘
10:10:09	24.51	-0.06	40	98040	卖盘
10:10:06	24.57	0.02	98	240786	买盘
10:10:03	24.55	0.05	36	88380	买盘
10:10:00	24.5	-0.05	12	29400	卖盘
10:09:57	24.55	--	12	29460	买盘
10:09:54	24.55	--	1	2455	买盘
10:09:51	24.55	-0.01	6	14730	卖盘
10:09:45	24.56	0.01	3	7368	买盘
10:09:42	24.55	0.06	96	235680	买盘
10:09:39	24.49	--	5	12245	卖盘
10:09:36	24.49	-0.01	26	63673	中性盘
10:09:33	24.5	0.02	2	4900	买盘
10:09:30	24.48	-0.01	20	48960	卖盘
10:09:24	24.49	0.02	21	51429	中性盘
10:09:18	24.47	-0.01	4	9788	卖盘
10:09:15	24.48	-0.01	93	227664	卖盘
10:09:12	24.49	0.01	19	46531	买盘
10:09:09	24.48	--	30	73440	卖盘
10:09:06	24.48	0.01	56	137088	买盘
10:09:03	24.47	--	193	472271	买盘
10:08:57	24.47	0.01	1	2447	买盘
10:08:54	24.46	-0.02	3	7338	卖盘
10:08:51	24.48	--	10	24480	买盘
10:08:48	24.48	--	26	63648	买盘
10:08:45	24.48	--	6	14688	买盘
10:08:42	24.48	0.01	69	168912	买盘
10:08:39	24.47	-0.01	17	41599	卖盘
10:08:36	24.48	--	24	58752	卖盘
10:08:33	24.48	0.01	10	24480	卖盘
10:08:30	24.47	--	69	168843	买盘
10:08:27	24.47	--	26	63622	买盘
10:08:24	24.47	--	12	29364	买盘
10:08:21	24.47	--	7	17129	买盘
10:08:18	24.47	-0.03	210	513870	卖盘
10:08:15	24.5	0.02	130	318500	买盘
10:08:12	24.48	0.01	73	178704	买盘
10:08:09	24.47	--	41	100327	卖盘
10:08:06	24.47	--	71	173737	卖盘
10:08:03	24.47	--	72	176184	卖盘
10:08:00	24.47	-0.01	13	31811	卖盘
10:07:57	24.48	-0.01	10	24480	卖盘
10:07:54	24.49	0.02	53	129796	买盘
10:07:51	24.47	0.01	15	36705	买盘
10:07:48	24.46	-0.01	14	34244	卖盘
10:07:45	24.47	0.01	34	83198	买盘
10:07:42	24.46	0.01	1	2446	中性盘
10:07:39	24.45	-0.01	60	146700	卖盘
10:07:36	24.46	--	23	56258	买盘
10:07:33	24.46	0.02	16	39136	买盘
10:07:30	24.44	--	27	65988	卖盘
10:07:27	24.44	--	1	2444	卖盘
10:07:24	24.44	--	162	395928	买盘
10:07:18	24.44	0.03	35	85540	买盘
10:07:15	24.41	--	27	65907	卖盘
10:07:12	24.41	-0.01	23	56143	卖盘
10:07:09	24.42	0.01	32	78144	买盘
10:07:06	24.41	-0.01	64	156224	卖盘
10:07:03	24.42	--	20	48840	买盘
10:07:00	24.42	0.04	34	83028	买盘
10:06:54	24.38	--	102	248676	卖盘
10:06:51	24.38	-0.04	6	14628	卖盘
10:06:48	24.42	0.04	96	234432	买盘
10:06:45	24.38	-0.03	12	29256	中性盘
10:06:42	24.41	0.03	275	671275	买盘
10:06:39	24.38	0.03	4	9752	买盘
10:06:36	24.35	-0.02	34	82790	卖盘
10:06:33	24.37	0.02	31	75547	买盘
10:06:30	24.35	--	54	131490	买盘
10:06:27	24.35	--	31	75485	买盘
10:06:24	24.35	0.04	69	168015	买盘
10:06:21	24.31	--	104	252824	卖盘
10:06:18	24.31	--	25	60775	卖盘
10:06:15	24.31	-0.04	115	279565	卖盘
10:06:12	24.35	0.05	228	555180	买盘
10:06:09	24.3	0.04	144	349920	买盘
10:06:06	24.26	--	130	315380	卖盘
10:06:03	24.26	-0.02	26	63076	卖盘
10:06:00	24.28	0.02	127	308356	买盘
10:05:57	24.26	-0.04	31	75206	卖盘
10:05:54	24.3	--	212	515160	卖盘
10:05:51	24.3	--	25	60750	卖盘
10:05:48	24.3	-0.01	146	354780	卖盘
10:05:45	24.31	-0.01	31	75361	中性盘
10:05:42	24.32	--	164	398848	中性盘
10:05:39	24.32	0.01	69	167808	买盘
10:05:36	24.31	-0.02	96	233376	卖盘
10:05:30	24.33	-0.01	56	136248	卖盘
10:05:27	24.34	-0.01	17	41378	卖盘
10:05:24	24.35	-0.02	29	70615	卖盘
10:05:21	24.37	0.02	10	24370	买盘
10:05:18	24.35	-0.03	30	73050	卖盘
10:05:15	24.38	--	77	187726	卖盘
10:05:12	24.38	--	60	146280	卖盘
10:05:09	24.38	-0.02	13	31694	卖盘
10:05:06	24.4	0.02	42	102480	买盘
10:05:03	24.38	-0.02	739	1801682	卖盘
10:05:00	24.4	--	232	566080	卖盘
10:04:57	24.4	-0.01	140	341600	卖盘
10:04:54	24.41	--	47	114727	卖盘
10:04:51	24.41	--	148	361268	卖盘
10:04:48	24.41	--	50	122050	卖盘
10:04:45	24.41	--	10	24410	卖盘
10:04:42	24.41	-0.03	97	236777	卖盘
10:04:39	24.44	-0.01	36	87984	卖盘
10:04:36	24.45	0.04	12	29340	买盘
10:04:33	24.41	-0.03	309	754269	卖盘
10:04:30	24.44	-0.01	18	43992	卖盘
10:04:27	24.45	--	120	293400	卖盘
10:04:24	24.45	--	61	149145	卖盘
10:04:21	24.45	-0.01	6	14670	卖盘
10:04:18	24.46	-0.02	42	102732	卖盘
10:04:15	24.48	-0.01	5	12240	卖盘
10:04:12	24.49	--	5	12245	买盘
10:04:09	24.49	-0.01	26	63673	卖盘
10:04:06	24.5	--	68	166600	卖盘
10:04:03	24.5	-0.02	129	316050	卖盘
10:04:00	24.52	-0.02	98	240296	卖盘
10:03:54	24.54	--	3	7362	买盘
10:03:51	24.54	--	55	134970	卖盘
10:03:48	24.54	-0.01	94	230676	卖盘
10:03:45	24.55	0.01	137	336335	买盘
10:03:42	24.54	-0.01	43	105522	卖盘
10:03:39	24.55	--	51	125205	买盘
10:03:36	24.55	--	30	73650	买盘
10:03:33	24.55	0.01	69	169395	买盘
10:03:30	24.54	-0.03	318	780372	卖盘
10:03:27	24.57	0.01	355	872235	买盘
10:03:24	24.56	-0.01	57	139992	卖盘
10:03:21	24.57	--	26	63882	买盘
10:03:18	24.57	0.01	10	24570	中性盘
10:03:15	24.56	-0.02	41	100696	中性盘
10:03:12	24.58	--	22	54075	买盘
10:03:09	24.58	0.03	67	164686	买盘
10:03:06	24.55	-0.03	41	100655	卖盘
10:03:03	24.58	0.03	1	2458	买盘
10:03:00	24.55	-0.01	78	191490	卖盘
10:02:57	24.56	-0.01	18	44208	卖盘
10:02:54	24.57	0.01	5	12285	中性盘
10:02:45	24.56	--	13	31928	买盘
10:02:39	24.56	0.01	42	103152	买盘
10:02:36	24.55	0.01	12	29460	买盘
10:02:33	24.54	-0.01	5	12270	卖盘
10:02:30	24.55	0.01	26	63830	买盘
10:02:27	24.54	--	68	166872	买盘
10:02:24	24.54	0.02	53	130062	买盘
10:02:18	24.52	--	107	262364	买盘
10:02:15	24.52	0.01	26	63752	买盘
10:02:12	24.51	0.01	38	93138	买盘
10:02:09	24.5	--	23	56350	卖盘
10:02:06	24.5	0.01	49	120050	买盘
10:02:03	24.49	-0.01	64	156736	卖盘
10:02:00	24.5	0.02	203	497350	买盘
10:01:57	24.48	--	86	210528	卖盘
10:01:54	24.48	-0.02	82	200736	卖盘
10:01:51	24.5	0.02	153	374850	买盘
10:01:48	24.48	--	120	293760	卖盘
10:01:45	24.48	0.05	216	528768	买盘
10:01:42	24.43	0.01	2	4886	卖盘
10:01:39	24.42	--	88	214896	卖盘
10:01:36	24.42	--	201	490842	卖盘
10:01:33	24.42	--	131	319902	买盘
10:01:30	24.42	0.01	47	114774	买盘
10:01:27	24.41	-0.01	26	63466	卖盘
10:01:24	24.42	-0.01	374	913308	卖盘
10:01:21	24.43	0.01	20	48860	买盘
10:01:18	24.42	-0.02	41	100122	卖盘
10:01:15	24.44	-0.01	1	2444	中性盘
10:01:12	24.45	0.01	76	185820	买盘
10:01:09	24.44	-0.01	20	48880	卖盘
10:01:06	24.45	--	21	51345	卖盘
10:01:03	24.45	--	9	22005	买盘
10:01:00	24.45	-0.03	41	100245	卖盘
10:00:57	24.48	--	40	97920	卖盘
10:00:54	24.48	-0.02	73	178704	卖盘
10:00:51	24.5	--	43	105350	买盘
10:00:48	24.5	-0.02	182	445900	卖盘
10:00:45	24.52	--	318	779736	买盘
10:00:42	24.52	-0.01	147	360444	中性盘
10:00:39	24.53	--	267	654951	买盘
10:00:36	24.53	0.01	63	154539	买盘
10:00:33	24.52	-0.01	115	281980	卖盘
10:00:30	24.53	-0.01	10	24530	中性盘
10:00:27	24.54	--	128	314112	买盘
10:00:24	24.54	--	38	93252	买盘
10:00:21	24.54	--	16	39264	买盘
10:00:18	24.54	-0.01	219	537426	卖盘
10:00:15	24.55	--	76	186580	买盘
10:00:12	24.55	0.01	22	54010	买盘
10:00:09	24.54	-0.01	22	53988	卖盘
10:00:06	24.55	--	85	208675	卖盘
10:00:03	24.55	-0.03	73	179215	卖盘
10:00:00	24.58	--	61	149938	买盘
09:59:57	24.58	0.03	72	176976	买盘
09:59:54	24.55	-0.02	94	230770	卖盘
09:59:51	24.57	-0.02	40	98280	卖盘
09:59:48	24.59	--	4	9836	中性盘
09:59:45	24.59	-0.01	42	103278	卖盘
09:59:42	24.6	0.01	5	12300	买盘
09:59:39	24.59	-0.01	83	204097	卖盘
09:59:36	24.6	-0.02	131	322260	卖盘
09:59:33	24.62	0.01	544	1339328	买盘
09:59:30	24.61	--	128	315008	卖盘
09:59:27	24.61	-0.01	39	95979	卖盘
09:59:24	24.62	0.01	103	253586	买盘
09:59:21	24.61	-0.01	31	76291	卖盘
09:59:15	24.62	-0.02	7	17234	卖盘
09:59:12	24.64	-0.01	24	59136	中性盘
09:59:09	24.65	0.03	157	387005	买盘
09:59:06	24.62	-0.03	25	61550	卖盘
09:59:03	24.65	--	79	194735	买盘
09:59:00	24.65	--	13	32044	买盘
09:58:57	24.65	--	5	12325	买盘
09:58:54	24.65	-0.02	803	1981810	卖盘
09:58:48	24.67	0.01	83	204761	买盘
09:58:45	24.66	-0.01	29	71514	卖盘
09:58:42	24.67	--	23	56741	买盘
09:58:39	24.67	-0.01	23	56741	中性盘
09:58:36	24.68	-0.02	9	22212	中性盘
09:58:33	24.7	0.02	275	679250	买盘
09:58:30	24.68	--	5	12340	卖盘
09:58:27	24.68	--	9	22212	卖盘
09:58:24	24.68	0.01	34	83912	买盘
09:58:21	24.67	--	9	22203	卖盘
09:58:18	24.67	-0.01	31	76477	卖盘
09:58:15	24.68	0.01	4	9872	中性盘
09:58:12	24.67	--	17	41939	卖盘
09:58:09	24.67	--	5	12335	卖盘
09:58:06	24.67	-0.01	28	69076	卖盘
09:58:03	24.68	--	169	417092	买盘
09:58:00	24.68	0.01	36	88848	买盘
09:57:57	24.67	-0.01	2	4934	卖盘
09:57:54	24.68	0.01	18	44424	中性盘
09:57:51	24.67	-0.01	264	651288	卖盘
09:57:48	24.68	--	13	32084	卖盘
09:57:45	24.68	-0.02	19	46892	卖盘
09:57:42	24.7	0.02	3	7410	买盘
09:57:39	24.68	-0.03	2	4936	卖盘
09:57:36	24.71	--	5	12355	买盘
09:57:33	24.71	--	6	14826	买盘
09:57:30	24.71	0.03	4	9884	中性盘
09:57:27	24.68	-0.03	652	1609136	卖盘
09:57:24	24.71	--	6	14826	卖盘
09:57:21	24.71	--	3	7413	卖盘
09:57:18	24.71	0.01	6	14826	卖盘
09:57:15	24.7	-0.01	113	279110	卖盘
09:57:12	24.71	-0.03	27	66717	卖盘
09:57:09	24.74	0.03	6	14843	买盘
09:57:06	24.71	-0.03	31	76601	卖盘
09:57:03	24.74	--	20	49529	买盘
09:56:54	24.74	--	10	24740	买盘
09:56:51	24.74	--	203	502221	买盘
09:56:45	24.74	-0.04	1	2474	买盘
09:56:42	24.78	--	9	22302	卖盘
09:56:39	24.78	0.02	43	106554	买盘
09:56:33	24.76	0.03	3	7428	中性盘
09:56:30	24.73	-0.05	15	37095	卖盘
09:56:27	24.78	0.04	1	2478	买盘
09:56:21	24.74	-0.05	1	2474	中性盘
09:56:18	24.79	--	84	208236	卖盘
09:56:12	24.79	0.01	111	275169	买盘
09:56:09	24.78	--	19	47082	卖盘
09:56:06	24.78	--	25	61950	卖盘
09:56:03	24.78	--	20	49560	卖盘
09:56:00	24.78	0.03	14	34692	买盘
09:55:57	24.75	--	165	408375	卖盘
09:55:54	24.75	-0.03	9	22275	卖盘
09:55:51	24.78	0.03	4	9912	买盘
09:55:48	24.75	-0.01	43	106425	卖盘
09:55:42	24.76	0.01	49	121324	买盘
09:55:39	24.75	-0.01	4	9900	卖盘
09:55:33	24.76	0.01	4	9904	买盘
09:55:30	24.75	--	11	27225	卖盘
09:55:27	24.75	0.02	16	39600	卖盘
09:55:18	24.73	--	9	22257	买盘
09:55:15	24.73	--	34	84082	卖盘
09:55:12	24.73	--	23	56879	卖盘
09:55:09	24.73	0.01	10	24730	买盘
09:55:06	24.72	--	19	46968	卖盘
09:55:03	24.72	-0.01	10	24720	卖盘
09:55:00	24.73	0.01	74	183002	买盘
09:54:54	24.72	-0.01	68	168096	卖盘
09:54:48	24.73	--	64	158272	卖盘
09:54:45	24.73	-0.05	3	7419	卖盘
09:54:42	24.78	0.05	1	2478	中性盘
09:54:39	24.73	-0.06	20	49460	卖盘
09:54:33	24.79	--	306	758574	买盘
09:54:30	24.79	--	1	2479	卖盘
09:54:27	24.79	--	5	12395	卖盘
09:54:24	24.79	--	8	19832	卖盘
09:54:18	24.79	--	9	22311	卖盘
09:54:12	24.79	--	2	4958	买盘
09:54:06	24.79	0.01	10	24790	买盘
09:54:03	24.78	-0.01	54	133812	卖盘
09:54:00	24.79	--	10	24790	卖盘
09:53:54	24.79	--	49	121471	卖盘
09:53:51	24.79	--	20	49580	卖盘
09:53:48	24.79	-0.05	3	7437	中性盘
09:53:39	24.84	0.04	8	19872	买盘
09:53:33	24.8	0.02	11	27280	中性盘
09:53:30	24.78	-0.03	5	12390	买盘
09:53:24	24.81	0.04	1	2481	卖盘
09:53:21	24.77	-0.03	48	118896	卖盘
09:53:18	24.8	--	1	2480	卖盘
09:53:15	24.8	-0.04	14	34720	中性盘
09:53:09	24.84	-0.04	7	17388	卖盘
09:53:06	24.88	--	80	201478	卖盘
09:53:03	24.88	--	8	19904	卖盘
09:53:00	24.88	--	30	74689	卖盘
09:52:57	24.88	0.13	396	985248	买盘
09:52:48	24.75	0.01	3	7425	中性盘
09:52:39	24.74	-0.11	1	2474	卖盘
09:52:33	24.85	0.12	10	24850	买盘
09:52:30	24.73	-0.15	18	44514	卖盘
09:52:27	24.88	0.17	2	4976	买盘
09:52:18	24.71	-0.17	103	254513	卖盘
09:52:12	24.88	0.17	202	502576	买盘
09:52:06	24.71	0.02	2	4942	中性盘
09:51:57	24.69	-0.01	199	491331	卖盘
09:51:54	24.7	0.01	4	9880	中性盘
09:51:42	24.69	-0.16	768	1896192	卖盘
09:51:39	24.85	0.15	145	360325	买盘
09:51:36	24.7	--	30	74100	卖盘
09:51:33	24.7	-0.04	3	7410	卖盘
09:51:30	24.74	--	12	29687	买盘
09:51:27	24.74	0.04	4	9896	买盘
09:51:24	24.7	-0.09	30	74100	卖盘
09:51:21	24.79	0.1	100	247900	买盘
09:51:18	24.69	-0.04	52	128388	卖盘
09:51:12	24.73	-0.01	5	12365	卖盘
09:51:09	24.74	0.05	218	539332	买盘
09:51:06	24.69	--	19	46911	买盘
09:51:03	24.69	--	37	91353	买盘
09:51:00	24.69	0.01	20	49380	买盘
09:50:57	24.68	-0.01	20	49360	卖盘
09:50:54	24.69	--	23	56787	卖盘
09:50:51	24.69	-0.01	203	501207	卖盘
09:50:48	24.7	--	6	14820	买盘
09:50:45	24.7	0.01	6	14820	中性盘
09:50:42	24.69	--	28	69132	卖盘
09:50:39	24.69	-0.01	17	41973	卖盘
09:50:36	24.7	--	25	61750	卖盘
09:50:33	24.7	--	13	32110	卖盘
09:50:30	24.7	--	9	22230	卖盘
09:50:27	24.7	--	2	4940	卖盘
09:50:24	24.7	0.01	36	88920	买盘
09:50:18	24.69	0.01	3	7407	买盘
09:50:15	24.68	--	15	37020	买盘
09:50:12	24.68	--	156	385008	卖盘
09:50:09	24.68	-0.02	134	330712	卖盘
09:50:06	24.7	0.02	35	86450	买盘
09:50:03	24.68	--	40	98720	卖盘
09:50:00	24.68	-0.02	33	81444	卖盘
09:49:57	24.7	0.02	6	14820	买盘
09:49:54	24.68	-0.01	7	17276	卖盘
09:49:51	24.69	0.01	73	180237	买盘
09:49:48	24.68	-0.01	112	276416	卖盘
09:49:45	24.69	-0.01	16	39504	卖盘
09:49:42	24.7	0.01	13	32110	卖盘
09:49:39	24.69	0.01	18	44442	买盘
09:49:36	24.68	--	35	86380	买盘
09:49:33	24.68	0.01	15	37020	卖盘
09:49:30	24.67	-0.01	203	500801	卖盘
09:49:27	24.68	-0.02	74	182632	卖盘
09:49:24	24.7	0.02	2	4940	买盘
09:49:21	24.68	--	17	41956	卖盘
09:49:18	24.68	-0.01	140	345520	卖盘
09:49:15	24.69	0.01	17	41973	中性盘
09:49:12	24.68	-0.03	85	209780	卖盘
09:49:09	24.71	0.02	202	499142	买盘
09:49:06	24.69	--	1	2469	买盘
09:49:03	24.69	--	40	98760	买盘
09:49:00	24.69	--	3	7407	买盘
09:48:57	24.69	-0.01	164	404916	卖盘
09:48:54	24.7	-0.02	434	1071980	卖盘
09:48:51	24.72	--	114	281808	买盘
09:48:48	24.72	--	23	56856	买盘
09:48:45	24.72	-0.01	36	88992	卖盘
09:48:42	24.73	0.01	4	9892	买盘
09:48:39	24.72	-0.01	16	39552	卖盘
09:48:36	24.73	0.01	85	210205	买盘
09:48:33	24.72	-0.01	16	39552	卖盘
09:48:30	24.73	-0.01	10	24730	买盘
09:48:27	24.74	0.01	13	32161	买盘
09:48:24	24.73	--	292	722116	卖盘
09:48:21	24.73	--	34	84082	卖盘
09:48:18	24.73	-0.01	14	34622	卖盘
09:48:15	24.74	--	38	94012	买盘
09:48:12	24.74	--	5	12370	买盘
09:48:09	24.74	-0.01	64	158336	卖盘
09:48:06	24.75	--	36	89100	买盘
09:48:03	24.75	--	78	193050	买盘
09:48:00	24.75	--	49	121275	买盘
09:47:57	24.75	0.01	6	14850	买盘
09:47:54	24.74	-0.01	27	66798	卖盘
09:47:51	24.75	--	1	2475	卖盘
09:47:48	24.75	0.02	13	32175	中性盘
09:47:45	24.73	--	9	22257	卖盘
09:47:42	24.73	-0.02	61	150853	卖盘
09:47:39	24.75	0.03	72	178200	买盘
09:47:36	24.72	-0.01	48	118656	卖盘
09:47:33	24.73	--	8	19784	买盘
09:47:30	24.73	--	10	24730	买盘
09:47:27	24.73	-0.02	18	44514	卖盘
09:47:24	24.75	--	1	2475	卖盘
09:47:21	24.75	0.02	82	202950	买盘
09:47:18	24.73	--	545	1347785	卖盘
09:47:15	24.73	--	11	27203	卖盘
09:47:12	24.73	-0.02	71	175583	卖盘
09:47:09	24.75	0.03	51	126225	买盘
09:47:06	24.72	-0.03	42	103824	卖盘
09:47:03	24.75	--	5	12375	买盘
09:47:00	24.75	--	1	2475	买盘
09:46:57	24.75	-0.03	509	1259775	卖盘
09:46:54	24.78	--	17	42126	买盘
09:46:51	24.78	0.03	12	29736	中性盘
09:46:45	24.75	-0.04	100	247500	卖盘
09:46:42	24.79	-0.01	31	76849	卖盘
09:46:39	24.8	--	3	7440	买盘
09:46:36	24.8	--	23	57040	买盘
09:46:33	24.8	--	5	12400	买盘
09:46:30	24.8	--	21	52080	卖盘
09:46:27	24.8	--	52	128960	卖盘
09:46:24	24.8	--	19	47120	卖盘
09:46:18	24.8	-0.05	304	753920	卖盘
09:46:15	24.85	--	4	9940	买盘
09:46:12	24.85	--	20	49700	买盘
09:46:09	24.85	-0.02	75	186375	卖盘
09:46:06	24.87	--	28	69636	卖盘
09:46:03	24.87	--	88	218856	买盘
09:45:57	24.87	-0.01	122	303414	卖盘
09:45:51	24.88	-0.02	1	2488	卖盘
09:45:45	24.9	--	546	1359540	卖盘
09:45:42	24.9	-0.02	227	565230	卖盘
09:45:39	24.92	--	154	383768	卖盘
09:45:36	24.92	--	65	161980	卖盘
09:45:33	24.92	-0.01	40	99680	卖盘
09:45:30	24.93	0.01	5	12465	买盘
09:45:24	24.92	-0.01	4	9968	卖盘
09:45:21	24.93	--	1	2493	买盘
09:45:15	24.93	--	12	29916	买盘
09:45:12	24.93	--	100	249300	买盘
09:45:09	24.93	--	29	72297	买盘
09:45:06	24.93	-0.02	23	57339	卖盘
09:45:00	24.95	--	11	27445	卖盘
09:44:54	24.95	--	6	14970	买盘
09:44:45	24.95	--	6	14970	买盘
09:44:39	24.95	0.02	89	222055	买盘
09:44:36	24.93	-0.02	60	149580	卖盘
09:44:33	24.95	0.01	5	12475	买盘
09:44:30	24.94	0.01	2	4988	中性盘
09:44:27	24.93	--	16	39888	卖盘
09:44:24	24.93	-0.01	102	254286	卖盘
09:44:21	24.94	0.01	47	117218	买盘
09:44:18	24.93	-0.01	101	251793	卖盘
09:44:12	24.94	0.01	3	7482	买盘
09:44:09	24.93	--	17	42381	卖盘
09:44:06	24.93	--	1	2493	卖盘
09:44:03	24.93	-0.01	3	7479	卖盘
09:43:57	24.94	--	4	9976	卖盘
09:43:54	24.94	0.01	7	17458	卖盘
09:43:51	24.93	-0.02	13	32409	卖盘
09:43:48	24.95	0.02	15	37425	买盘
09:43:45	24.93	-0.02	61	152073	卖盘
09:43:42	24.95	0.02	2	4990	买盘
09:43:39	24.93	--	45	112185	卖盘
09:43:33	24.93	-0.02	22	54846	卖盘
09:43:30	24.95	--	24	59880	买盘
09:43:27	24.95	--	35	87325	买盘
09:43:24	24.95	--	34	84830	买盘
09:43:21	24.95	--	3	7485	买盘
09:43:18	24.95	--	5	12475	买盘
09:43:15	24.95	-0.01	343	855785	卖盘
09:43:06	24.96	0.01	25	62400	买盘
09:42:54	24.95	--	3	7485	卖盘
09:42:48	24.95	--	5	12475	买盘
09:42:45	24.95	--	9	22455	买盘
09:42:42	24.95	0.02	10	24950	买盘
09:42:39	24.93	--	2	4986	卖盘
09:42:36	24.93	-0.02	1	2493	卖盘
09:42:33	24.95	0.02	7	17465	买盘
09:42:30	24.93	--	13	32409	卖盘
09:42:27	24.93	--	59	147087	买盘
09:42:24	24.93	0.01	25	62325	买盘
09:42:21	24.92	-0.01	4	9968	卖盘
09:42:18	24.93	0.01	41	102213	买盘
09:42:15	24.92	-0.01	5	12460	卖盘
09:42:12	24.93	--	43	107199	买盘
09:42:09	24.93	--	2	4986	买盘
09:42:06	24.93	--	245	610785	买盘
09:42:03	24.93	--	68	169524	买盘
09:42:00	24.93	--	17	42381	买盘
09:41:57	24.93	--	10	24930	买盘
09:41:54	24.93	--	71	177003	买盘
09:41:51	24.93	0.03	300	747900	买盘
09:41:48	24.9	-0.01	45	112050	卖盘
09:41:45	24.91	--	105	261555	卖盘
09:41:42	24.91	-0.01	7	17437	卖盘
09:41:39	24.92	0.01	4	9968	买盘
09:41:36	24.91	0.01	39	97149	买盘
09:41:33	24.9	-0.01	31	77190	卖盘
09:41:27	24.91	0.01	1	2491	买盘
09:41:24	24.9	-0.01	203	505470	卖盘
09:41:21	24.91	0.01	21	52311	买盘
09:41:18	24.9	--	35	87150	买盘
09:41:15	24.9	0.03	155	385950	买盘
09:41:12	24.87	--	325	808275	卖盘
09:41:06	24.87	--	2	4974	卖盘
09:41:03	24.87	-0.03	12	29844	卖盘
09:41:00	24.9	--	32	79680	买盘
