成交时间	成交价	价格变动	成交量(手)	成交额(元)	性质
15:00:03	23.81	-0.01	141	335721	中性盘
14:57:00	23.82	--	0	0	中性盘
14:56:57	23.82	0.02	30	71460	中性盘
14:56:33	23.8	-0.01	50	119000	卖盘
14:56:21	23.81	-0.01	24	57144	卖盘
14:56:09	23.82	0.01	7	16674	买盘
14:56:03	23.81	-0.01	30	71430	卖盘
14:55:54	23.82	0.01	14	33348	买盘
14:55:36	23.81	--	10	23810	卖盘
14:55:30	23.81	--	2	4762	卖盘
14:55:24	23.81	--	1	2381	卖盘
14:55:09	23.81	--	24	57144	卖盘
14:54:39	23.81	--	5	11905	卖盘
14:53:48	23.81	-0.01	6	14286	卖盘
14:53:30	23.82	--	51	123530	卖盘
14:53:21	23.82	-0.01	5	11910	卖盘
14:53:18	23.83	0.01	3	7148	买盘
14:53:00	23.82	-0.02	1	2382	卖盘
14:52:54	23.84	0.02	50	119200	买盘
14:52:21	23.82	--	3	7146	卖盘
14:51:54	23.82	--	30	71793	卖盘
14:51:21	23.82	--	10	23820	卖盘
14:51:12	23.82	--	4	9528	买盘
14:50:36	23.82	--	1	2382	买盘
14:50:33	23.82	-0.01	6	14292	卖盘
14:50:30	23.83	0.01	5	11915	买盘
14:50:24	23.82	--	10	23820	卖盘
14:50:06	23.82	--	9	21438	卖盘
14:49:57	23.82	0.02	43	102426	买盘
14:49:42	23.8	-0.01	0	23	卖盘
14:48:51	23.81	--	1	2381	卖盘
14:48:48	23.81	--	1	2381	卖盘
14:48:42	23.81	--	2	4762	卖盘
14:48:33	23.81	-0.01	2	4762	中性盘
14:47:24	23.82	--	31	73842	买盘
14:47:15	23.82	0.01	13	30966	中性盘
14:46:21	23.81	-0.02	75	178575	卖盘
14:46:06	23.83	0.02	10	23830	中性盘
14:45:45	23.81	-0.03	21	50001	卖盘
14:45:33	23.84	--	3	7152	买盘
14:45:21	23.84	--	10	23840	卖盘
14:45:15	23.84	-0.01	2	4768	卖盘
14:45:06	23.85	--	14	33390	买盘
14:44:48	23.85	--	20	47700	买盘
14:44:45	23.85	--	12	28620	买盘
14:44:27	23.85	0.01	7	16695	买盘
14:44:24	23.84	--	5	11920	卖盘
14:44:15	23.84	--	24	57216	买盘
14:44:12	23.84	--	15	35760	买盘
14:44:03	23.84	0.01	6	14304	买盘
14:44:00	23.83	--	20	47660	卖盘
14:43:51	23.83	--	20	48112	买盘
14:43:45	23.83	--	6	14297	买盘
14:43:09	23.83	0.01	30	71490	买盘
14:43:03	23.82	--	24	57168	买盘
14:43:00	23.82	--	1	4311	卖盘
14:42:54	23.82	--	3	7598	买盘
14:42:12	23.82	--	18	42876	卖盘
14:41:51	23.82	--	21	50022	卖盘
14:41:45	23.82	--	30	71460	买盘
14:41:42	23.82	0.01	10	23820	买盘
14:41:30	23.81	-0.01	41	97621	中性盘
14:41:12	23.82	0.03	61	145302	买盘
14:40:45	23.79	--	2	4758	卖盘
14:40:33	23.79	-0.01	20	47580	卖盘
14:40:30	23.8	--	11	26180	卖盘
14:40:24	23.8	--	3	7140	卖盘
14:40:21	23.8	--	10	23800	卖盘
14:40:00	23.8	--	1	2380	卖盘
14:39:27	23.8	--	21	49980	卖盘
14:39:21	23.8	0.01	5	11900	买盘
14:39:03	23.79	--	6	14274	卖盘
14:38:45	23.79	0.04	29	68991	买盘
14:38:33	23.75	--	10	23750	卖盘
14:38:18	23.75	-0.02	20	47500	卖盘
14:38:09	23.77	--	13	30901	卖盘
14:37:57	23.77	--	30	71310	卖盘
14:37:24	23.77	-0.01	23	54671	卖盘
14:37:21	23.78	--	55	130790	卖盘
14:37:18	23.78	--	33	78474	卖盘
14:36:48	23.78	--	12	28536	卖盘
14:36:15	23.78	--	50	118900	卖盘
14:35:54	23.78	--	22	52316	卖盘
14:35:48	23.78	--	10	23780	卖盘
14:35:03	23.78	-0.05	23	54694	卖盘
14:34:54	23.83	0.07	3	7148	买盘
14:33:48	23.76	-0.07	23	54648	中性盘
14:33:42	23.83	0.09	1	2383	中性盘
14:32:39	23.74	-0.1	0	1946	卖盘
14:32:36	23.84	0.01	50	119200	买盘
14:32:18	23.83	--	1	2811	卖盘
14:32:15	23.83	0.11	21	51997	买盘
14:32:12	23.72	-0.01	21	49812	卖盘
14:32:03	23.73	-0.01	84	200518	卖盘
14:31:54	23.74	--	6	15668	卖盘
14:31:45	23.74	0.02	6	16451	买盘
14:31:39	23.72	-0.02	5	11860	卖盘
14:31:24	23.74	--	3	9377	卖盘
14:31:12	23.74	--	19	46079	卖盘
14:30:57	23.74	--	24	58637	卖盘
14:30:51	23.74	0.02	30	73451	买盘
14:30:42	23.72	-0.02	3	9108	卖盘
14:30:27	23.74	--	2	6670	卖盘
14:30:21	23.74	0.02	64	152387	买盘
14:30:12	23.72	-0.02	23	56785	卖盘
14:30:00	23.74	--	35	85012	卖盘
14:29:57	23.74	-0.05	27	64382	卖盘
14:29:48	23.79	--	23	54717	卖盘
14:29:42	23.79	--	2	4924	买盘
14:29:27	23.79	--	7	16653	卖盘
14:29:15	23.79	0.05	25	59475	中性盘
14:27:48	23.74	-0.1	25	59349	卖盘
14:27:27	23.84	--	2	4768	卖盘
14:27:24	23.84	0.1	10	23840	中性盘
14:26:36	23.74	-0.12	25	59349	中性盘
14:25:12	23.86	--	1	2386	买盘
14:25:09	23.86	-0.01	1	2386	中性盘
14:25:06	23.87	0.01	1	2387	买盘
14:25:03	23.86	-0.01	4	9544	卖盘
14:25:00	23.87	0.01	1	2387	买盘
14:24:54	23.86	--	1	2386	买盘
14:24:51	23.86	--	1	2386	买盘
14:24:48	23.86	--	1	2386	买盘
14:24:45	23.86	--	1	2386	买盘
14:24:42	23.86	--	1	2386	买盘
14:24:36	23.86	--	1	2386	买盘
14:24:33	23.86	--	1	2386	买盘
14:24:30	23.86	--	1	2386	买盘
14:24:27	23.86	--	21	50106	买盘
14:24:21	23.86	--	1	2386	买盘
14:24:18	23.86	-0.01	5	11930	中性盘
14:24:15	23.87	--	1	2387	买盘
14:24:12	23.87	--	1	2387	买盘
14:24:09	23.87	--	1	2387	买盘
14:24:06	23.87	--	1	2387	买盘
14:24:03	23.87	--	1	2387	买盘
14:24:00	23.87	0.17	1	2387	买盘
14:23:45	23.7	-0.03	4	9480	中性盘
14:23:21	23.73	0.04	4	9492	买盘
14:23:18	23.69	-0.02	20	47380	卖盘
14:23:12	23.71	--	17	42654	买盘
14:23:09	23.71	--	76	180196	买盘
14:22:51	23.71	-0.06	101	240988	卖盘
14:22:18	23.77	--	1	2377	买盘
14:22:15	23.77	0.04	1	2377	买盘
14:22:12	23.73	-0.04	21	49833	卖盘
14:22:09	23.77	--	1	2377	买盘
14:22:06	23.77	--	1	2377	买盘
14:22:03	23.77	--	1	2377	买盘
14:22:00	23.77	--	1	2377	买盘
14:21:57	23.77	--	1	2377	买盘
14:21:54	23.77	--	1	2377	买盘
14:21:48	23.77	--	2	4754	买盘
14:21:45	23.77	--	1	2377	买盘
14:21:42	23.77	--	1	2377	买盘
14:21:39	23.77	--	1	2377	买盘
14:21:36	23.77	--	1	2377	买盘
14:21:30	23.77	--	1	2377	买盘
14:21:27	23.77	--	1	2377	买盘
14:21:24	23.77	--	1	2377	买盘
14:21:18	23.77	--	1	2377	买盘
14:21:15	23.77	--	1	2377	买盘
14:21:12	23.77	--	10	23770	买盘
14:21:09	23.77	--	21	49917	买盘
14:21:06	23.77	--	1	2377	买盘
14:21:00	23.77	--	1	2377	买盘
14:20:57	23.77	--	9	21393	买盘
14:20:51	23.77	0.02	10	23770	买盘
14:20:45	23.75	-0.02	10	23750	卖盘
14:20:36	23.77	0.02	5	11885	买盘
14:20:00	23.75	--	23	54625	卖盘
14:18:57	23.75	-0.02	5	12730	卖盘
14:18:45	23.77	0.02	37	87949	买盘
14:18:42	23.75	-0.02	28	66500	卖盘
14:18:36	23.77	--	10	23770	买盘
14:18:27	23.77	-0.01	43	102329	卖盘
14:18:15	23.78	--	10	23780	买盘
14:18:12	23.78	-0.01	7	16646	卖盘
14:17:57	23.79	-0.09	19	46200	卖盘
14:17:54	23.88	0.09	50	119400	买盘
14:17:45	23.79	-0.07	24	57096	卖盘
14:17:39	23.86	0.07	50	119300	买盘
14:16:57	23.79	--	7	18817	卖盘
14:16:42	23.79	--	1	4305	卖盘
14:16:33	23.79	0.02	6	16319	买盘
14:16:27	23.77	0.01	11	28405	中性盘
14:16:18	23.76	-0.03	24	57024	卖盘
14:16:12	23.79	-0.08	2	4758	卖盘
14:15:51	23.87	-0.02	15	35805	卖盘
14:15:42	23.89	--	4	9556	卖盘
14:15:39	23.89	--	6	14334	卖盘
14:15:36	23.89	--	4	9556	卖盘
14:15:33	23.89	--	2	4778	卖盘
14:15:30	23.89	--	1	2389	卖盘
14:15:27	23.89	--	2	4778	卖盘
14:15:24	23.89	--	3	7167	卖盘
14:15:21	23.89	0.12	179	427631	买盘
14:14:57	23.77	--	20	47540	卖盘
14:14:51	23.77	--	25	59425	卖盘
14:14:48	23.77	-0.01	26	61802	卖盘
14:14:45	23.78	--	27	64206	卖盘
14:14:39	23.78	-0.11	210	499380	中性盘
14:13:36	23.89	0.17	16	38224	中性盘
14:13:21	23.72	-0.13	27	64044	卖盘
14:13:15	23.85	0.18	10	23850	买盘
14:13:00	23.67	0.02	9	21445	买盘
14:12:57	23.65	-0.02	33	78045	卖盘
14:12:54	23.67	0.01	7	16569	买盘
14:12:51	23.66	-0.01	35	85034	卖盘
14:12:48	23.67	-0.01	66	156222	卖盘
14:12:45	23.68	-0.22	33	78144	卖盘
14:12:42	23.9	0.13	203	485170	买盘
14:12:39	23.77	-0.09	33	78441	卖盘
14:12:33	23.86	0.09	352	839872	买盘
14:12:03	23.77	0.07	11	26147	买盘
14:09:18	23.7	0.02	1	2370	买盘
14:08:12	23.68	--	0	71	买盘
14:08:03	23.68	--	13	33080	卖盘
14:07:42	23.68	0.01	5	11911	买盘
14:07:33	23.67	-0.01	32	75744	卖盘
14:07:30	23.68	--	5	11840	买盘
14:07:24	23.68	-0.02	47	111296	卖盘
14:07:15	23.7	0.02	16	37920	买盘
14:07:00	23.68	--	3	7104	卖盘
14:06:36	23.68	-0.01	21	49728	卖盘
14:06:30	23.69	--	5	11845	卖盘
14:05:42	23.69	-0.01	5	11845	卖盘
14:04:57	23.7	0.01	5	11850	买盘
14:04:54	23.69	--	10	23690	卖盘
14:04:45	23.69	--	3	7107	买盘
14:04:30	23.69	0.01	4	9476	买盘
14:04:21	23.68	--	10	23680	卖盘
14:02:45	23.68	-0.01	20	47360	卖盘
14:02:39	23.69	--	20	47380	卖盘
14:02:09	23.69	--	20	47380	卖盘
14:01:57	23.69	-0.01	20	47380	卖盘
14:01:51	23.7	-0.01	10	23700	卖盘
14:01:39	23.71	0.01	2	4742	中性盘
14:01:18	23.7	--	4	9480	买盘
14:00:54	23.7	--	2	4740	卖盘
14:00:45	23.7	--	10	23700	卖盘
13:59:36	23.7	0.02	14	33180	买盘
13:59:18	23.68	-0.01	24	56832	卖盘
13:59:09	23.69	--	10	23690	卖盘
13:58:48	23.69	-0.01	16	37904	卖盘
13:58:39	23.7	--	5	11850	买盘
13:58:27	23.7	0.01	11	26070	中性盘
13:58:18	23.69	--	29	68701	卖盘
13:58:12	23.69	--	50	118450	卖盘
13:57:27	23.69	0.02	7	16583	中性盘
13:56:27	23.67	-0.01	29	68643	卖盘
13:56:18	23.68	-0.05	29	68672	卖盘
13:56:12	23.73	--	125	298926	卖盘
13:55:39	23.73	--	23	54579	卖盘
13:55:30	23.73	--	20	47460	卖盘
13:55:00	23.73	--	30	71190	卖盘
13:54:57	23.73	--	28	66515	买盘
13:54:54	23.73	--	80	189840	买盘
13:54:48	23.73	0.04	2	4746	买盘
13:54:45	23.69	-0.04	31	73439	卖盘
13:54:39	23.73	0.03	101	239673	中性盘
13:52:33	23.7	-0.02	27	63990	卖盘
13:52:27	23.72	0.02	22	52184	中性盘
13:52:06	23.7	0.01	23	54510	中性盘
13:52:03	23.69	--	32	75808	卖盘
13:52:00	23.69	-0.08	32	75808	卖盘
13:51:57	23.77	0.07	4	9508	买盘
13:51:54	23.7	-0.03	200	474000	卖盘
13:51:24	23.73	0.01	6	14238	中性盘
13:49:18	23.72	-0.07	3	7116	卖盘
13:49:06	23.79	--	5	11895	买盘
13:49:03	23.79	0.06	1	2379	买盘
13:48:51	23.73	--	0	71	卖盘
13:48:48	23.73	-0.06	8	18984	卖盘
13:48:33	23.79	0.06	16	38064	买盘
13:46:48	23.73	-0.06	2	4746	卖盘
13:46:39	23.79	0.07	3	7137	买盘
13:45:21	23.72	-0.03	20	47440	卖盘
13:45:12	23.75	0.02	40	95000	买盘
13:45:09	23.73	-0.02	23	54579	卖盘
13:45:03	23.75	--	10	23750	买盘
13:44:03	23.75	--	1	2375	买盘
13:44:00	23.75	0.01	5	11875	中性盘
13:41:51	23.74	--	1	2374	买盘
13:41:48	23.74	0.01	30	71220	买盘
13:41:03	23.73	--	3	7119	买盘
13:40:03	23.73	-0.02	5	11865	中性盘
13:35:27	23.75	-0.04	15	35625	卖盘
13:35:21	23.79	--	9	21411	买盘
13:34:48	23.79	-0.01	1	2379	卖盘
13:34:33	23.8	0.01	9	21420	买盘
13:34:09	23.79	-0.01	5	11895	卖盘
13:33:36	23.8	0.01	3	7140	买盘
13:33:30	23.79	-0.01	6	14274	卖盘
13:33:24	23.8	0.01	6	14280	买盘
13:33:12	23.79	0.07	9	21411	买盘
13:33:03	23.72	-0.03	2	4744	卖盘
13:32:36	23.75	-0.04	24	57000	卖盘
13:32:33	23.79	--	3	7137	卖盘
13:32:30	23.79	--	27	64233	卖盘
13:32:24	23.79	0.04	70	166530	买盘
13:30:45	23.75	--	35	83125	卖盘
13:29:48	23.75	-0.04	11	26125	卖盘
13:29:27	23.79	0.01	21	49959	买盘
13:29:18	23.78	-0.01	5	11890	卖盘
13:29:00	23.79	0.01	10	23790	中性盘
13:28:12	23.78	-0.02	23	54694	卖盘
13:28:06	23.8	0.01	48	114240	买盘
13:28:03	23.79	-0.01	2	4758	卖盘
13:27:48	23.8	0.01	4	9520	买盘
13:27:18	23.79	-0.01	1	2379	卖盘
13:26:57	23.8	0.01	1	2380	买盘
13:26:48	23.79	--	10	23790	卖盘
13:26:33	23.79	--	22	52338	卖盘
13:25:03	23.79	-0.01	6	14274	卖盘
13:24:45	23.8	0.01	49	116620	买盘
13:21:36	23.79	--	10	23790	买盘
13:20:57	23.79	--	2	4758	中性盘
13:19:00	23.79	-0.01	24	57096	卖盘
13:18:48	23.8	--	15	35700	买盘
13:18:24	23.8	--	3	7140	买盘
13:18:06	23.8	0.04	5	11900	买盘
13:16:36	23.76	--	3	7128	买盘
13:16:09	23.76	0.04	30	71280	买盘
13:15:27	23.72	-0.03	20	47440	卖盘
13:15:21	23.75	0.03	16	38000	买盘
13:14:36	23.72	--	3	7116	买盘
13:14:33	23.72	-0.03	4	9488	卖盘
13:14:18	23.75	0.03	5	11875	买盘
13:11:24	23.72	-0.02	23	54556	卖盘
13:11:18	23.74	--	23	54602	卖盘
13:11:12	23.74	--	106	251643	卖盘
13:08:42	23.74	--	21	49854	卖盘
13:08:36	23.74	-0.01	7	16618	卖盘
13:07:09	23.75	0.01	2	4750	买盘
13:06:42	23.74	-0.01	2	4748	卖盘
13:06:03	23.75	0.01	1	2375	买盘
13:05:45	23.74	-0.01	14	33236	卖盘
13:05:33	23.75	0.01	10	23750	买盘
13:04:33	23.74	-0.01	22	52228	卖盘
13:04:27	23.75	--	20	47500	买盘
13:04:03	23.75	--	1	2375	买盘
13:03:39	23.75	0.01	1	2375	买盘
13:03:21	23.74	--	20	47480	卖盘
13:03:18	23.74	-0.01	22	52228	卖盘
13:03:09	23.75	--	24	57000	买盘
13:02:48	23.75	--	10	23750	买盘
13:01:30	23.75	0.01	10	23750	买盘
13:00:42	23.74	--	20	47480	卖盘
13:00:33	23.74	--	22	52228	卖盘
13:00:30	23.74	-0.01	23	54602	卖盘
13:00:06	23.75	0.01	12	28500	买盘
13:00:00	23.74	0.04	191	453433	买盘
11:30:00	23.7	--	0	0	卖盘
11:29:30	23.7	-0.04	12	28440	卖盘
11:29:12	23.74	0.04	5	11870	买盘
11:28:45	23.7	0.02	8	18960	中性盘
11:28:18	23.68	-0.06	23	54464	卖盘
11:28:12	23.74	0.01	41	97334	买盘
11:27:03	23.73	0.05	23	54579	买盘
11:26:00	23.68	-0.05	11	26048	卖盘
11:25:51	23.73	0.05	23	54579	买盘
11:25:36	23.68	-0.02	22	52096	卖盘
11:25:30	23.7	--	23	54510	卖盘
11:25:27	23.7	-0.03	23	54510	卖盘
11:25:21	23.73	0.01	100	237300	买盘
11:23:27	23.72	--	3	7519	卖盘
11:21:51	23.72	--	0	1423	卖盘
11:20:45	23.72	--	8	18976	卖盘
11:19:57	23.72	0.02	2	4744	买盘
11:19:54	23.7	0.01	0	1422	中性盘
11:19:00	23.69	-0.01	13	30797	卖盘
11:18:51	23.7	0.01	100	237000	买盘
11:18:24	23.69	--	11	26272	买盘
11:16:18	23.69	--	6	14758	卖盘
11:15:39	23.69	0.01	4	11300	买盘
11:15:30	23.68	--	22	52096	卖盘
11:15:15	23.68	--	2	4736	买盘
11:14:54	23.68	-0.01	12	28416	中性盘
11:14:09	23.69	-0.01	0	829	卖盘
11:14:06	23.7	0.01	16	37920	买盘
11:13:48	23.69	--	0	1824	卖盘
11:13:30	23.69	--	0	2084	卖盘
11:13:27	23.69	0.02	1	2369	买盘
11:13:00	23.67	--	16	37872	卖盘
11:12:45	23.67	--	0	1988	卖盘
11:12:39	23.67	-0.02	2	4734	卖盘
11:12:27	23.69	0.02	4	9476	买盘
11:12:21	23.67	--	0	1822	卖盘
11:12:00	23.67	--	7	16569	卖盘
11:11:57	23.67	-0.02	0	994	卖盘
11:11:51	23.69	0.02	15	35535	买盘
11:10:42	23.67	-0.03	8	18936	中性盘
11:10:27	23.7	0.05	10	23700	买盘
11:10:21	23.65	--	50	118250	买盘
11:10:00	23.65	-0.04	5	11825	中性盘
11:08:51	23.69	0.06	17	40273	买盘
11:08:45	23.63	-0.02	30	70890	卖盘
11:08:27	23.65	--	5	12936	卖盘
11:07:54	23.65	--	18	42570	卖盘
11:07:24	23.65	-0.05	3	7095	卖盘
11:07:15	23.7	0.04	15	35550	买盘
11:06:54	23.66	-0.04	2	4732	中性盘
11:06:33	23.7	0.04	3	7110	买盘
11:06:30	23.66	-0.04	20	47320	卖盘
11:05:57	23.7	--	15	35550	买盘
11:04:54	23.7	--	20	47400	买盘
11:03:12	23.7	--	5	11850	买盘
11:02:57	23.7	--	5	11850	买盘
11:02:09	23.7	--	10	23700	买盘
11:02:06	23.7	--	5	11850	买盘
11:01:42	23.7	--	2	4740	买盘
11:01:12	23.7	0.01	22	52140	买盘
11:01:09	23.69	--	2	4738	卖盘
11:01:06	23.69	0.01	18	42642	买盘
11:00:36	23.68	-0.02	4	9472	中性盘
10:58:36	23.7	0.05	9	21330	买盘
10:58:30	23.65	-0.03	18	42570	卖盘
10:58:06	23.68	0.02	20	47360	买盘
10:58:03	23.66	--	13	31018	卖盘
10:57:57	23.66	-0.02	1	4471	中性盘
10:57:27	23.68	0.03	8	18944	买盘
10:57:18	23.65	--	4	10713	买盘
10:56:51	23.65	-0.01	8	20031	卖盘
10:56:48	23.66	0.01	20	47320	买盘
10:56:45	23.65	-0.01	20	47300	卖盘
10:56:36	23.66	-0.02	4	9464	卖盘
10:56:24	23.68	--	8	18944	买盘
10:56:15	23.68	-0.02	10	23680	卖盘
10:55:51	23.7	0.02	11	26070	买盘
10:55:48	23.68	--	3	7104	卖盘
10:55:42	23.68	--	1	2368	卖盘
10:55:39	23.68	-0.02	1	2368	卖盘
10:55:36	23.7	--	1	4029	卖盘
10:55:27	23.7	--	0	711	卖盘
10:55:24	23.7	--	20	47400	卖盘
10:55:12	23.7	0.02	10	23700	买盘
10:54:48	23.68	0.01	4	9472	买盘
10:54:12	23.67	0.02	1	2367	买盘
10:54:03	23.65	--	1	3618	买盘
10:53:54	23.65	0.01	1	2365	买盘
10:53:18	23.64	-0.01	62	147679	卖盘
10:53:09	23.65	--	3	7402	卖盘
10:52:48	23.65	--	3	7095	卖盘
10:52:39	23.65	--	1	2790	卖盘
10:52:09	23.65	-0.02	4	9625	卖盘
10:51:57	23.67	0.02	2	4734	买盘
10:51:54	23.65	--	0	1135	卖盘
10:51:39	23.65	--	10	23981	卖盘
10:51:18	23.65	-0.01	20	47300	卖盘
10:51:09	23.66	--	5	11830	卖盘
10:51:06	23.66	-0.01	2	4732	卖盘
10:51:03	23.67	--	1	2367	买盘
10:50:12	23.67	-0.01	1	2367	中性盘
10:47:42	23.68	-0.01	5	11840	中性盘
10:46:09	23.69	0.04	21	49749	买盘
10:45:48	23.65	-0.01	3	7095	卖盘
10:45:03	23.66	--	1	2366	买盘
10:44:03	23.66	--	10	23660	买盘
10:43:12	23.66	--	1	2366	买盘
10:42:51	23.66	--	10	23660	买盘
10:42:39	23.66	--	20	47320	买盘
10:42:15	23.66	--	4	9464	买盘
10:42:12	23.66	--	50	118300	买盘
10:41:27	23.66	0.01	1	2366	买盘
10:41:21	23.65	--	8	18920	卖盘
10:41:03	23.65	-0.01	50	118250	卖盘
10:40:48	23.66	0.01	20	47320	买盘
10:40:39	23.65	0.01	3	7095	买盘
10:40:21	23.64	--	8	18912	买盘
10:40:18	23.64	--	10	23640	买盘
10:40:15	23.64	--	20	47280	买盘
10:39:42	23.64	--	1	2364	买盘
10:39:39	23.64	--	11	26004	卖盘
10:39:15	23.64	-0.01	1	2364	卖盘
10:38:54	23.65	--	7	16555	卖盘
10:38:51	23.65	--	4	9460	买盘
10:37:48	23.65	--	3	7095	买盘
10:37:00	23.65	--	3	7095	卖盘
10:36:48	23.65	--	5	11825	卖盘
10:35:48	23.65	--	20	47300	卖盘
10:34:45	23.65	--	1	2365	买盘
10:34:33	23.65	--	4	9460	卖盘
10:33:57	23.65	-0.01	1	2365	卖盘
10:33:48	23.66	--	10	23660	买盘
10:33:33	23.66	--	20	47320	买盘
10:33:24	23.66	0.03	22	52052	买盘
10:32:45	23.63	--	5	11815	卖盘
10:31:57	23.63	--	6	14178	卖盘
10:31:00	23.63	0.01	4	9452	中性盘
10:30:27	23.62	--	150	354300	卖盘
10:30:15	23.62	-0.01	32	75584	卖盘
10:30:09	23.63	0.01	61	144143	买盘
10:29:57	23.62	--	10	23620	卖盘
10:29:51	23.62	-0.01	5	11810	卖盘
10:29:00	23.63	--	59	139417	卖盘
10:28:57	23.63	--	6	14178	卖盘
10:28:00	23.63	-0.03	2	4726	卖盘
10:27:36	23.66	0.01	10	23660	买盘
10:27:33	23.65	-0.01	6	15845	卖盘
10:27:27	23.66	--	1	2366	买盘
10:26:45	23.66	--	16	37856	卖盘
10:25:39	23.66	--	1	2366	卖盘
10:25:00	23.66	--	4	9464	卖盘
10:24:27	23.66	--	4	9464	卖盘
10:24:12	23.66	0.01	1	2366	买盘
10:24:09	23.65	-0.01	20	47300	卖盘
10:24:06	23.66	0.01	5	11830	买盘
10:23:36	23.65	-0.01	3	7095	卖盘
10:23:27	23.66	--	1	2366	买盘
10:23:15	23.66	-0.02	193	456638	卖盘
10:23:00	23.68	--	21	49728	卖盘
10:22:42	23.68	-0.02	1	2368	卖盘
10:22:33	23.7	0.02	4	9480	买盘
10:21:57	23.68	-0.02	4	9472	卖盘
10:21:45	23.7	--	15	35550	卖盘
10:21:27	23.7	--	4	9480	卖盘
10:21:12	23.7	-0.03	7	16590	卖盘
10:21:09	23.73	0.01	1	2373	买盘
10:20:18	23.72	--	4	9488	卖盘
10:18:45	23.72	0.02	9	21348	中性盘
10:18:09	23.7	--	10	23700	卖盘
10:17:36	23.7	--	4	9480	买盘
10:17:24	23.7	--	16	37920	卖盘
10:16:57	23.7	--	4	9480	买盘
10:15:42	23.7	-0.04	6	14220	卖盘
10:14:51	23.74	--	6	14243	买盘
10:14:27	23.74	--	6	14243	买盘
10:13:42	23.74	--	13	30861	买盘
10:13:03	23.74	0.05	10	23740	买盘
10:12:12	23.69	--	1	4098	买盘
10:11:12	23.69	--	4	9476	买盘
10:10:51	23.69	0.01	13	30797	买盘
10:10:39	23.68	-0.01	19	46176	卖盘
10:10:06	23.69	--	6	14214	买盘
10:09:54	23.69	--	5	13669	卖盘
10:09:18	23.69	--	1	2913	买盘
10:08:48	23.69	0.01	9	21321	买盘
10:08:27	23.68	-0.01	3	7104	卖盘
10:08:09	23.69	--	1	2369	买盘
10:07:51	23.69	--	6	14214	买盘
10:07:45	23.69	--	3	7107	买盘
10:07:21	23.69	0.01	5	11845	买盘
10:07:15	23.68	-0.01	12	29600	卖盘
10:07:00	23.69	--	2	4738	卖盘
10:06:57	23.69	--	3	7107	卖盘
10:06:15	23.69	-0.06	1	2369	卖盘
10:06:12	23.75	0.07	15	35625	买盘
10:05:27	23.68	--	4	9472	卖盘
10:05:18	23.68	-0.06	4	9472	卖盘
10:05:12	23.74	--	10	23740	卖盘
10:05:06	23.74	--	16	37984	买盘
10:04:54	23.74	--	3	7121	买盘
10:04:06	23.74	0.06	9	21366	买盘
10:03:57	23.68	0.01	5	11840	买盘
10:03:51	23.67	--	17	40239	卖盘
10:03:48	23.67	-0.07	4	9468	卖盘
10:03:42	23.74	0.08	1	2374	买盘
10:03:15	23.66	-0.08	8	18928	卖盘
10:03:03	23.74	0.08	1	2374	买盘
10:03:00	23.66	0.01	100	236600	买盘
10:02:30	23.65	0.01	31	74024	买盘
10:02:27	23.64	-0.01	4	9456	中性盘
10:02:12	23.65	-0.02	21	51320	卖盘
10:02:06	23.67	0.01	6	14202	买盘
10:02:03	23.66	--	40	94640	卖盘
10:01:54	23.66	-0.01	10	23660	卖盘
10:01:45	23.67	--	21	49707	买盘
10:01:42	23.67	--	30	71010	买盘
10:01:36	23.67	0.01	15	35505	买盘
10:01:30	23.66	--	9	21294	卖盘
10:01:27	23.66	-0.01	5	11830	卖盘
10:01:21	23.67	--	5	11835	买盘
10:01:03	23.67	-0.02	22	52074	卖盘
10:00:42	23.69	0.01	26	61594	买盘
10:00:39	23.68	0.01	4	9472	买盘
10:00:36	23.67	--	2	4734	卖盘
10:00:21	23.67	-0.01	2	4734	卖盘
10:00:12	23.68	--	19	44992	卖盘
10:00:06	23.68	-0.01	8	18944	卖盘
10:00:00	23.69	--	19	45011	买盘
09:59:51	23.69	--	15	35535	卖盘
09:59:48	23.69	-0.05	1	2369	卖盘
09:59:39	23.74	--	5	11870	买盘
09:59:24	23.74	0.06	9	21366	买盘
09:57:48	23.68	--	20	47360	卖盘
09:56:21	23.68	--	1	2368	卖盘
09:56:18	23.68	--	2	4736	买盘
09:56:12	23.68	0.01	7	16576	买盘
09:55:57	23.67	-0.01	13	30771	卖盘
09:55:48	23.68	--	2	4736	买盘
09:55:45	23.68	0.01	10	23680	买盘
09:55:15	23.67	--	10	23670	卖盘
09:55:09	23.67	0.01	5	11835	买盘
09:55:00	23.66	--	4	11238	卖盘
09:54:45	23.66	--	2	4732	卖盘
09:54:39	23.66	--	1	3667	卖盘
09:54:30	23.66	-0.01	2	4732	卖盘
09:54:09	23.67	--	10	23670	买盘
09:54:06	23.67	-0.01	35	82845	卖盘
09:53:48	23.68	--	5	11840	买盘
09:53:45	23.68	0.01	30	71040	买盘
09:53:39	23.67	-0.01	30	71010	卖盘
09:53:30	23.68	--	1	2368	买盘
09:53:21	23.68	-0.03	35	82880	卖盘
09:53:15	23.71	0.02	7	16597	买盘
09:53:09	23.69	-0.02	8	18952	中性盘
09:53:00	23.71	0.02	10	23710	买盘
09:52:57	23.69	--	7	16583	卖盘
09:52:21	23.69	-0.01	9	21321	卖盘
09:52:18	23.7	--	6	14220	买盘
09:52:15	23.7	--	5	11850	买盘
09:52:00	23.7	--	14	33180	卖盘
09:51:48	23.7	-0.01	10	23700	中性盘
09:51:12	23.71	0.01	10	23710	买盘
09:51:06	23.7	--	5	11850	买盘
09:50:57	23.7	-0.01	3	7110	卖盘
09:50:48	23.71	--	2	4742	卖盘
09:50:33	23.71	--	31	73501	卖盘
09:50:15	23.71	0.01	2	4742	中性盘
09:49:57	23.7	-0.06	4	9480	卖盘
09:49:39	23.76	0.04	108	256608	买盘
09:49:27	23.72	-0.08	4	9488	卖盘
09:49:00	23.8	--	3	7140	买盘
09:48:51	23.8	0.09	10	23800	买盘
09:48:03	23.71	--	20	47420	卖盘
09:47:54	23.71	--	4	9484	卖盘
09:47:48	23.71	--	11	26081	买盘
09:47:45	23.71	0.01	4	9484	买盘
09:47:42	23.7	--	6	14220	卖盘
09:47:39	23.7	-0.01	4	9480	卖盘
09:47:36	23.71	--	19	45049	买盘
09:47:27	23.71	--	1	2371	卖盘
09:47:24	23.71	-0.09	4	9484	卖盘
09:47:06	23.8	0.12	10	23800	买盘
09:45:42	23.68	0.01	5	11840	中性盘
09:45:36	23.67	-0.13	18	42606	卖盘
09:45:18	23.8	0.1	29	69020	买盘
09:45:15	23.7	0.05	5	11850	买盘
09:45:03	23.65	--	4	9460	卖盘
09:44:57	23.65	--	14	33110	卖盘
09:44:54	23.65	--	10	23650	买盘
09:44:51	23.65	--	1	2365	买盘
09:44:48	23.65	--	11	26015	买盘
09:44:45	23.65	--	112	264880	买盘
09:44:42	23.65	--	21	49665	买盘
09:44:39	23.65	--	10	23650	买盘
09:44:33	23.65	--	8	18920	买盘
09:44:30	23.65	-0.05	34	80410	卖盘
09:44:15	23.7	-0.1	95	225150	卖盘
09:44:09	23.8	0.09	28	66640	买盘
09:43:30	23.71	-0.08	100	237100	卖盘
09:43:18	23.79	--	29	68991	买盘
09:42:45	23.79	0.08	28	66612	买盘
09:42:36	23.71	--	4	9484	卖盘
09:42:24	23.71	-0.01	100	237100	卖盘
09:42:21	23.72	--	12	28464	买盘
09:42:18	23.72	--	3	7116	买盘
09:42:15	23.72	--	32	75904	买盘
09:42:12	23.72	--	19	45068	卖盘
09:42:03	23.72	0.03	5	11860	中性盘
09:41:03	23.69	--	2	4738	卖盘
09:40:57	23.69	-0.11	10	23690	卖盘
09:40:54	23.8	0.11	2	4760	买盘
09:40:42	23.69	--	12	28854	买盘
09:40:39	23.69	--	9	21321	买盘
09:40:36	23.69	0.04	45	106605	买盘
09:40:30	23.65	-0.04	12	28380	卖盘
09:40:27	23.69	--	4	9476	买盘
09:40:21	23.69	-0.11	79	189093	卖盘
09:40:18	23.8	--	9	21420	买盘
09:40:03	23.8	0.02	18	42840	买盘
09:40:00	23.78	-0.03	3	7134	卖盘
09:39:57	23.81	0.01	26	61906	买盘
09:39:48	23.8	0.02	9	21420	买盘
09:39:42	23.78	--	100	237800	卖盘
09:39:39	23.78	--	7	16646	卖盘
09:39:33	23.78	--	1	2378	买盘
09:39:30	23.78	--	1	2378	买盘
09:39:24	23.78	-0.02	58	137924	卖盘
09:39:21	23.8	--	3	7140	卖盘
09:39:15	23.8	-0.01	6	14280	卖盘
09:39:03	23.81	-0.04	6	14286	卖盘
09:38:39	23.85	--	14	33390	买盘
09:38:30	23.85	0.03	9	21465	买盘
09:38:27	23.82	0.01	26	61932	卖盘
09:38:12	23.81	--	10	23810	买盘
09:38:09	23.81	-0.04	4	9524	卖盘
09:38:06	23.85	--	10	23850	买盘
09:37:51	23.85	0.04	4	9540	买盘
09:37:42	23.81	--	5	11905	卖盘
09:37:33	23.81	-0.04	20	47620	中性盘
09:37:27	23.85	0.05	10	23850	买盘
09:37:03	23.8	--	4	9520	卖盘
09:36:33	23.8	-0.05	20	47600	中性盘
09:36:18	23.85	0.06	9	21465	买盘
09:36:15	23.79	-0.06	19	45201	卖盘
09:35:33	23.85	0.06	2	4770	买盘
09:35:24	23.79	--	54	129798	卖盘
09:35:18	23.79	0.02	10	23790	中性盘
09:34:36	23.77	-0.08	1	2804	卖盘
09:34:27	23.85	0.08	11	26235	买盘
09:34:21	23.77	-0.08	18	42786	卖盘
09:34:18	23.85	--	16	38160	卖盘
09:33:42	23.85	-0.14	4	9540	中性盘
09:32:48	23.99	0.22	29	69571	买盘
09:32:36	23.77	--	5	11885	买盘
09:32:18	23.77	--	7	16639	买盘
09:32:06	23.77	--	11	26147	卖盘
09:31:57	23.77	-0.08	24	57048	卖盘
09:31:54	23.85	--	5	11925	买盘
09:31:24	23.85	--	12	28620	卖盘
09:31:12	23.85	-0.14	3	7155	卖盘
09:30:48	23.99	0.15	29	69571	中性盘
09:30:06	23.84	-0.16	4	9536	卖盘
09:30:03	24.0	--	12	28800	卖盘
09:30:00	24.0	--	0	0	卖盘
09:25:03	24.0	24	28	67200	买盘
