成交时间	成交价	价格变动	成交量(手)	成交额(元)	性质
15:00:03	24.83	-0.02	373	926158	卖盘
14:57:00	24.85	--	5	12425	买盘
14:56:57	24.85	0.04	5	12425	买盘
14:56:54	24.81	--	8	19848	卖盘
14:56:51	24.81	--	1	2481	卖盘
14:56:36	24.81	-0.14	21	52101	卖盘
14:56:27	24.95	-0.13	7	17465	买盘
14:56:12	25.08	0.3	355	890339	买盘
14:56:06	24.78	-0.22	9	22302	中性盘
14:55:57	25.0	0.28	406	1015000	买盘
14:55:54	24.72	-0.23	12	29664	卖盘
14:55:48	24.95	0.23	350	873250	买盘
14:55:45	24.72	--	6	14832	卖盘
14:55:42	24.72	-0.08	5	12360	卖盘
14:55:39	24.8	0.08	300	744000	买盘
14:55:36	24.72	--	7	17304	卖盘
14:55:30	24.72	--	1	2472	卖盘
14:55:27	24.72	--	10	24720	买盘
14:55:18	24.72	-0.03	5	12360	卖盘
14:55:09	24.75	--	2	4950	买盘
14:55:06	24.75	--	2	4950	买盘
14:55:03	24.75	-0.03	6	14850	卖盘
14:55:00	24.78	0.03	16	39648	买盘
14:54:51	24.75	-0.03	3	7425	卖盘
14:54:45	24.78	--	42	104076	卖盘
14:54:42	24.78	-0.01	3	7434	卖盘
14:54:39	24.79	0.01	6	14874	买盘
14:54:27	24.78	--	4	9912	卖盘
14:54:24	24.78	-0.01	4	9912	卖盘
14:54:18	24.79	0.01	14	34706	买盘
14:54:15	24.78	-0.01	1	2478	卖盘
14:54:09	24.79	--	30	74370	卖盘
14:53:57	24.79	-0.01	13	32227	卖盘
14:53:51	24.8	--	10	24800	买盘
14:53:48	24.8	--	3	7440	买盘
14:53:39	24.8	--	3	7440	卖盘
14:53:33	24.8	--	1	2480	卖盘
14:53:27	24.8	--	134	332320	中性盘
14:53:21	24.8	--	2	4960	卖盘
14:53:18	24.8	--	15	37200	卖盘
14:53:15	24.8	-0.05	1	2480	卖盘
14:53:09	24.85	0.07	10	24850	买盘
14:53:03	24.78	--	1	2478	卖盘
14:53:00	24.78	-0.14	1	2478	卖盘
14:52:57	24.92	0.14	135	336420	买盘
14:52:54	24.78	--	4	9912	买盘
14:52:42	24.78	-0.1	1	2478	买盘
14:52:33	24.88	0.03	100	248800	买盘
14:52:21	24.85	0.17	203	504455	买盘
14:52:18	24.68	-0.12	41	101188	卖盘
14:52:00	24.8	0.06	300	744000	买盘
14:51:57	24.74	0.06	15	37110	买盘
14:51:48	24.68	-0.07	312	770016	卖盘
14:51:39	24.75	--	40	99000	卖盘
14:51:33	24.75	--	14	34650	卖盘
14:51:27	24.75	--	40	99000	卖盘
14:51:18	24.75	--	90	222750	卖盘
14:51:15	24.75	--	1	2475	卖盘
14:51:12	24.75	--	30	74250	卖盘
14:51:09	24.75	--	37	91575	卖盘
14:51:03	24.75	--	13	32175	卖盘
14:51:00	24.75	-0.01	16	39600	卖盘
14:50:57	24.76	0.01	1	2476	买盘
14:50:54	24.75	-0.01	17	42075	卖盘
14:50:45	24.76	--	20	49520	卖盘
14:50:42	24.76	-0.02	3	7428	卖盘
14:50:30	24.78	--	2	4956	卖盘
14:50:21	24.78	-0.02	4	9912	卖盘
14:49:54	24.8	--	62	153760	卖盘
14:49:51	24.8	--	15	37200	卖盘
14:49:48	24.8	-0.01	6	14880	卖盘
14:49:42	24.81	0.01	47	116607	买盘
14:49:33	24.8	--	60	148800	卖盘
14:49:27	24.8	--	11	27280	卖盘
14:49:24	24.8	-0.01	27	66960	卖盘
14:49:18	24.81	--	4	9924	卖盘
14:49:12	24.81	--	7	17367	卖盘
14:48:57	24.81	--	10	24810	卖盘
14:48:51	24.81	-0.01	3	7443	卖盘
14:48:30	24.82	--	1	2482	买盘
14:48:15	24.82	0.01	2	4964	买盘
14:48:06	24.81	--	1	2481	卖盘
14:48:03	24.81	--	7	17367	卖盘
14:47:33	24.81	-0.01	3	7443	卖盘
14:47:24	24.82	0.01	13	32266	买盘
14:47:21	24.81	-0.01	6	14886	卖盘
14:47:09	24.82	--	2	4964	卖盘
14:46:57	24.82	-0.03	8	19856	卖盘
14:46:48	24.85	0.03	20	49700	买盘
14:46:42	24.82	0.01	7	17374	买盘
14:46:18	24.81	-0.01	20	49620	卖盘
14:46:15	24.82	--	35	86870	卖盘
14:46:03	24.82	-0.02	8	19856	卖盘
14:45:57	24.84	0.02	4	9936	中性盘
14:45:33	24.82	--	2	4964	卖盘
14:45:30	24.82	-0.02	20	49640	卖盘
14:45:27	24.84	0.01	20	49680	买盘
14:45:18	24.83	-0.01	36	89388	卖盘
14:44:51	24.84	0.01	2	4968	买盘
14:44:45	24.83	--	2	4966	卖盘
14:44:36	24.83	-0.01	5	12415	中性盘
14:44:12	24.84	-0.01	3	7452	中性盘
14:43:51	24.85	--	10	24850	买盘
14:43:18	24.85	--	5	12425	买盘
14:43:09	24.85	--	10	24850	买盘
14:42:33	24.85	0.03	1	2485	买盘
14:42:30	24.82	--	11	27302	卖盘
14:42:27	24.82	--	1	2482	卖盘
14:42:24	24.82	--	3	7446	卖盘
14:41:57	24.82	--	6	14892	卖盘
14:41:48	24.82	--	15	37230	卖盘
14:41:45	24.82	--	15	37230	卖盘
14:41:27	24.82	-0.03	19	47158	卖盘
14:41:12	24.85	--	15	37275	卖盘
14:41:03	24.85	--	42	104370	卖盘
14:40:54	24.85	--	11	27335	卖盘
14:40:36	24.85	0.03	32	79520	买盘
14:40:30	24.82	--	12	29784	卖盘
14:40:00	24.82	0.01	42	104244	买盘
14:39:57	24.81	--	2	4962	卖盘
14:39:51	24.81	--	2	4962	卖盘
14:39:48	24.81	--	15	37215	卖盘
14:39:39	24.81	-0.01	10	24810	卖盘
14:39:30	24.82	--	5	12410	卖盘
14:39:21	24.82	--	6	14892	卖盘
14:38:54	24.82	-0.01	3	7446	卖盘
14:38:39	24.83	-0.02	1	2483	卖盘
14:38:24	24.85	0.02	5	12425	买盘
14:38:09	24.83	--	13	32278	卖盘
14:38:00	24.83	--	1	2483	买盘
14:37:57	24.83	0.01	14	34762	买盘
14:37:06	24.82	0.01	15	37230	买盘
14:36:57	24.81	-0.01	5	12405	卖盘
14:36:30	24.82	--	3	7446	买盘
14:36:18	24.82	0.01	2	4964	买盘
14:36:12	24.81	--	2	4962	卖盘
14:36:03	24.81	--	2	4962	卖盘
14:35:51	24.81	0.01	5	12405	买盘
14:35:33	24.8	-0.01	5	12400	卖盘
14:35:30	24.81	--	1	2481	买盘
14:35:27	24.81	--	6	14886	买盘
14:35:24	24.81	0.01	4	9924	买盘
14:35:21	24.8	--	6	14880	卖盘
14:35:18	24.8	-0.01	20	49600	卖盘
14:35:12	24.81	--	10	24810	买盘
14:34:57	24.81	--	14	34734	买盘
14:34:54	24.81	--	3	7443	买盘
14:34:48	24.81	--	1	2481	买盘
14:34:45	24.81	0.01	3	7443	买盘
14:34:39	24.8	-0.01	10	24800	卖盘
14:34:27	24.81	--	2	4962	买盘
14:34:24	24.81	--	1	2481	买盘
14:34:03	24.81	--	2	4962	卖盘
14:33:51	24.81	--	8	19848	卖盘
14:33:48	24.81	--	7	17367	卖盘
14:33:42	24.81	--	10	24810	卖盘
14:33:33	24.81	--	4	9924	卖盘
14:33:30	24.81	--	35	86835	卖盘
14:33:27	24.81	--	1	2481	卖盘
14:33:21	24.81	--	10	24810	卖盘
14:33:09	24.81	-0.01	34	84354	卖盘
14:33:06	24.82	--	8	19856	买盘
14:33:03	24.82	--	6	14892	卖盘
14:33:00	24.82	--	3	7446	卖盘
14:32:57	24.82	--	6	14892	卖盘
14:32:51	24.82	--	18	44676	买盘
14:32:48	24.82	0.01	2	4964	中性盘
14:32:42	24.81	-0.02	28	69468	卖盘
14:32:33	24.83	-0.01	1	2483	卖盘
14:32:24	24.84	--	9	22356	卖盘
14:32:18	24.84	-0.01	73	181332	卖盘
14:32:15	24.85	0.01	10	24850	买盘
14:32:09	24.84	--	6	14904	卖盘
14:32:06	24.84	-0.01	6	14904	卖盘
14:32:03	24.85	--	11	27335	买盘
14:32:00	24.85	--	14	34790	卖盘
14:31:57	24.85	--	2	4970	卖盘
14:31:54	24.85	--	2	4970	卖盘
14:31:51	24.85	--	17	42245	卖盘
14:31:48	24.85	--	4	9940	卖盘
14:31:42	24.85	--	2	4970	卖盘
14:31:39	24.85	--	2	4970	卖盘
14:31:33	24.85	--	18	44730	卖盘
14:31:30	24.85	--	9	22365	卖盘
14:31:24	24.85	--	7	17395	卖盘
14:31:18	24.85	--	50	124250	卖盘
14:31:06	24.85	-0.01	29	72065	卖盘
14:30:57	24.86	--	1	2486	卖盘
14:30:54	24.86	-0.01	5	12430	卖盘
14:30:42	24.87	--	7	17409	卖盘
14:30:39	24.87	--	20	49740	卖盘
14:30:24	24.87	--	2	4974	卖盘
14:30:09	24.87	-0.02	6	14922	卖盘
14:29:57	24.89	--	5	12445	买盘
14:29:42	24.89	0.01	2	4978	买盘
14:29:36	24.88	--	14	34832	卖盘
14:29:33	24.88	--	37	92056	卖盘
14:29:21	24.88	-0.01	22	54736	卖盘
14:29:15	24.89	--	4	9956	买盘
14:28:30	24.89	--	2	4978	卖盘
14:28:18	24.89	--	3	7467	卖盘
14:27:57	24.89	0.01	7	17423	中性盘
14:26:48	24.88	--	4	9952	卖盘
14:26:36	24.88	--	4	9952	卖盘
14:26:18	24.88	--	11	27368	卖盘
14:25:30	24.88	--	10	24880	卖盘
14:25:27	24.88	--	10	24880	卖盘
14:25:24	24.88	-0.01	10	24880	卖盘
14:25:18	24.89	--	25	62225	买盘
14:25:12	24.89	0.01	1	2489	买盘
14:25:03	24.88	-0.01	2	4976	卖盘
14:25:00	24.89	0.01	2	4978	买盘
14:24:27	24.88	--	2	4976	卖盘
14:24:21	24.88	-0.01	1	2488	卖盘
14:24:06	24.89	0.01	10	24890	买盘
14:23:54	24.88	-0.01	20	49760	卖盘
14:23:30	24.89	--	3	7467	卖盘
14:23:06	24.89	--	3	7467	中性盘
14:22:36	24.89	0.01	2	4978	中性盘
14:22:21	24.88	--	3	7464	卖盘
14:20:24	24.88	0.01	6	14928	买盘
14:20:15	24.87	--	5	12435	卖盘
14:20:03	24.87	-0.02	3	7461	卖盘
14:19:54	24.89	0.01	10	24890	买盘
14:19:42	24.88	--	10	24880	买盘
14:19:27	24.88	0.01	3	7464	买盘
14:19:18	24.87	-0.01	9	22383	卖盘
14:19:09	24.88	0.01	9	22392	买盘
14:19:06	24.87	--	6	14922	卖盘
14:18:48	24.87	--	9	22383	卖盘
14:18:12	24.87	--	2	4974	卖盘
14:18:03	24.87	--	7	17409	卖盘
14:17:51	24.87	--	2	4974	卖盘
14:17:09	24.87	0.01	7	17409	买盘
14:17:03	24.86	--	20	49720	卖盘
14:16:57	24.86	--	1	2486	卖盘
14:16:39	24.86	--	9	22374	卖盘
14:16:30	24.86	--	2	4972	卖盘
14:16:15	24.86	--	26	64636	卖盘
14:15:54	24.86	-0.02	20	49720	卖盘
14:15:45	24.88	--	2	4976	买盘
14:15:39	24.88	--	21	52248	买盘
14:15:27	24.88	--	2	4976	买盘
14:15:21	24.88	--	25	62200	卖盘
14:15:15	24.88	--	13	32344	卖盘
14:15:06	24.88	--	2	4976	卖盘
14:14:42	24.88	--	1	2488	卖盘
14:14:36	24.88	-0.02	13	32344	卖盘
14:14:09	24.9	--	50	124500	买盘
14:14:03	24.9	--	6	14940	买盘
14:13:42	24.9	--	5	12450	买盘
14:13:30	24.9	--	10	24900	买盘
14:13:18	24.9	--	17	42330	卖盘
14:13:12	24.9	-0.01	11	27390	卖盘
14:13:06	24.91	--	3	7473	买盘
14:13:03	24.91	--	2	4982	买盘
14:13:00	24.91	0.01	19	47329	买盘
14:12:42	24.9	-0.01	1	2490	卖盘
14:12:21	24.91	0.01	1	2491	买盘
14:12:18	24.9	--	1	2490	买盘
14:12:03	24.9	--	2	4980	买盘
14:12:00	24.9	--	7	17430	卖盘
14:11:54	24.9	--	5	12450	卖盘
14:11:48	24.9	--	10	24900	卖盘
14:11:42	24.9	--	1	2490	卖盘
14:11:30	24.9	--	2	4980	卖盘
14:11:21	24.9	-0.01	26	64739	卖盘
14:11:09	24.91	0.01	1	2491	买盘
14:11:03	24.9	-0.01	2	4980	卖盘
14:10:51	24.91	-0.01	27	67257	卖盘
14:10:18	24.92	--	7	17444	卖盘
14:10:15	24.92	-0.01	3	7476	卖盘
14:09:45	24.93	0.01	6	14958	买盘
14:09:42	24.92	-0.01	1	2492	卖盘
14:09:39	24.93	0.01	3	7479	买盘
14:09:15	24.92	0.01	3	7476	买盘
14:09:03	24.91	-0.01	11	27401	卖盘
14:08:54	24.92	0.01	2	4984	买盘
14:08:48	24.91	-0.01	2	4982	卖盘
14:08:33	24.92	--	3	7476	卖盘
14:08:27	24.92	--	35	87220	卖盘
14:08:24	24.92	--	2	4984	卖盘
14:08:12	24.92	-0.01	2	4984	卖盘
14:07:39	24.93	--	7	17451	卖盘
14:07:27	24.93	--	2	4986	卖盘
14:07:18	24.93	-0.01	1	2493	卖盘
14:07:15	24.94	--	10	24940	买盘
14:06:57	24.94	0.02	5	12470	买盘
14:04:51	24.92	-0.02	1	2492	中性盘
14:04:06	24.94	--	51	127194	卖盘
14:04:00	24.94	--	5	12470	卖盘
14:03:48	24.94	0.02	32	79808	买盘
14:03:33	24.92	-0.02	2	4984	卖盘
14:03:27	24.94	--	1	2494	买盘
14:02:36	24.94	--	2	4988	买盘
14:02:18	24.94	0.02	5	12470	买盘
14:01:57	24.92	-0.02	2	4984	卖盘
14:01:33	24.94	0.02	16	39904	买盘
14:01:27	24.92	--	1	2492	卖盘
14:01:24	24.92	--	10	24920	卖盘
14:00:48	24.92	--	5	12460	买盘
14:00:18	24.92	0.01	10	24920	买盘
14:00:12	24.91	--	1	2491	卖盘
14:00:06	24.91	--	12	29892	卖盘
13:59:54	24.91	--	3	7473	买盘
13:59:42	24.91	--	2	4982	卖盘
13:59:12	24.91	--	3	7473	卖盘
13:58:15	24.91	-0.01	6	14946	卖盘
13:58:06	24.92	--	24	59808	买盘
13:57:54	24.92	--	10	24920	卖盘
13:57:51	24.92	--	6	14952	卖盘
13:57:45	24.92	--	10	24920	卖盘
13:57:42	24.92	--	24	59808	买盘
13:57:36	24.92	0.01	6	14952	买盘
13:57:27	24.91	-0.01	3	7473	卖盘
13:57:09	24.92	--	1	2492	买盘
13:56:36	24.92	-0.03	18	44856	卖盘
13:56:30	24.95	0.01	5	12475	买盘
13:56:03	24.94	0.02	49	122206	买盘
13:55:21	24.92	--	3	7476	买盘
13:55:06	24.92	--	10	24920	买盘
13:54:30	24.92	--	33	82236	买盘
13:54:24	24.92	--	18	44856	卖盘
13:54:06	24.92	--	37	92204	卖盘
13:54:03	24.92	--	2	4984	卖盘
13:53:42	24.92	-0.03	15	37380	中性盘
13:53:06	24.95	--	1	2495	卖盘
13:53:03	24.95	0.01	5	12475	买盘
13:52:45	24.94	-0.01	32	79808	卖盘
13:52:36	24.95	--	10	24950	买盘
13:52:33	24.95	0.01	2	4990	买盘
13:52:18	24.94	0.04	15	37410	中性盘
13:51:30	24.9	--	4	9960	卖盘
13:51:15	24.9	--	5	12450	买盘
13:51:00	24.9	--	100	249000	卖盘
13:50:57	24.9	--	4	9960	卖盘
13:50:39	24.9	-0.05	1	2490	中性盘
13:50:12	24.95	--	10	24950	买盘
13:50:03	24.95	--	1	2495	买盘
13:49:51	24.95	-0.01	9	22455	卖盘
13:49:36	24.96	-0.03	12	29952	中性盘
13:49:15	24.99	-0.01	4	9996	卖盘
13:49:09	25.0	0.01	5	12500	买盘
13:49:06	24.99	--	14	34986	卖盘
13:48:57	24.99	0.04	1	2499	买盘
13:48:54	24.95	--	5	12475	卖盘
13:48:45	24.95	-0.04	6	14970	卖盘
13:48:30	24.99	-0.02	59	147441	卖盘
13:48:27	25.01	-0.04	2	5002	卖盘
13:48:24	25.05	--	5	12525	买盘
13:48:18	25.05	--	8	21893	卖盘
13:48:09	25.05	--	8	20040	卖盘
13:48:06	25.05	--	6	15030	卖盘
13:48:03	25.05	-0.05	3	7515	卖盘
13:47:45	25.1	0.05	5	12550	买盘
13:47:42	25.05	-0.06	6	15030	卖盘
13:47:39	25.11	--	10	25110	买盘
13:47:36	25.11	--	109	273699	卖盘
13:47:33	25.11	--	10	25110	卖盘
13:47:30	25.11	--	21	52731	买盘
13:47:27	25.11	0.01	4	10044	买盘
13:47:24	25.1	--	25	62750	卖盘
13:47:21	25.1	--	3	7530	卖盘
13:47:18	25.1	--	8	20080	卖盘
13:47:15	25.1	0.05	98	245980	买盘
13:47:12	25.05	-0.03	8	20040	卖盘
13:47:03	25.08	0.03	38	95304	买盘
13:47:00	25.05	--	30	75150	卖盘
13:46:57	25.05	--	6	15030	卖盘
13:46:48	25.05	0.03	74	186021	买盘
13:46:42	25.02	-0.02	17	44385	卖盘
13:46:39	25.04	0.01	25	62600	买盘
13:46:36	25.03	-0.01	15	37545	中性盘
13:46:33	25.04	0.02	33	82632	买盘
13:46:24	25.02	--	3	7506	卖盘
13:46:21	25.02	0.03	318	796286	买盘
13:46:18	24.99	--	5	12495	卖盘
13:46:12	24.99	0.04	140	349860	买盘
13:46:06	24.95	--	3	7485	卖盘
13:45:57	24.95	0.01	108	269460	买盘
13:45:45	24.94	0.04	55	137170	买盘
13:45:36	24.9	--	9	22410	卖盘
13:45:33	24.9	0.02	91	226590	买盘
13:45:21	24.88	0.03	50	124400	买盘
13:45:06	24.85	-0.01	18	44730	卖盘
13:45:03	24.86	--	11	27346	买盘
13:44:54	24.86	--	5	12430	卖盘
13:44:51	24.86	--	6	14916	买盘
13:44:45	24.86	--	2	4972	买盘
13:44:33	24.86	--	10	24860	买盘
13:44:27	24.86	-0.01	2	4972	卖盘
13:44:18	24.87	0.02	5	12435	买盘
13:43:57	24.85	--	3	7455	卖盘
13:43:48	24.85	--	10	24850	卖盘
13:43:30	24.85	--	1	2485	卖盘
13:43:24	24.85	0.01	3	7455	买盘
13:43:18	24.84	-0.01	2	4968	卖盘
13:43:15	24.85	0.01	1	2485	中性盘
13:43:00	24.84	--	6	14904	卖盘
13:42:51	24.84	--	5	12420	卖盘
13:41:57	24.84	--	6	14904	卖盘
13:41:45	24.84	-0.04	4	9936	卖盘
13:41:03	24.88	0.04	4	9952	买盘
13:40:51	24.84	0.01	9	22356	买盘
13:40:42	24.83	--	2	4966	卖盘
13:40:39	24.83	--	9	22347	卖盘
13:40:33	24.83	--	10	24830	中性盘
13:40:27	24.83	-0.01	10	24830	卖盘
13:40:21	24.84	--	1	2484	买盘
13:40:15	24.84	-0.04	1	2484	卖盘
13:40:03	24.88	0.05	10	24880	买盘
13:40:00	24.83	--	1	2483	买盘
13:39:57	24.83	--	9	22347	卖盘
13:39:48	24.83	-0.02	24	59591	卖盘
13:39:42	24.85	0.02	23	57155	买盘
13:39:36	24.83	--	16	39728	买盘
13:39:21	24.83	--	6	14897	卖盘
13:39:09	24.83	-0.02	21	52143	卖盘
13:38:45	24.85	0.02	4	9940	买盘
13:38:42	24.83	-0.02	5	12415	卖盘
13:38:36	24.85	--	6	14910	买盘
13:38:18	24.85	0.01	22	54670	买盘
13:38:15	24.84	-0.01	8	19872	卖盘
13:38:12	24.85	--	3	7455	买盘
13:38:09	24.85	--	37	91945	卖盘
13:38:00	24.85	--	10	24850	卖盘
13:37:57	24.85	--	2	4970	卖盘
13:37:54	24.85	--	2	4970	卖盘
13:37:27	24.85	-0.03	150	372750	卖盘
13:37:18	24.88	-0.02	50	124400	卖盘
13:37:06	24.9	--	27	67230	卖盘
13:37:00	24.9	--	100	249000	卖盘
13:36:57	24.9	--	1	2490	卖盘
13:36:45	24.9	--	3	7470	卖盘
13:36:33	24.9	-0.01	5	12450	卖盘
13:36:30	24.91	0.01	2	4982	买盘
13:36:18	24.9	--	20	49800	卖盘
13:36:12	24.9	--	4	9960	卖盘
13:36:09	24.9	--	15	37350	卖盘
13:36:06	24.9	--	8	19920	卖盘
13:36:03	24.9	--	6	14940	卖盘
13:36:00	24.9	--	20	49800	卖盘
13:35:54	24.9	--	1	2490	卖盘
13:35:45	24.9	--	1	2490	卖盘
13:35:36	24.9	--	32	79680	卖盘
13:35:21	24.9	-0.01	2	4980	卖盘
13:35:15	24.91	--	4	9964	卖盘
13:35:06	24.91	--	6	14946	卖盘
13:34:54	24.91	--	1	2491	卖盘
13:34:36	24.91	-0.02	6	14946	卖盘
13:34:24	24.93	0.02	3	7479	买盘
13:34:15	24.91	--	5	12455	卖盘
13:34:06	24.91	0.01	5	12455	中性盘
13:33:57	24.9	--	6	14940	卖盘
13:33:36	24.9	--	12	29880	卖盘
13:33:27	24.9	--	3	7470	卖盘
13:33:21	24.9	-0.04	12	29880	卖盘
13:33:18	24.94	--	14	34916	买盘
13:33:12	24.94	--	10	24940	买盘
13:33:00	24.94	0.04	2	4988	买盘
13:32:54	24.9	-0.04	13	32369	卖盘
13:32:51	24.94	0.04	7	17458	中性盘
13:32:24	24.9	-0.04	6	14940	卖盘
13:32:21	24.94	--	4	9976	买盘
13:32:09	24.94	0.04	10	24940	买盘
13:31:57	24.9	--	2	4980	卖盘
13:31:54	24.9	-0.04	1	2490	卖盘
13:31:51	24.94	0.05	3	7482	买盘
13:31:48	24.89	0.01	7	17423	中性盘
13:31:33	24.88	--	1	2488	卖盘
13:31:30	24.88	0.02	9	22392	买盘
13:31:24	24.86	-0.02	3	7458	卖盘
13:31:18	24.88	--	10	24880	买盘
13:31:00	24.88	0.01	27	67176	买盘
13:30:54	24.87	--	1	2487	买盘
13:30:48	24.87	--	9	22383	买盘
13:30:45	24.87	--	15	37305	买盘
13:30:36	24.87	--	15	37305	买盘
13:30:30	24.87	--	3	7461	买盘
13:30:15	24.87	0.01	20	49740	买盘
13:29:57	24.86	--	2	4972	卖盘
13:29:51	24.86	--	15	37290	买盘
13:29:45	24.86	--	1	2486	买盘
13:29:39	24.86	--	8	19888	买盘
13:29:33	24.86	0.01	34	84524	买盘
13:29:30	24.85	-0.01	10	24850	卖盘
13:29:27	24.86	0.01	3	7458	买盘
13:29:09	24.85	--	10	24850	卖盘
13:29:06	24.85	--	10	24850	卖盘
13:28:48	24.85	--	30	74550	卖盘
13:28:45	24.85	-0.01	3	7455	卖盘
13:28:39	24.86	0.01	11	27346	买盘
13:28:24	24.85	--	7	17395	买盘
13:28:21	24.85	--	11	27335	买盘
13:28:09	24.85	--	40	99400	卖盘
13:27:54	24.85	--	2	4970	买盘
13:27:42	24.85	--	4	9940	买盘
13:27:21	24.85	--	10	24850	买盘
13:27:06	24.85	--	12	29820	买盘
13:27:03	24.85	--	5	12425	买盘
13:26:57	24.85	0.01	17	42245	买盘
13:26:54	24.84	-0.01	1	2484	卖盘
13:26:45	24.85	0.01	1	2485	买盘
13:26:39	24.84	--	100	248400	卖盘
13:26:33	24.84	-0.01	15	37260	卖盘
13:26:24	24.85	--	2	4970	买盘
13:26:21	24.85	--	10	24850	买盘
13:26:06	24.85	--	1	2485	买盘
13:26:03	24.85	0.01	2	4970	买盘
13:25:48	24.84	--	10	24840	卖盘
13:25:42	24.84	--	12	29808	卖盘
13:25:24	24.84	--	34	84456	买盘
13:25:09	24.84	--	13	32292	买盘
13:25:06	24.84	--	8	19872	买盘
13:25:00	24.84	--	4	9936	买盘
13:24:42	24.84	--	12	29808	卖盘
13:24:39	24.84	-0.01	14	34776	卖盘
13:24:18	24.85	0.01	3	7455	买盘
13:23:54	24.84	--	7	17388	卖盘
13:23:51	24.84	--	17	42228	买盘
13:23:48	24.84	--	9	22356	卖盘
13:23:36	24.84	--	4	9936	卖盘
13:23:27	24.84	-0.01	2	4968	卖盘
13:23:24	24.85	--	10	24850	买盘
13:23:09	24.85	0.01	11	27335	买盘
13:22:48	24.84	--	11	27324	买盘
13:22:39	24.84	0.01	5	12420	买盘
13:22:36	24.83	-0.01	6	14897	卖盘
13:22:21	24.84	--	4	9936	买盘
13:22:06	24.84	-0.01	5	12420	卖盘
13:22:00	24.85	0.01	2	4970	买盘
13:21:54	24.84	--	10	24840	卖盘
13:21:48	24.84	-0.01	9	22356	卖盘
13:21:45	24.85	--	15	37275	买盘
13:21:27	24.85	0.01	1	2485	买盘
13:21:21	24.84	0.02	15	37260	买盘
13:21:15	24.82	-0.02	2	4964	卖盘
13:21:09	24.84	0.01	4	9936	买盘
13:21:06	24.83	0.01	8	19864	买盘
13:20:57	24.82	--	10	24820	卖盘
13:20:54	24.82	--	2	4964	卖盘
13:20:51	24.82	--	37	91834	卖盘
13:20:45	24.82	--	58	143956	卖盘
13:20:36	24.82	--	1	2482	卖盘
13:20:30	24.82	-0.01	21	52122	卖盘
13:20:24	24.83	--	5	12415	买盘
13:20:00	24.83	--	3	7448	买盘
13:19:57	24.83	0.01	12	29795	买盘
13:19:48	24.82	--	4	9928	卖盘
13:19:42	24.82	--	10	24820	卖盘
13:19:27	24.82	-0.01	1	2482	卖盘
13:19:21	24.83	--	2	4966	买盘
13:18:54	24.83	0.02	6	14897	买盘
13:18:48	24.81	-0.01	25	62025	卖盘
13:18:45	24.82	-0.01	10	24820	卖盘
13:18:39	24.83	0.01	2	4966	买盘
13:18:36	24.82	-0.01	6	14892	卖盘
13:18:33	24.83	0.01	32	79456	买盘
13:18:30	24.82	-0.01	3	7446	卖盘
13:18:24	24.83	0.01	4	9932	买盘
13:18:21	24.82	-0.01	5	12410	卖盘
13:18:15	24.83	--	41	101803	卖盘
13:18:06	24.83	--	15	37245	卖盘
13:18:03	24.83	--	2	4966	卖盘
13:17:57	24.83	--	11	27312	卖盘
13:17:51	24.83	-0.01	7	17381	卖盘
13:17:48	24.84	0.01	5	12420	买盘
13:17:39	24.83	-0.01	20	49660	卖盘
13:17:33	24.84	--	5	12420	卖盘
13:17:27	24.84	-0.01	11	27324	卖盘
13:17:21	24.85	-0.01	10	24850	卖盘
13:17:15	24.86	--	1	2486	卖盘
13:17:09	24.86	--	4	9944	买盘
13:17:00	24.86	--	10	24860	卖盘
13:16:57	24.86	-0.01	2	4972	卖盘
13:16:36	24.87	-0.01	1	2487	卖盘
13:16:33	24.88	0.01	1	2488	买盘
13:16:30	24.87	--	10	24870	卖盘
13:16:24	24.87	-0.01	5	12435	卖盘
13:16:18	24.88	--	15	37320	卖盘
13:16:12	24.88	--	10	24880	买盘
13:16:06	24.88	--	1	2488	买盘
13:15:57	24.88	-0.01	3	7464	卖盘
13:15:48	24.89	--	12	29868	卖盘
13:15:45	24.89	-0.01	29	72181	卖盘
13:15:36	24.9	-0.03	5	12450	买盘
13:15:33	24.93	0.03	49	122157	买盘
13:15:30	24.9	-0.02	45	112050	卖盘
13:15:24	24.92	-0.02	1	2492	卖盘
13:15:12	24.94	--	30	74820	买盘
13:15:06	24.94	-0.02	1	2494	卖盘
13:15:03	24.96	--	15	37440	买盘
13:15:00	24.96	--	1	2496	买盘
13:14:57	24.96	-0.01	21	52416	中性盘
13:14:48	24.97	--	4	9988	买盘
13:14:45	24.97	--	9	22473	买盘
13:14:27	24.97	-0.03	9	22473	卖盘
13:14:24	25.0	--	10	25000	买盘
13:14:21	25.0	--	13	32500	买盘
13:14:18	25.0	--	9	22500	买盘
13:14:15	25.0	--	100	251850	卖盘
13:14:06	25.0	0.03	112	280650	买盘
13:14:00	24.97	0.04	5	12485	买盘
13:13:57	24.93	-0.02	6	14958	卖盘
13:13:54	24.95	0.02	40	99800	买盘
13:13:48	24.93	--	37	92241	买盘
13:13:45	24.93	0.01	55	137115	买盘
13:13:39	24.92	-0.01	39	97188	卖盘
13:13:36	24.93	0.02	11	27423	买盘
13:13:33	24.91	--	47	117077	卖盘
13:13:27	24.91	--	30	74730	卖盘
13:13:24	24.91	0.01	18	44838	买盘
13:13:15	24.9	--	31	77190	买盘
13:13:12	24.9	0.01	20	49800	买盘
13:13:09	24.89	--	3	7467	卖盘
13:12:57	24.89	0.01	6	14934	买盘
13:12:51	24.88	--	11	27368	卖盘
13:12:48	24.88	--	66	164208	卖盘
13:12:45	24.88	--	5	12440	卖盘
13:12:39	24.88	--	109	271192	买盘
13:12:36	24.88	0.01	10	24880	买盘
13:12:30	24.87	--	5	12435	卖盘
13:12:27	24.87	--	5	12435	卖盘
13:12:24	24.87	--	3	7461	卖盘
13:12:21	24.87	--	2	4974	卖盘
13:12:18	24.87	--	159	395433	买盘
13:12:09	24.87	--	4	9948	买盘
13:12:06	24.87	0.02	10	24870	买盘
13:12:03	24.85	--	11	27335	买盘
13:12:00	24.85	-0.02	5	12425	卖盘
13:11:54	24.87	0.03	71	176577	买盘
13:11:51	24.84	-0.01	26	64584	卖盘
13:11:42	24.85	--	10	24850	卖盘
13:11:39	24.85	--	26	64610	买盘
13:11:33	24.85	--	21	52185	买盘
13:11:24	24.85	0.02	58	145571	买盘
13:11:21	24.83	-0.02	5	12415	卖盘
13:11:18	24.85	--	5	12425	买盘
13:11:06	24.85	--	5	12425	买盘
13:11:00	24.85	0.02	12	29820	买盘
13:10:57	24.83	--	2	4966	卖盘
13:10:54	24.83	--	5	12415	卖盘
13:10:48	24.83	0.01	5	12415	卖盘
13:10:45	24.82	--	109	270538	卖盘
13:10:33	24.82	-0.06	10	24820	卖盘
13:10:30	24.88	0.03	2	4976	买盘
13:10:27	24.85	--	54	134190	买盘
13:10:24	24.85	0.02	9	22365	买盘
13:10:21	24.83	-0.02	1	2483	卖盘
13:10:18	24.85	0.02	1	2485	买盘
13:10:15	24.83	-0.02	1	2483	卖盘
13:10:12	24.85	--	2	4970	买盘
13:10:09	24.85	--	5	12425	买盘
13:10:06	24.85	-0.03	33	82005	卖盘
13:10:03	24.88	-0.02	6	14928	中性盘
13:09:51	24.9	0.02	40	99600	买盘
13:09:48	24.88	-0.02	23	57224	卖盘
13:09:42	24.9	--	75	186750	买盘
13:09:39	24.9	--	2	4980	买盘
13:09:33	24.9	--	47	117030	卖盘
13:09:24	24.9	--	38	94620	买盘
13:09:18	24.9	-0.01	4	9960	卖盘
13:09:15	24.91	0.02	1	2491	买盘
13:09:12	24.89	-0.02	9	22401	卖盘
13:09:09	24.91	--	46	114586	买盘
13:09:06	24.91	--	1	2491	买盘
13:09:03	24.91	--	13	32383	买盘
13:09:00	24.91	-0.01	19	47329	卖盘
13:08:57	24.92	--	1	2492	买盘
13:08:54	24.92	--	30	74760	买盘
13:08:51	24.92	-0.01	7	17444	卖盘
13:08:48	24.93	0.02	10	24930	买盘
13:08:45	24.91	--	9	22419	卖盘
13:08:42	24.91	-0.01	44	109604	卖盘
13:08:39	24.92	--	11	27412	卖盘
13:08:36	24.92	0.02	80	199360	买盘
13:08:33	24.9	--	59	146910	卖盘
13:08:30	24.9	-0.02	1	2490	卖盘
13:08:27	24.92	--	11	27412	买盘
13:08:24	24.92	--	10	24920	买盘
13:08:15	24.92	0.03	70	174440	买盘
13:08:12	24.89	--	22	54758	卖盘
13:08:09	24.89	--	4	9956	卖盘
13:08:06	24.89	--	1	2489	买盘
13:08:03	24.89	0.01	4	9956	买盘
13:08:00	24.88	0.08	2	4976	买盘
13:07:57	24.8	-0.08	50	124000	卖盘
13:07:51	24.88	-0.02	12	29856	中性盘
13:07:45	24.9	0.1	1	2490	买盘
13:07:42	24.8	-0.09	63	156240	卖盘
13:07:39	24.89	--	34	84626	买盘
13:07:36	24.89	0.09	10	24890	中性盘
13:07:33	24.8	0.09	9	22320	买盘
13:07:30	24.71	-0.09	1	2471	中性盘
13:07:27	24.8	--	2	4960	买盘
13:07:21	24.8	0.1	30	74400	买盘
13:07:18	24.7	-0.1	50	123500	卖盘
13:07:12	24.8	--	322	798560	买盘
13:07:09	24.8	-0.11	59	146320	卖盘
13:07:06	24.91	--	16	39856	买盘
13:07:03	24.91	--	10	24910	卖盘
13:07:00	24.91	-0.02	19	47329	卖盘
13:06:57	24.93	--	14	34902	买盘
13:06:54	24.93	-0.01	3	7479	卖盘
13:06:51	24.94	0.01	37	92278	买盘
13:06:48	24.93	-0.01	9	22437	卖盘
13:06:45	24.94	-0.03	14	34916	卖盘
13:06:42	24.97	0.03	7	17479	买盘
13:06:39	24.94	-0.03	15	37410	卖盘
13:06:36	24.97	-0.01	36	89892	卖盘
13:06:33	24.98	--	30	74940	买盘
13:06:30	24.98	-0.01	22	54956	卖盘
13:06:24	24.99	--	117	294232	卖盘
13:06:21	24.99	--	27	67473	卖盘
13:06:18	24.99	-0.01	10	24990	卖盘
13:06:15	25.0	--	11	27500	买盘
13:06:12	25.0	--	40	100000	买盘
13:06:09	25.0	--	24	60000	买盘
13:06:06	25.0	--	10	25000	买盘
13:06:03	25.0	-0.03	117	292500	卖盘
13:06:00	25.03	-0.01	4	10012	中性盘
13:05:57	25.04	0.04	146	366235	买盘
13:05:54	25.0	--	161	402500	卖盘
13:05:48	25.0	-0.01	4	10000	卖盘
13:05:45	25.01	0.01	1	2501	卖盘
13:05:42	25.0	0.01	1	2500	卖盘
13:05:39	24.99	-0.03	96	239903	卖盘
13:05:36	25.02	0.02	55	137610	买盘
13:05:33	25.0	--	40	100000	买盘
13:05:30	25.0	--	100	250000	买盘
13:05:27	25.0	-0.02	32	80000	卖盘
13:05:24	25.02	0.02	15	37530	卖盘
13:05:21	25.0	-0.17	65	162500	卖盘
13:05:15	25.17	0.17	30	75510	买盘
13:05:12	25.0	-0.02	300	750000	卖盘
13:05:09	25.02	-0.16	19	47538	中性盘
13:05:03	25.18	-0.01	4	10072	买盘
13:05:00	25.19	--	3	7557	买盘
13:04:54	25.19	0.2	9	22671	中性盘
13:04:42	24.99	-0.21	60	149940	卖盘
13:04:39	25.2	0.2	77	194040	买盘
13:04:36	25.0	--	139	347500	买盘
13:04:33	25.0	--	36	90000	买盘
13:04:30	25.0	--	8	20000	买盘
13:04:27	25.0	--	57	142500	买盘
13:04:24	25.0	--	3	7500	买盘
13:04:21	25.0	-0.24	17	42500	卖盘
13:04:18	25.24	0.24	202	509847	买盘
13:04:15	25.0	0.01	84	210000	买盘
13:04:12	24.99	--	58	144942	买盘
13:04:09	24.99	-0.01	92	229908	卖盘
13:04:06	25.0	--	52	130000	买盘
13:04:03	25.0	--	102	255000	卖盘
13:04:00	25.0	--	77	192500	买盘
13:03:57	25.0	--	161	402500	买盘
13:03:54	25.0	--	20	50000	买盘
13:03:51	25.0	--	60	150000	买盘
13:03:48	25.0	--	87	217500	卖盘
13:03:45	25.0	-0.02	97	242500	卖盘
13:03:42	25.02	-0.22	10	25020	卖盘
13:03:39	25.24	0.09	24	60575	买盘
13:03:36	25.15	0.13	78	196170	买盘
13:03:33	25.02	0.02	90	225180	买盘
13:03:30	25.0	--	129	322500	卖盘
13:03:27	25.0	-0.02	102	255000	卖盘
13:03:24	25.02	0.02	33	82566	中性盘
13:03:21	25.0	--	228	570000	卖盘
13:03:18	25.0	-0.25	60	150000	卖盘
13:03:15	25.25	0.25	7	17675	买盘
13:03:12	25.0	--	9	22500	买盘
13:03:09	25.0	--	94	235000	买盘
13:03:06	25.0	--	6	15000	买盘
13:03:03	25.0	--	5	12500	买盘
13:03:00	25.0	0.02	36	90000	买盘
13:02:57	24.98	-0.02	14	34972	中性盘
13:02:54	25.0	-0.25	222	555000	卖盘
13:02:51	25.25	0.23	110	277750	买盘
13:02:48	25.02	-0.23	83	207666	卖盘
13:02:45	25.25	0.25	100	252500	买盘
13:02:42	25.0	--	200	500000	卖盘
13:02:39	25.0	-0.02	118	295000	卖盘
13:02:36	25.02	--	66	165132	买盘
13:02:33	25.02	--	32	80064	买盘
13:02:30	25.02	--	29	72558	卖盘
13:02:27	25.02	-0.26	5	12510	卖盘
13:02:24	25.28	0.28	33	83424	中性盘
13:02:21	25.0	--	26	65000	卖盘
13:02:15	25.0	-0.58	10	25000	卖盘
13:02:12	25.58	-0.13	91	232777	卖盘
13:02:09	25.71	0.13	55	141405	买盘
13:02:03	25.58	0.69	78	199524	买盘
13:02:00	24.89	-0.69	23	57247	卖盘
13:01:57	25.58	0.78	108	276264	买盘
13:01:54	24.8	-0.2	8	19840	卖盘
13:01:51	25.0	-0.8	80	200000	卖盘
13:01:48	25.8	-0.18	1	2580	中性盘
13:01:39	25.98	--	125	324750	买盘
13:01:36	25.98	1.75	5	12990	买盘
13:01:24	24.23	-1.75	23	55729	中性盘
13:01:15	25.98	1.76	4600	11950800	买盘
13:00:33	24.22	--	2	4844	买盘
13:00:24	24.22	-0.01	8	19376	卖盘
13:00:06	24.23	--	5	12115	买盘
13:00:03	24.23	-0.05	69	167187	卖盘
13:00:00	24.28	--	0	0	买盘
11:30:00	24.28	--	0	0	买盘
11:29:51	24.28	0.05	7	16996	买盘
11:29:24	24.23	--	7	16961	买盘
11:29:18	24.23	--	21	50883	买盘
11:29:12	24.23	--	43	104189	卖盘
11:28:33	24.23	-0.01	6	14538	卖盘
11:27:51	24.24	0.01	1	2424	卖盘
11:27:27	24.23	-0.05	1	2423	卖盘
11:27:09	24.28	--	16	38848	买盘
11:26:57	24.28	0.07	1	2428	买盘
11:26:45	24.21	-0.01	50	121050	卖盘
11:26:27	24.22	-0.02	16	38752	卖盘
11:26:18	24.24	0.02	3	7271	买盘
11:25:54	24.22	-0.02	2	4844	卖盘
11:25:39	24.24	0.01	5	12120	买盘
11:25:33	24.23	-0.01	37	89651	卖盘
11:25:24	24.24	--	20	48480	买盘
11:25:21	24.24	--	9	21816	买盘
11:25:03	24.24	0.02	5	12120	买盘
11:24:51	24.22	-0.01	7	16954	卖盘
11:24:21	24.23	-0.01	2	4846	卖盘
11:24:15	24.24	0.01	1	2424	买盘
11:24:12	24.23	--	5	12115	卖盘
11:24:06	24.23	--	8	19384	卖盘
11:23:57	24.23	-0.01	4	9692	卖盘
11:23:45	24.24	--	10	24240	买盘
11:23:42	24.24	-0.01	79	191496	卖盘
11:23:36	24.25	--	20	48500	卖盘
11:23:21	24.25	--	31	75175	卖盘
11:23:15	24.25	-0.01	4	9700	卖盘
11:23:09	24.26	0.02	5	12130	买盘
11:23:00	24.24	-0.01	10	24240	卖盘
11:22:36	24.25	-0.01	24	58200	卖盘
11:22:09	24.26	0.01	1	2426	买盘
11:21:51	24.25	--	43	104275	卖盘
11:21:39	24.25	-0.01	55	133375	卖盘
11:21:33	24.26	--	3	7278	买盘
11:21:18	24.26	--	7	16982	买盘
11:21:15	24.26	0.01	28	67928	买盘
11:21:12	24.25	--	2	4850	卖盘
11:20:57	24.25	-0.01	5	12125	卖盘
11:20:45	24.26	-0.02	125	303250	卖盘
11:20:36	24.28	--	1	2428	卖盘
11:20:30	24.28	--	3	7284	卖盘
11:20:15	24.28	-0.01	3	7284	卖盘
11:19:45	24.29	-0.01	20	48580	卖盘
11:19:27	24.3	0.01	3	7290	买盘
11:19:21	24.29	-0.01	4	9716	卖盘
11:18:45	24.3	--	3	7290	买盘
11:18:30	24.3	--	10	24300	买盘
11:18:18	24.3	--	2	4860	买盘
11:17:54	24.3	0.02	1	2430	买盘
11:17:51	24.28	-0.02	47	114116	卖盘
11:17:48	24.3	--	1	2430	买盘
11:17:36	24.3	--	23	55890	买盘
11:17:30	24.3	--	5	12344	卖盘
11:17:21	24.3	--	1	2430	卖盘
11:16:54	24.3	--	3	9525	买盘
11:16:39	24.3	--	16	39074	卖盘
11:16:21	24.3	--	0	2235	买盘
11:16:18	24.3	0.02	14	34020	买盘
11:16:12	24.28	--	15	36420	卖盘
11:15:51	24.28	-0.02	1	2428	卖盘
11:14:54	24.3	--	12	29354	卖盘
11:14:48	24.3	-0.01	10	24300	卖盘
11:14:36	24.31	--	6	14586	卖盘
11:13:51	24.31	--	5	12155	卖盘
11:13:45	24.31	-0.01	2	4862	卖盘
11:13:21	24.32	--	10	24320	买盘
11:13:06	24.32	0.01	8	19456	买盘
11:12:39	24.31	--	3	7293	买盘
11:12:30	24.31	0.01	14	34034	买盘
11:11:45	24.3	--	5	12150	卖盘
11:11:33	24.3	--	47	116445	买盘
11:11:06	24.3	--	2	4860	买盘
11:10:12	24.3	0.02	5	12150	买盘
11:09:36	24.28	--	3	7284	中性盘
11:09:12	24.28	--	2	4856	买盘
11:08:57	24.28	0.02	2	4856	中性盘
11:07:15	24.26	0.01	2	4852	中性盘
11:06:54	24.25	-0.02	23	55775	卖盘
11:06:42	24.27	0.01	60	145620	买盘
11:06:36	24.26	-0.01	5	12130	卖盘
11:06:33	24.27	0.01	1	2427	买盘
11:06:27	24.26	-0.01	27	65502	卖盘
11:06:21	24.27	0.01	1	2427	买盘
11:05:48	24.26	-0.01	34	82484	卖盘
11:05:09	24.27	-0.03	97	235419	卖盘
11:04:42	24.3	--	42	102060	买盘
11:04:18	24.3	0.02	5	12150	买盘
11:03:39	24.28	--	29	70412	买盘
11:03:21	24.28	-0.01	132	320496	卖盘
11:03:00	24.29	-0.01	3	7287	卖盘
11:02:39	24.3	--	35	85050	卖盘
11:02:21	24.3	--	2	4860	卖盘
11:01:33	24.3	--	37	89910	买盘
11:01:15	24.3	0.01	4	9720	买盘
11:01:09	24.29	--	27	65583	卖盘
11:01:06	24.29	0.01	5	12145	买盘
11:00:06	24.28	--	7	16996	买盘
11:00:03	24.28	0.01	3	7284	中性盘
10:59:48	24.27	-0.02	5	12135	卖盘
10:59:27	24.29	0.01	60	145740	买盘
10:59:24	24.28	--	48	116544	卖盘
10:59:18	24.28	--	30	72840	卖盘
10:59:09	24.28	-0.01	42	101976	卖盘
10:58:57	24.29	-0.02	76	184604	卖盘
10:58:30	24.31	--	10	24310	买盘
10:58:00	24.31	-0.02	42	102102	卖盘
10:57:39	24.33	--	4	9732	买盘
10:57:30	24.33	--	30	72990	买盘
10:56:39	24.33	0.01	72	175176	买盘
10:56:30	24.32	--	50	121600	买盘
10:56:18	24.32	--	7	17024	卖盘
10:56:06	24.32	--	3	7296	买盘
10:55:27	24.32	0.01	2	4864	买盘
10:55:18	24.31	-0.01	6	14586	卖盘
10:55:12	24.32	--	40	97280	买盘
10:54:57	24.32	0.01	3	7296	买盘
10:54:39	24.31	0.01	2	4862	买盘
10:54:15	24.3	--	6	14580	买盘
10:54:09	24.3	--	6	14580	买盘
10:54:03	24.3	0.01	20	48600	买盘
10:53:48	24.29	--	5	12145	卖盘
10:53:36	24.29	0.01	66	160314	买盘
10:53:24	24.28	-0.01	10	24280	卖盘
10:53:09	24.29	--	1	2429	买盘
10:53:03	24.29	--	60	145740	买盘
10:52:45	24.29	--	6	14574	买盘
10:52:36	24.29	0.01	25	60725	买盘
10:52:30	24.28	--	7	16996	卖盘
10:52:15	24.28	--	37	89836	卖盘
10:52:12	24.28	--	16	38848	卖盘
10:51:48	24.28	--	3	7284	买盘
10:51:45	24.28	0.01	12	29136	卖盘
10:51:30	24.27	--	4	9708	买盘
10:51:21	24.27	--	35	84945	卖盘
10:51:09	24.27	--	30	72810	卖盘
10:51:06	24.27	-0.01	7	16989	卖盘
10:51:00	24.28	--	1	2428	买盘
10:50:54	24.28	--	71	172388	买盘
10:50:48	24.28	0.01	1	2428	买盘
10:50:42	24.27	--	10	24270	卖盘
10:50:30	24.27	-0.01	1	2427	卖盘
10:50:21	24.28	--	8	19424	买盘
10:50:09	24.28	--	27	65556	卖盘
10:50:03	24.28	-0.01	4	9712	卖盘
10:50:00	24.29	--	30	72870	买盘
10:49:57	24.29	0.01	10	24290	买盘
10:49:51	24.28	-0.01	1	2428	卖盘
10:49:33	24.29	--	30	72870	买盘
10:49:30	24.29	--	20	48580	买盘
10:49:27	24.29	--	10	24290	买盘
10:49:24	24.29	--	3	7287	买盘
10:49:21	24.29	--	13	31577	买盘
10:49:12	24.29	--	4	9716	买盘
10:49:06	24.29	--	26	63154	卖盘
10:48:45	24.29	-0.01	13	31577	卖盘
10:48:42	24.3	--	3	7290	买盘
10:48:39	24.3	--	4	9720	买盘
10:48:27	24.3	0.02	4	9720	中性盘
10:48:06	24.28	-0.01	70	169960	卖盘
10:47:45	24.29	-0.02	105	255045	卖盘
10:47:39	24.31	--	4	9724	买盘
10:47:36	24.31	--	5	12155	买盘
10:47:15	24.31	-0.02	14	34034	卖盘
10:46:51	24.33	0.02	11	26762	买盘
10:46:21	24.31	0.01	1	2431	买盘
10:46:12	24.3	-0.01	21	51030	卖盘
10:46:06	24.31	0.01	2	4862	买盘
10:46:03	24.3	--	17	41310	卖盘
10:45:36	24.3	--	1	2430	买盘
10:45:33	24.3	0.01	12	29160	买盘
10:45:15	24.29	--	4	9716	卖盘
10:45:00	24.29	--	15	36435	卖盘
10:44:51	24.29	--	27	65583	卖盘
10:44:18	24.29	-0.01	16	38864	卖盘
10:44:00	24.3	--	6	14580	买盘
10:43:57	24.3	--	81	196830	卖盘
10:43:54	24.3	--	5	12150	卖盘
10:43:51	24.3	-0.01	2	4860	卖盘
10:43:36	24.31	--	10	24310	买盘
10:43:18	24.31	0.01	2	4862	买盘
10:43:12	24.3	-0.01	15	36450	卖盘
10:43:09	24.31	--	4	9724	买盘
10:43:00	24.31	0.01	5	12155	买盘
10:42:54	24.3	-0.01	5	12150	卖盘
10:42:30	24.31	0.01	1	2431	买盘
10:42:18	24.3	-0.01	11	26730	卖盘
10:41:48	24.31	--	27	65637	卖盘
10:41:24	24.31	-0.02	6	14586	卖盘
10:41:12	24.33	0.02	3	7298	买盘
10:41:06	24.31	--	1	2431	卖盘
10:40:57	24.31	--	34	82654	卖盘
10:40:51	24.31	-0.02	2	4862	卖盘
10:40:30	24.33	--	4	9732	买盘
10:40:00	24.33	--	16	38928	买盘
10:39:57	24.33	0.02	2	4866	买盘
10:39:51	24.31	--	47	114257	卖盘
10:39:42	24.31	-0.02	43	104533	卖盘
10:39:36	24.33	0.02	1	2433	买盘
10:39:30	24.31	-0.02	10	24310	卖盘
10:39:15	24.33	--	5	12165	买盘
10:39:03	24.33	--	2	4866	买盘
10:38:57	24.33	0.02	4	9732	买盘
10:38:30	24.31	--	36	87516	卖盘
10:38:09	24.31	-0.02	9	21879	卖盘
10:38:03	24.33	0.02	3	7298	买盘
10:38:00	24.31	--	2	4862	卖盘
10:37:42	24.31	0.01	1	2431	中性盘
10:37:21	24.3	--	28	68040	卖盘
10:37:15	24.3	--	3	7290	卖盘
10:36:57	24.3	--	5	12150	卖盘
10:36:30	24.3	-0.02	9	21870	卖盘
10:36:21	24.32	0.02	7	17024	中性盘
10:35:54	24.3	-0.01	79	191970	卖盘
10:35:51	24.31	0.01	44	106964	买盘
10:35:45	24.3	--	19	46170	卖盘
10:35:33	24.3	-0.01	1	2430	卖盘
10:35:24	24.31	--	13	31603	买盘
10:35:21	24.31	--	15	36465	卖盘
10:35:12	24.31	-0.01	30	72930	卖盘
10:35:00	24.32	--	13	31616	卖盘
10:34:54	24.32	--	12	29184	卖盘
10:34:48	24.32	--	19	46208	卖盘
10:34:45	24.32	--	39	94848	卖盘
10:34:42	24.32	--	1	2432	卖盘
10:34:36	24.32	--	10	24320	卖盘
10:34:33	24.32	--	15	36480	买盘
10:34:21	24.32	--	8	19456	买盘
10:34:18	24.32	--	3	7296	买盘
10:34:15	24.32	--	2	4864	买盘
10:34:09	24.32	--	3	7296	买盘
10:34:06	24.32	--	1	2432	买盘
10:33:54	24.32	--	8	19456	买盘
10:33:51	24.32	-0.01	28	68096	卖盘
10:33:39	24.33	--	5	12165	买盘
10:33:24	24.33	0.01	1	2433	中性盘
10:33:12	24.32	--	7	17024	买盘
10:33:06	24.32	-0.02	2	4864	卖盘
10:33:03	24.34	0.02	4	9736	买盘
10:32:48	24.32	0.01	2	4864	卖盘
10:32:24	24.31	--	18	43758	买盘
10:32:18	24.31	--	21	51051	卖盘
10:32:09	24.31	--	9	21879	卖盘
10:32:06	24.31	0.01	14	34034	买盘
10:31:54	24.3	-0.03	121	294030	卖盘
10:31:45	24.33	-0.01	27	65691	卖盘
10:31:42	24.34	0.01	1	2434	买盘
10:31:39	24.33	-0.01	35	85155	卖盘
10:31:30	24.34	--	3	7302	卖盘
10:31:21	24.34	-0.01	2	4868	卖盘
10:31:00	24.35	-0.01	36	87660	卖盘
10:30:51	24.36	--	4	9744	卖盘
10:30:48	24.36	--	2	4872	卖盘
10:30:36	24.36	-0.01	19	46284	卖盘
10:30:27	24.37	--	1	2437	买盘
10:30:24	24.37	--	6	14622	买盘
10:30:06	24.37	--	11	26807	卖盘
10:30:00	24.37	--	40	97480	卖盘
10:29:54	24.37	0.01	1	2437	卖盘
10:29:45	24.36	-0.01	61	148596	卖盘
10:29:36	24.37	0.01	2	4874	买盘
10:29:33	24.36	-0.02	5	12180	卖盘
10:29:21	24.38	--	6	14628	买盘
10:29:15	24.38	--	10	24380	买盘
10:29:12	24.38	0.03	10	24380	买盘
10:29:00	24.35	--	73	177755	买盘
10:28:54	24.35	0.01	6	14610	买盘
10:28:51	24.34	-0.01	7	17038	卖盘
10:28:45	24.35	--	3	7305	买盘
10:28:42	24.35	0.01	11	26785	买盘
10:28:33	24.34	-0.01	23	55982	卖盘
10:28:21	24.35	--	1	2435	买盘
10:28:18	24.35	--	1	2435	买盘
10:28:09	24.35	--	2	4870	买盘
10:28:06	24.35	--	3	7305	买盘
10:28:00	24.35	0.02	4	9740	买盘
10:27:36	24.33	--	26	63257	买盘
10:27:24	24.33	0.01	30	72990	买盘
10:27:15	24.32	0.01	46	111872	买盘
10:26:48	24.31	--	9	21879	买盘
10:26:36	24.31	0.01	8	19448	买盘
10:26:24	24.3	--	36	87480	卖盘
10:26:21	24.3	--	1	2430	卖盘
10:26:18	24.3	-0.01	10	24300	卖盘
10:26:12	24.31	--	1	2431	买盘
10:26:09	24.31	0.01	9	21879	买盘
10:26:00	24.3	--	46	111780	买盘
10:25:27	24.3	0.01	50	121500	买盘
10:24:51	24.29	--	5	12145	卖盘
10:24:42	24.29	--	27	65583	买盘
10:24:39	24.29	--	30	72870	卖盘
10:24:36	24.29	-0.01	10	24290	卖盘
10:24:30	24.3	--	10	24300	买盘
10:24:15	24.3	-0.01	16	38880	卖盘
10:24:12	24.31	0.01	10	24310	买盘
10:24:00	24.3	--	1	2430	卖盘
10:23:57	24.3	--	4	9720	买盘
10:23:36	24.3	0.01	4	9720	买盘
10:23:30	24.29	-0.01	17	41293	卖盘
10:23:24	24.3	--	5	12150	买盘
10:23:15	24.3	--	5	12150	买盘
10:23:09	24.3	--	5	12150	买盘
10:23:00	24.3	-0.01	44	106920	卖盘
10:22:57	24.31	0.01	5	12155	买盘
10:22:51	24.3	--	4	9720	买盘
10:22:42	24.3	0.01	5	12150	买盘
10:22:33	24.29	--	1	2429	卖盘
10:22:30	24.29	--	3	7287	买盘
10:22:21	24.29	--	15	36435	买盘
10:22:12	24.29	--	5	12145	买盘
10:22:00	24.29	--	1	2429	买盘
10:21:57	24.29	-0.01	13	31577	卖盘
10:21:42	24.3	--	1	2430	买盘
10:21:27	24.3	0.01	20	48600	买盘
10:20:48	24.29	--	1	2429	卖盘
10:20:42	24.29	--	9	21861	买盘
10:20:15	24.29	--	3	7287	买盘
10:20:09	24.29	--	15	36435	买盘
10:20:03	24.29	--	1	2429	买盘
10:19:57	24.29	--	23	55867	卖盘
10:19:54	24.29	--	7	17003	卖盘
10:19:51	24.29	--	20	48580	卖盘
10:19:39	24.29	0.01	29	70441	买盘
10:18:54	24.28	--	5	12140	卖盘
10:18:36	24.28	--	1	2428	卖盘
10:18:24	24.28	0.01	3	7284	买盘
10:18:12	24.27	-0.01	21	50967	卖盘
10:18:06	24.28	--	2	4856	买盘
10:18:00	24.28	--	1	2428	买盘
10:17:54	24.28	--	2	4856	买盘
10:17:39	24.28	--	2	4856	买盘
10:17:36	24.28	0.01	1	2428	中性盘
10:16:54	24.27	--	20	48540	卖盘
10:16:33	24.27	--	10	24270	卖盘
10:16:30	24.27	--	5	12135	卖盘
10:16:15	24.27	--	1	2427	买盘
10:16:09	24.27	--	4	9708	买盘
10:16:06	24.27	-0.02	13	31551	卖盘
10:16:03	24.29	0.02	10	24290	买盘
10:16:00	24.27	-0.01	5	12135	卖盘
10:15:45	24.28	-0.01	20	48560	中性盘
10:15:09	24.29	-0.01	37	89873	卖盘
10:14:06	24.3	--	3	7290	买盘
10:13:51	24.3	--	2	4860	买盘
10:13:48	24.3	--	2	4860	买盘
10:13:42	24.3	--	1	2430	买盘
10:13:33	24.3	--	4	9720	买盘
10:13:30	24.3	0.01	2	4860	买盘
10:13:21	24.29	0.03	2	4858	买盘
10:13:06	24.26	--	2	4852	买盘
10:13:03	24.26	--	5	12130	买盘
10:12:54	24.26	--	4	9704	买盘
10:12:48	24.26	--	2	4852	买盘
10:12:42	24.26	--	3	7278	卖盘
10:12:36	24.26	--	9	21834	卖盘
10:12:18	24.26	--	5	12130	卖盘
10:12:06	24.26	--	5	12130	卖盘
10:11:48	24.26	--	50	121300	卖盘
10:11:42	24.26	--	12	29112	卖盘
10:11:33	24.26	-0.01	19	46094	卖盘
10:11:30	24.27	0.01	1	2427	买盘
10:11:27	24.26	--	13	31538	卖盘
10:11:09	24.26	-0.01	73	177098	卖盘
10:11:06	24.27	--	3	7281	卖盘
10:11:03	24.27	--	1	2427	卖盘
10:11:00	24.27	--	1	2427	卖盘
10:10:57	24.27	--	3	7281	卖盘
10:10:45	24.27	--	3	7281	卖盘
10:10:39	24.27	-0.01	12	29124	卖盘
10:10:36	24.28	0.01	6	14568	买盘
10:10:27	24.27	--	11	26697	买盘
10:10:21	24.27	--	10	24270	买盘
10:10:18	24.27	--	16	38832	卖盘
10:10:15	24.27	--	10	24270	卖盘
10:10:12	24.27	--	1	2427	卖盘
10:10:09	24.27	--	13	31551	卖盘
10:10:03	24.27	-0.01	7	16989	卖盘
10:10:00	24.28	--	6	14568	买盘
10:09:54	24.28	--	10	24280	买盘
10:09:33	24.28	--	1	2428	买盘
10:09:30	24.28	-0.01	36	87408	卖盘
10:09:24	24.29	-0.01	5	12145	卖盘
10:09:12	24.3	0.01	6	14580	买盘
10:09:09	24.29	-0.01	2	4858	卖盘
10:09:06	24.3	0.01	1	2430	买盘
10:09:03	24.29	-0.01	5	12145	卖盘
10:09:00	24.3	--	3	7290	买盘
10:08:39	24.3	--	39	94770	卖盘
10:08:33	24.3	--	13	31590	买盘
10:08:24	24.3	-0.01	14	34020	卖盘
10:08:15	24.31	0.01	4	9724	中性盘
10:08:12	24.3	-0.02	27	65610	卖盘
10:08:06	24.32	0.01	9	21888	买盘
10:08:03	24.31	--	6	14586	卖盘
10:07:57	24.31	-0.01	2	4862	卖盘
10:07:51	24.32	--	1	2432	买盘
10:07:48	24.32	-0.01	10	24320	买盘
10:07:30	24.33	0.03	2	4866	买盘
10:07:18	24.3	--	2	4860	中性盘
10:07:15	24.3	-0.03	41	99630	卖盘
10:06:51	24.33	0.03	3	7298	买盘
10:06:48	24.3	--	3	7290	卖盘
10:06:42	24.3	--	16	38880	卖盘
10:06:33	24.3	--	14	34020	买盘
10:06:24	24.3	--	20	48600	卖盘
10:06:15	24.3	-0.03	11	26730	卖盘
10:06:12	24.33	-0.01	23	55958	卖盘
10:06:09	24.34	0.01	5	12170	中性盘
10:06:03	24.33	--	87	211670	卖盘
10:05:48	24.33	0.03	32	77856	买盘
10:05:45	24.3	-0.03	31	75330	卖盘
10:05:39	24.33	--	3	7298	买盘
10:05:33	24.33	--	8	19464	买盘
10:05:06	24.33	--	10	24330	买盘
10:05:03	24.33	--	1	2433	买盘
10:04:57	24.33	0.01	10	24330	买盘
10:04:48	24.32	-0.01	1	2432	卖盘
10:04:45	24.33	--	6	14597	买盘
10:04:42	24.33	0.01	5	12165	买盘
10:04:33	24.32	--	1	2432	卖盘
10:04:15	24.32	--	10	24320	买盘
10:04:12	24.32	--	3	7296	买盘
10:04:06	24.32	--	10	24320	买盘
10:04:00	24.32	--	14	34048	买盘
10:03:42	24.32	--	1	2432	买盘
10:03:33	24.32	0.03	4	9728	买盘
10:03:15	24.29	--	2	4858	卖盘
10:03:00	24.29	-0.01	23	55867	卖盘
10:02:54	24.3	--	8	19440	卖盘
10:02:48	24.3	0.02	1	2430	买盘
10:02:39	24.28	-0.02	7	16996	卖盘
10:02:33	24.3	--	4	9720	买盘
10:02:30	24.3	--	10	24300	买盘
10:02:27	24.3	0.02	1	2430	买盘
10:02:09	24.28	--	2	4856	卖盘
10:02:00	24.28	--	3	7284	卖盘
10:01:51	24.28	--	50	121400	卖盘
10:01:48	24.28	--	3	7284	卖盘
10:01:39	24.28	-0.01	3	7284	卖盘
10:01:27	24.29	--	5	12145	买盘
10:01:24	24.29	-0.01	43	104447	卖盘
10:00:54	24.3	-0.02	2	4860	卖盘
10:00:45	24.32	0.02	3	7296	买盘
10:00:33	24.3	--	3	7290	中性盘
10:00:27	24.3	--	2	4860	买盘
10:00:24	24.3	--	5	12150	买盘
10:00:21	24.3	--	6	14580	买盘
10:00:15	24.3	--	11	26730	买盘
10:00:06	24.3	-0.02	33	80190	卖盘
09:59:57	24.32	-0.01	12	29184	卖盘
09:59:48	24.33	-0.01	14	34062	卖盘
09:59:42	24.34	0.01	3	7302	中性盘
09:59:00	24.33	--	1	2433	买盘
09:58:57	24.33	--	15	36495	买盘
09:58:54	24.33	0.03	7	17031	买盘
09:58:48	24.3	-0.03	1	2430	卖盘
09:58:45	24.33	0.03	7	17031	买盘
09:58:39	24.3	--	24	58320	买盘
09:58:33	24.3	-0.03	17	41310	卖盘
09:58:27	24.33	0.03	2	4866	买盘
09:58:24	24.3	-0.03	3	7290	卖盘
09:58:15	24.33	--	3	7298	买盘
09:58:12	24.33	0.03	5	12165	买盘
09:57:57	24.3	--	20	48600	买盘
09:57:51	24.3	--	5	12150	买盘
09:57:48	24.3	0.01	5	12150	买盘
09:57:45	24.29	--	2	4858	买盘
09:57:42	24.29	-0.01	5	12145	卖盘
09:57:36	24.3	--	5	12150	买盘
09:57:33	24.3	--	10	24300	买盘
09:57:21	24.3	--	14	34020	卖盘
09:57:12	24.3	--	3	7290	卖盘
09:57:09	24.3	--	33	80190	买盘
09:56:54	24.3	0.02	5	12150	买盘
09:56:48	24.28	-0.01	6	14568	卖盘
09:56:45	24.29	-0.01	11	26719	卖盘
09:56:36	24.3	--	21	51030	买盘
09:56:27	24.3	--	19	46170	卖盘
09:56:18	24.3	-0.03	82	199260	卖盘
09:56:09	24.33	--	5	12165	买盘
09:56:03	24.33	0.01	8	19464	中性盘
09:55:42	24.32	--	3	7296	卖盘
09:55:36	24.32	--	4	9728	卖盘
09:55:33	24.32	0.02	53	128896	买盘
09:55:30	24.3	-0.01	5	12150	卖盘
09:55:27	24.31	0.01	5	12155	买盘
09:55:12	24.3	--	21	51030	买盘
09:55:09	24.3	--	5	12150	买盘
09:55:00	24.3	--	3	7290	买盘
09:54:54	24.3	--	5	12150	买盘
09:54:51	24.3	--	10	24300	买盘
09:54:45	24.3	--	3	7290	卖盘
09:54:42	24.3	--	30	72900	卖盘
09:54:39	24.3	--	10	24300	卖盘
09:54:21	24.3	--	3	7290	卖盘
09:54:15	24.3	--	4	9720	买盘
09:54:00	24.3	--	5	12150	买盘
09:53:54	24.3	-0.02	48	116640	卖盘
09:53:51	24.32	0.02	1	2432	买盘
09:53:48	24.3	-0.02	3	7290	卖盘
09:53:45	24.32	0.02	2	4864	买盘
09:53:39	24.3	--	1	2430	卖盘
09:53:36	24.3	-0.02	4	9720	卖盘
09:53:24	24.32	-0.01	44	107008	卖盘
09:53:12	24.33	0.01	50	121649	买盘
09:52:54	24.32	--	14	34048	买盘
09:52:48	24.32	--	5	12160	买盘
09:52:45	24.32	0.02	11	26752	买盘
09:52:36	24.3	--	2	4860	卖盘
09:52:33	24.3	--	5	12150	卖盘
09:52:30	24.3	--	108	262440	买盘
09:52:27	24.3	0.01	20	48600	买盘
09:52:21	24.29	-0.01	4	9716	卖盘
09:52:18	24.3	--	4	9720	买盘
09:52:15	24.3	--	4	9720	买盘
09:52:06	24.3	0.01	4	9720	买盘
09:51:54	24.29	-0.01	52	126308	卖盘
09:51:39	24.3	--	10	24300	买盘
09:51:36	24.3	0.01	24	58320	买盘
09:51:33	24.29	-0.01	4	9716	卖盘
09:51:24	24.3	--	2	4860	买盘
09:51:21	24.3	--	9	21870	买盘
09:51:18	24.3	--	2	4860	买盘
09:51:15	24.3	--	7	17010	买盘
09:51:12	24.3	--	12	29160	买盘
09:51:09	24.3	--	5	12150	买盘
09:51:03	24.3	-0.09	15	36450	卖盘
09:51:00	24.39	0.09	2	4878	买盘
09:50:54	24.3	--	57	138510	卖盘
09:50:45	24.3	-0.02	60	145800	卖盘
09:50:36	24.32	--	17	41344	买盘
09:50:33	24.32	--	12	29184	买盘
09:50:30	24.32	--	10	24320	买盘
09:50:27	24.32	0.01	71	172672	买盘
09:50:21	24.31	--	10	24310	卖盘
09:50:18	24.31	-0.01	4	9724	卖盘
09:50:15	24.32	--	5	12160	买盘
09:50:12	24.32	--	5	12160	买盘
09:50:09	24.32	0.01	8	19456	买盘
09:50:03	24.31	-0.01	1	2431	卖盘
09:49:57	24.32	0.01	25	60800	买盘
09:49:54	24.31	--	5	12155	买盘
09:49:45	24.31	--	24	58344	卖盘
09:49:42	24.31	--	2	4862	卖盘
09:49:39	24.31	--	33	80223	卖盘
09:49:36	24.31	--	9	21879	卖盘
09:49:30	24.31	0.01	10	24310	买盘
09:49:27	24.3	-0.01	29	70470	卖盘
09:49:24	24.31	--	45	109395	买盘
09:49:18	24.31	--	10	24310	买盘
09:49:15	24.31	-0.01	37	89947	卖盘
09:49:09	24.32	--	9	21888	卖盘
09:49:00	24.32	--	1	2432	买盘
09:48:57	24.32	--	3	7296	买盘
09:48:54	24.32	--	29	70528	卖盘
09:48:51	24.32	--	10	24320	买盘
09:48:48	24.32	--	10	24320	买盘
09:48:45	24.32	--	4	9728	买盘
09:48:39	24.32	0.01	7	17024	中性盘
09:48:33	24.31	-0.09	32	77792	卖盘
09:48:30	24.4	0.09	1	2440	买盘
09:48:27	24.31	--	2	4862	卖盘
09:48:21	24.31	0.01	30	72930	卖盘
09:48:12	24.3	--	27	65610	卖盘
09:48:09	24.3	--	8	19440	卖盘
09:47:57	24.3	--	33	80190	卖盘
09:47:54	24.3	--	14	34020	买盘
09:47:51	24.3	--	11	26730	买盘
09:47:48	24.3	--	3	7290	买盘
09:47:45	24.3	--	72	174960	买盘
09:47:42	24.3	--	1	2430	买盘
09:47:36	24.3	-0.06	99	240570	卖盘
09:47:27	24.36	-0.04	4	9744	卖盘
09:47:09	24.4	-0.01	19	46994	卖盘
09:46:57	24.41	--	12	29292	卖盘
09:46:48	24.41	-0.01	7	17087	卖盘
09:46:45	24.42	--	2	4884	卖盘
09:46:36	24.42	-0.01	16	39072	卖盘
09:46:21	24.43	--	20	48860	卖盘
09:46:18	24.43	-0.01	7	17101	卖盘
09:46:15	24.44	--	2	4888	买盘
09:46:12	24.44	--	15	36660	买盘
09:46:09	24.44	--	1	2444	卖盘
09:45:45	24.44	--	2	4888	买盘
09:45:39	24.44	--	5	12220	买盘
09:45:36	24.44	--	7	17108	卖盘
09:45:30	24.44	--	50	122200	卖盘
09:45:24	24.44	-0.04	30	73320	卖盘
09:45:21	24.48	--	3	7344	买盘
09:45:18	24.48	-0.02	12	29376	卖盘
09:45:09	24.5	0.02	5	12250	买盘
09:44:57	24.48	-0.02	30	73440	卖盘
09:44:48	24.5	--	2	4900	买盘
09:44:21	24.5	--	3	7350	买盘
09:44:03	24.5	0.02	13	31850	买盘
09:44:00	24.48	--	2	4896	卖盘
09:43:57	24.48	--	1	2448	卖盘
09:43:48	24.48	--	11	26928	买盘
09:43:42	24.48	-0.02	3	7344	卖盘
09:43:39	24.5	0.02	3	7350	买盘
09:43:36	24.48	-0.02	7	17136	卖盘
09:43:33	24.5	--	5	12250	买盘
09:43:30	24.5	--	5	12250	中性盘
09:43:18	24.5	--	2	4900	买盘
09:43:15	24.5	-0.13	8	19600	中性盘
09:42:54	24.63	--	1	2463	卖盘
09:42:51	24.63	--	14	34482	卖盘
09:42:48	24.63	-0.02	15	36945	中性盘
09:42:21	24.65	0.18	3	7395	买盘
09:42:15	24.47	--	4	9788	卖盘
09:42:06	24.47	-0.15	2	4894	卖盘
09:41:57	24.62	--	3	7386	买盘
09:41:54	24.62	-0.05	3	7386	卖盘
09:41:48	24.67	--	12	29604	买盘
09:41:45	24.67	--	1	2467	买盘
09:41:36	24.67	--	2	4934	卖盘
09:41:33	24.67	--	10	24670	卖盘
09:41:30	24.67	-0.01	12	29604	中性盘
09:41:15	24.68	0.06	123	303564	买盘
09:41:12	24.62	--	10	24620	买盘
09:41:03	24.62	0.18	2	4924	买盘
09:40:54	24.44	-0.19	20	48880	卖盘
09:40:45	24.63	0.08	54	133002	买盘
09:40:39	24.55	--	4	9820	买盘
09:40:33	24.55	-0.04	2	4910	中性盘
09:40:21	24.59	--	8	19672	卖盘
09:40:18	24.59	0.18	2	4918	中性盘
09:39:57	24.41	-0.03	49	119609	卖盘
09:39:48	24.44	0.05	8	19552	买盘
09:39:42	24.39	-0.05	8	19512	卖盘
09:39:39	24.44	0.04	57	139308	买盘
09:39:36	24.4	--	0	1805	买盘
09:39:33	24.4	0.01	1	2440	买盘
09:39:18	24.39	0.02	21	51219	买盘
09:39:15	24.37	-0.02	2	4874	卖盘
09:39:06	24.39	0.02	6	14634	买盘
09:39:03	24.37	-0.02	5	12185	卖盘
09:39:00	24.39	0.06	2	4878	买盘
09:38:57	24.33	0.07	38	92454	买盘
09:38:54	24.26	-0.02	22	53372	卖盘
09:38:48	24.28	0.03	10	24280	买盘
09:38:45	24.25	-0.01	40	97000	卖盘
09:38:39	24.26	--	2	4852	买盘
09:38:36	24.26	--	33	80058	买盘
09:38:30	24.26	--	1	2426	买盘
09:38:24	24.26	0.01	5	12130	买盘
09:38:21	24.25	0.01	4	9700	中性盘
09:38:15	24.24	-0.02	3	7271	卖盘
09:38:12	24.26	-0.02	3	7278	卖盘
09:38:09	24.28	--	10	24280	买盘
09:38:00	24.28	-0.02	2	4856	卖盘
09:37:57	24.3	--	2	4860	买盘
09:37:54	24.3	--	5	12150	卖盘
09:37:51	24.3	-0.03	20	48600	卖盘
09:37:48	24.33	-0.02	2	4866	卖盘
09:37:42	24.35	-0.04	1	2435	卖盘
09:37:33	24.39	-0.01	3	7317	卖盘
09:37:27	24.4	-0.01	6	14640	卖盘
09:37:21	24.41	--	91	222131	卖盘
09:37:18	24.41	--	109	266069	卖盘
09:37:15	24.41	-0.01	4	9764	卖盘
09:37:09	24.42	-0.01	104	253968	卖盘
09:37:03	24.43	--	5	12215	买盘
09:37:00	24.43	--	4	9772	卖盘
09:36:54	24.43	--	1	2443	卖盘
09:36:48	24.43	-0.01	15	36645	卖盘
09:36:39	24.44	-0.01	10	24440	卖盘
09:36:36	24.45	--	1	2445	买盘
09:36:30	24.45	--	1	2445	卖盘
09:36:24	24.45	--	1	2445	卖盘
09:36:21	24.45	--	3	7335	卖盘
09:36:18	24.45	--	2	4890	卖盘
09:36:09	24.45	--	4	9780	卖盘
09:35:45	24.45	-0.01	10	24450	卖盘
09:35:39	24.46	-0.01	5	12230	卖盘
09:35:15	24.47	-0.01	28	68516	卖盘
09:35:06	24.48	--	2	4896	卖盘
09:35:00	24.48	--	1	2448	卖盘
09:34:48	24.48	--	10	24480	卖盘
09:34:45	24.48	0.01	29	70992	买盘
09:34:42	24.47	--	4	9788	卖盘
09:34:36	24.47	-0.01	12	29364	卖盘
09:34:30	24.48	--	3	7344	买盘
09:34:27	24.48	-0.01	1	2448	中性盘
09:34:24	24.49	0.02	1	2449	买盘
09:34:21	24.47	-0.03	20	48940	卖盘
09:34:03	24.5	--	1	2450	卖盘
09:33:57	24.5	--	6	14700	买盘
09:33:48	24.5	0.03	4	9800	买盘
09:33:45	24.47	--	2	4894	卖盘
09:33:30	24.47	0.02	42	102774	买盘
09:33:21	24.45	-0.01	3	7335	卖盘
09:33:18	24.46	0.02	1	2446	买盘
09:33:15	24.44	0.02	4	9776	卖盘
09:33:09	24.42	-0.04	4	9768	卖盘
09:33:06	24.46	0.03	11	26906	买盘
09:33:03	24.43	-0.03	2	4886	卖盘
09:33:00	24.46	0.02	22	53812	买盘
09:32:57	24.44	0.02	11	26884	买盘
09:32:51	24.42	--	10	24420	卖盘
09:32:42	24.42	--	10	24420	卖盘
09:32:39	24.42	-0.01	8	19536	卖盘
09:32:33	24.43	--	1	2443	卖盘
09:32:21	24.43	-0.02	23	56189	卖盘
09:32:18	24.45	--	3	7335	卖盘
09:32:06	24.45	-0.01	23	56235	卖盘
09:32:00	24.46	--	1	2446	中性盘
09:31:51	24.46	--	14	34244	卖盘
09:31:36	24.46	-0.04	22	53812	卖盘
09:31:30	24.5	0.03	40	98000	买盘
09:31:27	24.47	-0.03	3	7341	卖盘
09:31:18	24.5	--	32	78400	卖盘
09:31:12	24.5	-0.06	3	7350	中性盘
09:31:00	24.56	0.09	1	2456	买盘
09:30:57	24.47	-0.12	4	9788	中性盘
09:30:42	24.59	0.14	6	14754	买盘
09:30:18	24.45	--	9	22005	卖盘
09:30:09	24.45	--	2	4890	卖盘
09:30:06	24.45	-0.05	7	17115	卖盘
09:30:03	24.5	-0.2	4	9800	中性盘
09:30:00	24.7	--	0	0	买盘
09:25:03	24.7	24.7	61	150670	买盘
