成交时间	成交价	价格变动	成交量(手)	成交额(元)	性质
15:00:03	13.15	--	4440	5838600	买盘
14:57:00	13.15	0.01	34	44710	买盘
14:56:57	13.14	-0.02	93	122202	卖盘
14:56:54	13.16	0.01	153	201348	买盘
14:56:51	13.15	--	634	833710	买盘
14:56:48	13.15	--	382	502330	买盘
14:56:45	13.15	--	81	106515	买盘
14:56:42	13.15	--	133	174895	买盘
14:56:39	13.15	--	200	263000	买盘
14:56:36	13.15	--	135	177525	买盘
14:56:33	13.15	-0.01	737	969155	卖盘
14:56:30	13.16	0.01	534	702744	买盘
14:56:27	13.15	-0.01	121	159115	卖盘
14:56:24	13.16	0.01	192	252672	买盘
14:56:21	13.15	-0.01	165	216975	卖盘
14:56:18	13.16	--	639	840924	卖盘
14:56:15	13.16	--	64	84224	卖盘
14:56:12	13.16	--	39	51324	卖盘
14:56:09	13.16	--	168	221088	卖盘
14:56:06	13.16	0.01	139	182924	买盘
14:56:03	13.15	-0.01	178	234070	卖盘
14:56:00	13.16	--	67	88172	卖盘
14:55:57	13.16	--	140	184240	买盘
14:55:54	13.16	--	72	94752	买盘
14:55:51	13.16	--	223	293468	买盘
14:55:48	13.16	0.01	82	107912	买盘
14:55:45	13.15	-0.01	75	98625	卖盘
14:55:42	13.16	--	38	50008	卖盘
14:55:39	13.16	--	75	98700	买盘
14:55:36	13.16	0.01	100	131600	买盘
14:55:33	13.15	--	41	53915	卖盘
14:55:30	13.15	-0.01	39	51863	卖盘
14:55:27	13.16	--	214	281624	卖盘
14:55:24	13.16	--	219	288940	买盘
14:55:21	13.16	0.01	228	300048	买盘
14:55:18	13.15	-0.01	80	105200	卖盘
14:55:15	13.16	0.01	90	118440	买盘
14:55:12	13.15	-0.01	138	181470	卖盘
14:55:09	13.16	--	57	75012	买盘
14:55:06	13.16	--	66	86856	买盘
14:55:03	13.16	-0.01	60	79539	卖盘
14:55:00	13.17	0.01	104	136968	买盘
14:54:57	13.16	--	243	319788	卖盘
14:54:54	13.16	--	43	56588	卖盘
14:54:51	13.16	--	138	181608	卖盘
14:54:48	13.16	-0.01	204	268464	卖盘
14:54:45	13.17	0.01	41	53997	买盘
14:54:42	13.16	--	527	693532	卖盘
14:54:39	13.16	-0.01	154	202664	卖盘
14:54:36	13.17	--	72	94824	买盘
14:54:33	13.17	0.01	55	72435	买盘
14:54:30	13.16	-0.01	28	36848	卖盘
14:54:27	13.17	--	138	181746	买盘
14:54:24	13.17	--	8	10536	买盘
14:54:21	13.17	--	47	61899	买盘
14:54:18	13.17	--	164	215988	买盘
14:54:15	13.17	--	46	60582	卖盘
14:54:12	13.17	-0.01	158	208086	卖盘
14:54:09	13.18	0.01	10	13180	买盘
14:54:06	13.17	--	22	28974	卖盘
14:54:03	13.17	--	2	2634	卖盘
14:54:00	13.17	--	69	90873	买盘
14:53:57	13.17	0.01	104	136968	买盘
14:53:54	13.16	-0.01	45	59220	卖盘
14:53:51	13.17	--	302	397734	卖盘
14:53:48	13.17	--	128	168576	卖盘
14:53:45	13.17	--	147	193599	卖盘
14:53:42	13.17	-0.01	46	60582	卖盘
14:53:39	13.18	0.01	82	108076	买盘
14:53:36	13.17	--	50	65850	卖盘
14:53:33	13.17	-0.01	6	7902	卖盘
14:53:30	13.18	--	22	28996	买盘
14:53:27	13.18	0.01	19	25042	买盘
14:53:24	13.17	-0.01	64	84288	卖盘
14:53:21	13.18	--	246	324228	买盘
14:53:18	13.18	--	46	60628	买盘
14:53:15	13.18	--	356	469208	买盘
14:53:12	13.18	--	29	38222	买盘
14:53:09	13.18	--	162	213516	卖盘
14:53:06	13.18	-0.01	29	38222	卖盘
14:53:03	13.19	0.01	96	126624	买盘
14:53:00	13.18	-0.01	38	50084	卖盘
14:52:57	13.19	--	49	64631	买盘
14:52:54	13.19	0.01	146	192574	买盘
14:52:51	13.18	--	232	305776	卖盘
14:52:48	13.18	--	27	35586	卖盘
14:52:45	13.18	--	49	64582	卖盘
14:52:42	13.18	-0.01	30	39540	卖盘
14:52:39	13.19	0.01	17	22423	买盘
14:52:36	13.18	--	79	104122	卖盘
14:52:33	13.18	-0.01	3	3954	卖盘
14:52:30	13.19	0.01	11	14509	买盘
14:52:27	13.18	--	122	160796	买盘
14:52:24	13.18	--	112	147616	买盘
14:52:21	13.18	--	26	34268	买盘
14:52:18	13.18	-0.01	86	113348	卖盘
14:52:15	13.19	0.01	50	65950	买盘
14:52:12	13.18	--	66	86988	卖盘
14:52:09	13.18	--	47	61946	买盘
14:52:06	13.18	--	5	6590	买盘
14:52:03	13.18	--	278	366404	卖盘
14:52:00	13.18	--	173	228014	买盘
14:51:57	13.18	--	102	134436	卖盘
14:51:54	13.18	--	48	63264	卖盘
14:51:51	13.18	--	154	202972	卖盘
14:51:48	13.18	--	94	123892	卖盘
14:51:45	13.18	--	131	172658	卖盘
14:51:42	13.18	--	55	72490	卖盘
14:51:39	13.18	-0.01	42	55356	卖盘
14:51:36	13.19	0.01	70	92330	买盘
14:51:33	13.18	--	18	23724	卖盘
14:51:30	13.18	-0.01	71	93578	卖盘
14:51:27	13.19	0.01	46	60674	买盘
14:51:24	13.18	--	51	67218	卖盘
14:51:21	13.18	--	21	27678	卖盘
14:51:18	13.18	-0.01	139	183202	卖盘
14:51:15	13.19	0.01	64	84416	买盘
14:51:12	13.18	-0.01	55	72490	卖盘
14:51:09	13.19	0.01	39	51441	买盘
14:51:06	13.18	--	77	101486	卖盘
14:51:03	13.18	--	47	61946	卖盘
14:51:00	13.18	--	30	39540	卖盘
14:50:57	13.18	--	4	5272	中性盘
14:50:54	13.18	0.01	18	23724	买盘
14:50:51	13.17	-0.01	25	32925	卖盘
14:50:48	13.18	0.01	29	38222	买盘
14:50:45	13.17	-0.01	7	9219	卖盘
14:50:42	13.18	0.01	69	90942	买盘
14:50:39	13.17	-0.01	27	35559	卖盘
14:50:36	13.18	--	8	10544	买盘
14:50:33	13.18	-0.01	7	9226	买盘
14:50:30	13.19	--	150	197850	买盘
14:50:27	13.19	--	89	117391	买盘
14:50:24	13.19	0.01	197	259843	买盘
14:50:21	13.18	-0.01	184	242512	卖盘
14:50:18	13.19	0.01	136	179384	买盘
14:50:15	13.18	--	129	170022	卖盘
14:50:12	13.18	--	2	2636	卖盘
14:50:09	13.18	-0.01	50	65900	卖盘
14:50:06	13.19	--	43	56717	买盘
14:50:03	13.19	--	10	13190	买盘
14:50:00	13.19	--	44	58036	买盘
14:49:57	13.19	--	68	89692	卖盘
14:49:54	13.19	-0.01	28	36932	卖盘
14:49:51	13.2	--	43	56760	买盘
14:49:48	13.2	0.02	147	194040	买盘
14:49:45	13.18	-0.01	41	54038	卖盘
14:49:42	13.19	-0.01	8	10552	卖盘
14:49:39	13.2	0.01	163	215160	买盘
14:49:36	13.19	--	100	131900	卖盘
14:49:33	13.19	-0.01	49	64631	卖盘
14:49:30	13.2	--	7	9240	买盘
14:49:27	13.2	0.01	73	96360	买盘
14:49:24	13.19	--	24	31656	卖盘
14:49:21	13.19	--	18	23742	卖盘
14:49:18	13.19	--	10	13190	卖盘
14:49:15	13.19	-0.01	8	10552	卖盘
14:49:12	13.2	--	120	158400	买盘
14:49:09	13.2	0.01	82	108240	买盘
14:49:06	13.19	--	95	125305	卖盘
14:49:03	13.19	--	51	67269	卖盘
14:49:00	13.19	--	24	31656	卖盘
14:48:57	13.19	0.01	342	451098	买盘
14:48:54	13.18	--	3	3954	卖盘
14:48:51	13.18	--	20	26360	卖盘
14:48:48	13.18	--	185	243830	卖盘
14:48:45	13.18	--	8	10544	卖盘
14:48:42	13.18	--	160	210880	卖盘
14:48:39	13.18	--	63	83034	卖盘
14:48:36	13.18	--	15	19770	卖盘
14:48:33	13.18	0.01	435	573330	买盘
14:48:30	13.17	-0.01	17	22389	卖盘
14:48:27	13.18	--	149	196382	买盘
14:48:21	13.18	--	24	31632	买盘
14:48:18	13.18	--	108	142344	卖盘
14:48:15	13.18	--	3	3954	卖盘
14:48:12	13.18	-0.01	75	98850	卖盘
14:48:09	13.19	0.01	31	40889	买盘
14:48:06	13.18	-0.01	9	11862	卖盘
14:48:03	13.19	0.01	17	22423	买盘
14:48:00	13.18	-0.01	41	54038	卖盘
14:47:57	13.19	0.01	18	23742	买盘
14:47:54	13.18	--	15	19770	卖盘
14:47:51	13.18	-0.01	8	10544	卖盘
14:47:48	13.19	--	20	26380	买盘
14:47:45	13.19	0.01	57	75183	中性盘
14:47:42	13.18	-0.02	382	503476	卖盘
14:47:39	13.2	0.01	35	46200	买盘
14:47:36	13.19	-0.01	159	209721	卖盘
14:47:33	13.2	--	35	46200	买盘
14:47:30	13.2	--	50	66000	买盘
14:47:27	13.2	--	32	42240	买盘
14:47:24	13.2	--	11	14520	买盘
14:47:21	13.2	--	65	85800	卖盘
14:47:18	13.2	--	106	139920	卖盘
14:47:15	13.2	-0.01	14	18480	卖盘
14:47:12	13.21	0.01	9	11889	买盘
14:47:09	13.2	--	31	40920	卖盘
14:47:06	13.2	-0.01	87	114840	卖盘
14:47:03	13.21	--	20	26420	买盘
14:47:00	13.21	0.01	30	39630	买盘
14:46:57	13.2	-0.01	20	26400	卖盘
14:46:54	13.21	--	14	18494	买盘
14:46:51	13.21	0.01	10	13210	买盘
14:46:48	13.2	-0.01	49	64680	卖盘
14:46:45	13.21	--	110	145310	买盘
14:46:42	13.21	0.01	6	7926	买盘
14:46:39	13.2	-0.01	120	158400	卖盘
14:46:36	13.21	--	15	19815	买盘
14:46:33	13.21	--	82	108322	买盘
14:46:30	13.21	0.01	110	145310	买盘
14:46:27	13.2	-0.01	48	63360	卖盘
14:46:24	13.21	--	20	26420	买盘
14:46:21	13.21	0.01	95	125495	买盘
14:46:18	13.2	--	38	50160	买盘
14:46:15	13.2	--	22	29040	买盘
14:46:12	13.2	--	145	191400	买盘
14:46:09	13.2	--	35	46200	买盘
14:46:06	13.2	--	5	6600	买盘
14:46:03	13.2	--	81	106920	买盘
14:46:00	13.2	--	86	113520	卖盘
14:45:57	13.2	--	109	143880	卖盘
14:45:51	13.2	--	114	150480	卖盘
14:45:48	13.2	--	3	3960	卖盘
14:45:45	13.2	-0.01	10	13200	卖盘
14:45:42	13.21	0.01	38	50198	买盘
14:45:39	13.2	--	176	232320	买盘
14:45:36	13.2	--	57	75240	买盘
14:45:33	13.2	--	29	38280	买盘
14:45:30	13.2	--	31	40920	买盘
14:45:27	13.2	--	39	51480	买盘
14:45:24	13.2	--	48	63360	买盘
14:45:21	13.2	0.01	5	6600	买盘
14:45:18	13.19	-0.01	48	63312	卖盘
14:45:15	13.2	--	49	64680	买盘
14:45:12	13.2	0.01	52	68640	买盘
14:45:09	13.19	--	39	51441	卖盘
14:45:06	13.19	--	218	287542	卖盘
14:45:03	13.19	--	12	15828	卖盘
14:45:00	13.19	--	37	48803	卖盘
14:44:57	13.19	--	21	27699	卖盘
14:44:54	13.19	--	115	151685	卖盘
14:44:51	13.19	0.01	145	191255	买盘
14:44:48	13.18	-0.01	8	10544	卖盘
14:44:45	13.19	--	23	30337	买盘
14:44:42	13.19	--	81	106839	买盘
14:44:39	13.19	--	42	55398	买盘
14:44:36	13.19	0.01	44	58036	买盘
14:44:33	13.18	--	4	5272	卖盘
14:44:30	13.18	--	3	3954	卖盘
14:44:27	13.18	-0.01	2	2636	卖盘
14:44:24	13.19	0.01	107	141133	买盘
14:44:21	13.18	--	77	101486	买盘
14:44:18	13.18	--	66	86988	买盘
14:44:15	13.18	--	25	32950	买盘
14:44:12	13.18	--	25	32950	买盘
14:44:09	13.18	--	129	170022	买盘
14:44:06	13.18	0.01	118	155524	买盘
14:44:03	13.17	--	36	47412	卖盘
14:44:00	13.17	--	68	89556	卖盘
14:43:57	13.17	--	21	27657	卖盘
14:43:54	13.17	0.01	137	180429	买盘
14:43:51	13.16	-0.01	57	75012	卖盘
14:43:48	13.17	--	66	86922	买盘
14:43:45	13.17	0.01	25	32925	买盘
14:43:42	13.16	-0.01	8	10528	卖盘
14:43:39	13.17	--	30	39510	买盘
14:43:36	13.17	0.01	40	52680	买盘
14:43:33	13.16	-0.01	15	19740	卖盘
14:43:30	13.17	--	128	168576	买盘
14:43:27	13.17	--	37	48729	买盘
14:43:21	13.17	0.01	27	35559	买盘
14:43:18	13.16	-0.01	8	10528	卖盘
14:43:15	13.17	0.01	10	13170	买盘
14:43:12	13.16	--	78	103384	买盘
14:43:09	13.16	--	32	42112	买盘
14:43:06	13.16	--	54	71064	买盘
14:43:03	13.16	--	136	178976	买盘
14:43:00	13.16	--	12	15792	买盘
14:42:57	13.16	--	158	207928	买盘
14:42:54	13.16	--	124	163184	买盘
14:42:51	13.16	0.01	29	38164	买盘
14:42:48	13.15	-0.01	234	307710	卖盘
14:42:45	13.16	0.01	14	18424	买盘
14:42:42	13.15	-0.01	6	7890	卖盘
14:42:39	13.16	0.01	114	150024	买盘
14:42:33	13.15	-0.01	63	82845	卖盘
14:42:27	13.16	0.01	38	50008	买盘
14:42:24	13.15	--	122	160430	买盘
14:42:21	13.15	--	248	326120	买盘
14:42:18	13.15	0.01	161	211715	买盘
14:42:15	13.14	--	79	103806	卖盘
14:42:12	13.14	--	62	81468	卖盘
14:42:09	13.14	-0.01	40	52560	卖盘
14:42:06	13.15	0.01	87	114405	买盘
14:42:03	13.14	-0.01	102	134028	卖盘
14:42:00	13.15	0.02	133	174895	买盘
14:41:57	13.13	-0.02	141	185133	卖盘
14:41:54	13.15	--	16	21040	买盘
14:41:51	13.15	0.01	31	40765	买盘
14:41:48	13.14	--	263	345582	卖盘
14:41:45	13.14	-0.01	28	36792	卖盘
14:41:42	13.15	--	21	27615	买盘
14:41:39	13.15	--	58	76270	买盘
14:41:36	13.15	--	104	136760	卖盘
14:41:33	13.15	-0.01	137	180155	卖盘
14:41:30	13.16	0.01	121	159236	买盘
14:41:27	13.15	--	19	24985	卖盘
14:41:24	13.15	--	96	126240	卖盘
14:41:18	13.15	-0.01	28	36820	卖盘
14:41:15	13.16	0.01	199	261884	买盘
14:41:12	13.15	--	31	40765	买盘
14:41:09	13.15	--	37	48655	买盘
14:41:06	13.15	--	32	42080	买盘
14:41:03	13.15	-0.01	29	38135	卖盘
14:41:00	13.16	--	147	193452	买盘
14:40:57	13.16	0.01	119	156604	买盘
14:40:54	13.15	--	6	7890	卖盘
14:40:51	13.15	--	64	84160	卖盘
14:40:48	13.15	-0.01	124	163060	卖盘
14:40:45	13.16	--	42	55272	买盘
14:40:42	13.16	0.01	132	173712	买盘
14:40:39	13.15	--	44	57860	卖盘
14:40:36	13.15	--	17	22355	卖盘
14:40:33	13.15	--	16	21040	卖盘
14:40:30	13.15	--	52	68380	卖盘
14:40:27	13.15	--	17	22355	卖盘
14:40:24	13.15	0.01	161	211715	买盘
14:40:21	13.14	-0.01	49	64386	卖盘
14:40:18	13.15	--	87	114405	买盘
14:40:15	13.15	0.01	330	433950	买盘
14:40:12	13.14	--	53	69642	买盘
14:40:09	13.14	-0.01	24	31536	卖盘
14:40:06	13.15	0.02	5	6575	买盘
14:40:03	13.13	-0.02	17	22321	卖盘
14:40:00	13.15	0.01	97	127555	买盘
14:39:57	13.14	-0.01	24	31536	卖盘
14:39:54	13.15	--	45	59175	卖盘
14:39:51	13.15	0.02	58	76270	中性盘
14:39:48	13.13	-0.02	622	816686	卖盘
14:39:45	13.15	--	134	176210	买盘
14:39:42	13.15	--	55	72325	买盘
14:39:39	13.15	--	117	153855	买盘
14:39:36	13.15	--	26	34190	买盘
14:39:33	13.15	--	17	22355	买盘
14:39:30	13.15	--	21	27615	买盘
14:39:27	13.15	-0.01	137	180470	卖盘
14:39:24	13.16	0.01	67	88172	买盘
14:39:21	13.15	--	449	590435	卖盘
14:39:18	13.15	--	120	157800	卖盘
14:39:15	13.15	--	42	55230	卖盘
14:39:12	13.15	-0.01	42	55230	卖盘
14:39:09	13.16	--	74	97384	买盘
14:39:06	13.16	--	31	40796	买盘
14:39:03	13.16	-0.01	45	59220	卖盘
14:39:00	13.17	0.01	10	13170	买盘
14:38:57	13.16	--	30	39480	卖盘
14:38:54	13.16	--	15	19740	卖盘
14:38:51	13.16	-0.01	13	17108	卖盘
14:38:48	13.17	0.01	88	115896	买盘
14:38:45	13.16	0.01	175	230300	买盘
14:38:42	13.15	-0.01	244	320860	卖盘
14:38:36	13.16	-0.01	12	15792	卖盘
14:38:33	13.17	0.01	44	57948	买盘
14:38:30	13.16	-0.01	83	109228	卖盘
14:38:27	13.17	--	356	468852	买盘
14:38:24	13.17	--	115	151455	卖盘
14:38:21	13.17	--	55	72435	卖盘
14:38:18	13.17	0.01	13	17121	买盘
14:38:15	13.16	-0.01	431	567196	卖盘
14:38:12	13.17	--	22	28974	买盘
14:38:09	13.17	--	191	251547	卖盘
14:38:06	13.17	--	33	43461	卖盘
14:38:03	13.17	--	12	15804	买盘
14:38:00	13.17	0.01	132	173844	买盘
14:37:57	13.16	-0.01	71	93436	卖盘
14:37:54	13.17	--	16	21072	买盘
14:37:51	13.17	--	6	7902	买盘
14:37:45	13.17	0.01	30	39510	买盘
14:37:42	13.16	--	15	19740	卖盘
14:37:39	13.16	0.01	3	3948	买盘
14:37:36	13.15	--	79	103885	卖盘
14:37:33	13.15	-0.01	43	56545	卖盘
14:37:30	13.16	0.01	31	40796	买盘
14:37:27	13.15	--	5	6575	卖盘
14:37:24	13.15	--	96	127239	买盘
14:37:21	13.15	--	118	155170	买盘
14:37:18	13.15	0.01	273	358995	买盘
14:37:15	13.14	--	126	165564	卖盘
14:37:12	13.14	-0.01	83	109062	卖盘
14:37:09	13.15	0.01	54	71010	买盘
14:37:06	13.14	--	92	120888	卖盘
14:37:03	13.14	-0.01	67	88038	卖盘
14:37:00	13.15	--	36	47340	买盘
14:36:57	13.15	0.01	28	36820	买盘
14:36:54	13.14	--	15	19710	卖盘
14:36:51	13.14	-0.01	150	197100	中性盘
14:36:48	13.15	0.01	61	80215	买盘
14:36:45	13.14	--	7	9198	买盘
14:36:42	13.14	--	54	70956	买盘
14:36:39	13.14	-0.02	290	381060	卖盘
14:36:36	13.16	0.02	212	278992	买盘
14:36:33	13.14	-0.02	15	19710	卖盘
14:36:30	13.16	--	111	146076	买盘
14:36:27	13.16	--	50	65800	买盘
14:36:24	13.16	--	12	15792	卖盘
14:36:21	13.16	-0.01	38	50008	中性盘
14:36:18	13.17	--	6	7902	买盘
14:36:15	13.17	0.01	54	71118	买盘
14:36:12	13.16	0.03	6	7896	中性盘
14:36:09	13.13	--	16	21008	卖盘
14:36:06	13.13	0.01	26	34138	中性盘
14:36:03	13.12	--	2	2624	卖盘
14:36:00	13.12	0.01	14	18368	中性盘
14:35:57	13.11	-0.02	35	45885	卖盘
14:35:54	13.13	0.03	14	18382	中性盘
14:35:48	13.1	--	142	186020	买盘
14:35:45	13.1	--	187	244970	买盘
14:35:42	13.1	--	896	1173760	买盘
14:35:39	13.1	--	121	158510	买盘
14:35:36	13.1	--	275	360250	买盘
14:35:33	13.1	-0.11	6876	9007560	卖盘
14:35:27	13.21	0.01	2	2642	买盘
14:35:24	13.2	--	239	315480	买盘
14:35:21	13.2	0.01	2	2640	买盘
14:35:18	13.19	-0.01	1	1319	卖盘
14:35:15	13.2	0.01	2	2640	卖盘
14:35:12	13.19	--	242	319198	卖盘
14:35:09	13.19	--	68	89692	买盘
14:35:06	13.19	--	90	118710	买盘
14:35:03	13.19	-0.01	271	357449	卖盘
14:35:00	13.2	0.01	206	271920	买盘
14:34:57	13.19	-0.01	67	88373	卖盘
14:34:54	13.2	--	41	54120	买盘
14:34:51	13.2	0.01	47	62040	买盘
14:34:48	13.19	-0.01	19	25061	卖盘
14:34:42	13.2	0.02	12	15840	买盘
14:34:36	13.18	--	10	13180	卖盘
14:34:33	13.18	--	114	150252	卖盘
14:34:30	13.18	-0.01	75	98850	卖盘
14:34:27	13.19	--	51	67269	买盘
14:34:24	13.19	--	5	6595	买盘
14:34:21	13.19	--	52	68588	买盘
14:34:18	13.19	--	15	19785	买盘
14:34:15	13.19	--	3	3957	买盘
14:34:12	13.19	-0.02	214	282266	卖盘
14:34:09	13.21	0.02	20	26420	买盘
14:34:06	13.19	-0.01	10	13190	卖盘
14:34:03	13.2	--	32	42240	卖盘
14:34:00	13.2	--	20	26400	卖盘
14:33:57	13.2	0.02	32	42240	买盘
14:33:54	13.18	-0.01	703	926554	卖盘
14:33:51	13.19	-0.01	5	6595	卖盘
14:33:48	13.2	0.01	48	63360	买盘
14:33:45	13.19	--	20	26380	卖盘
14:33:42	13.19	--	5	6595	卖盘
14:33:39	13.19	--	49	64631	卖盘
14:33:36	13.19	--	483	637077	买盘
14:33:33	13.19	0.01	88	116072	买盘
14:33:30	13.18	-0.01	124	163432	卖盘
14:33:27	13.19	--	13	17147	买盘
14:33:24	13.19	--	74	97606	买盘
14:33:21	13.19	0.01	7	9233	买盘
14:33:18	13.18	-0.01	45	59310	卖盘
14:33:15	13.19	--	20	26380	买盘
14:33:12	13.19	0.01	9	11871	买盘
14:33:09	13.18	-0.01	89	117302	卖盘
14:33:06	13.19	0.02	10	13190	买盘
14:33:03	13.17	-0.01	10	13170	卖盘
14:33:00	13.18	--	51	67218	卖盘
14:32:57	13.18	--	95	125210	卖盘
14:32:54	13.18	--	20	26360	卖盘
14:32:51	13.18	--	27	35586	卖盘
14:32:48	13.18	0.01	73	96214	买盘
14:32:45	13.17	-0.01	25	32925	卖盘
14:32:42	13.18	0.01	56	73808	买盘
14:32:39	13.17	-0.01	37	48729	卖盘
14:32:36	13.18	0.01	142	187156	买盘
14:32:33	13.17	--	59	77703	卖盘
14:32:30	13.17	-0.01	1	1317	卖盘
14:32:27	13.18	0.01	134	176612	买盘
14:32:24	13.17	--	10	13170	卖盘
14:32:21	13.17	--	42	55314	卖盘
14:32:18	13.17	--	129	169893	卖盘
14:32:15	13.17	--	26	34242	卖盘
14:32:12	13.17	-0.01	181	238377	卖盘
14:32:09	13.18	--	3	3954	买盘
14:32:06	13.18	--	70	92260	买盘
14:32:03	13.18	--	20	26360	买盘
14:32:00	13.18	--	8	10544	买盘
14:31:57	13.18	--	293	386174	卖盘
14:31:54	13.18	--	41	54038	卖盘
14:31:51	13.18	--	80	105440	卖盘
14:31:45	13.18	-0.01	62	81716	卖盘
14:31:42	13.19	--	70	92330	买盘
14:31:39	13.19	--	149	196531	卖盘
14:31:36	13.19	--	28	36932	卖盘
14:31:33	13.19	--	5	6595	卖盘
14:31:30	13.19	-0.01	11	14509	卖盘
14:31:27	13.2	--	224	295680	卖盘
14:31:24	13.2	--	362	477840	卖盘
14:31:21	13.2	--	24	31680	卖盘
14:31:18	13.2	--	420	554400	卖盘
14:31:15	13.2	-0.01	12	15840	卖盘
14:31:12	13.21	0.01	45	59445	中性盘
14:31:09	13.2	-0.01	411	542520	卖盘
14:31:06	13.21	0.01	5	6605	中性盘
14:31:03	13.2	--	26	34320	卖盘
14:31:00	13.2	-0.01	9	11880	卖盘
14:30:57	13.21	--	50	66050	买盘
14:30:54	13.21	-0.02	95	125495	卖盘
14:30:51	13.23	0.02	27	35721	买盘
14:30:48	13.21	-0.02	5	6605	卖盘
14:30:45	13.23	0.02	9	11907	买盘
14:30:42	13.21	-0.03	910	1202110	卖盘
14:30:39	13.24	0.01	110	145640	买盘
14:30:36	13.23	--	51	67473	卖盘
14:30:33	13.23	--	29	38367	卖盘
14:30:30	13.23	--	11	14553	卖盘
14:30:27	13.23	-0.01	8	10584	卖盘
14:30:24	13.24	--	5	6620	买盘
14:30:18	13.24	--	27	35748	卖盘
14:30:15	13.24	--	14	18536	卖盘
14:30:12	13.24	-0.01	53	70172	卖盘
14:30:09	13.25	0.01	10	13250	买盘
14:30:06	13.24	-0.01	7	9268	卖盘
14:30:03	13.25	--	103	136475	买盘
14:30:00	13.25	--	1	1325	买盘
14:29:57	13.25	--	122	161650	买盘
14:29:51	13.25	-0.01	34	45050	卖盘
14:29:48	13.26	0.01	23	30498	中性盘
14:29:45	13.25	-0.01	49	64925	卖盘
14:29:42	13.26	--	101	133926	卖盘
14:29:39	13.26	--	10	13260	卖盘
14:29:36	13.26	--	28	37128	卖盘
14:29:33	13.26	--	64	84864	买盘
14:29:30	13.26	0.01	100	132600	买盘
14:29:27	13.25	--	5	6625	卖盘
14:29:24	13.25	0.01	23	30475	买盘
14:29:21	13.24	-0.01	1	1324	卖盘
14:29:18	13.25	--	28	37100	买盘
14:29:15	13.25	0.01	126	166950	买盘
14:29:12	13.24	--	38	50312	卖盘
14:29:09	13.24	-0.01	1	1324	卖盘
14:29:06	13.25	0.01	49	64925	买盘
14:29:00	13.24	-0.01	9	11916	卖盘
14:28:57	13.25	--	8	10600	买盘
14:28:54	13.25	--	33	43725	买盘
14:28:51	13.25	--	6	7950	买盘
14:28:48	13.25	--	287	380275	买盘
14:28:45	13.25	--	13	17225	买盘
14:28:39	13.25	0.01	15	19875	买盘
14:28:36	13.24	--	42	55608	卖盘
14:28:33	13.24	-0.01	70	92680	卖盘
14:28:30	13.25	0.01	29	38425	买盘
14:28:21	13.24	--	38	50312	卖盘
14:28:18	13.24	0.01	3	3972	卖盘
14:28:09	13.23	--	50	66150	卖盘
14:28:06	13.23	-0.01	59	78057	卖盘
14:28:03	13.24	0.01	15	19860	买盘
14:28:00	13.23	--	12	15876	卖盘
14:27:54	13.23	--	50	66150	买盘
14:27:51	13.23	--	29	38367	买盘
14:27:45	13.23	--	1900	2513700	买盘
14:27:42	13.23	--	87	115101	买盘
14:27:36	13.23	--	41	54243	买盘
14:27:33	13.23	--	14	18522	买盘
14:27:30	13.23	--	50	66150	买盘
14:27:27	13.23	-0.01	73	96579	卖盘
14:27:24	13.24	--	30	39720	买盘
14:27:21	13.24	--	3	3972	买盘
14:27:18	13.24	0.01	20	26480	买盘
14:27:15	13.23	-0.01	16	21168	卖盘
14:27:06	13.24	-0.01	5	6620	卖盘
14:27:03	13.25	--	1	1325	买盘
14:27:00	13.25	--	3	3975	买盘
14:26:54	13.25	-0.01	5	6625	买盘
14:26:51	13.26	0.01	710	941460	买盘
14:26:48	13.25	-0.01	30	39750	卖盘
14:26:45	13.26	--	36	47736	卖盘
14:26:42	13.26	--	13	17238	买盘
14:26:39	13.26	--	4	5304	买盘
14:26:33	13.26	--	28	37128	卖盘
14:26:30	13.26	--	335	444210	卖盘
14:26:27	13.26	--	10	13260	卖盘
14:26:24	13.26	-0.01	22	29172	卖盘
14:26:18	13.27	0.01	10	13270	买盘
14:26:09	13.26	-0.01	53	70278	卖盘
14:26:06	13.27	0.01	5	6635	买盘
14:26:00	13.26	-0.02	30	39780	卖盘
14:25:54	13.28	0.01	191	253648	买盘
14:25:51	13.27	--	9	11943	买盘
14:25:48	13.27	--	60	79620	买盘
14:25:45	13.27	--	57	75639	买盘
14:25:42	13.27	--	43	57061	买盘
14:25:39	13.27	--	1	1327	买盘
14:25:36	13.27	--	13	17516	卖盘
14:25:33	13.27	-0.01	29	38483	卖盘
14:25:30	13.28	--	10	13280	买盘
14:25:27	13.28	0.01	108	143424	买盘
14:25:24	13.27	--	10	13270	卖盘
14:25:18	13.27	--	23	30521	卖盘
14:25:15	13.27	--	1	1327	卖盘
14:25:12	13.27	--	30	39810	卖盘
14:25:09	13.27	--	200	265400	卖盘
14:25:06	13.27	--	24	31848	卖盘
14:25:03	13.27	--	6	7962	卖盘
14:25:00	13.27	--	13	17251	卖盘
14:24:57	13.27	--	216	286632	卖盘
14:24:48	13.27	-0.01	63	83601	卖盘
14:24:45	13.28	0.01	9	11952	买盘
14:24:42	13.27	--	33	43791	卖盘
14:24:39	13.27	-0.01	6	7962	卖盘
14:24:36	13.28	--	24	31872	买盘
14:24:33	13.28	0.01	11	14608	买盘
14:24:30	13.27	-0.01	10	13270	卖盘
14:24:24	13.28	--	3	3984	买盘
14:24:21	13.28	0.01	79	104912	买盘
14:24:18	13.27	-0.01	32	42464	卖盘
14:24:12	13.28	--	51	67728	买盘
14:24:09	13.28	--	61	81008	卖盘
14:24:03	13.28	--	43	57104	卖盘
14:24:00	13.28	--	119	158032	买盘
14:23:51	13.28	--	19	25232	买盘
14:23:45	13.28	--	37	49136	卖盘
14:23:42	13.28	--	10	13280	卖盘
14:23:39	13.28	--	7	9296	卖盘
14:23:36	13.28	--	42	55776	卖盘
14:23:27	13.28	--	10	13280	卖盘
14:23:24	13.28	--	3	3984	卖盘
14:23:21	13.28	0.01	207	274896	买盘
14:23:15	13.27	-0.01	5	6635	卖盘
14:23:12	13.28	0.01	45	59760	买盘
14:23:06	13.27	--	567	752409	卖盘
14:23:03	13.27	--	50	66350	卖盘
14:22:57	13.27	--	372	493644	卖盘
14:22:54	13.27	--	67	88909	卖盘
14:22:51	13.27	--	1	1327	卖盘
14:22:48	13.27	--	5	6635	卖盘
14:22:45	13.27	--	117	156320	买盘
14:22:42	13.27	0.01	22	29194	买盘
14:22:39	13.26	-0.01	55	72930	卖盘
14:22:36	13.27	--	7	9289	卖盘
14:22:33	13.27	--	178	236206	买盘
14:22:30	13.27	--	18	23886	买盘
14:22:27	13.27	--	5	6635	买盘
14:22:24	13.27	--	11	14597	买盘
14:22:21	13.27	--	45	59715	买盘
14:22:18	13.27	--	2	2654	买盘
14:22:15	13.27	-0.01	128	169856	卖盘
14:22:12	13.28	--	32	42496	买盘
14:22:09	13.28	--	20	26560	买盘
14:22:06	13.28	-0.01	96	127488	卖盘
14:22:03	13.29	0.01	19	25251	买盘
14:22:00	13.28	-0.01	16	21248	卖盘
14:21:57	13.29	0.01	2	2658	买盘
14:21:54	13.28	--	50	66400	卖盘
14:21:48	13.28	--	3	3984	卖盘
14:21:45	13.28	--	1	1328	卖盘
14:21:42	13.28	--	2	2656	卖盘
14:21:39	13.28	0.01	48	63744	买盘
14:21:36	13.27	--	7	9289	卖盘
14:21:33	13.27	-0.01	40	53080	卖盘
14:21:30	13.28	--	34	45152	买盘
14:21:27	13.28	0.01	5	6640	买盘
14:21:24	13.27	--	150	199050	卖盘
14:21:21	13.27	--	34	45118	卖盘
14:21:18	13.27	--	3	3981	卖盘
14:21:15	13.27	--	83	110141	卖盘
14:21:09	13.27	--	30	39810	卖盘
14:21:06	13.27	--	1	1327	卖盘
14:21:03	13.27	--	7	9289	买盘
14:21:00	13.27	--	6	7962	买盘
14:20:57	13.27	--	45	59715	买盘
14:20:54	13.27	--	6	7962	买盘
14:20:51	13.27	--	8	10616	买盘
14:20:48	13.27	0.01	65	86255	买盘
14:20:45	13.26	-0.02	34	45084	卖盘
14:20:36	13.28	0.01	106	140768	买盘
14:20:33	13.27	--	104	138008	买盘
14:20:30	13.27	--	9	11943	买盘
14:20:27	13.27	--	8	10616	买盘
14:20:24	13.27	--	20	26540	买盘
14:20:18	13.27	-0.01	420	557340	卖盘
14:20:15	13.28	--	16	21248	买盘
14:20:12	13.28	--	80	106240	买盘
14:20:06	13.28	0.01	205	272240	买盘
14:20:03	13.27	--	36	47772	卖盘
14:20:00	13.27	--	10	13270	卖盘
14:19:57	13.27	--	2	2654	卖盘
14:19:48	13.27	--	10	13270	卖盘
14:19:45	13.27	--	13	17251	卖盘
14:19:42	13.27	--	154	204358	买盘
14:19:39	13.27	--	1	1327	买盘
14:19:36	13.27	--	158	209666	卖盘
14:19:33	13.27	-0.01	8	10616	卖盘
14:19:30	13.28	--	4	5312	买盘
14:19:27	13.28	--	13	17264	买盘
14:19:24	13.28	0.01	16	21248	买盘
14:19:21	13.27	--	122	161894	买盘
14:19:18	13.27	--	6	7962	买盘
14:19:15	13.27	--	50	66350	买盘
14:19:12	13.27	0.01	13	17251	买盘
14:19:06	13.26	--	10	13260	卖盘
14:19:03	13.26	-0.01	187	247962	卖盘
14:19:00	13.27	0.01	1	1327	买盘
14:18:57	13.26	--	50	66300	卖盘
14:18:54	13.26	-0.01	10	13260	卖盘
14:18:51	13.27	0.01	15	19905	买盘
14:18:45	13.26	--	11	14586	卖盘
14:18:42	13.26	--	25	33150	卖盘
14:18:36	13.26	--	1	1326	卖盘
14:18:33	13.26	--	19	25194	买盘
14:18:30	13.26	--	10	13260	买盘
14:18:27	13.26	--	29	38454	买盘
14:18:24	13.26	-0.01	28	37128	买盘
14:18:21	13.27	0.02	10	13270	买盘
14:18:18	13.25	-0.01	113	149725	卖盘
14:18:15	13.26	--	6	7956	买盘
14:18:12	13.26	--	6	7956	买盘
14:18:09	13.26	--	20	26520	买盘
14:18:06	13.26	--	58	76908	买盘
14:18:00	13.26	--	158	209508	卖盘
14:17:54	13.26	-0.01	23	30498	卖盘
14:17:51	13.27	0.01	5	6635	买盘
14:17:48	13.26	-0.01	3	3978	卖盘
14:17:45	13.27	--	22	29194	买盘
14:17:42	13.27	0.01	29	38483	买盘
14:17:36	13.26	--	62	82212	卖盘
14:17:33	13.26	-0.01	56	74256	买盘
14:17:30	13.27	--	8	10616	卖盘
14:17:27	13.27	0.01	24	31848	买盘
14:17:24	13.26	-0.01	100	132600	卖盘
14:17:21	13.27	0.01	20	26540	买盘
14:17:18	13.26	-0.01	47	62322	卖盘
14:17:15	13.27	--	10	13270	买盘
14:17:12	13.27	--	411	545397	买盘
14:17:09	13.27	--	147	195069	买盘
14:17:06	13.27	--	10	13270	买盘
14:17:03	13.27	--	20	26540	买盘
14:16:54	13.27	--	24	31848	买盘
14:16:51	13.27	--	247	327769	卖盘
14:16:48	13.27	--	57	75639	卖盘
14:16:45	13.27	--	117	155259	买盘
14:16:42	13.27	--	58	76966	买盘
14:16:39	13.27	--	3	3981	买盘
14:16:36	13.27	--	23	30521	买盘
14:16:33	13.27	--	30	39810	买盘
14:16:30	13.27	--	54	71658	买盘
14:16:27	13.27	--	11	14597	买盘
14:16:24	13.27	--	31	41137	买盘
14:16:21	13.27	--	3	3981	买盘
14:16:18	13.27	--	86	114122	买盘
14:16:15	13.27	0.01	50	66350	买盘
14:16:09	13.26	--	20	26520	卖盘
14:16:06	13.26	-0.01	20	26520	卖盘
14:16:03	13.27	0.01	40	53080	买盘
14:16:00	13.26	--	10	13260	卖盘
14:15:57	13.26	--	4	5304	卖盘
14:15:54	13.26	--	50	66300	卖盘
14:15:51	13.26	--	116	153816	买盘
14:15:48	13.26	--	10	13260	买盘
14:15:45	13.26	--	41	54366	买盘
14:15:42	13.26	--	5	6630	买盘
14:15:39	13.26	--	53	70278	买盘
14:15:36	13.26	--	124	164424	买盘
14:15:24	13.26	--	49	64974	买盘
14:15:21	13.26	--	5	6630	买盘
14:15:18	13.26	--	10	13260	买盘
14:15:15	13.26	0.01	15	19890	买盘
14:15:12	13.25	-0.01	13	17225	卖盘
14:15:09	13.26	--	10	13260	买盘
14:15:06	13.26	0.01	27	35802	买盘
14:15:03	13.25	--	10	13250	卖盘
14:14:57	13.25	--	20	26500	卖盘
14:14:54	13.25	-0.01	15	19875	卖盘
14:14:51	13.26	0.01	85	112710	买盘
14:14:45	13.25	0.01	2	2650	卖盘
14:14:42	13.24	-0.01	271	358804	卖盘
14:14:39	13.25	--	15	19875	买盘
14:14:36	13.25	--	10	13250	买盘
14:14:33	13.25	0.01	12	15900	买盘
14:14:30	13.24	-0.01	81	107244	卖盘
14:14:27	13.25	--	20	26500	买盘
14:14:24	13.25	--	35	46375	买盘
14:14:21	13.25	0.01	61	80825	买盘
14:14:18	13.24	-0.01	2	2648	卖盘
14:14:09	13.25	--	7	9275	买盘
14:14:06	13.25	--	1	1325	买盘
14:14:03	13.25	0.01	21	27825	买盘
14:14:00	13.24	0.01	10	13240	卖盘
14:13:51	13.23	-0.01	228	301644	卖盘
14:13:48	13.24	--	30	39720	买盘
14:13:45	13.24	0.01	39	51636	买盘
14:13:42	13.23	--	111	146853	卖盘
14:13:33	13.23	--	100	132300	买盘
14:13:30	13.23	--	69	91287	买盘
14:13:27	13.23	--	30	39690	买盘
14:13:24	13.23	0.01	7	9261	买盘
14:13:21	13.22	-0.01	28	37016	卖盘
14:13:18	13.23	0.01	105	138915	买盘
14:13:15	13.22	--	4	5288	卖盘
14:13:12	13.22	--	33	43626	卖盘
14:13:09	13.22	--	8	10576	卖盘
14:13:06	13.22	-0.01	54	71388	卖盘
14:13:03	13.23	--	10	13230	买盘
14:13:00	13.23	--	1	1323	买盘
14:12:57	13.23	0.01	23	30429	买盘
14:12:54	13.22	--	4	5288	卖盘
14:12:51	13.22	-0.01	20	26440	卖盘
14:12:48	13.23	0.01	6	7938	买盘
14:12:45	13.22	--	214	282908	卖盘
14:12:42	13.22	--	11	14542	卖盘
14:12:39	13.22	-0.01	46	60812	卖盘
14:12:36	13.23	0.01	70	92610	买盘
14:12:30	13.22	-0.01	12	15864	卖盘
14:12:27	13.23	0.01	10	13230	买盘
14:12:21	13.22	--	7	9254	卖盘
14:12:18	13.22	--	67	88574	买盘
14:12:15	13.22	0.01	70	92540	买盘
14:12:12	13.21	-0.01	24	31704	卖盘
14:12:09	13.22	--	21	27762	卖盘
14:12:06	13.22	--	4	5288	卖盘
14:12:03	13.22	--	11	14542	卖盘
14:12:00	13.22	--	8	10576	卖盘
14:11:57	13.22	--	67	88574	买盘
14:11:51	13.22	--	12	15864	买盘
14:11:48	13.22	-0.01	95	125590	卖盘
14:11:45	13.23	0.01	17	22491	买盘
14:11:42	13.22	--	100	132200	卖盘
14:11:39	13.22	--	15	19830	卖盘
14:11:36	13.22	-0.01	33	43626	卖盘
14:11:33	13.23	--	27	35721	买盘
14:11:30	13.23	--	20	26460	买盘
14:11:27	13.23	--	24	31752	买盘
14:11:24	13.23	--	34	44982	卖盘
14:11:18	13.23	--	176	232848	卖盘
14:11:15	13.23	--	50	66150	卖盘
14:11:12	13.23	--	13	17199	卖盘
14:11:09	13.23	--	40	52920	卖盘
14:11:06	13.23	-0.01	6	7938	卖盘
14:11:03	13.24	--	52	68848	买盘
14:11:00	13.24	--	11	14564	买盘
14:10:54	13.24	--	17	22508	买盘
14:10:51	13.24	--	13	17212	买盘
14:10:48	13.24	--	3	3972	卖盘
14:10:45	13.24	--	5	6620	卖盘
14:10:39	13.24	--	31	41044	买盘
14:10:36	13.24	--	9	11916	卖盘
14:10:33	13.24	-0.01	7	9268	卖盘
14:10:30	13.25	0.01	1	1325	买盘
14:10:27	13.24	-0.01	18	23832	卖盘
14:10:24	13.25	--	7	9275	买盘
14:10:21	13.25	--	24	31800	买盘
14:10:18	13.25	--	50	66250	买盘
14:10:15	13.25	-0.01	134	177550	卖盘
14:10:00	13.26	--	1	1326	卖盘
14:09:57	13.26	--	6	7956	卖盘
14:09:54	13.26	0.01	7	9282	中性盘
14:09:51	13.25	0.02	28	37100	中性盘
14:09:48	13.23	-0.03	280	370440	卖盘
14:09:45	13.26	--	2	2652	卖盘
14:09:42	13.26	--	43	57018	卖盘
14:09:39	13.26	0.01	28	37128	买盘
14:09:36	13.25	--	10	13250	卖盘
14:09:30	13.25	-0.01	1	1325	卖盘
14:09:27	13.26	--	7	9282	买盘
14:09:24	13.26	--	10	13260	买盘
14:09:15	13.26	--	15	19890	买盘
14:09:12	13.26	--	23	30498	卖盘
14:09:09	13.26	--	4	5304	卖盘
14:09:06	13.26	--	50	66300	中性盘
14:08:54	13.26	--	30	39780	买盘
14:08:51	13.26	--	20	26520	买盘
14:08:48	13.26	--	82	108732	买盘
14:08:45	13.26	-0.01	14	18564	中性盘
14:08:36	13.27	0.01	81	107487	买盘
14:08:33	13.26	-0.01	19	25194	卖盘
14:08:30	13.27	0.01	9	11943	买盘
14:08:27	13.26	--	19	25194	卖盘
14:08:24	13.26	--	18	23868	卖盘
14:08:21	13.26	-0.01	50	66300	卖盘
14:08:18	13.27	-0.01	46	61042	卖盘
14:08:15	13.28	0.01	7	9296	买盘
14:08:12	13.27	--	73	96871	买盘
14:08:09	13.27	--	10	13270	买盘
14:08:06	13.27	--	56	74312	卖盘
14:08:03	13.27	--	56	74312	卖盘
14:08:00	13.27	--	8	10616	卖盘
14:07:57	13.27	--	10	13270	卖盘
14:07:51	13.27	--	46	61042	买盘
14:07:48	13.27	0.01	10	13270	买盘
14:07:42	13.26	-0.01	11	14586	卖盘
14:07:39	13.27	--	150	199050	买盘
14:07:36	13.27	0.01	20	26540	买盘
14:07:33	13.26	-0.01	141	186966	卖盘
14:07:24	13.27	--	17	22559	买盘
14:07:21	13.27	--	15	19905	买盘
14:07:18	13.27	0.01	30	39810	买盘
14:07:09	13.26	--	46	60996	卖盘
14:07:06	13.26	--	24	31824	卖盘
14:07:03	13.26	-0.01	15	19890	卖盘
14:07:00	13.27	0.01	5	6635	买盘
14:06:57	13.26	--	37	49062	卖盘
14:06:51	13.26	-0.01	11	14586	卖盘
14:06:48	13.27	--	10	13270	买盘
14:06:39	13.27	0.01	23	30521	买盘
14:06:36	13.26	-0.01	54	71604	卖盘
14:06:33	13.27	--	24	31848	中性盘
14:06:27	13.27	0.01	12	15924	买盘
14:06:24	13.26	--	12	15912	卖盘
14:06:21	13.26	--	25	33150	卖盘
14:06:18	13.26	--	1	1326	卖盘
14:06:12	13.26	-0.01	34	45084	卖盘
14:06:09	13.27	--	23	30521	买盘
14:06:06	13.27	--	48	63696	买盘
14:06:03	13.27	0.01	30	39810	买盘
14:05:57	13.26	-0.01	10	13260	卖盘
14:05:54	13.27	--	25	33175	买盘
14:05:51	13.27	0.01	21	27867	买盘
14:05:45	13.26	--	16	21216	卖盘
14:05:39	13.26	--	55	72930	买盘
14:05:36	13.26	0.01	8	10608	买盘
14:05:27	13.25	--	69	91425	买盘
14:05:24	13.25	--	23	30475	买盘
14:05:12	13.25	0.04	268	355100	买盘
14:05:09	13.21	-0.01	696	919416	卖盘
14:05:06	13.22	-0.01	4	5288	卖盘
14:05:03	13.23	0.01	10	13230	买盘
14:05:00	13.22	--	39	51558	卖盘
14:04:57	13.22	-0.01	35	46270	卖盘
14:04:54	13.23	-0.02	96	127008	卖盘
14:04:51	13.25	0.03	18	23850	买盘
14:04:45	13.22	-0.03	31	40982	卖盘
14:04:42	13.25	--	5	6625	买盘
14:04:39	13.25	0.02	1	1325	买盘
14:04:36	13.23	-0.02	303	400869	卖盘
14:04:33	13.25	--	27	35775	卖盘
14:04:30	13.25	--	4	5300	卖盘
14:04:27	13.25	0.02	188	249100	买盘
14:04:24	13.23	-0.01	461	609903	卖盘
14:04:21	13.24	-0.01	5	6620	卖盘
14:04:18	13.25	--	10	13250	买盘
14:04:15	13.25	--	5	6625	买盘
14:04:12	13.25	--	38	50350	卖盘
14:04:09	13.25	-0.01	21	27825	卖盘
14:04:06	13.26	0.01	19	25194	买盘
14:04:03	13.25	-0.01	57	75525	卖盘
14:04:00	13.26	--	26	34476	买盘
14:03:57	13.26	0.01	365	483990	买盘
14:03:54	13.25	-0.01	12	15900	卖盘
14:03:51	13.26	--	63	83538	卖盘
14:03:45	13.26	--	55	72930	买盘
14:03:42	13.26	--	20	26520	买盘
14:03:39	13.26	--	176	233376	卖盘
14:03:36	13.26	--	10	13260	卖盘
14:03:33	13.26	--	2	2652	卖盘
14:03:24	13.26	-0.01	25	33150	卖盘
14:03:21	13.27	--	23	30521	卖盘
14:03:18	13.27	0.01	1	1327	卖盘
14:03:15	13.26	--	11	14586	买盘
14:03:12	13.26	--	33	43758	卖盘
14:03:09	13.26	--	69	91494	卖盘
14:03:06	13.26	--	23	30498	卖盘
14:03:03	13.26	--	25	33150	卖盘
14:03:00	13.26	--	19	25194	卖盘
14:02:57	13.26	--	82	108732	卖盘
14:02:54	13.26	-0.01	11	14586	卖盘
14:02:51	13.27	0.01	15	19905	买盘
14:02:48	13.26	-0.01	10	13260	卖盘
14:02:45	13.27	0.01	52	69004	买盘
14:02:42	13.26	--	3	3978	卖盘
14:02:39	13.26	-0.01	5	6630	卖盘
14:02:36	13.27	--	46	61042	买盘
14:02:27	13.27	--	23	30521	卖盘
14:02:24	13.27	--	17	22559	卖盘
14:02:21	13.27	--	10	13270	卖盘
14:02:18	13.27	--	79	104833	卖盘
14:02:15	13.27	-0.01	127	168529	卖盘
14:02:12	13.28	0.01	34	45152	买盘
14:02:09	13.27	--	14	18578	卖盘
14:02:06	13.27	-0.01	20	26540	卖盘
14:02:00	13.28	--	43	57104	卖盘
14:01:57	13.28	--	11	14608	卖盘
14:01:54	13.28	--	66	87648	卖盘
14:01:51	13.28	--	80	106240	卖盘
14:01:48	13.28	--	20	26560	卖盘
14:01:45	13.28	--	87	115536	卖盘
14:01:42	13.28	-0.01	56	74368	卖盘
14:01:39	13.29	0.01	4	5316	买盘
14:01:36	13.28	-0.01	50	66400	卖盘
14:01:33	13.29	--	2	2658	买盘
14:01:21	13.29	--	54	71766	卖盘
14:01:15	13.29	-0.01	75	99675	卖盘
14:01:12	13.3	0.01	78	103740	买盘
14:01:09	13.29	--	39	51831	卖盘
14:01:06	13.29	--	222	295038	卖盘
14:01:00	13.29	--	45	59804	卖盘
14:00:57	13.29	--	3	3986	卖盘
14:00:54	13.29	--	210	279090	卖盘
14:00:51	13.29	-0.01	47	62462	卖盘
14:00:48	13.3	--	6	7980	买盘
14:00:45	13.3	--	38	50540	卖盘
14:00:42	13.3	-0.01	10	13300	卖盘
14:00:39	13.31	0.02	2	2662	买盘
14:00:36	13.29	--	21	27909	卖盘
14:00:33	13.29	-0.01	204	271116	卖盘
14:00:30	13.3	-0.01	23	30590	卖盘
14:00:27	13.31	0.01	10	13310	买盘
14:00:21	13.3	-0.01	60	79800	卖盘
14:00:18	13.31	0.01	30	39930	买盘
14:00:15	13.3	--	13	17290	卖盘
14:00:12	13.3	--	35	46550	卖盘
14:00:03	13.3	--	27	35910	卖盘
14:00:00	13.3	-0.01	5	6650	卖盘
13:59:57	13.31	0.01	1	1331	买盘
13:59:54	13.3	--	5	6650	卖盘
13:59:51	13.3	--	4	5320	卖盘
13:59:48	13.3	--	30	39900	卖盘
13:59:45	13.3	--	20	26600	卖盘
13:59:42	13.3	-0.01	45	59850	卖盘
13:59:39	13.31	0.01	12	15972	买盘
13:59:33	13.3	--	82	109060	买盘
13:59:30	13.3	--	20	26600	卖盘
13:59:27	13.3	--	2	2660	买盘
13:59:24	13.3	--	68	90440	卖盘
13:59:21	13.3	0.01	47	62510	买盘
13:59:18	13.29	-0.01	5	6645	卖盘
13:59:15	13.3	--	26	34580	买盘
13:59:12	13.3	--	11	14630	买盘
13:59:03	13.3	--	22	29260	买盘
13:59:00	13.3	--	7	9310	买盘
13:58:54	13.3	--	12	15960	买盘
13:58:51	13.3	--	3	3990	买盘
13:58:48	13.3	--	50	66500	买盘
13:58:45	13.3	--	10	13300	买盘
13:58:36	13.3	0.01	29	38570	买盘
13:58:33	13.29	-0.01	1	1329	卖盘
13:58:30	13.3	0.01	39	51870	买盘
13:58:27	13.29	-0.01	5	6645	卖盘
13:58:24	13.3	--	18	23940	买盘
13:58:21	13.3	--	1	1330	买盘
13:58:12	13.3	--	8	10640	买盘
13:58:09	13.3	--	5	6650	买盘
13:58:06	13.3	0.01	1	1330	买盘
13:58:03	13.29	--	15	19935	卖盘
13:57:57	13.29	--	60	79740	卖盘
13:57:54	13.29	-0.01	58	77082	卖盘
13:57:51	13.3	--	78	103740	卖盘
13:57:48	13.3	--	182	242060	买盘
13:57:45	13.3	0.01	143	190190	买盘
13:57:42	13.29	-0.01	10	13290	卖盘
13:57:39	13.3	--	13	17290	买盘
13:57:30	13.3	--	6	7980	买盘
13:57:24	13.3	--	14	18620	买盘
13:57:18	13.3	--	34	45220	买盘
13:57:15	13.3	--	82	109060	卖盘
13:57:12	13.3	--	1	1330	卖盘
13:57:09	13.3	--	40	53200	卖盘
13:57:06	13.3	-0.01	40	53200	卖盘
13:57:03	13.31	--	35	46585	买盘
13:56:57	13.31	0.01	16	21296	买盘
13:56:54	13.3	-0.01	17	22610	卖盘
13:56:51	13.31	0.01	150	199650	买盘
13:56:48	13.3	-0.01	5	6650	卖盘
13:56:45	13.31	0.01	16	21296	中性盘
13:56:42	13.3	-0.01	80	106400	卖盘
13:56:39	13.31	0.01	37	49247	买盘
13:56:36	13.3	-0.01	45	59850	卖盘
13:56:30	13.31	0.01	50	66550	买盘
13:56:27	13.3	0.01	133	176890	买盘
13:56:24	13.29	-0.01	2	2658	卖盘
13:56:18	13.3	--	15	19950	买盘
13:56:15	13.3	--	80	106400	卖盘
13:56:12	13.3	--	187	248710	卖盘
13:56:06	13.3	-0.01	224	297920	卖盘
13:56:03	13.31	--	10	13310	买盘
13:55:57	13.31	--	12	15972	卖盘
13:55:54	13.31	-0.01	25	33275	卖盘
13:55:51	13.32	--	3	3996	卖盘
13:55:48	13.32	--	43	57276	卖盘
13:55:45	13.32	--	145	193140	买盘
13:55:42	13.32	--	20	26640	买盘
13:55:39	13.32	--	19	25308	买盘
13:55:36	13.32	--	23	30636	卖盘
13:55:27	13.32	--	10	13320	卖盘
13:55:24	13.32	0.01	248	330336	买盘
13:55:21	13.31	--	23	30613	卖盘
13:55:18	13.31	-0.01	39	51909	卖盘
13:55:15	13.32	--	4	5328	买盘
13:55:12	13.32	--	26	34632	买盘
13:55:09	13.32	--	22	29304	买盘
13:55:06	13.32	--	5	6660	买盘
13:55:03	13.32	--	11	14652	买盘
13:55:00	13.32	--	63	83916	卖盘
13:54:57	13.32	-0.01	8	10656	卖盘
13:54:54	13.33	0.01	33	43989	买盘
13:54:48	13.32	--	10	13320	卖盘
13:54:45	13.32	--	82	109224	卖盘
13:54:42	13.32	-0.01	113	150516	卖盘
13:54:36	13.33	--	340	453220	买盘
13:54:33	13.33	--	16	21328	买盘
13:54:30	13.33	-0.01	185	246605	卖盘
13:54:27	13.34	0.01	14	18676	买盘
13:54:24	13.33	-0.01	63	83979	卖盘
13:54:21	13.34	0.01	15	20010	买盘
13:54:18	13.33	-0.01	92	122636	卖盘
13:54:15	13.34	--	213	284142	买盘
13:54:12	13.34	--	50	66700	买盘
13:54:09	13.34	0.01	16	21344	买盘
13:54:03	13.33	-0.01	42	55986	卖盘
13:54:00	13.34	0.01	10	13340	买盘
13:53:57	13.33	--	80	106640	卖盘
13:53:54	13.33	--	10	13330	卖盘
13:53:51	13.33	-0.01	8	10664	卖盘
13:53:48	13.34	0.02	109	145406	买盘
13:53:45	13.32	-0.01	27	35964	卖盘
13:53:42	13.33	--	105	139965	买盘
13:53:36	13.33	-0.01	13	17329	中性盘
13:53:33	13.34	--	270	361380	买盘
13:53:30	13.34	0.01	14	18676	买盘
13:53:27	13.33	-0.01	41	54653	卖盘
13:53:24	13.34	--	132	176221	买盘
13:53:21	13.34	--	35	46690	买盘
13:53:12	13.34	--	429	572286	买盘
13:53:09	13.34	--	31	41354	买盘
13:53:06	13.34	--	25	33350	买盘
13:53:03	13.34	0.01	82	109388	买盘
13:52:57	13.33	-0.01	18	23994	卖盘
13:52:54	13.34	0.01	120	160080	买盘
13:52:51	13.33	--	27	35991	卖盘
13:52:48	13.33	--	42	55986	卖盘
13:52:45	13.33	-0.01	38	50654	卖盘
13:52:42	13.34	--	31	41354	买盘
13:52:39	13.34	0.01	66	88044	买盘
13:52:36	13.33	-0.01	8	10664	卖盘
13:52:33	13.34	0.01	37	49358	买盘
13:52:30	13.33	--	75	99975	卖盘
13:52:27	13.33	--	37	49321	卖盘
13:52:24	13.33	--	147	195951	买盘
13:52:21	13.33	0.01	12	15996	买盘
13:52:18	13.32	-0.01	133	177156	卖盘
13:52:15	13.33	0.01	50	66650	买盘
13:52:12	13.32	-0.01	22	29304	卖盘
13:52:09	13.33	--	14	18662	买盘
13:52:06	13.33	--	20	26660	买盘
13:52:03	13.33	0.01	1	1333	买盘
13:52:00	13.32	--	4	5328	卖盘
13:51:54	13.32	--	53	70596	卖盘
13:51:51	13.32	--	5	6660	卖盘
13:51:48	13.32	0.01	315	419580	买盘
13:51:45	13.31	--	125	166375	卖盘
13:51:42	13.31	0.01	5	6655	卖盘
13:51:39	13.3	--	4	5320	买盘
13:51:36	13.3	-0.02	12	15960	卖盘
13:51:33	13.32	0.01	7	9324	买盘
13:51:30	13.31	0.02	69	91839	买盘
13:51:21	13.29	-0.01	5	6645	卖盘
13:51:18	13.3	0.01	7	9310	买盘
13:51:12	13.29	--	58	77082	卖盘
13:51:09	13.29	--	17	22593	卖盘
13:51:06	13.29	-0.01	500	664500	卖盘
13:51:03	13.3	--	169	224770	买盘
13:51:00	13.3	--	23	30590	买盘
13:50:57	13.3	--	11	14630	买盘
13:50:54	13.3	-0.01	126	167580	卖盘
13:50:48	13.31	--	43	57233	买盘
13:50:45	13.31	--	88	117128	买盘
13:50:42	13.31	--	22	29282	买盘
13:50:39	13.31	0.01	15	19965	买盘
13:50:36	13.3	--	41	54530	卖盘
13:50:33	13.3	-0.01	11	14630	卖盘
13:50:30	13.31	--	11	14641	买盘
13:50:27	13.31	--	12	15972	买盘
13:50:21	13.31	--	1	1331	买盘
13:50:18	13.31	0.01	100	133100	买盘
13:50:15	13.3	-0.01	65	86450	卖盘
13:50:12	13.31	0.01	306	407286	买盘
13:50:06	13.3	--	1	1330	卖盘
13:50:03	13.3	--	12	15960	卖盘
13:50:00	13.3	--	47	62510	卖盘
13:49:57	13.3	--	60	79800	卖盘
13:49:54	13.3	0.01	123	163590	买盘
13:49:51	13.29	-0.01	42	55818	卖盘
13:49:48	13.3	--	19	25270	买盘
13:49:45	13.3	0.01	50	66500	买盘
13:49:42	13.29	--	15	19935	卖盘
13:49:39	13.29	-0.01	53	70437	卖盘
13:49:33	13.3	0.02	7	9310	买盘
13:49:30	13.28	-0.02	55	73040	卖盘
13:49:27	13.3	0.01	27	35910	买盘
13:49:24	13.29	-0.01	119	158151	卖盘
13:49:21	13.3	--	5	6650	买盘
13:49:15	13.3	0.01	89	118370	买盘
13:49:12	13.29	--	30	39870	卖盘
13:49:09	13.29	--	8	10632	卖盘
13:49:06	13.29	-0.01	235	312315	卖盘
13:49:03	13.3	0.01	15	19950	买盘
13:49:00	13.29	--	5	6645	卖盘
13:48:57	13.29	--	18	23922	买盘
13:48:54	13.29	0.01	17	22593	买盘
13:48:48	13.28	-0.01	57	75696	卖盘
13:48:45	13.29	--	3	3986	买盘
13:48:42	13.29	--	29	38541	买盘
13:48:39	13.29	-0.01	1	1329	卖盘
13:48:36	13.3	0.01	7	9310	买盘
13:48:33	13.29	--	348	462491	卖盘
13:48:30	13.29	-0.01	39	51831	卖盘
13:48:27	13.3	--	21	27930	买盘
13:48:24	13.3	--	30	39900	买盘
13:48:21	13.3	--	2	2660	买盘
13:48:18	13.3	--	21	27930	买盘
13:48:15	13.3	--	60	79800	买盘
13:48:12	13.3	--	96	127680	买盘
13:48:09	13.3	-0.01	243	323190	卖盘
13:48:06	13.31	--	125	166375	买盘
13:48:03	13.31	--	2	2662	买盘
13:48:00	13.31	0.01	192	255552	买盘
13:47:57	13.3	--	9	11970	卖盘
13:47:54	13.3	-0.01	30	39900	卖盘
13:47:51	13.31	0.01	68	90508	买盘
13:47:48	13.3	--	631	839230	卖盘
13:47:45	13.3	--	40	53200	卖盘
13:47:42	13.3	--	336	446880	买盘
13:47:39	13.3	--	71	94430	买盘
13:47:33	13.3	0.01	89	118370	买盘
13:47:30	13.29	-0.01	11	14618	卖盘
13:47:27	13.3	--	73	97090	买盘
13:47:21	13.3	--	25	33250	买盘
13:47:18	13.3	--	29	38570	买盘
13:47:15	13.3	0.01	16	21280	买盘
13:47:12	13.29	-0.01	47	62462	卖盘
13:47:09	13.3	--	49	65170	买盘
13:47:06	13.3	--	21	27930	买盘
13:47:03	13.3	--	27	35910	买盘
13:47:00	13.3	--	44	58520	买盘
13:46:57	13.3	0.01	78	103740	买盘
13:46:54	13.29	-0.01	60	79740	卖盘
13:46:51	13.3	0.01	12	15960	买盘
13:46:48	13.29	--	15	19935	卖盘
13:46:45	13.29	--	13	17277	卖盘
13:46:33	13.29	--	6	7973	买盘
13:46:30	13.29	--	28	37212	买盘
13:46:27	13.29	--	138	183402	买盘
13:46:24	13.29	--	44	58475	买盘
13:46:21	13.29	--	19	25251	买盘
13:46:18	13.29	0.01	38	50502	买盘
13:46:15	13.28	-0.01	109	144752	卖盘
13:46:12	13.29	0.01	17	22593	买盘
13:46:09	13.28	-0.01	2	2656	卖盘
13:46:03	13.29	0.01	302	401358	买盘
13:46:00	13.28	0.01	53	70384	买盘
13:45:54	13.27	-0.01	39	51753	卖盘
13:45:51	13.28	--	20	26560	买盘
13:45:48	13.28	--	6	7968	买盘
13:45:45	13.28	--	6	7968	买盘
13:45:42	13.28	0.01	7	9296	买盘
13:45:39	13.27	--	10	13270	卖盘
13:45:36	13.27	--	40	53080	卖盘
13:45:30	13.27	--	22	29194	卖盘
13:45:24	13.27	--	16	21232	卖盘
13:45:21	13.27	--	11	14597	卖盘
13:45:18	13.27	--	119	157913	买盘
13:45:15	13.27	--	30	39810	买盘
13:45:12	13.27	--	7	9289	买盘
13:45:09	13.27	--	30	39810	买盘
13:45:06	13.27	--	1	1327	买盘
13:45:03	13.27	--	28	37156	买盘
13:45:00	13.27	0.01	20	26540	买盘
13:44:57	13.26	-0.01	30	39780	卖盘
13:44:51	13.27	--	6	7962	买盘
13:44:48	13.27	--	12	15924	买盘
13:44:45	13.27	--	63	83601	买盘
13:44:42	13.27	--	20	26540	买盘
13:44:39	13.27	0.01	5	6635	买盘
13:44:36	13.26	-0.01	4	5304	卖盘
13:44:33	13.27	--	6	7962	买盘
13:44:27	13.27	--	49	65023	买盘
13:44:24	13.27	--	14	18578	买盘
13:44:21	13.27	--	10	13270	买盘
13:44:18	13.27	0.01	15	19905	买盘
13:44:15	13.26	-0.01	289	383214	卖盘
13:44:12	13.27	0.01	10	13270	买盘
13:44:09	13.26	-0.01	20	26520	卖盘
13:44:06	13.27	--	59	78293	买盘
13:44:03	13.27	--	14	18578	买盘
13:44:00	13.27	--	6	7962	买盘
13:43:54	13.27	--	2	2654	买盘
13:43:51	13.27	--	106	140662	买盘
13:43:48	13.27	0.01	15	19905	买盘
13:43:39	13.26	--	3	3978	卖盘
13:43:36	13.26	--	177	234702	买盘
13:43:33	13.26	--	6	7956	买盘
13:43:30	13.26	--	50	66300	买盘
13:43:27	13.26	0.01	14	18564	买盘
13:43:12	13.25	--	2	2650	卖盘
13:43:09	13.25	--	10	13250	卖盘
13:43:06	13.25	--	15	19875	卖盘
13:43:03	13.25	--	56	74200	卖盘
13:43:00	13.25	-0.01	41	54325	卖盘
13:42:57	13.26	--	42	55692	买盘
13:42:54	13.26	0.01	78	103428	买盘
13:42:51	13.25	--	93	123225	卖盘
13:42:48	13.25	-0.01	5	6625	卖盘
13:42:42	13.26	--	6	7956	买盘
13:42:39	13.26	0.01	7	9282	买盘
13:42:36	13.25	--	17	22525	卖盘
13:42:30	13.25	0.01	89	117925	买盘
13:42:27	13.24	-0.01	40	52960	卖盘
13:42:24	13.25	--	125	165625	买盘
13:42:21	13.25	--	34	45050	买盘
13:42:18	13.25	0.01	1	1325	买盘
13:42:15	13.24	--	3	3972	卖盘
13:42:03	13.24	-0.01	10	13240	卖盘
13:42:00	13.25	--	153	202725	买盘
13:41:57	13.25	0.01	40	53000	买盘
13:41:51	13.24	--	31	41044	卖盘
13:41:39	13.24	0.01	39	51636	买盘
13:41:36	13.23	-0.01	19	25137	卖盘
13:41:33	13.24	--	18	23832	买盘
13:41:30	13.24	--	36	47664	买盘
13:41:27	13.24	-0.01	600	794400	卖盘
13:41:21	13.25	0.01	36	47700	买盘
13:41:18	13.24	-0.01	113	149612	卖盘
13:41:09	13.25	--	10	13250	买盘
13:41:00	13.25	0.02	33	43725	买盘
13:40:54	13.23	-0.02	1	1323	卖盘
13:40:48	13.25	0.02	3	3975	买盘
13:40:45	13.23	--	2	2646	卖盘
13:40:42	13.23	-0.02	5	6615	卖盘
13:40:39	13.25	0.02	45	59625	买盘
13:40:36	13.23	--	10	13230	卖盘
13:40:30	13.23	--	29	38367	卖盘
13:40:27	13.23	--	45	59535	卖盘
13:40:21	13.23	--	110	145530	买盘
13:40:18	13.23	--	2	2646	买盘
13:40:15	13.23	--	23	30429	买盘
13:40:12	13.23	0.01	120	158760	买盘
13:40:09	13.22	-0.01	59	77998	卖盘
13:40:06	13.23	--	40	52920	买盘
13:40:03	13.23	0.01	7	9261	买盘
13:40:00	13.22	-0.01	20	26440	卖盘
13:39:51	13.23	--	4	5292	买盘
13:39:48	13.23	--	14	18522	买盘
13:39:42	13.23	--	4	5292	买盘
13:39:39	13.23	0.01	120	158760	卖盘
13:39:30	13.22	-0.01	100	132200	卖盘
13:39:27	13.23	--	12	15876	卖盘
13:39:24	13.23	--	3	3969	买盘
13:39:21	13.23	--	2	2646	买盘
13:39:18	13.23	--	14	18522	买盘
13:39:12	13.23	0.01	1	1323	买盘
13:39:06	13.22	-0.01	16	21152	卖盘
13:38:57	13.23	--	3	3969	买盘
13:38:51	13.23	--	503	665469	买盘
13:38:48	13.23	0.01	60	79380	买盘
13:38:45	13.22	-0.01	2	2644	卖盘
13:38:42	13.23	--	13	17199	卖盘
13:38:39	13.23	--	12	15876	买盘
13:38:33	13.23	--	6	7938	买盘
13:38:30	13.23	--	7	9261	买盘
13:38:27	13.23	--	12	15876	买盘
13:38:21	13.23	0.01	2	2646	中性盘
13:38:15	13.22	-0.01	29	38338	卖盘
13:38:12	13.23	--	39	51597	卖盘
13:38:09	13.23	--	91	120393	卖盘
13:38:06	13.23	--	34	44982	卖盘
13:38:00	13.23	--	20	26460	卖盘
13:37:51	13.23	--	1	1323	卖盘
13:37:48	13.23	--	5	6615	卖盘
13:37:45	13.23	--	59	78718	买盘
13:37:42	13.23	--	18	23814	买盘
13:37:36	13.23	0.01	34	44982	买盘
13:37:27	13.22	-0.01	10	13220	卖盘
13:37:21	13.23	--	15	19845	买盘
13:37:15	13.23	--	9	11907	买盘
13:37:09	13.23	--	14	19183	卖盘
13:37:03	13.23	--	19	25137	卖盘
13:36:57	13.23	--	52	68796	卖盘
13:36:54	13.23	--	24	31752	卖盘
13:36:51	13.23	-0.01	14	18522	卖盘
13:36:48	13.24	0.01	13	17212	买盘
13:36:45	13.23	-0.01	7	9261	卖盘
13:36:42	13.24	--	105	139020	买盘
13:36:39	13.24	--	13	17212	买盘
13:36:36	13.24	-0.01	374	495176	卖盘
13:36:33	13.25	0.01	45	59625	买盘
13:36:30	13.24	-0.01	5	6620	卖盘
13:36:27	13.25	--	30	39750	买盘
13:36:24	13.25	--	20	26500	买盘
13:36:21	13.25	--	124	164300	买盘
13:36:18	13.25	--	30	39750	买盘
13:36:12	13.25	-0.01	55	72875	卖盘
13:36:06	13.26	0.01	11	14586	买盘
13:36:03	13.25	-0.01	6	7950	卖盘
13:36:00	13.26	--	254	336804	买盘
13:35:57	13.26	--	19	25194	买盘
13:35:54	13.26	0.01	63	83538	买盘
13:35:51	13.25	-0.01	50	66250	卖盘
13:35:48	13.26	0.01	91	120666	买盘
13:35:45	13.25	-0.01	49	64925	卖盘
13:35:42	13.26	--	16	21216	买盘
13:35:39	13.26	--	30	39780	买盘
13:35:36	13.26	--	13	17238	买盘
13:35:27	13.26	0.01	304	403104	买盘
13:35:24	13.25	--	3	3975	卖盘
13:35:21	13.25	-0.01	4	5300	卖盘
13:35:18	13.26	--	52	68952	买盘
13:35:15	13.26	0.01	10	13260	买盘
13:35:12	13.25	-0.01	40	53000	卖盘
13:35:09	13.26	0.01	1	1326	买盘
13:35:06	13.25	--	5	6625	卖盘
13:35:03	13.25	--	25	33125	卖盘
13:35:00	13.25	--	11	14575	卖盘
13:34:54	13.25	-0.01	20	26500	卖盘
13:34:51	13.26	0.01	6	7956	买盘
13:34:48	13.25	-0.01	70	92750	卖盘
13:34:45	13.26	0.01	7	9282	买盘
13:34:42	13.25	--	14	18550	卖盘
13:34:39	13.25	--	59	78175	卖盘
13:34:36	13.25	--	9	11925	卖盘
13:34:33	13.25	--	44	58300	买盘
13:34:30	13.25	--	27	35775	买盘
13:34:27	13.25	--	54	71550	买盘
13:34:24	13.25	--	10	13250	买盘
13:34:21	13.25	--	16	21200	买盘
13:34:18	13.25	--	23	30475	买盘
13:34:12	13.25	--	101	133825	买盘
13:34:09	13.25	--	9	11925	买盘
13:34:06	13.25	--	12	15900	买盘
13:34:03	13.25	--	39	51675	买盘
13:34:00	13.25	--	10	13250	买盘
13:33:57	13.25	--	66	87450	买盘
13:33:54	13.25	--	56	74200	买盘
13:33:48	13.25	0.01	1	1325	买盘
13:33:45	13.24	-0.01	61	80764	卖盘
13:33:39	13.25	--	27	35775	买盘
13:33:36	13.25	--	71	94075	买盘
13:33:33	13.25	--	14	18550	买盘
13:33:30	13.25	--	22	29150	买盘
13:33:24	13.25	0.01	10	13250	买盘
13:33:15	13.24	-0.01	15	19860	卖盘
13:33:09	13.25	0.02	20	26500	买盘
13:33:03	13.23	-0.02	31	41013	卖盘
13:33:00	13.25	0.02	290	384250	买盘
13:32:57	13.23	-0.01	54	71442	卖盘
13:32:51	13.24	--	2	2648	买盘
13:32:48	13.24	--	17	22508	买盘
13:32:45	13.24	--	65	86060	买盘
13:32:39	13.24	--	1	1324	买盘
13:32:27	13.24	0.01	16	21184	买盘
13:32:24	13.23	--	57	76072	买盘
13:32:18	13.23	--	8	10584	买盘
13:32:15	13.23	--	40	52920	买盘
13:32:12	13.23	--	53	70780	卖盘
13:32:09	13.23	--	20	26460	卖盘
13:32:03	13.23	--	30	39690	卖盘
13:32:00	13.23	0.01	90	119731	买盘
13:31:51	13.22	--	10	13220	卖盘
13:31:45	13.22	--	100	132200	卖盘
13:31:39	13.22	0.01	14	18745	买盘
13:31:36	13.21	-0.01	37	48877	卖盘
13:31:30	13.22	--	10	13220	买盘
13:31:27	13.22	--	15	19830	买盘
13:31:24	13.22	--	19	25118	买盘
13:31:21	13.22	0.01	5	6610	买盘
13:31:18	13.21	--	76	100396	卖盘
13:31:15	13.21	-0.01	40	52840	卖盘
13:31:12	13.22	0.01	110	145420	买盘
13:31:03	13.21	-0.01	178	235138	卖盘
13:31:00	13.22	0.01	16	21152	买盘
13:30:57	13.21	-0.01	107	141347	卖盘
13:30:54	13.22	0.01	45	59490	买盘
13:30:51	13.21	-0.01	10	13210	卖盘
13:30:48	13.22	0.01	20	26440	买盘
13:30:45	13.21	-0.01	150	198150	卖盘
13:30:42	13.22	--	5	6610	买盘
13:30:36	13.22	0.01	24	31728	买盘
13:30:33	13.21	-0.01	26	34346	卖盘
13:30:30	13.22	--	4	5288	买盘
13:30:24	13.22	--	47	62134	买盘
13:30:15	13.22	--	33	43626	买盘
13:30:12	13.22	--	16	21152	买盘
13:30:09	13.22	-0.01	455	601510	卖盘
13:30:06	13.23	--	10	13230	买盘
13:30:00	13.23	--	55	72765	买盘
13:29:57	13.23	--	17	22491	买盘
13:29:54	13.23	--	4	5292	买盘
13:29:51	13.23	--	8	10584	买盘
13:29:48	13.23	0.01	77	101871	买盘
13:29:45	13.22	--	20	26440	卖盘
13:29:42	13.22	-0.01	3	3966	卖盘
13:29:39	13.23	0.01	3	3969	买盘
13:29:36	13.22	--	83	109726	卖盘
13:29:33	13.22	--	131	173182	卖盘
13:29:27	13.22	--	28	37016	卖盘
13:29:24	13.22	--	25	33050	卖盘
13:29:21	13.22	--	1	1322	卖盘
13:29:15	13.22	0.01	2	2644	买盘
13:29:09	13.21	-0.01	20	26420	卖盘
13:29:06	13.22	0.01	44	58168	卖盘
13:29:03	13.21	--	104	137384	卖盘
13:29:00	13.21	--	6	7926	卖盘
13:28:57	13.21	--	1	1321	卖盘
13:28:54	13.21	-0.01	17	22457	卖盘
13:28:51	13.22	-0.01	17	22474	中性盘
13:28:48	13.23	0.02	17	22491	买盘
13:28:45	13.21	--	10	13210	卖盘
13:28:42	13.21	-0.01	3	3963	卖盘
13:28:39	13.22	--	4	5288	卖盘
13:28:36	13.22	--	100	132200	卖盘
13:28:33	13.22	--	10	13220	卖盘
13:28:30	13.22	--	121	159962	卖盘
13:28:27	13.22	--	29	38338	卖盘
13:28:21	13.22	--	379	501038	卖盘
13:28:18	13.22	--	33	43626	卖盘
13:28:15	13.22	--	13	17186	卖盘
13:28:12	13.22	-0.01	50	66100	卖盘
13:28:06	13.23	--	31	41013	买盘
13:28:03	13.23	--	11	14553	买盘
13:28:00	13.23	-0.01	16	21829	卖盘
13:27:57	13.24	0.01	58	76792	买盘
13:27:54	13.23	-0.01	130	172651	卖盘
13:27:51	13.24	0.01	103	136372	买盘
13:27:48	13.23	-0.01	10	13230	卖盘
13:27:36	13.24	-0.01	70	93342	卖盘
13:27:33	13.25	--	25	33125	买盘
13:27:30	13.25	0.01	24	31800	买盘
13:27:24	13.24	--	20	26480	卖盘
13:27:21	13.24	--	63	83412	卖盘
13:27:18	13.24	--	13	17212	卖盘
13:27:15	13.24	--	40	52960	卖盘
13:27:12	13.24	0.01	139	184698	买盘
13:27:09	13.23	--	82	108486	卖盘
13:27:00	13.23	-0.01	11	14553	卖盘
13:26:57	13.24	0.01	15	19860	买盘
13:26:51	13.23	-0.01	54	71442	卖盘
13:26:48	13.24	--	13	17212	买盘
13:26:45	13.24	--	33	43692	买盘
13:26:42	13.24	-0.01	34	45016	中性盘
13:26:33	13.25	0.01	59	78175	买盘
13:26:30	13.24	0.02	10	13240	买盘
13:26:27	13.22	-0.03	68	89896	卖盘
13:26:24	13.25	0.03	6	7950	买盘
13:26:21	13.22	-0.03	344	454768	卖盘
13:26:18	13.25	0.01	310	410750	买盘
13:26:15	13.24	-0.01	18	23832	卖盘
13:26:12	13.25	0.01	73	96725	买盘
13:26:09	13.24	-0.01	27	35748	卖盘
13:26:06	13.25	0.01	201	266325	买盘
13:25:57	13.24	0.01	174	230376	买盘
13:25:54	13.23	--	19	25137	买盘
13:25:51	13.23	-0.01	2	2646	中性盘
13:25:48	13.24	--	32	42368	买盘
13:25:45	13.24	--	577	763948	买盘
13:25:42	13.24	--	19	25156	买盘
13:25:39	13.24	--	39	51636	买盘
13:25:36	13.24	0.01	86	113864	买盘
13:25:33	13.23	-0.01	5	6615	卖盘
13:25:30	13.24	--	15	19860	买盘
13:25:27	13.24	0.01	25	33100	买盘
13:25:24	13.23	--	5	6615	卖盘
13:25:21	13.23	-0.01	7	9261	卖盘
13:25:18	13.24	0.01	19	25156	买盘
13:25:15	13.23	--	53	70119	卖盘
13:25:12	13.23	-0.01	90	119070	卖盘
13:25:09	13.24	0.01	60	79440	买盘
13:25:06	13.23	--	2	2646	卖盘
13:25:03	13.23	-0.01	45	59535	卖盘
13:25:00	13.24	--	42	55608	买盘
13:24:57	13.24	--	64	84736	买盘
13:24:54	13.24	--	39	51636	买盘
13:24:51	13.24	0.01	41	54284	买盘
13:24:48	13.23	--	19	25137	卖盘
13:24:45	13.23	-0.01	10	13230	卖盘
13:24:42	13.24	0.01	2	2648	买盘
13:24:39	13.23	--	103	136269	卖盘
13:24:36	13.23	--	20	26460	卖盘
13:24:33	13.23	--	12	15876	卖盘
13:24:30	13.23	-0.01	37	48951	卖盘
13:24:27	13.24	0.01	8	10592	买盘
13:24:21	13.23	-0.01	60	79380	卖盘
13:24:18	13.24	--	8	10592	买盘
13:24:15	13.24	0.01	289	382636	买盘
13:24:12	13.23	-0.01	165	218295	卖盘
13:24:09	13.24	--	9	11916	买盘
13:24:03	13.24	--	25	33100	买盘
13:24:00	13.24	0.01	7	9268	买盘
13:23:57	13.23	-0.01	21	27783	卖盘
13:23:54	13.24	0.01	2	2648	买盘
13:23:51	13.23	--	40	52920	卖盘
13:23:48	13.23	--	10	13230	卖盘
13:23:45	13.23	0.01	12	15876	买盘
13:23:42	13.22	--	24	31728	买盘
13:23:36	13.22	--	34	44948	买盘
13:23:33	13.22	-0.01	234	309348	买盘
13:23:27	13.23	--	39	51597	卖盘
13:23:24	13.23	0.01	229	302967	买盘
13:23:21	13.22	-0.01	212	280264	卖盘
13:23:18	13.23	--	21	27783	买盘
13:23:15	13.23	--	40	52920	买盘
13:23:12	13.23	0.01	21	27783	买盘
13:23:09	13.22	-0.01	58	76676	卖盘
13:23:06	13.23	--	10	13230	买盘
13:23:03	13.23	--	37	48951	买盘
13:22:54	13.23	0.01	39	51597	买盘
13:22:48	13.22	-0.01	17	22474	卖盘
13:22:45	13.23	0.01	118	156114	买盘
13:22:42	13.22	--	13	17186	卖盘
13:22:39	13.22	-0.01	2	2644	卖盘
13:22:36	13.23	0.02	84	111132	买盘
13:22:30	13.21	-0.01	20	26420	卖盘
13:22:27	13.22	--	43	56846	买盘
13:22:21	13.22	--	4	5288	买盘
13:22:18	13.22	--	30	39660	买盘
13:22:15	13.22	--	30	39660	买盘
13:22:09	13.22	0.01	11	14542	买盘
13:22:06	13.21	--	8	10568	买盘
13:22:03	13.21	--	14	18494	买盘
13:22:00	13.21	-0.01	49	64729	卖盘
13:21:57	13.22	--	56	74032	卖盘
13:21:54	13.22	0.01	57	75354	中性盘
13:21:48	13.21	-0.01	23	30383	卖盘
13:21:45	13.22	--	19	25118	买盘
13:21:42	13.22	--	159	210198	卖盘
13:21:39	13.22	--	43	56846	卖盘
13:21:36	13.22	--	5	6610	卖盘
13:21:33	13.22	0.01	399	527478	买盘
13:21:30	13.21	--	51	67371	卖盘
13:21:27	13.21	--	8	10568	卖盘
13:21:24	13.21	--	57	75297	卖盘
13:21:21	13.21	--	42	55482	卖盘
13:21:18	13.21	--	44	58124	卖盘
13:21:09	13.21	--	1	1321	卖盘
13:21:03	13.21	--	16	21136	卖盘
13:21:00	13.21	--	12	15852	买盘
13:20:54	13.21	--	100	132100	买盘
13:20:51	13.21	--	10	13210	买盘
13:20:48	13.21	--	3	3963	买盘
13:20:45	13.21	--	166	219286	卖盘
13:20:42	13.21	--	25	33025	卖盘
13:20:39	13.21	-0.01	90	118890	卖盘
13:20:33	13.22	0.02	73	96506	买盘
13:20:30	13.2	-0.01	5	6600	卖盘
13:20:21	13.21	--	119	157199	卖盘
13:20:18	13.21	--	87	114927	卖盘
13:20:15	13.21	--	47	62087	卖盘
13:20:06	13.21	--	2	2642	卖盘
13:20:00	13.21	--	43	56803	卖盘
13:19:54	13.21	--	24	31704	卖盘
13:19:48	13.21	--	14	18494	买盘
13:19:45	13.21	--	39	51519	买盘
13:19:42	13.21	--	16	21136	买盘
13:19:39	13.21	0.01	5	6605	买盘
13:19:36	13.2	-0.01	5	6600	卖盘
13:19:33	13.21	--	15	19815	买盘
13:19:30	13.21	--	5	6605	买盘
13:19:27	13.21	--	14	18494	买盘
13:19:24	13.21	--	6	7926	买盘
13:19:21	13.21	-0.01	28	36988	卖盘
13:19:18	13.22	0.01	65	85930	买盘
13:19:15	13.21	--	10	13210	卖盘
13:19:09	13.21	--	27	35667	买盘
13:19:06	13.21	--	29	38309	买盘
13:19:03	13.21	--	14	18494	买盘
13:19:00	13.21	--	19	25099	买盘
13:18:54	13.21	-0.01	90	118890	卖盘
13:18:48	13.22	0.01	43	56846	买盘
13:18:45	13.21	--	61	80581	买盘
13:18:42	13.21	0.01	2	2642	买盘
13:18:39	13.2	-0.01	50	66000	卖盘
13:18:33	13.21	--	24	31704	买盘
13:18:30	13.21	--	5	6605	买盘
13:18:27	13.21	--	20	26420	买盘
13:18:24	13.21	-0.01	52	68692	卖盘
13:18:21	13.22	--	11	14542	买盘
13:18:15	13.22	0.01	36	47592	买盘
13:18:09	13.21	--	1	1321	卖盘
13:18:06	13.21	--	23	30383	买盘
13:18:03	13.21	--	16	21136	卖盘
13:17:54	13.21	--	6	7926	买盘
13:17:51	13.21	--	64	84544	买盘
13:17:48	13.21	--	64	84544	买盘
13:17:45	13.21	--	11	14531	买盘
13:17:42	13.21	--	3	3963	买盘
13:17:39	13.21	--	55	72655	卖盘
13:17:36	13.21	--	85	112285	卖盘
13:17:33	13.21	--	12	15852	卖盘
13:17:30	13.21	--	10	13210	卖盘
13:17:27	13.21	-0.01	41	54161	卖盘
13:17:24	13.22	0.01	20	26440	买盘
13:17:12	13.21	--	20	26420	卖盘
13:17:09	13.21	--	74	97754	买盘
13:17:06	13.21	--	7	9247	买盘
13:17:00	13.21	--	23	30383	买盘
13:16:57	13.21	--	22	29062	买盘
13:16:54	13.21	--	5	6605	买盘
13:16:51	13.21	0.01	5	6605	买盘
13:16:48	13.2	--	90	118800	卖盘
13:16:45	13.2	-0.01	194	256080	卖盘
13:16:42	13.21	0.01	224	295904	买盘
13:16:39	13.2	--	48	63360	卖盘
13:16:36	13.2	--	39	51480	卖盘
13:16:30	13.2	--	4	5280	卖盘
13:16:27	13.2	-0.01	5	6600	卖盘
13:16:18	13.21	0.01	15	19815	买盘
13:16:15	13.2	--	96	126720	卖盘
13:16:12	13.2	0.01	150	199201	买盘
13:16:09	13.19	--	13	17147	卖盘
13:16:06	13.19	-0.01	22	29018	卖盘
13:16:03	13.2	--	18	23760	买盘
13:16:00	13.2	--	288	380160	买盘
13:15:57	13.2	0.01	63	83160	买盘
13:15:54	13.19	--	20	26380	卖盘
13:15:51	13.19	--	16	21104	卖盘
13:15:48	13.19	--	68	89692	卖盘
13:15:45	13.19	-0.01	17	22423	卖盘
13:15:42	13.2	--	2	2640	买盘
13:15:39	13.2	--	19	25080	买盘
13:15:36	13.2	0.01	18	23760	买盘
13:15:33	13.19	-0.01	18	23742	卖盘
13:15:30	13.2	--	50	66000	买盘
13:15:27	13.2	0.01	64	84480	买盘
13:15:24	13.19	-0.01	100	131900	卖盘
13:15:21	13.2	0.01	2	2640	买盘
13:15:18	13.19	-0.01	10	13190	卖盘
13:15:15	13.2	0.01	8	10560	买盘
13:15:12	13.19	-0.01	114	150366	卖盘
13:15:09	13.2	0.01	13	17160	买盘
13:15:06	13.19	--	67	88373	卖盘
13:15:03	13.19	-0.01	200	263800	卖盘
13:14:57	13.2	0.01	8	10560	买盘
13:14:54	13.19	--	20	26380	买盘
13:14:51	13.19	-0.01	20	26380	买盘
13:14:48	13.2	0.02	15	19800	买盘
13:14:45	13.18	-0.02	100	131800	卖盘
13:14:36	13.2	--	45	59400	买盘
13:14:30	13.2	--	10	13200	买盘
13:14:27	13.2	0.01	102	134640	买盘
13:14:24	13.19	0.01	5	6595	中性盘
13:14:21	13.18	--	36	47448	卖盘
13:14:18	13.18	-0.01	104	137072	卖盘
13:14:12	13.19	0.02	67	88373	买盘
13:14:06	13.17	-0.01	201	264717	卖盘
13:14:03	13.18	--	160	210880	买盘
13:14:00	13.18	--	14	18452	买盘
13:13:57	13.18	0.01	87	114666	买盘
13:13:54	13.17	-0.01	20	26340	卖盘
13:13:51	13.18	--	88	115984	买盘
13:13:45	13.18	0.01	2	2636	买盘
13:13:42	13.17	-0.01	69	90873	卖盘
13:13:39	13.18	--	38	50084	买盘
13:13:36	13.18	--	60	79080	买盘
13:13:33	13.18	0.01	1	1318	买盘
13:13:30	13.17	-0.01	40	52680	卖盘
13:13:27	13.18	--	83	109394	卖盘
13:13:24	13.18	0.01	7	9226	卖盘
13:13:21	13.17	-0.01	228	300276	卖盘
13:13:18	13.18	-0.01	2	2636	卖盘
13:13:15	13.19	0.01	10	13190	买盘
13:13:12	13.18	--	9	11862	买盘
13:13:09	13.18	--	20	26360	买盘
13:13:06	13.18	-0.01	13	17134	卖盘
13:13:03	13.19	--	4	5276	买盘
13:13:00	13.19	--	15	19785	买盘
13:12:57	13.19	-0.01	10	13190	卖盘
13:12:51	13.2	0.02	20	26400	买盘
13:12:48	13.18	0.01	1	1318	中性盘
13:12:42	13.17	-0.03	52	68484	卖盘
13:12:39	13.2	0.01	4	5280	买盘
13:12:36	13.19	0.02	7	9233	卖盘
13:12:33	13.17	-0.03	80	105360	卖盘
13:12:27	13.2	0.02	43	56760	买盘
13:12:24	13.18	--	18	23724	买盘
13:12:21	13.18	-0.01	19	25042	卖盘
13:12:15	13.19	0.02	4	5276	买盘
13:12:12	13.17	--	81	106677	卖盘
13:12:09	13.17	-0.01	102	134334	卖盘
13:12:06	13.18	--	20	26360	买盘
13:12:03	13.18	--	159	209562	买盘
13:12:00	13.18	--	57	75126	买盘
13:11:57	13.18	--	12	15816	买盘
13:11:54	13.18	--	94	123892	买盘
13:11:51	13.18	--	15	19770	买盘
13:11:48	13.18	-0.01	630	830340	卖盘
13:11:45	13.19	--	82	108158	买盘
13:11:42	13.19	--	64	84416	买盘
13:11:36	13.19	0.01	17	22423	买盘
13:11:33	13.18	-0.01	22	28996	卖盘
13:11:30	13.19	-0.01	414	546184	卖盘
13:11:27	13.2	--	18	23760	买盘
13:11:21	13.2	0.01	15	19800	中性盘
13:11:18	13.19	-0.01	95	126505	卖盘
13:11:15	13.2	--	0	118	卖盘
13:11:12	13.2	--	2	3841	买盘
13:11:06	13.2	--	200	264000	买盘
13:11:03	13.2	0.01	67	88440	买盘
13:11:00	13.19	-0.01	121	159599	卖盘
13:10:57	13.2	--	20	26400	买盘
13:10:54	13.2	0.01	56	73920	买盘
13:10:51	13.19	-0.01	17	22423	卖盘
13:10:48	13.2	--	10	13200	买盘
13:10:45	13.2	--	25	33000	买盘
13:10:42	13.2	--	5	6600	买盘
13:10:33	13.2	0.01	8	10560	买盘
13:10:30	13.19	-0.01	15	19785	卖盘
13:10:27	13.2	0.01	19	25080	买盘
13:10:21	13.19	--	17	22423	卖盘
13:10:18	13.19	--	8	10552	卖盘
13:10:12	13.19	-0.01	1	1319	卖盘
13:10:09	13.2	--	20	26400	买盘
13:10:06	13.2	0.01	15	19800	买盘
13:10:03	13.19	-0.01	63	83097	卖盘
13:10:00	13.2	--	15	19800	买盘
13:09:57	13.2	--	23	30360	买盘
13:09:54	13.2	0.01	26	34320	买盘
13:09:51	13.19	-0.01	30	39570	卖盘
13:09:48	13.2	--	17	22440	买盘
13:09:45	13.2	--	27	35640	买盘
13:09:42	13.2	-0.01	84	110880	卖盘
13:09:39	13.21	--	9	11889	买盘
13:09:36	13.21	--	44	58124	买盘
13:09:33	13.21	--	49	64729	买盘
13:09:30	13.21	0.01	8	10568	买盘
13:09:24	13.2	-0.01	106	139920	卖盘
13:09:18	13.21	--	3	3963	买盘
13:09:09	13.21	0.01	14	18494	买盘
13:08:57	13.2	--	27	35640	卖盘
13:08:54	13.2	--	27	35640	买盘
13:08:51	13.2	--	1	1320	买盘
13:08:48	13.2	--	17	22440	买盘
13:08:45	13.2	--	9	11880	买盘
13:08:42	13.2	--	8	10560	买盘
13:08:33	13.2	--	2	2640	买盘
13:08:30	13.2	--	34	44880	买盘
13:08:27	13.2	--	65	85800	买盘
13:08:24	13.2	--	8	10560	买盘
13:08:18	13.2	--	2	2640	买盘
13:08:15	13.2	0.01	220	290400	买盘
13:08:12	13.19	-0.01	44	58036	卖盘
13:08:09	13.2	--	27	35640	买盘
13:08:06	13.2	0.01	21	27720	买盘
13:08:03	13.19	--	76	100244	卖盘
13:07:57	13.19	-0.01	95	125305	卖盘
13:07:54	13.2	--	12	15840	买盘
13:07:51	13.2	0.01	8	10560	买盘
13:07:48	13.19	-0.01	14	18466	卖盘
13:07:45	13.2	--	10	13200	买盘
13:07:36	13.2	--	1	1320	买盘
13:07:33	13.2	--	5	6600	买盘
13:07:30	13.2	-0.01	15	19800	卖盘
13:07:24	13.21	0.02	22	29062	买盘
13:07:21	13.19	-0.01	129	170151	卖盘
13:07:12	13.2	--	118	155760	买盘
13:07:06	13.2	--	35	46200	买盘
13:07:03	13.2	--	9	11880	买盘
13:07:00	13.2	--	50	66000	买盘
13:06:57	13.2	--	17	22440	买盘
13:06:54	13.2	--	12	15840	卖盘
13:06:51	13.2	--	13	17160	买盘
13:06:48	13.2	0.01	10	13200	买盘
13:06:45	13.19	--	1	1319	卖盘
13:06:42	13.19	-0.01	1	1319	卖盘
13:06:36	13.2	0.01	2	2640	买盘
13:06:33	13.19	--	16	21104	卖盘
13:06:30	13.19	-0.01	10	13190	卖盘
13:06:27	13.2	0.01	80	105600	买盘
13:06:24	13.19	--	34	44846	卖盘
13:06:18	13.19	-0.01	45	59355	卖盘
13:06:15	13.2	--	4	5280	买盘
13:06:06	13.2	--	52	68640	卖盘
13:06:03	13.2	--	14	18480	卖盘
13:05:57	13.2	-0.01	45	59400	卖盘
13:05:54	13.21	0.01	42	55482	买盘
13:05:51	13.2	--	10	13200	卖盘
13:05:42	13.2	-0.01	14	18480	卖盘
13:05:36	13.21	--	36	47556	买盘
13:05:33	13.21	0.01	27	35667	买盘
13:05:30	13.2	-0.01	142	187440	卖盘
13:05:27	13.21	--	1	1321	买盘
13:05:24	13.21	--	31	40951	买盘
13:05:21	13.21	--	272	359312	卖盘
13:05:18	13.21	-0.01	103	136063	卖盘
13:05:12	13.22	--	10	13220	买盘
13:05:09	13.22	0.01	6	7932	买盘
13:05:06	13.21	--	30	39630	卖盘
13:05:03	13.21	--	78	103038	卖盘
13:05:00	13.21	-0.01	81	107001	卖盘
13:04:57	13.22	--	7	9254	买盘
13:04:54	13.22	--	14	18508	买盘
13:04:48	13.22	--	20	26440	买盘
13:04:45	13.22	--	35	46270	买盘
13:04:42	13.22	--	19	25118	买盘
13:04:39	13.22	--	121	159962	买盘
13:04:36	13.22	--	25	33050	买盘
13:04:33	13.22	--	10	13220	买盘
13:04:30	13.22	--	5	6610	买盘
13:04:27	13.22	--	4	5288	买盘
13:04:24	13.22	--	23	30406	买盘
13:04:21	13.22	0.01	9	11898	买盘
13:04:18	13.21	-0.01	41	54161	卖盘
13:04:15	13.22	--	69	91218	买盘
13:04:06	13.22	--	5	6610	买盘
13:04:03	13.22	--	11	14542	买盘
13:04:00	13.22	0.01	205	271010	买盘
13:03:57	13.21	--	7	9247	买盘
13:03:54	13.21	--	2	2642	卖盘
13:03:51	13.21	--	40	52840	卖盘
13:03:48	13.21	-0.01	90	118890	卖盘
13:03:36	13.22	0.01	8	10576	买盘
13:03:33	13.21	-0.01	3	3963	中性盘
13:03:27	13.22	0.01	10	13220	买盘
13:03:24	13.21	--	75	99075	卖盘
13:03:15	13.21	-0.01	20	26420	卖盘
13:03:09	13.22	--	5	6610	买盘
13:03:06	13.22	0.01	15	19830	买盘
13:03:00	13.21	-0.01	16	21136	卖盘
13:02:54	13.22	0.01	19	25118	买盘
13:02:51	13.21	--	13	17173	卖盘
13:02:48	13.21	0.01	86	113606	买盘
13:02:45	13.2	-0.01	2	2640	卖盘
13:02:42	13.21	--	24	31704	买盘
13:02:39	13.21	0.01	15	19815	买盘
13:02:36	13.2	--	16	21120	卖盘
13:02:27	13.2	--	25	33000	卖盘
13:02:21	13.2	0.01	90	118800	买盘
13:02:18	13.19	-0.01	10	13190	卖盘
13:02:15	13.2	0.01	50	66000	买盘
13:02:06	13.19	-0.01	20	26380	卖盘
13:01:54	13.2	0.01	45	59400	买盘
13:01:45	13.19	0.01	25	32975	卖盘
13:01:36	13.18	-0.02	44	57992	卖盘
13:01:30	13.2	0.02	11	14520	买盘
13:01:24	13.18	-0.02	3	3954	卖盘
13:01:21	13.2	0.02	60	79200	买盘
13:01:18	13.18	--	3	3954	卖盘
13:01:12	13.18	--	42	55356	卖盘
13:01:06	13.18	--	20	26360	卖盘
13:01:03	13.18	--	8	10544	卖盘
13:01:00	13.18	--	20	26360	卖盘
13:00:57	13.18	--	3	3954	卖盘
13:00:51	13.18	--	60	79080	卖盘
13:00:48	13.18	--	11	14498	卖盘
13:00:39	13.18	--	5	6590	卖盘
13:00:36	13.18	--	10	13180	卖盘
13:00:30	13.18	--	1	1318	卖盘
13:00:27	13.18	--	75	98850	卖盘
13:00:21	13.18	-0.03	152	200336	卖盘
13:00:15	13.21	0.01	465	614265	买盘
13:00:12	13.2	--	65	85800	买盘
13:00:09	13.2	--	82	108240	卖盘
13:00:06	13.2	--	321	423720	买盘
13:00:03	13.2	--	468	617760	卖盘
13:00:00	13.2	--	0	0	卖盘
11:30:00	13.2	--	0	0	卖盘
11:29:57	13.2	-0.01	10	13200	卖盘
11:29:54	13.21	0.01	11	14531	买盘
11:29:51	13.2	--	134	176880	买盘
11:29:48	13.2	--	2	2640	买盘
11:29:45	13.2	--	1003	1323960	买盘
11:29:42	13.2	--	1	1320	买盘
11:29:36	13.2	-0.01	38	50160	卖盘
11:29:30	13.21	0.01	1	1321	买盘
11:29:27	13.2	--	20	26400	卖盘
11:29:24	13.2	-0.01	4	5280	卖盘
11:29:21	13.21	0.02	15	19815	买盘
11:29:00	13.19	-0.02	5	6595	卖盘
11:28:57	13.21	0.02	5	6605	买盘
11:28:54	13.19	-0.01	20	26380	卖盘
11:28:48	13.2	--	10	13200	卖盘
11:28:45	13.2	-0.01	16	21120	买盘
11:28:42	13.21	0.02	60	79260	买盘
11:28:33	13.19	-0.01	10	13190	卖盘
11:28:30	13.2	--	18	23760	买盘
11:28:27	13.2	--	11	14520	卖盘
11:28:24	13.2	--	1	1320	卖盘
11:28:21	13.2	--	12	15840	卖盘
11:28:18	13.2	--	10	13200	卖盘
11:28:15	13.2	--	34	44880	买盘
11:28:12	13.2	--	166	219120	买盘
11:28:09	13.2	--	19	25080	买盘
11:28:03	13.2	0.01	10	13200	买盘
11:27:57	13.19	-0.01	51	67269	卖盘
11:27:54	13.2	--	10	13200	买盘
11:27:51	13.2	0.01	50	66000	买盘
11:27:45	13.19	-0.01	80	105520	卖盘
11:27:39	13.2	--	24	31680	买盘
11:27:36	13.2	--	79	104280	卖盘
11:27:30	13.2	--	147	194040	买盘
11:27:27	13.2	--	60	79200	买盘
11:27:24	13.2	--	3	3960	买盘
11:27:18	13.2	--	3	3960	买盘
11:27:09	13.2	--	197	260040	卖盘
11:27:06	13.2	-0.01	18	23760	卖盘
11:26:54	13.21	0.01	3	3963	买盘
11:26:51	13.2	--	167	220440	卖盘
11:26:48	13.2	-0.01	21	27720	卖盘
11:26:45	13.21	0.01	8	10568	买盘
11:26:42	13.2	-0.01	1	1320	卖盘
11:26:39	13.21	0.01	10	13210	买盘
11:26:36	13.2	--	34	44880	卖盘
11:26:33	13.2	-0.01	4	5280	卖盘
11:26:30	13.21	0.01	5	6605	买盘
11:26:24	13.2	--	2	2640	卖盘
11:26:21	13.2	--	21	27720	卖盘
11:26:18	13.2	-0.01	124	163680	卖盘
11:26:12	13.21	0.01	3	3963	买盘
11:26:06	13.2	-0.01	27	35640	卖盘
11:26:03	13.21	--	15	19815	买盘
11:25:57	13.21	--	10	13210	买盘
11:25:54	13.21	--	4	5284	买盘
11:25:51	13.21	--	17	22457	买盘
11:25:45	13.21	0.02	20	26420	买盘
11:25:42	13.19	--	312	411528	卖盘
11:25:39	13.19	--	84	110796	卖盘
11:25:36	13.19	-0.01	5	6595	卖盘
11:25:33	13.2	--	120	158400	买盘
11:25:30	13.2	0.01	2	2640	买盘
11:25:21	13.19	--	20	26380	卖盘
11:25:18	13.19	--	1	1319	卖盘
11:25:15	13.19	--	15	19785	卖盘
11:25:12	13.19	--	10	13190	卖盘
11:25:09	13.19	--	1	1319	卖盘
11:25:06	13.19	--	91	120029	卖盘
11:25:03	13.19	-0.01	24	31656	卖盘
11:24:57	13.2	0.01	29	38280	买盘
11:24:54	13.19	0.01	7	9233	卖盘
11:24:48	13.18	-0.01	67	88306	卖盘
11:24:42	13.19	--	2	2638	卖盘
11:24:39	13.19	--	5	6595	卖盘
11:24:33	13.19	--	4	5276	卖盘
11:24:30	13.19	0.01	23	30337	买盘
11:24:27	13.18	-0.01	2	2636	卖盘
11:24:24	13.19	0.01	119	156961	买盘
11:24:21	13.18	--	8	10544	卖盘
11:24:15	13.18	--	46	60628	卖盘
11:24:12	13.18	-0.01	8	10544	卖盘
11:24:09	13.19	--	5	6595	买盘
11:24:06	13.19	--	97	127943	买盘
11:24:03	13.19	--	11	14509	买盘
11:24:00	13.19	0.01	44	58036	买盘
11:23:54	13.18	-0.01	10	13180	卖盘
11:23:51	13.19	--	30	39570	买盘
11:23:45	13.19	--	62	81778	买盘
11:23:39	13.19	--	18	23742	卖盘
11:23:36	13.19	--	1	1319	卖盘
11:23:27	13.19	0.01	122	160918	买盘
11:23:24	13.18	--	443	583874	卖盘
11:23:21	13.18	--	30	39540	卖盘
11:23:15	13.18	0.02	276	363768	买盘
11:23:12	13.16	--	72	94752	买盘
11:23:09	13.16	--	10	13160	买盘
11:23:06	13.16	--	159	209244	卖盘
11:23:00	13.16	--	39	51324	卖盘
11:22:57	13.16	--	11	14476	买盘
11:22:54	13.16	--	19	25004	买盘
11:22:51	13.16	--	6	7896	买盘
11:22:48	13.16	-0.01	194	255304	卖盘
11:22:45	13.17	-0.01	262	345054	卖盘
11:22:39	13.18	--	16	21088	买盘
11:22:36	13.18	-0.01	101	133118	卖盘
11:22:33	13.19	--	10	13190	卖盘
11:22:30	13.19	--	10	13190	卖盘
11:22:27	13.19	0.01	108	142452	买盘
11:22:24	13.18	-0.01	160	210880	卖盘
11:22:21	13.19	0.01	10	13190	中性盘
11:22:18	13.18	-0.01	132	173976	卖盘
11:22:15	13.19	--	11	14509	卖盘
11:22:09	13.19	--	18	23742	卖盘
11:22:06	13.19	0.01	31	40889	买盘
11:22:03	13.18	-0.01	36	47448	卖盘
11:22:00	13.19	--	6	7914	买盘
11:21:57	13.19	--	6	7914	卖盘
11:21:54	13.19	--	30	39570	卖盘
11:21:51	13.19	--	58	76502	卖盘
11:21:48	13.19	--	47	61993	卖盘
11:21:45	13.19	-0.01	4	5276	卖盘
11:21:42	13.2	0.01	196	258720	中性盘
11:21:39	13.19	--	194	255886	卖盘
11:21:36	13.19	--	60	79140	卖盘
11:21:33	13.19	--	106	139814	卖盘
11:21:30	13.19	--	240	316560	卖盘
11:21:27	13.19	--	47	61993	卖盘
11:21:24	13.19	--	126	166194	卖盘
11:21:21	13.19	-0.01	35	46165	卖盘
11:21:15	13.2	0.01	42	55440	买盘
11:21:09	13.19	-0.01	11	14509	卖盘
11:21:06	13.2	-0.01	76	100320	买盘
11:21:03	13.21	0.01	14	18494	买盘
11:21:00	13.2	--	12	15840	卖盘
11:20:57	13.2	-0.01	10	13200	中性盘
11:20:54	13.21	0.01	236	311756	买盘
11:20:48	13.2	-0.01	60	79200	卖盘
11:20:45	13.21	0.01	12	15852	买盘
11:20:42	13.2	-0.01	30	39600	卖盘
11:20:39	13.21	0.01	3	3963	中性盘
11:20:36	13.2	--	30	39600	卖盘
11:20:33	13.2	--	28	36960	卖盘
11:20:30	13.2	-0.01	5	6600	卖盘
11:20:27	13.21	--	26	34346	买盘
11:20:21	13.21	0.01	44	58124	买盘
11:20:15	13.2	-0.02	291	384120	卖盘
11:20:12	13.22	0.01	107	141454	买盘
11:20:09	13.21	0.01	5	6605	买盘
11:20:06	13.2	--	212	279840	买盘
11:20:00	13.2	--	40	52800	买盘
11:19:57	13.2	-0.01	388	512160	卖盘
11:19:54	13.21	--	31	40951	卖盘
11:19:51	13.21	--	18	23778	卖盘
11:19:48	13.21	-0.01	50	66050	卖盘
11:19:45	13.22	0.01	35	46270	买盘
11:19:42	13.21	--	20	26420	卖盘
11:19:39	13.21	--	38	50198	卖盘
11:19:36	13.21	0.01	56	73976	买盘
11:19:30	13.2	--	211	278520	卖盘
11:19:27	13.2	--	16	21120	卖盘
11:19:21	13.2	-0.01	14	18480	卖盘
11:19:18	13.21	0.01	9	11889	买盘
11:19:15	13.2	--	94	124080	卖盘
11:19:12	13.2	--	30	39600	卖盘
11:19:09	13.2	--	126	166320	买盘
11:19:06	13.2	0.01	28	36960	买盘
11:19:03	13.19	-0.01	17	22423	卖盘
11:19:00	13.2	--	36	47520	买盘
11:18:57	13.2	--	230	303600	买盘
11:18:51	13.2	--	1	1320	买盘
11:18:48	13.2	0.01	15	19800	买盘
11:18:45	13.19	-0.01	5	6595	卖盘
11:18:39	13.2	0.01	24	31680	买盘
11:18:36	13.19	--	428	564532	买盘
11:18:33	13.19	--	80	105520	买盘
11:18:30	13.19	0.01	14	18466	买盘
11:18:27	13.18	-0.01	35	46130	卖盘
11:18:24	13.19	--	18	23742	买盘
11:18:21	13.19	--	61	80459	卖盘
11:18:18	13.19	-0.01	10	13190	卖盘
11:18:15	13.2	0.01	3	3960	买盘
11:18:12	13.19	-0.01	40	52760	卖盘
11:18:09	13.2	0.01	24	31680	买盘
11:18:06	13.19	--	122	160918	买盘
11:18:03	13.19	--	1	1319	买盘
11:18:00	13.19	--	1	1319	买盘
11:17:54	13.19	--	1	1319	买盘
11:17:51	13.19	--	51	67269	买盘
11:17:45	13.19	-0.01	215	283585	卖盘
11:17:42	13.2	--	6	7920	买盘
11:17:39	13.2	--	30	39600	买盘
11:17:33	13.2	--	17	22440	买盘
11:17:15	13.2	0.01	40	52800	买盘
11:17:12	13.19	--	15	19785	卖盘
11:17:09	13.19	--	15	19785	卖盘
11:17:06	13.19	--	31	40889	卖盘
11:17:03	13.19	-0.01	17	22423	卖盘
11:16:57	13.2	0.01	3	3960	买盘
11:16:45	13.19	-0.01	10	13190	卖盘
11:16:42	13.2	0.01	11	14520	买盘
11:16:39	13.19	--	10	13190	卖盘
11:16:27	13.19	--	5	6595	买盘
11:16:24	13.19	--	5	6595	卖盘
11:16:21	13.19	-0.01	5	6595	中性盘
11:16:18	13.2	--	50	66000	买盘
11:16:15	13.2	--	8	10560	买盘
11:16:12	13.2	0.02	30	39600	买盘
11:16:09	13.18	-0.02	8	10544	卖盘
11:16:00	13.2	0.02	68	89760	买盘
11:15:57	13.18	--	13	17134	卖盘
11:15:51	13.18	--	50	65900	卖盘
11:15:48	13.18	--	10	13180	卖盘
11:15:45	13.18	-0.02	30	39540	卖盘
11:15:42	13.2	0.01	51	67320	买盘
11:15:39	13.19	0.01	5	6595	买盘
11:15:33	13.18	-0.01	19	25042	卖盘
11:15:30	13.19	0.01	2	2638	买盘
11:15:27	13.18	-0.01	33	43494	卖盘
11:15:21	13.19	--	28	36932	卖盘
11:15:12	13.19	--	8	10552	卖盘
11:15:09	13.19	--	32	42208	卖盘
11:15:06	13.19	-0.01	90	118710	卖盘
11:15:03	13.2	0.01	29	38280	买盘
11:15:00	13.19	--	37	48803	卖盘
11:14:57	13.19	-0.01	5	6595	卖盘
11:14:54	13.2	--	44	58080	买盘
11:14:51	13.2	0.01	90	118800	买盘
11:14:48	13.19	-0.01	40	52760	卖盘
11:14:42	13.2	0.01	53	69960	买盘
11:14:39	13.19	-0.01	22	29018	卖盘
11:14:36	13.2	--	15	19800	买盘
11:14:30	13.2	--	11	14520	买盘
11:14:27	13.2	--	22	29040	买盘
11:14:24	13.2	-0.01	8	10560	买盘
11:14:21	13.21	0.01	310	409510	买盘
11:14:18	13.2	-0.01	9	11880	卖盘
11:14:15	13.21	0.01	65	85865	买盘
11:14:12	13.2	--	13	17160	卖盘
11:14:06	13.2	-0.01	153	201960	卖盘
11:14:03	13.21	--	4	5284	买盘
11:14:00	13.21	-0.01	54	71334	卖盘
11:13:57	13.22	--	3	3966	买盘
11:13:54	13.22	0.01	60	79320	买盘
11:13:51	13.21	-0.01	20	26420	卖盘
11:13:48	13.22	0.01	70	92540	买盘
11:13:45	13.21	0.01	8	10568	买盘
11:13:42	13.2	-0.01	13	17160	卖盘
11:13:39	13.21	0.01	89	117569	买盘
11:13:36	13.2	-0.01	30	39600	卖盘
11:13:30	13.21	0.01	17	22457	买盘
11:13:27	13.2	-0.01	5	6600	中性盘
11:13:21	13.21	0.01	40	52840	买盘
11:13:18	13.2	--	15	19800	买盘
11:13:15	13.2	--	10	13200	买盘
11:13:12	13.2	--	5	6600	买盘
11:13:09	13.2	0.01	54	71280	买盘
11:13:06	13.19	--	32	42208	卖盘
11:13:03	13.19	--	10	13190	买盘
11:13:00	13.19	0.01	6	7914	买盘
11:12:57	13.18	-0.02	51	67218	卖盘
11:12:54	13.2	0.01	218	287760	买盘
11:12:51	13.19	--	33	43527	买盘
11:12:48	13.19	--	24	31656	买盘
11:12:45	13.19	--	9	11871	买盘
11:12:42	13.19	--	309	407571	买盘
11:12:39	13.19	0.01	9	11871	买盘
11:12:36	13.18	-0.01	18	23724	卖盘
11:12:33	13.19	--	12	15828	卖盘
11:12:27	13.19	-0.01	7	9233	卖盘
11:12:24	13.2	--	50	66000	买盘
11:12:21	13.2	--	8	10560	买盘
11:12:15	13.2	0.02	1	1320	买盘
11:12:12	13.18	-0.02	19	25042	卖盘
11:12:06	13.2	0.02	124	163680	买盘
11:12:03	13.18	--	80	105440	买盘
11:12:00	13.18	--	58	76444	买盘
11:11:57	13.18	--	35	46130	买盘
11:11:54	13.18	--	43	56674	买盘
11:11:51	13.18	--	51	67218	买盘
11:11:45	13.18	--	5	6590	买盘
11:11:42	13.18	--	57	75126	买盘
11:11:39	13.18	--	8	10544	买盘
11:11:36	13.18	--	49	64582	买盘
11:11:33	13.18	0.01	5	6590	买盘
11:11:24	13.17	--	19	25023	买盘
11:11:21	13.17	--	5	6585	买盘
11:11:18	13.17	--	70	92190	买盘
11:11:12	13.17	0.01	30	39510	买盘
11:11:03	13.16	-0.01	2	2632	卖盘
11:11:00	13.17	0.01	63	82971	买盘
11:10:57	13.16	--	4	5264	卖盘
11:10:54	13.16	--	83	109228	买盘
11:10:51	13.16	--	43	56588	买盘
11:10:48	13.16	--	47	61852	买盘
11:10:45	13.16	--	113	148708	买盘
11:10:39	13.16	0.01	2	2632	买盘
11:10:36	13.15	--	16	21040	卖盘
11:10:30	13.15	--	49	64435	买盘
11:10:27	13.15	--	8	10520	买盘
11:10:24	13.15	--	17	22355	买盘
11:10:21	13.15	--	10	13150	买盘
11:10:18	13.15	0.01	7	9205	买盘
11:10:15	13.14	--	7	9198	卖盘
11:10:12	13.14	-0.01	46	60444	卖盘
11:10:09	13.15	--	23	30245	买盘
11:10:06	13.15	--	31	40765	买盘
11:10:03	13.15	0.01	10	13150	买盘
11:10:00	13.14	-0.01	5	6570	卖盘
11:09:57	13.15	0.01	32	42080	买盘
11:09:54	13.14	--	57	74898	卖盘
11:09:51	13.14	-0.01	37	48618	卖盘
11:09:45	13.15	--	22	28930	买盘
11:09:42	13.15	0.01	8	10520	买盘
11:09:39	13.14	--	36	47304	卖盘
11:09:33	13.14	-0.01	21	27594	卖盘
11:09:30	13.15	0.01	52	68380	买盘
11:09:27	13.14	--	53	69642	卖盘
11:09:24	13.14	-0.01	20	26280	卖盘
11:09:18	13.15	--	10	13150	买盘
11:09:15	13.15	0.01	20	26300	买盘
11:09:03	13.14	--	6	7884	买盘
11:09:00	13.14	0.01	2	2628	买盘
11:08:57	13.13	--	22	28886	卖盘
11:08:54	13.13	--	78	102414	卖盘
11:08:51	13.13	-0.01	136	178568	卖盘
11:08:48	13.14	--	34	44676	买盘
11:08:45	13.14	0.01	22	28908	买盘
11:08:42	13.13	-0.01	2	2626	卖盘
11:08:36	13.14	--	30	39420	买盘
11:08:33	13.14	0.01	7	9198	买盘
11:08:30	13.13	--	21	27573	卖盘
11:08:27	13.13	--	26	34138	卖盘
11:08:24	13.13	--	14	18946	买盘
11:08:21	13.13	--	21	27573	买盘
11:08:18	13.13	--	5	6565	买盘
11:08:15	13.13	--	33	44077	卖盘
11:08:12	13.13	--	71	93223	卖盘
11:08:09	13.13	--	30	39390	卖盘
11:08:06	13.13	--	29	38641	买盘
11:08:03	13.13	0.01	14	18382	买盘
11:08:00	13.12	--	31	40672	卖盘
11:07:57	13.12	-0.01	1	1312	卖盘
11:07:54	13.13	--	25	32825	买盘
11:07:51	13.13	--	132	174064	卖盘
11:07:45	13.13	-0.01	196	257348	卖盘
11:07:39	13.14	--	68	89352	卖盘
11:07:36	13.14	--	5	6570	卖盘
11:07:33	13.14	0.01	1	1314	卖盘
11:07:30	13.13	--	4	5252	卖盘
11:07:27	13.13	--	73	95849	卖盘
11:07:24	13.13	--	138	181758	卖盘
11:07:21	13.13	--	8	10504	卖盘
11:07:15	13.13	--	20	26260	卖盘
11:07:09	13.13	-0.01	207	271791	卖盘
11:07:06	13.14	0.01	75	98550	买盘
11:07:03	13.13	-0.01	53	69589	卖盘
11:07:00	13.14	--	31	40734	买盘
11:06:57	13.14	--	4	5256	买盘
11:06:54	13.14	--	2	2628	买盘
11:06:51	13.14	--	2	2628	买盘
11:06:48	13.14	--	158	208360	卖盘
11:06:45	13.14	--	51	67014	卖盘
11:06:42	13.14	--	26	34164	卖盘
11:06:36	13.14	--	8	10512	卖盘
11:06:33	13.14	--	31	40734	卖盘
11:06:30	13.14	0.01	36	47869	买盘
11:06:27	13.13	--	22	28886	卖盘
11:06:24	13.13	-0.01	8	10504	中性盘
11:06:21	13.14	0.02	89	116946	买盘
11:06:12	13.12	-0.02	103	135136	卖盘
11:06:09	13.14	0.01	29	38106	买盘
11:06:06	13.13	-0.01	18	23634	中性盘
11:06:03	13.14	0.01	16	21024	买盘
11:06:00	13.13	-0.01	209	274417	卖盘
11:05:57	13.14	0.01	31	40747	买盘
11:05:54	13.13	--	43	56459	买盘
11:05:51	13.13	--	52	69575	卖盘
11:05:48	13.13	-0.01	28	36764	卖盘
11:05:45	13.14	0.01	4	5256	买盘
11:05:39	13.13	-0.01	43	56459	卖盘
11:05:36	13.14	0.01	14	18396	买盘
11:05:33	13.13	--	91	119483	卖盘
11:05:30	13.13	--	100	131300	卖盘
11:05:27	13.13	-0.01	37	48581	卖盘
11:05:24	13.14	--	9	11826	买盘
11:05:21	13.14	--	43	56502	买盘
11:05:18	13.14	0.01	75	98550	买盘
11:05:15	13.13	-0.01	7	9191	卖盘
11:05:12	13.14	--	100	131400	买盘
11:05:09	13.14	--	21	27594	卖盘
11:05:06	13.14	--	85	111690	卖盘
11:04:57	13.14	--	19	24966	买盘
11:04:54	13.14	0.01	45	59130	买盘
11:04:51	13.13	-0.02	65	85345	卖盘
11:04:48	13.15	0.01	5	6575	买盘
11:04:45	13.14	--	24	31536	卖盘
11:04:42	13.14	--	4	5256	买盘
11:04:39	13.14	--	41	53874	买盘
11:04:36	13.14	--	101	132714	买盘
11:04:33	13.14	--	52	68328	买盘
11:04:30	13.14	--	14	18396	买盘
11:04:27	13.14	0.01	35	45990	买盘
11:04:24	13.13	--	5	6565	卖盘
11:04:21	13.13	0.01	218	286247	买盘
11:04:18	13.12	-0.01	161	212530	卖盘
11:04:15	13.13	--	67	87971	买盘
11:04:09	13.13	0.01	71	93223	买盘
11:04:06	13.12	--	60	78720	卖盘
11:04:03	13.12	--	28	36736	卖盘
11:04:00	13.12	-0.01	183	240109	卖盘
11:03:54	13.13	0.01	1	1313	买盘
11:03:51	13.12	0.01	39	51168	买盘
11:03:48	13.11	-0.01	18	23598	卖盘
11:03:45	13.12	-0.01	32	41984	卖盘
11:03:42	13.13	--	17	22321	买盘
11:03:39	13.13	0.01	123	161499	买盘
11:03:36	13.12	-0.01	37	48544	卖盘
11:03:33	13.13	0.01	112	147056	买盘
11:03:30	13.12	-0.01	155	203360	卖盘
11:03:27	13.13	0.01	43	56459	买盘
11:03:24	13.12	--	90	118080	卖盘
11:03:21	13.12	--	61	80032	卖盘
11:03:18	13.12	--	21	27552	卖盘
11:03:12	13.12	-0.01	36	47232	卖盘
11:03:09	13.13	--	238	312494	买盘
11:03:06	13.13	0.01	10	13130	买盘
11:03:03	13.12	-0.01	61	80032	卖盘
11:03:00	13.13	--	209	274417	买盘
11:02:57	13.13	--	40	52520	买盘
11:02:54	13.13	-0.01	460	603980	卖盘
11:02:51	13.14	0.01	25	32850	买盘
11:02:48	13.13	--	40	52520	卖盘
11:02:45	13.13	-0.01	5	6565	卖盘
11:02:42	13.14	--	138	181332	买盘
11:02:39	13.14	--	247	324558	卖盘
11:02:36	13.14	--	36	47304	卖盘
11:02:33	13.14	-0.01	2	2628	卖盘
11:02:30	13.15	--	15	19725	买盘
11:02:27	13.15	--	44	57860	买盘
11:02:24	13.15	-0.01	22	28930	卖盘
11:02:21	13.16	0.02	30	39480	中性盘
11:02:15	13.14	-0.02	518	680652	卖盘
11:02:12	13.16	0.01	974	1281784	买盘
11:02:09	13.15	--	9	11835	买盘
11:02:06	13.15	--	194	255110	卖盘
11:02:03	13.15	--	48	63120	卖盘
11:02:00	13.15	--	42	55230	卖盘
11:01:57	13.15	--	100	131500	卖盘
11:01:54	13.15	-0.01	114	149910	卖盘
11:01:51	13.16	--	1	1316	买盘
11:01:48	13.16	0.01	89	117124	买盘
11:01:45	13.15	--	204	268260	卖盘
11:01:42	13.15	--	78	102570	卖盘
11:01:39	13.15	--	20	26300	买盘
11:01:36	13.15	--	2	2630	买盘
11:01:33	13.15	--	202	265630	买盘
11:01:27	13.15	--	3	3945	买盘
11:01:24	13.15	--	9	11835	买盘
11:01:21	13.15	--	44	57860	卖盘
11:01:15	13.15	--	1	1315	卖盘
11:01:12	13.15	-0.01	154	202510	卖盘
11:01:09	13.16	0.01	31	40796	买盘
11:01:03	13.15	-0.01	9	11835	卖盘
11:01:00	13.16	--	21	27636	买盘
11:00:57	13.16	--	140	184240	买盘
11:00:54	13.16	--	88	115808	买盘
11:00:51	13.16	--	72	94752	卖盘
11:00:45	13.16	--	96	126336	买盘
11:00:42	13.16	--	101	132916	买盘
11:00:36	13.16	--	49	64484	买盘
11:00:30	13.16	0.01	18	23688	买盘
11:00:24	13.15	--	11	14465	卖盘
11:00:21	13.15	--	61	80215	卖盘
11:00:15	13.15	--	132	173580	买盘
11:00:12	13.15	--	51	67065	买盘
11:00:09	13.15	--	123	161745	买盘
11:00:06	13.15	--	21	27615	买盘
11:00:03	13.15	--	43	56545	买盘
10:59:57	13.15	-0.01	595	782425	卖盘
10:59:51	13.16	--	40	52640	买盘
10:59:48	13.16	--	11	14476	买盘
10:59:45	13.16	--	130	171080	卖盘
10:59:36	13.16	--	103	135548	卖盘
10:59:30	13.16	-0.01	73	96068	卖盘
10:59:27	13.17	--	20	26340	买盘
10:59:24	13.17	0.01	13	17121	买盘
10:59:21	13.16	--	40	52640	卖盘
10:59:18	13.16	-0.01	14	18424	卖盘
10:59:15	13.17	--	14	18438	买盘
10:59:12	13.17	0.01	15	19755	买盘
10:59:06	13.16	--	52	68432	卖盘
10:59:03	13.16	-0.01	31	40796	卖盘
10:58:57	13.17	--	26	34242	买盘
10:58:54	13.17	0.01	4	5268	买盘
10:58:51	13.16	--	54	71064	卖盘
10:58:48	13.16	-0.01	87	114492	卖盘
10:58:45	13.17	0.01	21	27657	买盘
10:58:42	13.16	-0.01	34	44744	卖盘
10:58:39	13.17	0.01	70	92190	买盘
10:58:36	13.16	-0.01	92	121072	卖盘
10:58:30	13.17	--	8	10536	买盘
10:58:27	13.17	--	19	25023	卖盘
10:58:24	13.17	-0.01	130	171210	买盘
10:58:21	13.18	0.01	34	44812	买盘
10:58:18	13.17	-0.01	46	60582	卖盘
10:58:15	13.18	0.01	66	86988	买盘
10:58:12	13.17	--	1	1317	卖盘
10:58:09	13.17	--	107	140919	卖盘
10:58:06	13.17	--	10	13170	卖盘
10:58:03	13.17	-0.01	11	14487	卖盘
10:58:00	13.18	--	23	30314	买盘
10:57:57	13.18	--	15	19770	买盘
10:57:51	13.18	--	6	7908	买盘
10:57:48	13.18	--	362	477116	卖盘
10:57:45	13.18	--	41	54038	卖盘
10:57:39	13.18	-0.01	50	65900	卖盘
10:57:36	13.19	0.01	8	10552	买盘
10:57:33	13.18	--	19	25042	卖盘
10:57:30	13.18	-0.01	5	6590	卖盘
10:57:27	13.19	--	10	13190	买盘
10:57:24	13.19	--	3	3957	买盘
10:57:21	13.19	--	1	1319	买盘
10:57:18	13.19	-0.01	116	153004	中性盘
10:57:15	13.2	0.01	71	93720	买盘
10:57:12	13.19	0.01	68	89692	卖盘
10:57:09	13.18	-0.01	40	52720	卖盘
10:57:03	13.19	-0.01	5	6595	买盘
10:57:00	13.2	0.01	45	59400	买盘
10:56:57	13.19	--	16	21104	买盘
10:56:54	13.19	--	6	7914	买盘
10:56:51	13.19	--	58	76502	买盘
10:56:48	13.19	--	54	71226	买盘
10:56:45	13.19	0.01	19	25061	买盘
10:56:42	13.18	-0.01	78	102804	卖盘
10:56:39	13.19	--	10	13190	买盘
10:56:36	13.19	--	27	35613	买盘
10:56:33	13.19	--	15	19785	买盘
10:56:30	13.19	--	27	35613	买盘
10:56:27	13.19	-0.01	14	18466	买盘
10:56:24	13.2	0.02	18	23760	买盘
10:56:21	13.18	-0.01	81	106758	卖盘
10:56:18	13.19	--	64	84416	卖盘
10:56:15	13.19	--	2	2638	卖盘
10:56:12	13.19	--	175	230825	卖盘
10:56:09	13.19	--	10	13190	买盘
10:56:06	13.19	--	11	14509	买盘
10:56:03	13.19	--	23	30337	买盘
10:56:00	13.19	--	10	13190	买盘
10:55:57	13.19	--	3	3957	买盘
10:55:54	13.19	0.01	136	179384	买盘
10:55:51	13.18	-0.01	13	17134	卖盘
10:55:48	13.19	0.01	42	55398	买盘
10:55:45	13.18	--	38	50084	卖盘
10:55:42	13.18	--	10	13180	卖盘
10:55:36	13.18	--	176	231968	买盘
10:55:33	13.18	0.01	44	57992	买盘
10:55:30	13.17	--	8	10536	卖盘
10:55:24	13.17	-0.01	5	6585	卖盘
10:55:21	13.18	0.01	29	38222	买盘
10:55:18	13.17	--	81	106677	买盘
10:55:15	13.17	--	34	44778	买盘
10:55:12	13.17	--	48	63216	买盘
10:55:03	13.17	0.01	21	27657	买盘
10:55:00	13.16	--	28	36848	买盘
10:54:57	13.16	-0.01	56	73696	卖盘
10:54:54	13.17	0.01	10	13170	买盘
10:54:51	13.16	0.01	140	184240	买盘
10:54:48	13.15	-0.01	28	36820	卖盘
10:54:42	13.16	0.01	49	64484	买盘
10:54:39	13.15	--	18	23670	买盘
10:54:36	13.15	--	5	6575	买盘
10:54:33	13.15	--	100	131500	买盘
10:54:30	13.15	--	80	105200	买盘
10:54:27	13.15	0.01	50	65750	买盘
10:54:21	13.14	-0.01	21	27594	卖盘
10:54:18	13.15	0.01	9	11835	买盘
10:54:15	13.14	--	155	203670	买盘
10:54:12	13.14	--	43	56502	买盘
10:54:09	13.14	-0.01	49	64386	卖盘
10:54:06	13.15	0.01	15	19725	买盘
10:54:03	13.14	--	104	136656	买盘
10:54:00	13.14	-0.01	175	229950	卖盘
10:53:57	13.15	0.01	30	39450	买盘
10:53:54	13.14	-0.01	31	40734	卖盘
10:53:51	13.15	0.02	10	13150	买盘
10:53:45	13.13	--	127	166751	卖盘
10:53:42	13.13	-0.02	9	11817	卖盘
10:53:39	13.15	0.02	11	14465	买盘
10:53:36	13.13	--	30	39390	卖盘
10:53:33	13.13	-0.01	55	72215	卖盘
10:53:30	13.14	0.01	6	7884	买盘
10:53:27	13.13	-0.01	38	49894	卖盘
10:53:24	13.14	--	53	69642	买盘
10:53:21	13.14	0.01	70	91980	买盘
10:53:18	13.13	0.01	14	18382	买盘
10:53:15	13.12	--	23	30176	卖盘
10:53:12	13.12	-0.01	70	91840	卖盘
10:53:09	13.13	0.01	51	66963	卖盘
10:53:06	13.12	-0.01	144	188928	卖盘
10:53:03	13.13	0.01	44	57772	卖盘
10:53:00	13.12	--	22	28864	卖盘
10:52:57	13.12	--	216	283392	卖盘
10:52:54	13.12	--	21	27552	买盘
10:52:51	13.12	--	32	41984	买盘
10:52:48	13.12	--	56	73472	买盘
10:52:45	13.12	--	36	47232	买盘
10:52:42	13.12	--	300	393600	卖盘
10:52:39	13.12	-0.02	704	923648	卖盘
10:52:36	13.14	0.01	60	78840	买盘
10:52:33	13.13	--	58	76154	买盘
10:52:30	13.13	-0.02	422	554086	卖盘
10:52:27	13.15	0.01	51	67065	买盘
10:52:24	13.14	--	197	258858	卖盘
10:52:21	13.14	--	37	48618	卖盘
10:52:18	13.14	0.01	7	9198	中性盘
10:52:15	13.13	-0.02	39	51207	卖盘
10:52:12	13.15	0.01	20	26300	买盘
10:52:09	13.14	--	716	940824	卖盘
10:52:06	13.14	--	56	73584	卖盘
10:52:03	13.14	--	30	39420	卖盘
10:51:57	13.14	--	6	7884	卖盘
10:51:54	13.14	--	106	139284	买盘
10:51:48	13.14	0.01	20	26280	买盘
10:51:45	13.13	--	14	18382	卖盘
10:51:42	13.13	--	28	36764	卖盘
10:51:39	13.13	-0.01	35	45955	卖盘
10:51:36	13.14	0.01	29	38106	买盘
10:51:33	13.13	--	108	141804	卖盘
10:51:27	13.13	--	112	147056	卖盘
10:51:24	13.13	--	1	1313	卖盘
10:51:21	13.13	--	5	6565	卖盘
10:51:18	13.13	-0.01	58	76154	卖盘
10:51:15	13.14	0.01	67	88038	买盘
10:51:12	13.13	0.01	159	208767	买盘
10:51:09	13.12	-0.02	163	213856	卖盘
10:51:06	13.14	--	72	94608	买盘
10:51:03	13.14	--	5	6570	买盘
10:51:00	13.14	--	20	26280	买盘
10:50:57	13.14	--	319	419166	买盘
10:50:54	13.14	--	113	148482	买盘
10:50:51	13.14	--	16	21024	买盘
10:50:48	13.14	-0.01	138	181332	卖盘
10:50:45	13.15	0.01	6	7890	买盘
10:50:42	13.14	--	12	15768	卖盘
10:50:39	13.14	--	35	45990	卖盘
10:50:36	13.14	--	31	40734	卖盘
10:50:33	13.14	--	20	26280	卖盘
10:50:30	13.14	0.01	32	42048	买盘
10:50:27	13.13	-0.01	10	13130	卖盘
10:50:24	13.14	--	19	24966	买盘
10:50:21	13.14	--	37	48618	买盘
10:50:18	13.14	0.01	198	260172	买盘
10:50:15	13.13	-0.01	140	183820	卖盘
10:50:12	13.14	0.01	5	6570	买盘
10:50:09	13.13	-0.01	91	119483	卖盘
10:50:06	13.14	0.01	44	57816	买盘
10:50:03	13.13	-0.01	8	10504	卖盘
10:50:00	13.14	0.01	18	23652	买盘
10:49:57	13.13	-0.01	49	64337	卖盘
10:49:54	13.14	--	10	13140	卖盘
10:49:51	13.14	--	37	48618	买盘
10:49:48	13.14	--	24	31536	买盘
10:49:45	13.14	--	37	48618	买盘
10:49:42	13.14	-0.01	190	249660	卖盘
10:49:39	13.15	0.01	34	44710	买盘
10:49:36	13.14	-0.01	4	5256	中性盘
10:49:30	13.15	--	28	36820	买盘
10:49:27	13.15	--	10	13150	买盘
10:49:24	13.15	0.01	54	71010	买盘
10:49:21	13.14	-0.01	685	900090	卖盘
10:49:18	13.15	0.01	100	131500	买盘
10:49:15	13.14	--	117	153738	卖盘
10:49:12	13.14	-0.01	2	2628	卖盘
10:49:09	13.15	0.01	57	74955	买盘
10:49:06	13.14	--	50	65700	卖盘
10:49:03	13.14	-0.01	27	35478	卖盘
10:49:00	13.15	--	50	65750	买盘
10:48:57	13.15	0.01	7	9205	买盘
10:48:54	13.14	--	25	32850	卖盘
10:48:51	13.14	--	3	3942	卖盘
10:48:45	13.14	0.01	3	3942	中性盘
10:48:42	13.13	--	124	162812	卖盘
10:48:39	13.13	--	86	112918	卖盘
10:48:36	13.13	-0.02	14	18382	卖盘
10:48:30	13.15	0.01	33	43395	买盘
10:48:27	13.14	--	22	28908	卖盘
10:48:24	13.14	--	7	9198	卖盘
10:48:21	13.14	-0.01	30	39420	卖盘
10:48:18	13.15	0.01	12	15780	买盘
10:48:15	13.14	--	29	38106	卖盘
10:48:12	13.14	--	27	35478	卖盘
10:48:09	13.14	0.01	30	39420	买盘
10:48:06	13.13	-0.01	39	51207	卖盘
10:48:03	13.14	--	86	113004	买盘
10:48:00	13.14	--	22	28908	买盘
10:47:57	13.14	--	9	11826	买盘
10:47:54	13.14	--	24	31536	买盘
10:47:51	13.14	--	145	190530	买盘
10:47:48	13.14	--	15	19710	买盘
10:47:45	13.14	--	9	11826	买盘
10:47:42	13.14	-0.01	117	153738	卖盘
10:47:39	13.15	--	114	149910	买盘
10:47:36	13.15	0.01	57	74955	买盘
10:47:33	13.14	--	34	44676	卖盘
10:47:30	13.14	-0.01	77	101178	卖盘
10:47:27	13.15	0.01	20	26300	买盘
10:47:24	13.14	-0.01	1	1314	卖盘
10:47:21	13.15	0.01	32	42080	买盘
10:47:18	13.14	-0.01	119	156366	卖盘
10:47:15	13.15	--	11	14465	买盘
10:47:12	13.15	0.01	38	49970	买盘
10:47:09	13.14	-0.01	30	39420	卖盘
10:47:06	13.15	0.01	65	85475	买盘
10:47:03	13.14	-0.01	35	45990	卖盘
10:46:54	13.15	0.01	60	78900	买盘
10:46:51	13.14	-0.01	56	73584	卖盘
10:46:48	13.15	0.01	28	36820	买盘
10:46:45	13.14	--	30	39420	卖盘
10:46:42	13.14	--	167	219438	卖盘
10:46:39	13.14	--	224	294336	卖盘
10:46:36	13.14	-0.01	50	65700	卖盘
10:46:33	13.15	--	99	130185	买盘
10:46:30	13.15	--	16	21040	买盘
10:46:27	13.15	0.01	35	46025	买盘
10:46:24	13.14	--	34	44676	卖盘
10:46:21	13.14	--	13	17082	卖盘
10:46:18	13.14	--	12	15768	卖盘
10:46:15	13.14	--	41	53874	买盘
10:46:12	13.14	-0.01	6	7884	中性盘
10:46:09	13.15	0.01	236	310340	买盘
10:46:06	13.14	-0.01	125	164250	卖盘
10:46:03	13.15	--	20	26300	买盘
10:46:00	13.15	--	36	47340	买盘
10:45:57	13.15	0.01	1	1315	买盘
10:45:54	13.14	--	178	233892	买盘
10:45:51	13.14	--	10	13140	买盘
10:45:48	13.14	--	171	224694	卖盘
10:45:42	13.14	--	16	21024	卖盘
10:45:39	13.14	-0.01	40	52560	卖盘
10:45:36	13.15	0.01	90	118350	买盘
10:45:33	13.14	-0.01	53	69642	卖盘
10:45:30	13.15	--	8	10520	买盘
10:45:27	13.15	0.01	15	19725	买盘
10:45:24	13.14	-0.01	28	36792	卖盘
10:45:21	13.15	--	343	451045	买盘
10:45:18	13.15	--	66	86790	买盘
10:45:15	13.15	--	3	3945	买盘
10:45:12	13.15	-0.01	122	160430	卖盘
10:45:09	13.16	--	12	15792	卖盘
10:45:06	13.16	--	15	19740	买盘
10:45:03	13.16	-0.01	24	31584	买盘
10:45:00	13.17	0.02	93	122481	买盘
10:44:57	13.15	--	139	182785	卖盘
10:44:54	13.15	-0.01	37	48655	卖盘
10:44:51	13.16	--	262	344792	买盘
10:44:48	13.16	--	168	221088	卖盘
10:44:45	13.16	--	18	23688	买盘
10:44:42	13.16	-0.01	16	21056	卖盘
10:44:39	13.17	0.01	5	6585	买盘
10:44:36	13.16	-0.01	36	47376	卖盘
10:44:33	13.17	--	29	38193	买盘
10:44:30	13.17	--	29	38193	买盘
10:44:27	13.17	0.01	3	3951	买盘
10:44:24	13.16	-0.01	13	17108	卖盘
10:44:21	13.17	--	39	51363	卖盘
10:44:18	13.17	0.01	153	201501	买盘
10:44:15	13.16	-0.01	62	81592	卖盘
10:44:12	13.17	0.01	19	25023	买盘
10:44:09	13.16	--	23	30268	卖盘
10:44:06	13.16	--	32	42112	买盘
10:44:00	13.16	--	236	310576	买盘
10:43:57	13.16	--	79	103964	买盘
10:43:54	13.16	0.02	5	6580	买盘
10:43:51	13.14	-0.01	49	64386	卖盘
10:43:48	13.15	--	9	11835	卖盘
10:43:45	13.15	0.01	74	97310	买盘
10:43:42	13.14	--	66	86724	卖盘
10:43:39	13.14	--	5	6570	卖盘
10:43:36	13.14	--	241	316674	买盘
10:43:33	13.14	--	2	2628	买盘
10:43:30	13.14	0.01	3	3942	买盘
10:43:27	13.13	-0.01	5	6565	卖盘
10:43:24	13.14	0.02	26	34164	买盘
10:43:21	13.12	--	129	169248	卖盘
10:43:18	13.12	--	7	9184	卖盘
10:43:15	13.12	-0.01	103	135136	卖盘
10:43:12	13.13	--	11	14443	买盘
10:43:09	13.13	0.01	100	131300	买盘
10:43:06	13.12	--	90	118080	卖盘
10:43:03	13.12	--	32	41984	卖盘
10:43:00	13.12	0.01	16	20992	买盘
10:42:57	13.11	-0.01	72	94392	卖盘
10:42:54	13.12	0.01	35	45920	买盘
10:42:51	13.11	-0.01	120	157320	卖盘
10:42:48	13.12	0.01	48	62975	买盘
10:42:45	13.11	-0.01	147	192717	卖盘
10:42:42	13.12	0.01	67	87904	买盘
10:42:39	13.11	-0.01	53	69483	卖盘
10:42:36	13.12	--	47	61663	买盘
10:42:33	13.12	0.01	54	70848	买盘
10:42:30	13.11	-0.02	401	525711	卖盘
10:42:27	13.13	--	22	28886	买盘
10:42:24	13.13	0.01	18	23634	中性盘
10:42:21	13.12	-0.01	109	143008	卖盘
10:42:18	13.13	--	110	144430	卖盘
10:42:12	13.13	--	8	10504	买盘
10:42:09	13.13	--	226	296738	买盘
10:42:06	13.13	-0.01	22	28886	卖盘
10:42:03	13.14	0.01	222	291708	买盘
10:42:00	13.13	--	119	156247	卖盘
10:41:57	13.13	--	59	77467	买盘
10:41:54	13.13	--	232	304616	买盘
10:41:51	13.13	-0.01	546	716898	卖盘
10:41:48	13.14	--	40	52560	买盘
10:41:45	13.14	--	217	285138	买盘
10:41:42	13.14	-0.01	131	172134	卖盘
10:41:39	13.15	--	61	80215	买盘
10:41:36	13.15	--	19	24985	买盘
10:41:33	13.15	--	81	106515	买盘
10:41:30	13.15	--	42	55230	买盘
10:41:27	13.15	--	77	101255	买盘
10:41:24	13.15	--	182	239330	买盘
10:41:21	13.15	--	256	336640	买盘
10:41:18	13.15	--	152	199880	买盘
10:41:15	13.15	-0.01	137	180155	卖盘
10:41:12	13.16	0.01	71	93436	买盘
10:41:09	13.15	-0.01	100	131500	卖盘
10:41:03	13.16	0.01	61	80276	买盘
10:41:00	13.15	-0.01	38	49970	卖盘
10:40:57	13.16	--	12	15792	买盘
10:40:54	13.16	--	30	39480	买盘
10:40:51	13.16	--	133	175028	买盘
10:40:48	13.16	--	28	36848	买盘
10:40:45	13.16	--	142	186872	卖盘
10:40:42	13.16	--	80	105280	卖盘
10:40:39	13.16	--	47	61852	卖盘
10:40:36	13.16	--	27	35532	卖盘
10:40:33	13.16	--	1	1316	卖盘
10:40:30	13.16	-0.01	18	23688	卖盘
10:40:27	13.17	--	10	13170	买盘
10:40:24	13.17	--	50	65850	买盘
10:40:21	13.17	--	20	26340	买盘
10:40:18	13.17	--	48	63216	卖盘
10:40:15	13.17	--	25	32925	卖盘
10:40:12	13.17	--	138	181746	卖盘
10:40:09	13.17	-0.01	84	110628	卖盘
10:40:06	13.18	0.01	66	86988	买盘
10:40:03	13.17	-0.01	62	81654	卖盘
10:40:00	13.18	--	37	48766	买盘
10:39:57	13.18	--	37	48766	买盘
10:39:54	13.18	--	22	28996	买盘
10:39:51	13.18	-0.01	294	387492	卖盘
10:39:48	13.19	--	10	13190	买盘
10:39:45	13.19	--	38	50122	买盘
10:39:42	13.19	--	65	85735	买盘
10:39:39	13.19	--	35	46165	买盘
10:39:36	13.19	0.01	52	68588	买盘
10:39:33	13.18	-0.01	18	23724	卖盘
10:39:30	13.19	--	21	27699	买盘
10:39:27	13.19	0.01	53	69907	买盘
10:39:24	13.18	--	244	321592	卖盘
10:39:21	13.18	--	9	11862	卖盘
10:39:18	13.18	-0.01	3	3954	卖盘
10:39:15	13.19	--	151	199169	买盘
10:39:12	13.19	0.01	50	65950	买盘
10:39:09	13.18	--	62	81716	卖盘
10:39:00	13.18	--	156	205608	卖盘
10:38:57	13.18	--	480	632640	买盘
10:38:54	13.18	--	73	96214	买盘
10:38:51	13.18	--	102	134436	买盘
10:38:48	13.18	--	7	9226	买盘
10:38:45	13.18	0.01	1	1318	买盘
10:38:42	13.17	0.01	23	30291	卖盘
10:38:39	13.16	-0.02	63	82908	卖盘
10:38:36	13.18	0.01	54	71172	买盘
10:38:33	13.17	--	92	121164	买盘
10:38:30	13.17	--	226	297642	卖盘
10:38:27	13.17	-0.01	166	218622	卖盘
10:38:24	13.18	--	3	3954	买盘
10:38:21	13.18	0.01	36	47448	买盘
10:38:18	13.17	0.01	17	22389	买盘
10:38:15	13.16	-0.01	15	19740	卖盘
10:38:12	13.17	--	46	60582	买盘
10:38:09	13.17	--	27	35559	买盘
10:38:06	13.17	--	36	47412	买盘
10:38:03	13.17	0.01	26	34242	买盘
10:38:00	13.16	--	36	47376	买盘
10:37:57	13.16	--	18	23688	买盘
10:37:54	13.16	0.02	22	28952	买盘
10:37:51	13.14	-0.02	129	169506	卖盘
10:37:48	13.16	0.02	267	351372	买盘
10:37:45	13.14	--	30	39420	卖盘
10:37:42	13.14	--	66	86724	买盘
10:37:39	13.14	0.01	38	49932	买盘
10:37:36	13.13	--	18	23634	卖盘
10:37:33	13.13	0.01	62	81406	卖盘
10:37:30	13.12	-0.01	28	36736	卖盘
10:37:27	13.13	--	230	301990	买盘
10:37:24	13.13	--	75	98475	买盘
10:37:21	13.13	--	78	102414	买盘
10:37:18	13.13	--	156	204828	买盘
10:37:15	13.13	0.01	47	61711	买盘
10:37:12	13.12	--	352	461824	卖盘
10:37:09	13.12	-0.01	359	471008	卖盘
10:37:06	13.13	--	80	105040	买盘
10:37:03	13.13	0.01	38	49894	买盘
10:37:00	13.12	-0.01	94	123327	卖盘
10:36:57	13.13	0.01	15	19695	买盘
10:36:54	13.12	--	52	68224	卖盘
10:36:51	13.12	--	134	175808	卖盘
10:36:48	13.12	-0.01	79	103648	中性盘
10:36:45	13.13	0.01	83	108979	买盘
10:36:42	13.12	--	43	56416	买盘
10:36:39	13.12	0.01	44	57728	买盘
10:36:36	13.11	-0.01	74	97014	卖盘
10:36:33	13.12	--	40	52480	买盘
10:36:30	13.12	--	10	13120	买盘
10:36:27	13.12	--	76	99712	卖盘
10:36:24	13.12	0.01	42	55104	卖盘
10:36:21	13.11	--	140	183540	卖盘
10:36:18	13.11	-0.01	140	183540	卖盘
10:36:15	13.12	--	129	169248	买盘
10:36:12	13.12	--	119	156128	买盘
10:36:09	13.12	--	71	93152	买盘
10:36:06	13.12	--	106	139072	买盘
10:36:03	13.12	--	92	120704	买盘
10:36:00	13.12	--	405	531360	买盘
10:35:57	13.12	0.01	262	343744	买盘
10:35:54	13.11	--	143	187473	卖盘
10:35:51	13.11	-0.01	53	69483	卖盘
10:35:48	13.12	--	126	165312	买盘
10:35:45	13.12	--	158	207296	买盘
10:35:42	13.12	--	214	280768	卖盘
10:35:39	13.12	--	169	221728	买盘
10:35:36	13.12	--	63	82656	买盘
10:35:33	13.12	-0.01	93	122016	卖盘
10:35:30	13.13	--	35	45955	买盘
10:35:27	13.13	--	143	187759	买盘
10:35:24	13.13	--	146	191698	买盘
10:35:21	13.13	0.01	63	82719	买盘
10:35:18	13.12	-0.01	139	182368	卖盘
10:35:15	13.13	-0.01	156	204828	卖盘
10:35:12	13.14	--	126	165564	买盘
10:35:09	13.14	--	94	123516	买盘
10:35:06	13.14	0.01	41	53874	买盘
10:35:03	13.13	--	399	523887	卖盘
10:35:00	13.13	--	194	254722	卖盘
10:34:57	13.13	-0.01	187	245531	卖盘
10:34:54	13.14	--	73	95922	中性盘
10:34:51	13.14	0.01	15	19710	中性盘
10:34:45	13.13	--	92	120796	买盘
10:34:42	13.13	--	114	149682	买盘
10:34:39	13.13	--	74	97162	买盘
10:34:36	13.13	0.03	101	132613	买盘
10:34:33	13.1	0.01	38	49780	卖盘
10:34:30	13.09	--	168	219912	卖盘
10:34:27	13.09	--	41	53669	买盘
10:34:24	13.09	-0.01	66	86394	中性盘
10:34:21	13.1	0.01	234	306540	买盘
10:34:18	13.09	0.01	291	380919	中性盘
10:34:15	13.08	0.03	97	126876	卖盘
10:34:12	13.05	-0.03	965	1259325	卖盘
10:34:09	13.08	0.01	424	554592	买盘
10:34:06	13.07	--	429	560703	卖盘
10:34:03	13.07	-0.02	282	368574	卖盘
10:34:00	13.09	--	470	615230	买盘
10:33:57	13.09	0.01	301	394009	买盘
10:33:54	13.08	-0.01	298	389784	卖盘
10:33:51	13.09	--	330	431970	卖盘
10:33:48	13.09	-0.01	326	426734	卖盘
10:33:45	13.1	--	610	799100	卖盘
10:33:42	13.1	--	218	285580	卖盘
10:33:39	13.1	--	264	345840	卖盘
10:33:36	13.1	--	247	323570	卖盘
10:33:33	13.1	--	174	227940	卖盘
10:33:30	13.1	-0.05	146	191260	卖盘
10:33:27	13.15	0.05	199	261685	买盘
10:33:24	13.1	--	1081	1416110	卖盘
10:33:21	13.1	-0.06	2002	2622620	卖盘
10:33:18	13.16	0.01	807	1062012	买盘
10:33:15	13.15	--	310	407650	卖盘
10:33:12	13.15	-0.01	953	1253195	卖盘
10:33:09	13.16	--	47	61852	卖盘
10:33:06	13.16	-0.01	158	207928	卖盘
10:33:03	13.17	--	471	621505	卖盘
10:33:00	13.17	-0.01	418	550506	卖盘
10:32:57	13.18	--	1036	1365448	卖盘
10:32:54	13.18	-0.01	274	361132	卖盘
10:32:51	13.19	0.01	1214	1601266	买盘
10:32:48	13.18	-0.01	461	607598	卖盘
10:32:45	13.19	--	179	236101	卖盘
10:32:42	13.19	--	169	222911	卖盘
10:32:39	13.19	-0.01	412	543428	卖盘
10:32:36	13.2	--	163	215160	卖盘
10:32:33	13.2	--	465	613800	卖盘
10:32:30	13.2	--	710	937200	卖盘
10:32:27	13.2	--	288	380160	卖盘
10:32:24	13.2	--	27	35640	卖盘
10:32:21	13.2	--	372	491040	卖盘
10:32:18	13.2	-0.01	50	66000	卖盘
10:32:15	13.21	--	302	399259	卖盘
10:32:12	13.21	--	365	482165	卖盘
10:32:09	13.21	-0.01	276	364596	卖盘
10:32:06	13.22	--	162	214164	买盘
10:32:03	13.22	0.01	145	191690	买盘
10:32:00	13.21	-0.01	195	257595	卖盘
10:31:57	13.22	--	101	133522	买盘
10:31:51	13.22	-0.01	525	694050	卖盘
10:31:48	13.23	-0.01	30	39690	卖盘
10:31:45	13.24	--	41	54284	买盘
10:31:42	13.24	0.01	30	39720	买盘
10:31:39	13.23	--	87	115101	卖盘
10:31:36	13.23	0.01	50	66150	买盘
10:31:33	13.22	-0.01	50	66100	卖盘
10:31:30	13.23	--	71	93933	买盘
10:31:27	13.23	--	6	7938	买盘
10:31:24	13.23	--	29	38367	买盘
10:31:21	13.23	0.01	24	31752	买盘
10:31:18	13.22	-0.01	18	23796	卖盘
10:31:15	13.23	--	22	29106	买盘
10:31:12	13.23	--	10	13230	买盘
10:31:09	13.23	--	44	58212	卖盘
10:31:00	13.23	0.01	17	22491	买盘
10:30:57	13.22	-0.01	70	92540	卖盘
10:30:54	13.23	--	58	76734	买盘
10:30:51	13.23	--	148	195804	买盘
10:30:45	13.23	--	42	55566	买盘
10:30:42	13.23	0.01	14	18522	买盘
10:30:39	13.22	-0.01	15	19830	卖盘
10:30:36	13.23	--	12	15876	买盘
10:30:33	13.23	--	2	2646	买盘
10:30:30	13.23	0.01	130	171990	买盘
10:30:27	13.22	--	132	174504	卖盘
10:30:24	13.22	-0.01	40	52880	卖盘
10:30:21	13.23	0.01	9	11907	买盘
10:30:18	13.22	--	30	39660	卖盘
10:30:15	13.22	--	17	22474	卖盘
10:30:12	13.22	--	28	37016	卖盘
10:30:09	13.22	-0.01	10	13220	卖盘
10:30:06	13.23	--	1	1323	买盘
10:30:03	13.23	0.01	19	25137	买盘
10:30:00	13.22	--	9	11898	买盘
10:29:57	13.22	--	60	79320	卖盘
10:29:51	13.22	--	28	37016	买盘
10:29:48	13.22	--	18	23796	买盘
10:29:42	13.22	--	23	30406	买盘
10:29:39	13.22	-0.01	22	29084	中性盘
10:29:36	13.23	--	256	338688	买盘
10:29:33	13.23	0.01	16	21168	买盘
10:29:30	13.22	-0.01	6	7932	卖盘
10:29:27	13.23	--	40	52920	买盘
10:29:24	13.23	--	74	97902	卖盘
10:29:21	13.23	--	5	6615	卖盘
10:29:18	13.23	--	10	13230	卖盘
10:29:15	13.23	0.01	35	46305	买盘
10:29:12	13.22	-0.01	123	162606	卖盘
10:29:09	13.23	0.01	8	10584	买盘
10:29:06	13.22	--	1	1322	买盘
10:29:03	13.22	--	14	18508	买盘
10:29:00	13.22	-0.01	271	358262	卖盘
10:28:57	13.23	--	40	52920	买盘
10:28:54	13.23	0.01	30	39690	买盘
10:28:51	13.22	-0.02	22	29084	卖盘
10:28:48	13.24	0.01	28	37072	买盘
10:28:45	13.23	--	29	38367	买盘
10:28:42	13.23	--	49	64827	买盘
10:28:36	13.23	--	20	26460	买盘
10:28:27	13.23	--	190	251370	卖盘
10:28:21	13.23	--	100	132300	买盘
10:28:18	13.23	0.01	84	111132	买盘
10:28:12	13.22	-0.01	20	26440	卖盘
10:28:06	13.23	0.01	239	316197	买盘
10:28:03	13.22	-0.01	59	77998	卖盘
10:28:00	13.23	0.01	61	80703	买盘
10:27:57	13.22	-0.01	22	29084	卖盘
10:27:54	13.23	0.01	39	51597	买盘
10:27:51	13.22	--	21	27762	卖盘
10:27:48	13.22	-0.01	20	26440	卖盘
10:27:45	13.23	--	113	149499	买盘
10:27:42	13.23	--	60	79380	卖盘
10:27:39	13.23	--	116	153468	卖盘
10:27:36	13.23	--	109	144207	买盘
10:27:33	13.23	--	17	22491	买盘
10:27:30	13.23	0.01	19	25137	买盘
10:27:27	13.22	-0.01	40	52880	卖盘
10:27:24	13.23	0.01	35	46305	买盘
10:27:21	13.22	-0.01	151	199622	卖盘
10:27:18	13.23	--	9	11907	买盘
10:27:15	13.23	--	14	18522	买盘
10:27:12	13.23	0.01	1	1323	买盘
10:27:09	13.22	-0.01	70	92540	卖盘
10:27:06	13.23	--	4	5292	买盘
10:27:00	13.23	0.01	12	15876	买盘
10:26:57	13.22	-0.01	221	292162	卖盘
10:26:54	13.23	0.01	110	145530	买盘
10:26:51	13.22	--	7	9254	卖盘
10:26:48	13.22	-0.01	14	18508	卖盘
10:26:45	13.23	0.01	15	19845	买盘
10:26:42	13.22	-0.01	444	586968	卖盘
10:26:39	13.23	--	121	160083	买盘
10:26:36	13.23	--	7	9261	买盘
10:26:33	13.23	--	65	85995	卖盘
10:26:30	13.23	--	25	33075	卖盘
10:26:27	13.23	--	35	46305	卖盘
10:26:21	13.23	--	279	369117	卖盘
10:26:18	13.23	--	36	47628	卖盘
10:26:12	13.23	-0.01	20	26460	卖盘
10:26:09	13.24	0.01	43	56932	买盘
10:26:06	13.23	--	137	181251	卖盘
10:26:03	13.23	-0.01	76	100548	卖盘
10:26:00	13.24	--	8	10592	买盘
10:25:57	13.24	--	15	19860	买盘
10:25:54	13.24	--	7	9268	买盘
10:25:51	13.24	--	56	74144	买盘
10:25:45	13.24	-0.01	32	42368	卖盘
10:25:42	13.25	0.01	50	66250	买盘
10:25:39	13.24	-0.01	15	19860	卖盘
10:25:36	13.25	0.01	39	51675	买盘
10:25:33	13.24	--	61	80764	卖盘
10:25:27	13.24	-0.01	7	9268	卖盘
10:25:24	13.25	--	28	37100	买盘
10:25:21	13.25	0.01	54	71550	买盘
10:25:18	13.24	--	43	56932	买盘
10:25:15	13.24	--	1	1324	买盘
10:25:12	13.24	--	228	301872	卖盘
10:25:06	13.24	-0.01	32	42368	卖盘
10:25:03	13.25	0.01	50	66250	买盘
10:25:00	13.24	-0.01	25	33100	卖盘
10:24:57	13.25	--	123	162975	买盘
10:24:54	13.25	0.01	8	10600	买盘
10:24:51	13.24	-0.01	55	72820	卖盘
10:24:48	13.25	--	20	26500	买盘
10:24:45	13.25	--	5	6625	买盘
10:24:39	13.25	0.02	7	9275	买盘
10:24:36	13.23	-0.01	66	87318	卖盘
10:24:33	13.24	-0.01	30	39720	买盘
10:24:30	13.25	0.01	24	31800	买盘
10:24:27	13.24	--	17	22508	买盘
10:24:24	13.24	-0.01	333	440892	卖盘
10:24:21	13.25	--	18	23850	买盘
10:24:18	13.25	--	39	51675	买盘
10:24:12	13.25	0.01	7	9275	买盘
10:24:09	13.24	-0.01	29	38396	卖盘
10:24:06	13.25	0.01	21	27825	买盘
10:24:03	13.24	-0.01	20	26480	卖盘
10:24:00	13.25	0.01	4	5300	买盘
10:23:57	13.24	-0.01	43	56932	卖盘
10:23:54	13.25	0.01	216	286200	买盘
10:23:51	13.24	--	13	17212	买盘
10:23:45	13.24	-0.01	95	125780	卖盘
10:23:42	13.25	--	7	9275	买盘
10:23:39	13.25	0.01	19	25175	买盘
10:23:30	13.24	0.01	8	10592	买盘
10:23:27	13.23	--	48	63504	卖盘
10:23:24	13.23	--	23	30429	买盘
10:23:21	13.23	--	8	10584	买盘
10:23:18	13.23	0.01	41	54243	买盘
10:23:15	13.22	-0.02	132	174504	卖盘
10:23:12	13.24	--	10	13240	买盘
10:23:09	13.24	0.01	28	37072	买盘
10:23:06	13.23	--	92	121716	卖盘
10:23:03	13.23	--	47	62181	卖盘
10:23:00	13.23	0.01	218	288414	中性盘
10:22:57	13.22	-0.01	70	92540	卖盘
10:22:54	13.23	--	29	38367	卖盘
10:22:51	13.23	--	52	68796	买盘
10:22:48	13.23	--	48	63504	买盘
10:22:42	13.23	-0.01	27	35721	卖盘
10:22:39	13.24	--	5	6620	买盘
10:22:36	13.24	--	1	1324	买盘
10:22:33	13.24	0.01	70	92680	买盘
10:22:30	13.23	-0.01	7	9261	卖盘
10:22:27	13.24	--	4	5296	买盘
10:22:24	13.24	--	15	19860	买盘
10:22:21	13.24	--	56	74144	买盘
10:22:15	13.24	--	10	13240	买盘
10:22:12	13.24	--	65	86060	买盘
10:22:09	13.24	--	56	74144	卖盘
10:22:06	13.24	--	71	94004	卖盘
10:22:03	13.24	--	124	164176	卖盘
10:22:00	13.24	0.03	206	272744	买盘
10:21:57	13.21	-0.02	722	953762	卖盘
10:21:54	13.23	--	11	14553	卖盘
10:21:51	13.23	-0.01	46	60858	卖盘
10:21:48	13.24	0.02	7	9268	买盘
10:21:45	13.22	-0.01	27	35694	卖盘
10:21:42	13.23	-0.01	39	51597	卖盘
10:21:36	13.24	0.01	36	47664	买盘
10:21:30	13.23	0.01	17	22491	买盘
10:21:27	13.22	-0.01	24	31728	卖盘
10:21:24	13.23	--	36	47628	买盘
10:21:21	13.23	--	8	10584	买盘
10:21:18	13.23	0.01	2	2646	买盘
10:21:15	13.22	-0.01	320	423040	卖盘
10:21:12	13.23	-0.01	8	10584	中性盘
10:21:09	13.24	0.02	115	152260	买盘
10:21:06	13.22	--	10	13220	卖盘
10:21:03	13.22	-0.01	5	6610	卖盘
10:21:00	13.23	--	40	52920	买盘
10:20:57	13.23	0.01	30	39690	买盘
10:20:54	13.22	-0.01	71	93862	卖盘
10:20:51	13.23	--	68	89964	买盘
10:20:48	13.23	0.01	37	48951	买盘
10:20:45	13.22	--	21	27762	卖盘
10:20:42	13.22	--	119	157318	卖盘
10:20:39	13.22	--	48	63456	卖盘
10:20:36	13.22	-0.01	40	52880	卖盘
10:20:33	13.23	0.01	8	10584	买盘
10:20:30	13.22	--	21	27762	卖盘
10:20:27	13.22	-0.01	17	22474	卖盘
10:20:24	13.23	--	4	5292	买盘
10:20:21	13.23	--	26	34398	买盘
10:20:18	13.23	-0.01	534	706482	卖盘
10:20:15	13.24	0.01	107	141668	买盘
10:20:12	13.23	--	41	54243	卖盘
10:20:09	13.23	--	26	34398	卖盘
10:20:06	13.23	--	38	50274	卖盘
10:20:03	13.23	-0.01	94	124362	卖盘
10:20:00	13.24	0.01	5	6620	买盘
10:19:57	13.23	--	23	30429	卖盘
10:19:51	13.23	--	46	60858	卖盘
10:19:39	13.23	--	26	34398	卖盘
10:19:36	13.23	--	104	137592	卖盘
10:19:33	13.23	--	82	108486	卖盘
10:19:30	13.23	-0.01	10	13230	卖盘
10:19:27	13.24	0.01	10	13240	买盘
10:19:24	13.23	--	53	70119	卖盘
10:19:21	13.23	--	27	35721	卖盘
10:19:18	13.23	-0.01	97	128331	卖盘
10:19:15	13.24	0.01	212	280688	买盘
10:19:12	13.23	-0.01	30	39690	卖盘
10:19:09	13.24	--	16	21184	买盘
10:19:06	13.24	0.01	25	33100	买盘
10:19:00	13.23	-0.01	39	51597	卖盘
10:18:57	13.24	0.01	38	50312	买盘
10:18:54	13.23	--	60	79380	卖盘
10:18:51	13.23	--	4	5292	卖盘
10:18:48	13.23	--	10	13230	卖盘
10:18:45	13.23	--	66	87318	买盘
10:18:42	13.23	-0.01	3	3969	卖盘
10:18:39	13.24	0.01	37	48988	买盘
10:18:36	13.23	--	50	66150	卖盘
10:18:33	13.23	--	1	1323	卖盘
10:18:30	13.23	0.01	6	7938	买盘
10:18:27	13.22	-0.01	32	42304	卖盘
10:18:24	13.23	0.01	41	54243	买盘
10:18:21	13.22	-0.01	20	26440	卖盘
10:18:18	13.23	-0.01	46	60858	卖盘
10:18:15	13.24	0.01	36	47664	买盘
10:18:12	13.23	--	24	31752	卖盘
10:18:09	13.23	0.01	41	54243	买盘
10:18:06	13.22	-0.01	10	13220	卖盘
10:18:03	13.23	0.01	121	160083	买盘
10:18:00	13.22	-0.01	9	11898	卖盘
10:17:57	13.23	0.01	8	10584	中性盘
10:17:54	13.22	--	57	75354	卖盘
10:17:51	13.22	-0.01	19	25118	卖盘
10:17:48	13.23	0.01	678	896994	买盘
