成交时间	成交价	价格变动	成交量(手)	成交额(元)	性质
15:00:03	8.34	--	2104	1755403	买盘
14:57:00	8.34	0.01	100	83400	买盘
14:56:57	8.33	-0.01	12	9996	卖盘
14:56:54	8.34	0.01	75	62550	买盘
14:56:51	8.33	-0.01	178	148274	卖盘
14:56:48	8.34	0.01	3	2502	买盘
14:56:45	8.33	-0.01	6	4998	卖盘
14:56:42	8.34	--	167	139278	买盘
14:56:27	8.34	0.01	31	25854	买盘
14:56:18	8.33	-0.01	4	3332	卖盘
14:56:15	8.34	0.01	1	834	买盘
14:56:12	8.33	--	7	5831	卖盘
14:56:09	8.33	-0.01	39	32487	卖盘
14:56:06	8.34	--	3	2502	买盘
14:56:03	8.34	--	14	11676	买盘
14:56:00	8.34	--	30	25020	买盘
14:55:57	8.34	--	16	13344	买盘
14:55:51	8.34	--	108	90072	买盘
14:55:48	8.34	0.01	7	5838	买盘
14:55:45	8.33	-0.01	13	10829	卖盘
14:55:42	8.34	0.01	148	123432	买盘
14:55:39	8.33	--	13	11387	卖盘
14:55:36	8.33	-0.01	19	15827	卖盘
14:55:33	8.34	--	16	13344	买盘
14:55:30	8.34	--	197	164298	买盘
14:55:21	8.34	0.01	24	20016	买盘
14:55:18	8.33	--	53	44149	卖盘
14:55:12	8.33	-0.01	3	2499	卖盘
14:55:09	8.34	--	14	11676	买盘
14:55:06	8.34	--	11	9174	买盘
14:55:03	8.34	0.01	11	9174	买盘
14:55:00	8.33	--	29	24157	卖盘
14:54:57	8.33	--	27	22491	卖盘
14:54:51	8.33	--	120	99960	卖盘
14:54:48	8.33	--	129	107598	买盘
14:54:42	8.33	--	54	44982	买盘
14:54:36	8.33	--	26	21658	买盘
14:54:33	8.33	--	6	4998	买盘
14:54:30	8.33	--	44	37343	卖盘
14:54:27	8.33	--	9	7638	买盘
14:54:24	8.33	--	10	8330	买盘
14:54:21	8.33	--	11	9854	卖盘
14:54:18	8.33	--	78	64974	卖盘
14:54:15	8.33	--	10	8330	卖盘
14:54:09	8.33	--	90	74970	卖盘
14:54:06	8.33	--	1286	1071379	买盘
14:54:03	8.33	--	1	833	买盘
14:54:00	8.33	--	2	1666	买盘
14:53:57	8.33	--	26	21658	买盘
14:53:48	8.33	0.01	9	7497	买盘
14:53:45	8.32	--	3	2496	卖盘
14:53:42	8.32	--	20	16640	卖盘
14:53:36	8.32	--	296	246272	卖盘
14:53:33	8.32	-0.01	75	62400	卖盘
14:53:30	8.33	--	6	4998	买盘
14:53:27	8.33	0.01	14	11662	买盘
14:53:21	8.32	-0.01	10	8320	卖盘
14:53:18	8.33	0.01	6	4998	买盘
14:53:12	8.32	--	25	20800	卖盘
14:53:06	8.32	--	150	124800	卖盘
14:53:03	8.32	-0.01	24	19968	卖盘
14:52:57	8.33	--	5	4165	买盘
14:52:54	8.33	0.01	3	2499	买盘
14:52:45	8.32	--	231	192192	卖盘
14:52:39	8.32	-0.01	25	20800	卖盘
14:52:33	8.33	0.01	150	124950	买盘
14:52:24	8.32	--	65	54080	卖盘
14:52:15	8.32	-0.01	10	8320	卖盘
14:52:09	8.33	--	17	14161	买盘
14:52:00	8.33	--	1	833	买盘
14:51:51	8.33	--	13	10829	买盘
14:51:42	8.33	--	142	118286	买盘
14:51:36	8.33	--	30	24990	买盘
14:51:30	8.33	--	3	2499	买盘
14:51:27	8.33	--	41	34153	买盘
14:51:24	8.33	--	100	83300	买盘
14:51:21	8.33	--	10	8330	买盘
14:51:18	8.33	--	10	8330	买盘
14:51:15	8.33	--	70	58310	买盘
14:51:09	8.33	0.01	50	41650	买盘
14:51:06	8.32	--	20	16640	卖盘
14:51:00	8.32	--	10	8320	卖盘
14:50:57	8.32	-0.01	5	4160	卖盘
14:50:48	8.33	0.01	120	99960	买盘
14:50:42	8.32	-0.01	60	49920	卖盘
14:50:33	8.33	0.01	29	24157	买盘
14:50:27	8.32	-0.01	33	27456	卖盘
14:50:21	8.33	0.01	5	4165	买盘
14:50:15	8.32	-0.01	2	1664	卖盘
14:50:12	8.33	0.01	15	12495	买盘
14:50:09	8.32	-0.01	7	5824	卖盘
14:50:06	8.33	--	36	29988	买盘
14:49:54	8.33	--	8	6664	买盘
14:49:51	8.33	0.01	57	47481	买盘
14:49:45	8.32	--	1	832	卖盘
14:49:42	8.32	-0.01	5	4160	卖盘
14:49:36	8.33	--	301	250733	买盘
14:49:15	8.33	--	35	29155	买盘
14:49:03	8.33	0.01	11	9163	买盘
14:48:54	8.32	-0.01	8	6822	卖盘
14:48:51	8.33	--	29	24157	买盘
14:48:45	8.33	0.01	16	13328	买盘
14:48:42	8.32	--	10	8320	卖盘
14:48:39	8.32	-0.01	15	12480	卖盘
14:48:36	8.33	0.01	58	48314	买盘
14:48:33	8.32	--	3	2496	卖盘
14:48:24	8.32	--	120	99840	卖盘
14:48:12	8.32	--	14	11648	卖盘
14:48:09	8.32	-0.01	5	4160	卖盘
14:48:03	8.33	--	28	23324	买盘
14:48:00	8.33	0.01	3	2499	买盘
14:47:54	8.32	--	74	61568	卖盘
14:47:48	8.32	--	40	33280	卖盘
14:47:45	8.32	--	1	1081	卖盘
14:47:36	8.32	--	20	16640	卖盘
14:47:33	8.32	--	3	2496	卖盘
14:47:27	8.32	--	23	19385	卖盘
14:47:24	8.32	--	10	8320	卖盘
14:47:18	8.32	--	7	5824	卖盘
14:47:15	8.32	--	20	16640	卖盘
14:47:12	8.32	--	31	25792	卖盘
14:47:03	8.32	--	20	16640	卖盘
14:46:54	8.32	--	6	4992	卖盘
14:46:36	8.32	-0.01	11	9152	卖盘
14:46:30	8.33	0.01	27	22491	买盘
14:46:27	8.32	--	7	5824	卖盘
14:46:24	8.32	--	17	14144	卖盘
14:45:54	8.32	--	2	1664	卖盘
14:45:51	8.32	-0.01	4	3328	卖盘
14:45:42	8.33	--	2	1666	买盘
14:45:39	8.33	0.01	10	8330	买盘
14:45:36	8.32	--	5	4160	卖盘
14:45:18	8.32	-0.01	29	24128	卖盘
14:45:03	8.33	--	15	12495	买盘
14:45:00	8.33	--	12	9996	买盘
14:44:57	8.33	--	5	4165	买盘
14:44:51	8.33	--	21	17876	卖盘
14:44:48	8.33	--	37	31270	买盘
14:44:30	8.33	--	28	23707	卖盘
14:44:27	8.33	--	23	19608	买盘
14:44:21	8.33	--	17	14161	买盘
14:44:18	8.33	--	10	8330	买盘
14:44:03	8.33	-0.01	49	41200	卖盘
14:44:00	8.34	0.01	690	575460	买盘
14:43:54	8.33	--	2	1666	卖盘
14:43:51	8.33	--	30	24990	卖盘
14:43:39	8.33	--	2	1915	卖盘
14:43:36	8.33	--	49	41566	卖盘
14:43:33	8.33	0.01	6	5281	买盘
14:43:27	8.32	-0.01	30	24960	卖盘
14:43:21	8.33	--	20	16660	买盘
14:43:12	8.33	--	13	11378	卖盘
14:43:09	8.33	-0.01	120	99960	卖盘
14:43:03	8.34	--	37	30858	买盘
14:42:51	8.34	0.01	12	10008	买盘
14:42:42	8.33	-0.01	1	833	卖盘
14:42:30	8.34	0.01	118	98412	买盘
14:42:24	8.33	--	1	833	卖盘
14:42:18	8.33	--	205	170765	卖盘
14:42:09	8.33	--	36	29988	卖盘
14:42:03	8.33	--	41	34153	卖盘
14:42:00	8.33	--	100	83300	卖盘
14:41:45	8.33	-0.01	6	4998	卖盘
14:41:24	8.34	--	30	25020	买盘
14:41:21	8.34	0.01	33	27522	买盘
14:41:18	8.33	-0.01	2	1666	卖盘
14:41:00	8.34	--	175	146225	卖盘
14:40:57	8.34	-0.01	30	25020	卖盘
14:40:54	8.35	--	23	19205	买盘
14:40:51	8.35	0.01	24	20040	买盘
14:40:48	8.34	-0.01	375	312750	卖盘
14:40:45	8.35	--	5	4175	买盘
14:40:36	8.35	0.01	1	835	买盘
14:40:33	8.34	--	9	7506	卖盘
14:40:24	8.34	--	10	8340	卖盘
14:40:21	8.34	--	20	16680	卖盘
14:40:15	8.34	--	10	8340	卖盘
14:40:03	8.34	-0.01	10	8340	卖盘
14:39:57	8.35	0.01	1	835	买盘
14:39:51	8.34	-0.01	2	1668	卖盘
14:39:48	8.35	--	4	3340	买盘
14:39:33	8.35	0.01	8	6680	买盘
14:39:27	8.34	-0.01	3	2502	卖盘
14:39:21	8.35	--	5	4175	买盘
14:39:18	8.35	--	15	12692	卖盘
14:39:09	8.35	--	19	15865	卖盘
14:39:03	8.35	--	13	10855	卖盘
14:39:00	8.35	--	63	52605	卖盘
14:38:57	8.35	--	22	18370	卖盘
14:38:54	8.35	--	3	3256	卖盘
14:38:51	8.35	--	33	27555	卖盘
14:38:48	8.35	--	12	10020	卖盘
14:38:45	8.35	--	8	7431	卖盘
14:38:39	8.35	--	10	8350	卖盘
14:38:36	8.35	--	4	3340	卖盘
14:38:33	8.35	--	28	23380	卖盘
14:38:30	8.35	0.01	4	3340	卖盘
14:38:27	8.34	-0.01	344	287246	卖盘
14:38:21	8.35	--	20	16700	买盘
14:38:18	8.35	--	31	26386	买盘
14:38:15	8.35	--	39	32565	买盘
14:38:09	8.35	--	16	13360	买盘
14:38:06	8.35	--	5	4175	买盘
14:38:00	8.35	--	7	5845	买盘
14:37:54	8.35	--	61	50935	买盘
14:37:51	8.35	0.01	15	12525	买盘
14:37:48	8.34	-0.01	14	11676	卖盘
14:37:45	8.35	--	20	16700	买盘
14:37:42	8.35	0.01	400	334000	买盘
14:37:39	8.34	-0.01	1	834	卖盘
14:37:33	8.35	0.01	24	20040	买盘
14:37:30	8.34	-0.01	22	18348	卖盘
14:37:24	8.35	0.01	73	60955	买盘
14:37:12	8.34	--	30	25020	卖盘
14:37:03	8.34	--	2	2210	卖盘
14:36:54	8.34	0.01	36	30024	买盘
14:36:51	8.33	-0.01	5	4165	卖盘
14:36:45	8.34	--	10	8340	买盘
14:36:39	8.34	--	5	4170	买盘
14:36:24	8.34	--	5	4170	买盘
14:36:12	8.34	--	9	7506	卖盘
14:36:06	8.34	--	10	8340	卖盘
14:36:00	8.34	--	11	9174	买盘
14:35:57	8.34	--	12	10008	卖盘
14:35:48	8.34	--	30	25020	买盘
14:35:39	8.34	--	2	1668	买盘
14:35:27	8.34	--	1	834	买盘
14:35:24	8.34	--	100	83400	买盘
14:35:18	8.34	0.01	20	16680	买盘
14:35:15	8.33	-0.02	80	66640	卖盘
14:35:09	8.35	0.02	871	727285	买盘
14:35:06	8.33	--	1	1082	卖盘
14:35:03	8.33	-0.01	350	291550	卖盘
14:34:57	8.34	--	1	834	买盘
14:34:42	8.34	--	31	25854	买盘
14:34:36	8.34	--	28	23352	买盘
14:34:33	8.34	--	10	8340	买盘
14:34:27	8.34	0.01	15	12510	买盘
14:34:24	8.33	--	3	2499	卖盘
14:34:21	8.33	--	50	41650	卖盘
14:33:48	8.33	--	5	4165	卖盘
14:33:39	8.33	--	1	833	卖盘
14:33:33	8.33	-0.01	20	16660	卖盘
14:33:30	8.34	--	18	15012	买盘
14:33:03	8.34	--	38	31692	买盘
14:32:57	8.34	0.01	15	12510	买盘
14:32:51	8.33	-0.01	18	15368	卖盘
14:32:39	8.34	--	86	72457	卖盘
14:32:36	8.34	--	9	7506	卖盘
14:32:33	8.34	-0.01	63	52542	卖盘
14:32:27	8.35	0.01	13	10855	买盘
14:32:24	8.34	--	20	16680	卖盘
14:32:21	8.34	--	2	1668	卖盘
14:32:12	8.34	--	20	16680	卖盘
14:32:09	8.34	--	109	91006	买盘
14:31:51	8.34	0.01	95	79230	买盘
14:31:48	8.33	--	431	359023	卖盘
14:31:36	8.33	--	20	16660	卖盘
14:31:30	8.33	-0.01	6	4998	卖盘
14:31:21	8.34	--	159	132606	买盘
14:31:15	8.34	0.01	19	15846	买盘
14:31:12	8.33	--	0	33	卖盘
14:30:57	8.33	--	10	8330	卖盘
14:30:54	8.33	--	4	3332	卖盘
14:30:45	8.33	--	78	64974	卖盘
14:30:30	8.33	--	24	20450	买盘
14:30:24	8.33	--	20	16660	买盘
14:30:18	8.33	--	24	20366	卖盘
14:30:15	8.33	--	276	230366	买盘
14:29:57	8.33	0.01	2	1666	买盘
14:29:54	8.32	-0.01	4	3328	卖盘
14:29:48	8.33	0.01	13	10829	买盘
14:29:45	8.32	-0.01	8	6656	卖盘
14:29:39	8.33	--	4	3332	买盘
14:29:03	8.33	0.01	108	89964	买盘
14:28:51	8.32	-0.01	8	6656	卖盘
14:28:39	8.33	--	13	10829	买盘
14:28:33	8.33	--	99	82841	卖盘
14:28:30	8.33	--	66	55436	买盘
14:28:18	8.33	--	3	2873	卖盘
14:28:12	8.33	--	121	101251	买盘
14:27:57	8.33	0.01	22	18326	买盘
14:27:48	8.32	-0.01	1	832	卖盘
14:27:42	8.33	--	11	9163	买盘
14:27:12	8.33	--	29	24157	买盘
14:27:06	8.33	--	95	79509	卖盘
14:27:03	8.33	--	50	41650	卖盘
14:27:00	8.33	-0.01	6	4998	卖盘
14:26:51	8.34	0.01	5	4170	买盘
14:26:45	8.33	-0.01	40	33320	卖盘
14:26:42	8.34	--	140	116760	买盘
14:26:36	8.34	0.01	3	2502	买盘
14:26:30	8.33	--	10	8330	卖盘
14:26:27	8.33	--	3	2499	卖盘
14:26:21	8.33	--	50	41983	卖盘
14:26:15	8.33	--	8	6664	卖盘
14:26:12	8.33	-0.01	60	49980	卖盘
14:26:06	8.34	--	1	834	买盘
14:25:48	8.34	0.01	20	16680	买盘
14:25:45	8.33	--	19	15827	卖盘
14:25:39	8.33	-0.01	3	2499	卖盘
14:25:36	8.34	--	655	547003	卖盘
14:25:33	8.34	--	20	16680	卖盘
14:25:30	8.34	--	30	25020	卖盘
14:25:27	8.34	--	20	16680	卖盘
14:25:24	8.34	--	15	12510	卖盘
14:25:18	8.34	--	30	25020	卖盘
14:25:15	8.34	--	2	1668	卖盘
14:25:12	8.34	-0.01	42	35028	卖盘
14:25:06	8.35	0.01	10	8350	买盘
14:25:03	8.34	-0.01	72	60048	卖盘
14:24:54	8.35	0.01	15	12525	买盘
14:24:51	8.34	-0.01	50	41700	卖盘
14:24:36	8.35	--	8	6680	买盘
14:24:30	8.35	--	31	26344	卖盘
14:24:27	8.35	--	10	8350	卖盘
14:24:24	8.35	--	53	44255	卖盘
14:24:21	8.35	-0.01	120	100200	卖盘
14:24:18	8.36	0.01	12	10032	买盘
14:24:15	8.35	--	19	15865	卖盘
14:24:12	8.35	--	45	37575	卖盘
14:24:09	8.35	--	10	8350	卖盘
14:24:06	8.35	--	32	26720	卖盘
14:24:03	8.35	--	113	94355	卖盘
14:24:00	8.35	--	188	156980	卖盘
14:23:57	8.35	--	21	17535	卖盘
14:23:54	8.35	--	46	38410	卖盘
14:23:51	8.35	--	10	8350	卖盘
14:23:48	8.35	--	35	29225	卖盘
14:23:45	8.35	--	39	32565	卖盘
14:23:42	8.35	--	27	22920	买盘
14:23:39	8.35	--	175	146584	卖盘
14:23:36	8.35	--	16	13360	卖盘
14:23:30	8.35	-0.01	25	20875	卖盘
14:23:27	8.36	0.01	1	836	买盘
14:23:24	8.35	-0.01	33	27555	卖盘
14:23:21	8.36	0.01	109	91124	买盘
14:23:18	8.35	-0.01	170	141950	卖盘
14:23:15	8.36	0.01	42	35112	买盘
14:23:09	8.35	--	65	54275	卖盘
14:23:06	8.35	--	22	18370	卖盘
14:23:00	8.35	-0.01	10	8350	卖盘
14:22:54	8.36	--	44	36784	买盘
14:22:51	8.36	--	2	1672	买盘
14:22:48	8.36	--	10	8360	买盘
14:22:45	8.36	--	8	6688	买盘
14:22:39	8.36	0.01	2	1672	买盘
14:22:36	8.35	-0.01	41	34235	卖盘
14:22:27	8.36	0.01	12	10032	买盘
14:22:12	8.35	-0.01	74	61790	卖盘
14:22:09	8.36	0.01	52	43472	买盘
14:22:00	8.35	-0.01	10	8350	卖盘
14:21:57	8.36	--	7	5852	买盘
14:21:39	8.36	--	50	41800	买盘
14:21:30	8.36	--	102	85272	买盘
14:21:27	8.36	0.01	20	16720	买盘
14:21:24	8.35	-0.01	14	11690	卖盘
14:21:21	8.36	0.01	150	125399	买盘
14:21:18	8.35	--	5	4175	卖盘
14:21:06	8.35	--	10	8350	卖盘
14:21:00	8.35	--	45	37950	买盘
14:20:57	8.35	--	1	835	买盘
14:20:48	8.35	--	4	3340	买盘
14:20:45	8.35	--	70	59051	买盘
14:20:36	8.35	--	21	17535	买盘
14:20:33	8.35	--	15	12525	买盘
14:20:30	8.35	0.01	6	5010	买盘
14:20:24	8.34	-0.01	1	834	卖盘
14:20:21	8.35	0.01	359	300433	买盘
14:20:15	8.34	--	15	12510	卖盘
14:20:09	8.34	-0.01	10	8340	卖盘
14:20:06	8.35	--	18	15030	买盘
14:20:03	8.35	0.01	4	3340	买盘
14:20:00	8.34	-0.01	133	110922	卖盘
14:19:57	8.35	--	200	167000	买盘
14:19:54	8.35	0.01	10	8350	买盘
14:19:45	8.34	-0.01	20	16680	卖盘
14:19:42	8.35	0.01	70	58450	买盘
14:19:36	8.34	-0.01	30	25020	卖盘
14:19:24	8.35	--	33	27555	买盘
14:19:21	8.35	--	1	835	买盘
14:19:18	8.35	--	230	192050	买盘
14:19:12	8.35	--	6	5010	买盘
14:19:09	8.35	0.01	150	125250	买盘
14:19:06	8.34	-0.01	22	18348	卖盘
14:19:00	8.35	--	1	835	买盘
14:18:51	8.35	--	4	3340	买盘
14:18:39	8.35	--	75	62625	买盘
14:18:36	8.35	--	112	93520	买盘
14:18:33	8.35	--	1	835	买盘
14:18:30	8.35	--	183	152805	买盘
14:18:27	8.35	--	12	10521	买盘
14:18:21	8.35	0.01	50	41750	买盘
14:18:18	8.34	--	3	2502	卖盘
14:18:15	8.34	-0.01	105	87570	卖盘
14:18:12	8.35	0.01	13	10855	买盘
14:17:57	8.34	-0.01	10	8340	卖盘
14:17:54	8.35	0.01	78	65130	买盘
14:17:51	8.34	-0.01	15	12510	卖盘
14:17:48	8.35	0.01	335	279725	买盘
14:17:45	8.34	--	10	8340	卖盘
14:17:42	8.34	--	1	834	卖盘
14:17:39	8.34	--	45	37530	卖盘
14:17:36	8.34	--	235	195990	卖盘
14:17:30	8.34	--	36	30024	卖盘
14:17:27	8.34	--	16	13344	卖盘
14:17:21	8.34	--	18	15012	卖盘
14:17:15	8.34	--	11	9174	卖盘
14:17:12	8.34	-0.01	7	5838	卖盘
14:17:09	8.35	0.01	23	19205	买盘
14:17:06	8.34	-0.01	8	6672	卖盘
14:17:03	8.35	--	10	8350	买盘
14:16:57	8.35	--	48	40080	买盘
14:16:54	8.35	--	14	11690	买盘
14:16:51	8.35	0.01	4	3340	买盘
14:16:48	8.34	-0.01	20	16680	卖盘
14:16:45	8.35	--	117	97695	买盘
14:16:42	8.35	--	177	147795	买盘
14:16:36	8.35	--	5	4175	买盘
14:16:33	8.35	0.02	53	44255	买盘
14:16:30	8.33	-0.02	119	99127	卖盘
14:16:27	8.35	0.01	160	133600	买盘
14:16:21	8.34	--	16	13552	卖盘
14:16:18	8.34	-0.01	16	13344	卖盘
14:16:15	8.35	0.01	11	9185	买盘
14:16:12	8.34	-0.01	45	37530	卖盘
14:16:03	8.35	0.01	3	2505	买盘
14:15:57	8.34	--	3	2502	卖盘
14:15:51	8.34	--	61	50874	买盘
14:15:48	8.34	0.01	99	82566	买盘
14:15:27	8.33	--	145	121534	买盘
14:15:24	8.33	--	206	171598	买盘
14:15:21	8.33	--	2	1666	买盘
14:15:18	8.33	--	80	66640	买盘
14:15:12	8.33	--	416	346528	买盘
14:15:09	8.33	--	5	4165	买盘
14:15:06	8.33	--	55	45815	买盘
14:15:00	8.33	--	3	2499	买盘
14:14:57	8.33	--	8	6664	买盘
14:14:54	8.33	--	149	124117	买盘
14:14:48	8.33	--	30	24990	买盘
14:14:45	8.33	0.01	10	8330	买盘
14:14:33	8.32	--	10	8320	卖盘
14:14:15	8.32	--	66	55253	买盘
14:14:12	8.32	--	4	3328	买盘
14:14:09	8.32	--	28	23296	买盘
14:14:03	8.32	--	49	40768	买盘
14:14:00	8.32	--	20	16640	买盘
14:13:51	8.32	--	800	665600	买盘
14:13:42	8.32	0.01	20	16640	买盘
14:13:27	8.31	--	4	3324	卖盘
14:13:18	8.31	-0.01	10	8310	卖盘
14:13:12	8.32	0.01	3	2496	买盘
14:13:06	8.31	-0.01	59	49294	卖盘
14:13:03	8.32	0.01	20	16640	买盘
14:12:51	8.31	--	13	10803	卖盘
14:12:39	8.31	-0.01	5	4155	卖盘
14:12:33	8.32	0.01	22	18304	买盘
14:12:24	8.31	--	1	831	卖盘
14:12:15	8.31	--	6	4986	卖盘
14:12:06	8.31	--	40	33240	卖盘
14:12:03	8.31	-0.01	10	8310	卖盘
14:12:00	8.32	0.01	25	20800	买盘
14:11:54	8.31	--	1	831	卖盘
14:11:36	8.31	-0.01	130	108030	卖盘
14:11:27	8.32	0.01	30	24960	买盘
14:11:12	8.31	--	52	43212	卖盘
14:11:03	8.31	--	21	17451	卖盘
14:11:00	8.31	--	1	831	卖盘
14:10:51	8.31	--	5	4155	卖盘
14:10:42	8.31	-0.01	20	16620	卖盘
14:10:39	8.32	0.01	34	28288	买盘
14:10:33	8.31	--	1	831	卖盘
14:10:06	8.31	-0.01	15	12880	卖盘
14:10:03	8.32	--	1	832	买盘
14:09:57	8.32	--	4	3328	买盘
14:09:54	8.32	0.01	2	1664	买盘
14:09:33	8.31	--	12	9972	卖盘
14:09:24	8.31	-0.01	40	33240	卖盘
14:09:21	8.32	0.01	18	14976	买盘
14:09:15	8.31	-0.01	27	22437	卖盘
14:09:00	8.32	--	10	8320	买盘
14:08:54	8.32	--	10	8320	买盘
14:08:45	8.32	0.01	9	7488	买盘
14:08:42	8.31	--	30	24930	卖盘
14:08:39	8.31	--	1	831	卖盘
14:08:36	8.31	--	100	83100	卖盘
14:08:21	8.31	-0.01	4	3324	卖盘
14:08:18	8.32	--	2	1664	买盘
14:08:15	8.32	0.01	1	832	买盘
14:08:09	8.31	--	1	831	卖盘
14:08:03	8.31	--	6	4986	卖盘
14:08:00	8.31	-0.01	5	4155	卖盘
14:07:54	8.32	0.01	9	7488	买盘
14:07:45	8.31	-0.01	5	4155	卖盘
14:07:42	8.32	0.01	40	33280	买盘
14:07:33	8.31	-0.01	5	4155	卖盘
14:07:30	8.32	0.01	5	4160	买盘
14:07:24	8.31	--	8	6648	卖盘
14:07:18	8.31	--	1	831	卖盘
14:07:12	8.31	--	10	8310	卖盘
14:07:09	8.31	0.01	228	189883	买盘
14:07:00	8.3	-0.01	20	16600	卖盘
14:06:54	8.31	0.01	1	831	买盘
14:06:45	8.3	-0.01	1	830	卖盘
14:06:42	8.31	--	27	22437	买盘
14:06:39	8.31	0.01	20	16620	买盘
14:06:30	8.3	-0.01	15	12450	卖盘
14:06:27	8.31	--	3	2493	买盘
14:06:15	8.31	--	91	75621	买盘
14:06:12	8.31	0.01	4	3324	买盘
14:06:03	8.3	--	1	830	卖盘
14:05:54	8.3	0.01	374	310835	买盘
14:05:48	8.29	-0.01	4	3315	卖盘
14:05:24	8.3	--	1	830	买盘
14:05:15	8.3	0.01	117	97110	买盘
14:05:06	8.29	-0.01	7	5802	卖盘
14:05:00	8.3	--	3	2490	买盘
14:04:54	8.3	0.01	18	14940	买盘
14:04:42	8.29	--	9	7460	卖盘
14:04:39	8.29	-0.01	10	8290	卖盘
14:04:33	8.3	0.01	1	830	买盘
14:04:18	8.29	0.01	28	23211	买盘
14:04:12	8.28	-0.01	10	8280	卖盘
14:04:03	8.29	--	2	1657	买盘
14:03:54	8.29	--	5	4145	买盘
14:03:42	8.29	-0.01	16	13263	卖盘
14:03:33	8.3	0.01	39	32370	买盘
14:03:27	8.29	-0.01	8	6631	卖盘
14:03:24	8.3	0.01	4	3320	买盘
14:03:00	8.29	--	18	14921	卖盘
14:02:00	8.29	--	7	5802	买盘
14:01:27	8.29	--	26	21553	买盘
14:01:24	8.29	0.01	5	4145	买盘
14:01:03	8.28	-0.01	17	14075	卖盘
14:00:45	8.29	0.01	5	4145	买盘
14:00:33	8.28	-0.01	1	827	卖盘
14:00:09	8.29	--	22	18237	买盘
13:59:42	8.29	--	1	828	买盘
13:59:21	8.29	0.01	7	5802	买盘
13:59:18	8.28	--	50	41400	卖盘
13:59:09	8.28	--	5	4140	卖盘
13:58:09	8.28	--	21	17388	买盘
13:58:06	8.28	--	4	3311	买盘
13:57:51	8.28	--	29	24011	买盘
13:57:39	8.28	--	28	23184	买盘
13:57:33	8.28	--	6	4968	买盘
13:57:27	8.28	--	286	236807	卖盘
13:57:12	8.28	--	1	827	卖盘
13:57:06	8.28	--	13	10764	卖盘
13:56:51	8.28	-0.01	20	16560	卖盘
13:56:39	8.29	--	3	2486	买盘
13:56:21	8.29	--	30	24869	买盘
13:56:15	8.29	--	63	52226	卖盘
13:55:48	8.29	--	27	22382	卖盘
13:55:42	8.29	--	3	2486	卖盘
13:55:15	8.29	-0.01	62	51397	卖盘
13:55:09	8.3	0.01	125	103750	买盘
13:54:30	8.29	--	1	828	卖盘
13:54:18	8.29	-0.01	5	4145	卖盘
13:54:09	8.3	--	2	1660	买盘
13:53:57	8.3	--	6	4980	买盘
13:53:42	8.3	0.01	14	11620	买盘
13:53:27	8.29	--	69	57781	卖盘
13:53:18	8.29	--	25	20724	卖盘
13:52:51	8.29	--	13	10776	卖盘
13:52:45	8.29	--	100	82899	卖盘
13:52:33	8.29	--	8	6631	卖盘
13:52:12	8.29	--	3	2486	卖盘
13:51:54	8.29	--	8	6631	卖盘
13:51:45	8.29	--	9	7460	卖盘
13:51:42	8.29	--	16	13263	卖盘
13:51:24	8.29	--	25	20724	卖盘
13:51:15	8.29	--	50	41449	卖盘
13:51:09	8.29	--	11	9118	卖盘
13:51:06	8.29	-0.01	10	8290	卖盘
13:51:03	8.3	0.01	20	16600	买盘
13:50:51	8.29	--	8	6631	卖盘
13:50:48	8.29	--	10	8290	卖盘
13:50:42	8.29	--	150	124598	买盘
13:49:51	8.29	--	25	20724	卖盘
13:49:42	8.29	-0.01	5	4145	卖盘
13:49:24	8.3	0.01	70	58100	买盘
13:49:12	8.29	--	20	16580	买盘
13:49:03	8.29	--	10	8290	卖盘
13:49:00	8.29	0.01	10	8290	中性盘
13:48:42	8.28	-0.01	32	26495	卖盘
13:48:36	8.29	--	24	19895	买盘
13:48:30	8.29	--	33	27356	买盘
13:48:12	8.29	0.01	10	8290	买盘
13:48:03	8.28	--	9	7451	卖盘
13:47:57	8.28	--	95	78660	卖盘
13:47:36	8.28	--	43	35604	卖盘
13:47:09	8.28	-0.01	6	4968	卖盘
13:46:54	8.29	--	130	107769	买盘
13:46:33	8.29	0.01	13	10776	买盘
13:46:00	8.28	-0.01	44	36432	卖盘
13:45:57	8.29	0.01	31	25698	买盘
13:45:51	8.28	-0.01	10	8280	卖盘
13:45:45	8.29	0.01	16	13263	买盘
13:45:30	8.28	--	10	8280	卖盘
13:45:27	8.28	-0.01	10	8280	卖盘
13:45:18	8.29	0.01	5	4145	买盘
13:44:57	8.28	--	8	6623	卖盘
13:44:42	8.28	--	40	33120	卖盘
13:44:33	8.28	--	1	827	卖盘
13:44:30	8.28	--	6	4968	卖盘
13:44:18	8.28	--	1	827	卖盘
13:44:03	8.28	0.01	39	32540	买盘
13:44:00	8.27	-0.01	13	10751	卖盘
13:43:48	8.28	0.01	43	35604	买盘
13:43:18	8.27	--	1	827	卖盘
13:43:15	8.27	--	10	8270	卖盘
13:43:12	8.27	-0.01	15	12405	卖盘
13:43:06	8.28	--	115	95219	买盘
13:42:57	8.28	--	2	1655	买盘
13:42:12	8.28	--	18	14903	买盘
13:41:57	8.28	0.01	22	18216	买盘
13:41:51	8.27	-0.01	5	4135	卖盘
13:41:48	8.28	--	7	5796	买盘
13:41:03	8.28	0.01	9	7451	买盘
13:41:00	8.27	-0.01	1	827	卖盘
13:40:51	8.28	--	25	21279	卖盘
13:40:39	8.28	--	12	9936	卖盘
13:40:30	8.28	--	153	127015	卖盘
13:40:24	8.28	-0.01	2	1655	卖盘
13:40:15	8.29	0.01	20	16580	买盘
13:40:12	8.28	-0.01	10	8280	卖盘
13:39:51	8.29	--	34	28185	买盘
13:39:48	8.29	--	10	8290	买盘
13:39:30	8.29	0.01	36	29843	买盘
13:39:27	8.28	--	90	74520	卖盘
13:38:57	8.28	--	10	8280	卖盘
13:38:12	8.28	--	5	4140	卖盘
13:37:48	8.28	-0.01	52	43056	卖盘
13:37:45	8.29	0.01	2	1657	买盘
13:37:27	8.28	-0.01	4	3311	卖盘
13:37:18	8.29	--	39	32330	买盘
13:36:51	8.29	0.01	4	3315	买盘
13:36:33	8.28	--	2	2152	卖盘
13:36:30	8.28	--	16	13247	卖盘
13:36:24	8.28	--	40	33120	卖盘
13:36:12	8.28	--	3	2484	卖盘
13:36:03	8.28	--	24	19872	卖盘
13:35:06	8.28	-0.01	20	16560	卖盘
13:35:00	8.29	--	1	828	买盘
13:34:57	8.29	0.01	16	13263	买盘
13:34:45	8.28	-0.01	16	13993	卖盘
13:34:27	8.29	0.01	31	25698	买盘
13:34:21	8.28	--	5	4140	卖盘
13:34:18	8.28	--	1	1159	买盘
13:34:09	8.28	--	74	61768	卖盘
13:33:57	8.28	--	13	11095	买盘
13:33:42	8.28	--	11	9604	卖盘
13:33:33	8.28	--	2	1655	卖盘
13:33:27	8.28	--	36	30139	买盘
13:33:18	8.28	--	1	827	买盘
13:33:03	8.28	--	53	43884	买盘
13:32:57	8.28	--	6	4968	买盘
13:32:45	8.28	--	16	13247	买盘
13:32:42	8.28	--	160	132480	买盘
13:32:15	8.28	--	5	4140	买盘
13:31:57	8.28	--	10	8280	买盘
13:31:24	8.28	0.01	28	23184	买盘
13:31:15	8.27	-0.01	31	25637	卖盘
13:30:45	8.28	--	45	37260	买盘
13:30:39	8.28	--	5	4140	买盘
13:30:30	8.28	0.01	8	6623	买盘
13:30:15	8.27	-0.01	15	12405	卖盘
13:30:12	8.28	--	61	50507	买盘
13:30:09	8.28	--	15	12419	买盘
13:29:57	8.28	0.01	60	49679	买盘
13:29:48	8.27	--	11	9097	卖盘
13:29:39	8.27	--	25	20675	卖盘
13:29:27	8.27	0.01	470	388690	买盘
13:29:12	8.26	-0.01	10	8260	卖盘
13:29:03	8.27	0.01	50	41350	买盘
13:29:00	8.26	-0.01	10	8260	卖盘
13:28:42	8.27	0.01	1	827	买盘
13:28:36	8.26	--	40	33040	卖盘
13:28:06	8.26	-0.01	20	16520	卖盘
13:27:36	8.27	--	34	28118	买盘
13:27:27	8.27	0.01	28	23156	买盘
13:26:48	8.26	-0.01	10	8260	卖盘
13:26:42	8.27	--	1	827	买盘
13:26:30	8.27	--	14	11578	买盘
13:26:21	8.27	--	10	8270	买盘
13:26:09	8.27	--	20	16540	买盘
13:25:00	8.27	--	2	1654	买盘
13:24:51	8.27	--	1	827	买盘
13:24:48	8.27	0.01	24	19848	买盘
13:24:36	8.26	-0.01	31	25606	卖盘
13:24:33	8.27	0.01	1	827	买盘
13:24:30	8.26	--	0	247	卖盘
13:24:21	8.26	--	42	34692	买盘
13:24:18	8.26	--	27	22302	买盘
13:24:15	8.26	-0.01	131	108206	卖盘
13:24:12	8.27	0.01	33	27291	买盘
13:23:54	8.26	--	52	42952	卖盘
13:23:39	8.26	--	3	2478	卖盘
13:23:33	8.26	--	20	16520	卖盘
13:23:18	8.26	--	31	25606	卖盘
13:22:57	8.26	-0.01	58	47908	卖盘
13:22:48	8.27	0.01	63	52101	买盘
13:22:39	8.26	--	6	4956	卖盘
13:22:33	8.26	-0.01	6	4956	卖盘
13:22:24	8.27	--	5	4135	买盘
13:22:21	8.27	--	8	6616	买盘
13:22:06	8.27	0.01	3	2481	买盘
13:21:48	8.26	--	5	4130	卖盘
13:20:39	8.26	--	1	826	卖盘
13:20:27	8.26	--	70	58233	卖盘
13:20:12	8.26	--	1	826	卖盘
13:20:09	8.26	--	10	8260	卖盘
13:19:48	8.26	--	13	10738	卖盘
13:19:36	8.26	--	10	8260	卖盘
13:19:24	8.26	-0.01	40	33040	卖盘
13:19:18	8.27	0.01	1	827	买盘
13:19:00	8.26	--	6	4956	卖盘
13:18:51	8.26	--	10	8260	卖盘
13:18:48	8.26	-0.01	4	3304	卖盘
13:18:39	8.27	0.01	2	1654	买盘
13:18:09	8.26	--	6	4956	卖盘
13:17:54	8.26	--	5	4130	卖盘
13:17:36	8.26	--	10	8260	卖盘
13:17:30	8.26	-0.01	10	8260	卖盘
13:17:09	8.27	--	11	9097	买盘
13:16:48	8.27	--	10	8270	买盘
13:16:12	8.27	--	11	9097	买盘
13:16:00	8.27	0.01	5	4135	买盘
13:15:54	8.26	--	52	42952	卖盘
13:15:30	8.26	-0.01	35	28910	卖盘
13:15:24	8.27	--	6	4962	买盘
13:14:24	8.27	0.02	10	8270	买盘
13:14:00	8.25	-0.01	20	16500	卖盘
13:13:42	8.26	0.01	10	8260	买盘
13:13:24	8.25	--	33	27225	卖盘
13:13:21	8.25	--	20	16500	卖盘
13:13:06	8.25	--	10	8250	卖盘
13:12:45	8.25	-0.01	125	103125	卖盘
13:12:30	8.26	0.01	20	16520	买盘
13:12:24	8.25	-0.01	1	825	卖盘
13:11:39	8.26	-0.01	209	172634	卖盘
13:11:36	8.27	0.01	15	12405	买盘
13:11:12	8.26	--	8	6608	卖盘
13:10:57	8.26	-0.01	23	18998	卖盘
13:10:54	8.27	0.01	5	4135	买盘
13:10:24	8.26	-0.01	1	826	卖盘
13:10:21	8.27	0.01	10	8270	买盘
13:10:09	8.26	--	3	2478	卖盘
13:10:06	8.26	--	3	2478	卖盘
13:09:54	8.26	-0.01	7	5782	卖盘
13:09:45	8.27	0.01	4	3308	买盘
13:09:36	8.26	--	23	18998	买盘
13:09:21	8.26	--	25	20650	买盘
13:09:09	8.26	0.01	4	3304	买盘
13:09:06	8.25	--	87	71775	卖盘
13:08:51	8.25	-0.01	4	3300	卖盘
13:08:45	8.26	0.01	6	4956	买盘
13:07:57	8.25	--	5	4125	卖盘
13:07:48	8.25	--	10	8250	卖盘
13:07:42	8.25	--	10	8250	卖盘
13:07:39	8.25	--	20	16500	卖盘
13:07:06	8.25	-0.01	92	75900	卖盘
13:06:57	8.26	--	25	20650	卖盘
13:06:33	8.26	-0.01	10	8260	卖盘
13:06:09	8.27	0.01	4	3308	买盘
13:05:57	8.26	--	21	18006	买盘
13:05:24	8.26	--	1	826	买盘
13:04:18	8.26	0.01	2	1652	买盘
13:04:15	8.25	-0.01	100	82500	卖盘
13:04:06	8.26	--	5	4130	买盘
13:03:57	8.26	--	3	2478	买盘
13:03:51	8.26	0.01	30	24780	买盘
13:02:54	8.25	-0.01	10	8250	卖盘
13:02:33	8.26	--	3	2643	卖盘
13:02:24	8.26	--	1	1486	买盘
13:02:15	8.26	--	18	14868	买盘
13:01:36	8.26	-0.01	105	86895	卖盘
13:01:03	8.27	0.01	4	3308	买盘
13:00:12	8.26	--	77	63602	卖盘
13:00:09	8.26	--	20	16520	卖盘
13:00:06	8.26	--	4	3551	卖盘
13:00:03	8.26	-0.01	88	73101	卖盘
13:00:00	8.27	--	0	0	买盘
11:30:00	8.27	--	0	0	买盘
11:29:45	8.27	--	10	8270	买盘
11:29:30	8.27	--	30	24810	买盘
11:29:15	8.27	0.01	10	8270	买盘
11:29:09	8.26	-0.01	24	19824	卖盘
11:29:03	8.27	--	1	827	买盘
11:28:57	8.27	--	10	8270	买盘
11:28:51	8.27	--	2	1654	买盘
11:28:27	8.27	--	18	14886	买盘
11:28:09	8.27	-0.01	500	413500	卖盘
11:28:03	8.28	--	2	1655	买盘
11:27:57	8.28	--	1	827	买盘
11:27:54	8.28	--	10	8280	买盘
11:27:42	8.28	0.01	6	4968	买盘
11:27:27	8.27	--	10	8270	卖盘
11:27:24	8.27	--	100	82700	卖盘
11:27:18	8.27	--	50	41350	卖盘
11:27:06	8.27	--	1	827	卖盘
11:26:57	8.27	--	13	10751	卖盘
11:26:48	8.27	-0.01	22	18194	卖盘
11:26:45	8.28	0.01	1	827	买盘
11:26:33	8.27	--	1	827	卖盘
11:26:21	8.27	0.01	183	151341	买盘
11:25:51	8.26	--	30	24780	卖盘
11:25:39	8.26	--	76	62776	买盘
11:25:36	8.26	--	9	7434	卖盘
11:25:27	8.26	--	36	29736	卖盘
11:25:15	8.26	--	16	13216	买盘
11:25:06	8.26	0.01	5	4130	买盘
11:25:03	8.25	-0.01	11	9075	卖盘
11:24:57	8.26	--	46	37996	买盘
11:24:48	8.26	0.01	10	8260	买盘
11:24:39	8.25	-0.01	15	12375	卖盘
11:24:33	8.26	--	1	826	买盘
11:24:30	8.26	--	407	336677	买盘
11:24:09	8.26	--	129	106554	买盘
11:24:06	8.26	--	10	8260	买盘
11:24:00	8.26	0.01	3	2478	买盘
11:23:57	8.25	--	150	123750	卖盘
11:23:39	8.25	--	0	8	卖盘
11:23:33	8.25	--	12	9900	卖盘
11:23:30	8.25	-0.01	1	825	卖盘
11:23:27	8.26	0.01	1	826	买盘
11:23:24	8.25	--	3	2475	卖盘
11:23:21	8.25	--	28	23306	卖盘
11:23:18	8.25	--	30	24750	卖盘
11:23:12	8.25	--	5	4125	卖盘
11:23:00	8.25	--	30	24750	卖盘
11:22:54	8.25	--	103	84975	卖盘
11:22:48	8.25	--	4	3300	卖盘
11:22:45	8.25	--	3	2475	卖盘
11:22:36	8.25	-0.01	48	39600	卖盘
11:22:33	8.26	0.01	184	151984	买盘
11:22:30	8.25	--	5	4125	卖盘
11:22:09	8.25	--	3	2475	卖盘
11:22:06	8.25	-0.01	2	1650	卖盘
11:22:00	8.26	--	29	23954	买盘
11:21:57	8.26	--	14	11564	买盘
11:21:45	8.26	0.01	1	826	买盘
11:21:42	8.25	-0.01	119	98175	卖盘
11:21:33	8.26	--	5	4130	买盘
11:21:27	8.26	0.01	6	4956	买盘
11:21:21	8.25	-0.01	45	37125	卖盘
11:20:57	8.26	0.01	1	826	买盘
11:20:54	8.25	-0.01	10	8250	卖盘
11:20:33	8.26	--	3	2478	卖盘
11:20:27	8.26	--	15	12390	卖盘
11:20:15	8.26	--	8	6608	卖盘
11:20:03	8.26	-0.01	4	3304	卖盘
11:19:57	8.27	0.01	1	827	买盘
11:19:54	8.26	--	10	8260	卖盘
11:19:36	8.26	--	40	33040	卖盘
11:19:33	8.26	--	40	33040	卖盘
11:19:18	8.26	--	9	7434	卖盘
11:19:09	8.26	--	61	50386	买盘
11:19:03	8.26	0.01	6	4956	买盘
11:19:00	8.25	-0.01	5	4125	卖盘
11:18:57	8.26	--	4	3304	买盘
11:17:45	8.26	--	32	26432	卖盘
11:17:03	8.26	--	6	4956	卖盘
11:16:48	8.26	--	10	8260	卖盘
11:16:42	8.26	-0.01	99	81774	卖盘
11:16:33	8.27	0.01	10	8270	买盘
11:16:30	8.26	--	10	8260	卖盘
11:15:54	8.26	-0.01	21	17346	卖盘
11:15:42	8.27	0.01	1	827	买盘
11:15:39	8.26	--	5	4130	卖盘
11:15:24	8.26	--	43	35518	买盘
11:15:21	8.26	--	67	55342	卖盘
11:14:51	8.26	-0.01	1	826	卖盘
11:14:45	8.27	--	1	827	买盘
11:14:42	8.27	0.01	6	4962	买盘
11:14:24	8.26	--	10	8260	买盘
11:14:09	8.26	-0.01	18	14868	卖盘
11:14:06	8.27	0.01	1	827	买盘
11:14:03	8.26	--	10	8260	卖盘
11:13:48	8.26	--	7	5782	买盘
11:13:36	8.26	--	30	24780	买盘
11:13:33	8.26	--	14	11564	买盘
11:13:18	8.26	--	11	9086	买盘
11:13:09	8.26	--	78	64428	买盘
11:13:00	8.26	0.01	11	9086	买盘
11:12:57	8.25	--	10	8250	卖盘
11:12:54	8.25	--	11	9075	卖盘
11:12:51	8.25	-0.01	2	1650	卖盘
11:12:48	8.26	0.01	1	826	买盘
11:12:42	8.25	-0.01	4	3300	卖盘
11:12:24	8.26	0.01	47	38822	买盘
11:12:21	8.25	--	100	82500	卖盘
11:12:18	8.25	-0.01	3	2475	卖盘
11:12:09	8.26	0.01	1	826	买盘
11:12:06	8.25	--	20	16500	卖盘
11:11:54	8.25	--	10	8250	卖盘
11:11:51	8.25	--	10	8910	卖盘
11:11:36	8.25	-0.01	40	33000	卖盘
11:11:30	8.26	0.01	1	826	买盘
11:11:27	8.25	-0.01	20	16500	卖盘
11:11:03	8.26	--	15	12390	卖盘
11:11:00	8.26	--	23	18998	卖盘
11:10:54	8.26	--	21	17346	卖盘
11:10:39	8.26	-0.01	50	41300	卖盘
11:10:24	8.27	0.01	1	827	买盘
11:10:21	8.26	--	54	44604	卖盘
11:10:03	8.26	--	20	16520	卖盘
11:10:00	8.26	-0.01	2	1652	卖盘
11:09:51	8.27	--	0	239	买盘
11:09:33	8.27	0.01	1	827	买盘
11:09:30	8.26	-0.01	6	4956	卖盘
11:09:03	8.27	--	35	28945	买盘
11:08:51	8.27	-0.01	40	33667	卖盘
11:08:42	8.28	0.01	1	827	买盘
11:08:39	8.27	--	23	19260	买盘
11:08:24	8.27	--	9	8030	卖盘
11:08:15	8.27	--	138	114126	卖盘
11:07:54	8.27	-0.01	30	24810	卖盘
11:07:51	8.28	--	1	827	买盘
11:07:48	8.28	--	5	4140	买盘
11:07:24	8.28	0.01	1	827	买盘
11:07:21	8.27	-0.01	77	63679	卖盘
11:06:36	8.28	0.01	5	4140	买盘
11:06:30	8.27	-0.01	1	827	卖盘
11:06:21	8.28	0.01	1	827	买盘
11:06:18	8.27	--	8	6616	卖盘
11:06:00	8.27	--	9	7682	买盘
11:05:51	8.27	--	0	587	卖盘
11:05:48	8.27	--	3	2481	卖盘
11:05:45	8.27	--	1	827	卖盘
11:05:36	8.27	--	151	125116	买盘
11:05:27	8.27	--	0	587	卖盘
11:05:15	8.27	--	0	239	买盘
11:05:12	8.27	--	1	827	买盘
11:05:09	8.27	-0.01	28	23734	卖盘
11:04:48	8.28	--	1	827	买盘
11:04:42	8.28	0.01	1	827	买盘
11:04:39	8.27	0.01	2	1902	买盘
11:04:15	8.26	-0.01	20	16520	卖盘
11:04:03	8.27	-0.01	25	21253	卖盘
11:03:36	8.28	0.01	1	827	买盘
11:03:33	8.27	--	10	8270	卖盘
11:03:06	8.27	--	1	1075	买盘
11:03:03	8.27	0.01	70	57890	买盘
11:02:51	8.26	--	55	45430	卖盘
11:02:48	8.26	--	10	8260	卖盘
11:02:33	8.26	--	27	22302	卖盘
11:02:12	8.26	-0.01	30	24780	卖盘
11:02:00	8.27	--	10	8270	买盘
11:01:54	8.27	--	10	8270	买盘
11:01:51	8.27	--	3	2481	买盘
11:01:48	8.27	-0.01	80	66738	卖盘
11:01:24	8.28	0.01	11	9108	买盘
11:01:21	8.27	-0.01	3	2481	卖盘
11:01:18	8.28	0.01	1	827	买盘
11:00:27	8.27	--	3	2729	买盘
11:00:15	8.27	-0.01	26	22080	卖盘
11:00:06	8.28	--	6	5216	买盘
11:00:03	8.28	--	5	4885	卖盘
10:59:54	8.28	--	40	33202	买盘
10:59:51	8.28	--	20	16560	买盘
10:59:24	8.28	0.01	119	98531	买盘
10:59:15	8.27	0.01	1	827	买盘
10:59:12	8.26	-0.01	30	24780	卖盘
10:59:00	8.27	--	5	4135	买盘
10:58:39	8.27	--	1	827	买盘
10:58:36	8.27	--	0	744	卖盘
10:58:15	8.27	--	30	24810	卖盘
10:58:09	8.27	-0.01	34	28118	卖盘
10:57:54	8.28	--	62	51335	买盘
10:57:36	8.28	0.01	1	827	买盘
10:57:33	8.27	--	5	4135	卖盘
10:56:51	8.27	--	6	5044	买盘
10:56:42	8.27	--	1	827	买盘
10:56:39	8.27	-0.01	1	827	买盘
10:56:18	8.28	--	1	1573	卖盘
10:56:15	8.28	--	137	113684	买盘
10:56:03	8.28	0.01	22	18216	买盘
10:55:57	8.27	-0.01	10	8270	卖盘
10:55:51	8.28	--	24	19872	买盘
10:55:48	8.28	--	1	827	买盘
10:55:45	8.28	--	40	33120	买盘
10:55:30	8.28	0.01	6	4968	买盘
10:55:24	8.27	-0.01	138	114787	卖盘
10:55:03	8.28	--	24	19872	买盘
10:54:57	8.28	--	1	827	买盘
10:54:54	8.28	--	40	33120	买盘
10:54:48	8.28	--	10	8280	买盘
10:54:42	8.28	--	3	2484	买盘
10:54:06	8.28	--	1	827	买盘
10:54:03	8.28	--	17	14075	买盘
10:53:57	8.28	0.01	24	19872	买盘
10:53:48	8.27	--	24	19848	买盘
10:53:39	8.27	--	3	2481	买盘
10:53:18	8.27	--	3	2481	买盘
10:53:12	8.27	--	15	12405	买盘
10:53:09	8.27	--	17	14637	卖盘
10:52:51	8.27	--	7	6037	买盘
10:52:33	8.27	--	58	47966	买盘
10:52:24	8.27	--	5	4135	买盘
10:52:21	8.27	--	1	827	买盘
10:51:45	8.27	--	3	2481	买盘
10:51:42	8.27	0.01	46	38042	买盘
10:51:21	8.26	--	10	8260	买盘
10:51:09	8.26	-0.01	2	1652	买盘
10:51:06	8.27	0.01	9	7443	买盘
10:50:30	8.26	--	29	23954	买盘
10:50:18	8.26	-0.01	119	98954	卖盘
10:50:15	8.27	0.01	4	3308	买盘
10:50:12	8.26	--	31	25606	卖盘
10:50:09	8.26	-0.01	4	3304	卖盘
10:50:03	8.27	0.01	1	827	买盘
10:49:36	8.26	-0.01	1	826	卖盘
10:49:18	8.27	0.01	1	827	买盘
10:49:09	8.26	-0.01	10	8260	卖盘
10:48:51	8.27	0.01	1	827	买盘
10:48:48	8.26	--	1	826	卖盘
10:48:45	8.26	--	3	3221	卖盘
10:48:21	8.26	--	1	826	卖盘
10:48:18	8.26	--	0	247	卖盘
10:48:15	8.26	-0.01	46	37996	卖盘
10:48:06	8.27	0.01	1	827	买盘
10:48:03	8.26	--	14	11564	卖盘
10:47:33	8.26	--	3	2478	卖盘
10:47:24	8.26	-0.01	22	18172	卖盘
10:47:15	8.27	--	1	827	买盘
10:47:12	8.27	0.01	8	6616	买盘
10:46:54	8.26	--	9	7434	卖盘
10:46:33	8.26	-0.01	50	41300	卖盘
10:46:30	8.27	0.01	1	827	买盘
10:46:27	8.26	--	28	23128	卖盘
10:45:57	8.26	--	10	8260	卖盘
10:45:54	8.26	--	5	4130	卖盘
10:45:51	8.26	-0.01	8	6608	卖盘
10:45:45	8.27	0.01	1	827	买盘
10:44:48	8.26	-0.01	30	24780	卖盘
10:44:33	8.27	--	5	4135	买盘
10:44:30	8.27	0.01	2	1654	买盘
10:44:09	8.26	-0.01	6	4956	卖盘
10:43:51	8.27	--	1	827	买盘
10:43:48	8.27	--	13	10751	买盘
10:43:45	8.27	--	2	2232	卖盘
10:43:36	8.27	--	4	3556	买盘
10:43:33	8.27	--	8	7194	卖盘
10:43:03	8.27	--	30	24810	卖盘
10:42:57	8.27	0.01	18	15134	买盘
10:42:54	8.26	-0.01	20	16520	卖盘
10:42:51	8.27	--	1	827	买盘
10:42:48	8.27	0.01	7	5789	买盘
10:42:42	8.26	--	5	4130	买盘
10:42:36	8.26	-0.01	5	4130	卖盘
10:42:06	8.27	0.01	12	9924	买盘
10:42:03	8.26	-0.01	5	4130	卖盘
10:42:00	8.27	--	1	827	买盘
10:41:57	8.27	--	10	8270	买盘
10:41:45	8.27	0.02	136	112472	买盘
10:41:27	8.25	-0.02	30	24750	卖盘
10:41:12	8.27	--	10	8270	买盘
10:41:06	8.27	0.01	1	827	买盘
10:41:03	8.26	0.01	8	6608	买盘
10:40:48	8.25	-0.01	61	50325	卖盘
10:40:45	8.26	--	145	119770	买盘
10:40:42	8.26	0.01	74	61124	买盘
10:40:36	8.25	-0.01	8	6600	卖盘
10:40:21	8.26	--	22	18172	买盘
10:40:15	8.26	--	2	1652	买盘
10:40:12	8.26	0.01	17	14042	买盘
10:40:09	8.25	--	10	8250	卖盘
10:40:03	8.25	--	1	825	卖盘
10:40:00	8.25	--	5	4125	卖盘
10:39:57	8.25	--	0	330	卖盘
10:39:51	8.25	--	81	66825	卖盘
10:39:45	8.25	--	265	219367	买盘
10:39:39	8.25	--	9	7425	买盘
10:39:30	8.25	--	2	1650	买盘
10:39:27	8.25	0.01	1	825	买盘
10:39:24	8.24	-0.01	15	12360	卖盘
10:39:15	8.25	--	30	24832	卖盘
10:39:12	8.25	--	15	12375	卖盘
10:39:06	8.25	--	50	41250	卖盘
10:39:03	8.25	--	40	33000	卖盘
10:38:45	8.25	-0.01	75	61875	卖盘
10:38:39	8.26	0.01	7	5782	买盘
10:38:36	8.25	-0.01	14	11550	卖盘
10:38:24	8.26	--	26	21476	买盘
10:38:15	8.26	0.01	20	16520	买盘
10:38:09	8.25	--	81	66825	卖盘
10:38:03	8.25	-0.01	19	15675	卖盘
10:37:39	8.26	0.01	1	826	买盘
10:37:36	8.25	--	22	18150	卖盘
10:37:33	8.25	--	161	132825	卖盘
10:37:30	8.25	--	42	34938	卖盘
10:37:03	8.25	-0.01	30	24758	卖盘
10:36:45	8.26	0.01	1	826	买盘
10:36:42	8.25	--	6	4950	卖盘
10:36:36	8.25	-0.01	31	25575	卖盘
10:36:33	8.26	--	10	8260	买盘
10:36:30	8.26	0.01	1	826	买盘
10:36:27	8.25	--	30	24750	卖盘
10:36:21	8.25	-0.01	247	203775	卖盘
10:36:18	8.26	0.01	20	16520	买盘
10:36:12	8.25	--	30	24750	卖盘
10:35:54	8.25	--	8	6600	卖盘
10:35:51	8.25	-0.01	20	16500	卖盘
10:35:33	8.26	0.01	15	12390	买盘
10:35:12	8.25	-0.01	30	24750	卖盘
10:35:03	8.26	0.01	1	826	买盘
10:35:00	8.25	--	5	4125	卖盘
10:34:57	8.25	-0.01	3	2475	卖盘
10:34:48	8.26	0.01	21	17346	买盘
10:34:42	8.25	-0.01	30	24750	卖盘
10:34:39	8.26	--	12	9912	买盘
10:34:30	8.26	0.01	20	16520	买盘
10:34:27	8.25	-0.01	61	50325	卖盘
10:34:18	8.26	0.01	1	826	买盘
10:34:15	8.25	--	5	4125	卖盘
10:34:06	8.25	-0.01	20	16500	卖盘
10:33:39	8.26	0.01	1	826	买盘
10:33:36	8.25	-0.01	50	41250	卖盘
10:33:09	8.26	--	66	55052	卖盘
10:32:57	8.26	-0.01	7	5782	卖盘
10:32:27	8.27	0.01	1	827	买盘
10:32:24	8.26	0.01	0	289	买盘
10:32:21	8.25	-0.01	4	3300	卖盘
10:31:54	8.26	--	0	536	卖盘
10:31:48	8.26	--	4	3593	买盘
10:31:39	8.26	--	1	826	买盘
10:31:36	8.26	--	4	3304	买盘
10:31:30	8.26	-0.01	30	25316	卖盘
10:31:24	8.27	0.01	26	21502	买盘
10:31:21	8.26	--	79	65254	卖盘
10:31:18	8.26	-0.01	78	64428	卖盘
10:31:00	8.27	0.01	1	827	买盘
10:30:57	8.26	--	4	3304	卖盘
10:30:39	8.26	--	30	24780	卖盘
10:30:30	8.26	--	70	57820	卖盘
10:30:21	8.26	--	1	826	卖盘
10:30:12	8.26	-0.01	30	24780	卖盘
10:30:06	8.27	--	1	827	买盘
10:30:03	8.27	--	2	1654	买盘
10:29:45	8.27	0.01	11	9097	买盘
10:29:21	8.26	--	12	9912	卖盘
10:29:18	8.26	-0.01	6	4956	卖盘
10:29:03	8.27	--	1	827	买盘
10:29:00	8.27	0.01	24	19848	买盘
10:28:54	8.26	-0.01	1	826	卖盘
10:28:39	8.27	--	10	8270	买盘
10:28:30	8.27	-0.01	8	6616	卖盘
10:28:18	8.28	--	1	827	买盘
10:28:15	8.28	0.01	2	1655	买盘
10:27:51	8.27	-0.01	4	3308	卖盘
10:27:39	8.28	--	2	1655	买盘
10:27:36	8.28	--	1	827	买盘
10:27:33	8.28	--	1	827	买盘
10:27:06	8.28	0.01	1	827	买盘
10:27:00	8.27	--	3	2481	卖盘
10:26:57	8.27	--	5	4135	卖盘
10:26:33	8.27	--	43	35561	买盘
10:26:27	8.27	--	1	827	买盘
10:26:24	8.27	--	37	30599	买盘
10:26:09	8.27	0.01	37	30599	买盘
10:26:06	8.26	--	24	19824	卖盘
10:25:51	8.26	--	15	12679	买盘
10:25:48	8.26	--	28	23128	买盘
10:25:45	8.26	--	9	7434	买盘
10:25:39	8.26	--	100	82600	买盘
10:25:33	8.26	--	21	17346	买盘
10:25:30	8.26	--	10	8260	买盘
10:25:12	8.26	--	13	10738	买盘
10:25:09	8.26	--	3	2478	买盘
10:25:03	8.26	--	50	41300	买盘
10:24:54	8.26	--	69	56994	买盘
10:24:48	8.26	--	100	82600	买盘
10:24:45	8.26	--	66	54516	买盘
10:24:42	8.26	--	1	826	买盘
10:24:39	8.26	0.01	50	41300	买盘
10:24:30	8.25	--	43	35475	卖盘
10:24:18	8.25	-0.01	3	2475	卖盘
10:24:15	8.26	--	34	28084	买盘
10:24:12	8.26	0.01	1	826	买盘
10:23:57	8.25	--	30	24750	卖盘
10:23:54	8.25	-0.01	25	20625	卖盘
10:23:51	8.26	--	10	8260	买盘
10:23:42	8.26	0.01	20	16520	买盘
10:23:39	8.25	-0.01	10	8250	卖盘
10:23:33	8.26	0.01	16	13216	买盘
10:23:30	8.25	-0.01	5	4125	卖盘
10:23:27	8.26	0.01	28	23128	买盘
10:23:24	8.25	-0.01	30	24750	卖盘
10:23:21	8.26	--	50	41300	买盘
10:23:03	8.26	--	5	4130	买盘
10:23:00	8.26	--	1	826	买盘
10:22:57	8.26	0.01	24	19824	买盘
10:22:42	8.25	--	4	3300	卖盘
10:22:39	8.25	-0.01	30	24750	卖盘
10:22:36	8.26	0.01	28	23128	买盘
10:22:33	8.25	-0.01	40	33000	卖盘
10:22:24	8.26	--	58	47908	买盘
10:22:21	8.26	--	31	25606	买盘
10:22:18	8.26	--	100	82600	买盘
10:21:54	8.26	--	60	49560	买盘
10:21:33	8.26	--	5	4130	买盘
10:21:21	8.26	--	14	11564	买盘
10:21:18	8.26	0.01	1	826	买盘
10:21:15	8.25	--	8	6600	卖盘
10:21:06	8.25	-0.01	14	11550	卖盘
10:21:03	8.26	0.01	12	9912	买盘
10:20:57	8.25	--	12	9982	卖盘
10:20:36	8.25	-0.01	11	9075	卖盘
10:20:33	8.26	--	32	26432	买盘
10:20:27	8.26	0.01	1	826	买盘
10:20:24	8.25	-0.01	10	8250	卖盘
10:20:18	8.26	--	21	17346	买盘
10:20:15	8.26	--	20	16520	买盘
10:19:57	8.26	--	21	18089	买盘
10:19:42	8.26	0.01	1	826	买盘
10:19:39	8.25	--	20	16500	卖盘
10:19:27	8.25	--	5	4125	卖盘
10:19:18	8.25	--	1	825	卖盘
10:19:09	8.25	-0.01	15	12375	卖盘
10:19:00	8.26	0.01	100	82600	买盘
10:18:51	8.25	--	19	15675	卖盘
10:18:48	8.25	-0.01	1	825	卖盘
10:18:39	8.26	--	8	6608	买盘
10:18:36	8.26	0.01	3	2478	买盘
10:18:33	8.25	--	7	5775	卖盘
10:18:21	8.25	--	16	13200	卖盘
10:18:15	8.25	-0.01	40	33000	卖盘
10:18:03	8.26	0.01	1	826	买盘
10:18:00	8.25	-0.01	12	9900	卖盘
10:17:33	8.26	0.01	11	9086	买盘
10:17:24	8.25	-0.01	18	14850	卖盘
10:17:21	8.26	0.01	176	145376	买盘
10:17:15	8.25	--	17	14767	卖盘
10:17:12	8.25	--	11	9075	卖盘
10:17:09	8.25	--	0	528	买盘
10:17:00	8.25	--	1	825	买盘
10:16:57	8.25	0.01	3	2475	买盘
10:16:45	8.24	-0.01	83	68392	卖盘
10:16:42	8.25	-0.01	2	1947	卖盘
10:16:39	8.26	0.01	30	24780	买盘
10:16:33	8.25	--	11	9075	卖盘
10:16:30	8.25	--	100	82500	卖盘
10:16:27	8.25	-0.01	36	29700	卖盘
10:16:24	8.26	--	4	3304	买盘
10:16:21	8.26	0.01	75	61950	买盘
10:16:18	8.25	--	9	7425	卖盘
10:15:54	8.25	--	5	4125	卖盘
10:15:51	8.25	-0.01	100	82500	卖盘
10:15:36	8.26	0.01	7	5782	买盘
10:14:51	8.25	--	4	3300	卖盘
10:14:45	8.25	-0.01	10	8250	卖盘
10:14:36	8.26	--	10	8260	买盘
10:14:33	8.26	0.01	4	3304	买盘
10:14:30	8.25	-0.01	20	16500	卖盘
10:14:24	8.26	--	1	826	买盘
10:14:21	8.26	0.01	5	4130	买盘
10:14:06	8.25	--	5	4125	卖盘
10:13:51	8.25	-0.01	10	8250	卖盘
10:13:48	8.26	--	2	1652	买盘
10:13:33	8.26	--	3	2478	买盘
10:13:30	8.26	0.01	1	826	买盘
10:13:27	8.25	--	11	9075	卖盘
10:13:21	8.25	--	2	1650	卖盘
10:13:00	8.25	--	48	39600	卖盘
10:12:51	8.25	-0.01	10	8250	卖盘
10:12:48	8.26	0.01	16	13216	买盘
10:12:45	8.25	-0.01	1	1402	卖盘
10:12:33	8.26	0.01	45	37170	买盘
10:12:30	8.25	-0.01	6	4950	卖盘
10:12:24	8.26	0.01	5	4130	买盘
10:12:00	8.25	-0.01	50	41250	卖盘
10:11:54	8.26	--	1	826	买盘
10:11:51	8.26	--	3	2478	买盘
10:11:36	8.26	0.01	38	31388	买盘
10:11:33	8.25	--	1	825	卖盘
10:11:27	8.25	-0.01	30	24750	卖盘
10:11:18	8.26	--	1	826	买盘
10:11:15	8.26	--	7	5782	买盘
10:11:12	8.26	--	3	2478	买盘
10:10:48	8.26	-0.01	24	20071	卖盘
10:10:45	8.27	--	16	13232	买盘
10:10:36	8.27	0.01	13	10751	买盘
10:10:33	8.26	--	12	9912	卖盘
10:10:27	8.26	--	5	4130	卖盘
10:10:24	8.26	--	2	1652	卖盘
10:10:21	8.26	--	2	1652	卖盘
10:10:18	8.26	--	50	41300	卖盘
10:10:15	8.26	--	0	247	卖盘
10:10:12	8.26	--	3	2478	卖盘
10:10:09	8.26	--	14	11564	卖盘
10:10:06	8.26	--	141	116796	买盘
10:10:03	8.26	0.01	50	41300	买盘
10:09:42	8.25	--	18	14850	卖盘
10:09:36	8.25	-0.01	30	24750	卖盘
10:09:30	8.26	--	2	1652	买盘
10:09:27	8.26	--	31	25606	买盘
10:09:12	8.26	0.01	1	826	买盘
10:09:09	8.25	-0.01	60	49500	卖盘
10:08:51	8.26	--	33	27258	买盘
10:08:48	8.26	--	10	8260	买盘
10:08:39	8.26	-0.01	20	16685	卖盘
10:08:33	8.27	0.01	9	7443	买盘
10:08:30	8.26	--	218	180068	卖盘
10:08:09	8.26	--	11	9086	卖盘
10:08:03	8.26	--	5	4130	卖盘
10:07:57	8.26	--	10	8260	卖盘
10:07:45	8.26	--	100	82600	卖盘
10:07:39	8.26	--	10	8260	卖盘
10:07:33	8.26	--	2	2312	卖盘
10:07:30	8.26	--	128	105728	买盘
10:07:27	8.26	0.01	1	826	买盘
10:07:24	8.25	--	50	41250	卖盘
10:07:21	8.25	-0.01	1	825	卖盘
10:07:03	8.26	0.01	12	9912	买盘
10:06:57	8.25	--	7	5775	卖盘
10:06:51	8.25	--	52	42900	卖盘
10:06:48	8.25	-0.01	3	2475	卖盘
10:06:42	8.26	0.01	1	826	买盘
10:06:39	8.25	--	1	825	卖盘
10:06:30	8.25	0.01	224	185575	买盘
10:06:27	8.24	--	152	125248	卖盘
10:06:18	8.24	--	15	12360	卖盘
10:06:15	8.24	--	20	16480	卖盘
10:06:09	8.24	--	24	19776	卖盘
10:06:06	8.24	--	59	48863	卖盘
10:06:03	8.24	--	87	71688	卖盘
10:05:54	8.24	-0.01	32	26780	卖盘
10:05:51	8.25	0.01	193	159225	买盘
10:05:48	8.24	-0.01	2	1648	卖盘
10:05:39	8.25	0.01	10	8250	买盘
10:05:33	8.24	--	10	8240	卖盘
10:05:30	8.24	-0.01	38	31312	卖盘
10:05:27	8.25	--	117	96673	买盘
10:05:18	8.25	0.01	41	33825	买盘
10:05:15	8.24	--	15	12360	卖盘
10:04:57	8.24	-0.01	5	4120	卖盘
10:04:51	8.25	0.01	1	825	买盘
10:04:48	8.24	-0.01	30	24720	卖盘
10:04:42	8.25	--	5	4125	买盘
10:04:39	8.25	--	33	27225	买盘
10:04:30	8.25	0.01	15	12375	买盘
10:04:27	8.24	-0.01	34	28016	卖盘
10:04:12	8.25	-0.01	90	74250	卖盘
10:04:06	8.26	--	10	8260	买盘
10:04:03	8.26	0.01	105	86730	买盘
10:04:00	8.25	--	6	4950	卖盘
10:03:57	8.25	--	50	41250	卖盘
10:03:51	8.25	-0.01	50	41250	卖盘
10:03:48	8.26	--	20	16520	买盘
10:03:42	8.26	--	26	21476	买盘
10:03:30	8.26	0.01	5	4130	买盘
10:03:27	8.25	--	4	3300	卖盘
10:03:21	8.25	--	380	313500	卖盘
10:03:09	8.25	-0.01	2	1650	卖盘
10:03:06	8.26	0.01	20	16520	买盘
10:03:00	8.25	-0.01	20	16500	卖盘
10:02:57	8.26	--	1	826	买盘
10:02:51	8.26	0.01	2	1652	买盘
10:02:45	8.25	-0.01	43	35475	卖盘
10:02:27	8.26	--	288	238631	卖盘
10:02:21	8.26	-0.01	2	1652	卖盘
10:02:18	8.27	0.01	33	27291	买盘
10:02:15	8.26	--	9	7434	卖盘
10:02:12	8.26	-0.01	250	206500	卖盘
10:02:00	8.27	0.01	10	8270	买盘
10:01:57	8.26	-0.01	5	4130	卖盘
10:01:48	8.27	0.01	2	1654	买盘
10:01:45	8.26	-0.01	23	18998	卖盘
10:01:42	8.27	--	5	4135	买盘
10:01:33	8.27	--	3	2481	买盘
10:01:30	8.27	--	5	4135	买盘
10:01:27	8.27	--	1	827	买盘
10:01:24	8.27	--	26	21502	买盘
10:01:18	8.27	--	1	827	买盘
10:01:03	8.27	--	7	6119	卖盘
10:00:54	8.27	--	21	17367	卖盘
10:00:51	8.27	-0.01	4	3308	卖盘
10:00:33	8.28	0.01	1	827	买盘
10:00:30	8.27	--	1	827	卖盘
10:00:21	8.27	--	50	41350	卖盘
10:00:12	8.27	--	30	24810	卖盘
10:00:03	8.27	--	84	69468	卖盘
10:00:00	8.27	-0.01	6	4962	卖盘
09:59:42	8.28	0.01	1	827	买盘
09:59:39	8.27	--	20	16540	卖盘
09:59:33	8.27	-0.01	4	3308	卖盘
09:59:24	8.28	0.01	2	1655	买盘
09:59:21	8.27	--	30	24810	卖盘
09:59:18	8.27	--	6	5623	卖盘
09:59:12	8.27	--	30	24810	卖盘
09:59:03	8.27	--	96	79392	卖盘
09:58:57	8.27	--	5	4135	卖盘
09:58:54	8.27	-0.01	20	16540	卖盘
09:58:51	8.28	0.01	1	827	买盘
09:58:48	8.27	--	22	18194	卖盘
09:58:27	8.27	--	30	24810	卖盘
09:58:24	8.27	-0.01	8	6616	卖盘
09:58:15	8.28	0.01	6	4968	买盘
09:58:12	8.27	--	36	29772	卖盘
09:58:09	8.27	-0.01	2	1654	卖盘
09:58:00	8.28	0.01	21	17388	买盘
09:57:57	8.27	--	52	43665	卖盘
09:57:51	8.27	--	6	4962	卖盘
09:57:36	8.27	-0.01	23	19021	卖盘
09:57:24	8.28	0.01	69	57131	买盘
09:57:21	8.27	-0.01	93	76911	卖盘
09:57:18	8.28	0.01	1	827	买盘
09:57:15	8.27	--	2	1654	卖盘
09:56:57	8.27	--	1	827	卖盘
09:56:54	8.27	-0.01	5	4135	卖盘
09:56:48	8.28	--	5	4140	买盘
09:56:39	8.28	--	2	1655	买盘
09:56:21	8.28	--	3	2484	买盘
09:56:18	8.28	--	12	9936	买盘
09:56:09	8.28	--	15	12419	买盘
09:55:45	8.28	--	2	1655	买盘
09:55:36	8.28	--	10	8280	买盘
09:55:24	8.28	0.01	51	42228	买盘
09:55:21	8.27	--	17	14059	卖盘
09:55:15	8.27	--	54	44658	卖盘
09:55:12	8.27	--	11	9097	卖盘
09:55:09	8.27	--	51	42177	卖盘
09:55:06	8.27	--	13	10751	卖盘
09:55:03	8.27	-0.01	70	57890	卖盘
09:55:00	8.28	0.01	24	19872	买盘
09:54:54	8.27	-0.01	8	6616	卖盘
09:54:51	8.28	0.01	1	827	买盘
09:54:48	8.27	--	23	19021	卖盘
09:54:24	8.27	-0.01	45	37215	卖盘
09:54:18	8.28	0.01	5	4140	买盘
09:54:12	8.27	-0.01	14	11578	卖盘
09:54:03	8.28	--	3	2484	买盘
09:53:54	8.28	--	20	16560	买盘
09:53:48	8.28	--	18	14903	买盘
09:53:39	8.28	0.01	1	827	买盘
09:53:36	8.27	-0.01	20	16540	卖盘
09:53:18	8.28	0.01	1	827	买盘
09:53:15	8.27	--	4	3308	卖盘
09:53:06	8.27	--	17	14059	卖盘
09:52:54	8.27	-0.01	11	9097	卖盘
09:52:51	8.28	0.01	1	827	买盘
09:52:48	8.27	--	5	4135	卖盘
09:52:42	8.27	--	5	4135	卖盘
09:52:12	8.27	0.01	40	33080	买盘
09:52:09	8.26	-0.01	10	8260	卖盘
09:51:57	8.27	--	1	827	买盘
09:51:54	8.27	--	83	68641	卖盘
09:51:12	8.27	-0.01	32	26464	卖盘
09:51:09	8.28	0.01	1	827	买盘
09:51:06	8.27	--	58	47966	卖盘
09:50:57	8.27	--	20	16540	卖盘
09:50:54	8.27	--	5	4135	卖盘
09:50:45	8.27	--	16	13232	卖盘
09:50:42	8.27	-0.01	13	10751	卖盘
09:50:36	8.28	--	1	827	买盘
09:50:33	8.28	-0.01	15	12419	中性盘
09:50:30	8.29	0.02	1	828	买盘
09:50:24	8.27	-0.02	508	420116	卖盘
09:50:12	8.29	0.01	4	3315	买盘
09:50:09	8.28	--	7	5796	卖盘
09:50:03	8.28	--	3	2484	卖盘
09:49:57	8.28	--	30	24839	卖盘
09:49:54	8.28	-0.01	14	11592	卖盘
09:49:48	8.29	0.01	5	4145	买盘
09:49:45	8.28	--	20	16560	卖盘
09:49:42	8.28	--	90	74520	卖盘
09:49:27	8.28	-0.01	9	7451	卖盘
09:49:24	8.29	--	14	11605	买盘
09:49:21	8.29	0.01	1	828	买盘
09:49:18	8.28	-0.01	20	16560	卖盘
09:48:57	8.29	--	5	4145	买盘
09:48:48	8.29	0.01	50	41449	买盘
09:48:45	8.28	--	20	16560	卖盘
09:48:36	8.28	-0.01	14	11592	卖盘
09:48:30	8.29	0.01	18	14921	买盘
09:48:27	8.28	--	2	1655	卖盘
09:48:24	8.28	--	24	19872	卖盘
09:48:06	8.28	--	14	11592	卖盘
09:48:00	8.28	-0.01	2	1655	卖盘
09:47:57	8.29	0.01	10	8290	买盘
09:47:54	8.28	--	100	82800	卖盘
09:47:51	8.28	-0.01	2	1655	卖盘
09:47:48	8.29	--	51	42278	买盘
09:47:45	8.29	--	40	33160	买盘
09:47:27	8.29	--	6	4973	买盘
09:47:09	8.29	0.01	16	13263	买盘
09:47:06	8.28	--	10	8280	卖盘
09:46:54	8.28	-0.01	7	5796	卖盘
09:46:45	8.29	--	1	828	买盘
09:46:42	8.29	0.01	40	33160	买盘
09:46:30	8.28	--	2	1655	卖盘
09:46:27	8.28	0.01	234	193751	买盘
09:46:24	8.27	--	100	82700	卖盘
09:46:03	8.27	--	10	8270	卖盘
09:46:00	8.27	-0.01	9	7443	卖盘
09:45:57	8.28	0.01	1	827	买盘
09:45:54	8.27	-0.01	50	41350	卖盘
09:45:45	8.28	--	11	9108	买盘
09:45:24	8.28	--	8	6623	买盘
09:45:12	8.28	-0.01	1	827	中性盘
09:45:09	8.29	0.02	35	29014	买盘
09:44:57	8.27	--	15	12405	买盘
09:44:54	8.27	--	18	14886	买盘
09:44:51	8.27	-0.01	83	68641	卖盘
09:44:48	8.28	--	10	8280	买盘
09:44:36	8.28	--	10	8280	买盘
09:44:30	8.28	0.01	2	1655	买盘
09:44:24	8.27	--	1	827	卖盘
09:44:15	8.27	--	5	4135	买盘
09:44:12	8.27	--	10	8270	买盘
09:44:09	8.27	--	1	827	买盘
09:44:06	8.27	--	4	3308	卖盘
09:44:03	8.27	-0.01	40	33080	卖盘
09:44:00	8.28	--	1	827	买盘
09:43:57	8.28	--	4	3311	买盘
09:43:39	8.28	-0.01	1	827	卖盘
09:43:33	8.29	0.01	11	9118	买盘
09:43:30	8.28	-0.01	30	24839	卖盘
09:43:24	8.29	0.01	8	6631	买盘
09:43:21	8.28	0.02	12	9936	中性盘
09:43:15	8.26	--	120	99202	卖盘
09:43:09	8.26	-0.02	5	4130	卖盘
09:43:06	8.28	0.01	61	50507	买盘
09:43:03	8.27	--	1	827	买盘
09:43:00	8.27	--	11	9097	买盘
09:42:57	8.27	-0.01	216	178632	卖盘
09:42:51	8.28	--	5	4885	卖盘
09:42:39	8.28	0.01	44	36514	买盘
09:42:36	8.27	-0.01	27	22329	卖盘
09:42:27	8.28	--	1	827	买盘
09:42:24	8.28	0.01	30	24839	买盘
09:42:15	8.27	--	57	47139	卖盘
09:42:06	8.27	--	4	3308	卖盘
09:42:03	8.27	--	10	8270	卖盘
09:42:00	8.27	--	8	6616	卖盘
09:41:51	8.27	-0.01	17	14059	卖盘
09:41:48	8.28	--	63	52246	卖盘
09:41:45	8.28	-0.01	10	8280	卖盘
09:41:42	8.29	0.01	1	828	买盘
09:41:39	8.28	-0.01	6	4968	卖盘
09:41:30	8.29	0.01	53	43936	买盘
09:41:21	8.28	--	1	827	卖盘
09:41:12	8.28	-0.01	80	66240	卖盘
09:41:00	8.29	--	3	2486	买盘
09:40:57	8.29	-0.01	18	14921	卖盘
09:40:51	8.3	0.01	51	42330	买盘
09:40:48	8.29	-0.01	7	5802	卖盘
09:40:12	8.3	0.01	10	8300	买盘
09:40:09	8.29	--	4	3315	卖盘
09:40:06	8.29	-0.01	3	2486	卖盘
09:40:03	8.3	--	6	4980	买盘
09:39:57	8.3	--	11	9130	买盘
09:39:54	8.3	0.01	11	9130	买盘
09:39:45	8.29	--	1	828	卖盘
09:39:39	8.29	--	9	7460	卖盘
09:39:21	8.29	--	39	32330	买盘
09:39:15	8.29	--	50	41449	买盘
09:39:12	8.29	0.01	7	5802	买盘
09:39:09	8.28	0.01	5	4140	卖盘
09:39:06	8.27	--	16	13976	买盘
09:39:00	8.27	-0.01	260	215020	卖盘
09:38:57	8.28	0.01	56	46368	卖盘
09:38:45	8.27	-0.02	40	33080	卖盘
09:38:42	8.29	0.02	12	9947	买盘
09:38:39	8.27	0.01	3	2481	卖盘
09:38:30	8.26	-0.01	67	55342	卖盘
09:38:27	8.27	--	10	8270	买盘
09:38:24	8.27	--	3	2481	买盘
09:38:18	8.27	--	225	186075	买盘
09:38:09	8.27	--	1	827	买盘
09:38:06	8.27	0.01	8	6616	买盘
09:38:03	8.26	-0.01	50	41300	卖盘
09:38:00	8.27	--	24	19848	买盘
09:37:57	8.27	--	19	15713	买盘
09:37:54	8.27	--	36	29772	买盘
09:37:51	8.27	--	10	8270	买盘
09:37:45	8.27	--	10	8270	买盘
09:37:42	8.27	-0.02	645	533762	卖盘
09:37:36	8.29	0.02	3	2486	买盘
09:37:30	8.27	-0.01	20	16788	卖盘
09:37:27	8.28	--	5	4140	买盘
09:37:24	8.28	--	29	24011	卖盘
09:37:18	8.28	--	12	9936	买盘
09:37:15	8.28	--	29	24011	卖盘
09:37:12	8.28	--	1	827	卖盘
09:37:06	8.28	--	21	17388	卖盘
09:37:00	8.28	--	10	8280	买盘
09:36:54	8.28	--	5	4140	买盘
09:36:51	8.28	--	68	56303	卖盘
09:36:48	8.28	--	57	47195	买盘
09:36:45	8.28	--	20	16560	买盘
09:36:42	8.28	0.01	38	31463	买盘
09:36:39	8.27	-0.01	20	16540	卖盘
09:36:33	8.28	0.01	10	8280	买盘
09:36:30	8.27	-0.01	44	36388	卖盘
09:36:27	8.28	--	4	3311	买盘
09:36:24	8.28	--	9	7451	买盘
09:36:21	8.28	--	203	168315	买盘
09:36:18	8.28	--	20	16560	买盘
09:36:15	8.28	--	77	63755	买盘
09:36:12	8.28	--	40	33120	买盘
09:36:09	8.28	--	24	19872	买盘
09:36:03	8.28	--	20	16560	买盘
09:35:54	8.28	--	106	87768	买盘
09:35:48	8.28	--	8	6623	买盘
09:35:45	8.28	-0.02	712	589536	卖盘
09:35:36	8.3	0.01	11	9130	买盘
09:35:33	8.29	--	29	24040	卖盘
09:35:30	8.29	--	9	7460	卖盘
09:35:15	8.29	--	34	28185	卖盘
09:35:12	8.29	-0.01	89	73780	卖盘
09:35:09	8.3	--	12	9960	买盘
09:35:06	8.3	--	45	37350	买盘
09:34:45	8.3	-0.01	29	24070	卖盘
09:34:42	8.31	0.01	2	1662	买盘
09:34:39	8.3	--	5	4150	卖盘
09:34:36	8.3	0.01	2	1660	中性盘
09:34:24	8.29	-0.01	10	8290	卖盘
09:34:18	8.3	--	24	19920	卖盘
09:34:15	8.3	--	8	6640	卖盘
09:34:09	8.3	0.02	3	2490	买盘
09:34:00	8.28	--	56	46368	卖盘
09:33:54	8.28	--	221	182988	卖盘
09:33:39	8.28	-0.02	31	25667	卖盘
09:33:24	8.3	-0.01	117	97110	卖盘
09:33:09	8.31	--	2	1662	买盘
09:33:06	8.31	-0.01	61	51289	卖盘
09:32:57	8.32	0.01	7	5824	买盘
09:32:54	8.31	-0.01	20	16620	卖盘
09:32:45	8.32	--	66	54912	买盘
09:32:33	8.32	--	38	31616	卖盘
09:32:30	8.32	--	18	14976	卖盘
09:32:18	8.32	-0.01	20	16640	卖盘
09:32:12	8.33	0.01	1	833	买盘
09:32:09	8.32	0.01	53	44096	中性盘
09:31:54	8.31	-0.01	10	8310	卖盘
09:31:51	8.32	0.01	6	4992	买盘
09:31:48	8.31	-0.02	1	831	卖盘
09:31:39	8.33	0.02	57	47481	买盘
09:31:33	8.31	-0.02	13	10803	卖盘
09:31:27	8.33	0.02	51	42483	买盘
09:31:03	8.31	-0.02	32	26592	卖盘
09:30:48	8.33	--	34	28322	买盘
09:30:45	8.33	--	1	833	买盘
09:30:39	8.33	0.01	1	833	买盘
09:30:21	8.32	--	0	232	买盘
09:30:12	8.32	--	3	2496	买盘
09:30:06	8.32	0.01	61	50752	买盘
09:30:03	8.31	-0.01	15	12465	卖盘
09:30:00	8.32	--	0	0	买盘
09:25:03	8.32	8.32	9	7488	买盘
