成交时间	成交价	价格变动	成交量(手)	成交额(元)	性质
15:00:03	17.25	--	467	805575	买盘
14:57:00	17.25	--	0	0	买盘
14:56:48	17.25	--	6	10350	买盘
14:56:42	17.25	--	43	74175	卖盘
14:56:36	17.25	0.01	126	217350	买盘
14:56:33	17.24	-0.01	1	1723	卖盘
14:56:30	17.25	--	10	17250	买盘
14:56:27	17.25	--	56	96600	买盘
14:56:21	17.25	--	101	174225	买盘
14:56:15	17.25	--	13	22425	买盘
14:56:06	17.25	--	3	5175	买盘
14:56:00	17.25	--	2	3450	买盘
14:55:54	17.25	--	40	69000	买盘
14:55:51	17.25	--	65	112125	买盘
14:55:42	17.25	--	105	181125	卖盘
14:55:39	17.25	--	50	86250	卖盘
14:55:36	17.25	--	5	8625	卖盘
14:55:24	17.25	--	16	27600	买盘
14:55:18	17.25	--	49	84525	卖盘
14:55:12	17.25	--	1	1725	卖盘
14:55:09	17.25	--	10	17250	买盘
14:55:06	17.25	-0.01	40	69000	卖盘
14:55:03	17.26	--	6	10356	买盘
14:54:54	17.26	0.01	14	24164	买盘
14:54:48	17.25	-0.01	5	8625	卖盘
14:54:39	17.26	0.01	18	31068	买盘
14:54:24	17.25	0.01	2	3450	买盘
14:54:18	17.24	-0.01	15	25859	卖盘
14:54:12	17.25	--	5	8625	买盘
14:54:06	17.25	--	5	8625	买盘
14:54:03	17.25	--	89	153525	卖盘
14:54:00	17.25	-0.01	11	18975	中性盘
14:53:54	17.26	0.01	8	13808	买盘
14:53:51	17.25	-0.01	20	34500	买盘
14:53:48	17.26	0.01	30	51780	买盘
14:53:45	17.25	--	5	8625	买盘
14:53:39	17.25	--	47	81075	卖盘
14:53:36	17.25	--	100	172500	卖盘
14:53:27	17.25	-0.01	100	172500	卖盘
14:53:21	17.26	--	15	25890	买盘
14:53:18	17.26	--	13	22438	买盘
14:53:03	17.26	0.01	55	94930	买盘
14:52:45	17.25	-0.01	2	3450	卖盘
14:52:42	17.26	-0.02	707	1220282	卖盘
14:52:27	17.28	--	94	162432	买盘
14:52:15	17.28	--	17	29376	买盘
14:52:06	17.28	--	6	10368	买盘
14:51:54	17.28	0.01	58	100224	买盘
14:51:51	17.27	-0.01	20	34540	卖盘
14:51:42	17.28	--	10	17280	买盘
14:51:39	17.28	--	53	91584	卖盘
14:51:36	17.28	--	25	43200	买盘
14:51:27	17.28	--	206	355968	买盘
14:51:15	17.28	0.01	30	51840	买盘
14:51:09	17.27	0.01	8	13816	买盘
14:51:06	17.26	-0.01	49	84574	卖盘
14:51:00	17.27	--	77	132979	卖盘
14:50:54	17.27	--	14	24178	卖盘
14:50:45	17.27	0.01	91	157157	买盘
14:50:39	17.26	--	56	96656	卖盘
14:50:33	17.26	-0.01	17	29342	卖盘
14:50:21	17.27	--	52	89804	买盘
14:50:12	17.27	--	20	34540	买盘
14:50:06	17.27	--	15	25905	卖盘
14:49:54	17.27	--	5	8635	买盘
14:49:51	17.27	-0.01	45	77715	卖盘
14:49:27	17.28	0.01	23	39744	买盘
14:49:03	17.27	0.01	1	1727	买盘
14:48:51	17.26	-0.01	20	34520	卖盘
14:48:39	17.27	-0.01	78	134706	卖盘
14:48:30	17.28	-0.01	18	31104	卖盘
14:48:00	17.29	0.01	9	15561	买盘
14:47:54	17.28	0.01	15	25920	买盘
14:47:51	17.27	-0.01	174	300498	卖盘
14:47:06	17.28	--	1	1728	卖盘
14:46:48	17.28	--	166	286848	卖盘
14:46:03	17.28	--	6	10368	卖盘
14:45:57	17.28	--	25	43200	买盘
14:45:42	17.28	--	155	267840	卖盘
14:45:36	17.28	--	10	17280	卖盘
14:45:30	17.28	-0.01	24	41472	卖盘
14:45:24	17.29	0.01	7	12103	买盘
14:45:15	17.28	0.01	4	6912	中性盘
14:44:48	17.27	--	50	86350	卖盘
14:44:45	17.27	--	7	12089	卖盘
14:44:36	17.27	0.01	4	6908	中性盘
14:44:21	17.26	-0.03	43	74218	卖盘
14:44:06	17.29	--	1	1729	买盘
14:43:54	17.29	0.02	17	29393	买盘
14:43:51	17.27	--	30	51810	买盘
14:43:39	17.27	--	69	119163	卖盘
14:43:30	17.27	--	100	172700	卖盘
14:43:15	17.27	-0.01	22	37994	卖盘
14:43:06	17.28	--	1	1728	卖盘
14:42:48	17.28	-0.01	170	293760	卖盘
14:42:42	17.29	--	9	15561	卖盘
14:42:21	17.29	--	75	129675	卖盘
14:41:51	17.29	--	18	31122	卖盘
14:41:48	17.29	--	5	8645	卖盘
14:41:42	17.29	--	20	34580	卖盘
14:41:06	17.29	--	10	17290	卖盘
14:40:54	17.29	--	20	34580	卖盘
14:40:00	17.29	--	28	48412	卖盘
14:39:57	17.29	-0.01	150	259350	卖盘
14:39:51	17.3	--	6	10380	买盘
14:39:39	17.3	0.01	20	34600	买盘
14:39:09	17.29	-0.01	5	8645	卖盘
14:39:06	17.3	0.01	3	5190	买盘
14:39:03	17.29	--	9	15561	卖盘
14:38:51	17.29	-0.01	20	34580	卖盘
14:38:36	17.3	--	19	32870	卖盘
14:38:27	17.3	--	81	140130	买盘
14:38:24	17.3	--	1	1730	买盘
14:38:15	17.3	--	10	17300	买盘
14:37:57	17.3	0.01	6	10380	买盘
14:37:18	17.29	-0.01	143	247247	卖盘
14:37:15	17.3	--	5	8650	买盘
14:37:06	17.3	--	65	112450	买盘
14:36:12	17.3	0.01	50	86500	买盘
14:35:57	17.29	--	7	12103	卖盘
14:35:30	17.29	--	30	51870	卖盘
14:34:54	17.29	--	5	8645	卖盘
14:34:51	17.29	--	22	38038	卖盘
14:34:48	17.29	--	10	17290	卖盘
14:34:45	17.29	-0.01	10	17290	卖盘
14:34:42	17.3	0.01	30	51900	买盘
14:34:33	17.29	--	10	17290	卖盘
14:34:24	17.29	--	80	138320	卖盘
14:34:18	17.29	-0.01	10	17290	卖盘
14:33:24	17.3	--	3	5190	卖盘
14:33:06	17.3	0.01	5	8650	中性盘
14:32:54	17.29	-0.01	100	172900	卖盘
14:32:27	17.3	--	1	1730	卖盘
14:31:57	17.3	-0.02	15	25950	卖盘
14:31:51	17.32	0.02	5	8660	买盘
14:31:30	17.3	--	11	19030	卖盘
14:31:24	17.3	--	3	5190	卖盘
14:31:21	17.3	--	156	269880	卖盘
14:31:12	17.3	--	92	159713	买盘
14:31:03	17.3	--	10	17300	买盘
14:30:48	17.3	0.01	10	17300	买盘
14:30:30	17.29	-0.01	2	3458	卖盘
14:30:27	17.3	--	50	86500	买盘
14:30:03	17.3	--	6	10380	买盘
14:29:57	17.3	0.01	54	93420	买盘
14:29:18	17.29	--	5	8645	买盘
14:29:15	17.29	--	9	15561	买盘
14:29:12	17.29	--	11	19019	买盘
14:29:09	17.29	--	30	51870	买盘
14:29:03	17.29	--	10	17290	买盘
14:28:48	17.29	--	33	57057	买盘
14:28:39	17.29	--	5	8645	买盘
14:28:18	17.29	0.01	2	3458	买盘
14:28:06	17.28	--	5	8640	卖盘
14:27:30	17.28	--	45	77760	卖盘
14:27:27	17.28	--	10	17280	卖盘
14:27:15	17.28	--	10	17280	卖盘
14:26:51	17.28	-0.01	12	20736	卖盘
14:26:39	17.29	-0.01	63	109480	卖盘
14:25:51	17.3	--	21	36330	买盘
14:25:36	17.3	--	8	13840	买盘
14:25:12	17.3	0.01	13	22490	买盘
14:25:03	17.29	-0.01	3	5187	卖盘
14:25:00	17.3	0.01	20	34600	买盘
14:24:54	17.29	-0.01	1	1729	卖盘
14:24:51	17.3	--	19	32870	买盘
14:24:24	17.3	--	9	15570	买盘
14:24:18	17.3	--	2	3460	买盘
14:24:03	17.3	0.01	2	3460	买盘
14:24:00	17.29	-0.01	1	1729	卖盘
14:23:57	17.3	0.01	41	70930	中性盘
14:23:30	17.29	-0.01	10	17290	卖盘
14:23:27	17.3	0.01	6	10380	买盘
14:23:21	17.29	-0.01	1	1729	卖盘
14:23:15	17.3	--	15	25950	买盘
14:23:03	17.3	--	10	17300	买盘
14:23:00	17.3	--	1	1730	买盘
14:22:54	17.3	0.01	14	24220	买盘
14:22:51	17.29	-0.01	0	1175	卖盘
14:22:48	17.3	--	10	17300	买盘
14:22:39	17.3	--	57	98610	卖盘
14:22:15	17.3	--	55	95150	买盘
14:22:12	17.3	-0.02	132	228360	卖盘
14:22:00	17.32	--	3	5196	买盘
14:21:57	17.32	-0.01	8	13856	中性盘
14:21:33	17.33	0.01	106	183697	买盘
14:21:24	17.32	--	3	5196	买盘
14:21:09	17.32	--	2	3464	买盘
14:20:57	17.32	-0.01	3	5196	中性盘
14:20:54	17.33	0.03	121	209692	买盘
14:20:51	17.3	-0.02	148	256040	卖盘
14:20:39	17.32	-0.01	31	53692	卖盘
14:20:30	17.33	--	38	65854	买盘
14:20:18	17.33	-0.02	1	1732	卖盘
14:19:54	17.35	0.01	40	69400	买盘
14:19:48	17.34	0.02	13	22542	买盘
14:19:39	17.32	--	2	3464	卖盘
14:19:33	17.32	-0.03	3	5196	卖盘
14:18:51	17.35	--	52	90220	买盘
14:18:48	17.35	--	5	8675	买盘
14:18:33	17.35	0.02	10	17350	买盘
14:18:30	17.33	--	3	5198	卖盘
14:18:18	17.33	--	23	39858	买盘
14:17:54	17.33	--	4	6931	买盘
14:17:42	17.33	0.01	38	65854	买盘
14:17:21	17.32	--	63	109116	买盘
14:16:57	17.32	--	10	17320	买盘
14:16:54	17.32	--	28	48496	买盘
14:16:45	17.32	--	49	84868	卖盘
14:16:39	17.32	0.01	51	88332	买盘
14:16:36	17.31	-0.01	50	86550	卖盘
14:16:21	17.32	0.02	2	3464	买盘
14:16:00	17.3	--	50	86500	卖盘
14:15:45	17.3	--	13	22490	买盘
14:15:30	17.3	--	20	34600	买盘
14:15:09	17.3	--	19	32870	买盘
14:15:06	17.3	--	11	19030	买盘
14:14:54	17.3	0.02	78	134940	买盘
14:14:51	17.28	-0.02	7	12096	中性盘
14:14:06	17.3	0.02	56	96880	买盘
14:14:00	17.28	0.01	1	1728	买盘
14:13:51	17.27	--	16	27632	买盘
14:13:42	17.27	0.01	2	3454	买盘
14:13:36	17.26	-0.01	1	1726	卖盘
14:13:30	17.27	--	55	94985	买盘
14:13:24	17.27	--	2	3454	买盘
14:13:18	17.27	0.01	10	17270	买盘
14:12:09	17.26	-0.01	40	69040	卖盘
14:11:57	17.27	0.01	50	86350	买盘
14:11:42	17.26	-0.01	2	3452	卖盘
14:11:30	17.27	0.01	2	3454	买盘
14:11:27	17.26	--	2	3452	卖盘
14:11:00	17.26	-0.01	161	277886	卖盘
14:10:57	17.27	--	49	84623	卖盘
14:10:51	17.27	-0.01	6	10362	卖盘
14:10:39	17.28	--	11	19008	买盘
14:10:21	17.28	-0.01	7	12096	卖盘
14:09:42	17.29	--	1	1729	买盘
14:09:24	17.29	0.02	5	8645	买盘
14:09:15	17.27	--	8	13816	卖盘
14:08:12	17.27	--	100	172700	中性盘
14:07:33	17.27	--	5	8635	买盘
14:07:18	17.27	--	4	6908	买盘
14:06:42	17.27	--	5	8635	买盘
14:06:39	17.27	--	3	5181	买盘
14:06:33	17.27	--	2	3454	买盘
14:06:03	17.27	--	8	13816	买盘
14:05:51	17.27	--	30	51810	买盘
14:05:48	17.27	0.01	11	18997	买盘
14:04:54	17.26	-0.01	6	10356	卖盘
14:04:45	17.27	0.01	7	12089	买盘
14:04:39	17.26	-0.01	27	46602	卖盘
14:04:33	17.27	--	2	3454	买盘
14:03:39	17.27	--	5	8635	买盘
14:03:36	17.27	--	12	20724	买盘
14:02:48	17.27	--	1	1727	买盘
14:02:45	17.27	--	4	6908	买盘
14:02:39	17.27	0.01	1	1727	买盘
14:02:33	17.26	-0.01	4	6904	卖盘
14:02:24	17.27	0.01	1	1727	买盘
14:01:18	17.26	0.01	4	6904	中性盘
14:01:00	17.25	--	30	51750	卖盘
14:00:45	17.25	--	44	75900	卖盘
13:59:39	17.25	--	16	27600	卖盘
13:59:33	17.25	--	10	17250	卖盘
13:59:12	17.25	--	2	3450	卖盘
13:59:09	17.25	--	4	6900	买盘
13:59:00	17.25	-0.01	5	8625	卖盘
13:58:54	17.26	--	54	93204	买盘
13:58:45	17.26	--	491	847466	买盘
13:58:36	17.26	--	174	300324	卖盘
13:58:09	17.26	-0.01	20	34520	卖盘
13:57:57	17.27	--	37	63899	卖盘
13:57:51	17.27	-0.01	52	89804	卖盘
13:57:48	17.28	0.01	9	15552	买盘
13:57:42	17.27	-0.01	23	39721	卖盘
13:57:39	17.28	0.01	9	15552	买盘
13:57:36	17.27	-0.01	50	86350	卖盘
13:57:30	17.28	--	7	12096	买盘
13:57:24	17.28	-0.01	6	10368	卖盘
13:57:21	17.29	0.01	1	1729	买盘
13:56:57	17.28	--	6	10368	卖盘
13:56:12	17.28	--	25	43200	卖盘
13:55:51	17.28	0.01	42	72576	中性盘
13:54:06	17.27	--	2	3454	买盘
13:53:54	17.27	--	48	82896	卖盘
13:53:12	17.27	-0.03	10	17270	中性盘
13:52:00	17.3	0.04	3	5190	买盘
13:51:48	17.26	-0.04	3	5178	卖盘
13:51:39	17.3	0.04	2	3460	买盘
13:51:21	17.26	-0.02	48	82848	卖盘
13:51:18	17.28	--	6	10368	买盘
13:51:12	17.28	--	9	15552	买盘
13:51:00	17.28	0.01	6	10368	买盘
13:50:57	17.27	--	55	94985	卖盘
13:50:48	17.27	-0.01	12	20724	卖盘
13:50:33	17.28	-0.02	3	5184	卖盘
13:50:30	17.3	0.02	6	10380	买盘
13:50:09	17.28	--	4	6912	卖盘
13:49:54	17.28	--	5	8640	卖盘
13:49:27	17.28	--	11	19008	卖盘
13:49:00	17.28	--	100	172800	卖盘
13:48:24	17.28	0.01	9	15552	买盘
13:48:21	17.27	--	1	1727	买盘
13:48:15	17.27	--	10	17270	买盘
13:48:03	17.27	--	5	8635	买盘
13:47:54	17.27	--	100	172700	买盘
13:47:48	17.27	-0.01	164	283228	卖盘
13:47:45	17.28	0.01	20	34560	买盘
13:47:33	17.27	-0.01	1	1727	卖盘
13:47:30	17.28	--	3	5184	买盘
13:47:24	17.28	--	5	8640	买盘
13:47:21	17.28	--	5	8640	买盘
13:47:15	17.28	--	7	12096	买盘
13:47:06	17.28	--	1	1728	买盘
13:46:57	17.28	--	3	5184	买盘
13:46:48	17.28	--	123	212544	卖盘
13:46:45	17.28	--	50	86400	卖盘
13:46:00	17.28	-0.02	100	172800	卖盘
13:45:57	17.3	--	15	25950	买盘
13:45:54	17.3	--	8	13840	买盘
13:45:24	17.3	--	5	8650	买盘
13:44:54	17.3	--	2	3460	买盘
13:44:45	17.3	--	50	86500	买盘
13:44:12	17.3	--	26	44980	卖盘
13:44:06	17.3	--	10	17300	卖盘
13:43:54	17.3	-0.01	100	173000	卖盘
13:43:27	17.31	--	2	3461	卖盘
13:43:15	17.31	--	6	10386	买盘
13:42:57	17.31	--	94	162714	卖盘
13:42:51	17.31	--	3	5193	卖盘
13:41:45	17.31	-0.02	21	36351	卖盘
13:41:36	17.33	--	81	140373	卖盘
13:41:27	17.33	--	4	6931	卖盘
13:41:09	17.33	--	20	34660	卖盘
13:41:03	17.33	--	120	207959	卖盘
13:40:54	17.33	--	55	95314	卖盘
13:40:33	17.33	--	4	6931	卖盘
13:40:30	17.33	-0.01	7	12130	卖盘
13:40:21	17.34	-0.01	4	6936	卖盘
13:40:09	17.35	0.01	3	5205	买盘
13:39:57	17.34	0.01	4	6936	买盘
13:38:54	17.33	-0.01	5	8665	卖盘
13:37:42	17.34	0.01	36	62424	买盘
13:37:27	17.33	--	5	8665	卖盘
13:36:54	17.33	--	29	50256	卖盘
13:36:09	17.33	0.01	97	168100	买盘
13:35:42	17.32	--	50	86600	买盘
13:34:15	17.32	0.02	10	17320	买盘
13:33:45	17.3	--	37	65670	卖盘
13:33:39	17.3	--	7	12836	买盘
13:33:36	17.3	--	12	21763	卖盘
13:33:33	17.3	--	1	1730	卖盘
13:33:21	17.3	-0.02	200	346000	卖盘
13:33:00	17.32	--	7	12124	买盘
13:32:30	17.32	--	3	5196	卖盘
13:31:24	17.32	-0.01	6	10392	卖盘
13:31:21	17.33	0.01	9	15596	买盘
13:30:39	17.32	-0.01	11	19052	卖盘
13:30:18	17.33	0.01	2	3465	中性盘
13:29:27	17.32	0.02	4	6928	中性盘
13:28:48	17.3	-0.02	70	121100	卖盘
13:28:36	17.32	0.02	17	29444	买盘
13:28:21	17.3	-0.02	120	207600	卖盘
13:27:57	17.32	0.02	1	1732	买盘
13:27:45	17.3	--	15	25950	卖盘
13:27:24	17.3	-0.03	150	259500	卖盘
13:27:15	17.33	--	2	3465	买盘
13:27:09	17.33	--	83	143839	卖盘
13:27:03	17.33	--	35	60654	买盘
13:27:00	17.33	--	110	190629	买盘
13:26:39	17.33	-0.02	15	25994	卖盘
13:26:24	17.35	--	1	1735	买盘
13:25:39	17.35	0.02	6	10410	买盘
13:23:18	17.33	-0.01	4	6931	卖盘
13:23:15	17.34	--	3	5202	卖盘
13:23:06	17.34	-0.01	3	5202	卖盘
13:23:03	17.35	--	10	17350	买盘
13:22:24	17.35	--	30	52050	卖盘
13:22:00	17.35	--	7	12145	卖盘
13:21:39	17.35	--	168	291480	买盘
13:21:36	17.35	--	32	55520	买盘
13:21:24	17.35	-0.03	60	104100	中性盘
13:21:09	17.38	0.03	18	31284	买盘
13:20:54	17.35	--	300	520500	买盘
13:20:33	17.35	--	5	8675	买盘
13:20:30	17.35	0.01	300	520500	买盘
13:20:21	17.34	--	2	3468	卖盘
13:20:09	17.34	--	3	5202	买盘
13:19:45	17.34	--	4	6936	买盘
13:19:18	17.34	--	5	8670	买盘
13:18:15	17.34	--	37	64158	买盘
13:16:27	17.34	-0.01	1	1734	中性盘
13:16:06	17.35	0.01	196	340060	买盘
13:16:03	17.34	-0.01	1	1734	卖盘
13:16:00	17.35	0.01	3	5205	买盘
13:15:39	17.34	0.04	2	3468	买盘
13:15:30	17.3	--	10	17300	卖盘
13:15:27	17.3	--	25	43250	卖盘
13:15:24	17.3	--	30	51900	卖盘
13:14:36	17.3	--	31	54356	买盘
13:14:24	17.3	0.01	10	17300	买盘
13:14:12	17.29	-0.01	1	1729	卖盘
13:13:57	17.3	0.01	20	34600	买盘
13:13:33	17.29	--	11	19019	卖盘
13:13:27	17.29	--	8	13832	卖盘
13:13:24	17.29	-0.01	1	1729	卖盘
13:13:18	17.3	--	26	45983	卖盘
13:12:57	17.3	-0.01	5	8650	卖盘
13:12:54	17.31	0.01	20	34620	买盘
13:12:51	17.3	-0.01	12	20760	卖盘
13:12:42	17.31	-0.03	24	41544	卖盘
13:12:39	17.34	0.03	13	22542	买盘
13:12:33	17.31	-0.03	2	3461	卖盘
13:11:21	17.34	0.03	2	3468	买盘
13:11:18	17.31	--	2	3461	卖盘
13:11:00	17.31	0.01	10	17310	中性盘
13:10:18	17.3	--	9	16296	买盘
13:10:06	17.3	--	5	8650	买盘
13:09:21	17.3	--	10	17300	买盘
13:09:15	17.3	0.01	4	6920	买盘
13:09:09	17.29	--	2	3458	卖盘
13:08:24	17.29	--	10	17290	卖盘
13:08:03	17.29	--	4	6916	买盘
13:07:57	17.29	--	5	8645	买盘
13:07:54	17.29	0.01	13	22477	买盘
13:07:51	17.28	-0.01	10	17280	卖盘
13:07:15	17.29	-0.01	3	5187	卖盘
13:06:27	17.3	0.01	10	17300	买盘
13:06:24	17.29	--	5	8645	卖盘
13:06:06	17.29	-0.01	70	121030	卖盘
13:05:57	17.3	--	8	13840	买盘
13:05:48	17.3	--	13	23493	卖盘
13:05:27	17.3	0.01	6	11106	买盘
13:04:18	17.29	--	20	34580	卖盘
13:04:03	17.29	-0.01	76	131404	卖盘
13:04:00	17.3	-0.02	87	151513	卖盘
13:03:03	17.32	--	17	29444	卖盘
13:02:45	17.32	--	6	10392	买盘
13:01:33	17.32	--	52	90064	卖盘
13:00:54	17.32	0.02	5	8660	买盘
13:00:33	17.3	--	5	8650	卖盘
13:00:09	17.3	-0.03	14	24220	卖盘
13:00:06	17.33	-0.01	5	8665	卖盘
13:00:03	17.34	--	9	16334	买盘
13:00:00	17.34	--	0	0	买盘
11:30:00	17.34	-0.01	2	3468	中性盘
11:29:15	17.35	0.05	50	86750	买盘
11:28:54	17.3	-0.04	40	69200	卖盘
11:28:36	17.34	0.04	4	6936	买盘
11:28:09	17.3	--	20	34600	卖盘
11:27:27	17.3	--	1	1730	卖盘
11:27:18	17.3	--	1	1730	卖盘
11:27:12	17.3	-0.04	5	8650	卖盘
11:26:18	17.34	--	20	34680	买盘
11:25:36	17.34	0.07	10	17340	买盘
11:24:12	17.27	-0.07	56	96712	卖盘
11:23:42	17.34	--	58	100572	买盘
11:23:12	17.34	--	6	10404	买盘
11:22:36	17.34	0.06	9	15606	买盘
11:21:09	17.28	-0.05	65	112320	卖盘
11:20:45	17.33	--	11	19062	卖盘
11:20:24	17.33	--	4	6931	卖盘
11:19:42	17.33	0.01	5	8665	买盘
11:19:30	17.32	--	10	17320	卖盘
11:19:09	17.32	0.02	18	31176	买盘
11:18:48	17.3	--	10	17300	卖盘
11:18:15	17.3	--	11	19030	卖盘
11:17:57	17.3	--	30	51900	卖盘
11:17:09	17.3	-0.02	300	519000	卖盘
11:16:57	17.32	--	32	55424	卖盘
11:16:48	17.32	--	7	12124	卖盘
11:16:39	17.32	-0.01	4	6928	卖盘
11:16:36	17.33	0.01	8	13863	买盘
11:16:33	17.32	--	10	17320	卖盘
11:16:12	17.32	-0.02	30	51960	卖盘
11:15:45	17.34	0.01	5	8670	买盘
11:15:36	17.33	--	12	20795	卖盘
11:15:12	17.33	-0.02	10	17330	卖盘
11:14:45	17.35	0.01	13	22555	买盘
11:14:21	17.34	--	46	79764	买盘
11:14:18	17.34	0.01	10	17340	买盘
11:14:00	17.33	0.01	1	1732	买盘
11:13:45	17.32	--	5	8660	卖盘
11:13:42	17.32	--	56	96992	买盘
11:13:18	17.32	--	8	13856	卖盘
11:13:15	17.32	-0.01	5	8660	卖盘
11:13:06	17.33	--	9	15596	卖盘
11:12:24	17.33	0.01	11	19062	买盘
11:12:09	17.32	-0.03	1	1732	卖盘
11:11:48	17.35	--	9	15615	卖盘
11:11:36	17.35	-0.02	6	10410	卖盘
11:11:18	17.37	-0.01	18	31266	卖盘
11:11:00	17.38	--	14	24332	卖盘
11:10:51	17.38	--	6	10428	买盘
11:10:12	17.38	-0.01	10	17380	卖盘
11:09:51	17.39	--	2	3478	卖盘
11:09:00	17.39	0.01	6	10434	买盘
11:08:51	17.38	-0.01	1	1738	卖盘
11:08:48	17.39	--	11	19129	买盘
11:08:45	17.39	0.02	1	1739	买盘
11:08:36	17.37	-0.02	9	15633	卖盘
11:07:54	17.39	--	20	34780	买盘
11:07:27	17.39	0.02	5	8695	买盘
11:06:51	17.37	--	1	1737	卖盘
11:06:33	17.37	--	4	6948	卖盘
11:06:30	17.37	--	10	17370	卖盘
11:06:15	17.37	--	4	6948	卖盘
11:06:06	17.37	--	4	6948	卖盘
11:05:54	17.37	-0.01	3	5211	卖盘
11:05:45	17.38	-0.01	4	6952	卖盘
11:05:21	17.39	--	11	19129	买盘
11:04:18	17.39	--	17	29563	卖盘
11:03:30	17.39	--	18	31302	买盘
11:03:21	17.39	0.01	3	5217	买盘
11:03:06	17.38	-0.01	2	3476	中性盘
11:01:30	17.39	-0.01	5	8695	中性盘
11:00:21	17.4	--	20	34800	买盘
10:59:51	17.4	--	11	19140	买盘
10:59:42	17.4	--	20	34800	买盘
10:58:57	17.4	0.01	16	27839	买盘
10:58:54	17.39	--	0	869	卖盘
10:58:15	17.39	-0.03	2	3478	卖盘
10:58:06	17.42	0.02	24	41808	买盘
10:57:39	17.4	--	10	17400	买盘
10:57:36	17.4	--	11	19140	买盘
10:57:33	17.4	-0.01	36	62639	买盘
10:57:30	17.41	--	18	31338	卖盘
10:57:27	17.41	-0.01	2	3482	中性盘
10:57:21	17.42	--	31	54002	买盘
10:57:18	17.42	0.03	16	27872	买盘
10:57:15	17.39	--	4	6956	卖盘
10:57:12	17.39	-0.03	9	15651	卖盘
10:57:06	17.42	--	12	20904	买盘
10:57:03	17.42	0.01	16	27872	买盘
10:57:00	17.41	--	16	27856	买盘
10:56:54	17.41	--	9	15669	买盘
10:56:51	17.41	0.01	17	29597	买盘
10:56:48	17.4	-0.01	12	20880	中性盘
10:56:45	17.41	0.02	12	20892	买盘
10:56:36	17.39	-0.02	17	29563	卖盘
10:56:33	17.41	--	12	20892	买盘
10:56:30	17.41	--	12	20892	买盘
10:56:27	17.41	0.01	12	20892	买盘
10:56:18	17.4	-0.01	9	15659	中性盘
10:56:15	17.41	--	12	20892	买盘
10:56:12	17.41	--	24	41784	买盘
10:56:03	17.41	--	9	15669	买盘
10:56:00	17.41	--	12	20892	买盘
10:55:57	17.41	--	12	20892	买盘
10:55:54	17.41	--	12	20892	买盘
10:55:51	17.41	--	8	13928	买盘
10:55:48	17.41	--	10	17410	买盘
10:55:42	17.41	0.01	12	20892	买盘
10:55:39	17.4	--	24	41760	买盘
10:55:33	17.4	--	1	1739	买盘
10:55:30	17.4	--	11	19140	买盘
10:55:27	17.4	--	11	19140	买盘
10:55:24	17.4	--	11	19140	买盘
10:55:21	17.4	0.06	153	267090	买盘
10:55:15	17.34	-0.03	4	6936	卖盘
10:55:09	17.37	--	7	12159	买盘
10:55:06	17.37	--	38	66006	买盘
10:55:03	17.37	0.02	50	86850	买盘
10:54:42	17.35	0.05	103	179572	买盘
10:53:42	17.3	--	63	108990	卖盘
10:53:39	17.3	-0.04	3	5190	中性盘
10:53:24	17.34	--	3	5202	买盘
10:53:18	17.34	--	20	34680	买盘
10:53:09	17.34	--	5	8670	买盘
10:53:00	17.34	0.05	100	173400	买盘
10:52:57	17.29	--	5	8645	卖盘
10:52:54	17.29	--	8	13832	买盘
10:52:36	17.29	--	35	60515	买盘
10:52:33	17.29	--	8	13832	买盘
10:52:30	17.29	-0.05	10	17290	卖盘
10:52:24	17.34	--	2	3468	买盘
10:52:18	17.34	-0.01	2	4335	卖盘
10:52:03	17.35	0.01	7	12145	买盘
10:52:00	17.34	0.07	109	189873	买盘
10:51:39	17.27	--	10	17270	卖盘
10:50:51	17.27	-0.07	5	8635	卖盘
10:50:36	17.34	--	24	41616	买盘
10:50:18	17.34	0.08	27	46818	买盘
10:50:03	17.26	-0.08	493	850918	卖盘
10:49:36	17.34	-0.01	0	867	卖盘
10:49:30	17.35	--	5	8675	买盘
10:49:21	17.35	--	2	4337	卖盘
10:48:51	17.35	-0.01	7	13012	卖盘
10:48:48	17.36	0.02	14	24304	买盘
10:48:30	17.34	-0.02	0	867	中性盘
10:47:57	17.36	0.03	10	17360	买盘
10:47:30	17.33	0.01	1	1732	买盘
10:47:03	17.32	--	2	3464	卖盘
10:46:48	17.32	-0.01	20	34640	卖盘
10:46:36	17.33	-0.03	9	15596	中性盘
10:45:24	17.36	0.01	82	142352	买盘
10:45:18	17.35	-0.01	5	8675	卖盘
10:44:54	17.36	--	1	1736	买盘
10:44:39	17.36	0.01	10	17360	买盘
10:43:54	17.35	0.03	5	8675	买盘
10:43:51	17.32	-0.04	30	51960	中性盘
10:42:24	17.36	--	40	69440	卖盘
10:42:12	17.36	0.05	10	17360	买盘
10:41:57	17.31	--	2	3461	卖盘
10:41:45	17.31	-0.01	15	25964	卖盘
10:41:12	17.32	-0.05	220	381040	卖盘
10:41:00	17.37	0.01	23	39951	买盘
10:40:12	17.36	0.04	5	8680	买盘
10:39:54	17.32	--	2	3464	卖盘
10:39:27	17.32	--	80	138560	卖盘
10:39:00	17.32	--	113	195716	卖盘
10:38:51	17.32	--	2	3464	卖盘
10:38:48	17.32	--	87	150684	卖盘
10:38:36	17.32	--	4	6928	卖盘
10:37:27	17.32	-0.03	100	173200	卖盘
10:37:12	17.35	--	14	24290	卖盘
10:37:03	17.35	-0.03	147	255045	卖盘
10:36:21	17.38	--	5	8690	买盘
10:36:18	17.38	--	70	121660	卖盘
10:35:51	17.38	-0.01	42	72996	卖盘
10:35:45	17.39	--	11	19129	买盘
10:35:36	17.39	--	3	5217	买盘
10:35:03	17.39	-0.01	5	8695	买盘
10:34:39	17.4	--	36	62639	卖盘
10:34:30	17.4	--	64	111359	买盘
10:34:18	17.4	--	36	62639	卖盘
10:34:12	17.4	--	50	87000	卖盘
10:34:09	17.4	0.02	135	234899	买盘
10:33:57	17.38	-0.01	30	52140	卖盘
10:33:54	17.39	0.01	69	119991	买盘
10:33:27	17.38	--	20	34760	中性盘
10:33:12	17.38	--	10	17380	买盘
10:32:06	17.38	--	10	17380	中性盘
10:31:39	17.38	0.03	10	17380	买盘
10:30:36	17.35	-0.04	2	3470	卖盘
10:29:48	17.39	--	4	6956	卖盘
10:29:42	17.39	--	6	10434	买盘
10:29:21	17.39	-0.01	6	10434	卖盘
10:29:15	17.4	--	1	1739	买盘
10:28:54	17.4	-0.01	24	41760	卖盘
10:28:39	17.41	0.01	7	12187	中性盘
10:27:57	17.4	-0.04	16	27839	买盘
10:27:48	17.44	--	76	132544	卖盘
10:27:45	17.44	0.05	322	561568	买盘
10:26:54	17.39	--	4	6956	买盘
10:26:33	17.39	--	7	12173	卖盘
10:26:27	17.39	--	6	10434	卖盘
10:26:24	17.39	-0.01	10	17390	卖盘
10:26:21	17.4	0.03	20	34800	买盘
10:26:09	17.37	0.03	27	46899	买盘
10:26:00	17.34	--	20	34680	买盘
10:25:51	17.34	--	18	31212	买盘
10:25:30	17.34	0.01	41	71094	买盘
10:25:27	17.33	0.03	1	1732	中性盘
10:25:09	17.3	-0.04	300	519000	卖盘
10:24:48	17.34	0.01	80	138720	买盘
10:24:39	17.33	0.01	38	65854	买盘
10:24:18	17.32	0.02	43	74476	买盘
10:24:15	17.3	--	45	77850	买盘
10:24:12	17.3	--	17	29410	买盘
10:24:09	17.3	--	82	141860	卖盘
10:23:57	17.3	0.02	41	70930	买盘
10:23:54	17.28	-0.02	35	60480	卖盘
10:23:51	17.3	0.01	340	588200	买盘
10:23:48	17.29	--	15	25935	买盘
10:22:57	17.29	--	12	20748	买盘
10:22:45	17.29	--	10	17290	买盘
10:22:42	17.29	0.01	20	34580	买盘
10:22:39	17.28	--	50	86400	卖盘
10:22:27	17.28	--	27	46656	卖盘
10:22:09	17.28	0.01	8	13824	买盘
10:22:06	17.27	-0.01	4	6908	卖盘
10:21:39	17.28	--	2	3456	买盘
10:21:33	17.28	--	5	8640	买盘
10:21:27	17.28	0.01	8	13824	买盘
10:21:24	17.27	--	11	18997	买盘
10:21:18	17.27	0.02	5	8635	中性盘
10:21:06	17.25	-0.03	6	10350	卖盘
10:21:03	17.28	0.02	215	371520	买盘
10:21:00	17.26	--	10	17260	买盘
10:20:57	17.26	0.01	3	5178	买盘
10:20:51	17.25	-0.01	34	58650	卖盘
10:20:48	17.26	0.01	11	18986	买盘
10:20:39	17.25	-0.01	50	86250	卖盘
10:20:21	17.26	0.01	1	1726	买盘
10:20:06	17.25	-0.01	15	25875	卖盘
10:20:00	17.26	--	2	3452	买盘
10:19:57	17.26	--	13	22438	买盘
10:19:54	17.26	--	9	15534	卖盘
10:19:42	17.26	-0.01	100	172600	卖盘
10:19:39	17.27	--	10	17270	买盘
10:19:27	17.27	-0.01	30	51810	卖盘
10:19:06	17.28	--	1	1728	买盘
10:19:03	17.28	--	231	399168	卖盘
10:19:00	17.28	--	146	252288	卖盘
10:18:57	17.28	-0.01	50	86400	卖盘
10:18:45	17.29	--	2	3458	买盘
10:18:15	17.29	--	24	41496	买盘
10:18:12	17.29	--	20	34580	买盘
10:18:06	17.29	-0.01	15	25935	中性盘
10:17:18	17.3	--	21	36330	买盘
10:17:15	17.3	0.02	7	12110	买盘
10:17:00	17.28	--	7	12096	卖盘
10:16:27	17.28	-0.02	150	259200	卖盘
10:16:03	17.3	--	13	22490	买盘
10:16:00	17.3	--	10	17300	卖盘
10:15:57	17.3	-0.02	50	86500	卖盘
10:15:15	17.32	--	8	13856	卖盘
10:14:57	17.32	--	21	36372	买盘
10:14:24	17.32	0.01	50	86600	买盘
10:14:18	17.31	0.01	2	3461	买盘
10:14:15	17.3	-0.01	5	8650	卖盘
10:14:09	17.31	0.01	30	51929	买盘
10:14:03	17.3	--	2	3460	买盘
10:14:00	17.3	--	4	6920	买盘
10:13:57	17.3	--	10	17300	买盘
10:13:54	17.3	--	1	1730	买盘
10:13:45	17.3	--	33	57090	买盘
10:13:27	17.3	0.02	10	17300	买盘
10:13:18	17.28	-0.01	67	115776	卖盘
10:13:06	17.29	--	30	51870	买盘
10:13:00	17.29	0.01	2	3458	买盘
10:12:45	17.28	-0.01	6	10368	卖盘
10:12:42	17.29	--	2	3458	买盘
10:12:33	17.29	--	5	8645	买盘
10:12:30	17.29	0.01	65	112385	买盘
10:12:15	17.28	--	11	19008	买盘
10:12:06	17.28	0.01	15	25920	买盘
10:11:54	17.27	--	35	60445	买盘
10:11:48	17.27	0.01	20	34540	中性盘
10:11:39	17.26	-0.01	20	34520	卖盘
10:11:36	17.27	--	1	1727	买盘
10:11:33	17.27	0.01	8	13816	买盘
10:11:30	17.26	-0.01	67	115642	卖盘
10:11:15	17.27	0.01	10	17270	买盘
10:11:03	17.26	-0.01	21	36246	卖盘
10:10:54	17.27	--	20	34540	买盘
10:10:42	17.27	0.01	4	6908	买盘
10:10:39	17.26	-0.01	41	70766	卖盘
10:10:27	17.27	--	13	22451	买盘
10:10:21	17.27	-0.01	96	165792	卖盘
10:10:12	17.28	--	10	17280	买盘
10:10:03	17.28	--	3	5184	买盘
10:09:39	17.28	--	3	5184	卖盘
10:09:21	17.28	--	2	3456	卖盘
10:09:18	17.28	-0.01	2	3456	卖盘
10:09:12	17.29	0.01	3	5187	买盘
10:08:39	17.28	0.01	9	15552	卖盘
10:08:27	17.27	--	5	8635	卖盘
10:08:12	17.27	-0.02	1	1727	卖盘
10:08:00	17.29	--	100	172900	买盘
10:07:51	17.29	0.02	1	1729	买盘
10:07:48	17.27	-0.01	12	20724	卖盘
10:07:36	17.28	--	4	6912	卖盘
10:07:30	17.28	--	1	1728	买盘
10:07:15	17.28	-0.01	25	43200	卖盘
10:06:54	17.29	0.01	37	63973	买盘
10:06:39	17.28	--	21	36288	卖盘
10:06:18	17.28	-0.01	50	86400	卖盘
10:06:15	17.29	--	6	10374	卖盘
10:06:00	17.29	--	2	3458	卖盘
10:05:45	17.29	--	3	5187	卖盘
10:05:39	17.29	--	5	8645	卖盘
10:05:27	17.29	-0.01	15	25935	中性盘
10:04:24	17.3	--	30	51900	买盘
10:03:39	17.3	--	13	22490	买盘
10:03:36	17.3	0.01	17	29410	买盘
10:03:33	17.29	--	5	8645	卖盘
10:03:03	17.29	0.01	13	22477	买盘
10:02:48	17.28	--	17	29376	买盘
10:02:45	17.28	--	3	5184	买盘
10:02:27	17.28	--	28	48384	卖盘
10:01:30	17.28	-0.01	6	10368	卖盘
10:00:33	17.29	-0.01	67	115843	卖盘
10:00:27	17.3	0.01	20	34600	买盘
10:00:21	17.29	-0.01	23	39767	卖盘
10:00:03	17.3	--	1	1730	买盘
09:59:45	17.3	--	1	1730	买盘
09:59:42	17.3	--	27	46710	卖盘
09:59:39	17.3	-0.01	50	86500	卖盘
09:59:30	17.31	--	15	25964	买盘
09:59:24	17.31	--	1	1730	买盘
09:59:21	17.31	-0.01	12	20772	卖盘
09:59:00	17.32	--	5	8660	买盘
09:58:57	17.32	-0.01	14	24248	卖盘
09:58:12	17.33	0.01	6	10397	买盘
09:58:09	17.32	-0.01	3	5196	中性盘
09:57:45	17.33	0.03	14	24261	买盘
09:57:24	17.3	-0.03	56	96880	卖盘
09:57:09	17.33	--	1	1732	买盘
09:57:00	17.33	--	5	8665	买盘
09:56:27	17.33	--	10	17330	买盘
09:56:18	17.33	0.03	4	6931	中性盘
09:56:06	17.3	--	36	62280	卖盘
09:55:54	17.3	0.01	50	86500	买盘
09:55:45	17.29	--	31	53599	买盘
09:55:24	17.29	0.01	2	3458	买盘
09:55:18	17.28	-0.01	5	8640	卖盘
09:55:09	17.29	0.01	2	3458	买盘
09:54:42	17.28	--	20	34560	卖盘
09:54:36	17.28	--	101	174528	卖盘
09:54:30	17.28	-0.01	50	86400	卖盘
09:54:06	17.29	--	20	34580	买盘
09:53:42	17.29	--	50	86450	买盘
09:53:39	17.29	0.01	5	8645	买盘
09:53:36	17.28	--	10	17280	卖盘
09:52:45	17.28	--	10	17280	卖盘
09:52:24	17.28	0.01	45	77760	卖盘
09:51:48	17.27	-0.02	283	488741	卖盘
09:51:24	17.29	--	15	25935	买盘
09:51:21	17.29	0.01	23	39767	买盘
09:51:18	17.28	-0.01	2	3456	卖盘
09:51:12	17.29	0.01	10	17290	买盘
09:50:57	17.28	-0.01	38	65664	卖盘
09:50:39	17.29	--	16	27664	买盘
09:50:30	17.29	0.01	6	10374	买盘
09:50:18	17.28	0.01	14	24192	中性盘
09:49:45	17.27	--	20	34540	卖盘
09:49:39	17.27	--	7	12089	卖盘
09:49:36	17.27	--	22	37994	卖盘
09:49:21	17.27	--	6	10362	卖盘
09:49:12	17.27	--	4	6908	卖盘
09:48:57	17.27	--	10	17270	卖盘
09:48:42	17.27	--	2	3454	买盘
09:48:39	17.27	--	51	88077	买盘
09:48:33	17.27	0.01	40	69080	买盘
09:48:30	17.26	-0.01	40	69040	卖盘
09:48:15	17.27	-0.01	187	322949	卖盘
09:48:09	17.28	--	4	6912	买盘
09:48:00	17.28	-0.01	26	44928	卖盘
09:47:57	17.29	--	10	17290	买盘
09:47:51	17.29	--	3	5187	买盘
09:47:42	17.29	--	5	8645	买盘
09:47:36	17.29	--	5	8645	买盘
09:47:27	17.29	0.02	10	17290	买盘
09:47:18	17.27	--	2	3454	买盘
09:47:12	17.27	0.01	70	120890	买盘
09:47:09	17.26	-0.01	30	51780	卖盘
09:47:06	17.27	--	1	1727	买盘
09:47:03	17.27	--	6	10362	买盘
09:47:00	17.27	--	7	12089	买盘
09:46:57	17.27	--	6	10362	买盘
09:46:51	17.27	--	6	10362	买盘
09:46:45	17.27	--	27	46629	买盘
09:46:42	17.27	--	1	1727	买盘
09:46:39	17.27	--	7	12089	买盘
09:46:33	17.27	0.01	6	10362	买盘
09:46:24	17.26	--	6	10356	买盘
09:46:21	17.26	--	2	3452	买盘
09:46:18	17.26	0.01	5	8630	买盘
09:46:15	17.25	-0.01	47	81075	卖盘
09:46:12	17.26	0.01	4	6904	买盘
09:46:03	17.25	-0.01	19	32775	卖盘
09:46:00	17.26	0.03	10	17260	中性盘
09:45:36	17.23	-0.04	5	8615	中性盘
09:45:27	17.27	-0.01	10	17270	中性盘
09:45:24	17.28	0.01	35	60480	买盘
09:45:21	17.27	0.07	1	1727	买盘
09:45:06	17.2	-0.07	110	189200	卖盘
09:45:03	17.27	-0.01	29	50083	卖盘
09:45:00	17.28	--	20	34560	买盘
09:44:54	17.28	--	31	53568	卖盘
09:44:51	17.28	-0.01	12	20736	卖盘
09:44:45	17.29	--	206	356174	买盘
09:44:42	17.29	--	4	6916	买盘
09:44:36	17.29	-0.01	80	138320	卖盘
09:44:33	17.3	--	3	5190	买盘
09:44:30	17.3	--	10	17300	买盘
09:44:27	17.3	--	5	8650	中性盘
09:44:21	17.3	-0.01	210	363300	卖盘
09:44:18	17.31	--	81	140211	买盘
09:44:15	17.31	--	1	1730	买盘
09:44:06	17.31	-0.01	182	315042	卖盘
09:43:51	17.32	--	2	3464	卖盘
09:43:42	17.32	-0.01	66	114312	卖盘
09:43:39	17.33	0.01	5	8665	买盘
09:43:36	17.32	--	6	10392	卖盘
09:43:24	17.32	--	6	10392	卖盘
09:43:21	17.32	--	4	6928	卖盘
09:43:18	17.32	-0.01	87	150684	卖盘
09:43:12	17.33	--	53	91848	买盘
09:43:09	17.33	0.01	5	8665	买盘
09:43:06	17.32	--	20	34640	卖盘
09:43:03	17.32	-0.01	91	157612	卖盘
09:43:00	17.33	0.01	10	17330	买盘
09:42:45	17.32	-0.02	123	213036	卖盘
09:42:33	17.34	--	86	149124	买盘
09:42:24	17.34	--	1	1734	买盘
09:42:18	17.34	-0.01	61	106641	卖盘
09:42:00	17.35	--	1	1735	买盘
09:41:54	17.35	--	40	69400	买盘
09:41:51	17.35	-0.02	18	31230	卖盘
09:41:45	17.37	--	1	1737	买盘
09:41:12	17.37	--	52	90324	买盘
09:41:00	17.37	--	23	39951	卖盘
09:40:48	17.37	--	13	22581	卖盘
09:40:45	17.37	--	7	12159	卖盘
09:40:24	17.37	0.01	17	29529	买盘
09:40:09	17.36	--	29	50344	买盘
09:40:06	17.36	-0.01	25	43400	卖盘
09:39:48	17.37	--	2	3474	买盘
09:39:45	17.37	-0.01	39	67743	卖盘
09:39:30	17.38	0.01	4	6952	中性盘
09:38:39	17.37	--	4	6948	卖盘
09:38:24	17.37	--	63	109431	买盘
09:38:15	17.37	--	9	15633	买盘
09:38:00	17.37	0.03	1	1737	买盘
09:37:57	17.34	-0.03	12	21675	中性盘
09:37:45	17.37	0.03	233	404721	买盘
09:37:42	17.34	--	25	43350	买盘
09:37:39	17.34	--	5	8670	买盘
09:37:36	17.34	--	10	17340	买盘
09:37:33	17.34	--	15	26010	买盘
09:37:27	17.34	--	9	15606	买盘
09:37:24	17.34	0.01	6	10404	中性盘
09:37:15	17.33	-0.01	13	22528	卖盘
09:37:12	17.34	-0.01	13	22542	中性盘
09:37:03	17.35	0.01	20	34700	买盘
09:37:00	17.34	-0.01	13	22542	卖盘
09:36:57	17.35	--	20	34700	买盘
09:36:54	17.35	--	122	211670	买盘
09:36:51	17.35	--	9	15615	买盘
09:36:45	17.35	--	13	22555	买盘
09:36:42	17.35	--	24	41640	买盘
09:36:39	17.35	--	101	175235	买盘
09:36:30	17.35	0.01	2	3470	买盘
09:36:27	17.34	-0.01	9	15606	卖盘
09:36:21	17.35	--	54	93690	卖盘
09:36:12	17.35	--	49	85015	买盘
09:36:06	17.35	--	1	1735	买盘
09:36:03	17.35	0.02	1	1735	买盘
09:35:54	17.33	-0.02	3	5198	中性盘
09:35:36	17.35	0.03	10	17350	买盘
09:35:30	17.32	--	19	32908	卖盘
09:35:27	17.32	-0.03	11	19052	卖盘
09:35:18	17.35	--	22	38170	买盘
09:35:12	17.35	--	4	6940	买盘
09:35:03	17.35	--	6	10410	买盘
09:35:00	17.35	--	2	3470	买盘
09:34:54	17.35	--	10	17350	买盘
09:34:51	17.35	0.01	46	79810	买盘
09:34:48	17.34	-0.01	19	32946	卖盘
09:34:45	17.35	--	4	6940	买盘
09:34:39	17.35	-0.02	17	29495	卖盘
09:34:36	17.37	--	1	1737	买盘
09:34:27	17.37	--	2	3474	卖盘
09:34:18	17.37	--	102	177174	买盘
09:34:15	17.37	--	1	1737	买盘
09:34:12	17.37	0.02	12	20844	买盘
09:34:09	17.35	-0.02	108	187380	卖盘
09:34:00	17.37	0.01	30	52110	中性盘
09:33:51	17.36	-0.02	100	173600	卖盘
09:33:48	17.38	--	4	6952	中性盘
09:33:21	17.38	-0.01	86	149468	卖盘
09:33:09	17.39	-0.01	15	26085	卖盘
09:33:03	17.4	-0.04	8	13919	中性盘
09:32:42	17.44	-0.01	8	13952	买盘
09:32:39	17.45	--	10	17450	买盘
09:32:30	17.45	--	94	164030	买盘
09:32:06	17.45	0.08	1	1745	买盘
09:32:00	17.37	-0.08	60	104220	卖盘
09:31:45	17.45	0.1	40	69800	中性盘
09:31:15	17.35	--	5	8675	卖盘
09:31:09	17.35	--	117	202995	卖盘
09:31:06	17.35	--	5	8675	卖盘
09:30:57	17.35	--	2	3470	卖盘
09:30:48	17.35	-0.03	186	322710	卖盘
09:30:36	17.38	-0.01	16	27808	卖盘
09:30:06	17.39	-0.05	55	95645	卖盘
09:30:03	17.44	0.05	3	5232	买盘
09:30:00	17.39	--	0	0	卖盘
09:25:03	17.39	17.39	10	17390	买盘
