成交时间	成交价	价格变动	成交量(手)	成交额(元)	性质
15:00:03	17.38	0.01	1674	2909412	买盘
14:57:00	17.37	--	41	71217	买盘
14:56:57	17.37	--	8	13896	卖盘
14:56:54	17.37	--	10	17370	卖盘
14:56:51	17.37	--	12	20844	买盘
14:56:48	17.37	--	9	15633	买盘
14:56:42	17.37	0.01	20	34740	买盘
14:56:39	17.36	--	2	3472	卖盘
14:56:36	17.36	-0.01	39	67704	卖盘
14:56:33	17.37	--	1	1737	买盘
14:56:30	17.37	-0.01	11	19107	中性盘
14:56:24	17.38	--	69	119922	买盘
14:56:21	17.38	0.01	36	62568	买盘
14:56:15	17.37	--	3	5211	买盘
14:56:12	17.37	--	3	5211	买盘
14:56:09	17.37	--	2	3474	买盘
14:56:06	17.37	--	8	13896	买盘
14:56:03	17.37	--	7	12159	买盘
14:56:00	17.37	-0.01	32	55584	卖盘
14:55:57	17.38	--	3	5214	买盘
14:55:54	17.38	0.01	94	163372	买盘
14:55:51	17.37	--	7	12159	卖盘
14:55:45	17.37	-0.01	4	6948	卖盘
14:55:42	17.38	0.01	3	5214	买盘
14:55:39	17.37	-0.01	10	17370	卖盘
14:55:36	17.38	-0.01	8	13904	买盘
14:55:33	17.39	0.04	103	179117	买盘
14:55:30	17.35	-0.01	104	180440	卖盘
14:55:27	17.36	--	2	3472	卖盘
14:55:24	17.36	--	54	93744	买盘
14:55:18	17.36	-0.01	40	69440	买盘
14:55:15	17.37	-0.01	106	184122	卖盘
14:55:12	17.38	--	50	86900	卖盘
14:55:09	17.38	--	32	55616	卖盘
14:55:06	17.38	--	95	165110	卖盘
14:55:03	17.38	0.02	350	608300	买盘
14:54:54	17.36	0.01	18	32289	买盘
14:54:51	17.35	-0.02	60	104100	卖盘
14:54:48	17.37	--	1	2431	卖盘
14:54:45	17.37	0.02	80	140002	买盘
14:54:42	17.35	--	62	107570	卖盘
14:54:39	17.35	--	27	46845	卖盘
14:54:36	17.35	-0.02	28	48580	卖盘
14:54:30	17.37	0.01	15	26055	买盘
14:54:27	17.36	--	19	32984	卖盘
14:54:24	17.36	-0.01	49	85064	卖盘
14:54:21	17.37	0.01	60	104220	买盘
14:54:18	17.36	0.01	147	255192	买盘
14:54:15	17.35	--	5	8675	卖盘
14:54:09	17.35	--	152	263720	卖盘
14:54:06	17.35	--	90	156497	买盘
14:54:03	17.35	0.01	20	34700	买盘
14:53:54	17.34	--	7	12138	卖盘
14:53:48	17.34	--	70	121380	买盘
14:53:45	17.34	0.01	92	159528	买盘
14:53:36	17.33	--	8	13863	卖盘
14:53:33	17.33	0.02	124	214891	买盘
14:53:30	17.31	-0.01	8	13847	卖盘
14:53:27	17.32	0.01	42	72744	买盘
14:53:24	17.31	-0.01	20	34620	卖盘
14:53:18	17.32	0.01	5	8660	买盘
14:53:15	17.31	--	50	86550	卖盘
14:53:12	17.31	-0.01	1	1730	卖盘
14:53:09	17.32	0.01	6	10392	买盘
14:53:06	17.31	0.01	201	347931	买盘
14:53:03	17.3	--	18	31140	卖盘
14:53:00	17.3	--	12	20760	卖盘
14:52:57	17.3	--	17	29410	卖盘
14:52:54	17.3	--	5	8650	卖盘
14:52:51	17.3	--	294	508620	买盘
14:52:45	17.3	0.01	43	74390	买盘
14:52:42	17.29	--	18	31122	卖盘
14:52:39	17.29	-0.01	77	133133	卖盘
14:52:36	17.3	--	17	29410	买盘
14:52:33	17.3	0.01	22	38060	买盘
14:52:30	17.29	--	5	8645	卖盘
14:52:27	17.29	--	85	146965	卖盘
14:52:21	17.29	-0.01	8	13832	中性盘
14:52:18	17.3	0.01	186	321780	买盘
14:52:15	17.29	--	21	36309	卖盘
14:52:12	17.29	-0.01	30	51870	中性盘
14:52:06	17.3	0.02	13	22490	买盘
14:52:03	17.28	-0.01	54	93312	卖盘
14:52:00	17.29	--	2	3458	卖盘
14:51:57	17.29	--	4	6916	卖盘
14:51:45	17.29	--	30	51870	卖盘
14:51:39	17.29	-0.02	120	207480	卖盘
14:51:33	17.31	0.01	3	5193	买盘
14:51:30	17.3	--	48	83040	卖盘
14:51:27	17.3	-0.01	20	34600	卖盘
14:51:24	17.31	0.01	56	98009	买盘
14:51:15	17.3	--	24	41520	卖盘
14:51:12	17.3	--	12	20760	卖盘
14:51:09	17.3	--	6	10380	卖盘
14:51:00	17.3	--	10	17300	卖盘
14:50:57	17.3	--	60	103800	卖盘
14:50:54	17.3	-0.01	11	20068	卖盘
14:50:51	17.31	0.01	25	43275	买盘
14:50:48	17.3	-0.01	10	17300	卖盘
14:50:39	17.31	-0.02	139	240608	卖盘
14:50:33	17.33	--	10	17330	卖盘
14:50:30	17.33	-0.01	5	8665	卖盘
14:50:21	17.34	0.01	10	17340	买盘
14:50:18	17.33	--	4	6931	卖盘
14:50:09	17.33	0.01	13	22528	买盘
14:50:06	17.32	--	10	17320	卖盘
14:50:00	17.32	--	2	3464	买盘
14:49:57	17.32	0.02	3	5196	买盘
14:49:51	17.3	--	4	6920	卖盘
14:49:48	17.3	--	30	51900	卖盘
14:49:45	17.3	0.01	398	688540	买盘
14:49:39	17.29	-0.01	30	51870	卖盘
14:49:33	17.3	0.01	61	105530	买盘
14:49:21	17.29	--	17	29393	卖盘
14:49:15	17.29	--	11	19019	买盘
14:49:12	17.29	--	19	32851	买盘
14:49:09	17.29	--	37	63973	买盘
14:49:06	17.29	--	2	3458	买盘
14:49:03	17.29	--	81	140049	买盘
14:48:57	17.29	--	13	22477	买盘
14:48:54	17.29	-0.02	38	65702	卖盘
14:48:48	17.31	0.01	3	5193	买盘
14:48:45	17.3	--	4	6920	卖盘
14:48:42	17.3	--	4	6920	卖盘
14:48:39	17.3	0.02	5	8650	买盘
14:48:36	17.28	-0.02	44	76032	卖盘
14:48:33	17.3	--	46	79580	买盘
14:48:24	17.3	0.02	5	8650	买盘
14:48:21	17.28	-0.01	29	50112	卖盘
14:48:15	17.29	--	12	20748	卖盘
14:48:12	17.29	0.01	21	37000	买盘
14:48:09	17.28	0.01	31	53568	买盘
14:48:06	17.27	-0.01	10	17270	卖盘
14:48:03	17.28	0.01	10	17280	中性盘
14:48:00	17.27	-0.01	112	194805	卖盘
14:47:54	17.28	--	7	12096	买盘
14:47:51	17.28	--	16	27648	买盘
14:47:48	17.28	--	35	60480	买盘
14:47:45	17.28	--	10	17280	买盘
14:47:42	17.28	--	10	17280	买盘
14:47:39	17.28	--	10	17280	买盘
14:47:30	17.28	0.01	30	51840	买盘
14:47:27	17.27	-0.01	3	5181	中性盘
14:47:24	17.28	--	5	8640	买盘
14:47:21	17.28	0.02	95	164160	买盘
14:47:18	17.26	--	35	60410	卖盘
14:47:15	17.26	--	16	27616	卖盘
14:47:12	17.26	--	13	22438	卖盘
14:47:09	17.26	0.01	286	494826	买盘
14:47:06	17.25	-0.01	53	92805	卖盘
14:47:03	17.26	--	41	70766	买盘
14:47:00	17.26	--	31	53506	买盘
14:46:57	17.26	-0.02	18	31068	卖盘
14:46:54	17.28	0.02	15	25920	买盘
14:46:51	17.26	--	38	65588	卖盘
14:46:48	17.26	-0.02	2	3452	卖盘
14:46:36	17.28	-0.02	193	333504	卖盘
14:46:30	17.3	-0.01	34	58820	中性盘
14:46:21	17.31	-0.01	7	12117	中性盘
14:46:06	17.32	--	58	100854	卖盘
14:46:03	17.32	--	4	6928	卖盘
14:46:00	17.32	--	1	1732	卖盘
14:45:57	17.32	-0.01	439	760348	卖盘
14:45:54	17.33	0.01	15	25994	买盘
14:45:51	17.32	--	3	5196	卖盘
14:45:42	17.32	-0.01	30	51960	卖盘
14:45:39	17.33	--	63	109178	卖盘
14:45:30	17.33	-0.01	10	17330	卖盘
14:45:21	17.34	-0.01	65	113056	卖盘
14:45:18	17.35	0.01	5	8675	买盘
14:45:15	17.34	--	10	17340	卖盘
14:45:09	17.34	--	6	10404	卖盘
14:44:54	17.34	-0.01	55	95370	卖盘
14:44:51	17.35	0.01	1	1735	买盘
14:44:45	17.34	-0.01	3	5202	卖盘
14:44:42	17.35	0.01	16	27760	买盘
14:44:39	17.34	--	1	1734	卖盘
14:44:33	17.34	--	5	8670	卖盘
14:44:27	17.34	--	13	22542	卖盘
14:44:24	17.34	0.01	461	800761	买盘
14:44:21	17.33	--	4	7278	卖盘
14:44:18	17.33	0.01	19	34313	买盘
14:44:15	17.32	--	42	72744	卖盘
14:44:09	17.32	-0.01	13	23901	卖盘
14:44:06	17.33	--	77	133441	买盘
14:44:00	17.33	0.01	5	8665	买盘
14:43:57	17.32	--	16	27712	卖盘
14:43:54	17.32	--	6	10392	卖盘
14:43:51	17.32	--	70	121240	卖盘
14:43:48	17.32	--	23	39836	卖盘
14:43:45	17.32	--	10	17320	卖盘
14:43:42	17.32	-0.01	51	88332	卖盘
14:43:39	17.33	0.01	14	24261	买盘
14:43:36	17.32	-0.01	5	8660	卖盘
14:43:27	17.33	--	23	40205	卖盘
14:43:24	17.33	-0.01	17	29460	卖盘
14:43:15	17.34	--	42	72828	买盘
14:43:12	17.34	0.01	33	57222	卖盘
14:43:00	17.33	-0.01	19	32927	卖盘
14:42:45	17.34	--	12	22195	买盘
14:42:42	17.34	-0.01	37	64504	卖盘
14:42:39	17.35	--	35	60725	卖盘
14:42:36	17.35	--	10	17350	卖盘
14:42:33	17.35	--	50	86750	卖盘
14:42:27	17.35	--	15	26025	卖盘
14:42:24	17.35	-0.01	69	119715	卖盘
14:42:21	17.36	--	23	39928	买盘
14:42:18	17.36	--	7	12152	买盘
14:42:15	17.36	--	4	6944	买盘
14:42:12	17.36	-0.01	287	498579	卖盘
14:42:09	17.37	--	1	1737	买盘
14:42:06	17.37	--	128	222336	买盘
14:41:54	17.37	--	36	62532	买盘
14:41:51	17.37	--	2	3474	卖盘
14:41:48	17.37	-0.01	8	13896	卖盘
14:41:45	17.38	0.01	13	22594	买盘
14:41:42	17.37	--	4	6948	卖盘
14:41:36	17.37	--	1	1737	卖盘
14:41:27	17.37	-0.01	100	173700	卖盘
14:41:24	17.38	0.01	20	34760	买盘
14:41:21	17.37	0.01	5	8685	卖盘
14:41:15	17.36	-0.01	392	680512	卖盘
14:41:12	17.37	--	19	33003	买盘
14:41:09	17.37	--	29	50373	卖盘
14:41:00	17.37	--	13	22581	卖盘
14:40:48	17.37	0.01	74	128538	买盘
14:40:45	17.36	--	51	88536	卖盘
14:40:42	17.36	-0.01	10	17360	卖盘
14:40:39	17.37	--	114	198018	买盘
14:40:30	17.37	0.01	50	86850	买盘
14:40:21	17.36	-0.01	3	5208	卖盘
14:40:18	17.37	0.01	30	52110	买盘
14:40:12	17.36	--	10	17360	卖盘
14:40:09	17.36	-0.01	27	46872	卖盘
14:40:06	17.37	--	20	34740	买盘
14:40:03	17.37	--	10	17370	买盘
14:39:57	17.37	--	22	38214	卖盘
14:39:54	17.37	--	6	10422	卖盘
14:39:48	17.37	0.01	69	119853	卖盘
14:39:45	17.36	-0.01	62	109020	卖盘
14:39:39	17.37	--	0	347	卖盘
14:39:36	17.37	--	9	17022	买盘
14:39:30	17.37	-0.01	44	76775	卖盘
14:39:27	17.38	-0.01	48	83424	卖盘
14:39:18	17.39	0.01	25	43475	中性盘
14:39:06	17.38	-0.02	1	1738	卖盘
14:38:54	17.4	0.02	28	48719	买盘
14:38:51	17.38	-0.02	149	258961	卖盘
14:38:45	17.4	--	60	104747	卖盘
14:38:39	17.4	-0.01	5	8700	卖盘
14:38:30	17.41	0.01	40	69640	买盘
14:38:27	17.4	--	1	1739	卖盘
14:38:18	17.4	-0.01	15	26099	卖盘
14:38:09	17.41	--	108	188028	卖盘
14:37:45	17.41	--	40	69640	卖盘
14:37:39	17.41	--	5	8705	卖盘
14:37:36	17.41	-0.01	9	15669	卖盘
14:37:33	17.42	0.01	120	209040	买盘
14:37:27	17.41	-0.01	30	52230	卖盘
14:37:15	17.42	--	7	13239	卖盘
14:37:12	17.42	--	28	48776	卖盘
14:37:09	17.42	-0.02	102	177684	卖盘
14:37:03	17.44	0.02	16	27904	买盘
14:37:00	17.42	-0.01	15	26478	卖盘
14:36:51	17.43	-0.01	70	122010	中性盘
14:36:48	17.44	0.01	15	26160	买盘
14:36:45	17.43	--	4	6972	卖盘
14:36:42	17.43	--	4	6972	卖盘
14:36:33	17.43	0.01	78	135954	买盘
14:36:21	17.42	--	1	1742	卖盘
14:36:09	17.42	--	41	71422	卖盘
14:36:06	17.42	--	30	52260	卖盘
14:36:03	17.42	0.01	63	110094	买盘
14:35:57	17.41	-0.01	7	12187	买盘
14:35:54	17.42	0.01	30	52260	买盘
14:35:51	17.41	--	24	41784	卖盘
14:35:45	17.41	--	23	40043	卖盘
14:35:33	17.41	0.01	52	90532	中性盘
14:35:12	17.4	--	1	1739	卖盘
14:35:00	17.4	-0.02	5	8700	卖盘
14:34:57	17.42	0.02	22	38324	买盘
14:34:18	17.4	--	2	3479	卖盘
14:34:15	17.4	--	1	1739	卖盘
14:34:09	17.4	--	8	15311	买盘
14:34:06	17.4	--	19	33408	卖盘
14:34:03	17.4	--	0	1392	买盘
14:34:00	17.4	--	64	111359	买盘
14:33:48	17.4	--	21	36540	买盘
14:33:45	17.4	0.01	3	5220	买盘
14:33:42	17.39	-0.01	1	1739	卖盘
14:33:39	17.4	0.01	50	87000	买盘
14:33:30	17.39	--	20	34780	卖盘
14:33:27	17.39	-0.01	3	5217	卖盘
14:33:21	17.4	0.01	5	8700	买盘
14:33:15	17.39	-0.01	1	1739	卖盘
14:33:09	17.4	0.01	35	60899	买盘
14:33:03	17.39	0.02	10	17390	中性盘
14:33:00	17.37	-0.02	88	152856	卖盘
14:32:54	17.39	--	71	124860	买盘
14:32:48	17.39	0.02	2	3478	买盘
14:32:45	17.37	--	155	269235	卖盘
14:32:42	17.37	--	25	43425	卖盘
14:32:33	17.37	0.01	109	189333	买盘
14:32:18	17.36	0.01	4	6944	买盘
14:32:15	17.35	--	1	1735	卖盘
14:32:12	17.35	--	10	17350	卖盘
14:32:09	17.35	-0.01	52	90220	卖盘
14:32:00	17.36	0.01	1	1736	中性盘
14:31:51	17.35	-0.01	70	121450	卖盘
14:31:48	17.36	--	3	5208	卖盘
14:31:45	17.36	-0.01	50	86800	卖盘
14:31:42	17.37	0.01	7	12159	买盘
14:31:39	17.36	-0.01	15	26040	卖盘
14:31:36	17.37	0.01	75	130275	买盘
14:31:30	17.36	--	2	4166	卖盘
14:31:27	17.36	-0.01	2	3472	卖盘
14:31:24	17.37	--	1	1737	买盘
14:31:21	17.37	--	63	109431	卖盘
14:31:06	17.37	-0.02	10	17370	卖盘
14:31:00	17.39	0.01	46	79994	买盘
14:30:57	17.38	-0.01	21	36498	卖盘
14:30:51	17.39	--	16	27824	买盘
14:30:42	17.39	0.01	2	3478	买盘
14:30:39	17.38	--	20	36150	卖盘
14:30:30	17.38	--	33	57354	卖盘
14:30:27	17.38	-0.02	2	3823	卖盘
14:30:12	17.4	0.01	20	34800	买盘
14:30:09	17.39	-0.01	4	6956	卖盘
14:29:57	17.4	--	20	34800	买盘
14:29:36	17.4	0.01	35	60899	买盘
14:29:33	17.39	-0.01	45	78255	卖盘
14:29:24	17.4	--	55	95699	卖盘
14:29:18	17.4	-0.02	6	10440	卖盘
14:29:15	17.42	--	0	1045	卖盘
14:29:12	17.42	0.01	49	86054	买盘
14:29:00	17.41	-0.01	5	9749	卖盘
14:28:54	17.42	0.01	10	17420	买盘
14:28:39	17.41	--	2	3482	卖盘
14:28:24	17.41	-0.01	3	5223	卖盘
14:28:03	17.42	--	2	3484	卖盘
14:27:57	17.42	--	433	754286	中性盘
14:27:12	17.42	0.01	10	17420	买盘
14:27:09	17.41	-0.02	2	3482	卖盘
14:27:00	17.43	0.02	9	15687	买盘
14:26:54	17.41	-0.02	14	24374	卖盘
14:26:48	17.43	0.02	5	8715	买盘
14:26:42	17.41	-0.01	116	201956	卖盘
14:26:39	17.42	--	4	7664	买盘
14:26:24	17.42	--	2	4529	卖盘
14:26:15	17.42	--	7	12194	卖盘
14:26:12	17.42	--	69	120198	卖盘
14:26:06	17.42	--	41	71422	卖盘
14:25:45	17.42	-0.01	1	1742	卖盘
14:25:27	17.43	--	3	5229	卖盘
14:25:21	17.43	--	11	19173	卖盘
14:25:03	17.43	--	17	29631	卖盘
14:25:00	17.43	0.01	22	38346	买盘
14:24:54	17.42	--	10	17420	卖盘
14:24:45	17.42	--	84	147024	卖盘
14:24:39	17.42	--	50	87100	卖盘
14:24:36	17.42	0.01	29	50518	买盘
14:24:33	17.41	-0.01	12	20892	卖盘
14:24:24	17.42	--	3	5226	买盘
14:24:21	17.42	0.01	30	52260	买盘
14:24:12	17.41	--	122	212402	卖盘
14:24:06	17.41	0.01	102	177582	买盘
14:23:57	17.4	--	6	10440	卖盘
14:23:54	17.4	--	2	3479	买盘
14:23:45	17.4	--	5	8700	买盘
14:23:42	17.4	--	24	41760	卖盘
14:23:36	17.4	--	4	6959	卖盘
14:23:27	17.4	0.01	19	33060	买盘
14:23:06	17.39	--	9	15651	卖盘
14:23:03	17.39	--	113	196507	买盘
14:23:00	17.39	--	20	34780	买盘
14:22:54	17.39	0.01	7	12173	买盘
14:22:51	17.38	-0.01	12	20856	卖盘
14:22:45	17.39	--	6	10434	买盘
14:22:42	17.39	0.01	18	31302	买盘
14:22:39	17.38	-0.01	22	38236	卖盘
14:22:36	17.39	--	2	3478	买盘
14:22:30	17.39	0.01	33	57387	买盘
14:22:24	17.38	0.01	47	81686	买盘
14:22:21	17.37	--	26	45162	卖盘
14:22:18	17.37	-0.01	3	5211	卖盘
14:22:15	17.38	0.01	6	10428	买盘
14:22:12	17.37	-0.01	55	95535	卖盘
14:21:57	17.38	--	17	29546	卖盘
14:21:48	17.38	--	3	5214	卖盘
14:21:39	17.38	--	58	100804	卖盘
14:21:36	17.38	-0.02	57	99066	卖盘
14:21:27	17.4	0.02	10	17400	买盘
14:21:21	17.38	-0.01	6	10428	卖盘
14:21:18	17.39	-0.01	50	86950	卖盘
14:21:12	17.4	0.01	13	22619	买盘
14:21:09	17.39	-0.02	61	106079	卖盘
14:21:06	17.41	0.01	50	87050	买盘
14:21:03	17.4	-0.01	102	177480	卖盘
14:21:00	17.41	--	1	1741	买盘
14:20:57	17.41	0.01	10	17410	买盘
14:20:51	17.4	-0.01	12	20880	卖盘
14:20:48	17.41	--	42	74114	卖盘
14:20:42	17.41	--	489	852045	卖盘
14:20:39	17.41	--	24	41784	卖盘
14:20:36	17.41	--	157	273337	卖盘
14:20:33	17.41	--	40	69640	卖盘
14:20:30	17.41	--	114	198474	卖盘
14:20:24	17.41	--	3	5223	卖盘
14:20:21	17.41	--	44	76604	卖盘
14:20:06	17.41	--	4	6964	卖盘
14:20:00	17.41	--	300	522300	卖盘
14:19:57	17.41	--	35	60935	卖盘
14:19:54	17.41	-0.01	19	33079	卖盘
14:19:45	17.42	--	8	13936	买盘
14:19:42	17.42	0.01	10	17420	买盘
14:19:39	17.41	--	24	41784	卖盘
14:19:36	17.41	--	57	99237	卖盘
14:19:33	17.41	--	155	269855	卖盘
14:19:27	17.41	--	50	87050	卖盘
14:19:06	17.41	-0.01	5	8705	卖盘
14:19:03	17.42	--	8	13936	买盘
14:19:00	17.42	0.01	14	24388	买盘
14:18:57	17.41	-0.01	11	19151	卖盘
14:18:39	17.42	-0.01	175	304850	卖盘
14:18:33	17.43	--	73	127239	买盘
14:18:30	17.43	--	2	3486	买盘
14:18:24	17.43	--	75	130725	卖盘
14:18:21	17.43	-0.02	2	3486	卖盘
14:18:15	17.45	0.01	3	5235	买盘
14:18:12	17.44	--	5	8720	卖盘
14:18:00	17.44	--	6	10464	卖盘
14:17:57	17.44	-0.01	100	174400	卖盘
14:17:42	17.45	--	11	19195	买盘
14:17:30	17.45	--	34	59330	买盘
14:17:12	17.45	-0.01	59	102955	卖盘
14:16:57	17.46	0.01	2	3492	买盘
14:16:54	17.45	--	3	5235	卖盘
14:16:51	17.45	0.01	8	13960	买盘
14:16:42	17.44	--	3	5232	卖盘
14:16:36	17.44	--	5	8720	卖盘
14:16:24	17.44	--	10	17440	卖盘
14:16:12	17.44	--	1	1744	卖盘
14:16:09	17.44	-0.02	2	3488	卖盘
14:15:57	17.46	--	12	20952	买盘
14:15:33	17.46	--	11	19206	买盘
14:15:27	17.46	-0.01	7	12222	卖盘
14:15:21	17.47	0.01	10	17470	买盘
14:15:18	17.46	--	5	8730	卖盘
14:15:15	17.46	--	5	8730	卖盘
14:15:12	17.46	0.02	91	158886	买盘
14:15:06	17.44	-0.02	23	40112	卖盘
14:14:03	17.46	-0.01	8	13968	卖盘
14:14:00	17.47	0.01	4	6988	买盘
14:13:48	17.46	--	1	1746	卖盘
14:13:30	17.46	--	1	1746	卖盘
14:13:12	17.46	--	37	64602	卖盘
14:13:03	17.46	--	2	3492	卖盘
14:12:36	17.46	--	6	10476	卖盘
14:12:30	17.46	--	20	34920	卖盘
14:12:27	17.46	--	3	5238	卖盘
14:12:24	17.46	--	10	17460	卖盘
14:12:12	17.46	-0.01	2	3492	卖盘
14:12:09	17.47	--	14	24458	买盘
14:11:48	17.47	--	4	6988	卖盘
14:11:21	17.47	--	2	3494	卖盘
14:11:09	17.47	-0.01	4	6988	卖盘
14:10:51	17.48	--	46	80408	卖盘
14:10:42	17.48	--	25	43700	卖盘
14:10:39	17.48	--	1	1748	卖盘
14:10:36	17.48	--	10	17480	卖盘
14:10:30	17.48	--	4	6992	卖盘
14:10:27	17.48	--	5	8740	卖盘
14:10:24	17.48	--	70	122360	卖盘
14:10:21	17.48	--	1	1748	卖盘
14:10:18	17.48	--	2	3496	卖盘
14:10:15	17.48	--	7	12236	卖盘
14:10:12	17.48	--	13	22724	卖盘
14:10:09	17.48	--	8	13984	卖盘
14:10:03	17.48	--	18	31464	卖盘
14:09:57	17.48	0.02	253	442244	买盘
14:09:54	17.46	0.02	5	8730	买盘
14:09:51	17.44	--	1	1744	卖盘
14:09:45	17.44	-0.02	100	174400	卖盘
14:09:39	17.46	0.02	5	8730	买盘
14:09:36	17.44	-0.01	10	17440	卖盘
14:09:33	17.45	0.01	3	5235	中性盘
14:09:18	17.44	--	4	6976	买盘
14:09:12	17.44	-0.04	46	80224	卖盘
14:08:51	17.48	0.01	50	87400	买盘
14:08:36	17.47	0.03	60	104820	中性盘
14:07:48	17.44	--	188	327872	买盘
14:07:33	17.44	-0.03	632	1102208	卖盘
14:07:27	17.47	--	9	15722	卖盘
14:07:18	17.47	--	45	78615	卖盘
14:07:12	17.47	-0.01	20	34940	卖盘
14:07:03	17.48	--	17	29716	买盘
14:06:45	17.48	--	32	55936	买盘
14:06:42	17.48	--	20	34960	买盘
14:06:36	17.48	0.01	11	19228	买盘
14:06:27	17.47	-0.01	20	34940	中性盘
14:06:09	17.48	0.01	50	87400	买盘
14:05:57	17.47	0.01	3	5241	买盘
14:05:54	17.46	--	7	12222	卖盘
14:05:39	17.46	0.01	36	62856	买盘
14:05:36	17.45	-0.01	1	1745	卖盘
14:05:21	17.46	-0.02	166	289836	卖盘
14:05:15	17.48	-0.01	4	6992	中性盘
14:05:09	17.49	0.01	60	104939	买盘
14:05:06	17.48	--	9	15732	卖盘
14:05:00	17.48	--	3	5244	买盘
14:04:39	17.48	--	63	110124	买盘
14:04:33	17.48	--	40	69920	买盘
14:04:27	17.48	--	1	1748	买盘
14:04:15	17.48	--	28	48944	买盘
14:03:57	17.48	0.02	90	157320	买盘
14:03:42	17.46	-0.01	18	31428	卖盘
14:03:36	17.47	0.01	79	138013	买盘
14:03:27	17.46	0.01	6	10476	中性盘
14:03:21	17.45	-0.02	8	13960	卖盘
14:03:18	17.47	0.02	1	1747	买盘
14:02:51	17.45	-0.01	3	5235	卖盘
14:02:39	17.46	0.01	8	13968	买盘
14:02:33	17.45	-0.01	5	8725	卖盘
14:02:30	17.46	0.01	30	52380	买盘
14:02:27	17.45	--	20	34900	卖盘
14:02:18	17.45	0.01	11	19195	买盘
14:02:12	17.44	--	40	69760	卖盘
14:02:09	17.44	-0.01	2	3488	卖盘
14:02:03	17.45	0.01	10	17450	买盘
14:01:51	17.44	--	10	17440	卖盘
14:01:36	17.44	-0.01	5	8720	卖盘
14:01:24	17.45	--	1	1745	卖盘
14:01:06	17.45	--	100	174500	卖盘
14:01:00	17.45	--	5	8725	卖盘
14:00:48	17.45	-0.01	3	5235	卖盘
14:00:42	17.46	--	80	139680	买盘
14:00:12	17.46	--	3	5238	买盘
14:00:06	17.46	0.01	1	1746	买盘
14:00:00	17.45	-0.01	12	20940	卖盘
13:59:54	17.46	--	10	17460	买盘
13:59:51	17.46	--	10	17460	买盘
13:59:18	17.46	0.01	28	48888	买盘
13:59:12	17.45	--	31	54095	卖盘
13:59:06	17.45	0.01	26	45370	买盘
13:58:45	17.44	--	20	34880	卖盘
13:58:42	17.44	0.01	11	19184	买盘
13:58:36	17.43	--	19	33117	卖盘
13:58:30	17.43	--	10	17430	卖盘
13:58:24	17.43	--	21	36603	卖盘
13:58:15	17.43	0.01	13	22659	中性盘
13:58:09	17.42	-0.01	200	348400	卖盘
13:58:06	17.43	--	10	17430	卖盘
13:58:00	17.43	--	2	3486	卖盘
13:57:57	17.43	--	11	19173	卖盘
13:57:21	17.43	-0.03	100	174300	卖盘
13:57:00	17.46	0.02	60	104760	买盘
13:56:57	17.44	-0.01	100	174400	卖盘
13:56:48	17.45	-0.01	2	3490	卖盘
13:56:42	17.46	--	2	3492	卖盘
13:56:33	17.46	0.01	19	33174	中性盘
13:56:12	17.45	-0.02	300	523500	卖盘
13:56:06	17.47	--	9	15722	卖盘
13:56:03	17.47	0.01	42	73374	买盘
13:55:54	17.46	--	10	17460	卖盘
13:55:24	17.46	-0.02	55	96030	卖盘
13:55:21	17.48	0.01	12	20976	买盘
13:55:15	17.47	--	1	1747	卖盘
13:55:06	17.47	0.01	12	20964	中性盘
13:54:48	17.46	--	50	87300	卖盘
13:54:30	17.46	--	2	3492	卖盘
13:54:27	17.46	--	5	8730	卖盘
13:54:24	17.46	0.01	10	17460	买盘
13:54:18	17.45	--	20	34900	卖盘
13:54:15	17.45	--	79	138710	买盘
13:54:09	17.45	--	10	17450	买盘
13:54:06	17.45	0.01	20	34900	买盘
13:54:00	17.44	--	3	5232	卖盘
13:53:57	17.44	--	6	10464	卖盘
13:53:48	17.44	--	32	55808	卖盘
13:53:39	17.44	0.01	13	22672	买盘
13:53:30	17.43	--	3	5229	卖盘
13:53:21	17.43	--	34	59976	买盘
13:53:09	17.43	0.01	5	8715	买盘
13:53:03	17.42	--	3	5226	卖盘
13:52:57	17.42	-0.01	101	175942	卖盘
13:52:48	17.43	--	20	34860	买盘
13:52:42	17.43	--	11	19173	卖盘
13:52:21	17.43	--	10	17430	卖盘
13:52:12	17.43	--	14	24402	卖盘
13:52:09	17.43	--	6	10458	卖盘
13:52:06	17.43	0.01	18	31374	买盘
13:52:03	17.42	-0.01	1	1742	中性盘
13:51:57	17.43	0.02	10	17430	买盘
13:51:48	17.41	-0.02	203	353423	卖盘
13:51:42	17.43	0.01	16	27888	买盘
13:51:39	17.42	-0.01	6	10452	卖盘
13:51:30	17.43	--	30	52290	买盘
13:51:27	17.43	--	35	61005	买盘
13:51:12	17.43	--	20	34860	买盘
13:51:06	17.43	--	65	114323	卖盘
13:50:57	17.43	--	10	17430	卖盘
13:50:45	17.43	-0.02	7	12201	卖盘
13:50:39	17.45	0.02	100	174500	买盘
13:50:33	17.43	--	10	17430	卖盘
13:50:24	17.43	-0.01	10	17430	卖盘
13:50:21	17.44	0.01	3	5232	买盘
13:50:15	17.43	-0.01	95	165585	卖盘
13:50:09	17.44	0.01	89	155216	买盘
13:50:03	17.43	-0.01	0	714	卖盘
13:50:00	17.44	--	30	53209	卖盘
13:49:57	17.44	--	29	50576	卖盘
13:49:54	17.44	--	3	6278	卖盘
13:49:51	17.44	--	5	8720	卖盘
13:49:45	17.44	--	3	5232	卖盘
13:49:39	17.44	--	1	1744	卖盘
13:49:30	17.44	--	10	17440	卖盘
13:49:27	17.44	--	7	12208	卖盘
13:49:21	17.44	--	10	17440	卖盘
13:49:06	17.44	-0.01	50	87200	卖盘
13:49:03	17.45	--	5	8725	卖盘
13:48:54	17.45	-0.01	3	5235	卖盘
13:48:45	17.46	--	99	172854	卖盘
13:48:30	17.46	--	1	1746	卖盘
13:48:27	17.46	--	10	17460	卖盘
13:48:18	17.46	-0.01	10	17460	卖盘
13:48:09	17.47	--	3	5241	买盘
13:48:03	17.47	--	45	79313	卖盘
13:47:48	17.47	--	20	34940	卖盘
13:47:45	17.47	-0.01	6	11530	卖盘
13:47:30	17.48	0.01	2	3496	买盘
13:47:27	17.47	-0.01	10	17470	卖盘
13:46:54	17.48	-0.01	85	148580	卖盘
13:46:48	17.49	--	4	6995	卖盘
13:46:45	17.49	--	20	34980	卖盘
13:46:42	17.49	--	20	34980	卖盘
13:46:36	17.49	--	5	8745	卖盘
13:46:27	17.49	--	10	17490	卖盘
13:46:24	17.49	--	10	17490	卖盘
13:46:21	17.49	--	6	10493	卖盘
13:46:18	17.49	--	36	62963	卖盘
13:46:15	17.49	--	57	99692	卖盘
13:46:12	17.49	--	10	17490	卖盘
13:46:06	17.49	--	8	13991	卖盘
13:46:03	17.49	--	10	17490	卖盘
13:45:54	17.49	--	40	69960	卖盘
13:45:48	17.49	--	2	3497	卖盘
13:45:30	17.49	--	25	43724	买盘
13:45:21	17.49	--	1	1748	卖盘
13:45:15	17.49	--	6	10493	卖盘
13:45:12	17.49	--	5	8745	卖盘
13:45:09	17.49	--	24	41975	卖盘
13:45:03	17.49	--	4	6995	卖盘
13:44:57	17.49	-0.01	11	19239	卖盘
13:44:51	17.5	0.01	10	17500	买盘
13:44:42	17.49	--	8	13991	卖盘
13:44:33	17.49	--	2	3497	卖盘
13:44:27	17.49	--	37	64712	买盘
13:44:24	17.49	-0.01	2	3497	中性盘
13:43:57	17.5	0.02	51	89250	买盘
13:43:54	17.48	-0.02	35	61180	中性盘
13:43:42	17.5	--	140	245000	买盘
13:43:33	17.5	--	16	28000	买盘
13:43:24	17.5	--	19	33250	买盘
13:43:09	17.5	0.03	41	71750	买盘
13:43:03	17.47	0.01	4	6988	中性盘
13:42:51	17.46	--	22	38412	卖盘
13:42:48	17.46	-0.04	33	57618	中性盘
13:42:18	17.5	0.05	41	71750	买盘
13:42:15	17.45	--	6	10470	买盘
13:42:09	17.45	-0.04	14	24430	卖盘
13:41:57	17.49	0.05	2	3497	买盘
13:41:54	17.44	-0.04	100	174400	卖盘
13:41:45	17.48	0.01	23	40204	买盘
13:41:42	17.47	--	4	6988	卖盘
13:41:36	17.47	-0.03	7	12229	中性盘
13:41:21	17.5	--	50	87500	买盘
13:41:09	17.5	--	305	533750	中性盘
13:40:57	17.5	--	1	1750	买盘
13:40:54	17.5	-0.01	3	5250	买盘
13:40:51	17.51	0.01	10	17510	买盘
13:40:48	17.5	--	15	27650	卖盘
13:40:45	17.5	--	1	1750	卖盘
13:40:42	17.5	--	20	35000	卖盘
13:40:39	17.5	--	5	8750	卖盘
13:40:33	17.5	--	15	26250	卖盘
13:40:30	17.5	--	10	17500	卖盘
13:40:27	17.5	-0.01	11	19250	卖盘
13:40:18	17.51	0.01	10	17510	买盘
13:40:15	17.5	-0.01	6	10500	卖盘
13:40:12	17.51	-0.01	18	31518	卖盘
13:40:03	17.52	0.01	50	87600	买盘
13:39:57	17.51	-0.01	10	17510	卖盘
13:39:54	17.52	--	2	3504	买盘
13:39:45	17.52	0.01	8	14016	买盘
13:39:42	17.51	-0.01	7	12257	卖盘
13:39:39	17.52	0.01	70	122640	买盘
13:39:33	17.51	--	15	26265	中性盘
13:39:24	17.51	-0.01	10	17510	卖盘
13:39:21	17.52	--	30	52560	买盘
13:39:15	17.52	--	45	78840	买盘
13:39:12	17.52	--	51	89352	买盘
13:39:09	17.52	--	17	29784	买盘
13:39:06	17.52	0.01	18	31536	买盘
13:38:57	17.51	--	22	38522	卖盘
13:38:54	17.51	--	10	17510	卖盘
13:38:51	17.51	--	85	148835	买盘
13:38:48	17.51	--	107	187357	买盘
13:38:45	17.51	0.01	30	52530	买盘
13:38:39	17.5	-0.01	107	187250	卖盘
13:38:36	17.51	0.01	15	26265	买盘
13:38:33	17.5	--	5	8750	卖盘
13:38:27	17.5	--	30	52500	卖盘
13:38:21	17.5	--	29	51100	卖盘
13:38:18	17.5	0.02	1039	1818250	买盘
13:38:09	17.48	--	1	1748	卖盘
13:38:06	17.48	-0.01	1	1748	卖盘
13:38:00	17.49	0.01	55	96194	买盘
13:37:57	17.48	--	1	1748	卖盘
13:37:48	17.48	0.01	79	138249	买盘
13:37:30	17.47	--	102	178194	卖盘
13:37:21	17.47	--	22	38434	卖盘
13:37:18	17.47	--	16	29349	卖盘
13:37:15	17.47	0.01	50	87350	买盘
13:37:06	17.46	-0.01	15	26190	卖盘
13:36:48	17.47	--	1	1747	卖盘
13:36:36	17.47	0.01	14	24458	买盘
13:36:24	17.46	-0.01	10	17460	卖盘
13:36:21	17.47	--	3	5241	买盘
13:36:06	17.47	--	3	5241	卖盘
13:36:03	17.47	--	64	111808	卖盘
13:35:57	17.47	--	4	6988	卖盘
13:35:54	17.47	--	14	24458	卖盘
13:35:51	17.47	0.01	44	76868	买盘
13:35:48	17.46	-0.01	3	5238	卖盘
13:35:45	17.47	0.01	6	10482	买盘
13:35:42	17.46	--	10	17460	卖盘
13:35:30	17.46	-0.01	2	3492	卖盘
13:35:27	17.47	0.01	66	115301	买盘
13:35:24	17.46	--	10	17460	卖盘
13:35:21	17.46	--	52	90792	买盘
13:35:15	17.46	0.01	50	87300	买盘
13:35:12	17.45	--	10	17450	卖盘
13:35:09	17.45	--	20	35859	买盘
13:35:03	17.45	--	15	26175	买盘
13:35:00	17.45	--	11	19195	买盘
13:34:54	17.45	0.01	22	38390	买盘
13:34:48	17.44	--	10	17440	卖盘
13:34:45	17.44	--	2	3488	卖盘
13:34:39	17.44	0.01	9	15696	卖盘
13:34:03	17.43	-0.02	21	36603	卖盘
13:33:57	17.45	--	150	261750	买盘
13:33:54	17.45	--	15	26175	买盘
13:33:48	17.45	0.02	33	57585	买盘
13:33:45	17.43	-0.02	44	76692	卖盘
13:33:36	17.45	0.02	53	92485	买盘
13:33:33	17.43	--	30	52290	卖盘
13:33:21	17.43	--	1	1743	卖盘
13:33:18	17.43	-0.01	20	34860	卖盘
13:33:12	17.44	0.01	7	12208	买盘
13:32:57	17.43	--	14	24402	卖盘
13:32:54	17.43	--	2	3486	卖盘
13:32:45	17.43	-0.01	50	87150	卖盘
13:32:42	17.44	0.01	2	3488	买盘
13:32:39	17.43	-0.01	2	3486	卖盘
13:32:33	17.44	0.01	3	5232	买盘
13:32:09	17.43	-0.01	34	59262	卖盘
13:32:00	17.44	0.01	28	48832	中性盘
13:31:51	17.43	-0.02	70	122010	卖盘
13:31:48	17.45	0.01	84	146580	买盘
13:31:45	17.44	--	4	6976	卖盘
13:31:39	17.44	-0.01	25	43600	卖盘
13:31:36	17.45	0.01	58	101210	买盘
13:31:27	17.44	--	1	1744	卖盘
13:31:24	17.44	--	51	88944	卖盘
13:31:09	17.44	--	1	1744	卖盘
13:31:06	17.44	--	6	10464	卖盘
13:30:48	17.44	-0.01	1	1744	卖盘
13:30:42	17.45	--	3	5235	买盘
13:30:33	17.45	--	21	37709	卖盘
13:30:30	17.45	--	5	8725	卖盘
13:30:24	17.45	-0.01	2	3490	卖盘
13:30:18	17.46	0.01	0	680	买盘
13:30:15	17.45	-0.01	2	3490	卖盘
13:30:06	17.46	--	4	8049	卖盘
13:30:00	17.46	--	31	54126	卖盘
13:29:57	17.46	--	19	33854	买盘
13:29:51	17.46	0.01	55	96030	买盘
13:29:48	17.45	--	10	17450	卖盘
13:29:39	17.45	--	1	1745	卖盘
13:29:27	17.45	--	23	40135	买盘
13:29:21	17.45	--	96	167520	买盘
13:29:15	17.45	0.01	51	88995	买盘
13:29:12	17.44	-0.01	5	8720	中性盘
13:29:09	17.45	--	22	38390	买盘
13:29:03	17.45	0.01	31	54095	买盘
13:29:00	17.44	-0.01	57	99408	卖盘
13:28:57	17.45	--	77	134365	买盘
13:28:51	17.45	0.01	5	8725	买盘
13:28:48	17.44	--	78	136032	卖盘
13:28:42	17.44	--	30	52320	买盘
13:28:36	17.44	--	44	76736	买盘
13:28:33	17.44	--	11	19184	买盘
13:28:27	17.44	--	15	26160	买盘
13:28:24	17.44	0.01	5	8720	买盘
13:28:21	17.43	--	11	19173	卖盘
13:28:15	17.43	-0.01	62	108066	卖盘
13:28:06	17.44	0.01	105	183120	买盘
13:27:54	17.43	--	4	6972	卖盘
13:27:48	17.43	-0.01	20	34860	卖盘
13:27:39	17.44	--	24	41856	卖盘
13:27:30	17.44	--	30	52320	卖盘
13:27:21	17.44	--	18	31392	卖盘
13:27:18	17.44	--	1	1744	卖盘
13:27:06	17.44	--	23	40112	买盘
13:27:00	17.44	--	63	109872	卖盘
13:26:51	17.44	-0.01	1	1744	卖盘
13:26:48	17.45	0.02	58	101210	中性盘
13:26:33	17.43	-0.01	9	15687	卖盘
13:26:18	17.44	--	20	34880	卖盘
13:26:15	17.44	-0.01	100	174400	卖盘
13:26:09	17.45	0.01	11	19195	中性盘
13:26:03	17.44	-0.02	156	272064	卖盘
13:25:57	17.46	0.01	2	3492	买盘
13:25:54	17.45	-0.01	20	34900	卖盘
13:25:51	17.46	--	4	6984	买盘
13:25:36	17.46	0.01	111	193806	买盘
13:25:30	17.45	--	41	71545	卖盘
13:25:27	17.45	--	10	17450	卖盘
13:25:24	17.45	--	10	17450	卖盘
13:25:15	17.45	-0.01	17	29665	卖盘
13:25:12	17.46	0.01	2	3492	买盘
13:25:09	17.45	--	3	5235	卖盘
13:25:03	17.45	--	1	1745	卖盘
13:25:00	17.45	--	5	8725	卖盘
13:24:57	17.45	--	7	12215	卖盘
13:24:54	17.45	--	1	1745	卖盘
13:24:48	17.45	0.01	75	130875	买盘
13:24:42	17.44	--	42	73248	买盘
13:24:36	17.44	--	115	200560	卖盘
13:24:33	17.44	--	56	97664	卖盘
13:24:30	17.44	-0.01	400	697600	卖盘
13:24:24	17.45	--	300	523500	买盘
13:24:21	17.45	--	80	139600	买盘
13:24:06	17.45	--	125	218125	卖盘
13:23:51	17.45	-0.01	7	12215	中性盘
13:23:48	17.46	0.02	45	78570	买盘
13:23:39	17.44	--	20	34880	卖盘
13:23:33	17.44	--	1	1744	卖盘
13:23:24	17.44	-0.01	2	3488	卖盘
13:23:18	17.45	--	21	37709	卖盘
13:23:15	17.45	-0.01	20	34900	卖盘
13:23:09	17.46	0.01	18	31428	买盘
13:23:03	17.45	--	6	10470	卖盘
13:23:00	17.45	--	21	36645	卖盘
13:22:57	17.45	--	7	12215	卖盘
13:22:54	17.45	0.01	71	124575	买盘
13:22:51	17.44	--	30	52320	卖盘
13:22:48	17.44	--	3	5232	卖盘
13:22:45	17.44	--	5	8720	卖盘
13:22:30	17.44	-0.01	5	8720	卖盘
13:22:27	17.45	--	5	8725	买盘
13:22:21	17.45	--	4	6980	买盘
13:22:18	17.45	0.01	2	3490	买盘
13:22:15	17.44	-0.01	10	17440	卖盘
13:22:09	17.45	0.01	36	62820	买盘
13:22:06	17.44	-0.01	5	8720	卖盘
13:22:03	17.45	--	26	45370	买盘
13:22:00	17.45	--	17	29665	买盘
13:21:51	17.45	0.01	7	12215	买盘
13:21:48	17.44	-0.01	11	19184	卖盘
13:21:45	17.45	0.01	3	5235	买盘
13:21:42	17.44	-0.01	21	36624	卖盘
13:21:33	17.45	--	62	109254	卖盘
13:21:30	17.45	--	5	8725	卖盘
13:21:21	17.45	--	5	8725	卖盘
13:21:18	17.45	--	3	5235	卖盘
13:21:15	17.45	--	10	17450	卖盘
13:21:06	17.45	--	4	6980	卖盘
13:21:03	17.45	--	12	20940	卖盘
13:20:42	17.45	-0.02	61	106445	卖盘
13:20:39	17.47	0.02	58	101326	买盘
13:20:36	17.45	-0.01	2	3490	卖盘
13:20:12	17.46	-0.01	2	3492	中性盘
13:20:03	17.47	0.01	10	17470	买盘
13:20:00	17.46	-0.01	30	52380	卖盘
13:19:54	17.47	0.01	18	31445	买盘
13:19:33	17.46	-0.01	10	17460	卖盘
13:19:30	17.47	--	6	10482	买盘
13:19:24	17.47	0.01	3	5241	买盘
13:19:18	17.46	--	15	26190	卖盘
13:19:09	17.46	0.01	8	13968	买盘
13:19:06	17.45	-0.01	10	17450	卖盘
13:19:03	17.46	--	37	64602	买盘
13:18:45	17.46	--	1	1746	卖盘
13:18:42	17.46	--	4	6984	卖盘
13:18:24	17.46	0.01	15	26190	买盘
13:18:21	17.45	-0.01	116	202420	卖盘
13:18:15	17.46	--	7	12222	卖盘
13:18:06	17.46	--	38	67011	卖盘
13:18:00	17.46	-0.01	2	3492	卖盘
13:17:57	17.47	--	4	6988	买盘
13:17:54	17.47	0.01	8	13976	买盘
13:17:48	17.46	0.01	0	17	中性盘
13:17:39	17.45	-0.02	90	157050	卖盘
13:17:24	17.47	0.01	23	40181	买盘
13:17:18	17.46	--	8	13968	卖盘
13:17:15	17.46	--	69	120474	卖盘
13:17:09	17.46	--	33	57618	卖盘
13:17:06	17.46	--	1	1746	卖盘
13:17:00	17.46	--	2	3492	卖盘
13:16:54	17.46	--	5	8730	卖盘
13:16:51	17.46	--	5	8730	卖盘
13:16:45	17.46	0.01	7	12222	买盘
13:16:42	17.45	--	10	17450	卖盘
13:16:39	17.45	-0.01	2	3490	卖盘
13:16:33	17.46	--	31	54126	买盘
13:16:24	17.46	--	1	1746	买盘
13:16:21	17.46	-0.01	20	34920	中性盘
13:16:15	17.47	0.01	107	186929	买盘
13:16:06	17.46	--	4	6984	卖盘
13:16:03	17.46	--	10	17460	卖盘
13:15:54	17.46	-0.01	6	10476	卖盘
13:15:48	17.47	--	6	10482	卖盘
13:15:45	17.47	-0.01	50	87350	卖盘
13:15:36	17.48	0.01	1	1748	买盘
13:15:33	17.47	0.01	50	87350	买盘
13:15:30	17.46	--	5	8730	卖盘
13:15:24	17.46	--	7	12222	卖盘
13:15:18	17.46	--	5	8730	卖盘
13:15:09	17.46	-0.01	11	19206	卖盘
13:15:00	17.47	0.01	20	34940	买盘
13:14:54	17.46	--	13	22698	卖盘
13:14:48	17.46	--	2	3492	卖盘
13:14:42	17.46	-0.02	5	8730	卖盘
13:14:24	17.48	--	8	13984	买盘
13:14:00	17.48	-0.01	31	54729	卖盘
13:13:57	17.49	0.01	22	38478	买盘
13:13:51	17.48	--	30	52440	卖盘
13:13:48	17.48	--	68	118864	卖盘
13:13:42	17.48	-0.01	128	223744	卖盘
13:13:39	17.49	--	15	26234	买盘
13:13:33	17.49	--	45	78705	买盘
13:13:27	17.49	--	10	17490	买盘
13:13:24	17.49	0.01	5	8745	买盘
13:12:54	17.48	0.02	223	391010	买盘
13:12:48	17.46	0.01	10	17460	买盘
13:12:45	17.45	-0.01	10	17450	卖盘
13:12:42	17.46	--	3	5238	买盘
13:12:36	17.46	--	16	28477	卖盘
13:12:33	17.46	--	3	6442	卖盘
13:12:30	17.46	-0.01	51	89046	卖盘
13:12:24	17.47	--	1	1747	卖盘
13:12:21	17.47	0.01	52	90844	买盘
13:12:15	17.46	--	6	10476	卖盘
13:12:12	17.46	--	5	8730	卖盘
13:12:03	17.46	--	13	22698	卖盘
13:12:00	17.46	--	2	3492	卖盘
13:11:48	17.46	-0.01	34	59364	卖盘
13:11:42	17.47	--	3	5241	买盘
13:11:36	17.47	-0.01	10	17470	卖盘
13:11:33	17.48	0.01	5	8740	买盘
13:11:21	17.47	--	1	1747	卖盘
13:11:18	17.47	--	13	22711	卖盘
13:11:15	17.47	--	40	69880	卖盘
13:11:12	17.47	--	79	138013	卖盘
13:11:00	17.47	-0.01	10	17470	卖盘
13:10:57	17.48	--	50	87400	卖盘
13:10:54	17.48	-0.01	2	3496	卖盘
13:10:39	17.49	--	2	3497	买盘
13:10:24	17.49	-0.01	88	153912	卖盘
13:10:12	17.5	0.01	5	8750	买盘
13:10:06	17.49	--	5	8745	卖盘
13:10:00	17.49	--	1	1748	卖盘
13:09:51	17.49	--	2	3497	卖盘
13:09:48	17.49	--	101	176648	买盘
13:09:45	17.49	0.01	1	1748	买盘
13:09:42	17.48	-0.01	10	17480	卖盘
13:09:27	17.49	--	7	12242	买盘
13:09:24	17.49	-0.01	2	3497	中性盘
13:09:18	17.5	0.01	14	24500	买盘
13:09:12	17.49	--	13	22736	卖盘
13:09:09	17.49	--	28	48971	卖盘
13:09:06	17.49	0.01	59	103190	买盘
13:08:57	17.48	-0.01	1	1748	卖盘
13:08:39	17.49	--	4	6995	卖盘
13:08:27	17.49	--	6	10493	卖盘
13:08:09	17.49	0.01	8	13991	买盘
13:08:06	17.48	-0.01	1	1748	卖盘
13:08:03	17.49	--	16	27983	买盘
13:07:57	17.49	--	1	1748	买盘
13:07:54	17.49	--	13	22736	买盘
13:07:48	17.49	0.01	7	12242	中性盘
13:07:33	17.48	-0.01	6	10488	卖盘
13:07:30	17.49	0.01	10	17490	买盘
13:07:18	17.48	0.02	1	1748	买盘
13:07:03	17.46	--	46	80316	卖盘
13:06:45	17.46	-0.04	13	22698	中性盘
13:06:33	17.5	0.05	10	17500	买盘
13:06:24	17.45	-0.04	800	1396000	卖盘
13:06:21	17.49	--	1	1748	卖盘
13:06:18	17.49	0.01	418	731081	买盘
13:06:15	17.48	-0.01	13	22724	卖盘
13:05:51	17.49	--	8	13991	中性盘
13:05:18	17.49	0.02	2	3497	买盘
13:05:15	17.47	--	3	5241	卖盘
13:05:09	17.47	-0.01	17	29698	卖盘
13:05:03	17.48	0.01	10	17480	中性盘
13:04:54	17.47	-0.01	72	125783	卖盘
13:04:45	17.48	--	28	48944	卖盘
13:04:42	17.48	--	10	17480	卖盘
13:04:36	17.48	--	3	5244	中性盘
13:04:15	17.48	-0.02	1	1748	卖盘
13:04:12	17.5	--	45	78750	买盘
13:04:06	17.5	0.02	4	7000	买盘
13:04:03	17.48	-0.02	30	52440	卖盘
13:03:54	17.5	--	111	194600	卖盘
13:03:36	17.5	-0.01	75	131250	卖盘
13:03:30	17.51	-0.01	27	47277	卖盘
13:03:27	17.52	0.01	33	57816	买盘
13:03:24	17.51	--	10	17510	卖盘
13:03:18	17.51	-0.01	20	35020	卖盘
13:02:54	17.52	0.01	10	17520	买盘
13:02:36	17.51	--	8	14008	卖盘
13:02:27	17.51	--	54	94554	卖盘
13:02:24	17.51	--	48	85448	买盘
13:02:21	17.51	0.01	55	96305	买盘
13:02:15	17.5	--	1	1750	卖盘
13:02:09	17.5	--	32	56000	买盘
13:02:06	17.5	--	5	8750	买盘
13:01:39	17.5	--	178	311500	卖盘
13:01:24	17.5	--	152	266000	中性盘
13:00:54	17.5	--	1	1750	买盘
13:00:30	17.5	0.04	1	1750	中性盘
13:00:12	17.46	--	7	12222	卖盘
13:00:09	17.46	-0.04	597	1042362	卖盘
13:00:06	17.5	0.04	572	1001000	买盘
13:00:03	17.46	0.01	131	228726	买盘
13:00:00	17.45	--	0	0	买盘
11:30:00	17.45	--	0	0	买盘
11:29:57	17.45	--	50	87250	买盘
11:29:48	17.45	--	10	17450	买盘
11:29:45	17.45	--	11	19195	买盘
11:29:30	17.45	0.01	5	8725	买盘
11:29:27	17.44	-0.01	10	17440	卖盘
11:29:24	17.45	--	3	5235	买盘
11:29:21	17.45	--	29	50605	买盘
11:29:18	17.45	--	12	20940	买盘
11:29:12	17.45	--	30	52350	买盘
11:29:00	17.45	--	8	13960	买盘
11:28:54	17.45	--	4	6980	买盘
11:28:51	17.45	--	56	97720	卖盘
11:28:45	17.45	-0.01	7	12215	卖盘
11:28:42	17.46	--	25	43650	买盘
11:28:30	17.46	0.01	5	8730	买盘
11:28:27	17.45	--	10	17450	卖盘
11:28:09	17.45	-0.01	40	69800	卖盘
11:28:03	17.46	--	15	26190	买盘
11:28:00	17.46	0.01	11	19206	买盘
11:27:51	17.45	--	6	10470	卖盘
11:27:33	17.45	--	6	10470	卖盘
11:27:30	17.45	-0.01	10	17450	买盘
11:27:27	17.46	0.01	22	38412	买盘
11:27:15	17.45	--	131	228595	卖盘
11:27:12	17.45	--	10	17450	卖盘
11:27:03	17.45	-0.01	1	1745	卖盘
11:26:57	17.46	--	4	6984	买盘
11:26:51	17.46	0.01	33	57618	买盘
11:26:42	17.45	--	11	20591	卖盘
11:26:30	17.45	--	58	101559	买盘
11:26:18	17.45	0.01	42	73290	买盘
11:26:09	17.44	--	3	5232	卖盘
11:25:51	17.44	-0.01	30	52320	卖盘
11:25:30	17.45	--	20	36296	卖盘
11:25:27	17.45	--	5	8725	卖盘
11:25:24	17.45	-0.01	1	1745	卖盘
11:25:21	17.46	0.01	6	10476	买盘
11:25:18	17.45	-0.01	4	6980	卖盘
11:25:15	17.46	--	3	5238	买盘
11:25:12	17.46	--	1	1746	买盘
11:24:57	17.46	--	36	62856	卖盘
11:24:21	17.46	-0.01	2	3492	卖盘
11:24:18	17.47	--	8	13976	卖盘
11:24:12	17.47	0.02	2	3494	买盘
11:24:00	17.45	-0.02	7	12215	卖盘
11:23:57	17.47	0.01	100	174700	买盘
11:23:51	17.46	-0.01	2	3492	中性盘
11:23:48	17.47	--	2	3494	卖盘
11:23:39	17.47	--	34	59397	买盘
11:23:36	17.47	--	8	13976	买盘
11:23:33	17.47	0.01	10	17470	买盘
11:23:30	17.46	--	2	3492	买盘
11:23:18	17.46	0.01	30	52380	买盘
11:23:12	17.45	-0.01	9	15705	卖盘
11:23:09	17.46	0.01	9	15714	买盘
11:23:03	17.45	--	71	123895	卖盘
11:22:57	17.45	--	1	1745	卖盘
11:22:54	17.45	-0.01	1	1745	卖盘
11:22:45	17.46	0.01	40	69840	买盘
11:22:39	17.45	--	6	10819	买盘
11:22:36	17.45	-0.01	28	50256	卖盘
11:22:30	17.46	0.01	13	22698	买盘
11:22:21	17.45	--	5	8725	卖盘
11:22:18	17.45	--	4	6980	卖盘
11:22:06	17.45	--	10	17450	卖盘
11:22:03	17.45	--	10	17799	买盘
11:21:42	17.45	--	16	27920	买盘
11:21:39	17.45	--	2	3490	买盘
11:21:36	17.45	--	55	95975	买盘
11:21:33	17.45	--	15	26175	买盘
11:21:30	17.45	--	10	17450	买盘
11:21:27	17.45	--	2	3490	买盘
11:21:24	17.45	0.01	2	3490	买盘
11:21:18	17.44	-0.01	2	3488	卖盘
11:21:09	17.45	--	2	3490	买盘
11:21:03	17.45	0.02	4	6980	买盘
11:20:51	17.43	-0.02	1	1743	卖盘
11:20:36	17.45	0.02	100	174500	买盘
11:20:30	17.43	--	3	5229	卖盘
11:20:27	17.43	--	23	40089	卖盘
11:20:15	17.43	--	1	1743	买盘
11:20:09	17.43	--	20	34860	买盘
11:20:03	17.43	--	66	115038	买盘
11:20:00	17.43	--	91	158613	买盘
11:19:54	17.43	--	9	15687	买盘
11:19:48	17.43	-0.01	9	15687	中性盘
11:19:30	17.44	0.01	33	57552	买盘
11:19:24	17.43	0.01	10	17430	买盘
11:19:21	17.42	-0.01	30	53305	卖盘
11:19:03	17.43	--	4	6972	买盘
11:19:00	17.43	0.01	1	1743	买盘
11:18:51	17.42	--	1	1742	卖盘
11:18:48	17.42	--	2	3484	卖盘
11:18:45	17.42	--	15	26130	卖盘
11:18:42	17.42	--	10	17420	卖盘
11:18:39	17.42	--	23	40066	卖盘
11:18:33	17.42	--	79	137618	卖盘
11:18:24	17.42	--	2	3484	卖盘
11:18:18	17.42	--	11	19162	卖盘
11:18:06	17.42	-0.01	100	174200	卖盘
11:18:00	17.43	0.01	10	17430	买盘
11:17:57	17.42	-0.01	9	15678	卖盘
11:17:51	17.43	--	2	3486	买盘
11:17:48	17.43	--	13	22659	卖盘
11:17:45	17.43	-0.01	1	1743	卖盘
11:17:39	17.44	--	2	3488	买盘
11:17:27	17.44	0.02	103	179632	买盘
11:17:24	17.42	--	5	8710	卖盘
11:17:18	17.42	--	12	20904	卖盘
11:17:15	17.42	0.01	19	33098	买盘
11:17:12	17.41	--	4	6964	卖盘
11:17:00	17.41	-0.01	50	87050	卖盘
11:16:57	17.42	-0.01	11	19162	中性盘
11:16:36	17.43	0.01	60	104580	买盘
11:16:33	17.42	-0.01	32	55744	卖盘
11:16:21	17.43	0.01	2	3486	买盘
11:16:06	17.42	--	2	3484	中性盘
11:16:00	17.42	--	10	17420	买盘
11:15:57	17.42	0.01	2	3484	买盘
11:15:54	17.41	--	11	19899	买盘
11:15:51	17.41	--	20	34820	买盘
11:15:45	17.41	--	20	34820	买盘
11:15:39	17.41	-0.01	25	44517	卖盘
11:15:33	17.42	--	14	25485	买盘
11:15:27	17.42	-0.01	23	40066	卖盘
11:15:21	17.43	0.01	2	3486	买盘
11:15:09	17.42	--	10	17420	卖盘
11:15:00	17.42	0.01	6	10452	买盘
11:14:45	17.41	-0.01	5	8705	卖盘
11:14:39	17.42	0.01	14	24388	买盘
11:14:18	17.41	--	6	10446	卖盘
11:14:15	17.41	--	27	48399	买盘
11:14:09	17.41	--	5	8705	买盘
11:14:00	17.41	0.01	50	87050	买盘
11:13:57	17.4	--	32	55679	卖盘
11:13:54	17.4	-0.01	3	5220	卖盘
11:13:45	17.41	--	4	6964	买盘
11:13:33	17.41	0.01	2	3482	买盘
11:13:30	17.4	--	3	5220	卖盘
11:13:27	17.4	-0.01	10	17400	卖盘
11:13:03	17.41	0.01	50	87050	买盘
11:13:00	17.4	--	40	69600	卖盘
11:12:57	17.4	-0.01	6	10440	卖盘
11:12:51	17.41	--	2	3482	买盘
11:12:48	17.41	--	10	17410	买盘
11:12:36	17.41	--	10	17758	卖盘
11:12:33	17.41	--	24	43176	买盘
11:12:18	17.41	--	29	50837	卖盘
11:12:09	17.41	--	5	8705	卖盘
11:11:51	17.41	-0.02	3	5223	卖盘
11:11:45	17.43	0.02	18	31374	买盘
11:11:30	17.41	0.01	3	6615	中性盘
11:11:06	17.4	--	26	45239	卖盘
11:10:57	17.4	0.01	2	3479	买盘
11:10:54	17.39	-0.04	11	19129	卖盘
11:10:51	17.43	--	8	13944	买盘
11:10:39	17.43	0.04	35	61005	买盘
11:10:36	17.39	-0.01	5	8695	卖盘
11:10:27	17.4	--	13	22619	卖盘
11:10:24	17.4	--	19	33060	卖盘
11:10:18	17.4	--	25	43500	买盘
11:10:12	17.4	0.01	12	20880	买盘
11:09:54	17.39	-0.01	3	5217	卖盘
11:09:51	17.4	--	5	8700	买盘
11:09:24	17.4	--	13	22619	买盘
11:09:06	17.4	--	8	13919	买盘
11:09:00	17.4	--	26	45239	买盘
11:08:45	17.4	--	2	3479	卖盘
11:08:24	17.4	-0.03	18	31319	买盘
11:08:21	17.43	0.03	40	69720	买盘
11:08:12	17.4	--	2	3479	买盘
11:08:09	17.4	0.01	3	5220	买盘
11:08:03	17.39	-0.01	60	104340	卖盘
11:08:00	17.4	--	6	10440	买盘
11:07:45	17.4	--	15	26099	买盘
11:07:42	17.4	0.01	2	3479	买盘
11:07:39	17.39	--	5	8695	卖盘
11:07:36	17.39	-0.01	2	3478	卖盘
11:07:33	17.4	0.01	7	12179	买盘
11:07:21	17.39	--	20	34780	卖盘
11:07:18	17.39	--	85	147815	卖盘
11:07:12	17.39	--	7	12173	卖盘
11:07:06	17.39	--	36	62604	卖盘
11:06:57	17.39	-0.01	37	64343	卖盘
11:06:54	17.4	0.01	1	1739	买盘
11:06:51	17.39	-0.01	9	15651	卖盘
11:06:48	17.4	--	15	26099	买盘
11:06:45	17.4	--	32	55679	买盘
11:06:39	17.4	-0.04	349	607260	卖盘
11:06:36	17.44	0.01	6	10464	买盘
11:06:27	17.43	--	9	15687	卖盘
11:06:24	17.43	--	20	34860	卖盘
11:06:21	17.43	--	2	3486	卖盘
11:06:15	17.43	-0.01	6	10458	中性盘
11:05:54	17.44	-0.01	44	76736	卖盘
11:05:48	17.45	--	10	17450	买盘
11:05:42	17.45	0.01	12	20940	买盘
11:05:30	17.44	0.02	26	45344	买盘
11:05:18	17.42	--	8	13936	中性盘
11:05:12	17.42	--	19	33098	买盘
11:05:09	17.42	--	31	54002	中性盘
11:04:51	17.42	0.01	9	15678	中性盘
11:04:42	17.41	-0.02	80	139280	卖盘
11:04:36	17.43	--	10	17430	买盘
11:04:27	17.43	-0.01	7	12201	卖盘
11:04:15	17.44	-0.01	3	5232	卖盘
11:04:00	17.45	0.01	33	57585	买盘
11:03:51	17.44	-0.01	20	34880	卖盘
11:03:48	17.45	--	10	17450	买盘
11:03:45	17.45	-0.01	10	17450	卖盘
11:03:24	17.46	--	20	34920	卖盘
11:03:18	17.46	--	7	12222	卖盘
11:03:15	17.46	--	6	10476	卖盘
11:03:12	17.46	--	20	34920	卖盘
11:03:09	17.46	--	7	12222	卖盘
11:02:57	17.46	--	1	1746	卖盘
11:02:45	17.46	--	2	3492	卖盘
11:02:42	17.46	0.01	2	3492	买盘
11:02:36	17.45	-0.01	17	29665	卖盘
11:02:24	17.46	0.01	41	71586	买盘
11:02:06	17.45	--	18	31410	买盘
11:01:48	17.45	0.01	1	1745	买盘
11:01:45	17.44	-0.01	5	8720	卖盘
11:01:39	17.45	--	62	108190	买盘
11:01:18	17.45	0.01	25	43625	买盘
11:01:09	17.44	-0.01	50	87200	卖盘
11:01:06	17.45	0.01	76	132620	买盘
11:00:51	17.44	0.01	30	52320	买盘
11:00:42	17.43	0.01	5	8715	买盘
11:00:39	17.42	--	3	5226	卖盘
11:00:03	17.42	--	11	19162	买盘
10:59:51	17.42	--	10	17420	买盘
10:59:45	17.42	--	20	34840	买盘
10:59:42	17.42	--	6	10452	买盘
10:59:39	17.42	0.01	20	34840	买盘
10:59:24	17.41	-0.01	5	8705	卖盘
10:59:21	17.42	--	1	1742	买盘
10:59:15	17.42	0.01	7	12194	买盘
10:59:03	17.41	--	18	31338	买盘
10:58:57	17.41	--	15	26115	买盘
10:58:51	17.41	--	10	17410	卖盘
10:58:48	17.41	-0.01	49	85309	卖盘
10:58:45	17.42	--	14	24388	买盘
10:58:42	17.42	--	2	3484	买盘
10:58:24	17.42	--	6	10452	买盘
10:58:03	17.42	--	16	27872	买盘
10:58:00	17.42	0.01	1	1742	买盘
10:57:57	17.41	--	12	20892	卖盘
10:57:54	17.41	--	6	10446	卖盘
10:57:48	17.41	--	23	40043	卖盘
10:57:42	17.41	-0.01	2	3482	卖盘
10:57:39	17.42	--	10	17420	买盘
10:57:27	17.42	--	1	1742	买盘
10:57:24	17.42	--	90	156780	卖盘
10:57:18	17.42	-0.01	10	17420	卖盘
10:57:15	17.43	--	6	10458	买盘
10:57:09	17.43	-0.02	39	67977	卖盘
10:56:51	17.45	--	8	13960	卖盘
10:56:48	17.45	--	5	8725	卖盘
10:56:36	17.45	--	4	6980	卖盘
10:56:33	17.45	-0.01	2	3490	卖盘
10:56:30	17.46	--	10	17460	买盘
10:56:21	17.46	--	7	12222	卖盘
10:56:06	17.46	-0.01	44	76824	卖盘
10:55:57	17.47	--	9	15722	卖盘
10:55:54	17.47	-0.02	2	3494	卖盘
10:55:39	17.49	--	31	54218	卖盘
10:55:33	17.49	-0.01	30	52469	卖盘
10:55:27	17.5	0.03	21	36750	买盘
10:55:21	17.47	-0.04	25	43675	卖盘
10:55:12	17.51	--	5	8755	买盘
10:55:09	17.51	0.01	39	68289	买盘
10:55:06	17.5	--	39	68250	卖盘
10:55:03	17.5	--	58	101500	卖盘
10:55:00	17.5	--	6	10500	卖盘
10:54:51	17.5	--	68	119000	买盘
10:54:39	17.5	--	1	1750	买盘
10:54:36	17.5	--	3	5250	买盘
10:54:33	17.5	--	8	14000	买盘
10:54:27	17.5	--	30	52500	买盘
10:54:24	17.5	-0.01	2	3500	买盘
10:54:15	17.51	0.05	7	12257	中性盘
10:54:12	17.46	-0.04	24	41904	卖盘
10:54:09	17.5	-0.02	49	85750	中性盘
10:54:06	17.52	0.02	7	12264	买盘
10:54:00	17.5	--	139	243250	卖盘
10:53:54	17.5	--	16	28000	卖盘
10:53:48	17.5	-0.02	20	35000	买盘
10:53:45	17.52	--	100	175200	买盘
10:53:27	17.52	--	24	42048	买盘
10:53:21	17.52	--	14	25929	卖盘
10:53:15	17.52	0.06	35	61670	买盘
10:53:12	17.46	--	13	24094	卖盘
10:53:09	17.46	-0.06	45	79617	卖盘
10:53:06	17.52	0.01	18	31536	卖盘
10:53:00	17.51	-0.02	11	19261	卖盘
10:52:57	17.53	0.01	52	91156	买盘
10:52:54	17.52	0.01	40	70080	买盘
10:52:51	17.51	--	10	17510	卖盘
10:52:48	17.51	--	6	10506	卖盘
10:52:45	17.51	0.01	83	145333	买盘
10:52:42	17.5	--	95	166250	卖盘
10:52:39	17.5	0.01	335	586950	买盘
10:52:36	17.49	-0.01	113	197636	卖盘
10:52:30	17.5	--	120	210000	买盘
10:52:27	17.5	--	78	136500	买盘
10:52:24	17.5	0.01	50	87500	买盘
10:52:12	17.49	--	291	508958	买盘
10:52:09	17.49	0.01	46	80454	买盘
10:52:00	17.48	0.02	56	97888	买盘
10:51:54	17.46	-0.02	54	94284	卖盘
10:51:51	17.48	0.02	2	3496	买盘
10:51:48	17.46	-0.02	5	8730	卖盘
10:51:45	17.48	0.02	34	59432	买盘
10:51:42	17.46	-0.02	2	3492	卖盘
10:51:39	17.48	--	13	22724	买盘
10:51:36	17.48	0.02	4	6992	买盘
10:51:33	17.46	--	50	87649	买盘
10:51:24	17.46	0.02	9	15714	买盘
10:51:21	17.44	-0.02	3	5232	卖盘
10:51:15	17.46	0.02	557	972522	买盘
10:51:09	17.44	--	13	22672	卖盘
10:51:03	17.44	--	60	104640	卖盘
10:51:00	17.44	-0.01	6	10464	卖盘
10:50:57	17.45	0.03	144	252327	买盘
10:50:54	17.42	-0.02	5	8710	中性盘
10:50:48	17.44	0.02	64	111616	买盘
10:50:39	17.42	-0.02	4	6968	中性盘
10:50:33	17.44	0.03	154	268576	买盘
10:50:21	17.41	-0.01	9	15669	中性盘
10:50:18	17.42	0.01	10	17420	买盘
10:50:15	17.41	-0.01	8	13928	中性盘
10:50:09	17.42	--	36	62712	买盘
10:50:06	17.42	--	43	74906	买盘
10:49:57	17.42	--	20	34840	买盘
10:49:51	17.42	--	32	55744	买盘
10:49:48	17.42	--	7	12194	买盘
10:49:45	17.42	--	100	174200	买盘
10:49:42	17.42	0.04	150	261300	买盘
10:49:39	17.38	-0.03	80	139040	卖盘
10:49:36	17.41	0.01	33	57453	买盘
10:49:33	17.4	--	40	69600	买盘
10:49:30	17.4	0.01	901	1567739	买盘
10:49:24	17.39	--	2	3478	卖盘
10:49:21	17.39	--	39	67821	卖盘
10:49:15	17.39	--	2	3478	卖盘
10:49:12	17.39	--	2	3478	卖盘
10:49:00	17.39	0.01	195	339105	买盘
10:48:54	17.38	--	10	17380	卖盘
10:48:39	17.38	--	22	38236	卖盘
10:48:36	17.38	--	5	8690	卖盘
10:48:27	17.38	--	1	1738	卖盘
10:48:24	17.38	-0.01	41	71258	卖盘
10:48:18	17.39	--	10	17390	买盘
10:47:57	17.39	--	15	26085	买盘
10:47:42	17.39	--	8	13912	买盘
10:47:39	17.39	0.01	8	13912	买盘
10:47:36	17.38	-0.01	65	112970	卖盘
10:47:33	17.39	0.01	3	5217	买盘
10:47:27	17.38	--	2	3476	卖盘
10:47:24	17.38	--	18	31284	卖盘
10:47:18	17.38	--	2	3476	卖盘
10:47:15	17.38	--	6	10428	卖盘
10:47:12	17.38	0.01	5	8690	买盘
10:47:09	17.37	--	10	17370	卖盘
10:46:57	17.37	-0.01	52	90324	卖盘
10:46:45	17.38	0.01	1	1738	中性盘
10:46:30	17.37	-0.02	3	5211	卖盘
10:46:18	17.39	--	50	86950	买盘
10:46:09	17.39	0.02	7	12173	买盘
10:46:06	17.37	-0.02	67	116379	卖盘
10:45:42	17.39	--	85	147815	买盘
10:45:39	17.39	--	53	92167	买盘
10:45:36	17.39	0.02	13	22607	买盘
10:45:24	17.37	--	20	34740	卖盘
10:45:09	17.37	--	108	187596	卖盘
10:45:00	17.37	0.01	15	26055	买盘
10:44:57	17.36	--	3	5208	卖盘
10:44:54	17.36	-0.01	8	13888	卖盘
10:44:51	17.37	0.01	4	6948	买盘
10:44:45	17.36	--	23	39928	卖盘
10:44:30	17.36	-0.01	20	34720	卖盘
10:44:27	17.37	--	2	3474	卖盘
10:44:24	17.37	0.01	5	8685	买盘
10:44:21	17.36	--	89	154504	卖盘
10:44:00	17.36	-0.02	10	17360	卖盘
10:43:57	17.38	0.02	1	1738	买盘
10:43:54	17.36	--	12	20832	卖盘
10:43:36	17.36	--	1	2777	卖盘
10:43:33	17.36	--	11	19096	卖盘
10:43:30	17.36	--	143	248248	卖盘
10:43:24	17.36	--	14	24304	卖盘
10:43:21	17.36	--	13	22915	卖盘
10:43:18	17.36	-0.02	31	55204	卖盘
10:43:12	17.38	0.02	39	68129	买盘
10:43:09	17.36	-0.01	81	140616	卖盘
10:43:06	17.37	--	24	41688	卖盘
10:43:03	17.37	-0.01	52	90324	卖盘
10:42:57	17.38	--	6	10428	买盘
10:42:48	17.38	--	34	60482	卖盘
10:42:45	17.38	--	10	17380	卖盘
10:42:42	17.38	--	5	8690	卖盘
10:42:33	17.38	--	17	29893	买盘
10:42:27	17.38	--	2	3476	买盘
10:42:24	17.38	--	17	29546	买盘
10:42:21	17.38	0.01	6	10428	买盘
10:42:18	17.37	--	10	17370	卖盘
10:42:12	17.37	-0.01	92	159804	卖盘
10:42:00	17.38	--	16	27808	买盘
10:41:54	17.38	--	64	112622	卖盘
10:41:51	17.38	--	5	8690	卖盘
10:41:48	17.38	--	10	17380	卖盘
10:41:42	17.38	--	48	83771	买盘
10:41:36	17.38	--	21	36498	买盘
10:41:24	17.38	0.01	41	71258	买盘
10:41:06	17.37	-0.01	10	17370	卖盘
10:41:03	17.38	--	20	34760	买盘
10:41:00	17.38	--	16	27808	买盘
10:40:54	17.38	0.01	10	17380	买盘
10:40:51	17.37	-0.01	25	43425	卖盘
10:40:48	17.38	0.01	15	26070	买盘
10:40:39	17.37	--	17	29529	买盘
10:40:36	17.37	--	3	5211	买盘
10:40:33	17.37	0.01	1	1737	买盘
10:40:18	17.36	--	24	41664	卖盘
10:40:03	17.36	--	10	18349	买盘
10:40:00	17.36	--	11	19096	买盘
10:39:54	17.36	--	12	20832	买盘
10:39:45	17.36	--	24	41664	买盘
10:39:36	17.36	0.01	19	32984	买盘
10:39:33	17.35	--	5	9369	卖盘
10:39:27	17.35	-0.01	10	17350	卖盘
10:39:24	17.36	--	3	5208	买盘
10:39:21	17.36	--	43	75394	卖盘
10:39:18	17.36	--	6	11405	卖盘
10:39:15	17.36	-0.01	41	71176	卖盘
10:39:09	17.37	--	2	3474	买盘
10:39:03	17.37	--	5	8685	卖盘
10:39:00	17.37	--	13	22581	卖盘
10:38:57	17.37	-0.02	39	67743	卖盘
10:38:45	17.39	--	5	8695	买盘
10:38:27	17.39	--	8	14955	卖盘
10:38:24	17.39	--	72	125208	卖盘
10:38:21	17.39	--	15	26085	卖盘
10:38:09	17.39	--	8	13912	卖盘
10:38:00	17.39	--	2	3478	卖盘
10:37:57	17.39	-0.01	7	12173	卖盘
10:37:51	17.4	--	3	5220	卖盘
10:37:48	17.4	--	58	100919	买盘
10:37:42	17.4	--	4	6959	买盘
10:37:36	17.4	--	46	80040	卖盘
10:37:33	17.4	--	16	27839	卖盘
10:37:24	17.4	--	22	38280	卖盘
10:37:21	17.4	--	9	15659	卖盘
10:37:15	17.4	--	2	3479	卖盘
10:37:12	17.4	--	50	87000	卖盘
10:37:09	17.4	--	1	1739	卖盘
10:37:03	17.4	--	27	46979	买盘
10:36:54	17.4	--	28	48719	卖盘
10:36:48	17.4	--	3	5220	卖盘
10:36:45	17.4	--	11	19140	卖盘
10:36:42	17.4	0.01	164	285360	买盘
10:36:39	17.39	--	18	31302	卖盘
10:36:36	17.39	--	6	10434	卖盘
10:36:33	17.39	--	30	52170	卖盘
10:36:30	17.39	--	20	34780	卖盘
10:36:27	17.39	--	50	86950	卖盘
10:36:21	17.39	--	5	8695	卖盘
10:36:18	17.39	-0.01	6	10434	卖盘
10:36:12	17.4	0.01	49	85260	买盘
10:36:09	17.39	--	6	10434	卖盘
10:36:06	17.39	--	8	13912	卖盘
10:36:00	17.39	--	14	24346	卖盘
10:35:54	17.39	-0.01	23	39997	卖盘
10:35:51	17.4	--	37	64379	买盘
10:35:45	17.4	0.01	11	19140	买盘
10:35:42	17.39	--	1	1739	卖盘
10:35:39	17.39	--	11	19129	卖盘
10:35:36	17.39	0.01	141	245894	买盘
10:35:30	17.38	--	60	104280	卖盘
10:35:18	17.38	0.03	40	69520	买盘
10:34:57	17.35	--	10	17350	卖盘
10:34:54	17.35	0.01	10	17350	卖盘
10:34:51	17.34	--	17	29478	买盘
10:34:48	17.34	--	1	1734	买盘
10:34:45	17.34	--	4	6936	买盘
10:34:39	17.34	-0.04	78	135252	卖盘
10:34:36	17.38	0.04	80	139040	买盘
10:34:33	17.34	-0.01	71	123114	卖盘
10:34:27	17.35	0.01	12	20820	买盘
10:34:24	17.34	--	5	8670	卖盘
10:34:21	17.34	-0.01	50	86700	卖盘
10:34:18	17.35	0.01	2	3470	买盘
10:34:12	17.34	--	2	3468	卖盘
10:34:09	17.34	0.01	17	29478	买盘
10:34:03	17.33	--	8	13863	中性盘
10:33:54	17.33	0.01	35	60654	买盘
10:33:51	17.32	-0.01	56	96992	卖盘
10:33:48	17.33	--	20	34660	买盘
10:33:45	17.33	--	55	95314	买盘
10:33:36	17.33	0.01	101	175032	买盘
10:33:30	17.32	--	55	95260	卖盘
10:33:24	17.32	--	59	103868	买盘
10:33:12	17.32	--	5	8711	卖盘
10:33:06	17.32	--	4	8608	买盘
10:32:57	17.32	0.01	1	1732	买盘
10:32:51	17.31	--	19	32889	卖盘
10:32:45	17.31	--	2	3461	卖盘
10:32:39	17.31	--	1	1730	买盘
10:32:36	17.31	0.01	2	3461	买盘
10:32:30	17.3	--	7	12110	卖盘
10:32:27	17.3	0.02	59	102070	买盘
10:32:21	17.28	--	2	3456	买盘
10:32:18	17.28	0.01	5	8640	买盘
10:32:15	17.27	-0.01	20	34540	卖盘
10:32:09	17.28	--	24	41472	买盘
10:32:06	17.28	--	14	24192	买盘
10:32:03	17.28	--	8	13824	买盘
10:32:00	17.28	0.01	12	20736	中性盘
10:31:51	17.27	-0.03	70	120890	卖盘
10:31:48	17.3	0.03	15	25950	买盘
10:31:39	17.27	-0.03	3	5181	卖盘
10:31:21	17.3	--	16	27680	买盘
10:31:18	17.3	0.03	10	17300	买盘
10:31:15	17.27	-0.03	30	51810	卖盘
10:31:00	17.3	--	1	1730	买盘
10:30:57	17.3	--	4	6920	卖盘
10:30:51	17.3	--	83	143590	卖盘
10:30:48	17.3	--	1	1730	卖盘
10:30:45	17.3	--	12	20760	卖盘
10:30:42	17.3	-0.02	2	3460	卖盘
10:30:39	17.32	--	5	8660	买盘
10:30:36	17.32	--	76	131683	卖盘
10:30:33	17.32	--	94	163500	卖盘
10:30:30	17.32	-0.01	20	34640	卖盘
10:30:27	17.33	0.01	26	45057	买盘
10:30:24	17.32	-0.01	23	40823	卖盘
10:30:21	17.33	--	51	88382	买盘
10:30:18	17.33	--	45	79024	卖盘
10:30:15	17.33	--	35	60654	卖盘
10:30:09	17.33	--	10	17330	卖盘
10:30:03	17.33	-0.01	60	103979	卖盘
10:29:51	17.34	0.01	5	8670	买盘
10:29:48	17.33	-0.01	151	261682	卖盘
10:29:45	17.34	--	10	17340	买盘
10:29:42	17.34	--	10	17340	买盘
10:29:33	17.34	--	9	15606	买盘
10:29:27	17.34	--	7	12138	买盘
10:29:21	17.34	--	2	3468	买盘
10:29:18	17.34	--	116	201144	买盘
10:29:09	17.34	--	5	8670	买盘
10:29:06	17.34	--	10	17340	买盘
10:29:03	17.34	0.01	3	5202	买盘
10:29:00	17.33	-0.01	2	3465	卖盘
10:28:57	17.34	0.01	20	34680	买盘
10:28:54	17.33	-0.01	4	7971	卖盘
10:28:51	17.34	0.01	9	15606	买盘
10:28:48	17.33	-0.01	3	5198	卖盘
10:28:42	17.34	0.01	26	45084	买盘
10:28:36	17.33	-0.01	13	22528	卖盘
10:28:18	17.34	--	3	5202	买盘
10:28:09	17.34	0.01	20	34680	中性盘
10:27:57	17.33	--	29	50256	卖盘
10:27:54	17.33	--	12	20795	卖盘
10:27:51	17.33	-0.01	49	86303	卖盘
10:27:42	17.34	-0.01	5	8670	中性盘
10:27:39	17.35	--	121	209935	买盘
10:27:33	17.35	--	10	17350	买盘
10:27:24	17.35	--	4	6940	卖盘
10:27:18	17.35	-0.01	1	1735	买盘
10:27:09	17.36	0.02	9	15624	买盘
10:27:06	17.34	--	3	5202	卖盘
10:27:03	17.34	-0.02	33	57222	卖盘
10:26:57	17.36	--	3	5208	买盘
10:26:54	17.36	0.02	14	24304	买盘
10:26:48	17.34	--	1	1734	卖盘
10:26:45	17.34	-0.02	25	43350	卖盘
10:26:36	17.36	--	100	173600	买盘
10:26:33	17.36	--	14	24304	卖盘
10:26:27	17.36	--	11	19096	卖盘
10:26:24	17.36	-0.03	50	86800	卖盘
10:26:12	17.39	--	20	34780	买盘
10:26:09	17.39	--	10	17390	买盘
10:26:06	17.39	--	33	58430	卖盘
10:25:57	17.39	--	34	59126	卖盘
10:25:54	17.39	--	62	108513	买盘
10:25:51	17.39	0.03	30	52170	买盘
10:25:48	17.36	--	15	27081	卖盘
10:25:45	17.36	--	10	17360	卖盘
10:25:42	17.36	--	23	39928	卖盘
10:25:39	17.36	--	6	11110	卖盘
10:25:36	17.36	--	1	1736	卖盘
10:25:33	17.36	-0.03	54	93744	卖盘
10:25:27	17.39	--	3	5217	买盘
10:25:24	17.39	0.03	29	50431	买盘
10:25:21	17.36	-0.04	3	5208	卖盘
10:25:09	17.4	--	20	34800	买盘
10:25:06	17.4	--	2	3479	买盘
10:25:03	17.4	--	20	34800	卖盘
10:25:00	17.4	--	35	60899	卖盘
10:24:57	17.4	-0.01	11	19140	卖盘
10:24:54	17.41	0.01	4	6964	买盘
10:24:48	17.4	--	7	12179	买盘
10:24:45	17.4	-0.02	56	97439	中性盘
10:24:21	17.42	--	50	87100	买盘
10:24:18	17.42	--	4	6968	买盘
10:24:15	17.42	--	41	72171	卖盘
10:24:12	17.42	--	51	89834	卖盘
10:24:09	17.42	-0.01	120	209040	卖盘
10:24:06	17.43	0.01	53	92379	买盘
10:24:03	17.42	--	8	13936	卖盘
10:23:57	17.42	-0.02	102	177684	卖盘
10:23:51	17.44	0.02	117	204048	买盘
10:23:48	17.42	--	101	175942	卖盘
10:23:45	17.42	--	23	40066	卖盘
10:23:42	17.42	-0.01	125	217750	卖盘
10:23:39	17.43	0.01	18	31374	买盘
10:23:36	17.42	--	163	283946	卖盘
10:23:33	17.42	--	1	1742	卖盘
10:23:27	17.42	0.02	355	618410	买盘
10:23:24	17.4	0.01	20	34800	买盘
10:23:18	17.39	-0.01	2	3478	买盘
10:23:15	17.4	--	3	5220	买盘
10:23:12	17.4	--	4	6959	买盘
10:23:09	17.4	--	30	52199	买盘
10:23:06	17.4	-0.03	3	5220	中性盘
10:23:00	17.43	0.03	192	334656	买盘
10:22:57	17.4	--	30	52199	买盘
10:22:54	17.4	-0.01	172	299280	中性盘
10:22:51	17.41	0.06	5	8705	中性盘
10:22:48	17.35	-0.09	69	119715	卖盘
10:22:45	17.44	0.04	64	111616	买盘
10:22:39	17.4	-0.04	13	22619	中性盘
10:22:36	17.44	--	62	108128	买盘
10:22:33	17.44	--	15	26160	买盘
10:22:27	17.44	0.09	2	3488	买盘
10:22:21	17.35	-0.08	87	150945	卖盘
10:22:18	17.43	0.02	98	170814	买盘
10:22:15	17.41	-0.01	18	31338	卖盘
10:22:09	17.42	0.01	14	24388	买盘
10:22:06	17.41	-0.01	2	3482	卖盘
10:22:03	17.42	0.03	91	158522	买盘
10:22:00	17.39	-0.01	31	53909	中性盘
10:21:54	17.4	--	85	147900	买盘
10:21:51	17.4	--	20	34800	买盘
10:21:48	17.4	0.01	21	36540	买盘
10:21:45	17.39	--	199	346061	买盘
10:21:42	17.39	0.01	22	38258	买盘
10:21:39	17.38	--	12	20856	卖盘
10:21:36	17.38	--	1	1738	卖盘
10:21:33	17.38	--	14	24332	买盘
10:21:30	17.38	0.03	39	67782	买盘
10:21:27	17.35	--	5	8675	卖盘
10:21:24	17.35	--	1	1735	卖盘
10:21:21	17.35	-0.02	29	50662	卖盘
10:21:18	17.37	--	5	8685	卖盘
10:21:15	17.37	0.02	26	46742	买盘
10:21:12	17.35	-0.02	19	32965	卖盘
10:21:09	17.37	--	5	8841	卖盘
10:21:03	17.37	0.02	84	147488	买盘
10:21:00	17.35	--	2	3470	卖盘
10:20:57	17.35	--	12	20820	卖盘
10:20:54	17.35	--	5	8675	卖盘
10:20:51	17.35	-0.01	7	12145	卖盘
10:20:48	17.36	0.01	7	12152	中性盘
10:20:45	17.35	--	19	32965	卖盘
10:20:42	17.35	-0.01	17	29495	卖盘
10:20:39	17.36	--	14	24304	买盘
10:20:36	17.36	0.01	4	6944	买盘
10:20:33	17.35	--	2	3470	卖盘
10:20:30	17.35	-0.01	2	3470	卖盘
10:20:24	17.36	--	32	55552	买盘
10:20:18	17.36	--	13	22568	买盘
10:20:15	17.36	--	12	20832	买盘
10:20:12	17.36	--	109	189224	买盘
10:20:09	17.36	--	17	29737	卖盘
10:20:06	17.36	--	312	543142	卖盘
10:20:03	17.36	-0.03	68	118048	卖盘
10:20:00	17.39	0.03	9	15651	买盘
10:19:57	17.36	--	15	26040	卖盘
10:19:54	17.36	-0.03	34	59024	卖盘
10:19:48	17.39	0.05	69	119991	买盘
10:19:45	17.34	-0.02	20	34680	卖盘
10:19:42	17.36	--	3	5208	买盘
10:19:39	17.36	-0.03	17	29512	卖盘
10:19:36	17.39	--	28	48692	买盘
10:19:30	17.39	0.03	188	326932	买盘
10:19:27	17.36	-0.02	35	60760	卖盘
10:19:24	17.38	0.02	387	672606	买盘
10:19:21	17.36	--	16	27776	卖盘
10:19:18	17.36	--	20	34720	卖盘
10:19:12	17.36	0.03	161	279496	买盘
10:19:09	17.33	-0.02	230	398589	卖盘
10:19:03	17.35	0.02	116	201260	买盘
10:19:00	17.33	--	1	1732	卖盘
10:18:57	17.33	0.01	48	83183	买盘
10:18:54	17.32	-0.01	7	12124	卖盘
10:18:51	17.33	--	10	17330	买盘
10:18:48	17.33	--	51	88382	买盘
10:18:45	17.33	--	5	8665	买盘
10:18:42	17.33	-0.02	25	43324	买盘
10:18:39	17.35	0.04	129	223815	买盘
10:18:36	17.31	-0.04	29	50198	卖盘
10:18:33	17.35	0.03	56	97160	买盘
10:18:24	17.32	0.01	202	349864	买盘
10:18:21	17.31	0.01	11	19041	买盘
10:18:18	17.3	--	5	8650	卖盘
10:18:12	17.3	--	81	140130	买盘
10:18:09	17.3	0.01	168	290640	买盘
10:18:06	17.29	--	51	88179	卖盘
10:18:03	17.29	--	53	91637	买盘
10:17:57	17.29	--	290	501410	买盘
10:17:54	17.29	0.01	99	171171	买盘
10:17:51	17.28	--	3	5184	卖盘
10:17:48	17.28	--	15	27613	卖盘
10:17:45	17.28	--	7	12096	卖盘
10:17:42	17.28	--	12	20736	买盘
10:17:39	17.28	--	180	311040	买盘
10:17:33	17.28	0.01	2	3456	买盘
10:17:30	17.27	--	11	18997	卖盘
10:17:27	17.27	0.01	10	17270	买盘
10:17:24	17.26	-0.01	1	1726	卖盘
10:17:21	17.27	--	22	37994	买盘
10:17:18	17.27	0.01	32	55264	买盘
10:17:12	17.26	--	5	8630	卖盘
10:17:09	17.26	--	39	67314	买盘
10:17:06	17.26	--	2	3452	买盘
10:17:03	17.26	--	27	46602	买盘
10:17:00	17.26	--	1	1726	买盘
10:16:57	17.26	0.01	23	39698	买盘
10:16:54	17.25	--	55	94875	卖盘
10:16:51	17.25	--	5	8625	卖盘
10:16:48	17.25	--	10	17250	卖盘
10:16:45	17.25	--	10	17250	买盘
10:16:42	17.25	--	7	12075	卖盘
10:16:39	17.25	0.01	53	91425	买盘
10:16:36	17.24	-0.01	23	39652	卖盘
10:16:30	17.25	--	39	67275	买盘
10:16:27	17.25	--	58	100050	买盘
10:16:24	17.25	--	89	153525	卖盘
10:16:21	17.25	--	42	72450	卖盘
10:16:09	17.25	--	11	18975	买盘
10:16:03	17.25	-0.01	11	18975	卖盘
10:16:00	17.26	--	3	5178	买盘
10:15:54	17.26	0.04	1	1726	买盘
10:15:42	17.22	-0.01	220	378840	卖盘
10:15:39	17.23	-0.02	3	5169	买盘
10:15:33	17.25	--	28	48300	买盘
10:15:30	17.25	--	18	31050	买盘
10:15:27	17.25	0.02	24	41400	买盘
10:15:24	17.23	-0.02	18	31014	卖盘
10:15:21	17.25	0.02	10	17250	买盘
10:15:15	17.23	--	7	12061	买盘
10:15:09	17.23	0.01	43	74089	买盘
10:15:00	17.22	0.01	161	277242	买盘
10:14:54	17.21	--	50	86050	卖盘
10:14:45	17.21	--	2	3442	卖盘
10:14:36	17.21	--	224	385504	买盘
10:14:33	17.21	0.01	13	22373	买盘
10:14:27	17.2	-0.01	28	48160	卖盘
10:14:21	17.21	0.01	100	172100	买盘
10:14:15	17.2	--	79	136224	买盘
10:14:12	17.2	--	28	48160	买盘
10:14:06	17.2	--	1	1720	买盘
10:14:00	17.2	0.02	20	34400	买盘
10:13:54	17.18	--	66	113388	卖盘
10:13:51	17.18	-0.02	48	82464	卖盘
10:13:45	17.2	0.01	154	264880	买盘
10:13:42	17.19	0.01	80	137520	买盘
10:13:39	17.18	-0.01	50	85900	中性盘
10:13:24	17.19	0.01	105	180495	买盘
10:13:21	17.18	--	101	173518	买盘
10:13:18	17.18	--	118	202724	买盘
10:13:15	17.18	--	32	54976	买盘
10:13:09	17.18	--	3	5154	买盘
10:13:06	17.18	--	5	8590	买盘
10:12:57	17.18	--	23	39514	买盘
10:12:51	17.18	0.01	18	30924	买盘
10:12:48	17.17	-0.01	1	1717	卖盘
10:12:45	17.18	--	20	34360	买盘
10:12:42	17.18	0.01	2	3436	买盘
10:12:39	17.17	--	4	6868	卖盘
10:12:36	17.17	--	20	34340	卖盘
10:12:33	17.17	-0.01	3	5151	卖盘
10:12:30	17.18	0.01	23	39514	买盘
10:12:24	17.17	--	68	116756	卖盘
10:12:21	17.17	0.01	29	49793	买盘
10:12:18	17.16	-0.01	40	68640	卖盘
10:12:15	17.17	--	60	103020	买盘
10:12:06	17.17	--	39	66963	买盘
10:12:03	17.17	0.02	30	51510	买盘
10:12:00	17.15	--	29	49734	卖盘
10:11:51	17.15	--	10	17150	卖盘
10:11:48	17.15	--	2	3429	卖盘
10:11:39	17.15	-0.02	50	85750	卖盘
10:11:36	17.17	0.01	65	111605	买盘
10:11:33	17.16	-0.01	5	8580	卖盘
10:11:27	17.17	--	7	12019	买盘
10:11:24	17.17	--	2	3434	买盘
10:11:18	17.17	--	37	63529	买盘
10:11:15	17.17	0.01	13	22321	买盘
10:11:12	17.16	--	5	8580	卖盘
10:11:00	17.16	--	14	24024	卖盘
10:10:54	17.16	-0.01	15	25740	卖盘
10:10:51	17.17	--	10	17170	买盘
10:10:42	17.17	--	45	77265	买盘
10:10:33	17.17	-0.01	2	3434	中性盘
10:10:27	17.18	0.01	100	171800	买盘
10:10:24	17.17	0.01	8	13736	买盘
10:10:21	17.16	--	2	3432	卖盘
10:10:18	17.16	-0.01	200	343886	卖盘
10:10:15	17.17	--	42	72114	卖盘
10:10:12	17.17	--	30	51510	卖盘
10:10:09	17.17	--	10	17170	卖盘
10:10:06	17.17	--	106	182345	买盘
10:10:03	17.17	0.01	11	18887	买盘
10:10:00	17.16	--	20	34320	卖盘
10:09:54	17.16	--	118	203517	买盘
10:09:48	17.16	--	30	51480	买盘
10:09:42	17.16	0.01	8	13728	买盘
10:09:39	17.15	--	65	111474	买盘
10:09:36	17.15	--	35	60024	卖盘
10:09:33	17.15	--	3	5145	卖盘
10:09:27	17.15	-0.01	20	34300	卖盘
10:09:21	17.16	--	0	686	卖盘
10:09:12	17.16	--	0	1029	买盘
10:09:03	17.16	--	49	84084	买盘
10:09:00	17.16	0.01	3	5148	买盘
10:08:54	17.15	--	85	145775	卖盘
10:08:48	17.15	--	15	25724	卖盘
10:08:42	17.15	--	9	15434	卖盘
10:08:36	17.15	--	5	8575	卖盘
10:08:21	17.15	--	25	42875	卖盘
10:08:18	17.15	-0.01	17	29154	中性盘
10:08:09	17.16	0.01	35	60060	买盘
10:07:57	17.15	--	41	70315	卖盘
10:07:54	17.15	--	59	101184	买盘
10:07:48	17.15	--	2	3429	买盘
10:07:42	17.15	0.01	26	44589	买盘
10:07:36	17.14	--	45	77130	卖盘
10:07:33	17.14	0.01	137	234818	买盘
10:07:30	17.13	--	45	77085	卖盘
10:07:15	17.13	-0.01	40	68520	卖盘
10:06:57	17.14	-0.02	3	5142	中性盘
10:06:54	17.16	0.02	10	17160	买盘
10:06:51	17.14	-0.02	13	22282	卖盘
10:06:48	17.16	0.01	52	89232	买盘
10:06:45	17.15	-0.01	76	130339	卖盘
10:06:42	17.16	--	19	32604	买盘
10:06:27	17.16	--	5	9266	卖盘
10:06:24	17.16	--	8	14757	卖盘
10:06:21	17.16	--	50	85800	卖盘
10:06:15	17.16	--	67	114972	卖盘
10:06:09	17.16	--	20	34320	卖盘
10:06:06	17.16	-0.02	10	17160	卖盘
10:06:03	17.18	0.02	42	72156	买盘
10:06:00	17.16	-0.02	1	1716	卖盘
10:05:57	17.18	0.01	189	324702	买盘
10:05:54	17.17	--	9	15453	中性盘
10:05:51	17.17	-0.01	20	34340	中性盘
10:05:42	17.18	--	40	68720	买盘
10:05:33	17.18	0.02	76	130568	买盘
10:05:24	17.16	-0.01	10	17160	卖盘
10:05:21	17.17	0.02	227	389759	买盘
10:05:15	17.15	--	30	51449	卖盘
10:05:12	17.15	--	19	32584	买盘
10:05:09	17.15	--	40	68600	买盘
10:05:06	17.15	0.01	11	18865	买盘
10:05:03	17.14	--	12	20568	卖盘
10:05:00	17.14	--	2	3428	卖盘
10:04:57	17.14	--	3	5142	卖盘
10:04:54	17.14	0.01	17	29309	买盘
10:04:48	17.13	-0.01	15	25695	卖盘
10:04:45	17.14	0.01	18	30852	买盘
10:04:42	17.13	--	62	106206	卖盘
10:04:36	17.13	--	15	25695	卖盘
10:04:33	17.13	0.01	71	121623	买盘
10:04:27	17.12	-0.01	10	17120	卖盘
10:04:24	17.13	0.01	40	68520	买盘
10:04:21	17.12	--	235	402320	卖盘
10:04:12	17.12	--	10	17120	卖盘
10:04:09	17.12	-0.01	20	34240	卖盘
10:04:03	17.13	--	4	6852	买盘
10:03:57	17.13	0.01	6	10278	买盘
10:03:54	17.12	-0.02	2	3424	卖盘
10:03:42	17.14	--	60	102840	卖盘
10:03:39	17.14	--	100	171400	卖盘
10:03:36	17.14	-0.01	3	5142	卖盘
10:03:33	17.15	--	34	58309	卖盘
10:03:27	17.15	0.01	5	8575	卖盘
10:03:24	17.14	-0.01	161	275954	卖盘
10:03:21	17.15	0.01	1	1714	卖盘
10:03:15	17.14	--	105	180655	卖盘
10:03:09	17.14	-0.01	19	32566	卖盘
10:03:06	17.15	--	7	12004	卖盘
10:03:03	17.15	--	25	42875	买盘
10:03:00	17.15	--	3	5145	买盘
10:02:51	17.15	-0.01	6	10290	卖盘
10:02:48	17.16	0.01	14	24024	买盘
10:02:45	17.15	--	7	12004	卖盘
10:02:42	17.15	-0.01	3	5145	卖盘
10:02:36	17.16	0.01	4	6864	买盘
10:02:27	17.15	-0.01	1	1714	卖盘
10:02:24	17.16	0.01	10	17160	买盘
10:02:21	17.15	--	1	1714	卖盘
10:02:18	17.15	--	5	8575	卖盘
10:02:12	17.15	-0.01	18	30869	卖盘
10:02:09	17.16	0.01	21	36036	买盘
10:01:57	17.15	0.01	17	29154	买盘
10:01:54	17.14	--	29	49706	卖盘
10:01:39	17.14	0.02	11	19882	买盘
10:01:33	17.12	-0.02	9	15408	卖盘
10:01:27	17.14	0.02	60	102840	买盘
10:01:15	17.12	--	22	37664	买盘
10:01:12	17.12	0.01	15	25680	买盘
10:01:03	17.11	--	2	3422	卖盘
10:00:54	17.11	0.01	85	145435	买盘
10:00:48	17.1	-0.01	3	5130	卖盘
10:00:36	17.11	0.02	5	8555	买盘
10:00:30	17.09	-0.02	71	121339	卖盘
10:00:18	17.11	--	1	1711	卖盘
10:00:15	17.11	--	101	172811	卖盘
10:00:12	17.11	--	1	1711	卖盘
10:00:06	17.11	--	6	10266	卖盘
10:00:03	17.11	0.01	126	215586	买盘
10:00:00	17.1	--	4	6840	卖盘
09:59:54	17.1	-0.01	10	17100	卖盘
09:59:36	17.11	--	8	13688	卖盘
09:59:33	17.11	-0.01	49	83839	卖盘
09:59:30	17.12	--	10	17120	买盘
09:59:27	17.12	-0.01	9	15408	买盘
09:59:24	17.13	0.01	41	70233	买盘
09:59:15	17.12	--	23	39376	卖盘
09:59:09	17.12	-0.01	89	152368	卖盘
09:59:06	17.13	0.01	24	41112	买盘
09:59:03	17.12	--	5	8560	卖盘
09:58:57	17.12	--	5	8560	卖盘
09:58:54	17.12	0.01	2	3424	卖盘
09:58:51	17.11	-0.01	20	34220	卖盘
09:58:48	17.12	0.01	86	147232	中性盘
09:58:33	17.11	-0.02	3	5133	卖盘
09:58:30	17.13	0.01	8	13704	买盘
09:58:27	17.12	--	11	18832	卖盘
09:58:21	17.12	0.02	143	244816	买盘
09:58:18	17.1	--	17	29070	卖盘
09:58:12	17.1	-0.01	1	1710	卖盘
09:58:06	17.11	--	39	66729	卖盘
09:58:03	17.11	0.01	11	18821	买盘
09:58:00	17.1	0.03	44	75240	中性盘
09:57:42	17.07	-0.03	6	10242	卖盘
09:57:39	17.1	--	49	83790	卖盘
09:57:33	17.1	0.03	1	1710	买盘
09:57:24	17.07	--	20	34140	卖盘
09:57:18	17.07	--	39	66573	卖盘
09:57:12	17.07	--	19	32433	买盘
09:57:09	17.07	--	9	15363	买盘
09:57:00	17.07	--	7	11949	卖盘
09:56:51	17.07	-0.06	609	1039563	卖盘
09:56:45	17.13	--	1	1713	买盘
09:56:36	17.13	--	24	41112	卖盘
09:56:33	17.13	--	29	49677	卖盘
09:56:27	17.13	0.03	97	166161	买盘
09:56:24	17.1	-0.03	1	1710	卖盘
09:56:21	17.13	--	10	17130	卖盘
09:56:18	17.13	-0.01	3	5139	买盘
09:56:15	17.14	0.04	4	6856	买盘
09:56:12	17.1	-0.03	294	502740	卖盘
09:56:09	17.13	--	35	60297	卖盘
09:56:06	17.13	-0.01	34	58242	卖盘
09:56:00	17.14	--	100	171400	买盘
09:55:51	17.14	0.01	16	27424	买盘
09:55:42	17.13	-0.01	4	6852	卖盘
09:55:36	17.14	--	3	5142	买盘
09:55:15	17.14	0.01	1	1714	买盘
09:55:12	17.13	--	7	11991	卖盘
09:55:09	17.13	--	10	17130	卖盘
09:55:06	17.13	-0.01	17	29121	卖盘
09:54:57	17.14	-0.03	505	865570	卖盘
09:54:54	17.17	--	2	3434	买盘
09:54:45	17.17	--	4	6868	卖盘
09:54:42	17.17	--	2	3434	卖盘
09:54:36	17.17	-0.01	5	8585	卖盘
09:54:33	17.18	0.01	2	3436	买盘
09:54:24	17.17	--	20	34340	卖盘
09:54:21	17.17	--	14	24038	卖盘
09:54:15	17.17	0.02	55	94435	买盘
09:54:09	17.15	--	2	3429	卖盘
09:54:06	17.15	--	5	8575	卖盘
09:54:03	17.15	--	60	102899	卖盘
09:53:57	17.15	-0.01	27	46304	卖盘
09:53:54	17.16	-0.01	10	17160	卖盘
09:53:51	17.17	0.02	5	8585	中性盘
09:53:39	17.15	-0.03	10	17150	卖盘
09:53:33	17.18	--	68	116824	买盘
09:53:09	17.18	0.04	2	3436	中性盘
09:53:00	17.14	-0.04	50	85700	卖盘
09:52:54	17.18	0.04	84	144312	买盘
09:52:42	17.14	--	30	51420	卖盘
09:52:39	17.14	--	5	8570	卖盘
09:52:36	17.14	--	166	284524	卖盘
09:52:30	17.14	-0.01	30	51420	卖盘
09:52:21	17.15	-0.01	243	417773	卖盘
09:52:15	17.16	--	5	8580	卖盘
09:52:06	17.16	0.01	5	9266	买盘
09:51:57	17.15	-0.01	57	97754	卖盘
09:51:51	17.16	--	2	4461	卖盘
09:51:48	17.16	--	16	27456	卖盘
09:51:45	17.16	--	12	20592	卖盘
09:51:39	17.16	--	25	42900	卖盘
09:51:33	17.16	--	11	18876	卖盘
09:51:30	17.16	--	47	81338	买盘
09:51:27	17.16	--	10	17160	买盘
09:51:24	17.16	--	39	66924	买盘
09:51:18	17.16	-0.01	146	251565	卖盘
09:51:15	17.17	-0.01	51	87567	卖盘
09:51:12	17.18	0.02	33	56694	买盘
09:51:06	17.16	-0.01	20	34320	卖盘
09:51:03	17.17	0.01	7	12019	买盘
09:51:00	17.16	--	40	68640	卖盘
09:50:57	17.16	--	92	158558	卖盘
09:50:48	17.16	-0.01	18	30888	卖盘
09:50:45	17.17	-0.01	16	27472	买盘
09:50:39	17.18	0.02	100	171800	买盘
09:50:36	17.16	--	8	13728	卖盘
09:50:33	17.16	-0.01	34	58344	卖盘
09:50:27	17.17	--	98	168266	卖盘
09:50:24	17.17	-0.01	3	5151	卖盘
09:50:21	17.18	0.01	2	3436	买盘
09:50:15	17.17	-0.01	3	5151	卖盘
09:50:12	17.18	--	27	46386	买盘
09:50:03	17.18	--	6	10308	买盘
09:50:00	17.18	--	5	8590	买盘
09:49:57	17.18	-0.01	35	60130	卖盘
09:49:54	17.19	0.01	11	18909	买盘
09:49:51	17.18	-0.01	47	80746	卖盘
09:49:48	17.19	0.01	55	94545	买盘
09:49:45	17.18	--	5	8590	卖盘
09:49:42	17.18	-0.01	43	73874	卖盘
09:49:39	17.19	0.01	3	5157	买盘
09:49:36	17.18	--	10	17180	卖盘
09:49:30	17.18	--	10	17180	卖盘
09:49:27	17.18	--	11	18898	卖盘
09:49:24	17.18	--	3	5154	卖盘
09:49:18	17.18	--	5	8590	卖盘
09:49:15	17.18	0.01	87	149466	买盘
09:49:12	17.17	0.01	40	68680	买盘
09:49:09	17.16	--	7	12012	卖盘
09:49:00	17.16	-0.02	30	51480	卖盘
09:48:57	17.18	0.02	91	156338	买盘
09:48:54	17.16	-0.02	15	25740	卖盘
09:48:51	17.18	-0.02	20	34360	卖盘
09:48:48	17.2	--	37	63640	买盘
09:48:45	17.2	--	13	22360	买盘
09:48:33	17.2	--	1	1720	买盘
09:48:30	17.2	-0.01	20	34400	买盘
09:48:21	17.21	0.06	5	8605	中性盘
09:48:18	17.15	-0.06	173	296695	卖盘
09:48:15	17.21	0.01	54	92934	买盘
09:48:12	17.2	-0.01	13	22360	卖盘
09:48:06	17.21	-0.01	1	1721	中性盘
09:48:03	17.22	0.01	70	120539	卖盘
09:47:54	17.21	--	58	99818	买盘
09:47:48	17.21	--	64	110144	卖盘
09:47:45	17.21	0.01	3	5163	卖盘
09:47:39	17.2	--	2	3440	买盘
09:47:36	17.2	--	7	12040	买盘
09:47:33	17.2	--	1	1720	买盘
09:47:30	17.2	-0.01	192	330240	卖盘
09:47:27	17.21	0.01	8	13768	买盘
09:47:24	17.2	--	1	1720	卖盘
09:47:21	17.2	--	3	5160	卖盘
09:47:18	17.2	0.05	156	268320	买盘
09:47:09	17.15	--	11	18865	卖盘
09:47:06	17.15	-0.03	9	15434	卖盘
09:47:00	17.18	0.01	30	51540	买盘
09:46:57	17.17	0.02	135	231795	买盘
09:46:54	17.15	0.01	39	66885	买盘
09:46:51	17.14	-0.01	2	3428	卖盘
09:46:45	17.15	0.01	40	68600	买盘
09:46:42	17.14	-0.01	2	3428	卖盘
09:46:39	17.15	0.01	13	22294	买盘
09:46:36	17.14	--	6	10284	卖盘
09:46:33	17.14	-0.01	10	17140	卖盘
09:46:30	17.15	0.01	11	18865	买盘
09:46:27	17.14	0.01	48	82272	买盘
09:46:24	17.13	--	67	114771	卖盘
09:46:21	17.13	--	83	142179	卖盘
09:46:18	17.13	-0.01	15	25695	中性盘
09:46:06	17.14	--	103	176542	买盘
09:46:03	17.14	--	28	47992	买盘
09:46:00	17.14	-0.01	38	65132	卖盘
09:45:57	17.15	0.01	3	5145	买盘
09:45:54	17.14	--	26	44564	买盘
09:45:51	17.14	0.01	24	41136	卖盘
09:45:45	17.13	--	20	34260	买盘
09:45:42	17.13	-0.01	35	59955	中性盘
09:45:36	17.14	0.03	13	22282	买盘
09:45:30	17.11	-0.03	3	5133	卖盘
09:45:27	17.14	--	3	5142	买盘
09:45:21	17.14	0.04	121	207394	买盘
09:45:18	17.1	0.01	21	35910	买盘
09:45:15	17.09	--	1	1709	卖盘
09:45:12	17.09	0.01	25	42725	买盘
09:45:09	17.08	--	13	22203	买盘
09:45:06	17.08	--	13	22203	卖盘
09:45:03	17.08	--	5	8540	卖盘
09:45:00	17.08	0.01	14	23911	买盘
09:44:54	17.07	--	15	25605	卖盘
09:44:51	17.07	-0.01	12	20484	卖盘
09:44:48	17.08	0.01	50	85399	买盘
09:44:36	17.07	--	41	69987	卖盘
09:44:33	17.07	--	54	93543	买盘
09:44:27	17.07	--	9	15363	买盘
09:44:21	17.07	--	1	1707	买盘
09:44:18	17.07	0.01	20	34140	买盘
09:44:15	17.06	--	10	17060	卖盘
09:43:54	17.06	-0.01	1	1705	卖盘
09:43:51	17.07	--	3	5121	买盘
09:43:48	17.07	--	8	13656	买盘
09:43:39	17.07	--	7	11949	买盘
09:43:36	17.07	--	50	85350	买盘
09:43:33	17.07	0.01	29	49503	买盘
09:43:27	17.06	-0.01	10	17060	中性盘
09:43:21	17.07	--	42	71694	买盘
09:43:12	17.07	0.01	34	58038	买盘
09:43:09	17.06	--	26	44697	卖盘
09:43:03	17.06	--	6	10236	卖盘
09:43:00	17.06	0.01	53	91782	买盘
09:42:57	17.05	--	35	59675	卖盘
09:42:54	17.05	-0.01	10	17050	卖盘
09:42:51	17.06	0.01	66	112595	买盘
09:42:45	17.05	--	33	56265	买盘
09:42:39	17.05	--	17	28985	买盘
09:42:36	17.05	--	1	1705	买盘
09:42:33	17.05	-0.01	10	17050	中性盘
09:41:54	17.06	0.03	50	85300	买盘
09:41:48	17.03	-0.01	2	3406	卖盘
09:41:42	17.04	0.01	62	105648	中性盘
09:41:33	17.03	-0.02	13	22139	卖盘
09:41:30	17.05	--	10	17050	买盘
09:41:24	17.05	0.02	6	10230	买盘
09:41:18	17.03	-0.02	10	17030	卖盘
09:41:00	17.05	--	3	5115	卖盘
09:40:57	17.05	--	41	69905	卖盘
09:40:51	17.05	--	7	11935	卖盘
09:40:48	17.05	0.02	26	44330	买盘
09:40:45	17.03	--	4	6812	卖盘
09:40:42	17.03	-0.02	51	86853	卖盘
09:40:36	17.05	--	32	54560	卖盘
09:40:27	17.05	--	2	3410	卖盘
09:40:24	17.05	0.02	14	23870	买盘
09:40:18	17.03	--	9	15327	卖盘
09:40:15	17.03	-0.01	4	6812	卖盘
09:39:57	17.04	--	13	22152	买盘
09:39:48	17.04	-0.02	2	3408	卖盘
09:39:45	17.06	0.02	100	170600	买盘
09:39:42	17.04	--	41	69864	卖盘
09:39:39	17.04	--	21	35784	卖盘
09:39:18	17.04	--	51	86904	卖盘
09:39:12	17.04	--	39	66456	卖盘
09:39:09	17.04	--	2	3408	卖盘
09:39:03	17.04	-0.02	2	3408	卖盘
09:38:51	17.06	0.01	33	56297	买盘
09:38:45	17.05	--	19	32395	买盘
09:38:42	17.05	0.01	50	85250	买盘
09:38:39	17.04	--	2	3408	卖盘
09:38:30	17.04	-0.01	33	56232	卖盘
09:38:24	17.05	--	15	25575	买盘
09:38:18	17.05	--	8	13640	卖盘
09:38:15	17.05	--	14	23870	卖盘
09:38:09	17.05	--	5	8525	卖盘
09:38:06	17.05	--	5	8525	卖盘
09:38:00	17.05	--	4	6820	卖盘
09:37:51	17.05	-0.02	6	10230	卖盘
09:37:42	17.07	0.02	100	170700	买盘
09:37:36	17.05	0.01	1	1705	中性盘
09:37:24	17.04	-0.03	21	35784	中性盘
09:37:15	17.07	--	11	19118	卖盘
09:37:12	17.07	--	23	39261	卖盘
09:37:09	17.07	--	8	13656	卖盘
09:37:06	17.07	0.02	12	21849	买盘
09:37:03	17.05	--	32	55583	卖盘
09:36:57	17.05	-0.02	20	34100	卖盘
09:36:48	17.07	0.02	4	6828	买盘
09:36:30	17.05	--	72	122760	卖盘
09:36:24	17.05	--	20	34100	卖盘
09:36:21	17.05	--	211	359755	卖盘
09:36:18	17.05	-0.02	175	298375	卖盘
09:36:15	17.07	--	6	10242	买盘
09:36:09	17.07	0.01	20	34140	买盘
09:36:06	17.06	0.01	94	161046	买盘
09:36:00	17.05	--	60	102300	卖盘
09:35:57	17.05	--	21	35805	卖盘
09:35:51	17.05	-0.01	10	17050	卖盘
09:35:48	17.06	0.01	417	711402	买盘
09:35:39	17.05	-0.01	18	30690	卖盘
09:35:33	17.06	--	75	127949	买盘
09:35:30	17.06	--	10	18083	卖盘
09:35:27	17.06	--	30	51179	卖盘
09:35:18	17.06	-0.01	22	37532	卖盘
09:35:15	17.07	--	24	40968	买盘
09:35:09	17.07	--	34	58038	买盘
09:34:45	17.07	--	5	8535	买盘
09:34:42	17.07	0.01	12	20484	买盘
09:34:39	17.06	-0.01	10	17060	卖盘
09:34:33	17.07	0.01	10	17070	买盘
09:34:30	17.06	-0.01	17	29001	卖盘
09:34:27	17.07	0.01	16	27312	买盘
09:34:24	17.06	--	51	87006	卖盘
09:34:21	17.06	-0.01	10	17060	卖盘
09:34:18	17.07	--	10	17070	买盘
09:34:15	17.07	0.01	2	3414	买盘
09:34:09	17.06	--	24	40944	卖盘
09:34:00	17.06	-0.02	1	1705	卖盘
09:33:57	17.08	0.02	45	76859	买盘
09:33:51	17.06	-0.01	10	17060	卖盘
09:33:45	17.07	0.01	10	17070	买盘
09:33:42	17.06	--	76	129655	卖盘
09:33:36	17.06	--	20	34120	卖盘
09:33:30	17.06	-0.01	13	22860	卖盘
09:33:27	17.07	0.01	13	22191	买盘
09:33:24	17.06	-0.01	17	29001	卖盘
09:33:21	17.07	0.01	99	168993	买盘
09:33:18	17.06	0.01	10	17060	买盘
09:33:15	17.05	--	3	5115	卖盘
09:33:09	17.05	-0.01	12	20460	卖盘
09:33:03	17.06	0.01	14	23884	买盘
09:33:00	17.05	-0.01	17	28985	买盘
09:32:57	17.06	--	9	15353	买盘
09:32:45	17.06	--	12	20472	卖盘
09:32:42	17.06	--	8	13647	卖盘
09:32:39	17.06	-0.02	4	6823	卖盘
09:32:30	17.08	-0.01	25	42699	买盘
09:32:24	17.09	--	3	5127	买盘
09:32:21	17.09	0.06	85	145265	买盘
09:32:15	17.03	-0.05	20	34060	卖盘
09:32:12	17.08	0.06	1	1707	买盘
09:32:03	17.02	-0.06	10	17020	卖盘
09:32:00	17.08	0.05	30	51239	买盘
09:31:54	17.03	--	1	1703	买盘
09:31:51	17.03	--	34	57902	买盘
09:31:48	17.03	--	68	115804	买盘
09:31:45	17.03	0.01	20	34060	买盘
09:31:42	17.02	-0.01	8	13616	卖盘
09:31:39	17.03	0.01	5	8515	买盘
09:31:33	17.02	--	5	8510	买盘
09:31:30	17.02	0.02	3	5106	买盘
09:31:27	17.0	--	14	23800	卖盘
09:31:24	17.0	--	11	18700	卖盘
09:31:21	17.0	0.01	63	107100	中性盘
09:31:15	16.99	-0.03	8	13591	中性盘
09:31:12	17.02	0.03	100	170200	买盘
09:31:06	16.99	--	20	33980	买盘
09:30:57	16.99	-0.01	5	8495	中性盘
09:30:42	17.0	0.05	12	20400	买盘
09:30:30	16.95	--	5	8475	卖盘
09:30:24	16.95	-0.02	24	40680	卖盘
09:30:21	16.97	0.02	28	47516	买盘
09:30:09	16.95	--	10	16950	卖盘
09:30:06	16.95	0.1	148	252216	买盘
09:30:03	16.85	0.08	125	210962	中性盘
09:30:00	16.77	--	0	0	卖盘
09:25:03	16.77	16.77	166	278382	买盘
