成交时间	成交价	价格变动	成交量(手)	成交额(元)	性质
15:00:03	8.58	0.01	3089	2650362	买盘
14:57:00	8.57	0.01	27	23139	买盘
14:56:57	8.56	-0.01	77	65912	卖盘
14:56:54	8.57	0.01	10	8570	买盘
14:56:48	8.56	-0.01	2	1712	卖盘
14:56:42	8.57	--	20	17140	买盘
14:56:39	8.57	0.01	10	8570	买盘
14:56:36	8.56	--	3	2568	卖盘
14:56:30	8.56	--	49	41944	卖盘
14:56:27	8.56	-0.01	7	5992	卖盘
14:56:24	8.57	--	7	5999	买盘
14:56:21	8.57	0.01	138	118266	买盘
14:56:18	8.56	-0.01	10	8560	卖盘
14:56:15	8.57	-0.01	93	79701	卖盘
14:56:12	8.58	--	134	114972	买盘
14:56:09	8.58	0.01	26	22308	买盘
14:56:06	8.57	--	31	26567	卖盘
14:56:03	8.57	-0.01	20	17140	卖盘
14:55:57	8.58	--	30	25740	买盘
14:55:54	8.58	--	7	6006	买盘
14:55:51	8.58	--	7	6006	买盘
14:55:48	8.58	--	6	5148	买盘
14:55:45	8.58	--	56	48048	买盘
14:55:33	8.58	0.01	25	21450	买盘
14:55:27	8.57	--	33	28281	买盘
14:55:24	8.57	--	91	77987	卖盘
14:55:21	8.57	-0.01	15	12855	卖盘
14:55:18	8.58	--	181	155298	买盘
14:55:15	8.58	0.01	21	18018	买盘
14:55:12	8.57	-0.01	31	26567	卖盘
14:55:09	8.58	--	27	23166	买盘
14:55:06	8.58	0.01	17	14586	买盘
14:55:03	8.57	0.01	965	827005	买盘
14:55:00	8.56	-0.01	33	28248	卖盘
14:54:57	8.57	--	50	42850	买盘
14:54:54	8.57	--	106	90842	买盘
14:54:51	8.57	0.01	16	13712	买盘
14:54:48	8.56	-0.01	38	32528	卖盘
14:54:45	8.57	--	6	5142	买盘
14:54:42	8.57	--	5	4285	买盘
14:54:39	8.57	0.01	1	857	买盘
14:54:36	8.56	-0.01	178	152368	卖盘
14:54:33	8.57	--	37	31709	买盘
14:54:30	8.57	--	45	38565	买盘
14:54:27	8.57	--	254	217678	买盘
14:54:18	8.57	--	25	21425	买盘
14:54:15	8.57	--	26	22282	买盘
14:54:09	8.57	--	89	76273	买盘
14:54:06	8.57	--	7	5999	买盘
14:54:00	8.57	--	7	5999	买盘
14:53:57	8.57	--	9	7713	买盘
14:53:54	8.57	0.01	9	7713	买盘
14:53:51	8.56	-0.01	32	27392	卖盘
14:53:48	8.57	0.01	94	80558	买盘
14:53:45	8.56	-0.01	30	25680	卖盘
14:53:42	8.57	--	2100	1799700	买盘
14:53:39	8.57	--	1	857	买盘
14:53:36	8.57	--	11	9427	买盘
14:53:30	8.57	--	6	5142	买盘
14:53:24	8.57	--	6	5142	买盘
14:53:21	8.57	--	6	5142	买盘
14:53:18	8.57	0.01	6	5142	买盘
14:53:15	8.56	-0.01	29	24824	卖盘
14:53:06	8.57	--	8	6856	买盘
14:53:03	8.57	0.01	1	857	买盘
14:53:00	8.56	-0.01	23	19688	买盘
14:52:57	8.57	0.02	6	5142	买盘
14:52:54	8.55	-0.02	16	13680	卖盘
14:52:51	8.57	0.01	187	160259	买盘
14:52:48	8.56	0.01	38	32528	买盘
14:52:45	8.55	-0.01	13	11115	卖盘
14:52:42	8.56	--	10	8560	买盘
14:52:39	8.56	--	16	13696	买盘
14:52:36	8.56	--	30	25680	买盘
14:52:33	8.56	-0.01	257	219992	卖盘
14:52:27	8.57	0.01	8	6856	买盘
14:52:24	8.56	--	7	5992	卖盘
14:52:18	8.56	-0.01	2	1712	卖盘
14:52:15	8.57	0.01	5	4285	买盘
14:52:12	8.56	--	16	13696	卖盘
14:52:06	8.56	-0.01	11	9416	卖盘
14:52:03	8.57	--	18	15426	买盘
14:51:54	8.57	--	11	9427	买盘
14:51:51	8.57	0.02	6	5142	买盘
14:51:48	8.55	-0.02	157	134235	卖盘
14:51:45	8.57	--	21	17997	买盘
14:51:42	8.57	0.01	1	857	买盘
14:51:39	8.56	-0.01	101	86456	卖盘
14:51:36	8.57	0.01	20	17140	买盘
14:51:30	8.56	--	11	9416	卖盘
14:51:27	8.56	--	2	1712	卖盘
14:51:24	8.56	--	12	10272	卖盘
14:51:18	8.56	--	23	19688	买盘
14:51:12	8.56	--	643	550408	卖盘
14:51:09	8.56	--	11	9416	卖盘
14:51:03	8.56	-0.01	13	11128	卖盘
14:51:00	8.57	--	2	1714	买盘
14:50:57	8.57	0.01	142	121694	买盘
14:50:54	8.56	-0.01	105	89880	卖盘
14:50:48	8.57	--	6	5142	买盘
14:50:42	8.57	0.01	7	5999	买盘
14:50:39	8.56	-0.01	1	856	卖盘
14:50:33	8.57	0.01	65	55705	买盘
14:50:27	8.56	--	22	18832	卖盘
14:50:24	8.56	0.01	3309	2832504	买盘
14:50:21	8.55	-0.01	31	26505	卖盘
14:50:15	8.56	--	1	856	买盘
14:50:12	8.56	--	17	14552	买盘
14:50:09	8.56	0.01	16	13696	买盘
14:50:03	8.55	--	91	77805	卖盘
14:50:00	8.55	-0.01	9	7695	卖盘
14:49:54	8.56	0.01	5	4280	买盘
14:49:51	8.55	-0.01	13	11115	卖盘
14:49:48	8.56	0.01	1	856	买盘
14:49:45	8.55	-0.01	3	2565	卖盘
14:49:42	8.56	--	2	1712	买盘
14:49:39	8.56	--	23	19688	买盘
14:49:36	8.56	--	33	28248	买盘
14:49:33	8.56	--	12	10272	买盘
14:49:30	8.56	0.01	411	351816	买盘
14:49:24	8.55	-0.01	99	84645	卖盘
14:49:21	8.56	--	7	5992	买盘
14:49:18	8.56	0.01	8	6848	买盘
14:49:12	8.55	-0.01	34	29070	卖盘
14:49:09	8.56	--	6	5136	买盘
14:49:06	8.56	0.01	3	2568	买盘
14:49:03	8.55	-0.01	10	8550	卖盘
14:49:00	8.56	0.01	16	13696	买盘
14:48:57	8.55	-0.01	54	46170	卖盘
14:48:54	8.56	0.01	78	66768	买盘
14:48:51	8.55	-0.01	33	28215	卖盘
14:48:42	8.56	--	66	56496	买盘
14:48:39	8.56	--	12	10272	买盘
14:48:36	8.56	--	212	181472	买盘
14:48:33	8.56	0.01	8	6848	买盘
14:48:30	8.55	-0.01	101	86355	卖盘
14:48:24	8.56	--	38	32528	买盘
14:48:21	8.56	0.01	6	5136	买盘
14:48:18	8.55	-0.01	10	8550	卖盘
14:48:15	8.56	0.01	6	5136	买盘
14:48:09	8.55	-0.01	12	10260	卖盘
14:48:06	8.56	0.01	7	5992	买盘
14:48:03	8.55	--	500	427500	卖盘
14:48:00	8.55	-0.01	4	3420	卖盘
14:47:57	8.56	--	98	83888	买盘
14:47:54	8.56	--	77	65912	买盘
14:47:51	8.56	--	6	5136	买盘
14:47:48	8.56	0.01	24	20544	买盘
14:47:45	8.55	-0.01	10	8550	卖盘
14:47:42	8.56	0.01	11	9416	买盘
14:47:39	8.55	-0.01	12	10260	卖盘
14:47:36	8.56	--	10	8560	买盘
14:47:30	8.56	--	21	17976	买盘
14:47:27	8.56	--	7	5992	买盘
14:47:21	8.56	--	6	5136	买盘
14:47:18	8.56	--	52	44512	买盘
14:47:15	8.56	0.01	6	5136	买盘
14:47:12	8.55	--	101	86355	卖盘
14:47:06	8.55	-0.01	121	103455	卖盘
14:47:03	8.56	--	6	5136	买盘
14:47:00	8.56	--	6	5136	买盘
14:46:57	8.56	--	13	11128	买盘
14:46:54	8.56	0.01	225	192600	买盘
14:46:51	8.55	-0.01	23	19665	卖盘
14:46:48	8.56	--	12	10272	买盘
14:46:45	8.56	0.01	2	1712	买盘
14:46:42	8.55	-0.01	8	6840	卖盘
14:46:33	8.56	0.01	7	5992	买盘
14:46:30	8.55	-0.01	62	53010	卖盘
14:46:27	8.56	0.01	6	5136	买盘
14:46:24	8.55	--	50	42750	卖盘
14:46:21	8.55	-0.01	6	5130	卖盘
14:46:18	8.56	--	18	15408	买盘
14:46:15	8.56	0.01	20	17120	买盘
14:46:12	8.55	--	93	79515	卖盘
14:46:09	8.55	-0.01	162	138510	卖盘
14:46:03	8.56	0.01	1	856	买盘
14:46:00	8.55	--	1	855	卖盘
14:45:57	8.55	--	68	58140	卖盘
14:45:54	8.55	--	7	5985	卖盘
14:45:51	8.55	-0.01	55	47025	卖盘
14:45:45	8.56	--	3	2568	买盘
14:45:42	8.56	0.01	275	235400	买盘
14:45:39	8.55	-0.01	100	85500	卖盘
14:45:36	8.56	0.01	1	856	买盘
14:45:33	8.55	--	10	8550	卖盘
14:45:24	8.55	--	203	173565	卖盘
14:45:21	8.55	-0.01	18	15390	卖盘
14:45:18	8.56	--	2	1712	买盘
14:45:15	8.56	--	33	28248	买盘
14:45:12	8.56	--	2	1712	买盘
14:45:06	8.56	0.01	1	856	买盘
14:45:03	8.55	-0.01	2	1710	卖盘
14:45:00	8.56	--	1	856	买盘
14:44:48	8.56	--	1	856	买盘
14:44:45	8.56	0.01	2	1712	买盘
14:44:33	8.55	--	323	276165	卖盘
14:44:30	8.55	--	5	4275	卖盘
14:44:27	8.55	--	111	94905	卖盘
14:44:24	8.55	--	205	175275	卖盘
14:44:21	8.55	--	98	83790	卖盘
14:44:18	8.55	-0.01	28	23940	卖盘
14:44:15	8.56	--	83	71048	买盘
14:44:12	8.56	--	1	856	买盘
14:44:09	8.56	--	3	2568	买盘
14:44:00	8.56	0.01	2	1712	买盘
14:43:57	8.55	-0.01	5	4275	卖盘
14:43:36	8.56	0.01	30	25680	买盘
14:43:27	8.55	--	120	102600	卖盘
14:43:15	8.55	-0.01	33	28300	卖盘
14:43:12	8.56	0.01	3	2568	买盘
14:43:09	8.55	--	2	1710	卖盘
14:43:00	8.55	-0.01	7	5985	卖盘
14:42:57	8.56	0.01	1	856	买盘
14:42:54	8.55	--	30	25650	卖盘
14:42:42	8.55	-0.01	2	1710	卖盘
14:42:33	8.56	--	1	856	买盘
14:42:30	8.56	--	2	1712	买盘
14:42:21	8.56	0.01	1	856	买盘
14:42:18	8.55	-0.01	100	85500	卖盘
14:42:12	8.56	0.01	3	2568	买盘
14:42:09	8.55	-0.01	100	85500	卖盘
14:42:03	8.56	0.01	1	856	买盘
14:42:00	8.55	--	272	232560	卖盘
14:41:48	8.55	--	50	42750	卖盘
14:41:45	8.55	--	6	5130	卖盘
14:41:27	8.55	-0.01	50	42750	卖盘
14:41:24	8.56	0.01	1	856	买盘
14:41:21	8.55	--	8	6840	卖盘
14:41:18	8.55	-0.01	89	76095	卖盘
14:41:15	8.56	--	1	856	买盘
14:41:06	8.56	--	2	1712	买盘
14:41:03	8.56	--	12	10272	买盘
14:40:57	8.56	--	1	856	买盘
14:40:54	8.56	--	17	14552	买盘
14:40:39	8.56	--	5	4280	买盘
14:40:33	8.56	--	1	856	买盘
14:40:30	8.56	0.01	12	10272	买盘
14:40:21	8.55	--	114	97470	卖盘
14:40:18	8.55	--	10	8550	卖盘
14:40:15	8.55	-0.01	20	17100	卖盘
14:40:09	8.56	0.01	390	333840	买盘
14:40:06	8.55	--	101	86355	买盘
14:40:03	8.55	0.01	104	88920	买盘
14:40:00	8.54	-0.01	3	2561	卖盘
14:39:57	8.55	--	26	22230	买盘
14:39:54	8.55	--	10	8550	买盘
14:39:51	8.55	0.01	27	23085	买盘
14:39:45	8.54	--	66	56363	卖盘
14:39:42	8.54	-0.01	1	853	卖盘
14:39:39	8.55	0.01	13	11115	买盘
14:39:36	8.54	--	50	42699	卖盘
14:39:33	8.54	-0.01	35	29889	卖盘
14:39:30	8.55	0.01	6	5130	买盘
14:39:24	8.54	--	60	51239	卖盘
14:39:21	8.54	-0.01	128	109311	卖盘
14:39:18	8.55	--	30	25650	买盘
14:39:15	8.55	0.01	6	5130	买盘
14:39:12	8.54	--	42	35868	卖盘
14:39:09	8.54	-0.01	7	5977	卖盘
14:39:06	8.55	--	1	855	买盘
14:39:03	8.55	--	15	12825	买盘
14:38:57	8.55	--	26	22230	买盘
14:38:54	8.55	--	7	5985	买盘
14:38:51	8.55	--	51	43605	买盘
14:38:48	8.55	--	300	256500	买盘
14:38:42	8.55	-0.01	183	156465	卖盘
14:38:39	8.56	0.01	1	856	买盘
14:38:36	8.55	-0.01	160	136800	卖盘
14:38:27	8.56	0.01	4	3424	买盘
14:38:24	8.55	-0.01	3	2565	中性盘
14:38:21	8.56	0.01	100	85600	买盘
14:38:15	8.55	-0.01	371	317205	卖盘
14:38:12	8.56	--	11	9416	买盘
14:38:09	8.56	--	1	856	买盘
14:38:06	8.56	0.01	63	53928	买盘
14:38:03	8.55	-0.01	39	33345	卖盘
14:38:00	8.56	0.01	72	61632	买盘
14:37:54	8.55	--	138	117990	卖盘
14:37:51	8.55	--	15	12825	卖盘
14:37:48	8.55	--	26	22230	卖盘
14:37:45	8.55	--	75	64125	卖盘
14:37:36	8.55	--	100	85500	卖盘
14:37:33	8.55	-0.01	24	20520	卖盘
14:37:30	8.56	--	30	25680	买盘
14:37:27	8.56	0.01	16	13696	买盘
14:37:24	8.55	-0.01	16	13680	卖盘
14:37:21	8.56	--	6	5136	买盘
14:37:12	8.56	0.01	21	17976	买盘
14:37:09	8.55	--	10	8550	卖盘
14:37:03	8.55	--	459	392445	买盘
14:36:57	8.55	--	715	611325	卖盘
14:36:54	8.55	-0.01	166	141930	卖盘
14:36:45	8.56	0.01	3	2568	买盘
14:36:42	8.55	0.01	40	34200	卖盘
14:36:39	8.54	-0.01	445	380029	卖盘
14:36:36	8.55	--	147	125685	买盘
14:36:33	8.55	--	101	86355	买盘
14:36:30	8.55	--	6	5130	买盘
14:36:27	8.55	0.01	1	855	买盘
14:36:24	8.54	-0.01	78	66612	卖盘
14:36:21	8.55	--	5	4275	买盘
14:36:18	8.55	--	282	241110	卖盘
14:36:15	8.55	--	10	8550	卖盘
14:36:12	8.55	--	146	124830	卖盘
14:36:09	8.55	-0.01	80	68400	卖盘
14:36:06	8.56	0.01	1	856	买盘
14:35:57	8.55	-0.01	5	4275	卖盘
14:35:51	8.56	0.01	1	856	买盘
14:35:48	8.55	0.01	23	19665	买盘
14:35:45	8.54	-0.01	45	38429	卖盘
14:35:42	8.55	0.01	18	15390	买盘
14:35:33	8.54	--	39	33306	卖盘
14:35:30	8.54	--	20	17080	卖盘
14:35:21	8.54	-0.01	31	26473	卖盘
14:35:18	8.55	--	7	5985	买盘
14:35:12	8.55	--	6	5130	买盘
14:35:09	8.55	--	1	855	买盘
14:35:06	8.55	--	10	8550	卖盘
14:35:03	8.55	--	20	17100	买盘
14:35:00	8.55	-0.01	61	52155	卖盘
14:34:54	8.56	0.01	7	5992	买盘
14:34:51	8.55	0.03	31	26505	中性盘
14:34:45	8.52	-0.05	5081	4329012	卖盘
14:34:36	8.57	0.01	1	857	买盘
14:34:33	8.56	-0.01	76	65056	卖盘
14:34:30	8.57	--	11	9427	买盘
14:34:27	8.57	0.01	47	40279	买盘
14:34:18	8.56	--	97	83032	买盘
14:34:15	8.56	-0.01	1	856	卖盘
14:34:09	8.57	0.01	12	10284	买盘
14:34:06	8.56	-0.01	11	9416	卖盘
14:34:03	8.57	--	52	44564	买盘
14:33:51	8.57	--	3	2571	买盘
14:33:48	8.57	0.02	2	1714	中性盘
14:33:33	8.55	-0.02	5000	4275000	卖盘
14:33:18	8.57	-0.01	118	101126	卖盘
14:33:09	8.58	--	2	1716	买盘
14:33:06	8.58	--	1	858	买盘
14:33:03	8.58	0.01	1	858	买盘
14:33:00	8.57	-0.01	1	857	卖盘
14:32:42	8.58	--	13	11154	买盘
14:32:39	8.58	--	201	172458	买盘
14:32:36	8.58	--	1	858	买盘
14:32:33	8.58	--	2	1716	买盘
14:32:27	8.58	0.01	10	8580	买盘
14:32:18	8.57	-0.01	15	12855	卖盘
14:32:15	8.58	--	35	30030	买盘
14:32:06	8.58	--	1	858	买盘
14:32:03	8.58	0.01	18	15461	买盘
14:32:00	8.57	-0.01	4	4267	卖盘
14:31:42	8.58	--	1	858	买盘
14:31:39	8.58	--	13	11154	买盘
14:31:33	8.58	0.01	3	2574	买盘
14:31:30	8.57	-0.01	4	3428	卖盘
14:31:27	8.58	0.01	1016	871728	买盘
14:31:24	8.57	--	50	42850	卖盘
14:31:21	8.57	-0.01	16	13712	卖盘
14:31:12	8.58	--	1	858	买盘
14:31:09	8.58	0.01	1	858	买盘
14:31:03	8.57	-0.01	1	857	卖盘
14:30:57	8.58	--	10	8580	买盘
14:30:51	8.58	0.01	9	7722	买盘
14:30:45	8.57	-0.01	3	2571	卖盘
14:30:42	8.58	--	4	3432	买盘
14:30:39	8.58	--	1	858	买盘
14:30:27	8.58	--	1	858	买盘
14:30:24	8.58	0.01	20	17160	买盘
14:30:18	8.57	-0.01	1	857	卖盘
14:30:15	8.58	0.01	120	102960	买盘
14:30:12	8.57	-0.01	600	514200	卖盘
14:30:09	8.58	--	2	1716	买盘
14:30:03	8.58	0.01	31	26598	买盘
14:30:00	8.57	-0.01	1	857	卖盘
14:29:54	8.58	--	10	8580	买盘
14:29:51	8.58	--	11	9438	买盘
14:29:42	8.58	--	7	6006	买盘
14:29:39	8.58	--	6	5148	买盘
14:29:36	8.58	--	10	8580	买盘
14:29:30	8.58	--	6	5148	买盘
14:29:24	8.58	--	6	5148	买盘
14:29:18	8.58	--	101	86658	买盘
14:29:12	8.58	--	6	5148	买盘
14:29:09	8.58	--	1	858	买盘
14:29:00	8.58	--	6	5148	买盘
14:28:57	8.58	--	18	15444	买盘
14:28:54	8.58	--	2	1716	买盘
14:28:51	8.58	--	6	5148	买盘
14:28:39	8.58	0.01	6	5148	买盘
14:28:30	8.57	-0.01	31	26567	卖盘
14:28:27	8.58	--	6	5148	买盘
14:28:21	8.58	--	1	858	买盘
14:28:18	8.58	0.01	6	5148	买盘
14:28:15	8.57	-0.01	4	3428	卖盘
14:28:12	8.58	--	36	30888	买盘
14:28:06	8.58	--	6	5148	买盘
14:28:03	8.58	0.01	2	1716	买盘
14:28:00	8.57	-0.01	1	857	卖盘
14:27:57	8.58	--	120	102960	买盘
14:27:51	8.58	--	5	4290	买盘
14:27:48	8.58	--	213	182754	买盘
14:27:42	8.58	--	13	11154	买盘
14:27:39	8.58	0.01	2	1716	买盘
14:27:30	8.57	--	67	57419	卖盘
14:27:24	8.57	-0.01	100	85700	卖盘
14:27:18	8.58	0.01	36	30888	买盘
14:27:15	8.57	-0.01	41	35137	卖盘
14:27:12	8.58	--	6	5148	买盘
14:27:06	8.58	--	87	74646	买盘
14:27:00	8.58	--	10	8580	买盘
14:26:57	8.58	--	117	100386	买盘
14:26:51	8.58	--	5	4290	买盘
14:26:42	8.58	--	7	6006	买盘
14:26:36	8.58	--	15	12870	买盘
14:26:30	8.58	0.01	7	6006	买盘
14:26:27	8.57	-0.01	10	8570	卖盘
14:26:24	8.58	--	6	5148	买盘
14:26:21	8.58	0.01	21	18018	买盘
14:26:18	8.57	-0.01	10	8570	卖盘
14:26:12	8.58	--	6	5148	买盘
14:26:09	8.58	--	1	858	买盘
14:26:06	8.58	--	7	6006	买盘
14:26:03	8.58	--	2	1716	买盘
14:25:57	8.58	--	11	9438	买盘
14:25:54	8.58	0.01	6	5148	买盘
14:25:51	8.57	--	386	330802	卖盘
14:25:48	8.57	-0.01	90	77130	卖盘
14:25:45	8.58	--	221	189618	买盘
14:25:42	8.58	--	8	6864	买盘
14:25:30	8.58	--	6	5148	买盘
14:25:27	8.58	--	27	23166	买盘
14:25:18	8.58	--	155	132990	买盘
14:25:12	8.58	--	6	5148	买盘
14:25:03	8.58	0.01	67	57486	买盘
14:25:00	8.57	-0.01	16	13712	卖盘
14:24:57	8.58	--	6	5148	买盘
14:24:54	8.58	--	20	17160	买盘
14:24:51	8.58	0.01	50	42900	买盘
14:24:48	8.57	-0.01	19	16283	卖盘
14:24:45	8.58	--	6	5148	买盘
14:24:42	8.58	0.01	10	8580	买盘
14:24:39	8.57	-0.01	39	33423	卖盘
14:24:36	8.58	--	106	90948	买盘
14:24:33	8.58	0.01	20	17160	买盘
14:24:30	8.57	-0.01	37	31709	卖盘
14:24:24	8.58	0.01	1430	1226940	买盘
14:24:18	8.57	--	67	57419	卖盘
14:24:15	8.57	--	525	449925	卖盘
14:24:12	8.57	-0.01	81	69417	卖盘
14:24:09	8.58	0.01	7	6006	买盘
14:24:03	8.57	--	9	7713	卖盘
14:24:00	8.57	--	17	14569	卖盘
14:23:57	8.57	--	37	31709	卖盘
14:23:54	8.57	-0.01	16	13712	卖盘
14:23:45	8.58	0.01	94	80652	买盘
14:23:42	8.57	-0.01	9	7713	卖盘
14:23:39	8.58	--	7	6006	买盘
14:23:36	8.58	--	69	59202	买盘
14:23:33	8.58	0.01	46	39468	买盘
14:23:27	8.57	-0.01	16	13712	卖盘
14:23:24	8.58	--	7	6006	买盘
14:23:15	8.58	0.01	75	64350	买盘
14:23:09	8.57	-0.01	10	8570	卖盘
14:23:06	8.58	--	7	6006	买盘
14:23:03	8.58	--	12	10296	买盘
14:22:57	8.58	--	22	18876	买盘
14:22:54	8.58	--	10	8580	买盘
14:22:51	8.58	--	81	69498	买盘
14:22:48	8.58	--	123	105920	卖盘
14:22:45	8.58	--	92	79407	买盘
14:22:39	8.58	--	100	85800	买盘
14:22:36	8.58	--	7	6006	买盘
14:22:33	8.58	--	322	276276	买盘
14:22:30	8.58	--	16	13728	买盘
14:22:27	8.58	0.01	6	5148	买盘
14:22:24	8.57	-0.01	65	55705	卖盘
14:22:21	8.58	--	488	418704	买盘
14:22:18	8.58	--	365	313170	买盘
14:22:12	8.58	--	6	5148	买盘
14:22:09	8.58	--	17	14586	买盘
14:22:06	8.58	--	1026	880308	买盘
14:22:03	8.58	--	157	134706	买盘
14:21:57	8.58	0.01	62	53196	买盘
14:21:54	8.57	-0.01	10	8587	卖盘
14:21:51	8.58	--	52	44616	买盘
14:21:48	8.58	--	128	109824	买盘
14:21:45	8.58	--	22	18876	买盘
14:21:36	8.58	--	7	6006	买盘
14:21:33	8.58	--	8	6864	买盘
14:21:30	8.58	--	2	1716	买盘
14:21:24	8.58	--	102	87516	买盘
14:21:21	8.58	--	57	48906	买盘
14:21:18	8.58	0.01	3	2574	买盘
14:21:12	8.57	-0.01	42	35994	卖盘
14:21:09	8.58	--	6	5148	买盘
14:21:06	8.58	--	109	93522	买盘
14:21:03	8.58	--	64	54912	买盘
14:21:00	8.58	--	2	1716	买盘
14:20:57	8.58	--	4	3432	买盘
14:20:51	8.58	--	6	5148	买盘
14:20:48	8.58	0.01	13	11154	买盘
14:20:42	8.57	-0.01	714	612283	卖盘
14:20:39	8.58	--	1021	876489	买盘
14:20:36	8.58	--	8	6864	买盘
14:20:33	8.58	--	77	66066	买盘
14:20:30	8.58	--	65	55770	买盘
14:20:27	8.58	--	50	42900	买盘
14:20:24	8.58	--	115	98670	买盘
14:20:21	8.58	--	107	91806	买盘
14:20:18	8.58	--	11	9438	买盘
14:20:15	8.58	--	12	10296	买盘
14:20:12	8.58	--	94	80652	买盘
14:20:06	8.58	--	2	1716	买盘
14:20:03	8.58	--	9	7722	买盘
14:20:00	8.58	--	6	5148	买盘
14:19:57	8.58	--	146	125268	买盘
14:19:51	8.58	--	106	90948	买盘
14:19:48	8.58	--	103	88374	买盘
14:19:45	8.58	--	19	16302	买盘
14:19:42	8.58	--	44	37752	买盘
14:19:39	8.58	--	305	261690	买盘
14:19:36	8.58	--	65	56156	卖盘
14:19:33	8.58	--	532	456927	买盘
14:19:27	8.58	--	6	5148	买盘
14:19:24	8.58	--	583	500600	卖盘
14:19:21	8.58	--	1415	1214541	买盘
14:19:18	8.58	--	26	22308	买盘
14:19:15	8.58	0.01	602	516516	买盘
14:19:12	8.57	-0.01	2	1714	卖盘
14:19:09	8.58	--	457	392106	买盘
14:19:03	8.58	--	10	8580	买盘
14:18:54	8.58	--	2	1716	买盘
14:18:48	8.58	--	14	12012	买盘
14:18:45	8.58	0.01	1	858	买盘
14:18:39	8.57	--	9	7713	卖盘
14:18:36	8.57	-0.01	8	6856	卖盘
14:18:33	8.58	--	45	38610	买盘
14:18:27	8.58	0.01	6	5148	买盘
14:18:21	8.57	-0.01	20	17140	卖盘
14:18:18	8.58	--	9	7722	买盘
14:18:15	8.58	--	6	5148	买盘
14:18:06	8.58	--	11	9438	买盘
14:18:03	8.58	--	13	11154	买盘
14:18:00	8.58	--	299	256542	买盘
14:17:54	8.58	--	10	8580	买盘
14:17:51	8.58	--	7	6006	买盘
14:17:48	8.58	--	23	19734	买盘
14:17:45	8.58	--	1294	1110252	买盘
14:17:42	8.58	--	77	66066	买盘
14:17:36	8.58	--	12	10296	买盘
14:17:33	8.58	--	26	22308	买盘
14:17:30	8.58	--	7	6006	买盘
14:17:24	8.58	--	1	858	买盘
14:17:21	8.58	--	20	17160	买盘
14:17:18	8.58	--	16	13728	买盘
14:17:15	8.58	--	200	171600	买盘
14:17:06	8.58	--	7	6006	买盘
14:17:03	8.58	0.01	10	8580	买盘
14:16:57	8.57	-0.01	300	257100	卖盘
14:16:48	8.58	0.01	28	24024	买盘
14:16:45	8.57	-0.01	574	491918	卖盘
14:16:42	8.58	--	44	37752	买盘
14:16:33	8.58	--	5	4290	买盘
14:16:30	8.58	--	7	6006	买盘
14:16:27	8.58	--	6	5148	买盘
14:16:24	8.58	--	1	858	买盘
14:16:18	8.58	--	3	2574	买盘
14:16:15	8.58	--	26	22308	买盘
14:16:12	8.58	--	1	858	买盘
14:16:09	8.58	--	27	23166	买盘
14:16:03	8.58	0.01	3	2574	买盘
14:16:00	8.57	-0.01	12	10284	卖盘
14:15:57	8.58	--	12	10296	买盘
14:15:54	8.58	--	18	15444	买盘
14:15:48	8.58	--	10	8580	买盘
14:15:33	8.58	--	59	50622	买盘
14:15:30	8.58	--	5	4290	买盘
14:15:27	8.58	--	215	184470	买盘
14:15:24	8.58	0.01	1	858	买盘
14:15:18	8.57	--	6	5142	卖盘
14:15:15	8.57	-0.01	3	2571	卖盘
14:15:12	8.58	--	16	13728	买盘
14:15:03	8.58	--	3	2574	买盘
14:15:00	8.58	--	50	42900	买盘
14:14:57	8.58	--	47	40326	买盘
14:14:54	8.58	0.01	4	3432	买盘
14:14:51	8.57	-0.01	449	384793	卖盘
14:14:48	8.58	0.01	3	2574	买盘
14:14:39	8.57	-0.01	15	12855	卖盘
14:14:36	8.58	--	9	7722	买盘
14:14:33	8.58	--	28	24024	买盘
14:14:27	8.58	--	6	5148	买盘
14:14:24	8.58	--	1	858	买盘
14:14:18	8.58	--	6	5148	买盘
14:14:15	8.58	--	7	6006	买盘
14:14:12	8.58	--	11	9438	买盘
14:14:09	8.58	0.01	6	5148	买盘
14:14:06	8.57	--	163	139691	买盘
14:14:03	8.57	0.01	9	7713	买盘
14:13:57	8.56	-0.01	16	13696	卖盘
14:13:54	8.57	--	45	38565	买盘
14:13:51	8.57	--	13	11141	买盘
14:13:48	8.57	--	10	8570	买盘
14:13:39	8.57	-0.01	123	105411	卖盘
14:13:36	8.58	0.01	192	164736	买盘
14:13:33	8.57	-0.01	224	191968	卖盘
14:13:30	8.58	--	104	89232	买盘
14:13:27	8.58	--	358	307164	买盘
14:13:24	8.58	--	1	858	买盘
14:13:18	8.58	--	9	7722	买盘
14:13:15	8.58	--	5	4290	买盘
14:13:12	8.58	--	1	858	买盘
14:13:09	8.58	--	122	104676	买盘
14:13:03	8.58	--	3	2574	买盘
14:13:00	8.58	0.01	6	5148	买盘
14:12:57	8.57	-0.01	12	10284	卖盘
14:12:54	8.58	--	10	8580	买盘
14:12:48	8.58	--	278	238524	买盘
14:12:42	8.58	0.01	6	5148	买盘
14:12:39	8.57	-0.01	17	14569	卖盘
14:12:33	8.58	--	3	2574	买盘
14:12:27	8.58	--	6	5148	买盘
14:12:24	8.58	0.01	436	374088	买盘
14:12:21	8.57	--	196	167972	买盘
14:12:18	8.57	--	50	42850	买盘
14:12:06	8.57	-0.01	331	283667	卖盘
14:12:03	8.58	--	136	116688	买盘
14:11:57	8.58	--	220	188760	买盘
14:11:54	8.58	0.01	6	5148	买盘
14:11:51	8.57	-0.01	24	20568	卖盘
14:11:48	8.58	--	3	2574	买盘
14:11:33	8.58	--	9	7722	买盘
14:11:30	8.58	--	306	262548	买盘
14:11:27	8.58	--	20	17160	买盘
14:11:24	8.58	--	1	858	买盘
14:11:21	8.58	--	6	5148	买盘
14:11:18	8.58	--	4	3432	买盘
14:11:15	8.58	--	678	581724	买盘
14:11:12	8.58	0.01	496	425568	买盘
14:11:09	8.57	--	30	25710	卖盘
14:11:03	8.57	-0.01	56	47992	卖盘
14:10:57	8.58	--	6	5148	买盘
14:10:54	8.58	--	6	5148	买盘
14:10:51	8.58	--	6	5148	买盘
14:10:48	8.58	0.01	3	2574	买盘
14:10:45	8.57	-0.01	11	9427	卖盘
14:10:33	8.58	0.01	13	11154	买盘
14:10:30	8.57	-0.01	15	12855	卖盘
14:10:27	8.58	--	43	36894	买盘
14:10:24	8.58	--	1	858	买盘
14:10:21	8.58	--	6	5148	买盘
14:10:18	8.58	--	3	2574	买盘
14:10:15	8.58	--	12	10296	买盘
14:10:12	8.58	--	3	2574	买盘
14:10:06	8.58	--	13	11154	买盘
14:10:03	8.58	0.01	4	3432	买盘
14:10:00	8.57	--	130	111410	卖盘
14:09:57	8.57	-0.01	531	455067	卖盘
14:09:54	8.58	0.01	6	5148	买盘
14:09:51	8.57	-0.01	14	11998	卖盘
14:09:48	8.58	--	14	12012	买盘
14:09:42	8.58	--	6	5148	买盘
14:09:39	8.58	--	3	2574	买盘
14:09:33	8.58	--	3	2574	买盘
14:09:30	8.58	--	11	9438	买盘
14:09:27	8.58	--	2	1716	买盘
14:09:24	8.58	--	1	858	买盘
14:09:21	8.58	--	7	6006	买盘
14:09:18	8.58	--	3	2574	买盘
14:09:15	8.58	0.01	9	7722	买盘
14:09:12	8.57	-0.01	22	18854	卖盘
14:09:09	8.58	--	21	18018	买盘
14:09:03	8.58	0.01	8	6864	买盘
14:09:00	8.57	-0.01	1	857	卖盘
14:08:51	8.58	--	4	3432	买盘
14:08:48	8.58	--	3	2574	买盘
14:08:45	8.58	0.01	21	18018	买盘
14:08:42	8.57	--	56	47992	卖盘
14:08:36	8.57	-0.01	193	165401	卖盘
14:08:33	8.58	--	256	219648	买盘
14:08:30	8.58	--	15	12870	买盘
14:08:24	8.58	0.01	9	7722	买盘
14:08:21	8.57	-0.01	30	25710	卖盘
14:08:18	8.58	--	4	3432	买盘
14:08:06	8.58	--	6	5148	买盘
14:08:03	8.58	0.01	18	15444	买盘
14:08:00	8.57	-0.01	49	41993	卖盘
14:07:48	8.58	--	50	42900	买盘
14:07:39	8.58	--	6	5148	买盘
14:07:36	8.58	--	6	5148	买盘
14:07:33	8.58	--	4	3432	买盘
14:07:30	8.58	--	6	5148	买盘
14:07:24	8.58	--	7	6006	买盘
14:07:21	8.58	--	126	108108	买盘
14:07:18	8.58	--	3	2574	买盘
14:07:03	8.58	--	3	2574	买盘
14:06:57	8.58	--	6	5148	买盘
14:06:48	8.58	0.01	9	7722	买盘
14:06:45	8.57	--	11	9427	卖盘
14:06:42	8.57	--	106	90842	卖盘
14:06:36	8.57	-0.01	10	8570	卖盘
14:06:33	8.58	--	3	2574	买盘
14:06:24	8.58	0.01	11	9438	买盘
14:06:21	8.57	-0.01	386	330802	卖盘
14:06:18	8.58	--	3	2574	买盘
14:06:12	8.58	0.01	202	173316	买盘
14:06:09	8.57	-0.01	47	40279	卖盘
14:06:03	8.58	--	5	4290	买盘
14:05:57	8.58	--	6	5148	买盘
14:05:51	8.58	--	19	16302	买盘
14:05:48	8.58	0.01	118	101244	买盘
14:05:45	8.57	-0.01	40	34280	卖盘
14:05:36	8.58	0.01	25	21450	买盘
14:05:33	8.57	-0.01	14	11998	卖盘
14:05:30	8.58	--	8	6864	买盘
14:05:24	8.58	--	2	1716	买盘
14:05:18	8.58	0.01	9	7722	买盘
14:05:12	8.57	--	96	82272	卖盘
14:05:09	8.57	--	78	66846	卖盘
14:05:06	8.57	-0.01	5	4285	卖盘
14:05:03	8.58	--	15	12870	买盘
14:04:48	8.58	0.01	19	16302	买盘
14:04:45	8.57	--	1	857	卖盘
14:04:36	8.57	-0.01	1	857	卖盘
14:04:33	8.58	--	3	2574	买盘
14:04:27	8.58	--	63	54054	买盘
14:04:24	8.58	--	7	6006	买盘
14:04:18	8.58	--	3	2574	买盘
14:04:15	8.58	0.01	15	12870	买盘
14:04:12	8.57	--	76	65132	卖盘
14:04:09	8.57	-0.01	7	5999	卖盘
14:04:06	8.58	--	1	858	买盘
14:04:03	8.58	0.01	3	2574	买盘
14:04:00	8.57	-0.01	8	6856	卖盘
14:03:51	8.58	--	32	27456	买盘
14:03:48	8.58	--	19	16302	买盘
14:03:42	8.58	--	6	5148	买盘
14:03:39	8.58	--	6	5148	买盘
14:03:33	8.58	0.01	3	2574	买盘
14:03:27	8.57	-0.01	8	6856	卖盘
14:03:24	8.58	0.01	54	46332	买盘
14:03:18	8.57	--	4	3428	买盘
14:03:15	8.57	--	55	47135	买盘
14:03:09	8.57	--	6	5142	买盘
14:03:06	8.57	-0.01	21	17997	卖盘
14:03:03	8.58	0.01	53	45474	买盘
14:03:00	8.57	--	29	24853	卖盘
14:02:57	8.57	--	48	41136	卖盘
14:02:54	8.57	-0.01	30	25710	卖盘
14:02:48	8.58	--	3	2574	买盘
14:02:42	8.58	0.01	6	5148	买盘
14:02:39	8.57	-0.01	1	857	卖盘
14:02:36	8.58	--	6	5148	买盘
14:02:33	8.58	--	3	2574	买盘
14:02:21	8.58	0.01	10	8580	买盘
14:02:18	8.57	-0.01	516	442212	卖盘
14:02:15	8.58	0.01	30	25740	买盘
14:02:12	8.57	-0.01	15	12855	中性盘
14:02:09	8.58	--	24	20592	买盘
14:02:06	8.58	--	248	212784	买盘
14:02:03	8.58	--	4	3432	买盘
14:02:00	8.58	0.02	6	5148	买盘
14:01:54	8.56	-0.02	1	856	卖盘
14:01:48	8.58	--	45	38610	买盘
14:01:45	8.58	--	6	5148	买盘
14:01:36	8.58	--	6	5148	买盘
14:01:33	8.58	--	9	7722	买盘
14:01:30	8.58	--	5	4290	买盘
14:01:27	8.58	0.01	6	5148	买盘
14:01:24	8.57	0.01	23	19711	中性盘
14:01:18	8.56	-0.01	509	435704	卖盘
14:01:15	8.57	--	53	45421	卖盘
14:01:06	8.57	-0.01	1	857	卖盘
14:01:03	8.58	--	6	5148	买盘
14:00:48	8.58	--	3	2574	买盘
14:00:42	8.58	--	1	858	买盘
14:00:33	8.58	0.01	54	46332	买盘
14:00:30	8.57	-0.01	8	6856	卖盘
14:00:18	8.58	0.02	1	858	买盘
14:00:12	8.56	-0.02	3	2568	买盘
14:00:00	8.58	0.02	45	38610	买盘
13:59:57	8.56	-0.01	1557	1333177	卖盘
13:59:54	8.57	-0.01	95	81415	卖盘
13:59:51	8.58	--	2	1716	买盘
13:59:48	8.58	--	55	47190	买盘
13:59:45	8.58	0.01	6	5148	买盘
13:59:42	8.57	--	20	17140	卖盘
13:59:39	8.57	--	588	503916	卖盘
13:59:36	8.57	-0.01	52	44564	卖盘
13:59:30	8.58	0.01	1	858	买盘
13:59:24	8.57	-0.01	40	34280	卖盘
13:59:21	8.58	--	6	5148	买盘
13:59:18	8.58	0.01	4	3903	买盘
13:59:12	8.57	-0.01	33	28281	卖盘
13:59:06	8.58	0.01	4	3432	买盘
13:59:00	8.57	--	4	3428	卖盘
13:58:57	8.57	--	46	39422	卖盘
13:58:54	8.57	-0.01	67	57419	卖盘
13:58:48	8.58	--	6	5148	买盘
13:58:36	8.58	--	5	4290	买盘
13:58:33	8.58	--	6	5148	买盘
13:58:27	8.58	--	1	858	买盘
13:58:24	8.58	0.01	12	10296	买盘
13:58:21	8.57	-0.01	2	1714	卖盘
13:58:18	8.58	--	7	6006	买盘
13:58:15	8.58	--	30	25740	买盘
13:58:09	8.58	--	124	106392	买盘
13:58:06	8.58	--	11	9438	买盘
13:58:03	8.58	--	3	2574	买盘
13:57:54	8.58	--	48	41184	买盘
13:57:51	8.58	--	9	7722	买盘
13:57:48	8.58	--	5	4290	买盘
13:57:45	8.58	--	6	5148	买盘
13:57:42	8.58	--	138	118404	买盘
13:57:39	8.58	0.01	10	8580	买盘
13:57:36	8.57	-0.01	15	12855	卖盘
13:57:33	8.58	--	3	2574	买盘
13:57:30	8.58	--	10	8580	买盘
13:57:27	8.58	--	100	85800	买盘
13:57:21	8.58	--	111	95238	买盘
13:57:18	8.58	--	3	2574	买盘
13:57:12	8.58	--	2	1716	买盘
13:57:09	8.58	--	1	858	买盘
13:57:03	8.58	--	3	2574	买盘
13:56:57	8.58	0.01	6	5148	买盘
13:56:54	8.57	-0.01	2	1714	卖盘
13:56:48	8.58	0.01	13	11154	买盘
13:56:42	8.57	--	272	233104	卖盘
13:56:39	8.57	-0.01	114	97698	卖盘
13:56:33	8.58	--	753	646074	买盘
13:56:30	8.58	0.01	1	858	买盘
13:56:27	8.57	--	46	39422	卖盘
13:56:21	8.57	--	11	9427	卖盘
13:56:18	8.57	-0.01	111	95127	卖盘
13:56:15	8.58	--	22	18876	买盘
13:56:09	8.58	--	7	6006	买盘
13:56:06	8.58	--	2	1716	买盘
13:56:03	8.58	0.01	3	2574	买盘
13:55:51	8.57	-0.01	121	103697	卖盘
13:55:48	8.58	0.01	3	2574	买盘
13:55:45	8.57	-0.01	21	17997	卖盘
13:55:33	8.58	0.01	22	18876	买盘
13:55:24	8.57	-0.01	54	46278	卖盘
13:55:21	8.58	--	7	6006	买盘
13:55:18	8.58	0.01	13	11154	买盘
13:55:15	8.57	--	5	4285	卖盘
13:55:12	8.57	-0.01	66	56562	卖盘
13:55:09	8.58	--	1	858	买盘
13:55:03	8.58	0.01	6	5148	买盘
13:55:00	8.57	-0.01	2	1714	卖盘
13:54:57	8.58	0.01	21	18018	买盘
13:54:54	8.57	-0.01	1	857	卖盘
13:54:51	8.58	--	6	5148	买盘
13:54:48	8.58	--	4	3432	买盘
13:54:45	8.58	--	8	6864	买盘
13:54:42	8.58	--	20	17160	买盘
13:54:39	8.58	--	27	23166	买盘
13:54:33	8.58	--	10	8580	买盘
13:54:30	8.58	--	1	858	买盘
13:54:27	8.58	--	10	8580	买盘
13:54:24	8.58	--	43	36894	买盘
13:54:18	8.58	--	2	1716	买盘
13:54:15	8.58	--	16	13728	买盘
13:54:12	8.58	--	20	17160	买盘
13:54:09	8.58	--	6	5148	买盘
13:54:03	8.58	--	4	3432	买盘
13:54:00	8.58	0.01	10	8580	买盘
13:53:51	8.57	-0.01	219	187683	卖盘
13:53:48	8.58	--	7	6006	买盘
13:53:45	8.58	--	7	6006	买盘
13:53:36	8.58	--	47	40326	买盘
13:53:33	8.58	--	578	495924	买盘
13:53:21	8.58	--	6	5148	买盘
13:53:18	8.58	--	4	3432	买盘
13:53:15	8.58	--	1	858	买盘
13:53:12	8.58	0.01	160	137280	买盘
13:53:09	8.57	--	10	8570	买盘
13:53:03	8.57	-0.01	1831	1569167	卖盘
13:53:00	8.58	--	4	3432	买盘
13:52:57	8.58	--	6	5148	买盘
13:52:54	8.58	--	46	39468	买盘
13:52:51	8.58	--	30	25740	买盘
13:52:48	8.58	0.02	4	3432	买盘
13:52:42	8.56	-0.02	800	684800	卖盘
13:52:33	8.58	--	29	24882	买盘
13:52:27	8.58	--	15	12870	买盘
13:52:18	8.58	--	3	2574	买盘
13:52:15	8.58	--	11	9438	买盘
13:52:09	8.58	0.01	10	8580	买盘
13:52:06	8.57	-0.01	42	35994	卖盘
13:52:03	8.58	0.01	3	2574	买盘
13:52:00	8.57	--	35	29995	卖盘
13:51:54	8.57	-0.01	19	16283	卖盘
13:51:48	8.58	--	9	7722	买盘
13:51:36	8.58	--	7	6006	买盘
13:51:33	8.58	--	5	4290	买盘
13:51:27	8.58	--	6	5148	买盘
13:51:24	8.58	--	10	8580	买盘
13:51:21	8.58	--	34	29172	买盘
13:51:18	8.58	--	9	7722	买盘
13:51:15	8.58	--	11	9438	买盘
13:51:09	8.58	--	39	33462	买盘
13:51:03	8.58	--	10	8580	买盘
13:51:00	8.58	--	7	6006	买盘
13:50:57	8.58	0.01	6	5148	买盘
13:50:51	8.57	-0.01	565	484205	卖盘
13:50:48	8.58	0.01	9	7722	买盘
13:50:45	8.57	-0.01	103	88271	卖盘
13:50:36	8.58	--	6	5148	买盘
13:50:33	8.58	0.01	3	2574	买盘
13:50:30	8.57	--	106	90842	卖盘
13:50:24	8.57	-0.01	10	8570	卖盘
13:50:18	8.58	--	4	3432	买盘
13:50:12	8.58	--	6	5148	买盘
13:50:03	8.58	--	3	2574	买盘
13:49:48	8.58	0.01	9	7722	买盘
13:49:42	8.57	-0.01	16	13712	卖盘
13:49:33	8.58	--	203	174174	买盘
13:49:24	8.58	0.01	6	5148	买盘
13:49:18	8.57	-0.01	1	857	卖盘
13:49:15	8.58	0.01	15	12870	买盘
13:49:12	8.57	--	795	681315	买盘
13:49:09	8.57	--	8	6856	买盘
13:49:06	8.57	--	5	4285	买盘
13:49:00	8.57	--	6	5142	买盘
13:48:54	8.57	--	20	17140	买盘
13:48:48	8.57	--	4	3428	买盘
13:48:39	8.57	--	20	17140	买盘
13:48:36	8.57	--	6	5142	买盘
13:48:27	8.57	0.01	1	857	买盘
13:48:18	8.56	-0.01	28	23968	卖盘
13:48:12	8.57	0.01	6	5142	买盘
13:48:09	8.56	-0.01	34	29104	卖盘
13:48:06	8.57	0.01	10	8570	买盘
13:48:03	8.56	-0.01	38	32528	卖盘
13:48:00	8.57	0.01	38	32566	买盘
13:47:54	8.56	-0.01	330	282480	卖盘
13:47:48	8.57	--	36	30852	买盘
13:47:45	8.57	0.01	7	5999	买盘
13:47:36	8.56	--	135	115560	卖盘
13:47:33	8.56	-0.01	20	17120	卖盘
13:47:30	8.57	--	6	5142	买盘
13:47:27	8.57	--	1	857	买盘
13:47:24	8.57	--	6	5142	买盘
13:47:15	8.57	0.01	60	51420	买盘
13:47:12	8.56	-0.01	16	13696	卖盘
13:47:09	8.57	--	11	9427	买盘
13:47:00	8.57	--	12	10284	买盘
13:46:57	8.57	--	3	2571	买盘
13:46:48	8.57	--	10	8570	买盘
13:46:45	8.57	--	8	6856	买盘
13:46:36	8.57	--	6	5142	买盘
13:46:33	8.57	--	15	12855	买盘
13:46:30	8.57	--	7	5999	买盘
13:46:27	8.57	--	15	12855	买盘
13:46:18	8.57	--	19	16283	卖盘
13:46:15	8.57	-0.01	142	121694	卖盘
13:46:12	8.58	--	6	5148	买盘
13:46:09	8.58	--	67	57486	买盘
13:46:03	8.58	--	20	17160	买盘
13:46:00	8.58	--	9	7722	买盘
13:45:57	8.58	0.01	1	858	买盘
13:45:51	8.57	--	22	18854	卖盘
13:45:48	8.57	-0.01	6	5142	卖盘
13:45:45	8.58	0.01	12	10296	买盘
13:45:36	8.57	--	18	15426	卖盘
13:45:33	8.57	-0.01	54	46278	卖盘
13:45:30	8.58	--	7	6006	买盘
13:45:15	8.58	--	7	6006	买盘
13:45:09	8.58	--	1	858	买盘
13:45:00	8.58	0.01	7	6006	买盘
13:44:48	8.57	-0.01	1000	857000	卖盘
13:44:45	8.58	--	71	60918	买盘
13:44:33	8.58	--	5	4290	买盘
13:44:30	8.58	--	6	5148	买盘
13:44:18	8.58	--	62	53196	买盘
13:44:15	8.58	--	8	6864	买盘
13:44:00	8.58	--	6	5148	买盘
13:43:57	8.58	--	1	858	买盘
13:43:45	8.58	0.01	7	6006	买盘
13:43:33	8.57	-0.01	1	857	卖盘
13:43:30	8.58	--	7	6006	买盘
13:43:27	8.58	0.01	20	17160	买盘
13:43:24	8.57	--	17	14569	卖盘
13:43:21	8.57	-0.01	1	857	卖盘
13:43:15	8.58	--	6	5148	买盘
13:43:09	8.58	--	1	858	买盘
13:43:06	8.58	--	20	17160	买盘
13:43:00	8.58	--	8	6864	买盘
13:42:57	8.58	0.01	1	858	买盘
13:42:54	8.57	-0.01	48	41136	卖盘
13:42:51	8.58	--	2	1716	买盘
13:42:45	8.58	--	54	46332	买盘
13:42:42	8.58	--	1	858	买盘
13:42:36	8.58	--	23	19734	买盘
13:42:33	8.58	--	21	18018	买盘
13:42:30	8.58	--	7	6006	买盘
13:42:27	8.58	--	100	85800	买盘
13:42:24	8.58	--	61	52338	买盘
13:42:21	8.58	--	20	17160	买盘
13:42:18	8.58	--	1	858	买盘
13:42:15	8.58	--	13	11154	买盘
13:42:00	8.58	--	13	11154	买盘
13:41:51	8.58	--	1	858	买盘
13:41:45	8.58	--	7	6006	买盘
13:41:39	8.58	--	10	8580	买盘
13:41:36	8.58	--	53	45474	买盘
13:41:33	8.58	--	10	8580	买盘
13:41:30	8.58	--	7	6006	买盘
13:41:27	8.58	--	500	429000	买盘
13:41:21	8.58	0.01	20	17160	买盘
13:41:15	8.57	-0.01	117	100269	卖盘
13:41:12	8.58	--	8	6864	买盘
13:41:09	8.58	--	3	2574	买盘
13:41:00	8.58	0.01	8	6864	买盘
13:40:54	8.57	-0.01	90	77130	卖盘
13:40:45	8.58	0.01	12	10296	买盘
13:40:42	8.57	-0.01	40	34280	卖盘
13:40:30	8.58	--	7	6006	买盘
13:40:24	8.58	--	10	8580	买盘
13:40:21	8.58	--	4	3432	买盘
13:40:15	8.58	--	7	6006	买盘
13:40:00	8.58	--	7	6006	买盘
13:39:54	8.58	0.01	6	5148	买盘
13:39:48	8.57	-0.01	9	7713	卖盘
13:39:45	8.58	--	7	6006	买盘
13:39:30	8.58	--	18	15444	买盘
13:39:21	8.58	--	36	30888	买盘
13:39:18	8.58	--	1	858	买盘
13:39:15	8.58	--	8	6864	买盘
13:39:09	8.58	--	19	16302	买盘
13:39:03	8.58	--	1	858	买盘
13:39:00	8.58	--	6	5148	买盘
13:38:57	8.58	--	52	44616	买盘
13:38:45	8.58	--	7	6006	买盘
13:38:33	8.58	--	11	9438	买盘
13:38:30	8.58	0.01	7	6006	买盘
13:38:18	8.57	-0.01	23	19711	卖盘
13:38:15	8.58	0.02	17	14586	买盘
13:38:03	8.56	-0.01	1015	868840	卖盘
13:38:00	8.57	--	12	10284	卖盘
13:37:57	8.57	--	10	8570	卖盘
13:37:45	8.57	--	9	7713	卖盘
13:37:39	8.57	-0.01	60	51420	卖盘
13:37:36	8.58	--	5	4290	买盘
13:37:30	8.58	0.01	8	6864	买盘
13:37:21	8.57	-0.01	15	12855	卖盘
13:37:15	8.58	0.01	6	5148	买盘
13:37:09	8.57	-0.01	15	12855	卖盘
13:37:06	8.58	--	1	858	买盘
13:37:03	8.58	--	1	858	买盘
13:37:00	8.58	0.01	7	6006	买盘
13:36:54	8.57	-0.01	9	7713	卖盘
13:36:45	8.58	--	6	5148	买盘
13:36:39	8.58	--	19	16302	买盘
13:36:36	8.58	--	1	858	买盘
13:36:30	8.58	--	8	6864	买盘
13:36:24	8.58	0.01	10	8580	买盘
13:36:21	8.57	-0.02	1416	1213512	卖盘
13:36:18	8.59	0.01	100	85900	买盘
13:36:15	8.58	--	6	5148	买盘
13:36:09	8.58	--	1	858	买盘
13:36:06	8.58	--	1	858	买盘
13:36:00	8.58	--	7	6006	买盘
13:35:57	8.58	--	6	5148	买盘
13:35:54	8.58	--	3	2574	买盘
13:35:48	8.58	-0.01	253	217074	卖盘
13:35:45	8.59	--	7	6013	买盘
13:35:33	8.59	0.01	480	412320	买盘
13:35:30	8.58	--	25	21450	卖盘
13:35:18	8.58	-0.01	1000	858000	卖盘
13:35:15	8.59	0.01	373	320407	买盘
13:35:12	8.58	-0.01	14	12012	卖盘
13:35:09	8.59	--	351	301509	买盘
13:35:03	8.59	--	2	1718	买盘
13:35:00	8.59	--	6	5154	买盘
13:34:54	8.59	--	23	19757	买盘
13:34:51	8.59	0.01	20	17180	买盘
13:34:45	8.58	--	142	121836	买盘
13:34:42	8.58	--	219	187902	卖盘
13:34:39	8.58	--	300	257400	卖盘
13:34:36	8.58	-0.01	1000	858000	卖盘
13:34:30	8.59	--	6	5154	买盘
13:34:27	8.59	--	1	859	买盘
13:34:21	8.59	0.01	9	7731	买盘
13:34:18	8.58	--	300	257400	卖盘
13:34:15	8.58	-0.01	72	61776	卖盘
13:34:12	8.59	0.01	10	8590	买盘
13:34:09	8.58	-0.01	336	288288	卖盘
13:34:06	8.59	0.01	7	6013	买盘
13:34:00	8.58	--	7	6006	卖盘
13:33:51	8.58	-0.01	8	6864	卖盘
13:33:45	8.59	0.01	268	230212	买盘
13:33:42	8.58	--	31	26598	卖盘
13:33:36	8.58	-0.01	337	289146	卖盘
13:33:33	8.59	0.01	5	4295	买盘
13:33:30	8.58	--	110	94380	卖盘
13:33:27	8.58	--	7	6006	卖盘
13:33:24	8.58	-0.01	17	14586	卖盘
13:33:21	8.59	--	7	6013	买盘
13:33:15	8.59	--	7	6013	买盘
13:33:09	8.59	--	1	859	买盘
13:33:03	8.59	--	404	347036	买盘
13:33:00	8.59	--	7	6013	买盘
13:32:48	8.59	--	1	859	买盘
13:32:45	8.59	0.01	7	6013	买盘
13:32:42	8.58	-0.01	109	93522	卖盘
13:32:36	8.59	0.01	2	1718	买盘
13:32:33	8.58	-0.01	3	2574	卖盘
13:32:30	8.59	0.01	55	47245	买盘
13:32:27	8.58	--	110	94380	卖盘
13:32:24	8.58	-0.01	394	338052	卖盘
13:32:21	8.59	--	7	6013	买盘
13:32:15	8.59	0.01	7	6013	买盘
13:32:09	8.58	-0.01	40	34320	卖盘
13:32:06	8.59	0.01	1	859	买盘
13:32:00	8.58	--	9	7722	卖盘
13:31:57	8.58	--	15	12870	卖盘
13:31:48	8.58	-0.01	415	356070	卖盘
13:31:45	8.59	--	6	5154	买盘
13:31:33	8.59	--	52	44668	买盘
13:31:30	8.59	0.01	7	6013	买盘
13:31:21	8.58	--	606	519948	卖盘
13:31:18	8.58	--	283	242814	买盘
13:31:15	8.58	--	21	18018	买盘
13:31:12	8.58	--	8	6864	买盘
13:31:09	8.58	--	6	5148	买盘
13:31:03	8.58	--	1	858	买盘
13:31:00	8.58	--	6	5148	买盘
13:30:54	8.58	--	6	5148	买盘
13:30:51	8.58	--	150	128700	买盘
13:30:48	8.58	--	9	7722	买盘
13:30:45	8.58	--	61	52338	买盘
13:30:36	8.58	--	16	13728	买盘
13:30:30	8.58	--	8	6864	买盘
13:30:27	8.58	--	30	25740	买盘
13:30:21	8.58	--	3	2574	买盘
13:30:15	8.58	--	187	160446	买盘
13:30:12	8.58	--	1	858	买盘
13:30:06	8.58	--	157	134706	卖盘
13:30:03	8.58	-0.01	5	4290	卖盘
13:30:00	8.59	0.01	6	5154	买盘
13:29:57	8.58	-0.01	8	6864	卖盘
13:29:48	8.59	--	57	48963	买盘
13:29:45	8.59	0.01	24	20616	买盘
13:29:39	8.58	--	12	10296	卖盘
13:29:36	8.58	--	436	374088	卖盘
13:29:33	8.58	-0.01	80	68640	卖盘
13:29:30	8.59	0.01	6	5154	买盘
13:29:27	8.58	--	10	8580	卖盘
13:29:18	8.58	--	10	8580	卖盘
13:29:15	8.58	--	11	9438	卖盘
13:29:12	8.58	-0.01	16	13728	卖盘
13:29:09	8.59	0.01	1	859	买盘
13:29:06	8.58	--	227	194766	卖盘
13:29:03	8.58	--	341	292578	卖盘
13:29:00	8.58	--	107	91806	卖盘
13:28:48	8.58	-0.01	6	5148	卖盘
13:28:45	8.59	--	8	6872	买盘
13:28:39	8.59	--	396	340164	买盘
13:28:36	8.59	0.01	34	29206	买盘
13:28:33	8.58	-0.01	172	147576	卖盘
13:28:30	8.59	-0.01	12	10308	卖盘
13:28:27	8.6	0.01	106	91160	买盘
13:28:15	8.59	--	21	18039	卖盘
13:28:12	8.59	--	16	13744	卖盘
13:28:09	8.59	--	2	1718	卖盘
13:28:06	8.59	0.01	94	81467	买盘
13:28:03	8.58	-0.01	108	92801	卖盘
13:28:00	8.59	-0.01	79	67861	卖盘
13:27:57	8.6	0.01	2	1720	买盘
13:27:54	8.59	--	493	423487	卖盘
13:27:51	8.59	--	59	50681	卖盘
13:27:48	8.59	--	38	32642	卖盘
13:27:45	8.59	0.01	591	508390	买盘
13:27:42	8.58	-0.01	382	327756	卖盘
13:27:39	8.59	--	180	154620	买盘
13:27:30	8.59	--	7	6013	买盘
13:27:27	8.59	--	125	107375	买盘
13:27:21	8.59	--	1135	974965	买盘
13:27:18	8.59	0.01	52	44668	买盘
13:27:15	8.58	--	352	302016	买盘
13:27:09	8.58	-0.01	25	21450	中性盘
13:27:06	8.59	--	2063	1772271	买盘
13:27:00	8.59	0.01	111	95349	买盘
13:26:57	8.58	--	1	858	卖盘
13:26:54	8.58	-0.01	2	1716	卖盘
13:26:51	8.59	0.01	7	6013	买盘
13:26:45	8.58	-0.01	25	21450	卖盘
13:26:42	8.59	0.01	55	47245	买盘
13:26:39	8.58	--	121	103818	卖盘
13:26:36	8.58	--	24	20592	卖盘
13:26:33	8.58	-0.01	348	298584	卖盘
13:26:30	8.59	0.01	27	23193	买盘
13:26:27	8.58	-0.01	50	42900	卖盘
13:26:15	8.59	--	7	6013	买盘
13:26:12	8.59	--	5	4295	买盘
13:26:09	8.59	0.01	20	17180	买盘
13:26:06	8.58	--	55	47190	卖盘
13:26:00	8.58	--	509	436722	卖盘
13:25:57	8.58	--	319	274405	买盘
13:25:54	8.58	--	24	20592	买盘
13:25:51	8.58	--	47	40326	买盘
13:25:48	8.58	--	123	105534	买盘
13:25:45	8.58	--	7	6006	买盘
13:25:42	8.58	--	17	14740	卖盘
13:25:39	8.58	--	1272	1092079	买盘
13:25:36	8.58	--	19	16302	买盘
13:25:33	8.58	--	21	18018	买盘
13:25:30	8.58	0.01	18	15444	买盘
13:25:27	8.57	-0.01	2	1714	卖盘
13:25:24	8.58	--	1038	890604	买盘
13:25:21	8.58	--	2	1716	买盘
13:25:15	8.58	--	8	6864	买盘
13:25:12	8.58	--	4	3432	买盘
13:25:09	8.58	--	1179	1011582	买盘
13:25:00	8.58	--	1024	878592	买盘
13:24:57	8.58	--	4	3432	买盘
13:24:51	8.58	--	11	9438	买盘
13:24:45	8.58	0.01	8	6864	买盘
13:24:39	8.57	-0.01	35	29995	卖盘
13:24:33	8.58	--	17	14586	买盘
13:24:30	8.58	--	8	6864	买盘
13:24:27	8.58	--	3	2574	买盘
13:24:15	8.58	0.01	24	20592	买盘
13:24:00	8.57	--	54	46278	卖盘
13:23:57	8.57	--	4	3428	卖盘
13:23:54	8.57	-0.01	32	27424	卖盘
13:23:45	8.58	0.01	7	6006	买盘
13:23:36	8.57	-0.01	15	12855	卖盘
13:23:30	8.58	--	14	12012	买盘
13:23:24	8.58	0.01	10	8580	买盘
13:23:21	8.57	-0.01	148	126836	卖盘
13:23:18	8.58	0.01	6	5148	买盘
13:23:15	8.57	-0.01	17	14569	卖盘
13:23:12	8.58	0.01	1	858	买盘
13:23:06	8.57	-0.01	59	50563	卖盘
13:23:00	8.58	0.01	6	5148	买盘
13:22:57	8.57	-0.01	150	128550	卖盘
13:22:54	8.58	--	2	1716	买盘
13:22:51	8.58	--	4	3432	买盘
13:22:48	8.58	0.01	1	858	买盘
13:22:45	8.57	-0.01	494	423358	卖盘
13:22:42	8.58	0.01	5	4290	买盘
13:22:33	8.57	-0.01	2	1714	卖盘
13:22:30	8.58	--	7	6006	买盘
13:22:15	8.58	--	6	5148	买盘
13:22:03	8.58	0.01	16	13728	买盘
13:22:00	8.57	--	57	48849	卖盘
13:21:57	8.57	-0.01	4	3428	卖盘
13:21:45	8.58	--	9	7722	买盘
13:21:42	8.58	0.01	13	11154	买盘
13:21:39	8.57	-0.01	31	26567	卖盘
13:21:36	8.58	--	12	10296	买盘
13:21:33	8.58	--	1	858	买盘
13:21:30	8.58	--	8	6864	买盘
13:21:21	8.58	--	12	10296	买盘
13:21:15	8.58	--	6	5148	买盘
13:21:12	8.58	--	6	5148	买盘
13:21:09	8.58	0.01	57	48906	买盘
13:21:03	8.57	--	5	4285	卖盘
13:21:00	8.57	--	14	11998	卖盘
13:20:57	8.57	-0.01	38	32566	卖盘
13:20:51	8.58	--	10	8580	买盘
13:20:48	8.58	--	4	3432	买盘
13:20:45	8.58	0.01	7	6006	买盘
13:20:39	8.57	-0.01	25	21425	卖盘
13:20:30	8.58	--	9	7722	买盘
13:20:15	8.58	--	6	5148	买盘
13:20:00	8.58	0.01	7	6006	买盘
13:19:57	8.57	-0.01	11	9427	卖盘
13:19:54	8.58	--	1	858	买盘
13:19:51	8.58	--	105	90090	买盘
13:19:45	8.58	--	8	6864	买盘
13:19:30	8.58	--	6	5148	买盘
13:19:24	8.58	--	1	858	买盘
13:19:18	8.58	--	7	6006	买盘
13:19:15	8.58	--	7	6006	买盘
13:19:09	8.58	--	1	858	买盘
13:19:06	8.58	--	12	10296	买盘
13:19:00	8.58	0.01	8	6864	买盘
13:18:57	8.57	--	3	2571	卖盘
13:18:51	8.57	-0.01	1	857	卖盘
13:18:48	8.58	--	1	858	买盘
13:18:45	8.58	--	6	5148	买盘
13:18:42	8.58	--	20	17160	买盘
13:18:30	8.58	--	8	6864	买盘
13:18:24	8.58	--	642	550836	卖盘
13:18:21	8.58	-0.01	2	1716	卖盘
13:18:18	8.59	--	11	9449	买盘
13:18:15	8.59	0.01	6	5154	买盘
13:18:12	8.58	-0.01	1	858	中性盘
13:17:51	8.59	0.02	1	859	买盘
13:17:45	8.57	0.01	252	215964	买盘
13:17:42	8.56	-0.01	21	17976	卖盘
13:17:33	8.57	0.01	10	8570	买盘
13:17:30	8.56	-0.01	16	13696	卖盘
13:17:27	8.57	-0.02	1234	1057538	卖盘
13:17:24	8.59	--	1	859	买盘
13:17:18	8.59	--	11	9449	买盘
13:17:15	8.59	--	6	5154	买盘
13:17:12	8.59	0.01	162	139158	买盘
13:17:06	8.58	-0.01	10	8580	卖盘
13:17:00	8.59	0.01	7	6013	买盘
13:16:51	8.58	-0.01	4	3432	卖盘
13:16:48	8.59	--	30	25770	买盘
13:16:45	8.59	--	7	6013	买盘
13:16:36	8.59	--	1	859	买盘
13:16:33	8.59	--	17	14603	买盘
13:16:30	8.59	0.01	7	6013	买盘
13:16:27	8.58	-0.01	1	858	卖盘
13:16:24	8.59	--	3	2577	买盘
13:16:21	8.59	--	11	9449	买盘
13:16:18	8.59	0.01	7	6013	买盘
13:16:15	8.58	--	430	368940	买盘
13:16:12	8.58	--	253	217074	买盘
13:16:06	8.58	--	1	858	买盘
13:16:03	8.58	--	56	48048	买盘
13:16:00	8.58	--	7	6006	买盘
13:15:45	8.58	--	8	6864	买盘
13:15:39	8.58	--	50	42900	买盘
13:15:33	8.58	--	10	8580	买盘
13:15:30	8.58	--	6	5148	买盘
13:15:18	8.58	--	12	10296	买盘
13:15:15	8.58	--	15	12870	买盘
13:15:09	8.58	--	1	858	买盘
13:15:00	8.58	0.01	6	5148	买盘
13:14:57	8.57	--	67	57419	卖盘
13:14:51	8.57	--	511	437927	卖盘
13:14:48	8.57	-0.01	14	11998	卖盘
13:14:45	8.58	--	67	57486	买盘
13:14:42	8.58	--	30	25740	买盘
13:14:39	8.58	--	20	17160	买盘
13:14:33	8.58	--	8	6864	买盘
13:14:30	8.58	--	10	8580	买盘
13:14:27	8.58	--	20	17160	买盘
13:14:24	8.58	--	3	2574	买盘
13:14:18	8.58	--	11	9438	买盘
13:14:15	8.58	--	7	6006	买盘
13:14:12	8.58	--	1	858	买盘
13:14:09	8.58	--	1	858	买盘
13:14:03	8.58	--	8	6864	买盘
13:14:00	8.58	--	6	5148	买盘
13:13:54	8.58	--	30	25740	买盘
13:13:51	8.58	--	50	42900	买盘
13:13:45	8.58	--	3	2574	买盘
13:13:42	8.58	0.01	4	3432	买盘
13:13:39	8.57	-0.01	180	154260	卖盘
13:13:30	8.58	--	3	2574	买盘
13:13:27	8.58	0.01	5	4290	买盘
13:13:24	8.57	--	9	7713	卖盘
13:13:21	8.57	-0.01	126	107982	卖盘
13:13:18	8.58	--	10	8580	买盘
13:13:15	8.58	--	3	2574	买盘
13:13:12	8.58	--	4	3432	买盘
13:13:09	8.58	--	3	2574	买盘
13:13:06	8.58	--	62	53196	买盘
13:13:03	8.58	--	16	13728	买盘
13:13:00	8.58	--	3	2574	买盘
13:12:57	8.58	--	4	3432	买盘
13:12:51	8.58	--	6	5148	买盘
13:12:45	8.58	--	2	1716	买盘
13:12:42	8.58	--	4	3432	买盘
13:12:39	8.58	--	1	858	买盘
13:12:33	8.58	--	5	4290	买盘
13:12:30	8.58	--	6	5148	买盘
13:12:27	8.58	--	8	6864	买盘
13:12:24	8.58	--	1	858	买盘
13:12:12	8.58	--	6	5148	买盘
13:12:00	8.58	--	7	6006	买盘
13:11:57	8.58	--	7	6006	买盘
13:11:42	8.58	--	14	12012	买盘
13:11:33	8.58	0.01	1	858	买盘
13:11:30	8.57	-0.01	120	102840	卖盘
13:11:27	8.58	--	24	20592	买盘
13:11:15	8.58	--	30	25740	买盘
13:11:12	8.58	--	7	6006	买盘
13:11:09	8.58	--	1	858	买盘
13:11:00	8.58	--	4	3432	买盘
13:10:57	8.58	--	5	4290	买盘
13:10:45	8.58	--	71	60918	买盘
13:10:42	8.58	--	40	34320	卖盘
13:10:39	8.58	0.01	6	5148	买盘
13:10:36	8.57	-0.01	20	17140	卖盘
13:10:33	8.58	--	54	46332	卖盘
13:10:30	8.58	-0.01	13	11154	卖盘
13:10:27	8.59	--	6	5154	买盘
13:10:18	8.59	--	3	2577	买盘
13:10:12	8.59	--	7	6013	买盘
13:09:57	8.59	0.01	30	25770	买盘
13:09:51	8.58	--	10	8580	买盘
13:09:42	8.58	--	8	6864	买盘
13:09:39	8.58	--	50	42900	买盘
13:09:30	8.58	--	500	429000	买盘
13:09:27	8.58	--	49	42042	买盘
13:09:18	8.58	--	500	429000	买盘
13:09:15	8.58	--	26	22308	买盘
13:09:12	8.58	--	57	48906	买盘
13:09:09	8.58	--	1	858	买盘
13:09:06	8.58	--	10	8580	买盘
13:08:57	8.58	--	8	6864	买盘
13:08:54	8.58	0.01	100	85800	买盘
13:08:51	8.57	--	3	2571	卖盘
13:08:45	8.57	-0.01	30	25710	卖盘
13:08:42	8.58	--	12	10296	买盘
13:08:39	8.58	--	50	42900	买盘
13:08:33	8.58	--	8	6864	买盘
13:08:30	8.58	--	12	10296	买盘
13:08:27	8.58	--	7	6006	买盘
13:08:24	8.58	--	392	336336	买盘
13:08:18	8.58	--	10	8580	买盘
13:08:15	8.58	--	120	102960	买盘
13:08:12	8.58	--	7	6006	买盘
13:08:09	8.58	--	30	25740	买盘
13:08:06	8.58	--	8	6864	买盘
13:08:00	8.58	--	2	1716	买盘
13:07:57	8.58	--	7	6006	买盘
13:07:48	8.58	--	40	34320	买盘
13:07:42	8.58	--	6	5148	买盘
13:07:36	8.58	--	4	3432	买盘
13:07:30	8.58	--	2171	1862718	买盘
13:07:27	8.58	--	19	16302	买盘
13:07:24	8.58	0.01	570	489060	买盘
13:07:21	8.57	-0.01	49	41993	卖盘
13:07:18	8.58	--	58	49764	买盘
13:07:12	8.58	--	18	15444	买盘
13:07:09	8.58	--	1	858	买盘
13:07:03	8.58	0.01	2	1716	买盘
13:07:00	8.57	-0.01	11	9427	卖盘
13:06:57	8.58	--	7	6006	买盘
13:06:54	8.58	0.01	20	17160	买盘
13:06:51	8.57	--	3	2571	卖盘
13:06:42	8.57	-0.01	27	23139	卖盘
13:06:39	8.58	0.01	20	17160	买盘
13:06:30	8.57	-0.01	56	47992	卖盘
13:06:27	8.58	0.01	6	5148	买盘
13:06:24	8.57	--	1812	1553278	买盘
13:06:12	8.57	--	7	5999	买盘
13:06:03	8.57	0.01	17	14569	买盘
13:06:00	8.56	-0.01	4	3424	卖盘
13:05:57	8.57	--	8	6856	买盘
13:05:42	8.57	--	10	8570	买盘
13:05:39	8.57	--	3	2571	买盘
13:05:30	8.57	--	114	97698	买盘
13:05:27	8.57	--	6	5142	买盘
13:05:15	8.57	--	1	857	买盘
13:05:12	8.57	--	7	5999	买盘
13:05:09	8.57	--	1	857	买盘
13:05:03	8.57	0.01	12	10284	买盘
13:04:57	8.56	0.01	1	856	买盘
13:04:54	8.55	-0.01	4	3420	卖盘
13:04:51	8.56	--	20	17120	买盘
13:04:48	8.56	--	7	5992	卖盘
13:04:45	8.56	--	3	2568	买盘
13:04:42	8.56	--	28	23968	买盘
13:04:39	8.56	--	1	856	买盘
13:04:36	8.56	-0.01	12	10272	买盘
13:04:33	8.57	0.02	452	387364	买盘
13:04:30	8.55	-0.01	24	20810	卖盘
13:04:27	8.56	--	14	11984	买盘
13:04:18	8.56	--	1	856	买盘
13:04:12	8.56	--	7	5992	买盘
13:04:03	8.56	--	2	1712	买盘
13:04:00	8.56	-0.01	51	44460	卖盘
13:03:57	8.57	--	7	5999	买盘
13:03:54	8.57	--	1	857	买盘
13:03:42	8.57	--	6	5142	买盘
13:03:33	8.57	0.01	47	40330	买盘
13:03:27	8.56	--	7	5992	买盘
13:03:24	8.56	--	2	1712	买盘
13:03:12	8.56	--	6	5136	买盘
13:03:09	8.56	--	1	856	买盘
13:03:03	8.56	--	4	3424	买盘
13:03:00	8.56	--	1	856	买盘
13:02:57	8.56	--	8	6848	买盘
13:02:54	8.56	-0.01	37	32476	卖盘
13:02:42	8.57	--	6	5142	买盘
13:02:33	8.57	0.01	2	1714	买盘
13:02:30	8.56	-0.01	4	3424	卖盘
13:02:27	8.57	--	7	5999	买盘
13:02:21	8.57	--	1	857	买盘
13:02:12	8.57	--	7	5999	买盘
13:02:09	8.57	0.01	3	2571	买盘
13:02:06	8.56	-0.01	24	20544	卖盘
13:02:03	8.57	--	4	3428	买盘
13:01:57	8.57	0.01	7	5999	买盘
13:01:51	8.56	--	36	30816	卖盘
13:01:45	8.56	-0.01	6	5136	卖盘
13:01:42	8.57	0.01	7	5999	买盘
13:01:36	8.56	-0.01	30	25680	卖盘
13:01:33	8.57	--	2	1714	买盘
13:01:30	8.57	0.01	38	32566	买盘
13:01:27	8.56	-0.01	12	10272	卖盘
13:01:12	8.57	--	7	5999	买盘
13:01:09	8.57	--	1	857	买盘
13:01:06	8.57	--	6	5142	买盘
13:01:03	8.57	--	4	3428	买盘
13:01:00	8.57	--	116	99412	买盘
13:00:57	8.57	0.01	6	5142	买盘
13:00:48	8.56	-0.01	230	196880	卖盘
13:00:42	8.57	--	14	11998	买盘
13:00:36	8.57	--	11	9427	买盘
13:00:33	8.57	--	2	1714	买盘
13:00:27	8.57	--	7	5999	买盘
13:00:24	8.57	0.01	1	857	买盘
13:00:09	8.56	--	48	41088	卖盘
13:00:06	8.56	--	23	19688	卖盘
13:00:03	8.56	--	250	214051	买盘
13:00:00	8.56	--	0	0	买盘
11:30:00	8.56	--	0	0	买盘
11:29:57	8.56	--	7	5992	买盘
11:29:54	8.56	--	2	1712	买盘
11:29:51	8.56	--	10	8560	买盘
11:29:42	8.56	--	8	6848	买盘
11:29:36	8.56	--	31	26536	买盘
11:29:33	8.56	--	353	302168	买盘
11:29:27	8.56	0.01	9	7704	买盘
11:29:24	8.55	-0.01	10	8550	卖盘
11:29:15	8.56	--	200	171200	买盘
11:29:12	8.56	--	7	5992	买盘
11:29:09	8.56	--	1	856	买盘
11:29:06	8.56	--	2	1712	买盘
11:28:57	8.56	0.01	8	6848	买盘
11:28:54	8.55	--	28	23940	卖盘
11:28:45	8.55	-0.01	3	2565	卖盘
11:28:42	8.56	--	6	5136	买盘
11:28:39	8.56	--	1	856	买盘
11:28:27	8.56	--	7	5992	买盘
11:28:18	8.56	--	1	856	买盘
11:28:12	8.56	--	672	575232	买盘
11:28:09	8.56	--	32	27392	买盘
11:27:57	8.56	--	7	5992	买盘
11:27:54	8.56	--	20	17120	买盘
11:27:48	8.56	0.01	211	180616	买盘
11:27:45	8.55	-0.01	22	18810	卖盘
11:27:42	8.56	0.01	7	5992	买盘
11:27:30	8.55	--	5	4275	买盘
11:27:27	8.55	--	707	604485	买盘
11:27:24	8.55	--	31	26505	买盘
11:27:21	8.55	--	22	18810	买盘
11:27:15	8.55	0.01	9	7695	买盘
11:27:12	8.54	-0.01	19	16225	卖盘
11:27:09	8.55	--	1	855	买盘
11:27:06	8.55	--	2	1710	买盘
11:27:03	8.55	0.01	3	2565	买盘
11:27:00	8.54	-0.01	18	15371	卖盘
11:26:57	8.55	--	4	3420	买盘
11:26:54	8.55	--	6	5130	买盘
11:26:48	8.55	--	2	1710	买盘
11:26:42	8.55	--	289	247095	买盘
11:26:36	8.55	--	6	5130	买盘
11:26:33	8.55	--	14	11970	买盘
11:26:30	8.55	--	3	2565	买盘
11:26:27	8.55	--	24	20520	买盘
11:26:18	8.55	--	31	26505	买盘
11:26:15	8.55	--	3	2565	买盘
11:26:12	8.55	--	4	3420	买盘
11:26:06	8.55	0.01	5	4275	买盘
11:26:03	8.54	-0.01	1	853	卖盘
11:26:00	8.55	--	2	1710	买盘
11:25:57	8.55	--	5	4275	买盘
11:25:54	8.55	--	13	11115	买盘
11:25:51	8.55	--	200	171000	买盘
11:25:48	8.55	--	22	18810	买盘
11:25:45	8.55	--	50	42750	买盘
11:25:42	8.55	--	54	46170	买盘
11:25:36	8.55	--	10	8550	买盘
11:25:30	8.55	--	2	1710	买盘
11:25:27	8.55	--	43	36765	买盘
11:25:18	8.55	--	1	855	买盘
11:25:15	8.55	--	3	2565	买盘
11:25:12	8.55	0.01	4	3420	买盘
11:25:06	8.54	-0.01	7	5977	卖盘
11:25:00	8.55	--	5	4275	买盘
11:24:57	8.55	--	5	4275	买盘
11:24:54	8.55	--	1	855	买盘
11:24:45	8.55	--	3	2565	买盘
11:24:42	8.55	--	104	88920	买盘
11:24:39	8.55	0.01	7	5985	买盘
11:24:36	8.54	-0.01	59	50830	卖盘
11:24:33	8.55	--	1	855	买盘
11:24:30	8.55	--	4	3420	买盘
11:24:27	8.55	0.01	33	28215	买盘
11:24:18	8.54	-0.01	1	1093	卖盘
11:24:15	8.55	--	3	2565	买盘
11:24:12	8.55	--	5	4275	买盘
11:24:06	8.55	--	20	17100	买盘
11:24:03	8.55	--	2	1710	买盘
11:24:00	8.55	--	8	6840	买盘
11:23:57	8.55	0.01	4	3420	买盘
11:23:51	8.54	-0.01	7	5977	卖盘
11:23:48	8.55	--	80	68400	买盘
11:23:45	8.55	--	64	54720	买盘
11:23:42	8.55	--	5	4275	买盘
11:23:39	8.55	--	2	1710	买盘
11:23:30	8.55	0.01	22	18810	买盘
11:23:27	8.54	-0.01	22	18787	卖盘
11:23:21	8.55	--	49	41895	买盘
11:23:15	8.55	--	7	5985	买盘
11:23:12	8.55	--	4	3420	买盘
11:23:09	8.55	0.01	1	855	买盘
11:23:03	8.54	-0.01	11	9393	卖盘
11:23:00	8.55	--	3	2565	买盘
11:22:57	8.55	0.01	4	3420	买盘
11:22:54	8.54	-0.01	50	42699	卖盘
11:22:48	8.55	--	76	64980	买盘
11:22:45	8.55	--	3	2565	买盘
11:22:42	8.55	--	5	4275	买盘
11:22:36	8.55	--	1	855	买盘
11:22:33	8.55	--	1	855	买盘
11:22:30	8.55	--	5	4275	买盘
11:22:27	8.55	--	4	3420	买盘
11:22:21	8.55	--	39	33345	买盘
11:22:18	8.55	--	2	1710	买盘
11:22:15	8.55	--	2	1710	买盘
11:22:12	8.55	--	9	7695	买盘
11:22:00	8.55	--	3	2565	买盘
11:21:57	8.55	--	12	10260	买盘
11:21:48	8.55	--	2	1710	买盘
11:21:45	8.55	--	2	1710	买盘
11:21:42	8.55	--	74	63270	买盘
11:21:36	8.55	--	1	855	买盘
11:21:30	8.55	--	203	173565	买盘
11:21:27	8.55	0.01	4	3420	买盘
11:21:21	8.54	-0.01	2	1707	卖盘
11:21:18	8.55	--	1	855	买盘
11:21:15	8.55	--	2	1710	买盘
11:21:12	8.55	0.01	35	29925	买盘
11:21:03	8.54	-0.01	1	853	卖盘
11:21:00	8.55	--	3	2565	买盘
11:20:57	8.55	--	7	5985	买盘
11:20:54	8.55	0.01	1	855	买盘
11:20:48	8.54	-0.01	2	1707	卖盘
11:20:45	8.55	--	402	343710	买盘
11:20:42	8.55	--	4	3420	买盘
11:20:30	8.55	--	5	4275	买盘
11:20:27	8.55	--	4	3420	买盘
11:20:21	8.55	--	100	85500	买盘
11:20:15	8.55	--	31	26505	买盘
11:20:12	8.55	0.01	10	8550	买盘
11:20:09	8.54	--	6	5123	卖盘
11:20:06	8.54	-0.01	82	70028	卖盘
11:20:03	8.55	--	39	33345	买盘
11:20:00	8.55	--	3	2565	买盘
11:19:57	8.55	0.01	5	4275	买盘
11:19:51	8.54	-0.01	48	40991	卖盘
11:19:48	8.55	--	1	855	买盘
11:19:45	8.55	0.01	2	1710	买盘
11:19:42	8.54	--	136	116143	卖盘
11:19:39	8.54	-0.01	20	17080	卖盘
11:19:30	8.55	--	5	4275	买盘
11:19:27	8.55	--	24	20520	买盘
11:19:21	8.55	--	15	12825	买盘
11:19:18	8.55	--	29	24795	买盘
11:19:15	8.55	0.01	2	1710	买盘
11:19:12	8.54	-0.01	25	21349	卖盘
11:19:09	8.55	--	1	855	买盘
11:19:06	8.55	--	50	42750	买盘
11:19:03	8.55	--	1	855	买盘
11:19:00	8.55	--	3	2565	买盘
11:18:57	8.55	0.01	24	20520	买盘
11:18:54	8.54	--	91	77713	卖盘
11:18:51	8.54	-0.01	50	42699	卖盘
11:18:45	8.55	--	3	2565	买盘
11:18:42	8.55	--	4	3420	买盘
11:18:36	8.55	0.01	3	2565	买盘
11:18:33	8.54	-0.01	20	17080	卖盘
11:18:30	8.55	--	12	10260	买盘
11:18:27	8.55	--	4	3420	买盘
11:18:24	8.55	--	49	41895	买盘
11:18:18	8.55	--	3	2565	买盘
11:18:15	8.55	--	23	19665	买盘
11:18:12	8.55	--	14	11970	买盘
11:18:09	8.55	--	2	1710	买盘
11:18:03	8.55	--	11	9405	买盘
11:18:00	8.55	--	23	19665	买盘
11:17:57	8.55	--	5	4275	买盘
11:17:54	8.55	--	1	855	买盘
11:17:51	8.55	--	1	855	买盘
11:17:45	8.55	--	2	1710	买盘
11:17:42	8.55	--	4	3420	买盘
11:17:33	8.55	--	5	4275	买盘
11:17:30	8.55	--	3	2565	买盘
11:17:27	8.55	--	4	3420	买盘
11:17:24	8.55	--	50	42750	买盘
11:17:15	8.55	--	2	1710	买盘
11:17:12	8.55	--	4	3420	买盘
11:17:09	8.55	--	1	855	买盘
11:17:06	8.55	--	1	855	买盘
11:17:03	8.55	--	29	24795	买盘
11:17:00	8.55	--	3	2565	买盘
11:16:57	8.55	--	4	3420	买盘
11:16:51	8.55	--	1	855	买盘
11:16:45	8.55	0.01	81	69255	买盘
11:16:42	8.54	--	255	217769	卖盘
11:16:39	8.54	-0.01	60	51239	卖盘
11:16:33	8.55	--	7	5985	买盘
11:16:30	8.55	--	2	1710	买盘
11:16:27	8.55	--	4	3420	买盘
11:16:24	8.55	--	29	24795	买盘
11:16:21	8.55	--	8	6840	买盘
11:16:15	8.55	--	3	2565	买盘
11:16:12	8.55	--	17	14535	买盘
11:16:06	8.55	--	23	19665	买盘
11:16:03	8.55	--	1	855	买盘
11:16:00	8.55	--	2	1710	买盘
11:15:57	8.55	--	17	14535	买盘
11:15:48	8.55	--	30	25650	买盘
11:15:45	8.55	0.01	3	2565	买盘
11:15:42	8.54	-0.01	7	5977	卖盘
11:15:36	8.55	--	1	855	买盘
11:15:33	8.55	--	10	8550	买盘
11:15:30	8.55	0.01	66	56430	买盘
11:15:27	8.54	--	431	368073	卖盘
11:15:24	8.54	--	20	17080	卖盘
11:15:21	8.54	--	588	502271	买盘
11:15:15	8.54	--	3	2561	买盘
11:15:12	8.54	--	53	45261	买盘
11:15:09	8.54	--	1	853	买盘
11:15:06	8.54	--	80	68320	买盘
11:15:00	8.54	--	2	1707	买盘
11:14:57	8.54	--	9	7685	买盘
11:14:51	8.54	--	60	51239	买盘
11:14:45	8.54	--	109	93709	买盘
11:14:42	8.54	0.01	5	4270	买盘
11:14:36	8.53	-0.01	107	91271	卖盘
11:14:33	8.54	--	8	6831	买盘
11:14:30	8.54	--	9	7685	买盘
11:14:27	8.54	--	4	3415	买盘
11:14:15	8.54	0.01	3	2561	买盘
11:14:12	8.53	--	640	545920	买盘
11:14:09	8.53	--	33	28148	买盘
11:14:06	8.53	--	40	34120	买盘
11:14:03	8.53	0.01	15	12794	买盘
11:14:00	8.52	-0.01	271	230892	卖盘
11:13:57	8.53	--	5	4265	买盘
11:13:54	8.53	--	179	152687	买盘
11:13:51	8.53	--	220	187660	买盘
11:13:48	8.53	--	3	2559	买盘
11:13:45	8.53	--	46	39238	买盘
11:13:42	8.53	--	194	165482	买盘
11:13:39	8.53	--	200	170600	买盘
11:13:36	8.53	--	30	25589	买盘
11:13:33	8.53	--	1	852	买盘
11:13:30	8.53	--	1446	1233438	买盘
11:13:27	8.53	--	38	32413	买盘
11:13:24	8.53	--	7	5971	买盘
11:13:21	8.53	--	5	4265	买盘
11:13:18	8.53	--	15	12794	买盘
11:13:15	8.53	--	2	1705	买盘
11:13:12	8.53	--	4	3411	买盘
11:13:09	8.53	--	34	29001	买盘
11:13:06	8.53	--	10	8530	买盘
11:13:03	8.53	--	127	108330	买盘
11:13:00	8.53	--	34	29001	买盘
11:12:57	8.53	--	13	11089	买盘
11:12:54	8.53	--	30	25589	买盘
11:12:48	8.53	--	30	25589	买盘
11:12:45	8.53	--	2	1705	买盘
11:12:42	8.53	0.01	9	7676	买盘
11:12:39	8.52	-0.01	10	8520	卖盘
11:12:33	8.53	--	10	8530	买盘
11:12:30	8.53	--	176	150128	买盘
11:12:27	8.53	0.01	8	6823	买盘
11:12:24	8.52	--	4	3408	卖盘
11:12:21	8.52	--	460	391920	卖盘
11:12:18	8.52	-0.01	149	126948	卖盘
11:12:15	8.53	--	5	4265	买盘
11:12:12	8.53	--	58	49473	买盘
11:12:09	8.53	0.01	236	201307	买盘
11:12:06	8.52	--	2	1704	卖盘
11:12:03	8.52	-0.01	40	34080	卖盘
11:12:00	8.53	0.01	33	28148	买盘
11:11:57	8.52	--	75	63900	卖盘
11:11:54	8.52	-0.01	51	43452	卖盘
11:11:48	8.53	--	38	32413	买盘
11:11:45	8.53	0.01	4	3411	买盘
11:11:42	8.52	-0.01	209	178068	卖盘
11:11:36	8.53	--	171	145863	买盘
11:11:33	8.53	0.01	10	8530	买盘
11:11:30	8.52	-0.01	12	10224	卖盘
11:11:27	8.53	--	17	14500	买盘
11:11:24	8.53	--	20	17060	买盘
11:11:21	8.53	--	50	42650	买盘
11:11:18	8.53	--	44	37532	买盘
11:11:15	8.53	--	32	27295	买盘
11:11:12	8.53	--	17	14500	买盘
11:11:09	8.53	--	301	256752	买盘
11:11:06	8.53	-0.01	937	799260	卖盘
11:11:00	8.54	--	35	29889	买盘
11:10:57	8.54	--	25	21349	买盘
11:10:48	8.54	--	40	34160	买盘
11:10:45	8.54	--	23	19641	买盘
11:10:42	8.54	--	48	40991	买盘
11:10:39	8.54	--	12	10247	买盘
11:10:36	8.54	0.01	46	39283	买盘
11:10:33	8.53	-0.01	160	136480	卖盘
11:10:30	8.54	--	17	14517	买盘
11:10:27	8.54	--	4	3415	买盘
11:10:24	8.54	--	11	9393	买盘
11:10:21	8.54	--	13	11101	买盘
11:10:15	8.54	0.01	3	2561	买盘
11:10:12	8.53	-0.01	35	29854	卖盘
11:10:09	8.54	--	50	42699	买盘
11:10:06	8.54	0.01	17	14517	买盘
11:10:03	8.53	-0.01	120	102359	卖盘
11:10:00	8.54	--	2	1707	买盘
11:09:57	8.54	--	12	10247	买盘
11:09:54	8.54	--	30	25619	买盘
11:09:48	8.54	--	7	5977	买盘
11:09:45	8.54	--	3	2561	买盘
11:09:42	8.54	--	31	26473	买盘
11:09:39	8.54	--	7	5977	买盘
11:09:36	8.54	0.01	6	5123	买盘
11:09:33	8.53	-0.01	8	6823	卖盘
11:09:30	8.54	--	2	1707	买盘
11:09:27	8.54	0.01	99	84545	买盘
11:09:21	8.53	--	7	5971	卖盘
11:09:18	8.53	-0.01	13	11089	卖盘
11:09:15	8.54	--	3	2561	买盘
11:09:12	8.54	0.01	4	3415	买盘
11:09:09	8.53	-0.01	117	99800	卖盘
11:09:06	8.54	0.01	4	3415	买盘
11:09:03	8.53	--	20	17060	卖盘
11:09:00	8.53	-0.01	514	438441	卖盘
11:08:57	8.54	--	15	12809	买盘
11:08:45	8.54	-0.01	68	58806	卖盘
11:08:42	8.55	0.01	13	11115	买盘
11:08:36	8.54	--	30	25619	卖盘
11:08:33	8.54	-0.01	245	209229	卖盘
11:08:30	8.55	--	11	9405	买盘
11:08:27	8.55	0.01	5	4275	买盘
11:08:24	8.54	--	586	500443	卖盘
11:08:21	8.54	-0.01	124	105895	卖盘
11:08:15	8.55	0.01	37	31635	买盘
11:08:12	8.54	--	20	17080	卖盘
11:08:09	8.54	-0.01	70	59779	卖盘
11:08:00	8.55	--	3	2565	买盘
11:07:57	8.55	0.01	4	3420	买盘
11:07:51	8.54	-0.01	62	52947	卖盘
11:07:45	8.55	0.01	2	1710	买盘
11:07:42	8.54	-0.01	32	27327	卖盘
11:07:39	8.55	--	1	855	买盘
11:07:36	8.55	--	3	2565	买盘
11:07:33	8.55	--	6	5130	买盘
11:07:30	8.55	--	3	2565	买盘
11:07:27	8.55	--	24	20520	卖盘
11:07:21	8.55	--	10	8550	卖盘
11:07:15	8.55	-0.01	37	31635	卖盘
11:07:12	8.56	--	45	38520	买盘
11:07:09	8.56	--	1	856	买盘
11:07:06	8.56	--	129	110424	买盘
11:07:00	8.56	--	5	4280	买盘
11:06:57	8.56	0.01	4	3424	买盘
11:06:51	8.55	-0.01	60	51300	卖盘
11:06:45	8.56	--	159	136104	买盘
11:06:42	8.56	--	4	3424	买盘
11:06:36	8.56	--	8	6848	买盘
11:06:30	8.56	--	2	1712	买盘
11:06:27	8.56	--	5	4280	买盘
11:06:15	8.56	--	3	2568	买盘
11:06:12	8.56	--	5	4280	买盘
11:06:06	8.56	--	30	25680	买盘
11:06:00	8.56	0.01	5	4280	买盘
11:05:57	8.55	-0.01	5	4275	卖盘
11:05:45	8.56	--	14	11984	买盘
11:05:42	8.56	0.02	1	856	买盘
11:05:39	8.54	-0.02	921	786533	卖盘
11:05:30	8.56	--	2	1712	买盘
11:05:27	8.56	0.01	4	3424	买盘
11:05:24	8.55	--	4	3420	卖盘
11:05:21	8.55	-0.01	52	44460	卖盘
11:05:18	8.56	--	1	856	买盘
11:05:15	8.56	0.01	11	9416	买盘
11:05:12	8.55	-0.01	15	12825	卖盘
11:05:09	8.56	--	1	856	买盘
11:05:03	8.56	--	29	24824	买盘
11:05:00	8.56	--	3	2568	买盘
11:04:57	8.56	--	12	10272	买盘
11:04:45	8.56	--	2	1712	买盘
11:04:42	8.56	--	10	8560	买盘
11:04:30	8.56	--	9	7704	买盘
11:04:27	8.56	0.01	4	3424	买盘
11:04:15	8.55	-0.01	32	27360	卖盘
11:04:12	8.56	--	8	6848	买盘
11:04:09	8.56	--	1	856	买盘
11:04:06	8.56	--	29	24824	买盘
11:04:03	8.56	--	6	5136	买盘
11:04:00	8.56	--	28	23968	买盘
11:03:57	8.56	--	4	3424	买盘
11:03:54	8.56	0.01	263	225128	买盘
11:03:45	8.55	-0.01	40	34200	卖盘
11:03:42	8.56	0.01	16	13696	买盘
11:03:39	8.55	-0.01	20	17100	卖盘
11:03:30	8.56	--	102	87312	买盘
11:03:27	8.56	--	4	3424	买盘
11:03:24	8.56	--	9	7704	买盘
11:03:21	8.56	--	50	42800	买盘
11:03:15	8.56	--	8	6848	买盘
11:03:12	8.56	0.01	5	4280	买盘
11:03:03	8.55	--	27	23085	买盘
11:03:00	8.55	--	2	1710	买盘
11:02:57	8.55	--	4	3420	买盘
11:02:54	8.55	--	62	53010	买盘
11:02:51	8.55	--	106	90630	卖盘
11:02:48	8.55	-0.01	5	4275	卖盘
11:02:45	8.56	--	3	2568	买盘
11:02:42	8.56	--	4	3424	买盘
11:02:33	8.56	--	1	856	买盘
11:02:30	8.56	0.01	2	1712	买盘
11:02:27	8.55	--	36	30780	买盘
11:02:24	8.55	--	7	5985	买盘
11:02:21	8.55	0.01	42	35910	买盘
11:02:18	8.54	-0.01	149	127245	卖盘
11:02:15	8.55	--	7	5985	买盘
11:02:12	8.55	--	4	3420	买盘
11:02:09	8.55	--	29	24795	买盘
11:02:00	8.55	-0.01	4	3420	中性盘
11:01:57	8.56	0.01	4	3424	买盘
11:01:54	8.55	-0.01	200	171000	卖盘
11:01:45	8.56	--	2	1712	买盘
11:01:42	8.56	0.01	4	3424	买盘
11:01:33	8.55	-0.01	6	5130	卖盘
11:01:30	8.56	--	52	44512	买盘
11:01:27	8.56	0.01	7	5992	买盘
11:01:21	8.55	-0.01	8	6840	卖盘
11:01:15	8.56	0.01	3	2568	买盘
11:01:12	8.55	--	54	46170	卖盘
11:01:06	8.55	-0.01	6	5130	卖盘
11:01:03	8.56	--	68	58208	买盘
11:01:00	8.56	--	3	2568	买盘
11:00:57	8.56	--	14	11984	买盘
11:00:48	8.56	-0.01	40	34240	卖盘
11:00:45	8.57	--	7	5999	买盘
11:00:42	8.57	--	5	4285	买盘
11:00:30	8.57	0.01	3	2571	买盘
11:00:27	8.56	--	44	37664	卖盘
11:00:21	8.56	--	10	8560	卖盘
11:00:18	8.56	--	13	11128	买盘
11:00:15	8.56	--	5	4280	买盘
11:00:12	8.56	--	7	5992	买盘
11:00:09	8.56	--	30	25680	买盘
11:00:03	8.56	--	6	5136	买盘
11:00:00	8.56	--	3	2568	买盘
10:59:57	8.56	--	28	23968	卖盘
10:59:51	8.56	-0.01	20	17120	卖盘
10:59:45	8.57	--	2	1714	买盘
10:59:42	8.57	0.01	4	3428	买盘
10:59:36	8.56	--	70	59920	买盘
10:59:30	8.56	--	3	2568	买盘
10:59:27	8.56	--	5	4280	买盘
10:59:18	8.56	--	2	1712	买盘
10:59:15	8.56	0.01	2	1712	买盘
10:59:09	8.55	--	418	357988	买盘
10:59:06	8.55	--	8	6840	买盘
10:59:00	8.55	--	61	52155	买盘
10:58:57	8.55	--	4	3420	买盘
10:58:51	8.55	0.01	1	855	买盘
10:58:48	8.54	-0.01	40	34160	卖盘
10:58:45	8.55	--	3	2565	买盘
10:58:42	8.55	--	4	3420	买盘
10:58:39	8.55	--	8	6840	买盘
10:58:33	8.55	--	6	5130	买盘
10:58:30	8.55	--	23	19665	买盘
10:58:27	8.55	0.01	105	89775	买盘
10:58:24	8.54	-0.01	30	25619	卖盘
10:58:15	8.55	--	32	27360	买盘
10:58:12	8.55	0.01	4	3420	买盘
10:58:09	8.54	-0.01	30	26303	卖盘
10:58:06	8.55	--	169	144495	买盘
10:58:03	8.55	--	5	4275	买盘
10:58:00	8.55	0.01	14	11970	买盘
10:57:57	8.54	--	5	4270	卖盘
10:57:54	8.54	-0.01	10	8540	卖盘
10:57:51	8.55	--	34	29070	买盘
10:57:45	8.55	0.01	42	35910	买盘
10:57:42	8.54	-0.01	30	25619	卖盘
10:57:39	8.55	--	24	20520	买盘
10:57:30	8.55	--	14	11970	买盘
10:57:27	8.55	--	17	14535	买盘
10:57:15	8.55	--	32	27360	买盘
10:57:12	8.55	--	5	4275	买盘
10:57:09	8.55	--	1	855	买盘
10:57:00	8.55	-0.01	1360	1163056	卖盘
10:56:57	8.56	--	4	3424	买盘
10:56:54	8.56	-0.01	55	47080	卖盘
10:56:45	8.57	0.01	4	3428	买盘
10:56:42	8.56	--	35	29960	卖盘
10:56:33	8.56	--	15	12840	买盘
10:56:30	8.56	--	8	6848	买盘
10:56:27	8.56	-0.01	14	11984	卖盘
10:56:18	8.57	--	3	2571	买盘
10:56:15	8.57	0.01	2	1714	买盘
10:56:12	8.56	-0.01	132	112992	卖盘
10:56:03	8.57	--	34	29138	买盘
10:56:00	8.57	--	60	51420	买盘
10:55:57	8.57	--	4	3428	买盘
10:55:54	8.57	--	5	4285	买盘
10:55:51	8.57	--	1	857	买盘
10:55:45	8.57	0.01	2	1714	买盘
10:55:42	8.56	-0.01	14	11984	卖盘
10:55:36	8.57	--	3	2571	买盘
10:55:24	8.57	0.02	27	23139	买盘
10:55:21	8.55	-0.01	100	85500	卖盘
10:55:18	8.56	--	87	74472	卖盘
10:55:15	8.56	-0.01	5	4280	卖盘
10:55:12	8.57	--	3	2571	买盘
10:55:09	8.57	--	2	1714	买盘
10:55:06	8.57	0.01	29	24853	买盘
10:55:00	8.56	--	3	2568	买盘
10:54:57	8.56	0.01	108	92448	买盘
10:54:54	8.55	--	20	17100	卖盘
10:54:51	8.55	-0.01	35	29925	卖盘
10:54:45	8.56	--	196	167776	买盘
10:54:42	8.56	0.01	5	4280	买盘
10:54:39	8.55	-0.01	100	85500	卖盘
10:54:36	8.56	--	1001	856856	买盘
10:54:30	8.56	--	3	2568	买盘
10:54:27	8.56	--	4	3424	买盘
10:54:21	8.56	0.01	85	72760	买盘
10:54:15	8.55	--	24	20520	卖盘
10:54:12	8.55	-0.01	316	270180	卖盘
10:54:09	8.56	--	10	8560	买盘
10:54:00	8.56	--	2	1712	买盘
10:53:57	8.56	0.01	35	29960	买盘
10:53:51	8.55	-0.01	10	8550	卖盘
10:53:45	8.56	--	6	5136	买盘
10:53:42	8.56	--	4	3424	买盘
10:53:30	8.56	0.01	2	1712	买盘
10:53:27	8.55	-0.01	38	32490	卖盘
10:53:15	8.56	0.01	36	30816	买盘
10:53:12	8.55	--	41	35055	卖盘
10:53:00	8.55	-0.01	23	19665	卖盘
10:52:57	8.56	0.01	4	3424	买盘
10:52:51	8.55	--	13	11115	卖盘
10:52:48	8.55	--	68	58738	买盘
10:52:45	8.55	--	2	1710	买盘
10:52:42	8.55	--	75	64125	买盘
10:52:39	8.55	--	1	855	买盘
10:52:30	8.55	-0.01	1406	1202130	卖盘
10:52:27	8.56	--	4	3424	买盘
10:52:15	8.56	--	641	548696	卖盘
10:52:12	8.56	-0.01	24	20544	卖盘
10:52:06	8.57	--	3	2571	买盘
10:52:00	8.57	--	10	8570	买盘
10:51:57	8.57	--	32	27424	买盘
10:51:54	8.57	0.01	4	3428	买盘
10:51:51	8.56	-0.01	40	34240	卖盘
10:51:45	8.57	--	2	1714	买盘
10:51:42	8.57	--	3	2571	买盘
10:51:39	8.57	0.01	5	4285	买盘
10:51:30	8.56	-0.01	25	21400	卖盘
10:51:27	8.57	--	3	2571	买盘
10:51:24	8.57	--	4	3428	买盘
10:51:21	8.57	0.01	3	2571	买盘
10:51:15	8.56	--	282	241392	卖盘
10:51:12	8.56	-0.01	2	1712	卖盘
10:51:09	8.57	--	5	4285	买盘
10:51:06	8.57	--	36	30852	买盘
10:51:00	8.57	--	16	13712	买盘
10:50:57	8.57	--	31	26567	买盘
10:50:54	8.57	--	5	4285	买盘
10:50:45	8.57	--	3	2571	买盘
10:50:39	8.57	--	4	3428	买盘
10:50:33	8.57	--	326	279382	买盘
10:50:30	8.57	0.01	13	11141	买盘
10:50:27	8.56	--	40	34240	买盘
10:50:24	8.56	--	7	5992	买盘
10:50:18	8.56	--	3	2568	买盘
10:50:15	8.56	--	60	51360	买盘
10:50:12	8.56	--	3	2568	买盘
10:50:09	8.56	--	1887	1615272	卖盘
10:50:03	8.56	-0.01	24	20544	卖盘
10:50:00	8.57	--	32	27424	买盘
10:49:54	8.57	--	4	3428	买盘
10:49:45	8.57	--	4	3428	买盘
10:49:39	8.57	0.01	4	3428	买盘
10:49:30	8.56	-0.01	4	3424	卖盘
10:49:27	8.57	--	1	857	买盘
10:49:24	8.57	--	4	3428	买盘
10:49:21	8.57	0.01	3	2571	买盘
10:49:15	8.56	-0.01	12	10272	卖盘
10:49:09	8.57	0.01	5	4285	买盘
10:49:03	8.56	--	135	115560	买盘
10:49:00	8.56	--	106	90736	买盘
10:48:57	8.56	--	516	441696	买盘
10:48:54	8.56	--	4	3424	买盘
10:48:51	8.56	0.01	43	36808	买盘
10:48:48	8.55	-0.01	1	855	卖盘
10:48:45	8.56	--	10	8560	买盘
10:48:42	8.56	--	17	14552	买盘
10:48:39	8.56	--	26	22256	买盘
10:48:36	8.56	--	47	40232	买盘
10:48:33	8.56	--	33	28248	买盘
10:48:30	8.56	--	103	88168	买盘
10:48:27	8.56	--	26	22256	买盘
10:48:24	8.56	--	65	55640	买盘
10:48:15	8.56	--	10	8560	买盘
10:48:12	8.56	--	10	8560	买盘
10:48:09	8.56	--	10	8560	买盘
10:48:06	8.56	--	6	5136	买盘
10:48:03	8.56	--	37	31672	买盘
10:48:00	8.56	--	537	459672	买盘
10:47:54	8.56	--	4	3424	买盘
10:47:51	8.56	--	400	342400	买盘
10:47:45	8.56	--	3	2568	买盘
10:47:42	8.56	--	12	10272	买盘
10:47:39	8.56	--	219	187464	买盘
10:47:33	8.56	--	10	8560	买盘
10:47:30	8.56	--	3	2568	买盘
10:47:24	8.56	--	5	4280	买盘
10:47:21	8.56	--	31	26536	买盘
10:47:18	8.56	--	3	2568	买盘
10:47:15	8.56	--	13	11128	买盘
10:47:12	8.56	--	21	17976	买盘
10:47:09	8.56	--	18	15408	买盘
10:47:06	8.56	-0.01	404	345824	卖盘
10:47:03	8.57	--	29	24853	买盘
10:47:00	8.57	--	3	2571	买盘
10:46:57	8.57	0.01	1	857	买盘
10:46:54	8.56	0.01	605	517880	买盘
10:46:45	8.55	-0.01	253	216315	卖盘
10:46:39	8.56	--	4	3424	买盘
10:46:36	8.56	--	9	7704	买盘
10:46:33	8.56	--	1543	1320808	卖盘
10:46:30	8.56	-0.01	102	87312	卖盘
10:46:27	8.57	--	21	17997	买盘
10:46:24	8.57	--	4	3428	买盘
10:46:18	8.57	--	36	30852	买盘
10:46:15	8.57	--	3	2571	买盘
10:46:12	8.57	--	160	137120	买盘
10:46:09	8.57	--	6	5142	买盘
10:46:06	8.57	--	17	14569	买盘
10:46:03	8.57	--	29	24853	买盘
10:46:00	8.57	--	4	3428	买盘
10:45:57	8.57	--	14	11998	买盘
10:45:54	8.57	0.01	4	3428	买盘
10:45:45	8.56	-0.01	20	17120	卖盘
10:45:42	8.57	--	36	31674	卖盘
10:45:39	8.57	--	17	14603	买盘
10:45:33	8.57	--	17	14569	买盘
10:45:30	8.57	--	2	1714	买盘
10:45:27	8.57	-0.01	164	141370	卖盘
10:45:24	8.58	0.01	7	6006	买盘
10:45:21	8.57	-0.01	2	1714	卖盘
10:45:15	8.58	--	3	2574	买盘
10:45:09	8.58	--	251	215358	买盘
10:45:00	8.58	--	3	2574	买盘
10:44:54	8.58	--	33	28314	买盘
10:44:45	8.58	--	2	1716	买盘
10:44:39	8.58	0.01	24	20592	买盘
10:44:33	8.57	-0.01	2	1714	卖盘
10:44:30	8.58	0.01	23	19734	买盘
10:44:27	8.57	-0.01	30	25710	卖盘
10:44:24	8.58	0.01	5	4290	买盘
10:44:21	8.57	-0.01	2	1714	卖盘
10:44:18	8.58	--	4	3432	买盘
10:44:15	8.58	0.01	2	1716	买盘
10:44:12	8.57	-0.01	82	70274	卖盘
10:44:09	8.58	0.01	7	6006	买盘
10:44:06	8.57	-0.01	62	53134	卖盘
10:44:03	8.58	--	40	34320	买盘
10:44:00	8.58	0.01	3	2574	买盘
10:43:57	8.57	-0.01	1	857	卖盘
10:43:54	8.58	0.01	8	6864	买盘
10:43:51	8.57	-0.01	54	46278	卖盘
10:43:45	8.58	--	2	1716	买盘
10:43:42	8.58	--	1	858	买盘
10:43:39	8.58	0.01	9	7722	买盘
10:43:36	8.57	0.01	152	130298	买盘
10:43:33	8.56	-0.01	2	1712	卖盘
10:43:30	8.57	0.01	19	16283	买盘
10:43:27	8.56	-0.01	21	17976	卖盘
10:43:24	8.57	0.01	4	3428	买盘
10:43:21	8.56	-0.01	32	27392	卖盘
10:43:18	8.57	--	7	5999	买盘
10:43:15	8.57	--	216	185934	卖盘
10:43:12	8.57	-0.01	57	48849	卖盘
10:43:09	8.58	0.01	108	92664	买盘
10:43:06	8.57	-0.01	4	3428	卖盘
10:43:03	8.58	0.01	6	5148	买盘
10:43:00	8.57	--	105	89985	卖盘
10:42:54	8.57	--	24	20568	卖盘
10:42:48	8.57	-0.01	2	1714	卖盘
10:42:45	8.58	--	2	1716	买盘
10:42:39	8.58	--	23	19734	买盘
10:42:33	8.58	--	1	858	买盘
10:42:30	8.58	--	3	2574	买盘
10:42:24	8.58	--	60	51480	买盘
10:42:21	8.58	--	30	25740	买盘
10:42:15	8.58	0.01	6	5148	买盘
10:42:12	8.57	-0.01	13	11141	卖盘
10:42:09	8.58	--	4	3432	买盘
10:42:03	8.58	--	31	26598	买盘
10:42:00	8.58	--	3	2574	买盘
10:41:57	8.58	--	652	559416	买盘
10:41:54	8.58	--	4	3432	买盘
10:41:51	8.58	--	3	2574	买盘
10:41:48	8.58	--	3	2574	买盘
10:41:45	8.58	--	59	50622	买盘
10:41:39	8.58	0.01	5	4290	买盘
10:41:33	8.57	-0.01	30	25710	卖盘
10:41:30	8.58	0.01	2	1716	买盘
10:41:27	8.57	-0.01	20	17140	卖盘
10:41:24	8.58	--	8	6864	买盘
10:41:21	8.58	0.01	6	5148	买盘
10:41:18	8.57	-0.01	73	62561	卖盘
10:41:15	8.58	--	3	2574	买盘
10:41:12	8.58	0.01	1	858	买盘
10:41:09	8.57	--	7	5999	卖盘
10:41:06	8.57	--	3	2571	卖盘
10:41:00	8.57	--	1	857	卖盘
10:40:57	8.57	--	1433	1228115	买盘
10:40:54	8.57	--	34	29138	买盘
10:40:48	8.57	0.01	1	857	买盘
10:40:45	8.56	-0.01	124	106144	卖盘
10:40:39	8.57	0.01	21	17997	买盘
10:40:36	8.56	-0.01	11	9416	卖盘
10:40:33	8.57	--	9	7713	买盘
10:40:30	8.57	--	3	2571	买盘
10:40:24	8.57	0.01	6	5142	买盘
10:40:21	8.56	--	60	51360	卖盘
10:40:15	8.56	-0.01	156	133536	卖盘
10:40:09	8.57	--	15	12855	买盘
10:40:03	8.57	--	6	5142	买盘
10:40:00	8.57	0.01	3	2571	买盘
10:39:57	8.56	-0.01	36	30816	卖盘
10:39:54	8.57	--	4	3428	买盘
10:39:45	8.57	--	10	8570	买盘
10:39:30	8.57	--	6	5142	买盘
10:39:27	8.57	--	6	5142	买盘
10:39:18	8.57	--	24	20568	买盘
10:39:15	8.57	--	3	2571	买盘
10:39:12	8.57	0.01	7	5999	买盘
10:39:09	8.56	--	1	856	卖盘
10:39:00	8.56	--	8	6848	卖盘
10:38:57	8.56	-0.01	3	2568	卖盘
10:38:54	8.57	--	8	6856	买盘
10:38:48	8.57	0.01	29	24853	买盘
10:38:45	8.56	--	8	6848	卖盘
10:38:36	8.56	--	3	2568	卖盘
10:38:33	8.56	--	281	240536	卖盘
10:38:30	8.56	--	220	188320	卖盘
10:38:27	8.56	-0.01	34	29104	卖盘
10:38:24	8.57	0.01	7	5999	买盘
10:38:18	8.56	-0.01	20	17120	卖盘
10:38:15	8.57	0.01	3	2571	买盘
10:38:12	8.56	-0.01	60	51360	卖盘
10:38:09	8.57	0.01	3	2571	买盘
10:38:06	8.56	-0.01	12	10272	卖盘
10:38:03	8.57	0.01	8	6856	买盘
10:38:00	8.56	-0.01	3	2568	卖盘
10:37:54	8.57	0.01	49	41993	买盘
10:37:45	8.56	-0.01	23	19688	卖盘
10:37:39	8.57	0.01	6	5142	买盘
10:37:33	8.56	-0.01	10	8560	卖盘
10:37:30	8.57	0.01	2	1714	买盘
10:37:24	8.56	--	5	4280	卖盘
10:37:18	8.56	--	9	7704	卖盘
10:37:15	8.56	-0.01	58	49648	卖盘
10:37:09	8.57	0.01	10	8570	买盘
10:37:06	8.56	--	23	19688	卖盘
10:37:03	8.56	--	85	72760	卖盘
10:37:00	8.56	--	10	8560	卖盘
10:36:57	8.56	--	503	430568	卖盘
10:36:54	8.56	-0.01	30	25680	卖盘
10:36:51	8.57	--	220	188540	买盘
10:36:48	8.57	--	27	23139	买盘
10:36:39	8.57	--	1	857	买盘
10:36:36	8.57	--	3	2571	买盘
10:36:30	8.57	--	1	857	买盘
10:36:24	8.57	--	25	21425	买盘
10:36:12	8.57	--	2	1714	买盘
10:36:09	8.57	--	3	2571	买盘
10:36:06	8.57	--	4	3428	买盘
10:36:00	8.57	--	2	1714	买盘
10:35:57	8.57	--	12	10284	买盘
10:35:51	8.57	--	26	22282	买盘
10:35:48	8.57	0.01	29	24853	买盘
10:35:36	8.56	-0.01	30	25680	卖盘
10:35:33	8.57	--	1	857	买盘
10:35:24	8.57	--	14	11998	买盘
10:35:09	8.57	--	1	857	买盘
10:35:00	8.57	--	41	35137	买盘
10:34:51	8.57	0.01	129	110553	买盘
10:34:45	8.56	--	4	3424	卖盘
10:34:42	8.56	--	50	42800	卖盘
10:34:30	8.56	--	7	5992	卖盘
10:34:27	8.56	-0.01	12	10272	卖盘
10:34:24	8.57	0.01	32	27424	买盘
10:34:21	8.56	-0.01	10	8560	卖盘
10:34:18	8.57	0.01	10	8570	买盘
10:34:15	8.56	--	1	856	卖盘
10:34:12	8.56	--	577	493912	卖盘
10:34:09	8.56	--	5	4280	卖盘
10:34:00	8.56	-0.01	1	856	卖盘
10:33:48	8.57	--	29	24853	买盘
10:33:45	8.57	0.01	1	857	买盘
10:33:42	8.56	--	30	25680	卖盘
10:33:39	8.56	-0.01	65	55640	卖盘
10:33:27	8.57	--	13	11141	买盘
10:33:24	8.57	0.01	8	6856	买盘
10:33:21	8.56	-0.01	600	513600	卖盘
10:33:09	8.57	0.01	48	41136	买盘
10:33:06	8.56	-0.01	7	5992	卖盘
10:33:00	8.57	--	2	1714	买盘
10:32:54	8.57	--	288	246816	买盘
10:32:51	8.57	0.01	49	41993	买盘
10:32:48	8.56	-0.01	50	42800	卖盘
10:32:39	8.57	0.01	4	3428	买盘
10:32:36	8.56	-0.01	80	68480	卖盘
10:32:33	8.57	--	13	11141	买盘
10:32:30	8.57	--	16	13712	买盘
10:32:24	8.57	--	3	2571	买盘
10:32:18	8.57	-0.01	221	189397	卖盘
10:32:09	8.58	--	1	858	买盘
10:32:06	8.58	0.01	29	24882	买盘
10:32:00	8.57	--	1	857	卖盘
10:31:57	8.57	-0.01	5	4285	卖盘
10:31:39	8.58	0.01	7	6006	买盘
10:31:36	8.57	-0.01	100	85700	卖盘
10:31:33	8.58	--	39	33462	买盘
10:31:30	8.58	--	76	65208	买盘
10:31:27	8.58	0.01	47	40326	买盘
10:31:24	8.57	-0.01	30	25710	卖盘
10:31:21	8.58	--	1	858	买盘
10:31:18	8.58	--	6	5148	买盘
10:31:09	8.58	0.01	3	2574	买盘
10:31:06	8.57	--	56	47992	卖盘
10:31:00	8.57	--	655	561335	卖盘
10:30:54	8.57	-0.01	4	3428	卖盘
10:30:51	8.58	0.01	44	37752	买盘
10:30:48	8.57	--	150	128550	卖盘
10:30:39	8.57	-0.01	58	49706	卖盘
10:30:30	8.58	0.01	3	2574	买盘
10:30:24	8.57	--	4	3428	卖盘
10:30:21	8.57	--	10	8570	卖盘
10:30:18	8.57	-0.01	5	4285	卖盘
10:30:15	8.58	0.01	30	25740	买盘
10:30:12	8.57	--	1	857	卖盘
10:30:06	8.57	-0.01	22	18854	卖盘
10:30:03	8.58	0.01	126	108108	买盘
10:30:00	8.57	-0.01	549	470493	卖盘
10:29:57	8.58	--	182	156156	买盘
10:29:51	8.58	0.01	10	8580	买盘
10:29:36	8.57	-0.01	367	314519	卖盘
10:29:33	8.58	--	3	2574	买盘
10:29:21	8.58	0.01	1	858	买盘
10:29:18	8.57	-0.01	4	3428	卖盘
10:29:09	8.58	--	19	16302	买盘
10:29:06	8.58	0.01	10	8580	买盘
10:29:00	8.57	-0.01	18	15426	卖盘
10:28:51	8.58	0.01	29	24882	买盘
10:28:48	8.57	--	8	6856	卖盘
10:28:42	8.57	-0.01	6	5142	卖盘
10:28:30	8.58	0.01	8	6864	买盘
10:28:24	8.57	-0.01	2	1714	卖盘
10:28:18	8.58	0.01	20	17160	买盘
10:28:15	8.57	--	23	19711	卖盘
10:28:09	8.57	-0.01	10	8570	卖盘
10:28:03	8.58	--	35	30030	买盘
10:27:57	8.58	--	10	8580	买盘
10:27:45	8.58	0.01	9	7722	买盘
10:27:42	8.57	-0.01	5	4285	卖盘
10:27:33	8.58	--	2	1716	买盘
10:27:27	8.58	--	2	1716	买盘
10:27:24	8.58	--	331	283998	卖盘
10:27:21	8.58	--	44	37752	卖盘
10:27:15	8.58	--	50	42900	卖盘
10:27:06	8.58	-0.01	21	18018	卖盘
10:27:03	8.59	0.01	29	24911	买盘
10:26:45	8.58	--	21	18018	卖盘
10:26:36	8.58	--	50	42900	卖盘
10:26:33	8.58	--	10	8580	卖盘
10:26:30	8.58	-0.01	4	3432	卖盘
10:26:12	8.59	0.01	4	3436	买盘
10:26:09	8.58	--	4	3432	卖盘
10:26:03	8.58	-0.01	100	85800	卖盘
10:25:57	8.59	0.01	29	24911	买盘
10:25:51	8.58	-0.01	44	37752	卖盘
10:25:48	8.59	--	1	859	买盘
10:25:45	8.59	0.01	3	2577	买盘
10:25:36	8.58	-0.01	10	8580	卖盘
10:25:30	8.59	--	20	17180	买盘
10:25:24	8.59	--	3	2577	买盘
10:25:18	8.59	--	11	9449	买盘
10:25:15	8.59	--	27	23193	买盘
10:25:12	8.59	--	77	66143	买盘
10:25:09	8.59	--	7	6013	买盘
10:25:03	8.59	0.01	29	24911	买盘
10:24:54	8.58	--	7	6006	卖盘
10:24:42	8.58	--	3	2574	卖盘
10:24:39	8.58	--	10	8580	卖盘
10:24:36	8.58	--	5	4290	卖盘
10:24:33	8.58	--	24	20592	卖盘
10:24:21	8.58	-0.01	44	37752	卖盘
10:24:12	8.59	--	103	88477	买盘
10:24:09	8.59	0.01	189	162351	买盘
10:24:06	8.58	-0.01	45	38610	卖盘
10:24:00	8.59	--	204	175236	买盘
10:23:51	8.59	--	40	34360	买盘
10:23:48	8.59	--	35	30065	买盘
10:23:42	8.59	--	301	258559	买盘
10:23:18	8.59	0.01	30	25770	买盘
10:23:12	8.58	-0.01	6	5148	卖盘
10:23:09	8.59	--	16	13744	买盘
10:23:03	8.59	--	3	2577	买盘
10:22:54	8.59	--	3	2577	买盘
10:22:48	8.59	--	29	24911	买盘
10:22:33	8.59	--	75	64425	买盘
10:22:30	8.59	--	35	30065	买盘
10:22:27	8.59	--	20	17180	买盘
10:22:21	8.59	--	30	25770	买盘
10:22:15	8.59	--	2720	2336480	买盘
10:22:12	8.59	--	223	191557	买盘
10:22:06	8.59	0.01	106	91054	买盘
10:22:00	8.58	--	46	39468	卖盘
10:21:54	8.58	--	15	12870	卖盘
10:21:48	8.58	-0.01	17	14586	卖盘
10:21:42	8.59	--	37	31783	买盘
10:21:39	8.59	--	10	8590	买盘
10:21:36	8.59	0.01	1	859	买盘
10:21:33	8.58	-0.01	4	3432	卖盘
10:21:30	8.59	-0.01	385	331144	卖盘
10:21:27	8.6	0.01	61	52460	买盘
10:21:24	8.59	--	5	4295	卖盘
10:21:21	8.59	--	425	365504	买盘
10:21:18	8.59	--	4	3436	买盘
10:21:15	8.59	--	30	25770	买盘
10:21:09	8.59	--	2	1718	买盘
10:21:03	8.59	--	7	6013	买盘
10:21:00	8.59	--	6	5154	买盘
10:20:54	8.59	-0.01	675	580254	卖盘
10:20:51	8.6	0.01	65	55900	买盘
10:20:39	8.59	--	5	4295	卖盘
10:20:36	8.59	--	100	85900	卖盘
10:20:33	8.59	-0.01	50	42950	卖盘
10:20:30	8.6	--	22	18920	买盘
10:20:24	8.6	--	352	302720	买盘
10:20:18	8.6	--	200	172000	买盘
10:20:15	8.6	--	12	10320	买盘
10:20:09	8.6	--	5	4300	买盘
10:20:06	8.6	--	30	25800	买盘
10:20:03	8.6	--	33	28380	买盘
10:19:51	8.6	0.01	34	29240	买盘
10:19:45	8.59	--	48	41232	卖盘
10:19:39	8.59	--	48	41232	卖盘
10:19:36	8.59	0.01	2296	1972693	买盘
10:19:33	8.58	-0.01	64	54912	卖盘
10:19:30	8.59	0.01	347	298073	买盘
10:19:21	8.58	-0.01	36	30888	卖盘
10:19:09	8.59	--	4	3436	买盘
10:19:03	8.59	--	5	4295	买盘
10:19:00	8.59	--	6	5154	买盘
10:18:57	8.59	--	2	1718	买盘
10:18:54	8.59	0.01	15	12885	买盘
10:18:51	8.58	--	79	67782	卖盘
10:18:48	8.58	--	74	63492	卖盘
10:18:42	8.58	--	11	9438	卖盘
10:18:27	8.58	--	668	573144	买盘
10:18:24	8.58	--	7	6006	买盘
10:18:18	8.58	--	3	2574	买盘
10:18:12	8.58	0.01	2	1716	买盘
10:18:06	8.57	--	248	212536	卖盘
10:18:03	8.57	-0.01	42	35994	卖盘
10:18:00	8.58	0.01	50	42900	买盘
10:17:54	8.57	-0.01	5	4285	卖盘
10:17:48	8.58	--	602	516516	买盘
10:17:45	8.58	--	1878	1611324	买盘
10:17:36	8.58	0.01	1	858	买盘
10:17:33	8.57	-0.01	100	85700	卖盘
10:17:30	8.58	0.01	26	22308	买盘
10:17:27	8.57	-0.01	3	2571	卖盘
10:17:21	8.58	0.01	50	42900	买盘
10:17:15	8.57	--	35	30209	买盘
10:17:12	8.57	--	12	10926	卖盘
10:17:09	8.57	--	27	23139	卖盘
10:17:03	8.57	--	100	85700	卖盘
10:16:57	8.57	0.01	461	395291	买盘
10:16:51	8.56	--	5	4280	卖盘
10:16:45	8.56	-0.01	15	12840	中性盘
10:16:36	8.57	0.01	516	442212	买盘
10:16:33	8.56	--	927	794154	卖盘
10:16:27	8.56	-0.01	43	36808	卖盘
10:16:24	8.57	--	4	3428	买盘
10:16:21	8.57	--	465	398505	买盘
10:16:09	8.57	0.01	505	432785	买盘
10:16:06	8.56	-0.01	38	32528	卖盘
10:15:57	8.57	--	9	7713	买盘
10:15:51	8.57	--	100	85700	买盘
10:15:48	8.57	--	29	24853	买盘
10:15:45	8.57	--	10	8570	买盘
10:15:39	8.57	--	30	25710	买盘
10:15:36	8.57	--	10	8570	买盘
10:15:33	8.57	--	612	524484	卖盘
10:15:24	8.57	--	62	53134	买盘
10:15:21	8.57	--	1	857	买盘
10:15:09	8.57	--	21	17997	买盘
10:15:06	8.57	--	517	443069	买盘
10:15:00	8.57	--	1	857	买盘
10:14:57	8.57	--	63	53991	买盘
10:14:54	8.57	--	507	434499	买盘
10:14:48	8.57	0.01	13	11141	买盘
10:14:45	8.56	-0.01	13	11128	卖盘
10:14:42	8.57	0.01	6	5142	买盘
10:14:39	8.56	-0.01	7	5992	卖盘
10:14:36	8.57	0.01	13	11141	买盘
10:14:33	8.56	--	8	6848	卖盘
10:14:30	8.56	--	126	107856	卖盘
10:14:24	8.56	--	53	45368	卖盘
10:14:18	8.56	-0.01	76	65056	卖盘
10:14:15	8.57	0.01	103	88271	买盘
10:14:12	8.56	-0.01	42	35952	卖盘
10:14:06	8.57	0.01	2000	1714000	买盘
10:14:03	8.56	--	7	5992	卖盘
10:13:57	8.56	-0.01	984	842304	卖盘
10:13:54	8.57	0.01	29	24853	买盘
10:13:48	8.56	-0.01	1315	1125640	卖盘
10:13:45	8.57	0.01	19	16283	买盘
10:13:42	8.56	-0.01	26	22256	卖盘
10:13:39	8.57	0.01	91	77987	买盘
10:13:36	8.56	-0.01	10	8560	卖盘
10:13:33	8.57	--	15	12855	买盘
10:13:24	8.57	--	17	14569	买盘
10:13:21	8.57	0.01	70	59990	买盘
10:13:18	8.56	--	2	1712	卖盘
10:13:15	8.56	-0.01	11	9416	卖盘
10:13:12	8.57	--	13	11141	买盘
10:13:09	8.57	--	1	857	买盘
10:13:03	8.57	--	100	85700	买盘
10:13:00	8.57	--	480	411360	买盘
10:12:57	8.57	--	5	4285	买盘
10:12:54	8.57	--	288	246816	卖盘
10:12:51	8.57	--	3	2571	卖盘
10:12:42	8.57	--	17	14569	卖盘
10:12:39	8.57	0.01	346	296522	买盘
10:12:36	8.56	--	7	5992	卖盘
10:12:30	8.56	--	5	4280	卖盘
10:12:24	8.56	--	474	405958	买盘
10:12:21	8.56	--	565	483640	买盘
10:12:18	8.56	--	43	36808	买盘
10:12:15	8.56	--	500	428000	买盘
10:12:12	8.56	--	6	5136	买盘
10:12:06	8.56	0.01	100	85600	买盘
10:12:03	8.55	-0.01	10	8550	卖盘
10:12:00	8.56	--	1	856	买盘
10:11:57	8.56	--	6	5136	买盘
10:11:45	8.56	0.01	39	33384	买盘
10:11:42	8.55	--	10	8550	卖盘
10:11:39	8.55	--	5	4275	卖盘
10:11:36	8.55	-0.01	33	28215	卖盘
10:11:33	8.56	0.01	4	3424	买盘
10:11:27	8.55	--	207	176985	卖盘
10:11:24	8.55	-0.01	2	1710	卖盘
10:11:21	8.56	--	3	2568	买盘
10:11:18	8.56	0.01	20	17120	买盘
10:11:15	8.55	--	1	855	卖盘
10:11:12	8.55	-0.01	21	17955	卖盘
10:11:09	8.56	--	1	856	买盘
10:11:03	8.56	--	16	13696	买盘
10:10:54	8.56	--	5	4280	买盘
10:10:45	8.56	--	32	27392	买盘
10:10:39	8.56	0.01	200	171200	买盘
10:10:36	8.55	0.01	30	25650	买盘
10:10:33	8.54	-0.01	500	426999	卖盘
10:10:30	8.55	-0.01	81	69545	卖盘
10:10:27	8.56	0.01	3	2568	买盘
10:10:21	8.55	-0.01	14	11970	卖盘
10:10:18	8.56	0.01	1	856	买盘
10:10:15	8.55	-0.01	31	26505	卖盘
10:10:09	8.56	0.01	7	5992	买盘
10:10:06	8.55	--	59	50445	买盘
10:10:03	8.55	--	47	40185	买盘
10:10:00	8.55	0.01	34	29070	买盘
10:09:57	8.54	--	204	174215	卖盘
10:09:51	8.54	-0.01	39	33306	卖盘
10:09:48	8.55	--	50	42750	买盘
10:09:45	8.55	0.01	100	85500	买盘
10:09:42	8.54	--	35	29889	卖盘
10:09:39	8.54	-0.01	17	14517	卖盘
10:09:33	8.55	--	28	23940	买盘
10:09:30	8.55	0.01	65	55575	买盘
10:09:27	8.54	--	231	197273	卖盘
10:09:24	8.54	-0.01	39	33306	卖盘
10:09:21	8.55	--	124	106020	买盘
10:09:18	8.55	0.01	161	137655	买盘
10:09:15	8.54	-0.01	12	10247	卖盘
10:09:12	8.55	--	11	9405	买盘
10:09:09	8.55	--	1	855	买盘
10:09:03	8.55	0.01	34	29070	买盘
10:09:00	8.54	-0.01	9	7685	卖盘
10:08:57	8.55	0.01	10	8550	买盘
10:08:54	8.54	-0.01	200	170799	卖盘
10:08:51	8.55	--	2	1710	买盘
10:08:48	8.55	0.01	87	74385	买盘
10:08:45	8.54	-0.01	39	33306	卖盘
10:08:42	8.55	0.01	51	43605	买盘
10:08:39	8.54	-0.01	7	5977	卖盘
10:08:36	8.55	--	144	123120	买盘
10:08:33	8.55	-0.01	3	2565	中性盘
10:08:27	8.56	0.02	263	225128	买盘
10:08:21	8.54	-0.02	2997	2559437	卖盘
10:08:15	8.56	0.01	3	2568	买盘
10:08:12	8.55	--	7	5985	卖盘
10:08:09	8.55	-0.01	43	36765	卖盘
10:08:06	8.56	0.01	19	16264	买盘
10:08:00	8.55	-0.01	29	24795	卖盘
10:07:57	8.56	--	4	3424	买盘
10:07:54	8.56	-0.01	237	203514	卖盘
10:07:48	8.57	0.01	10	8570	买盘
10:07:45	8.56	--	5	4280	卖盘
10:07:42	8.56	--	529	452824	卖盘
10:07:39	8.56	--	160	136960	卖盘
10:07:33	8.56	-0.01	16	13696	卖盘
10:07:30	8.57	--	5	4285	买盘
10:07:24	8.57	--	14	11998	买盘
10:07:18	8.57	0.01	6	5142	买盘
10:07:15	8.56	-0.02	111	95016	卖盘
10:07:12	8.58	--	7	6006	买盘
10:07:09	8.58	--	1	858	买盘
10:07:06	8.58	0.01	903	774774	买盘
10:07:03	8.57	-0.01	34	29138	卖盘
10:07:00	8.58	0.01	18	15444	买盘
10:06:57	8.57	--	1	857	卖盘
10:06:45	8.57	-0.01	14	11998	卖盘
10:06:42	8.58	0.01	53	45474	买盘
10:06:36	8.57	--	2	1714	卖盘
10:06:33	8.57	-0.01	116	99412	卖盘
10:06:27	8.58	0.01	10	8794	买盘
10:06:21	8.57	--	124	106268	卖盘
10:06:18	8.57	--	10	8570	卖盘
10:06:15	8.57	--	277	237389	买盘
10:06:12	8.57	--	15	12855	买盘
10:06:09	8.57	--	14	11998	卖盘
10:06:06	8.57	--	20	17140	卖盘
10:06:03	8.57	--	37	31709	买盘
10:06:00	8.57	--	10	8570	买盘
10:05:57	8.57	-0.01	139	119123	卖盘
10:05:54	8.58	0.01	29	24882	买盘
10:05:51	8.57	--	1	857	卖盘
10:05:48	8.57	-0.01	35	29995	卖盘
10:05:45	8.58	--	7	6006	买盘
10:05:42	8.58	0.01	11	9438	买盘
10:05:33	8.57	-0.01	1225	1049825	卖盘
10:05:18	8.58	0.01	4	3432	买盘
10:05:15	8.57	-0.01	1244	1066108	卖盘
10:05:12	8.58	--	25	21450	卖盘
10:05:09	8.58	--	8	6864	卖盘
10:05:03	8.58	-0.01	12	10296	卖盘
10:04:54	8.59	0.01	35	30065	买盘
10:04:42	8.58	-0.01	8	6864	卖盘
10:04:33	8.59	--	20	17180	买盘
10:04:30	8.59	0.01	14	12026	买盘
10:04:27	8.58	--	2116	1815528	卖盘
10:04:18	8.58	-0.01	6	5148	卖盘
10:04:15	8.59	0.01	3	2577	买盘
10:04:12	8.58	-0.01	50	42900	卖盘
10:04:03	8.59	--	116	99644	买盘
10:03:54	8.59	--	10	8590	买盘
10:03:51	8.59	--	29	24911	买盘
10:03:48	8.59	--	5	4295	买盘
10:03:45	8.59	--	60	51540	买盘
10:03:42	8.59	--	4	3436	买盘
10:03:39	8.59	--	20	17180	买盘
10:03:36	8.59	--	22	18898	买盘
10:03:33	8.59	--	10	8590	买盘
10:03:30	8.59	0.01	7	6013	买盘
10:03:24	8.58	--	30	25740	卖盘
10:03:21	8.58	-0.01	567	486486	卖盘
10:03:18	8.59	0.01	1	859	买盘
10:03:15	8.58	--	30	25740	卖盘
10:03:12	8.58	--	17	14586	卖盘
10:03:09	8.58	-0.01	12	10296	卖盘
10:03:06	8.59	--	16	13744	买盘
10:03:03	8.59	0.01	318	273162	买盘
10:03:00	8.58	--	20	17160	买盘
10:02:57	8.58	--	7	6006	买盘
10:02:54	8.58	0.01	29	24882	买盘
10:02:51	8.57	-0.01	15	12855	卖盘
10:02:48	8.58	--	10	8580	买盘
10:02:45	8.58	--	47	40326	卖盘
10:02:36	8.58	0.01	3	2574	买盘
10:02:33	8.57	--	248	212536	卖盘
10:02:30	8.57	--	32	27424	卖盘
10:02:27	8.57	-0.01	30	25710	卖盘
10:02:24	8.58	--	90	77220	买盘
10:02:21	8.58	--	10	8580	买盘
10:02:18	8.58	0.01	53	45474	买盘
10:02:15	8.57	--	20	17140	卖盘
10:02:12	8.57	-0.01	31	26567	卖盘
10:02:09	8.58	--	10	8580	买盘
10:02:06	8.58	--	32	27456	买盘
10:02:03	8.58	0.01	20	17160	买盘
10:02:00	8.57	-0.01	30	25710	卖盘
10:01:57	8.58	0.01	10	8580	买盘
10:01:54	8.57	--	13	11141	卖盘
10:01:51	8.57	-0.01	5	4285	卖盘
10:01:48	8.58	-0.01	18	16010	卖盘
10:01:45	8.59	0.01	29	24911	买盘
10:01:42	8.58	--	28	24315	买盘
10:01:39	8.58	--	33	28314	买盘
10:01:36	8.58	--	41	35178	买盘
10:01:33	8.58	0.01	122	104676	买盘
10:01:30	8.57	-0.01	1132	970689	卖盘
10:01:27	8.58	--	26	22308	买盘
10:01:24	8.58	--	10	8580	买盘
10:01:21	8.58	--	27	23166	买盘
10:01:15	8.58	--	58	49764	买盘
10:01:09	8.58	--	1	858	买盘
10:01:06	8.58	0.01	36	30888	买盘
10:01:00	8.57	-0.01	61	52277	卖盘
10:00:51	8.58	--	2	1716	买盘
10:00:48	8.58	--	29	24882	买盘
10:00:45	8.58	0.01	8	6864	买盘
10:00:33	8.57	-0.01	53	45421	卖盘
10:00:27	8.58	--	16	13728	买盘
10:00:15	8.58	--	3	2574	买盘
10:00:12	8.58	--	6	5148	买盘
10:00:09	8.58	--	10	8580	买盘
10:00:03	8.58	--	8	6864	买盘
09:59:54	8.58	-0.01	164	140712	卖盘
09:59:51	8.59	--	29	24911	买盘
09:59:48	8.59	--	8	6872	买盘
09:59:45	8.59	0.01	10	8590	买盘
09:59:42	8.58	--	9	7722	卖盘
09:59:36	8.58	-0.01	118	101244	卖盘
09:59:33	8.59	0.01	2	1718	买盘
09:59:21	8.58	--	6	5148	卖盘
09:59:15	8.58	-0.01	45	38610	卖盘
09:59:09	8.59	--	104	89336	买盘
09:59:06	8.59	--	5	4295	买盘
09:59:03	8.59	--	9	7731	买盘
09:59:00	8.59	0.01	4	3436	买盘
09:58:51	8.58	-0.01	56	48048	卖盘
09:58:48	8.59	0.01	29	24911	买盘
09:58:45	8.58	--	13	11154	卖盘
09:58:36	8.58	--	214	183612	买盘
09:58:30	8.58	0.01	25	21450	买盘
09:58:27	8.57	-0.02	1555	1333320	卖盘
09:58:24	8.59	0.01	25	21475	买盘
09:58:18	8.58	--	1	858	卖盘
09:58:12	8.58	--	23	19734	卖盘
09:58:09	8.58	-0.01	32	27456	卖盘
09:58:06	8.59	--	2	1718	买盘
09:58:00	8.59	0.01	8	6872	买盘
09:57:48	8.58	--	230	197803	买盘
09:57:45	8.58	--	2	1716	买盘
09:57:42	8.58	--	29	24882	买盘
09:57:39	8.58	--	100	85800	买盘
09:57:36	8.58	--	18	15444	买盘
09:57:33	8.58	-0.01	53	45868	卖盘
09:57:30	8.59	0.01	514	441526	买盘
09:57:27	8.58	--	11	9438	卖盘
09:57:24	8.58	--	4	3432	卖盘
09:57:21	8.58	--	3	2574	卖盘
09:57:18	8.58	--	20	17160	卖盘
09:57:12	8.58	-0.01	51	43758	卖盘
09:57:09	8.59	--	2	1718	买盘
09:57:06	8.59	--	11	9449	买盘
09:57:03	8.59	--	8	6872	买盘
09:57:00	8.59	0.01	40	34360	买盘
09:56:57	8.58	--	500	429000	卖盘
09:56:51	8.58	--	71	60918	卖盘
09:56:48	8.58	-0.01	100	85800	卖盘
09:56:42	8.59	0.01	2	1718	买盘
09:56:39	8.58	--	1	1089	卖盘
09:56:36	8.58	-0.01	9	7722	卖盘
09:56:33	8.59	0.01	82	70438	买盘
09:56:21	8.58	--	100	85800	卖盘
09:56:18	8.58	--	3	2574	卖盘
09:56:12	8.58	--	20	17391	卖盘
09:56:09	8.58	--	16	13728	买盘
09:56:06	8.58	--	2	1716	买盘
09:56:03	8.58	0.01	20	17160	买盘
09:56:00	8.57	-0.01	9	7713	卖盘
09:55:54	8.58	--	1989	1706562	卖盘
09:55:51	8.58	-0.01	135	115830	卖盘
09:55:45	8.59	--	2	1718	买盘
09:55:42	8.59	0.01	28	24052	买盘
09:55:39	8.58	-0.01	10	8580	卖盘
09:55:33	8.59	--	200	171800	买盘
09:55:30	8.59	0.01	8	6872	买盘
09:55:24	8.58	-0.01	15	12870	卖盘
09:55:21	8.59	--	2	1718	买盘
09:55:15	8.59	--	30	25770	买盘
09:55:12	8.59	--	5	4295	买盘
09:55:09	8.59	--	8	6872	买盘
09:55:03	8.59	--	15	12885	买盘
09:55:00	8.59	--	208	178672	买盘
09:54:57	8.59	--	1	859	买盘
09:54:51	8.59	--	603	517977	买盘
09:54:48	8.59	--	5	4295	买盘
09:54:45	8.59	0.01	6	5154	买盘
09:54:39	8.58	-0.01	34	29172	卖盘
09:54:33	8.59	--	8	6872	买盘
09:54:30	8.59	--	104	89336	买盘
09:54:27	8.59	0.01	100	85900	买盘
09:54:24	8.58	-0.01	23	19734	卖盘
09:54:21	8.59	--	144	124125	卖盘
09:54:09	8.59	-0.01	34	29206	卖盘
09:54:06	8.6	--	2	1720	买盘
09:54:03	8.6	--	355	305300	买盘
09:54:00	8.6	0.01	13	11180	买盘
09:53:57	8.59	--	10	8590	卖盘
09:53:51	8.59	-0.01	2	1718	卖盘
09:53:48	8.6	0.01	49	42140	买盘
09:53:45	8.59	--	15	12885	卖盘
09:53:39	8.59	--	565	485335	卖盘
09:53:36	8.59	-0.01	17	14603	卖盘
09:53:30	8.6	--	8	6880	买盘
09:53:27	8.6	0.01	2	1720	买盘
09:53:24	8.59	-0.01	206	176954	卖盘
09:53:21	8.6	0.01	2	1720	买盘
09:53:18	8.59	-0.01	20	17180	卖盘
09:53:15	8.6	--	202	173720	买盘
09:53:12	8.6	--	16	13760	买盘
09:53:09	8.6	--	34	29240	买盘
09:53:03	8.6	--	23	19780	买盘
09:52:57	8.6	--	2	1720	买盘
09:52:54	8.6	0.01	40	34400	买盘
09:52:51	8.59	-0.01	20	17180	卖盘
09:52:45	8.6	--	12	10320	买盘
09:52:42	8.6	--	29	24940	买盘
09:52:39	8.6	0.01	22	18920	买盘
09:52:36	8.59	-0.01	593	509387	卖盘
09:52:27	8.6	--	2	1720	买盘
09:52:21	8.6	0.01	2	1720	买盘
09:52:12	8.59	--	32	27488	卖盘
09:52:09	8.59	-0.01	16	13744	卖盘
09:52:06	8.6	--	14	12040	买盘
09:52:00	8.6	--	2	1720	买盘
09:51:51	8.6	0.01	9	7740	买盘
09:51:48	8.59	--	8	6872	卖盘
09:51:45	8.59	-0.01	40	34360	卖盘
09:51:42	8.6	--	30	25800	买盘
09:51:36	8.6	0.01	4	3440	买盘
09:51:33	8.59	-0.01	135	115965	卖盘
09:51:30	8.6	--	22	18920	买盘
09:51:24	8.6	--	2	1720	买盘
09:51:18	8.6	--	19	16340	买盘
09:51:15	8.6	0.01	30	25800	买盘
09:51:09	8.59	-0.01	301	258559	卖盘
09:51:06	8.6	--	3	2580	买盘
09:51:03	8.6	--	3	2580	买盘
09:51:00	8.6	--	2	1720	买盘
09:50:51	8.6	--	727	625220	买盘
09:50:48	8.6	0.01	2	1720	买盘
09:50:45	8.59	--	3	2577	卖盘
09:50:42	8.59	-0.01	159	136581	卖盘
09:50:39	8.6	0.01	2	1720	买盘
09:50:36	8.59	--	15	12885	卖盘
09:50:33	8.59	--	51	43809	卖盘
09:50:27	8.59	-0.01	5	4295	卖盘
09:50:24	8.6	--	38	32680	买盘
09:50:21	8.6	0.01	22	18920	买盘
09:50:18	8.59	-0.01	30	25770	卖盘
09:50:15	8.6	--	15	12900	买盘
09:50:12	8.6	--	2	1720	买盘
09:50:09	8.6	0.01	10	8600	买盘
09:50:06	8.59	--	2	1718	卖盘
09:50:03	8.59	-0.01	89	76451	卖盘
09:50:00	8.6	0.01	8	6880	买盘
09:49:57	8.59	--	61	52399	卖盘
09:49:54	8.59	-0.01	54	46386	卖盘
09:49:51	8.6	--	70	60200	买盘
09:49:45	8.6	--	110	94600	买盘
09:49:42	8.6	--	2	1720	买盘
09:49:39	8.6	--	46	39560	买盘
09:49:36	8.6	--	92	79120	买盘
09:49:33	8.6	--	93	79980	买盘
09:49:30	8.6	--	30	25800	买盘
09:49:27	8.6	--	2	1720	买盘
09:49:24	8.6	0.01	1	860	买盘
09:49:21	8.59	-0.01	33	28347	卖盘
09:49:18	8.6	-0.01	187	160820	卖盘
09:49:09	8.61	--	95	81795	买盘
09:49:06	8.61	--	49	42189	买盘
09:49:03	8.61	0.01	2	1722	买盘
09:49:00	8.6	--	18	15480	买盘
09:48:57	8.6	0.01	2	1720	买盘
09:48:51	8.59	--	9	7731	卖盘
09:48:48	8.59	-0.01	18	15462	卖盘
09:48:45	8.6	--	90	77400	买盘
09:48:42	8.6	--	265	227900	买盘
09:48:39	8.6	0.01	25	21500	买盘
09:48:36	8.59	--	5	4295	卖盘
09:48:30	8.59	-0.01	51	43809	卖盘
09:48:27	8.6	--	2012	1730320	买盘
09:48:24	8.6	--	113	97180	买盘
09:48:21	8.6	--	55	47300	买盘
09:48:15	8.6	--	20	17200	买盘
09:48:12	8.6	--	3	2580	买盘
09:48:09	8.6	--	50	43000	买盘
09:48:06	8.6	--	13	11180	卖盘
09:48:03	8.6	-0.01	3	2580	中性盘
09:47:57	8.61	0.01	210	180810	买盘
09:47:54	8.6	-0.01	58	49880	卖盘
09:47:48	8.61	0.01	1	861	买盘
09:47:45	8.6	-0.01	69	59340	卖盘
09:47:42	8.61	--	36	30995	买盘
09:47:39	8.61	0.01	258	222137	买盘
09:47:30	8.6	--	159	136740	卖盘
09:47:27	8.6	-0.01	20	17200	卖盘
09:47:24	8.61	0.01	145	124844	买盘
09:47:21	8.6	-0.01	7	6020	卖盘
09:47:18	8.61	0.01	2048	1763328	买盘
09:47:15	8.6	-0.01	146	125560	卖盘
09:47:12	8.61	--	133	114512	买盘
09:47:09	8.61	--	2	1722	买盘
09:47:06	8.61	0.01	20	17220	买盘
09:47:00	8.6	-0.01	3	2580	卖盘
09:46:57	8.61	--	12	10332	买盘
09:46:54	8.61	--	150	129149	买盘
09:46:51	8.61	--	17	14636	买盘
09:46:48	8.61	--	264	227303	买盘
09:46:45	8.61	0.01	31	26691	买盘
09:46:42	8.6	-0.01	17	14620	卖盘
09:46:39	8.61	--	39	33579	买盘
09:46:36	8.61	--	62	53382	买盘
09:46:33	8.61	--	50	43050	买盘
09:46:27	8.61	--	110	94710	买盘
09:46:21	8.61	--	26	22386	买盘
09:46:18	8.61	--	30	25830	买盘
09:46:15	8.61	--	6	5166	买盘
09:46:12	8.61	0.01	9	7748	买盘
09:46:09	8.6	--	287	247508	买盘
09:46:06	8.6	--	13	11180	买盘
09:46:03	8.6	--	20	17200	买盘
09:46:00	8.6	--	10	8600	买盘
09:45:57	8.6	--	18	15480	买盘
09:45:51	8.6	--	18	15480	买盘
09:45:48	8.6	--	65	55900	买盘
09:45:45	8.6	--	2238	1924680	卖盘
09:45:42	8.6	-0.01	208	178880	卖盘
09:45:39	8.61	--	78	67158	买盘
09:45:36	8.61	--	54	46494	买盘
09:45:33	8.61	--	496	427056	买盘
09:45:30	8.61	--	587	505406	买盘
09:45:27	8.61	--	40	34440	买盘
09:45:24	8.61	0.01	693	596673	买盘
09:45:21	8.6	--	14	12040	卖盘
09:45:18	8.6	--	7	6020	卖盘
09:45:09	8.6	--	385	331100	买盘
09:45:06	8.6	--	80	68800	买盘
09:45:03	8.6	--	80	68800	买盘
09:44:57	8.6	--	1000	860000	买盘
09:44:54	8.6	--	37	31820	买盘
09:44:51	8.6	--	1	860	买盘
09:44:48	8.6	--	1927	1657220	卖盘
09:44:45	8.6	-0.01	81	69660	卖盘
09:44:42	8.61	--	14	12054	买盘
09:44:36	8.61	0.01	1400	1205400	买盘
09:44:33	8.6	--	115	98900	买盘
09:44:30	8.6	--	61	52460	买盘
09:44:27	8.6	--	150	129000	买盘
09:44:24	8.6	--	100	86000	买盘
09:44:21	8.6	--	66	56760	买盘
09:44:18	8.6	--	48	41280	买盘
09:44:15	8.6	--	2732	2349520	买盘
09:44:12	8.6	--	522	448920	买盘
09:44:09	8.6	--	101	86860	买盘
09:44:06	8.6	--	5	4300	买盘
09:44:03	8.6	--	37	31820	卖盘
09:44:00	8.6	--	10	8600	买盘
09:43:57	8.6	--	133	114380	买盘
09:43:54	8.6	--	21	18060	买盘
09:43:51	8.6	0.01	35	30100	买盘
09:43:48	8.59	-0.01	70	60130	卖盘
09:43:42	8.6	--	382	328520	买盘
09:43:39	8.6	--	72	61920	买盘
09:43:36	8.6	0.01	34	29240	买盘
09:43:33	8.59	-0.01	6	5154	卖盘
09:43:27	8.6	--	45	38700	买盘
09:43:24	8.6	--	30	25800	买盘
09:43:21	8.6	--	853	733580	卖盘
09:43:15	8.6	-0.01	1	860	卖盘
09:43:12	8.61	0.01	4	3444	买盘
09:43:09	8.6	--	712	612320	买盘
09:43:06	8.6	--	119	102340	买盘
09:43:03	8.6	--	565	485900	买盘
09:43:00	8.6	--	23	19780	买盘
09:42:57	8.6	0.01	200	172000	买盘
09:42:54	8.59	--	100	85900	卖盘
09:42:51	8.59	--	51	43809	卖盘
09:42:48	8.59	--	9	7731	卖盘
09:42:45	8.59	-0.01	911	782549	卖盘
09:42:42	8.6	0.01	34	29240	买盘
09:42:39	8.59	--	59	50681	卖盘
09:42:30	8.59	-0.01	38	32642	卖盘
09:42:27	8.6	0.02	154	133042	买盘
09:42:24	8.58	-0.01	41	35178	卖盘
09:42:21	8.59	--	2	1718	买盘
09:42:18	8.59	--	8	7129	卖盘
09:42:15	8.59	-0.01	18	15462	卖盘
09:42:12	8.6	--	10	8600	买盘
09:42:06	8.6	0.01	23	19780	买盘
09:42:00	8.59	--	0	618	卖盘
09:41:57	8.59	-0.01	1300	1116734	卖盘
09:41:54	8.6	--	4	4248	买盘
09:41:51	8.6	--	6	5160	买盘
09:41:48	8.6	0.01	6	5160	买盘
09:41:45	8.59	-0.01	37	31783	卖盘
09:41:42	8.6	--	201	172860	买盘
09:41:36	8.6	--	48	41280	买盘
09:41:33	8.6	--	9	7740	买盘
09:41:30	8.6	0.01	70	60200	买盘
09:41:27	8.59	--	8	6872	卖盘
09:41:24	8.59	-0.01	5	4295	卖盘
09:41:18	8.6	0.01	10	8600	买盘
09:41:12	8.59	-0.01	43	36937	卖盘
09:41:09	8.6	--	20	17200	买盘
09:41:06	8.6	--	12	10320	买盘
09:41:03	8.6	--	53	45580	买盘
09:40:54	8.6	0.01	1	860	买盘
09:40:51	8.59	-0.01	20	17180	卖盘
09:40:48	8.6	--	5	4300	买盘
09:40:42	8.6	0.01	43	36980	买盘
09:40:39	8.59	-0.01	112	96208	卖盘
09:40:36	8.6	--	63	54180	买盘
09:40:33	8.6	--	6	5160	买盘
09:40:30	8.6	--	493	423980	卖盘
09:40:27	8.6	--	71	61060	卖盘
09:40:21	8.6	-0.01	39	33540	卖盘
09:40:18	8.61	0.01	10	8610	买盘
09:40:09	8.6	--	173	148780	买盘
09:40:06	8.6	--	9	7740	买盘
09:40:00	8.6	-0.01	313	269180	卖盘
09:39:57	8.61	0.01	35	30134	买盘
09:39:54	8.6	--	12	10320	卖盘
09:39:51	8.6	--	33	28380	卖盘
09:39:42	8.6	--	223	191780	买盘
09:39:39	8.6	--	10	8600	买盘
09:39:36	8.6	0.01	29	24940	买盘
09:39:33	8.59	--	1	859	卖盘
09:39:30	8.59	-0.01	53	45527	卖盘
09:39:27	8.6	--	327	281220	买盘
09:39:21	8.6	0.01	56	48160	买盘
09:39:18	8.59	-0.01	3	2577	卖盘
09:39:15	8.6	--	3	2580	买盘
09:39:09	8.6	--	308	264880	卖盘
09:38:57	8.6	0.01	152	130720	买盘
09:38:48	8.59	-0.01	520	446680	卖盘
09:38:45	8.6	0.01	70	60200	买盘
09:38:42	8.59	--	100	85900	卖盘
09:38:39	8.59	0.01	438	376242	买盘
09:38:36	8.58	--	37	31746	卖盘
09:38:33	8.58	-0.01	1	858	卖盘
09:38:30	8.59	0.01	243	208737	买盘
09:38:27	8.58	--	64	54912	卖盘
09:38:24	8.58	--	1134	972972	买盘
09:38:21	8.58	--	282	241956	买盘
09:38:18	8.58	0.01	69	59202	买盘
09:38:15	8.57	--	100	85700	卖盘
09:38:12	8.57	-0.01	3	2571	卖盘
09:38:09	8.58	--	80	68640	买盘
09:38:06	8.58	0.01	129	110682	买盘
09:38:03	8.57	--	3	2571	卖盘
09:38:00	8.57	-0.01	101	86557	卖盘
09:37:57	8.58	0.01	1	858	买盘
09:37:54	8.57	--	72	61704	卖盘
09:37:51	8.57	--	78	66846	卖盘
09:37:48	8.57	--	7	5999	卖盘
09:37:45	8.57	-0.01	5	4285	卖盘
09:37:42	8.58	--	12	10296	买盘
09:37:39	8.58	0.01	44	37752	买盘
09:37:36	8.57	-0.01	8	6856	卖盘
09:37:33	8.58	0.01	11	9438	买盘
09:37:27	8.57	--	22	18854	卖盘
09:37:24	8.57	--	12	10284	卖盘
09:37:21	8.57	--	28	23996	卖盘
09:37:18	8.57	-0.01	12	10284	卖盘
09:37:12	8.58	--	12	10296	买盘
09:37:09	8.58	--	180	154440	买盘
09:37:06	8.58	--	13	11154	买盘
09:37:03	8.58	--	1103	946374	卖盘
09:37:00	8.58	-0.01	1	858	卖盘
09:36:57	8.59	0.01	1	859	买盘
09:36:51	8.58	--	310	265980	卖盘
09:36:45	8.58	-0.01	24	20592	卖盘
09:36:42	8.59	0.01	41	35219	买盘
09:36:39	8.58	-0.01	70	60060	卖盘
09:36:36	8.59	0.01	42	36078	买盘
09:36:24	8.58	--	40	34320	卖盘
09:36:21	8.58	--	380	326040	卖盘
09:36:18	8.58	--	15	12870	卖盘
09:36:15	8.58	-0.01	125	107250	卖盘
09:36:12	8.59	0.01	3	2577	买盘
09:36:09	8.58	--	5	4290	卖盘
09:36:06	8.58	--	5	4290	卖盘
09:36:00	8.58	-0.01	224	192192	卖盘
09:35:57	8.59	--	11	9449	买盘
09:35:51	8.59	--	6	5154	买盘
09:35:48	8.59	--	20	17180	买盘
09:35:45	8.59	0.01	10	8590	买盘
09:35:42	8.58	--	15	12870	卖盘
09:35:39	8.58	-0.01	27	23166	卖盘
09:35:36	8.59	--	29	24911	买盘
09:35:33	8.59	--	160	137440	买盘
09:35:27	8.59	--	9	7731	买盘
09:35:24	8.59	0.01	104	89336	买盘
09:35:21	8.58	-0.01	39	33462	卖盘
09:35:18	8.59	--	4	3436	买盘
09:35:09	8.59	-0.01	251	215609	卖盘
09:35:06	8.6	0.01	28	24080	买盘
09:35:00	8.59	-0.01	3	2577	卖盘
09:34:57	8.6	--	10	8600	买盘
09:34:51	8.6	--	387	332820	卖盘
09:34:48	8.6	-0.01	20	17200	卖盘
09:34:45	8.61	0.01	54	46494	买盘
09:34:42	8.6	--	13	11180	卖盘
09:34:39	8.6	--	757	651020	卖盘
09:34:33	8.6	--	15	12900	卖盘
09:34:27	8.6	-0.01	6	5160	卖盘
09:34:21	8.61	0.01	18	15497	买盘
09:34:18	8.6	-0.01	75	64500	卖盘
09:34:12	8.61	0.01	3	2583	买盘
09:34:06	8.6	--	10	8600	卖盘
09:34:03	8.6	--	8	6880	买盘
09:34:00	8.6	-0.01	21	18060	卖盘
09:33:57	8.61	--	12	10332	买盘
09:33:54	8.61	0.02	1	861	买盘
09:33:48	8.59	-0.03	50	42950	卖盘
09:33:42	8.62	0.03	100	86199	买盘
09:33:39	8.59	-0.01	87	74733	卖盘
09:33:36	8.6	0.01	30	25800	买盘
09:33:33	8.59	-0.01	2	1718	卖盘
09:33:30	8.6	--	18	15480	买盘
09:33:24	8.6	0.01	5	4300	买盘
09:33:21	8.59	-0.01	2	1718	卖盘
09:33:18	8.6	--	25	21500	卖盘
09:33:09	8.6	-0.01	150	129000	卖盘
09:33:06	8.61	--	11	9471	买盘
09:33:03	8.61	0.01	169	145509	买盘
09:33:00	8.6	--	1	860	买盘
09:32:57	8.6	-0.01	10	8600	中性盘
09:32:48	8.61	0.01	36	30995	买盘
09:32:45	8.6	--	57	49020	卖盘
09:32:42	8.6	--	50	43000	卖盘
09:32:39	8.6	-0.01	3	2580	卖盘
09:32:36	8.61	0.01	9	7748	买盘
09:32:30	8.6	-0.01	13	11180	卖盘
09:32:27	8.61	0.01	20	17220	买盘
09:32:24	8.6	-0.01	102	87720	卖盘
09:32:21	8.61	0.01	52	44772	买盘
09:32:15	8.6	--	102	87720	卖盘
09:32:12	8.6	-0.01	34	29240	卖盘
09:32:09	8.61	--	27	23247	买盘
09:32:03	8.61	--	25	21525	买盘
09:31:57	8.61	--	169	145509	买盘
09:31:51	8.61	--	33	28412	买盘
09:31:48	8.61	0.01	56	48216	买盘
09:31:45	8.6	0.01	47	40420	买盘
09:31:42	8.59	-0.01	1	859	卖盘
09:31:39	8.6	--	208	178880	买盘
09:31:36	8.6	--	46	39560	买盘
09:31:33	8.6	--	76	65360	卖盘
09:31:30	8.6	--	30	25800	卖盘
09:31:24	8.6	-0.01	95	81700	卖盘
09:31:21	8.61	--	301	259160	买盘
09:31:18	8.61	--	2	1722	买盘
09:31:12	8.61	--	8	6888	买盘
09:31:09	8.61	--	437	376257	卖盘
09:31:06	8.61	-0.01	52	44772	卖盘
09:31:03	8.62	--	6	5171	买盘
09:31:00	8.62	--	1	861	买盘
09:30:57	8.62	--	17	14653	买盘
09:30:54	8.62	-0.02	201	173261	卖盘
09:30:51	8.64	0.01	10	8640	买盘
09:30:48	8.63	0.01	20	17260	买盘
09:30:45	8.62	--	39	33618	卖盘
09:30:42	8.62	-0.01	2	1723	卖盘
09:30:39	8.63	-0.01	4	3452	中性盘
09:30:27	8.64	0.01	250	216000	买盘
09:30:21	8.63	-0.01	13	11219	买盘
09:30:18	8.64	--	500	432000	买盘
09:30:15	8.64	--	8	6912	买盘
09:30:12	8.64	--	53	45792	买盘
09:30:09	8.64	--	42	36288	买盘
09:30:06	8.64	--	358	309312	卖盘
09:30:03	8.64	--	2129	1839456	卖盘
09:30:00	8.64	--	0	0	卖盘
09:25:03	8.64	8.64	1550	1339200	买盘
