成交时间	成交价	价格变动	成交量(手)	成交额(元)	性质
15:00:03	5.42	--	4954	2685425	卖盘
14:57:00	5.42	--	0	0	卖盘
14:56:57	5.42	-0.01	2	1084	卖盘
14:56:54	5.43	--	40	21720	买盘
14:56:51	5.43	0.01	97	52671	买盘
14:56:48	5.42	--	520	281840	卖盘
14:56:45	5.42	-0.01	1	542	卖盘
14:56:42	5.43	0.01	11	5973	买盘
14:56:39	5.42	--	21	11382	卖盘
14:56:36	5.42	--	400	216800	卖盘
14:56:33	5.42	-0.01	6	3252	卖盘
14:56:30	5.43	0.01	90	48870	买盘
14:56:27	5.42	--	32	17344	卖盘
14:56:24	5.42	-0.01	69	37398	卖盘
14:56:21	5.43	0.01	110	59730	买盘
14:56:18	5.42	--	61	33062	卖盘
14:56:15	5.42	--	5	2710	卖盘
14:56:12	5.42	--	103	55826	卖盘
14:56:09	5.42	-0.01	45	24390	卖盘
14:56:06	5.43	0.01	25	13575	买盘
14:56:03	5.42	--	84	45652	卖盘
14:55:54	5.42	--	1	542	卖盘
14:55:51	5.42	-0.01	17	9214	卖盘
14:55:48	5.43	0.01	20	10860	买盘
14:55:45	5.42	--	2	1084	卖盘
14:55:42	5.42	-0.01	26	14167	卖盘
14:55:39	5.43	0.01	21	11403	买盘
14:55:36	5.42	--	36	19512	卖盘
14:55:33	5.42	-0.01	303	164226	卖盘
14:55:30	5.43	0.01	1	543	买盘
14:55:27	5.42	--	20	10840	卖盘
14:55:21	5.42	--	8	4336	卖盘
14:55:18	5.42	--	20	10840	卖盘
14:55:12	5.42	--	152	82384	卖盘
14:55:09	5.42	--	3	1626	卖盘
14:55:06	5.42	--	43	23306	卖盘
14:55:03	5.42	--	20	10840	卖盘
14:55:00	5.42	--	40	21680	卖盘
14:54:57	5.42	--	39	21138	卖盘
14:54:51	5.42	--	79	42818	卖盘
14:54:48	5.42	-0.01	74	40108	卖盘
14:54:45	5.43	0.01	8	4344	买盘
14:54:42	5.42	-0.01	20	10840	卖盘
14:54:30	5.43	--	139	75781	买盘
14:54:21	5.43	0.01	40	21720	买盘
14:54:15	5.42	--	62	33604	卖盘
14:54:09	5.42	--	210	113820	卖盘
14:54:03	5.42	--	6	3252	卖盘
14:54:00	5.42	--	20	10840	卖盘
14:53:54	5.42	--	77	41734	卖盘
14:53:51	5.42	--	50	27100	卖盘
14:53:48	5.42	--	50	27100	卖盘
14:53:42	5.42	--	72	39024	卖盘
14:53:39	5.42	--	11	5962	卖盘
14:53:36	5.42	-0.01	70	37940	卖盘
14:53:33	5.43	0.01	64	34752	买盘
14:53:30	5.42	--	7	3794	卖盘
14:53:27	5.42	--	10	5420	卖盘
14:53:24	5.42	--	30	16260	卖盘
14:53:18	5.42	--	96	52032	卖盘
14:53:12	5.42	--	5	2710	卖盘
14:53:03	5.42	--	5	2710	卖盘
14:52:57	5.42	--	50	27100	卖盘
14:52:51	5.42	--	30	16260	卖盘
14:52:48	5.42	--	10	5420	卖盘
14:52:45	5.42	--	210	113820	卖盘
14:52:42	5.42	--	30	16260	卖盘
14:52:39	5.42	-0.01	36	19512	卖盘
14:52:36	5.43	0.01	4	2172	买盘
14:52:33	5.42	--	30	16260	卖盘
14:52:30	5.42	--	10	5420	卖盘
14:52:24	5.42	--	119	64498	卖盘
14:52:21	5.42	--	10	5420	卖盘
14:52:18	5.42	--	23	12466	卖盘
14:52:15	5.42	--	59	31978	卖盘
14:52:12	5.42	--	381	206724	买盘
14:52:09	5.42	--	10	5420	买盘
14:52:06	5.42	--	5	2710	买盘
14:52:03	5.42	--	160	86720	买盘
14:52:00	5.42	--	276	149592	买盘
14:51:54	5.42	--	22	11924	买盘
14:51:45	5.42	--	7	3794	买盘
14:51:39	5.42	--	589	319238	买盘
14:51:30	5.42	0.01	100	54200	买盘
14:51:24	5.41	--	17	9197	卖盘
14:51:21	5.41	--	18	9738	卖盘
14:51:15	5.41	-0.01	0	286	卖盘
14:51:12	5.42	--	8	4336	买盘
14:51:09	5.42	0.01	20	10840	买盘
14:51:06	5.41	-0.01	10	5410	卖盘
14:51:03	5.42	0.01	10	5420	买盘
14:51:00	5.41	--	15	8115	卖盘
14:50:57	5.41	-0.01	133	71953	卖盘
14:50:48	5.42	--	829	449318	买盘
14:50:33	5.42	0.01	11	5962	买盘
14:50:30	5.41	-0.01	20	10820	卖盘
14:50:27	5.42	0.01	218	118156	买盘
14:50:24	5.41	--	34	18394	卖盘
14:50:21	5.41	-0.01	6	3246	卖盘
14:50:09	5.42	0.01	5	2710	买盘
14:50:03	5.41	-0.01	85	45985	卖盘
14:50:00	5.42	0.01	40	21680	买盘
14:49:54	5.41	-0.01	1	541	卖盘
14:49:51	5.42	--	6	3252	买盘
14:49:45	5.42	--	8	4336	买盘
14:49:42	5.42	--	3	1626	买盘
14:49:36	5.42	--	12	6504	买盘
14:49:30	5.42	--	5	2710	买盘
14:49:27	5.42	--	5	2710	买盘
14:49:24	5.42	0.01	100	54200	买盘
14:49:21	5.41	-0.01	9	4869	卖盘
14:49:18	5.42	0.01	308	166936	买盘
14:49:15	5.41	-0.01	199	107659	卖盘
14:49:12	5.42	0.01	24	13008	买盘
14:49:09	5.41	--	98	53018	卖盘
14:49:03	5.41	--	20	10820	卖盘
14:48:54	5.41	-0.01	10	5410	卖盘
14:48:51	5.42	--	4	2168	买盘
14:48:48	5.42	0.01	25	13550	买盘
14:48:45	5.41	-0.01	1	541	卖盘
14:48:42	5.42	0.01	100	54200	买盘
14:48:39	5.41	--	20	10820	卖盘
14:48:30	5.41	--	13	7033	卖盘
14:48:27	5.41	--	18	9738	卖盘
14:48:18	5.41	-0.01	65	35165	卖盘
14:48:15	5.42	0.01	20	10840	买盘
14:48:06	5.41	--	21	11361	卖盘
14:47:57	5.41	--	78	42198	卖盘
14:47:54	5.41	-0.01	66	35706	卖盘
14:47:51	5.42	--	50	27100	买盘
14:47:45	5.42	--	2	1084	买盘
14:47:36	5.42	0.01	10	5420	买盘
14:47:30	5.41	--	30	16230	卖盘
14:47:24	5.41	-0.01	4	2164	卖盘
14:47:21	5.42	0.01	1	542	买盘
14:47:09	5.41	--	14	7574	卖盘
14:47:06	5.41	--	10	5410	卖盘
14:47:00	5.41	--	159	86019	卖盘
14:46:45	5.41	--	3	1623	卖盘
14:46:33	5.41	--	11	5951	卖盘
14:46:30	5.41	--	50	27050	卖盘
14:46:18	5.41	--	1	541	卖盘
14:46:09	5.41	--	63	34083	卖盘
14:46:06	5.41	--	10	5410	卖盘
14:46:03	5.41	--	81	43821	卖盘
14:46:00	5.41	--	1	541	卖盘
14:45:54	5.41	--	61	33001	卖盘
14:45:51	5.41	--	9	4869	卖盘
14:45:48	5.41	--	5	2705	卖盘
14:45:42	5.41	-0.01	34	18394	卖盘
14:45:36	5.42	0.01	1	542	买盘
14:45:27	5.41	--	13	7033	卖盘
14:45:21	5.41	-0.01	166	89806	卖盘
14:45:06	5.42	--	20	10840	买盘
14:45:03	5.42	--	70	38265	卖盘
14:45:00	5.42	-0.01	15	8130	卖盘
14:44:57	5.43	0.01	69	37467	买盘
14:44:54	5.42	--	110	59620	卖盘
14:44:48	5.42	--	400	216800	卖盘
14:44:42	5.42	--	13	7046	卖盘
14:44:36	5.42	--	252	136584	卖盘
14:44:33	5.42	--	8	4336	卖盘
14:44:30	5.42	--	23	12466	卖盘
14:44:27	5.42	--	6	3252	卖盘
14:44:21	5.42	--	20	10840	卖盘
14:44:18	5.42	--	102	55284	卖盘
14:44:09	5.42	--	100	54200	卖盘
14:44:06	5.42	--	19	10298	卖盘
14:44:03	5.42	--	5	2710	卖盘
14:44:00	5.42	--	82	44444	卖盘
14:43:51	5.42	--	100	54200	卖盘
14:43:42	5.42	--	50	27100	卖盘
14:43:39	5.42	--	27	14634	卖盘
14:43:33	5.42	--	71	38482	卖盘
14:43:30	5.42	--	10	5420	卖盘
14:43:24	5.42	-0.01	100	54200	卖盘
14:43:21	5.43	0.01	5	2715	买盘
14:43:18	5.42	--	116	62872	卖盘
14:43:15	5.42	--	2	1084	卖盘
14:43:12	5.42	--	3	1626	卖盘
14:43:09	5.42	--	305	165310	卖盘
14:42:57	5.42	--	10	5420	卖盘
14:42:51	5.42	--	5	2710	卖盘
14:42:48	5.42	--	11	5962	卖盘
14:42:45	5.42	-0.01	35	18970	卖盘
14:42:42	5.43	0.01	50	27150	买盘
14:42:27	5.42	--	102	55284	卖盘
14:42:21	5.42	--	51	27642	卖盘
14:42:12	5.42	--	200	108400	卖盘
14:42:09	5.42	--	1	542	卖盘
14:42:03	5.42	--	20	10840	卖盘
14:41:57	5.42	--	5	2710	卖盘
14:41:48	5.42	-0.01	20	10840	卖盘
14:41:39	5.43	0.01	100	54300	买盘
14:41:36	5.42	--	130	70460	卖盘
14:41:27	5.42	--	10	5420	卖盘
14:41:24	5.42	-0.01	25	13550	卖盘
14:41:21	5.43	0.01	20	10860	买盘
14:41:18	5.42	-0.01	3	1951	卖盘
14:41:03	5.43	0.01	10	5430	买盘
14:40:57	5.42	--	19	10298	卖盘
14:40:51	5.42	--	1	542	卖盘
14:40:48	5.42	--	40	21680	卖盘
14:40:30	5.42	-0.01	40	21680	卖盘
14:40:15	5.43	--	100	54300	买盘
14:40:09	5.43	0.01	300	162900	买盘
14:40:03	5.42	-0.01	25	13550	卖盘
14:40:00	5.43	--	485	263355	买盘
14:39:54	5.43	--	20	10860	买盘
14:39:45	5.43	--	10	5430	买盘
14:39:42	5.43	--	20	10860	买盘
14:39:30	5.43	--	30	16290	买盘
14:39:09	5.43	--	25	13575	买盘
14:39:06	5.43	--	100	54300	买盘
14:39:03	5.43	--	10	5430	买盘
14:38:51	5.43	--	20	10860	买盘
14:38:45	5.43	--	4	2172	买盘
14:38:42	5.43	--	40	21720	买盘
14:38:36	5.43	0.01	20	10860	买盘
14:38:33	5.42	-0.01	165	89430	卖盘
14:38:30	5.43	0.01	19	10317	买盘
14:38:24	5.42	-0.01	543	294306	卖盘
14:38:18	5.43	0.01	15	8145	买盘
14:38:03	5.42	--	44	23848	卖盘
14:37:51	5.42	--	59	31978	卖盘
14:37:39	5.42	-0.01	15	8130	卖盘
14:37:33	5.43	0.01	12	6516	买盘
14:37:27	5.42	--	30	16260	卖盘
14:37:24	5.42	--	20	10840	卖盘
14:37:15	5.42	--	5	2710	卖盘
14:37:12	5.42	--	26	14092	卖盘
14:37:09	5.42	--	17	9214	卖盘
14:36:36	5.42	--	6	3252	卖盘
14:36:30	5.42	--	50	27100	卖盘
14:36:24	5.42	-0.01	25	13550	卖盘
14:36:09	5.43	0.01	20	10860	买盘
14:35:54	5.42	-0.01	2	1084	卖盘
14:35:36	5.43	0.01	50	27150	买盘
14:35:12	5.42	--	12	6504	卖盘
14:35:06	5.42	--	1	542	卖盘
14:35:03	5.42	--	75	40650	卖盘
14:34:33	5.42	--	25	13550	卖盘
14:34:27	5.42	--	50	27100	卖盘
14:34:21	5.42	--	13	7046	卖盘
14:34:15	5.42	--	220	119240	卖盘
14:34:09	5.42	-0.01	27	14634	卖盘
14:34:06	5.43	0.01	43	23349	买盘
14:33:39	5.42	--	100	54200	卖盘
14:33:33	5.42	--	33	17886	卖盘
14:33:30	5.42	--	81	43902	卖盘
14:33:24	5.42	--	29	15718	卖盘
14:33:15	5.42	-0.01	100	54200	卖盘
14:33:12	5.43	0.01	19	10317	买盘
14:33:03	5.42	-0.01	9	4878	卖盘
14:33:00	5.43	--	224	121632	买盘
14:32:57	5.43	0.01	1	543	买盘
14:32:51	5.42	--	33	17886	卖盘
14:32:48	5.42	--	100	54200	卖盘
14:32:42	5.42	--	7	3794	卖盘
14:32:39	5.42	--	20	10840	卖盘
14:32:12	5.42	--	20	10840	卖盘
14:32:06	5.42	--	10	5420	卖盘
14:32:03	5.42	-0.01	767	415714	卖盘
14:31:45	5.43	0.01	1	543	买盘
14:31:36	5.42	--	10	5420	卖盘
14:31:21	5.42	--	20	10840	卖盘
14:31:18	5.42	-0.01	50	27100	卖盘
14:31:12	5.43	0.01	196	106428	买盘
14:31:06	5.42	--	8	4769	卖盘
14:30:51	5.42	--	290	157180	卖盘
14:30:48	5.42	-0.01	2	1084	卖盘
14:30:39	5.43	0.01	9	4887	买盘
14:30:30	5.42	-0.01	1	542	卖盘
14:30:27	5.43	--	40	21720	买盘
14:30:21	5.43	--	5	2715	买盘
14:30:15	5.43	--	4	2172	买盘
14:30:12	5.43	--	20	10860	买盘
14:30:09	5.43	0.01	18	9774	买盘
14:30:03	5.42	-0.01	7	3794	卖盘
14:29:54	5.43	--	104	56472	买盘
14:29:48	5.43	--	4	2172	买盘
14:29:45	5.43	--	38	20634	买盘
14:29:30	5.43	0.01	4	2172	买盘
14:29:24	5.42	-0.01	20	10840	卖盘
14:29:21	5.43	0.01	11	5973	买盘
14:29:18	5.42	-0.01	77	41734	卖盘
14:29:15	5.43	--	10	5430	买盘
14:28:54	5.43	0.01	100	54300	买盘
14:28:45	5.42	0.01	188	101896	买盘
14:28:42	5.41	-0.01	20	10820	卖盘
14:28:33	5.42	0.01	10	5420	买盘
14:28:27	5.41	--	5	2705	卖盘
14:28:18	5.41	--	31	16771	卖盘
14:28:15	5.41	--	5	2705	卖盘
14:28:12	5.41	--	15	8115	卖盘
14:28:09	5.41	--	5	2705	卖盘
14:28:06	5.41	--	16	8656	卖盘
14:27:54	5.41	--	10	5410	卖盘
14:27:45	5.41	-0.01	6	3246	卖盘
14:27:39	5.42	--	48	26016	买盘
14:27:27	5.42	--	3	1626	买盘
14:27:21	5.42	--	43	23306	买盘
14:27:09	5.42	--	8	4336	买盘
14:26:42	5.42	--	8	4336	买盘
14:26:24	5.42	--	19	10298	买盘
14:26:15	5.42	0.01	38	20596	买盘
14:25:57	5.41	-0.01	1	541	卖盘
14:25:54	5.42	0.01	16	8672	买盘
14:25:51	5.41	-0.01	9	4869	卖盘
14:25:42	5.42	0.01	10	5420	买盘
14:25:39	5.41	-0.01	5	2705	卖盘
14:25:30	5.42	--	697	377774	买盘
14:25:21	5.42	--	20	10840	买盘
14:25:18	5.42	--	5	2710	买盘
14:25:06	5.42	0.01	29	15934	买盘
14:25:03	5.41	-0.01	10	5410	卖盘
14:25:00	5.42	--	47	25474	买盘
14:24:51	5.42	--	382	207044	买盘
14:24:33	5.42	--	26	14092	买盘
14:24:21	5.42	0.01	54	29268	买盘
14:24:18	5.41	--	27	14607	卖盘
14:24:12	5.41	--	44	23804	卖盘
14:24:00	5.41	--	20	10820	卖盘
14:23:48	5.41	--	1	541	卖盘
14:23:42	5.41	--	20	10820	卖盘
14:23:18	5.41	--	60	32460	卖盘
14:23:15	5.41	--	6	3246	卖盘
14:23:12	5.41	--	6	3246	卖盘
14:23:09	5.41	--	5	2705	卖盘
14:23:00	5.41	--	81	43821	卖盘
14:22:45	5.41	--	46	24886	卖盘
14:22:39	5.41	--	20	10820	卖盘
14:22:24	5.41	--	40	21640	卖盘
14:21:54	5.41	--	20	10820	卖盘
14:21:45	5.41	--	14	7574	卖盘
14:21:42	5.41	--	50	27050	卖盘
14:21:39	5.41	--	7	3787	卖盘
14:21:06	5.41	--	20	10820	卖盘
14:21:03	5.41	--	10	5410	卖盘
14:21:00	5.41	--	1	541	卖盘
14:20:33	5.41	--	16	8656	卖盘
14:20:27	5.41	--	11	5951	卖盘
14:20:15	5.41	--	22	11902	卖盘
14:20:03	5.41	--	8	4328	卖盘
14:19:57	5.41	--	10	5410	卖盘
14:19:51	5.41	--	1	541	卖盘
14:19:48	5.41	0.01	209	113588	买盘
14:19:33	5.4	-0.01	50	27000	卖盘
14:19:27	5.41	0.01	40	21640	买盘
14:19:21	5.4	--	30	16200	卖盘
14:19:18	5.4	-0.01	214	115560	卖盘
14:19:12	5.41	0.01	1	541	买盘
14:19:06	5.4	-0.01	44	23760	卖盘
14:19:03	5.41	--	100	54100	买盘
14:18:57	5.41	--	15	8115	买盘
14:18:48	5.41	--	14	7574	买盘
14:18:45	5.41	--	1852	1001953	卖盘
14:18:39	5.41	--	7	3787	卖盘
14:18:33	5.41	-0.01	589	318649	卖盘
14:18:27	5.42	--	5	2710	买盘
14:18:15	5.42	0.01	399	216258	买盘
14:18:12	5.41	-0.01	85	45985	卖盘
14:18:09	5.42	0.01	10	5420	买盘
14:18:06	5.41	--	14	7574	卖盘
14:18:00	5.41	--	35	18935	卖盘
14:17:54	5.41	-0.01	150	81150	卖盘
14:17:48	5.42	0.01	28	15176	买盘
14:17:45	5.41	--	46	24886	卖盘
14:17:33	5.41	--	40	21640	卖盘
14:17:24	5.41	--	1	541	卖盘
14:17:12	5.41	-0.01	20	10820	卖盘
14:17:09	5.42	0.01	618	334956	买盘
14:17:00	5.41	-0.01	37	20017	卖盘
14:16:57	5.42	--	16	8672	买盘
14:16:54	5.42	0.01	100	54200	买盘
14:16:48	5.41	--	10	5410	卖盘
14:16:45	5.41	--	385	208285	卖盘
14:16:36	5.41	--	60	32460	卖盘
14:16:30	5.41	--	10	5410	卖盘
14:16:15	5.41	--	283	153103	卖盘
14:15:57	5.41	--	4	2164	卖盘
14:15:54	5.41	--	200	108200	卖盘
14:15:51	5.41	--	5	2705	卖盘
14:15:48	5.41	--	5	2705	卖盘
14:15:45	5.41	--	301	162841	卖盘
14:15:42	5.41	-0.01	92	49772	卖盘
14:15:33	5.42	0.01	30	16260	买盘
14:15:27	5.41	--	6	3246	卖盘
14:14:54	5.41	--	29	15689	卖盘
14:14:48	5.41	--	27	14607	卖盘
14:14:39	5.41	--	5	2705	卖盘
14:14:30	5.41	-0.01	10	5410	卖盘
14:14:21	5.42	0.01	98	53116	买盘
14:14:18	5.41	--	20	10820	卖盘
14:14:12	5.41	-0.01	2	1082	卖盘
14:14:09	5.42	0.01	5	2710	买盘
14:14:06	5.41	-0.01	44	23804	卖盘
14:14:00	5.42	0.01	60	32520	买盘
14:13:48	5.41	--	1	541	卖盘
14:13:33	5.41	--	250	135250	卖盘
14:12:45	5.41	--	46	24886	卖盘
14:12:42	5.41	--	500	270500	卖盘
14:12:33	5.41	--	23	12443	卖盘
14:12:30	5.41	-0.01	82	44362	卖盘
14:12:21	5.42	-0.01	25	13550	卖盘
14:12:15	5.43	0.01	9	4887	买盘
14:11:57	5.42	--	6	3252	卖盘
14:11:54	5.42	--	28	15176	卖盘
14:11:51	5.42	--	9	4878	卖盘
14:11:45	5.42	--	24	13008	买盘
14:11:27	5.42	--	34	18428	买盘
14:11:24	5.42	--	21	11382	买盘
14:11:21	5.42	0.01	671	363682	买盘
14:10:57	5.41	--	91	49231	卖盘
14:10:48	5.41	--	11	5951	卖盘
14:10:45	5.41	-0.01	30	16230	卖盘
14:10:42	5.42	0.01	70	37940	买盘
14:10:15	5.41	-0.01	2	1082	卖盘
14:10:12	5.42	0.01	20	10840	买盘
14:10:03	5.41	-0.01	5	2705	卖盘
14:10:00	5.42	0.01	25	13550	买盘
14:09:51	5.41	-0.01	10	5410	卖盘
14:09:45	5.42	--	125	67750	买盘
14:09:36	5.42	0.01	11	5962	买盘
14:09:33	5.41	--	25	13525	卖盘
14:09:21	5.41	-0.01	17	9413	卖盘
14:09:15	5.42	--	14	7588	买盘
14:09:09	5.42	0.01	23	12466	买盘
14:09:03	5.41	-0.01	44	23804	卖盘
14:08:39	5.42	--	3	1626	买盘
14:08:30	5.42	--	1	542	买盘
14:08:15	5.42	--	1	542	买盘
14:08:06	5.42	--	10	5420	买盘
14:07:54	5.42	0.01	2	1084	买盘
14:07:45	5.41	--	46	24886	卖盘
14:07:36	5.41	--	4	2164	卖盘
14:07:24	5.41	--	5	2705	卖盘
14:07:03	5.41	--	12	6492	卖盘
14:06:45	5.41	--	21	11361	卖盘
14:06:33	5.41	--	91	49231	卖盘
14:06:24	5.41	--	20	10820	卖盘
14:05:57	5.41	-0.01	19	10279	卖盘
14:05:54	5.42	0.01	70	37940	买盘
14:05:48	5.41	-0.01	11	5951	卖盘
14:05:45	5.42	--	37	20054	买盘
14:05:39	5.42	0.01	1	542	买盘
14:05:33	5.41	-0.01	25	13525	卖盘
14:05:30	5.42	--	51	27642	买盘
14:05:15	5.42	--	30	16260	买盘
14:05:12	5.42	0.01	30	16260	买盘
14:05:09	5.41	--	27	14607	卖盘
14:05:06	5.41	--	10	5410	卖盘
14:05:03	5.41	-0.01	37	20017	卖盘
14:05:00	5.42	--	76	41192	买盘
14:04:54	5.42	--	103	55826	买盘
14:04:51	5.42	0.01	100	54200	买盘
14:04:48	5.41	-0.01	5	2705	卖盘
14:04:45	5.42	--	270	146340	买盘
14:04:42	5.42	--	200	108400	买盘
14:04:33	5.42	--	12	6504	买盘
14:04:24	5.42	0.01	1	542	买盘
14:04:21	5.41	-0.01	29	15689	卖盘
14:04:03	5.42	--	22	11924	买盘
14:04:00	5.42	0.01	30	16260	买盘
14:03:54	5.41	--	16	8656	卖盘
14:03:45	5.41	-0.01	20	10820	卖盘
14:03:36	5.42	--	52	28184	买盘
14:03:33	5.42	--	12	6504	买盘
14:03:30	5.42	--	55	29810	买盘
14:03:24	5.42	--	20	10840	买盘
14:03:15	5.42	0.01	41	22222	买盘
14:03:09	5.41	--	17	9197	卖盘
14:03:06	5.41	--	15	8115	卖盘
14:02:45	5.41	--	46	24886	卖盘
14:02:39	5.41	--	3	1623	卖盘
14:02:30	5.41	--	2	1082	卖盘
14:02:27	5.41	-0.01	1	541	卖盘
14:02:24	5.42	0.01	100	54200	买盘
14:02:21	5.41	-0.01	51	27591	卖盘
14:02:15	5.42	0.01	100	54200	买盘
14:02:06	5.41	-0.01	5	2705	卖盘
14:02:00	5.42	0.01	281	152302	买盘
14:01:54	5.41	--	7	3787	卖盘
14:01:45	5.41	-0.01	57	30837	卖盘
14:01:42	5.42	--	20	10840	买盘
14:01:39	5.42	--	10	5420	买盘
14:01:36	5.42	0.01	3	1626	买盘
14:01:33	5.41	--	10	5410	卖盘
14:01:24	5.41	--	1	541	卖盘
14:01:21	5.41	-0.01	8	4328	卖盘
14:01:18	5.42	0.01	47	25474	买盘
14:01:12	5.41	--	8	4328	卖盘
14:01:00	5.41	--	7	3787	卖盘
14:00:54	5.41	--	320	173314	卖盘
14:00:51	5.41	--	6	3246	卖盘
14:00:48	5.41	-0.01	69	37329	卖盘
14:00:42	5.42	0.01	167	90514	买盘
14:00:39	5.41	--	30	16230	卖盘
14:00:36	5.41	--	6	3246	卖盘
14:00:30	5.41	--	11	5951	卖盘
14:00:27	5.41	-0.01	8	4328	卖盘
14:00:21	5.42	0.01	95	51490	买盘
14:00:18	5.41	--	30	16230	卖盘
14:00:15	5.41	--	67	36247	卖盘
14:00:12	5.41	--	10	5410	卖盘
14:00:06	5.41	--	49	26509	卖盘
14:00:03	5.41	--	14	7574	卖盘
13:59:54	5.41	--	7	3787	卖盘
13:59:51	5.41	--	10	5410	卖盘
13:59:42	5.41	--	6	3246	卖盘
13:59:36	5.41	--	33	17853	卖盘
13:59:33	5.41	--	25	13525	卖盘
13:59:30	5.41	--	19	10279	卖盘
13:59:21	5.41	--	7	3787	卖盘
13:59:18	5.41	--	56	30296	卖盘
13:59:12	5.41	--	41	22181	卖盘
13:59:09	5.41	--	8	4328	卖盘
13:59:06	5.41	--	24	12984	卖盘
13:59:00	5.41	--	8	4328	卖盘
13:58:57	5.41	--	7	3787	卖盘
13:58:51	5.41	--	5	2813	买盘
13:58:48	5.41	--	155	83855	买盘
13:58:45	5.41	0.01	30	16230	买盘
13:58:36	5.4	--	41	22140	卖盘
13:58:30	5.4	-0.01	3	1620	卖盘
13:58:27	5.41	0.01	7	3787	买盘
13:58:24	5.4	-0.01	7	3780	卖盘
13:58:21	5.41	0.01	32	17312	买盘
13:58:15	5.4	-0.01	8	4320	卖盘
13:58:09	5.41	0.01	1332	720612	买盘
13:58:03	5.4	--	26	14040	卖盘
13:57:51	5.4	--	7	3780	卖盘
13:57:48	5.4	--	3	1620	卖盘
13:57:45	5.4	--	46	24840	卖盘
13:57:42	5.4	--	8	4320	卖盘
13:57:36	5.4	--	87	46980	卖盘
13:57:33	5.4	--	5	2700	卖盘
13:57:30	5.4	--	7	3780	卖盘
13:57:27	5.4	--	50	27000	卖盘
13:57:18	5.4	--	8	4320	卖盘
13:57:15	5.4	--	31	16740	卖盘
13:57:09	5.4	-0.01	8	4320	卖盘
13:57:06	5.41	0.01	100	54100	买盘
13:57:03	5.4	--	3	1620	卖盘
13:56:57	5.4	--	11	5940	卖盘
13:56:54	5.4	--	12	6480	卖盘
13:56:48	5.4	--	9	4860	卖盘
13:56:36	5.4	-0.01	57	30780	卖盘
13:56:33	5.41	0.01	6	3246	买盘
13:56:27	5.4	--	30	16200	卖盘
13:56:24	5.4	-0.01	7	3780	卖盘
13:56:18	5.41	0.01	9	4869	买盘
13:56:12	5.4	-0.01	18	9720	卖盘
13:56:09	5.41	--	258	140010	卖盘
13:56:06	5.41	--	22	11902	卖盘
13:56:03	5.41	-0.01	7	3787	卖盘
13:55:54	5.42	0.01	39	21138	买盘
13:55:51	5.41	-0.01	7	3787	卖盘
13:55:48	5.42	0.01	37	20054	买盘
13:55:39	5.41	--	60	32460	卖盘
13:55:30	5.41	--	7	3787	卖盘
13:55:27	5.41	--	6	3246	卖盘
13:55:21	5.41	--	161	87101	卖盘
13:55:18	5.41	--	389	210449	卖盘
13:55:06	5.41	--	7	3787	卖盘
13:55:03	5.41	--	209	113069	卖盘
13:54:57	5.41	--	8	4328	卖盘
13:54:54	5.41	--	12	6492	卖盘
13:54:45	5.41	--	8	4328	卖盘
13:54:42	5.41	--	10	5410	卖盘
13:54:36	5.41	--	501	271041	卖盘
13:54:33	5.41	--	7	3787	卖盘
13:54:24	5.41	--	7	3787	卖盘
13:54:12	5.41	-0.01	8	4328	卖盘
13:54:06	5.42	--	53	29007	卖盘
13:54:03	5.42	--	7	3794	卖盘
13:53:51	5.42	--	7	3794	卖盘
13:53:48	5.42	--	15	8130	卖盘
13:53:45	5.42	--	30	16260	卖盘
13:53:42	5.42	--	12	6504	卖盘
13:53:39	5.42	--	8	4336	卖盘
13:53:36	5.42	--	42	22764	卖盘
13:53:33	5.42	--	20	10840	卖盘
13:53:27	5.42	--	6	3252	卖盘
13:53:24	5.42	--	2	1084	卖盘
13:53:21	5.42	--	55	29810	卖盘
13:53:18	5.42	--	7	3794	卖盘
13:53:15	5.42	--	115	62330	卖盘
13:53:12	5.42	--	4	2168	卖盘
13:53:06	5.42	--	107	57994	卖盘
13:53:03	5.42	-0.01	10	5420	卖盘
13:53:00	5.43	--	43	23349	买盘
13:52:57	5.43	0.01	41	22263	买盘
13:52:54	5.42	-0.01	7	3794	卖盘
13:52:51	5.43	0.01	26	14118	买盘
13:52:48	5.42	--	39	21138	卖盘
13:52:45	5.42	--	66	35772	卖盘
13:52:42	5.42	-0.01	19	10298	卖盘
13:52:36	5.43	0.01	19	10317	买盘
13:52:33	5.42	-0.01	41	22222	卖盘
13:52:30	5.43	0.01	49	26607	买盘
13:52:27	5.42	--	40	21680	卖盘
13:52:24	5.42	--	101	54742	卖盘
13:52:21	5.42	--	7	3794	卖盘
13:52:18	5.42	--	6	3252	卖盘
13:52:12	5.42	--	7	3794	卖盘
13:52:00	5.42	--	27	14634	卖盘
13:51:48	5.42	--	7	3794	卖盘
13:51:45	5.42	--	7	3794	卖盘
13:51:39	5.42	-0.01	7	3794	卖盘
13:51:36	5.43	0.01	20	10860	买盘
13:51:30	5.42	--	91	49322	卖盘
13:51:27	5.42	--	7	3794	卖盘
13:51:18	5.42	--	5	2710	卖盘
13:51:15	5.42	--	16	8672	卖盘
13:51:06	5.42	--	8	4336	卖盘
13:51:00	5.42	--	100	54200	卖盘
13:50:54	5.42	-0.01	107	57994	卖盘
13:50:51	5.43	0.01	20	10860	买盘
13:50:42	5.42	--	8	4336	卖盘
13:50:33	5.42	-0.01	18	9756	卖盘
13:50:21	5.43	0.01	75	40725	买盘
13:50:15	5.42	--	15	8130	卖盘
13:50:09	5.42	--	24	13008	卖盘
13:50:03	5.42	--	7	3794	卖盘
13:50:00	5.42	-0.01	23	12466	卖盘
13:49:42	5.43	--	200	108600	买盘
13:49:39	5.43	0.01	30	16290	买盘
13:49:33	5.42	-0.01	293	158806	卖盘
13:49:24	5.43	0.01	303	164529	买盘
13:49:21	5.42	--	27	14634	卖盘
13:49:18	5.42	--	12	6504	卖盘
13:49:12	5.42	--	5	2710	卖盘
13:49:09	5.42	--	58	31436	卖盘
13:49:03	5.42	--	18	9756	卖盘
13:49:00	5.42	-0.01	18	9756	卖盘
13:48:57	5.43	0.01	20	10860	买盘
13:48:54	5.42	--	2	1084	卖盘
13:48:51	5.42	--	537	291054	卖盘
13:48:48	5.42	--	7	3794	卖盘
13:48:39	5.42	-0.01	12	6504	卖盘
13:48:36	5.43	0.01	20	10860	买盘
13:48:33	5.42	--	116	62872	卖盘
13:48:27	5.42	--	7	3794	卖盘
13:48:21	5.42	--	10	5420	卖盘
13:48:18	5.42	--	10	5420	卖盘
13:48:15	5.42	--	22	11924	卖盘
13:48:09	5.42	--	16	8672	卖盘
13:48:03	5.42	--	10	5420	卖盘
13:47:54	5.42	--	7	3794	卖盘
13:47:48	5.42	--	1	542	卖盘
13:47:45	5.42	--	51	27642	卖盘
13:47:42	5.42	--	12	6504	卖盘
13:47:39	5.42	--	150	81300	卖盘
13:47:30	5.42	-0.01	8	4336	卖盘
13:47:27	5.43	0.01	36	19548	买盘
13:47:21	5.42	--	26	14092	卖盘
13:47:18	5.42	--	13	7046	卖盘
13:47:12	5.42	--	5	2710	卖盘
13:47:09	5.42	--	49	26558	卖盘
13:47:06	5.42	--	1	542	卖盘
13:47:00	5.42	--	7	3794	卖盘
13:46:48	5.42	--	7	3794	卖盘
13:46:39	5.42	--	29	15718	卖盘
13:46:36	5.42	--	8	4336	卖盘
13:46:24	5.42	--	8	4336	卖盘
13:46:18	5.42	--	44	23848	卖盘
13:46:15	5.42	--	7	3794	卖盘
13:46:03	5.42	--	7	3794	卖盘
13:46:00	5.42	-0.01	20	10840	卖盘
13:45:57	5.43	0.01	100	54300	买盘
13:45:54	5.42	--	33	17886	卖盘
13:45:51	5.42	--	7	3794	卖盘
13:45:48	5.42	--	27	14634	卖盘
13:45:39	5.42	--	8	4460	卖盘
13:45:30	5.42	--	32	17344	卖盘
13:45:24	5.42	--	30	16260	卖盘
13:45:21	5.42	--	30	16260	卖盘
13:45:18	5.42	--	38	20596	卖盘
13:45:12	5.42	-0.01	100	54200	卖盘
13:45:09	5.43	0.01	28	15204	买盘
13:45:06	5.42	--	28	15176	卖盘
13:45:03	5.42	--	5	2710	卖盘
13:44:57	5.42	--	7	3794	卖盘
13:44:54	5.42	--	20	10840	卖盘
13:44:45	5.42	--	8	4336	卖盘
13:44:42	5.42	-0.01	57	30894	卖盘
13:44:39	5.43	0.01	31	16833	买盘
13:44:36	5.42	--	7	3794	卖盘
13:44:27	5.42	--	3	1626	卖盘
13:44:24	5.42	--	6	3252	卖盘
13:44:18	5.42	--	5	2710	卖盘
13:44:15	5.42	--	1	542	卖盘
13:44:12	5.42	--	8	4336	卖盘
13:44:06	5.42	--	2	1084	卖盘
13:44:03	5.42	--	6	3252	卖盘
13:44:00	5.42	--	30	16260	卖盘
13:43:51	5.42	--	8	4336	卖盘
13:43:48	5.42	--	15	8130	卖盘
13:43:39	5.42	-0.01	8	4336	卖盘
13:43:36	5.43	0.01	112	60816	买盘
13:43:30	5.42	--	7	3794	卖盘
13:43:27	5.42	--	29	15718	卖盘
13:43:18	5.42	--	8	4336	卖盘
13:43:06	5.42	-0.01	7	3794	卖盘
13:43:03	5.43	0.01	36	19548	买盘
13:42:57	5.42	--	11	5962	卖盘
13:42:54	5.42	--	7	3794	卖盘
13:42:45	5.42	--	65	35230	卖盘
13:42:42	5.42	--	0	37	卖盘
13:42:39	5.42	-0.01	68	36856	卖盘
13:42:36	5.43	0.01	15	8145	买盘
13:42:33	5.42	-0.01	7	3794	卖盘
13:42:27	5.43	0.01	30	16290	买盘
13:42:21	5.42	--	7	3794	卖盘
13:42:18	5.42	--	20	10840	卖盘
13:42:15	5.42	--	40	21680	卖盘
13:42:12	5.42	--	7	3794	卖盘
13:42:00	5.42	-0.01	6	3252	卖盘
13:41:57	5.43	0.01	5	2715	买盘
13:41:51	5.42	--	3	1626	卖盘
13:41:48	5.42	--	18	9756	卖盘
13:41:42	5.42	--	17	9214	卖盘
13:41:39	5.42	--	8	4336	卖盘
13:41:27	5.42	-0.01	8	4336	卖盘
13:41:18	5.43	0.01	8	4344	买盘
13:41:15	5.42	-0.01	79	42818	卖盘
13:41:12	5.43	0.01	1	543	买盘
13:41:06	5.42	--	9	4878	卖盘
13:41:03	5.42	--	31	16802	卖盘
13:41:00	5.42	--	82	44444	卖盘
13:40:57	5.42	--	50	27100	卖盘
13:40:54	5.42	-0.01	8	4336	卖盘
13:40:51	5.43	0.01	100	54300	买盘
13:40:45	5.42	--	7	3794	卖盘
13:40:42	5.42	--	41	22222	卖盘
13:40:33	5.42	-0.01	7	3794	卖盘
13:40:30	5.43	--	55	30293	卖盘
13:40:24	5.43	--	15	8145	卖盘
13:40:21	5.43	--	47	25521	卖盘
13:40:15	5.43	--	3	1737	卖盘
13:40:12	5.43	--	19	10317	卖盘
13:40:09	5.43	--	195	105885	卖盘
13:40:03	5.43	--	5	2715	卖盘
13:40:00	5.43	--	8	4344	卖盘
13:39:57	5.43	-0.01	92	49956	卖盘
13:39:54	5.44	0.01	4	2176	买盘
13:39:48	5.43	--	7	3801	卖盘
13:39:39	5.43	--	7	3801	卖盘
13:39:27	5.43	--	7	3801	卖盘
13:39:15	5.43	-0.01	15	8145	卖盘
13:39:12	5.44	0.01	19	10336	买盘
13:39:06	5.43	--	52	28236	卖盘
13:39:03	5.43	-0.01	7	3801	卖盘
13:39:00	5.44	0.01	20	10880	买盘
13:38:54	5.43	--	71	38553	卖盘
13:38:51	5.43	--	1	543	卖盘
13:38:42	5.43	--	12	6516	卖盘
13:38:33	5.43	--	7	3801	卖盘
13:38:21	5.43	-0.01	8	4344	卖盘
13:38:12	5.44	0.01	16	8704	买盘
13:38:09	5.43	--	8	4344	卖盘
13:38:06	5.43	--	2	1086	卖盘
13:38:03	5.43	--	18	9774	卖盘
13:38:00	5.43	--	0	5	卖盘
13:37:57	5.43	--	9	4887	卖盘
13:37:54	5.43	--	1	543	卖盘
13:37:51	5.43	0.01	34	18462	买盘
13:37:48	5.42	-0.01	8	4336	卖盘
13:37:45	5.43	--	26	14118	卖盘
13:37:36	5.43	--	17	9231	卖盘
13:37:27	5.43	0.01	1	543	买盘
13:37:24	5.42	-0.01	23	12466	卖盘
13:37:21	5.43	--	213	115659	买盘
13:37:18	5.43	0.01	100	54300	买盘
13:37:15	5.42	--	6	3252	卖盘
13:37:06	5.42	-0.01	7	3794	卖盘
13:37:00	5.43	0.01	10	5430	买盘
13:36:54	5.42	--	7	3794	卖盘
13:36:51	5.42	--	10	5420	卖盘
13:36:42	5.42	-0.01	7	3794	卖盘
13:36:39	5.43	0.01	123	66789	买盘
13:36:33	5.42	--	8	4336	卖盘
13:36:24	5.42	--	40	21680	卖盘
13:36:21	5.42	--	8	4336	卖盘
13:36:18	5.42	--	27	14634	卖盘
13:36:09	5.42	--	87	47154	卖盘
13:36:00	5.42	-0.01	7	3794	卖盘
13:35:57	5.43	0.01	10	5430	买盘
13:35:54	5.42	--	5	2710	卖盘
13:35:51	5.42	-0.01	5	2710	卖盘
13:35:48	5.43	--	46	24978	买盘
13:35:42	5.43	0.01	50	27150	买盘
13:35:36	5.42	--	36	19512	卖盘
13:35:27	5.42	-0.01	7	3794	卖盘
13:35:18	5.43	0.01	7	3801	买盘
13:35:15	5.42	--	7	3891	卖盘
13:35:09	5.42	--	2	1084	卖盘
13:35:03	5.42	--	38	20596	卖盘
13:34:57	5.42	--	50	27100	卖盘
13:34:54	5.42	--	7	3794	卖盘
13:34:42	5.42	--	9	4878	卖盘
13:34:39	5.42	--	1	542	卖盘
13:34:30	5.42	-0.01	15	8130	卖盘
13:34:27	5.43	0.01	1	543	买盘
13:34:21	5.42	--	7	3794	卖盘
13:34:18	5.42	--	5	2710	卖盘
13:34:12	5.42	--	41	22222	卖盘
13:34:09	5.42	--	8	4336	卖盘
13:33:57	5.42	-0.01	7	3794	卖盘
13:33:54	5.43	--	301	163443	卖盘
13:33:51	5.43	--	16	8688	卖盘
13:33:48	5.43	--	75	40725	卖盘
13:33:45	5.43	--	500	271500	卖盘
13:33:36	5.43	--	17	9231	卖盘
13:33:33	5.43	--	3	1629	卖盘
13:33:27	5.43	--	2	1086	卖盘
13:33:24	5.43	--	8	4344	卖盘
13:33:21	5.43	--	30	16290	卖盘
13:33:12	5.43	--	14	7602	卖盘
13:33:09	5.43	--	34	18462	卖盘
13:33:06	5.43	--	3	1629	卖盘
13:33:00	5.43	--	7	3801	卖盘
13:32:54	5.43	--	10	5430	卖盘
13:32:51	5.43	--	8	4344	卖盘
13:32:45	5.43	--	46	24978	卖盘
13:32:39	5.43	--	7	3801	卖盘
13:32:33	5.43	0.01	192	104256	买盘
13:32:30	5.42	-0.01	8	4336	卖盘
13:32:24	5.43	0.01	1000	543000	买盘
13:32:18	5.42	--	7	3794	卖盘
13:32:06	5.42	--	7	3794	卖盘
13:32:03	5.42	-0.01	8	4336	卖盘
13:32:00	5.43	0.01	31	16833	买盘
13:31:57	5.42	--	7	3794	卖盘
13:31:45	5.42	-0.01	7	3794	卖盘
13:31:39	5.43	0.01	1	543	买盘
13:31:36	5.42	--	5	2710	卖盘
13:31:33	5.42	--	27	14634	卖盘
13:31:21	5.42	-0.01	7	3794	卖盘
13:31:15	5.43	0.01	30	16290	买盘
13:31:12	5.42	-0.01	17	9214	卖盘
13:31:09	5.43	--	16	8688	买盘
13:31:06	5.43	0.01	104	56472	买盘
13:31:03	5.42	--	50	27100	卖盘
13:31:00	5.42	--	7	3794	卖盘
13:30:57	5.42	--	2	1084	卖盘
13:30:54	5.42	--	16	8672	卖盘
13:30:51	5.42	--	15	8130	卖盘
13:30:45	5.42	--	4	2168	卖盘
13:30:42	5.42	--	5	2710	卖盘
13:30:39	5.42	--	8	4336	卖盘
13:30:30	5.42	--	91	49322	卖盘
13:30:27	5.42	-0.01	7	3794	卖盘
13:30:24	5.43	0.01	1305	708615	买盘
13:30:21	5.42	--	50	27100	卖盘
13:30:15	5.42	--	7	3794	卖盘
13:30:06	5.42	-0.01	12	6504	卖盘
13:30:03	5.43	0.01	16	8688	买盘
13:29:57	5.42	--	5	2710	卖盘
13:29:54	5.42	--	13	7046	卖盘
13:29:48	5.42	--	7	3794	卖盘
13:29:42	5.42	--	10	5420	卖盘
13:29:33	5.42	--	8	4336	卖盘
13:29:30	5.42	--	10	5420	卖盘
13:29:27	5.42	--	5	2710	卖盘
13:29:21	5.42	--	7	3794	卖盘
13:29:18	5.42	--	341	185244	买盘
13:29:15	5.42	0.01	50	27100	买盘
13:29:12	5.41	-0.01	8	4328	卖盘
13:29:09	5.42	0.01	10	5420	买盘
13:29:03	5.41	--	428	231548	卖盘
13:29:00	5.41	-0.01	70	37870	卖盘
13:28:54	5.42	0.01	30	16260	买盘
13:28:48	5.41	--	7	3787	卖盘
13:28:42	5.41	--	2	1082	卖盘
13:28:39	5.41	-0.01	8	4328	卖盘
13:28:36	5.42	--	19	10298	买盘
13:28:33	5.42	0.01	10	5420	买盘
13:28:27	5.41	--	32	17312	卖盘
13:28:15	5.41	-0.01	8	4328	卖盘
13:28:12	5.42	0.01	790	428180	买盘
13:28:06	5.41	--	10	5410	卖盘
13:28:03	5.41	-0.01	57	30837	卖盘
13:27:57	5.42	0.01	3	1626	买盘
13:27:54	5.41	--	8	4328	卖盘
13:27:51	5.41	-0.01	5	2705	卖盘
13:27:48	5.42	0.01	500	271000	买盘
13:27:45	5.41	--	87	47067	卖盘
13:27:42	5.41	--	7	3787	卖盘
13:27:39	5.41	--	2	1082	卖盘
13:27:33	5.41	--	8	4328	卖盘
13:27:21	5.41	-0.01	27	14607	卖盘
13:27:18	5.42	0.01	1356	734952	买盘
13:27:09	5.41	-0.01	11	5951	卖盘
13:27:06	5.42	0.01	1	542	买盘
13:26:57	5.41	-0.01	8	4328	卖盘
13:26:51	5.42	0.01	6	3252	买盘
13:26:48	5.41	--	7	3787	卖盘
13:26:45	5.41	--	12	6492	卖盘
13:26:39	5.41	--	27	14607	卖盘
13:26:36	5.41	--	837	452817	卖盘
13:26:24	5.41	--	20	10820	卖盘
13:26:15	5.41	--	8	4328	卖盘
13:26:12	5.41	--	20	10820	卖盘
13:26:09	5.41	-0.01	10	5410	卖盘
13:26:06	5.42	0.01	10	5420	买盘
13:26:03	5.41	--	7	3787	卖盘
13:25:51	5.41	-0.01	18	9738	卖盘
13:25:42	5.42	0.01	18	9756	买盘
13:25:30	5.41	-0.01	7	3787	卖盘
13:25:27	5.42	0.01	50	27100	买盘
13:25:21	5.41	--	18	9738	卖盘
13:25:18	5.41	--	8	4328	卖盘
13:25:09	5.41	-0.01	74	40034	卖盘
13:25:03	5.42	0.01	57	30894	买盘
13:25:00	5.41	--	6	3246	卖盘
13:24:57	5.41	-0.01	5	2705	卖盘
13:24:54	5.42	0.01	1	542	买盘
13:24:51	5.41	--	49	26509	卖盘
13:24:45	5.41	-0.01	6	3246	卖盘
13:24:42	5.42	0.01	23	12466	买盘
13:24:36	5.41	-0.01	200	108200	卖盘
13:24:33	5.42	0.01	514	278588	买盘
13:24:30	5.41	--	25	13525	卖盘
13:24:24	5.41	--	47	25751	卖盘
13:24:21	5.41	--	10	5410	卖盘
13:24:18	5.41	--	19	10279	卖盘
13:24:15	5.41	--	43	23263	卖盘
13:24:06	5.41	--	30	16230	卖盘
13:24:00	5.41	--	10	5410	卖盘
13:23:57	5.41	-0.01	100	54100	卖盘
13:23:54	5.42	0.01	74	40108	买盘
13:23:51	5.41	--	10	5410	卖盘
13:23:48	5.41	--	13	7033	卖盘
13:23:45	5.41	--	111	60051	卖盘
13:23:42	5.41	--	50	27050	卖盘
13:23:39	5.41	--	40	21640	卖盘
13:23:36	5.41	--	5	2705	卖盘
13:23:33	5.41	--	20	10820	卖盘
13:23:24	5.41	--	20	10820	卖盘
13:23:21	5.41	--	5	2705	卖盘
13:23:09	5.41	-0.01	400	216400	卖盘
13:22:57	5.42	0.01	59	31978	买盘
13:22:51	5.41	--	7	3787	卖盘
13:22:48	5.41	--	10	5410	卖盘
13:22:45	5.41	--	114	61674	卖盘
13:22:36	5.41	--	27	14607	卖盘
13:22:30	5.41	-0.01	9	4869	卖盘
13:22:27	5.42	0.01	37	20054	买盘
13:22:18	5.41	--	2	1082	卖盘
13:22:09	5.41	-0.01	100	54100	卖盘
13:22:03	5.42	--	3	1626	买盘
13:21:54	5.42	--	42	22764	买盘
13:21:48	5.42	0.01	30	16260	买盘
13:21:45	5.41	--	60	32460	卖盘
13:21:42	5.41	-0.01	110	59510	卖盘
13:21:39	5.42	0.01	43	23306	买盘
13:21:36	5.41	--	5	2705	卖盘
13:21:33	5.41	--	12	6492	卖盘
13:21:21	5.41	--	48	25968	卖盘
13:21:18	5.41	--	41	22181	卖盘
13:21:15	5.41	--	11	5951	卖盘
13:21:12	5.41	--	4	2164	卖盘
13:21:03	5.41	--	62	33542	卖盘
13:20:57	5.41	--	61	33001	卖盘
13:20:54	5.41	--	19	10279	卖盘
13:20:48	5.41	-0.01	90	48690	卖盘
13:20:45	5.42	0.01	29	15718	买盘
13:20:33	5.41	--	14	7574	卖盘
13:20:27	5.41	--	308	166628	卖盘
13:20:18	5.41	--	11	5951	卖盘
13:20:12	5.41	--	10	5410	卖盘
13:20:09	5.41	--	33	18177	卖盘
13:20:03	5.41	--	8	4328	卖盘
13:20:00	5.41	-0.01	81	43821	卖盘
13:19:57	5.42	0.01	10	5420	买盘
13:19:54	5.41	--	5	2705	卖盘
13:19:51	5.41	--	2	1082	卖盘
13:19:48	5.41	-0.01	30	16230	卖盘
13:19:45	5.42	--	9	4878	买盘
13:19:42	5.42	0.01	3	1626	买盘
13:19:39	5.41	--	83	44903	卖盘
13:19:24	5.41	--	22	11902	卖盘
13:19:09	5.41	--	20	10820	卖盘
13:19:06	5.41	--	20	10820	卖盘
13:19:00	5.41	0.01	7	3787	买盘
13:18:54	5.4	-0.01	296	159840	卖盘
13:18:51	5.41	--	500	270500	买盘
13:18:42	5.41	--	40	21640	买盘
13:18:39	5.41	--	30	16230	买盘
13:18:36	5.41	--	4	2164	买盘
13:18:33	5.41	--	60	32460	买盘
13:18:24	5.41	--	30	16230	买盘
13:18:21	5.41	--	61	33001	买盘
13:18:18	5.41	0.01	110	59510	买盘
13:18:15	5.4	--	20	10800	卖盘
13:18:12	5.4	-0.01	20	10800	卖盘
13:18:09	5.41	0.01	39	21099	买盘
13:18:06	5.4	--	63	34020	卖盘
13:18:00	5.4	-0.01	20	10800	卖盘
13:17:57	5.41	--	69	37329	买盘
13:17:54	5.41	--	6	3246	买盘
13:17:51	5.41	--	200	108200	买盘
13:17:45	5.41	0.01	66	35706	买盘
13:17:30	5.4	-0.01	5	2700	卖盘
13:17:27	5.41	0.01	403	218023	买盘
13:17:21	5.4	-0.01	19	10260	卖盘
13:17:15	5.41	0.01	28	15148	买盘
13:17:09	5.4	--	336	181440	卖盘
13:17:06	5.4	-0.01	48	25920	卖盘
13:17:03	5.41	0.01	190	102790	买盘
13:17:00	5.4	--	12	6480	卖盘
13:16:57	5.4	--	50	27000	卖盘
13:16:54	5.4	--	10	5400	卖盘
13:16:51	5.4	-0.01	15	8100	卖盘
13:16:39	5.41	--	480	259680	买盘
13:16:36	5.41	0.01	13	7033	买盘
13:16:33	5.4	-0.01	1	540	卖盘
13:16:24	5.41	--	93	50313	卖盘
13:16:21	5.41	-0.01	7	3787	中性盘
13:16:18	5.42	0.02	10	5420	买盘
13:16:15	5.4	-0.01	500	270000	卖盘
13:16:09	5.41	-0.01	8	4328	卖盘
13:16:06	5.42	0.01	99	53658	买盘
13:16:03	5.41	--	53	28673	卖盘
13:15:57	5.41	--	221	119561	卖盘
13:15:54	5.41	--	10	5410	卖盘
13:15:51	5.41	--	29	15689	卖盘
13:15:48	5.41	--	8	4328	卖盘
13:15:45	5.41	--	10	5410	卖盘
13:15:39	5.41	--	408	220728	卖盘
13:15:36	5.41	--	74	40034	卖盘
13:15:33	5.41	--	25	13525	卖盘
13:15:27	5.41	--	507	274287	卖盘
13:15:24	5.41	--	1	541	卖盘
13:15:21	5.41	-0.01	4	2164	卖盘
13:15:15	5.42	0.01	66	35772	买盘
13:15:12	5.41	--	259	140119	卖盘
13:15:09	5.41	--	100	54100	卖盘
13:15:06	5.41	--	1057	571837	卖盘
13:15:00	5.41	--	3	1623	卖盘
13:14:54	5.41	--	7	3787	卖盘
13:14:48	5.41	-0.01	41	22181	卖盘
13:14:45	5.42	0.01	1	542	买盘
13:14:42	5.41	-0.01	7	3787	卖盘
13:14:39	5.42	--	44	23848	买盘
13:14:36	5.42	--	1386	751537	卖盘
13:14:30	5.42	--	27	14634	卖盘
13:14:27	5.42	--	4	2168	卖盘
13:14:18	5.42	-0.01	7	3794	卖盘
13:14:15	5.43	--	20	10860	买盘
13:14:12	5.43	0.01	99	53757	买盘
13:14:09	5.42	--	7	3794	卖盘
13:14:03	5.42	--	2	1084	卖盘
13:14:00	5.42	--	31	16802	卖盘
13:13:57	5.42	-0.01	7	3794	卖盘
13:13:54	5.43	0.01	1	543	买盘
13:13:48	5.42	-0.01	8	4336	卖盘
13:13:45	5.43	0.01	35	19005	买盘
13:13:36	5.42	-0.01	83	44986	卖盘
13:13:33	5.43	0.01	110	59730	买盘
13:13:30	5.42	-0.01	1016	550672	卖盘
13:13:27	5.43	0.01	78	42354	买盘
13:13:21	5.42	-0.01	10	5420	卖盘
13:13:18	5.43	0.01	19	10317	买盘
13:13:12	5.42	--	13	7046	卖盘
13:13:03	5.42	-0.01	8	4336	卖盘
13:13:00	5.43	--	51	27693	买盘
13:12:57	5.43	0.01	2	1086	买盘
13:12:51	5.42	--	7	3794	卖盘
13:12:48	5.42	--	30	16260	卖盘
13:12:45	5.42	--	46	24932	卖盘
13:12:39	5.42	--	7	3794	卖盘
13:12:33	5.42	--	55	29810	卖盘
13:12:30	5.42	--	13	7046	卖盘
13:12:27	5.42	--	56	30568	买盘
13:12:24	5.42	--	209	113603	卖盘
13:12:21	5.42	--	8	4336	卖盘
13:12:18	5.42	--	100	54200	卖盘
13:12:12	5.42	--	6	3360	卖盘
13:12:09	5.42	-0.01	7	3794	卖盘
13:12:06	5.43	0.01	3	1629	买盘
13:12:03	5.42	--	165	89430	卖盘
13:12:00	5.42	--	4	2168	卖盘
13:11:57	5.42	--	8	4336	卖盘
13:11:45	5.42	--	36	19512	卖盘
13:11:42	5.42	-0.01	2	1084	卖盘
13:11:39	5.43	0.01	10	5430	买盘
13:11:36	5.42	-0.01	83	44986	卖盘
13:11:33	5.43	0.01	17	9231	中性盘
13:11:30	5.42	-0.01	866	469372	卖盘
13:11:27	5.43	0.01	262	142266	买盘
13:11:24	5.42	--	7	3794	卖盘
13:11:15	5.42	--	70	37940	卖盘
13:11:12	5.42	-0.01	13	7046	卖盘
13:11:09	5.43	0.01	63	34209	买盘
13:11:06	5.42	-0.01	1	542	卖盘
13:11:03	5.43	--	27	14661	买盘
13:10:57	5.43	0.01	9	4887	买盘
13:10:54	5.42	--	10	5420	卖盘
13:10:51	5.42	-0.01	7	3794	卖盘
13:10:42	5.43	--	1	543	买盘
13:10:39	5.43	--	63	34209	买盘
13:10:36	5.43	0.01	103	55929	买盘
13:10:33	5.42	-0.01	10	5420	卖盘
13:10:30	5.43	0.01	340	184620	买盘
13:10:27	5.42	--	13	7046	卖盘
13:10:21	5.42	-0.01	7	3794	卖盘
13:10:18	5.43	0.01	94	51042	买盘
13:10:15	5.42	--	31	16802	卖盘
13:10:12	5.42	--	5	2710	卖盘
13:10:09	5.42	--	50	27100	卖盘
13:10:06	5.42	--	18	9756	卖盘
13:10:03	5.42	--	16	8672	卖盘
13:09:57	5.42	--	7	3794	卖盘
13:09:51	5.42	--	70	37940	卖盘
13:09:48	5.42	--	20	10840	卖盘
13:09:45	5.42	--	8	4336	卖盘
13:09:42	5.42	-0.01	200	108400	卖盘
13:09:39	5.43	--	30	16290	买盘
13:09:36	5.43	0.01	40	21720	买盘
13:09:33	5.42	-0.01	42	22764	卖盘
13:09:30	5.43	--	84	45612	买盘
13:09:27	5.43	0.01	8	4344	买盘
13:09:24	5.42	--	8	4336	卖盘
13:09:12	5.42	-0.01	7	3794	卖盘
13:09:03	5.43	--	16	8688	买盘
13:09:00	5.43	--	20	10860	买盘
13:08:51	5.43	--	27	14661	买盘
13:08:48	5.43	0.01	20	10860	买盘
13:08:42	5.42	--	10	5420	卖盘
13:08:36	5.42	-0.01	8	4336	卖盘
13:08:33	5.43	-0.01	270	146610	卖盘
13:08:30	5.44	0.01	2	1088	买盘
13:08:27	5.43	--	8	4344	卖盘
13:08:21	5.43	--	51	27693	卖盘
13:08:18	5.43	--	7	3801	卖盘
13:08:15	5.43	--	2	1086	卖盘
13:08:09	5.43	--	61	33123	卖盘
13:08:06	5.43	--	16	8688	卖盘
13:08:03	5.43	--	19	10317	卖盘
13:08:00	5.43	--	37	20091	卖盘
13:07:57	5.43	--	37	20091	卖盘
13:07:51	5.43	--	20	10860	卖盘
13:07:48	5.43	--	10	5430	卖盘
13:07:45	5.43	--	53	28779	卖盘
13:07:39	5.43	--	27	14661	卖盘
13:07:36	5.43	--	10	5430	卖盘
13:07:33	5.43	-0.01	24	13032	卖盘
13:07:30	5.44	0.01	62	33728	买盘
13:07:27	5.43	--	60	32580	卖盘
13:07:21	5.43	--	83	45069	买盘
13:07:15	5.43	0.01	1	543	买盘
13:07:12	5.42	-0.01	13	7046	卖盘
13:07:06	5.43	--	148	80364	买盘
13:07:03	5.43	0.01	35	19005	买盘
13:07:00	5.42	-0.01	48	26016	卖盘
13:06:57	5.43	--	5	2715	买盘
13:06:54	5.43	--	200	108600	买盘
13:06:51	5.43	0.01	36	19548	买盘
13:06:48	5.42	-0.01	7	3794	卖盘
13:06:45	5.43	--	587	318741	卖盘
13:06:39	5.43	--	7	3801	卖盘
13:06:36	5.43	-0.01	11	5973	卖盘
13:06:27	5.44	0.01	87	47328	买盘
13:06:18	5.43	--	8	4344	卖盘
13:06:15	5.43	--	104	56472	卖盘
13:06:12	5.43	-0.01	10	5430	卖盘
13:06:06	5.44	0.01	59	32096	买盘
13:06:03	5.43	--	3	1629	卖盘
13:05:54	5.43	--	27	14661	卖盘
13:05:51	5.43	--	17	9231	卖盘
13:05:42	5.43	--	8	4344	卖盘
13:05:39	5.43	-0.01	32	17376	卖盘
13:05:36	5.44	0.01	210	114240	买盘
13:05:33	5.43	-0.01	18	9774	卖盘
13:05:30	5.44	0.01	75	40800	买盘
13:05:24	5.43	--	50	27150	卖盘
13:05:21	5.43	-0.01	8	4344	卖盘
13:05:15	5.44	--	50	27200	买盘
13:05:12	5.44	0.01	24	13056	买盘
13:05:09	5.43	-0.01	41	22263	卖盘
13:05:06	5.44	--	28	15232	卖盘
13:05:03	5.44	--	42	22848	卖盘
13:05:00	5.44	--	40	21760	卖盘
13:04:57	5.44	--	7	3808	卖盘
13:04:54	5.44	--	25	13600	卖盘
13:04:51	5.44	-0.01	17	9248	卖盘
13:04:48	5.45	0.01	1405	765725	买盘
13:04:45	5.44	--	50	27200	卖盘
13:04:42	5.44	--	20	10880	卖盘
13:04:36	5.44	--	18	9792	卖盘
13:04:33	5.44	--	8	4352	卖盘
13:04:30	5.44	--	4	2176	卖盘
13:04:24	5.44	--	10	5440	卖盘
13:04:21	5.44	--	25	13600	卖盘
13:04:15	5.44	--	6	3264	买盘
13:04:12	5.44	--	100	54400	买盘
13:04:03	5.44	0.01	571	310624	买盘
13:03:57	5.43	-0.01	150	81450	卖盘
13:03:54	5.44	--	28	15232	买盘
13:03:51	5.44	--	105	57120	买盘
13:03:48	5.44	0.01	530	288320	买盘
13:03:42	5.43	-0.01	52	28236	卖盘
13:03:33	5.44	--	11	5984	买盘
13:03:30	5.44	--	80	43520	买盘
13:03:27	5.44	--	183	99552	卖盘
13:03:24	5.44	--	503	273632	卖盘
13:03:21	5.44	--	114	62016	卖盘
13:03:18	5.44	--	10	5440	卖盘
13:03:15	5.44	--	155	84320	卖盘
13:03:09	5.44	--	9	4896	卖盘
13:03:06	5.44	-0.01	95	51680	卖盘
13:03:03	5.45	0.01	2	1090	买盘
13:03:00	5.44	--	6	3264	卖盘
13:02:57	5.44	--	30	16320	卖盘
13:02:51	5.44	--	6	3264	卖盘
13:02:48	5.44	--	7	3808	卖盘
13:02:45	5.44	-0.01	127	69088	卖盘
13:02:42	5.45	0.01	9	4905	买盘
13:02:39	5.44	--	100	54400	卖盘
13:02:36	5.44	--	499	271456	卖盘
13:02:30	5.44	-0.01	50	27200	卖盘
13:02:27	5.45	--	26	14170	买盘
13:02:24	5.45	--	42	22890	买盘
13:02:21	5.45	--	62	33790	买盘
13:02:18	5.45	0.01	211	114995	买盘
13:02:15	5.44	-0.01	107	58208	卖盘
13:02:12	5.45	0.01	120	65400	买盘
13:02:09	5.44	--	100	54400	卖盘
13:02:06	5.44	--	37	20128	卖盘
13:02:03	5.44	--	658	357952	买盘
13:01:57	5.44	0.01	150	81600	买盘
13:01:54	5.43	--	258	140094	卖盘
13:01:51	5.43	--	40	21720	卖盘
13:01:45	5.43	0.01	959	520845	买盘
13:01:42	5.42	-0.01	7	3794	卖盘
13:01:36	5.43	0.01	40	21720	买盘
13:01:33	5.42	--	177	95934	卖盘
13:01:30	5.42	--	89	48238	卖盘
13:01:27	5.42	--	20	10840	卖盘
13:01:24	5.42	0.01	231	125202	买盘
13:01:21	5.41	-0.01	87	47067	卖盘
13:01:18	5.42	--	93	50406	买盘
13:01:15	5.42	--	50	27100	买盘
13:01:09	5.42	--	97	52574	买盘
13:01:03	5.42	--	63	34146	买盘
13:00:57	5.42	--	558	302436	买盘
13:00:51	5.42	--	80	43360	买盘
13:00:48	5.42	0.01	109	59078	买盘
13:00:45	5.41	-0.01	20	10820	卖盘
13:00:42	5.42	--	120	65040	买盘
13:00:36	5.42	--	9	4878	买盘
13:00:33	5.42	0.01	199	107858	买盘
13:00:27	5.41	--	7	3787	卖盘
13:00:24	5.41	--	30	16230	卖盘
13:00:18	5.41	--	27	14607	卖盘
13:00:15	5.41	--	6	3246	卖盘
13:00:12	5.41	--	31	16771	卖盘
13:00:09	5.41	-0.01	95	51395	卖盘
13:00:06	5.42	0.01	638	345796	买盘
13:00:03	5.41	--	2225	1204190	买盘
13:00:00	5.41	--	0	0	买盘
11:30:00	5.41	--	0	0	买盘
11:29:54	5.41	0.01	20	10820	买盘
11:29:51	5.4	--	17	9180	卖盘
11:29:48	5.4	--	10	5400	卖盘
11:29:42	5.4	--	7	3780	卖盘
11:29:39	5.4	-0.01	50	27000	卖盘
11:29:36	5.41	--	2	1082	买盘
11:29:33	5.41	--	11	6189	买盘
11:29:30	5.41	--	28	15148	买盘
11:29:27	5.41	--	100	54100	买盘
11:29:21	5.41	0.01	93	50313	买盘
11:29:18	5.4	--	10	5400	卖盘
11:29:15	5.4	--	164	88560	卖盘
11:29:09	5.4	-0.01	8	4320	卖盘
11:29:00	5.41	0.01	61	33001	买盘
11:28:57	5.4	-0.01	272	146880	卖盘
11:28:54	5.41	0.01	100	54100	买盘
11:28:48	5.4	--	36	19440	卖盘
11:28:45	5.4	--	8	4320	卖盘
11:28:36	5.4	-0.01	8	4320	卖盘
11:28:33	5.41	0.01	47	25427	买盘
11:28:30	5.4	--	81	43740	卖盘
11:28:27	5.4	--	69	37260	卖盘
11:28:24	5.4	-0.01	6	3240	卖盘
11:28:21	5.41	0.01	16	8656	买盘
11:28:12	5.4	--	8	4320	卖盘
11:28:09	5.4	--	2	1080	卖盘
11:28:03	5.4	--	9	4860	卖盘
11:28:00	5.4	-0.01	14	7560	卖盘
11:27:57	5.41	0.01	25	13525	买盘
11:27:51	5.4	--	12	6480	卖盘
11:27:48	5.4	--	23	12420	卖盘
11:27:45	5.4	--	143	77220	卖盘
11:27:42	5.4	--	8	4320	卖盘
11:27:39	5.4	--	10	5832	卖盘
11:27:36	5.4	--	2	1080	卖盘
11:27:33	5.4	--	9	4860	卖盘
11:27:30	5.4	--	22	12355	卖盘
11:27:21	5.4	--	8	4320	卖盘
11:27:18	5.4	-0.01	47	25380	卖盘
11:27:15	5.41	0.01	5	2705	买盘
11:27:12	5.4	--	12	6480	卖盘
11:27:06	5.4	-0.01	7	3780	卖盘
11:27:03	5.41	0.01	2	1082	买盘
11:27:00	5.4	--	7	3780	卖盘
11:26:57	5.4	--	8	4320	卖盘
11:26:54	5.4	--	13	7020	卖盘
11:26:51	5.4	--	7	3780	卖盘
11:26:48	5.4	--	10	5400	卖盘
11:26:45	5.4	--	209	112860	卖盘
11:26:42	5.4	--	7	3780	卖盘
11:26:36	5.4	-0.01	7	3780	卖盘
11:26:33	5.41	0.01	4	2164	买盘
11:26:30	5.4	--	27	14580	卖盘
11:26:24	5.4	--	20	10800	卖盘
11:26:15	5.4	--	40	21600	卖盘
11:26:12	5.4	-0.01	16	8640	卖盘
11:26:06	5.41	0.01	101	54641	买盘
11:26:03	5.4	--	235	126900	卖盘
11:26:00	5.4	-0.01	7	3780	卖盘
11:25:57	5.41	--	6	3246	买盘
11:25:54	5.41	0.01	87	47067	买盘
11:25:51	5.4	--	34	18360	卖盘
11:25:48	5.4	--	5	2700	卖盘
11:25:45	5.4	--	20	10800	卖盘
11:25:39	5.4	--	58	31320	卖盘
11:25:33	5.4	-0.01	10	5400	中性盘
11:25:30	5.41	0.02	15	8115	买盘
11:25:27	5.39	-0.01	88	47432	卖盘
11:25:24	5.4	--	120	64800	卖盘
11:25:21	5.4	--	19	10260	卖盘
11:25:18	5.4	--	8	4320	卖盘
11:25:12	5.4	0.01	450	243000	买盘
11:25:06	5.39	--	7	3773	卖盘
11:25:03	5.39	-0.01	40	21560	卖盘
11:25:00	5.4	--	24	12960	买盘
11:24:57	5.4	--	97	52380	买盘
11:24:51	5.4	--	59	31860	买盘
11:24:45	5.4	--	43	23220	买盘
11:24:42	5.4	--	215	116100	卖盘
11:24:39	5.4	--	5	2700	卖盘
11:24:33	5.4	--	46	24840	卖盘
11:24:30	5.4	-0.01	300	162000	卖盘
11:24:24	5.41	0.01	376	203416	买盘
11:24:21	5.4	-0.01	7	3780	卖盘
11:24:18	5.41	--	35	18935	买盘
11:24:15	5.41	0.01	159	86019	买盘
11:24:12	5.4	-0.02	2042	1102680	卖盘
11:24:09	5.42	0.01	100	54200	买盘
11:24:06	5.41	-0.01	22	11902	卖盘
11:24:03	5.42	0.01	50	27100	买盘
11:24:00	5.41	-0.01	17	9197	卖盘
11:23:57	5.42	--	50	27100	买盘
11:23:51	5.42	0.01	12	6504	买盘
11:23:48	5.41	--	23	12443	买盘
11:23:45	5.41	--	2	1082	卖盘
11:23:42	5.41	--	231	124971	买盘
11:23:39	5.41	0.01	91	49231	买盘
11:23:36	5.4	-0.01	77	41580	卖盘
11:23:33	5.41	0.01	111	60051	买盘
11:23:27	5.4	--	7	3780	卖盘
11:23:21	5.4	--	20	10800	卖盘
11:23:18	5.4	--	5	2700	卖盘
11:23:15	5.4	--	24	12960	买盘
11:23:12	5.4	--	140	75600	买盘
11:23:06	5.4	--	28	15120	买盘
11:23:03	5.4	--	70	37800	买盘
11:23:00	5.4	--	92	49680	买盘
11:22:57	5.4	--	50	27000	买盘
11:22:54	5.4	--	1543	833220	买盘
11:22:51	5.4	0.01	121	65340	买盘
11:22:42	5.39	--	1697	914683	买盘
11:22:39	5.39	0.01	10	5390	买盘
11:22:33	5.38	-0.01	6	3228	卖盘
11:22:30	5.39	--	15	8084	买盘
11:22:27	5.39	--	67	36113	买盘
11:22:24	5.39	--	66	35574	买盘
11:22:21	5.39	0.01	43	23177	买盘
11:22:09	5.38	--	56	30128	卖盘
11:22:03	5.38	--	3	1614	卖盘
11:21:57	5.38	--	88	47344	卖盘
11:21:48	5.38	--	17	9146	卖盘
11:21:42	5.38	--	699	376578	买盘
11:21:36	5.38	--	27	14526	买盘
11:21:30	5.38	0.01	50	26900	买盘
11:21:27	5.37	-0.01	14	7518	卖盘
11:21:12	5.38	--	39	20982	买盘
11:21:09	5.38	--	6	3228	买盘
11:21:06	5.38	0.01	9	4842	买盘
11:21:00	5.37	-0.01	42	22554	卖盘
11:20:57	5.38	--	5	2690	买盘
11:20:54	5.38	--	100	53800	买盘
11:20:51	5.38	--	200	107600	买盘
11:20:12	5.38	--	10	5380	买盘
11:20:06	5.38	0.01	20	10760	买盘
11:20:03	5.37	-0.01	9	4833	卖盘
11:20:00	5.38	--	109	58642	买盘
11:19:51	5.38	0.01	2	1076	买盘
11:19:36	5.37	--	104	56277	买盘
11:19:30	5.37	--	34	18258	买盘
11:19:27	5.37	--	250	134250	买盘
11:19:21	5.37	--	160	85920	买盘
11:19:18	5.37	0.01	60	32220	买盘
11:19:12	5.36	-0.01	10	5365	卖盘
11:19:09	5.37	--	3300	1772100	买盘
11:18:54	5.37	0.01	3	1611	买盘
11:18:51	5.36	-0.01	58	31088	卖盘
11:18:48	5.37	--	20	10740	买盘
11:18:42	5.37	--	7	3759	买盘
11:18:39	5.37	0.01	100	53700	买盘
11:18:33	5.36	--	40	21440	卖盘
11:18:30	5.36	-0.01	82	43952	卖盘
11:18:18	5.37	0.01	10	5370	买盘
11:18:06	5.36	--	100	53600	卖盘
11:18:03	5.36	-0.01	15	8040	卖盘
11:17:51	5.37	0.01	2	1074	买盘
11:17:45	5.36	-0.01	223	119528	卖盘
11:17:36	5.37	--	30	16110	买盘
11:17:18	5.37	--	6	3222	买盘
11:17:09	5.37	0.01	200	107400	买盘
11:17:06	5.36	--	87	46632	卖盘
11:17:00	5.36	-0.01	9	4824	卖盘
11:16:57	5.37	--	3	1611	买盘
11:16:54	5.37	--	20	10740	买盘
11:16:51	5.37	0.01	2	1074	买盘
11:16:48	5.36	--	27	14472	卖盘
11:16:33	5.36	-0.01	61	32696	卖盘
11:16:30	5.37	0.01	10	5370	买盘
11:16:21	5.36	-0.01	37	19832	卖盘
11:16:18	5.37	--	159	85383	买盘
11:16:15	5.37	--	50	26850	买盘
11:16:09	5.37	--	85	45645	买盘
11:16:00	5.37	0.01	11	5907	买盘
11:15:36	5.36	-0.01	500	268000	卖盘
11:15:33	5.37	--	200	107400	买盘
11:15:27	5.37	--	2	1074	买盘
11:15:24	5.37	0.01	13	6981	买盘
11:15:03	5.36	--	6	3216	卖盘
11:15:00	5.36	--	3	1715	卖盘
11:14:48	5.36	-0.01	42	22512	卖盘
11:14:45	5.37	0.01	3	1611	买盘
11:14:33	5.36	-0.01	5	2680	卖盘
11:14:30	5.37	--	40	21480	买盘
11:14:27	5.37	--	137	73569	买盘
11:14:24	5.37	--	30	16110	买盘
11:14:18	5.37	0.01	20	10740	买盘
11:14:12	5.36	--	25	13400	卖盘
11:14:03	5.36	-0.01	20	10720	卖盘
11:13:57	5.37	--	12	6444	买盘
11:13:54	5.37	--	512	274944	买盘
11:13:51	5.37	--	50	26850	买盘
11:13:33	5.37	0.01	10	5370	买盘
11:13:30	5.36	-0.01	30	16080	卖盘
11:13:27	5.37	0.01	70	37590	买盘
11:13:24	5.36	--	41	21976	卖盘
11:13:09	5.36	--	55	29480	卖盘
11:12:54	5.36	-0.01	10	5360	卖盘
11:12:51	5.37	--	150	80550	买盘
11:12:48	5.37	0.01	2	1074	买盘
11:12:21	5.36	--	22	11792	卖盘
11:12:09	5.36	-0.01	150	80400	卖盘
11:11:48	5.37	--	1	537	买盘
11:11:24	5.37	--	10	5370	买盘
11:11:21	5.37	0.01	16	8592	买盘
11:11:15	5.36	--	182	97552	卖盘
11:11:03	5.36	-0.01	1	536	卖盘
11:11:00	5.37	--	2	1074	买盘
11:10:51	5.37	0.01	20	10740	买盘
11:10:48	5.36	-0.01	50	26800	卖盘
11:10:42	5.37	0.01	200	107400	买盘
11:10:39	5.36	-0.01	19	10184	卖盘
11:10:33	5.37	0.01	40	21480	买盘
11:10:30	5.36	-0.01	10	5360	卖盘
11:10:27	5.37	--	18	9666	买盘
11:10:21	5.37	--	20	10740	买盘
11:10:18	5.37	0.01	13	6981	买盘
11:10:06	5.36	-0.01	60	32160	卖盘
11:10:00	5.37	--	10	5370	买盘
11:09:54	5.37	0.01	60	32220	买盘
11:09:45	5.36	-0.01	5	2680	卖盘
11:09:24	5.37	--	50	26850	买盘
11:08:57	5.37	--	50	26850	买盘
11:08:51	5.37	--	18	9666	买盘
11:08:45	5.37	--	44	23628	买盘
11:08:42	5.37	--	2	1074	买盘
11:08:39	5.37	--	7	3818	卖盘
11:08:30	5.37	-0.01	81	43497	卖盘
11:08:27	5.38	0.01	145	78010	买盘
11:08:18	5.37	-0.01	305	163785	卖盘
11:08:09	5.38	--	10	5380	买盘
11:08:06	5.38	0.01	126	67895	买盘
11:07:57	5.37	-0.01	200	107400	卖盘
11:07:45	5.38	--	2	1076	买盘
11:07:42	5.38	--	31	16678	买盘
11:07:33	5.38	0.01	2	1076	买盘
11:07:30	5.37	-0.01	143	76791	卖盘
11:07:24	5.38	0.01	20	10760	买盘
11:07:18	5.37	--	5	2685	卖盘
11:07:15	5.37	-0.01	5	2685	卖盘
11:07:12	5.38	0.01	3	1614	买盘
11:07:06	5.37	--	54	28998	卖盘
11:07:03	5.37	--	550	295350	卖盘
11:06:57	5.37	-0.01	168	90216	卖盘
11:06:54	5.38	--	70	37660	买盘
11:06:48	5.38	0.01	202	108676	买盘
11:06:39	5.37	-0.01	36	19332	卖盘
11:06:33	5.38	--	47	25286	买盘
11:06:15	5.38	--	93	50034	买盘
11:06:03	5.38	--	92	49496	买盘
11:06:00	5.38	--	522	280836	买盘
11:05:51	5.38	--	502	270076	买盘
11:05:30	5.38	0.01	68	36584	买盘
11:05:27	5.37	--	5	2685	卖盘
11:05:21	5.37	--	100	53700	卖盘
11:05:15	5.37	--	896	481522	买盘
11:05:12	5.37	--	57	30609	买盘
11:05:09	5.37	--	2	1074	买盘
11:05:06	5.37	--	65	34905	买盘
11:05:00	5.37	--	120	64440	买盘
11:04:57	5.37	--	106	56922	买盘
11:04:54	5.37	0.01	12	6444	买盘
11:04:45	5.36	-0.01	46	24656	卖盘
11:04:39	5.37	0.01	1	537	买盘
11:04:24	5.36	--	6	3216	卖盘
11:04:15	5.36	-0.01	33	17688	卖盘
11:04:09	5.37	0.01	5	2685	买盘
11:03:57	5.36	-0.01	9	4824	卖盘
11:03:51	5.37	--	42	22554	买盘
11:03:48	5.37	--	64	34368	买盘
11:03:42	5.37	--	2	1074	买盘
11:03:39	5.37	--	21	11277	买盘
11:03:36	5.37	0.01	10	5370	买盘
11:03:27	5.36	--	3	1608	卖盘
11:03:18	5.36	-0.01	100	53600	卖盘
11:03:15	5.37	--	62	33294	买盘
11:03:12	5.37	--	124	66588	买盘
11:03:09	5.37	--	69	37053	买盘
11:03:06	5.37	--	2	1074	买盘
11:03:03	5.37	0.01	20	10740	买盘
11:02:54	5.36	-0.01	104	55744	卖盘
11:02:45	5.37	0.01	502	269574	买盘
11:02:42	5.36	-0.01	6	3216	卖盘
11:02:39	5.37	--	40	21480	买盘
11:02:30	5.37	0.01	41	22017	买盘
11:02:27	5.36	-0.01	101	54136	卖盘
11:02:24	5.37	--	10	5370	买盘
11:02:12	5.37	--	200	107400	买盘
11:02:06	5.37	--	30	16110	买盘
11:02:00	5.37	--	66	35442	买盘
11:01:54	5.37	--	93	49941	买盘
11:01:51	5.37	--	51	27387	买盘
11:01:42	5.37	--	197	105789	买盘
11:01:36	5.37	--	639	343143	买盘
11:01:27	5.37	--	100	53700	买盘
11:01:24	5.37	--	10	5370	买盘
11:01:21	5.37	--	21	11277	买盘
11:01:12	5.37	--	50	26850	买盘
11:01:06	5.37	--	281	150897	买盘
11:00:57	5.37	0.01	22	11814	买盘
11:00:54	5.36	-0.01	10	5360	卖盘
11:00:51	5.37	--	1	537	买盘
11:00:48	5.37	--	2	1074	买盘
11:00:36	5.37	0.01	50	26850	买盘
11:00:24	5.36	--	20	10720	卖盘
11:00:21	5.36	--	4	2144	卖盘
11:00:00	5.36	-0.01	55	29480	卖盘
10:59:57	5.37	0.01	72	38664	买盘
10:59:48	5.36	--	8	4288	卖盘
10:59:45	5.36	--	93	49848	卖盘
10:59:42	5.36	--	8	4288	卖盘
10:59:36	5.36	--	60	32160	卖盘
10:59:09	5.36	-0.01	3	1608	卖盘
10:59:00	5.37	0.01	12	6444	买盘
10:58:54	5.36	--	5	2680	卖盘
10:58:51	5.36	--	7	3752	卖盘
10:58:45	5.36	--	81	43416	卖盘
10:58:42	5.36	-0.01	198	106128	卖盘
10:58:36	5.37	--	300	161100	买盘
10:58:30	5.37	--	10	5370	买盘
10:58:24	5.37	--	30	16110	买盘
10:57:48	5.37	0.01	2	1074	买盘
10:57:42	5.36	--	5	2680	卖盘
10:57:39	5.36	--	305	163480	卖盘
10:57:12	5.36	-0.01	2	1072	卖盘
10:57:00	5.37	--	10	5370	买盘
10:56:57	5.37	--	100	53700	买盘
10:56:54	5.37	0.01	4	2148	买盘
10:56:42	5.36	--	4	2144	卖盘
10:56:36	5.36	--	8	4288	卖盘
10:56:24	5.36	--	357	191352	买盘
10:56:21	5.36	--	55	29480	买盘
10:56:18	5.36	0.01	22	11792	买盘
10:56:12	5.35	--	50	26750	卖盘
10:56:09	5.35	-0.01	27	14444	卖盘
10:56:06	5.36	--	8	4288	买盘
10:56:00	5.36	--	110	58960	买盘
10:55:57	5.36	--	78	41808	买盘
10:55:54	5.36	0.01	4	2144	买盘
10:55:48	5.35	-0.01	11	5885	卖盘
10:55:36	5.36	0.01	8	4288	买盘
10:55:12	5.35	-0.01	10	5350	卖盘
10:55:06	5.36	--	17	9112	买盘
10:55:03	5.36	--	10	5360	买盘
10:54:51	5.36	--	1	536	买盘
10:54:48	5.36	--	5	2680	买盘
10:54:45	5.36	--	18	9648	买盘
10:54:33	5.36	--	31	16616	买盘
10:54:27	5.36	--	15	8040	买盘
10:54:24	5.36	--	413	221368	买盘
10:54:18	5.36	0.01	100	53600	买盘
10:54:06	5.35	-0.01	26	13909	卖盘
10:54:00	5.36	0.01	10	5360	买盘
10:53:51	5.35	--	51	27285	卖盘
10:53:42	5.35	-0.01	114	60989	卖盘
10:53:33	5.36	-0.01	52	27872	卖盘
10:53:18	5.37	--	68	36516	买盘
10:53:12	5.37	0.01	10	5370	买盘
10:53:09	5.36	-0.01	80	42880	卖盘
10:53:06	5.37	0.01	54	28998	买盘
10:53:00	5.36	--	100	53600	卖盘
10:52:54	5.36	-0.01	18	9648	卖盘
10:52:51	5.37	0.01	11	5907	买盘
10:52:42	5.36	0.01	22	11792	买盘
10:52:39	5.35	-0.01	200	107000	卖盘
10:52:36	5.36	--	18	9648	买盘
10:52:27	5.36	--	200	107200	买盘
10:52:24	5.36	--	50	26800	买盘
10:52:21	5.36	0.01	37	19832	买盘
10:52:15	5.35	-0.01	51	27285	卖盘
10:52:12	5.36	--	10	5360	买盘
10:52:03	5.36	--	255	136680	买盘
10:52:00	5.36	--	1	536	买盘
10:51:57	5.36	--	40	21440	买盘
10:51:54	5.36	-0.01	145	77720	卖盘
10:51:51	5.37	0.01	1	537	买盘
10:51:48	5.36	--	10	5360	卖盘
10:51:45	5.36	--	31	16616	中性盘
10:51:42	5.36	--	20	10720	卖盘
10:51:36	5.36	--	235	126388	卖盘
10:51:24	5.36	--	40	21440	卖盘
10:51:21	5.36	--	10	5360	卖盘
10:51:18	5.36	--	220	117920	卖盘
10:51:15	5.36	--	600	321600	卖盘
10:50:57	5.36	--	104	55744	卖盘
10:50:54	5.36	--	624	334464	卖盘
10:50:51	5.36	-0.01	237	127032	卖盘
10:50:48	5.37	0.01	2	1074	买盘
10:50:45	5.36	--	176	94336	卖盘
10:50:42	5.36	--	10	5360	卖盘
10:50:27	5.36	-0.01	110	58960	卖盘
10:50:21	5.37	0.01	19	10203	买盘
10:50:15	5.36	--	29	15544	卖盘
10:50:12	5.36	--	100	53600	卖盘
10:50:09	5.36	--	30	16080	卖盘
10:50:06	5.36	--	1242	665712	卖盘
10:49:54	5.36	-0.01	4	2144	卖盘
10:49:51	5.37	0.01	12	6444	买盘
10:49:42	5.36	--	50	26800	卖盘
10:49:39	5.36	-0.01	101	54136	卖盘
10:49:27	5.37	--	21	11277	买盘
10:49:21	5.37	--	100	53700	买盘
10:49:18	5.37	0.01	61	32757	买盘
10:49:15	5.36	--	30	16080	卖盘
10:49:06	5.36	-0.01	30	16080	卖盘
10:49:03	5.37	--	12	6444	买盘
10:49:00	5.37	--	93	49941	买盘
10:48:57	5.37	0.01	36	19332	买盘
10:48:54	5.36	-0.01	103	55208	卖盘
10:48:45	5.37	0.01	2	1074	买盘
10:48:27	5.36	-0.01	91	48776	卖盘
10:48:24	5.37	0.01	20	10740	买盘
10:48:00	5.36	--	6	3216	卖盘
10:47:57	5.36	--	10	5360	卖盘
10:47:54	5.36	--	1	536	卖盘
10:47:51	5.36	-0.01	2	1072	卖盘
10:47:48	5.37	--	18	9666	买盘
10:47:45	5.37	--	6	3222	买盘
10:47:42	5.37	--	10	5370	买盘
10:47:39	5.37	--	84	45108	买盘
10:47:36	5.37	0.01	20	10740	买盘
10:47:27	5.36	-0.01	14	7504	卖盘
10:47:21	5.37	0.01	10	5370	买盘
10:47:18	5.36	--	38	20475	卖盘
10:47:09	5.36	--	7	3752	卖盘
10:47:06	5.36	-0.01	1	536	卖盘
10:47:03	5.37	--	5	2685	买盘
10:47:00	5.37	--	1	537	买盘
10:46:57	5.37	--	9	4833	买盘
10:46:51	5.37	--	20	10740	买盘
10:46:48	5.37	--	84	45108	买盘
10:46:42	5.37	--	10	5370	买盘
10:46:36	5.37	0.01	95	51015	买盘
10:46:33	5.36	--	30	16080	卖盘
10:46:27	5.36	--	1	536	卖盘
10:46:24	5.36	-0.01	5	2680	卖盘
10:46:09	5.37	--	82	44034	买盘
10:46:06	5.37	0.01	10	5370	买盘
10:45:57	5.36	-0.01	55	29480	卖盘
10:45:54	5.37	--	7	3759	买盘
10:45:48	5.37	0.01	2	1074	买盘
10:45:45	5.36	--	41	21976	卖盘
10:45:39	5.36	--	27	14472	卖盘
10:45:33	5.36	-0.01	5	2680	卖盘
10:45:30	5.37	--	77	41349	卖盘
10:45:24	5.37	--	40	21480	卖盘
10:45:21	5.37	--	17	9129	卖盘
10:45:18	5.37	--	195	104715	卖盘
10:45:15	5.37	--	20	10740	卖盘
10:45:06	5.37	--	60	32220	卖盘
10:45:03	5.37	--	12	6444	卖盘
10:45:00	5.37	--	1	537	卖盘
10:44:57	5.37	--	84	45108	买盘
10:44:45	5.37	--	2	1074	买盘
10:44:36	5.37	--	51	27387	买盘
10:44:33	5.37	--	200	107400	买盘
10:44:24	5.37	--	10	5370	买盘
10:44:21	5.37	0.01	465	249705	买盘
10:44:18	5.36	--	2	1072	卖盘
10:44:15	5.36	--	65	34840	卖盘
10:44:06	5.36	-0.01	13	6968	卖盘
10:44:03	5.37	--	303	162711	买盘
10:43:48	5.37	0.01	2	1074	买盘
10:43:42	5.36	-0.01	11	5896	卖盘
10:43:33	5.37	--	31	16647	买盘
10:43:30	5.37	--	5	2685	买盘
10:43:21	5.37	--	356	191172	买盘
10:43:06	5.37	--	1207	648373	卖盘
10:42:57	5.37	--	30	16110	卖盘
10:42:54	5.37	-0.01	22	11814	卖盘
10:42:48	5.38	0.01	23	12374	买盘
10:42:45	5.37	-0.01	20	10740	卖盘
10:42:42	5.38	--	2	1076	买盘
10:42:39	5.38	--	10	5380	买盘
10:42:36	5.38	0.01	17	9146	买盘
10:42:33	5.37	-0.01	63	33831	卖盘
10:42:24	5.38	0.01	3	1614	买盘
10:42:21	5.37	-0.01	15	8055	卖盘
10:42:12	5.38	--	20	10760	买盘
10:42:06	5.38	--	6	3228	买盘
10:42:03	5.38	--	40	21520	买盘
10:41:51	5.38	--	1	538	买盘
10:41:39	5.38	--	10	5380	买盘
10:41:36	5.38	0.01	95	51110	买盘
10:41:33	5.37	--	4	2148	卖盘
10:41:30	5.37	--	3	1611	卖盘
10:41:27	5.37	--	20	10740	卖盘
10:41:24	5.37	--	5	2685	卖盘
10:41:21	5.37	--	25	13425	卖盘
10:41:18	5.37	--	91	48867	卖盘
10:41:06	5.37	--	13	7303	买盘
10:41:00	5.37	--	370	198690	买盘
10:40:54	5.37	--	17	9129	买盘
10:40:39	5.37	--	2	1074	买盘
10:40:30	5.37	--	73	39201	买盘
10:40:27	5.37	--	20	10740	买盘
10:40:24	5.37	--	35	18795	买盘
10:40:21	5.37	--	50	26850	买盘
10:40:15	5.37	0.01	9	4833	买盘
10:40:03	5.36	-0.01	10	5360	卖盘
10:40:00	5.37	--	35	18795	买盘
10:39:57	5.37	--	66	35442	买盘
10:39:51	5.37	--	37	19869	买盘
10:39:45	5.37	--	50	26850	买盘
10:39:42	5.37	--	5	2685	买盘
10:39:36	5.37	--	14	7518	买盘
10:39:30	5.37	0.01	5	2685	买盘
10:39:27	5.36	-0.01	500	268000	卖盘
10:39:12	5.37	--	13	6981	买盘
10:39:09	5.37	--	12	6444	买盘
10:39:06	5.37	--	20	10740	买盘
10:39:03	5.37	0.01	5	2685	买盘
10:39:00	5.36	--	81	43416	卖盘
10:38:57	5.36	-0.01	5	2680	卖盘
10:38:54	5.37	--	32	17184	买盘
10:38:51	5.37	0.01	14	7518	买盘
10:38:48	5.36	-0.01	23	12328	卖盘
10:38:42	5.37	--	38	20406	买盘
10:38:39	5.37	--	14	7518	买盘
10:38:36	5.37	0.01	2	1074	买盘
10:38:30	5.36	-0.01	7	3752	卖盘
10:38:27	5.37	--	1655	888735	买盘
10:38:09	5.37	--	16	8592	买盘
10:37:57	5.37	0.01	50	26850	买盘
10:37:51	5.36	-0.01	50	26800	卖盘
10:37:45	5.37	0.01	2	1074	买盘
10:37:36	5.36	--	10	5360	卖盘
10:37:30	5.36	-0.01	40	21440	卖盘
10:37:27	5.37	0.01	102	54774	买盘
10:37:18	5.36	-0.01	20	10720	卖盘
10:37:12	5.37	--	30	16110	买盘
10:37:09	5.37	0.01	2	1074	买盘
10:37:06	5.36	-0.01	5	2680	卖盘
10:36:42	5.37	--	11	5907	买盘
10:36:36	5.37	--	50	26850	买盘
10:36:06	5.37	0.01	100	53700	买盘
10:35:51	5.36	--	6	3216	卖盘
10:35:48	5.36	-0.01	30	16080	卖盘
10:35:42	5.37	--	2	1074	买盘
10:35:24	5.37	0.01	22	11814	买盘
10:35:18	5.36	--	27	14472	卖盘
10:35:03	5.36	--	5	2680	卖盘
10:34:48	5.36	-0.01	2	1072	卖盘
10:34:42	5.37	0.01	2	1074	买盘
10:34:27	5.36	--	10	5360	卖盘
10:34:24	5.36	-0.01	95	50920	卖盘
10:34:15	5.37	--	30	16110	买盘
10:34:12	5.37	--	3	1611	买盘
10:34:06	5.37	0.01	78	41886	买盘
10:34:03	5.36	--	1	536	卖盘
10:33:39	5.36	-0.01	6	3216	卖盘
10:33:36	5.37	0.01	2	1074	买盘
10:33:18	5.36	-0.01	50	26800	卖盘
10:33:12	5.37	--	1	537	买盘
10:32:48	5.37	--	118	63366	卖盘
10:32:45	5.37	--	539	289443	买盘
10:32:42	5.37	0.01	2	1074	买盘
10:32:33	5.36	--	20	10720	卖盘
10:32:24	5.36	--	10	5360	卖盘
10:32:21	5.36	-0.01	2	1072	卖盘
10:32:06	5.37	--	21	11277	买盘
10:32:03	5.37	--	26	13962	卖盘
10:32:00	5.37	--	61	32757	卖盘
10:31:48	5.37	--	10	5370	卖盘
10:31:45	5.37	--	10	5370	买盘
10:31:42	5.37	--	74	39738	买盘
10:31:36	5.37	--	1	537	买盘
10:31:33	5.37	0.01	1	537	买盘
10:31:30	5.36	-0.01	1	536	卖盘
10:31:24	5.37	--	10	5370	买盘
10:31:21	5.37	--	7	3759	买盘
10:31:18	5.37	--	169	90753	买盘
10:31:12	5.37	--	200	107400	买盘
10:31:03	5.37	--	10	5370	买盘
10:31:00	5.37	--	10	5370	买盘
10:30:57	5.37	--	80	42960	买盘
10:30:54	5.37	0.01	20	10740	买盘
10:30:48	5.36	-0.01	191	102376	卖盘
10:30:45	5.37	0.01	136	73032	买盘
10:30:39	5.36	--	29	15544	卖盘
10:30:33	5.36	--	100	53600	卖盘
10:30:12	5.36	--	300	160800	卖盘
10:30:03	5.36	-0.01	9	4824	卖盘
10:30:00	5.37	0.01	10	5370	买盘
10:29:51	5.36	--	4	2144	卖盘
10:29:45	5.36	-0.01	50	26800	卖盘
10:29:42	5.37	0.01	27	14499	买盘
10:29:27	5.36	-0.01	60	32160	卖盘
10:29:21	5.37	--	38	20406	买盘
10:29:18	5.37	0.01	10	5370	买盘
10:29:15	5.36	--	81	43416	卖盘
10:29:12	5.36	-0.01	200	107200	卖盘
10:29:09	5.37	0.01	1	537	买盘
10:28:54	5.36	-0.01	49	26264	卖盘
10:28:48	5.37	--	9	4833	买盘
10:28:42	5.37	0.01	2	1074	买盘
10:28:39	5.36	--	126	67536	卖盘
10:28:30	5.36	-0.01	100	53600	卖盘
10:28:24	5.37	0.01	8	4296	买盘
10:28:21	5.36	-0.01	50	26800	卖盘
10:28:06	5.37	0.01	37	19869	买盘
10:27:57	5.36	-0.01	169	90584	卖盘
10:27:54	5.37	0.01	5	2685	买盘
10:27:48	5.36	-0.01	1	536	卖盘
10:27:45	5.37	0.01	2	1074	买盘
10:27:39	5.36	--	149	79864	买盘
10:27:27	5.36	-0.01	181	97016	卖盘
10:27:21	5.37	0.01	50	26850	买盘
10:27:12	5.36	--	116	62176	买盘
10:27:09	5.36	--	1	536	买盘
10:26:57	5.36	0.01	50	26800	买盘
10:26:45	5.35	-0.01	5	2675	卖盘
10:26:42	5.36	--	12	6432	买盘
10:26:30	5.36	--	1	536	卖盘
10:26:27	5.36	--	9	4824	买盘
10:26:24	5.36	-0.01	5	2680	卖盘
10:26:18	5.37	0.01	50	26850	买盘
10:26:15	5.36	-0.01	2	1072	卖盘
10:26:03	5.37	0.01	48	25776	买盘
10:26:00	5.36	--	194	103984	卖盘
10:25:57	5.36	-0.01	20	10720	卖盘
10:25:51	5.37	--	60	32220	买盘
10:25:45	5.37	--	20	10740	买盘
10:25:33	5.37	0.01	2	1074	买盘
10:25:30	5.36	-0.02	5	2680	卖盘
10:25:27	5.38	0.02	35	18830	买盘
10:25:24	5.36	-0.01	25	13400	卖盘
10:25:21	5.37	--	94	50478	买盘
10:25:18	5.37	0.01	80	42960	买盘
10:25:15	5.36	--	1	536	卖盘
10:25:12	5.36	-0.01	50	26800	卖盘
10:24:54	5.37	0.02	310	166470	买盘
10:24:48	5.35	--	37	19795	卖盘
10:24:45	5.35	-0.02	70	37450	卖盘
10:24:42	5.37	0.02	74	39738	买盘
10:24:39	5.35	-0.02	26	13909	卖盘
10:24:36	5.37	--	2	1074	买盘
10:24:33	5.37	0.02	61	32891	买盘
10:24:30	5.35	--	102	54570	卖盘
10:24:21	5.35	-0.01	13	6954	卖盘
10:24:15	5.36	--	10	5360	买盘
10:24:12	5.36	--	10	5360	买盘
10:24:06	5.36	0.01	66	35376	买盘
10:24:00	5.35	-0.01	53	28354	卖盘
10:23:57	5.36	--	42	22512	买盘
10:23:54	5.36	--	52	27872	买盘
10:23:51	5.36	--	9	4824	买盘
10:23:36	5.36	--	2	1072	买盘
10:23:30	5.36	--	150	80400	买盘
10:23:27	5.36	--	50	26800	买盘
10:23:24	5.36	--	2	1072	买盘
10:23:21	5.36	--	916	490976	买盘
10:23:12	5.36	--	26	13936	买盘
10:23:06	5.36	0.02	145	77720	买盘
10:23:03	5.34	--	8	4272	卖盘
10:22:57	5.34	--	73	38982	卖盘
10:22:54	5.34	-0.02	15	8010	卖盘
10:22:48	5.36	--	100	53600	买盘
10:22:45	5.36	--	13	6968	买盘
10:22:42	5.36	--	580	310880	买盘
10:22:39	5.36	0.01	16	8576	买盘
10:22:36	5.35	-0.01	100	53500	卖盘
10:22:33	5.36	0.01	31	16616	买盘
10:22:30	5.35	-0.01	8	4280	卖盘
10:22:27	5.36	--	100	53600	买盘
10:22:24	5.36	--	128	68608	买盘
10:22:18	5.36	--	85	45560	买盘
10:22:15	5.36	--	64	34304	买盘
10:22:12	5.36	-0.01	1178	631408	卖盘
10:22:06	5.37	0.01	120	64440	中性盘
10:22:00	5.36	-0.01	279	149544	卖盘
10:21:57	5.37	--	60	32220	卖盘
10:21:54	5.37	0.01	25	13425	卖盘
10:21:51	5.36	-0.01	80	42880	卖盘
10:21:48	5.37	0.01	24	12888	买盘
10:21:45	5.36	--	100	53600	卖盘
10:21:42	5.36	-0.01	136	72896	卖盘
10:21:39	5.37	--	14	7518	买盘
10:21:36	5.37	--	128	68736	买盘
10:21:33	5.37	--	25	13425	买盘
10:21:30	5.37	--	10	5370	买盘
10:21:27	5.37	--	6	3222	买盘
10:21:24	5.37	0.01	20	10740	买盘
10:21:21	5.36	-0.02	8	4288	卖盘
10:21:12	5.38	--	110	59180	买盘
10:21:09	5.38	0.02	10	5380	买盘
10:21:03	5.36	-0.02	9	4824	卖盘
10:21:00	5.38	0.02	50	26900	买盘
10:20:57	5.36	-0.02	30	16080	卖盘
10:20:48	5.38	--	4	2152	买盘
10:20:45	5.38	-0.01	330	177540	中性盘
10:20:36	5.39	0.01	150	80850	买盘
10:20:33	5.38	--	328	176464	买盘
10:20:30	5.38	--	220	118360	卖盘
10:20:27	5.38	--	200	107600	卖盘
10:20:24	5.38	-0.01	20	10760	卖盘
10:20:21	5.39	0.01	39	21021	买盘
10:20:18	5.38	--	150	80700	买盘
10:20:15	5.38	--	622	334636	买盘
10:20:12	5.38	0.01	100	53800	买盘
10:20:09	5.37	-0.01	80	42960	卖盘
10:20:06	5.38	--	44	23672	买盘
10:20:03	5.38	--	87	46806	买盘
10:19:54	5.38	0.02	224	120512	买盘
10:19:48	5.36	--	20	10720	卖盘
10:19:45	5.36	--	32	17152	卖盘
10:19:42	5.36	--	397	212792	卖盘
10:19:33	5.36	--	812	435232	买盘
10:19:24	5.36	--	10	5360	买盘
10:19:15	5.36	--	290	155440	买盘
10:19:12	5.36	--	6	3216	买盘
10:19:09	5.36	--	24	12864	买盘
10:19:06	5.36	--	10	5360	买盘
10:19:03	5.36	--	52	27872	买盘
10:19:00	5.36	0.01	50	26800	买盘
10:18:57	5.35	--	101	54035	卖盘
10:18:54	5.35	-0.01	590	315650	卖盘
10:18:51	5.36	--	118	63248	买盘
10:18:48	5.36	--	43	23048	买盘
10:18:45	5.36	--	50	26800	买盘
10:18:30	5.36	--	2	1072	买盘
10:18:27	5.36	--	5	2680	买盘
10:18:24	5.36	0.01	235	125960	买盘
10:18:15	5.35	0.02	343	183505	买盘
10:18:12	5.33	-0.01	192	102336	卖盘
10:18:09	5.34	--	43	22962	买盘
10:18:00	5.34	--	40	21360	买盘
10:17:57	5.34	-0.01	10	5340	卖盘
10:17:54	5.35	--	20	10700	买盘
10:17:51	5.35	--	255	136425	买盘
10:17:48	5.35	--	20	10700	买盘
10:17:45	5.35	--	563	301205	买盘
10:17:39	5.35	--	2	1070	买盘
10:17:33	5.35	0.01	5	2675	买盘
10:17:30	5.34	--	619	330983	买盘
10:17:27	5.34	0.01	47	25098	买盘
10:17:18	5.33	-0.01	427	227591	卖盘
10:17:15	5.34	--	100	53400	买盘
10:17:09	5.34	--	31	16554	买盘
10:17:06	5.34	--	30	16020	买盘
10:16:54	5.34	--	13	6942	买盘
10:16:51	5.34	--	11	5874	买盘
10:16:42	5.34	--	5	2670	买盘
10:16:39	5.34	0.01	2	1068	买盘
10:16:33	5.33	--	10	5330	卖盘
10:16:27	5.33	--	5	2665	卖盘
10:16:15	5.33	--	3	1599	卖盘
10:16:09	5.33	--	57	30381	卖盘
10:16:06	5.33	--	70	37310	卖盘
10:15:51	5.33	--	25	13325	卖盘
10:15:48	5.33	--	50	26650	卖盘
10:15:45	5.33	--	2	1066	卖盘
10:15:42	5.33	--	106	56498	买盘
10:15:36	5.33	--	2	1066	买盘
10:15:33	5.33	0.01	11	5863	买盘
10:15:27	5.32	-0.01	12	6384	卖盘
10:15:24	5.33	--	54	28782	买盘
10:15:18	5.33	--	10	5330	买盘
10:15:12	5.33	--	391	208403	买盘
10:15:06	5.33	0.01	5	2665	买盘
10:15:03	5.32	-0.01	5	2660	卖盘
10:14:54	5.33	--	19	10127	卖盘
10:14:51	5.33	--	10	5330	卖盘
10:14:39	5.33	--	27	14391	卖盘
10:14:36	5.33	--	13	6929	买盘
10:14:33	5.33	--	27	14391	买盘
10:14:30	5.33	-0.01	20	10660	卖盘
10:14:27	5.34	0.01	45	24030	买盘
10:14:18	5.33	0.01	50	26650	买盘
10:14:15	5.32	--	63	33516	卖盘
10:14:06	5.32	--	60	31920	买盘
10:14:03	5.32	--	61	32452	买盘
10:14:00	5.32	--	673	358036	买盘
10:13:57	5.32	--	432	229824	买盘
10:13:54	5.32	--	36	19152	买盘
10:13:51	5.32	--	102	54264	买盘
10:13:45	5.32	--	80	42560	买盘
10:13:42	5.32	-0.02	1521	809172	卖盘
10:13:39	5.34	0.01	11	5874	买盘
10:13:33	5.33	--	2	1066	卖盘
10:13:27	5.33	-0.01	33	17589	卖盘
10:13:24	5.34	0.01	43	22962	买盘
10:13:21	5.33	-0.01	10	5330	卖盘
10:13:15	5.34	0.01	41	21894	买盘
10:13:03	5.33	0.01	26	13858	中性盘
10:12:57	5.32	-0.02	73	38836	卖盘
10:12:54	5.34	0.01	16	8544	买盘
10:12:48	5.33	--	5	2665	买盘
10:12:39	5.33	--	74	39442	买盘
10:12:36	5.33	-0.01	233	124189	卖盘
10:12:33	5.34	--	172	91848	买盘
10:12:27	5.34	--	20	10680	买盘
10:12:12	5.34	0.01	93	49662	买盘
10:12:09	5.33	--	30	15990	买盘
10:12:00	5.33	--	11	5863	买盘
10:11:57	5.33	--	70	37310	买盘
10:11:51	5.33	0.01	16	8528	买盘
10:11:42	5.32	-0.01	113	60116	卖盘
10:11:36	5.33	--	2	1066	买盘
10:11:30	5.33	--	2	1066	买盘
10:11:27	5.33	--	10	5330	买盘
10:11:21	5.33	--	5	2665	买盘
10:11:09	5.33	--	13	6929	买盘
10:11:06	5.33	--	10	5330	买盘
10:11:03	5.33	--	181	96473	买盘
10:10:51	5.33	--	19	10127	买盘
10:10:42	5.33	--	141	75153	买盘
10:10:36	5.33	0.01	2	1066	买盘
10:10:27	5.32	-0.01	81	43092	卖盘
10:10:24	5.33	--	8	4264	买盘
10:10:15	5.33	0.01	20	10660	买盘
10:10:12	5.32	-0.01	20	10640	卖盘
10:10:09	5.33	0.01	11	5863	买盘
10:10:03	5.32	-0.01	54	28728	卖盘
10:09:57	5.33	0.01	10	5330	买盘
10:09:54	5.32	-0.01	59	31388	卖盘
10:09:39	5.33	0.01	2	1066	买盘
10:09:36	5.32	--	5	2660	卖盘
10:09:33	5.32	0.01	66	35112	买盘
10:09:30	5.31	--	84	44604	卖盘
10:09:27	5.31	-0.01	60	31859	卖盘
10:09:21	5.32	--	31	16492	买盘
10:09:09	5.32	--	134	71288	买盘
10:09:06	5.32	0.01	52	27664	买盘
10:08:54	5.31	-0.01	50	26549	卖盘
10:08:48	5.32	--	20	10640	买盘
10:08:45	5.32	--	55	29260	买盘
10:08:42	5.32	0.01	60	31920	买盘
10:08:39	5.31	-0.01	50	26549	卖盘
10:08:30	5.32	0.01	2	1064	买盘
10:08:18	5.31	--	25	13274	卖盘
10:08:15	5.31	--	173	91863	卖盘
10:08:09	5.31	--	10	5310	卖盘
10:08:03	5.31	--	10	5310	卖盘
10:07:57	5.31	-0.01	73	38763	卖盘
10:07:54	5.32	0.01	42	22344	买盘
10:07:45	5.31	-0.01	5	2655	卖盘
10:07:36	5.32	0.01	50	26600	买盘
10:07:33	5.31	--	120	63719	卖盘
10:07:30	5.31	--	19	10089	卖盘
10:07:24	5.31	--	469	249251	买盘
10:07:21	5.31	--	58	30797	买盘
10:07:06	5.31	--	800	425113	卖盘
10:07:03	5.31	--	5	2655	卖盘
10:07:00	5.31	--	100	53099	卖盘
10:06:57	5.31	--	332	176292	卖盘
10:06:51	5.31	-0.01	111	58940	卖盘
10:06:48	5.32	0.01	285	151620	买盘
10:06:45	5.31	--	2	1062	卖盘
10:06:42	5.31	--	51	27080	卖盘
10:06:30	5.31	-0.01	117	62126	卖盘
10:06:27	5.32	--	2	1064	买盘
10:06:24	5.32	--	10	5320	买盘
10:06:21	5.32	0.01	40	21280	买盘
10:06:18	5.31	-0.01	185	98235	卖盘
10:06:06	5.32	--	50	26600	买盘
10:06:03	5.32	0.01	40	21280	买盘
10:05:57	5.31	-0.01	282	149742	卖盘
10:05:54	5.32	--	300	159600	买盘
10:05:51	5.32	--	155	82460	买盘
10:05:33	5.32	--	1851	985221	买盘
10:05:27	5.32	--	2	1064	买盘
10:05:24	5.32	0.01	29	15428	买盘
10:05:18	5.31	-0.01	15	7964	卖盘
10:05:15	5.32	0.01	150	79800	买盘
10:05:12	5.31	--	6	3185	卖盘
10:05:06	5.31	--	31	16461	卖盘
10:05:03	5.31	--	14	7433	卖盘
10:05:00	5.31	--	150	79650	卖盘
10:04:48	5.31	--	25	13274	卖盘
10:04:42	5.31	-0.01	24	12743	卖盘
10:04:39	5.32	--	1	532	买盘
10:04:36	5.32	0.01	2	1064	买盘
10:04:24	5.31	--	14	7433	卖盘
10:04:18	5.31	--	23	12213	卖盘
10:04:12	5.31	--	75	39825	卖盘
10:04:09	5.31	-0.01	27	14336	卖盘
10:04:06	5.32	0.01	31	16492	买盘
10:04:03	5.31	--	26	13805	卖盘
10:03:57	5.31	--	4	2384	卖盘
10:03:54	5.31	--	50	26549	卖盘
10:03:51	5.31	-0.01	41	21771	卖盘
10:03:45	5.32	--	26	13832	买盘
10:03:42	5.32	--	50	26600	买盘
10:03:39	5.32	--	52	27664	买盘
10:03:33	5.32	--	67	35644	买盘
10:03:30	5.32	--	10	5320	买盘
10:03:27	5.32	--	17	9044	买盘
10:03:24	5.32	--	10	5320	买盘
10:03:21	5.32	--	100	53200	买盘
10:03:18	5.32	--	5	2660	买盘
10:03:15	5.32	--	20	10640	买盘
10:03:12	5.32	--	367	195669	卖盘
10:03:09	5.32	--	5	2660	卖盘
10:02:57	5.32	--	73	38836	卖盘
10:02:54	5.32	--	52	27664	卖盘
10:02:51	5.32	--	3	1596	卖盘
10:02:39	5.32	--	7	3724	卖盘
10:02:36	5.32	-0.01	13	6916	卖盘
10:02:33	5.33	--	1	533	买盘
10:02:30	5.33	0.01	50	26650	买盘
10:02:18	5.32	--	9	4788	卖盘
10:02:15	5.32	--	126	67032	卖盘
10:02:09	5.32	--	10	5320	卖盘
10:02:06	5.32	-0.01	10	5320	卖盘
10:02:03	5.33	0.01	10	5330	买盘
10:02:00	5.32	--	100	53200	卖盘
10:01:57	5.32	-0.01	31	16492	卖盘
10:01:51	5.33	--	12	6396	买盘
10:01:45	5.33	0.01	2	1066	买盘
10:01:42	5.32	-0.01	17	9044	卖盘
10:01:33	5.33	--	78	41574	买盘
10:01:30	5.33	--	50	26650	买盘
10:01:27	5.33	0.01	2	1066	买盘
10:01:24	5.32	-0.01	80	42560	卖盘
10:01:21	5.33	--	25	13325	买盘
10:01:18	5.33	0.01	168	89544	买盘
10:01:15	5.32	--	243	129276	卖盘
10:01:12	5.32	--	15	7980	卖盘
10:01:09	5.32	-0.01	40	21280	卖盘
10:01:06	5.33	0.01	50	26650	买盘
10:01:00	5.32	-0.01	33	17556	卖盘
10:00:57	5.33	0.01	10	5330	买盘
10:00:48	5.32	-0.01	10	5320	卖盘
10:00:45	5.33	0.01	88	46904	买盘
10:00:39	5.32	--	10	5320	卖盘
10:00:36	5.32	-0.01	50	26600	卖盘
10:00:30	5.33	--	52	27716	买盘
10:00:27	5.33	--	9	4797	买盘
10:00:12	5.33	--	500	266500	买盘
10:00:09	5.33	--	6	3198	卖盘
10:00:06	5.33	--	206	109798	卖盘
10:00:03	5.33	--	1180	628940	买盘
10:00:00	5.33	0.01	598	318734	买盘
09:59:57	5.32	-0.01	712	378784	卖盘
09:59:51	5.33	--	8	4264	卖盘
09:59:48	5.33	--	685	365105	买盘
09:59:45	5.33	0.01	859	457847	买盘
09:59:39	5.32	-0.01	75	39900	卖盘
09:59:36	5.33	0.01	108	57564	买盘
09:59:33	5.32	-0.01	1	532	卖盘
09:59:30	5.33	--	12	6396	买盘
09:59:27	5.33	--	132	70356	买盘
09:59:21	5.33	-0.01	194	103402	卖盘
09:59:18	5.34	0.01	646	344964	买盘
09:59:12	5.33	-0.01	5	2665	卖盘
09:58:57	5.34	0.01	10	5340	买盘
09:58:54	5.33	--	70	37310	卖盘
09:58:51	5.33	-0.01	141	75153	卖盘
09:58:48	5.34	0.01	39	20826	买盘
09:58:36	5.33	--	6	3198	卖盘
09:58:33	5.33	-0.01	61	32513	卖盘
09:58:27	5.34	--	2	1068	买盘
09:58:18	5.34	0.01	2	1068	买盘
09:58:15	5.33	--	50	26650	卖盘
09:58:12	5.33	-0.01	12	6396	卖盘
09:58:09	5.34	0.01	10	5340	买盘
09:58:06	5.33	--	6	3198	卖盘
09:57:57	5.33	--	73	38909	卖盘
09:57:54	5.33	--	69	36777	卖盘
09:57:51	5.33	-0.01	130	69290	卖盘
09:57:45	5.34	0.01	20	10680	买盘
09:57:36	5.33	-0.01	4	2132	卖盘
09:57:30	5.34	--	25	13350	买盘
09:57:27	5.34	0.01	2	1068	买盘
09:57:12	5.33	--	1	533	买盘
09:57:03	5.33	--	61	32513	中性盘
09:56:54	5.33	--	951	506883	卖盘
09:56:48	5.33	-0.01	1025	546325	卖盘
09:56:45	5.34	--	53	28302	买盘
09:56:42	5.34	0.01	115	61410	买盘
09:56:36	5.33	-0.01	5	2665	卖盘
09:56:33	5.34	--	2	1068	买盘
09:56:27	5.34	0.01	20	10680	买盘
09:56:24	5.33	--	10	5330	卖盘
09:56:21	5.33	--	59	31447	卖盘
09:56:15	5.33	-0.01	5	2665	卖盘
09:56:12	5.34	0.01	100	53400	买盘
09:56:09	5.33	-0.01	19	10127	卖盘
09:56:06	5.34	--	36	19224	买盘
09:56:03	5.34	0.01	95	50730	买盘
09:56:00	5.33	-0.01	32	17056	卖盘
09:55:57	5.34	--	100	53400	买盘
09:55:54	5.34	--	33	17622	买盘
09:55:51	5.34	--	95	50730	买盘
09:55:39	5.34	0.01	200	106800	买盘
09:55:33	5.33	-0.01	2	1066	卖盘
09:55:30	5.34	--	92	49128	买盘
09:55:21	5.34	0.01	40	21360	买盘
09:55:18	5.33	--	150	79950	卖盘
09:55:15	5.33	--	162	86346	卖盘
09:55:03	5.33	-0.01	147	78351	卖盘
09:55:00	5.34	--	10	5340	买盘
09:54:57	5.34	0.01	111	59274	买盘
09:54:54	5.33	-0.01	1000	533000	卖盘
09:54:51	5.34	--	71	37914	卖盘
09:54:48	5.34	0.01	51	27234	买盘
09:54:45	5.33	-0.01	235	125255	卖盘
09:54:42	5.34	--	450	240300	买盘
09:54:33	5.34	--	50	26700	买盘
09:54:30	5.34	0.01	2	1068	买盘
09:54:27	5.33	--	90	47970	卖盘
09:54:24	5.33	-0.01	1	533	卖盘
09:54:21	5.34	0.01	37	19758	买盘
09:54:12	5.33	--	21	11193	买盘
09:54:09	5.33	--	42	22386	买盘
09:54:06	5.33	--	242	128986	买盘
09:54:00	5.33	0.01	20	10660	买盘
09:53:54	5.32	-0.01	80	42560	卖盘
09:53:51	5.33	--	30	15990	买盘
09:53:48	5.33	0.01	155	82615	买盘
09:53:39	5.32	-0.01	27	14364	卖盘
09:53:30	5.33	--	66	35178	买盘
09:53:27	5.33	0.01	507	270231	买盘
09:53:21	5.32	--	1	532	卖盘
09:53:18	5.32	--	83	44156	卖盘
09:53:12	5.32	--	758	403362	买盘
09:53:09	5.32	--	425	226100	买盘
09:52:57	5.32	0.01	413	219716	买盘
09:52:54	5.31	--	92	48852	卖盘
09:52:39	5.31	--	25	13274	卖盘
09:52:36	5.31	-0.01	78	41418	卖盘
09:52:30	5.32	--	2	1064	买盘
09:52:24	5.32	0.01	13	6916	买盘
09:52:21	5.31	-0.01	5	2655	卖盘
09:52:18	5.32	--	50	26600	买盘
09:52:12	5.32	0.01	20	10640	买盘
09:52:09	5.31	-0.01	192	101951	卖盘
09:51:54	5.32	--	2	1064	买盘
09:51:42	5.32	--	140	74480	买盘
09:51:36	5.32	0.01	24	12768	买盘
09:51:30	5.31	--	9	4779	卖盘
09:51:27	5.31	-0.01	6	3185	卖盘
09:51:24	5.32	0.01	22	11704	买盘
09:51:21	5.31	-0.01	25	13274	卖盘
09:51:18	5.32	0.01	14	7448	买盘
09:51:12	5.31	--	28	14867	卖盘
09:51:03	5.31	-0.01	13	6902	卖盘
09:51:00	5.32	--	43	22876	买盘
09:50:54	5.32	--	4	2128	买盘
09:50:51	5.32	--	24	12768	买盘
09:50:48	5.32	0.01	3	1596	买盘
09:50:39	5.31	--	12	6371	卖盘
09:50:36	5.31	--	47	24956	卖盘
09:50:33	5.31	-0.01	68	36108	卖盘
09:50:30	5.32	--	24	12768	买盘
09:50:27	5.32	0.01	2	1064	买盘
09:50:24	5.31	--	116	61595	卖盘
09:50:21	5.31	--	7	3716	卖盘
09:50:18	5.31	--	5	2655	卖盘
09:50:15	5.31	--	62	32922	卖盘
09:50:09	5.31	-0.01	18	9558	卖盘
09:50:03	5.32	--	178	94696	买盘
09:49:57	5.32	--	59	31388	卖盘
09:49:54	5.32	--	35	18620	买盘
09:49:51	5.32	0.01	50	26600	买盘
09:49:45	5.31	-0.01	82	43542	卖盘
09:49:42	5.32	0.01	191	101612	买盘
09:49:39	5.31	--	40	21240	卖盘
09:49:36	5.31	-0.01	58	30797	卖盘
09:49:33	5.32	0.01	54	28728	买盘
09:49:30	5.31	--	24	12743	卖盘
09:49:27	5.31	--	10	5310	卖盘
09:49:24	5.31	--	9	4779	卖盘
09:49:21	5.31	--	11	5841	卖盘
09:49:12	5.31	--	192	101951	卖盘
09:49:09	5.31	0.01	775	411939	买盘
09:49:06	5.3	-0.01	66	34980	卖盘
09:49:03	5.31	--	200	106199	买盘
09:48:57	5.31	--	215	114164	买盘
09:48:54	5.31	0.01	10	5310	买盘
09:48:51	5.3	-0.01	67	35510	卖盘
09:48:48	5.31	--	30	15929	买盘
09:48:42	5.31	--	862	457838	卖盘
09:48:30	5.31	--	8	4248	卖盘
09:48:27	5.31	-0.01	450	238949	卖盘
09:48:24	5.32	--	2	1064	买盘
09:48:21	5.32	--	50	26600	买盘
09:48:12	5.32	--	3	1596	买盘
09:48:06	5.32	--	30	15960	买盘
09:48:03	5.32	0.01	63	33516	买盘
09:48:00	5.31	-0.01	15	7964	卖盘
09:47:57	5.32	--	131	69692	买盘
09:47:51	5.32	--	31	16492	买盘
09:47:48	5.32	0.01	20	10640	买盘
09:47:42	5.31	-0.01	81	43011	卖盘
09:47:36	5.32	--	40	21280	买盘
09:47:30	5.32	--	406	215992	买盘
09:47:27	5.32	--	2	1064	买盘
09:47:21	5.32	--	30	15960	买盘
09:47:18	5.32	--	1157	615524	买盘
09:47:15	5.32	0.01	204	108528	买盘
09:47:12	5.31	--	7	3716	卖盘
09:47:09	5.31	-0.01	71	37701	卖盘
09:47:06	5.32	0.01	9	4788	买盘
09:47:03	5.31	--	238	126377	卖盘
09:46:57	5.31	--	10	5310	卖盘
09:46:54	5.31	--	136	72216	卖盘
09:46:51	5.31	--	3	1592	卖盘
09:46:45	5.31	-0.01	2	1062	卖盘
09:46:39	5.32	0.01	184	98302	买盘
09:46:33	5.31	--	118	62657	买盘
09:46:30	5.31	--	30	15929	买盘
09:46:27	5.31	--	30	15929	买盘
09:46:24	5.31	--	1	531	买盘
09:46:18	5.31	--	200	106199	买盘
09:46:15	5.31	--	91	48321	买盘
09:46:12	5.31	--	90	47790	买盘
09:46:09	5.31	--	40	21240	买盘
09:46:06	5.31	--	10	5310	买盘
09:46:03	5.31	--	9	4779	买盘
09:46:00	5.31	--	100	53099	买盘
09:45:57	5.31	0.01	442	234701	买盘
09:45:54	5.3	-0.01	220	116600	卖盘
09:45:51	5.31	0.01	100	53099	买盘
09:45:45	5.3	-0.01	5	2650	卖盘
09:45:42	5.31	0.01	20	10620	买盘
09:45:39	5.3	-0.01	62	32860	卖盘
09:45:33	5.31	0.01	37	19647	买盘
09:45:30	5.3	-0.01	2174	1152220	卖盘
09:45:27	5.31	--	22	11682	买盘
09:45:24	5.31	--	22	11682	买盘
09:45:21	5.31	--	20	10620	买盘
09:45:18	5.31	0.01	199	105668	买盘
09:45:15	5.3	--	50	26500	卖盘
09:45:12	5.3	-0.01	5	2650	卖盘
09:45:09	5.31	--	79	41949	买盘
09:45:00	5.31	0.01	10	5310	买盘
09:44:57	5.3	--	51	27030	卖盘
09:44:54	5.3	--	5	2650	卖盘
09:44:48	5.3	--	31	16430	卖盘
09:44:45	5.3	-0.01	20	10600	卖盘
09:44:36	5.31	--	2593	1376883	卖盘
09:44:30	5.31	--	579	307449	卖盘
09:44:21	5.31	-0.01	8	4248	卖盘
09:44:18	5.32	--	288	153216	买盘
09:44:15	5.32	--	116	61712	买盘
09:44:12	5.32	0.01	20	10640	买盘
09:44:09	5.31	-0.01	40	21240	卖盘
09:44:06	5.32	0.01	4	2128	买盘
09:44:00	5.31	--	101	53630	卖盘
09:43:54	5.31	-0.01	58	30797	卖盘
09:43:51	5.32	0.01	37	19684	买盘
09:43:48	5.31	--	74	39294	卖盘
09:43:45	5.31	-0.01	16	8496	卖盘
09:43:42	5.32	0.01	23	12236	买盘
09:43:39	5.31	--	10	5310	卖盘
09:43:24	5.31	-0.01	52	27611	卖盘
09:43:21	5.32	0.01	2	1064	买盘
09:43:18	5.31	-0.01	4	2124	卖盘
09:43:15	5.32	0.01	210	111720	买盘
09:43:12	5.31	-0.01	230	122129	卖盘
09:43:06	5.32	--	2	1064	买盘
09:43:00	5.32	0.01	201	106932	买盘
09:42:57	5.31	-0.01	155	82305	卖盘
09:42:54	5.32	0.01	10	5320	买盘
09:42:51	5.31	-0.01	7	3716	卖盘
09:42:45	5.32	0.01	10	5320	买盘
09:42:30	5.31	--	16	8496	买盘
09:42:27	5.31	--	52	27611	买盘
09:42:24	5.31	--	30	15929	买盘
09:42:21	5.31	0.01	50	26549	买盘
09:42:18	5.3	--	281	148930	卖盘
09:42:12	5.3	--	40	21200	卖盘
09:42:09	5.3	--	310	164300	卖盘
09:42:06	5.3	--	300	159000	卖盘
09:42:00	5.3	--	173	91690	卖盘
09:41:57	5.3	--	23	12190	卖盘
09:41:51	5.3	--	57	30528	买盘
09:41:48	5.3	0.01	260	137800	买盘
09:41:45	5.29	-0.01	45	23805	卖盘
09:41:42	5.3	0.01	500	265000	买盘
09:41:39	5.29	--	37	19573	卖盘
09:41:36	5.29	--	225	119025	卖盘
09:41:33	5.29	-0.01	3	1587	卖盘
09:41:30	5.3	--	46	24380	买盘
09:41:27	5.3	--	527	279310	买盘
09:41:24	5.3	--	61	32330	买盘
09:41:21	5.3	-0.01	88	46640	卖盘
09:41:18	5.31	0.01	69	36639	买盘
09:41:15	5.3	-0.01	984	521520	卖盘
09:41:12	5.31	0.01	416	220895	买盘
09:41:09	5.3	--	738	391140	卖盘
09:41:06	5.3	--	376	199280	卖盘
09:41:00	5.3	-0.01	85	45050	卖盘
09:40:57	5.31	0.01	101	53630	买盘
09:40:54	5.3	--	429	227370	卖盘
09:40:51	5.3	--	50	26500	卖盘
09:40:48	5.3	-0.01	44	23320	卖盘
09:40:42	5.31	--	2	1062	买盘
09:40:39	5.31	--	1755	931904	卖盘
09:40:36	5.31	-0.01	5	2655	卖盘
09:40:33	5.32	--	10	5320	买盘
09:40:27	5.32	--	145	77140	买盘
09:40:24	5.32	--	22	11704	买盘
09:40:18	5.32	0.01	61	32452	买盘
09:40:15	5.31	--	178	94518	卖盘
09:40:12	5.31	-0.01	40	21240	卖盘
09:40:09	5.32	--	150	79800	买盘
09:40:06	5.32	0.01	120	63840	买盘
09:40:03	5.31	--	20	10620	卖盘
09:40:00	5.31	-0.01	1	531	卖盘
09:39:57	5.32	0.01	6	3192	买盘
09:39:54	5.31	-0.01	276	146556	卖盘
09:39:51	5.32	--	122	64904	买盘
09:39:48	5.32	--	40	21280	买盘
09:39:45	5.32	0.01	85	45220	买盘
09:39:42	5.31	--	10	5310	卖盘
09:39:36	5.31	--	100	53099	卖盘
09:39:33	5.31	-0.01	332	176292	卖盘
09:39:27	5.32	--	2	1064	买盘
09:39:21	5.32	--	17	9044	买盘
09:39:18	5.32	--	10	5320	买盘
09:39:15	5.32	--	934	497207	卖盘
09:39:12	5.32	--	404	214928	卖盘
09:39:09	5.32	--	202	107464	卖盘
09:39:06	5.32	-0.01	202	107464	卖盘
09:39:03	5.33	--	7	3731	买盘
09:39:00	5.33	--	41	21853	买盘
09:38:54	5.33	--	4	2132	买盘
09:38:51	5.33	0.01	158	84214	买盘
09:38:48	5.32	-0.01	106	56392	卖盘
09:38:45	5.33	--	10	5330	买盘
09:38:42	5.33	0.01	30	15990	买盘
09:38:39	5.32	-0.01	74	39368	卖盘
09:38:36	5.33	0.01	650	346450	买盘
09:38:33	5.32	-0.01	85	45220	卖盘
09:38:30	5.33	0.01	100	53300	买盘
09:38:27	5.32	-0.01	58	30856	卖盘
09:38:24	5.33	--	133	70889	买盘
09:38:21	5.33	0.01	12	6396	买盘
09:38:18	5.32	-0.01	113	60116	卖盘
09:38:15	5.33	0.01	528	281424	买盘
09:38:12	5.32	-0.01	132	70224	卖盘
09:38:09	5.33	0.01	42	22386	买盘
09:38:06	5.32	-0.01	8	4256	卖盘
09:38:00	5.33	--	58	30914	买盘
09:37:57	5.33	--	10	5330	买盘
09:37:54	5.33	0.01	18	9594	买盘
09:37:51	5.32	-0.01	451	239932	卖盘
09:37:48	5.33	0.01	93	49569	买盘
09:37:45	5.32	-0.01	4	2128	卖盘
09:37:42	5.33	0.01	2	1066	买盘
09:37:39	5.32	-0.01	10	5320	卖盘
09:37:33	5.33	--	540	287820	买盘
09:37:30	5.33	0.01	30	15990	买盘
09:37:24	5.32	-0.01	2	1064	卖盘
09:37:21	5.33	0.01	78	41574	买盘
09:37:12	5.32	-0.01	10	5320	卖盘
09:37:09	5.33	--	50	26650	买盘
09:37:06	5.33	--	6	3198	买盘
09:37:03	5.33	0.01	200	106600	买盘
09:37:00	5.32	--	135	71820	卖盘
09:36:57	5.32	--	30	16172	卖盘
09:36:54	5.32	--	200	106400	卖盘
09:36:48	5.32	--	10	5320	卖盘
09:36:45	5.32	--	424	225568	买盘
09:36:39	5.32	--	23	12236	买盘
09:36:36	5.32	--	301	160132	买盘
09:36:30	5.32	--	28	14896	买盘
09:36:27	5.32	0.01	20	10640	买盘
09:36:24	5.31	-0.01	107	56816	卖盘
09:36:21	5.32	--	59	31388	买盘
09:36:15	5.32	--	20	10640	买盘
09:36:09	5.32	0.01	23	12236	买盘
09:36:00	5.31	--	4	2124	卖盘
09:35:57	5.31	-0.01	20	10620	卖盘
09:35:54	5.32	0.01	93	49476	买盘
09:35:51	5.31	-0.01	234	124253	卖盘
09:35:48	5.32	0.01	39	20748	买盘
09:35:45	5.31	--	59	31328	卖盘
09:35:42	5.31	--	10	5310	卖盘
09:35:39	5.31	-0.01	36	19116	卖盘
09:35:36	5.32	0.01	50	26600	买盘
09:35:30	5.31	-0.01	100	53099	卖盘
09:35:24	5.32	--	157	83524	买盘
09:35:15	5.32	--	1582	841624	买盘
09:35:12	5.32	0.01	1	532	买盘
09:35:09	5.31	-0.01	268	142308	卖盘
09:35:06	5.32	--	10	5320	买盘
09:35:03	5.32	--	100	53200	买盘
09:35:00	5.32	0.01	7	3724	买盘
09:34:57	5.31	-0.01	102	54161	卖盘
09:34:54	5.32	0.01	37	19684	买盘
09:34:51	5.31	-0.01	1	531	卖盘
09:34:45	5.32	0.01	35	18620	买盘
09:34:42	5.31	-0.02	184	97704	卖盘
09:34:39	5.33	0.01	299	159367	买盘
09:34:33	5.32	-0.01	652	346874	卖盘
09:34:27	5.33	--	30	15990	卖盘
09:34:24	5.33	0.01	173	92731	买盘
09:34:21	5.32	-0.01	1	532	卖盘
09:34:18	5.33	--	5	2665	买盘
09:34:15	5.33	0.01	1729	921557	买盘
09:34:12	5.32	--	1	532	卖盘
09:34:09	5.32	--	60	31920	卖盘
09:34:06	5.32	-0.01	50	26600	卖盘
09:33:51	5.33	--	156	83148	买盘
09:33:48	5.33	--	159	84747	买盘
09:33:45	5.33	--	419	223327	卖盘
09:33:39	5.33	-0.01	548	292084	卖盘
09:33:33	5.34	--	18	9612	买盘
09:33:30	5.34	0.01	15	8010	买盘
09:33:24	5.33	-0.01	21	11193	中性盘
09:33:12	5.34	--	48	25632	买盘
09:33:09	5.34	0.02	20	10680	买盘
09:33:06	5.32	-0.02	55	29260	卖盘
09:33:03	5.34	0.02	20	10680	买盘
09:33:00	5.32	-0.02	339	180348	卖盘
09:32:57	5.34	0.02	52	27768	买盘
09:32:54	5.32	--	6	3192	卖盘
09:32:48	5.32	--	20	10640	卖盘
09:32:42	5.32	-0.03	55	29260	卖盘
09:32:39	5.35	0.01	65	34775	买盘
09:32:36	5.34	0.01	320	170880	买盘
09:32:30	5.33	--	88	46904	卖盘
09:32:27	5.33	-0.01	61	32513	卖盘
09:32:24	5.34	-0.01	332	177816	卖盘
09:32:21	5.35	--	10	5350	买盘
09:32:18	5.35	-0.01	508	271780	卖盘
09:32:15	5.36	--	50	26800	买盘
09:32:12	5.36	0.01	224	120064	买盘
09:32:09	5.35	--	324	173340	卖盘
09:32:03	5.35	--	539	288365	买盘
09:32:00	5.35	0.01	98	52430	买盘
09:31:54	5.34	--	84	44861	买盘
09:31:51	5.34	--	70	37380	买盘
09:31:48	5.34	0.01	165	88110	买盘
09:31:45	5.33	-0.01	60	31980	卖盘
09:31:42	5.34	--	528	281952	买盘
09:31:39	5.34	--	99	52866	买盘
09:31:36	5.34	0.01	16	8544	买盘
09:31:27	5.33	0.01	58	30914	买盘
09:31:24	5.32	-0.01	161	85652	卖盘
09:31:21	5.33	--	239	127387	买盘
09:31:18	5.33	--	56	29848	卖盘
09:31:15	5.33	0.01	53	28249	中性盘
09:31:06	5.32	--	2022	1075704	买盘
09:31:03	5.32	--	5	2660	买盘
09:31:00	5.32	--	30	15960	买盘
09:30:54	5.32	--	672	357504	卖盘
09:30:51	5.32	-0.02	17	9044	卖盘
09:30:45	5.34	--	27	14418	买盘
09:30:42	5.34	0.02	55	29370	买盘
09:30:39	5.32	-0.02	95	50540	卖盘
09:30:36	5.34	0.01	20	10680	买盘
09:30:33	5.33	0.01	2	1066	买盘
09:30:30	5.32	--	50	26600	卖盘
09:30:24	5.32	-0.02	5	2660	卖盘
09:30:21	5.34	--	17	9078	买盘
09:30:15	5.34	0.02	52	27768	买盘
09:30:12	5.32	0.01	8	4256	中性盘
09:30:09	5.31	-0.03	77	40887	卖盘
09:30:06	5.34	--	336	179424	买盘
09:30:03	5.34	0.01	5701	3044334	买盘
09:30:00	5.33	--	0	0	买盘
09:25:03	5.33	5.33	3085	1644305	买盘
