成交时间	成交价	价格变动	成交量(手)	成交额(元)	性质
15:00:03	8.88	--	2527	2243976	卖盘
14:57:00	8.88	--	196	174048	卖盘
14:56:57	8.88	--	12	10656	卖盘
14:56:54	8.88	-0.01	15	13320	卖盘
14:56:51	8.89	--	72	64008	买盘
14:56:48	8.89	0.01	18	16002	买盘
14:56:45	8.88	--	191	169608	卖盘
14:56:33	8.88	--	148	131646	买盘
14:56:30	8.88	0.01	12	10656	买盘
14:56:27	8.87	-0.01	7	6208	卖盘
14:56:24	8.88	0.01	60	53280	买盘
14:56:21	8.87	-0.01	6	5321	卖盘
14:56:18	8.88	--	31	28194	卖盘
14:56:15	8.88	--	20	17760	卖盘
14:56:12	8.88	--	27	24198	买盘
14:56:09	8.88	--	32	29082	卖盘
14:56:06	8.88	--	28	24864	卖盘
14:56:03	8.88	--	90	79920	卖盘
14:55:54	8.88	--	8	7920	卖盘
14:55:51	8.88	--	22	19536	卖盘
14:55:48	8.88	--	13	11544	卖盘
14:55:45	8.88	--	267	237389	买盘
14:55:42	8.88	0.01	31	27528	买盘
14:55:39	8.87	0.01	10	8870	中性盘
14:55:36	8.86	-0.01	147	131101	卖盘
14:55:33	8.87	--	57	50558	买盘
14:55:30	8.87	--	177	157025	卖盘
14:55:21	8.87	--	103	91360	卖盘
14:55:18	8.87	--	16	15052	买盘
14:55:15	8.87	--	50	44349	买盘
14:55:12	8.87	--	543	481640	买盘
14:55:09	8.87	--	77	68299	买盘
14:55:06	8.87	--	20	17740	买盘
14:55:03	8.87	--	50	44349	买盘
14:55:00	8.87	--	3	2660	买盘
14:54:57	8.87	-0.01	2063	1829907	卖盘
14:54:54	8.88	--	13	11544	卖盘
14:54:51	8.88	-0.01	21	18648	卖盘
14:54:48	8.89	0.01	12	10668	买盘
14:54:45	8.88	--	72	63936	卖盘
14:54:42	8.88	--	20	17760	卖盘
14:54:39	8.88	--	480	426240	卖盘
14:54:36	8.88	--	100	88995	卖盘
14:54:33	8.88	--	1	888	卖盘
14:54:30	8.88	--	305	270840	买盘
14:54:27	8.88	0.01	23	20424	中性盘
14:54:21	8.87	-0.01	59	52332	卖盘
14:54:12	8.88	-0.01	187	166056	卖盘
14:54:09	8.89	0.01	3	2667	买盘
14:54:00	8.88	0.01	111	99234	买盘
14:53:57	8.87	-0.01	11	9757	卖盘
14:53:54	8.88	--	6	5328	买盘
14:53:51	8.88	--	13	11544	买盘
14:53:48	8.88	--	90	79920	买盘
14:53:36	8.88	--	887	787878	卖盘
14:53:30	8.88	--	25	22200	卖盘
14:53:27	8.88	--	191	169608	卖盘
14:53:24	8.88	-0.01	37	32856	卖盘
14:53:21	8.89	--	50	44450	买盘
14:53:18	8.89	--	23	20447	买盘
14:53:09	8.89	--	4	3556	买盘
14:53:06	8.89	--	35	31115	买盘
14:53:03	8.89	0.01	31	27559	买盘
14:53:00	8.88	-0.01	10	8880	卖盘
14:52:57	8.89	--	27	24003	买盘
14:52:54	8.89	0.01	67	59563	买盘
14:52:51	8.88	-0.01	6	5328	卖盘
14:52:45	8.89	--	18	16002	买盘
14:52:42	8.89	--	189	168021	买盘
14:52:33	8.89	0.01	36	32004	买盘
14:52:30	8.88	--	5	4440	卖盘
14:52:24	8.88	--	3	2664	卖盘
14:52:21	8.88	-0.01	57	50616	卖盘
14:52:18	8.89	0.01	12	10668	买盘
14:52:12	8.88	-0.01	70	62160	卖盘
14:52:09	8.89	0.01	195	173355	买盘
14:52:00	8.88	--	105	93240	卖盘
14:51:54	8.88	--	49	43512	卖盘
14:51:42	8.88	--	134	119658	买盘
14:51:36	8.88	--	70	62160	买盘
14:51:33	8.88	--	12	10656	买盘
14:51:30	8.88	--	150	133200	买盘
14:51:27	8.88	--	11	9768	买盘
14:51:24	8.88	--	19	16872	买盘
14:51:21	8.88	--	13	11544	买盘
14:51:18	8.88	--	60	53280	买盘
14:51:15	8.88	--	46	40848	买盘
14:51:09	8.88	--	1	888	买盘
14:51:06	8.88	0.01	161	142968	买盘
14:51:03	8.87	--	5	4435	卖盘
14:51:00	8.87	-0.01	5	4435	卖盘
14:50:54	8.88	0.01	719	638472	买盘
14:50:51	8.87	--	185	164095	卖盘
14:50:48	8.87	--	65	57654	卖盘
14:50:45	8.87	--	33	29270	卖盘
14:50:42	8.87	--	50	44349	卖盘
14:50:39	8.87	-0.01	5	4435	卖盘
14:50:36	8.88	0.01	11	9768	买盘
14:50:33	8.87	--	9	7982	卖盘
14:50:30	8.87	--	110	97569	卖盘
14:50:24	8.87	--	229	203122	卖盘
14:50:18	8.87	--	8	7095	卖盘
14:50:15	8.87	-0.01	92	81604	卖盘
14:50:12	8.88	0.01	10	8880	买盘
14:50:09	8.87	--	10	8870	卖盘
14:50:06	8.87	--	91	80717	卖盘
14:50:03	8.87	--	121	107326	卖盘
14:50:00	8.87	-0.01	16	14191	卖盘
14:49:57	8.88	0.01	17	15096	买盘
14:49:51	8.87	--	22	19514	卖盘
14:49:48	8.87	--	1	886	卖盘
14:49:33	8.87	-0.01	100	88699	卖盘
14:49:30	8.88	0.02	104	92352	买盘
14:49:27	8.86	-0.02	38	33668	卖盘
14:49:21	8.88	0.01	270	239760	买盘
14:49:18	8.87	-0.01	685	607595	卖盘
14:49:15	8.88	0.01	11	9768	买盘
14:49:12	8.87	--	20	17740	卖盘
14:49:09	8.87	--	11	9757	卖盘
14:49:06	8.87	--	10	8870	卖盘
14:49:03	8.87	--	43	38141	卖盘
14:49:00	8.87	--	20	17740	卖盘
14:48:54	8.87	--	50	44349	卖盘
14:48:51	8.87	-0.01	500	443499	卖盘
14:48:45	8.88	0.01	97	86136	买盘
14:48:42	8.87	-0.01	47	41688	卖盘
14:48:33	8.88	--	105	93240	买盘
14:48:30	8.88	0.01	51	45288	买盘
14:48:21	8.87	-0.01	115	102004	卖盘
14:48:18	8.88	--	36	31968	买盘
14:48:15	8.88	--	64	56832	买盘
14:48:12	8.88	--	12	10656	买盘
14:48:09	8.88	--	20	17760	买盘
14:48:03	8.88	--	21	18648	买盘
14:48:00	8.88	-0.02	419	372294	卖盘
14:47:57	8.9	0.01	22	19580	买盘
14:47:48	8.89	0.01	57	50673	中性盘
14:47:45	8.88	--	71	63048	卖盘
14:47:42	8.88	-0.01	47	41736	卖盘
14:47:36	8.89	--	10	8890	卖盘
14:47:33	8.89	--	91	80899	买盘
14:47:30	8.89	0.01	35	31115	买盘
14:47:27	8.88	-0.01	10	8880	卖盘
14:47:24	8.89	--	18	16002	买盘
14:47:21	8.89	--	113	100457	买盘
14:47:06	8.89	-0.01	11	9779	中性盘
14:47:00	8.9	0.01	1051	935390	买盘
14:46:57	8.89	--	85	75565	卖盘
14:46:54	8.89	--	20	17780	卖盘
14:46:51	8.89	--	1	889	卖盘
14:46:48	8.89	--	1	889	卖盘
14:46:45	8.89	--	33	29337	卖盘
14:46:39	8.89	--	6	5334	卖盘
14:46:30	8.89	-0.01	150	133350	卖盘
14:46:27	8.9	--	5	4450	买盘
14:46:24	8.9	0.01	2	1780	买盘
14:46:21	8.89	--	2	1778	卖盘
14:46:18	8.89	--	3	2667	卖盘
14:46:09	8.89	--	155	137795	卖盘
14:46:06	8.89	--	20	17780	卖盘
14:46:00	8.89	--	29	25781	卖盘
14:45:57	8.89	--	23	20447	卖盘
14:45:54	8.89	-0.01	20	17780	卖盘
14:45:51	8.9	0.01	68	60520	买盘
14:45:45	8.89	-0.01	9	8001	卖盘
14:45:36	8.9	0.01	25	22250	买盘
14:45:24	8.89	--	18	16002	卖盘
14:45:21	8.89	-0.01	6	5334	卖盘
14:45:18	8.9	0.01	11	9790	买盘
14:45:15	8.89	--	4	3556	卖盘
14:45:09	8.89	-0.01	46	40894	卖盘
14:45:00	8.9	0.01	34	30260	买盘
14:44:54	8.89	--	7	6223	卖盘
14:44:51	8.89	-0.01	100	88900	卖盘
14:44:48	8.9	0.01	5	4450	买盘
14:44:45	8.89	--	2	1778	卖盘
14:44:39	8.89	--	71	63119	卖盘
14:44:36	8.89	--	1	889	卖盘
14:44:27	8.89	--	3	2667	卖盘
14:44:24	8.89	--	9	8001	卖盘
14:44:18	8.89	-0.01	110	97790	卖盘
14:44:15	8.9	--	2	1780	买盘
14:44:06	8.9	--	15	13350	买盘
14:44:03	8.9	0.01	23	20470	买盘
14:44:00	8.89	-0.01	111	98679	卖盘
14:43:54	8.9	--	82	72980	买盘
14:43:48	8.9	--	10	8900	买盘
14:43:45	8.9	--	285	253650	卖盘
14:43:39	8.9	-0.01	500	445000	卖盘
14:43:30	8.91	0.01	12	10692	买盘
14:43:27	8.9	-0.01	15	13350	卖盘
14:43:24	8.91	--	13	11583	买盘
14:43:18	8.91	0.01	123	109593	买盘
14:43:15	8.9	--	10	8900	卖盘
14:43:12	8.9	-0.01	38	33820	卖盘
14:43:06	8.91	--	324	288684	买盘
14:43:03	8.91	0.01	51	45441	买盘
14:43:00	8.9	0.01	83	73870	买盘
14:42:54	8.89	--	5	4445	卖盘
14:42:51	8.89	-0.01	9	8001	卖盘
14:42:48	8.9	-0.01	7	6230	卖盘
14:42:42	8.91	0.01	84	74844	买盘
14:42:39	8.9	0.01	60	53400	卖盘
14:42:33	8.89	0.01	6	5334	买盘
14:42:27	8.88	-0.02	964	856032	卖盘
14:42:21	8.9	--	5	4450	卖盘
14:42:18	8.9	--	20	17800	卖盘
14:42:15	8.9	--	9	8010	买盘
14:42:09	8.9	0.01	19	16910	买盘
14:41:57	8.89	--	70	62230	卖盘
14:41:54	8.89	0.01	30	26670	卖盘
14:41:51	8.88	-0.01	214	190032	卖盘
14:41:48	8.89	--	357	318075	买盘
14:41:45	8.89	--	200	177800	买盘
14:41:39	8.89	--	374	332486	买盘
14:41:36	8.89	0.01	30	26670	买盘
14:41:30	8.88	-0.01	8	7104	卖盘
14:41:18	8.89	--	87	77343	买盘
14:41:12	8.89	-0.02	1573	1398583	卖盘
14:41:06	8.91	-0.01	147	131573	卖盘
14:41:03	8.92	0.01	14	12488	买盘
14:40:57	8.91	--	22	19602	卖盘
14:40:54	8.91	--	57	50787	卖盘
14:40:48	8.91	--	10	8910	卖盘
14:40:30	8.91	-0.01	49	43953	卖盘
14:40:27	8.92	0.01	6	5352	买盘
14:40:24	8.91	--	50	44550	卖盘
14:40:12	8.91	--	50	44550	卖盘
14:40:06	8.91	--	17	15147	卖盘
14:40:00	8.91	--	235	209385	买盘
14:39:57	8.91	--	243	216513	买盘
14:39:36	8.91	--	89	79299	买盘
14:39:33	8.91	--	162	144342	买盘
14:39:27	8.91	0.01	20	17820	买盘
14:39:24	8.9	--	49	43610	卖盘
14:39:21	8.9	-0.01	4	3560	卖盘
14:39:18	8.91	0.01	12	10692	买盘
14:39:09	8.9	-0.01	229	203810	卖盘
14:39:06	8.91	0.01	98	87318	买盘
14:38:57	8.9	--	10	8900	卖盘
14:38:51	8.9	--	240	213600	卖盘
14:38:48	8.9	--	1	890	卖盘
14:38:45	8.9	--	9	8010	卖盘
14:38:39	8.9	--	100	89000	卖盘
14:38:33	8.9	-0.01	29	25810	卖盘
14:38:30	8.91	0.01	7	6237	买盘
14:38:27	8.9	--	26	23140	卖盘
14:38:21	8.9	-0.01	3	2670	卖盘
14:38:15	8.91	0.01	1	891	买盘
14:38:12	8.9	--	40	35600	卖盘
14:38:09	8.9	-0.01	3	2670	卖盘
14:38:03	8.91	0.01	3	2673	买盘
14:38:00	8.9	--	100	89000	卖盘
14:37:48	8.9	-0.01	7	6933	卖盘
14:37:45	8.91	--	230	204930	卖盘
14:37:42	8.91	--	1	891	卖盘
14:37:39	8.91	--	95	84645	卖盘
14:37:33	8.91	--	40	35640	卖盘
14:37:21	8.91	--	3	2673	卖盘
14:37:12	8.91	--	2	1782	卖盘
14:37:06	8.91	--	10	8910	卖盘
14:37:03	8.91	--	5	4455	卖盘
14:36:57	8.91	--	30	26730	卖盘
14:36:51	8.91	--	1	891	卖盘
14:36:33	8.91	-0.01	17	15147	卖盘
14:36:30	8.92	--	6	5352	买盘
14:36:21	8.92	--	110	98120	卖盘
14:36:18	8.92	--	77	68684	卖盘
14:36:09	8.92	-0.01	120	107040	卖盘
14:36:00	8.93	0.01	32	28576	买盘
14:35:51	8.92	--	1	892	卖盘
14:35:48	8.92	-0.01	21	18732	卖盘
14:35:45	8.93	0.01	24	21432	买盘
14:35:33	8.92	--	236	210512	卖盘
14:35:30	8.92	--	10	8920	卖盘
14:35:21	8.92	--	4	3568	卖盘
14:35:18	8.92	0.01	105	93660	买盘
14:35:12	8.91	-0.01	2	1782	卖盘
14:35:09	8.92	0.01	100	89200	买盘
14:35:06	8.91	--	10	8910	卖盘
14:35:03	8.91	--	7	6237	卖盘
14:35:00	8.91	--	40	35640	卖盘
14:34:54	8.91	-0.01	20	17820	卖盘
14:34:51	8.92	0.01	98	87416	买盘
14:34:48	8.91	--	5	4455	卖盘
14:34:39	8.91	--	60	53460	卖盘
14:34:30	8.91	--	15	13365	卖盘
14:34:24	8.91	--	11	9801	买盘
14:34:18	8.91	0.01	2	1782	中性盘
14:34:09	8.9	-0.01	214	190460	卖盘
14:34:06	8.91	0.01	204	181764	买盘
14:34:03	8.9	--	19	16910	卖盘
14:34:00	8.9	-0.01	100	89000	卖盘
14:33:57	8.91	--	14	12474	买盘
14:33:45	8.91	0.01	2	1782	买盘
14:33:30	8.9	-0.01	48	42720	卖盘
14:33:15	8.91	--	1	891	买盘
14:33:12	8.91	0.01	96	85536	买盘
14:33:09	8.9	-0.01	1	890	卖盘
14:33:06	8.91	0.01	7	6237	买盘
14:33:03	8.9	--	20	17800	卖盘
14:33:00	8.9	--	5	4450	卖盘
14:32:54	8.9	--	1	890	卖盘
14:32:51	8.9	--	80	71200	卖盘
14:32:48	8.9	--	65	57850	卖盘
14:32:42	8.9	--	5	4450	卖盘
14:32:39	8.9	--	50	44500	卖盘
14:32:36	8.9	--	3	2670	卖盘
14:32:30	8.9	-0.01	10	8900	卖盘
14:32:27	8.91	0.01	8	7128	买盘
14:32:24	8.9	--	10	8900	卖盘
14:32:15	8.9	-0.01	192	170880	卖盘
14:32:06	8.91	0.01	121	107811	买盘
14:32:03	8.9	--	30	26700	卖盘
14:31:57	8.9	-0.01	400	356000	卖盘
14:31:51	8.91	0.01	30	26730	卖盘
14:31:45	8.9	-0.02	50	44500	卖盘
14:31:36	8.92	-0.01	2	1784	买盘
14:31:33	8.93	0.03	67	59831	买盘
14:31:24	8.9	-0.02	1665	1481850	卖盘
14:31:21	8.92	--	50	44600	卖盘
14:31:15	8.92	-0.01	5	4460	卖盘
14:31:09	8.93	--	12	10716	卖盘
14:31:06	8.93	--	17	15181	卖盘
14:31:03	8.93	0.01	71	63403	买盘
14:31:00	8.92	-0.01	150	133800	卖盘
14:30:57	8.93	0.01	77	68761	买盘
14:30:54	8.92	-0.01	10	8920	卖盘
14:30:51	8.93	0.01	44	39292	买盘
14:30:48	8.92	-0.01	5	4460	卖盘
14:30:39	8.93	--	12	10716	买盘
14:30:33	8.93	0.01	37	33041	买盘
14:30:30	8.92	-0.01	66	58872	卖盘
14:30:24	8.93	--	31	27683	买盘
14:30:12	8.93	--	363	324159	卖盘
14:30:09	8.93	-0.01	10	8930	卖盘
14:30:03	8.94	--	7	6258	买盘
14:29:45	8.94	0.01	3	2682	买盘
14:29:42	8.93	-0.01	20	17860	卖盘
14:29:39	8.94	--	25	22350	买盘
14:29:36	8.94	--	50	44700	买盘
14:29:30	8.94	--	3	2682	买盘
14:29:27	8.94	-0.01	162	145426	卖盘
14:29:24	8.95	0.01	1	894	买盘
14:29:21	8.94	-0.01	16	14304	卖盘
14:29:15	8.95	--	6	5370	买盘
14:29:00	8.95	--	105	93974	买盘
14:28:51	8.95	0.01	20	17900	买盘
14:28:48	8.94	-0.01	50	44700	卖盘
14:28:45	8.95	0.01	20	17900	买盘
14:28:39	8.94	--	3	2682	卖盘
14:28:30	8.94	--	111	99234	卖盘
14:28:12	8.94	-0.01	10	8940	卖盘
14:28:09	8.95	--	3	2685	买盘
14:28:03	8.95	--	2	1789	买盘
14:28:00	8.95	--	27	24164	买盘
14:27:54	8.95	0.01	30	26849	买盘
14:27:45	8.94	--	33	29797	卖盘
14:27:42	8.94	--	2	1788	卖盘
14:27:33	8.94	--	100	89400	卖盘
14:27:21	8.94	--	33	29502	买盘
14:27:18	8.94	--	10	8940	买盘
14:27:12	8.94	--	60	53640	买盘
14:27:09	8.94	--	8	7152	买盘
14:27:06	8.94	--	20	17880	买盘
14:26:48	8.94	--	10	8940	买盘
14:26:45	8.94	--	5	4470	买盘
14:26:39	8.94	--	10	8940	买盘
14:26:36	8.94	--	62	55428	买盘
14:26:30	8.94	0.01	16	14304	买盘
14:26:27	8.93	-0.01	5	4465	卖盘
14:26:21	8.94	0.01	50	44700	买盘
14:26:18	8.93	--	43	38399	卖盘
14:26:15	8.93	--	10	8930	卖盘
14:26:09	8.93	--	4	3572	买盘
14:26:06	8.93	--	18	16074	卖盘
14:26:00	8.93	--	20	17860	卖盘
14:25:48	8.93	-0.01	1	893	卖盘
14:25:45	8.94	--	11	9834	买盘
14:25:42	8.94	--	10	8940	买盘
14:24:57	8.94	0.01	50	44700	买盘
14:24:51	8.93	--	20	17860	买盘
14:24:36	8.93	--	6	5527	卖盘
14:24:33	8.93	--	1	893	卖盘
14:24:30	8.93	--	10	8930	卖盘
14:24:27	8.93	--	22	20369	买盘
14:24:03	8.93	--	4	3572	买盘
14:23:51	8.93	--	292	260925	卖盘
14:23:48	8.93	--	100	89300	卖盘
14:23:39	8.93	-0.01	10	8930	卖盘
14:23:33	8.94	--	53	47382	买盘
14:23:30	8.94	0.01	2	1788	买盘
14:23:24	8.93	-0.01	8	7144	卖盘
14:23:18	8.94	--	10	8940	买盘
14:23:12	8.94	--	10	8940	买盘
14:23:06	8.94	--	10	8940	买盘
14:23:03	8.94	--	100	89400	买盘
14:22:45	8.94	0.01	24	21456	买盘
14:22:33	8.93	-0.01	1	893	卖盘
14:22:21	8.94	--	52	46488	买盘
14:22:03	8.94	0.01	68	61516	买盘
14:21:57	8.93	--	226	201818	买盘
14:21:54	8.93	--	14	12502	买盘
14:21:45	8.93	0.01	54	48222	买盘
14:21:39	8.92	-0.01	110	98120	卖盘
14:21:36	8.93	--	9	8037	买盘
14:21:33	8.93	--	2	1786	买盘
14:21:27	8.93	--	13	11609	买盘
14:21:21	8.93	--	20	17860	买盘
14:21:18	8.93	0.01	7	6251	买盘
14:21:12	8.92	--	30	26760	卖盘
14:21:09	8.92	--	20	17840	卖盘
14:21:03	8.92	--	339	302388	买盘
14:20:57	8.92	--	17	15164	买盘
14:20:54	8.92	--	54	48168	买盘
14:20:51	8.92	--	170	151640	买盘
14:20:48	8.92	--	98	87416	买盘
14:20:45	8.92	--	136	121312	买盘
14:20:42	8.92	--	107	95444	买盘
14:20:36	8.92	--	330	294360	买盘
14:20:33	8.92	--	30	26760	买盘
14:20:30	8.92	--	20	17840	买盘
14:20:24	8.92	0.01	26	23192	买盘
14:20:21	8.91	-0.01	24	21384	卖盘
14:20:15	8.92	--	25	22300	买盘
14:20:12	8.92	--	7	6244	买盘
14:20:09	8.92	--	5	4460	买盘
14:20:00	8.92	0.01	23	20516	买盘
14:19:57	8.91	-0.01	13	11583	卖盘
14:19:51	8.92	--	59	52628	买盘
14:19:45	8.92	--	20	17840	买盘
14:19:42	8.92	--	10	8920	买盘
14:19:24	8.92	0.01	73	65116	买盘
14:19:21	8.91	-0.01	31	27621	卖盘
14:19:15	8.92	0.01	250	223000	买盘
14:19:03	8.91	--	64	57024	卖盘
14:18:57	8.91	--	10	8910	卖盘
14:18:51	8.91	-0.01	18	16038	卖盘
14:18:48	8.92	--	3	2676	买盘
14:18:45	8.92	--	12	10704	买盘
14:18:42	8.92	--	5	4460	买盘
14:18:30	8.92	--	5	4460	买盘
14:18:24	8.92	--	42	37464	买盘
14:18:21	8.92	0.01	4	3568	买盘
14:18:15	8.91	-0.01	5	4455	卖盘
14:18:06	8.92	0.01	45	40140	买盘
14:18:03	8.91	-0.01	20	17820	卖盘
14:18:00	8.92	--	100	89200	买盘
14:17:51	8.92	0.01	131	116852	买盘
14:17:33	8.91	--	45	40095	卖盘
14:17:15	8.91	--	21	18711	买盘
14:17:06	8.91	--	3	2673	买盘
14:17:00	8.91	--	188	167508	卖盘
14:16:51	8.91	--	168	149688	卖盘
14:16:39	8.91	--	77	68607	买盘
14:16:36	8.91	--	1	891	买盘
14:16:33	8.91	--	26	23166	卖盘
14:16:30	8.91	--	80	71280	卖盘
14:16:24	8.91	--	10	8910	卖盘
14:16:15	8.91	0.01	4	3564	买盘
14:16:12	8.9	-0.01	20	17800	卖盘
14:16:06	8.91	--	10	8910	买盘
14:16:00	8.91	--	8	7128	买盘
14:15:54	8.91	--	178	158598	买盘
14:15:45	8.91	--	5	4455	买盘
14:15:39	8.91	0.01	10	8910	买盘
14:15:30	8.9	-0.01	135	120150	卖盘
14:15:27	8.91	--	305	271755	卖盘
14:15:18	8.91	--	10	8910	卖盘
14:15:00	8.91	-0.01	1	891	卖盘
14:14:57	8.92	0.01	86	76712	买盘
14:14:42	8.91	--	41	36531	买盘
14:14:36	8.91	--	197	175527	卖盘
14:14:33	8.91	--	60	53460	卖盘
14:14:30	8.91	--	9	8019	卖盘
14:14:27	8.91	--	10	8910	卖盘
14:14:15	8.91	--	30	26730	卖盘
14:14:09	8.91	--	15	13365	卖盘
14:13:57	8.91	0.01	67	59697	买盘
14:13:54	8.9	-0.01	100	89000	卖盘
14:13:48	8.91	--	43	38313	买盘
14:13:45	8.91	0.01	100	89100	买盘
14:13:42	8.9	--	11	9790	卖盘
14:13:36	8.9	--	60	53400	卖盘
14:13:30	8.9	--	10	8900	卖盘
14:13:24	8.9	-0.01	6	5340	卖盘
14:13:12	8.91	0.01	204	181764	买盘
14:13:06	8.9	-0.01	21	18690	卖盘
14:13:03	8.91	--	13	11583	买盘
14:12:54	8.91	0.01	10	8910	买盘
14:12:51	8.9	--	107	95230	买盘
14:12:48	8.9	--	70	62300	买盘
14:12:33	8.9	--	165	146850	卖盘
14:12:27	8.9	--	1	890	卖盘
14:12:21	8.9	--	16	14240	买盘
14:12:18	8.9	--	120	106800	买盘
14:12:15	8.9	--	22	19580	买盘
14:12:09	8.9	--	106	94340	买盘
14:12:06	8.9	--	50	44500	买盘
14:12:03	8.9	--	11	9790	买盘
14:11:57	8.9	--	32	28480	买盘
14:11:54	8.9	--	7	6230	买盘
14:11:51	8.9	--	30	26700	买盘
14:11:48	8.9	--	20	17800	买盘
14:11:45	8.9	--	100	89000	买盘
14:11:42	8.9	-0.01	486	432540	卖盘
14:11:39	8.91	0.01	12	10692	买盘
14:11:36	8.9	--	12	10680	卖盘
14:11:27	8.9	--	36	32040	卖盘
14:11:21	8.9	--	100	89000	卖盘
14:11:06	8.9	-0.01	28	24920	卖盘
14:10:57	8.91	0.01	45	40095	买盘
14:10:42	8.9	-0.01	40	35600	卖盘
14:10:36	8.91	--	103	91773	买盘
14:10:15	8.91	0.01	168	149688	买盘
14:10:12	8.9	--	3	2670	卖盘
14:10:09	8.9	--	1	890	卖盘
14:10:00	8.9	-0.01	4	3560	卖盘
14:09:57	8.91	0.01	100	89100	买盘
14:09:51	8.9	--	190	169100	卖盘
14:09:33	8.9	--	9	8010	卖盘
14:09:24	8.9	--	81	72090	买盘
14:09:21	8.9	--	2	1780	买盘
14:09:18	8.9	--	2	1780	卖盘
14:09:12	8.9	--	37	32930	卖盘
14:09:03	8.9	--	3	2670	卖盘
14:08:54	8.9	--	1	890	卖盘
14:08:45	8.9	--	23	20470	卖盘
14:08:36	8.9	--	3	2670	卖盘
14:08:33	8.9	--	24	21360	买盘
14:08:30	8.9	--	14	12460	卖盘
14:08:27	8.9	--	3	2670	卖盘
14:08:21	8.9	--	10	8900	卖盘
14:08:15	8.9	--	5	4450	卖盘
14:08:12	8.9	--	128	113920	买盘
14:08:09	8.9	--	50	44500	买盘
14:08:03	8.9	--	110	97900	买盘
14:08:00	8.9	--	10	8900	买盘
14:07:57	8.9	--	146	129940	买盘
14:07:51	8.9	--	1	890	买盘
14:07:45	8.9	--	50	44500	买盘
14:07:33	8.9	--	50	44500	买盘
14:07:27	8.9	--	100	89000	买盘
14:07:21	8.9	--	50	44500	买盘
14:07:18	8.9	--	35	31150	买盘
14:07:06	8.9	0.01	5	4450	买盘
14:07:03	8.89	-0.01	5	4445	卖盘
14:07:00	8.9	--	5	4450	卖盘
14:06:54	8.9	--	71	63190	买盘
14:06:48	8.9	--	6	5340	卖盘
14:06:45	8.9	--	1	890	卖盘
14:06:42	8.9	--	3	2670	卖盘
14:06:39	8.9	--	29	25810	卖盘
14:06:24	8.9	--	123	109470	买盘
14:06:15	8.9	--	58	51620	买盘
14:06:12	8.9	--	28	24920	买盘
14:06:06	8.9	0.01	93	82770	买盘
14:05:42	8.89	--	30	26670	卖盘
14:05:18	8.89	-0.01	6	5334	卖盘
14:05:15	8.9	--	134	119260	买盘
14:05:12	8.9	--	1	890	买盘
14:05:06	8.9	0.01	14	12460	买盘
14:05:00	8.89	-0.01	120	106680	卖盘
14:04:57	8.9	--	33	29370	买盘
14:04:45	8.9	--	83	73870	卖盘
14:04:42	8.9	--	4	3560	卖盘
14:04:36	8.9	0.01	931	828590	买盘
14:04:33	8.89	-0.01	15	13335	卖盘
14:04:30	8.9	0.01	66	58740	买盘
14:04:18	8.89	--	5	4445	卖盘
14:04:15	8.89	-0.01	120	106680	卖盘
14:04:09	8.9	0.01	15	13350	买盘
14:04:03	8.89	--	7	6223	卖盘
14:04:00	8.89	-0.01	205	182245	卖盘
14:03:48	8.9	--	30	26700	买盘
14:03:36	8.9	0.01	100	89000	买盘
14:03:27	8.89	--	4	3556	卖盘
14:03:18	8.89	-0.01	50	44450	卖盘
14:03:12	8.9	0.01	5	4450	买盘
14:03:09	8.89	-0.01	2	1778	卖盘
14:03:06	8.9	0.01	5	4450	买盘
14:03:00	8.89	-0.01	68	60452	卖盘
14:02:57	8.9	0.01	111	98790	买盘
14:02:54	8.89	--	182	161798	卖盘
14:02:51	8.89	--	110	97790	卖盘
14:02:45	8.89	--	70	62230	卖盘
14:02:39	8.89	--	400	355600	卖盘
14:02:33	8.89	--	24	21336	卖盘
14:02:24	8.89	-0.01	56	49784	卖盘
14:02:21	8.9	0.01	32	28480	买盘
14:02:15	8.89	-0.01	23	20447	卖盘
14:02:09	8.9	0.01	20	17800	买盘
14:02:06	8.89	--	58	51562	卖盘
14:01:54	8.89	-0.01	33	29337	卖盘
14:01:48	8.9	0.01	1	890	买盘
14:01:45	8.89	--	1	889	卖盘
14:01:39	8.89	-0.01	30	26670	卖盘
14:01:30	8.9	--	6	5340	买盘
14:01:21	8.9	--	9	8010	买盘
14:01:12	8.9	--	4	3560	买盘
14:01:09	8.9	-0.01	375	333750	卖盘
14:01:06	8.91	--	6	5346	买盘
14:00:51	8.91	--	218	194238	卖盘
14:00:48	8.91	--	84	74844	卖盘
14:00:45	8.91	--	2	1782	卖盘
14:00:39	8.91	--	5	4455	卖盘
14:00:36	8.91	--	31	27621	卖盘
14:00:27	8.91	--	28	24948	卖盘
14:00:12	8.91	--	31	27621	卖盘
14:00:09	8.91	--	3	2673	卖盘
14:00:06	8.91	--	23	20493	卖盘
13:59:54	8.91	--	67	59697	买盘
13:59:51	8.91	--	71	63261	卖盘
13:59:45	8.91	--	23	20493	卖盘
13:59:42	8.91	--	6	5346	买盘
13:59:30	8.91	--	34	30294	卖盘
13:59:24	8.91	--	5	4455	卖盘
13:59:09	8.91	0.01	6	5346	买盘
13:59:06	8.9	-0.01	19	16910	卖盘
13:59:00	8.91	--	5	4455	买盘
13:58:51	8.91	--	3	2673	卖盘
13:58:45	8.91	--	121	107811	买盘
13:58:42	8.91	--	50	44550	卖盘
13:58:39	8.91	--	95	84645	卖盘
13:58:36	8.91	--	100	89100	卖盘
13:58:27	8.91	--	12	10692	卖盘
13:58:24	8.91	--	80	71280	卖盘
13:58:09	8.91	--	62	55242	买盘
13:58:00	8.91	--	176	156816	买盘
13:57:51	8.91	--	20	17820	买盘
13:57:42	8.91	0.01	100	89100	买盘
13:57:36	8.9	--	1	890	卖盘
13:57:33	8.9	-0.01	2	1780	卖盘
13:57:30	8.91	0.01	332	295812	买盘
13:57:18	8.9	--	19	16910	卖盘
13:57:12	8.9	--	25	22250	卖盘
13:56:54	8.9	--	5	4450	卖盘
13:56:36	8.9	--	107	95230	卖盘
13:56:21	8.9	-0.01	23	20470	卖盘
13:56:12	8.91	--	5	4455	买盘
13:56:06	8.91	--	50	44550	买盘
13:55:30	8.91	--	10	8910	买盘
13:55:21	8.91	--	17	15147	卖盘
13:55:18	8.91	--	10	8910	卖盘
13:55:15	8.91	--	100	89100	卖盘
13:54:54	8.91	-0.01	12	10692	卖盘
13:54:51	8.92	0.01	21	18732	买盘
13:54:42	8.91	--	10	8910	卖盘
13:54:36	8.91	--	40	35640	卖盘
13:54:33	8.91	-0.01	20	17820	卖盘
13:54:30	8.92	--	1	892	买盘
13:54:24	8.92	0.01	26	23192	买盘
13:54:18	8.91	--	9	8019	卖盘
13:53:57	8.91	-0.01	17	15147	卖盘
13:53:48	8.92	--	30	26760	买盘
13:53:39	8.92	0.01	200	178400	买盘
13:53:33	8.91	-0.01	7	6237	卖盘
13:53:21	8.92	--	10	8920	买盘
13:53:18	8.92	0.01	40	35680	买盘
13:53:15	8.91	-0.01	20	17820	卖盘
13:53:12	8.92	0.01	3	2676	买盘
13:53:06	8.91	--	74	65934	卖盘
13:53:03	8.91	--	112	99792	卖盘
13:53:00	8.91	--	19	16929	卖盘
13:52:51	8.91	--	31	27621	卖盘
13:52:48	8.91	-0.01	5	4455	卖盘
13:52:36	8.92	0.01	10	8920	买盘
13:52:27	8.91	-0.01	30	26730	卖盘
13:52:21	8.92	0.01	30	26760	买盘
13:52:18	8.91	-0.01	2	1782	卖盘
13:52:15	8.92	--	100	89200	买盘
13:52:12	8.92	--	1	892	买盘
13:52:06	8.92	--	9	8028	买盘
13:51:54	8.92	0.01	610	544120	买盘
13:51:39	8.91	-0.01	14	12474	卖盘
13:51:36	8.92	0.01	100	89200	买盘
13:51:33	8.91	--	31	27621	卖盘
13:51:18	8.91	-0.01	62	55242	卖盘
13:51:12	8.92	--	46	41032	买盘
13:50:57	8.92	--	4	3568	买盘
13:50:54	8.92	0.01	30	26760	买盘
13:50:51	8.91	-0.01	50	44550	卖盘
13:50:45	8.92	--	1	892	买盘
13:50:42	8.92	--	42	37464	买盘
13:50:39	8.92	0.01	7	6244	买盘
13:50:36	8.91	-0.01	10	8910	卖盘
13:50:30	8.92	0.01	10	8920	买盘
13:50:09	8.91	--	16	14256	卖盘
13:50:06	8.91	--	50	44550	卖盘
13:49:36	8.91	--	1	891	买盘
13:49:30	8.91	--	46	40986	买盘
13:49:24	8.91	--	165	147015	买盘
13:49:18	8.91	--	100	89100	买盘
13:49:15	8.91	--	7	6237	买盘
13:49:12	8.91	--	50	44550	买盘
13:49:03	8.91	0.01	50	44550	买盘
13:48:57	8.9	-0.01	4	3560	卖盘
13:48:42	8.91	0.01	35	31185	买盘
13:48:33	8.9	--	5	4450	卖盘
13:48:30	8.9	--	28	24920	卖盘
13:48:18	8.9	-0.01	10	8900	卖盘
13:48:15	8.91	0.01	135	120285	买盘
13:48:12	8.9	--	20	17800	卖盘
13:48:09	8.9	--	20	17800	卖盘
13:48:03	8.9	--	22	19580	卖盘
13:48:00	8.9	--	1	890	卖盘
13:47:54	8.9	-0.01	9	8010	卖盘
13:47:51	8.91	0.01	77	68607	买盘
13:47:48	8.9	--	60	53400	卖盘
13:47:45	8.9	--	15	13350	卖盘
13:47:39	8.9	--	32	28480	卖盘
13:47:36	8.9	--	3	2670	卖盘
13:47:21	8.9	-0.01	5	4450	卖盘
13:47:15	8.91	--	13	11583	买盘
13:47:06	8.91	--	9	8019	买盘
13:47:00	8.91	--	15	13365	买盘
13:46:57	8.91	0.01	20	17820	买盘
13:46:36	8.9	-0.01	10	8900	卖盘
13:46:24	8.91	0.01	50	44550	买盘
13:46:21	8.9	--	8	7120	卖盘
13:46:06	8.9	--	31	27590	卖盘
13:45:57	8.9	--	60	53400	卖盘
13:45:42	8.9	--	9	8010	卖盘
13:45:36	8.9	--	40	35600	卖盘
13:45:33	8.9	--	199	177110	卖盘
13:45:30	8.9	--	260	231400	买盘
13:45:24	8.9	--	20	17800	买盘
13:45:21	8.9	0.01	45	40050	买盘
13:45:15	8.89	-0.01	35	31115	卖盘
13:45:12	8.9	0.01	159	141510	买盘
13:45:06	8.89	-0.01	1	889	卖盘
13:45:03	8.9	0.01	56	49840	买盘
13:45:00	8.89	-0.01	5	4445	卖盘
13:44:54	8.9	--	100	89000	买盘
13:44:51	8.9	--	4	3560	买盘
13:44:42	8.9	--	13	11570	买盘
13:44:33	8.9	--	50	44500	买盘
13:44:27	8.9	-0.01	138	122820	卖盘
13:44:24	8.91	0.01	31	27621	买盘
13:44:21	8.9	--	12	10680	卖盘
13:43:48	8.9	--	9	8010	卖盘
13:43:42	8.9	--	8	7120	卖盘
13:43:39	8.9	-0.01	65	57850	卖盘
13:43:33	8.91	0.01	4	3564	买盘
13:43:27	8.9	--	10	8900	卖盘
13:43:21	8.9	--	46	40940	买盘
13:43:15	8.9	--	25	22250	买盘
13:43:06	8.9	--	20	17800	买盘
13:43:03	8.9	--	20	17800	买盘
13:43:00	8.9	--	100	89000	买盘
13:42:57	8.9	--	51	45390	买盘
13:42:39	8.9	--	13	11570	买盘
13:42:18	8.9	--	64	56960	买盘
13:42:12	8.9	--	3	2670	卖盘
13:42:03	8.9	--	7	6230	买盘
13:42:00	8.9	0.01	20	17800	买盘
13:41:51	8.89	--	122	108458	卖盘
13:41:48	8.89	--	10	8890	卖盘
13:41:39	8.89	-0.01	2	1778	卖盘
13:41:36	8.9	--	10	8900	买盘
13:41:30	8.9	--	21	18690	买盘
13:41:21	8.9	--	20	17800	买盘
13:41:18	8.9	--	20	17800	买盘
13:41:12	8.9	0.01	50	44500	买盘
13:41:00	8.89	-0.01	50	44450	卖盘
13:40:57	8.9	0.01	30	26700	买盘
13:40:54	8.89	-0.02	28	24892	卖盘
13:40:45	8.91	0.02	1	891	买盘
13:40:42	8.89	-0.01	80	71120	卖盘
13:40:36	8.9	--	2	1780	卖盘
13:40:30	8.9	--	55	48950	卖盘
13:40:27	8.9	0.01	91	80990	买盘
13:40:15	8.89	-0.01	5	4445	卖盘
13:40:12	8.9	0.01	10	8900	买盘
13:40:06	8.89	-0.01	316	280924	卖盘
13:40:03	8.9	0.01	20	17800	买盘
13:39:48	8.89	-0.01	34	30226	卖盘
13:39:36	8.9	--	10	8900	买盘
13:39:27	8.9	--	32	28480	买盘
13:39:18	8.9	--	286	254540	卖盘
13:39:12	8.9	--	3	2670	卖盘
13:39:09	8.9	--	20	17800	卖盘
13:39:06	8.9	--	20	17800	卖盘
13:39:00	8.9	--	11	9790	卖盘
13:38:57	8.9	-0.01	20	17800	卖盘
13:38:54	8.91	0.01	23	20493	买盘
13:38:48	8.9	--	35	31150	卖盘
13:38:30	8.9	--	5	4450	卖盘
13:38:18	8.9	--	1	890	卖盘
13:38:15	8.9	--	20	17800	卖盘
13:38:12	8.9	-0.01	33	29370	卖盘
13:37:51	8.91	--	17	15147	买盘
13:37:33	8.91	--	22	19602	卖盘
13:37:30	8.91	--	40	35640	卖盘
13:37:27	8.91	--	50	44550	卖盘
13:37:21	8.91	--	7	6237	买盘
13:37:15	8.91	0.01	9	8019	买盘
13:36:57	8.9	-0.01	1	890	卖盘
13:36:33	8.91	--	129	114939	卖盘
13:36:27	8.91	-0.01	11	9801	卖盘
13:36:24	8.92	0.01	60	53520	买盘
13:36:03	8.91	-0.01	4	3564	卖盘
13:35:45	8.92	0.01	4	3568	买盘
13:35:36	8.91	-0.01	2	1782	卖盘
13:35:27	8.92	0.01	191	170372	买盘
13:35:24	8.91	0.01	60	53460	买盘
13:35:18	8.9	-0.01	25	22250	卖盘
13:35:09	8.91	--	55	49005	卖盘
13:34:57	8.91	0.01	270	240570	买盘
13:34:48	8.9	--	30	26700	卖盘
13:34:42	8.9	--	10	8900	卖盘
13:34:39	8.9	--	20	17800	卖盘
13:34:33	8.9	--	4	3560	卖盘
13:34:18	8.9	--	5	4450	卖盘
13:34:15	8.9	--	71	63190	卖盘
13:34:12	8.9	--	3	2670	卖盘
13:33:51	8.9	-0.01	20	17800	卖盘
13:33:48	8.91	0.01	15	13365	买盘
13:33:45	8.9	--	155	137950	买盘
13:33:30	8.9	--	126	112140	卖盘
13:33:27	8.9	--	30	26700	卖盘
13:33:15	8.9	-0.01	18	16020	卖盘
13:33:00	8.91	0.01	1	891	买盘
13:32:48	8.9	--	45	40050	卖盘
13:32:42	8.9	--	9	8010	卖盘
13:32:39	8.9	--	51	45390	卖盘
13:32:30	8.9	--	1	890	卖盘
13:32:24	8.9	--	1	890	卖盘
13:32:21	8.9	-0.01	2	1780	卖盘
13:32:18	8.91	0.01	100	89100	买盘
13:32:06	8.9	--	20	17800	卖盘
13:32:00	8.9	--	25	22250	买盘
13:31:57	8.9	--	50	44500	买盘
13:31:54	8.9	--	5	4450	买盘
13:31:51	8.9	--	74	65860	卖盘
13:31:48	8.9	--	63	56070	卖盘
13:31:36	8.9	-0.01	25	22250	卖盘
13:31:33	8.91	0.01	79	70389	买盘
13:31:30	8.9	--	26	23140	卖盘
13:31:24	8.9	--	50	44500	卖盘
13:31:18	8.9	--	20	17800	卖盘
13:31:12	8.9	--	1	890	买盘
13:31:06	8.9	--	33	29370	买盘
13:31:03	8.9	-0.01	239	212710	卖盘
13:31:00	8.91	0.01	100	89100	买盘
13:30:54	8.9	--	10	8900	卖盘
13:30:48	8.9	-0.01	3	2670	卖盘
13:30:36	8.91	0.01	10	8910	买盘
13:30:33	8.9	-0.01	29	25810	卖盘
13:30:30	8.91	--	40	35640	买盘
13:30:27	8.91	--	1	891	买盘
13:30:21	8.91	0.01	44	39204	买盘
13:30:12	8.9	-0.01	9	8010	卖盘
13:30:09	8.91	0.01	50	44550	买盘
13:30:03	8.9	-0.01	11	9790	卖盘
13:29:57	8.91	0.01	20	17820	买盘
13:29:54	8.9	--	400	356000	卖盘
13:29:48	8.9	-0.01	70	62300	卖盘
13:29:42	8.91	--	105	93555	买盘
13:29:33	8.91	--	70	62370	卖盘
13:29:27	8.91	--	8	7128	卖盘
13:29:15	8.91	-0.01	23	20493	卖盘
13:29:12	8.92	0.01	5	4460	买盘
13:29:00	8.91	--	14	12474	卖盘
13:28:57	8.91	--	75	66825	卖盘
13:28:54	8.91	--	10	8910	卖盘
13:28:45	8.91	--	70	62370	卖盘
13:28:42	8.91	--	6	5346	卖盘
13:28:33	8.91	--	51	45441	卖盘
13:28:30	8.91	--	2	1782	卖盘
13:28:21	8.91	--	4	3564	卖盘
13:28:18	8.91	--	3	2673	卖盘
13:28:12	8.91	--	10	8910	卖盘
13:28:09	8.91	-0.01	10	8910	卖盘
13:28:06	8.92	--	5	4460	买盘
13:27:57	8.92	0.01	20	17840	买盘
13:27:54	8.91	--	11	9801	卖盘
13:27:48	8.91	--	30	26730	卖盘
13:27:42	8.91	-0.01	20	17820	卖盘
13:27:36	8.92	0.01	13	11596	买盘
13:27:33	8.91	-0.01	13	11583	卖盘
13:27:24	8.92	--	38	33896	卖盘
13:27:21	8.92	--	1	892	卖盘
13:27:15	8.92	--	1	892	卖盘
13:27:12	8.92	--	100	89200	卖盘
13:27:09	8.92	--	10	8920	卖盘
13:27:03	8.92	-0.01	3	2676	卖盘
13:26:57	8.93	0.01	157	140201	买盘
13:26:51	8.92	--	100	89200	卖盘
13:26:45	8.92	--	80	71360	卖盘
13:26:39	8.92	--	3	2676	卖盘
13:26:36	8.92	--	60	53520	卖盘
13:26:33	8.92	-0.01	3	2676	卖盘
13:26:18	8.93	--	1	893	买盘
13:26:12	8.93	-0.01	193	172349	卖盘
13:26:03	8.94	--	5	4470	买盘
13:25:48	8.94	0.01	32	28608	买盘
13:25:39	8.93	-0.01	5	4465	卖盘
13:25:36	8.94	--	50	44700	买盘
13:25:33	8.94	0.01	17	15198	买盘
13:25:30	8.93	--	132	117876	买盘
13:25:21	8.93	--	478	426854	卖盘
13:24:57	8.93	-0.01	25	22325	卖盘
13:24:45	8.94	--	300	268200	买盘
13:24:30	8.94	--	100	89400	买盘
13:24:24	8.94	0.01	20	17880	买盘
13:24:21	8.93	--	40	35720	卖盘
13:24:09	8.93	--	199	177707	卖盘
13:24:06	8.93	--	170	151810	买盘
13:24:00	8.93	--	30	26790	卖盘
13:23:54	8.93	0.01	370	330410	买盘
13:23:51	8.92	-0.01	10	8920	卖盘
13:23:39	8.93	0.01	132	117876	买盘
13:23:33	8.92	-0.01	10	8920	卖盘
13:23:24	8.93	0.01	290	258970	买盘
13:23:21	8.92	-0.01	1	892	卖盘
13:23:09	8.93	0.01	3	2679	买盘
13:22:57	8.92	--	100	89200	卖盘
13:22:39	8.92	--	3	2676	卖盘
13:22:36	8.92	--	125	111500	卖盘
13:22:33	8.92	--	19	16948	卖盘
13:22:30	8.92	--	20	17840	卖盘
13:22:27	8.92	--	10	8920	卖盘
13:22:18	8.92	--	300	267600	卖盘
13:22:09	8.92	--	29	25868	卖盘
13:21:51	8.92	-0.01	121	107932	卖盘
13:21:45	8.93	--	57	50901	买盘
13:21:42	8.93	0.01	100	89300	买盘
13:21:39	8.92	--	52	46384	卖盘
13:21:33	8.92	--	52	46384	卖盘
13:21:30	8.92	--	46	41032	卖盘
13:21:18	8.92	0.01	219	195348	买盘
13:21:09	8.91	-0.01	1	891	卖盘
13:20:57	8.92	--	235	209620	卖盘
13:20:42	8.92	--	85	75820	卖盘
13:20:39	8.92	-0.01	1	892	卖盘
13:20:36	8.93	0.01	30	26790	买盘
13:20:33	8.92	--	3	2676	卖盘
13:20:30	8.92	-0.01	15	13380	卖盘
13:20:12	8.93	--	489	436677	卖盘
13:19:57	8.93	--	2	1786	卖盘
13:19:54	8.93	--	72	64296	买盘
13:19:51	8.93	--	2	1786	买盘
13:19:42	8.93	--	50	44650	买盘
13:19:36	8.93	-0.01	75	66975	卖盘
13:19:09	8.94	0.01	24	21456	买盘
13:19:06	8.93	-0.01	30	26790	卖盘
13:19:03	8.94	0.01	19	16986	买盘
13:18:54	8.93	-0.01	2	1786	卖盘
13:18:45	8.94	0.01	11	9834	买盘
13:18:39	8.93	--	104	92872	卖盘
13:18:30	8.93	--	4	3572	买盘
13:18:27	8.93	0.01	5	4465	买盘
13:18:18	8.92	-0.02	10	8920	卖盘
13:17:42	8.94	--	31	27714	买盘
13:17:39	8.94	0.01	22	19668	买盘
13:17:36	8.93	--	30	26790	买盘
13:17:33	8.93	-0.01	29	25897	卖盘
13:17:21	8.94	--	5	4470	买盘
13:17:18	8.94	--	106	94764	买盘
13:17:09	8.94	--	103	92082	买盘
13:17:06	8.94	--	99	88506	买盘
13:17:03	8.94	--	143	127842	买盘
13:16:51	8.94	0.01	2	1788	买盘
13:16:48	8.93	-0.01	1	893	卖盘
13:16:45	8.94	--	6	5364	买盘
13:16:03	8.94	0.02	2	1788	买盘
13:15:54	8.92	0.01	11	9812	中性盘
13:15:33	8.91	--	60	53460	卖盘
13:15:30	8.91	--	965	859815	卖盘
13:15:09	8.91	--	5	4455	卖盘
13:15:03	8.91	-0.01	1	891	卖盘
13:14:36	8.92	0.01	12	10704	买盘
13:14:33	8.91	--	100	89100	卖盘
13:14:24	8.91	-0.01	5	4455	卖盘
13:14:18	8.92	0.01	12	10704	买盘
13:14:12	8.91	-0.01	20	17820	卖盘
13:14:09	8.92	0.02	27	24084	买盘
13:14:06	8.9	-0.01	9	8010	卖盘
13:13:57	8.91	--	9	8019	卖盘
13:13:51	8.91	--	1	891	卖盘
13:13:48	8.91	--	42	37422	卖盘
13:13:42	8.91	--	81	72171	卖盘
13:13:30	8.91	--	23	20493	卖盘
13:13:21	8.91	--	3	2673	卖盘
13:13:15	8.91	--	2	1782	卖盘
13:13:09	8.91	-0.01	14	12474	卖盘
13:13:00	8.92	0.02	36	32112	买盘
13:12:57	8.9	--	50	44500	卖盘
13:12:45	8.9	--	16	14240	卖盘
13:12:30	8.9	--	12	10680	卖盘
13:12:24	8.9	--	15	13350	卖盘
13:12:21	8.9	--	67	59630	卖盘
13:12:18	8.9	--	62	55180	卖盘
13:12:09	8.9	-0.01	21	18690	卖盘
13:12:06	8.91	--	68	60588	卖盘
13:12:03	8.91	0.01	18	16038	买盘
13:11:51	8.9	0.01	2	1780	卖盘
13:11:48	8.89	-0.01	40	35560	卖盘
13:11:45	8.9	--	29	25810	卖盘
13:11:36	8.9	--	256	227840	卖盘
13:11:33	8.9	--	100	89000	卖盘
13:11:18	8.9	-0.01	9	8010	卖盘
13:11:09	8.91	--	42	37422	卖盘
13:11:00	8.91	--	1	891	卖盘
13:10:57	8.91	0.01	14	12474	买盘
13:10:42	8.9	-0.01	50	44500	卖盘
13:10:39	8.91	--	5	4455	买盘
13:10:36	8.91	--	2	1782	买盘
13:10:33	8.91	--	34	30294	买盘
13:10:27	8.91	--	100	89100	买盘
13:10:12	8.91	--	272	242352	卖盘
13:10:06	8.91	--	18	16038	卖盘
13:09:57	8.91	--	6	5346	卖盘
13:09:54	8.91	--	200	178200	卖盘
13:09:30	8.91	--	40	35640	卖盘
13:09:21	8.91	--	4	3564	卖盘
13:09:12	8.91	-0.01	57	50787	卖盘
13:09:09	8.92	--	1	892	买盘
13:09:03	8.92	--	9	8028	卖盘
13:09:00	8.92	--	5	4460	卖盘
13:08:51	8.92	--	10	8920	买盘
13:08:45	8.92	--	11	9812	买盘
13:08:42	8.92	--	5	4460	买盘
13:08:30	8.92	0.01	30	26760	中性盘
13:08:15	8.91	-0.01	66	58806	卖盘
13:08:09	8.92	--	54	48168	买盘
13:07:57	8.92	-0.01	5	4460	中性盘
13:07:54	8.93	0.01	55	49115	买盘
13:07:48	8.92	--	37	33004	卖盘
13:07:36	8.92	--	4	3568	卖盘
13:07:33	8.92	0.01	64	57088	买盘
13:07:30	8.91	--	80	71280	卖盘
13:07:27	8.91	--	3	2673	卖盘
13:07:21	8.91	--	10	8910	卖盘
13:07:12	8.91	--	10	8910	卖盘
13:07:06	8.91	--	122	108702	买盘
13:06:57	8.91	--	20	17820	买盘
13:06:42	8.91	--	175	155925	卖盘
13:06:27	8.91	-0.01	45	40095	卖盘
13:06:24	8.92	--	2	1784	买盘
13:05:51	8.92	--	20	17840	买盘
13:05:39	8.92	--	21	18732	卖盘
13:05:30	8.92	-0.01	131	116852	卖盘
13:05:06	8.93	0.01	92	82156	买盘
13:04:57	8.92	--	12	10704	买盘
13:04:54	8.92	0.01	5	4460	买盘
13:04:48	8.91	--	5	4455	卖盘
13:04:39	8.91	--	17	15147	卖盘
13:04:33	8.91	-0.01	3	2673	卖盘
13:04:30	8.92	--	7	6244	买盘
13:04:24	8.92	--	1	892	卖盘
13:04:18	8.92	--	9	8028	卖盘
13:04:15	8.92	0.01	10	8920	买盘
13:04:12	8.91	--	37	32967	卖盘
13:03:57	8.91	--	10	8910	卖盘
13:03:51	8.91	--	1	891	卖盘
13:03:42	8.91	--	2	1782	卖盘
13:03:39	8.91	--	26	23166	卖盘
13:03:30	8.91	-0.01	5	4455	卖盘
13:03:21	8.92	--	6	5352	买盘
13:03:09	8.92	-0.01	19	16948	卖盘
13:03:06	8.93	0.01	70	62510	买盘
13:03:00	8.92	-0.01	10	8920	卖盘
13:02:57	8.93	0.01	8	7144	买盘
13:02:39	8.92	-0.01	2	1784	卖盘
13:02:27	8.93	--	40	35720	买盘
13:02:12	8.93	0.01	40	35720	买盘
13:02:09	8.92	-0.01	19	16948	卖盘
13:01:48	8.93	0.01	1	893	买盘
13:01:45	8.92	--	10	8920	卖盘
13:01:42	8.92	-0.01	54	48168	卖盘
13:01:39	8.93	0.02	30	26790	买盘
13:01:36	8.91	-0.01	256	228096	卖盘
13:01:33	8.92	--	3	2676	卖盘
13:01:27	8.92	--	2	1784	卖盘
13:01:12	8.92	--	20	17840	卖盘
13:01:06	8.92	-0.01	10	8920	卖盘
13:00:51	8.93	--	120	107160	买盘
13:00:42	8.93	--	20	17860	买盘
13:00:15	8.93	0.02	9	8037	买盘
13:00:09	8.91	--	3	2673	卖盘
13:00:06	8.91	--	27	24057	卖盘
13:00:03	8.91	-0.02	254	226314	买盘
13:00:00	8.93	--	0	0	买盘
11:30:00	8.93	--	0	0	买盘
11:29:45	8.93	0.03	40	35720	买盘
11:29:42	8.9	-0.03	264	234960	卖盘
11:29:33	8.93	--	132	117876	买盘
11:29:24	8.93	0.02	173	154489	买盘
11:29:18	8.91	-0.01	3	2673	卖盘
11:29:12	8.92	0.01	183	163236	买盘
11:29:06	8.91	--	50	44550	卖盘
11:29:03	8.91	--	14	12474	卖盘
11:28:57	8.91	0.01	334	297594	买盘
11:28:54	8.9	-0.01	63	56070	卖盘
11:28:36	8.91	--	40	35640	买盘
11:28:30	8.91	--	5	4455	买盘
11:28:27	8.91	0.01	100	89100	买盘
11:28:09	8.9	-0.01	118	105020	卖盘
11:28:06	8.91	--	152	135432	买盘
11:28:03	8.91	--	10	8910	买盘
11:27:57	8.91	0.01	40	35640	买盘
11:27:45	8.9	-0.01	17	15130	卖盘
11:27:42	8.91	--	4	3564	买盘
11:27:39	8.91	--	67	59697	买盘
11:27:12	8.91	--	5	4455	买盘
11:27:00	8.91	0.01	8	7128	买盘
11:26:57	8.9	-0.01	20	17800	卖盘
11:26:48	8.91	0.01	1	891	买盘
11:26:42	8.9	--	37	32930	卖盘
11:26:39	8.9	-0.01	15	13350	卖盘
11:26:36	8.91	--	10	8910	买盘
11:26:15	8.91	--	1	891	买盘
11:26:09	8.91	0.01	2	1782	买盘
11:26:06	8.9	--	42	37380	卖盘
11:26:03	8.9	--	10	8900	卖盘
11:26:00	8.9	-0.01	1	890	卖盘
11:25:51	8.91	0.01	8	7128	买盘
11:25:48	8.9	--	37	32930	卖盘
11:25:36	8.9	--	2	1780	卖盘
11:25:30	8.9	--	107	95230	卖盘
11:25:24	8.9	-0.01	102	90780	卖盘
11:25:21	8.91	0.01	60	53460	买盘
11:25:18	8.9	-0.01	46	40940	卖盘
11:25:15	8.91	--	10	8910	买盘
11:25:06	8.91	0.01	96	85536	买盘
11:25:03	8.9	--	103	91670	卖盘
11:25:00	8.9	-0.01	20	17800	卖盘
11:24:57	8.91	0.01	3	2673	买盘
11:24:48	8.9	--	50	44500	卖盘
11:24:42	8.9	-0.01	5	4450	卖盘
11:24:39	8.91	--	9	8019	买盘
11:24:24	8.91	0.01	9	8019	买盘
11:24:21	8.9	--	28	24920	卖盘
11:24:18	8.9	0.01	146	129940	买盘
11:24:09	8.89	--	23	20447	卖盘
11:24:03	8.89	-0.01	10	8890	卖盘
11:23:57	8.9	--	20	17800	买盘
11:23:54	8.9	0.01	69	61410	买盘
11:23:51	8.89	--	2	1778	卖盘
11:23:39	8.89	-0.01	50	44450	卖盘
11:23:36	8.9	0.01	10	8900	买盘
11:23:30	8.89	--	307	272923	买盘
11:23:27	8.89	0.01	244	216916	买盘
11:23:24	8.88	-0.01	70	62160	卖盘
11:23:18	8.89	--	8	7112	买盘
11:23:15	8.89	--	124	110236	买盘
11:23:12	8.89	--	69	61341	买盘
11:23:06	8.89	--	141	125349	买盘
11:23:03	8.89	-0.01	263	233807	卖盘
11:23:00	8.9	0.01	131	116590	买盘
11:22:54	8.89	--	400	355600	卖盘
11:22:51	8.89	--	166	147574	买盘
11:22:48	8.89	0.01	6	5334	买盘
11:22:39	8.88	--	2	1776	卖盘
11:22:36	8.88	--	5	4440	卖盘
11:22:33	8.88	--	223	198024	卖盘
11:22:27	8.88	--	20	17760	卖盘
11:22:24	8.88	-0.01	6	5328	卖盘
11:22:21	8.89	0.01	8	7112	买盘
11:22:18	8.88	--	1	888	卖盘
11:22:12	8.88	--	8	7104	卖盘
11:22:09	8.88	--	49	43512	卖盘
11:22:06	8.88	--	27	23976	卖盘
11:22:03	8.88	--	9	7992	卖盘
11:21:57	8.88	--	4	3552	卖盘
11:21:51	8.88	--	10	8880	卖盘
11:21:45	8.88	--	50	44400	卖盘
11:21:39	8.88	-0.01	10	8880	卖盘
11:21:33	8.89	--	50	44450	买盘
11:21:30	8.89	-0.01	63	56007	卖盘
11:21:21	8.9	0.01	9	8010	买盘
11:21:18	8.89	--	64	56896	卖盘
11:21:06	8.89	-0.01	2	1778	卖盘
11:21:03	8.9	0.01	166	147740	买盘
11:21:00	8.89	--	3	2667	卖盘
11:20:57	8.89	-0.01	125	111125	卖盘
11:20:54	8.9	--	43	38270	卖盘
11:20:51	8.9	--	28	24920	卖盘
11:20:42	8.9	--	29	25810	买盘
11:20:36	8.9	--	41	36490	卖盘
11:20:33	8.9	--	9	8010	卖盘
11:20:27	8.9	--	11	9790	卖盘
11:20:24	8.9	--	156	138840	卖盘
11:20:21	8.9	-0.01	5	4450	卖盘
11:20:18	8.91	0.01	20	17820	买盘
11:20:15	8.9	--	23	20470	卖盘
11:20:12	8.9	--	11	9790	卖盘
11:20:09	8.9	-0.01	139	123710	卖盘
11:20:06	8.91	--	5	4455	买盘
11:20:00	8.91	--	51	45441	卖盘
11:19:57	8.91	--	60	53460	卖盘
11:19:51	8.91	--	2	1782	卖盘
11:19:48	8.91	--	100	89100	卖盘
11:19:45	8.91	--	321	286011	卖盘
11:19:39	8.91	--	92	81972	卖盘
11:19:33	8.91	--	92	81972	卖盘
11:19:27	8.91	-0.01	9	8019	卖盘
11:19:21	8.92	--	5	4460	买盘
11:19:12	8.92	--	9	8028	买盘
11:19:09	8.92	--	122	108824	卖盘
11:18:48	8.92	--	145	129340	卖盘
11:18:45	8.92	--	52	46384	卖盘
11:18:39	8.92	--	51	45492	卖盘
11:18:36	8.92	--	8	7136	卖盘
11:18:33	8.92	--	77	68684	买盘
11:18:27	8.92	--	316	281872	卖盘
11:18:24	8.92	--	39	34788	卖盘
11:18:15	8.92	0.01	165	147180	买盘
11:18:12	8.91	--	1	891	卖盘
11:18:06	8.91	-0.01	192	171072	卖盘
11:18:03	8.92	--	9	8028	买盘
11:18:00	8.92	--	150	133800	买盘
11:17:57	8.92	0.01	14	12488	买盘
11:17:54	8.91	--	11	9801	卖盘
11:17:48	8.91	-0.01	3	2673	卖盘
11:17:45	8.92	--	110	98120	买盘
11:17:42	8.92	--	125	111500	买盘
11:17:33	8.92	--	1	892	买盘
11:17:27	8.92	--	5	4460	买盘
11:17:15	8.92	0.01	30	26760	买盘
11:17:06	8.91	--	30	26730	卖盘
11:16:54	8.91	--	20	17820	卖盘
11:16:48	8.91	-0.01	46	40986	卖盘
11:16:45	8.92	--	9	8028	买盘
11:16:33	8.92	--	124	110608	买盘
11:16:30	8.92	--	44	39248	买盘
11:16:18	8.92	--	33	29436	买盘
11:16:09	8.92	--	102	90984	买盘
11:16:00	8.92	--	50	44600	买盘
11:15:57	8.92	--	27	24084	买盘
11:15:51	8.92	--	20	17840	买盘
11:15:42	8.92	--	80	71360	卖盘
11:15:39	8.92	--	3	2676	卖盘
11:15:36	8.92	--	29	25868	买盘
11:15:30	8.92	0.01	2	1784	买盘
11:15:21	8.91	--	54	48114	卖盘
11:15:18	8.91	--	11	9801	买盘
11:15:15	8.91	0.01	59	52569	买盘
11:15:09	8.9	-0.01	2	1780	卖盘
11:15:03	8.91	--	10	8910	买盘
11:14:51	8.91	0.01	38	33858	买盘
11:14:36	8.9	-0.01	11	9790	卖盘
11:14:33	8.91	0.01	10	8910	买盘
11:14:24	8.9	--	10	8900	卖盘
11:14:18	8.9	--	2	1780	卖盘
11:14:00	8.9	--	27	24030	卖盘
11:13:48	8.9	0.01	81	72090	买盘
11:13:33	8.89	--	10	8890	卖盘
11:13:30	8.89	-0.01	234	208026	卖盘
11:13:21	8.9	0.01	10	8900	买盘
11:13:03	8.89	--	1	889	买盘
11:12:57	8.89	--	50	44450	买盘
11:12:54	8.89	--	139	123571	卖盘
11:12:51	8.89	--	6	5334	卖盘
11:12:48	8.89	--	10	8890	卖盘
11:12:36	8.89	--	5	4445	卖盘
11:12:27	8.89	--	271	240919	买盘
11:12:24	8.89	--	2	1778	买盘
11:12:21	8.89	--	2	1778	买盘
11:12:12	8.89	--	12	10668	买盘
11:12:09	8.89	--	4	3556	买盘
11:12:03	8.89	0.01	45	40005	买盘
11:11:57	8.88	--	10	8880	卖盘
11:11:54	8.88	--	43	38184	卖盘
11:11:51	8.88	-0.01	110	97680	卖盘
11:11:27	8.89	0.01	10	8890	买盘
11:11:21	8.88	--	184	163392	卖盘
11:11:18	8.88	-0.01	38	33744	卖盘
11:11:06	8.89	-0.01	217	192913	卖盘
11:11:00	8.9	0.01	10	8900	买盘
11:10:57	8.89	--	40	35560	卖盘
11:10:51	8.89	--	3	2667	卖盘
11:10:48	8.89	--	6	5334	卖盘
11:10:42	8.89	--	20	17780	卖盘
11:10:39	8.89	--	110	97790	卖盘
11:10:36	8.89	--	5	4445	卖盘
11:10:30	8.89	0.01	25	22225	买盘
11:10:18	8.88	--	31	27528	卖盘
11:10:12	8.88	--	10	8880	卖盘
11:10:09	8.88	-0.01	15	13320	卖盘
11:10:06	8.89	0.01	10	8890	买盘
11:10:03	8.88	-0.01	10	8880	卖盘
11:09:57	8.89	--	4	3556	卖盘
11:09:51	8.89	0.01	6	5334	中性盘
11:09:45	8.88	--	17	15096	卖盘
11:09:36	8.88	--	27	23976	卖盘
11:09:33	8.88	--	20	17760	卖盘
11:09:27	8.88	--	10	8880	卖盘
11:09:24	8.88	--	10	8880	卖盘
11:09:21	8.88	--	2	1776	卖盘
11:09:18	8.88	0.01	47	42588	买盘
11:09:15	8.87	-0.01	32	28383	卖盘
11:09:12	8.88	--	145	128760	买盘
11:09:09	8.88	0.01	100	88800	买盘
11:09:03	8.87	-0.01	52	46123	卖盘
11:08:57	8.88	0.01	12	10656	买盘
11:08:54	8.87	--	4	3547	卖盘
11:08:42	8.87	-0.01	26	23061	卖盘
11:08:39	8.88	0.01	10	8880	买盘
11:08:36	8.87	-0.01	60	53219	卖盘
11:08:27	8.88	--	34	30192	卖盘
11:08:24	8.88	--	28	24864	买盘
11:08:21	8.88	--	30	26640	买盘
11:08:18	8.88	--	6	5328	买盘
11:08:15	8.88	--	60	53280	买盘
11:08:09	8.88	--	207	183816	卖盘
11:08:06	8.88	--	38	33744	卖盘
11:07:57	8.88	--	20	17760	卖盘
11:07:45	8.88	-0.02	55	48840	卖盘
11:07:33	8.9	--	38	33820	买盘
11:07:30	8.9	0.01	50	44500	买盘
11:07:24	8.89	-0.01	200	177800	卖盘
11:07:06	8.9	--	53	47170	卖盘
11:07:03	8.9	--	53	47170	卖盘
11:06:54	8.9	--	27	24030	卖盘
11:06:45	8.9	0.01	328	291920	买盘
11:06:42	8.89	--	10	8890	买盘
11:06:27	8.89	-0.01	95	84455	卖盘
11:06:24	8.9	0.01	10	8900	买盘
11:06:03	8.89	--	100	88900	卖盘
11:06:00	8.89	--	50	44450	卖盘
11:05:51	8.89	--	5	4445	卖盘
11:05:48	8.89	--	35	31115	卖盘
11:05:36	8.89	-0.01	17	15113	卖盘
11:05:33	8.9	0.01	25	22250	买盘
11:05:18	8.89	--	368	327152	买盘
11:05:15	8.89	--	20	17780	买盘
11:05:09	8.89	--	10	8890	买盘
11:05:06	8.89	-0.01	283	251587	卖盘
11:05:03	8.9	0.01	30	26700	买盘
11:05:00	8.89	--	30	26670	卖盘
11:04:54	8.89	-0.01	3	2667	卖盘
11:04:48	8.9	0.01	3	2670	买盘
11:04:45	8.89	--	6	5334	卖盘
11:04:30	8.89	-0.02	10	8890	卖盘
11:04:24	8.91	0.02	11	9801	买盘
11:04:18	8.89	-0.02	3	2667	卖盘
11:04:06	8.91	0.01	321	286011	买盘
11:04:03	8.9	0.01	10	8900	买盘
11:04:00	8.89	--	1	889	卖盘
11:03:45	8.89	-0.02	180	160020	卖盘
11:03:42	8.91	--	23	20493	卖盘
11:03:33	8.91	--	2	1782	买盘
11:03:21	8.91	--	13	11583	卖盘
11:03:18	8.91	--	20	17820	卖盘
11:03:12	8.91	--	2	1782	中性盘
11:03:03	8.91	-0.02	18	16038	卖盘
11:02:57	8.93	0.01	3	2679	买盘
11:02:54	8.92	0.01	7	6244	中性盘
11:02:48	8.91	--	50	44550	买盘
11:02:39	8.91	--	1	891	买盘
11:02:33	8.91	--	18	16038	卖盘
11:02:27	8.91	--	15	13365	卖盘
11:02:24	8.91	0.01	10	8910	买盘
11:02:21	8.9	--	1	890	卖盘
11:02:18	8.9	-0.01	30	26700	卖盘
11:02:09	8.91	--	2	1782	卖盘
11:02:06	8.91	0.01	3	2673	卖盘
11:01:54	8.9	--	15	13350	卖盘
11:01:42	8.9	--	20	17800	买盘
11:01:39	8.9	-0.03	77	68530	卖盘
11:01:36	8.93	0.03	92	82156	买盘
11:01:33	8.9	--	1	890	卖盘
11:01:06	8.9	0.01	27	24030	中性盘
11:01:03	8.89	--	98	87122	卖盘
11:00:51	8.89	--	81	72009	卖盘
11:00:45	8.89	-0.01	10	8890	卖盘
11:00:39	8.9	-0.03	10	8900	中性盘
11:00:30	8.93	0.04	937	836741	买盘
11:00:21	8.89	--	70	62230	卖盘
11:00:18	8.89	-0.01	33	29337	卖盘
11:00:12	8.9	0.01	12	10680	买盘
11:00:03	8.89	--	328	291592	买盘
11:00:00	8.89	--	100	88900	买盘
10:59:54	8.89	0.01	8	7112	中性盘
10:59:45	8.88	--	66	58608	卖盘
10:59:39	8.88	-0.01	100	88800	卖盘
10:59:36	8.89	--	17	15113	买盘
10:59:33	8.89	--	20	17780	中性盘
10:59:21	8.89	--	10	8890	买盘
10:59:18	8.89	--	20	17780	卖盘
10:59:09	8.89	--	25	22225	买盘
10:59:03	8.89	--	15	13335	买盘
10:58:57	8.89	--	50	44450	买盘
10:58:51	8.89	--	3	2667	买盘
10:58:48	8.89	0.01	3	2667	中性盘
10:58:42	8.88	-0.01	96	85248	卖盘
10:58:39	8.89	--	5	4445	卖盘
10:58:36	8.89	0.01	74	65786	买盘
10:58:33	8.88	--	12	10656	卖盘
10:58:27	8.88	-0.01	12	10656	卖盘
10:58:24	8.89	--	44	39116	买盘
10:58:21	8.89	--	115	102235	买盘
10:58:12	8.89	--	38	33782	买盘
10:58:06	8.89	--	40	35560	买盘
10:58:03	8.89	--	50	44450	买盘
10:57:51	8.89	--	31	27559	买盘
10:57:48	8.89	--	1	889	买盘
10:57:45	8.89	--	105	93345	卖盘
10:57:36	8.89	--	4	3556	卖盘
10:57:30	8.89	-0.01	300	266700	卖盘
10:57:21	8.9	0.01	20	17800	买盘
10:57:18	8.89	--	40	35560	卖盘
10:57:12	8.89	--	17	15113	卖盘
10:57:06	8.89	-0.01	16	14224	卖盘
10:57:03	8.9	0.01	1	890	买盘
10:56:57	8.89	--	111	98679	卖盘
10:56:54	8.89	-0.01	36	32004	卖盘
10:56:48	8.9	--	100	89000	买盘
10:56:45	8.9	0.01	20	17800	买盘
10:56:42	8.89	-0.01	5	4445	卖盘
10:56:39	8.9	0.01	7	6230	买盘
10:56:36	8.89	-0.01	15	13335	卖盘
10:56:33	8.9	0.01	10	8900	买盘
10:56:27	8.89	-0.01	7	6223	卖盘
10:56:24	8.9	--	2	1780	买盘
10:56:21	8.9	--	20	17800	买盘
10:56:15	8.9	--	192	170880	卖盘
10:56:12	8.9	--	11	9790	卖盘
10:56:06	8.9	-0.01	12	10680	卖盘
10:56:00	8.91	0.01	12	10692	买盘
10:55:57	8.9	-0.01	52	46280	卖盘
10:55:51	8.91	0.01	8	7128	买盘
10:55:45	8.9	-0.01	160	142400	卖盘
10:55:39	8.91	--	124	110484	卖盘
10:55:30	8.91	-0.01	5	4455	卖盘
10:55:15	8.92	0.01	59	52628	买盘
10:55:12	8.91	-0.01	10	8910	卖盘
10:55:09	8.92	--	4	3568	买盘
10:55:06	8.92	0.01	10	8920	买盘
10:55:03	8.91	-0.01	40	35640	卖盘
10:55:00	8.92	0.01	32	28544	买盘
10:54:57	8.91	--	20	17820	卖盘
10:54:51	8.91	--	1	891	卖盘
10:54:48	8.91	--	2	1782	卖盘
10:54:45	8.91	--	12	10692	卖盘
10:54:36	8.91	--	52	46332	卖盘
10:54:33	8.91	--	110	98010	卖盘
10:54:30	8.91	--	15	13365	卖盘
10:54:27	8.91	0.01	25	22275	买盘
10:54:24	8.9	-0.01	15	13350	卖盘
10:54:21	8.91	--	51	45441	卖盘
10:54:18	8.91	--	49	43659	买盘
10:54:15	8.91	-0.01	5	4455	卖盘
10:53:57	8.92	--	100	89200	买盘
10:53:51	8.92	0.01	102	90984	买盘
10:53:45	8.91	--	80	71280	买盘
10:53:39	8.91	--	94	83754	买盘
10:53:33	8.91	0.01	10	8910	中性盘
10:53:27	8.9	-0.02	400	356000	卖盘
10:53:18	8.92	0.01	21	18732	买盘
10:53:12	8.91	--	50	44550	卖盘
10:53:09	8.91	--	4	3564	卖盘
10:53:03	8.91	--	44	39204	卖盘
10:53:00	8.91	0.01	84	74844	买盘
10:52:54	8.9	--	8	7120	卖盘
10:52:51	8.9	-0.01	2	1780	卖盘
10:52:45	8.91	--	12	10692	买盘
10:52:42	8.91	0.01	3	2673	买盘
10:52:36	8.9	--	26	23140	卖盘
10:52:27	8.9	0.01	5	4450	买盘
10:52:18	8.89	-0.01	300	266700	卖盘
10:52:09	8.9	--	30	26700	买盘
10:52:06	8.9	--	11	9790	买盘
10:52:03	8.9	--	15	13350	买盘
10:51:57	8.9	--	30	26700	买盘
10:51:54	8.9	0.01	200	178000	买盘
10:51:51	8.89	--	44	39116	卖盘
10:51:48	8.89	-0.01	1	889	卖盘
10:51:42	8.9	0.01	50	44500	买盘
10:51:30	8.89	0.01	29	25781	中性盘
10:51:27	8.88	--	40	35520	卖盘
10:51:24	8.88	-0.01	94	83472	卖盘
10:51:21	8.89	--	35	31115	买盘
10:51:18	8.89	0.01	5	4445	买盘
10:51:09	8.88	-0.01	4	3552	卖盘
10:51:06	8.89	0.01	88	78232	买盘
10:50:54	8.88	--	199	176712	卖盘
10:50:51	8.88	--	8	7104	卖盘
10:50:48	8.88	-0.01	28	24864	卖盘
10:50:42	8.89	0.01	10	8890	买盘
10:50:39	8.88	-0.01	35	31080	卖盘
10:50:27	8.89	0.01	66	58674	买盘
10:50:24	8.88	-0.01	10	8880	卖盘
10:50:21	8.89	--	26	23114	买盘
10:50:15	8.89	--	10	8890	买盘
10:50:09	8.89	--	3	2667	卖盘
10:50:06	8.89	--	36	32004	卖盘
10:50:03	8.89	-0.01	2	1778	卖盘
10:49:54	8.9	0.02	10	8900	买盘
10:49:48	8.88	-0.01	211	187368	卖盘
10:49:45	8.89	0.01	13	11557	买盘
10:49:42	8.88	-0.01	50	44400	卖盘
10:49:33	8.89	--	154	136906	买盘
10:49:21	8.89	--	14	12446	卖盘
10:49:15	8.89	-0.01	215	191135	卖盘
10:49:09	8.9	0.01	100	89000	买盘
10:49:06	8.89	-0.01	101	89789	卖盘
10:49:03	8.9	--	2	1780	买盘
10:49:00	8.9	--	75	66750	买盘
10:48:42	8.9	0.01	31	27590	买盘
10:48:39	8.89	--	104	92456	卖盘
10:48:36	8.89	--	102	90678	卖盘
10:48:24	8.89	-0.01	57	50673	卖盘
10:48:21	8.9	--	11	9790	买盘
10:48:15	8.9	--	30	26700	买盘
10:48:12	8.9	0.01	10	8900	买盘
10:48:09	8.89	-0.01	5	4445	卖盘
10:48:06	8.9	0.01	234	208260	买盘
10:48:03	8.89	--	9	8001	卖盘
10:48:00	8.89	--	1	889	卖盘
10:47:57	8.89	--	3	2667	卖盘
10:47:48	8.89	--	40	35560	卖盘
10:47:39	8.89	0.01	45	40005	中性盘
10:47:33	8.88	-0.01	74	65712	卖盘
10:47:30	8.89	--	2	1778	卖盘
10:47:27	8.89	0.01	40	35560	中性盘
10:47:24	8.88	--	36	31968	卖盘
10:47:21	8.88	--	1	888	卖盘
10:47:15	8.88	--	47	41736	卖盘
10:47:12	8.88	--	1	1607	买盘
10:47:09	8.88	-0.02	22	19704	卖盘
10:47:06	8.9	0.02	34	30260	买盘
10:47:03	8.88	--	135	119880	卖盘
10:46:51	8.88	-0.02	1000	888000	卖盘
10:46:45	8.9	--	134	119260	卖盘
10:46:36	8.9	--	5	4450	卖盘
10:46:27	8.9	--	59	52510	卖盘
10:46:24	8.9	--	20	17800	卖盘
10:46:18	8.9	--	22	19580	卖盘
10:46:15	8.9	--	10	8900	卖盘
10:46:12	8.9	0.01	39	34710	买盘
10:46:06	8.89	-0.01	11	9779	卖盘
10:46:00	8.9	-0.01	49	43610	买盘
10:45:57	8.91	0.01	75	66825	买盘
10:45:48	8.9	-0.01	21	18690	中性盘
10:45:42	8.91	0.01	34	30294	买盘
10:45:39	8.9	--	50	44500	买盘
10:45:21	8.9	--	54	48060	买盘
10:45:18	8.9	--	1	890	买盘
10:45:15	8.9	--	14	12460	买盘
10:45:12	8.9	-0.01	19	16910	卖盘
10:45:09	8.91	0.01	10	8910	买盘
10:45:03	8.9	--	5	4450	卖盘
10:44:51	8.9	--	13	11570	卖盘
10:44:48	8.9	--	6	5340	卖盘
10:44:45	8.9	--	25	22250	卖盘
10:44:42	8.9	--	8	7120	卖盘
10:44:39	8.9	--	2	1780	卖盘
10:44:36	8.9	--	51	45390	卖盘
10:44:30	8.9	-0.01	14	12460	卖盘
10:44:27	8.91	0.01	11	9801	买盘
10:44:21	8.9	--	1	890	卖盘
10:44:18	8.9	--	1	890	卖盘
10:44:03	8.9	-0.01	20	17800	卖盘
10:43:54	8.91	0.01	10	8910	中性盘
10:43:45	8.9	-0.01	250	222500	卖盘
10:43:27	8.91	--	144	128304	卖盘
10:43:24	8.91	-0.01	7	6237	卖盘
10:43:12	8.92	0.01	11	9812	买盘
10:43:09	8.91	--	3	2673	卖盘
10:43:00	8.91	--	1	891	卖盘
10:42:54	8.91	--	6	5346	卖盘
10:42:51	8.91	--	5	4455	卖盘
10:42:48	8.91	0.01	20	17820	买盘
10:42:39	8.9	-0.01	300	267000	卖盘
10:42:33	8.91	--	22	19602	卖盘
10:42:30	8.91	--	48	42768	买盘
10:42:27	8.91	0.01	10	8910	买盘
10:42:24	8.9	-0.01	5	4450	卖盘
10:42:21	8.91	0.01	8	7128	买盘
10:42:18	8.9	--	15	13350	卖盘
10:42:12	8.9	-0.01	3	2670	卖盘
10:42:06	8.91	--	44	39204	卖盘
10:42:00	8.91	--	15	13365	卖盘
10:41:54	8.91	-0.01	53	47223	卖盘
10:41:51	8.92	0.01	11	9812	买盘
10:41:48	8.91	-0.01	63	56133	卖盘
10:41:45	8.92	--	20	17840	买盘
10:41:39	8.92	--	14	12488	买盘
10:41:30	8.92	--	192	171879	卖盘
10:41:27	8.92	--	3	2676	卖盘
10:41:21	8.92	--	161	143612	卖盘
10:41:18	8.92	-0.01	83	74036	卖盘
10:41:15	8.93	--	14	12502	买盘
10:41:03	8.93	0.01	14	12502	买盘
10:41:00	8.92	-0.01	10	8920	卖盘
10:40:54	8.93	--	25	22325	买盘
10:40:51	8.93	--	28	25004	卖盘
10:40:42	8.93	--	22	19646	买盘
10:40:39	8.93	--	70	62510	买盘
10:40:36	8.93	--	19	16967	买盘
10:40:27	8.93	0.01	6	5358	中性盘
10:40:06	8.92	-0.01	11	9812	卖盘
10:40:00	8.93	--	12	10716	买盘
10:39:57	8.93	0.01	9	8037	买盘
10:39:54	8.92	--	5	4460	卖盘
10:39:39	8.92	0.02	323	288392	买盘
10:39:36	8.9	--	8	7120	卖盘
10:39:33	8.9	-0.01	400	356000	卖盘
10:39:30	8.91	-0.01	25	22275	卖盘
10:39:21	8.92	--	10	8920	买盘
10:39:18	8.92	0.02	13	11596	买盘
10:39:15	8.9	--	1	890	卖盘
10:39:09	8.9	--	4	3560	卖盘
10:39:06	8.9	--	6	5340	卖盘
10:39:03	8.9	--	1	890	卖盘
10:39:00	8.9	--	104	92560	买盘
10:38:57	8.9	--	160	142400	买盘
10:38:54	8.9	--	10	8900	买盘
10:38:48	8.9	--	192	170880	买盘
10:38:45	8.9	--	396	352440	买盘
10:38:42	8.9	0.01	1342	1194380	买盘
10:38:33	8.89	--	10	8890	卖盘
10:38:30	8.89	-0.01	16	14224	卖盘
10:38:21	8.9	--	112	99680	买盘
10:38:18	8.9	--	1250	1112500	卖盘
10:38:12	8.9	-0.01	14	12460	卖盘
10:38:06	8.91	--	16	14256	买盘
10:38:03	8.91	--	34	30294	卖盘
10:37:51	8.91	--	16	14256	买盘
10:37:48	8.91	--	24	21384	买盘
10:37:45	8.91	--	14	12474	买盘
10:37:42	8.91	--	10	8910	买盘
10:37:36	8.91	--	4	3564	买盘
10:37:30	8.91	0.01	53	47223	买盘
10:37:21	8.9	0.01	10	8900	卖盘
10:37:18	8.89	-0.02	689	612521	卖盘
10:37:15	8.91	0.01	5	4455	买盘
10:37:06	8.9	--	120	106800	买盘
10:37:03	8.9	0.01	100	89000	买盘
10:37:00	8.89	-0.01	31	27559	卖盘
10:36:57	8.9	--	34	30260	买盘
10:36:45	8.9	--	5	4450	买盘
10:36:42	8.9	--	61	54290	买盘
10:36:39	8.9	--	50	44500	买盘
10:36:24	8.9	--	248	220720	卖盘
10:36:21	8.9	--	100	89000	卖盘
10:36:18	8.9	-0.01	10	8900	卖盘
10:36:15	8.91	0.01	113	100683	买盘
10:36:12	8.9	-0.01	15	13350	卖盘
10:36:09	8.91	0.01	20	17820	买盘
10:36:06	8.9	--	13	11570	卖盘
10:36:00	8.9	-0.01	102	90780	卖盘
10:35:57	8.91	--	28	24948	卖盘
10:35:54	8.91	-0.01	65	57915	卖盘
10:35:51	8.92	0.01	60	53520	买盘
10:35:45	8.91	--	97	86427	卖盘
10:35:42	8.91	--	140	124740	卖盘
10:35:39	8.91	--	571	508761	卖盘
10:35:36	8.91	-0.01	3	2673	卖盘
10:35:33	8.92	0.01	8	7136	买盘
10:35:30	8.91	-0.01	9	8019	卖盘
10:35:27	8.92	0.01	68	60656	买盘
10:35:24	8.91	--	21	18711	卖盘
10:35:21	8.91	--	7	6237	卖盘
10:35:12	8.91	--	40	35640	卖盘
10:35:09	8.91	--	66	58806	卖盘
10:35:06	8.91	--	18	16038	卖盘
10:34:57	8.91	0.01	115	102465	买盘
10:34:54	8.9	--	50	44500	卖盘
10:34:48	8.9	--	19	16910	卖盘
10:34:42	8.9	--	96	85440	买盘
10:34:39	8.9	--	12	10680	卖盘
10:34:36	8.9	0.01	3	2670	中性盘
10:34:33	8.89	-0.01	5	4445	卖盘
10:34:30	8.9	--	151	134390	卖盘
10:34:27	8.9	--	45	40050	卖盘
10:34:24	8.9	--	149	132610	卖盘
10:34:21	8.9	--	24	21360	卖盘
10:34:15	8.9	--	10	8900	卖盘
10:34:09	8.9	-0.01	100	89000	卖盘
10:34:06	8.91	0.01	11	9801	买盘
10:34:03	8.9	-0.01	600	534000	卖盘
10:33:57	8.91	-0.01	175	155925	卖盘
10:33:54	8.92	0.01	21	18732	买盘
10:33:51	8.91	--	15	13365	卖盘
10:33:48	8.91	--	207	184437	买盘
10:33:45	8.91	--	35	31185	卖盘
10:33:36	8.91	--	50	44550	卖盘
10:33:33	8.91	--	2	1782	卖盘
10:33:30	8.91	--	50	44550	卖盘
10:33:27	8.91	--	50	44550	卖盘
10:33:24	8.91	--	86	76626	卖盘
10:33:21	8.91	--	50	44550	卖盘
10:33:15	8.91	--	136	121176	卖盘
10:33:12	8.91	-0.02	1	891	卖盘
10:33:09	8.93	0.02	150	133950	买盘
10:33:06	8.91	-0.01	200	178200	卖盘
10:33:00	8.92	-0.01	402	358958	卖盘
10:32:57	8.93	--	92	82156	卖盘
10:32:54	8.93	-0.01	77	68761	卖盘
10:32:51	8.94	0.01	11	9834	买盘
10:32:48	8.93	-0.01	7	6251	卖盘
10:32:42	8.94	-0.01	488	436272	卖盘
10:32:33	8.95	--	9	8054	卖盘
10:32:30	8.95	-0.01	10	8950	卖盘
10:32:27	8.96	0.01	17	15232	买盘
10:32:24	8.95	0.01	209	187054	买盘
10:32:21	8.94	-0.01	1	894	卖盘
10:32:15	8.95	--	6	5370	买盘
10:32:09	8.95	-0.01	145	129774	卖盘
10:31:54	8.96	--	180	161280	卖盘
10:31:51	8.96	-0.01	88	78848	卖盘
10:31:48	8.97	0.01	71	63687	买盘
10:31:45	8.96	--	20	17920	卖盘
10:31:39	8.96	--	200	179200	卖盘
10:31:36	8.96	--	13	11648	卖盘
10:31:33	8.96	--	19	17024	卖盘
10:31:24	8.96	--	50	44800	卖盘
10:31:21	8.96	--	50	44800	卖盘
10:31:09	8.96	-0.01	19	17024	卖盘
10:31:06	8.97	0.01	137	122889	买盘
10:31:00	8.96	--	26	23296	卖盘
10:30:54	8.96	--	59	52864	买盘
10:30:51	8.96	0.01	50	44800	买盘
10:30:48	8.95	-0.01	20	17900	卖盘
10:30:45	8.96	--	19	17024	买盘
10:30:42	8.96	0.01	2	1792	买盘
10:30:39	8.95	-0.01	29	25954	卖盘
10:30:36	8.96	--	100	89600	买盘
10:30:27	8.96	--	1	896	买盘
10:30:24	8.96	--	100	89600	买盘
10:30:21	8.96	--	6	5376	买盘
10:30:18	8.96	--	11	9856	买盘
10:30:15	8.96	--	281	251776	卖盘
10:30:09	8.96	--	10	8960	卖盘
10:30:06	8.96	--	2	1792	卖盘
10:30:00	8.96	--	1	896	卖盘
10:29:57	8.96	0.01	246	220416	买盘
10:29:48	8.95	-0.01	20	17900	卖盘
10:29:45	8.96	--	4	3584	买盘
10:29:39	8.96	0.01	47	42112	买盘
10:29:27	8.95	-0.01	1	894	卖盘
10:29:24	8.96	--	10	8960	买盘
10:29:15	8.96	-0.01	93	83328	卖盘
10:29:12	8.97	--	21	18837	买盘
10:29:06	8.97	--	20	17940	买盘
10:28:57	8.97	--	23	20631	买盘
10:28:51	8.97	--	16	14352	买盘
10:28:48	8.97	0.01	127	113919	买盘
10:28:42	8.96	-0.01	11	9856	卖盘
10:28:39	8.97	0.01	70	62790	买盘
10:28:36	8.96	--	53	47488	卖盘
10:28:30	8.96	--	3	2688	卖盘
10:28:03	8.96	--	98	87808	卖盘
10:27:54	8.96	--	61	54656	卖盘
10:27:51	8.96	--	13	11648	卖盘
10:27:48	8.96	-0.01	130	116480	卖盘
10:27:45	8.97	--	1	897	买盘
10:27:42	8.97	--	11	9867	买盘
10:27:39	8.97	0.01	20	17940	买盘
10:27:30	8.96	0.01	254	227584	买盘
10:27:27	8.95	--	18	16109	买盘
10:27:24	8.95	-0.01	96	85920	卖盘
10:27:12	8.96	0.01	25	22400	买盘
10:27:09	8.95	--	11	9845	买盘
10:27:06	8.95	--	53	47434	买盘
10:27:03	8.95	--	55	49224	买盘
10:26:57	8.95	--	6	5370	买盘
10:26:54	8.95	--	357	319515	卖盘
10:26:51	8.95	--	129	115454	卖盘
10:26:48	8.95	--	118	105609	卖盘
10:26:45	8.95	--	1	894	卖盘
10:26:42	8.95	--	215	192424	卖盘
10:26:39	8.95	--	7	6264	卖盘
10:26:36	8.95	--	15	13424	卖盘
10:26:24	8.95	--	10	8950	卖盘
10:26:21	8.95	--	15	13424	卖盘
10:26:18	8.95	0.01	49	43855	买盘
10:26:09	8.94	-0.01	41	36654	卖盘
10:26:03	8.95	0.01	28	25059	买盘
10:25:57	8.94	--	28	25032	买盘
10:25:54	8.94	0.01	57	50958	买盘
10:25:51	8.93	-0.01	65	58045	卖盘
10:25:48	8.94	--	17	15198	买盘
10:25:45	8.94	--	58	51852	买盘
10:25:42	8.94	--	10	8940	买盘
10:25:39	8.94	--	2	1788	买盘
10:25:33	8.94	--	54	48276	买盘
10:25:30	8.94	--	45	40230	买盘
10:25:27	8.94	--	102	91188	买盘
10:25:24	8.94	--	100	89400	买盘
10:25:21	8.94	--	13	11622	买盘
10:25:09	8.94	--	10	8940	买盘
10:25:06	8.94	0.01	3	2682	买盘
10:25:03	8.93	--	37	33041	卖盘
10:24:54	8.93	--	15	13395	卖盘
10:24:48	8.93	-0.01	3	2679	卖盘
10:24:33	8.94	-0.01	118	105492	卖盘
10:24:30	8.95	--	30	26849	买盘
10:24:24	8.95	0.01	10	8950	买盘
10:24:21	8.94	0.02	9	8046	中性盘
10:24:15	8.92	-0.02	69	61548	卖盘
10:24:12	8.94	-0.01	64	57216	卖盘
10:23:57	8.95	0.02	336	300720	买盘
10:23:51	8.93	-0.02	573	511689	卖盘
10:23:48	8.95	--	15	13424	买盘
10:23:45	8.95	--	20	17900	买盘
10:23:39	8.95	--	20	17900	买盘
10:23:36	8.95	-0.02	340	304300	卖盘
10:23:30	8.97	0.02	350	313950	买盘
10:23:27	8.95	--	3	2685	卖盘
10:23:21	8.95	--	2	1789	买盘
10:23:18	8.95	0.01	99	88605	买盘
10:23:15	8.94	-0.02	4	3576	卖盘
10:23:12	8.96	0.02	2	1792	买盘
10:22:45	8.94	-0.02	974	870756	卖盘
10:22:42	8.96	--	21	18816	买盘
10:22:33	8.96	0.01	11	9856	买盘
10:22:30	8.95	--	10	8950	卖盘
10:22:27	8.95	0.01	144	128879	买盘
10:22:21	8.94	--	9	8046	卖盘
10:22:15	8.94	0.01	1	894	卖盘
10:22:09	8.93	-0.02	8	7144	卖盘
10:22:06	8.95	0.02	733	656035	买盘
10:22:00	8.93	-0.01	4	3572	卖盘
10:21:57	8.94	-0.01	112	100646	中性盘
10:21:48	8.95	0.02	112	100239	买盘
10:21:39	8.93	--	7	6251	卖盘
10:21:36	8.93	-0.01	18	16074	卖盘
10:21:33	8.94	0.02	10	8940	买盘
10:21:27	8.92	-0.01	309	275628	卖盘
10:21:24	8.93	--	178	158954	买盘
10:21:15	8.93	--	132	117876	卖盘
10:21:12	8.93	-0.01	736	657248	卖盘
10:20:57	8.94	-0.01	283	253002	卖盘
10:20:51	8.95	--	47	42065	买盘
10:20:45	8.95	--	1	894	买盘
10:20:42	8.95	--	87	77865	卖盘
10:20:39	8.95	-0.01	20	17900	卖盘
10:20:27	8.96	--	97	87288	卖盘
10:20:24	8.96	--	30	26880	卖盘
10:20:21	8.96	-0.01	4	3584	卖盘
10:20:18	8.97	0.01	99	88803	买盘
10:20:15	8.96	--	500	448000	卖盘
10:20:12	8.96	--	34	30464	卖盘
10:20:06	8.96	-0.01	623	558727	卖盘
10:20:03	8.97	0.01	1	897	中性盘
10:20:00	8.96	-0.01	20	17920	卖盘
10:19:57	8.97	-0.01	18	16146	卖盘
10:19:54	8.98	0.01	119	106862	买盘
10:19:51	8.97	--	40	35880	卖盘
10:19:45	8.97	--	30	26910	买盘
10:19:39	8.97	0.01	94	84318	买盘
10:19:36	8.96	-0.01	100	89600	卖盘
10:19:33	8.97	--	129	115713	卖盘
10:19:30	8.97	--	54	48438	卖盘
10:19:27	8.97	0.01	85	76245	卖盘
10:19:24	8.96	--	58	51968	卖盘
10:19:21	8.96	-0.01	2	1792	卖盘
10:19:18	8.97	--	19	17043	买盘
10:19:15	8.97	--	65	58305	买盘
10:19:12	8.97	--	133	119301	卖盘
10:19:06	8.97	--	1	897	卖盘
10:19:03	8.97	--	210	188370	卖盘
10:19:00	8.97	--	1	897	卖盘
10:18:57	8.97	-0.01	10	8970	中性盘
10:18:54	8.98	--	188	168824	买盘
10:18:48	8.98	--	66	59268	买盘
10:18:45	8.98	0.01	200	179600	买盘
10:18:42	8.97	--	26	23322	买盘
10:18:39	8.97	--	128	114816	卖盘
10:18:36	8.97	--	140	125580	卖盘
10:18:33	8.97	--	10	8970	卖盘
10:18:27	8.97	--	205	183885	买盘
10:18:24	8.97	0.01	142	127374	买盘
10:18:21	8.96	--	198	177408	卖盘
10:18:15	8.96	-0.01	28	25088	卖盘
10:18:06	8.97	0.01	57	51129	买盘
10:18:00	8.96	--	25	22400	卖盘
10:17:57	8.96	--	135	120960	卖盘
10:17:54	8.96	0.01	89	79744	买盘
10:17:51	8.95	-0.01	19	17005	卖盘
10:17:42	8.96	--	20	17920	买盘
10:17:33	8.96	--	20	17920	买盘
10:17:30	8.96	-0.01	31	27776	卖盘
10:17:21	8.97	0.01	31	27807	买盘
10:17:18	8.96	--	10	8960	卖盘
10:17:12	8.96	-0.01	7	6272	卖盘
10:17:09	8.97	0.02	40	35880	买盘
10:17:06	8.95	-0.02	23	20585	卖盘
10:17:03	8.97	0.02	329	295113	买盘
10:17:00	8.95	--	12	10740	卖盘
10:16:51	8.95	-0.01	311	278345	卖盘
10:16:45	8.96	0.01	30	26880	买盘
10:16:42	8.95	--	331	296245	卖盘
10:16:39	8.95	--	30	26849	卖盘
10:16:33	8.95	--	11	9845	卖盘
10:16:27	8.95	--	5	4475	卖盘
10:16:24	8.95	--	10	8950	卖盘
10:16:18	8.95	--	30	26849	卖盘
10:16:15	8.95	--	15	13424	买盘
10:16:12	8.95	--	30	26849	买盘
10:16:09	8.95	--	100	89500	买盘
10:16:06	8.95	--	23	20585	买盘
10:16:03	8.95	--	6	5370	买盘
10:16:00	8.95	--	171	153045	卖盘
10:15:57	8.95	-0.01	5	4475	卖盘
10:15:54	8.96	0.01	110	98560	买盘
10:15:48	8.95	--	3	2685	卖盘
10:15:45	8.95	-0.01	1	894	卖盘
10:15:42	8.96	--	45	40320	买盘
10:15:39	8.96	0.01	200	179200	买盘
10:15:36	8.95	-0.01	33	29534	卖盘
10:15:33	8.96	0.01	46	41216	买盘
10:15:30	8.95	--	57	51014	买盘
10:15:27	8.95	--	7	6264	卖盘
10:15:24	8.95	--	13	11634	卖盘
10:15:21	8.95	--	31	27744	卖盘
10:15:15	8.95	-0.01	83	74285	卖盘
10:15:12	8.96	0.01	76	68096	买盘
10:15:09	8.95	--	20	17900	卖盘
10:14:57	8.95	-0.01	11	9845	买盘
10:14:54	8.96	0.01	31	27776	买盘
10:14:51	8.95	-0.01	90	80550	卖盘
10:14:45	8.96	--	11	9856	买盘
10:14:36	8.96	--	414	370944	卖盘
10:14:33	8.96	--	13	11648	卖盘
10:14:30	8.96	-0.01	22	19712	卖盘
10:14:27	8.97	0.01	47	42159	买盘
10:14:24	8.96	--	29	25984	卖盘
10:14:18	8.96	0.01	413	370048	买盘
10:14:12	8.95	0.01	151	135145	买盘
10:14:09	8.94	--	20	17880	卖盘
10:14:00	8.94	--	79	70626	买盘
10:13:57	8.94	--	10	8940	买盘
10:13:54	8.94	--	53	47382	买盘
10:13:51	8.94	-0.01	170	151980	卖盘
10:13:48	8.95	--	6	5370	买盘
10:13:45	8.95	0.01	10	8950	买盘
10:13:42	8.94	-0.01	123	109962	卖盘
10:13:39	8.95	0.01	31	27744	买盘
10:13:33	8.94	-0.01	10	8940	卖盘
10:13:30	8.95	0.01	11	9845	买盘
10:13:27	8.94	0.01	143	127842	买盘
10:13:18	8.93	--	75	66975	卖盘
10:13:15	8.93	--	15	13395	买盘
10:13:12	8.93	--	161	143773	买盘
10:13:09	8.93	--	25	22325	买盘
10:13:00	8.93	--	110	98230	买盘
10:12:57	8.93	--	28	25004	卖盘
10:12:54	8.93	-0.01	17	15181	卖盘
10:12:51	8.94	--	19	16986	买盘
10:12:48	8.94	--	3	2682	买盘
10:12:42	8.94	--	5	4470	买盘
10:12:39	8.94	--	22	19668	卖盘
10:12:36	8.94	-0.01	18	16092	卖盘
10:12:33	8.95	--	18	16109	买盘
10:12:30	8.95	0.01	9	8054	买盘
10:12:27	8.94	--	104	92976	卖盘
10:12:21	8.94	--	5	4470	卖盘
10:12:18	8.94	--	6	5364	买盘
10:12:15	8.94	0.02	1	894	买盘
10:12:09	8.92	--	5	4460	卖盘
10:12:06	8.92	--	24	21408	买盘
10:12:03	8.92	0.01	6	5352	买盘
10:12:00	8.91	-0.05	24	21384	卖盘
10:11:54	8.96	0.03	500	448000	买盘
10:11:45	8.93	0.02	45	40185	买盘
10:11:39	8.91	-0.01	192	171072	卖盘
10:11:36	8.92	-0.01	14	12488	卖盘
10:11:24	8.93	0.02	30	26790	买盘
10:11:15	8.91	--	170	151470	卖盘
10:11:09	8.91	-0.03	15	13365	卖盘
10:11:00	8.94	0.03	2	1788	买盘
10:10:57	8.91	0.01	333	296703	买盘
10:10:54	8.9	-0.01	50	44500	卖盘
10:10:51	8.91	--	101	89991	买盘
10:10:48	8.91	0.01	14	12474	买盘
10:10:45	8.9	-0.01	12	10680	卖盘
10:10:42	8.91	0.01	120	106920	买盘
10:10:33	8.9	--	33	29370	买盘
10:10:27	8.9	0.01	6	5340	买盘
10:10:24	8.89	--	133	118957	买盘
10:10:21	8.89	--	1	889	买盘
10:10:18	8.89	-0.01	4	3556	买盘
10:10:15	8.9	0.01	10	9069	卖盘
10:10:12	8.89	--	254	226526	买盘
10:10:06	8.89	-0.01	536	476504	卖盘
10:10:03	8.9	--	11	9790	买盘
10:10:00	8.9	--	20	17800	买盘
10:09:57	8.9	--	161	143459	卖盘
10:09:51	8.9	-0.01	39	34710	卖盘
10:09:45	8.91	--	70	62370	买盘
10:09:42	8.91	--	16	14256	卖盘
10:09:39	8.91	--	11	9801	买盘
10:09:36	8.91	--	4	3564	卖盘
10:09:33	8.91	--	7	6237	买盘
10:09:30	8.91	0.01	1	891	买盘
10:09:27	8.9	--	10	8900	卖盘
10:09:24	8.9	-0.02	92	81880	卖盘
10:09:18	8.92	0.01	20	17840	买盘
10:09:15	8.91	-0.01	60	53460	卖盘
10:09:12	8.92	--	12	10704	买盘
10:09:09	8.92	--	27	24084	买盘
10:09:06	8.92	-0.02	280	249760	卖盘
10:09:03	8.94	-0.01	3	2682	中性盘
10:08:57	8.95	0.01	104	93079	买盘
10:08:48	8.94	-0.01	156	139464	卖盘
10:08:45	8.95	0.01	110	98449	买盘
10:08:42	8.94	--	30	26820	卖盘
10:08:39	8.94	-0.01	40	35760	卖盘
10:08:36	8.95	--	90	80550	买盘
10:08:33	8.95	--	59	52804	买盘
10:08:30	8.95	--	203	181685	卖盘
10:08:24	8.95	--	60	53699	卖盘
10:08:21	8.95	--	20	17900	卖盘
10:08:18	8.95	--	104	93079	卖盘
10:08:15	8.95	-0.01	46	41170	买盘
10:08:12	8.96	0.01	31	27776	买盘
10:08:09	8.95	--	242	216589	买盘
10:08:03	8.95	0.01	3	2685	中性盘
10:08:00	8.94	--	30	26820	卖盘
10:07:57	8.94	--	10	8940	卖盘
10:07:51	8.94	-0.01	115	102810	卖盘
10:07:48	8.95	0.01	121	108294	买盘
10:07:45	8.94	-0.01	15	13410	卖盘
10:07:42	8.95	0.01	35	31324	买盘
10:07:39	8.94	--	32	28608	卖盘
10:07:36	8.94	--	146	130524	卖盘
10:07:33	8.94	--	2	1788	卖盘
10:07:30	8.94	--	11	9834	买盘
10:07:27	8.94	--	31	27714	买盘
10:07:24	8.94	--	7	6258	买盘
10:07:21	8.94	--	52	46488	卖盘
10:07:18	8.94	-0.01	67	59898	卖盘
10:07:15	8.95	0.01	10	8950	买盘
10:07:09	8.94	-0.01	41	36654	卖盘
10:07:06	8.95	0.01	72	64439	买盘
10:07:03	8.94	--	74	66156	买盘
10:07:00	8.94	--	97	86718	买盘
10:06:57	8.94	0.01	26	23244	买盘
10:06:54	8.93	-0.01	66	58938	卖盘
10:06:48	8.94	0.01	68	60792	买盘
10:06:45	8.93	--	110	98230	买盘
10:06:39	8.93	--	11	9823	买盘
10:06:33	8.93	--	6	5358	买盘
10:06:30	8.93	0.01	1	893	买盘
10:06:24	8.92	0.02	34	30328	中性盘
10:06:18	8.9	-0.02	65	57850	卖盘
10:06:15	8.92	0.02	267	238886	买盘
10:06:12	8.9	-0.02	3	2670	卖盘
10:06:06	8.92	0.02	9	8028	买盘
10:06:00	8.9	-0.02	64	56960	卖盘
10:05:54	8.92	--	10	8920	买盘
10:05:48	8.92	0.02	33	29436	买盘
10:05:45	8.9	-0.01	181	161090	卖盘
10:05:42	8.91	--	13	11583	买盘
10:05:39	8.91	--	5	4455	卖盘
10:05:36	8.91	0.01	71	63261	买盘
10:05:33	8.9	--	36	32040	卖盘
10:05:30	8.9	-0.01	60	53400	卖盘
10:05:27	8.91	0.01	40	35640	买盘
10:05:24	8.9	--	10	8900	卖盘
10:05:21	8.9	--	139	123710	卖盘
10:05:18	8.9	-0.01	2	1780	卖盘
10:05:15	8.91	0.01	167	148797	买盘
10:05:12	8.9	--	6	5340	卖盘
10:05:06	8.9	--	22	19580	买盘
10:05:03	8.9	--	51	45390	买盘
10:05:00	8.9	--	21	18690	买盘
10:04:57	8.9	--	30	26700	买盘
10:04:54	8.9	--	106	94340	买盘
10:04:51	8.9	0.01	60	53400	买盘
10:04:48	8.89	--	58	51562	卖盘
10:04:39	8.89	-0.01	20	17780	卖盘
10:04:36	8.9	--	40	35600	买盘
10:04:33	8.9	--	12	10680	买盘
10:04:30	8.9	0.01	11	9790	买盘
10:04:27	8.89	-0.01	52	46228	卖盘
10:04:18	8.9	0.01	13	11570	买盘
10:04:06	8.89	0.01	130	115570	买盘
10:04:03	8.88	-0.01	60	53280	卖盘
10:03:57	8.89	0.01	27	24003	买盘
10:03:54	8.88	-0.01	17	15096	买盘
10:03:48	8.89	0.01	150	133350	买盘
10:03:45	8.88	--	481	427128	卖盘
10:03:42	8.88	-0.01	2	1776	卖盘
10:03:39	8.89	--	20	17780	买盘
10:03:30	8.89	0.01	29	25781	买盘
10:03:27	8.88	-0.01	79	70152	卖盘
10:03:24	8.89	--	39	34671	买盘
10:03:21	8.89	0.01	110	97790	买盘
10:03:18	8.88	-0.01	10	8880	卖盘
10:03:15	8.89	--	4	3556	买盘
10:03:09	8.89	--	6	5334	买盘
10:03:06	8.89	0.01	21	18669	买盘
10:03:03	8.88	--	20	17760	卖盘
10:02:54	8.88	-0.01	68	60384	卖盘
10:02:51	8.89	0.01	20	17780	买盘
10:02:48	8.88	0.01	149	132312	买盘
10:02:45	8.87	-0.01	15	13304	卖盘
10:02:42	8.88	--	7	6216	买盘
10:02:39	8.88	0.01	10	8880	买盘
10:02:36	8.87	-0.01	26	23061	卖盘
10:02:33	8.88	--	14	12432	买盘
10:02:30	8.88	--	44	39072	买盘
10:02:27	8.88	--	62	55056	买盘
10:02:21	8.88	--	32	28416	买盘
10:02:18	8.88	0.01	47	41736	买盘
10:02:15	8.87	--	29	25722	卖盘
10:02:09	8.87	0.01	403	357460	买盘
10:02:06	8.86	-0.01	32	28352	卖盘
10:01:57	8.87	--	2365	2097755	卖盘
10:01:54	8.87	--	14	12417	卖盘
10:01:51	8.87	0.01	138	122405	买盘
10:01:48	8.86	--	19	16834	卖盘
10:01:45	8.86	-0.01	15	13290	卖盘
10:01:42	8.87	--	54	47897	买盘
10:01:39	8.87	--	2	1773	买盘
10:01:36	8.87	--	4	3547	买盘
10:01:33	8.87	--	1	886	买盘
10:01:30	8.87	--	460	408019	卖盘
10:01:27	8.87	-0.01	20	17740	卖盘
10:01:24	8.88	--	147	130536	买盘
10:01:21	8.88	0.01	25	22200	买盘
10:01:18	8.87	--	10	8870	卖盘
10:01:12	8.87	-0.01	111	98456	卖盘
10:01:09	8.88	--	11	9768	买盘
10:01:06	8.88	--	3	2664	买盘
10:01:03	8.88	--	10	8880	买盘
10:01:00	8.88	0.01	24	21312	买盘
10:00:57	8.87	-0.01	16	14191	卖盘
10:00:54	8.88	--	14	12432	买盘
10:00:51	8.88	0.01	14	12432	买盘
10:00:48	8.87	-0.01	32	28383	卖盘
10:00:45	8.88	0.01	31	27528	买盘
10:00:39	8.87	-0.01	30	26609	卖盘
10:00:36	8.88	0.01	275	244200	买盘
10:00:33	8.87	-0.01	19	16853	卖盘
10:00:30	8.88	--	61	54168	买盘
10:00:27	8.88	0.01	10	8880	买盘
10:00:24	8.87	-0.01	67	59428	卖盘
10:00:21	8.88	0.01	6	5328	买盘
10:00:15	8.87	--	9	7982	卖盘
10:00:09	8.87	--	267	236828	买盘
10:00:06	8.87	0.01	15	13304	买盘
10:00:03	8.86	-0.01	73	64677	卖盘
10:00:00	8.87	0.01	31	27496	买盘
09:59:57	8.86	-0.01	56	49616	卖盘
09:59:54	8.87	0.01	4	3547	买盘
09:59:51	8.86	--	10	8860	卖盘
09:59:48	8.86	-0.01	35	31009	卖盘
09:59:45	8.87	0.01	221	196026	买盘
09:59:42	8.86	--	50	44300	卖盘
09:59:39	8.86	-0.01	257	227701	卖盘
09:59:36	8.87	--	50	44349	买盘
09:59:33	8.87	0.01	416	368991	买盘
09:59:27	8.86	--	73	64677	卖盘
09:59:24	8.86	0.01	67	59361	买盘
09:59:18	8.85	0.01	357	315945	买盘
09:59:15	8.84	-0.01	34	30056	卖盘
09:59:12	8.85	0.01	123	108855	买盘
09:59:09	8.84	-0.01	70	61880	卖盘
09:59:06	8.85	0.01	44	38940	买盘
09:59:03	8.84	-0.01	30	26520	卖盘
09:59:00	8.85	0.01	15	13275	买盘
09:58:57	8.84	-0.01	1	884	卖盘
09:58:48	8.85	-0.01	446	394710	卖盘
09:58:45	8.86	0.01	4	3544	买盘
09:58:42	8.85	-0.02	238	210630	卖盘
09:58:39	8.87	--	160	141920	卖盘
09:58:36	8.87	--	9	7982	卖盘
09:58:33	8.87	0.01	36	31931	买盘
09:58:30	8.86	-0.01	249	220614	卖盘
09:58:27	8.87	0.01	351	311337	买盘
09:58:24	8.86	--	145	128469	卖盘
09:58:21	8.86	-0.01	54	47844	卖盘
09:58:15	8.87	--	10	8870	买盘
09:58:12	8.87	--	200	177399	买盘
09:58:09	8.87	-0.01	69	61202	卖盘
09:58:00	8.88	0.01	11	9768	中性盘
09:57:57	8.87	-0.02	66	58541	卖盘
09:57:54	8.89	--	81	72009	买盘
09:57:48	8.89	--	400	355600	买盘
09:57:42	8.89	0.01	138	122682	买盘
09:57:36	8.88	-0.01	30	26640	卖盘
09:57:33	8.89	--	5	4445	买盘
09:57:30	8.89	--	149	132461	买盘
09:57:27	8.89	0.01	10	8890	买盘
09:57:24	8.88	--	1	888	卖盘
09:57:18	8.88	0.01	37	32856	买盘
09:57:15	8.87	-0.01	21	18627	卖盘
09:57:12	8.88	0.01	52	46176	买盘
09:57:09	8.87	--	23	20401	买盘
09:57:03	8.87	--	40	35480	买盘
09:56:57	8.87	0.01	16	14191	买盘
09:56:51	8.86	0.01	135	119609	买盘
09:56:48	8.85	--	141	124785	买盘
09:56:45	8.85	0.01	55	48675	买盘
09:56:42	8.84	--	50	44200	卖盘
09:56:39	8.84	--	76	67184	卖盘
09:56:33	8.84	0.01	138	121992	买盘
09:56:30	8.83	--	50	44150	卖盘
09:56:24	8.83	--	25	22075	买盘
09:56:21	8.83	--	30	26490	买盘
09:56:18	8.83	--	74	65342	买盘
09:56:15	8.83	--	112	98896	买盘
09:56:12	8.83	-0.01	294	259602	卖盘
09:56:09	8.84	--	88	77792	卖盘
09:56:06	8.84	--	285	251940	卖盘
09:56:03	8.84	0.01	65	57460	买盘
09:56:00	8.83	-0.01	77	67991	卖盘
09:55:57	8.84	0.01	217	191828	买盘
09:55:51	8.83	--	104	91832	卖盘
09:55:48	8.83	-0.01	94	83002	卖盘
09:55:45	8.84	0.01	16	14144	买盘
09:55:42	8.83	-0.01	133	117439	卖盘
09:55:39	8.84	0.01	244	215696	买盘
09:55:36	8.83	--	30	26490	卖盘
09:55:33	8.83	-0.01	53	46799	卖盘
09:55:30	8.84	--	33	29172	买盘
09:55:27	8.84	0.01	78	68952	买盘
09:55:24	8.83	-0.01	106	93598	卖盘
09:55:21	8.84	--	101	89284	买盘
09:55:18	8.84	--	56	49504	买盘
09:55:15	8.84	--	203	179452	卖盘
09:55:12	8.84	-0.01	45	39780	卖盘
09:55:09	8.85	0.01	134	118590	买盘
09:55:06	8.84	--	82	72488	卖盘
09:55:03	8.84	-0.01	23	20332	卖盘
09:55:00	8.85	--	279	246915	买盘
09:54:57	8.85	--	86	76110	买盘
09:54:54	8.85	0.02	24	21240	买盘
09:54:51	8.83	-0.01	58	51214	卖盘
09:54:48	8.84	0.01	20	17680	卖盘
09:54:45	8.83	-0.01	10	8830	卖盘
09:54:42	8.84	--	21	18564	卖盘
09:54:39	8.84	0.01	92	81328	买盘
09:54:36	8.83	--	586	517438	卖盘
09:54:33	8.83	--	192	169536	卖盘
09:54:30	8.83	--	32	28256	卖盘
09:54:27	8.83	--	74	65342	卖盘
09:54:24	8.83	--	13	11479	买盘
09:54:21	8.83	--	256	226048	卖盘
09:54:18	8.83	--	407	359381	卖盘
09:54:15	8.83	--	88	77704	卖盘
09:54:09	8.83	0.01	3	2649	卖盘
09:54:06	8.82	--	48	42336	卖盘
09:54:03	8.82	--	59	52038	卖盘
09:54:00	8.82	0.01	293	258426	中性盘
09:53:57	8.81	-0.01	250	220250	卖盘
09:53:54	8.82	--	420	370440	买盘
09:53:51	8.82	--	113	99666	买盘
09:53:48	8.82	--	24	21168	买盘
09:53:45	8.82	--	88	77616	买盘
09:53:42	8.82	--	564	497448	卖盘
09:53:39	8.82	--	10	8820	卖盘
09:53:33	8.82	--	13	11466	卖盘
09:53:30	8.82	0.01	19	16758	中性盘
09:53:27	8.81	-0.06	84	74004	卖盘
09:53:24	8.87	0.05	519	460352	买盘
09:53:18	8.82	-0.05	922	813204	卖盘
09:53:15	8.87	0.01	267	236828	中性盘
09:53:12	8.86	-0.01	220	194920	卖盘
09:53:09	8.87	--	119	105552	买盘
09:53:06	8.87	0.01	30	26609	买盘
09:53:03	8.86	-0.01	43	38098	卖盘
09:53:00	8.87	-0.01	127	112648	卖盘
09:52:57	8.88	0.01	4	3552	买盘
09:52:54	8.87	--	5	4435	卖盘
09:52:51	8.87	-0.02	61	54106	卖盘
09:52:48	8.89	--	71	63119	买盘
09:52:45	8.89	--	107	95123	买盘
09:52:42	8.89	--	377	335153	卖盘
09:52:36	8.89	--	37	32893	买盘
09:52:33	8.89	-0.01	34	30226	卖盘
09:52:30	8.9	--	50	44500	买盘
09:52:27	8.9	0.01	50	44500	买盘
09:52:24	8.89	-0.01	5	4445	卖盘
09:52:21	8.9	0.01	24	21360	卖盘
09:52:18	8.89	-0.01	471	418719	卖盘
09:52:12	8.9	--	38	33820	卖盘
09:52:09	8.9	-0.01	6	5340	中性盘
09:52:06	8.91	0.01	220	196020	买盘
09:52:03	8.9	--	36	32040	卖盘
09:52:00	8.9	0.01	16	14240	中性盘
09:51:57	8.89	--	33	29337	卖盘
09:51:54	8.89	--	81	72009	卖盘
09:51:51	8.89	--	240	213360	卖盘
09:51:48	8.89	-0.01	61	54229	卖盘
09:51:45	8.9	0.01	37	32930	买盘
09:51:42	8.89	--	60	53340	卖盘
09:51:39	8.89	--	126	112014	卖盘
09:51:36	8.89	--	51	45339	卖盘
09:51:33	8.89	-0.01	58	51562	卖盘
09:51:30	8.9	--	7	6230	买盘
09:51:27	8.9	0.01	16	14240	买盘
09:51:24	8.89	0.01	10	8890	中性盘
09:51:21	8.88	--	133	118104	卖盘
09:51:18	8.88	-0.01	106	94128	卖盘
09:51:15	8.89	0.01	127	112903	买盘
09:51:12	8.88	--	5	4440	卖盘
09:51:09	8.88	-0.01	15	13320	卖盘
09:51:06	8.89	0.01	18	16002	买盘
09:51:03	8.88	0.01	52	46176	买盘
09:51:00	8.87	-0.01	98	86925	卖盘
09:50:57	8.88	--	55	48840	卖盘
09:50:54	8.88	--	225	199800	买盘
09:50:51	8.88	--	20	17760	买盘
09:50:48	8.88	--	165	146520	买盘
09:50:45	8.88	0.01	37	32856	买盘
09:50:42	8.87	-0.01	3	2660	卖盘
09:50:39	8.88	-0.01	51	45288	卖盘
09:50:36	8.89	0.01	106	94234	买盘
09:50:33	8.88	--	41	36408	买盘
09:50:30	8.88	--	60	53280	卖盘
09:50:27	8.88	--	133	118104	卖盘
09:50:24	8.88	--	61	54168	卖盘
09:50:21	8.88	-0.01	25	22200	卖盘
09:50:18	8.89	0.01	10	8890	买盘
09:50:15	8.88	-0.01	248	220224	卖盘
09:50:12	8.89	0.01	15	13335	买盘
09:50:09	8.88	--	25	22200	卖盘
09:50:06	8.88	--	7	6216	卖盘
09:50:03	8.88	-0.01	120	106560	卖盘
09:50:00	8.89	--	50	44450	卖盘
09:49:57	8.89	0.01	384	341376	买盘
09:49:54	8.88	--	483	428904	卖盘
09:49:51	8.88	--	91	80808	卖盘
09:49:48	8.88	--	43	38184	卖盘
09:49:45	8.88	--	199	176712	卖盘
09:49:42	8.88	--	157	139416	卖盘
09:49:39	8.88	-0.01	28	24864	卖盘
09:49:36	8.89	0.01	50	44450	买盘
09:49:33	8.88	--	56	49728	卖盘
09:49:30	8.88	--	283	251304	卖盘
09:49:27	8.88	-0.01	56	49728	卖盘
09:49:24	8.89	--	3	2667	卖盘
09:49:21	8.89	0.01	39	34671	买盘
09:49:18	8.88	-0.01	364	323232	卖盘
09:49:15	8.89	--	30	26670	卖盘
09:49:12	8.89	-0.01	17	15113	卖盘
09:49:06	8.9	--	7	6230	买盘
09:49:03	8.9	--	397	353330	卖盘
09:49:00	8.9	-0.01	239	212710	卖盘
09:48:57	8.91	--	49	43659	卖盘
09:48:54	8.91	--	27	24057	卖盘
09:48:51	8.91	--	7	6237	卖盘
09:48:48	8.91	--	15	13365	中性盘
09:48:45	8.91	--	41	36531	卖盘
09:48:42	8.91	0.01	11	9801	买盘
09:48:39	8.9	-0.01	44	39160	卖盘
09:48:36	8.91	--	29	25839	买盘
09:48:33	8.91	-0.01	30	26730	买盘
09:48:30	8.92	0.01	11	9812	买盘
09:48:27	8.91	--	301	268360	卖盘
09:48:24	8.91	--	10	8910	卖盘
09:48:21	8.91	--	134	119394	卖盘
09:48:18	8.91	--	189	168399	卖盘
09:48:15	8.91	-0.02	6	5346	卖盘
09:48:12	8.93	0.02	150	133950	买盘
09:48:09	8.91	-0.01	877	781407	卖盘
09:48:06	8.92	--	50	44600	卖盘
09:48:03	8.92	-0.01	20	17840	卖盘
09:48:00	8.93	--	338	301834	卖盘
09:47:57	8.93	--	536	478648	卖盘
09:47:54	8.93	--	65	58045	卖盘
09:47:51	8.93	--	10	8930	卖盘
09:47:48	8.93	--	30	26790	卖盘
09:47:45	8.93	-0.01	63	56259	卖盘
09:47:42	8.94	0.01	82	73308	买盘
09:47:39	8.93	-0.01	18	16074	卖盘
09:47:36	8.94	-0.01	122	109068	卖盘
09:47:33	8.95	--	105	93974	卖盘
09:47:30	8.95	0.01	211	188844	买盘
09:47:27	8.94	--	96	85824	卖盘
09:47:24	8.94	-0.01	100	89400	卖盘
09:47:21	8.95	0.01	1	894	买盘
09:47:18	8.94	-0.01	37	33078	卖盘
09:47:15	8.95	--	30	26849	买盘
09:47:12	8.95	-0.01	59	52804	卖盘
09:47:09	8.96	0.01	206	184576	买盘
09:47:06	8.95	--	24	21480	卖盘
09:47:00	8.95	-0.01	11	9845	卖盘
09:46:57	8.96	--	2	1792	买盘
09:46:51	8.96	--	38	34048	买盘
09:46:48	8.96	-0.01	116	103936	卖盘
09:46:45	8.97	--	133	119301	买盘
09:46:42	8.97	--	20	17940	买盘
09:46:39	8.97	0.01	60	53820	买盘
09:46:36	8.96	-0.01	6	5376	卖盘
09:46:33	8.97	--	99	88803	买盘
09:46:30	8.97	-0.01	50	44850	中性盘
09:46:27	8.98	0.01	93	83514	买盘
09:46:24	8.97	--	19	17043	卖盘
09:46:21	8.97	--	35	31395	卖盘
09:46:18	8.97	--	19	17043	卖盘
09:46:15	8.97	--	204	182988	卖盘
09:46:12	8.97	--	30	26910	卖盘
09:46:06	8.97	-0.02	124	111228	中性盘
09:45:54	8.99	0.04	380	341620	买盘
09:45:51	8.95	--	151	135145	卖盘
09:45:48	8.95	-0.02	61	54594	卖盘
09:45:45	8.97	--	28	25116	卖盘
09:45:42	8.97	--	27	24219	卖盘
09:45:36	8.97	0.02	422	378534	买盘
09:45:33	8.95	-0.01	402	359790	卖盘
09:45:30	8.96	--	11	9856	卖盘
09:45:27	8.96	-0.01	39	34944	卖盘
09:45:21	8.97	--	2	1794	买盘
09:45:18	8.97	--	60	53820	买盘
09:45:12	8.97	0.01	11	9867	买盘
09:45:09	8.96	0.01	2	1792	中性盘
09:45:06	8.95	-0.01	165	147675	卖盘
09:45:03	8.96	-0.01	27	24192	卖盘
09:45:00	8.97	--	11	9867	买盘
09:44:57	8.97	0.02	65	58305	买盘
09:44:48	8.95	--	16	14319	卖盘
09:44:42	8.95	-0.02	10	8950	卖盘
09:44:39	8.97	0.02	110	98670	买盘
09:44:36	8.95	--	9	8054	买盘
09:44:30	8.95	--	13	11634	卖盘
09:44:21	8.95	--	200	179000	卖盘
09:44:18	8.95	--	3	2685	卖盘
09:44:15	8.95	--	20	17900	卖盘
09:44:12	8.95	--	76	68020	买盘
09:44:09	8.95	--	4	3579	买盘
09:44:06	8.95	--	88	78760	买盘
09:44:03	8.95	--	5	4475	买盘
09:44:00	8.95	--	40	35800	买盘
09:43:57	8.95	0.01	20	17900	买盘
09:43:54	8.94	--	45	40230	卖盘
09:43:51	8.94	--	16	14304	卖盘
09:43:48	8.94	-0.01	15	13410	卖盘
09:43:45	8.95	--	3	2685	买盘
09:43:42	8.95	--	96	85920	买盘
09:43:39	8.95	-0.03	538	481509	卖盘
09:43:36	8.98	--	50	44900	买盘
09:43:30	8.98	-0.01	137	123026	卖盘
09:43:24	8.99	0.01	87	78213	买盘
09:43:21	8.98	-0.01	20	17960	卖盘
09:43:18	8.99	--	4	3596	买盘
09:43:15	8.99	--	104	93496	卖盘
09:43:12	8.99	-0.01	11	9889	卖盘
09:43:09	9.0	--	21	18900	买盘
09:43:06	9.0	--	144	129600	卖盘
09:43:03	9.0	-0.01	502	451800	卖盘
09:43:00	9.01	--	3	2703	买盘
09:42:54	9.01	-0.01	397	357697	卖盘
09:42:51	9.02	--	4	3608	买盘
09:42:48	9.02	--	82	73964	卖盘
09:42:45	9.02	--	35	31570	卖盘
09:42:42	9.02	--	6	5412	卖盘
09:42:39	9.02	--	42	37884	买盘
09:42:36	9.02	0.01	6	5412	中性盘
09:42:33	9.01	-0.01	420	378420	卖盘
09:42:30	9.02	--	120	108240	买盘
09:42:27	9.02	--	41	36982	买盘
09:42:24	9.02	--	60	54120	买盘
09:42:21	9.02	--	35	31570	买盘
09:42:18	9.02	0.01	22	19844	买盘
09:42:12	9.01	--	50	45050	卖盘
09:42:09	9.01	0.01	125	112625	买盘
09:42:00	9.0	0.01	442	397800	买盘
09:41:57	8.99	--	40	35960	买盘
09:41:54	8.99	--	24	21576	买盘
09:41:51	8.99	0.02	10	8990	中性盘
09:41:39	8.97	-0.01	591	530127	卖盘
09:41:36	8.98	--	30	26940	买盘
09:41:33	8.98	0.01	31	27838	买盘
09:41:30	8.97	-0.01	95	85215	卖盘
09:41:27	8.98	--	30	26940	买盘
09:41:24	8.98	--	14	12572	买盘
09:41:21	8.98	--	48	43104	买盘
09:41:18	8.98	--	13	11674	买盘
09:41:15	8.98	--	52	46696	卖盘
09:41:12	8.98	--	2	1796	卖盘
09:41:09	8.98	0.02	22	19756	买盘
09:41:00	8.96	--	1	896	卖盘
09:40:57	8.96	-0.02	22	19712	卖盘
09:40:54	8.98	0.02	307	275686	买盘
09:40:51	8.96	--	27	24192	买盘
09:40:48	8.96	--	5	4480	买盘
09:40:45	8.96	--	90	80640	买盘
09:40:42	8.96	--	4	3584	买盘
09:40:39	8.96	--	11	9856	买盘
09:40:36	8.96	-0.01	212	189952	中性盘
09:40:33	8.97	0.01	181	162357	买盘
09:40:30	8.96	--	15	13440	卖盘
09:40:27	8.96	0.01	9	8064	卖盘
09:40:18	8.95	-0.01	12	10740	卖盘
09:40:15	8.96	0.01	69	61824	买盘
09:40:12	8.95	-0.01	34	30429	卖盘
09:40:06	8.96	0.01	1	896	买盘
09:40:00	8.95	0.01	182	162890	买盘
09:39:57	8.94	--	109	97446	卖盘
09:39:54	8.94	-0.01	16	14304	卖盘
09:39:51	8.95	0.01	121	108294	买盘
09:39:45	8.94	--	132	118008	卖盘
09:39:42	8.94	--	65	58110	卖盘
09:39:39	8.94	--	62	55428	卖盘
09:39:33	8.94	--	10	8940	卖盘
09:39:30	8.94	0.01	72	64368	买盘
09:39:27	8.93	-0.02	35	31255	卖盘
09:39:24	8.95	0.02	39	34905	买盘
09:39:21	8.93	-0.01	84	75012	卖盘
09:39:18	8.94	0.01	115	102810	中性盘
09:39:15	8.93	--	77	68761	卖盘
09:39:12	8.93	-0.01	84	75012	卖盘
09:39:09	8.94	--	57	50958	买盘
09:39:06	8.94	--	51	45594	买盘
09:39:03	8.94	0.01	270	241380	买盘
09:39:00	8.93	-0.01	13	11609	卖盘
09:38:57	8.94	--	185	165390	买盘
09:38:51	8.94	--	154	137676	买盘
09:38:48	8.94	--	18	16092	买盘
09:38:45	8.94	--	3	2682	买盘
09:38:42	8.94	--	10	8940	买盘
09:38:39	8.94	--	572	511368	卖盘
09:38:36	8.94	--	15	13410	卖盘
09:38:33	8.94	--	115	102810	买盘
09:38:30	8.94	0.01	63	56322	买盘
09:38:27	8.93	--	51	45543	卖盘
09:38:24	8.93	-0.01	213	190209	卖盘
09:38:21	8.94	--	129	115326	买盘
09:38:18	8.94	0.01	5	4470	买盘
09:38:15	8.93	-0.01	61	54473	卖盘
09:38:12	8.94	--	13	11622	买盘
09:38:09	8.94	--	3	2682	买盘
09:38:06	8.94	-0.01	158	141252	卖盘
09:38:03	8.95	--	8	7159	买盘
09:38:00	8.95	0.01	6	5370	中性盘
09:37:57	8.94	-0.01	108	96552	卖盘
09:37:54	8.95	0.01	59	52804	买盘
09:37:51	8.94	--	47	42018	卖盘
09:37:48	8.94	-0.01	15	13410	卖盘
09:37:45	8.95	--	1	894	买盘
09:37:39	8.95	--	10	8950	买盘
09:37:36	8.95	--	99	88605	卖盘
09:37:30	8.95	--	17	15214	卖盘
09:37:27	8.95	--	50	44750	卖盘
09:37:24	8.95	--	160	143200	卖盘
09:37:21	8.95	0.01	205	183474	买盘
09:37:18	8.94	-0.01	25	22350	卖盘
09:37:15	8.95	0.01	149	133355	买盘
09:37:12	8.94	--	23	20562	卖盘
09:37:09	8.94	--	8	7152	卖盘
09:37:06	8.94	0.01	90	80460	买盘
09:37:03	8.93	--	30	26790	卖盘
09:37:00	8.93	-0.02	66	58938	买盘
09:36:57	8.95	0.02	119	106504	买盘
09:36:54	8.93	--	27	24111	卖盘
09:36:51	8.93	--	12	10716	卖盘
09:36:48	8.93	--	84	75012	卖盘
09:36:45	8.93	--	5	4465	卖盘
09:36:42	8.93	--	119	106267	卖盘
09:36:39	8.93	--	81	72333	卖盘
09:36:36	8.93	--	62	55366	卖盘
09:36:33	8.93	0.01	38	33934	买盘
09:36:30	8.92	--	56	49952	卖盘
09:36:27	8.92	-0.03	15	13380	卖盘
09:36:24	8.95	0.04	100	89500	买盘
09:36:21	8.91	-0.02	593	528363	卖盘
09:36:18	8.93	--	42	37506	卖盘
09:36:15	8.93	--	158	141094	卖盘
09:36:12	8.93	--	34	30362	卖盘
09:36:09	8.93	0.02	56	50008	买盘
09:36:06	8.91	-0.02	126	112266	卖盘
09:36:03	8.93	0.01	129	115197	买盘
09:36:00	8.92	-0.01	183	163236	卖盘
09:35:57	8.93	0.01	439	392027	买盘
09:35:54	8.92	-0.01	118	105256	卖盘
09:35:51	8.93	--	343	306299	买盘
09:35:48	8.93	-0.02	743	663499	卖盘
09:35:45	8.95	--	67	59964	卖盘
09:35:42	8.95	--	41	36695	卖盘
09:35:36	8.95	0.01	117	104714	买盘
09:35:33	8.94	--	73	65262	卖盘
09:35:30	8.94	0.01	93	83142	卖盘
09:35:27	8.93	-0.01	888	792984	卖盘
09:35:24	8.94	--	59	52746	卖盘
09:35:21	8.94	0.01	5	4470	中性盘
09:35:18	8.93	--	46	41078	卖盘
09:35:15	8.93	-0.01	21	18753	卖盘
09:35:12	8.94	--	31	27714	卖盘
09:35:09	8.94	--	413	369222	买盘
09:35:06	8.94	--	30	26820	买盘
09:35:03	8.94	--	165	147510	买盘
09:35:00	8.94	0.01	115	102810	买盘
09:34:57	8.93	--	158	141817	买盘
09:34:54	8.93	-0.01	441	393813	卖盘
09:34:51	8.94	--	20	17880	卖盘
09:34:48	8.94	--	120	107280	买盘
09:34:45	8.94	--	10	8940	买盘
09:34:42	8.94	--	234	209196	卖盘
09:34:39	8.94	-0.01	19	16986	卖盘
09:34:36	8.95	0.01	24	21480	买盘
09:34:33	8.94	-0.02	695	621330	卖盘
09:34:30	8.96	--	56	50176	买盘
09:34:24	8.96	-0.01	486	435626	卖盘
09:34:21	8.97	-0.03	49	43953	卖盘
09:34:18	9.0	0.02	132	118800	买盘
09:34:15	8.98	--	20	17960	买盘
09:34:12	8.98	--	21	18858	买盘
09:34:09	8.98	--	27	24246	买盘
09:34:06	8.98	-0.02	11	9878	中性盘
09:34:03	9.0	0.02	121	108900	买盘
09:34:00	8.98	--	129	115842	卖盘
09:33:57	8.98	-0.02	91	81718	卖盘
09:33:54	9.0	0.04	15	13500	中性盘
09:33:51	8.96	-0.04	30	26880	卖盘
09:33:48	9.0	-0.02	14	12600	中性盘
09:33:45	9.02	--	22	19844	卖盘
09:33:42	9.02	-0.01	38	34276	卖盘
09:33:39	9.03	--	7	6321	买盘
09:33:36	9.03	0.07	124	111971	买盘
09:33:33	8.96	-0.08	744	666624	卖盘
09:33:30	9.04	0.01	56	50623	买盘
09:33:27	9.03	-0.02	4	3611	卖盘
09:33:24	9.05	0.02	239	216295	买盘
09:33:21	9.03	--	61	55082	卖盘
09:33:18	9.03	--	82	74046	买盘
09:33:15	9.03	0.01	302	272706	买盘
09:33:12	9.02	-0.01	2	1804	卖盘
09:33:09	9.03	0.01	64	57791	买盘
09:33:03	9.02	-0.01	10	9020	中性盘
09:33:00	9.03	0.04	154	139062	买盘
09:32:57	8.99	--	1	899	买盘
09:32:54	8.99	-0.04	177	159123	中性盘
09:32:51	9.03	0.01	91	82173	买盘
09:32:48	9.02	--	40	36080	买盘
09:32:45	9.02	0.01	142	128084	买盘
09:32:42	9.01	0.01	122	109922	中性盘
09:32:39	9.0	-0.02	110	99000	卖盘
09:32:36	9.02	0.02	74	66748	买盘
09:32:33	9.0	--	26	23400	卖盘
09:32:30	9.0	--	69	62100	买盘
09:32:27	9.0	--	265	238500	卖盘
09:32:24	9.0	0.02	287	258300	买盘
09:32:21	8.98	-0.02	213	192001	中性盘
09:32:18	9.0	0.02	39	35100	买盘
09:32:15	8.98	-0.02	150	134700	卖盘
09:32:09	9.0	--	20	18000	买盘
09:32:06	9.0	0.03	20	18000	买盘
09:32:03	8.97	-0.03	83	74451	卖盘
09:31:57	9.0	--	57	51300	买盘
09:31:54	9.0	0.04	20	18000	买盘
09:31:48	8.96	-0.05	93	83328	卖盘
09:31:45	9.01	0.01	128	115328	买盘
09:31:42	9.0	-0.01	159	143100	卖盘
09:31:39	9.01	-0.02	108	97740	卖盘
09:31:36	9.03	0.02	557	503440	买盘
09:31:33	9.01	0.05	21	18921	买盘
09:31:30	8.96	0.01	142	127232	买盘
09:31:27	8.95	-0.06	163	145885	卖盘
09:31:24	9.01	0.04	73	65773	买盘
09:31:21	8.97	--	13	11661	买盘
09:31:18	8.97	--	13	11661	买盘
09:31:15	8.97	-0.04	139	124683	中性盘
09:31:09	9.01	-0.01	178	160378	中性盘
09:31:03	9.02	--	711	641322	买盘
09:31:00	9.02	-0.04	25	22550	买盘
09:30:57	9.06	0.04	634	574404	买盘
09:30:54	9.02	-0.01	132	119064	卖盘
09:30:51	9.03	0.01	17	15350	买盘
09:30:48	9.02	--	328	295856	卖盘
09:30:42	9.02	0.02	178	160556	买盘
09:30:39	9.0	0.01	7	6300	中性盘
09:30:36	8.99	-0.01	179	160921	中性盘
09:30:33	9.0	0.01	259	233100	买盘
09:30:30	8.99	--	142	127658	卖盘
09:30:27	8.99	-0.01	52	46748	卖盘
09:30:24	9.0	0.01	244	219600	买盘
09:30:21	8.99	--	20	17980	卖盘
09:30:18	8.99	--	74	66526	卖盘
09:30:15	8.99	0.06	536	481864	买盘
09:30:12	8.93	--	316	282188	买盘
09:30:09	8.93	--	54	48222	买盘
09:30:06	8.93	-0.05	159	141987	卖盘
09:30:03	8.98	0.05	1409	1265282	买盘
09:30:00	8.93	--	0	0	卖盘
09:25:03	8.93	8.93	1080	964440	买盘
