成交时间	成交价	价格变动	成交量(手)	成交额(元)	性质
15:00:03	13.3	0.01	1068	1420440	买盘
14:57:00	13.29	--	0	0	卖盘
14:56:57	13.29	-0.01	26	34554	卖盘
14:56:51	13.3	0.01	189	251370	买盘
14:56:45	13.29	-0.01	4	5316	卖盘
14:56:42	13.3	0.01	100	133000	买盘
14:56:39	13.29	--	9	12625	买盘
14:56:33	13.29	--	37	49173	买盘
14:56:30	13.29	--	29	38541	买盘
14:56:27	13.29	0.01	130	172770	买盘
14:56:21	13.28	-0.01	3	3984	卖盘
14:56:18	13.29	-0.01	23	31231	卖盘
14:56:15	13.3	0.01	63	83790	买盘
14:56:12	13.29	--	29	38541	卖盘
14:56:09	13.29	--	64	85056	卖盘
14:56:06	13.29	--	55	73095	卖盘
14:56:03	13.29	-0.01	11	14618	卖盘
14:56:00	13.3	0.01	50	66500	买盘
14:55:57	13.29	--	10	13290	卖盘
14:55:51	13.29	--	30	39870	卖盘
14:55:48	13.29	--	82	109642	买盘
14:55:45	13.29	--	11	14618	买盘
14:55:39	13.29	--	10	13290	买盘
14:55:36	13.29	0.01	11	14618	买盘
14:55:33	13.28	-0.01	21	27888	卖盘
14:55:30	13.29	0.01	156	207324	买盘
14:55:27	13.28	-0.01	16	21248	卖盘
14:55:24	13.29	0.01	4	5316	买盘
14:55:21	13.28	--	98	130144	卖盘
14:55:18	13.28	-0.01	20	26560	卖盘
14:55:15	13.29	--	30	39870	买盘
14:55:09	13.29	--	35	46515	买盘
14:55:06	13.29	--	59	78411	买盘
14:55:03	13.29	--	32	42528	买盘
14:55:00	13.29	--	30	39870	买盘
14:54:57	13.29	--	79	104991	买盘
14:54:54	13.29	--	10	13290	买盘
14:54:51	13.29	0.01	57	75753	买盘
14:54:48	13.28	-0.01	6	7968	卖盘
14:54:45	13.29	0.01	116	154164	买盘
14:54:42	13.28	-0.01	61	81008	卖盘
14:54:36	13.29	--	211	280419	买盘
14:54:33	13.29	0.01	65	86385	买盘
14:54:30	13.28	--	23	30544	卖盘
14:54:27	13.28	--	53	70384	卖盘
14:54:21	13.28	--	39	51792	卖盘
14:54:18	13.28	-0.01	50	66400	卖盘
14:54:15	13.29	0.01	14	18606	买盘
14:54:12	13.28	--	169	224432	卖盘
14:54:09	13.28	-0.01	4	5312	卖盘
14:54:06	13.29	0.01	50	66450	买盘
14:54:03	13.28	--	8	10624	卖盘
14:54:00	13.28	--	39	51792	卖盘
14:53:54	13.28	--	760	1009280	买盘
14:53:51	13.28	0.01	37	49136	买盘
14:53:48	13.27	-0.01	2	2654	卖盘
14:53:45	13.28	--	3	3984	买盘
14:53:42	13.28	--	10	13280	买盘
14:53:39	13.28	--	11	14608	买盘
14:53:36	13.28	0.01	18	23904	买盘
14:53:33	13.27	-0.01	7	9289	卖盘
14:53:27	13.28	--	20	26560	买盘
14:53:24	13.28	0.01	67	88976	买盘
14:53:18	13.27	-0.01	8	10616	卖盘
14:53:15	13.28	--	3	3984	买盘
14:53:12	13.28	--	5	6640	买盘
14:53:09	13.28	0.01	21	27888	买盘
14:53:06	13.27	--	62	82274	卖盘
14:53:03	13.27	--	31	41137	卖盘
14:52:51	13.27	--	14	18578	卖盘
14:52:48	13.27	-0.01	16	21232	卖盘
14:52:45	13.28	0.01	22	29216	买盘
14:52:42	13.27	-0.01	21	27867	卖盘
14:52:39	13.28	--	5	6640	买盘
14:52:36	13.28	--	214	284192	买盘
14:52:33	13.28	0.01	8	10624	买盘
14:52:30	13.27	-0.01	51	67677	卖盘
14:52:27	13.28	0.01	54	71712	买盘
14:52:24	13.27	--	5	6635	卖盘
14:52:21	13.27	--	13	17251	卖盘
14:52:18	13.27	--	20	26540	卖盘
14:52:15	13.27	-0.01	20	26540	卖盘
14:52:12	13.28	--	13	17264	买盘
14:52:09	13.28	--	10	13280	买盘
14:52:06	13.28	0.01	40	53120	买盘
14:52:03	13.27	--	20	26540	卖盘
14:52:00	13.27	-0.01	7	9289	卖盘
14:51:54	13.28	0.01	13	17264	买盘
14:51:51	13.27	-0.01	11	14597	卖盘
14:51:48	13.28	0.01	37	49136	买盘
14:51:45	13.27	-0.01	5	6635	卖盘
14:51:39	13.28	--	3	3984	买盘
14:51:36	13.28	--	30	39840	买盘
14:51:33	13.28	0.01	33	43824	买盘
14:51:30	13.27	-0.01	5	6635	卖盘
14:51:27	13.28	--	51	67728	买盘
14:51:24	13.28	--	123	163344	买盘
14:51:21	13.28	--	55	73040	卖盘
14:51:18	13.28	--	15	19920	卖盘
14:51:15	13.28	--	8	10624	卖盘
14:51:12	13.28	-0.01	120	159360	卖盘
14:51:09	13.29	0.01	9	11961	买盘
14:51:06	13.28	--	13	17264	卖盘
14:51:03	13.28	--	8	10624	卖盘
14:51:00	13.28	-0.01	3	3984	卖盘
14:50:54	13.29	0.01	19	25251	买盘
14:50:51	13.28	--	10	13280	卖盘
14:50:48	13.28	--	22	29216	卖盘
14:50:45	13.28	--	5	6640	卖盘
14:50:42	13.28	-0.01	66	87648	卖盘
14:50:33	13.29	0.01	2	2658	买盘
14:50:30	13.28	--	25	33200	卖盘
14:50:24	13.28	--	99	131472	卖盘
14:50:21	13.28	-0.01	226	300128	卖盘
14:50:15	13.29	--	4	5316	买盘
14:50:09	13.29	--	3	3986	买盘
14:50:06	13.29	0.01	5	6645	买盘
14:49:57	13.28	-0.01	9	11952	卖盘
14:49:54	13.29	0.01	3	3986	买盘
14:49:51	13.28	--	9	11952	卖盘
14:49:48	13.28	--	18	23904	卖盘
14:49:45	13.28	--	14	18592	卖盘
14:49:42	13.28	-0.01	2	2656	卖盘
14:49:36	13.29	--	20	26580	买盘
14:49:30	13.29	0.01	2	2658	买盘
14:49:27	13.28	--	21	27888	卖盘
14:49:24	13.28	-0.01	10	13280	卖盘
14:49:21	13.29	0.01	130	172770	买盘
14:49:18	13.28	-0.01	42	55776	卖盘
14:49:15	13.29	0.01	35	46515	买盘
14:49:12	13.28	-0.01	18	23904	卖盘
14:49:06	13.29	0.01	36	47844	买盘
14:49:00	13.28	--	60	79680	卖盘
14:48:57	13.28	--	132	175296	卖盘
14:48:54	13.28	-0.01	5	6640	卖盘
14:48:48	13.29	--	16	21264	买盘
14:48:45	13.29	0.01	22	29237	买盘
14:48:42	13.28	--	14	18592	卖盘
14:48:39	13.28	-0.01	61	81008	卖盘
14:48:36	13.29	--	5	6645	买盘
14:48:33	13.29	0.01	4	5316	买盘
14:48:30	13.28	--	46	61088	卖盘
14:48:27	13.28	-0.01	102	135456	卖盘
14:48:24	13.29	--	5	6645	买盘
14:48:21	13.29	--	2	2658	买盘
14:48:18	13.29	--	11	14618	买盘
14:48:15	13.29	--	15	19935	买盘
14:48:12	13.29	--	21	27909	买盘
14:48:09	13.29	0.01	1	1329	买盘
14:48:06	13.28	-0.01	5	6640	卖盘
14:48:03	13.29	--	100	132900	买盘
14:47:51	13.29	0.01	57	75753	买盘
14:47:48	13.28	--	20	26560	卖盘
14:47:45	13.28	-0.01	129	171312	卖盘
14:47:42	13.29	--	9	11961	买盘
14:47:36	13.29	0.01	16	21264	买盘
14:47:33	13.28	-0.01	1	1328	卖盘
14:47:30	13.29	0.01	12	15947	买盘
14:47:27	13.28	-0.01	3	3984	卖盘
14:47:21	13.29	0.01	25	33225	买盘
14:47:18	13.28	--	1	1328	卖盘
14:47:15	13.28	--	38	50464	卖盘
14:47:09	13.28	-0.01	5	6640	卖盘
14:47:06	13.29	--	51	67779	买盘
14:47:00	13.29	0.01	9	11961	买盘
14:46:57	13.28	--	13	17264	卖盘
14:46:54	13.28	-0.01	3	3984	卖盘
14:46:48	13.29	--	7	9303	买盘
14:46:36	13.29	--	10	13290	买盘
14:46:33	13.29	0.01	25	33225	买盘
14:46:27	13.28	-0.01	5	6640	卖盘
14:46:24	13.29	0.01	2	2658	买盘
14:46:21	13.28	--	4	5312	卖盘
14:46:18	13.28	-0.01	10	13280	卖盘
14:46:12	13.29	--	22	29237	买盘
14:46:09	13.29	0.01	33	43857	买盘
14:46:03	13.28	--	162	215136	卖盘
14:46:00	13.28	--	80	106240	卖盘
14:45:54	13.28	--	23	30544	卖盘
14:45:51	13.28	--	7	9296	卖盘
14:45:48	13.28	--	10	13280	卖盘
14:45:42	13.28	--	6	7968	卖盘
14:45:36	13.28	-0.01	9	11952	卖盘
14:45:33	13.29	0.01	3	3986	买盘
14:45:30	13.28	--	10	13280	卖盘
14:45:21	13.28	--	129	171312	卖盘
14:45:18	13.28	--	12	15936	卖盘
14:45:15	13.28	--	41	54448	卖盘
14:45:09	13.28	--	13	17264	买盘
14:45:06	13.28	-0.01	15	19920	卖盘
14:45:03	13.29	--	3	3986	买盘
14:45:00	13.29	--	16	21264	买盘
14:44:57	13.29	0.01	3	3986	买盘
14:44:51	13.28	-0.01	67	88976	卖盘
14:44:45	13.29	0.01	16	21264	买盘
14:44:39	13.28	--	26	34528	卖盘
14:44:36	13.28	-0.01	6	7968	卖盘
14:44:33	13.29	--	10	13290	买盘
14:44:30	13.29	0.01	1	1329	买盘
14:44:24	13.28	--	25	33200	卖盘
14:44:21	13.28	--	25	33200	卖盘
14:44:18	13.28	--	8	10624	卖盘
14:44:15	13.28	--	12	15936	卖盘
14:44:12	13.28	--	5	6640	卖盘
14:44:09	13.28	--	2	2656	卖盘
14:44:03	13.28	0.01	54	71712	买盘
14:44:00	13.27	--	51	67677	卖盘
14:43:57	13.27	-0.01	20	26540	卖盘
14:43:54	13.28	--	4	5312	买盘
14:43:51	13.28	--	37	49136	买盘
14:43:45	13.28	--	16	21248	买盘
14:43:42	13.28	0.01	56	74368	买盘
14:43:36	13.27	-0.01	12	15924	卖盘
14:43:33	13.28	0.01	33	43824	买盘
14:43:30	13.27	-0.01	100	132700	卖盘
14:43:27	13.28	0.01	61	81008	买盘
14:43:24	13.27	--	64	84928	卖盘
14:43:21	13.27	--	10	13270	卖盘
14:43:18	13.27	--	2	2654	卖盘
14:43:15	13.27	--	21	27867	卖盘
14:43:09	13.27	--	10	13270	卖盘
14:43:06	13.27	--	12	15924	卖盘
14:43:00	13.27	--	25	33175	卖盘
14:42:54	13.27	--	11	14597	卖盘
14:42:48	13.27	-0.01	16	21232	卖盘
14:42:45	13.28	0.01	60	79680	买盘
14:42:36	13.27	-0.01	30	39810	卖盘
14:42:33	13.28	--	2	2656	买盘
14:42:30	13.28	0.01	20	26560	买盘
14:42:21	13.27	--	3	3981	卖盘
14:42:12	13.27	-0.01	10	13270	卖盘
14:42:03	13.28	--	8	10624	买盘
14:42:00	13.28	0.01	16	21248	买盘
14:41:57	13.27	-0.01	12	15924	卖盘
14:41:54	13.28	--	5	6640	买盘
14:41:51	13.28	--	133	176624	卖盘
14:41:48	13.28	--	54	71712	卖盘
14:41:42	13.28	--	62	82336	卖盘
14:41:39	13.28	-0.01	3	3984	卖盘
14:41:36	13.29	--	13	17277	买盘
14:41:33	13.29	0.01	14	18606	买盘
14:41:30	13.28	--	10	13280	卖盘
14:41:27	13.28	--	3	3984	卖盘
14:41:24	13.28	--	2	2656	卖盘
14:41:21	13.28	-0.01	18	23904	卖盘
14:41:15	13.29	--	2	2658	买盘
14:41:06	13.29	--	23	30566	买盘
14:41:00	13.29	--	24	31895	卖盘
14:40:57	13.29	--	114	151506	卖盘
14:40:51	13.29	--	20	26580	卖盘
14:40:48	13.29	--	6	7973	卖盘
14:40:45	13.29	--	11	14618	卖盘
14:40:39	13.29	--	13	17277	卖盘
14:40:30	13.29	--	49	65120	卖盘
14:40:24	13.29	--	20	26580	卖盘
14:40:21	13.29	--	30	39870	卖盘
14:40:12	13.29	--	17	22593	卖盘
14:40:09	13.29	--	10	13290	卖盘
14:40:03	13.29	-0.01	19	25251	卖盘
14:40:00	13.3	0.01	55	73150	买盘
14:39:54	13.29	-0.01	33	43857	卖盘
14:39:51	13.3	0.01	5	6650	买盘
14:39:48	13.29	-0.01	40	53160	卖盘
14:39:45	13.3	--	40	53200	买盘
14:39:42	13.3	0.01	1	1330	买盘
14:39:36	13.29	--	19	25251	卖盘
14:39:33	13.29	--	1	1329	卖盘
14:39:30	13.29	--	21	27909	卖盘
14:39:27	13.29	-0.01	43	57146	卖盘
14:39:24	13.3	--	10	13300	买盘
14:39:21	13.3	0.01	16	21280	买盘
14:39:18	13.29	--	35	46515	卖盘
14:39:15	13.29	--	54	71766	卖盘
14:39:06	13.29	--	2	2658	卖盘
14:39:03	13.29	--	16	21264	卖盘
14:38:57	13.29	-0.01	21	27909	卖盘
14:38:54	13.3	0.01	10	13300	买盘
14:38:51	13.29	-0.01	8	10632	卖盘
14:38:42	13.3	--	1	1330	买盘
14:38:33	13.3	0.01	10	13300	买盘
14:38:27	13.29	--	20	26580	卖盘
14:38:24	13.29	--	8	10632	卖盘
14:38:21	13.29	-0.01	6	7973	卖盘
14:38:18	13.3	0.01	10	13300	买盘
14:38:12	13.29	--	10	13290	卖盘
14:38:06	13.29	-0.01	44	58475	卖盘
14:38:00	13.3	--	10	13300	买盘
14:37:57	13.3	--	1	1330	买盘
14:37:54	13.3	--	8	10640	买盘
14:37:42	13.3	--	2	2660	买盘
14:37:36	13.3	0.01	16	21280	买盘
14:37:27	13.29	--	8	10632	卖盘
14:37:24	13.29	-0.01	14	18606	卖盘
14:37:21	13.3	--	14	18620	买盘
14:37:18	13.3	--	38	50540	买盘
14:37:09	13.3	--	91	121030	卖盘
14:37:06	13.3	--	101	134330	卖盘
14:37:03	13.3	--	1	1330	卖盘
14:37:00	13.3	--	5	6650	卖盘
14:36:48	13.3	-0.01	44	58520	卖盘
14:36:42	13.31	0.01	90	119790	买盘
14:36:36	13.3	--	10	13300	卖盘
14:36:33	13.3	-0.01	30	39900	卖盘
14:36:30	13.31	0.01	2	2662	买盘
14:36:24	13.3	-0.01	1	1330	卖盘
14:36:18	13.31	0.01	5	6655	买盘
14:36:09	13.3	--	13	17290	卖盘
14:36:06	13.3	-0.01	5	6650	卖盘
14:36:03	13.31	0.01	5	6655	买盘
14:35:36	13.3	--	15	19950	卖盘
14:35:33	13.3	-0.01	10	13300	卖盘
14:35:27	13.31	--	1	1331	买盘
14:35:24	13.31	--	10	13310	买盘
14:35:21	13.31	0.01	7	9317	买盘
14:35:15	13.3	-0.01	12	15960	卖盘
14:35:12	13.31	--	33	43923	买盘
14:35:09	13.31	--	10	13310	买盘
14:35:03	13.31	0.01	34	45254	买盘
14:34:57	13.3	-0.01	12	15960	卖盘
14:34:51	13.31	--	1	1331	买盘
14:34:48	13.31	--	4	5324	买盘
14:34:42	13.31	--	21	27951	买盘
14:34:39	13.31	--	15	19965	卖盘
14:34:36	13.31	--	29	38599	卖盘
14:34:21	13.31	0.01	21	27951	买盘
14:34:15	13.3	-0.01	17	22610	卖盘
14:34:12	13.31	0.01	1	1331	买盘
14:34:06	13.3	-0.01	5	6650	卖盘
14:34:03	13.31	0.01	1	1331	买盘
14:33:57	13.3	0.01	3	3990	中性盘
14:33:39	13.29	-0.03	2	2658	卖盘
14:33:33	13.32	--	64	85248	买盘
14:33:30	13.32	--	13	17316	买盘
14:33:27	13.32	--	5	6660	卖盘
14:33:18	13.32	-0.01	32	42624	中性盘
14:33:03	13.33	0.04	10	13330	买盘
14:32:54	13.29	--	3	3986	卖盘
14:32:48	13.29	-0.03	21	27909	卖盘
14:32:45	13.32	0.02	489	651348	买盘
14:32:39	13.3	--	15	19950	买盘
14:32:30	13.3	-0.01	619	823270	卖盘
14:32:21	13.31	-0.01	20	26620	卖盘
14:32:18	13.32	--	65	86580	买盘
14:32:15	13.32	--	17	22644	买盘
14:32:12	13.32	--	11	14652	买盘
14:32:03	13.32	--	33	43956	卖盘
14:32:00	13.32	--	1	1332	卖盘
14:31:57	13.32	--	2	2664	卖盘
14:31:48	13.32	--	50	66600	卖盘
14:31:39	13.32	0.01	35	46620	买盘
14:31:15	13.31	--	84	111804	卖盘
14:31:09	13.31	-0.01	14	18634	卖盘
14:31:06	13.32	--	23	30636	买盘
14:30:54	13.32	0.01	20	26640	买盘
14:30:51	13.31	-0.01	83	110473	卖盘
14:30:45	13.32	--	3	3996	买盘
14:30:42	13.32	0.01	10	13320	买盘
14:30:39	13.31	--	77	102487	卖盘
14:30:24	13.31	--	20	26620	卖盘
14:30:21	13.31	-0.01	11	14641	卖盘
14:30:18	13.32	--	89	118548	买盘
14:30:09	13.32	--	14	18648	买盘
14:30:00	13.32	-0.01	97	129204	卖盘
14:29:54	13.33	0.01	230	306590	买盘
14:29:51	13.32	-0.01	110	146520	卖盘
14:29:48	13.33	0.01	22	29326	买盘
14:29:45	13.32	-0.01	7	9324	卖盘
14:29:42	13.33	0.01	7	9331	买盘
14:29:36	13.32	--	10	13320	卖盘
14:29:33	13.32	-0.01	100	133200	卖盘
14:29:24	13.33	--	2	2666	买盘
14:29:21	13.33	--	50	66650	买盘
14:29:09	13.33	-0.01	6	7998	卖盘
14:29:06	13.34	0.01	103	137402	买盘
14:29:03	13.33	--	1	1333	卖盘
14:29:00	13.33	0.01	13	17329	中性盘
14:28:42	13.32	-0.01	69	91908	卖盘
14:28:36	13.33	0.01	88	117304	买盘
14:28:27	13.32	--	62	82584	卖盘
14:28:18	13.32	-0.01	10	13320	卖盘
14:28:15	13.33	0.01	1	1333	买盘
14:28:12	13.32	--	2	2664	买盘
14:28:09	13.32	--	5	6660	买盘
14:28:06	13.32	--	20	26640	买盘
14:28:00	13.32	--	5	6660	买盘
14:27:57	13.32	-0.01	168	223776	卖盘
14:27:51	13.33	0.01	5	6665	买盘
14:27:45	13.32	--	9	11988	卖盘
14:27:42	13.32	--	104	138528	卖盘
14:27:21	13.32	--	1	1332	买盘
14:27:12	13.32	--	4	5328	卖盘
14:27:09	13.32	--	47	62604	买盘
14:27:03	13.32	--	10	13320	买盘
14:27:00	13.32	--	30	39960	买盘
14:26:48	13.32	--	30	39960	买盘
14:26:39	13.32	0.01	5	6660	买盘
14:26:33	13.31	-0.01	23	30613	卖盘
14:26:30	13.32	0.01	22	29304	买盘
14:26:24	13.31	-0.01	13	17303	卖盘
14:26:18	13.32	0.01	10	13320	买盘
14:26:15	13.31	-0.01	14	18634	卖盘
14:26:12	13.32	--	12	15984	买盘
14:26:09	13.32	--	5	6660	买盘
14:26:06	13.32	--	4	5328	买盘
14:25:57	13.32	--	40	53280	买盘
14:25:54	13.32	-0.02	155	206460	卖盘
14:25:48	13.34	--	1	1334	买盘
14:25:45	13.34	--	6	8004	卖盘
14:25:39	13.34	--	20	26680	卖盘
14:25:36	13.34	--	14	18676	卖盘
14:25:33	13.34	--	20	26680	卖盘
14:25:30	13.34	-0.01	4	5336	卖盘
14:25:27	13.35	0.01	7	9345	买盘
14:25:21	13.34	--	25	33350	卖盘
14:25:18	13.34	--	20	26680	卖盘
14:25:15	13.34	--	20	26680	卖盘
14:25:03	13.34	-0.01	149	198766	中性盘
14:24:57	13.35	0.01	80	106800	买盘
14:24:54	13.34	--	16	21344	买盘
14:24:51	13.34	--	2	2668	买盘
14:24:48	13.34	-0.01	30	40020	卖盘
14:24:45	13.35	--	20	26700	买盘
14:24:39	13.35	--	16	21360	买盘
14:24:36	13.35	0.01	5	6675	买盘
14:24:33	13.34	-0.01	30	40020	卖盘
14:24:30	13.35	--	10	13350	买盘
14:24:21	13.35	--	12	16020	卖盘
14:24:18	13.35	--	100	133500	买盘
14:24:15	13.35	0.01	10	13350	中性盘
14:24:12	13.34	-0.01	41	54694	卖盘
14:24:06	13.35	--	8	10680	卖盘
14:24:03	13.35	--	52	69420	卖盘
14:24:00	13.35	--	53	70755	卖盘
14:23:54	13.35	--	91	121485	卖盘
14:23:51	13.35	--	10	13350	卖盘
14:23:45	13.35	--	10	13350	卖盘
14:23:42	13.35	--	105	140175	买盘
14:23:39	13.35	0.01	86	114810	买盘
14:23:36	13.34	-0.01	100	133400	卖盘
14:23:33	13.35	--	10	13350	买盘
14:23:30	13.35	0.01	51	68085	买盘
14:23:27	13.34	--	35	46690	卖盘
14:23:24	13.34	-0.01	8	10672	卖盘
14:23:21	13.35	--	60	80100	买盘
14:23:18	13.35	0.02	159	212265	买盘
14:23:15	13.33	-0.01	17	22661	卖盘
14:23:09	13.34	-0.01	105	140070	中性盘
14:23:06	13.35	0.01	90	120150	买盘
14:23:03	13.34	0.01	3	4002	买盘
14:23:00	13.33	-0.01	1	1333	卖盘
14:22:51	13.34	--	25	33350	买盘
14:22:45	13.34	--	10	13340	买盘
14:22:42	13.34	--	90	120060	买盘
14:22:39	13.34	--	8	10672	买盘
14:22:36	13.34	0.01	5	6670	买盘
14:22:33	13.33	-0.01	8	10664	卖盘
14:22:30	13.34	0.01	5	6670	买盘
14:22:24	13.33	--	15	19995	卖盘
14:22:21	13.33	-0.01	4	5332	卖盘
14:22:18	13.34	--	10	13340	买盘
14:22:09	13.34	0.01	7	9338	买盘
14:22:03	13.33	--	9	11997	卖盘
14:22:00	13.33	--	64	85312	买盘
14:21:54	13.33	--	6	7998	买盘
14:21:48	13.33	--	39	51987	买盘
14:21:42	13.33	--	10	13330	买盘
14:21:30	13.33	--	12	15996	买盘
14:21:27	13.33	0.01	3	3999	买盘
14:21:24	13.32	--	11	14652	卖盘
14:21:21	13.32	-0.01	1	1332	卖盘
14:21:18	13.33	--	12	15996	买盘
14:21:15	13.33	--	21	27993	买盘
14:21:09	13.33	0.01	4	5332	买盘
14:21:06	13.32	--	5	6660	卖盘
14:21:00	13.32	--	18	23976	卖盘
14:20:48	13.32	--	13	17316	卖盘
14:20:45	13.32	--	1	1332	卖盘
14:20:42	13.32	--	2	2664	卖盘
14:20:33	13.32	--	1	1332	卖盘
14:20:27	13.32	--	22	29304	买盘
14:20:21	13.32	-0.01	28	37296	卖盘
14:20:18	13.33	0.01	6	7998	买盘
14:20:15	13.32	-0.01	18	23976	卖盘
14:20:09	13.33	0.01	2	2666	买盘
14:20:06	13.32	-0.01	21	27972	卖盘
14:19:57	13.33	--	15	19995	买盘
14:19:54	13.33	0.01	10	13330	买盘
14:19:51	13.32	-0.01	30	39960	卖盘
14:19:36	13.33	--	35	46655	卖盘
14:19:33	13.33	-0.01	10	13330	卖盘
14:19:30	13.34	--	24	32016	买盘
14:19:27	13.34	--	24	32016	买盘
14:19:21	13.34	--	41	54694	买盘
14:19:18	13.34	0.01	3	4002	买盘
14:19:12	13.33	-0.01	11	14663	卖盘
14:19:09	13.34	0.01	13	17342	买盘
14:19:06	13.33	--	5	6665	卖盘
14:19:03	13.33	--	63	83979	卖盘
14:19:00	13.33	-0.01	5	6665	卖盘
14:18:54	13.34	0.01	75	100050	买盘
14:18:48	13.33	0.01	98	130634	买盘
14:18:45	13.32	-0.01	2	2664	中性盘
14:18:39	13.33	--	205	273265	买盘
14:18:33	13.33	0.01	79	105307	买盘
14:18:30	13.32	--	9	11988	卖盘
14:18:21	13.32	--	6	7992	卖盘
14:18:15	13.32	-0.01	29	38628	卖盘
14:18:12	13.33	0.01	6	7998	买盘
14:18:09	13.32	-0.01	54	71928	卖盘
14:18:06	13.33	0.01	88	117304	买盘
14:18:00	13.32	--	9	11988	卖盘
14:17:57	13.32	-0.01	15	19980	卖盘
14:17:51	13.33	0.01	15	19995	买盘
14:17:48	13.32	--	17	22644	卖盘
14:17:42	13.32	-0.01	10	13320	卖盘
14:17:36	13.33	0.01	5	6665	买盘
14:17:30	13.32	-0.01	3	3996	卖盘
14:17:27	13.33	0.01	4	5332	买盘
14:17:24	13.32	--	15	19980	卖盘
14:17:21	13.32	-0.01	5	6660	卖盘
14:17:18	13.33	0.01	3	3999	买盘
14:17:12	13.32	-0.01	1	1332	卖盘
14:17:09	13.33	--	10	13330	买盘
14:17:00	13.33	--	5	6665	买盘
14:16:57	13.33	0.01	10	13330	买盘
14:16:54	13.32	-0.01	4	5328	卖盘
14:16:51	13.33	--	64	85312	买盘
14:16:45	13.33	--	9	11997	买盘
14:16:42	13.33	--	1	1333	买盘
14:16:39	13.33	--	7	9331	买盘
14:16:30	13.33	0.01	90	119970	买盘
14:16:24	13.32	--	30	39960	买盘
14:16:21	13.32	--	25	33300	买盘
14:16:18	13.32	--	6	7992	买盘
14:16:15	13.32	--	7	9324	买盘
14:16:09	13.32	--	10	13320	买盘
14:16:03	13.32	0.01	144	191808	买盘
14:16:00	13.31	-0.01	48	63888	卖盘
14:15:51	13.32	0.01	11	14652	买盘
14:15:42	13.31	--	2	2662	卖盘
14:15:36	13.31	--	8	10648	卖盘
14:15:33	13.31	0.01	147	195657	买盘
14:15:21	13.3	--	6	7980	卖盘
14:15:18	13.3	--	26	34580	买盘
14:15:15	13.3	0.01	10	13300	买盘
14:15:06	13.29	-0.01	10	13290	卖盘
14:15:00	13.3	--	330	438900	买盘
14:14:57	13.3	--	30	39900	买盘
14:14:54	13.3	--	248	329840	买盘
14:14:51	13.3	--	18	23940	买盘
14:14:42	13.3	--	128	170240	买盘
14:14:36	13.3	--	50	66500	买盘
14:14:33	13.3	0.01	20	26600	买盘
14:14:30	13.29	--	4	5316	卖盘
14:14:24	13.29	-0.01	5	6645	卖盘
14:14:18	13.3	--	8	10640	买盘
14:14:15	13.3	0.01	7	9310	买盘
14:14:12	13.29	--	4	5316	卖盘
14:14:06	13.29	--	39	51831	买盘
14:14:00	13.29	0.01	113	150177	买盘
14:13:57	13.28	-0.01	2	2656	卖盘
14:13:51	13.29	--	60	79740	买盘
14:13:45	13.29	0.02	50	66450	买盘
14:13:30	13.27	-0.01	256	339712	卖盘
14:13:27	13.28	-0.01	20	26560	卖盘
14:13:24	13.29	--	6	7973	买盘
14:13:21	13.29	--	4	5316	买盘
14:13:12	13.29	0.01	10	13290	买盘
14:13:09	13.28	-0.01	1	1328	卖盘
14:12:42	13.29	--	10	13290	买盘
14:12:39	13.29	--	3	3986	买盘
14:12:09	13.29	--	47	62462	买盘
14:11:57	13.29	0.01	10	13290	买盘
14:11:51	13.28	-0.01	1	1328	卖盘
14:11:48	13.29	0.01	100	132900	买盘
14:11:42	13.28	-0.01	4	5312	卖盘
14:11:21	13.29	--	210	279090	买盘
14:11:15	13.29	0.01	1	1329	买盘
14:11:12	13.28	--	4	5312	卖盘
14:10:57	13.28	--	205	272240	卖盘
14:10:48	13.28	-0.01	75	99600	卖盘
14:10:21	13.29	--	33	43857	卖盘
14:10:18	13.29	-0.01	13	17277	卖盘
14:10:09	13.3	0.01	3	3990	买盘
14:10:00	13.29	--	5	6645	卖盘
14:09:57	13.29	--	127	168783	卖盘
14:09:54	13.29	--	20	26580	卖盘
14:09:51	13.29	--	5	6645	卖盘
14:09:27	13.29	--	4	5316	卖盘
14:09:24	13.29	--	5	6645	卖盘
14:09:18	13.29	--	52	69108	买盘
14:09:09	13.29	--	2	2658	买盘
14:09:00	13.29	0.01	2	2658	买盘
14:08:54	13.28	--	2	2656	卖盘
14:08:27	13.28	--	25	33200	卖盘
14:08:24	13.28	--	4	5312	卖盘
14:08:12	13.28	--	5	6640	卖盘
14:08:09	13.28	--	21	27888	卖盘
14:07:57	13.28	--	1	1328	卖盘
14:07:51	13.28	--	2	2656	卖盘
14:07:48	13.28	--	1	1328	卖盘
14:07:45	13.28	-0.01	234	310752	卖盘
14:07:39	13.29	--	4	5316	买盘
14:07:36	13.29	0.01	6	7973	买盘
14:07:33	13.28	-0.02	1	1328	卖盘
14:07:27	13.3	--	10	13300	买盘
14:07:24	13.3	0.01	6	7980	买盘
14:07:21	13.29	--	17	22593	卖盘
14:07:18	13.29	--	3	3986	买盘
14:07:09	13.29	--	7	9303	卖盘
14:07:00	13.29	--	10	13290	卖盘
14:06:57	13.29	--	20	26580	卖盘
14:06:42	13.29	--	5	6645	卖盘
14:06:39	13.29	--	5	6645	卖盘
14:06:27	13.29	--	10	13290	买盘
14:06:21	13.29	--	10	13290	中性盘
14:06:15	13.29	--	3	3986	卖盘
14:06:09	13.29	--	3	3986	买盘
14:06:06	13.29	--	17	22593	卖盘
14:05:54	13.29	--	50	66450	卖盘
14:05:51	13.29	--	40	53160	卖盘
14:05:48	13.29	-0.01	40	53160	卖盘
14:05:39	13.3	--	6	7980	买盘
14:05:30	13.3	0.01	4	5320	买盘
14:05:24	13.29	-0.01	12	15947	卖盘
14:05:18	13.3	--	21	27930	买盘
14:05:15	13.3	0.01	50	66500	买盘
14:05:09	13.29	--	5	6645	卖盘
14:04:54	13.29	--	1	1329	卖盘
14:04:51	13.29	--	55	73095	卖盘
14:04:48	13.29	0.01	5	6645	买盘
14:04:45	13.28	-0.01	7	9296	卖盘
14:04:39	13.29	-0.01	140	186060	卖盘
14:04:36	13.3	--	9	11970	买盘
14:04:24	13.3	0.01	15	19950	买盘
14:04:21	13.29	-0.01	1	1329	卖盘
14:04:12	13.3	--	10	13300	买盘
14:03:51	13.3	0.01	3	3990	买盘
14:03:48	13.29	-0.01	8	10632	卖盘
14:03:45	13.3	--	7	9310	买盘
14:03:30	13.3	--	3	3990	买盘
14:03:27	13.3	--	10	13300	买盘
14:03:24	13.3	--	10	13300	买盘
14:03:15	13.3	--	30	39900	买盘
14:03:12	13.3	--	30	39900	买盘
14:02:54	13.3	--	6	7980	买盘
14:02:51	13.3	--	100	133000	买盘
14:02:48	13.3	--	50	66500	买盘
14:02:45	13.3	--	15	19950	买盘
14:02:42	13.3	--	20	26600	买盘
14:02:36	13.3	--	1	1330	买盘
14:02:33	13.3	--	7	9310	买盘
14:02:30	13.3	--	50	66500	买盘
14:02:18	13.3	--	7	9310	买盘
14:02:12	13.3	0.01	24	31920	买盘
14:02:03	13.29	--	20	26580	卖盘
14:01:51	13.29	-0.01	8	10632	卖盘
14:01:48	13.3	0.01	1	1330	买盘
14:01:45	13.29	0.01	1	1329	卖盘
14:01:39	13.28	-0.01	10	13280	卖盘
14:01:33	13.29	--	2	2658	买盘
14:01:30	13.29	0.01	10	13290	买盘
14:01:24	13.28	-0.01	114	151392	卖盘
14:01:21	13.29	--	70	93030	买盘
14:01:18	13.29	0.01	11	14618	买盘
14:01:15	13.28	-0.01	44	58432	卖盘
14:01:03	13.29	--	2	2658	买盘
14:01:00	13.29	--	5	6645	买盘
14:00:48	13.29	0.01	10	13290	买盘
14:00:45	13.28	--	4	5312	卖盘
14:00:27	13.28	--	5	6640	卖盘
14:00:18	13.28	--	112	148736	买盘
14:00:15	13.28	0.01	35	46480	买盘
13:59:48	13.27	-0.01	10	13270	卖盘
13:59:36	13.28	--	31	41168	买盘
13:59:30	13.28	--	4	5312	买盘
13:59:15	13.28	--	9	11952	买盘
13:59:06	13.28	0.01	1	1328	买盘
13:59:03	13.27	-0.01	57	75639	卖盘
13:58:54	13.28	--	15	19920	买盘
13:58:51	13.28	--	4	5312	买盘
13:58:45	13.28	0.01	12	15936	买盘
13:58:21	13.27	-0.01	20	26540	卖盘
13:58:18	13.28	0.01	100	132800	买盘
13:58:12	13.27	--	10	13270	卖盘
13:58:06	13.27	--	11	14597	卖盘
13:57:48	13.27	0.01	15	19905	买盘
13:57:45	13.26	-0.01	14	18564	卖盘
13:57:39	13.27	--	8	10616	买盘
13:57:36	13.27	--	10	13270	买盘
13:57:33	13.27	--	10	13270	买盘
13:57:27	13.27	0.01	7	9289	买盘
13:57:24	13.26	-0.01	40	53040	卖盘
13:57:15	13.27	--	10	13270	买盘
13:57:03	13.27	0.01	20	26540	买盘
13:56:54	13.26	--	83	110058	卖盘
13:56:51	13.26	-0.01	1	1326	卖盘
13:56:48	13.27	--	30	39810	买盘
13:56:45	13.27	0.01	4	5308	买盘
13:56:39	13.26	--	15	19890	卖盘
13:56:33	13.26	--	60	79560	卖盘
13:56:24	13.26	-0.01	7	9282	卖盘
13:56:21	13.27	--	89	118103	买盘
13:56:06	13.27	--	62	82274	买盘
13:56:03	13.27	--	50	66350	买盘
13:56:00	13.27	--	8	10616	买盘
13:55:48	13.27	--	1	1327	买盘
13:55:42	13.27	--	10	13270	买盘
13:55:30	13.27	0.01	5	6635	中性盘
13:55:21	13.26	-0.01	115	152490	卖盘
13:55:18	13.27	-0.01	20	26540	卖盘
13:55:15	13.28	0.01	50	66400	买盘
13:55:00	13.27	--	6	7962	买盘
13:54:57	13.27	--	11	14597	买盘
13:54:51	13.27	--	4	5308	买盘
13:54:48	13.27	--	1	1327	买盘
13:54:45	13.27	--	42	55734	卖盘
13:54:30	13.27	--	15	19905	卖盘
13:54:24	13.27	--	7	9289	卖盘
13:54:15	13.27	--	50	66350	卖盘
13:54:12	13.27	-0.01	4	5308	卖盘
13:53:54	13.28	0.01	1	1328	买盘
13:53:48	13.27	--	33	43791	买盘
13:53:39	13.27	-0.01	67	88909	卖盘
13:53:36	13.28	--	2	2656	买盘
13:53:24	13.28	0.01	10	13280	买盘
13:53:09	13.27	-0.01	7	9289	卖盘
13:52:54	13.28	0.01	2	2656	买盘
13:52:48	13.27	--	5	6635	卖盘
13:52:39	13.27	--	1	1327	卖盘
13:52:36	13.27	--	5	6635	卖盘
13:52:30	13.27	--	11	14597	卖盘
13:52:27	13.27	--	15	19905	卖盘
13:52:24	13.27	--	5	6635	卖盘
13:52:15	13.27	0.01	9	11943	中性盘
13:52:09	13.26	--	11	14586	卖盘
13:52:06	13.26	-0.01	80	106080	卖盘
13:52:03	13.27	0.01	82	108814	买盘
13:52:00	13.26	--	68	90168	卖盘
13:51:36	13.26	--	10	13260	卖盘
13:51:33	13.26	--	81	107406	卖盘
13:51:30	13.26	--	11	14586	卖盘
13:51:21	13.26	--	28	37128	卖盘
13:51:12	13.26	-0.01	5	6630	卖盘
13:51:09	13.27	--	1	1327	买盘
13:51:03	13.27	--	11	14597	买盘
13:50:51	13.27	--	12	15924	买盘
13:50:45	13.27	--	5	6635	买盘
13:50:39	13.27	--	23	30521	卖盘
13:50:33	13.27	--	50	66350	卖盘
13:50:30	13.27	--	5	6635	卖盘
13:50:24	13.27	--	77	102179	卖盘
13:50:21	13.27	--	64	84928	卖盘
13:50:15	13.27	--	6	7962	卖盘
13:50:09	13.27	--	5	6635	卖盘
13:50:00	13.27	--	8	10616	卖盘
13:49:48	13.27	--	50	66350	卖盘
13:49:36	13.27	-0.01	30	39810	卖盘
13:49:09	13.28	--	10	13280	卖盘
13:49:06	13.28	--	30	39840	卖盘
13:48:54	13.28	-0.01	1	1328	卖盘
13:48:51	13.29	--	93	123596	买盘
13:48:48	13.29	--	10	13290	买盘
13:48:45	13.29	0.01	160	212640	买盘
13:48:39	13.28	--	10	13280	卖盘
13:48:21	13.28	-0.01	5	6640	卖盘
13:48:12	13.29	0.01	30	39870	买盘
13:48:03	13.28	-0.01	12	15936	卖盘
13:48:00	13.29	0.01	3	3986	买盘
13:47:57	13.28	--	30	39840	卖盘
13:47:45	13.28	--	1	1328	卖盘
13:47:36	13.28	-0.01	6	7968	卖盘
13:47:33	13.29	0.01	13	17277	买盘
13:47:21	13.28	--	10	13280	卖盘
13:46:48	13.28	--	43	57104	卖盘
13:46:42	13.28	--	12	15936	卖盘
13:46:33	13.28	--	2	2656	卖盘
13:46:30	13.28	-0.01	10	13280	卖盘
13:46:27	13.29	--	3	3986	买盘
13:46:24	13.29	0.01	1	1329	买盘
13:46:18	13.28	--	1	1328	卖盘
13:46:06	13.28	0.01	17	22576	买盘
13:46:03	13.27	-0.01	1	1327	卖盘
13:45:51	13.28	--	3	3984	卖盘
13:45:48	13.28	--	29	38512	卖盘
13:45:45	13.28	--	10	13280	卖盘
13:45:42	13.28	--	10	13280	卖盘
13:45:39	13.28	--	2	2656	卖盘
13:45:33	13.28	--	20	26560	卖盘
13:45:30	13.28	--	14	18592	卖盘
13:45:15	13.28	0.01	12	15936	买盘
13:45:06	13.27	-0.01	15	19905	卖盘
13:44:57	13.28	--	10	13280	买盘
13:44:51	13.28	--	29	38512	卖盘
13:44:48	13.28	--	1	1328	卖盘
13:44:45	13.28	--	21	27888	买盘
13:44:33	13.28	0.01	50	66400	买盘
13:44:30	13.27	--	50	66350	卖盘
13:44:27	13.27	--	10	13270	卖盘
13:44:24	13.27	--	15	19905	卖盘
13:44:15	13.27	-0.01	6	7962	卖盘
13:44:12	13.28	0.01	3	3984	买盘
13:44:03	13.27	-0.01	2	2654	卖盘
13:44:00	13.28	0.01	5	6640	买盘
13:43:51	13.27	-0.01	11	14597	卖盘
13:43:48	13.28	--	14	18592	买盘
13:43:45	13.28	0.01	1	1328	买盘
13:43:39	13.27	--	2	2654	卖盘
13:43:36	13.27	--	1	1327	卖盘
13:43:30	13.27	--	4	5308	卖盘
13:43:24	13.27	--	2	2654	卖盘
13:43:21	13.27	--	3	3981	卖盘
13:43:12	13.27	--	10	13270	卖盘
13:42:57	13.27	--	23	30521	卖盘
13:42:51	13.27	-0.01	666	883782	卖盘
13:42:45	13.28	0.01	2	2656	买盘
13:42:30	13.27	-0.01	100	132700	卖盘
13:42:09	13.28	--	41	54448	卖盘
13:42:06	13.28	--	7	9296	卖盘
13:42:03	13.28	--	5	6640	卖盘
13:41:51	13.28	0.01	5	6640	中性盘
13:41:39	13.27	-0.02	12	15924	卖盘
13:41:30	13.29	0.01	10	13290	买盘
13:41:21	13.28	--	15	19920	买盘
13:41:15	13.28	--	69	91632	卖盘
13:41:09	13.28	--	10	13280	卖盘
13:40:57	13.28	--	131	173968	卖盘
13:40:54	13.28	-0.01	10	13280	卖盘
13:40:39	13.29	--	92	122267	卖盘
13:40:36	13.29	--	10	13290	卖盘
13:40:30	13.29	--	50	66450	卖盘
13:40:24	13.29	--	5	6645	卖盘
13:40:18	13.29	--	23	30566	卖盘
13:40:15	13.29	--	50	66450	卖盘
13:40:12	13.29	--	4	5316	卖盘
13:40:09	13.29	-0.01	20	26580	卖盘
13:39:57	13.3	0.01	14	18620	买盘
13:39:54	13.29	-0.01	30	39870	卖盘
13:39:51	13.3	--	40	53200	买盘
13:39:48	13.3	0.01	35	46550	买盘
13:39:45	13.29	--	4	5316	卖盘
13:39:36	13.29	--	1	1329	卖盘
13:39:24	13.29	--	3	3986	卖盘
13:39:09	13.29	--	21	27909	买盘
13:39:06	13.29	--	1	1329	买盘
13:38:54	13.29	0.01	10	13290	买盘
13:38:45	13.28	--	13	17264	卖盘
13:38:36	13.28	--	68	90742	买盘
13:38:33	13.28	--	60	79680	买盘
13:38:30	13.28	--	69	91632	买盘
13:38:24	13.28	--	29	38512	买盘
13:38:21	13.28	--	17	22576	买盘
13:38:18	13.28	--	300	398400	买盘
13:38:15	13.28	--	294	390432	买盘
13:38:06	13.28	--	2	2656	买盘
13:38:03	13.28	--	100	132800	买盘
13:38:00	13.28	--	65	86320	买盘
13:37:48	13.28	--	16	21248	买盘
13:37:42	13.28	0.01	2	2656	买盘
13:37:39	13.27	-0.01	20	26540	卖盘
13:37:36	13.28	--	5	6640	买盘
13:37:33	13.28	--	51	67728	买盘
13:37:30	13.28	0.01	34	45152	买盘
13:37:27	13.27	--	23	30521	卖盘
13:37:21	13.27	-0.01	4	5308	卖盘
13:37:15	13.28	0.01	100	132800	买盘
13:37:09	13.27	-0.01	5	6635	卖盘
13:37:06	13.28	--	17	22576	买盘
13:37:03	13.28	--	50	66400	买盘
13:36:57	13.28	--	200	265600	买盘
13:36:45	13.28	--	5	6640	买盘
13:36:24	13.28	--	10	13280	买盘
13:36:15	13.28	--	40	53120	买盘
13:36:12	13.28	0.01	3	3984	买盘
13:36:06	13.27	-0.01	33	43791	卖盘
13:36:00	13.28	--	5	6640	买盘
13:35:48	13.28	--	18	23904	买盘
13:35:42	13.28	0.01	5	6640	买盘
13:35:27	13.27	--	10	13270	卖盘
13:35:24	13.27	-0.01	1	1327	卖盘
13:35:18	13.28	0.01	4	5312	买盘
13:35:15	13.27	-0.01	20	26540	卖盘
13:35:09	13.28	0.01	5	6640	买盘
13:35:06	13.27	--	5	6635	卖盘
13:34:57	13.27	--	5	6635	卖盘
13:34:54	13.27	-0.01	31	41137	卖盘
13:34:51	13.28	--	23	30544	买盘
13:34:45	13.28	0.01	25	33200	买盘
13:34:39	13.27	--	10	13270	卖盘
13:34:30	13.27	-0.01	39	51753	卖盘
13:34:27	13.28	--	1	1328	买盘
13:34:24	13.28	--	10	13280	买盘
13:34:21	13.28	0.01	1	1328	买盘
13:34:12	13.27	-0.01	3	3981	卖盘
13:34:03	13.28	--	10	13280	买盘
13:33:54	13.28	0.01	30	39840	买盘
13:33:51	13.27	-0.01	19	25213	卖盘
13:33:33	13.28	0.01	28	37184	买盘
13:33:30	13.27	--	23	30521	卖盘
13:33:27	13.27	-0.01	50	66350	卖盘
13:33:24	13.28	0.01	2	2656	买盘
13:33:18	13.27	--	20	26540	卖盘
13:33:12	13.27	-0.01	16	21232	卖盘
13:33:06	13.28	--	13	17264	买盘
13:33:03	13.28	--	10	13280	买盘
13:32:54	13.28	0.01	9	11952	买盘
13:32:51	13.27	-0.01	84	111468	卖盘
13:32:42	13.28	--	1	1328	买盘
13:32:30	13.28	--	28	37184	买盘
13:32:27	13.28	--	3	3984	买盘
13:32:21	13.28	--	20	26560	买盘
13:32:18	13.28	--	30	39840	买盘
13:32:15	13.28	--	1	1328	买盘
13:32:12	13.28	--	79	104912	买盘
13:32:09	13.28	--	13	17264	买盘
13:32:06	13.28	0.01	21	27888	买盘
13:32:03	13.27	-0.01	254	337058	卖盘
13:31:57	13.28	--	20	26560	买盘
13:31:54	13.28	0.01	13	17264	买盘
13:31:51	13.27	--	24	31848	卖盘
13:31:48	13.27	--	13	17251	卖盘
13:31:33	13.27	--	4	5308	卖盘
13:31:30	13.27	--	17	22559	买盘
13:31:24	13.27	0.01	198	262746	买盘
13:31:21	13.26	-0.01	10	13260	卖盘
13:31:06	13.27	0.01	25	33175	买盘
13:30:57	13.26	--	30	39780	卖盘
13:30:54	13.26	-0.01	4	5304	卖盘
13:30:51	13.27	0.01	15	19905	买盘
13:30:42	13.26	--	49	64974	卖盘
13:30:21	13.26	--	2	2652	卖盘
13:30:12	13.26	-0.01	10	13260	卖盘
13:30:09	13.27	--	4	5308	买盘
13:30:06	13.27	--	50	66350	买盘
13:29:57	13.27	--	6	7962	买盘
13:29:54	13.27	--	10	13270	买盘
13:29:51	13.27	0.01	23	30521	买盘
13:29:48	13.26	-0.01	10	13260	卖盘
13:29:45	13.27	--	10	13270	买盘
13:29:42	13.27	0.01	30	39810	买盘
13:29:39	13.26	-0.01	2	2652	卖盘
13:29:33	13.27	--	15	19905	买盘
13:29:27	13.27	--	1	1327	买盘
13:29:15	13.27	0.01	39	51753	买盘
13:29:12	13.26	-0.01	2	2652	卖盘
13:28:57	13.27	--	8	10616	买盘
13:28:33	13.27	--	20	26540	买盘
13:28:24	13.27	--	18	23886	买盘
13:28:21	13.27	0.01	1	1327	买盘
13:27:57	13.26	--	1	1326	卖盘
13:27:48	13.26	--	39	51714	卖盘
13:27:45	13.26	-0.01	63	83538	卖盘
13:27:33	13.27	0.01	1	1327	买盘
13:27:09	13.26	--	9	11934	卖盘
13:27:00	13.26	--	5	6630	卖盘
13:26:57	13.26	--	23	30498	买盘
13:26:45	13.26	--	10	13260	买盘
13:26:42	13.26	--	5	6630	买盘
13:26:33	13.26	--	10	13260	卖盘
13:26:24	13.26	--	5	6630	卖盘
13:26:09	13.26	--	4	5304	买盘
13:26:03	13.26	0.01	7	9282	中性盘
13:25:45	13.25	-0.01	45	59625	卖盘
13:25:42	13.26	--	10	13260	买盘
13:25:39	13.26	0.01	24	31824	买盘
13:25:36	13.25	--	20	26500	卖盘
13:25:24	13.25	--	40	53000	卖盘
13:25:18	13.25	--	20	26500	卖盘
13:25:15	13.25	--	1	1987	卖盘
13:25:12	13.25	-0.01	54	71550	卖盘
13:25:06	13.26	--	39	51714	买盘
13:25:03	13.26	--	30	39780	买盘
13:24:57	13.26	--	5	6630	买盘
13:24:54	13.26	--	2	2652	买盘
13:24:51	13.26	--	238	315588	卖盘
13:24:48	13.26	--	30	39780	卖盘
13:24:21	13.26	--	6	7956	卖盘
13:24:15	13.26	--	10	13260	卖盘
13:24:09	13.26	--	37	49062	卖盘
13:24:06	13.26	--	10	13260	卖盘
13:23:48	13.26	--	21	27846	卖盘
13:23:45	13.26	--	30	39780	卖盘
13:23:42	13.26	-0.01	11	14586	卖盘
13:23:36	13.27	--	1	1327	买盘
13:23:33	13.27	0.01	5	6635	买盘
13:23:24	13.26	-0.01	10	13260	卖盘
13:23:09	13.27	--	1	1327	买盘
13:22:48	13.27	--	20	26540	买盘
13:22:45	13.27	--	2	2654	买盘
13:22:27	13.27	0.01	2	2654	买盘
13:22:24	13.26	--	83	110058	卖盘
13:22:18	13.26	--	4	5304	卖盘
13:22:12	13.26	-0.01	50	66300	卖盘
13:21:57	13.27	--	5	6635	买盘
13:21:45	13.27	--	4	5308	买盘
13:21:39	13.27	0.01	20	26540	买盘
13:21:33	13.26	--	29	38454	卖盘
13:21:30	13.26	-0.01	10	13260	卖盘
13:21:27	13.27	0.01	135	179145	买盘
13:21:21	13.26	-0.01	20	26520	卖盘
13:21:09	13.27	--	28	37156	买盘
13:20:57	13.27	--	22	29194	买盘
13:20:51	13.27	0.01	1	1327	买盘
13:20:45	13.26	-0.01	2	2652	卖盘
13:20:39	13.27	0.01	10	13270	买盘
13:20:27	13.26	-0.01	1	1326	卖盘
13:20:24	13.27	--	5	6635	买盘
13:20:18	13.27	--	11	14597	买盘
13:20:06	13.27	--	5	6635	买盘
13:20:03	13.27	--	5	6635	买盘
13:19:57	13.27	0.01	10	13270	买盘
13:19:54	13.26	-0.01	128	169728	卖盘
13:19:51	13.27	0.01	1	1327	买盘
13:19:48	13.26	-0.01	9	11934	卖盘
13:19:42	13.27	--	4	5308	买盘
13:19:39	13.27	--	5	6635	买盘
13:19:36	13.27	--	10	13270	买盘
13:19:33	13.27	--	162	214974	卖盘
13:19:30	13.27	-0.01	19	25213	卖盘
13:19:24	13.28	--	3	3984	买盘
13:19:18	13.28	0.01	27	35856	买盘
13:19:15	13.27	-0.01	2	2654	卖盘
13:19:12	13.28	0.01	1	1328	买盘
13:19:06	13.27	-0.01	30	39810	卖盘
13:19:03	13.28	--	16	21248	买盘
13:18:51	13.28	0.01	33	43824	买盘
13:18:45	13.27	-0.01	3	3981	卖盘
13:18:42	13.28	--	15	19920	买盘
13:18:36	13.28	0.01	6	7968	买盘
13:18:33	13.27	--	4	5308	卖盘
13:18:24	13.27	--	11	14597	卖盘
13:18:12	13.27	--	27	35829	卖盘
13:18:06	13.27	--	39	51753	买盘
13:18:03	13.27	--	11	14597	买盘
13:18:00	13.27	0.01	15	19905	买盘
13:17:57	13.26	--	40	53040	卖盘
13:17:54	13.26	-0.01	1	1326	卖盘
13:17:48	13.27	-0.01	124	164548	卖盘
13:17:33	13.28	--	110	146080	买盘
13:17:24	13.28	0.01	40	53120	买盘
13:17:18	13.27	--	2	3543	卖盘
13:17:15	13.27	--	4	5308	卖盘
13:17:06	13.27	--	7	9726	买盘
13:17:03	13.27	--	15	19905	买盘
13:16:33	13.27	--	2	2654	买盘
13:16:30	13.27	--	11	14597	买盘
13:16:21	13.27	-0.01	28	38045	卖盘
13:16:18	13.28	0.01	3	3984	买盘
13:16:15	13.27	--	11	15034	买盘
13:15:57	13.27	--	4	5308	买盘
13:15:51	13.27	-0.01	144	191977	卖盘
13:15:48	13.28	-0.01	33	43824	卖盘
13:15:45	13.29	0.01	50	66450	买盘
13:15:36	13.28	--	5	6640	卖盘
13:15:24	13.28	-0.01	18	23904	卖盘
13:15:21	13.29	--	3	3986	买盘
13:14:57	13.29	--	7	9303	买盘
13:14:42	13.29	--	4	5316	卖盘
13:14:36	13.29	--	1	1329	买盘
13:14:33	13.29	--	6	7973	买盘
13:14:27	13.29	--	28	37212	买盘
13:14:18	13.29	--	6	7973	卖盘
13:14:15	13.29	-0.01	1	1329	卖盘
13:14:09	13.3	0.01	15	19950	买盘
13:14:06	13.29	--	17	22593	买盘
13:14:03	13.29	0.01	5	6645	中性盘
13:13:57	13.28	-0.01	20	26560	卖盘
13:13:51	13.29	--	15	19935	卖盘
13:13:42	13.29	--	2	2658	卖盘
13:13:33	13.29	0.01	22	29237	买盘
13:13:30	13.28	-0.01	11	14608	卖盘
13:13:24	13.29	0.01	31	41199	买盘
13:13:03	13.28	-0.01	6	7968	卖盘
13:13:00	13.29	--	3	3986	买盘
13:12:57	13.29	--	10	13290	中性盘
13:12:51	13.29	--	10	13290	卖盘
13:12:45	13.29	-0.01	77	102333	卖盘
13:12:39	13.3	0.01	36	47880	买盘
13:12:36	13.29	-0.01	55	73095	卖盘
13:12:33	13.3	0.01	1	1330	买盘
13:12:24	13.29	--	1	1329	卖盘
13:12:21	13.29	--	62	82398	买盘
13:12:18	13.29	--	10	13290	买盘
13:12:15	13.29	--	4	5316	买盘
13:12:09	13.29	--	2	2658	买盘
13:12:06	13.29	--	15	19935	买盘
13:12:03	13.29	--	7	9303	卖盘
13:11:51	13.29	--	21	27909	买盘
13:11:48	13.29	--	5	6645	买盘
13:11:45	13.29	--	9	11961	买盘
13:11:39	13.29	--	15	19935	买盘
13:11:36	13.29	--	10	13290	买盘
13:11:27	13.29	--	59	78411	买盘
13:11:21	13.29	0.01	9	11961	买盘
13:11:09	13.28	--	37	49574	买盘
13:11:03	13.28	0.01	14	18592	买盘
13:11:00	13.27	-0.01	5	6635	卖盘
13:10:57	13.28	--	28	37184	买盘
13:10:54	13.28	--	33	43824	买盘
13:10:30	13.28	--	1	1328	买盘
13:10:27	13.28	0.02	4	5312	买盘
13:10:24	13.26	-0.01	1	1326	卖盘
13:10:18	13.27	-0.01	17	23448	卖盘
13:10:03	13.28	0.01	5	6640	买盘
13:09:57	13.27	--	1	1327	卖盘
13:09:48	13.27	-0.01	6	7962	卖盘
13:09:45	13.28	--	2	2656	买盘
13:09:39	13.28	--	4	5312	买盘
13:09:33	13.28	--	3	3984	买盘
13:09:27	13.28	0.01	7	9734	买盘
13:09:24	13.27	--	5	6635	卖盘
13:09:06	13.27	--	18	23886	买盘
13:09:03	13.27	--	35	46445	买盘
13:09:00	13.27	--	5	6635	买盘
13:08:54	13.27	--	35	46445	买盘
13:08:51	13.27	0.01	5	6635	买盘
13:08:42	13.26	-0.01	26	34476	卖盘
13:08:27	13.27	--	3	3981	买盘
13:08:24	13.27	--	15	19905	买盘
13:08:21	13.27	--	6	7962	买盘
13:08:18	13.27	--	40	53080	买盘
13:08:15	13.27	0.01	4	5308	买盘
13:08:06	13.26	0.01	19	25194	买盘
13:07:57	13.25	--	57	75525	买盘
13:07:51	13.25	--	10	13250	买盘
13:07:48	13.25	--	2	2650	买盘
13:07:45	13.25	--	6	7950	买盘
13:07:39	13.25	0.01	1	1325	买盘
13:07:36	13.24	-0.01	63	83412	卖盘
13:07:24	13.25	--	7	9275	卖盘
13:07:15	13.25	0.01	22	29150	买盘
13:07:12	13.24	0.01	16	21184	中性盘
13:06:33	13.23	-0.01	29	38367	卖盘
13:06:30	13.24	-0.01	6	7944	卖盘
13:06:18	13.25	0.01	1	1325	买盘
13:06:09	13.24	--	60	79440	买盘
13:06:06	13.24	--	15	19860	买盘
13:06:03	13.24	--	6	7944	买盘
13:05:57	13.24	--	19	25156	买盘
13:05:39	13.24	--	20	26480	买盘
13:05:33	13.24	0.01	2	2648	买盘
13:05:30	13.23	--	83	109809	卖盘
13:05:21	13.23	-0.01	30	39690	卖盘
13:05:12	13.24	--	1	1324	买盘
13:04:57	13.24	0.01	7	9268	买盘
13:04:36	13.23	--	1	1323	卖盘
13:04:27	13.23	-0.01	5	6615	卖盘
13:04:24	13.24	--	8	10592	买盘
13:04:15	13.24	--	50	66200	买盘
13:04:09	13.24	-0.01	2	2648	买盘
13:04:00	13.25	0.01	20	26500	买盘
13:03:54	13.24	--	5	6620	买盘
13:03:51	13.24	-0.01	6	7944	卖盘
13:03:48	13.25	--	7	9275	买盘
13:03:45	13.25	0.01	10	13250	买盘
13:03:42	13.24	-0.01	9	11916	卖盘
13:03:39	13.25	--	5	6625	买盘
13:03:36	13.25	--	10	13250	买盘
13:03:27	13.25	0.01	18	23850	买盘
13:03:24	13.24	-0.01	30	39720	卖盘
13:03:21	13.25	--	2	2650	买盘
13:02:48	13.25	0.02	45	59625	买盘
13:02:39	13.23	-0.02	6	7938	卖盘
13:02:24	13.25	0.02	33	43725	买盘
13:02:15	13.23	-0.02	3	3969	卖盘
13:02:09	13.25	0.02	8	10600	买盘
13:02:00	13.23	--	5	6615	卖盘
13:01:36	13.23	--	120	158760	卖盘
13:01:30	13.23	-0.02	4	5292	卖盘
13:01:24	13.25	--	7	9275	买盘
13:01:21	13.25	--	37	49025	买盘
13:00:51	13.25	--	10	13250	买盘
13:00:45	13.25	--	10	13250	买盘
13:00:42	13.25	--	5	6625	买盘
13:00:12	13.25	--	6	7950	买盘
13:00:09	13.25	0.01	65	86125	买盘
13:00:06	13.24	--	12	15888	买盘
13:00:03	13.24	--	183	242292	卖盘
13:00:00	13.24	--	0	0	卖盘
11:30:00	13.24	--	30	39720	卖盘
11:29:48	13.24	-0.01	36	47664	卖盘
11:29:45	13.25	0.01	50	66250	买盘
11:29:36	13.24	--	3	3972	卖盘
11:29:30	13.24	--	20	26480	卖盘
11:29:15	13.24	-0.01	1	1324	卖盘
11:29:12	13.25	--	15	19875	买盘
11:29:06	13.25	--	30	39750	买盘
11:29:03	13.25	--	4	5300	买盘
11:28:57	13.25	--	5	6625	买盘
11:28:48	13.25	--	17	22525	卖盘
11:28:45	13.25	--	15	19875	买盘
11:28:42	13.25	--	1	1325	买盘
11:28:36	13.25	--	14	18550	卖盘
11:28:27	13.25	--	4	5300	买盘
11:28:24	13.25	--	1	1325	卖盘
11:28:21	13.25	-0.01	39	51675	卖盘
11:28:18	13.26	0.01	20	26520	买盘
11:28:03	13.25	--	5	6625	卖盘
11:28:00	13.25	--	94	124550	买盘
11:27:57	13.25	--	10	13250	买盘
11:27:51	13.25	--	1	1325	买盘
11:27:42	13.25	-0.01	87	115275	卖盘
11:27:33	13.26	0.01	5	6630	中性盘
11:27:24	13.25	0.01	2	2650	买盘
11:27:21	13.24	-0.01	46	60904	卖盘
11:27:18	13.25	--	34	45050	卖盘
11:27:12	13.25	--	100	132500	卖盘
11:26:45	13.25	--	80	106000	卖盘
11:26:39	13.25	--	3	3975	卖盘
11:26:27	13.25	--	21	27825	卖盘
11:26:21	13.25	--	20	26500	卖盘
11:26:15	13.25	--	1	1325	卖盘
11:25:57	13.25	--	91	120575	买盘
11:25:51	13.25	--	10	13250	买盘
11:25:48	13.25	--	50	66250	买盘
11:25:42	13.25	0.01	10	13250	买盘
11:25:39	13.24	-0.01	7	9268	卖盘
11:25:36	13.25	0.01	5	6625	买盘
11:25:33	13.24	-0.01	14	18536	卖盘
11:25:30	13.25	0.01	60	79500	买盘
11:25:24	13.24	-0.01	28	37072	卖盘
11:25:21	13.25	0.01	22	29150	买盘
11:25:15	13.24	-0.01	2	2648	卖盘
11:25:06	13.25	0.01	10	13250	买盘
11:24:57	13.24	--	1	1324	卖盘
11:24:51	13.24	--	7	9268	卖盘
11:24:42	13.24	0.01	5	6620	中性盘
11:24:39	13.23	--	10	13230	卖盘
11:24:36	13.23	-0.02	13	17199	卖盘
11:24:33	13.25	0.01	20	26500	买盘
11:24:30	13.24	0.01	2	2648	买盘
11:24:24	13.23	-0.02	234	309582	卖盘
11:24:21	13.25	--	33	43725	买盘
11:24:15	13.25	0.01	9	11925	买盘
11:24:12	13.24	--	32	42368	卖盘
11:24:09	13.24	--	5	6620	卖盘
11:24:06	13.24	--	39	51636	卖盘
11:24:03	13.24	0.01	107	141668	买盘
11:24:00	13.23	-0.01	14	18522	卖盘
11:23:54	13.24	0.01	30	39720	买盘
11:23:51	13.23	--	40	52920	中性盘
11:23:45	13.23	-0.01	9	11907	卖盘
11:23:42	13.24	--	30	39720	买盘
11:23:39	13.24	--	15	19860	买盘
11:23:36	13.24	0.01	32	42368	买盘
11:23:33	13.23	-0.01	21	27783	卖盘
11:23:30	13.24	0.01	77	101948	买盘
11:23:27	13.23	--	10	13230	卖盘
11:23:21	13.23	--	53	70119	卖盘
11:23:18	13.23	-0.01	1	1323	卖盘
11:23:12	13.24	0.01	5	6620	买盘
11:23:09	13.23	--	1	1323	卖盘
11:23:06	13.23	-0.01	19	25137	卖盘
11:23:03	13.24	0.01	58	76792	买盘
11:22:57	13.23	--	10	13230	卖盘
11:22:51	13.23	--	10	13230	卖盘
11:22:48	13.23	--	10	13230	卖盘
11:22:45	13.23	-0.01	5	6615	卖盘
11:22:33	13.24	--	5	6620	买盘
11:22:30	13.24	--	8	10592	卖盘
11:22:27	13.24	--	103	136372	卖盘
11:22:24	13.24	--	48	63552	卖盘
11:22:18	13.24	-0.01	60	79440	卖盘
11:22:12	13.25	--	1	1325	买盘
11:22:06	13.25	--	769	1018925	卖盘
11:22:03	13.25	--	15	19875	卖盘
11:22:00	13.25	--	10	13250	卖盘
11:21:57	13.25	--	141	186825	卖盘
11:21:48	13.25	--	4	5300	卖盘
11:21:45	13.25	--	28	37100	卖盘
11:21:42	13.25	--	39	51675	卖盘
11:21:39	13.25	--	4	5300	卖盘
11:21:36	13.25	-0.01	41	54325	卖盘
11:21:30	13.26	0.01	38	50388	买盘
11:21:27	13.25	--	1	1325	卖盘
11:21:15	13.25	-0.01	10	13250	卖盘
11:21:03	13.26	--	296	393238	卖盘
11:21:00	13.26	--	5	6630	卖盘
11:20:48	13.26	-0.01	3	3978	卖盘
11:20:42	13.27	0.01	96	127392	买盘
11:20:39	13.26	--	18	23868	卖盘
11:20:36	13.26	--	4	5304	卖盘
11:20:33	13.26	--	3	3978	卖盘
11:20:27	13.26	--	5	6630	卖盘
11:20:24	13.26	--	46	60996	卖盘
11:20:21	13.26	--	2	2652	卖盘
11:20:18	13.26	--	41	54366	卖盘
11:20:15	13.26	--	6	7956	卖盘
11:20:12	13.26	--	13	17238	卖盘
11:20:09	13.26	--	5	6630	卖盘
11:20:03	13.26	--	70	92820	卖盘
11:19:57	13.26	--	49	64974	卖盘
11:19:51	13.26	--	4	5304	卖盘
11:19:39	13.26	--	14	18564	卖盘
11:19:27	13.26	--	14	18564	卖盘
11:19:21	13.26	-0.01	27	35802	卖盘
11:19:12	13.27	0.01	10	13270	买盘
11:19:09	13.26	--	20	26520	卖盘
11:19:06	13.26	-0.01	75	100033	卖盘
11:19:03	13.27	0.01	2	2654	买盘
11:18:51	13.26	--	30	39780	卖盘
11:18:48	13.26	-0.01	22	29172	卖盘
11:18:45	13.27	0.01	3	3981	买盘
11:18:33	13.26	--	10	13260	卖盘
11:18:27	13.26	--	18	23868	卖盘
11:18:21	13.26	--	5	6630	卖盘
11:18:15	13.26	--	1	1326	卖盘
11:18:09	13.26	--	62	82212	卖盘
11:18:03	13.26	--	15	19890	卖盘
11:17:51	13.26	--	12	15912	卖盘
11:17:39	13.26	--	118	156468	买盘
11:17:36	13.26	--	4	5304	买盘
11:17:27	13.26	--	210	278460	卖盘
11:17:24	13.26	--	10	13260	卖盘
11:17:18	13.26	--	15	19890	卖盘
11:17:15	13.26	--	40	53040	卖盘
11:17:09	13.26	--	34	45084	卖盘
11:17:06	13.26	-0.01	19	25194	卖盘
11:17:03	13.27	--	120	159240	买盘
11:17:00	13.27	--	62	82274	买盘
11:16:36	13.27	--	21	27867	买盘
11:16:18	13.27	0.01	3	3981	买盘
11:16:00	13.26	-0.01	108	143208	卖盘
11:15:57	13.27	--	10	13270	买盘
11:15:51	13.27	0.01	5	6635	买盘
11:15:48	13.26	--	13	17238	卖盘
11:15:42	13.26	--	20	26520	卖盘
11:15:39	13.26	-0.01	5	6630	卖盘
11:15:21	13.27	--	17	22559	买盘
11:15:15	13.27	--	23	30521	买盘
11:15:12	13.27	--	5	6635	买盘
11:15:09	13.27	--	4	5308	买盘
11:15:00	13.27	--	30	39810	买盘
11:14:45	13.27	--	25	33175	买盘
11:14:42	13.27	0.01	8	10616	买盘
11:14:27	13.26	-0.01	2	2652	卖盘
11:14:24	13.27	--	89	118103	买盘
11:14:12	13.27	--	5	6635	买盘
11:14:09	13.27	0.01	11	14597	买盘
11:14:03	13.26	--	15	19890	卖盘
11:13:48	13.26	--	10	13260	卖盘
11:13:42	13.26	--	4	5304	卖盘
11:13:39	13.26	--	68	90168	卖盘
11:13:36	13.26	--	20	26520	卖盘
11:13:30	13.26	--	10	13260	卖盘
11:13:21	13.26	--	91	120666	卖盘
11:13:18	13.26	--	29	38454	卖盘
11:13:15	13.26	--	11	14586	卖盘
11:13:12	13.26	-0.01	17	22542	卖盘
11:13:03	13.27	0.01	20	26540	买盘
11:13:00	13.26	--	4	5304	卖盘
11:12:54	13.26	--	8	10608	卖盘
11:12:48	13.26	--	18	23868	卖盘
11:12:45	13.26	--	20	26520	卖盘
11:12:42	13.26	--	51	67626	卖盘
11:12:39	13.26	--	2	2652	卖盘
11:12:36	13.26	--	7	9282	卖盘
11:12:30	13.26	--	43	57018	卖盘
11:12:27	13.26	--	5	6630	卖盘
11:12:24	13.26	--	36	47736	卖盘
11:12:18	13.26	--	7	9282	卖盘
11:12:12	13.26	--	38	50388	卖盘
11:12:09	13.26	--	60	79560	卖盘
11:12:06	13.26	-0.01	9	11934	卖盘
11:12:00	13.27	0.01	3	3981	买盘
11:11:57	13.26	--	65	86190	卖盘
11:11:54	13.26	--	73	96798	卖盘
11:11:51	13.26	--	3	3978	卖盘
11:11:45	13.26	--	30	39780	卖盘
11:11:39	13.26	--	439	582114	卖盘
11:11:33	13.26	--	16	21216	卖盘
11:11:30	13.26	-0.01	18	23868	卖盘
11:11:24	13.27	--	11	14597	卖盘
11:11:18	13.27	--	231	306537	卖盘
11:11:15	13.27	--	347	460469	卖盘
11:11:03	13.27	--	20	26540	卖盘
11:11:00	13.27	--	35	46445	卖盘
11:10:57	13.27	-0.01	14	18578	卖盘
11:10:51	13.28	0.01	10	13280	买盘
11:10:48	13.27	--	10	13270	卖盘
11:10:45	13.27	-0.01	25	33175	卖盘
11:10:39	13.28	--	5	6640	买盘
11:10:24	13.28	--	45	60503	卖盘
11:10:21	13.28	--	5	6640	卖盘
11:10:18	13.28	--	3	3984	卖盘
11:10:09	13.28	--	10	13280	卖盘
11:10:06	13.28	--	16	21248	卖盘
11:10:00	13.28	--	4	5896	买盘
11:09:54	13.28	--	2	2656	买盘
11:09:45	13.28	--	4	6055	卖盘
11:09:36	13.28	--	80	106240	卖盘
11:09:12	13.28	-0.01	29	38512	卖盘
11:08:54	13.29	0.01	4	5316	买盘
11:08:51	13.28	--	9	11952	卖盘
11:08:45	13.28	--	42	56360	买盘
11:08:39	13.28	--	1	1328	买盘
11:08:36	13.28	--	12	15936	买盘
11:08:33	13.28	--	35	46480	买盘
11:08:24	13.28	0.01	100	132800	买盘
11:08:03	13.27	--	20	26540	卖盘
11:07:57	13.27	--	13	17251	卖盘
11:07:54	13.27	-0.01	32	42464	卖盘
11:07:48	13.28	--	11	14608	买盘
11:07:39	13.28	0.01	5	6640	买盘
11:07:36	13.27	--	9	11943	卖盘
11:07:21	13.27	--	5	6635	卖盘
11:07:18	13.27	-0.01	7	9289	卖盘
11:06:51	13.28	0.01	5	6640	买盘
11:06:45	13.27	--	14	18578	卖盘
11:06:42	13.27	-0.01	8	10616	卖盘
11:06:36	13.28	0.01	20	26560	买盘
11:06:30	13.27	--	5	6635	卖盘
11:06:24	13.27	--	1	1327	卖盘
11:06:21	13.27	-0.01	135	179145	卖盘
11:06:18	13.28	--	1	1328	买盘
11:06:00	13.28	--	56	75111	卖盘
11:05:54	13.28	--	25	33200	卖盘
11:05:39	13.28	--	2	2656	卖盘
11:05:24	13.28	--	5	6640	卖盘
11:05:21	13.28	0.01	278	369768	买盘
11:05:18	13.27	-0.01	48	63696	卖盘
11:05:15	13.28	--	32	42496	买盘
11:05:09	13.28	0.01	1	1328	买盘
11:05:00	13.27	--	2	2654	卖盘
11:04:54	13.27	-0.01	360	477720	卖盘
11:04:48	13.28	0.01	105	139440	买盘
11:04:39	13.27	--	59	78293	卖盘
11:04:21	13.27	--	16	21232	卖盘
11:04:15	13.27	-0.01	9	11943	卖盘
11:04:12	13.28	0.01	119	158032	买盘
11:04:09	13.27	-0.01	11	14597	卖盘
11:04:00	13.28	--	4	5312	买盘
11:03:57	13.28	--	37	49136	买盘
11:03:45	13.28	--	2	2656	买盘
11:03:39	13.28	--	13	17264	买盘
11:03:33	13.28	0.01	10	13280	买盘
11:03:27	13.27	-0.01	41	54407	卖盘
11:03:24	13.28	--	89	118935	卖盘
11:03:12	13.28	--	442	587560	买盘
11:03:09	13.28	0.01	3	3984	买盘
11:02:54	13.27	--	1	1327	卖盘
11:02:39	13.27	--	22	29194	卖盘
11:02:33	13.27	--	32	42464	卖盘
11:02:27	13.27	--	51	67677	卖盘
11:02:21	13.27	-0.01	45	59715	卖盘
11:02:15	13.28	--	4	5312	买盘
11:02:09	13.28	0.01	122	162016	买盘
11:02:00	13.27	--	128	169856	卖盘
11:01:48	13.27	--	4	5308	卖盘
11:01:45	13.27	--	4	5308	卖盘
11:01:42	13.27	-0.01	30	39810	卖盘
11:01:39	13.28	--	10	13280	买盘
11:01:33	13.28	--	3	3984	买盘
11:01:27	13.28	--	662	879481	卖盘
11:01:18	13.28	-0.01	5	6640	卖盘
11:01:00	13.29	--	3	3986	买盘
11:00:57	13.29	--	17	22593	买盘
11:00:48	13.29	-0.01	100	132900	卖盘
11:00:42	13.3	0.01	1	1330	买盘
11:00:33	13.29	--	50	66450	卖盘
11:00:30	13.29	--	30	39870	卖盘
11:00:21	13.29	-0.01	4	5316	卖盘
11:00:18	13.3	--	16	21280	买盘
11:00:15	13.3	--	1	1330	买盘
11:00:09	13.3	--	5	6650	买盘
10:59:54	13.3	--	10	13300	买盘
10:59:48	13.3	--	2	2660	买盘
10:59:45	13.3	0.01	265	352450	买盘
10:59:39	13.29	-0.01	15	19935	卖盘
10:59:21	13.3	--	7	9310	买盘
10:59:12	13.3	--	1	1330	买盘
10:59:00	13.3	--	5	6650	买盘
10:58:51	13.3	0.01	30	39900	买盘
10:58:48	13.29	-0.01	21	27909	卖盘
10:58:42	13.3	0.01	10	13300	买盘
10:58:36	13.29	--	109	144861	卖盘
10:58:27	13.29	--	20	26580	卖盘
10:58:06	13.29	--	11	14618	卖盘
10:57:42	13.29	-0.01	23	30566	卖盘
10:57:33	13.3	--	20	26600	买盘
10:57:24	13.3	0.01	100	133000	买盘
10:57:15	13.29	--	37	49173	卖盘
10:57:12	13.29	--	10	13290	卖盘
10:57:06	13.29	-0.01	10	13290	卖盘
10:57:03	13.3	--	6	7980	买盘
10:57:00	13.3	--	2	2660	买盘
10:56:42	13.3	-0.01	5	6650	买盘
10:56:39	13.31	0.01	33	43923	买盘
10:56:36	13.3	--	8	10640	卖盘
10:56:33	13.3	--	3	3990	买盘
10:56:30	13.3	--	2	2660	卖盘
10:56:24	13.3	0.01	9	11970	卖盘
10:55:54	13.29	-0.02	36	47844	卖盘
10:55:33	13.31	0.02	3	3993	买盘
10:55:24	13.29	-0.02	100	132900	卖盘
10:55:18	13.31	0.01	18	23958	买盘
10:55:15	13.3	-0.01	2	2660	中性盘
10:54:57	13.31	0.01	23	30613	买盘
10:54:54	13.3	--	97	129010	卖盘
10:54:48	13.3	-0.01	10	13300	卖盘
10:54:45	13.31	0.01	24	31944	买盘
10:54:39	13.3	--	70	93100	卖盘
10:54:33	13.3	-0.01	118	156940	卖盘
10:54:27	13.31	--	20	26620	买盘
10:54:21	13.31	--	10	13310	买盘
10:54:15	13.31	0.01	81	107811	买盘
10:54:12	13.3	-0.01	42	55860	卖盘
10:54:06	13.31	--	45	59895	买盘
10:53:54	13.31	--	10	13310	买盘
10:53:48	13.31	--	24	31944	买盘
10:53:45	13.31	--	3	3993	买盘
10:53:39	13.31	--	5	6655	买盘
10:53:30	13.31	0.01	20	26620	买盘
10:53:18	13.3	--	10	13300	买盘
10:53:15	13.3	--	2	2660	买盘
10:53:12	13.3	--	8	10640	卖盘
10:53:09	13.3	0.01	232	308560	买盘
10:53:03	13.29	--	99	131571	卖盘
10:52:57	13.29	--	76	101004	买盘
10:52:48	13.29	--	75	99675	卖盘
10:52:45	13.29	--	10	13290	卖盘
10:52:42	13.29	--	2	2658	卖盘
10:52:36	13.29	--	17	22593	买盘
10:52:33	13.29	--	12	15947	买盘
10:52:30	13.29	--	16	21264	买盘
10:52:27	13.29	--	69	91701	买盘
10:52:18	13.29	--	5	6645	买盘
10:52:15	13.29	--	100	132900	买盘
10:52:12	13.29	--	31	41199	买盘
10:52:09	13.29	0.01	1	1329	买盘
10:52:06	13.28	-0.01	10	13280	卖盘
10:52:03	13.29	--	2	2658	买盘
10:51:57	13.29	--	59	78411	买盘
10:51:54	13.29	--	20	26580	买盘
10:51:51	13.29	0.01	28	37212	买盘
10:51:21	13.28	--	9	11952	卖盘
10:51:09	13.28	--	2	2656	卖盘
10:51:03	13.28	--	1	1328	卖盘
10:50:54	13.28	-0.01	15	19920	卖盘
10:50:39	13.29	--	36	47844	买盘
10:50:33	13.29	0.01	26	34554	买盘
10:50:30	13.28	-0.01	3	3984	卖盘
10:50:18	13.29	0.01	2	2658	买盘
10:50:15	13.28	-0.01	1	1328	卖盘
10:50:09	13.29	--	13	17277	买盘
10:49:57	13.29	0.01	8	10632	买盘
10:49:54	13.28	-0.01	2	2656	卖盘
10:49:51	13.29	--	3	3986	买盘
10:49:48	13.29	--	1	1329	买盘
10:49:36	13.29	0.01	10	13290	买盘
10:49:30	13.28	--	10	13280	卖盘
10:49:09	13.28	--	100	132800	卖盘
10:49:06	13.28	-0.01	3	3984	卖盘
10:49:03	13.29	--	4	5316	买盘
10:48:57	13.29	--	10	13290	买盘
10:48:51	13.29	0.01	11	14618	买盘
10:48:36	13.28	--	10	13280	卖盘
10:48:30	13.28	--	13	17264	卖盘
10:48:27	13.28	--	10	13280	卖盘
10:47:57	13.28	--	10	13280	卖盘
10:47:54	13.28	--	3	3984	卖盘
10:47:51	13.28	-0.01	10	13280	卖盘
10:47:42	13.29	0.01	2	2658	买盘
10:47:36	13.28	--	16	21248	卖盘
10:47:33	13.28	-0.01	2	2656	卖盘
10:47:30	13.29	--	31	41199	买盘
10:47:27	13.29	0.01	29	38541	买盘
10:47:21	13.28	-0.01	8	10624	卖盘
10:47:15	13.29	0.01	3	3986	买盘
10:47:09	13.28	--	2	3638	卖盘
10:47:06	13.28	-0.01	4	5312	卖盘
10:47:03	13.29	--	15	19935	买盘
10:46:57	13.29	0.01	34	45186	买盘
10:46:54	13.28	--	12	15936	卖盘
10:46:48	13.28	--	2	2656	卖盘
10:46:36	13.28	-0.01	10	13280	卖盘
10:46:33	13.29	--	30	39870	买盘
10:46:30	13.29	-0.01	52	69108	卖盘
10:46:21	13.3	--	1	1330	买盘
10:46:18	13.3	0.01	1	1330	买盘
10:46:03	13.29	--	2	2658	卖盘
10:46:00	13.29	0.01	80	106320	买盘
10:45:42	13.28	-0.01	30	39840	卖盘
10:45:39	13.29	0.01	22	29237	买盘
10:45:33	13.28	--	10	13280	卖盘
10:45:12	13.28	--	19	25232	买盘
10:45:09	13.28	--	22	29216	买盘
10:44:57	13.28	-0.01	28	37184	卖盘
10:44:51	13.29	0.01	3	3986	买盘
10:44:48	13.28	--	3	3984	卖盘
10:44:42	13.28	-0.01	50	66400	卖盘
10:44:39	13.29	0.01	1	1329	买盘
10:44:36	13.28	--	10	13280	卖盘
10:44:21	13.28	-0.01	118	156704	卖盘
10:44:03	13.29	--	10	13290	卖盘
10:43:51	13.29	0.01	18	23922	买盘
10:43:42	13.28	-0.01	100	132800	卖盘
10:43:39	13.29	0.01	18	23922	买盘
10:43:36	13.28	--	20	26560	卖盘
10:43:27	13.28	-0.01	50	66400	卖盘
10:43:15	13.29	0.01	5	6645	买盘
10:43:06	13.28	--	23	30544	买盘
10:43:03	13.28	--	25	33200	买盘
10:42:57	13.28	--	20	26560	买盘
10:42:54	13.28	--	137	181936	卖盘
10:42:42	13.28	--	7	9296	卖盘
10:42:39	13.28	--	1	1328	卖盘
10:42:36	13.28	--	26	34528	卖盘
10:42:33	13.28	--	5	6640	卖盘
10:42:30	13.28	--	30	39840	卖盘
10:42:27	13.28	-0.01	31	41168	卖盘
10:42:24	13.29	0.01	20	26580	买盘
10:42:12	13.28	0.01	46	61088	买盘
10:42:09	13.27	-0.01	25	33175	卖盘
10:42:03	13.28	--	15	19920	买盘
10:42:00	13.28	--	36	47808	买盘
10:41:54	13.28	--	16	21248	买盘
10:41:51	13.28	--	10	13280	买盘
10:41:42	13.28	0.01	27	35856	买盘
10:41:39	13.27	-0.01	72	95544	卖盘
10:41:36	13.28	--	23	30544	买盘
10:41:33	13.28	--	80	106240	买盘
10:41:30	13.28	--	20	26560	买盘
10:41:24	13.28	--	1	1328	买盘
10:41:21	13.28	--	5	6640	买盘
10:41:15	13.28	-0.01	585	776880	卖盘
10:41:06	13.29	--	1	1329	买盘
10:41:03	13.29	--	172	228587	买盘
10:41:00	13.29	--	3	3986	买盘
10:40:57	13.29	--	5	6645	买盘
10:40:54	13.29	--	10	13290	买盘
10:40:48	13.29	-0.01	178	236561	卖盘
10:40:45	13.3	0.01	138	183540	买盘
10:40:42	13.29	--	8	10632	卖盘
10:40:36	13.29	--	3	3986	卖盘
10:40:30	13.29	--	3	3986	卖盘
10:40:24	13.29	--	10	13290	卖盘
10:40:00	13.29	-0.01	150	199350	卖盘
10:39:57	13.3	--	11	14630	买盘
10:39:45	13.3	0.01	40	53200	中性盘
10:39:36	13.29	--	40	53160	卖盘
10:39:33	13.29	--	100	132900	卖盘
10:39:30	13.29	-0.01	32	42528	卖盘
10:39:27	13.3	-0.01	10	13300	买盘
10:39:12	13.31	0.01	9	11979	买盘
10:39:09	13.3	--	2	2660	卖盘
10:39:03	13.3	--	14	18620	卖盘
10:39:00	13.3	--	8	10640	买盘
10:38:57	13.3	-0.01	2	2660	卖盘
10:38:54	13.31	0.01	1	1331	买盘
10:38:48	13.3	-0.01	10	13300	中性盘
10:38:42	13.31	0.01	10	13310	买盘
10:38:39	13.3	0.01	5	6650	中性盘
10:38:36	13.29	-0.01	5	6645	卖盘
10:38:24	13.3	--	2	2660	卖盘
10:38:18	13.3	0.01	219	291270	中性盘
10:38:15	13.29	-0.01	20	26580	卖盘
10:38:12	13.3	--	5	6650	卖盘
10:38:06	13.3	0.01	7	9310	买盘
10:37:54	13.29	--	5	6645	卖盘
10:37:51	13.29	-0.02	55	73095	卖盘
10:37:42	13.31	0.02	99	131769	买盘
10:37:30	13.29	-0.01	74	98346	卖盘
10:37:27	13.3	--	35	46550	卖盘
10:37:24	13.3	-0.01	28	37240	卖盘
10:37:21	13.31	0.01	7	9317	买盘
10:37:18	13.3	-0.01	60	79800	卖盘
10:37:15	13.31	0.01	31	41261	买盘
10:36:54	13.3	-0.01	42	55860	卖盘
10:36:48	13.31	--	7	9317	卖盘
10:36:45	13.31	0.01	30	39930	买盘
10:36:42	13.3	-0.01	3	3990	卖盘
10:36:39	13.31	--	1	1331	买盘
10:36:36	13.31	0.01	2	2662	买盘
10:36:33	13.3	-0.01	12	15960	卖盘
10:36:30	13.31	--	3	3993	卖盘
10:36:27	13.31	--	33	43923	卖盘
10:36:21	13.31	--	10	13310	卖盘
10:36:18	13.31	0.01	64	85184	买盘
10:36:12	13.3	--	3	3990	卖盘
10:36:00	13.3	--	5	6650	卖盘
10:35:51	13.3	--	36	47880	卖盘
10:35:45	13.3	-0.01	30	39900	卖盘
10:35:42	13.31	--	3	3993	买盘
10:35:33	13.31	0.01	20	26620	中性盘
10:35:15	13.3	-0.01	51	67830	卖盘
10:35:12	13.31	0.01	35	46585	买盘
10:35:03	13.3	-0.01	30	39900	卖盘
10:34:54	13.31	0.01	10	13310	中性盘
10:34:33	13.3	-0.01	2	2660	卖盘
10:34:27	13.31	0.01	65	86515	买盘
10:34:18	13.3	0.01	1	1330	卖盘
10:34:15	13.29	-0.01	60	79740	卖盘
10:34:09	13.3	0.01	20	26600	买盘
10:34:00	13.29	0.01	6	7973	买盘
10:33:57	13.28	--	5	6640	卖盘
10:33:51	13.28	--	10	13280	卖盘
10:33:45	13.28	--	20	26560	卖盘
10:33:39	13.28	--	20	26560	卖盘
10:33:30	13.28	-0.01	32	42496	卖盘
10:33:27	13.29	0.01	20	26580	买盘
10:33:21	13.28	--	1	1328	卖盘
10:33:12	13.28	-0.01	5	6640	卖盘
10:33:03	13.29	--	17	22593	买盘
10:32:54	13.29	0.01	30	39870	买盘
10:32:51	13.28	-0.01	13	17264	卖盘
10:32:45	13.29	--	25	33225	买盘
10:32:42	13.29	-0.01	173	229916	卖盘
10:32:39	13.3	--	13	17290	买盘
10:32:36	13.3	0.01	24	31920	买盘
10:32:33	13.29	-0.01	1	1329	卖盘
10:32:21	13.3	--	21	27930	卖盘
10:32:12	13.3	--	6	7980	卖盘
10:32:06	13.3	--	68	90440	买盘
10:32:03	13.3	--	5	6650	买盘
10:32:00	13.3	--	3	3990	买盘
10:31:51	13.3	-0.01	38	50540	卖盘
10:31:45	13.31	0.01	3	3993	中性盘
10:31:39	13.3	-0.02	367	488110	卖盘
10:31:30	13.32	0.01	3	3996	买盘
10:31:27	13.31	--	59	78529	卖盘
10:31:24	13.31	-0.01	3	3993	卖盘
10:31:12	13.32	--	4	5328	卖盘
10:30:57	13.32	-0.01	20	26640	卖盘
10:30:54	13.33	0.01	36	47988	买盘
10:30:48	13.32	--	2	2664	卖盘
10:30:45	13.32	0.01	44	58608	卖盘
10:30:39	13.31	-0.01	50	66550	卖盘
10:30:33	13.32	--	5	6660	卖盘
10:30:30	13.32	--	4	5328	卖盘
10:30:27	13.32	0.01	26	34632	中性盘
10:30:24	13.31	--	10	13310	卖盘
10:30:21	13.31	--	1	1331	卖盘
10:30:12	13.31	-0.01	34	45254	卖盘
10:30:09	13.32	--	1	1332	买盘
10:29:57	13.32	--	4	5328	卖盘
10:29:54	13.32	-0.01	4	5328	卖盘
10:29:39	13.33	0.01	5	6665	买盘
10:29:36	13.32	--	203	270396	买盘
10:29:33	13.32	0.01	14	18648	买盘
10:29:30	13.31	-0.01	4	5324	卖盘
10:29:21	13.32	--	3	3996	买盘
10:29:18	13.32	--	20	26640	卖盘
10:29:12	13.32	--	1	1332	卖盘
10:29:09	13.32	--	15	19980	卖盘
10:29:06	13.32	--	10	13320	卖盘
10:28:57	13.32	--	20	26640	卖盘
10:28:54	13.32	-0.01	3	3996	卖盘
10:28:51	13.33	0.01	103	137299	买盘
10:28:48	13.32	--	37	49284	卖盘
10:28:45	13.32	--	35	46620	卖盘
10:28:39	13.32	-0.01	20	26640	卖盘
10:28:36	13.33	0.01	1	1333	买盘
10:28:24	13.32	--	3	3996	卖盘
10:28:21	13.32	-0.01	60	79920	卖盘
10:28:18	13.33	--	1	1333	买盘
10:28:06	13.33	--	53	70649	买盘
10:28:03	13.33	-0.01	347	462551	卖盘
10:27:57	13.34	--	10	13340	买盘
10:27:30	13.34	0.01	2	2668	买盘
10:27:24	13.33	--	14	18662	卖盘
10:27:12	13.33	--	2	2666	卖盘
10:27:09	13.33	--	5	6665	卖盘
10:27:03	13.33	-0.01	8	10664	卖盘
10:26:57	13.34	--	20	26680	买盘
10:26:51	13.34	--	5	6670	卖盘
10:26:48	13.34	--	46	61364	卖盘
10:26:45	13.34	-0.01	10	13340	卖盘
10:26:24	13.35	0.01	1	1335	买盘
10:26:21	13.34	--	22	29348	卖盘
10:26:15	13.34	--	10	13340	卖盘
10:26:12	13.34	--	8	10672	卖盘
10:26:03	13.34	--	100	133400	卖盘
10:25:57	13.34	--	5	6670	卖盘
10:25:51	13.34	--	8	10672	卖盘
10:25:45	13.34	--	12	16008	卖盘
10:25:42	13.34	--	20	26680	卖盘
10:25:36	13.34	--	21	28014	卖盘
10:25:27	13.34	--	50	66700	卖盘
10:25:21	13.34	--	20	26680	卖盘
10:25:09	13.34	-0.01	30	40020	卖盘
10:25:06	13.35	0.01	3	4005	买盘
10:25:00	13.34	-0.01	4	5336	卖盘
10:24:54	13.35	0.01	32	42720	买盘
10:24:39	13.34	-0.01	41	54694	卖盘
10:24:27	13.35	--	29	38715	买盘
10:24:24	13.35	0.01	21	28035	买盘
10:24:21	13.34	-0.01	50	66700	卖盘
10:24:12	13.35	--	15	20025	买盘
10:24:06	13.35	--	19	25365	买盘
10:24:00	13.35	0.01	40	53400	买盘
10:23:57	13.34	-0.01	18	24012	卖盘
10:23:51	13.35	--	30	40050	买盘
10:23:48	13.35	--	19	25365	买盘
10:23:45	13.35	--	20	26700	买盘
10:23:36	13.35	--	60	80100	买盘
10:23:27	13.35	--	20	26700	买盘
10:23:24	13.35	--	19	25365	买盘
10:23:21	13.35	0.01	109	145515	买盘
10:23:18	13.34	-0.01	44	58696	卖盘
10:23:15	13.35	--	1	1335	买盘
10:23:09	13.35	0.01	20	26700	买盘
10:23:06	13.34	--	10	13340	卖盘
10:23:03	13.34	-0.01	83	110722	卖盘
10:23:00	13.35	--	5	6675	买盘
10:22:54	13.35	--	3	4005	买盘
10:22:51	13.35	--	6	8010	买盘
10:22:48	13.35	-0.02	185	246975	卖盘
10:22:45	13.37	0.01	3	4010	买盘
10:22:33	13.36	--	5	6680	买盘
10:22:30	13.36	--	13	17368	买盘
10:22:27	13.36	--	5	6680	买盘
10:22:15	13.36	--	5	6680	买盘
10:22:03	13.36	0.01	60	80160	买盘
10:21:57	13.35	--	10	13350	卖盘
10:21:33	13.35	--	72	96120	买盘
10:21:30	13.35	--	9	12015	买盘
10:21:27	13.35	--	19	25365	买盘
10:21:18	13.35	--	1	1335	买盘
10:21:15	13.35	--	7	9345	买盘
10:21:12	13.35	-0.01	92	122820	卖盘
10:21:09	13.36	--	117	156312	买盘
10:21:03	13.36	0.01	60	80160	买盘
10:20:51	13.35	--	28	37380	卖盘
10:20:48	13.35	--	28	37380	买盘
10:20:42	13.35	--	2	2670	买盘
10:20:39	13.35	--	34	45390	买盘
10:20:30	13.35	--	1	1335	买盘
10:20:27	13.35	0.01	8	10680	买盘
10:20:24	13.34	-0.01	1	1334	卖盘
10:20:21	13.35	0.02	40	53400	买盘
10:20:12	13.33	-0.01	6	7998	卖盘
10:20:03	13.34	0.01	9	12006	买盘
10:19:57	13.33	-0.01	5	6665	卖盘
10:19:48	13.34	0.01	11	14674	买盘
10:19:30	13.33	--	2	2666	卖盘
10:19:27	13.33	--	3	3999	买盘
10:19:21	13.33	--	26	34658	买盘
10:19:12	13.33	--	13	17329	买盘
10:19:09	13.33	--	18	23994	买盘
10:19:06	13.33	--	43	57319	买盘
10:19:03	13.33	--	56	74648	卖盘
10:18:57	13.33	-0.01	18	23994	卖盘
10:18:54	13.34	--	10	13340	买盘
10:18:51	13.34	0.01	5	6670	买盘
10:18:48	13.33	-0.01	5	6665	卖盘
10:18:45	13.34	0.01	176	234784	买盘
10:18:42	13.33	-0.01	2	2666	卖盘
10:18:36	13.34	--	38	50692	买盘
10:18:18	13.34	0.01	2	2668	买盘
10:18:12	13.33	--	23	30659	卖盘
10:18:09	13.33	--	10	13330	卖盘
10:17:51	13.33	-0.01	6	7998	卖盘
10:17:48	13.34	0.01	18	24012	买盘
10:17:39	13.33	-0.01	2	2666	卖盘
10:17:36	13.34	--	10	13340	买盘
10:17:33	13.34	--	10	13340	买盘
10:17:27	13.34	--	7	9338	买盘
10:17:21	13.34	--	8	10672	买盘
10:17:18	13.34	--	1	1334	买盘
10:17:15	13.34	--	5	6670	买盘
10:17:12	13.34	--	1	1334	买盘
10:17:09	13.34	--	1	1334	卖盘
10:16:57	13.34	--	6	8004	卖盘
10:16:54	13.34	-0.01	5	6670	卖盘
10:16:48	13.35	0.01	1	1335	买盘
10:16:36	13.34	-0.01	1	1334	卖盘
10:16:30	13.35	0.01	10	13350	买盘
10:16:27	13.34	--	10	13340	卖盘
10:16:24	13.34	-0.01	5	6670	卖盘
10:16:18	13.35	--	30	40050	买盘
10:16:12	13.35	--	4	5340	买盘
10:16:06	13.35	0.02	100	133500	买盘
10:16:03	13.33	-0.01	8	10664	卖盘
10:15:54	13.34	--	1	1334	买盘
10:15:48	13.34	--	94	125396	卖盘
10:15:45	13.34	-0.01	25	33350	卖盘
10:15:42	13.35	0.01	12	16020	买盘
10:15:39	13.34	--	33	44022	卖盘
10:15:15	13.34	--	3	4002	买盘
10:15:12	13.34	--	2	2668	卖盘
10:15:03	13.34	--	2	2668	卖盘
10:15:00	13.34	--	9	12006	卖盘
10:14:57	13.34	--	5	6670	卖盘
10:14:54	13.34	0.02	26	34684	买盘
10:14:48	13.32	-0.01	16	21312	卖盘
10:14:45	13.33	--	12	15996	买盘
10:14:39	13.33	-0.01	39	51987	卖盘
10:14:30	13.34	0.01	11	14674	买盘
10:14:24	13.33	-0.01	105	139965	卖盘
10:14:03	13.34	--	34	45356	买盘
10:14:00	13.34	--	15	20010	卖盘
10:13:54	13.34	--	5	6670	买盘
10:13:51	13.34	--	20	26680	买盘
10:13:45	13.34	--	3	4002	买盘
10:13:39	13.34	--	10	13340	买盘
10:13:33	13.34	0.01	8	10672	买盘
10:13:30	13.33	-0.01	79	105307	卖盘
10:13:24	13.34	0.01	40	53360	买盘
10:13:18	13.33	0.01	47	62651	买盘
10:13:15	13.32	--	50	66600	卖盘
10:13:12	13.32	-0.01	8	10656	卖盘
10:13:09	13.33	--	12	15996	买盘
10:13:00	13.33	--	74	98642	卖盘
10:12:57	13.33	-0.02	110	146630	卖盘
10:12:42	13.35	--	1	1335	买盘
10:12:36	13.35	--	54	72090	卖盘
10:12:21	13.35	-0.02	150	200250	卖盘
10:12:18	13.37	0.01	9	12033	买盘
10:12:12	13.36	--	2	2672	卖盘
10:12:00	13.36	--	13	17368	买盘
10:11:57	13.36	--	21	28056	买盘
10:11:48	13.36	--	10	13360	买盘
10:11:42	13.36	--	1	1336	买盘
10:11:36	13.36	--	12	16032	买盘
10:11:33	13.36	--	2	2672	买盘
10:11:30	13.36	--	8	10688	买盘
10:11:24	13.36	--	2	2672	买盘
10:11:21	13.36	--	42	56112	卖盘
10:11:18	13.36	--	14	18704	卖盘
10:11:12	13.36	--	5	6680	卖盘
10:11:09	13.36	--	41	54776	卖盘
10:11:06	13.36	-0.01	5	6680	卖盘
10:11:03	13.37	--	2	2674	买盘
10:11:00	13.37	--	29	38773	买盘
10:10:51	13.37	--	11	14707	买盘
10:10:42	13.37	--	1	1337	买盘
10:10:39	13.37	--	4	5348	买盘
10:10:36	13.37	--	8	10696	买盘
10:10:30	13.37	--	38	50806	卖盘
10:10:21	13.37	--	37	49469	卖盘
10:10:18	13.37	--	21	28077	买盘
10:10:15	13.37	-0.01	29	38773	卖盘
10:10:12	13.38	0.01	2	2676	买盘
10:10:06	13.37	0.01	50	66850	买盘
10:10:00	13.36	0.01	4	5344	中性盘
10:09:57	13.35	-0.01	25	33375	卖盘
10:09:54	13.36	--	5	6680	卖盘
10:09:51	13.36	--	13	17368	卖盘
10:09:45	13.36	--	19	25384	买盘
10:09:42	13.36	0.01	10	13360	买盘
10:09:39	13.35	--	28	37380	卖盘
10:09:33	13.35	-0.01	30	40050	卖盘
10:09:30	13.36	0.01	65	86840	买盘
10:09:27	13.35	--	25	33375	卖盘
10:09:18	13.35	-0.01	2	2670	卖盘
10:09:15	13.36	--	59	78824	买盘
10:09:12	13.36	--	10	13360	买盘
10:09:06	13.36	--	50	66800	买盘
10:09:03	13.36	--	22	29392	买盘
10:08:57	13.36	0.01	10	13360	买盘
10:08:51	13.35	-0.01	2	2670	卖盘
10:08:45	13.36	--	5	6680	买盘
10:08:39	13.36	0.01	5	6680	买盘
10:08:36	13.35	--	5	6675	卖盘
10:08:30	13.35	--	52	69420	买盘
10:08:27	13.35	--	1	1335	买盘
10:08:24	13.35	--	70	93450	买盘
10:08:21	13.35	--	14	18690	买盘
10:08:18	13.35	--	1	1335	买盘
10:08:12	13.35	0.02	10	13350	买盘
10:08:00	13.33	--	16	21328	买盘
10:07:57	13.33	--	10	13330	买盘
10:07:54	13.33	--	10	13330	买盘
10:07:51	13.33	--	20	26660	买盘
10:07:48	13.33	0.01	4	5332	买盘
10:07:45	13.32	--	8	10656	卖盘
10:07:42	13.32	-0.01	2	2664	卖盘
10:07:39	13.33	0.01	13	17329	买盘
10:07:36	13.32	--	5	6660	卖盘
10:07:27	13.32	0.02	8	10656	中性盘
10:07:18	13.3	-0.02	510	678300	卖盘
10:07:15	13.32	0.01	2	2664	中性盘
10:07:12	13.31	-0.01	7	9317	卖盘
10:07:06	13.32	-0.01	13	17316	卖盘
10:07:03	13.33	0.01	10	13330	买盘
10:07:00	13.32	-0.01	37	49284	卖盘
10:06:48	13.33	--	211	281263	卖盘
10:06:45	13.33	-0.01	26	34658	卖盘
10:06:36	13.34	--	7	9338	卖盘
10:06:33	13.34	--	60	80040	卖盘
10:06:27	13.34	-0.01	12	16008	卖盘
10:06:18	13.35	--	20	26700	买盘
10:06:15	13.35	--	310	413850	卖盘
10:06:12	13.35	-0.01	57	76095	卖盘
10:06:06	13.36	0.01	29	38744	买盘
10:06:03	13.35	--	300	400500	卖盘
10:06:00	13.35	-0.01	30	40050	卖盘
10:05:48	13.36	--	96	128256	卖盘
10:05:45	13.36	-0.01	132	176352	卖盘
10:05:39	13.37	--	3	4010	买盘
10:05:36	13.37	--	22	29414	买盘
10:05:33	13.37	--	3	4010	买盘
10:05:30	13.37	--	77	102949	卖盘
10:05:24	13.37	-0.01	95	127014	卖盘
10:05:21	13.38	0.01	5	6690	买盘
10:05:18	13.37	-0.01	2	2674	卖盘
10:05:15	13.38	0.01	20	26760	买盘
10:05:12	13.37	-0.01	5	6685	卖盘
10:05:09	13.38	--	5	6690	买盘
10:05:03	13.38	0.01	10	13380	买盘
10:05:00	13.37	-0.01	15	20055	卖盘
10:04:57	13.38	--	2	2676	买盘
10:04:48	13.38	--	2	2676	买盘
10:04:45	13.38	--	3	4014	卖盘
10:04:42	13.38	--	7	9366	卖盘
10:04:39	13.38	--	7	9366	买盘
10:04:33	13.38	--	30	40140	买盘
10:04:30	13.38	--	8	10704	买盘
10:04:24	13.38	-0.01	8	10704	卖盘
10:04:21	13.39	0.02	8	10712	买盘
10:04:15	13.37	-0.02	130	173810	卖盘
10:04:12	13.39	0.01	82	109798	买盘
10:04:09	13.38	-0.01	3	4014	卖盘
10:04:06	13.39	0.01	55	73645	买盘
10:04:03	13.38	--	66	88308	卖盘
10:04:00	13.38	--	10	13380	卖盘
10:03:57	13.38	-0.01	13	17394	卖盘
10:03:54	13.39	0.01	10	13390	买盘
10:03:51	13.38	-0.01	10	13380	卖盘
10:03:48	13.39	0.01	55	73645	买盘
10:03:45	13.38	--	15	20070	卖盘
10:03:39	13.38	--	15	20070	卖盘
10:03:36	13.38	-0.01	17	22746	卖盘
10:03:30	13.39	--	10	13390	买盘
10:03:27	13.39	--	9	12051	买盘
10:03:24	13.39	--	5	6695	买盘
10:03:15	13.39	--	20	26780	卖盘
10:03:12	13.39	--	12	16068	卖盘
10:03:09	13.39	--	44	58916	卖盘
10:03:06	13.39	--	10	13390	卖盘
10:03:03	13.39	0.01	44	58916	买盘
10:03:00	13.38	--	21	28098	卖盘
10:02:57	13.38	-0.01	51	68238	卖盘
10:02:54	13.39	--	32	42848	买盘
10:02:51	13.39	0.01	43	57577	买盘
10:02:48	13.38	-0.01	5	6690	卖盘
10:02:42	13.39	--	20	26780	买盘
10:02:39	13.39	--	12	16068	买盘
10:02:36	13.39	--	10	13390	买盘
10:02:33	13.39	--	12	16068	买盘
10:02:30	13.39	-0.01	298	399022	卖盘
10:02:27	13.4	--	26	34840	买盘
10:02:24	13.4	0.01	11	14740	买盘
10:02:21	13.39	-0.01	37	49543	卖盘
10:02:18	13.4	--	5	6700	买盘
10:02:15	13.4	--	8	10720	买盘
10:02:12	13.4	--	5	6700	买盘
10:02:09	13.4	--	40	53600	买盘
10:02:06	13.4	--	55	73700	卖盘
10:02:03	13.4	--	7	9380	卖盘
10:02:00	13.4	--	22	29480	卖盘
10:01:57	13.4	0.01	156	209040	买盘
10:01:54	13.39	-0.01	28	37492	卖盘
10:01:51	13.4	--	8	10720	买盘
10:01:48	13.4	0.01	36	48240	买盘
10:01:45	13.39	-0.01	33	44187	卖盘
10:01:42	13.4	0.01	172	230480	买盘
10:01:39	13.39	-0.01	160	214240	卖盘
10:01:36	13.4	--	82	109880	买盘
10:01:33	13.4	--	37	49580	买盘
10:01:30	13.4	--	73	97820	买盘
10:01:27	13.4	0.01	9	12060	买盘
10:01:24	13.39	-0.01	26	34814	卖盘
10:01:21	13.4	--	30	40200	买盘
10:01:18	13.4	--	41	54940	买盘
10:01:15	13.4	--	23	30820	买盘
10:01:12	13.4	--	27	36180	买盘
10:01:09	13.4	0.01	207	277380	买盘
10:01:03	13.39	-0.01	60	80340	卖盘
10:01:00	13.4	--	5	6700	买盘
10:00:57	13.4	--	12	16080	买盘
10:00:54	13.4	0.01	64	85760	买盘
10:00:51	13.39	-0.01	188	251732	卖盘
10:00:48	13.4	--	91	121940	买盘
10:00:42	13.4	0.01	729	976860	买盘
10:00:39	13.39	-0.01	74	99086	卖盘
10:00:36	13.4	--	88	117920	买盘
10:00:33	13.4	--	36	48240	买盘
10:00:30	13.4	--	154	206360	买盘
10:00:27	13.4	0.01	61	81740	买盘
10:00:24	13.39	-0.01	20	26780	卖盘
10:00:21	13.4	--	11	14740	买盘
10:00:18	13.4	--	58	77720	买盘
10:00:12	13.4	--	244	326960	买盘
10:00:09	13.4	--	10	13400	买盘
10:00:00	13.4	0.02	174	233160	买盘
09:59:57	13.38	--	5	6690	买盘
09:59:54	13.38	--	52	69576	买盘
09:59:51	13.38	0.01	503	673014	买盘
09:59:48	13.37	--	9	12033	卖盘
09:59:45	13.37	-0.01	22	29414	卖盘
09:59:42	13.38	0.01	15	20070	买盘
09:59:39	13.37	-0.01	27	36099	中性盘
09:59:33	13.38	0.02	134	179292	买盘
09:59:27	13.36	--	89	118904	买盘
09:59:24	13.36	--	116	154976	买盘
09:59:21	13.36	--	5	6680	买盘
09:59:18	13.36	--	3	4008	买盘
09:59:12	13.36	--	9	12024	买盘
09:59:09	13.36	--	75	100200	买盘
09:59:06	13.36	-0.01	90	120240	卖盘
09:59:03	13.37	--	25	33425	买盘
09:59:00	13.37	--	15	20055	卖盘
09:58:57	13.37	--	21	28077	卖盘
09:58:54	13.37	-0.01	50	66850	卖盘
09:58:51	13.38	--	30	40140	买盘
09:58:48	13.38	--	10	13380	买盘
09:58:45	13.38	--	37	49506	买盘
09:58:42	13.38	--	9	12042	卖盘
09:58:39	13.38	--	105	140490	卖盘
09:58:36	13.38	-0.01	27	36126	卖盘
09:58:33	13.39	--	12	16068	买盘
09:58:27	13.39	--	13	17407	买盘
09:58:24	13.39	0.01	53	70967	买盘
09:58:21	13.38	-0.02	92	123096	卖盘
09:58:18	13.4	--	23	30820	买盘
09:58:15	13.4	--	5	6700	买盘
09:58:12	13.4	--	106	142040	买盘
09:58:09	13.4	--	10	13400	买盘
09:58:06	13.4	--	13	17420	买盘
09:58:03	13.4	-0.01	12	16080	中性盘
09:58:00	13.41	0.01	60	80460	买盘
09:57:57	13.4	--	29	38860	卖盘
09:57:54	13.4	--	70	93800	卖盘
09:57:51	13.4	--	42	56280	卖盘
09:57:48	13.4	--	7	9380	卖盘
09:57:45	13.4	0.03	49	65660	买盘
09:57:42	13.37	-0.01	32	42784	卖盘
09:57:39	13.38	0.01	5	6690	买盘
09:57:36	13.37	--	8	10696	卖盘
09:57:33	13.37	--	103	137711	买盘
09:57:30	13.37	--	27	36099	买盘
09:57:27	13.37	--	8	10696	买盘
09:57:24	13.37	--	60	80220	买盘
09:57:21	13.37	--	43	57491	买盘
09:57:18	13.37	0.01	13	17381	买盘
09:57:15	13.36	-0.01	108	144288	卖盘
09:57:12	13.37	--	8	10696	买盘
09:57:09	13.37	0.01	19	25403	买盘
09:57:06	13.36	-0.01	1110	1482960	卖盘
09:57:03	13.37	--	1	1337	买盘
09:57:00	13.37	0.01	100	133700	买盘
09:56:57	13.36	--	51	68136	买盘
09:56:54	13.36	--	121	161656	买盘
09:56:51	13.36	-0.01	245	327320	卖盘
09:56:48	13.37	0.01	30	40110	买盘
09:56:42	13.36	--	20	26720	买盘
09:56:39	13.36	--	88	117568	买盘
09:56:36	13.36	0.01	70	93520	买盘
09:56:33	13.35	--	353	471255	买盘
09:56:30	13.35	--	21	28035	买盘
09:56:27	13.35	--	50	66750	买盘
09:56:24	13.35	0.01	178	237630	买盘
09:56:18	13.34	--	29	38686	买盘
09:56:15	13.34	0.02	5	6670	买盘
09:56:09	13.32	0.02	20	26640	卖盘
09:56:06	13.3	-0.04	27	35910	买盘
09:56:03	13.34	0.04	1180	1574120	买盘
09:55:57	13.3	0.02	12	15960	买盘
09:55:54	13.28	-0.01	100	132800	卖盘
09:55:48	13.29	0.01	86	115304	买盘
09:55:45	13.28	--	29	38512	买盘
09:55:42	13.28	--	140	185920	买盘
09:55:39	13.28	--	10	13280	买盘
09:55:36	13.28	--	18	23904	买盘
09:55:33	13.28	--	20	26560	买盘
09:55:30	13.28	--	64	84992	买盘
09:55:27	13.28	--	24	31872	买盘
09:55:24	13.28	--	2	2656	买盘
09:55:21	13.28	--	10	13280	买盘
09:55:18	13.28	--	5	6640	买盘
09:55:15	13.28	--	50	66400	买盘
09:55:12	13.28	--	7	9296	买盘
09:55:09	13.28	--	20	26560	买盘
09:55:06	13.28	0.01	100	132800	买盘
09:55:03	13.27	--	20	26540	卖盘
09:54:57	13.27	-0.01	69	91563	卖盘
09:54:51	13.28	--	10	13280	买盘
09:54:45	13.28	0.01	71	94288	买盘
09:54:42	13.27	-0.01	1	1327	卖盘
09:54:39	13.28	0.01	25	33200	买盘
09:54:36	13.27	--	4	5308	卖盘
09:54:33	13.27	--	25	33175	卖盘
09:54:24	13.27	-0.01	110	145970	卖盘
09:54:21	13.28	--	40	53120	买盘
09:54:18	13.28	--	89	118510	卖盘
09:54:15	13.28	-0.01	0	1009	卖盘
09:54:12	13.29	--	8	10632	买盘
09:54:06	13.29	--	10	13290	买盘
09:54:03	13.29	0.01	27	35883	买盘
09:54:00	13.28	-0.01	38	50464	卖盘
09:53:54	13.29	--	10	13290	买盘
09:53:42	13.29	0.02	5	6645	买盘
09:53:33	13.27	-0.01	32	42464	卖盘
09:53:30	13.28	--	40	53120	卖盘
09:53:27	13.28	--	34	45152	买盘
09:53:21	13.28	--	10	13280	买盘
09:53:18	13.28	--	20	26560	买盘
09:53:15	13.28	--	47	62416	买盘
09:53:12	13.28	--	3	3984	买盘
09:53:09	13.28	--	6	7968	买盘
09:53:03	13.28	--	8	10624	买盘
09:52:57	13.28	--	5	6640	买盘
09:52:54	13.28	--	18	23904	买盘
09:52:51	13.28	--	30	39840	买盘
09:52:48	13.28	--	50	66400	卖盘
09:52:45	13.28	--	5	6640	卖盘
09:52:42	13.28	--	10	13280	卖盘
09:52:39	13.28	--	10	13280	卖盘
09:52:33	13.28	--	40	53120	卖盘
09:52:24	13.28	-0.01	55	73040	卖盘
09:52:15	13.29	0.01	15	19935	买盘
09:52:12	13.28	-0.01	8	10624	卖盘
09:52:06	13.29	--	10	13290	买盘
09:52:03	13.29	--	5	6645	买盘
09:52:00	13.29	--	6	7973	买盘
09:51:54	13.29	0.01	6	7973	买盘
09:51:51	13.28	-0.01	110	146080	卖盘
09:51:48	13.29	--	2	2658	买盘
09:51:42	13.29	--	5	6645	买盘
09:51:39	13.29	--	42	55818	卖盘
09:51:36	13.29	--	7	9303	卖盘
09:51:33	13.29	--	31	41199	卖盘
09:51:30	13.29	-0.01	25	33225	卖盘
09:51:27	13.3	0.01	3	3990	买盘
09:51:24	13.29	--	4	5316	卖盘
09:51:21	13.29	--	5	6645	买盘
09:51:18	13.29	--	45	59804	卖盘
09:51:12	13.29	--	22	29237	卖盘
09:51:09	13.29	-0.01	15	19935	卖盘
09:51:03	13.3	--	2	2660	买盘
09:51:00	13.3	--	81	107730	卖盘
09:50:57	13.3	--	7	9310	卖盘
09:50:54	13.3	--	5	6650	卖盘
09:50:51	13.3	--	71	94430	卖盘
09:50:48	13.3	--	8	10640	卖盘
09:50:45	13.3	--	22	29260	卖盘
09:50:42	13.3	--	57	75810	卖盘
09:50:39	13.3	--	27	35910	卖盘
09:50:36	13.3	--	51	67830	卖盘
09:50:30	13.3	--	20	26600	卖盘
09:50:27	13.3	--	74	98420	卖盘
09:50:24	13.3	-0.01	5	6650	卖盘
09:50:21	13.31	--	13	17303	买盘
09:50:18	13.31	--	129	171699	卖盘
09:50:15	13.31	--	10	13310	卖盘
09:50:12	13.31	--	20	26620	卖盘
09:50:09	13.31	-0.01	5	6655	卖盘
09:50:03	13.32	--	7	9324	买盘
09:49:57	13.32	--	5	6660	买盘
09:49:48	13.32	--	18	23976	卖盘
09:49:45	13.32	-0.01	100	133200	卖盘
09:49:42	13.33	0.01	50	66650	买盘
09:49:39	13.32	--	46	61272	卖盘
09:49:36	13.32	--	1	1332	卖盘
09:49:33	13.32	--	10	13320	卖盘
09:49:30	13.32	--	1	1332	卖盘
09:49:27	13.32	--	2	2664	卖盘
09:49:21	13.32	--	50	66600	卖盘
09:49:18	13.32	-0.01	42	55944	卖盘
09:49:09	13.33	--	3	3999	买盘
09:49:06	13.33	--	19	25327	买盘
09:49:03	13.33	-0.01	5	6665	卖盘
09:49:00	13.34	0.01	13	17342	买盘
09:48:57	13.33	--	26	34658	卖盘
09:48:54	13.33	-0.01	20	26660	卖盘
09:48:51	13.34	0.01	7	9338	买盘
09:48:48	13.33	--	50	66650	卖盘
09:48:45	13.33	--	13	17329	卖盘
09:48:39	13.33	-0.01	18	23994	卖盘
09:48:33	13.34	0.01	9	12006	买盘
09:48:30	13.33	--	8	10664	卖盘
09:48:21	13.33	--	35	46655	卖盘
09:48:15	13.33	-0.01	80	106640	卖盘
09:48:12	13.34	0.01	32	42688	买盘
09:48:09	13.33	-0.01	31	41323	卖盘
09:48:06	13.34	--	5	6670	买盘
09:47:57	13.34	--	7	9338	买盘
09:47:51	13.34	--	10	13340	买盘
09:47:45	13.34	--	18	24012	买盘
09:47:36	13.34	--	18	24012	买盘
09:47:33	13.34	--	20	26680	买盘
09:47:27	13.34	0.01	1	1334	买盘
09:47:24	13.33	--	10	13330	卖盘
09:47:18	13.33	-0.01	5	6665	卖盘
09:47:15	13.34	--	6	8004	买盘
09:47:03	13.34	0.01	1	1334	买盘
09:46:57	13.33	-0.01	2	2666	卖盘
09:46:54	13.34	0.01	15	20010	买盘
09:46:51	13.33	-0.01	20	26660	卖盘
09:46:48	13.34	0.01	62	82708	买盘
09:46:45	13.33	-0.01	37	49321	卖盘
09:46:42	13.34	--	83	110722	买盘
09:46:39	13.34	--	56	74704	买盘
09:46:36	13.34	0.01	5	6670	买盘
09:46:30	13.33	-0.01	31	41323	卖盘
09:46:27	13.34	0.01	10	13340	买盘
09:46:24	13.33	--	14	18662	卖盘
09:46:21	13.33	-0.01	13	17329	卖盘
09:46:18	13.34	0.01	2	2668	买盘
09:46:15	13.33	-0.01	33	43989	卖盘
09:46:09	13.34	--	20	26680	买盘
09:46:06	13.34	--	76	101384	买盘
09:46:03	13.34	0.01	53	70702	买盘
09:46:00	13.33	-0.01	10	13330	卖盘
09:45:57	13.34	0.01	2	2668	买盘
09:45:54	13.33	-0.01	4	5332	卖盘
09:45:51	13.34	--	10	13340	买盘
09:45:45	13.34	--	15	20010	买盘
09:45:42	13.34	0.01	100	133400	买盘
09:45:39	13.33	-0.01	60	79980	卖盘
09:45:36	13.34	--	4	5336	买盘
09:45:30	13.34	--	42	56028	卖盘
09:45:24	13.34	0.01	4	5336	买盘
09:45:21	13.33	--	25	33325	卖盘
09:45:18	13.33	--	143	190619	卖盘
09:45:15	13.33	-0.01	34	45322	卖盘
09:45:12	13.34	--	20	26680	买盘
09:45:09	13.34	--	15	20010	买盘
09:45:06	13.34	--	6	8004	买盘
09:45:03	13.34	--	33	44022	买盘
09:45:00	13.34	--	99	132066	买盘
09:44:54	13.34	--	19	25346	买盘
09:44:51	13.34	--	11	14674	买盘
09:44:48	13.34	--	6	8004	买盘
09:44:45	13.34	--	31	41354	买盘
09:44:42	13.34	0.01	20	26680	买盘
09:44:39	13.33	-0.01	3	3999	卖盘
09:44:36	13.34	--	32	42688	买盘
09:44:24	13.34	--	15	20010	买盘
09:44:21	13.34	--	11	14674	买盘
09:44:18	13.34	0.01	5	6670	买盘
09:44:15	13.33	-0.01	18	23994	卖盘
09:44:12	13.34	--	21	28014	买盘
09:44:06	13.34	--	5	6670	买盘
09:44:00	13.34	0.01	17	22678	买盘
09:43:57	13.33	-0.01	15	19995	卖盘
09:43:54	13.34	0.01	5	6670	买盘
09:43:51	13.33	--	79	105307	卖盘
09:43:48	13.33	-0.01	20	26660	卖盘
09:43:45	13.34	0.01	5	6670	买盘
09:43:42	13.33	-0.01	13	17329	卖盘
09:43:33	13.34	--	34	45356	买盘
09:43:30	13.34	0.01	19	25346	买盘
09:43:27	13.33	--	10	13330	卖盘
09:43:24	13.33	--	8	10664	卖盘
09:43:21	13.33	--	10	13330	卖盘
09:43:18	13.33	--	31	41323	卖盘
09:43:15	13.33	-0.01	106	141298	卖盘
09:43:12	13.34	--	138	184092	买盘
09:43:09	13.34	--	40	53360	买盘
09:43:06	13.34	0.01	5	6670	买盘
09:43:03	13.33	-0.01	22	29326	卖盘
09:43:00	13.34	--	16	21344	买盘
09:42:57	13.34	0.01	3	4002	买盘
09:42:54	13.33	-0.01	3	3999	卖盘
09:42:51	13.34	--	36	48024	买盘
09:42:48	13.34	0.01	1	1334	买盘
09:42:39	13.33	--	159	211947	卖盘
09:42:36	13.33	-0.01	23	30659	卖盘
09:42:33	13.34	0.01	70	93380	买盘
09:42:30	13.33	-0.01	53	70649	卖盘
09:42:27	13.34	0.01	3	4002	买盘
09:42:24	13.33	-0.01	50	66650	卖盘
09:42:18	13.34	--	4	5336	买盘
09:42:15	13.34	0.01	29	38686	买盘
09:42:09	13.33	-0.02	36	47988	卖盘
09:42:06	13.35	0.01	30	40050	买盘
09:42:03	13.34	--	12	16008	卖盘
09:42:00	13.34	--	24	32016	买盘
09:41:57	13.34	0.01	122	162748	买盘
09:41:54	13.33	-0.01	11	14663	卖盘
09:41:51	13.34	--	15	20010	买盘
09:41:48	13.34	0.01	22	29348	买盘
09:41:45	13.33	-0.01	169	225277	卖盘
09:41:42	13.34	--	10	13340	买盘
09:41:36	13.34	--	15	20010	卖盘
09:41:33	13.34	--	31	41354	卖盘
09:41:30	13.34	-0.01	31	41354	卖盘
09:41:27	13.35	0.01	30	40050	买盘
09:41:24	13.34	-0.01	166	221444	卖盘
09:41:18	13.35	0.01	16	21360	买盘
09:41:15	13.34	-0.01	52	69368	卖盘
09:41:12	13.35	0.01	26	34710	买盘
09:41:06	13.34	-0.01	35	46690	卖盘
09:41:00	13.35	--	21	28035	买盘
09:40:57	13.35	--	3	4005	买盘
09:40:54	13.35	--	55	73425	买盘
09:40:48	13.35	0.01	135	180225	买盘
09:40:45	13.34	--	106	141404	买盘
09:40:42	13.34	--	3	4002	买盘
09:40:39	13.34	-0.01	10	13340	中性盘
09:40:36	13.35	0.01	109	145515	买盘
09:40:33	13.34	-0.01	4	5336	中性盘
09:40:30	13.35	0.02	30	40050	买盘
09:40:27	13.33	-0.01	12	15996	卖盘
09:40:24	13.34	-0.01	26	34684	中性盘
09:40:21	13.35	--	10	13350	买盘
09:40:18	13.35	0.01	86	114810	买盘
09:40:15	13.34	--	15	20010	买盘
09:40:12	13.34	--	247	329498	买盘
09:40:09	13.34	--	93	124062	买盘
09:40:06	13.34	-0.01	107	142738	卖盘
09:40:03	13.35	0.01	63	84105	买盘
09:39:57	13.34	-0.01	68	90712	卖盘
09:39:54	13.35	--	111	148185	买盘
09:39:51	13.35	--	5	6675	买盘
09:39:48	13.35	-0.01	100	133500	卖盘
09:39:45	13.36	--	232	309952	买盘
09:39:42	13.36	--	41	54776	买盘
09:39:39	13.36	0.01	3	4008	买盘
09:39:36	13.35	--	108	144180	卖盘
09:39:33	13.35	-0.01	8	10680	卖盘
09:39:30	13.36	--	43	57448	买盘
09:39:27	13.36	-0.01	27	36072	卖盘
09:39:24	13.37	0.01	74	98938	买盘
09:39:21	13.36	--	51	68136	买盘
09:39:18	13.36	--	29	38744	卖盘
09:39:15	13.36	--	16	21376	买盘
09:39:09	13.36	0.01	9	12024	买盘
09:39:06	13.35	0.01	4	5340	买盘
09:39:03	13.34	0.01	2	2668	中性盘
09:39:00	13.33	-0.01	108	143964	卖盘
09:38:57	13.34	--	13	17342	买盘
09:38:54	13.34	0.01	81	108054	买盘
09:38:51	13.33	-0.04	1	1333	买盘
09:38:48	13.37	0.04	1001	1338337	买盘
09:38:45	13.33	--	20	26660	买盘
09:38:42	13.33	0.01	5	6665	买盘
09:38:39	13.32	--	27	35964	买盘
09:38:36	13.32	--	119	158508	卖盘
09:38:33	13.32	-0.01	4	5328	卖盘
09:38:30	13.33	--	30	39990	买盘
09:38:27	13.33	0.01	2	2666	买盘
09:38:24	13.32	--	9	11988	卖盘
09:38:18	13.32	--	25	33300	买盘
09:38:12	13.32	--	118	157176	卖盘
09:38:09	13.32	--	10	13320	卖盘
09:38:06	13.32	--	78	103896	买盘
09:38:00	13.32	--	5	6660	买盘
09:37:57	13.32	0.01	30	39960	买盘
09:37:51	13.31	--	38	50578	买盘
09:37:48	13.31	--	4	5324	买盘
09:37:45	13.31	--	58	77198	卖盘
09:37:42	13.31	-0.02	26	34606	卖盘
09:37:39	13.33	0.01	55	73315	买盘
09:37:36	13.32	0.01	24	31968	买盘
09:37:33	13.31	--	50	66550	买盘
09:37:30	13.31	-0.01	90	119790	卖盘
09:37:24	13.32	--	65	86580	买盘
09:37:21	13.32	--	5	6660	买盘
09:37:18	13.32	--	2	2664	买盘
09:37:12	13.32	--	29	38628	买盘
09:37:09	13.32	0.01	1	1332	买盘
09:37:03	13.31	-0.01	8	10648	卖盘
09:37:00	13.32	--	15	19980	买盘
09:36:57	13.32	--	18	23976	买盘
09:36:54	13.32	--	111	147852	买盘
09:36:51	13.32	-0.01	243	323676	卖盘
09:36:48	13.33	-0.01	103	137299	中性盘
09:36:45	13.34	0.01	76	101384	买盘
09:36:42	13.33	--	73	97309	卖盘
09:36:36	13.33	-0.01	22	29326	卖盘
09:36:30	13.34	--	17	22678	买盘
09:36:27	13.34	--	17	22678	买盘
09:36:24	13.34	-0.01	85	113390	卖盘
09:36:21	13.35	0.01	25	33375	买盘
09:36:18	13.34	--	80	106720	买盘
09:36:15	13.34	0.01	1	1334	买盘
09:36:06	13.33	--	4	5332	买盘
09:36:03	13.33	0.01	143	190619	买盘
09:35:54	13.32	0.01	62	82584	买盘
09:35:48	13.31	--	4	5324	买盘
09:35:45	13.31	0.01	13	17303	买盘
09:35:42	13.3	--	1	1330	卖盘
09:35:39	13.3	--	11	14630	卖盘
09:35:36	13.3	0.02	12	15960	买盘
09:35:30	13.28	--	30	39840	卖盘
09:35:27	13.28	--	2	2656	卖盘
09:35:24	13.28	--	7	9296	买盘
09:35:21	13.28	--	110	146080	买盘
09:35:18	13.28	--	64	84992	买盘
09:35:15	13.28	--	94	124832	买盘
09:35:12	13.28	--	6	7968	买盘
09:35:06	13.28	0.01	11	14608	买盘
09:35:00	13.27	--	10	13270	卖盘
09:34:57	13.27	--	65	86255	买盘
09:34:54	13.27	--	30	39810	买盘
09:34:51	13.27	--	34	45118	买盘
09:34:48	13.27	--	5	6635	买盘
09:34:45	13.27	0.01	37	49099	买盘
09:34:42	13.26	--	27	35802	卖盘
09:34:39	13.26	--	29	38454	卖盘
09:34:36	13.26	-0.01	1	1326	卖盘
09:34:33	13.27	0.01	218	289286	买盘
09:34:27	13.26	-0.01	55	72930	卖盘
09:34:15	13.27	--	233	309191	卖盘
09:34:09	13.27	--	53	70331	买盘
09:34:06	13.27	--	5	6635	买盘
09:34:03	13.27	0.01	64	84928	买盘
09:34:00	13.26	--	18	23868	卖盘
09:33:54	13.26	--	1	1326	卖盘
09:33:51	13.26	--	54	71604	卖盘
09:33:48	13.26	0.01	4	5304	卖盘
09:33:39	13.25	--	9	11925	卖盘
09:33:36	13.25	-0.01	9	11925	卖盘
09:33:33	13.26	0.01	35	46410	买盘
09:33:24	13.25	-0.01	25	33125	卖盘
09:33:21	13.26	--	9	11934	买盘
09:33:15	13.26	--	17	22542	买盘
09:33:12	13.26	0.01	1	1326	买盘
09:33:09	13.25	-0.01	10	13250	卖盘
09:33:06	13.26	0.01	8	10608	买盘
09:33:03	13.25	-0.01	18	23850	卖盘
09:33:00	13.26	0.01	15	19890	买盘
09:32:57	13.25	-0.01	38	50350	卖盘
09:32:54	13.26	--	33	43758	买盘
09:32:48	13.26	--	24	31824	卖盘
09:32:45	13.26	--	2	2652	卖盘
09:32:42	13.26	--	4	5304	卖盘
09:32:36	13.26	--	6	7956	卖盘
09:32:33	13.26	--	8	10608	卖盘
09:32:30	13.26	-0.01	17	22542	中性盘
09:32:27	13.27	0.02	5	6635	买盘
09:32:24	13.25	-0.02	150	198750	卖盘
09:32:21	13.27	-0.01	13	17251	卖盘
09:32:15	13.28	--	7	9296	买盘
09:32:12	13.28	--	3	3984	卖盘
09:32:09	13.28	-0.01	22	29216	卖盘
09:32:06	13.29	--	6	7973	卖盘
09:32:03	13.29	--	24	31895	买盘
09:31:57	13.29	--	5	6645	买盘
09:31:54	13.29	--	2	2658	买盘
09:31:51	13.29	--	4	5316	卖盘
09:31:48	13.29	-0.01	10	13290	卖盘
09:31:42	13.3	0.01	5	6650	买盘
09:31:36	13.29	--	2	2658	卖盘
09:31:33	13.29	--	17	22593	卖盘
09:31:30	13.29	-0.01	28	37212	卖盘
09:31:27	13.3	--	11	14630	买盘
09:31:24	13.3	--	4	5320	买盘
09:31:21	13.3	--	7	9310	买盘
09:31:18	13.3	--	10	13300	买盘
09:31:15	13.3	--	1	1330	买盘
09:31:12	13.3	-0.01	23	30590	卖盘
09:31:03	13.31	0.01	5	6655	买盘
09:31:00	13.3	0.01	1	1330	卖盘
09:30:57	13.29	--	30	39870	卖盘
09:30:51	13.29	-0.03	20	26580	卖盘
09:30:42	13.32	0.03	2	2664	买盘
09:30:36	13.29	-0.03	12	15947	卖盘
09:30:33	13.32	--	8	10656	买盘
09:30:30	13.32	--	1	1332	买盘
09:30:27	13.32	-0.01	50	66600	中性盘
09:30:24	13.33	0.04	14	18662	买盘
09:30:21	13.29	--	14	18606	卖盘
09:30:09	13.29	-0.05	61	81069	卖盘
09:30:06	13.34	0.04	43	57362	买盘
09:30:03	13.3	--	164	218120	卖盘
09:30:00	13.3	--	0	0	卖盘
09:25:03	13.3	13.3	30	39900	买盘
