成交时间	成交价	价格变动	成交量(手)	成交额(元)	性质
15:00:03	16.21	0.01	1052	1705292	买盘
14:57:00	16.2	0.01	41	66420	买盘
14:56:57	16.19	--	10	16190	中性盘
14:56:51	16.19	--	5	8095	买盘
14:56:48	16.19	0.01	4	6476	买盘
14:56:45	16.18	-0.01	4	6472	卖盘
14:56:42	16.19	0.01	1	1619	买盘
14:56:39	16.18	-0.02	77	124586	卖盘
14:56:27	16.2	0.02	25	40500	买盘
14:56:24	16.18	--	16	25888	卖盘
14:56:21	16.18	-0.02	317	512906	卖盘
14:56:18	16.2	--	30	48600	买盘
14:56:06	16.2	-0.01	15	24300	买盘
14:56:03	16.21	0.01	100	162100	买盘
14:56:00	16.2	0.01	46	74520	买盘
14:55:57	16.19	--	10	16190	买盘
14:55:54	16.19	-0.01	24	38856	卖盘
14:55:51	16.2	--	22	35640	卖盘
14:55:48	16.2	-0.01	22	35640	卖盘
14:55:45	16.21	0.01	13	21073	买盘
14:55:42	16.2	--	52	84240	买盘
14:55:36	16.2	--	36	58320	卖盘
14:55:33	16.2	--	100	162000	卖盘
14:55:27	16.2	--	20	32400	卖盘
14:55:24	16.2	0.02	24	38880	买盘
14:55:18	16.18	--	10	16180	卖盘
14:55:12	16.18	-0.03	21	33978	卖盘
14:55:09	16.21	0.02	224	363104	买盘
14:55:03	16.19	0.01	30	48570	买盘
14:54:57	16.18	-0.02	40	64720	卖盘
14:54:51	16.2	0.02	120	194400	买盘
14:54:48	16.18	--	59	95462	卖盘
14:54:39	16.18	--	99	160182	买盘
14:54:36	16.18	0.01	10	16180	买盘
14:54:24	16.17	--	2	3234	卖盘
14:54:21	16.17	0.01	126	203742	买盘
14:54:15	16.16	-0.01	3	4848	卖盘
14:54:09	16.17	0.01	50	80850	买盘
14:54:00	16.16	--	5	9065	买盘
14:53:57	16.16	--	10	16160	买盘
14:53:51	16.16	--	13	21008	买盘
14:53:36	16.16	--	34	54944	买盘
14:53:30	16.16	0.01	50	80800	买盘
14:53:24	16.15	-0.01	24	38760	卖盘
14:53:21	16.16	0.01	11	17776	买盘
14:53:09	16.15	--	100	162210	买盘
14:53:06	16.15	--	27	43604	买盘
14:53:00	16.15	--	7	11304	买盘
14:52:51	16.15	0.01	10	16149	买盘
14:52:48	16.14	--	1	1614	卖盘
14:52:45	16.14	-0.01	25	40350	卖盘
14:52:42	16.15	0.01	12	19380	买盘
14:52:21	16.14	--	54	87156	买盘
14:52:15	16.14	--	3	4842	买盘
14:52:06	16.14	-0.01	3	4842	卖盘
14:52:00	16.15	0.01	101	163115	买盘
14:51:57	16.14	0.01	29	46806	中性盘
14:51:21	16.13	-0.02	4	6452	卖盘
14:51:15	16.15	--	55	89729	卖盘
14:51:09	16.15	--	86	139600	买盘
14:51:00	16.15	0.02	2	3229	买盘
14:50:57	16.13	-0.02	100	161300	卖盘
14:50:51	16.15	0.01	100	161500	买盘
14:50:45	16.14	--	13	20982	卖盘
14:50:39	16.14	--	5	8070	卖盘
14:50:30	16.14	--	16	25824	买盘
14:50:21	16.14	0.01	4	6456	买盘
14:50:15	16.13	--	4	6452	卖盘
14:50:00	16.13	-0.01	5	8064	卖盘
14:49:57	16.14	--	9	14526	买盘
14:49:42	16.14	0.01	12	19368	买盘
14:49:33	16.13	--	8	12904	卖盘
14:49:30	16.13	--	10	16129	卖盘
14:49:27	16.13	-0.01	10	16129	卖盘
14:49:18	16.14	0.01	20	32280	买盘
14:49:09	16.13	--	69	111297	卖盘
14:49:03	16.13	--	110	177430	买盘
14:48:51	16.13	0.01	20	32259	买盘
14:48:33	16.12	--	10	16120	卖盘
14:48:30	16.12	--	20	32240	卖盘
14:48:24	16.12	--	10	16120	卖盘
14:48:15	16.12	-0.01	6	9672	卖盘
14:48:12	16.13	--	10	16129	买盘
14:48:09	16.13	--	64	103232	买盘
14:48:03	16.13	--	74	119361	买盘
14:47:57	16.13	--	13	20969	买盘
14:47:42	16.13	--	10	16129	买盘
14:47:18	16.13	--	7	11291	买盘
14:46:54	16.13	0.01	6	9678	买盘
14:46:51	16.12	-0.01	10	16120	卖盘
14:46:42	16.13	--	12	19356	买盘
14:46:39	16.13	--	10	16129	买盘
14:46:33	16.13	--	33	53229	卖盘
14:46:24	16.13	-0.01	6	9678	卖盘
14:46:21	16.14	0.01	2	3228	买盘
14:46:15	16.13	0.01	2	3226	中性盘
14:46:00	16.12	-0.01	18	29016	卖盘
14:45:57	16.13	--	3	4839	买盘
14:45:45	16.13	--	16	25808	买盘
14:45:42	16.13	0.01	5	8064	买盘
14:45:30	16.12	-0.01	20	32240	卖盘
14:45:21	16.13	--	10	16129	买盘
14:45:18	16.13	0.01	5	8064	买盘
14:45:15	16.12	-0.01	10	16120	卖盘
14:45:06	16.13	0.01	5	8064	买盘
14:45:03	16.12	--	11	17732	卖盘
14:44:48	16.12	-0.01	3	4836	卖盘
14:44:36	16.13	--	10	16129	买盘
14:44:21	16.13	--	4	6452	卖盘
14:44:15	16.13	-0.01	30	48390	卖盘
14:44:06	16.14	--	7	11298	买盘
14:44:03	16.14	0.01	3	4842	买盘
14:44:00	16.13	-0.01	40	64519	卖盘
14:43:48	16.14	--	20	32280	卖盘
14:43:45	16.14	--	3	4842	卖盘
14:43:39	16.14	--	19	30666	卖盘
14:43:36	16.14	--	7	11298	买盘
14:43:12	16.14	0.01	9	14526	买盘
14:42:54	16.13	-0.01	20	32259	卖盘
14:42:51	16.14	0.01	5	8070	买盘
14:42:45	16.13	--	37	59680	买盘
14:42:33	16.13	--	10	16129	买盘
14:42:15	16.13	--	3	4839	买盘
14:42:09	16.13	0.01	3	4839	买盘
14:42:06	16.12	--	9	14508	卖盘
14:42:00	16.12	--	2	3224	卖盘
14:41:57	16.12	--	27	43524	卖盘
14:41:54	16.12	--	16	25792	买盘
14:41:51	16.12	--	19	30628	卖盘
14:41:45	16.12	-0.01	50	80600	卖盘
14:41:39	16.13	0.01	24	38712	买盘
14:41:36	16.12	-0.01	5	8060	卖盘
14:41:33	16.13	--	4	6452	买盘
14:41:27	16.13	--	2	3226	买盘
14:41:21	16.13	--	10	16129	买盘
14:41:18	16.13	0.01	37	59680	买盘
14:41:12	16.12	-0.01	3	4836	卖盘
14:41:09	16.13	--	97	156461	买盘
14:41:06	16.13	0.01	19	30646	买盘
14:40:48	16.12	--	111	178932	买盘
14:40:33	16.12	--	2	3224	买盘
14:40:30	16.12	--	10	16120	买盘
14:40:24	16.12	-0.01	44	70928	卖盘
14:40:18	16.13	--	2	3226	买盘
14:39:57	16.13	--	55	88715	卖盘
14:39:48	16.13	0.02	37	59680	买盘
14:39:33	16.11	--	10	16110	卖盘
14:39:27	16.11	--	1	1611	卖盘
14:39:24	16.11	-0.01	10	16110	卖盘
14:39:18	16.12	--	8	12896	买盘
14:39:09	16.12	-0.01	57	91884	卖盘
14:38:57	16.13	--	40	64519	买盘
14:38:54	16.13	--	15	24195	买盘
14:38:48	16.13	0.01	3	4839	买盘
14:38:45	16.12	-0.01	34	54808	卖盘
14:38:42	16.13	--	13	20969	卖盘
14:38:27	16.13	--	57	91941	卖盘
14:38:09	16.13	-0.01	30	48390	卖盘
14:37:42	16.14	0.01	1	1614	中性盘
14:37:18	16.13	--	100	161300	卖盘
14:37:03	16.13	-0.01	35	56455	卖盘
14:37:00	16.14	-0.01	1	1614	卖盘
14:36:57	16.15	--	97	157559	卖盘
14:36:54	16.15	-0.01	229	369834	卖盘
14:36:45	16.16	--	24	38784	买盘
14:36:36	16.16	--	26	42016	卖盘
14:36:15	16.16	--	14	22624	买盘
14:36:03	16.16	0.01	10	16160	买盘
14:35:48	16.15	--	1	1614	卖盘
14:35:27	16.15	--	17	27454	卖盘
14:35:21	16.15	--	176	284950	买盘
14:35:06	16.15	--	16	25839	买盘
14:35:00	16.15	--	117	188954	卖盘
14:34:45	16.15	-0.02	50	80750	卖盘
14:34:30	16.17	--	4	6468	买盘
14:34:15	16.17	--	11	17787	卖盘
14:34:09	16.17	--	36	58212	买盘
14:34:06	16.17	--	5	8085	买盘
14:34:00	16.17	--	19	30723	卖盘
14:33:45	16.17	--	5	8085	卖盘
14:33:42	16.17	--	8	12936	卖盘
14:33:39	16.17	0.01	72	116424	买盘
14:33:24	16.16	--	14	22624	中性盘
14:32:57	16.16	--	9	14544	买盘
14:32:51	16.16	--	10	16160	买盘
14:32:48	16.16	--	3	4848	买盘
14:32:42	16.16	--	3	4848	买盘
14:32:24	16.16	-0.01	5	8080	卖盘
14:32:06	16.17	0.02	5	8085	买盘
14:31:48	16.15	-0.01	66	106589	卖盘
14:31:42	16.16	--	1	1616	买盘
14:31:39	16.16	--	24	38784	卖盘
14:31:30	16.16	--	9	14544	卖盘
14:31:06	16.16	--	4	6464	卖盘
14:30:48	16.16	0.01	11	17776	买盘
14:30:45	16.15	--	12	19380	卖盘
14:30:42	16.15	0.01	9	14534	卖盘
14:30:36	16.14	--	35	56490	卖盘
14:30:21	16.14	-0.01	4	6456	卖盘
14:30:09	16.15	-0.02	111	179264	卖盘
14:30:00	16.17	--	3	4851	卖盘
14:29:51	16.17	-0.01	6	9702	卖盘
14:29:42	16.18	--	94	152092	卖盘
14:29:39	16.18	--	12	19416	卖盘
14:29:33	16.18	-0.01	10	16180	卖盘
14:29:30	16.19	--	55	89045	卖盘
14:29:27	16.19	--	5	8095	卖盘
14:29:24	16.19	-0.01	10	16190	卖盘
14:29:21	16.2	-0.01	65	105300	中性盘
14:29:15	16.21	--	34	55114	买盘
14:29:12	16.21	0.01	14	22694	买盘
14:29:06	16.2	--	8	12960	卖盘
14:29:03	16.2	-0.01	9	14580	卖盘
14:29:00	16.21	--	10	16210	买盘
14:28:57	16.21	--	29	47009	买盘
14:28:54	16.21	-0.01	16	25936	中性盘
14:28:42	16.22	0.01	41	66502	买盘
14:28:39	16.21	-0.01	54	87534	卖盘
14:28:36	16.22	--	10	16219	买盘
14:28:30	16.22	--	30	48660	买盘
14:28:24	16.22	--	27	43794	买盘
14:28:15	16.22	0.01	4	6488	买盘
14:28:12	16.21	--	54	87534	卖盘
14:28:06	16.21	--	10	16210	卖盘
14:28:00	16.21	0.01	161	260981	买盘
14:27:42	16.2	--	50	81000	买盘
14:27:24	16.2	--	100	162000	买盘
14:27:21	16.2	0.01	18	29160	买盘
14:27:18	16.19	--	20	32380	卖盘
14:27:15	16.19	--	4	6476	卖盘
14:27:12	16.19	--	1	1619	卖盘
14:27:03	16.19	--	2	3238	卖盘
14:26:54	16.19	--	26	42094	卖盘
14:26:48	16.19	-0.01	8	12952	中性盘
14:26:09	16.2	--	12	19440	买盘
14:26:06	16.2	0.02	20	32400	买盘
14:26:03	16.18	--	8	12944	卖盘
14:25:57	16.18	-0.02	20	32360	卖盘
14:25:42	16.2	0.01	10	16200	买盘
14:25:36	16.19	--	13	21047	卖盘
14:25:30	16.19	--	10	16190	卖盘
14:25:21	16.19	-0.01	2	3238	卖盘
14:25:15	16.2	--	7	11340	买盘
14:25:00	16.2	--	50	81000	买盘
14:24:57	16.2	-0.01	18	29160	中性盘
14:24:42	16.21	0.01	17	27557	买盘
14:24:39	16.2	--	8	12960	卖盘
14:24:27	16.2	--	20	32400	卖盘
14:24:24	16.2	--	57	92340	卖盘
14:24:15	16.2	--	1	1620	卖盘
14:24:06	16.2	--	24	38880	买盘
14:24:03	16.2	--	12	19440	买盘
14:23:48	16.2	--	50	81000	买盘
14:23:39	16.2	--	50	81000	买盘
14:23:33	16.2	--	28	45360	卖盘
14:23:30	16.2	--	1	1620	卖盘
14:23:21	16.2	-0.01	50	81000	卖盘
14:23:12	16.21	0.01	10	16210	买盘
14:23:09	16.2	-0.01	8	12960	卖盘
14:23:06	16.21	--	13	21073	买盘
14:22:54	16.21	--	6	9726	买盘
14:22:51	16.21	--	16	25936	卖盘
14:22:45	16.21	--	5	8105	卖盘
14:22:39	16.21	--	10	16210	卖盘
14:22:24	16.21	-0.01	10	16210	卖盘
14:22:21	16.22	0.01	3	4866	买盘
14:22:15	16.21	--	50	81050	卖盘
14:22:12	16.21	--	10	16210	卖盘
14:22:06	16.21	-0.01	30	48630	买盘
14:22:00	16.22	0.02	11	17842	买盘
14:21:57	16.2	-0.02	2	3240	卖盘
14:21:48	16.22	0.02	35	56769	买盘
14:21:42	16.2	--	100	162000	卖盘
14:21:39	16.2	--	57	92340	卖盘
14:21:36	16.2	-0.02	50	81000	卖盘
14:21:27	16.22	-0.01	19	30817	卖盘
14:21:21	16.23	0.01	1	1623	买盘
14:21:18	16.22	-0.01	10	16219	卖盘
14:21:09	16.23	-0.01	20	32460	卖盘
14:21:03	16.24	--	10	16239	买盘
14:21:00	16.24	-0.01	9	14615	中性盘
14:20:51	16.25	--	1	1625	买盘
14:20:48	16.25	--	39	63375	卖盘
14:20:45	16.25	--	50	81250	卖盘
14:20:42	16.25	-0.01	44	71500	卖盘
14:20:39	16.26	0.01	112	182112	买盘
14:20:36	16.25	-0.01	24	39000	卖盘
14:20:33	16.26	--	22	35772	买盘
14:20:30	16.26	0.01	4	6504	买盘
14:20:24	16.25	-0.01	125	203125	卖盘
14:20:21	16.26	--	51	82926	买盘
14:20:18	16.26	--	10	16260	买盘
14:20:15	16.26	--	19	30894	买盘
14:20:06	16.26	0.01	207	336582	买盘
14:20:00	16.25	-0.02	16	27283	卖盘
14:19:57	16.27	0.01	10	16270	买盘
14:19:54	16.26	0.01	10	16260	买盘
14:19:51	16.25	-0.02	10	16250	卖盘
14:19:48	16.27	0.02	5	8135	买盘
14:19:45	16.25	-0.01	84	136500	卖盘
14:19:42	16.26	0.01	68	110568	买盘
14:19:39	16.25	0.01	31	50716	买盘
14:19:36	16.24	--	18	29231	买盘
14:19:33	16.24	-0.02	36	59746	卖盘
14:19:30	16.26	0.02	174	282924	买盘
14:19:27	16.24	--	302	490447	卖盘
14:19:24	16.24	--	10	16239	卖盘
14:19:21	16.24	--	8	12991	卖盘
14:19:18	16.24	--	59	95815	卖盘
14:19:15	16.24	--	53	86071	卖盘
14:19:12	16.24	--	10	16239	卖盘
14:19:09	16.24	0.01	128	208213	买盘
14:19:06	16.23	-0.01	205	333997	卖盘
14:19:03	16.24	0.01	14	22735	买盘
14:19:00	16.23	--	24	38952	卖盘
14:18:54	16.23	--	5	8115	卖盘
14:18:51	16.23	0.03	260	422320	买盘
14:18:48	16.2	--	15	24300	买盘
14:18:39	16.2	--	10	16200	买盘
14:18:36	16.2	0.02	15	24300	买盘
14:18:30	16.18	--	1	1618	买盘
14:18:27	16.18	-0.02	4	6472	中性盘
14:18:06	16.2	--	15	24300	买盘
14:18:03	16.2	0.04	1006	1629720	买盘
14:17:57	16.16	0.01	34	54944	买盘
14:17:42	16.15	-0.01	2	3229	卖盘
14:17:36	16.16	0.01	4	6464	买盘
14:17:24	16.15	--	76	122739	买盘
14:17:18	16.15	--	120	193799	买盘
14:17:12	16.15	--	10	16149	买盘
14:17:03	16.15	0.01	13	20994	买盘
14:17:00	16.14	-0.01	10	16140	卖盘
14:16:57	16.15	0.01	2	3229	买盘
14:16:54	16.14	-0.01	2	3228	卖盘
14:16:51	16.15	0.01	12	19380	买盘
14:16:42	16.14	--	54	87156	卖盘
14:16:30	16.14	-0.01	22	35508	卖盘
14:16:27	16.15	0.01	1	1614	买盘
14:16:24	16.14	-0.02	20	32280	卖盘
14:16:15	16.16	0.01	32	51712	买盘
14:16:06	16.15	-0.01	1	1614	中性盘
14:16:00	16.16	--	19	30704	买盘
14:15:57	16.16	--	4	6464	买盘
14:15:42	16.16	0.02	20	32320	买盘
14:15:36	16.14	--	4	6456	买盘
14:15:33	16.14	-0.02	14	23871	卖盘
14:15:30	16.16	0.02	23	37507	买盘
14:15:27	16.14	-0.01	67	109413	卖盘
14:15:21	16.15	0.01	12	19380	中性盘
14:15:18	16.14	-0.02	50	80700	卖盘
14:15:12	16.16	-0.01	59	95344	卖盘
14:15:09	16.17	0.01	53	85701	买盘
14:15:06	16.16	-0.01	25	40400	卖盘
14:15:00	16.17	--	35	56595	买盘
14:14:57	16.17	0.01	50	80850	买盘
14:14:54	16.16	--	20	32320	买盘
14:14:48	16.16	0.01	14	22624	买盘
14:14:42	16.15	0.02	651	1051704	买盘
14:14:39	16.13	--	35	56455	卖盘
14:14:36	16.13	-0.01	30	48390	卖盘
14:14:33	16.14	0.02	135	217890	买盘
14:14:21	16.12	0.01	7	11284	买盘
14:14:15	16.11	-0.02	10	16110	卖盘
14:14:12	16.13	0.02	62	100006	买盘
14:13:54	16.11	--	29	46719	买盘
14:13:48	16.11	--	5	8055	买盘
14:13:39	16.11	--	30	48330	买盘
14:13:33	16.11	-0.02	36	57996	卖盘
14:13:30	16.13	0.02	62	100006	买盘
14:13:21	16.11	0.01	7	11277	卖盘
14:13:12	16.1	0.02	7	11270	买盘
14:13:09	16.08	-0.05	8	12863	卖盘
14:13:03	16.13	0.01	100	161300	买盘
14:12:57	16.12	0.02	207	333684	买盘
14:12:51	16.1	-0.01	100	161000	卖盘
14:12:48	16.11	--	2	3222	买盘
14:12:45	16.11	0.01	5	8055	买盘
14:12:36	16.1	--	93	149730	买盘
14:12:18	16.1	0.04	7	11270	中性盘
14:12:09	16.06	-0.04	100	160600	卖盘
14:12:00	16.1	--	12	19320	买盘
14:11:48	16.1	0.02	2	3220	买盘
14:11:36	16.08	-0.02	5	8039	中性盘
14:11:15	16.1	-0.02	205	330050	卖盘
14:11:03	16.12	--	53	85436	卖盘
14:11:00	16.12	--	14	22568	卖盘
14:10:48	16.12	0.01	236	380432	买盘
14:10:45	16.11	0.01	3	4833	买盘
14:10:39	16.1	--	20	32200	卖盘
14:10:33	16.1	--	3	4830	卖盘
14:10:30	16.1	--	2	3220	卖盘
14:10:24	16.1	0.01	478	769580	买盘
14:10:18	16.09	--	10	16090	买盘
14:10:12	16.09	0.01	1	1609	买盘
14:09:54	16.08	0.02	91	146327	买盘
14:09:48	16.06	--	15	24089	买盘
14:09:42	16.06	0.02	7	11242	买盘
14:09:30	16.04	0.01	29	46516	买盘
14:09:09	16.03	0.01	118	189154	买盘
14:09:06	16.02	-0.01	20	32040	卖盘
14:08:57	16.03	0.03	12	19236	买盘
14:08:39	16.0	--	110	176000	卖盘
14:08:18	16.0	-0.04	500	800000	卖盘
14:08:12	16.04	--	10	16040	买盘
14:08:03	16.04	--	6	9624	买盘
14:07:42	16.04	0.01	5	8020	买盘
14:07:18	16.03	0.01	15	24045	中性盘
14:06:51	16.02	-0.01	46	73692	卖盘
14:06:48	16.03	--	5	8015	卖盘
14:06:45	16.03	0.01	37	59311	买盘
14:06:42	16.02	-0.01	1	1602	卖盘
14:06:24	16.03	0.01	50	80150	买盘
14:06:18	16.02	-0.01	700	1121400	卖盘
14:06:15	16.03	--	36	57708	买盘
14:06:03	16.03	--	4	6412	买盘
14:05:57	16.03	--	8	12824	买盘
14:05:45	16.03	-0.01	365	585095	卖盘
14:05:39	16.04	-0.01	30	48120	卖盘
14:05:18	16.05	--	13	20865	买盘
14:04:48	16.05	--	12	19260	买盘
14:04:45	16.05	-0.01	69	110745	卖盘
14:04:18	16.06	--	54	86724	卖盘
14:04:12	16.06	--	1	1605	卖盘
14:04:09	16.06	--	20	32119	卖盘
14:03:57	16.06	--	1	1605	卖盘
14:03:42	16.06	--	13	20878	卖盘
14:03:24	16.06	--	5	8029	卖盘
14:03:06	16.06	-0.01	20	32119	卖盘
14:02:57	16.07	0.01	15	24105	买盘
14:02:48	16.06	-0.01	10	16059	卖盘
14:02:36	16.07	0.01	6	9642	买盘
14:02:30	16.06	-0.01	19	30513	卖盘
14:02:12	16.07	--	11	17677	买盘
14:01:36	16.07	--	20	32140	卖盘
14:01:12	16.07	--	11	17677	买盘
14:01:06	16.07	0.01	10	16070	买盘
14:01:03	16.06	-0.01	20	32119	卖盘
14:00:54	16.07	0.01	1	1607	中性盘
14:00:27	16.06	-0.02	17	27301	卖盘
14:00:21	16.08	0.02	35	56279	买盘
13:59:18	16.06	0.01	10	16059	中性盘
13:59:12	16.05	--	20	32100	卖盘
13:59:06	16.05	--	10	16050	卖盘
13:59:03	16.05	--	10	16050	卖盘
13:59:00	16.05	--	10	16050	卖盘
13:58:57	16.05	--	10	16050	卖盘
13:58:54	16.05	--	11	17655	卖盘
13:58:42	16.05	-0.04	10	16050	卖盘
13:58:39	16.09	--	10	16090	买盘
13:58:21	16.09	0.05	47	75623	买盘
13:58:09	16.04	--	11	17644	卖盘
13:58:06	16.04	--	27	43308	卖盘
13:58:03	16.04	--	23	36892	卖盘
13:58:00	16.04	--	23	36892	卖盘
13:57:57	16.04	--	23	36892	卖盘
13:57:54	16.04	-0.05	15	24060	卖盘
13:57:51	16.09	0.05	24	38616	买盘
13:57:48	16.04	--	15	24060	卖盘
13:57:45	16.04	--	16	25664	卖盘
13:57:42	16.04	--	17	27268	卖盘
13:57:39	16.04	--	18	28872	卖盘
13:57:36	16.04	0.01	26	41704	卖盘
13:57:33	16.03	-0.06	11	17633	卖盘
13:57:30	16.09	0.06	15	24135	买盘
13:57:27	16.03	--	13	20839	卖盘
13:57:24	16.03	--	14	22442	卖盘
13:57:21	16.03	-0.01	14	22442	卖盘
13:57:18	16.04	--	15	24060	卖盘
13:57:15	16.04	--	16	25664	卖盘
13:57:12	16.04	0.01	17	27268	卖盘
13:57:09	16.03	--	15	24045	卖盘
13:57:06	16.03	--	16	25648	卖盘
13:57:03	16.03	--	47	75341	卖盘
13:57:00	16.03	--	20	32060	卖盘
13:56:57	16.03	-0.06	29	46487	卖盘
13:56:54	16.09	0.06	23	37007	买盘
13:56:51	16.03	--	22	35266	卖盘
13:56:48	16.03	-0.01	23	36869	卖盘
13:56:45	16.04	--	11	17644	卖盘
13:56:42	16.04	--	11	17644	卖盘
13:56:39	16.04	--	12	19248	卖盘
13:56:36	16.04	-0.03	12	19248	卖盘
13:56:33	16.07	0.03	13	20891	卖盘
13:56:30	16.04	-0.03	13	20852	卖盘
13:56:27	16.07	--	14	22498	卖盘
13:56:24	16.07	--	16	25712	卖盘
13:56:21	16.07	0.03	21	33747	买盘
13:56:18	16.04	--	10	16040	卖盘
13:56:15	16.04	--	10	16040	卖盘
13:56:12	16.04	--	42	67368	卖盘
13:56:09	16.04	--	13	20852	卖盘
13:56:06	16.04	--	12	19248	卖盘
13:56:03	16.04	--	10	16040	卖盘
13:56:00	16.04	--	10	16040	卖盘
13:55:57	16.04	0.01	10	16040	卖盘
13:55:54	16.03	--	10	16030	卖盘
13:55:51	16.03	-0.01	10	16030	卖盘
13:55:48	16.04	--	10	16040	卖盘
13:55:45	16.04	--	10	16040	卖盘
13:55:42	16.04	--	10	16040	卖盘
13:55:39	16.04	--	10	16040	卖盘
13:55:36	16.04	--	10	16040	卖盘
13:55:33	16.04	-0.06	10	16040	卖盘
13:55:30	16.1	0.06	15	24150	买盘
13:55:27	16.04	-0.06	10	16040	卖盘
13:55:24	16.1	0.06	20	32200	买盘
13:55:21	16.04	--	10	16040	卖盘
13:55:18	16.04	-0.01	40	64160	卖盘
13:55:15	16.05	--	15	24075	卖盘
13:55:12	16.05	--	19	30495	卖盘
13:55:09	16.05	--	12	19260	卖盘
13:55:06	16.05	--	12	19260	卖盘
13:55:03	16.05	-0.01	13	20865	卖盘
13:55:00	16.06	0.01	10	16059	卖盘
13:54:57	16.05	--	14	22470	卖盘
13:54:54	16.05	--	15	24075	卖盘
13:54:51	16.05	-0.05	16	25680	卖盘
13:54:48	16.1	0.05	28	45080	买盘
13:54:45	16.05	-0.05	14	22470	卖盘
13:54:42	16.1	0.05	48	77280	买盘
13:54:39	16.05	-0.02	12	19260	卖盘
13:54:36	16.07	--	13	20891	卖盘
13:54:30	16.07	--	62	99634	买盘
13:54:18	16.07	0.03	20	32140	买盘
13:54:12	16.04	--	23	36892	买盘
13:54:03	16.04	--	5	8020	买盘
13:54:00	16.04	-0.02	32	51328	卖盘
13:53:57	16.06	-0.01	16	25695	卖盘
13:53:54	16.07	--	52	83564	买盘
13:53:51	16.07	--	22	35354	买盘
13:53:48	16.07	-0.03	332	533524	卖盘
13:53:36	16.1	0.02	10	16100	买盘
13:53:33	16.08	--	100	160799	卖盘
13:53:15	16.08	--	5	8039	卖盘
13:53:12	16.08	-0.02	14	22511	卖盘
13:53:09	16.1	0.02	25	40250	买盘
13:53:06	16.08	-0.03	15	24119	卖盘
13:53:03	16.11	--	48	77328	买盘
13:53:00	16.11	0.01	36	57996	买盘
13:52:57	16.1	--	16	25760	卖盘
13:52:54	16.1	--	17	27370	卖盘
13:52:51	16.1	--	17	27370	卖盘
13:52:48	16.1	--	161	259210	买盘
13:52:45	16.1	0.01	28	45080	买盘
13:52:42	16.09	--	24	38616	卖盘
13:52:39	16.09	--	26	41834	卖盘
13:52:36	16.09	--	27	43443	卖盘
13:52:33	16.09	--	28	45052	卖盘
13:52:30	16.09	--	30	48270	卖盘
13:52:27	16.09	--	21	33789	卖盘
13:52:24	16.09	0.01	115	185035	买盘
13:52:21	16.08	--	13	20903	卖盘
13:52:18	16.08	-0.01	14	22511	卖盘
13:52:15	16.09	0.02	16	25744	买盘
13:52:12	16.07	-0.01	10	16070	卖盘
13:52:09	16.08	--	10	16079	卖盘
13:52:06	16.08	--	10	16079	卖盘
13:52:03	16.08	0.01	11	17687	买盘
13:52:00	16.07	--	40	64280	卖盘
13:51:57	16.07	-0.01	10	16070	卖盘
13:51:54	16.08	0.01	27	43415	买盘
13:51:51	16.07	-0.01	10	16070	卖盘
13:51:48	16.08	--	11	17687	中性盘
13:51:45	16.08	--	10	16079	卖盘
13:51:42	16.08	--	10	16079	卖盘
13:51:39	16.08	--	10	16079	卖盘
13:51:33	16.08	--	49	78791	买盘
13:51:21	16.08	--	49	78791	买盘
13:51:06	16.08	0.01	3	4823	买盘
13:50:51	16.07	--	21	33747	买盘
13:50:36	16.07	0.01	10	16070	买盘
13:50:33	16.06	-0.01	5	8029	卖盘
13:49:15	16.07	--	16	25712	卖盘
13:49:03	16.07	-0.01	4	6428	中性盘
13:48:54	16.08	0.02	50	80399	买盘
13:48:48	16.06	--	50	80300	卖盘
13:48:21	16.06	--	5	8029	卖盘
13:48:15	16.06	-0.01	10	16059	卖盘
13:48:09	16.07	0.01	35	56245	买盘
13:47:51	16.06	-0.01	4	6423	卖盘
13:47:27	16.07	--	37	59459	卖盘
13:47:18	16.07	--	20	32140	卖盘
13:47:15	16.07	--	26	41782	买盘
13:46:57	16.07	-0.01	26	41782	卖盘
13:46:30	16.08	-0.01	8	12863	卖盘
13:46:24	16.09	0.01	10	16090	买盘
13:46:21	16.08	-0.01	100	160799	卖盘
13:46:12	16.09	--	1	1609	买盘
13:46:03	16.09	0.01	35	56315	买盘
13:45:45	16.08	-0.01	17	27335	卖盘
13:45:39	16.09	--	2	3218	买盘
13:45:33	16.09	--	35	56315	买盘
13:45:09	16.09	--	12	19308	买盘
13:45:06	16.09	0.01	3	4827	买盘
13:44:51	16.08	-0.01	18	28943	卖盘
13:44:39	16.09	--	47	75623	买盘
13:44:33	16.09	--	12	19308	买盘
13:44:21	16.09	0.01	1	1609	中性盘
13:43:51	16.08	-0.01	39	62711	买盘
13:43:21	16.09	--	5	8045	卖盘
13:43:09	16.09	--	19	30571	买盘
13:43:06	16.09	0.01	35	56315	买盘
13:42:36	16.08	--	11	17687	买盘
13:42:33	16.08	0.03	4	6431	买盘
13:42:03	16.05	-0.01	26	41730	卖盘
13:41:51	16.06	--	1	1605	卖盘
13:41:33	16.06	--	15	24089	卖盘
13:41:03	16.06	-0.02	50	80300	卖盘
13:40:57	16.08	0.03	4	6431	中性盘
13:40:15	16.05	-0.05	20	32100	卖盘
13:39:30	16.1	--	10	16100	买盘
13:39:24	16.1	--	83	133630	卖盘
13:39:00	16.1	--	212	341320	买盘
13:38:48	16.1	0.01	50	80500	买盘
13:38:45	16.09	--	20	32180	卖盘
13:38:42	16.09	--	20	32180	卖盘
13:38:24	16.09	0.01	160	257440	买盘
13:37:54	16.08	0.02	400	643199	买盘
13:37:27	16.06	--	3	4818	卖盘
13:37:21	16.06	0.03	97	155782	买盘
13:37:09	16.03	-0.02	25	40075	卖盘
13:36:57	16.05	--	9	14445	卖盘
13:36:48	16.05	--	40	64200	卖盘
13:36:45	16.05	--	1	1605	卖盘
13:36:42	16.05	--	4	6420	卖盘
13:36:24	16.05	0.05	23	36915	买盘
13:36:15	16.0	-0.02	300	480000	卖盘
13:36:03	16.02	--	108	173016	卖盘
13:35:36	16.02	-0.02	200	320400	卖盘
13:35:33	16.04	--	25	40100	买盘
13:35:30	16.04	--	2	3208	买盘
13:35:12	16.04	-0.01	30	48120	卖盘
13:34:51	16.05	0.01	44	70620	买盘
13:34:45	16.04	--	3	4812	卖盘
13:34:30	16.04	--	10	16040	买盘
13:34:06	16.04	--	12	19248	卖盘
13:33:54	16.04	-0.01	100	160400	卖盘
13:33:48	16.05	--	19	30495	卖盘
13:33:45	16.05	0.01	1	1605	中性盘
13:33:15	16.04	-0.01	400	641600	卖盘
13:32:27	16.05	0.02	100	160500	中性盘
13:31:39	16.03	--	3	4809	买盘
13:31:33	16.03	--	6	9618	卖盘
13:31:21	16.03	-0.02	92	147476	卖盘
13:31:12	16.05	0.01	30	48150	买盘
13:31:03	16.04	--	9	14436	卖盘
13:31:00	16.04	--	7	11228	卖盘
13:30:57	16.04	-0.01	68	109072	卖盘
13:30:54	16.05	--	6	9630	买盘
13:30:42	16.05	--	12	19260	卖盘
13:30:39	16.05	--	51	81855	卖盘
13:30:36	16.05	--	17	27285	买盘
13:30:24	16.05	--	8	12840	买盘
13:30:15	16.05	--	4	6420	卖盘
13:30:00	16.05	-0.03	6	9630	中性盘
13:29:36	16.08	--	59	94871	卖盘
13:29:33	16.08	0.02	72	115775	买盘
13:29:03	16.06	0.01	4	6423	卖盘
13:28:54	16.05	--	10	16050	买盘
13:28:51	16.05	-0.01	107	171735	卖盘
13:28:42	16.06	-0.02	11	17666	买盘
13:28:33	16.08	0.02	70	112559	买盘
13:28:30	16.06	--	6	9636	买盘
13:28:00	16.06	--	7	11306	卖盘
13:27:57	16.06	--	79	126873	卖盘
13:27:54	16.06	--	14	24025	买盘
13:27:51	16.06	--	106	170236	买盘
13:27:48	16.06	--	20	32119	买盘
13:27:36	16.06	--	11	17730	卖盘
13:27:33	16.06	--	131	210385	卖盘
13:27:30	16.06	--	91	146146	卖盘
13:27:27	16.06	--	86	138116	卖盘
13:27:24	16.06	--	84	136445	买盘
13:27:12	16.06	--	3	4882	卖盘
13:27:09	16.06	--	4	7965	买盘
13:27:06	16.06	-0.01	95	152634	卖盘
13:27:03	16.07	--	20	32140	卖盘
13:27:00	16.07	--	107	171949	卖盘
13:26:57	16.07	--	73	117311	买盘
13:26:51	16.07	--	8	12856	买盘
13:26:48	16.07	--	10	16070	买盘
13:26:45	16.07	--	10	16070	买盘
13:26:42	16.07	--	16	25712	卖盘
13:26:39	16.07	--	33	53031	买盘
13:26:15	16.07	--	20	32140	买盘
13:26:03	16.07	--	10	16070	买盘
13:25:51	16.07	--	21	33747	买盘
13:25:48	16.07	--	35	56245	买盘
13:24:39	16.07	-0.01	30	48210	卖盘
13:24:18	16.08	--	5	8039	买盘
13:23:42	16.08	-0.01	10	16079	卖盘
13:23:30	16.09	0.01	24	38616	买盘
13:23:15	16.08	--	20	32159	卖盘
13:23:09	16.08	--	11	17687	卖盘
13:22:39	16.08	--	10	16079	卖盘
13:22:24	16.08	-0.01	2	3215	卖盘
13:22:09	16.09	-0.01	3	4827	中性盘
13:21:18	16.1	0.01	59	94990	买盘
13:21:12	16.09	--	6	9654	卖盘
13:21:09	16.09	--	1	1609	卖盘
13:20:51	16.09	--	10	16090	卖盘
13:20:27	16.09	--	10	16090	卖盘
13:20:18	16.09	--	102	164118	卖盘
13:19:45	16.09	--	3	4827	卖盘
13:19:33	16.09	--	1	1609	卖盘
13:19:30	16.09	--	8	12872	卖盘
13:19:24	16.09	--	13	20917	买盘
13:19:21	16.09	0.01	10	16090	买盘
13:19:15	16.08	-0.01	30	48239	卖盘
13:19:06	16.09	--	6	9654	卖盘
13:19:03	16.09	--	5	8045	卖盘
13:18:24	16.09	--	8	12872	买盘
13:18:09	16.09	--	92	148028	卖盘
13:17:39	16.09	--	11	17699	买盘
13:17:21	16.09	-0.01	19	30571	卖盘
13:17:15	16.1	0.01	123	198030	买盘
13:17:12	16.09	--	10	16090	卖盘
13:16:54	16.09	--	77	123893	买盘
13:16:48	16.09	0.01	10	16090	买盘
13:16:42	16.08	-0.01	6	9647	卖盘
13:16:21	16.09	--	67	107803	卖盘
13:16:12	16.09	--	9	14481	买盘
13:15:51	16.09	--	2	3218	买盘
13:15:27	16.09	0.01	10	16090	买盘
13:15:18	16.08	--	32	51455	卖盘
13:15:09	16.08	--	3	4823	卖盘
13:15:00	16.08	0.02	5	8039	买盘
13:14:18	16.06	0.02	78	126809	买盘
13:14:12	16.04	--	12	19248	买盘
13:14:06	16.04	-0.01	228	365776	卖盘
13:14:03	16.05	--	51	81855	买盘
13:14:00	16.05	0.01	2	3210	买盘
13:13:54	16.04	--	1	1604	卖盘
13:13:51	16.04	--	66	107403	买盘
13:13:45	16.04	0.01	16	25664	买盘
13:13:39	16.03	0.01	1	1603	卖盘
13:13:30	16.02	-0.02	1	1602	卖盘
13:13:24	16.04	--	31	49788	卖盘
13:13:15	16.04	0.01	39	64095	买盘
13:13:12	16.03	-0.01	89	142667	卖盘
13:13:03	16.04	--	66	105928	卖盘
13:12:54	16.04	--	1	1604	卖盘
13:12:45	16.04	--	162	259848	卖盘
13:12:39	16.04	--	1	1604	卖盘
13:12:33	16.04	0.01	0	1539	买盘
13:12:30	16.03	-0.01	1	1603	卖盘
13:12:21	16.04	--	29	46580	卖盘
13:12:15	16.04	--	6	9624	卖盘
13:12:06	16.04	--	10	16040	卖盘
13:12:03	16.04	-0.01	1	1604	卖盘
13:11:54	16.05	--	7	11235	买盘
13:11:51	16.05	--	7	11235	卖盘
13:11:48	16.05	--	15	24075	卖盘
13:11:39	16.05	--	1	1605	卖盘
13:11:30	16.05	--	1	1605	卖盘
13:11:15	16.05	--	1	1605	卖盘
13:11:03	16.05	--	1	1605	卖盘
13:10:54	16.05	--	1	1605	卖盘
13:10:42	16.05	--	10	16050	卖盘
13:10:39	16.05	--	17	27285	卖盘
13:10:30	16.05	--	1	1605	卖盘
13:10:15	16.05	--	1	1605	卖盘
13:10:03	16.05	--	1	1605	卖盘
13:09:54	16.05	--	1	1605	卖盘
13:09:45	16.05	--	1	1605	卖盘
13:09:39	16.05	-0.01	1	1605	卖盘
13:09:36	16.06	--	6	9636	买盘
13:09:30	16.06	--	12	19272	买盘
13:09:18	16.06	0.01	4	6423	买盘
13:09:15	16.05	--	1	1605	卖盘
13:09:12	16.05	-0.02	219	351495	卖盘
13:09:03	16.07	--	11	17677	卖盘
13:08:54	16.07	--	1	1607	卖盘
13:08:39	16.07	--	1	1607	卖盘
13:08:30	16.07	--	1	1607	卖盘
13:08:15	16.07	--	1	1607	卖盘
13:08:09	16.07	--	48	77136	卖盘
13:08:03	16.07	--	1	1607	卖盘
13:07:54	16.07	-0.01	26	41782	卖盘
13:07:48	16.08	--	9	14471	卖盘
13:07:39	16.08	--	1	1607	卖盘
13:07:30	16.08	--	1	1607	卖盘
13:07:24	16.08	--	2	3215	卖盘
13:07:15	16.08	--	1	1607	卖盘
13:07:03	16.08	0.01	14	22511	中性盘
13:07:00	16.07	--	1	1607	卖盘
13:06:54	16.07	--	1	1607	卖盘
13:06:39	16.07	--	1	1607	卖盘
13:06:30	16.07	--	1	1607	卖盘
13:06:18	16.07	--	58	93206	卖盘
13:06:15	16.07	--	1	1607	卖盘
13:06:12	16.07	--	1	1607	卖盘
13:06:09	16.07	-0.01	20	32140	卖盘
13:06:06	16.08	0.01	20	32159	买盘
13:06:03	16.07	-0.01	2	3214	卖盘
13:05:18	16.08	-0.01	31	49847	卖盘
13:04:21	16.09	--	14	22526	卖盘
13:03:57	16.09	--	20	32180	卖盘
13:03:39	16.09	--	10	16090	卖盘
13:03:33	16.09	--	16	25744	买盘
13:02:27	16.09	--	111	178599	买盘
13:02:18	16.09	--	4	6436	中性盘
13:01:45	16.09	-0.01	10	16090	卖盘
13:01:36	16.1	--	20	32200	买盘
13:01:24	16.1	0.01	3	4830	买盘
13:00:54	16.09	-0.01	10	16090	中性盘
13:00:18	16.1	0.01	72	115920	买盘
13:00:09	16.09	--	2	3218	买盘
13:00:06	16.09	0.01	50	80450	买盘
13:00:03	16.08	--	52	83615	卖盘
13:00:00	16.08	--	0	0	卖盘
11:30:00	16.08	--	0	0	卖盘
11:29:36	16.08	--	5	8039	卖盘
11:29:33	16.08	--	1	1607	卖盘
11:29:30	16.08	--	9	14471	卖盘
11:29:21	16.08	--	20	32159	卖盘
11:29:15	16.08	--	3	4823	买盘
11:29:09	16.08	0.01	2	3215	买盘
11:29:03	16.07	--	7	11249	买盘
11:28:57	16.07	--	30	48210	买盘
11:28:51	16.07	-0.02	11	17677	卖盘
11:28:42	16.09	--	3	4827	买盘
11:28:39	16.09	--	4	6436	买盘
11:28:36	16.09	--	6	9654	买盘
11:28:21	16.09	0.02	61	98149	买盘
11:27:57	16.07	-0.02	50	80350	卖盘
11:27:39	16.09	0.01	5	8045	买盘
11:27:33	16.08	--	19	30551	买盘
11:27:30	16.08	0.01	1	1607	买盘
11:27:27	16.07	-0.01	10	16070	卖盘
11:27:24	16.08	0.01	100	160799	买盘
11:27:06	16.07	0.01	109	175163	买盘
11:26:24	16.06	0.01	95	152570	买盘
11:25:51	16.05	-0.01	4	6420	卖盘
11:25:48	16.06	0.01	46	73876	买盘
11:25:33	16.05	--	20	32100	卖盘
11:25:12	16.05	--	125	200625	买盘
11:25:03	16.05	0.01	1	1605	买盘
11:25:00	16.04	--	1	1604	卖盘
11:24:36	16.04	--	30	48120	卖盘
11:24:15	16.04	--	1	3143	卖盘
11:24:09	16.04	0.01	47	75388	买盘
11:23:39	16.03	--	1	1603	卖盘
11:23:36	16.03	0.01	6	9618	卖盘
11:23:33	16.02	--	6	9612	卖盘
11:23:12	16.02	-0.02	11	17622	卖盘
11:23:06	16.04	0.02	10	16040	买盘
11:22:48	16.02	-0.01	12	19224	卖盘
11:22:42	16.03	--	20	32060	卖盘
11:22:15	16.03	-0.01	17	27251	中性盘
11:21:30	16.04	--	4	6416	卖盘
11:21:18	16.04	-0.01	13	20852	卖盘
11:21:15	16.05	--	1	1605	买盘
11:21:12	16.05	0.01	30	48150	买盘
11:21:00	16.04	-0.01	20	32080	卖盘
11:20:51	16.05	--	32	51360	卖盘
11:20:45	16.05	--	17	27285	卖盘
11:20:39	16.05	0.01	51	81855	买盘
11:20:15	16.04	--	2	3208	卖盘
11:20:12	16.04	0.03	32	51328	买盘
11:19:57	16.01	-0.01	65	104065	卖盘
11:19:54	16.02	--	19	30438	买盘
11:19:51	16.02	0.01	1	1602	买盘
11:19:30	16.01	--	10	16010	买盘
11:19:18	16.01	0.01	20	32020	买盘
11:19:15	16.0	-0.01	17	27200	卖盘
11:19:09	16.01	--	2	3202	买盘
11:18:39	16.01	0.01	15	24015	买盘
11:18:33	16.0	-0.01	16	25600	卖盘
11:18:24	16.01	0.01	1	1601	买盘
11:17:51	16.0	-0.01	10	16000	卖盘
11:17:42	16.01	-0.01	36	57636	卖盘
11:17:39	16.02	0.01	31	49662	买盘
11:17:21	16.01	-0.01	12	19212	卖盘
11:17:18	16.02	--	6	9612	买盘
11:17:15	16.02	0.01	1	1602	中性盘
11:16:51	16.01	--	2	3202	卖盘
11:16:48	16.01	--	14	22414	卖盘
11:16:42	16.01	--	2	3202	卖盘
11:16:12	16.01	-0.03	13	20813	卖盘
11:16:03	16.04	--	14	22456	卖盘
11:15:57	16.04	--	5	8020	卖盘
11:15:48	16.04	--	20	32080	卖盘
11:15:45	16.04	--	22	35288	卖盘
11:15:42	16.04	--	6	9624	卖盘
11:15:36	16.04	--	11	17644	卖盘
11:15:33	16.04	0.01	22	35288	买盘
11:15:30	16.03	0.01	1	1603	买盘
11:15:27	16.02	-0.01	4	6408	中性盘
11:15:18	16.03	--	50	80150	买盘
11:15:09	16.03	--	34	54502	买盘
11:15:03	16.03	--	8	12824	买盘
11:14:30	16.03	-0.01	1	1603	卖盘
11:14:18	16.04	0.01	1	1604	买盘
11:14:09	16.03	--	12	19236	卖盘
11:14:03	16.03	0.03	370	594055	买盘
11:13:57	16.0	--	5	8000	卖盘
11:13:45	16.0	-0.01	19	30400	卖盘
11:13:39	16.01	0.01	10	16010	买盘
11:13:36	16.0	--	14	22400	卖盘
11:13:33	16.0	--	7	11200	卖盘
11:13:30	16.0	--	10	16000	卖盘
11:13:09	16.0	0.01	118	188800	买盘
11:13:03	15.99	-0.01	10	15990	卖盘
11:13:00	16.0	0.01	11	17600	买盘
11:12:57	15.99	--	18	28782	买盘
11:12:54	15.99	-0.01	10	15990	中性盘
11:12:39	16.0	0.01	1	1600	买盘
11:12:36	15.99	--	3	4797	卖盘
11:12:33	15.99	--	21	33579	买盘
11:12:27	15.99	-0.01	9	14391	中性盘
11:12:06	16.0	0.01	189	302400	买盘
11:12:03	15.99	0.01	8	12792	买盘
11:11:54	15.98	0.02	17	27166	买盘
11:11:48	15.96	-0.03	10	15960	卖盘
11:11:33	15.99	0.04	5	7995	买盘
11:11:24	15.95	--	11	17545	卖盘
11:11:18	15.95	--	13	20735	买盘
11:11:15	15.95	--	2	3190	卖盘
11:11:09	15.95	-0.02	262	417890	卖盘
11:11:00	15.97	--	5	7985	卖盘
11:10:57	15.97	0.01	44	70268	买盘
11:10:54	15.96	-0.01	11	17556	卖盘
11:10:51	15.97	--	13	20761	买盘
11:10:48	15.97	--	93	148521	卖盘
11:10:45	15.97	--	64	102208	卖盘
11:10:24	15.97	-0.02	17	27149	卖盘
11:10:21	15.99	--	8	12792	买盘
11:10:18	15.99	0.02	50	79950	买盘
11:09:54	15.97	--	9	14373	买盘
11:09:45	15.97	0.01	1	1597	中性盘
11:09:36	15.96	-0.02	12	19152	卖盘
11:09:33	15.98	--	15	23970	卖盘
11:09:30	15.98	--	17	27166	卖盘
11:09:27	15.98	--	167	266866	买盘
11:09:15	15.98	--	3	4794	买盘
11:09:09	15.98	--	33	52734	买盘
11:09:06	15.98	--	30	47940	买盘
11:09:03	15.98	--	1	1598	卖盘
11:09:00	15.98	-0.01	104	166192	卖盘
11:08:48	15.99	--	6	9594	卖盘
11:08:45	15.99	--	6	9594	卖盘
11:08:42	15.99	--	20	31980	卖盘
11:08:33	15.99	-0.01	12	19188	卖盘
11:08:27	16.0	--	3	4800	卖盘
11:08:24	16.0	--	10	16000	卖盘
11:08:18	16.0	--	6	9600	卖盘
11:08:12	16.0	-0.01	499	798400	卖盘
11:08:09	16.01	--	3	4803	卖盘
11:08:00	16.01	-0.01	12	19212	卖盘
11:07:57	16.02	--	35	56726	卖盘
11:07:54	16.02	--	10	16020	卖盘
11:07:42	16.02	-0.01	140	225225	卖盘
11:07:33	16.03	0.01	50	80150	中性盘
11:07:27	16.02	-0.01	16	25632	卖盘
11:07:21	16.03	-0.01	172	275716	卖盘
11:07:06	16.04	--	242	388232	卖盘
11:07:03	16.04	--	33	52932	卖盘
11:06:54	16.04	-0.01	151	242204	卖盘
11:06:48	16.05	-0.01	19	30495	卖盘
11:06:39	16.06	--	36	57815	卖盘
11:06:12	16.06	--	5	8029	卖盘
11:06:06	16.06	--	3	4818	卖盘
11:05:57	16.06	--	13	20878	卖盘
11:05:48	16.06	--	5	8029	卖盘
11:05:27	16.06	--	3	4818	卖盘
11:05:21	16.06	-0.01	16	25695	卖盘
11:05:12	16.07	0.01	10	16070	买盘
11:04:57	16.06	--	5	8029	卖盘
11:04:42	16.06	--	3	4818	卖盘
11:04:36	16.06	-0.01	21	33726	卖盘
11:04:33	16.07	0.01	1	1607	买盘
11:04:27	16.06	0.02	15	24089	买盘
11:03:54	16.04	--	60	96240	卖盘
11:03:42	16.04	--	12	19248	卖盘
11:03:33	16.04	-0.01	60	96240	卖盘
11:03:24	16.05	--	11	17655	卖盘
11:03:12	16.05	-0.01	17	27285	卖盘
11:03:09	16.06	--	10	16059	卖盘
11:03:00	16.06	--	5	8029	卖盘
11:02:39	16.06	0.02	23	36938	买盘
11:02:36	16.04	--	12	19248	卖盘
11:02:30	16.04	-0.02	8	12832	卖盘
11:02:15	16.06	--	12	19272	买盘
11:02:06	16.06	0.01	20	32119	买盘
11:01:57	16.05	--	1	1605	卖盘
11:01:24	16.05	0.01	20	32100	中性盘
11:01:12	16.04	-0.01	20	32080	卖盘
11:01:09	16.05	0.01	1	1605	买盘
11:01:06	16.04	--	2	3208	卖盘
11:00:45	16.04	--	39	62556	卖盘
11:00:39	16.04	--	7	11228	卖盘
10:59:54	16.04	-0.02	15	24060	卖盘
10:59:48	16.06	--	48	77088	买盘
10:59:33	16.06	0.02	10	16059	买盘
10:59:24	16.04	0.01	7	12767	买盘
10:59:15	16.03	-0.01	11	17633	卖盘
10:59:09	16.04	-0.01	42	67432	卖盘
10:59:06	16.05	0.01	2	3210	买盘
10:59:03	16.04	--	90	144360	卖盘
10:58:57	16.04	--	7	11228	卖盘
10:58:48	16.04	--	15	24060	卖盘
10:58:39	16.04	-0.01	10	16040	卖盘
10:58:18	16.05	0.01	1	1605	买盘
10:58:09	16.04	--	3	4812	卖盘
10:58:06	16.04	-0.01	14	22456	卖盘
10:58:03	16.05	--	10	16050	买盘
10:58:00	16.05	0.01	6	9630	中性盘
10:57:57	16.04	-0.01	100	160400	卖盘
10:57:45	16.05	--	1	3145	卖盘
10:57:33	16.05	--	6	9630	卖盘
10:57:27	16.05	-0.01	11	17655	卖盘
10:57:21	16.06	--	73	117237	卖盘
10:57:15	16.06	--	13	20878	卖盘
10:57:06	16.06	--	10	16059	卖盘
10:56:57	16.06	-0.01	12	19272	卖盘
10:56:51	16.07	--	1	1607	买盘
10:56:45	16.07	--	46	73922	卖盘
10:56:36	16.07	--	20	32140	卖盘
10:56:24	16.07	-0.02	30	48210	卖盘
10:56:21	16.09	0.02	4	6436	买盘
10:56:18	16.07	--	20	32140	卖盘
10:55:30	16.07	0.01	21	33747	中性盘
10:54:30	16.06	-0.04	28	44968	卖盘
10:54:27	16.1	--	19	30590	卖盘
10:54:24	16.1	--	86	138460	卖盘
10:54:03	16.1	-0.01	107	172270	卖盘
10:54:00	16.11	--	1	1611	中性盘
10:53:51	16.11	-0.01	10	16110	卖盘
10:53:45	16.12	0.01	9	14508	买盘
10:53:39	16.11	--	10	16110	卖盘
10:53:27	16.11	0.01	50	80550	中性盘
10:52:57	16.1	-0.01	72	115920	卖盘
10:52:33	16.11	--	1	1611	买盘
10:52:09	16.11	--	50	80550	买盘
10:51:57	16.11	--	36	57996	卖盘
10:51:51	16.11	--	20	32220	卖盘
10:51:48	16.11	--	15	24165	买盘
10:51:39	16.11	--	30	48330	买盘
10:51:33	16.11	--	32	51552	买盘
10:51:27	16.11	--	10	16110	买盘
10:51:15	16.11	-0.01	45	72495	卖盘
10:51:06	16.12	0.01	1	1612	买盘
10:51:00	16.11	0.01	49	78939	买盘
10:50:51	16.1	--	1	1610	卖盘
10:50:48	16.1	--	146	235060	卖盘
10:50:45	16.1	--	8	12880	卖盘
10:50:39	16.1	--	30	48300	卖盘
10:50:36	16.1	--	110	177100	卖盘
10:50:30	16.1	--	34	54740	卖盘
10:50:24	16.1	--	5	8050	卖盘
10:50:18	16.1	--	10	16100	卖盘
10:50:03	16.1	-0.01	10	16100	卖盘
10:49:54	16.11	--	1	1611	买盘
10:49:42	16.11	--	1	1611	买盘
10:49:36	16.11	0.01	1	1611	买盘
10:49:21	16.1	-0.01	18	28980	卖盘
10:49:15	16.11	-0.01	21	33831	卖盘
10:49:12	16.12	0.01	1	1612	买盘
10:49:06	16.11	0.01	5	8055	买盘
10:49:00	16.1	-0.01	36	57960	卖盘
10:48:45	16.11	--	20	32220	买盘
10:48:39	16.11	0.01	37	59607	买盘
10:48:15	16.1	--	13	20930	卖盘
10:48:12	16.1	--	6	9660	卖盘
10:48:00	16.1	--	8	12880	卖盘
10:47:54	16.1	0.03	415	668150	买盘
10:47:12	16.07	-0.01	5	8035	卖盘
10:47:00	16.08	--	5	8039	买盘
10:46:48	16.08	0.01	1	1607	买盘
10:46:45	16.07	--	86	138202	卖盘
10:45:57	16.07	--	1	1607	卖盘
10:45:54	16.07	-0.02	10	16070	卖盘
10:45:45	16.09	0.01	62	99758	买盘
10:45:30	16.08	--	10	16079	买盘
10:45:27	16.08	-0.01	20	32159	卖盘
10:45:24	16.09	0.01	1	1609	买盘
10:45:06	16.08	-0.01	20	32159	卖盘
10:44:51	16.09	0.01	44	70796	买盘
10:44:33	16.08	-0.01	5	8039	卖盘
10:44:03	16.09	--	1	1609	中性盘
10:43:54	16.09	--	50	80450	买盘
10:43:45	16.09	-0.01	17	27353	卖盘
10:43:42	16.1	0.02	50	80500	买盘
10:43:30	16.08	--	13	20903	买盘
10:43:24	16.08	-0.01	87	139895	卖盘
10:43:21	16.09	0.01	38	61142	买盘
10:42:57	16.08	0.01	25	40199	买盘
10:42:39	16.07	-0.01	1	1607	卖盘
10:42:36	16.08	0.02	1	1607	买盘
10:42:21	16.06	-0.01	20	32119	卖盘
10:42:18	16.07	0.01	69	110883	买盘
10:42:09	16.06	-0.01	20	32119	卖盘
10:42:00	16.07	0.01	15	24105	买盘
10:41:51	16.06	--	10	16059	买盘
10:41:48	16.06	0.01	1	1605	中性盘
10:40:42	16.05	--	3	4815	卖盘
10:40:39	16.05	-0.02	43	69015	中性盘
10:40:03	16.07	--	1	1607	卖盘
10:39:57	16.07	--	5	8035	卖盘
10:39:48	16.07	-0.01	10	16070	卖盘
10:39:45	16.08	0.01	1	1607	买盘
10:39:33	16.07	0.02	73	117311	买盘
10:38:54	16.05	--	16	25680	卖盘
10:38:45	16.05	--	4	6420	卖盘
10:38:27	16.05	--	30	48150	买盘
10:38:18	16.05	0.01	1	1605	买盘
10:38:15	16.04	--	3	4812	卖盘
10:38:09	16.04	-0.01	4	6416	卖盘
10:37:57	16.05	--	22	35310	卖盘
10:37:36	16.05	--	1	1605	卖盘
10:37:27	16.05	--	8	12840	卖盘
10:37:24	16.05	-0.01	30	48150	卖盘
10:37:18	16.06	--	3	4818	买盘
10:37:15	16.06	--	1	1605	买盘
10:37:12	16.06	--	33	52997	买盘
10:37:09	16.06	-0.01	105	168630	卖盘
10:36:54	16.07	--	1	1607	买盘
10:36:51	16.07	--	10	16070	买盘
10:36:36	16.07	--	5	8035	买盘
10:36:18	16.07	0.02	1	1607	买盘
10:35:42	16.05	-0.02	3	4815	卖盘
10:35:33	16.07	--	17	27319	中性盘
10:35:00	16.07	0.03	5	8035	中性盘
10:33:51	16.04	-0.03	90	144360	卖盘
10:33:45	16.07	0.01	12	19284	买盘
10:33:36	16.06	-0.01	20	32119	卖盘
10:32:45	16.07	--	3	4821	买盘
10:32:30	16.07	--	1	1607	买盘
10:32:18	16.07	--	5	8035	买盘
10:32:06	16.07	--	2	3214	买盘
10:32:00	16.07	--	10	16070	买盘
10:31:39	16.07	--	4	6428	买盘
10:31:33	16.07	0.01	26	41782	买盘
10:31:30	16.06	--	10	16059	卖盘
10:31:21	16.06	--	20	32119	卖盘
10:31:18	16.06	--	13	20878	卖盘
10:31:09	16.06	--	69	110813	买盘
10:31:03	16.06	--	1	1605	买盘
10:31:00	16.06	0.01	4	6423	买盘
10:30:57	16.05	--	2	3210	卖盘
10:30:48	16.05	--	20	32100	卖盘
10:30:24	16.05	--	20	32100	卖盘
10:30:09	16.05	-0.01	12	19260	卖盘
10:29:45	16.06	-0.01	2	3211	卖盘
10:29:36	16.07	--	1	1607	买盘
10:29:33	16.07	-0.01	5	8035	卖盘
10:29:27	16.08	0.01	50	80399	买盘
10:29:24	16.07	-0.01	9	14463	卖盘
10:28:45	16.08	-0.01	40	64448	卖盘
10:28:36	16.09	--	67	109283	卖盘
10:28:33	16.09	--	30	48270	卖盘
10:28:30	16.09	--	25	40225	买盘
10:28:12	16.09	0.01	1	1609	买盘
10:28:09	16.08	--	23	36983	卖盘
10:28:03	16.08	--	9	14471	卖盘
10:27:48	16.08	--	16	25727	买盘
10:27:42	16.08	--	33	53063	买盘
10:27:33	16.08	0.01	10	16079	买盘
10:27:30	16.07	-0.01	25	40175	卖盘
10:27:09	16.08	--	15	24119	买盘
10:27:06	16.08	-0.01	25	40199	卖盘
10:27:03	16.09	--	1	1609	买盘
10:26:45	16.09	-0.01	2	3218	中性盘
10:25:57	16.1	0.03	37	59570	买盘
10:25:48	16.07	-0.03	3	4821	卖盘
10:25:33	16.1	0.02	11	17710	买盘
10:25:27	16.08	-0.02	59	94871	卖盘
10:25:21	16.1	--	5	8050	卖盘
10:25:18	16.1	-0.01	42	67620	卖盘
10:25:15	16.11	0.01	5	8055	买盘
10:25:12	16.1	--	15	24150	卖盘
10:25:09	16.1	--	20	32200	卖盘
10:25:03	16.1	--	5	8050	卖盘
10:25:00	16.1	--	12	19320	买盘
10:24:54	16.1	--	13	20930	卖盘
10:24:48	16.1	-0.01	4	6440	卖盘
10:24:39	16.11	0.01	10	16110	中性盘
10:24:12	16.1	-0.01	34	54740	卖盘
10:24:09	16.11	--	5	8055	买盘
10:24:06	16.11	-0.01	69	111159	中性盘
10:24:00	16.12	--	26	41912	买盘
10:23:54	16.12	-0.01	10	16248	卖盘
10:23:51	16.13	--	20	32259	买盘
10:23:48	16.13	0.01	4	6452	买盘
10:23:45	16.12	-0.01	11	17732	卖盘
10:23:39	16.13	0.01	13	20969	买盘
10:23:33	16.12	--	3	6319	卖盘
10:23:30	16.12	0.03	88	141856	买盘
10:23:27	16.09	-0.02	7	11263	卖盘
10:23:24	16.11	0.01	20	32220	买盘
10:23:18	16.1	--	71	114310	买盘
10:23:15	16.1	0.01	15	24150	买盘
10:23:09	16.09	--	6	9654	买盘
10:23:06	16.09	0.01	18	28962	买盘
10:22:57	16.08	--	5	8039	买盘
10:22:45	16.08	-0.01	5	8039	卖盘
10:22:27	16.09	--	1	1609	买盘
10:21:57	16.09	-0.01	55	88495	卖盘
10:21:54	16.1	0.01	5	8050	买盘
10:21:42	16.09	--	5	8045	卖盘
10:21:36	16.09	-0.01	1	1609	卖盘
10:21:33	16.1	--	1	1610	买盘
10:21:30	16.1	0.01	9	14490	买盘
10:21:27	16.09	--	83	133547	买盘
10:20:57	16.09	--	22	35398	卖盘
10:20:54	16.09	--	6	9654	卖盘
10:20:39	16.09	0.01	73	117457	买盘
10:20:18	16.08	--	8	12863	卖盘
10:20:09	16.08	--	2	3215	买盘
10:19:51	16.08	--	6	9647	买盘
10:19:45	16.08	--	13	20903	买盘
10:19:36	16.08	--	1	1607	买盘
10:19:24	16.08	--	10	16079	买盘
10:19:12	16.08	--	19	30551	买盘
10:18:45	16.08	--	2	3215	买盘
10:18:39	16.08	0.01	5	8039	买盘
10:18:27	16.07	0.01	1	1607	中性盘
10:18:15	16.06	--	1	1605	卖盘
10:18:09	16.06	0.02	289	464133	买盘
10:18:03	16.04	--	35	56140	中性盘
10:17:21	16.04	--	30	48120	卖盘
10:16:48	16.04	-0.01	12	19248	卖盘
10:16:42	16.05	0.01	1	1605	买盘
10:15:54	16.04	--	2	3208	买盘
10:15:42	16.04	-0.01	3	4812	卖盘
10:15:36	16.05	--	8	12840	买盘
10:15:18	16.05	0.01	1	1605	买盘
10:15:09	16.04	0.01	20	32080	买盘
10:14:57	16.03	--	15	24045	中性盘
10:14:30	16.03	0.01	1	1603	中性盘
10:14:18	16.02	--	60	96120	卖盘
10:13:54	16.02	-0.01	64	102528	卖盘
10:13:51	16.03	-0.02	74	118622	卖盘
10:13:48	16.05	0.01	33	52965	买盘
10:13:24	16.04	--	1	1604	卖盘
10:13:18	16.04	0.01	4	6416	买盘
10:13:06	16.03	-0.01	1	1603	卖盘
10:12:54	16.04	0.01	1	1604	买盘
10:12:39	16.03	--	2	3206	买盘
10:12:36	16.03	--	77	123431	买盘
10:12:33	16.03	-0.01	21	33663	卖盘
10:12:27	16.04	0.01	2	3208	买盘
10:12:24	16.03	--	15	24045	卖盘
10:12:09	16.03	--	26	41678	卖盘
10:12:03	16.03	0.01	10	16030	卖盘
10:11:30	16.02	-0.03	1	1602	卖盘
10:11:18	16.05	--	2	3210	买盘
10:11:12	16.05	0.03	10	16050	买盘
10:11:09	16.02	-0.02	32	51264	卖盘
10:11:03	16.04	--	1	1604	买盘
10:10:57	16.04	--	30	48120	买盘
10:10:48	16.04	--	8	12832	买盘
10:10:39	16.04	--	4	6416	买盘
10:10:27	16.04	0.03	10	16040	买盘
10:10:03	16.01	--	6	9606	卖盘
10:09:57	16.01	0.01	14	22414	中性盘
10:09:51	16.0	-0.01	64	102400	卖盘
10:09:48	16.01	--	17	27217	买盘
10:09:45	16.01	--	25	40025	卖盘
10:09:33	16.01	-0.01	47	75247	卖盘
10:09:30	16.02	-0.02	6	9612	卖盘
10:09:18	16.04	--	13	20852	卖盘
10:09:12	16.04	--	22	35288	卖盘
10:09:09	16.04	--	22	35288	卖盘
10:09:06	16.04	--	30	48120	卖盘
10:09:03	16.04	--	4	6416	卖盘
10:08:57	16.04	--	1	1604	卖盘
10:08:48	16.04	--	30	48120	卖盘
10:08:45	16.04	--	3	4812	卖盘
10:08:42	16.04	--	19	30476	卖盘
10:08:24	16.04	-0.01	56	89824	卖盘
10:08:21	16.05	--	5	8025	卖盘
10:08:18	16.05	-0.01	45	72225	卖盘
10:08:15	16.06	--	5	8029	买盘
10:08:06	16.06	--	1	1605	买盘
10:07:51	16.06	--	4	6423	卖盘
10:07:48	16.06	-0.01	68	109207	卖盘
10:07:33	16.07	--	12	19284	卖盘
10:07:30	16.07	--	4	6428	卖盘
10:07:24	16.07	--	5	8035	卖盘
10:07:15	16.07	--	13	20891	卖盘
10:07:09	16.07	--	19	30533	卖盘
10:07:03	16.07	--	15	24105	卖盘
10:07:00	16.07	-0.01	31	49817	卖盘
10:06:48	16.08	-0.01	21	33768	卖盘
10:06:39	16.09	0.01	1	1609	买盘
10:06:24	16.08	--	8	12863	卖盘
10:06:21	16.08	--	20	32159	卖盘
10:06:18	16.08	--	2	3215	卖盘
10:05:54	16.08	-0.01	30	48239	卖盘
10:05:39	16.09	--	3	4827	卖盘
10:05:24	16.09	0.01	2	3218	买盘
10:05:18	16.08	-0.01	70	112559	卖盘
10:05:15	16.09	0.01	1	1609	买盘
10:05:12	16.08	-0.01	10	16079	卖盘
10:04:54	16.09	--	3	4827	卖盘
10:04:45	16.09	--	26	41834	卖盘
10:04:33	16.09	-0.01	10	16090	卖盘
10:04:24	16.1	--	18	28980	卖盘
10:04:21	16.1	--	12	19320	卖盘
10:04:18	16.1	--	3	4830	卖盘
10:04:15	16.1	--	25	40250	卖盘
10:04:12	16.1	-0.01	202	325220	卖盘
10:03:57	16.11	--	50	80550	买盘
10:03:48	16.11	--	1	1611	买盘
10:03:42	16.11	--	3	4833	买盘
10:03:39	16.11	--	10	16110	买盘
10:03:33	16.11	0.01	4	6444	买盘
10:03:30	16.1	-0.01	6	9660	卖盘
10:03:21	16.11	0.01	5	8055	买盘
10:03:06	16.1	--	23	37030	卖盘
10:02:48	16.1	--	1	1610	卖盘
10:02:45	16.1	--	1	1610	买盘
10:02:42	16.1	0.01	4	6440	买盘
10:02:36	16.09	--	4	6436	卖盘
10:02:30	16.09	-0.01	5	8045	卖盘
10:02:27	16.1	-0.01	5	8050	卖盘
10:02:21	16.11	--	1	1611	买盘
10:01:51	16.11	0.01	2	3222	买盘
10:01:48	16.1	--	2	3220	卖盘
10:01:42	16.1	--	21	33810	卖盘
10:01:36	16.1	-0.01	18	28980	卖盘
10:01:27	16.11	--	2	3222	买盘
10:01:18	16.11	--	10	16110	买盘
10:01:15	16.11	0.01	8	12888	买盘
10:01:09	16.1	--	10	16100	卖盘
10:01:03	16.1	-0.01	12	19320	卖盘
10:00:57	16.11	0.01	1	1611	买盘
10:00:54	16.1	--	43	69230	买盘
10:00:51	16.1	--	10	16100	买盘
10:00:48	16.1	0.01	4	6440	买盘
10:00:45	16.09	-0.01	8	12872	卖盘
10:00:39	16.1	--	20	32200	买盘
10:00:36	16.1	--	6	9660	买盘
09:59:54	16.1	--	8	12880	买盘
09:59:42	16.1	0.01	30	48300	买盘
09:59:36	16.09	-0.01	11	17699	卖盘
09:59:33	16.1	--	2	3220	买盘
09:59:30	16.1	--	1	1610	买盘
09:59:18	16.1	--	41	66010	卖盘
09:59:06	16.1	--	10	16100	卖盘
09:59:00	16.1	--	5	8050	卖盘
09:58:48	16.1	0.01	1	1610	买盘
09:58:30	16.09	--	3	4827	卖盘
09:58:21	16.09	--	7	11263	卖盘
09:58:15	16.09	0.02	20	32180	中性盘
09:57:36	16.07	-0.07	0	16	卖盘
09:57:24	16.14	0.06	347	560058	买盘
09:57:21	16.08	-0.02	1	1607	中性盘
09:56:15	16.1	0.03	11	17710	买盘
09:56:06	16.07	--	25	40175	卖盘
09:55:39	16.07	--	3	6299	卖盘
09:55:27	16.07	--	8	12856	买盘
09:55:15	16.07	--	1	1607	中性盘
09:55:00	16.07	0.01	10	16070	中性盘
09:54:36	16.06	-0.01	302	485011	卖盘
09:54:30	16.07	--	10	16070	买盘
09:54:21	16.07	--	46	73922	卖盘
09:54:12	16.07	-0.01	10	16070	卖盘
09:54:03	16.08	-0.02	5	8039	中性盘
09:53:24	16.1	0.04	1	1610	中性盘
09:53:18	16.06	--	15	24089	卖盘
09:53:06	16.06	--	5	8029	卖盘
09:53:00	16.06	--	10	16059	卖盘
09:52:24	16.06	-0.06	74	118843	卖盘
09:52:03	16.12	--	3	4836	买盘
09:51:54	16.12	-0.03	1	1612	中性盘
09:51:27	16.15	0.1	468	755819	买盘
09:51:24	16.05	-0.01	10	16050	卖盘
09:51:21	16.06	--	10	16059	买盘
09:51:12	16.06	-0.01	233	374197	卖盘
09:51:06	16.07	--	1	1607	买盘
09:50:54	16.07	--	6	9642	买盘
09:50:51	16.07	-0.01	9	14463	卖盘
09:50:39	16.08	--	42	68806	卖盘
09:50:21	16.08	0.01	39	63049	买盘
09:50:18	16.07	--	6	9642	买盘
09:50:09	16.07	--	62	100903	卖盘
09:50:06	16.07	-0.01	30	48210	卖盘
09:49:45	16.08	0.01	13	20903	买盘
09:49:33	16.07	0.01	35	56582	买盘
09:49:27	16.06	--	20	32119	卖盘
09:49:21	16.06	--	5	8029	卖盘
09:49:09	16.06	-0.01	15	24089	卖盘
09:49:06	16.07	0.01	15	24105	买盘
09:48:48	16.06	-0.01	50	80300	卖盘
09:48:12	16.07	--	180	290529	卖盘
09:48:09	16.07	-0.01	50	80350	卖盘
09:48:03	16.08	--	30	48239	买盘
09:47:57	16.08	--	10	16079	买盘
09:47:54	16.08	--	35	56279	卖盘
09:47:51	16.08	-0.02	76	122207	卖盘
09:47:21	16.1	0.02	5	8050	买盘
09:47:12	16.08	0.01	10	16079	买盘
09:47:06	16.07	-0.01	3	4821	卖盘
09:46:57	16.08	--	11	17687	买盘
09:46:54	16.08	--	5	8039	买盘
09:46:45	16.08	--	10	16079	买盘
09:46:36	16.08	--	1	1607	买盘
09:46:30	16.08	--	7	11255	买盘
09:46:27	16.08	-0.01	153	246023	卖盘
09:46:24	16.09	--	3	4827	买盘
09:46:21	16.09	0.01	5	8045	买盘
09:46:06	16.08	--	16	25727	卖盘
09:45:54	16.08	--	22	35375	买盘
09:45:45	16.08	--	3	4823	买盘
09:45:42	16.08	--	15	24119	买盘
09:45:36	16.08	0.01	3	4823	买盘
09:45:27	16.07	-0.01	61	98027	卖盘
09:45:21	16.08	-0.01	50	80399	卖盘
09:45:15	16.09	0.01	33	53097	买盘
09:45:12	16.08	--	13	20903	买盘
09:45:09	16.08	--	11	17687	买盘
09:45:03	16.08	--	4	6431	买盘
09:45:00	16.08	--	5	8039	买盘
09:44:51	16.08	--	19	30551	卖盘
09:44:48	16.08	--	157	252455	卖盘
09:44:42	16.08	-0.01	18	28943	卖盘
09:44:21	16.09	-0.01	54	86886	中性盘
09:44:15	16.1	--	5	8050	买盘
09:44:09	16.1	0.01	20	32200	买盘
09:44:06	16.09	-0.01	66	106194	卖盘
09:43:57	16.1	--	5	8050	买盘
09:43:51	16.1	--	1	1610	买盘
09:43:45	16.1	--	1	1610	买盘
09:43:36	16.1	--	5	8050	买盘
09:43:21	16.1	--	12	19320	买盘
09:43:18	16.1	-0.01	38	61180	卖盘
09:43:06	16.11	--	10	16110	买盘
09:42:54	16.11	--	2	3222	买盘
09:42:51	16.11	--	20	32220	买盘
09:42:48	16.11	-0.03	42	67662	卖盘
09:42:45	16.14	-0.01	12	19368	中性盘
09:42:33	16.15	--	5	8074	买盘
09:42:30	16.15	0.08	10	16149	买盘
09:42:24	16.07	-0.03	100	160700	卖盘
09:42:09	16.1	--	20	32200	买盘
09:42:06	16.1	-0.01	30	48300	卖盘
09:42:03	16.11	-0.07	5	8055	中性盘
09:41:57	16.18	0.08	508	821944	买盘
09:41:51	16.1	--	93	149730	买盘
09:41:42	16.1	--	51	82110	买盘
09:41:36	16.1	0.02	21	33810	买盘
09:41:33	16.08	--	3	4823	卖盘
09:41:21	16.08	-0.01	37	59495	卖盘
09:41:03	16.09	-0.01	1	1609	卖盘
09:41:00	16.1	--	79	127190	买盘
09:40:45	16.1	0.02	57	91770	买盘
09:40:36	16.08	--	65	104857	买盘
09:40:33	16.08	--	5	8039	买盘
09:40:24	16.08	--	31	49847	买盘
09:40:12	16.08	--	82	131856	买盘
09:40:03	16.08	--	16	25727	买盘
09:40:00	16.08	--	7	11255	买盘
09:39:54	16.08	--	23	36983	买盘
09:39:48	16.08	0.02	3	4823	买盘
09:39:45	16.06	0.01	0	674	卖盘
09:39:42	16.05	-0.03	12	19260	卖盘
09:39:39	16.08	0.03	19	30551	买盘
09:39:36	16.05	-0.01	34	54570	卖盘
09:39:33	16.06	--	221	354926	买盘
09:39:27	16.06	--	1	1605	买盘
09:39:24	16.06	-0.02	37	59421	卖盘
09:39:15	16.08	0.02	206	331247	买盘
09:39:12	16.06	-0.01	17	27301	卖盘
09:39:06	16.07	-0.01	3	4821	买盘
09:39:03	16.08	0.01	14	22511	买盘
09:38:57	16.07	--	18	28926	卖盘
09:38:51	16.07	--	1	1607	卖盘
09:38:48	16.07	-0.01	9	14463	卖盘
09:38:42	16.08	--	5	8039	买盘
09:38:27	16.08	0.03	229	368231	买盘
09:38:21	16.05	--	3	4815	买盘
09:38:18	16.05	--	23	36915	买盘
09:38:09	16.05	--	5	8025	买盘
09:38:03	16.05	--	39	62595	卖盘
09:37:57	16.05	0.01	2	3210	中性盘
09:37:12	16.04	--	17	27268	卖盘
09:37:09	16.04	-0.04	52	83408	卖盘
09:37:03	16.08	0.07	100	160799	买盘
09:36:51	16.01	0.01	4	6404	卖盘
09:36:48	16.0	--	5	8000	卖盘
09:36:45	16.0	--	1	1600	卖盘
09:36:42	16.0	--	1	1600	卖盘
09:36:39	16.0	0.02	51	81600	买盘
09:36:36	15.98	--	6	9588	卖盘
09:36:33	15.98	--	14	22372	卖盘
09:36:24	15.98	-0.05	10	15980	卖盘
09:36:21	16.03	--	56	89768	卖盘
09:36:18	16.03	0.03	342	548226	买盘
09:36:12	16.0	--	2	3200	卖盘
09:36:09	16.0	--	14	22400	卖盘
09:36:06	16.0	--	32	51200	卖盘
09:36:03	16.0	--	9	14400	卖盘
09:35:57	16.0	--	55	88000	卖盘
09:35:51	16.0	--	36	57600	卖盘
09:35:48	16.0	--	3	4800	卖盘
09:35:42	16.0	-0.01	20	32000	卖盘
09:35:33	16.01	--	6	9606	卖盘
09:35:30	16.01	-0.01	20	32020	卖盘
09:35:27	16.02	0.01	12	19224	买盘
09:35:21	16.01	--	100	160100	卖盘
09:35:15	16.01	-0.01	59	94459	卖盘
09:35:09	16.02	--	1	1602	买盘
09:35:06	16.02	0.01	5	8010	买盘
09:35:03	16.01	-0.01	127	203327	卖盘
09:35:00	16.02	--	11	17622	卖盘
09:34:48	16.02	--	53	84906	卖盘
09:34:45	16.02	--	65	104130	卖盘
09:34:39	16.02	-0.01	1	1602	卖盘
09:34:21	16.03	-0.01	29	46487	中性盘
09:34:06	16.04	0.01	9	14436	买盘
09:34:03	16.03	-0.01	1	1603	中性盘
09:33:30	16.04	--	10	16040	买盘
09:33:27	16.04	0.03	10	16040	买盘
09:33:18	16.01	-0.03	59	94459	卖盘
09:33:09	16.04	0.01	1	1604	买盘
09:33:03	16.03	--	20	32060	卖盘
09:33:00	16.03	--	2	3206	买盘
09:32:54	16.03	--	10	16030	买盘
09:32:48	16.03	0.03	30	48090	买盘
09:32:39	16.0	-0.03	3	4800	卖盘
09:32:36	16.03	0.03	17	27251	买盘
09:32:33	16.0	--	150	240000	买盘
09:32:15	16.0	--	45	72000	卖盘
09:32:12	16.0	--	4	6400	卖盘
09:32:09	16.0	--	10	16000	卖盘
09:32:00	16.0	--	5	8000	卖盘
09:31:54	16.0	--	5	8000	卖盘
09:31:48	16.0	-0.01	200	320000	卖盘
09:31:45	16.01	--	2	3202	卖盘
09:31:33	16.01	-0.01	200	320200	卖盘
09:31:24	16.02	--	1	1602	卖盘
09:31:21	16.02	--	16	25632	买盘
09:31:18	16.02	--	15	24030	买盘
09:31:15	16.02	-0.01	13	20826	卖盘
09:31:03	16.03	--	2	3206	卖盘
09:30:54	16.03	-0.02	20	32060	卖盘
09:30:42	16.05	0.02	5	8025	买盘
09:30:39	16.03	-0.02	6	9618	卖盘
09:30:33	16.05	--	2	3210	卖盘
09:30:27	16.05	--	14	22470	卖盘
09:30:03	16.05	0.04	120	192600	买盘
09:30:00	16.01	0.01	3	4803	买盘
09:25:03	16.0	16	236	377600	买盘
