成交时间	成交价	价格变动	成交量(手)	成交额(元)	性质
15:00:03	13.21	--	2617	3457057	卖盘
14:57:00	13.21	-0.01	507	669747	卖盘
14:56:57	13.22	0.01	228	301416	买盘
14:56:54	13.21	--	34	44914	卖盘
14:56:51	13.21	--	20	26420	卖盘
14:56:48	13.21	--	55	72655	卖盘
14:56:45	13.21	-0.01	26	34346	卖盘
14:56:42	13.22	0.01	20	26440	买盘
14:56:39	13.21	-0.01	19	25099	中性盘
14:56:36	13.22	0.01	148	195656	买盘
14:56:33	13.21	--	75	99075	卖盘
14:56:30	13.21	--	176	232496	卖盘
14:56:27	13.21	--	64	84544	卖盘
14:56:24	13.21	--	67	88507	卖盘
14:56:21	13.21	--	90	118890	卖盘
14:56:18	13.21	--	117	154557	卖盘
14:56:15	13.21	0.01	70	92470	中性盘
14:56:12	13.2	-0.01	115	151800	卖盘
14:56:09	13.21	--	72	95112	买盘
14:56:06	13.21	--	88	116248	买盘
14:56:03	13.21	--	292	385732	买盘
14:56:00	13.21	--	121	159841	买盘
14:55:57	13.21	--	31	40951	买盘
14:55:54	13.21	-0.01	38	50198	卖盘
14:55:51	13.22	--	193	255146	买盘
14:55:48	13.22	--	102	134844	买盘
14:55:45	13.22	0.01	94	124268	买盘
14:55:42	13.21	--	31	40951	卖盘
14:55:39	13.21	--	61	80581	卖盘
14:55:36	13.21	--	48	63408	卖盘
14:55:33	13.21	--	17	22457	卖盘
14:55:30	13.21	--	48	63408	卖盘
14:55:27	13.21	--	87	114927	卖盘
14:55:24	13.21	--	65	85865	买盘
14:55:21	13.21	--	48	63408	买盘
14:55:18	13.21	--	162	214002	买盘
14:55:15	13.21	--	29	38309	买盘
14:55:12	13.21	--	102	134742	卖盘
14:55:09	13.21	--	218	287978	卖盘
14:55:06	13.21	--	29	38309	卖盘
14:55:03	13.21	--	99	130779	卖盘
14:55:00	13.21	--	173	228533	卖盘
14:54:57	13.21	--	56	73976	卖盘
14:54:54	13.21	--	24	31704	卖盘
14:54:51	13.21	--	92	121532	卖盘
14:54:48	13.21	--	36	47556	卖盘
14:54:45	13.21	--	6	7926	卖盘
14:54:42	13.21	-0.01	195	257595	卖盘
14:54:39	13.22	0.01	70	92540	买盘
14:54:36	13.21	--	49	64729	卖盘
14:54:33	13.21	--	26	34346	卖盘
14:54:30	13.21	--	15	19815	卖盘
14:54:27	13.21	--	24	31704	卖盘
14:54:24	13.21	-0.01	26	34346	卖盘
14:54:21	13.22	0.01	10	13220	买盘
14:54:18	13.21	--	118	155878	买盘
14:54:15	13.21	--	51	67371	卖盘
14:54:12	13.21	-0.01	95	125495	卖盘
14:54:09	13.22	0.01	168	222096	买盘
14:54:06	13.21	--	35	46235	卖盘
14:54:03	13.21	--	29	38309	卖盘
14:54:00	13.21	--	76	100396	卖盘
14:53:57	13.21	-0.01	163	215323	卖盘
14:53:54	13.22	0.01	25	33050	买盘
14:53:51	13.21	--	16	21136	卖盘
14:53:48	13.21	-0.01	49	64729	卖盘
14:53:45	13.22	0.01	21	27762	买盘
14:53:42	13.21	--	34	44914	卖盘
14:53:39	13.21	--	188	248348	买盘
14:53:36	13.21	--	29	38309	买盘
14:53:33	13.21	--	58	76618	买盘
14:53:30	13.21	0.01	24	31704	买盘
14:53:27	13.2	-0.01	148	195360	卖盘
14:53:24	13.21	--	42	55482	卖盘
14:53:18	13.21	--	4	5284	中性盘
14:53:15	13.21	--	109	143989	买盘
14:53:12	13.21	--	514	678994	买盘
14:53:09	13.21	0.01	61	80581	买盘
14:53:06	13.2	--	14	18480	卖盘
14:53:03	13.2	-0.01	28	36960	卖盘
14:53:00	13.21	0.01	60	79260	买盘
14:52:57	13.2	-0.01	75	99000	卖盘
14:52:54	13.21	--	32	42272	买盘
14:52:48	13.21	--	24	31704	买盘
14:52:45	13.21	--	212	280052	卖盘
14:52:42	13.21	--	24	31704	卖盘
14:52:39	13.21	--	17	22457	卖盘
14:52:36	13.21	--	11	14531	卖盘
14:52:33	13.21	--	10	13210	卖盘
14:52:30	13.21	--	43	56803	卖盘
14:52:27	13.21	--	41	54161	买盘
14:52:24	13.21	--	61	80581	买盘
14:52:21	13.21	--	76	100396	买盘
14:52:18	13.21	--	123	162483	买盘
14:52:15	13.21	-0.01	209	276089	卖盘
14:52:09	13.22	0.01	99	130878	买盘
14:52:06	13.21	--	53	70013	买盘
14:52:03	13.21	--	105	138705	买盘
14:52:00	13.21	-0.01	129	170409	卖盘
14:51:54	13.22	--	24	31728	买盘
14:51:51	13.22	0.01	656	867232	买盘
14:51:48	13.21	--	114	150594	卖盘
14:51:45	13.21	-0.01	13	17173	卖盘
14:51:42	13.22	0.01	252	333144	买盘
14:51:39	13.21	--	31	40951	卖盘
14:51:36	13.21	-0.01	15	19815	卖盘
14:51:33	13.22	0.01	44	58168	买盘
14:51:30	13.21	-0.01	9	11889	卖盘
14:51:27	13.22	0.01	108	142776	买盘
14:51:24	13.21	--	15	19815	卖盘
14:51:21	13.21	--	26	34346	卖盘
14:51:18	13.21	--	107	141347	买盘
14:51:15	13.21	--	15	19815	买盘
14:51:12	13.21	--	68	89828	买盘
14:51:09	13.21	--	49	64729	买盘
14:51:06	13.21	--	38	50198	买盘
14:51:03	13.21	--	147	194187	卖盘
14:51:00	13.21	-0.01	19	25099	卖盘
14:50:57	13.22	0.01	18	23796	买盘
14:50:54	13.21	--	63	83223	卖盘
14:50:51	13.21	--	11	14531	卖盘
14:50:48	13.21	--	60	79260	卖盘
14:50:45	13.21	--	13	17173	卖盘
14:50:42	13.21	--	30	39630	卖盘
14:50:39	13.21	--	50	66050	卖盘
14:50:33	13.21	-0.01	13	17173	卖盘
14:50:30	13.22	0.01	8	10576	买盘
14:50:27	13.21	-0.01	26	34346	卖盘
14:50:24	13.22	0.01	38	50236	买盘
14:50:21	13.21	--	69	91149	卖盘
14:50:18	13.21	--	74	97754	卖盘
14:50:15	13.21	--	43	56803	卖盘
14:50:09	13.21	-0.01	12	15852	卖盘
14:50:06	13.22	0.01	16	21152	买盘
14:50:03	13.21	-0.01	11	14531	卖盘
14:50:00	13.22	0.01	62	81964	买盘
14:49:57	13.21	--	24	31704	卖盘
14:49:54	13.21	-0.01	77	101717	卖盘
14:49:51	13.22	--	51	67422	买盘
14:49:48	13.22	0.01	32	42304	买盘
14:49:45	13.21	--	473	624833	卖盘
14:49:42	13.21	--	9	11889	卖盘
14:49:39	13.21	-0.01	125	165125	卖盘
14:49:36	13.22	0.01	8	10576	买盘
14:49:33	13.21	--	7	9247	卖盘
14:49:24	13.21	--	35	46235	卖盘
14:49:18	13.21	--	78	103038	卖盘
14:49:15	13.21	--	8	10568	卖盘
14:49:12	13.21	-0.01	10	13210	卖盘
14:49:09	13.22	0.01	6	7932	买盘
14:49:06	13.21	--	57	75297	卖盘
14:49:03	13.21	--	1	1321	卖盘
14:49:00	13.21	--	22	29062	卖盘
14:48:57	13.21	--	32	42272	卖盘
14:48:54	13.21	-0.01	6	7926	卖盘
14:48:51	13.22	--	16	21152	买盘
14:48:48	13.22	0.01	7	9254	买盘
14:48:45	13.21	-0.01	10	13210	卖盘
14:48:42	13.22	--	49	64778	卖盘
14:48:39	13.22	--	20	26440	卖盘
14:48:36	13.22	--	49	64778	买盘
14:48:33	13.22	0.01	26	34372	买盘
14:48:30	13.21	-0.01	10	13210	卖盘
14:48:27	13.22	--	4	5288	买盘
14:48:24	13.22	-0.01	59	77998	卖盘
14:48:21	13.23	--	1	1323	买盘
14:48:18	13.23	0.01	2	2646	买盘
14:48:15	13.22	--	103	136166	卖盘
14:48:12	13.22	--	3	3966	卖盘
14:48:09	13.22	--	13	17186	卖盘
14:48:06	13.22	--	9	11898	卖盘
14:48:03	13.22	--	23	30406	卖盘
14:48:00	13.22	0.01	102	134844	买盘
14:47:57	13.21	-0.01	30	39630	卖盘
14:47:54	13.22	--	87	115014	买盘
14:47:51	13.22	--	13	17186	买盘
14:47:48	13.22	0.01	5	6610	买盘
14:47:45	13.21	-0.01	44	58124	卖盘
14:47:42	13.22	0.01	11	14542	买盘
14:47:39	13.21	-0.01	6	7926	卖盘
14:47:36	13.22	--	67	88574	买盘
14:47:33	13.22	0.01	12	15864	买盘
14:47:30	13.21	-0.01	37	48877	卖盘
14:47:27	13.22	--	361	477242	买盘
14:47:24	13.22	--	105	138810	买盘
14:47:21	13.22	--	15	19830	买盘
14:47:15	13.22	--	78	103116	买盘
14:47:12	13.22	0.01	143	189046	买盘
14:47:09	13.21	-0.01	7	9247	卖盘
14:47:06	13.22	--	19	25118	买盘
14:47:03	13.22	--	35	46270	买盘
14:47:00	13.22	0.01	5	6610	买盘
14:46:57	13.21	--	10	13210	卖盘
14:46:54	13.21	--	14	18494	卖盘
14:46:51	13.21	--	20	26420	卖盘
14:46:48	13.21	-0.01	19	25099	卖盘
14:46:45	13.22	0.01	5	6610	买盘
14:46:42	13.21	--	7	9247	卖盘
14:46:39	13.21	-0.01	145	191545	卖盘
14:46:36	13.22	--	70	92540	买盘
14:46:21	13.22	0.01	100	132200	买盘
14:46:18	13.21	0.01	30	39630	中性盘
14:46:15	13.2	-0.01	53	69960	卖盘
14:46:12	13.21	--	173	228533	卖盘
14:46:09	13.21	--	4	5284	卖盘
14:46:06	13.21	--	13	17173	卖盘
14:46:03	13.21	0.01	207	273447	买盘
14:46:00	13.2	-0.01	201	265320	卖盘
14:45:57	13.21	--	20	26420	买盘
14:45:54	13.21	--	14	18494	中性盘
14:45:51	13.21	0.01	6	7926	买盘
14:45:48	13.2	-0.01	89	117480	卖盘
14:45:45	13.21	--	18	23778	卖盘
14:45:42	13.21	--	253	334213	买盘
14:45:39	13.21	--	44	58124	买盘
14:45:36	13.21	--	23	30383	买盘
14:45:33	13.21	--	10	13210	买盘
14:45:27	13.21	--	41	54161	卖盘
14:45:21	13.21	--	1	1321	买盘
14:45:18	13.21	0.01	17	22457	买盘
14:45:15	13.2	-0.01	87	114840	卖盘
14:45:12	13.21	0.01	633	836193	买盘
14:45:09	13.2	-0.01	20	26400	卖盘
14:45:06	13.21	--	3	3963	买盘
14:45:03	13.21	--	45	59445	买盘
14:45:00	13.21	--	55	72655	买盘
14:44:57	13.21	0.01	32	42272	买盘
14:44:54	13.2	-0.01	4	5280	卖盘
14:44:51	13.21	--	137	180977	买盘
14:44:48	13.21	--	13	17173	买盘
14:44:45	13.21	--	31	40951	买盘
14:44:42	13.21	--	53	70013	买盘
14:44:39	13.21	--	48	63408	买盘
14:44:36	13.21	0.01	14	18494	买盘
14:44:33	13.2	-0.01	3	3960	卖盘
14:44:30	13.21	0.01	43	56803	买盘
14:44:27	13.2	--	18	23760	卖盘
14:44:24	13.2	-0.01	8	10560	卖盘
14:44:21	13.21	--	17	22457	买盘
14:44:18	13.21	--	48	63408	买盘
14:44:15	13.21	--	40	52840	买盘
14:44:12	13.21	0.01	1	1321	买盘
14:44:09	13.2	--	115	152671	卖盘
14:44:06	13.2	--	13	17160	卖盘
14:44:03	13.2	--	49	64680	卖盘
14:44:00	13.2	-0.01	8	10560	卖盘
14:43:57	13.21	--	206	272126	买盘
14:43:54	13.21	--	20	26420	买盘
14:43:51	13.21	--	50	66050	买盘
14:43:48	13.21	--	45	59445	买盘
14:43:45	13.21	--	45	59445	买盘
14:43:42	13.21	--	76	100396	买盘
14:43:39	13.21	--	321	424041	买盘
14:43:36	13.21	--	12	15852	买盘
14:43:33	13.21	0.01	54	71334	买盘
14:43:30	13.2	--	48	63360	卖盘
14:43:27	13.2	-0.01	6	7920	卖盘
14:43:24	13.21	0.01	52	68692	买盘
14:43:21	13.2	--	19	25080	卖盘
14:43:18	13.2	-0.01	14	18480	卖盘
14:43:15	13.21	--	1	1321	买盘
14:43:12	13.21	0.01	7	9247	买盘
14:43:09	13.2	-0.01	52	68640	卖盘
14:43:06	13.21	--	1	1321	买盘
14:43:03	13.21	--	77	101717	卖盘
14:43:00	13.21	--	1	1321	卖盘
14:42:57	13.21	--	50	66050	卖盘
14:42:54	13.21	0.01	46	60766	买盘
14:42:51	13.2	--	10	13200	卖盘
14:42:48	13.2	-0.01	508	670560	卖盘
14:42:45	13.21	0.01	47	62087	卖盘
14:42:42	13.2	-0.01	523	690360	卖盘
14:42:39	13.21	0.01	73	96433	买盘
14:42:36	13.2	--	58	76560	卖盘
14:42:33	13.2	--	32	42240	卖盘
14:42:30	13.2	-0.01	45	59400	卖盘
14:42:27	13.21	--	33	43593	买盘
14:42:21	13.21	0.01	73	96433	买盘
14:42:18	13.2	-0.01	48	63360	卖盘
14:42:15	13.21	0.01	10	13210	买盘
14:42:12	13.2	--	49	64680	卖盘
14:42:06	13.2	-0.01	13	17160	卖盘
14:42:03	13.21	0.01	19	25099	买盘
14:42:00	13.2	-0.01	12	15840	卖盘
14:41:57	13.21	--	11	14531	买盘
14:41:51	13.21	--	95	125495	卖盘
14:41:48	13.21	--	17	22457	卖盘
14:41:45	13.21	--	20	26420	卖盘
14:41:42	13.21	--	73	96433	卖盘
14:41:39	13.21	--	63	83223	卖盘
14:41:36	13.21	--	20	26420	卖盘
14:41:33	13.21	--	19	25099	卖盘
14:41:30	13.21	-0.01	64	84544	卖盘
14:41:27	13.22	0.01	18	23796	买盘
14:41:24	13.21	--	5	6605	卖盘
14:41:21	13.21	--	9	11889	卖盘
14:41:18	13.21	--	110	145310	卖盘
14:41:12	13.21	-0.01	525	693525	卖盘
14:41:09	13.22	--	38	50236	买盘
14:41:06	13.22	--	2	2644	卖盘
14:41:03	13.22	0.01	118	155996	买盘
14:41:00	13.21	-0.01	9	11889	卖盘
14:40:57	13.22	0.01	4	5288	买盘
14:40:54	13.21	-0.01	18	23778	卖盘
14:40:51	13.22	--	10	13220	买盘
14:40:48	13.22	--	52	68744	买盘
14:40:45	13.22	0.01	6	7932	买盘
14:40:42	13.21	-0.01	40	52840	卖盘
14:40:39	13.22	0.01	49	64778	买盘
14:40:36	13.21	-0.01	98	129458	卖盘
14:40:33	13.22	--	25	33050	买盘
14:40:30	13.22	--	33	43626	买盘
14:40:27	13.22	--	23	30406	买盘
14:40:24	13.22	--	40	52880	买盘
14:40:21	13.22	--	1	1322	买盘
14:40:18	13.22	--	103	136166	买盘
14:40:12	13.22	--	3	3966	买盘
14:40:06	13.22	--	8	10576	卖盘
14:40:00	13.22	0.01	1	1322	买盘
14:39:54	13.21	-0.01	9	11889	卖盘
14:39:51	13.22	0.01	41	54202	买盘
14:39:48	13.21	-0.01	78	103038	卖盘
14:39:45	13.22	--	3	3966	买盘
14:39:42	13.22	--	14	18508	卖盘
14:39:39	13.22	--	47	62134	卖盘
14:39:33	13.22	--	9	11898	卖盘
14:39:30	13.22	0.01	54	71388	中性盘
14:39:27	13.21	-0.01	1000	1321000	卖盘
14:39:24	13.22	--	100	132200	卖盘
14:39:18	13.22	--	22	29084	卖盘
14:39:15	13.22	-0.01	24	31728	卖盘
14:39:12	13.23	0.01	35	46305	买盘
14:39:06	13.22	-0.01	68	89896	卖盘
14:39:03	13.23	0.01	33	43659	买盘
14:39:00	13.22	-0.01	3	3966	卖盘
14:38:54	13.23	0.01	105	138915	买盘
14:38:51	13.22	-0.01	37	48914	卖盘
14:38:48	13.23	--	10	13230	买盘
14:38:42	13.23	--	5	6615	买盘
14:38:39	13.23	--	27	35721	买盘
14:38:36	13.23	--	22	29106	买盘
14:38:33	13.23	--	487	644301	卖盘
14:38:30	13.23	-0.01	64	84672	卖盘
14:38:24	13.24	0.01	15	19860	买盘
14:38:21	13.23	--	5	6615	卖盘
14:38:18	13.23	--	11	14553	卖盘
14:38:15	13.23	-0.01	2	2646	卖盘
14:38:12	13.24	0.01	24	31776	买盘
14:38:09	13.23	-0.01	30	39690	卖盘
14:38:06	13.24	--	14	18536	买盘
14:38:03	13.24	--	62	82088	买盘
14:38:00	13.24	0.01	140	185360	买盘
14:37:57	13.23	--	17	22491	卖盘
14:37:54	13.23	-0.01	19	25137	卖盘
14:37:48	13.24	0.01	9	11916	买盘
14:37:42	13.23	--	3	3969	买盘
14:37:39	13.23	--	5	6615	买盘
14:37:36	13.23	-0.01	1502	1987146	卖盘
14:37:33	13.24	--	37	48988	买盘
14:37:30	13.24	0.01	30	39720	买盘
14:37:24	13.23	-0.01	54	71442	卖盘
14:37:21	13.24	0.01	1	1324	买盘
14:37:18	13.23	--	50	66150	卖盘
14:37:12	13.23	-0.01	19	25137	卖盘
14:37:06	13.24	0.01	10	13240	买盘
14:36:57	13.23	--	22	29106	卖盘
14:36:51	13.23	-0.02	51	67473	卖盘
14:36:48	13.25	0.01	13	17225	买盘
14:36:45	13.24	-0.01	7	9268	买盘
14:36:42	13.25	0.02	15	19875	买盘
14:36:39	13.23	--	50	66150	卖盘
14:36:24	13.23	-0.02	81	107163	卖盘
14:36:18	13.25	--	21	27825	买盘
14:36:09	13.25	0.02	169	223925	买盘
14:36:06	13.23	--	9	11907	卖盘
14:35:57	13.23	-0.02	606	801738	卖盘
14:35:51	13.25	0.02	100	132500	买盘
14:35:48	13.23	-0.02	150	198450	卖盘
14:35:45	13.25	--	2	2650	买盘
14:35:42	13.25	0.02	4	5300	买盘
14:35:39	13.23	-0.01	338	447174	卖盘
14:35:36	13.24	-0.01	5	6620	卖盘
14:35:33	13.25	0.01	16	21200	买盘
14:35:30	13.24	--	77	101948	卖盘
14:35:27	13.24	--	5	6620	卖盘
14:35:24	13.24	--	48	63552	卖盘
14:35:21	13.24	--	23	30452	卖盘
14:35:15	13.24	0.01	53	70172	买盘
14:35:12	13.23	--	4	5292	卖盘
14:35:06	13.23	-0.01	38	51253	卖盘
14:35:03	13.24	--	2	2648	买盘
14:34:57	13.24	--	1	1324	买盘
14:34:54	13.24	-0.01	8	10592	买盘
14:34:51	13.25	0.02	3	3975	买盘
14:34:48	13.23	--	20	26460	卖盘
14:34:42	13.23	-0.01	13	17199	卖盘
14:34:36	13.24	--	22	29128	买盘
14:34:33	13.24	0.01	88	116512	买盘
14:34:30	13.23	-0.01	5	6615	卖盘
14:34:27	13.24	--	32	42368	买盘
14:34:24	13.24	0.01	37	48988	买盘
14:34:18	13.23	-0.01	16	21168	卖盘
14:34:12	13.24	0.01	20	26480	买盘
14:34:09	13.23	-0.01	3	3969	卖盘
14:34:06	13.24	0.01	4	5296	买盘
14:34:03	13.23	--	20	26460	卖盘
14:34:00	13.23	-0.01	12	15876	卖盘
14:33:57	13.24	0.01	30	39720	买盘
14:33:54	13.23	-0.01	22	29106	卖盘
14:33:51	13.24	0.01	10	13240	买盘
14:33:45	13.23	-0.01	204	269892	卖盘
14:33:42	13.24	--	1	1324	买盘
14:33:39	13.24	0.01	34	45016	买盘
14:33:33	13.23	--	3	3969	卖盘
14:33:30	13.23	0.01	1	1323	卖盘
14:33:27	13.22	-0.02	1	1322	卖盘
14:33:24	13.24	0.02	29	38396	买盘
14:33:21	13.22	-0.02	528	698016	卖盘
14:33:18	13.24	0.02	90	119160	买盘
14:33:15	13.22	-0.01	11	14542	卖盘
14:33:12	13.23	0.01	198	261954	买盘
14:33:09	13.22	--	12	15864	卖盘
14:33:03	13.22	--	6	7932	卖盘
14:32:54	13.22	-0.01	40	52880	卖盘
14:32:51	13.23	0.01	113	149499	买盘
14:32:48	13.22	-0.01	12	15864	卖盘
14:32:42	13.23	0.01	333	440559	买盘
14:32:36	13.22	-0.01	2	2644	卖盘
14:32:33	13.23	0.01	21	27783	买盘
14:32:30	13.22	-0.01	85	112370	卖盘
14:32:27	13.23	0.01	37	48951	买盘
14:32:24	13.22	--	2	2644	卖盘
14:32:21	13.22	--	8	10576	卖盘
14:32:18	13.22	-0.01	205	271010	卖盘
14:32:15	13.23	0.01	4	5292	买盘
14:32:12	13.22	--	8	10576	卖盘
14:32:09	13.22	-0.01	20	26440	卖盘
14:32:03	13.23	0.01	4	5292	买盘
14:32:00	13.22	-0.01	11	14542	卖盘
14:31:57	13.23	--	45	59535	买盘
14:31:54	13.23	--	16	21168	买盘
14:31:51	13.23	--	14	18522	买盘
14:31:48	13.23	--	7	9261	买盘
14:31:42	13.23	--	1	1323	买盘
14:31:39	13.23	--	17	22491	卖盘
14:31:36	13.23	--	73	96579	卖盘
14:31:33	13.23	-0.01	1	1323	卖盘
14:31:24	13.24	0.01	64	84736	买盘
14:31:21	13.23	--	5	6615	买盘
14:31:18	13.23	--	82	108486	买盘
14:31:15	13.23	--	59	78057	买盘
14:31:12	13.23	-0.01	883	1168209	卖盘
14:31:09	13.24	0.01	6	7944	买盘
14:31:06	13.23	-0.01	127	168021	卖盘
14:31:00	13.24	--	62	82088	买盘
14:30:57	13.24	--	3	3972	买盘
14:30:54	13.24	--	56	74144	买盘
14:30:48	13.24	--	41	54284	卖盘
14:30:39	13.24	-0.01	7	9268	卖盘
14:30:33	13.25	--	10	13250	买盘
14:30:30	13.25	--	9	11925	买盘
14:30:24	13.25	--	47	62275	买盘
14:30:21	13.25	--	5	6625	买盘
14:30:18	13.25	--	7	9275	买盘
14:30:15	13.25	0.02	20	26500	买盘
14:30:12	13.23	-0.01	15	19845	卖盘
14:30:09	13.24	-0.01	1	1324	中性盘
14:30:00	13.25	--	19	25175	买盘
14:29:51	13.25	0.02	38	50350	买盘
14:29:42	13.23	-0.01	76	100548	卖盘
14:29:39	13.24	-0.01	60	79440	卖盘
14:29:36	13.25	--	19	25175	买盘
14:29:30	13.25	0.02	64	84800	买盘
14:29:27	13.23	-0.02	50	66150	卖盘
14:29:24	13.25	0.01	137	181525	买盘
14:29:21	13.24	--	16	21184	买盘
14:29:18	13.24	--	22	29128	买盘
14:29:15	13.24	--	3	3972	买盘
14:29:12	13.24	-0.01	45	59580	卖盘
14:29:09	13.25	0.01	8	10600	买盘
14:29:06	13.24	--	5	6620	卖盘
14:29:03	13.24	--	44	58256	卖盘
14:29:00	13.24	-0.01	15	19860	卖盘
14:28:54	13.25	0.01	25	33125	买盘
14:28:51	13.24	-0.01	64	84736	卖盘
14:28:45	13.25	0.01	53	70225	买盘
14:28:42	13.24	--	9	11916	卖盘
14:28:39	13.24	-0.01	1	1324	卖盘
14:28:36	13.25	0.01	2	2650	买盘
14:28:33	13.24	--	10	13240	卖盘
14:28:27	13.24	--	40	52960	卖盘
14:28:24	13.24	-0.01	215	284660	卖盘
14:28:21	13.25	--	33	43725	买盘
14:28:18	13.25	--	20	26500	买盘
14:28:15	13.25	0.01	5	6625	买盘
14:28:12	13.24	-0.01	52	68848	卖盘
14:28:09	13.25	0.01	32	42400	买盘
14:28:06	13.24	-0.01	5	6620	卖盘
14:28:03	13.25	0.01	358	474350	买盘
14:28:00	13.24	-0.01	7	9268	卖盘
14:27:57	13.25	0.01	5	6625	买盘
14:27:48	13.24	--	14	18536	卖盘
14:27:42	13.24	-0.01	17	22508	卖盘
14:27:39	13.25	--	8	10600	买盘
14:27:36	13.25	0.01	25	33125	买盘
14:27:30	13.24	--	5	6620	卖盘
14:27:27	13.24	-0.01	50	66200	卖盘
14:27:24	13.25	0.01	45	59625	买盘
14:27:18	13.24	--	16	21184	卖盘
14:27:12	13.24	-0.01	71	94004	买盘
14:27:03	13.25	0.02	15	19875	买盘
14:27:00	13.23	--	1	1323	卖盘
14:26:57	13.23	--	29	38367	卖盘
14:26:54	13.23	--	19	25137	卖盘
14:26:51	13.23	--	33	43659	卖盘
14:26:48	13.23	--	43	56889	卖盘
14:26:42	13.23	--	23	30429	卖盘
14:26:39	13.23	--	688	910224	卖盘
14:26:36	13.23	--	10	13230	卖盘
14:26:33	13.23	-0.01	6	7938	卖盘
14:26:27	13.24	0.01	50	66200	买盘
14:26:24	13.23	--	34	44982	卖盘
14:26:21	13.23	0.01	62	82026	买盘
14:26:18	13.22	--	90	118980	卖盘
14:26:12	13.22	--	57	75354	卖盘
14:26:09	13.22	-0.01	1	1322	卖盘
14:26:06	13.23	--	81	107163	买盘
14:26:03	13.23	--	38	50274	买盘
14:26:00	13.23	0.01	56	74088	买盘
14:25:57	13.22	--	21	27762	卖盘
14:25:54	13.22	-0.01	62	82413	卖盘
14:25:51	13.23	0.01	85	112455	买盘
14:25:48	13.22	-0.01	31	40982	卖盘
14:25:45	13.23	0.01	290	383670	买盘
14:25:42	13.22	--	108	142776	卖盘
14:25:39	13.22	--	16	21152	卖盘
14:25:36	13.22	-0.01	45	59490	卖盘
14:25:33	13.23	--	9	11907	买盘
14:25:30	13.23	--	22	29106	买盘
14:25:27	13.23	--	68	89964	买盘
14:25:21	13.23	0.01	67	88641	买盘
14:25:18	13.22	--	81	107082	卖盘
14:25:15	13.22	--	47	62134	卖盘
14:25:12	13.22	--	12	15864	卖盘
14:25:09	13.22	-0.01	20	26440	卖盘
14:25:06	13.23	--	46	60858	买盘
14:25:03	13.23	0.01	41	54243	买盘
14:25:00	13.22	--	14	18508	卖盘
14:24:57	13.22	--	41	54202	卖盘
14:24:54	13.22	-0.01	26	34372	卖盘
14:24:51	13.23	0.01	79	104517	买盘
14:24:48	13.22	-0.01	49	64778	卖盘
14:24:45	13.23	0.01	20	26460	买盘
14:24:42	13.22	--	37	48914	卖盘
14:24:39	13.22	--	8	10576	卖盘
14:24:36	13.22	--	10	13220	卖盘
14:24:33	13.22	-0.01	18	23796	卖盘
14:24:30	13.23	--	1	1323	买盘
14:24:24	13.23	0.01	32	42336	买盘
14:24:21	13.22	--	2	2644	卖盘
14:24:18	13.22	-0.01	209	276298	卖盘
14:24:12	13.23	0.01	47	62181	买盘
14:24:09	13.22	-0.01	11	14542	卖盘
14:24:06	13.23	0.01	8	10584	买盘
14:24:03	13.22	-0.01	63	83286	卖盘
14:24:00	13.23	--	8	10584	买盘
14:23:57	13.23	--	50	66150	买盘
14:23:54	13.23	0.01	19	25137	买盘
14:23:51	13.22	-0.02	21	27762	卖盘
14:23:48	13.24	0.01	13	17212	买盘
14:23:45	13.23	--	16	21168	卖盘
14:23:42	13.23	--	20	26460	卖盘
14:23:39	13.23	-0.01	1	1323	卖盘
14:23:36	13.24	0.01	3	3972	买盘
14:23:33	13.23	--	24	31752	卖盘
14:23:30	13.23	-0.01	3	3969	中性盘
14:23:24	13.24	0.01	30	39720	买盘
14:23:21	13.23	--	3	3969	买盘
14:23:18	13.23	--	101	133623	卖盘
14:23:12	13.23	--	17	22491	卖盘
14:23:09	13.23	--	18	23814	卖盘
14:23:06	13.23	-0.01	2	2646	卖盘
14:23:03	13.24	--	2	2648	买盘
14:23:00	13.24	0.01	12	15888	买盘
14:22:57	13.23	--	32	42336	卖盘
14:22:54	13.23	--	7	9261	卖盘
14:22:51	13.23	--	4	5292	卖盘
14:22:48	13.23	--	22	29106	卖盘
14:22:42	13.23	-0.01	6	7938	卖盘
14:22:39	13.24	0.01	10	13240	买盘
14:22:36	13.23	--	200	264600	卖盘
14:22:33	13.23	--	22	29106	卖盘
14:22:27	13.23	-0.01	34	44982	卖盘
14:22:24	13.24	0.01	6	7944	买盘
14:22:18	13.23	--	17	22491	卖盘
14:22:15	13.23	--	23	30429	卖盘
14:22:09	13.23	--	12	15876	卖盘
14:22:06	13.23	--	5	6615	卖盘
14:22:03	13.23	--	2	2646	卖盘
14:21:57	13.23	--	29	38367	卖盘
14:21:48	13.23	-0.01	19	25137	卖盘
14:21:45	13.24	--	50	66200	买盘
14:21:42	13.24	0.02	21	27804	买盘
14:21:36	13.22	-0.02	58	76676	卖盘
14:21:33	13.24	0.01	6	7944	买盘
14:21:30	13.23	-0.01	12	15876	卖盘
14:21:24	13.24	0.01	35	46340	买盘
14:21:21	13.23	0.01	14	18522	中性盘
14:21:18	13.22	-0.01	100	132200	卖盘
14:21:15	13.23	--	108	142884	买盘
14:21:12	13.23	--	52	68796	买盘
14:21:03	13.23	--	46	60858	买盘
14:21:00	13.23	0.01	40	52920	买盘
14:20:57	13.22	-0.01	16	21152	卖盘
14:20:54	13.23	--	5	6615	买盘
14:20:51	13.23	--	14	18522	买盘
14:20:48	13.23	--	1	1323	买盘
14:20:45	13.23	--	80	105840	卖盘
14:20:42	13.23	-0.01	100	132300	卖盘
14:20:39	13.24	--	1	1324	买盘
14:20:36	13.24	--	3	3972	买盘
14:20:33	13.24	0.01	11	14564	买盘
14:20:30	13.23	-0.01	10	13230	卖盘
14:20:27	13.24	--	83	109892	买盘
14:20:24	13.24	0.01	38	50312	买盘
14:20:21	13.23	--	32	42336	卖盘
14:20:18	13.23	-0.01	3	3969	卖盘
14:20:15	13.24	0.01	8	10592	买盘
14:20:12	13.23	-0.01	113	149499	卖盘
14:20:09	13.24	0.01	15	19860	买盘
14:20:03	13.23	--	10	13230	卖盘
14:20:00	13.23	--	21	27783	卖盘
14:19:57	13.23	--	20	26460	卖盘
14:19:51	13.23	--	2	2646	卖盘
14:19:48	13.23	--	27	35721	买盘
14:19:45	13.23	--	4	5292	买盘
14:19:42	13.23	--	3	3969	买盘
14:19:36	13.23	--	31	41013	买盘
14:19:30	13.23	--	12	15876	买盘
14:19:27	13.23	--	72	95256	卖盘
14:19:24	13.23	0.01	9	11907	买盘
14:19:21	13.22	-0.01	15	19830	卖盘
14:19:18	13.23	0.01	25	33075	卖盘
14:19:15	13.22	--	21	27762	卖盘
14:19:09	13.22	-0.02	1	1322	卖盘
14:19:06	13.24	0.01	100	132400	买盘
14:19:03	13.23	0.01	1	1323	买盘
14:18:57	13.22	--	82	108404	卖盘
14:18:54	13.22	-0.01	36	47592	卖盘
14:18:48	13.23	--	30	39690	卖盘
14:18:45	13.23	--	2	2646	卖盘
14:18:42	13.23	--	16	21168	卖盘
14:18:39	13.23	0.01	35	46305	买盘
14:18:33	13.22	-0.01	61	80642	卖盘
14:18:30	13.23	--	5	6615	买盘
14:18:27	13.23	--	15	19845	买盘
14:18:24	13.23	--	30	39690	买盘
14:18:21	13.23	0.01	7	9261	买盘
14:18:18	13.22	--	16	21152	卖盘
14:18:15	13.22	--	18	23796	卖盘
14:18:12	13.22	-0.01	19	25118	卖盘
14:18:09	13.23	0.01	107	141561	买盘
14:18:03	13.22	-0.01	30	39660	卖盘
14:18:00	13.23	--	40	52920	买盘
14:17:57	13.23	--	29	38367	买盘
14:17:54	13.23	--	7	9261	买盘
14:17:51	13.23	--	24	31752	买盘
14:17:45	13.23	0.01	5	6615	买盘
14:17:42	13.22	--	38	50236	卖盘
14:17:39	13.22	-0.01	10	13220	卖盘
14:17:36	13.23	0.01	1	1323	买盘
14:17:30	13.22	--	2	2644	卖盘
14:17:27	13.22	-0.01	13	17186	卖盘
14:17:24	13.23	0.01	44	58212	买盘
14:17:21	13.22	--	2	2644	买盘
14:17:18	13.22	--	10	13220	买盘
14:17:15	13.22	0.01	216	285552	买盘
14:17:12	13.21	-0.01	7	9247	卖盘
14:17:09	13.22	--	25	33050	买盘
14:17:06	13.22	0.01	21	27762	买盘
14:17:03	13.21	-0.01	155	204755	卖盘
14:17:00	13.22	0.01	182	240604	买盘
14:16:57	13.21	-0.01	10	13210	卖盘
14:16:54	13.22	--	60	79320	买盘
14:16:48	13.22	--	38	50236	买盘
14:16:45	13.22	--	7	9254	买盘
14:16:42	13.22	--	5	6610	买盘
14:16:39	13.22	--	31	40982	买盘
14:16:36	13.22	0.01	8	10576	买盘
14:16:33	13.21	-0.01	61	80581	卖盘
14:16:30	13.22	-0.01	428	565816	卖盘
14:16:27	13.23	--	26	34398	买盘
14:16:24	13.23	--	30	39690	买盘
14:16:21	13.23	--	36	47628	卖盘
14:16:18	13.23	--	21	27783	卖盘
14:16:15	13.23	--	18	23814	卖盘
14:16:12	13.23	--	40	52920	卖盘
14:16:06	13.23	--	110	145530	卖盘
14:16:03	13.23	--	19	25137	卖盘
14:16:00	13.23	-0.01	352	465696	卖盘
14:15:57	13.24	0.01	47	62228	买盘
14:15:54	13.23	--	7	9261	卖盘
14:15:51	13.23	-0.01	43	56889	卖盘
14:15:48	13.24	0.01	1	1324	买盘
14:15:45	13.23	-0.01	30	39690	卖盘
14:15:42	13.24	0.01	66	87384	买盘
14:15:39	13.23	--	4	5292	卖盘
14:15:36	13.23	--	46	60858	卖盘
14:15:33	13.23	--	5	6615	卖盘
14:15:30	13.23	--	14	18522	卖盘
14:15:27	13.23	--	50	66150	卖盘
14:15:24	13.23	--	50	66150	卖盘
14:15:21	13.23	--	39	51597	卖盘
14:15:18	13.23	--	23	30429	卖盘
14:15:15	13.23	--	30	39690	卖盘
14:15:09	13.23	-0.01	5	6615	卖盘
14:15:03	13.24	--	1	1324	买盘
14:15:00	13.24	--	204	270096	卖盘
14:14:57	13.24	-0.01	2	2648	卖盘
14:14:54	13.25	0.01	10	13250	买盘
14:14:51	13.24	--	7	9268	卖盘
14:14:48	13.24	--	190	251560	卖盘
14:14:45	13.24	--	60	79440	卖盘
14:14:42	13.24	--	1	1324	卖盘
14:14:39	13.24	-0.01	73	96652	卖盘
14:14:30	13.25	--	17	22525	买盘
14:14:27	13.25	--	14	18550	买盘
14:14:24	13.25	--	53	70225	卖盘
14:14:21	13.25	--	76	100700	卖盘
14:14:18	13.25	--	15	19875	卖盘
14:14:15	13.25	--	4	5300	卖盘
14:14:12	13.25	--	26	34450	卖盘
14:14:09	13.25	--	10	13250	卖盘
14:14:06	13.25	--	130	172250	卖盘
14:14:03	13.25	--	14	18550	卖盘
14:14:00	13.25	--	42	55650	买盘
14:13:57	13.25	0.01	10	13250	买盘
14:13:51	13.24	-0.01	4	5296	卖盘
14:13:48	13.25	0.01	21	27825	买盘
14:13:45	13.24	-0.01	26	34424	卖盘
14:13:42	13.25	--	32	42400	买盘
14:13:39	13.25	--	14	18550	买盘
14:13:36	13.25	0.01	19	25175	中性盘
14:13:33	13.24	-0.01	20	26480	卖盘
14:13:30	13.25	-0.01	32	42400	中性盘
14:13:24	13.26	0.02	29	38454	买盘
14:13:21	13.24	--	2	2648	卖盘
14:13:18	13.24	--	60	79440	卖盘
14:13:15	13.24	--	3	3972	卖盘
14:13:06	13.24	-0.01	7	9268	卖盘
14:13:03	13.25	--	17	22525	卖盘
14:13:00	13.25	--	10	13250	卖盘
14:12:54	13.25	--	198	262350	买盘
14:12:51	13.25	--	165	218625	买盘
14:12:48	13.25	--	2	2650	买盘
14:12:45	13.25	0.01	25	33125	买盘
14:12:39	13.24	--	2	2648	卖盘
14:12:33	13.24	--	33	43692	卖盘
14:12:30	13.24	--	214	283336	卖盘
14:12:27	13.24	-0.01	9	11916	卖盘
14:12:24	13.25	0.01	81	107325	买盘
14:12:18	13.24	-0.01	1	1324	卖盘
14:12:15	13.25	--	4	5300	买盘
14:12:09	13.25	0.01	37	49025	卖盘
14:12:06	13.24	-0.01	58	76792	卖盘
14:12:03	13.25	--	43	56975	卖盘
14:12:00	13.25	-0.01	5	6625	中性盘
14:11:51	13.26	0.01	70	93071	买盘
14:11:45	13.25	--	2	2650	卖盘
14:11:42	13.25	--	5	6625	卖盘
14:11:36	13.25	-0.01	15	19875	卖盘
14:11:33	13.26	0.01	9	11934	买盘
14:11:27	13.25	-0.01	33	43725	卖盘
14:11:24	13.26	0.01	24	31824	买盘
14:11:18	13.25	-0.01	45	59625	卖盘
14:11:09	13.26	--	51	67626	买盘
14:11:06	13.26	--	24	31824	买盘
14:11:03	13.26	--	20	26520	卖盘
14:10:57	13.26	--	19	25194	买盘
14:10:54	13.26	0.01	23	30498	买盘
14:10:51	13.25	--	2	2650	卖盘
14:10:48	13.25	--	6	7950	卖盘
14:10:42	13.25	--	82	108650	卖盘
14:10:39	13.25	--	339	449175	卖盘
14:10:36	13.25	--	15	19875	卖盘
14:10:33	13.25	-0.01	9	11925	卖盘
14:10:30	13.26	0.01	40	53040	买盘
14:10:27	13.25	--	63	83475	卖盘
14:10:24	13.25	-0.01	192	254400	卖盘
14:10:21	13.26	0.01	1	1326	买盘
14:10:18	13.25	--	49	64925	卖盘
14:10:15	13.25	-0.01	6	7950	卖盘
14:10:12	13.26	--	2	2652	买盘
14:10:09	13.26	0.01	2	2652	买盘
14:10:06	13.25	-0.01	24	31800	卖盘
14:10:03	13.26	--	29	38454	买盘
14:09:54	13.26	-0.01	53	70278	卖盘
14:09:48	13.27	--	20	26540	买盘
14:09:45	13.27	--	13	17251	买盘
14:09:42	13.27	0.01	5	6635	买盘
14:09:39	13.26	-0.01	10	13260	卖盘
14:09:33	13.27	--	8	10616	买盘
14:09:27	13.27	--	30	39810	买盘
14:09:24	13.27	0.01	357	473739	买盘
14:09:21	13.26	--	11	14586	卖盘
14:09:18	13.26	--	10	13260	卖盘
14:09:15	13.26	-0.01	100	132600	卖盘
14:09:12	13.27	--	14	18578	买盘
14:09:03	13.27	--	8	10616	买盘
14:08:57	13.27	0.01	28	37156	买盘
14:08:54	13.26	-0.01	1	1326	卖盘
14:08:51	13.27	--	39	51753	买盘
14:08:48	13.27	--	10	13270	买盘
14:08:39	13.27	0.01	1	1327	买盘
14:08:36	13.26	-0.01	18	23868	卖盘
14:08:33	13.27	--	9	11943	买盘
14:08:30	13.27	--	62	82274	买盘
14:08:27	13.27	--	39	51753	买盘
14:08:21	13.27	0.01	2	2654	买盘
14:08:18	13.26	--	32	42432	卖盘
14:08:15	13.26	-0.01	2	2652	卖盘
14:08:12	13.27	--	14	18578	买盘
14:08:06	13.27	--	112	148624	买盘
14:08:03	13.27	0.01	8	10616	买盘
14:08:00	13.26	--	2	2652	卖盘
14:07:57	13.26	--	5	6630	卖盘
14:07:54	13.26	--	80	106080	卖盘
14:07:51	13.26	--	162	214812	卖盘
14:07:48	13.26	-0.01	1	1326	卖盘
14:07:42	13.27	--	53	70331	买盘
14:07:39	13.27	0.01	9	11943	买盘
14:07:33	13.26	--	11	14586	卖盘
14:07:30	13.26	-0.01	39	51714	卖盘
14:07:27	13.27	--	10	13270	买盘
14:07:24	13.27	--	37	49099	买盘
14:07:21	13.27	0.01	20	26540	买盘
14:07:18	13.26	-0.01	73	96798	卖盘
14:07:09	13.27	0.01	27	35829	买盘
14:07:06	13.26	--	25	33150	卖盘
14:07:03	13.26	-0.01	53	70278	卖盘
14:06:54	13.27	--	3	3981	买盘
14:06:51	13.27	0.01	71	94217	买盘
14:06:48	13.26	-0.01	1	1326	卖盘
14:06:39	13.27	0.01	10	13270	买盘
14:06:36	13.26	-0.01	22	29172	卖盘
14:06:30	13.27	0.02	15	19905	买盘
14:06:24	13.25	-0.02	47	62924	卖盘
14:06:21	13.27	0.02	136	180896	买盘
14:06:18	13.25	-0.02	29	38425	卖盘
14:06:15	13.27	0.01	50	66350	买盘
14:06:12	13.26	-0.01	8	10608	卖盘
14:06:09	13.27	0.02	375	497625	买盘
14:06:06	13.25	-0.01	25	33125	卖盘
14:06:00	13.26	--	8	10608	买盘
14:05:57	13.26	0.01	114	151164	买盘
14:05:51	13.25	--	42	55650	卖盘
14:05:48	13.25	--	30	39750	卖盘
14:05:45	13.25	--	92	121900	卖盘
14:05:42	13.25	--	10	13250	卖盘
14:05:36	13.25	-0.01	35	46375	卖盘
14:05:33	13.26	0.01	8	10608	买盘
14:05:30	13.25	-0.01	2	2650	卖盘
14:05:24	13.26	0.01	44	58344	买盘
14:05:21	13.25	--	10	13250	卖盘
14:05:15	13.25	-0.01	5	6625	卖盘
14:05:03	13.26	--	49	64974	买盘
14:04:57	13.26	--	53	70278	买盘
14:04:51	13.26	--	64	84864	买盘
14:04:48	13.26	--	4	5304	买盘
14:04:45	13.26	--	10	13260	买盘
14:04:42	13.26	--	360	477360	买盘
14:04:39	13.26	--	78	103428	买盘
14:04:36	13.26	0.01	23	30498	买盘
14:04:33	13.25	-0.01	8	10600	卖盘
14:04:30	13.26	--	95	125970	买盘
14:04:27	13.26	0.01	55	72930	买盘
14:04:18	13.25	-0.01	2	2650	卖盘
14:04:15	13.26	--	35	46410	买盘
14:04:12	13.26	0.01	59	78234	买盘
14:04:09	13.25	-0.01	3	3975	卖盘
14:04:06	13.26	0.01	3	3978	买盘
14:04:03	13.25	-0.01	66	87450	卖盘
14:04:00	13.26	--	8	10608	买盘
14:03:57	13.26	0.01	1	1326	买盘
14:03:54	13.25	-0.01	9	11925	卖盘
14:03:51	13.26	--	55	72930	买盘
14:03:45	13.26	--	1	1326	买盘
14:03:42	13.26	--	20	26520	买盘
14:03:36	13.26	--	8	10608	买盘
14:03:33	13.26	0.01	9	11934	买盘
14:03:30	13.25	--	7	9275	卖盘
14:03:21	13.25	-0.01	5	6625	卖盘
14:03:18	13.26	0.01	1	1326	买盘
14:03:15	13.25	--	8	10600	卖盘
14:03:09	13.25	--	6	7950	卖盘
14:03:06	13.25	-0.01	88	116600	卖盘
14:03:03	13.26	--	10	13260	买盘
14:03:00	13.26	0.01	8	10608	买盘
14:02:57	13.25	-0.01	7	9275	卖盘
14:02:54	13.26	0.01	21	27846	买盘
14:02:51	13.25	-0.01	10	13250	卖盘
14:02:48	13.26	0.01	13	17238	买盘
14:02:45	13.25	-0.01	17	22525	卖盘
14:02:42	13.26	--	21	27846	买盘
14:02:39	13.26	--	10	13260	买盘
14:02:36	13.26	0.01	18	23868	买盘
14:02:33	13.25	-0.01	12	15900	卖盘
14:02:30	13.26	--	3	3978	买盘
14:02:27	13.26	--	1	1326	买盘
14:02:21	13.26	--	6	7956	卖盘
14:02:18	13.26	0.01	2	2652	中性盘
14:02:09	13.25	-0.01	124	164300	卖盘
14:02:06	13.26	0.01	22	29172	买盘
14:02:03	13.25	-0.01	1	1325	卖盘
14:02:00	13.26	--	10	13260	买盘
14:01:57	13.26	0.01	37	49062	买盘
14:01:54	13.25	--	3	3975	卖盘
14:01:48	13.25	-0.01	20	26500	卖盘
14:01:45	13.26	--	25	33150	买盘
14:01:39	13.26	--	12	15912	买盘
14:01:36	13.26	--	45	59670	卖盘
14:01:33	13.26	-0.01	54	71604	卖盘
14:01:30	13.27	0.01	2	2654	买盘
14:01:27	13.26	--	40	53040	卖盘
14:01:24	13.26	--	16	21216	卖盘
14:01:21	13.26	--	5	6630	卖盘
14:01:15	13.26	--	2	2652	卖盘
14:01:06	13.26	-0.01	6	7956	卖盘
14:01:03	13.27	0.01	4	5308	买盘
14:00:57	13.26	-0.01	5	6630	卖盘
14:00:54	13.27	0.01	10	13270	买盘
14:00:51	13.26	-0.01	10	13260	卖盘
14:00:48	13.27	--	14	18578	买盘
14:00:45	13.27	0.01	7	9289	买盘
14:00:42	13.26	-0.01	26	34476	卖盘
14:00:39	13.27	--	5	6635	买盘
14:00:36	13.27	0.01	102	135354	买盘
14:00:33	13.26	-0.01	3	3978	卖盘
14:00:30	13.27	--	2	2654	买盘
14:00:27	13.27	0.01	20	26540	买盘
14:00:24	13.26	-0.01	500	663000	卖盘
14:00:18	13.27	--	15	19905	买盘
14:00:15	13.27	--	14	18578	买盘
14:00:12	13.27	0.01	5	6635	买盘
14:00:00	13.26	--	4	5304	卖盘
13:59:57	13.26	-0.01	2	2652	卖盘
13:59:51	13.27	0.01	6	7962	买盘
13:59:48	13.26	-0.01	30	39780	卖盘
13:59:42	13.27	0.01	7	9289	买盘
13:59:39	13.26	-0.01	22	29172	卖盘
13:59:33	13.27	0.01	10	13270	买盘
13:59:30	13.26	-0.01	1	1326	卖盘
13:59:27	13.27	--	7	9289	买盘
13:59:24	13.27	--	13	17251	买盘
13:59:21	13.27	--	37	49099	买盘
13:59:18	13.27	--	21	27867	买盘
13:59:12	13.27	--	5	6635	买盘
13:59:03	13.27	--	3	3981	买盘
13:59:00	13.27	0.01	4	5308	买盘
13:58:57	13.26	-0.01	1	1326	卖盘
13:58:54	13.27	--	14	18578	买盘
13:58:48	13.27	--	47	62369	卖盘
13:58:45	13.27	-0.01	11	14597	卖盘
13:58:42	13.28	0.01	1	1328	买盘
13:58:36	13.27	-0.01	6	7962	卖盘
13:58:33	13.28	0.01	14	18592	买盘
13:58:30	13.27	--	4	5308	卖盘
13:58:27	13.27	--	7	9289	卖盘
13:58:24	13.27	-0.01	100	132700	卖盘
13:58:21	13.28	0.01	14	18592	买盘
13:58:18	13.27	0.01	9	11943	买盘
13:58:15	13.26	-0.01	171	226746	卖盘
13:58:12	13.27	--	23	30521	买盘
13:58:06	13.27	--	10	13270	买盘
13:58:03	13.27	--	20	26540	买盘
13:57:57	13.27	--	7	9289	买盘
13:57:54	13.27	--	132	175164	买盘
13:57:48	13.27	0.01	113	149951	买盘
13:57:45	13.26	-0.01	10	13260	卖盘
13:57:42	13.27	0.01	28	37156	买盘
13:57:39	13.26	--	62	82212	卖盘
13:57:21	13.26	--	18	23868	卖盘
13:57:12	13.26	--	55	72930	卖盘
13:57:09	13.26	--	9	11934	卖盘
13:57:03	13.26	--	10	13260	卖盘
13:57:00	13.26	-0.01	25	33150	卖盘
13:56:57	13.27	0.01	26	34502	买盘
13:56:45	13.26	--	7	9282	卖盘
13:56:42	13.26	0.01	108	143208	买盘
13:56:39	13.25	-0.01	29	38425	卖盘
13:56:33	13.26	0.01	20	26520	买盘
13:56:30	13.25	-0.01	12	15900	卖盘
13:56:27	13.26	--	34	45084	买盘
13:56:24	13.26	0.01	10	13260	买盘
13:56:18	13.25	--	60	79500	卖盘
13:56:09	13.25	--	20	26500	卖盘
13:56:06	13.25	--	7	9275	卖盘
13:56:00	13.25	--	2	2650	卖盘
13:55:57	13.25	--	2	2650	卖盘
13:55:45	13.25	-0.01	30	39750	卖盘
13:55:42	13.26	0.01	6	7956	买盘
13:55:39	13.25	-0.01	5	6625	卖盘
13:55:36	13.26	0.01	220	291720	买盘
13:55:30	13.25	-0.01	67	88775	卖盘
13:55:24	13.26	--	2	2652	买盘
13:55:21	13.26	--	20	26520	买盘
13:55:15	13.26	--	2	2652	买盘
13:55:09	13.26	--	2	2652	买盘
13:55:03	13.26	--	21	27846	买盘
13:55:00	13.26	0.01	100	132600	买盘
13:54:57	13.25	-0.01	47	62275	卖盘
13:54:51	13.26	0.01	3	3978	买盘
13:54:45	13.25	-0.01	51	67575	卖盘
13:54:39	13.26	--	1	1326	买盘
13:54:36	13.26	0.01	15	19890	买盘
13:54:33	13.25	-0.01	11	14575	卖盘
13:54:30	13.26	0.01	85	112710	买盘
13:54:27	13.25	--	10	13250	卖盘
13:54:24	13.25	-0.01	1	1325	卖盘
13:54:21	13.26	--	22	29172	买盘
13:54:12	13.26	0.01	12	15912	买盘
13:54:09	13.25	--	10	13250	卖盘
13:54:06	13.25	-0.01	25	33125	卖盘
13:54:03	13.26	--	23	30498	买盘
13:54:00	13.26	0.01	24	31824	买盘
13:53:57	13.25	--	14	18550	卖盘
13:53:51	13.25	-0.01	28	37100	卖盘
13:53:48	13.26	--	5	6630	买盘
13:53:45	13.26	0.01	90	119340	买盘
13:53:42	13.25	--	24	31800	卖盘
13:53:36	13.25	-0.01	2	2650	卖盘
13:53:27	13.26	--	10	13260	买盘
13:53:24	13.26	0.01	3	3978	买盘
13:53:21	13.25	--	1	1325	卖盘
13:53:18	13.25	--	12	15900	卖盘
13:53:15	13.25	--	28	37100	卖盘
13:53:12	13.25	-0.01	100	132500	卖盘
13:53:06	13.26	0.01	3	3978	买盘
13:53:03	13.25	--	21	27825	卖盘
13:53:00	13.25	--	91	120575	卖盘
13:52:57	13.25	-0.01	20	26500	卖盘
13:52:51	13.26	0.01	15	19890	买盘
13:52:42	13.25	--	41	54325	卖盘
13:52:39	13.25	--	8	10600	卖盘
13:52:33	13.25	--	3	3975	卖盘
13:52:30	13.25	--	25	33125	卖盘
13:52:27	13.25	--	38	50350	卖盘
13:52:21	13.25	--	3	3975	卖盘
13:52:18	13.25	--	2	2650	卖盘
13:52:15	13.25	--	6	7950	卖盘
13:52:03	13.25	-0.01	35	46375	卖盘
13:52:00	13.26	--	12	15912	买盘
13:51:57	13.26	--	20	26520	买盘
13:51:54	13.26	0.01	6	7956	买盘
13:51:51	13.25	-0.01	6	7950	卖盘
13:51:48	13.26	--	15	19890	买盘
13:51:39	13.26	0.01	11	14586	买盘
13:51:33	13.25	-0.01	3	3975	卖盘
13:51:27	13.26	--	12	15912	买盘
13:51:21	13.26	0.01	2	2652	买盘
13:51:18	13.25	-0.01	16	21200	卖盘
13:51:15	13.26	--	2	2652	买盘
13:51:12	13.26	--	77	102102	买盘
13:51:03	13.26	0.01	21	27846	买盘
13:51:00	13.25	-0.01	43	56975	卖盘
13:50:57	13.26	--	3	3978	买盘
13:50:54	13.26	--	39	51714	买盘
13:50:51	13.26	--	123	163098	买盘
13:50:45	13.26	--	9	11934	买盘
13:50:42	13.26	--	30	39780	买盘
13:50:39	13.26	--	16	21216	买盘
13:50:36	13.26	0.01	23	30498	买盘
13:50:30	13.25	--	40	53000	卖盘
13:50:27	13.25	-0.01	5	6625	卖盘
13:50:24	13.26	--	1	1326	买盘
13:50:21	13.26	0.01	20	26520	买盘
13:50:18	13.25	-0.01	35	46375	卖盘
13:50:12	13.26	0.01	2	2652	买盘
13:50:09	13.25	-0.01	8	10600	卖盘
13:50:06	13.26	0.01	17	22542	买盘
13:49:57	13.25	-0.01	10	13250	卖盘
13:49:54	13.26	--	23	30498	买盘
13:49:51	13.26	--	5	6630	买盘
13:49:45	13.26	--	23	30498	买盘
13:49:42	13.26	--	117	155142	卖盘
13:49:39	13.26	--	6	7956	卖盘
13:49:36	13.26	--	15	19890	卖盘
13:49:33	13.26	--	6	7956	卖盘
13:49:27	13.26	--	3	3978	卖盘
13:49:15	13.26	--	33	43758	卖盘
13:49:12	13.26	--	11	14586	买盘
13:49:09	13.26	--	87	115362	买盘
13:49:06	13.26	0.01	8	10608	买盘
13:49:03	13.25	-0.02	39	51675	卖盘
13:48:54	13.27	0.01	2	2654	买盘
13:48:51	13.26	--	43	57018	卖盘
13:48:42	13.26	0.01	57	75582	买盘
13:48:39	13.25	--	7	9275	卖盘
13:48:36	13.25	--	7	9275	卖盘
13:48:33	13.25	-0.01	199	263675	卖盘
13:48:24	13.26	0.01	5	6630	买盘
13:48:21	13.25	-0.01	5	6625	中性盘
13:48:18	13.26	0.01	23	30498	买盘
13:48:15	13.25	--	5	6625	买盘
13:48:12	13.25	-0.01	37	49025	卖盘
13:48:03	13.26	0.01	5	6630	买盘
13:48:00	13.25	--	5	6625	卖盘
13:47:57	13.25	-0.01	68	90100	卖盘
13:47:54	13.26	--	25	33150	买盘
13:47:51	13.26	--	3	3978	买盘
13:47:42	13.26	0.01	5	6630	买盘
13:47:36	13.25	-0.01	46	60950	卖盘
13:47:30	13.26	0.01	7	9282	买盘
13:47:24	13.25	--	6	7950	卖盘
13:47:18	13.25	--	5	6625	卖盘
13:47:15	13.25	--	11	14575	卖盘
13:47:12	13.25	0.01	24	31800	中性盘
13:47:00	13.24	-0.02	50	66200	卖盘
13:46:57	13.26	0.02	52	68952	买盘
13:46:54	13.24	--	24	31776	卖盘
13:46:51	13.24	--	46	60904	卖盘
13:46:48	13.24	-0.01	9	11916	卖盘
13:46:45	13.25	0.01	5	6625	买盘
13:46:42	13.24	--	99	131076	卖盘
13:46:39	13.24	--	40	52960	买盘
13:46:36	13.24	0.01	54	71496	买盘
13:46:33	13.23	-0.01	49	64827	卖盘
13:46:30	13.24	--	26	34424	买盘
13:46:27	13.24	--	81	107244	买盘
13:46:24	13.24	0.01	35	46340	买盘
13:46:21	13.23	-0.01	43	56889	卖盘
13:46:18	13.24	--	40	52960	买盘
13:46:15	13.24	--	1	1324	买盘
13:46:12	13.24	--	13	17212	买盘
13:46:09	13.24	0.01	21	27804	买盘
13:46:06	13.23	--	13	17199	卖盘
13:46:03	13.23	-0.01	17	22491	卖盘
13:46:00	13.24	--	51	67524	买盘
13:45:57	13.24	--	35	46340	买盘
13:45:54	13.24	--	2	2648	买盘
13:45:51	13.24	--	10	13240	买盘
13:45:48	13.24	--	57	75468	买盘
13:45:45	13.24	--	52	68848	买盘
13:45:42	13.24	--	59	78116	买盘
13:45:39	13.24	0.01	12	15888	买盘
13:45:36	13.23	-0.01	91	120393	卖盘
13:45:33	13.24	--	1	1324	买盘
13:45:30	13.24	0.01	89	117836	买盘
13:45:27	13.23	-0.01	2	2646	卖盘
13:45:24	13.24	0.01	34	45016	买盘
13:45:21	13.23	--	93	123039	卖盘
13:45:18	13.23	0.01	121	160083	买盘
13:45:15	13.22	-0.01	44	58168	卖盘
13:45:12	13.23	--	73	96579	买盘
13:45:09	13.23	0.01	44	58212	买盘
13:45:06	13.22	--	115	152030	卖盘
13:45:03	13.22	--	1	1322	卖盘
13:45:00	13.22	--	10	13220	卖盘
13:44:57	13.22	--	10	13220	卖盘
13:44:54	13.22	-0.01	22	29084	卖盘
13:44:51	13.23	0.01	12	15876	买盘
13:44:45	13.22	--	277	366194	卖盘
13:44:42	13.22	--	3	3966	卖盘
13:44:39	13.22	--	3	3966	卖盘
13:44:36	13.22	0.01	21	27762	买盘
13:44:33	13.21	-0.01	149	196829	卖盘
13:44:30	13.22	--	1	1322	买盘
13:44:27	13.22	0.01	2	2644	卖盘
13:44:24	13.21	-0.01	16	21136	卖盘
13:44:21	13.22	-0.01	163	215486	卖盘
13:44:18	13.23	--	70	92610	卖盘
13:44:15	13.23	--	109	144207	卖盘
13:44:12	13.23	0.01	19	25137	买盘
13:44:09	13.22	-0.01	5	6610	卖盘
13:44:06	13.23	0.03	3	3969	中性盘
13:44:03	13.2	-0.03	2640	3484800	卖盘
13:44:00	13.23	0.01	135	178605	买盘
13:43:57	13.22	--	420	555940	买盘
13:43:54	13.22	--	70	93161	卖盘
13:43:51	13.22	--	85	112370	卖盘
13:43:48	13.22	-0.01	103	136166	卖盘
13:43:45	13.23	0.01	12	15876	买盘
13:43:42	13.22	--	2	2644	卖盘
13:43:39	13.22	-0.02	198	261756	卖盘
13:43:36	13.24	0.01	29	38396	买盘
13:43:30	13.23	--	1	1323	买盘
13:43:27	13.23	-0.01	107	141561	卖盘
13:43:24	13.24	0.01	29	38396	买盘
13:43:18	13.23	-0.01	100	132300	卖盘
13:43:09	13.24	--	52	68848	卖盘
13:43:06	13.24	--	25	33100	卖盘
13:43:03	13.24	--	20	26480	卖盘
13:43:00	13.24	--	21	27804	卖盘
13:42:57	13.24	-0.01	62	82088	卖盘
13:42:54	13.25	--	9	11925	卖盘
13:42:51	13.25	--	14	18550	卖盘
13:42:48	13.25	--	11	14575	卖盘
13:42:45	13.25	--	11	14575	买盘
13:42:42	13.25	--	3	3975	卖盘
13:42:39	13.25	-0.01	3	3975	卖盘
13:42:36	13.26	0.01	15	19890	买盘
13:42:33	13.25	--	3	3975	卖盘
13:42:30	13.25	0.01	1	1325	中性盘
13:42:27	13.24	-0.02	65	86060	卖盘
13:42:24	13.26	0.02	106	140556	买盘
13:42:21	13.24	-0.01	10	13240	卖盘
13:42:18	13.25	0.01	133	176225	买盘
13:42:15	13.24	-0.01	2	2648	卖盘
13:42:12	13.25	-0.01	102	135150	卖盘
13:42:09	13.26	0.01	68	90168	买盘
13:42:06	13.25	-0.01	2	2650	卖盘
13:42:03	13.26	-0.01	14	18564	卖盘
13:42:00	13.27	0.01	10	13270	买盘
13:41:57	13.26	--	8	10608	卖盘
13:41:54	13.26	--	20	26520	卖盘
13:41:51	13.26	--	14	18564	买盘
13:41:48	13.26	--	58	76908	买盘
13:41:45	13.26	--	10	13260	买盘
13:41:39	13.26	--	37	49062	买盘
13:41:30	13.26	-0.01	13	17238	中性盘
13:41:27	13.27	--	74	98198	买盘
13:41:21	13.27	0.01	19	25213	买盘
13:41:18	13.26	-0.01	131	173706	卖盘
13:41:12	13.27	0.01	3	3981	买盘
13:41:09	13.26	-0.01	133	176358	卖盘
13:41:03	13.27	0.01	3	3981	买盘
13:40:57	13.26	-0.01	23	30498	卖盘
13:40:54	13.27	0.01	10	13270	买盘
13:40:51	13.26	--	20	26520	卖盘
13:40:48	13.26	-0.01	56	74256	卖盘
13:40:42	13.27	--	60	79620	买盘
13:40:39	13.27	-0.01	80	106160	卖盘
13:40:33	13.28	--	17	22576	买盘
13:40:30	13.28	0.01	1	1328	买盘
13:40:27	13.27	-0.01	20	26540	卖盘
13:40:24	13.28	--	2	2656	买盘
13:40:21	13.28	0.01	25	33200	买盘
13:40:18	13.27	--	38	50426	卖盘
13:40:15	13.27	--	52	69004	卖盘
13:40:12	13.27	--	40	53080	卖盘
13:40:09	13.27	--	69	91563	卖盘
13:40:06	13.27	--	12	15924	卖盘
13:40:03	13.27	--	19	25213	卖盘
13:40:00	13.27	--	50	66350	买盘
13:39:57	13.27	0.01	38	50426	买盘
13:39:51	13.26	-0.01	22	29172	卖盘
13:39:48	13.27	0.01	18	23886	买盘
13:39:45	13.26	-0.01	43	57018	卖盘
13:39:42	13.27	--	4	5308	买盘
13:39:39	13.27	--	76	100852	买盘
13:39:36	13.27	--	12	15924	买盘
13:39:33	13.27	--	17	22559	买盘
13:39:30	13.27	--	78	103506	买盘
13:39:27	13.27	--	14	18578	卖盘
13:39:24	13.27	--	5	6635	卖盘
13:39:21	13.27	--	188	249476	卖盘
13:39:18	13.27	--	20	26540	卖盘
13:39:15	13.27	--	29	38483	卖盘
13:39:12	13.27	-0.01	65	86255	卖盘
13:39:09	13.28	0.01	83	110224	买盘
13:39:03	13.27	--	26	34502	卖盘
13:39:00	13.27	0.01	3	5188	买盘
13:38:57	13.26	-0.01	24	31824	卖盘
13:38:54	13.27	--	72	95544	买盘
13:38:51	13.27	0.01	21	27867	买盘
13:38:48	13.26	--	35	46410	卖盘
13:38:42	13.26	-0.01	51	67626	卖盘
13:38:39	13.27	--	36	47772	买盘
13:38:36	13.27	--	8	10616	买盘
13:38:33	13.27	0.01	10	13270	买盘
13:38:30	13.26	--	5	6630	卖盘
13:38:27	13.26	-0.01	48	63648	卖盘
13:38:24	13.27	--	25	33175	买盘
13:38:21	13.27	--	1	1327	买盘
13:38:18	13.27	--	80	106160	买盘
13:38:15	13.27	0.01	21	27867	买盘
13:38:12	13.26	-0.01	15	19890	卖盘
13:38:09	13.27	0.01	134	177818	买盘
13:38:06	13.26	--	7	9282	卖盘
13:37:57	13.26	--	301	399126	买盘
13:37:54	13.26	--	16	21216	买盘
13:37:51	13.26	0.01	6	7956	买盘
13:37:48	13.25	--	59	78175	卖盘
13:37:42	13.25	-0.02	2	2650	卖盘
13:37:39	13.27	0.02	100	132700	买盘
13:37:36	13.25	--	11	14575	卖盘
13:37:33	13.25	-0.01	50	66250	卖盘
13:37:30	13.26	0.01	6	7956	买盘
13:37:27	13.25	--	189	250425	卖盘
13:37:21	13.25	--	35	46375	卖盘
13:37:18	13.25	--	80	106000	卖盘
13:37:12	13.25	--	21	27825	卖盘
13:37:09	13.25	--	11	14575	卖盘
13:37:06	13.25	--	154	204050	卖盘
13:37:03	13.25	--	142	188150	买盘
13:37:00	13.25	0.01	1	1325	买盘
13:36:57	13.24	-0.01	62	82088	卖盘
13:36:54	13.25	0.01	5	6625	买盘
13:36:51	13.24	--	133	176092	卖盘
13:36:48	13.24	-0.01	10	13240	卖盘
13:36:39	13.25	--	3	3975	买盘
13:36:36	13.25	0.01	25	33125	买盘
13:36:33	13.24	--	20	26480	卖盘
13:36:30	13.24	--	59	78116	买盘
13:36:27	13.24	--	5	6620	买盘
13:36:21	13.24	0.01	18	23832	买盘
13:36:18	13.23	--	31	41013	卖盘
13:36:15	13.23	--	40	52920	卖盘
13:36:12	13.23	--	89	117747	卖盘
13:36:09	13.23	--	29	38367	卖盘
13:36:06	13.23	--	56	74088	卖盘
13:36:00	13.23	--	12	15876	卖盘
13:35:57	13.23	-0.01	35	46305	卖盘
13:35:54	13.24	0.01	51	67524	买盘
13:35:51	13.23	--	20	26460	卖盘
13:35:48	13.23	--	20	26460	卖盘
13:35:45	13.23	0.01	6	7938	卖盘
13:35:42	13.22	--	20	26440	卖盘
13:35:39	13.22	-0.01	80	105760	卖盘
13:35:36	13.23	--	22	29106	买盘
13:35:33	13.23	--	102	134946	买盘
13:35:30	13.23	--	33	43659	买盘
13:35:27	13.23	--	17	22491	买盘
13:35:24	13.23	--	71	93933	买盘
13:35:18	13.23	--	67	88641	买盘
13:35:15	13.23	0.01	22	29106	买盘
13:35:12	13.22	-0.01	41	54202	卖盘
13:35:09	13.23	--	38	50274	买盘
13:35:03	13.23	--	39	51597	买盘
13:35:00	13.23	--	5	6615	买盘
13:34:57	13.23	--	10	13230	买盘
13:34:54	13.23	-0.01	15	19845	卖盘
13:34:45	13.24	0.02	42	55608	买盘
13:34:42	13.22	-0.02	386	510292	卖盘
13:34:39	13.24	0.01	33	43692	买盘
13:34:36	13.23	--	106	140806	卖盘
13:34:30	13.23	--	209	276507	卖盘
13:34:27	13.23	--	20	26460	卖盘
13:34:24	13.23	--	37	48951	卖盘
13:34:21	13.23	-0.01	10	13230	卖盘
13:34:18	13.24	0.01	40	52960	买盘
13:34:15	13.23	--	195	257985	卖盘
13:34:12	13.23	-0.01	10	13230	卖盘
13:34:06	13.24	--	153	202572	卖盘
13:34:03	13.24	--	33	43692	卖盘
13:34:00	13.24	-0.02	25	33100	卖盘
13:33:54	13.26	0.01	54	71604	买盘
13:33:51	13.25	--	7	9275	买盘
13:33:48	13.25	--	103	136475	买盘
13:33:42	13.25	--	11	14575	买盘
13:33:39	13.25	--	3	3975	买盘
13:33:36	13.25	--	47	62275	卖盘
13:33:33	13.25	--	31	41075	卖盘
13:33:30	13.25	-0.01	7	9275	卖盘
13:33:27	13.26	0.01	5	6630	买盘
13:33:24	13.25	--	38	50350	卖盘
13:33:18	13.25	-0.01	8	10600	卖盘
13:33:15	13.26	0.01	7	9282	买盘
13:33:12	13.25	-0.01	45	59625	卖盘
13:33:09	13.26	--	12	15912	买盘
13:33:00	13.26	--	71	95021	卖盘
13:32:57	13.26	--	12	15912	卖盘
13:32:45	13.26	--	1	1326	卖盘
13:32:42	13.26	--	4	5304	卖盘
13:32:39	13.26	-0.01	10	13260	卖盘
13:32:36	13.27	0.01	3	3981	买盘
13:32:33	13.26	--	109	144534	卖盘
13:32:27	13.26	-0.01	10	13260	卖盘
13:32:21	13.27	0.01	21	27867	买盘
13:32:15	13.26	--	23	30498	卖盘
13:32:09	13.26	-0.01	15	19890	卖盘
13:32:03	13.27	0.01	83	110141	买盘
13:32:00	13.26	--	15	19890	卖盘
13:31:57	13.26	--	1	1326	卖盘
13:31:54	13.26	-0.01	50	66300	卖盘
13:31:51	13.27	--	15	19905	买盘
13:31:48	13.27	0.01	203	269381	买盘
13:31:45	13.26	-0.01	40	53040	卖盘
13:31:42	13.27	--	6	7962	买盘
13:31:39	13.27	--	15	19905	买盘
13:31:36	13.27	--	56	74312	买盘
13:31:33	13.27	--	36	47772	买盘
13:31:30	13.27	--	14	18578	买盘
13:31:27	13.27	--	1	1327	买盘
13:31:18	13.27	0.01	1	1327	买盘
13:31:15	13.26	--	3	3978	卖盘
13:31:12	13.26	-0.01	4	5304	卖盘
13:31:06	13.27	--	38	50426	买盘
13:30:57	13.27	--	10	13270	买盘
13:30:54	13.27	--	5	6635	买盘
13:30:48	13.27	0.01	14	18578	买盘
13:30:45	13.26	--	37	49062	卖盘
13:30:42	13.26	--	4	5304	卖盘
13:30:33	13.26	-0.01	10	13260	卖盘
13:30:24	13.27	0.01	12	15924	买盘
13:30:21	13.26	-0.01	1	1326	卖盘
13:30:18	13.27	0.01	16	21232	买盘
13:30:15	13.26	-0.01	89	118014	卖盘
13:30:09	13.27	--	5	6635	买盘
13:30:06	13.27	--	2	2654	买盘
13:30:03	13.27	--	2	2654	买盘
13:29:57	13.27	0.01	24	31848	买盘
13:29:54	13.26	-0.01	45	60333	卖盘
13:29:48	13.27	--	10	13270	买盘
13:29:42	13.27	--	1	1327	买盘
13:29:36	13.27	--	6	8718	卖盘
13:29:33	13.27	--	10	13270	卖盘
13:29:30	13.27	--	38	50996	买盘
13:29:21	13.27	--	16	21232	买盘
13:29:18	13.27	-0.01	19	25969	卖盘
13:29:12	13.28	--	30	39840	买盘
13:29:09	13.28	0.01	8	10624	买盘
13:29:06	13.27	--	10	13270	卖盘
13:29:03	13.27	-0.01	13	17251	卖盘
13:28:57	13.28	--	63	83664	买盘
13:28:48	13.28	--	25	33200	买盘
13:28:45	13.28	--	14	18592	买盘
13:28:42	13.28	0.01	15	19920	买盘
13:28:36	13.27	--	10	13270	卖盘
13:28:33	13.27	-0.01	17	22559	卖盘
13:28:27	13.28	0.01	2	2656	买盘
13:28:24	13.27	--	17	22559	卖盘
13:28:21	13.27	--	149	197723	卖盘
13:28:18	13.27	--	18	23886	卖盘
13:28:15	13.27	0.01	104	138578	买盘
13:28:12	13.26	-0.01	4	5304	卖盘
13:28:09	13.27	--	20	26540	买盘
13:28:06	13.27	0.01	56	74312	买盘
13:28:03	13.26	--	2	2652	卖盘
13:27:54	13.26	--	4	5304	卖盘
13:27:48	13.26	--	13	18351	买盘
13:27:45	13.26	--	10	13260	买盘
13:27:42	13.26	0.01	15	19890	买盘
13:27:39	13.25	-0.01	12	15900	卖盘
13:27:36	13.26	--	11	14586	买盘
13:27:33	13.26	--	11	14586	买盘
13:27:30	13.26	--	40	53040	买盘
13:27:27	13.26	--	24	31824	买盘
13:27:24	13.26	0.01	15	19890	买盘
13:27:21	13.25	--	1	1325	卖盘
13:27:18	13.25	-0.01	2	2650	卖盘
13:27:15	13.26	--	2	2652	买盘
13:27:09	13.26	0.01	7	9282	买盘
13:27:06	13.25	0.01	12	15900	中性盘
13:27:00	13.24	-0.01	401	530924	卖盘
13:26:57	13.25	--	7	9275	买盘
13:26:54	13.25	--	6	7950	卖盘
13:26:51	13.25	--	3	3975	中性盘
13:26:48	13.25	--	2	2650	卖盘
13:26:45	13.25	--	21	27825	买盘
13:26:42	13.25	--	13	17225	买盘
13:26:39	13.25	0.01	186	246450	买盘
13:26:36	13.24	--	5	6620	卖盘
13:26:33	13.24	-0.01	9	11916	卖盘
13:26:30	13.25	--	28	37100	买盘
13:26:27	13.25	--	1	1325	买盘
13:26:24	13.25	0.01	25	33125	买盘
13:26:21	13.24	--	21	27804	卖盘
13:26:18	13.24	-0.01	8	10592	卖盘
13:26:15	13.25	0.01	20	26500	买盘
13:26:12	13.24	--	58	76792	卖盘
13:26:09	13.24	--	1	1324	卖盘
13:26:06	13.24	--	58	76792	买盘
13:26:03	13.24	--	12	15888	买盘
13:26:00	13.24	--	38	50312	买盘
13:25:57	13.24	--	82	108568	买盘
13:25:54	13.24	--	30	39720	买盘
13:25:51	13.24	--	132	174768	买盘
13:25:48	13.24	--	4	5296	买盘
13:25:42	13.24	-0.01	5	6620	买盘
13:25:39	13.25	0.02	23	30475	买盘
13:25:36	13.23	-0.01	11	14553	卖盘
13:25:33	13.24	--	65	86060	买盘
13:25:30	13.24	0.01	10	13240	买盘
13:25:27	13.23	-0.01	6	7938	卖盘
13:25:24	13.24	--	165	218460	买盘
13:25:21	13.24	--	51	67524	买盘
13:25:18	13.24	--	11	14564	买盘
13:25:12	13.24	-0.01	8	10592	中性盘
13:25:09	13.25	0.01	176	233200	买盘
13:25:03	13.24	--	26	34424	卖盘
13:25:00	13.24	--	5	6620	卖盘
13:24:57	13.24	--	20	26480	卖盘
13:24:54	13.24	-0.01	71	94004	卖盘
13:24:51	13.25	--	4	5300	买盘
13:24:45	13.25	0.01	24	31800	买盘
13:24:39	13.24	--	10	13240	卖盘
13:24:36	13.24	-0.01	25	33100	卖盘
13:24:33	13.25	--	37	49025	买盘
13:24:30	13.25	0.01	10	13250	买盘
13:24:24	13.24	--	28	37072	卖盘
13:24:21	13.24	--	3	3972	卖盘
13:24:18	13.24	--	51	67524	卖盘
13:24:15	13.24	-0.01	6	7944	卖盘
13:24:09	13.25	0.01	4	5300	买盘
13:24:06	13.24	--	18	23832	卖盘
13:24:03	13.24	-0.01	59	78116	卖盘
13:23:57	13.25	0.01	11	14575	买盘
13:23:54	13.24	--	17	22508	卖盘
13:23:51	13.24	--	41	54284	买盘
13:23:48	13.24	--	24	31776	买盘
13:23:45	13.24	--	16	21184	买盘
13:23:42	13.24	--	8	10592	买盘
13:23:39	13.24	--	46	60904	买盘
13:23:36	13.24	--	151	199924	买盘
13:23:33	13.24	--	10	13240	买盘
13:23:30	13.24	--	10	13240	买盘
13:23:27	13.24	--	54	71496	买盘
13:23:24	13.24	0.01	10	13240	买盘
13:23:21	13.23	-0.01	20	26460	卖盘
13:23:18	13.24	--	16	21184	买盘
13:23:15	13.24	--	11	14564	买盘
13:23:12	13.24	0.01	51	67524	买盘
13:23:09	13.23	--	2	2646	卖盘
13:23:06	13.23	-0.01	280	370440	卖盘
13:23:00	13.24	--	1	1324	买盘
13:22:57	13.24	--	14	18536	买盘
13:22:54	13.24	0.01	142	188008	买盘
13:22:51	13.23	-0.01	21	27783	卖盘
13:22:48	13.24	0.01	54	71496	买盘
13:22:45	13.23	-0.01	42	55566	卖盘
13:22:42	13.24	--	24	31776	买盘
13:22:39	13.24	--	15	19860	买盘
13:22:36	13.24	--	8	10592	买盘
13:22:33	13.24	--	1	1324	买盘
13:22:30	13.24	--	1	1324	买盘
13:22:27	13.24	--	5	6620	买盘
13:22:21	13.24	--	14	18536	买盘
13:22:18	13.24	--	2	2648	买盘
13:22:15	13.24	0.01	10	13240	买盘
13:22:12	13.23	-0.01	199	263277	卖盘
13:22:09	13.24	--	5	6620	买盘
13:22:06	13.24	0.01	1	1324	买盘
13:22:03	13.23	--	18	23814	卖盘
13:21:57	13.23	-0.01	3	3969	卖盘
13:21:54	13.24	0.01	4	5296	买盘
13:21:51	13.23	-0.01	22	29106	卖盘
13:21:48	13.24	0.01	23	30452	买盘
13:21:45	13.23	--	102	134946	卖盘
13:21:42	13.23	--	15	19845	卖盘
13:21:39	13.23	--	20	26460	卖盘
13:21:36	13.23	-0.01	100	132300	卖盘
13:21:33	13.24	0.01	5	6620	买盘
13:21:30	13.23	--	15	19845	卖盘
13:21:27	13.23	-0.01	25	33075	卖盘
13:21:24	13.24	0.01	26	34424	买盘
13:21:21	13.23	--	5	6615	卖盘
13:21:18	13.23	--	15	19845	卖盘
13:21:12	13.23	--	26	34398	卖盘
13:21:09	13.23	--	44	58212	卖盘
13:21:06	13.23	--	461	609903	卖盘
13:21:03	13.23	--	17	22491	卖盘
13:20:57	13.23	-0.01	33	43659	卖盘
13:20:54	13.24	--	3	3972	买盘
13:20:48	13.24	0.01	21	27804	中性盘
13:20:45	13.23	-0.01	61	80703	卖盘
13:20:42	13.24	--	3	3972	卖盘
13:20:39	13.24	--	29	38396	买盘
13:20:36	13.24	--	20	26480	卖盘
13:20:33	13.24	-0.01	12	15888	卖盘
13:20:30	13.25	0.01	21	27825	买盘
13:20:27	13.24	--	109	144316	卖盘
13:20:24	13.24	--	8	10592	卖盘
13:20:18	13.24	--	7	9400	买盘
13:20:15	13.24	--	5	6620	买盘
13:20:12	13.24	--	172	228919	卖盘
13:20:09	13.24	--	6	7944	卖盘
13:20:06	13.24	--	100	132400	卖盘
13:19:57	13.24	--	16	21184	卖盘
13:19:54	13.24	--	20	26480	卖盘
13:19:48	13.24	--	9	11916	卖盘
13:19:39	13.24	-0.01	3	3972	卖盘
13:19:36	13.25	0.01	1	1325	买盘
13:19:33	13.24	--	24	31776	卖盘
13:19:30	13.24	--	7	9268	卖盘
13:19:27	13.24	--	23	30452	卖盘
13:19:24	13.24	--	3	3972	卖盘
13:19:18	13.24	--	5	6620	卖盘
13:19:15	13.24	--	124	164176	卖盘
13:19:12	13.24	--	35	46340	卖盘
13:19:09	13.24	-0.01	15	19860	卖盘
13:19:06	13.25	0.01	11	14575	买盘
13:19:00	13.24	-0.01	1	1324	卖盘
13:18:54	13.25	0.01	2	2650	买盘
13:18:51	13.24	--	295	390580	卖盘
13:18:48	13.24	--	21	27804	卖盘
13:18:45	13.24	--	7	9268	卖盘
13:18:36	13.24	--	120	158880	卖盘
13:18:33	13.24	--	24	31776	卖盘
13:18:30	13.24	-0.01	39	51636	卖盘
13:18:27	13.25	0.01	26	34450	买盘
13:18:21	13.24	--	40	52960	卖盘
13:18:15	13.24	-0.01	4	5296	卖盘
13:18:09	13.25	--	4	5300	买盘
13:18:06	13.25	0.01	16	21200	买盘
13:18:03	13.24	--	34	45016	卖盘
13:17:57	13.24	--	17	22508	卖盘
13:17:54	13.24	--	5	6620	卖盘
13:17:51	13.24	-0.01	25	33100	卖盘
13:17:48	13.25	--	3	3975	买盘
13:17:45	13.25	0.01	64	84800	买盘
13:17:42	13.24	-0.01	70	92680	卖盘
13:17:39	13.25	0.01	115	152375	买盘
13:17:36	13.24	--	10	13240	卖盘
13:17:33	13.24	--	10	13240	卖盘
13:17:30	13.24	--	10	13240	卖盘
13:17:24	13.24	--	432	571968	卖盘
13:17:21	13.24	-0.01	2	2648	卖盘
13:17:18	13.25	0.01	110	145750	买盘
13:17:15	13.24	--	10	13240	卖盘
13:17:12	13.24	--	19	25156	卖盘
13:17:09	13.24	-0.01	60	79440	卖盘
13:17:06	13.25	0.01	10	13250	买盘
13:17:03	13.24	--	2	2648	卖盘
13:17:00	13.24	--	104	137696	卖盘
13:16:57	13.24	--	6	7944	卖盘
13:16:54	13.24	--	58	76792	卖盘
13:16:51	13.24	-0.01	164	217136	卖盘
13:16:48	13.25	0.01	30	39750	买盘
13:16:45	13.24	-0.01	9	11916	卖盘
13:16:42	13.25	0.01	20	26500	买盘
13:16:36	13.24	-0.01	101	134068	卖盘
13:16:33	13.25	--	5	6625	卖盘
13:16:30	13.25	--	5	6625	卖盘
13:16:27	13.25	--	5	6625	卖盘
13:16:24	13.25	--	25	33125	卖盘
13:16:21	13.25	--	12	15900	卖盘
13:16:18	13.25	--	2	2650	卖盘
13:16:15	13.25	--	302	400150	卖盘
13:16:09	13.25	--	3	3975	卖盘
13:16:06	13.25	--	19	25175	卖盘
13:16:03	13.25	--	49	64925	卖盘
13:16:00	13.25	--	3	3975	卖盘
13:15:57	13.25	--	57	75525	卖盘
13:15:54	13.25	--	134	177550	卖盘
13:15:48	13.25	--	10	13250	卖盘
13:15:45	13.25	--	30	39750	卖盘
13:15:36	13.25	--	2	2650	卖盘
13:15:33	13.25	--	59	78175	卖盘
13:15:30	13.25	--	6	7950	卖盘
13:15:27	13.25	--	8	10600	卖盘
13:15:24	13.25	-0.01	12	16880	卖盘
13:15:21	13.26	0.01	44	58344	买盘
13:15:15	13.25	--	28	37100	卖盘
13:15:12	13.25	--	15	19875	卖盘
13:15:06	13.25	--	80	106000	卖盘
13:15:00	13.25	-0.02	42	55862	卖盘
13:14:57	13.27	0.01	78	103904	买盘
13:14:54	13.26	--	5	6630	卖盘
13:14:51	13.26	--	5	6630	卖盘
13:14:48	13.26	-0.01	1	1326	卖盘
13:14:45	13.27	0.01	9	11943	买盘
13:14:42	13.26	--	51	68342	买盘
13:14:39	13.26	0.01	41	54366	买盘
13:14:36	13.25	--	44	58300	卖盘
13:14:33	13.25	--	2	2650	卖盘
13:14:30	13.25	--	25	33125	卖盘
13:14:24	13.25	-0.01	1	1325	卖盘
13:14:15	13.26	--	6	7956	买盘
13:14:09	13.26	--	2	2652	买盘
13:14:06	13.26	--	4	5913	卖盘
13:14:03	13.26	--	133	177074	卖盘
13:14:00	13.26	--	10	13260	卖盘
13:13:48	13.26	-0.01	9	11934	卖盘
13:13:42	13.27	0.01	14	18578	买盘
13:13:39	13.26	--	21	27846	卖盘
13:13:33	13.26	-0.01	52	68952	卖盘
13:13:30	13.27	0.01	13	17251	买盘
13:13:24	13.26	-0.01	3	3978	卖盘
13:13:21	13.27	0.01	7	9289	买盘
13:13:18	13.26	--	1	1326	卖盘
13:13:15	13.26	--	4	5304	卖盘
13:13:12	13.26	--	9	11934	卖盘
13:13:09	13.26	--	68	90168	买盘
13:13:00	13.26	0.01	152	201552	买盘
13:12:51	13.25	-0.01	18	23850	卖盘
13:12:48	13.26	--	11	14586	买盘
13:12:45	13.26	--	10	13260	买盘
13:12:42	13.26	--	79	105509	卖盘
13:12:39	13.26	--	5	6630	卖盘
13:12:36	13.26	--	188	249288	卖盘
13:12:33	13.26	--	26	34476	卖盘
13:12:27	13.26	-0.01	2	2652	卖盘
13:12:24	13.27	--	108	143316	买盘
13:12:21	13.27	0.01	3	3981	买盘
13:12:15	13.26	--	45	59670	卖盘
13:12:12	13.26	--	13	17238	卖盘
13:12:06	13.26	--	47	62322	卖盘
13:12:03	13.26	--	11	14586	卖盘
13:12:00	13.26	-0.01	79	104754	卖盘
13:11:57	13.27	0.01	30	39810	买盘
13:11:48	13.26	--	16	21216	卖盘
13:11:45	13.26	--	39	51714	卖盘
13:11:42	13.26	-0.01	2	2652	卖盘
13:11:39	13.27	--	55	72985	买盘
13:11:33	13.27	0.01	3	3981	买盘
13:11:30	13.26	--	20	26520	卖盘
13:11:27	13.26	--	16	21216	卖盘
13:11:24	13.26	-0.01	35	46410	卖盘
13:11:21	13.27	0.01	196	260092	买盘
13:11:18	13.26	-0.01	11	14586	卖盘
13:11:15	13.27	--	2	2654	买盘
13:11:12	13.27	--	5	6635	买盘
13:11:06	13.27	0.01	84	111468	买盘
13:11:00	13.26	-0.01	73	96798	卖盘
13:10:57	13.27	--	34	45118	买盘
13:10:54	13.27	--	7	9289	买盘
13:10:51	13.27	0.01	31	41137	买盘
13:10:48	13.26	-0.01	10	13260	卖盘
13:10:45	13.27	--	45	59715	卖盘
13:10:42	13.27	0.01	3	4126	买盘
13:10:39	13.26	--	20	26520	卖盘
13:10:36	13.26	-0.01	28	37128	卖盘
13:10:33	13.27	--	21	27867	买盘
13:10:24	13.27	--	137	182980	卖盘
13:10:21	13.27	--	31	41137	卖盘
13:10:18	13.27	-0.01	5	6635	卖盘
13:10:15	13.28	--	6	7968	买盘
13:10:12	13.28	0.01	7	9296	买盘
13:10:09	13.27	--	10	13270	卖盘
13:10:03	13.27	--	1	1327	卖盘
13:10:00	13.27	--	4	5308	卖盘
13:09:57	13.27	--	3	3981	卖盘
13:09:51	13.27	--	5	6635	卖盘
13:09:45	13.27	-0.01	4	5308	卖盘
13:09:42	13.28	0.01	20	26560	买盘
13:09:39	13.27	--	15	19905	卖盘
13:09:36	13.27	--	16	21232	卖盘
13:09:33	13.27	--	2	2654	卖盘
13:09:30	13.27	--	5	6635	卖盘
13:09:27	13.27	-0.01	24	31848	卖盘
13:09:24	13.28	0.01	10	13280	买盘
13:09:21	13.27	--	15	19905	卖盘
13:09:18	13.27	--	6	7962	卖盘
13:09:15	13.27	-0.01	10	13270	卖盘
13:09:06	13.28	0.01	45	59760	买盘
13:09:03	13.27	--	3	3981	卖盘
13:09:00	13.27	-0.01	10	13270	卖盘
13:08:57	13.28	--	9	11952	买盘
13:08:54	13.28	--	3	3984	买盘
13:08:51	13.28	-0.01	5	6640	中性盘
13:08:48	13.29	0.01	23	30566	买盘
13:08:45	13.28	--	21	27888	卖盘
13:08:42	13.28	--	28	37184	卖盘
13:08:33	13.28	--	3	3984	卖盘
13:08:27	13.28	--	8	10624	卖盘
13:08:24	13.28	0.01	19	25232	买盘
13:08:21	13.27	--	24	31848	卖盘
13:08:18	13.27	-0.01	128	169856	卖盘
13:08:15	13.28	--	33	43824	买盘
13:08:00	13.28	--	25	33200	卖盘
13:07:57	13.28	-0.01	7	9296	卖盘
13:07:54	13.29	--	12	15947	买盘
13:07:51	13.29	0.01	20	26580	买盘
13:07:48	13.28	-0.01	29	38512	卖盘
13:07:45	13.29	0.01	1	1329	买盘
13:07:42	13.28	--	47	62416	卖盘
13:07:39	13.28	--	5	6640	卖盘
13:07:36	13.28	--	2	2656	卖盘
13:07:24	13.28	--	22	29216	卖盘
13:07:21	13.28	--	3	3984	卖盘
13:07:15	13.28	--	21	28312	买盘
13:07:09	13.28	--	92	123079	卖盘
13:07:03	13.28	--	14	18592	卖盘
13:07:00	13.28	--	5	6640	卖盘
13:06:54	13.28	--	10	13280	卖盘
13:06:48	13.28	--	2	3080	买盘
13:06:45	13.28	--	70	92960	买盘
13:06:39	13.28	0.01	2	2656	买盘
13:06:30	13.27	-0.01	26	34502	卖盘
13:06:21	13.28	--	102	135456	买盘
13:06:12	13.28	0.01	10	13280	买盘
13:06:09	13.27	-0.01	2	2654	卖盘
13:06:00	13.28	0.01	5	6640	买盘
13:05:57	13.27	-0.01	6	7962	卖盘
13:05:54	13.28	0.01	11	14608	买盘
13:05:51	13.27	-0.01	11	14597	卖盘
13:05:48	13.28	--	1	1328	买盘
13:05:42	13.28	0.01	6	7968	买盘
13:05:39	13.27	--	2	2654	卖盘
13:05:36	13.27	-0.01	17	22559	卖盘
13:05:33	13.28	0.01	1	1328	买盘
13:05:27	13.27	-0.01	1	1327	卖盘
13:05:18	13.28	--	2	2656	卖盘
13:05:09	13.28	--	53	70384	买盘
13:05:06	13.28	0.01	180	239040	买盘
13:05:03	13.27	--	30	39810	卖盘
13:05:00	13.27	--	20	26540	卖盘
13:04:57	13.27	--	6	7962	卖盘
13:04:33	13.27	--	50	66350	卖盘
13:04:30	13.27	-0.01	10	13270	卖盘
13:04:27	13.28	--	26	34528	买盘
13:04:24	13.28	--	15	19920	买盘
13:04:21	13.28	0.01	2	2656	买盘
13:04:18	13.27	--	5	6635	卖盘
13:04:15	13.27	--	53	70331	卖盘
13:04:09	13.27	--	35	46445	卖盘
13:04:06	13.27	-0.01	64	84928	卖盘
13:04:03	13.28	--	35	46480	买盘
13:03:57	13.28	0.01	15	19920	买盘
13:03:54	13.27	--	10	13270	卖盘
13:03:51	13.27	-0.01	1	2415	卖盘
13:03:45	13.28	0.01	2	2656	买盘
13:03:42	13.27	--	3	3981	卖盘
13:03:39	13.27	--	8	10616	卖盘
13:03:36	13.27	-0.01	9	11943	卖盘
13:03:30	13.28	0.01	11	14608	买盘
13:03:24	13.27	-0.01	10	13270	卖盘
13:03:18	13.28	0.01	20	26560	买盘
13:03:15	13.27	-0.01	6	7962	卖盘
13:03:12	13.28	0.01	10	13280	买盘
13:03:03	13.27	-0.01	12	15924	卖盘
13:03:00	13.28	0.01	81	107568	买盘
13:02:57	13.27	--	19	25213	卖盘
13:02:54	13.27	-0.01	24	31848	卖盘
13:02:51	13.28	0.01	3	3984	买盘
13:02:48	13.27	--	13	17251	卖盘
13:02:45	13.27	--	13	17251	卖盘
13:02:33	13.27	--	28	37156	卖盘
13:02:30	13.27	--	5	6635	卖盘
13:02:27	13.27	-0.01	21	27867	卖盘
13:02:21	13.28	0.01	5	6640	买盘
13:02:15	13.27	-0.01	18	23886	卖盘
13:02:12	13.28	--	4	5312	买盘
13:02:09	13.28	--	20	26560	买盘
13:02:00	13.28	--	10	13280	买盘
13:01:57	13.28	--	187	248336	卖盘
13:01:51	13.28	--	36	47808	卖盘
13:01:48	13.28	--	10	13280	卖盘
13:01:45	13.28	--	50	66400	卖盘
13:01:42	13.28	--	10	13280	卖盘
13:01:39	13.28	--	50	66400	卖盘
13:01:33	13.28	-0.01	40	53120	卖盘
13:01:27	13.29	--	20	26580	卖盘
13:01:24	13.29	0.01	12	15947	买盘
13:01:15	13.28	-0.01	4	5312	卖盘
13:01:06	13.29	-0.01	99	131571	卖盘
13:01:03	13.3	0.01	23	30590	买盘
13:00:51	13.29	0.01	59	78411	买盘
13:00:48	13.28	-0.01	5	6640	卖盘
13:00:45	13.29	--	100	132900	买盘
13:00:42	13.29	--	5	6645	买盘
13:00:36	13.29	0.01	33	43857	买盘
13:00:30	13.28	--	4	5312	卖盘
13:00:24	13.28	--	10	13280	卖盘
13:00:21	13.28	--	2	2656	卖盘
13:00:18	13.28	0.01	5	6640	卖盘
13:00:12	13.27	-0.02	60	79620	卖盘
13:00:09	13.29	0.02	2	2658	买盘
13:00:06	13.27	-0.01	260	345020	卖盘
13:00:03	13.28	0.01	312	414349	买盘
13:00:00	13.27	--	0	0	卖盘
11:30:00	13.27	--	15	19905	卖盘
11:29:57	13.27	--	1	1327	卖盘
11:29:51	13.27	--	15	19905	卖盘
11:29:45	13.27	--	6	7962	卖盘
11:29:42	13.27	--	154	205631	买盘
11:29:39	13.27	0.01	25	33175	买盘
11:29:36	13.26	-0.01	24	31824	卖盘
11:29:33	13.27	0.01	48	63696	买盘
11:29:30	13.26	-0.01	205	271830	卖盘
11:29:27	13.27	0.01	10	13270	买盘
11:29:24	13.26	--	2	2652	卖盘
11:29:21	13.26	-0.01	24	31824	卖盘
11:29:18	13.27	--	67	88909	买盘
11:29:15	13.27	0.01	12	15924	买盘
11:29:12	13.26	-0.01	24	31824	卖盘
11:29:06	13.27	0.01	18	23886	买盘
11:28:57	13.26	--	27	35802	卖盘
11:28:51	13.26	-0.01	83	110058	卖盘
11:28:48	13.27	0.01	7	9289	买盘
11:28:45	13.26	--	26	34476	卖盘
11:28:42	13.26	-0.01	64	84864	卖盘
11:28:39	13.27	--	2	2654	买盘
11:28:33	13.27	0.01	12	15924	买盘
11:28:30	13.26	--	106	140556	卖盘
11:28:27	13.26	-0.01	1	1326	卖盘
11:28:21	13.27	--	99	131373	买盘
11:28:18	13.27	--	3	3981	买盘
11:28:12	13.27	--	320	424693	卖盘
11:28:09	13.27	-0.01	34	45118	卖盘
11:28:06	13.28	0.01	4	5312	买盘
11:28:03	13.27	--	40	53080	卖盘
11:28:00	13.27	--	24	31848	卖盘
11:27:51	13.27	--	30	39810	卖盘
11:27:48	13.27	--	6	7962	卖盘
11:27:45	13.27	--	17	22559	卖盘
11:27:42	13.27	-0.01	5	6635	卖盘
11:27:39	13.28	0.01	3	3984	买盘
11:27:36	13.27	-0.01	12	15924	卖盘
11:27:33	13.28	--	36	47808	买盘
11:27:30	13.28	0.01	10	13280	买盘
11:27:24	13.27	-0.01	154	204358	卖盘
11:27:18	13.28	0.01	1	1328	买盘
11:27:15	13.27	-0.01	53	70331	卖盘
11:27:12	13.28	--	25	33200	买盘
11:27:09	13.28	0.01	10	13280	买盘
11:27:06	13.27	--	10	13270	卖盘
11:27:00	13.27	--	3	3981	卖盘
11:26:57	13.27	--	43	57061	卖盘
11:26:54	13.27	-0.01	15	19905	卖盘
11:26:51	13.28	0.01	48	63744	买盘
11:26:48	13.27	--	2	2654	卖盘
11:26:45	13.27	-0.01	2	2654	卖盘
11:26:39	13.28	--	63	83664	买盘
11:26:36	13.28	--	38	50464	卖盘
11:26:30	13.28	--	28	37184	卖盘
11:26:21	13.28	--	5	6640	卖盘
11:26:15	13.28	--	52	69056	买盘
11:26:12	13.28	--	25	33200	买盘
11:26:09	13.28	--	60	79680	买盘
11:26:06	13.28	--	21	27888	买盘
11:26:03	13.28	--	17	22576	买盘
11:25:54	13.28	--	25	33200	卖盘
11:25:51	13.28	-0.01	6	7968	卖盘
11:25:48	13.29	--	5	6645	买盘
11:25:45	13.29	--	1	1329	买盘
11:25:39	13.29	--	146	194034	买盘
11:25:36	13.29	0.01	4	5316	买盘
11:25:30	13.28	-0.02	113	150064	卖盘
11:25:27	13.3	--	10	13300	买盘
11:25:24	13.3	0.01	114	151620	买盘
11:25:21	13.29	--	7	9303	买盘
11:25:18	13.29	--	23	30566	买盘
11:25:15	13.29	--	3	3986	卖盘
11:25:12	13.29	--	57	75753	卖盘
11:25:06	13.29	--	107	142203	卖盘
11:25:03	13.29	--	5	6645	卖盘
11:24:57	13.29	--	5	6645	卖盘
11:24:54	13.29	--	14	18606	卖盘
11:24:51	13.29	-0.01	10	13290	卖盘
11:24:48	13.3	0.01	24	31920	买盘
11:24:42	13.29	-0.01	5	6645	卖盘
11:24:36	13.3	0.01	26	34580	买盘
11:24:27	13.29	-0.01	111	147519	卖盘
11:24:21	13.3	0.01	14	18620	买盘
11:24:18	13.29	-0.01	21	27909	中性盘
11:24:09	13.3	0.01	43	57190	买盘
11:24:06	13.29	--	3	3986	卖盘
11:24:03	13.29	--	20	26580	卖盘
11:24:00	13.29	0.01	20	26580	买盘
11:23:57	13.28	--	4	5312	卖盘
11:23:54	13.28	-0.01	5	6640	卖盘
11:23:51	13.29	--	5	6645	买盘
11:23:48	13.29	0.01	52	69108	买盘
11:23:45	13.28	-0.01	10	13280	卖盘
11:23:42	13.29	--	60	79740	买盘
11:23:39	13.29	0.01	8	10632	买盘
11:23:33	13.28	-0.01	48	63744	卖盘
11:23:27	13.29	0.01	10	13290	买盘
11:23:21	13.28	--	94	124832	卖盘
11:23:18	13.28	--	54	71712	买盘
11:23:15	13.28	--	2	2656	买盘
11:23:12	13.28	--	254	337312	买盘
11:23:06	13.28	--	1	1328	买盘
11:23:03	13.28	0.01	108	143424	买盘
11:23:00	13.27	--	1	1327	卖盘
11:22:57	13.27	-0.01	8	11889	卖盘
11:22:54	13.28	--	11	14608	买盘
11:22:51	13.28	--	15	19920	买盘
11:22:48	13.28	--	20	26560	买盘
11:22:45	13.28	0.01	111	147408	买盘
11:22:42	13.27	--	29	38483	卖盘
11:22:36	13.27	--	19	25213	卖盘
11:22:33	13.27	--	160	212320	买盘
11:22:30	13.27	--	40	53504	买盘
11:22:27	13.27	--	5	6635	买盘
11:22:24	13.27	0.01	15	19905	买盘
11:22:21	13.26	-0.01	7	9282	卖盘
11:22:15	13.27	--	5	6635	买盘
11:22:12	13.27	--	11	14597	买盘
11:22:09	13.27	0.01	14	18578	买盘
11:22:03	13.26	-0.01	10	13260	卖盘
11:22:00	13.27	0.01	3	3981	买盘
11:21:57	13.26	--	10	13260	卖盘
11:21:51	13.26	-0.01	29	38454	卖盘
11:21:45	13.27	--	7	9289	买盘
11:21:42	13.27	0.01	14	18578	买盘
11:21:39	13.26	--	5	6630	卖盘
11:21:36	13.26	--	14	18564	卖盘
11:21:30	13.26	--	23	30498	卖盘
11:21:27	13.26	--	17	22542	卖盘
11:21:12	13.26	--	33	43758	卖盘
11:21:09	13.26	--	1	1326	卖盘
11:21:06	13.26	-0.01	26	34476	卖盘
11:21:00	13.27	--	49	65023	买盘
11:20:54	13.27	--	20	26540	买盘
11:20:51	13.27	--	31	41137	买盘
11:20:45	13.27	--	20	26540	买盘
11:20:42	13.27	--	41	54407	买盘
11:20:39	13.27	0.01	9	11943	买盘
11:20:36	13.26	-0.01	33	43758	卖盘
11:20:27	13.27	--	30	39810	买盘
11:20:24	13.27	0.01	1	1327	买盘
11:20:21	13.26	--	1	1326	卖盘
11:20:18	13.26	--	8	10608	卖盘
11:20:15	13.26	--	23	30498	卖盘
11:20:12	13.26	--	7	9282	卖盘
11:20:09	13.26	--	1	1326	卖盘
11:20:06	13.26	0.01	198	262548	买盘
11:20:00	13.25	--	29	38425	卖盘
11:19:57	13.25	--	8	10600	卖盘
11:19:54	13.25	--	23	30475	卖盘
11:19:51	13.25	--	58	76850	卖盘
11:19:45	13.25	--	4	5300	卖盘
11:19:42	13.25	--	13	17225	卖盘
11:19:39	13.25	-0.01	23	30475	卖盘
11:19:36	13.26	0.01	2	2652	买盘
11:19:33	13.25	--	24	31800	卖盘
11:19:24	13.25	--	31	41075	卖盘
11:19:21	13.25	--	11	14575	卖盘
11:19:15	13.25	--	9	11925	买盘
11:19:12	13.25	-0.01	17	22525	中性盘
11:19:09	13.26	--	12	15912	买盘
11:19:06	13.26	0.01	7	9282	买盘
11:19:03	13.25	0.01	45	59625	中性盘
11:18:57	13.24	-0.01	42	55608	卖盘
11:18:54	13.25	--	6	7950	买盘
11:18:51	13.25	--	14	18550	卖盘
11:18:48	13.25	0.01	21	27825	卖盘
11:18:45	13.24	-0.01	70	92680	卖盘
11:18:42	13.25	--	6	7950	买盘
11:18:36	13.25	--	33	43725	卖盘
11:18:33	13.25	--	39	51675	卖盘
11:18:30	13.25	--	8	10600	卖盘
11:18:21	13.25	0.01	198	262350	买盘
11:18:18	13.24	-0.01	3	3972	卖盘
11:18:15	13.25	--	42	55650	买盘
11:18:12	13.25	--	20	26500	买盘
11:18:09	13.25	--	14	18550	买盘
11:18:06	13.25	-0.01	132	174900	卖盘
11:18:03	13.26	0.01	26	34476	买盘
11:18:00	13.25	--	23	30475	卖盘
11:17:54	13.25	-0.01	103	136475	卖盘
11:17:51	13.26	0.01	2	2652	买盘
11:17:36	13.25	--	3	3975	卖盘
11:17:33	13.25	--	25	33125	买盘
11:17:30	13.25	0.01	30	39750	中性盘
11:17:27	13.24	-0.01	52	68848	卖盘
11:17:24	13.25	--	46	60950	买盘
11:17:21	13.25	--	2	2650	买盘
11:17:18	13.25	--	18	23850	买盘
11:17:15	13.25	--	28	37100	买盘
11:17:12	13.25	0.01	41	54325	买盘
11:17:09	13.24	--	17	22508	卖盘
11:17:06	13.24	-0.01	10	13240	卖盘
11:17:03	13.25	--	16	21200	买盘
11:17:00	13.25	--	5	6625	买盘
11:16:57	13.25	--	10	13250	买盘
11:16:54	13.25	--	10	13250	买盘
11:16:51	13.25	-0.01	41	54325	卖盘
11:16:48	13.26	0.01	2	2652	买盘
11:16:45	13.25	--	20	26500	卖盘
11:16:39	13.25	--	1	1325	中性盘
11:16:36	13.25	0.01	1	1325	买盘
11:16:33	13.24	-0.01	17	22508	卖盘
11:16:30	13.25	0.01	20	26500	中性盘
11:16:27	13.24	-0.01	35	46340	卖盘
11:16:24	13.25	-0.01	2	2650	卖盘
11:16:21	13.26	0.02	3	3978	买盘
11:16:15	13.24	-0.01	75	99432	卖盘
11:16:12	13.25	--	6	9142	卖盘
11:16:06	13.25	--	4	5432	买盘
11:16:03	13.25	--	50	66250	买盘
11:16:00	13.25	--	5	6625	买盘
11:15:57	13.25	--	41	54325	买盘
11:15:54	13.25	--	13	17225	买盘
11:15:51	13.25	--	164	218492	卖盘
11:15:48	13.25	--	2	2650	卖盘
11:15:45	13.25	--	23	30475	卖盘
11:15:42	13.25	--	49	64925	卖盘
11:15:39	13.25	-0.01	82	108650	卖盘
11:15:36	13.26	0.01	4	5304	买盘
11:15:30	13.25	-0.01	37	49025	卖盘
11:15:27	13.26	--	30	39780	买盘
11:15:21	13.26	--	10	13260	买盘
11:15:18	13.26	--	14	18564	买盘
11:15:15	13.26	--	4	5304	卖盘
11:15:12	13.26	--	23	30498	卖盘
11:15:09	13.26	--	1	1326	卖盘
11:15:06	13.26	0.01	23	30498	买盘
11:15:03	13.25	-0.01	64	84800	卖盘
11:15:00	13.26	0.01	7	9282	买盘
11:14:57	13.25	--	26	34450	卖盘
11:14:51	13.25	--	37	49025	卖盘
11:14:48	13.25	-0.01	77	102025	卖盘
11:14:45	13.26	0.01	5	6630	买盘
11:14:42	13.25	-0.01	5	6625	卖盘
11:14:36	13.26	0.01	11	14586	买盘
11:14:33	13.25	-0.01	22	29150	卖盘
11:14:30	13.26	0.01	18	23868	买盘
11:14:27	13.25	-0.01	31	41075	卖盘
11:14:24	13.26	--	26	34476	买盘
11:14:21	13.26	--	13	17238	买盘
11:14:15	13.26	0.01	1	1326	买盘
11:14:12	13.25	--	11	14575	卖盘
11:14:06	13.25	-0.01	1	1325	卖盘
11:14:00	13.26	0.01	6	7956	买盘
11:13:54	13.25	-0.01	13	17357	卖盘
11:13:51	13.26	0.01	28	37128	买盘
11:13:45	13.25	--	23	30475	卖盘
11:13:39	13.25	-0.01	6	7950	中性盘
11:13:33	13.26	0.01	208	275808	买盘
11:13:27	13.25	-0.01	69	91425	卖盘
11:13:24	13.26	0.02	66	87516	买盘
11:13:21	13.24	--	107	141668	卖盘
11:13:18	13.24	-0.01	39	51636	卖盘
11:13:15	13.25	--	44	58300	买盘
11:13:12	13.25	--	10	13250	买盘
11:13:09	13.25	--	6	7950	买盘
11:13:06	13.25	--	14	18550	买盘
11:13:03	13.25	--	5	6625	买盘
11:13:00	13.25	--	1	1325	买盘
11:12:57	13.25	--	20	26500	买盘
11:12:51	13.25	0.01	4	5300	买盘
11:12:48	13.24	-0.01	57	75468	卖盘
11:12:45	13.25	--	22	29150	买盘
11:12:42	13.25	--	27	35775	买盘
11:12:39	13.25	--	8	10600	买盘
11:12:36	13.25	--	515	682375	买盘
11:12:33	13.25	--	19	25175	买盘
11:12:30	13.25	--	3	3975	买盘
11:12:27	13.25	--	104	137800	买盘
11:12:21	13.25	0.01	47	62275	买盘
11:12:18	13.24	-0.01	8	10592	卖盘
11:12:09	13.25	--	10	13250	买盘
11:12:06	13.25	0.01	71	94075	买盘
11:12:03	13.24	--	117	154908	卖盘
11:12:00	13.24	-0.01	78	103272	卖盘
11:11:57	13.25	0.01	11	14575	买盘
11:11:54	13.24	-0.01	13	17212	卖盘
11:11:51	13.25	--	16	21200	买盘
11:11:48	13.25	--	15	19875	买盘
11:11:45	13.25	--	50	66250	买盘
11:11:42	13.25	--	9	11925	买盘
11:11:39	13.25	--	7	9275	买盘
11:11:33	13.25	--	22	29150	买盘
11:11:30	13.25	--	10	13250	买盘
11:11:27	13.25	--	95	125875	卖盘
11:11:24	13.25	-0.01	2	2650	卖盘
11:11:21	13.26	--	84	111384	买盘
11:11:18	13.26	0.01	42	55692	买盘
11:11:15	13.25	--	501	663825	卖盘
11:11:09	13.25	-0.01	58	76850	卖盘
11:11:06	13.26	0.01	5	6630	买盘
11:11:03	13.25	--	5	6625	卖盘
11:11:00	13.25	-0.01	39	51675	卖盘
11:10:57	13.26	0.01	10	13260	买盘
11:10:54	13.25	-0.01	34	45050	卖盘
11:10:51	13.26	0.01	127	168402	买盘
11:10:48	13.25	--	3	3975	卖盘
11:10:45	13.25	-0.01	30	39750	卖盘
11:10:42	13.26	--	5	6630	买盘
11:10:39	13.26	--	32	43625	卖盘
11:10:36	13.26	--	58	76908	卖盘
11:10:33	13.26	-0.01	16	21216	卖盘
11:10:30	13.27	0.01	25	33175	买盘
11:10:24	13.26	--	1	1326	卖盘
11:10:18	13.26	--	19	25194	卖盘
11:10:15	13.26	--	65	86190	卖盘
11:10:09	13.26	--	35	46410	卖盘
11:10:06	13.26	--	27	35802	卖盘
11:10:03	13.26	--	5	6630	卖盘
11:10:00	13.26	-0.02	36	47736	卖盘
11:09:54	13.28	--	22	29216	买盘
11:09:51	13.28	0.02	94	124832	买盘
11:09:48	13.26	-0.02	75	99450	卖盘
11:09:45	13.28	--	151	200528	买盘
11:09:42	13.28	-0.01	52	69056	卖盘
11:09:39	13.29	0.01	2	2658	买盘
11:09:33	13.28	--	2	2656	卖盘
11:09:30	13.28	--	76	100928	卖盘
11:09:27	13.28	--	7	9296	卖盘
11:09:24	13.28	--	10	13280	卖盘
11:09:18	13.28	--	41	54448	卖盘
11:09:12	13.28	--	13	17264	卖盘
11:09:09	13.28	--	10	13280	卖盘
11:09:06	13.28	--	21	27888	卖盘
11:09:03	13.28	--	45	59760	卖盘
11:08:57	13.28	--	39	51792	买盘
11:08:51	13.28	--	7	9296	买盘
11:08:48	13.28	--	10	13280	买盘
11:08:45	13.28	--	31	41168	买盘
11:08:39	13.28	--	2	2656	买盘
11:08:36	13.28	--	18	23904	买盘
11:08:30	13.28	--	1	1328	买盘
11:08:27	13.28	--	19	25232	买盘
11:08:21	13.28	--	5	6640	买盘
11:08:12	13.28	--	11	14608	买盘
11:08:06	13.28	--	20	26560	买盘
11:08:03	13.28	0.01	31	41168	买盘
11:07:57	13.27	--	4	5308	卖盘
11:07:54	13.27	--	251	333209	买盘
11:07:51	13.27	--	30	39810	买盘
11:07:48	13.27	0.01	20	26540	买盘
11:07:45	13.26	--	6	7956	卖盘
11:07:42	13.26	-0.01	1	1326	卖盘
11:07:39	13.27	0.01	5	6635	买盘
11:07:36	13.26	--	21	27846	卖盘
11:07:30	13.26	--	16	21216	卖盘
11:07:21	13.26	--	10	13260	卖盘
11:07:09	13.26	0.01	26	34476	买盘
11:07:06	13.25	-0.01	100	132500	卖盘
11:07:03	13.26	0.01	134	177684	买盘
11:07:00	13.25	--	16	21200	卖盘
11:06:48	13.25	--	5	6625	卖盘
11:06:45	13.25	--	17	22525	卖盘
11:06:42	13.25	--	25	33125	卖盘
11:06:39	13.25	--	11	14575	卖盘
11:06:36	13.25	--	20	26500	卖盘
11:06:33	13.25	--	79	104675	卖盘
11:06:30	13.25	--	4	5300	卖盘
11:06:24	13.25	--	6	7950	卖盘
11:06:21	13.25	--	8	10600	买盘
11:06:18	13.25	--	67	88775	买盘
11:06:15	13.25	--	18	23850	买盘
11:06:12	13.25	-0.01	143	189475	卖盘
11:06:09	13.26	--	15	19890	买盘
11:06:06	13.26	0.01	11	14586	买盘
11:06:03	13.25	-0.01	809	1071925	卖盘
11:06:00	13.26	0.01	42	55692	买盘
11:05:57	13.25	-0.01	250	331250	卖盘
11:05:54	13.26	--	10	13260	买盘
11:05:48	13.26	--	30	39780	买盘
11:05:45	13.26	--	138	182988	买盘
11:05:42	13.26	--	50	66300	买盘
11:05:39	13.26	0.01	5	6630	买盘
11:05:36	13.25	-0.01	323	427975	卖盘
11:05:33	13.26	--	823	1091298	卖盘
11:05:27	13.26	-0.01	4	5304	卖盘
11:05:24	13.27	--	19	25213	买盘
11:05:21	13.27	0.01	23	30521	买盘
11:05:18	13.26	-0.01	5	6630	卖盘
11:05:09	13.27	0.01	15	19905	买盘
11:05:06	13.26	--	30	39780	卖盘
11:05:03	13.26	-0.01	55	72930	卖盘
11:05:00	13.27	--	13	17251	买盘
11:04:54	13.27	0.01	9	11943	买盘
11:04:51	13.26	-0.01	5	6630	卖盘
11:04:48	13.27	0.01	9	11943	中性盘
11:04:45	13.26	-0.01	26	34476	卖盘
11:04:42	13.27	-0.01	11	14597	卖盘
11:04:39	13.28	--	5	6640	买盘
11:04:36	13.28	0.01	20	26560	买盘
11:04:33	13.27	--	10	13270	卖盘
11:04:30	13.27	--	68	90236	卖盘
11:04:27	13.27	-0.01	247	327769	卖盘
11:04:24	13.28	--	11	14608	买盘
11:04:21	13.28	--	5	6640	买盘
11:04:18	13.28	--	112	148736	卖盘
11:04:15	13.28	--	31	41168	卖盘
11:04:12	13.28	-0.01	11	14608	卖盘
11:04:09	13.29	0.01	38	50502	买盘
11:04:03	13.28	--	14	18592	卖盘
11:04:00	13.28	-0.01	16	21248	卖盘
11:03:57	13.29	0.01	51	67779	买盘
11:03:54	13.28	-0.01	1	1328	卖盘
11:03:51	13.29	0.01	2	2658	买盘
11:03:48	13.28	-0.01	37	49136	卖盘
11:03:42	13.29	0.01	3	3986	买盘
11:03:39	13.28	--	30	39840	中性盘
11:03:21	13.28	--	45	59760	买盘
11:03:18	13.28	--	1	1328	买盘
11:03:06	13.28	--	14	18592	买盘
11:03:03	13.28	--	18	23904	买盘
11:03:00	13.28	--	2	2656	卖盘
11:02:57	13.28	--	48	63744	卖盘
11:02:54	13.28	--	8	10624	卖盘
11:02:45	13.28	0.01	3	3984	中性盘
11:02:39	13.27	-0.01	83	110141	卖盘
11:02:36	13.28	--	37	49136	买盘
11:02:24	13.28	--	32	42496	买盘
11:02:18	13.28	--	7	9296	买盘
11:02:15	13.28	--	19	25232	买盘
11:02:09	13.28	0.01	13	17264	买盘
11:02:00	13.27	--	8	10616	卖盘
11:01:48	13.27	--	8	10616	卖盘
11:01:45	13.27	--	10	13270	卖盘
11:01:42	13.27	-0.01	5	6635	卖盘
11:01:39	13.28	--	3	3984	买盘
11:01:36	13.28	--	23	30544	买盘
11:01:27	13.28	--	7	9296	买盘
11:01:21	13.28	--	284	377152	卖盘
11:01:18	13.28	-0.01	35	46480	卖盘
11:01:15	13.29	0.01	18	23922	买盘
11:01:09	13.28	--	32	42496	卖盘
11:01:00	13.28	--	17	22576	卖盘
11:00:57	13.28	--	12	15936	卖盘
11:00:54	13.28	--	5	6640	卖盘
11:00:51	13.28	--	7	9296	卖盘
11:00:48	13.28	--	30	39840	卖盘
11:00:45	13.28	--	1	1328	卖盘
11:00:36	13.28	--	4	5312	卖盘
11:00:33	13.28	--	21	27888	卖盘
11:00:30	13.28	--	105	139440	卖盘
11:00:27	13.28	--	10	13280	卖盘
11:00:18	13.28	-0.01	33	43824	卖盘
11:00:15	13.29	--	29	38541	买盘
11:00:09	13.29	--	2	2658	买盘
11:00:06	13.29	--	1	1329	买盘
11:00:03	13.29	-0.01	246	326934	卖盘
11:00:00	13.3	--	15	19950	买盘
10:59:57	13.3	--	10	13300	买盘
10:59:54	13.3	--	100	133000	买盘
10:59:51	13.3	0.01	21	27930	买盘
10:59:45	13.29	-0.01	13	17277	卖盘
10:59:36	13.3	--	12	15960	买盘
10:59:33	13.3	0.01	1	1330	买盘
10:59:24	13.29	-0.01	1	1329	卖盘
10:59:21	13.3	--	9	11970	买盘
10:59:18	13.3	--	10	13300	买盘
10:59:12	13.3	0.01	13	17290	买盘
10:59:06	13.29	-0.01	11	14618	卖盘
10:59:03	13.3	--	1	1330	买盘
10:59:00	13.3	0.01	3	3990	买盘
10:58:57	13.29	-0.01	10	13290	卖盘
10:58:54	13.3	-0.01	5	6650	中性盘
10:58:48	13.31	0.01	114	151734	买盘
10:58:45	13.3	--	18	23940	卖盘
10:58:42	13.3	--	9	11970	买盘
10:58:39	13.3	--	21	27930	买盘
10:58:36	13.3	0.01	6	7980	买盘
10:58:33	13.29	-0.01	39	51831	卖盘
10:58:27	13.3	--	15	19950	卖盘
10:58:24	13.3	--	5	6650	买盘
10:58:21	13.3	-0.01	55	73150	卖盘
10:58:18	13.31	0.02	10	13310	买盘
10:58:09	13.29	-0.01	10	13290	卖盘
10:58:06	13.3	--	16	21280	买盘
10:58:03	13.3	0.01	40	53200	买盘
10:58:00	13.29	-0.01	35	46515	卖盘
10:57:57	13.3	0.01	10	13300	买盘
10:57:54	13.29	-0.01	14	18606	卖盘
10:57:51	13.3	0.01	7	9310	买盘
10:57:48	13.29	--	5	6645	卖盘
10:57:45	13.29	--	9	11961	卖盘
10:57:42	13.29	--	23	30566	卖盘
10:57:39	13.29	-0.01	76	101004	卖盘
10:57:36	13.3	0.01	75	99750	买盘
10:57:33	13.29	-0.01	10	13290	卖盘
10:57:30	13.3	--	23	30590	买盘
10:57:27	13.3	--	61	81130	买盘
10:57:24	13.3	--	8	10640	买盘
10:57:21	13.3	--	170	226100	买盘
10:57:18	13.3	--	3	3990	买盘
10:57:15	13.3	--	30	39900	买盘
10:57:12	13.3	0.01	25	33250	买盘
10:57:09	13.29	-0.01	15	19935	卖盘
10:57:06	13.3	--	25	33250	买盘
10:57:03	13.3	--	114	151620	买盘
10:57:00	13.3	0.01	200	266000	买盘
10:56:57	13.29	-0.01	9	11961	卖盘
10:56:51	13.3	--	12	15960	买盘
10:56:48	13.3	0.01	2	2660	买盘
10:56:30	13.29	--	5	6645	卖盘
10:56:21	13.29	--	16	21264	卖盘
10:56:15	13.29	--	43	57146	买盘
10:56:09	13.29	--	89	118280	买盘
10:56:06	13.29	--	2	2658	买盘
10:56:03	13.29	0.01	13	17277	买盘
10:56:00	13.28	-0.01	19	25232	卖盘
10:55:57	13.29	--	254	337566	卖盘
10:55:48	13.29	--	19	25251	卖盘
10:55:42	13.29	--	116	154164	买盘
10:55:33	13.29	--	33	43857	买盘
10:55:27	13.29	0.01	10	13290	买盘
10:55:24	13.28	-0.01	3	3984	卖盘
10:55:21	13.29	0.01	81	107649	买盘
10:55:18	13.28	-0.01	5	6640	卖盘
10:55:15	13.29	--	11	14618	买盘
10:55:09	13.29	0.01	4	5316	买盘
10:54:57	13.28	-0.01	1	1328	卖盘
10:54:54	13.29	--	18	23922	买盘
10:54:51	13.29	0.01	76	101004	买盘
10:54:48	13.28	--	4	5312	卖盘
10:54:45	13.28	-0.01	38	50464	卖盘
10:54:42	13.29	0.01	16	21264	买盘
10:54:39	13.28	--	103	136784	卖盘
10:54:36	13.28	--	1	1328	卖盘
10:54:33	13.28	-0.01	142	188576	卖盘
10:54:30	13.29	--	1	1329	买盘
10:54:27	13.29	0.01	20	26580	买盘
10:54:24	13.28	-0.01	14	18592	卖盘
10:54:21	13.29	0.01	26	34554	买盘
10:54:18	13.28	-0.01	6	7968	卖盘
10:54:12	13.29	0.01	42	55818	买盘
10:54:06	13.28	-0.01	12	15936	卖盘
10:54:03	13.29	--	4	5316	买盘
10:54:00	13.29	--	4	5316	卖盘
10:53:54	13.29	--	10	13290	卖盘
10:53:51	13.29	--	17	22593	卖盘
10:53:48	13.29	--	2	2658	卖盘
10:53:45	13.29	0.01	57	75753	买盘
10:53:42	13.28	-0.01	15	19920	卖盘
10:53:39	13.29	0.01	1	1329	买盘
10:53:36	13.28	--	18	23904	卖盘
10:53:33	13.28	-0.01	158	209824	卖盘
10:53:30	13.29	0.01	10	13290	买盘
10:53:27	13.28	-0.01	21	27888	卖盘
10:53:24	13.29	--	1	1329	买盘
10:53:21	13.29	--	49	65120	买盘
10:53:18	13.29	--	113	150177	买盘
10:53:15	13.29	--	20	26580	买盘
10:53:12	13.29	--	35	46515	买盘
10:53:09	13.29	--	51	67779	买盘
10:53:06	13.29	0.01	31	41199	买盘
10:53:03	13.28	--	10	13280	卖盘
10:52:57	13.28	--	25	33200	卖盘
10:52:54	13.28	--	24	31872	卖盘
10:52:51	13.28	-0.01	10	13280	卖盘
10:52:45	13.29	0.01	10	13290	买盘
10:52:39	13.28	--	15	19920	卖盘
10:52:36	13.28	-0.01	25	33200	卖盘
10:52:33	13.29	--	30	39870	买盘
10:52:24	13.29	0.01	1	1329	买盘
10:52:21	13.28	--	9	11952	卖盘
10:52:15	13.28	--	11	14608	卖盘
10:52:12	13.28	-0.01	44	58432	卖盘
10:52:09	13.29	0.01	22	29237	买盘
10:52:06	13.28	-0.01	5	6640	卖盘
10:52:03	13.29	0.01	35	46515	买盘
10:52:00	13.28	--	14	18592	卖盘
10:51:57	13.28	-0.01	10	13280	卖盘
10:51:54	13.29	0.01	39	51831	买盘
10:51:45	13.28	-0.01	10	13280	卖盘
10:51:33	13.29	--	91	120938	买盘
10:51:30	13.29	0.01	6	7973	买盘
10:51:27	13.28	-0.01	22	29216	卖盘
10:51:24	13.29	0.01	25	33225	买盘
10:51:21	13.28	--	2	2656	卖盘
10:51:15	13.28	-0.01	17	22576	卖盘
10:51:12	13.29	--	3	3986	买盘
10:51:09	13.29	--	27	35883	买盘
10:51:03	13.29	0.01	20	26580	买盘
10:51:00	13.28	--	12	15936	买盘
10:50:57	13.28	--	59	78352	卖盘
10:50:54	13.28	--	8	10624	卖盘
10:50:48	13.28	--	10	13280	卖盘
10:50:45	13.28	--	21	27888	买盘
10:50:42	13.28	--	24	31872	卖盘
10:50:39	13.28	--	1	1328	卖盘
10:50:30	13.28	-0.01	7	9296	中性盘
10:50:27	13.29	--	27	35883	买盘
10:50:24	13.29	0.01	55	73095	买盘
10:50:21	13.28	--	2	2656	买盘
10:50:15	13.28	--	27	35856	买盘
10:50:12	13.28	--	85	112880	买盘
10:50:09	13.28	--	2	2656	买盘
10:50:06	13.28	--	12	15936	卖盘
10:50:03	13.28	-0.01	45	59760	卖盘
10:50:00	13.29	0.01	13	17277	买盘
10:49:57	13.28	-0.01	8	10624	卖盘
10:49:48	13.29	--	21	27909	买盘
10:49:45	13.29	--	2	2658	买盘
10:49:42	13.29	--	3	3986	买盘
10:49:36	13.29	--	2	2658	买盘
10:49:33	13.29	--	98	130241	卖盘
10:49:24	13.29	-0.01	4	5316	卖盘
10:49:18	13.3	0.01	7	9310	买盘
10:49:15	13.29	--	14	18606	卖盘
10:49:12	13.29	--	84	111636	卖盘
10:49:09	13.29	-0.01	1	1329	卖盘
10:49:06	13.3	0.01	5	6650	买盘
10:49:00	13.29	-0.01	210	279090	卖盘
10:48:54	13.3	0.01	5	6650	买盘
10:48:48	13.29	--	80	106320	卖盘
10:48:45	13.29	--	9	11961	卖盘
10:48:42	13.29	--	1	1329	卖盘
10:48:36	13.29	--	1	1329	卖盘
10:48:27	13.29	-0.01	12	15947	卖盘
10:48:24	13.3	--	10	13300	买盘
10:48:18	13.3	0.01	9	11970	买盘
10:48:12	13.29	-0.01	17	22593	卖盘
10:48:03	13.3	0.01	40	53200	买盘
10:48:00	13.29	-0.01	11	14618	卖盘
10:47:54	13.3	0.01	75	99750	买盘
10:47:51	13.29	-0.01	5	6645	卖盘
10:47:45	13.3	--	7	9310	买盘
10:47:42	13.3	0.01	20	26600	买盘
10:47:36	13.29	--	80	106320	卖盘
10:47:33	13.29	-0.01	35	46515	卖盘
10:47:27	13.3	--	10	13300	买盘
10:47:21	13.3	--	3	3990	买盘
10:47:09	13.3	0.01	8	10640	买盘
10:47:06	13.29	--	8	10632	卖盘
10:47:03	13.29	--	30	39870	卖盘
10:47:00	13.29	--	121	160809	买盘
10:46:57	13.29	--	7	9303	买盘
10:46:54	13.29	--	8	10632	买盘
10:46:51	13.29	--	3	3986	买盘
10:46:42	13.29	--	415	551535	买盘
10:46:39	13.29	--	200	265800	买盘
10:46:36	13.29	--	2	2658	买盘
10:46:30	13.29	--	1	1329	买盘
10:46:27	13.29	--	10	13290	买盘
10:46:24	13.29	--	162	215298	卖盘
10:46:18	13.29	-0.01	2	2658	卖盘
10:46:15	13.3	--	14	18620	买盘
10:46:12	13.3	--	7	9310	买盘
10:46:09	13.3	--	10	13300	买盘
10:46:06	13.3	--	403	535990	卖盘
10:46:03	13.3	--	5	6650	卖盘
10:46:00	13.3	--	123	163590	卖盘
10:45:54	13.3	--	109	144970	卖盘
10:45:51	13.3	--	10	13300	卖盘
10:45:45	13.3	--	4	5320	卖盘
10:45:42	13.3	--	462	614460	买盘
10:45:39	13.3	-0.01	42	55860	卖盘
10:45:36	13.31	--	21	27951	买盘
10:45:33	13.31	0.01	7	9317	买盘
10:45:27	13.3	-0.01	8	10640	中性盘
10:45:24	13.31	0.01	75	99825	买盘
10:45:21	13.3	-0.01	12	15960	卖盘
10:45:15	13.31	0.01	8	10648	买盘
10:45:12	13.3	-0.01	5	6650	卖盘
10:45:09	13.31	0.01	50	66550	买盘
10:45:06	13.3	-0.01	7	9310	卖盘
10:45:03	13.31	--	38	50578	买盘
10:44:57	13.31	--	1	1331	买盘
10:44:54	13.31	--	29	38599	买盘
10:44:51	13.31	0.01	4	5324	买盘
10:44:48	13.3	-0.01	1	1330	卖盘
10:44:39	13.31	--	52	69212	买盘
10:44:30	13.31	--	22	29282	买盘
10:44:27	13.31	--	15	19965	买盘
10:44:24	13.31	--	20	26620	买盘
10:44:21	13.31	0.01	18	23958	买盘
10:44:18	13.3	-0.01	7	9310	卖盘
10:44:15	13.31	--	29	38599	买盘
10:44:09	13.31	-0.01	21	28722	卖盘
10:44:06	13.32	0.01	71	94572	买盘
10:44:03	13.31	--	7	9317	卖盘
10:44:00	13.31	0.01	64	85743	买盘
10:43:51	13.3	--	22	29260	买盘
10:43:42	13.3	0.01	20	26600	买盘
10:43:39	13.29	0.01	7	9303	中性盘
10:43:30	13.28	--	5	6640	买盘
10:43:24	13.28	--	30	39840	买盘
10:43:21	13.28	-0.03	75	99600	卖盘
10:43:18	13.31	0.03	221	294151	买盘
10:43:15	13.28	-0.01	81	107568	卖盘
10:43:12	13.29	--	11	14618	买盘
10:43:09	13.29	0.01	65	86385	买盘
10:43:03	13.28	-0.01	30	39840	卖盘
10:42:54	13.29	0.01	50	66450	买盘
10:42:51	13.28	-0.01	2	2656	卖盘
10:42:48	13.29	0.01	23	30566	买盘
10:42:45	13.28	-0.01	15	19920	卖盘
10:42:42	13.29	--	14	18606	买盘
10:42:39	13.29	--	315	418635	买盘
10:42:36	13.29	--	35	46515	买盘
10:42:33	13.29	--	16	21264	买盘
10:42:30	13.29	--	17	22593	买盘
10:42:27	13.29	--	58	77082	买盘
10:42:24	13.29	--	38	50502	卖盘
10:42:21	13.29	--	2	2658	卖盘
10:42:18	13.29	-0.01	1	1329	卖盘
10:42:15	13.3	--	9	11970	买盘
10:42:12	13.3	0.01	20	26600	买盘
10:42:09	13.29	-0.01	7	9303	卖盘
10:42:06	13.3	0.01	94	125020	买盘
10:42:03	13.29	--	10	13290	卖盘
10:41:57	13.29	--	5	6645	卖盘
10:41:54	13.29	--	40	53160	卖盘
10:41:51	13.29	--	4	5316	卖盘
10:41:48	13.29	--	3	3986	买盘
10:41:42	13.29	-0.01	42	55818	卖盘
10:41:39	13.3	0.01	1	1330	买盘
10:41:33	13.29	--	70	93030	卖盘
10:41:30	13.29	0.01	84	111636	买盘
10:41:27	13.28	-0.01	106	140768	卖盘
10:41:24	13.29	--	5	6645	买盘
10:41:21	13.29	--	15	19935	买盘
10:41:18	13.29	--	5	6645	买盘
10:41:15	13.29	--	1	1329	买盘
10:41:12	13.29	--	28	37212	买盘
10:41:06	13.29	-0.01	129	171441	卖盘
10:41:03	13.3	--	15	19950	买盘
10:40:57	13.3	--	10	13300	买盘
10:40:51	13.3	--	79	105070	买盘
10:40:48	13.3	0.03	50	66500	买盘
10:40:42	13.27	-0.01	40	53080	卖盘
10:40:39	13.28	0.01	19	25232	中性盘
10:40:30	13.27	0.02	501	664827	买盘
10:40:24	13.25	-0.02	301	398825	卖盘
10:40:21	13.27	0.01	8	10616	买盘
10:40:18	13.26	--	31	41106	买盘
10:40:15	13.26	0.01	11	14586	买盘
10:40:12	13.25	0.01	13	17225	买盘
10:40:09	13.24	-0.01	14	18536	卖盘
10:40:06	13.25	0.01	16	21200	买盘
10:40:03	13.24	--	6	7944	卖盘
10:40:00	13.24	--	67	88708	买盘
10:39:57	13.24	--	53	70172	买盘
10:39:54	13.24	--	62	82088	买盘
10:39:51	13.24	--	13	17212	买盘
10:39:48	13.24	--	90	119160	买盘
10:39:45	13.24	--	27	35748	买盘
10:39:42	13.24	--	64	84736	买盘
10:39:39	13.24	--	49	64876	买盘
10:39:36	13.24	--	40	52960	买盘
10:39:33	13.24	-0.01	509	673916	卖盘
10:39:30	13.25	--	81	107325	买盘
10:39:27	13.25	0.01	96	127200	买盘
10:39:24	13.24	--	25	33100	卖盘
10:39:21	13.24	--	152	201248	卖盘
10:39:18	13.24	-0.01	30	39720	卖盘
10:39:15	13.25	--	60	79500	买盘
10:39:12	13.25	--	39	51675	买盘
10:39:09	13.25	0.01	35	46375	买盘
10:39:06	13.24	-0.01	70	92680	卖盘
10:39:03	13.25	0.01	161	213325	买盘
10:39:00	13.24	-0.01	106	140344	卖盘
10:38:57	13.25	0.01	142	188150	买盘
10:38:54	13.24	--	132	174768	卖盘
10:38:51	13.24	-0.01	8	10592	卖盘
10:38:48	13.25	0.01	69	91425	买盘
10:38:45	13.24	--	77	101948	卖盘
10:38:42	13.24	-0.01	99	131076	卖盘
10:38:39	13.25	--	41	54325	买盘
10:38:36	13.25	--	132	174900	买盘
10:38:33	13.25	--	43	56975	买盘
10:38:30	13.25	--	53	70225	买盘
10:38:27	13.25	-0.01	60	79500	卖盘
10:38:24	13.26	0.01	13	17238	买盘
10:38:21	13.25	--	166	219950	卖盘
10:38:18	13.25	--	20	26500	卖盘
10:38:15	13.25	-0.01	17	22525	卖盘
10:38:12	13.26	--	17	22542	买盘
10:38:09	13.26	0.01	32	42432	买盘
10:38:06	13.25	--	3	3975	买盘
10:38:03	13.25	-0.01	37	49025	卖盘
10:38:00	13.26	-0.01	1	1326	中性盘
10:37:54	13.27	0.01	1006	1334962	买盘
10:37:51	13.26	-0.01	258	342108	卖盘
10:37:48	13.27	--	1	1327	买盘
10:37:45	13.27	0.01	17	22559	买盘
10:37:42	13.26	-0.01	33	43758	卖盘
10:37:39	13.27	--	4	5308	卖盘
10:37:36	13.27	--	56	74312	买盘
10:37:33	13.27	--	64	84928	卖盘
10:37:30	13.27	-0.01	322	427294	卖盘
10:37:24	13.28	--	59	78352	买盘
10:37:21	13.28	--	116	154048	买盘
10:37:15	13.28	--	34	45152	买盘
10:37:12	13.28	--	51	67728	卖盘
10:37:09	13.28	--	32	42496	卖盘
10:37:06	13.28	-0.01	209	277552	卖盘
10:37:03	13.29	--	25	33225	买盘
10:37:00	13.29	--	2	2658	买盘
10:36:57	13.29	--	24	31895	买盘
10:36:54	13.29	--	103	136887	买盘
10:36:51	13.29	0.01	2	2658	买盘
10:36:48	13.28	--	18	23904	卖盘
10:36:45	13.28	-0.01	65	86320	卖盘
10:36:42	13.29	0.01	20	26580	买盘
10:36:39	13.28	-0.01	15	19920	卖盘
10:36:36	13.29	0.01	35	46515	买盘
10:36:33	13.28	--	16	21248	卖盘
10:36:30	13.28	-0.01	26	34528	卖盘
10:36:27	13.29	0.01	170	225930	买盘
10:36:24	13.28	--	10	13280	卖盘
10:36:21	13.28	-0.01	6	7968	卖盘
10:36:18	13.29	--	134	178086	买盘
10:36:15	13.29	0.01	30	39870	买盘
10:36:12	13.28	-0.01	12	15936	卖盘
10:36:09	13.29	0.01	114	151506	买盘
10:36:06	13.28	-0.01	16	21248	卖盘
10:36:03	13.29	0.01	121	160809	买盘
10:36:00	13.28	--	16	21248	卖盘
10:35:57	13.28	--	92	122176	卖盘
10:35:54	13.28	--	45	59760	卖盘
10:35:51	13.28	-0.01	10	13280	卖盘
10:35:48	13.29	--	7	9303	买盘
10:35:45	13.29	0.01	128	170112	买盘
10:35:42	13.28	-0.01	90	119520	卖盘
10:35:39	13.29	--	60	79740	买盘
10:35:36	13.29	--	8	10632	买盘
10:35:33	13.29	0.01	3	3986	买盘
10:35:30	13.28	-0.01	18	23904	卖盘
10:35:27	13.29	--	4	5316	买盘
10:35:24	13.29	--	17	22593	买盘
10:35:21	13.29	--	13	17277	买盘
10:35:18	13.29	--	114	151506	买盘
10:35:15	13.29	--	55	73095	买盘
10:35:12	13.29	--	102	135558	买盘
10:35:09	13.29	--	110	146190	卖盘
10:35:06	13.29	-0.01	34	45186	卖盘
10:35:03	13.3	0.01	6	7980	买盘
10:35:00	13.29	--	76	101004	卖盘
10:34:57	13.29	-0.01	27	35883	卖盘
10:34:54	13.3	--	8	10640	买盘
10:34:51	13.3	0.01	2	2660	买盘
10:34:48	13.29	-0.01	14	18606	卖盘
10:34:45	13.3	0.01	1	1330	买盘
10:34:42	13.29	-0.01	50	66450	卖盘
10:34:39	13.3	0.01	11	14630	买盘
10:34:36	13.29	--	12	15947	卖盘
10:34:33	13.29	--	18	23922	卖盘
10:34:30	13.29	--	16	21264	卖盘
10:34:27	13.29	--	62	82398	卖盘
10:34:24	13.29	-0.01	16	21264	卖盘
10:34:21	13.3	0.01	42	55860	买盘
10:34:18	13.29	--	13	17277	卖盘
10:34:15	13.29	--	122	162138	买盘
10:34:12	13.29	0.01	2	2658	买盘
10:34:09	13.28	-0.01	23	30544	卖盘
10:34:06	13.29	--	101	134229	卖盘
10:34:03	13.29	--	56	74424	买盘
10:34:00	13.29	--	66	87714	买盘
10:33:54	13.29	--	10	13290	买盘
10:33:51	13.29	0.01	27	35883	买盘
10:33:48	13.28	-0.01	13	17264	卖盘
10:33:45	13.29	--	3	3986	买盘
10:33:42	13.29	--	30	39870	买盘
10:33:39	13.29	-0.01	7	9303	买盘
10:33:36	13.3	0.01	123	163590	买盘
10:33:33	13.29	-0.01	17	22593	卖盘
10:33:30	13.3	0.01	29	38570	买盘
10:33:27	13.29	--	20	26580	卖盘
10:33:24	13.29	--	68	90372	卖盘
10:33:21	13.29	-0.01	24	31895	卖盘
10:33:18	13.3	--	27	35910	买盘
10:33:15	13.3	--	23	30590	买盘
10:33:12	13.3	0.01	15	19950	买盘
10:33:09	13.29	-0.01	27	35883	卖盘
10:33:06	13.3	--	11	14630	买盘
10:33:03	13.3	--	13	17502	卖盘
10:33:00	13.3	--	25	33250	卖盘
10:32:57	13.3	--	25	33250	卖盘
10:32:54	13.3	--	131	174230	卖盘
10:32:51	13.3	--	20	26600	卖盘
10:32:48	13.3	--	83	110390	卖盘
10:32:45	13.3	--	20	26600	卖盘
10:32:42	13.3	--	551	732830	卖盘
10:32:39	13.3	-0.01	52	69160	卖盘
10:32:36	13.31	0.01	31	41261	买盘
10:32:33	13.3	--	160	212800	卖盘
10:32:30	13.3	-0.01	416	553280	卖盘
10:32:27	13.31	--	21	27951	买盘
10:32:24	13.31	0.01	10	13310	买盘
10:32:21	13.3	--	19	25270	卖盘
10:32:18	13.3	-0.01	99	131670	卖盘
10:32:15	13.31	0.01	415	552365	买盘
10:32:12	13.3	-0.01	51	67830	卖盘
10:32:09	13.31	--	3	3993	买盘
10:32:06	13.31	0.01	21	27951	买盘
10:32:03	13.3	--	15	19950	卖盘
10:32:00	13.3	-0.01	3	3990	卖盘
10:31:57	13.31	0.01	50	66550	买盘
10:31:54	13.3	--	70	93100	卖盘
10:31:51	13.3	--	288	383040	卖盘
10:31:48	13.3	--	34	45220	卖盘
10:31:45	13.3	-0.01	3	3990	卖盘
10:31:42	13.31	0.01	25	33275	买盘
10:31:39	13.3	-0.01	40	54317	卖盘
10:31:36	13.31	--	64	85184	买盘
10:31:33	13.31	0.01	22	29282	买盘
10:31:30	13.3	-0.01	1	1330	卖盘
10:31:27	13.31	--	14	18634	买盘
10:31:24	13.31	0.01	36	47916	买盘
10:31:21	13.3	--	36	47880	卖盘
10:31:18	13.3	--	13	17290	卖盘
10:31:15	13.3	-0.01	5	6650	卖盘
10:31:12	13.31	--	3	3993	买盘
10:31:09	13.31	--	30	39930	买盘
10:31:06	13.31	--	30	39930	买盘
10:31:03	13.31	--	51	67881	买盘
10:31:00	13.31	--	43	57233	买盘
10:30:57	13.31	--	43	57233	卖盘
10:30:54	13.31	--	315	419265	卖盘
10:30:48	13.31	--	7	9317	卖盘
10:30:45	13.31	-0.01	35	46585	卖盘
10:30:42	13.32	0.01	11	14652	买盘
10:30:39	13.31	--	623	829213	卖盘
10:30:33	13.31	-0.01	19	25289	卖盘
10:30:30	13.32	--	59	78588	买盘
10:30:27	13.32	0.01	125	166500	买盘
10:30:24	13.31	-0.01	63	83853	卖盘
10:30:21	13.32	0.01	45	59940	买盘
10:30:18	13.31	-0.01	7	9317	卖盘
10:30:15	13.32	--	7	9324	买盘
10:30:12	13.32	--	27	35964	买盘
10:30:09	13.32	--	89	118548	买盘
10:30:06	13.32	--	65	86580	买盘
10:30:03	13.32	-0.01	288	384361	卖盘
10:30:00	13.33	0.01	90	119970	买盘
10:29:57	13.32	--	23	30636	卖盘
10:29:54	13.32	--	4	5328	卖盘
10:29:51	13.32	--	4	5328	卖盘
10:29:48	13.32	--	1	1332	卖盘
10:29:45	13.32	--	52	69850	买盘
10:29:42	13.32	0.01	37	49284	买盘
10:29:39	13.31	-0.01	55	73205	卖盘
10:29:36	13.32	0.01	63	83916	买盘
10:29:33	13.31	-0.01	7	9317	卖盘
10:29:30	13.32	0.01	7	9324	买盘
10:29:27	13.31	-0.01	46	61226	卖盘
10:29:21	13.32	--	245	326340	买盘
10:29:18	13.32	--	22	29304	买盘
10:29:15	13.32	--	4	5328	买盘
10:29:09	13.32	--	17	22644	买盘
10:29:06	13.32	--	5	6660	买盘
10:29:00	13.32	-0.01	429	572173	卖盘
10:28:57	13.33	0.01	1	1333	买盘
10:28:51	13.32	-0.01	15	19980	卖盘
10:28:48	13.33	--	6	7998	买盘
10:28:42	13.33	0.01	93	123969	买盘
10:28:39	13.32	--	87	115884	卖盘
10:28:36	13.32	-0.01	18	23976	卖盘
10:28:33	13.33	--	24	31992	买盘
10:28:30	13.33	0.01	13	17329	买盘
10:28:27	13.32	--	4	5328	卖盘
10:28:24	13.32	--	115	153180	卖盘
10:28:21	13.32	-0.01	10	13320	卖盘
10:28:15	13.33	0.01	32	42656	买盘
10:28:12	13.32	--	9	11988	卖盘
10:28:09	13.32	-0.01	31	41292	卖盘
10:28:06	13.33	0.01	5	6665	买盘
10:28:03	13.32	--	18	23976	卖盘
10:27:57	13.32	-0.01	1	1332	卖盘
10:27:54	13.33	0.01	30	39990	买盘
10:27:51	13.32	--	52	69264	卖盘
10:27:48	13.32	--	67	89244	卖盘
10:27:45	13.32	-0.01	6	7992	卖盘
10:27:42	13.33	0.01	1	1333	买盘
10:27:39	13.32	--	3	3996	卖盘
10:27:36	13.32	--	1	1332	卖盘
10:27:33	13.32	-0.01	100	133200	卖盘
10:27:30	13.33	--	83	110639	卖盘
10:27:27	13.33	--	24	31992	卖盘
10:27:24	13.33	--	46	61318	卖盘
10:27:21	13.33	--	1	1333	卖盘
10:27:18	13.33	--	99	131967	卖盘
10:27:15	13.33	--	31	41323	卖盘
10:27:12	13.33	--	20	26660	卖盘
10:27:06	13.33	--	22	29326	卖盘
10:27:03	13.33	--	2	2666	卖盘
10:27:00	13.33	-0.01	35	46655	卖盘
10:26:54	13.34	--	7	9338	买盘
10:26:48	13.34	--	8	10672	买盘
10:26:42	13.34	0.01	25	33350	买盘
10:26:39	13.33	-0.01	7	9331	卖盘
10:26:36	13.34	--	13	17342	买盘
10:26:33	13.34	--	10	13340	买盘
10:26:30	13.34	--	96	128064	买盘
10:26:27	13.34	--	10	13340	买盘
10:26:24	13.34	--	1	1334	买盘
10:26:18	13.34	--	40	53973	卖盘
10:26:15	13.34	--	10	13340	卖盘
10:26:12	13.34	--	5	6670	卖盘
10:26:06	13.34	--	6	8004	卖盘
10:26:03	13.34	--	50	66700	卖盘
10:26:00	13.34	--	13	17342	卖盘
10:25:57	13.34	--	17	22678	卖盘
10:25:54	13.34	--	22	29348	卖盘
10:25:51	13.34	0.01	299	399586	买盘
10:25:48	13.33	--	16	21328	卖盘
10:25:45	13.33	--	223	297259	卖盘
10:25:39	13.33	-0.01	84	111972	卖盘
10:25:36	13.34	0.01	7	9338	买盘
10:25:33	13.33	--	16	21328	卖盘
10:25:30	13.33	--	6	7998	卖盘
10:25:24	13.33	--	2	2666	卖盘
10:25:21	13.33	--	8	10664	卖盘
10:25:18	13.33	-0.01	5	6665	卖盘
10:25:15	13.34	0.01	11	14674	买盘
10:25:12	13.33	-0.01	50	66650	卖盘
10:25:09	13.34	--	18	24012	买盘
10:25:06	13.34	0.01	52	69368	买盘
10:25:03	13.33	--	15	19995	卖盘
10:25:00	13.33	--	12	15996	卖盘
10:24:57	13.33	-0.01	40	53320	卖盘
10:24:51	13.34	0.01	4	5336	买盘
10:24:45	13.33	--	20	26660	卖盘
10:24:42	13.33	-0.01	18	23994	卖盘
10:24:39	13.34	0.01	8	10672	买盘
10:24:33	13.33	-0.01	33	43989	卖盘
10:24:30	13.34	--	5	6670	买盘
10:24:27	13.34	--	69	92659	卖盘
10:24:24	13.34	--	16	21344	卖盘
10:24:18	13.34	--	5	6670	卖盘
10:24:15	13.34	--	1	1334	卖盘
10:24:12	13.34	0.01	4	6056	买盘
10:24:06	13.33	--	6	7998	卖盘
10:24:03	13.33	-0.01	279	371907	卖盘
10:24:00	13.34	--	19	25346	买盘
10:23:57	13.34	--	11	15287	卖盘
10:23:54	13.34	--	4	6056	买盘
10:23:51	13.34	0.01	66	88044	买盘
10:23:48	13.33	-0.01	1	1333	卖盘
10:23:45	13.34	0.01	10	13340	买盘
10:23:42	13.33	-0.01	45	59985	卖盘
10:23:39	13.34	--	33	44022	买盘
10:23:36	13.34	0.01	80	106720	买盘
10:23:33	13.33	--	13	17329	卖盘
10:23:30	13.33	-0.01	11	14663	卖盘
10:23:27	13.34	0.01	32	42688	买盘
10:23:24	13.33	-0.01	1	1333	卖盘
10:23:18	13.34	--	5	6670	买盘
10:23:15	13.34	--	35	46690	买盘
10:23:12	13.34	--	50	66700	买盘
10:23:09	13.34	0.01	19	25346	买盘
10:23:06	13.33	--	14	18662	卖盘
10:23:00	13.33	--	58	77314	卖盘
10:22:57	13.33	-0.01	5	6665	卖盘
10:22:54	13.34	0.01	30	40020	买盘
10:22:51	13.33	--	21	27993	卖盘
10:22:45	13.33	--	6	7998	卖盘
10:22:42	13.33	-0.01	23	30659	卖盘
10:22:39	13.34	--	6	8004	买盘
10:22:36	13.34	0.01	14	18676	买盘
10:22:33	13.33	--	30	39990	卖盘
10:22:30	13.33	--	62	82646	卖盘
10:22:27	13.33	-0.01	1	1333	卖盘
10:22:24	13.34	--	22	29348	买盘
10:22:21	13.34	0.01	35	46690	买盘
10:22:18	13.33	--	5	6665	卖盘
10:22:12	13.33	--	12	15996	卖盘
10:22:09	13.33	--	5	6665	卖盘
10:22:06	13.33	--	6	7998	卖盘
10:22:00	13.33	-0.01	34	45322	卖盘
10:21:57	13.34	0.01	18	24012	买盘
10:21:51	13.33	--	39	51987	卖盘
10:21:48	13.33	--	49	65317	卖盘
10:21:45	13.33	--	26	34658	买盘
10:21:42	13.33	--	24	31992	买盘
10:21:39	13.33	--	94	125302	买盘
10:21:33	13.33	--	113	150629	买盘
10:21:30	13.33	0.01	1	1333	买盘
10:21:27	13.32	--	29	38628	卖盘
10:21:24	13.32	--	17	22644	卖盘
10:21:21	13.32	-0.01	170	226440	卖盘
10:21:18	13.33	--	5	6665	买盘
10:21:15	13.33	--	3	3999	买盘
10:21:12	13.33	--	15	19995	买盘
10:21:09	13.33	--	5	6665	买盘
10:21:06	13.33	--	38	50654	买盘
10:21:03	13.33	--	11	14663	卖盘
10:21:00	13.33	--	50	66650	卖盘
10:20:57	13.33	--	55	73315	卖盘
10:20:54	13.33	--	8	10664	卖盘
10:20:51	13.33	-0.01	13	17329	卖盘
10:20:48	13.34	0.01	13	17342	买盘
10:20:45	13.33	--	62	82646	卖盘
10:20:39	13.33	-0.01	12	15996	卖盘
10:20:36	13.34	0.01	23	30682	买盘
10:20:33	13.33	--	5	6665	卖盘
10:20:30	13.33	--	65	86645	卖盘
10:20:27	13.33	--	3	3999	卖盘
10:20:24	13.33	--	148	197284	买盘
10:20:21	13.33	--	15	19995	买盘
10:20:12	13.33	0.01	27	35991	买盘
10:20:06	13.32	-0.01	159	212374	卖盘
10:20:03	13.33	--	5	6665	卖盘
10:19:57	13.33	--	35	46655	卖盘
10:19:54	13.33	--	96	127968	买盘
10:19:51	13.33	--	10	13330	买盘
10:19:48	13.33	--	129	171957	买盘
10:19:45	13.33	0.01	2	2666	买盘
10:19:42	13.32	--	71	94572	卖盘
10:19:36	13.32	-0.01	49	65268	卖盘
10:19:33	13.33	0.01	300	399900	买盘
10:19:30	13.32	--	39	51948	卖盘
10:19:27	13.32	--	19	25308	卖盘
10:19:24	13.32	--	30	39960	卖盘
10:19:21	13.32	-0.01	49	65268	卖盘
10:19:18	13.33	0.01	14	18662	买盘
10:19:15	13.32	--	9	11988	卖盘
10:19:12	13.32	--	110	146520	卖盘
10:19:09	13.32	--	13	17316	卖盘
10:19:06	13.32	--	175	233100	卖盘
10:19:03	13.32	--	10	13320	卖盘
10:19:00	13.32	-0.01	15	19980	卖盘
10:18:57	13.33	0.01	49	65317	买盘
10:18:54	13.32	-0.01	44	58608	卖盘
10:18:51	13.33	--	22	29326	买盘
10:18:48	13.33	0.01	61	81313	买盘
10:18:45	13.32	-0.01	44	58608	卖盘
10:18:42	13.33	--	11	14663	买盘
10:18:39	13.33	--	18	23994	买盘
10:18:36	13.33	0.01	16	21328	买盘
10:18:33	13.32	-0.01	23	30636	卖盘
10:18:30	13.33	0.01	16	21328	买盘
10:18:27	13.32	-0.01	19	25308	卖盘
10:18:24	13.33	0.01	168	223944	买盘
10:18:21	13.32	--	72	95904	卖盘
10:18:18	13.32	--	20	26640	卖盘
10:18:15	13.32	--	49	65268	卖盘
10:18:12	13.32	0.01	182	242424	买盘
10:18:09	13.31	--	45	59895	卖盘
10:18:06	13.31	--	19	25289	卖盘
10:18:03	13.31	-0.01	36	47916	卖盘
10:18:00	13.32	0.01	115	153180	买盘
10:17:57	13.31	--	38	50578	卖盘
10:17:54	13.31	-0.01	336	447216	卖盘
10:17:51	13.32	--	130	173160	卖盘
10:17:48	13.32	--	3	3996	卖盘
10:17:45	13.32	--	99	131868	卖盘
10:17:42	13.32	-0.01	29	38628	卖盘
10:17:39	13.33	0.01	1	1333	买盘
10:17:36	13.32	-0.01	16	21312	卖盘
10:17:33	13.33	--	55	73928	卖盘
10:17:30	13.33	-0.01	157	209281	卖盘
10:17:27	13.34	--	1114	1486076	买盘
10:17:24	13.34	0.01	5	6670	买盘
10:17:21	13.33	-0.01	35	46655	卖盘
10:17:18	13.34	--	67	89378	买盘
10:17:15	13.34	--	1	1334	买盘
10:17:12	13.34	--	19	25346	买盘
10:17:09	13.34	--	27	36018	买盘
10:17:03	13.34	--	6	8004	买盘
10:17:00	13.34	--	391	521594	卖盘
10:16:57	13.34	--	3	4002	卖盘
10:16:54	13.34	--	22	29348	卖盘
10:16:51	13.34	--	9	12006	卖盘
10:16:48	13.34	--	835	1113890	买盘
10:16:42	13.34	--	2	2668	买盘
10:16:39	13.34	--	20	26680	买盘
10:16:36	13.34	-0.01	222	296148	卖盘
10:16:33	13.35	0.01	132	176220	买盘
10:16:30	13.34	-0.01	126	168084	卖盘
10:16:27	13.35	0.01	6	8010	买盘
10:16:24	13.34	--	96	128064	卖盘
10:16:21	13.34	--	152	202768	卖盘
10:16:18	13.34	--	84	112056	卖盘
10:16:15	13.34	-0.01	36	48024	卖盘
10:16:12	13.35	--	18	24030	买盘
10:16:09	13.35	--	118	157530	买盘
10:16:06	13.35	--	10	13350	买盘
10:16:00	13.35	--	32	42720	买盘
10:15:57	13.35	0.01	1	1335	买盘
10:15:54	13.34	-0.01	7	9338	卖盘
10:15:51	13.35	--	39	52065	买盘
10:15:48	13.35	0.01	49	65415	买盘
10:15:45	13.34	--	1	1334	卖盘
10:15:42	13.34	--	3	4002	卖盘
10:15:39	13.34	--	16	21344	卖盘
10:15:36	13.34	--	1	1334	卖盘
10:15:33	13.34	--	69	92046	卖盘
10:15:30	13.34	--	33	44742	买盘
10:15:27	13.34	--	36	48024	买盘
10:15:24	13.34	--	10	13340	买盘
10:15:21	13.34	--	9	12006	买盘
10:15:18	13.34	--	84	112056	买盘
10:15:15	13.34	--	31	41354	买盘
10:15:12	13.34	--	46	61364	买盘
10:15:09	13.34	--	30	40020	买盘
10:15:06	13.34	0.01	104	138736	买盘
10:15:03	13.33	--	26	34658	卖盘
10:15:00	13.33	-0.01	53	70649	卖盘
10:14:57	13.34	0.01	46	61364	买盘
10:14:54	13.33	--	15	19995	卖盘
10:14:51	13.33	--	52	69316	卖盘
10:14:48	13.33	--	52	69316	卖盘
10:14:45	13.33	--	3	3999	卖盘
10:14:42	13.33	--	26	34658	卖盘
10:14:39	13.33	--	79	105307	卖盘
10:14:36	13.33	-0.01	2	2666	卖盘
10:14:33	13.34	0.01	5	6670	买盘
10:14:30	13.33	-0.01	17	22661	卖盘
10:14:27	13.34	0.01	224	298816	买盘
10:14:24	13.33	-0.01	16	21328	卖盘
10:14:21	13.34	--	368	490912	买盘
10:14:18	13.34	--	5	6670	买盘
10:14:15	13.34	0.01	11	14674	买盘
10:14:12	13.33	-0.01	65	86645	卖盘
10:14:09	13.34	0.01	89	118726	卖盘
10:14:06	13.33	-0.02	239	318587	卖盘
10:14:03	13.35	0.01	45	60075	买盘
10:14:00	13.34	--	1	1334	卖盘
10:13:57	13.34	--	13	17342	卖盘
10:13:54	13.34	--	12	16008	买盘
10:13:51	13.34	--	35	46690	买盘
10:13:48	13.34	--	17	22678	买盘
10:13:42	13.34	--	26	34684	买盘
10:13:39	13.34	0.01	2	2668	买盘
10:13:36	13.33	--	35	46655	卖盘
10:13:33	13.33	--	5	6665	卖盘
10:13:30	13.33	-0.01	5	6665	卖盘
10:13:24	13.34	0.01	262	349508	买盘
10:13:21	13.33	0.01	1117	1488961	卖盘
10:13:18	13.32	--	189	251748	卖盘
10:13:15	13.32	-0.01	17	22644	卖盘
10:13:12	13.33	--	101	134633	买盘
10:13:09	13.33	--	7	9331	买盘
10:13:06	13.33	--	91	121303	买盘
10:13:03	13.33	--	33	43989	买盘
10:13:00	13.33	--	175	233275	买盘
10:12:57	13.33	--	28	37324	买盘
10:12:54	13.33	--	9	11997	买盘
10:12:51	13.33	-0.01	351	467883	卖盘
10:12:48	13.34	0.01	41	54694	买盘
10:12:45	13.33	--	15	19995	卖盘
10:12:42	13.33	--	250	333250	卖盘
10:12:39	13.33	--	2	2666	卖盘
10:12:36	13.33	0.01	267	355911	中性盘
10:12:33	13.32	-0.01	47	62604	卖盘
10:12:30	13.33	--	118	157294	买盘
10:12:27	13.33	-0.01	310	413230	卖盘
10:12:24	13.34	--	70	93380	买盘
10:12:18	13.34	--	165	220110	卖盘
10:12:15	13.34	-0.01	9	12006	卖盘
10:12:12	13.35	0.01	25	33375	买盘
10:12:09	13.34	-0.01	308	410872	卖盘
10:12:06	13.35	0.01	13	17355	买盘
10:12:03	13.34	-0.01	19	25346	卖盘
10:12:00	13.35	--	41	54735	买盘
10:11:57	13.35	--	105	140175	买盘
10:11:54	13.35	--	48	64080	卖盘
10:11:51	13.35	-0.01	5	6675	卖盘
10:11:48	13.36	0.01	9	12024	买盘
10:11:45	13.35	-0.01	30	40050	卖盘
10:11:42	13.36	--	43	57448	买盘
10:11:39	13.36	0.01	93	124248	买盘
10:11:36	13.35	-0.01	28	37380	卖盘
10:11:33	13.36	0.01	27	36072	买盘
10:11:30	13.35	-0.01	23	30705	卖盘
10:11:27	13.36	--	9	12024	买盘
10:11:24	13.36	--	79	105544	买盘
10:11:21	13.36	--	123	164328	买盘
10:11:18	13.36	--	38	50768	买盘
10:11:15	13.36	--	73	97528	买盘
10:11:12	13.36	--	17	22712	买盘
10:11:09	13.36	--	47	62792	卖盘
10:11:06	13.36	-0.01	100	133600	卖盘
10:11:03	13.37	0.01	9	12033	买盘
10:11:00	13.36	--	26	34736	卖盘
10:10:57	13.36	--	149	199064	买盘
10:10:54	13.36	--	37	49432	买盘
10:10:51	13.36	--	29	38744	买盘
10:10:48	13.36	0.01	5	6680	买盘
10:10:45	13.35	-0.01	55	73425	卖盘
10:10:42	13.36	--	122	162992	买盘
10:10:39	13.36	--	56	74816	买盘
10:10:36	13.36	--	62	82832	买盘
10:10:33	13.36	--	197	263192	买盘
10:10:30	13.36	--	58	77488	买盘
10:10:27	13.36	0.01	5	6680	买盘
10:10:24	13.35	-0.01	32	42720	卖盘
10:10:21	13.36	--	11	14696	卖盘
10:10:18	13.36	0.01	193	257848	买盘
10:10:15	13.35	--	9	12015	买盘
10:10:12	13.35	0.02	105	140175	买盘
10:10:09	13.33	-0.02	46	61318	卖盘
10:10:06	13.35	0.01	168	224280	买盘
10:10:03	13.34	0.01	20	26680	卖盘
10:10:00	13.33	-0.01	157	209281	卖盘
10:09:57	13.34	--	8	10672	卖盘
10:09:54	13.34	0.01	35	46690	买盘
10:09:51	13.33	--	37	49321	卖盘
10:09:48	13.33	-0.01	41	54653	卖盘
10:09:45	13.34	--	66	88044	买盘
10:09:42	13.34	--	11	14674	买盘
10:09:36	13.34	0.01	63	84042	买盘
10:09:33	13.33	--	65	86645	买盘
10:09:30	13.33	--	27	35991	买盘
10:09:27	13.33	0.01	206	274598	买盘
10:09:24	13.32	0.01	121	161172	买盘
10:09:21	13.31	-0.01	418	556358	卖盘
10:09:18	13.32	0.01	61	81252	买盘
10:09:15	13.31	-0.01	99	131769	卖盘
10:09:12	13.32	0.01	80	106560	买盘
10:09:09	13.31	-0.01	52	69212	卖盘
10:09:06	13.32	0.01	38	50616	买盘
10:09:03	13.31	-0.01	65	86515	卖盘
10:09:00	13.32	--	77	102564	买盘
10:08:57	13.32	0.01	82	109224	买盘
10:08:54	13.31	-0.01	11	14641	卖盘
10:08:51	13.32	--	489	651348	买盘
10:08:48	13.32	--	163	217116	买盘
10:08:45	13.32	--	30	39960	买盘
10:08:42	13.32	0.01	51	67932	买盘
10:08:39	13.31	-0.02	64	85184	卖盘
10:08:36	13.33	0.01	102	135966	买盘
10:08:33	13.32	--	42	55944	买盘
10:08:30	13.32	-0.01	308	410256	卖盘
10:08:24	13.33	--	73	97309	卖盘
10:08:21	13.33	--	152	202616	卖盘
10:08:18	13.33	--	54	71982	卖盘
10:08:15	13.33	--	10	13330	卖盘
10:08:12	13.33	-0.01	18	23994	卖盘
10:08:09	13.34	-0.01	266	354844	卖盘
10:08:06	13.35	--	51	68085	买盘
10:08:03	13.35	--	223	297705	买盘
10:08:00	13.35	--	59	78765	买盘
10:07:57	13.35	--	123	164205	买盘
10:07:54	13.35	--	19	25365	买盘
10:07:51	13.35	--	35	46725	卖盘
10:07:48	13.35	-0.01	105	140175	卖盘
10:07:45	13.36	--	250	334000	买盘
10:07:42	13.36	0.01	120	160320	买盘
10:07:39	13.35	--	3	4005	卖盘
10:07:36	13.35	-0.01	36	48060	卖盘
10:07:33	13.36	--	85	113560	买盘
10:07:30	13.36	0.01	31	41416	买盘
10:07:27	13.35	-0.01	102	136170	卖盘
10:07:24	13.36	0.01	67	89512	买盘
10:07:21	13.35	--	558	744930	卖盘
10:07:18	13.35	--	98	130830	卖盘
10:07:15	13.35	--	86	114810	卖盘
10:07:12	13.35	--	86	114810	卖盘
10:07:09	13.35	--	72	96120	卖盘
10:07:06	13.35	--	12	16020	卖盘
10:07:03	13.35	--	101	134835	卖盘
10:07:00	13.35	--	26	34710	卖盘
10:06:57	13.35	-0.01	4	5340	卖盘
10:06:54	13.36	--	17	22712	买盘
10:06:51	13.36	--	94	125584	卖盘
10:06:48	13.36	--	10	13360	卖盘
10:06:45	13.36	--	19	25384	卖盘
10:06:42	13.36	--	78	104208	卖盘
10:06:39	13.36	--	59	78824	卖盘
10:06:36	13.36	--	40	53440	卖盘
10:06:33	13.36	--	65	86840	卖盘
10:06:30	13.36	--	89	118904	卖盘
10:06:27	13.36	--	67	89512	卖盘
10:06:24	13.36	-0.01	57	76152	买盘
10:06:21	13.37	0.01	12	16043	买盘
10:06:18	13.36	--	280	374080	买盘
10:06:15	13.36	--	101	134936	卖盘
10:06:12	13.36	-0.01	118	157648	卖盘
10:06:09	13.37	0.01	241	322217	买盘
10:06:06	13.36	--	8	10688	卖盘
10:06:03	13.36	--	31	41416	卖盘
10:06:00	13.36	--	130	173680	卖盘
10:05:57	13.36	--	230	307280	卖盘
10:05:54	13.36	-0.01	35	46760	卖盘
10:05:51	13.37	--	66	88242	买盘
10:05:48	13.37	--	8	10696	卖盘
10:05:45	13.37	-0.01	54	72198	卖盘
10:05:42	13.38	--	4	5352	买盘
10:05:39	13.38	0.01	174	232812	买盘
10:05:36	13.37	-0.01	67	89579	卖盘
10:05:33	13.38	0.01	31	41478	买盘
10:05:30	13.37	--	65	86905	卖盘
10:05:27	13.37	-0.01	90	120330	卖盘
10:05:24	13.38	--	182	243516	买盘
10:05:21	13.38	0.01	92	123096	买盘
10:05:18	13.37	-0.01	46	61502	卖盘
10:05:15	13.38	0.01	4	5352	买盘
