成交时间	成交价	价格变动	成交量(手)	成交额(元)	性质
15:00:03	11.13	--	597	665128	卖盘
14:57:00	11.13	-0.01	104	115752	卖盘
14:56:54	11.14	0.01	30	33420	买盘
14:56:51	11.13	--	17	18921	卖盘
14:56:39	11.13	--	8	8904	卖盘
14:56:00	11.13	--	38	42294	卖盘
14:55:57	11.13	--	30	33390	卖盘
14:55:42	11.13	--	10	11130	卖盘
14:55:36	11.13	--	20	22260	卖盘
14:55:27	11.13	-0.01	40	44520	卖盘
14:55:24	11.14	--	11	12254	买盘
14:55:18	11.14	-0.01	43	48793	卖盘
14:55:15	11.15	0.01	51	56865	买盘
14:55:12	11.14	--	20	22280	卖盘
14:55:06	11.14	--	125	139250	卖盘
14:55:03	11.14	--	4	4456	卖盘
14:54:54	11.14	--	19	21166	卖盘
14:54:51	11.14	0.01	121	135016	买盘
14:54:45	11.13	-0.01	26	28938	卖盘
14:54:42	11.14	0.01	37	41218	买盘
14:54:30	11.13	--	50	55650	卖盘
14:54:27	11.13	--	6	6678	卖盘
14:54:21	11.13	--	100	111300	卖盘
14:54:12	11.13	--	81	90598	卖盘
14:54:09	11.13	-0.01	3	3339	卖盘
14:53:54	11.14	--	24	26736	买盘
14:53:51	11.14	--	47	52358	买盘
14:53:42	11.14	0.01	36	40104	买盘
14:53:36	11.13	--	10	11130	买盘
14:53:33	11.13	--	12	13356	买盘
14:53:30	11.13	--	3	3339	买盘
14:53:24	11.13	0.01	14	15582	买盘
14:53:18	11.12	-0.01	4	4448	卖盘
14:53:15	11.13	0.01	2	2226	买盘
14:53:12	11.12	-0.02	42	46704	卖盘
14:53:06	11.14	0.02	106	118084	买盘
14:53:03	11.12	--	27	30023	卖盘
14:53:00	11.12	--	85	94520	卖盘
14:52:48	11.12	-0.01	87	96744	卖盘
14:52:36	11.13	--	5	5999	买盘
14:52:33	11.13	--	18	20034	买盘
14:52:27	11.13	--	3	3339	买盘
14:52:24	11.13	--	17	18921	买盘
14:52:15	11.13	--	10	11130	买盘
14:52:06	11.13	--	11	12921	卖盘
14:52:00	11.13	--	1	1769	卖盘
14:51:57	11.13	--	8	9794	买盘
14:51:51	11.13	-0.01	144	160494	卖盘
14:51:48	11.14	0.01	5	5570	买盘
14:51:39	11.13	--	5	5565	卖盘
14:51:30	11.13	--	193	214809	卖盘
14:51:15	11.13	--	4	4452	卖盘
14:51:06	11.13	--	7	8681	卖盘
14:50:48	11.13	--	5	5565	卖盘
14:50:45	11.13	-0.01	70	77910	卖盘
14:50:33	11.14	0.02	4	4456	买盘
14:50:24	11.12	-0.01	229	255181	卖盘
14:50:21	11.13	--	14	15582	卖盘
14:50:18	11.13	--	5	5565	卖盘
14:50:06	11.13	--	2	2226	卖盘
14:49:45	11.13	-0.01	200	222600	卖盘
14:49:36	11.14	--	10	11140	买盘
14:49:33	11.14	--	302	337096	卖盘
14:49:18	11.14	-0.01	4	4456	卖盘
14:49:12	11.15	0.01	26	28990	买盘
14:48:57	11.14	--	4	4456	卖盘
14:48:48	11.14	--	28	31192	卖盘
14:48:42	11.14	-0.01	4	4456	卖盘
14:48:36	11.15	0.01	47	52405	买盘
14:48:33	11.14	--	4	4456	卖盘
14:48:30	11.14	--	8	8912	卖盘
14:48:18	11.14	--	28	31192	卖盘
14:48:12	11.14	--	16	17824	卖盘
14:48:06	11.14	-0.01	8	8912	卖盘
14:48:00	11.15	0.01	23	25645	中性盘
14:47:48	11.14	--	4	4456	卖盘
14:47:39	11.14	--	4	4456	卖盘
14:47:33	11.14	--	3	3342	卖盘
14:47:30	11.14	-0.01	190	211660	卖盘
14:47:24	11.15	--	30	33450	卖盘
14:47:12	11.15	0.01	25	27875	买盘
14:47:06	11.14	-0.01	83	92462	卖盘
14:46:57	11.15	--	100	111500	买盘
14:46:54	11.15	--	5	5575	买盘
14:46:51	11.15	0.01	5	5575	买盘
14:46:45	11.14	-0.01	2	2673	卖盘
14:46:27	11.15	--	2	2230	买盘
14:46:09	11.15	--	4	4460	买盘
14:45:51	11.15	--	15	16725	卖盘
14:45:36	11.15	0.01	5	5575	买盘
14:45:33	11.14	-0.01	7	7798	卖盘
14:45:30	11.15	--	113	125995	买盘
14:44:57	11.15	0.01	7	7805	中性盘
14:44:30	11.14	-0.02	26	28964	卖盘
14:44:21	11.16	--	10	11160	买盘
14:44:15	11.16	--	10	11160	买盘
14:44:09	11.16	--	135	151117	卖盘
14:44:06	11.16	--	50	55800	卖盘
14:44:00	11.16	--	6	6696	卖盘
14:43:54	11.16	--	340	379440	卖盘
14:43:45	11.16	--	20	22320	卖盘
14:43:42	11.16	-0.01	50	55800	卖盘
14:43:39	11.17	0.01	20	22340	买盘
14:43:21	11.16	--	10	11160	卖盘
14:43:06	11.16	-0.01	10	11160	卖盘
14:43:00	11.17	0.01	139	155263	买盘
14:42:54	11.16	--	27	30132	卖盘
14:42:48	11.16	--	11	12276	卖盘
14:42:45	11.16	--	6	6696	卖盘
14:42:33	11.16	--	15	16740	卖盘
14:42:30	11.16	--	5	5580	卖盘
14:42:27	11.16	--	1	1116	卖盘
14:42:06	11.16	--	58	64951	卖盘
14:42:03	11.16	--	112	124992	卖盘
14:42:00	11.16	--	4	4464	卖盘
14:41:57	11.16	--	4	4464	卖盘
14:41:48	11.16	--	11	12276	卖盘
14:41:42	11.16	--	10	11160	卖盘
14:41:39	11.16	0.03	1012	1129827	买盘
14:41:36	11.13	--	72	80136	卖盘
14:41:33	11.13	--	2	2226	卖盘
14:41:12	11.13	--	12	13356	卖盘
14:41:09	11.13	-0.01	474	527562	卖盘
14:41:00	11.14	--	23	25622	卖盘
14:40:57	11.14	--	4	4456	卖盘
14:40:51	11.14	--	21	24017	卖盘
14:40:48	11.14	--	4	4456	卖盘
14:40:45	11.14	--	11	12254	卖盘
14:40:39	11.14	--	8	8912	卖盘
14:40:36	11.14	--	16	17824	卖盘
14:40:27	11.14	--	8	8912	卖盘
14:40:24	11.14	-0.01	8	8912	卖盘
14:39:51	11.15	0.01	4	4460	买盘
14:39:24	11.14	-0.01	27	30078	卖盘
14:39:21	11.15	--	5	5575	买盘
14:39:09	11.15	--	5	5575	买盘
14:38:54	11.15	--	200	223000	买盘
14:38:51	11.15	0.01	11	12265	买盘
14:38:48	11.14	--	10	11140	卖盘
14:38:45	11.14	-0.01	16	17824	卖盘
14:38:27	11.15	0.01	22	24530	买盘
14:38:18	11.14	--	17	18938	卖盘
14:38:00	11.14	-0.01	10	11140	卖盘
14:37:54	11.15	--	15	16725	买盘
14:37:33	11.15	--	30	33450	买盘
14:37:30	11.15	--	5	5575	买盘
14:37:27	11.15	0.01	20	22300	买盘
14:37:24	11.14	-0.01	3	3342	卖盘
14:37:18	11.15	0.01	150	167250	买盘
14:37:15	11.14	-0.01	4	4456	卖盘
14:37:00	11.15	0.01	1	1115	买盘
14:36:51	11.14	--	31	34534	卖盘
14:36:39	11.14	-0.01	30	33420	卖盘
14:36:15	11.15	0.01	20	22300	买盘
14:36:00	11.14	-0.01	5	5570	卖盘
14:35:57	11.15	0.01	21	23415	买盘
14:35:51	11.14	--	9	10026	卖盘
14:35:09	11.14	--	10	11140	卖盘
14:34:36	11.14	--	25	27894	买盘
14:34:21	11.14	--	3	4411	卖盘
14:34:03	11.14	--	10	11140	卖盘
14:34:00	11.14	--	5	5570	卖盘
14:33:54	11.14	-0.01	6	7129	卖盘
14:33:51	11.15	0.01	24	26760	买盘
14:33:48	11.14	--	50	55700	卖盘
14:33:42	11.14	--	5	5570	卖盘
14:33:33	11.14	--	1	1114	卖盘
14:33:24	11.14	--	7	8020	卖盘
14:33:18	11.14	--	31	34534	卖盘
14:33:09	11.14	-0.01	504	561456	卖盘
14:33:06	11.15	--	90	100350	买盘
14:32:57	11.15	0.01	21	23415	买盘
14:32:42	11.14	-0.01	22	24998	卖盘
14:32:39	11.15	--	601	670349	卖盘
14:32:27	11.15	--	4	4460	卖盘
14:32:24	11.15	--	104	115960	卖盘
14:32:21	11.15	--	12	13380	卖盘
14:32:18	11.15	--	1	1772	卖盘
14:32:12	11.15	-0.01	8	8920	卖盘
14:32:06	11.16	--	42	46872	买盘
14:32:03	11.16	0.01	1	1116	买盘
14:32:00	11.15	-0.01	4	4460	卖盘
14:31:48	11.16	0.01	13	14508	买盘
14:31:45	11.15	--	15	16725	卖盘
14:31:39	11.15	--	8	8920	卖盘
14:31:36	11.15	--	1	1115	卖盘
14:31:18	11.15	--	1	1115	卖盘
14:31:15	11.15	-0.01	4	4460	卖盘
14:31:09	11.16	0.01	30	33480	买盘
14:30:45	11.15	--	100	111500	卖盘
14:30:39	11.15	--	5	5798	卖盘
14:30:36	11.15	--	4	4460	卖盘
14:30:30	11.15	--	22	24530	卖盘
14:30:24	11.15	-0.01	300	334500	卖盘
14:29:45	11.16	--	80	89280	买盘
14:29:39	11.16	-0.01	115	129009	卖盘
14:29:24	11.17	0.01	30	33510	买盘
14:29:15	11.16	-0.01	1	1116	卖盘
14:28:54	11.17	--	177	197709	买盘
14:28:48	11.17	--	50	55850	买盘
14:28:36	11.17	--	25	27925	买盘
14:28:27	11.17	0.01	20	22340	买盘
14:28:09	11.16	--	10	11160	卖盘
14:28:00	11.16	--	27	30132	卖盘
14:27:30	11.16	--	4	4464	卖盘
14:27:18	11.16	--	5	5580	卖盘
14:27:09	11.16	--	10	11160	卖盘
14:26:54	11.16	--	47	52452	卖盘
14:26:45	11.16	--	10	11160	卖盘
14:26:39	11.16	--	10	11160	卖盘
14:26:33	11.16	--	27	30578	买盘
14:26:24	11.16	--	0	669	卖盘
14:26:21	11.16	--	20	22320	卖盘
14:26:12	11.16	0.01	12	13838	买盘
14:26:03	11.15	-0.01	2	2230	卖盘
14:25:57	11.16	0.01	86	95976	买盘
14:25:36	11.15	--	120	133800	卖盘
14:25:30	11.15	--	4	4460	卖盘
14:25:15	11.15	--	4	4460	卖盘
14:25:06	11.15	--	26	28990	卖盘
14:25:00	11.15	0.01	401	447115	买盘
14:24:51	11.14	-0.01	1	1114	卖盘
14:24:39	11.15	--	5	5575	买盘
14:24:33	11.15	-0.01	23	25645	卖盘
14:24:30	11.16	--	5	5580	买盘
14:24:09	11.16	0.01	10	11160	买盘
14:24:03	11.15	--	4	4460	卖盘
14:24:00	11.15	--	8	8920	卖盘
14:23:57	11.15	--	170	189550	卖盘
14:23:54	11.15	--	16	17840	卖盘
14:23:51	11.15	--	4	4460	卖盘
14:23:45	11.15	--	15	16725	卖盘
14:23:39	11.15	--	4	4460	卖盘
14:23:33	11.15	--	1	1115	卖盘
14:23:30	11.15	-0.01	46	51290	卖盘
14:23:24	11.16	0.01	5	5580	买盘
14:23:15	11.15	-0.01	4	4460	卖盘
14:23:12	11.16	--	62	69861	卖盘
14:22:51	11.16	--	4	4464	卖盘
14:22:45	11.16	--	1	1116	卖盘
14:22:39	11.16	--	4	4464	卖盘
14:22:27	11.16	0.01	151	168962	买盘
14:21:15	11.15	--	25	27875	卖盘
14:21:12	11.15	-0.01	10	11150	中性盘
14:21:03	11.16	0.01	54	60264	买盘
14:20:45	11.15	0.01	16	17840	买盘
14:20:42	11.14	-0.01	7	7798	卖盘
14:20:39	11.15	0.01	3	3345	买盘
14:20:33	11.14	--	27	30078	卖盘
14:20:27	11.14	-0.01	25	27850	卖盘
14:20:24	11.15	0.01	9	10035	买盘
14:20:03	11.14	-0.01	1	1114	卖盘
14:20:00	11.15	--	10	11150	买盘
14:19:57	11.15	0.01	23	25645	买盘
14:19:33	11.14	--	7	7798	买盘
14:19:30	11.14	--	20	22280	买盘
14:19:24	11.14	--	20	22280	买盘
14:19:15	11.14	0.01	10	11140	买盘
14:19:09	11.13	--	108	120204	卖盘
14:19:06	11.13	--	4	4452	卖盘
14:19:03	11.13	--	8	8904	卖盘
14:18:57	11.13	-0.01	20	22260	卖盘
14:18:54	11.14	--	44	49016	卖盘
14:18:48	11.14	--	12	13368	卖盘
14:18:42	11.14	--	8	8912	卖盘
14:18:36	11.14	--	12	13368	卖盘
14:18:30	11.14	--	5	5570	卖盘
14:18:24	11.14	-0.01	96	106944	卖盘
14:18:09	11.15	--	16	17840	卖盘
14:18:03	11.15	-0.01	30	33450	卖盘
14:17:57	11.16	0.01	23	25668	买盘
14:17:51	11.15	--	4	4460	卖盘
14:17:45	11.15	-0.01	4	4460	卖盘
14:17:36	11.16	--	6	6696	买盘
14:17:33	11.16	--	9	10044	买盘
14:17:27	11.16	0.01	5	5580	买盘
14:17:24	11.15	--	34	37910	卖盘
14:17:15	11.15	-0.01	20	22300	卖盘
14:17:00	11.16	--	20	22320	买盘
14:16:39	11.16	--	12	13392	买盘
14:16:33	11.16	0.01	14	15624	买盘
14:16:30	11.15	-0.01	2	2230	中性盘
14:16:09	11.16	--	26	29016	买盘
14:16:06	11.16	--	28	31248	买盘
14:16:03	11.16	--	19	21204	买盘
14:16:00	11.16	--	45	50220	买盘
14:15:57	11.16	0.01	18	20088	买盘
14:15:36	11.15	--	5	6623	买盘
14:15:27	11.15	--	10	11150	买盘
14:15:12	11.15	--	34	37910	买盘
14:15:09	11.15	--	54	60210	买盘
14:14:51	11.15	--	39	43485	买盘
14:14:42	11.15	0.01	20	22300	买盘
14:14:39	11.14	-0.01	18	20052	卖盘
14:14:36	11.15	--	20	22300	买盘
14:14:15	11.15	--	37	41255	买盘
14:14:12	11.15	--	17	18955	买盘
14:14:09	11.15	--	7	7805	买盘
14:14:06	11.15	--	16	17840	买盘
14:14:03	11.15	--	444	495060	买盘
14:13:51	11.15	--	10	11150	买盘
14:13:42	11.15	0.01	18	20070	买盘
14:13:36	11.14	--	10	11140	卖盘
14:13:33	11.14	--	7	8689	买盘
14:13:15	11.14	--	1	1336	卖盘
14:13:09	11.14	--	6	7575	买盘
14:13:06	11.14	--	7	7798	买盘
14:12:48	11.14	--	10	11140	买盘
14:12:45	11.14	--	7	7798	买盘
14:12:42	11.14	--	55	61270	买盘
14:12:39	11.14	--	112	124768	买盘
14:12:30	11.14	0.01	45	50130	买盘
14:12:15	11.13	--	8	8904	卖盘
14:11:45	11.13	--	9	10017	卖盘
14:11:42	11.13	-0.01	1	1113	卖盘
14:11:39	11.14	--	15	16710	买盘
14:11:33	11.14	--	8	8912	买盘
14:11:21	11.14	--	5	5570	买盘
14:10:39	11.14	0.01	14	15596	买盘
14:10:15	11.13	--	6	6678	卖盘
14:10:12	11.13	-0.01	8	9349	卖盘
14:09:51	11.14	--	1	1114	买盘
14:09:30	11.14	0.01	400	445600	买盘
14:09:15	11.13	--	6	6678	卖盘
14:08:51	11.13	0.02	4	4452	中性盘
14:08:45	11.11	--	6	6666	卖盘
14:08:33	11.11	--	6	6666	卖盘
14:08:15	11.11	--	6	6666	卖盘
14:08:12	11.11	-0.03	4	4444	卖盘
14:08:06	11.14	--	468	521574	卖盘
14:08:00	11.14	--	4	4456	卖盘
14:07:57	11.14	--	12	13368	卖盘
14:07:54	11.14	-0.01	4	4456	卖盘
14:07:42	11.15	0.01	100	111500	买盘
14:07:39	11.14	--	24	26736	卖盘
14:07:36	11.14	--	96	106944	卖盘
14:07:30	11.14	--	1	1114	卖盘
14:07:24	11.14	--	5	5570	卖盘
14:07:21	11.14	-0.01	14	15596	卖盘
14:07:18	11.15	0.01	34	37910	买盘
14:07:15	11.14	0.03	897	1000149	买盘
14:07:12	11.11	-0.01	4	4444	卖盘
14:06:57	11.12	0.01	6	6671	买盘
14:06:48	11.11	--	10	11110	卖盘
14:06:45	11.11	--	6	6666	卖盘
14:06:42	11.11	-0.01	1	1766	卖盘
14:06:06	11.12	0.01	4	4448	买盘
14:05:57	11.11	-0.01	8	8888	卖盘
14:05:36	11.12	--	3	3335	买盘
14:05:30	11.12	0.01	27	30023	买盘
14:05:27	11.11	-0.01	41	45551	卖盘
14:05:24	11.12	--	18	20016	买盘
14:05:00	11.12	0.01	3	3335	买盘
14:04:45	11.11	--	5	5555	卖盘
14:04:30	11.11	--	7	7777	卖盘
14:04:15	11.11	--	5	5555	卖盘
14:04:06	11.11	--	1	1366	卖盘
14:04:00	11.11	--	2	2222	卖盘
14:03:51	11.11	-0.01	10	11110	卖盘
14:03:48	11.12	0.01	33	36696	买盘
14:03:45	11.11	--	5	5555	卖盘
14:03:42	11.11	-0.01	82	91102	卖盘
14:03:21	11.12	--	1	1112	买盘
14:03:06	11.12	--	2	2224	买盘
14:02:48	11.12	0.01	5	5560	买盘
14:02:45	11.11	--	15	16665	卖盘
14:02:15	11.11	--	5	5555	卖盘
14:02:09	11.11	--	1	1111	卖盘
14:02:06	11.11	--	20	22220	卖盘
14:01:57	11.11	--	1	1111	卖盘
14:01:45	11.11	--	11	12654	买盘
14:01:33	11.11	--	13	15120	卖盘
14:01:30	11.11	--	1	1111	卖盘
14:01:21	11.11	0.01	5	5988	买盘
14:01:15	11.1	--	5	5550	卖盘
14:00:45	11.1	--	5	5550	卖盘
14:00:33	11.1	-0.01	36	40848	卖盘
13:59:54	11.11	--	8	8888	买盘
13:59:45	11.11	--	10	11110	买盘
13:59:33	11.11	0.01	40	44440	买盘
13:59:27	11.1	-0.01	20	22200	卖盘
13:59:18	11.11	0.01	10	11110	买盘
13:58:33	11.1	--	20	22200	卖盘
13:58:27	11.1	--	24	26862	卖盘
13:58:21	11.1	--	70	77700	卖盘
13:57:48	11.1	-0.01	6	6660	卖盘
13:57:39	11.11	0.01	7	7777	买盘
13:57:36	11.1	--	92	102120	卖盘
13:57:24	11.1	--	468	519480	卖盘
13:56:15	11.1	-0.01	10	11333	卖盘
13:56:03	11.11	0.01	67	74870	买盘
13:55:54	11.1	-0.01	100	111000	卖盘
13:55:33	11.11	0.01	1	1111	买盘
13:55:21	11.1	--	5	5550	卖盘
13:55:03	11.1	--	1	1110	卖盘
13:54:24	11.1	--	36	39960	卖盘
13:54:06	11.1	--	20	22200	卖盘
13:53:57	11.1	--	15	16650	卖盘
13:53:48	11.1	--	5	5550	卖盘
13:53:45	11.1	--	3	3330	买盘
13:53:30	11.1	--	0	899	卖盘
13:53:21	11.1	--	99	110100	买盘
13:52:12	11.1	--	30	33300	买盘
13:51:51	11.1	--	44	48840	买盘
13:51:39	11.1	--	23	26429	卖盘
13:51:30	11.1	--	54	60150	买盘
13:51:12	11.1	0.01	11	12210	买盘
13:51:06	11.09	-0.01	50	55450	卖盘
13:51:00	11.1	0.01	11	12210	买盘
13:50:39	11.09	-0.01	10	11090	卖盘
13:50:27	11.1	--	34	38727	卖盘
13:50:21	11.1	--	65	72272	买盘
13:50:18	11.1	--	29	33177	卖盘
13:50:00	11.1	--	200	222000	卖盘
13:49:51	11.1	--	12	13320	卖盘
13:49:18	11.1	-0.01	150	166500	卖盘
13:48:51	11.11	0.01	71	78881	买盘
13:48:36	11.1	-0.01	20	22200	卖盘
13:48:03	11.11	--	8	8888	买盘
13:47:57	11.11	0.01	5	5555	买盘
13:47:39	11.1	-0.01	1	1332	卖盘
13:47:33	11.11	0.01	11	12221	买盘
13:46:33	11.1	--	50	55500	卖盘
13:46:09	11.1	--	1	1110	卖盘
13:46:00	11.1	-0.01	3	3330	卖盘
13:45:54	11.11	0.01	9	9999	买盘
13:45:51	11.1	--	1	1110	卖盘
13:45:45	11.1	--	1	1110	卖盘
13:45:39	11.1	--	1	1110	卖盘
13:45:36	11.1	--	10	11100	卖盘
13:45:33	11.1	--	1	1110	卖盘
13:45:27	11.1	-0.01	4	4440	卖盘
13:44:57	11.11	--	19	21109	买盘
13:44:54	11.11	--	2	2222	买盘
13:44:24	11.11	0.01	20	22220	买盘
13:44:18	11.1	--	20	22200	卖盘
13:43:54	11.1	--	2	2220	卖盘
13:43:39	11.1	--	1	1110	卖盘
13:43:33	11.1	--	5	5550	卖盘
13:43:18	11.1	--	1	1110	卖盘
13:42:09	11.1	--	6	6660	卖盘
13:41:57	11.1	-0.01	16	17760	卖盘
13:41:45	11.11	0.01	10	11110	买盘
13:41:39	11.1	--	60	66600	卖盘
13:41:30	11.1	--	159	176490	卖盘
13:41:15	11.1	--	1	1110	卖盘
13:41:09	11.1	--	17	19824	卖盘
13:40:57	11.1	-0.01	5	5550	卖盘
13:40:54	11.11	0.01	54	59994	买盘
13:40:51	11.1	--	75	83250	卖盘
13:40:42	11.1	--	60	66600	卖盘
13:40:30	11.1	--	177	196492	卖盘
13:40:24	11.1	--	4	4440	卖盘
13:40:15	11.1	--	1	1110	卖盘
13:39:57	11.1	--	9	10767	卖盘
13:39:54	11.1	--	8	8880	卖盘
13:39:51	11.1	--	4	4440	卖盘
13:39:48	11.1	--	4	4440	卖盘
13:39:27	11.1	-0.01	8	8880	卖盘
13:39:21	11.11	--	10	11110	买盘
13:39:09	11.11	--	5	5555	买盘
13:39:06	11.11	--	39	43917	卖盘
13:39:03	11.11	--	27	29997	卖盘
13:38:48	11.11	-0.01	50	55550	卖盘
13:38:27	11.12	--	16	17792	买盘
13:38:24	11.12	0.01	1	1112	买盘
13:38:21	11.11	-0.01	12	13332	卖盘
13:38:09	11.12	0.01	29	32247	买盘
13:38:00	11.11	--	9	10687	卖盘
13:37:57	11.11	--	1	1111	卖盘
13:37:39	11.11	0.01	82	92046	买盘
13:37:36	11.1	--	15	16650	卖盘
13:36:57	11.1	--	13	14430	卖盘
13:36:48	11.1	--	3	3330	卖盘
13:36:42	11.1	-0.01	3	3330	卖盘
13:36:39	11.11	0.01	23	25553	买盘
13:36:36	11.1	--	2	2664	卖盘
13:36:15	11.1	--	4	5250	卖盘
13:36:00	11.1	--	2	2220	卖盘
13:35:36	11.1	--	1	1110	卖盘
13:35:33	11.1	--	27	30192	买盘
13:35:30	11.1	--	178	197580	买盘
13:35:21	11.1	--	2	2220	买盘
13:35:15	11.1	--	2	2220	买盘
13:35:00	11.1	--	24	26640	买盘
13:34:48	11.1	--	5	5550	买盘
13:34:27	11.1	--	1	1110	买盘
13:34:18	11.1	--	5	5550	买盘
13:34:12	11.1	--	36	39960	买盘
13:34:06	11.1	0.01	20	22200	买盘
13:34:00	11.09	-0.01	14	15526	卖盘
13:33:54	11.1	0.01	1	1110	买盘
13:33:48	11.09	--	2	2218	卖盘
13:33:39	11.09	--	2	2218	卖盘
13:33:36	11.09	--	4	4436	买盘
13:33:33	11.09	--	1	1109	买盘
13:33:30	11.09	-0.01	15	16635	卖盘
13:33:21	11.1	0.02	11	12210	买盘
13:33:09	11.08	-0.01	5	6592	卖盘
13:33:00	11.09	--	68	75888	买盘
13:32:51	11.09	--	4	4436	买盘
13:32:45	11.09	--	20	22180	买盘
13:32:42	11.09	0.01	60	66540	买盘
13:32:09	11.08	--	16	17728	卖盘
13:32:06	11.08	-0.01	10	11080	卖盘
13:32:00	11.09	0.01	24	26616	买盘
13:31:39	11.08	-0.01	149	165136	卖盘
13:31:36	11.09	0.01	1	1109	买盘
13:31:12	11.08	-0.01	33	36564	卖盘
13:31:03	11.09	--	10	11090	买盘
13:30:45	11.09	--	1	1109	买盘
13:30:39	11.09	0.01	20	22180	买盘
13:30:36	11.08	--	20	22160	卖盘
13:30:24	11.08	-0.01	12	13296	卖盘
13:30:09	11.09	--	50	55450	买盘
13:29:48	11.09	--	172	191247	卖盘
13:29:33	11.09	--	4	5145	卖盘
13:29:24	11.09	--	10	12099	买盘
13:29:21	11.09	--	20	22180	买盘
13:29:15	11.09	--	10	11090	买盘
13:29:00	11.09	--	189	209700	卖盘
13:28:57	11.09	--	18	19962	卖盘
13:28:45	11.09	--	33	37606	买盘
13:28:42	11.09	--	50	55450	买盘
13:28:39	11.09	--	1	1109	买盘
13:28:33	11.09	-0.01	119	131971	卖盘
13:28:27	11.1	0.01	1	1110	买盘
13:28:12	11.09	--	25	27725	买盘
13:28:09	11.09	--	5	5545	买盘
13:28:06	11.09	0.01	20	22180	中性盘
13:27:42	11.08	-0.02	346	383999	卖盘
13:27:33	11.1	0.01	11	12210	买盘
13:27:18	11.09	--	65	72085	买盘
13:27:15	11.09	--	10	11090	买盘
13:27:12	11.09	0.01	40	44360	买盘
13:27:09	11.08	--	100	110800	卖盘
13:27:06	11.08	-0.01	7	8542	卖盘
13:27:03	11.09	0.01	20	22180	买盘
13:26:42	11.08	--	7	8708	卖盘
13:26:09	11.08	--	4	5008	卖盘
13:26:06	11.08	--	77	85316	卖盘
13:26:00	11.08	--	38	42104	卖盘
13:25:51	11.08	--	49	54447	买盘
13:25:48	11.08	--	10	11080	买盘
13:25:45	11.08	--	67	74236	买盘
13:25:42	11.08	--	20	22160	买盘
13:25:33	11.08	--	16	17728	买盘
13:25:27	11.08	--	3	3324	买盘
13:25:24	11.08	-0.02	334	371024	卖盘
13:25:18	11.1	0.02	10	11100	买盘
13:25:06	11.08	-0.02	501	555662	卖盘
13:25:03	11.1	--	52	58286	卖盘
13:24:54	11.1	--	2	3252	卖盘
13:24:48	11.1	-0.01	30	33300	卖盘
13:24:39	11.11	0.01	5	5555	买盘
13:24:30	11.1	-0.01	4	5450	卖盘
13:24:27	11.11	0.01	233	258863	买盘
13:24:18	11.1	--	15	16650	卖盘
13:24:09	11.1	--	6	7292	卖盘
13:23:36	11.1	--	4	5361	卖盘
13:23:30	11.1	--	5	5827	买盘
13:23:27	11.1	--	30	33300	买盘
13:23:24	11.1	--	5	5550	买盘
13:22:51	11.1	--	89	99622	卖盘
13:22:45	11.1	-0.01	4	4440	卖盘
13:22:12	11.11	0.01	60	66660	买盘
13:22:09	11.1	--	4	5450	卖盘
13:22:00	11.1	-0.01	20	22200	卖盘
13:21:51	11.11	0.01	10	11110	买盘
13:21:48	11.1	--	19	21090	卖盘
13:21:27	11.1	--	10	12154	卖盘
13:21:24	11.1	--	15	16650	卖盘
13:21:00	11.1	--	366	406692	买盘
13:20:30	11.1	--	1	1110	买盘
13:20:21	11.1	--	8	8880	买盘
13:20:06	11.1	0.01	3	3330	买盘
13:20:03	11.09	-0.01	0	88	卖盘
13:19:51	11.1	--	56	62160	买盘
13:19:48	11.1	0.01	39	43290	买盘
13:19:42	11.09	-0.01	40	44360	卖盘
13:19:36	11.1	0.01	15	16650	买盘
13:19:33	11.09	--	4	5500	卖盘
13:19:18	11.09	--	23	25507	卖盘
13:19:12	11.09	-0.01	5	5545	卖盘
13:18:51	11.1	--	78	86580	买盘
13:18:48	11.1	--	14	15540	买盘
13:18:45	11.1	0.01	28	31080	买盘
13:18:42	11.09	--	11	12199	卖盘
13:18:39	11.09	--	27	29943	卖盘
13:18:36	11.09	--	4	4436	卖盘
13:18:27	11.09	--	10	11090	卖盘
13:18:18	11.09	-0.01	100	110900	卖盘
13:17:54	11.1	0.01	10	11100	买盘
13:17:42	11.09	-0.01	20	22623	卖盘
13:16:48	11.1	--	2	2220	买盘
13:16:27	11.1	--	119	132334	卖盘
13:16:12	11.1	--	78	87545	卖盘
13:16:09	11.1	--	10	11100	卖盘
13:16:00	11.1	--	13	14430	卖盘
13:15:27	11.1	--	5	6560	卖盘
13:15:24	11.1	--	39	43290	卖盘
13:15:00	11.1	-0.01	1	1110	卖盘
13:14:57	11.11	--	1	1111	买盘
13:14:45	11.11	0.01	2	2222	买盘
13:14:09	11.1	-0.01	30	33300	卖盘
13:14:03	11.11	0.01	40	44440	买盘
13:13:27	11.1	-0.01	24	26640	卖盘
13:13:03	11.11	0.02	100	111100	买盘
13:12:57	11.09	-0.01	7	7763	卖盘
13:12:54	11.1	--	10	11100	买盘
13:12:42	11.1	-0.01	13	14430	卖盘
13:12:33	11.11	0.02	15	16665	买盘
13:12:27	11.09	--	15	16635	卖盘
13:12:21	11.09	-0.02	3	3327	卖盘
13:12:18	11.11	--	5	5555	买盘
13:12:15	11.11	0.02	15	16665	买盘
13:11:57	11.09	--	5	5545	卖盘
13:11:45	11.09	-0.02	4	4436	卖盘
13:11:42	11.11	--	100	111100	买盘
13:11:36	11.11	--	57	63327	买盘
13:11:18	11.11	0.02	50	55550	买盘
13:10:39	11.09	--	5	5545	卖盘
13:10:33	11.09	--	1	1109	卖盘
13:10:21	11.09	-0.01	1	1109	卖盘
13:10:09	11.1	--	60	66600	买盘
13:10:00	11.1	--	5	5550	买盘
13:09:54	11.1	--	10	11100	买盘
13:09:51	11.1	0.01	10	11100	买盘
13:09:39	11.09	--	12	13308	卖盘
13:09:33	11.09	-0.01	155	171895	卖盘
13:09:21	11.1	--	58	64380	买盘
13:09:12	11.1	--	1	1110	买盘
13:08:51	11.1	0.01	384	426240	买盘
13:08:30	11.09	--	2	2218	卖盘
13:08:09	11.09	--	13	14417	买盘
13:08:00	11.09	--	10	11090	买盘
13:07:57	11.09	--	20	22180	买盘
13:07:48	11.09	--	100	110900	买盘
13:07:42	11.09	--	12	13308	买盘
13:07:21	11.09	0.01	22	24398	买盘
13:07:12	11.08	-0.01	39	43212	卖盘
13:07:03	11.09	--	15	16635	买盘
13:06:45	11.09	0.01	4	4436	买盘
13:06:36	11.08	--	1	1108	卖盘
13:06:21	11.08	--	8	8864	卖盘
13:05:54	11.08	--	54	59832	卖盘
13:05:33	11.08	--	12	13296	卖盘
13:05:30	11.08	--	120	132960	卖盘
13:05:12	11.08	--	9	9972	卖盘
13:04:21	11.08	-0.01	9	9972	卖盘
13:03:54	11.09	-0.01	9	9981	中性盘
13:03:42	11.1	0.01	10	11100	买盘
13:03:39	11.09	--	1	1109	卖盘
13:03:06	11.09	--	50	55450	卖盘
13:02:51	11.09	--	10	11090	卖盘
13:01:48	11.09	--	4	4436	卖盘
13:01:33	11.09	-0.01	91	100919	卖盘
13:01:09	11.1	--	5	5550	买盘
13:00:06	11.1	--	3	3330	买盘
13:00:03	11.1	--	156	173160	买盘
13:00:00	11.1	--	0	0	买盘
11:30:00	11.1	--	0	0	买盘
11:29:57	11.1	--	1	1110	买盘
11:29:51	11.1	0.01	2	2220	买盘
11:29:39	11.09	--	12	13308	卖盘
11:29:36	11.09	--	18	19962	卖盘
11:29:15	11.09	-0.01	52	57668	卖盘
11:29:03	11.1	0.01	1	1110	买盘
11:27:54	11.09	--	66	73194	买盘
11:27:42	11.09	--	8	8872	买盘
11:27:24	11.09	0.01	1	1109	买盘
11:27:21	11.08	-0.01	52	57616	卖盘
11:27:12	11.09	0.01	17	18853	买盘
11:27:09	11.08	--	10	11080	卖盘
11:26:57	11.08	-0.01	100	110800	卖盘
11:26:48	11.09	--	2	2218	买盘
11:26:42	11.09	0.01	10	11090	买盘
11:26:30	11.08	-0.01	5	5540	卖盘
11:26:27	11.09	0.01	102	113118	买盘
11:26:15	11.08	--	20	22160	卖盘
11:26:12	11.08	--	5	5540	卖盘
11:26:03	11.08	--	10	11080	卖盘
11:26:00	11.08	-0.01	104	115232	卖盘
11:25:57	11.09	--	2	2218	买盘
11:25:54	11.09	--	11	12199	买盘
11:25:33	11.09	--	6	6654	卖盘
11:25:21	11.09	--	27	29943	买盘
11:25:15	11.09	--	2	2218	卖盘
11:25:12	11.09	--	5	5545	卖盘
11:24:54	11.09	0.01	27	29943	买盘
11:24:51	11.08	-0.02	8	8864	卖盘
11:24:42	11.1	--	17	18870	买盘
11:24:39	11.1	0.02	18	19980	买盘
11:24:36	11.08	-0.01	97	107476	卖盘
11:24:33	11.09	0.01	18	19962	买盘
11:24:30	11.08	-0.01	2	2216	卖盘
11:24:18	11.09	--	19	21071	卖盘
11:24:15	11.09	-0.01	8	8872	卖盘
11:24:06	11.1	--	5	5550	买盘
11:23:51	11.1	0.02	4	4440	买盘
11:23:36	11.08	-0.02	24	26813	卖盘
11:23:30	11.1	--	19	21090	买盘
11:23:24	11.1	--	34	37740	买盘
11:23:21	11.1	0.02	13	14430	买盘
11:23:18	11.08	-0.01	4	4432	卖盘
11:23:15	11.09	0.01	16	17744	买盘
11:23:12	11.08	--	3	3324	买盘
11:23:09	11.08	-0.01	10	11080	中性盘
11:22:45	11.09	--	10	11090	买盘
11:22:33	11.09	0.01	17	18853	买盘
11:22:27	11.08	--	5	5540	买盘
11:22:24	11.08	--	69	76452	买盘
11:22:15	11.08	--	5	5540	买盘
11:22:06	11.08	0.01	11	12188	买盘
11:22:03	11.07	-0.01	20	22140	卖盘
11:22:00	11.08	--	13	14847	买盘
11:21:48	11.08	-0.01	11	12188	卖盘
11:21:39	11.09	--	5	5545	买盘
11:21:06	11.09	0.02	5	5545	买盘
11:21:03	11.07	--	15	16605	卖盘
11:20:36	11.07	--	1	2070	买盘
11:20:27	11.07	-0.02	406	449585	卖盘
11:20:21	11.09	0.01	94	104246	中性盘
11:19:57	11.08	-0.01	142	157557	卖盘
11:19:36	11.09	--	10	11090	卖盘
11:19:30	11.09	--	3	3327	卖盘
11:19:09	11.09	-0.01	150	166350	卖盘
11:18:57	11.1	0.01	595	661193	买盘
11:18:54	11.09	--	24	26616	卖盘
11:18:51	11.09	-0.01	32	35488	卖盘
11:18:42	11.1	0.01	1	1110	买盘
11:18:39	11.09	-0.01	200	221800	卖盘
11:18:24	11.1	--	38	42180	买盘
11:18:15	11.1	--	7	7770	买盘
11:17:48	11.1	-0.01	478	530946	卖盘
11:17:33	11.11	0.01	1	1111	买盘
11:17:30	11.1	--	20	22200	卖盘
11:17:21	11.1	--	10	11100	卖盘
11:17:00	11.1	--	100	111000	卖盘
11:16:57	11.1	--	10	11100	卖盘
11:16:45	11.1	--	2	2220	卖盘
11:16:39	11.1	--	28	31080	卖盘
11:16:27	11.1	--	10	11100	卖盘
11:16:18	11.1	-0.01	74	82140	卖盘
11:16:09	11.11	--	27	30885	卖盘
11:16:06	11.11	--	100	111100	卖盘
11:16:00	11.11	--	19	21109	卖盘
11:15:54	11.11	--	100	111100	卖盘
11:15:06	11.11	-0.01	18	19998	卖盘
11:15:03	11.12	--	1	1112	买盘
11:14:42	11.12	--	18	20016	买盘
11:14:18	11.12	0.01	19	21128	买盘
11:14:12	11.11	-0.01	1	1111	卖盘
11:14:09	11.12	--	43	47816	买盘
11:14:03	11.12	--	18	20016	买盘
11:13:48	11.12	0.01	1	1112	买盘
11:13:33	11.11	--	2	2222	卖盘
11:13:30	11.11	--	100	111100	卖盘
11:13:09	11.11	-0.01	10	11110	卖盘
11:13:06	11.12	--	35	38920	买盘
11:13:00	11.12	--	39	43368	买盘
11:12:57	11.12	--	13	14455	买盘
11:12:36	11.12	--	1	1112	买盘
11:12:21	11.12	--	82	92073	卖盘
11:12:15	11.12	--	135	150120	卖盘
11:12:12	11.12	0.01	104	115870	买盘
11:11:45	11.11	--	11	12221	卖盘
11:11:39	11.11	-0.01	4	4444	卖盘
11:11:21	11.12	0.01	1	1112	买盘
11:11:18	11.11	--	100	111100	卖盘
11:11:09	11.11	-0.01	1	1111	卖盘
11:10:51	11.12	--	112	125433	卖盘
11:10:39	11.12	--	13	14455	卖盘
11:10:27	11.12	-0.01	101	112311	卖盘
11:10:09	11.13	0.01	1	1113	买盘
11:10:00	11.12	--	23	25576	卖盘
11:09:57	11.12	--	7	7783	卖盘
11:09:54	11.12	-0.01	138	153456	卖盘
11:09:51	11.13	--	20	22260	卖盘
11:09:48	11.13	--	5	5565	卖盘
11:09:42	11.13	--	2	2226	卖盘
11:09:39	11.13	-0.01	10	11130	卖盘
11:08:54	11.14	--	1	1114	买盘
11:08:36	11.14	0.01	10	11140	买盘
11:08:21	11.13	--	5	5565	卖盘
11:08:18	11.13	--	4	4452	卖盘
11:08:03	11.13	--	20	22260	卖盘
11:07:45	11.13	--	2	2226	买盘
11:07:42	11.13	--	11	12243	买盘
11:07:39	11.13	--	2	2448	买盘
11:07:30	11.13	0.01	1	1113	买盘
11:07:09	11.12	--	7	7783	卖盘
11:07:06	11.12	--	10	11120	卖盘
11:06:54	11.12	--	4	4448	卖盘
11:06:48	11.12	--	26	28911	卖盘
11:06:45	11.12	--	3	3335	卖盘
11:06:36	11.12	-0.01	2	2224	卖盘
11:06:33	11.13	--	7	7791	买盘
11:06:30	11.13	-0.01	28	31164	卖盘
11:06:27	11.14	0.01	1	1114	买盘
11:06:12	11.13	--	72	80136	卖盘
11:06:03	11.13	--	2	2226	卖盘
11:05:54	11.13	--	2	2226	卖盘
11:05:45	11.13	-0.01	2	2226	卖盘
11:05:39	11.14	--	48	53472	卖盘
11:05:36	11.14	--	35	38990	卖盘
11:05:33	11.14	--	29	32306	买盘
11:05:24	11.14	--	20	22280	买盘
11:05:12	11.14	0.01	49	54586	买盘
11:04:36	11.13	-0.01	24	26712	卖盘
11:04:30	11.14	0.01	20	22280	买盘
11:04:06	11.13	-0.01	1	1113	卖盘
11:03:57	11.14	--	1	1114	买盘
11:03:39	11.14	--	34	37876	买盘
11:03:06	11.14	-0.01	11	12254	卖盘
11:03:03	11.15	0.01	1	1115	买盘
11:02:42	11.14	--	99	110286	买盘
11:02:27	11.14	0.01	40	44560	买盘
11:02:00	11.13	--	4	4452	卖盘
11:01:48	11.13	-0.01	10	11130	卖盘
11:01:30	11.14	0.01	1	1114	买盘
11:01:27	11.13	-0.02	8	8904	卖盘
11:00:57	11.15	0.01	42	46830	买盘
11:00:54	11.14	--	16	17824	卖盘
11:00:51	11.14	-0.01	3	3342	卖盘
11:00:48	11.15	--	4	4460	买盘
11:00:42	11.15	0.01	37	41255	买盘
11:00:27	11.14	--	1	1114	买盘
11:00:21	11.14	--	1	1114	买盘
11:00:03	11.14	--	3	3342	买盘
10:59:51	11.14	--	9	10026	买盘
10:59:06	11.14	--	1	1114	买盘
10:58:51	11.14	--	8	8912	买盘
10:58:30	11.14	-0.01	5	5570	中性盘
10:58:06	11.15	0.02	37	41255	买盘
10:57:57	11.13	-0.01	7	7791	卖盘
10:57:51	11.14	-0.01	1	1114	中性盘
10:57:36	11.15	0.02	32	35680	买盘
10:57:30	11.13	--	2	2226	卖盘
10:57:24	11.13	-0.02	22	24486	卖盘
10:57:09	11.15	0.01	27	30105	买盘
10:57:00	11.14	-0.01	3	3342	卖盘
10:56:57	11.15	--	27	30105	买盘
10:56:48	11.15	--	4	4460	买盘
10:56:39	11.15	0.02	27	30105	买盘
10:56:21	11.13	--	20	22260	买盘
10:56:18	11.13	--	100	111300	买盘
10:55:51	11.13	0.01	32	35616	买盘
10:55:42	11.12	-0.01	2	2224	卖盘
10:55:36	11.13	--	20	22260	买盘
10:55:33	11.13	-0.01	38	42294	卖盘
10:55:30	11.14	--	178	198292	买盘
10:55:24	11.14	0.01	1	1114	买盘
10:55:21	11.13	-0.01	3	3339	卖盘
10:55:12	11.14	--	80	89120	买盘
10:54:57	11.14	--	26	28964	买盘
10:54:45	11.14	--	29	32306	买盘
10:54:39	11.14	--	20	22280	买盘
10:54:21	11.14	0.01	30	33420	买盘
10:54:18	11.13	-0.01	10	11130	卖盘
10:54:09	11.14	--	37	41218	买盘
10:53:51	11.14	0.01	26	28964	买盘
10:53:33	11.13	0.01	66	73458	买盘
10:53:30	11.12	-0.01	31	34472	卖盘
10:53:09	11.13	--	8	8904	买盘
10:53:03	11.13	--	29	32277	买盘
10:52:57	11.13	--	1	1113	买盘
10:52:54	11.13	--	80	89040	买盘
10:52:51	11.13	--	13	14469	买盘
10:52:48	11.13	-0.01	31	34503	卖盘
10:52:45	11.14	0.01	20	22280	买盘
10:52:42	11.13	-0.01	20	22260	中性盘
10:52:00	11.14	--	33	36762	买盘
10:51:57	11.14	0.01	25	27850	买盘
10:51:54	11.13	-0.01	6	6678	中性盘
10:51:45	11.14	0.03	31	34534	买盘
10:51:39	11.11	--	42	46662	卖盘
10:51:24	11.11	-0.02	152	168872	卖盘
10:51:12	11.13	0.01	112	125624	买盘
10:51:06	11.12	-0.01	9	10853	卖盘
10:51:03	11.13	0.01	9	10017	买盘
10:50:51	11.12	-0.01	10	11120	卖盘
10:50:30	11.13	--	1	1113	买盘
10:50:06	11.13	0.01	33	36729	买盘
10:50:03	11.12	-0.01	40	44480	卖盘
10:49:15	11.13	0.01	1	1113	买盘
10:49:09	11.12	--	1	1378	买盘
10:49:00	11.12	0.01	20	22240	买盘
10:48:57	11.11	--	19	21109	卖盘
10:48:51	11.11	-0.01	50	55550	卖盘
10:48:48	11.12	0.01	10	11120	买盘
10:48:36	11.11	-0.01	48	53328	卖盘
10:48:33	11.12	--	25	27799	买盘
10:48:27	11.12	--	25	27799	买盘
10:48:24	11.12	--	138	154301	卖盘
10:48:09	11.12	-0.01	10	11120	卖盘
10:48:03	11.13	0.01	1	1113	买盘
10:47:36	11.12	--	10	11386	买盘
10:47:30	11.12	--	50	55599	买盘
10:47:12	11.12	0.01	7	7783	买盘
10:46:51	11.11	-0.01	4	4444	卖盘
10:46:48	11.12	--	1	1112	买盘
10:46:42	11.12	--	36	40032	买盘
10:46:36	11.12	--	10	11120	买盘
10:46:09	11.12	--	35	38920	买盘
10:45:54	11.12	0.01	110	122319	买盘
10:45:42	11.11	-0.01	8	8888	卖盘
10:45:33	11.12	0.01	1	1112	买盘
10:45:21	11.11	--	12	13332	卖盘
10:45:18	11.11	--	108	119988	买盘
10:45:15	11.11	--	6	6666	买盘
10:45:06	11.11	--	108	119988	买盘
10:44:45	11.11	--	20	22220	买盘
10:44:33	11.11	0.01	10	11110	买盘
10:44:30	11.1	-0.01	20	22200	卖盘
10:44:21	11.11	0.01	1	1111	买盘
10:44:12	11.1	-0.01	1	1110	卖盘
10:44:00	11.11	--	2	2222	卖盘
10:43:45	11.11	--	12	13332	卖盘
10:43:42	11.11	-0.01	30	33330	卖盘
10:43:39	11.12	0.01	5	5560	买盘
10:43:33	11.11	--	5	5555	卖盘
10:43:27	11.11	0.01	1	1111	买盘
10:43:12	11.1	-0.01	50	55722	卖盘
10:43:06	11.11	--	1	1111	买盘
10:43:03	11.11	0.01	9	9999	买盘
10:42:54	11.1	--	50	55500	买盘
10:42:48	11.1	--	1	1110	卖盘
10:42:42	11.1	--	66	73260	卖盘
10:42:33	11.1	--	53	58830	卖盘
10:42:21	11.1	-0.01	50	55500	卖盘
10:42:15	11.11	--	2	2222	买盘
10:42:06	11.11	0.01	50	55550	买盘
10:42:03	11.1	-0.01	178	197580	卖盘
10:41:54	11.11	0.01	4	4444	买盘
10:41:48	11.1	--	3	3330	买盘
10:41:45	11.1	-0.01	70	77700	卖盘
10:41:27	11.11	--	13	14443	买盘
10:41:24	11.11	0.01	14	15554	买盘
10:41:21	11.1	--	46	51060	买盘
10:41:18	11.1	--	28	31080	买盘
10:41:15	11.1	--	5	5550	买盘
10:41:00	11.1	--	4	4440	买盘
10:40:57	11.1	-0.01	470	521700	卖盘
10:40:54	11.11	--	14	15554	买盘
10:40:51	11.11	--	9	9999	买盘
10:40:48	11.11	--	10	11110	买盘
10:40:45	11.11	--	10	11110	买盘
10:40:42	11.11	--	13	14443	买盘
10:40:39	11.11	--	11	12221	买盘
10:40:30	11.11	0.01	50	55550	买盘
10:40:27	11.1	-0.01	17	18870	卖盘
10:40:24	11.11	0.01	42	46662	买盘
10:40:18	11.1	-0.01	20	22200	卖盘
10:40:15	11.11	--	41	45551	买盘
10:40:12	11.11	--	9	9999	买盘
10:40:00	11.11	--	3	3333	买盘
10:39:51	11.11	--	10	11110	买盘
10:39:48	11.11	--	3	3333	买盘
10:39:42	11.11	--	24	26664	卖盘
10:39:36	11.11	--	9	9999	卖盘
10:39:30	11.11	-0.01	10	11110	卖盘
10:39:27	11.12	0.01	1	1112	买盘
10:39:15	11.11	0.01	3	3333	买盘
10:39:12	11.1	--	4	4440	卖盘
10:38:48	11.1	-0.01	301	334110	卖盘
10:38:27	11.11	-0.01	3	3333	卖盘
10:38:18	11.12	0.01	48	53375	买盘
10:38:15	11.11	-0.01	6	6666	卖盘
10:38:12	11.12	--	22	25309	卖盘
10:38:09	11.12	--	116	128991	卖盘
10:38:00	11.12	--	100	111199	卖盘
10:37:54	11.12	--	62	68944	卖盘
10:37:51	11.12	--	59	65608	卖盘
10:37:48	11.12	--	165	183480	卖盘
10:37:45	11.12	--	1051	1168712	卖盘
10:37:42	11.12	-0.01	8	8896	卖盘
10:37:36	11.13	0.01	9	10017	买盘
10:37:33	11.12	--	88	97856	卖盘
10:37:27	11.12	-0.01	44	48928	卖盘
10:37:24	11.13	--	9	10017	买盘
10:37:15	11.13	0.01	32	35616	买盘
10:37:09	11.12	--	2	2224	卖盘
10:37:06	11.12	--	2	2224	卖盘
10:37:03	11.12	--	20	22240	卖盘
10:37:00	11.12	-0.01	63	70056	卖盘
10:36:54	11.13	0.01	1	1113	买盘
10:36:48	11.12	-0.01	2	2224	卖盘
10:36:39	11.13	0.01	40	44520	买盘
10:36:33	11.12	--	26	28911	卖盘
10:36:12	11.12	-0.01	12	13343	卖盘
10:36:00	11.13	0.01	21	23373	买盘
10:35:54	11.12	-0.01	50	55599	卖盘
10:35:51	11.13	--	17	18921	买盘
10:35:48	11.13	--	10	11130	买盘
10:35:45	11.13	0.01	1	1113	买盘
10:35:30	11.12	-0.01	2	3113	卖盘
10:35:24	11.13	--	40	44520	买盘
10:35:12	11.13	0.01	10	11130	买盘
10:34:54	11.12	-0.01	16	17792	卖盘
10:34:39	11.13	0.01	1	1113	中性盘
10:34:21	11.12	-0.01	504	561382	卖盘
10:34:09	11.13	--	1	1113	卖盘
10:33:48	11.13	--	29	32277	卖盘
10:33:39	11.13	--	2	2226	卖盘
10:33:24	11.13	-0.01	16	17808	卖盘
10:33:18	11.14	0.01	21	23394	买盘
10:33:15	11.13	-0.01	48	53424	卖盘
10:33:09	11.14	--	10	11140	买盘
10:32:42	11.14	--	5	5570	买盘
10:32:33	11.14	-0.01	8	8912	卖盘
10:32:09	11.15	0.02	5	5575	买盘
10:31:57	11.13	--	1	1113	卖盘
10:31:42	11.13	-0.02	1	1113	卖盘
10:31:36	11.15	0.02	10	11150	买盘
10:31:21	11.13	--	2	2226	卖盘
10:31:15	11.13	--	7	7791	卖盘
10:31:12	11.13	-0.01	13	14469	卖盘
10:31:09	11.14	0.01	42	46788	买盘
10:31:06	11.13	--	6	6678	卖盘
10:31:03	11.13	-0.01	5	5565	卖盘
10:31:00	11.14	0.01	42	46788	买盘
10:30:57	11.13	-0.01	102	113526	卖盘
10:30:51	11.14	0.01	1	1114	买盘
10:30:36	11.13	--	12	13801	卖盘
10:30:27	11.13	-0.01	20	22260	卖盘
10:30:12	11.14	--	2	2228	买盘
10:29:36	11.14	--	1	1114	买盘
10:29:24	11.14	--	80	89120	买盘
10:29:18	11.14	--	13	14482	买盘
10:28:45	11.14	--	30	33420	买盘
10:28:36	11.14	-0.01	45	50130	卖盘
10:28:21	11.15	0.01	1	1115	买盘
10:27:57	11.14	0.01	50	55700	中性盘
10:27:42	11.13	--	3	3339	卖盘
10:27:39	11.13	--	14	15582	卖盘
10:27:33	11.13	-0.02	10	11130	卖盘
10:27:30	11.15	0.02	1	1115	买盘
10:27:12	11.13	--	2	2226	卖盘
10:27:09	11.13	--	13	14469	卖盘
10:27:06	11.13	--	158	176076	买盘
10:26:51	11.13	--	7	7791	买盘
10:26:48	11.13	--	1	1113	买盘
10:26:42	11.13	--	10	11130	买盘
10:26:39	11.13	-0.01	533	594119	卖盘
10:26:15	11.14	-0.01	20	22280	卖盘
10:26:06	11.15	--	3	3345	买盘
10:26:03	11.15	0.01	1	1115	买盘
10:25:51	11.14	--	2	2228	卖盘
10:25:30	11.14	--	10	11140	卖盘
10:25:09	11.14	--	20	22280	卖盘
10:25:00	11.14	--	4	4456	卖盘
10:24:54	11.14	-0.01	20	22280	卖盘
10:24:51	11.15	0.01	1	1115	买盘
10:24:48	11.14	--	16	17824	卖盘
10:24:27	11.14	--	1	1114	卖盘
10:24:15	11.14	-0.01	481	535834	卖盘
10:24:09	11.15	--	41	45715	买盘
10:24:00	11.15	--	27	30105	买盘
10:23:45	11.15	--	51	56865	买盘
10:23:00	11.15	--	27	30105	买盘
10:22:48	11.15	--	12	13380	买盘
10:22:33	11.15	0.01	16	17840	买盘
10:22:30	11.14	--	1	1114	卖盘
10:22:09	11.14	--	10	11140	卖盘
10:22:06	11.14	--	9	10026	卖盘
10:21:33	11.14	-0.01	11	12254	卖盘
10:21:15	11.15	--	488	544120	买盘
10:21:12	11.15	--	8	8920	买盘
10:21:09	11.15	--	13	14495	买盘
10:21:03	11.15	0.01	19	21185	买盘
10:21:00	11.14	--	1	1114	买盘
10:20:48	11.14	--	18	20052	买盘
10:20:45	11.14	--	5	5570	买盘
10:20:42	11.14	--	20	22280	买盘
10:20:30	11.14	0.01	13	14482	买盘
10:20:27	11.13	-0.01	600	667800	卖盘
10:20:21	11.14	0.01	31	34534	买盘
10:20:09	11.13	-0.01	12	13356	卖盘
10:19:48	11.14	--	1	1114	买盘
10:19:45	11.14	0.01	18	20052	买盘
10:19:33	11.13	--	22	24486	卖盘
10:19:30	11.13	-0.01	30	33390	卖盘
10:19:18	11.14	--	7	7798	买盘
10:19:12	11.14	0.01	47	52358	买盘
10:18:57	11.13	--	26	28938	卖盘
10:18:54	11.13	-0.01	19	22037	卖盘
10:18:36	11.14	--	1	1114	买盘
10:18:33	11.14	--	116	129446	卖盘
10:18:15	11.14	-0.01	70	77980	卖盘
10:17:33	11.15	0.01	1	1115	买盘
10:17:24	11.14	0.01	36	40995	买盘
10:17:21	11.13	-0.01	10	11130	卖盘
10:17:00	11.14	0.01	77	85778	买盘
10:16:57	11.13	--	10	11130	卖盘
10:16:36	11.13	-0.01	18	20034	卖盘
10:16:30	11.14	--	4	4456	买盘
10:16:21	11.14	--	1	1114	买盘
10:16:18	11.14	0.01	180	200520	买盘
10:16:00	11.13	-0.01	1	1113	卖盘
10:15:57	11.14	--	46	51244	卖盘
10:15:39	11.14	0.01	54	60156	买盘
10:15:36	11.13	-0.01	13	14469	卖盘
10:15:15	11.14	0.01	5	5570	买盘
10:15:09	11.13	-0.01	36	40068	卖盘
10:14:54	11.14	--	1	1114	买盘
10:14:51	11.14	0.01	1	1114	买盘
10:14:12	11.13	--	21	23373	卖盘
10:14:06	11.13	-0.01	10	11130	卖盘
10:14:00	11.14	--	10	11140	买盘
10:13:54	11.14	--	32	35648	买盘
10:13:51	11.14	--	29	32306	买盘
10:13:48	11.14	--	50	55700	买盘
10:13:39	11.14	--	1	1114	买盘
10:13:15	11.14	--	20	22280	买盘
10:13:06	11.14	0.01	10	11140	买盘
10:12:54	11.13	--	2	2226	卖盘
10:12:51	11.13	-0.02	10	11130	卖盘
10:12:27	11.15	--	1	1115	买盘
10:12:24	11.15	0.01	1	1115	买盘
10:12:09	11.14	--	53	59042	卖盘
10:12:00	11.14	--	401	446714	卖盘
10:11:57	11.14	-0.01	4	4456	卖盘
10:11:45	11.15	--	1	1115	买盘
10:11:12	11.15	0.01	1	1115	买盘
10:11:09	11.14	--	5	5570	卖盘
10:11:03	11.14	0.01	11	12254	买盘
10:11:00	11.13	-0.01	3	3339	卖盘
10:10:39	11.14	--	30	33420	买盘
10:10:30	11.14	--	24	26736	买盘
10:10:24	11.14	0.01	15	16710	买盘
10:10:06	11.13	-0.01	3	3339	卖盘
10:10:03	11.14	-0.01	91	101374	卖盘
10:10:00	11.15	0.01	1	1115	买盘
10:09:57	11.14	--	14	15596	卖盘
10:09:42	11.14	0.01	19	21166	买盘
10:09:24	11.13	-0.01	1	1113	卖盘
10:09:21	11.14	-0.01	1	1114	卖盘
10:09:09	11.15	--	13	14495	买盘
10:09:06	11.15	--	9	10035	买盘
10:08:54	11.15	--	17	18955	买盘
10:08:48	11.15	--	18	20070	买盘
10:08:42	11.15	0.02	13	14495	买盘
10:08:39	11.13	-0.02	2	2226	卖盘
10:08:33	11.15	--	13	14495	买盘
10:08:30	11.15	--	1	1115	买盘
10:08:24	11.15	0.01	13	14495	买盘
10:08:18	11.14	-0.01	25	27850	卖盘
10:08:12	11.15	0.01	18	20070	买盘
10:08:06	11.14	--	20	22280	卖盘
10:08:03	11.14	-0.01	3	3342	卖盘
10:08:00	11.15	0.01	13	14495	买盘
10:07:57	11.14	0.01	28	31192	买盘
10:07:54	11.13	-0.01	16	17808	卖盘
10:07:48	11.14	-0.01	21	23394	买盘
10:07:39	11.15	0.01	31	34565	买盘
10:07:36	11.14	-0.01	52	58150	卖盘
10:07:33	11.15	0.01	43	47945	买盘
10:07:21	11.14	--	20	22280	卖盘
10:07:09	11.14	0.01	3	4233	买盘
10:06:57	11.13	-0.01	70	77910	卖盘
10:06:24	11.14	-0.01	332	369848	卖盘
10:06:18	11.15	--	1	1115	买盘
10:06:06	11.15	--	27	30105	买盘
10:05:18	11.15	0.01	400	446000	买盘
10:05:06	11.14	--	6	6684	卖盘
10:04:57	11.14	-0.01	165	183810	卖盘
10:04:48	11.15	0.01	45	50175	买盘
10:04:42	11.14	--	4	4456	卖盘
10:04:27	11.14	--	1	1114	卖盘
10:04:24	11.14	--	1	1114	卖盘
10:04:15	11.14	-0.01	17	18938	卖盘
10:04:12	11.15	0.01	100	111500	买盘
10:04:00	11.14	-0.01	8	8912	卖盘
10:03:51	11.15	--	1	1115	买盘
10:03:33	11.15	0.01	41	45715	买盘
10:03:21	11.14	--	9	10026	卖盘
10:02:57	11.14	--	53	59042	卖盘
10:02:54	11.14	--	5	5570	卖盘
10:02:48	11.14	--	5	5570	卖盘
10:02:42	11.14	-0.01	35	38990	卖盘
10:02:39	11.15	--	5	5575	买盘
10:02:36	11.15	0.01	244	272060	买盘
10:02:30	11.14	--	10	11140	卖盘
10:02:27	11.14	--	5	5570	卖盘
10:02:18	11.14	--	10	11140	卖盘
10:02:15	11.14	--	20	22280	卖盘
10:02:12	11.14	--	100	111400	卖盘
10:01:48	11.14	-0.01	20	22280	卖盘
10:01:27	11.15	--	1	1115	买盘
10:01:24	11.15	--	23	25645	买盘
10:01:15	11.15	0.01	17	18955	买盘
10:00:57	11.14	-0.01	70	77980	卖盘
10:00:36	11.15	0.01	23	25645	买盘
10:00:30	11.14	--	18	20052	卖盘
10:00:24	11.14	--	13	14482	卖盘
10:00:18	11.14	-0.01	28	31192	卖盘
10:00:15	11.15	--	44	49060	买盘
10:00:12	11.15	0.01	1	1115	买盘
10:00:03	11.14	-0.01	20	22280	卖盘
09:59:57	11.15	0.01	41	45715	买盘
09:59:42	11.14	-0.01	11	12254	卖盘
09:59:33	11.15	0.01	10	11150	买盘
09:59:21	11.14	-0.01	21	23394	卖盘
09:59:00	11.15	--	1	1115	买盘
09:58:57	11.15	--	6	6690	买盘
09:58:36	11.15	-0.01	33	37687	卖盘
09:58:33	11.16	0.01	50	55800	买盘
09:58:15	11.15	--	58	64670	卖盘
09:58:09	11.15	--	9	10035	卖盘
09:58:06	11.15	--	4	4460	卖盘
09:58:03	11.15	-0.01	7	8028	卖盘
09:57:48	11.16	0.01	1	1116	买盘
09:57:39	11.15	--	87	97005	买盘
09:57:06	11.15	--	6	6690	买盘
09:56:48	11.15	--	47	52405	买盘
09:56:42	11.15	--	10	11150	买盘
09:56:36	11.15	0.01	1	1115	买盘
09:56:33	11.14	-0.01	38	42332	卖盘
09:56:21	11.15	0.01	6	6690	买盘
09:56:15	11.14	--	7	7798	卖盘
09:55:51	11.14	--	14	15596	卖盘
09:55:33	11.14	-0.01	10	11140	卖盘
09:55:24	11.15	0.02	1	1115	买盘
09:55:06	11.13	-0.01	44	49194	卖盘
09:55:00	11.14	--	41	45674	买盘
09:54:54	11.14	--	100	111400	买盘
09:54:51	11.14	0.01	5	5570	买盘
09:54:48	11.13	--	5	5565	卖盘
09:54:45	11.13	--	5	5565	卖盘
09:54:33	11.13	-0.01	1	1113	卖盘
09:54:24	11.14	-0.01	64	71296	卖盘
09:54:15	11.15	--	1	1115	买盘
09:54:12	11.15	--	1	1115	买盘
09:54:09	11.15	0.01	359	400285	买盘
09:53:48	11.14	--	1	1114	卖盘
09:53:45	11.14	-0.01	10	11140	卖盘
09:53:36	11.15	0.01	15	16725	买盘
09:53:33	11.14	--	5	5570	卖盘
09:53:30	11.14	0.01	1	1114	中性盘
09:53:24	11.13	-0.01	140	155820	卖盘
09:53:21	11.14	--	3	3342	卖盘
09:53:12	11.14	--	3	3564	买盘
09:53:03	11.14	0.01	4	4456	买盘
09:53:00	11.13	-0.01	10	11130	卖盘
09:52:48	11.14	--	1	1114	买盘
09:52:45	11.14	--	1	2005	卖盘
09:52:42	11.14	--	10	11140	卖盘
09:52:39	11.14	--	34	38098	买盘
09:52:27	11.14	--	49	54586	卖盘
09:52:21	11.14	--	70	77980	卖盘
09:52:09	11.14	--	4	4456	卖盘
09:52:06	11.14	--	50	55700	卖盘
09:51:54	11.14	--	18	20052	卖盘
09:51:48	11.14	--	50	55700	卖盘
09:51:45	11.14	--	10	11140	卖盘
09:51:42	11.14	--	41	45674	买盘
09:51:36	11.14	--	1	1114	买盘
09:51:27	11.14	--	3	3342	买盘
09:51:24	11.14	--	10	11140	买盘
09:51:21	11.14	--	35	38990	卖盘
09:51:03	11.14	--	5	5570	卖盘
09:50:51	11.14	-0.01	218	242852	卖盘
09:50:45	11.15	--	2	2230	卖盘
09:50:39	11.15	-0.01	10	11150	卖盘
09:50:36	11.16	0.01	1	1116	买盘
09:50:33	11.15	--	110	122650	卖盘
09:50:27	11.15	-0.01	5	5575	卖盘
09:50:24	11.16	0.01	1	1116	买盘
09:50:21	11.15	--	35	39025	卖盘
09:50:12	11.15	--	22	24530	卖盘
09:50:06	11.15	--	25	27875	卖盘
09:50:00	11.15	--	100	111500	卖盘
09:49:51	11.15	--	5	5575	卖盘
09:49:42	11.15	-0.01	50	55750	卖盘
09:49:33	11.16	0.01	43	47988	买盘
09:49:15	11.15	-0.01	21	23415	卖盘
09:49:06	11.16	0.01	11	12276	买盘
09:49:03	11.15	--	14	15610	卖盘
09:49:00	11.15	--	4	4460	卖盘
09:48:45	11.15	-0.02	6	6690	卖盘
09:48:27	11.17	0.01	118	131806	买盘
09:48:18	11.16	--	5	5580	买盘
09:48:09	11.16	0.01	50	55800	买盘
09:48:00	11.15	-0.01	58	64670	卖盘
09:47:57	11.16	--	7	7812	买盘
09:47:54	11.16	--	1	1116	买盘
09:47:51	11.16	--	3	3348	卖盘
09:47:27	11.16	0.01	100	111600	卖盘
09:47:24	11.15	--	4	4460	卖盘
09:47:21	11.15	--	16	17840	卖盘
09:47:18	11.15	-0.01	71	79165	卖盘
09:47:15	11.16	--	200	223200	买盘
09:46:51	11.16	--	25	27900	买盘
09:46:39	11.16	0.01	1	1116	买盘
09:46:18	11.15	--	10	11150	卖盘
09:45:42	11.15	--	20	22300	卖盘
09:45:36	11.15	--	2	2230	卖盘
09:45:30	11.15	--	10	11150	卖盘
09:45:27	11.15	--	2	2230	卖盘
09:44:42	11.15	--	1	1115	卖盘
09:44:36	11.15	-0.01	100	111500	卖盘
09:44:33	11.16	0.01	1	1116	买盘
09:44:15	11.15	-0.01	160	178400	中性盘
09:43:45	11.16	0.02	22	24552	买盘
09:43:42	11.14	-0.01	417	464538	卖盘
09:43:36	11.15	-0.01	30	33450	卖盘
09:43:12	11.16	--	28	31248	卖盘
09:43:06	11.16	-0.01	123	137268	卖盘
09:43:00	11.17	0.01	1	1117	买盘
09:42:54	11.16	-0.01	2	2232	卖盘
09:42:42	11.17	0.01	10	11170	买盘
09:42:12	11.16	--	21	23436	卖盘
09:41:54	11.16	-0.01	80	89280	卖盘
09:41:48	11.17	--	1	1117	买盘
09:41:36	11.17	--	58	65456	卖盘
09:41:33	11.17	--	5	5585	卖盘
09:41:21	11.17	--	60	67020	卖盘
09:41:06	11.17	--	25	28371	卖盘
09:40:42	11.17	-0.01	6	6702	卖盘
09:40:36	11.18	0.01	1	1118	买盘
09:40:18	11.17	--	2	2234	卖盘
09:40:09	11.17	-0.01	7	7819	卖盘
09:40:06	11.18	0.02	1	1118	买盘
09:40:03	11.16	--	6	6696	卖盘
09:40:00	11.16	--	7	7812	卖盘
09:39:42	11.16	-0.01	22	24552	卖盘
09:39:24	11.17	--	1	1117	买盘
09:39:21	11.17	--	15	16755	卖盘
09:39:15	11.17	--	6	6702	卖盘
09:39:12	11.17	0.01	114	127338	买盘
09:39:09	11.16	--	50	55800	卖盘
09:39:06	11.16	--	7	7812	卖盘
09:38:36	11.16	-0.01	20	22320	卖盘
09:38:24	11.17	0.01	13	14521	买盘
09:38:15	11.16	--	1	1116	卖盘
09:38:12	11.16	-0.01	8	8928	卖盘
09:38:09	11.17	--	1	1117	买盘
09:38:06	11.17	--	23	25691	买盘
09:38:00	11.17	--	6	6702	买盘
09:37:57	11.17	--	16	17872	买盘
09:37:45	11.17	0.01	1	1117	买盘
09:37:42	11.16	--	1	1116	卖盘
09:37:39	11.16	--	16	17856	卖盘
09:37:33	11.16	--	15	16740	卖盘
09:37:30	11.16	-0.01	6	6696	卖盘
09:37:21	11.17	--	6	6702	卖盘
09:37:15	11.17	--	2	3127	买盘
09:37:09	11.17	--	10	11170	买盘
09:37:06	11.17	--	46	51382	卖盘
09:37:03	11.17	--	4	4468	买盘
09:36:54	11.17	--	3	3351	买盘
09:36:51	11.17	--	1	1117	买盘
09:36:45	11.17	--	17	18989	卖盘
09:36:33	11.17	-0.01	10	11170	卖盘
09:36:24	11.18	0.01	67	74906	买盘
09:36:21	11.17	--	32	35744	卖盘
09:35:45	11.17	--	38	42446	买盘
09:35:39	11.17	0.01	1	1117	买盘
09:35:30	11.16	-0.01	154	171864	卖盘
09:35:27	11.17	--	1	1117	买盘
09:35:12	11.17	0.01	20	22340	买盘
09:35:09	11.16	-0.01	215	239940	卖盘
09:35:06	11.17	--	84	93828	卖盘
09:35:03	11.17	--	14	15638	买盘
09:34:57	11.17	--	50	55850	买盘
09:34:54	11.17	--	10	11170	买盘
09:34:45	11.17	--	4	4468	买盘
09:34:36	11.17	0.01	8	8936	买盘
09:34:33	11.16	-0.01	10	11160	卖盘
09:34:24	11.17	--	1	1117	买盘
09:34:09	11.17	--	4	4468	买盘
09:33:54	11.17	0.01	12	13404	买盘
09:33:48	11.16	--	123	137268	买盘
09:33:45	11.16	--	10	11160	买盘
09:33:42	11.16	--	7	7812	买盘
09:33:33	11.16	--	7	7812	买盘
09:33:27	11.16	--	30	33480	买盘
09:33:12	11.16	--	1	1116	买盘
09:33:09	11.16	-0.01	63	70308	卖盘
09:33:03	11.17	0.01	7	7819	买盘
09:32:51	11.16	--	2	2232	卖盘
09:32:48	11.16	-0.02	40	44640	卖盘
09:32:39	11.18	0.01	10	11180	买盘
09:32:27	11.17	-0.01	1	1117	卖盘
09:32:21	11.18	--	7	7826	买盘
09:32:03	11.18	0.02	7	7826	买盘
09:31:57	11.16	-0.02	25	27900	卖盘
09:31:51	11.18	--	7	7826	买盘
09:31:42	11.18	--	7	7826	买盘
09:31:39	11.18	--	7	7826	买盘
09:31:36	11.18	--	7	7826	买盘
09:31:21	11.18	0.02	30	33540	买盘
09:31:06	11.16	--	142	158472	卖盘
09:31:00	11.16	-0.02	15	16740	卖盘
09:30:54	11.18	0.01	18	20124	买盘
09:30:45	11.17	--	1	1117	买盘
09:30:42	11.17	--	18	20106	买盘
09:30:36	11.17	--	10	11170	买盘
09:30:24	11.17	--	11	12287	买盘
09:30:09	11.17	0.01	2	2234	买盘
09:30:06	11.16	--	9	10044	卖盘
09:30:03	11.16	-0.02	12	13392	卖盘
09:30:00	11.18	--	0	0	买盘
09:25:03	11.18	11.18	87	97266	买盘
