成交时间	成交价	价格变动	成交量(手)	成交额(元)	性质
15:00:03	5.54	--	2475	1371150	买盘
14:57:00	5.54	--	0	0	买盘
14:56:57	5.54	--	51	28254	买盘
14:56:54	5.54	--	11	6094	买盘
14:56:51	5.54	-0.01	653	361762	卖盘
14:56:48	5.55	--	16	8880	买盘
14:56:39	5.55	--	10	5550	买盘
14:56:36	5.55	--	57	31635	买盘
14:56:33	5.55	--	958	531690	卖盘
14:56:30	5.55	--	10	5550	卖盘
14:56:27	5.55	-0.01	10	5550	卖盘
14:56:24	5.56	0.01	63	35028	买盘
14:56:21	5.55	-0.01	168	93240	卖盘
14:56:18	5.56	--	17	9452	买盘
14:56:15	5.56	0.01	10	5560	买盘
14:56:12	5.55	-0.01	800	444000	卖盘
14:56:06	5.56	0.01	109	60603	买盘
14:56:03	5.55	--	104	57720	卖盘
14:55:57	5.55	--	20	11100	卖盘
14:55:54	5.55	--	20	11100	卖盘
14:55:51	5.55	-0.01	748	415140	卖盘
14:55:48	5.56	0.01	50	27799	买盘
14:55:45	5.55	-0.01	111	61605	卖盘
14:55:36	5.56	0.01	100	55599	买盘
14:55:33	5.55	--	40	22200	卖盘
14:55:21	5.55	--	7	3885	卖盘
14:55:18	5.55	-0.01	30	16650	卖盘
14:55:09	5.56	0.01	11	6116	买盘
14:55:06	5.55	--	40	22200	卖盘
14:55:03	5.55	-0.01	50	27750	卖盘
14:55:00	5.56	0.01	5	2780	买盘
14:54:57	5.55	--	212	117660	卖盘
14:54:54	5.55	-0.01	124	68820	卖盘
14:54:51	5.56	--	40	22240	买盘
14:54:36	5.56	--	192	107157	卖盘
14:54:33	5.56	--	30	16680	卖盘
14:54:30	5.56	--	70	38920	卖盘
14:54:24	5.56	--	15	8340	卖盘
14:54:21	5.56	--	15	8340	卖盘
14:54:18	5.56	--	142	78952	卖盘
14:54:15	5.56	--	16	8896	卖盘
14:54:12	5.56	--	100	55599	卖盘
14:54:09	5.56	--	144	80064	卖盘
14:54:06	5.56	--	82	45592	卖盘
14:54:03	5.56	--	14	7783	卖盘
14:54:00	5.56	--	162	90072	卖盘
14:53:57	5.56	--	55	30579	卖盘
14:53:54	5.56	--	12	6671	卖盘
14:53:51	5.56	-0.01	100	55599	卖盘
14:53:48	5.57	0.01	23	12811	买盘
14:53:45	5.56	--	81	45036	卖盘
14:53:39	5.56	-0.01	265	147340	卖盘
14:53:36	5.57	0.01	17	9469	买盘
14:53:33	5.56	--	14	7783	卖盘
14:53:30	5.56	-0.01	2	1112	卖盘
14:53:27	5.57	--	30	16710	买盘
14:53:24	5.57	0.01	56	31192	买盘
14:53:15	5.56	-0.01	103	57267	卖盘
14:53:09	5.57	--	16	8912	买盘
14:53:06	5.57	--	200	111400	买盘
14:53:00	5.57	--	10	5570	买盘
14:52:21	5.57	0.01	13	7241	买盘
14:52:09	5.56	-0.01	202	112311	卖盘
14:52:00	5.57	0.01	21	11697	买盘
14:51:57	5.56	-0.01	20	11120	卖盘
14:51:51	5.57	0.01	16	8912	买盘
14:51:45	5.56	--	45	25020	卖盘
14:51:42	5.56	--	7	3891	卖盘
14:51:36	5.56	--	55	30579	卖盘
14:51:30	5.56	--	51	28355	卖盘
14:51:27	5.56	-0.01	75	41700	卖盘
14:51:24	5.57	--	22	12254	买盘
14:51:21	5.57	0.01	10	5570	买盘
14:51:18	5.56	--	5	2780	卖盘
14:51:15	5.56	--	13	7227	卖盘
14:51:09	5.56	--	62	34472	卖盘
14:51:00	5.56	--	25	13899	卖盘
14:50:54	5.56	-0.01	2	1112	卖盘
14:50:45	5.57	0.01	10	5570	买盘
14:50:39	5.56	--	293	163058	卖盘
14:50:30	5.56	--	4	2224	卖盘
14:50:24	5.56	--	6	3335	卖盘
14:50:09	5.56	--	219	121763	卖盘
14:50:06	5.56	-0.01	44	24464	卖盘
14:50:00	5.57	--	75	41775	卖盘
14:49:54	5.57	--	330	183810	卖盘
14:49:48	5.57	--	10	5570	卖盘
14:49:45	5.57	--	8	4456	买盘
14:49:42	5.57	--	165	91905	买盘
14:49:39	5.57	0.01	208	115856	买盘
14:49:33	5.56	-0.01	31	17236	卖盘
14:49:30	5.57	--	125	69625	买盘
14:49:18	5.57	--	36	20052	买盘
14:49:15	5.57	--	12	6684	买盘
14:49:12	5.57	0.01	2	1114	买盘
14:49:06	5.56	--	139	77284	卖盘
14:49:03	5.56	-0.01	57	31691	卖盘
14:49:00	5.57	--	2	1114	买盘
14:48:54	5.57	--	124	69068	买盘
14:48:45	5.57	--	40	22280	买盘
14:48:42	5.57	--	84	46788	买盘
14:48:36	5.57	0.01	20	11140	中性盘
14:48:33	5.56	-0.02	493	274108	卖盘
14:48:30	5.58	0.01	97	54126	买盘
14:48:27	5.57	0.01	126	70182	买盘
14:48:21	5.56	-0.01	41	22796	卖盘
14:48:09	5.57	--	1024	570368	买盘
14:48:06	5.57	-0.01	31	17545	卖盘
14:48:03	5.58	--	1	558	买盘
14:48:00	5.58	0.01	53	29574	买盘
14:47:57	5.57	--	1979	1102581	买盘
14:47:51	5.57	--	488	271816	买盘
14:47:48	5.57	--	736	409952	卖盘
14:47:45	5.57	--	27	15039	卖盘
14:47:42	5.57	--	75	41775	卖盘
14:47:39	5.57	--	45	25065	卖盘
14:47:21	5.57	--	1	557	卖盘
14:47:15	5.57	-0.01	3	1671	卖盘
14:47:06	5.58	--	12	6696	买盘
14:46:54	5.58	0.01	5	2790	买盘
14:46:48	5.57	-0.01	10	5570	卖盘
14:46:45	5.58	--	12	6696	买盘
14:46:36	5.58	0.01	56	31248	买盘
14:46:27	5.57	--	100	55700	卖盘
14:46:24	5.57	-0.01	239	133123	卖盘
14:46:18	5.58	--	36	20088	买盘
14:46:12	5.58	--	664	370512	买盘
14:46:00	5.58	--	15	8370	买盘
14:45:57	5.58	0.01	212	118296	买盘
14:45:54	5.57	-0.01	10	5570	卖盘
14:45:48	5.58	0.01	245	136710	买盘
14:45:45	5.57	-0.01	12	6684	卖盘
14:45:36	5.58	0.01	758	422964	买盘
14:45:24	5.57	--	10	5570	卖盘
14:45:18	5.57	-0.01	177	98589	卖盘
14:45:15	5.58	--	96	53568	买盘
14:45:12	5.58	--	10	5580	买盘
14:45:06	5.58	0.01	15	8370	买盘
14:45:00	5.57	--	190	105830	卖盘
14:44:57	5.57	--	5	2785	卖盘
14:44:51	5.57	--	10	5570	卖盘
14:44:36	5.57	--	19	10583	卖盘
14:44:24	5.57	--	5	2785	卖盘
14:44:18	5.57	-0.01	10	5570	卖盘
14:44:12	5.58	--	131	73098	买盘
14:44:09	5.58	0.01	10	5580	买盘
14:44:06	5.57	--	5	2785	卖盘
14:44:00	5.57	--	302	168214	卖盘
14:43:42	5.57	-0.01	20	11140	卖盘
14:43:39	5.58	--	50	27900	买盘
14:43:18	5.58	--	98	54684	买盘
14:43:12	5.58	0.01	513	286254	买盘
14:43:09	5.57	-0.01	10	5570	卖盘
14:43:00	5.58	0.01	46	25668	买盘
14:42:57	5.57	--	55	30635	买盘
14:42:45	5.57	--	207	115299	买盘
14:42:42	5.57	-0.01	10	5570	卖盘
14:42:36	5.58	0.01	1324	738792	买盘
14:42:33	5.57	--	226	125882	卖盘
14:42:30	5.57	--	40	22280	卖盘
14:42:24	5.57	--	15	8355	卖盘
14:42:21	5.57	--	3	1671	卖盘
14:42:18	5.57	--	135	75195	买盘
14:42:06	5.57	--	44	24508	买盘
14:42:00	5.57	0.01	19	10583	买盘
14:41:57	5.56	--	1	556	卖盘
14:41:51	5.56	--	32	17792	卖盘
14:41:33	5.56	--	15	8340	卖盘
14:41:24	5.56	--	10	5560	卖盘
14:41:09	5.56	--	162	90072	卖盘
14:41:06	5.56	--	10	5560	卖盘
14:41:00	5.56	--	75	41700	卖盘
14:40:48	5.56	--	2	1112	卖盘
14:40:27	5.56	--	1	556	卖盘
14:40:12	5.56	-0.01	99	55043	卖盘
14:39:48	5.57	0.01	10	5570	买盘
14:39:39	5.56	-0.01	15	8340	卖盘
14:39:21	5.57	--	36	20052	卖盘
14:39:18	5.57	--	25	13925	买盘
14:39:09	5.57	0.01	38	21166	买盘
14:39:03	5.56	-0.01	1	556	卖盘
14:39:00	5.57	--	50	27850	买盘
14:38:51	5.57	--	1	557	买盘
14:38:48	5.57	--	110	61270	卖盘
14:38:45	5.57	--	20	11140	卖盘
14:38:33	5.57	-0.01	28	15596	卖盘
14:38:30	5.58	0.01	25	13950	买盘
14:38:24	5.57	-0.01	67	37319	卖盘
14:38:21	5.58	0.01	3	1674	买盘
14:38:18	5.57	--	30	16710	卖盘
14:38:15	5.57	--	24	13368	卖盘
14:38:09	5.57	-0.01	2	1114	卖盘
14:38:06	5.58	--	104	58032	买盘
14:38:00	5.58	0.01	150	83700	买盘
14:37:48	5.57	--	5	2785	卖盘
14:37:36	5.57	-0.01	18	10026	卖盘
14:37:24	5.58	0.01	6	3348	买盘
14:37:15	5.57	-0.01	16	8912	卖盘
14:37:12	5.58	--	53	29574	买盘
14:37:06	5.58	0.01	10	5580	买盘
14:37:00	5.57	--	9	5013	卖盘
14:36:57	5.57	--	13	7241	卖盘
14:36:54	5.57	--	69	38433	买盘
14:36:36	5.57	0.01	11	6127	买盘
14:36:21	5.56	--	20	11120	卖盘
14:36:09	5.56	--	1	556	卖盘
14:36:06	5.56	-0.01	50	27799	卖盘
14:35:54	5.57	--	42	23394	买盘
14:35:51	5.57	0.01	164	91348	买盘
14:35:48	5.56	-0.01	41	22796	卖盘
14:35:42	5.57	--	37	20609	买盘
14:35:36	5.57	--	64	35648	买盘
14:35:33	5.57	--	3	1671	买盘
14:35:27	5.57	-0.01	10	5570	卖盘
14:35:21	5.58	0.01	10	5580	买盘
14:35:18	5.57	--	5	2785	卖盘
14:35:15	5.57	0.01	15	8355	买盘
14:35:12	5.56	-0.02	80	44480	卖盘
14:35:03	5.58	0.01	72	40176	买盘
14:34:54	5.57	-0.01	15	8355	卖盘
14:34:51	5.58	0.01	197	109926	买盘
14:34:48	5.57	--	10	5570	中性盘
14:34:39	5.57	-0.01	100	55700	卖盘
14:34:36	5.58	0.01	653	364374	买盘
14:34:33	5.57	0.01	146	81322	买盘
14:34:27	5.56	-0.01	82	45592	卖盘
14:34:24	5.57	--	162	90234	买盘
14:34:12	5.57	--	48	26736	买盘
14:34:09	5.57	--	54	30078	买盘
14:34:03	5.57	0.01	267	148719	买盘
14:33:57	5.56	0.01	82	45592	买盘
14:33:51	5.55	-0.01	14	7770	卖盘
14:33:48	5.56	0.01	7	3891	买盘
14:33:39	5.55	-0.02	3	1665	卖盘
14:33:36	5.57	0.02	67	37319	买盘
14:33:30	5.55	-0.02	60	33300	卖盘
14:33:24	5.57	0.02	209	116413	买盘
14:33:15	5.55	-0.02	180	99900	卖盘
14:33:12	5.57	-0.01	96	53472	中性盘
14:33:03	5.58	0.01	329	183582	买盘
14:32:51	5.57	--	81	45117	买盘
14:32:48	5.57	0.01	200	111400	买盘
14:32:39	5.56	-0.01	42	23352	卖盘
14:32:36	5.57	--	2	1114	买盘
14:32:27	5.57	0.01	91	50687	中性盘
14:32:24	5.56	-0.01	200	111199	卖盘
14:32:21	5.57	--	40	22280	卖盘
14:32:15	5.57	--	67	37319	卖盘
14:32:12	5.57	0.01	12	6684	买盘
14:32:03	5.56	--	511	284116	卖盘
14:32:00	5.56	-0.01	19	10564	卖盘
14:31:54	5.57	--	5	2785	卖盘
14:31:51	5.57	0.01	54	30078	买盘
14:31:48	5.56	-0.01	32	17792	卖盘
14:31:45	5.57	--	17	9469	买盘
14:31:39	5.57	0.01	70	38990	买盘
14:31:36	5.56	-0.01	40	22240	卖盘
14:31:30	5.57	--	95	52915	买盘
14:31:15	5.57	--	327	182139	卖盘
14:30:57	5.57	-0.01	52	28964	卖盘
14:30:54	5.58	--	20	11160	卖盘
14:30:48	5.58	--	3	1674	买盘
14:30:42	5.58	--	8	4464	卖盘
14:30:39	5.58	-0.01	173	96534	卖盘
14:30:36	5.59	0.01	17	9503	买盘
14:30:33	5.58	-0.01	10	5580	卖盘
14:30:27	5.59	0.01	212	118508	买盘
14:30:24	5.58	--	20	11160	卖盘
14:30:18	5.58	--	8	4464	买盘
14:30:15	5.58	0.01	33	18414	买盘
14:30:12	5.57	-0.01	10	5570	卖盘
14:30:09	5.58	0.01	25	13950	买盘
14:30:06	5.57	-0.01	30	16710	卖盘
14:30:03	5.58	--	28	15624	买盘
14:30:00	5.58	--	30	16740	买盘
14:29:57	5.58	-0.01	1	558	买盘
14:29:51	5.59	0.01	404	225836	买盘
14:29:48	5.58	-0.01	50	27900	中性盘
14:29:39	5.59	0.01	36	20124	买盘
14:29:30	5.58	--	96	53568	卖盘
14:29:24	5.58	--	21	11718	卖盘
14:29:21	5.58	--	10	5580	卖盘
14:29:18	5.58	--	45	25110	卖盘
14:29:06	5.58	--	620	345960	买盘
14:29:00	5.58	--	1	558	买盘
14:28:57	5.58	-0.01	468	261144	卖盘
14:28:54	5.59	--	124	69316	买盘
14:28:45	5.59	--	10	5590	买盘
14:28:42	5.59	--	41	22919	买盘
14:28:33	5.59	-0.01	32	17888	中性盘
14:28:27	5.6	0.02	332	185920	买盘
14:28:21	5.58	-0.01	40	22320	卖盘
14:28:18	5.59	--	55	30745	买盘
14:28:15	5.59	0.01	5	2795	买盘
14:28:12	5.58	-0.01	10	5580	卖盘
14:28:06	5.59	0.01	205	114595	买盘
14:28:03	5.58	-0.01	30	16740	卖盘
14:27:54	5.59	--	466	260494	买盘
14:27:51	5.59	0.01	1	559	买盘
14:27:48	5.58	--	10	5580	卖盘
14:27:45	5.58	--	7	3906	卖盘
14:27:42	5.58	--	50	27900	卖盘
14:27:39	5.58	--	100	55800	卖盘
14:27:36	5.58	-0.01	4	2232	卖盘
14:27:30	5.59	--	431	240929	买盘
14:27:27	5.59	--	588	328692	买盘
14:27:24	5.59	--	48	26832	买盘
14:27:18	5.59	--	154	86086	买盘
14:27:09	5.59	0.01	500	279500	买盘
14:27:00	5.58	-0.01	10	5580	卖盘
14:26:45	5.59	--	40	22360	买盘
14:26:39	5.59	--	45	25155	买盘
14:26:36	5.59	--	37	20683	买盘
14:26:33	5.59	--	53	29627	卖盘
14:26:30	5.59	--	20	11180	卖盘
14:26:27	5.59	-0.01	20	11180	卖盘
14:26:24	5.6	0.01	24	13440	买盘
14:26:21	5.59	--	120	67080	卖盘
14:26:18	5.59	--	166	92794	卖盘
14:26:15	5.59	--	173	96707	卖盘
14:26:12	5.59	--	2	1118	卖盘
14:26:06	5.59	--	15	8385	卖盘
14:26:03	5.59	--	131	73229	卖盘
14:25:57	5.59	--	20	11180	卖盘
14:25:54	5.59	--	10	5590	卖盘
14:25:51	5.59	-0.01	60	33540	卖盘
14:25:45	5.6	--	116	64959	买盘
14:25:39	5.6	0.01	29	16239	买盘
14:25:36	5.59	--	209	116831	卖盘
14:25:33	5.59	--	24	13416	卖盘
14:25:30	5.59	-0.01	106	59254	卖盘
14:25:24	5.6	0.01	120	67200	买盘
14:25:21	5.59	--	26	14534	卖盘
14:25:12	5.59	-0.01	36	20124	卖盘
14:25:09	5.6	--	804	450240	买盘
14:25:06	5.6	--	14	7839	买盘
14:25:00	5.6	0.01	562	314720	买盘
14:24:57	5.59	-0.01	88	49192	卖盘
14:24:48	5.6	0.01	288	161280	买盘
14:24:45	5.59	--	5	2795	卖盘
14:24:42	5.59	--	298	166582	买盘
14:24:36	5.59	--	174	97266	买盘
14:24:33	5.59	0.01	1025	572975	买盘
14:24:30	5.58	-0.01	64	35712	卖盘
14:24:24	5.59	0.01	113	63167	买盘
14:24:21	5.58	-0.01	159	88722	买盘
14:24:12	5.59	0.01	209	116831	买盘
14:24:09	5.58	0.01	6	3348	买盘
14:24:06	5.57	-0.01	50	27850	卖盘
14:24:00	5.58	0.01	328	183024	买盘
14:23:54	5.57	--	108	60156	买盘
14:23:51	5.57	--	229	127553	买盘
14:23:45	5.57	0.01	93	51801	买盘
14:23:36	5.56	-0.01	20	11120	卖盘
14:23:27	5.57	0.01	51	28407	买盘
14:23:18	5.56	-0.01	10	5560	卖盘
14:23:15	5.57	--	2	1114	买盘
14:23:03	5.57	-0.01	529	294653	卖盘
14:22:36	5.58	0.01	91	50778	买盘
14:22:33	5.57	--	10	5570	卖盘
14:22:24	5.57	--	10	5570	卖盘
14:22:15	5.57	--	1	557	卖盘
14:22:06	5.57	-0.01	10	5570	卖盘
14:21:57	5.58	--	1	558	买盘
14:21:54	5.58	0.01	211	117738	买盘
14:21:51	5.57	-0.01	30	16710	卖盘
14:21:42	5.58	--	4	2232	卖盘
14:21:39	5.58	--	372	207576	买盘
14:21:33	5.58	--	62	34596	买盘
14:21:15	5.58	--	91	50778	买盘
14:21:12	5.58	--	429	239382	买盘
14:21:06	5.58	--	15	8370	买盘
14:20:30	5.58	0.01	10	5580	买盘
14:20:24	5.57	-0.01	49	27293	卖盘
14:20:09	5.58	--	35	19530	卖盘
14:20:03	5.58	--	29	16182	买盘
14:19:57	5.58	0.01	65	36270	买盘
14:19:48	5.57	-0.02	16	8912	中性盘
14:19:30	5.59	0.01	253	141427	买盘
14:19:21	5.58	--	10	5580	卖盘
14:19:12	5.58	--	457	255006	买盘
14:19:09	5.58	0.01	20	11160	买盘
14:19:06	5.57	-0.01	469	261233	卖盘
14:19:03	5.58	--	26	14508	买盘
14:19:00	5.58	--	10	5580	买盘
14:18:57	5.58	--	233	130014	买盘
14:18:54	5.58	--	348	194184	买盘
14:18:51	5.58	--	20	11160	买盘
14:18:42	5.58	--	535	298530	买盘
14:18:36	5.58	--	66	36828	买盘
14:18:33	5.58	--	1	558	买盘
14:18:30	5.58	--	30	16740	买盘
14:18:21	5.58	--	109	60822	买盘
14:18:06	5.58	--	37	20646	买盘
14:18:00	5.58	--	42	23436	买盘
14:17:51	5.58	--	27	15066	买盘
14:17:45	5.58	--	42	23436	买盘
14:17:33	5.58	0.01	79	44082	买盘
14:17:18	5.57	--	43	23951	买盘
14:17:12	5.57	--	9	5013	买盘
14:17:03	5.57	--	40	22280	买盘
14:17:00	5.57	--	76	42332	买盘
14:16:57	5.57	--	10	5570	买盘
14:16:48	5.57	0.01	110	61270	买盘
14:16:42	5.56	-0.01	2	1112	卖盘
14:16:30	5.57	--	18	10026	买盘
14:16:24	5.57	0.01	38	21166	买盘
14:16:15	5.56	-0.01	10	5560	卖盘
14:16:12	5.57	--	48	26736	买盘
14:16:09	5.57	--	75	41775	买盘
14:16:03	5.57	--	100	55700	买盘
14:15:54	5.57	0.01	16	8912	买盘
14:15:48	5.56	-0.01	11	6116	卖盘
14:15:42	5.57	0.01	58	32306	买盘
14:15:27	5.56	-0.01	9	5004	卖盘
14:15:15	5.57	--	20	11140	买盘
14:15:12	5.57	--	91	50687	买盘
14:15:06	5.57	--	44	24508	买盘
14:15:00	5.57	--	27	15039	买盘
14:14:42	5.57	0.01	50	27850	买盘
14:14:36	5.56	-0.01	55	30579	卖盘
14:14:27	5.57	0.01	10	5570	买盘
14:14:18	5.56	-0.01	4	2224	卖盘
14:14:12	5.57	--	15	8355	买盘
14:14:09	5.57	0.01	90	50130	买盘
14:14:06	5.56	--	3	1667	卖盘
14:13:54	5.56	-0.01	8	4448	卖盘
14:13:36	5.57	0.01	91	50687	买盘
14:13:09	5.56	--	3	1667	卖盘
14:13:06	5.56	--	7	3891	卖盘
14:12:51	5.56	--	3	1667	卖盘
14:12:39	5.56	--	3	1667	卖盘
14:12:21	5.56	-0.01	58	32247	卖盘
14:12:12	5.57	0.01	2	1114	买盘
14:12:06	5.56	-0.01	2	1112	卖盘
14:12:03	5.57	--	91	50687	买盘
14:11:54	5.57	0.01	100	55700	买盘
14:11:51	5.56	--	8	4448	卖盘
14:11:45	5.56	--	13	7227	卖盘
14:11:39	5.56	--	2	1112	卖盘
14:11:30	5.56	--	50	27799	买盘
14:10:36	5.56	--	24	13343	卖盘
14:10:30	5.56	--	10	5560	卖盘
14:10:03	5.56	--	18	10008	卖盘
14:09:57	5.56	-0.01	20	11120	卖盘
14:09:42	5.57	--	44	24508	买盘
14:09:36	5.57	--	101	56257	买盘
14:09:33	5.57	0.01	5	2785	买盘
14:09:30	5.56	-0.01	20	11120	卖盘
14:09:27	5.57	--	10	5570	买盘
14:09:18	5.57	0.01	20	11140	买盘
14:09:15	5.56	--	225	125099	卖盘
14:09:12	5.56	--	10	5560	卖盘
14:09:06	5.56	--	6	3335	卖盘
14:09:03	5.56	-0.01	7	3891	卖盘
14:09:00	5.57	--	13	7241	买盘
14:08:33	5.57	0.01	2	1114	买盘
14:08:18	5.56	-0.01	14	7783	卖盘
14:08:03	5.57	--	2	1114	买盘
14:07:51	5.57	0.01	10	5570	买盘
14:07:48	5.56	-0.01	135	75060	卖盘
14:07:24	5.57	-0.01	2	1114	卖盘
14:07:12	5.58	--	76	42408	买盘
14:07:03	5.58	--	15	8370	买盘
14:07:00	5.58	0.01	61	34038	买盘
14:06:57	5.57	--	79	44003	买盘
14:06:48	5.57	--	30	16710	买盘
14:06:36	5.57	--	63	35091	买盘
14:06:24	5.57	--	231	128667	买盘
14:06:18	5.57	--	82	45674	买盘
14:06:12	5.57	0.01	803	447271	买盘
14:06:03	5.56	--	3	1667	买盘
14:06:00	5.56	--	108	60047	买盘
14:05:48	5.56	0.01	16	8896	买盘
14:05:45	5.55	-0.01	20	11100	卖盘
14:05:36	5.56	0.01	44	24464	买盘
14:05:27	5.55	-0.01	52	28860	卖盘
14:05:24	5.56	--	71	39476	买盘
14:05:18	5.56	--	16	8896	买盘
14:05:12	5.56	0.01	243	135108	买盘
14:05:03	5.55	--	11	6105	买盘
14:05:00	5.55	--	16	8880	买盘
14:04:48	5.55	0.01	70	38850	买盘
14:04:42	5.54	-0.01	99	54846	卖盘
14:04:39	5.55	--	349	193695	买盘
14:04:24	5.55	0.01	25	13875	买盘
14:04:03	5.54	-0.01	2	1108	卖盘
14:04:00	5.55	--	5	2775	买盘
14:03:42	5.55	--	38	21090	卖盘
14:03:36	5.55	--	11	6105	卖盘
14:03:33	5.55	-0.01	2	1110	卖盘
14:03:30	5.56	0.01	364	202384	买盘
14:03:27	5.55	--	10	5550	卖盘
14:03:24	5.55	--	1	555	卖盘
14:03:18	5.55	--	15	8325	卖盘
14:03:09	5.55	0.01	215	119325	买盘
14:03:06	5.54	-0.01	100	55400	卖盘
14:03:03	5.55	--	12	6660	买盘
14:02:48	5.55	--	2	1110	买盘
14:02:42	5.55	--	91	50505	买盘
14:02:39	5.55	--	2	1110	买盘
14:02:27	5.55	--	22	12210	买盘
14:02:15	5.55	--	10	5550	买盘
14:02:03	5.55	--	20	11100	买盘
14:01:54	5.55	0.01	5	2775	中性盘
14:01:48	5.54	-0.01	300	166200	卖盘
14:01:42	5.55	-0.01	200	111000	卖盘
14:01:21	5.56	--	50	27799	买盘
14:01:15	5.56	-0.01	34	18904	中性盘
14:00:45	5.57	--	50	27850	买盘
14:00:42	5.57	--	59	32863	卖盘
14:00:39	5.57	--	18	10026	卖盘
14:00:27	5.57	--	82	45674	卖盘
14:00:21	5.57	--	25	13925	卖盘
14:00:15	5.57	--	20	11140	卖盘
14:00:12	5.57	--	71	39547	卖盘
14:00:09	5.57	--	1	557	卖盘
14:00:06	5.57	--	5	2785	卖盘
13:59:54	5.57	-0.01	20	11140	卖盘
13:59:48	5.58	0.01	100	55800	买盘
13:59:45	5.57	--	20	11140	卖盘
13:59:27	5.57	-0.01	1	557	卖盘
13:59:24	5.58	--	20	11160	买盘
13:59:21	5.58	0.01	10	5580	买盘
13:59:18	5.57	-0.01	101	56257	卖盘
13:59:09	5.58	0.01	348	194184	买盘
13:59:03	5.57	--	1	557	卖盘
13:58:51	5.57	-0.01	95	52915	卖盘
13:58:42	5.58	0.01	55	30690	买盘
13:58:33	5.57	-0.01	20	11140	卖盘
13:58:18	5.58	0.01	91	50778	买盘
13:58:06	5.57	0.02	691	384887	买盘
13:57:39	5.55	-0.02	200	111000	卖盘
13:57:33	5.57	--	72	40104	买盘
13:57:30	5.57	0.01	2	1114	买盘
13:57:18	5.56	--	29	16318	买盘
13:57:12	5.56	--	12	6671	买盘
13:57:06	5.56	--	184	102304	买盘
13:56:54	5.56	--	100	55599	买盘
13:56:51	5.56	--	10	5560	买盘
13:56:48	5.56	-0.01	30	17041	卖盘
13:56:42	5.57	0.01	423	235611	买盘
13:56:39	5.56	--	68	38002	买盘
13:56:30	5.56	--	120	66720	买盘
13:56:18	5.56	--	58	32247	买盘
13:56:15	5.56	--	1	556	买盘
13:55:54	5.56	0.01	38	21128	买盘
13:55:42	5.55	-0.01	221	122655	卖盘
13:55:39	5.56	--	5	2780	买盘
13:55:30	5.56	--	26	14455	买盘
13:55:27	5.56	--	41	22796	买盘
13:55:18	5.56	0.01	25	13899	买盘
13:55:09	5.55	--	20	11100	卖盘
13:55:06	5.55	--	149	82695	卖盘
13:55:00	5.55	-0.01	2	1110	卖盘
13:54:54	5.56	0.01	309	171804	买盘
13:54:45	5.55	-0.01	38	21090	卖盘
13:54:42	5.56	0.01	699	388644	买盘
13:54:36	5.55	--	53	29415	卖盘
13:54:33	5.55	-0.01	93	51615	卖盘
13:54:30	5.56	--	50	27799	买盘
13:54:09	5.56	--	88	48928	买盘
13:54:03	5.56	0.01	21	11676	买盘
13:54:00	5.55	--	15	8325	卖盘
13:53:51	5.55	-0.01	5	2775	卖盘
13:53:33	5.56	0.01	2	1112	买盘
13:53:27	5.55	--	20	11100	卖盘
13:53:24	5.55	--	15	8325	卖盘
13:53:15	5.55	-0.01	10	5550	卖盘
13:53:12	5.56	--	7	3891	买盘
13:53:06	5.56	0.01	1	556	买盘
13:52:57	5.55	-0.01	54	29970	卖盘
13:52:48	5.56	--	12	6671	买盘
13:52:30	5.56	--	1	556	买盘
13:52:18	5.56	0.01	87	48372	买盘
13:51:57	5.55	--	16	8880	卖盘
13:51:45	5.55	-0.01	13	7215	卖盘
13:51:36	5.56	0.01	1	556	买盘
13:51:06	5.55	-0.01	30	16650	卖盘
13:51:03	5.56	--	10	5560	买盘
13:51:00	5.56	0.01	1	556	买盘
13:50:33	5.55	-0.01	1	555	卖盘
13:50:30	5.56	0.01	355	197380	买盘
13:50:15	5.55	--	11	6105	卖盘
13:50:12	5.55	--	50	27750	卖盘
13:50:03	5.55	-0.01	50	27750	卖盘
13:49:45	5.56	0.01	5	2780	买盘
13:49:42	5.55	-0.01	2	1110	卖盘
13:49:39	5.56	--	80	44480	买盘
13:49:12	5.56	0.01	6	3335	买盘
13:49:09	5.55	-0.01	27	14985	卖盘
13:48:45	5.56	0.01	19	10564	买盘
13:48:33	5.55	--	30	16650	卖盘
13:48:27	5.55	--	6	3330	卖盘
13:47:48	5.55	-0.01	2	1110	卖盘
13:47:45	5.56	--	2	1112	卖盘
13:47:09	5.56	-0.01	24	13343	卖盘
13:46:39	5.57	--	384	213888	卖盘
13:46:36	5.57	--	30	16710	卖盘
13:46:18	5.57	-0.01	23	12811	卖盘
13:46:15	5.58	0.01	1	558	买盘
13:46:12	5.57	--	70	38990	卖盘
13:46:09	5.57	--	9	5013	卖盘
13:46:06	5.57	--	10	5570	卖盘
13:45:57	5.57	--	20	11140	卖盘
13:45:51	5.57	--	127	70739	买盘
13:45:39	5.57	--	33	18381	卖盘
13:45:30	5.57	-0.01	67	37319	卖盘
13:45:27	5.58	0.01	90	50220	买盘
13:45:24	5.57	-0.01	114	63498	卖盘
13:45:15	5.58	--	6	3348	买盘
13:45:00	5.58	0.01	1	558	买盘
13:44:57	5.57	--	8	4456	卖盘
13:44:54	5.57	--	550	306350	卖盘
13:44:39	5.57	--	1	557	卖盘
13:44:21	5.57	--	207	115661	买盘
13:44:18	5.57	--	3	1671	买盘
13:44:12	5.57	0.01	2	1114	买盘
13:44:06	5.56	--	5	2780	卖盘
13:44:00	5.56	--	243	135108	买盘
13:43:48	5.56	--	13	7227	买盘
13:43:42	5.56	--	101	56155	买盘
13:43:36	5.56	--	6	3335	买盘
13:43:33	5.56	0.01	6	3335	买盘
13:43:21	5.55	--	6	3330	卖盘
13:43:18	5.55	-0.01	15	8325	卖盘
13:43:15	5.56	0.01	10	5560	买盘
13:43:12	5.55	--	2	1110	卖盘
13:43:06	5.55	--	3	1665	卖盘
13:43:00	5.55	--	100	55500	卖盘
13:42:57	5.55	--	16	8880	卖盘
13:42:39	5.55	--	18	9990	卖盘
13:42:27	5.55	--	14	7770	卖盘
13:42:21	5.55	-0.01	16	8880	卖盘
13:42:18	5.56	--	1	556	买盘
13:42:15	5.56	0.01	20	11120	买盘
13:42:12	5.55	-0.01	30	16650	卖盘
13:42:00	5.56	--	34	18904	卖盘
13:41:51	5.56	--	71	39476	卖盘
13:41:48	5.56	--	21	11676	买盘
13:41:45	5.56	--	20	11120	买盘
13:41:33	5.56	--	2	1112	买盘
13:41:30	5.56	--	7	3891	卖盘
13:41:27	5.56	--	60	33360	卖盘
13:41:21	5.56	-0.01	53	29467	卖盘
13:41:09	5.57	--	17	9469	买盘
13:41:06	5.57	--	9	5013	买盘
13:41:03	5.57	--	20	11140	买盘
13:41:00	5.57	-0.01	5	3119	卖盘
13:40:57	5.58	0.01	849	473742	买盘
13:40:51	5.57	--	2	1336	买盘
13:40:48	5.57	--	8	4456	买盘
13:40:45	5.57	--	42	23394	买盘
13:40:39	5.57	--	229	127553	买盘
13:40:33	5.57	0.02	34	18938	买盘
13:40:30	5.55	--	48	26640	买盘
13:40:27	5.55	--	30	16650	买盘
13:40:24	5.55	--	178	98790	买盘
13:40:21	5.55	-0.02	50	27750	中性盘
13:40:18	5.57	0.01	166	92462	买盘
13:40:15	5.56	--	106	59180	买盘
13:40:09	5.56	0.01	445	247419	买盘
13:40:03	5.55	--	44	24730	买盘
13:39:51	5.55	--	71	39405	买盘
13:39:48	5.55	--	109	60495	买盘
13:39:39	5.55	0.01	126	69930	买盘
13:39:33	5.54	--	2	1108	买盘
13:39:30	5.54	0.01	5	2770	买盘
13:39:27	5.53	-0.01	5	2765	卖盘
13:39:21	5.54	-0.01	28	15512	中性盘
13:39:12	5.55	--	658	365190	买盘
13:39:06	5.55	0.01	196	108780	买盘
13:38:57	5.54	0.01	5	2770	买盘
13:38:51	5.53	-0.01	27	14931	中性盘
13:38:42	5.54	--	574	317996	买盘
13:38:36	5.54	0.02	8	4432	买盘
13:38:33	5.52	-0.01	28	15455	卖盘
13:38:27	5.53	--	20	11060	买盘
13:38:18	5.53	--	35	19355	买盘
13:38:09	5.53	--	309	170877	买盘
13:38:00	5.53	0.02	100	55300	买盘
13:37:48	5.51	-0.01	70	38570	卖盘
13:37:45	5.52	--	10	5520	买盘
13:37:36	5.52	0.01	1	552	买盘
13:37:30	5.51	-0.01	11	6061	卖盘
13:37:27	5.52	--	1	552	买盘
13:37:21	5.52	0.01	18	9936	买盘
13:37:06	5.51	--	15	8265	卖盘
13:36:54	5.51	--	1	551	卖盘
13:36:36	5.51	--	631	347681	卖盘
13:36:15	5.51	--	38	20938	卖盘
13:36:12	5.51	--	5	2755	卖盘
13:36:09	5.51	--	50	27550	卖盘
13:35:54	5.51	--	747	411597	卖盘
13:35:36	5.51	-0.01	45	24795	卖盘
13:35:27	5.52	-0.01	439	242327	卖盘
13:35:18	5.53	--	10	5530	买盘
13:35:09	5.53	--	11	6083	买盘
13:34:48	5.53	--	20	11060	买盘
13:34:45	5.53	--	58	32074	买盘
13:34:27	5.53	--	20	11060	买盘
13:33:45	5.53	0.01	30	16590	买盘
13:33:33	5.52	--	3	1655	卖盘
13:33:12	5.52	--	30	16560	卖盘
13:33:06	5.52	--	59	32567	卖盘
13:33:00	5.52	--	15	8280	卖盘
13:32:51	5.52	--	55	30359	卖盘
13:32:42	5.52	--	18	9936	卖盘
13:32:09	5.52	--	155	85560	卖盘
13:32:03	5.52	--	23	12695	卖盘
13:31:51	5.52	--	10	5520	卖盘
13:31:36	5.52	--	32	17664	卖盘
13:31:30	5.52	--	116	64031	买盘
13:31:15	5.52	--	2	1104	买盘
13:31:12	5.52	--	10	5520	买盘
13:31:09	5.52	--	10	5520	买盘
13:30:57	5.52	--	46	25391	买盘
13:30:51	5.52	0.01	9	4968	买盘
13:30:45	5.51	-0.01	2	1102	卖盘
13:30:36	5.52	--	10	5520	买盘
13:30:30	5.52	--	6	3311	买盘
13:30:21	5.52	--	3	1655	买盘
13:30:18	5.52	--	48	26495	买盘
13:30:12	5.52	--	20	11040	买盘
13:30:09	5.52	--	60	33120	买盘
13:30:00	5.52	--	5	2760	买盘
13:29:51	5.52	--	30	16560	买盘
13:29:36	5.52	--	52	28703	买盘
13:29:33	5.52	0.01	11	6071	买盘
13:29:30	5.51	-0.01	200	110200	卖盘
13:29:21	5.52	--	639	352728	买盘
13:29:15	5.52	--	30	16560	买盘
13:29:06	5.52	0.01	50	27599	买盘
13:29:00	5.51	--	308	169708	卖盘
13:28:54	5.51	-0.01	3	1653	卖盘
13:28:51	5.52	--	6	3311	买盘
13:28:42	5.52	--	163	89976	买盘
13:28:21	5.52	0.01	20	11040	买盘
13:28:18	5.51	-0.01	15	8265	卖盘
13:27:54	5.52	0.01	13	7175	买盘
13:27:33	5.51	-0.01	210	115710	卖盘
13:27:18	5.52	--	112	61823	卖盘
13:27:15	5.52	--	40	22080	卖盘
13:27:03	5.52	--	1	552	卖盘
13:27:00	5.52	--	62	34224	卖盘
13:26:18	5.52	--	42	23184	卖盘
13:26:12	5.52	--	10	5520	卖盘
13:26:06	5.52	--	1	552	卖盘
13:26:03	5.52	--	249	137448	卖盘
13:25:42	5.52	--	28	15455	卖盘
13:25:33	5.52	--	43	23735	买盘
13:25:18	5.52	-0.01	158	87216	卖盘
13:25:03	5.53	0.01	7	3871	买盘
13:25:00	5.52	--	10	5520	卖盘
13:24:57	5.52	--	6	3311	卖盘
13:24:54	5.52	--	30	16560	卖盘
13:24:48	5.52	--	1	552	卖盘
13:24:45	5.52	--	278	153456	卖盘
13:24:42	5.52	--	3	1655	卖盘
13:24:27	5.52	--	2	1104	卖盘
13:24:24	5.52	--	100	55199	卖盘
13:24:21	5.52	-0.01	8	4416	卖盘
13:24:18	5.53	--	3	1659	买盘
13:24:06	5.53	--	1764	975492	卖盘
13:24:03	5.53	-0.01	135	74655	卖盘
13:23:21	5.54	--	13	7202	买盘
13:23:06	5.54	--	1030	571035	卖盘
13:22:42	5.54	--	20	11080	卖盘
13:22:36	5.54	--	1	554	卖盘
13:22:21	5.54	-0.01	121	67034	卖盘
13:22:06	5.55	--	83	46065	买盘
13:21:42	5.55	0.01	8	4440	买盘
13:21:27	5.54	--	300	166200	卖盘
13:21:24	5.54	--	5	2770	卖盘
13:21:15	5.54	-0.01	205	113570	卖盘
13:21:09	5.55	0.01	18	9990	买盘
13:21:00	5.54	-0.01	40	22160	卖盘
13:20:15	5.55	--	25	13875	买盘
13:20:09	5.55	--	25	13875	买盘
13:20:00	5.55	--	8	4440	买盘
13:19:48	5.55	--	3	1665	买盘
13:19:42	5.55	0.01	10	5550	买盘
13:19:27	5.54	--	9	4986	卖盘
13:19:24	5.54	-0.01	3	1662	卖盘
13:19:18	5.55	0.01	3	1665	买盘
13:19:09	5.54	--	25	13850	卖盘
13:18:45	5.54	--	10	5540	卖盘
13:18:18	5.54	--	27	14958	卖盘
13:18:00	5.54	-0.01	42	23268	卖盘
13:17:54	5.55	--	50	27750	买盘
13:17:51	5.55	--	3	1665	买盘
13:17:30	5.55	--	649	360195	买盘
13:17:27	5.55	--	19	10545	买盘
13:16:51	5.55	0.01	10	5550	买盘
13:16:15	5.54	--	38	21190	买盘
13:16:12	5.54	--	3	1662	买盘
13:15:54	5.54	--	1	554	买盘
13:15:48	5.54	--	1	554	买盘
13:15:45	5.54	--	15	8310	买盘
13:15:30	5.54	--	10	5540	买盘
13:15:24	5.54	--	20	11080	买盘
13:15:21	5.54	0.01	50	27700	买盘
13:15:18	5.53	-0.01	1	553	卖盘
13:15:12	5.54	--	3	1662	买盘
13:15:09	5.54	--	30	16620	买盘
13:15:06	5.54	0.01	22	12188	买盘
13:15:03	5.53	-0.01	20	11060	卖盘
13:15:00	5.54	--	14	7756	买盘
13:14:48	5.54	--	10	5540	买盘
13:14:24	5.54	--	2	1108	买盘
13:14:12	5.54	--	6	3324	买盘
13:14:06	5.54	--	10	5540	买盘
13:13:57	5.54	--	36	19944	买盘
13:13:51	5.54	--	35	19390	买盘
13:13:45	5.54	--	10	5540	买盘
13:13:36	5.54	--	6	3324	买盘
13:13:27	5.54	--	18	9972	买盘
13:13:18	5.54	--	10	5540	买盘
13:13:03	5.54	--	20	11080	买盘
13:13:00	5.54	--	9	4986	买盘
13:12:54	5.54	--	10	5540	买盘
13:12:51	5.54	--	57	31993	卖盘
13:12:48	5.54	-0.01	105	58170	卖盘
13:12:45	5.55	0.01	7	3885	买盘
13:12:30	5.54	--	31	17312	买盘
13:12:06	5.54	--	5	2770	买盘
13:11:57	5.54	--	5	2770	买盘
13:11:48	5.54	0.01	180	99720	买盘
13:11:39	5.53	--	39	21567	卖盘
13:11:15	5.53	-0.01	5	2765	卖盘
13:11:09	5.54	0.01	1	554	买盘
13:11:00	5.53	--	212	117236	买盘
13:10:45	5.53	--	5	2765	买盘
13:10:30	5.53	--	10	5530	买盘
13:10:27	5.53	--	30	16590	买盘
13:10:24	5.53	--	74	40922	买盘
13:10:06	5.53	--	3	1659	买盘
13:10:03	5.53	--	100	55300	买盘
13:09:42	5.53	0.01	48	26544	买盘
13:09:15	5.52	-0.01	4	2208	卖盘
13:09:03	5.53	--	10	5530	买盘
13:08:57	5.53	--	20	11060	买盘
13:08:51	5.53	--	7	3871	买盘
13:08:36	5.53	0.01	10	5530	买盘
13:08:30	5.52	--	8	4416	卖盘
13:08:21	5.52	--	25	13799	卖盘
13:08:18	5.52	-0.01	1	552	卖盘
13:07:24	5.53	--	33	18249	买盘
13:07:21	5.53	--	100	55300	买盘
13:07:18	5.53	--	12	6636	买盘
13:07:12	5.53	--	25	13825	买盘
13:07:09	5.53	--	3	1659	卖盘
13:06:48	5.53	--	10	5530	买盘
13:06:45	5.53	--	10	5530	买盘
13:06:39	5.53	--	10	5530	买盘
13:06:33	5.53	--	12	6636	买盘
13:06:24	5.53	--	3	1659	买盘
13:06:21	5.53	--	20	11060	买盘
13:06:15	5.53	-0.01	240	132720	卖盘
13:06:12	5.54	--	13	7202	买盘
13:05:57	5.54	0.01	300	166200	买盘
13:05:54	5.53	--	2	1106	卖盘
13:05:45	5.53	-0.01	5	2765	卖盘
13:05:33	5.54	0.01	1	554	买盘
13:05:15	5.53	--	10	5530	卖盘
13:05:12	5.53	-0.01	273	150969	卖盘
13:05:06	5.54	--	10	5540	买盘
13:05:00	5.54	--	50	27700	买盘
13:04:54	5.54	--	8	4432	买盘
13:04:18	5.54	0.01	12	6648	买盘
13:04:09	5.53	-0.01	10	5530	卖盘
13:03:57	5.54	--	20	11080	买盘
13:03:12	5.54	--	50	27700	买盘
13:02:45	5.54	--	30	16620	买盘
13:02:36	5.54	--	1	554	买盘
13:02:33	5.54	0.01	5	2770	买盘
13:02:30	5.53	-0.01	25	13825	卖盘
13:02:27	5.54	--	100	55400	买盘
13:02:00	5.54	--	10	5540	买盘
13:01:57	5.54	--	20	11080	买盘
13:01:48	5.54	--	1	554	买盘
13:01:45	5.54	--	19	10526	买盘
13:01:33	5.54	0.01	15	8310	买盘
13:01:15	5.53	--	6	3318	卖盘
13:00:57	5.53	-0.01	3	1659	卖盘
13:00:24	5.54	--	350	193900	买盘
13:00:12	5.54	0.01	2	1108	买盘
13:00:09	5.53	-0.01	17	9401	卖盘
13:00:06	5.54	--	8	4432	买盘
13:00:03	5.54	--	533	295282	买盘
13:00:00	5.54	--	0	0	买盘
11:30:00	5.54	--	0	0	买盘
11:29:48	5.54	0.01	2	1108	买盘
11:29:45	5.53	--	1	553	卖盘
11:29:42	5.53	-0.01	100	55300	卖盘
11:29:30	5.54	--	200	110800	买盘
11:29:15	5.54	--	2	1108	买盘
11:29:09	5.54	--	174	96396	卖盘
11:28:57	5.54	--	38	21052	卖盘
11:28:48	5.54	--	2	1108	卖盘
11:28:33	5.54	-0.01	15	8310	卖盘
11:28:18	5.55	0.01	6	3330	买盘
11:27:57	5.54	--	1	554	卖盘
11:27:54	5.54	0.01	63	34902	买盘
11:27:51	5.53	-0.01	32	17696	卖盘
11:27:33	5.54	--	25	13850	买盘
11:27:27	5.54	--	1	554	买盘
11:27:24	5.54	--	19	10526	买盘
11:27:21	5.54	0.01	6	3324	买盘
11:27:03	5.53	-0.01	20	11060	卖盘
11:26:54	5.54	0.01	6	3324	买盘
11:26:51	5.53	-0.01	8	4424	卖盘
11:26:45	5.54	--	5	2770	买盘
11:26:39	5.54	-0.01	105	58170	卖盘
11:26:21	5.55	--	6	3330	买盘
11:26:18	5.55	--	5	2775	买盘
11:26:15	5.55	--	8	4440	买盘
11:26:09	5.55	0.01	100	55500	买盘
11:26:03	5.54	--	190	105260	卖盘
11:26:00	5.54	-0.01	1	554	卖盘
11:25:57	5.55	--	48	26640	买盘
11:25:39	5.55	--	16	8880	卖盘
11:25:33	5.55	--	458	254190	买盘
11:25:30	5.55	--	10	5550	买盘
11:25:18	5.55	--	5	2775	买盘
11:25:00	5.55	--	143	79365	买盘
11:24:57	5.55	--	450	249750	买盘
11:24:39	5.55	0.01	20	11100	买盘
11:24:36	5.54	-0.01	11	6094	卖盘
11:24:24	5.55	0.01	17	9435	买盘
11:24:09	5.54	--	310	171740	买盘
11:24:03	5.54	0.01	9	4986	买盘
11:24:00	5.53	-0.01	3	1659	卖盘
11:23:42	5.54	--	19	10526	买盘
11:23:24	5.54	-0.01	200	110800	中性盘
11:23:18	5.55	0.02	3	1665	买盘
11:22:57	5.53	0.01	15	8295	中性盘
11:22:36	5.52	-0.03	100	55199	卖盘
11:22:33	5.55	0.02	580	321900	买盘
11:22:30	5.53	--	5	2765	买盘
11:22:24	5.53	--	5	2765	买盘
11:22:09	5.53	0.01	23	12719	买盘
11:22:06	5.52	--	1	552	卖盘
11:22:00	5.52	0.03	72	39744	买盘
11:21:42	5.49	-0.02	617	338733	卖盘
11:21:33	5.51	0.02	3	1653	卖盘
11:21:18	5.49	-0.03	4000	2196000	卖盘
11:21:15	5.52	--	52	28703	卖盘
11:21:09	5.52	--	69	38088	卖盘
11:21:06	5.52	--	5	2760	卖盘
11:21:03	5.52	-0.01	14	7727	卖盘
11:21:00	5.53	--	100	55300	买盘
11:20:57	5.53	--	3	1659	买盘
11:20:54	5.53	--	144	79632	卖盘
11:20:48	5.53	--	10	5530	卖盘
11:20:45	5.53	-0.01	15	8295	卖盘
11:20:39	5.54	0.01	32	17728	买盘
11:20:36	5.53	-0.01	30	16590	卖盘
11:20:27	5.54	--	104	57616	卖盘
11:20:18	5.54	--	45	24930	卖盘
11:20:12	5.54	-0.01	500	277000	卖盘
11:20:06	5.55	--	110	61050	买盘
11:20:03	5.55	--	47	26085	卖盘
11:20:00	5.55	--	623	345765	卖盘
11:19:57	5.55	-0.01	30	16650	卖盘
11:19:42	5.56	--	276	153456	卖盘
11:19:36	5.56	--	3	1667	卖盘
11:19:24	5.56	--	1	556	卖盘
11:19:12	5.56	-0.01	70	38920	卖盘
11:19:00	5.57	0.01	48	26736	买盘
11:18:48	5.56	-0.01	30	16680	卖盘
11:18:45	5.57	--	100	55700	买盘
11:18:42	5.57	--	10	5570	买盘
11:18:39	5.57	0.01	20	11140	买盘
11:18:36	5.56	--	20	11120	卖盘
11:18:15	5.56	-0.01	98	54487	卖盘
11:18:12	5.57	--	4	2228	买盘
11:18:03	5.57	--	163	90791	买盘
11:17:33	5.57	0.01	10	5570	买盘
11:17:27	5.56	--	40	22240	卖盘
11:17:03	5.56	--	100	55599	卖盘
11:16:57	5.56	--	10	5560	卖盘
11:16:51	5.56	-0.01	140	77840	卖盘
11:16:48	5.57	--	5	2785	买盘
11:16:42	5.57	0.01	20	11140	买盘
11:16:36	5.56	-0.01	500	278000	卖盘
11:16:27	5.57	-0.01	1142	636511	卖盘
11:16:24	5.58	--	10	5580	买盘
11:16:12	5.58	0.01	101	56358	买盘
11:16:06	5.57	-0.01	1	557	卖盘
11:15:48	5.58	--	98	54684	买盘
11:15:36	5.58	--	40	22320	买盘
11:15:33	5.58	--	9	5022	买盘
11:15:24	5.58	--	2	1116	买盘
11:15:21	5.58	--	24	13392	买盘
11:15:15	5.58	--	10	5580	买盘
11:15:12	5.58	--	10	5580	买盘
11:15:03	5.58	--	86	47988	买盘
11:14:54	5.58	--	5	2790	买盘
11:14:51	5.58	--	24	13392	买盘
11:14:42	5.58	0.01	7	3906	买盘
11:14:36	5.57	--	15	8355	卖盘
11:14:15	5.57	--	4	2228	卖盘
11:14:03	5.57	-0.01	10	5570	卖盘
11:14:00	5.58	0.01	438	244404	买盘
11:13:54	5.57	-0.01	35	19495	卖盘
11:13:48	5.58	--	3	1674	买盘
11:13:42	5.58	--	44	24552	买盘
11:13:36	5.58	--	53	29601	卖盘
11:13:24	5.58	--	100	55800	卖盘
11:13:21	5.58	--	5	2790	卖盘
11:13:15	5.58	-0.01	1	558	卖盘
11:13:06	5.59	0.01	113	63167	买盘
11:12:54	5.58	--	7	3906	卖盘
11:12:51	5.58	-0.01	5	2790	卖盘
11:12:39	5.59	0.01	142	79378	买盘
11:12:33	5.58	-0.01	20	11160	卖盘
11:12:30	5.59	0.01	1	559	买盘
11:12:27	5.58	--	249	139472	卖盘
11:12:15	5.58	-0.01	144	80352	卖盘
11:12:03	5.59	--	10	5590	买盘
11:11:57	5.59	--	2	1118	买盘
11:11:54	5.59	--	55	30745	买盘
11:11:33	5.59	0.01	23	12857	买盘
11:11:30	5.58	--	23	12834	卖盘
11:11:21	5.58	--	2	1116	买盘
11:11:18	5.58	0.01	6	3348	买盘
11:11:12	5.57	-0.01	30	16710	卖盘
11:11:03	5.58	0.01	30	16740	中性盘
11:10:54	5.57	-0.01	118	65726	卖盘
11:10:51	5.58	--	10	5580	卖盘
11:10:45	5.58	--	1	558	卖盘
11:10:36	5.58	--	10	5580	卖盘
11:10:30	5.58	--	163	91093	买盘
11:10:27	5.58	0.01	20	11160	买盘
11:10:24	5.57	--	20	11140	卖盘
11:10:21	5.57	-0.01	1	557	卖盘
11:10:18	5.58	0.01	10	5580	买盘
11:10:15	5.57	-0.01	28	15596	卖盘
11:10:12	5.58	--	14	7812	买盘
11:10:06	5.58	--	22	12276	买盘
11:10:03	5.58	0.01	40	22320	买盘
11:09:57	5.57	-0.01	2	1114	卖盘
11:09:54	5.58	0.01	479	267282	买盘
11:09:51	5.57	--	25	13925	卖盘
11:09:48	5.57	-0.01	164	91348	卖盘
11:09:45	5.58	--	100	55800	买盘
11:09:42	5.58	0.01	1	558	买盘
11:09:33	5.57	--	50	27850	卖盘
11:09:30	5.57	--	12	6684	卖盘
11:09:18	5.57	-0.01	1	557	卖盘
11:09:15	5.58	--	20	11160	买盘
11:09:06	5.58	0.01	20	11160	买盘
11:08:57	5.57	-0.01	44	24508	卖盘
11:08:54	5.58	--	12	6696	买盘
11:08:51	5.58	0.01	65	36270	买盘
11:08:48	5.57	-0.01	15	8355	卖盘
11:08:45	5.58	--	17	9486	买盘
11:08:42	5.58	--	1	558	买盘
11:08:24	5.58	--	5	2790	买盘
11:08:18	5.58	-0.01	638	356422	卖盘
11:08:15	5.59	--	45	25155	买盘
11:08:12	5.59	0.01	200	111800	买盘
11:08:03	5.58	-0.01	661	368838	卖盘
11:07:54	5.59	-0.01	7	3913	卖盘
11:07:51	5.6	--	16	8960	买盘
11:07:48	5.6	0.01	10	5600	买盘
11:07:39	5.59	0.01	382	213538	买盘
11:07:33	5.58	--	3	1674	卖盘
11:07:21	5.58	--	190	106159	买盘
11:07:15	5.58	-0.01	209	117040	卖盘
11:07:12	5.59	0.01	10	5590	买盘
11:07:09	5.58	-0.01	90	50220	卖盘
11:07:06	5.59	0.01	110	61490	买盘
11:07:03	5.58	--	5	2790	卖盘
11:07:00	5.58	--	100	55800	卖盘
11:06:57	5.58	--	28	15624	卖盘
11:06:54	5.58	--	7	3906	卖盘
11:06:51	5.58	--	160	89280	卖盘
11:06:48	5.58	--	23	12834	卖盘
11:06:36	5.58	--	2	1116	卖盘
11:06:33	5.58	--	21	11718	卖盘
11:06:30	5.58	0.01	257	143545	买盘
11:06:27	5.57	--	106	59042	卖盘
11:06:24	5.57	--	25	13925	卖盘
11:06:18	5.57	-0.01	30	16710	卖盘
11:06:15	5.58	--	7	3906	买盘
11:06:12	5.58	-0.01	689	384880	卖盘
11:06:06	5.59	--	20	11180	卖盘
11:06:03	5.59	--	10	5590	卖盘
11:06:00	5.59	--	20	11180	卖盘
11:05:57	5.59	--	1	559	卖盘
11:05:54	5.59	0.01	227	127032	买盘
11:05:48	5.58	-0.01	10	5580	卖盘
11:05:45	5.59	--	101	56459	买盘
11:05:39	5.59	--	90	50310	买盘
11:05:33	5.59	--	1	559	买盘
11:05:30	5.59	--	406	227373	卖盘
11:05:27	5.59	--	78	43602	卖盘
11:05:24	5.59	-0.01	4	2236	卖盘
11:05:21	5.6	--	120	67200	卖盘
11:05:18	5.6	--	38	21280	卖盘
11:05:12	5.6	-0.01	3	1680	卖盘
11:05:09	5.61	--	8	4488	买盘
11:05:06	5.61	0.01	7	3927	买盘
11:05:00	5.6	--	60	33600	卖盘
11:04:57	5.6	--	57	31919	卖盘
11:04:54	5.6	--	264	147840	卖盘
11:04:51	5.6	--	36	20160	卖盘
11:04:45	5.6	--	16	8960	卖盘
11:04:42	5.6	--	51	28560	卖盘
11:04:39	5.6	--	1	560	卖盘
11:04:36	5.6	--	203	113680	买盘
11:04:27	5.6	--	120	67200	卖盘
11:04:24	5.6	--	85	47600	买盘
11:04:21	5.6	--	334	187040	卖盘
11:04:15	5.6	--	100	56000	卖盘
11:04:12	5.6	--	59	33040	卖盘
11:04:09	5.6	-0.01	1010	565600	卖盘
11:04:06	5.61	--	25	14025	买盘
11:04:03	5.61	--	11	6171	买盘
11:04:00	5.61	--	20	11220	买盘
11:03:57	5.61	--	310	173910	买盘
11:03:54	5.61	0.01	3	1683	买盘
11:03:51	5.6	-0.01	146	81760	卖盘
11:03:45	5.61	--	10	5610	买盘
11:03:39	5.61	--	731	410455	卖盘
11:03:36	5.61	--	141	79101	卖盘
11:03:33	5.61	--	536	300965	卖盘
11:03:30	5.61	--	29	16269	卖盘
11:03:27	5.61	--	60	33660	卖盘
11:03:24	5.61	--	11	6171	卖盘
11:03:21	5.61	-0.01	22	12342	卖盘
11:03:18	5.62	--	50	28100	买盘
11:03:15	5.62	0.01	5	2810	买盘
11:03:12	5.61	-0.01	10	5610	卖盘
11:03:09	5.62	0.01	45	25290	买盘
11:03:06	5.61	0.02	884	496412	买盘
11:03:03	5.59	-0.01	120	67080	卖盘
11:03:00	5.6	0.01	412	230719	买盘
11:02:57	5.59	--	49	27391	卖盘
11:02:54	5.59	-0.01	115	64285	卖盘
11:02:48	5.6	--	276	154700	买盘
11:02:45	5.6	--	2	1120	买盘
11:02:42	5.6	--	3	1680	买盘
11:02:39	5.6	--	92	51940	卖盘
11:02:36	5.6	-0.01	19	10640	卖盘
11:02:30	5.61	0.01	275	154275	买盘
11:02:27	5.6	--	38	21280	卖盘
11:02:24	5.6	-0.01	52	29119	卖盘
11:02:21	5.61	0.01	468	262548	买盘
11:02:18	5.6	--	452	253119	卖盘
11:02:15	5.6	-0.01	130	72800	卖盘
11:02:12	5.61	--	111	62271	买盘
11:02:09	5.61	--	30	16830	买盘
11:02:06	5.61	--	15	8415	买盘
11:02:00	5.61	-0.01	486	272646	卖盘
11:01:57	5.62	--	43	24166	卖盘
11:01:54	5.62	--	239	134318	卖盘
11:01:51	5.62	--	26	14612	卖盘
11:01:48	5.62	-0.01	152	85424	卖盘
11:01:45	5.63	0.01	158	88954	买盘
11:01:42	5.62	0.01	313	175906	买盘
11:01:39	5.61	-0.01	124	69564	卖盘
11:01:36	5.62	--	182	102284	买盘
11:01:33	5.62	0.01	25	14050	买盘
11:01:30	5.61	-0.01	3	1683	卖盘
11:01:27	5.62	0.01	40	22480	中性盘
11:01:24	5.61	-0.01	463	259743	中性盘
11:01:21	5.62	--	747	419814	买盘
11:01:18	5.62	-0.01	102	57324	卖盘
11:01:15	5.63	--	1054	593402	买盘
11:01:12	5.63	--	105	59115	买盘
11:01:09	5.63	--	287	161581	买盘
11:01:06	5.63	--	89	50107	卖盘
11:01:03	5.63	-0.01	507	285441	卖盘
11:01:00	5.64	--	175	98700	买盘
11:00:57	5.64	--	101	56964	买盘
11:00:54	5.64	--	13	7332	买盘
11:00:51	5.64	0.01	43	24252	买盘
11:00:48	5.63	-0.01	30	16890	卖盘
11:00:45	5.64	0.02	44	24816	买盘
11:00:42	5.62	-0.02	72	40464	卖盘
11:00:39	5.64	0.02	2505	1412820	买盘
11:00:36	5.62	--	63	35406	买盘
11:00:33	5.62	--	88	49456	买盘
11:00:30	5.62	--	151	84862	买盘
11:00:27	5.62	--	336	189129	买盘
11:00:24	5.62	--	43	24166	买盘
11:00:18	5.62	--	534	300108	买盘
11:00:12	5.62	0.01	60	33720	买盘
11:00:09	5.61	0.01	574	322014	买盘
11:00:06	5.6	--	30	16800	卖盘
11:00:00	5.6	--	2495	1397340	买盘
10:59:57	5.6	--	12	6720	买盘
10:59:54	5.6	--	60	33600	买盘
10:59:51	5.6	0.01	758	424480	买盘
10:59:48	5.59	--	41	22919	卖盘
10:59:45	5.59	-0.01	35	19565	中性盘
10:59:42	5.6	0.02	384	215040	买盘
10:59:39	5.58	-0.01	44	24552	卖盘
10:59:36	5.59	--	337	188383	买盘
10:59:33	5.59	--	6	3354	买盘
10:59:30	5.59	--	1753	979927	买盘
10:59:24	5.59	0.01	165	92235	买盘
10:59:21	5.58	--	1692	944320	买盘
10:59:18	5.58	0.01	510	284580	买盘
10:59:15	5.57	--	228	126996	买盘
10:59:12	5.57	--	40	22280	卖盘
10:59:09	5.57	-0.01	10	5570	卖盘
10:59:06	5.58	0.01	266	148428	买盘
10:59:03	5.57	--	20	11140	卖盘
10:58:57	5.57	--	12	6684	卖盘
10:58:54	5.57	-0.01	10	5570	卖盘
10:58:51	5.58	--	45	25110	买盘
10:58:48	5.58	--	38	21204	买盘
10:58:45	5.58	--	111	61938	买盘
10:58:42	5.58	0.01	180	100440	买盘
10:58:39	5.57	-0.01	58	32306	卖盘
10:58:30	5.58	--	17	9486	买盘
10:58:27	5.58	--	8	4464	买盘
10:58:24	5.58	0.01	410	228780	买盘
10:58:21	5.57	--	1	557	买盘
10:58:15	5.57	-0.01	90	50130	卖盘
10:58:12	5.58	0.01	50	27900	买盘
10:58:09	5.57	--	25	13925	卖盘
10:58:06	5.57	0.01	1	557	买盘
10:58:03	5.56	-0.02	55	30579	卖盘
10:58:00	5.58	0.01	5	2790	买盘
10:57:57	5.57	-0.01	1	557	中性盘
10:57:54	5.58	--	443	247194	买盘
10:57:51	5.58	--	213	118854	买盘
10:57:48	5.58	0.01	390	217620	买盘
10:57:45	5.57	-0.01	651	362980	卖盘
10:57:39	5.58	0.01	20	11160	买盘
10:57:36	5.57	--	10	5570	卖盘
10:57:30	5.57	-0.01	131	73150	卖盘
10:57:27	5.58	0.01	74	41292	买盘
10:57:24	5.57	--	415	231155	卖盘
10:57:21	5.57	-0.01	60	33420	卖盘
10:57:18	5.58	0.01	122	68076	买盘
10:57:15	5.57	--	213	118641	买盘
10:57:09	5.57	--	14	7798	买盘
10:57:06	5.57	-0.01	472	262904	卖盘
10:57:03	5.58	-0.01	120	66960	卖盘
10:57:00	5.59	0.01	432	241488	买盘
10:56:57	5.58	0.02	2497	1393326	买盘
10:56:51	5.56	--	400	222399	卖盘
10:56:45	5.56	-0.01	37	20572	卖盘
10:56:42	5.57	0.01	1390	774230	买盘
10:56:36	5.56	0.01	105	58379	买盘
10:56:30	5.55	--	69	38295	卖盘
10:56:27	5.55	-0.01	300	166500	卖盘
10:56:18	5.56	0.02	2	1112	买盘
10:56:09	5.54	-0.02	600	332400	卖盘
10:56:03	5.56	0.01	997	554332	买盘
10:56:00	5.55	--	20	11100	买盘
10:55:57	5.55	--	206	114330	买盘
10:55:54	5.55	0.01	20	11100	买盘
10:55:48	5.54	--	90	49860	卖盘
10:55:42	5.54	-0.01	1	554	卖盘
10:55:39	5.55	--	325	180375	买盘
10:55:36	5.55	--	415	230325	买盘
10:55:30	5.55	--	5	2775	买盘
10:55:27	5.55	0.01	458	254190	买盘
10:55:18	5.54	--	2	1108	买盘
10:55:06	5.54	--	400	221600	买盘
10:55:03	5.54	--	149	82546	买盘
10:55:00	5.54	0.01	41	22714	买盘
10:54:54	5.53	--	97	53856	买盘
10:54:51	5.53	--	10	5530	买盘
10:54:48	5.53	--	549	303597	买盘
10:54:42	5.53	--	138	76314	买盘
10:54:30	5.53	0.01	380	210140	买盘
10:54:27	5.52	--	20	11040	卖盘
10:54:21	5.52	0.01	50	27599	买盘
10:54:06	5.51	-0.01	50	27550	卖盘
10:54:00	5.52	--	1	552	买盘
10:53:51	5.52	--	1	552	买盘
10:53:42	5.52	--	61	33672	买盘
10:53:39	5.52	--	1	552	买盘
10:53:21	5.52	--	10	5520	买盘
10:53:18	5.52	0.01	67	36984	买盘
10:53:12	5.51	-0.01	5	2755	卖盘
10:53:06	5.52	--	40	22080	买盘
10:53:03	5.52	0.01	50	27599	买盘
10:53:00	5.51	-0.01	55	30305	卖盘
10:52:57	5.52	--	82	45264	买盘
10:52:51	5.52	--	42	23184	买盘
10:52:39	5.52	0.01	188	103775	买盘
10:52:33	5.51	--	72	39672	卖盘
10:52:27	5.51	--	491	270541	买盘
10:52:24	5.51	--	4	2204	买盘
10:52:21	5.51	--	435	239685	买盘
10:52:12	5.51	--	20	11020	买盘
10:52:09	5.51	0.01	122	67222	买盘
10:51:57	5.5	-0.01	12	6600	卖盘
10:51:54	5.51	--	32	17632	买盘
10:51:45	5.51	0.01	54	29754	买盘
10:51:42	5.5	-0.01	32	17600	卖盘
10:51:36	5.51	0.01	30	16530	买盘
10:51:33	5.5	--	36	20053	买盘
10:51:30	5.5	-0.01	94	51997	卖盘
10:51:27	5.51	0.01	51	28101	买盘
10:51:15	5.5	--	25	13750	卖盘
10:51:03	5.5	--	11	6303	买盘
10:51:00	5.5	--	18	9900	买盘
10:50:48	5.5	--	36	20097	卖盘
10:50:42	5.5	0.01	8	4653	买盘
10:50:39	5.49	--	15	8235	卖盘
10:50:36	5.49	-0.01	42	23058	卖盘
10:50:33	5.5	--	10	5500	买盘
10:50:24	5.5	0.01	60	33000	买盘
10:50:18	5.49	-0.01	20	10980	卖盘
10:50:09	5.5	--	20	11000	买盘
10:50:06	5.5	--	152	83600	买盘
10:50:03	5.5	0.01	28	15400	买盘
10:50:00	5.49	--	150	82350	卖盘
10:49:57	5.49	-0.01	30	16470	卖盘
10:49:42	5.5	0.01	76	41800	买盘
10:49:39	5.49	--	2	1098	卖盘
10:49:33	5.49	-0.01	40	21960	卖盘
10:49:27	5.5	0.01	21	11550	买盘
10:49:09	5.49	-0.01	3	1647	卖盘
10:48:45	5.5	0.01	15	8250	买盘
10:48:42	5.49	-0.01	108	59292	卖盘
10:48:36	5.5	--	3	1650	买盘
10:48:33	5.5	--	93	51150	买盘
10:48:24	5.5	--	84	46200	买盘
10:48:18	5.5	--	34	18700	买盘
10:48:09	5.5	--	200	110000	买盘
10:47:54	5.5	--	50	27500	买盘
10:47:36	5.5	--	112	61600	买盘
10:47:33	5.5	0.01	10	5500	买盘
10:47:27	5.49	-0.01	50	27450	卖盘
10:47:18	5.5	--	10	5500	买盘
10:47:00	5.5	--	115	63250	买盘
10:46:54	5.5	--	10	5500	买盘
10:46:48	5.5	--	30	16500	买盘
10:46:36	5.5	--	7	4147	卖盘
10:46:33	5.5	--	40	22000	卖盘
10:46:27	5.5	--	22	12353	买盘
10:46:24	5.5	--	10	5500	买盘
10:46:21	5.5	--	71	39347	卖盘
10:46:06	5.5	--	128	70400	卖盘
10:45:54	5.5	-0.01	83	45650	卖盘
10:45:45	5.51	0.01	12	6612	买盘
10:45:42	5.5	--	43	23650	卖盘
10:45:39	5.5	--	13	7150	卖盘
10:45:36	5.5	--	1043	573903	卖盘
10:45:33	5.5	--	67	36850	卖盘
10:45:30	5.5	--	50	27500	卖盘
10:45:12	5.5	--	2	1100	卖盘
10:45:09	5.5	--	30	16500	卖盘
10:44:57	5.5	--	1	550	卖盘
10:44:33	5.5	--	30	16500	卖盘
10:44:30	5.5	-0.01	31	17050	卖盘
10:44:27	5.51	--	56	30856	买盘
10:44:21	5.51	0.01	10	5510	买盘
10:44:18	5.5	--	25	13750	卖盘
10:44:15	5.5	--	1	550	卖盘
10:44:12	5.5	-0.01	45	24750	卖盘
10:44:03	5.51	0.01	72	39672	买盘
10:44:00	5.5	--	6	3300	卖盘
10:43:57	5.5	--	1	550	卖盘
10:43:51	5.5	--	100	55000	卖盘
10:43:48	5.5	-0.01	3	1650	卖盘
10:43:45	5.51	0.01	24	13224	买盘
10:43:42	5.5	-0.01	10	5500	卖盘
10:43:21	5.51	--	646	355946	卖盘
10:43:15	5.51	--	20	11020	卖盘
10:43:12	5.51	-0.01	15	8265	卖盘
10:43:06	5.52	0.01	5	2760	买盘
10:42:51	5.51	--	5	2755	卖盘
10:42:36	5.51	-0.01	5	2755	卖盘
10:42:33	5.52	0.01	5	2760	买盘
10:42:21	5.51	-0.01	355	195605	卖盘
10:42:18	5.52	0.01	246	135792	买盘
10:42:03	5.51	--	54	29754	卖盘
10:42:00	5.51	--	10	5510	卖盘
10:41:45	5.51	-0.01	20	11020	卖盘
10:41:39	5.52	0.01	100	55199	买盘
10:41:36	5.51	-0.01	2	1102	卖盘
10:41:21	5.52	--	25	13799	买盘
10:41:15	5.52	--	1	552	买盘
10:41:09	5.52	0.01	46	25391	买盘
10:41:06	5.51	--	60	33060	卖盘
10:40:42	5.51	--	25	13775	卖盘
10:40:36	5.51	--	2	1102	卖盘
10:40:27	5.51	--	44	24244	卖盘
10:39:57	5.51	--	71	39121	买盘
10:39:54	5.51	--	140	77140	买盘
10:39:48	5.51	0.01	13	7163	买盘
10:39:39	5.5	-0.01	50	27500	卖盘
10:39:27	5.51	--	20	11020	买盘
10:39:24	5.51	0.01	51	28101	买盘
10:39:12	5.5	--	94	51700	卖盘
10:39:09	5.5	--	2	1100	卖盘
10:39:00	5.5	0.01	60	33000	中性盘
10:38:57	5.49	-0.01	77	42273	卖盘
10:38:54	5.5	--	22	12100	卖盘
10:38:51	5.5	--	18	9900	卖盘
10:38:48	5.5	--	2	1100	卖盘
10:38:45	5.5	--	10	5500	卖盘
10:38:39	5.5	--	91	50050	买盘
10:38:36	5.5	--	28	15400	买盘
10:38:27	5.5	--	53	29150	买盘
10:38:21	5.5	--	12	6600	买盘
10:38:15	5.5	-0.01	609	334950	卖盘
10:38:09	5.51	--	300	165300	买盘
10:38:06	5.51	--	1	551	买盘
10:38:00	5.51	--	12	6612	买盘
10:37:48	5.51	--	101	55651	卖盘
10:37:45	5.51	--	29	15979	卖盘
10:37:39	5.51	--	90	49590	卖盘
10:37:30	5.51	--	68	37468	卖盘
10:37:27	5.51	--	15	8265	卖盘
10:37:18	5.51	--	4	2204	卖盘
10:37:12	5.51	0.01	127	69977	买盘
10:37:03	5.5	-0.01	20	11000	卖盘
10:37:00	5.51	--	100	55100	买盘
10:36:57	5.51	--	200	110200	买盘
10:36:54	5.51	--	3	1653	买盘
10:36:48	5.51	0.01	3	1653	买盘
10:36:30	5.5	--	235	129250	卖盘
10:36:09	5.5	-0.01	15	8250	卖盘
10:36:06	5.51	0.01	6	3306	买盘
10:36:03	5.5	-0.01	50	27500	卖盘
10:35:57	5.51	0.01	13	7163	买盘
10:35:54	5.5	--	19	10450	卖盘
10:35:51	5.5	--	56	30800	买盘
10:35:45	5.5	--	40	22000	买盘
10:35:42	5.5	--	219	120450	买盘
10:35:27	5.5	0.01	13	7150	买盘
10:35:18	5.49	--	6	3294	卖盘
10:34:57	5.49	--	156	85644	卖盘
10:34:51	5.49	--	10	5490	卖盘
10:34:48	5.49	-0.01	30	16470	卖盘
10:34:45	5.5	0.01	16	8800	买盘
10:34:42	5.49	-0.01	11	6039	卖盘
10:34:33	5.5	--	171	94050	买盘
10:34:30	5.5	0.01	230	126500	买盘
10:34:27	5.49	--	200	109800	卖盘
10:34:24	5.49	-0.01	470	258030	卖盘
10:34:21	5.5	0.01	11	6050	买盘
10:34:15	5.49	-0.01	50	27450	卖盘
10:34:12	5.5	--	5	2750	买盘
10:34:09	5.5	0.01	250	137500	买盘
10:34:06	5.49	-0.01	230	126270	卖盘
10:34:00	5.5	--	5	2750	买盘
10:33:57	5.5	--	27	14850	卖盘
10:33:54	5.5	--	23	12650	买盘
10:33:51	5.5	--	52	28600	买盘
10:33:48	5.5	--	5	2750	买盘
10:33:45	5.5	--	39	21450	卖盘
10:33:42	5.5	--	150	82500	卖盘
10:33:39	5.5	--	60	33000	卖盘
10:33:33	5.5	--	10	5500	卖盘
10:33:30	5.5	--	1003	551650	卖盘
10:33:24	5.5	--	10	5500	卖盘
10:33:21	5.5	--	473	260150	买盘
10:33:15	5.5	0.01	222	122100	买盘
10:33:12	5.49	-0.01	110	60390	卖盘
10:33:09	5.5	--	63	34650	卖盘
10:33:03	5.5	--	22	12100	卖盘
10:32:54	5.5	--	31	17050	卖盘
10:32:51	5.5	--	1850	1017500	卖盘
10:32:45	5.5	-0.01	20	11000	卖盘
10:32:36	5.51	--	1	551	买盘
10:32:33	5.51	-0.01	1	551	中性盘
10:32:30	5.52	0.01	605	333960	买盘
10:32:24	5.51	--	10	5510	卖盘
10:32:21	5.51	--	700	385700	卖盘
10:32:18	5.51	--	50	27550	卖盘
10:32:12	5.51	-0.01	10	5510	卖盘
10:32:09	5.52	0.01	270	149040	买盘
10:32:03	5.51	-0.01	38	20938	卖盘
10:32:00	5.52	--	1	552	买盘
10:31:57	5.52	--	42	23184	买盘
10:31:54	5.52	--	213	117575	卖盘
10:31:51	5.52	--	1	552	卖盘
10:31:48	5.52	--	300	165600	卖盘
10:31:42	5.52	--	80	44160	卖盘
10:31:36	5.52	--	200	110399	卖盘
10:31:27	5.52	--	300	165600	卖盘
10:31:15	5.52	-0.01	2	1104	卖盘
10:31:12	5.53	--	12	6636	买盘
10:31:09	5.53	--	3	1659	买盘
10:30:54	5.53	--	99	55084	卖盘
10:30:51	5.53	--	1100	608300	卖盘
10:30:42	5.53	0.01	26	14593	买盘
10:30:39	5.52	-0.01	100	55199	卖盘
10:30:36	5.53	--	50	27650	买盘
10:30:33	5.53	-0.01	73	40706	卖盘
10:30:30	5.54	--	1	554	买盘
10:30:24	5.54	0.01	15	8310	买盘
10:30:18	5.53	--	305	168665	卖盘
10:30:15	5.53	--	52	28756	卖盘
10:29:57	5.53	-0.01	84	46452	卖盘
10:29:45	5.54	0.01	18	9972	买盘
10:29:42	5.53	--	100	55300	卖盘
10:29:15	5.53	--	68	37604	卖盘
10:29:12	5.53	--	30	16590	卖盘
10:29:09	5.53	--	281	155608	买盘
10:29:00	5.53	--	29	16037	买盘
10:28:48	5.53	--	6	3318	买盘
10:28:45	5.53	--	223	123656	卖盘
10:28:39	5.53	-0.01	163	90139	卖盘
10:28:36	5.54	0.01	279	154566	买盘
10:28:30	5.53	--	11	6083	卖盘
10:28:27	5.53	--	15	8295	卖盘
10:28:24	5.53	--	30	16590	卖盘
10:28:21	5.53	--	30	16590	卖盘
10:28:18	5.53	--	19	10507	卖盘
10:28:03	5.53	--	557	308021	卖盘
10:28:00	5.53	--	63	34839	卖盘
10:27:48	5.53	--	6	3318	卖盘
10:27:39	5.53	--	2	1106	卖盘
10:27:36	5.53	-0.01	4	2212	卖盘
10:27:33	5.54	0.01	1	554	买盘
10:27:21	5.53	--	2	1106	卖盘
10:27:15	5.53	--	14	7742	卖盘
10:27:12	5.53	--	98	54194	卖盘
10:27:09	5.53	--	20	11060	卖盘
10:27:06	5.53	--	1	553	卖盘
10:26:57	5.53	-0.01	101	55853	卖盘
10:26:54	5.54	--	5	2770	买盘
10:26:51	5.54	0.01	2	1108	买盘
10:26:45	5.53	--	4	2212	卖盘
10:26:30	5.53	--	20	11060	卖盘
10:26:27	5.53	--	30	16590	卖盘
10:26:06	5.53	--	1	553	卖盘
10:26:03	5.53	--	24	13272	卖盘
10:26:00	5.53	-0.01	1	553	卖盘
10:25:57	5.54	0.01	10	5540	买盘
10:25:54	5.53	--	42	23226	卖盘
10:25:21	5.53	--	5	2765	卖盘
10:25:03	5.53	--	20	11060	卖盘
10:24:54	5.53	--	1004	555212	卖盘
10:24:48	5.53	--	2570	1421210	卖盘
10:24:45	5.53	--	20	11060	卖盘
10:24:42	5.53	--	10	5530	卖盘
10:24:30	5.53	-0.01	5	2765	卖盘
10:24:18	5.54	0.01	55	30470	买盘
10:24:12	5.53	-0.01	2	1106	卖盘
10:24:09	5.54	--	20	11080	买盘
10:24:00	5.54	--	6	3324	买盘
10:23:57	5.54	--	70	38780	买盘
10:23:54	5.54	0.01	267	147918	买盘
10:23:48	5.53	-0.01	2	1106	卖盘
10:23:39	5.54	0.01	2	1108	买盘
10:23:36	5.53	-0.01	2	1106	卖盘
10:23:24	5.54	--	56	31024	买盘
10:23:21	5.54	--	10	5540	买盘
10:23:06	5.54	0.01	21	11634	买盘
10:22:54	5.53	--	141	77973	卖盘
10:22:48	5.53	-0.01	1	553	卖盘
10:22:45	5.54	--	132	73128	买盘
10:22:42	5.54	0.01	119	65926	买盘
10:22:39	5.53	-0.01	298	164794	卖盘
10:22:30	5.54	--	5	2770	买盘
10:22:24	5.54	--	45	24930	买盘
10:22:21	5.54	--	2	1108	买盘
10:22:15	5.54	--	10	5540	买盘
10:21:54	5.54	0.01	113	62602	中性盘
10:21:33	5.53	--	6	3318	卖盘
10:21:30	5.53	--	54	29862	卖盘
10:21:18	5.53	--	5	2765	卖盘
10:21:12	5.53	-0.02	30	16590	卖盘
10:21:00	5.55	0.02	200	111000	买盘
10:20:54	5.53	-0.01	49	27097	卖盘
10:20:45	5.54	--	45	24930	卖盘
10:20:42	5.54	--	13	7262	买盘
10:20:21	5.54	--	9	5479	卖盘
10:20:18	5.54	0.01	28	15572	买盘
10:20:15	5.53	--	5	2765	卖盘
10:20:12	5.53	-0.01	20	11060	卖盘
10:20:09	5.54	--	217	120218	买盘
10:20:03	5.54	0.01	7	3878	买盘
10:19:51	5.53	-0.01	8	4916	卖盘
10:19:45	5.54	0.01	343	190082	买盘
10:19:36	5.53	-0.01	30	16590	卖盘
10:19:33	5.54	--	330	182820	买盘
10:19:27	5.54	0.01	27	14958	买盘
10:19:24	5.53	--	60	33180	卖盘
10:19:21	5.53	--	40	22120	卖盘
10:19:18	5.53	-0.01	50	27650	卖盘
10:19:15	5.54	0.01	100	55400	买盘
10:19:12	5.53	--	6	3318	卖盘
10:19:09	5.53	--	145	80185	卖盘
10:19:03	5.53	--	11	6083	卖盘
10:18:54	5.53	-0.01	50	27650	卖盘
10:18:48	5.54	--	403	223755	卖盘
10:18:42	5.54	--	7	3878	卖盘
10:18:36	5.54	--	616	341324	买盘
10:18:24	5.54	--	8	4432	买盘
10:18:21	5.54	--	60	33240	买盘
10:18:18	5.54	--	71	39334	买盘
10:18:09	5.54	--	288	160045	卖盘
10:18:03	5.54	--	37	20498	卖盘
10:17:57	5.54	-0.01	5	2770	卖盘
10:17:54	5.55	--	14	7770	买盘
10:17:51	5.55	0.01	4	2220	买盘
10:17:42	5.54	--	451	249854	卖盘
10:17:39	5.54	-0.01	20	11080	卖盘
10:17:33	5.55	0.01	116	64380	买盘
10:17:24	5.54	-0.01	205	113570	卖盘
10:17:18	5.55	0.01	40	22200	买盘
10:17:09	5.54	-0.01	71	39334	卖盘
10:17:06	5.55	--	24	13320	买盘
10:17:03	5.55	0.01	2	1110	买盘
10:17:00	5.54	--	20	11080	卖盘
10:16:57	5.54	-0.01	31	17174	卖盘
10:16:42	5.55	0.01	500	277500	买盘
10:16:39	5.54	-0.01	14	7756	卖盘
10:16:36	5.55	0.01	5	2775	买盘
10:16:33	5.54	--	80	44320	卖盘
10:16:30	5.54	--	227	125758	卖盘
10:16:27	5.54	--	134	74296	买盘
10:16:24	5.54	--	72	39888	买盘
10:16:21	5.54	--	60	33240	买盘
10:16:18	5.54	--	230	127420	买盘
10:16:15	5.54	--	8	4432	买盘
10:16:03	5.54	0.01	6	3324	买盘
10:16:00	5.53	-0.01	6	3318	卖盘
10:15:57	5.54	0.01	100	55400	买盘
10:15:51	5.53	-0.01	22	12166	卖盘
10:15:45	5.54	0.01	256	141824	买盘
10:15:30	5.53	-0.01	3	1659	卖盘
10:15:27	5.54	0.01	246	136439	买盘
10:15:24	5.53	-0.01	13	7189	卖盘
10:15:21	5.54	--	255	141270	买盘
10:15:18	5.54	--	20	11080	买盘
10:15:09	5.54	--	643	356222	买盘
10:14:57	5.54	--	68	37672	买盘
10:14:54	5.54	0.01	12	6648	买盘
10:14:51	5.53	-0.01	10	5530	卖盘
10:14:48	5.54	0.01	17	9418	买盘
10:14:45	5.53	--	2	1106	卖盘
10:14:42	5.53	-0.01	10	5530	卖盘
10:14:39	5.54	0.01	12	6648	买盘
10:14:36	5.53	--	13	7189	卖盘
10:14:33	5.53	-0.01	55	30415	卖盘
10:14:30	5.54	--	20	11080	买盘
10:14:27	5.54	--	526	291897	卖盘
10:14:21	5.54	--	30	16620	卖盘
10:14:18	5.54	--	6	3324	卖盘
10:14:15	5.54	--	146	80944	买盘
10:14:12	5.54	--	310	171740	买盘
10:14:09	5.54	--	5	2770	买盘
10:14:06	5.54	--	189	104706	买盘
10:14:03	5.54	-0.01	1239	686899	卖盘
10:14:00	5.55	0.01	1	555	买盘
10:13:54	5.54	-0.01	147	81438	卖盘
10:13:51	5.55	--	20	11100	卖盘
10:13:48	5.55	--	500	277500	卖盘
10:13:45	5.55	--	4	2220	卖盘
10:13:39	5.55	--	179	99345	卖盘
10:13:36	5.55	--	5	2775	卖盘
10:13:30	5.55	-0.01	1183	656565	卖盘
10:13:27	5.56	-0.01	692	384752	卖盘
10:13:09	5.57	--	30	16710	买盘
10:13:06	5.57	--	710	395470	卖盘
10:13:03	5.57	--	84	46788	卖盘
10:13:00	5.57	--	25	13925	卖盘
10:12:57	5.57	--	102	56814	卖盘
10:12:54	5.57	--	59	32863	卖盘
10:12:51	5.57	--	13	7241	卖盘
10:12:48	5.57	--	40	22280	卖盘
10:12:45	5.57	--	10	5570	卖盘
10:12:36	5.57	--	18	10026	卖盘
10:12:33	5.57	--	78	43446	卖盘
10:12:30	5.57	--	10	5570	卖盘
10:12:24	5.57	-0.01	2	1114	卖盘
10:12:18	5.58	0.01	25	13950	买盘
10:12:15	5.57	--	28	15596	卖盘
10:12:12	5.57	-0.01	19	10583	卖盘
10:12:06	5.58	0.01	10	5580	买盘
10:11:57	5.57	-0.01	20	11140	卖盘
10:11:54	5.58	0.01	16	8928	买盘
10:11:48	5.57	--	26	14482	卖盘
10:11:45	5.57	-0.01	17	9469	卖盘
10:11:42	5.58	--	54	30132	买盘
10:11:39	5.58	--	8	4464	买盘
10:11:36	5.58	--	3	1674	买盘
10:11:33	5.58	--	238	132804	买盘
10:11:24	5.58	--	87	48546	买盘
10:11:21	5.58	--	100	55800	买盘
10:11:15	5.58	--	161	89838	买盘
10:11:03	5.58	0.01	2	1116	买盘
10:11:00	5.57	-0.01	31	17267	卖盘
10:10:57	5.58	0.01	274	152892	买盘
10:10:54	5.57	-0.01	6	3342	卖盘
10:10:48	5.58	--	132	73656	买盘
10:10:45	5.58	0.01	5	2790	买盘
10:10:36	5.57	-0.01	100	55700	卖盘
10:10:30	5.58	0.01	1	558	买盘
10:10:21	5.57	--	5	2785	卖盘
10:10:15	5.57	-0.01	17	9469	卖盘
10:10:12	5.58	0.01	642	358236	买盘
10:10:09	5.57	--	160	89120	卖盘
10:10:06	5.57	--	9	5013	卖盘
10:10:03	5.57	-0.01	4	2228	卖盘
10:10:00	5.58	0.01	8	4464	买盘
10:09:54	5.57	--	20	11140	卖盘
10:09:51	5.57	--	6	3342	卖盘
10:09:48	5.57	--	300	167100	卖盘
10:09:39	5.57	--	129	71853	买盘
10:09:24	5.57	-0.01	171	95247	卖盘
10:09:12	5.58	--	30	16740	买盘
10:09:09	5.58	--	30	16740	买盘
10:08:57	5.58	0.01	102	56916	买盘
10:08:54	5.57	-0.01	29	16153	中性盘
10:08:51	5.58	--	10	5580	买盘
10:08:48	5.58	0.01	698	389484	买盘
10:08:45	5.57	--	113	63208	卖盘
10:08:42	5.57	--	50	27850	卖盘
10:08:39	5.57	-0.01	10	5570	卖盘
10:08:36	5.58	0.01	93	52184	买盘
10:08:33	5.57	--	38	21166	买盘
10:08:30	5.57	--	228	127263	卖盘
10:08:27	5.57	--	10	5570	卖盘
10:08:21	5.57	--	2	1114	卖盘
10:08:18	5.57	-0.01	5	2785	卖盘
10:08:15	5.58	0.01	16	8928	买盘
10:08:06	5.57	--	2	1114	卖盘
10:08:00	5.57	--	67	37608	买盘
10:07:57	5.57	--	500	278500	买盘
10:07:54	5.57	--	1056	588192	买盘
10:07:48	5.57	--	52	28964	买盘
10:07:45	5.57	--	39	21723	买盘
10:07:42	5.57	0.01	12	6684	买盘
10:07:39	5.56	-0.01	2	1112	卖盘
10:07:33	5.57	--	14	7798	买盘
10:07:30	5.57	0.01	22	12254	买盘
10:07:27	5.56	-0.01	7	3891	卖盘
10:07:21	5.57	--	100	55700	买盘
10:07:18	5.57	0.01	156	86892	买盘
10:07:12	5.56	-0.01	1	556	卖盘
10:07:09	5.57	0.01	8	4456	买盘
10:07:03	5.56	--	15	8340	卖盘
10:07:00	5.56	--	13	7227	卖盘
10:06:54	5.56	--	92	51152	买盘
10:06:51	5.56	--	73	40588	买盘
10:06:48	5.56	--	9	5004	买盘
10:06:45	5.56	--	108	60047	买盘
10:06:42	5.56	--	38	21128	买盘
10:06:39	5.56	--	50	27799	买盘
10:06:36	5.56	--	68	37808	买盘
10:06:33	5.56	--	23	12788	买盘
10:06:30	5.56	0.01	200	111199	买盘
10:06:27	5.55	-0.01	22	12210	卖盘
10:06:24	5.56	--	14	7783	买盘
10:06:21	5.56	0.01	7	3891	买盘
10:06:18	5.55	--	138	76590	卖盘
10:06:12	5.55	-0.01	3	1665	卖盘
10:06:06	5.56	0.01	166	92296	买盘
10:06:03	5.55	-0.01	50	27750	卖盘
10:06:00	5.56	--	201	111755	买盘
10:05:57	5.56	--	6	3335	买盘
10:05:54	5.56	--	9	5004	买盘
10:05:51	5.56	--	56	31135	买盘
10:05:48	5.56	0.01	30	16680	买盘
10:05:45	5.55	--	60	33300	卖盘
10:05:42	5.55	-0.01	20	11100	卖盘
10:05:36	5.56	0.01	82	45592	买盘
10:05:33	5.55	--	4	2220	卖盘
10:05:30	5.55	--	25	13875	买盘
10:05:27	5.55	--	351	194805	买盘
10:05:24	5.55	0.01	110	61050	买盘
10:05:21	5.54	-0.01	77	42658	卖盘
10:05:18	5.55	--	157	87196	买盘
10:05:15	5.55	0.01	11	6105	买盘
10:05:09	5.54	-0.01	47	26038	卖盘
10:05:06	5.55	--	182	101010	买盘
10:05:03	5.55	--	6	3330	买盘
10:05:00	5.55	--	3	1665	买盘
10:04:57	5.55	--	15	8325	买盘
10:04:54	5.55	--	13	7215	买盘
10:04:51	5.55	-0.01	1600	888000	卖盘
10:04:48	5.56	--	4	2224	买盘
10:04:45	5.56	--	29	16123	买盘
10:04:42	5.56	--	10	5560	买盘
10:04:39	5.56	--	549	305738	卖盘
10:04:33	5.56	--	300	166800	卖盘
10:04:30	5.56	-0.01	43	23969	卖盘
10:04:27	5.57	--	3	1671	买盘
10:04:24	5.57	--	15	8355	买盘
10:04:15	5.57	--	1	557	买盘
10:04:12	5.57	--	41	22837	买盘
10:04:09	5.57	--	31	17267	买盘
10:04:06	5.57	0.01	1	557	买盘
10:04:03	5.56	-0.01	150	83400	卖盘
10:04:00	5.57	--	10	5570	买盘
10:03:54	5.57	--	26	14482	买盘
10:03:51	5.57	--	589	328340	卖盘
10:03:48	5.57	-0.01	20	11140	卖盘
10:03:42	5.58	0.01	40	22320	买盘
10:03:39	5.57	--	31	17556	买盘
10:03:36	5.57	-0.01	52	29231	卖盘
10:03:33	5.58	--	523	291834	买盘
10:03:30	5.58	0.01	2	1116	买盘
10:03:27	5.57	--	516	287412	卖盘
10:03:21	5.57	-0.01	250	139250	卖盘
10:03:18	5.58	--	45	25110	买盘
10:03:15	5.58	0.01	119	66402	买盘
10:03:12	5.57	-0.01	20	11140	卖盘
10:03:09	5.58	0.01	60	33480	买盘
10:03:06	5.57	-0.01	371	206647	卖盘
10:03:03	5.58	0.01	40	22320	买盘
10:03:00	5.57	-0.01	27	15039	卖盘
10:02:57	5.58	--	1	558	买盘
10:02:54	5.58	0.01	505	281790	买盘
10:02:51	5.57	-0.01	122	67954	卖盘
10:02:48	5.58	0.01	500	279000	买盘
10:02:42	5.57	-0.01	25	13925	卖盘
10:02:39	5.58	0.01	50	28190	买盘
10:02:36	5.57	--	192	106944	卖盘
10:02:33	5.57	--	40	22280	卖盘
10:02:30	5.57	-0.01	7	3899	中性盘
10:02:27	5.58	0.01	1030	574740	买盘
10:02:24	5.57	--	58	32306	买盘
10:02:21	5.57	--	123	68511	买盘
10:02:18	5.57	--	57	31749	买盘
10:02:12	5.57	0.01	220	122540	买盘
10:02:09	5.56	-0.01	97	53931	卖盘
10:02:06	5.57	--	19	10583	买盘
10:01:54	5.57	--	29	16153	买盘
10:01:51	5.57	0.01	100	55700	买盘
10:01:45	5.56	-0.01	4	2224	卖盘
10:01:42	5.57	0.01	36	20052	买盘
10:01:39	5.56	-0.01	34	18904	卖盘
10:01:30	5.57	--	45	25065	买盘
10:01:27	5.57	--	73	40661	买盘
10:01:24	5.57	--	13	7241	买盘
10:01:21	5.57	-0.01	129	72254	卖盘
10:01:18	5.58	--	472	263376	买盘
10:01:15	5.58	--	845	471510	买盘
10:01:12	5.58	--	84	46872	买盘
10:01:06	5.58	--	49	27342	买盘
10:01:03	5.58	--	61	34038	买盘
10:01:00	5.58	--	14	7812	买盘
10:00:57	5.58	-0.01	68	37944	卖盘
10:00:54	5.59	0.01	395	220805	买盘
10:00:51	5.58	-0.01	202	112716	买盘
10:00:48	5.59	--	696	389091	买盘
10:00:45	5.59	0.01	474	265497	买盘
10:00:42	5.58	--	20	11160	卖盘
10:00:39	5.58	--	192	107136	卖盘
10:00:36	5.58	--	131	73098	卖盘
10:00:33	5.58	--	10	5580	卖盘
10:00:30	5.58	0.01	159	88727	买盘
10:00:27	5.57	--	368	205126	卖盘
10:00:24	5.57	-0.01	36	20052	卖盘
10:00:21	5.58	--	123	68634	买盘
10:00:18	5.58	--	100	55800	买盘
10:00:15	5.58	0.01	40	22320	买盘
10:00:12	5.57	-0.01	5	2785	卖盘
10:00:09	5.58	--	379	211482	买盘
10:00:06	5.58	0.01	334	186372	买盘
10:00:03	5.57	--	75	41775	卖盘
10:00:00	5.57	--	3	1671	卖盘
09:59:57	5.57	--	71	39547	卖盘
09:59:54	5.57	--	654	364278	买盘
09:59:51	5.57	--	346	192722	卖盘
09:59:48	5.57	--	745	414965	买盘
09:59:45	5.57	--	183	101931	买盘
09:59:42	5.57	--	170	94690	买盘
09:59:39	5.57	--	198	110286	买盘
09:59:36	5.57	0.01	40	22280	买盘
09:59:30	5.56	--	10	5560	卖盘
09:59:27	5.56	-0.01	35	19460	卖盘
09:59:24	5.57	0.01	41	22837	买盘
09:59:21	5.56	--	40	22240	卖盘
09:59:18	5.56	--	154	85624	卖盘
09:59:15	5.56	--	91	50596	卖盘
09:59:12	5.56	--	2	1112	卖盘
09:59:09	5.56	--	54	30023	买盘
09:59:06	5.56	0.01	28	15567	买盘
09:59:03	5.55	-0.02	40	22200	卖盘
09:59:00	5.57	0.02	14	7798	买盘
09:58:57	5.55	-0.01	39	21645	卖盘
09:58:54	5.56	--	462	256871	卖盘
09:58:51	5.56	--	110	61159	卖盘
09:58:48	5.56	--	217	120651	买盘
09:58:45	5.56	--	26	14455	买盘
09:58:42	5.56	--	11	6116	买盘
09:58:36	5.56	--	215	119539	买盘
09:58:33	5.56	--	60	33360	买盘
09:58:30	5.56	0.01	8031	4465236	买盘
09:58:27	5.55	-0.01	41	22755	卖盘
09:58:24	5.56	--	30	16680	买盘
09:58:21	5.56	--	25	13899	买盘
09:58:15	5.56	0.01	140	77840	买盘
09:58:12	5.55	--	14	7770	卖盘
09:58:09	5.55	-0.01	31	17205	卖盘
09:58:06	5.56	--	76	42256	买盘
09:58:03	5.56	--	14	7783	买盘
09:58:00	5.56	--	123	68388	买盘
09:57:57	5.56	--	27	15011	买盘
09:57:54	5.56	--	243	135108	买盘
09:57:51	5.56	--	132	73392	买盘
09:57:48	5.56	--	93	51708	买盘
09:57:42	5.56	--	310	172360	买盘
09:57:39	5.56	--	100	55599	买盘
09:57:36	5.56	--	55	30579	买盘
09:57:33	5.56	--	22	12232	买盘
09:57:30	5.56	--	35	19460	买盘
09:57:27	5.56	--	100	55599	买盘
09:57:24	5.56	--	511	284116	买盘
09:57:21	5.56	--	8	4448	买盘
09:57:18	5.56	0.01	49	27243	买盘
09:57:15	5.55	-0.01	13	7215	卖盘
09:57:06	5.56	0.01	46	25576	买盘
09:57:00	5.55	-0.01	26	14430	卖盘
09:56:57	5.56	0.01	818	454807	买盘
09:56:54	5.55	--	448	248640	卖盘
09:56:51	5.55	-0.01	189	104895	卖盘
09:56:48	5.56	0.01	2	1112	买盘
09:56:45	5.55	--	112	62160	卖盘
09:56:42	5.55	--	147	81585	卖盘
09:56:39	5.55	--	201	111555	卖盘
09:56:36	5.55	-0.01	100	55500	卖盘
09:56:33	5.56	0.01	31	17236	买盘
09:56:27	5.55	--	10	5550	卖盘
09:56:24	5.55	-0.01	60	33300	卖盘
09:56:21	5.56	0.01	191	106195	买盘
09:56:15	5.55	--	475	263625	买盘
09:56:12	5.55	--	50	27750	买盘
09:56:09	5.55	0.01	4	2220	买盘
09:56:03	5.54	-0.01	80	44320	卖盘
09:56:00	5.55	0.01	62	34410	买盘
09:55:57	5.54	-0.01	59	32686	卖盘
09:55:54	5.55	--	5	2775	买盘
09:55:51	5.55	--	38	21090	买盘
09:55:48	5.55	--	90	49950	买盘
09:55:45	5.55	--	15	8325	买盘
09:55:42	5.55	-0.01	84	46620	卖盘
09:55:39	5.56	--	2	1112	买盘
09:55:36	5.56	--	32	17792	买盘
09:55:33	5.56	--	114	63383	买盘
09:55:30	5.56	--	6	3335	买盘
09:55:27	5.56	--	507	281892	买盘
09:55:24	5.56	-0.01	180	100080	卖盘
09:55:21	5.57	0.01	20	11140	买盘
09:55:18	5.56	--	100	55599	卖盘
09:55:15	5.56	--	152	84512	卖盘
09:55:12	5.56	--	600	333600	卖盘
09:55:09	5.56	0.01	90	50040	买盘
09:55:06	5.55	-0.01	340	188700	卖盘
09:55:03	5.56	-0.01	12	6671	卖盘
09:55:00	5.57	--	106	59042	买盘
09:54:57	5.57	0.02	200	111400	买盘
09:54:54	5.55	-0.01	71	39405	卖盘
09:54:51	5.56	--	120	66720	买盘
09:54:48	5.56	0.01	337	187372	买盘
09:54:45	5.55	--	712	395160	卖盘
09:54:42	5.55	--	60	33300	卖盘
09:54:39	5.55	0.01	126	69930	卖盘
09:54:33	5.54	-0.01	328	181712	卖盘
09:54:30	5.55	--	31	17205	买盘
09:54:27	5.55	--	54	29970	卖盘
09:54:24	5.55	--	721	400155	卖盘
09:54:21	5.55	--	20	11100	买盘
09:54:18	5.55	--	71	39405	买盘
09:54:15	5.55	--	85	47175	卖盘
09:54:12	5.55	--	35	19425	买盘
09:54:09	5.55	0.01	754	418470	买盘
09:54:03	5.54	-0.01	230	127420	卖盘
09:54:00	5.55	0.01	10	5550	买盘
09:53:57	5.54	-0.01	426	236004	卖盘
09:53:54	5.55	0.01	20	11100	买盘
09:53:51	5.54	--	160	88640	卖盘
09:53:48	5.54	--	879	486966	买盘
09:53:42	5.54	--	21	11634	卖盘
09:53:39	5.54	--	260	144040	卖盘
09:53:36	5.54	--	108	59832	卖盘
09:53:33	5.54	--	12	6648	买盘
09:53:30	5.54	--	43	23822	买盘
09:53:21	5.54	-0.01	10	5540	中性盘
09:53:12	5.55	0.01	116	64380	买盘
09:53:09	5.54	--	47	26038	买盘
09:53:06	5.54	--	110	60940	买盘
09:53:03	5.54	--	40	22160	买盘
09:53:00	5.54	--	30	16620	买盘
09:52:57	5.54	--	90	49860	买盘
09:52:54	5.54	--	20	11080	买盘
09:52:51	5.54	--	69	38226	卖盘
09:52:48	5.54	--	103	57062	卖盘
09:52:45	5.54	--	21	11634	卖盘
09:52:42	5.54	-0.01	20	11080	卖盘
09:52:39	5.55	0.01	220	122100	买盘
09:52:36	5.54	0.01	32	17728	买盘
09:52:33	5.53	-0.01	267	147651	卖盘
09:52:30	5.54	-0.01	8	4432	中性盘
09:52:27	5.55	0.01	650	360750	买盘
09:52:24	5.54	-0.01	51	28254	卖盘
09:52:21	5.55	0.01	128	71040	买盘
09:52:18	5.54	--	2	1108	卖盘
09:52:15	5.54	-0.01	20	11080	买盘
09:52:06	5.55	0.01	34	18870	买盘
09:52:03	5.54	-0.01	27	14958	卖盘
09:52:00	5.55	0.01	21	11655	中性盘
09:51:57	5.54	--	79	43766	卖盘
09:51:54	5.54	-0.01	135	74790	卖盘
09:51:51	5.55	0.01	553	306915	买盘
09:51:48	5.54	-0.01	130	72020	卖盘
09:51:45	5.55	0.01	534	296370	买盘
09:51:42	5.54	--	52	28808	卖盘
09:51:39	5.54	-0.01	695	385030	卖盘
09:51:36	5.55	--	24	13320	买盘
09:51:33	5.55	--	31	17205	买盘
09:51:30	5.55	--	1457	808635	卖盘
09:51:27	5.55	-0.01	70	38850	卖盘
09:51:24	5.56	--	217	120651	买盘
09:51:21	5.56	0.01	20	11120	买盘
09:51:18	5.55	-0.01	23	12765	卖盘
09:51:15	5.56	-0.01	958	532648	中性盘
09:51:12	5.57	--	1379	768103	买盘
09:51:09	5.57	--	117	65169	买盘
09:51:06	5.57	--	173	96361	买盘
09:51:03	5.57	0.01	91	50687	买盘
09:51:00	5.56	--	438	243527	卖盘
09:50:57	5.56	-0.01	113	62827	卖盘
09:50:54	5.57	--	642	357594	买盘
09:50:51	5.57	0.01	6	3342	买盘
09:50:48	5.56	--	3	1667	卖盘
09:50:45	5.56	--	160	88960	卖盘
09:50:42	5.56	--	130	72280	买盘
09:50:39	5.56	0.01	393	218507	买盘
09:50:36	5.55	-0.01	415	230624	卖盘
09:50:33	5.56	0.01	795	442019	买盘
09:50:30	5.55	--	579	321600	卖盘
09:50:27	5.55	--	156	86580	卖盘
09:50:21	5.55	--	112	62160	卖盘
09:50:18	5.55	0.01	2075	1151625	买盘
09:50:15	5.54	--	38	21052	买盘
09:50:12	5.54	-0.01	179	99166	卖盘
09:50:09	5.55	0.01	43	23865	买盘
09:50:06	5.54	--	57	31578	卖盘
09:50:03	5.54	--	60	33240	卖盘
09:50:00	5.54	--	35	19390	卖盘
09:49:57	5.54	-0.01	2	1108	卖盘
09:49:54	5.55	0.01	234	129870	买盘
09:49:51	5.54	0.01	240	132960	买盘
09:49:48	5.53	0.01	279	154491	买盘
09:49:45	5.52	-0.01	352	194303	卖盘
09:49:42	5.53	--	91	50671	卖盘
09:49:39	5.53	-0.01	289	159817	卖盘
09:49:36	5.54	--	10	5540	买盘
09:49:33	5.54	0.01	70	38780	买盘
09:49:30	5.53	--	28	15688	买盘
09:49:27	5.53	--	40	22120	买盘
09:49:21	5.53	--	85	47005	买盘
09:49:18	5.53	0.01	142	78526	买盘
09:49:15	5.52	--	422	232943	买盘
09:49:12	5.52	0.01	386	213071	买盘
09:49:09	5.51	--	590	325090	买盘
09:49:03	5.51	0.01	52	28652	买盘
09:49:00	5.5	--	20	11000	卖盘
09:48:57	5.5	0.01	1585	871750	买盘
09:48:54	5.49	--	10	5490	卖盘
09:48:51	5.49	--	1	549	卖盘
09:48:48	5.49	0.01	401	220571	买盘
09:48:45	5.48	--	653	357844	卖盘
09:48:42	5.48	--	15	8220	卖盘
09:48:36	5.48	--	434	237832	买盘
09:48:33	5.48	0.01	2	1096	买盘
09:48:30	5.47	-0.01	5	2735	卖盘
09:48:27	5.48	0.01	116	63568	买盘
09:48:21	5.47	--	500	273500	卖盘
09:48:18	5.47	--	209	114323	卖盘
09:48:15	5.47	--	134	73451	买盘
09:48:09	5.47	0.01	209	114323	买盘
09:48:06	5.46	--	13	7098	卖盘
09:48:00	5.46	--	1	546	卖盘
09:47:54	5.46	--	38	20748	卖盘
09:47:48	5.46	--	83	45318	买盘
09:47:39	5.46	-0.01	541	295386	卖盘
09:47:27	5.47	0.01	20	10940	买盘
09:47:18	5.46	-0.01	25	13650	卖盘
09:47:12	5.47	--	50	27350	买盘
09:47:06	5.47	--	30	16410	买盘
09:47:03	5.47	--	20	10940	买盘
09:47:00	5.47	0.01	1	547	买盘
09:46:57	5.46	-0.01	10	5460	卖盘
09:46:54	5.47	--	32	17504	买盘
09:46:48	5.47	-0.01	101	55640	卖盘
09:46:39	5.48	0.01	96	52608	买盘
09:46:33	5.47	--	98	53759	买盘
09:46:24	5.47	--	38	21179	卖盘
09:46:12	5.47	--	244	133621	卖盘
09:46:09	5.47	-0.01	4	2188	卖盘
09:46:03	5.48	0.01	70	38360	买盘
09:46:00	5.47	-0.01	53	28991	卖盘
09:45:57	5.48	--	100	54800	买盘
09:45:54	5.48	--	10	5480	买盘
09:45:36	5.48	--	18	9864	买盘
09:45:18	5.48	0.01	98	53704	买盘
09:45:15	5.47	--	78	42666	卖盘
09:45:09	5.47	--	10	5470	卖盘
09:45:00	5.47	--	31	16957	卖盘
09:44:57	5.47	--	100	54700	卖盘
09:44:48	5.47	-0.01	200	109400	卖盘
09:44:45	5.48	--	97	53156	买盘
09:44:42	5.48	0.01	50	27400	买盘
09:44:27	5.47	--	6	3282	买盘
09:44:21	5.47	--	5	2735	买盘
09:44:18	5.47	--	21	11487	买盘
09:44:09	5.47	--	96	52512	买盘
09:44:06	5.47	-0.01	45	24615	卖盘
09:44:03	5.48	0.01	87	47676	买盘
09:43:54	5.47	--	2	1094	中性盘
09:43:45	5.47	--	354	193638	买盘
09:43:42	5.47	0.01	55	30085	买盘
09:43:39	5.46	-0.01	36	19656	卖盘
09:43:30	5.47	--	71	38837	买盘
09:43:18	5.47	--	50	27350	买盘
09:43:00	5.47	--	82	44854	买盘
09:42:57	5.47	--	42	22974	买盘
09:42:39	5.47	0.01	3	1641	买盘
09:42:36	5.46	-0.01	21	11466	卖盘
09:42:30	5.47	--	22	12034	买盘
09:42:24	5.47	--	16	8752	买盘
09:42:21	5.47	--	10	5470	买盘
09:42:15	5.47	--	125	68375	卖盘
09:42:12	5.47	--	78	42666	卖盘
09:42:09	5.47	--	92	50324	卖盘
09:41:57	5.47	-0.01	300	164100	卖盘
09:41:51	5.48	--	27	14796	买盘
09:41:48	5.48	--	41	22468	买盘
09:41:45	5.48	--	50	27400	买盘
09:41:42	5.48	--	10	5480	买盘
09:41:36	5.48	--	48	26304	卖盘
09:41:33	5.48	--	13	7124	买盘
09:41:30	5.48	--	4	2192	买盘
09:41:24	5.48	-0.01	279	153018	卖盘
09:41:18	5.49	--	36	20186	买盘
09:41:15	5.49	--	3	1647	买盘
09:41:12	5.49	--	15	8235	买盘
09:40:54	5.49	0.02	620	340380	买盘
09:40:51	5.47	--	55	30085	买盘
09:40:42	5.47	0.01	99	54153	买盘
09:40:39	5.46	-0.01	33	18018	卖盘
09:40:36	5.47	--	11	6017	买盘
09:40:33	5.47	--	45	24615	买盘
09:40:24	5.47	-0.01	109	59623	买盘
09:40:21	5.48	0.01	628	344144	买盘
09:40:15	5.47	--	44	24068	买盘
09:40:12	5.47	-0.01	10	5470	卖盘
09:40:09	5.48	0.01	20	10960	买盘
09:40:06	5.47	--	49	26803	卖盘
09:39:51	5.47	--	50	27350	卖盘
09:39:42	5.47	--	70	38290	买盘
09:39:39	5.47	0.01	23	12581	买盘
09:39:33	5.46	--	11	6006	卖盘
09:39:27	5.46	--	1	546	卖盘
09:39:24	5.46	--	6	3276	卖盘
09:39:15	5.46	0.02	416	227136	买盘
09:39:12	5.44	-0.02	112	60928	卖盘
09:39:06	5.46	0.01	20	10920	买盘
09:39:03	5.45	--	55	29975	卖盘
09:38:57	5.45	0.01	88	47960	买盘
09:38:54	5.44	--	5	2720	卖盘
09:38:51	5.44	-0.01	11	5984	卖盘
09:38:48	5.45	--	10	5450	买盘
09:38:45	5.45	-0.01	10	5450	卖盘
09:38:42	5.46	0.02	5	2730	买盘
09:38:33	5.44	--	30	16320	卖盘
09:38:24	5.44	-0.02	133	72352	卖盘
09:38:21	5.46	0.02	63	34398	买盘
09:38:15	5.44	-0.01	260	141440	卖盘
09:38:12	5.45	--	22	11990	卖盘
09:38:09	5.45	0.01	121	65945	买盘
09:38:06	5.44	-0.01	20	10880	卖盘
09:38:03	5.45	0.01	178	97010	买盘
09:38:00	5.44	-0.01	1	544	卖盘
09:37:42	5.45	--	13	7085	买盘
09:37:39	5.45	0.01	5	2725	买盘
09:37:36	5.44	--	5	2720	卖盘
09:37:33	5.44	-0.01	54	29376	卖盘
09:37:24	5.45	--	20	10900	卖盘
09:37:21	5.45	--	68	37060	卖盘
09:37:12	5.45	0.01	13	7085	买盘
09:37:09	5.44	-0.01	1	544	中性盘
09:36:54	5.45	0.02	20	10900	中性盘
09:36:48	5.43	-0.03	1895	1029359	卖盘
09:36:36	5.46	0.01	18	9828	买盘
09:36:33	5.45	--	52	28340	买盘
09:36:18	5.45	--	105	57225	买盘
09:36:06	5.45	--	30	16350	买盘
09:36:03	5.45	--	461	251245	卖盘
09:35:54	5.45	--	84	45780	卖盘
09:35:51	5.45	--	3	1635	卖盘
09:35:48	5.45	--	27	14715	卖盘
09:35:39	5.45	-0.01	52	28340	卖盘
09:35:33	5.46	--	30	16380	买盘
09:35:27	5.46	--	208	113568	买盘
09:35:24	5.46	0.01	10	5460	买盘
09:35:18	5.45	-0.01	1	545	卖盘
09:35:12	5.46	0.01	68	37128	买盘
09:35:03	5.45	-0.01	12	6540	卖盘
09:35:00	5.46	0.01	30	16380	买盘
09:34:57	5.45	-0.01	95	51775	卖盘
09:34:51	5.46	0.01	20	10920	买盘
09:34:48	5.45	-0.01	3	1635	卖盘
09:34:42	5.46	0.01	25	13650	买盘
09:34:39	5.45	-0.01	956	521020	卖盘
09:34:33	5.46	--	6	3276	买盘
09:34:24	5.46	--	15	8190	买盘
09:34:18	5.46	--	50	27300	买盘
09:34:15	5.46	0.01	5	2730	买盘
09:34:00	5.45	-0.02	100	54500	卖盘
09:33:57	5.47	0.02	119	65093	买盘
09:33:54	5.45	--	30	16350	卖盘
09:33:48	5.45	-0.01	226	123170	卖盘
09:33:42	5.46	0.01	64	34944	买盘
09:33:36	5.45	--	311	169495	卖盘
09:33:33	5.45	-0.01	20	10900	卖盘
09:33:24	5.46	--	7	3822	买盘
09:33:21	5.46	--	12	6552	买盘
09:33:15	5.46	--	53	28938	买盘
09:32:57	5.46	--	248	135408	卖盘
09:32:54	5.46	--	2	1092	卖盘
09:32:48	5.46	--	119	64974	卖盘
09:32:42	5.46	0.01	66	36036	买盘
09:32:36	5.45	--	89	48505	卖盘
09:32:27	5.45	--	61	33245	卖盘
09:32:24	5.45	0.01	542	295390	买盘
09:32:21	5.44	-0.01	8	4352	卖盘
09:32:15	5.45	0.01	97	52865	买盘
09:32:12	5.44	-0.01	146	79424	卖盘
09:32:09	5.45	--	5	2725	买盘
09:32:00	5.45	-0.01	278	151510	卖盘
09:31:51	5.46	0.01	20	10920	买盘
09:31:48	5.45	-0.01	67	36515	卖盘
09:31:42	5.46	--	220	120120	买盘
09:31:39	5.46	--	20	10920	买盘
09:31:36	5.46	--	45	24570	买盘
09:31:30	5.46	--	153	83538	卖盘
09:31:27	5.46	-0.01	10	5460	卖盘
09:31:21	5.47	0.01	50	27350	买盘
09:31:18	5.46	-0.01	147	80262	卖盘
09:31:15	5.47	--	121	66187	买盘
09:30:57	5.47	0.01	24	13128	买盘
09:30:51	5.46	-0.01	53	28938	卖盘
09:30:48	5.47	0.01	10	5470	买盘
09:30:45	5.46	-0.01	7	3822	卖盘
09:30:27	5.47	--	50	27350	卖盘
09:30:24	5.47	-0.01	59	32273	卖盘
09:30:21	5.48	0.01	8	4384	买盘
09:30:09	5.47	-0.01	105	57435	中性盘
09:30:06	5.48	--	634	347432	买盘
09:30:03	5.48	--	429	235092	买盘
09:30:00	5.48	--	0	0	买盘
09:25:03	5.48	5.48	388	212624	买盘
