成交时间	成交价	价格变动	成交量(手)	成交额(元)	性质
15:00:03	21.41	0.02	1369	2932099	买盘
14:57:00	21.39	--	65	139035	卖盘
14:56:57	21.39	--	71	151869	卖盘
14:56:54	21.39	-0.01	19	40641	卖盘
14:56:51	21.4	0.01	10	21400	买盘
14:56:48	21.39	--	64	136896	卖盘
14:56:45	21.39	-0.01	3	6417	卖盘
14:56:42	21.4	--	26	55639	买盘
14:56:39	21.4	--	17	36380	买盘
14:56:36	21.4	--	10	21400	买盘
14:56:33	21.4	--	44	94160	买盘
14:56:30	21.4	--	43	93090	买盘
14:56:27	21.4	--	57	121979	买盘
14:56:24	21.4	0.01	28	59919	买盘
14:56:18	21.39	-0.01	53	113367	卖盘
14:56:15	21.4	--	53	113419	买盘
14:56:12	21.4	0.01	85	181900	买盘
14:56:09	21.39	-0.01	81	173259	卖盘
14:56:06	21.4	0.01	28	59919	买盘
14:56:03	21.39	--	24	51336	卖盘
14:55:57	21.39	--	46	98394	卖盘
14:55:54	21.39	-0.01	2	4278	卖盘
14:55:51	21.4	--	5	10700	买盘
14:55:48	21.4	--	4	8560	买盘
14:55:45	21.4	--	10	21400	买盘
14:55:42	21.4	0.01	8	17120	买盘
14:55:39	21.39	--	28	59892	卖盘
14:55:36	21.39	-0.01	11	23529	卖盘
14:55:33	21.4	0.01	200	428000	买盘
14:55:27	21.39	--	2	4278	卖盘
14:55:24	21.39	-0.01	11	23529	卖盘
14:55:21	21.4	0.01	1	2140	买盘
14:55:18	21.39	--	22	47058	卖盘
14:55:15	21.39	-0.01	2	4278	卖盘
14:55:12	21.4	0.01	24	51360	买盘
14:55:09	21.39	--	8	17112	卖盘
14:55:06	21.39	--	181	387159	买盘
14:55:03	21.39	--	36	77004	买盘
14:55:00	21.39	0.01	72	154008	买盘
14:54:57	21.38	-0.01	24	51312	卖盘
14:54:54	21.39	--	104	222456	买盘
14:54:51	21.39	--	64	136896	买盘
14:54:48	21.39	--	6	12834	买盘
14:54:45	21.39	--	3	6417	买盘
14:54:42	21.39	--	5	10695	买盘
14:54:39	21.39	0.01	97	207483	买盘
14:54:36	21.38	--	70	149660	卖盘
14:54:33	21.38	-0.01	35	74830	卖盘
14:54:24	21.39	0.01	50	106950	买盘
14:54:21	21.38	--	32	68416	卖盘
14:54:18	21.38	-0.01	52	111176	卖盘
14:54:15	21.39	0.01	23	49197	买盘
14:54:12	21.38	--	24	51312	卖盘
14:54:09	21.38	--	31	66278	卖盘
14:54:06	21.38	-0.01	50	106900	卖盘
14:54:03	21.39	--	26	55614	买盘
14:54:00	21.39	--	6	12834	买盘
14:53:57	21.39	--	35	74865	买盘
14:53:54	21.39	--	1	2139	买盘
14:53:51	21.39	--	27	57753	买盘
14:53:48	21.39	0.01	47	100533	买盘
14:53:45	21.38	-0.01	37	79106	卖盘
14:53:42	21.39	0.01	23	49197	买盘
14:53:39	21.38	--	1	2138	卖盘
14:53:36	21.38	--	5	10690	卖盘
14:53:33	21.38	-0.01	2	4276	卖盘
14:53:30	21.39	0.01	54	115506	买盘
14:53:18	21.38	-0.01	13	27794	卖盘
14:53:15	21.39	0.01	16	34224	买盘
14:53:12	21.38	-0.01	19	40622	卖盘
14:53:03	21.39	--	23	49197	买盘
14:53:00	21.39	0.01	28	59892	买盘
14:52:57	21.38	--	7	14966	卖盘
14:52:51	21.38	--	23	49174	卖盘
14:52:48	21.38	--	18	38484	卖盘
14:52:45	21.38	-0.01	17	36346	卖盘
14:52:42	21.39	0.01	10	21390	买盘
14:52:39	21.38	--	2	4276	卖盘
14:52:36	21.38	--	5	10690	卖盘
14:52:30	21.38	-0.01	13	27794	卖盘
14:52:27	21.39	--	19	40641	买盘
14:52:24	21.39	0.01	45	96255	买盘
14:52:21	21.38	--	6	12828	卖盘
14:52:18	21.38	--	9	19242	卖盘
14:52:15	21.38	-0.01	6	12828	卖盘
14:52:12	21.39	0.01	2	4278	买盘
14:52:09	21.38	-0.01	50	106900	卖盘
14:52:03	21.39	--	6	12834	买盘
14:51:57	21.39	--	7	14973	买盘
14:51:51	21.39	0.02	5	10695	买盘
14:51:48	21.37	-0.02	64	136768	卖盘
14:51:42	21.39	0.01	8	17112	中性盘
14:51:39	21.38	--	111	237318	卖盘
14:51:36	21.38	-0.02	58	124004	卖盘
14:51:33	21.4	0.02	46	98440	买盘
14:51:27	21.38	--	3	6414	卖盘
14:51:24	21.38	--	13	27794	卖盘
14:51:21	21.38	--	19	40622	卖盘
14:51:18	21.38	--	2	4276	卖盘
14:51:15	21.38	--	3	6414	卖盘
14:51:09	21.38	--	20	42760	卖盘
14:51:06	21.38	-0.01	78	166764	卖盘
14:51:03	21.39	--	2	4278	买盘
14:51:00	21.39	0.01	5	10695	买盘
14:50:54	21.38	-0.01	1	2138	卖盘
14:50:51	21.39	--	73	156147	买盘
14:50:45	21.39	--	12	25668	买盘
14:50:42	21.39	--	28	59892	买盘
14:50:39	21.39	0.01	12	25668	买盘
14:50:36	21.38	-0.01	43	91934	卖盘
14:50:33	21.39	--	61	130479	买盘
14:50:30	21.39	0.01	17	36363	买盘
14:50:21	21.38	-0.01	17	36346	卖盘
14:50:18	21.39	0.01	22	47058	买盘
14:50:12	21.38	-0.01	17	36346	卖盘
14:50:09	21.39	--	32	68448	买盘
14:50:06	21.39	--	50	106950	买盘
14:50:03	21.39	--	2	4278	买盘
14:49:57	21.39	0.01	11	23529	买盘
14:49:54	21.38	-0.01	4	8552	卖盘
14:49:51	21.39	--	5	10695	买盘
14:49:48	21.39	--	8	17112	买盘
14:49:45	21.39	0.01	15	32085	买盘
14:49:42	21.38	--	26	55588	卖盘
14:49:36	21.38	--	1	2138	卖盘
14:49:33	21.38	--	10	21380	卖盘
14:49:30	21.38	-0.01	2	4276	中性盘
14:49:24	21.39	0.02	65	139035	买盘
14:49:21	21.37	-0.01	9	19233	卖盘
14:49:18	21.38	--	1	2138	买盘
14:49:15	21.38	--	75	160350	买盘
14:49:12	21.38	0.01	52	111176	买盘
14:49:09	21.37	--	7	14959	卖盘
14:49:06	21.37	--	14	29918	卖盘
14:49:03	21.37	--	1	2137	卖盘
14:48:57	21.37	--	37	79069	卖盘
14:48:54	21.37	-0.01	5	10685	卖盘
14:48:51	21.38	0.01	5	10690	买盘
14:48:48	21.37	-0.01	38	81206	卖盘
14:48:45	21.38	0.01	2	4276	买盘
14:48:42	21.37	-0.01	5	10685	卖盘
14:48:36	21.38	0.01	2	4276	买盘
14:48:30	21.37	--	1	2137	卖盘
14:48:27	21.37	--	64	136768	卖盘
14:48:24	21.37	--	34	72658	卖盘
14:48:18	21.37	--	7	14959	卖盘
14:48:15	21.37	-0.01	8	17096	卖盘
14:48:12	21.38	0.01	3	6414	买盘
14:48:09	21.37	--	31	66247	卖盘
14:48:06	21.37	--	7	14959	卖盘
14:48:03	21.37	0.01	11	23507	买盘
14:48:00	21.36	-0.01	29	61944	卖盘
14:47:57	21.37	0.01	3	6411	中性盘
14:47:51	21.36	-0.01	30	64080	卖盘
14:47:48	21.37	--	20	42740	卖盘
14:47:45	21.37	-0.01	1	2137	卖盘
14:47:42	21.38	0.02	5	10690	买盘
14:47:39	21.36	-0.01	51	108936	卖盘
14:47:36	21.37	--	1	2137	买盘
14:47:33	21.37	-0.01	3	6411	中性盘
14:47:30	21.38	--	251	536638	卖盘
14:47:27	21.38	--	9	19242	买盘
14:47:24	21.38	-0.01	18	38484	中性盘
14:47:15	21.39	0.01	29	62031	买盘
14:47:09	21.38	--	9	19242	卖盘
14:47:06	21.38	-0.01	3	6414	卖盘
14:47:03	21.39	0.01	15	32085	买盘
14:46:57	21.38	--	2	4276	卖盘
14:46:54	21.38	--	2	4276	卖盘
14:46:51	21.38	--	40	85520	卖盘
14:46:48	21.38	-0.01	12	25656	卖盘
14:46:45	21.39	0.01	30	64170	买盘
14:46:42	21.38	--	54	115452	卖盘
14:46:39	21.38	-0.01	1	2138	卖盘
14:46:36	21.39	0.01	40	85560	买盘
14:46:33	21.38	-0.01	2	4276	卖盘
14:46:30	21.39	--	10	21390	买盘
14:46:24	21.39	--	5	11400	卖盘
14:46:21	21.39	--	34	72726	卖盘
14:46:18	21.39	--	50	106950	卖盘
14:46:15	21.39	-0.01	36	77004	卖盘
14:46:12	21.4	0.01	12	25680	买盘
14:46:09	21.39	--	8	17112	卖盘
14:46:06	21.39	-0.01	3	6417	卖盘
14:46:03	21.4	0.01	4	8560	买盘
14:46:00	21.39	--	61	130479	卖盘
14:45:54	21.39	-0.01	10	21390	卖盘
14:45:39	21.4	--	38	81320	卖盘
14:45:36	21.4	--	3	6420	卖盘
14:45:27	21.4	--	102	218280	卖盘
14:45:24	21.4	--	5	10700	卖盘
14:45:15	21.4	-0.01	4	8560	卖盘
14:45:12	21.41	--	6	12846	买盘
14:45:09	21.41	--	5	10705	买盘
14:45:03	21.41	0.01	1	2141	买盘
14:44:51	21.4	--	10	21400	卖盘
14:44:48	21.4	-0.01	52	111279	卖盘
14:44:42	21.41	-0.01	6	12846	中性盘
14:44:39	21.42	0.01	22	47124	买盘
14:44:33	21.41	--	10	21410	买盘
14:44:30	21.41	--	12	25692	卖盘
14:44:27	21.41	--	16	34256	卖盘
14:44:24	21.41	-0.01	52	111332	卖盘
14:44:21	21.42	0.01	6	12852	买盘
14:44:15	21.41	-0.01	3	6423	卖盘
14:44:09	21.42	0.01	32	68544	买盘
14:44:03	21.41	--	10	21410	卖盘
14:44:00	21.41	-0.01	7	14987	卖盘
14:43:51	21.42	0.02	41	87822	买盘
14:43:48	21.4	--	12	25680	卖盘
14:43:45	21.4	-0.01	14	29959	卖盘
14:43:42	21.41	--	13	27833	买盘
14:43:39	21.41	--	3	6423	买盘
14:43:27	21.41	--	23	49243	买盘
14:43:15	21.41	-0.01	6	12846	卖盘
14:43:12	21.42	--	5	10710	买盘
14:43:03	21.42	0.01	1	2142	买盘
14:42:57	21.41	--	1	2141	卖盘
14:42:54	21.41	--	7	14987	买盘
14:42:51	21.41	--	5	10705	买盘
14:42:45	21.41	--	2	4282	买盘
14:42:42	21.41	-0.01	1	2141	卖盘
14:42:33	21.42	--	106	227052	卖盘
14:42:30	21.42	--	2	4284	卖盘
14:42:24	21.42	--	5	10710	卖盘
14:42:21	21.42	0.01	400	856800	买盘
14:42:18	21.41	--	3	6423	买盘
14:42:15	21.41	0.01	5	10705	买盘
14:42:12	21.4	--	46	98440	卖盘
14:42:06	21.4	-0.01	55	117699	卖盘
14:42:00	21.41	-0.01	3	6423	买盘
14:41:57	21.42	0.02	4	8568	买盘
14:41:54	21.4	-0.01	105	224699	卖盘
14:41:51	21.41	--	47	100627	卖盘
14:41:48	21.41	--	83	177703	卖盘
14:41:45	21.41	--	12	25692	卖盘
14:41:42	21.41	--	2	4282	卖盘
14:41:36	21.41	-0.01	4	8564	卖盘
14:41:24	21.42	--	5	10710	买盘
14:41:21	21.42	-0.01	159	340578	卖盘
14:41:18	21.43	0.01	3	6429	买盘
14:41:06	21.42	-0.01	2	5355	卖盘
14:41:03	21.43	0.01	5	10715	买盘
14:40:57	21.42	--	20	42840	卖盘
14:40:54	21.42	--	1	2142	卖盘
14:40:51	21.42	-0.01	10	21420	卖盘
14:40:42	21.43	--	10	21430	买盘
14:40:30	21.43	--	20	42860	买盘
14:40:27	21.43	0.01	38	81434	买盘
14:40:24	21.42	--	37	79254	卖盘
14:40:21	21.42	--	25	53550	卖盘
14:40:18	21.42	-0.01	5	10710	卖盘
14:40:15	21.43	0.01	17	36431	买盘
14:40:09	21.42	--	37	79254	卖盘
14:40:06	21.42	--	2	4284	卖盘
14:40:03	21.42	--	4	8568	卖盘
14:40:00	21.42	--	41	87822	卖盘
14:39:57	21.42	--	2	4284	卖盘
14:39:54	21.42	--	9	19278	卖盘
14:39:51	21.42	-0.01	19	40698	卖盘
14:39:48	21.43	--	30	64290	买盘
14:39:33	21.43	-0.01	173	370739	卖盘
14:39:30	21.44	0.01	10	21440	买盘
14:39:27	21.43	--	7	15001	卖盘
14:39:24	21.43	-0.01	3	6429	卖盘
14:39:21	21.44	0.01	20	42880	买盘
14:39:12	21.43	--	12	25716	买盘
14:39:06	21.43	--	14	30002	买盘
14:39:03	21.43	--	5	10715	买盘
14:39:00	21.43	--	5	10715	买盘
14:38:54	21.43	0.01	28	60004	卖盘
14:38:51	21.42	-0.01	25	53550	卖盘
14:38:45	21.43	--	9	20358	买盘
14:38:42	21.43	--	8	17144	买盘
14:38:39	21.43	--	9	19287	买盘
14:38:36	21.43	--	1	2143	买盘
14:38:27	21.43	-0.01	15	32145	卖盘
14:38:21	21.44	0.02	15	32160	买盘
14:38:15	21.42	-0.01	17	36414	卖盘
14:38:09	21.43	--	3	6429	卖盘
14:38:06	21.43	--	5	10715	买盘
14:38:03	21.43	--	62	132866	买盘
14:38:00	21.43	0.01	1	2143	买盘
14:37:54	21.42	--	5	10710	卖盘
14:37:51	21.42	-0.01	30	64260	卖盘
14:37:48	21.43	0.01	13	27859	买盘
14:37:36	21.42	-0.01	22	47124	卖盘
14:37:27	21.43	--	12	25716	买盘
14:37:24	21.43	--	6	12858	买盘
14:37:21	21.43	-0.02	326	698618	卖盘
14:37:18	21.45	--	7	15015	买盘
14:37:15	21.45	--	8	17160	买盘
14:37:03	21.45	--	1	2145	中性盘
14:37:00	21.45	0.01	7	15015	卖盘
14:36:54	21.44	-0.01	59	126496	卖盘
14:36:51	21.45	--	20	42900	买盘
14:36:48	21.45	--	21	45045	卖盘
14:36:42	21.45	--	29	62205	买盘
14:36:33	21.45	--	3	6435	买盘
14:36:30	21.45	--	181	388245	卖盘
14:36:27	21.45	-0.01	66	141570	卖盘
14:36:24	21.46	0.01	5	10730	买盘
14:36:15	21.45	-0.01	15	32175	卖盘
14:36:12	21.46	0.01	30	64380	买盘
14:36:09	21.45	--	15	32175	卖盘
14:36:06	21.45	-0.01	31	66495	卖盘
14:36:00	21.46	--	10	21460	买盘
14:35:57	21.46	0.01	48	103008	买盘
14:35:54	21.45	--	6	12870	卖盘
14:35:51	21.45	--	6	12870	卖盘
14:35:48	21.45	--	3	6435	卖盘
14:35:42	21.45	--	3	6435	卖盘
14:35:39	21.45	--	51	109395	卖盘
14:35:36	21.45	0.01	141	302445	买盘
14:35:33	21.44	--	1	2144	卖盘
14:35:30	21.44	--	15	32160	买盘
14:35:24	21.44	--	1	2144	买盘
14:35:18	21.44	--	10	21440	买盘
14:35:09	21.44	--	2	4288	卖盘
14:35:06	21.44	--	10	21440	卖盘
14:35:03	21.44	0.01	6	12864	买盘
14:35:00	21.43	-0.01	17	36431	卖盘
14:34:57	21.44	--	15	32160	买盘
14:34:51	21.44	--	46	98624	卖盘
14:34:42	21.44	0.01	12	25728	买盘
14:34:39	21.43	-0.01	2	4286	卖盘
14:34:36	21.44	--	19	40736	买盘
14:34:30	21.44	--	15	32160	买盘
14:34:27	21.44	--	5	10720	买盘
14:34:21	21.44	--	7	15008	买盘
14:34:18	21.44	--	15	32160	买盘
14:34:15	21.44	--	29	62176	买盘
14:34:12	21.44	--	4	8576	买盘
14:34:06	21.44	--	28	60032	卖盘
14:34:03	21.44	--	89	190816	卖盘
14:34:00	21.44	-0.01	7	15008	卖盘
14:33:57	21.45	0.01	8	17160	买盘
14:33:54	21.44	--	4	8576	卖盘
14:33:45	21.44	-0.01	1	2144	卖盘
14:33:39	21.45	0.01	29	62205	买盘
14:33:30	21.44	-0.01	10	21440	卖盘
14:33:21	21.45	0.01	86	184470	买盘
14:33:15	21.44	-0.01	1	2144	卖盘
14:33:12	21.45	0.01	5	10725	买盘
14:33:09	21.44	--	10	21440	卖盘
14:33:03	21.44	--	37	79328	买盘
14:33:00	21.44	--	31	66464	买盘
14:32:54	21.44	--	4	8576	买盘
14:32:45	21.44	--	8	17152	买盘
14:32:33	21.44	0.01	3	6432	买盘
14:32:27	21.43	--	3	6429	卖盘
14:32:24	21.43	--	3	6429	卖盘
14:32:18	21.43	--	8	17144	买盘
14:32:15	21.43	--	6	12858	买盘
14:32:06	21.43	--	6	12858	买盘
14:32:00	21.43	0.01	13	27859	买盘
14:31:57	21.42	--	23	49266	卖盘
14:31:54	21.42	--	10	21420	卖盘
14:31:42	21.42	0.01	28	59976	买盘
14:31:39	21.41	-0.01	62	132742	卖盘
14:31:36	21.42	0.01	18	38556	买盘
14:31:30	21.41	-0.01	50	107050	卖盘
14:31:27	21.42	--	1	2142	买盘
14:31:24	21.42	0.01	5	10710	买盘
14:31:18	21.41	--	38	81358	卖盘
14:31:15	21.41	0.01	50	107050	买盘
14:31:12	21.4	--	35	74900	卖盘
14:31:09	21.4	-0.01	7	14979	卖盘
14:31:06	21.41	--	21	44961	买盘
14:31:03	21.41	--	16	34256	买盘
14:31:00	21.41	--	3	6423	买盘
14:30:57	21.41	0.01	30	64230	买盘
14:30:45	21.4	--	7	14979	卖盘
14:30:42	21.4	--	22	47080	卖盘
14:30:36	21.4	--	30	64991	卖盘
14:30:33	21.4	-0.01	2	4280	卖盘
14:30:24	21.41	0.01	8	17128	买盘
14:30:21	21.4	-0.01	9	19260	卖盘
14:30:18	21.41	-0.01	15	32115	中性盘
14:30:15	21.42	0.01	12	25704	买盘
14:30:12	21.41	-0.01	26	55666	卖盘
14:30:03	21.42	0.01	11	23562	卖盘
14:29:57	21.41	--	17	36397	卖盘
14:29:48	21.41	-0.01	7	14987	卖盘
14:29:45	21.42	--	8	17136	卖盘
14:29:42	21.42	0.01	3	6426	中性盘
14:29:36	21.41	--	2	4282	买盘
14:29:33	21.41	--	5	10705	买盘
14:29:27	21.41	-0.01	30	64230	卖盘
14:29:18	21.42	0.01	2	4284	买盘
14:29:12	21.41	-0.01	21	44961	卖盘
14:29:00	21.42	-0.01	1	2142	买盘
14:28:57	21.43	--	3	6429	买盘
14:28:51	21.43	0.02	2	4286	买盘
14:28:33	21.41	--	10	21410	卖盘
14:28:30	21.41	--	2	4282	卖盘
14:28:27	21.41	-0.01	77	164857	卖盘
14:28:09	21.42	--	9	19278	买盘
14:27:54	21.42	-0.01	72	154224	卖盘
14:27:42	21.43	--	26	55718	买盘
14:27:33	21.43	--	17	36431	买盘
14:27:30	21.43	0.01	3	6429	买盘
14:27:27	21.42	--	1	2142	卖盘
14:27:00	21.42	--	2	4284	卖盘
14:26:51	21.42	-0.02	127	272034	卖盘
14:26:48	21.44	0.01	41	87904	买盘
14:26:42	21.43	--	1	2143	卖盘
14:26:36	21.43	-0.01	3	6429	卖盘
14:26:33	21.44	--	8	17152	买盘
14:26:30	21.44	--	10	21440	买盘
14:26:12	21.44	-0.02	2	4288	中性盘
14:26:09	21.46	0.03	22	47212	买盘
14:26:06	21.43	-0.03	51	109293	卖盘
14:25:57	21.46	--	10	21460	买盘
14:25:54	21.46	--	5	10730	买盘
14:25:51	21.46	--	10	21460	买盘
14:25:48	21.46	--	7	15022	买盘
14:25:39	21.46	0.01	17	36482	买盘
14:25:36	21.45	-0.01	12	27155	卖盘
14:25:33	21.46	0.01	7	15022	中性盘
14:25:24	21.45	-0.01	23	49335	卖盘
14:25:18	21.46	0.01	16	35065	买盘
14:25:15	21.45	--	49	105105	卖盘
14:25:06	21.45	--	17	36465	卖盘
14:25:03	21.45	--	6	12870	卖盘
14:25:00	21.45	0.02	7	15015	买盘
14:24:57	21.43	-0.02	50	107150	卖盘
14:24:54	21.45	0.01	1	2145	买盘
14:24:51	21.44	-0.01	5	10720	中性盘
14:24:42	21.45	0.02	20	42900	买盘
14:24:33	21.43	-0.02	10	21430	卖盘
14:24:30	21.45	--	30	64350	买盘
14:24:24	21.45	--	14	30030	买盘
14:24:18	21.45	0.03	3	6435	买盘
14:24:15	21.42	-0.03	42	89964	卖盘
14:24:09	21.45	0.01	8	17160	买盘
14:24:06	21.44	--	145	310880	卖盘
14:23:54	21.44	--	78	167232	买盘
14:23:51	21.44	0.01	19	40736	买盘
14:23:45	21.43	-0.01	6	12858	中性盘
14:23:39	21.44	--	5	10720	买盘
14:23:33	21.44	0.02	82	175808	买盘
14:23:27	21.42	0.01	85	182070	买盘
14:23:24	21.41	-0.01	4	8564	卖盘
14:23:21	21.42	--	5	10710	买盘
14:23:09	21.42	--	3	6426	买盘
14:23:06	21.42	--	19	40698	买盘
14:23:00	21.42	0.02	5	10710	买盘
14:22:48	21.4	-0.01	20	42800	卖盘
14:22:42	21.41	0.01	1	2141	中性盘
14:22:39	21.4	-0.01	112	239679	卖盘
14:22:36	21.41	0.01	25	53525	买盘
14:22:30	21.4	-0.01	16	34240	卖盘
14:22:24	21.41	0.01	26	55666	买盘
14:22:21	21.4	--	11	23540	卖盘
14:22:12	21.4	--	8	17120	买盘
14:22:09	21.4	--	10	21400	买盘
14:22:06	21.4	--	52	111279	买盘
14:22:00	21.4	--	40	85600	买盘
14:21:57	21.4	--	20	42800	买盘
14:21:54	21.4	0.01	5	10700	买盘
14:21:51	21.39	-0.01	30	64170	卖盘
14:21:48	21.4	--	1	2140	买盘
14:21:45	21.4	--	16	34240	买盘
14:21:42	21.4	0.01	510	1091400	买盘
14:21:39	21.39	--	11	23529	卖盘
14:21:33	21.39	-0.01	3	6417	卖盘
14:21:27	21.4	--	5	10700	买盘
14:21:21	21.4	--	3	6420	买盘
14:21:18	21.4	--	1	2140	买盘
14:21:12	21.4	0.01	25	53500	买盘
14:21:09	21.39	-0.01	5	10695	卖盘
14:21:03	21.4	0.01	11	23540	买盘
14:21:00	21.39	-0.01	17	36363	卖盘
14:20:57	21.4	--	10	21400	买盘
14:20:54	21.4	--	21	44940	买盘
14:20:51	21.4	--	8	17120	买盘
14:20:48	21.4	0.01	10	21400	买盘
14:20:42	21.39	--	1	2139	卖盘
14:20:39	21.39	--	12	25668	卖盘
14:20:27	21.39	-0.01	1	2139	卖盘
14:20:18	21.4	--	2	4280	买盘
14:20:15	21.4	--	7	14979	买盘
14:20:12	21.4	0.01	8	17120	买盘
14:20:09	21.39	--	2	4278	卖盘
14:20:06	21.39	--	2	4278	卖盘
14:20:03	21.39	--	2	4278	卖盘
14:20:00	21.39	--	38	81282	卖盘
14:19:57	21.39	-0.01	20	44213	卖盘
14:19:54	21.4	0.01	26	55639	买盘
14:19:51	21.39	-0.01	16	34224	卖盘
14:19:48	21.4	0.01	3	6420	买盘
14:19:45	21.39	0.01	32	68448	买盘
14:19:42	21.38	-0.01	1	2138	卖盘
14:19:33	21.39	--	7	14973	买盘
14:19:30	21.39	--	12	25668	卖盘
14:19:24	21.39	0.01	8	17112	中性盘
14:19:15	21.38	--	5	10690	卖盘
14:19:12	21.38	--	1	2138	卖盘
14:19:09	21.38	--	22	47036	卖盘
14:19:03	21.38	-0.02	6	12828	卖盘
14:19:00	21.4	--	1	2140	买盘
14:18:57	21.4	--	3	6420	买盘
14:18:48	21.4	--	77	164780	卖盘
14:18:45	21.4	--	40	85600	卖盘
14:18:42	21.4	--	1	2140	卖盘
14:18:39	21.4	--	25	53500	卖盘
14:18:33	21.4	--	75	160500	卖盘
14:18:30	21.4	0.02	106	226839	买盘
14:18:27	21.38	0.01	34	72692	买盘
14:18:24	21.37	-0.01	6	12822	卖盘
14:18:21	21.38	0.01	4	8552	买盘
14:18:18	21.37	--	22	47014	卖盘
14:18:15	21.37	--	4	8548	卖盘
14:18:12	21.37	--	3	6411	卖盘
14:18:00	21.37	-0.02	126	269262	卖盘
14:17:57	21.39	0.02	21	44919	买盘
14:17:51	21.37	-0.01	118	252166	卖盘
14:17:42	21.38	-0.02	61	130418	卖盘
14:17:39	21.4	0.02	10	21400	买盘
14:17:33	21.38	-0.02	9	19242	卖盘
14:17:27	21.4	0.01	100	214000	买盘
14:17:18	21.39	--	43	91977	卖盘
14:17:15	21.39	--	11	23529	卖盘
14:17:12	21.39	-0.01	17	36363	卖盘
14:17:06	21.4	--	9	19260	买盘
14:16:54	21.4	--	130	278906	卖盘
14:16:48	21.4	--	38	81320	卖盘
14:16:45	21.4	--	13	27819	卖盘
14:16:42	21.4	-0.01	13	27819	卖盘
14:16:36	21.41	0.01	10	21410	买盘
14:16:30	21.4	--	20	42800	卖盘
14:16:27	21.4	--	15	32099	卖盘
14:16:21	21.4	-0.01	137	293180	卖盘
14:16:15	21.41	-0.01	2	4282	卖盘
14:16:12	21.42	0.01	2	4284	买盘
14:16:06	21.41	-0.01	4	8564	卖盘
14:16:03	21.42	--	2	4284	买盘
14:15:57	21.42	0.01	19	40698	买盘
14:15:48	21.41	-0.01	5	10705	卖盘
14:15:45	21.42	--	10	21420	买盘
14:15:39	21.42	0.01	5	10710	买盘
14:15:30	21.41	-0.01	24	51384	卖盘
14:15:21	21.42	0.01	29	62118	买盘
14:15:18	21.41	--	31	66371	卖盘
14:15:09	21.41	-0.01	5	10705	卖盘
14:15:00	21.42	--	6	12852	买盘
14:14:54	21.42	0.01	5	10710	买盘
14:14:51	21.41	-0.01	5	10705	卖盘
14:14:45	21.42	-0.01	20	42840	中性盘
14:14:39	21.43	--	46	98578	买盘
14:14:30	21.43	0.01	13	27859	买盘
14:14:27	21.42	--	5	10710	买盘
14:14:21	21.42	0.01	47	100674	买盘
14:14:15	21.41	-0.01	20	42820	卖盘
14:14:06	21.42	-0.01	10	21420	卖盘
14:14:03	21.43	--	5	10715	买盘
14:14:00	21.43	0.01	7	15001	买盘
14:13:57	21.42	--	6	12852	卖盘
14:13:51	21.42	--	3	6426	卖盘
14:13:48	21.42	0.01	39	83538	买盘
14:13:45	21.41	--	15	32115	卖盘
14:13:21	21.41	--	3	6423	卖盘
14:13:12	21.41	-0.01	10	21410	卖盘
14:13:03	21.42	--	3	6426	买盘
14:13:00	21.42	-0.02	4	8568	卖盘
14:12:51	21.44	0.03	16	34304	买盘
14:12:33	21.41	-0.03	5	10705	卖盘
14:12:30	21.44	--	11	23584	买盘
14:12:27	21.44	--	5	10720	卖盘
14:12:24	21.44	--	8	17152	卖盘
14:12:21	21.44	--	7	15008	买盘
14:12:18	21.44	--	23	49312	卖盘
14:12:09	21.44	--	8	17152	卖盘
14:12:06	21.44	--	186	400606	买盘
14:12:03	21.44	-0.01	1	2144	中性盘
14:11:57	21.45	0.02	11	23595	买盘
14:11:54	21.43	-0.01	37	79291	卖盘
14:11:48	21.44	--	10	21440	买盘
14:11:45	21.44	-0.01	5	10720	中性盘
14:11:42	21.45	--	31	66495	买盘
14:11:39	21.45	--	10	21450	买盘
14:11:36	21.45	0.01	22	47190	买盘
14:11:24	21.44	--	7	15008	买盘
14:11:21	21.44	--	2	4288	卖盘
14:11:18	21.44	--	3	6432	买盘
14:11:15	21.44	--	305	653920	买盘
14:11:12	21.44	0.02	2	4288	买盘
14:11:09	21.42	--	10	21420	卖盘
14:11:06	21.42	-0.01	11	23562	卖盘
14:11:03	21.43	--	27	57861	卖盘
14:11:00	21.43	0.01	23	49289	买盘
14:10:57	21.42	--	1	2142	卖盘
14:10:42	21.42	--	3	6426	卖盘
14:10:39	21.42	-0.01	24	53164	卖盘
14:10:36	21.43	--	44	94292	卖盘
14:10:33	21.43	-0.01	4	8572	中性盘
14:10:24	21.44	0.01	20	42880	买盘
14:10:21	21.43	--	27	57861	买盘
14:10:18	21.43	-0.01	5	10715	中性盘
14:10:09	21.44	0.01	5	10720	买盘
14:10:06	21.43	-0.01	22	47146	卖盘
14:10:00	21.44	0.01	65	139360	买盘
14:09:57	21.43	-0.01	1	2143	卖盘
14:09:54	21.44	0.01	11	23584	买盘
14:09:48	21.43	--	5	10715	卖盘
14:09:45	21.43	--	7	15001	卖盘
14:09:42	21.43	--	18	38574	卖盘
14:09:33	21.43	--	8	17144	卖盘
14:09:27	21.43	--	11	23573	卖盘
14:09:21	21.43	--	60	128580	卖盘
14:09:15	21.43	0.01	4	8572	卖盘
14:09:09	21.42	-0.01	60	128520	卖盘
14:09:06	21.43	--	1	2143	买盘
14:09:03	21.43	-0.01	12	25716	中性盘
14:08:54	21.44	0.02	7	15008	买盘
14:08:48	21.42	--	6	12852	卖盘
14:08:42	21.42	-0.02	9	19278	卖盘
14:08:36	21.44	--	15	32160	买盘
14:08:33	21.44	--	5	10720	买盘
14:08:30	21.44	0.02	40	85760	买盘
14:08:21	21.42	--	1	2142	卖盘
14:08:18	21.42	--	31	66402	卖盘
14:08:15	21.42	--	8	17136	卖盘
14:08:03	21.42	0.01	38	81396	买盘
14:07:57	21.41	-0.01	10	21410	卖盘
14:07:54	21.42	0.01	20	42840	买盘
14:07:51	21.41	--	3	6423	卖盘
14:07:48	21.41	-0.01	85	181985	卖盘
14:07:45	21.42	--	60	128520	买盘
14:07:42	21.42	0.01	2	4284	买盘
14:07:39	21.41	--	15	32115	卖盘
14:07:36	21.41	-0.01	13	27833	卖盘
14:07:33	21.42	--	11	23562	买盘
14:07:30	21.42	--	34	72828	买盘
14:07:27	21.42	--	49	104958	买盘
14:07:24	21.42	-0.02	107	229194	卖盘
14:07:21	21.44	-0.01	35	75040	卖盘
14:07:15	21.45	0.01	2	4290	买盘
14:07:12	21.44	--	24	51456	卖盘
14:07:09	21.44	--	47	100768	买盘
14:07:03	21.44	--	3	6432	买盘
14:07:00	21.44	--	6	12864	买盘
14:06:54	21.44	--	1	2144	买盘
14:06:51	21.44	0.01	6	12864	买盘
14:06:48	21.43	-0.01	12	25716	卖盘
14:06:45	21.44	0.01	2	4288	买盘
14:06:42	21.43	--	11	23573	买盘
14:06:39	21.43	--	5	10715	买盘
14:06:36	21.43	--	8	17144	买盘
14:06:33	21.43	0.01	8	17144	买盘
14:06:27	21.42	-0.01	9	19278	中性盘
14:06:18	21.43	0.01	22	47146	买盘
14:06:09	21.42	0.01	3	6426	买盘
14:06:06	21.41	0.01	81	173421	买盘
14:06:03	21.4	--	14	29959	卖盘
14:06:00	21.4	--	95	203300	卖盘
14:05:54	21.4	--	5	10700	卖盘
14:05:45	21.4	0.01	13	29403	买盘
14:05:36	21.39	0.01	23	49197	卖盘
14:05:33	21.38	--	68	145384	卖盘
14:05:15	21.38	-0.01	100	213800	卖盘
14:05:12	21.39	-0.01	120	256680	卖盘
14:05:09	21.4	--	6	12840	买盘
14:05:03	21.4	--	43	92020	买盘
14:04:57	21.4	--	2	4280	买盘
14:04:54	21.4	--	6	12840	买盘
14:04:51	21.4	--	32	68480	买盘
14:04:48	21.4	0.01	5	10700	买盘
14:04:45	21.39	-0.01	8	17112	卖盘
14:04:42	21.4	--	25	53500	买盘
14:04:39	21.4	--	60	128399	买盘
14:04:36	21.4	--	8	17120	买盘
14:04:33	21.4	--	3	6420	买盘
14:04:30	21.4	0.01	30	64199	买盘
14:04:27	21.39	-0.01	7	14973	卖盘
14:04:18	21.4	--	13	27819	买盘
14:04:15	21.4	--	13	27819	买盘
14:04:12	21.4	--	3	6420	买盘
14:04:06	21.4	--	12	25680	买盘
14:04:03	21.4	0.01	11	23540	买盘
14:04:00	21.39	-0.01	44	94116	卖盘
14:03:57	21.4	--	45	96300	买盘
14:03:54	21.4	0.01	1	2140	买盘
14:03:51	21.39	-0.01	1	2139	卖盘
14:03:48	21.4	--	67	143380	买盘
14:03:42	21.4	0.01	193	413020	买盘
14:03:39	21.39	--	24	51336	买盘
14:03:36	21.39	--	79	168981	买盘
14:03:30	21.39	-0.01	3	6417	中性盘
14:03:24	21.4	--	10	21400	买盘
14:03:21	21.4	0.01	106	226839	买盘
14:03:18	21.39	-0.01	64	136896	卖盘
14:03:15	21.4	0.01	1	2140	买盘
14:03:12	21.39	-0.01	5	10695	卖盘
14:03:09	21.4	--	6	12840	买盘
14:03:00	21.4	--	4	8560	买盘
14:02:51	21.4	0.01	26	55639	买盘
14:02:42	21.39	--	1	2139	卖盘
14:02:39	21.39	--	2	4278	买盘
14:02:36	21.39	--	6	12834	买盘
14:02:30	21.39	-0.01	1	2139	中性盘
14:02:18	21.4	0.04	10	21400	买盘
14:02:12	21.36	-0.01	124	264864	卖盘
14:02:09	21.37	--	2	4274	买盘
14:02:06	21.37	-0.01	34	72658	卖盘
14:02:03	21.38	--	13	27794	买盘
14:01:54	21.38	--	10	21380	买盘
14:01:51	21.38	--	5	10690	买盘
14:01:42	21.38	-0.01	8	17104	卖盘
14:01:39	21.39	0.01	8	17112	买盘
14:01:36	21.38	--	10	21380	卖盘
14:01:30	21.38	0.02	8	17104	买盘
14:01:21	21.36	-0.01	30	64080	卖盘
14:01:18	21.37	0.01	7	14959	卖盘
14:01:15	21.36	-0.01	40	85440	卖盘
14:01:12	21.37	0.01	1	2137	买盘
14:01:03	21.36	-0.01	44	94069	卖盘
14:01:00	21.37	--	11	23507	买盘
14:00:57	21.37	--	12	25644	买盘
14:00:51	21.37	--	5	10685	买盘
14:00:45	21.37	0.01	8	17096	买盘
14:00:42	21.36	-0.01	5	10680	卖盘
14:00:39	21.37	--	3	6411	买盘
14:00:36	21.37	--	3	6411	买盘
14:00:30	21.37	--	11	23507	买盘
14:00:27	21.37	--	23	49151	卖盘
14:00:24	21.37	--	6	12822	卖盘
14:00:21	21.37	--	11	23507	卖盘
14:00:09	21.37	0.01	7	14959	买盘
14:00:06	21.36	-0.01	18	38448	卖盘
14:00:03	21.37	--	1	2137	买盘
14:00:00	21.37	--	17	36329	买盘
13:59:54	21.37	0.01	3	6411	买盘
13:59:48	21.36	--	25	53400	卖盘
13:59:45	21.36	-0.01	2	4272	卖盘
13:59:42	21.37	--	3	6411	买盘
13:59:39	21.37	0.01	9	19233	买盘
13:59:30	21.36	0.01	12	25632	中性盘
13:59:09	21.35	-0.03	160	341600	卖盘
13:59:06	21.38	0.01	9	19242	买盘
13:59:03	21.37	--	9	19233	卖盘
13:59:00	21.37	0.01	18	38466	买盘
13:58:57	21.36	-0.01	11	23496	卖盘
13:58:51	21.37	--	8	17096	买盘
13:58:48	21.37	0.01	30	64110	买盘
13:58:45	21.36	--	5	10680	卖盘
13:58:42	21.36	--	28	59808	卖盘
13:58:39	21.36	--	11	23496	买盘
13:58:33	21.36	--	18	38448	卖盘
13:58:24	21.36	-0.01	6	12816	卖盘
13:58:21	21.37	-0.01	4	8548	卖盘
13:58:18	21.38	--	16	34208	买盘
13:58:12	21.38	0.03	63	134694	买盘
13:58:09	21.35	--	29	61915	卖盘
13:58:06	21.35	-0.03	15	32025	卖盘
13:58:03	21.38	--	27	57726	买盘
13:57:57	21.38	--	109	233042	买盘
13:57:54	21.38	-0.01	186	397668	卖盘
13:57:45	21.39	-0.01	19	40641	卖盘
13:57:42	21.4	0.01	3	6420	买盘
13:57:39	21.39	-0.01	36	77004	卖盘
13:57:36	21.4	0.02	2	4280	买盘
13:57:33	21.38	-0.01	22	47036	卖盘
13:57:30	21.39	--	56	119784	卖盘
13:57:15	21.39	--	15	32085	卖盘
13:57:12	21.39	--	3	6417	卖盘
13:57:06	21.39	--	87	186093	买盘
13:57:03	21.39	0.01	1	2139	买盘
13:57:00	21.38	--	2	4276	卖盘
13:56:57	21.38	--	5	10690	卖盘
13:56:51	21.38	-0.01	3	6414	卖盘
13:56:48	21.39	--	3	6417	买盘
13:56:45	21.39	0.01	1	2139	买盘
13:56:42	21.38	--	1	2138	卖盘
13:56:39	21.38	-0.01	40	85520	卖盘
13:56:30	21.39	0.01	5	10695	买盘
13:56:24	21.38	-0.01	2	4276	卖盘
13:56:18	21.39	0.01	9	19251	买盘
13:56:12	21.38	-0.01	1	2138	卖盘
13:56:09	21.39	--	1	2139	买盘
13:56:06	21.39	--	1	2139	买盘
13:56:00	21.39	0.01	31	66309	中性盘
13:55:57	21.38	-0.02	8	17104	卖盘
13:55:48	21.4	--	40	85600	买盘
13:55:45	21.4	--	20	42800	买盘
13:55:42	21.4	0.01	10	21956	买盘
13:55:39	21.39	-0.01	75	160425	卖盘
13:55:36	21.4	--	16	34240	买盘
13:55:30	21.4	--	2	4280	买盘
13:55:27	21.4	--	18	38520	买盘
13:55:21	21.4	0.01	4	8560	买盘
13:55:15	21.39	--	3	6417	卖盘
13:55:12	21.39	--	38	81282	卖盘
13:55:06	21.39	--	10	21390	卖盘
13:55:00	21.39	--	41	89281	买盘
13:54:51	21.39	--	16	34224	买盘
13:54:48	21.39	--	10	21390	买盘
13:54:45	21.39	0.01	5	10695	买盘
13:54:42	21.38	--	9	19242	卖盘
13:54:39	21.38	0.03	352	752576	买盘
13:54:33	21.35	--	9	19215	买盘
13:54:30	21.35	0.01	43	91805	买盘
13:54:27	21.34	-0.01	139	296626	卖盘
13:54:24	21.35	--	6	12810	买盘
13:54:21	21.35	0.01	11	23485	买盘
13:54:15	21.34	-0.01	39	83226	卖盘
13:54:09	21.35	--	3	6405	买盘
13:54:06	21.35	--	10	21350	卖盘
13:54:03	21.35	--	4	8540	卖盘
13:54:00	21.35	--	9	19215	卖盘
13:53:57	21.35	-0.01	13	27755	卖盘
13:53:54	21.36	--	22	46992	买盘
13:53:48	21.36	--	2	4272	买盘
13:53:45	21.36	--	15	32040	卖盘
13:53:42	21.36	--	26	55536	卖盘
13:53:39	21.36	--	20	42720	卖盘
13:53:36	21.36	-0.01	32	68352	卖盘
13:53:33	21.37	0.01	10	21370	中性盘
13:53:30	21.36	-0.02	100	213600	卖盘
13:53:24	21.38	--	5	10690	买盘
13:53:21	21.38	--	48	102624	卖盘
13:53:18	21.38	-0.01	28	59864	卖盘
13:53:15	21.39	--	5	10695	买盘
13:53:12	21.39	--	3	6417	买盘
13:53:09	21.39	--	12	25668	买盘
13:53:06	21.39	-0.01	110	235290	卖盘
13:53:03	21.4	0.01	53	113419	买盘
13:53:00	21.39	-0.01	7	14973	卖盘
13:52:57	21.4	0.01	22	47080	买盘
13:52:54	21.39	-0.01	36	77004	卖盘
13:52:48	21.4	--	137	293180	卖盘
13:52:33	21.4	-0.02	397	849580	卖盘
13:52:27	21.42	-0.01	14	29988	卖盘
13:52:24	21.43	0.01	6	12858	买盘
13:52:18	21.42	--	1	2142	卖盘
13:52:12	21.42	--	15	32130	卖盘
13:52:06	21.42	-0.01	14	29988	卖盘
13:52:03	21.43	--	1	2143	买盘
13:52:00	21.43	--	10	21430	买盘
13:51:57	21.43	--	49	105007	卖盘
13:51:54	21.43	-0.01	12	25716	卖盘
13:51:45	21.44	0.01	1	2144	买盘
13:51:42	21.43	--	20	42860	卖盘
13:51:36	21.43	--	1	2143	卖盘
13:51:27	21.43	--	5	10715	卖盘
13:51:24	21.43	--	5	10715	卖盘
13:51:21	21.43	--	5	10715	卖盘
13:51:15	21.43	--	7	15001	卖盘
13:51:09	21.43	-0.01	5	10715	卖盘
13:51:03	21.44	--	1	2144	买盘
13:51:00	21.44	0.01	6	12864	买盘
13:50:54	21.43	-0.02	41	87863	卖盘
13:50:51	21.45	--	5	10725	买盘
13:50:48	21.45	0.01	5	10725	买盘
13:50:45	21.44	-0.01	5	10720	卖盘
13:50:42	21.45	0.01	14	30030	买盘
13:50:39	21.44	--	5	10720	卖盘
13:50:33	21.44	0.01	4	8576	买盘
13:50:30	21.43	-0.02	1	2143	卖盘
13:50:21	21.45	0.01	5	10725	买盘
13:50:18	21.44	--	7	15329	卖盘
13:50:15	21.44	-0.01	16	34304	卖盘
13:50:09	21.45	0.01	20	42900	买盘
13:50:06	21.44	-0.01	4	8576	卖盘
13:49:57	21.45	--	8	17160	卖盘
13:49:54	21.45	-0.01	103	220935	卖盘
13:49:51	21.46	0.01	5	10730	买盘
13:49:45	21.45	--	7	15015	卖盘
13:49:36	21.45	--	4	8580	卖盘
13:49:33	21.45	-0.01	18	38610	卖盘
13:49:15	21.46	0.01	5	10730	买盘
13:49:12	21.45	-0.01	4	8580	卖盘
13:49:06	21.46	--	16	34336	买盘
13:49:00	21.46	--	19	42190	卖盘
13:48:57	21.46	--	1	2146	卖盘
13:48:51	21.46	--	14	30044	卖盘
13:48:48	21.46	--	4	8584	卖盘
13:48:39	21.46	--	10	21460	卖盘
13:48:30	21.46	0.01	234	502893	买盘
13:48:27	21.45	-0.01	20	42900	卖盘
13:48:15	21.46	--	3	6438	买盘
13:48:12	21.46	--	8	17168	买盘
13:48:03	21.46	--	25	55066	卖盘
13:48:00	21.46	--	7	15022	卖盘
13:47:57	21.46	--	2	5021	买盘
13:47:54	21.46	--	7	16438	卖盘
13:47:51	21.46	--	10	21460	卖盘
13:47:39	21.46	--	8	17168	卖盘
13:47:36	21.46	--	10	22189	买盘
13:47:33	21.46	--	1	2146	买盘
13:47:30	21.46	--	31	66526	买盘
13:47:24	21.46	--	5	10730	买盘
13:47:21	21.46	-0.01	2	5708	卖盘
13:47:12	21.47	--	1	2147	买盘
13:47:09	21.47	-0.01	1	2147	中性盘
13:47:00	21.48	0.02	5	10740	买盘
13:46:57	21.46	-0.02	270	579420	卖盘
13:46:48	21.48	--	9	19332	买盘
13:46:42	21.48	--	14	30072	买盘
13:46:39	21.48	0.01	25	53700	买盘
13:46:36	21.47	-0.01	56	120232	卖盘
13:46:30	21.48	0.01	29	62292	买盘
13:46:27	21.47	--	10	21470	卖盘
13:46:18	21.47	-0.01	8	17176	卖盘
13:46:12	21.48	--	20	42960	卖盘
13:46:06	21.48	--	2	4296	卖盘
13:46:03	21.48	--	11	23628	买盘
13:46:00	21.48	0.01	2	4296	买盘
13:45:54	21.47	--	5	10735	卖盘
13:45:51	21.47	0.01	17	36499	买盘
13:45:48	21.46	-0.01	6	13605	卖盘
13:45:45	21.47	--	19	40793	买盘
13:45:39	21.47	0.01	15	32205	买盘
13:45:36	21.46	-0.01	10	21460	卖盘
13:45:30	21.47	--	10	21470	买盘
13:45:27	21.47	--	19	40793	买盘
13:45:15	21.47	-0.01	76	163172	卖盘
13:45:12	21.48	--	14	30072	买盘
13:45:09	21.48	--	3	6444	买盘
13:45:03	21.48	--	1	2148	买盘
13:44:57	21.48	0.01	32	68736	买盘
13:44:48	21.47	--	1	2147	卖盘
13:44:45	21.47	-0.01	4	8588	卖盘
13:44:42	21.48	--	3	6444	买盘
13:44:30	21.48	0.01	3	6444	买盘
13:44:27	21.47	--	1	2147	卖盘
13:44:18	21.47	-0.01	53	113791	卖盘
13:44:15	21.48	--	1	2148	买盘
13:44:12	21.48	0.02	2	4296	买盘
13:44:09	21.46	-0.01	500	1073000	卖盘
13:44:06	21.47	-0.01	6	12882	卖盘
13:44:03	21.48	--	5	10740	买盘
13:44:00	21.48	--	18	38664	买盘
13:43:57	21.48	--	23	49404	买盘
13:43:54	21.48	--	5	10740	买盘
13:43:51	21.48	--	13	27924	买盘
13:43:45	21.48	--	18	38664	买盘
13:43:42	21.48	--	42	90216	买盘
13:43:39	21.48	--	30	64440	买盘
13:43:36	21.48	--	87	186876	卖盘
13:43:27	21.48	--	16	34368	卖盘
13:43:24	21.48	-0.01	7	15036	卖盘
13:43:21	21.49	--	9	19341	买盘
13:43:18	21.49	--	7	15042	买盘
13:43:15	21.49	0.01	2	4298	买盘
13:43:12	21.48	-0.01	75	161100	卖盘
13:43:03	21.49	--	71	152579	买盘
13:43:00	21.49	0.01	50	107449	买盘
13:42:51	21.48	-0.01	1	2148	卖盘
13:42:48	21.49	--	3	6446	买盘
13:42:45	21.49	0.01	10	21490	买盘
13:42:42	21.48	-0.01	3	6444	卖盘
13:42:30	21.49	--	8	17192	买盘
13:42:27	21.49	--	20	42980	买盘
13:42:21	21.49	0.01	5	10745	买盘
13:42:18	21.48	-0.01	9	19332	卖盘
13:42:12	21.49	--	10	21490	买盘
13:42:06	21.49	--	20	42980	买盘
13:42:03	21.49	--	1	2149	买盘
13:41:57	21.49	--	5	10745	买盘
13:41:54	21.49	--	28	60171	买盘
13:41:48	21.49	0.01	4	8596	买盘
13:41:42	21.48	--	13	27924	卖盘
13:41:36	21.48	0.01	18	38664	买盘
13:41:30	21.47	--	1	2147	卖盘
13:41:15	21.47	--	20	42940	中性盘
13:40:54	21.47	0.01	26	55822	买盘
13:40:36	21.46	0.01	4	8584	买盘
13:40:33	21.45	-0.01	2	4290	卖盘
13:40:30	21.46	--	20	42920	买盘
13:40:27	21.46	--	5	10730	买盘
13:40:24	21.46	--	23	49358	买盘
13:40:21	21.46	--	208	446368	卖盘
13:40:18	21.46	-0.03	29	62234	卖盘
13:40:15	21.49	0.02	8	17192	买盘
13:40:12	21.47	--	4	8588	卖盘
13:40:09	21.47	0.01	42	90174	买盘
13:40:06	21.46	--	10	21460	卖盘
13:40:03	21.46	-0.01	5	10730	卖盘
13:40:00	21.47	--	3	6441	买盘
13:39:57	21.47	0.01	9	19323	买盘
13:39:54	21.46	--	10	21460	卖盘
13:39:51	21.46	-0.01	1	2146	卖盘
13:39:48	21.47	0.01	2	4294	中性盘
13:39:42	21.46	-0.01	12	25752	卖盘
13:39:36	21.47	-0.02	1	2147	卖盘
13:39:33	21.49	0.03	5	10745	买盘
13:39:30	21.46	-0.01	51	109446	卖盘
13:39:21	21.47	0.01	36	77292	买盘
13:39:18	21.46	-0.01	2	4292	卖盘
13:39:15	21.47	--	1	2147	买盘
13:39:06	21.47	--	10	21470	买盘
13:39:03	21.47	-0.03	364	781508	卖盘
13:38:57	21.5	--	5	10750	买盘
13:38:48	21.5	--	36	77421	卖盘
13:38:45	21.5	--	9	19350	卖盘
13:38:33	21.5	--	30	64500	卖盘
13:38:18	21.5	--	50	107500	卖盘
13:38:15	21.5	--	33	73078	买盘
13:38:06	21.5	--	5	10750	买盘
13:38:03	21.5	--	4	8600	买盘
13:38:00	21.5	-0.01	2	4321	卖盘
13:37:57	21.51	0.01	1	2151	买盘
13:37:48	21.5	--	254	548228	买盘
13:37:39	21.5	--	9	19350	买盘
13:37:36	21.5	--	2	4300	买盘
13:37:33	21.5	0.01	13	27950	买盘
13:37:30	21.49	-0.01	48	103151	卖盘
13:37:24	21.5	0.01	8	17200	买盘
13:37:21	21.49	-0.01	11	23639	卖盘
13:37:18	21.5	0.01	5	10750	买盘
13:37:15	21.49	--	6	12893	卖盘
13:37:09	21.49	--	1	2149	卖盘
13:37:03	21.49	-0.01	9	19341	卖盘
13:37:00	21.5	--	6	12900	买盘
13:36:57	21.5	--	1	2150	买盘
13:36:54	21.5	--	10	21500	买盘
13:36:51	21.5	0.01	18	38700	买盘
13:36:48	21.49	--	1	2149	卖盘
13:36:45	21.49	--	1	2149	卖盘
13:36:39	21.49	--	2	4298	卖盘
13:36:36	21.49	--	25	53724	卖盘
13:36:18	21.49	0.01	41	88109	买盘
13:36:15	21.48	--	1	2148	卖盘
13:36:12	21.48	--	7	15036	卖盘
13:35:54	21.48	-0.01	2	4296	卖盘
13:35:51	21.49	0.01	13	27936	买盘
13:35:48	21.48	-0.01	10	21480	卖盘
13:35:39	21.49	--	2	4298	买盘
13:35:36	21.49	--	183	393267	卖盘
13:35:30	21.49	--	35	75215	卖盘
13:35:27	21.49	0.01	136	292264	买盘
13:35:24	21.48	--	2	4296	卖盘
13:34:57	21.48	--	1	2148	卖盘
13:34:54	21.48	-0.01	1	2148	卖盘
13:34:48	21.49	0.02	5	10745	买盘
13:34:45	21.47	-0.01	29	62263	卖盘
13:34:42	21.48	--	6	12888	买盘
13:34:39	21.48	0.01	12	25776	买盘
13:34:33	21.47	-0.01	3	6441	卖盘
13:34:30	21.48	0.01	11	23628	买盘
13:34:27	21.47	-0.01	8	17176	卖盘
13:34:21	21.48	0.01	11	23628	买盘
13:34:12	21.47	--	22	47234	卖盘
13:34:09	21.47	-0.01	2	4294	卖盘
13:34:06	21.48	--	23	49404	买盘
13:34:03	21.48	--	1	2148	买盘
13:34:00	21.48	--	20	42960	买盘
13:33:51	21.48	--	30	64440	买盘
13:33:45	21.48	--	8	17184	买盘
13:33:42	21.48	--	5	10740	买盘
13:33:39	21.48	--	10	21480	买盘
13:33:36	21.48	--	12	25776	买盘
13:33:33	21.48	-0.01	60	128880	卖盘
13:33:30	21.49	-0.01	2	4298	卖盘
13:33:12	21.5	0.01	100	215000	买盘
13:33:09	21.49	0.01	2	4298	买盘
13:33:03	21.48	-0.01	4	8592	卖盘
13:32:57	21.49	--	10	21490	中性盘
13:32:45	21.49	--	2	4298	卖盘
13:32:42	21.49	--	4	8596	卖盘
13:32:36	21.49	--	5	10745	卖盘
13:32:33	21.49	--	6	12893	卖盘
13:32:27	21.49	--	1	2149	卖盘
13:32:24	21.49	0.01	13	27936	买盘
13:32:21	21.48	-0.01	6	12888	卖盘
13:32:12	21.49	--	15	32234	买盘
13:32:09	21.49	--	11	23639	买盘
13:32:00	21.49	0.02	4	8596	买盘
13:31:57	21.47	-0.02	30	64410	卖盘
13:31:54	21.49	0.01	6	12893	买盘
13:31:51	21.48	--	1	2148	卖盘
13:31:48	21.48	--	15	32220	中性盘
13:31:39	21.48	--	25	53700	买盘
13:31:33	21.48	--	23	49404	买盘
13:31:30	21.48	-0.01	199	427452	卖盘
13:31:18	21.49	--	2	4298	卖盘
13:31:15	21.49	-0.01	48	103151	卖盘
13:31:09	21.5	0.01	18	38700	买盘
13:31:06	21.49	--	1	2149	卖盘
13:31:00	21.49	-0.01	5	10745	卖盘
13:30:57	21.5	0.01	67	144050	买盘
13:30:54	21.49	--	2	4298	卖盘
13:30:51	21.49	--	4	8596	买盘
13:30:42	21.49	0.01	6	12893	买盘
13:30:36	21.48	--	29	62292	卖盘
13:30:30	21.48	--	10	21480	卖盘
13:30:18	21.48	-0.01	2	4296	卖盘
13:30:12	21.49	--	19	40831	买盘
13:30:03	21.49	--	1	2149	买盘
13:30:00	21.49	0.01	5	10745	买盘
13:29:57	21.48	--	1	2148	卖盘
13:29:51	21.48	--	39	83772	买盘
13:29:48	21.48	0.01	10	21480	买盘
13:29:45	21.47	-0.01	13	27911	卖盘
13:29:42	21.48	--	20	42960	买盘
13:29:39	21.48	--	53	113844	买盘
13:29:33	21.48	0.01	5	10740	买盘
13:29:30	21.47	-0.01	4	8588	买盘
13:29:27	21.48	0.01	3	6444	买盘
13:29:24	21.47	-0.01	19	40793	卖盘
13:29:18	21.48	--	7	15036	买盘
13:29:12	21.48	0.01	4	8592	买盘
13:29:09	21.47	-0.01	1	2147	中性盘
13:29:03	21.48	0.02	8	17184	买盘
13:29:00	21.46	-0.01	53	113738	卖盘
13:28:54	21.47	-0.01	1	2147	卖盘
13:28:51	21.48	--	12	25776	买盘
13:28:48	21.48	0.01	7	15036	买盘
13:28:45	21.47	0.01	13	27911	中性盘
13:28:27	21.46	-0.01	48	103008	卖盘
13:28:24	21.47	--	22	47234	买盘
13:28:21	21.47	--	13	27911	买盘
13:28:09	21.47	--	31	66557	买盘
13:28:06	21.47	-0.01	103	221141	卖盘
13:28:03	21.48	--	4	8592	买盘
13:27:54	21.48	--	10	21480	买盘
13:27:48	21.48	-0.02	104	223392	卖盘
13:27:45	21.5	--	1	2150	买盘
13:27:30	21.5	--	15	32250	买盘
13:27:27	21.5	--	19	40850	买盘
13:27:21	21.5	-0.05	233	500950	卖盘
13:27:15	21.55	--	35	75425	买盘
13:27:12	21.55	--	1	2155	买盘
13:27:00	21.55	0.01	56	120680	买盘
13:26:57	21.54	0.02	33	71082	买盘
13:26:54	21.52	--	11	23672	买盘
13:26:48	21.52	--	13	27976	买盘
13:26:45	21.52	0.02	2	4304	买盘
13:26:39	21.5	0.02	17	36550	买盘
13:26:30	21.48	-0.02	5	10740	卖盘
13:26:27	21.5	0.01	106	227900	买盘
13:26:24	21.49	0.01	3	6446	中性盘
13:26:15	21.48	--	28	60144	卖盘
13:26:12	21.48	--	57	122436	买盘
13:26:09	21.48	0.01	14	30072	买盘
13:26:06	21.47	--	10	21470	卖盘
13:26:03	21.47	--	41	88027	卖盘
13:25:57	21.47	--	28	60116	卖盘
13:25:54	21.47	-0.01	13	27911	卖盘
13:25:51	21.48	0.01	20	42960	买盘
13:25:48	21.47	-0.01	4	8588	卖盘
13:25:45	21.48	0.01	21	45108	买盘
13:25:42	21.47	--	10	21470	卖盘
13:25:39	21.47	-0.01	16	34352	卖盘
13:25:33	21.48	0.01	10	21480	买盘
13:25:30	21.47	--	5	10735	卖盘
13:25:27	21.47	--	14	30058	卖盘
13:25:24	21.47	-0.01	6	12882	卖盘
13:25:21	21.48	--	20	42960	买盘
13:25:18	21.48	--	49	105252	买盘
13:25:15	21.48	0.01	12	25776	买盘
13:25:12	21.47	-0.01	10	21470	卖盘
13:25:06	21.48	--	29	62292	买盘
13:25:03	21.48	-0.02	23	49404	卖盘
13:25:00	21.5	0.02	5	10750	买盘
13:24:51	21.48	--	3	6444	卖盘
13:24:48	21.48	--	37	79476	买盘
13:24:45	21.48	--	25	53700	买盘
13:24:36	21.48	--	1	2148	买盘
13:24:33	21.48	0.01	10	21480	买盘
13:24:21	21.47	0.01	3	6441	买盘
13:24:18	21.46	0.01	5	10730	中性盘
13:24:12	21.45	-0.01	25	53625	卖盘
13:24:06	21.46	0.01	31	66526	买盘
13:23:57	21.45	--	15	32175	卖盘
13:23:54	21.45	--	34	72930	买盘
13:23:48	21.45	--	20	42900	买盘
13:23:45	21.45	--	22	47190	买盘
13:23:42	21.45	-0.01	228	489060	卖盘
13:23:39	21.46	-0.02	16	34336	中性盘
13:23:33	21.48	0.03	43	92364	买盘
13:23:27	21.45	-0.02	1	2145	卖盘
13:23:21	21.47	0.02	14	30058	买盘
13:23:18	21.45	-0.01	4	8580	卖盘
13:23:15	21.46	0.01	32	68672	买盘
13:23:12	21.45	--	6	12870	卖盘
13:23:09	21.45	--	11	23595	买盘
13:23:06	21.45	0.01	11	23595	买盘
13:23:03	21.44	-0.01	23	49312	卖盘
13:22:57	21.45	--	51	109395	卖盘
13:22:54	21.45	0.01	6	12870	中性盘
13:22:48	21.44	--	9	19296	卖盘
13:22:45	21.44	--	55	119742	卖盘
13:22:42	21.44	-0.01	1	2144	卖盘
13:22:39	21.45	--	10	21450	买盘
13:22:36	21.45	0.01	6	12870	买盘
13:22:33	21.44	-0.01	10	21440	卖盘
13:22:30	21.45	--	11	23595	买盘
13:22:27	21.45	-0.01	19	40755	卖盘
13:22:24	21.46	0.01	20	42920	买盘
13:22:21	21.45	--	26	55770	卖盘
13:22:18	21.45	--	4	8580	卖盘
13:22:15	21.45	--	1	2145	卖盘
13:22:03	21.45	-0.01	50	107250	卖盘
13:21:57	21.46	--	2	4292	卖盘
13:21:54	21.46	-0.02	3	6438	卖盘
13:21:42	21.48	-0.02	11	23628	中性盘
13:21:39	21.5	--	70	150500	买盘
13:21:36	21.5	--	41	88150	买盘
13:21:30	21.5	--	55	118250	买盘
13:21:24	21.5	--	119	255850	买盘
13:21:15	21.5	--	4	8600	买盘
13:21:09	21.5	-0.05	277	595872	卖盘
13:21:03	21.55	--	1	2155	中性盘
13:21:00	21.55	0.03	2	4310	卖盘
13:20:57	21.52	0.01	4	8608	中性盘
13:20:51	21.51	-0.01	20	43020	卖盘
13:20:48	21.52	--	17	36584	卖盘
13:20:39	21.52	-0.05	3	6456	卖盘
13:20:27	21.57	-0.01	9	19413	中性盘
13:20:21	21.58	0.05	23	49633	买盘
13:20:18	21.53	-0.04	460	990380	卖盘
13:20:15	21.57	-0.01	4	8628	卖盘
13:20:09	21.58	0.01	10	21580	买盘
13:20:06	21.57	--	10	21570	卖盘
13:20:03	21.57	--	5	10785	卖盘
13:20:00	21.57	--	11	23727	卖盘
13:19:54	21.57	--	1	2157	卖盘
13:19:51	21.57	0.01	5	10785	买盘
13:19:45	21.56	--	15	32339	买盘
13:19:39	21.56	--	1	2156	买盘
13:19:33	21.56	--	6	12936	卖盘
13:19:27	21.56	-0.04	1	2156	卖盘
13:19:24	21.6	0.03	9	19440	买盘
13:19:18	21.57	-0.03	1	2157	中性盘
13:19:15	21.6	0.04	300	648000	买盘
13:19:12	21.56	-0.01	1	2156	卖盘
13:19:09	21.57	0.01	16	34512	中性盘
13:19:06	21.56	--	7	15092	卖盘
13:19:00	21.56	--	18	38808	卖盘
13:18:54	21.56	--	5	10780	卖盘
13:18:51	21.56	--	5	10780	卖盘
13:18:48	21.56	0.01	31	66836	买盘
13:18:45	21.55	--	25	53875	卖盘
13:18:36	21.55	0.02	26	56030	买盘
13:18:30	21.53	--	2	4306	卖盘
13:18:27	21.53	-0.02	1	2153	卖盘
13:18:24	21.55	0.02	2	4310	买盘
13:18:21	21.53	--	15	32295	卖盘
13:18:18	21.53	--	10	21530	卖盘
13:18:15	21.53	--	52	111956	买盘
13:18:12	21.53	--	6	12918	买盘
13:18:09	21.53	0.01	20	43060	买盘
13:17:57	21.52	0.01	21	45192	买盘
13:17:54	21.51	-0.01	6	12906	中性盘
13:17:45	21.52	0.02	10	21520	买盘
13:17:42	21.5	--	6	12900	卖盘
13:17:33	21.5	--	10	21500	卖盘
13:17:30	21.5	0.03	82	178127	买盘
13:17:27	21.47	-0.02	10	21470	卖盘
13:17:24	21.49	0.02	30	64469	买盘
13:17:21	21.47	-0.02	2	4294	卖盘
13:17:15	21.49	0.02	2	4298	中性盘
13:17:12	21.47	-0.02	40	85880	卖盘
13:17:09	21.49	0.02	9	19341	买盘
13:17:00	21.47	-0.03	4	8588	卖盘
13:16:57	21.5	0.04	50	107500	买盘
13:16:51	21.46	-0.03	30	64380	卖盘
13:16:48	21.49	0.02	30	64469	买盘
13:16:45	21.47	0.01	3	6441	中性盘
13:16:39	21.46	--	15	32190	卖盘
13:16:36	21.46	0.01	85	182410	买盘
13:16:33	21.45	--	5	10725	卖盘
13:16:30	21.45	-0.01	8	17160	卖盘
13:16:27	21.46	--	203	435638	买盘
13:16:24	21.46	--	11	23606	卖盘
13:16:18	21.46	--	13	27898	卖盘
13:16:15	21.46	--	4	8584	卖盘
13:16:12	21.46	-0.01	40	85840	卖盘
13:16:06	21.47	--	19	40793	卖盘
13:16:03	21.47	-0.01	10	21470	卖盘
13:15:57	21.48	--	50	107400	买盘
13:15:54	21.48	-0.01	77	165396	卖盘
13:15:51	21.49	--	19	40831	买盘
13:15:39	21.49	--	11	23639	卖盘
13:15:36	21.49	--	17	36533	卖盘
13:15:33	21.49	--	12	25787	卖盘
13:15:30	21.49	-0.01	4	8596	卖盘
13:15:27	21.5	0.01	22	47300	买盘
13:15:18	21.49	-0.01	30	64469	卖盘
13:15:12	21.5	--	10	21500	买盘
13:15:09	21.5	-0.01	237	509872	卖盘
13:15:06	21.51	-0.01	36	77436	卖盘
13:15:03	21.52	--	1	2152	卖盘
13:15:00	21.52	-0.01	79	170008	卖盘
13:14:54	21.53	--	30	64590	买盘
13:14:51	21.53	0.01	70	150710	买盘
13:14:48	21.52	--	18	38736	卖盘
13:14:45	21.52	-0.01	5	10760	卖盘
13:14:42	21.53	0.01	86	185158	买盘
13:14:36	21.52	-0.01	9	19368	卖盘
13:14:33	21.53	--	2	4306	买盘
13:14:30	21.53	0.01	20	43060	买盘
13:14:24	21.52	-0.01	41	88232	卖盘
13:14:21	21.53	-0.02	21	45213	卖盘
13:14:15	21.55	0.02	2	4310	买盘
13:14:09	21.53	0.01	3	6459	中性盘
13:14:03	21.52	-0.03	69	148488	卖盘
13:14:00	21.55	0.03	16	34480	买盘
13:13:48	21.52	--	25	53800	买盘
13:13:42	21.52	--	805	1732360	卖盘
13:13:36	21.52	--	95	204440	卖盘
13:13:33	21.52	--	24	51648	卖盘
13:13:27	21.52	0.01	24	51648	卖盘
13:13:18	21.51	--	12	25812	买盘
13:13:15	21.51	--	5	10755	买盘
13:13:12	21.51	--	1	2151	买盘
13:13:09	21.51	-0.02	182	391482	卖盘
13:13:00	21.53	0.01	5	10765	卖盘
13:12:57	21.52	-0.02	20	43040	中性盘
13:12:48	21.54	0.02	33	71082	买盘
13:12:45	21.52	--	25	53800	卖盘
13:12:42	21.52	--	38	81776	卖盘
13:12:33	21.52	--	12	25824	卖盘
13:12:30	21.52	--	2	4304	卖盘
13:12:27	21.52	0.01	33	71016	买盘
13:12:24	21.51	--	3	6453	卖盘
13:12:21	21.51	--	30	64530	卖盘
13:12:18	21.51	--	106	228006	卖盘
13:12:15	21.51	-0.01	20	43020	卖盘
13:12:09	21.52	--	30	64560	买盘
13:12:03	21.52	-0.02	233	501416	卖盘
13:12:00	21.54	0.01	79	170166	卖盘
13:11:57	21.53	-0.01	70	150710	卖盘
13:11:45	21.54	-0.03	21	45234	卖盘
13:11:42	21.57	0.02	20	43140	买盘
13:11:39	21.55	--	10	21550	买盘
13:11:36	21.55	-0.01	36	77580	卖盘
13:11:30	21.56	--	8	17248	卖盘
13:11:27	21.56	-0.01	1	2156	卖盘
13:11:24	21.57	0.02	10	21570	买盘
13:11:21	21.55	-0.01	10	21550	卖盘
13:11:18	21.56	0.01	12	25872	买盘
13:11:15	21.55	--	5	10775	卖盘
13:11:12	21.55	--	4	8620	卖盘
13:11:09	21.55	--	2	4310	卖盘
13:11:06	21.55	--	44	94820	买盘
13:11:03	21.55	--	11	23705	买盘
13:10:57	21.55	-0.01	8	17240	买盘
13:10:51	21.56	0.01	20	43120	买盘
13:10:45	21.55	-0.01	127	273685	卖盘
13:10:42	21.56	--	15	32339	买盘
13:10:39	21.56	--	60	129359	卖盘
13:10:36	21.56	--	34	73304	卖盘
13:10:33	21.56	--	17	36652	卖盘
13:10:30	21.56	--	2	4312	卖盘
13:10:27	21.56	--	30	64679	卖盘
13:10:24	21.56	-0.01	22	47432	中性盘
13:10:18	21.57	0.02	1	2157	买盘
13:10:15	21.55	--	64	137920	卖盘
13:10:09	21.55	-0.02	79	170245	卖盘
13:10:06	21.57	--	19	40983	买盘
13:10:00	21.57	--	5	10785	买盘
13:09:51	21.57	0.01	19	40983	买盘
13:09:48	21.56	-0.02	260	560560	卖盘
13:09:45	21.58	0.01	58	125163	买盘
13:09:42	21.57	-0.01	6	12942	卖盘
13:09:39	21.58	--	33	71214	买盘
13:09:36	21.58	--	5	10790	买盘
13:09:33	21.58	--	16	34528	买盘
13:09:30	21.58	--	6	12947	买盘
13:09:27	21.58	-0.02	94	203585	卖盘
13:09:24	21.6	--	4	8640	卖盘
13:09:21	21.6	0.01	124	269265	买盘
13:09:18	21.59	--	15	32385	卖盘
13:09:15	21.59	--	6	12954	卖盘
13:09:09	21.59	--	1	2159	卖盘
13:09:06	21.59	0.02	13	28067	买盘
13:09:03	21.57	-0.01	305	657885	卖盘
13:08:57	21.58	0.01	10	21580	买盘
13:08:51	21.57	0.01	31	66867	买盘
13:08:45	21.56	-0.01	13	28028	卖盘
13:08:42	21.57	--	22	47454	买盘
13:08:39	21.57	-0.02	10	21570	买盘
13:08:36	21.59	-0.01	15	32385	中性盘
13:08:30	21.6	0.03	500	1080000	买盘
13:08:27	21.57	-0.01	22	48187	卖盘
13:08:24	21.58	--	38	82004	买盘
13:08:21	21.58	0.01	121	262542	买盘
13:08:15	21.57	-0.01	1	2157	卖盘
13:08:12	21.58	-0.01	186	401387	卖盘
13:08:06	21.59	0.01	6	12954	买盘
13:08:03	21.58	-0.01	34	73372	卖盘
13:08:00	21.59	0.01	15	32385	买盘
13:07:57	21.58	--	12	25895	卖盘
13:07:54	21.58	--	30	64739	卖盘
13:07:51	21.58	--	5	10790	卖盘
13:07:48	21.58	--	15	32369	买盘
13:07:45	21.58	--	3	6473	卖盘
13:07:42	21.58	--	2	4316	卖盘
13:07:39	21.58	--	16	34528	买盘
13:07:36	21.58	0.01	23	49633	买盘
13:07:33	21.57	--	2	4314	卖盘
13:07:30	21.57	-0.01	5	10785	卖盘
13:07:21	21.58	--	37	79846	买盘
13:07:18	21.58	--	10	21580	买盘
13:07:15	21.58	--	36	77688	卖盘
13:07:12	21.58	-0.01	27	58265	卖盘
13:07:06	21.59	0.01	4	8636	买盘
13:07:03	21.58	--	4	8632	卖盘
13:07:00	21.58	-0.01	1	2158	卖盘
13:06:54	21.59	0.01	3	6477	买盘
13:06:51	21.58	--	25	53949	卖盘
13:06:48	21.58	-0.01	51	110057	卖盘
13:06:45	21.59	--	21	45339	买盘
13:06:39	21.59	--	5	10795	买盘
13:06:36	21.59	0.01	11	23749	买盘
13:06:33	21.58	--	1	2158	卖盘
13:06:30	21.58	--	1	2158	卖盘
13:06:27	21.58	--	61	131638	卖盘
13:06:21	21.58	0.01	25	53949	买盘
13:06:18	21.57	--	14	30198	卖盘
13:06:15	21.57	--	12	25884	卖盘
13:06:12	21.57	-0.01	2	4314	卖盘
13:06:09	21.58	--	5	10790	买盘
13:06:06	21.58	--	3	6473	买盘
13:06:03	21.58	--	8	17264	买盘
13:06:00	21.58	--	1	2158	买盘
13:05:57	21.58	--	5	10790	买盘
13:05:54	21.58	-0.01	44	94951	卖盘
13:05:51	21.59	0.01	38	82042	买盘
13:05:48	21.58	-0.02	6	12947	卖盘
13:05:42	21.6	--	16	34560	买盘
13:05:39	21.6	--	100	216000	买盘
13:05:36	21.6	0.01	20	43200	买盘
13:05:33	21.59	--	11	23749	卖盘
13:05:30	21.59	--	10	21590	卖盘
13:05:24	21.59	--	15	32385	卖盘
13:05:21	21.59	--	37	79883	卖盘
13:05:18	21.59	--	1	2159	卖盘
13:05:15	21.59	-0.01	2	4318	卖盘
13:05:12	21.6	0.01	5	10800	买盘
13:05:09	21.59	-0.01	5	10795	卖盘
13:05:06	21.6	0.01	5	10800	买盘
13:05:03	21.59	--	44	94996	卖盘
13:05:00	21.59	-0.01	50	107950	卖盘
13:04:57	21.6	--	26	56160	买盘
13:04:54	21.6	-0.01	109	235440	卖盘
13:04:51	21.61	0.01	12	25932	买盘
13:04:48	21.6	--	5	10800	卖盘
13:04:42	21.6	--	1	2160	卖盘
13:04:39	21.6	--	18	38880	卖盘
13:04:36	21.6	0.01	9	19440	买盘
13:04:27	21.59	0.01	3	6477	卖盘
13:04:24	21.58	-0.01	12	25895	卖盘
13:04:21	21.59	--	3	6477	买盘
13:04:18	21.59	0.01	1	2159	买盘
13:04:06	21.58	0.01	3	6473	买盘
13:03:57	21.57	0.01	58	125106	买盘
13:03:51	21.56	0.01	2	4312	买盘
13:03:48	21.55	-0.02	44	94820	卖盘
13:03:45	21.57	--	3	6471	买盘
13:03:42	21.57	--	61	131577	买盘
13:03:39	21.57	0.01	2	4314	买盘
13:03:36	21.56	--	20	43120	卖盘
13:03:33	21.56	-0.02	30	64679	卖盘
13:03:30	21.58	--	8	17264	买盘
13:03:21	21.58	--	24	51791	卖盘
13:03:18	21.58	-0.01	78	168324	卖盘
13:03:06	21.59	-0.01	14	30226	卖盘
13:03:03	21.6	0.01	2	4320	买盘
13:03:00	21.59	-0.03	15	32385	卖盘
13:02:51	21.62	0.02	20	43240	买盘
13:02:48	21.6	--	18	38880	卖盘
13:02:42	21.6	-0.02	53	114480	卖盘
13:02:39	21.62	--	10	21620	买盘
13:02:36	21.62	--	50	108100	买盘
13:02:33	21.62	-0.01	56	121072	卖盘
13:02:30	21.63	0.01	18	38934	买盘
13:02:27	21.62	--	6	12972	卖盘
13:02:24	21.62	-0.01	43	92966	卖盘
13:02:21	21.63	0.01	40	86520	买盘
13:02:18	21.62	--	4	8648	卖盘
13:02:12	21.62	-0.01	108	233496	卖盘
13:02:09	21.63	--	17	36771	买盘
13:02:03	21.63	-0.01	127	274701	卖盘
13:02:00	21.64	0.01	12	25968	买盘
13:01:57	21.63	--	19	41097	卖盘
13:01:54	21.63	-0.01	24	51912	卖盘
13:01:45	21.64	--	15	32460	卖盘
13:01:39	21.64	-0.04	9	19476	卖盘
13:01:36	21.68	0.01	15	32520	买盘
13:01:30	21.67	-0.01	3	6501	卖盘
13:01:27	21.68	--	64	138752	卖盘
13:01:24	21.68	--	1	2168	卖盘
13:01:21	21.68	-0.01	20	43360	卖盘
13:01:18	21.69	-0.03	6	13014	买盘
13:01:15	21.72	0.03	50	108600	买盘
13:01:12	21.69	-0.03	28	60732	卖盘
13:01:09	21.72	0.02	141	306252	买盘
13:01:06	21.7	--	12	26040	买盘
13:01:03	21.7	--	2	4340	买盘
13:01:00	21.7	0.01	9	19530	买盘
13:00:57	21.69	-0.01	317	687573	卖盘
13:00:54	21.7	--	67	145390	买盘
13:00:51	21.7	--	10	21700	买盘
13:00:48	21.7	0.01	35	75950	买盘
13:00:45	21.69	--	4	8676	卖盘
13:00:42	21.69	--	42	91098	卖盘
13:00:39	21.69	0.01	16	34704	买盘
13:00:36	21.68	--	127	275336	买盘
13:00:33	21.68	--	30	65040	买盘
13:00:30	21.68	--	90	195120	买盘
13:00:27	21.68	0.02	6	13008	买盘
13:00:21	21.66	-0.02	5	10830	卖盘
13:00:15	21.68	0.02	1	2168	买盘
13:00:12	21.66	-0.01	5	10830	卖盘
13:00:09	21.67	0.02	37	80179	买盘
13:00:06	21.65	0.01	326	705790	买盘
13:00:03	21.64	0.02	970	2099080	中性盘
13:00:00	21.62	--	0	0	卖盘
11:30:00	21.62	--	0	0	卖盘
11:29:57	21.62	0.03	19	41078	买盘
11:29:54	21.59	-0.03	100	215900	卖盘
11:29:48	21.62	0.02	5	10810	中性盘
11:29:45	21.6	-0.06	111	239760	卖盘
11:29:42	21.66	0.03	27	58482	买盘
11:29:39	21.63	0.03	6	12978	卖盘
11:29:36	21.6	0.01	6	12960	中性盘
11:29:33	21.59	--	832	1796288	卖盘
11:29:30	21.59	--	16	34544	卖盘
11:29:27	21.59	--	149	321691	卖盘
11:29:24	21.59	0.01	49	105791	买盘
11:29:21	21.58	-0.01	114	246011	卖盘
11:29:18	21.59	--	15	32385	卖盘
11:29:15	21.59	-0.01	138	297942	卖盘
11:29:12	21.6	--	67	144720	买盘
11:29:09	21.6	--	60	129600	买盘
11:29:06	21.6	--	111	239760	买盘
11:29:00	21.6	0.01	144	311040	买盘
11:28:57	21.59	--	51	110109	买盘
11:28:54	21.59	-0.01	153	330327	中性盘
11:28:51	21.6	0.01	155	334800	买盘
11:28:45	21.59	0.01	67	144653	买盘
11:28:42	21.58	--	7	15105	卖盘
11:28:39	21.58	--	43	92793	卖盘
11:28:36	21.58	-0.01	108	233063	中性盘
11:28:33	21.59	0.01	30	64770	买盘
11:28:30	21.58	--	45	97109	卖盘
11:28:27	21.58	--	15	32369	卖盘
11:28:24	21.58	--	38	82004	卖盘
11:28:21	21.58	-0.01	10	21580	买盘
11:28:18	21.59	0.02	33	71247	买盘
11:28:15	21.57	0.02	2	4314	中性盘
11:28:09	21.55	-0.04	94	202570	卖盘
11:28:06	21.59	0.04	321	693039	买盘
11:28:03	21.55	0.01	5	10775	卖盘
11:28:00	21.54	-0.01	47	101238	卖盘
11:27:57	21.55	--	47	101285	买盘
11:27:54	21.55	0.01	41	88355	买盘
11:27:51	21.54	-0.01	11	23694	卖盘
11:27:48	21.55	0.01	10	21550	买盘
11:27:45	21.54	--	74	159396	买盘
11:27:42	21.54	--	44	94776	买盘
11:27:39	21.54	--	13	28002	买盘
11:27:36	21.54	0.01	11	23694	买盘
11:27:33	21.53	--	33	71049	买盘
11:27:30	21.53	0.01	46	99038	买盘
11:27:27	21.52	--	5	10760	卖盘
11:27:24	21.52	--	11	23672	卖盘
11:27:21	21.52	0.02	32	68864	买盘
11:27:18	21.5	--	40	86000	卖盘
11:27:15	21.5	--	25	53750	卖盘
11:27:12	21.5	-0.01	13	27950	卖盘
11:27:09	21.51	0.01	31	66681	买盘
11:27:06	21.5	--	1	2150	卖盘
11:27:03	21.5	--	10	23327	买盘
11:27:00	21.5	--	9	19350	买盘
11:26:57	21.5	--	80	172000	买盘
11:26:54	21.5	--	3	6450	买盘
11:26:51	21.5	--	9	19350	买盘
11:26:48	21.5	--	2	4300	买盘
11:26:45	21.5	--	84	180922	卖盘
11:26:42	21.5	--	10	23327	买盘
11:26:39	21.5	--	8	17200	卖盘
11:26:36	21.5	--	3	6450	卖盘
11:26:30	21.5	--	35	75250	买盘
11:26:27	21.5	0.02	7	15050	买盘
11:26:24	21.48	-0.01	84	180432	卖盘
11:26:21	21.49	--	1	2149	买盘
11:26:18	21.49	--	24	51575	卖盘
11:26:15	21.49	-0.01	1	2149	卖盘
11:26:12	21.5	0.01	2	4300	买盘
11:26:09	21.49	-0.01	10	21490	卖盘
11:26:03	21.5	--	63	135450	买盘
11:26:00	21.5	--	13	27950	买盘
11:25:57	21.5	--	5	10750	买盘
11:25:54	21.5	-0.04	341	733150	卖盘
11:25:51	21.54	--	24	51696	卖盘
11:25:48	21.54	--	103	221862	买盘
11:25:45	21.54	--	2	4308	买盘
11:25:42	21.54	--	2	4308	买盘
11:25:39	21.54	--	12	25848	卖盘
11:25:36	21.54	--	8	17232	卖盘
11:25:30	21.54	--	98	211092	买盘
11:25:21	21.54	0.03	17	36618	中性盘
11:25:15	21.51	--	42	90342	卖盘
11:25:06	21.51	-0.04	5	10755	卖盘
11:25:03	21.55	0.02	54	116370	买盘
11:25:00	21.53	0.02	45	96885	买盘
11:24:54	21.51	--	28	60228	卖盘
11:24:51	21.51	0.01	35	75285	买盘
11:24:48	21.5	--	8	17200	卖盘
11:24:45	21.5	--	3	6450	卖盘
11:24:42	21.5	--	33	70950	卖盘
11:24:39	21.5	0.01	196	421400	买盘
11:24:33	21.49	0.01	330	709170	买盘
11:24:30	21.48	-0.01	8	17184	卖盘
11:24:27	21.49	--	28	60171	买盘
11:24:24	21.49	0.01	45	96705	买盘
11:24:18	21.48	--	31	66588	卖盘
11:24:15	21.48	-0.01	1	2148	卖盘
11:24:12	21.49	0.01	29	62320	买盘
11:24:09	21.48	--	7	15036	卖盘
11:24:06	21.48	-0.01	55	118140	卖盘
11:24:03	21.49	0.01	20	42980	买盘
11:23:57	21.48	0.01	38	81624	买盘
11:23:51	21.47	--	10	21470	卖盘
11:23:48	21.47	--	71	152437	买盘
11:23:45	21.47	0.01	21	45087	买盘
11:23:42	21.46	-0.01	24	51504	卖盘
11:23:39	21.47	0.01	5	10735	买盘
11:23:27	21.46	--	57	122322	买盘
11:23:24	21.46	--	1	2146	买盘
11:23:21	21.46	0.01	18	38628	买盘
11:23:18	21.45	--	10	21450	卖盘
11:23:15	21.45	--	51	109395	买盘
11:23:12	21.45	--	9	19305	买盘
11:23:09	21.45	--	24	51480	买盘
11:23:06	21.45	--	2	4290	买盘
11:23:03	21.45	0.01	36	77220	买盘
11:23:00	21.44	-0.01	39	83616	卖盘
11:22:57	21.45	0.01	22	47190	买盘
11:22:54	21.44	--	11	23584	卖盘
11:22:51	21.44	--	30	64320	买盘
11:22:48	21.44	--	4	8576	买盘
11:22:45	21.44	--	33	70752	买盘
11:22:42	21.44	--	20	42880	卖盘
11:22:39	21.44	0.01	53	113632	买盘
11:22:36	21.43	-0.01	20	42860	卖盘
11:22:27	21.44	-0.01	18	38592	卖盘
11:22:24	21.45	0.01	8	17160	买盘
11:22:21	21.44	-0.01	85	182240	卖盘
11:22:18	21.45	-0.01	24	51480	卖盘
11:22:15	21.46	0.01	9	19314	买盘
11:22:12	21.45	--	38	81510	卖盘
11:22:09	21.45	--	43	92235	卖盘
11:22:06	21.45	0.01	10	21450	中性盘
11:22:03	21.44	-0.02	18	38592	卖盘
11:21:57	21.46	0.01	40	85840	买盘
11:21:51	21.45	--	1	2145	买盘
11:21:48	21.45	-0.02	3	6435	买盘
11:21:45	21.47	0.02	50	107350	买盘
11:21:42	21.45	--	32	68640	卖盘
11:21:39	21.45	-0.02	2	4290	卖盘
11:21:33	21.47	0.02	3	6441	买盘
11:21:30	21.45	-0.01	85	182325	卖盘
11:21:27	21.46	--	10	21460	卖盘
11:21:24	21.46	--	82	175972	卖盘
11:21:21	21.46	--	3	6438	卖盘
11:21:18	21.46	--	32	68672	卖盘
11:21:15	21.46	-0.01	12	25752	卖盘
11:21:12	21.47	0.01	30	64410	买盘
11:21:09	21.46	-0.01	53	113738	卖盘
11:21:06	21.47	-0.01	21	45087	中性盘
11:21:00	21.48	0.01	15	32220	买盘
11:20:57	21.47	--	33	70851	买盘
11:20:54	21.47	-0.01	64	137408	卖盘
11:20:51	21.48	--	11	23628	卖盘
11:20:48	21.48	0.01	26	55848	买盘
11:20:45	21.47	-0.02	2	4294	卖盘
11:20:42	21.49	--	28	60171	买盘
11:20:39	21.49	-0.01	15	32234	买盘
11:20:36	21.5	--	3	6450	买盘
11:20:33	21.5	0.03	51	109650	买盘
11:20:30	21.47	-0.03	3	6441	买盘
11:20:27	21.5	--	17	36550	买盘
11:20:24	21.5	--	89	191350	卖盘
11:20:21	21.5	--	50	107500	卖盘
11:20:18	21.5	--	39	83850	卖盘
11:20:15	21.5	0.03	192	412800	买盘
11:20:12	21.47	-0.03	43	92321	中性盘
11:20:09	21.5	0.03	28	60200	买盘
11:20:06	21.47	-0.03	15	32205	卖盘
11:20:03	21.5	--	2	4300	买盘
11:20:00	21.5	--	50	107500	买盘
11:19:57	21.5	-0.02	56	120400	卖盘
11:19:54	21.52	-0.01	97	208744	卖盘
11:19:51	21.53	0.01	23	49519	卖盘
11:19:48	21.52	--	76	163552	卖盘
11:19:45	21.52	-0.03	34	73168	卖盘
11:19:42	21.55	--	37	79735	买盘
11:19:39	21.55	--	187	402985	买盘
11:19:36	21.55	0.04	75	161625	买盘
11:19:33	21.51	-0.04	53	114003	卖盘
11:19:30	21.55	-0.04	212	456860	中性盘
11:19:27	21.59	0.07	328	708152	买盘
11:19:24	21.52	-0.06	84	180768	卖盘
11:19:21	21.58	-0.01	75	161850	卖盘
11:19:18	21.59	0.01	24	51816	买盘
11:19:15	21.58	--	93	200693	卖盘
11:19:12	21.58	0.01	125	269750	买盘
11:19:09	21.57	0.02	18	38826	买盘
11:19:06	21.55	0.03	57	122835	中性盘
11:19:03	21.52	-0.02	77	165704	卖盘
11:19:00	21.54	--	93	200322	卖盘
11:18:57	21.54	0.03	77	165858	买盘
11:18:54	21.51	--	112	240912	买盘
11:18:51	21.51	--	74	159174	买盘
11:18:48	21.51	--	43	92493	卖盘
11:18:45	21.51	0.01	41	88191	买盘
11:18:42	21.5	--	38	81700	卖盘
11:18:39	21.5	--	33	70950	卖盘
11:18:36	21.5	--	24	51600	卖盘
11:18:33	21.5	--	92	197800	买盘
11:18:30	21.5	--	119	255850	买盘
11:18:27	21.5	--	26	55900	买盘
11:18:24	21.5	--	117	251550	买盘
11:18:21	21.5	--	13	27950	买盘
11:18:18	21.5	0.03	423	909450	买盘
11:18:15	21.47	--	114	244758	卖盘
11:18:12	21.47	--	16	34352	卖盘
11:18:09	21.47	0.03	112	240464	买盘
11:18:06	21.44	--	21	45024	卖盘
11:18:03	21.44	0.03	21	45024	买盘
11:18:00	21.41	-0.03	24	51384	中性盘
11:17:57	21.44	0.04	468	1003392	买盘
11:17:54	21.4	0.01	15	32099	买盘
11:17:51	21.39	0.01	230	491970	买盘
11:17:48	21.38	0.03	168	359184	买盘
11:17:45	21.35	-0.01	53	113155	卖盘
11:17:42	21.36	--	24	51264	买盘
11:17:39	21.36	0.01	35	74760	买盘
11:17:33	21.35	0.02	327	698145	买盘
11:17:30	21.33	0.01	66	140778	买盘
11:17:27	21.32	--	11	23452	卖盘
11:17:24	21.32	-0.01	7	14924	买盘
11:17:21	21.33	0.02	200	426599	买盘
11:17:18	21.31	--	19	40489	卖盘
11:17:15	21.31	0.01	48	102288	卖盘
11:17:12	21.3	-0.01	38	80940	卖盘
11:17:09	21.31	0.01	25	53275	买盘
11:17:06	21.3	--	11	23430	卖盘
11:17:03	21.3	--	4	8520	卖盘
11:17:00	21.3	0.05	1679	3577079	买盘
11:16:57	21.25	-0.01	11	23375	卖盘
11:16:54	21.26	0.01	8	17008	买盘
11:16:51	21.25	--	2	4250	中性盘
11:16:45	21.25	--	42	89250	卖盘
11:16:42	21.25	--	7	14875	卖盘
11:16:36	21.25	--	100	212500	卖盘
11:16:33	21.25	-0.02	1	2125	卖盘
11:16:30	21.27	0.02	141	299907	买盘
11:16:21	21.25	-0.01	8	17000	卖盘
11:16:09	21.26	--	92	195592	卖盘
11:16:06	21.26	--	5	10630	卖盘
11:16:00	21.26	--	3	6378	买盘
11:15:57	21.26	--	60	127560	买盘
11:15:48	21.26	--	39	82914	买盘
11:15:45	21.26	0.01	2	4252	买盘
11:15:42	21.25	--	5	10625	卖盘
11:15:39	21.25	0.01	139	295375	买盘
11:15:33	21.24	0.01	5	10620	买盘
11:15:24	21.23	--	4	8492	卖盘
11:15:21	21.23	-0.01	4	8492	卖盘
11:15:18	21.24	0.01	37	78588	买盘
11:15:15	21.23	--	3	6369	卖盘
11:15:12	21.23	0.01	20	42460	买盘
11:15:06	21.22	--	10	21220	卖盘
11:15:03	21.22	--	12	25464	卖盘
11:14:48	21.22	--	13	27586	卖盘
11:14:30	21.22	--	2	4244	中性盘
11:14:21	21.22	0.01	50	106100	买盘
11:14:15	21.21	--	16	33936	卖盘
11:14:09	21.21	-0.01	4	8484	卖盘
11:14:06	21.22	0.01	23	48806	买盘
11:14:00	21.21	-0.01	1	2121	卖盘
11:13:57	21.22	0.01	45	95490	买盘
11:13:54	21.21	--	7	14847	卖盘
11:13:51	21.21	--	13	27573	卖盘
11:13:48	21.21	--	14	29694	买盘
11:13:45	21.21	--	12	25452	买盘
11:13:42	21.21	0.01	10	21210	买盘
11:13:36	21.2	--	3	6360	卖盘
11:13:33	21.2	--	1	2120	卖盘
11:13:30	21.2	--	8	16960	卖盘
11:13:27	21.2	--	6	12720	卖盘
11:13:15	21.2	--	22	46640	卖盘
11:13:12	21.2	--	51	108120	卖盘
11:13:09	21.2	--	6	12720	卖盘
11:13:06	21.2	--	3	6360	买盘
11:13:00	21.2	--	28	59360	买盘
11:12:54	21.2	--	3	6360	买盘
11:12:48	21.2	--	3	6360	买盘
11:12:45	21.2	--	2	4240	卖盘
11:12:39	21.2	--	19	40280	卖盘
11:12:33	21.2	--	10	21200	卖盘
11:12:27	21.2	-0.01	34	72080	卖盘
11:12:21	21.21	--	22	46662	买盘
11:12:18	21.21	--	3	6363	买盘
11:12:15	21.21	--	15	31815	买盘
11:12:09	21.21	--	24	50904	买盘
11:12:03	21.21	--	4	8484	买盘
11:12:00	21.21	--	25	53025	买盘
11:11:57	21.21	-0.01	73	154833	卖盘
11:11:51	21.22	0.01	3	6366	买盘
11:11:42	21.21	-0.01	23	48783	卖盘
11:11:39	21.22	--	2	4244	买盘
11:11:33	21.22	0.01	11	23342	买盘
11:11:30	21.21	--	4	8484	卖盘
11:11:27	21.21	-0.01	22	46662	卖盘
11:11:18	21.22	--	14	29708	买盘
11:11:15	21.22	--	12	25464	卖盘
11:11:06	21.22	-0.02	5	10610	卖盘
11:11:03	21.24	0.02	5	10620	买盘
11:11:00	21.22	--	56	118832	卖盘
11:10:57	21.22	-0.01	1	2122	卖盘
11:10:51	21.23	0.01	10	21230	买盘
11:10:45	21.22	-0.01	1	2122	卖盘
11:10:42	21.23	--	2	4246	买盘
11:10:36	21.23	0.01	2	4246	买盘
11:10:30	21.22	0.02	27	57294	买盘
11:10:27	21.2	--	2	4240	卖盘
11:10:18	21.2	--	25	53000	卖盘
11:10:15	21.2	--	12	25440	中性盘
11:09:54	21.2	0.01	10	21200	买盘
11:09:45	21.19	0.02	22	46618	买盘
11:09:42	21.17	-0.01	5	10585	卖盘
11:09:39	21.18	--	1	2118	卖盘
11:09:36	21.18	--	1	2118	卖盘
11:09:33	21.18	0.01	21	44478	卖盘
11:09:27	21.17	-0.02	20	42340	卖盘
11:09:24	21.19	0.01	19	40261	买盘
11:09:18	21.18	0.01	5	10590	买盘
11:09:15	21.17	--	7	14819	买盘
11:09:12	21.17	--	2	4234	买盘
11:09:06	21.17	-0.01	2	4234	卖盘
11:09:00	21.18	--	2	4236	买盘
11:08:54	21.18	0.01	10	21180	买盘
11:08:51	21.17	-0.01	1	2117	卖盘
11:08:39	21.18	-0.01	18	38124	卖盘
11:08:24	21.19	-0.01	366	775554	卖盘
11:08:21	21.2	--	7	14840	买盘
11:08:18	21.2	-0.01	73	154760	卖盘
11:08:09	21.21	-0.01	14	29694	卖盘
11:08:06	21.22	--	4	8488	卖盘
11:08:03	21.22	0.01	27	57294	中性盘
11:07:45	21.21	-0.02	2	4242	卖盘
11:07:42	21.23	--	13	29658	卖盘
11:07:39	21.23	--	4	8492	卖盘
11:07:33	21.23	--	5	10615	卖盘
11:07:30	21.23	--	21	44583	卖盘
11:07:21	21.23	--	20	42460	卖盘
11:07:12	21.23	-0.02	8	16984	卖盘
11:07:00	21.25	--	17	36125	卖盘
11:06:57	21.25	--	13	27625	卖盘
11:06:51	21.25	0.01	102	216750	买盘
11:06:48	21.24	0.01	9	19116	买盘
11:06:42	21.23	-0.02	20	42460	卖盘
11:06:39	21.25	0.02	5	10625	买盘
11:06:36	21.23	-0.02	8	16984	卖盘
11:06:24	21.25	0.02	20	42500	买盘
11:06:21	21.23	-0.02	23	48829	卖盘
11:06:06	21.25	--	5	10625	买盘
11:06:03	21.25	-0.02	53	112625	卖盘
11:06:00	21.27	0.01	105	223335	买盘
11:05:54	21.26	--	3	6378	买盘
11:05:51	21.26	0.02	18	38268	买盘
11:05:48	21.24	0.01	3	6371	卖盘
11:05:45	21.23	-0.03	20	42460	卖盘
11:05:42	21.26	0.01	12	25512	买盘
11:05:39	21.25	--	10	21250	买盘
11:05:36	21.25	--	4	8500	买盘
11:05:30	21.25	--	5	10625	卖盘
11:05:27	21.25	0.02	14	29750	买盘
11:05:24	21.23	-0.02	8	16984	卖盘
11:05:21	21.25	--	11	23375	卖盘
11:05:18	21.25	0.02	37	78625	买盘
11:05:15	21.23	--	10	21230	卖盘
11:05:12	21.23	0.01	3	6369	卖盘
11:05:09	21.22	-0.01	77	163394	卖盘
11:05:06	21.23	0.01	19	40337	买盘
11:05:03	21.22	--	1	2122	卖盘
11:04:57	21.22	--	5	10610	卖盘
11:04:48	21.22	0.03	70	148603	买盘
11:04:42	21.19	--	10	21190	卖盘
11:04:39	21.19	-0.02	9	19071	卖盘
11:04:36	21.21	0.03	9	19089	买盘
11:04:33	21.18	--	12	25416	买盘
11:04:30	21.18	-0.03	3	6354	卖盘
11:04:27	21.21	0.03	3	6363	买盘
11:04:24	21.18	--	3	6354	买盘
11:04:21	21.18	--	17	36006	卖盘
11:04:18	21.18	--	4	8472	卖盘
11:04:09	21.18	-0.03	8	16944	卖盘
11:04:06	21.21	0.01	16	33936	买盘
11:04:03	21.2	-0.01	4	10536	卖盘
11:03:57	21.21	0.01	2	4242	买盘
11:03:51	21.2	-0.01	10	21200	卖盘
11:03:45	21.21	-0.01	33	69993	卖盘
11:03:42	21.22	0.01	55	116710	买盘
11:03:39	21.21	--	8	16968	卖盘
11:03:36	21.21	--	10	21210	卖盘
11:03:30	21.21	-0.01	21	44541	卖盘
11:03:24	21.22	-0.01	354	751188	卖盘
11:03:18	21.23	--	3	6369	卖盘
11:03:12	21.23	-0.02	2	4246	卖盘
11:03:06	21.25	-0.01	45	95625	卖盘
11:03:03	21.26	--	44	93544	卖盘
11:03:00	21.26	--	3	6378	卖盘
11:02:57	21.26	-0.01	20	42520	卖盘
11:02:48	21.27	--	7	14889	卖盘
11:02:45	21.27	-0.01	14	29778	卖盘
11:02:42	21.28	--	5	10640	买盘
11:02:36	21.28	--	17	36176	卖盘
11:02:33	21.28	--	2	4256	卖盘
11:02:30	21.28	--	105	223440	卖盘
11:02:27	21.28	--	10	21280	卖盘
11:02:24	21.28	--	5	10640	卖盘
11:02:21	21.28	-0.01	41	87248	卖盘
11:02:18	21.29	--	12	25548	买盘
11:02:15	21.29	0.01	12	25548	买盘
11:02:12	21.28	0.01	40	85120	中性盘
11:02:06	21.27	-0.02	16	34032	卖盘
11:02:03	21.29	0.02	39	83031	买盘
11:02:00	21.27	-0.02	7	14889	卖盘
11:01:57	21.29	0.02	18	38322	买盘
11:01:54	21.27	-0.02	4	8508	卖盘
11:01:48	21.29	--	15	31935	买盘
11:01:45	21.29	--	4	8516	买盘
11:01:42	21.29	--	20	42580	买盘
11:01:39	21.29	--	24	51096	卖盘
11:01:36	21.29	0.02	24	51096	买盘
11:01:33	21.27	-0.03	1	2127	卖盘
11:01:30	21.3	0.02	442	942780	买盘
11:01:27	21.28	--	64	136192	卖盘
11:01:24	21.28	0.01	14	30600	卖盘
11:01:21	21.27	--	5	10635	卖盘
11:01:18	21.27	--	120	255240	卖盘
11:01:15	21.27	-0.01	4	8508	卖盘
11:01:12	21.28	--	86	183008	买盘
11:01:09	21.28	0.01	5	10640	买盘
11:01:06	21.27	--	57	121239	买盘
11:01:03	21.27	0.01	1	2127	买盘
11:00:57	21.26	0.01	62	131812	买盘
11:00:54	21.25	--	50	106250	卖盘
11:00:51	21.25	0.03	106	225250	买盘
11:00:48	21.22	--	13	27586	买盘
11:00:45	21.22	--	3	6366	买盘
11:00:42	21.22	0.01	25	53050	买盘
11:00:33	21.21	0.01	392	831495	买盘
11:00:30	21.2	--	11	23320	买盘
11:00:24	21.2	--	142	301040	买盘
11:00:21	21.2	--	20	42400	买盘
11:00:18	21.2	0.01	76	161438	买盘
11:00:15	21.19	--	1	2119	卖盘
11:00:12	21.19	--	3	6357	卖盘
11:00:09	21.19	--	2	4238	卖盘
11:00:06	21.19	--	13	29348	买盘
11:00:03	21.19	--	11	23309	买盘
11:00:00	21.19	--	12	25428	买盘
10:59:57	21.19	0.01	1	2119	买盘
10:59:48	21.18	-0.01	4	8472	中性盘
10:59:39	21.19	0.01	360	762840	买盘
10:59:30	21.18	0.01	50	105900	买盘
10:59:27	21.17	--	2	4234	买盘
10:59:18	21.17	--	5	10585	买盘
10:59:15	21.17	--	30	63510	买盘
10:59:09	21.17	--	2	4234	买盘
10:58:54	21.17	0.04	3	6351	买盘
10:58:48	21.13	-0.05	20	42260	卖盘
10:58:45	21.18	0.01	6	12708	买盘
10:58:39	21.17	-0.01	1	2117	卖盘
10:58:36	21.18	--	47	99546	买盘
10:58:33	21.18	--	3	6354	买盘
10:58:30	21.18	--	19	40242	买盘
10:58:27	21.18	--	14	29652	买盘
10:58:21	21.18	--	19	40242	买盘
10:58:15	21.18	--	7	14826	买盘
10:58:12	21.18	--	47	99546	卖盘
10:58:09	21.18	--	7	14826	卖盘
10:58:03	21.18	-0.01	2	4236	卖盘
10:58:00	21.19	0.01	8	16952	买盘
10:57:57	21.18	--	12	25416	卖盘
10:57:54	21.18	0.01	28	59304	买盘
10:57:48	21.17	-0.01	3	6351	卖盘
10:57:45	21.18	--	31	65658	买盘
10:57:42	21.18	--	30	63540	买盘
10:57:36	21.18	--	104	220272	买盘
10:57:33	21.18	-0.01	25	52950	卖盘
10:57:30	21.19	0.01	18	38142	买盘
10:57:27	21.18	--	35	74130	卖盘
10:57:18	21.18	-0.01	1	2118	卖盘
10:57:12	21.19	--	10	21190	买盘
10:57:09	21.19	0.01	2	4238	买盘
10:57:03	21.18	-0.01	6	12708	卖盘
10:57:00	21.19	--	20	42380	买盘
10:56:51	21.19	0.01	50	105950	买盘
10:56:48	21.18	0.01	150	317700	买盘
10:56:45	21.17	--	5	10585	卖盘
10:56:33	21.17	--	20	42340	卖盘
10:56:24	21.17	--	18	38106	卖盘
10:56:15	21.17	-0.01	1	2117	卖盘
10:56:12	21.18	--	12	25416	买盘
10:56:09	21.18	0.01	6	12708	买盘
10:56:06	21.17	--	2	4234	卖盘
10:56:03	21.17	--	61	129137	卖盘
10:56:00	21.17	--	2	4234	卖盘
10:55:57	21.17	0.03	230	486910	买盘
10:55:54	21.14	-0.01	1	2114	买盘
10:55:48	21.15	0.02	64	135360	买盘
10:55:45	21.13	-0.01	32	67616	卖盘
10:55:42	21.14	--	1	2114	卖盘
10:55:39	21.14	--	4	8456	卖盘
10:55:33	21.14	--	6	12684	买盘
10:55:30	21.14	--	31	65534	买盘
10:55:27	21.14	--	13	27482	卖盘
10:55:21	21.14	--	4	8456	买盘
10:55:18	21.14	0.01	40	84560	买盘
10:55:15	21.13	-0.01	18	38034	卖盘
10:55:12	21.14	0.01	8	16912	买盘
10:55:00	21.13	-0.01	2	4226	卖盘
10:54:57	21.14	0.01	3	6342	买盘
10:54:51	21.13	-0.01	28	59164	卖盘
10:54:48	21.14	0.01	4	8456	买盘
10:54:42	21.13	--	4	8452	卖盘
10:54:39	21.13	--	13	27469	卖盘
10:54:36	21.13	--	1	2113	卖盘
10:54:27	21.13	-0.01	3	6339	中性盘
10:54:12	21.14	-0.01	49	103586	卖盘
10:54:03	21.15	-0.01	170	359550	卖盘
10:54:00	21.16	--	1	2116	买盘
10:53:57	21.16	0.01	3	6348	买盘
10:53:51	21.15	--	20	42300	卖盘
10:53:42	21.15	--	23	48645	买盘
10:53:33	21.15	-0.02	24	50760	卖盘
10:53:30	21.17	0.02	13	27521	买盘
10:53:27	21.15	--	5	10575	卖盘
10:53:24	21.15	-0.02	2	4230	卖盘
10:53:21	21.17	0.01	11	23287	买盘
10:53:18	21.16	--	11	23276	买盘
10:53:15	21.16	-0.01	5	10580	卖盘
10:53:12	21.17	--	5	10585	买盘
10:53:09	21.17	--	5	10585	买盘
10:53:06	21.17	--	8	16936	买盘
10:53:03	21.17	0.01	1	2117	买盘
10:53:00	21.16	0.06	3	6348	买盘
10:52:57	21.1	-0.05	10	21100	卖盘
10:52:54	21.15	--	7	14804	买盘
10:52:51	21.15	0.05	11	23265	买盘
10:52:48	21.1	--	20	42200	卖盘
10:52:36	21.1	--	2	4220	卖盘
10:52:30	21.1	--	68	143480	买盘
10:52:27	21.1	--	29	61190	买盘
10:52:24	21.1	--	197	415670	买盘
10:52:21	21.1	--	30	63300	买盘
10:52:18	21.1	0.01	1000	2110000	买盘
10:52:15	21.09	-0.01	38	80142	卖盘
10:52:12	21.1	0.01	30	63300	买盘
10:52:09	21.09	-0.01	4	8436	卖盘
10:52:03	21.1	--	32	67520	买盘
10:51:57	21.1	--	20	42200	买盘
10:51:54	21.1	--	26	54860	买盘
10:51:51	21.1	--	25	52750	买盘
10:51:48	21.1	0.01	3	6330	买盘
10:51:39	21.09	-0.01	10	21090	卖盘
10:51:36	21.1	--	142	299620	买盘
10:51:33	21.1	--	19	40090	买盘
10:51:30	21.1	0.01	35	73850	买盘
10:51:27	21.09	--	4	8436	卖盘
10:51:24	21.09	-0.01	1	2109	卖盘
10:51:18	21.1	0.01	20	42200	买盘
10:51:15	21.09	-0.01	122	257298	卖盘
10:51:12	21.1	--	24	50640	买盘
10:51:00	21.1	0.01	23	48530	买盘
10:50:57	21.09	-0.01	53	111777	卖盘
10:50:42	21.1	0.02	3	6330	买盘
10:50:39	21.08	--	23	48652	买盘
10:50:36	21.08	--	14	31451	卖盘
10:50:33	21.08	--	10	21080	卖盘
10:50:30	21.08	--	19	40052	卖盘
10:50:27	21.08	--	11	23187	卖盘
10:50:18	21.08	-0.02	14	29511	卖盘
10:50:15	21.1	0.02	29	61190	买盘
10:50:12	21.08	-0.02	15	31788	卖盘
10:50:06	21.1	--	40	84400	卖盘
10:50:00	21.1	0.03	2	4220	中性盘
10:49:30	21.07	--	17	35819	卖盘
10:49:15	21.07	-0.03	18	39295	卖盘
10:49:12	21.1	0.02	10	21100	买盘
10:48:57	21.08	--	16	34465	卖盘
10:48:54	21.08	--	112	237466	卖盘
10:48:48	21.08	--	11	23187	卖盘
10:48:39	21.08	-0.01	17	35836	卖盘
10:48:36	21.09	--	4	8436	买盘
10:48:30	21.09	--	1	2109	买盘
10:48:27	21.09	--	4	8436	买盘
10:48:24	21.09	--	21	44289	买盘
10:48:15	21.09	-0.06	62	130758	卖盘
10:48:03	21.15	0.04	27	57104	买盘
10:47:54	21.11	--	9	18999	卖盘
10:47:51	21.11	-0.04	17	35887	卖盘
10:47:45	21.15	0.04	5	10575	买盘
10:47:42	21.11	-0.01	4	8444	中性盘
10:47:39	21.12	0.03	2	4224	买盘
10:47:27	21.09	-0.01	30	63270	卖盘
10:47:24	21.1	0.02	1	2110	中性盘
10:47:06	21.08	--	26	54807	卖盘
10:46:48	21.08	--	62	130695	卖盘
10:46:39	21.08	--	10	21080	卖盘
10:46:33	21.08	--	8	16864	买盘
10:46:27	21.08	-0.01	9	18972	买盘
10:46:24	21.09	-0.03	77	162393	卖盘
10:46:21	21.12	0.02	5	10560	买盘
10:46:15	21.1	-0.05	20	42200	卖盘
10:45:45	21.15	0.03	23	48645	买盘
10:45:42	21.12	--	2	4224	卖盘
10:45:27	21.12	-0.03	17	35904	卖盘
10:45:15	21.15	--	1	2115	买盘
10:45:12	21.15	--	4	8460	卖盘
10:45:09	21.15	-0.01	4	8460	卖盘
10:44:57	21.16	--	50	105800	卖盘
10:44:54	21.16	-0.01	8	16928	卖盘
10:44:51	21.17	--	9	19053	卖盘
10:44:48	21.17	-0.01	10	21170	卖盘
10:44:45	21.18	0.01	1	2118	买盘
10:44:42	21.17	-0.01	2	4234	卖盘
10:44:39	21.18	0.01	133	281694	买盘
10:44:36	21.17	--	5	10585	卖盘
10:44:33	21.17	--	5	10585	卖盘
10:44:30	21.17	--	8	16936	卖盘
10:44:27	21.17	-0.01	2	4234	卖盘
10:44:18	21.18	0.01	5	10590	买盘
10:44:15	21.17	-0.01	5	10585	卖盘
10:44:09	21.18	--	6	12708	买盘
10:43:57	21.18	--	14	29652	卖盘
10:43:54	21.18	--	5	10590	卖盘
10:43:51	21.18	0.01	44	93192	买盘
10:43:45	21.17	-0.02	11	23287	卖盘
10:43:42	21.19	0.01	87	184353	买盘
10:43:39	21.18	-0.01	41	86838	卖盘
10:43:36	21.19	-0.01	2	4238	中性盘
10:43:18	21.2	--	37	78440	买盘
10:43:12	21.2	--	3	6360	卖盘
10:43:09	21.2	--	12	25440	卖盘
10:43:06	21.2	-0.01	1	2120	卖盘
10:43:03	21.21	0.01	8	16968	买盘
10:42:57	21.2	-0.01	20	42400	卖盘
10:42:54	21.21	0.04	60	127260	买盘
10:42:51	21.17	-0.03	1	2117	卖盘
10:42:45	21.2	0.03	34	72080	买盘
10:42:36	21.17	-0.03	33	69861	卖盘
10:42:30	21.2	--	1	2120	卖盘
10:42:27	21.2	--	33	69960	卖盘
10:42:24	21.2	--	3	6360	卖盘
10:42:21	21.2	--	5	10600	卖盘
10:42:18	21.2	-0.01	4	8480	中性盘
10:42:15	21.21	--	70	148470	买盘
10:42:12	21.21	0.01	510	1081710	买盘
10:42:09	21.2	--	42	89040	买盘
10:42:06	21.2	0.03	65	137800	买盘
10:41:57	21.17	-0.03	7	14819	卖盘
10:41:54	21.2	0.04	39	82680	买盘
10:41:51	21.16	--	2	4232	卖盘
10:41:45	21.16	-0.01	5	10580	卖盘
10:41:42	21.17	0.02	1	2117	中性盘
10:41:39	21.15	--	22	46530	卖盘
10:41:36	21.15	-0.06	69	145935	卖盘
10:41:33	21.21	0.04	522	1108964	买盘
10:41:30	21.17	0.01	5	10585	买盘
10:41:21	21.16	--	30	63480	卖盘
10:41:18	21.16	--	15	31740	买盘
10:41:15	21.16	--	12	25392	卖盘
10:41:12	21.16	0.01	18	38088	买盘
10:41:09	21.15	-0.01	1	2115	卖盘
10:41:06	21.16	--	7	14812	卖盘
10:41:03	21.16	--	30	63480	买盘
10:41:00	21.16	0.01	10	21160	买盘
10:40:57	21.15	--	34	71910	卖盘
10:40:51	21.15	--	13	27494	卖盘
10:40:48	21.15	--	119	251684	卖盘
10:40:45	21.15	--	94	198810	卖盘
10:40:42	21.15	--	17	35955	卖盘
10:40:39	21.15	--	3	6345	卖盘
10:40:30	21.15	--	3	6345	卖盘
10:40:27	21.15	-0.01	21	44415	卖盘
10:40:24	21.16	0.01	6	12696	买盘
10:40:18	21.15	-0.01	24	50760	卖盘
10:40:15	21.16	0.01	10	21160	买盘
10:40:12	21.15	-0.02	47	99405	卖盘
10:40:09	21.17	--	53	112201	买盘
10:40:06	21.17	0.02	2	4234	买盘
10:39:54	21.15	--	4	8460	卖盘
10:39:48	21.15	--	30	63449	卖盘
10:39:45	21.15	--	5	10575	卖盘
10:39:42	21.15	--	36	76140	卖盘
10:39:39	21.15	--	5	10575	卖盘
10:39:36	21.15	--	8	16920	卖盘
10:39:33	21.15	0.01	92	194580	买盘
10:39:30	21.14	--	14	29596	卖盘
10:39:27	21.14	--	5	10570	卖盘
10:39:24	21.14	--	6	12684	卖盘
10:39:18	21.14	--	2	4228	买盘
10:39:15	21.14	-0.01	3	6342	买盘
10:39:06	21.15	--	5	10575	卖盘
10:39:03	21.15	-0.01	11	23265	卖盘
10:39:00	21.16	0.01	22	46552	买盘
10:38:57	21.15	--	1	2115	卖盘
10:38:54	21.15	0.01	9	19035	买盘
10:38:51	21.14	-0.01	27	57078	卖盘
10:38:45	21.15	0.01	11	23265	买盘
10:38:42	21.14	--	2	4228	卖盘
10:38:39	21.14	-0.01	1	2114	卖盘
10:38:36	21.15	0.02	34	71910	买盘
10:38:33	21.13	-0.01	5	10565	卖盘
10:38:30	21.14	--	48	101472	买盘
10:38:24	21.14	-0.01	90	190260	卖盘
10:38:18	21.15	0.02	15	31724	买盘
10:38:15	21.13	--	2	4226	卖盘
10:38:12	21.13	--	38	80294	卖盘
10:38:09	21.13	-0.01	26	54938	卖盘
10:38:06	21.14	0.01	5	10570	买盘
10:38:03	21.13	--	68	143684	买盘
10:38:00	21.13	0.01	37	78181	买盘
10:37:57	21.12	-0.01	2	4224	卖盘
10:37:54	21.13	0.01	89	188057	买盘
10:37:45	21.12	--	10	21120	买盘
10:37:27	21.12	0.04	514	1085568	买盘
10:37:24	21.08	--	1	2108	卖盘
10:37:21	21.08	--	1	2108	卖盘
10:37:15	21.08	0.02	19	40052	买盘
10:37:03	21.06	0.03	39	82134	买盘
10:36:51	21.03	0.01	12	25236	中性盘
10:36:36	21.02	-0.01	7	14714	卖盘
10:36:33	21.03	--	2	4206	卖盘
10:36:30	21.03	--	1	2103	卖盘
10:36:27	21.03	--	1	2103	卖盘
10:36:12	21.03	--	17	35751	买盘
10:35:57	21.03	--	16	33648	卖盘
10:35:39	21.03	--	6	12618	卖盘
10:35:36	21.03	--	2	4206	卖盘
10:35:30	21.03	-0.03	1	2103	卖盘
10:35:21	21.06	--	3	6318	买盘
10:35:18	21.06	--	104	219024	买盘
10:35:09	21.06	--	2	4212	买盘
10:35:06	21.06	--	1	2106	买盘
10:35:03	21.06	--	5	10530	买盘
10:34:51	21.06	0.02	5	10530	买盘
10:34:45	21.04	--	1	2104	卖盘
10:34:42	21.04	-0.02	3	6312	卖盘
10:34:39	21.06	0.01	18	37908	买盘
10:34:24	21.05	0.02	6	12630	买盘
10:34:12	21.03	-0.02	4	8412	卖盘
10:34:09	21.05	0.02	1	2105	买盘
10:34:06	21.03	-0.02	26	54678	卖盘
10:34:03	21.05	0.02	3	6315	买盘
10:33:39	21.03	-0.06	33	69399	卖盘
10:33:33	21.09	0.02	13	27417	买盘
10:33:21	21.07	-0.03	30	63210	卖盘
10:33:03	21.1	--	1	2110	买盘
10:33:00	21.1	0.01	5	10550	买盘
10:32:54	21.09	0.02	5	10545	买盘
10:32:45	21.07	-0.02	2	4214	卖盘
10:32:39	21.09	--	9	18981	买盘
10:32:36	21.09	--	20	42180	中性盘
10:32:27	21.09	--	4	8436	卖盘
10:32:24	21.09	0.01	5	10545	卖盘
10:32:18	21.08	--	15	31619	卖盘
10:32:15	21.08	-0.02	2	4216	卖盘
10:32:09	21.1	0.01	118	248980	买盘
10:31:51	21.09	0.01	10	21090	买盘
10:31:48	21.08	--	22	46375	买盘
10:31:45	21.08	0.01	2	4216	买盘
10:31:36	21.07	--	3	6321	卖盘
10:31:33	21.07	--	3	6321	卖盘
10:31:27	21.07	--	19	40033	买盘
10:31:24	21.07	0.01	3	6321	买盘
10:31:18	21.06	--	3	6318	买盘
10:31:15	21.06	--	10	21060	卖盘
10:31:12	21.06	--	8	16848	卖盘
10:30:57	21.06	--	16	33696	买盘
10:30:54	21.06	0.01	1	2106	买盘
10:30:51	21.05	-0.01	24	50520	卖盘
10:30:48	21.06	0.01	23	48438	买盘
10:30:33	21.05	0.02	55	115775	买盘
10:30:15	21.03	--	5	11881	买盘
10:30:12	21.03	--	5	10515	买盘
10:30:03	21.03	--	2	4206	买盘
10:29:57	21.03	--	35	73605	买盘
10:29:54	21.03	--	1	2103	买盘
10:29:51	21.03	--	23	48369	买盘
10:29:48	21.03	--	12	25972	卖盘
10:29:45	21.03	-0.01	12	25236	卖盘
10:29:42	21.04	0.01	4	8416	买盘
10:29:30	21.03	0.02	59	125443	买盘
10:29:27	21.01	-0.01	2	4202	卖盘
10:29:24	21.02	0.01	1	2102	买盘
10:29:15	21.01	-0.02	6	12606	卖盘
10:29:03	21.03	0.02	1	2103	买盘
10:29:00	21.01	--	2	4202	卖盘
10:28:48	21.01	--	3	6303	卖盘
10:28:39	21.01	-0.02	12	25212	卖盘
10:28:33	21.03	--	5	10515	买盘
10:28:30	21.03	--	22	46266	买盘
10:28:24	21.03	--	5	11251	卖盘
10:28:21	21.03	--	30	63090	卖盘
10:28:18	21.03	--	34	71502	卖盘
10:28:12	21.03	-0.01	33	69399	卖盘
10:28:09	21.04	--	9	18936	卖盘
10:28:06	21.04	--	1	2104	买盘
10:27:54	21.04	--	1	2104	买盘
10:27:36	21.04	-0.01	4	8416	买盘
10:27:33	21.05	--	4	8420	卖盘
10:27:30	21.05	0.02	1	2105	买盘
10:27:27	21.03	-0.01	155	325965	卖盘
10:27:24	21.04	-0.02	6	12624	卖盘
10:27:21	21.06	0.01	3	6318	买盘
10:27:18	21.05	0.01	38	79990	买盘
10:27:15	21.04	--	20	42080	卖盘
10:27:06	21.04	-0.01	56	117824	卖盘
10:26:57	21.05	--	33	69465	卖盘
10:26:45	21.05	-0.01	4	8420	卖盘
10:26:33	21.06	0.01	1	2106	中性盘
10:26:24	21.05	-0.01	5	10525	卖盘
10:26:21	21.06	0.01	4	8424	买盘
10:26:18	21.05	-0.01	2	4210	卖盘
10:26:15	21.06	0.01	5	10530	买盘
10:26:09	21.05	-0.01	45	94725	卖盘
10:26:06	21.06	--	5	10530	买盘
10:26:03	21.06	-0.02	5	10530	卖盘
10:25:57	21.08	0.02	44	92751	买盘
10:25:45	21.06	--	1	2106	卖盘
10:25:42	21.06	0.02	1	2106	中性盘
10:25:24	21.04	--	16	33664	卖盘
10:25:18	21.04	--	66	140231	卖盘
10:25:06	21.04	0.01	5	10520	中性盘
10:24:54	21.03	--	37	77811	买盘
10:24:48	21.03	0.01	5	10515	卖盘
10:24:42	21.02	--	57	119814	卖盘
10:24:36	21.02	-0.01	3	6306	卖盘
10:24:27	21.03	-0.03	37	77811	卖盘
10:24:24	21.06	0.01	20	42120	买盘
10:24:21	21.05	--	5	10525	买盘
10:24:18	21.05	--	4	8420	买盘
10:24:15	21.05	-0.01	5	10525	中性盘
10:24:06	21.06	-0.03	23	48438	卖盘
10:24:03	21.09	0.05	100	210900	买盘
10:24:00	21.04	-0.02	46	96784	卖盘
10:23:57	21.06	--	35	73710	买盘
10:23:54	21.06	-0.02	2	4212	中性盘
10:23:39	21.08	--	7	14755	卖盘
10:23:33	21.08	-0.01	35	73780	卖盘
10:23:30	21.09	0.01	2	4218	买盘
10:23:27	21.08	--	6	12647	卖盘
10:23:24	21.08	-0.01	5	10540	卖盘
10:23:21	21.09	0.01	6	12654	买盘
10:23:12	21.08	-0.01	3	6323	中性盘
10:23:00	21.09	0.01	24	50616	买盘
10:22:57	21.08	--	8	16864	卖盘
10:22:51	21.08	0.04	76	160208	买盘
10:22:45	21.04	-0.04	33	69432	卖盘
10:22:33	21.08	0.01	12	25295	买盘
10:22:27	21.07	-0.01	2	4214	卖盘
10:22:18	21.08	0.02	3	6323	买盘
10:22:15	21.06	--	9	18954	买盘
10:22:12	21.06	0.04	1	2106	中性盘
10:22:09	21.02	-0.06	7	14714	卖盘
10:22:03	21.08	0.01	45	94859	买盘
10:21:57	21.07	--	5	10535	卖盘
10:21:51	21.07	0.01	6	12642	买盘
10:21:48	21.06	--	8	16848	卖盘
10:21:45	21.06	-0.01	44	92664	卖盘
10:21:39	21.07	-0.02	33	69531	卖盘
10:21:36	21.09	--	7	14763	卖盘
10:21:30	21.09	--	11	23199	卖盘
10:21:27	21.09	--	1	2109	卖盘
10:21:24	21.09	-0.01	1	2109	卖盘
10:21:21	21.1	0.01	5	10550	中性盘
10:21:18	21.09	-0.02	2	4218	卖盘
10:21:15	21.11	0.02	11	23221	买盘
10:21:12	21.09	--	51	107559	卖盘
10:21:09	21.09	-0.04	1	2109	卖盘
10:20:57	21.13	0.02	69	145797	买盘
10:20:54	21.11	-0.03	4	8444	卖盘
10:20:48	21.14	0.03	89	188146	买盘
10:20:39	21.11	-0.02	10	21110	卖盘
10:20:36	21.13	--	11	23243	卖盘
10:20:33	21.13	--	3	6339	卖盘
10:20:30	21.13	-0.01	35	73955	卖盘
10:20:27	21.14	0.03	1	2114	中性盘
10:20:24	21.11	-0.03	34	71774	卖盘
10:20:21	21.14	0.01	2	4228	卖盘
10:20:18	21.13	--	1	2113	买盘
10:20:15	21.13	--	3	6339	卖盘
10:20:12	21.13	--	154	325402	卖盘
10:20:06	21.13	-0.01	142	300046	卖盘
10:20:03	21.14	0.02	2	4228	买盘
10:20:00	21.12	-0.01	59	124608	卖盘
10:19:54	21.13	-0.01	3	6339	卖盘
10:19:51	21.14	0.01	5	10570	中性盘
10:19:45	21.13	0.01	20	42260	中性盘
10:19:42	21.12	-0.01	18	38016	卖盘
10:19:39	21.13	0.01	4	8452	买盘
10:19:36	21.12	--	7	14784	卖盘
10:19:33	21.12	--	81	171072	买盘
10:19:30	21.12	--	4	8448	买盘
10:19:27	21.12	-0.01	10	21120	卖盘
10:19:24	21.13	0.01	23	48599	买盘
10:19:21	21.12	-0.01	14	29568	中性盘
10:19:15	21.13	0.01	29	61277	买盘
10:19:12	21.12	--	5	10560	买盘
10:19:06	21.12	-0.01	6	12672	卖盘
10:19:03	21.13	0.01	1	2113	买盘
10:18:57	21.12	0.01	5	10560	买盘
10:18:54	21.11	--	5	10555	卖盘
10:18:48	21.11	--	8	16888	卖盘
10:18:45	21.11	0.04	121	255431	买盘
10:18:42	21.07	--	11	23177	买盘
10:18:39	21.07	--	2	4214	买盘
10:18:36	21.07	--	33	69531	买盘
10:18:33	21.07	0.01	15	31605	买盘
10:18:27	21.06	--	11	23166	卖盘
10:18:21	21.06	0.01	45	94770	买盘
10:18:18	21.05	--	17	35785	卖盘
10:18:15	21.05	--	8	16840	卖盘
10:18:12	21.05	0.04	39	82095	买盘
10:18:09	21.01	0.01	2	4202	买盘
10:18:03	21.0	--	5	10500	卖盘
10:17:51	21.0	0.06	420	882000	买盘
10:17:48	20.94	--	3	6282	卖盘
10:17:42	20.94	-0.05	25	52350	卖盘
10:17:30	20.99	0.01	28	58771	买盘
10:17:27	20.98	-0.02	3	6294	中性盘
10:17:12	21.0	0.02	36	75600	买盘
10:17:09	20.98	-0.01	29	60842	卖盘
10:17:06	20.99	--	8	16792	卖盘
10:16:54	20.99	--	3	6296	卖盘
10:16:48	20.99	0.01	3	6296	买盘
10:16:45	20.98	-0.01	8	16784	卖盘
10:16:36	20.99	--	12	25187	买盘
10:16:33	20.99	-0.01	31	65068	卖盘
10:16:27	21.0	--	16	33600	卖盘
10:16:24	21.0	--	5	10500	卖盘
10:16:15	21.0	--	9	18900	买盘
10:16:12	21.0	--	4	8400	中性盘
10:16:09	21.0	--	3	6300	卖盘
10:16:06	21.0	--	7	14700	买盘
10:16:03	21.0	--	23	48300	买盘
10:16:00	21.0	--	5	10500	买盘
10:15:57	21.0	--	10	21000	买盘
10:15:54	21.0	0.01	5	10500	买盘
10:15:51	20.99	-0.01	12	25187	卖盘
10:15:45	21.0	--	20	42000	买盘
10:15:42	21.0	--	8	16800	卖盘
10:15:36	21.0	--	4	8400	买盘
10:15:33	21.0	--	1	2100	卖盘
10:15:30	21.0	--	2	4200	买盘
10:15:21	21.0	--	12	25200	卖盘
10:15:18	21.0	-0.02	38	79800	卖盘
10:15:12	21.02	--	7	14714	买盘
10:15:09	21.02	0.02	5	10510	买盘
10:15:06	21.0	-0.02	4	8400	卖盘
10:15:03	21.02	--	1	2102	买盘
10:14:57	21.02	--	24	50448	买盘
10:14:51	21.02	0.02	18	37836	买盘
10:14:45	21.0	--	11	23100	买盘
10:14:42	21.0	-0.02	2	4200	中性盘
10:14:39	21.02	--	1	2102	买盘
10:14:33	21.02	0.02	18	37836	买盘
10:14:30	21.0	--	3	6300	卖盘
10:14:24	21.0	--	12	25200	卖盘
10:14:18	21.0	0.01	27	56700	买盘
10:14:12	20.99	-0.01	1	2099	卖盘
10:13:57	21.0	-0.02	2	4200	卖盘
10:13:54	21.02	--	32	67264	买盘
10:13:51	21.02	0.02	1	2102	买盘
10:13:48	21.0	-0.02	10	21000	卖盘
10:13:45	21.02	--	12	25224	买盘
10:13:42	21.02	0.02	24	50448	买盘
10:13:36	21.0	--	3	6300	卖盘
10:13:30	21.0	-0.02	17	35700	卖盘
10:13:27	21.02	0.03	1	2102	买盘
10:13:18	20.99	-0.01	14	29385	卖盘
10:13:15	21.0	--	63	132300	买盘
10:13:12	21.0	--	32	67200	买盘
10:13:09	21.0	--	46	96600	买盘
10:13:03	21.0	--	16	33600	买盘
10:13:00	21.0	0.01	18	37800	买盘
10:12:54	20.99	--	1	2099	卖盘
10:12:51	20.99	--	23	48277	买盘
10:12:36	20.99	0.06	40	83960	买盘
10:12:30	20.93	--	19	39767	买盘
10:12:27	20.93	-0.01	85	177905	卖盘
10:12:18	20.94	-0.01	54	113076	卖盘
10:12:09	20.95	--	3	6285	买盘
10:12:06	20.95	0.01	43	90085	买盘
10:12:03	20.94	0.01	6	12564	买盘
10:12:00	20.93	-0.01	15	31395	卖盘
10:11:57	20.94	0.01	3	6282	买盘
10:11:54	20.93	--	1	2093	卖盘
10:11:48	20.93	0.01	2	4186	买盘
10:11:42	20.92	0.02	64	133888	买盘
10:11:39	20.9	-0.02	7	14629	卖盘
10:11:36	20.92	--	28	58576	买盘
10:11:24	20.92	0.02	2	4184	买盘
10:11:15	20.9	-0.02	7	14629	卖盘
10:11:09	20.92	0.02	36	75312	买盘
10:11:06	20.9	-0.02	7	14629	卖盘
10:11:03	20.92	--	10	20920	买盘
10:11:00	20.92	0.02	20	41840	买盘
10:10:57	20.9	-0.02	3	6270	中性盘
10:10:45	20.92	0.03	25	52300	买盘
10:10:42	20.89	-0.03	8	16712	卖盘
10:10:39	20.92	0.02	43	89956	买盘
10:10:36	20.9	--	6	12540	买盘
10:10:21	20.9	--	15	31349	买盘
10:10:15	20.9	--	5	10450	卖盘
10:10:09	20.9	--	18	37620	卖盘
10:10:00	20.9	--	1	2090	买盘
10:09:57	20.9	--	9	18810	买盘
10:09:54	20.9	--	26	54339	买盘
10:09:51	20.9	-0.04	90	188100	卖盘
10:09:42	20.94	0.04	50	104700	买盘
10:09:33	20.9	--	7	14629	卖盘
10:09:30	20.9	0.01	31	64789	买盘
10:09:27	20.89	-0.01	11	22979	卖盘
10:09:21	20.9	0.01	10	20900	买盘
10:09:18	20.89	--	16	33424	卖盘
10:09:15	20.89	-0.01	4	8356	卖盘
10:09:09	20.9	0.01	5	10450	买盘
10:09:03	20.89	--	8	16712	买盘
10:08:54	20.89	--	4	8356	买盘
10:08:45	20.89	0.02	14	29246	买盘
10:08:42	20.87	0.01	5	10435	卖盘
10:08:39	20.86	--	3	6258	买盘
10:08:36	20.86	-0.01	34	70924	卖盘
10:08:33	20.87	0.01	17	35479	买盘
10:08:30	20.86	-0.01	49	102214	卖盘
10:08:27	20.87	0.01	5	10435	买盘
10:08:21	20.86	-0.01	6	12516	卖盘
10:08:18	20.87	0.02	20	41740	买盘
10:08:15	20.85	--	23	47955	卖盘
10:08:12	20.85	-0.01	9	18765	卖盘
10:08:09	20.86	-0.01	2	4172	中性盘
10:08:06	20.87	--	3	6261	买盘
10:08:03	20.87	--	17	35479	卖盘
10:08:00	20.87	--	65	135655	买盘
10:07:54	20.87	--	75	156525	买盘
10:07:51	20.87	--	1	2087	中性盘
10:07:36	20.87	-0.02	39	81393	卖盘
10:07:30	20.89	--	23	48047	买盘
10:07:24	20.89	--	52	108628	买盘
10:07:21	20.89	--	13	27157	买盘
10:07:18	20.89	-0.01	1	2089	卖盘
10:07:12	20.9	--	17	35530	买盘
10:07:09	20.9	--	5	10450	买盘
10:07:03	20.9	--	53	110769	卖盘
10:07:00	20.9	--	44	91960	卖盘
10:06:57	20.9	--	48	100320	卖盘
10:06:54	20.9	-0.01	50	104500	卖盘
10:06:51	20.91	--	4	8364	买盘
10:06:45	20.91	--	58	121278	买盘
10:06:42	20.91	-0.01	32	66912	卖盘
10:06:39	20.92	0.01	14	29288	买盘
10:06:36	20.91	-0.01	10	20910	卖盘
10:06:33	20.92	0.01	14	29288	买盘
10:06:27	20.91	-0.01	3	6273	卖盘
10:06:24	20.92	--	51	106692	卖盘
10:06:21	20.92	-0.01	17	35564	卖盘
10:06:12	20.93	--	155	324415	卖盘
10:06:09	20.93	--	5	10465	卖盘
10:06:06	20.93	-0.01	21	43953	卖盘
10:06:03	20.94	0.01	6	12564	买盘
10:06:00	20.93	--	13	27209	卖盘
10:05:51	20.93	-0.01	14	29302	卖盘
10:05:45	20.94	--	27	56538	卖盘
10:05:42	20.94	--	5	10470	卖盘
10:05:39	20.94	--	15	31410	卖盘
10:05:33	20.94	--	62	129828	卖盘
10:05:27	20.94	--	1	2094	卖盘
10:05:24	20.94	-0.01	2	4188	卖盘
10:05:21	20.95	0.01	1	2095	买盘
10:05:18	20.94	-0.01	10	20940	卖盘
10:05:09	20.95	--	81	169695	买盘
10:05:06	20.95	--	99	207405	卖盘
10:05:03	20.95	--	19	39805	卖盘
10:05:00	20.95	--	52	108940	卖盘
10:04:54	20.95	--	17	35615	卖盘
10:04:51	20.95	-0.01	30	62850	卖盘
10:04:48	20.96	--	3	6288	卖盘
10:04:42	20.96	--	15	31440	卖盘
10:04:39	20.96	--	35	73360	卖盘
10:04:36	20.96	--	5	10480	卖盘
10:04:30	20.96	--	12	25152	买盘
10:04:24	20.96	--	16	33536	买盘
10:04:15	20.96	0.01	3	6288	买盘
10:04:09	20.95	--	6	12570	卖盘
10:04:06	20.95	-0.01	3	6285	卖盘
10:04:03	20.96	0.01	101	211696	中性盘
10:03:48	20.95	-0.01	28	58660	卖盘
10:03:45	20.96	0.01	52	108992	买盘
10:03:42	20.95	--	56	117320	买盘
10:03:39	20.95	0.01	6	12570	买盘
10:03:36	20.94	-0.02	190	397860	卖盘
10:03:33	20.96	--	96	201216	买盘
10:03:27	20.96	--	12	25152	买盘
10:03:24	20.96	--	10	20960	卖盘
10:03:21	20.96	0.01	1	2096	中性盘
10:03:18	20.95	-0.02	108	226260	卖盘
10:03:12	20.97	-0.01	2	4194	卖盘
10:03:09	20.98	0.02	1	2098	买盘
10:03:06	20.96	-0.01	4	8384	卖盘
10:03:03	20.97	--	9	18873	卖盘
10:02:57	20.97	-0.01	10	20970	卖盘
10:02:54	20.98	0.01	3	6294	买盘
10:02:51	20.97	--	1	2097	卖盘
10:02:48	20.97	--	14	29358	卖盘
10:02:36	20.97	--	8	16776	买盘
10:02:33	20.97	0.01	2	4194	买盘
10:02:30	20.96	--	9	18864	卖盘
10:02:15	20.96	--	5	10480	卖盘
10:02:12	20.96	--	11	23056	卖盘
10:02:09	20.96	--	2	4192	买盘
10:02:03	20.96	--	1	2096	买盘
10:02:00	20.96	--	15	31440	卖盘
10:01:57	20.96	--	12	25152	卖盘
10:01:51	20.96	-0.02	73	153008	卖盘
10:01:48	20.98	0.02	30	62940	买盘
10:01:45	20.96	-0.01	1	2096	卖盘
10:01:39	20.97	0.01	2	4194	买盘
10:01:36	20.96	--	3	6288	卖盘
10:01:30	20.96	--	1	2096	卖盘
10:01:24	20.96	--	4	8384	卖盘
10:01:15	20.96	--	3	6288	卖盘
10:01:12	20.96	-0.01	4	8384	卖盘
10:01:03	20.97	-0.01	55	115335	卖盘
10:00:57	20.98	-0.01	69	144762	卖盘
10:00:54	20.99	--	8	16792	买盘
10:00:51	20.99	--	1	2099	买盘
10:00:48	20.99	-0.01	18	37782	中性盘
10:00:42	21.0	--	11	23100	买盘
10:00:36	21.0	0.02	4	8400	买盘
10:00:33	20.98	-0.02	6	12588	卖盘
10:00:30	21.0	0.01	14	29400	买盘
10:00:27	20.99	--	1	2099	卖盘
10:00:24	20.99	-0.01	5	10495	卖盘
10:00:21	21.0	0.02	2	4200	买盘
10:00:18	20.98	-0.02	2	4196	卖盘
10:00:15	21.0	0.01	11	23100	买盘
10:00:12	20.99	--	25	52474	卖盘
10:00:09	20.99	0.01	16	33584	买盘
10:00:00	20.98	--	17	35666	买盘
09:59:54	20.98	-0.01	6	12588	卖盘
09:59:48	20.99	--	6	12593	买盘
09:59:42	20.99	--	5	10495	买盘
09:59:39	20.99	--	5	10495	买盘
09:59:33	20.99	--	22	46178	买盘
09:59:30	20.99	0.01	5	10495	买盘
09:59:27	20.98	-0.01	67	140566	卖盘
09:59:24	20.99	--	3	6296	买盘
09:59:21	20.99	0.01	7	14692	买盘
09:59:18	20.98	--	9	18882	卖盘
09:59:15	20.98	0.01	18	37764	买盘
09:59:12	20.97	-0.01	1	2097	卖盘
09:59:09	20.98	0.02	24	50352	买盘
09:59:03	20.96	0.01	17	35632	中性盘
09:58:54	20.95	--	7	14665	卖盘
09:58:51	20.95	-0.04	81	169695	卖盘
09:58:48	20.99	0.04	20	41980	买盘
09:58:42	20.95	--	19	39805	卖盘
09:58:39	20.95	--	8	16760	卖盘
09:58:33	20.95	--	10	20950	卖盘
09:58:30	20.95	--	34	71230	买盘
09:58:24	20.95	--	21	43995	买盘
09:58:21	20.95	--	5	10475	买盘
09:58:18	20.95	--	5	10475	买盘
09:58:15	20.95	-0.01	60	125700	卖盘
09:58:12	20.96	0.01	31	64976	买盘
09:58:09	20.95	-0.01	61	127795	卖盘
09:58:03	20.96	0.01	15	31440	买盘
09:58:00	20.95	-0.01	1	2095	买盘
09:57:54	20.96	--	8	16768	买盘
09:57:51	20.96	0.01	162	339552	买盘
09:57:45	20.95	-0.01	8	16760	卖盘
09:57:36	20.96	0.01	12	25152	买盘
09:57:33	20.95	-0.01	2	4190	卖盘
09:57:30	20.96	--	33	69168	买盘
09:57:27	20.96	--	100	209600	买盘
09:57:24	20.96	--	1	2096	买盘
09:57:21	20.96	--	4	8384	买盘
09:57:18	20.96	--	8	16768	买盘
09:57:15	20.96	--	11	23056	买盘
09:57:12	20.96	--	5	10480	买盘
09:57:09	20.96	--	126	264096	卖盘
09:57:06	20.96	--	2	4192	卖盘
09:57:03	20.96	--	10	20960	卖盘
09:57:00	20.96	0.01	20	41920	卖盘
09:56:54	20.95	-0.02	4	8380	卖盘
09:56:51	20.97	0.01	7	14679	买盘
09:56:48	20.96	--	5	10480	买盘
09:56:45	20.96	--	10	20960	买盘
09:56:42	20.96	-0.01	4	8384	卖盘
09:56:39	20.97	--	2	4194	买盘
09:56:36	20.97	--	6	12582	买盘
09:56:33	20.97	--	28	58716	买盘
09:56:24	20.97	--	32	67104	卖盘
09:56:18	20.97	0.01	31	65007	买盘
09:56:15	20.96	--	108	226368	卖盘
09:56:12	20.96	--	6	12576	卖盘
09:56:06	20.96	--	13	27248	买盘
09:56:03	20.96	0.01	12	25152	买盘
09:56:00	20.95	-0.01	52	108940	卖盘
09:55:57	20.96	--	16	33536	买盘
09:55:51	20.96	-0.01	24	50304	卖盘
09:55:48	20.97	--	3	6291	买盘
09:55:45	20.97	--	7	14679	卖盘
09:55:39	20.97	--	12	25164	卖盘
09:55:36	20.97	-0.02	1	2097	卖盘
09:55:33	20.99	-0.01	15	31484	中性盘
09:55:30	21.0	--	6	12600	买盘
09:55:27	21.0	--	4	8400	买盘
09:55:24	21.0	--	11	23100	买盘
09:55:21	21.0	--	21	44100	卖盘
09:55:15	21.0	-0.01	10	21000	卖盘
09:55:12	21.01	-0.01	4	8404	卖盘
09:55:06	21.02	0.02	2	4204	买盘
09:55:03	21.0	-0.02	142	298200	卖盘
09:55:00	21.02	0.02	50	105100	买盘
09:54:57	21.0	-0.01	3	6300	卖盘
09:54:54	21.01	--	16	33616	买盘
09:54:51	21.01	0.01	9	18909	买盘
09:54:48	21.0	--	5	10500	卖盘
09:54:45	21.0	--	10	21000	卖盘
09:54:42	21.0	-0.01	25	52500	卖盘
09:54:36	21.01	0.01	2	4202	买盘
09:54:33	21.0	--	60	126000	卖盘
09:54:30	21.0	0.01	244	512400	买盘
09:54:27	20.99	-0.01	73	153227	卖盘
09:54:24	21.0	--	124	260400	买盘
09:54:18	21.0	--	32	67200	买盘
09:54:15	21.0	--	24	50400	买盘
09:54:12	21.0	--	37	77700	买盘
09:54:09	21.0	0.01	4	8400	买盘
09:54:03	20.99	--	5	10495	买盘
09:54:00	20.99	0.04	5	10495	买盘
09:53:57	20.95	-0.05	104	217880	卖盘
09:53:54	21.0	0.01	22	46200	买盘
09:53:51	20.99	0.04	10	20990	买盘
09:53:48	20.95	-0.02	25	52375	卖盘
09:53:45	20.97	0.02	16	33552	买盘
09:53:42	20.95	-0.02	29	60755	卖盘
09:53:39	20.97	0.02	21	44037	买盘
09:53:36	20.95	--	6	12570	卖盘
09:53:30	20.95	--	27	56565	买盘
09:53:27	20.95	0.03	3	6285	买盘
09:53:24	20.92	-0.03	51	106692	卖盘
09:53:21	20.95	--	2	4190	买盘
09:53:15	20.95	0.03	6	12570	买盘
09:53:12	20.92	0.01	11	23012	中性盘
09:53:06	20.91	--	35	73185	卖盘
09:53:03	20.91	--	229	478839	卖盘
09:53:00	20.91	-0.02	11	23001	卖盘
09:52:57	20.93	--	10	20930	买盘
09:52:54	20.93	0.02	14	29302	买盘
09:52:51	20.91	-0.02	81	169371	卖盘
09:52:48	20.93	--	10	20930	买盘
09:52:45	20.93	--	11	23023	买盘
09:52:42	20.93	--	86	179998	卖盘
09:52:39	20.93	--	7	14651	卖盘
09:52:36	20.93	--	24	50232	卖盘
09:52:33	20.93	--	18	37674	卖盘
09:52:30	20.93	-0.02	5	10465	卖盘
09:52:27	20.95	--	2	4190	买盘
09:52:21	20.95	--	11	23045	买盘
09:52:18	20.95	--	7	14665	买盘
09:52:15	20.95	-0.02	53	111035	卖盘
09:52:12	20.97	--	5	10485	买盘
09:52:09	20.97	0.01	100	209700	买盘
09:52:03	20.96	-0.01	73	153008	卖盘
09:52:00	20.97	--	30	62910	买盘
09:51:57	20.97	--	3	6291	卖盘
09:51:54	20.97	-0.02	3	6291	卖盘
09:51:51	20.99	--	5	10495	买盘
09:51:48	20.99	-0.01	15	31484	卖盘
09:51:45	21.0	--	9	18900	买盘
09:51:42	21.0	--	5	10500	买盘
09:51:39	21.0	-0.01	52	109200	卖盘
09:51:36	21.01	-0.01	10	21010	卖盘
09:51:33	21.02	--	40	84080	买盘
09:51:27	21.02	0.01	5	10510	买盘
09:51:24	21.01	-0.01	168	352968	卖盘
09:51:21	21.02	--	9	18918	买盘
09:51:18	21.02	--	3	6306	买盘
09:51:15	21.02	-0.03	49	102998	中性盘
09:51:03	21.05	--	25	52625	买盘
09:50:51	21.05	--	1	2105	买盘
09:50:48	21.05	0.04	1	2105	中性盘
09:50:45	21.01	-0.08	3	6303	卖盘
09:50:42	21.09	0.04	31	65379	买盘
09:50:39	21.05	--	22	46310	买盘
09:50:36	21.05	--	29	61045	买盘
09:50:33	21.05	--	50	105250	买盘
09:50:27	21.05	--	5	10525	买盘
09:50:21	21.05	-0.04	55	115775	卖盘
09:50:15	21.09	-0.01	7	14763	卖盘
09:50:09	21.1	--	6	12660	卖盘
09:50:06	21.1	-0.01	22	46420	卖盘
09:50:03	21.11	0.01	5	10555	买盘
09:50:00	21.1	-0.01	65	137150	卖盘
09:49:54	21.11	-0.01	29	61219	卖盘
09:49:51	21.12	--	3	6336	买盘
09:49:45	21.12	--	57	120384	卖盘
09:49:39	21.12	--	6	12672	卖盘
09:49:36	21.12	-0.01	4	8448	卖盘
09:49:33	21.13	--	12	25356	买盘
09:49:24	21.13	--	25	52825	卖盘
09:49:18	21.13	-0.01	8	16904	卖盘
09:49:15	21.14	--	12	25368	卖盘
09:49:12	21.14	-0.01	30	63420	卖盘
09:49:09	21.15	--	117	247454	买盘
09:49:03	21.15	--	1	2115	买盘
09:49:00	21.15	--	33	69795	买盘
09:48:57	21.15	0.01	4	8460	买盘
09:48:54	21.14	-0.03	20	42280	卖盘
09:48:48	21.17	0.02	56	118552	买盘
09:48:45	21.15	--	10	21150	买盘
09:48:42	21.15	--	20	42300	卖盘
09:48:36	21.15	-0.01	14	29609	卖盘
09:48:30	21.16	-0.01	8	16928	卖盘
09:48:24	21.17	0.01	1	2117	买盘
09:48:21	21.16	--	4	8464	卖盘
09:48:18	21.16	-0.01	12	25392	卖盘
09:48:12	21.17	0.01	10	21170	买盘
09:48:06	21.16	-0.01	22	46552	卖盘
09:48:03	21.17	0.01	17	35989	卖盘
09:48:00	21.16	-0.02	1	2116	卖盘
09:47:57	21.18	0.02	18	38124	买盘
09:47:54	21.16	--	12	25392	卖盘
09:47:48	21.16	-0.01	3	6348	卖盘
09:47:36	21.17	--	3	6351	卖盘
09:47:21	21.17	--	42	88914	买盘
09:47:15	21.17	--	58	122786	买盘
09:47:12	21.17	--	1	2117	买盘
09:47:09	21.17	--	5	10585	买盘
09:47:03	21.17	--	1	2117	买盘
09:47:00	21.17	--	9	19053	买盘
09:46:57	21.17	-0.01	50	105850	卖盘
09:46:45	21.18	--	1	2118	买盘
09:46:42	21.18	--	20	42360	买盘
09:46:33	21.18	0.01	24	50832	买盘
09:46:30	21.17	-0.01	16	33872	卖盘
09:46:24	21.18	--	9	19062	买盘
09:46:15	21.18	--	1	2118	买盘
09:46:12	21.18	--	2	4236	卖盘
09:46:09	21.18	--	20	42360	卖盘
09:46:06	21.18	--	10	21180	卖盘
09:46:00	21.18	0.01	28	59304	买盘
09:45:57	21.17	-0.01	1	2117	卖盘
09:45:51	21.18	0.01	10	21180	买盘
09:45:48	21.17	0.01	7	14819	中性盘
09:45:42	21.16	-0.01	10	21160	卖盘
09:45:36	21.17	-0.01	15	31755	卖盘
09:45:33	21.18	--	27	57186	买盘
09:45:27	21.18	--	4	8472	买盘
09:45:24	21.18	--	2	4236	买盘
09:45:21	21.18	--	51	108018	卖盘
09:45:18	21.18	--	9	19062	卖盘
09:45:06	21.18	--	14	29652	卖盘
09:45:03	21.18	--	20	42360	买盘
09:45:00	21.18	0.02	5	10590	买盘
09:44:57	21.16	-0.01	24	50784	卖盘
09:44:48	21.17	--	4	8468	卖盘
09:44:42	21.17	--	6	12702	买盘
09:44:39	21.17	0.01	22	46574	买盘
09:44:36	21.16	--	3	6348	买盘
09:44:33	21.16	--	2	4232	卖盘
09:44:24	21.16	-0.01	20	42320	卖盘
09:44:21	21.17	-0.01	29	61393	卖盘
09:44:12	21.18	-0.01	4	8472	卖盘
09:44:06	21.19	0.01	5	10595	买盘
09:44:03	21.18	-0.02	21	44478	卖盘
09:44:00	21.2	--	1	2120	买盘
09:43:57	21.2	--	33	69960	买盘
09:43:51	21.2	0.02	84	178080	买盘
09:43:48	21.18	--	14	29652	买盘
09:43:45	21.18	-0.02	7	14826	卖盘
09:43:42	21.2	0.02	9	19080	买盘
09:43:39	21.18	-0.02	32	67776	卖盘
09:43:36	21.2	0.02	32	67840	买盘
09:43:33	21.18	-0.02	4	8472	卖盘
09:43:27	21.2	0.02	2	4240	买盘
09:43:24	21.18	0.01	2	4236	中性盘
09:43:18	21.17	-0.01	14	29638	卖盘
09:43:15	21.18	--	7	14826	卖盘
09:43:12	21.18	-0.03	2	4236	卖盘
09:43:09	21.21	--	3	6363	买盘
09:43:00	21.21	0.05	241	511161	买盘
09:42:57	21.16	-0.01	14	29624	卖盘
09:42:54	21.17	0.01	5	10585	买盘
09:42:51	21.16	--	25	52900	卖盘
09:42:48	21.16	-0.01	7	14812	卖盘
09:42:42	21.17	0.01	3	6351	买盘
09:42:39	21.16	--	2	4232	卖盘
09:42:36	21.16	--	4	8464	卖盘
09:42:30	21.16	--	8	16928	买盘
09:42:27	21.16	--	2	4232	买盘
09:42:24	21.16	-0.01	25	52900	卖盘
09:42:21	21.17	0.01	25	52925	买盘
09:42:18	21.16	--	46	97336	卖盘
09:42:12	21.16	--	40	84640	卖盘
09:42:09	21.16	--	62	131192	卖盘
09:42:06	21.16	--	1	2116	卖盘
09:42:03	21.16	--	13	27508	卖盘
09:42:00	21.16	-0.01	56	118496	卖盘
09:41:57	21.17	--	11	23287	买盘
09:41:54	21.17	--	7	14819	买盘
09:41:51	21.17	-0.01	25	52925	卖盘
09:41:48	21.18	0.01	1	2118	买盘
09:41:42	21.17	0.01	10	21170	卖盘
09:41:39	21.16	-0.02	100	211600	卖盘
09:41:36	21.18	0.02	1	2118	买盘
09:41:30	21.16	-0.02	10	21160	卖盘
09:41:24	21.18	0.02	1	2118	买盘
09:41:15	21.16	--	32	67712	买盘
09:41:12	21.16	--	10	21160	买盘
09:41:03	21.16	-0.01	15	31740	中性盘
09:40:54	21.17	-0.02	20	42340	买盘
09:40:51	21.19	-0.01	57	120783	中性盘
09:40:42	21.2	--	23	48760	买盘
09:40:39	21.2	--	10	21200	买盘
09:40:36	21.2	--	1	2120	买盘
09:40:33	21.2	--	29	61480	买盘
09:40:30	21.2	--	2	4240	买盘
09:40:27	21.2	--	1	2120	买盘
09:40:24	21.2	-0.01	29	61480	卖盘
09:40:21	21.21	0.01	11	23331	买盘
09:40:18	21.2	--	25	53000	卖盘
09:40:15	21.2	--	12	25440	卖盘
09:40:12	21.2	-0.01	5	10600	卖盘
09:40:09	21.21	-0.01	2	4242	中性盘
09:40:06	21.22	--	38	80636	买盘
09:40:03	21.22	--	18	38196	买盘
09:40:00	21.22	0.01	20	42440	买盘
09:39:57	21.21	-0.01	14	29694	卖盘
09:39:54	21.22	--	10	21220	买盘
09:39:51	21.22	--	4	8488	卖盘
09:39:48	21.22	-0.01	10	21220	卖盘
09:39:45	21.23	0.01	12	25476	买盘
09:39:42	21.22	-0.02	45	95490	卖盘
09:39:39	21.24	-0.02	1	2124	买盘
09:39:36	21.26	--	36	76536	买盘
09:39:33	21.26	--	4	8504	买盘
09:39:30	21.26	--	6	12756	买盘
09:39:27	21.26	-0.03	50	106300	卖盘
09:39:24	21.29	0.01	35	74515	买盘
09:39:21	21.28	-0.01	5	10640	卖盘
09:39:18	21.29	--	18	38322	买盘
09:39:12	21.29	--	36	76644	买盘
09:39:09	21.29	--	24	51096	买盘
09:39:06	21.29	-0.01	27	57483	卖盘
09:39:03	21.3	--	2	4260	买盘
09:39:00	21.3	--	8	17040	买盘
09:38:57	21.3	-0.03	61	129930	卖盘
09:38:54	21.33	--	39	83187	买盘
09:38:51	21.33	0.01	47	100250	买盘
09:38:48	21.32	-0.01	22	46904	中性盘
09:38:45	21.33	0.01	43	91718	买盘
09:38:42	21.32	-0.01	43	91676	卖盘
09:38:39	21.33	--	32	68256	卖盘
09:38:36	21.33	0.01	11	23462	买盘
09:38:33	21.32	-0.01	19	40508	中性盘
09:38:30	21.33	0.03	6	12797	买盘
09:38:27	21.3	-0.02	11	23430	卖盘
09:38:24	21.32	0.02	42	89544	买盘
09:38:21	21.3	0.04	143	304590	买盘
09:38:18	21.26	--	26	55276	卖盘
09:38:15	21.26	-0.04	5	10630	卖盘
09:38:12	21.3	--	22	46860	买盘
09:38:06	21.3	--	1	2130	买盘
09:38:03	21.3	0.04	1	2130	买盘
09:38:00	21.26	-0.03	251	533626	卖盘
09:37:57	21.29	0.02	346	736634	买盘
09:37:54	21.27	--	47	99969	买盘
09:37:51	21.27	0.01	6	12762	买盘
09:37:48	21.26	--	179	380554	买盘
09:37:45	21.26	--	14	29764	卖盘
09:37:42	21.26	--	38	80788	买盘
09:37:36	21.26	--	10	21260	买盘
09:37:33	21.26	--	30	63780	卖盘
09:37:30	21.26	--	11	23386	卖盘
09:37:27	21.26	--	33	70158	卖盘
09:37:24	21.26	--	10	21260	卖盘
09:37:21	21.26	--	2	4252	卖盘
09:37:18	21.26	0.02	50	106300	买盘
09:37:15	21.24	--	20	42480	买盘
09:37:12	21.24	-0.03	106	225143	卖盘
09:37:09	21.27	--	80	170160	卖盘
09:37:06	21.27	--	40	85080	卖盘
09:37:03	21.27	--	52	110604	卖盘
09:37:00	21.27	0.04	287	610449	买盘
09:36:57	21.23	-0.02	101	214423	卖盘
09:36:54	21.25	-0.01	5	10625	买盘
09:36:51	21.26	0.02	75	159450	买盘
09:36:48	21.24	--	13	27611	卖盘
09:36:45	21.24	--	7	14867	卖盘
09:36:42	21.24	--	1	2124	卖盘
09:36:39	21.24	-0.02	24	50975	卖盘
09:36:36	21.26	--	4	8504	卖盘
09:36:33	21.26	--	7	14882	卖盘
09:36:30	21.26	0.02	11	23386	买盘
09:36:27	21.24	-0.02	6	12743	卖盘
09:36:24	21.26	0.02	5	10630	买盘
09:36:18	21.24	--	3	6371	卖盘
09:36:15	21.24	-0.04	11	23364	卖盘
09:36:12	21.28	0.04	18	38304	买盘
09:36:09	21.24	-0.05	19	40356	卖盘
09:36:06	21.29	0.01	47	100063	买盘
09:36:03	21.28	-0.01	13	27664	中性盘
09:36:00	21.29	--	112	238448	买盘
09:35:57	21.29	--	10	21290	买盘
09:35:54	21.29	-0.01	15	31935	中性盘
09:35:51	21.3	0.02	51	108630	买盘
09:35:48	21.28	-0.02	54	114912	中性盘
09:35:45	21.3	--	7	14910	卖盘
09:35:42	21.3	--	14	29820	买盘
09:35:39	21.3	0.02	104	221520	买盘
09:35:36	21.28	-0.02	250	533447	中性盘
09:35:33	21.3	0.02	34	72420	买盘
09:35:30	21.28	-0.02	15	31920	中性盘
09:35:27	21.3	0.07	22	46860	买盘
09:35:21	21.23	-0.02	36	76428	卖盘
09:35:18	21.25	0.04	41	87125	买盘
09:35:15	21.21	-0.01	1	2121	卖盘
09:35:12	21.22	-0.01	42	89124	中性盘
09:35:09	21.23	0.01	1	2123	买盘
09:35:06	21.22	0.02	1	2122	中性盘
09:35:03	21.2	--	14	29680	卖盘
09:35:00	21.2	--	2	4240	买盘
09:34:57	21.2	0.01	48	101760	买盘
09:34:54	21.19	0.01	10	21190	买盘
09:34:48	21.18	0.03	11	23298	买盘
09:34:45	21.15	--	3	6345	卖盘
09:34:42	21.15	--	153	323595	卖盘
09:34:39	21.15	--	17	35955	买盘
09:34:36	21.15	--	27	57104	买盘
09:34:33	21.15	0.01	9	19035	买盘
09:34:30	21.14	-0.01	38	80332	卖盘
09:34:27	21.15	0.01	29	61334	买盘
09:34:24	21.14	0.01	9	19026	卖盘
09:34:21	21.13	0.01	165	348645	买盘
09:34:15	21.12	0.01	4	8448	买盘
09:34:09	21.11	--	32	67552	卖盘
09:34:06	21.11	0.01	15	31665	卖盘
09:34:03	21.1	-0.01	35	73850	卖盘
09:34:00	21.11	--	86	181546	买盘
09:33:57	21.11	--	18	37998	买盘
09:33:54	21.11	0.01	4	8444	中性盘
09:33:51	21.1	-0.02	1	2110	卖盘
09:33:48	21.12	0.01	70	147840	买盘
09:33:45	21.11	0.01	1	2111	买盘
09:33:42	21.1	-0.01	3	6330	卖盘
09:33:39	21.11	0.01	12	25332	买盘
09:33:36	21.1	-0.01	5	10550	卖盘
09:33:33	21.11	0.01	7	14777	买盘
09:33:30	21.1	0.01	6	12660	卖盘
09:33:24	21.09	--	25	52725	卖盘
09:33:21	21.09	--	27	56943	卖盘
09:33:18	21.09	--	1	2109	卖盘
09:33:15	21.09	--	117	246753	卖盘
09:33:12	21.09	0.03	190	400710	买盘
09:33:09	21.06	0.01	22	46332	中性盘
09:33:06	21.05	-0.01	80	168400	卖盘
09:33:03	21.06	--	16	33696	卖盘
09:33:00	21.06	0.01	34	71604	买盘
09:32:57	21.05	--	2	4210	卖盘
09:32:54	21.05	--	29	61045	卖盘
09:32:51	21.05	--	58	122090	卖盘
09:32:48	21.05	0.01	106	223130	买盘
09:32:45	21.04	--	34	71536	卖盘
09:32:39	21.04	-0.01	1	2104	卖盘
09:32:36	21.05	0.01	24	50520	买盘
09:32:30	21.04	-0.01	1	2104	卖盘
09:32:27	21.05	0.01	4	8420	买盘
09:32:24	21.04	0.02	32	67328	买盘
09:32:21	21.02	--	29	60958	卖盘
09:32:18	21.02	--	11	23122	卖盘
09:32:12	21.02	0.01	23	48346	买盘
09:32:09	21.01	--	3	6303	卖盘
09:32:06	21.01	0.01	2	4202	中性盘
09:32:03	21.0	-0.02	3	6300	卖盘
09:32:00	21.02	0.01	33	69366	买盘
09:31:57	21.01	--	34	71434	买盘
09:31:51	21.01	-0.01	11	23111	卖盘
09:31:48	21.02	--	3	6306	中性盘
09:31:42	21.02	--	3	6306	买盘
09:31:39	21.02	-0.03	1	2102	卖盘
09:31:36	21.05	-0.01	5	10525	中性盘
09:31:30	21.06	0.01	108	227448	买盘
09:31:27	21.05	-0.01	3	6315	卖盘
09:31:24	21.06	0.01	1	2106	买盘
09:31:21	21.05	--	5	10525	卖盘
09:31:18	21.05	--	21	44205	卖盘
09:31:15	21.05	-0.01	6	12630	卖盘
09:31:09	21.06	0.01	34	71604	中性盘
09:31:06	21.05	-0.02	10	21050	卖盘
09:31:03	21.07	0.01	10	21070	买盘
09:31:00	21.06	0.01	1	2106	中性盘
09:30:54	21.05	-0.01	9	18945	卖盘
09:30:51	21.06	0.01	40	84240	买盘
09:30:48	21.05	--	5	10525	卖盘
09:30:45	21.05	--	27	56835	卖盘
09:30:36	21.05	--	152	319960	买盘
09:30:33	21.05	-0.01	5	10525	买盘
09:30:30	21.06	-0.02	20	42120	中性盘
09:30:27	21.08	-0.01	1	2108	中性盘
09:30:24	21.09	--	2	4218	买盘
09:30:21	21.09	--	14	29526	买盘
09:30:18	21.09	0.04	5	10545	买盘
09:30:15	21.05	--	1	2105	卖盘
09:30:12	21.05	--	8	16840	买盘
09:30:06	21.05	0.05	38	79990	买盘
09:30:03	21.0	-0.11	329	690900	卖盘
09:30:00	21.11	--	0	0	买盘
09:25:03	21.11	21.11	363	766293	买盘
