成交时间	成交价	价格变动	成交量(手)	成交额(元)	性质
15:00:03	23.1	--	574	1325940	卖盘
14:57:00	23.1	--	10	23100	卖盘
14:56:51	23.1	--	12	27720	卖盘
14:56:45	23.1	--	20	46200	买盘
14:56:42	23.1	--	16	36960	买盘
14:56:36	23.1	--	18	41580	买盘
14:56:30	23.1	0.01	15	34650	买盘
14:56:27	23.09	--	12	27708	卖盘
14:56:21	23.09	--	15	34635	卖盘
14:56:18	23.09	-0.01	100	230900	卖盘
14:56:12	23.1	--	1	2310	买盘
14:56:09	23.1	0.01	2	4620	中性盘
14:56:06	23.09	-0.01	44	103027	卖盘
14:55:57	23.1	--	3	6930	中性盘
14:55:51	23.1	--	4	9240	买盘
14:55:48	23.1	-0.04	74	170940	卖盘
14:55:45	23.14	0.04	4	9256	买盘
14:55:42	23.1	--	10	23100	卖盘
14:55:36	23.1	-0.05	5	11550	卖盘
14:55:30	23.15	0.05	41	94915	买盘
14:55:24	23.1	0.01	3	6930	中性盘
14:55:09	23.09	-0.05	17	39253	卖盘
14:55:03	23.14	0.04	43	100890	买盘
14:55:00	23.1	--	4	9240	买盘
14:54:51	23.1	-0.03	1	2310	卖盘
14:54:45	23.13	0.05	100	231300	买盘
14:54:39	23.08	-0.02	29	66932	卖盘
14:54:36	23.1	--	34	78540	买盘
14:54:27	23.1	0.01	81	187317	买盘
14:54:15	23.09	0.01	9	22882	买盘
14:54:12	23.08	-0.01	3	6923	卖盘
14:54:00	23.09	--	10	23297	卖盘
14:53:57	23.09	--	10	23090	卖盘
14:53:48	23.09	--	5	11545	卖盘
14:53:45	23.09	--	2	4618	卖盘
14:53:42	23.09	--	2	4618	卖盘
14:53:39	23.09	-0.01	8	18472	卖盘
14:53:30	23.1	--	27	64472	买盘
14:53:27	23.1	0.01	5	11550	买盘
14:53:24	23.09	-0.01	41	94669	卖盘
14:53:18	23.1	--	5	11550	买盘
14:53:15	23.1	0.01	10	23100	买盘
14:53:12	23.09	-0.01	48	110832	卖盘
14:53:03	23.1	0.01	2	4620	买盘
14:53:00	23.09	-0.01	10	23090	卖盘
14:52:54	23.1	0.02	11	25410	买盘
14:52:51	23.08	--	9	20772	卖盘
14:52:48	23.08	--	6	13847	卖盘
14:52:45	23.08	-0.01	6	13847	卖盘
14:52:39	23.09	--	2	4618	买盘
14:52:36	23.09	-0.01	21	48489	卖盘
14:52:33	23.1	--	6	13860	买盘
14:52:30	23.1	0.01	1	2310	买盘
14:52:27	23.09	-0.01	4	9236	卖盘
14:52:24	23.1	--	3	6930	卖盘
14:52:18	23.1	--	12	27720	买盘
14:52:15	23.1	--	45	104527	卖盘
14:52:06	23.1	--	33	76230	卖盘
14:52:00	23.1	--	5	11550	卖盘
14:51:57	23.1	--	3	6930	卖盘
14:51:48	23.1	--	23	53130	卖盘
14:51:45	23.1	--	10	23100	卖盘
14:51:42	23.1	--	10	23100	卖盘
14:51:30	23.1	-0.03	20	46200	卖盘
14:51:18	23.13	0.03	6	13878	买盘
14:51:15	23.1	-0.03	21	48510	卖盘
14:51:12	23.13	--	2	4626	买盘
14:51:09	23.13	--	17	39321	买盘
14:51:03	23.13	--	3	6939	中性盘
14:50:57	23.13	--	16	37008	卖盘
14:50:51	23.13	--	11	25443	买盘
14:50:48	23.13	0.03	20	46260	买盘
14:50:45	23.1	-0.01	4	9240	卖盘
14:50:42	23.11	0.01	3	6933	中性盘
14:50:39	23.1	--	17	39270	卖盘
14:50:30	23.1	-0.04	1	2310	卖盘
14:50:15	23.14	--	1	2314	卖盘
14:50:12	23.14	--	11	25454	买盘
14:50:03	23.14	0.01	5	11570	买盘
14:49:54	23.13	--	1	2313	卖盘
14:49:36	23.13	0.03	12	27756	买盘
14:49:30	23.1	--	7	16170	卖盘
14:49:27	23.1	--	85	198082	买盘
14:49:24	23.1	--	13	30030	买盘
14:49:18	23.1	--	20	46200	买盘
14:49:09	23.1	-0.03	348	805173	卖盘
14:48:57	23.13	-0.01	10	23130	卖盘
14:48:42	23.14	--	1	2314	买盘
14:48:30	23.14	--	20	46280	买盘
14:48:27	23.14	--	17	39338	卖盘
14:48:24	23.14	--	3	6942	卖盘
14:48:15	23.14	-0.01	3	6942	卖盘
14:48:12	23.15	-0.01	5	11575	卖盘
14:47:54	23.16	--	1	2316	买盘
14:47:45	23.16	--	2	4632	买盘
14:47:39	23.16	--	21	48636	卖盘
14:47:30	23.16	--	14	32424	卖盘
14:47:24	23.16	0.01	15	34740	买盘
14:47:18	23.15	--	1	2315	卖盘
14:47:12	23.15	-0.01	13	30094	卖盘
14:47:06	23.16	--	2	4632	买盘
14:46:54	23.16	--	27	62532	卖盘
14:46:48	23.16	--	8	18528	卖盘
14:46:45	23.16	--	6	13896	买盘
14:46:42	23.16	0.01	59	136644	买盘
14:46:27	23.15	0.02	50	115750	买盘
14:46:24	23.13	--	18	41634	卖盘
14:46:18	23.13	--	49	113337	卖盘
14:46:06	23.13	--	0	1017	买盘
14:46:00	23.13	0.01	4	10547	买盘
14:45:57	23.12	--	20	46240	卖盘
14:45:54	23.12	--	4	9248	卖盘
14:45:48	23.12	--	1	2312	卖盘
14:45:21	23.12	-0.03	0	2173	卖盘
14:45:18	23.15	0.02	23	53245	买盘
14:45:09	23.13	0.01	17	39321	买盘
14:45:06	23.12	--	2	4624	卖盘
14:45:03	23.12	0.02	0	1156	买盘
14:44:48	23.1	-0.01	46	106260	卖盘
14:44:39	23.11	--	6	13866	卖盘
14:44:36	23.11	--	27	62397	卖盘
14:44:24	23.11	--	4	9244	卖盘
14:44:21	23.11	-0.01	4	9244	卖盘
14:44:09	23.12	0.01	13	30056	买盘
14:44:03	23.11	--	38	87818	卖盘
14:44:00	23.11	--	1	2311	卖盘
14:43:57	23.11	-0.01	1	2311	卖盘
14:43:51	23.12	--	10	23120	买盘
14:43:42	23.12	-0.03	117	271660	卖盘
14:43:30	23.15	0.01	13	30094	买盘
14:43:24	23.14	-0.01	15	34710	卖盘
14:43:21	23.15	0.01	2	4630	买盘
14:43:18	23.14	-0.01	12	27768	卖盘
14:43:03	23.15	-0.01	3	7083	卖盘
14:43:00	23.16	0.01	8	18528	买盘
14:42:48	23.15	--	5	11575	卖盘
14:42:45	23.15	0.01	6	16066	买盘
14:42:39	23.14	-0.01	24	55536	卖盘
14:42:30	23.15	-0.01	61	141353	卖盘
14:42:27	23.16	0.01	5	11580	买盘
14:42:21	23.15	-0.01	20	46300	卖盘
14:42:18	23.16	0.01	2	4632	买盘
14:42:06	23.15	--	3	6945	卖盘
14:42:03	23.15	--	10	23150	卖盘
14:42:00	23.15	--	28	66996	卖盘
14:41:51	23.15	-0.01	5	11575	卖盘
14:41:33	23.16	0.01	10	23160	买盘
14:41:24	23.15	--	32	74080	买盘
14:41:18	23.15	--	15	34725	卖盘
14:41:03	23.15	-0.01	1	2315	卖盘
14:40:54	23.16	0.01	1	2316	买盘
14:40:48	23.15	-0.01	1	2315	卖盘
14:40:45	23.16	0.01	5	11580	买盘
14:40:42	23.15	--	74	171310	卖盘
14:40:39	23.15	--	2	4630	卖盘
14:40:36	23.15	-0.01	7	16204	卖盘
14:40:27	23.16	0.01	7	16212	买盘
14:40:03	23.15	-0.01	14	32409	卖盘
14:39:45	23.16	--	20	46320	卖盘
14:39:33	23.16	-0.01	5	11580	卖盘
14:39:18	23.17	-0.01	27	62698	卖盘
14:39:06	23.18	0.01	3	6954	买盘
14:39:03	23.17	--	1	2317	卖盘
14:38:57	23.17	--	4	9268	卖盘
14:38:51	23.17	-0.01	28	64876	卖盘
14:38:45	23.18	--	15	34770	买盘
14:38:21	23.18	-0.02	2	4636	中性盘
14:37:57	23.2	--	2	4640	中性盘
14:37:45	23.2	--	2	4640	卖盘
14:37:42	23.2	0.03	3	6960	买盘
14:37:39	23.17	--	5	11585	卖盘
14:37:30	23.17	-0.05	1	2317	卖盘
14:37:21	23.22	0.02	17	39474	买盘
14:37:06	23.2	0.03	10	23200	买盘
14:36:57	23.17	--	86	199262	卖盘
14:36:51	23.17	0.02	72	169001	买盘
14:36:36	23.15	0.01	10	23150	买盘
14:36:33	23.14	--	19	45123	卖盘
14:36:24	23.14	0.01	4	9256	买盘
14:36:18	23.13	--	35	80955	卖盘
14:35:57	23.13	-0.01	9	20817	卖盘
14:35:48	23.14	-0.01	97	224458	卖盘
14:35:45	23.15	0.01	23	53245	买盘
14:35:36	23.14	-0.01	1	2314	卖盘
14:35:33	23.15	--	2	4630	买盘
14:35:27	23.15	--	27	62643	卖盘
14:35:09	23.15	--	13	30094	卖盘
14:35:03	23.15	--	7	16204	卖盘
14:35:00	23.15	--	10	23150	卖盘
14:34:48	23.15	0.01	32	76256	买盘
14:34:45	23.14	-0.01	39	90246	卖盘
14:34:42	23.15	0.01	18	41670	买盘
14:34:30	23.14	-0.01	2	4628	卖盘
14:34:21	23.15	0.01	10	23150	买盘
14:34:18	23.14	-0.01	4	9256	卖盘
14:33:54	23.15	--	26	60328	卖盘
14:33:48	23.15	--	5	11575	卖盘
14:33:45	23.15	--	6	13890	卖盘
14:33:27	23.15	--	7	16204	卖盘
14:33:24	23.15	--	14	32409	卖盘
14:33:21	23.15	--	38	87970	卖盘
14:33:18	23.15	--	10	23150	卖盘
14:33:15	23.15	--	3	6945	卖盘
14:32:51	23.15	--	7	16204	卖盘
14:32:48	23.15	--	2	4630	卖盘
14:32:42	23.15	--	6	13890	卖盘
14:32:30	23.15	--	6	13890	卖盘
14:32:27	23.15	--	15	34725	卖盘
14:32:09	23.15	-0.01	53	122694	卖盘
14:32:00	23.16	-0.01	7	16212	卖盘
14:31:54	23.17	--	22	52456	买盘
14:31:48	23.17	--	3	6951	买盘
14:31:24	23.17	--	1	2317	买盘
14:31:21	23.17	--	5	11585	卖盘
14:31:18	23.17	-0.01	5	11585	卖盘
14:31:15	23.18	0.01	10	23180	买盘
14:30:48	23.17	--	5	11585	卖盘
14:30:33	23.17	-0.01	5	11585	卖盘
14:30:21	23.18	-0.01	4	9272	卖盘
14:30:15	23.19	0.01	1	2319	买盘
14:30:06	23.18	-0.01	23	53314	卖盘
14:30:00	23.19	--	33	76527	卖盘
14:29:57	23.19	--	1	2319	卖盘
14:29:51	23.19	--	4	9276	卖盘
14:29:39	23.19	--	20	46380	卖盘
14:29:33	23.19	-0.03	40	92760	卖盘
14:29:27	23.22	0.02	50	116100	买盘
14:29:06	23.2	--	3	6960	买盘
14:29:03	23.2	0.01	5	11600	买盘
14:29:00	23.19	-0.01	2	4638	卖盘
14:28:48	23.2	--	6	13920	买盘
14:28:42	23.2	0.01	5	11600	买盘
14:28:33	23.19	-0.01	7	16233	卖盘
14:28:27	23.2	--	23	53360	卖盘
14:28:18	23.2	--	11	25520	卖盘
14:28:03	23.2	--	32	74240	卖盘
14:27:51	23.2	-0.02	2	4640	卖盘
14:27:33	23.22	0.01	5	11610	买盘
14:27:30	23.21	--	18	42938	卖盘
14:27:27	23.21	-0.01	1	2321	卖盘
14:26:57	23.22	--	31	71982	卖盘
14:26:30	23.22	--	6	13932	买盘
14:26:12	23.22	0.01	24	55728	买盘
14:26:00	23.21	--	13	30173	卖盘
14:25:57	23.21	--	11	25531	卖盘
14:25:27	23.21	0.01	6	15086	买盘
14:25:24	23.2	--	3	6960	买盘
14:25:21	23.2	--	12	27840	卖盘
14:25:15	23.2	--	1	2320	卖盘
14:25:09	23.2	--	39	90480	卖盘
14:25:00	23.2	--	5	11600	卖盘
14:24:57	23.2	0.01	47	109040	买盘
14:24:21	23.19	--	3	6957	买盘
14:24:09	23.19	--	5	11595	买盘
14:24:00	23.19	0.02	18	41742	买盘
14:23:54	23.17	--	5	11585	卖盘
14:23:33	23.17	--	4	9268	卖盘
14:23:27	23.17	0.01	5	11585	中性盘
14:23:06	23.16	--	8	18528	买盘
14:23:00	23.16	--	3	6948	卖盘
14:22:54	23.16	--	1	2316	卖盘
14:22:45	23.16	-0.06	59	136644	卖盘
14:22:09	23.22	0.02	5	11610	买盘
14:22:00	23.2	-0.01	13	30160	卖盘
14:21:51	23.21	--	7	16247	买盘
14:21:48	23.21	--	1	2321	买盘
14:21:33	23.21	--	7	16247	卖盘
14:21:21	23.21	-0.01	3	6963	卖盘
14:21:18	23.22	--	4	9288	中性盘
14:21:03	23.22	-0.01	5	11610	卖盘
14:20:57	23.23	--	4	9292	买盘
14:20:48	23.23	--	26	60398	买盘
14:20:42	23.23	0.01	4	9292	买盘
14:20:33	23.22	-0.01	20	46440	卖盘
14:20:30	23.23	--	72	167256	买盘
14:20:21	23.23	--	15	34845	买盘
14:20:15	23.23	--	4	9292	买盘
14:20:09	23.23	0.02	6	13938	买盘
14:20:03	23.21	-0.01	12	27852	卖盘
14:20:00	23.22	--	5	11610	卖盘
14:19:54	23.22	--	8	18576	买盘
14:19:51	23.22	--	1	2322	买盘
14:19:48	23.22	--	4	9288	买盘
14:19:42	23.22	--	4	9288	买盘
14:19:33	23.22	0.02	6	13932	买盘
14:19:24	23.2	--	3	6960	卖盘
14:19:21	23.2	-0.01	1	2320	卖盘
14:19:18	23.21	--	10	23210	买盘
14:19:06	23.21	-0.01	1	2321	中性盘
14:18:51	23.22	0.02	3	6966	买盘
14:18:45	23.2	--	39	90480	买盘
14:18:39	23.2	0.01	16	37120	买盘
14:18:36	23.19	--	4	9276	买盘
14:18:30	23.19	0.01	3	6957	买盘
14:18:27	23.18	--	3	6954	买盘
14:18:24	23.18	--	4	9272	买盘
14:18:21	23.18	--	6	13908	买盘
14:18:18	23.18	--	4	9272	买盘
14:18:09	23.18	0.02	4	9272	买盘
14:17:57	23.16	--	7	16212	买盘
14:17:54	23.16	--	5	11580	买盘
14:17:51	23.16	--	10	23160	买盘
14:17:48	23.16	--	8	18528	买盘
14:17:39	23.16	0.01	29	67858	买盘
14:17:33	23.15	0.01	87	201405	买盘
14:17:30	23.14	-0.01	2	4628	卖盘
14:17:24	23.15	--	10	23150	买盘
14:17:18	23.15	-0.01	42	98850	卖盘
14:17:12	23.16	0.01	3	6948	买盘
14:17:00	23.15	--	27	63199	买盘
14:16:54	23.15	0.01	5	11575	买盘
14:16:48	23.14	--	3	6942	买盘
14:16:42	23.14	--	6	15503	卖盘
14:16:30	23.14	--	0	694	买盘
14:16:27	23.14	--	50	115700	买盘
14:16:24	23.14	--	6	13884	买盘
14:16:18	23.14	--	4	9256	买盘
14:16:06	23.14	--	2	4628	买盘
14:16:03	23.14	--	4	9256	买盘
14:15:48	23.14	0.01	4	9256	买盘
14:15:45	23.13	0.01	7	16191	买盘
14:15:33	23.12	0.01	21	48552	卖盘
14:15:27	23.11	--	27	62397	卖盘
14:15:18	23.11	0.01	5	11555	中性盘
14:14:54	23.1	--	20	46200	卖盘
14:14:45	23.1	-0.04	6	13860	卖盘
14:14:36	23.14	--	4	9256	买盘
14:14:24	23.14	--	11	25454	买盘
14:14:18	23.14	0.04	4	9256	买盘
14:14:15	23.1	-0.04	9	20790	卖盘
14:14:12	23.14	0.04	4	9256	买盘
14:14:00	23.1	--	11	25410	买盘
14:13:57	23.1	--	5	11550	买盘
14:13:54	23.1	0.01	2	4620	买盘
14:13:51	23.09	-0.01	1	2309	卖盘
14:13:48	23.1	--	4	9240	买盘
14:13:39	23.1	--	13	30030	买盘
14:13:33	23.1	--	4	9240	买盘
14:13:30	23.1	--	4	9240	买盘
14:13:24	23.1	-0.04	271	626010	卖盘
14:13:18	23.14	0.02	4	9256	买盘
14:13:12	23.12	-0.02	3	6936	中性盘
14:12:51	23.14	--	4	9256	买盘
14:12:39	23.14	--	4	9256	买盘
14:12:30	23.14	0.04	4	9256	买盘
14:12:24	23.1	--	53	122430	卖盘
14:12:21	23.1	--	7	16170	卖盘
14:12:18	23.1	--	24	55440	卖盘
14:12:12	23.1	--	10	23100	卖盘
14:12:03	23.1	--	10	23100	卖盘
14:11:57	23.1	0.01	28	64680	买盘
14:11:54	23.09	-0.01	3	6927	卖盘
14:11:51	23.1	0.01	1	2310	买盘
14:11:45	23.09	--	11	25399	卖盘
14:11:24	23.09	--	5	11545	卖盘
14:10:57	23.09	--	6	13854	卖盘
14:10:39	23.09	-0.02	30	69270	卖盘
14:10:36	23.11	0.01	10	23110	买盘
14:10:30	23.1	-0.01	122	281820	卖盘
14:10:15	23.11	--	24	55464	卖盘
14:09:57	23.11	-0.01	3	6933	卖盘
14:09:39	23.12	--	11	25432	卖盘
14:09:27	23.12	--	3	6936	卖盘
14:09:18	23.12	0.01	2	4624	中性盘
14:08:51	23.11	--	1	2311	卖盘
14:08:39	23.11	--	17	39287	卖盘
14:08:18	23.11	--	35	80885	卖盘
14:08:09	23.11	-0.01	2	4622	卖盘
14:07:45	23.12	--	9	20808	买盘
14:07:27	23.12	--	1	2312	卖盘
14:06:54	23.12	--	16	36992	卖盘
14:06:42	23.12	-0.02	1	2312	卖盘
14:05:57	23.14	--	1	2314	买盘
14:05:54	23.14	--	7	17817	卖盘
14:05:39	23.14	--	14	32396	卖盘
14:05:33	23.14	--	3	6942	卖盘
14:05:27	23.14	-0.01	5	11570	卖盘
14:05:06	23.15	-0.01	23	53245	卖盘
14:04:57	23.16	--	5	11580	买盘
14:04:48	23.16	--	2	4632	卖盘
14:04:27	23.16	-0.01	4	9264	卖盘
14:04:18	23.17	0.01	5	11585	买盘
14:04:00	23.16	--	2	4632	卖盘
14:03:54	23.16	-0.01	3	6948	卖盘
14:03:45	23.17	--	5	11585	买盘
14:03:42	23.17	0.01	5	11585	中性盘
14:02:54	23.16	0.01	23	53268	买盘
14:02:30	23.15	--	2	4630	卖盘
14:02:27	23.15	--	5	11575	买盘
14:01:51	23.15	--	1	2315	买盘
14:01:42	23.15	0.01	30	69450	买盘
14:01:30	23.14	--	0	694	卖盘
14:01:18	23.14	--	4	9256	买盘
14:01:12	23.14	--	15	34710	买盘
14:01:00	23.14	--	10	23140	买盘
14:00:42	23.14	0.01	11	25454	买盘
14:00:39	23.13	-0.01	8	18504	卖盘
14:00:36	23.14	--	9	20826	卖盘
14:00:24	23.14	0.02	25	57850	买盘
13:59:51	23.12	-0.01	1	2312	卖盘
13:59:48	23.13	--	5	11565	买盘
13:59:36	23.13	--	1	2313	买盘
13:59:30	23.13	0.01	4	9252	买盘
13:59:21	23.12	--	1	2312	卖盘
13:58:51	23.12	--	5	11560	卖盘
13:57:42	23.12	-0.02	3	6936	中性盘
13:57:21	23.14	--	2	4628	卖盘
13:56:45	23.14	0.03	16	37024	买盘
13:56:33	23.11	0.01	5	11555	中性盘
13:56:18	23.1	-0.04	5	11550	卖盘
13:56:15	23.14	0.04	4	9256	买盘
13:55:51	23.1	--	3	6930	卖盘
13:55:45	23.1	-0.04	10	23100	卖盘
13:55:27	23.14	0.04	1	2314	买盘
13:55:15	23.1	-0.01	8	18480	卖盘
13:55:03	23.11	-0.03	2	4622	中性盘
13:54:51	23.14	0.06	3	6942	中性盘
13:53:51	23.08	-0.07	3	6923	卖盘
13:53:00	23.15	-0.01	21	48615	卖盘
13:52:54	23.16	0.01	5	11580	卖盘
13:52:45	23.15	-0.01	3	6945	卖盘
13:52:27	23.16	--	10	23160	卖盘
13:52:18	23.16	0.01	1	2316	买盘
13:52:03	23.15	0.07	17	39355	买盘
13:51:42	23.08	--	18	41544	买盘
13:51:21	23.08	--	17	39236	卖盘
13:51:03	23.08	-0.02	1	2308	卖盘
13:51:00	23.1	--	100	231000	买盘
13:50:54	23.1	--	2	4620	买盘
13:50:51	23.1	-0.05	265	614067	卖盘
13:50:48	23.15	--	47	108805	卖盘
13:50:45	23.15	0.03	203	469945	买盘
13:50:24	23.12	0.02	54	124848	买盘
13:50:12	23.1	-0.02	61	140910	卖盘
13:50:06	23.12	--	3	6936	中性盘
13:49:36	23.12	--	2	4624	买盘
13:49:33	23.12	-0.03	1	2312	卖盘
13:49:06	23.15	--	15	34725	卖盘
13:49:03	23.15	-0.01	2	4630	卖盘
13:48:30	23.16	0.01	12	27792	买盘
13:48:27	23.15	--	4	9260	卖盘
13:48:03	23.15	0.01	2	4630	买盘
13:47:57	23.14	--	4	9256	买盘
13:47:45	23.14	--	6	13884	卖盘
13:47:27	23.14	0.01	2	4628	买盘
13:47:15	23.13	0.02	2	4626	中性盘
13:46:42	23.11	--	3	6933	买盘
13:46:39	23.11	--	1	2311	买盘
13:46:30	23.11	--	20	46220	买盘
13:46:03	23.11	--	4	9244	买盘
13:46:00	23.11	--	10	23110	买盘
13:45:48	23.11	--	6	13866	卖盘
13:45:21	23.11	0.01	4	9244	中性盘
13:44:15	23.1	--	20	46200	卖盘
13:44:00	23.1	--	1	2310	卖盘
13:43:54	23.1	--	6	13860	卖盘
13:43:51	23.1	0.01	32	74312	买盘
13:43:48	23.09	0.01	1	3532	买盘
13:43:39	23.08	-0.02	1	2308	卖盘
13:43:09	23.1	--	3	8015	卖盘
13:43:03	23.1	--	25	57750	卖盘
13:43:00	23.1	--	17	39270	卖盘
13:42:45	23.1	--	1	2310	卖盘
13:42:39	23.1	-0.02	48	110880	卖盘
13:42:30	23.12	--	12	27744	买盘
13:42:18	23.12	-0.03	1	2312	卖盘
13:41:57	23.15	-0.01	28	64819	卖盘
13:41:33	23.16	-0.01	1	2316	卖盘
13:41:24	23.17	--	4	9268	买盘
13:41:21	23.17	--	4	9268	卖盘
13:41:15	23.17	-0.01	10	23170	卖盘
13:40:42	23.18	-0.01	1	2318	卖盘
13:40:33	23.19	--	4	11525	卖盘
13:40:24	23.19	--	5	11595	卖盘
13:40:15	23.19	-0.01	25	57975	卖盘
13:40:03	23.2	--	11	25589	买盘
13:39:48	23.2	--	20	46400	买盘
13:39:39	23.2	-0.03	17	41690	卖盘
13:39:24	23.23	--	1	2323	中性盘
13:38:51	23.23	--	3	6969	卖盘
13:38:42	23.23	0.03	37	85951	买盘
13:38:18	23.2	--	14	32480	卖盘
13:38:15	23.2	--	0	69	卖盘
13:38:00	23.2	0.01	21	48720	买盘
13:37:42	23.19	0.02	20	46380	中性盘
13:37:00	23.17	-0.03	10	23170	卖盘
13:36:51	23.2	--	13	30160	买盘
13:36:45	23.2	--	12	27840	买盘
13:36:30	23.2	--	7	16240	买盘
13:36:24	23.2	--	2	4640	买盘
13:36:18	23.2	--	2	4640	买盘
13:36:06	23.2	0.01	5	11600	买盘
13:35:54	23.19	--	51	118269	卖盘
13:35:42	23.19	0.01	7	16233	买盘
13:35:33	23.18	0.01	5	11590	买盘
13:35:18	23.17	0.01	11	25487	买盘
13:34:54	23.16	0.01	2	4632	买盘
13:34:45	23.15	0.01	5	13612	买盘
13:34:42	23.14	--	2	4628	卖盘
13:34:33	23.14	--	3	6942	卖盘
13:34:27	23.14	--	0	1180	卖盘
13:34:03	23.14	0.02	3	7103	买盘
13:34:00	23.12	-0.02	1	2312	卖盘
13:33:30	23.14	0.02	50	115700	买盘
13:32:39	23.12	-0.02	19	43928	卖盘
13:32:33	23.14	0.02	5	11570	买盘
13:32:24	23.12	-0.02	0	300	卖盘
13:32:21	23.14	0.02	1	2314	买盘
13:32:15	23.12	-0.02	10	23120	卖盘
13:32:06	23.14	0.02	38	87932	买盘
13:32:00	23.12	-0.01	5	11560	卖盘
13:31:57	23.13	0.01	2	4626	买盘
13:31:03	23.12	--	0	855	买盘
13:30:54	23.12	--	2	4624	买盘
13:30:45	23.12	--	2	6751	卖盘
13:30:27	23.12	--	0	92	卖盘
13:29:51	23.12	--	0	92	买盘
13:29:48	23.12	--	2	4624	买盘
13:29:42	23.12	0.01	46	106352	买盘
13:29:27	23.11	-0.01	14	32354	卖盘
13:29:18	23.12	-0.01	2	4624	买盘
13:29:09	23.13	--	5	11565	买盘
13:29:03	23.13	0.02	2	4626	买盘
13:28:54	23.11	-0.01	24	55464	卖盘
13:28:48	23.12	--	8	18496	卖盘
13:28:45	23.12	0.01	15	34680	买盘
13:28:39	23.11	-0.01	2	4622	中性盘
13:28:24	23.12	0.02	3	6936	买盘
13:28:15	23.1	-0.01	10	23307	卖盘
13:27:57	23.11	--	2	4622	卖盘
13:27:42	23.11	-0.01	8	18488	卖盘
13:27:39	23.12	--	4	9248	买盘
13:27:18	23.12	--	22	50864	卖盘
13:27:12	23.12	-0.01	2	4624	卖盘
13:27:09	23.13	--	5	11565	买盘
13:27:06	23.13	--	1	2313	买盘
13:26:36	23.13	--	3	6939	买盘
13:26:33	23.13	--	13	32335	卖盘
13:26:21	23.13	0.01	2	4672	买盘
13:26:03	23.12	0.01	6	13872	买盘
13:25:24	23.11	--	10	23110	卖盘
13:25:18	23.11	--	0	46	卖盘
13:25:15	23.11	0.01	0	23	中性盘
13:24:36	23.1	-0.03	21	49872	卖盘
13:24:21	23.13	--	1	2313	买盘
13:24:18	23.13	--	2	4626	买盘
13:24:03	23.13	-0.01	3	9205	卖盘
13:23:57	23.14	0.01	2	4628	买盘
13:23:48	23.13	-0.01	0	46	卖盘
13:23:33	23.14	--	8	18512	买盘
13:23:27	23.14	-0.01	2	4628	中性盘
13:23:18	23.15	0.01	11	25465	买盘
13:23:15	23.14	0.01	1	2314	买盘
13:23:00	23.13	-0.02	1	2313	卖盘
13:22:42	23.15	--	4	10209	卖盘
13:22:27	23.15	--	2	4630	卖盘
13:22:24	23.15	--	0	300	卖盘
13:22:18	23.15	0.02	13	31159	买盘
13:22:12	23.13	--	8	18504	卖盘
13:22:09	23.13	-0.01	4	10501	卖盘
13:22:06	23.14	--	0	1064	中性盘
13:21:33	23.14	-0.03	7	16198	卖盘
13:21:30	23.17	--	2	4634	买盘
13:21:12	23.17	-0.01	7	16219	卖盘
13:21:00	23.18	--	1	2318	买盘
13:20:54	23.18	--	3	6954	买盘
13:20:42	23.18	--	4	9272	买盘
13:20:39	23.18	--	3	6954	买盘
13:20:09	23.18	0.03	6	13908	买盘
13:20:00	23.15	-0.02	31	71765	卖盘
13:19:57	23.17	0.02	87	201579	买盘
13:19:21	23.15	--	10	23150	卖盘
13:19:15	23.15	--	36	83340	买盘
13:19:12	23.15	0.01	2	4630	买盘
13:18:57	23.14	--	10	23140	卖盘
13:18:54	23.14	--	1	2314	卖盘
13:18:51	23.14	0.02	3	6942	买盘
13:18:00	23.12	-0.02	0	1895	卖盘
13:17:54	23.14	0.02	5	11570	买盘
13:17:36	23.12	--	10	23120	卖盘
13:17:12	23.12	--	4	9248	卖盘
13:16:54	23.12	--	2	4624	卖盘
13:16:48	23.12	--	2	4624	卖盘
13:16:39	23.12	--	11	25432	卖盘
13:16:00	23.12	--	2	4624	卖盘
13:15:09	23.12	0.01	16	36992	卖盘
13:14:51	23.11	--	6	13866	买盘
13:14:42	23.11	--	12	27732	卖盘
13:14:15	23.11	-0.02	5	11555	卖盘
13:14:09	23.13	0.02	18	41634	中性盘
13:13:30	23.11	--	4	9244	卖盘
13:13:18	23.11	-0.03	11	25421	卖盘
13:12:51	23.14	0.03	1	2314	买盘
13:12:45	23.11	-0.03	44	101684	卖盘
13:12:36	23.14	--	14	32396	买盘
13:11:33	23.14	--	3	6942	买盘
13:11:21	23.14	--	1	2314	卖盘
13:11:03	23.14	0.03	8	18512	买盘
13:10:15	23.11	-0.03	1	2311	卖盘
13:10:00	23.14	--	15	34710	买盘
13:09:45	23.14	--	10	23140	买盘
13:09:21	23.14	0.03	10	23140	买盘
13:09:18	23.11	--	1	2311	卖盘
13:08:48	23.11	--	14	32354	买盘
13:08:39	23.11	--	106	244966	买盘
13:08:21	23.11	--	3	6933	买盘
13:08:06	23.11	-0.02	4	9244	卖盘
13:08:03	23.13	0.02	6	13878	买盘
13:07:45	23.11	0.01	5	11555	买盘
13:07:33	23.1	--	3	6930	买盘
13:07:24	23.1	0.01	4	9240	买盘
13:07:12	23.09	0.02	2	4618	买盘
13:06:57	23.07	0.01	3	6921	买盘
13:06:39	23.06	--	3	6918	买盘
13:05:33	23.06	--	1	2306	卖盘
13:05:30	23.06	0.01	13	29978	买盘
13:04:51	23.05	0.01	17	39185	买盘
13:04:36	23.04	0.01	3	6912	买盘
13:04:21	23.03	--	12	27636	卖盘
13:04:03	23.03	--	8	18424	卖盘
13:04:00	23.03	--	2	4606	卖盘
13:03:48	23.03	-0.01	10	23030	卖盘
13:03:42	23.04	0.01	4	9216	买盘
13:03:33	23.03	-0.01	2	4606	卖盘
13:03:30	23.04	--	4	9216	买盘
13:03:27	23.04	--	5	11520	买盘
13:02:15	23.04	--	36	82944	卖盘
13:01:48	23.04	-0.01	2	4608	卖盘
13:01:45	23.05	--	50	115250	买盘
13:01:33	23.05	--	3	6915	卖盘
13:01:30	23.05	--	2	4610	卖盘
13:01:12	23.05	-0.01	2	4610	卖盘
13:00:51	23.06	-0.04	2	4612	卖盘
13:00:42	23.1	0.04	10	23100	买盘
13:00:36	23.06	--	1	2306	卖盘
13:00:21	23.06	0.01	5	11530	卖盘
13:00:06	23.05	-0.07	21	48405	卖盘
13:00:03	23.12	--	78	180336	买盘
13:00:00	23.12	--	0	0	买盘
11:30:00	23.12	--	0	0	买盘
11:29:30	23.12	0.02	11	25432	买盘
11:29:27	23.1	0.07	1	2310	买盘
11:29:21	23.03	-0.03	3	6909	卖盘
11:29:18	23.06	0.03	5	11530	买盘
11:28:48	23.03	--	3	6909	买盘
11:28:36	23.03	-0.03	7	16121	卖盘
11:28:18	23.06	0.03	5	11530	买盘
11:28:15	23.03	-0.01	29	66787	卖盘
11:27:48	23.04	--	1	2534	买盘
11:27:39	23.04	0.01	3	6912	买盘
11:27:36	23.03	--	2	4606	卖盘
11:27:12	23.03	--	4	9212	买盘
11:27:09	23.03	0.01	1	2303	买盘
11:26:57	23.02	0.01	5	11510	中性盘
11:26:42	23.01	-0.03	1	2301	卖盘
11:26:39	23.04	0.01	50	115200	买盘
11:26:33	23.03	-0.01	2	4606	中性盘
11:26:06	23.04	0.03	3	6912	买盘
11:26:00	23.01	-0.05	67	156237	卖盘
11:25:45	23.06	--	46	106076	买盘
11:25:42	23.06	0.02	6	13836	买盘
11:25:39	23.04	-0.02	1	2304	卖盘
11:25:36	23.06	0.02	3	6918	买盘
11:25:21	23.04	0.01	20	46310	买盘
11:25:15	23.03	0.03	4	9212	买盘
11:25:03	23.0	-0.01	21	48300	卖盘
11:24:57	23.01	0.01	1	2301	买盘
11:24:54	23.0	-0.01	8	18400	卖盘
11:24:45	23.01	--	20	46020	买盘
11:24:42	23.01	--	10	23010	买盘
11:24:39	23.01	--	19	43719	卖盘
11:24:24	23.01	--	12	27612	卖盘
11:24:15	23.01	--	9	20709	买盘
11:24:12	23.01	--	10	23010	买盘
11:24:09	23.01	0.01	20	46020	买盘
11:24:03	23.0	-0.01	14	32200	卖盘
11:23:57	23.01	--	44	101244	卖盘
11:23:54	23.01	--	8	18408	卖盘
11:23:51	23.01	-0.01	10	23010	卖盘
11:23:48	23.02	--	8	18416	买盘
11:23:45	23.02	--	3	6906	买盘
11:23:39	23.02	0.01	3	6906	买盘
11:23:33	23.01	-0.01	5	11505	卖盘
11:23:30	23.02	--	5	11510	卖盘
11:23:24	23.02	--	4	9208	卖盘
11:23:18	23.02	0.01	6	13812	中性盘
11:23:09	23.01	-0.01	50	115050	卖盘
11:23:03	23.02	--	13	29926	卖盘
11:23:00	23.02	-0.01	1	2302	卖盘
11:22:48	23.03	-0.01	91	209573	卖盘
11:22:45	23.04	--	6	13824	买盘
11:22:42	23.04	--	1	2304	买盘
11:22:39	23.04	--	5	11520	买盘
11:22:36	23.04	-0.01	16	38937	卖盘
11:22:33	23.05	--	1	2305	买盘
11:22:30	23.05	--	18	41490	卖盘
11:22:27	23.05	--	14	32270	卖盘
11:22:24	23.05	--	8	18440	卖盘
11:22:18	23.05	--	52	119860	买盘
11:22:03	23.05	--	18	41490	卖盘
11:21:51	23.05	--	2	4610	卖盘
11:21:42	23.05	--	3	6915	卖盘
11:21:39	23.05	--	1	2305	卖盘
11:21:36	23.05	--	15	34575	卖盘
11:21:27	23.05	-0.01	16	36880	卖盘
11:21:24	23.06	--	3	6918	买盘
11:21:21	23.06	0.01	5	11530	中性盘
11:21:15	23.05	-0.01	13	29965	卖盘
11:21:12	23.06	-0.01	9	20754	卖盘
11:21:06	23.07	0.01	2	4614	中性盘
11:21:00	23.06	-0.02	72	166032	卖盘
11:20:48	23.08	-0.01	10	23080	卖盘
11:20:39	23.09	--	2	4618	卖盘
11:20:33	23.09	--	6	13854	卖盘
11:20:30	23.09	--	1	2309	卖盘
11:20:03	23.09	-0.03	2	4618	卖盘
11:19:27	23.12	--	4	9248	卖盘
11:18:48	23.12	0.02	1	2312	中性盘
11:18:33	23.1	--	1	2310	卖盘
11:18:24	23.1	0.02	1	2310	卖盘
11:18:00	23.08	0.01	16	36928	中性盘
11:17:45	23.07	--	1	2307	卖盘
11:17:42	23.07	--	4	9228	卖盘
11:17:00	23.07	--	1	2307	卖盘
11:16:54	23.07	--	10	23070	卖盘
11:16:45	23.07	--	4	9228	卖盘
11:16:39	23.07	--	13	29991	卖盘
11:16:06	23.07	-0.08	5	11535	卖盘
11:15:18	23.15	--	1	2315	买盘
11:14:27	23.15	0.08	10	23150	买盘
11:14:24	23.07	--	5	11535	卖盘
11:14:18	23.07	--	8	18456	卖盘
11:14:12	23.07	--	20	46140	卖盘
11:14:00	23.07	--	3	6921	卖盘
11:13:48	23.07	0.01	5	11535	卖盘
11:13:39	23.06	--	2	4612	买盘
11:13:33	23.06	--	7	16142	卖盘
11:13:27	23.06	--	5	11530	卖盘
11:13:15	23.06	-0.01	7	16142	卖盘
11:13:09	23.07	0.01	4	9228	买盘
11:13:00	23.06	-0.01	3	6918	卖盘
11:12:45	23.07	--	8	18456	卖盘
11:12:42	23.07	--	1	2307	卖盘
11:12:39	23.07	--	26	59982	卖盘
11:12:33	23.07	--	32	73824	卖盘
11:12:27	23.07	--	10	23070	卖盘
11:12:09	23.07	--	11	25377	卖盘
11:12:06	23.07	--	4	9228	卖盘
11:11:57	23.07	-0.01	55	126885	卖盘
11:11:51	23.08	0.01	1	2308	买盘
11:11:36	23.07	-0.01	26	59982	卖盘
11:11:27	23.08	--	3	6923	卖盘
11:11:21	23.08	-0.01	5	11540	卖盘
11:11:03	23.09	--	9	20781	买盘
11:10:54	23.09	--	5	11545	卖盘
11:10:30	23.09	--	6	13854	卖盘
11:10:24	23.09	-0.01	10	23090	卖盘
11:10:18	23.1	0.02	4	9240	中性盘
11:09:30	23.08	--	5	11540	卖盘
11:09:00	23.08	-0.01	17	39236	卖盘
11:08:57	23.09	0.01	2	4618	中性盘
11:08:45	23.08	-0.02	5	11540	卖盘
11:08:39	23.1	--	4	9240	卖盘
11:08:27	23.1	-0.03	91	210210	卖盘
11:07:45	23.13	-0.02	32	74016	卖盘
11:07:36	23.15	--	6	13890	卖盘
11:07:30	23.15	-0.01	5	11575	卖盘
11:07:21	23.16	--	38	88008	卖盘
11:07:09	23.16	-0.01	31	71796	卖盘
11:07:06	23.17	--	8	18536	卖盘
11:07:03	23.17	--	2	4634	卖盘
11:06:57	23.17	-0.01	10	23170	卖盘
11:06:45	23.18	--	5	11590	买盘
11:06:33	23.18	--	5	11590	卖盘
11:06:30	23.18	--	13	30134	卖盘
11:06:27	23.18	--	10	23180	卖盘
11:06:24	23.18	-0.02	82	190076	卖盘
11:05:39	23.2	0.02	3	6960	买盘
11:05:33	23.18	-0.02	15	34770	卖盘
11:05:27	23.2	--	17	39440	买盘
11:05:12	23.2	-0.01	5	11600	卖盘
11:04:54	23.21	0.01	8	18568	买盘
11:04:48	23.2	--	5	11600	卖盘
11:04:18	23.2	0.03	3	6960	买盘
11:04:03	23.17	--	4	9268	卖盘
11:03:51	23.17	-0.03	10	23170	卖盘
11:03:36	23.2	-0.01	4	9280	卖盘
11:02:51	23.21	-0.01	18	41778	卖盘
11:02:36	23.22	0.01	9	20898	买盘
11:01:45	23.21	0.01	3	6963	买盘
11:01:42	23.2	--	1	2320	卖盘
11:01:24	23.2	--	3	6960	卖盘
11:01:09	23.2	--	5	11600	卖盘
11:00:57	23.2	--	32	74240	卖盘
11:00:45	23.2	--	5	11600	卖盘
11:00:39	23.2	--	2	4640	卖盘
11:00:27	23.2	-0.01	30	69600	卖盘
11:00:21	23.21	--	5	11605	卖盘
11:00:18	23.21	--	7	16247	卖盘
11:00:06	23.21	-0.01	19	44099	卖盘
10:59:45	23.22	--	3	6966	买盘
10:59:42	23.22	--	5	11610	买盘
10:59:39	23.22	--	5	11610	买盘
10:59:00	23.22	0.01	5	11610	买盘
10:58:45	23.21	--	10	23210	卖盘
10:58:42	23.21	--	13	30173	买盘
10:58:24	23.21	0.01	10	23210	买盘
10:57:30	23.2	0.03	130	301600	买盘
10:57:24	23.17	-0.01	13	30121	买盘
10:57:06	23.18	--	6	13908	卖盘
10:57:03	23.18	0.01	32	74176	买盘
10:56:42	23.17	0.02	5	11585	买盘
10:56:21	23.15	-0.01	64	148160	卖盘
10:56:18	23.16	0.01	56	129696	买盘
10:56:03	23.15	--	2	4630	卖盘
10:55:57	23.15	--	30	69450	买盘
10:55:48	23.15	0.02	20	46300	买盘
10:55:42	23.13	-0.02	5	11565	卖盘
10:55:12	23.15	0.02	5	11575	买盘
10:54:39	23.13	--	1	2313	卖盘
10:54:30	23.13	--	8	18504	买盘
10:54:21	23.13	--	8	18504	买盘
10:54:09	23.13	--	1	2313	买盘
10:54:03	23.13	-0.03	3	6939	卖盘
10:53:57	23.16	0.01	50	115800	买盘
10:53:48	23.15	0.02	7	16204	买盘
10:53:30	23.13	--	2	4626	卖盘
10:52:48	23.13	0.02	8	18504	买盘
10:52:42	23.11	0.03	11	25421	卖盘
10:52:36	23.08	-0.05	41	94628	卖盘
10:52:33	23.13	0.04	7	16191	买盘
10:52:18	23.09	-0.01	10	23090	卖盘
10:52:06	23.1	--	2	4620	买盘
10:51:51	23.1	-0.05	3	6930	卖盘
10:51:39	23.15	0.05	5	11575	买盘
10:51:33	23.1	--	8	18480	卖盘
10:51:30	23.1	0.01	5	11550	中性盘
10:51:03	23.09	0.05	7	16163	中性盘
10:50:39	23.04	-0.03	134	308736	卖盘
10:50:33	23.07	0.02	7	16149	中性盘
10:50:15	23.05	-0.11	47	108565	卖盘
10:50:09	23.16	--	4	9264	卖盘
10:50:06	23.16	0.09	2	4632	买盘
10:50:03	23.07	-0.03	47	108429	卖盘
10:50:00	23.1	--	9	20790	买盘
10:49:57	23.1	-0.06	88	203280	卖盘
10:49:48	23.16	-0.01	14	32424	中性盘
10:49:33	23.17	0.02	20	46340	买盘
10:49:30	23.15	-0.01	2	4630	中性盘
10:49:18	23.16	0.02	2	4632	买盘
10:49:15	23.14	-0.01	1	2314	卖盘
10:49:00	23.15	-0.01	12	27780	卖盘
10:48:51	23.16	0.02	27	62532	中性盘
10:48:30	23.14	--	2	4628	卖盘
10:48:24	23.14	0.01	6	13884	买盘
10:48:15	23.13	--	9	20817	买盘
10:47:54	23.13	0.01	1	2313	买盘
10:46:39	23.12	0.02	3	6936	买盘
10:45:42	23.1	0.02	17	39270	买盘
10:45:21	23.08	-0.02	14	32311	卖盘
10:45:18	23.1	0.02	3	6930	买盘
10:45:06	23.08	--	10	23080	卖盘
10:45:00	23.08	--	10	23080	卖盘
10:44:42	23.08	-0.01	5	11540	卖盘
10:44:33	23.09	--	8	18472	买盘
10:43:57	23.09	0.02	10	23090	买盘
10:43:42	23.07	-0.03	1	2307	卖盘
10:43:33	23.1	0.01	14	32340	买盘
10:43:30	23.09	--	5	11545	买盘
10:43:24	23.09	--	9	20781	卖盘
10:43:21	23.09	-0.01	4	9236	卖盘
10:42:54	23.1	--	15	34650	卖盘
10:42:18	23.1	--	10	23100	卖盘
10:42:06	23.1	--	2	4620	买盘
10:42:03	23.1	--	11	25410	买盘
10:42:00	23.1	--	1	2310	买盘
10:41:57	23.1	--	1	2310	买盘
10:41:54	23.1	--	2	4620	买盘
10:41:45	23.1	0.01	20	46200	买盘
10:41:30	23.09	0.03	8	18472	买盘
10:41:21	23.06	-0.03	6	13836	卖盘
10:41:18	23.09	--	5	11545	买盘
10:41:12	23.09	0.03	3	6927	买盘
10:41:03	23.06	0.01	2	4612	中性盘
10:40:45	23.05	--	5	11525	买盘
10:40:39	23.05	--	5	11525	买盘
10:40:30	23.05	0.01	5	11525	买盘
10:40:27	23.04	0.01	2	4608	中性盘
10:40:06	23.03	--	27	62181	卖盘
10:39:57	23.03	--	6	13818	买盘
10:39:54	23.03	--	5	11515	买盘
10:39:42	23.03	--	5	11515	买盘
10:39:30	23.03	-0.02	1	2303	买盘
10:39:27	23.05	--	4	9220	卖盘
10:39:09	23.05	--	3	6915	卖盘
10:39:06	23.05	--	1	2305	买盘
10:38:57	23.05	--	7	16135	卖盘
10:38:48	23.05	--	20	46100	卖盘
10:38:42	23.05	-0.01	30	69150	卖盘
10:38:27	23.06	0.01	3	6918	买盘
10:38:24	23.05	-0.01	197	454085	买盘
10:38:18	23.06	--	9	20754	卖盘
10:38:12	23.06	--	2	4612	卖盘
10:38:00	23.06	-0.04	4	9224	卖盘
10:37:57	23.1	0.04	3	6930	中性盘
10:37:45	23.06	-0.04	73	168338	卖盘
10:37:30	23.1	-0.03	100	231000	卖盘
10:37:24	23.13	-0.01	92	212796	卖盘
10:37:12	23.14	-0.03	1	2314	卖盘
10:36:57	23.17	0.01	5	11585	买盘
10:36:51	23.16	0.02	1	2316	中性盘
10:36:42	23.14	-0.02	100	231400	卖盘
10:36:27	23.16	0.01	1	2316	中性盘
10:36:09	23.15	-0.02	3	6945	卖盘
10:36:06	23.17	0.02	2	4634	买盘
10:36:03	23.15	--	16	37040	买盘
10:36:00	23.15	--	4	9260	卖盘
10:35:51	23.15	--	1	2315	卖盘
10:35:42	23.15	-0.02	32	74080	卖盘
10:35:36	23.17	--	23	53291	卖盘
10:35:30	23.17	--	4	9268	卖盘
10:35:21	23.17	--	12	27804	卖盘
10:35:18	23.17	--	85	196945	卖盘
10:35:12	23.17	--	1	2317	卖盘
10:35:03	23.17	-0.02	5	11585	卖盘
10:34:51	23.19	--	4	9276	买盘
10:34:48	23.19	--	5	11595	买盘
10:34:45	23.19	--	102	236538	卖盘
10:34:24	23.19	--	2	4638	卖盘
10:34:21	23.19	--	1	2319	卖盘
10:34:18	23.19	--	13	30147	卖盘
10:33:48	23.19	--	6	13914	卖盘
10:33:27	23.19	-0.03	3	6957	卖盘
10:33:24	23.22	0.03	2	4644	买盘
10:33:21	23.19	-0.03	10	23190	卖盘
10:33:15	23.22	0.03	3	6966	买盘
10:33:12	23.19	-0.03	6	13914	卖盘
10:33:00	23.22	0.03	1	2322	买盘
10:32:45	23.19	-0.03	1	2319	卖盘
10:32:30	23.22	0.02	59	136998	买盘
10:32:15	23.2	--	5	11600	卖盘
10:32:09	23.2	0.02	1	2320	中性盘
10:32:00	23.18	-0.02	36	83448	卖盘
10:31:57	23.2	--	30	69600	买盘
10:31:27	23.2	-0.02	15	34800	卖盘
10:31:12	23.22	-0.01	12	27864	买盘
10:31:06	23.23	0.01	11	25553	买盘
10:31:00	23.22	0.02	9	20898	中性盘
10:30:21	23.2	--	4	9280	卖盘
10:30:12	23.2	0.02	12	27840	买盘
10:29:51	23.18	-0.01	10	23180	卖盘
10:29:48	23.19	0.01	5	11595	买盘
10:29:39	23.18	--	10	23180	卖盘
10:29:30	23.18	--	27	62586	买盘
10:29:27	23.18	--	4	9272	买盘
10:29:00	23.18	--	9	20862	卖盘
10:28:57	23.18	-0.01	13	30134	卖盘
10:28:48	23.19	-0.01	5	11595	卖盘
10:28:30	23.2	-0.03	9	20880	卖盘
10:28:15	23.23	0.01	12	27876	买盘
10:28:12	23.22	-0.01	1	2322	卖盘
10:27:42	23.23	-0.01	15	34845	卖盘
10:27:36	23.24	--	2	4648	卖盘
10:27:33	23.24	--	17	39508	卖盘
10:27:27	23.24	--	3	6971	卖盘
10:27:24	23.24	--	3	6971	中性盘
10:27:09	23.24	--	51	118523	卖盘
10:26:57	23.24	--	2	4648	卖盘
10:26:54	23.24	0.01	1	2324	买盘
10:26:51	23.23	--	10	23230	卖盘
10:26:48	23.23	--	7	16261	卖盘
10:26:42	23.23	--	3	6969	卖盘
10:26:30	23.23	-0.01	10	23230	卖盘
10:26:09	23.24	--	14	32535	卖盘
10:26:03	23.24	--	4	9296	卖盘
10:25:54	23.24	--	8	18592	卖盘
10:25:48	23.24	--	2	4648	卖盘
10:25:39	23.24	-0.02	3	6971	买盘
10:25:36	23.26	0.01	102	237252	买盘
10:25:33	23.25	0.01	4	9300	买盘
10:25:24	23.24	--	4	9296	卖盘
10:25:21	23.24	--	1	2324	买盘
10:25:18	23.24	-0.01	4	9296	买盘
10:25:06	23.25	0.02	8	18600	买盘
10:25:00	23.23	--	8	18584	买盘
10:24:54	23.23	--	4	9292	买盘
10:24:51	23.23	0.01	48	111504	买盘
10:24:48	23.22	-0.01	5	11610	中性盘
10:24:36	23.23	0.05	3	6969	买盘
10:24:15	23.18	0.03	1	2318	卖盘
10:24:09	23.15	-0.08	10	23150	卖盘
10:24:06	23.23	0.08	90	209070	买盘
10:24:03	23.15	--	1	2315	卖盘
10:23:57	23.15	--	5	11575	卖盘
10:23:48	23.15	--	22	50930	卖盘
10:23:33	23.15	0.01	8	18520	买盘
10:23:24	23.14	--	6	13884	买盘
10:23:18	23.14	--	18	41652	买盘
10:23:12	23.14	--	4	9256	买盘
10:23:09	23.14	0.01	16	37024	买盘
10:23:06	23.13	--	45	104085	买盘
10:23:03	23.13	--	2	4626	卖盘
10:22:57	23.13	--	2	4626	卖盘
10:22:51	23.13	-0.02	2	4626	卖盘
10:22:45	23.15	0.02	1	2315	买盘
10:22:36	23.13	--	3	6939	买盘
10:22:27	23.13	--	16	37008	买盘
10:22:24	23.13	--	8	18504	买盘
10:22:21	23.13	-0.02	3	6939	卖盘
10:22:12	23.15	0.02	5	11575	买盘
10:22:03	23.13	--	17	39321	买盘
10:21:45	23.13	--	1	2313	买盘
10:21:39	23.13	--	3	6939	买盘
10:21:30	23.13	-0.01	3	6939	卖盘
10:21:18	23.14	-0.01	4	9256	卖盘
10:21:15	23.15	--	1	2315	买盘
10:21:00	23.15	--	8	18520	卖盘
10:20:54	23.15	-0.03	2	4630	卖盘
10:20:39	23.18	-0.01	5	11590	卖盘
10:20:24	23.19	--	4	9276	买盘
10:20:21	23.19	--	6	13914	买盘
10:20:18	23.19	-0.01	4	9276	卖盘
10:20:15	23.2	--	10	23200	买盘
10:20:06	23.2	0.01	2	4640	买盘
10:20:00	23.19	-0.01	3	6957	卖盘
10:19:57	23.2	0.01	1	2320	买盘
10:19:54	23.19	--	16	37104	买盘
10:19:48	23.19	0.01	9	20871	买盘
10:19:45	23.18	--	11	25498	卖盘
10:19:36	23.18	--	1	2318	买盘
10:19:30	23.18	--	10	23180	买盘
10:19:27	23.18	--	1	2318	买盘
10:19:18	23.18	--	2	4636	买盘
10:19:15	23.18	--	1	2318	买盘
10:19:09	23.18	0.03	11	25498	买盘
10:19:06	23.15	--	8	18520	卖盘
10:19:03	23.15	0.01	1	2315	买盘
10:19:00	23.14	--	2	4628	卖盘
10:18:57	23.14	--	1	2314	卖盘
10:18:54	23.14	--	16	37024	买盘
10:18:51	23.14	--	21	48594	买盘
10:18:36	23.14	0.02	3	6942	买盘
10:18:09	23.12	--	8	18496	卖盘
10:17:42	23.12	--	16	36992	买盘
10:17:33	23.12	--	11	25432	买盘
10:17:30	23.12	--	2	4624	买盘
10:17:21	23.12	--	2	4624	买盘
10:17:18	23.12	--	3	6936	买盘
10:17:12	23.12	--	9	20808	买盘
10:17:09	23.12	--	4	9248	买盘
10:17:06	23.12	--	10	23120	买盘
10:17:03	23.12	--	10	23120	买盘
10:16:57	23.12	--	10	23120	买盘
10:16:39	23.12	0.01	1	2312	买盘
10:16:36	23.11	--	3	6933	卖盘
10:16:27	23.11	0.01	7	16177	买盘
10:16:24	23.1	-0.01	20	46200	卖盘
10:16:12	23.11	--	9	20799	买盘
10:16:03	23.11	0.01	2	4622	买盘
10:15:54	23.1	0.01	53	122430	买盘
10:15:51	23.09	-0.01	3	6927	卖盘
10:15:45	23.1	0.01	2	4620	买盘
10:15:42	23.09	-0.01	10	23090	卖盘
10:15:39	23.1	--	3	6930	买盘
10:15:36	23.1	--	5	11550	买盘
10:15:33	23.1	0.01	3	6930	买盘
10:15:24	23.09	--	17	39253	买盘
10:15:21	23.09	--	18	41562	买盘
10:15:00	23.09	0.01	4	9236	买盘
10:14:57	23.08	--	2	4616	卖盘
10:14:51	23.08	0.02	4	9232	买盘
10:14:48	23.06	-0.02	107	246742	卖盘
10:14:45	23.08	0.02	94	216951	买盘
10:14:42	23.06	--	11	25366	卖盘
10:14:36	23.06	-0.01	8	18448	卖盘
10:14:33	23.07	--	22	50754	买盘
10:14:18	23.07	--	26	59982	卖盘
10:14:15	23.07	-0.01	4	9228	卖盘
10:14:12	23.08	0.01	4	9232	买盘
10:14:00	23.07	-0.01	7	16149	卖盘
10:13:57	23.08	0.01	2	4616	买盘
10:13:54	23.07	-0.01	1	2307	卖盘
10:13:45	23.08	0.01	1	2308	买盘
10:13:42	23.07	-0.01	10	23070	卖盘
10:13:27	23.08	-0.01	51	117707	卖盘
10:13:24	23.09	--	12	27708	买盘
10:13:21	23.09	0.01	3	6927	买盘
10:13:18	23.08	--	9	20772	卖盘
10:13:12	23.08	--	10	23080	卖盘
10:13:09	23.08	-0.01	10	23080	卖盘
10:13:06	23.09	--	1	2309	买盘
10:13:03	23.09	--	14	32326	买盘
10:12:54	23.09	-0.03	43	99287	卖盘
10:12:42	23.12	0.03	20	46240	买盘
10:12:39	23.09	--	6	13854	卖盘
10:12:33	23.09	-0.03	53	122377	卖盘
10:12:21	23.12	--	1	2312	买盘
10:11:57	23.12	--	21	48552	买盘
10:11:54	23.12	--	22	50864	买盘
10:11:48	23.12	--	5	11560	买盘
10:11:39	23.12	0.02	9	20808	买盘
10:11:33	23.1	0.02	1	2310	买盘
10:11:21	23.08	0.02	7	16155	买盘
10:11:18	23.06	--	4	9224	卖盘
10:11:15	23.06	--	21	48426	买盘
10:11:12	23.06	--	5	11530	买盘
10:11:00	23.06	--	44	101464	买盘
10:10:54	23.06	0.04	22	50732	买盘
10:10:51	23.02	0.01	15	34530	买盘
10:10:42	23.01	0.01	5	11505	买盘
10:10:36	23.0	0.01	39	89700	买盘
10:10:33	22.99	--	46	105754	买盘
10:10:30	22.99	--	37	85063	买盘
10:10:27	22.99	0.01	3	6896	买盘
10:10:18	22.98	0.01	38	87324	买盘
10:10:15	22.97	--	10	22970	卖盘
10:10:09	22.97	--	48	110256	卖盘
10:10:06	22.97	-0.01	17	39049	卖盘
10:10:03	22.98	--	27	62046	买盘
10:10:00	22.98	0.01	13	29874	买盘
10:09:54	22.97	0.01	6	13782	卖盘
10:09:48	22.96	-0.01	20	45920	卖盘
10:09:45	22.97	--	21	48237	买盘
10:09:42	22.97	--	19	43643	买盘
10:09:39	22.97	0.01	3	6891	买盘
10:09:36	22.96	-0.01	5	11480	卖盘
10:09:33	22.97	0.01	30	68910	买盘
10:09:30	22.96	--	1	2296	买盘
10:09:27	22.96	--	11	25256	卖盘
10:09:24	22.96	-0.01	10	22960	卖盘
10:09:21	22.97	0.02	25	57425	买盘
10:09:18	22.95	--	43	98685	卖盘
10:09:15	22.95	-0.01	2	4590	卖盘
10:09:12	22.96	0.02	18	41328	买盘
10:09:09	22.94	-0.03	8	18352	卖盘
10:09:00	22.97	-0.01	5	11485	中性盘
10:08:42	22.98	0.06	2	4596	买盘
10:08:39	22.92	-0.06	22	50424	卖盘
10:08:36	22.98	--	2	4596	买盘
10:08:33	22.98	--	1	2298	买盘
10:08:24	22.98	0.06	14	32172	买盘
10:08:21	22.92	0.01	7	16044	中性盘
10:08:18	22.91	--	11	25201	卖盘
10:08:15	22.91	--	27	61857	买盘
10:08:12	22.91	--	53	121423	买盘
10:08:09	22.91	--	37	84767	买盘
10:08:06	22.91	--	25	57275	卖盘
10:08:03	22.91	--	4	9164	卖盘
10:08:00	22.91	-0.07	7	16037	卖盘
10:07:57	22.98	0.11	35	80430	买盘
10:07:54	22.87	-0.03	2	4574	卖盘
10:07:51	22.9	-0.09	30	68700	中性盘
10:07:45	22.99	0.08	25	57474	买盘
10:07:42	22.91	0.01	10	22910	买盘
10:07:39	22.9	0.05	57	130529	买盘
10:07:33	22.85	-0.05	26	59410	卖盘
10:07:27	22.9	0.01	6	13740	中性盘
10:07:21	22.89	-0.11	32	73248	卖盘
10:07:18	23.0	0.1	11	25300	买盘
10:07:15	22.9	-0.1	39	89310	卖盘
10:07:09	23.0	0.1	4	9200	买盘
10:07:06	22.9	-0.1	111	254189	卖盘
10:07:03	23.0	-0.01	30	69000	卖盘
10:06:57	23.01	--	89	204789	卖盘
10:06:51	23.01	--	15	34515	卖盘
10:06:48	23.01	-0.02	6	13806	卖盘
10:06:45	23.03	-0.02	19	43757	卖盘
10:06:42	23.05	--	9	20745	买盘
10:06:39	23.05	0.02	1	2305	买盘
10:06:36	23.03	-0.03	24	55272	卖盘
10:06:33	23.06	-0.03	9	20754	卖盘
10:06:30	23.09	--	4	9236	买盘
10:06:27	23.09	-0.01	28	64652	卖盘
10:06:15	23.1	-0.03	53	122430	卖盘
10:06:06	23.13	0.02	119	275247	买盘
10:06:03	23.11	--	16	36976	卖盘
10:06:00	23.11	--	10	23110	卖盘
10:05:57	23.11	-0.01	89	205679	卖盘
10:05:54	23.12	--	52	120224	买盘
10:05:48	23.12	0.01	1	2312	买盘
10:05:45	23.11	-0.02	100	231100	卖盘
10:05:42	23.13	--	18	41634	卖盘
10:05:39	23.13	0.01	27	62451	买盘
10:05:36	23.12	--	12	27744	卖盘
10:05:33	23.12	-0.01	16	36992	卖盘
10:05:27	23.13	--	60	138780	买盘
10:05:18	23.13	--	13	30069	卖盘
10:05:12	23.13	-0.01	45	104085	卖盘
10:05:06	23.14	0.01	5	11570	买盘
10:04:57	23.13	-0.01	15	34695	卖盘
10:04:48	23.14	--	46	106444	卖盘
10:04:39	23.14	--	40	92560	卖盘
10:04:36	23.14	--	1	2314	卖盘
10:04:30	23.14	--	2	4628	卖盘
10:04:24	23.14	0.01	13	30082	买盘
10:04:21	23.13	--	62	143406	卖盘
10:04:18	23.13	--	14	32382	卖盘
10:04:15	23.13	-0.01	13	30069	卖盘
10:04:12	23.14	0.01	20	46280	中性盘
10:04:06	23.13	--	2	4626	卖盘
10:04:03	23.13	-0.02	25	57825	卖盘
10:04:00	23.15	--	3	6945	卖盘
10:03:54	23.15	0.02	7	16204	买盘
10:03:48	23.13	--	71	164223	卖盘
10:03:42	23.13	--	15	34695	卖盘
10:03:39	23.13	--	70	161910	买盘
10:03:36	23.13	--	15	34695	买盘
10:03:33	23.13	--	3	6939	买盘
10:03:27	23.13	-0.01	23	53199	卖盘
10:03:24	23.14	--	2	4628	卖盘
10:03:21	23.14	0.01	18	41652	买盘
10:03:15	23.13	-0.01	45	104085	卖盘
10:03:12	23.14	--	23	53222	卖盘
10:03:03	23.14	0.01	5	11570	中性盘
10:03:00	23.13	-0.05	18	41634	卖盘
10:02:57	23.18	0.05	1	2318	中性盘
10:02:54	23.13	--	30	69390	卖盘
10:02:51	23.13	-0.02	10	23130	卖盘
10:02:48	23.15	0.02	4	9260	买盘
10:02:45	23.13	--	8	18504	买盘
10:02:42	23.13	-0.06	2	4626	卖盘
10:02:39	23.19	--	12	27828	卖盘
10:02:36	23.19	--	21	48699	卖盘
10:02:33	23.19	0.06	36	83484	买盘
10:02:30	23.13	-0.05	11	25443	卖盘
10:02:27	23.18	--	1	2318	卖盘
10:02:18	23.18	--	3	6954	卖盘
10:02:15	23.18	-0.01	5	11590	卖盘
10:02:12	23.19	0.02	3	6957	买盘
10:02:09	23.17	-0.03	16	37072	卖盘
10:02:03	23.2	-0.03	23	53360	卖盘
10:01:42	23.23	--	99	229977	卖盘
10:01:27	23.23	--	8	18584	卖盘
10:01:21	23.23	--	51	118473	卖盘
10:01:18	23.23	--	7	16261	卖盘
10:01:15	23.23	--	4	9292	卖盘
10:01:12	23.23	--	20	46460	卖盘
10:01:09	23.23	--	3	6969	卖盘
10:01:00	23.23	-0.02	5	11615	卖盘
10:00:51	23.25	--	1	2325	买盘
10:00:48	23.25	--	8	18600	买盘
10:00:30	23.25	-0.01	15	34875	卖盘
10:00:24	23.26	--	5	11630	卖盘
10:00:21	23.26	--	28	65128	卖盘
10:00:18	23.26	--	20	46520	卖盘
10:00:15	23.26	--	10	23260	卖盘
10:00:06	23.26	--	10	23260	卖盘
10:00:00	23.26	-0.01	1	2326	卖盘
09:59:57	23.27	--	9	20943	买盘
09:59:54	23.27	--	1	2327	买盘
09:59:51	23.27	-0.01	10	23270	卖盘
09:59:48	23.28	--	32	74496	买盘
09:59:42	23.28	--	20	46560	买盘
09:59:36	23.28	0.01	32	74496	买盘
09:59:27	23.27	0.01	7	16289	买盘
09:59:24	23.26	0.01	22	51172	卖盘
09:59:15	23.25	0.01	53	123225	买盘
09:59:12	23.24	-0.02	206	478743	卖盘
09:59:09	23.26	0.01	1	2326	买盘
09:58:54	23.25	0.01	7	16275	买盘
09:58:51	23.24	--	3	6971	卖盘
09:58:45	23.24	0.01	20	46480	卖盘
09:58:36	23.23	0.01	15	34845	中性盘
09:58:30	23.22	-0.02	35	81270	中性盘
09:58:18	23.24	--	2	4648	卖盘
09:58:09	23.24	0.05	28	65071	买盘
09:57:57	23.19	-0.01	50	115950	卖盘
09:57:54	23.2	--	119	276080	买盘
09:57:51	23.2	--	1	2320	买盘
09:57:48	23.2	--	6	13920	买盘
09:57:45	23.2	--	9	20880	买盘
09:57:36	23.2	0.01	7	16240	买盘
09:57:27	23.19	--	5	11595	卖盘
09:57:21	23.19	0.03	2	4638	卖盘
09:57:15	23.16	-0.02	12	27792	卖盘
09:57:12	23.18	--	20	46360	卖盘
09:57:00	23.18	0.02	18	41724	买盘
09:56:57	23.16	--	17	39372	卖盘
09:56:54	23.16	--	5	11580	卖盘
09:56:45	23.16	--	26	60216	卖盘
09:56:42	23.16	0.01	25	57900	买盘
09:56:39	23.15	--	26	60189	卖盘
09:56:36	23.15	-0.01	3	6945	卖盘
09:56:33	23.16	--	2	4632	卖盘
09:56:27	23.16	-0.04	34	78744	卖盘
09:56:18	23.2	--	17	39440	买盘
09:56:09	23.2	0.02	28	64960	买盘
09:56:03	23.18	-0.02	3	6954	卖盘
09:56:00	23.2	-0.02	68	157760	卖盘
09:55:57	23.22	0.02	120	278640	中性盘
09:55:51	23.2	-0.02	55	127600	卖盘
09:55:48	23.22	--	35	81270	买盘
09:55:45	23.22	--	5	11610	买盘
09:55:42	23.22	0.01	19	44118	买盘
09:55:39	23.21	--	31	71951	卖盘
09:55:30	23.21	--	5	11605	卖盘
09:55:24	23.21	--	31	71951	卖盘
09:55:15	23.21	--	19	44099	卖盘
09:55:12	23.21	--	5	11605	卖盘
09:55:09	23.21	-0.02	18	41778	卖盘
09:55:03	23.23	0.02	1	2323	买盘
09:54:54	23.21	-0.02	8	18568	卖盘
09:54:51	23.23	0.02	12	27876	买盘
09:54:48	23.21	--	2	4642	卖盘
09:54:45	23.21	0.01	4	9284	中性盘
09:54:39	23.2	--	1	2320	卖盘
09:54:33	23.2	-0.03	80	185600	卖盘
09:54:30	23.23	-0.01	8	18584	卖盘
09:54:24	23.24	-0.01	4	9296	卖盘
09:54:21	23.25	--	7	16275	买盘
09:54:18	23.25	--	20	46500	卖盘
09:54:15	23.25	--	11	25575	卖盘
09:54:12	23.25	-0.01	11	25575	卖盘
09:54:06	23.26	-0.02	23	53498	卖盘
09:54:03	23.28	--	20	46560	买盘
09:53:57	23.28	0.01	30	69840	买盘
09:53:54	23.27	--	9	20943	卖盘
09:53:51	23.27	-0.01	5	11635	卖盘
09:53:45	23.28	--	2	4656	买盘
09:53:39	23.28	-0.02	56	130368	卖盘
09:53:36	23.3	--	1	2330	买盘
09:53:30	23.3	--	7	16310	买盘
09:53:27	23.3	-0.06	115	270047	卖盘
09:53:24	23.36	0.03	1	2336	买盘
09:53:18	23.33	--	3	6998	卖盘
09:53:09	23.33	--	21	48993	买盘
09:53:00	23.33	0.01	15	34995	买盘
09:52:57	23.32	-0.01	2	4664	卖盘
09:52:54	23.33	--	1	2333	买盘
09:52:51	23.33	0.01	13	30328	买盘
09:52:45	23.32	--	21	49205	买盘
09:52:42	23.32	--	14	32648	卖盘
09:52:36	23.32	--	7	16324	卖盘
09:52:33	23.32	--	10	23320	卖盘
09:52:18	23.32	--	12	27984	卖盘
09:52:15	23.32	--	1	2332	卖盘
09:52:12	23.32	-0.01	30	69960	卖盘
09:52:09	23.33	0.01	5	11665	买盘
09:52:03	23.32	-0.01	14	32648	卖盘
09:51:54	23.33	0.01	3	6998	买盘
09:51:45	23.32	--	10	23320	卖盘
09:51:42	23.32	0.01	13	30316	买盘
09:51:36	23.31	--	5	11655	卖盘
09:51:33	23.31	--	1	2331	卖盘
09:51:30	23.31	--	19	44289	卖盘
09:51:27	23.31	--	5	11655	卖盘
09:51:21	23.31	--	2	4662	卖盘
09:51:09	23.31	--	17	39627	卖盘
09:51:06	23.31	--	25	58275	卖盘
09:50:57	23.31	--	2	4662	卖盘
09:50:48	23.31	-0.02	1	2331	卖盘
09:50:33	23.33	--	1	2333	买盘
09:50:30	23.33	0.02	6	13997	买盘
09:50:27	23.31	-0.02	10	23310	卖盘
09:50:21	23.33	--	5	11665	卖盘
09:50:15	23.33	0.02	20	46660	卖盘
09:50:12	23.31	-0.02	57	132867	卖盘
09:50:09	23.33	--	50	116649	卖盘
09:50:06	23.33	--	8	18664	卖盘
09:50:03	23.33	--	3	6998	卖盘
09:49:57	23.33	-0.03	5	11665	卖盘
09:49:54	23.36	0.03	4	9344	买盘
09:49:48	23.33	--	5	11665	卖盘
09:49:45	23.33	--	11	25662	卖盘
09:49:30	23.33	--	5	11665	卖盘
09:49:21	23.33	-0.03	20	46660	卖盘
09:49:18	23.36	--	5	11680	买盘
09:49:15	23.36	--	6	14016	卖盘
09:49:12	23.36	--	20	46720	卖盘
09:49:09	23.36	-0.01	11	25696	卖盘
09:48:57	23.37	--	7	16359	卖盘
09:48:54	23.37	--	10	23370	卖盘
09:48:45	23.37	-0.01	10	23370	卖盘
09:48:39	23.38	0.01	8	18704	买盘
09:48:33	23.37	--	1	2337	卖盘
09:48:30	23.37	--	25	58425	买盘
09:48:27	23.37	--	4	9348	买盘
09:48:24	23.37	--	5	11685	卖盘
09:48:21	23.37	--	1	2337	卖盘
09:48:12	23.37	0.01	1	2337	中性盘
09:48:03	23.36	-0.02	5	11680	卖盘
09:47:57	23.38	0.02	5	11690	中性盘
09:47:45	23.36	-0.01	4	9344	卖盘
09:47:33	23.37	0.01	4	9348	买盘
09:47:27	23.36	-0.03	8	18688	中性盘
09:47:18	23.39	--	105	245595	卖盘
09:47:15	23.39	--	87	203493	卖盘
09:47:12	23.39	--	22	51458	卖盘
09:47:09	23.39	-0.01	6	14034	卖盘
09:47:06	23.4	--	31	72540	买盘
09:47:03	23.4	0.01	46	107640	买盘
09:46:57	23.39	--	3	7017	卖盘
09:46:54	23.39	--	1	2339	卖盘
09:46:51	23.39	--	11	25729	卖盘
09:46:48	23.39	--	21	49119	卖盘
09:46:42	23.39	--	15	35085	卖盘
09:46:39	23.39	-0.01	95	222205	卖盘
09:46:36	23.4	--	30	70200	买盘
09:46:30	23.4	--	13	30419	买盘
09:46:21	23.4	--	2	4680	买盘
09:46:18	23.4	--	27	63179	卖盘
09:46:15	23.4	-0.01	13	30419	卖盘
09:46:12	23.41	0.01	5	11705	买盘
09:46:09	23.4	-0.01	38	88920	卖盘
09:45:51	23.41	--	2	4682	买盘
09:45:48	23.41	-0.01	3	7023	卖盘
09:45:45	23.42	--	20	46840	买盘
09:45:39	23.42	--	7	16394	卖盘
09:45:36	23.42	--	3	7026	卖盘
09:45:27	23.42	0.02	20	46840	买盘
09:45:21	23.4	-0.02	18	42120	卖盘
09:45:18	23.42	0.02	10	23420	买盘
09:45:12	23.4	-0.01	5	11700	卖盘
09:45:09	23.41	0.01	3	7023	买盘
09:45:06	23.4	-0.02	4	9360	卖盘
09:45:03	23.42	--	5	11710	买盘
09:45:00	23.42	0.02	1	2342	买盘
09:44:57	23.4	-0.02	90	210600	卖盘
09:44:54	23.42	0.01	3	7026	买盘
09:44:42	23.41	--	7	16387	买盘
09:44:30	23.41	-0.01	18	42138	卖盘
09:44:24	23.42	0.01	12	28104	买盘
09:44:15	23.41	0.01	11	25751	卖盘
09:44:12	23.4	--	1	2340	卖盘
09:44:09	23.4	-0.01	68	159120	卖盘
09:44:03	23.41	0.01	25	58525	中性盘
09:43:57	23.4	-0.01	4	9360	卖盘
09:43:54	23.41	0.01	1	2341	买盘
09:43:51	23.4	--	61	142740	卖盘
09:43:48	23.4	0.01	4	9360	买盘
09:43:45	23.39	-0.01	16	37424	卖盘
09:43:42	23.4	--	34	79560	买盘
09:43:33	23.4	--	10	23400	买盘
09:43:24	23.4	-0.02	83	194220	卖盘
09:43:21	23.42	0.02	5	11710	卖盘
09:43:18	23.4	--	67	156780	卖盘
09:43:15	23.4	-0.02	128	299520	卖盘
09:43:06	23.42	0.02	2	4684	卖盘
09:43:03	23.4	-0.02	6	14040	卖盘
09:43:00	23.42	0.02	5	11710	买盘
09:42:57	23.4	--	3	7020	卖盘
09:42:48	23.4	--	42	98280	卖盘
09:42:45	23.4	0.01	33	77220	买盘
09:42:30	23.39	0.01	72	168408	买盘
09:42:21	23.38	-0.01	4	9352	卖盘
09:42:18	23.39	0.07	4	9356	买盘
09:42:15	23.32	-0.01	13	30316	卖盘
09:42:12	23.33	--	1	2333	中性盘
09:42:09	23.33	--	3	6998	卖盘
09:42:03	23.33	0.03	3	6998	中性盘
09:42:00	23.3	-0.03	17	39610	卖盘
09:41:57	23.33	--	5	11665	买盘
09:41:54	23.33	--	8	18664	卖盘
09:41:48	23.33	0.03	4	9332	中性盘
09:41:33	23.3	-0.1	45	104850	卖盘
09:41:27	23.4	0.08	6	14040	买盘
09:41:24	23.32	--	5	11660	卖盘
09:41:18	23.32	0.01	4	9328	中性盘
09:41:15	23.31	-0.01	21	48951	卖盘
09:41:12	23.32	0.01	8	18656	买盘
09:41:09	23.31	-0.01	4	9324	卖盘
09:41:00	23.32	--	14	32648	买盘
09:40:54	23.32	--	3	6996	买盘
09:40:51	23.32	0.01	10	23320	买盘
09:40:48	23.31	-0.01	18	41958	卖盘
09:40:42	23.32	0.01	10	23320	买盘
09:40:39	23.31	-0.01	1	2331	卖盘
09:40:36	23.32	--	9	20988	买盘
09:40:33	23.32	-0.01	84	195888	买盘
09:40:30	23.33	-0.07	59	137647	卖盘
09:40:21	23.4	--	64	149760	卖盘
09:40:18	23.4	--	5	11700	卖盘
09:40:15	23.4	-0.03	5	11700	卖盘
09:40:09	23.43	--	4	9372	买盘
09:40:06	23.43	--	20	46860	卖盘
09:40:03	23.43	-0.02	1	2343	卖盘
09:40:00	23.45	--	2	4690	买盘
09:39:54	23.45	-0.01	50	117250	卖盘
09:39:51	23.46	0.01	12	28152	买盘
09:39:48	23.45	--	18	42210	卖盘
09:39:39	23.45	-0.01	1	2345	卖盘
09:39:36	23.46	-0.01	10	23460	卖盘
09:39:33	23.47	0.01	27	63369	买盘
09:39:30	23.46	-0.01	5	11730	卖盘
09:39:27	23.47	--	20	46940	买盘
09:39:24	23.47	--	5	11735	买盘
09:39:21	23.47	-0.01	3	7041	卖盘
09:39:18	23.48	--	24	56352	买盘
09:39:09	23.48	-0.01	130	305240	卖盘
09:39:06	23.49	--	3	7046	卖盘
09:39:03	23.49	--	13	30536	卖盘
09:38:57	23.49	0.03	3	7046	卖盘
09:38:54	23.46	-0.03	33	77418	卖盘
09:38:51	23.49	--	5	11745	买盘
09:38:48	23.49	--	5	11745	买盘
09:38:45	23.49	0.03	10	23490	买盘
09:38:42	23.46	-0.04	7	16422	卖盘
09:38:39	23.5	--	4	9400	买盘
09:38:33	23.5	--	1	2350	买盘
09:38:27	23.5	--	1	2350	买盘
09:38:24	23.5	--	44	103400	卖盘
09:38:18	23.5	0.01	72	169200	买盘
09:38:15	23.49	-0.01	2	4698	卖盘
09:38:06	23.5	0.04	20	47000	买盘
09:38:03	23.46	0.01	1	2346	中性盘
09:38:00	23.45	-0.03	70	164150	卖盘
09:37:57	23.48	--	17	39916	卖盘
09:37:54	23.48	-0.01	5	11740	卖盘
09:37:51	23.49	0.01	10	23490	买盘
09:37:48	23.48	0.02	40	93920	买盘
09:37:42	23.46	-0.02	10	23460	卖盘
09:37:36	23.48	--	49	115052	买盘
09:37:33	23.48	0.01	12	28176	买盘
09:37:27	23.47	-0.01	23	53981	卖盘
09:37:24	23.48	0.01	100	234800	买盘
09:37:18	23.47	-0.01	2	4694	卖盘
09:37:15	23.48	0.01	10	23480	买盘
09:37:12	23.47	--	5	11735	卖盘
09:37:06	23.47	-0.01	20	46940	卖盘
09:37:03	23.48	0.01	4	9392	买盘
09:37:00	23.47	-0.01	69	161943	卖盘
09:36:57	23.48	0.01	23	54004	买盘
09:36:48	23.47	-0.01	5	11735	卖盘
09:36:45	23.48	0.01	6	14088	买盘
09:36:42	23.47	--	4	9388	买盘
09:36:39	23.47	-0.01	132	309804	卖盘
09:36:36	23.48	0.01	7	16436	买盘
09:36:33	23.47	-0.01	14	32858	卖盘
09:36:30	23.48	0.01	19	44612	买盘
09:36:27	23.47	--	20	46940	卖盘
09:36:24	23.47	-0.01	6	14082	卖盘
09:36:21	23.48	0.01	67	157316	买盘
09:36:18	23.47	0.02	12	28164	买盘
09:36:15	23.45	-0.02	1	2345	卖盘
09:36:12	23.47	0.02	1	2347	买盘
09:36:09	23.45	-0.02	15	35175	卖盘
09:36:06	23.47	--	104	244088	买盘
09:36:03	23.47	--	2	4694	买盘
09:36:00	23.47	0.01	27	63369	买盘
09:35:54	23.46	-0.01	18	42228	卖盘
09:35:51	23.47	--	70	164290	买盘
09:35:48	23.47	0.01	3	7041	买盘
09:35:45	23.46	0.01	9	21114	卖盘
09:35:42	23.45	-0.02	12	28140	卖盘
09:35:39	23.47	0.01	44	103268	买盘
09:35:36	23.46	0.01	10	23460	买盘
09:35:30	23.45	--	44	103180	买盘
09:35:27	23.45	--	5	11725	买盘
09:35:24	23.45	--	16	37520	买盘
09:35:21	23.45	0.05	2	4690	买盘
09:35:18	23.4	-0.05	2	4680	卖盘
09:35:15	23.45	0.12	21	49245	买盘
09:35:12	23.33	-0.11	54	125981	卖盘
09:35:09	23.44	--	20	46880	卖盘
09:35:06	23.44	0.06	14	32816	买盘
09:35:03	23.38	--	1	2338	卖盘
09:35:00	23.38	0.04	16	37408	买盘
09:34:51	23.34	--	2	4668	卖盘
09:34:45	23.34	--	20	46680	卖盘
09:34:42	23.34	0.01	12	28008	买盘
09:34:36	23.33	0.03	13	32102	买盘
09:34:33	23.3	-0.04	8	18640	卖盘
09:34:30	23.34	0.04	7	16338	买盘
09:34:27	23.3	-0.03	12	27960	卖盘
09:34:24	23.33	0.03	5	11665	买盘
09:34:18	23.3	-0.04	17	39610	买盘
09:34:03	23.34	0.01	16	37344	买盘
09:34:00	23.33	-0.01	10	23330	卖盘
09:33:48	23.34	0.01	2	4668	买盘
09:33:45	23.33	--	3	6998	卖盘
09:33:42	23.33	0.08	5	11665	买盘
09:33:39	23.25	-0.05	36	83700	卖盘
09:33:36	23.3	--	7	16310	卖盘
09:33:33	23.3	--	2	4660	卖盘
09:33:30	23.3	--	3	6990	卖盘
09:33:27	23.3	-0.03	5	11650	卖盘
09:33:24	23.33	0.02	5	11665	买盘
09:33:21	23.31	0.01	5	11655	中性盘
09:33:15	23.3	--	31	72230	卖盘
09:33:09	23.3	-0.01	15	34950	卖盘
09:33:00	23.31	-0.02	9	20979	卖盘
09:32:57	23.33	0.02	22	51325	买盘
09:32:54	23.31	--	27	62937	卖盘
09:32:48	23.31	--	10	23310	卖盘
09:32:45	23.31	--	38	88578	卖盘
09:32:42	23.31	--	1	2331	卖盘
09:32:36	23.31	-0.03	16	37296	卖盘
09:32:33	23.34	0.04	8	18672	买盘
09:32:30	23.3	-0.01	22	51260	卖盘
09:32:27	23.31	0.01	35	83682	买盘
09:32:24	23.3	-0.01	66	153780	卖盘
09:32:21	23.31	--	48	111888	买盘
09:32:18	23.31	--	28	65268	买盘
09:32:15	23.31	0.01	34	79254	买盘
09:32:12	23.3	--	7	16310	卖盘
09:32:09	23.3	-0.01	73	170090	卖盘
09:32:06	23.31	--	18	41958	买盘
09:32:03	23.31	-0.04	82	191375	卖盘
09:32:00	23.35	0.02	10	23350	买盘
09:31:57	23.33	0.02	28	65323	中性盘
09:31:51	23.31	-0.02	40	95337	卖盘
09:31:48	23.33	--	16	37328	买盘
09:31:45	23.33	0.03	7	16330	中性盘
09:31:39	23.3	-0.03	7	16310	卖盘
09:31:36	23.33	--	25	58324	买盘
09:31:33	23.33	0.03	13	30328	中性盘
09:31:21	23.3	0.03	37	86210	买盘
09:31:18	23.27	-0.03	34	79118	卖盘
09:31:15	23.3	0.03	58	135140	买盘
09:31:12	23.27	-0.01	11	25597	卖盘
09:31:09	23.28	-0.02	25	58200	中性盘
09:31:03	23.3	--	5	11650	买盘
09:30:57	23.3	0.05	7	16310	买盘
09:30:54	23.25	-0.1	10	23250	卖盘
09:30:51	23.35	--	38	88730	买盘
09:30:48	23.35	--	22	51370	买盘
09:30:45	23.35	-0.01	33	77055	卖盘
09:30:42	23.36	-0.03	5	11680	中性盘
09:30:39	23.39	0.04	1	2339	中性盘
09:30:36	23.35	-0.05	24	56040	卖盘
09:30:30	23.4	--	1	2340	买盘
09:30:24	23.4	--	3	7020	买盘
09:30:21	23.4	-0.02	5	11700	卖盘
09:30:18	23.42	0.02	2	4684	买盘
09:30:15	23.4	-0.05	50	117561	卖盘
09:30:12	23.45	0.03	15	35175	买盘
09:30:09	23.42	--	9	21078	卖盘
09:30:06	23.42	-0.04	90	210780	卖盘
09:30:03	23.46	0.06	98	231690	买盘
09:30:00	23.4	--	0	0	卖盘
09:25:03	23.4	23.4	193	451620	买盘
