成交时间	成交价	价格变动	成交量(手)	成交额(元)	性质
15:00:03	12.29	--	1968	2418672	买盘
14:57:00	12.29	0.01	6	7373	买盘
14:56:57	12.28	--	13	15964	卖盘
14:56:54	12.28	--	24	29472	卖盘
14:56:51	12.28	--	10	12280	卖盘
14:56:48	12.28	-0.01	40	49120	卖盘
14:56:45	12.29	0.01	39	47931	买盘
14:56:42	12.28	--	19	23332	卖盘
14:56:39	12.28	--	41	50348	卖盘
14:56:36	12.28	--	11	13508	卖盘
14:56:33	12.28	--	102	125256	卖盘
14:56:30	12.28	--	22	27016	卖盘
14:56:27	12.28	--	44	54032	卖盘
14:56:24	12.28	--	129	158412	卖盘
14:56:18	12.28	--	13	15964	卖盘
14:56:15	12.28	--	48	58944	卖盘
14:56:12	12.28	--	106	131187	买盘
14:56:09	12.28	--	77	94556	买盘
14:56:06	12.28	--	12	14736	买盘
14:56:03	12.28	--	89	109292	买盘
14:56:00	12.28	--	19	23332	买盘
14:55:54	12.28	--	21	25788	买盘
14:55:51	12.28	--	38	46664	买盘
14:55:48	12.28	--	14	17192	买盘
14:55:45	12.28	0.01	108	132624	买盘
14:55:42	12.27	--	18	22086	卖盘
14:55:39	12.27	-0.01	9	11043	卖盘
14:55:36	12.28	--	46	56488	买盘
14:55:33	12.28	--	55	67540	买盘
14:55:30	12.28	0.01	26	31928	买盘
14:55:24	12.27	-0.01	42	51534	卖盘
14:55:21	12.28	--	58	71432	卖盘
14:55:18	12.28	--	48	59963	买盘
14:55:15	12.28	0.01	22	27016	买盘
14:55:12	12.27	-0.01	93	114111	卖盘
14:55:09	12.28	--	37	45436	买盘
14:55:06	12.28	--	37	45436	买盘
14:55:03	12.28	0.01	109	133852	买盘
14:55:00	12.27	--	16	19644	卖盘
14:54:57	12.27	--	142	174234	卖盘
14:54:51	12.27	-0.01	61	74847	卖盘
14:54:48	12.28	--	50	61400	买盘
14:54:45	12.28	0.01	67	82276	买盘
14:54:42	12.27	-0.01	38	46626	卖盘
14:54:39	12.28	--	2	2456	买盘
14:54:36	12.28	--	39	47892	买盘
14:54:33	12.28	--	440	540320	买盘
14:54:30	12.28	--	56	68768	买盘
14:54:27	12.28	0.01	2	2456	买盘
14:54:24	12.27	--	72	88344	卖盘
14:54:21	12.27	-0.01	50	61350	卖盘
14:54:18	12.28	--	3	3684	买盘
14:54:15	12.28	--	31	38068	买盘
14:54:12	12.28	0.01	97	119116	买盘
14:54:09	12.27	--	80	98160	卖盘
14:54:06	12.27	-0.01	3	3681	卖盘
14:54:03	12.28	--	2	2456	买盘
14:53:57	12.28	0.01	50	61400	买盘
14:53:54	12.27	--	12	14724	卖盘
14:53:51	12.27	-0.01	56	68712	卖盘
14:53:48	12.28	--	15	18420	买盘
14:53:45	12.28	0.01	30	36840	买盘
14:53:42	12.27	--	18	22086	卖盘
14:53:39	12.27	-0.01	48	58896	卖盘
14:53:36	12.28	0.01	33	40524	买盘
14:53:33	12.27	-0.01	61	74847	卖盘
14:53:24	12.28	0.01	50	61400	买盘
14:53:21	12.27	-0.01	24	29448	卖盘
14:53:18	12.28	0.01	25	30700	买盘
14:53:15	12.27	--	11	13497	卖盘
14:53:12	12.27	--	50	61350	卖盘
14:53:06	12.27	--	26	31902	卖盘
14:53:00	12.27	--	5	6135	卖盘
14:52:57	12.27	-0.01	10	12270	卖盘
14:52:54	12.28	0.01	1	1228	买盘
14:52:51	12.27	--	17	20859	卖盘
14:52:48	12.27	--	3	3681	卖盘
14:52:45	12.27	-0.01	3	3681	卖盘
14:52:42	12.28	0.01	110	135080	买盘
14:52:39	12.27	--	11	13497	卖盘
14:52:36	12.27	--	77	94479	卖盘
14:52:33	12.27	-0.01	231	283437	卖盘
14:52:27	12.28	--	6	7368	买盘
14:52:24	12.28	0.01	20	24560	买盘
14:52:18	12.27	-0.01	53	65031	卖盘
14:52:15	12.28	--	40	49120	买盘
14:52:09	12.28	0.01	10	12280	买盘
14:52:06	12.27	--	3	3681	卖盘
14:52:03	12.27	-0.01	20	24540	卖盘
14:52:00	12.28	--	57	69996	买盘
14:51:54	12.28	0.01	10	12280	买盘
14:51:51	12.27	--	36	44172	卖盘
14:51:48	12.27	-0.01	25	30675	卖盘
14:51:42	12.28	0.01	50	61400	买盘
14:51:39	12.27	-0.01	5	6135	卖盘
14:51:30	12.28	0.01	31	38068	买盘
14:51:27	12.27	-0.01	8	9816	卖盘
14:51:24	12.28	--	10	12280	买盘
14:51:21	12.28	0.01	51	62628	买盘
14:51:18	12.27	-0.01	16	19632	卖盘
14:51:15	12.28	0.01	50	61400	买盘
14:51:12	12.27	--	9	11043	卖盘
14:51:09	12.27	-0.01	23	28221	卖盘
14:51:00	12.28	--	42	51576	买盘
14:50:54	12.28	0.01	85	104380	买盘
14:50:51	12.27	-0.01	7	8589	卖盘
14:50:48	12.28	--	16	19648	买盘
14:50:45	12.28	--	2	2456	买盘
14:50:42	12.28	--	20	24560	买盘
14:50:39	12.28	--	43	52804	卖盘
14:50:36	12.28	-0.01	19	23332	卖盘
14:50:33	12.29	0.01	3	3686	买盘
14:50:30	12.28	--	18	22104	卖盘
14:50:27	12.28	--	7	8596	卖盘
14:50:18	12.28	--	5	6140	卖盘
14:50:12	12.28	--	6	7368	卖盘
14:50:09	12.28	--	422	518216	买盘
14:50:06	12.28	--	40	49120	买盘
14:50:03	12.28	--	19	23332	买盘
14:50:00	12.28	--	40	49120	买盘
14:49:57	12.28	--	17	20876	买盘
14:49:54	12.28	--	18	22104	买盘
14:49:51	12.28	--	11	13508	买盘
14:49:48	12.28	--	43	52804	买盘
14:49:42	12.28	0.01	15	18420	买盘
14:49:36	12.27	-0.01	2	2454	卖盘
14:49:30	12.28	--	30	36840	买盘
14:49:27	12.28	-0.01	74	90872	卖盘
14:49:24	12.29	0.01	2	2458	买盘
14:49:21	12.28	--	7	8596	卖盘
14:49:18	12.28	--	14	17192	卖盘
14:49:12	12.28	0.01	3	3684	中性盘
14:49:09	12.27	-0.02	4	4908	卖盘
14:49:06	12.29	--	8	9832	买盘
14:49:03	12.29	0.02	11	13518	买盘
14:48:57	12.27	-0.01	30	36810	卖盘
14:48:54	12.28	0.01	20	24560	买盘
14:48:48	12.27	--	6	7362	买盘
14:48:45	12.27	--	4	4908	卖盘
14:48:42	12.27	0.01	41	50307	买盘
14:48:39	12.26	-0.01	31	38006	卖盘
14:48:36	12.27	--	25	30675	买盘
14:48:33	12.27	--	8	9816	买盘
14:48:30	12.27	--	39	47853	买盘
14:48:27	12.27	0.01	8	9816	中性盘
14:48:21	12.26	-0.01	8	9808	卖盘
14:48:18	12.27	-0.02	3	3681	中性盘
14:48:06	12.29	0.03	205	251944	买盘
14:48:03	12.26	--	445	545570	卖盘
14:48:00	12.26	--	10	12260	卖盘
14:47:57	12.26	-0.01	23	28198	卖盘
14:47:54	12.27	0.01	17	20859	买盘
14:47:51	12.26	-0.01	50	61300	卖盘
14:47:48	12.27	--	5	6135	买盘
14:47:45	12.27	--	25	30675	买盘
14:47:42	12.27	--	5	6135	买盘
14:47:39	12.27	--	33	40491	买盘
14:47:36	12.27	--	55	67485	买盘
14:47:33	12.27	--	5	6135	买盘
14:47:30	12.27	-0.01	155	190185	卖盘
14:47:27	12.28	--	10	12280	买盘
14:47:21	12.28	0.01	11	13508	买盘
14:47:18	12.27	--	30	36810	卖盘
14:47:15	12.27	--	27	33129	卖盘
14:47:12	12.27	-0.01	14	17178	卖盘
14:47:06	12.28	-0.01	191	235763	卖盘
14:47:03	12.29	0.01	6	7373	买盘
14:47:00	12.28	--	30	36840	卖盘
14:46:57	12.28	--	5	6140	卖盘
14:46:51	12.28	--	5	6140	卖盘
14:46:45	12.28	--	4	4912	卖盘
14:46:42	12.28	--	35	42980	卖盘
14:46:39	12.28	--	2	2456	卖盘
14:46:36	12.28	--	57	69996	卖盘
14:46:33	12.28	0.01	319	391744	买盘
14:46:24	12.27	-0.01	87	106749	卖盘
14:46:21	12.28	--	5	6140	买盘
14:46:15	12.28	--	12	14736	买盘
14:46:12	12.28	--	8	9824	买盘
14:46:09	12.28	--	10	12280	买盘
14:46:03	12.28	--	1	1228	买盘
14:46:00	12.28	--	57	69996	买盘
14:45:57	12.28	--	13	17179	卖盘
14:45:54	12.28	--	64	78604	买盘
14:45:51	12.28	--	55	67540	买盘
14:45:48	12.28	--	1	1228	买盘
14:45:45	12.28	--	3	3684	买盘
14:45:39	12.28	--	10	12280	买盘
14:45:33	12.28	--	20	25775	卖盘
14:45:30	12.28	--	3	3684	卖盘
14:45:24	12.28	--	4	4912	卖盘
14:45:21	12.28	--	17	20888	买盘
14:45:18	12.28	--	10	12280	买盘
14:45:15	12.28	--	8	9824	买盘
14:45:12	12.28	--	6	7368	买盘
14:45:06	12.28	--	2	2456	买盘
14:45:00	12.28	--	3	4899	卖盘
14:44:54	12.28	--	30	36840	卖盘
14:44:48	12.28	-0.01	0	12	卖盘
14:44:42	12.29	0.01	1	1229	买盘
14:44:30	12.28	--	3	3684	卖盘
14:44:27	12.28	-0.01	12	14736	中性盘
14:44:24	12.29	0.02	5	6145	买盘
14:44:21	12.27	--	19	23313	卖盘
14:44:18	12.27	--	1	1227	卖盘
14:44:09	12.27	--	21	25767	卖盘
14:44:06	12.27	--	10	12270	卖盘
14:44:03	12.27	--	40	49080	卖盘
14:43:57	12.27	--	26	31902	卖盘
14:43:48	12.27	--	24	29448	卖盘
14:43:45	12.27	-0.02	7	8589	卖盘
14:43:42	12.29	0.02	1	1229	买盘
14:43:39	12.27	--	53	65031	卖盘
14:43:36	12.27	--	40	49080	卖盘
14:43:33	12.27	--	5	6135	卖盘
14:43:30	12.27	-0.02	95	116565	卖盘
14:43:27	12.29	0.02	203	249486	买盘
14:43:18	12.27	--	10	12270	卖盘
14:43:15	12.27	--	54	66258	卖盘
14:43:09	12.27	--	5	6135	卖盘
14:43:00	12.27	-0.01	10	12270	卖盘
14:42:57	12.28	--	4	4912	卖盘
14:42:54	12.28	--	22	27016	买盘
14:42:48	12.28	--	11	13508	买盘
14:42:39	12.28	--	8	9824	卖盘
14:42:36	12.28	--	10	12280	卖盘
14:42:33	12.28	--	40	49120	买盘
14:42:27	12.28	--	26	31928	买盘
14:42:24	12.28	-0.01	14	17192	卖盘
14:42:21	12.29	0.01	3	3686	买盘
14:42:18	12.28	--	1	1228	买盘
14:42:12	12.28	--	14	17192	卖盘
14:42:09	12.28	-0.01	6	7368	卖盘
14:42:06	12.29	0.01	13	15976	买盘
14:42:03	12.28	--	49	60172	卖盘
14:41:57	12.28	--	15	18420	买盘
14:41:54	12.28	--	8	9824	卖盘
14:41:45	12.28	--	2	2456	卖盘
14:41:42	12.28	--	12	14736	卖盘
14:41:36	12.28	--	19	23332	卖盘
14:41:30	12.28	--	68	83504	卖盘
14:41:27	12.28	--	11	13508	卖盘
14:41:24	12.28	--	1	1228	卖盘
14:41:18	12.28	--	16	19648	卖盘
14:41:15	12.28	--	2	2456	卖盘
14:41:09	12.28	-0.01	33	40524	卖盘
14:41:03	12.29	0.01	25	30724	买盘
14:41:00	12.28	--	14	17192	卖盘
14:40:51	12.28	-0.01	50	61400	卖盘
14:40:45	12.29	0.01	4	4916	买盘
14:40:42	12.28	-0.01	334	410152	卖盘
14:40:36	12.29	--	6	7373	买盘
14:40:27	12.29	--	21	25809	卖盘
14:40:24	12.29	--	2	2458	卖盘
14:40:15	12.29	-0.01	5	6145	卖盘
14:40:09	12.3	0.01	2	2460	买盘
14:40:06	12.29	-0.01	2	2458	卖盘
14:39:51	12.3	0.01	25	30750	买盘
14:39:48	12.29	0.01	62	76198	买盘
14:39:45	12.28	--	20	24560	卖盘
14:39:36	12.28	-0.01	150	184200	卖盘
14:39:33	12.29	--	11	13518	买盘
14:39:30	12.29	--	16	19664	买盘
14:39:27	12.29	--	71	87259	买盘
14:39:24	12.29	--	6	7373	买盘
14:39:21	12.29	0.01	10	12290	买盘
14:39:18	12.28	-0.01	8	9824	卖盘
14:39:15	12.29	--	20	24580	买盘
14:38:57	12.29	--	15	18435	卖盘
14:38:54	12.29	--	15	18435	卖盘
14:38:51	12.29	--	24	29495	卖盘
14:38:48	12.29	-0.01	74	90946	卖盘
14:38:39	12.3	0.01	3	3690	买盘
14:38:36	12.29	--	42	51618	卖盘
14:38:30	12.29	--	7	8603	卖盘
14:38:27	12.29	0.01	36	44244	买盘
14:38:24	12.28	-0.01	20	24560	卖盘
14:38:18	12.29	0.01	20	24580	买盘
14:38:15	12.28	-0.01	40	49120	卖盘
14:38:00	12.29	0.01	8	9832	买盘
14:37:57	12.28	-0.01	19	23332	卖盘
14:37:54	12.29	--	1	1229	买盘
14:37:51	12.29	--	20	24580	卖盘
14:37:48	12.29	-0.01	2	2458	卖盘
14:37:42	12.3	--	5	6150	买盘
14:37:39	12.3	--	15	18450	买盘
14:37:27	12.3	--	1	1230	买盘
14:37:24	12.3	--	1	1230	买盘
14:37:21	12.3	--	10	12300	买盘
14:37:18	12.3	0.02	64	78720	买盘
14:37:15	12.28	-0.01	50	61400	卖盘
14:37:12	12.29	-0.01	3	3686	卖盘
14:36:42	12.3	0.01	65	79950	买盘
14:36:39	12.29	-0.01	4	4916	卖盘
14:36:21	12.3	0.01	24	29520	买盘
14:36:18	12.29	--	10	12290	卖盘
14:36:06	12.29	--	79	97091	卖盘
14:36:03	12.29	-0.01	100	122899	卖盘
14:36:00	12.3	0.01	125	153750	买盘
14:35:57	12.29	-0.01	5	6145	卖盘
14:35:51	12.3	--	50	61500	买盘
14:35:48	12.3	0.01	12	14760	买盘
14:35:45	12.29	--	10	12290	卖盘
14:35:39	12.29	-0.01	15	18435	卖盘
14:35:36	12.3	0.01	94	115620	买盘
14:35:27	12.29	-0.01	1	1229	卖盘
14:35:21	12.3	--	15	18450	买盘
14:35:18	12.3	--	1	1230	买盘
14:35:15	12.3	--	86	105780	买盘
14:35:12	12.3	--	3	3690	买盘
14:35:06	12.3	--	1	1230	买盘
14:35:03	12.3	--	8	9840	买盘
14:34:57	12.3	--	49	60270	买盘
14:34:54	12.3	--	30	36900	买盘
14:34:45	12.3	0.01	7	8610	买盘
14:34:39	12.29	-0.01	10	12290	卖盘
14:34:36	12.3	--	18	22140	买盘
14:34:30	12.3	--	96	118080	买盘
14:34:27	12.3	0.01	5	6150	买盘
14:34:18	12.29	--	4	4916	卖盘
14:34:12	12.29	-0.01	100	122899	卖盘
14:34:09	12.3	0.01	1	1230	买盘
14:34:06	12.29	-0.01	1	1229	卖盘
14:34:03	12.3	--	64	78720	买盘
14:33:57	12.3	0.01	50	61500	买盘
14:33:51	12.29	--	17	20893	卖盘
14:33:48	12.29	--	9	11061	卖盘
14:33:45	12.29	--	51	62678	卖盘
14:33:42	12.29	-0.01	30	36870	卖盘
14:33:30	12.3	0.01	57	70110	买盘
14:33:24	12.29	--	12	14747	卖盘
14:33:15	12.29	0.02	49	60220	买盘
14:33:09	12.27	-0.01	132	161964	卖盘
14:33:03	12.28	--	27	33156	卖盘
14:32:57	12.28	--	28	34384	卖盘
14:32:48	12.28	--	10	12280	卖盘
14:32:39	12.28	--	1	1228	卖盘
14:32:36	12.28	--	37	45436	买盘
14:32:33	12.28	0.01	14	17192	买盘
14:32:30	12.27	-0.01	206	252762	卖盘
14:32:27	12.28	0.01	3	3684	买盘
14:32:24	12.27	-0.01	8	9816	卖盘
14:32:21	12.28	0.01	12	14736	买盘
14:32:18	12.27	--	3	3681	卖盘
14:32:15	12.27	-0.01	18	22086	卖盘
14:32:12	12.28	--	12	14736	买盘
14:32:09	12.28	--	1	1228	买盘
14:32:06	12.28	0.01	22	27016	买盘
14:31:54	12.27	--	16	19632	卖盘
14:31:45	12.27	-0.01	32	39264	卖盘
14:31:36	12.28	--	4	4912	买盘
14:31:33	12.28	0.01	33	40524	买盘
14:31:30	12.27	-0.01	15	18405	卖盘
14:31:27	12.28	0.01	50	61400	买盘
14:31:24	12.27	--	25	30675	卖盘
14:31:15	12.27	-0.01	8	9816	卖盘
14:31:12	12.28	--	5	6140	买盘
14:31:03	12.28	0.01	13	15964	买盘
14:30:57	12.27	-0.01	27	33129	卖盘
14:30:54	12.28	--	5	6140	买盘
14:30:51	12.28	0.01	10	12280	买盘
14:30:48	12.27	--	16	19632	卖盘
14:30:45	12.27	--	30	36810	卖盘
14:30:39	12.27	-0.01	40	49080	卖盘
14:30:36	12.28	--	90	110520	买盘
14:30:24	12.28	--	21	25788	买盘
14:30:09	12.28	--	1	1228	买盘
14:30:00	12.28	--	18	22104	买盘
14:29:57	12.28	--	11	13508	买盘
14:29:51	12.28	0.01	3	3684	买盘
14:29:42	12.27	-0.01	10	12270	卖盘
14:29:39	12.28	0.01	7	8596	买盘
14:29:36	12.27	-0.01	5	6135	卖盘
14:29:27	12.28	-0.01	57	69996	卖盘
14:29:24	12.29	0.01	5	6145	买盘
14:29:21	12.28	--	45	55260	卖盘
14:29:18	12.28	-0.01	21	25788	卖盘
14:29:15	12.29	--	10	12290	买盘
14:29:12	12.29	0.01	12	14747	买盘
14:29:03	12.28	--	1	1228	卖盘
14:28:54	12.28	-0.01	32	39296	卖盘
14:28:48	12.29	0.01	23	28266	买盘
14:28:42	12.28	--	25	30700	卖盘
14:28:39	12.28	-0.01	25	30700	卖盘
14:28:30	12.29	--	1	1229	买盘
14:28:15	12.29	0.01	13	15976	买盘
14:28:12	12.28	--	13	15964	卖盘
14:28:09	12.28	--	108	132624	卖盘
14:28:06	12.28	--	10	12280	卖盘
14:27:54	12.28	-0.01	58	71224	卖盘
14:27:51	12.29	--	1	1229	买盘
14:27:48	12.29	0.01	3	3686	买盘
14:27:45	12.28	-0.01	52	63856	卖盘
14:27:39	12.29	--	11	13518	买盘
14:27:36	12.29	--	5	6145	买盘
14:27:33	12.29	--	3	3686	买盘
14:27:30	12.29	--	2	2458	买盘
14:27:24	12.29	--	1	1229	买盘
14:27:18	12.29	--	1	1229	买盘
14:27:15	12.29	0.01	2	2458	买盘
14:27:09	12.28	-0.01	10	12280	卖盘
14:27:06	12.29	0.01	11	13518	买盘
14:27:00	12.28	-0.01	12	14736	卖盘
14:26:54	12.29	0.01	13	15976	买盘
14:26:42	12.28	0.01	29	35612	买盘
14:26:39	12.27	--	27	33129	卖盘
14:26:36	12.27	-0.01	49	60123	卖盘
14:26:33	12.28	--	4	4912	买盘
14:26:30	12.28	0.01	50	61400	买盘
14:26:27	12.27	--	31	38037	卖盘
14:26:24	12.27	--	3	3681	卖盘
14:26:21	12.27	-0.01	31	38037	卖盘
14:26:18	12.28	0.01	1	1228	买盘
14:26:15	12.27	-0.01	2	2454	卖盘
14:26:12	12.28	0.01	2	2456	买盘
14:26:09	12.27	--	5	6135	卖盘
14:26:06	12.27	0.01	113	138651	买盘
14:26:03	12.26	--	23	28198	卖盘
14:26:00	12.26	-0.01	17	20842	卖盘
14:25:54	12.27	--	2	2454	买盘
14:25:51	12.27	--	14	17178	买盘
14:25:42	12.27	0.01	232	284664	买盘
14:25:36	12.26	--	50	61300	卖盘
14:25:27	12.26	--	5	6130	卖盘
14:25:24	12.26	--	4	4904	卖盘
14:25:18	12.26	0.01	15	18390	买盘
14:25:15	12.25	-0.01	42	51450	卖盘
14:25:09	12.26	--	15	18390	买盘
14:25:06	12.26	--	10	12260	买盘
14:25:03	12.26	--	116	142216	买盘
14:25:00	12.26	0.01	126	154476	买盘
14:24:57	12.25	--	57	69825	卖盘
14:24:54	12.25	--	21	25725	卖盘
14:24:51	12.25	-0.01	17	20825	卖盘
14:24:48	12.26	0.01	4	4904	买盘
14:24:45	12.25	-0.01	31	37975	卖盘
14:24:42	12.26	--	5	6130	买盘
14:24:39	12.26	--	72	88272	买盘
14:24:36	12.26	0.01	124	152024	买盘
14:24:33	12.25	--	59	72275	卖盘
14:24:30	12.25	--	10	12250	卖盘
14:24:27	12.25	-0.01	31	37975	卖盘
14:24:24	12.26	--	2	2452	买盘
14:24:21	12.26	--	1	1226	买盘
14:24:18	12.26	--	10	12260	买盘
14:24:15	12.26	0.01	20	24520	买盘
14:24:12	12.25	--	51	62475	卖盘
14:24:09	12.25	--	83	101675	卖盘
14:24:06	12.25	--	13	15925	卖盘
14:24:03	12.25	-0.01	60	73500	卖盘
14:24:00	12.26	0.01	75	91950	买盘
14:23:57	12.25	-0.01	3	3675	卖盘
14:23:54	12.26	0.01	7	8582	买盘
14:23:51	12.25	--	7	8575	卖盘
14:23:48	12.25	-0.01	40	49000	卖盘
14:23:45	12.26	--	502	615452	买盘
14:23:42	12.26	--	13	15938	买盘
14:23:36	12.26	--	40	49040	买盘
14:23:33	12.26	--	305	373930	卖盘
14:23:27	12.26	--	15	18390	卖盘
14:23:21	12.26	--	10	12260	卖盘
14:23:15	12.26	-0.01	10	12260	卖盘
14:23:12	12.27	0.01	7	8589	买盘
14:23:09	12.26	--	1	1226	卖盘
14:23:06	12.26	-0.01	13	15938	卖盘
14:23:03	12.27	0.01	15	18405	买盘
14:22:54	12.26	-0.01	19	23294	卖盘
14:22:48	12.27	0.01	50	61350	买盘
14:22:45	12.26	-0.01	11	13486	卖盘
14:22:42	12.27	--	5	6135	买盘
14:22:36	12.27	0.01	20	24540	买盘
14:22:33	12.26	-0.01	35	42910	卖盘
14:22:30	12.27	0.01	6	7362	买盘
14:22:27	12.26	-0.01	50	61300	卖盘
14:22:24	12.27	0.01	10	12270	买盘
14:22:21	12.26	-0.01	31	38006	卖盘
14:22:18	12.27	0.01	5	6135	买盘
14:22:12	12.26	--	3	3678	卖盘
14:22:09	12.26	--	10	12260	卖盘
14:22:06	12.26	--	130	159380	卖盘
14:22:03	12.26	--	24	29424	卖盘
14:22:00	12.26	--	42	51492	卖盘
14:21:57	12.26	--	22	26972	卖盘
14:21:54	12.26	--	62	76012	卖盘
14:21:51	12.26	-0.01	16	19616	卖盘
14:21:45	12.27	0.01	7	8589	买盘
14:21:42	12.26	--	10	12260	卖盘
14:21:36	12.26	--	5	6130	卖盘
14:21:30	12.26	-0.02	98	120148	卖盘
14:21:24	12.28	0.02	23	28244	买盘
14:21:21	12.26	-0.02	35	42910	卖盘
14:21:18	12.28	--	33	40524	买盘
14:21:15	12.28	--	17	20876	买盘
14:21:12	12.28	--	5	6140	买盘
14:21:09	12.28	--	12	14736	卖盘
14:21:06	12.28	0.02	8	9824	中性盘
14:21:03	12.26	-0.02	817	1001642	卖盘
14:21:00	12.28	-0.01	48	58944	卖盘
14:20:57	12.29	--	3	3686	买盘
14:20:51	12.29	0.01	10	12290	买盘
14:20:48	12.28	-0.01	2	2456	卖盘
14:20:45	12.29	--	2	2458	买盘
14:20:42	12.29	0.01	20	24580	买盘
14:20:30	12.28	--	24	29472	卖盘
14:20:27	12.28	--	21	25788	卖盘
14:20:06	12.28	--	10	12280	卖盘
14:20:03	12.28	--	6	7368	买盘
14:20:00	12.28	--	29	35612	买盘
14:19:57	12.28	--	6	7368	买盘
14:19:54	12.28	0.02	10	12280	买盘
14:19:42	12.26	-0.02	19	23294	卖盘
14:19:39	12.28	0.02	50	61400	买盘
14:19:36	12.26	--	24	29424	买盘
14:19:33	12.26	--	278	340828	买盘
14:19:30	12.26	--	62	76012	买盘
14:19:27	12.26	--	14	17164	买盘
14:19:24	12.26	--	31	38006	买盘
14:19:21	12.26	--	23	28198	买盘
14:19:18	12.26	--	53	64978	买盘
14:19:15	12.26	--	81	99306	买盘
14:19:12	12.26	--	85	104210	买盘
14:19:09	12.26	--	18	22068	买盘
14:19:06	12.26	--	10	12260	买盘
14:19:00	12.26	--	61	74786	买盘
14:18:57	12.26	--	9	11034	买盘
14:18:54	12.26	--	1	1226	买盘
14:18:51	12.26	--	112	137312	买盘
14:18:48	12.26	-0.01	709	869234	卖盘
14:18:45	12.27	--	1	1227	卖盘
14:18:42	12.27	--	74	90798	卖盘
14:18:33	12.27	--	6	7362	买盘
14:18:30	12.27	--	5	6135	买盘
14:18:27	12.27	--	20	24540	买盘
14:18:24	12.27	0.01	3	3681	买盘
14:18:21	12.26	-0.01	38	46588	卖盘
14:18:18	12.27	--	61	74847	卖盘
14:18:15	12.27	--	49	60123	买盘
14:18:12	12.27	--	18	22086	买盘
14:18:09	12.27	-0.01	134	164418	卖盘
14:18:06	12.28	0.01	1	1228	买盘
14:18:03	12.27	-0.01	30	36810	卖盘
14:18:00	12.28	0.01	81	99468	买盘
14:17:57	12.27	--	18	22086	卖盘
14:17:51	12.27	--	10	12270	卖盘
14:17:48	12.27	--	21	25767	卖盘
14:17:42	12.27	--	19	23313	卖盘
14:17:39	12.27	-0.01	112	137424	卖盘
14:17:36	12.28	--	26	31928	买盘
14:17:30	12.28	--	2	2456	买盘
14:17:27	12.28	--	40	49120	卖盘
14:17:21	12.28	--	203	249284	卖盘
14:17:15	12.28	--	2	2456	卖盘
14:17:12	12.28	--	33	40524	卖盘
14:17:09	12.28	--	14	17192	卖盘
14:17:06	12.28	--	40	49120	卖盘
14:17:00	12.28	-0.01	32	39296	卖盘
14:16:57	12.29	0.01	1	1229	买盘
14:16:54	12.28	--	19	23332	卖盘
14:16:51	12.28	--	102	125256	卖盘
14:16:48	12.28	-0.01	13	15964	卖盘
14:16:45	12.29	0.01	3	3686	买盘
14:16:42	12.28	--	7	8596	卖盘
14:16:39	12.28	-0.01	10	12280	卖盘
14:16:36	12.29	0.01	10	12290	买盘
14:16:30	12.28	-0.01	34	41752	卖盘
14:16:24	12.29	0.01	12	14747	买盘
14:16:18	12.28	-0.01	113	138764	卖盘
14:16:15	12.29	--	1	1229	买盘
14:16:09	12.29	--	81	99549	卖盘
14:16:03	12.29	--	50	61449	卖盘
14:16:00	12.29	--	51	62678	卖盘
14:15:57	12.29	--	61	74969	卖盘
14:15:54	12.29	-0.01	5	6145	卖盘
14:15:51	12.3	--	1	1230	买盘
14:15:48	12.3	0.01	4	4920	买盘
14:15:45	12.29	--	11	13518	卖盘
14:15:42	12.29	-0.01	13	15976	卖盘
14:15:39	12.3	0.01	10	12300	买盘
14:15:36	12.29	--	27	33183	卖盘
14:15:30	12.29	--	10	12290	卖盘
14:15:18	12.29	--	49	60220	卖盘
14:15:12	12.29	--	3	3686	卖盘
14:15:09	12.29	-0.01	21	25809	卖盘
14:15:06	12.3	--	51	62730	买盘
14:14:57	12.3	--	2	2460	买盘
14:14:51	12.3	--	145	178350	卖盘
14:14:45	12.3	-0.01	250	307500	卖盘
14:14:42	12.31	-0.01	21	25851	卖盘
14:14:36	12.32	--	10	12320	买盘
14:14:33	12.32	--	1	1232	买盘
14:14:24	12.32	0.01	1	1232	卖盘
14:14:21	12.31	-0.01	66	81246	卖盘
14:14:18	12.32	--	1	1232	卖盘
14:14:06	12.32	--	1	1232	卖盘
14:14:03	12.32	--	10	12320	卖盘
14:13:54	12.32	0.01	18	22176	买盘
14:13:48	12.31	--	1	1231	卖盘
14:13:42	12.31	-0.01	28	34468	卖盘
14:13:24	12.32	0.01	14	17248	买盘
14:13:21	12.31	-0.01	11	13541	卖盘
14:13:12	12.32	0.01	5	6160	买盘
14:13:03	12.31	--	168	206918	买盘
14:13:00	12.31	0.01	20	24620	买盘
14:12:54	12.3	--	14	17220	卖盘
14:12:51	12.3	-0.01	3	3690	卖盘
14:12:39	12.31	0.01	5	6155	买盘
14:12:36	12.3	-0.01	150	184500	卖盘
14:12:33	12.31	0.01	20	24620	买盘
14:12:30	12.3	--	10	12300	卖盘
14:12:18	12.3	--	25	30750	卖盘
14:12:15	12.3	--	13	15990	卖盘
14:12:12	12.3	--	2	2460	卖盘
14:12:09	12.3	--	39	47970	卖盘
14:12:06	12.3	-0.01	5	6150	卖盘
14:12:03	12.31	0.01	8	9848	买盘
14:12:00	12.3	--	60	73800	卖盘
14:11:57	12.3	-0.01	185	227550	卖盘
14:11:51	12.31	--	20	24620	买盘
14:11:42	12.31	0.01	26	32006	买盘
14:11:36	12.3	-0.01	30	36900	卖盘
14:11:33	12.31	0.01	9	11079	买盘
14:11:30	12.3	--	8	9840	卖盘
14:11:18	12.3	-0.01	6	7380	卖盘
14:11:09	12.31	--	10	12310	买盘
14:11:06	12.31	--	10	12310	卖盘
14:11:03	12.31	--	14	17234	卖盘
14:11:00	12.31	--	15	18465	卖盘
14:10:57	12.31	--	4	4924	卖盘
14:10:54	12.31	--	14	17234	卖盘
14:10:39	12.31	--	6	7386	卖盘
14:10:36	12.31	-0.01	3	3693	卖盘
14:10:33	12.32	--	9	11088	买盘
14:10:21	12.32	0.01	7	8624	买盘
14:10:18	12.31	-0.01	3	3693	卖盘
14:10:03	12.32	0.01	8	9856	买盘
14:10:00	12.31	--	8	9848	卖盘
14:09:57	12.31	--	3	3693	卖盘
14:09:54	12.31	--	15	18465	卖盘
14:09:48	12.31	--	3	3693	卖盘
14:09:42	12.31	--	4	4924	卖盘
14:09:39	12.31	--	18	22158	卖盘
14:09:36	12.31	--	4	4924	卖盘
14:09:33	12.31	--	20	24620	卖盘
14:09:30	12.31	--	15	18465	卖盘
14:09:24	12.31	--	2	2462	卖盘
14:09:21	12.31	--	6	7386	卖盘
14:09:18	12.31	--	24	29544	卖盘
14:09:12	12.31	-0.01	50	61550	卖盘
14:09:06	12.32	--	15	18480	卖盘
14:09:03	12.32	--	1	1232	买盘
14:08:54	12.32	--	52	64064	卖盘
14:08:51	12.32	-0.01	25	30800	卖盘
14:08:48	12.33	--	1	1233	买盘
14:08:33	12.33	0.01	9	11097	买盘
14:08:30	12.32	--	3	3696	卖盘
14:08:27	12.32	-0.01	6	7392	卖盘
14:08:21	12.33	0.01	69	85077	买盘
14:08:15	12.32	-0.01	20	24640	卖盘
14:08:03	12.33	--	34	41922	买盘
14:07:45	12.33	--	14	18384	卖盘
14:07:42	12.33	-0.01	0	110	卖盘
14:07:33	12.34	0.01	9	11106	买盘
14:07:30	12.33	--	43	53019	买盘
14:07:24	12.33	--	17	20961	买盘
14:07:18	12.33	--	20	24660	卖盘
14:07:15	12.33	--	63	77679	买盘
14:07:12	12.33	0.01	84	103572	买盘
14:07:09	12.32	-0.01	3	3696	卖盘
14:07:03	12.33	0.01	8	9864	买盘
14:06:54	12.32	--	6	7392	卖盘
14:06:45	12.32	--	5	6160	卖盘
14:06:42	12.32	--	16	19712	卖盘
14:06:36	12.32	--	5	6160	卖盘
14:06:33	12.32	--	57	70224	买盘
14:06:27	12.32	-0.01	48	59136	卖盘
14:06:15	12.33	0.01	10	12330	买盘
14:06:09	12.32	-0.01	1	1232	卖盘
14:06:00	12.33	0.01	8	9864	买盘
14:05:54	12.32	--	23	28336	卖盘
14:05:48	12.32	-0.01	40	49280	卖盘
14:05:45	12.33	0.01	4	4932	买盘
14:05:39	12.32	-0.02	10	12320	卖盘
14:05:33	12.34	0.01	9	11106	买盘
14:05:30	12.33	--	4	4932	卖盘
14:05:27	12.33	--	15	18495	卖盘
14:05:21	12.33	--	2	2466	卖盘
14:05:12	12.33	--	20	24660	卖盘
14:05:09	12.33	--	6	7398	卖盘
14:05:06	12.33	-0.01	18	22194	卖盘
14:05:00	12.34	--	8	9872	买盘
14:04:54	12.34	--	45	55530	买盘
14:04:45	12.34	--	62	76508	卖盘
14:04:42	12.34	--	46	56764	买盘
14:04:33	12.34	--	36	44424	买盘
14:04:30	12.34	--	28	34552	买盘
14:04:27	12.34	--	18	22212	卖盘
14:04:15	12.34	--	18	22212	买盘
14:04:12	12.34	0.01	3	3702	买盘
14:04:09	12.33	-0.01	20	24660	卖盘
14:04:06	12.34	--	3	3702	买盘
14:04:00	12.34	0.01	17	20978	买盘
14:03:57	12.33	-0.01	150	184950	卖盘
14:03:54	12.34	--	18	22212	买盘
14:03:45	12.34	0.01	40	49360	买盘
14:03:39	12.33	-0.01	1	1233	卖盘
14:03:30	12.34	0.01	28	34552	买盘
14:03:27	12.33	--	20	24660	卖盘
14:03:24	12.33	-0.01	50	61650	卖盘
14:03:15	12.34	0.01	56	69104	买盘
14:03:12	12.33	0.01	151	186183	买盘
14:03:09	12.32	-0.01	10	12320	卖盘
14:03:06	12.33	--	20	24660	买盘
14:03:00	12.33	--	8	9864	买盘
14:02:57	12.33	0.01	3	3699	买盘
14:02:51	12.32	-0.01	5	6160	卖盘
14:02:45	12.33	--	47	57951	买盘
14:02:42	12.33	0.01	103	126999	买盘
14:02:36	12.32	-0.01	2	2464	卖盘
14:02:33	12.33	--	9	11097	买盘
14:02:30	12.33	0.01	38	46854	买盘
14:02:24	12.32	--	52	64064	卖盘
14:02:15	12.32	-0.01	7	8624	卖盘
14:02:00	12.33	0.01	22	27126	买盘
14:01:57	12.32	-0.01	7	8624	卖盘
14:01:54	12.33	0.01	35	43155	买盘
14:01:51	12.32	-0.01	31	38192	卖盘
14:01:48	12.33	0.01	21	25893	买盘
14:01:45	12.32	-0.01	7	8624	卖盘
14:01:42	12.33	--	3	3699	买盘
14:01:30	12.33	0.01	72	88776	买盘
14:01:27	12.32	-0.01	30	36960	卖盘
14:01:21	12.33	--	56	69048	买盘
14:01:18	12.33	--	50	61650	卖盘
14:01:12	12.33	0.01	18	22194	买盘
14:01:06	12.32	-0.01	6	7392	卖盘
14:01:03	12.33	--	10	12330	买盘
14:01:00	12.33	--	4	4932	买盘
14:00:57	12.33	--	50	61650	买盘
14:00:54	12.33	--	42	51786	卖盘
14:00:51	12.33	-0.01	24	29592	卖盘
14:00:48	12.34	0.01	16	19744	买盘
14:00:45	12.33	--	2	2466	卖盘
14:00:39	12.33	-0.01	4	4932	卖盘
14:00:36	12.34	0.01	2	2468	买盘
14:00:33	12.33	-0.01	10	12330	卖盘
14:00:30	12.34	0.01	5	6170	买盘
14:00:27	12.33	--	30	36990	卖盘
14:00:24	12.33	--	27	33291	买盘
14:00:21	12.33	--	55	67815	买盘
14:00:18	12.33	--	30	36990	买盘
14:00:12	12.33	--	50	61650	买盘
14:00:09	12.33	--	10	12330	买盘
14:00:06	12.33	--	2	2466	买盘
14:00:03	12.33	0.01	10	12330	买盘
14:00:00	12.32	--	1	1232	卖盘
13:59:54	12.32	--	74	91168	买盘
13:59:51	12.32	--	50	61600	买盘
13:59:48	12.32	0.01	55	67760	买盘
13:59:36	12.31	--	10	12310	卖盘
13:59:33	12.31	--	21	25851	买盘
13:59:27	12.31	0.01	10	12310	买盘
13:59:12	12.3	--	25	31869	买盘
13:59:09	12.3	--	78	95940	买盘
13:59:06	12.3	--	78	95940	买盘
13:59:03	12.3	--	3	3690	买盘
13:59:00	12.3	--	10	12300	买盘
13:58:57	12.3	--	9	11070	买盘
13:58:54	12.3	--	14	17220	买盘
13:58:51	12.3	--	108	132840	买盘
13:58:48	12.3	--	10	12300	买盘
13:58:45	12.3	--	15	18450	买盘
13:58:42	12.3	--	13	15990	买盘
13:58:39	12.3	--	10	12300	买盘
13:58:36	12.3	--	3	3690	买盘
13:58:33	12.3	0.02	53	65190	买盘
13:58:30	12.28	-0.01	142	174376	卖盘
13:58:24	12.29	--	14	17206	买盘
13:58:21	12.29	--	20	24580	买盘
13:58:15	12.29	--	137	168373	买盘
13:58:12	12.29	--	301	369929	买盘
13:58:09	12.29	--	61	74969	买盘
13:58:06	12.29	--	5	6145	买盘
13:58:03	12.29	--	138	169602	卖盘
13:58:00	12.29	--	13	15976	卖盘
13:57:57	12.29	--	15	18435	卖盘
13:57:48	12.29	0.01	50	61449	卖盘
13:57:42	12.28	-0.02	103	126484	卖盘
13:57:36	12.3	0.02	135	166050	买盘
13:57:33	12.28	--	51	62628	卖盘
13:57:18	12.28	-0.01	34	41752	卖盘
13:57:15	12.29	--	104	127815	买盘
13:57:12	12.29	--	100	122899	卖盘
13:57:09	12.29	--	5	6145	卖盘
13:57:06	12.29	--	20	24580	卖盘
13:57:03	12.29	--	37	45473	卖盘
13:57:00	12.29	0.01	26	31953	买盘
13:56:54	12.28	-0.01	11	13508	卖盘
13:56:48	12.29	--	3	3686	买盘
13:56:45	12.29	--	1	1229	买盘
13:56:42	12.29	--	10	12290	买盘
13:56:36	12.29	--	82	100778	卖盘
13:56:33	12.29	-0.01	19	23351	卖盘
13:56:30	12.3	0.01	21	25830	买盘
13:56:27	12.29	--	20	24580	卖盘
13:56:24	12.29	--	102	125357	卖盘
13:56:18	12.29	-0.01	40	49160	卖盘
13:56:15	12.3	0.01	10	12300	买盘
13:56:00	12.29	-0.01	18	22122	卖盘
13:55:54	12.3	0.01	2	2460	买盘
13:55:51	12.29	-0.01	9	11061	卖盘
13:55:48	12.3	--	15	18450	买盘
13:55:45	12.3	0.01	40	49200	买盘
13:55:42	12.29	-0.01	23	28266	卖盘
13:55:39	12.3	--	423	520290	买盘
13:55:30	12.3	--	10	12300	买盘
13:55:24	12.3	--	2	2460	买盘
13:55:18	12.3	--	1	1230	买盘
13:55:09	12.3	--	1	1230	买盘
13:55:06	12.3	0.01	40	49200	买盘
13:55:00	12.29	--	15	18435	卖盘
13:54:57	12.29	-0.01	23	28266	卖盘
13:54:39	12.3	--	17	20910	买盘
13:54:36	12.3	--	11	13530	买盘
13:54:33	12.3	--	10	12300	买盘
13:54:30	12.3	--	12	14760	买盘
13:54:27	12.3	--	132	162470	卖盘
13:54:24	12.3	--	5	6150	卖盘
13:54:21	12.3	--	81	99630	卖盘
13:54:12	12.3	--	53	65190	卖盘
13:54:09	12.3	0.01	39	49089	买盘
13:54:06	12.29	-0.01	3	3686	卖盘
13:54:03	12.3	0.01	12	14760	买盘
13:53:54	12.29	-0.01	1	1229	卖盘
13:53:48	12.3	0.01	40	49200	买盘
13:53:42	12.29	-0.01	102	125357	卖盘
13:53:39	12.3	0.01	5	6150	买盘
13:53:33	12.29	-0.01	28	34412	卖盘
13:53:24	12.3	0.01	105	129150	买盘
13:53:21	12.29	-0.01	31	38099	卖盘
13:53:15	12.3	--	15	18450	买盘
13:53:12	12.3	--	12	14760	买盘
13:53:09	12.3	--	10	12300	买盘
13:53:06	12.3	--	10	12300	买盘
13:53:03	12.3	--	13	15990	买盘
13:52:57	12.3	0.01	91	111930	买盘
13:52:54	12.29	--	115	141335	卖盘
13:52:51	12.29	-0.01	3	3686	卖盘
13:52:48	12.3	0.01	26	31980	买盘
13:52:45	12.29	--	20	24580	卖盘
13:52:39	12.29	--	1	1229	卖盘
13:52:36	12.29	--	37	45473	卖盘
13:52:33	12.29	--	104	127815	卖盘
13:52:30	12.29	-0.01	5	6145	卖盘
13:52:27	12.3	--	4	4920	买盘
13:52:24	12.3	0.01	35	43050	买盘
13:52:21	12.29	-0.01	30	36870	卖盘
13:52:18	12.3	0.01	7	8610	买盘
13:52:15	12.29	-0.01	16	19664	卖盘
13:52:12	12.3	--	30	36900	买盘
13:52:09	12.3	--	5	6150	买盘
13:52:00	12.3	--	58	71340	买盘
13:51:54	12.3	0.01	60	73800	买盘
13:51:48	12.29	-0.01	109	133961	卖盘
13:51:42	12.3	--	16	19680	买盘
13:51:33	12.3	--	4	4920	买盘
13:51:30	12.3	--	101	124230	买盘
13:51:27	12.3	--	1	1230	买盘
13:51:18	12.3	--	3	3690	买盘
13:51:15	12.3	0.01	10	12300	买盘
13:51:00	12.29	--	10	12290	卖盘
13:50:48	12.29	--	16	19664	买盘
13:50:45	12.29	--	306	376074	买盘
13:50:42	12.29	0.01	103	126586	买盘
13:50:39	12.28	-0.01	38	47413	卖盘
13:50:36	12.29	--	10	12290	买盘
13:50:33	12.29	0.01	14	17206	买盘
13:50:30	12.28	-0.01	6	7368	卖盘
13:50:27	12.29	0.01	50	61449	买盘
13:50:24	12.28	-0.01	34	41752	卖盘
13:50:21	12.29	--	22	27037	买盘
13:50:18	12.29	--	3	3686	买盘
13:50:06	12.29	--	47	57762	买盘
13:50:03	12.29	--	135	165915	买盘
13:50:00	12.29	0.01	23	28266	买盘
13:49:57	12.28	-0.01	5	6140	卖盘
13:49:54	12.29	--	18	22122	买盘
13:49:51	12.29	--	20	24580	买盘
13:49:48	12.29	--	5	6145	买盘
13:49:45	12.29	0.01	35	43015	买盘
13:49:42	12.28	--	212	260336	卖盘
13:49:33	12.28	-0.01	3	3684	卖盘
13:49:27	12.29	--	5	6145	买盘
13:49:15	12.29	0.01	51	62678	买盘
13:49:12	12.28	--	8	9824	买盘
13:49:09	12.28	-0.01	5	6140	买盘
13:49:03	12.29	0.01	73	89717	买盘
13:49:00	12.28	-0.01	200	245600	卖盘
13:48:57	12.29	0.01	10	12290	买盘
13:48:54	12.28	-0.01	15	18420	卖盘
13:48:51	12.29	--	53	65136	买盘
13:48:48	12.29	--	6	7373	买盘
13:48:45	12.29	--	15	18435	买盘
13:48:42	12.29	-0.01	134	164686	卖盘
13:48:36	12.3	0.01	42	51660	买盘
13:48:33	12.29	-0.01	171	210158	卖盘
13:48:21	12.3	-0.01	77	94820	卖盘
13:48:18	12.31	--	3	3693	买盘
13:48:15	12.31	0.01	1	1231	买盘
13:48:12	12.3	-0.01	23	29409	卖盘
13:48:09	12.31	--	10	12310	买盘
13:48:06	12.31	--	7	8617	买盘
13:48:03	12.31	--	3	3693	买盘
13:48:00	12.31	--	25	30775	买盘
13:47:57	12.31	0.01	3	3693	买盘
13:47:48	12.3	--	194	238620	买盘
13:47:45	12.3	--	12	14760	买盘
13:47:36	12.3	0.01	21	25830	买盘
13:47:33	12.29	--	47	57762	卖盘
13:47:27	12.29	-0.01	39	47931	卖盘
13:47:24	12.3	--	5	6150	买盘
13:47:21	12.3	0.01	10	12300	买盘
13:47:18	12.29	--	66	81114	买盘
13:47:15	12.29	0.01	15	18435	买盘
13:47:12	12.28	-0.01	1	1228	卖盘
13:47:03	12.29	--	17	20893	买盘
13:47:00	12.29	0.01	11	13518	卖盘
13:46:54	12.28	-0.01	30	36840	卖盘
13:46:51	12.29	--	166	204014	买盘
13:46:48	12.29	--	6	7373	买盘
13:46:42	12.29	0.01	16	19664	买盘
13:46:39	12.28	--	43	52804	卖盘
13:46:36	12.28	-0.01	5	6140	卖盘
13:46:33	12.29	--	14	17206	买盘
13:46:24	12.29	--	12	14747	买盘
13:46:21	12.29	0.01	10	12290	买盘
13:46:18	12.28	--	5	6140	卖盘
13:46:06	12.28	--	3	3684	卖盘
13:46:03	12.28	--	87	106836	卖盘
13:45:57	12.28	--	71	87421	买盘
13:45:54	12.28	--	6	7368	买盘
13:45:51	12.28	--	37	45436	买盘
13:45:48	12.28	0.01	71	87188	买盘
13:45:45	12.27	-0.01	23	28221	卖盘
13:45:42	12.28	--	1	1228	买盘
13:45:39	12.28	--	8	9824	买盘
13:45:36	12.28	-0.01	232	284896	卖盘
13:45:27	12.29	--	40	49160	买盘
13:45:24	12.29	0.01	101	124128	买盘
13:45:21	12.28	--	3	3684	卖盘
13:45:18	12.28	--	10	12280	卖盘
13:45:15	12.28	--	57	69996	卖盘
13:45:12	12.28	--	55	67540	买盘
13:45:09	12.28	--	51	62628	买盘
13:45:06	12.28	0.01	10	12280	买盘
13:45:03	12.27	-0.01	21	25767	卖盘
13:45:00	12.28	--	31	38068	买盘
13:44:57	12.28	0.01	10	12280	买盘
13:44:54	12.27	--	50	61350	卖盘
13:44:51	12.27	--	8	9816	卖盘
13:44:48	12.27	-0.01	44	53988	卖盘
13:44:45	12.28	0.01	10	12280	买盘
13:44:42	12.27	--	59	72724	买盘
13:44:39	12.27	--	65	79755	买盘
13:44:36	12.27	0.01	124	152148	买盘
13:44:33	12.26	--	10	12260	卖盘
13:44:30	12.26	-0.01	215	263590	卖盘
13:44:27	12.27	0.01	42	51534	买盘
13:44:24	12.26	--	174	213324	卖盘
13:44:21	12.26	--	83	101758	卖盘
13:44:18	12.26	0.01	57	69882	买盘
13:44:15	12.25	--	64	78400	卖盘
13:44:12	12.25	--	220	269500	卖盘
13:44:09	12.25	--	32	39200	买盘
13:44:06	12.25	--	101	123725	卖盘
13:44:03	12.25	--	103	126175	卖盘
13:44:00	12.25	--	103	126175	卖盘
13:43:57	12.25	--	20	24500	卖盘
13:43:54	12.25	--	21	25725	卖盘
13:43:51	12.25	-0.01	57	69825	卖盘
13:43:48	12.26	--	13	15938	买盘
13:43:45	12.26	0.01	112	137312	买盘
13:43:42	12.25	-0.01	51	62475	卖盘
13:43:39	12.26	0.01	135	165510	买盘
13:43:36	12.25	--	49	60025	卖盘
13:43:33	12.25	--	177	216825	卖盘
13:43:30	12.25	--	77	94325	卖盘
13:43:27	12.25	-0.01	27	33075	卖盘
13:43:24	12.26	0.01	18	22068	买盘
13:43:21	12.25	--	29	35525	卖盘
13:43:18	12.25	-0.01	49	60025	卖盘
13:43:15	12.26	0.01	404	495304	买盘
13:43:12	12.25	-0.01	9	11025	卖盘
13:43:09	12.26	0.01	38	46588	买盘
13:43:06	12.25	--	26	31850	卖盘
13:43:03	12.25	--	7	8575	卖盘
13:43:00	12.25	-0.01	210	257250	卖盘
13:42:54	12.26	--	67	82142	卖盘
13:42:51	12.26	--	167	204742	卖盘
13:42:48	12.26	--	216	264816	卖盘
13:42:45	12.26	-0.01	10	12260	卖盘
13:42:42	12.27	--	134	164418	买盘
13:42:39	12.27	--	127	155829	买盘
13:42:36	12.27	--	52	64699	卖盘
13:42:33	12.27	--	5	6135	卖盘
13:42:30	12.27	--	30	36810	卖盘
13:42:27	12.27	-0.01	71	87448	卖盘
13:42:24	12.28	0.01	2	2456	买盘
13:42:18	12.27	-0.01	28	34356	卖盘
13:42:15	12.28	--	26	31928	卖盘
13:42:12	12.28	--	1	1228	买盘
13:42:09	12.28	--	71	87188	买盘
13:42:06	12.28	--	122	149816	买盘
13:42:03	12.28	--	19	23332	卖盘
13:42:00	12.28	--	33	40524	买盘
13:41:57	12.28	--	77	94556	卖盘
13:41:54	12.28	-0.01	332	407696	卖盘
13:41:51	12.29	0.01	1	1229	买盘
13:41:48	12.28	-0.01	139	170692	卖盘
13:41:42	12.29	--	100	122899	买盘
13:41:39	12.29	--	105	129044	买盘
13:41:36	12.29	--	5	6145	买盘
13:41:33	12.29	--	18	22122	卖盘
13:41:27	12.29	--	5	6145	买盘
13:41:21	12.29	--	68	83572	卖盘
13:41:15	12.29	0.01	7	8603	卖盘
13:41:09	12.28	-0.01	30	36840	卖盘
13:41:06	12.29	-0.01	3	3686	中性盘
13:41:00	12.3	0.01	161	198030	买盘
13:40:54	12.29	--	10	12290	买盘
13:40:51	12.29	-0.01	261	321666	卖盘
13:40:48	12.3	--	75	93000	卖盘
13:40:45	12.3	--	104	127920	卖盘
13:40:39	12.3	0.01	150	184500	买盘
13:40:36	12.29	-0.01	8	9832	卖盘
13:40:33	12.3	--	11	13530	买盘
13:40:30	12.3	--	2	2460	买盘
13:40:27	12.3	0.01	53	65190	买盘
13:40:24	12.29	-0.01	1	1229	卖盘
13:40:15	12.3	--	5	6150	买盘
13:40:12	12.3	0.01	28	34440	买盘
13:40:09	12.29	-0.01	16	19664	卖盘
13:40:06	12.3	--	261	321030	卖盘
13:40:03	12.3	--	355	436650	卖盘
13:40:00	12.3	-0.01	4	4920	卖盘
13:39:57	12.31	--	29	35699	买盘
13:39:54	12.31	--	51	62781	买盘
13:39:51	12.31	0.01	22	27082	买盘
13:39:48	12.3	--	11	13530	卖盘
13:39:42	12.3	-0.01	10	12300	卖盘
13:39:33	12.31	--	207	254817	卖盘
13:39:30	12.31	--	6	7386	卖盘
13:39:24	12.31	--	5	6155	卖盘
13:39:21	12.31	--	4	4924	卖盘
13:39:18	12.31	0.01	39	48009	买盘
13:39:15	12.3	--	11	13530	卖盘
13:39:12	12.3	-0.01	71	87330	卖盘
13:39:09	12.31	--	25	30775	买盘
13:39:06	12.31	--	5	6155	买盘
13:39:03	12.31	--	5	6155	买盘
13:39:00	12.31	-0.01	25	30775	卖盘
13:38:57	12.32	--	11	13552	买盘
13:38:54	12.32	0.01	138	170016	买盘
13:38:51	12.31	--	20	24620	卖盘
13:38:48	12.31	--	7	8617	卖盘
13:38:45	12.31	-0.01	10	12310	卖盘
13:38:42	12.32	--	2	2464	买盘
13:38:39	12.32	0.01	3	3696	买盘
13:38:27	12.31	--	28	34468	卖盘
13:38:24	12.31	--	8	9848	卖盘
13:38:21	12.31	--	4	4924	卖盘
13:38:18	12.31	--	5	6155	卖盘
13:38:15	12.31	0.01	63	77553	买盘
13:38:12	12.3	--	76	93480	卖盘
13:38:09	12.3	-0.01	16	19680	卖盘
13:38:06	12.31	--	61	75091	买盘
13:38:03	12.31	0.01	34	41854	买盘
13:38:00	12.3	--	1	1230	卖盘
13:37:48	12.3	-0.01	37	45510	卖盘
13:37:45	12.31	--	12	14772	买盘
13:37:42	12.31	--	5	6155	买盘
13:37:39	12.31	0.01	11	13541	买盘
13:37:36	12.3	-0.01	40	49200	卖盘
13:37:33	12.31	--	2	2462	买盘
13:37:27	12.31	-0.01	158	194498	卖盘
13:37:24	12.32	--	5	6160	买盘
13:37:18	12.32	0.01	3	3696	买盘
13:37:15	12.31	--	105	129255	卖盘
13:37:12	12.31	-0.01	5	6155	卖盘
13:37:09	12.32	0.01	55	67760	买盘
13:37:00	12.31	--	167	205577	买盘
13:36:57	12.31	--	10	12310	买盘
13:36:54	12.31	--	10	12310	买盘
13:36:51	12.31	--	155	190805	买盘
13:36:48	12.31	-0.01	5	6167	卖盘
13:36:45	12.32	0.01	8	9856	买盘
13:36:42	12.31	-0.01	39	48009	卖盘
13:36:36	12.32	--	8	9856	买盘
13:36:30	12.32	0.01	5	6160	买盘
13:36:27	12.31	--	22	28300	买盘
13:36:21	12.31	--	16	19696	买盘
13:36:18	12.31	0.01	91	112021	买盘
13:36:15	12.3	-0.01	14	17220	卖盘
13:36:12	12.31	--	50	61550	买盘
13:36:09	12.31	0.01	29	35699	买盘
13:36:06	12.3	-0.01	84	103320	卖盘
13:36:03	12.31	--	24	29544	买盘
13:36:00	12.31	0.01	12	14772	买盘
13:35:57	12.3	-0.01	60	73800	卖盘
13:35:54	12.31	0.02	21	25851	买盘
13:35:51	12.29	--	3	3686	卖盘
13:35:42	12.29	-0.01	51	62678	卖盘
13:35:39	12.3	0.01	11	13530	买盘
13:35:36	12.29	--	38	46702	卖盘
13:35:33	12.29	--	2	2458	卖盘
13:35:30	12.29	--	27	33183	卖盘
13:35:27	12.29	-0.01	10	12290	卖盘
13:35:24	12.3	--	115	142261	买盘
13:35:21	12.3	--	18	22140	买盘
13:35:18	12.3	--	100	123000	买盘
13:35:15	12.3	--	83	102508	卖盘
13:35:12	12.3	--	252	309960	卖盘
13:35:09	12.3	--	437	537510	卖盘
13:35:06	12.3	--	31	38130	卖盘
13:35:00	12.3	--	48	59040	卖盘
13:34:57	12.3	-0.01	159	195570	卖盘
13:34:54	12.31	0.01	72	88632	买盘
13:34:51	12.3	--	55	67650	卖盘
13:34:48	12.3	--	681	837630	卖盘
13:34:45	12.3	--	45	55350	卖盘
13:34:42	12.3	--	364	447720	卖盘
13:34:39	12.3	--	196	241080	卖盘
13:34:33	12.3	--	14	17220	卖盘
13:34:30	12.3	-0.01	33	40590	卖盘
13:34:27	12.31	--	241	296671	买盘
13:34:24	12.31	0.01	5	6155	买盘
13:34:21	12.3	--	11	13530	卖盘
13:34:18	12.3	-0.01	90	110700	卖盘
13:34:12	12.31	0.01	10	12310	买盘
13:34:09	12.3	-0.01	115	141450	卖盘
13:34:06	12.31	--	102	125562	卖盘
13:34:03	12.31	--	23	28313	卖盘
13:34:00	12.31	--	1	1231	卖盘
13:33:57	12.31	--	120	147720	卖盘
13:33:54	12.31	-0.01	37	45547	卖盘
13:33:48	12.32	--	10	12320	卖盘
13:33:45	12.32	--	141	173712	卖盘
13:33:42	12.32	--	64	78848	卖盘
13:33:36	12.32	--	30	36960	卖盘
13:33:33	12.32	-0.01	23	28336	卖盘
13:33:30	12.33	0.01	6	7398	买盘
13:33:27	12.32	-0.01	14	17248	卖盘
13:33:24	12.33	--	24	30072	卖盘
13:33:21	12.33	--	50	61650	卖盘
13:33:18	12.33	-0.01	49	60417	卖盘
13:33:06	12.34	--	27	33318	买盘
13:32:54	12.34	0.01	4	4936	买盘
13:32:51	12.33	-0.01	5	6165	卖盘
13:32:48	12.34	--	7	8638	卖盘
13:32:45	12.34	--	20	24680	卖盘
13:32:33	12.34	--	9	11106	卖盘
13:32:30	12.34	--	5	6170	卖盘
13:32:24	12.34	--	38	46892	卖盘
13:32:06	12.34	--	15	18510	卖盘
13:32:00	12.34	-0.01	3	3702	卖盘
13:31:57	12.35	0.01	50	61750	买盘
13:31:54	12.34	-0.01	10	12340	卖盘
13:31:39	12.35	--	1	1235	买盘
13:31:33	12.35	--	4	4940	卖盘
13:31:30	12.35	0.01	53	65455	买盘
13:31:27	12.34	-0.01	5	6170	卖盘
13:31:24	12.35	--	12	14820	买盘
13:31:15	12.35	-0.01	63	77805	卖盘
13:31:00	12.36	0.01	21	25956	买盘
13:30:57	12.35	-0.01	13	16055	卖盘
13:30:51	12.36	0.01	1	1236	中性盘
13:30:39	12.35	-0.01	157	193895	卖盘
13:30:33	12.36	--	21	25956	卖盘
13:30:30	12.36	--	192	237312	买盘
13:30:09	12.36	0.01	42	51912	买盘
13:29:57	12.35	--	14	17290	卖盘
13:29:54	12.35	--	192	237120	买盘
13:29:51	12.35	0.01	72	88920	买盘
13:29:48	12.34	-0.01	16	19744	卖盘
13:29:42	12.35	--	2	2470	买盘
13:29:33	12.35	0.01	6	7410	买盘
13:29:30	12.34	-0.01	4	4936	卖盘
13:29:27	12.35	0.01	6	7410	买盘
13:29:00	12.34	0.01	82	101188	买盘
13:28:54	12.33	--	5	6165	卖盘
13:28:42	12.33	-0.01	19	23427	卖盘
13:28:39	12.34	0.01	10	12340	买盘
13:28:33	12.33	--	128	158576	买盘
13:28:30	12.33	--	10	12330	买盘
13:28:27	12.33	0.01	126	155358	买盘
13:28:24	12.32	-0.01	40	49280	卖盘
13:28:21	12.33	--	55	67815	买盘
13:28:18	12.33	0.01	1	1233	买盘
13:28:15	12.32	-0.01	40	49280	卖盘
13:28:12	12.33	0.01	23	28359	买盘
13:28:09	12.32	--	23	28336	卖盘
13:28:06	12.32	-0.01	119	146608	卖盘
13:28:03	12.33	0.01	22	27126	买盘
13:27:57	12.32	--	134	165088	卖盘
13:27:54	12.32	-0.01	94	115808	卖盘
13:27:51	12.33	--	6	7398	买盘
13:27:48	12.33	--	23	28359	买盘
13:27:45	12.33	--	2	2466	买盘
13:27:39	12.33	--	13	16029	买盘
13:27:36	12.33	0.01	21	25893	买盘
13:27:33	12.32	--	183	225456	卖盘
13:27:27	12.32	--	18	22176	卖盘
13:27:24	12.32	--	444	547180	买盘
13:27:21	12.32	0.01	8	9856	买盘
13:27:18	12.31	--	46	56626	卖盘
13:27:12	12.31	--	42	51702	卖盘
13:27:09	12.31	--	5	6155	卖盘
13:27:06	12.31	--	162	199422	卖盘
13:27:03	12.31	-0.01	20	24620	卖盘
13:27:00	12.32	0.01	53	65296	买盘
13:26:54	12.31	--	11	13541	卖盘
13:26:51	12.31	--	9	11079	卖盘
13:26:48	12.31	--	20	24620	卖盘
13:26:45	12.31	--	16	19696	买盘
13:26:42	12.31	--	14	17234	买盘
13:26:39	12.31	--	50	61550	买盘
13:26:36	12.31	--	12	14772	卖盘
13:26:33	12.31	--	8	9848	买盘
13:26:30	12.31	0.01	15	18465	卖盘
13:26:27	12.3	-0.01	609	749070	卖盘
13:26:21	12.31	-0.01	87	107097	卖盘
13:26:18	12.32	--	4	4928	买盘
13:26:12	12.32	0.01	27	33264	买盘
13:26:09	12.31	-0.01	15	18465	卖盘
13:26:06	12.32	--	1422	1752717	买盘
13:26:03	12.32	--	1	1232	买盘
13:25:57	12.32	--	45	55440	买盘
13:25:54	12.32	--	330	407040	卖盘
13:25:51	12.32	-0.01	2	2464	卖盘
13:25:42	12.33	0.01	33	40689	买盘
13:25:36	12.32	--	64	78848	卖盘
13:25:33	12.32	-0.01	16	19712	卖盘
13:25:30	12.33	0.01	76	93708	买盘
13:25:27	12.32	--	10	12320	卖盘
13:25:24	12.32	--	1	1232	卖盘
13:25:21	12.32	--	8	9856	卖盘
13:25:18	12.32	--	155	190960	卖盘
13:25:15	12.32	--	56	68992	卖盘
13:25:12	12.32	-0.01	1	1232	卖盘
13:25:09	12.33	0.01	25	30825	买盘
13:25:06	12.32	--	12	14784	卖盘
13:25:03	12.32	-0.01	5	6160	卖盘
13:25:00	12.33	0.01	5	6165	买盘
13:24:57	12.32	--	220	271040	卖盘
13:24:51	12.32	--	39	48048	卖盘
13:24:45	12.32	--	200	247151	卖盘
13:24:42	12.32	--	91	112112	卖盘
13:24:39	12.32	-0.01	100	123200	卖盘
13:24:33	12.33	--	11	13563	买盘
13:24:24	12.33	--	1	1233	买盘
13:24:21	12.33	0.01	11	13563	买盘
13:24:18	12.32	--	80	98560	卖盘
13:24:09	12.32	-0.01	142	174944	卖盘
13:24:03	12.33	--	1	1233	买盘
13:23:54	12.33	--	2	2466	买盘
13:23:51	12.33	--	97	120094	卖盘
13:23:45	12.33	--	378	466074	卖盘
13:23:39	12.33	--	5	6165	卖盘
13:23:36	12.33	--	776	956808	卖盘
13:23:33	12.33	-0.01	149	183717	卖盘
13:23:27	12.34	--	13	16042	买盘
13:23:24	12.34	--	42	51828	买盘
13:23:15	12.34	--	20	24680	买盘
13:23:12	12.34	--	9	11106	买盘
13:23:06	12.34	--	133	164122	卖盘
13:23:03	12.34	--	71	87614	卖盘
13:23:00	12.34	-0.01	6	7404	卖盘
13:22:57	12.35	--	2	2470	买盘
13:22:36	12.35	--	60	74100	买盘
13:22:27	12.35	--	97	119795	卖盘
13:22:21	12.35	0.01	3	3705	买盘
13:22:18	12.34	-0.01	21	25914	卖盘
13:22:15	12.35	0.01	3	3705	买盘
13:22:12	12.34	-0.01	81	99954	卖盘
13:22:03	12.35	0.01	24	29640	买盘
13:21:57	12.34	--	2	2468	卖盘
13:21:54	12.34	-0.01	8	9872	卖盘
13:21:48	12.35	0.01	4	4940	买盘
13:21:36	12.34	-0.01	16	19744	卖盘
13:21:33	12.35	--	7	8645	买盘
13:21:24	12.35	-0.01	4	4940	买盘
13:21:18	12.36	0.02	2	2472	买盘
13:21:15	12.34	-0.02	21	25914	卖盘
13:21:09	12.36	0.03	10	12360	买盘
13:21:06	12.33	--	15	18495	卖盘
13:21:03	12.33	-0.02	200	246600	卖盘
13:20:54	12.35	--	2	2470	买盘
13:20:42	12.35	--	15	18525	买盘
13:20:33	12.35	--	28	34580	卖盘
13:20:30	12.35	-0.01	5	6175	卖盘
13:20:24	12.36	0.01	71	87756	买盘
13:20:15	12.35	--	1	1235	卖盘
13:20:12	12.35	0.01	1	1235	买盘
13:20:06	12.34	-0.01	186	229524	卖盘
13:20:00	12.35	--	149	184756	买盘
13:19:54	12.35	0.01	29	35815	买盘
13:19:51	12.34	--	7	8638	卖盘
13:19:48	12.34	--	1	1234	卖盘
13:19:39	12.34	--	54	66636	卖盘
13:19:33	12.34	--	11	13574	卖盘
13:19:27	12.34	--	7	8638	卖盘
13:19:21	12.34	-0.01	6	7404	卖盘
13:19:15	12.35	0.01	10	12350	买盘
13:18:54	12.34	--	2	2468	买盘
13:18:51	12.34	-0.01	1	1234	中性盘
13:18:48	12.35	0.01	200	247000	买盘
13:18:42	12.34	--	60	74040	卖盘
13:18:39	12.34	--	13	16042	卖盘
13:18:36	12.34	--	10	12340	卖盘
13:18:33	12.34	--	44	54296	卖盘
13:18:24	12.34	0.01	40	49360	买盘
13:18:18	12.33	-0.01	10	12330	卖盘
13:18:15	12.34	--	6	7404	买盘
13:18:12	12.34	0.01	20	24680	买盘
13:18:09	12.33	-0.01	100	123300	卖盘
13:18:06	12.34	0.01	18	22212	买盘
13:18:00	12.33	-0.01	15	18495	卖盘
13:17:57	12.34	0.01	21	25914	买盘
13:17:54	12.33	-0.01	10	12330	卖盘
13:17:51	12.34	--	15	18510	买盘
13:17:45	12.34	--	11	13574	卖盘
13:17:39	12.34	--	5	6170	卖盘
13:17:36	12.34	--	16	19744	卖盘
13:17:33	12.34	0.01	5	6170	买盘
13:17:30	12.33	-0.01	16	19728	卖盘
13:17:27	12.34	--	42	51828	卖盘
13:17:24	12.34	--	19	23446	卖盘
13:17:21	12.34	--	9	11106	卖盘
13:17:12	12.34	--	10	12340	买盘
13:17:09	12.34	0.01	24	29616	买盘
13:17:06	12.33	--	62	76446	卖盘
13:16:57	12.33	--	41	50553	卖盘
13:16:54	12.33	-0.01	130	160290	卖盘
13:16:45	12.34	--	18	22212	卖盘
13:16:42	12.34	--	32	39488	卖盘
13:16:39	12.34	--	8	9872	卖盘
13:16:27	12.34	--	3	3702	卖盘
13:16:24	12.34	-0.01	25	30850	卖盘
13:16:21	12.35	0.01	3	3705	买盘
13:16:18	12.34	--	18	22212	卖盘
13:16:12	12.34	--	5	6170	卖盘
13:16:09	12.34	--	38	46892	卖盘
13:16:06	12.34	--	434	535556	卖盘
13:16:00	12.34	--	43	53062	卖盘
13:15:45	12.34	-0.01	5	6170	卖盘
13:15:39	12.35	0.01	1	1235	买盘
13:15:36	12.34	-0.01	2	2468	卖盘
13:15:33	12.35	--	29	35815	买盘
13:15:27	12.35	0.01	3	3705	买盘
13:15:24	12.34	--	9	11106	卖盘
13:15:21	12.34	-0.01	20	24680	卖盘
13:15:18	12.35	0.01	30	37050	买盘
13:15:12	12.34	--	5	6170	卖盘
13:15:00	12.34	-0.01	30	37020	卖盘
13:14:54	12.35	0.01	3	3705	买盘
13:14:51	12.34	--	10	12340	卖盘
13:14:45	12.34	-0.01	5	6170	卖盘
13:14:39	12.35	--	5	6175	买盘
13:14:36	12.35	--	2	2470	买盘
13:14:30	12.35	--	42	51870	买盘
13:14:27	12.35	--	3	3705	买盘
13:14:18	12.35	--	10	12350	买盘
13:14:09	12.35	--	20	24700	买盘
13:14:03	12.35	--	3	3705	买盘
13:14:00	12.35	--	134	165984	卖盘
13:13:45	12.35	--	2	2470	卖盘
13:13:42	12.35	-0.01	100	123500	卖盘
13:13:39	12.36	--	18	22248	买盘
13:13:36	12.36	--	3	3708	买盘
13:13:33	12.36	0.01	3	3708	买盘
13:13:30	12.35	-0.01	1	1235	卖盘
13:13:27	12.36	0.01	5	6180	买盘
13:13:24	12.35	-0.01	82	101270	卖盘
13:13:21	12.36	0.01	10	12360	买盘
13:13:09	12.35	--	144	178581	卖盘
13:13:06	12.35	--	137	169195	卖盘
13:13:03	12.35	--	12	14820	卖盘
13:12:54	12.35	--	13	16055	卖盘
13:12:51	12.35	-0.01	180	222300	卖盘
13:12:48	12.36	0.01	39	48204	买盘
13:12:39	12.35	--	22	27170	卖盘
13:12:30	12.35	--	12	14820	卖盘
13:12:27	12.35	--	20	24700	卖盘
13:12:18	12.35	-0.01	15	18525	卖盘
13:12:15	12.36	0.01	15	18540	买盘
13:12:12	12.35	--	8	9880	卖盘
13:12:09	12.35	-0.01	33	40755	卖盘
13:12:03	12.36	--	3	3708	买盘
13:12:00	12.36	0.01	12	14832	买盘
13:11:51	12.35	--	24	29640	卖盘
13:11:45	12.35	--	62	76570	卖盘
13:11:42	12.35	--	14	17290	卖盘
13:11:27	12.35	--	4	4940	卖盘
13:11:24	12.35	--	13	16055	卖盘
13:11:18	12.35	-0.01	13	16055	卖盘
13:11:12	12.36	--	30	37080	买盘
13:11:09	12.36	--	2	2472	买盘
13:11:03	12.36	0.01	10	12360	买盘
13:10:57	12.35	-0.01	11	13585	卖盘
13:10:54	12.36	--	8	9888	买盘
13:10:48	12.36	0.01	10	12360	买盘
13:10:45	12.35	--	10	12350	卖盘
13:10:42	12.35	-0.01	18	22230	卖盘
13:10:36	12.36	--	8	9888	买盘
13:10:24	12.36	--	1	1236	买盘
13:10:21	12.36	--	97	119892	卖盘
13:10:15	12.36	-0.01	17	21012	卖盘
13:10:09	12.37	0.01	67	82879	买盘
13:10:00	12.36	--	21	25956	卖盘
13:09:57	12.36	-0.01	4	4944	卖盘
13:09:51	12.37	0.01	1	1237	买盘
13:09:45	12.36	--	6	7416	卖盘
13:09:42	12.36	--	6	7416	卖盘
13:09:33	12.36	-0.01	3	3708	卖盘
13:09:30	12.37	0.01	1	1237	买盘
13:09:24	12.36	--	1	1236	卖盘
13:09:18	12.36	--	7	8652	卖盘
13:09:15	12.36	--	2	2472	卖盘
13:09:03	12.36	--	38	46968	卖盘
13:08:57	12.36	--	2	2472	卖盘
13:08:54	12.36	--	5	6180	卖盘
13:08:51	12.36	--	5	6180	中性盘
13:08:42	12.36	--	9	11124	买盘
13:08:39	12.36	0.01	2	2472	买盘
13:08:33	12.35	-0.01	20	24700	卖盘
13:08:30	12.36	--	65	80340	买盘
13:08:24	12.36	--	34	42024	买盘
13:08:21	12.36	-0.01	13	16068	卖盘
13:08:15	12.37	0.01	1	1237	买盘
13:08:09	12.36	-0.01	24	29664	卖盘
13:08:06	12.37	0.01	20	24740	买盘
13:08:03	12.36	--	5	6180	卖盘
13:08:00	12.36	--	54	66744	卖盘
13:07:57	12.36	-0.01	2	2472	卖盘
13:07:51	12.37	0.01	83	102671	买盘
13:07:48	12.36	-0.01	15	18540	卖盘
13:07:45	12.37	0.01	3	3710	买盘
13:07:42	12.36	--	5	6180	卖盘
13:07:39	12.36	-0.01	39	48204	卖盘
13:07:15	12.37	--	51	63891	卖盘
13:07:03	12.37	--	7	8659	卖盘
13:07:00	12.37	--	15	18555	卖盘
13:06:54	12.37	-0.01	5	6185	卖盘
13:06:51	12.38	0.01	7	8666	买盘
13:06:36	12.37	--	6	7421	卖盘
13:06:33	12.37	--	1	1669	买盘
13:06:30	12.37	0.01	10	12370	买盘
13:06:24	12.36	-0.01	5	6180	卖盘
13:06:21	12.37	0.01	10	12370	买盘
13:06:12	12.36	--	104	128544	卖盘
13:06:03	12.36	--	1	1236	卖盘
13:05:57	12.36	--	22	27192	卖盘
13:05:54	12.36	--	44	54384	卖盘
13:05:45	12.36	--	10	12360	卖盘
13:05:27	12.36	--	4	4944	卖盘
13:05:24	12.36	--	4	4944	卖盘
13:05:09	12.36	-0.01	7	8652	卖盘
13:04:57	12.37	0.01	50	61849	买盘
13:04:48	12.36	-0.01	1	1236	卖盘
13:04:45	12.37	0.01	15	18555	买盘
13:04:27	12.36	--	27	33372	卖盘
13:04:12	12.36	--	36	44496	卖盘
13:04:06	12.36	--	7	8652	卖盘
13:04:03	12.36	--	39	48204	卖盘
13:04:00	12.36	--	5	6180	卖盘
13:03:57	12.36	--	30	37080	卖盘
13:03:51	12.36	--	30	37080	卖盘
13:03:48	12.36	--	20	24720	卖盘
13:03:42	12.36	--	13	16068	卖盘
13:03:36	12.36	--	4	4944	卖盘
13:03:27	12.36	--	8	9888	卖盘
13:03:21	12.36	-0.01	217	268212	卖盘
13:03:15	12.37	--	6	7421	买盘
13:03:12	12.37	--	24	29687	买盘
13:03:03	12.37	--	45	55665	买盘
13:02:57	12.37	--	3	3710	买盘
13:02:54	12.37	0.01	5	6185	买盘
13:02:48	12.36	-0.01	1	1236	卖盘
13:02:45	12.37	-0.01	164	202868	卖盘
13:02:42	12.38	0.01	72	89136	买盘
13:02:36	12.37	--	20	24740	卖盘
13:02:30	12.37	--	5	6185	卖盘
13:02:27	12.37	--	12	14843	卖盘
13:02:12	12.37	--	13	16080	卖盘
13:02:06	12.37	--	13	16080	卖盘
13:02:03	12.37	--	8	9896	卖盘
13:02:00	12.37	--	5	6185	卖盘
13:01:54	12.37	--	30	37110	卖盘
13:01:48	12.37	--	73	90301	卖盘
13:01:42	12.37	--	10	12370	卖盘
13:01:39	12.37	-0.01	40	49480	卖盘
13:01:33	12.38	--	60	75344	卖盘
13:01:27	12.38	-0.01	49	60662	卖盘
13:01:24	12.39	0.01	24	29736	买盘
13:01:21	12.38	--	14	17332	卖盘
13:01:15	12.38	--	8	9904	卖盘
13:01:09	12.38	-0.01	6	7428	卖盘
13:01:03	12.39	0.01	3	3717	买盘
13:01:00	12.38	-0.01	5	6190	卖盘
13:00:57	12.39	--	2	2478	买盘
13:00:54	12.39	--	10	12390	买盘
13:00:39	12.39	--	6	7434	卖盘
13:00:30	12.39	0.01	4	4956	中性盘
13:00:24	12.38	--	10	12380	卖盘
13:00:21	12.38	--	4	4952	卖盘
13:00:12	12.38	--	15	18570	卖盘
13:00:09	12.38	--	48	59424	卖盘
13:00:06	12.38	--	22	27236	卖盘
13:00:03	12.38	0.01	933	1155450	买盘
13:00:00	12.37	--	0	0	卖盘
11:30:00	12.37	--	30	38124	买盘
11:29:57	12.37	0.01	21	25977	买盘
11:29:45	12.36	-0.01	5	6180	卖盘
11:29:33	12.37	--	13	16080	买盘
11:29:30	12.37	0.01	6	7421	买盘
11:29:27	12.36	-0.01	15	18540	卖盘
11:29:21	12.37	--	3	3710	买盘
11:29:18	12.37	--	14	17540	卖盘
11:29:15	12.37	--	10	12370	卖盘
11:29:12	12.37	--	1	1237	卖盘
11:29:03	12.37	--	43	54205	买盘
11:28:48	12.37	--	6	7421	买盘
11:28:42	12.37	-0.01	60	74442	卖盘
11:28:33	12.38	--	2	2476	卖盘
11:28:30	12.38	0.01	14	17332	卖盘
11:28:27	12.37	-0.01	100	123699	卖盘
11:28:21	12.38	--	3	3714	卖盘
11:28:12	12.38	0.01	222	275851	买盘
11:28:09	12.37	--	45	55665	卖盘
11:28:06	12.37	--	5	6185	卖盘
11:28:00	12.37	--	8	9896	卖盘
11:27:51	12.37	-0.01	13	16080	卖盘
11:27:48	12.38	0.01	2	2476	买盘
11:27:42	12.37	--	5	6185	卖盘
11:27:39	12.37	--	2	2474	卖盘
11:27:36	12.37	--	197	243688	卖盘
11:27:27	12.37	-0.01	11	13607	卖盘
11:27:24	12.38	--	1	1238	买盘
11:27:15	12.38	--	34	42092	买盘
11:27:12	12.38	0.01	285	352830	买盘
11:27:09	12.37	--	1	1237	卖盘
11:27:00	12.37	--	4	4948	买盘
11:26:48	12.37	--	17	21029	卖盘
11:26:39	12.37	0.01	33	40821	买盘
11:26:36	12.36	--	7	8652	买盘
11:26:33	12.36	0.01	24	29664	买盘
11:26:30	12.35	-0.01	10	12350	卖盘
11:26:24	12.36	--	1	1236	买盘
11:26:12	12.36	--	44	54384	卖盘
11:26:09	12.36	--	25	30900	卖盘
11:26:03	12.36	--	9	11124	卖盘
11:25:57	12.36	--	4	4944	卖盘
11:25:51	12.36	-0.01	43	53148	卖盘
11:25:45	12.37	--	1	1237	买盘
11:25:36	12.37	0.02	10	12370	买盘
11:25:30	12.35	-0.02	4	4940	卖盘
11:25:18	12.37	0.01	7	8659	买盘
11:25:12	12.36	0.01	5	6180	卖盘
11:25:03	12.35	--	49	60515	卖盘
11:24:57	12.35	--	13	16055	卖盘
11:24:54	12.35	--	10	12350	卖盘
11:24:51	12.35	--	13	16055	卖盘
11:24:45	12.35	--	5	6175	卖盘
11:24:42	12.35	--	2	2470	卖盘
11:24:36	12.35	0.01	1	1235	中性盘
11:24:30	12.34	--	107	132038	卖盘
11:24:27	12.34	--	16	19744	卖盘
11:24:24	12.34	-0.01	3	3702	卖盘
11:24:21	12.35	0.01	30	37050	买盘
11:24:18	12.34	--	388	478792	卖盘
11:24:12	12.34	--	10	12340	卖盘
11:24:06	12.34	-0.01	25	30850	卖盘
11:24:00	12.35	-0.01	921	1137435	卖盘
11:23:54	12.36	--	10	12360	卖盘
11:23:48	12.36	--	11	13596	卖盘
11:23:45	12.36	--	3	3708	卖盘
11:23:42	12.36	--	112	138432	卖盘
11:23:39	12.36	--	35	43260	卖盘
11:23:33	12.36	-0.02	15	18540	卖盘
11:23:27	12.38	0.02	4	4952	买盘
11:23:03	12.36	-0.01	34	42024	卖盘
11:23:00	12.37	-0.01	21	25977	卖盘
11:22:57	12.38	0.01	48	59424	买盘
11:22:54	12.37	--	2	2474	买盘
11:22:51	12.37	0.01	63	77931	买盘
11:22:45	12.36	--	1	1236	卖盘
11:22:39	12.36	--	36	44496	卖盘
11:22:36	12.36	-0.01	136	168096	卖盘
11:22:30	12.37	--	2	2474	买盘
11:22:27	12.37	--	21	25977	买盘
11:22:24	12.37	--	13	16080	买盘
11:22:21	12.37	--	21	25977	买盘
11:22:15	12.37	--	49	60612	买盘
11:22:09	12.37	--	8	9896	买盘
11:22:03	12.37	-0.01	21	25977	卖盘
11:21:48	12.38	0.01	20	24760	买盘
11:21:45	12.37	--	31	38347	买盘
11:21:42	12.37	--	16	19792	买盘
11:21:39	12.37	-0.01	67	82879	卖盘
11:21:33	12.38	--	24	29712	买盘
11:21:27	12.38	--	30	37140	买盘
11:21:21	12.38	--	5	6190	买盘
11:21:06	12.38	0.01	30	37140	买盘
11:21:03	12.37	--	44	54428	卖盘
11:20:45	12.37	--	4	4948	卖盘
11:20:39	12.37	--	1	1237	卖盘
11:20:33	12.37	0.01	105	129884	买盘
11:20:27	12.36	-0.01	9	11124	卖盘
11:20:21	12.37	--	20	24740	买盘
11:20:03	12.37	0.01	187	231318	买盘
11:20:00	12.36	-0.01	230	284280	卖盘
11:19:57	12.37	--	58	71746	买盘
11:19:54	12.37	--	5	6185	买盘
11:19:36	12.37	--	58	71746	卖盘
11:19:33	12.37	-0.01	10	12370	卖盘
11:19:27	12.38	0.01	1	1238	买盘
11:19:24	12.37	--	11	13607	卖盘
11:19:21	12.37	-0.01	3	3710	卖盘
11:19:15	12.38	--	1	1238	买盘
11:19:12	12.38	0.01	4	4952	买盘
11:19:09	12.37	--	7	8659	卖盘
11:19:00	12.37	--	9	11133	卖盘
11:18:48	12.37	--	11	13607	买盘
11:18:42	12.37	--	56	69272	买盘
11:18:33	12.37	0.01	5	6185	买盘
11:18:24	12.36	-0.01	14	17304	卖盘
11:18:21	12.37	--	37	45769	买盘
11:18:09	12.37	0.01	10	12370	买盘
11:18:06	12.36	--	10	12360	卖盘
11:18:00	12.36	--	5	6180	卖盘
11:17:57	12.36	--	6	7416	卖盘
11:17:45	12.36	--	9	11124	卖盘
11:17:42	12.36	--	37	45732	卖盘
11:17:39	12.36	--	25	30900	卖盘
11:17:36	12.36	--	13	16068	卖盘
11:17:33	12.36	--	10	12360	卖盘
11:17:15	12.36	--	52	64272	卖盘
11:17:12	12.36	--	5	6180	卖盘
11:17:09	12.36	-0.01	24	29664	卖盘
11:16:57	12.37	0.01	1	1237	买盘
11:16:54	12.36	-0.01	31	38316	卖盘
11:16:42	12.37	--	36	44532	卖盘
11:16:39	12.37	--	6	7421	卖盘
11:16:36	12.37	-0.01	67	82879	卖盘
11:16:33	12.38	0.01	3	3714	买盘
11:16:27	12.37	--	60	74220	卖盘
11:16:21	12.37	-0.01	2	2474	卖盘
11:16:06	12.38	--	2	2476	买盘
11:15:48	12.38	0.01	30	37140	买盘
11:15:42	12.37	--	1	1237	卖盘
11:15:39	12.37	--	77	95249	卖盘
11:15:21	12.37	--	4	4948	卖盘
11:15:12	12.37	--	5	6185	买盘
11:15:09	12.37	0.01	23	28451	中性盘
11:14:48	12.36	-0.01	138	170568	卖盘
11:14:45	12.37	--	14	17318	买盘
11:14:42	12.37	--	36	44532	买盘
11:14:36	12.37	--	10	12370	买盘
11:14:21	12.37	--	59	72983	卖盘
11:14:09	12.37	--	5	6185	卖盘
11:14:00	12.37	--	60	74220	卖盘
11:13:57	12.37	0.01	121	149677	买盘
11:13:54	12.36	-0.01	10	12360	卖盘
11:13:51	12.37	0.01	6	7421	买盘
11:13:42	12.36	-0.01	9	11124	卖盘
11:13:39	12.37	--	8	9896	买盘
11:13:36	12.37	--	23	28451	买盘
11:13:33	12.37	--	11	13607	买盘
11:13:30	12.37	--	225	278325	卖盘
11:13:27	12.37	-0.01	5	6185	卖盘
11:13:21	12.38	0.01	14	17332	买盘
11:13:12	12.37	--	1	1237	卖盘
11:13:06	12.37	--	18	22266	买盘
11:12:57	12.37	0.01	10	12370	买盘
11:12:51	12.36	-0.01	17	21012	卖盘
11:12:45	12.37	--	50	61849	买盘
11:12:42	12.37	--	4	4948	买盘
11:12:39	12.37	--	20	24740	买盘
11:12:36	12.37	--	2	2474	买盘
11:12:30	12.37	-0.01	183	226371	卖盘
11:12:27	12.38	0.01	20	24760	买盘
11:12:21	12.37	-0.01	4	4948	卖盘
11:12:06	12.38	--	95	117832	卖盘
11:12:03	12.38	--	75	92850	卖盘
11:11:54	12.38	--	15	18570	卖盘
11:11:48	12.38	-0.01	3	3714	卖盘
11:11:45	12.39	--	1	1239	买盘
11:11:30	12.39	0.01	10	12390	买盘
11:11:27	12.38	--	5	6190	卖盘
11:11:12	12.38	--	4	4952	卖盘
11:11:00	12.38	-0.01	15	18570	卖盘
11:10:48	12.39	--	10	12390	买盘
11:10:45	12.39	--	7	9478	卖盘
11:10:33	12.39	-0.01	109	135051	卖盘
11:10:30	12.4	0.01	1	1240	买盘
11:10:27	12.39	--	50	61950	卖盘
11:10:21	12.39	-0.01	90	111510	卖盘
11:10:15	12.4	0.01	9	11160	买盘
11:10:09	12.39	--	5	6195	卖盘
11:10:06	12.39	--	19	23541	卖盘
11:10:03	12.39	-0.01	5	6195	卖盘
11:10:00	12.4	--	99	122760	卖盘
11:09:57	12.4	-0.01	30	37200	卖盘
11:09:54	12.41	0.01	1	1241	买盘
11:09:51	12.4	--	50	62000	卖盘
11:09:48	12.4	--	16	19840	卖盘
11:09:45	12.4	--	75	93000	卖盘
11:09:42	12.4	--	25	31000	卖盘
11:09:39	12.4	-0.01	207	256680	卖盘
11:09:36	12.41	0.01	32	39712	买盘
11:09:30	12.4	-0.01	5	6200	卖盘
11:09:27	12.41	--	1	1241	买盘
11:09:24	12.41	--	300	372300	买盘
11:09:15	12.41	--	10	12410	买盘
11:09:06	12.41	--	98	121618	卖盘
11:09:03	12.41	--	20	24820	卖盘
11:08:45	12.41	0.01	39	48399	买盘
11:08:42	12.4	--	180	223200	卖盘
11:08:30	12.4	--	30	37200	卖盘
11:08:27	12.4	0.01	54	66960	买盘
11:08:24	12.39	-0.01	55	68145	卖盘
11:08:18	12.4	0.01	10	12400	买盘
11:07:54	12.39	-0.01	1	1239	卖盘
11:07:51	12.4	--	20	24800	买盘
11:07:48	12.4	0.01	5	6200	买盘
11:07:45	12.39	-0.01	30	37170	卖盘
11:07:27	12.4	--	5	6200	卖盘
11:07:24	12.4	--	30	37200	卖盘
11:07:21	12.4	--	2	2480	卖盘
11:07:15	12.4	--	8	9920	卖盘
11:07:09	12.4	--	41	50840	卖盘
11:07:00	12.4	--	85	105400	卖盘
11:06:57	12.4	--	39	48360	卖盘
11:06:51	12.4	--	2	2480	卖盘
11:06:45	12.4	-0.01	38	47120	卖盘
11:06:39	12.41	0.01	4	4964	买盘
11:06:36	12.4	--	7	8680	卖盘
11:06:33	12.4	--	9	11160	卖盘
11:06:24	12.4	-0.01	193	239320	卖盘
11:06:21	12.41	--	1	1241	买盘
11:06:15	12.41	--	29	35989	买盘
11:06:09	12.41	--	3	3723	买盘
11:06:00	12.41	--	77	95557	卖盘
11:05:51	12.41	--	9	11169	买盘
11:05:48	12.41	--	12	14892	买盘
11:05:45	12.41	--	12	14892	买盘
11:05:42	12.41	--	28	34748	卖盘
11:05:33	12.41	-0.01	15	18615	中性盘
11:05:18	12.42	0.01	84	104328	买盘
11:05:15	12.41	--	12	14892	卖盘
11:05:09	12.41	-0.01	5	6205	卖盘
11:05:03	12.42	0.01	40	49680	买盘
11:04:57	12.41	--	6	7446	卖盘
11:04:48	12.41	--	5	6205	卖盘
11:04:45	12.41	--	10	12410	卖盘
11:04:42	12.41	0.01	2	2482	买盘
11:04:36	12.4	--	10	12400	卖盘
11:04:33	12.4	--	6	7440	卖盘
11:04:30	12.4	--	18	22320	卖盘
11:04:27	12.4	--	10	12400	卖盘
11:04:24	12.4	--	91	112840	卖盘
11:04:21	12.4	-0.01	5	6200	卖盘
11:04:18	12.41	0.01	2	2482	买盘
11:04:15	12.4	-0.01	25	31000	卖盘
11:04:06	12.41	0.01	10	12410	买盘
11:04:03	12.4	-0.01	10	12400	卖盘
11:04:00	12.41	0.01	29	35989	买盘
11:03:57	12.4	-0.01	104	128960	卖盘
11:03:54	12.41	0.01	1	1241	买盘
11:03:51	12.4	--	4	4960	卖盘
11:03:48	12.4	--	5	6200	卖盘
11:03:39	12.4	0.01	46	57040	买盘
11:03:36	12.39	-0.01	6	7434	卖盘
11:03:30	12.4	--	2	2480	买盘
11:03:24	12.4	0.01	23	28520	买盘
11:03:15	12.39	-0.01	10	12390	卖盘
11:03:12	12.4	--	1	1240	中性盘
11:03:06	12.4	0.01	6	7440	中性盘
11:02:51	12.39	-0.01	9	11584	卖盘
11:02:45	12.4	0.01	6	7440	买盘
11:02:42	12.39	-0.01	25	30975	卖盘
11:02:39	12.4	--	10	12400	买盘
11:02:33	12.4	0.01	15	18600	买盘
11:02:24	12.39	--	20	24780	卖盘
11:02:21	12.39	-0.01	14	17346	卖盘
11:02:15	12.4	0.01	3	3720	买盘
11:02:12	12.39	-0.01	10	12390	卖盘
11:02:09	12.4	--	5	6200	买盘
11:02:06	12.4	--	10	12400	买盘
11:02:03	12.4	--	20	24800	买盘
11:01:57	12.4	--	6	7440	买盘
11:01:54	12.4	--	9	11160	卖盘
11:01:45	12.4	--	21	26040	卖盘
11:01:36	12.4	--	31	38440	买盘
11:01:33	12.4	0.01	5	6200	买盘
11:01:30	12.39	--	2	2478	卖盘
11:01:27	12.39	--	10	12390	卖盘
11:01:15	12.39	--	121	149919	买盘
11:01:12	12.39	0.01	35	43365	卖盘
11:01:06	12.38	-0.03	233	288454	卖盘
11:01:00	12.41	0.01	7	8687	买盘
11:00:57	12.4	--	3	3720	卖盘
11:00:54	12.4	--	25	32016	买盘
11:00:48	12.4	0.01	42	52080	买盘
11:00:33	12.39	-0.01	2	2478	卖盘
11:00:27	12.4	0.01	10	12400	买盘
11:00:24	12.39	--	24	29736	卖盘
11:00:21	12.39	--	7	8673	卖盘
11:00:18	12.39	--	3	3717	卖盘
11:00:15	12.39	--	15	18585	卖盘
11:00:12	12.39	-0.01	33	40887	卖盘
11:00:09	12.4	0.01	2	2480	买盘
11:00:06	12.39	--	11	13629	卖盘
11:00:03	12.39	--	10	12390	卖盘
10:59:51	12.39	0.01	10	12390	中性盘
10:59:45	12.38	-0.02	1	1238	卖盘
10:59:42	12.4	0.01	6	7440	买盘
10:59:33	12.39	-0.01	94	116689	卖盘
10:59:21	12.4	--	7	8680	卖盘
10:59:18	12.4	--	19	23560	卖盘
10:59:15	12.4	0.01	12	14880	买盘
10:59:12	12.39	-0.01	40	49560	卖盘
10:58:57	12.4	0.01	1	1240	买盘
10:58:54	12.39	-0.01	18	22302	卖盘
10:58:48	12.4	--	27	33480	买盘
10:58:39	12.4	--	78	96720	卖盘
10:58:33	12.4	--	13	16120	卖盘
10:58:27	12.4	-0.01	5	6200	买盘
10:58:24	12.41	0.02	10	12410	买盘
10:58:21	12.39	-0.02	25	30975	卖盘
10:58:18	12.41	--	4	4964	买盘
10:58:15	12.41	--	5	6205	买盘
10:58:12	12.41	0.01	3	3723	买盘
10:58:06	12.4	-0.01	30	37200	卖盘
10:58:03	12.41	--	16	19856	买盘
10:58:00	12.41	0.01	3	3723	买盘
10:57:57	12.4	--	9	11160	卖盘
10:57:54	12.4	-0.02	10	12400	卖盘
10:57:51	12.42	0.01	38	47196	买盘
10:57:48	12.41	--	20	24820	中性盘
10:57:45	12.41	--	5	6205	卖盘
10:57:42	12.41	-0.01	5	6205	中性盘
10:57:39	12.42	--	67	83214	买盘
10:57:33	12.42	0.02	12	14904	买盘
10:57:30	12.4	--	27	33480	卖盘
10:57:24	12.4	--	70	86800	卖盘
10:57:18	12.4	-0.02	24	29760	卖盘
10:57:15	12.42	--	8	9936	买盘
10:57:12	12.42	0.02	12	14904	买盘
10:57:09	12.4	--	7	8680	卖盘
10:57:06	12.4	-0.01	64	79360	卖盘
10:57:00	12.41	-0.01	10	12410	卖盘
10:56:57	12.42	0.02	3	3726	买盘
10:56:42	12.4	-0.01	5	6200	卖盘
10:56:39	12.41	0.01	5	7222	买盘
10:56:36	12.4	--	2	2480	卖盘
10:56:33	12.4	--	40	49600	卖盘
10:56:30	12.4	-0.01	5	6200	卖盘
10:56:27	12.41	--	31	38471	买盘
10:56:24	12.41	--	47	58550	卖盘
10:56:21	12.41	-0.01	10	12410	卖盘
10:56:12	12.42	0.01	9	11178	买盘
10:56:09	12.41	-0.01	12	14892	卖盘
10:56:06	12.42	--	2	2484	买盘
10:56:00	12.42	--	2	2484	买盘
10:55:57	12.42	--	4	4968	买盘
10:55:54	12.42	0.01	10	12420	买盘
10:55:48	12.41	-0.01	7	8687	卖盘
10:55:39	12.42	0.01	4	4968	买盘
10:55:33	12.41	--	1	1241	卖盘
10:55:30	12.41	--	0	1017	卖盘
10:55:24	12.41	--	6	7446	买盘
10:55:15	12.41	--	7	8687	买盘
10:55:06	12.41	--	6	7446	买盘
10:55:00	12.41	--	3	3723	买盘
10:54:57	12.41	--	60	74460	卖盘
10:54:51	12.41	--	2	2482	卖盘
10:54:30	12.41	--	24	29784	买盘
10:54:21	12.41	-0.01	23	28543	卖盘
10:54:18	12.42	--	14	17388	买盘
10:54:06	12.42	--	5	6210	买盘
10:54:03	12.42	0.01	28	34776	买盘
10:54:00	12.41	--	8	9928	买盘
10:53:57	12.41	--	19	23579	买盘
10:53:54	12.41	--	75	93075	卖盘
10:53:48	12.41	--	53	65773	卖盘
10:53:45	12.41	-0.02	1	1241	卖盘
10:53:39	12.43	0.02	4	4972	买盘
10:53:36	12.41	-0.02	7	8687	卖盘
10:53:30	12.43	--	1	1243	买盘
10:53:24	12.43	-0.01	18	22374	卖盘
10:53:21	12.44	--	10	12440	买盘
10:53:18	12.44	--	100	124400	买盘
10:53:03	12.44	--	139	172916	卖盘
10:53:00	12.44	--	13	16172	买盘
10:52:57	12.44	--	2	2488	卖盘
10:52:54	12.44	0.03	1	1244	买盘
10:52:51	12.41	-0.01	31	38471	卖盘
10:52:48	12.42	-0.01	11	13662	卖盘
10:52:45	12.43	-0.01	41	50963	卖盘
10:52:42	12.44	0.01	82	102008	买盘
10:52:39	12.43	-0.01	23	28589	卖盘
10:52:36	12.44	--	129	160476	买盘
10:52:33	12.44	--	30	37320	买盘
10:52:30	12.44	-0.01	90	111960	卖盘
10:52:27	12.45	--	98	122010	买盘
10:52:24	12.45	--	59	73455	买盘
10:52:21	12.45	--	37	46065	买盘
10:52:18	12.45	-0.01	2	2490	中性盘
10:52:15	12.46	0.01	120	149520	买盘
10:52:12	12.45	--	7	8715	买盘
10:52:09	12.45	0.01	64	79680	买盘
10:52:06	12.44	--	11	13684	卖盘
10:52:03	12.44	--	10	12440	卖盘
10:52:00	12.44	--	6	7464	买盘
10:51:57	12.44	--	5	6220	买盘
10:51:54	12.44	--	35	43540	卖盘
10:51:51	12.44	0.01	17	21148	买盘
10:51:48	12.43	--	2	2486	买盘
10:51:45	12.43	--	10	12430	买盘
10:51:39	12.43	-0.02	7	8701	中性盘
10:51:36	12.45	0.03	800	996000	买盘
10:51:30	12.42	--	80	99360	卖盘
10:51:27	12.42	0.02	2	2484	卖盘
10:51:21	12.4	-0.02	78	96720	卖盘
10:51:15	12.42	--	81	100602	买盘
10:51:12	12.42	0.01	80	99360	买盘
10:51:09	12.41	--	80	99280	买盘
10:51:06	12.41	-0.01	2	2482	买盘
10:51:03	12.42	0.01	235	291870	买盘
10:51:00	12.41	--	30	37230	买盘
10:50:57	12.41	--	57	70737	买盘
10:50:54	12.41	--	60	74460	买盘
10:50:51	12.41	--	9	11169	买盘
10:50:48	12.41	--	166	206006	买盘
10:50:45	12.41	--	20	24820	买盘
10:50:42	12.41	--	17	21097	买盘
10:50:39	12.41	--	7	8687	买盘
10:50:36	12.41	-0.01	3	3723	卖盘
10:50:33	12.42	--	115	142830	买盘
10:50:30	12.42	--	5	6210	买盘
10:50:27	12.42	0.01	176	218592	买盘
10:50:24	12.41	-0.01	10	12410	卖盘
10:50:18	12.42	0.01	139	172638	买盘
10:50:15	12.41	-0.01	51	63291	卖盘
10:50:12	12.42	--	13	16146	卖盘
10:50:06	12.42	--	57	70794	买盘
10:50:03	12.42	--	6	7452	买盘
10:49:54	12.42	--	62	77004	买盘
10:49:51	12.42	0.01	42	52164	买盘
10:49:48	12.41	--	6	7446	买盘
10:49:45	12.41	-0.01	44	54604	卖盘
10:49:42	12.42	0.01	18	22356	买盘
10:49:39	12.41	-0.01	9	11169	卖盘
10:49:36	12.42	--	24	29808	买盘
10:49:33	12.42	0.02	107	132894	买盘
10:49:27	12.4	--	8	9920	买盘
10:49:24	12.4	--	30	37200	买盘
10:49:21	12.4	--	200	248000	买盘
10:49:18	12.4	0.01	50	62000	买盘
10:49:15	12.39	--	55	68145	买盘
10:49:12	12.39	0.01	10	12390	买盘
10:49:09	12.38	--	30	37140	卖盘
10:49:06	12.38	--	308	381304	买盘
10:49:03	12.38	0.01	160	198080	买盘
10:49:00	12.37	--	4	4948	卖盘
10:48:54	12.37	-0.01	20	24740	卖盘
10:48:48	12.38	0.01	1	1238	买盘
10:48:39	12.37	-0.01	86	106382	卖盘
10:48:30	12.38	--	4	4952	买盘
10:48:27	12.38	0.01	5	6190	买盘
10:48:21	12.37	--	7	8659	卖盘
10:48:12	12.37	0.02	36	44532	买盘
10:48:09	12.35	--	69	85215	卖盘
10:48:00	12.35	-0.02	5	6175	卖盘
10:47:51	12.37	0.02	1	1237	买盘
10:47:48	12.35	--	10	12350	卖盘
10:47:33	12.35	0.01	7	8645	买盘
10:47:30	12.34	-0.01	120	148080	卖盘
10:47:27	12.35	0.01	3	3705	中性盘
10:47:18	12.34	0.01	5	6170	买盘
10:47:15	12.33	-0.01	303	373599	卖盘
10:47:12	12.34	--	36	44424	买盘
10:47:09	12.34	0.01	7	8638	买盘
10:47:06	12.33	-0.01	15	18495	卖盘
10:47:03	12.34	--	22	27148	买盘
10:47:00	12.34	--	2	2468	买盘
10:46:57	12.34	--	20	24680	买盘
10:46:54	12.34	-0.01	1013	1250042	卖盘
10:46:48	12.35	-0.01	18	22230	卖盘
10:46:45	12.36	--	2	2472	买盘
10:46:36	12.36	0.01	15	18540	中性盘
10:46:30	12.35	-0.03	11	13585	卖盘
10:46:24	12.38	--	139	172082	买盘
10:46:15	12.38	0.03	5	6190	买盘
10:46:09	12.35	-0.02	100	123500	卖盘
10:46:06	12.37	--	10	12370	卖盘
10:46:03	12.37	0.01	63	77931	买盘
10:46:00	12.36	--	60	74160	卖盘
10:45:57	12.36	-0.01	50	61800	卖盘
10:45:42	12.37	--	51	63086	卖盘
10:45:27	12.37	--	86	106382	卖盘
10:45:24	12.37	-0.01	10	12370	卖盘
10:45:21	12.38	0.01	53	65614	买盘
10:45:18	12.37	-0.01	2	2474	卖盘
10:45:15	12.38	--	14	17332	买盘
10:45:12	12.38	--	50	61900	买盘
10:45:06	12.38	0.01	1	1238	买盘
10:44:57	12.37	-0.01	5	6185	卖盘
10:44:39	12.38	--	8	9904	买盘
10:44:33	12.38	0.01	6	7428	买盘
10:44:27	12.37	--	65	80405	买盘
10:44:24	12.37	--	16	19792	买盘
10:44:18	12.37	--	103	127410	买盘
10:44:00	12.37	0.01	20	24740	买盘
10:43:54	12.36	--	4	4944	买盘
10:43:48	12.36	--	30	37080	卖盘
10:43:42	12.36	--	11	13596	卖盘
10:43:39	12.36	--	9	11124	卖盘
10:43:36	12.36	--	1	1236	卖盘
10:43:21	12.36	--	92	113712	买盘
10:43:15	12.36	0.01	10	12360	买盘
10:43:12	12.35	-0.01	118	145730	卖盘
10:43:09	12.36	0.01	4	4944	买盘
10:42:57	12.35	--	173	213655	卖盘
10:42:48	12.35	--	3	3705	卖盘
10:42:45	12.35	--	7	8645	卖盘
10:42:39	12.35	--	8	9880	卖盘
10:42:36	12.35	--	53	65455	卖盘
10:42:33	12.35	--	31	38285	卖盘
10:42:27	12.35	--	10	12350	卖盘
10:42:21	12.35	--	35	43225	买盘
10:42:18	12.35	--	6	7410	买盘
10:42:15	12.35	0.01	8	9880	买盘
10:42:12	12.34	-0.01	42	51828	卖盘
10:42:09	12.35	0.01	11	13585	买盘
10:42:03	12.34	--	14	17276	卖盘
10:42:00	12.34	--	29	35786	卖盘
10:41:57	12.34	-0.01	62	76508	卖盘
10:41:54	12.35	--	13	16055	买盘
10:41:51	12.35	0.01	128	158080	买盘
10:41:48	12.34	--	20	24680	卖盘
10:41:42	12.34	--	21	25914	卖盘
10:41:39	12.34	--	10	12340	卖盘
10:41:36	12.34	--	152	187568	卖盘
10:41:33	12.34	-0.01	10	12340	卖盘
10:41:21	12.35	--	10	12350	买盘
10:41:15	12.35	--	65	80275	买盘
10:41:09	12.35	--	4	4940	买盘
10:41:00	12.35	--	21	25935	买盘
10:40:54	12.35	--	6	7410	买盘
10:40:48	12.35	--	3	3705	买盘
10:40:42	12.35	--	5	6175	买盘
10:40:39	12.35	-0.01	119	146965	卖盘
10:40:33	12.36	--	6	7416	买盘
10:40:30	12.36	--	18	22248	买盘
10:40:18	12.36	--	5	6180	买盘
10:40:12	12.36	--	6	7416	卖盘
10:40:09	12.36	--	28	34608	卖盘
10:40:06	12.36	--	3	3708	卖盘
10:39:57	12.36	0.01	40	49440	卖盘
10:39:51	12.35	0.01	83	102505	中性盘
10:39:45	12.34	-0.02	21	25914	卖盘
10:39:42	12.36	0.01	16	19776	买盘
10:39:36	12.35	0.01	12	14832	买盘
10:39:33	12.34	-0.01	3	3702	卖盘
10:39:30	12.35	0.01	1	1235	买盘
10:39:27	12.34	-0.01	5	6170	卖盘
10:39:21	12.35	0.01	51	62985	买盘
10:39:18	12.34	--	50	61700	卖盘
10:39:15	12.34	--	10	12340	卖盘
10:39:09	12.34	--	100	123400	卖盘
10:39:06	12.34	--	10	12340	卖盘
10:39:03	12.34	--	5	6170	卖盘
10:39:00	12.34	--	11	13574	卖盘
10:38:57	12.34	--	17	20978	卖盘
10:38:54	12.34	--	12	14808	买盘
10:38:51	12.34	--	88	108592	卖盘
10:38:45	12.34	--	3	3702	卖盘
10:38:39	12.34	--	6	7404	卖盘
10:38:36	12.34	--	30	37020	买盘
10:38:33	12.34	--	6	7404	买盘
10:38:30	12.34	--	27	33318	买盘
10:38:27	12.34	0.01	81	99954	买盘
10:38:24	12.33	--	5	6165	卖盘
10:38:21	12.33	-0.01	12	14796	卖盘
10:38:18	12.34	--	10	12340	买盘
10:38:12	12.34	0.01	5	6170	买盘
10:38:06	12.33	--	12	14796	卖盘
10:38:00	12.33	-0.01	25	30825	卖盘
10:37:57	12.34	0.01	96	118464	买盘
10:37:54	12.33	-0.01	6	7398	卖盘
10:37:51	12.34	--	2	2468	买盘
10:37:45	12.34	--	2	2468	买盘
10:37:42	12.34	-0.01	34	41956	卖盘
10:37:36	12.35	0.01	43	53105	买盘
10:37:33	12.34	--	5	6170	卖盘
10:37:30	12.34	--	50	61700	卖盘
10:37:27	12.34	--	60	74040	卖盘
10:37:24	12.34	--	42	51828	卖盘
10:37:21	12.34	--	22	27148	卖盘
10:37:18	12.34	--	193	238162	卖盘
10:37:15	12.34	--	33	40722	卖盘
10:37:12	12.34	--	21	25914	卖盘
10:37:09	12.34	--	8	9872	卖盘
10:37:06	12.34	--	3	3702	卖盘
10:37:00	12.34	--	4	4936	卖盘
10:36:57	12.34	-0.01	32	40709	卖盘
10:36:54	12.35	--	130	160550	卖盘
10:36:51	12.35	--	15	18525	卖盘
10:36:45	12.35	--	1	1235	卖盘
10:36:39	12.35	-0.01	35	43225	卖盘
10:36:33	12.36	0.01	4	4944	买盘
10:36:27	12.35	-0.02	677	836095	卖盘
10:36:24	12.37	--	2	2474	买盘
10:36:18	12.37	--	5	6185	买盘
10:36:15	12.37	--	3	3710	买盘
10:36:12	12.37	--	45	55665	卖盘
10:36:09	12.37	--	10	12370	卖盘
10:36:06	12.37	--	7	8659	卖盘
10:36:00	12.37	-0.01	6	7421	卖盘
10:35:51	12.38	0.01	10	12380	买盘
10:35:48	12.37	-0.01	35	43295	卖盘
10:35:45	12.38	0.01	5	6190	买盘
10:35:42	12.37	--	1	1237	卖盘
10:35:39	12.37	--	98	121225	卖盘
10:35:33	12.37	-0.01	13	16080	卖盘
10:35:18	12.38	0.01	11	13618	买盘
10:35:12	12.37	--	20	24740	卖盘
10:35:09	12.37	--	4	4948	卖盘
10:35:06	12.37	-0.01	9	11133	卖盘
10:34:57	12.38	0.01	66	81708	买盘
10:34:54	12.37	-0.01	82	101434	卖盘
10:34:42	12.38	--	9	11142	买盘
10:34:39	12.38	0.01	8	9904	中性盘
10:34:27	12.37	-0.02	45	55665	卖盘
10:34:24	12.39	0.01	51	63189	买盘
10:34:18	12.38	--	55	68090	卖盘
10:34:12	12.38	--	10	12380	卖盘
10:34:06	12.38	--	20	24760	卖盘
10:34:03	12.38	--	2	2476	卖盘
10:33:54	12.38	-0.01	2	2476	卖盘
10:33:51	12.39	--	11	13629	卖盘
10:33:45	12.39	--	30	37170	买盘
10:33:42	12.39	--	2	2478	买盘
10:33:39	12.39	--	1	1239	买盘
10:33:33	12.39	--	12	14868	买盘
10:33:30	12.39	--	7	8673	买盘
10:33:27	12.39	-0.01	20	24780	卖盘
10:33:21	12.4	-0.01	2	2480	买盘
10:33:15	12.41	0.02	33	40953	买盘
10:33:12	12.39	-0.01	10	12390	卖盘
10:33:09	12.4	--	40	49600	卖盘
10:33:06	12.4	--	10	12400	卖盘
10:33:03	12.4	--	2	2480	卖盘
10:33:00	12.4	--	10	12400	卖盘
10:32:57	12.4	-0.01	20	24800	卖盘
10:32:54	12.41	--	5	6205	买盘
10:32:51	12.41	--	19	23579	买盘
10:32:39	12.41	--	2	2482	卖盘
10:32:33	12.41	--	5	6205	卖盘
10:32:30	12.41	--	14	17374	买盘
10:32:27	12.41	--	2	2482	买盘
10:32:24	12.41	0.02	24	29784	买盘
10:32:21	12.39	-0.02	7	8673	卖盘
10:32:18	12.41	--	3	3723	买盘
10:32:12	12.41	--	9	11169	买盘
10:32:06	12.41	--	10	12410	买盘
10:32:00	12.41	--	31	38471	买盘
10:31:57	12.41	--	1	1241	买盘
10:31:48	12.41	--	20	24820	买盘
10:31:39	12.41	0.03	50	62050	买盘
10:31:36	12.38	-0.02	12	14856	卖盘
10:31:33	12.4	--	50	62000	买盘
10:31:27	12.4	--	80	99200	买盘
10:31:24	12.4	--	24	29760	买盘
10:31:18	12.4	--	50	62000	买盘
10:31:15	12.4	0.02	80	99200	买盘
10:31:12	12.38	-0.02	4	4952	卖盘
10:31:09	12.4	--	80	99200	买盘
10:31:06	12.4	--	50	62000	买盘
10:31:00	12.4	0.02	50	62000	买盘
10:30:54	12.38	0.02	55	68090	中性盘
10:30:48	12.36	--	100	123600	卖盘
10:30:45	12.36	-0.02	51	63036	卖盘
10:30:42	12.38	--	80	99040	买盘
10:30:36	12.38	0.02	20	24760	买盘
10:30:30	12.36	-0.01	181	223728	卖盘
10:30:27	12.37	--	50	61849	买盘
10:30:18	12.37	--	50	61849	买盘
10:30:12	12.37	--	1	1237	买盘
10:30:09	12.37	--	50	61849	买盘
10:30:06	12.37	--	0	1224	卖盘
10:30:03	12.37	--	7	8659	卖盘
10:30:00	12.37	--	48	59375	卖盘
10:29:54	12.37	--	78	96486	卖盘
10:29:33	12.37	--	9	11133	卖盘
10:29:30	12.37	--	13	16080	卖盘
10:29:27	12.37	--	52	64323	卖盘
10:29:24	12.37	--	17	21029	卖盘
10:29:12	12.37	--	7	8659	卖盘
10:29:00	12.37	-0.01	37	45769	卖盘
10:28:54	12.38	--	19	23522	买盘
10:28:51	12.38	0.01	50	61900	买盘
10:28:45	12.37	-0.01	12	14843	卖盘
10:28:42	12.38	0.01	10	12380	买盘
10:28:36	12.37	--	20	24740	卖盘
10:28:30	12.37	--	17	21029	卖盘
10:28:21	12.37	--	8	9896	卖盘
10:28:12	12.37	--	10	12370	卖盘
10:28:09	12.37	--	50	61849	卖盘
10:28:03	12.37	-0.01	12	14843	卖盘
10:27:57	12.38	0.01	61	75518	买盘
10:27:54	12.37	--	60	74220	卖盘
10:27:51	12.37	--	30	37110	卖盘
10:27:48	12.37	--	30	37110	卖盘
10:27:27	12.37	-0.01	190	235029	卖盘
10:27:24	12.38	--	8	9904	卖盘
10:27:21	12.38	--	13	16094	买盘
10:27:15	12.38	0.01	41	50758	买盘
10:27:12	12.37	-0.01	170	210290	卖盘
10:27:06	12.38	--	49	60662	卖盘
10:27:03	12.38	-0.01	20	24760	卖盘
10:27:00	12.39	--	88	109032	买盘
10:26:54	12.39	--	15	18585	买盘
10:26:48	12.39	--	10	12390	买盘
10:26:33	12.39	0.01	46	56994	买盘
10:26:30	12.38	--	13	16094	买盘
10:26:21	12.38	--	1	1238	买盘
10:26:12	12.38	--	50	61900	卖盘
10:26:09	12.38	-0.01	11	13618	卖盘
10:26:03	12.39	0.01	10	12390	买盘
10:26:00	12.38	--	6	7428	卖盘
10:25:54	12.38	--	2	2476	卖盘
10:25:51	12.38	--	39	48282	卖盘
10:25:48	12.38	--	18	22284	卖盘
10:25:45	12.38	--	5	6190	卖盘
10:25:42	12.38	--	1	1238	卖盘
10:25:39	12.38	--	11	13618	买盘
10:25:36	12.38	--	132	163416	买盘
10:25:33	12.38	--	105	129990	买盘
10:25:30	12.38	--	7	8666	买盘
10:25:27	12.38	--	1	1238	买盘
10:25:24	12.38	--	45	55710	买盘
10:25:21	12.38	0.01	13	16094	买盘
10:25:18	12.37	-0.01	5	6185	卖盘
10:25:12	12.38	0.01	132	163416	买盘
10:25:09	12.37	--	7	8659	卖盘
10:25:03	12.37	-0.01	20	24740	卖盘
10:25:00	12.38	0.01	6	7428	买盘
10:24:54	12.37	-0.01	10	12370	卖盘
10:24:51	12.38	0.01	61	75518	买盘
10:24:39	12.37	--	14	17318	卖盘
10:24:27	12.37	--	18	22266	卖盘
10:24:21	12.37	--	10	12370	卖盘
10:24:18	12.37	--	21	25977	卖盘
10:24:15	12.37	--	12	14843	卖盘
10:24:12	12.37	--	5	6185	卖盘
10:24:06	12.37	-0.01	10	12370	卖盘
10:24:03	12.38	0.01	27	33426	买盘
10:23:51	12.37	-0.01	5	6185	卖盘
10:23:45	12.38	0.01	1	1238	买盘
10:23:42	12.37	-0.01	77	95249	卖盘
10:23:39	12.38	0.01	2	2476	买盘
10:23:36	12.37	--	24	29687	卖盘
10:23:33	12.37	--	1	1237	卖盘
10:23:27	12.37	--	60	74220	卖盘
10:23:21	12.37	--	35	43295	卖盘
10:23:18	12.37	--	6	7421	卖盘
10:23:12	12.37	-0.01	12	14843	卖盘
10:23:09	12.38	--	1	1238	买盘
10:23:06	12.38	0.01	12	14856	买盘
10:23:03	12.37	-0.01	10	12370	卖盘
10:23:00	12.38	0.01	5	6190	买盘
10:22:57	12.37	--	1	1237	卖盘
10:22:54	12.37	--	10	12370	卖盘
10:22:51	12.37	-0.01	2	2474	卖盘
10:22:48	12.38	0.01	7	8666	买盘
10:22:45	12.37	-0.01	7	8659	卖盘
10:22:39	12.38	--	20	24760	买盘
10:22:33	12.38	--	31	38378	买盘
10:22:30	12.38	--	30	37140	买盘
10:22:27	12.38	--	20	24760	买盘
10:22:24	12.38	--	161	199318	买盘
10:22:18	12.38	--	4	4952	买盘
10:22:15	12.38	--	5	6190	买盘
10:22:12	12.38	--	3	3714	买盘
10:22:09	12.38	--	44	54472	买盘
10:22:06	12.38	0.01	7	8666	中性盘
10:22:03	12.37	-0.01	22	27214	卖盘
10:22:00	12.38	--	19	23534	卖盘
10:21:57	12.38	-0.01	10	12380	卖盘
10:21:54	12.39	0.01	141	174699	买盘
10:21:42	12.38	--	209	258865	买盘
10:21:33	12.38	--	10	12380	买盘
10:21:30	12.38	--	45	55710	买盘
10:21:27	12.38	--	1	1238	买盘
10:21:24	12.38	-0.01	22	28350	卖盘
10:21:21	12.39	0.01	33	41010	买盘
10:21:18	12.38	-0.01	14	17332	卖盘
10:21:09	12.39	--	20	24780	买盘
10:21:03	12.39	--	2	2478	买盘
10:21:00	12.39	0.02	27	33453	买盘
10:20:57	12.37	--	6	7421	卖盘
10:20:54	12.37	-0.02	18	22266	卖盘
10:20:51	12.39	0.01	5	6195	买盘
10:20:45	12.38	--	2	2476	买盘
10:20:42	12.38	--	6	7428	买盘
10:20:39	12.38	-0.01	2	2476	买盘
10:20:33	12.39	0.01	81	100359	买盘
10:20:30	12.38	0.01	22	27236	买盘
10:20:27	12.37	-0.01	60	74220	卖盘
10:20:24	12.38	0.01	78	96564	买盘
10:20:21	12.37	-0.01	1	1237	卖盘
10:20:18	12.38	0.01	5	6190	买盘
10:20:15	12.37	-0.01	230	284510	卖盘
10:20:12	12.38	0.01	13	16094	买盘
10:20:09	12.37	--	44	54428	卖盘
10:20:00	12.37	--	12	14843	卖盘
10:19:57	12.37	--	53	65561	买盘
10:19:51	12.37	0.01	4	4948	买盘
10:19:48	12.36	-0.01	9	11124	卖盘
10:19:45	12.37	--	2	2474	买盘
10:19:39	12.37	0.01	3	3710	中性盘
10:19:33	12.36	-0.01	34	42024	卖盘
10:19:30	12.37	--	25	30924	买盘
10:19:24	12.37	0.01	56	69272	买盘
10:19:21	12.36	--	10	12360	卖盘
10:19:12	12.36	-0.01	5	6180	卖盘
10:19:03	12.37	0.01	1	1237	卖盘
10:18:57	12.36	--	15	18540	卖盘
10:18:54	12.36	--	20	24720	卖盘
10:18:51	12.36	--	165	203940	卖盘
10:18:48	12.36	--	7	8652	卖盘
10:18:45	12.36	-0.01	1	1236	卖盘
10:18:36	12.37	0.01	20	24740	买盘
10:18:33	12.36	-0.01	3	3708	卖盘
10:18:24	12.37	--	30	37110	买盘
10:18:21	12.37	0.01	4	4948	买盘
10:18:18	12.36	-0.01	61	75396	卖盘
10:18:15	12.37	0.01	3	3710	买盘
10:18:09	12.36	-0.01	11	13596	卖盘
10:18:00	12.37	--	15	18555	买盘
10:17:54	12.37	--	17	21029	买盘
10:17:48	12.37	-0.01	2	2474	中性盘
10:17:42	12.38	0.01	27	33426	买盘
10:17:39	12.37	--	28	34636	卖盘
10:17:36	12.37	-0.01	3	3710	卖盘
10:17:33	12.38	0.01	2	2476	买盘
10:17:30	12.37	--	1	1237	卖盘
10:17:24	12.37	-0.01	1	1237	卖盘
10:17:21	12.38	0.01	3	3714	买盘
10:17:15	12.37	--	5	6185	卖盘
10:17:12	12.37	--	4	4948	卖盘
10:17:09	12.37	0.01	87	107619	买盘
10:17:03	12.36	-0.01	27	33372	卖盘
10:16:57	12.37	--	50	61849	买盘
10:16:54	12.37	--	24	29687	卖盘
10:16:51	12.37	--	29	35873	卖盘
10:16:48	12.37	-0.01	5	6185	卖盘
10:16:45	12.38	0.01	1	1238	买盘
10:16:42	12.37	--	18	22266	卖盘
10:16:39	12.37	0.02	147	181839	买盘
10:16:33	12.35	--	7	8645	卖盘
10:16:30	12.35	--	100	123500	卖盘
10:16:27	12.35	-0.01	1	1235	卖盘
10:16:24	12.36	--	36	44496	买盘
10:16:21	12.36	--	18	22248	买盘
10:16:18	12.36	--	13	16068	买盘
10:16:12	12.36	--	13	16068	买盘
10:16:06	12.36	--	10	12360	买盘
10:16:03	12.36	--	19	23484	买盘
10:16:00	12.36	--	25	30900	买盘
10:15:54	12.36	--	17	21012	买盘
10:15:39	12.36	0.01	20	24720	买盘
10:15:33	12.35	-0.01	12	14820	卖盘
10:15:30	12.36	0.01	25	30900	买盘
10:15:24	12.35	--	110	135850	卖盘
10:15:15	12.35	-0.01	18	22230	卖盘
10:15:12	12.36	0.01	3	3708	买盘
10:15:03	12.35	--	43	53105	卖盘
10:15:00	12.35	--	102	125970	买盘
10:14:54	12.35	0.01	90	111150	买盘
10:14:51	12.34	--	33	40722	卖盘
10:14:48	12.34	--	5	6170	卖盘
10:14:45	12.34	--	9	11106	卖盘
10:14:42	12.34	--	3	3702	卖盘
10:14:36	12.34	--	119	146846	买盘
10:14:27	12.34	--	17	20978	买盘
10:14:21	12.34	--	173	213482	买盘
10:14:18	12.34	0.01	5	6170	买盘
10:14:12	12.33	--	136	167688	卖盘
10:14:09	12.33	--	25	30825	卖盘
10:14:06	12.33	--	5	6165	卖盘
10:14:00	12.33	--	5	6165	卖盘
10:13:57	12.33	--	14	17262	买盘
10:13:51	12.33	--	17	20961	买盘
10:13:48	12.33	--	5	6165	买盘
10:13:45	12.33	--	89	109737	卖盘
10:13:42	12.33	-0.01	29	35757	卖盘
10:13:33	12.34	--	15	18510	买盘
10:13:30	12.34	--	289	356626	卖盘
10:13:27	12.34	--	6	7404	卖盘
10:13:24	12.34	--	1	1234	卖盘
10:13:15	12.34	-0.01	9	11106	卖盘
10:13:12	12.35	--	6	7410	买盘
10:13:09	12.35	0.01	28	34580	买盘
10:13:03	12.34	--	48	59232	卖盘
10:13:00	12.34	-0.01	50	61700	卖盘
10:12:57	12.35	0.01	9	11115	买盘
10:12:54	12.34	-0.01	18	22212	卖盘
10:12:42	12.35	0.01	91	112385	买盘
10:12:39	12.34	-0.01	10	12340	卖盘
10:12:36	12.35	0.01	1	1235	买盘
10:12:30	12.34	-0.01	9	11106	卖盘
10:12:27	12.35	--	59	72865	卖盘
10:12:21	12.35	-0.01	2	2470	卖盘
10:12:15	12.36	0.01	5	6180	买盘
10:12:12	12.35	--	1	1235	卖盘
10:12:09	12.35	--	11	13585	卖盘
10:12:06	12.35	-0.01	1	1235	卖盘
10:12:03	12.36	--	15	18540	买盘
10:11:57	12.36	--	60	74160	买盘
10:11:54	12.36	--	7	8652	买盘
10:11:48	12.36	0.02	13	16068	买盘
10:11:36	12.34	-0.01	78	96252	卖盘
10:11:33	12.35	0.01	280	345800	买盘
10:11:30	12.34	--	21	25914	卖盘
10:11:27	12.34	-0.01	20	24680	卖盘
10:11:21	12.35	0.01	10	12350	买盘
10:11:15	12.34	-0.01	30	37020	卖盘
10:11:12	12.35	--	16	19760	买盘
10:11:09	12.35	--	16	19760	买盘
10:11:03	12.35	0.01	11	13585	买盘
10:11:00	12.34	-0.01	10	12340	卖盘
10:10:51	12.35	--	12	14820	买盘
10:10:48	12.35	0.01	15	18525	买盘
10:10:45	12.34	-0.01	30	37020	卖盘
10:10:42	12.35	0.01	1	1235	买盘
10:10:39	12.34	--	5	6170	卖盘
10:10:36	12.34	-0.01	10	12340	卖盘
10:10:33	12.35	--	20	24700	买盘
10:10:27	12.35	0.01	10	12350	买盘
10:10:21	12.34	-0.01	3	3702	卖盘
10:10:18	12.35	--	72	88920	买盘
10:10:15	12.35	--	16	19760	买盘
10:10:12	12.35	0.01	10	12350	买盘
10:10:06	12.34	--	37	45658	卖盘
10:10:03	12.34	--	60	74040	买盘
10:10:00	12.34	0.01	100	123400	买盘
10:09:54	12.33	--	24	29592	卖盘
10:09:48	12.33	-0.01	20	24660	卖盘
10:09:45	12.34	0.01	10	12340	买盘
10:09:42	12.33	--	10	12330	卖盘
10:09:39	12.33	--	5	6165	卖盘
10:09:36	12.33	-0.01	53	65349	卖盘
10:09:33	12.34	0.01	23	28382	买盘
10:09:24	12.33	--	11	13563	卖盘
10:09:21	12.33	--	10	12330	卖盘
10:09:18	12.33	--	1	1233	卖盘
10:09:15	12.33	--	135	166455	买盘
10:09:12	12.33	--	6	7398	买盘
10:09:06	12.33	0.01	20	24660	买盘
10:09:00	12.32	-0.01	8	9856	卖盘
10:08:57	12.33	0.01	10	12330	买盘
10:08:54	12.32	-0.01	10	12320	卖盘
10:08:51	12.33	--	10	12330	买盘
10:08:48	12.33	--	14	17262	买盘
10:08:45	12.33	0.01	2	2466	买盘
10:08:39	12.32	--	59	72688	卖盘
10:08:36	12.32	--	24	29568	卖盘
10:08:33	12.32	--	1	1232	卖盘
10:08:30	12.32	--	206	253792	买盘
10:08:27	12.32	--	2	2464	买盘
10:08:21	12.32	--	5	6160	买盘
10:08:18	12.32	--	2	2464	买盘
10:08:15	12.32	--	5	6160	买盘
10:08:12	12.32	--	26	32032	买盘
10:08:09	12.32	0.01	41	50512	买盘
10:08:06	12.31	-0.01	5	6155	卖盘
10:08:03	12.32	0.01	44	54208	买盘
10:08:00	12.31	--	27	33237	卖盘
10:07:57	12.31	--	5	6155	卖盘
10:07:54	12.31	0.01	194	238814	买盘
10:07:51	12.3	-0.01	222	273060	卖盘
10:07:48	12.31	0.01	679	835849	买盘
10:07:45	12.3	-0.01	112	137760	卖盘
10:07:42	12.31	--	14	17234	买盘
10:07:39	12.31	0.01	687	845697	买盘
10:07:36	12.3	--	372	457560	卖盘
10:07:33	12.3	--	29	35670	卖盘
10:07:30	12.3	--	314	386220	卖盘
10:07:27	12.3	-0.01	208	255840	卖盘
10:07:24	12.31	0.01	24	29544	买盘
10:07:21	12.3	-0.01	17	20910	卖盘
10:07:18	12.31	--	252	310212	买盘
10:07:15	12.31	-0.01	23	28313	卖盘
10:07:12	12.32	0.01	51	62832	买盘
10:07:09	12.31	--	24	29544	卖盘
10:07:06	12.31	--	30	36930	卖盘
10:07:03	12.31	--	83	102173	买盘
10:06:57	12.31	--	31	38161	买盘
10:06:54	12.31	--	622	765682	卖盘
10:06:48	12.31	--	63	77553	卖盘
10:06:45	12.31	--	5	6155	卖盘
10:06:42	12.31	--	70	86170	卖盘
10:06:39	12.31	-0.01	23	28313	卖盘
10:06:36	12.32	0.01	19	23408	买盘
10:06:33	12.31	-0.01	60	73860	卖盘
10:06:30	12.32	0.01	11	13552	买盘
10:06:27	12.31	--	26	32006	卖盘
10:06:24	12.31	--	105	129255	卖盘
10:06:21	12.31	-0.01	5	6155	卖盘
10:06:18	12.32	--	46	56672	买盘
10:06:15	12.32	0.01	5	6160	买盘
10:06:12	12.31	-0.01	6	7386	卖盘
10:06:09	12.32	0.01	10	12320	买盘
10:06:06	12.31	--	4	4924	卖盘
10:06:03	12.31	-0.01	26	32006	卖盘
10:06:00	12.32	0.01	80	98560	买盘
10:05:57	12.31	-0.01	39	48009	卖盘
10:05:54	12.32	--	83	102256	买盘
10:05:51	12.32	--	82	101024	买盘
10:05:48	12.32	--	182	224224	买盘
10:05:45	12.32	--	20	24640	买盘
10:05:39	12.32	--	130	160160	卖盘
10:05:36	12.32	-0.01	50	61600	卖盘
10:05:33	12.33	0.01	79	97407	买盘
10:05:30	12.32	-0.01	10	12320	卖盘
10:05:27	12.33	0.01	1	1233	买盘
10:05:24	12.32	-0.01	56	68992	卖盘
10:05:21	12.33	0.01	2	2466	买盘
10:05:18	12.32	-0.01	88	108416	卖盘
10:05:15	12.33	--	50	61650	买盘
10:05:12	12.33	0.01	42	51786	卖盘
10:05:03	12.32	--	44	54208	卖盘
10:05:00	12.32	-0.02	500	616000	卖盘
10:04:54	12.34	0.01	40	49360	买盘
10:04:51	12.33	--	30	36990	买盘
10:04:48	12.33	--	5	6165	买盘
10:04:42	12.33	--	187	230571	卖盘
10:04:39	12.33	--	113	139329	卖盘
10:04:33	12.33	--	36	44388	卖盘
10:04:30	12.33	-0.01	31	38223	卖盘
10:04:24	12.34	--	3	3702	买盘
10:04:21	12.34	-0.01	28	34552	卖盘
10:04:18	12.35	--	20	24700	买盘
10:04:12	12.35	0.01	13	16055	买盘
10:04:09	12.34	--	7	8638	买盘
10:04:06	12.34	-0.01	75	92550	卖盘
10:04:03	12.35	0.01	23	28405	买盘
10:03:57	12.34	--	7	8638	卖盘
10:03:51	12.34	--	45	55530	卖盘
10:03:48	12.34	-0.01	1	1234	卖盘
10:03:42	12.35	0.01	14	17290	买盘
10:03:39	12.34	--	5	6170	卖盘
10:03:36	12.34	0.01	26	32084	买盘
10:03:30	12.33	--	13	16029	卖盘
10:03:27	12.33	-0.01	103	126999	卖盘
10:03:24	12.34	--	5	6170	买盘
10:03:21	12.34	0.01	1	1234	买盘
10:03:18	12.33	--	1	1233	卖盘
10:03:15	12.33	-0.01	17	20961	卖盘
10:03:12	12.34	0.01	2	2468	买盘
10:03:06	12.33	--	30	36990	卖盘
10:03:03	12.33	--	3	3699	卖盘
10:03:00	12.33	0.01	13	16029	中性盘
10:02:54	12.32	-0.01	25	30800	卖盘
10:02:51	12.33	--	27	33291	买盘
10:02:48	12.33	0.01	110	135630	买盘
10:02:45	12.32	--	22	27104	卖盘
10:02:42	12.32	--	80	98560	卖盘
10:02:36	12.32	--	10	12320	卖盘
10:02:33	12.32	-0.01	76	93632	卖盘
10:02:30	12.33	0.01	70	86310	买盘
10:02:24	12.32	-0.01	1	1232	中性盘
10:02:21	12.33	0.01	69	85077	买盘
10:02:18	12.32	--	25	30800	买盘
10:02:15	12.32	0.01	28	34496	买盘
10:02:12	12.31	-0.01	68	83708	卖盘
10:02:09	12.32	--	100	123200	卖盘
10:02:06	12.32	--	53	65296	卖盘
10:02:03	12.32	--	59	72688	卖盘
10:02:00	12.32	--	15	18480	卖盘
10:01:57	12.32	--	10	12320	卖盘
10:01:54	12.32	--	7	8624	卖盘
10:01:51	12.32	--	74	91168	卖盘
10:01:48	12.32	--	151	186032	买盘
10:01:45	12.32	0.01	111	136752	买盘
10:01:42	12.31	--	151	185881	卖盘
10:01:39	12.31	--	8	9848	卖盘
10:01:36	12.31	--	18	22158	卖盘
10:01:33	12.31	-0.01	21	25851	卖盘
10:01:30	12.32	--	59	72688	买盘
10:01:27	12.32	0.01	14	17248	买盘
10:01:24	12.31	--	39	48009	卖盘
10:01:21	12.31	-0.01	27	33237	卖盘
10:01:18	12.32	0.01	39	48048	买盘
10:01:15	12.31	-0.01	66	81246	卖盘
10:01:12	12.32	--	156	192192	买盘
10:01:09	12.32	--	8	9856	买盘
10:01:06	12.32	--	27	33264	卖盘
10:01:03	12.32	--	78	96096	卖盘
10:01:00	12.32	--	152	187264	卖盘
10:00:57	12.32	--	83	102256	卖盘
10:00:51	12.32	-0.01	301	370832	卖盘
10:00:48	12.33	--	90	110970	卖盘
10:00:45	12.33	--	50	61650	卖盘
10:00:42	12.33	-0.01	110	135630	卖盘
10:00:39	12.34	0.01	5	6170	买盘
10:00:36	12.33	-0.01	60	73980	卖盘
10:00:33	12.34	--	15	18510	买盘
10:00:30	12.34	--	3	3702	买盘
10:00:27	12.34	--	171	211014	卖盘
10:00:21	12.34	--	203	250502	卖盘
10:00:18	12.34	--	50	61700	卖盘
10:00:15	12.34	--	11	13574	卖盘
10:00:12	12.34	-0.01	7	8638	卖盘
10:00:09	12.35	--	15	19340	卖盘
10:00:06	12.35	--	111	137085	卖盘
10:00:03	12.35	--	63	77805	卖盘
10:00:00	12.35	--	45	55575	卖盘
09:59:51	12.35	--	102	125970	卖盘
09:59:48	12.35	--	109	134615	卖盘
09:59:42	12.35	-0.01	108	133380	卖盘
09:59:39	12.36	--	23	28428	买盘
09:59:36	12.36	--	166	205176	买盘
09:59:33	12.36	--	11	13596	买盘
09:59:30	12.36	-0.01	507	626652	卖盘
09:59:27	12.37	0.01	7	8659	买盘
09:59:24	12.36	--	364	449904	卖盘
09:59:21	12.36	--	20	24720	卖盘
09:59:18	12.36	-0.01	84	103824	卖盘
09:59:15	12.37	--	10	12370	买盘
09:59:12	12.37	0.01	275	340175	买盘
09:59:09	12.36	--	20	24720	卖盘
09:59:06	12.36	-0.01	10	12360	卖盘
09:59:00	12.37	--	33	40821	买盘
09:58:57	12.37	0.01	68	84116	买盘
09:58:51	12.36	-0.01	75	92700	卖盘
09:58:48	12.37	0.01	28	34636	买盘
09:58:45	12.36	-0.01	23	28428	卖盘
09:58:42	12.37	--	43	53191	买盘
09:58:39	12.37	-0.01	318	393366	卖盘
09:58:36	12.38	0.01	7	8666	买盘
09:58:33	12.37	-0.01	59	72983	卖盘
09:58:30	12.38	--	70	86660	买盘
09:58:27	12.38	--	9	11142	买盘
09:58:24	12.38	0.01	98	121324	买盘
09:58:15	12.37	--	55	68035	卖盘
09:58:12	12.37	-0.01	1	1237	卖盘
09:58:09	12.38	0.01	6	7428	买盘
09:58:06	12.37	--	119	147203	卖盘
09:58:03	12.37	--	32	39584	卖盘
09:58:00	12.37	-0.01	10	12370	卖盘
09:57:57	12.38	0.01	92	113896	买盘
09:57:54	12.37	-0.01	141	174417	卖盘
09:57:48	12.38	0.01	11	13618	买盘
09:57:45	12.37	--	27	33399	卖盘
09:57:42	12.37	-0.01	13	16080	卖盘
09:57:39	12.38	0.01	40	49520	买盘
09:57:36	12.37	--	9	11133	卖盘
09:57:33	12.37	--	38	47006	卖盘
09:57:30	12.37	-0.01	12	14843	卖盘
09:57:24	12.38	0.01	14	17332	买盘
09:57:21	12.37	--	5	6185	卖盘
09:57:18	12.37	--	35	43295	卖盘
09:57:15	12.37	--	2	2474	卖盘
09:57:12	12.37	--	10	12370	卖盘
09:57:09	12.37	0.01	39	48243	买盘
09:57:06	12.36	-0.01	34	42024	卖盘
09:57:03	12.37	--	6	8040	买盘
09:57:00	12.37	--	62	76694	买盘
09:56:57	12.37	0.01	10	12370	买盘
09:56:54	12.36	--	65	80340	卖盘
09:56:51	12.36	-0.01	30	37080	卖盘
09:56:48	12.37	0.01	3	3710	买盘
09:56:45	12.36	--	1	1236	卖盘
09:56:42	12.36	-0.01	15	18540	卖盘
09:56:39	12.37	--	10	12370	买盘
09:56:36	12.37	0.01	5	6185	买盘
09:56:33	12.36	-0.01	104	128544	卖盘
09:56:27	12.37	--	23	28451	买盘
09:56:24	12.37	--	14	17318	买盘
09:56:21	12.37	--	3	3710	买盘
09:56:18	12.37	--	6	7421	买盘
09:56:15	12.37	--	34	42058	买盘
09:56:12	12.37	--	10	12370	买盘
09:56:06	12.37	--	11	13607	买盘
09:56:00	12.37	--	44	54428	卖盘
09:55:57	12.37	--	45	55665	卖盘
09:55:54	12.37	--	10	12370	卖盘
09:55:51	12.37	--	28	34636	卖盘
09:55:42	12.37	--	10	12370	卖盘
09:55:36	12.37	--	16	19792	卖盘
09:55:27	12.37	0.01	26	32161	买盘
09:55:24	12.36	--	61	75396	卖盘
09:55:21	12.36	--	16	19776	卖盘
09:55:18	12.36	-0.01	77	95172	卖盘
09:55:15	12.37	--	6	7421	买盘
09:55:12	12.37	0.01	21	25977	买盘
09:55:09	12.36	--	6	7416	卖盘
09:55:06	12.36	--	72	88992	卖盘
09:55:03	12.36	-0.01	3	3708	卖盘
09:55:00	12.37	0.01	1	1237	买盘
09:54:57	12.36	--	102	126072	卖盘
09:54:54	12.36	-0.01	63	77868	卖盘
09:54:51	12.37	0.01	20	24740	买盘
09:54:48	12.36	-0.01	18	22248	卖盘
09:54:39	12.37	--	26	32161	卖盘
09:54:36	12.37	--	41	50717	卖盘
09:54:33	12.37	--	16	19792	买盘
09:54:27	12.37	0.01	53	65561	买盘
09:54:24	12.36	--	42	51912	卖盘
09:54:15	12.36	-0.01	23	28428	卖盘
09:54:12	12.37	0.01	20	24740	买盘
09:54:09	12.36	-0.01	12	14832	卖盘
09:54:03	12.37	--	17	21029	买盘
09:54:00	12.37	--	83	102671	买盘
09:53:57	12.37	--	6	7421	买盘
09:53:54	12.37	--	3	3710	买盘
09:53:51	12.37	--	3	3710	买盘
09:53:48	12.37	-0.01	20	24740	买盘
09:53:45	12.38	0.01	4	4952	买盘
09:53:42	12.37	--	58	71746	卖盘
09:53:39	12.37	--	70	86590	卖盘
09:53:36	12.37	--	26	32161	卖盘
09:53:33	12.37	--	5	6185	卖盘
09:53:24	12.37	--	62	76694	买盘
09:53:21	12.37	--	87	107619	买盘
09:53:15	12.37	--	31	38347	买盘
09:53:12	12.37	0.01	11	13607	买盘
09:53:03	12.36	-0.01	43	53148	卖盘
09:53:00	12.37	0.01	57	70509	买盘
09:52:57	12.36	-0.01	182	224952	卖盘
09:52:54	12.37	0.01	11	13607	中性盘
09:52:51	12.36	-0.02	21	25956	卖盘
09:52:48	12.38	0.01	47	58186	买盘
09:52:45	12.37	0.01	12	14843	中性盘
09:52:42	12.36	--	15	18540	卖盘
09:52:36	12.36	--	31	38316	卖盘
09:52:33	12.36	-0.01	36	44496	卖盘
09:52:30	12.37	0.01	10	12370	买盘
09:52:24	12.36	-0.01	5	6180	卖盘
09:52:21	12.37	0.01	12	14843	中性盘
09:52:15	12.36	-0.02	122	151793	卖盘
09:52:12	12.38	--	44	54472	卖盘
09:52:09	12.38	--	114	141132	卖盘
09:52:06	12.38	--	22	27236	卖盘
09:52:03	12.38	0.02	258	319639	买盘
09:52:00	12.36	-0.01	9	11124	卖盘
09:51:57	12.37	--	21	25977	买盘
09:51:54	12.37	0.01	30	37110	买盘
09:51:51	12.36	-0.01	6	7416	卖盘
09:51:48	12.37	0.01	10	12370	买盘
09:51:45	12.36	--	55	67980	买盘
09:51:42	12.36	0.01	176	217536	买盘
09:51:39	12.35	--	12	14820	卖盘
09:51:36	12.35	-0.01	61	75335	卖盘
09:51:33	12.36	--	12	14832	买盘
09:51:30	12.36	0.01	1	1236	买盘
09:51:27	12.35	--	67	82745	卖盘
09:51:24	12.35	-0.01	23	28405	卖盘
09:51:21	12.36	--	14	17304	卖盘
09:51:18	12.36	0.01	59	73962	买盘
09:51:15	12.35	--	127	156845	卖盘
09:51:12	12.35	--	39	48165	卖盘
09:51:09	12.35	--	25	30875	卖盘
09:51:06	12.35	--	18	22230	卖盘
09:51:03	12.35	--	70	86450	卖盘
09:51:00	12.35	--	10	12350	卖盘
09:50:57	12.35	--	183	226005	卖盘
09:50:54	12.35	--	62	76570	卖盘
09:50:51	12.35	--	15	18525	卖盘
09:50:48	12.35	--	33	40755	卖盘
09:50:45	12.35	-0.01	6	7410	卖盘
09:50:42	12.36	--	37	45732	买盘
09:50:39	12.36	--	84	103824	买盘
09:50:36	12.36	--	5	6180	买盘
09:50:33	12.36	0.01	9	11124	买盘
09:50:27	12.35	-0.01	25	30875	卖盘
09:50:24	12.36	--	5	6180	买盘
09:50:21	12.36	--	73	90425	卖盘
09:50:18	12.36	--	19	23484	卖盘
09:50:15	12.36	-0.01	395	488220	卖盘
09:50:12	12.37	--	10	12370	买盘
09:50:09	12.37	0.01	32	39584	买盘
09:50:06	12.36	--	56	69216	卖盘
09:50:03	12.36	-0.01	109	134724	卖盘
09:50:00	12.37	--	45	55665	买盘
09:49:57	12.37	--	93	115041	买盘
09:49:54	12.37	--	68	84116	买盘
09:49:51	12.37	--	52	64323	买盘
09:49:48	12.37	--	3	3710	买盘
09:49:45	12.37	0.01	4	4948	买盘
09:49:42	12.36	-0.01	94	116184	卖盘
09:49:39	12.37	--	5	6185	卖盘
09:49:36	12.37	0.01	35	43295	中性盘
09:49:30	12.36	--	237	293970	卖盘
09:49:27	12.36	-0.01	56	69216	卖盘
09:49:24	12.37	--	9	11133	买盘
09:49:21	12.37	0.01	10	12370	买盘
09:49:18	12.36	--	11	13596	卖盘
09:49:15	12.36	--	1	1236	卖盘
09:49:12	12.36	--	60	74160	卖盘
09:49:09	12.36	-0.01	9	11124	卖盘
09:49:06	12.37	0.01	30	37110	买盘
09:49:03	12.36	--	42	51912	卖盘
09:49:00	12.36	-0.01	319	394284	卖盘
09:48:57	12.37	0.01	65	80405	买盘
09:48:51	12.36	--	6	7416	卖盘
09:48:48	12.36	--	8	9888	卖盘
09:48:42	12.36	--	4	4944	卖盘
09:48:39	12.36	-0.01	10	12360	卖盘
09:48:36	12.37	--	38	47006	买盘
09:48:33	12.37	0.01	10	12370	买盘
09:48:30	12.36	-0.01	69	85284	卖盘
09:48:27	12.37	--	18	22463	卖盘
09:48:24	12.37	--	43	53191	卖盘
09:48:21	12.37	--	35	43295	卖盘
09:48:15	12.37	-0.01	5	6185	卖盘
09:48:12	12.38	--	3	3714	买盘
09:48:09	12.38	--	1	1238	买盘
09:48:06	12.38	0.01	14	17332	买盘
09:48:03	12.37	-0.01	38	47414	卖盘
09:48:00	12.38	--	25	30950	卖盘
09:47:57	12.38	--	42	51996	卖盘
09:47:54	12.38	--	3	3714	卖盘
09:47:51	12.38	0.01	240	297751	买盘
09:47:48	12.37	-0.01	466	577048	卖盘
09:47:45	12.38	--	20	24760	买盘
09:47:42	12.38	--	5	6190	买盘
09:47:39	12.38	--	114	141132	卖盘
09:47:36	12.38	-0.01	132	163416	卖盘
09:47:33	12.39	0.01	1	1239	买盘
09:47:30	12.38	--	13	16094	卖盘
09:47:27	12.38	--	20	24760	卖盘
09:47:21	12.38	--	34	42092	卖盘
09:47:18	12.38	--	22	27236	卖盘
09:47:15	12.38	--	11	13618	卖盘
09:47:12	12.38	--	33	40854	卖盘
09:47:09	12.38	--	33	40854	卖盘
09:47:06	12.38	--	2	2476	卖盘
09:47:03	12.38	-0.01	10	12380	卖盘
09:47:00	12.39	--	7	8673	买盘
09:46:54	12.39	0.01	151	187089	买盘
09:46:51	12.38	--	13	16094	卖盘
09:46:48	12.38	--	56	69328	卖盘
09:46:45	12.38	--	20	24760	卖盘
09:46:42	12.38	--	6	7428	卖盘
09:46:39	12.38	--	46	56948	卖盘
09:46:36	12.38	--	44	54472	卖盘
09:46:33	12.38	--	27	33426	卖盘
09:46:30	12.38	--	55	68090	卖盘
09:46:27	12.38	--	57	70566	卖盘
09:46:24	12.38	0.01	37	45806	买盘
09:46:21	12.37	-0.01	78	96486	卖盘
09:46:18	12.38	--	11	14249	买盘
09:46:15	12.38	--	71	87898	买盘
09:46:12	12.38	--	38	47044	买盘
09:46:06	12.38	--	61	75518	卖盘
09:46:00	12.38	--	33	40854	卖盘
09:45:57	12.38	--	33	40854	卖盘
09:45:54	12.38	-0.01	108	133704	卖盘
09:45:48	12.39	0.01	10	12390	买盘
09:45:45	12.38	-0.01	37	45806	卖盘
09:45:39	12.39	0.01	100	123900	买盘
09:45:36	12.38	-0.01	160	198080	卖盘
09:45:30	12.39	-0.01	243	301077	卖盘
09:45:27	12.4	--	105	130200	买盘
09:45:24	12.4	0.01	56	69440	买盘
09:45:21	12.39	-0.01	59	73101	卖盘
09:45:18	12.4	0.01	15	18600	买盘
09:45:15	12.39	--	23	28497	卖盘
09:45:12	12.39	-0.01	20	24780	卖盘
09:45:09	12.4	--	30	37200	买盘
09:45:06	12.4	0.01	15	18600	买盘
09:45:03	12.39	--	14	17346	卖盘
09:45:00	12.39	--	57	70623	卖盘
09:44:57	12.39	0.02	15	18585	买盘
09:44:54	12.37	-0.01	29	35873	卖盘
09:44:51	12.38	--	156	193128	卖盘
09:44:48	12.38	--	30	37140	买盘
09:44:45	12.38	--	22	27236	买盘
09:44:42	12.38	-0.01	336	415968	卖盘
09:44:39	12.39	0.01	1	1239	买盘
09:44:36	12.38	-0.01	1	1238	卖盘
09:44:33	12.39	0.01	5	6195	买盘
09:44:30	12.38	--	10	12380	卖盘
09:44:27	12.38	-0.01	32	39616	中性盘
09:44:24	12.39	0.01	41	50799	买盘
09:44:18	12.38	0.01	24	29712	买盘
09:44:15	12.37	--	10	12370	卖盘
09:44:12	12.37	-0.01	78	96486	卖盘
09:44:09	12.38	-0.01	52	64376	卖盘
09:44:06	12.39	0.01	118	146202	买盘
09:44:03	12.38	--	59	73042	卖盘
09:44:00	12.38	--	10	12380	卖盘
09:43:57	12.38	0.01	50	61900	买盘
09:43:54	12.37	-0.01	27	33399	卖盘
09:43:51	12.38	0.01	56	69328	买盘
09:43:45	12.37	0.01	127	157099	买盘
09:43:42	12.36	-0.01	84	103824	卖盘
09:43:39	12.37	0.01	238	294406	买盘
09:43:36	12.36	-0.01	29	35844	卖盘
09:43:33	12.37	0.01	16	19792	买盘
09:43:30	12.36	--	100	123600	卖盘
09:43:27	12.36	--	22	27192	卖盘
09:43:24	12.36	--	124	153264	卖盘
09:43:21	12.36	--	18	22248	卖盘
09:43:18	12.36	--	16	19776	卖盘
09:43:15	12.36	--	77	95172	卖盘
09:43:12	12.36	--	10	12360	卖盘
09:43:09	12.36	--	8	9888	卖盘
09:43:06	12.36	-0.01	12	14832	卖盘
09:43:03	12.37	0.01	108	133596	买盘
09:43:00	12.36	--	29	35844	卖盘
09:42:57	12.36	--	99	122364	卖盘
09:42:54	12.36	--	23	28428	卖盘
09:42:51	12.36	--	51	63036	买盘
09:42:48	12.36	-0.01	5	6180	卖盘
09:42:45	12.37	0.01	196	242451	买盘
09:42:42	12.36	--	4	4944	卖盘
09:42:39	12.36	--	108	133488	卖盘
09:42:36	12.36	--	8	9888	卖盘
09:42:33	12.36	--	31	38316	卖盘
09:42:30	12.36	0.01	2	2472	买盘
09:42:27	12.35	-0.01	4	4940	卖盘
09:42:24	12.36	--	5	6180	买盘
09:42:21	12.36	--	67	82812	卖盘
09:42:18	12.36	--	23	28428	卖盘
09:42:15	12.36	--	57	70452	买盘
09:42:12	12.36	--	16	19776	买盘
09:42:09	12.36	--	33	40788	卖盘
09:42:06	12.36	--	27	33372	卖盘
09:42:03	12.36	-0.01	104	128544	卖盘
09:42:00	12.37	--	9	11133	买盘
09:41:57	12.37	--	68	84116	买盘
09:41:54	12.37	0.01	14	17318	买盘
09:41:51	12.36	-0.01	216	266976	卖盘
09:41:48	12.37	--	73	90301	买盘
09:41:45	12.37	--	285	352545	买盘
09:41:42	12.37	--	15	18555	买盘
09:41:39	12.37	--	73	90301	卖盘
09:41:36	12.37	--	3	3710	卖盘
09:41:33	12.37	--	32	39584	卖盘
09:41:27	12.37	-0.01	112	138544	卖盘
09:41:24	12.38	0.01	6	7428	买盘
09:41:21	12.37	--	12	14843	卖盘
09:41:18	12.37	-0.01	19	23503	卖盘
09:41:15	12.38	0.01	58	71804	买盘
09:41:12	12.37	--	108	133596	卖盘
09:41:09	12.37	--	31	38347	卖盘
09:41:06	12.37	--	25	30924	卖盘
09:41:03	12.37	--	24	29687	卖盘
09:41:00	12.37	--	9	11133	卖盘
09:40:57	12.37	-0.01	43	53191	卖盘
09:40:54	12.38	--	29	35902	卖盘
09:40:51	12.38	-0.01	28	34664	卖盘
09:40:48	12.39	--	23	28497	卖盘
09:40:45	12.39	--	44	54516	买盘
09:40:42	12.39	--	10	12390	买盘
09:40:39	12.39	0.01	104	128856	买盘
09:40:36	12.38	--	20	24760	卖盘
09:40:33	12.38	--	10	12380	卖盘
09:40:30	12.38	--	143	177034	卖盘
09:40:27	12.38	--	24	29712	卖盘
09:40:24	12.38	--	16	19808	卖盘
09:40:21	12.38	0.01	41	50758	买盘
09:40:18	12.37	-0.01	117	144729	卖盘
09:40:15	12.38	--	4	4952	买盘
09:40:12	12.38	--	13	16094	卖盘
09:40:09	12.38	--	53	65614	卖盘
09:40:06	12.38	--	205	253790	卖盘
09:40:03	12.38	--	94	116372	卖盘
09:40:00	12.38	--	60	74280	卖盘
09:39:57	12.38	--	60	74280	卖盘
09:39:54	12.38	--	37	45806	卖盘
09:39:51	12.38	--	52	64376	卖盘
09:39:48	12.38	-0.02	29	35902	卖盘
09:39:45	12.4	--	3	3720	买盘
09:39:42	12.4	0.02	15	18600	买盘
09:39:36	12.38	-0.02	25	30950	卖盘
09:39:33	12.4	0.01	134	166160	中性盘
09:39:24	12.39	--	10	12390	卖盘
09:39:21	12.39	--	20	24780	卖盘
09:39:18	12.39	-0.02	5	6195	卖盘
09:39:15	12.41	0.01	83	103003	买盘
09:39:09	12.4	0.01	464	575360	买盘
09:39:06	12.39	--	22	27258	卖盘
09:39:03	12.39	--	7	8673	卖盘
09:38:57	12.39	-0.02	42	52038	卖盘
09:38:54	12.41	0.01	37	45917	买盘
09:38:51	12.4	-0.02	164	203360	卖盘
09:38:48	12.42	--	21	26082	买盘
09:38:45	12.42	--	34	42228	买盘
09:38:42	12.42	--	16	19872	卖盘
09:38:39	12.42	-0.01	32	39744	卖盘
09:38:36	12.43	0.01	7	8701	买盘
09:38:33	12.42	--	2	2484	卖盘
09:38:30	12.42	-0.01	10	12420	卖盘
09:38:27	12.43	--	5	6215	买盘
09:38:24	12.43	--	114	141702	卖盘
09:38:18	12.43	--	5	6215	卖盘
09:38:12	12.43	--	15	18645	买盘
09:38:09	12.43	0.02	20	24860	买盘
09:38:06	12.41	-0.02	16	19856	卖盘
09:38:03	12.43	0.02	1	1243	买盘
09:38:00	12.41	--	8	9928	卖盘
09:37:57	12.41	0.01	238	295358	买盘
09:37:54	12.4	--	20	24800	买盘
09:37:51	12.4	--	10	12400	买盘
09:37:48	12.4	--	3	3720	买盘
09:37:45	12.4	-0.01	17	21080	卖盘
09:37:42	12.41	--	146	181186	买盘
09:37:39	12.41	0.01	40	49640	买盘
09:37:36	12.4	--	7	8680	卖盘
09:37:33	12.4	--	8	9920	卖盘
09:37:30	12.4	0.01	393	487320	买盘
09:37:27	12.39	0.01	27	33453	买盘
09:37:24	12.38	-0.01	33	40854	卖盘
09:37:21	12.39	--	67	83013	买盘
09:37:18	12.39	0.01	32	39648	买盘
09:37:15	12.38	-0.01	101	125038	卖盘
09:37:12	12.39	--	8	9912	买盘
09:37:09	12.39	-0.01	289	358071	卖盘
09:37:06	12.4	--	11	13640	买盘
09:37:03	12.4	--	211	261640	买盘
09:37:00	12.4	--	47	58280	买盘
09:36:57	12.4	--	62	76880	买盘
09:36:54	12.4	--	24	29760	买盘
09:36:51	12.4	--	47	58280	买盘
09:36:48	12.4	--	38	47120	买盘
09:36:45	12.4	--	269	333560	卖盘
09:36:39	12.4	0.01	3	3720	中性盘
09:36:36	12.39	-0.01	145	179655	卖盘
09:36:33	12.4	0.01	95	117800	买盘
09:36:30	12.39	--	48	59472	卖盘
09:36:27	12.39	-0.01	53	65667	卖盘
09:36:24	12.4	0.01	20	24800	买盘
09:36:21	12.39	--	1	1239	卖盘
09:36:18	12.39	-0.01	15	18585	卖盘
09:36:15	12.4	--	20	24800	买盘
09:36:12	12.4	--	11	13640	买盘
09:36:09	12.4	--	16	19840	买盘
09:36:06	12.4	0.01	19	23560	买盘
09:36:03	12.39	-0.01	145	179655	卖盘
09:36:00	12.4	--	23	28520	卖盘
09:35:54	12.4	0.01	82	101680	买盘
09:35:51	12.39	--	43	53277	卖盘
09:35:48	12.39	-0.01	76	94164	卖盘
09:35:45	12.4	0.01	25	31000	买盘
09:35:42	12.39	-0.01	16	19824	卖盘
09:35:39	12.4	0.01	70	86800	买盘
09:35:36	12.39	--	7	8673	卖盘
09:35:33	12.39	-0.01	17	21063	卖盘
09:35:30	12.4	--	25	31000	买盘
09:35:27	12.4	0.01	25	31000	买盘
09:35:24	12.39	--	43	53277	买盘
09:35:21	12.39	-0.01	34	42126	买盘
09:35:18	12.4	--	52	64480	买盘
09:35:15	12.4	--	60	74400	买盘
09:35:12	12.4	--	61	75640	买盘
09:35:09	12.4	--	10	12400	买盘
09:35:06	12.4	0.02	13	16120	中性盘
09:35:03	12.38	-0.02	246	304548	卖盘
09:35:00	12.4	-0.01	205	254200	卖盘
09:34:57	12.41	--	468	580788	买盘
09:34:54	12.41	0.01	31	38471	买盘
09:34:51	12.4	-0.01	10	12400	卖盘
09:34:48	12.41	0.01	17	21097	买盘
09:34:45	12.4	--	138	171120	买盘
09:34:42	12.4	--	55	68200	卖盘
09:34:39	12.4	--	41	50840	买盘
09:34:36	12.4	--	29	35960	买盘
09:34:33	12.4	0.01	15	18600	买盘
09:34:30	12.39	--	45	55755	卖盘
09:34:27	12.39	--	14	17346	卖盘
09:34:24	12.39	0.01	40	49560	中性盘
09:34:21	12.38	-0.01	185	229030	卖盘
09:34:18	12.39	0.01	56	70424	买盘
09:34:15	12.38	-0.01	10	12380	卖盘
09:34:12	12.39	0.02	77	95403	买盘
09:34:09	12.37	-0.01	267	330279	卖盘
09:34:06	12.38	0.01	29	35902	买盘
09:34:03	12.37	-0.01	3	3710	卖盘
09:34:00	12.38	-0.01	82	101516	中性盘
09:33:57	12.39	0.02	52	64428	买盘
09:33:54	12.37	-0.02	52	64323	卖盘
09:33:51	12.39	0.01	124	153636	买盘
09:33:48	12.38	--	133	164852	卖盘
09:33:45	12.38	--	47	58186	卖盘
09:33:42	12.38	-0.01	65	80470	卖盘
09:33:39	12.39	--	3	3717	买盘
09:33:36	12.39	0.01	28	34692	买盘
09:33:33	12.38	-0.03	91	112658	卖盘
09:33:30	12.41	0.02	1	1241	买盘
09:33:27	12.39	-0.02	484	599676	卖盘
09:33:24	12.41	--	37	45917	卖盘
09:33:21	12.41	0.01	85	105485	买盘
09:33:18	12.4	-0.01	37	45880	卖盘
09:33:15	12.41	--	23	28543	买盘
09:33:12	12.41	--	261	323901	买盘
09:33:09	12.41	0.01	32	39712	买盘
09:33:06	12.4	-0.01	7	8680	卖盘
09:33:03	12.41	-0.01	104	129064	卖盘
09:32:57	12.42	-0.01	12	14904	卖盘
09:32:54	12.43	--	16	19888	卖盘
09:32:51	12.43	0.01	11	13673	中性盘
09:32:48	12.42	-0.02	29	36018	中性盘
09:32:42	12.44	0.03	27	33588	买盘
09:32:39	12.41	-0.03	13	16133	卖盘
09:32:36	12.44	0.01	55	68420	买盘
09:32:33	12.43	-0.01	40	49720	中性盘
09:32:30	12.44	--	123	153012	买盘
09:32:27	12.44	--	1	1244	买盘
09:32:24	12.44	--	131	162964	卖盘
09:32:21	12.44	-0.01	38	47272	卖盘
09:32:15	12.45	--	65	80925	卖盘
09:32:12	12.45	--	12	14940	卖盘
09:32:09	12.45	-0.01	83	103335	卖盘
09:32:06	12.46	0.01	62	77252	买盘
09:32:03	12.45	-0.01	8	9960	卖盘
09:32:00	12.46	0.01	44	54824	买盘
09:31:57	12.45	-0.01	49	61005	卖盘
09:31:54	12.46	0.01	32	39872	买盘
09:31:51	12.45	--	100	124500	卖盘
09:31:48	12.45	--	90	112050	卖盘
09:31:45	12.45	--	19	23655	卖盘
09:31:42	12.45	--	35	43575	卖盘
09:31:39	12.45	--	18	22410	买盘
09:31:36	12.45	0.01	42	52290	买盘
09:31:33	12.44	-0.01	19	23636	中性盘
09:31:30	12.45	0.01	110	136950	买盘
09:31:24	12.44	--	27	33588	卖盘
09:31:21	12.44	--	22	27368	卖盘
09:31:18	12.44	-0.01	41	51004	卖盘
09:31:15	12.45	--	10	12450	买盘
09:31:12	12.45	-0.01	45	56025	卖盘
09:31:09	12.46	--	17	21182	买盘
09:31:06	12.46	0.01	6	7476	买盘
09:31:03	12.45	--	4	4980	卖盘
09:31:00	12.45	-0.01	23	28635	卖盘
09:30:57	12.46	0.02	12	14952	买盘
09:30:54	12.44	--	9	11196	卖盘
09:30:51	12.44	0.01	10	12440	中性盘
09:30:48	12.43	--	43	53449	卖盘
09:30:45	12.43	-0.02	4	4972	卖盘
09:30:42	12.45	--	44	54780	买盘
09:30:39	12.45	0.04	30	37350	买盘
09:30:30	12.41	-0.02	91	112931	卖盘
09:30:27	12.43	--	2	2486	买盘
09:30:24	12.43	0.02	14	17402	买盘
09:30:21	12.41	--	11	13651	卖盘
09:30:15	12.41	--	3	3723	卖盘
09:30:12	12.41	-0.03	102	126582	卖盘
09:30:09	12.44	0.03	56	69664	买盘
09:30:06	12.41	-0.02	218	270538	卖盘
09:30:03	12.43	0.03	457	569095	买盘
09:30:00	12.4	--	0	0	卖盘
09:25:03	12.4	12.4	168	208320	买盘
