成交时间	成交价	价格变动	成交量(手)	成交额(元)	性质
15:00:03	11.79	--	456	537624	买盘
14:57:00	11.79	0.01	5	5895	买盘
14:56:57	11.78	-0.01	54	63612	卖盘
14:56:51	11.79	--	1	1179	买盘
14:56:45	11.79	--	24	28295	卖盘
14:56:39	11.79	--	3	3536	卖盘
14:56:36	11.79	--	38	44802	买盘
14:56:30	11.79	0.01	7	8253	买盘
14:56:27	11.78	-0.01	87	102486	卖盘
14:56:24	11.79	--	33	38907	买盘
14:56:21	11.79	0.01	43	50696	买盘
14:56:18	11.78	--	8	9424	卖盘
14:56:15	11.78	--	2	2356	买盘
14:56:06	11.78	--	151	177878	卖盘
14:56:03	11.78	0.02	4	4712	中性盘
14:55:48	11.76	-0.02	1000	1176000	卖盘
14:55:42	11.78	--	25	29450	卖盘
14:55:33	11.78	--	8	9424	卖盘
14:55:30	11.78	--	38	44764	买盘
14:55:24	11.78	--	5	5890	买盘
14:55:06	11.78	--	10	11780	买盘
14:55:03	11.78	--	50	58900	买盘
14:54:48	11.78	0.02	10	11780	中性盘
14:54:30	11.76	-0.03	900	1058400	卖盘
14:54:27	11.79	--	12	14147	买盘
14:54:21	11.79	-0.01	30	35370	卖盘
14:54:15	11.8	0.01	5	5900	买盘
14:54:06	11.79	--	40	47160	卖盘
14:53:48	11.79	--	19	22401	买盘
14:53:42	11.79	--	10	11790	买盘
14:53:21	11.79	-0.01	2	2358	卖盘
14:53:18	11.8	0.01	20	23600	买盘
14:53:12	11.79	0.01	8	9432	中性盘
14:53:06	11.78	--	80	94240	卖盘
14:53:03	11.78	--	20	23560	卖盘
14:52:54	11.78	-0.01	9	10602	卖盘
14:52:48	11.79	--	4	4716	卖盘
14:52:45	11.79	--	9	10611	买盘
14:52:39	11.79	0.01	22	25937	买盘
14:52:36	11.78	-0.01	12	14136	卖盘
14:52:33	11.79	--	4	4716	买盘
14:52:30	11.79	0.01	8	9432	买盘
14:52:27	11.78	-0.01	10	11780	卖盘
14:52:24	11.79	0.01	14	16506	买盘
14:52:12	11.78	-0.01	11	12958	卖盘
14:52:06	11.79	--	30	35370	买盘
14:52:00	11.79	--	3	3536	买盘
14:51:33	11.79	--	3	3536	买盘
14:51:24	11.79	0.01	10	11790	买盘
14:51:18	11.78	--	8	9424	卖盘
14:50:57	11.78	-0.01	18	21204	卖盘
14:50:45	11.79	--	40	47160	买盘
14:50:42	11.79	--	15	17685	买盘
14:50:39	11.79	--	85	100215	卖盘
14:50:36	11.79	--	9	10611	卖盘
14:50:27	11.79	--	10	11790	卖盘
14:50:21	11.79	-0.01	28	33012	卖盘
14:50:12	11.8	--	20	23600	买盘
14:50:03	11.8	--	14	16520	买盘
14:49:57	11.8	--	9	10620	买盘
14:49:51	11.8	0.01	6	7080	买盘
14:49:30	11.79	-0.01	5	5895	卖盘
14:49:27	11.8	0.01	1	1180	买盘
14:49:24	11.79	-0.01	10	11790	卖盘
14:49:12	11.8	0.01	3	3540	买盘
14:49:03	11.79	--	7	8253	卖盘
14:48:57	11.79	--	4	4716	买盘
14:48:54	11.79	--	6	7073	卖盘
14:48:48	11.79	--	14	16506	买盘
14:48:45	11.79	--	36	42444	卖盘
14:48:21	11.79	-0.01	5	5895	中性盘
14:48:09	11.8	--	10	11800	买盘
14:48:00	11.8	0.02	60	70800	买盘
14:47:51	11.78	-0.02	130	153140	卖盘
14:47:33	11.8	0.01	51	60180	买盘
14:47:21	11.79	--	2	2358	买盘
14:47:15	11.79	-0.01	73	86067	卖盘
14:47:12	11.8	--	20	23600	买盘
14:47:03	11.8	--	3	3540	买盘
14:46:57	11.8	--	30	35400	买盘
14:46:45	11.8	--	5	5900	买盘
14:46:42	11.8	--	2	2360	买盘
14:46:03	11.8	0.01	214	252520	买盘
14:45:57	11.79	--	20	23580	买盘
14:45:54	11.79	0.01	5	5895	买盘
14:45:45	11.78	-0.01	20	23560	卖盘
14:45:18	11.79	--	10	11790	买盘
14:45:12	11.79	--	20	23580	买盘
14:45:06	11.79	0.01	28	33012	买盘
14:45:03	11.78	--	7	8246	卖盘
14:44:39	11.78	-0.01	1	1178	卖盘
14:44:27	11.79	0.01	36	42444	买盘
14:44:24	11.78	--	7	8246	卖盘
14:44:15	11.78	--	1	1178	卖盘
14:44:06	11.78	0.01	69	81282	买盘
14:44:00	11.77	-0.01	29	34133	卖盘
14:43:45	11.78	0.01	36	42408	买盘
14:43:33	11.77	-0.01	10	11770	卖盘
14:43:30	11.78	0.01	5	5890	买盘
14:43:24	11.77	-0.01	70	82390	中性盘
14:43:15	11.78	--	80	94240	买盘
14:43:12	11.78	0.01	10	11780	买盘
14:43:00	11.77	--	13	15301	卖盘
14:42:54	11.77	--	18	21186	卖盘
14:42:48	11.77	0.01	66	77682	买盘
14:42:36	11.76	-0.01	26	30576	卖盘
14:42:33	11.77	--	6	7062	买盘
14:42:18	11.77	--	3	3531	买盘
14:42:00	11.77	--	3	3531	中性盘
14:41:57	11.77	--	43	50611	卖盘
14:41:45	11.77	--	40	47080	卖盘
14:41:36	11.77	--	23	27071	卖盘
14:41:15	11.77	-0.01	50	58850	卖盘
14:41:09	11.78	--	5	5890	卖盘
14:41:06	11.78	0.01	43	51502	买盘
14:40:57	11.77	--	32	38476	买盘
14:40:51	11.77	--	12	14124	买盘
14:40:36	11.77	--	34	40382	卖盘
14:40:18	11.77	--	20	23540	卖盘
14:40:12	11.77	-0.01	27	31779	卖盘
14:40:09	11.78	0.01	45	53010	买盘
14:40:03	11.77	--	28	32956	卖盘
14:40:00	11.77	--	3	3531	卖盘
14:39:51	11.77	-0.01	36	42372	卖盘
14:39:33	11.78	--	42	49805	卖盘
14:39:24	11.78	--	13	15314	卖盘
14:39:21	11.78	--	10	11780	卖盘
14:39:09	11.78	--	6	7068	卖盘
14:39:06	11.78	-0.01	20	23560	卖盘
14:39:00	11.79	0.01	10	11790	买盘
14:38:57	11.78	--	7	8246	卖盘
14:38:54	11.78	--	10	11780	卖盘
14:38:48	11.78	--	40	47120	卖盘
14:38:42	11.78	--	38	44764	卖盘
14:38:39	11.78	--	106	124868	卖盘
14:38:27	11.78	--	5	5890	卖盘
14:38:24	11.78	--	100	117800	卖盘
14:38:21	11.78	--	38	44764	卖盘
14:38:15	11.78	--	20	23560	卖盘
14:38:06	11.78	--	1	1178	卖盘
14:37:54	11.78	-0.01	10	11780	卖盘
14:37:42	11.79	0.01	4	4716	买盘
14:37:39	11.78	-0.01	10	11780	卖盘
14:37:15	11.79	--	18	21222	卖盘
14:37:09	11.79	--	100	117899	卖盘
14:36:57	11.79	--	10	11790	卖盘
14:36:54	11.79	--	12	14147	卖盘
14:36:27	11.79	--	20	23580	卖盘
14:36:15	11.79	-0.01	8	9432	卖盘
14:36:09	11.8	0.01	12	14160	买盘
14:36:03	11.79	--	5	5895	卖盘
14:35:48	11.79	--	30	35370	卖盘
14:35:09	11.79	-0.01	20	23580	卖盘
14:34:57	11.8	0.01	51	60180	买盘
14:34:06	11.79	--	3	3536	卖盘
14:33:48	11.79	--	5	5895	卖盘
14:33:42	11.79	0.01	1	1179	买盘
14:33:39	11.78	--	2	2356	卖盘
14:33:33	11.78	-0.01	10	11780	卖盘
14:33:15	11.79	--	10	11790	买盘
14:33:00	11.79	--	1	1179	买盘
14:32:57	11.79	--	1	1179	买盘
14:32:54	11.79	--	20	23580	买盘
14:32:33	11.79	0.01	18	21222	买盘
14:32:15	11.78	--	20	23560	卖盘
14:31:51	11.78	-0.01	60	70680	卖盘
14:31:33	11.79	--	8	9432	卖盘
14:31:18	11.79	--	8	9432	买盘
14:31:15	11.79	--	20	23580	买盘
14:31:06	11.79	--	37	43623	买盘
14:30:54	11.79	--	19	22401	买盘
14:30:51	11.79	--	4	4716	卖盘
14:30:33	11.79	0.01	19	22401	买盘
14:30:30	11.78	-0.01	10	11780	卖盘
14:30:24	11.79	--	7	8253	买盘
14:30:18	11.79	0.01	20	23580	买盘
14:30:12	11.78	--	20	23560	卖盘
14:30:09	11.78	-0.01	5	5890	卖盘
14:30:06	11.79	--	25	29474	买盘
14:29:51	11.79	0.01	2	2358	买盘
14:29:42	11.78	-0.01	3	3534	卖盘
14:29:27	11.79	--	68	80172	卖盘
14:29:24	11.79	--	3	3536	卖盘
14:29:21	11.79	0.01	10	11790	中性盘
14:29:12	11.78	-0.01	140	164920	卖盘
14:28:57	11.79	-0.01	150	177698	卖盘
14:28:54	11.8	--	2	2360	买盘
14:28:24	11.8	-0.01	539	636020	卖盘
14:28:09	11.81	-0.02	14	16534	卖盘
14:28:03	11.83	0.01	27	31941	买盘
14:27:57	11.82	-0.01	28	33096	卖盘
14:27:45	11.83	--	14	16562	卖盘
14:27:33	11.83	--	20	23660	卖盘
14:27:12	11.83	0.01	6	7098	买盘
14:27:03	11.82	-0.01	6	7092	卖盘
14:26:30	11.83	-0.01	1	1183	卖盘
14:26:24	11.84	0.01	45	53280	买盘
14:26:12	11.83	--	6	7098	卖盘
14:25:57	11.83	--	27	31941	买盘
14:24:33	11.83	--	9	10647	买盘
14:24:30	11.83	-0.01	24	28392	卖盘
14:24:15	11.84	0.01	5	5920	买盘
14:24:12	11.83	--	6	7098	卖盘
14:24:09	11.83	--	8	9464	卖盘
14:24:06	11.83	--	14	16562	卖盘
14:23:42	11.83	--	10	11830	卖盘
14:23:39	11.83	--	4	4732	买盘
14:23:33	11.83	--	1	1183	卖盘
14:23:06	11.83	0.01	155	183365	买盘
14:23:03	11.82	--	5	5910	买盘
14:23:00	11.82	--	34	40188	卖盘
14:21:48	11.82	--	5	5910	卖盘
14:21:30	11.82	--	8	9456	买盘
14:21:24	11.82	--	5	5910	买盘
14:20:57	11.82	--	20	23640	买盘
14:20:51	11.82	--	3	3546	买盘
14:20:48	11.82	--	1	1182	买盘
14:20:39	11.82	--	10	11820	买盘
14:20:33	11.82	0.01	8	9456	买盘
14:20:18	11.81	--	14	16534	卖盘
14:20:00	11.81	--	2	2362	卖盘
14:19:21	11.81	-0.01	2	2362	卖盘
14:19:15	11.82	--	20	23640	买盘
14:19:00	11.82	-0.01	38	44916	卖盘
14:18:51	11.83	0.01	2	2366	买盘
14:18:39	11.82	--	20	23640	卖盘
14:18:36	11.82	--	1	1182	卖盘
14:18:33	11.82	--	20	23640	卖盘
14:17:45	11.82	--	158	186756	买盘
14:17:09	11.82	0.01	35	41370	买盘
14:16:57	11.81	-0.01	33	38973	卖盘
14:16:36	11.82	0.01	5	5910	买盘
14:16:33	11.81	-0.01	13	15353	卖盘
14:16:09	11.82	0.01	2	2364	买盘
14:15:36	11.81	--	35	41335	买盘
14:15:15	11.81	-0.01	175	206675	卖盘
14:15:12	11.82	0.01	20	23640	买盘
14:15:06	11.81	--	4	4724	卖盘
14:14:36	11.81	-0.01	14	16534	卖盘
14:14:30	11.82	--	10	11820	买盘
14:14:18	11.82	--	7	8274	买盘
14:14:12	11.82	--	5	5910	买盘
14:14:09	11.82	--	7	8274	买盘
14:13:57	11.82	0.01	2	2364	买盘
14:13:54	11.81	--	18	21258	卖盘
14:13:39	11.81	-0.01	20	23620	卖盘
14:13:21	11.82	--	11	13002	买盘
14:13:06	11.82	--	20	23640	买盘
14:12:57	11.82	0.01	4	4728	买盘
14:12:51	11.81	-0.01	3	3543	卖盘
14:12:42	11.82	--	27	31914	买盘
14:12:39	11.82	-0.01	2	2364	卖盘
14:12:36	11.83	0.01	1	1183	买盘
14:12:33	11.82	--	20	23640	卖盘
14:12:06	11.82	0.01	92	108744	买盘
14:11:57	11.81	--	2	2362	卖盘
14:11:45	11.81	--	68	80308	卖盘
14:11:30	11.81	--	10	11810	卖盘
14:11:03	11.81	-0.01	14	16534	卖盘
14:10:57	11.82	--	10	11820	买盘
14:10:54	11.82	--	1	1182	买盘
14:10:48	11.82	--	34	40188	卖盘
14:10:27	11.82	--	4	4728	卖盘
14:10:21	11.82	--	13	15366	卖盘
14:10:03	11.82	--	5	5910	卖盘
14:09:54	11.82	--	11	13002	买盘
14:09:36	11.82	0.01	39	46098	买盘
14:08:51	11.81	-0.01	20	23620	卖盘
14:08:03	11.82	0.01	4	4728	买盘
14:08:00	11.81	-0.01	210	248010	卖盘
14:07:57	11.82	--	124	146568	买盘
14:07:51	11.82	0.01	2	2364	买盘
14:07:45	11.81	-0.01	3	3543	卖盘
14:07:27	11.82	0.01	2	2364	买盘
14:07:21	11.81	--	40	47240	卖盘
14:06:54	11.81	-0.01	55	64955	卖盘
14:06:45	11.82	--	5	5910	买盘
14:06:33	11.82	-0.01	13	15366	卖盘
14:06:21	11.83	0.01	10	11830	买盘
14:06:06	11.82	0.01	10	11820	中性盘
14:06:03	11.81	--	50	59050	卖盘
14:05:39	11.81	-0.01	15	17715	卖盘
14:05:27	11.82	--	3	3546	买盘
14:05:21	11.82	--	11	13002	卖盘
14:05:00	11.82	-0.01	20	23640	卖盘
14:04:45	11.83	--	47	55601	买盘
14:04:33	11.83	--	1	1183	买盘
14:04:24	11.83	0.01	1	1183	买盘
14:04:03	11.82	-0.01	3	3546	卖盘
14:03:48	11.83	-0.01	42	49686	卖盘
14:03:36	11.84	--	10	11840	卖盘
14:03:24	11.84	-0.01	3	3552	卖盘
14:03:12	11.85	-0.01	1	1185	买盘
14:03:03	11.86	0.01	3	3558	买盘
14:02:45	11.85	--	2	2370	买盘
14:02:42	11.85	-0.01	10	11850	卖盘
14:02:36	11.86	--	79	94417	卖盘
14:02:15	11.86	--	42	49812	卖盘
14:02:12	11.86	--	504	597744	卖盘
14:02:09	11.86	-0.01	8	9488	卖盘
14:02:06	11.87	0.01	112	132944	买盘
14:01:51	11.86	--	5	5930	卖盘
14:01:39	11.86	0.02	192	228174	买盘
14:01:30	11.84	0.01	3	3552	中性盘
14:01:09	11.83	-0.01	12	14196	卖盘
14:01:00	11.84	--	18	21312	买盘
14:00:54	11.84	-0.01	10	11840	买盘
14:00:45	11.85	--	30	35550	买盘
14:00:39	11.85	--	5	5925	买盘
14:00:36	11.85	--	15	17775	买盘
14:00:33	11.85	--	10	11850	买盘
14:00:21	11.85	-0.01	3	3555	中性盘
14:00:06	11.86	0.01	20	23720	买盘
14:00:03	11.85	--	15	17775	买盘
13:59:51	11.85	--	49	58065	买盘
13:59:18	11.85	0.05	1000	1185000	买盘
13:59:12	11.8	--	98	115640	买盘
13:58:39	11.8	0.01	10	11800	买盘
13:58:15	11.79	--	5	5895	卖盘
13:57:42	11.79	-0.01	5	5895	卖盘
13:57:39	11.8	--	70	82600	卖盘
13:57:30	11.8	--	2	2360	卖盘
13:57:24	11.8	--	2	2360	卖盘
13:57:06	11.8	--	26	30680	买盘
13:56:51	11.8	--	2	2360	买盘
13:56:48	11.8	0.01	25	29500	买盘
13:56:39	11.79	--	80	94320	卖盘
13:56:06	11.79	-0.01	1	1179	卖盘
13:56:03	11.8	0.01	6	7080	买盘
13:55:12	11.79	--	5	5895	卖盘
13:55:09	11.79	-0.01	15	17685	卖盘
13:55:03	11.8	--	10	11800	买盘
13:54:30	11.8	--	5	5900	买盘
13:54:18	11.8	--	46	54280	卖盘
13:54:12	11.8	-0.01	40	47200	卖盘
13:54:09	11.81	0.01	20	23620	买盘
13:54:03	11.8	--	8	9440	卖盘
13:53:48	11.8	--	10	11800	卖盘
13:53:42	11.8	--	8	9440	买盘
13:53:33	11.8	--	2	2360	买盘
13:53:09	11.8	--	97	114460	卖盘
13:53:03	11.8	--	5	5900	卖盘
13:52:12	11.8	0.01	55	65796	买盘
13:51:45	11.79	-0.01	8	9432	卖盘
13:51:39	11.8	0.01	17	20060	买盘
13:51:27	11.79	-0.01	207	244052	卖盘
13:51:18	11.8	0.01	22	25960	买盘
13:51:06	11.79	--	10	11790	卖盘
13:49:51	11.79	--	25	29474	卖盘
13:49:30	11.79	--	174	205735	卖盘
13:48:54	11.79	-0.01	5	5895	卖盘
13:47:51	11.8	--	10	11800	买盘
13:47:21	11.8	-0.01	7	8543	卖盘
13:46:57	11.81	--	6	7086	买盘
13:46:54	11.81	0.01	1	1181	买盘
13:46:48	11.8	--	23	27140	卖盘
13:46:45	11.8	--	10	11800	卖盘
13:46:39	11.8	-0.01	5	5900	卖盘
13:46:27	11.81	--	6	7086	买盘
13:45:51	11.81	0.01	2	2362	买盘
13:45:48	11.8	0.01	151	179076	买盘
13:45:30	11.79	--	7	8253	买盘
13:45:15	11.79	--	10	11790	买盘
13:45:06	11.79	--	10	11790	买盘
13:45:03	11.79	--	5	5895	买盘
13:44:51	11.79	0.01	30	35370	买盘
13:44:48	11.78	-0.01	25	29450	卖盘
13:44:45	11.79	--	11	12968	买盘
13:43:54	11.79	--	19	22683	卖盘
13:43:30	11.79	--	20	23580	卖盘
13:43:18	11.79	--	10	12686	买盘
13:43:15	11.79	--	5	5895	买盘
13:43:06	11.79	--	20	23862	卖盘
13:43:00	11.79	--	100	117899	卖盘
13:42:42	11.79	--	80	94320	卖盘
13:42:33	11.79	0.01	28	33908	买盘
13:42:24	11.78	--	7	8246	卖盘
13:42:18	11.78	--	10	11780	卖盘
13:42:09	11.78	--	56	65968	买盘
13:42:03	11.78	0.01	3	3534	买盘
13:41:51	11.77	--	6	7062	卖盘
13:41:33	11.77	-0.01	2	2354	卖盘
13:41:24	11.78	--	30	35340	买盘
13:41:12	11.78	--	20	23560	买盘
13:41:00	11.78	-0.01	191	224998	卖盘
13:40:51	11.79	--	5	5895	买盘
13:40:48	11.79	0.01	3	3536	买盘
13:40:21	11.78	--	20	23560	卖盘
13:39:51	11.78	-0.01	4	4712	卖盘
13:39:45	11.79	--	1	1179	买盘
13:39:21	11.79	--	4	4716	买盘
13:38:57	11.79	-0.01	11	13251	卖盘
13:38:18	11.8	--	8	9440	买盘
13:37:51	11.8	0.01	5	5900	买盘
13:37:45	11.79	--	5	5895	卖盘
13:37:36	11.79	--	9	10611	卖盘
13:37:33	11.79	--	8	10328	卖盘
13:36:30	11.79	-0.01	100	117899	卖盘
13:36:12	11.8	0.01	10	11800	买盘
13:36:09	11.79	--	3	3536	卖盘
13:35:57	11.79	--	2	2358	卖盘
13:35:33	11.79	-0.01	10	11790	卖盘
13:35:09	11.8	--	10	11800	买盘
13:34:51	11.8	--	2	2360	买盘
13:34:36	11.8	--	10	11800	买盘
13:34:27	11.8	--	10	11800	买盘
13:33:42	11.8	--	94	110920	卖盘
13:33:33	11.8	-0.01	19	22420	卖盘
13:32:45	11.81	--	1	1181	买盘
13:32:36	11.81	-0.01	19	22439	卖盘
13:31:18	11.82	--	9	10638	卖盘
13:31:15	11.82	--	1	1182	卖盘
13:31:00	11.82	-0.01	10	11820	中性盘
13:30:30	11.83	0.02	30	35490	买盘
13:30:03	11.81	-0.01	10	11810	卖盘
13:29:09	11.82	0.01	20	23640	买盘
13:28:57	11.81	--	4	4724	卖盘
13:28:45	11.81	--	2	2362	卖盘
13:28:27	11.81	-0.01	12	14172	卖盘
13:28:24	11.82	--	20	23640	买盘
13:28:12	11.82	-0.01	34	40188	卖盘
13:26:42	11.83	0.01	8	9464	买盘
13:26:33	11.82	--	3	3546	卖盘
13:26:24	11.82	--	28	33096	卖盘
13:26:15	11.82	-0.01	390	460980	卖盘
13:26:00	11.83	--	25	29575	买盘
13:25:51	11.83	0.01	10	11830	买盘
13:25:45	11.82	-0.01	3	3546	卖盘
13:25:30	11.83	--	20	23660	买盘
13:25:15	11.83	--	1	1183	卖盘
13:25:12	11.83	--	49	57967	买盘
13:25:06	11.83	--	60	70980	买盘
13:24:39	11.83	--	4	4732	卖盘
13:24:27	11.83	--	4	4732	卖盘
13:24:00	11.83	-0.01	5	5915	卖盘
13:23:51	11.84	0.01	2	2368	买盘
13:23:42	11.83	-0.01	19	22477	卖盘
13:23:12	11.84	0.01	22	26048	买盘
13:23:03	11.83	-0.01	100	118300	卖盘
13:22:00	11.84	--	10	11840	买盘
13:21:51	11.84	0.01	75	88800	买盘
13:21:27	11.83	--	74	87542	买盘
13:21:03	11.83	-0.01	6	7098	中性盘
13:20:18	11.84	--	31	36704	买盘
13:20:15	11.84	--	14	16576	卖盘
13:20:06	11.84	--	24	28416	卖盘
13:20:03	11.84	--	62	73408	买盘
13:19:45	11.84	0.01	10	11840	买盘
13:19:36	11.83	--	24	28392	卖盘
13:19:15	11.83	0.01	6	7098	买盘
13:18:18	11.82	-0.01	3	3546	卖盘
13:18:15	11.83	0.01	8	9464	买盘
13:17:51	11.82	--	4	4728	买盘
13:17:39	11.82	-0.01	20	23640	卖盘
13:17:00	11.83	0.01	20	23660	买盘
13:16:30	11.82	-0.01	21	24822	卖盘
13:16:27	11.83	--	4	4732	买盘
13:16:03	11.83	0.01	6	7098	买盘
13:15:54	11.82	--	146	172572	卖盘
13:15:30	11.82	--	4	4728	买盘
13:15:24	11.82	--	10	11820	买盘
13:15:21	11.82	--	59	69738	买盘
13:15:15	11.82	--	4	4728	买盘
13:15:09	11.82	--	3	3546	买盘
13:15:03	11.82	--	32	37824	买盘
13:14:54	11.82	--	20	23640	买盘
13:14:42	11.82	--	25	29550	买盘
13:14:33	11.82	--	32	37824	买盘
13:14:27	11.82	--	100	118200	买盘
13:14:09	11.82	0.01	20	23640	买盘
13:13:54	11.81	-0.01	44	51964	卖盘
13:13:36	11.82	--	10	11820	买盘
13:12:51	11.82	0.02	2	2364	买盘
13:12:45	11.8	-0.02	20	23600	卖盘
13:11:54	11.82	-0.01	15	17730	中性盘
13:11:09	11.83	--	26	30758	买盘
13:10:27	11.83	0.05	16	18928	买盘
13:08:15	11.78	--	7	8246	卖盘
13:08:12	11.78	--	9	10602	卖盘
13:07:57	11.78	--	2	2356	卖盘
13:07:30	11.78	-0.02	10	11780	卖盘
13:07:18	11.8	-0.01	87	102660	卖盘
13:07:15	11.81	0.01	3	3543	买盘
13:07:09	11.8	-0.01	23	27140	卖盘
13:06:57	11.81	--	1	1181	买盘
13:06:51	11.81	--	11	12991	买盘
13:06:36	11.81	-0.01	5	5905	中性盘
13:05:45	11.82	--	3	3546	卖盘
13:05:21	11.82	-0.01	1	1182	卖盘
13:05:06	11.83	--	1	1183	买盘
13:03:51	11.83	--	13	15379	卖盘
13:03:48	11.83	--	2	2366	卖盘
13:03:45	11.83	--	60	70980	卖盘
13:03:18	11.83	--	25	29575	买盘
13:03:15	11.83	--	5	5915	买盘
13:03:00	11.83	--	5	5915	买盘
13:01:51	11.83	--	2	2366	买盘
13:01:33	11.83	--	8	9464	买盘
13:01:03	11.83	--	47	55601	卖盘
13:01:00	11.83	-0.01	20	23660	卖盘
13:00:42	11.84	0.01	5	5920	买盘
13:00:30	11.83	-0.01	50	59150	卖盘
13:00:09	11.84	0.01	25	29600	买盘
13:00:06	11.83	--	12	14196	卖盘
13:00:03	11.83	--	42	49686	买盘
13:00:00	11.83	--	0	0	买盘
11:30:00	11.83	--	0	0	买盘
11:29:39	11.83	--	150	177450	买盘
11:28:51	11.83	--	1	1183	卖盘
11:28:30	11.83	--	9	10647	买盘
11:28:21	11.83	0.03	84	99372	买盘
11:28:06	11.8	--	117	138060	买盘
11:27:57	11.8	--	10	11800	买盘
11:27:42	11.8	--	13	15340	买盘
11:27:39	11.8	--	10	11800	买盘
11:27:27	11.8	--	10	11800	买盘
11:27:12	11.8	0.01	168	198240	买盘
11:27:06	11.79	0.02	5	5895	买盘
11:26:57	11.77	--	35	41195	卖盘
11:26:21	11.77	-0.02	22	25894	卖盘
11:26:09	11.79	0.02	4	4716	买盘
11:25:54	11.77	-0.01	30	35310	卖盘
11:25:48	11.78	0.01	0	1142	买盘
11:25:45	11.77	-0.01	10	11770	卖盘
11:24:57	11.78	--	2	2391	卖盘
11:24:33	11.78	--	0	1142	买盘
11:24:09	11.78	--	9	10637	卖盘
11:24:06	11.78	0.01	0	1142	中性盘
11:23:45	11.77	-0.01	20	23540	卖盘
11:23:39	11.78	0.01	49	57722	买盘
11:23:21	11.77	--	3	4378	买盘
11:23:06	11.77	--	50	58850	买盘
11:22:51	11.77	--	1	1177	买盘
11:22:48	11.77	--	6	7062	买盘
11:21:51	11.77	--	20	23540	买盘
11:21:30	11.77	--	10	11770	买盘
11:21:15	11.77	-0.01	11	13735	卖盘
11:20:51	11.78	0.01	2	2356	买盘
11:20:27	11.77	--	0	965	卖盘
11:20:09	11.77	0.01	289	340753	买盘
11:20:06	11.76	-0.01	26	30576	卖盘
11:20:03	11.77	--	10	11770	买盘
11:19:45	11.77	0.01	59	69443	买盘
11:19:30	11.76	--	0	870	卖盘
11:19:15	11.76	--	3	3528	卖盘
11:18:51	11.76	-0.01	5	5880	卖盘
11:18:42	11.77	--	1	1177	买盘
11:18:06	11.77	0.01	10	11770	买盘
11:17:51	11.76	--	0	940	卖盘
11:17:45	11.76	0.01	138	163252	买盘
11:17:39	11.75	--	0	164	卖盘
11:17:33	11.75	-0.01	10	11750	卖盘
11:16:57	11.76	--	20	23520	买盘
11:16:48	11.76	0.01	1	1176	买盘
11:16:45	11.75	0.01	0	1010	中性盘
11:16:06	11.74	--	2	2348	卖盘
11:16:03	11.74	--	2	2524	买盘
11:15:57	11.74	--	3	3522	买盘
11:15:30	11.74	0.01	10	11740	买盘
11:15:24	11.73	-0.01	15	17595	卖盘
11:14:39	11.74	-0.02	6	7044	中性盘
11:14:09	11.76	--	19	22344	卖盘
11:13:57	11.76	--	100	117600	卖盘
11:13:54	11.76	-0.01	8	9408	卖盘
11:13:45	11.77	0.01	13	15301	买盘
11:13:39	11.76	-0.01	3	3528	卖盘
11:13:36	11.77	0.01	68	80036	买盘
11:13:18	11.76	--	8	9408	卖盘
11:13:12	11.76	--	8	9408	卖盘
11:13:06	11.76	--	0	882	卖盘
11:13:00	11.76	0.04	317	373697	买盘
11:12:42	11.72	--	8	10208	买盘
11:12:39	11.72	--	20	23440	买盘
11:12:30	11.72	--	14	16408	买盘
11:12:24	11.72	-0.03	363	425775	卖盘
11:12:21	11.75	--	3	3525	买盘
11:12:15	11.75	--	80	94000	卖盘
11:12:03	11.75	-0.01	1	1175	卖盘
11:11:54	11.76	-0.01	1	1176	中性盘
11:11:00	11.77	--	5	5885	卖盘
11:10:54	11.77	0.02	15	17655	买盘
11:10:45	11.75	0.03	22	25850	买盘
11:10:21	11.72	--	42	50056	买盘
11:10:06	11.72	0.01	90	105480	买盘
11:10:03	11.71	--	52	61231	卖盘
11:09:57	11.71	--	2	2342	卖盘
11:09:54	11.71	-0.01	0	831	卖盘
11:09:51	11.72	0.01	17	19924	买盘
11:09:48	11.71	0.01	1	1171	卖盘
11:09:36	11.7	-0.01	90	105300	卖盘
11:09:27	11.71	-0.01	10	11710	中性盘
11:09:12	11.72	0.01	57	66804	买盘
11:09:09	11.71	--	20	23420	卖盘
11:08:45	11.71	--	6	7026	卖盘
11:08:42	11.71	0.01	10	11710	买盘
11:08:39	11.7	-0.01	324	379080	卖盘
11:08:36	11.71	0.01	20	23420	中性盘
11:08:30	11.7	-0.02	200	234000	卖盘
11:08:24	11.72	0.01	1	1172	买盘
11:08:18	11.71	--	17	19907	买盘
11:08:15	11.71	--	50	58550	买盘
11:08:12	11.71	--	2	2342	买盘
11:08:00	11.71	-0.01	227	265817	卖盘
11:07:48	11.72	-0.01	100	117200	卖盘
11:07:45	11.73	--	2	2346	卖盘
11:07:42	11.73	-0.01	120	140760	卖盘
11:07:39	11.74	0.01	49	57526	买盘
11:07:24	11.73	--	50	58650	卖盘
11:07:12	11.73	--	20	23460	卖盘
11:07:09	11.73	-0.01	11	12903	卖盘
11:07:03	11.74	--	20	23480	买盘
11:06:48	11.74	--	75	88050	卖盘
11:06:45	11.74	--	8	9392	卖盘
11:06:39	11.74	--	10	11740	卖盘
11:06:27	11.74	-0.01	28	32872	卖盘
11:06:21	11.75	0.01	1	1175	买盘
11:06:18	11.74	--	50	58700	卖盘
11:06:03	11.74	-0.01	19	22306	卖盘
11:05:45	11.75	--	5	5875	买盘
11:05:39	11.75	--	30	35250	买盘
11:05:24	11.75	-0.02	3	3525	卖盘
11:05:18	11.77	--	5	5885	买盘
11:04:27	11.77	--	1	1177	买盘
11:03:57	11.77	--	8	9416	卖盘
11:03:42	11.77	--	10	11770	卖盘
11:03:33	11.77	--	10	11770	卖盘
11:03:30	11.77	0.03	4	4708	买盘
11:03:27	11.74	-0.03	200	234800	卖盘
11:03:09	11.77	--	6	7062	卖盘
11:03:00	11.77	-0.01	5	5885	卖盘
11:02:57	11.78	--	5	5890	买盘
11:02:54	11.78	0.01	6	7068	买盘
11:02:51	11.77	-0.01	10	11770	卖盘
11:02:30	11.78	--	14	16492	卖盘
11:02:12	11.78	-0.01	20	23560	卖盘
11:02:09	11.79	--	38	44802	买盘
11:02:06	11.79	--	11	12968	买盘
11:01:36	11.79	0.02	3	3536	买盘
11:01:06	11.77	--	2	2354	卖盘
11:01:00	11.77	--	1	1177	买盘
11:00:21	11.77	--	3	3531	买盘
11:00:06	11.77	--	11	12947	买盘
11:00:03	11.77	0.01	116	136532	买盘
11:00:00	11.76	--	2	2352	中性盘
10:59:57	11.76	-0.01	8	9408	卖盘
10:59:54	11.77	--	2	2354	买盘
10:59:51	11.77	--	2	2354	买盘
10:59:48	11.77	--	2	2354	买盘
10:59:45	11.77	--	4	4708	买盘
10:59:42	11.77	--	14	16478	买盘
10:59:39	11.77	--	4	4708	买盘
10:59:36	11.77	--	6	7062	买盘
10:59:33	11.77	--	4	4708	买盘
10:59:30	11.77	--	13	15301	买盘
10:59:27	11.77	0.01	2	2354	中性盘
10:59:24	11.76	-0.02	150	176400	卖盘
10:59:21	11.78	0.01	10	11780	买盘
10:59:06	11.77	--	15	17655	卖盘
10:58:57	11.77	--	10	11770	卖盘
10:58:54	11.77	-0.01	20	23540	卖盘
10:58:51	11.78	0.01	2	2356	买盘
10:58:48	11.77	--	40	47080	卖盘
10:58:45	11.77	--	14	16478	卖盘
10:58:36	11.77	-0.02	10	11770	卖盘
10:58:24	11.79	--	10	11790	买盘
10:57:54	11.79	0.03	3	3536	买盘
10:57:51	11.76	-0.03	200	235200	卖盘
10:57:45	11.79	--	34	40086	卖盘
10:57:39	11.79	--	2	2358	卖盘
10:57:33	11.79	--	20	23580	卖盘
10:57:21	11.79	--	33	38907	卖盘
10:57:15	11.79	--	100	117899	卖盘
10:57:12	11.79	--	43	50696	卖盘
10:57:06	11.79	-0.01	3	3536	卖盘
10:57:00	11.8	--	35	41300	卖盘
10:56:57	11.8	--	20	23600	卖盘
10:56:51	11.8	--	20	23600	卖盘
10:56:42	11.8	--	4	4720	卖盘
10:56:33	11.8	-0.01	12	14160	卖盘
10:56:27	11.81	0.01	8	9448	买盘
10:56:18	11.8	-0.02	50	59000	卖盘
10:56:09	11.82	0.02	31	36642	买盘
10:56:03	11.8	-0.01	204	241298	卖盘
10:56:00	11.81	-0.01	435	513735	卖盘
10:55:45	11.82	--	33	39006	卖盘
10:55:03	11.82	--	4	4728	卖盘
10:54:39	11.82	--	1	1182	买盘
10:54:27	11.82	--	11	13002	买盘
10:54:18	11.82	0.01	10	11820	买盘
10:54:12	11.81	--	2	2362	卖盘
10:53:45	11.81	--	6	7086	卖盘
10:53:39	11.81	--	1	1181	卖盘
10:52:57	11.81	-0.01	30	35430	卖盘
10:52:54	11.82	--	5	5910	买盘
10:52:48	11.82	--	10	11820	买盘
10:52:33	11.82	--	22	26004	卖盘
10:52:30	11.82	--	26	30732	买盘
10:52:18	11.82	--	1	1182	买盘
10:51:51	11.82	--	17	20094	买盘
10:51:30	11.82	-0.01	62	73284	卖盘
10:51:21	11.83	0.01	3	3549	买盘
10:50:42	11.82	--	10	11820	卖盘
10:50:33	11.82	--	6	7092	卖盘
10:50:15	11.82	-0.01	2	2364	中性盘
10:49:57	11.83	--	11	13013	买盘
10:49:27	11.83	0.02	2	2366	买盘
10:49:24	11.81	--	182	215544	买盘
10:49:15	11.81	--	11	12991	买盘
10:48:33	11.81	0.01	20	23620	买盘
10:48:00	11.8	--	7	8260	买盘
10:47:54	11.8	--	10	11800	买盘
10:47:51	11.8	--	69	81420	卖盘
10:47:48	11.8	--	10	11800	卖盘
10:47:42	11.8	-0.01	37	43660	卖盘
10:47:18	11.81	--	7	8267	买盘
10:47:12	11.81	-0.02	249	294069	卖盘
10:47:00	11.83	--	10	11830	买盘
10:46:51	11.83	-0.01	5	5915	卖盘
10:46:42	11.84	0.01	3	3552	买盘
10:46:27	11.83	--	10	11830	卖盘
10:46:24	11.83	--	1	1183	卖盘
10:46:15	11.83	--	5	5915	卖盘
10:46:09	11.83	--	16	18928	买盘
10:45:48	11.83	--	2	2366	买盘
10:45:36	11.83	-0.01	18	21294	卖盘
10:45:30	11.84	0.01	10	11840	买盘
10:45:24	11.83	--	8	9464	卖盘
10:45:15	11.83	--	16	18928	卖盘
10:45:12	11.83	-0.01	30	35490	卖盘
10:44:42	11.84	--	1	1184	买盘
10:44:36	11.84	--	10	12420	卖盘
10:44:33	11.84	--	10	11840	卖盘
10:44:30	11.84	--	29	34336	卖盘
10:44:18	11.84	--	0	603	买盘
10:43:57	11.84	--	10	11840	买盘
10:43:27	11.84	--	164	194756	卖盘
10:42:57	11.84	-0.01	2	2368	卖盘
10:42:48	11.85	--	9	10665	买盘
10:42:36	11.85	--	11	13035	卖盘
10:42:33	11.85	0.01	48	56880	买盘
10:42:30	11.84	-0.01	3	3552	卖盘
10:42:06	11.85	--	50	59250	买盘
10:41:51	11.85	--	12	14220	买盘
10:41:39	11.85	--	1	1185	买盘
10:41:30	11.85	--	10	11850	买盘
10:41:18	11.85	0.01	2	2370	买盘
10:40:36	11.84	--	56	66907	买盘
10:40:12	11.84	0.01	2	2368	买盘
10:40:09	11.83	--	10	11830	卖盘
10:40:00	11.83	--	50	59150	卖盘
10:39:57	11.83	--	8	9464	卖盘
10:39:39	11.83	--	86	101738	卖盘
10:39:24	11.83	-0.02	22	26026	卖盘
10:38:24	11.85	0.02	1	1185	买盘
10:38:21	11.83	-0.02	53	62699	卖盘
10:38:09	11.85	--	5	5925	买盘
10:37:51	11.85	--	3	3555	卖盘
10:37:36	11.85	-0.01	2	2370	中性盘
10:37:18	11.86	0.05	9	10674	买盘
10:36:57	11.81	-0.05	10	11810	卖盘
10:36:51	11.86	--	2	2372	买盘
10:36:39	11.86	0.05	300	355800	买盘
10:36:15	11.81	0.01	2	2362	买盘
10:36:12	11.8	--	6	7080	买盘
10:36:06	11.8	--	46	54280	卖盘
10:35:48	11.8	--	4	4720	买盘
10:35:39	11.8	-0.02	85	100300	卖盘
10:35:36	11.82	0.02	7	8274	买盘
10:35:21	11.8	--	1	1180	卖盘
10:35:15	11.8	--	39	46020	买盘
10:35:12	11.8	--	3	3540	买盘
10:35:06	11.8	--	10	11800	买盘
10:34:57	11.8	--	10	11800	买盘
10:34:51	11.8	--	51	60180	买盘
10:34:48	11.8	--	19	22420	买盘
10:34:45	11.8	--	1	1180	买盘
10:34:42	11.8	--	58	68440	买盘
10:34:39	11.8	--	10	11800	买盘
10:34:36	11.8	0.01	25	29500	买盘
10:34:30	11.79	-0.01	3	3536	卖盘
10:34:27	11.8	--	20	23600	买盘
10:34:15	11.8	--	73	86140	买盘
10:34:06	11.8	--	20	23600	买盘
10:34:00	11.8	0.01	4	4720	买盘
10:33:48	11.79	--	17	20043	卖盘
10:33:36	11.79	--	9	10611	买盘
10:33:33	11.79	--	24	28295	买盘
10:33:27	11.79	--	34	40086	卖盘
10:33:18	11.79	--	10	11790	卖盘
10:33:09	11.79	--	18	21222	卖盘
10:33:06	11.79	-0.01	15	17685	卖盘
10:33:03	11.8	--	15	17700	买盘
10:32:57	11.8	--	13	15340	买盘
10:32:51	11.8	--	5	5900	买盘
10:32:48	11.8	-0.01	377	444860	卖盘
10:32:39	11.81	-0.01	1	1181	卖盘
10:32:36	11.82	0.01	30	35460	买盘
10:32:30	11.81	--	1	1181	卖盘
10:32:06	11.81	-0.01	1	1181	卖盘
10:32:03	11.82	--	8	9456	买盘
10:31:54	11.82	--	2	2364	卖盘
10:31:51	11.82	--	8	9456	卖盘
10:31:39	11.82	--	90	106380	卖盘
10:31:27	11.82	--	20	23640	卖盘
10:31:24	11.82	--	10	11820	卖盘
10:31:21	11.82	--	25	29550	卖盘
10:31:18	11.82	0.01	151	178482	买盘
10:31:12	11.81	--	10	11810	卖盘
10:31:09	11.81	--	41	48421	卖盘
10:31:03	11.81	--	3	3543	卖盘
10:31:00	11.81	-0.01	38	44878	卖盘
10:30:48	11.82	0.01	10	11820	买盘
10:30:45	11.81	-0.01	82	96842	卖盘
10:30:42	11.82	--	32	37824	买盘
10:30:30	11.82	-0.01	187	221034	卖盘
10:30:27	11.83	--	26	30758	买盘
10:30:24	11.83	--	19	22477	买盘
10:30:18	11.83	--	10	11830	买盘
10:30:12	11.83	--	122	144326	卖盘
10:30:06	11.83	-0.01	30	35490	卖盘
10:29:51	11.84	--	30	35520	买盘
10:29:42	11.84	--	86	101824	卖盘
10:29:39	11.84	-0.01	4	4736	卖盘
10:29:18	11.85	0.01	1	1185	买盘
10:29:03	11.84	--	15	17760	卖盘
10:29:00	11.84	--	8	9472	卖盘
10:28:21	11.84	--	51	60384	买盘
10:28:06	11.84	-0.01	112	132608	卖盘
10:28:00	11.85	--	47	55695	买盘
10:27:57	11.85	--	13	15405	卖盘
10:27:48	11.85	--	7	8295	卖盘
10:27:39	11.85	-0.01	46	54510	卖盘
10:27:33	11.86	0.01	1	1186	买盘
10:27:30	11.85	-0.01	10	11850	卖盘
10:27:27	11.86	0.01	4	4744	买盘
10:27:21	11.85	--	2	2370	卖盘
10:27:15	11.85	--	18	21330	买盘
10:27:12	11.85	--	4	4740	买盘
10:27:09	11.85	--	28	33180	买盘
10:27:00	11.85	--	24	28440	买盘
10:26:51	11.85	--	35	41475	买盘
10:26:42	11.85	--	16	18960	买盘
10:26:30	11.85	0.01	118	139830	买盘
10:26:27	11.84	-0.01	3	3552	卖盘
10:26:21	11.85	0.01	33	39105	买盘
10:26:18	11.84	-0.01	9	10656	卖盘
10:26:12	11.85	--	20	23700	买盘
10:26:03	11.85	--	24	28440	卖盘
10:26:00	11.85	--	10	11850	卖盘
10:25:51	11.85	--	47	55695	卖盘
10:25:48	11.85	--	10	11850	卖盘
10:25:45	11.85	0.01	3	3555	买盘
10:25:42	11.84	--	5	5920	卖盘
10:25:36	11.84	-0.01	1	1184	卖盘
10:25:18	11.85	--	78	92430	卖盘
10:25:12	11.85	-0.01	52	61620	卖盘
10:25:06	11.86	0.01	4	4744	买盘
10:25:00	11.85	--	40	47400	卖盘
10:24:57	11.85	0.01	50	59250	买盘
10:24:45	11.84	-0.01	4	4736	卖盘
10:24:33	11.85	--	2	2370	卖盘
10:24:24	11.85	--	10	11850	卖盘
10:24:06	11.85	--	10	11850	卖盘
10:24:00	11.85	--	10	11850	卖盘
10:23:57	11.85	--	10	11850	卖盘
10:23:48	11.85	-0.01	30	35550	卖盘
10:23:45	11.86	0.01	5	5930	买盘
10:23:36	11.85	-0.01	19	22515	卖盘
10:23:33	11.86	0.01	2	2372	买盘
10:23:12	11.85	--	6	7110	买盘
10:23:09	11.85	--	2	2370	买盘
10:23:06	11.85	-0.01	2	2370	中性盘
10:22:42	11.86	--	10	11860	买盘
10:22:33	11.86	--	1	1186	买盘
10:22:18	11.86	--	1	1186	买盘
10:22:09	11.86	--	2	2372	买盘
10:21:30	11.86	--	12	14232	买盘
10:21:27	11.86	0.01	50	59300	买盘
10:21:15	11.85	--	1	1185	买盘
10:21:09	11.85	-0.01	5	5925	卖盘
10:21:06	11.86	--	3	3558	买盘
10:21:03	11.86	0.01	20	23720	买盘
10:20:57	11.85	--	10	11850	卖盘
10:20:51	11.85	--	2	2370	卖盘
10:20:45	11.85	--	20	23700	卖盘
10:20:39	11.85	--	30	35550	卖盘
10:20:18	11.85	--	107	126795	卖盘
10:20:12	11.85	--	56	66360	卖盘
10:20:06	11.85	0.02	171	202635	买盘
10:19:57	11.83	-0.01	7	8281	卖盘
10:19:54	11.84	0.01	79	93536	买盘
10:19:51	11.83	--	2	2366	卖盘
10:19:36	11.83	-0.01	24	28392	卖盘
10:19:33	11.84	0.01	6	7104	买盘
10:19:30	11.83	-0.01	20	23660	卖盘
10:19:18	11.84	--	36	42624	买盘
10:19:12	11.84	0.01	2	2368	买盘
10:18:57	11.83	--	42	49686	买盘
10:18:54	11.83	--	20	23660	买盘
10:18:51	11.83	0.01	17	20111	买盘
10:18:36	11.82	--	8	9456	卖盘
10:18:21	11.82	--	10	11820	卖盘
10:18:15	11.82	--	10	11820	卖盘
10:18:12	11.82	--	3	3546	卖盘
10:18:03	11.82	-0.01	5	5910	卖盘
10:17:42	11.83	--	30	35490	买盘
10:17:36	11.83	--	6	7098	买盘
10:17:33	11.83	0.01	5	5915	买盘
10:17:30	11.82	-0.01	20	23640	卖盘
10:17:18	11.83	--	108	127764	卖盘
10:17:15	11.83	--	9	10647	卖盘
10:17:12	11.83	--	36	42588	卖盘
10:16:57	11.83	--	2	2366	卖盘
10:16:54	11.83	--	20	23660	卖盘
10:16:42	11.83	-0.01	10	11830	卖盘
10:16:24	11.84	-0.01	100	118400	卖盘
10:16:21	11.85	0.01	10	11850	买盘
10:16:18	11.84	--	100	118400	卖盘
10:16:15	11.84	-0.01	6	7104	卖盘
10:16:09	11.85	--	1	1185	买盘
10:15:57	11.85	--	2	2370	买盘
10:15:45	11.85	--	9	10665	买盘
10:15:36	11.85	0.01	20	23700	买盘
10:15:33	11.84	--	67	79328	卖盘
10:15:27	11.84	-0.01	20	23680	卖盘
10:15:18	11.85	--	1	1185	买盘
10:15:12	11.85	0.01	37	43845	买盘
10:14:51	11.84	--	36	42624	买盘
10:14:45	11.84	--	30	35520	买盘
10:14:42	11.84	--	11	13024	买盘
10:14:39	11.84	--	10	11840	买盘
10:14:36	11.84	--	10	11840	买盘
10:14:33	11.84	0.01	1	1184	买盘
10:14:21	11.83	--	7	8281	卖盘
10:14:18	11.83	--	9	10647	卖盘
10:14:09	11.83	-0.01	13	15379	卖盘
10:14:00	11.84	0.01	20	23680	买盘
10:13:42	11.83	-0.01	38	44954	卖盘
10:13:33	11.84	--	3	3552	买盘
10:13:27	11.84	0.02	8	9472	买盘
10:13:03	11.82	-0.01	30	35460	卖盘
10:12:51	11.83	--	24	28392	买盘
10:12:45	11.83	--	5	5915	买盘
10:12:42	11.83	-0.02	38	44954	卖盘
10:12:33	11.85	0.02	7	8295	买盘
10:12:30	11.83	-0.02	8	9464	卖盘
10:12:21	11.85	-0.01	5	5925	卖盘
10:12:18	11.86	0.01	6	7116	买盘
10:12:06	11.85	--	1	1185	卖盘
10:11:57	11.85	-0.01	5	5925	卖盘
10:11:54	11.86	--	29	34394	买盘
10:11:45	11.86	0.01	46	54556	买盘
10:11:39	11.85	--	6	7110	卖盘
10:11:18	11.85	0.02	220	260700	买盘
10:11:12	11.83	-0.02	4	4732	卖盘
10:11:09	11.85	0.02	3	3555	买盘
10:10:45	11.83	-0.02	1	1183	中性盘
10:10:30	11.85	0.02	33	39105	买盘
10:10:27	11.83	--	6	7098	卖盘
10:10:21	11.83	--	8	9464	卖盘
10:10:12	11.83	0.01	20	23660	买盘
10:10:06	11.82	--	25	29550	卖盘
10:10:03	11.82	--	4	4728	买盘
10:10:00	11.82	0.01	14	16548	买盘
10:09:54	11.81	--	29	34249	卖盘
10:09:48	11.81	-0.01	60	70860	卖盘
10:09:39	11.82	0.01	84	99288	买盘
10:09:36	11.81	--	8	9448	卖盘
10:09:27	11.81	-0.01	4	4724	卖盘
10:09:24	11.82	--	11	13002	买盘
10:09:18	11.82	--	26	30732	买盘
10:09:15	11.82	0.01	41	48462	买盘
10:09:12	11.81	--	2	2362	卖盘
10:09:00	11.81	-0.01	1	1181	卖盘
10:08:54	11.82	--	11	13002	买盘
10:08:51	11.82	--	14	16548	买盘
10:08:48	11.82	-0.01	72	85104	卖盘
10:08:42	11.83	--	8	9464	买盘
10:08:36	11.83	0.01	5	5915	买盘
10:08:27	11.82	0.01	61	72102	买盘
10:08:21	11.81	-0.01	28	33068	卖盘
10:08:09	11.82	0.01	20	23640	买盘
10:07:57	11.81	--	70	82670	卖盘
10:07:48	11.81	--	200	236200	卖盘
10:07:33	11.81	-0.02	50	59050	卖盘
10:07:30	11.83	--	17	20111	卖盘
10:07:24	11.83	--	15	17745	卖盘
10:07:21	11.83	--	73	86359	卖盘
10:07:15	11.83	--	12	14196	卖盘
10:07:12	11.83	-0.01	20	23660	卖盘
10:07:09	11.84	--	4	4736	买盘
10:07:03	11.84	--	8	9472	买盘
10:07:00	11.84	-0.02	56	66304	卖盘
10:06:39	11.86	0.01	25	29650	买盘
10:06:36	11.85	--	32	37920	卖盘
10:06:33	11.85	--	318	376830	卖盘
10:06:30	11.85	-0.01	2	2370	卖盘
10:06:27	11.86	--	28	33208	买盘
10:05:54	11.86	--	51	60486	买盘
10:05:48	11.86	-0.01	60	71160	卖盘
10:05:42	11.87	0.01	9	10683	买盘
10:05:39	11.86	-0.01	2	2372	卖盘
10:05:27	11.87	-0.01	395	468864	卖盘
10:05:24	11.88	--	3	3564	卖盘
10:05:18	11.88	-0.01	8	9504	卖盘
10:05:12	11.89	0.01	30	35670	买盘
10:05:09	11.88	-0.01	15	17820	卖盘
10:05:00	11.89	0.01	28	33292	买盘
10:04:57	11.88	--	40	47520	卖盘
10:04:51	11.88	-0.01	1	1188	卖盘
10:04:48	11.89	--	35	41615	买盘
10:04:45	11.89	--	15	17835	买盘
10:04:36	11.89	--	14	16646	买盘
10:04:33	11.89	0.01	1	1189	买盘
10:04:27	11.88	-0.01	100	118800	卖盘
10:04:15	11.89	--	33	39237	买盘
10:04:09	11.89	--	61	72529	买盘
10:03:51	11.89	--	5	5945	买盘
10:03:48	11.89	--	15	17835	买盘
10:03:36	11.89	--	126	149814	买盘
10:03:18	11.89	--	124	147566	卖盘
10:03:12	11.89	--	10	11890	卖盘
10:03:09	11.89	-0.01	18	21402	卖盘
10:03:03	11.9	0.01	11	13090	买盘
10:03:00	11.89	--	13	15457	卖盘
10:02:45	11.89	--	85	102123	买盘
10:02:42	11.89	--	17	20213	买盘
10:02:33	11.89	0.01	128	152192	买盘
10:02:30	11.88	--	110	130680	卖盘
10:02:18	11.88	--	50	59400	卖盘
10:02:09	11.88	--	314	373032	买盘
10:01:57	11.88	--	10	11880	买盘
10:01:54	11.88	--	9	10692	买盘
10:01:48	11.88	--	407	483516	买盘
10:01:39	11.88	--	50	59400	买盘
10:01:27	11.88	--	110	130680	买盘
10:01:21	11.88	--	19	22572	买盘
10:01:18	11.88	--	46	54648	买盘
10:01:03	11.88	--	3	3564	买盘
10:01:00	11.88	0.01	12	14256	买盘
10:00:51	11.87	0.01	291	345417	买盘
10:00:48	11.86	-0.01	20	23720	卖盘
10:00:39	11.87	--	3	3560	买盘
10:00:27	11.87	--	80	94960	卖盘
10:00:24	11.87	--	7	8309	卖盘
10:00:21	11.87	--	141	167367	卖盘
10:00:18	11.87	--	48	56975	卖盘
10:00:12	11.87	0.01	49	58162	买盘
10:00:09	11.86	-0.01	10	11860	卖盘
10:00:06	11.87	0.01	6	7121	中性盘
10:00:03	11.86	--	5	5930	卖盘
09:59:57	11.86	--	55	65230	卖盘
09:59:54	11.86	--	5	5930	卖盘
09:59:48	11.86	-0.01	30	35580	卖盘
09:59:45	11.87	--	40	47480	卖盘
09:59:36	11.87	--	23	27301	卖盘
09:59:27	11.87	--	8	9496	卖盘
09:59:24	11.87	--	50	59349	卖盘
09:59:18	11.87	-0.01	40	47480	卖盘
09:59:03	11.88	--	61	72468	卖盘
09:59:00	11.88	--	20	23760	卖盘
09:58:57	11.88	--	107	127116	卖盘
09:58:42	11.88	0.01	42	49896	买盘
09:58:33	11.87	-0.01	15	17805	卖盘
09:58:30	11.88	--	2	2376	卖盘
09:58:27	11.88	--	28	33264	买盘
09:58:18	11.88	--	30	35640	买盘
09:58:15	11.88	-0.01	2	2376	买盘
09:58:09	11.89	0.02	10	11890	买盘
09:58:03	11.87	--	42	49854	卖盘
09:57:57	11.87	-0.01	50	59349	卖盘
09:57:48	11.88	-0.01	100	118800	卖盘
09:57:39	11.89	--	128	152322	卖盘
09:57:30	11.89	--	40	47560	卖盘
09:57:24	11.89	--	120	142680	卖盘
09:57:21	11.89	-0.01	13	15457	卖盘
09:57:12	11.9	0.01	1	1190	买盘
09:57:06	11.89	--	5	5945	卖盘
09:56:57	11.89	-0.01	22	26158	卖盘
09:56:48	11.9	--	13	15470	卖盘
09:56:39	11.9	--	26	30940	买盘
09:56:36	11.9	--	3	3570	买盘
09:56:30	11.9	--	31	36890	卖盘
09:56:27	11.9	--	61	72590	卖盘
09:56:24	11.9	--	20	23800	卖盘
09:56:18	11.9	--	24	28560	卖盘
09:56:15	11.9	--	20	23800	卖盘
09:56:12	11.9	--	20	23800	卖盘
09:56:09	11.9	--	31	36890	卖盘
09:56:06	11.9	0.01	30	35700	中性盘
09:56:00	11.89	-0.01	55	65395	卖盘
09:55:57	11.9	--	48	57120	卖盘
09:55:54	11.9	--	112	133280	买盘
09:55:48	11.9	--	12	14280	买盘
09:55:45	11.9	--	10	11900	买盘
09:55:42	11.9	--	3	3570	买盘
09:55:39	11.9	0.01	11	13090	买盘
09:55:36	11.89	-0.01	3	3567	卖盘
09:55:33	11.9	--	2	2380	买盘
09:55:27	11.9	0.01	3	3570	买盘
09:55:24	11.89	-0.01	20	23780	卖盘
09:55:18	11.9	0.01	9	10710	买盘
09:55:12	11.89	-0.01	4	4756	卖盘
09:55:09	11.9	0.01	5	5950	买盘
09:55:00	11.89	-0.01	5	5945	卖盘
09:54:54	11.9	--	12	14280	买盘
09:54:51	11.9	0.01	98	116620	买盘
09:54:48	11.89	--	1	1189	卖盘
09:54:45	11.89	--	6	7134	卖盘
09:54:39	11.89	--	1	1189	卖盘
09:54:33	11.89	--	258	307820	买盘
09:54:24	11.89	--	1	1189	买盘
09:54:21	11.89	--	56	66714	卖盘
09:54:18	11.89	-0.01	130	154570	卖盘
09:54:15	11.9	--	5	5950	卖盘
09:54:12	11.9	--	160	190400	买盘
09:54:09	11.9	--	1	1190	买盘
09:54:06	11.9	0.01	27	32130	买盘
09:53:57	11.89	--	5	5945	卖盘
09:53:54	11.89	--	36	43862	卖盘
09:53:51	11.89	--	95	112955	卖盘
09:53:45	11.89	0.01	9	10701	买盘
09:53:42	11.88	-0.01	1	1188	卖盘
09:53:36	11.89	0.01	75	89175	买盘
09:53:33	11.88	-0.02	48	57024	卖盘
09:53:30	11.9	--	6	7140	卖盘
09:53:24	11.9	0.01	10	11900	买盘
09:53:21	11.89	-0.01	5	5945	卖盘
09:53:15	11.9	--	1	1190	买盘
09:53:09	11.9	0.01	16	19040	买盘
09:53:06	11.89	-0.01	5	5945	卖盘
09:53:03	11.9	--	3	3570	买盘
09:53:00	11.9	-0.01	6	7140	卖盘
09:52:57	11.91	--	3	3573	买盘
09:52:54	11.91	0.01	12	14292	买盘
09:52:51	11.9	--	12	14280	卖盘
09:52:48	11.9	--	37	44030	卖盘
09:52:45	11.9	--	20	23800	卖盘
09:52:39	11.9	-0.01	7	8330	卖盘
09:52:36	11.91	0.01	38	45258	买盘
09:52:33	11.9	--	10	11900	卖盘
09:52:27	11.9	--	10	11900	卖盘
09:52:18	11.9	0.01	75	89250	买盘
09:52:15	11.89	-0.01	13	15457	卖盘
09:52:12	11.9	0.01	70	83300	买盘
09:52:03	11.89	--	98	116522	买盘
09:52:00	11.89	--	1	1189	买盘
09:51:57	11.89	--	6	7134	卖盘
09:51:54	11.89	-0.01	20	23780	卖盘
09:51:51	11.9	--	4	4760	买盘
09:51:48	11.9	0.01	33	39270	买盘
09:51:45	11.89	--	31	36859	卖盘
09:51:42	11.89	--	12	14268	卖盘
09:51:39	11.89	--	25	29725	卖盘
09:51:36	11.89	--	1	1189	卖盘
09:51:21	11.89	0.01	152	180728	买盘
09:51:06	11.88	0.01	45	53460	买盘
09:50:54	11.87	--	40	47480	卖盘
09:50:48	11.87	--	20	23740	卖盘
09:50:42	11.87	--	50	59349	卖盘
09:50:39	11.87	--	40	47480	卖盘
09:50:33	11.87	0.01	40	47480	买盘
09:50:30	11.86	-0.02	12	14232	卖盘
09:50:21	11.88	0.01	46	54648	买盘
09:50:18	11.87	--	20	23740	买盘
09:50:15	11.87	--	36	42732	卖盘
09:50:12	11.87	-0.01	1	1187	卖盘
09:50:09	11.88	0.01	2	2376	买盘
09:50:06	11.87	--	57	67659	卖盘
09:50:03	11.87	--	7	8309	买盘
09:50:00	11.87	-0.01	5	5935	中性盘
09:49:57	11.88	--	5	5940	买盘
09:49:51	11.88	0.01	241	286308	买盘
09:49:42	11.87	-0.01	9	10683	卖盘
09:49:39	11.88	--	50	59400	买盘
09:49:36	11.88	0.01	1	1188	买盘
09:49:30	11.87	-0.01	5	5935	卖盘
09:49:21	11.88	--	54	64152	卖盘
09:49:18	11.88	--	30	35640	卖盘
09:49:15	11.88	--	56	66528	卖盘
09:49:12	11.88	--	5	5940	卖盘
09:49:06	11.88	--	5	5940	卖盘
09:49:03	11.88	-0.01	5	5940	卖盘
09:48:57	11.89	--	23	27347	买盘
09:48:54	11.89	--	3	3567	买盘
09:48:51	11.89	--	62	73718	卖盘
09:48:48	11.89	--	15	17835	卖盘
09:48:42	11.89	--	26	30914	卖盘
09:48:39	11.89	0.01	23	27347	买盘
09:48:36	11.88	-0.02	124	147312	卖盘
09:48:33	11.9	--	7	8330	买盘
09:48:30	11.9	--	5	5950	买盘
09:48:27	11.9	--	50	59500	买盘
09:48:24	11.9	0.02	5	5950	买盘
09:48:21	11.88	-0.02	25	29700	卖盘
09:48:15	11.9	--	5	5950	买盘
09:48:09	11.9	0.02	2	2380	买盘
09:48:06	11.88	-0.03	98	116424	卖盘
09:48:00	11.91	--	22	26202	卖盘
09:47:57	11.91	0.01	141	167931	买盘
09:47:54	11.9	--	59	70210	卖盘
09:47:51	11.9	-0.01	47	55930	卖盘
09:47:48	11.91	0.01	71	84561	买盘
09:47:45	11.9	-0.01	5	5950	卖盘
09:47:42	11.91	0.01	17	20247	买盘
09:47:36	11.9	--	30	35700	卖盘
09:47:33	11.9	-0.01	1	1190	卖盘
09:47:30	11.91	0.01	26	30966	买盘
09:47:24	11.9	-0.01	24	28560	卖盘
09:47:21	11.91	0.01	9	10719	买盘
09:47:12	11.9	0.02	24	28560	买盘
09:47:09	11.88	-0.04	146	173448	卖盘
09:47:00	11.92	--	41	48872	卖盘
09:46:57	11.92	--	10	11920	卖盘
09:46:54	11.92	0.01	691	823672	买盘
09:46:51	11.91	--	2	2382	卖盘
09:46:48	11.91	0.01	96	114336	买盘
09:46:45	11.9	-0.01	12	14280	卖盘
09:46:42	11.91	--	11	13101	买盘
09:46:36	11.91	--	4	4764	买盘
09:46:33	11.91	--	14	16674	卖盘
09:46:30	11.91	--	25	29775	卖盘
09:46:27	11.91	--	40	47640	卖盘
09:46:24	11.91	--	35	41685	卖盘
09:46:21	11.91	--	10	11910	卖盘
09:46:18	11.91	--	20	23820	卖盘
09:46:12	11.91	--	62	73842	卖盘
09:46:09	11.91	--	8	9528	卖盘
09:46:06	11.91	--	22	26202	卖盘
09:46:03	11.91	0.01	12	14292	中性盘
09:46:00	11.9	--	30	35700	卖盘
09:45:57	11.9	-0.02	8	9520	卖盘
09:45:54	11.92	0.02	200	238400	买盘
09:45:51	11.9	-0.01	12	14280	卖盘
09:45:48	11.91	0.01	75	89325	买盘
09:45:45	11.9	-0.01	56	66640	卖盘
09:45:42	11.91	0.01	4	4764	买盘
09:45:30	11.9	-0.01	28	33320	卖盘
09:45:27	11.91	--	8	9528	买盘
09:45:24	11.91	--	14	16674	卖盘
09:45:21	11.91	-0.01	17	20247	卖盘
09:45:18	11.92	0.01	90	107280	买盘
09:45:15	11.91	--	2	2382	卖盘
09:45:12	11.91	--	146	173886	卖盘
09:45:06	11.91	--	10	11910	卖盘
09:45:03	11.91	--	10	11910	卖盘
09:45:00	11.91	--	116	138156	买盘
09:44:57	11.91	--	18	21438	买盘
09:44:54	11.91	0.01	2	2382	买盘
09:44:51	11.9	-0.01	13	15470	卖盘
09:44:45	11.91	0.01	10	11910	买盘
09:44:42	11.9	-0.01	10	11900	卖盘
09:44:39	11.91	0.02	2	2382	买盘
09:44:33	11.89	--	46	54694	卖盘
09:44:27	11.89	--	57	67773	卖盘
09:44:21	11.89	-0.02	25	29725	卖盘
09:44:18	11.91	0.01	72	85752	买盘
09:44:15	11.9	--	13	15470	买盘
09:44:12	11.9	0.01	5	5950	买盘
09:44:09	11.89	-0.01	40	47560	卖盘
09:44:06	11.9	--	11	13090	卖盘
09:44:03	11.9	--	20	23800	卖盘
09:43:57	11.9	0.01	85	101150	买盘
09:43:54	11.89	-0.01	35	41615	卖盘
09:43:45	11.9	--	53	63070	卖盘
09:43:42	11.9	--	10	11900	卖盘
09:43:39	11.9	--	1	1190	卖盘
09:43:36	11.9	-0.01	8	9520	卖盘
09:43:24	11.91	--	194	231054	卖盘
09:43:21	11.91	-0.01	10	11910	卖盘
09:43:18	11.92	--	22	26224	买盘
09:43:15	11.92	-0.01	20	23840	卖盘
09:43:12	11.93	0.01	235	280355	买盘
09:43:09	11.92	--	67	79864	卖盘
09:43:06	11.92	--	105	125160	买盘
09:43:00	11.92	--	44	52448	卖盘
09:42:57	11.92	--	81	96552	卖盘
09:42:51	11.92	-0.01	66	78672	卖盘
09:42:48	11.93	0.01	66	78738	买盘
09:42:45	11.92	--	42	50064	买盘
09:42:42	11.92	--	10	11920	买盘
09:42:39	11.92	--	18	21456	卖盘
09:42:36	11.92	--	11	13112	卖盘
09:42:33	11.92	--	119	141848	买盘
09:42:30	11.92	0.01	22	26224	买盘
09:42:27	11.91	-0.01	7	8337	卖盘
09:42:24	11.92	0.01	108	128736	买盘
09:42:21	11.91	-0.01	15	17865	卖盘
09:42:18	11.92	--	38	45296	买盘
09:42:15	11.92	--	21	25032	买盘
09:42:12	11.92	0.01	1	1192	中性盘
09:42:09	11.91	--	20	23820	买盘
09:42:03	11.91	--	118	140538	买盘
09:42:00	11.91	-0.03	47	55977	买盘
09:41:57	11.94	0.01	111	132534	买盘
09:41:54	11.93	--	131	156283	买盘
09:41:51	11.93	--	151	180143	买盘
09:41:48	11.93	--	46	54878	卖盘
09:41:45	11.93	--	5	5965	卖盘
09:41:42	11.93	--	85	101405	买盘
09:41:39	11.93	0.04	47	56071	买盘
09:41:36	11.89	-0.04	10	11890	卖盘
09:41:33	11.93	0.02	70	83510	买盘
09:41:30	11.91	0.01	30	35730	买盘
09:41:24	11.9	--	55	65450	买盘
09:41:21	11.9	0.02	128	152320	买盘
09:41:18	11.88	-0.01	172	204336	卖盘
09:41:15	11.89	0.01	124	147436	买盘
09:41:12	11.88	--	65	77220	买盘
09:41:09	11.88	--	36	42768	买盘
09:41:06	11.88	--	22	26136	买盘
09:41:03	11.88	--	38	45144	买盘
09:41:00	11.88	--	53	62964	买盘
09:40:57	11.88	--	10	11880	买盘
09:40:54	11.88	--	8	9504	买盘
09:40:51	11.88	0.01	64	76032	买盘
09:40:48	11.87	-0.01	50	59349	卖盘
09:40:45	11.88	--	2	2376	买盘
09:40:42	11.88	--	31	36828	买盘
09:40:39	11.88	--	18	21384	买盘
09:40:30	11.88	--	45	53460	卖盘
09:40:27	11.88	--	10	11880	卖盘
09:40:24	11.88	0.01	119	141372	买盘
09:40:18	11.87	-0.01	16	18992	卖盘
09:40:15	11.88	--	11	13068	买盘
09:40:09	11.88	0.01	38	45144	买盘
09:40:06	11.87	--	17	20179	中性盘
09:40:03	11.87	--	60	71220	买盘
09:40:00	11.87	0.02	104	123447	买盘
09:39:57	11.85	-0.02	1	1185	卖盘
09:39:51	11.87	--	52	61723	买盘
09:39:48	11.87	--	38	45106	买盘
09:39:42	11.87	-0.01	130	154310	卖盘
09:39:39	11.88	--	10	11880	卖盘
09:39:36	11.88	--	20	23760	卖盘
09:39:33	11.88	--	2	2376	卖盘
09:39:30	11.88	--	115	136620	买盘
09:39:27	11.88	--	55	65340	买盘
09:39:24	11.88	--	106	125928	买盘
09:39:21	11.88	--	29	34452	买盘
09:39:18	11.88	--	30	35640	买盘
09:39:15	11.88	--	40	47520	买盘
09:39:09	11.88	-0.01	19	22572	卖盘
09:39:06	11.89	0.01	163	193807	买盘
09:39:03	11.88	-0.01	108	128304	卖盘
09:39:00	11.89	0.01	1	1189	买盘
09:38:57	11.88	--	1	1188	卖盘
09:38:54	11.88	--	108	128304	买盘
09:38:51	11.88	0.01	205	243540	买盘
09:38:48	11.87	--	45	53415	买盘
09:38:45	11.87	--	44	52228	中性盘
09:38:42	11.87	--	10	11870	买盘
09:38:39	11.87	0.03	28	33236	买盘
09:38:36	11.84	--	24	28416	买盘
09:38:33	11.84	0.01	20	23680	买盘
09:38:30	11.83	--	8	9464	买盘
09:38:27	11.83	--	5	5915	买盘
09:38:24	11.83	-0.05	2	2366	中性盘
09:38:15	11.88	0.04	434	515592	买盘
09:38:09	11.84	--	3	3552	卖盘
09:38:06	11.84	--	4	4736	中性盘
09:38:03	11.84	--	16	18944	卖盘
09:37:51	11.84	--	2	2368	卖盘
09:37:48	11.84	0.04	51	60384	买盘
09:37:45	11.8	--	45	53100	卖盘
09:37:39	11.8	-0.06	13	15340	卖盘
09:37:36	11.86	0.06	305	361730	买盘
09:37:30	11.8	--	14	16520	买盘
09:37:24	11.8	--	31	36580	卖盘
09:37:15	11.8	-0.01	4	4720	卖盘
09:37:12	11.81	--	149	175969	卖盘
09:37:09	11.81	0.01	12	14172	买盘
09:37:06	11.8	-0.02	17	20060	卖盘
09:37:03	11.82	--	1	1182	买盘
09:37:00	11.82	0.01	102	120564	买盘
09:36:54	11.81	--	18	21258	买盘
09:36:51	11.81	-0.01	6	7086	买盘
09:36:48	11.82	--	8	9456	买盘
09:36:45	11.82	--	50	59100	买盘
09:36:36	11.82	-0.01	16	18912	卖盘
09:36:33	11.83	0.01	100	118300	买盘
09:36:30	11.82	--	11	13002	卖盘
09:36:27	11.82	--	47	55554	卖盘
09:36:21	11.82	0.02	194	229308	买盘
09:36:18	11.8	--	11	12980	买盘
09:36:15	11.8	-0.01	37	43660	卖盘
09:36:09	11.81	0.02	3	3543	中性盘
09:36:03	11.79	-0.01	410	483389	卖盘
09:36:00	11.8	--	25	29500	买盘
09:35:57	11.8	--	39	46020	买盘
09:35:54	11.8	-0.02	300	354000	卖盘
09:35:51	11.82	0.01	34	40188	卖盘
09:35:48	11.81	--	5	5905	买盘
09:35:45	11.81	--	20	23620	买盘
09:35:42	11.81	0.01	31	36611	买盘
09:35:39	11.8	-0.01	76	89680	卖盘
09:35:36	11.81	-0.02	22	25982	卖盘
09:35:33	11.83	--	208	246064	买盘
09:35:27	11.83	0.03	86	101738	买盘
09:35:21	11.8	-0.04	25	29500	卖盘
09:35:18	11.84	0.03	128	151552	买盘
09:35:15	11.81	-0.01	10	11810	中性盘
09:35:06	11.82	0.02	20	23640	买盘
09:35:03	11.8	-0.02	20	23600	卖盘
09:35:00	11.82	0.02	25	29550	买盘
09:34:57	11.8	--	34	40120	买盘
09:34:54	11.8	0.01	14	16520	买盘
09:34:51	11.79	-0.01	13	15326	卖盘
09:34:48	11.8	--	109	128620	买盘
09:34:45	11.8	--	10	11800	买盘
09:34:42	11.8	--	15	17700	买盘
09:34:39	11.8	0.01	11	12980	买盘
09:34:36	11.79	--	30	35370	卖盘
09:34:33	11.79	--	18	21222	卖盘
09:34:30	11.79	-0.01	30	35370	卖盘
09:34:27	11.8	0.01	24	28320	买盘
09:34:18	11.79	0.01	2	2358	卖盘
09:34:15	11.78	-0.02	13	15314	买盘
09:34:12	11.8	0.02	201	237180	买盘
09:34:09	11.78	--	2	2356	卖盘
09:34:06	11.78	0.02	36	42408	买盘
09:34:00	11.76	--	20	23520	卖盘
09:33:57	11.76	-0.02	50	58800	卖盘
09:33:54	11.78	--	54	63612	买盘
09:33:51	11.78	--	20	23560	买盘
09:33:45	11.78	0.02	60	70680	买盘
09:33:42	11.76	0.01	35	41160	买盘
09:33:39	11.75	-0.01	5	5875	中性盘
09:33:33	11.76	-0.03	30	35280	买盘
09:33:24	11.79	0.04	31	36549	买盘
09:33:15	11.75	--	6	7050	买盘
09:33:12	11.75	-0.04	5	5875	中性盘
09:33:09	11.79	0.03	303	357237	买盘
09:33:06	11.76	--	3	3528	买盘
09:33:03	11.76	--	10	11760	买盘
09:33:00	11.76	0.01	6	7056	买盘
09:32:54	11.75	0.01	75	88125	买盘
09:32:51	11.74	-0.01	3	3522	卖盘
09:32:45	11.75	0.01	20	23500	买盘
09:32:42	11.74	-0.01	8	9392	中性盘
09:32:33	11.75	0.01	61	71675	买盘
09:32:27	11.74	-0.01	19	22306	中性盘
09:32:24	11.75	0.03	20	23500	买盘
09:32:21	11.72	-0.03	63	73836	卖盘
09:32:18	11.75	0.01	20	23500	买盘
09:32:15	11.74	--	25	29350	买盘
09:32:12	11.74	-0.01	7	8218	卖盘
09:32:09	11.75	0.01	68	79900	买盘
09:32:06	11.74	--	25	29350	买盘
09:31:57	11.74	--	120	140880	买盘
09:31:48	11.74	--	18	21132	买盘
09:31:39	11.74	--	45	52830	卖盘
09:31:36	11.74	--	20	23480	中性盘
09:31:27	11.74	--	20	23480	买盘
09:31:18	11.74	-0.01	63	73962	卖盘
09:31:12	11.75	0.01	1	1175	买盘
09:31:09	11.74	0.01	60	70440	买盘
09:31:03	11.73	--	22	25806	卖盘
09:30:54	11.73	--	8	9384	卖盘
09:30:45	11.73	0.01	24	29055	买盘
09:30:42	11.72	--	70	82040	买盘
09:30:39	11.72	0.02	18	21096	买盘
09:30:36	11.7	--	20	23400	卖盘
09:30:27	11.7	-0.02	150	175500	卖盘
09:30:24	11.72	0.02	240	281280	买盘
09:30:21	11.7	--	21	24570	卖盘
09:30:18	11.7	--	17	19890	卖盘
09:30:15	11.7	--	17	19890	卖盘
09:30:09	11.7	0.02	11	12870	卖盘
09:30:06	11.68	-0.01	35	40880	买盘
09:30:03	11.69	-0.01	257	300433	中性盘
09:30:00	11.7	--	0	0	买盘
09:25:03	11.7	11.7	157	183690	买盘
