成交时间	成交价	价格变动	成交量(手)	成交额(元)	性质
15:00:03	11.17	-0.01	995	1111415	卖盘
14:57:00	11.18	--	0	0	卖盘
14:56:57	11.18	--	5	5590	卖盘
14:56:54	11.18	--	2	2236	卖盘
14:56:51	11.18	0.01	291	325338	买盘
14:56:45	11.17	--	6	6702	卖盘
14:56:42	11.17	--	28	31276	卖盘
14:56:39	11.17	-0.01	14	15638	卖盘
14:56:36	11.18	--	13	14534	买盘
14:56:33	11.18	0.01	10	11180	买盘
14:56:30	11.17	--	60	67020	卖盘
14:56:27	11.17	-0.01	1	1117	卖盘
14:56:24	11.18	0.01	29	32422	买盘
14:56:15	11.17	--	10	11170	卖盘
14:56:12	11.17	0.01	121	135157	买盘
14:56:09	11.16	-0.01	15	16740	卖盘
14:56:06	11.17	0.01	29	32393	买盘
14:55:48	11.16	--	2	2232	卖盘
14:55:45	11.16	--	1	1116	卖盘
14:55:39	11.16	-0.01	71	79236	中性盘
14:55:33	11.17	0.02	188	209996	买盘
14:55:30	11.15	-0.01	198	220770	卖盘
14:55:21	11.16	0.01	140	156240	买盘
14:55:15	11.15	-0.01	43	47945	卖盘
14:55:09	11.16	--	5	5580	买盘
14:55:06	11.16	0.01	2	2232	买盘
14:55:03	11.15	-0.01	47	52405	卖盘
14:55:00	11.16	0.01	40	44640	买盘
14:54:57	11.15	-0.01	3	3345	卖盘
14:54:54	11.16	--	20	22320	买盘
14:54:48	11.16	--	30	33480	买盘
14:54:42	11.16	--	68	75888	买盘
14:54:39	11.16	--	27	30132	买盘
14:54:36	11.16	--	40	44640	买盘
14:54:33	11.16	0.01	10	11160	买盘
14:54:30	11.15	-0.01	10	11150	卖盘
14:54:24	11.16	--	3	3348	买盘
14:54:21	11.16	0.01	84	93744	买盘
14:54:18	11.15	--	28	31220	卖盘
14:54:09	11.15	-0.01	80	89200	卖盘
14:54:06	11.16	0.01	155	173560	买盘
14:54:03	11.15	-0.01	1	1115	卖盘
14:54:00	11.16	--	268	299088	买盘
14:53:57	11.16	--	20	22320	买盘
14:53:54	11.16	--	36	40176	买盘
14:53:51	11.16	0.01	10	11160	买盘
14:53:48	11.15	--	76	84740	卖盘
14:53:45	11.15	--	5	5575	卖盘
14:53:42	11.15	-0.01	10	11150	卖盘
14:53:39	11.16	0.01	52	58032	买盘
14:53:33	11.15	-0.01	1	1115	卖盘
14:53:30	11.16	--	20	22320	买盘
14:53:27	11.16	--	10	11160	买盘
14:53:21	11.16	--	3	3348	买盘
14:53:18	11.16	--	6	6696	买盘
14:53:15	11.16	--	399	445284	卖盘
14:53:06	11.16	--	5	5580	卖盘
14:52:57	11.16	-0.01	30	33480	卖盘
14:52:51	11.17	--	5	5585	买盘
14:52:42	11.17	--	17	18989	买盘
14:52:36	11.17	0.01	10	11170	买盘
14:52:33	11.16	-0.01	22	24552	卖盘
14:52:21	11.17	--	3	3351	买盘
14:52:18	11.17	-0.01	1	1117	卖盘
14:52:15	11.18	0.01	30	33540	买盘
14:52:12	11.17	--	17	18989	卖盘
14:52:09	11.17	--	42	46914	卖盘
14:52:06	11.17	--	4	4468	卖盘
14:52:00	11.17	--	42	46914	卖盘
14:51:54	11.17	--	36	40212	卖盘
14:51:51	11.17	--	12	13404	卖盘
14:51:48	11.17	--	2	2234	卖盘
14:51:45	11.17	--	14	15638	卖盘
14:51:42	11.17	--	30	33510	卖盘
14:51:39	11.17	--	20	22340	卖盘
14:51:36	11.17	--	400	446800	卖盘
14:51:27	11.17	--	20	22340	卖盘
14:51:18	11.17	--	20	22340	卖盘
14:51:15	11.17	--	10	11170	卖盘
14:51:12	11.17	-0.01	169	188773	卖盘
14:51:09	11.18	0.01	7	7826	买盘
14:51:06	11.17	--	10	11170	卖盘
14:51:03	11.17	--	5	5585	卖盘
14:50:57	11.17	--	1	1117	卖盘
14:50:54	11.17	--	7	7819	卖盘
14:50:51	11.17	--	13	14521	卖盘
14:50:48	11.17	-0.01	9	10053	卖盘
14:50:36	11.18	--	16	17888	买盘
14:50:33	11.18	0.01	17	19006	买盘
14:50:30	11.17	-0.01	11	12287	卖盘
14:50:27	11.18	--	20	22360	买盘
14:50:24	11.18	--	2	2236	买盘
14:50:21	11.18	--	66	73788	买盘
14:50:18	11.18	-0.01	122	136396	卖盘
14:50:12	11.19	0.01	15	16785	买盘
14:49:54	11.18	-0.01	68	76024	卖盘
14:49:42	11.19	--	9	10071	买盘
14:49:39	11.19	-0.01	13	14547	卖盘
14:49:36	11.2	--	17	19040	买盘
14:49:33	11.2	0.01	19	21280	买盘
14:49:24	11.19	-0.01	10	11190	卖盘
14:49:12	11.2	0.01	15	16800	买盘
14:49:00	11.19	0.01	69	77211	买盘
14:48:54	11.18	-0.01	17	19006	卖盘
14:48:51	11.19	0.01	10	11190	买盘
14:48:48	11.18	--	23	25714	卖盘
14:48:42	11.18	--	11	12298	卖盘
14:48:30	11.18	--	10	11180	卖盘
14:48:21	11.18	--	20	22360	卖盘
14:48:12	11.18	-0.01	3	3354	卖盘
14:48:03	11.19	--	1	1119	买盘
14:47:57	11.19	0.01	62	69378	买盘
14:47:51	11.18	--	4	4472	卖盘
14:47:48	11.18	--	6	6708	卖盘
14:47:42	11.18	--	10	11180	卖盘
14:47:33	11.18	--	130	145340	买盘
14:47:30	11.18	0.01	48	53664	买盘
14:47:27	11.17	-0.01	4	4468	卖盘
14:47:24	11.18	--	16	17888	买盘
14:47:21	11.18	--	39	43602	买盘
14:47:15	11.18	--	33	36894	买盘
14:47:09	11.18	--	97	108446	买盘
14:47:03	11.18	--	5	5590	买盘
14:47:00	11.18	--	16	17888	买盘
14:46:57	11.18	--	61	68198	买盘
14:46:54	11.18	0.01	20	22360	买盘
14:46:51	11.17	-0.01	30	33510	卖盘
14:46:48	11.18	0.01	5	5590	买盘
14:46:45	11.17	-0.01	110	122870	卖盘
14:46:39	11.18	0.01	16	17888	买盘
14:46:36	11.17	-0.01	19	21223	卖盘
14:46:24	11.18	0.01	101	112918	买盘
14:46:21	11.17	--	26	29042	卖盘
14:46:06	11.17	-0.01	40	44680	卖盘
14:46:03	11.18	0.01	150	167700	买盘
14:45:57	11.17	-0.01	66	73722	卖盘
14:45:54	11.18	--	63	70434	买盘
14:45:48	11.18	0.01	1	1118	买盘
14:45:45	11.17	-0.01	4	4468	卖盘
14:45:39	11.18	0.01	16	17888	买盘
14:45:36	11.17	0.01	128	142976	买盘
14:45:33	11.16	--	55	61380	卖盘
14:45:30	11.16	-0.01	15	16740	卖盘
14:45:24	11.17	--	53	59201	买盘
14:45:21	11.17	0.01	26	29042	买盘
14:45:15	11.16	-0.01	30	33480	卖盘
14:45:06	11.17	--	55	61435	买盘
14:45:03	11.17	-0.01	34	37978	卖盘
14:45:00	11.18	0.01	18	20124	买盘
14:44:57	11.17	--	4	4468	卖盘
14:44:54	11.17	--	65	72605	卖盘
14:44:51	11.17	--	265	296005	卖盘
14:44:39	11.17	--	686	766262	卖盘
14:44:36	11.17	--	30	33510	卖盘
14:44:33	11.17	-0.01	40	44680	卖盘
14:44:27	11.18	--	128	143104	买盘
14:44:18	11.18	0.01	15	16770	买盘
14:44:15	11.17	-0.01	2	2234	卖盘
14:44:12	11.18	-0.01	341	381238	卖盘
14:44:09	11.19	0.01	6	6714	中性盘
14:44:00	11.18	-0.02	21	23478	卖盘
14:43:57	11.2	0.01	117	131039	买盘
14:43:51	11.19	--	10	11190	卖盘
14:43:48	11.19	--	10	11190	卖盘
14:43:45	11.19	--	64	71616	买盘
14:43:39	11.19	0.01	5	5595	买盘
14:43:33	11.18	--	13	14534	卖盘
14:43:27	11.18	--	42	46956	买盘
14:43:24	11.18	--	16	17888	买盘
14:43:18	11.18	-0.01	306	342108	卖盘
14:43:15	11.19	--	9	10071	买盘
14:43:03	11.19	--	100	111900	买盘
14:43:00	11.19	--	29	32451	卖盘
14:42:57	11.19	-0.01	3	3357	卖盘
14:42:54	11.2	0.01	62	69440	买盘
14:42:42	11.19	-0.01	250	279750	卖盘
14:42:39	11.2	--	20	22400	买盘
14:42:36	11.2	0.01	19	21280	买盘
14:42:33	11.19	--	3	3357	卖盘
14:42:30	11.19	--	5	5595	卖盘
14:42:27	11.19	--	44	49236	卖盘
14:42:24	11.19	-0.01	2	2238	卖盘
14:42:21	11.2	0.01	16	17920	买盘
14:42:18	11.19	-0.01	6	6714	卖盘
14:42:15	11.2	0.01	73	81760	买盘
14:42:09	11.19	-0.01	19	21261	卖盘
14:42:03	11.2	--	12	13440	买盘
14:42:00	11.2	--	55	61599	买盘
14:41:57	11.2	--	78	87360	卖盘
14:41:54	11.2	--	13	14559	买盘
14:41:51	11.2	0.01	2	2240	买盘
14:41:45	11.19	-0.01	10	11190	卖盘
14:41:42	11.2	--	20	22400	买盘
14:41:39	11.2	--	16	17920	买盘
14:41:24	11.2	--	130	145600	买盘
14:41:21	11.2	--	3	3360	买盘
14:41:18	11.2	--	148	165760	卖盘
14:41:12	11.2	--	38	42560	卖盘
14:40:57	11.2	-0.01	2	2240	买盘
14:40:48	11.21	0.01	446	499966	买盘
14:40:42	11.2	-0.01	26	29119	卖盘
14:40:36	11.21	0.01	16	17936	买盘
14:40:24	11.2	-0.01	20	22400	卖盘
14:40:18	11.21	0.01	86	96406	买盘
14:40:15	11.2	-0.01	10	11200	卖盘
14:40:12	11.21	0.01	3	3363	买盘
14:40:06	11.2	-0.01	51	57120	卖盘
14:40:00	11.21	--	16	17936	买盘
14:39:54	11.21	--	61	68381	买盘
14:39:45	11.21	--	7	7847	买盘
14:39:42	11.21	0.01	16	17936	买盘
14:39:33	11.2	--	8	8960	卖盘
14:39:30	11.2	--	4	4480	卖盘
14:39:21	11.2	--	3	3360	卖盘
14:39:18	11.2	-0.01	26	29119	卖盘
14:39:09	11.21	--	2	2242	买盘
14:39:06	11.21	--	15	16815	买盘
14:39:03	11.21	--	22	24662	卖盘
14:38:57	11.21	--	20	22420	卖盘
14:38:54	11.21	-0.01	32	35872	中性盘
14:38:39	11.22	0.02	16	17952	买盘
14:38:33	11.2	--	50	56000	卖盘
14:38:27	11.2	--	122	136640	卖盘
14:38:24	11.2	--	9	10080	卖盘
14:38:18	11.2	-0.01	19	21280	卖盘
14:38:09	11.21	0.01	7	7847	买盘
14:38:06	11.2	--	10	11200	卖盘
14:38:03	11.2	-0.01	116	129919	卖盘
14:37:51	11.21	0.01	3	3363	买盘
14:37:45	11.2	-0.01	15	16800	卖盘
14:37:42	11.21	--	2	2242	买盘
14:37:39	11.21	--	16	17936	买盘
14:37:21	11.21	--	16	17936	买盘
14:37:15	11.21	-0.01	128	143488	卖盘
14:37:12	11.22	--	3	3366	买盘
14:37:06	11.22	--	30	33660	买盘
14:37:03	11.22	--	16	17952	买盘
14:36:54	11.22	--	10	11220	买盘
14:36:45	11.22	--	26	29172	买盘
14:36:39	11.22	--	50	56100	买盘
14:36:27	11.22	-0.01	6	6732	卖盘
14:36:21	11.23	--	16	17968	买盘
14:36:09	11.23	--	38	42674	买盘
14:36:06	11.23	0.01	110	123530	买盘
14:36:00	11.22	--	3	3366	买盘
14:35:48	11.22	-0.01	7	7854	卖盘
14:35:45	11.23	0.01	10	11230	买盘
14:35:42	11.22	-0.01	26	29172	卖盘
14:35:24	11.23	--	2	2246	买盘
14:35:21	11.23	--	17	19091	买盘
14:35:18	11.23	--	40	44920	买盘
14:35:15	11.23	--	5	5615	买盘
14:35:09	11.23	0.01	44	49412	买盘
14:35:06	11.22	-0.01	100	112200	卖盘
14:34:57	11.23	--	16	17968	买盘
14:34:51	11.23	--	10	11230	买盘
14:34:42	11.23	--	16	17968	买盘
14:34:21	11.23	--	16	17968	买盘
14:34:15	11.23	--	90	101070	买盘
14:34:06	11.23	--	11	12353	买盘
14:34:00	11.23	0.01	36	40428	买盘
14:33:57	11.22	--	223	250206	卖盘
14:33:54	11.22	--	110	123420	买盘
14:33:45	11.22	0.01	20	22440	买盘
14:33:42	11.21	-0.01	1	1121	卖盘
14:33:39	11.22	--	30	33660	买盘
14:33:36	11.22	0.01	16	17952	买盘
14:33:33	11.21	--	10	11210	卖盘
14:33:30	11.21	--	53	59413	卖盘
14:33:21	11.21	--	8	8968	卖盘
14:33:18	11.21	--	376	421496	买盘
14:33:00	11.21	--	16	17936	买盘
14:32:48	11.21	--	31	34751	买盘
14:32:39	11.21	--	73	81833	买盘
14:32:36	11.21	0.01	13	14573	买盘
14:32:33	11.2	--	10	11200	卖盘
14:32:30	11.2	-0.01	10	11200	买盘
14:32:24	11.21	0.01	16	17936	买盘
14:32:15	11.2	0.01	97	108640	买盘
14:32:12	11.19	--	87	97353	卖盘
14:32:00	11.19	-0.02	58	64902	卖盘
14:31:57	11.21	0.02	15	16815	买盘
14:31:48	11.19	-0.01	10	11190	卖盘
14:31:42	11.2	-0.01	4	4480	中性盘
14:31:36	11.21	0.01	26	29146	买盘
14:31:33	11.2	--	21	23520	卖盘
14:31:30	11.2	--	30	33600	卖盘
14:31:24	11.2	--	86	96320	买盘
14:31:18	11.2	--	5	5600	买盘
14:31:09	11.2	--	110	123199	买盘
14:31:06	11.2	-0.01	99	110880	卖盘
14:31:03	11.21	--	35	39235	买盘
14:31:00	11.21	--	14	15694	卖盘
14:30:57	11.21	--	2	2242	买盘
14:30:51	11.21	--	7	7847	卖盘
14:30:39	11.21	--	10	11210	买盘
14:30:36	11.21	--	34	38114	买盘
14:30:30	11.21	0.01	22	24662	买盘
14:30:27	11.2	--	3	3360	卖盘
14:30:18	11.2	-0.01	10	11200	卖盘
14:30:15	11.21	--	1	1121	买盘
14:30:12	11.21	0.01	31	34751	买盘
14:30:03	11.2	--	49	54880	买盘
14:30:00	11.2	--	50	56000	买盘
14:29:51	11.2	0.01	4	4480	买盘
14:29:48	11.19	--	1	1119	卖盘
14:29:39	11.19	--	2	2238	买盘
14:29:21	11.19	-0.01	208	232752	卖盘
14:29:18	11.2	0.01	7	7839	买盘
14:29:12	11.19	--	5	5595	买盘
14:29:09	11.19	--	47	52593	买盘
14:29:06	11.19	-0.01	12	13428	买盘
14:29:03	11.2	0.01	62	69440	买盘
14:28:57	11.19	--	13	14547	买盘
14:28:51	11.19	--	59	66021	卖盘
14:28:48	11.19	--	20	22380	卖盘
14:28:30	11.19	--	5	5595	卖盘
14:28:18	11.19	-0.01	6	6714	卖盘
14:28:12	11.2	--	30	33600	买盘
14:28:09	11.2	--	9	10080	卖盘
14:28:06	11.2	--	15	16800	卖盘
14:28:03	11.2	--	37	41440	买盘
14:27:57	11.2	--	100	112000	买盘
14:27:54	11.2	--	5	5600	买盘
14:27:39	11.2	--	160	179200	卖盘
14:27:36	11.2	-0.01	10	11200	卖盘
14:27:24	11.21	0.01	10	11210	买盘
14:27:15	11.2	--	15	16800	卖盘
14:27:12	11.2	--	7	7839	卖盘
14:27:09	11.2	--	10	11200	卖盘
14:27:06	11.2	-0.01	4	4480	卖盘
14:27:03	11.21	--	62	69502	买盘
14:26:48	11.21	--	3	3363	买盘
14:26:36	11.21	--	20	22420	买盘
14:26:33	11.21	-0.01	11	12331	卖盘
14:26:30	11.22	--	116	130152	买盘
14:26:09	11.22	--	8	8976	买盘
14:26:03	11.22	--	62	69564	买盘
14:26:00	11.22	--	7	7854	买盘
14:25:54	11.22	--	45	50490	卖盘
14:25:48	11.22	--	100	112200	卖盘
14:25:39	11.22	--	23	25806	卖盘
14:25:36	11.22	--	69	77418	买盘
14:25:33	11.22	--	33	37026	买盘
14:25:24	11.22	--	34	38148	买盘
14:25:18	11.22	--	43	48246	买盘
14:25:12	11.22	--	37	41514	买盘
14:25:09	11.22	--	8	8976	卖盘
14:25:06	11.22	--	14	15708	卖盘
14:25:03	11.22	0.01	104	116688	买盘
14:24:51	11.21	--	6	6726	卖盘
14:24:48	11.21	--	45	50445	卖盘
14:24:39	11.21	--	5	5605	卖盘
14:24:36	11.21	--	11	12331	卖盘
14:24:33	11.21	0.01	11	12331	买盘
14:24:30	11.2	0.01	472	528640	买盘
14:24:24	11.19	-0.01	5	5595	中性盘
14:24:18	11.2	0.01	200	224000	买盘
14:24:12	11.19	0.01	2	2238	买盘
14:24:09	11.18	-0.02	20	22360	卖盘
14:24:06	11.2	--	200	224000	买盘
14:24:03	11.2	--	62	69440	买盘
14:23:45	11.2	--	3	3360	买盘
14:23:30	11.2	0.01	7	7839	买盘
14:23:27	11.19	--	1	1119	卖盘
14:23:24	11.19	--	50	55950	卖盘
14:23:21	11.19	--	1	1119	卖盘
14:23:09	11.19	0.01	8	8952	买盘
14:23:06	11.18	0.01	55	61490	买盘
14:23:03	11.17	-0.01	252	281484	卖盘
14:23:00	11.18	-0.01	10	11180	卖盘
14:22:57	11.19	--	104	116376	买盘
14:22:51	11.19	0.01	50	55950	买盘
14:22:48	11.18	-0.01	5	5590	卖盘
14:22:33	11.19	0.01	5	5595	买盘
14:22:30	11.18	--	12	13416	卖盘
14:22:03	11.18	--	8	8944	买盘
14:21:57	11.18	--	10	11180	买盘
14:21:51	11.18	-0.01	42	46956	卖盘
14:21:48	11.19	0.01	20	22380	买盘
14:21:39	11.18	-0.01	2	2236	卖盘
14:21:36	11.19	0.01	10	11190	买盘
14:21:33	11.18	--	37	41366	卖盘
14:21:30	11.18	--	16	17888	卖盘
14:21:27	11.18	-0.01	2	2236	卖盘
14:21:21	11.19	0.01	55	61545	买盘
14:21:18	11.18	-0.01	10	11180	卖盘
14:21:15	11.19	0.01	14	15666	买盘
14:21:12	11.18	--	11	12298	卖盘
14:21:09	11.18	--	2	2236	卖盘
14:21:06	11.18	-0.01	10	11180	卖盘
14:21:03	11.19	0.01	61	68259	买盘
14:20:54	11.18	-0.01	10	11180	卖盘
14:20:45	11.19	0.01	4	4476	买盘
14:20:24	11.18	-0.01	224	250432	卖盘
14:20:03	11.19	--	112	125328	卖盘
14:20:00	11.19	-0.01	5	5595	卖盘
14:19:57	11.2	0.01	10	11200	买盘
14:19:48	11.19	-0.01	105	117495	卖盘
14:19:42	11.2	0.01	7	7839	买盘
14:19:27	11.19	--	10	11190	卖盘
14:19:15	11.19	-0.01	20	22380	卖盘
14:19:09	11.2	0.01	2	2240	买盘
14:18:57	11.19	--	12	13428	卖盘
14:18:54	11.19	--	2	2238	卖盘
14:18:48	11.19	0.01	50	55950	买盘
14:18:42	11.18	--	5	5590	卖盘
14:18:30	11.18	--	40	44720	买盘
14:18:27	11.18	--	50	55900	买盘
14:18:21	11.18	0.01	50	55900	买盘
14:18:18	11.17	--	30	33510	卖盘
14:18:09	11.17	--	8	8936	买盘
14:18:03	11.17	--	72	80424	买盘
14:17:57	11.17	--	200	223400	买盘
14:17:54	11.17	0.01	103	115051	买盘
14:17:48	11.16	-0.01	102	113832	卖盘
14:17:45	11.17	--	6	6702	中性盘
14:17:30	11.17	--	6	6702	卖盘
14:17:24	11.17	--	73	81541	卖盘
14:17:21	11.17	-0.01	20	22340	卖盘
14:17:18	11.18	--	8	8944	买盘
14:17:06	11.18	--	4	4472	卖盘
14:17:03	11.18	--	3	3354	卖盘
14:17:00	11.18	--	13	14534	卖盘
14:16:57	11.18	--	90	100620	卖盘
14:16:54	11.18	--	6	6708	卖盘
14:16:51	11.18	-0.02	21	23478	卖盘
14:16:48	11.2	-0.03	1153	1291360	卖盘
14:16:45	11.23	--	67	75241	卖盘
14:16:15	11.23	-0.02	6	6738	卖盘
14:16:12	11.25	0.02	224	252000	买盘
14:15:57	11.23	--	2	2246	买盘
14:15:48	11.23	--	1	1123	买盘
14:15:18	11.23	--	20	22460	买盘
14:15:12	11.23	--	14	15722	卖盘
14:15:09	11.23	-0.01	24	26952	卖盘
14:15:00	11.24	--	55	61820	买盘
14:14:57	11.24	0.01	62	69688	买盘
14:14:54	11.23	-0.01	80	89840	卖盘
14:14:51	11.24	--	3	3372	买盘
14:14:48	11.24	--	2	2248	买盘
14:14:42	11.24	--	123	138252	卖盘
14:14:36	11.24	--	107	120268	买盘
14:14:15	11.24	--	6	6744	中性盘
14:14:09	11.24	--	10	11240	卖盘
14:14:03	11.24	--	7	7868	卖盘
14:14:00	11.24	--	43	48332	买盘
14:13:57	11.24	0.01	62	69688	买盘
14:13:54	11.23	--	3	3369	卖盘
14:13:39	11.23	-0.01	20	22460	卖盘
14:13:33	11.24	0.01	2	2248	买盘
14:13:30	11.23	-0.01	50	56150	卖盘
14:13:27	11.24	--	29	32596	买盘
14:13:21	11.24	0.01	4	4496	买盘
14:13:18	11.23	--	15	16845	卖盘
14:13:12	11.23	--	3	3369	卖盘
14:13:00	11.23	-0.01	50	56150	卖盘
14:12:57	11.24	0.01	15	16860	中性盘
14:12:45	11.23	--	52	58396	卖盘
14:12:39	11.23	-0.01	14	15722	卖盘
14:12:30	11.24	--	23	25852	卖盘
14:12:12	11.24	--	9	10116	卖盘
14:12:03	11.24	--	8	8992	卖盘
14:11:54	11.24	--	42	47208	买盘
14:11:48	11.24	--	23	25852	买盘
14:11:45	11.24	-0.01	4	4496	卖盘
14:11:42	11.25	--	10	11250	买盘
14:11:30	11.25	--	20	22500	买盘
14:10:57	11.25	--	62	69750	买盘
14:10:48	11.25	0.02	15	16875	买盘
14:10:39	11.23	-0.01	10	11230	卖盘
14:10:27	11.24	0.01	54	60696	买盘
14:10:24	11.23	--	60	67380	卖盘
14:10:21	11.23	-0.01	40	44920	卖盘
14:10:06	11.24	--	1	1124	买盘
14:09:57	11.24	--	62	69688	买盘
14:09:54	11.24	--	30	33720	买盘
14:09:27	11.24	--	4	4496	卖盘
14:09:15	11.24	--	16	17984	卖盘
14:09:09	11.24	--	5	5620	卖盘
14:09:03	11.24	--	5	5620	卖盘
14:08:54	11.24	--	34	38216	买盘
14:08:30	11.24	--	68	76432	卖盘
14:08:09	11.24	--	10	11240	卖盘
14:08:06	11.24	-0.01	21	23604	卖盘
14:08:00	11.25	--	5	5625	买盘
14:07:57	11.25	--	10	11250	买盘
14:07:54	11.25	0.01	82	92250	买盘
14:07:51	11.24	-0.01	30	33720	卖盘
14:07:45	11.25	0.01	10	11250	买盘
14:07:36	11.24	0.01	8	8992	中性盘
14:07:21	11.23	-0.01	51	57273	卖盘
14:07:12	11.24	--	88	98912	买盘
14:06:42	11.24	0.01	72	80928	买盘
14:06:30	11.23	--	3	3369	卖盘
14:06:21	11.23	--	3	3369	卖盘
14:06:06	11.23	--	1	1123	卖盘
14:05:57	11.23	-0.01	2	2246	卖盘
14:05:42	11.24	-0.01	246	276504	卖盘
14:05:27	11.25	--	10	11250	买盘
14:05:21	11.25	--	47	52875	买盘
14:05:15	11.25	0.01	13	14625	买盘
14:05:09	11.24	--	8	8992	买盘
14:05:06	11.24	-0.01	2	2248	卖盘
14:05:00	11.25	0.01	15	16875	买盘
14:04:42	11.24	0.01	60	67440	买盘
14:04:33	11.23	--	2	2246	买盘
14:04:21	11.23	--	3	3369	买盘
14:04:15	11.23	--	5	5615	买盘
14:04:12	11.23	--	10	11230	卖盘
14:03:51	11.23	--	16	17968	卖盘
14:03:45	11.23	-0.01	1	1123	卖盘
14:03:39	11.24	0.01	62	69688	买盘
14:03:36	11.23	-0.01	5	5615	卖盘
14:03:33	11.24	0.01	124	139376	买盘
14:03:27	11.23	-0.01	300	336900	卖盘
14:03:18	11.24	--	3	3372	买盘
14:03:15	11.24	--	23	25852	买盘
14:03:12	11.24	0.01	18	20232	买盘
14:03:09	11.23	-0.01	1	1123	卖盘
14:02:45	11.24	--	18	20232	买盘
14:02:42	11.24	--	47	52828	买盘
14:02:39	11.24	0.01	61	68564	买盘
14:02:27	11.23	--	5	5615	卖盘
14:02:21	11.23	--	5	5615	卖盘
14:02:12	11.23	--	76	85348	卖盘
14:02:06	11.23	-0.01	50	56150	卖盘
14:01:54	11.24	--	70	78680	买盘
14:01:42	11.24	0.01	62	69688	买盘
14:01:36	11.23	--	5	5615	卖盘
14:01:33	11.23	--	10	11230	卖盘
14:01:30	11.23	--	63	70749	卖盘
14:01:27	11.23	--	49	55027	卖盘
14:01:15	11.23	--	14	15722	卖盘
14:01:06	11.23	-0.01	29	32567	卖盘
14:00:39	11.24	0.01	62	69688	买盘
14:00:30	11.23	--	2	2246	卖盘
14:00:18	11.23	--	5	5615	卖盘
14:00:15	11.23	--	7	7861	买盘
14:00:12	11.23	--	43	48289	卖盘
14:00:09	11.23	--	20	22460	卖盘
14:00:06	11.23	--	10	11230	卖盘
13:59:42	11.23	--	9	10107	买盘
13:59:30	11.23	--	199	223477	卖盘
13:59:24	11.23	--	30	33690	卖盘
13:59:21	11.23	--	1	1123	卖盘
13:59:18	11.23	--	29	32567	卖盘
13:59:00	11.23	--	15	16845	卖盘
13:58:57	11.23	-0.01	10	11230	卖盘
13:58:39	11.24	0.01	61	68564	买盘
13:58:27	11.23	--	10	11230	卖盘
13:58:24	11.23	--	10	11230	卖盘
13:58:18	11.23	--	10	11230	卖盘
13:57:48	11.23	-0.01	5	5615	卖盘
13:57:39	11.24	0.01	62	69688	买盘
13:57:36	11.23	--	15	16845	卖盘
13:57:24	11.23	--	10	11230	卖盘
13:57:09	11.23	--	9	10107	卖盘
13:57:03	11.23	0.01	12	13476	买盘
13:56:51	11.22	--	60	67320	卖盘
13:56:42	11.22	-0.01	5	5610	卖盘
13:56:30	11.23	0.01	20	22460	买盘
13:56:09	11.22	-0.01	108	121176	卖盘
13:56:06	11.23	--	9	10107	买盘
13:56:00	11.23	0.01	1	1123	中性盘
13:55:51	11.22	-0.01	14	15708	卖盘
13:55:33	11.23	--	93	104439	卖盘
13:55:15	11.23	--	10	11230	卖盘
13:55:12	11.23	--	7	7861	卖盘
13:55:06	11.23	--	1	1123	卖盘
13:55:00	11.23	--	46	51658	卖盘
13:54:54	11.23	--	3	3369	卖盘
13:54:39	11.23	-0.01	7	7861	卖盘
13:54:27	11.24	--	5	5620	买盘
13:54:12	11.24	--	2	2248	买盘
13:54:09	11.24	0.01	57	64068	买盘
13:54:06	11.23	--	20	22460	卖盘
13:54:03	11.23	--	8	8984	卖盘
13:53:57	11.23	--	1	1123	卖盘
13:53:48	11.23	-0.01	13	14599	卖盘
13:53:36	11.24	0.01	2	2248	买盘
13:53:21	11.23	-0.01	28	31444	卖盘
13:53:12	11.24	--	25	28100	买盘
13:53:03	11.24	--	2	2248	买盘
13:52:51	11.24	--	5	5620	买盘
13:52:33	11.24	--	24	26976	卖盘
13:52:30	11.24	0.01	38	42712	买盘
13:52:24	11.23	-0.01	11	12353	卖盘
13:52:15	11.24	--	8	8992	买盘
13:52:12	11.24	--	35	39340	卖盘
13:52:09	11.24	--	11	12364	卖盘
13:52:06	11.24	--	16	17984	卖盘
13:52:03	11.24	0.01	39	43836	买盘
13:52:00	11.23	-0.01	108	121284	卖盘
13:51:48	11.24	--	5	5620	买盘
13:51:45	11.24	-0.01	64	71936	卖盘
13:51:39	11.25	0.01	58	65250	买盘
13:51:36	11.24	-0.01	10	11240	卖盘
13:51:33	11.25	--	2	2250	买盘
13:51:30	11.25	--	61	68625	买盘
13:51:27	11.25	0.01	60	67500	买盘
13:51:18	11.24	--	5	5620	卖盘
13:51:15	11.24	--	2	2248	卖盘
13:51:09	11.24	-0.01	5	5620	卖盘
13:50:45	11.25	--	15	16875	卖盘
13:50:36	11.25	--	10	11250	卖盘
13:50:33	11.25	--	31	34875	卖盘
13:50:30	11.25	0.01	6	6750	买盘
13:50:21	11.24	-0.01	5	5620	卖盘
13:50:18	11.25	--	7	7875	买盘
13:50:03	11.25	--	12	13500	卖盘
13:50:00	11.25	--	1	1125	卖盘
13:49:57	11.25	0.01	2	2250	中性盘
13:49:54	11.24	-0.01	9	10116	卖盘
13:49:51	11.25	--	12	13500	卖盘
13:49:42	11.25	--	2	2250	卖盘
13:49:36	11.25	--	12	13500	卖盘
13:49:30	11.25	--	42	47250	买盘
13:49:24	11.25	--	1	1125	买盘
13:49:03	11.25	--	10	11250	卖盘
13:49:00	11.25	--	100	112500	卖盘
13:48:51	11.25	--	10	11250	卖盘
13:48:48	11.25	--	10	11250	卖盘
13:48:36	11.25	--	20	22500	卖盘
13:48:30	11.25	--	20	22500	买盘
13:48:21	11.25	--	40	45000	卖盘
13:48:12	11.25	-0.01	4	4500	卖盘
13:48:09	11.26	--	1	1126	买盘
13:48:06	11.26	0.01	5	5630	买盘
13:48:00	11.25	--	140	157500	卖盘
13:47:48	11.25	-0.01	10	11250	卖盘
13:47:45	11.26	--	1	1126	买盘
13:47:36	11.26	--	9	10134	买盘
13:47:33	11.26	--	22	24772	买盘
13:47:27	11.26	--	127	143002	卖盘
13:47:21	11.26	--	3	3378	卖盘
13:47:12	11.26	--	105	118230	卖盘
13:47:09	11.26	--	5	5630	卖盘
13:47:06	11.26	--	14	15764	卖盘
13:46:42	11.26	--	154	173404	买盘
13:46:39	11.26	-0.01	67	75442	卖盘
13:46:30	11.27	--	62	69874	买盘
13:46:03	11.27	--	10	11270	买盘
13:45:57	11.27	--	7	7889	买盘
13:45:48	11.27	0.02	150	169050	买盘
13:45:42	11.25	-0.01	68	76500	卖盘
13:45:30	11.26	--	62	69812	买盘
13:45:24	11.26	--	20	22520	买盘
13:45:12	11.26	--	100	112600	买盘
13:45:09	11.26	--	5	5630	买盘
13:45:03	11.26	--	10	11260	买盘
13:44:54	11.26	--	2	2252	买盘
13:44:42	11.26	--	1	1126	买盘
13:44:39	11.26	--	8	9008	买盘
13:44:27	11.26	0.01	61	68686	买盘
13:44:24	11.25	--	10	11250	卖盘
13:44:21	11.25	--	14	15750	卖盘
13:44:18	11.25	--	6	6750	中性盘
13:43:54	11.25	--	15	16875	卖盘
13:43:48	11.25	--	35	39375	买盘
13:43:42	11.25	0.01	19	21375	中性盘
13:43:33	11.24	-0.02	5	5620	卖盘
13:43:30	11.26	0.01	62	69812	买盘
13:43:24	11.25	--	5	5625	买盘
13:43:21	11.25	--	400	450000	卖盘
13:43:12	11.25	--	2	2250	卖盘
13:43:09	11.25	--	10	11250	卖盘
13:43:06	11.25	--	50	56250	卖盘
13:43:00	11.25	--	5	5625	卖盘
13:42:57	11.25	0.01	66	74250	买盘
13:42:54	11.24	-0.01	8	8992	卖盘
13:42:51	11.25	0.01	21	23625	买盘
13:42:39	11.24	-0.01	42	47208	卖盘
13:42:21	11.25	0.01	9	10125	买盘
13:42:12	11.24	-0.01	4	4496	卖盘
13:42:06	11.25	--	1	1125	买盘
13:42:03	11.25	--	5	5625	买盘
13:41:54	11.25	--	200	225000	买盘
13:41:51	11.25	0.01	1	1125	买盘
13:41:45	11.24	-0.01	2	2248	卖盘
13:41:39	11.25	0.01	8	9000	买盘
13:41:33	11.24	--	1	1124	卖盘
13:41:30	11.24	0.01	16	17984	买盘
13:41:24	11.23	-0.01	70	78610	卖盘
13:41:09	11.24	--	28	31472	买盘
13:41:03	11.24	0.01	10	11240	买盘
13:41:00	11.23	-0.01	40	44920	卖盘
13:40:51	11.24	--	5	5620	买盘
13:40:48	11.24	0.01	100	112400	买盘
13:40:45	11.23	-0.01	11	12353	卖盘
13:40:39	11.24	--	5	5620	买盘
13:40:36	11.24	0.01	10	11240	买盘
13:40:33	11.23	--	20	22460	卖盘
13:40:24	11.23	--	20	22460	卖盘
13:40:21	11.23	--	2	2246	卖盘
13:40:18	11.23	-0.01	3	3369	卖盘
13:40:15	11.24	0.01	61	68564	买盘
13:40:09	11.23	--	7	7861	卖盘
13:40:06	11.23	--	10	11230	卖盘
13:39:54	11.23	-0.01	10	11230	卖盘
13:39:27	11.24	--	18	20232	买盘
13:39:15	11.24	--	151	169724	卖盘
13:39:12	11.24	--	6	6744	卖盘
13:39:06	11.24	--	42	47208	卖盘
13:39:03	11.24	-0.01	38	42712	卖盘
13:38:54	11.25	0.01	10	11250	买盘
13:38:51	11.24	-0.01	60	67440	卖盘
13:38:42	11.25	--	30	33750	买盘
13:38:39	11.25	--	80	90000	买盘
13:38:33	11.25	--	10	11250	买盘
13:38:18	11.25	0.01	10	11250	买盘
13:38:03	11.24	-0.01	63	70812	卖盘
13:37:51	11.25	0.01	14	15750	买盘
13:37:48	11.24	-0.01	11	12364	卖盘
13:37:45	11.25	0.01	10	11250	买盘
13:37:42	11.24	-0.02	10	11240	卖盘
13:37:33	11.26	0.02	500	563000	买盘
13:37:27	11.24	-0.01	7	7868	卖盘
13:37:18	11.25	0.01	10	11250	买盘
13:37:15	11.24	-0.01	30	33720	卖盘
13:37:03	11.25	--	20	22500	买盘
13:37:00	11.25	--	50	56250	买盘
13:36:54	11.25	--	6	6750	买盘
13:36:51	11.25	--	10	11250	买盘
13:36:45	11.25	--	27	30375	卖盘
13:36:42	11.25	--	6	6750	卖盘
13:36:36	11.25	-0.01	60	67500	卖盘
13:36:33	11.26	0.01	6	6756	买盘
13:36:24	11.25	--	2	2250	卖盘
13:36:18	11.25	-0.01	20	22500	卖盘
13:36:12	11.26	--	62	69812	买盘
13:36:09	11.26	--	14	15764	买盘
13:36:06	11.26	0.01	10	11260	买盘
13:36:03	11.25	-0.01	153	172125	卖盘
13:35:57	11.26	0.01	6	6756	买盘
13:35:54	11.25	--	50	56250	卖盘
13:35:51	11.25	--	36	40500	卖盘
13:35:48	11.25	--	275	309375	卖盘
13:35:33	11.25	-0.01	18	20250	卖盘
13:35:27	11.26	0.01	155	174530	买盘
13:35:15	11.25	--	10	11250	卖盘
13:35:12	11.25	-0.01	10	11250	卖盘
13:35:09	11.26	0.01	61	68686	买盘
13:35:03	11.25	--	5	5625	卖盘
13:34:48	11.25	--	4	4500	卖盘
13:34:42	11.25	0.01	394	443250	买盘
13:34:39	11.24	--	10	11240	卖盘
13:34:24	11.24	--	15	16860	卖盘
13:34:21	11.24	--	13	14612	卖盘
13:34:12	11.24	0.01	46	51704	买盘
13:34:09	11.23	-0.01	290	325670	卖盘
13:34:06	11.24	--	2	2248	买盘
13:34:03	11.24	0.01	11	12364	买盘
13:33:54	11.23	-0.01	91	102193	卖盘
13:33:51	11.24	--	25	28100	买盘
13:33:27	11.24	--	13	14612	卖盘
13:33:24	11.24	--	10	11240	卖盘
13:33:09	11.24	--	39	43836	买盘
13:33:06	11.24	--	38	42712	卖盘
13:33:03	11.24	--	1	1124	卖盘
13:33:00	11.24	--	50	56200	卖盘
13:32:54	11.24	--	15	16860	卖盘
13:32:48	11.24	--	23	25852	卖盘
13:32:42	11.24	--	30	33720	卖盘
13:32:39	11.24	--	20	22480	卖盘
13:32:33	11.24	--	5	5620	卖盘
13:32:27	11.24	--	15	16860	卖盘
13:32:24	11.24	--	13	14612	卖盘
13:32:15	11.24	-0.01	44	49456	卖盘
13:32:12	11.25	0.01	61	68625	买盘
13:32:09	11.24	--	10	11240	卖盘
13:32:06	11.24	--	10	11240	卖盘
13:32:03	11.24	-0.01	1	1124	卖盘
13:32:00	11.25	--	55	61875	买盘
13:31:57	11.25	0.01	62	69750	买盘
13:31:51	11.24	-0.01	20	22480	卖盘
13:31:36	11.25	--	8	9000	买盘
13:31:33	11.25	--	5	5625	买盘
13:31:24	11.25	0.01	13	14625	买盘
13:31:21	11.24	-0.01	30	33720	卖盘
13:31:12	11.25	0.01	17	19125	买盘
13:31:09	11.24	--	5	5620	卖盘
13:31:06	11.24	--	15	16860	卖盘
13:30:54	11.24	--	1	1124	卖盘
13:30:36	11.24	--	10	11240	卖盘
13:30:33	11.24	--	6	6744	卖盘
13:30:18	11.24	-0.01	5	5620	卖盘
13:30:15	11.25	--	7	7875	买盘
13:30:12	11.25	--	7	7875	买盘
13:30:03	11.25	-0.01	100	112500	卖盘
13:29:57	11.26	0.02	62	69812	买盘
13:29:54	11.24	-0.01	20	22480	卖盘
13:29:48	11.25	0.01	110	123750	买盘
13:29:36	11.24	--	15	16860	卖盘
13:29:30	11.24	-0.01	20	22480	卖盘
13:29:27	11.25	--	55	61875	买盘
13:29:24	11.25	--	9	10125	买盘
13:29:09	11.25	--	2	2250	买盘
13:29:06	11.25	--	25	28125	买盘
13:28:57	11.25	--	62	69750	买盘
13:28:42	11.25	--	27	30375	卖盘
13:28:30	11.25	--	10	11250	卖盘
13:28:27	11.25	-0.01	30	33750	卖盘
13:28:21	11.26	--	11	12386	买盘
13:28:12	11.26	--	8	9008	买盘
13:28:09	11.26	--	4	4504	买盘
13:28:06	11.26	--	26	29276	买盘
13:27:57	11.26	0.01	61	68686	买盘
13:27:54	11.25	--	10	11250	卖盘
13:27:51	11.25	--	23	25875	卖盘
13:27:48	11.25	--	106	119250	买盘
13:27:42	11.25	--	5	5625	买盘
13:27:39	11.25	0.01	100	112500	买盘
13:27:33	11.24	-0.01	3	3372	卖盘
13:27:27	11.25	--	12	13500	买盘
13:27:24	11.25	--	2	2250	买盘
13:27:21	11.25	0.01	12	13500	买盘
13:27:18	11.24	--	16	17984	卖盘
13:26:57	11.24	--	112	125888	卖盘
13:26:54	11.24	--	85	95540	卖盘
13:26:45	11.24	--	23	25852	卖盘
13:26:30	11.24	--	10	11240	买盘
13:26:24	11.24	--	49	55076	卖盘
13:26:18	11.24	--	2	2248	卖盘
13:26:12	11.24	-0.01	2	2248	卖盘
13:26:09	11.25	--	96	108000	买盘
13:26:06	11.25	0.01	13	14625	买盘
13:26:03	11.24	-0.01	10	11240	卖盘
13:26:00	11.25	0.01	1	1125	买盘
13:25:57	11.24	--	22	24728	卖盘
13:25:45	11.24	--	5	5620	卖盘
13:25:42	11.24	--	5	5620	卖盘
13:25:33	11.24	--	1	1124	卖盘
13:25:24	11.24	0.01	25	28100	中性盘
13:24:51	11.23	--	3	3369	卖盘
13:24:48	11.23	-0.01	100	112300	卖盘
13:24:45	11.24	--	30	33720	卖盘
13:24:42	11.24	0.01	194	218056	买盘
13:24:36	11.23	--	30	33690	卖盘
13:24:33	11.23	--	51	57273	卖盘
13:24:27	11.23	--	92	103316	卖盘
13:24:24	11.23	--	5	5615	卖盘
13:24:12	11.23	--	25	28075	卖盘
13:24:09	11.23	-0.01	5	5615	卖盘
13:24:06	11.24	--	19	21356	买盘
13:23:51	11.24	--	171	192204	卖盘
13:23:48	11.24	--	20	22480	卖盘
13:23:24	11.24	-0.01	20	22480	卖盘
13:23:12	11.25	--	25	28125	卖盘
13:23:09	11.25	--	15	16875	卖盘
13:23:06	11.25	--	10	11250	卖盘
13:23:00	11.25	--	50	56250	卖盘
13:22:57	11.25	-0.01	65	73125	卖盘
13:22:42	11.26	--	70	78820	卖盘
13:22:39	11.26	--	50	56300	卖盘
13:22:36	11.26	--	10	11260	卖盘
13:22:33	11.26	--	10	11260	卖盘
13:22:30	11.26	--	24	27024	卖盘
13:22:27	11.26	--	5	5630	卖盘
13:22:21	11.26	-0.01	30	33780	卖盘
13:22:18	11.27	0.01	24	27048	买盘
13:22:09	11.26	-0.01	100	112600	卖盘
13:22:06	11.27	--	12	13524	买盘
13:21:48	11.27	--	4	4508	买盘
13:21:42	11.27	--	15	16905	买盘
13:21:39	11.27	0.01	7	7889	买盘
13:21:36	11.26	-0.01	20	22520	卖盘
13:21:27	11.27	--	80	90160	卖盘
13:21:24	11.27	--	25	28175	买盘
13:21:18	11.27	--	2	2254	卖盘
13:21:12	11.27	--	100	112700	卖盘
13:21:09	11.27	--	5	5635	卖盘
13:21:06	11.27	--	56	63112	卖盘
13:21:03	11.27	--	1	1127	卖盘
13:21:00	11.27	--	10	11270	卖盘
13:20:54	11.27	--	9	10143	卖盘
13:20:51	11.27	--	23	25921	卖盘
13:20:48	11.27	--	5	5635	卖盘
13:20:45	11.27	--	10	11270	卖盘
13:20:42	11.27	--	20	22540	卖盘
13:20:33	11.27	--	23	25921	卖盘
13:20:18	11.27	--	161	181447	买盘
13:20:15	11.27	--	52	58604	买盘
13:20:12	11.27	--	1	1127	买盘
13:20:00	11.27	0.01	5	5635	买盘
13:19:57	11.26	--	10	11260	卖盘
13:19:48	11.26	--	17	19142	买盘
13:19:42	11.26	0.01	20	22520	买盘
13:19:36	11.25	-0.01	11	12375	卖盘
13:19:30	11.26	--	23	25898	买盘
13:19:27	11.26	0.01	336	378336	买盘
13:19:24	11.25	-0.01	5	5625	卖盘
13:19:18	11.26	--	6	6756	买盘
13:19:15	11.26	0.01	17	19142	买盘
13:19:12	11.25	--	32	36000	卖盘
13:19:09	11.25	--	9	10125	卖盘
13:19:06	11.25	--	9	10125	卖盘
13:19:03	11.25	--	2	2250	卖盘
13:19:00	11.25	--	13	14625	卖盘
13:18:57	11.25	0.01	436	490500	买盘
13:18:54	11.24	--	6	6744	卖盘
13:18:42	11.24	-0.01	1	1124	卖盘
13:18:39	11.25	--	50	56250	买盘
13:18:36	11.25	0.01	3	3375	买盘
13:18:30	11.24	--	20	22480	卖盘
13:18:27	11.24	-0.01	25	28100	卖盘
13:18:18	11.25	0.01	19	21375	买盘
13:18:09	11.24	--	1	1124	卖盘
13:18:06	11.24	-0.01	39	43836	卖盘
13:18:03	11.25	0.01	11	12375	买盘
13:17:48	11.24	--	55	61820	卖盘
13:17:42	11.24	--	1	1124	卖盘
13:17:39	11.24	--	31	34844	卖盘
13:17:36	11.24	--	6	6744	卖盘
13:17:33	11.24	--	205	230420	卖盘
13:17:18	11.24	--	10	11240	卖盘
13:17:09	11.24	--	22	24728	卖盘
13:17:03	11.24	--	1	1124	卖盘
13:16:57	11.24	--	13	14612	卖盘
13:16:54	11.24	--	8	8992	卖盘
13:16:48	11.24	--	50	56200	卖盘
13:16:42	11.24	-0.01	117	131508	卖盘
13:16:36	11.25	0.01	40	45000	买盘
13:16:33	11.24	-0.01	48	53952	卖盘
13:16:30	11.25	0.01	150	168750	买盘
13:16:24	11.24	--	36	40464	卖盘
13:16:18	11.24	-0.01	25	28100	卖盘
13:16:12	11.25	0.01	12	13500	买盘
13:16:09	11.24	-0.01	1	1124	卖盘
13:16:06	11.25	0.01	30	33750	买盘
13:16:00	11.24	-0.01	2	2248	卖盘
13:15:57	11.25	0.01	9	10125	买盘
13:15:54	11.24	--	4	4496	卖盘
13:15:51	11.24	--	9	10116	卖盘
13:15:42	11.24	-0.01	67	75308	卖盘
13:15:39	11.25	--	2	2250	买盘
13:15:27	11.25	0.01	20	22500	买盘
13:15:24	11.24	-0.01	11	12364	卖盘
13:15:21	11.25	0.01	13	14625	买盘
13:15:18	11.24	-0.01	6	6744	卖盘
13:15:15	11.25	--	8	9000	卖盘
13:15:12	11.25	--	22	24750	买盘
13:15:09	11.25	--	8	9000	卖盘
13:15:06	11.25	--	8	9000	卖盘
13:15:03	11.25	--	3	3375	卖盘
13:15:00	11.25	--	66	74250	卖盘
13:14:57	11.25	--	64	72000	卖盘
13:14:54	11.25	--	102	114750	卖盘
13:14:48	11.25	-0.01	85	95625	卖盘
13:14:45	11.26	--	22	24772	买盘
13:14:42	11.26	0.01	62	69812	买盘
13:14:39	11.25	--	2	2250	卖盘
13:14:30	11.25	-0.01	10	11250	卖盘
13:14:27	11.26	--	1	1126	买盘
13:14:15	11.26	--	10	11260	买盘
13:14:09	11.26	0.01	10	11260	买盘
13:14:06	11.25	--	5	5625	卖盘
13:14:03	11.25	-0.01	100	112500	卖盘
13:13:57	11.26	--	2	2252	买盘
13:13:54	11.26	--	34	38284	买盘
13:13:51	11.26	--	17	19142	卖盘
13:13:48	11.26	--	23	25898	卖盘
13:13:42	11.26	--	33	37158	买盘
13:13:33	11.26	0.01	65	73190	买盘
13:13:30	11.25	-0.01	35	39375	卖盘
13:13:27	11.26	--	5	5630	买盘
13:13:12	11.26	--	1	1126	买盘
13:13:06	11.26	0.01	16	18016	买盘
13:12:51	11.25	-0.01	100	112500	卖盘
13:12:45	11.26	--	8	9008	买盘
13:12:42	11.26	--	5	5630	买盘
13:12:39	11.26	--	61	68686	买盘
13:12:36	11.26	--	16	18016	买盘
13:12:33	11.26	0.01	61	68686	买盘
13:12:30	11.25	-0.01	60	67500	卖盘
13:12:18	11.26	--	19	21394	买盘
13:12:15	11.26	--	6	6756	卖盘
13:12:12	11.26	-0.01	4	4504	卖盘
13:12:09	11.27	0.01	50	56350	买盘
13:12:03	11.26	-0.01	28	31528	买盘
13:12:00	11.27	0.01	16	18032	买盘
13:11:54	11.26	--	5	5630	买盘
13:11:51	11.26	-0.01	70	78820	卖盘
13:11:48	11.27	--	3	3381	买盘
13:11:42	11.27	--	7	7889	买盘
13:11:39	11.27	0.01	62	69874	买盘
13:11:36	11.26	-0.01	55	61930	卖盘
13:11:30	11.27	0.01	16	18032	买盘
13:11:15	11.26	--	13	14638	卖盘
13:11:12	11.26	--	20	22520	卖盘
13:11:03	11.26	--	12	13512	买盘
13:11:00	11.26	--	5	5630	买盘
13:10:57	11.26	--	19	21394	买盘
13:10:51	11.26	--	19	21394	买盘
13:10:42	11.26	--	1	1126	买盘
13:10:39	11.26	0.01	179	201554	买盘
13:10:36	11.25	-0.01	5	5625	卖盘
13:10:09	11.26	--	1	1126	买盘
13:10:03	11.26	--	10	11260	买盘
13:10:00	11.26	--	10	11260	买盘
13:09:57	11.26	--	104	117104	卖盘
13:09:54	11.26	-0.01	50	56300	卖盘
13:09:51	11.27	0.01	36	40572	买盘
13:09:48	11.26	-0.01	6	6756	卖盘
13:09:45	11.27	0.01	23	25921	买盘
13:09:39	11.26	-0.01	66	74316	卖盘
13:09:36	11.27	--	56	63112	买盘
13:09:30	11.27	0.01	2	2254	买盘
13:09:27	11.26	--	69	77694	卖盘
13:09:18	11.26	--	49	55174	卖盘
13:09:09	11.26	--	15	16890	卖盘
13:09:06	11.26	--	41	46166	卖盘
13:09:03	11.26	--	5	5630	卖盘
13:09:00	11.26	-0.01	35	39410	卖盘
13:08:54	11.27	--	7	7889	买盘
13:08:42	11.27	-0.01	16	18640	卖盘
13:08:39	11.28	--	61	68808	买盘
13:08:36	11.28	--	54	60912	卖盘
13:08:33	11.28	-0.01	198	223344	卖盘
13:08:27	11.29	--	198	223541	卖盘
13:08:21	11.29	--	58	65481	卖盘
13:08:18	11.29	--	24	27095	卖盘
13:08:15	11.29	--	105	118544	卖盘
13:08:12	11.29	--	126	142254	买盘
13:08:00	11.29	--	4	4516	卖盘
13:07:57	11.29	--	17	19193	卖盘
13:07:54	11.29	--	20	22580	卖盘
13:07:51	11.29	--	4	4516	卖盘
13:07:48	11.29	--	15	16935	卖盘
13:07:39	11.29	--	9	10161	买盘
13:07:30	11.29	-0.01	61	68869	卖盘
13:07:27	11.3	0.01	52	58760	买盘
13:07:24	11.29	-0.01	10	11290	卖盘
13:07:21	11.3	0.01	21	23730	买盘
13:07:18	11.29	--	30	33870	卖盘
13:07:15	11.29	--	38	42902	卖盘
13:07:12	11.29	-0.01	15	16935	卖盘
13:07:09	11.3	0.01	16	18080	买盘
13:07:06	11.29	-0.01	16	18064	卖盘
13:07:03	11.3	--	202	228260	买盘
13:07:00	11.3	--	82	92660	买盘
13:06:54	11.3	--	7	7910	买盘
13:06:51	11.3	0.01	234	264420	买盘
13:06:48	11.29	--	30	33870	买盘
13:06:39	11.29	0.01	30	33870	买盘
13:06:33	11.28	0.01	315	355320	买盘
13:06:30	11.27	-0.01	10	11270	卖盘
13:06:27	11.28	--	62	69936	买盘
13:06:24	11.28	0.01	1	1128	买盘
13:06:21	11.27	-0.01	1	1127	卖盘
13:06:12	11.28	0.01	50	56400	买盘
13:06:06	11.27	-0.01	24	27048	卖盘
13:06:03	11.28	0.01	10	11280	买盘
13:05:57	11.27	--	33	37191	卖盘
13:05:54	11.27	0.01	121	136885	买盘
13:05:48	11.26	--	8	9008	卖盘
13:05:36	11.26	-0.01	8	9008	卖盘
13:05:30	11.27	--	450	507150	买盘
13:05:27	11.27	--	102	114954	买盘
13:05:24	11.27	0.01	140	157780	买盘
13:05:21	11.26	--	1	1126	卖盘
13:05:18	11.26	--	100	112600	卖盘
13:05:15	11.26	-0.01	20	22520	卖盘
13:05:06	11.27	--	10	11270	买盘
13:05:03	11.27	0.01	1	1127	买盘
13:04:57	11.26	--	114	128364	卖盘
13:04:54	11.26	--	50	56300	卖盘
13:04:48	11.26	--	21	23646	卖盘
13:04:45	11.26	-0.01	8	9008	卖盘
13:04:42	11.27	0.01	10	11270	买盘
13:04:36	11.26	--	16	18016	卖盘
13:04:33	11.26	-0.01	37	41662	卖盘
13:04:27	11.27	0.01	71	80017	买盘
13:04:24	11.26	--	10	11260	卖盘
13:04:21	11.26	--	10	11260	卖盘
13:04:18	11.26	--	70	78820	卖盘
13:04:09	11.26	--	81	91206	卖盘
13:04:00	11.26	--	48	54048	买盘
13:03:57	11.26	0.01	60	67560	买盘
13:03:54	11.25	--	193	217125	卖盘
13:03:51	11.25	-0.01	7	7875	卖盘
13:03:48	11.26	--	8	9008	买盘
13:03:39	11.26	0.01	8	9008	买盘
13:03:36	11.25	--	80	90000	卖盘
13:03:33	11.25	-0.01	24	27000	卖盘
13:03:30	11.26	--	3	3378	买盘
13:03:27	11.26	--	72	81072	买盘
13:03:21	11.26	-0.01	2	2252	卖盘
13:03:18	11.27	0.01	30	33810	买盘
13:03:15	11.26	--	10	11260	卖盘
13:03:06	11.26	--	3	3378	买盘
13:03:03	11.26	0.01	7	7882	买盘
13:03:00	11.25	-0.02	8	9000	卖盘
13:02:54	11.27	0.01	20	22540	买盘
13:02:51	11.26	-0.01	77	86702	卖盘
13:02:48	11.27	0.01	1	1127	买盘
13:02:45	11.26	--	51	57426	卖盘
13:02:30	11.26	--	80	90080	卖盘
13:02:27	11.26	--	132	148632	卖盘
13:02:21	11.26	-0.01	10	11260	卖盘
13:02:18	11.27	--	7	7889	买盘
13:02:12	11.27	--	16	18032	买盘
13:02:09	11.27	0.01	10	11270	买盘
13:02:03	11.26	--	18	20268	卖盘
13:02:00	11.26	-0.01	100	112600	卖盘
13:01:54	11.27	--	30	33810	买盘
13:01:45	11.27	--	204	229908	买盘
13:01:42	11.27	-0.01	159	179193	卖盘
13:01:36	11.28	--	10	11280	买盘
13:01:33	11.28	--	32	36096	买盘
13:01:30	11.28	--	53	59784	买盘
13:01:24	11.28	0.01	223	251544	买盘
13:01:21	11.27	--	6	6762	卖盘
13:01:18	11.27	0.01	9	10143	买盘
13:01:15	11.26	-0.01	25	28150	卖盘
13:01:09	11.27	--	30	33810	买盘
13:01:06	11.27	--	8	9016	买盘
13:01:00	11.27	-0.01	16	18032	卖盘
13:00:57	11.28	0.01	10	11280	买盘
13:00:54	11.27	-0.01	25	28175	卖盘
13:00:48	11.28	--	71	80088	买盘
13:00:42	11.28	-0.01	36	40608	卖盘
13:00:33	11.29	-0.01	64	72256	中性盘
13:00:27	11.3	0.03	4	4520	买盘
13:00:15	11.27	-0.03	6	6762	卖盘
13:00:09	11.3	0.06	140	158200	买盘
13:00:06	11.24	-0.06	163	183212	中性盘
13:00:03	11.3	0.08	2100	2373000	买盘
13:00:00	11.22	--	109	122298	买盘
11:30:00	11.22	--	9	10098	买盘
11:29:51	11.22	0.01	39	43758	买盘
11:29:48	11.21	0.01	2	2242	买盘
11:29:45	11.2	0.02	1662	1861439	买盘
11:29:42	11.18	--	7	7826	买盘
11:29:39	11.18	0.02	46	51428	买盘
11:29:36	11.16	-0.02	10	11160	中性盘
11:29:24	11.18	0.01	200	223600	买盘
11:29:18	11.17	0.01	366	408822	买盘
11:29:12	11.16	0.01	2	2232	买盘
11:29:09	11.15	0.01	10	11150	买盘
11:29:06	11.14	-0.01	1	1114	卖盘
11:29:00	11.15	--	1	1115	买盘
11:28:57	11.15	--	257	286555	买盘
11:28:54	11.15	0.01	500	557500	买盘
11:28:45	11.14	-0.01	4	4456	卖盘
11:28:42	11.15	0.01	2	2230	买盘
11:28:33	11.14	--	19	21723	买盘
11:28:27	11.14	--	142	158188	买盘
11:28:21	11.14	--	50	55700	买盘
11:28:18	11.14	0.01	40	44560	买盘
11:27:54	11.13	--	16	17808	卖盘
11:27:51	11.13	-0.01	10	11130	卖盘
11:27:48	11.14	0.01	50	55700	买盘
11:27:39	11.13	-0.01	15	16695	卖盘
11:27:24	11.14	--	62	69068	买盘
11:27:21	11.14	0.01	300	334200	买盘
11:27:18	11.13	-0.01	10	11130	卖盘
11:27:00	11.14	--	23	25622	买盘
11:26:54	11.14	--	22	24508	买盘
11:26:30	11.14	--	40	44560	买盘
11:26:24	11.14	0.01	62	69068	买盘
11:26:15	11.13	-0.01	14	15582	卖盘
11:26:12	11.14	0.01	16	17824	买盘
11:26:09	11.13	--	35	38955	卖盘
11:26:03	11.13	--	10	11130	卖盘
11:26:00	11.13	-0.01	6	6678	卖盘
11:25:57	11.14	0.01	3	3342	买盘
11:25:54	11.13	--	100	111300	卖盘
11:25:39	11.13	--	18	20034	买盘
11:25:33	11.13	--	23	25599	买盘
11:25:21	11.13	--	55	61215	买盘
11:25:18	11.13	--	8	8904	买盘
11:25:06	11.13	--	55	61215	卖盘
11:25:00	11.13	--	14	15582	卖盘
11:24:51	11.13	--	20	22260	卖盘
11:24:42	11.13	-0.01	43	47859	卖盘
11:24:39	11.14	0.01	60	66840	买盘
11:24:36	11.13	--	3	3339	卖盘
11:24:33	11.13	--	5	5565	卖盘
11:24:30	11.13	--	8	8904	卖盘
11:24:24	11.13	--	5	5565	卖盘
11:24:12	11.13	--	15	16695	买盘
11:24:00	11.13	--	4	4452	买盘
11:23:54	11.13	-0.01	5	5565	买盘
11:23:30	11.14	0.01	292	325288	买盘
11:23:27	11.13	--	13	14469	买盘
11:23:18	11.13	--	41	46189	卖盘
11:23:15	11.13	-0.01	150	166950	卖盘
11:23:09	11.14	--	14	15596	买盘
11:23:03	11.14	--	9	10026	买盘
11:22:57	11.14	0.01	5	5570	买盘
11:22:51	11.13	--	15	16695	卖盘
11:22:30	11.13	--	1	1669	买盘
11:22:21	11.13	--	35	38955	买盘
11:22:18	11.13	--	5	5565	买盘
11:22:15	11.13	--	5	5565	买盘
11:22:12	11.13	--	43	47859	买盘
11:21:57	11.13	--	25	27825	买盘
11:21:48	11.13	0.01	21	23373	买盘
11:21:21	11.12	0.01	10	11120	中性盘
11:20:54	11.11	-0.02	177	196647	卖盘
11:20:36	11.13	0.01	100	111300	买盘
11:20:33	11.12	--	11	12232	买盘
11:20:30	11.12	--	16	17792	买盘
11:20:27	11.12	0.01	100	111199	买盘
11:20:12	11.11	0.01	12	13332	买盘
11:20:09	11.1	-0.01	10	11100	卖盘
11:20:03	11.11	0.01	200	222200	买盘
11:20:00	11.1	--	117	129870	卖盘
11:19:51	11.1	--	69	76590	买盘
11:19:39	11.1	0.01	23	25530	买盘
11:19:30	11.09	--	3	3327	买盘
11:19:18	11.09	--	7	7763	卖盘
11:19:06	11.09	-0.01	1	1109	卖盘
11:18:54	11.1	--	20	22200	买盘
11:18:51	11.1	--	20	22200	买盘
11:18:39	11.1	--	6	6660	买盘
11:18:36	11.1	--	3	3330	买盘
11:18:27	11.1	0.01	202	224220	买盘
11:18:21	11.09	-0.01	10	11090	卖盘
11:18:15	11.1	0.01	33	36630	买盘
11:18:03	11.09	--	3	3327	卖盘
11:17:57	11.09	--	24	26616	卖盘
11:17:54	11.09	-0.01	6	6654	卖盘
11:17:36	11.1	--	15	16650	买盘
11:17:27	11.1	--	6	6660	买盘
11:17:03	11.1	--	7	7770	买盘
11:16:45	11.1	0.01	3	3330	买盘
11:16:21	11.09	--	4	4436	卖盘
11:16:03	11.09	--	6	6654	买盘
11:15:54	11.09	-0.01	28	31052	卖盘
11:15:42	11.1	-0.01	157	174270	卖盘
11:15:00	11.11	--	10	11110	买盘
11:14:57	11.11	--	1	1111	卖盘
11:14:54	11.11	--	45	49995	卖盘
11:14:48	11.11	--	2	2222	卖盘
11:14:42	11.11	--	20	22220	卖盘
11:14:33	11.11	--	5	5555	卖盘
11:14:27	11.11	--	10	11110	卖盘
11:14:21	11.11	--	5	5555	卖盘
11:14:18	11.11	--	5	5555	卖盘
11:14:03	11.11	--	3	3333	卖盘
11:13:57	11.11	0.01	1	1111	买盘
11:13:51	11.1	-0.01	10	11100	卖盘
11:13:48	11.11	0.01	65	72215	买盘
11:13:21	11.1	0.01	5	5550	中性盘
11:13:03	11.09	-0.02	25	27725	卖盘
11:12:57	11.11	--	50	55550	买盘
11:12:42	11.11	0.01	30	33330	买盘
11:12:39	11.1	--	1	1110	买盘
11:12:30	11.1	--	30	33300	买盘
11:12:27	11.1	--	20	22200	买盘
11:12:18	11.1	--	5	5550	卖盘
11:12:15	11.1	--	17	18870	卖盘
11:12:06	11.1	--	8	8880	买盘
11:12:00	11.1	0.01	2	2220	中性盘
11:11:54	11.09	-0.01	30	33270	卖盘
11:11:51	11.1	--	74	82140	买盘
11:11:45	11.1	0.01	10	11100	买盘
11:11:42	11.09	-0.01	53	58777	卖盘
11:11:36	11.1	--	20	22200	买盘
11:11:24	11.1	0.01	6	6660	买盘
11:11:18	11.09	-0.01	20	22180	卖盘
11:11:12	11.1	0.01	30	33300	买盘
11:11:06	11.09	-0.01	5	5545	卖盘
11:10:48	11.1	--	15	16650	买盘
11:10:42	11.1	--	29	32190	买盘
11:10:30	11.1	--	40	44400	买盘
11:10:18	11.1	0.01	9	9990	买盘
11:10:12	11.09	--	2	2218	卖盘
11:09:33	11.09	-0.01	12	13308	卖盘
11:09:30	11.1	0.01	27	29970	买盘
11:09:18	11.09	--	7	7763	卖盘
11:09:06	11.09	-0.01	1	1109	卖盘
11:08:51	11.1	--	30	33300	买盘
11:08:42	11.1	--	10	11100	买盘
11:08:36	11.1	--	2	2220	买盘
11:08:30	11.1	-0.01	72	79920	卖盘
11:08:27	11.11	--	30	33330	买盘
11:08:24	11.11	0.01	1	1111	买盘
11:08:21	11.1	-0.01	10	11100	卖盘
11:08:00	11.11	0.01	8	8888	买盘
11:07:54	11.1	-0.01	7	7770	卖盘
11:07:39	11.11	-0.01	3	3333	卖盘
11:07:36	11.12	0.01	153	170136	买盘
11:07:27	11.11	--	11	12221	卖盘
11:07:09	11.11	-0.01	83	92213	卖盘
11:07:06	11.12	0.01	1	1112	买盘
11:06:57	11.11	-0.01	16	17776	卖盘
11:06:48	11.12	-0.01	3	3335	买盘
11:06:33	11.13	0.03	5	5565	买盘
11:06:24	11.1	--	6	6660	卖盘
11:06:21	11.1	0.01	15	16650	中性盘
11:06:06	11.09	-0.01	203	225127	卖盘
11:05:51	11.1	--	39	43290	卖盘
11:05:42	11.1	-0.01	9	9990	卖盘
11:05:12	11.11	--	10	11110	卖盘
11:05:09	11.11	--	5	5555	卖盘
11:05:06	11.11	--	15	16665	卖盘
11:05:00	11.11	--	13	14443	卖盘
11:04:45	11.11	-0.01	50	55550	卖盘
11:04:42	11.12	0.01	20	22240	买盘
11:04:39	11.11	-0.01	30	33330	卖盘
11:04:36	11.12	--	20	22240	买盘
11:04:21	11.12	-0.01	47	52263	卖盘
11:04:12	11.13	0.01	1	1113	买盘
11:04:09	11.12	-0.01	111	123431	卖盘
11:04:03	11.13	0.01	79	87927	买盘
11:03:45	11.12	--	6	6671	买盘
11:03:39	11.12	--	80	88960	买盘
11:03:36	11.12	--	37	41144	卖盘
11:03:33	11.12	-0.02	68	75616	卖盘
11:03:27	11.14	--	8	8912	买盘
11:03:15	11.14	0.03	100	111400	买盘
11:03:09	11.11	--	3	4332	买盘
11:03:00	11.11	0.01	358	397738	买盘
11:02:54	11.1	-0.01	10	11100	中性盘
11:02:51	11.11	0.01	40	44440	买盘
11:02:48	11.1	0.01	10	11100	买盘
11:02:45	11.09	-0.01	10	11090	中性盘
11:02:33	11.1	0.01	305	338550	买盘
11:02:30	11.09	0.02	5	5545	买盘
11:02:06	11.07	--	140	154980	买盘
11:02:03	11.07	--	4	4428	买盘
11:01:54	11.07	-0.03	356	394092	卖盘
11:01:48	11.1	--	5	5550	买盘
11:01:45	11.1	0.01	30	33300	买盘
11:01:39	11.09	--	10	11090	卖盘
11:01:33	11.09	0.01	12	13308	买盘
11:01:24	11.08	--	217	240436	卖盘
11:01:15	11.08	-0.01	18	19944	卖盘
11:01:12	11.09	0.01	518	574462	买盘
11:01:06	11.08	-0.01	33	36564	卖盘
11:00:51	11.09	0.01	1	1109	买盘
11:00:42	11.08	--	9	9972	买盘
11:00:39	11.08	--	3	3324	买盘
11:00:36	11.08	--	126	139608	买盘
11:00:27	11.08	--	1	1108	买盘
11:00:24	11.08	0.01	21	23268	买盘
11:00:21	11.07	-0.01	10	11070	卖盘
11:00:09	11.08	0.01	3	3324	买盘
11:00:06	11.07	--	14	15498	卖盘
10:59:57	11.07	-0.01	51	56457	卖盘
10:59:45	11.08	0.01	4	4432	买盘
10:59:42	11.07	--	13	14391	买盘
10:59:39	11.07	--	20	22140	买盘
10:59:21	11.07	--	10	11070	买盘
10:59:18	11.07	0.01	14	15498	买盘
10:59:09	11.06	--	139	153734	卖盘
10:59:06	11.06	--	40	44240	卖盘
10:58:57	11.06	-0.01	28	30968	卖盘
10:58:48	11.07	--	19	21033	买盘
10:58:42	11.07	--	4	4428	买盘
10:58:30	11.07	--	10	11070	买盘
10:58:21	11.07	--	7	7749	买盘
10:58:18	11.07	--	9	9963	买盘
10:58:06	11.07	--	22	24354	买盘
10:58:03	11.07	--	10	11070	买盘
10:57:57	11.07	--	15	16605	买盘
10:57:48	11.07	--	7	7749	买盘
10:57:42	11.07	--	6	6642	卖盘
10:57:36	11.07	--	24	26568	卖盘
10:57:33	11.07	--	25	27675	卖盘
10:57:30	11.07	--	20	22140	买盘
10:57:18	11.07	--	10	11070	买盘
10:57:12	11.07	--	5	5535	卖盘
10:57:03	11.07	--	15	16605	买盘
10:56:51	11.07	--	37	40959	卖盘
10:56:48	11.07	-0.01	5	5535	卖盘
10:56:36	11.08	--	31	34348	买盘
10:56:30	11.08	--	312	345696	卖盘
10:56:21	11.08	--	4	4432	卖盘
10:55:39	11.08	-0.01	2	2216	卖盘
10:55:33	11.09	--	21	23289	买盘
10:55:27	11.09	0.01	15	16635	买盘
10:55:24	11.08	-0.01	2	2216	卖盘
10:55:21	11.09	--	47	52123	买盘
10:55:03	11.09	--	15	16635	买盘
10:54:33	11.09	--	8	8872	买盘
10:54:27	11.09	--	23	25507	买盘
10:54:21	11.09	0.01	3	3327	买盘
10:54:06	11.08	-0.01	15	16620	卖盘
10:54:03	11.09	--	24	26616	买盘
10:53:48	11.09	--	2	2218	买盘
10:53:42	11.09	0.01	11	12199	买盘
10:53:30	11.08	-0.01	3	3324	卖盘
10:53:27	11.09	0.01	55	60995	买盘
10:53:24	11.08	-0.01	47	52076	卖盘
10:53:21	11.09	--	72	79848	买盘
10:53:12	11.09	0.01	13	14417	买盘
10:53:09	11.08	--	10	11080	卖盘
10:52:45	11.08	--	15	16620	买盘
10:52:39	11.08	--	10	11080	买盘
10:52:24	11.08	--	6	6648	买盘
10:52:18	11.08	--	1	1108	买盘
10:52:12	11.08	--	5	5540	买盘
10:52:03	11.08	--	1	1108	买盘
10:51:45	11.08	--	20	22160	买盘
10:51:33	11.08	--	22	24376	卖盘
10:51:27	11.08	--	15	16620	卖盘
10:51:15	11.08	--	10	11080	卖盘
10:50:57	11.08	--	15	16620	中性盘
10:50:48	11.08	--	18	19944	买盘
10:50:45	11.08	--	82	90856	卖盘
10:50:42	11.08	--	57	63156	卖盘
10:50:27	11.08	0.01	81	89748	买盘
10:50:09	11.07	-0.01	7	7749	卖盘
10:50:06	11.08	--	2	2216	买盘
10:49:39	11.08	--	16	17728	买盘
10:49:33	11.08	--	5	5540	买盘
10:49:30	11.08	--	10	11080	买盘
10:49:24	11.08	--	1	1108	买盘
10:49:12	11.08	--	1	1108	买盘
10:49:09	11.08	--	27	29916	卖盘
10:48:57	11.08	--	197	218276	买盘
10:48:54	11.08	--	1	1108	买盘
10:48:48	11.08	--	18	19944	买盘
10:48:42	11.08	0.01	2	2216	买盘
10:48:30	11.07	--	1	1107	买盘
10:48:24	11.07	--	9	9963	买盘
10:48:06	11.07	0.01	8	8856	买盘
10:48:03	11.06	--	2	2212	卖盘
10:47:54	11.06	-0.01	1	1106	卖盘
10:47:45	11.07	--	6	6642	买盘
10:47:39	11.07	0.01	5	5535	买盘
10:47:36	11.06	--	1	1106	卖盘
10:47:15	11.06	-0.01	3	3318	卖盘
10:47:12	11.07	-0.01	74	81918	卖盘
10:47:09	11.08	0.01	8	8864	买盘
10:47:06	11.07	--	9	9963	卖盘
10:46:54	11.07	--	4	4428	卖盘
10:46:45	11.07	--	13	14391	卖盘
10:46:30	11.07	--	2	2214	卖盘
10:46:21	11.07	--	8	8856	卖盘
10:46:12	11.07	-0.01	82	90774	卖盘
10:46:00	11.08	--	10	11080	买盘
10:45:33	11.08	--	17	18836	买盘
10:45:27	11.08	--	139	154012	卖盘
10:45:24	11.08	-0.01	12	13296	卖盘
10:45:15	11.09	0.01	48	53232	买盘
10:45:06	11.08	--	52	57616	卖盘
10:44:57	11.08	--	71	78668	卖盘
10:44:48	11.08	-0.01	20	22160	卖盘
10:44:42	11.09	--	1	1109	买盘
10:44:36	11.09	--	6	6654	买盘
10:44:30	11.09	--	8	8872	卖盘
10:44:24	11.09	--	46	51014	卖盘
10:44:21	11.09	--	63	69867	卖盘
10:44:18	11.09	--	6	6654	卖盘
10:44:12	11.09	--	16	17744	卖盘
10:44:09	11.09	-0.01	5	5545	卖盘
10:43:57	11.1	0.01	1	1110	买盘
10:43:54	11.09	-0.01	50	55450	卖盘
10:43:48	11.1	--	29	32190	买盘
10:43:45	11.1	--	335	371850	买盘
10:43:39	11.1	--	30	33300	买盘
10:43:33	11.1	0.01	50	55500	买盘
10:43:24	11.09	--	2	2218	卖盘
10:43:21	11.09	--	3	3327	卖盘
10:43:09	11.09	--	88	97592	买盘
10:43:03	11.09	0.01	10	11090	买盘
10:43:00	11.08	-0.01	150	166200	卖盘
10:42:57	11.09	--	103	114227	买盘
10:42:54	11.09	--	47	52123	买盘
10:42:51	11.09	0.01	10	11090	买盘
10:42:45	11.08	--	5	5540	卖盘
10:42:27	11.08	-0.01	20	22160	卖盘
10:42:24	11.09	--	25	27725	买盘
10:42:21	11.09	--	39	43251	卖盘
10:42:12	11.09	-0.01	27	29943	卖盘
10:42:06	11.1	0.01	72	79920	买盘
10:42:03	11.09	-0.01	25	27725	卖盘
10:42:00	11.1	--	9	9990	买盘
10:41:57	11.1	--	155	172050	买盘
10:41:54	11.1	--	10	11100	买盘
10:41:48	11.1	0.01	24	26640	买盘
10:41:45	11.09	--	4	4436	卖盘
10:41:36	11.09	0.01	19	21071	买盘
10:41:33	11.08	-0.02	30	33240	卖盘
10:41:30	11.1	0.01	211	234210	买盘
10:41:18	11.09	0.01	200	221800	买盘
10:41:12	11.08	0.01	60	66480	买盘
10:41:09	11.07	-0.01	2	2214	买盘
10:41:06	11.08	--	7	7756	卖盘
10:41:03	11.08	--	10	11080	卖盘
10:41:00	11.08	--	100	110800	卖盘
10:40:57	11.08	0.01	83	91964	买盘
10:40:54	11.07	--	37	40959	买盘
10:40:51	11.07	--	10	11070	买盘
10:40:48	11.07	--	79	87453	买盘
10:40:42	11.07	-0.02	69	76958	买盘
10:40:39	11.09	0.03	700	776300	买盘
10:40:36	11.06	-0.01	6	6636	卖盘
10:40:33	11.07	--	4	4428	买盘
10:40:24	11.07	--	2	2214	买盘
10:40:15	11.07	--	19	21033	买盘
10:40:03	11.07	-0.02	86	95202	卖盘
10:40:00	11.09	0.02	100	110900	买盘
10:39:54	11.07	--	33	36531	卖盘
10:39:51	11.07	-0.02	11	12177	卖盘
10:39:48	11.09	0.02	200	221800	买盘
10:39:39	11.07	--	146	161622	买盘
10:39:36	11.07	--	63	69741	买盘
10:39:33	11.07	--	20	22140	买盘
10:39:30	11.07	--	19	21033	买盘
10:39:24	11.07	--	30	33210	买盘
10:39:21	11.07	0.01	259	286713	买盘
10:39:18	11.06	--	4	4424	买盘
10:39:15	11.06	0.01	20	22120	买盘
10:39:09	11.05	--	84	92820	卖盘
10:39:00	11.05	0.03	846	934830	买盘
10:38:57	11.02	-0.01	2	2204	卖盘
10:38:48	11.03	--	94	103682	卖盘
10:38:42	11.03	--	3	3309	卖盘
10:38:36	11.03	-0.01	20	22060	卖盘
10:38:30	11.04	--	2	2208	买盘
10:38:09	11.04	0.01	9	9936	买盘
10:38:06	11.03	--	1	1103	买盘
10:37:57	11.03	-0.01	3	3309	卖盘
10:37:51	11.04	--	3	3311	买盘
10:37:48	11.04	0.01	2	2208	买盘
10:37:45	11.03	--	100	110300	卖盘
10:37:36	11.03	-0.01	5	5515	卖盘
10:37:27	11.04	--	10	11040	买盘
10:37:00	11.04	--	10	11040	买盘
10:36:57	11.04	--	12	13247	买盘
10:36:45	11.04	--	10	11040	买盘
10:36:12	11.04	0.01	6	6623	买盘
10:36:09	11.03	-0.01	86	94858	卖盘
10:36:00	11.04	0.01	30	33120	买盘
10:35:57	11.03	--	36	39708	卖盘
10:35:48	11.03	-0.01	5	5515	卖盘
10:35:42	11.04	0.01	19	20976	买盘
10:35:36	11.03	-0.01	1	1103	卖盘
10:35:33	11.04	0.01	25	27599	买盘
10:35:21	11.03	--	89	98167	买盘
10:35:03	11.03	--	3	3309	买盘
10:35:00	11.03	--	8	8824	买盘
10:34:57	11.03	--	100	110300	买盘
10:34:51	11.03	--	25	27575	买盘
10:34:33	11.03	--	2	2206	卖盘
10:34:30	11.03	--	4	4412	卖盘
10:34:27	11.03	--	17	18751	卖盘
10:34:15	11.03	--	77	84931	买盘
10:34:12	11.03	--	11	12133	买盘
10:34:09	11.03	--	6	6618	买盘
10:33:54	11.03	--	10	11030	买盘
10:33:51	11.03	--	6	6618	买盘
10:33:42	11.03	0.01	89	98167	买盘
10:33:24	11.02	--	20	22040	买盘
10:33:09	11.02	--	2	2204	买盘
10:33:00	11.02	--	7	7714	买盘
10:32:54	11.02	0.01	10	11020	买盘
10:32:45	11.01	--	0	110	卖盘
10:32:39	11.01	-0.01	1	1101	卖盘
10:32:21	11.02	0.01	8	8816	买盘
10:32:00	11.01	--	6	6606	买盘
10:31:45	11.01	--	10	11010	买盘
10:31:42	11.01	--	10	11010	买盘
10:31:30	11.01	--	6	6606	买盘
10:31:27	11.01	--	19	20919	卖盘
10:31:18	11.01	--	18	19818	卖盘
10:31:00	11.01	--	25	27525	卖盘
10:30:51	11.01	--	7	7707	卖盘
10:30:48	11.01	--	22	24222	买盘
10:30:27	11.01	--	18	19818	卖盘
10:30:24	11.01	-0.01	1	1101	卖盘
10:30:18	11.02	--	2	2204	买盘
10:30:09	11.02	--	1	1102	买盘
10:30:00	11.02	--	1	1102	买盘
10:29:48	11.02	--	7	7714	买盘
10:29:39	11.02	0.02	1	1102	买盘
10:29:33	11.0	-0.02	3	3300	卖盘
10:29:30	11.02	0.02	55	60610	买盘
10:29:15	11.0	-0.01	1	1100	中性盘
10:29:09	11.01	0.01	19	20919	买盘
10:29:03	11.0	--	6	6600	买盘
10:28:57	11.0	-0.01	6	6600	卖盘
10:28:54	11.01	0.01	21	23121	买盘
10:28:48	11.0	-0.01	140	154000	卖盘
10:28:27	11.01	0.01	9	9909	买盘
10:28:24	11.0	-0.01	10	11000	卖盘
10:28:09	11.01	-0.01	190	209190	卖盘
10:28:06	11.02	--	6	6612	买盘
10:28:00	11.02	--	19	20938	买盘
10:27:54	11.02	--	56	61712	卖盘
10:27:51	11.02	-0.01	1	1102	卖盘
10:27:45	11.03	0.01	15	16545	买盘
10:27:33	11.02	0.01	20	22040	买盘
10:27:30	11.01	-0.01	50	55050	卖盘
10:27:27	11.02	--	4	4408	买盘
10:27:21	11.02	--	7	7714	卖盘
10:27:18	11.02	--	4	4408	买盘
10:27:12	11.02	--	10	11020	买盘
10:26:57	11.02	--	11	12122	买盘
10:26:48	11.02	0.01	1	1102	买盘
10:26:45	11.01	-0.01	20	22020	卖盘
10:26:24	11.02	--	5	5510	买盘
10:26:21	11.02	0.01	43	47386	买盘
10:26:18	11.01	-0.01	47	51747	卖盘
10:26:15	11.02	--	10	11020	买盘
10:25:54	11.02	0.01	11	12122	买盘
10:25:36	11.01	--	11	12111	卖盘
10:25:24	11.01	-0.01	22	24222	卖盘
10:25:21	11.02	--	4	4408	买盘
10:25:15	11.02	0.01	17	18734	买盘
10:25:06	11.01	0.01	23	25323	买盘
10:25:00	11.0	--	1	1100	中性盘
10:24:42	11.0	0.02	120	132000	买盘
10:24:33	10.98	--	6	6588	卖盘
10:24:27	10.98	--	50	54900	卖盘
10:24:21	10.98	--	26	28548	卖盘
10:24:12	10.98	--	23	25254	买盘
10:24:06	10.98	--	7	7686	买盘
10:23:57	10.98	--	5	5490	买盘
10:23:54	10.98	-0.02	71	77958	卖盘
10:23:48	11.0	--	53	58300	买盘
10:23:42	11.0	--	20	22000	买盘
10:23:39	11.0	-0.01	112	123200	卖盘
10:23:30	11.01	--	5	5505	买盘
10:23:24	11.01	--	20	22020	买盘
10:23:21	11.01	--	156	171756	卖盘
10:23:18	11.01	-0.02	12	13212	卖盘
10:23:12	11.03	0.02	100	110300	买盘
10:23:06	11.01	--	12	13212	卖盘
10:22:54	11.01	-0.01	10	11010	卖盘
10:22:51	11.02	0.01	67	73834	买盘
10:22:45	11.01	--	5	5505	卖盘
10:22:39	11.01	-0.01	3	3303	卖盘
10:22:33	11.02	--	6	6612	卖盘
10:22:30	11.02	0.01	94	103588	买盘
10:22:27	11.01	-0.01	2	2202	卖盘
10:22:09	11.02	0.01	8	8816	买盘
10:22:00	11.01	--	53	58353	买盘
10:21:51	11.01	--	10	11010	买盘
10:21:45	11.01	-0.01	31	34131	卖盘
10:21:39	11.02	--	5	5510	买盘
10:21:33	11.02	--	2	2204	买盘
10:21:30	11.02	--	20	22040	卖盘
10:21:27	11.02	0.01	37	40774	卖盘
10:21:15	11.01	-0.01	20	22020	卖盘
10:21:06	11.02	--	11	12122	买盘
10:21:00	11.02	--	1	1102	买盘
10:20:51	11.02	0.01	9	9918	买盘
10:20:48	11.01	-0.01	4	4404	卖盘
10:20:42	11.02	0.02	9	9918	买盘
10:20:24	11.0	0.02	2	2200	卖盘
10:20:00	10.98	--	1	1098	中性盘
10:19:51	10.98	0.02	11	12078	买盘
10:19:48	10.96	-0.02	52	56992	卖盘
10:19:39	10.98	-0.04	34	37332	卖盘
10:19:36	11.02	0.02	9	9918	买盘
10:19:30	11.0	-0.02	9	9900	卖盘
10:19:27	11.02	0.04	10	11020	中性盘
10:19:06	10.98	--	9	9882	买盘
10:19:00	10.98	--	6	6588	买盘
10:18:54	10.98	0.08	2	2196	中性盘
10:18:39	10.9	-0.13	840	915600	卖盘
10:18:27	11.03	0.01	119	131257	买盘
10:18:12	11.02	0.01	43	47386	买盘
10:18:09	11.01	-0.01	4	4404	卖盘
10:18:03	11.02	--	2	2204	买盘
10:17:57	11.02	--	10	11020	买盘
10:17:51	11.02	--	10	11020	买盘
10:17:48	11.02	--	5	5510	买盘
10:17:36	11.02	0.01	3	3306	中性盘
10:17:18	11.01	-0.02	15	16515	卖盘
10:17:15	11.03	0.03	2	2206	买盘
10:16:54	11.0	-0.03	210	231000	卖盘
10:16:51	11.03	--	5	5515	买盘
10:16:48	11.03	--	15	16545	卖盘
10:16:42	11.03	--	7	7721	卖盘
10:16:36	11.03	-0.01	101	111403	卖盘
10:16:18	11.04	0.01	20	22080	买盘
10:16:15	11.03	--	30	33090	卖盘
10:16:12	11.03	-0.01	19	20957	卖盘
10:16:09	11.04	--	3	3311	买盘
10:15:39	11.04	0.01	50	55199	买盘
10:15:30	11.03	--	80	88240	买盘
10:15:18	11.03	--	8	8824	买盘
10:15:03	11.03	--	100	110300	买盘
10:15:00	11.03	0.01	6	6618	买盘
10:14:57	11.02	-0.01	3	3306	卖盘
10:14:48	11.03	0.01	30	33090	买盘
10:14:45	11.02	--	6	6612	卖盘
10:14:42	11.02	--	51	56202	卖盘
10:14:39	11.02	--	2	2204	卖盘
10:14:36	11.02	--	1	1102	买盘
10:14:30	11.02	--	25	27550	买盘
10:14:18	11.02	0.01	9	9918	买盘
10:14:06	11.01	-0.01	3	3303	卖盘
10:13:57	11.02	--	20	22040	买盘
10:13:51	11.02	0.01	12	13224	买盘
10:13:48	11.01	-0.01	10	11010	卖盘
10:13:27	11.02	--	74	81548	卖盘
10:13:24	11.02	--	31	34162	买盘
10:13:06	11.02	-0.01	7	7714	卖盘
10:13:03	11.03	-0.01	20	22060	中性盘
10:12:57	11.04	0.01	65	71760	中性盘
10:12:45	11.03	-0.01	14	15442	卖盘
10:12:42	11.04	--	14	15455	买盘
10:12:39	11.04	--	13	14351	买盘
10:12:36	11.04	--	9	9936	买盘
10:12:30	11.04	--	24	26495	卖盘
10:12:27	11.04	--	2	2208	买盘
10:12:18	11.04	0.01	5	5520	买盘
10:12:15	11.03	--	200	220600	买盘
10:12:12	11.03	0.01	265	292295	买盘
10:12:09	11.02	--	47	51794	买盘
10:12:00	11.02	--	10	11020	买盘
10:11:57	11.02	--	30	33060	买盘
10:11:54	11.02	0.01	35	38570	买盘
10:11:42	11.01	0.01	951	1047051	买盘
10:11:39	11.0	--	10	11000	买盘
10:11:27	11.0	0.03	1000	1100000	买盘
10:11:24	10.97	0.01	5	5485	买盘
10:11:18	10.96	-0.01	15	16440	卖盘
10:11:12	10.97	0.01	10	10970	买盘
10:11:06	10.96	-0.01	16	17536	买盘
10:11:03	10.97	0.01	47	51559	买盘
10:11:00	10.96	--	31	33976	买盘
10:10:57	10.96	--	26	28496	买盘
10:10:54	10.96	--	24	26304	买盘
10:10:51	10.96	0.01	33	36168	买盘
10:10:48	10.95	--	25	27375	买盘
10:10:45	10.95	0.01	9	9855	买盘
10:10:42	10.94	--	13	14222	卖盘
10:10:39	10.94	--	9	9846	买盘
10:10:36	10.94	--	2	2188	买盘
10:10:33	10.94	--	1	1094	买盘
10:10:30	10.94	0.01	9	9846	买盘
10:10:27	10.93	--	5	5465	买盘
10:10:24	10.93	--	3	3279	买盘
10:10:21	10.93	--	3	3279	买盘
10:10:18	10.93	0.01	1	1093	买盘
10:10:12	10.92	-0.01	4	4368	卖盘
10:10:00	10.93	0.01	4	4372	买盘
10:09:48	10.92	--	2	2184	卖盘
10:09:42	10.92	-0.01	49	53508	卖盘
10:09:33	10.93	0.01	10	10930	买盘
10:09:24	10.92	-0.01	2	2184	卖盘
10:09:15	10.93	-0.01	8	8744	卖盘
10:09:12	10.94	0.01	10	10940	买盘
10:09:09	10.93	--	19	20767	买盘
10:09:03	10.93	--	10	10930	买盘
10:09:00	10.93	--	7	7651	卖盘
10:08:48	10.93	--	10	10930	卖盘
10:08:42	10.93	-0.02	134	146462	卖盘
10:08:36	10.95	--	10	10950	买盘
10:08:33	10.95	0.02	34	37230	买盘
10:08:30	10.93	-0.01	2	2186	卖盘
10:08:18	10.94	--	76	83144	买盘
10:07:54	10.94	0.01	6	6564	买盘
10:07:42	10.93	-0.01	2	2186	卖盘
10:07:33	10.94	0.01	16	17504	买盘
10:07:30	10.93	0.01	5	5465	中性盘
10:07:24	10.92	-0.01	3	3276	卖盘
10:07:21	10.93	0.01	15	16395	买盘
10:07:09	10.92	--	1	1092	卖盘
10:06:57	10.92	--	56	61152	卖盘
10:06:36	10.92	-0.02	2	2184	卖盘
10:06:33	10.94	0.01	10	10940	买盘
10:06:30	10.93	-0.01	23	25139	中性盘
10:06:09	10.94	0.01	25	27350	买盘
10:06:06	10.93	-0.01	50	54650	卖盘
10:05:57	10.94	--	20	21880	买盘
10:05:45	10.94	0.01	2	2188	买盘
10:05:42	10.93	--	5	5465	卖盘
10:05:39	10.93	-0.01	3	3279	卖盘
10:05:33	10.94	--	16	17504	买盘
10:05:30	10.94	--	20	21880	买盘
10:05:15	10.94	0.01	2	2188	买盘
10:05:09	10.93	--	35	38255	卖盘
10:05:06	10.93	--	6	6558	卖盘
10:05:00	10.93	-0.01	11	12023	卖盘
10:04:54	10.94	--	5	5470	买盘
10:04:51	10.94	--	1	1094	买盘
10:04:48	10.94	--	22	24068	卖盘
10:04:45	10.94	--	24	26256	卖盘
10:04:42	10.94	--	6	6564	卖盘
10:04:36	10.94	-0.01	5	5470	卖盘
10:04:12	10.95	--	84	91980	卖盘
10:03:45	10.95	-0.02	38	41610	卖盘
10:03:42	10.97	0.02	6	6582	买盘
10:03:39	10.95	-0.01	24	26280	卖盘
10:03:36	10.96	0.01	1	1096	中性盘
10:03:24	10.95	-0.02	20	21900	卖盘
10:03:21	10.97	--	3	3291	买盘
10:03:09	10.97	--	8	8776	买盘
10:03:03	10.97	-0.01	11	12067	卖盘
10:03:00	10.98	0.02	107	117486	买盘
10:02:57	10.96	-0.01	1	1096	卖盘
10:02:51	10.97	-0.01	2	2194	中性盘
10:02:39	10.98	0.02	17	18666	买盘
10:02:36	10.96	--	4	4384	卖盘
10:02:30	10.96	-0.01	7	7672	卖盘
10:02:24	10.97	0.01	41	44977	买盘
10:02:15	10.96	0.01	2	2192	中性盘
10:01:57	10.95	-0.01	60	65700	卖盘
10:01:51	10.96	-0.01	3	3288	卖盘
10:01:45	10.97	0.02	90	98730	买盘
10:01:36	10.95	--	30	32850	卖盘
10:01:33	10.95	-0.01	263	287985	卖盘
10:01:15	10.96	--	40	43840	卖盘
10:01:00	10.96	-0.01	10	10960	中性盘
10:00:48	10.97	0.01	100	109700	买盘
10:00:45	10.96	--	6	6576	卖盘
10:00:39	10.96	--	200	219200	卖盘
10:00:33	10.96	--	17	18632	卖盘
10:00:30	10.96	--	18	19728	卖盘
10:00:27	10.96	--	2	2192	卖盘
10:00:00	10.96	-0.01	10	10960	卖盘
09:59:57	10.97	--	30	32910	买盘
09:59:48	10.97	--	170	186490	卖盘
09:59:42	10.97	--	10	10970	卖盘
09:59:30	10.97	--	3	3291	卖盘
09:59:21	10.97	--	3	3291	卖盘
09:59:12	10.97	-0.01	20	21940	卖盘
09:59:09	10.98	--	35	38430	买盘
09:58:48	10.98	0.02	14	15372	买盘
09:58:33	10.96	--	6	6576	卖盘
09:58:21	10.96	-0.02	5	5480	卖盘
09:58:15	10.98	0.02	16	17568	买盘
09:58:12	10.96	--	25	27400	卖盘
09:57:39	10.96	-0.02	105	115080	卖盘
09:57:36	10.98	--	8	8784	买盘
09:57:33	10.98	--	15	16470	卖盘
09:57:30	10.98	0.01	40	43920	买盘
09:57:27	10.97	--	7	7679	中性盘
09:57:18	10.97	--	25	27425	卖盘
09:57:03	10.97	--	28	30716	卖盘
09:57:00	10.97	--	152	166744	买盘
09:56:57	10.97	0.01	4	4388	中性盘
09:56:42	10.96	--	50	54800	卖盘
09:56:39	10.96	-0.01	5	5480	卖盘
09:56:33	10.97	0.01	50	54850	中性盘
09:56:06	10.96	-0.03	20	21920	卖盘
09:55:57	10.99	--	2	2198	买盘
09:55:51	10.99	-0.01	10	10990	中性盘
09:55:21	11.0	0.04	10	11000	买盘
09:55:12	10.96	--	11	12056	买盘
09:55:09	10.96	--	2	2192	买盘
09:55:06	10.96	--	2	2192	买盘
09:55:03	10.96	--	1	1096	买盘
09:55:00	10.96	--	2	2192	买盘
09:54:57	10.96	--	1	1096	买盘
09:54:54	10.96	-0.04	3	3288	中性盘
09:54:24	11.0	0.05	13	14300	买盘
09:54:21	10.95	--	66	72270	买盘
09:54:18	10.95	--	11	12045	买盘
09:54:15	10.95	--	100	109500	买盘
09:54:09	10.95	--	66	72270	买盘
09:54:06	10.95	--	54	59129	买盘
09:54:03	10.95	--	10	10950	买盘
09:53:57	10.95	--	203	222285	卖盘
09:53:54	10.95	-0.01	16	17520	卖盘
09:53:39	10.96	-0.01	95	104120	卖盘
09:53:27	10.97	--	30	32910	买盘
09:53:24	10.97	--	11	12067	买盘
09:53:18	10.97	0.01	10	10970	买盘
09:53:15	10.96	--	14	15344	卖盘
09:53:06	10.96	--	30	32880	卖盘
09:52:57	10.96	--	1	1096	中性盘
09:52:30	10.96	-0.02	95	104120	卖盘
09:52:15	10.98	-0.02	36	39528	卖盘
09:51:57	11.0	0.02	1	1100	买盘
09:51:45	10.98	--	24	26352	卖盘
09:51:42	10.98	--	23	25254	卖盘
09:51:39	10.98	--	31	34038	卖盘
09:51:33	10.98	-0.02	80	87840	卖盘
09:51:27	11.0	-0.01	4	4400	中性盘
09:51:18	11.01	0.01	197	216897	买盘
09:51:15	11.0	-0.01	7	7700	卖盘
09:51:09	11.01	--	17	18717	买盘
09:51:03	11.01	0.01	14	15414	买盘
09:51:00	11.0	-0.01	18	19800	卖盘
09:50:54	11.01	--	3	3303	买盘
09:50:45	11.01	--	25	27525	买盘
09:50:39	11.01	0.03	9	9909	买盘
09:50:36	10.98	-0.03	32	35136	卖盘
09:50:33	11.01	0.01	158	173958	买盘
09:50:30	11.0	0.01	30	33000	中性盘
09:50:18	10.99	-0.02	2	2198	卖盘
09:50:15	11.01	-0.01	52	57252	中性盘
09:50:06	11.02	0.06	120	132240	买盘
09:50:03	10.96	-0.06	11	12056	卖盘
09:50:00	11.02	0.04	52	57304	买盘
09:49:57	10.98	-0.04	3	3294	卖盘
09:49:54	11.02	-0.02	126	138852	卖盘
09:49:45	11.04	-0.01	10	11040	卖盘
09:49:42	11.05	0.03	50	55250	买盘
09:49:39	11.02	--	127	139954	卖盘
09:49:36	11.02	-0.03	100	110200	卖盘
09:49:30	11.05	0.01	27	29835	买盘
09:49:27	11.04	0.02	9	9936	买盘
09:49:15	11.02	0.05	695	765890	买盘
09:49:06	10.97	0.01	41	44977	卖盘
09:49:03	10.96	-0.01	10	10960	卖盘
09:49:00	10.97	--	13	14261	买盘
09:48:57	10.97	-0.02	61	66917	中性盘
09:48:54	10.99	0.02	20	21980	买盘
09:48:45	10.97	-0.01	169	185393	卖盘
09:48:39	10.98	--	109	119682	买盘
09:48:36	10.98	0.01	178	195444	买盘
09:48:30	10.97	--	15	16455	卖盘
09:48:27	10.97	-0.01	45	49365	卖盘
09:48:24	10.98	0.01	5	5490	买盘
09:48:21	10.97	--	66	72402	卖盘
09:48:12	10.97	--	10	10970	卖盘
09:48:00	10.97	0.01	92	100924	卖盘
09:47:54	10.96	0.01	134	146864	买盘
09:47:48	10.95	--	9	9855	卖盘
09:47:45	10.95	0.01	6	6570	买盘
09:47:42	10.94	-0.01	10	10940	卖盘
09:47:39	10.95	--	20	21900	买盘
09:47:33	10.95	0.01	7	7664	买盘
09:47:30	10.94	-0.01	50	54700	卖盘
09:47:21	10.95	--	79	86505	买盘
09:47:18	10.95	--	5	5475	买盘
09:47:15	10.95	0.01	25	27375	买盘
09:47:09	10.94	--	13	14222	买盘
09:47:06	10.94	-0.01	14	15316	中性盘
09:46:57	10.95	0.02	30	32850	买盘
09:46:54	10.93	--	10	10930	中性盘
09:46:45	10.93	--	5	5465	卖盘
09:46:39	10.93	--	18	19674	卖盘
09:46:36	10.93	0.01	7	7651	买盘
09:46:00	10.92	--	1	1092	卖盘
09:45:51	10.92	-0.01	103	112476	卖盘
09:45:48	10.93	0.01	10	10930	中性盘
09:45:30	10.92	-0.01	63	68796	卖盘
09:45:21	10.93	-0.01	100	109300	卖盘
09:45:12	10.94	0.01	5	5470	买盘
09:45:00	10.93	--	106	115858	买盘
09:44:54	10.93	--	22	24046	卖盘
09:44:51	10.93	--	10	10930	卖盘
09:44:48	10.93	0.01	5	5465	中性盘
09:44:39	10.92	-0.01	7	7644	卖盘
09:44:36	10.93	--	46	50278	买盘
09:44:30	10.93	0.01	1	1093	买盘
09:44:24	10.92	--	10	10920	卖盘
09:44:09	10.92	--	10	10920	卖盘
09:44:06	10.92	--	11	12012	卖盘
09:44:03	10.92	-0.01	5	5460	卖盘
09:43:48	10.93	0.01	173	189089	中性盘
09:43:06	10.92	-0.05	6	6552	卖盘
09:42:57	10.97	0.05	78	85566	买盘
09:42:36	10.92	0.01	350	382200	买盘
09:42:21	10.91	--	3	3273	买盘
09:42:15	10.91	0.01	20	21820	买盘
09:42:09	10.9	--	40	43600	卖盘
09:41:57	10.9	--	10	10900	卖盘
09:41:54	10.9	--	50	54500	卖盘
09:41:45	10.9	-0.01	1	1090	卖盘
09:41:42	10.91	0.01	1	1091	买盘
09:41:39	10.9	-0.01	1	1090	卖盘
09:41:27	10.91	--	45	49095	买盘
09:41:24	10.91	-0.01	80	87280	卖盘
09:41:18	10.92	--	1	1092	买盘
09:41:12	10.92	--	2	2184	买盘
09:41:09	10.92	-0.02	413	450996	卖盘
09:41:03	10.94	--	3	3282	买盘
09:40:57	10.94	0.02	1	1094	买盘
09:40:45	10.92	-0.01	36	39312	卖盘
09:40:42	10.93	0.01	32	34976	买盘
09:40:39	10.92	-0.01	95	103740	卖盘
09:40:36	10.93	--	12	13116	买盘
09:40:33	10.93	--	30	32790	买盘
09:40:30	10.93	-0.01	129	140997	卖盘
09:40:24	10.94	-0.01	3	3282	中性盘
09:40:18	10.95	0.01	410	448949	买盘
09:40:12	10.94	--	29	31726	卖盘
09:40:09	10.94	0.01	5	5470	中性盘
09:40:00	10.93	-0.01	70	76510	卖盘
09:39:57	10.94	0.01	64	70016	买盘
09:39:51	10.93	-0.01	7	7651	卖盘
09:39:48	10.94	-0.01	46	50324	卖盘
09:39:45	10.95	0.01	16	17520	买盘
09:39:42	10.94	-0.01	3	3282	卖盘
09:39:39	10.95	0.01	10	10950	买盘
09:39:36	10.94	-0.01	15	16410	卖盘
09:39:30	10.95	0.01	8	8760	买盘
09:39:24	10.94	-0.01	13	14222	中性盘
09:39:09	10.95	0.02	40	43800	买盘
09:39:06	10.93	-0.01	20	21860	卖盘
09:39:03	10.94	--	10	10940	买盘
09:39:00	10.94	0.01	50	54700	买盘
09:38:57	10.93	--	24	26232	买盘
09:38:51	10.93	-0.01	193	210949	卖盘
09:38:45	10.94	--	4	4376	买盘
09:38:39	10.94	--	161	176134	买盘
09:38:33	10.94	0.01	7	7658	买盘
09:38:30	10.93	-0.01	63	68859	卖盘
09:38:18	10.94	0.01	2	2188	买盘
09:38:12	10.93	--	173	189089	卖盘
09:38:06	10.93	--	48	52464	卖盘
09:38:00	10.93	-0.01	75	81975	卖盘
09:37:57	10.94	--	50	54700	卖盘
09:37:54	10.94	--	12	13128	卖盘
09:37:51	10.94	--	44	48136	买盘
09:37:42	10.94	--	3	3282	买盘
09:37:39	10.94	--	19	20786	买盘
09:37:36	10.94	-0.01	24	26256	卖盘
09:37:24	10.95	--	39	42705	卖盘
09:37:15	10.95	-0.01	13	14234	卖盘
09:37:12	10.96	0.01	22	24112	买盘
09:37:03	10.95	--	22	24090	买盘
09:36:57	10.95	-0.01	18	19710	卖盘
09:36:51	10.96	--	5	5480	买盘
09:36:48	10.96	--	3	3288	买盘
09:36:45	10.96	0.03	80	87680	中性盘
09:36:27	10.93	-0.04	20	21860	卖盘
09:36:24	10.97	-0.01	39	42783	卖盘
09:36:18	10.98	0.02	208	228384	买盘
09:36:12	10.96	--	51	55896	卖盘
09:36:06	10.96	--	15	16440	卖盘
09:35:57	10.96	0.01	9	9864	买盘
09:35:54	10.95	--	2	2190	卖盘
09:35:51	10.95	--	37	40515	买盘
09:35:39	10.95	--	10	10950	买盘
09:35:36	10.95	-0.03	30	32850	卖盘
09:35:33	10.98	0.02	302	331596	买盘
09:35:30	10.96	--	24	26304	中性盘
09:35:27	10.96	0.01	30	32880	买盘
09:35:18	10.95	-0.02	21	22995	卖盘
09:35:15	10.97	0.04	1	1097	买盘
09:34:54	10.93	0.01	13	14209	中性盘
09:34:45	10.92	--	30	32760	卖盘
09:34:36	10.92	--	11	12012	卖盘
09:34:33	10.92	0.02	75	81900	买盘
09:34:30	10.9	0.01	4	4360	买盘
09:34:24	10.89	0.01	36	39204	中性盘
09:34:21	10.88	-0.02	16	17408	卖盘
09:34:18	10.9	0.02	15	16350	买盘
09:34:15	10.88	-0.02	16	17408	卖盘
09:34:12	10.9	0.02	14	15260	中性盘
09:34:06	10.88	--	20	21760	卖盘
09:34:03	10.88	--	65	70720	买盘
09:34:00	10.88	0.01	10	10880	买盘
09:33:54	10.87	0.01	5	5435	中性盘
09:33:48	10.86	-0.01	10	10860	卖盘
09:33:45	10.87	0.01	30	32609	买盘
09:33:42	10.86	-0.01	11	11946	卖盘
09:33:39	10.87	--	20	21740	买盘
09:33:36	10.87	-0.02	493	535891	卖盘
09:33:33	10.89	--	23	25047	买盘
09:33:30	10.89	-0.01	113	123057	卖盘
09:33:27	10.9	--	69	75210	卖盘
09:33:24	10.9	-0.01	6	6540	卖盘
09:33:21	10.91	--	26	28366	卖盘
09:33:18	10.91	-0.01	34	37094	卖盘
09:33:15	10.92	-0.01	567	619164	卖盘
09:33:06	10.93	-0.01	63	68859	卖盘
09:33:03	10.94	0.01	52	56888	买盘
09:32:57	10.93	--	127	138811	卖盘
09:32:54	10.93	-0.02	45	49185	卖盘
09:32:51	10.95	0.02	28	30659	买盘
09:32:45	10.93	-0.01	54	59022	卖盘
09:32:42	10.94	--	12	13128	买盘
09:32:39	10.94	--	8	8752	卖盘
09:32:33	10.94	0.01	49	53606	买盘
09:32:24	10.93	-0.01	45	49185	卖盘
09:32:21	10.94	-0.01	3	3282	卖盘
09:32:18	10.95	--	4	4380	买盘
09:32:15	10.95	--	3	3285	卖盘
09:32:09	10.95	--	7	7664	买盘
09:32:06	10.95	--	27	29564	卖盘
09:32:00	10.95	0.01	113	123734	买盘
09:31:54	10.94	-0.01	155	169570	卖盘
09:31:48	10.95	--	9	9855	卖盘
09:31:45	10.95	--	47	51465	买盘
09:31:36	10.95	0.02	10	10950	买盘
09:31:33	10.93	-0.02	49	53557	卖盘
09:31:30	10.95	--	126	137970	买盘
09:31:27	10.95	0.01	88	96360	买盘
09:31:24	10.94	--	44	48136	卖盘
09:31:21	10.94	--	48	52512	买盘
09:31:15	10.94	--	27	29538	卖盘
09:31:12	10.94	--	21	22974	卖盘
09:31:09	10.94	0.01	47	51418	买盘
09:31:03	10.93	-0.01	102	111486	卖盘
09:30:57	10.94	--	34	37196	卖盘
09:30:54	10.94	-0.01	36	39384	卖盘
09:30:51	10.95	--	30	32850	买盘
09:30:48	10.95	--	20	21900	卖盘
09:30:45	10.95	-0.01	15	16425	卖盘
09:30:42	10.96	0.01	8	8768	卖盘
09:30:39	10.95	--	4	4380	卖盘
09:30:36	10.95	-0.02	125	136875	卖盘
09:30:06	10.97	--	8	8776	买盘
09:30:03	10.97	0.05	114	125058	买盘
09:30:00	10.92	--	0	0	卖盘
09:25:03	10.92	10.92	646	705432	买盘
