成交时间	成交价	价格变动	成交量(手)	成交额(元)	性质
15:00:03	11.56	0.01	5782	6683992	买盘
14:57:03	11.55	--	385	444675	卖盘
14:57:00	11.55	-0.01	173	199815	卖盘
14:56:57	11.56	--	115	132940	买盘
14:56:54	11.56	--	192	221952	买盘
14:56:51	11.56	0.01	40	46240	买盘
14:56:48	11.55	--	249	287595	卖盘
14:56:45	11.55	--	209	241395	卖盘
14:56:42	11.55	--	45	51975	卖盘
14:56:39	11.55	-0.01	119	137445	卖盘
14:56:36	11.56	0.01	118	136408	买盘
14:56:33	11.55	--	68	79117	卖盘
14:56:30	11.55	--	23	26565	卖盘
14:56:27	11.55	--	38	43890	卖盘
14:56:24	11.55	--	206	237930	卖盘
14:56:21	11.55	-0.01	134	154770	卖盘
14:56:18	11.56	0.01	296	342176	买盘
14:56:15	11.55	--	418	482790	卖盘
14:56:12	11.55	--	153	176715	卖盘
14:56:09	11.55	--	252	291060	卖盘
14:56:06	11.55	--	49	56595	卖盘
14:56:03	11.55	--	2	2310	卖盘
14:56:00	11.55	--	173	199815	卖盘
14:55:57	11.55	--	664	766920	卖盘
14:55:54	11.55	--	227	262185	卖盘
14:55:51	11.55	--	314	362670	卖盘
14:55:48	11.55	--	27	31185	卖盘
14:55:45	11.55	--	364	420420	买盘
14:55:42	11.55	--	142	164010	买盘
14:55:39	11.55	--	60	69300	买盘
14:55:36	11.55	0.01	136	157080	买盘
14:55:33	11.54	-0.02	148	170792	卖盘
14:55:30	11.56	0.02	61	70516	买盘
14:55:27	11.54	-0.01	195	225029	卖盘
14:55:24	11.55	--	141	162855	卖盘
14:55:21	11.55	--	58	66990	卖盘
14:55:18	11.55	--	65	75075	卖盘
14:55:15	11.55	--	61	70455	卖盘
14:55:12	11.55	--	27	31185	卖盘
14:55:09	11.55	--	222	256802	买盘
14:55:06	11.55	0.01	45	51975	买盘
14:55:03	11.54	-0.01	107	123477	卖盘
14:55:00	11.55	--	365	421575	买盘
14:54:57	11.55	0.01	225	259875	买盘
14:54:54	11.54	-0.01	63	72702	卖盘
14:54:51	11.55	--	25	28875	买盘
14:54:48	11.55	--	8	9240	买盘
14:54:45	11.55	--	72	83160	买盘
14:54:42	11.55	--	568	656802	卖盘
14:54:39	11.55	-0.01	27	31185	卖盘
14:54:36	11.56	0.01	10	11560	买盘
14:54:33	11.55	-0.01	86	99330	卖盘
14:54:30	11.56	0.01	123	142188	买盘
14:54:27	11.55	-0.01	365	421575	卖盘
14:54:24	11.56	0.01	17	19652	买盘
14:54:21	11.55	--	94	108570	卖盘
14:54:18	11.55	-0.01	53	61215	卖盘
14:54:15	11.56	--	222	256632	买盘
14:54:12	11.56	--	90	104040	买盘
14:54:09	11.56	--	34	39304	买盘
14:54:06	11.56	--	43	49708	买盘
14:54:03	11.56	0.01	21	24276	买盘
14:54:00	11.55	--	29	33495	卖盘
14:53:57	11.55	--	18	20790	卖盘
14:53:54	11.55	-0.01	100	115500	卖盘
14:53:51	11.56	0.01	252	291312	买盘
14:53:48	11.55	--	49	56595	卖盘
14:53:45	11.55	-0.01	45	51975	卖盘
14:53:42	11.56	0.01	91	105196	买盘
14:53:39	11.55	--	40	46200	卖盘
14:53:36	11.55	-0.01	148	170940	卖盘
14:53:33	11.56	0.01	17	19652	买盘
14:53:30	11.55	--	47	54285	卖盘
14:53:27	11.55	-0.01	5	5775	卖盘
14:53:24	11.56	0.01	49	56644	买盘
14:53:21	11.55	--	42	48510	卖盘
14:53:18	11.55	-0.01	21	24255	卖盘
14:53:15	11.56	0.01	227	262412	买盘
14:53:12	11.55	--	154	177870	卖盘
14:53:09	11.55	-0.01	38	43890	卖盘
14:53:06	11.56	0.01	38	43928	买盘
14:53:03	11.55	--	127	146685	卖盘
14:53:00	11.55	-0.01	5	5775	卖盘
14:52:57	11.56	0.01	37	42772	买盘
14:52:54	11.55	--	368	425040	卖盘
14:52:51	11.55	--	5	5775	卖盘
14:52:48	11.55	--	166	192122	买盘
14:52:45	11.55	--	103	118965	买盘
14:52:42	11.55	0.01	48	55440	买盘
14:52:39	11.54	-0.01	939	1083606	卖盘
14:52:33	11.55	--	30	34650	买盘
14:52:30	11.55	0.01	92	106260	买盘
14:52:27	11.54	--	44	50775	卖盘
14:52:24	11.54	--	50	57699	卖盘
14:52:21	11.54	--	198	228491	卖盘
14:52:18	11.54	--	32	37712	买盘
14:52:15	11.54	--	1006	1160924	卖盘
14:52:12	11.54	--	5	5770	卖盘
14:52:09	11.54	0.01	30	34620	买盘
14:52:06	11.53	-0.01	110	126830	卖盘
14:52:03	11.54	-0.01	56	64623	中性盘
14:52:00	11.55	0.02	1026	1185030	买盘
14:51:57	11.53	-0.01	140	161420	卖盘
14:51:54	11.54	--	65	75010	买盘
14:51:51	11.54	--	21	24234	买盘
14:51:48	11.54	--	165	190410	卖盘
14:51:45	11.54	--	268	309272	买盘
14:51:42	11.54	--	141	162714	买盘
14:51:39	11.54	--	117	135018	买盘
14:51:36	11.54	0.01	5	5770	买盘
14:51:33	11.53	-0.01	42	48426	卖盘
14:51:30	11.54	--	54	62315	卖盘
14:51:27	11.54	--	43	49621	买盘
14:51:24	11.54	--	54	62315	买盘
14:51:21	11.54	--	57	65778	卖盘
14:51:18	11.54	--	55	63469	卖盘
14:51:15	11.54	--	23	26541	卖盘
14:51:12	11.54	--	551	635854	卖盘
14:51:09	11.54	--	37	42698	卖盘
14:51:06	11.54	-0.01	35	40390	卖盘
14:51:00	11.55	0.01	41	47355	买盘
14:50:57	11.54	--	11	12693	卖盘
14:50:54	11.54	--	59	68086	卖盘
14:50:51	11.54	--	10	11540	卖盘
14:50:48	11.54	--	57	65778	卖盘
14:50:45	11.54	--	62	71548	卖盘
14:50:42	11.54	--	12	13847	卖盘
14:50:39	11.54	--	154	177716	买盘
14:50:33	11.54	--	372	429287	买盘
14:50:30	11.54	--	27	31157	买盘
14:50:27	11.54	--	300	346200	买盘
14:50:24	11.54	--	16	18464	买盘
14:50:21	11.54	--	569	656626	卖盘
14:50:18	11.54	--	70	80780	卖盘
14:50:15	11.54	--	222	256187	卖盘
14:50:12	11.54	--	25	28849	卖盘
14:50:09	11.54	--	121	139634	卖盘
14:50:06	11.54	-0.01	61	70394	卖盘
14:50:03	11.55	--	131	151305	买盘
14:50:00	11.55	0.01	104	120120	买盘
14:49:57	11.54	-0.01	138	159252	卖盘
14:49:54	11.55	0.01	18	20790	买盘
14:49:51	11.54	--	35	40390	卖盘
14:49:48	11.54	--	66	76164	卖盘
14:49:45	11.54	--	42	48468	卖盘
14:49:42	11.54	-0.01	82	94628	卖盘
14:49:39	11.55	--	56	64680	买盘
14:49:36	11.55	--	65	75075	买盘
14:49:33	11.55	--	1	1155	买盘
14:49:30	11.55	--	20	23100	买盘
14:49:27	11.55	--	139	161307	卖盘
14:49:24	11.55	--	673	777315	卖盘
14:49:21	11.55	--	66	76230	卖盘
14:49:18	11.55	--	30	34650	卖盘
14:49:15	11.55	--	69	79695	卖盘
14:49:12	11.55	-0.01	533	615615	卖盘
14:49:09	11.56	--	64	73984	买盘
14:49:06	11.56	0.01	85	98260	买盘
14:49:03	11.55	-0.01	53	61215	卖盘
14:49:00	11.56	--	36	41616	买盘
14:48:57	11.56	0.01	66	76296	买盘
14:48:54	11.55	-0.01	49	56595	卖盘
14:48:51	11.56	0.01	17	19652	买盘
14:48:48	11.55	--	116	133980	卖盘
14:48:45	11.55	-0.01	16	18480	卖盘
14:48:42	11.56	0.01	30	34680	买盘
14:48:39	11.55	-0.01	72	83160	卖盘
14:48:36	11.56	0.01	34	39304	买盘
14:48:33	11.55	-0.01	39	45045	卖盘
14:48:30	11.56	--	23	26588	买盘
14:48:27	11.56	--	41	47396	买盘
14:48:24	11.56	--	101	116756	买盘
14:48:21	11.56	0.01	12	13872	买盘
14:48:18	11.55	--	12	13860	卖盘
14:48:15	11.55	--	64	73920	卖盘
14:48:09	11.55	--	41	47355	卖盘
14:48:06	11.55	0.01	175	202517	买盘
14:48:03	11.54	-0.01	6	6923	卖盘
14:48:00	11.55	--	128	147840	买盘
14:47:57	11.55	--	447	516285	买盘
14:47:54	11.55	--	96	110880	买盘
14:47:51	11.55	--	13	15015	买盘
14:47:48	11.55	--	69	79695	买盘
14:47:45	11.55	--	30	34650	买盘
14:47:42	11.55	0.01	44	50820	买盘
14:47:39	11.54	-0.01	2	2308	卖盘
14:47:33	11.55	--	105	121275	买盘
14:47:30	11.55	--	14	16170	买盘
14:47:27	11.55	--	10	11550	买盘
14:47:24	11.55	--	34	39270	买盘
14:47:21	11.55	--	22	25410	买盘
14:47:18	11.55	-0.01	110	127050	卖盘
14:47:15	11.56	0.01	68	78608	买盘
14:47:12	11.55	-0.01	30	34650	卖盘
14:47:09	11.56	0.01	324	374544	买盘
14:47:06	11.55	--	91	105105	卖盘
14:47:03	11.55	--	4	4620	卖盘
14:47:00	11.55	--	6	6930	卖盘
14:46:57	11.55	--	91	105105	买盘
14:46:54	11.55	--	300	346500	买盘
14:46:51	11.55	--	48	55440	买盘
14:46:48	11.55	--	103	118965	买盘
14:46:45	11.55	--	13	15015	买盘
14:46:39	11.55	--	4	4620	买盘
14:46:36	11.55	--	204	235620	买盘
14:46:33	11.55	--	264	304920	卖盘
14:46:27	11.55	0.01	24	27720	卖盘
14:46:24	11.54	--	30	34620	卖盘
14:46:21	11.54	--	38	43852	卖盘
14:46:18	11.54	-0.01	353	407361	卖盘
14:46:15	11.55	--	39	45045	买盘
14:46:12	11.55	0.01	20	23100	买盘
14:46:09	11.54	--	3	3461	卖盘
14:46:06	11.54	-0.01	253	291962	卖盘
14:46:03	11.55	--	11	12705	买盘
14:46:00	11.55	--	17	19635	买盘
14:45:57	11.55	0.01	20	23100	买盘
14:45:54	11.54	--	29	33466	卖盘
14:45:51	11.54	--	421	485833	卖盘
14:45:48	11.54	-0.01	1	1154	卖盘
14:45:45	11.55	0.01	283	326865	买盘
14:45:42	11.54	-0.01	87	100397	卖盘
14:45:39	11.55	0.01	52	60060	买盘
14:45:36	11.54	-0.01	85	98090	卖盘
14:45:33	11.55	0.01	2	2310	买盘
14:45:30	11.54	--	6	6923	卖盘
14:45:27	11.54	-0.01	5	5770	卖盘
14:45:24	11.55	0.01	37	42735	买盘
14:45:21	11.54	--	25	28849	卖盘
14:45:18	11.54	--	105	121169	卖盘
14:45:15	11.54	--	4	4616	卖盘
14:45:12	11.54	-0.01	138	159252	卖盘
14:45:09	11.55	--	14	16170	买盘
14:45:06	11.55	--	9	10395	买盘
14:45:03	11.55	-0.01	139	160545	卖盘
14:45:00	11.56	0.01	2	2312	买盘
14:44:57	11.55	--	39	45045	卖盘
14:44:54	11.55	-0.01	5	5775	卖盘
14:44:51	11.56	--	39	45084	买盘
14:44:48	11.56	0.01	8	9248	买盘
14:44:45	11.55	--	50	57750	卖盘
14:44:42	11.55	-0.01	10	11550	卖盘
14:44:39	11.56	0.01	20	23120	买盘
14:44:36	11.55	--	62	71610	卖盘
14:44:33	11.55	-0.01	33	38115	卖盘
14:44:30	11.56	0.01	142	164152	买盘
14:44:27	11.55	-0.01	164	189420	卖盘
14:44:24	11.56	--	100	115600	买盘
14:44:21	11.56	0.01	1	1156	买盘
14:44:18	11.55	-0.01	20	23100	卖盘
14:44:15	11.56	0.01	10	11560	买盘
14:44:12	11.55	--	194	224070	卖盘
14:44:09	11.55	--	3	3465	卖盘
14:44:06	11.55	-0.01	51	58905	卖盘
14:44:03	11.56	--	131	151436	买盘
14:44:00	11.56	--	46	53176	买盘
14:43:57	11.56	--	28	32368	买盘
14:43:54	11.56	--	44	50864	卖盘
14:43:51	11.56	--	137	158372	买盘
14:43:48	11.56	-0.01	66	76296	买盘
14:43:45	11.57	0.01	29	33553	买盘
14:43:42	11.56	--	20	23120	卖盘
14:43:39	11.56	--	14	16184	卖盘
14:43:36	11.56	--	30	34680	卖盘
14:43:33	11.56	-0.01	197	228148	卖盘
14:43:30	11.57	-0.01	190	219830	卖盘
14:43:27	11.58	--	209	242022	买盘
14:43:24	11.58	0.01	12	13896	买盘
14:43:21	11.57	--	104	120328	卖盘
14:43:18	11.57	-0.01	65	75205	卖盘
14:43:15	11.58	0.01	260	301080	买盘
14:43:12	11.57	--	102	118014	卖盘
14:43:09	11.57	-0.01	270	312390	卖盘
14:43:06	11.58	0.01	42	48636	买盘
14:43:03	11.57	--	9	10413	卖盘
14:43:00	11.57	-0.01	8	9996	卖盘
14:42:57	11.58	--	36	41688	买盘
14:42:54	11.58	0.01	51	59058	买盘
14:42:51	11.57	-0.01	6	6942	卖盘
14:42:48	11.58	--	108	125064	买盘
14:42:45	11.58	--	234	270972	买盘
14:42:42	11.58	--	90	104220	买盘
14:42:39	11.58	--	100	115800	买盘
14:42:36	11.58	--	5	5790	买盘
14:42:33	11.58	0.01	34	39372	买盘
14:42:30	11.57	-0.01	9	10413	卖盘
14:42:27	11.58	0.01	25	28950	买盘
14:42:21	11.57	-0.01	48	55536	卖盘
14:42:18	11.58	0.01	156	180648	买盘
14:42:15	11.57	0.01	338	391066	买盘
14:42:12	11.56	-0.02	15	17340	卖盘
14:42:09	11.58	0.02	13	15054	买盘
14:42:06	11.56	--	25	28900	卖盘
14:42:03	11.56	-0.01	115	132940	卖盘
14:42:00	11.57	--	133	153881	卖盘
14:41:54	11.57	--	134	155038	买盘
14:41:51	11.57	0.01	34	39338	买盘
14:41:48	11.56	-0.01	250	289000	卖盘
14:41:45	11.57	--	17	19669	买盘
14:41:42	11.57	--	152	175864	卖盘
14:41:39	11.57	0.01	109	126113	买盘
14:41:36	11.56	-0.01	11	12716	卖盘
14:41:33	11.57	--	14	16198	买盘
14:41:30	11.57	0.01	86	99502	买盘
14:41:27	11.56	-0.01	48	55488	卖盘
14:41:24	11.57	--	120	138840	买盘
14:41:18	11.57	0.01	106	122642	买盘
14:41:15	11.56	--	15	17340	卖盘
14:41:12	11.56	-0.01	17	19652	卖盘
14:41:06	11.57	0.01	28	32396	买盘
14:41:03	11.56	--	10	11560	卖盘
14:41:00	11.56	--	121	139876	卖盘
14:40:57	11.56	0.01	216	249696	买盘
14:40:54	11.55	--	41	47355	买盘
14:40:51	11.55	--	612	706860	卖盘
14:40:48	11.55	--	21	24255	卖盘
14:40:45	11.55	-0.01	46	53130	卖盘
14:40:42	11.56	0.01	129	149124	买盘
14:40:36	11.55	--	37	42735	卖盘
14:40:30	11.55	-0.01	45	51975	卖盘
14:40:27	11.56	0.01	22	25432	买盘
14:40:24	11.55	--	127	146685	买盘
14:40:21	11.55	--	247	285285	买盘
14:40:18	11.55	--	52	60060	买盘
14:40:15	11.55	--	30	34650	买盘
14:40:12	11.55	0.01	10	11550	买盘
14:40:06	11.54	-0.01	76	87704	卖盘
14:40:03	11.55	0.01	121	139755	买盘
14:40:00	11.54	--	1	1154	卖盘
14:39:57	11.54	--	79	91166	卖盘
14:39:54	11.54	--	27	31157	卖盘
14:39:51	11.54	--	12	13847	卖盘
14:39:48	11.54	--	8	9232	卖盘
14:39:45	11.54	--	80	92320	卖盘
14:39:42	11.54	--	67	77318	卖盘
14:39:39	11.54	--	303	350239	买盘
14:39:36	11.54	0.01	203	234838	买盘
14:39:33	11.53	--	121	139513	卖盘
14:39:30	11.53	--	218	251354	卖盘
14:39:24	11.53	--	217	250201	卖盘
14:39:21	11.53	--	23	26519	卖盘
14:39:18	11.53	--	173	199469	卖盘
14:39:15	11.53	--	67	77251	卖盘
14:39:12	11.53	0.01	121	140089	买盘
14:39:09	11.52	-0.01	5	5760	卖盘
14:39:06	11.53	0.01	24	27672	买盘
14:39:03	11.52	--	216	249408	卖盘
14:39:00	11.52	-0.01	74	85824	卖盘
14:38:57	11.53	--	15	17295	卖盘
14:38:54	11.53	--	169	195433	买盘
14:38:48	11.53	--	39	44967	买盘
14:38:45	11.53	--	27	31707	卖盘
14:38:42	11.53	-0.01	110	126830	卖盘
14:38:39	11.54	0.01	62	72125	买盘
14:38:36	11.53	--	469	540757	卖盘
14:38:33	11.53	-0.01	109	125677	卖盘
14:38:30	11.54	--	1	1154	买盘
14:38:27	11.54	--	20	23080	买盘
14:38:24	11.54	--	66	76164	买盘
14:38:21	11.54	0.01	213	245801	买盘
14:38:18	11.53	-0.01	13	14989	卖盘
14:38:15	11.54	--	1	1154	买盘
14:38:12	11.54	--	51	58853	卖盘
14:38:09	11.54	-0.01	12	13847	卖盘
14:38:06	11.55	0.01	198	228690	买盘
14:38:03	11.54	-0.01	86	99243	卖盘
14:38:00	11.55	0.01	60	69300	买盘
14:37:57	11.54	-0.01	27	31157	卖盘
14:37:54	11.55	0.01	12	13860	买盘
14:37:51	11.54	-0.01	202	233107	卖盘
14:37:48	11.55	--	402	464310	卖盘
14:37:45	11.55	--	10	11550	卖盘
14:37:42	11.55	-0.01	51	58905	卖盘
14:37:39	11.56	--	79	91324	买盘
14:37:36	11.56	0.01	41	47396	买盘
14:37:33	11.55	--	20	23100	卖盘
14:37:30	11.55	-0.01	500	577500	卖盘
14:37:27	11.56	--	40	46240	买盘
14:37:24	11.56	0.01	16	18496	中性盘
14:37:21	11.55	-0.01	889	1026795	卖盘
14:37:18	11.56	--	156	180336	卖盘
14:37:15	11.56	--	5	5780	卖盘
14:37:12	11.56	--	110	127160	卖盘
14:37:09	11.56	--	17	19652	卖盘
14:37:06	11.56	-0.01	10	11560	卖盘
14:37:03	11.57	0.01	30	34710	卖盘
14:37:00	11.56	-0.01	169	195364	卖盘
14:36:57	11.57	0.01	352	407264	买盘
14:36:45	11.56	-0.01	14	16184	卖盘
14:36:42	11.57	--	345	399165	卖盘
14:36:39	11.57	--	73	84461	卖盘
14:36:36	11.57	--	225	260325	卖盘
14:36:33	11.57	--	10	11570	卖盘
14:36:30	11.57	--	86	99502	卖盘
14:36:27	11.57	--	4	4628	卖盘
14:36:24	11.57	-0.01	31	35867	卖盘
14:36:21	11.58	--	3	3474	买盘
14:36:18	11.58	--	140	162120	买盘
14:36:15	11.58	--	68	78744	卖盘
14:36:12	11.58	--	43	49794	卖盘
14:36:09	11.58	--	71	82218	卖盘
14:36:06	11.58	--	18	20844	卖盘
14:36:03	11.58	--	28	32424	卖盘
14:36:00	11.58	--	30	34740	卖盘
14:35:57	11.58	-0.01	19	22002	卖盘
14:35:54	11.59	--	19	22021	买盘
14:35:51	11.59	0.01	132	152988	买盘
14:35:48	11.58	--	75	86850	卖盘
14:35:45	11.58	-0.01	380	440040	卖盘
14:35:42	11.59	0.01	1	1159	买盘
14:35:39	11.58	-0.01	11	12738	卖盘
14:35:36	11.59	--	4	4636	买盘
14:35:30	11.59	0.01	7	8113	买盘
14:35:27	11.58	-0.01	5	5790	卖盘
14:35:24	11.59	-0.01	12	13908	买盘
14:35:21	11.6	0.01	180	208800	买盘
14:35:15	11.59	--	21	25474	卖盘
14:35:12	11.59	--	9	10454	卖盘
14:35:09	11.59	--	51	59109	卖盘
14:35:06	11.59	--	17	19703	卖盘
14:35:03	11.59	--	4	4636	卖盘
14:35:00	11.59	--	1	1159	卖盘
14:34:57	11.59	--	10	11590	卖盘
14:34:54	11.59	0.01	57	66063	买盘
14:34:48	11.58	-0.01	103	119274	卖盘
14:34:45	11.59	--	20	23180	买盘
14:34:39	11.59	0.01	53	61427	买盘
14:34:36	11.58	--	87	100746	卖盘
14:34:27	11.58	--	1	1158	卖盘
14:34:24	11.58	-0.01	58	67164	卖盘
14:34:21	11.59	0.01	121	140239	买盘
14:34:18	11.58	--	700	810600	卖盘
14:34:15	11.58	-0.01	11	12738	卖盘
14:34:12	11.59	0.01	109	126331	买盘
14:34:09	11.58	--	34	39372	卖盘
14:34:06	11.58	--	50	57900	卖盘
14:34:03	11.58	-0.01	10	11580	卖盘
14:34:00	11.59	0.01	75	86925	买盘
14:33:57	11.58	--	13	15054	卖盘
14:33:54	11.58	--	2	2316	卖盘
14:33:51	11.58	--	3	3474	卖盘
14:33:48	11.58	-0.01	200	231600	卖盘
14:33:45	11.59	--	22	25498	买盘
14:33:42	11.59	--	112	129808	买盘
14:33:39	11.59	--	74	85766	买盘
14:33:33	11.59	--	31	35929	买盘
14:33:30	11.59	--	18	20862	买盘
14:33:27	11.59	-0.01	52	60268	卖盘
14:33:21	11.6	--	217	251720	买盘
14:33:18	11.6	0.01	16	18560	买盘
14:33:15	11.59	--	6	6954	卖盘
14:33:12	11.59	--	15	17385	卖盘
14:33:09	11.59	-0.01	83	96197	卖盘
14:33:06	11.6	0.01	1	1160	买盘
14:33:03	11.59	--	21	24339	卖盘
14:33:00	11.59	--	187	216733	卖盘
14:32:57	11.59	--	72	83448	卖盘
14:32:54	11.59	--	80	92720	卖盘
14:32:51	11.59	-0.01	40	46360	卖盘
14:32:48	11.6	0.01	50	58000	买盘
14:32:45	11.59	-0.01	3	3477	卖盘
14:32:42	11.6	--	105	121800	买盘
14:32:39	11.6	0.01	30	34800	买盘
14:32:36	11.59	--	48	55632	卖盘
14:32:30	11.59	--	33	38247	卖盘
14:32:24	11.59	-0.01	188	217892	卖盘
14:32:21	11.6	--	21	24360	买盘
14:32:18	11.6	--	32	37120	买盘
14:32:12	11.6	0.01	5	5800	买盘
14:32:09	11.59	--	12	13908	卖盘
14:32:06	11.59	-0.01	22	25498	卖盘
14:32:03	11.6	--	41	47560	买盘
14:32:00	11.6	0.01	12	13920	买盘
14:31:57	11.59	-0.01	90	104310	卖盘
14:31:54	11.6	--	36	41760	卖盘
14:31:48	11.6	0.01	586	679760	买盘
14:31:45	11.59	--	15	17385	卖盘
14:31:42	11.59	--	72	83448	卖盘
14:31:39	11.59	--	1	1159	卖盘
14:31:36	11.59	--	110	127490	卖盘
14:31:33	11.59	-0.01	11	12749	卖盘
14:31:30	11.6	0.01	216	250560	买盘
14:31:27	11.59	--	10	11590	卖盘
14:31:24	11.59	-0.01	6	6954	卖盘
14:31:21	11.6	--	107	124120	买盘
14:31:09	11.6	--	488	566080	卖盘
14:31:06	11.6	--	107	124120	卖盘
14:31:03	11.6	-0.01	191	221560	卖盘
14:31:00	11.61	--	388	450468	买盘
14:30:54	11.61	0.01	338	392418	买盘
14:30:51	11.6	--	55	63800	卖盘
14:30:48	11.6	--	206	238960	卖盘
14:30:45	11.6	-0.01	95	110200	卖盘
14:30:42	11.61	--	3	3483	买盘
14:30:36	11.61	0.01	51	59211	买盘
14:30:33	11.6	-0.01	25	29000	卖盘
14:30:30	11.61	--	64	74304	卖盘
14:30:27	11.61	--	18	20898	卖盘
14:30:24	11.61	--	20	23220	卖盘
14:30:21	11.61	--	109	126549	卖盘
14:30:18	11.61	0.01	61	70821	买盘
14:30:15	11.6	-0.01	165	191400	卖盘
14:30:12	11.61	--	223	258903	买盘
14:30:09	11.61	0.01	2	2322	买盘
14:30:06	11.6	--	274	317840	卖盘
14:30:03	11.6	--	30	34800	卖盘
14:30:00	11.6	-0.01	137	158920	卖盘
14:29:57	11.61	0.01	342	397062	买盘
14:29:54	11.6	--	31	35960	卖盘
14:29:51	11.6	--	111	128760	卖盘
14:29:48	11.6	--	366	424560	买盘
14:29:45	11.6	--	736	853760	买盘
14:29:42	11.6	0.01	16	18560	买盘
14:29:39	11.59	--	30	34770	卖盘
14:29:36	11.59	-0.01	18	20862	卖盘
14:29:30	11.6	0.01	136	157760	买盘
14:29:27	11.59	--	9	10431	卖盘
14:29:24	11.59	-0.01	28	32452	卖盘
14:29:18	11.6	0.01	30	34800	买盘
14:29:15	11.59	--	107	124013	卖盘
14:29:12	11.59	--	22	25498	卖盘
14:29:09	11.59	--	35	40565	卖盘
14:29:06	11.59	-0.01	92	106628	卖盘
14:29:03	11.6	0.01	1	1160	买盘
14:28:57	11.59	-0.01	7	8113	卖盘
14:28:48	11.6	-0.01	45	52200	卖盘
14:28:45	11.61	0.01	158	183438	买盘
14:28:42	11.6	--	50	58000	卖盘
14:28:39	11.6	--	134	155440	卖盘
14:28:36	11.6	-0.01	70	81200	卖盘
14:28:33	11.61	0.01	218	253098	买盘
14:28:30	11.6	--	78	90480	卖盘
14:28:27	11.6	--	2	2320	卖盘
14:28:24	11.6	--	52	60320	卖盘
14:28:21	11.6	0.01	264	306240	买盘
14:28:18	11.59	-0.02	49	56791	卖盘
14:28:15	11.61	--	50	58050	买盘
14:28:12	11.61	0.01	472	547992	买盘
14:28:09	11.6	--	19	22040	卖盘
14:28:03	11.6	--	301	349160	卖盘
14:28:00	11.6	-0.01	45	52200	卖盘
14:27:57	11.61	-0.01	915	1062315	卖盘
14:27:54	11.62	--	6	6971	买盘
14:27:51	11.62	--	17	19754	买盘
14:27:48	11.62	--	141	163842	卖盘
14:27:45	11.62	--	36	41832	卖盘
14:27:42	11.62	--	131	152222	卖盘
14:27:39	11.62	--	46	53452	卖盘
14:27:36	11.62	--	43	49966	卖盘
14:27:33	11.62	--	1	1162	卖盘
14:27:30	11.62	-0.01	64	74368	卖盘
14:27:27	11.63	--	128	148864	买盘
14:27:24	11.63	--	23	26749	买盘
14:27:21	11.63	--	14	16282	买盘
14:27:18	11.63	--	26	30238	买盘
14:27:15	11.63	--	39	45357	卖盘
14:27:12	11.63	-0.01	46	53498	卖盘
14:27:09	11.64	0.01	30	34920	买盘
14:27:06	11.63	-0.01	178	207014	中性盘
14:27:03	11.64	0.01	424	493536	买盘
14:27:00	11.63	--	413	480319	买盘
14:26:57	11.63	--	10	11630	买盘
14:26:54	11.63	--	250	290750	卖盘
14:26:51	11.63	--	149	173287	卖盘
14:26:48	11.63	-0.01	121	140723	卖盘
14:26:45	11.64	--	150	174600	买盘
14:26:42	11.64	0.01	33	38412	买盘
14:26:39	11.63	--	33	38379	卖盘
14:26:36	11.63	--	15	17445	卖盘
14:26:33	11.63	--	180	209340	买盘
14:26:27	11.63	0.01	137	159331	买盘
14:26:24	11.62	--	32	37184	卖盘
14:26:21	11.62	0.01	21	24402	卖盘
14:26:18	11.61	-0.02	54	62694	卖盘
14:26:15	11.63	--	60	69780	买盘
14:26:12	11.63	0.01	104	120952	买盘
14:26:09	11.62	--	96	111551	卖盘
14:26:06	11.62	0.01	7	8133	买盘
14:26:03	11.61	--	23	26703	卖盘
14:26:00	11.61	--	20	23220	卖盘
14:25:57	11.61	--	519	602559	卖盘
14:25:54	11.61	--	62	71982	卖盘
14:25:48	11.61	--	9	10449	卖盘
14:25:45	11.61	--	278	322758	买盘
14:25:42	11.61	0.01	20	23220	买盘
14:25:36	11.6	-0.01	23	26680	卖盘
14:25:33	11.61	0.01	115	133515	卖盘
14:25:30	11.6	-0.01	100	116000	卖盘
14:25:27	11.61	--	84	97524	卖盘
14:25:24	11.61	0.01	55	63855	卖盘
14:25:21	11.6	-0.01	118	136880	卖盘
14:25:18	11.61	--	49	56889	卖盘
14:25:15	11.61	0.01	34	39474	买盘
14:25:12	11.6	--	42	48720	卖盘
14:25:09	11.6	-0.01	735	853261	卖盘
14:25:06	11.61	0.01	184	214204	买盘
14:25:03	11.6	--	33	38280	卖盘
14:25:00	11.6	--	46	53360	卖盘
14:24:57	11.6	--	33	38280	卖盘
14:24:54	11.6	-0.01	14	16240	卖盘
14:24:51	11.61	--	48	55728	买盘
14:24:48	11.61	0.01	138	160218	买盘
14:24:45	11.6	-0.01	107	124120	卖盘
14:24:42	11.61	0.01	20	23220	买盘
14:24:39	11.6	-0.01	8	9280	卖盘
14:24:36	11.61	--	125	145705	卖盘
14:24:33	11.61	--	184	213624	卖盘
14:24:30	11.61	--	113	131193	卖盘
14:24:27	11.61	-0.01	27	31347	卖盘
14:24:24	11.62	0.01	32	37184	买盘
14:24:21	11.61	--	15	17415	卖盘
14:24:18	11.61	--	49	57469	卖盘
14:24:15	11.61	--	77	89397	卖盘
14:24:12	11.61	--	179	207819	卖盘
14:24:09	11.61	--	77	89397	卖盘
14:24:06	11.61	--	11	12771	卖盘
14:24:03	11.61	--	38	44118	卖盘
14:23:57	11.61	--	73	84753	卖盘
14:23:54	11.61	--	10	11610	卖盘
14:23:51	11.61	--	136	157896	卖盘
14:23:48	11.61	-0.01	85	98685	卖盘
14:23:45	11.62	--	27	31373	买盘
14:23:42	11.62	0.01	33	38346	买盘
14:23:39	11.61	--	96	111456	卖盘
14:23:36	11.61	-0.01	19	22059	卖盘
14:23:33	11.62	-0.01	416	483391	卖盘
14:23:30	11.63	--	430	500090	卖盘
14:23:27	11.63	--	96	111648	卖盘
14:23:24	11.63	-0.01	216	251208	卖盘
14:23:21	11.64	0.01	33	38412	买盘
14:23:18	11.63	-0.01	52	60476	卖盘
14:23:15	11.64	--	191	222324	买盘
14:23:12	11.64	--	28	32592	买盘
14:23:09	11.64	--	153	178092	买盘
14:23:06	11.64	0.01	23	26772	买盘
14:23:03	11.63	-0.01	132	153516	卖盘
14:23:00	11.64	-0.01	414	482978	卖盘
14:22:57	11.65	--	117	136305	买盘
14:22:54	11.65	--	414	482310	买盘
14:22:51	11.65	0.01	26	30290	买盘
14:22:48	11.64	-0.02	103	119892	卖盘
14:22:45	11.66	--	44	51304	买盘
14:22:42	11.66	0.01	634	739244	买盘
14:22:39	11.65	--	349	406585	卖盘
14:22:36	11.65	-0.01	831	968115	卖盘
14:22:33	11.66	0.01	59	68794	买盘
14:22:30	11.65	--	102	118830	卖盘
14:22:27	11.65	--	19	22135	卖盘
14:22:24	11.65	--	171	199215	卖盘
14:22:21	11.65	--	18	20970	卖盘
14:22:18	11.65	--	17	19805	卖盘
14:22:15	11.65	-0.01	24	27960	卖盘
14:22:12	11.66	0.01	242	282172	买盘
14:22:09	11.65	0.01	369	429885	买盘
14:22:06	11.64	--	203	236292	卖盘
14:22:03	11.64	--	1310	1524840	卖盘
14:22:00	11.64	-0.01	182	211848	卖盘
14:21:57	11.65	--	100	116500	买盘
14:21:54	11.65	0.01	117	136305	买盘
14:21:51	11.64	--	193	224652	卖盘
14:21:48	11.64	-0.01	211	245604	卖盘
14:21:45	11.65	--	258	300570	买盘
14:21:42	11.65	--	268	312220	买盘
14:21:39	11.65	0.01	23	27377	买盘
14:21:36	11.64	--	40	46560	卖盘
14:21:33	11.64	--	49	57036	卖盘
14:21:30	11.64	-0.01	84	97776	卖盘
14:21:27	11.65	0.01	90	105514	买盘
14:21:24	11.64	0.01	242	281688	买盘
14:21:21	11.63	-0.01	57	66291	卖盘
14:21:18	11.64	0.01	74	86136	买盘
14:21:15	11.63	-0.01	86	100018	卖盘
14:21:12	11.64	0.02	155	180420	买盘
14:21:09	11.62	-0.01	304	353248	卖盘
14:21:06	11.63	-0.02	128	148864	卖盘
14:21:03	11.65	0.02	81	94365	买盘
14:21:00	11.63	0.01	1	1163	中性盘
14:20:57	11.62	-0.03	12	13943	卖盘
14:20:54	11.65	0.04	120	139800	买盘
14:20:51	11.61	-0.02	68	78948	卖盘
14:20:48	11.63	-0.02	145	168635	中性盘
14:20:45	11.65	0.02	547	637255	买盘
14:20:42	11.63	-0.03	756	879228	卖盘
14:20:39	11.66	0.01	282	328812	买盘
14:20:36	11.65	--	180	209700	买盘
14:20:33	11.65	0.02	324	377460	买盘
14:20:30	11.63	-0.04	2796	3251748	卖盘
14:20:27	11.67	--	1723	2010741	买盘
14:20:24	11.67	0.01	677	790059	买盘
14:20:21	11.66	--	124	144584	买盘
14:20:18	11.66	-0.01	965	1125190	卖盘
14:20:15	11.67	-0.01	1126	1314042	卖盘
14:20:12	11.68	0.01	158	184544	买盘
14:20:09	11.67	-0.01	344	401448	卖盘
14:20:06	11.68	0.01	218	254624	买盘
14:20:03	11.67	0.01	1626	1897542	买盘
14:20:00	11.66	--	396	461736	买盘
14:19:57	11.66	--	649	756734	卖盘
14:19:54	11.66	-0.01	85	99110	卖盘
14:19:51	11.67	0.02	103	120201	买盘
14:19:48	11.65	-0.01	254	295910	卖盘
14:19:45	11.66	0.01	426	496716	买盘
14:19:42	11.65	0.01	794	925010	买盘
14:19:39	11.64	0.02	258	300312	买盘
14:19:36	11.62	-0.01	350	406700	卖盘
14:19:33	11.63	-0.02	24	27912	卖盘
14:19:30	11.65	0.02	280	326200	买盘
14:19:27	11.63	0.02	50	58150	中性盘
14:19:24	11.61	-0.01	1650	1915650	卖盘
14:19:21	11.62	--	61	70882	买盘
14:19:18	11.62	0.02	894	1038827	买盘
14:19:15	11.6	-0.01	11	12760	中性盘
14:19:09	11.61	0.02	517	600237	买盘
14:19:06	11.59	-0.01	274	317566	卖盘
14:19:03	11.6	0.01	750	870000	买盘
14:19:00	11.59	--	8	9272	卖盘
14:18:57	11.59	--	150	173850	买盘
14:18:54	11.59	--	48	55632	买盘
14:18:51	11.59	--	90	104310	买盘
14:18:48	11.59	--	5	5795	买盘
14:18:45	11.59	--	22	25498	买盘
14:18:42	11.59	-0.01	231	267729	卖盘
14:18:39	11.6	--	53	61480	买盘
14:18:36	11.6	--	45	52200	买盘
14:18:33	11.6	--	273	316680	买盘
14:18:30	11.6	0.02	59	68440	买盘
14:18:27	11.58	-0.02	83	96114	卖盘
14:18:24	11.6	--	40	46400	买盘
14:18:21	11.6	--	21	24360	买盘
14:18:18	11.6	0.01	441	511560	买盘
14:18:15	11.59	--	102	118218	卖盘
14:18:12	11.59	-0.01	22	25498	卖盘
14:18:09	11.6	0.01	2	2320	买盘
14:18:06	11.59	0.01	11	12749	买盘
14:18:03	11.58	-0.01	50	57900	卖盘
14:18:00	11.59	--	105	121695	买盘
14:17:57	11.59	0.01	493	571387	中性盘
14:17:54	11.58	-0.01	39	45162	卖盘
14:17:51	11.59	-0.01	42	48678	中性盘
14:17:48	11.6	0.01	68	78880	买盘
14:17:45	11.59	-0.01	122	141398	卖盘
14:17:42	11.6	0.01	135	156600	买盘
14:17:39	11.59	-0.01	184	213256	卖盘
14:17:36	11.6	--	84	97440	买盘
14:17:33	11.6	--	45	52200	买盘
14:17:30	11.6	-0.01	125	145000	卖盘
14:17:27	11.61	0.01	202	234522	买盘
14:17:24	11.6	--	193	223880	卖盘
14:17:21	11.6	--	159	184440	卖盘
14:17:18	11.6	-0.01	96	111360	卖盘
14:17:15	11.61	0.01	174	202014	买盘
14:17:12	11.6	-0.01	230	266800	卖盘
14:17:09	11.61	--	58	67338	买盘
14:17:06	11.61	--	166	192726	买盘
14:17:03	11.61	0.01	547	635067	买盘
14:17:00	11.6	-0.01	111	128760	卖盘
14:16:57	11.61	-0.01	1194	1386234	卖盘
14:16:54	11.62	--	417	484553	买盘
14:16:51	11.62	--	722	838964	买盘
14:16:48	11.62	--	378	439235	买盘
14:16:45	11.62	--	242	281204	买盘
14:16:42	11.62	-0.01	704	818048	卖盘
14:16:39	11.63	--	279	324477	买盘
14:16:36	11.63	0.01	605	703615	买盘
14:16:33	11.62	--	163	189406	卖盘
14:16:30	11.62	-0.01	514	597268	卖盘
14:16:27	11.63	--	66	76758	买盘
14:16:24	11.63	--	19	22097	买盘
14:16:21	11.63	0.02	228	265164	买盘
14:16:18	11.61	--	388	450468	卖盘
14:16:15	11.61	0.01	61	70821	卖盘
14:16:12	11.6	-0.01	925	1073000	卖盘
14:16:09	11.61	0.01	459	532899	买盘
14:16:06	11.6	--	166	192560	买盘
14:16:03	11.6	0.01	158	183280	买盘
14:16:00	11.59	--	20	23180	卖盘
14:15:57	11.59	--	582	674538	卖盘
14:15:54	11.59	0.01	983	1139876	买盘
14:15:51	11.58	--	67	77586	买盘
14:15:48	11.58	--	225	260550	买盘
14:15:45	11.58	--	143	165594	买盘
14:15:42	11.58	--	292	338136	卖盘
14:15:39	11.58	--	27	31266	卖盘
14:15:36	11.58	-0.01	10	11580	卖盘
14:15:33	11.59	0.01	13	15067	买盘
14:15:30	11.58	--	242	280236	买盘
14:15:27	11.58	--	383	443514	买盘
14:15:24	11.58	-0.01	43	49794	卖盘
14:15:21	11.59	0.01	150	173850	买盘
14:15:18	11.58	-0.01	80	92640	买盘
14:15:15	11.59	0.02	188	217892	买盘
14:15:12	11.57	-0.02	70	80990	卖盘
14:15:09	11.59	--	394	456646	买盘
14:15:06	11.59	--	597	691923	买盘
14:15:03	11.59	--	85	98515	买盘
14:15:00	11.59	0.01	128	148352	买盘
14:14:57	11.58	-0.01	71	82218	买盘
14:14:54	11.59	--	43	49837	买盘
14:14:51	11.59	--	578	669902	买盘
14:14:48	11.59	--	63	73017	买盘
14:14:45	11.59	--	123	142557	买盘
14:14:42	11.59	0.01	208	241072	买盘
14:14:39	11.58	-0.02	181	209598	卖盘
14:14:36	11.6	--	382	443120	买盘
14:14:33	11.6	--	379	439640	买盘
14:14:30	11.6	-0.01	469	544040	卖盘
14:14:27	11.61	--	476	552636	卖盘
14:14:24	11.61	--	632	733752	卖盘
14:14:21	11.61	-0.01	221	256581	卖盘
14:14:18	11.62	--	367	426454	买盘
14:14:15	11.62	--	37	42994	买盘
14:14:12	11.62	--	95	110389	买盘
14:14:09	11.62	--	121	140602	买盘
14:14:06	11.62	0.04	4425	5141850	买盘
14:14:03	11.58	0.01	328	379824	买盘
14:14:00	11.57	--	210	242970	买盘
14:13:57	11.57	--	26	30082	买盘
14:13:54	11.57	0.01	332	384124	买盘
14:13:51	11.56	0.01	497	574532	买盘
14:13:48	11.55	--	30	34650	卖盘
14:13:45	11.55	--	531	613882	买盘
14:13:42	11.55	0.01	160	184800	买盘
14:13:39	11.54	0.01	679	783566	买盘
14:13:33	11.53	--	9	10377	卖盘
14:13:30	11.53	--	182	209972	买盘
14:13:27	11.53	0.01	251	289403	买盘
14:13:24	11.52	-0.01	100	115200	卖盘
14:13:21	11.53	--	23	26519	买盘
14:13:18	11.53	0.01	5	5765	买盘
14:13:15	11.52	--	25	28800	卖盘
14:13:12	11.52	--	11	12672	卖盘
14:13:06	11.52	--	21	24192	卖盘
14:13:03	11.52	-0.01	41	47232	卖盘
14:13:00	11.53	--	28	32284	买盘
14:12:57	11.53	0.01	2	2306	买盘
14:12:54	11.52	-0.01	4	4608	卖盘
14:12:51	11.53	--	5	5765	买盘
14:12:48	11.53	--	25	28825	买盘
14:12:42	11.53	-0.01	174	201648	卖盘
14:12:39	11.54	0.01	12	13847	买盘
14:12:36	11.53	--	258	297474	卖盘
14:12:33	11.53	--	20	23060	卖盘
14:12:27	11.53	-0.01	35	40355	卖盘
14:12:21	11.54	0.01	36	41544	买盘
14:12:18	11.53	--	9	10377	卖盘
14:12:15	11.53	--	10	11656	卖盘
14:12:12	11.53	0.01	10	11530	中性盘
14:12:09	11.52	-0.01	99	114048	卖盘
14:12:06	11.53	--	1	1153	卖盘
14:12:00	11.53	0.01	6	6918	买盘
14:11:57	11.52	--	130	149760	卖盘
14:11:54	11.52	-0.01	19	21888	卖盘
14:11:51	11.53	--	138	159114	买盘
14:11:48	11.53	0.01	48	55344	买盘
14:11:42	11.52	--	5	5760	卖盘
14:11:39	11.52	--	34	39168	卖盘
14:11:30	11.52	--	44	51264	买盘
14:11:24	11.52	--	25	28800	买盘
14:11:18	11.52	--	23	26496	买盘
14:11:15	11.52	--	90	103680	卖盘
14:11:12	11.52	--	1	1152	卖盘
14:11:03	11.52	--	34	39168	买盘
14:10:57	11.52	--	13	14976	买盘
14:10:54	11.52	--	1	1152	买盘
14:10:51	11.52	--	20	23040	买盘
14:10:45	11.52	-0.01	31	35712	卖盘
14:10:42	11.53	0.01	18	20754	买盘
14:10:36	11.52	-0.01	10	11520	卖盘
14:10:33	11.53	--	23	26519	买盘
14:10:30	11.53	--	85	98005	买盘
14:10:24	11.53	--	2	2306	买盘
14:10:21	11.53	-0.01	239	275567	卖盘
14:10:18	11.54	--	40	46160	买盘
14:10:15	11.54	--	50	57699	买盘
14:10:12	11.54	--	14	16155	买盘
14:10:06	11.54	--	36	41544	买盘
14:10:03	11.54	--	70	80780	买盘
14:10:00	11.54	--	92	106167	买盘
14:09:57	11.54	0.01	8	9232	买盘
14:09:54	11.53	--	91	104923	卖盘
14:09:51	11.53	-0.01	91	104923	卖盘
14:09:48	11.54	--	96	110783	买盘
14:09:45	11.54	--	43	49621	买盘
14:09:42	11.54	-0.01	13	15001	中性盘
14:09:39	11.55	0.01	240	277200	买盘
14:09:36	11.54	--	78	90589	卖盘
14:09:33	11.54	-0.01	219	252725	卖盘
14:09:30	11.55	0.01	260	300300	买盘
14:09:27	11.54	-0.01	78	90012	卖盘
14:09:24	11.55	--	97	112035	买盘
14:09:21	11.55	--	18	20790	买盘
14:09:18	11.55	0.01	25	28875	买盘
14:09:15	11.54	-0.01	51	58853	卖盘
14:09:12	11.55	0.01	57	65835	买盘
14:09:09	11.54	-0.01	84	96936	卖盘
14:09:03	11.55	0.01	65	75652	买盘
14:09:00	11.54	--	146	168484	买盘
14:08:57	11.54	--	26	30003	买盘
14:08:54	11.54	0.01	97	111937	买盘
14:08:51	11.53	--	28	32284	卖盘
14:08:48	11.53	-0.01	6	6918	卖盘
14:08:45	11.54	0.01	6	6923	买盘
14:08:42	11.53	--	116	133748	买盘
14:08:39	11.53	0.01	24	27672	买盘
14:08:36	11.52	0.01	1352	1558080	买盘
14:08:33	11.51	--	25	28775	卖盘
14:08:30	11.51	--	15	17265	卖盘
14:08:27	11.51	0.01	126	145026	买盘
14:08:24	11.5	-0.01	35	40250	卖盘
14:08:21	11.51	0.01	300	345300	买盘
14:08:18	11.5	0.01	165	189750	中性盘
14:08:15	11.49	-0.01	238	273462	卖盘
14:08:12	11.5	--	100	115000	买盘
14:08:09	11.5	--	2	2300	买盘
14:08:06	11.5	-0.01	14	16100	卖盘
14:08:03	11.51	0.02	300	345300	买盘
14:08:00	11.49	--	52	59748	卖盘
14:07:57	11.49	-0.01	5	5745	卖盘
14:07:54	11.5	--	13	14950	买盘
14:07:51	11.5	--	7	8050	买盘
14:07:48	11.5	--	3	3450	买盘
14:07:45	11.5	0.01	10	11500	买盘
14:07:42	11.49	-0.01	103	118347	卖盘
14:07:39	11.5	--	13	14950	买盘
14:07:36	11.5	--	285	327750	卖盘
14:07:33	11.5	--	10	11500	卖盘
14:07:27	11.5	--	10	11500	卖盘
14:07:24	11.5	--	20	23000	卖盘
14:07:21	11.5	--	2	2300	卖盘
14:07:15	11.5	-0.01	100	115000	卖盘
14:07:09	11.51	0.01	100	115100	买盘
14:07:06	11.5	--	36	41400	卖盘
14:07:03	11.5	-0.01	52	59800	卖盘
14:07:00	11.51	0.01	366	421266	买盘
14:06:54	11.5	-0.01	67	77050	卖盘
14:06:51	11.51	--	26	29926	买盘
14:06:48	11.51	--	6	6906	买盘
14:06:45	11.51	0.01	8	9208	买盘
14:06:42	11.5	--	42	48300	卖盘
14:06:30	11.5	--	28	32200	卖盘
14:06:27	11.5	-0.01	50	57500	卖盘
14:06:24	11.51	--	1	1151	买盘
14:06:21	11.51	0.01	5	5755	买盘
14:06:18	11.5	--	15	17250	卖盘
14:06:15	11.5	--	16	18400	卖盘
14:06:12	11.5	-0.01	30	34500	卖盘
14:06:09	11.51	0.01	53	61003	买盘
14:06:06	11.5	--	28	32200	卖盘
14:06:03	11.5	--	13	14950	卖盘
14:06:00	11.5	--	60	69000	卖盘
14:05:57	11.5	--	20	23000	卖盘
14:05:54	11.5	--	50	57500	卖盘
14:05:48	11.5	--	20	23000	卖盘
14:05:45	11.5	0.01	285	327750	买盘
14:05:39	11.49	-0.01	10	11490	卖盘
14:05:36	11.5	0.01	326	375095	买盘
14:05:33	11.49	--	7	8043	卖盘
14:05:30	11.49	-0.01	29	33321	卖盘
14:05:27	11.5	--	10	11500	买盘
14:05:24	11.5	0.01	37	42550	买盘
14:05:21	11.49	--	51	58599	卖盘
14:05:15	11.49	--	27	31023	卖盘
14:05:12	11.49	--	65	74685	卖盘
14:05:09	11.49	--	4	4596	卖盘
14:05:06	11.49	--	11	12639	卖盘
14:05:03	11.49	-0.01	6	6894	卖盘
14:05:00	11.5	0.01	13	14950	买盘
14:04:57	11.49	--	7	8043	卖盘
14:04:54	11.49	--	34	39066	卖盘
14:04:51	11.49	--	135	155115	卖盘
14:04:48	11.49	--	7	8043	卖盘
14:04:42	11.49	-0.01	25	28725	卖盘
14:04:39	11.5	--	15	17250	买盘
14:04:36	11.5	0.01	2	2300	买盘
14:04:33	11.49	--	17	19854	卖盘
14:04:30	11.49	-0.01	5	5745	卖盘
14:04:24	11.5	--	27	31050	买盘
14:04:21	11.5	--	2	2300	买盘
14:04:18	11.5	0.01	5	5750	买盘
14:04:15	11.49	-0.01	32	36768	卖盘
14:04:12	11.5	--	20	23000	买盘
14:04:09	11.5	--	43	49450	买盘
14:04:03	11.5	0.01	2	2300	买盘
14:04:00	11.49	-0.01	55	63195	卖盘
14:03:57	11.5	0.01	79	90850	买盘
14:03:54	11.49	-0.01	5	5745	卖盘
14:03:48	11.5	0.01	1	1150	买盘
14:03:39	11.49	-0.01	36	41364	卖盘
14:03:36	11.5	--	10	11500	买盘
14:03:33	11.5	--	1	1150	买盘
14:03:27	11.5	0.01	10	11500	买盘
14:03:24	11.49	-0.01	39	44811	卖盘
14:03:21	11.5	--	2	2300	买盘
14:03:15	11.5	--	56	64400	卖盘
14:03:12	11.5	--	101	116150	卖盘
14:03:09	11.5	--	7	8050	卖盘
14:03:06	11.5	--	10	11500	卖盘
14:03:03	11.5	--	42	48300	买盘
14:03:00	11.5	--	10	11500	买盘
14:02:57	11.5	--	10	11500	买盘
14:02:54	11.5	--	18	20700	买盘
14:02:51	11.5	--	27	31050	买盘
14:02:48	11.5	--	57	65550	买盘
14:02:45	11.5	--	33	37950	买盘
14:02:36	11.5	--	13	14950	买盘
14:02:33	11.5	--	22	25300	卖盘
14:02:30	11.5	--	14	16100	买盘
14:02:27	11.5	-0.01	6	6900	中性盘
14:02:24	11.51	0.01	91	104741	买盘
14:02:21	11.5	--	9	10350	买盘
14:02:18	11.5	--	25	28750	买盘
14:02:15	11.5	--	151	173650	卖盘
14:02:12	11.5	--	7	8050	卖盘
14:02:06	11.5	--	3	3450	卖盘
14:02:03	11.5	-0.01	29	33350	卖盘
14:02:00	11.51	--	70	80570	买盘
14:01:57	11.51	0.01	83	95533	买盘
14:01:51	11.5	-0.01	8	9200	卖盘
14:01:42	11.51	--	44	51599	卖盘
14:01:39	11.51	--	4	4604	卖盘
14:01:36	11.51	--	25	28970	买盘
14:01:33	11.51	--	140	162095	买盘
14:01:30	11.51	0.01	5	5755	买盘
14:01:27	11.5	--	13	15145	买盘
14:01:24	11.5	--	12	13800	买盘
14:01:21	11.5	-0.01	984	1132554	卖盘
14:01:18	11.51	--	44	50644	卖盘
14:01:09	11.51	-0.01	19	21869	卖盘
14:01:06	11.52	0.01	67	77184	买盘
14:01:03	11.51	0.01	2	2302	卖盘
14:00:57	11.5	--	17	19550	卖盘
14:00:42	11.5	-0.01	325	374325	卖盘
14:00:39	11.51	--	2	2302	买盘
14:00:36	11.51	--	17	19567	买盘
14:00:30	11.51	0.01	15	17265	买盘
14:00:27	11.5	--	17	20320	卖盘
14:00:21	11.5	-0.01	87	100050	卖盘
14:00:18	11.51	--	16	18416	买盘
14:00:15	11.51	0.01	10	11510	买盘
14:00:12	11.5	--	20	23000	卖盘
14:00:03	11.5	0.01	13	14950	买盘
14:00:00	11.49	-0.01	79	90771	卖盘
13:59:57	11.5	--	59	67850	买盘
13:59:45	11.5	--	5	5750	买盘
13:59:42	11.5	0.01	10	11500	买盘
13:59:39	11.49	--	109	125241	卖盘
13:59:33	11.49	-0.01	2	2298	卖盘
13:59:30	11.5	--	8	9200	买盘
13:59:27	11.5	--	28	32200	买盘
13:59:24	11.5	--	218	250700	买盘
13:59:21	11.5	--	5	5750	买盘
13:59:18	11.5	--	7	8050	买盘
13:59:15	11.5	--	25	28750	买盘
13:59:12	11.5	--	20	23000	买盘
13:59:09	11.5	--	138	158700	买盘
13:59:06	11.5	--	10	11500	买盘
13:59:00	11.5	-0.01	153	176525	卖盘
13:58:54	11.51	0.01	2	2302	买盘
13:58:45	11.5	--	146	168475	买盘
13:58:42	11.5	--	26	30475	卖盘
13:58:39	11.5	--	12	14375	买盘
13:58:36	11.5	--	10	11500	买盘
13:58:27	11.5	--	49	56350	买盘
13:58:24	11.5	--	10	11500	买盘
13:58:21	11.5	--	51	59225	卖盘
13:58:18	11.5	--	44	51175	买盘
13:58:15	11.5	--	13	14950	买盘
13:58:12	11.5	0.01	10	11500	买盘
13:58:09	11.49	-0.01	5	5745	卖盘
13:58:06	11.5	0.01	15	17250	买盘
13:58:03	11.49	-0.01	101	116049	卖盘
13:58:00	11.5	0.01	220	253000	买盘
13:57:57	11.49	--	19	21831	卖盘
13:57:54	11.49	-0.01	2	2298	中性盘
13:57:48	11.5	0.01	250	287500	买盘
13:57:45	11.49	--	13	14937	买盘
13:57:39	11.49	0.01	54	62046	买盘
13:57:36	11.48	-0.01	150	172200	卖盘
13:57:30	11.49	0.01	12	13788	买盘
13:57:27	11.48	-0.01	21	24108	卖盘
13:57:21	11.49	0.01	15	17235	买盘
13:57:18	11.48	--	27	30996	卖盘
13:57:15	11.48	-0.01	16	18368	卖盘
13:57:12	11.49	0.01	10	11490	买盘
13:57:06	11.48	-0.01	10	11480	卖盘
13:57:03	11.49	0.01	7	8043	买盘
13:57:00	11.48	--	51	58548	卖盘
13:56:57	11.48	--	65	74620	卖盘
13:56:54	11.48	-0.01	13	14924	卖盘
13:56:51	11.49	--	27	31023	买盘
13:56:48	11.49	--	2	2298	买盘
13:56:45	11.49	--	5	5745	买盘
13:56:39	11.49	--	20	22980	买盘
13:56:36	11.49	--	316	363084	卖盘
13:56:33	11.49	--	244	280356	卖盘
13:56:30	11.49	-0.01	15	17235	卖盘
13:56:27	11.5	--	60	69000	买盘
13:56:24	11.5	--	18	20700	买盘
13:56:21	11.5	--	23	26450	买盘
13:56:18	11.5	--	10	11500	买盘
13:56:15	11.5	--	70	80500	买盘
13:56:12	11.5	--	3	3450	买盘
13:56:09	11.5	--	9	10350	买盘
13:56:03	11.5	--	148	170200	买盘
13:56:00	11.5	--	301	346725	卖盘
13:55:57	11.5	-0.01	1	1150	卖盘
13:55:54	11.51	0.01	10	11510	买盘
13:55:51	11.5	--	67	77050	卖盘
13:55:48	11.5	-0.01	32	36800	卖盘
13:55:45	11.51	--	3	3453	买盘
13:55:42	11.51	--	10	11510	买盘
13:55:39	11.51	--	1	1151	买盘
13:55:36	11.51	--	17	19567	买盘
13:55:33	11.51	-0.01	278	319978	卖盘
13:55:30	11.52	--	24	27648	买盘
13:55:27	11.52	--	40	46080	买盘
13:55:21	11.52	--	42	48384	买盘
13:55:18	11.52	0.01	10	11520	买盘
13:55:15	11.51	-0.01	17	19567	卖盘
13:55:12	11.52	--	216	248832	买盘
13:55:09	11.52	--	1	1152	买盘
13:55:06	11.52	--	21	24192	买盘
13:55:03	11.52	--	501	577152	买盘
13:55:00	11.52	--	30	34560	买盘
13:54:57	11.52	0.01	26	29952	买盘
13:54:54	11.51	-0.01	10	11510	卖盘
13:54:51	11.52	0.01	22	25344	买盘
13:54:48	11.51	--	20	23020	卖盘
13:54:45	11.51	--	12	13812	卖盘
13:54:42	11.51	--	6	6906	卖盘
13:54:39	11.51	-0.01	30	34530	卖盘
13:54:36	11.52	--	41	47232	买盘
13:54:30	11.52	0.01	6	6912	买盘
13:54:27	11.51	--	9	10359	卖盘
13:54:21	11.51	--	21	24171	卖盘
13:54:18	11.51	-0.01	180	207180	卖盘
13:54:15	11.52	0.01	10	11520	买盘
13:54:12	11.51	-0.01	92	105892	卖盘
13:54:09	11.52	0.01	243	279936	买盘
13:54:06	11.51	-0.01	3	3453	卖盘
13:54:00	11.52	0.01	5	5760	买盘
13:53:57	11.51	--	11	12661	卖盘
13:53:54	11.51	--	5	5755	买盘
13:53:51	11.51	--	24	27624	买盘
13:53:48	11.51	--	74	85174	买盘
13:53:45	11.51	0.01	104	119704	买盘
13:53:42	11.5	-0.01	30	34500	卖盘
13:53:39	11.51	0.01	26	29926	买盘
13:53:36	11.5	--	91	104650	卖盘
13:53:33	11.5	-0.01	16	18400	卖盘
13:53:30	11.51	--	12	13812	买盘
13:53:27	11.51	0.01	64	73664	买盘
13:53:24	11.5	--	14	16100	卖盘
13:53:21	11.5	-0.01	37	42550	卖盘
13:53:18	11.51	--	10	11510	买盘
13:53:15	11.51	--	66	75966	卖盘
13:53:12	11.51	--	147	169197	买盘
13:53:09	11.51	0.01	12	13812	买盘
13:53:06	11.5	-0.01	59	68425	卖盘
13:53:03	11.51	--	32	36832	买盘
13:52:57	11.51	0.01	275	316525	买盘
13:52:54	11.5	--	4	4600	卖盘
13:52:51	11.5	--	54	62100	卖盘
13:52:48	11.5	--	50	57500	卖盘
13:52:45	11.5	--	116	133400	卖盘
13:52:42	11.5	0.01	289	332350	买盘
13:52:39	11.49	-0.01	71	81579	卖盘
13:52:36	11.5	0.01	8	9200	买盘
13:52:33	11.49	-0.01	15	17235	卖盘
13:52:30	11.5	0.01	8	9200	买盘
13:52:24	11.49	--	20	22980	卖盘
13:52:21	11.49	--	31	35619	卖盘
13:52:18	11.49	--	430	494070	买盘
13:52:15	11.49	--	54	62046	买盘
13:52:12	11.49	--	14	16086	买盘
13:52:09	11.49	--	557	639993	买盘
13:52:06	11.49	--	163	187287	买盘
13:52:03	11.49	--	20	22980	买盘
13:52:00	11.49	--	19	21831	买盘
13:51:57	11.49	--	22	25278	买盘
13:51:54	11.49	--	138	158562	买盘
13:51:51	11.49	--	94	108006	买盘
13:51:48	11.49	0.01	18	20682	买盘
13:51:45	11.48	--	31	35588	卖盘
13:51:42	11.48	-0.01	66	75768	卖盘
13:51:39	11.49	0.02	154	176946	买盘
13:51:36	11.47	-0.01	160	183520	卖盘
13:51:33	11.48	--	4	4592	卖盘
13:51:30	11.48	--	89	102172	卖盘
13:51:27	11.48	--	180	207214	买盘
13:51:24	11.48	--	10	11480	买盘
13:51:21	11.48	0.01	110	126280	买盘
13:51:18	11.47	-0.01	13	14911	卖盘
13:51:12	11.48	--	65	74620	买盘
13:51:09	11.48	--	26	29848	买盘
13:51:06	11.48	--	20	22960	买盘
13:51:03	11.48	0.01	32	36736	买盘
13:50:57	11.47	-0.01	16	18352	卖盘
13:50:54	11.48	--	182	208936	买盘
13:50:51	11.48	--	40	45920	卖盘
13:50:48	11.48	--	9	10332	卖盘
13:50:45	11.48	--	99	113652	买盘
13:50:42	11.48	--	3	3444	买盘
13:50:39	11.48	--	26	29848	买盘
13:50:36	11.48	--	142	163016	买盘
13:50:33	11.48	--	20	22960	买盘
13:50:27	11.48	--	105	120540	买盘
13:50:21	11.48	--	316	362768	卖盘
13:50:15	11.48	--	130	149240	卖盘
13:50:06	11.48	--	41	47068	卖盘
13:49:57	11.48	--	175	200900	卖盘
13:49:54	11.48	-0.01	21	24108	卖盘
13:49:51	11.49	0.01	592	680208	买盘
13:49:48	11.48	--	10	11480	卖盘
13:49:39	11.48	--	188	215824	卖盘
13:49:36	11.48	-0.01	4	4592	卖盘
13:49:33	11.49	--	5	5745	买盘
13:49:30	11.49	0.01	10	11490	买盘
13:49:27	11.48	--	72	82656	卖盘
13:49:21	11.48	--	225	258300	卖盘
13:49:18	11.48	-0.01	41	47068	卖盘
13:49:15	11.49	0.01	5	5745	买盘
13:49:12	11.48	-0.01	1	1148	卖盘
13:49:03	11.49	--	15	17235	买盘
13:48:57	11.49	--	10	11490	买盘
13:48:51	11.49	-0.01	372	427428	卖盘
13:48:48	11.5	--	8	9200	买盘
13:48:45	11.5	--	204	234600	买盘
13:48:39	11.5	0.01	431	495650	买盘
13:48:36	11.49	--	20	22980	卖盘
13:48:30	11.49	-0.01	10	11490	卖盘
13:48:24	11.5	--	1	1150	买盘
13:48:15	11.5	0.02	1	1150	买盘
13:48:12	11.48	--	10	11480	卖盘
13:48:09	11.48	-0.01	400	459200	卖盘
13:48:06	11.49	-0.01	4	4596	中性盘
13:48:03	11.5	0.01	43	49450	买盘
13:47:57	11.49	-0.01	5	5745	卖盘
13:47:54	11.5	0.01	36	41400	买盘
13:47:51	11.49	--	33	37917	卖盘
13:47:48	11.49	-0.01	64	73536	卖盘
13:47:42	11.5	0.01	6	6900	买盘
13:47:39	11.49	--	61	70089	卖盘
13:47:36	11.49	--	51	58599	卖盘
13:47:33	11.49	--	1	1149	卖盘
13:47:30	11.49	--	140	160860	卖盘
13:47:24	11.49	--	40	45960	卖盘
13:47:21	11.49	--	20	22980	卖盘
13:47:18	11.49	--	14	16086	卖盘
13:47:12	11.49	0.01	16	18384	买盘
13:47:09	11.48	-0.01	62	71176	卖盘
13:47:03	11.49	--	10	11490	买盘
13:47:00	11.49	--	9	10341	买盘
13:46:57	11.49	--	2	2298	买盘
13:46:54	11.49	--	10	11490	买盘
13:46:51	11.49	--	55	63195	卖盘
13:46:48	11.49	--	31	35619	卖盘
13:46:39	11.49	--	30	34470	卖盘
13:46:36	11.49	-0.01	100	114900	卖盘
13:46:33	11.5	--	7	8050	买盘
13:46:30	11.5	0.01	6	6900	买盘
13:46:27	11.49	--	36	41364	卖盘
13:46:21	11.49	--	10	11490	卖盘
13:46:15	11.49	-0.01	10	11490	卖盘
13:46:09	11.5	0.01	236	271400	买盘
13:46:03	11.49	-0.01	26	29874	卖盘
13:46:00	11.5	--	142	163300	买盘
13:45:57	11.5	0.01	7	8050	买盘
13:45:54	11.49	-0.01	28	32172	卖盘
13:45:51	11.5	--	50	57500	买盘
13:45:48	11.5	--	20	23000	买盘
13:45:45	11.5	0.01	16	18400	买盘
13:45:39	11.49	-0.01	1	1149	卖盘
13:45:36	11.5	--	108	124200	买盘
13:45:33	11.5	--	9	10350	买盘
13:45:30	11.5	0.01	10	11500	买盘
13:45:27	11.49	-0.01	61	70089	卖盘
13:45:24	11.5	--	27	31050	买盘
13:45:21	11.5	--	8	9200	买盘
13:45:18	11.5	--	15	17250	买盘
13:45:15	11.5	--	1	1150	买盘
13:45:12	11.5	--	86	98900	买盘
13:45:09	11.5	--	84	96600	卖盘
13:44:57	11.5	-0.01	11	12650	卖盘
13:44:54	11.51	0.01	9	10359	买盘
13:44:48	11.5	--	7	8050	中性盘
13:44:39	11.5	--	50	57500	买盘
13:44:36	11.5	--	7	8050	买盘
13:44:33	11.5	--	9	10350	买盘
13:44:30	11.5	--	87	100050	买盘
13:44:24	11.5	0.01	20	23000	买盘
13:44:21	11.49	-0.01	37	42513	卖盘
13:44:15	11.5	--	31	35650	买盘
13:44:09	11.5	--	86	98900	买盘
13:44:06	11.5	0.01	100	115000	买盘
13:43:57	11.49	-0.01	10	11490	卖盘
13:43:54	11.5	0.01	1	1150	买盘
13:43:51	11.49	--	96	110304	卖盘
13:43:48	11.49	-0.01	8	9192	卖盘
13:43:45	11.5	0.01	51	58650	买盘
13:43:42	11.49	--	10	11490	卖盘
13:43:33	11.49	--	3	3447	买盘
13:43:30	11.49	--	11	12639	买盘
13:43:21	11.49	--	9	10341	买盘
13:43:18	11.49	--	18	20682	买盘
13:43:15	11.49	0.01	20	22980	买盘
13:43:12	11.48	-0.01	42	48216	卖盘
13:43:09	11.49	--	26	29874	买盘
13:43:06	11.49	--	20	22980	买盘
13:43:03	11.49	--	223	256227	卖盘
13:43:00	11.49	--	4	4596	卖盘
13:42:57	11.49	--	2	2298	卖盘
13:42:54	11.49	--	18	20682	卖盘
13:42:48	11.49	--	13	14937	卖盘
13:42:45	11.49	--	10	11490	卖盘
13:42:42	11.49	--	1	1149	卖盘
13:42:39	11.49	-0.01	14	16086	卖盘
13:42:36	11.5	0.01	15	17250	买盘
13:42:30	11.49	--	53	60897	卖盘
13:42:21	11.49	0.01	100	114900	买盘
13:42:15	11.48	--	154	176792	卖盘
13:42:03	11.48	--	55	63140	卖盘
13:42:00	11.48	0.01	20	22960	中性盘
13:41:54	11.47	--	177	203019	卖盘
13:41:51	11.47	--	141	161727	卖盘
13:41:48	11.47	--	18	20646	卖盘
13:41:45	11.47	-0.01	2	2294	卖盘
13:41:42	11.48	--	5	5740	买盘
13:41:36	11.48	--	41	47068	买盘
13:41:33	11.48	--	20	22960	买盘
13:41:30	11.48	--	14	16072	买盘
13:41:27	11.48	0.01	31	35588	买盘
13:41:18	11.47	-0.01	36	41292	卖盘
13:41:12	11.48	-0.01	463	531524	卖盘
13:41:06	11.49	0.01	11	12639	买盘
13:41:03	11.48	-0.01	120	137760	卖盘
13:41:00	11.49	--	100	114900	买盘
13:40:57	11.49	--	20	22980	买盘
13:40:54	11.49	--	20	22980	买盘
13:40:51	11.49	--	128	147106	卖盘
13:40:48	11.49	--	5	5745	卖盘
13:40:45	11.49	-0.01	160	183840	卖盘
13:40:42	11.5	0.01	32	36800	买盘
13:40:39	11.49	-0.01	25	28725	卖盘
13:40:36	11.5	--	20	23000	买盘
13:40:33	11.5	--	2	2300	买盘
13:40:30	11.5	--	16	18400	买盘
13:40:24	11.5	-0.01	102	117300	卖盘
13:40:21	11.51	0.01	42	48342	买盘
13:40:18	11.5	--	26	29900	卖盘
13:40:15	11.5	--	50	57500	卖盘
13:40:12	11.5	--	345	396750	卖盘
13:40:06	11.5	--	20	23000	卖盘
13:40:03	11.5	--	12	13800	卖盘
13:40:00	11.5	--	20	23000	卖盘
13:39:57	11.5	--	23	26450	卖盘
13:39:54	11.5	-0.01	10	11500	卖盘
13:39:51	11.51	0.01	97	111647	买盘
13:39:48	11.5	--	156	179400	卖盘
13:39:42	11.5	--	34	39100	卖盘
13:39:36	11.5	--	10	11500	卖盘
13:39:33	11.5	--	60	69000	卖盘
13:39:30	11.5	--	3	3450	卖盘
13:39:21	11.5	-0.01	9	10350	卖盘
13:39:18	11.51	0.01	41	47191	买盘
13:39:15	11.5	-0.01	120	138000	卖盘
13:39:12	11.51	0.01	120	138120	买盘
13:39:09	11.5	-0.01	10	11500	卖盘
13:39:06	11.51	0.01	30	34530	买盘
13:39:03	11.5	--	77	88550	卖盘
13:39:00	11.5	--	5	5750	卖盘
13:38:57	11.5	--	1	1150	卖盘
13:38:51	11.5	--	21	24150	卖盘
13:38:48	11.5	--	151	173650	卖盘
13:38:39	11.5	--	19	21850	卖盘
13:38:30	11.5	--	35	40250	卖盘
13:38:18	11.5	0.01	75	86250	买盘
13:38:15	11.49	-0.01	1	1149	卖盘
13:38:12	11.5	--	114	131100	买盘
13:38:00	11.5	--	20	23000	卖盘
13:37:57	11.5	-0.01	6	6900	卖盘
13:37:54	11.51	--	53	61003	买盘
13:37:51	11.51	0.01	2	2302	买盘
13:37:48	11.5	--	145	166750	卖盘
13:37:45	11.5	--	10	11500	卖盘
13:37:42	11.5	--	13	14950	卖盘
13:37:39	11.5	--	8	9200	卖盘
13:37:33	11.5	-0.01	20	23000	卖盘
13:37:30	11.51	0.01	73	84023	买盘
13:37:27	11.5	--	56	64400	买盘
13:37:24	11.5	--	14	16100	买盘
13:37:21	11.5	--	70	81075	卖盘
13:37:18	11.5	--	80	92000	卖盘
13:37:15	11.5	--	7	8050	卖盘
13:37:12	11.5	--	10	11500	卖盘
13:37:06	11.5	0.01	109	125925	买盘
13:37:03	11.49	--	3	3447	卖盘
13:37:00	11.49	-0.01	220	252780	卖盘
13:36:57	11.5	--	6	6900	买盘
13:36:54	11.5	--	74	85100	买盘
13:36:51	11.5	--	20	23000	买盘
13:36:48	11.5	--	37	42550	买盘
13:36:45	11.5	--	64	74175	卖盘
13:36:42	11.5	--	7	8050	卖盘
13:36:39	11.5	-0.01	444	510600	卖盘
13:36:36	11.51	0.01	17	19567	买盘
13:36:33	11.5	--	14	16100	卖盘
13:36:30	11.5	--	15	17250	卖盘
13:36:27	11.5	-0.01	10	11500	卖盘
13:36:24	11.51	0.01	35	40285	买盘
13:36:21	11.5	-0.01	5	5750	卖盘
13:36:12	11.51	0.01	65	74815	买盘
13:36:09	11.5	-0.01	221	254150	卖盘
13:35:57	11.51	--	10	11510	买盘
13:35:54	11.51	0.01	42	48342	买盘
13:35:51	11.5	-0.01	11	12650	卖盘
13:35:48	11.51	0.01	10	11510	买盘
13:35:45	11.5	-0.01	18	21275	卖盘
13:35:42	11.51	0.01	10	11510	买盘
13:35:36	11.5	--	35	40250	卖盘
13:35:33	11.5	--	15	17250	卖盘
13:35:30	11.5	-0.01	11	12650	卖盘
13:35:27	11.51	--	50	57550	买盘
13:35:15	11.51	0.01	3	3453	买盘
13:35:12	11.5	--	45	51750	卖盘
13:35:09	11.5	-0.01	5	5750	卖盘
13:35:06	11.51	0.01	100	115100	买盘
13:35:03	11.5	-0.01	10	11500	卖盘
13:34:57	11.51	--	110	126610	买盘
13:34:51	11.51	--	2	2302	买盘
13:34:48	11.51	--	21	24171	买盘
13:34:39	11.51	--	128	147328	买盘
13:34:36	11.51	--	9	10359	卖盘
13:34:33	11.51	--	26	29926	买盘
13:34:27	11.51	--	10	11510	买盘
13:34:21	11.51	0.01	13	14963	买盘
13:34:18	11.5	-0.01	10	11500	卖盘
13:34:15	11.51	--	7	8057	买盘
13:34:12	11.51	0.01	10	11510	买盘
13:34:09	11.5	--	2	2300	卖盘
13:34:03	11.5	--	34	39100	卖盘
13:34:00	11.5	-0.01	20	23000	卖盘
13:33:57	11.51	--	11	12661	买盘
13:33:54	11.51	--	2	2302	买盘
13:33:51	11.51	0.02	54	62154	买盘
13:33:48	11.49	-0.02	217	249333	卖盘
13:33:42	11.51	-0.01	10	11510	买盘
13:33:36	11.52	0.02	9	10368	中性盘
13:33:33	11.5	-0.02	36	41400	卖盘
13:33:30	11.52	0.01	153	177373	买盘
13:33:27	11.51	0.01	16	18416	买盘
13:33:24	11.5	--	26	29900	卖盘
13:33:21	11.5	-0.01	86	98900	卖盘
13:33:18	11.51	0.01	80	92080	买盘
13:33:15	11.5	--	40	46000	卖盘
13:33:06	11.5	-0.01	4	4600	卖盘
13:33:03	11.51	--	10	11510	买盘
13:33:00	11.51	0.01	51	58701	买盘
13:32:57	11.5	-0.01	896	1030400	卖盘
13:32:54	11.51	--	80	92080	买盘
13:32:51	11.51	0.01	4	4604	买盘
13:32:48	11.5	-0.01	53	60950	卖盘
13:32:45	11.51	--	131	150781	卖盘
13:32:42	11.51	--	3	3453	卖盘
13:32:39	11.51	--	5	5755	卖盘
13:32:36	11.51	--	19	21869	卖盘
13:32:33	11.51	--	330	379830	买盘
13:32:30	11.51	0.01	60	69060	买盘
13:32:27	11.5	-0.01	20	23000	卖盘
13:32:24	11.51	--	78	89778	买盘
13:32:21	11.51	--	50	57550	买盘
13:32:18	11.51	--	26	29926	买盘
13:32:15	11.51	--	49	56399	买盘
13:32:12	11.51	--	58	66758	买盘
13:32:09	11.51	--	77	88627	买盘
13:32:06	11.51	0.01	8	9208	买盘
13:32:00	11.5	-0.02	168	193200	卖盘
13:31:54	11.52	0.01	66	76032	买盘
13:31:51	11.51	--	10	11510	买盘
13:31:48	11.51	--	16	18450	卖盘
13:31:45	11.51	--	1005	1156755	卖盘
13:31:36	11.51	--	10	11510	卖盘
13:31:33	11.51	--	8	9208	卖盘
13:31:30	11.51	--	390	448890	买盘
13:31:27	11.51	0.01	10	11510	买盘
13:31:24	11.5	-0.01	14	16100	卖盘
13:31:21	11.51	0.01	5	5755	买盘
13:31:18	11.5	-0.01	40	46000	卖盘
13:31:09	11.51	0.01	20	23020	买盘
13:31:03	11.5	-0.01	10	11500	卖盘
13:31:00	11.51	--	25	28775	买盘
13:30:57	11.51	--	7	8057	买盘
13:30:54	11.51	--	687	790737	卖盘
13:30:51	11.51	-0.01	2	2302	卖盘
13:30:48	11.52	0.01	1	1152	卖盘
13:30:45	11.51	-0.02	61	70211	卖盘
13:30:42	11.53	0.01	10	11530	买盘
13:30:39	11.52	--	167	192384	卖盘
13:30:30	11.52	-0.01	5	5760	卖盘
13:30:27	11.53	--	20	23060	买盘
13:30:24	11.53	--	9	10377	买盘
13:30:21	11.53	0.01	10	11530	买盘
13:30:18	11.52	-0.01	12	13824	卖盘
13:30:15	11.53	0.01	32	36896	买盘
13:30:12	11.52	--	44	50688	卖盘
13:30:09	11.52	-0.01	2	2304	卖盘
13:30:06	11.53	--	8	9224	买盘
13:29:54	11.53	--	20	23060	买盘
13:29:51	11.53	0.01	58	66874	买盘
13:29:45	11.52	-0.01	61	70272	卖盘
13:29:42	11.53	--	51	58803	买盘
13:29:39	11.53	--	55	63415	买盘
13:29:30	11.53	--	1	1153	买盘
13:29:18	11.53	--	7	8071	买盘
13:29:15	11.53	--	18	20754	买盘
13:29:12	11.53	-0.01	27	31430	卖盘
13:29:09	11.54	0.01	35	40390	买盘
13:29:06	11.53	--	11	12683	卖盘
13:29:03	11.53	-0.01	37	42661	卖盘
13:29:00	11.54	0.01	22	25387	买盘
13:28:54	11.53	-0.01	178	205234	卖盘
13:28:51	11.54	--	21	24234	买盘
13:28:48	11.54	0.01	13	15001	买盘
13:28:45	11.53	--	18	20754	卖盘
13:28:42	11.53	-0.01	51	58803	卖盘
13:28:39	11.54	--	129	148866	买盘
13:28:36	11.54	0.01	154	177716	买盘
13:28:33	11.53	-0.01	60	69180	卖盘
13:28:30	11.54	--	18	20772	买盘
13:28:27	11.54	--	11	12693	买盘
13:28:21	11.54	--	1	1154	买盘
13:28:18	11.54	--	44	50775	买盘
13:28:15	11.54	-0.01	101	116553	卖盘
13:28:12	11.55	--	19	21945	买盘
13:28:09	11.55	--	20	23100	买盘
13:28:06	11.55	--	2	2310	买盘
13:28:03	11.55	--	18	20790	买盘
13:27:54	11.55	--	9	10395	买盘
13:27:51	11.55	--	35	40425	买盘
13:27:48	11.55	--	3	3465	买盘
13:27:45	11.55	0.01	47	54285	买盘
13:27:42	11.54	--	53	61161	卖盘
13:27:39	11.54	--	5	5770	买盘
13:27:36	11.54	--	78	90012	卖盘
13:27:30	11.54	--	58	66932	买盘
13:27:27	11.54	0.01	54	62315	买盘
13:27:24	11.53	--	17	19601	卖盘
13:27:21	11.53	-0.01	54	62262	卖盘
13:27:12	11.54	--	64	73856	买盘
13:27:09	11.54	0.01	100	115399	买盘
13:27:06	11.53	--	102	118459	卖盘
13:27:03	11.53	-0.01	178	205234	卖盘
13:27:00	11.54	0.01	8	9232	买盘
13:26:57	11.53	--	2	2306	卖盘
13:26:54	11.53	--	15	17295	卖盘
13:26:48	11.53	--	114	131442	买盘
13:26:45	11.53	--	60	69180	买盘
13:26:42	11.53	0.01	176	202928	买盘
13:26:39	11.52	-0.01	313	360576	卖盘
13:26:36	11.53	--	20	23060	买盘
13:26:30	11.53	--	37	42661	买盘
13:26:27	11.53	--	23	26519	买盘
13:26:24	11.53	--	436	502708	买盘
13:26:21	11.53	--	15	17295	买盘
13:26:18	11.53	--	20	23060	买盘
13:26:15	11.53	--	5	5765	买盘
13:26:09	11.53	--	110	126830	卖盘
13:26:03	11.53	--	3	3459	卖盘
13:26:00	11.53	--	50	57650	卖盘
13:25:57	11.53	-0.01	9	10377	卖盘
13:25:54	11.54	0.01	50	57699	买盘
13:25:48	11.53	--	31	35743	卖盘
13:25:45	11.53	--	22	25366	卖盘
13:25:42	11.53	--	10	11530	卖盘
13:25:36	11.53	0.01	105	121065	买盘
13:25:33	11.52	-0.01	43	49536	卖盘
13:25:30	11.53	0.01	20	23060	买盘
13:25:27	11.52	--	28	32256	买盘
13:25:24	11.52	-0.01	7	8064	卖盘
13:25:21	11.53	--	2	2306	买盘
13:25:18	11.53	0.01	10	11530	买盘
13:25:15	11.52	--	52	59904	卖盘
13:25:12	11.52	--	10	11520	卖盘
13:25:09	11.52	-0.01	42	48384	卖盘
13:25:06	11.53	0.01	43	49579	买盘
13:25:03	11.52	--	23	26496	卖盘
13:24:45	11.52	--	30	34560	卖盘
13:24:42	11.52	--	25	28800	卖盘
13:24:39	11.52	--	40	46080	卖盘
13:24:36	11.52	0.01	14	16128	买盘
13:24:33	11.51	--	252	290052	卖盘
13:24:30	11.51	-0.01	79	90929	卖盘
13:24:27	11.52	--	5	5760	买盘
13:24:24	11.52	--	20	23040	买盘
13:24:21	11.52	--	36	41472	买盘
13:24:18	11.52	--	17	19584	买盘
13:24:15	11.52	--	107	123264	卖盘
13:24:12	11.52	-0.01	1	1152	卖盘
13:24:06	11.53	--	3	3459	买盘
13:24:03	11.53	0.01	40	46120	买盘
13:23:57	11.52	-0.01	42	48384	卖盘
13:23:54	11.53	0.01	1	1153	买盘
13:23:51	11.52	--	2	2304	卖盘
13:23:48	11.52	--	20	23040	卖盘
13:23:45	11.52	--	40	46080	卖盘
13:23:42	11.52	-0.01	58	66816	卖盘
13:23:39	11.53	0.01	50	57650	买盘
13:23:33	11.52	--	6	6912	卖盘
13:23:30	11.52	--	10	11520	卖盘
13:23:24	11.52	0.01	290	334080	买盘
13:23:18	11.51	-0.01	2	2302	卖盘
13:23:15	11.52	0.01	50	57600	买盘
13:23:12	11.51	--	18	20718	卖盘
13:23:09	11.51	--	23	26473	卖盘
13:23:00	11.51	--	33	37983	卖盘
13:22:57	11.51	--	30	34530	卖盘
13:22:54	11.51	0.01	91	104741	买盘
13:22:51	11.5	--	10	11500	卖盘
13:22:45	11.5	-0.01	14	16100	卖盘
13:22:42	11.51	--	23	26473	买盘
13:22:39	11.51	--	35	40285	买盘
13:22:33	11.51	--	16	18416	买盘
13:22:27	11.51	--	20	23020	买盘
13:22:24	11.51	-0.01	43	49493	中性盘
13:22:03	11.52	--	14	16128	买盘
13:21:51	11.52	0.02	11	12672	买盘
13:21:45	11.5	-0.03	648	745200	卖盘
13:21:39	11.53	0.01	20	23060	买盘
13:21:36	11.52	-0.01	10	11520	卖盘
13:21:30	11.53	--	6	6918	卖盘
13:21:24	11.53	--	1	1153	买盘
13:21:21	11.53	--	20	23060	买盘
13:21:15	11.53	-0.01	30	34590	中性盘
13:21:03	11.54	--	55	63469	买盘
13:21:00	11.54	--	955	1102070	卖盘
13:20:57	11.54	-0.01	13	15001	卖盘
13:20:54	11.55	--	32	36960	买盘
13:20:51	11.55	--	5	5775	买盘
13:20:48	11.55	--	31	35805	买盘
13:20:42	11.55	--	1	1155	买盘
13:20:36	11.55	--	68	78540	买盘
13:20:33	11.55	0.01	20	23100	买盘
13:20:27	11.54	0.01	20	23080	中性盘
13:20:24	11.53	-0.02	59	68027	卖盘
13:20:21	11.55	0.02	150	173250	买盘
13:20:18	11.53	-0.01	31	35743	卖盘
13:20:15	11.54	--	34	39236	买盘
13:20:12	11.54	--	2	2308	买盘
13:20:06	11.54	--	5	5770	买盘
13:20:03	11.54	--	76	88281	卖盘
13:20:00	11.54	--	5	5770	卖盘
13:19:57	11.54	-0.01	20	23080	卖盘
13:19:54	11.55	--	13	15015	买盘
13:19:51	11.55	--	5	5775	买盘
13:19:48	11.55	0.01	27	31185	买盘
13:19:45	11.54	--	59	68086	卖盘
13:19:42	11.54	-0.01	6	6923	卖盘
13:19:39	11.55	--	15	17325	买盘
13:19:36	11.55	--	6	6930	买盘
13:19:33	11.55	--	1	1155	买盘
13:19:30	11.55	--	166	191730	买盘
13:19:27	11.55	--	2	2310	买盘
13:19:24	11.55	0.01	68	78540	买盘
13:19:21	11.54	-0.02	5	5770	卖盘
13:19:18	11.56	0.01	62	71672	买盘
13:19:15	11.55	-0.01	37	42735	卖盘
13:19:12	11.56	0.01	8	9248	买盘
13:19:09	11.55	--	40	46200	卖盘
13:19:06	11.55	--	70	80850	卖盘
13:19:03	11.55	--	5	5775	卖盘
13:19:00	11.55	--	14	16170	卖盘
13:18:57	11.55	--	10	11550	卖盘
13:18:54	11.55	--	83	95865	买盘
13:18:48	11.55	--	7	8085	买盘
13:18:45	11.55	--	3	3465	买盘
13:18:42	11.55	--	25	28875	买盘
13:18:36	11.55	0.01	7	8085	卖盘
13:18:33	11.54	-0.01	286	330621	卖盘
13:18:30	11.55	--	50	57750	买盘
13:18:27	11.55	0.01	51	58905	买盘
13:18:24	11.54	-0.01	25	28849	卖盘
13:18:21	11.55	--	45	51975	买盘
13:18:18	11.55	--	6	6930	买盘
13:18:15	11.55	--	258	297990	买盘
13:18:09	11.55	0.01	5	5775	买盘
13:18:06	11.54	-0.01	48	55391	卖盘
13:18:03	11.55	0.01	3	3465	买盘
13:18:00	11.54	-0.01	108	124631	卖盘
13:17:57	11.55	--	95	109725	卖盘
13:17:54	11.55	--	490	565950	买盘
13:17:51	11.55	0.01	184	212520	买盘
13:17:48	11.54	-0.01	44	50775	卖盘
13:17:45	11.55	--	5	5775	买盘
13:17:42	11.55	--	73	84315	买盘
13:17:39	11.55	--	19	21945	买盘
13:17:36	11.55	--	13	15015	买盘
13:17:33	11.55	--	35	40425	买盘
13:17:30	11.55	-0.01	113	130515	卖盘
13:17:27	11.56	--	20	23120	买盘
13:17:24	11.56	--	47	54332	买盘
13:17:21	11.56	0.01	141	162996	买盘
13:17:18	11.55	-0.01	56	64680	卖盘
13:17:15	11.56	--	12	13872	买盘
13:17:12	11.56	--	602	695912	买盘
13:17:09	11.56	0.01	68	78608	买盘
13:17:06	11.55	--	1	1155	卖盘
13:17:03	11.55	-0.01	50	57750	卖盘
13:17:00	11.56	0.01	81	93636	买盘
13:16:57	11.55	--	71	82005	卖盘
13:16:54	11.55	--	2	2310	卖盘
13:16:48	11.55	--	5	5775	卖盘
13:16:45	11.55	0.01	353	407715	买盘
13:16:39	11.54	--	22	25387	卖盘
13:16:36	11.54	--	35	40390	卖盘
13:16:33	11.54	--	22	25387	买盘
13:16:30	11.54	--	36	41544	买盘
13:16:27	11.54	--	44	50775	买盘
13:16:24	11.54	0.01	48	55391	买盘
13:16:21	11.53	-0.01	49	56497	卖盘
13:16:18	11.54	--	7	8077	买盘
13:16:15	11.54	0.01	10	11540	买盘
13:16:12	11.53	--	26	29978	卖盘
13:16:09	11.53	-0.01	18	20754	中性盘
13:16:03	11.54	--	27	31157	买盘
13:16:00	11.54	--	11	12693	买盘
13:15:57	11.54	-0.01	131	151174	中性盘
13:15:51	11.55	--	53	61215	买盘
13:15:48	11.55	-0.01	175	202125	卖盘
13:15:45	11.56	0.01	552	638112	买盘
13:15:42	11.55	--	199	229845	卖盘
13:15:39	11.55	-0.01	56	64680	卖盘
13:15:36	11.56	--	69	79764	买盘
13:15:30	11.56	--	1209	1397604	买盘
13:15:27	11.56	-0.01	32	36992	买盘
13:15:24	11.57	0.02	67	77519	买盘
13:15:21	11.55	-0.02	61	70455	卖盘
13:15:18	11.57	--	156	180492	买盘
13:15:15	11.57	--	632	731224	买盘
13:15:12	11.57	-0.01	210	242970	卖盘
13:15:09	11.58	0.01	16	18528	买盘
13:15:06	11.57	-0.01	30	34710	卖盘
13:15:03	11.58	0.01	64	74112	买盘
13:15:00	11.57	-0.01	63	72891	卖盘
13:14:57	11.58	--	112	129696	买盘
13:14:54	11.58	--	12	13896	买盘
13:14:51	11.58	0.01	119	137802	买盘
13:14:48	11.57	0.01	13	15041	买盘
13:14:45	11.56	-0.02	93	107508	卖盘
13:14:42	11.58	--	42	48636	买盘
13:14:36	11.58	0.02	22	25476	买盘
13:14:30	11.56	-0.02	4	4624	卖盘
13:14:27	11.58	0.03	674	780492	买盘
13:14:24	11.55	--	70	80850	卖盘
13:14:21	11.55	--	50	57750	卖盘
13:14:18	11.55	--	1	1155	卖盘
13:14:15	11.55	--	2	2310	卖盘
13:14:12	11.55	0.02	1277	1474935	买盘
13:14:09	11.53	0.01	1	1153	买盘
13:14:06	11.52	--	40	46080	买盘
13:14:03	11.52	--	131	150912	买盘
13:14:00	11.52	--	47	54144	买盘
13:13:57	11.52	--	10	11520	买盘
13:13:51	11.52	--	43	49536	买盘
13:13:48	11.52	0.01	140	161280	买盘
13:13:45	11.51	-0.01	10	11510	卖盘
13:13:42	11.52	0.01	20	23040	买盘
13:13:39	11.51	-0.01	4	4604	卖盘
13:13:36	11.52	0.01	20	23040	买盘
13:13:30	11.51	--	10	11510	卖盘
13:13:27	11.51	0.01	10	11510	中性盘
13:13:24	11.5	--	20	23000	卖盘
13:13:21	11.5	-0.01	217	249550	卖盘
13:13:18	11.51	--	80	93196	买盘
13:13:15	11.51	0.01	42	48342	买盘
13:13:12	11.5	-0.01	106	121900	卖盘
13:13:09	11.51	0.01	23	26473	买盘
13:13:03	11.5	-0.01	15	17250	卖盘
13:13:00	11.51	--	11	12661	买盘
13:12:51	11.51	0.01	345	397095	买盘
13:12:48	11.5	-0.01	8	9200	卖盘
13:12:45	11.51	0.01	24	27624	买盘
13:12:39	11.5	0.02	542	623300	买盘
13:12:33	11.48	--	10	11480	卖盘
13:12:30	11.48	--	10	11480	卖盘
13:12:27	11.48	--	11	12628	卖盘
13:12:21	11.48	--	11	12628	卖盘
13:12:18	11.48	0.01	11	12628	买盘
13:12:15	11.47	-0.01	25	28675	卖盘
13:12:06	11.48	--	5	5740	买盘
13:12:03	11.48	-0.01	15	17220	卖盘
13:12:00	11.49	0.01	10	11490	买盘
13:11:54	11.48	-0.01	10	11480	中性盘
13:11:51	11.49	0.01	10	11490	买盘
13:11:48	11.48	--	33	37884	卖盘
13:11:45	11.48	--	11	12628	卖盘
13:11:42	11.48	-0.01	8	9184	卖盘
13:11:36	11.49	0.01	2	2298	买盘
13:11:30	11.48	-0.01	100	114800	卖盘
13:11:27	11.49	--	5	5745	买盘
13:11:21	11.49	--	13	14937	买盘
13:11:15	11.49	0.01	20	22980	买盘
13:11:12	11.48	--	50	57400	卖盘
13:11:09	11.48	-0.01	12	13776	卖盘
13:11:06	11.49	--	5	5745	买盘
13:11:00	11.49	--	12	13788	买盘
13:10:57	11.49	--	15	17235	买盘
13:10:54	11.49	-0.01	65	74685	卖盘
13:10:45	11.5	--	8	9200	买盘
13:10:39	11.5	--	22	25300	买盘
13:10:33	11.5	--	17	19550	买盘
13:10:30	11.5	--	18	20700	卖盘
13:10:27	11.5	--	116	133400	卖盘
13:10:12	11.5	--	52	59800	买盘
13:10:06	11.5	--	29	33350	买盘
13:10:03	11.5	--	55	63250	买盘
13:09:57	11.5	--	1	1150	买盘
13:09:54	11.5	--	10	11500	买盘
13:09:48	11.5	-0.01	15	17250	中性盘
13:09:45	11.51	--	33	38017	卖盘
13:09:42	11.51	0.01	110	127726	买盘
13:09:39	11.5	-0.01	112	128834	卖盘
13:09:36	11.51	0.01	80	92080	买盘
13:09:33	11.5	-0.01	253	292065	卖盘
13:09:21	11.51	0.01	41	47191	买盘
13:09:18	11.5	--	75	86250	卖盘
13:09:15	11.5	-0.01	4	4600	卖盘
13:09:12	11.51	--	26	29926	买盘
13:09:09	11.51	0.01	10	11510	买盘
13:09:03	11.5	--	68	78200	卖盘
13:09:00	11.5	--	56	64400	卖盘
13:08:54	11.5	--	15	17250	卖盘
13:08:45	11.5	0.01	492	565800	买盘
13:08:36	11.49	--	17	19533	买盘
13:08:30	11.49	--	140	160860	买盘
13:08:24	11.49	--	20	22980	买盘
13:08:21	11.49	-0.01	2	2298	卖盘
13:08:18	11.5	--	41	47150	买盘
13:08:15	11.5	--	5	5750	买盘
13:08:12	11.5	--	173	198950	买盘
13:08:09	11.5	--	100	115000	买盘
13:08:03	11.5	0.01	66	75900	买盘
13:08:00	11.49	-0.01	34	39066	卖盘
13:07:57	11.5	0.01	20	23000	买盘
13:07:48	11.49	--	27	31023	卖盘
13:07:45	11.49	--	27	31023	买盘
13:07:39	11.49	0.01	58	66642	买盘
13:07:36	11.48	--	64	73472	卖盘
13:07:33	11.48	0.01	50	57400	中性盘
13:07:21	11.47	--	22	25234	卖盘
13:07:18	11.47	--	15	17205	卖盘
13:07:15	11.47	--	10	11470	卖盘
13:07:00	11.47	--	3	4014	买盘
13:06:57	11.47	--	5	5735	买盘
13:06:48	11.47	--	65	74555	买盘
13:06:45	11.47	0.01	15	17205	买盘
13:06:42	11.46	-0.01	10	11460	卖盘
13:06:33	11.47	0.01	9	10323	买盘
13:06:27	11.46	--	1	1146	卖盘
13:06:21	11.46	--	78	89388	买盘
13:06:15	11.46	--	5	5730	买盘
13:06:12	11.46	--	5	5730	买盘
13:06:06	11.46	0.01	87	99702	买盘
13:06:03	11.45	-0.01	202	231290	卖盘
13:05:57	11.46	--	8	9168	买盘
13:05:54	11.46	--	40	45840	买盘
13:05:51	11.46	--	5	5730	买盘
13:05:48	11.46	--	101	115746	卖盘
13:05:39	11.46	-0.01	13	14898	卖盘
13:05:36	11.47	--	77	88319	买盘
13:05:33	11.47	--	2	2294	买盘
13:05:30	11.47	--	36	41292	买盘
13:05:27	11.47	--	32	36704	买盘
13:05:24	11.47	--	31	35557	买盘
13:05:18	11.47	--	109	125023	卖盘
13:05:15	11.47	-0.01	62	71114	卖盘
13:05:12	11.48	--	10	11480	买盘
13:05:06	11.48	0.01	68	78064	买盘
13:05:03	11.47	-0.01	38	43586	卖盘
13:04:57	11.48	--	2	2296	买盘
13:04:54	11.48	0.01	40	45920	买盘
13:04:48	11.47	-0.01	16	18352	卖盘
13:04:45	11.48	--	130	149240	买盘
13:04:42	11.48	--	1	1148	买盘
13:04:39	11.48	--	1	1148	买盘
13:04:36	11.48	--	2	2296	买盘
13:04:33	11.48	--	1	1148	买盘
13:04:30	11.48	--	178	204344	买盘
13:04:21	11.48	--	1	1148	买盘
13:04:18	11.48	-0.01	253	291018	卖盘
13:04:12	11.49	0.01	2	2298	卖盘
13:04:09	11.48	--	220	252560	卖盘
13:03:57	11.48	-0.01	50	57400	卖盘
13:03:54	11.49	0.01	700	804874	买盘
13:03:48	11.48	-0.01	20	22960	卖盘
13:03:45	11.49	--	10	11490	买盘
13:03:39	11.49	--	5	5745	买盘
13:03:36	11.49	--	140	160860	买盘
13:03:33	11.49	-0.01	204	234396	卖盘
13:03:27	11.5	--	27	31050	买盘
13:03:24	11.5	--	1	1150	买盘
13:03:21	11.5	--	4	4600	买盘
13:03:18	11.5	--	20	23000	买盘
13:03:15	11.5	--	149	171350	卖盘
13:03:12	11.5	-0.01	8	9200	卖盘
13:03:03	11.51	0.01	13	14963	买盘
13:02:54	11.5	--	2	2300	卖盘
13:02:45	11.5	--	4	4600	卖盘
13:02:42	11.5	0.02	5	5750	中性盘
13:02:39	11.48	-0.03	19	21812	卖盘
13:02:36	11.51	0.01	41	47191	买盘
13:02:33	11.5	--	9	10350	买盘
13:02:30	11.5	0.02	160	184000	买盘
13:02:21	11.48	-0.02	17	19516	卖盘
13:02:18	11.5	0.02	2	2300	买盘
13:02:15	11.48	--	2	2296	卖盘
13:02:09	11.48	-0.01	149	171052	卖盘
13:02:06	11.49	0.01	137	157413	买盘
13:01:57	11.48	-0.01	47	53956	卖盘
13:01:54	11.49	0.01	3	3447	买盘
13:01:51	11.48	-0.02	45	51660	卖盘
13:01:48	11.5	0.01	45	51750	买盘
13:01:42	11.49	-0.01	182	209118	卖盘
13:01:39	11.5	--	32	36800	买盘
13:01:36	11.5	-0.01	935	1075250	卖盘
13:01:33	11.51	--	9	10359	卖盘
13:01:30	11.51	--	5	5755	卖盘
13:01:24	11.51	--	205	235955	卖盘
13:01:21	11.51	--	30	34530	卖盘
13:01:18	11.51	-0.01	132	151932	卖盘
13:01:12	11.52	0.01	3	3456	买盘
13:01:09	11.51	-0.02	29	33379	卖盘
13:01:06	11.53	--	6	6918	买盘
13:01:03	11.53	--	16	18448	买盘
13:01:00	11.53	0.01	10	11530	买盘
13:00:57	11.52	--	122	140544	买盘
13:00:54	11.52	-0.01	1	1152	买盘
13:00:51	11.53	0.01	5	5765	买盘
13:00:45	11.52	-0.02	82	94464	卖盘
13:00:39	11.54	0.02	158	182332	买盘
13:00:36	11.52	--	50	57600	卖盘
13:00:30	11.52	--	92	105984	买盘
13:00:21	11.52	0.01	1	1152	买盘
13:00:15	11.51	--	22	25322	卖盘
13:00:12	11.51	--	6	6906	买盘
13:00:09	11.51	0.01	91	104741	买盘
13:00:06	11.5	--	754	867100	买盘
13:00:03	11.5	--	0	0	买盘
11:30:03	11.5	--	46	52900	买盘
11:30:00	11.5	--	203	233450	买盘
11:29:57	11.5	--	14	16100	买盘
11:29:54	11.5	--	1	1150	买盘
11:29:51	11.5	--	100	115000	买盘
11:29:45	11.5	--	43	49450	买盘
11:29:42	11.5	--	164	188600	买盘
11:29:36	11.5	0.01	22	25300	买盘
11:29:33	11.49	--	24	27576	卖盘
11:29:21	11.49	--	7	8043	卖盘
11:29:18	11.49	0.01	325	373425	买盘
11:29:15	11.48	--	17	19516	卖盘
11:29:12	11.48	-0.01	35	40180	卖盘
11:29:06	11.49	0.01	9	10341	买盘
11:28:57	11.48	--	17	19516	买盘
11:28:54	11.48	--	7	8036	买盘
11:28:51	11.48	--	102	117096	买盘
11:28:48	11.48	--	356	408688	买盘
11:28:45	11.48	--	32	36736	买盘
11:28:42	11.48	0.01	50	57400	买盘
11:28:39	11.47	-0.01	71	81437	卖盘
11:28:36	11.48	--	15	17220	买盘
11:28:33	11.48	--	60	68880	买盘
11:28:30	11.48	--	11	12628	买盘
11:28:27	11.48	0.01	86	98728	买盘
11:28:18	11.47	--	117	134199	卖盘
11:28:15	11.47	0.02	204	233988	买盘
11:28:12	11.45	--	19	21755	卖盘
11:28:03	11.45	--	291	333195	买盘
11:28:00	11.45	0.01	90	103050	买盘
11:27:57	11.44	--	5	5720	卖盘
11:27:51	11.44	0.01	30	34320	中性盘
11:27:45	11.43	-0.01	515	588645	卖盘
11:27:42	11.44	--	3	3432	买盘
11:27:39	11.44	--	5	5720	买盘
11:27:36	11.44	--	2	2288	买盘
11:27:30	11.44	--	3	3432	买盘
11:27:27	11.44	-0.01	83	94952	卖盘
11:27:24	11.45	--	16	18320	买盘
11:27:18	11.45	--	10	11450	买盘
11:27:15	11.45	0.01	119	136255	买盘
11:27:12	11.44	--	39	44616	卖盘
11:27:09	11.44	-0.01	30	34320	卖盘
11:27:06	11.45	--	50	57250	买盘
11:27:03	11.45	0.01	1	1145	买盘
11:27:00	11.44	-0.01	35	40040	卖盘
11:26:57	11.45	--	7	8014	买盘
11:26:54	11.45	--	11	12595	买盘
11:26:51	11.45	--	20	22900	买盘
11:26:48	11.45	--	48	54960	买盘
11:26:45	11.45	--	35	40075	买盘
11:26:39	11.45	-0.01	36	41220	卖盘
11:26:36	11.46	0.01	8	9168	买盘
11:26:27	11.45	--	10	11450	卖盘
11:26:15	11.45	0.01	5	5725	中性盘
11:26:12	11.44	--	7	8008	卖盘
11:26:09	11.44	-0.03	20	22880	卖盘
11:26:06	11.47	--	4	4588	买盘
11:26:03	11.47	0.01	9	10323	买盘
11:25:57	11.46	--	31	35526	买盘
11:25:51	11.46	0.01	51	58446	买盘
11:25:48	11.45	-0.02	30	34350	卖盘
11:25:39	11.47	--	1	1147	买盘
11:25:33	11.47	--	11	12617	买盘
11:25:30	11.47	--	34	38998	买盘
11:25:27	11.47	--	9	10323	买盘
11:25:24	11.47	--	39	44733	买盘
11:25:21	11.47	--	20	22940	买盘
11:25:18	11.47	--	10	11470	买盘
11:25:15	11.47	--	5	5735	买盘
11:25:12	11.47	--	70	80290	卖盘
11:25:09	11.47	-0.01	48	55056	卖盘
11:25:06	11.48	0.01	151	173348	买盘
11:25:03	11.47	-0.01	24	27528	卖盘
11:25:00	11.48	0.01	12	13776	买盘
11:24:57	11.47	-0.01	10	11470	卖盘
11:24:54	11.48	0.01	55	63140	买盘
11:24:48	11.47	-0.01	75	86025	卖盘
11:24:45	11.48	--	6	6888	买盘
11:24:42	11.48	--	41	47068	买盘
11:24:39	11.48	0.01	5	5740	买盘
11:24:36	11.47	--	1	1147	卖盘
11:24:33	11.47	--	9	10323	卖盘
11:24:27	11.47	--	20	22940	卖盘
11:24:24	11.47	--	30	34410	卖盘
11:24:21	11.47	0.04	1014	1163058	买盘
11:24:18	11.43	--	84	96012	买盘
11:24:15	11.43	--	66	75438	卖盘
11:24:12	11.43	--	26	29718	卖盘
11:24:06	11.43	--	3	3429	卖盘
11:24:03	11.43	--	8	9144	卖盘
11:24:00	11.43	-0.01	4	4572	卖盘
11:23:57	11.44	0.01	130	148720	买盘
11:23:54	11.43	--	5	5715	买盘
11:23:51	11.43	--	15	17145	买盘
11:23:48	11.43	--	110	125730	买盘
11:23:45	11.43	--	47	53721	买盘
11:23:42	11.43	--	33	37719	买盘
11:23:39	11.43	--	11	12573	买盘
11:23:36	11.43	--	20	22860	买盘
11:23:33	11.43	--	20	22860	买盘
11:23:24	11.43	--	16	18288	买盘
11:23:21	11.43	-0.01	286	326898	卖盘
11:23:18	11.44	--	40	45760	买盘
11:23:15	11.44	--	5	5720	买盘
11:23:09	11.44	--	5	5720	买盘
11:23:06	11.44	--	27	30888	买盘
11:23:03	11.44	--	3	3432	买盘
11:23:00	11.44	0.01	37	42328	买盘
11:22:57	11.43	--	8	9144	卖盘
11:22:54	11.43	-0.01	1	1143	卖盘
11:22:48	11.44	--	2	2288	买盘
11:22:45	11.44	0.01	16	18304	买盘
11:22:39	11.43	--	5	5715	卖盘
11:22:36	11.43	--	21	24003	卖盘
11:22:30	11.43	--	61	69723	买盘
11:22:27	11.43	--	1	1143	买盘
11:22:24	11.43	--	65	74295	买盘
11:22:21	11.43	0.01	15	17145	买盘
11:22:18	11.42	--	35	39970	卖盘
11:22:15	11.42	-0.01	20	22840	卖盘
11:22:12	11.43	--	22	25146	买盘
11:22:09	11.43	0.01	10	11430	买盘
11:22:03	11.42	-0.01	10	11420	卖盘
11:21:57	11.43	0.01	20	22860	买盘
11:21:54	11.42	--	25	28550	卖盘
11:21:51	11.42	--	4	4568	卖盘
11:21:48	11.42	--	28	31976	卖盘
11:21:42	11.42	0.01	8	9136	中性盘
11:21:39	11.41	-0.01	10	11410	卖盘
11:21:36	11.42	0.01	12	13704	买盘
11:21:33	11.41	-0.01	22	25102	卖盘
11:21:30	11.42	--	233	266086	买盘
11:21:27	11.42	--	49	55958	买盘
11:21:24	11.42	--	138	157596	买盘
11:21:21	11.42	--	93	106206	买盘
11:21:18	11.42	--	15	17130	买盘
11:21:15	11.42	--	46	52532	买盘
11:21:09	11.42	--	30	34260	买盘
11:21:06	11.42	--	27	30834	买盘
11:21:03	11.42	--	98	111916	买盘
11:21:00	11.42	--	6	6852	买盘
11:20:57	11.42	--	27	30834	买盘
11:20:54	11.42	--	14	15988	买盘
11:20:51	11.42	0.01	58	66236	买盘
11:20:48	11.41	--	2	2282	卖盘
11:20:39	11.41	--	7	7987	卖盘
11:20:36	11.41	--	21	23961	卖盘
11:20:33	11.41	--	91	103831	买盘
11:20:30	11.41	0.01	57	65037	买盘
11:20:27	11.4	-0.01	238	271320	卖盘
11:20:24	11.41	--	126	143766	买盘
11:20:18	11.41	0.01	11	12551	买盘
11:20:15	11.4	--	7	7980	卖盘
11:20:09	11.4	--	50	57000	卖盘
11:20:06	11.4	--	32	36480	买盘
11:20:03	11.4	--	327	372780	买盘
11:20:00	11.4	--	32	36480	买盘
11:19:57	11.4	--	120	136800	买盘
11:19:54	11.4	--	64	72960	买盘
11:19:51	11.4	--	141	160740	买盘
11:19:48	11.4	--	30	34200	买盘
11:19:45	11.4	--	25	28500	买盘
11:19:42	11.4	--	118	134520	买盘
11:19:39	11.4	--	620	707335	买盘
11:19:36	11.4	--	2	2280	买盘
11:19:33	11.4	--	1	1140	买盘
11:19:27	11.4	--	20	22800	买盘
11:19:24	11.4	--	21	23940	买盘
11:19:21	11.4	--	100	114000	买盘
11:19:18	11.4	--	7	7980	买盘
11:19:15	11.4	0.01	1	1140	买盘
11:19:12	11.39	-0.01	17	19363	卖盘
11:19:09	11.4	--	12	13680	买盘
11:19:06	11.4	0.01	2	2280	买盘
11:19:03	11.39	--	63	71757	卖盘
11:19:00	11.39	--	17	19363	卖盘
11:18:57	11.39	--	84	95676	卖盘
11:18:54	11.39	-0.01	36	41004	卖盘
11:18:51	11.4	0.01	12	13680	买盘
11:18:48	11.39	--	59	67201	卖盘
11:18:45	11.39	--	124	141805	买盘
11:18:42	11.39	-0.01	590	672579	卖盘
11:18:39	11.4	--	55	62700	买盘
11:18:36	11.4	0.01	16	18240	买盘
11:18:33	11.39	--	7	7973	卖盘
11:18:30	11.39	--	33	37587	卖盘
11:18:24	11.39	-0.01	255	290445	卖盘
11:18:21	11.4	0.01	23	26220	买盘
11:18:18	11.39	-0.01	7	8542	卖盘
11:18:15	11.4	--	1	1140	买盘
11:18:12	11.4	--	132	150480	买盘
11:18:09	11.4	0.01	5	5700	买盘
11:18:06	11.39	--	120	136680	卖盘
11:18:03	11.39	--	25	28475	卖盘
11:18:00	11.39	-0.01	8	9112	卖盘
11:17:57	11.4	--	25	28500	买盘
11:17:54	11.4	--	65	74100	买盘
11:17:51	11.4	0.01	47	53580	买盘
11:17:45	11.39	-0.01	78	88842	卖盘
11:17:42	11.4	--	76	86640	买盘
11:17:39	11.4	-0.01	100	114000	卖盘
11:17:36	11.41	--	31	35371	买盘
11:17:33	11.41	--	1	1141	买盘
11:17:27	11.41	0.01	57	65037	买盘
11:17:24	11.4	0.01	58	66120	买盘
11:17:21	11.39	-0.01	119	135541	卖盘
11:17:18	11.4	--	7	7980	卖盘
11:17:15	11.4	--	186	212040	卖盘
11:17:09	11.4	--	48	54720	卖盘
11:17:06	11.4	--	56	63840	卖盘
11:17:03	11.4	--	123	140220	卖盘
11:17:00	11.4	--	66	75240	卖盘
11:16:57	11.4	0.01	147	167580	买盘
11:16:54	11.39	--	306	348534	卖盘
11:16:51	11.39	-0.01	21	23919	卖盘
11:16:48	11.4	--	9	10260	买盘
11:16:45	11.4	--	1	1140	买盘
11:16:42	11.4	-0.02	1539	1754460	卖盘
11:16:39	11.42	--	143	163306	买盘
11:16:36	11.42	--	30	34260	买盘
11:16:33	11.42	--	20	22840	买盘
11:16:30	11.42	--	27	30834	卖盘
11:16:27	11.42	--	36	41112	买盘
11:16:24	11.42	--	15	17130	买盘
11:16:21	11.42	--	11	12562	买盘
11:16:15	11.42	--	48	54816	卖盘
11:16:12	11.42	--	89	101638	买盘
11:16:09	11.42	--	32	36544	买盘
11:16:06	11.42	--	11	12562	买盘
11:16:03	11.42	0.01	32	36544	买盘
11:16:00	11.41	-0.01	29	33089	卖盘
11:15:57	11.42	--	1	1142	买盘
11:15:54	11.42	--	72	82224	买盘
11:15:51	11.42	--	2	2284	买盘
11:15:48	11.42	0.01	10	11420	中性盘
11:15:45	11.41	-0.02	253	288673	卖盘
11:15:39	11.43	0.01	3	3429	买盘
11:15:36	11.42	0.01	16	18272	卖盘
11:15:30	11.41	-0.01	120	136920	卖盘
11:15:27	11.42	--	20	22840	买盘
11:15:24	11.42	-0.01	30	34260	卖盘
11:15:21	11.43	0.01	30	34290	买盘
11:15:18	11.42	--	170	194140	卖盘
11:15:15	11.42	--	1	1142	卖盘
11:15:12	11.42	--	1	1142	卖盘
11:15:09	11.42	--	7	8565	卖盘
11:15:06	11.42	--	51	58813	买盘
11:15:03	11.42	--	32	36544	买盘
11:15:00	11.42	0.01	19	21698	买盘
11:14:57	11.41	-0.01	15	17115	卖盘
11:14:54	11.42	--	369	421398	买盘
11:14:51	11.42	0.01	9	10278	买盘
11:14:48	11.41	-0.01	100	114100	卖盘
11:14:45	11.42	--	1	1142	买盘
11:14:42	11.42	--	4	4568	买盘
11:14:39	11.42	--	100	114200	买盘
11:14:36	11.42	--	1	1142	买盘
11:14:33	11.42	0.01	3	3426	买盘
11:14:30	11.41	-0.01	109	124369	卖盘
11:14:21	11.42	0.01	74	84508	买盘
11:14:15	11.41	-0.01	13	14833	卖盘
11:14:12	11.42	0.01	29	33118	买盘
11:14:09	11.41	-0.01	8	9128	卖盘
11:14:06	11.42	--	11	12562	买盘
11:14:03	11.42	0.01	63	71946	买盘
11:14:00	11.41	--	25	28525	卖盘
11:13:57	11.41	--	145	165445	卖盘
11:13:54	11.41	--	160	182560	卖盘
11:13:51	11.41	-0.01	20	22820	卖盘
11:13:48	11.42	--	21	23982	买盘
11:13:45	11.42	--	56	63952	买盘
11:13:42	11.42	0.01	24	27408	买盘
11:13:39	11.41	-0.01	119	135779	卖盘
11:13:36	11.42	0.01	11	12562	买盘
11:13:33	11.41	-0.01	32	36512	卖盘
11:13:30	11.42	--	83	94786	卖盘
11:13:27	11.42	--	56	63952	卖盘
11:13:24	11.42	-0.01	5	5710	卖盘
11:13:21	11.43	0.01	13	14859	买盘
11:13:12	11.42	--	13	14846	买盘
11:13:09	11.42	--	6	6852	买盘
11:13:06	11.42	-0.01	1	1142	中性盘
11:13:03	11.43	0.01	32	36576	买盘
11:13:00	11.42	0.01	55	62810	买盘
11:12:57	11.41	-0.02	70	79870	卖盘
11:12:54	11.43	0.01	14	16002	买盘
11:12:51	11.42	--	56	63952	卖盘
11:12:48	11.42	--	9	10278	卖盘
11:12:45	11.42	--	181	206702	卖盘
11:12:42	11.42	-0.01	5	5710	卖盘
11:12:39	11.43	0.01	303	346329	买盘
11:12:36	11.42	--	25	28550	买盘
11:12:33	11.42	0.01	9	10278	买盘
11:12:30	11.41	-0.01	76	86716	卖盘
11:12:27	11.42	--	9	10278	买盘
11:12:24	11.42	--	10	11420	买盘
11:12:21	11.42	--	5	5710	买盘
11:12:18	11.42	--	37	42254	买盘
11:12:15	11.42	0.01	10	11420	买盘
11:12:12	11.41	-0.01	58	66178	卖盘
11:12:09	11.42	0.01	276	315192	买盘
11:12:06	11.41	--	126	143766	卖盘
11:12:03	11.41	--	118	134638	卖盘
11:11:57	11.41	--	43	49063	卖盘
11:11:54	11.41	-0.01	20	22820	卖盘
11:11:51	11.42	0.01	10	11420	买盘
11:11:48	11.41	--	21	23961	卖盘
11:11:45	11.41	--	2	2282	卖盘
11:11:39	11.41	0.01	34	38794	中性盘
11:11:36	11.4	-0.01	283	322620	卖盘
11:11:33	11.41	0.01	343	391363	买盘
11:11:30	11.4	-0.01	34	38760	卖盘
11:11:27	11.41	--	38	43358	买盘
11:11:24	11.41	0.01	35	39935	买盘
11:11:21	11.4	--	138	157320	卖盘
11:11:18	11.4	-0.01	29	33060	卖盘
11:11:15	11.41	--	5	5705	买盘
11:11:12	11.41	--	23	26243	卖盘
11:11:09	11.41	0.01	7	7987	买盘
11:11:06	11.4	-0.02	21	23940	卖盘
11:11:03	11.42	0.01	52	59384	买盘
11:11:00	11.41	0.01	8	9128	卖盘
11:10:57	11.4	--	42	47880	卖盘
11:10:54	11.4	--	14	15960	卖盘
11:10:51	11.4	-0.01	16	18240	卖盘
11:10:48	11.41	--	23	26243	买盘
11:10:45	11.41	0.01	36	41076	买盘
11:10:42	11.4	-0.01	79	90060	卖盘
11:10:39	11.41	--	11	12551	买盘
11:10:36	11.41	--	23	26243	买盘
11:10:33	11.41	0.01	618	705138	买盘
11:10:30	11.4	-0.01	500	570000	卖盘
11:10:27	11.41	--	189	215649	买盘
11:10:24	11.41	--	26	29666	买盘
11:10:21	11.41	0.01	24	27384	买盘
11:10:15	11.4	--	35	39900	卖盘
11:10:12	11.4	--	35	39900	卖盘
11:10:09	11.4	-0.01	32	36480	卖盘
11:10:06	11.41	--	15	17115	买盘
11:10:03	11.41	--	20	22820	买盘
11:10:00	11.41	--	11	12551	买盘
11:09:57	11.41	--	13	14833	买盘
11:09:54	11.41	--	54	61614	买盘
11:09:51	11.41	--	1	1141	买盘
11:09:48	11.41	--	117	133497	买盘
11:09:45	11.41	--	22	25102	买盘
11:09:42	11.41	0.01	4	4564	买盘
11:09:39	11.4	-0.01	4	4560	卖盘
11:09:36	11.41	--	15	17115	买盘
11:09:33	11.41	--	2	2282	买盘
11:09:30	11.41	--	10	11410	买盘
11:09:27	11.41	-0.01	352	401632	卖盘
11:09:24	11.42	--	98	111916	买盘
11:09:21	11.42	0.01	33	37686	买盘
11:09:18	11.41	--	32	36512	卖盘
11:09:15	11.41	--	56	63896	卖盘
11:09:12	11.41	--	77	87857	卖盘
11:09:09	11.41	--	62	70742	卖盘
11:09:06	11.41	-0.01	30	34230	卖盘
11:09:03	11.42	0.02	14	15988	买盘
11:09:00	11.4	--	119	135660	卖盘
11:08:57	11.4	--	181	206340	卖盘
11:08:54	11.4	--	19	21660	卖盘
11:08:51	11.4	--	22	25080	卖盘
11:08:48	11.4	--	73	83220	卖盘
11:08:45	11.4	--	188	215334	买盘
11:08:42	11.4	--	25	28500	买盘
11:08:39	11.4	--	47	53580	买盘
11:08:36	11.4	--	112	127805	卖盘
11:08:33	11.4	--	30	34200	卖盘
11:08:30	11.4	--	100	114000	卖盘
11:08:27	11.4	--	49	55860	卖盘
11:08:24	11.4	--	33	37620	卖盘
11:08:21	11.4	--	175	200514	卖盘
11:08:18	11.4	--	38	43320	卖盘
11:08:15	11.4	--	208	237120	买盘
11:08:12	11.4	0.02	35	39900	买盘
11:08:09	11.38	0.01	120	137129	中性盘
11:08:06	11.37	--	46	52302	卖盘
11:08:03	11.37	--	49	55712	卖盘
11:08:00	11.37	0.01	215	244454	买盘
11:07:57	11.36	-0.02	209	237424	卖盘
11:07:54	11.38	0.01	562	640125	买盘
11:07:51	11.37	0.01	38	43206	中性盘
11:07:48	11.36	--	106	120416	卖盘
11:07:45	11.36	-0.02	130	147680	卖盘
11:07:42	11.38	--	496	564448	买盘
11:07:39	11.38	--	202	229876	买盘
11:07:36	11.38	--	6	6828	买盘
11:07:33	11.38	--	112	127456	卖盘
11:07:30	11.38	--	96	109248	卖盘
11:07:27	11.38	--	138	157044	卖盘
11:07:24	11.38	-0.01	264	300432	卖盘
11:07:21	11.39	0.01	230	261970	买盘
11:07:18	11.38	-0.01	143	162734	卖盘
11:07:15	11.39	--	71	80869	卖盘
11:07:12	11.39	-0.01	439	500021	卖盘
11:07:09	11.4	--	23	26220	买盘
11:07:06	11.4	--	30	34200	买盘
11:07:03	11.4	--	5	5700	买盘
11:07:00	11.4	--	1727	1969350	卖盘
11:06:57	11.4	--	419	477660	卖盘
11:06:54	11.4	--	461	525540	卖盘
11:06:51	11.4	-0.01	25	28500	卖盘
11:06:48	11.41	--	100	114100	买盘
11:06:45	11.41	--	12	13692	买盘
11:06:42	11.41	--	20	22820	买盘
11:06:39	11.41	-0.01	1305	1489005	卖盘
11:06:36	11.42	--	35	39970	买盘
11:06:33	11.42	--	25	28550	买盘
11:06:30	11.42	-0.01	167	190714	卖盘
11:06:27	11.43	--	528	603504	买盘
11:06:24	11.43	--	4	4572	买盘
11:06:21	11.43	0.01	25	28575	买盘
11:06:15	11.42	-0.01	1	1142	卖盘
11:06:09	11.43	--	25	28575	卖盘
11:06:06	11.43	-0.01	8	9144	卖盘
11:06:03	11.44	--	4	4576	买盘
11:06:00	11.44	0.01	20	22880	买盘
11:05:57	11.43	--	8	9144	卖盘
11:05:54	11.43	--	92	105156	卖盘
11:05:51	11.43	-0.01	9	10287	卖盘
11:05:48	11.44	0.01	24	27456	买盘
11:05:45	11.43	--	32	36576	卖盘
11:05:36	11.43	0.01	160	182880	买盘
11:05:33	11.42	-0.01	154	175868	卖盘
11:05:30	11.43	--	17	19431	买盘
11:05:27	11.43	--	152	173736	买盘
11:05:24	11.43	--	4	4572	买盘
11:05:21	11.43	--	2	2286	买盘
11:05:09	11.43	0.01	71	81153	买盘
11:05:06	11.42	-0.01	65	74230	卖盘
11:05:03	11.43	0.01	10	11430	买盘
11:05:00	11.42	--	27	30834	卖盘
11:04:57	11.42	--	5	5710	卖盘
11:04:54	11.42	-0.02	4	4568	卖盘
11:04:51	11.44	0.01	84	96096	买盘
11:04:48	11.43	0.01	59	67437	中性盘
11:04:45	11.42	-0.01	263	300346	卖盘
11:04:42	11.43	--	2	2286	卖盘
11:04:39	11.43	--	63	72009	卖盘
11:04:36	11.43	--	1	1143	卖盘
11:04:33	11.43	--	20	22860	卖盘
11:04:30	11.43	-0.01	40	45720	卖盘
11:04:27	11.44	0.01	77	88088	买盘
11:04:24	11.43	-0.01	16	18288	卖盘
11:04:21	11.44	0.01	9	10296	买盘
11:04:18	11.43	--	5	5715	卖盘
11:04:15	11.43	--	60	68580	卖盘
11:04:12	11.43	--	20	22860	卖盘
11:04:09	11.43	--	26	29718	卖盘
11:04:06	11.43	--	1	1143	卖盘
11:04:03	11.43	--	37	42291	卖盘
11:04:00	11.43	-0.01	106	121158	卖盘
11:03:57	11.44	0.01	4	4576	买盘
11:03:51	11.43	0.01	17	19431	卖盘
11:03:45	11.42	-0.01	80	91360	卖盘
11:03:42	11.43	--	104	118872	买盘
11:03:39	11.43	--	45	51435	买盘
11:03:36	11.43	0.01	31	35433	买盘
11:03:33	11.42	-0.01	82	93644	卖盘
11:03:30	11.43	--	45	51435	买盘
11:03:27	11.43	--	1	1143	买盘
11:03:24	11.43	--	12	13716	买盘
11:03:21	11.43	--	44	50292	买盘
11:03:18	11.43	0.01	20	22860	买盘
11:03:15	11.42	--	2	2284	卖盘
11:03:12	11.42	-0.02	145	165590	卖盘
11:03:09	11.44	--	15	17160	买盘
11:03:06	11.44	0.01	30	34320	买盘
11:03:03	11.43	-0.01	23	26289	卖盘
11:03:00	11.44	0.01	124	141856	买盘
11:02:57	11.43	--	82	93726	卖盘
11:02:54	11.43	--	26	29718	卖盘
11:02:51	11.43	-0.01	102	116586	卖盘
11:02:48	11.44	0.01	10	11440	买盘
11:02:45	11.43	-0.01	66	75438	卖盘
11:02:42	11.44	--	38	43472	买盘
11:02:39	11.44	--	4	4576	买盘
11:02:36	11.44	0.01	19	21736	买盘
11:02:33	11.43	-0.01	2	2286	卖盘
11:02:30	11.44	0.01	5	5720	买盘
11:02:27	11.43	-0.01	81	92583	卖盘
11:02:24	11.44	--	8	9152	买盘
11:02:21	11.44	0.01	400	457600	买盘
11:02:18	11.43	-0.01	15	17145	卖盘
11:02:15	11.44	0.01	60	68640	买盘
11:02:12	11.43	-0.01	111	126873	卖盘
11:02:09	11.44	--	27	30888	买盘
11:02:06	11.44	--	93	106392	买盘
11:02:03	11.44	0.01	57	65208	买盘
11:02:00	11.43	--	118	134874	卖盘
11:01:57	11.43	--	235	268605	卖盘
11:01:54	11.43	--	24	27432	卖盘
11:01:51	11.43	--	82	93726	卖盘
11:01:48	11.43	-0.01	118	134874	卖盘
11:01:45	11.44	--	10	11440	买盘
11:01:42	11.44	0.01	141	161304	买盘
11:01:39	11.43	-0.01	51	58293	卖盘
11:01:36	11.44	0.01	13	14872	买盘
11:01:33	11.43	-0.01	20	22860	卖盘
11:01:30	11.44	0.01	3	3432	买盘
11:01:27	11.43	--	12	13716	卖盘
11:01:24	11.43	--	57	65151	卖盘
11:01:21	11.43	--	20	22860	卖盘
11:01:15	11.43	0.01	5	5715	中性盘
11:01:12	11.42	-0.01	203	231826	卖盘
11:01:09	11.43	0.01	62	71437	买盘
11:01:06	11.42	-0.01	5	5710	卖盘
11:01:00	11.43	--	76	87439	卖盘
11:00:57	11.43	--	34	39433	买盘
11:00:54	11.43	--	70	80581	卖盘
11:00:51	11.43	-0.01	18	20574	卖盘
11:00:42	11.44	0.02	61	70356	买盘
11:00:39	11.42	-0.01	81	92502	卖盘
11:00:36	11.43	--	34	38862	买盘
11:00:33	11.43	--	165	188595	买盘
11:00:30	11.43	0.01	249	284607	买盘
11:00:27	11.42	--	115	131330	卖盘
11:00:24	11.42	--	30	34260	卖盘
11:00:21	11.42	--	15	17130	卖盘
11:00:18	11.42	--	7	7994	卖盘
11:00:15	11.42	--	55	62810	卖盘
11:00:12	11.42	--	227	259234	买盘
11:00:09	11.42	--	74	84508	买盘
11:00:06	11.42	--	54	61668	卖盘
11:00:03	11.42	--	70	79940	卖盘
11:00:00	11.42	--	15	17130	卖盘
10:59:57	11.42	--	75	85650	买盘
10:59:54	11.42	0.01	197	224974	买盘
10:59:51	11.41	--	189	215649	卖盘
10:59:48	11.41	-0.01	91	103831	卖盘
10:59:45	11.42	--	28	31976	买盘
10:59:42	11.42	--	98	111916	买盘
10:59:39	11.42	--	137	156454	买盘
10:59:36	11.42	0.01	39	44538	买盘
10:59:33	11.41	--	150	171150	买盘
10:59:30	11.41	--	15	17115	卖盘
10:59:27	11.41	--	74	84434	卖盘
10:59:24	11.41	--	324	369684	卖盘
10:59:21	11.41	--	24	27384	卖盘
10:59:18	11.41	--	71	81011	卖盘
10:59:15	11.41	--	17	19397	卖盘
10:59:12	11.41	--	44	50204	卖盘
10:59:09	11.41	-0.02	47	53627	卖盘
10:59:06	11.43	0.02	81	92583	买盘
10:59:03	11.41	-0.01	113	128933	卖盘
10:59:00	11.42	0.01	379	432818	中性盘
10:58:57	11.41	--	71	81011	卖盘
10:58:54	11.41	-0.01	64	73024	卖盘
10:58:51	11.42	0.02	355	405981	买盘
10:58:48	11.4	-0.01	2574	2934360	卖盘
10:58:45	11.41	--	203	231623	买盘
10:58:42	11.41	--	423	482643	卖盘
10:58:39	11.41	0.01	20	22820	中性盘
10:58:36	11.4	--	271	308940	卖盘
10:58:33	11.4	-0.03	58	66120	卖盘
10:58:30	11.43	0.02	17	19431	买盘
10:58:27	11.41	-0.02	2500	2852500	卖盘
10:58:24	11.43	--	142	162306	卖盘
10:58:21	11.43	-0.01	95	108585	卖盘
10:58:18	11.44	0.01	28	32032	买盘
10:58:15	11.43	--	162	185166	卖盘
10:58:12	11.43	-0.01	91	104013	卖盘
10:58:09	11.44	0.01	53	60632	买盘
10:58:06	11.43	-0.01	621	709803	卖盘
10:58:03	11.44	0.01	53	60632	买盘
10:58:00	11.43	-0.01	11	12573	卖盘
10:57:57	11.44	0.01	425	486200	买盘
10:57:54	11.43	-0.01	61	69723	卖盘
10:57:51	11.44	--	100	114400	买盘
10:57:48	11.44	--	124	141856	卖盘
10:57:45	11.44	--	267	305448	卖盘
10:57:42	11.44	--	70	80080	卖盘
10:57:39	11.44	--	492	562848	卖盘
10:57:36	11.44	--	150	171600	卖盘
10:57:33	11.44	--	312	356928	卖盘
10:57:30	11.44	--	94	107536	卖盘
10:57:27	11.44	-0.01	255	291720	卖盘
10:57:24	11.45	--	152	174040	买盘
10:57:21	11.45	--	44	50380	买盘
10:57:18	11.45	--	22	25190	买盘
10:57:15	11.45	--	2444	2798380	卖盘
10:57:12	11.45	--	140	160300	卖盘
10:57:09	11.45	-0.01	3	3435	卖盘
10:57:06	11.46	0.01	19	21774	买盘
10:57:03	11.45	--	112	128239	卖盘
10:57:00	11.45	--	24	27480	卖盘
10:56:57	11.45	--	58	66410	卖盘
10:56:54	11.45	--	17	19465	卖盘
10:56:51	11.45	-0.01	39	44655	卖盘
10:56:48	11.46	0.01	76	87096	买盘
10:56:45	11.45	--	30	34350	卖盘
10:56:42	11.45	--	23	26335	卖盘
10:56:39	11.45	-0.01	20	22900	卖盘
10:56:36	11.46	0.01	205	234930	买盘
10:56:33	11.45	--	69	79005	卖盘
10:56:30	11.45	-0.01	1143	1308735	卖盘
10:56:27	11.46	0.01	11	12606	买盘
10:56:24	11.45	--	1	1145	卖盘
10:56:21	11.45	-0.01	37	42365	卖盘
10:56:18	11.46	0.01	46	52716	买盘
10:56:15	11.45	--	293	335485	卖盘
10:56:12	11.45	--	330	377850	卖盘
10:56:09	11.45	--	77	88165	卖盘
10:56:06	11.45	-0.01	60	68700	卖盘
10:56:03	11.46	--	14	16044	买盘
10:56:00	11.46	0.01	35	40110	买盘
10:55:54	11.45	-0.01	31	35495	卖盘
10:55:51	11.46	--	3	3438	买盘
10:55:48	11.46	0.01	39	44694	买盘
10:55:45	11.45	-0.01	26	29769	卖盘
10:55:42	11.46	0.01	28	32088	卖盘
10:55:39	11.45	-0.01	183	209535	卖盘
10:55:36	11.46	-0.01	102	116892	卖盘
10:55:33	11.47	--	35	40145	买盘
10:55:30	11.47	0.01	8	9176	买盘
10:55:27	11.46	--	35	40110	卖盘
10:55:24	11.46	--	11	12606	卖盘
10:55:21	11.46	0.01	37	42402	中性盘
10:55:18	11.45	-0.01	42	48090	卖盘
10:55:15	11.46	--	315	360990	卖盘
10:55:12	11.46	--	293	335778	卖盘
10:55:09	11.46	--	1	1146	卖盘
10:55:06	11.46	--	425	487050	卖盘
10:55:03	11.46	--	10	11460	卖盘
10:55:00	11.46	-0.01	5	5730	卖盘
10:54:57	11.47	0.01	41	47027	买盘
10:54:54	11.46	--	109	124914	卖盘
10:54:51	11.46	-0.01	44	50424	卖盘
10:54:48	11.47	--	22	25234	买盘
10:54:45	11.47	0.01	5	5735	买盘
10:54:42	11.46	--	5	5730	卖盘
10:54:39	11.46	-0.01	26	29796	卖盘
10:54:33	11.47	--	8	9176	买盘
10:54:30	11.47	0.01	55	63085	买盘
10:54:27	11.46	--	53	60738	卖盘
10:54:21	11.46	-0.01	78	89388	卖盘
10:54:18	11.47	--	100	114700	买盘
10:54:15	11.47	0.01	54	61938	买盘
10:54:12	11.46	-0.01	32	36672	卖盘
10:54:09	11.47	--	18	20646	买盘
10:54:06	11.47	--	23	26381	买盘
10:54:03	11.47	--	74	84878	买盘
10:54:00	11.47	0.01	40	45880	买盘
10:53:54	11.46	--	8	9168	卖盘
10:53:51	11.46	-0.01	712	815952	卖盘
10:53:48	11.47	--	60	68820	买盘
10:53:45	11.47	--	11	12617	买盘
10:53:42	11.47	--	48	55056	买盘
10:53:39	11.47	--	53	60791	买盘
10:53:36	11.47	0.01	52	59644	买盘
10:53:33	11.46	-0.01	10	11460	卖盘
10:53:30	11.47	0.01	8	9176	买盘
10:53:27	11.46	-0.01	8	9168	卖盘
10:53:21	11.47	0.01	58	66526	买盘
10:53:18	11.46	-0.01	83	95118	卖盘
10:53:15	11.47	--	10	11470	买盘
10:53:12	11.47	0.01	10	11470	买盘
10:53:09	11.46	-0.01	142	162732	卖盘
10:53:06	11.47	--	22	25234	买盘
10:53:03	11.47	--	389	446183	买盘
10:53:00	11.47	--	5	5735	买盘
10:52:57	11.47	0.01	114	130758	买盘
10:52:54	11.46	--	19	21774	卖盘
10:52:51	11.46	-0.01	23	26358	卖盘
10:52:48	11.47	--	5	5735	买盘
10:52:45	11.47	--	72	82584	买盘
10:52:42	11.47	0.01	10	11470	买盘
10:52:39	11.46	--	15	17190	卖盘
10:52:36	11.46	-0.01	53	60738	卖盘
10:52:33	11.47	--	50	57350	买盘
10:52:30	11.47	--	18	20646	买盘
10:52:27	11.47	0.01	110	126170	买盘
10:52:24	11.46	-0.01	77	88242	卖盘
10:52:21	11.47	--	90	103230	买盘
10:52:18	11.47	--	32	36704	买盘
10:52:15	11.47	--	28	32116	买盘
10:52:12	11.47	--	272	311984	卖盘
10:52:03	11.47	-0.01	25	28675	卖盘
10:52:00	11.48	0.01	82	94136	买盘
10:51:57	11.47	-0.01	1	1147	卖盘
10:51:54	11.48	--	46	52808	买盘
10:51:48	11.48	0.01	13	14924	买盘
10:51:45	11.47	--	20	22940	卖盘
10:51:42	11.47	-0.01	22	25234	卖盘
10:51:39	11.48	0.02	23	26404	买盘
10:51:36	11.46	-0.02	988	1132248	卖盘
10:51:33	11.48	--	10	11480	买盘
10:51:30	11.48	--	32	36736	买盘
10:51:27	11.48	--	3	3444	买盘
10:51:24	11.48	0.01	30	34440	买盘
10:51:21	11.47	-0.01	30	34410	卖盘
10:51:18	11.48	0.01	35	40180	买盘
10:51:15	11.47	-0.01	31	35557	卖盘
10:51:12	11.48	--	56	64288	买盘
10:51:06	11.48	--	2	2296	买盘
10:51:03	11.48	0.01	17	19516	买盘
10:51:00	11.47	--	30	34410	卖盘
10:50:57	11.47	--	11	12617	卖盘
10:50:54	11.47	--	6	6882	卖盘
10:50:48	11.47	0.01	124	142228	买盘
10:50:45	11.46	-0.01	41	46986	卖盘
10:50:42	11.47	--	10	11470	买盘
10:50:39	11.47	0.01	35	40145	买盘
10:50:36	11.46	--	91	104286	卖盘
10:50:33	11.46	--	310	355260	卖盘
10:50:30	11.46	-0.01	17	19482	卖盘
10:50:24	11.47	0.01	20	22940	买盘
10:50:21	11.46	--	30	34380	卖盘
10:50:18	11.46	--	31	35526	卖盘
10:50:15	11.46	-0.01	34	38964	卖盘
10:50:12	11.47	--	32	36704	买盘
10:50:09	11.47	0.01	32	36704	买盘
10:50:06	11.46	--	28	32088	卖盘
10:50:00	11.46	-0.01	31	35526	卖盘
10:49:57	11.47	--	40	45880	买盘
10:49:54	11.47	--	66	75702	买盘
10:49:51	11.47	--	13	14911	买盘
10:49:48	11.47	--	60	68820	卖盘
10:49:45	11.47	--	12	13764	卖盘
10:49:42	11.47	0.01	1	1147	卖盘
10:49:39	11.46	-0.02	400	458400	卖盘
10:49:36	11.48	0.01	722	828856	买盘
10:49:33	11.47	--	9	10323	买盘
10:49:30	11.47	0.01	5	5735	买盘
10:49:27	11.46	--	35	40110	卖盘
10:49:24	11.46	--	35	40110	卖盘
10:49:21	11.46	--	124	142104	卖盘
10:49:18	11.46	--	468	536328	卖盘
10:49:15	11.46	--	65	74490	卖盘
10:49:12	11.46	-0.01	205	234930	卖盘
10:49:09	11.47	0.01	46	52762	买盘
10:49:06	11.46	--	284	325464	卖盘
10:49:03	11.46	-0.01	49	56154	卖盘
10:49:00	11.47	0.01	70	80290	买盘
10:48:57	11.46	--	16	18336	卖盘
10:48:54	11.46	-0.01	5	5730	卖盘
10:48:51	11.47	--	22	25234	买盘
10:48:45	11.47	--	765	877455	买盘
10:48:42	11.47	0.01	20	22940	买盘
10:48:39	11.46	-0.01	311	356406	卖盘
10:48:36	11.47	0.01	10	11470	买盘
10:48:33	11.46	-0.01	1023	1172358	卖盘
10:48:30	11.47	--	3	3441	买盘
10:48:27	11.47	--	68	77996	买盘
10:48:24	11.47	--	6	6882	买盘
10:48:21	11.47	--	100	114700	买盘
10:48:18	11.47	--	66	75702	买盘
10:48:15	11.47	-0.01	1058	1214099	卖盘
10:48:12	11.48	--	3	3444	买盘
10:48:09	11.48	0.01	3	3444	买盘
10:48:06	11.47	-0.01	20	22940	卖盘
10:48:03	11.48	0.01	18	20664	买盘
10:48:00	11.47	-0.01	4	4588	卖盘
10:47:57	11.48	--	457	524636	买盘
10:47:54	11.48	0.01	89	102172	买盘
10:47:45	11.47	--	23	26381	卖盘
10:47:42	11.47	--	5	5735	卖盘
10:47:39	11.47	-0.01	27	30969	卖盘
10:47:36	11.48	0.01	30	34440	买盘
10:47:33	11.47	-0.01	1	1147	卖盘
10:47:30	11.48	0.01	17	19516	买盘
10:47:27	11.47	--	11	12617	卖盘
10:47:24	11.47	-0.01	35	40145	卖盘
10:47:21	11.48	0.01	114	130872	买盘
10:47:15	11.47	-0.01	34	38998	卖盘
10:47:09	11.48	--	2	2296	买盘
10:47:06	11.48	--	15	17220	买盘
10:47:03	11.48	--	18	20664	买盘
10:47:00	11.48	--	20	22960	买盘
10:46:57	11.48	0.01	43	49364	买盘
10:46:54	11.47	-0.01	4	4588	卖盘
10:46:51	11.48	--	10	11480	买盘
10:46:48	11.48	--	47	53956	买盘
10:46:45	11.48	0.01	24	27552	买盘
10:46:42	11.47	-0.01	99	113553	卖盘
10:46:39	11.48	--	7	8036	买盘
10:46:36	11.48	--	61	70028	买盘
10:46:33	11.48	--	33	37884	买盘
10:46:30	11.48	--	11	12628	买盘
10:46:24	11.48	--	13	14924	买盘
10:46:18	11.48	--	29	33292	卖盘
10:46:15	11.48	-0.01	28	32144	卖盘
10:46:12	11.49	--	3	3447	买盘
10:46:09	11.49	--	11	12639	买盘
10:46:06	11.49	--	20	22980	买盘
10:46:03	11.49	--	27	31023	买盘
10:46:00	11.49	--	110	126390	买盘
10:45:57	11.49	--	66	75834	买盘
10:45:54	11.49	--	29	33321	买盘
10:45:51	11.49	--	57	65493	买盘
10:45:48	11.49	--	20	22980	买盘
10:45:45	11.49	--	8	9192	买盘
10:45:39	11.49	--	27	31023	买盘
10:45:36	11.49	0.01	2	2298	买盘
10:45:33	11.48	-0.01	1	1148	中性盘
10:45:27	11.49	--	72	82728	买盘
10:45:21	11.49	0.02	15	17235	买盘
10:45:18	11.47	-0.02	300	344100	卖盘
10:45:15	11.49	0.01	30	34470	买盘
10:45:12	11.48	--	80	91840	卖盘
10:45:09	11.48	-0.01	50	57400	卖盘
10:45:03	11.49	--	7	8043	买盘
10:45:00	11.49	0.01	3	3447	买盘
10:44:54	11.48	-0.01	4	4592	卖盘
10:44:51	11.49	--	20	22980	买盘
10:44:48	11.49	--	46	52854	买盘
10:44:45	11.49	0.01	68	78132	买盘
10:44:42	11.48	--	12	13776	卖盘
10:44:39	11.48	--	2	2296	卖盘
10:44:33	11.48	--	34	39032	卖盘
10:44:30	11.48	--	273	313404	买盘
10:44:27	11.48	0.01	160	183680	买盘
10:44:24	11.47	-0.01	200	229400	卖盘
10:44:21	11.48	0.01	49	56252	买盘
10:44:18	11.47	-0.01	190	217930	卖盘
10:44:15	11.48	--	27	30996	买盘
10:44:12	11.48	--	26	29848	买盘
10:44:09	11.48	--	20	22960	买盘
10:44:06	11.48	--	18	20664	买盘
10:44:03	11.48	--	20	22960	买盘
10:44:00	11.48	--	8	9184	买盘
10:43:57	11.48	--	16	18368	买盘
10:43:54	11.48	--	22	25256	卖盘
10:43:51	11.48	--	64	73472	买盘
10:43:48	11.48	--	57	65436	卖盘
10:43:45	11.48	--	25	28700	卖盘
10:43:42	11.48	-0.01	46	52808	卖盘
10:43:39	11.49	0.01	17	19533	买盘
10:43:36	11.48	--	1	1148	卖盘
10:43:33	11.48	--	10	11480	卖盘
10:43:30	11.48	-0.01	44	50512	卖盘
10:43:27	11.49	0.01	20	22980	买盘
10:43:24	11.48	-0.01	57	65436	卖盘
10:43:21	11.49	0.01	8	9192	买盘
10:43:18	11.48	--	40	45920	卖盘
10:43:15	11.48	-0.01	23	26404	卖盘
10:43:12	11.49	0.01	17	19533	买盘
10:43:09	11.48	--	8	9184	卖盘
10:43:06	11.48	--	234	268632	卖盘
10:43:03	11.48	-0.01	17	19516	卖盘
10:43:00	11.49	0.01	10	11490	买盘
10:42:57	11.48	--	30	34440	卖盘
10:42:54	11.48	--	6	6888	卖盘
10:42:51	11.48	--	7	8036	卖盘
10:42:48	11.48	--	43	49364	卖盘
10:42:45	11.48	--	50	57400	卖盘
10:42:42	11.48	--	26	29848	买盘
10:42:39	11.48	--	15	17220	买盘
10:42:36	11.48	--	10	11480	买盘
10:42:33	11.48	--	18	20664	买盘
10:42:27	11.48	-0.01	58	66584	卖盘
10:42:24	11.49	--	19	21831	买盘
10:42:21	11.49	0.01	120	137880	买盘
10:42:18	11.48	--	7	8036	卖盘
10:42:15	11.48	0.01	1	1148	中性盘
10:42:12	11.47	-0.01	131	150257	卖盘
10:42:09	11.48	-0.01	35	40180	卖盘
10:42:06	11.49	0.02	218	250482	买盘
10:42:00	11.47	--	325	372775	卖盘
10:41:57	11.47	--	11	12617	卖盘
10:41:51	11.47	--	267	306249	卖盘
10:41:48	11.47	--	103	118141	卖盘
10:41:45	11.47	0.01	129	148536	买盘
10:41:42	11.46	-0.01	134	153564	卖盘
10:41:39	11.47	--	822	942834	买盘
10:41:36	11.47	--	27	30969	买盘
10:41:33	11.47	--	83	95201	买盘
10:41:30	11.47	--	196	224812	买盘
10:41:27	11.47	0.01	11	12617	买盘
10:41:24	11.46	--	404	462984	卖盘
10:41:21	11.46	--	7	8022	卖盘
10:41:18	11.46	--	105	120330	卖盘
10:41:15	11.46	--	20	22920	卖盘
10:41:12	11.46	--	113	129498	卖盘
10:41:09	11.46	--	14	16044	卖盘
10:41:06	11.46	--	7	8022	卖盘
10:41:03	11.46	--	83	95118	买盘
10:41:00	11.46	--	338	387348	买盘
10:40:57	11.46	--	13	14898	买盘
10:40:54	11.46	--	141	161586	买盘
10:40:51	11.46	--	22	25212	买盘
10:40:45	11.46	-0.01	2470	2830620	卖盘
10:40:42	11.47	--	253	290191	买盘
10:40:39	11.47	-0.01	1634	1874771	卖盘
10:40:36	11.48	--	199	228452	买盘
10:40:33	11.48	0.01	42	48216	买盘
10:40:30	11.47	--	57	65379	卖盘
10:40:27	11.47	--	53	60791	卖盘
10:40:24	11.47	--	60	68820	卖盘
10:40:21	11.47	-0.01	1	1147	卖盘
10:40:18	11.48	--	15	17220	买盘
10:40:15	11.48	0.01	5	5740	买盘
10:40:09	11.47	--	1	1147	卖盘
10:40:06	11.47	--	70	80863	卖盘
10:40:03	11.47	--	22	25234	卖盘
10:40:00	11.47	-0.01	10	11470	卖盘
10:39:57	11.48	0.01	36	41328	买盘
10:39:54	11.47	--	30	34410	买盘
10:39:51	11.47	--	9	10323	买盘
10:39:48	11.47	--	52	59644	买盘
10:39:45	11.47	--	30	34410	买盘
10:39:42	11.47	--	889	1019683	卖盘
10:39:39	11.47	-0.01	11	12617	卖盘
10:39:36	11.48	0.01	237	272076	买盘
10:39:33	11.47	-0.01	42	48174	卖盘
10:39:30	11.48	--	28	32144	买盘
10:39:27	11.48	0.01	150	172200	买盘
10:39:24	11.47	--	90	103230	卖盘
10:39:21	11.47	--	2	2294	卖盘
10:39:18	11.47	--	33	37851	卖盘
10:39:15	11.47	--	11	12617	卖盘
10:39:12	11.47	--	25	28675	卖盘
10:39:09	11.47	--	10	11470	卖盘
10:39:06	11.47	--	17	19499	卖盘
10:39:03	11.47	--	163	186961	买盘
10:39:00	11.47	--	40	45880	买盘
10:38:57	11.47	--	44	50468	卖盘
10:38:54	11.47	--	4	4588	卖盘
10:38:51	11.47	--	62	71114	卖盘
10:38:48	11.47	--	67	76849	买盘
10:38:45	11.47	--	1267	1453249	卖盘
10:38:42	11.47	-0.01	67	76849	卖盘
10:38:39	11.48	0.01	8	9184	买盘
10:38:36	11.47	--	68	77996	卖盘
10:38:33	11.47	--	24	27528	卖盘
10:38:30	11.47	-0.01	67	76849	卖盘
10:38:24	11.48	0.01	2	2296	买盘
10:38:21	11.47	-0.01	10	11470	卖盘
10:38:18	11.48	0.01	61	70028	买盘
10:38:15	11.47	--	10	11470	卖盘
10:38:12	11.47	--	183	209901	卖盘
10:38:09	11.47	-0.01	52	59644	卖盘
10:38:06	11.48	--	4	4592	买盘
10:38:03	11.48	--	30	34440	卖盘
10:38:00	11.48	--	36	41328	卖盘
10:37:57	11.48	--	27	30996	卖盘
10:37:54	11.48	--	10	11480	卖盘
10:37:51	11.48	--	293	336364	买盘
10:37:48	11.48	--	15	17220	买盘
10:37:42	11.48	--	2	2296	买盘
10:37:39	11.48	--	90	103320	买盘
10:37:36	11.48	--	11	12628	买盘
10:37:33	11.48	--	7	8036	买盘
10:37:30	11.48	--	88	101024	买盘
10:37:27	11.48	0.01	12	13776	买盘
10:37:24	11.47	--	36	41292	卖盘
10:37:21	11.47	--	30	34410	卖盘
10:37:18	11.47	-0.01	12	14337	卖盘
10:37:15	11.48	--	77	88396	买盘
10:37:12	11.48	--	15	17220	买盘
10:37:09	11.48	--	122	140056	买盘
10:37:06	11.48	--	43	49364	买盘
10:37:03	11.48	--	82	94136	买盘
10:37:00	11.48	--	136	156128	卖盘
10:36:57	11.48	--	20	22960	卖盘
10:36:54	11.48	--	88	101024	卖盘
10:36:51	11.48	-0.01	115	132020	卖盘
10:36:48	11.49	0.01	7	8043	买盘
10:36:45	11.48	--	43	49364	卖盘
10:36:39	11.48	--	30	34440	卖盘
10:36:36	11.48	--	54	61992	卖盘
10:36:33	11.48	--	18	20664	卖盘
10:36:30	11.48	--	20	22960	卖盘
10:36:27	11.48	--	304	348992	卖盘
10:36:24	11.48	--	179	205492	卖盘
10:36:21	11.48	--	83	95284	买盘
10:36:15	11.48	--	5	5740	买盘
10:36:12	11.48	--	10	11480	买盘
10:36:06	11.48	-0.01	87	99876	卖盘
10:36:03	11.49	0.01	7	8043	买盘
10:36:00	11.48	--	41	47068	卖盘
10:35:57	11.48	--	32	36736	买盘
10:35:54	11.48	-0.01	87	99876	卖盘
10:35:51	11.49	0.01	40	45960	买盘
10:35:48	11.48	-0.01	2	2296	卖盘
10:35:42	11.49	--	30	34470	买盘
10:35:39	11.49	0.01	5	5745	买盘
10:35:36	11.48	--	19	21812	卖盘
10:35:33	11.48	--	19	21812	卖盘
10:35:27	11.48	--	50	57400	买盘
10:35:24	11.48	-0.01	70	80360	中性盘
10:35:21	11.49	0.02	55	63195	买盘
10:35:15	11.47	-0.03	502	575794	卖盘
10:35:09	11.5	0.01	154	177100	买盘
10:35:06	11.49	-0.01	564	648036	卖盘
10:35:03	11.5	--	30	34500	买盘
10:35:00	11.5	0.01	3	3450	买盘
10:34:57	11.49	--	28	32172	卖盘
10:34:54	11.49	--	20	22980	卖盘
10:34:51	11.49	--	93	106857	买盘
10:34:48	11.49	--	64	73536	买盘
10:34:45	11.49	--	10	11490	买盘
10:34:42	11.49	--	12	13788	买盘
10:34:39	11.49	-0.01	147	168903	卖盘
10:34:36	11.5	0.02	71	81650	买盘
10:34:33	11.48	-0.01	20	22960	卖盘
10:34:30	11.49	--	12	13788	买盘
10:34:27	11.49	0.01	36	41364	买盘
10:34:24	11.48	-0.01	18	20664	卖盘
10:34:21	11.49	--	21	24129	买盘
10:34:18	11.49	--	36	41364	买盘
10:34:15	11.49	--	14	16086	买盘
10:34:12	11.49	--	2	2298	买盘
10:34:09	11.49	-0.01	12	13788	中性盘
10:34:06	11.5	0.01	657	755550	买盘
10:34:03	11.49	--	74	85026	卖盘
10:34:00	11.49	--	34	39066	卖盘
10:33:57	11.49	--	3	3447	卖盘
10:33:54	11.49	--	2	2298	卖盘
10:33:51	11.49	--	183	210267	卖盘
10:33:48	11.49	--	41	47109	卖盘
10:33:42	11.49	--	15	17235	卖盘
10:33:39	11.49	0.01	72	82728	买盘
10:33:36	11.48	--	34	39032	卖盘
10:33:33	11.48	--	2	2296	卖盘
10:33:30	11.48	-0.01	27	30996	卖盘
10:33:27	11.49	0.01	52	59748	买盘
10:33:24	11.48	--	32	36736	买盘
10:33:21	11.48	--	67	76916	买盘
10:33:18	11.48	--	560	642880	买盘
10:33:15	11.48	--	177	203196	买盘
10:33:12	11.48	--	43	49364	买盘
10:33:09	11.48	--	24	27552	买盘
10:33:06	11.48	--	35	40180	买盘
10:33:03	11.48	0.01	250	287000	买盘
10:32:57	11.47	--	181	207607	卖盘
10:32:54	11.47	--	82	94054	卖盘
10:32:51	11.47	--	197	226119	买盘
10:32:45	11.47	--	50	57350	买盘
10:32:42	11.47	--	176	201872	买盘
10:32:39	11.47	0.01	101	115847	买盘
10:32:36	11.46	--	239	273894	卖盘
10:32:33	11.46	--	112	128352	卖盘
10:32:30	11.46	0.01	29	33234	卖盘
10:32:27	11.45	-0.01	10	11450	卖盘
10:32:24	11.46	--	500	573000	卖盘
10:32:21	11.46	--	150	171900	卖盘
10:32:18	11.46	0.01	78	89388	中性盘
10:32:15	11.45	-0.02	372	425940	卖盘
10:32:12	11.47	0.01	13	14911	买盘
10:32:09	11.46	--	113	129498	卖盘
10:32:06	11.46	--	626	717396	买盘
10:32:03	11.46	--	226	258996	买盘
10:32:00	11.46	--	127	145542	买盘
10:31:57	11.46	--	34	38964	买盘
10:31:54	11.46	--	40	45840	买盘
10:31:51	11.46	--	59	67614	卖盘
10:31:48	11.46	--	198	226908	卖盘
10:31:45	11.46	--	100	114600	卖盘
10:31:42	11.46	--	54	61884	卖盘
10:31:39	11.46	0.01	50	57300	卖盘
10:31:36	11.45	-0.01	158	180910	卖盘
10:31:33	11.46	0.01	42	48132	中性盘
10:31:30	11.45	--	208	238159	卖盘
10:31:27	11.45	-0.01	281	321745	卖盘
10:31:24	11.46	--	152	174192	买盘
10:31:21	11.46	0.01	99	113454	买盘
10:31:18	11.45	-0.01	35	40075	卖盘
10:31:15	11.46	--	13	14898	买盘
10:31:12	11.46	--	345	395370	买盘
10:31:09	11.46	--	88	100848	卖盘
10:31:06	11.46	--	5	5730	卖盘
10:31:03	11.46	--	712	815952	卖盘
10:31:00	11.46	-0.01	103	118038	卖盘
10:30:57	11.47	0.01	30	34410	买盘
10:30:54	11.46	-0.01	1094	1253724	卖盘
10:30:51	11.47	--	40	45880	买盘
10:30:48	11.47	--	11	12617	买盘
10:30:45	11.47	--	5	5735	买盘
10:30:42	11.47	--	439	504519	卖盘
10:30:39	11.47	-0.01	16	18352	卖盘
10:30:36	11.48	0.01	276	316848	买盘
10:30:33	11.47	--	40	45880	卖盘
10:30:30	11.47	--	392	449624	卖盘
10:30:27	11.47	--	67	76849	卖盘
10:30:24	11.47	--	31	35557	卖盘
10:30:21	11.47	-0.01	484	555148	卖盘
10:30:18	11.48	--	18	20664	买盘
10:30:15	11.48	--	5	5740	买盘
10:30:12	11.48	0.01	4	4592	买盘
10:30:09	11.47	-0.01	341	391127	卖盘
10:30:06	11.48	--	89	102172	卖盘
10:30:03	11.48	-0.01	16	18368	卖盘
10:30:00	11.49	--	562	645738	买盘
10:29:57	11.49	0.01	30	34470	买盘
10:29:54	11.48	--	206	236488	卖盘
10:29:51	11.48	-0.01	164	188272	卖盘
10:29:48	11.49	0.01	144	165456	买盘
10:29:45	11.48	-0.01	45	51660	卖盘
10:29:42	11.49	--	149	171201	买盘
10:29:39	11.49	--	17	19533	买盘
10:29:36	11.49	--	151	173499	买盘
10:29:33	11.49	0.01	3	3447	买盘
10:29:30	11.48	-0.01	278	319144	卖盘
10:29:27	11.49	0.01	50	57450	买盘
10:29:24	11.48	--	22	25256	卖盘
10:29:21	11.48	--	16	18368	卖盘
10:29:18	11.48	--	68	78064	卖盘
10:29:15	11.48	-0.01	12	13776	卖盘
10:29:12	11.49	0.01	9	10341	买盘
10:29:09	11.48	-0.01	25	28700	卖盘
10:29:06	11.49	0.01	44	50556	买盘
10:29:03	11.48	--	23	26404	卖盘
10:29:00	11.48	--	9	10332	卖盘
10:28:57	11.48	-0.01	213	244524	卖盘
10:28:54	11.49	--	25	28725	买盘
10:28:51	11.49	--	52	59748	买盘
10:28:48	11.49	--	169	194181	卖盘
10:28:45	11.49	--	20	22980	卖盘
10:28:39	11.49	--	90	103410	卖盘
10:28:36	11.49	--	96	110304	卖盘
10:28:33	11.49	--	3	3447	卖盘
10:28:30	11.49	--	38	43662	卖盘
10:28:24	11.49	--	126	144774	卖盘
10:28:21	11.49	-0.01	11	12639	卖盘
10:28:18	11.5	0.01	100	115000	买盘
10:28:15	11.49	--	16	18384	卖盘
10:28:12	11.49	--	11	12639	卖盘
10:28:06	11.49	--	129	148221	卖盘
10:28:03	11.49	--	30	34470	卖盘
10:28:00	11.49	--	30	34470	卖盘
10:27:57	11.49	--	65	74685	卖盘
10:27:54	11.49	--	63	72387	卖盘
10:27:51	11.49	--	15	17235	卖盘
10:27:48	11.49	--	10	11490	卖盘
10:27:45	11.49	--	42	48258	卖盘
10:27:36	11.49	--	58	66642	买盘
10:27:33	11.49	--	8	9192	买盘
10:27:30	11.49	--	14	16086	买盘
10:27:27	11.49	--	11	12639	买盘
10:27:24	11.49	0.01	21	24129	卖盘
10:27:21	11.48	-0.01	52	59696	卖盘
10:27:18	11.49	--	66	75834	买盘
10:27:12	11.49	0.01	180	206820	买盘
10:27:09	11.48	--	224	257152	卖盘
10:27:06	11.48	-0.01	26	29848	卖盘
10:27:03	11.49	--	20	22980	买盘
10:27:00	11.49	--	41	47109	买盘
10:26:57	11.49	--	85	97665	买盘
10:26:54	11.49	-0.01	429	492921	卖盘
10:26:48	11.5	0.01	149	171350	买盘
10:26:45	11.49	--	35	40215	卖盘
10:26:42	11.49	--	11	12639	卖盘
10:26:39	11.49	-0.01	22	25278	卖盘
10:26:36	11.5	0.01	10	11500	买盘
10:26:33	11.49	--	165	189585	卖盘
10:26:30	11.49	-0.01	21	24129	卖盘
10:26:27	11.5	0.01	15	17250	买盘
10:26:21	11.49	--	66	75834	卖盘
10:26:18	11.49	-0.01	133	152817	卖盘
10:26:15	11.5	--	22	25300	卖盘
10:26:12	11.5	--	45	51750	买盘
10:26:09	11.5	0.01	124	142600	买盘
10:26:06	11.49	-0.01	94	108006	卖盘
10:26:03	11.5	--	50	57500	买盘
10:26:00	11.5	--	13	14950	买盘
10:25:57	11.5	--	57	65550	买盘
10:25:54	11.5	--	65	74750	买盘
10:25:51	11.5	--	30	34500	买盘
10:25:48	11.5	--	4	4600	买盘
10:25:45	11.5	-0.01	249	286925	卖盘
10:25:42	11.51	0.01	2	2302	买盘
10:25:39	11.5	--	5	5750	卖盘
10:25:36	11.5	--	10	11500	卖盘
10:25:33	11.5	--	32	36800	卖盘
10:25:30	11.5	-0.01	183	210450	卖盘
10:25:27	11.51	--	19	21869	买盘
10:25:21	11.51	0.01	143	164593	买盘
10:25:18	11.5	-0.01	5	5750	卖盘
10:25:15	11.51	0.01	53	61003	买盘
10:25:12	11.5	--	35	40250	卖盘
10:25:09	11.5	-0.01	583	670450	卖盘
10:25:06	11.51	--	23	26473	卖盘
10:25:03	11.51	0.01	4	4604	卖盘
10:25:00	11.5	--	21	24150	卖盘
10:24:57	11.5	-0.01	19	21850	卖盘
10:24:51	11.51	0.01	172	197972	买盘
10:24:48	11.5	-0.01	20	23000	卖盘
10:24:45	11.51	--	19	21869	买盘
10:24:42	11.51	--	80	92080	买盘
10:24:39	11.51	--	281	323431	买盘
10:24:33	11.51	0.01	14	16114	买盘
10:24:30	11.5	-0.01	50	57500	卖盘
10:24:27	11.51	0.01	66	75966	买盘
10:24:24	11.5	-0.01	26	29900	卖盘
10:24:21	11.51	--	1	1151	买盘
10:24:18	11.51	--	15	17265	买盘
10:24:15	11.51	--	17	19567	买盘
10:24:12	11.51	--	3	3453	买盘
10:24:06	11.51	--	3	3453	买盘
10:24:03	11.51	-0.01	137	157687	卖盘
10:24:00	11.52	0.01	16	18432	买盘
10:23:57	11.51	-0.01	19	21869	卖盘
10:23:54	11.52	--	26	29952	买盘
10:23:51	11.52	--	356	410112	买盘
10:23:48	11.52	0.01	50	57600	买盘
10:23:42	11.51	--	74	85174	卖盘
10:23:39	11.51	--	290	333790	卖盘
10:23:36	11.51	-0.01	10	11510	卖盘
10:23:33	11.52	--	2	2304	买盘
10:23:30	11.52	--	2	2304	买盘
10:23:24	11.52	--	35	40320	卖盘
10:23:18	11.52	0.01	10	11520	买盘
10:23:15	11.51	-0.01	2	2302	卖盘
10:23:12	11.52	--	210	241920	买盘
10:23:09	11.52	--	5	5760	买盘
10:23:03	11.52	--	1	1152	买盘
10:23:00	11.52	--	53	61056	买盘
10:22:57	11.52	0.01	4	4608	买盘
10:22:54	11.51	0.01	3	3453	卖盘
10:22:45	11.5	-0.01	375	431250	卖盘
10:22:42	11.51	--	38	43738	买盘
10:22:39	11.51	--	22	25322	买盘
10:22:33	11.51	0.01	19	21869	中性盘
10:22:30	11.5	-0.02	250	287500	卖盘
10:22:27	11.52	--	6	6912	买盘
10:22:21	11.52	--	437	503424	买盘
10:22:15	11.52	--	42	48384	买盘
10:22:12	11.52	0.01	122	140544	买盘
10:22:09	11.51	--	221	254371	买盘
10:22:06	11.51	--	16	18416	买盘
10:22:03	11.51	-0.01	148	170923	卖盘
10:22:00	11.52	0.01	10	11520	买盘
10:21:57	11.51	-0.01	50	57550	卖盘
10:21:54	11.52	--	214	246528	买盘
10:21:51	11.52	0.01	2	2304	买盘
10:21:48	11.51	--	47	54097	卖盘
10:21:45	11.51	-0.01	14	16114	卖盘
10:21:42	11.52	0.01	2	2304	买盘
10:21:39	11.51	-0.01	1	1151	卖盘
10:21:36	11.52	0.01	121	139392	买盘
10:21:33	11.51	--	33	37983	卖盘
10:21:30	11.51	-0.01	18	20718	卖盘
10:21:27	11.52	0.01	173	199296	买盘
10:21:24	11.51	--	8	9208	卖盘
10:21:21	11.51	-0.01	10	12085	卖盘
10:21:18	11.52	0.01	32	36864	买盘
10:21:15	11.51	-0.01	5	5755	卖盘
10:21:12	11.52	--	2	2304	买盘
10:21:09	11.52	0.01	13	14976	买盘
10:21:06	11.51	-0.01	2	2302	卖盘
10:21:03	11.52	0.01	30	34560	买盘
10:21:00	11.51	--	23	26473	卖盘
10:20:57	11.51	-0.01	12	13812	卖盘
10:20:54	11.52	--	35	40320	买盘
10:20:51	11.52	0.01	82	94464	买盘
10:20:48	11.51	0.01	13	14963	卖盘
10:20:45	11.5	-0.01	138	159275	卖盘
10:20:42	11.51	-0.01	20	23020	卖盘
10:20:39	11.52	--	68	78336	买盘
10:20:36	11.52	--	72	82944	买盘
10:20:33	11.52	--	88	101376	买盘
10:20:30	11.52	--	20	23040	买盘
10:20:27	11.52	--	7	8064	买盘
10:20:24	11.52	0.01	21	24192	买盘
10:20:21	11.51	--	207	238257	卖盘
10:20:18	11.51	-0.01	7	8057	卖盘
10:20:15	11.52	0.01	25	28800	买盘
10:20:12	11.51	--	10	11510	卖盘
10:20:09	11.51	--	15	17265	卖盘
