成交时间	成交价	价格变动	成交量(手)	成交额(元)	性质
15:00:03	17.15	-0.02	459	788111	卖盘
14:57:00	17.17	--	13	22321	卖盘
14:56:54	17.17	0.08	993	1705770	买盘
14:56:51	17.09	--	24	41016	买盘
14:56:42	17.09	--	9	15381	卖盘
14:56:39	17.09	--	4	6836	买盘
14:56:36	17.09	-0.01	81	138429	卖盘
14:56:33	17.1	--	41	70110	买盘
14:56:30	17.1	0.01	2	3420	买盘
14:56:27	17.09	-0.01	24	41016	卖盘
14:56:21	17.1	0.01	5	8550	买盘
14:56:12	17.09	-0.01	38	64942	卖盘
14:56:03	17.1	--	12	20520	中性盘
14:56:00	17.1	-0.01	10	17100	中性盘
14:55:57	17.11	0.01	54	92394	买盘
14:55:54	17.1	-0.01	8	13680	中性盘
14:55:48	17.11	0.06	10	17110	买盘
14:55:39	17.05	-0.05	10	17050	卖盘
14:55:36	17.1	0.01	27	46170	买盘
14:55:33	17.09	0.03	22	37598	买盘
14:55:30	17.06	-0.08	22	37532	卖盘
14:55:21	17.14	0.01	800	1371200	买盘
14:55:03	17.13	0.01	50	85650	买盘
14:55:00	17.12	--	24	42012	卖盘
14:54:57	17.12	--	1	1712	卖盘
14:54:54	17.12	--	20	34240	卖盘
14:54:51	17.12	--	23	39376	卖盘
14:54:48	17.12	--	107	183184	卖盘
14:54:45	17.12	--	30	51360	卖盘
14:54:42	17.12	--	33	56496	卖盘
14:54:39	17.12	--	550	941600	卖盘
14:54:36	17.12	--	12	20544	卖盘
14:54:30	17.12	--	120	205440	卖盘
14:54:24	17.12	-0.03	63	107856	卖盘
14:54:21	17.15	0.03	89	152635	买盘
14:54:18	17.12	--	5	8560	卖盘
14:54:15	17.12	--	114	195168	卖盘
14:54:12	17.12	--	105	179760	卖盘
14:54:09	17.12	--	8	13696	卖盘
14:54:03	17.12	0.04	422	723251	买盘
14:54:00	17.08	0.01	100	170799	买盘
14:53:54	17.07	0.01	14	23898	买盘
14:53:48	17.06	0.06	10	17469	中性盘
14:53:42	17.0	--	7	11900	卖盘
14:53:36	17.0	-0.08	66	112200	卖盘
14:53:33	17.08	0.07	500	853999	买盘
14:53:30	17.01	0.01	30	51030	买盘
14:53:27	17.0	--	5	8500	卖盘
14:53:24	17.0	-0.01	17	28900	卖盘
14:53:18	17.01	0.01	48	81648	买盘
14:53:15	17.0	--	20	34000	卖盘
14:53:09	17.0	--	10	17000	卖盘
14:53:00	17.0	0.06	842	1432692	买盘
14:52:54	16.94	--	24	40656	买盘
14:52:51	16.94	--	40	67760	卖盘
14:52:39	16.94	--	22	37268	卖盘
14:52:27	16.94	--	50	84700	卖盘
14:52:18	16.94	--	12	20328	卖盘
14:52:12	16.94	-0.01	2	3388	卖盘
14:52:09	16.95	--	3	5085	买盘
14:52:03	16.95	--	12	20340	卖盘
14:51:57	16.95	0.04	38	64410	买盘
14:51:54	16.91	-0.04	19	32129	卖盘
14:50:30	16.95	--	1	1695	卖盘
14:50:27	16.95	--	70	118650	卖盘
14:50:21	16.95	--	6	10170	卖盘
14:50:18	16.95	--	49	83055	买盘
14:50:06	16.95	--	2	3390	卖盘
14:49:48	16.95	--	10	16950	卖盘
14:49:45	16.95	--	16	27120	卖盘
14:49:36	16.95	--	9	15255	卖盘
14:49:27	16.95	0.05	223	377985	买盘
14:49:06	16.9	-0.01	9	15209	卖盘
14:48:33	16.91	-0.01	10	16910	卖盘
14:48:03	16.92	-0.02	28	47376	卖盘
14:47:24	16.94	--	5	8470	买盘
14:47:12	16.94	--	15	25410	买盘
14:46:57	16.94	0.02	4	6776	买盘
14:46:54	16.92	--	100	169200	卖盘
14:46:48	16.92	--	5	8460	买盘
14:46:39	16.92	0.01	11	18612	买盘
14:46:30	16.91	-0.01	3	5073	卖盘
14:46:18	16.92	0.01	11	18612	买盘
14:46:12	16.91	-0.01	2	3382	卖盘
14:45:57	16.92	--	11	18612	买盘
14:45:54	16.92	-0.01	11	18612	卖盘
14:45:42	16.93	-0.01	14	23702	卖盘
14:45:39	16.94	--	11	18634	买盘
14:45:18	16.94	--	41	69454	买盘
14:44:57	16.94	0.01	11	18634	买盘
14:44:51	16.93	--	1	1693	卖盘
14:44:45	16.93	--	28	47404	买盘
14:44:39	16.93	--	11	18623	买盘
14:44:33	16.93	--	5	8465	买盘
14:44:18	16.93	0.01	11	18623	买盘
14:43:57	16.92	--	3	5076	买盘
14:43:42	16.92	0.01	2	3384	买盘
14:43:39	16.91	0.01	10	16910	买盘
14:43:27	16.9	0.01	3	5070	买盘
14:43:21	16.89	-0.01	17	28713	卖盘
14:43:18	16.9	--	28	47319	买盘
14:42:57	16.9	--	11	18590	买盘
14:42:54	16.9	--	62	104779	买盘
14:42:36	16.9	--	11	18590	买盘
14:42:18	16.9	--	13	21969	买盘
14:41:57	16.9	--	11	18590	买盘
14:41:36	16.9	--	11	18590	买盘
14:41:18	16.9	--	15	25349	买盘
14:40:57	16.9	--	11	18590	买盘
14:40:54	16.9	0.02	5	8450	买盘
14:40:39	16.88	-0.02	33	55704	卖盘
14:40:36	16.9	0.01	68	114919	买盘
14:40:18	16.89	--	1	1689	买盘
14:40:09	16.89	0.01	21	35469	买盘
14:40:03	16.88	-0.01	5	8440	卖盘
14:39:57	16.89	--	11	18579	买盘
14:39:48	16.89	--	4	6756	卖盘
14:39:39	16.89	--	7	11823	买盘
14:39:33	16.89	--	23	38847	卖盘
14:39:24	16.89	-0.01	3	5067	卖盘
14:39:18	16.9	0.01	11	18590	买盘
14:39:09	16.89	-0.01	50	84450	卖盘
14:38:57	16.9	0.01	11	18590	买盘
14:38:39	16.89	0.02	8	13512	买盘
14:38:27	16.87	--	8	13496	卖盘
14:38:18	16.87	-0.01	19	32053	卖盘
14:38:12	16.88	-0.01	25	42200	卖盘
14:37:57	16.89	--	11	18579	买盘
14:37:48	16.89	-0.01	52	87828	卖盘
14:37:45	16.9	--	32	54079	买盘
14:37:39	16.9	0.01	11	18590	买盘
14:37:33	16.89	-0.01	5	8445	卖盘
14:37:24	16.9	-0.03	355	599950	卖盘
14:37:18	16.93	0.02	11	18623	买盘
14:37:00	16.91	-0.02	30	50730	卖盘
14:36:57	16.93	--	11	18623	买盘
14:36:36	16.93	0.02	38	64334	买盘
14:36:33	16.91	--	6	10146	卖盘
14:36:15	16.91	--	1	1691	买盘
14:36:09	16.91	-0.02	19	32129	卖盘
14:35:57	16.93	0.02	11	18623	买盘
14:35:51	16.91	--	30	50730	卖盘
14:35:39	16.91	-0.02	107	180937	卖盘
14:35:36	16.93	0.01	44	74492	买盘
14:35:30	16.92	--	9	15228	买盘
14:35:18	16.92	--	11	18612	买盘
14:35:12	16.92	-0.01	156	263952	卖盘
14:34:57	16.93	--	11	18623	买盘
14:34:39	16.93	--	5	8465	买盘
14:34:36	16.93	--	28	47404	买盘
14:34:33	16.93	-0.02	65	110045	卖盘
14:34:18	16.95	--	11	18645	买盘
14:33:57	16.95	0.02	11	18645	买盘
14:33:42	16.93	-0.02	71	120203	卖盘
14:33:39	16.95	--	2	3390	买盘
14:33:36	16.95	0.02	9	15255	买盘
14:33:30	16.93	--	10	16930	卖盘
14:33:27	16.93	--	12	20316	卖盘
14:33:18	16.93	-0.02	15	25395	卖盘
14:32:57	16.95	--	11	18645	买盘
14:32:39	16.95	--	11	18645	买盘
14:32:27	16.95	--	1	1695	买盘
14:32:21	16.95	-0.01	26	44070	卖盘
14:32:18	16.96	0.01	11	18656	买盘
14:32:06	16.95	-0.01	50	84750	卖盘
14:31:57	16.96	0.01	11	18656	买盘
14:31:42	16.95	-0.01	31	52545	卖盘
14:31:36	16.96	--	11	18656	买盘
14:31:18	16.96	0.01	11	18656	买盘
14:31:12	16.95	-0.01	5	8475	卖盘
14:31:09	16.96	--	68	115328	买盘
14:30:57	16.96	--	11	18656	买盘
14:30:36	16.96	--	11	18656	买盘
14:30:27	16.96	--	47	79712	买盘
14:30:18	16.96	--	3	5088	买盘
14:30:15	16.96	--	8	13568	买盘
14:30:03	16.96	0.01	6	10176	买盘
14:30:00	16.95	--	26	44070	买盘
14:29:57	16.95	--	11	18645	买盘
14:29:45	16.95	--	5	8475	卖盘
14:29:39	16.95	-0.01	5	8475	卖盘
14:29:36	16.96	0.01	11	18656	买盘
14:29:15	16.95	--	1	1695	买盘
14:28:57	16.95	--	11	18645	买盘
14:28:36	16.95	--	11	18645	买盘
14:28:18	16.95	-0.01	11	18645	中性盘
14:27:57	16.96	0.03	11	18656	买盘
14:27:48	16.93	-0.03	60	101580	卖盘
14:27:45	16.96	--	20	33920	买盘
14:27:39	16.96	--	4	6784	卖盘
14:27:36	16.96	--	7	11872	买盘
14:27:24	16.96	--	3	5088	卖盘
14:27:18	16.96	--	8	13568	买盘
14:26:57	16.96	--	40	67840	买盘
14:26:36	16.96	0.01	16	27136	买盘
14:26:27	16.95	--	5	8475	买盘
14:26:24	16.95	--	5	8475	卖盘
14:26:21	16.95	-0.01	10	16950	卖盘
14:26:18	16.96	--	11	18656	买盘
14:25:57	16.96	--	11	18656	买盘
14:25:36	16.96	0.01	11	18656	买盘
14:25:33	16.95	--	5	8475	卖盘
14:25:18	16.95	-0.01	13	22035	卖盘
14:25:00	16.96	-0.01	3	5088	卖盘
14:24:57	16.97	0.01	11	18667	买盘
14:24:48	16.96	-0.01	10	16960	卖盘
14:24:36	16.97	0.02	11	18667	中性盘
14:24:15	16.95	--	4	6780	买盘
14:23:57	16.95	--	11	18645	买盘
14:23:36	16.95	--	11	18645	买盘
14:23:33	16.95	--	8	13560	买盘
14:23:24	16.95	--	10	16950	买盘
14:23:18	16.95	--	3	5085	买盘
14:23:15	16.95	--	8	13560	买盘
14:23:03	16.95	--	3	5085	卖盘
14:22:57	16.95	-0.03	17	28815	卖盘
14:22:36	16.98	--	11	18678	买盘
14:22:18	16.98	--	3	5094	买盘
14:22:15	16.98	--	8	13584	买盘
14:21:57	16.98	0.03	11	18678	买盘
14:21:48	16.95	-0.03	15	25425	卖盘
14:21:36	16.98	--	11	18678	买盘
14:21:15	16.98	0.03	11	18678	买盘
14:21:06	16.95	-0.03	23	38985	卖盘
14:20:57	16.98	0.03	11	18678	买盘
14:20:48	16.95	--	55	93225	买盘
14:20:36	16.95	0.02	11	18645	买盘
14:20:24	16.93	-0.02	15	25395	卖盘
14:20:15	16.95	--	11	18645	买盘
14:20:09	16.95	--	42	71190	买盘
14:19:57	16.95	--	11	18645	买盘
14:19:51	16.95	-0.04	29	49155	卖盘
14:19:42	16.99	0.01	179	304121	买盘
14:19:36	16.98	--	11	18678	买盘
14:19:15	16.98	--	11	18678	买盘
14:18:57	16.98	0.01	11	18678	买盘
14:18:36	16.97	--	11	18667	买盘
14:18:18	16.97	--	3	5091	买盘
14:18:15	16.97	--	8	13576	买盘
14:17:57	16.97	--	11	18667	买盘
14:17:36	16.97	--	11	18667	买盘
14:17:27	16.97	--	1	1697	买盘
14:17:15	16.97	0.01	11	18667	买盘
14:17:03	16.96	-0.01	1	1696	卖盘
14:16:57	16.97	--	11	18667	买盘
14:16:48	16.97	--	21	35637	买盘
14:16:36	16.97	0.01	11	18667	买盘
14:16:15	16.96	0.01	10	16960	买盘
14:16:12	16.95	0.01	26	44070	买盘
14:15:57	16.94	--	11	18634	买盘
14:15:36	16.94	--	11	18634	买盘
14:15:30	16.94	--	7	11858	卖盘
14:15:21	16.94	-0.01	5	8470	卖盘
14:15:15	16.95	0.01	11	18645	买盘
14:14:57	16.94	--	10	16940	买盘
14:14:51	16.94	-0.01	5	8470	卖盘
14:14:45	16.95	--	10	16950	买盘
14:14:36	16.95	--	11	18645	买盘
14:14:15	16.95	-0.01	11	18645	中性盘
14:13:57	16.96	--	11	18656	买盘
14:13:36	16.96	--	11	18656	买盘
14:13:15	16.96	--	11	18656	买盘
14:12:57	16.96	--	11	18656	买盘
14:12:36	16.96	0.04	11	18656	买盘
14:12:30	16.92	-0.04	55	93060	卖盘
14:12:15	16.96	--	11	18656	买盘
14:11:57	16.96	0.01	11	18656	买盘
14:11:54	16.95	-0.01	11	18645	卖盘
14:11:36	16.96	--	11	18656	买盘
14:11:15	16.96	--	17	28832	买盘
14:10:54	16.96	--	11	18656	买盘
14:10:36	16.96	--	169	286624	买盘
14:10:15	16.96	--	11	18656	买盘
14:09:54	16.96	--	11	18656	买盘
14:09:36	16.96	0.04	11	18656	买盘
14:09:30	16.92	-0.03	9	15228	卖盘
14:09:18	16.95	--	2	3390	卖盘
14:09:15	16.95	--	9	15255	买盘
14:08:54	16.95	--	11	18645	买盘
14:08:39	16.95	-0.01	2	3390	卖盘
14:08:36	16.96	0.01	11	18656	买盘
14:08:15	16.95	--	9	15255	买盘
14:07:54	16.95	--	11	18645	买盘
14:07:36	16.95	--	11	18645	买盘
14:07:15	16.95	--	11	18645	买盘
14:06:54	16.95	--	11	18645	买盘
14:06:39	16.95	--	23	38985	买盘
14:06:36	16.95	--	11	18645	买盘
14:06:15	16.95	--	11	18645	买盘
14:05:57	16.95	--	2	3390	买盘
14:05:54	16.95	--	9	15255	买盘
14:05:36	16.95	--	11	18645	买盘
14:05:15	16.95	--	11	18645	买盘
14:04:54	16.95	--	11	18645	买盘
14:04:36	16.95	--	2	3390	买盘
14:04:33	16.95	--	9	15255	买盘
14:04:15	16.95	--	11	18645	买盘
14:03:54	16.95	--	11	18645	买盘
14:03:36	16.95	--	11	18645	买盘
14:03:15	16.95	0.04	11	18645	买盘
14:02:54	16.91	-0.04	40	67640	卖盘
14:02:36	16.95	0.01	11	18645	买盘
14:02:15	16.94	0.02	2	3388	中性盘
14:02:03	16.92	-0.03	6	10152	卖盘
14:01:54	16.95	--	11	18645	买盘
14:01:36	16.95	0.03	11	18645	买盘
14:01:27	16.92	--	34	57528	买盘
14:01:15	16.92	--	11	18612	买盘
14:01:06	16.92	-0.03	15	25380	卖盘
14:00:54	16.95	--	11	18645	买盘
14:00:36	16.95	--	11	18645	买盘
14:00:15	16.95	--	11	18645	买盘
13:59:54	16.95	--	11	18645	买盘
13:59:51	16.95	0.03	5	8475	中性盘
13:59:36	16.92	--	8	13536	买盘
13:59:15	16.92	--	11	18612	买盘
13:59:12	16.92	--	10	16920	买盘
13:59:09	16.92	--	3	5076	买盘
13:59:03	16.92	--	29	49068	买盘
13:58:57	16.92	--	6	10152	买盘
13:58:54	16.92	--	11	18612	买盘
13:58:36	16.92	--	11	18612	买盘
13:58:18	16.92	-0.05	80	135360	卖盘
13:58:15	16.97	0.01	11	18667	买盘
13:57:57	16.96	-0.01	2	3392	卖盘
13:57:54	16.97	0.01	11	18667	买盘
13:57:33	16.96	--	8	13568	买盘
13:57:21	16.96	-0.01	2	3392	卖盘
13:57:15	16.97	0.01	11	18667	买盘
13:56:54	16.96	--	9	15264	买盘
13:56:42	16.96	-0.01	1	1696	卖盘
13:56:33	16.97	--	13	22061	买盘
13:56:15	16.97	--	11	18667	买盘
13:55:54	16.97	--	11	18667	买盘
13:55:33	16.97	--	11	18667	买盘
13:55:15	16.97	0.01	11	18667	买盘
13:55:06	16.96	--	99	167904	买盘
13:54:54	16.96	--	11	18656	买盘
13:54:36	16.96	--	3	5088	买盘
13:54:33	16.96	0.01	8	13568	买盘
13:54:15	16.95	--	2	3390	买盘
13:53:54	16.95	0.01	11	18645	买盘
13:53:45	16.94	-0.01	1	1694	卖盘
13:53:33	16.95	--	31	52545	买盘
13:53:15	16.95	0.01	11	18645	买盘
13:52:54	16.94	-0.01	10	16940	买盘
13:52:36	16.95	--	2	3390	买盘
13:52:33	16.95	--	9	15255	买盘
13:52:21	16.95	--	5	8475	买盘
13:52:15	16.95	--	11	18645	买盘
13:51:54	16.95	0.03	11	18645	买盘
13:51:42	16.92	-0.03	55	93060	卖盘
13:51:33	16.95	--	11	18645	买盘
13:51:15	16.95	--	11	18645	买盘
13:51:06	16.95	--	30	50850	买盘
13:51:03	16.95	--	1	1695	买盘
13:51:00	16.95	-0.01	5	8475	卖盘
13:50:54	16.96	0.01	11	18656	买盘
13:50:48	16.95	0.03	5	8475	中性盘
13:50:36	16.92	-0.03	15	25380	卖盘
13:50:33	16.95	-0.01	5	8475	买盘
13:50:15	16.96	--	11	18656	买盘
13:49:54	16.96	--	11	18656	买盘
13:49:33	16.96	--	11	18656	买盘
13:49:15	16.96	--	11	18656	买盘
13:48:54	16.96	0.04	11	18656	买盘
13:48:36	16.92	-0.01	17	28764	卖盘
13:48:33	16.93	--	6	10158	买盘
13:48:15	16.93	--	11	18623	买盘
13:47:54	16.93	--	11	18623	买盘
13:47:51	16.93	-0.03	48	81264	卖盘
13:47:33	16.96	--	11	18656	买盘
13:47:27	16.96	--	5	8480	买盘
13:47:15	16.96	--	11	18656	买盘
13:46:54	16.96	--	11	18656	买盘
13:46:33	16.96	--	14	23744	买盘
13:46:15	16.96	--	11	18656	买盘
13:45:57	16.96	--	9	15264	卖盘
13:45:54	16.96	--	2	3392	买盘
13:45:33	16.96	--	11	18656	买盘
13:45:12	16.96	--	11	18656	买盘
13:44:54	16.96	--	11	18656	买盘
13:44:36	16.96	0.03	12	20352	买盘
13:44:33	16.93	-0.03	5	8465	中性盘
13:44:12	16.96	--	11	18656	买盘
13:43:54	16.96	--	11	18656	买盘
13:43:33	16.96	--	11	18656	买盘
13:43:12	16.96	--	11	18656	买盘
13:42:54	16.96	--	11	18656	中性盘
13:42:33	16.96	--	16	27136	卖盘
13:42:12	16.96	0.01	6	10176	买盘
13:42:00	16.95	--	5	8475	卖盘
13:41:54	16.95	-0.01	6	10170	中性盘
13:41:33	16.96	--	12	20352	买盘
13:41:12	16.96	--	11	18656	买盘
13:41:09	16.96	--	45	76320	卖盘
13:41:03	16.96	-0.01	10	16960	卖盘
13:40:54	16.97	0.01	11	18667	买盘
13:40:48	16.96	-0.01	52	88192	卖盘
13:40:33	16.97	--	31	52607	买盘
13:40:12	16.97	--	16	27152	买盘
13:39:54	16.97	--	11	18667	买盘
13:39:51	16.97	--	16	27152	买盘
13:39:33	16.97	0.01	11	18667	买盘
13:39:18	16.96	-0.01	10	16960	卖盘
13:39:12	16.97	0.01	11	18667	买盘
13:38:54	16.96	--	49	83104	买盘
13:38:33	16.96	--	11	18656	买盘
13:38:30	16.96	--	5	8480	买盘
13:38:12	16.96	0.01	11	18656	买盘
13:38:09	16.95	--	5	8475	卖盘
13:37:54	16.95	-0.01	5	8475	中性盘
13:37:33	16.96	0.06	11	18656	买盘
13:37:12	16.9	--	8	13519	买盘
13:37:09	16.9	--	1	1689	买盘
13:36:54	16.9	--	11	18590	买盘
13:36:51	16.9	-0.06	137	231529	卖盘
13:36:36	16.96	-0.01	73	123808	卖盘
13:36:33	16.97	--	11	18667	买盘
13:36:12	16.97	--	11	18667	买盘
13:35:54	16.97	--	11	18667	买盘
13:35:51	16.97	--	20	33940	买盘
13:35:45	16.97	--	1	1697	买盘
13:35:42	16.97	-0.01	10	16970	卖盘
13:35:33	16.98	--	11	18678	买盘
13:35:12	16.98	--	11	18678	买盘
13:34:54	16.98	0.01	11	18678	买盘
13:34:51	16.97	-0.01	1	1697	卖盘
13:34:36	16.98	--	220	373560	买盘
13:34:33	16.98	--	11	18678	买盘
13:34:12	16.98	--	11	18678	买盘
13:33:54	16.98	0.01	11	18678	买盘
13:33:33	16.97	--	1	1697	买盘
13:33:30	16.97	--	18	30545	买盘
13:33:21	16.97	-0.01	11	18667	卖盘
13:33:12	16.98	0.01	50	84900	买盘
13:33:00	16.97	-0.01	7	11879	卖盘
13:32:51	16.98	--	11	18678	买盘
13:32:33	16.98	--	11	18678	买盘
13:32:18	16.98	--	5	8490	买盘
13:32:12	16.98	0.01	11	18678	买盘
13:31:54	16.97	--	4	6788	买盘
13:31:33	16.97	--	11	18667	买盘
13:31:12	16.97	--	11	18667	买盘
13:30:54	16.97	--	11	18667	买盘
13:30:33	16.97	0.01	11	18667	买盘
13:30:27	16.96	-0.01	5	8480	卖盘
13:30:12	16.97	--	11	18667	买盘
13:30:03	16.97	--	3	5091	卖盘
13:29:54	16.97	--	8	13576	买盘
13:29:51	16.97	--	1	1697	买盘
13:29:33	16.97	--	11	18667	买盘
13:29:21	16.97	--	20	33940	买盘
13:29:12	16.97	--	11	18667	买盘
13:29:00	16.97	--	9	15272	买盘
13:28:57	16.97	--	20	33940	买盘
13:28:54	16.97	--	11	18667	买盘
13:28:42	16.97	--	1	1697	买盘
13:28:33	16.97	--	11	18667	买盘
13:28:12	16.97	--	11	18667	买盘
13:27:57	16.97	--	50	84850	买盘
13:27:54	16.97	0.01	11	18667	买盘
13:27:39	16.96	-0.01	4	6784	卖盘
13:27:33	16.97	0.01	11	18667	买盘
13:27:18	16.96	-0.01	20	33920	卖盘
13:27:12	16.97	--	11	18667	买盘
13:26:54	16.97	0.01	11	18667	买盘
13:26:36	16.96	-0.01	5	8480	卖盘
13:26:33	16.97	0.01	11	18667	买盘
13:26:18	16.96	-0.01	5	8480	卖盘
13:26:12	16.97	0.01	11	18667	买盘
13:26:03	16.96	-0.01	7	11872	卖盘
13:25:51	16.97	0.01	11	18667	买盘
13:25:36	16.96	-0.01	20	33920	卖盘
13:25:33	16.97	--	11	18667	买盘
13:25:12	16.97	--	11	18667	买盘
13:25:00	16.97	--	20	33940	买盘
13:24:51	16.97	--	12	20364	买盘
13:24:33	16.97	--	11	18667	买盘
13:24:27	16.97	--	1	1697	卖盘
13:24:12	16.97	0.01	10	16970	买盘
13:23:57	16.96	-0.01	9	15264	卖盘
13:23:51	16.97	--	11	18667	买盘
13:23:33	16.97	--	11	18667	买盘
13:23:12	16.97	--	11	18667	买盘
13:22:54	16.97	--	11	18667	买盘
13:22:33	16.97	--	11	18667	买盘
13:22:18	16.97	-0.01	24	40728	卖盘
13:22:12	16.98	--	11	18678	买盘
13:21:54	16.98	0.01	3	5094	买盘
13:21:51	16.97	-0.01	68	115395	卖盘
13:21:33	16.98	--	11	18678	买盘
13:21:12	16.98	--	11	18678	买盘
13:21:06	16.98	--	5	8490	买盘
13:20:57	16.98	--	3	5094	买盘
13:20:54	16.98	--	11	18678	买盘
13:20:45	16.98	--	5	8490	买盘
13:20:36	16.98	--	5	8490	买盘
13:20:33	16.98	--	11	18678	买盘
13:20:27	16.98	0.01	5	8490	买盘
13:20:18	16.97	--	5	8485	卖盘
13:20:12	16.97	--	7	11879	买盘
13:20:06	16.97	--	3	5091	买盘
13:19:57	16.97	-0.01	5	8485	中性盘
13:19:51	16.98	--	11	18678	买盘
13:19:45	16.98	0.01	5	8490	买盘
13:19:42	16.97	-0.01	5	8485	卖盘
13:19:36	16.98	--	5	8490	买盘
13:19:33	16.98	0.01	11	18678	买盘
13:19:12	16.97	--	6	10182	买盘
13:19:06	16.97	--	4	6788	卖盘
13:18:54	16.97	-0.01	100	169700	卖盘
13:18:51	16.98	0.01	11	18678	买盘
13:18:39	16.97	-0.01	7	11879	卖盘
13:18:33	16.98	--	173	293754	买盘
13:18:24	16.98	--	10	16980	买盘
13:18:21	16.98	--	2	3396	买盘
13:18:12	16.98	--	11	18678	买盘
13:18:00	16.98	--	1	1698	买盘
13:17:57	16.98	--	7	11886	买盘
13:17:51	16.98	--	11	18678	买盘
13:17:39	16.98	--	2	3396	买盘
13:17:33	16.98	--	11	18678	买盘
13:17:24	16.98	--	10	16980	买盘
13:17:12	16.98	0.01	11	18678	买盘
13:16:54	16.97	0.02	176	298672	买盘
13:16:51	16.95	--	11	18645	买盘
13:16:42	16.95	--	8	13560	买盘
13:16:39	16.95	-0.01	1	1695	卖盘
13:16:33	16.96	0.01	11	18656	买盘
13:16:24	16.95	-0.01	3	5085	卖盘
13:16:12	16.96	--	11	18656	买盘
13:16:03	16.96	--	6	10176	买盘
13:15:51	16.96	0.01	11	18656	买盘
13:15:45	16.95	-0.01	10	16950	卖盘
13:15:33	16.96	--	11	18656	买盘
13:15:30	16.96	--	12	20352	买盘
13:15:12	16.96	--	11	18656	买盘
13:14:51	16.96	--	11	18656	买盘
13:14:39	16.96	--	15	25440	买盘
13:14:30	16.96	--	11	18656	买盘
13:14:12	16.96	0.02	11	18656	买盘
13:14:09	16.94	-0.02	1	1694	卖盘
13:14:03	16.96	0.01	25	42400	买盘
13:13:51	16.95	--	11	18645	买盘
13:13:45	16.95	0.01	10	16950	买盘
13:13:30	16.94	0.02	9	15246	买盘
13:13:24	16.92	-0.02	1	1692	卖盘
13:13:12	16.94	--	25	42350	买盘
13:12:54	16.94	--	11	18634	买盘
13:12:51	16.94	--	11	18634	买盘
13:12:45	16.94	0.02	15	25410	买盘
13:12:30	16.92	-0.01	14	24601	卖盘
13:12:24	16.93	--	10	16930	买盘
13:12:12	16.93	--	11	18623	买盘
13:11:51	16.93	--	11	18623	买盘
13:11:30	16.93	--	11	18623	买盘
13:11:12	16.93	--	11	18623	买盘
13:10:51	16.93	--	11	18623	买盘
13:10:30	16.93	--	11	18623	买盘
13:10:12	16.93	--	11	18623	买盘
13:10:03	16.93	0.01	5	8465	买盘
13:09:51	16.92	--	1	1692	买盘
13:09:39	16.92	--	12	20304	买盘
13:09:30	16.92	--	11	18612	买盘
13:09:21	16.92	--	15	25380	买盘
13:09:12	16.92	0.01	11	18612	买盘
13:09:00	16.91	--	148	250268	买盘
13:08:51	16.91	--	11	18601	买盘
13:08:33	16.91	--	12	20292	买盘
13:08:30	16.91	--	25	42275	买盘
13:08:12	16.91	--	11	18601	买盘
13:07:51	16.91	--	11	18601	买盘
13:07:30	16.91	--	11	18601	买盘
13:07:12	16.91	--	11	18601	买盘
13:06:51	16.91	--	11	18601	买盘
13:06:30	16.91	--	11	18601	买盘
13:06:12	16.91	--	11	18601	买盘
13:05:57	16.91	--	7	11837	买盘
13:05:51	16.91	--	11	18601	买盘
13:05:30	16.91	--	11	18601	买盘
13:05:12	16.91	0.01	11	18601	买盘
13:04:57	16.9	-0.01	5	8450	卖盘
13:04:51	16.91	0.01	13	21983	买盘
13:04:30	16.9	--	3	5070	买盘
13:04:21	16.9	--	7	11829	卖盘
13:04:15	16.9	-0.01	5	8450	卖盘
13:04:12	16.91	0.01	11	18601	买盘
13:03:57	16.9	-0.01	29	49009	卖盘
13:03:51	16.91	--	11	18601	买盘
13:03:42	16.91	--	4	6764	卖盘
13:03:36	16.91	-0.02	7	11837	卖盘
13:03:33	16.93	--	2	3386	买盘
13:03:30	16.93	--	9	15237	买盘
13:03:12	16.93	--	11	18623	买盘
13:03:09	16.93	--	6	10158	买盘
13:02:51	16.93	--	11	18623	买盘
13:02:36	16.93	-0.01	7	12629	卖盘
13:02:30	16.94	--	11	18634	买盘
13:02:12	16.94	--	11	18634	买盘
13:01:51	16.94	--	11	18634	买盘
13:01:30	16.94	--	11	18634	买盘
13:01:24	16.94	--	5	8470	卖盘
13:01:09	16.94	--	6	10164	买盘
13:00:51	16.94	--	14	23716	买盘
13:00:30	16.94	0.01	11	18634	买盘
13:00:24	16.93	--	1	1693	卖盘
13:00:09	16.93	--	2	4300	买盘
13:00:03	16.93	-0.01	40	67720	卖盘
13:00:00	16.94	--	0	0	买盘
11:30:00	16.94	0.01	8	13552	买盘
11:29:57	16.93	--	5	8465	买盘
11:29:54	16.93	-0.01	5	8465	卖盘
11:29:48	16.94	0.01	1	1694	买盘
11:29:39	16.93	--	6	10158	买盘
11:29:36	16.93	-0.01	10	16930	中性盘
11:29:30	16.94	--	20	33880	买盘
11:29:18	16.94	--	11	18634	买盘
11:28:57	16.94	--	11	18634	买盘
11:28:51	16.94	--	2	3388	买盘
11:28:45	16.94	-0.01	13	22022	卖盘
11:28:39	16.95	0.01	11	18645	买盘
11:28:30	16.94	--	6	10164	买盘
11:28:18	16.94	0.01	11	18634	买盘
11:28:12	16.93	0.03	42	72392	买盘
11:27:57	16.9	--	11	18590	买盘
11:27:45	16.9	--	13	21969	买盘
11:27:39	16.9	0.01	11	18590	买盘
11:27:18	16.89	--	10	16890	买盘
11:27:00	16.89	--	1	1689	买盘
11:26:57	16.89	--	11	18579	买盘
11:26:36	16.89	--	11	18579	买盘
11:26:18	16.89	0.01	11	18579	买盘
11:26:03	16.88	-0.01	2	3376	卖盘
11:25:57	16.89	0.01	11	18579	买盘
11:25:36	16.88	--	5	8440	买盘
11:25:30	16.88	0.03	7	11816	买盘
11:25:21	16.85	--	94	159451	买盘
11:25:18	16.85	0.03	11	18535	买盘
11:25:15	16.82	-0.02	10	16820	卖盘
11:24:57	16.84	0.02	5	8420	买盘
11:24:54	16.82	-0.02	16	26912	卖盘
11:24:36	16.84	--	11	18524	买盘
11:24:18	16.84	--	11	18524	买盘
11:23:57	16.84	0.01	23	38732	买盘
11:23:39	16.83	--	3	5048	买盘
11:23:36	16.83	--	8	13463	买盘
11:23:33	16.83	-0.01	4	6731	卖盘
11:23:18	16.84	0.01	11	18524	买盘
11:22:57	16.83	--	7	11780	买盘
11:22:39	16.83	--	11	18512	买盘
11:22:36	16.83	--	1	1682	买盘
11:22:18	16.83	--	11	18512	买盘
11:21:57	16.83	--	11	18512	买盘
11:21:39	16.83	--	11	18512	买盘
11:21:18	16.83	--	11	18512	买盘
11:21:09	16.83	0.01	1	1682	买盘
11:20:57	16.82	--	1	3195	买盘
11:20:45	16.82	-0.01	19	32126	卖盘
11:20:42	16.83	--	48	80783	买盘
11:20:36	16.83	--	11	18512	买盘
11:20:18	16.83	--	23	38708	卖盘
11:20:06	16.83	--	3	5048	卖盘
11:19:57	16.83	--	6	10097	买盘
11:19:39	16.83	--	1	1682	买盘
11:19:36	16.83	--	11	18512	买盘
11:19:18	16.83	--	11	18512	买盘
11:18:57	16.83	0.01	11	18512	买盘
11:18:36	16.82	--	7	13287	买盘
11:18:33	16.82	0.01	5	8410	买盘
11:18:24	16.81	-0.01	5	8405	卖盘
11:18:18	16.82	--	18	30276	买盘
11:18:09	16.82	--	1	1682	买盘
11:17:54	16.82	0.02	4	6728	买盘
11:17:51	16.8	--	3	5040	卖盘
11:17:42	16.8	-0.01	4	6720	卖盘
11:17:24	16.81	--	45	75645	卖盘
11:17:18	16.81	--	15	25214	卖盘
11:17:12	16.81	-0.01	14	23534	卖盘
11:16:54	16.82	--	4	6728	买盘
11:16:42	16.82	-0.01	51	85782	卖盘
11:16:39	16.83	--	1	1682	买盘
11:16:24	16.83	--	4	6731	买盘
11:15:54	16.83	--	4	6731	买盘
11:15:33	16.83	--	3	5048	买盘
11:15:24	16.83	--	4	6731	买盘
11:15:12	16.83	--	1	1682	买盘
11:14:54	16.83	--	4	6731	买盘
11:14:21	16.83	--	4	6731	买盘
11:13:51	16.83	0.01	4	6731	买盘
11:13:48	16.82	--	13	21866	买盘
11:13:45	16.82	--	1	1682	买盘
11:13:21	16.82	--	4	6728	买盘
11:13:12	16.82	-0.01	39	65598	卖盘
11:12:51	16.83	-0.01	5	8415	卖盘
11:12:48	16.84	--	1	1684	买盘
11:12:21	16.84	--	7	11788	买盘
11:11:51	16.84	--	4	6736	买盘
11:11:39	16.84	--	1	1684	买盘
11:11:21	16.84	0.01	4	6736	买盘
11:11:15	16.83	--	9	15635	买盘
11:11:06	16.83	--	30	50489	买盘
11:11:00	16.83	--	22	37025	买盘
11:10:51	16.83	--	4	6731	买盘
11:10:48	16.83	--	1	1682	买盘
11:10:45	16.83	--	51	87027	卖盘
11:10:27	16.83	0.02	52	88004	买盘
11:10:21	16.81	-0.02	5	8405	买盘
11:10:18	16.83	0.02	11	18512	买盘
11:09:57	16.81	0.01	5	8405	买盘
11:09:54	16.8	-0.02	114	191520	卖盘
11:09:51	16.82	0.01	1	1682	买盘
11:09:36	16.81	-0.01	2	3361	卖盘
11:09:27	16.82	--	1	1682	买盘
11:09:24	16.82	--	2	3364	买盘
11:09:21	16.82	-0.01	7	11774	中性盘
11:08:51	16.83	0.01	4	6731	买盘
11:08:45	16.82	-0.01	1	1682	卖盘
11:08:33	16.83	-0.01	1	1682	卖盘
11:08:21	16.84	--	4	6736	买盘
11:07:36	16.84	0.02	10	16840	买盘
11:07:18	16.82	0.01	392	659344	中性盘
11:07:03	16.81	-0.01	357	600117	卖盘
11:06:48	16.82	--	2	3364	卖盘
11:06:36	16.82	-0.01	15	25230	卖盘
11:06:27	16.83	0.01	1	1682	买盘
11:05:51	16.82	-0.01	2	3364	卖盘
11:05:30	16.83	--	7	11780	买盘
11:05:03	16.83	--	5	8415	买盘
11:05:00	16.83	--	11	18512	买盘
11:04:57	16.83	--	2	3365	买盘
11:04:48	16.83	--	106	178397	卖盘
11:04:45	16.83	--	3	5048	卖盘
11:04:39	16.83	--	10	16830	卖盘
11:04:27	16.83	-0.01	79	132957	卖盘
11:04:18	16.84	--	8	13472	买盘
11:03:57	16.84	--	28	47152	买盘
11:03:54	16.84	0.01	7	11788	买盘
11:03:51	16.83	-0.01	1	1682	卖盘
11:03:30	16.84	--	17	28628	买盘
11:03:27	16.84	-0.01	37	62308	卖盘
11:03:24	16.85	0.01	1	1685	买盘
11:02:54	16.84	-0.01	2	3368	卖盘
11:02:24	16.85	--	25	42125	买盘
11:02:09	16.85	--	1	1685	买盘
11:01:57	16.85	--	1	1685	买盘
11:01:06	16.85	0.01	1	1685	买盘
11:00:51	16.84	--	4	6736	卖盘
11:00:36	16.84	-0.01	30	50520	卖盘
11:00:27	16.85	0.01	1	1685	买盘
11:00:12	16.84	--	7	11788	买盘
11:00:03	16.84	--	4	6736	中性盘
10:59:00	16.84	0.01	1	1684	买盘
10:58:48	16.83	-0.01	3	5048	卖盘
10:58:30	16.84	--	6	10104	买盘
10:58:24	16.84	-0.01	22	37048	卖盘
10:57:39	16.85	--	7	12418	卖盘
10:56:33	16.85	--	5	8425	卖盘
10:56:18	16.85	--	15	25275	卖盘
10:56:09	16.85	--	211	355535	卖盘
10:55:36	16.85	--	5	8425	卖盘
10:55:18	16.85	0.01	15	26336	买盘
10:55:12	16.84	--	10	16840	买盘
10:55:09	16.84	-0.01	183	308795	卖盘
10:55:03	16.85	--	5	8425	买盘
10:55:00	16.85	--	2	3370	买盘
10:54:54	16.85	--	50	84250	买盘
10:54:45	16.85	0.01	10	16850	买盘
10:54:42	16.84	--	120	202080	卖盘
10:54:36	16.84	--	7	11788	卖盘
10:54:33	16.84	--	25	42100	卖盘
10:54:24	16.84	--	5	9480	买盘
10:54:18	16.84	--	1	1684	买盘
10:54:09	16.84	--	1	1684	买盘
10:53:51	16.84	--	192	323951	卖盘
10:53:45	16.84	--	5	8420	卖盘
10:53:42	16.84	--	2	3368	卖盘
10:53:33	16.84	-0.01	10	16840	卖盘
10:53:30	16.85	-0.01	123	207255	卖盘
10:52:21	16.86	--	33	55638	卖盘
10:52:06	16.86	--	10	16860	卖盘
10:52:03	16.86	-0.01	8	13488	卖盘
10:51:45	16.87	--	40	67480	买盘
10:50:54	16.87	-0.01	1	1687	卖盘
10:50:27	16.88	--	1	1688	买盘
10:49:21	16.88	-0.01	1	1688	卖盘
10:49:15	16.89	--	1	1689	卖盘
10:48:54	16.89	--	3	5067	买盘
10:48:51	16.89	--	1	1689	买盘
10:47:21	16.89	--	1	1689	买盘
10:46:51	16.89	--	3	5067	买盘
10:45:54	16.89	0.01	1	1689	买盘
10:45:24	16.88	0.02	9	15192	买盘
10:45:21	16.86	-0.01	10	16860	卖盘
10:45:09	16.87	-0.01	10	16870	卖盘
10:44:51	16.88	--	6	10128	买盘
10:44:48	16.88	--	9	15192	买盘
10:44:45	16.88	-0.01	15	25320	卖盘
10:44:33	16.89	-0.01	1	1689	中性盘
10:44:03	16.9	--	17	28729	卖盘
10:43:39	16.9	-0.01	2	3379	卖盘
10:42:57	16.91	0.01	1	1691	买盘
10:42:39	16.9	-0.01	1	1689	卖盘
10:41:48	16.91	--	1	1691	买盘
10:41:27	16.91	--	6	10551	卖盘
10:40:57	16.91	-0.02	1	1691	卖盘
10:40:51	16.93	0.01	2	3386	买盘
10:40:45	16.92	--	48	81216	买盘
10:40:33	16.92	0.01	1	1692	买盘
10:40:27	16.91	0.01	38	65543	买盘
10:40:09	16.9	0.02	21	35490	买盘
10:39:39	16.88	-0.02	1	1688	卖盘
10:39:36	16.9	--	8	13519	买盘
10:37:54	16.9	0.04	2	3379	买盘
10:37:39	16.86	-0.03	75	126450	卖盘
10:37:36	16.89	0.01	6	10134	买盘
10:37:33	16.88	-0.01	16	27008	卖盘
10:37:09	16.89	--	1	1689	买盘
10:37:06	16.89	--	8	13512	买盘
10:36:24	16.89	--	1	1689	买盘
10:36:21	16.89	-0.01	44	74316	卖盘
10:34:33	16.9	0.01	1	1689	买盘
10:34:06	16.89	-0.01	9	15201	卖盘
10:34:00	16.9	--	1	1689	买盘
10:33:48	16.9	0.01	4	6759	买盘
10:33:33	16.89	-0.01	7	11823	卖盘
10:33:27	16.9	--	6	10140	买盘
10:32:45	16.9	-0.01	2	3379	卖盘
10:32:33	16.91	--	1	1691	买盘
10:31:24	16.91	--	6	10146	买盘
10:31:06	16.91	--	1	1691	买盘
10:29:36	16.91	--	1	1691	买盘
10:29:24	16.91	0.01	6	10146	买盘
10:29:03	16.9	-0.01	12	20280	卖盘
10:28:09	16.91	--	1	1691	买盘
10:27:21	16.91	0.01	6	10146	买盘
10:27:06	16.9	--	10	16900	买盘
10:26:42	16.9	--	1	1689	买盘
10:26:36	16.9	-0.01	1	1689	中性盘
10:25:21	16.91	--	6	10146	买盘
10:24:21	16.91	0.02	6	10146	买盘
10:24:15	16.89	0.01	1	1689	中性盘
10:23:36	16.88	0.02	1	1688	买盘
10:23:27	16.86	-0.02	12	20232	卖盘
10:23:15	16.88	0.02	6	10128	买盘
10:22:42	16.86	-0.02	18	30348	卖盘
10:22:18	16.88	0.04	6	10128	买盘
10:21:48	16.84	-0.02	200	336800	卖盘
10:21:33	16.86	--	10	16860	卖盘
10:21:27	16.86	--	9	16067	买盘
10:21:18	16.86	-0.02	10	17652	卖盘
10:21:15	16.88	0.02	6	10128	买盘
10:21:12	16.86	--	3	5058	卖盘
10:21:03	16.86	--	5	8430	卖盘
10:20:51	16.86	--	44	75077	买盘
10:20:48	16.86	--	1	1686	买盘
10:20:36	16.86	--	100	168600	买盘
10:20:21	16.86	--	20	33720	买盘
10:20:15	16.86	--	6	10116	买盘
10:20:00	16.86	--	2	3372	买盘
10:19:30	16.86	--	130	219180	买盘
10:19:21	16.86	--	1	1686	买盘
10:19:15	16.86	--	25	42150	买盘
10:18:54	16.86	--	18	30348	买盘
10:18:33	16.86	-0.01	21	35406	卖盘
10:18:18	16.87	-0.01	1	1687	卖盘
10:18:12	16.88	--	6	10128	买盘
10:17:27	16.88	--	4	6752	买盘
10:17:12	16.88	0.01	6	10128	买盘
10:17:00	16.87	-0.01	20	33740	卖盘
10:16:33	16.88	--	1	1688	买盘
10:16:24	16.88	--	1	1688	买盘
10:16:09	16.88	0.01	6	10128	买盘
10:15:36	16.87	--	2	3374	买盘
10:15:24	16.87	--	1	1687	买盘
10:15:09	16.87	0.02	6	10122	买盘
10:15:06	16.85	-0.02	13	21905	卖盘
10:14:54	16.87	0.02	5	8435	买盘
10:14:33	16.85	-0.02	10	16850	卖盘
10:14:06	16.87	0.02	6	10122	买盘
10:13:33	16.85	-0.01	16	26960	卖盘
10:13:00	16.86	--	3	5058	卖盘
10:12:45	16.86	0.01	7	11802	买盘
10:12:09	16.85	-0.02	2	3370	卖盘
10:12:06	16.87	0.02	27	45549	买盘
10:11:51	16.85	-0.01	16	26960	卖盘
10:11:33	16.86	--	14	23604	卖盘
10:10:48	16.86	-0.01	5	8430	卖盘
10:10:36	16.87	--	1	1687	买盘
10:10:06	16.87	0.01	6	10122	买盘
10:10:03	16.86	--	1	1686	中性盘
10:09:09	16.86	-0.01	5	8430	买盘
10:08:24	16.87	0.01	345	582183	卖盘
10:08:18	16.86	-0.02	50	84300	卖盘
10:08:06	16.88	0.01	33	55704	买盘
10:08:03	16.87	0.01	6	10122	买盘
10:08:00	16.86	-0.01	40	67440	卖盘
10:07:51	16.87	0.01	1	1687	中性盘
10:07:21	16.86	-0.02	4	6744	卖盘
10:06:42	16.88	0.02	3	5064	买盘
10:06:15	16.86	-0.01	20	33720	卖盘
10:06:12	16.87	-0.01	3	5061	卖盘
10:06:03	16.88	0.01	6	10128	买盘
10:06:00	16.87	0.01	6	10122	买盘
10:05:57	16.86	--	38	64068	卖盘
10:05:48	16.86	-0.01	12	20232	卖盘
10:05:42	16.87	0.01	1	1687	买盘
10:05:33	16.86	-0.01	100	168600	卖盘
10:05:30	16.87	--	52	87724	买盘
10:05:21	16.87	0.01	7	11809	中性盘
10:05:12	16.86	-0.01	37	62382	卖盘
10:05:00	16.87	--	7	11809	买盘
10:04:54	16.87	-0.01	62	104594	卖盘
10:04:51	16.88	0.01	16	27008	买盘
10:04:48	16.87	-0.01	3	5061	卖盘
10:04:45	16.88	--	1	1688	买盘
10:04:30	16.88	--	28	47264	卖盘
10:04:21	16.88	-0.01	10	16880	卖盘
10:03:54	16.89	0.01	1	1689	中性盘
10:03:06	16.88	-0.01	100	168800	卖盘
10:03:03	16.89	0.01	1	1689	买盘
10:02:51	16.88	--	6	10128	卖盘
10:02:21	16.88	-0.01	10	16880	卖盘
10:01:51	16.89	-0.02	29	48981	卖盘
10:01:45	16.91	0.02	1	1691	买盘
10:01:24	16.89	0.01	5	8445	买盘
10:01:21	16.88	--	2	3376	卖盘
10:00:51	16.88	-0.01	20	33760	卖盘
10:00:39	16.89	0.01	11	18579	中性盘
10:00:27	16.88	--	19	32071	卖盘
09:59:45	16.88	-0.01	9	15192	卖盘
09:59:42	16.89	--	1	1689	买盘
09:59:39	16.89	-0.02	18	30402	卖盘
09:57:48	16.91	--	1	1691	买盘
09:57:33	16.91	0.03	12	20292	买盘
09:56:21	16.88	-0.03	6	10128	卖盘
09:56:06	16.91	0.03	15	25365	买盘
09:55:57	16.88	-0.02	40	67520	卖盘
09:55:54	16.9	-0.01	20	33800	卖盘
09:55:51	16.91	0.01	1	1691	买盘
09:55:27	16.9	-0.01	60	101399	卖盘
09:55:15	16.91	--	3	5073	买盘
09:55:09	16.91	--	2	3382	买盘
09:54:48	16.91	0.01	1	1691	买盘
09:54:39	16.9	0.02	40	67600	买盘
09:53:51	16.88	--	1	1688	卖盘
09:53:21	16.88	--	8	13504	卖盘
09:52:15	16.88	-0.02	2	3376	卖盘
09:52:09	16.9	0.02	55	92949	买盘
09:52:03	16.88	--	19	32071	卖盘
09:51:57	16.88	0.02	11	18568	买盘
09:51:54	16.86	-0.02	18	30348	卖盘
09:51:42	16.88	--	27	45576	买盘
09:51:33	16.88	0.02	1	1688	买盘
09:51:24	16.86	-0.01	30	50580	卖盘
09:51:12	16.87	-0.01	2	3374	卖盘
09:51:03	16.88	-0.02	1	1688	中性盘
09:49:33	16.9	0.04	10	16900	买盘
09:49:27	16.86	--	10	16860	买盘
09:49:21	16.86	0.01	5	8430	中性盘
09:49:06	16.85	--	60	101100	卖盘
09:48:45	16.85	-0.01	138	232530	卖盘
09:48:42	16.86	--	9	15174	买盘
09:48:30	16.86	--	1	1686	买盘
09:48:27	16.86	-0.05	270	455220	卖盘
09:48:00	16.91	-0.01	47	79882	卖盘
09:47:57	16.92	--	7	11844	买盘
09:47:48	16.92	0.01	1	1692	中性盘
09:47:03	16.91	0.01	20	35105	买盘
09:47:00	16.9	-0.01	34	57459	卖盘
09:46:45	16.91	0.01	100	169100	买盘
09:46:39	16.9	-0.01	25	42250	卖盘
09:46:18	16.91	--	2	3382	买盘
09:46:00	16.91	--	1	1691	买盘
09:45:39	16.91	0.01	1	1691	买盘
09:45:36	16.9	--	135	228149	买盘
09:45:06	16.9	0.04	18	30419	买盘
09:45:03	16.86	-0.04	62	104532	卖盘
09:44:39	16.9	0.05	13	21969	买盘
09:43:51	16.85	--	9	15165	卖盘
09:43:30	16.85	--	6	10817	买盘
09:43:24	16.85	0.01	288	485280	买盘
09:43:21	16.84	-0.01	5	8420	卖盘
09:43:15	16.85	--	5	8425	买盘
09:43:06	16.85	--	70	117950	买盘
09:43:03	16.85	-0.07	330	557027	卖盘
09:43:00	16.92	--	3	5076	卖盘
09:42:54	16.92	--	3	5076	卖盘
09:42:45	16.92	0.06	1	1692	买盘
09:42:39	16.86	-0.04	510	859860	卖盘
09:42:33	16.9	--	5	8450	卖盘
09:42:15	16.9	--	2	4089	买盘
09:42:06	16.9	--	142	239979	买盘
09:42:03	16.9	0.01	10	16900	买盘
09:41:57	16.89	-0.01	10	16890	卖盘
09:41:54	16.9	0.02	6	10140	买盘
09:41:48	16.88	-0.02	100	168800	卖盘
09:41:45	16.9	--	10	16900	买盘
09:41:33	16.9	--	43	72670	买盘
09:41:09	16.9	--	19	33090	卖盘
09:40:57	16.9	0.02	113	191679	买盘
09:40:54	16.88	--	2	3376	卖盘
09:40:36	16.88	--	2	3376	卖盘
09:40:33	16.88	--	59	99592	买盘
09:40:27	16.88	--	2	3376	买盘
09:40:24	16.88	--	3	5064	买盘
09:40:18	16.88	--	8	13504	买盘
09:40:12	16.88	--	21	35448	买盘
09:40:06	16.88	--	2	3376	买盘
09:40:00	16.88	--	10	16880	买盘
09:39:57	16.88	--	3	5064	买盘
09:39:54	16.88	-0.02	10	16880	卖盘
09:39:36	16.9	--	5	8450	买盘
09:39:15	16.9	--	1	2670	卖盘
09:39:12	16.9	0.03	4	7469	中性盘
09:38:54	16.87	-0.03	162	273294	卖盘
09:38:48	16.9	--	3	5070	买盘
09:38:33	16.9	0.03	5	8450	买盘
09:37:57	16.87	--	7	11809	卖盘
09:37:33	16.87	--	5	8435	卖盘
09:37:27	16.87	0.01	14	23618	买盘
09:37:18	16.86	-0.01	18	30348	卖盘
09:37:12	16.87	--	49	82663	卖盘
09:37:03	16.87	--	6	10122	卖盘
09:37:00	16.87	-0.01	10	16870	卖盘
09:36:54	16.88	--	45	75960	卖盘
09:36:51	16.88	--	7	11816	卖盘
09:36:48	16.88	-0.02	9	15192	卖盘
09:36:45	16.9	0.02	10	16900	买盘
09:36:12	16.88	-0.02	20	33760	卖盘
09:36:06	16.9	0.02	61	103089	买盘
09:36:00	16.88	-0.01	5	8440	卖盘
09:35:48	16.89	-0.01	6	10134	中性盘
09:35:24	16.9	--	6	10140	买盘
09:35:21	16.9	-0.01	22	37180	卖盘
09:35:15	16.91	0.01	1	1691	买盘
09:35:12	16.9	--	58	98019	买盘
09:35:03	16.9	0.02	10	16900	中性盘
09:34:51	16.88	-0.03	135	227880	卖盘
09:34:39	16.91	-0.04	1	1691	卖盘
09:34:24	16.95	--	30	50850	买盘
09:34:09	16.95	--	3	5085	卖盘
09:34:00	16.95	0.02	72	122040	买盘
09:33:42	16.93	0.04	1	1693	中性盘
09:33:36	16.89	0.01	41	69249	卖盘
09:33:24	16.88	-0.01	60	101280	卖盘
09:33:21	16.89	--	2	3378	卖盘
09:33:18	16.89	-0.01	10	16890	卖盘
09:33:15	16.9	0.01	2	3379	买盘
09:33:06	16.89	--	10	16890	卖盘
09:33:03	16.89	-0.01	39	65871	卖盘
09:33:00	16.9	--	2	3379	买盘
09:32:54	16.9	0.02	3	5070	中性盘
09:32:03	16.88	-0.01	55	92840	卖盘
09:31:42	16.89	0.02	2	3378	中性盘
09:31:30	16.87	--	4	6748	卖盘
09:31:21	16.87	-0.1	41	69167	卖盘
09:31:03	16.97	--	3	5091	卖盘
09:30:57	16.97	--	16	27152	卖盘
09:30:54	16.97	-0.01	5	8485	卖盘
09:30:51	16.98	0.01	1	1698	买盘
09:30:48	16.97	0.1	6	10182	买盘
09:30:45	16.87	--	12	20244	买盘
09:30:42	16.87	--	25	42175	买盘
09:30:39	16.87	-0.01	8	13496	买盘
09:30:33	16.88	0.01	13	21944	中性盘
09:30:03	16.87	-0.13	43	72541	卖盘
09:30:00	17.0	--	0	0	买盘
09:25:03	17.0	17	15	25500	买盘
