成交时间	成交价	价格变动	成交量(手)	成交额(元)	性质
15:00:03	13.37	--	119	159103	卖盘
14:57:00	13.37	--	0	0	卖盘
14:56:45	13.37	-0.01	10	13370	卖盘
14:56:33	13.38	0.01	20	26760	买盘
14:56:30	13.37	--	1	1337	买盘
14:56:21	13.37	--	1	1337	买盘
14:56:18	13.37	0.01	50	66850	买盘
14:56:00	13.36	-0.01	7	9352	卖盘
14:55:54	13.37	--	10	13370	买盘
14:55:51	13.37	--	5	6685	买盘
14:55:39	13.37	--	1	1337	买盘
14:55:36	13.37	--	8	10696	买盘
14:55:03	13.37	--	10	13370	买盘
14:55:00	13.37	0.01	20	26740	买盘
14:54:57	13.36	-0.01	104	138944	卖盘
14:54:54	13.37	--	11	14707	买盘
14:54:48	13.37	--	10	13370	买盘
14:54:45	13.37	--	0	668	卖盘
14:54:39	13.37	-0.02	4	6016	卖盘
14:54:15	13.39	0.02	1	1339	买盘
14:54:12	13.37	-0.02	66	88242	卖盘
14:53:54	13.39	0.01	19	25441	买盘
14:53:51	13.38	--	9	12042	卖盘
14:53:42	13.38	--	20	26760	买盘
14:53:15	13.38	-0.01	12	16056	卖盘
14:53:06	13.39	0.01	13	17407	买盘
14:52:57	13.38	-0.01	8	10704	卖盘
14:52:54	13.39	--	23	30797	买盘
14:52:24	13.39	--	19	25441	买盘
14:52:00	13.39	--	6	8034	买盘
14:51:54	13.39	--	5	6695	买盘
14:51:18	13.39	0.01	21	28119	买盘
14:51:09	13.38	--	2	2676	买盘
14:51:06	13.38	-0.01	8	10704	中性盘
14:50:48	13.39	0.02	17	22763	买盘
14:50:42	13.37	-0.02	59	78883	卖盘
14:50:36	13.39	0.01	20	26780	买盘
14:50:15	13.38	--	2	3345	买盘
14:50:06	13.38	--	12	16056	卖盘
14:49:42	13.38	--	16	21408	卖盘
14:49:39	13.38	--	71	94998	买盘
14:49:36	13.38	--	40	53520	买盘
14:49:09	13.38	--	20	26760	买盘
14:48:54	13.38	--	20	26760	买盘
14:48:39	13.38	--	2	2676	买盘
14:48:06	13.38	--	6	8028	买盘
14:48:00	13.38	0.01	20	26760	买盘
14:47:45	13.37	-0.01	5	6685	卖盘
14:47:42	13.38	--	2	2676	买盘
14:47:06	13.38	0.02	8	10704	买盘
14:47:00	13.36	--	1	1336	卖盘
14:46:33	13.36	-0.02	5	6680	卖盘
14:46:21	13.38	--	5	6690	买盘
14:46:09	13.38	--	4	5352	买盘
14:46:06	13.38	--	4	5352	买盘
14:46:00	13.38	0.02	2	2676	买盘
14:45:57	13.36	-0.02	12	16032	卖盘
14:45:36	13.38	--	20	26760	买盘
14:45:09	13.38	0.02	19	25422	买盘
14:45:06	13.36	-0.02	5	6680	卖盘
14:45:03	13.38	--	48	64224	买盘
14:44:57	13.38	0.01	10	13380	买盘
14:44:54	13.37	--	10	13370	中性盘
14:44:27	13.37	--	13	17381	卖盘
14:44:12	13.37	-0.01	50	66850	卖盘
14:44:09	13.38	--	2	2676	买盘
14:44:06	13.38	--	5	6690	买盘
14:44:03	13.38	0.01	10	13380	买盘
14:43:57	13.37	--	5	6685	卖盘
14:43:54	13.37	-0.01	3	4010	卖盘
14:43:33	13.38	--	2	2676	卖盘
14:43:24	13.38	-0.01	4	5352	卖盘
14:43:18	13.39	--	8	10712	买盘
14:43:09	13.39	--	6	8034	买盘
14:43:06	13.39	--	4	5356	买盘
14:42:27	13.39	--	87	116493	卖盘
14:42:21	13.39	-0.01	1	1339	卖盘
14:42:18	13.4	0.01	2	2680	买盘
14:42:15	13.39	0.01	23	30797	买盘
14:42:09	13.38	--	2	2676	买盘
14:42:06	13.38	--	4	5352	买盘
14:41:57	13.38	-0.01	7	9366	卖盘
14:41:54	13.39	--	20	26780	买盘
14:41:15	13.39	-0.01	1	1339	卖盘
14:41:09	13.4	--	4	5360	买盘
14:41:06	13.4	--	2	2680	买盘
14:41:03	13.4	0.01	9	12060	买盘
14:41:00	13.39	--	9	12720	卖盘
14:40:51	13.39	--	40	53560	卖盘
14:40:36	13.39	--	61	82348	买盘
14:40:12	13.39	--	1	1339	买盘
14:40:09	13.39	--	2	2678	买盘
14:40:06	13.39	--	4	5356	买盘
14:39:48	13.39	--	74	99086	买盘
14:39:45	13.39	--	5	6695	买盘
14:39:21	13.39	--	1	1339	买盘
14:39:18	13.39	--	20	26780	买盘
14:39:09	13.39	--	4	5356	买盘
14:39:06	13.39	--	4	5356	买盘
14:38:51	13.39	--	15	20085	买盘
14:38:33	13.39	--	1	1339	买盘
14:38:21	13.39	0.01	1	1339	买盘
14:38:18	13.38	--	6	8028	买盘
14:38:09	13.38	--	2	2676	买盘
14:38:06	13.38	--	4	5352	买盘
14:37:42	13.38	--	2	2676	买盘
14:37:30	13.38	0.01	1	1338	买盘
14:37:27	13.37	-0.01	30	40110	卖盘
14:37:09	13.38	--	4	5352	买盘
14:37:06	13.38	--	22	29436	买盘
14:36:18	13.38	--	2	2676	买盘
14:36:09	13.38	--	2	2676	买盘
14:36:06	13.38	--	4	5352	买盘
14:35:48	13.38	0.01	20	26760	买盘
14:35:42	13.37	-0.01	3	4010	卖盘
14:35:39	13.38	--	2	2676	买盘
14:35:36	13.38	--	19	25422	买盘
14:35:12	13.38	0.01	18	24084	买盘
14:35:09	13.37	--	10	13370	买盘
14:35:06	13.37	-0.01	4	5348	中性盘
14:34:36	13.38	0.01	10	13380	买盘
14:34:33	13.37	-0.01	1	1337	买盘
14:34:21	13.38	0.02	41	54858	买盘
14:34:18	13.36	-0.02	21	28056	卖盘
14:34:09	13.38	--	2	2676	买盘
14:34:06	13.38	--	4	5352	买盘
14:34:03	13.38	--	19	25422	买盘
14:33:27	13.38	0.01	6	8028	买盘
14:33:24	13.37	-0.01	2	2674	卖盘
14:33:12	13.38	--	1	1338	买盘
14:33:09	13.38	--	4	5352	买盘
14:33:06	13.38	--	2	2676	买盘
14:33:03	13.38	0.01	11	14718	买盘
14:32:48	13.37	--	49	65512	买盘
14:32:24	13.37	--	4	5348	买盘
14:32:09	13.37	--	3	4010	买盘
14:32:06	13.37	--	4	5348	买盘
14:32:00	13.37	0.01	20	26740	买盘
14:31:45	13.36	-0.01	25	33400	卖盘
14:31:42	13.37	--	15	20055	买盘
14:31:09	13.37	--	5	6685	买盘
14:31:06	13.37	-0.01	4	5348	中性盘
14:30:12	13.38	--	8	10704	买盘
14:30:09	13.38	--	4	5352	买盘
14:30:06	13.38	--	2	2676	买盘
14:29:51	13.38	--	14	18732	买盘
14:29:27	13.38	0.02	7	9366	买盘
14:29:21	13.36	-0.02	16	21376	卖盘
14:29:09	13.38	--	4	5352	买盘
14:29:06	13.38	0.02	9	12042	买盘
14:28:39	13.36	-0.01	15	20040	卖盘
14:28:36	13.37	--	2	2674	买盘
14:28:30	13.37	--	1	1337	买盘
14:28:27	13.37	-0.01	7	9359	买盘
14:28:21	13.38	--	20	26760	买盘
14:28:18	13.38	--	10	13380	买盘
14:28:09	13.38	--	2	2676	买盘
14:28:06	13.38	--	4	5352	买盘
14:27:45	13.38	--	20	26760	买盘
14:27:09	13.38	--	2	2676	买盘
14:27:06	13.38	0.01	2	2676	买盘
14:26:57	13.37	--	5	6685	买盘
14:26:54	13.37	--	20	26740	买盘
14:26:42	13.37	0.01	1	1337	买盘
14:26:30	13.36	--	8	10688	卖盘
14:26:21	13.36	--	37	50100	买盘
14:26:18	13.36	--	30	40748	卖盘
14:26:15	13.36	-0.01	9	12024	卖盘
14:26:12	13.37	0.01	17	22729	买盘
14:26:09	13.36	--	3	4008	卖盘
14:26:06	13.36	--	4	6012	卖盘
14:25:57	13.36	--	9	12024	卖盘
14:25:48	13.36	-0.01	8	10688	卖盘
14:25:36	13.37	0.01	1	1337	买盘
14:25:33	13.36	-0.01	4	5344	卖盘
14:25:15	13.37	-0.01	9	12033	卖盘
14:25:09	13.38	--	2	2676	买盘
14:25:06	13.38	0.01	4	5352	买盘
14:24:54	13.37	-0.01	4	5348	卖盘
14:24:48	13.38	--	15	20070	买盘
14:24:24	13.38	--	20	26760	买盘
14:24:15	13.38	--	6	8028	卖盘
14:24:12	13.38	--	4	5352	买盘
14:24:09	13.38	--	4	5352	买盘
14:24:06	13.38	--	4	5352	买盘
14:23:54	13.38	--	48	64224	买盘
14:23:48	13.38	--	3	4014	买盘
14:23:45	13.38	--	44	58872	卖盘
14:23:33	13.38	-0.01	10	13380	卖盘
14:23:24	13.39	--	13	17407	买盘
14:23:12	13.39	--	10	13390	买盘
14:23:09	13.39	--	4	5356	买盘
14:23:06	13.39	--	4	5356	买盘
14:23:03	13.39	--	9	12051	买盘
14:22:57	13.39	--	20	27449	卖盘
14:22:54	13.39	--	49	65611	卖盘
14:22:39	13.39	--	10	13390	卖盘
14:22:09	13.39	--	46	62263	买盘
14:22:06	13.39	--	6	8034	买盘
14:22:00	13.39	--	2	2678	买盘
14:21:45	13.39	--	1	1339	买盘
14:21:42	13.39	--	7	9373	买盘
14:21:12	13.39	--	10	13390	买盘
14:21:09	13.39	--	4	5356	买盘
14:21:06	13.39	--	4	5356	买盘
14:20:48	13.39	0.01	22	29458	买盘
14:20:36	13.38	--	1	1338	买盘
14:20:33	13.38	0.01	50	66900	买盘
14:20:21	13.37	--	7	9359	卖盘
14:20:12	13.37	--	6	8021	买盘
14:20:09	13.37	--	2	2674	买盘
14:20:06	13.37	--	4	5348	买盘
14:19:57	13.37	-0.01	1	1337	卖盘
14:19:51	13.38	0.01	1	1338	买盘
14:19:48	13.37	--	30	40110	买盘
14:19:12	13.37	-0.01	10	13370	中性盘
14:19:09	13.38	--	4	5352	买盘
14:19:06	13.38	0.01	4	5352	买盘
14:19:03	13.37	--	5	6685	买盘
14:18:45	13.37	--	1	1337	买盘
14:18:42	13.37	-0.01	19	25403	中性盘
14:18:15	13.38	--	10	13380	买盘
14:18:12	13.38	-0.01	10	13380	买盘
14:18:09	13.39	--	2	2678	买盘
14:18:03	13.39	0.03	13	17407	买盘
14:17:51	13.36	0.02	11	14949	买盘
14:17:39	13.34	-0.02	46	61364	卖盘
14:17:33	13.36	--	1	1336	买盘
14:17:30	13.36	0.01	27	36072	买盘
14:17:24	13.35	--	9	12015	买盘
14:17:21	13.35	--	2	2670	买盘
14:17:18	13.35	--	100	133500	买盘
14:17:12	13.35	--	10	13350	买盘
14:17:09	13.35	--	4	5340	买盘
14:17:03	13.35	--	4	5340	买盘
14:16:51	13.35	--	1	1335	买盘
14:16:48	13.35	--	10	13350	买盘
14:16:21	13.35	0.01	20	26700	买盘
14:16:12	13.34	--	27	36018	买盘
14:16:09	13.34	--	2	2668	买盘
14:16:03	13.34	--	19	25346	买盘
14:15:57	13.34	--	20	26680	买盘
14:15:51	13.34	--	22	29348	买盘
14:15:39	13.34	--	1	1334	买盘
14:15:36	13.34	--	4	5336	买盘
14:15:12	13.34	--	16	21344	买盘
14:15:09	13.34	--	2	2668	买盘
14:15:03	13.34	0.01	4	5336	买盘
14:14:30	13.33	--	9	12663	买盘
14:14:27	13.33	--	33	43989	买盘
14:14:24	13.33	--	15	19995	买盘
14:14:21	13.33	--	14	18662	买盘
14:14:12	13.33	--	10	13330	买盘
14:14:09	13.33	--	36	47988	买盘
14:14:03	13.33	--	4	5332	买盘
14:14:00	13.33	--	7	9331	买盘
14:13:51	13.33	--	11	14663	买盘
14:13:27	13.33	--	1	1333	买盘
14:13:24	13.33	--	13	17329	买盘
14:13:09	13.33	--	4	5332	买盘
14:13:03	13.33	--	13	17329	买盘
14:12:42	13.33	0.01	22	29326	买盘
14:12:24	13.32	-0.01	7	9324	买盘
14:12:12	13.33	--	1	1333	买盘
14:12:09	13.33	--	2	2666	买盘
14:12:03	13.33	0.03	2	2666	买盘
14:11:18	13.3	-0.03	140	186200	卖盘
14:11:12	13.33	--	1	1333	买盘
14:11:09	13.33	--	2	2666	买盘
14:11:06	13.33	--	1	1333	买盘
14:11:03	13.33	--	4	5332	买盘
14:10:42	13.33	--	9	11997	买盘
14:10:39	13.33	0.01	24	31992	买盘
14:10:30	13.32	--	5	6660	卖盘
14:10:24	13.32	--	5	6660	卖盘
14:10:21	13.32	--	72	96570	买盘
14:10:18	13.32	--	15	19980	买盘
14:10:09	13.32	--	2	2664	买盘
14:10:06	13.32	--	1	1332	买盘
14:10:03	13.32	--	2	2664	买盘
14:09:48	13.32	0.01	22	29304	买盘
14:09:36	13.31	-0.01	10	13310	中性盘
14:09:06	13.32	--	4	5328	买盘
14:09:03	13.32	0.01	4	5328	买盘
14:09:00	13.31	--	20	26620	买盘
14:08:54	13.31	--	1	1331	买盘
14:08:51	13.31	--	5	6655	卖盘
14:08:39	13.31	-0.01	16	21296	卖盘
14:08:06	13.32	--	2	2664	买盘
14:08:03	13.32	--	2	2664	买盘
14:08:00	13.32	--	1	1332	买盘
14:07:39	13.32	0.01	1	1332	买盘
14:07:36	13.31	-0.01	5	6655	卖盘
14:07:12	13.32	--	4	5328	买盘
14:07:03	13.32	0.01	2	2664	买盘
14:06:54	13.31	-0.01	10	13310	卖盘
14:06:48	13.32	0.01	30	39960	买盘
14:06:45	13.31	-0.01	5	6655	卖盘
14:06:36	13.32	0.01	1	1332	买盘
14:06:33	13.31	-0.01	10	13310	卖盘
14:06:15	13.32	--	4	5328	买盘
14:06:12	13.32	--	2	2664	买盘
14:06:03	13.32	0.01	4	5328	买盘
14:06:00	13.31	--	11	14641	卖盘
14:05:51	13.31	-0.01	1	1331	卖盘
14:05:48	13.32	--	20	26640	买盘
14:05:39	13.32	--	1	1332	买盘
14:05:36	13.32	--	1	1332	买盘
14:05:15	13.32	--	9	11988	买盘
14:05:12	13.32	--	4	5328	买盘
14:05:03	13.32	--	4	5328	买盘
14:04:33	13.32	--	1	1332	买盘
14:04:30	13.32	--	4	5328	卖盘
14:04:15	13.32	--	5	6660	买盘
14:04:12	13.32	--	2	2664	买盘
14:04:09	13.32	--	2	2664	买盘
14:04:03	13.32	--	2	2664	买盘
14:03:27	13.32	--	1	1332	买盘
14:03:15	13.32	--	9	11988	买盘
14:03:12	13.32	--	4	5328	买盘
14:03:03	13.32	--	2	2664	买盘
14:02:15	13.32	--	9	11988	买盘
14:02:12	13.32	--	2	2664	买盘
14:02:03	13.32	--	4	5328	买盘
14:02:00	13.32	--	2	2664	买盘
14:01:57	13.32	-0.01	5	6660	中性盘
14:01:15	13.33	--	9	11997	买盘
14:01:12	13.33	--	4	5332	买盘
14:01:03	13.33	--	5	6665	买盘
14:00:54	13.33	--	11	14663	买盘
14:00:51	13.33	0.03	9	11997	买盘
14:00:12	13.3	-0.02	7	9310	卖盘
14:00:03	13.32	0.02	2	2664	买盘
13:59:39	13.3	--	11	14763	买盘
13:59:36	13.3	--	1	1330	买盘
13:59:33	13.3	--	1	1330	买盘
13:59:15	13.3	--	9	11970	买盘
13:59:06	13.3	--	2	2660	买盘
13:59:03	13.3	--	4	5320	买盘
13:58:42	13.3	--	1	1330	买盘
13:58:39	13.3	--	5	6650	买盘
13:58:24	13.3	--	15	19950	买盘
13:58:15	13.3	--	11	14630	买盘
13:58:06	13.3	--	4	5320	买盘
13:58:03	13.3	--	2	2660	买盘
13:57:48	13.3	--	20	26600	买盘
13:57:42	13.3	--	20	26600	买盘
13:57:39	13.3	--	32	42560	买盘
13:57:33	13.3	--	1	1330	买盘
13:57:30	13.3	-0.02	10	14497	卖盘
13:57:15	13.32	--	9	11988	买盘
13:57:06	13.32	--	4	5328	买盘
13:57:03	13.32	--	4	5328	买盘
13:56:48	13.32	0.01	9	11988	买盘
13:56:42	13.31	--	3	3993	买盘
13:56:39	13.31	0.01	21	27951	买盘
13:56:33	13.3	-0.01	4	5320	卖盘
13:56:24	13.31	--	1	1331	买盘
13:56:21	13.31	0.02	3	3993	买盘
13:56:12	13.29	--	16	21396	买盘
13:56:09	13.29	--	2	2658	买盘
13:56:06	13.29	-0.02	19	26447	卖盘
13:56:03	13.31	0.01	3	3993	买盘
13:56:00	13.3	--	8	10640	买盘
13:55:57	13.3	--	2	2660	买盘
13:55:48	13.3	--	9	11970	买盘
13:55:39	13.3	--	29	39235	买盘
13:55:33	13.3	--	1	1330	买盘
13:55:27	13.3	-0.01	3	3990	卖盘
13:55:24	13.31	--	1	1331	买盘
13:55:15	13.31	--	4	5324	买盘
13:55:09	13.31	--	8	10648	买盘
13:55:06	13.31	--	4	5324	买盘
13:54:51	13.31	--	2	2662	买盘
13:54:36	13.31	--	1	1331	买盘
13:54:27	13.31	--	1	1331	买盘
13:54:21	13.31	--	2	2662	买盘
13:54:15	13.31	--	1	1331	买盘
13:54:12	13.31	--	5	6655	买盘
13:54:09	13.31	--	2	2662	买盘
13:54:06	13.31	--	2	2662	买盘
13:54:00	13.31	--	13	17303	买盘
13:53:57	13.31	--	3	3993	买盘
13:53:48	13.31	0.02	9	11979	买盘
13:53:45	13.29	-0.02	1	1329	卖盘
13:53:39	13.31	--	1	1331	买盘
13:53:33	13.31	0.02	1	1331	买盘
13:53:21	13.29	-0.01	3	3986	卖盘
13:53:18	13.3	--	2	2660	买盘
13:53:09	13.3	--	3	3990	买盘
13:53:06	13.3	--	4	5320	买盘
13:53:03	13.3	-0.01	1	1330	中性盘
13:53:00	13.31	--	1	1331	买盘
13:52:51	13.31	--	2	2662	买盘
13:52:45	13.31	--	9	11979	买盘
13:52:36	13.31	0.02	2	2662	买盘
13:52:33	13.29	-0.02	28	37876	卖盘
13:52:27	13.31	--	6	7986	买盘
13:52:21	13.31	0.02	18	24091	买盘
13:52:15	13.29	-0.01	10	13290	卖盘
13:52:12	13.3	--	11	14630	买盘
13:52:09	13.3	--	4	5320	买盘
13:52:06	13.3	--	11	14630	买盘
13:52:03	13.3	--	5	6650	买盘
13:52:00	13.3	--	22	29260	买盘
13:51:57	13.3	--	14	18620	买盘
13:51:45	13.3	--	1	1330	买盘
13:51:21	13.3	0.01	1	1330	买盘
13:51:18	13.29	-0.01	32	42528	卖盘
13:51:12	13.3	--	20	26600	买盘
13:51:09	13.3	--	2	2660	买盘
13:51:06	13.3	--	3	3990	买盘
13:51:00	13.3	--	15	19950	买盘
13:50:51	13.3	--	1	1330	买盘
13:50:48	13.3	--	3	3990	买盘
13:50:27	13.3	--	23	31787	卖盘
13:50:15	13.3	-0.01	11	14630	卖盘
13:50:09	13.31	--	4	5324	买盘
13:50:06	13.31	0.01	2	2662	买盘
13:50:00	13.3	-0.01	100	133000	卖盘
13:49:57	13.31	0.01	10	13310	买盘
13:49:51	13.3	-0.01	0	970	卖盘
13:49:48	13.31	0.01	3	3993	买盘
13:49:39	13.3	-0.01	30	39900	卖盘
13:49:21	13.31	--	1	1331	买盘
13:49:09	13.31	--	2	2662	买盘
13:49:06	13.31	0.01	2	2662	买盘
13:48:51	13.3	-0.01	10	13300	卖盘
13:48:48	13.31	--	5	6655	买盘
13:48:45	13.31	--	2	2662	买盘
13:48:09	13.31	--	4	5324	买盘
13:48:06	13.31	--	2	2662	买盘
13:48:03	13.31	--	10	13310	买盘
13:47:48	13.31	0.01	3	3993	买盘
13:47:36	13.3	-0.01	100	133000	卖盘
13:47:09	13.31	--	1	1331	买盘
13:47:06	13.31	--	4	5324	买盘
13:46:48	13.31	--	3	3993	买盘
13:46:39	13.31	0.01	1	1331	买盘
13:46:27	13.3	-0.01	5	6650	卖盘
13:46:06	13.31	--	4	5324	买盘
13:45:51	13.31	--	1	1331	买盘
13:45:48	13.31	0.01	3	3993	买盘
13:45:33	13.3	-0.01	8	10640	卖盘
13:45:18	13.31	--	4	5324	买盘
13:45:12	13.31	--	6	7986	买盘
13:45:06	13.31	--	6	7986	买盘
13:44:48	13.31	--	3	3993	买盘
13:44:42	13.31	0.01	1	1331	买盘
13:44:39	13.3	--	3	3990	卖盘
13:44:18	13.3	-0.01	92	122360	卖盘
13:44:12	13.31	--	2	2662	买盘
13:44:06	13.31	--	4	5324	买盘
13:43:48	13.31	--	3	3993	买盘
13:43:15	13.31	0.01	1	1331	买盘
13:43:12	13.3	-0.01	12	15960	卖盘
13:43:06	13.31	0.01	4	5324	买盘
13:43:00	13.3	-0.01	10	13300	卖盘
13:42:48	13.31	0.01	3	3993	买盘
13:42:42	13.3	--	7	9310	卖盘
13:42:36	13.3	--	136	180880	卖盘
13:42:33	13.3	-0.01	5	6650	卖盘
13:42:12	13.31	--	2	2662	买盘
13:42:09	13.31	--	1	1331	买盘
13:42:06	13.31	--	2	2662	买盘
13:41:48	13.31	0.01	3	3993	买盘
13:41:45	13.3	--	4	5320	卖盘
13:41:39	13.3	-0.01	10	13300	卖盘
13:41:12	13.31	--	2	2662	买盘
13:41:09	13.31	--	1	1331	买盘
13:41:06	13.31	0.01	2	2662	买盘
13:40:24	13.3	-0.01	20	26600	卖盘
13:40:12	13.31	--	2	2662	买盘
13:40:06	13.31	--	2	2662	买盘
13:39:39	13.31	--	6	7986	买盘
13:39:36	13.31	--	17	22627	卖盘
13:39:21	13.31	--	4	5324	买盘
13:39:15	13.31	--	1	1331	买盘
13:39:12	13.31	--	4	5324	买盘
13:39:09	13.31	--	11	14641	卖盘
13:39:06	13.31	--	25	33275	卖盘
13:39:00	13.31	-0.01	3	3993	卖盘
13:38:51	13.32	--	39	51948	卖盘
13:38:30	13.32	-0.01	15	19980	卖盘
13:38:12	13.33	--	2	2666	买盘
13:38:09	13.33	--	1	1333	买盘
13:38:06	13.33	--	4	5332	买盘
13:37:12	13.33	--	2	2666	买盘
13:37:06	13.33	--	3	3999	买盘
13:36:33	13.33	-0.01	2	2666	中性盘
13:36:12	13.34	0.01	2	2668	买盘
13:36:09	13.33	--	1	1333	买盘
13:36:06	13.33	--	2	2666	买盘
13:35:24	13.33	--	4	5332	买盘
13:35:12	13.33	--	4	5332	买盘
13:35:09	13.33	--	1	1333	买盘
13:35:06	13.33	0.01	4	5332	买盘
13:34:09	13.32	--	28	37296	买盘
13:33:57	13.32	--	3	3996	买盘
13:33:21	13.32	--	20	26640	买盘
13:33:06	13.32	--	6	7992	买盘
13:33:00	13.32	0.01	1	1332	买盘
13:32:57	13.31	--	20	26620	卖盘
13:32:24	13.31	--	2	2662	卖盘
13:32:18	13.31	-0.01	5	6655	卖盘
13:32:06	13.32	0.01	4	5328	买盘
13:32:00	13.31	-0.01	10	13310	卖盘
13:31:57	13.32	--	27	35964	买盘
13:31:30	13.32	0.01	1	1332	买盘
13:31:27	13.31	--	71	94501	买盘
13:31:06	13.31	0.01	4	5324	买盘
13:30:48	13.3	--	3	3990	卖盘
13:30:06	13.3	-0.01	11	15295	卖盘
13:30:03	13.31	--	1	1331	买盘
13:29:06	13.31	--	2	2662	买盘
13:28:57	13.31	--	18	23958	卖盘
13:28:51	13.31	--	6	7986	中性盘
13:28:21	13.31	-0.01	10	13310	卖盘
13:28:09	13.32	--	2	2664	买盘
13:28:06	13.32	--	6	7992	买盘
13:28:00	13.32	--	2	2664	买盘
13:27:09	13.32	--	6	7992	买盘
13:27:06	13.32	--	4	5328	买盘
13:26:21	13.32	--	2	2664	买盘
13:26:00	13.32	0.02	1	1332	买盘
13:25:57	13.3	--	4	5320	卖盘
13:25:51	13.3	--	42	55860	卖盘
13:25:48	13.3	--	5	6650	卖盘
13:25:36	13.3	--	5	6650	卖盘
13:25:24	13.3	--	5	6650	卖盘
13:25:15	13.3	-0.02	5	6650	卖盘
13:25:06	13.32	--	2	2664	买盘
13:24:42	13.32	0.01	1	1332	买盘
13:24:39	13.31	--	9	11979	买盘
13:24:33	13.31	--	20	26620	买盘
13:24:12	13.31	-0.01	21	27951	卖盘
13:24:09	13.32	--	16	21312	买盘
13:24:06	13.32	0.01	2	2664	买盘
13:24:03	13.31	-0.01	1	1331	卖盘
13:23:54	13.32	0.01	11	14652	买盘
13:23:42	13.31	-0.01	8	10648	卖盘
13:23:39	13.32	0.01	1	1332	买盘
13:23:36	13.31	-0.01	49	65219	卖盘
13:23:33	13.32	0.01	5	6660	买盘
13:23:30	13.31	-0.01	8	10648	卖盘
13:23:09	13.32	--	4	5328	买盘
13:23:06	13.32	--	2	2664	买盘
13:22:09	13.32	--	2	2664	买盘
13:22:06	13.32	0.01	5	6660	买盘
13:22:03	13.31	--	21	27951	买盘
13:21:54	13.31	--	5	6655	买盘
13:21:36	13.31	--	20	26620	买盘
13:21:09	13.31	--	2	2662	买盘
13:21:06	13.31	0.01	2	2662	买盘
13:21:03	13.3	--	16	21280	卖盘
13:20:57	13.3	0.01	36	49037	买盘
13:20:45	13.29	--	35	46515	买盘
13:20:42	13.29	--	10	13290	买盘
13:20:36	13.29	--	2	2658	买盘
13:20:18	13.29	--	4	5316	买盘
13:20:09	13.29	--	4	5316	买盘
13:20:06	13.29	--	2	2658	买盘
13:20:03	13.29	--	10	13290	买盘
13:19:51	13.29	--	9	11961	买盘
13:19:45	13.29	--	6	7973	买盘
13:19:42	13.29	--	10	13290	买盘
13:19:27	13.29	0.01	1	1329	买盘
13:19:24	13.28	--	3	4648	买盘
13:18:09	13.28	--	1	1328	买盘
13:18:06	13.28	0.01	4	5312	买盘
13:17:54	13.27	--	2	2654	买盘
13:17:33	13.27	-0.01	6	7962	卖盘
13:17:24	13.28	0.01	50	66400	买盘
13:17:09	13.27	-0.01	15	19905	卖盘
13:16:15	13.28	--	1	1328	买盘
13:16:09	13.28	-0.01	78	104248	卖盘
13:16:06	13.29	--	2	2658	买盘
13:15:09	13.29	0.03	14	19270	买盘
13:14:54	13.26	-0.02	85	112710	卖盘
13:14:36	13.28	-0.01	10	13944	卖盘
13:14:09	13.29	--	3	3986	买盘
13:14:06	13.29	--	4	5316	买盘
13:13:09	13.29	--	2	2658	买盘
13:13:06	13.29	--	2	2658	买盘
13:13:00	13.29	--	20	26580	买盘
13:12:54	13.29	0.01	30	39870	买盘
13:12:48	13.28	--	50	66400	卖盘
13:12:36	13.28	-0.01	1	1992	卖盘
13:12:27	13.29	--	10	13290	买盘
13:12:09	13.29	--	2	2658	买盘
13:12:06	13.29	0.02	2	2658	买盘
13:11:12	13.27	--	2	2654	买盘
13:11:09	13.27	0.02	2	2654	买盘
13:10:27	13.25	--	0	503	买盘
13:10:18	13.25	--	49	64925	买盘
13:10:09	13.25	--	2	2650	买盘
13:09:54	13.25	--	4	5300	买盘
13:09:48	13.25	--	20	26500	买盘
13:09:27	13.25	--	9	11925	买盘
13:09:21	13.25	--	20	26500	买盘
13:09:18	13.25	--	30	39750	买盘
13:09:15	13.25	--	13	17225	买盘
13:09:09	13.25	--	1	1325	买盘
13:09:06	13.25	--	17	22525	买盘
13:08:36	13.25	--	5	6625	买盘
13:08:30	13.25	--	17	22525	买盘
13:08:27	13.25	0.01	20	26500	买盘
13:08:18	13.24	-0.01	3	3972	卖盘
13:08:12	13.25	-0.02	92	122721	卖盘
13:07:48	13.27	--	1	1327	买盘
13:07:45	13.27	--	5	6635	买盘
13:06:39	13.27	--	2	2654	买盘
13:06:33	13.27	-0.01	8	10616	卖盘
13:06:06	13.28	0.01	2	2656	买盘
13:05:57	13.27	--	42	55734	买盘
13:05:27	13.27	-0.01	2	2654	卖盘
13:05:09	13.28	--	2	2656	买盘
13:05:06	13.28	--	2	2656	买盘
13:04:27	13.28	0.03	5	6640	中性盘
13:04:06	13.25	-0.04	302	400150	卖盘
13:04:03	13.29	0.01	2	2658	买盘
13:03:48	13.28	0.01	3	3984	买盘
13:03:39	13.27	-0.01	2	2654	卖盘
13:03:12	13.28	--	1	1328	买盘
13:03:09	13.28	0.01	2	2656	买盘
13:02:45	13.27	0.01	4	5812	买盘
13:02:15	13.26	-0.01	8	10608	卖盘
13:02:06	13.27	--	2	2654	买盘
13:01:54	13.27	--	1	1327	买盘
13:01:51	13.27	--	1	1327	买盘
13:01:06	13.27	--	2	2654	买盘
13:00:39	13.27	--	3	3981	买盘
13:00:27	13.27	--	1	1327	买盘
13:00:24	13.27	--	1	1327	买盘
13:00:09	13.27	0.01	2	2654	买盘
13:00:06	13.26	--	29	38454	买盘
13:00:03	13.26	0.01	148	196248	买盘
13:00:00	13.25	--	0	0	卖盘
11:30:00	13.25	--	0	0	卖盘
11:29:51	13.25	-0.01	1	1325	卖盘
11:29:36	13.26	--	9	11934	卖盘
11:29:24	13.26	--	7	9282	买盘
11:29:21	13.26	--	3	3978	买盘
11:29:12	13.26	-0.02	23	30498	卖盘
11:29:06	13.28	0.02	2	2656	买盘
11:28:36	13.26	--	2	2652	卖盘
11:28:18	13.26	--	7	9282	买盘
11:28:09	13.26	--	2	2652	买盘
11:28:06	13.26	--	4	5304	买盘
11:27:48	13.26	0.01	2	2652	买盘
11:27:27	13.25	--	6	8612	买盘
11:27:24	13.25	--	124	164962	买盘
11:27:12	13.25	--	5	6625	买盘
11:27:09	13.25	--	3	3975	买盘
11:27:06	13.25	--	2	2650	买盘
11:27:00	13.25	--	3	3975	买盘
11:26:57	13.25	--	4	5300	买盘
11:26:51	13.25	--	15	19875	买盘
11:26:48	13.25	--	13	17225	买盘
11:26:45	13.25	--	44	58300	买盘
11:26:33	13.25	--	10	13250	买盘
11:26:21	13.25	--	100	132500	买盘
11:26:18	13.25	--	40	53000	买盘
11:26:15	13.25	--	10	13250	买盘
11:26:06	13.25	--	18	23850	买盘
11:26:03	13.25	--	5	6625	买盘
11:25:51	13.25	--	1	1325	买盘
11:25:48	13.25	--	19	25175	买盘
11:25:18	13.25	--	7	9275	买盘
11:25:15	13.25	--	5	6625	买盘
11:25:06	13.25	0.03	2	2650	买盘
11:25:00	13.22	-0.02	271	358923	卖盘
11:24:57	13.24	-0.01	20	26480	卖盘
11:24:54	13.25	--	19	25175	买盘
11:24:51	13.25	--	5	6625	买盘
11:24:36	13.25	--	15	19875	买盘
11:24:27	13.25	--	10	13250	买盘
11:24:21	13.25	0.01	1	1325	买盘
11:24:18	13.24	-0.01	76	100624	卖盘
11:24:15	13.25	--	30	39750	买盘
11:24:12	13.25	--	2	2650	买盘
11:24:09	13.25	0.01	1	1325	买盘
11:24:03	13.24	--	6	7944	买盘
11:23:57	13.24	-0.01	65	86060	卖盘
11:23:36	13.25	--	2	2650	买盘
11:23:21	13.25	--	10	13250	买盘
11:23:12	13.25	--	2	2650	买盘
11:23:09	13.25	--	7	9275	买盘
11:23:03	13.25	--	8	10600	买盘
11:22:57	13.25	-0.03	181	239825	卖盘
11:22:36	13.28	--	4	5312	卖盘
11:22:24	13.28	-0.01	2	2656	卖盘
11:22:12	13.29	--	2	2658	买盘
11:22:06	13.29	--	9	11961	买盘
11:22:03	13.29	--	13	17277	买盘
11:22:00	13.29	--	21	27909	买盘
11:21:06	13.29	--	7	9303	买盘
11:21:03	13.29	0.01	6	7973	买盘
11:21:00	13.28	-0.01	2	2656	卖盘
11:20:18	13.29	--	1	1329	买盘
11:20:12	13.29	--	2	2658	买盘
11:20:09	13.29	--	11	14618	买盘
11:20:06	13.29	--	7	9303	买盘
11:19:18	13.29	--	9	11961	卖盘
11:19:12	13.29	-0.01	1	1329	卖盘
11:19:09	13.3	--	1	1330	买盘
11:19:06	13.3	0.01	7	9310	买盘
11:18:06	13.29	--	1	1329	买盘
11:17:45	13.29	-0.01	4	5316	卖盘
11:17:24	13.3	--	1	1330	买盘
11:17:21	13.3	0.01	3	3990	买盘
11:17:09	13.29	-0.01	4	5316	卖盘
11:17:06	13.3	0.05	7	9310	买盘
11:17:03	13.25	-0.03	405	536625	卖盘
11:16:48	13.28	--	3	3984	买盘
11:16:30	13.28	-0.02	2	2656	卖盘
11:16:27	13.3	--	12	15960	买盘
11:16:09	13.3	--	1	1330	买盘
11:16:06	13.3	0.04	7	9310	买盘
11:15:54	13.26	--	50	66300	卖盘
11:15:45	13.26	--	50	66300	卖盘
11:15:36	13.26	--	50	66300	卖盘
11:15:24	13.26	-0.04	50	66300	卖盘
11:15:18	13.3	0.03	6	7980	买盘
11:15:15	13.27	--	50	66350	卖盘
11:15:06	13.27	0.01	51	67677	中性盘
11:14:54	13.26	-0.02	50	66300	卖盘
11:14:48	13.28	0.02	1	1328	买盘
11:14:45	13.26	--	50	66300	卖盘
11:14:36	13.26	--	50	66300	卖盘
11:14:24	13.26	--	58	76908	卖盘
11:14:15	13.26	--	50	66300	卖盘
11:14:06	13.26	-0.02	50	66300	卖盘
11:14:03	13.28	0.02	4	5312	买盘
11:13:54	13.26	-0.01	50	66300	卖盘
11:13:45	13.27	--	50	66350	卖盘
11:13:33	13.27	-0.01	50	66350	卖盘
11:13:24	13.28	-0.02	50	66400	卖盘
11:13:18	13.3	0.02	1	1330	买盘
11:13:15	13.28	--	50	66400	卖盘
11:13:06	13.28	-0.02	50	66400	卖盘
11:13:03	13.3	--	7	9310	买盘
11:12:54	13.3	0.02	69	91770	买盘
11:12:45	13.28	-0.02	50	66400	卖盘
11:12:33	13.3	--	11	15467	卖盘
11:12:30	13.3	-0.01	6	7980	卖盘
11:12:24	13.31	--	23	30613	买盘
11:12:15	13.31	--	6	7986	买盘
11:12:06	13.31	--	1	1331	买盘
11:12:03	13.31	--	7	9317	买盘
11:11:54	13.31	--	4	5324	买盘
11:11:51	13.31	--	15	19965	买盘
11:11:33	13.31	-0.01	2	2662	卖盘
11:11:27	13.32	--	13	17316	买盘
11:11:06	13.32	--	5	6660	买盘
11:11:03	13.32	--	7	9324	买盘
11:10:39	13.32	-0.01	5	6660	卖盘
11:10:33	13.33	0.01	1	1333	买盘
11:10:27	13.32	-0.01	5	6660	中性盘
11:10:18	13.33	--	7	9331	买盘
11:10:15	13.33	0.01	1	1333	买盘
11:10:12	13.32	-0.01	4	5328	卖盘
11:10:03	13.33	--	7	9331	买盘
11:09:03	13.33	--	7	9331	买盘
11:08:39	13.33	0.03	1	1333	买盘
11:08:36	13.3	--	14	19112	买盘
11:08:03	13.3	--	7	9310	买盘
11:07:33	13.3	0.01	14	18620	买盘
11:07:24	13.29	--	18	23922	卖盘
11:07:15	13.29	-0.01	10	13290	卖盘
11:07:09	13.3	--	5	6650	买盘
11:07:06	13.3	--	1	1330	买盘
11:07:03	13.3	--	7	9310	买盘
11:06:51	13.3	--	1	1330	买盘
11:06:48	13.3	--	5	6650	买盘
11:06:03	13.3	--	21	27930	买盘
11:05:42	13.3	--	1	1330	买盘
11:05:39	13.3	--	19	25270	买盘
11:05:03	13.3	--	24	31920	买盘
11:04:06	13.3	--	2	2660	买盘
11:04:03	13.3	--	7	9310	买盘
11:03:45	13.3	--	3	3990	买盘
11:03:18	13.3	--	2	2660	买盘
11:03:06	13.3	0.01	19	25270	买盘
11:03:03	13.29	-0.01	5	6645	卖盘
11:02:39	13.3	--	5	6650	买盘
11:02:24	13.3	-0.03	653	868662	卖盘
11:02:21	13.33	-0.01	107	142631	卖盘
11:01:36	13.34	--	19	25346	买盘
11:01:30	13.34	--	1	1334	买盘
11:01:27	13.34	--	5	6670	买盘
11:01:06	13.34	--	20	26680	买盘
11:01:03	13.34	--	18	24012	买盘
11:00:42	13.34	--	1	1334	买盘
11:00:39	13.34	--	19	25346	买盘
11:00:27	13.34	--	5	6670	买盘
11:00:03	13.34	--	14	18676	买盘
10:59:51	13.34	--	23	30682	买盘
10:59:36	13.34	--	1	1334	买盘
10:59:27	13.34	--	12	16008	买盘
10:58:57	13.34	--	1	1334	买盘
10:58:54	13.34	--	10	13340	买盘
10:58:42	13.34	--	16	21344	买盘
10:58:39	13.34	0.01	21	28014	买盘
10:58:36	13.33	-0.01	10	13330	卖盘
10:58:33	13.34	0.01	2	2668	买盘
10:58:30	13.33	-0.01	5	6665	卖盘
10:57:54	13.34	0.01	32	42688	买盘
10:57:48	13.33	--	31	41856	买盘
10:57:33	13.33	--	6	7998	买盘
10:57:09	13.33	0.01	5	6665	买盘
10:57:06	13.32	-0.01	50	66600	卖盘
10:56:57	13.33	0.01	1	1333	买盘
10:56:54	13.32	--	36	47952	买盘
10:56:30	13.32	--	5	6660	买盘
10:56:27	13.32	-0.01	5	6660	卖盘
10:56:09	13.33	--	1	1333	买盘
10:55:54	13.33	-0.01	6	8797	卖盘
10:55:51	13.34	0.01	27	36018	买盘
10:55:48	13.33	--	4	5865	卖盘
10:55:45	13.33	-0.01	4	5332	卖盘
10:55:33	13.34	--	20	26680	买盘
10:55:12	13.34	--	3	4002	买盘
10:55:09	13.34	--	1	1334	买盘
10:55:03	13.34	--	2	2668	买盘
10:55:00	13.34	--	5	6670	买盘
10:54:24	13.34	--	16	21344	买盘
10:54:18	13.34	--	12	16008	买盘
10:54:09	13.34	--	35	46690	买盘
10:54:06	13.34	--	15	20010	买盘
10:53:48	13.34	--	1	1334	买盘
10:53:39	13.34	--	1	1334	买盘
10:53:36	13.34	0.03	16	21344	买盘
10:53:15	13.31	-0.03	4	5324	卖盘
10:52:45	13.34	0.01	42	56028	买盘
10:52:42	13.33	--	1	1333	买盘
10:52:39	13.33	-0.01	3	3999	中性盘
10:52:21	13.34	0.01	27	36018	买盘
10:52:06	13.33	--	5	6665	买盘
10:52:00	13.33	--	1	1333	买盘
10:51:57	13.33	--	15	19995	买盘
10:51:54	13.33	0.03	18	23994	买盘
10:51:51	13.3	-0.03	300	399000	卖盘
10:51:36	13.33	--	1	1333	买盘
10:51:33	13.33	--	1	1333	买盘
10:51:27	13.33	--	25	33325	买盘
10:51:09	13.33	-0.01	49	65317	卖盘
10:51:03	13.34	0.01	2	2668	买盘
10:51:00	13.33	--	1	1333	买盘
10:50:57	13.33	--	1	1333	买盘
10:50:42	13.33	-0.01	3	3999	卖盘
10:50:39	13.34	--	1	1334	买盘
10:50:36	13.34	--	28	37352	买盘
10:50:33	13.34	0.01	2	2668	买盘
10:50:24	13.33	-0.01	5	6665	中性盘
10:50:03	13.34	--	2	2668	买盘
10:49:39	13.34	0.01	1	1334	买盘
10:49:36	13.33	--	5	6665	卖盘
10:49:18	13.33	--	2	2666	卖盘
10:49:12	13.33	--	12	15996	卖盘
10:49:03	13.33	0.01	37	49321	买盘
10:48:48	13.32	-0.01	0	972	卖盘
10:48:33	13.33	0.01	1	2319	买盘
10:48:30	13.32	--	19	25308	买盘
10:48:21	13.32	--	1	1332	买盘
10:48:18	13.32	--	46	61272	买盘
10:48:03	13.32	--	6	7992	买盘
10:47:54	13.32	--	7	9324	买盘
10:47:27	13.32	--	1	1332	买盘
10:47:24	13.32	0.01	18	23976	买盘
10:47:03	13.31	--	6	7986	买盘
10:47:00	13.31	0.01	2	2662	买盘
10:46:48	13.3	-0.01	2	2660	卖盘
10:46:39	13.31	--	50	66550	买盘
10:46:27	13.31	--	1	1331	买盘
10:46:24	13.31	--	3	3993	买盘
10:46:03	13.31	--	6	7986	买盘
10:45:06	13.31	--	1	1331	买盘
10:45:03	13.31	0.02	7	9317	买盘
10:44:54	13.29	-0.02	4	5674	卖盘
10:44:42	13.31	0.01	2	2662	买盘
10:44:15	13.3	--	10	13300	买盘
10:44:03	13.3	0.01	7	9310	买盘
10:44:00	13.29	--	8	11602	买盘
10:43:39	13.29	0.01	20	26580	买盘
10:43:30	13.28	-0.01	3	3984	卖盘
10:43:09	13.29	-0.02	32	42886	卖盘
10:43:03	13.31	0.01	7	9317	买盘
10:43:00	13.3	--	9	11970	买盘
10:42:54	13.3	--	1	1330	买盘
10:42:33	13.3	--	5	6650	买盘
10:42:27	13.3	-0.01	29	39235	卖盘
10:42:06	13.31	0.01	2	2662	买盘
10:42:03	13.3	0.01	7	9975	买盘
10:41:06	13.29	0.01	0	970	买盘
10:40:27	13.28	--	4	5312	买盘
10:40:24	13.28	--	6	7968	买盘
10:40:21	13.28	--	9	11952	买盘
10:40:18	13.28	--	1	1328	买盘
10:40:15	13.28	--	1	1328	买盘
10:40:12	13.28	--	19	25232	买盘
10:39:54	13.28	--	29	38512	卖盘
10:39:36	13.28	-0.01	3	3984	卖盘
10:39:18	13.29	-0.01	99	131929	卖盘
10:39:12	13.3	0.01	5	6650	买盘
10:39:00	13.29	-0.01	27	35883	卖盘
10:38:57	13.3	--	5	6650	买盘
10:38:54	13.3	--	100	133000	买盘
10:38:15	13.3	--	2	2660	买盘
10:38:03	13.3	0.01	8	10640	买盘
10:37:57	13.29	-0.01	10	13290	卖盘
10:37:51	13.3	0.01	1	1330	买盘
10:37:48	13.29	--	40	53160	卖盘
10:37:33	13.29	-0.01	82	108978	卖盘
10:37:15	13.3	0.01	15	19950	买盘
10:37:00	13.29	-0.01	11	14618	卖盘
10:36:45	13.3	--	1	1330	买盘
10:36:42	13.3	--	3	3990	买盘
10:36:18	13.3	-0.01	134	178885	卖盘
10:35:54	13.31	--	15	19965	买盘
10:35:39	13.31	--	51	67881	买盘
10:35:36	13.31	0.01	9	11979	买盘
10:34:30	13.3	--	1	1995	卖盘
10:34:15	13.3	--	2	2660	卖盘
10:34:12	13.3	--	60	79800	卖盘
10:34:03	13.3	--	5	6650	卖盘
10:34:00	13.3	--	29	38570	卖盘
10:33:39	13.3	--	10	13300	卖盘
10:33:30	13.3	--	20	26600	卖盘
10:32:57	13.3	--	22	29260	卖盘
10:32:21	13.3	--	6	7980	卖盘
10:32:00	13.3	-0.01	3	3990	卖盘
10:31:54	13.31	--	16	21296	买盘
10:31:30	13.31	0.01	1	1331	买盘
10:31:21	13.3	--	48	63840	卖盘
10:30:51	13.3	-0.01	279	371070	卖盘
10:29:57	13.31	-0.01	12	15972	卖盘
10:29:48	13.32	0.01	1	1332	买盘
10:29:42	13.31	--	3	3993	买盘
10:29:36	13.31	--	5	6655	买盘
10:29:18	13.31	--	22	29282	卖盘
10:29:15	13.31	--	22	29282	卖盘
10:29:06	13.31	0.01	6	7986	买盘
10:28:54	13.3	-0.01	4	5320	卖盘
10:28:51	13.31	--	5	6655	买盘
10:28:36	13.31	0.02	9	11979	买盘
10:27:54	13.29	-0.01	37	49173	卖盘
10:27:42	13.3	--	3	4960	买盘
10:27:12	13.3	--	3	3990	买盘
10:27:09	13.3	--	3	4349	卖盘
10:27:06	13.3	--	6	8950	买盘
10:27:03	13.3	0.01	7	9310	买盘
10:26:48	13.29	-0.01	3	3986	卖盘
10:26:21	13.3	--	12	15960	买盘
10:25:45	13.3	0.01	10	13300	买盘
10:25:42	13.29	-0.01	15	19935	卖盘
10:25:21	13.3	-0.02	14	18979	卖盘
10:24:57	13.32	0.02	45	59940	买盘
10:24:36	13.3	--	4	6290	买盘
10:24:33	13.3	--	24	32279	卖盘
10:24:15	13.3	--	2	3630	买盘
10:24:12	13.3	--	23	30590	买盘
10:24:09	13.3	--	3	3990	买盘
10:23:54	13.3	--	15	19950	买盘
10:23:51	13.3	--	1	1330	买盘
10:23:27	13.3	--	74	98420	买盘
10:23:24	13.3	--	15	19950	买盘
10:23:18	13.3	--	5	6650	买盘
10:23:09	13.3	--	93	123690	买盘
10:23:03	13.3	--	5	6650	买盘
10:22:54	13.3	--	38	50540	买盘
10:22:03	13.3	0.01	1	1330	买盘
10:21:33	13.29	0.03	7	9303	买盘
10:20:57	13.26	--	3	3978	买盘
10:20:39	13.26	--	30	39780	买盘
10:20:36	13.26	--	5	6630	买盘
10:20:27	13.26	--	24	31824	买盘
10:20:18	13.26	-0.02	321	426309	卖盘
10:19:54	13.28	-0.01	1	1328	卖盘
10:19:27	13.29	--	1	1329	买盘
10:19:03	13.29	--	7	9303	买盘
10:18:45	13.29	--	10	13290	买盘
10:18:15	13.29	--	5	6645	买盘
10:18:09	13.29	--	4	5316	买盘
10:18:00	13.29	--	7	9303	买盘
10:17:48	13.29	--	1	1329	买盘
10:17:36	13.29	-0.01	1	1329	中性盘
10:16:54	13.3	0.01	15	19950	买盘
10:16:51	13.29	-0.03	17	22951	卖盘
10:16:21	13.32	0.03	8	10656	买盘
10:16:06	13.29	0.01	14	19576	买盘
10:16:03	13.28	-0.01	1	1328	卖盘
10:15:54	13.29	--	20	26580	买盘
10:15:45	13.29	--	50	66450	买盘
10:15:42	13.29	-0.03	493	655555	卖盘
10:15:27	13.32	--	5	6660	买盘
10:15:21	13.32	0.01	9	11988	买盘
10:15:18	13.31	--	5	6655	卖盘
10:15:15	13.31	--	38	50578	买盘
10:14:33	13.31	0.01	1	1331	中性盘
10:14:12	13.3	--	10	13300	卖盘
10:13:30	13.3	--	1	1330	卖盘
10:13:24	13.3	--	2	2660	卖盘
10:13:09	13.3	--	1	1330	卖盘
10:13:06	13.3	--	173	231060	买盘
10:12:48	13.3	--	101	134330	买盘
10:12:18	13.3	0.01	10	13300	买盘
10:12:09	13.29	--	10	13290	卖盘
10:11:51	13.29	-0.01	2	2658	卖盘
10:11:48	13.3	0.01	1	1330	买盘
10:11:36	13.29	--	1	1329	卖盘
10:11:27	13.29	--	20	26580	卖盘
10:11:21	13.29	-0.01	5	6645	卖盘
10:11:12	13.3	--	1	1330	买盘
10:11:06	13.3	--	40	53200	买盘
10:10:42	13.3	--	1	1330	买盘
10:10:39	13.3	0.01	108	143640	买盘
10:10:06	13.29	-0.01	20	26580	卖盘
10:09:39	13.3	--	10	13300	买盘
10:09:30	13.3	0.01	20	26600	买盘
10:09:21	13.29	-0.01	18	23922	卖盘
10:09:18	13.3	0.02	1	1330	买盘
10:08:39	13.28	-0.02	24	31872	卖盘
10:08:33	13.3	0.02	24	31920	买盘
10:08:15	13.28	0.01	4	5312	中性盘
10:07:51	13.27	-0.01	5	6635	卖盘
10:07:48	13.28	0.01	16	21248	买盘
10:07:30	13.27	0.01	15	19905	卖盘
10:07:24	13.26	-0.01	24	32487	卖盘
10:07:21	13.27	--	3	3981	买盘
10:07:15	13.27	--	5	6635	买盘
10:06:54	13.27	-0.01	30	40473	卖盘
10:06:45	13.28	0.01	20	26560	中性盘
10:06:36	13.27	-0.01	100	132700	卖盘
10:06:33	13.28	--	2	2656	卖盘
10:06:30	13.28	--	2	2656	卖盘
10:06:18	13.28	--	23	30544	卖盘
10:06:12	13.28	--	1	1992	卖盘
10:06:09	13.28	-0.01	70	92960	卖盘
10:05:57	13.29	0.01	1	1329	买盘
10:05:36	13.28	-0.01	54	71712	卖盘
10:05:30	13.29	--	81	107649	卖盘
10:05:27	13.29	-0.01	20	26580	卖盘
10:05:12	13.3	--	80	106400	买盘
10:05:09	13.3	--	3	3990	买盘
10:05:06	13.3	-0.01	192	255719	卖盘
10:04:51	13.31	0.01	107	142417	买盘
10:04:39	13.3	--	10	13300	卖盘
10:04:33	13.3	--	5	7315	卖盘
10:04:27	13.3	--	100	134103	卖盘
10:04:21	13.3	--	0	1117	卖盘
10:04:12	13.3	--	1	1995	卖盘
10:04:00	13.3	-0.01	0	1103	卖盘
10:03:57	13.31	--	30	39930	买盘
10:03:54	13.31	--	3	3993	买盘
10:03:45	13.31	--	20	26620	买盘
10:03:39	13.31	--	30	39930	卖盘
10:03:36	13.31	-0.01	20	26620	卖盘
10:03:27	13.32	--	10	13320	买盘
10:03:21	13.32	0.01	1	1332	中性盘
10:02:42	13.31	--	2	2662	买盘
10:02:36	13.31	--	12	15972	卖盘
10:02:18	13.31	0.01	9	11979	买盘
10:02:15	13.3	--	10	13300	卖盘
10:02:06	13.3	-0.01	20	26600	卖盘
10:02:03	13.31	0.01	9	11979	中性盘
10:01:42	13.3	--	238	316845	买盘
10:01:39	13.3	--	10	13300	买盘
10:01:27	13.3	--	1	1330	买盘
10:01:21	13.3	--	23	30590	买盘
10:01:18	13.3	-0.02	451	600854	卖盘
10:00:48	13.32	-0.01	3	3996	卖盘
10:00:42	13.33	0.01	1	1333	买盘
10:00:09	13.32	0.01	10	13626	买盘
10:00:06	13.31	--	10	13310	买盘
10:00:00	13.31	--	6	8292	卖盘
09:59:45	13.31	-0.01	56	75614	卖盘
09:59:15	13.32	--	19	25920	买盘
09:59:00	13.32	-0.01	44	59327	卖盘
09:58:57	13.33	0.01	5	6665	买盘
09:58:54	13.32	-0.01	179	238428	卖盘
09:58:36	13.33	--	139	186260	卖盘
09:58:24	13.33	--	63	84338	买盘
09:58:06	13.33	--	1	1333	买盘
09:58:03	13.33	--	40	54293	卖盘
09:57:45	13.33	--	3	4358	买盘
09:57:33	13.33	0.01	2	2666	买盘
09:57:27	13.32	-0.01	99	132414	卖盘
09:57:24	13.33	0.01	104	138632	买盘
09:56:51	13.32	--	0	66	卖盘
09:56:27	13.32	--	29	38628	买盘
09:56:21	13.32	--	30	39960	买盘
09:56:18	13.32	--	8	10656	买盘
09:56:15	13.32	-0.01	2	2664	卖盘
09:56:09	13.33	0.02	13	17329	买盘
09:55:48	13.31	--	80	106480	卖盘
09:55:39	13.31	-0.01	9	11979	卖盘
09:55:33	13.32	0.01	18	23976	买盘
09:55:30	13.31	-0.01	25	33275	卖盘
09:55:24	13.32	--	5	6660	买盘
09:55:18	13.32	--	5	7326	买盘
09:55:06	13.32	0.01	20	26640	买盘
09:55:03	13.31	-0.01	3	3993	卖盘
09:55:00	13.32	--	81	107892	卖盘
09:54:54	13.32	-0.01	2	2664	卖盘
09:54:51	13.33	--	5	6665	买盘
09:54:39	13.33	--	33	44962	卖盘
09:54:27	13.33	--	6	8357	买盘
09:54:21	13.33	--	21	28299	卖盘
09:54:15	13.33	--	30	39990	卖盘
09:54:12	13.33	--	4	5332	卖盘
09:54:09	13.33	--	64	85312	卖盘
09:54:06	13.33	-0.01	37	50347	卖盘
09:53:51	13.34	--	130	173420	卖盘
09:53:42	13.34	-0.01	20	26680	卖盘
09:53:24	13.35	--	21	28035	卖盘
09:53:18	13.35	--	5	6675	卖盘
09:53:09	13.35	--	14	18690	买盘
09:52:42	13.35	--	1	1335	买盘
09:52:39	13.35	0.01	5	6675	买盘
09:52:36	13.34	--	10	13340	卖盘
09:52:33	13.34	--	10	13340	卖盘
09:52:24	13.34	--	10	13340	卖盘
09:52:12	13.34	--	10	13340	卖盘
09:52:06	13.34	--	5	6670	卖盘
09:52:00	13.34	0.01	2	2668	中性盘
09:51:33	13.33	--	20	26660	卖盘
09:51:30	13.33	-0.02	118	157960	卖盘
09:51:18	13.35	--	5	6675	买盘
09:51:03	13.35	--	29	39382	卖盘
09:50:57	13.35	--	31	41385	卖盘
09:50:48	13.35	--	59	78765	卖盘
09:50:18	13.35	-0.01	104	139507	卖盘
09:50:15	13.36	0.01	4	5344	买盘
09:50:12	13.35	--	4	5340	卖盘
09:50:09	13.35	-0.01	1	1335	卖盘
09:50:03	13.36	0.01	1	1336	买盘
09:49:54	13.35	--	90	120150	卖盘
09:49:39	13.35	-0.01	36	48060	卖盘
09:49:09	13.36	--	25	33400	买盘
09:48:57	13.36	0.01	18	24048	买盘
09:48:33	13.35	--	15	20025	卖盘
09:48:03	13.35	-0.01	14	18690	卖盘
09:47:48	13.36	--	57	76152	卖盘
09:47:27	13.36	-0.01	4	5344	卖盘
09:47:24	13.37	--	1	1337	买盘
09:47:15	13.37	--	61	81557	买盘
09:47:09	13.37	0.01	1	1337	买盘
09:46:18	13.36	--	28	37408	买盘
09:46:09	13.36	--	3	4008	买盘
09:46:06	13.36	0.01	1	1336	买盘
09:45:51	13.35	-0.01	3	4005	卖盘
09:45:42	13.36	--	7	9352	买盘
09:45:39	13.36	--	31	41416	买盘
09:45:33	13.36	--	40	53440	卖盘
09:45:27	13.36	-0.01	20	26720	卖盘
09:45:24	13.37	--	4	5348	买盘
09:45:21	13.37	--	20	26740	买盘
09:45:18	13.37	--	1	1337	买盘
09:44:54	13.37	--	2	2674	买盘
09:44:45	13.37	0.02	50	66850	买盘
09:44:24	13.35	--	195	260325	卖盘
09:43:51	13.35	0.02	18	24030	买盘
09:43:39	13.33	--	3	3999	卖盘
09:43:33	13.33	--	19	25327	买盘
09:43:30	13.33	--	5	6665	买盘
09:43:27	13.33	--	11	14663	买盘
09:43:24	13.33	--	68	90644	卖盘
09:43:21	13.33	--	30	39990	卖盘
09:43:15	13.33	-0.01	4	5332	卖盘
09:43:12	13.34	0.01	3	4002	买盘
09:42:42	13.33	--	7	9331	买盘
09:42:39	13.33	--	8	10664	买盘
09:42:27	13.33	--	1	1333	买盘
09:42:24	13.33	-0.01	4	5332	卖盘
09:42:06	13.34	0.01	1	1334	买盘
09:42:03	13.33	-0.01	10	13330	卖盘
09:41:51	13.34	--	4	5336	卖盘
09:41:48	13.34	--	26	34684	卖盘
09:41:30	13.34	--	75	100050	买盘
09:41:15	13.34	-0.01	25	33350	卖盘
09:41:03	13.35	-0.02	44	58740	卖盘
09:41:00	13.37	0.02	101	135037	买盘
09:40:57	13.35	--	9	12015	卖盘
09:40:51	13.35	--	72	96120	卖盘
09:40:45	13.35	-0.01	20	26700	卖盘
09:40:33	13.36	--	101	134936	卖盘
09:39:54	13.36	--	24	32064	卖盘
09:39:36	13.36	-0.01	100	133600	卖盘
09:39:27	13.37	--	3	4010	买盘
09:39:15	13.37	--	139	186631	卖盘
09:39:12	13.37	-0.01	11	15255	卖盘
09:38:45	13.38	--	3	4014	买盘
09:38:21	13.38	--	1	1338	买盘
09:38:00	13.38	--	5	6690	买盘
09:37:57	13.38	--	6	8028	卖盘
09:37:45	13.38	--	30	40140	卖盘
09:37:42	13.38	-0.01	1	1338	卖盘
09:37:36	13.39	--	34	45526	买盘
09:37:15	13.39	0.01	3	4017	买盘
09:37:12	13.38	--	5	6690	卖盘
09:37:06	13.38	-0.01	107	143166	卖盘
09:36:48	13.39	0.01	1	1339	买盘
09:36:24	13.38	-0.01	30	40140	卖盘
09:35:48	13.39	--	11	14729	卖盘
09:35:42	13.39	--	10	13390	卖盘
09:35:24	13.39	-0.02	21	28119	卖盘
09:35:09	13.41	--	1	1341	买盘
09:34:57	13.41	--	9	12069	卖盘
09:34:45	13.41	--	1	1341	卖盘
09:34:30	13.41	0.01	102	136782	买盘
09:34:27	13.4	--	6	8040	卖盘
09:34:15	13.4	-0.01	2	2680	卖盘
09:34:09	13.41	0.01	1	1341	买盘
09:34:00	13.4	-0.01	2	2680	中性盘
09:33:42	13.41	--	12	16092	买盘
09:33:36	13.41	--	4	5364	买盘
09:33:27	13.41	--	1	1341	卖盘
09:33:09	13.41	--	12	16092	卖盘
09:33:06	13.41	0.06	30	40230	买盘
09:31:54	13.35	-0.05	15	20025	卖盘
09:31:39	13.4	-0.01	3	4020	卖盘
09:31:36	13.41	0.01	1	1341	中性盘
09:31:30	13.4	-0.02	4	5360	卖盘
09:31:27	13.42	-0.01	13	17446	卖盘
09:30:42	13.43	--	3	4029	买盘
09:30:36	13.43	0.01	1	1343	中性盘
09:30:03	13.42	0.02	2	2684	买盘
09:30:00	13.4	--	0	0	卖盘
09:25:03	13.4	13.4	171	229140	买盘
