成交时间	成交价	价格变动	成交量(手)	成交额(元)	性质
15:00:03	11.5	0.01	95	109250	买盘
14:57:00	11.49	--	0	0	卖盘
14:56:48	11.49	-0.01	7	8043	卖盘
14:56:27	11.5	--	10	11500	买盘
14:56:12	11.5	0.01	3	3450	买盘
14:56:09	11.49	--	4	4596	卖盘
14:56:06	11.49	-0.01	82	94218	卖盘
14:56:03	11.5	0.01	1	1150	买盘
14:55:36	11.49	--	15	17235	卖盘
14:55:30	11.49	-0.01	2	2298	卖盘
14:55:18	11.5	0.01	19	21850	买盘
14:55:12	11.49	--	19	21831	卖盘
14:55:03	11.49	--	7	8043	卖盘
14:55:00	11.49	--	30	34470	卖盘
14:54:48	11.49	--	10	11490	卖盘
14:54:39	11.49	--	10	11490	卖盘
14:54:36	11.49	--	40	45960	卖盘
14:54:12	11.49	-0.01	10	11490	卖盘
14:54:09	11.5	--	10	11500	买盘
14:54:06	11.5	--	2	2300	买盘
14:54:03	11.5	0.01	1	1150	买盘
14:53:39	11.49	-0.01	25	28725	卖盘
14:53:21	11.5	--	12	13800	买盘
14:53:12	11.5	0.01	30	34500	买盘
14:53:06	11.49	-0.01	26	29874	卖盘
14:53:00	11.5	--	7	8050	买盘
14:52:57	11.5	--	31	35650	买盘
14:52:45	11.5	--	7	8050	买盘
14:52:42	11.5	--	15	17250	卖盘
14:52:12	11.5	--	5	5750	卖盘
14:52:06	11.5	-0.01	5	5750	卖盘
14:52:03	11.51	0.01	1	1151	买盘
14:51:57	11.5	--	11	12650	买盘
14:51:45	11.5	--	20	23000	买盘
14:51:42	11.5	-0.01	2	2300	中性盘
14:51:24	11.51	0.01	59	67909	买盘
14:51:15	11.5	-0.01	10	11500	买盘
14:51:06	11.51	--	5	6641	卖盘
14:51:03	11.51	--	5	5755	卖盘
14:50:57	11.51	0.01	290	334054	买盘
14:50:48	11.5	--	18	20700	买盘
14:50:09	11.5	--	5	5750	买盘
14:50:06	11.5	--	9	10350	买盘
14:50:03	11.5	--	1	1150	买盘
14:50:00	11.5	-0.01	76	87400	卖盘
14:49:03	11.51	--	1	1151	买盘
14:48:39	11.51	--	26	29926	买盘
14:48:24	11.51	0.01	36	41436	买盘
14:47:36	11.5	--	15	17250	卖盘
14:47:15	11.5	-0.01	7	8050	卖盘
14:47:06	11.51	--	3	3453	买盘
14:47:03	11.51	--	1	1151	买盘
14:47:00	11.51	--	35	40285	买盘
14:46:57	11.51	--	38	43738	买盘
14:46:51	11.51	--	1	1151	买盘
14:46:45	11.51	--	2	2302	买盘
14:46:24	11.51	--	6	6906	买盘
14:46:03	11.51	--	1	1151	买盘
14:45:54	11.51	--	7	8943	卖盘
14:45:51	11.51	--	5	5755	卖盘
14:45:36	11.51	--	7	8057	卖盘
14:45:30	11.51	--	10	11510	卖盘
14:45:24	11.51	--	5	6019	买盘
14:45:21	11.51	--	12	14698	卖盘
14:45:15	11.51	-0.01	26	30190	卖盘
14:45:03	11.52	0.01	1	1152	买盘
14:44:54	11.51	--	10	11510	卖盘
14:44:45	11.51	-0.01	4	4604	卖盘
14:44:39	11.52	0.01	18	20736	买盘
14:44:36	11.51	--	13	14963	卖盘
14:44:33	11.51	--	20	23020	卖盘
14:44:27	11.51	--	10	11510	卖盘
14:44:24	11.51	--	4	4604	卖盘
14:44:15	11.51	--	128	147328	卖盘
14:44:12	11.51	--	30	34530	卖盘
14:44:09	11.51	--	22	25322	买盘
14:44:03	11.51	--	1	1151	买盘
14:43:03	11.51	--	5	5755	买盘
14:42:48	11.51	--	17	19567	卖盘
14:42:45	11.51	--	7	8057	卖盘
14:42:30	11.51	-0.01	1	1151	卖盘
14:42:24	11.52	--	4	4608	买盘
14:42:15	11.52	--	5	5760	买盘
14:42:12	11.52	0.01	10	11520	买盘
14:42:06	11.51	-0.01	13	14963	卖盘
14:42:03	11.52	0.01	1	1152	买盘
14:41:57	11.51	--	129	148479	买盘
14:41:51	11.51	0.02	4	4604	买盘
14:41:48	11.49	--	1	1149	卖盘
14:41:39	11.49	--	20	22980	卖盘
14:41:33	11.49	--	50	57450	卖盘
14:41:27	11.49	--	501	575649	卖盘
14:41:24	11.49	--	50	57450	卖盘
14:41:00	11.49	--	10	11490	卖盘
14:40:54	11.49	0.02	10	11490	中性盘
14:40:15	11.47	-0.03	11	12617	卖盘
14:40:06	11.5	0.02	7	8050	买盘
14:40:03	11.48	-0.02	9	10332	卖盘
14:40:00	11.5	0.03	547	629050	买盘
14:39:42	11.47	-0.01	5	5735	卖盘
14:39:30	11.48	0.01	1	1148	买盘
14:39:12	11.47	-0.01	150	172050	卖盘
14:39:09	11.48	--	12	13776	买盘
14:39:03	11.48	0.01	1	1148	买盘
14:38:57	11.47	-0.01	11	12617	卖盘
14:38:42	11.48	--	18	20664	买盘
14:38:36	11.48	0.01	250	287000	买盘
14:38:30	11.47	--	10	11470	卖盘
14:38:27	11.47	--	40	46763	买盘
14:38:18	11.47	--	1	1147	买盘
14:38:12	11.47	--	2	2557	卖盘
14:38:06	11.47	--	115	131905	卖盘
14:38:03	11.47	--	11	12617	卖盘
14:37:39	11.47	--	15	17205	卖盘
14:37:36	11.47	-0.01	34	39881	卖盘
14:37:27	11.48	0.01	19	21812	买盘
14:37:24	11.47	-0.01	16	18352	卖盘
14:36:54	11.48	0.01	3	3444	买盘
14:36:33	11.47	-0.01	15	17205	卖盘
14:36:03	11.48	--	1	1148	买盘
14:35:57	11.48	0.01	23	26404	买盘
14:35:42	11.47	--	94	107818	买盘
14:35:36	11.47	--	10	11470	买盘
14:35:24	11.47	0.01	7	8029	买盘
14:35:21	11.46	-0.01	28	32088	卖盘
14:35:03	11.47	0.01	1	1147	买盘
14:34:57	11.46	--	27	30942	卖盘
14:34:51	11.46	--	10	11460	卖盘
14:34:39	11.46	--	3	3438	卖盘
14:34:24	11.46	-0.01	3	3438	卖盘
14:33:30	11.47	--	10	11470	买盘
14:33:21	11.47	0.01	5	5735	买盘
14:33:18	11.46	-0.01	11	12606	卖盘
14:33:03	11.47	--	1	1147	买盘
14:33:00	11.47	0.01	4	4588	买盘
14:32:51	11.46	--	10	11460	卖盘
14:32:48	11.46	--	2	2292	卖盘
14:32:33	11.46	0.01	125	144166	买盘
14:31:54	11.45	--	71	81295	卖盘
14:31:45	11.45	--	6	6870	卖盘
14:31:42	11.45	--	13	14884	卖盘
14:31:24	11.45	--	10	11450	卖盘
14:31:15	11.45	--	11	12595	卖盘
14:31:03	11.45	-0.01	11	12595	卖盘
14:31:00	11.46	0.01	55	63030	买盘
14:30:57	11.45	--	4	4580	卖盘
14:30:54	11.45	--	18	20610	卖盘
14:30:48	11.45	--	11	12595	卖盘
14:30:45	11.45	--	30	34350	卖盘
14:30:39	11.45	--	14	16029	卖盘
14:30:27	11.45	--	1	1145	卖盘
14:30:24	11.45	--	9	10305	卖盘
14:30:12	11.45	-0.01	2	2290	卖盘
14:30:06	11.46	0.01	46	52716	买盘
14:30:03	11.45	-0.01	11	12595	卖盘
14:30:00	11.46	--	1	1146	买盘
14:29:42	11.46	--	340	389640	买盘
14:29:39	11.46	0.01	20	22920	买盘
14:29:27	11.45	--	40	45800	卖盘
14:29:21	11.45	--	163	186646	卖盘
14:29:06	11.45	-0.01	11	12595	卖盘
14:29:03	11.46	0.01	1	1146	买盘
14:28:48	11.45	--	7	8014	卖盘
14:28:42	11.45	--	4	4580	卖盘
14:28:06	11.45	--	12	13740	卖盘
14:27:45	11.45	--	40	45800	卖盘
14:27:42	11.45	--	10	11450	卖盘
14:27:30	11.45	-0.02	1	1145	卖盘
14:27:00	11.47	0.01	1	1147	买盘
14:26:48	11.46	--	45	51570	卖盘
14:26:45	11.46	-0.01	23	26358	中性盘
14:26:03	11.47	--	21	24087	买盘
14:25:54	11.47	0.02	13	14911	买盘
14:25:33	11.45	-0.01	11	12595	卖盘
14:24:57	11.46	0.01	10	11460	买盘
14:24:48	11.45	--	4	4580	买盘
14:24:30	11.45	--	1	1145	卖盘
14:24:18	11.45	--	1	1145	卖盘
14:24:06	11.45	0.01	1	1145	中性盘
14:23:42	11.44	-0.03	1	1144	卖盘
14:23:03	11.47	0.02	1	1147	买盘
14:22:57	11.45	--	1	1145	买盘
14:22:51	11.45	--	2	2290	卖盘
14:22:42	11.45	0.02	3	3435	卖盘
14:22:12	11.43	-0.02	11	12573	卖盘
14:22:00	11.45	--	2	2290	卖盘
14:21:54	11.45	--	8	9160	卖盘
14:21:48	11.45	--	11	12595	卖盘
14:21:36	11.45	--	2	2290	卖盘
14:21:30	11.45	--	2	2290	卖盘
14:21:03	11.45	-0.02	11	12595	卖盘
14:20:54	11.47	--	20	22940	买盘
14:20:42	11.47	0.04	3	3441	买盘
14:20:36	11.43	--	4	4572	卖盘
14:20:18	11.43	-0.01	43	49149	卖盘
14:20:09	11.44	--	14	16016	买盘
14:20:06	11.44	--	5	5720	买盘
14:20:03	11.44	--	30	34320	卖盘
14:20:00	11.44	--	4	4576	卖盘
14:19:57	11.44	--	31	35464	卖盘
14:19:51	11.44	--	40	45760	卖盘
14:19:42	11.44	-0.01	30	34320	卖盘
14:19:36	11.45	--	9	10305	买盘
14:19:21	11.45	-0.01	20	22900	卖盘
14:19:12	11.46	--	20	22920	买盘
14:19:03	11.46	-0.01	4	4584	卖盘
14:18:48	11.47	0.01	8	9176	买盘
14:18:39	11.46	--	11	12606	买盘
14:18:06	11.46	--	3	3438	卖盘
14:18:00	11.46	--	54	61884	买盘
14:17:54	11.46	--	3	3438	买盘
14:17:51	11.46	-0.01	15	17190	卖盘
14:17:09	11.47	--	25	28675	买盘
14:17:03	11.47	--	1	1147	买盘
14:17:00	11.47	0.01	2	2294	买盘
14:16:42	11.46	0.01	6	6876	买盘
14:16:33	11.45	-0.01	14	16029	卖盘
14:16:27	11.46	--	8	9168	买盘
14:16:21	11.46	-0.01	5	5730	卖盘
14:16:12	11.47	0.01	4	4588	买盘
14:16:00	11.46	-0.01	6	6876	卖盘
14:15:57	11.47	0.01	2	2294	买盘
14:15:45	11.46	--	1	1146	卖盘
14:15:18	11.46	0.01	10	11460	中性盘
14:15:03	11.45	--	2	2290	卖盘
14:14:57	11.45	--	4	4580	卖盘
14:14:33	11.45	--	1	1145	卖盘
14:14:24	11.45	0.01	68	77860	买盘
14:14:03	11.44	-0.01	1	1144	中性盘
14:13:36	11.45	--	14	16029	买盘
14:13:30	11.45	0.03	10	11450	买盘
14:13:03	11.42	--	2	2284	卖盘
14:13:00	11.42	-0.01	11	12562	卖盘
14:12:51	11.43	--	60	68580	买盘
14:12:42	11.43	--	10	11430	买盘
14:12:39	11.43	--	10	11430	买盘
14:12:24	11.43	--	3	3429	买盘
14:12:09	11.43	0.01	10	11430	买盘
14:12:03	11.42	-0.01	2	2284	卖盘
14:11:57	11.43	0.01	13	14859	买盘
14:11:51	11.42	-0.01	50	57100	卖盘
14:11:27	11.43	-0.01	254	290322	卖盘
14:11:03	11.44	-0.01	1	1144	中性盘
14:10:12	11.45	--	13	14884	买盘
14:10:06	11.45	0.01	4	4580	买盘
14:10:03	11.44	-0.01	15	17160	卖盘
14:09:39	11.45	0.01	2	2290	买盘
14:09:06	11.44	0.01	7	8008	中性盘
14:09:03	11.43	--	1	1143	卖盘
14:09:00	11.43	-0.01	14	16002	卖盘
14:08:57	11.44	0.01	13	14872	买盘
14:08:36	11.43	--	8	9144	卖盘
14:08:27	11.43	-0.01	14	16002	卖盘
14:08:03	11.44	--	1	1144	买盘
14:07:57	11.44	-0.01	25	28600	卖盘
14:07:51	11.45	0.01	13	14884	买盘
14:07:36	11.44	--	5	5720	卖盘
14:07:18	11.44	--	2	2288	卖盘
14:07:06	11.44	--	6	6864	卖盘
14:07:03	11.44	-0.01	21	24024	卖盘
14:06:03	11.45	0.01	2	2290	买盘
14:05:51	11.44	-0.01	5	5720	中性盘
14:05:03	11.45	0.02	1	1145	买盘
14:04:57	11.43	--	10	11430	卖盘
14:04:42	11.43	--	21	24003	买盘
14:04:24	11.43	--	81	92583	卖盘
14:04:15	11.43	-0.01	15	17145	卖盘
14:04:09	11.44	--	17	19448	买盘
14:03:48	11.44	--	5	5720	买盘
14:03:45	11.44	--	17	19448	买盘
14:03:39	11.44	--	16	18304	买盘
14:03:18	11.44	--	20	22880	买盘
14:03:15	11.44	--	4	4576	卖盘
14:03:06	11.44	--	3	3432	卖盘
14:02:39	11.44	0.02	11	12584	买盘
14:02:36	11.42	--	3	3426	卖盘
14:02:15	11.42	-0.05	1	1142	卖盘
14:02:03	11.47	0.07	1	1147	中性盘
14:01:42	11.4	-0.04	932	1062480	卖盘
14:01:33	11.44	--	17	19448	买盘
14:01:27	11.44	0.01	10	11440	买盘
14:01:21	11.43	-0.01	150	171450	卖盘
14:01:15	11.44	--	23	26312	买盘
14:00:57	11.44	--	4	4576	买盘
14:00:39	11.44	--	20	22880	买盘
14:00:36	11.44	-0.01	77	89220	卖盘
14:00:18	11.45	--	10	11450	卖盘
14:00:12	11.45	--	6	6870	买盘
14:00:06	11.45	--	14	16029	买盘
14:00:00	11.45	0.01	6	6870	买盘
13:59:54	11.44	--	29	33176	卖盘
13:59:45	11.44	-0.01	54	61776	卖盘
13:59:39	11.45	--	22	25190	买盘
13:59:21	11.45	0.01	6	6870	买盘
13:59:18	11.44	-0.01	0	11	卖盘
13:59:03	11.45	--	67	76715	买盘
13:59:00	11.45	--	30	34350	买盘
13:58:57	11.45	-0.02	116	132820	卖盘
13:58:24	11.47	0.02	10	11470	买盘
13:58:06	11.45	--	2	2290	卖盘
13:57:54	11.45	-0.02	14	16029	卖盘
13:57:48	11.47	0.02	50	57350	买盘
13:57:42	11.45	-0.01	33	37785	卖盘
13:57:36	11.46	--	2	2292	卖盘
13:57:27	11.46	0.01	8	9168	买盘
13:57:06	11.45	--	2	2290	卖盘
13:56:39	11.45	--	37	42365	卖盘
13:56:36	11.45	--	2	2290	卖盘
13:56:18	11.45	-0.01	2	2290	卖盘
13:56:09	11.46	0.01	17	19482	买盘
13:56:06	11.45	-0.01	6	6870	卖盘
13:56:03	11.46	0.01	1	1146	买盘
13:56:00	11.45	--	31	35495	卖盘
13:55:45	11.45	--	1	1145	卖盘
13:55:36	11.45	--	2	2290	卖盘
13:55:12	11.45	--	10	11450	卖盘
13:55:09	11.45	-0.01	50	57250	卖盘
13:54:57	11.46	0.01	5	5730	买盘
13:54:54	11.45	-0.01	2	2290	卖盘
13:54:36	11.46	--	1	1146	买盘
13:54:27	11.46	--	17	19482	买盘
13:53:51	11.46	--	8	9168	买盘
13:53:45	11.46	0.02	1	1146	买盘
13:53:39	11.44	-0.02	5	5720	卖盘
13:53:03	11.46	0.02	1	1146	买盘
13:52:51	11.44	--	13	14872	卖盘
13:52:36	11.44	--	5	5720	卖盘
13:52:24	11.44	--	22	25168	卖盘
13:52:09	11.44	-0.02	26	29744	卖盘
13:52:00	11.46	0.02	2	2292	买盘
13:51:57	11.44	--	1	1144	卖盘
13:51:54	11.44	--	50	57200	卖盘
13:51:45	11.44	--	4	4576	卖盘
13:51:36	11.44	--	2	2288	卖盘
13:51:24	11.44	0.01	21	24024	买盘
13:51:21	11.43	-0.01	28	32004	卖盘
13:51:15	11.44	--	4	4576	买盘
13:51:06	11.44	--	5	5720	买盘
13:50:51	11.44	--	22	25168	买盘
13:50:42	11.44	--	89	101816	卖盘
13:50:36	11.44	--	2	2288	卖盘
13:50:18	11.44	--	4	4576	卖盘
13:50:06	11.44	--	7	8008	卖盘
13:49:57	11.44	--	11	12584	买盘
13:49:54	11.44	--	26	29744	买盘
13:49:51	11.44	0.01	34	38896	买盘
13:49:48	11.43	-0.01	37	42291	卖盘
13:49:42	11.44	-0.01	13	14872	买盘
13:49:27	11.45	--	16	18320	卖盘
13:49:12	11.45	0.02	14	16029	买盘
13:49:09	11.43	--	11	12573	卖盘
13:49:06	11.43	-0.02	33	37719	卖盘
13:49:03	11.45	0.02	1	1145	中性盘
13:48:54	11.43	0.01	5	5715	中性盘
13:48:45	11.42	-0.01	33	37686	卖盘
13:48:39	11.43	--	35	40405	买盘
13:48:33	11.43	0.01	20	22860	买盘
13:48:24	11.42	-0.01	11	12562	卖盘
13:48:18	11.43	0.01	49	56007	买盘
13:48:15	11.42	--	10	11420	卖盘
13:48:06	11.42	-0.01	33	37686	卖盘
13:48:00	11.43	--	1	1143	买盘
13:47:57	11.43	--	8	9144	买盘
13:47:54	11.43	-0.02	393	449941	卖盘
13:47:42	11.45	-0.01	33	37785	卖盘
13:47:18	11.46	--	10	11460	买盘
13:47:15	11.46	0.01	5	5730	买盘
13:46:30	11.45	--	1	1145	卖盘
13:46:27	11.45	--	35	40075	卖盘
13:46:06	11.45	-0.01	50	57250	卖盘
13:46:03	11.46	--	1	1146	买盘
13:45:33	11.46	-0.01	38	43548	卖盘
13:45:30	11.47	--	18	20646	买盘
13:45:21	11.47	--	10	11470	买盘
13:44:42	11.47	--	9	10323	买盘
13:44:09	11.47	--	12	13764	买盘
13:44:06	11.47	--	2	2294	买盘
13:44:03	11.47	--	4	4588	买盘
13:43:36	11.47	--	225	258075	买盘
13:43:03	11.47	0.02	1	1147	买盘
13:42:57	11.45	--	9	10305	买盘
13:42:48	11.45	0.01	10	11450	买盘
13:42:30	11.44	--	2	2288	卖盘
13:42:09	11.44	--	3	3432	卖盘
13:41:54	11.44	-0.01	33	37752	卖盘
13:41:48	11.45	0.01	1	1145	买盘
13:41:33	11.44	--	9	10296	卖盘
13:41:03	11.44	--	8	9552	买盘
13:40:54	11.44	-0.01	200	229543	卖盘
13:40:42	11.45	--	10	11450	买盘
13:40:18	11.45	--	12	13740	买盘
13:40:09	11.45	-0.03	9	10305	卖盘
13:40:06	11.48	0.03	8	9184	买盘
13:39:45	11.45	--	3	3435	卖盘
13:39:24	11.45	--	8	9160	卖盘
13:39:09	11.45	--	2	2290	买盘
13:38:57	11.45	0.01	2	2290	中性盘
13:38:33	11.44	-0.01	11	12584	卖盘
13:38:27	11.45	--	14	16029	买盘
13:38:03	11.45	0.01	1	1145	买盘
13:37:12	11.44	-0.01	60	68640	卖盘
13:36:57	11.45	--	2	2290	卖盘
13:36:33	11.45	0.01	3	3435	中性盘
13:36:18	11.44	--	1	1144	卖盘
13:36:06	11.44	--	33	37752	卖盘
13:36:03	11.44	-0.04	33	37752	卖盘
13:35:30	11.48	0.04	8	9184	买盘
13:35:06	11.44	-0.04	38	43472	卖盘
13:35:03	11.48	0.03	1	1148	买盘
13:34:51	11.45	0.01	2	2290	中性盘
13:34:36	11.44	-0.01	33	37752	卖盘
13:34:06	11.45	0.01	1	1145	中性盘
13:33:57	11.44	-0.01	33	37752	卖盘
13:33:54	11.45	--	5	5725	卖盘
13:33:21	11.45	-0.01	33	37785	卖盘
13:33:18	11.46	-0.02	4	4584	卖盘
13:33:12	11.48	--	5	5740	买盘
13:32:57	11.48	0.02	11	12628	买盘
13:32:42	11.46	--	1	1146	买盘
13:32:33	11.46	0.01	3	3438	中性盘
13:32:24	11.45	-0.03	33	37785	卖盘
13:32:15	11.48	0.02	2	2296	买盘
13:32:12	11.46	-0.02	5	5730	卖盘
13:32:03	11.48	0.02	1	1148	中性盘
13:31:48	11.46	-0.03	33	37818	卖盘
13:31:33	11.49	--	10	11490	买盘
13:31:12	11.49	--	12	13788	买盘
13:30:54	11.49	--	1	1149	买盘
13:30:45	11.49	--	11	12639	买盘
13:30:27	11.49	--	24	27576	买盘
13:30:06	11.49	--	5	5745	买盘
13:29:09	11.49	--	2	2298	买盘
13:29:03	11.49	--	1	1149	买盘
13:27:33	11.49	--	130	149370	买盘
13:27:03	11.49	--	1	1149	买盘
13:26:57	11.49	0.03	14	16086	买盘
13:26:30	11.46	-0.03	11	12606	卖盘
13:26:21	11.49	--	3	3447	买盘
13:26:18	11.49	0.03	8	9192	买盘
13:26:06	11.46	-0.03	20	22920	卖盘
13:25:51	11.49	0.03	5	5745	买盘
13:25:33	11.46	--	11	12606	卖盘
13:25:03	11.46	-0.03	12	13752	卖盘
13:23:57	11.49	0.01	200	229800	买盘
13:23:51	11.48	--	5	5740	买盘
13:23:18	11.48	--	1	1148	买盘
13:23:03	11.48	0.01	14	16072	买盘
13:23:00	11.47	--	1	1147	卖盘
13:22:48	11.47	--	11	12617	卖盘
13:22:09	11.47	-0.01	13	14911	卖盘
13:22:03	11.48	0.01	1	1148	买盘
13:21:57	11.47	0.01	23	26782	买盘
13:21:42	11.46	0.02	6	6876	买盘
13:21:12	11.44	-0.02	6	6864	中性盘
13:20:57	11.46	0.03	1	1146	买盘
13:20:33	11.43	--	24	27432	卖盘
13:20:15	11.43	-0.03	11	12573	卖盘
13:20:06	11.46	--	5	5730	买盘
13:20:03	11.46	-0.01	5	5730	卖盘
13:19:30	11.47	--	2	3039	卖盘
13:19:24	11.47	--	18	21047	买盘
13:19:18	11.47	-0.01	16	18352	卖盘
13:19:09	11.48	--	5	5740	买盘
13:19:03	11.48	--	1	1148	买盘
13:18:54	11.48	-0.01	134	154578	卖盘
13:17:03	11.49	--	1	1149	买盘
13:16:09	11.49	--	1	1149	买盘
13:16:03	11.49	0.01	1	1149	买盘
13:15:39	11.48	-0.01	5	5740	卖盘
13:15:09	11.49	--	1	1149	买盘
13:14:30	11.49	0.01	6	6894	买盘
13:14:21	11.48	--	141	162269	买盘
13:14:15	11.48	--	18	20664	买盘
13:14:03	11.48	0.01	6	6888	买盘
13:13:45	11.47	-0.01	17	19499	卖盘
13:13:21	11.48	--	10	11480	买盘
13:13:03	11.48	0.01	1	1148	买盘
13:13:00	11.47	--	7	8029	卖盘
13:12:33	11.47	-0.01	7	8029	卖盘
13:12:15	11.48	0.01	9	10332	买盘
13:11:57	11.47	--	3	3441	卖盘
13:11:51	11.47	--	1	1147	卖盘
13:11:36	11.47	-0.01	5	5735	卖盘
13:11:24	11.48	--	2	2296	买盘
13:11:15	11.48	0.01	2	2296	买盘
13:11:09	11.47	--	4	4588	卖盘
13:11:06	11.47	-0.01	10	11470	卖盘
13:11:03	11.48	0.01	1	1148	买盘
13:10:45	11.47	0.01	13	15484	买盘
13:10:42	11.46	-0.01	35	40110	卖盘
13:10:27	11.47	--	0	573	卖盘
13:10:18	11.47	--	17	19499	卖盘
13:10:15	11.47	--	0	573	买盘
13:10:06	11.47	--	4	4588	买盘
13:09:45	11.47	0.01	18	20646	买盘
13:09:33	11.46	0.02	24	27504	买盘
13:09:06	11.44	--	3	3432	买盘
13:08:57	11.44	--	2	2288	卖盘
13:08:33	11.44	--	3	3432	买盘
13:08:30	11.44	0.01	1	1144	买盘
13:08:27	11.43	-0.03	1	1143	卖盘
13:08:03	11.46	0.01	1	1146	买盘
13:07:57	11.45	-0.01	1	1145	卖盘
13:07:39	11.46	0.01	1	1146	买盘
13:07:27	11.45	-0.01	2	2290	卖盘
13:07:21	11.46	0.02	10	11460	买盘
13:06:57	11.44	--	2	2288	买盘
13:06:36	11.44	--	5	5720	中性盘
13:06:27	11.44	-0.02	1	1144	卖盘
13:06:21	11.46	--	2	2292	卖盘
13:05:57	11.46	-0.01	4	4584	中性盘
13:05:39	11.47	--	5	5735	买盘
13:05:30	11.47	0.03	18	20646	买盘
13:05:27	11.44	-0.03	4	4576	卖盘
13:05:21	11.47	0.03	10	11470	买盘
13:05:15	11.44	-0.03	3	3432	中性盘
13:05:09	11.47	--	18	20646	买盘
13:05:03	11.47	0.03	1	1147	买盘
13:04:57	11.44	--	20	22880	卖盘
13:04:39	11.44	0.01	5	5720	中性盘
13:04:27	11.43	-0.04	58	66294	卖盘
13:04:21	11.47	0.04	18	20646	买盘
13:04:06	11.43	--	18	20574	买盘
13:04:00	11.43	0.01	10	11430	买盘
13:03:57	11.42	--	66	75372	卖盘
13:03:42	11.42	--	26	29692	买盘
13:03:39	11.42	--	18	20556	买盘
13:03:33	11.42	0.01	29	33118	买盘
13:03:27	11.41	--	77	87857	卖盘
13:03:18	11.41	-0.01	12	13692	卖盘
13:03:12	11.42	0.02	18	20556	买盘
13:03:09	11.4	-0.02	55	62700	卖盘
13:03:00	11.42	0.01	1	1142	买盘
13:02:57	11.41	--	42	47922	卖盘
13:02:45	11.41	--	8	9128	卖盘
13:02:27	11.41	-0.01	179	204239	卖盘
13:02:15	11.42	--	5	5710	买盘
13:02:00	11.42	--	46	52532	卖盘
13:01:57	11.42	--	183	208986	卖盘
13:01:45	11.42	--	46	52532	买盘
13:01:39	11.42	--	5	5710	卖盘
13:01:27	11.42	-0.01	32	36544	卖盘
13:01:15	11.43	0.01	5	5715	买盘
13:01:00	11.42	-0.01	24	27408	卖盘
13:00:27	11.43	--	57	65151	卖盘
13:00:09	11.43	-0.02	3	3429	卖盘
13:00:06	11.45	0.03	5	5725	买盘
13:00:03	11.42	-0.01	39	44538	卖盘
13:00:00	11.43	--	0	0	卖盘
11:30:00	11.43	--	0	0	卖盘
11:29:57	11.43	--	24	27432	卖盘
11:29:27	11.43	-0.05	53	60579	卖盘
11:29:18	11.48	0.03	9	10332	买盘
11:29:03	11.45	--	2	2290	卖盘
11:29:00	11.45	--	8	9160	中性盘
11:28:30	11.45	0.02	1	1145	卖盘
11:28:12	11.43	-0.05	200	228600	卖盘
11:28:06	11.48	0.04	9	10332	买盘
11:28:03	11.44	--	71	81224	卖盘
11:27:48	11.44	--	10	11440	卖盘
11:27:30	11.44	-0.04	99	113256	卖盘
11:27:15	11.48	--	9	10332	买盘
11:27:03	11.48	0.04	1	1148	买盘
11:27:00	11.44	-0.04	25	28600	卖盘
11:26:57	11.48	--	5	5740	买盘
11:26:36	11.48	0.04	9	10332	买盘
11:26:33	11.44	--	7	8008	卖盘
11:26:18	11.44	-0.04	200	228800	卖盘
11:26:12	11.48	0.03	9	10332	买盘
11:26:00	11.45	-0.03	8	9160	卖盘
11:25:45	11.48	0.03	9	10332	买盘
11:25:33	11.45	--	10	11450	卖盘
11:25:27	11.45	-0.03	20	22900	卖盘
11:25:15	11.48	--	9	10332	买盘
11:25:03	11.48	0.03	1	1148	买盘
11:24:57	11.45	-0.03	8	9160	卖盘
11:24:36	11.48	0.04	9	10332	买盘
11:24:30	11.44	-0.04	94	107536	卖盘
11:24:27	11.48	0.04	5	5740	买盘
11:24:21	11.44	-0.01	55	62920	卖盘
11:23:57	11.45	-0.03	11	12595	卖盘
11:23:51	11.48	0.03	9	10332	买盘
11:23:36	11.45	-0.03	4	4580	中性盘
11:23:27	11.48	--	15	17220	买盘
11:23:15	11.48	0.04	9	10332	买盘
11:23:00	11.44	-0.01	39	44616	卖盘
11:22:57	11.45	0.01	10	11450	买盘
11:22:30	11.44	-0.01	17	19448	卖盘
11:22:27	11.45	--	9	10305	买盘
11:22:03	11.45	0.01	1	1145	买盘
11:22:00	11.44	-0.01	83	94952	卖盘
11:21:51	11.45	--	5	5725	买盘
11:21:48	11.45	--	11	12595	卖盘
11:21:39	11.45	--	2	2290	卖盘
11:21:30	11.45	-0.01	51	58395	卖盘
11:21:12	11.46	-0.01	10	12033	卖盘
11:21:06	11.47	0.01	8	9176	买盘
11:21:00	11.46	-0.01	24	27504	卖盘
11:20:48	11.47	--	3	3441	卖盘
11:20:33	11.47	-0.01	10	11470	卖盘
11:20:24	11.48	--	9	10332	买盘
11:20:06	11.48	--	4	4592	买盘
11:20:03	11.48	--	11	12628	买盘
11:19:57	11.48	--	5	5740	买盘
11:19:36	11.48	0.01	9	10332	买盘
11:19:30	11.47	-0.01	40	45880	卖盘
11:19:21	11.48	--	5	5740	买盘
11:19:06	11.48	--	1	1148	卖盘
11:19:00	11.48	-0.01	5	5740	卖盘
11:18:45	11.49	0.01	9	10341	买盘
11:18:36	11.48	-0.01	24	27552	卖盘
11:18:33	11.49	--	5	5745	买盘
11:18:09	11.49	-0.01	12	13788	卖盘
11:18:03	11.5	0.01	1	1150	买盘
11:18:00	11.49	--	11	12639	卖盘
11:17:54	11.49	-0.01	10	11490	卖盘
11:17:51	11.5	--	9	10350	买盘
11:17:45	11.5	0.01	9	10350	买盘
11:17:42	11.49	--	3	3447	卖盘
11:17:39	11.49	0.01	3	3447	中性盘
11:17:33	11.48	-0.02	122	140056	卖盘
11:17:27	11.5	--	1	1150	买盘
11:16:57	11.5	0.02	9	10350	买盘
11:16:42	11.48	--	74	84952	卖盘
11:16:27	11.48	-0.01	5	5740	卖盘
11:15:57	11.49	--	19	21831	买盘
11:15:48	11.49	--	10	11490	买盘
11:15:27	11.49	--	10	11490	买盘
11:15:03	11.49	--	1	1149	买盘
11:14:54	11.49	--	30	34470	买盘
11:14:30	11.49	--	50	57450	买盘
11:14:27	11.49	--	9	10341	买盘
11:13:06	11.49	0.01	10	11490	买盘
11:13:03	11.48	-0.01	3	3444	中性盘
11:12:42	11.49	--	50	57450	买盘
11:12:03	11.49	0.03	10	11490	买盘
11:11:39	11.46	-0.01	45	51570	卖盘
11:11:27	11.47	--	1	1147	买盘
11:11:21	11.47	--	9	10323	卖盘
11:11:18	11.47	0.01	4	4588	中性盘
11:10:54	11.46	-0.03	38	43548	卖盘
11:10:51	11.49	0.03	20	22980	买盘
11:10:33	11.46	--	4	5157	买盘
11:10:30	11.46	--	25	29223	卖盘
11:10:27	11.46	--	6	7449	买盘
11:10:24	11.46	--	8	9168	买盘
11:10:18	11.46	--	5	5730	买盘
11:10:15	11.46	-0.03	2	2865	卖盘
11:10:06	11.49	0.03	4	4596	买盘
11:09:51	11.46	-0.03	7	8022	卖盘
11:09:27	11.49	0.03	9	10341	买盘
11:09:24	11.46	-0.01	49	56154	卖盘
11:09:18	11.47	--	4	4588	卖盘
11:08:54	11.47	-0.02	20	22940	卖盘
11:08:27	11.49	--	21	24129	卖盘
11:08:18	11.49	--	3	3447	买盘
11:08:03	11.49	0.02	1	1149	买盘
11:08:00	11.47	-0.03	2	2294	中性盘
11:07:24	11.5	0.04	10	11500	买盘
11:07:21	11.46	-0.01	31	35526	卖盘
11:07:03	11.47	-0.03	1	1147	卖盘
11:07:00	11.5	0.03	9	10350	买盘
11:06:33	11.47	--	5	5735	卖盘
11:06:18	11.47	--	15	17205	卖盘
11:06:03	11.47	--	5	5735	卖盘
11:05:57	11.47	--	1	1147	卖盘
11:05:18	11.47	-0.03	5	5735	卖盘
11:05:09	11.5	--	26	29900	买盘
11:04:48	11.5	0.03	9	10350	买盘
11:04:45	11.47	0.01	5	5735	中性盘
11:04:15	11.46	--	12	13752	卖盘
11:03:45	11.46	--	19	21774	卖盘
11:03:15	11.46	-0.04	65	74490	卖盘
11:03:03	11.5	0.03	1	1150	买盘
11:02:51	11.47	--	20	22940	卖盘
11:02:48	11.47	-0.03	40	45880	卖盘
11:02:36	11.5	0.03	26	29900	买盘
11:02:18	11.47	-0.01	19	21793	卖盘
11:02:15	11.48	0.01	20	22960	卖盘
11:02:12	11.47	-0.01	50	57350	卖盘
11:01:48	11.48	--	1	1148	卖盘
11:01:45	11.48	-0.01	16	18368	卖盘
11:01:30	11.49	0.01	3	3447	买盘
11:01:18	11.48	-0.01	67	76916	卖盘
11:01:03	11.49	--	6	6894	卖盘
11:00:48	11.49	--	5	5745	卖盘
11:00:18	11.49	-0.01	24	27576	卖盘
11:00:09	11.5	-0.03	1	1150	卖盘
11:00:06	11.53	--	4	4612	买盘
11:00:03	11.53	0.03	1	1153	买盘
10:59:39	11.5	--	1	1150	卖盘
10:59:21	11.5	-0.03	9	10350	卖盘
10:59:00	11.53	0.03	2	2306	买盘
10:58:45	11.5	-0.03	7	8050	卖盘
10:58:27	11.53	0.01	5	5765	买盘
10:58:24	11.52	-0.01	1	1152	卖盘
10:58:18	11.53	--	136	156808	买盘
10:58:06	11.53	0.01	8	9224	买盘
10:58:03	11.52	--	2	2304	卖盘
10:57:51	11.52	--	17	19584	卖盘
10:57:45	11.52	--	2	2304	卖盘
10:57:27	11.52	--	1	1440	买盘
10:57:21	11.52	0.02	1	1152	买盘
10:57:18	11.5	-0.02	10	11500	卖盘
10:57:03	11.52	--	1	1152	买盘
10:56:45	11.52	--	1	2016	卖盘
10:56:36	11.52	0.02	92	106272	买盘
10:56:15	11.5	-0.01	5	5750	卖盘
10:56:09	11.51	0.01	17	19567	买盘
10:54:42	11.5	--	8	9200	中性盘
10:54:27	11.5	--	4	4600	买盘
10:54:03	11.5	0.01	1	1150	买盘
10:53:57	11.49	0.01	8	9192	买盘
10:53:33	11.48	--	200	229600	卖盘
10:53:27	11.48	-0.01	10	11480	卖盘
10:53:12	11.49	--	9	10341	买盘
10:52:48	11.49	--	3	3447	买盘
10:52:39	11.49	--	12	13788	卖盘
10:52:33	11.49	--	2	2298	卖盘
10:52:03	11.49	-0.01	12	13788	卖盘
10:51:54	11.5	0.01	7	8050	买盘
10:51:33	11.49	-0.01	4	4596	卖盘
10:51:21	11.5	--	4	4600	卖盘
10:50:51	11.5	--	5	5750	中性盘
10:50:27	11.5	-0.02	1	1150	卖盘
10:50:06	11.52	0.02	5	5760	买盘
10:50:03	11.5	--	31	35650	买盘
10:49:54	11.5	-0.02	9	10350	中性盘
10:49:30	11.52	--	17	19584	买盘
10:49:09	11.52	0.03	8	9216	买盘
10:49:00	11.49	-0.03	200	229800	卖盘
10:48:33	11.52	--	9	10368	买盘
10:48:30	11.52	0.01	21	24192	买盘
10:48:09	11.51	--	9	10359	买盘
10:48:03	11.51	--	1	1151	买盘
10:47:21	11.51	--	9	10359	买盘
10:47:09	11.51	--	3	3453	买盘
10:46:39	11.51	-0.01	19	21869	中性盘
10:46:09	11.52	0.02	10	11520	买盘
10:45:57	11.5	-0.02	100	115000	卖盘
10:45:51	11.52	--	26	29952	买盘
10:45:45	11.52	0.01	8	9216	买盘
10:45:15	11.51	--	20	23020	买盘
10:45:03	11.51	0.01	10	11510	买盘
10:44:54	11.5	--	84	96600	买盘
10:44:24	11.5	--	3	3450	买盘
10:44:15	11.5	--	24	27600	买盘
10:44:06	11.5	--	22	25300	买盘
10:44:03	11.5	--	8	9200	买盘
10:43:51	11.5	--	9	10350	买盘
10:43:36	11.5	--	10	11500	买盘
10:43:24	11.5	0.01	11	12650	买盘
10:43:21	11.49	-0.01	77	88473	卖盘
10:43:03	11.5	0.01	1	1150	买盘
10:43:00	11.49	--	20	22980	卖盘
10:42:42	11.49	--	11	12639	卖盘
10:42:36	11.49	-0.01	70	80430	卖盘
10:42:33	11.5	0.01	10	11500	买盘
10:42:27	11.49	--	48	55152	卖盘
10:42:12	11.49	-0.01	10	11490	卖盘
10:41:33	11.5	--	12	13800	买盘
10:41:03	11.5	0.02	1	1150	买盘
10:40:51	11.48	-0.02	17	19516	卖盘
10:40:42	11.5	0.01	18	20700	买盘
10:40:39	11.49	-0.01	8	9192	卖盘
10:40:36	11.5	--	26	29900	买盘
10:40:27	11.5	0.01	11	12650	买盘
10:40:21	11.49	-0.01	1	1149	中性盘
10:40:06	11.5	--	4	4600	买盘
10:39:51	11.5	--	3	3450	买盘
10:39:48	11.5	--	23	26450	买盘
10:39:27	11.5	--	8	9200	买盘
10:39:15	11.5	--	25	28750	买盘
10:39:12	11.5	--	9	10350	买盘
10:39:09	11.5	0.01	24	27600	买盘
10:39:06	11.49	--	9	10341	卖盘
10:38:48	11.49	--	3	3447	买盘
10:38:33	11.49	--	4	4596	买盘
10:38:24	11.49	--	1	1149	买盘
10:38:21	11.49	-0.01	9	10341	卖盘
10:38:15	11.5	--	100	115000	买盘
10:38:03	11.5	--	1	1150	买盘
10:38:00	11.5	0.03	5	5750	买盘
10:37:27	11.47	--	6	6882	卖盘
10:37:03	11.47	--	20	22940	卖盘
10:36:39	11.47	--	3	3441	卖盘
10:36:27	11.47	0.01	4	4588	买盘
10:36:15	11.46	--	42	48132	卖盘
10:36:09	11.46	--	2	2865	卖盘
10:36:06	11.46	--	13	14898	卖盘
10:36:03	11.46	--	1	1146	卖盘
10:36:00	11.46	-0.01	22	25212	卖盘
10:35:57	11.47	0.01	22	25234	买盘
10:35:54	11.46	-0.01	4	4584	卖盘
10:35:48	11.47	--	10	11470	买盘
10:35:45	11.47	-0.01	169	193843	卖盘
10:35:42	11.48	--	5	5740	买盘
10:35:27	11.48	--	20	22960	买盘
10:35:15	11.48	-0.01	11	12628	卖盘
10:35:03	11.49	0.01	1	1149	买盘
10:35:00	11.48	-0.01	16	18368	卖盘
10:34:51	11.49	-0.01	2	2298	卖盘
10:34:48	11.5	0.01	10	11500	买盘
10:34:36	11.49	0.01	7	8043	中性盘
10:34:24	11.48	--	23	26404	卖盘
10:33:51	11.48	--	4	4592	卖盘
10:33:36	11.48	-0.01	50	57400	卖盘
10:33:09	11.49	-0.01	15	17235	卖盘
10:33:06	11.5	0.01	4	4600	买盘
10:33:03	11.49	-0.01	4	4596	卖盘
10:32:51	11.5	-0.01	32	36800	卖盘
10:32:42	11.51	-0.01	27	31077	卖盘
10:32:33	11.52	--	16	18432	卖盘
10:32:09	11.52	0.02	6	6912	买盘
10:31:51	11.5	--	5	5750	卖盘
10:31:24	11.5	-0.01	18	20700	卖盘
10:31:21	11.51	--	2	2302	卖盘
10:31:12	11.51	0.01	7	8057	买盘
10:31:03	11.5	-0.01	5	5750	卖盘
10:30:57	11.51	--	7	8057	买盘
10:30:45	11.51	--	5	5755	买盘
10:30:12	11.51	-0.01	18	20718	买盘
10:30:06	11.52	--	4	4608	买盘
10:30:03	11.52	--	1	1152	买盘
10:29:54	11.52	--	20	23040	卖盘
10:29:36	11.52	0.02	9	10368	中性盘
10:29:24	11.5	-0.02	14	16100	卖盘
10:29:15	11.52	0.02	20	23040	买盘
10:29:09	11.5	0.01	2	2300	买盘
10:29:06	11.49	-0.01	8	9192	卖盘
10:28:30	11.5	-0.01	1	1150	卖盘
10:28:12	11.51	--	9	10359	买盘
10:28:03	11.51	--	1	1151	买盘
10:27:33	11.51	0.02	8	9208	买盘
10:27:24	11.49	-0.02	2	2298	卖盘
10:27:12	11.51	0.02	9	10359	买盘
10:26:33	11.49	-0.02	13	14937	卖盘
10:26:12	11.51	--	9	10359	买盘
10:26:03	11.51	0.02	10	11510	买盘
10:26:00	11.49	-0.01	50	57450	卖盘
10:25:36	11.5	--	5	5750	卖盘
10:25:33	11.5	0.01	35	40250	买盘
10:25:21	11.49	-0.02	1	1149	卖盘
10:25:12	11.51	--	9	10359	买盘
10:25:03	11.51	-0.01	1	1151	中性盘
10:24:21	11.52	--	23	26496	买盘
10:24:12	11.52	0.04	9	10368	买盘
10:24:09	11.48	--	40	45920	卖盘
10:23:57	11.48	--	40	45920	卖盘
10:23:45	11.48	--	40	45920	卖盘
10:23:33	11.48	--	42	48216	卖盘
10:23:30	11.48	-0.02	46	52808	卖盘
10:23:27	11.5	-0.02	2	2300	卖盘
10:23:12	11.52	--	9	10368	买盘
10:23:00	11.52	--	234	269568	买盘
10:22:57	11.52	-0.02	23	26496	中性盘
10:22:36	11.54	--	1	1154	买盘
10:22:03	11.54	--	1	1154	买盘
10:21:51	11.54	0.06	29	33466	买盘
10:21:48	11.48	-0.01	52	59696	卖盘
10:21:45	11.49	--	8	9192	卖盘
10:21:42	11.49	-0.01	28	32172	卖盘
10:21:18	11.5	--	4	4600	买盘
10:20:57	11.5	--	3	3450	买盘
10:20:33	11.5	--	3	3450	买盘
10:20:21	11.5	--	1	1150	买盘
10:20:06	11.5	0.01	5	5750	买盘
10:20:03	11.49	--	13	14937	卖盘
10:20:00	11.49	--	40	45960	买盘
10:19:54	11.49	--	15	17235	买盘
10:19:48	11.49	--	5	5745	买盘
10:19:42	11.49	--	8	9192	买盘
10:19:03	11.49	--	14	16086	买盘
10:18:45	11.49	--	9	10341	买盘
10:18:39	11.49	--	24	27576	买盘
10:18:33	11.49	--	22	25278	卖盘
10:18:21	11.49	--	40	45960	卖盘
10:18:12	11.49	-0.05	23	26427	卖盘
10:18:03	11.54	0.05	1	1154	买盘
10:17:48	11.49	--	5	5745	卖盘
10:17:45	11.49	--	8	9192	买盘
10:17:42	11.49	--	14	16086	买盘
10:17:36	11.49	--	1	1149	买盘
10:17:30	11.49	--	50	57450	中性盘
10:17:03	11.49	--	5	5745	买盘
10:16:54	11.49	--	2	2298	买盘
10:16:48	11.49	-0.05	33	37917	卖盘
10:16:45	11.54	-0.01	9	10386	中性盘
10:16:15	11.55	--	72	83160	买盘
10:16:03	11.55	--	1	1155	买盘
10:15:45	11.55	0.06	9	10395	买盘
10:15:36	11.49	-0.07	3	3447	卖盘
10:15:21	11.56	0.08	8	9248	买盘
10:15:09	11.48	--	7	8036	买盘
10:14:54	11.48	-0.08	293	336364	卖盘
10:14:45	11.56	0.04	9	10404	买盘
10:14:36	11.52	-0.02	97	111744	卖盘
10:14:21	11.54	-0.02	11	12693	卖盘
10:14:09	11.56	-0.01	10	11560	卖盘
10:14:03	11.57	0.01	1	1157	买盘
10:13:36	11.56	0.01	6	6936	买盘
10:13:30	11.55	--	65	75075	卖盘
10:12:48	11.55	-0.02	5	5775	卖盘
10:12:45	11.57	--	13	15041	买盘
10:12:21	11.57	--	50	57850	买盘
10:12:12	11.57	--	5	5785	买盘
10:12:06	11.57	0.01	2	2314	买盘
10:12:03	11.56	--	6	6936	卖盘
10:11:54	11.56	--	8	9248	买盘
10:11:45	11.56	--	9	10404	买盘
10:11:39	11.56	--	26	30056	买盘
10:11:09	11.56	--	5	5780	买盘
10:11:03	11.56	-0.01	103	119068	卖盘
10:10:51	11.57	--	2	2314	买盘
10:10:48	11.57	--	1	1157	买盘
10:10:45	11.57	0.02	9	10413	买盘
10:10:39	11.55	-0.02	11	12705	卖盘
10:10:30	11.57	--	10	11570	买盘
10:10:03	11.57	0.02	1	1157	买盘
10:09:39	11.55	-0.01	30	34650	卖盘
10:09:33	11.56	0.01	27	31212	买盘
10:09:15	11.55	-0.01	9	10395	卖盘
10:09:12	11.56	0.01	8	9248	买盘
10:09:09	11.55	-0.01	2	2310	卖盘
10:09:03	11.56	0.01	5	5780	买盘
10:08:12	11.55	-0.01	1	1155	卖盘
10:08:03	11.56	0.01	10	11560	买盘
10:08:00	11.55	--	4	4620	卖盘
10:07:42	11.55	-0.01	1	1155	卖盘
10:07:39	11.56	0.01	1	1156	买盘
10:07:12	11.55	-0.01	16	18480	卖盘
10:07:03	11.56	0.01	9	10404	买盘
10:06:48	11.55	--	7	8085	卖盘
10:06:45	11.55	--	63	72765	卖盘
10:06:39	11.55	--	33	38115	卖盘
10:06:18	11.55	--	50	57750	卖盘
10:06:06	11.55	--	55	63525	买盘
10:06:03	11.55	--	10	11550	买盘
10:05:51	11.55	--	9	10395	买盘
10:05:18	11.55	--	10	11550	买盘
10:05:03	11.55	--	9	10395	买盘
10:04:57	11.55	--	12	13860	买盘
10:04:45	11.55	0.03	5	5775	中性盘
10:04:24	11.52	--	2	2304	买盘
10:04:21	11.52	--	30	34560	买盘
10:04:12	11.52	-0.03	48	55296	卖盘
10:03:57	11.55	--	20	23100	卖盘
10:03:54	11.55	--	30	34650	买盘
10:03:45	11.55	--	44	50820	买盘
10:03:42	11.55	--	21	24255	卖盘
10:03:36	11.55	--	80	92400	卖盘
10:03:33	11.55	--	6	6930	卖盘
10:03:27	11.55	--	3	3465	卖盘
10:03:21	11.55	--	22	25410	卖盘
10:03:09	11.55	-0.01	50	57750	卖盘
10:03:03	11.56	--	19	21964	买盘
10:03:00	11.56	--	4	4624	买盘
10:02:54	11.56	--	86	99416	买盘
10:02:42	11.56	0.01	6	6936	买盘
10:02:30	11.55	--	44	50820	买盘
10:02:27	11.55	--	9	10395	买盘
10:02:24	11.55	-0.01	7	8085	中性盘
10:02:18	11.56	0.01	10	11560	买盘
10:02:09	11.55	-0.01	5	5775	卖盘
10:02:03	11.56	--	1	1156	买盘
10:02:00	11.56	0.01	37	42772	买盘
10:01:57	11.55	0.01	12	13860	中性盘
10:01:36	11.54	-0.02	5	5770	卖盘
10:01:30	11.56	0.02	37	42772	买盘
10:01:27	11.54	--	4	4616	卖盘
10:01:21	11.54	-0.02	6	6923	卖盘
10:01:12	11.56	--	9	10404	买盘
10:01:00	11.56	0.04	37	42772	买盘
10:00:57	11.52	--	6	6912	卖盘
10:00:48	11.52	-0.03	2	2304	卖盘
10:00:36	11.55	--	12	13860	买盘
10:00:30	11.55	--	37	42735	中性盘
10:00:15	11.55	-0.01	7	8085	中性盘
10:00:03	11.56	0.04	10	11560	买盘
10:00:00	11.52	-0.04	85	97920	卖盘
09:59:57	11.56	--	1	1156	买盘
09:59:30	11.56	0.02	37	42772	买盘
09:59:27	11.54	-0.02	1	1154	中性盘
09:59:00	11.56	0.04	37	42772	买盘
09:58:45	11.52	--	5	5760	买盘
09:58:30	11.52	0.01	37	42624	买盘
09:58:21	11.51	0.01	6	6906	买盘
09:58:15	11.5	--	1	1150	卖盘
09:58:03	11.5	--	130	149948	买盘
09:58:00	11.5	--	37	42550	买盘
09:57:45	11.5	--	9	10350	买盘
09:57:30	11.5	--	10	11500	买盘
09:57:24	11.5	--	3	3450	买盘
09:57:09	11.5	0.01	1	1150	买盘
09:57:06	11.49	-0.01	5	5745	卖盘
09:57:03	11.5	--	5	5750	买盘
09:56:51	11.5	--	10	11500	买盘
09:56:48	11.5	--	11	12650	买盘
09:56:45	11.5	--	9	10350	买盘
09:56:24	11.5	--	3	3450	买盘
09:56:18	11.5	--	27	31050	卖盘
09:56:15	11.5	--	44	50600	买盘
09:56:09	11.5	--	5	5750	买盘
09:56:03	11.5	-0.01	1	1150	中性盘
09:55:54	11.51	0.02	34	39134	买盘
09:55:51	11.49	-0.01	10	11490	卖盘
09:55:45	11.5	--	5	5750	买盘
09:55:42	11.5	-0.02	1	1150	中性盘
09:55:24	11.52	0.02	14	16128	买盘
09:55:15	11.5	-0.02	35	40250	卖盘
09:55:12	11.52	--	15	17280	买盘
09:55:06	11.52	-0.01	23	26496	卖盘
09:55:03	11.53	--	1	1153	买盘
09:54:57	11.53	--	14	16142	买盘
09:54:51	11.53	--	2	2306	买盘
09:54:48	11.53	--	12	13836	买盘
09:54:45	11.53	0.01	9	10377	买盘
09:54:42	11.52	-0.01	33	38016	卖盘
09:54:27	11.53	0.01	14	16142	买盘
09:54:12	11.52	-0.01	33	38718	卖盘
09:54:06	11.53	--	15	17295	卖盘
09:54:00	11.53	-0.01	5	5765	卖盘
09:53:54	11.54	0.02	18	21222	买盘
09:53:51	11.52	-0.01	7	8064	卖盘
09:53:45	11.53	--	9	10377	买盘
09:53:42	11.53	--	21	24213	买盘
09:53:36	11.53	--	10	12233	卖盘
09:53:24	11.53	-0.04	29	33437	卖盘
09:53:12	11.57	--	10	11570	买盘
09:53:03	11.57	--	1	1157	买盘
09:52:54	11.57	--	14	16198	买盘
09:52:45	11.57	--	9	10413	买盘
09:52:33	11.57	--	20	23140	买盘
09:52:24	11.57	0.04	18	20826	买盘
09:52:03	11.53	-0.02	10	11530	卖盘
09:51:54	11.55	0.02	14	16170	买盘
09:51:51	11.53	-0.01	11	12683	卖盘
09:51:45	11.54	--	9	10386	买盘
09:51:30	11.54	-0.02	1	1154	卖盘
09:51:24	11.56	0.02	43	49708	买盘
09:51:12	11.54	--	11	12693	买盘
09:51:03	11.54	--	1	1154	买盘
09:50:48	11.54	-0.01	35	40390	卖盘
09:50:45	11.55	0.01	5	5775	买盘
09:50:36	11.54	--	9	10386	卖盘
09:50:33	11.54	-0.01	20	23080	卖盘
09:50:30	11.55	--	24	27720	买盘
09:50:18	11.55	--	41	47355	卖盘
09:50:12	11.55	-0.01	64	73920	卖盘
09:50:03	11.56	-0.01	1	1156	中性盘
09:49:45	11.57	0.01	9	10413	买盘
09:49:33	11.56	-0.01	85	98260	卖盘
09:49:21	11.57	-0.02	15	17355	卖盘
09:49:18	11.59	--	53	61427	买盘
09:49:09	11.59	0.02	86	99674	买盘
09:49:03	11.57	--	3	3471	买盘
09:48:57	11.57	0.01	34	39338	买盘
09:48:54	11.56	--	17	19652	卖盘
09:48:51	11.56	-0.01	16	18496	卖盘
09:48:42	11.57	0.01	72	83304	买盘
09:48:36	11.56	--	11	12716	卖盘
09:48:09	11.56	--	1	1156	卖盘
09:48:06	11.56	-0.01	1	1156	卖盘
09:48:03	11.57	0.01	1	1157	买盘
09:48:00	11.56	0.01	2	2312	买盘
09:47:45	11.55	-0.01	3	3465	卖盘
09:47:39	11.56	0.01	60	69360	买盘
09:47:21	11.55	-0.01	10	11550	卖盘
09:47:12	11.56	-0.01	3	3468	卖盘
09:47:09	11.57	0.01	19	21983	买盘
09:47:06	11.56	--	1	1156	卖盘
09:46:57	11.56	--	13	15028	卖盘
09:46:42	11.56	--	10	11560	卖盘
09:46:33	11.56	--	6	6936	卖盘
09:46:24	11.56	--	7	8092	卖盘
09:46:12	11.56	-0.01	20	23120	卖盘
09:46:09	11.57	--	11	12727	买盘
09:46:03	11.57	0.01	1	1157	买盘
09:46:00	11.56	-0.01	10	11560	卖盘
09:45:45	11.57	--	1	1157	买盘
09:45:42	11.57	-0.02	5	5785	买盘
09:45:33	11.59	0.01	156	180804	买盘
09:45:30	11.58	0.02	5	5790	买盘
09:45:21	11.56	-0.03	2	2312	卖盘
09:45:09	11.59	0.01	165	191235	买盘
09:45:06	11.58	-0.01	75	86850	卖盘
09:45:03	11.59	0.01	11	12749	买盘
09:45:00	11.58	--	31	35898	卖盘
09:44:57	11.58	--	50	57900	卖盘
09:44:51	11.58	--	53	61374	卖盘
09:44:48	11.58	--	59	68322	卖盘
09:44:30	11.58	-0.01	20	23160	卖盘
09:44:27	11.59	0.01	70	81130	买盘
09:44:24	11.58	-0.01	9	10422	卖盘
09:44:12	11.59	--	148	171532	卖盘
09:44:09	11.59	--	14	16226	卖盘
09:44:03	11.59	--	20	23180	卖盘
09:44:00	11.59	--	8	9272	卖盘
09:43:48	11.59	-0.01	30	34770	卖盘
09:43:45	11.6	0.01	28	32480	买盘
09:43:36	11.59	--	6	6954	卖盘
09:43:33	11.59	--	86	99674	买盘
09:43:30	11.59	--	10	11590	买盘
09:43:27	11.59	--	11	12749	买盘
09:43:21	11.59	-0.01	36	41724	卖盘
09:43:18	11.6	0.01	9	10440	买盘
09:43:15	11.59	--	48	55632	卖盘
09:43:09	11.59	-0.01	24	27816	卖盘
09:43:03	11.6	0.01	1	1160	买盘
09:42:57	11.59	--	94	108946	买盘
09:42:54	11.59	0.01	3	3477	买盘
09:42:48	11.58	0.03	30	34740	买盘
09:42:33	11.55	-0.05	22	25410	中性盘
09:42:24	11.6	0.07	36	41760	买盘
09:42:21	11.53	-0.06	11	12683	卖盘
09:42:18	11.59	0.03	408	472872	买盘
09:42:15	11.56	0.01	20	23120	买盘
09:42:12	11.55	-0.01	105	121275	卖盘
09:42:09	11.56	0.01	9	10404	买盘
09:42:06	11.55	--	10	11550	卖盘
09:41:57	11.55	--	10	11550	卖盘
09:41:54	11.55	0.02	237	274185	买盘
09:41:51	11.53	-0.01	1	1153	卖盘
09:41:48	11.54	--	10	11540	买盘
09:41:18	11.54	--	14	16155	买盘
09:41:09	11.54	0.01	9	10386	买盘
09:41:03	11.53	0.01	124	142972	卖盘
09:40:42	11.52	0.02	17	19584	中性盘
09:40:30	11.5	-0.02	20	23000	卖盘
09:40:09	11.52	--	5	5760	买盘
09:40:03	11.52	-0.02	1	1152	中性盘
09:39:33	11.54	--	12	13847	买盘
09:39:30	11.54	--	7	8077	卖盘
09:39:21	11.54	--	23	26541	买盘
09:39:18	11.54	--	7	8077	买盘
09:39:09	11.54	--	11	12693	买盘
09:39:00	11.54	--	30	34620	买盘
09:38:42	11.54	--	1	1154	买盘
09:38:36	11.54	0.04	108	124631	买盘
09:38:33	11.5	--	7	8050	卖盘
09:38:12	11.5	-0.03	1	1150	卖盘
09:38:06	11.53	0.03	108	124524	买盘
09:38:03	11.5	--	1	1150	买盘
09:37:57	11.5	-0.01	6	6900	中性盘
09:37:30	11.51	0.01	44	50644	买盘
09:37:03	11.5	0.02	1	1150	中性盘
09:37:00	11.48	0.02	20	22960	中性盘
09:36:36	11.46	--	3	3438	买盘
09:36:21	11.46	-0.05	15	17190	卖盘
09:36:18	11.51	0.03	395	454645	买盘
09:36:06	11.48	--	17	19516	买盘
09:36:03	11.48	--	1	1148	买盘
09:35:42	11.48	-0.01	8	9184	卖盘
09:35:39	11.49	0.01	2	2298	买盘
09:35:36	11.48	-0.01	2	2296	卖盘
09:35:24	11.49	--	0	700	卖盘
09:35:15	11.49	-0.01	20	22980	卖盘
09:35:12	11.5	--	16	18400	买盘
09:35:03	11.5	--	20	23000	买盘
09:34:27	11.5	--	6	6900	买盘
09:34:03	11.5	0.01	1	1150	买盘
09:33:57	11.49	-0.01	79	90771	卖盘
09:33:51	11.5	--	10	11500	买盘
09:33:48	11.5	0.01	3	3450	买盘
09:33:39	11.49	--	6	7342	买盘
09:33:21	11.49	--	27	31023	买盘
09:33:18	11.49	--	218	250482	买盘
09:33:03	11.49	0.03	1	1149	买盘
09:32:42	11.46	-0.03	4	4584	中性盘
09:31:57	11.49	--	50	57450	买盘
09:31:54	11.49	0.04	120	137880	中性盘
09:31:48	11.45	-0.05	1	1145	卖盘
09:31:42	11.5	0.06	60	69000	中性盘
09:31:12	11.44	-0.07	8	9152	卖盘
09:31:06	11.51	0.06	23	26473	买盘
09:31:03	11.45	--	1	1145	买盘
09:31:00	11.45	--	2	2290	买盘
09:30:54	11.45	--	1	1145	卖盘
09:30:36	11.45	-0.1	10	11450	卖盘
09:30:06	11.55	--	7	8085	买盘
09:30:03	11.55	0.12	17	19635	中性盘
09:30:00	11.43	--	0	0	卖盘
09:25:03	11.43	11.43	44	50292	买盘
