成交时间	成交价	价格变动	成交量(手)	成交额(元)	性质
15:00:03	14.12	0.01	989	1396468	买盘
14:57:00	14.11	--	0	0	卖盘
14:56:57	14.11	-0.01	2	2822	卖盘
14:56:54	14.12	0.01	15	21180	买盘
14:56:48	14.11	-0.01	5	7055	卖盘
14:56:45	14.12	0.01	15	21180	买盘
14:56:42	14.11	--	644	908684	卖盘
14:56:39	14.11	-0.01	110	155210	卖盘
14:56:36	14.12	0.01	4	5648	买盘
14:56:33	14.11	--	6	8466	卖盘
14:56:30	14.11	-0.01	100	141100	卖盘
14:56:27	14.12	0.01	4	5648	买盘
14:56:18	14.11	--	40	56440	卖盘
14:56:15	14.11	--	10	14110	卖盘
14:56:09	14.11	--	64	90882	买盘
14:56:06	14.11	--	103	145333	买盘
14:56:03	14.11	--	2	2822	买盘
14:56:00	14.11	--	28	39508	买盘
14:55:57	14.11	--	6	8748	卖盘
14:55:54	14.11	--	3	5361	买盘
14:55:51	14.11	--	6	8748	卖盘
14:55:48	14.11	--	7	9877	卖盘
14:55:42	14.11	--	59	83249	卖盘
14:55:39	14.11	--	5	7055	卖盘
14:55:36	14.11	0.01	25	36403	买盘
14:55:30	14.1	-0.01	6	8460	卖盘
14:55:27	14.11	--	20	28220	买盘
14:55:24	14.11	--	118	166498	买盘
14:55:21	14.11	--	9	12699	买盘
14:55:18	14.11	--	25	35275	买盘
14:55:15	14.11	--	2	2822	买盘
14:55:12	14.11	0.01	20	28220	买盘
14:55:09	14.1	-0.01	207	291870	卖盘
14:55:00	14.11	--	20	28220	买盘
14:54:57	14.11	--	10	14110	买盘
14:54:51	14.11	0.01	5	7055	买盘
14:54:45	14.1	--	13	18894	卖盘
14:54:42	14.1	--	13	18330	卖盘
14:54:39	14.1	-0.01	8	11280	卖盘
14:54:36	14.11	0.01	13	18343	买盘
14:54:33	14.1	--	5	7050	卖盘
14:54:30	14.1	--	1	2256	卖盘
14:54:27	14.1	-0.01	30	42300	卖盘
14:54:24	14.11	--	36	51078	买盘
14:54:21	14.11	0.01	31	43741	买盘
14:54:18	14.1	-0.01	2	2820	卖盘
14:54:12	14.11	0.01	57	80427	买盘
14:53:57	14.1	--	104	146640	卖盘
14:53:51	14.1	-0.01	11	15510	卖盘
14:53:48	14.11	--	5	7055	买盘
14:53:45	14.11	-0.01	6	8466	卖盘
14:53:42	14.12	--	2	2824	买盘
14:53:27	14.12	0.01	107	151084	买盘
14:53:24	14.11	0.01	31	43741	买盘
14:53:12	14.1	--	4	6711	买盘
14:53:06	14.1	--	1	1410	买盘
14:53:03	14.1	-0.02	64	90578	卖盘
14:53:00	14.12	0.01	171	241452	买盘
14:52:48	14.11	0.01	110	155210	买盘
14:52:45	14.1	--	10	14100	卖盘
14:52:39	14.1	-0.01	12	16920	卖盘
14:52:33	14.11	--	9	12699	买盘
14:52:30	14.11	--	9	12699	买盘
14:52:27	14.11	--	30	42330	买盘
14:52:18	14.11	-0.01	15	21165	卖盘
14:52:15	14.12	--	30	42360	买盘
14:52:12	14.12	0.01	5	7060	买盘
14:52:03	14.11	--	13	18343	卖盘
14:52:00	14.11	--	9	12699	卖盘
14:51:57	14.11	--	53	74783	卖盘
14:51:45	14.11	--	23	32453	卖盘
14:51:30	14.11	--	13	18343	卖盘
14:51:27	14.11	--	22	31042	卖盘
14:51:24	14.11	0.01	63	88893	买盘
14:51:15	14.1	--	10	14100	卖盘
14:51:12	14.1	--	44	62040	卖盘
14:51:03	14.1	-0.01	15	21150	卖盘
14:50:57	14.11	0.01	15	21165	买盘
14:50:54	14.1	--	104	146640	卖盘
14:50:51	14.1	-0.01	225	317250	卖盘
14:50:45	14.11	-0.01	80	112880	卖盘
14:50:39	14.12	--	10	14120	买盘
14:50:36	14.12	--	1	1412	卖盘
14:50:33	14.12	--	44	62128	卖盘
14:50:24	14.12	--	9	12708	卖盘
14:50:12	14.12	0.01	104	147638	买盘
14:50:06	14.11	-0.01	66	93126	卖盘
14:50:03	14.12	--	1	1412	买盘
14:50:00	14.12	-0.01	5	7060	中性盘
14:49:51	14.13	0.01	116	163908	买盘
14:49:48	14.12	--	3	4236	买盘
14:49:39	14.12	0.01	25	35300	买盘
14:49:33	14.11	--	34	47974	卖盘
14:49:27	14.11	--	10	14110	卖盘
14:49:24	14.11	-0.01	30	42330	卖盘
14:49:18	14.12	--	20	28240	买盘
14:49:15	14.12	--	24	33888	买盘
14:48:57	14.12	--	15	22309	卖盘
14:48:45	14.12	--	14	19768	卖盘
14:48:39	14.12	--	3	4236	卖盘
14:48:33	14.12	--	10	14120	卖盘
14:48:24	14.12	--	10	14120	卖盘
14:48:21	14.12	--	92	130186	买盘
14:48:18	14.12	--	64	90368	买盘
14:48:09	14.12	--	53	74836	买盘
14:48:00	14.12	--	2	2824	买盘
14:47:57	14.12	--	18	25416	买盘
14:47:51	14.12	--	3	4236	买盘
14:47:36	14.12	0.01	2	2824	中性盘
14:47:33	14.11	-0.01	10	14110	卖盘
14:47:27	14.12	--	1	1412	卖盘
14:47:24	14.12	0.01	5	7060	卖盘
14:47:18	14.11	--	24	33864	卖盘
14:47:15	14.11	-0.01	51	72243	卖盘
14:47:12	14.12	0.01	91	128492	买盘
14:47:00	14.11	--	15	21165	卖盘
14:46:57	14.11	-0.01	81	114291	卖盘
14:46:54	14.12	0.01	197	278164	买盘
14:46:48	14.11	-0.01	3	4233	卖盘
14:46:45	14.12	--	10	14120	买盘
14:46:42	14.12	--	20	28240	买盘
14:46:33	14.12	--	24	33888	买盘
14:46:30	14.12	--	145	204740	卖盘
14:46:24	14.12	--	33	46596	卖盘
14:46:21	14.12	-0.01	50	70600	卖盘
14:46:18	14.13	0.01	116	163908	买盘
14:46:12	14.12	--	19	26828	卖盘
14:46:06	14.12	--	20	28240	卖盘
14:46:00	14.12	-0.01	8	11296	卖盘
14:45:51	14.13	0.01	16	22608	买盘
14:45:48	14.12	--	6	8472	卖盘
14:45:45	14.12	0.01	11	15532	买盘
14:45:39	14.11	-0.01	18	25398	卖盘
14:45:33	14.12	0.01	11	15532	买盘
14:45:27	14.11	-0.01	13	18343	卖盘
14:45:21	14.12	--	3	4236	买盘
14:45:18	14.12	--	1	1412	买盘
14:45:15	14.12	-0.01	23	32476	中性盘
14:45:00	14.13	0.01	11	15543	买盘
14:44:57	14.12	--	1	1412	买盘
14:44:51	14.12	0.01	1	1412	买盘
14:44:48	14.11	-0.01	14	20036	卖盘
14:44:42	14.12	0.01	86	121432	买盘
14:44:39	14.11	--	12	16932	卖盘
14:44:33	14.11	0.01	26	37617	买盘
14:44:27	14.1	-0.01	11	15510	卖盘
14:44:24	14.11	--	6	8466	买盘
14:44:06	14.11	--	2	2822	买盘
14:44:03	14.11	-0.01	25	36319	卖盘
14:43:54	14.12	--	58	81896	卖盘
14:43:48	14.12	--	5	7060	卖盘
14:43:42	14.12	--	14	19768	卖盘
14:43:33	14.12	0.01	64	90368	买盘
14:43:27	14.11	--	35	49385	卖盘
14:43:18	14.11	--	5	7055	卖盘
14:43:09	14.11	0.01	15	21531	买盘
14:43:06	14.1	--	10	14100	买盘
14:43:03	14.1	--	2	3863	卖盘
14:42:57	14.1	--	7	9870	卖盘
14:42:54	14.1	--	4	5640	卖盘
14:42:51	14.1	--	17	24336	买盘
14:42:42	14.1	0.01	14	19740	买盘
14:42:39	14.09	--	30	42270	卖盘
14:42:36	14.09	-0.01	7	9863	卖盘
14:42:33	14.1	0.01	38	53580	买盘
14:42:27	14.09	-0.01	9	12681	中性盘
14:42:18	14.1	--	410	578100	买盘
14:42:15	14.1	--	5	7050	买盘
14:42:06	14.1	0.02	200	282000	买盘
14:42:03	14.08	-0.02	833	1172864	卖盘
14:41:48	14.1	-0.01	255	359832	卖盘
14:41:45	14.11	--	39	55029	卖盘
14:41:39	14.11	--	6	8466	买盘
14:41:36	14.11	--	27	38097	买盘
14:41:33	14.11	0.01	100	141100	买盘
14:41:24	14.1	--	135	190350	买盘
14:41:21	14.1	-0.01	10	14100	买盘
14:41:06	14.11	--	257	362627	买盘
14:40:54	14.11	--	3	4233	买盘
14:40:51	14.11	--	234	331302	卖盘
14:40:48	14.11	-0.01	43	60673	卖盘
14:40:42	14.12	--	5	7060	买盘
14:40:36	14.12	0.01	11	15532	中性盘
14:40:15	14.11	-0.01	42	59262	卖盘
14:40:12	14.12	0.01	163	230156	买盘
14:40:09	14.11	-0.01	500	705500	卖盘
14:40:03	14.12	-0.01	537	758244	卖盘
14:39:54	14.13	--	10	14130	买盘
14:39:48	14.13	-0.01	23	32499	卖盘
14:39:45	14.14	--	30	42420	买盘
14:39:42	14.14	--	25	35350	买盘
14:39:30	14.14	-0.01	179	253106	卖盘
14:39:24	14.15	-0.01	222	314413	卖盘
14:39:21	14.16	0.01	9	12744	买盘
14:39:18	14.15	--	21	29715	卖盘
14:39:03	14.15	-0.01	55	77825	卖盘
14:38:33	14.16	--	30	42480	买盘
14:38:30	14.16	--	21	29736	买盘
14:38:12	14.16	--	8	11328	卖盘
14:38:06	14.16	--	3	4248	卖盘
14:38:03	14.16	--	20	28320	卖盘
14:38:00	14.16	--	8	11328	卖盘
14:37:57	14.16	--	18	25488	卖盘
14:37:45	14.16	--	3	4248	卖盘
14:37:39	14.16	--	19	26904	卖盘
14:37:36	14.16	--	5	7080	卖盘
14:37:33	14.16	0.01	1	1416	买盘
14:37:15	14.15	-0.01	3	4245	卖盘
14:37:12	14.16	--	10	14160	买盘
14:37:09	14.16	--	146	206736	买盘
14:37:00	14.16	0.01	14	19824	买盘
14:36:57	14.15	--	3	4245	卖盘
14:36:45	14.15	--	5	7075	卖盘
14:36:36	14.15	--	10	14150	卖盘
14:36:30	14.15	--	2	2830	卖盘
14:36:18	14.15	--	1	1415	卖盘
14:36:15	14.15	-0.01	20	28300	卖盘
14:36:09	14.16	0.01	5	7080	买盘
14:36:03	14.15	--	10	14150	卖盘
14:35:57	14.15	--	22	32262	买盘
14:35:51	14.15	0.01	1	1415	买盘
14:35:48	14.14	--	3	4242	卖盘
14:35:39	14.14	-0.01	5	7070	卖盘
14:35:24	14.15	--	14	19810	中性盘
14:35:15	14.15	--	3	4245	买盘
14:35:09	14.15	--	168	237720	卖盘
14:35:03	14.15	0.01	35	49525	买盘
14:34:54	14.14	-0.01	40	56560	卖盘
14:34:39	14.15	--	1	1415	买盘
14:34:36	14.15	--	18	25470	卖盘
14:34:30	14.15	--	73	103295	卖盘
14:34:18	14.15	--	10	14150	卖盘
14:34:09	14.15	-0.01	2	2830	卖盘
14:33:57	14.16	--	10	14160	买盘
14:33:54	14.16	--	20	28320	买盘
14:33:45	14.16	--	25	35400	卖盘
14:33:36	14.16	-0.01	5	7080	卖盘
14:33:15	14.17	--	59	83603	买盘
14:32:57	14.17	0.01	250	354250	买盘
14:32:48	14.16	-0.01	28	39648	卖盘
14:32:27	14.17	--	30	42510	买盘
14:32:24	14.17	--	100	141700	买盘
14:32:12	14.17	--	38	54469	卖盘
14:32:09	14.17	--	1	1417	卖盘
14:32:03	14.17	0.01	102	145327	买盘
14:32:00	14.16	-0.01	162	230015	卖盘
14:31:57	14.17	0.01	200	283400	买盘
14:31:51	14.16	-0.01	5	7080	卖盘
14:31:39	14.17	0.01	5	7085	买盘
14:31:36	14.16	--	52	73632	卖盘
14:31:33	14.16	--	1	1416	卖盘
14:31:30	14.16	0.01	55	78672	买盘
14:31:18	14.15	-0.01	7	9905	卖盘
14:31:15	14.16	--	9	12744	买盘
14:31:12	14.16	--	13	18408	买盘
14:31:00	14.16	--	174	246384	买盘
14:30:30	14.16	--	20	28320	买盘
14:30:24	14.16	--	20	28320	买盘
14:30:15	14.16	--	100	141600	买盘
14:30:06	14.16	--	10	14160	买盘
14:30:00	14.16	--	10	14160	买盘
14:29:57	14.16	--	5	7080	买盘
14:29:54	14.16	0.01	10	14160	买盘
14:29:51	14.15	-0.01	10	14150	卖盘
14:29:45	14.16	0.01	4	5664	买盘
14:29:39	14.15	-0.01	30	42450	卖盘
14:29:36	14.16	--	7	9912	买盘
14:29:27	14.16	--	10	14160	买盘
14:29:24	14.16	--	16	22656	买盘
14:29:09	14.16	0.01	200	283200	买盘
14:29:06	14.15	--	22	31130	卖盘
14:29:03	14.15	--	10	14150	卖盘
14:28:57	14.15	--	10	14150	卖盘
14:28:54	14.15	--	65	91975	卖盘
14:28:48	14.15	--	7	10188	卖盘
14:28:36	14.15	--	1	1415	卖盘
14:28:33	14.15	--	8	11320	卖盘
14:28:30	14.15	0.01	146	207722	买盘
14:28:27	14.14	--	5	7070	卖盘
14:28:21	14.14	--	21	29694	卖盘
14:28:15	14.14	-0.01	5	7070	卖盘
14:28:03	14.15	--	31	43865	买盘
14:27:54	14.15	--	5	7075	买盘
14:27:51	14.15	--	3	4245	买盘
14:27:48	14.15	0.01	20	28300	买盘
14:27:45	14.14	-0.01	10	14140	卖盘
14:27:36	14.15	--	28	39903	卖盘
14:27:33	14.15	--	150	212250	卖盘
14:27:30	14.15	--	47	66505	卖盘
14:27:21	14.15	--	3	4245	卖盘
14:27:18	14.15	--	50	70750	卖盘
14:27:00	14.15	--	6	8490	卖盘
14:26:57	14.15	-0.01	1	1415	卖盘
14:26:51	14.16	0.01	2	2832	买盘
14:26:42	14.15	--	10	14150	卖盘
14:26:33	14.15	-0.01	11	15565	卖盘
14:26:30	14.16	--	26	36816	买盘
14:26:24	14.16	0.01	5	7080	买盘
14:26:15	14.15	--	30	42450	卖盘
14:26:03	14.15	--	20	28300	卖盘
14:25:54	14.15	-0.01	10	14150	卖盘
14:25:51	14.16	--	3	4248	买盘
14:25:42	14.16	0.01	6	8496	买盘
14:25:33	14.15	--	10	14150	卖盘
14:25:30	14.15	--	36	50940	卖盘
14:25:15	14.15	--	10	14150	卖盘
14:25:09	14.15	-0.01	10	14150	卖盘
14:24:57	14.16	--	32	45312	买盘
14:24:54	14.16	0.01	1	1416	买盘
14:24:48	14.15	--	1	1415	卖盘
14:24:45	14.15	-0.02	179	253285	卖盘
14:24:36	14.17	0.01	10	14170	买盘
14:24:30	14.16	--	20	28320	卖盘
14:24:27	14.16	--	1	1416	卖盘
14:24:21	14.16	--	20	28320	卖盘
14:24:18	14.16	--	10	14160	卖盘
14:24:03	14.16	--	2	2832	卖盘
14:24:00	14.16	--	36	50976	买盘
14:23:54	14.16	--	31	43896	买盘
14:23:48	14.16	-0.01	33	46728	卖盘
14:23:42	14.17	0.01	5	7085	买盘
14:23:39	14.16	--	30	42480	买盘
14:23:36	14.16	--	1	1416	买盘
14:23:33	14.16	-0.01	97	137352	卖盘
14:23:27	14.17	--	9	12753	买盘
14:23:24	14.17	--	5	7085	买盘
14:23:15	14.17	--	15	21255	买盘
14:23:00	14.17	0.01	120	170040	买盘
14:22:57	14.16	-0.01	86	122625	卖盘
14:22:54	14.17	0.01	50	70850	买盘
14:22:39	14.16	-0.01	84	118944	卖盘
14:22:18	14.17	--	5	7085	买盘
14:22:15	14.17	0.01	30	43076	买盘
14:22:09	14.16	-0.01	11	16425	卖盘
14:22:06	14.17	--	4	6234	买盘
14:22:00	14.17	--	100	141700	买盘
14:21:39	14.17	--	30	42510	买盘
14:21:33	14.17	0.01	12	17004	买盘
14:21:24	14.16	0.01	16	22656	中性盘
14:21:12	14.15	--	0	566	卖盘
14:21:09	14.15	--	2	2830	卖盘
14:21:03	14.15	--	231	326865	卖盘
14:20:57	14.15	-0.01	20	28300	卖盘
14:20:54	14.16	0.01	47	67118	买盘
14:20:51	14.15	--	40	56600	买盘
14:20:48	14.15	--	79	111785	买盘
14:20:42	14.15	--	15	21225	买盘
14:20:24	14.15	--	10	14150	买盘
14:20:21	14.15	0.01	3	4245	买盘
14:20:18	14.14	-0.01	13	18382	卖盘
14:20:15	14.15	--	10	14150	买盘
14:20:09	14.15	0.01	5	7075	买盘
14:20:03	14.14	-0.01	3	4242	卖盘
14:19:57	14.15	--	50	70750	买盘
14:19:54	14.15	--	37	52355	买盘
14:19:42	14.15	0.01	5	7075	买盘
14:19:36	14.14	--	31	43834	卖盘
14:19:27	14.14	--	20	28280	卖盘
14:19:21	14.14	--	25	35350	买盘
14:19:15	14.14	0.01	11	15554	中性盘
14:19:06	14.13	--	29	40977	卖盘
14:18:57	14.13	-0.02	33	46629	卖盘
14:18:51	14.15	0.01	19	26885	买盘
14:18:48	14.14	--	10	14140	买盘
14:18:45	14.14	-0.01	10	14140	卖盘
14:18:42	14.15	--	5	7075	买盘
14:18:39	14.15	0.01	9	12735	买盘
14:18:36	14.14	-0.01	24	33936	卖盘
14:18:24	14.15	--	2	2830	卖盘
14:18:15	14.15	-0.02	33	46695	卖盘
14:18:12	14.17	0.01	10	14170	买盘
14:18:09	14.16	--	5	7080	买盘
14:18:06	14.16	-0.01	20	28320	卖盘
14:18:03	14.17	--	4	5668	买盘
14:17:57	14.17	--	0	850	卖盘
14:17:54	14.17	0.01	105	149351	买盘
14:17:51	14.16	-0.01	89	126024	卖盘
14:17:48	14.17	0.01	31	43927	买盘
14:17:45	14.16	-0.01	33	46728	卖盘
14:17:39	14.17	--	16	22672	买盘
14:17:36	14.17	0.01	207	293319	买盘
14:17:33	14.16	-0.01	30	42480	卖盘
14:17:30	14.17	0.01	13	18421	买盘
14:17:24	14.16	-0.01	32	45312	卖盘
14:17:21	14.17	--	10	14170	买盘
14:17:18	14.17	0.01	58	82186	买盘
14:17:15	14.16	--	27	38232	卖盘
14:17:06	14.16	0.01	348	492768	买盘
14:17:03	14.15	--	16	22640	买盘
14:16:57	14.15	0.01	3	4245	买盘
14:16:54	14.14	-0.02	33	46662	卖盘
14:16:51	14.16	0.01	26	36816	买盘
14:16:48	14.15	--	2	2830	买盘
14:16:45	14.15	-0.01	31	43865	卖盘
14:16:42	14.16	0.01	55	77880	买盘
14:16:36	14.15	-0.01	33	46695	卖盘
14:16:33	14.16	--	6	8496	买盘
14:16:30	14.16	--	36	50976	买盘
14:16:27	14.16	0.01	40	56640	买盘
14:16:24	14.15	--	28	39620	卖盘
14:16:15	14.15	0.02	342	483930	买盘
14:16:06	14.13	-0.01	62	87606	卖盘
14:15:57	14.14	0.01	40	56560	买盘
14:15:54	14.13	--	31	43803	卖盘
14:15:48	14.13	--	23	33629	买盘
14:15:45	14.13	--	88	124344	买盘
14:15:39	14.13	--	8	11304	买盘
14:15:36	14.13	--	43	60759	买盘
14:15:30	14.13	0.01	15	21195	买盘
14:15:24	14.12	-0.01	22	31064	卖盘
14:15:21	14.13	--	10	14130	买盘
14:15:18	14.13	0.01	34	48042	买盘
14:15:15	14.12	0.01	37	52244	中性盘
14:15:06	14.11	-0.02	31	43741	卖盘
14:15:00	14.13	--	40	56520	买盘
14:14:54	14.13	0.02	63	89019	买盘
14:14:45	14.11	-0.01	7	10441	卖盘
14:14:42	14.12	--	100	141200	卖盘
14:14:39	14.12	0.01	81	115501	买盘
14:14:36	14.11	-0.01	34	47974	卖盘
14:14:30	14.12	--	5	7060	买盘
14:14:27	14.12	0.01	75	105900	买盘
14:14:24	14.11	--	29	40919	卖盘
14:14:18	14.11	-0.01	14	20036	卖盘
14:14:15	14.12	0.01	123	173676	买盘
14:14:12	14.11	0.01	13	18343	买盘
14:14:09	14.1	-0.01	10	14100	卖盘
14:14:06	14.11	0.01	127	179197	买盘
14:14:03	14.1	--	11	15510	卖盘
14:14:00	14.1	--	24	34968	买盘
14:13:57	14.1	--	85	119850	买盘
14:13:48	14.1	--	2	2820	买盘
14:13:45	14.1	0.01	10	14100	买盘
14:13:39	14.09	--	41	58332	买盘
14:13:27	14.09	--	30	42270	买盘
14:13:24	14.09	--	15	21135	买盘
14:13:15	14.09	0.01	20	28180	买盘
14:13:03	14.08	-0.01	10	14080	卖盘
14:12:57	14.09	--	1	1409	买盘
14:12:48	14.09	--	17	23953	买盘
14:12:36	14.09	0.01	10	14090	买盘
14:12:30	14.08	-0.01	100	140800	卖盘
14:12:24	14.09	--	5	7045	买盘
14:12:18	14.09	-0.01	10	14935	卖盘
14:12:15	14.1	--	3	4230	买盘
14:12:12	14.1	--	13	18330	买盘
14:12:09	14.1	--	2	2820	买盘
14:12:06	14.1	0.01	20	28200	买盘
14:11:54	14.09	--	13	18880	买盘
14:11:48	14.09	--	2	2818	买盘
14:11:36	14.09	0.01	20	28180	买盘
14:11:33	14.08	--	21	29568	买盘
14:11:30	14.08	--	11	15488	买盘
14:11:27	14.08	--	13	18304	买盘
14:11:24	14.08	--	17	23936	买盘
14:11:21	14.08	--	5	7040	买盘
14:11:18	14.08	--	5	7040	买盘
14:11:09	14.08	0.01	15	21120	买盘
14:11:06	14.07	-0.01	14	19698	卖盘
14:11:03	14.08	--	2	2816	买盘
14:10:57	14.08	0.01	59	83072	买盘
14:10:51	14.07	-0.01	60	84420	卖盘
14:10:45	14.08	--	12	16896	买盘
14:10:39	14.08	--	5	7040	买盘
14:10:36	14.08	--	31	43648	买盘
14:10:33	14.08	--	40	56320	卖盘
14:10:27	14.08	--	151	212608	卖盘
14:10:24	14.08	--	22	30976	卖盘
14:10:18	14.08	--	35	49280	卖盘
14:10:06	14.08	--	5	7040	卖盘
14:10:03	14.08	--	33	46464	卖盘
14:10:00	14.08	--	20	28160	卖盘
14:09:57	14.08	-0.01	4	5632	卖盘
14:09:48	14.09	--	7	9863	买盘
14:09:39	14.09	--	14	19726	卖盘
14:09:30	14.09	--	50	70450	卖盘
14:09:27	14.09	--	61	85949	卖盘
14:09:09	14.09	--	1	1409	卖盘
14:09:06	14.09	-0.01	1	1409	卖盘
14:09:00	14.1	--	10	14100	买盘
14:08:57	14.1	--	213	300612	卖盘
14:08:54	14.1	--	89	126618	卖盘
14:08:45	14.1	--	22	31020	卖盘
14:08:33	14.1	-0.01	37	52170	卖盘
14:08:27	14.11	0.01	43	60673	买盘
14:08:24	14.1	--	38	53580	卖盘
14:08:15	14.1	--	34	47940	卖盘
14:08:12	14.1	-0.01	4	5640	卖盘
14:08:06	14.11	0.01	20	28220	买盘
14:08:03	14.1	-0.01	27	38070	卖盘
14:07:54	14.11	--	91	128401	买盘
14:07:51	14.11	--	30	42330	买盘
14:07:45	14.11	--	38	53618	卖盘
14:07:39	14.11	--	139	196129	卖盘
14:07:33	14.11	--	31	43741	卖盘
14:07:27	14.11	--	27	38097	买盘
14:07:24	14.11	--	7	9877	卖盘
14:07:21	14.11	--	19	26809	卖盘
14:07:18	14.11	0.01	39	55029	买盘
14:07:15	14.1	--	10	14100	卖盘
14:07:12	14.1	--	28	39480	卖盘
14:07:03	14.1	-0.01	28	39480	卖盘
14:07:00	14.11	0.01	2	2822	买盘
14:06:54	14.1	-0.01	37	52170	卖盘
14:06:45	14.11	--	13	18343	卖盘
14:06:36	14.11	-0.01	300	423300	卖盘
14:06:33	14.12	--	7	9884	买盘
14:06:30	14.12	--	5	7060	买盘
14:06:18	14.12	--	2	2824	买盘
14:06:15	14.12	--	9	12708	买盘
14:06:03	14.12	--	32	45184	买盘
14:05:54	14.12	--	40	56480	买盘
14:05:51	14.12	0.01	6	8472	买盘
14:05:48	14.11	-0.01	1	1411	卖盘
14:05:42	14.12	--	5	7060	买盘
14:05:39	14.12	0.01	20	28240	买盘
14:05:36	14.11	--	105	148155	卖盘
14:05:33	14.11	-0.01	18	25398	卖盘
14:05:27	14.12	--	4	5648	买盘
14:05:24	14.12	--	31	43772	买盘
14:05:12	14.12	0.01	25	35300	买盘
14:05:06	14.11	--	20	28220	卖盘
14:05:00	14.11	-0.01	5	7055	卖盘
14:04:57	14.12	0.01	10	14120	买盘
14:04:54	14.11	--	7	9877	卖盘
14:04:51	14.11	--	41	57851	卖盘
14:04:33	14.11	--	70	98770	卖盘
14:04:30	14.11	--	71	100181	卖盘
14:04:15	14.11	--	1	1411	买盘
14:04:12	14.11	--	59	83249	买盘
14:04:09	14.11	--	8	11288	买盘
14:04:03	14.11	--	40	56440	买盘
14:04:00	14.11	--	22	31042	买盘
14:03:57	14.11	--	25	35275	买盘
14:03:54	14.11	--	33	46563	买盘
14:03:51	14.11	--	100	141100	买盘
14:03:42	14.11	--	20	28220	买盘
14:03:39	14.11	--	3	4233	买盘
14:03:33	14.11	--	39	55029	卖盘
14:03:27	14.11	-0.01	21	29631	卖盘
14:03:24	14.12	0.01	100	141200	买盘
14:03:21	14.11	--	94	133480	卖盘
14:03:09	14.11	-0.01	1	1693	卖盘
14:03:03	14.12	--	25	35300	买盘
14:03:00	14.12	--	1	1412	买盘
14:02:57	14.12	--	4	5648	买盘
14:02:54	14.12	--	58	82178	卖盘
14:02:51	14.12	-0.01	50	70600	卖盘
14:02:48	14.13	--	9	12717	买盘
14:02:42	14.13	--	5	7065	买盘
14:02:36	14.13	--	13	18369	买盘
14:02:33	14.13	-0.01	6	8478	卖盘
14:02:30	14.14	0.01	12	16968	买盘
14:02:24	14.13	-0.01	127	179451	卖盘
14:02:21	14.14	--	36	50904	买盘
14:02:18	14.14	0.01	6	8484	买盘
14:02:15	14.13	-0.01	2	2826	卖盘
14:02:06	14.14	--	2	2828	买盘
14:02:00	14.14	-0.02	70	99262	卖盘
14:01:51	14.16	0.02	220	311520	买盘
14:01:42	14.14	--	31	43834	卖盘
14:01:27	14.14	-0.01	1	1414	卖盘
14:01:18	14.15	-0.01	2	2830	卖盘
14:01:15	14.16	--	7	9912	买盘
14:00:33	14.16	--	17	24072	买盘
14:00:24	14.16	0.01	30	42480	买盘
14:00:18	14.15	-0.01	3	4245	中性盘
14:00:15	14.16	--	19	26904	买盘
14:00:12	14.16	0.01	173	245251	买盘
14:00:03	14.15	--	2	3396	卖盘
13:59:57	14.15	--	21	29715	卖盘
13:59:36	14.15	--	21	29715	卖盘
13:59:33	14.15	0.01	52	73863	买盘
13:59:24	14.14	-0.01	5	7070	卖盘
13:59:18	14.15	--	10	14150	买盘
13:59:15	14.15	--	17	24055	买盘
13:59:09	14.15	-0.01	26	37922	卖盘
13:59:06	14.16	--	8	11328	买盘
13:58:57	14.16	0.01	1	1416	买盘
13:58:18	14.15	-0.01	2	2830	卖盘
13:58:06	14.16	0.01	5	7080	买盘
13:58:03	14.15	--	5	7924	卖盘
13:57:42	14.15	-0.01	87	123105	卖盘
13:57:39	14.16	--	33	46728	买盘
13:57:30	14.16	0.01	50	70800	买盘
13:57:24	14.15	-0.01	50	70750	卖盘
13:57:15	14.16	0.01	15	21240	买盘
13:56:51	14.15	0.01	57	81504	买盘
13:56:21	14.14	-0.01	9	12726	卖盘
13:56:18	14.15	--	11	15565	买盘
13:56:03	14.15	0.01	6	8490	买盘
13:55:48	14.14	-0.01	4	5656	卖盘
13:55:45	14.15	--	3	4245	买盘
13:55:39	14.15	0.01	15	21225	买盘
13:55:36	14.14	-0.01	25	35350	卖盘
13:55:30	14.15	--	10	14150	买盘
13:55:24	14.15	--	2	2830	买盘
13:55:12	14.15	--	4	5660	买盘
13:55:03	14.15	--	17	24055	买盘
13:54:48	14.15	0.02	8	11320	买盘
13:54:03	14.13	--	10	14130	卖盘
13:53:39	14.13	-0.01	1	1413	买盘
13:53:36	14.14	--	2	2828	卖盘
13:53:33	14.14	0.01	20	28280	卖盘
13:53:15	14.13	--	18	25434	买盘
13:53:12	14.13	-0.02	37	52281	卖盘
13:53:06	14.15	--	20	28300	买盘
13:52:57	14.15	0.02	20	28300	买盘
13:52:51	14.13	--	20	28260	买盘
13:52:48	14.13	0.01	11	15543	中性盘
13:52:15	14.12	--	2	2824	卖盘
13:51:51	14.12	--	100	142329	买盘
13:51:45	14.12	--	52	73424	买盘
13:51:39	14.12	--	32	45184	买盘
13:51:30	14.12	--	35	49420	买盘
13:51:24	14.12	--	16	22592	买盘
13:51:09	14.12	--	2	2824	买盘
13:51:03	14.12	--	20	28240	买盘
13:50:57	14.12	0.01	41	57892	买盘
13:50:54	14.11	--	8	11288	卖盘
13:50:51	14.11	--	14	19754	卖盘
13:50:48	14.11	-0.01	94	132634	卖盘
13:50:45	14.12	0.01	26	36712	买盘
13:50:27	14.11	-0.01	7	10159	卖盘
13:50:18	14.12	--	191	270821	卖盘
13:50:12	14.12	--	201	283812	卖盘
13:50:09	14.12	-0.01	10	14120	卖盘
13:50:00	14.13	-0.01	194	274489	卖盘
13:49:51	14.14	--	32	45248	卖盘
13:49:42	14.14	-0.01	87	123018	卖盘
13:49:33	14.15	0.01	20	28300	买盘
13:49:30	14.14	--	70	98980	卖盘
13:49:27	14.14	-0.01	10	14140	卖盘
13:49:18	14.15	--	5	7075	买盘
13:48:45	14.15	--	7	9905	买盘
13:47:24	14.15	-0.02	11	15565	卖盘
13:47:21	14.17	0.01	270	382590	买盘
13:46:39	14.16	0.01	5	7080	买盘
13:46:33	14.15	-0.01	20	28300	卖盘
13:46:00	14.16	0.01	1	1416	买盘
13:45:33	14.15	--	69	98767	买盘
13:45:27	14.15	--	5	7075	买盘
13:45:21	14.15	0.01	36	50940	买盘
13:45:15	14.14	--	65	91910	卖盘
13:45:06	14.14	--	18	25452	卖盘
13:45:00	14.14	--	3	4242	卖盘
13:44:57	14.14	--	4	5656	卖盘
13:44:54	14.14	--	10	14140	卖盘
13:44:48	14.14	--	35	49490	卖盘
13:44:45	14.14	--	50	70700	卖盘
13:44:42	14.14	--	10	14140	卖盘
13:44:18	14.14	-0.01	9	12726	卖盘
13:44:12	14.15	0.01	20	28300	买盘
13:44:06	14.14	-0.01	11	15554	卖盘
13:44:03	14.15	--	36	50940	买盘
13:43:48	14.15	-0.01	28	39903	卖盘
13:43:45	14.16	0.01	5	7080	买盘
13:43:39	14.15	--	92	130180	卖盘
13:43:36	14.15	--	22	31130	卖盘
13:43:30	14.15	--	52	74712	卖盘
13:43:09	14.15	--	30	42450	卖盘
13:43:06	14.15	--	57	80655	卖盘
13:43:03	14.15	--	50	70750	卖盘
13:43:00	14.15	-0.01	15	21225	卖盘
13:42:42	14.16	--	17	24355	卖盘
13:42:39	14.16	--	10	14160	卖盘
13:42:33	14.16	--	0	566	卖盘
13:42:27	14.16	--	14	19824	卖盘
13:42:21	14.16	-0.01	15	21240	卖盘
13:42:15	14.17	0.01	1	1417	买盘
13:42:06	14.16	-0.01	30	43046	卖盘
13:41:51	14.17	-0.01	184	260728	卖盘
13:41:45	14.18	0.01	1	1418	买盘
13:41:39	14.17	--	1	1417	卖盘
13:41:36	14.17	--	12	17004	卖盘
13:41:33	14.17	-0.01	41	58097	卖盘
13:41:30	14.18	0.01	1	1418	买盘
13:41:12	14.17	--	2	2834	卖盘
13:41:09	14.17	--	20	28340	卖盘
13:41:06	14.17	--	5	7085	卖盘
13:41:03	14.17	-0.01	4	5668	卖盘
13:41:00	14.18	0.01	10	14180	买盘
13:40:45	14.17	--	36	51012	卖盘
13:40:39	14.17	-0.01	54	76518	卖盘
13:40:33	14.18	--	9	12762	买盘
13:40:30	14.18	--	8	11344	买盘
13:40:06	14.18	--	10	14180	买盘
13:40:03	14.18	--	7	9926	卖盘
13:39:57	14.18	--	5	7090	买盘
13:39:54	14.18	-0.01	5	7090	中性盘
13:39:15	14.19	0.01	124	175956	买盘
13:39:12	14.18	0.01	4	5672	买盘
13:39:09	14.17	-0.01	22	31174	卖盘
13:39:03	14.18	--	3	4254	买盘
13:38:48	14.18	--	48	68064	买盘
13:38:45	14.18	--	5	7090	买盘
13:38:39	14.18	--	10	14180	买盘
13:38:33	14.18	--	21	29778	买盘
13:38:27	14.18	0.01	4	5672	买盘
13:38:18	14.17	-0.01	12	17004	卖盘
13:38:15	14.18	-0.01	3	4254	卖盘
13:38:12	14.19	--	123	174537	买盘
13:38:09	14.19	0.01	7	9933	买盘
13:38:06	14.18	--	6	8508	中性盘
13:37:57	14.18	--	4	5672	卖盘
13:37:54	14.18	--	6	8508	买盘
13:37:48	14.18	--	6	8508	买盘
13:37:45	14.18	--	10	14180	买盘
13:37:33	14.18	-0.01	6	8508	中性盘
13:37:30	14.19	0.02	38	53922	买盘
13:37:27	14.17	-0.01	74	104858	卖盘
13:37:21	14.18	--	1	1418	卖盘
13:37:18	14.18	-0.01	1	1418	卖盘
13:37:12	14.19	0.01	10	14190	买盘
13:37:00	14.18	--	5	7090	卖盘
13:36:57	14.18	0.01	9	13045	买盘
13:36:54	14.17	-0.01	1	1417	卖盘
13:36:45	14.18	0.01	190	269420	买盘
13:36:42	14.17	--	10	14170	卖盘
13:36:27	14.17	-0.01	51	72267	卖盘
13:36:15	14.18	0.01	1	1418	中性盘
13:35:36	14.17	-0.01	3	4251	卖盘
13:35:12	14.18	--	3	4254	买盘
13:35:03	14.18	--	100	141800	买盘
13:34:48	14.18	--	10	14180	买盘
13:34:45	14.18	--	2	2836	买盘
13:34:42	14.18	--	13	18434	买盘
13:34:33	14.18	--	2	2836	买盘
13:34:15	14.18	--	4	5672	买盘
13:34:12	14.18	--	13	18434	买盘
13:34:09	14.18	--	66	93588	买盘
13:33:33	14.18	0.01	3	4254	买盘
13:33:30	14.17	-0.01	2	2834	卖盘
13:33:03	14.18	0.01	13	18434	买盘
13:32:51	14.17	-0.01	20	28340	卖盘
13:32:45	14.18	--	10	14180	买盘
13:32:42	14.18	--	35	49630	买盘
13:32:15	14.18	--	10	14180	买盘
13:31:48	14.18	--	30	42540	买盘
13:31:42	14.18	--	32	45659	卖盘
13:31:39	14.18	--	12	17016	卖盘
13:31:33	14.18	--	10	14180	卖盘
13:31:30	14.18	--	6	8508	卖盘
13:31:27	14.18	--	107	152860	买盘
13:31:21	14.18	--	70	99260	买盘
13:31:09	14.18	--	10	14180	买盘
13:31:06	14.18	--	21	29778	买盘
13:31:03	14.18	--	8	11344	买盘
13:30:51	14.18	--	35	50480	卖盘
13:30:48	14.18	--	2	2836	卖盘
13:30:45	14.18	--	9	12762	卖盘
13:30:39	14.18	--	5	7090	卖盘
13:30:27	14.18	0.01	69	98409	买盘
13:30:15	14.17	-0.01	20	28340	卖盘
13:30:09	14.18	--	1	1418	买盘
13:30:03	14.18	--	0	850	卖盘
13:30:00	14.18	-0.01	3	4254	卖盘
13:29:54	14.19	0.01	16	22704	买盘
13:29:51	14.18	--	3	4254	卖盘
13:29:45	14.18	--	0	567	买盘
13:29:33	14.18	--	2	3686	卖盘
13:29:30	14.18	--	10	14180	卖盘
13:29:24	14.18	--	2	3403	买盘
13:29:18	14.18	--	47	67496	卖盘
13:29:12	14.18	--	19	26942	卖盘
13:29:09	14.18	--	13	19568	卖盘
13:29:06	14.18	--	50	70900	卖盘
13:28:57	14.18	--	4	5672	卖盘
13:28:51	14.18	--	37	52749	卖盘
13:28:36	14.18	--	7	10493	卖盘
13:28:33	14.18	--	4	5672	卖盘
13:28:24	14.18	--	13	18434	卖盘
13:28:18	14.18	--	16	22688	卖盘
13:28:09	14.18	--	44	62392	卖盘
13:28:03	14.18	-0.01	1	1418	卖盘
13:28:00	14.19	0.01	16	22704	买盘
13:27:57	14.18	-0.01	3	4254	卖盘
13:27:51	14.19	0.01	90	127710	买盘
13:27:48	14.18	--	9	12762	卖盘
13:27:45	14.18	--	20	28360	卖盘
13:27:30	14.18	--	6	8508	卖盘
13:27:12	14.18	--	188	266584	买盘
13:26:42	14.18	0.01	3	4254	买盘
13:26:36	14.17	-0.01	7	9919	卖盘
13:26:30	14.18	--	6	8508	买盘
13:26:24	14.18	0.01	1	1418	买盘
13:26:18	14.17	--	1	1417	卖盘
13:26:09	14.17	--	8	11336	卖盘
13:26:03	14.17	--	3	4251	卖盘
13:25:57	14.17	--	10	14170	卖盘
13:25:45	14.17	-0.01	23	32591	卖盘
13:25:24	14.18	--	6	8508	买盘
13:25:03	14.18	--	5	7090	中性盘
13:25:00	14.18	--	5	7090	卖盘
13:24:51	14.18	--	10	14180	卖盘
13:24:48	14.18	--	5	7090	卖盘
13:24:45	14.18	--	109	154562	卖盘
13:24:30	14.18	-0.01	24	34032	卖盘
13:24:27	14.19	0.01	10	14190	买盘
13:24:24	14.18	--	8	11344	卖盘
13:24:12	14.18	-0.01	1	1418	卖盘
13:23:48	14.19	--	69	98194	卖盘
13:23:45	14.19	--	30	43705	买盘
13:23:39	14.19	-0.01	158	224769	卖盘
13:23:33	14.2	0.01	20	28400	买盘
13:23:30	14.19	--	10	14190	卖盘
13:23:27	14.19	-0.01	10	14190	卖盘
13:23:18	14.2	0.01	23	33512	买盘
13:23:06	14.19	--	100	141900	卖盘
13:23:00	14.19	-0.01	10	14190	卖盘
13:22:39	14.2	--	100	142000	买盘
13:22:36	14.2	0.01	3	4260	买盘
13:22:27	14.19	-0.01	1	1419	卖盘
13:22:24	14.2	--	18	26696	卖盘
13:22:21	14.2	--	8	11360	卖盘
13:22:18	14.2	--	15	21300	卖盘
13:22:06	14.2	--	68	96844	买盘
13:22:03	14.2	--	32	45440	买盘
13:21:57	14.2	--	10	14200	买盘
13:21:42	14.2	--	2	3976	卖盘
13:21:39	14.2	--	22	31240	卖盘
13:21:36	14.2	--	5	7100	卖盘
13:21:33	14.2	--	80	113884	买盘
13:21:24	14.2	--	70	99400	买盘
13:21:15	14.2	--	10	14200	买盘
13:21:09	14.2	--	24	34080	卖盘
13:21:03	14.2	--	46	65320	买盘
13:21:00	14.2	--	4	5680	买盘
13:20:57	14.2	--	1	1420	买盘
13:20:54	14.2	--	1	1420	买盘
13:20:48	14.2	-0.01	34	48280	中性盘
13:20:36	14.21	--	21	29841	买盘
13:20:27	14.21	0.01	8	11368	买盘
13:20:24	14.2	--	4	5680	卖盘
13:20:18	14.2	--	20	28400	卖盘
13:20:12	14.2	-0.01	10	14200	卖盘
13:20:06	14.21	--	1	1421	买盘
13:20:03	14.21	--	15	21315	买盘
13:19:54	14.21	--	1	1421	买盘
13:19:48	14.21	--	20	28420	卖盘
13:19:42	14.21	--	1	1421	卖盘
13:19:33	14.21	0.01	26	36946	买盘
13:19:21	14.2	0.01	24	34080	买盘
13:19:18	14.19	--	114	161766	卖盘
13:19:15	14.19	-0.01	2	2838	卖盘
13:19:12	14.2	--	46	65320	买盘
13:19:09	14.2	--	10	14200	买盘
13:19:06	14.2	--	4	5680	买盘
13:19:03	14.2	0.01	200	284000	买盘
13:19:00	14.19	--	1	1419	卖盘
13:18:42	14.19	-0.01	9	12771	卖盘
13:18:36	14.2	0.01	11	15620	买盘
13:18:27	14.19	-0.01	17	24123	卖盘
13:18:18	14.2	0.01	50	71000	买盘
13:18:00	14.19	--	66	93654	买盘
13:17:57	14.19	--	10	14190	买盘
13:17:51	14.19	-0.01	25	35475	卖盘
13:17:42	14.2	0.01	37	52540	买盘
13:17:36	14.19	--	7	9933	买盘
13:17:33	14.19	--	120	170280	买盘
13:17:30	14.19	--	20	28380	买盘
13:17:24	14.19	--	26	36894	买盘
13:17:21	14.19	--	80	113520	买盘
13:17:09	14.19	0.01	26	36894	买盘
13:17:00	14.18	-0.01	5	7090	卖盘
13:16:51	14.19	0.01	46	65274	买盘
13:16:45	14.18	--	1	1418	卖盘
13:16:42	14.18	--	2	2836	卖盘
13:16:39	14.18	--	10	14180	卖盘
13:16:33	14.18	--	10	14180	卖盘
13:16:24	14.18	--	30	42540	买盘
13:16:18	14.18	--	10	14180	买盘
13:16:12	14.18	0.01	2	2836	买盘
13:16:09	14.17	-0.01	5	7085	卖盘
13:16:06	14.18	0.01	75	106350	买盘
13:15:42	14.17	--	2	2834	卖盘
13:15:06	14.17	-0.01	12	17004	卖盘
13:15:03	14.18	--	13	19568	买盘
13:15:00	14.18	--	14	20135	卖盘
13:14:57	14.18	--	8	11344	卖盘
13:14:48	14.18	--	1	2552	买盘
13:14:45	14.18	--	30	42540	买盘
13:14:39	14.18	--	2	2836	买盘
13:14:27	14.18	--	100	141800	买盘
13:14:18	14.18	--	5	7090	买盘
13:14:12	14.18	--	1	1418	买盘
13:14:06	14.18	0.01	15	21270	买盘
13:13:45	14.17	--	1	1417	卖盘
13:13:36	14.17	--	3	4251	卖盘
13:13:24	14.17	--	27	38259	卖盘
13:13:12	14.17	-0.01	20	28340	卖盘
13:13:09	14.18	0.01	1	1418	买盘
13:13:00	14.17	--	6	8502	卖盘
13:12:54	14.17	--	4	5668	卖盘
13:12:42	14.17	--	72	102024	卖盘
13:12:21	14.17	--	4	5668	卖盘
13:12:03	14.17	--	3	4251	卖盘
13:11:57	14.17	-0.01	6	8785	卖盘
13:11:45	14.18	--	66	94722	买盘
13:11:36	14.18	0.01	15	21270	买盘
13:11:24	14.17	-0.01	1	1417	卖盘
13:11:21	14.18	0.01	1	1418	买盘
13:11:15	14.17	-0.01	5	7085	卖盘
13:11:06	14.18	--	10	14180	买盘
13:11:03	14.18	--	8	11344	买盘
13:11:00	14.18	--	14	19852	买盘
13:10:51	14.18	0.01	18	25524	买盘
13:10:45	14.17	--	1	1417	卖盘
13:10:36	14.17	-0.01	20	28340	卖盘
13:10:30	14.18	0.01	1	1418	买盘
13:10:24	14.17	--	8	11336	卖盘
13:10:12	14.17	--	10	14170	卖盘
13:10:09	14.17	--	10	14170	卖盘
13:09:51	14.17	--	5	7085	卖盘
13:09:03	14.17	-0.01	18	25506	卖盘
13:08:36	14.18	--	1	1418	买盘
13:08:27	14.18	--	1	1701	卖盘
13:08:24	14.18	--	3	5388	买盘
13:08:21	14.18	--	19	26942	买盘
13:08:15	14.18	--	17	24106	买盘
13:08:09	14.18	0.01	20	28360	买盘
13:08:03	14.17	-0.01	12	17004	卖盘
13:08:00	14.18	0.01	17	24106	买盘
13:07:57	14.17	-0.01	2	2834	卖盘
13:07:48	14.18	--	20	28360	买盘
13:07:45	14.18	--	7	9926	买盘
13:07:42	14.18	--	0	1134	卖盘
13:07:39	14.18	--	149	211565	买盘
13:07:33	14.18	--	9	12762	买盘
13:07:27	14.18	--	4	5672	买盘
13:07:24	14.18	--	15	21270	买盘
13:07:18	14.18	--	3	4254	买盘
13:07:12	14.18	0.01	2	2836	买盘
13:07:09	14.17	--	19	26923	卖盘
13:07:06	14.17	-0.01	10	14170	卖盘
13:06:45	14.18	--	9	12762	买盘
13:06:30	14.18	0.01	10	14180	买盘
13:06:27	14.17	--	6	8502	卖盘
13:06:24	14.17	--	1	1417	卖盘
13:06:18	14.17	--	12	18137	买盘
13:06:06	14.17	0.01	2	2834	买盘
13:06:03	14.16	-0.01	8	11328	卖盘
13:05:45	14.17	0.01	25	35425	买盘
13:05:42	14.16	-0.01	3	4248	卖盘
13:05:39	14.17	--	5	7085	买盘
13:05:36	14.17	--	20	28340	买盘
13:05:33	14.17	--	8	11336	买盘
13:05:15	14.17	--	10	14170	买盘
13:05:12	14.17	0.01	2	2834	买盘
13:05:03	14.16	-0.01	10	14160	卖盘
13:05:00	14.17	--	3	4251	卖盘
13:04:45	14.17	--	20	28340	卖盘
13:04:30	14.17	0.02	2	2834	买盘
13:04:27	14.15	--	5	7075	卖盘
13:04:21	14.15	-0.02	50	70750	卖盘
13:03:24	14.17	-0.01	4	5668	卖盘
13:03:18	14.18	-0.02	10	14180	中性盘
13:03:09	14.2	0.02	248	352444	买盘
13:03:03	14.18	--	71	100678	买盘
13:02:42	14.18	--	120	170160	买盘
13:02:33	14.18	--	198	280764	买盘
13:02:12	14.18	0.01	120	170160	买盘
13:02:03	14.17	--	120	170040	买盘
13:02:00	14.17	-0.01	12	17004	卖盘
13:01:54	14.18	0.01	10	14180	买盘
13:01:51	14.17	--	11	15587	卖盘
13:01:45	14.17	--	8	11336	买盘
13:01:39	14.17	0.02	92	130364	买盘
13:01:36	14.15	-0.02	39	55185	卖盘
13:01:30	14.17	--	120	170040	买盘
13:01:09	14.17	0.02	192	272064	买盘
13:01:00	14.15	--	7	9905	买盘
13:00:45	14.15	--	2	2830	买盘
13:00:39	14.15	-0.02	11	15565	卖盘
13:00:33	14.17	0.02	192	272064	买盘
13:00:24	14.15	--	7	9905	买盘
13:00:21	14.15	0.01	5	7075	买盘
13:00:12	14.14	--	20	28280	卖盘
13:00:06	14.14	0.01	1	1414	卖盘
13:00:03	14.13	--	318	449334	卖盘
13:00:00	14.13	--	0	0	卖盘
11:30:00	14.13	--	0	0	卖盘
11:29:57	14.13	-0.01	1	1413	卖盘
11:29:48	14.14	--	60	84840	买盘
11:29:36	14.14	--	52	73528	卖盘
11:29:27	14.14	-0.01	1	1696	卖盘
11:29:09	14.15	--	30	42450	买盘
11:29:00	14.15	--	2	2830	买盘
11:28:54	14.15	--	10	14150	买盘
11:28:48	14.15	0.02	2	2830	买盘
11:28:45	14.13	--	5	7065	卖盘
11:28:39	14.13	--	48	67824	卖盘
11:28:18	14.13	-0.02	20	28260	卖盘
11:28:15	14.15	0.01	12	16980	买盘
11:27:42	14.14	-0.01	5	7070	卖盘
11:27:24	14.15	--	4	5660	买盘
11:27:21	14.15	-0.01	60	84900	卖盘
11:27:12	14.16	0.01	3	4248	买盘
11:27:00	14.15	-0.01	3	4245	卖盘
11:26:57	14.16	0.01	7	9912	买盘
11:26:48	14.15	-0.01	1	1415	卖盘
11:26:45	14.16	0.01	10	14160	买盘
11:26:39	14.15	--	2	2830	卖盘
11:26:36	14.15	0.01	74	104710	买盘
11:26:12	14.14	--	7	9898	买盘
11:26:09	14.14	--	15	21210	买盘
11:26:03	14.14	--	40	56560	买盘
11:25:57	14.14	0.01	20	28280	买盘
11:25:45	14.13	--	9	13762	买盘
11:25:42	14.13	--	3	4239	买盘
11:25:36	14.13	--	3	4239	买盘
11:25:33	14.13	--	9	12717	买盘
11:25:30	14.13	-0.01	32	45583	卖盘
11:25:24	14.14	0.01	2	2828	买盘
11:25:18	14.13	0.01	41	58978	买盘
11:25:15	14.12	-0.01	4	5930	卖盘
11:25:12	14.13	--	25	35325	买盘
11:24:57	14.13	--	9	12717	买盘
11:24:54	14.13	0.01	7	9891	买盘
11:24:51	14.12	--	6	8472	卖盘
11:24:45	14.12	--	14	19768	卖盘
11:24:33	14.12	--	6	8472	卖盘
11:24:30	14.12	--	11	15532	买盘
11:24:27	14.12	0.01	55	77660	买盘
11:24:21	14.11	-0.01	5	7055	卖盘
11:24:18	14.12	--	10	14120	买盘
11:24:15	14.12	--	4	5648	买盘
11:24:09	14.12	--	29	40948	买盘
11:24:06	14.12	0.01	1	1412	买盘
11:24:03	14.11	-0.01	20	28220	卖盘
11:24:00	14.12	--	8	11296	买盘
11:23:57	14.12	-0.01	9	12708	买盘
11:23:54	14.13	0.01	30	42390	买盘
11:23:51	14.12	--	24	33888	买盘
11:23:48	14.12	--	20	28240	买盘
11:23:42	14.12	--	44	62128	买盘
11:23:39	14.12	--	15	21180	买盘
11:23:33	14.12	--	25	35300	买盘
11:23:30	14.12	--	16	22592	买盘
11:23:27	14.12	--	6	8472	买盘
11:23:24	14.12	--	141	199092	卖盘
11:23:21	14.12	-0.01	2	2824	卖盘
11:23:18	14.13	0.01	174	245862	买盘
11:23:03	14.12	--	93	131316	买盘
11:23:00	14.12	-0.01	7	9884	卖盘
11:22:54	14.13	0.01	19	26847	买盘
11:22:45	14.12	--	12	16944	卖盘
11:22:42	14.12	-0.01	10	14120	卖盘
11:22:36	14.13	0.01	20	28260	买盘
11:22:33	14.12	--	7	9884	卖盘
11:22:30	14.12	--	5	7060	卖盘
11:22:27	14.12	0.01	9	12708	买盘
11:22:24	14.11	-0.01	7	9877	卖盘
11:22:21	14.12	0.01	6	8472	买盘
11:22:18	14.11	--	78	110058	卖盘
11:22:12	14.11	-0.01	20	28220	卖盘
11:22:09	14.12	0.01	5	7060	买盘
11:22:06	14.11	-0.01	40	56440	卖盘
11:22:00	14.12	0.01	2	2824	中性盘
11:21:57	14.11	--	4	5644	卖盘
11:21:54	14.11	--	10	14110	卖盘
11:21:51	14.11	-0.02	2	2822	卖盘
11:21:48	14.13	0.02	4	5652	买盘
11:21:39	14.11	-0.01	400	564400	卖盘
11:21:33	14.12	-0.01	33	46596	卖盘
11:21:27	14.13	--	21	29673	买盘
11:21:24	14.13	--	11	15910	卖盘
11:21:18	14.13	--	76	107388	卖盘
11:21:15	14.13	--	72	101736	卖盘
11:21:12	14.13	-0.01	0	1045	卖盘
11:21:00	14.14	0.01	5	7070	买盘
11:20:57	14.13	--	32	45216	卖盘
11:20:45	14.13	-0.01	11	15543	卖盘
11:20:42	14.14	--	7	9898	买盘
11:20:33	14.14	0.01	5	7070	买盘
11:20:24	14.13	--	8	11304	卖盘
11:20:18	14.13	--	100	141300	卖盘
11:20:15	14.13	--	20	28260	卖盘
11:20:03	14.13	-0.02	60	84780	卖盘
11:20:00	14.15	--	9	12735	买盘
11:19:57	14.15	--	7	9905	买盘
11:19:51	14.15	0.01	50	70750	买盘
11:19:48	14.14	-0.01	65	93041	卖盘
11:19:42	14.15	0.01	50	70750	买盘
11:19:33	14.14	-0.01	11	15554	卖盘
11:19:30	14.15	0.01	1	1415	买盘
11:19:24	14.14	--	4	5656	卖盘
11:19:21	14.14	-0.01	10	14140	卖盘
11:19:18	14.15	--	3	4245	买盘
11:19:15	14.15	--	46	65090	买盘
11:19:09	14.15	--	12	16980	买盘
11:19:06	14.15	0.01	15	21225	买盘
11:19:03	14.14	-0.01	11	15554	卖盘
11:18:54	14.15	--	12	16980	买盘
11:18:45	14.15	--	3	4245	买盘
11:18:42	14.15	0.01	9	12735	买盘
11:18:39	14.14	--	4	5656	卖盘
11:18:36	14.14	-0.01	8	11312	卖盘
11:18:33	14.15	0.01	1	1415	买盘
11:18:30	14.14	-0.01	4	5656	卖盘
11:18:24	14.15	--	30	42450	卖盘
11:18:18	14.15	--	1	1415	卖盘
11:18:00	14.15	--	15	21225	卖盘
11:17:57	14.15	--	1	1415	卖盘
11:17:51	14.15	--	10	14150	卖盘
11:17:45	14.15	-0.01	20	28300	卖盘
11:17:42	14.16	0.01	9	12744	买盘
11:17:24	14.15	-0.01	11	15565	卖盘
11:17:21	14.16	0.01	14	19824	买盘
11:17:09	14.15	--	20	28300	卖盘
11:17:03	14.15	-0.01	13	18395	卖盘
11:16:57	14.16	0.01	2	2832	买盘
11:16:54	14.15	--	25	35375	卖盘
11:16:51	14.15	-0.01	80	113200	卖盘
11:16:45	14.16	--	1	1416	买盘
11:16:42	14.16	--	17	24072	买盘
11:16:39	14.16	--	120	169920	卖盘
11:16:24	14.16	-0.02	5	7080	卖盘
11:16:09	14.18	--	50	70900	买盘
11:16:03	14.18	--	12	17016	买盘
11:15:51	14.18	-0.01	28	39704	卖盘
11:15:36	14.19	--	26	36894	卖盘
11:15:30	14.19	-0.01	20	28380	卖盘
11:15:27	14.2	--	11	15620	买盘
11:15:24	14.2	0.01	2	2840	买盘
11:15:21	14.19	--	3	4257	卖盘
11:15:18	14.19	--	5	7095	卖盘
11:15:15	14.19	0.01	143	202917	买盘
11:15:12	14.18	0.01	8	11344	买盘
11:15:03	14.17	-0.01	5	7085	中性盘
11:15:00	14.18	--	9	12762	买盘
11:14:54	14.18	--	10	14180	买盘
11:14:45	14.18	0.02	27	38286	买盘
11:14:33	14.16	--	10	14160	卖盘
11:14:30	14.16	--	110	155760	买盘
11:14:27	14.16	--	9	12744	买盘
11:14:24	14.16	--	27	38232	买盘
11:14:21	14.16	--	4	5664	买盘
11:14:18	14.16	--	1	1416	买盘
11:14:15	14.16	--	10	14160	买盘
11:14:09	14.16	--	23	32568	卖盘
11:14:06	14.16	--	5	7080	卖盘
11:14:03	14.16	-0.01	20	28320	卖盘
11:13:57	14.17	--	33	46761	买盘
11:13:48	14.17	--	4	5668	买盘
11:13:45	14.17	--	1	1417	买盘
11:13:39	14.17	0.02	4	5668	买盘
11:13:36	14.15	--	66	93390	卖盘
11:13:33	14.15	--	2	2830	卖盘
11:13:27	14.15	--	7	9905	卖盘
11:13:24	14.15	0.01	106	149990	买盘
11:13:21	14.14	-0.01	39	55146	卖盘
11:13:18	14.15	--	178	251870	买盘
11:13:09	14.15	--	13	18395	买盘
11:13:03	14.15	-0.02	24	33960	卖盘
11:13:00	14.17	--	3	4251	买盘
11:12:48	14.17	0.01	9	12753	买盘
11:12:30	14.16	--	11	15576	卖盘
11:12:27	14.16	--	1	1416	卖盘
11:12:24	14.16	0.03	23	32568	买盘
11:12:18	14.13	--	4	5934	买盘
11:12:12	14.13	-0.02	295	417965	卖盘
11:12:06	14.15	0.02	447	632505	买盘
11:12:03	14.13	--	20	28260	卖盘
11:12:00	14.13	-0.01	100	141300	卖盘
11:11:51	14.14	--	20	28280	卖盘
11:11:48	14.14	--	89	125846	买盘
11:11:42	14.14	0.01	1	1414	买盘
11:11:39	14.13	-0.01	36	50868	卖盘
11:11:36	14.14	--	15	21210	买盘
11:11:33	14.14	--	19	26866	卖盘
11:11:21	14.14	-0.01	5	7070	中性盘
11:11:15	14.15	0.02	11	15848	买盘
11:11:03	14.13	-0.01	10	14130	卖盘
11:10:54	14.14	-0.01	20	28280	卖盘
11:10:51	14.15	-0.01	59	83485	卖盘
11:10:48	14.16	0.01	22	31152	买盘
11:10:45	14.15	--	100	141500	卖盘
11:10:42	14.15	--	6	8490	卖盘
11:10:39	14.15	--	1	1415	卖盘
11:10:36	14.15	--	13	18395	卖盘
11:10:33	14.15	--	43	61835	卖盘
11:10:30	14.15	--	10	14150	卖盘
11:10:24	14.15	-0.01	10	14150	卖盘
11:10:15	14.16	--	210	297360	卖盘
11:10:12	14.16	-0.01	36	50976	卖盘
11:10:06	14.17	--	37	52429	卖盘
11:10:03	14.17	--	57	80769	卖盘
11:10:00	14.17	-0.01	25	35425	卖盘
11:09:57	14.18	0.01	54	76572	买盘
11:09:51	14.17	-0.01	6	8502	卖盘
11:09:48	14.18	--	19	26942	买盘
11:09:45	14.18	--	15	21270	卖盘
11:09:36	14.18	--	20	28360	卖盘
11:09:27	14.18	-0.01	10	14180	卖盘
11:09:24	14.19	--	12	17028	买盘
11:09:21	14.19	0.01	19	26961	买盘
11:09:18	14.18	-0.01	10	14180	卖盘
11:09:12	14.19	0.01	5	7620	买盘
11:09:09	14.18	-0.01	56	79450	卖盘
11:09:00	14.19	--	47	66693	买盘
11:08:57	14.19	--	19	26961	买盘
11:08:51	14.19	--	7	9933	买盘
11:08:48	14.19	--	10	14190	买盘
11:08:45	14.19	--	20	28380	买盘
11:08:36	14.19	0.01	10	14190	买盘
11:08:33	14.18	-0.01	20	28360	卖盘
11:08:30	14.19	0.01	15	21285	买盘
11:08:27	14.18	-0.01	36	51048	卖盘
11:08:24	14.19	--	12	17028	买盘
11:08:21	14.19	0.01	1	1419	买盘
11:08:15	14.18	--	1	1418	卖盘
11:08:06	14.18	--	14	19852	卖盘
11:08:03	14.18	--	13	18434	卖盘
11:08:00	14.18	-0.01	80	113440	卖盘
11:07:57	14.19	0.01	10	14190	买盘
11:07:51	14.18	-0.01	17	24106	卖盘
11:07:48	14.19	0.01	9	12771	买盘
11:07:42	14.18	--	30	42540	卖盘
11:07:39	14.18	--	50	70900	卖盘
11:07:36	14.18	-0.01	20	28360	卖盘
11:07:30	14.19	0.01	40	56760	买盘
11:07:27	14.18	-0.01	21	29778	卖盘
11:07:21	14.19	--	3	4257	买盘
11:07:09	14.19	0.01	41	58179	买盘
11:07:06	14.18	--	17	24106	卖盘
11:07:03	14.18	--	9	13612	卖盘
11:07:00	14.18	--	100	141800	卖盘
11:06:57	14.18	-0.01	3	4254	卖盘
11:06:48	14.19	0.01	9	12771	买盘
11:06:45	14.18	--	5	7090	卖盘
11:06:36	14.18	--	30	42540	卖盘
11:06:33	14.18	-0.02	50	70900	卖盘
11:06:27	14.2	--	1	1420	买盘
11:06:24	14.2	0.01	28	39760	买盘
11:06:21	14.19	--	10	14190	卖盘
11:06:15	14.19	--	5	7095	卖盘
11:06:12	14.19	--	40	56760	卖盘
11:06:06	14.19	--	11	15609	卖盘
11:06:00	14.19	-0.01	81	114939	卖盘
11:05:54	14.2	-0.01	5	7952	卖盘
11:05:48	14.21	--	9	12789	买盘
11:05:45	14.21	0.01	10	14210	买盘
11:05:36	14.2	--	5	7100	卖盘
11:05:33	14.2	--	5	7100	卖盘
11:05:21	14.2	--	38	54528	买盘
11:05:18	14.2	--	6	8520	买盘
11:05:15	14.2	--	8	11360	买盘
11:05:09	14.2	--	4	5680	买盘
11:05:06	14.2	--	5	7100	买盘
11:04:57	14.2	--	16	22720	买盘
11:04:54	14.2	-0.01	8	12212	卖盘
11:04:51	14.21	0.01	14	19894	买盘
11:04:48	14.2	--	19	26980	卖盘
11:04:45	14.2	-0.01	20	28400	卖盘
11:04:33	14.21	0.01	8	11368	买盘
11:04:30	14.2	--	27	38340	卖盘
11:04:27	14.2	--	49	70148	卖盘
11:04:24	14.2	--	116	164720	卖盘
11:04:21	14.2	-0.01	15	21300	卖盘
11:04:18	14.21	0.01	4	5684	中性盘
11:04:12	14.2	-0.01	36	51120	卖盘
11:04:09	14.21	--	53	75313	卖盘
11:04:06	14.21	--	11	15631	卖盘
11:04:03	14.21	-0.01	7	9947	卖盘
11:03:57	14.22	--	414	589845	卖盘
11:03:54	14.22	-0.01	486	691092	卖盘
11:03:51	14.23	0.01	28	39844	买盘
11:03:48	14.22	-0.01	5	7110	卖盘
11:03:42	14.23	--	24	34152	卖盘
11:03:39	14.23	--	10	14230	卖盘
11:03:36	14.23	--	23	32729	卖盘
11:03:33	14.23	--	10	14230	卖盘
11:03:24	14.23	--	95	135185	卖盘
11:03:21	14.23	-0.01	25	35575	卖盘
11:03:18	14.24	0.01	18	25632	买盘
11:03:09	14.23	--	50	71150	卖盘
11:03:06	14.23	--	15	21345	卖盘
11:03:03	14.23	--	5	7115	卖盘
11:03:00	14.23	--	10	14230	卖盘
11:02:57	14.23	-0.01	53	75419	卖盘
11:02:54	14.24	--	4	5696	买盘
11:02:48	14.24	--	6	9398	卖盘
11:02:45	14.24	0.01	13	19081	中性盘
11:02:36	14.23	-0.02	30	42690	卖盘
11:02:27	14.25	0.02	20	28500	买盘
11:02:24	14.23	-0.02	13	18499	卖盘
11:02:18	14.25	0.02	20	28500	买盘
11:02:15	14.23	-0.02	20	28460	卖盘
11:02:12	14.25	--	9	12825	买盘
11:02:06	14.25	0.02	118	168150	买盘
11:02:03	14.23	--	17	24191	卖盘
11:02:00	14.23	-0.01	10	14230	卖盘
11:01:57	14.24	--	27	38448	买盘
11:01:51	14.24	--	103	146672	卖盘
11:01:48	14.24	--	12	17088	卖盘
11:01:45	14.24	--	41	58384	卖盘
11:01:42	14.24	--	167	237808	卖盘
11:01:39	14.24	--	10	14240	卖盘
11:01:36	14.24	--	80	113920	卖盘
11:01:33	14.24	--	109	155216	买盘
11:01:30	14.24	--	5	7120	买盘
11:01:24	14.24	--	10	14240	买盘
11:01:18	14.24	--	1	1424	买盘
11:01:15	14.24	--	15	21360	买盘
11:01:09	14.24	--	7	9968	买盘
11:01:06	14.24	-0.01	10	14240	卖盘
11:01:03	14.25	0.01	15	21375	买盘
11:01:00	14.24	-0.01	12	17088	中性盘
11:00:54	14.25	0.01	103	146775	买盘
11:00:51	14.24	-0.01	21	29904	卖盘
11:00:48	14.25	0.01	3	4275	买盘
11:00:45	14.24	--	20	28480	卖盘
11:00:42	14.24	--	116	165184	卖盘
11:00:36	14.24	-0.01	22	31328	卖盘
11:00:33	14.25	0.01	10	14250	买盘
11:00:30	14.24	--	12	17088	卖盘
11:00:27	14.24	--	2	2848	卖盘
11:00:15	14.24	--	119	169456	买盘
11:00:12	14.24	0.01	30	42720	买盘
11:00:09	14.23	--	5	7115	卖盘
11:00:06	14.23	--	2	2846	卖盘
11:00:03	14.23	--	10	14230	卖盘
10:59:57	14.23	-0.01	55	78265	卖盘
10:59:54	14.24	--	5	7120	买盘
10:59:48	14.24	--	5	7120	买盘
10:59:42	14.24	0.01	92	131008	买盘
10:59:36	14.23	-0.01	60	85380	卖盘
10:59:33	14.24	--	7	9968	买盘
10:59:30	14.24	0.01	18	25632	买盘
10:59:24	14.23	-0.02	14	19922	卖盘
10:59:21	14.25	0.01	63	89775	买盘
10:59:12	14.24	--	59	84016	卖盘
10:59:09	14.24	--	12	17088	买盘
10:59:03	14.24	--	2	2848	买盘
10:59:00	14.24	--	21	29904	买盘
10:58:57	14.24	0.01	14	19936	买盘
10:58:51	14.23	--	13	18499	卖盘
10:58:48	14.23	--	5	7115	卖盘
10:58:42	14.23	-0.01	109	155107	卖盘
10:58:36	14.24	0.01	29	41296	买盘
10:58:30	14.23	--	33	46959	买盘
10:58:27	14.23	0.01	2	2846	中性盘
10:58:18	14.22	-0.01	38	55173	卖盘
10:58:15	14.23	0.01	3	4269	买盘
10:58:12	14.22	-0.01	13	18486	卖盘
10:58:09	14.23	--	16	22768	买盘
10:58:06	14.23	--	54	76842	买盘
10:58:03	14.23	0.01	5	7115	买盘
10:58:00	14.22	-0.01	16	23036	卖盘
10:57:57	14.23	--	55	78265	卖盘
10:57:54	14.23	--	8	11384	卖盘
10:57:51	14.23	--	1	1423	卖盘
10:57:48	14.23	--	45	64035	卖盘
10:57:45	14.23	--	16	22768	卖盘
10:57:42	14.23	-0.01	29	41267	卖盘
10:57:39	14.24	0.01	13	19651	买盘
10:57:36	14.23	--	155	220565	卖盘
10:57:33	14.23	-0.01	30	42690	卖盘
10:57:30	14.24	--	33	46992	买盘
10:57:27	14.24	--	145	206480	卖盘
10:57:24	14.24	--	31	44144	买盘
10:57:21	14.24	--	20	28480	买盘
10:57:18	14.24	-0.01	25	35600	卖盘
10:57:15	14.25	0.01	11	15675	买盘
10:57:12	14.24	-0.01	25	35600	卖盘
10:57:09	14.25	0.01	26	37050	买盘
10:57:06	14.24	--	5	7120	卖盘
10:57:03	14.24	-0.01	16	22784	卖盘
10:56:57	14.25	0.01	55	78375	买盘
10:56:54	14.24	0.01	20	28480	买盘
10:56:51	14.23	-0.01	32	45536	卖盘
10:56:48	14.24	--	4	5696	买盘
10:56:45	14.24	0.01	3	4272	买盘
10:56:42	14.23	-0.01	5	7115	卖盘
10:56:39	14.24	-0.01	344	489856	卖盘
10:56:36	14.25	--	49	69825	卖盘
10:56:33	14.25	--	70	99750	卖盘
10:56:30	14.25	-0.01	15	21375	卖盘
10:56:27	14.26	--	20	28520	买盘
10:56:21	14.26	-0.01	40	57040	卖盘
10:56:18	14.27	0.02	17	24259	买盘
10:56:15	14.25	-0.01	472	672600	卖盘
10:56:12	14.26	-0.02	358	510508	卖盘
10:56:09	14.28	--	10	14280	买盘
10:56:06	14.28	--	16	22848	卖盘
10:56:03	14.28	--	267	381276	买盘
10:56:00	14.28	0.01	231	329868	买盘
10:55:57	14.27	-0.01	39	55653	卖盘
10:55:54	14.28	0.01	274	391272	买盘
10:55:51	14.27	--	20	28540	买盘
10:55:48	14.27	0.01	177	252579	买盘
10:55:45	14.26	0.01	45	64170	买盘
10:55:42	14.25	--	136	193800	卖盘
10:55:39	14.25	--	474	675450	买盘
10:55:33	14.25	0.01	299	426075	买盘
10:55:30	14.24	-0.01	47	66928	中性盘
10:55:27	14.25	0.01	62	88350	买盘
10:55:24	14.24	-0.01	63	89712	中性盘
10:55:21	14.25	0.03	533	759525	买盘
10:55:18	14.22	--	4	5688	卖盘
10:55:15	14.22	--	169	240886	买盘
10:55:12	14.22	--	59	84751	卖盘
10:55:09	14.22	0.01	75	107218	买盘
10:55:06	14.21	--	369	524349	买盘
10:55:03	14.21	0.01	98	139258	中性盘
10:55:00	14.2	-0.01	275	390500	卖盘
10:54:57	14.21	--	11	15631	买盘
10:54:54	14.21	--	101	143521	买盘
10:54:51	14.21	0.02	26	36946	买盘
10:54:48	14.19	-0.02	35	49665	卖盘
10:54:45	14.21	0.02	163	231623	买盘
10:54:42	14.19	--	49	69531	买盘
10:54:39	14.19	0.01	43	61017	买盘
10:54:36	14.18	-0.01	25	35450	卖盘
10:54:33	14.19	--	41	58179	买盘
10:54:30	14.19	--	36	51084	买盘
10:54:27	14.19	0.01	9	12771	买盘
10:54:24	14.18	--	15	21270	卖盘
10:54:21	14.18	-0.01	17	24106	卖盘
10:54:18	14.19	0.01	30	42570	买盘
10:54:12	14.18	--	19	26942	卖盘
10:54:09	14.18	-0.01	68	97274	卖盘
10:54:06	14.19	0.01	23	32637	买盘
10:54:03	14.18	--	34	49303	买盘
10:54:00	14.18	--	28	40030	卖盘
10:53:54	14.18	--	60	85363	卖盘
10:53:51	14.18	-0.01	2	2836	卖盘
10:53:48	14.19	0.01	116	164604	买盘
10:53:45	14.18	--	100	141800	卖盘
10:53:39	14.18	--	12	17016	卖盘
10:53:36	14.18	--	127	180086	卖盘
10:53:33	14.18	--	10	14180	卖盘
10:53:30	14.18	--	40	56720	卖盘
10:53:27	14.18	-0.01	3	5062	卖盘
10:53:24	14.19	--	8	11352	买盘
10:53:21	14.19	-0.01	180	255420	卖盘
10:53:18	14.2	0.01	18	25560	买盘
10:53:15	14.19	-0.01	27	38313	卖盘
10:53:12	14.2	--	41	58220	买盘
10:53:09	14.2	--	72	102240	买盘
10:53:06	14.2	--	39	55380	买盘
10:53:03	14.2	0.01	20	28400	买盘
10:53:00	14.19	-0.01	37	52503	卖盘
10:52:57	14.2	--	154	218680	买盘
10:52:54	14.2	--	55	78100	买盘
10:52:51	14.2	--	233	330860	买盘
10:52:48	14.2	--	71	100820	买盘
10:52:45	14.2	-0.01	264	374880	卖盘
10:52:42	14.21	0.01	476	676396	买盘
10:52:39	14.2	-0.01	27	38340	卖盘
10:52:36	14.21	0.01	134	190414	买盘
10:52:33	14.2	-0.02	89	126380	卖盘
10:52:30	14.22	0.01	16	22752	买盘
10:52:27	14.21	0.01	47	66787	买盘
10:52:24	14.2	--	30	42600	买盘
10:52:21	14.2	--	24	34080	卖盘
10:52:18	14.2	0.02	61	86620	买盘
10:52:15	14.18	-0.01	8	11344	卖盘
10:52:12	14.19	--	64	90816	买盘
10:52:09	14.19	-0.01	60	85140	卖盘
10:52:06	14.2	--	24	34080	买盘
10:52:03	14.2	-0.04	89	126380	买盘
10:52:00	14.24	0.04	580	825920	买盘
10:51:57	14.2	0.02	287	407540	买盘
10:51:54	14.18	-0.01	13	18434	卖盘
10:51:51	14.19	0.01	236	334884	买盘
10:51:48	14.18	--	241	341738	卖盘
10:51:45	14.18	0.01	11	15598	买盘
10:51:42	14.17	--	155	219635	卖盘
10:51:39	14.17	-0.01	399	565383	卖盘
10:51:36	14.18	0.01	32	45376	买盘
10:51:33	14.17	0.01	309	438136	买盘
10:51:30	14.16	--	5	7080	买盘
10:51:27	14.16	-0.01	45	63720	中性盘
10:51:24	14.17	--	200	283400	买盘
10:51:21	14.17	--	401	569350	买盘
10:51:18	14.17	--	106	150202	买盘
10:51:15	14.17	0.02	81	114777	买盘
10:51:12	14.15	--	30	42450	卖盘
10:51:09	14.15	-0.02	56	79240	卖盘
10:51:03	14.17	0.03	469	664856	买盘
10:51:00	14.14	0.01	141	199374	买盘
10:50:57	14.13	--	41	57933	卖盘
10:50:54	14.13	-0.01	57	80541	中性盘
10:50:48	14.14	0.01	106	149884	买盘
10:50:39	14.13	0.01	14	19782	买盘
10:50:36	14.12	--	48	67776	买盘
10:50:33	14.12	-0.01	171	242299	卖盘
10:50:30	14.13	0.01	26	36738	买盘
10:50:27	14.12	-0.01	36	50832	卖盘
10:50:24	14.13	-0.01	56	79128	中性盘
10:50:21	14.14	0.01	131	185234	买盘
10:50:18	14.13	--	53	74889	买盘
10:50:15	14.13	0.01	14	19782	买盘
10:50:12	14.12	-0.01	132	186666	卖盘
10:50:09	14.13	0.01	104	146952	买盘
10:50:06	14.12	--	85	120302	买盘
10:50:03	14.12	0.01	190	268280	买盘
10:49:54	14.11	-0.01	22	31042	买盘
10:49:48	14.12	0.01	12	16944	买盘
10:49:42	14.11	--	1	2539	卖盘
10:49:39	14.11	--	8	11570	买盘
10:49:36	14.11	--	50	70550	买盘
10:49:24	14.11	0.02	150	211650	买盘
10:49:21	14.09	-0.01	1	1409	卖盘
10:49:12	14.1	--	47	66270	买盘
10:49:00	14.1	0.01	26	37435	买盘
10:48:57	14.09	0.01	16	22544	买盘
10:48:51	14.08	-0.01	1	2759	卖盘
10:48:45	14.09	0.01	50	70450	买盘
10:48:36	14.08	0.01	81	114048	买盘
10:48:33	14.07	-0.01	1	2771	卖盘
10:48:27	14.08	--	55	77440	卖盘
10:48:21	14.08	-0.01	33	46464	卖盘
10:48:18	14.09	0.01	400	563600	买盘
10:48:12	14.08	--	19	26752	买盘
10:48:06	14.08	--	2	2816	买盘
10:48:00	14.08	--	46	65049	买盘
10:47:51	14.08	0.01	17	23936	买盘
10:47:39	14.07	-0.01	5	7035	卖盘
10:47:30	14.08	--	35	49280	买盘
10:47:15	14.08	0.01	36	50688	买盘
10:47:09	14.07	--	23	33205	卖盘
10:47:06	14.07	-0.01	1	1407	卖盘
10:47:03	14.08	0.01	1	1408	买盘
10:46:42	14.07	--	4	5628	卖盘
10:46:39	14.07	--	6	9370	买盘
10:46:27	14.07	--	4	5628	买盘
10:46:15	14.07	0.01	4	5628	买盘
10:46:03	14.06	-0.01	4	5624	卖盘
10:45:45	14.07	--	5	7794	卖盘
10:45:33	14.07	--	6	9089	买盘
10:45:30	14.07	--	8	11256	买盘
10:45:21	14.07	--	31	44376	卖盘
10:45:15	14.07	--	100	140700	卖盘
10:45:00	14.07	--	8	11256	卖盘
10:44:57	14.07	-0.01	4	5628	卖盘
10:44:51	14.08	--	32	45056	买盘
10:44:48	14.08	0.01	9	12672	买盘
10:44:45	14.07	-0.01	5	7035	卖盘
10:44:39	14.08	--	7	9856	买盘
10:44:36	14.08	--	5	7040	买盘
10:44:27	14.08	--	9	12672	买盘
10:44:21	14.08	0.01	3	4224	买盘
10:44:09	14.07	--	1	1407	卖盘
10:44:06	14.07	-0.01	100	140700	卖盘
10:43:39	14.08	0.01	10	14080	中性盘
10:43:30	14.07	-0.02	10	14070	卖盘
10:43:27	14.09	0.01	100	140900	买盘
10:43:21	14.08	--	4	5632	买盘
10:43:18	14.08	-0.01	3	4505	卖盘
10:43:09	14.09	--	8	11272	买盘
10:42:57	14.09	0.01	14	19726	买盘
10:42:54	14.08	--	105	148966	买盘
10:42:36	14.08	0.01	3	4224	买盘
10:42:33	14.07	-0.01	30	42210	卖盘
10:42:27	14.08	0.01	5	7040	买盘
10:42:24	14.07	--	40	56927	买盘
10:42:18	14.07	--	72	102063	卖盘
10:42:15	14.07	--	6	8442	卖盘
10:42:03	14.07	0.01	33	47078	买盘
10:41:57	14.06	-0.01	63	88578	卖盘
10:41:54	14.07	--	100	140700	买盘
10:41:45	14.07	--	5	7794	卖盘
10:41:30	14.07	-0.01	4	5628	卖盘
10:41:24	14.08	0.01	30	42240	买盘
10:41:18	14.07	--	5	7682	买盘
10:41:12	14.07	--	28	39396	买盘
10:41:09	14.07	--	3	4221	买盘
10:41:06	14.07	--	20	28140	买盘
10:41:03	14.07	0.01	5	7035	买盘
10:40:48	14.06	-0.01	50	70300	卖盘
10:40:24	14.07	--	3	4221	买盘
10:40:12	14.07	0.01	11	15477	买盘
10:40:09	14.06	-0.01	54	75924	卖盘
10:40:06	14.07	--	18	25326	买盘
10:40:03	14.07	0.02	35	49245	买盘
10:39:45	14.05	-0.01	51	71936	卖盘
10:39:42	14.06	--	9	12654	买盘
10:39:24	14.06	--	10	14060	买盘
10:39:15	14.06	--	36	50616	买盘
10:38:57	14.06	0.01	10	14060	买盘
10:38:54	14.05	--	20	28100	卖盘
10:38:42	14.05	--	7	9835	卖盘
10:38:39	14.05	-0.01	8	11240	卖盘
10:38:36	14.06	0.01	3	4218	买盘
10:38:33	14.05	--	37	51985	卖盘
10:38:30	14.05	--	14	19670	卖盘
10:38:27	14.05	--	21	29505	卖盘
10:38:24	14.05	0.01	26	37092	买盘
10:38:15	14.04	-0.01	2	3650	卖盘
10:38:09	14.05	--	10	14050	卖盘
10:38:06	14.05	--	101	141905	卖盘
10:38:00	14.05	-0.01	103	144715	卖盘
10:37:51	14.06	--	5	7030	买盘
10:37:45	14.06	0.01	5	7030	买盘
10:37:42	14.05	-0.01	10	14050	卖盘
10:37:36	14.06	0.01	11	15466	买盘
10:37:33	14.05	-0.01	70	98350	卖盘
10:37:30	14.06	-0.01	30	42180	卖盘
10:37:21	14.07	0.01	9	12663	中性盘
10:37:06	14.06	-0.02	30	42180	卖盘
10:37:03	14.08	0.01	5	7040	买盘
10:37:00	14.07	-0.01	12	16884	卖盘
10:36:39	14.08	0.01	15	21120	买盘
10:36:36	14.07	--	2	3376	卖盘
10:36:30	14.07	-0.01	4	5628	卖盘
10:36:06	14.08	--	9	12672	买盘
10:35:48	14.08	0.01	100	140800	买盘
10:35:42	14.07	--	2	2814	卖盘
10:35:39	14.07	--	7	9849	卖盘
10:35:36	14.07	--	5	7035	卖盘
10:35:24	14.07	0.01	191	268737	买盘
10:35:21	14.06	-0.01	2	2812	卖盘
10:35:15	14.07	0.01	9	12663	买盘
10:35:09	14.06	-0.01	2	2812	卖盘
10:35:03	14.07	--	162	227934	卖盘
10:34:57	14.07	-0.01	2	2814	卖盘
10:34:54	14.08	--	14	19712	买盘
10:34:48	14.08	--	75	106444	卖盘
10:34:39	14.08	-0.01	7	9856	卖盘
10:34:24	14.09	0.01	9	12681	买盘
10:34:21	14.08	--	2	2816	卖盘
10:34:18	14.08	-0.01	30	42240	卖盘
10:34:12	14.09	--	20	28180	买盘
10:34:03	14.09	0.01	20	28180	买盘
10:34:00	14.08	-0.01	28	39424	卖盘
10:33:42	14.09	--	1	1409	买盘
10:33:36	14.09	0.01	30	42270	买盘
10:33:30	14.08	--	4	5632	卖盘
10:33:21	14.08	-0.01	6	8448	卖盘
10:33:12	14.09	0.01	31	43679	买盘
10:33:09	14.08	-0.01	3	4224	卖盘
10:33:00	14.09	--	5	7045	买盘
10:32:57	14.09	0.01	56	78904	买盘
10:32:48	14.08	--	30	42240	卖盘
10:32:45	14.08	--	48	67584	卖盘
10:32:39	14.08	-0.01	20	28160	卖盘
10:32:36	14.09	--	3	4227	买盘
10:32:21	14.09	--	10	14090	买盘
10:32:18	14.09	0.01	40	56360	买盘
10:32:15	14.08	-0.01	13	18304	卖盘
10:32:12	14.09	0.01	15	21135	买盘
10:32:06	14.08	-0.01	10	14080	卖盘
10:32:00	14.09	--	49	69041	买盘
10:31:45	14.09	--	10	14090	买盘
10:31:42	14.09	--	70	99475	卖盘
10:31:39	14.09	-0.01	11	16062	卖盘
10:31:30	14.1	--	0	1128	卖盘
10:31:21	14.1	--	2	2820	卖盘
10:31:18	14.1	--	1	1410	卖盘
10:31:15	14.1	0.01	218	307662	买盘
10:31:12	14.09	--	9	12681	买盘
10:31:09	14.09	-0.01	5	7045	卖盘
10:31:06	14.1	--	5	7050	买盘
10:30:51	14.1	0.01	3	4230	买盘
10:30:30	14.09	-0.01	22	32125	卖盘
10:30:24	14.1	0.01	9	12690	买盘
10:30:15	14.09	0.01	70	98911	买盘
10:30:09	14.08	--	0	563	卖盘
10:30:00	14.08	--	8	11264	卖盘
10:29:45	14.08	-0.01	100	140800	卖盘
10:29:39	14.09	--	10	14090	买盘
10:29:36	14.09	--	79	111311	买盘
10:29:33	14.09	--	16	22544	买盘
10:29:24	14.09	--	35	49315	买盘
10:29:18	14.09	--	17	25080	卖盘
10:29:15	14.09	--	4	5636	卖盘
10:29:00	14.09	--	2	2818	卖盘
10:28:45	14.09	-0.01	25	35225	卖盘
10:28:39	14.1	--	10	14100	买盘
10:28:36	14.1	0.01	1	1410	买盘
10:28:18	14.09	--	5	7045	卖盘
10:28:12	14.09	-0.01	12	17189	卖盘
10:28:03	14.1	0.01	17	23970	买盘
10:28:00	14.09	-0.01	4	5636	卖盘
10:27:57	14.1	--	19	26790	买盘
10:27:51	14.1	--	7	9870	买盘
10:27:42	14.1	0.01	10	14100	买盘
10:27:39	14.09	--	3	4227	卖盘
10:27:33	14.09	-0.01	12	16908	卖盘
10:27:27	14.1	0.01	6	8460	买盘
10:27:24	14.09	-0.01	15	21135	卖盘
10:27:12	14.1	--	13	18330	买盘
10:27:09	14.1	--	5	7050	买盘
10:27:03	14.1	--	6	8460	买盘
10:27:00	14.1	--	20	28200	买盘
10:26:57	14.1	--	10	14100	买盘
10:26:54	14.1	--	6	9588	卖盘
10:26:48	14.1	-0.01	4	5640	卖盘
10:26:45	14.11	--	21	29631	买盘
10:26:42	14.11	0.01	9	12699	买盘
10:26:39	14.1	--	1	1410	卖盘
10:26:33	14.1	--	28	39480	卖盘
10:26:30	14.1	--	5	7332	买盘
10:26:21	14.1	0.01	300	423000	买盘
10:26:18	14.09	-0.01	88	123992	卖盘
10:26:12	14.1	0.01	64	90240	买盘
10:26:06	14.09	0.02	9	12681	中性盘
10:25:36	14.07	-0.03	8	11256	卖盘
10:25:27	14.1	0.02	12	16920	买盘
10:25:21	14.08	--	1	1408	买盘
10:25:18	14.08	-0.02	2	2816	卖盘
10:25:15	14.1	--	29	40890	买盘
10:25:03	14.1	--	92	130848	卖盘
10:25:00	14.1	--	5	7050	卖盘
10:24:57	14.1	--	34	47940	卖盘
10:24:54	14.1	--	52	73320	卖盘
10:24:51	14.1	--	15	21150	卖盘
10:24:48	14.1	-0.01	20	28200	卖盘
10:24:45	14.11	0.01	21	29631	买盘
10:24:42	14.1	-0.01	10	14100	卖盘
10:24:39	14.11	0.01	12	16932	买盘
10:24:33	14.1	-0.01	42	59220	卖盘
10:24:30	14.11	0.01	6	8466	买盘
10:24:24	14.1	-0.01	1	1410	卖盘
10:24:18	14.11	0.01	7	9877	买盘
10:24:15	14.1	--	28	39480	卖盘
10:24:12	14.1	-0.01	6	8460	卖盘
10:24:06	14.11	--	10	14110	买盘
10:24:03	14.11	--	14	19754	买盘
10:24:00	14.11	--	44	62084	买盘
10:23:57	14.11	--	2	2822	买盘
10:23:54	14.11	0.01	2	2822	买盘
10:23:51	14.1	-0.01	7	9870	卖盘
10:23:48	14.11	--	3	4233	买盘
10:23:39	14.11	--	45	63495	卖盘
10:23:36	14.11	-0.01	10	14110	卖盘
10:23:30	14.12	--	23	32476	买盘
10:23:27	14.12	--	151	213212	买盘
10:23:24	14.12	--	83	117196	卖盘
10:23:18	14.12	--	170	240040	卖盘
10:23:15	14.12	--	10	14120	卖盘
10:23:12	14.12	--	87	122844	买盘
10:23:09	14.12	--	44	62128	买盘
10:23:06	14.12	--	10	14120	买盘
10:23:03	14.12	0.01	75	105900	买盘
10:23:00	14.11	-0.01	10	14110	卖盘
10:22:57	14.12	--	20	28240	买盘
10:22:54	14.12	0.01	22	31064	买盘
10:22:51	14.11	--	30	42330	卖盘
10:22:48	14.11	-0.01	9	12699	卖盘
10:22:45	14.12	--	14	19768	买盘
10:22:42	14.12	0.02	10	14120	买盘
10:22:39	14.1	-0.02	30	42300	卖盘
10:22:36	14.12	0.01	24	34170	买盘
10:22:33	14.11	-0.01	15	21165	中性盘
10:22:30	14.12	0.02	153	216036	买盘
10:22:27	14.1	0.02	20	28200	卖盘
10:22:24	14.08	-0.03	60	84480	卖盘
10:22:21	14.11	0.02	363	512193	买盘
10:22:15	14.09	--	8	11272	买盘
10:22:12	14.09	0.01	80	112720	买盘
10:22:09	14.08	--	10	14080	买盘
10:22:06	14.08	--	23	32384	买盘
10:22:00	14.08	0.01	16	22528	买盘
10:21:57	14.07	0.01	41	57687	买盘
10:21:54	14.06	-0.01	8	11248	卖盘
10:21:51	14.07	--	53	74571	买盘
10:21:48	14.07	0.01	30	42210	买盘
10:21:45	14.06	--	26	37118	买盘
10:21:42	14.06	--	14	19684	买盘
10:21:39	14.06	--	10	14060	买盘
10:21:36	14.06	--	16	22496	买盘
10:21:33	14.06	0.01	21	29526	买盘
10:21:30	14.05	--	33	46365	卖盘
10:21:24	14.05	--	23	32315	买盘
10:21:21	14.05	0.01	182	255710	买盘
10:21:18	14.04	-0.01	10	14040	卖盘
10:21:12	14.05	--	6	8430	买盘
10:21:09	14.05	0.01	2	2810	买盘
10:21:06	14.04	-0.01	4	5616	卖盘
10:21:03	14.05	0.01	4	5620	买盘
10:21:00	14.04	--	5	7020	卖盘
10:20:57	14.04	0.01	16	22744	买盘
10:20:51	14.03	-0.01	10	14030	卖盘
10:20:45	14.04	--	58	81432	买盘
10:20:42	14.04	--	30	42120	买盘
10:20:39	14.04	0.01	37	51948	买盘
10:20:30	14.03	-0.01	13	18239	卖盘
10:20:27	14.04	--	10	14040	买盘
10:20:21	14.04	--	3	4212	买盘
10:20:18	14.04	--	7	9828	买盘
10:20:15	14.04	--	14	19656	买盘
10:20:12	14.04	--	11	15443	买盘
10:20:09	14.04	0.01	30	42120	买盘
10:20:06	14.03	-0.01	60	84180	卖盘
10:20:03	14.04	--	19	26676	卖盘
10:20:00	14.04	--	65	91260	卖盘
10:19:57	14.04	--	10	14040	卖盘
10:19:54	14.04	-0.01	128	179712	卖盘
10:19:45	14.05	0.01	17	23885	买盘
10:19:42	14.04	-0.01	18	25272	卖盘
10:19:39	14.05	--	1	1405	买盘
10:19:36	14.05	0.01	10	14050	买盘
10:19:33	14.04	-0.01	17	23868	卖盘
10:19:30	14.05	-0.01	5	7025	卖盘
10:19:24	14.06	0.02	2	2812	买盘
10:19:21	14.04	-0.02	14	19656	卖盘
10:19:15	14.06	0.01	32	44992	买盘
10:19:09	14.05	-0.01	11	15455	买盘
10:19:06	14.06	0.01	6	8436	买盘
10:19:03	14.05	--	3	4215	买盘
10:19:00	14.05	-0.01	19	26695	中性盘
10:18:57	14.06	0.03	44	61864	买盘
10:18:54	14.03	-0.02	56	78568	卖盘
10:18:51	14.05	0.01	36	50580	买盘
10:18:48	14.04	--	8	11232	买盘
10:18:45	14.04	0.01	38	53352	中性盘
10:18:39	14.03	-0.01	13	18239	卖盘
10:18:36	14.04	0.01	32	44928	买盘
10:18:33	14.03	-0.01	60	84180	卖盘
10:18:30	14.04	0.01	12	16848	买盘
10:18:24	14.03	--	162	227286	买盘
10:18:15	14.03	0.01	111	155733	买盘
10:18:06	14.02	-0.01	49	68698	卖盘
10:18:03	14.03	0.01	10	14030	买盘
10:17:54	14.02	--	12	16824	买盘
10:17:51	14.02	--	7	9814	买盘
10:17:42	14.02	--	56	78512	买盘
10:17:39	14.02	0.01	126	177773	买盘
10:17:27	14.01	0.01	35	49035	买盘
10:17:18	14.0	-0.01	20	28000	卖盘
10:17:15	14.01	0.01	9	12609	买盘
10:17:12	14.0	-0.01	1	1680	卖盘
10:17:09	14.01	0.01	14	19614	买盘
10:17:03	14.0	--	111	155680	买盘
10:16:42	14.0	--	5	7000	买盘
10:16:33	14.0	--	36	50400	买盘
10:16:27	14.0	--	3	4200	买盘
10:16:24	14.0	--	14	19600	买盘
10:16:15	14.0	0.01	9	12600	买盘
10:16:12	13.99	--	0	419	卖盘
10:16:09	13.99	--	20	27980	卖盘
10:16:00	13.99	--	6	8394	卖盘
10:15:54	13.99	--	13	19306	买盘
10:15:45	13.99	--	10	13990	买盘
10:15:42	13.99	0.01	7	9793	买盘
10:15:39	13.98	-0.01	30	42317	卖盘
10:15:36	13.99	--	8	11192	买盘
10:15:30	13.99	--	66	92334	买盘
10:15:27	13.99	--	101	141578	卖盘
10:15:12	13.99	-0.01	14	19586	卖盘
10:15:06	14.0	0.01	3	4200	买盘
10:15:03	13.99	-0.01	3	5036	卖盘
10:15:00	14.0	0.01	5	7000	买盘
10:14:57	13.99	--	5	6995	卖盘
10:14:51	13.99	-0.01	1	1399	卖盘
10:14:48	14.0	--	37	51800	买盘
10:14:45	14.0	0.01	7	9800	买盘
10:14:42	13.99	-0.01	19	26860	卖盘
10:14:39	14.0	0.01	1	1400	买盘
10:14:36	13.99	-0.01	14	19586	卖盘
10:14:33	14.0	--	3	4200	买盘
10:14:27	14.0	--	20	28000	买盘
10:14:24	14.0	--	43	60200	买盘
10:14:21	14.0	0.01	5	7000	买盘
10:14:18	13.99	--	2	2798	卖盘
10:14:12	13.99	-0.01	1	1399	卖盘
10:13:57	14.0	--	6	8400	买盘
10:13:54	14.0	--	10	14000	买盘
10:13:48	14.0	0.01	3	4200	买盘
10:13:39	13.99	-0.01	23	32177	卖盘
10:13:30	14.0	--	9	12600	买盘
10:13:27	14.0	--	9	12600	买盘
10:13:24	14.0	--	3	4200	买盘
10:13:21	14.0	--	25	35000	买盘
10:13:18	14.0	--	39	54600	买盘
10:13:15	14.0	0.02	4	5600	买盘
10:13:03	13.98	-0.01	40	55920	卖盘
10:13:00	13.99	--	29	40571	买盘
10:12:57	13.99	--	9	12591	买盘
10:12:48	13.99	--	10	13990	买盘
10:12:39	13.99	--	2	2798	买盘
10:12:33	13.99	--	1	1399	买盘
10:12:30	13.99	--	90	125910	买盘
10:12:24	13.99	--	9	12591	买盘
10:12:18	13.99	--	20	27980	买盘
10:12:15	13.99	--	35	48965	买盘
10:12:12	13.99	--	2	2798	买盘
10:12:09	13.99	--	10	13990	买盘
10:12:06	13.99	-0.01	41	57638	卖盘
10:12:00	14.0	--	108	151200	买盘
10:11:48	14.0	--	35	49000	买盘
10:11:42	14.0	0.01	5	7000	买盘
10:11:27	13.99	--	15	20985	卖盘
10:11:24	13.99	-0.01	20	27980	卖盘
10:11:12	14.0	0.01	9	12600	买盘
10:11:03	13.99	--	1	1958	买盘
10:11:00	13.99	0.01	106	148294	买盘
10:10:54	13.98	--	15	20970	卖盘
10:10:48	13.98	-0.01	6	8388	卖盘
10:10:45	13.99	0.01	9	12591	买盘
10:10:36	13.98	0.01	8	11743	卖盘
10:10:21	13.97	--	53	74320	卖盘
10:10:15	13.97	--	10	13970	卖盘
10:10:09	13.97	--	7	10728	卖盘
10:10:06	13.97	-0.01	11	15646	卖盘
10:10:03	13.98	--	123	171954	买盘
10:09:57	13.98	--	10	13980	买盘
10:09:39	13.98	--	5	6990	买盘
10:09:33	13.98	0.01	10	13980	买盘
10:09:30	13.97	-0.01	11	15367	卖盘
10:09:21	13.98	--	10	13980	买盘
10:09:06	13.98	0.01	15	20970	买盘
10:09:03	13.97	--	18	25146	卖盘
10:08:57	13.97	--	33	46101	买盘
10:08:54	13.97	0.01	3	4191	买盘
10:08:45	13.96	-0.01	29	40484	卖盘
10:08:42	13.97	0.01	8	11176	买盘
10:08:39	13.96	-0.02	5	6980	卖盘
10:08:36	13.98	0.01	16	22368	买盘
10:08:33	13.97	--	13	18161	卖盘
10:08:27	13.97	0.01	15	20955	买盘
10:08:24	13.96	-0.01	253	353634	卖盘
10:08:21	13.97	--	15	21904	买盘
10:08:18	13.97	--	20	27940	买盘
10:08:15	13.97	-0.01	28	39842	卖盘
10:08:12	13.98	--	11	15378	买盘
10:08:06	13.98	--	18	25164	买盘
10:08:00	13.98	--	3	4194	买盘
10:07:54	13.98	0.01	3	4194	买盘
10:07:51	13.97	--	1	2067	买盘
10:07:48	13.97	--	8	11902	卖盘
10:07:45	13.97	--	6	8382	卖盘
10:07:42	13.97	--	20	27940	卖盘
10:07:39	13.97	-0.01	10	13970	卖盘
10:07:36	13.98	0.01	106	148188	买盘
10:07:27	13.97	--	30	41910	卖盘
10:07:24	13.97	--	10	13970	卖盘
10:07:15	13.97	-0.01	46	64262	卖盘
10:07:12	13.98	0.01	0	237	买盘
10:07:09	13.97	-0.01	5	6985	卖盘
10:07:06	13.98	--	22	30756	买盘
10:07:03	13.98	0.01	10	13980	买盘
10:07:00	13.97	-0.01	18	25425	卖盘
10:06:48	13.98	-0.01	12	17936	卖盘
10:06:45	13.99	0.01	5	6995	买盘
10:06:42	13.98	--	103	143994	卖盘
10:06:39	13.98	--	5	6990	卖盘
10:06:36	13.98	-0.01	30	41940	卖盘
10:06:27	13.99	0.01	5	6995	中性盘
10:06:18	13.98	-0.02	175	244650	卖盘
10:06:12	14.0	-0.02	8	11200	卖盘
10:06:06	14.02	0.02	25	35050	买盘
10:06:03	14.0	-0.01	9	12600	卖盘
10:06:00	14.01	-0.01	1	1401	买盘
10:05:57	14.02	0.01	204	286008	买盘
10:05:51	14.01	--	1	1401	买盘
10:05:48	14.01	--	43	60243	买盘
10:05:36	14.01	--	6	8406	买盘
10:05:27	14.01	0.01	101	141781	买盘
10:05:24	14.0	--	10	14000	卖盘
10:05:18	14.0	0.01	82	115920	买盘
10:05:12	13.99	-0.01	30	41970	卖盘
10:05:00	14.0	0.01	8	11200	买盘
10:04:57	13.99	--	5	6995	买盘
10:04:51	13.99	0.01	15	20985	买盘
10:04:45	13.98	-0.01	10	13980	卖盘
10:04:42	13.99	0.01	16	22384	买盘
10:04:39	13.98	--	61	85278	卖盘
10:04:33	13.98	--	2	2879	卖盘
10:04:30	13.98	--	4	5592	卖盘
10:04:18	13.98	--	1	1398	卖盘
10:04:15	13.98	-0.01	6	8388	卖盘
10:04:09	13.99	-0.01	12	16857	中性盘
10:04:03	14.0	0.02	31	43400	买盘
10:04:00	13.98	-0.01	30	41940	卖盘
10:03:54	13.99	--	2	2881	卖盘
10:03:39	13.99	--	5	6995	买盘
10:03:33	13.99	0.01	5	6995	买盘
10:03:27	13.98	-0.01	10	13980	卖盘
10:03:24	13.99	--	20	27980	买盘
10:03:18	13.99	--	3	4197	买盘
10:03:15	13.99	--	2	2798	买盘
10:03:09	13.99	-0.01	2	2798	卖盘
10:03:06	14.0	--	3	4200	买盘
10:03:00	14.0	--	20	28000	买盘
10:02:57	14.0	--	10	14000	买盘
10:02:45	14.0	--	21	29400	买盘
10:02:42	14.0	--	21	29400	买盘
10:02:24	14.0	--	49	68600	买盘
10:02:21	14.0	--	9	12600	买盘
10:02:18	14.0	--	3	4200	买盘
10:02:15	14.0	--	13	18200	买盘
10:02:06	14.0	0.01	77	107800	买盘
10:01:57	13.99	--	50	69950	买盘
10:01:51	13.99	--	29	40571	买盘
10:01:48	13.99	0.01	20	27980	买盘
10:01:45	13.98	-0.01	15	20970	卖盘
10:01:39	13.99	0.01	160	223840	买盘
10:01:36	13.98	0.01	96	134208	买盘
10:01:33	13.97	--	7	9779	卖盘
10:01:30	13.97	--	5	6985	卖盘
10:01:27	13.97	-0.01	50	69850	卖盘
10:01:18	13.98	0.01	30	41940	买盘
10:01:03	13.97	-0.01	20	27940	卖盘
10:00:48	13.98	--	74	103452	卖盘
10:00:45	13.98	--	7	9786	卖盘
10:00:39	13.98	--	17	23766	卖盘
10:00:33	13.98	--	10	13980	卖盘
10:00:27	13.98	--	20	27960	卖盘
10:00:15	13.98	-0.01	2	2796	卖盘
10:00:00	13.99	0.01	1	1399	买盘
09:59:54	13.98	--	5	6990	卖盘
09:59:51	13.98	-0.01	9	12582	卖盘
09:59:45	13.99	--	35	49650	卖盘
09:59:39	13.99	--	40	55960	卖盘
09:59:33	13.99	--	24	34289	买盘
09:59:27	13.99	0.01	7	9793	买盘
09:59:18	13.98	-0.01	10	13980	卖盘
09:59:03	13.99	-0.01	22	30903	卖盘
09:58:54	14.0	--	2	2800	卖盘
09:58:48	14.0	--	25	35000	卖盘
09:58:45	14.0	-0.01	10	14000	卖盘
09:58:36	14.01	0.01	28	39228	买盘
09:58:33	14.0	-0.01	9	13160	卖盘
09:58:27	14.01	0.01	37	51837	买盘
09:58:18	14.0	--	31	43400	卖盘
09:58:12	14.0	0.01	159	223440	买盘
09:58:09	13.99	--	1	1972	卖盘
09:58:06	13.99	--	1	2532	卖盘
09:58:03	13.99	-0.01	55	76945	卖盘
09:58:00	14.0	0.01	23	32200	买盘
09:57:48	13.99	--	35	48965	卖盘
09:57:42	13.99	0.02	2	3763	买盘
09:57:33	13.97	-0.02	32	45137	卖盘
09:57:30	13.99	0.02	0	965	买盘
09:57:24	13.97	--	1	1550	卖盘
09:57:21	13.97	--	1	1397	卖盘
09:57:18	13.97	-0.01	45	62865	卖盘
09:57:12	13.98	0.01	3	4194	中性盘
09:57:06	13.97	-0.02	30	41910	卖盘
09:57:00	13.99	--	15	20985	卖盘
09:56:51	13.99	--	4	5596	卖盘
09:56:48	13.99	--	42	58758	买盘
09:56:45	13.99	0.03	20	27980	中性盘
09:56:39	13.96	-0.03	100	139600	卖盘
09:56:36	13.99	0.02	50	69950	买盘
09:56:33	13.97	-0.01	25	34925	卖盘
09:56:30	13.98	0.01	0	810	买盘
09:56:27	13.97	-0.01	58	81026	卖盘
09:56:24	13.98	--	20	27960	买盘
09:56:21	13.98	0.01	25	34950	买盘
09:56:15	13.97	--	30	41910	卖盘
09:56:12	13.97	--	20	27940	卖盘
09:56:09	13.97	0.01	41	57556	买盘
09:56:00	13.96	-0.01	1	1675	卖盘
09:55:57	13.97	0.01	16	22352	买盘
09:55:54	13.96	--	342	477711	买盘
09:55:48	13.96	0.01	10	13960	买盘
09:55:45	13.95	--	29	40455	卖盘
09:55:42	13.95	-0.01	22	30690	卖盘
09:55:39	13.96	--	216	301536	买盘
09:55:36	13.96	0.01	2	2792	买盘
09:55:33	13.95	--	46	64170	卖盘
09:55:30	13.95	-0.01	24	33480	卖盘
09:55:24	13.96	--	11	15356	买盘
09:55:21	13.96	0.01	89	124244	买盘
09:55:09	13.95	-0.01	17	23715	卖盘
09:55:06	13.96	--	20	27920	买盘
09:55:03	13.96	0.01	20	27920	买盘
09:55:00	13.95	-0.01	2	2790	卖盘
09:54:57	13.96	0.01	3	4188	买盘
09:54:51	13.95	--	15	20925	卖盘
09:54:45	13.95	--	36	50220	卖盘
09:54:36	13.95	-0.01	2	2790	卖盘
09:54:24	13.96	0.01	67	93532	买盘
09:54:18	13.95	--	50	69750	卖盘
09:54:15	13.95	--	82	114390	卖盘
09:54:12	13.95	-0.01	85	118575	卖盘
09:54:06	13.96	0.01	26	36296	买盘
09:54:03	13.95	--	13	18135	卖盘
09:53:57	13.95	-0.01	8	11160	卖盘
09:53:39	13.96	0.01	15	20940	买盘
09:53:36	13.95	-0.01	62	87606	卖盘
09:53:33	13.96	--	14	19544	卖盘
09:53:30	13.96	--	62	86552	卖盘
09:53:24	13.96	--	24	33504	卖盘
09:53:21	13.96	-0.01	56	78176	卖盘
09:53:18	13.97	--	2	2794	买盘
09:53:15	13.97	--	6	8382	买盘
09:53:06	13.97	0.01	3	4191	买盘
09:53:03	13.96	--	20	27920	卖盘
09:53:00	13.96	--	32	44672	卖盘
09:52:54	13.96	-0.01	26	36575	卖盘
09:52:51	13.97	--	5	6985	买盘
09:52:48	13.97	0.01	2	2794	买盘
09:52:45	13.96	--	21	29316	卖盘
09:52:42	13.96	--	12	16752	卖盘
09:52:36	13.96	-0.01	40	55840	卖盘
09:52:24	13.97	--	2	2794	买盘
09:52:18	13.97	--	40	55880	买盘
09:52:15	13.97	--	8	12014	卖盘
09:52:12	13.97	--	10	13970	卖盘
09:52:09	13.97	--	2	3352	卖盘
09:52:06	13.97	--	100	139700	卖盘
09:52:00	13.97	--	2	2794	卖盘
09:51:54	13.97	--	15	20955	卖盘
09:51:51	13.97	--	100	139700	卖盘
09:51:48	13.97	--	29	40513	卖盘
09:51:42	13.97	-0.01	25	34925	卖盘
09:51:24	13.98	0.01	10	13980	买盘
09:51:21	13.97	-0.01	10	13970	卖盘
09:51:18	13.98	0.01	10	13980	买盘
09:51:15	13.97	-0.01	19	26543	卖盘
09:51:12	13.98	--	8	11771	卖盘
09:51:06	13.98	--	8	11184	卖盘
09:51:03	13.98	--	6	8388	卖盘
09:51:00	13.98	--	40	55920	卖盘
09:50:54	13.98	0.01	32	45546	买盘
09:50:39	13.97	--	6	8382	买盘
09:50:30	13.97	-0.01	44	61468	卖盘
09:50:21	13.98	--	5	7577	卖盘
09:50:18	13.98	--	30	41940	卖盘
09:50:15	13.98	--	85	118830	卖盘
09:49:54	13.98	-0.02	3	4194	卖盘
09:49:51	14.0	0.02	46	64400	买盘
09:49:48	13.98	-0.02	21	29917	卖盘
09:49:45	14.0	0.02	41	58240	买盘
09:49:42	13.98	--	99	138402	卖盘
09:49:36	13.98	-0.02	193	269814	卖盘
09:49:33	14.0	0.01	26	36400	买盘
09:49:30	13.99	--	3	4197	买盘
09:49:27	13.99	-0.01	3	4197	卖盘
09:49:21	14.0	--	1	1400	买盘
09:49:09	14.0	--	11	15400	卖盘
09:49:03	14.0	--	52	72800	卖盘
09:49:00	14.0	--	3	4200	卖盘
09:48:54	14.0	--	167	233800	买盘
09:48:51	14.0	0.02	17	23800	买盘
09:48:45	13.98	-0.01	8	11184	卖盘
09:48:39	13.99	--	72	100728	买盘
09:48:36	13.99	-0.01	153	214326	卖盘
09:48:33	14.0	0.01	10	14000	买盘
09:48:30	13.99	--	1	1399	卖盘
09:48:21	13.99	--	0	559	卖盘
09:48:12	13.99	--	1	1399	卖盘
09:48:06	13.99	-0.01	53	74147	卖盘
09:47:57	14.0	--	36	50400	买盘
09:47:54	14.0	--	5	7000	买盘
09:47:33	14.0	0.01	2	2800	买盘
09:47:27	13.99	--	0	839	卖盘
09:47:21	13.99	--	56	78344	卖盘
09:47:18	13.99	0.01	83	117236	买盘
09:47:12	13.98	--	32	44736	卖盘
09:47:06	13.98	-0.01	1	1398	卖盘
09:47:03	13.99	0.01	1	1399	买盘
09:46:57	13.98	-0.01	12	16776	卖盘
09:46:51	13.99	--	7	9793	买盘
09:46:45	13.99	--	2	2798	买盘
09:46:42	13.99	--	30	41970	买盘
09:46:36	13.99	--	119	166760	卖盘
09:46:12	13.99	--	0	1119	卖盘
09:46:06	13.99	0.01	21	29379	买盘
09:46:03	13.98	-0.01	5	6990	卖盘
09:45:48	13.99	0.01	10	13990	买盘
09:45:45	13.98	-0.01	69	96462	卖盘
09:45:39	13.99	--	3	4197	买盘
09:45:36	13.99	--	5	6995	买盘
09:45:33	13.99	--	80	111920	买盘
09:45:30	13.99	--	1	1399	卖盘
09:45:27	13.99	--	9	12591	买盘
09:45:18	13.99	--	27	37773	卖盘
09:45:00	13.99	--	54	75546	买盘
09:44:54	13.99	0.01	10	13990	买盘
09:44:51	13.98	--	4	5592	卖盘
09:44:39	13.98	-0.01	6	8388	卖盘
09:44:33	13.99	--	8	11192	买盘
09:44:18	13.99	--	40	55960	买盘
09:44:15	13.99	-0.02	22	30778	卖盘
09:43:42	14.01	0.02	83	116283	买盘
09:43:33	13.99	-0.01	14	19586	卖盘
09:43:30	14.0	--	10	14000	买盘
09:43:24	14.0	--	7	9800	买盘
09:43:18	14.0	--	25	35000	买盘
09:43:15	14.0	0.01	28	39200	买盘
09:43:12	13.99	-0.01	15	20985	卖盘
09:43:06	14.0	0.02	20	28000	买盘
09:42:54	13.98	-0.03	4	5592	卖盘
09:42:48	14.01	--	2	2802	买盘
09:42:45	14.01	0.03	24	33624	买盘
09:42:39	13.98	-0.04	3	4194	卖盘
09:42:36	14.02	0.02	251	351902	买盘
09:42:33	14.0	--	10	14000	买盘
09:42:18	14.0	--	45	63000	买盘
09:42:15	14.0	0.02	26	37212	买盘
09:42:06	13.98	--	35	49517	卖盘
09:42:03	13.98	--	10	13980	卖盘
09:41:54	13.98	-0.02	104	145392	卖盘
09:41:39	14.0	0.02	50	70000	买盘
09:41:33	13.98	-0.02	32	44736	卖盘
09:41:21	14.0	0.01	20	28000	买盘
09:41:15	13.99	--	13	18187	卖盘
09:41:12	13.99	0.01	1	1399	买盘
09:41:06	13.98	--	1	1398	卖盘
09:41:03	13.98	--	10	13980	卖盘
09:41:00	13.98	--	34	47532	卖盘
09:40:48	13.98	-0.04	161	225078	卖盘
09:40:45	14.02	0.02	270	378540	买盘
09:40:42	14.0	0.01	17	23800	买盘
09:40:36	13.99	-0.01	64	89536	卖盘
09:40:24	14.0	--	7	9800	买盘
09:40:21	14.0	--	12	17080	卖盘
09:40:18	14.0	--	13	18200	卖盘
09:40:15	14.0	-0.01	1	1400	卖盘
09:40:09	14.01	0.01	53	75373	买盘
09:40:06	14.0	-0.01	7	9800	卖盘
09:40:03	14.01	--	13	18213	卖盘
09:39:57	14.01	--	84	117684	卖盘
09:39:48	14.01	--	20	28020	卖盘
09:39:45	14.01	--	7	9807	买盘
09:39:39	14.01	--	1	1401	买盘
09:39:36	14.01	--	58	81258	卖盘
09:39:33	14.01	--	13	18213	卖盘
09:39:27	14.01	--	20	28020	卖盘
09:39:24	14.01	--	20	28020	卖盘
09:39:18	14.01	--	1	1401	卖盘
09:39:15	14.01	0.01	20	28020	买盘
09:39:12	14.0	--	8	11200	卖盘
09:39:06	14.0	--	2	2800	卖盘
09:39:03	14.0	--	10	14000	卖盘
09:39:00	14.0	0.01	28	39200	买盘
09:38:57	13.99	-0.01	8	11443	卖盘
09:38:54	14.0	--	9	12600	买盘
09:38:48	14.0	--	6	8400	买盘
09:38:42	14.0	--	15	21000	买盘
09:38:36	14.0	-0.01	67	93800	卖盘
09:38:33	14.01	-0.01	18	25218	卖盘
09:38:27	14.02	--	3	4206	买盘
09:38:24	14.02	--	13	18226	买盘
09:38:21	14.02	--	8	11216	买盘
09:38:15	14.02	--	32	45424	卖盘
09:38:09	14.02	--	17	23834	卖盘
09:38:06	14.02	--	14	20469	卖盘
09:38:00	14.02	0.01	19	26638	中性盘
09:37:54	14.01	--	13	18213	卖盘
09:37:51	14.01	-0.02	3	4203	卖盘
09:37:45	14.03	0.01	81	113643	买盘
09:37:39	14.02	-0.01	7	9814	买盘
09:37:33	14.03	--	21	29463	买盘
09:37:30	14.03	--	15	21045	买盘
09:37:27	14.03	--	10	14030	买盘
09:37:24	14.03	-0.01	6	8418	卖盘
09:37:21	14.04	--	14	19656	买盘
09:37:18	14.04	0.01	17	23868	买盘
09:37:15	14.03	--	14	19642	卖盘
09:37:09	14.03	-0.01	18	25254	卖盘
09:37:06	14.04	--	2	2808	买盘
09:37:03	14.04	-0.01	2	2808	中性盘
09:36:54	14.05	0.04	3	4215	买盘
09:36:48	14.01	-0.04	19	26619	卖盘
09:36:45	14.05	--	25	35125	买盘
09:36:36	14.05	0.02	20	28100	买盘
09:36:33	14.03	0.04	2	2806	中性盘
09:36:24	13.99	-0.07	40	55960	卖盘
09:36:18	14.06	--	39	54834	买盘
09:36:15	14.06	0.06	109	153254	买盘
09:36:09	14.0	-0.03	19	26600	卖盘
09:36:06	14.03	0.03	50	70150	买盘
09:36:00	14.0	--	3	4200	卖盘
09:35:51	14.0	--	10	14560	买盘
09:35:48	14.0	--	9	12600	买盘
09:35:45	14.0	0.01	28	39200	买盘
09:35:42	13.99	--	2	2798	卖盘
09:35:36	13.99	--	7	9793	买盘
09:35:33	13.99	0.02	55	76945	买盘
09:35:24	13.97	--	3	4191	卖盘
09:35:21	13.97	-0.01	10	13970	卖盘
09:35:18	13.98	0.01	71	99258	买盘
09:35:12	13.97	--	10	13970	卖盘
09:35:09	13.97	--	348	486714	买盘
09:35:06	13.97	0.01	263	367411	买盘
09:35:03	13.96	--	43	60028	卖盘
09:35:00	13.96	-0.01	47	65612	卖盘
09:34:57	13.97	--	9	12573	买盘
09:34:48	13.97	--	10	13970	买盘
09:34:39	13.97	-0.02	37	51689	卖盘
09:34:36	13.99	0.01	10	13990	买盘
09:34:30	13.98	--	5	6990	卖盘
09:34:24	13.98	--	10	13980	卖盘
09:34:21	13.98	0.02	67	93666	买盘
09:34:18	13.96	-0.01	2	3071	卖盘
09:34:15	13.97	0.01	136	191109	买盘
09:34:12	13.96	-0.01	130	181480	卖盘
09:34:09	13.97	--	50	69850	买盘
09:34:06	13.97	--	12	16764	买盘
09:33:57	13.97	--	65	90805	卖盘
09:33:54	13.97	0.01	40	55880	买盘
09:33:51	13.96	-0.01	78	108888	卖盘
09:33:48	13.97	--	27	37719	卖盘
09:33:45	13.97	-0.01	4	5588	卖盘
09:33:42	13.98	0.01	6	8388	买盘
09:33:33	13.97	--	6	8382	卖盘
09:33:30	13.97	0.01	13	18161	买盘
09:33:21	13.96	-0.01	35	48860	卖盘
09:33:18	13.97	--	28	39116	买盘
09:33:06	13.97	-0.01	1	1397	买盘
09:33:03	13.98	--	71	99258	买盘
09:33:00	13.98	0.01	50	69900	买盘
09:32:57	13.97	--	24	33528	卖盘
09:32:54	13.97	--	3	4191	卖盘
09:32:39	13.97	0.01	2	2794	买盘
09:32:30	13.96	--	8	11168	卖盘
09:32:21	13.96	-0.02	15	20940	卖盘
09:32:18	13.98	0.01	3	4194	买盘
09:32:15	13.97	--	17	23749	买盘
09:32:06	13.97	--	4	5588	卖盘
09:31:54	13.97	-0.01	44	61468	卖盘
09:31:51	13.98	0.01	4	5592	买盘
09:31:45	13.97	-0.01	43	60071	卖盘
09:31:42	13.98	--	5	6990	买盘
09:31:33	13.98	-0.01	56	78288	卖盘
09:31:30	13.99	0.01	2	2798	买盘
09:31:24	13.98	--	9	12582	卖盘
09:31:21	13.98	-0.01	6	8388	卖盘
09:31:15	13.99	0.02	71	99329	买盘
09:31:09	13.97	--	41	57277	卖盘
09:31:06	13.97	--	10	13970	买盘
09:31:03	13.97	0.02	5	6985	买盘
09:30:51	13.95	0.01	40	56637	买盘
09:30:45	13.94	-0.03	144	200736	卖盘
09:30:42	13.97	--	15	20955	买盘
09:30:33	13.97	-0.01	7	9779	卖盘
09:30:12	13.98	--	102	143714	卖盘
09:30:06	13.98	-0.01	37	52005	卖盘
09:30:03	13.99	--	51	71349	卖盘
09:30:00	13.99	--	0	0	卖盘
09:25:03	13.99	13.99	64	89536	买盘
