成交时间	成交价	价格变动	成交量(手)	成交额(元)	性质
15:00:03	9.6	0.02	1274	1223040	买盘
14:57:00	9.58	--	0	0	卖盘
14:56:48	9.58	-0.01	10	9580	卖盘
14:56:36	9.59	--	3	2877	买盘
14:56:33	9.59	--	10	9590	买盘
14:56:12	9.59	--	10	9590	买盘
14:56:09	9.59	--	69	66171	买盘
14:56:06	9.59	--	83	79597	买盘
14:55:54	9.59	0.01	63	60417	买盘
14:55:42	9.58	--	262	251350	买盘
14:55:39	9.58	--	4	3832	买盘
14:55:36	9.58	0.01	5	4790	买盘
14:55:33	9.57	--	21	20097	卖盘
14:55:15	9.57	0.01	45	43065	买盘
14:55:03	9.56	--	19	18164	卖盘
14:55:00	9.56	0.01	556	531536	买盘
14:54:54	9.55	--	2	1910	卖盘
14:54:39	9.55	-0.01	10	9550	卖盘
14:54:36	9.56	0.01	14	13384	买盘
14:54:33	9.55	--	5	4775	卖盘
14:54:27	9.55	--	8	7640	卖盘
14:53:27	9.55	-0.01	107	102185	卖盘
14:53:15	9.56	--	1	956	买盘
14:52:48	9.56	--	114	108984	买盘
14:52:33	9.56	0.01	40	38240	买盘
14:52:30	9.55	-0.01	2	1910	卖盘
14:52:09	9.56	--	10	9560	买盘
14:52:00	9.56	--	74	70744	买盘
14:51:48	9.56	0.01	110	105160	买盘
14:51:45	9.55	--	30	28650	卖盘
14:51:33	9.55	--	4	3820	卖盘
14:51:24	9.55	--	3	2865	卖盘
14:51:06	9.55	--	5	4775	卖盘
14:50:57	9.55	-0.01	2	1910	卖盘
14:50:42	9.56	--	36	34416	买盘
14:50:06	9.56	--	5	4780	买盘
14:49:45	9.56	--	4	3824	买盘
14:49:30	9.56	0.01	20	19120	买盘
14:49:27	9.55	--	10	9550	卖盘
14:48:48	9.55	--	3	2865	卖盘
14:48:36	9.55	--	15	14325	卖盘
14:48:24	9.55	--	20	19100	卖盘
14:47:48	9.55	--	0	9	卖盘
14:47:42	9.55	--	4	3820	买盘
14:47:36	9.55	-0.01	16	15280	卖盘
14:47:18	9.56	0.01	3	2868	买盘
14:47:09	9.55	--	13	12415	卖盘
14:47:03	9.55	--	100	95500	卖盘
14:46:21	9.55	--	5	4775	卖盘
14:46:15	9.55	--	2	1910	卖盘
14:45:54	9.55	-0.01	1	955	卖盘
14:45:42	9.56	0.01	8	7648	买盘
14:45:30	9.55	--	18	17190	卖盘
14:45:15	9.55	--	31	29605	卖盘
14:44:33	9.55	--	8	7640	卖盘
14:44:15	9.55	-0.01	3	2865	卖盘
14:44:03	9.56	-0.01	71	67876	卖盘
14:43:57	9.57	0.01	4	3828	买盘
14:43:30	9.56	0.01	35	33460	买盘
14:43:27	9.55	-0.01	3	2865	卖盘
14:43:03	9.56	--	3	2868	卖盘
14:42:57	9.56	0.01	10	9560	买盘
14:42:27	9.55	--	10	9550	买盘
14:42:15	9.55	0.01	66	63030	买盘
14:41:54	9.54	-0.01	50	47699	卖盘
14:41:39	9.55	--	7	6685	卖盘
14:41:15	9.55	--	9	8595	卖盘
14:40:51	9.55	--	3	2865	卖盘
14:40:36	9.55	-0.03	9	8595	卖盘
14:40:24	9.58	--	7	7309	卖盘
14:40:21	9.58	--	1	958	卖盘
14:40:12	9.58	--	54	51732	卖盘
14:40:00	9.58	--	9	8622	卖盘
14:39:42	9.58	-0.01	10	9580	卖盘
14:39:27	9.59	--	3	2877	买盘
14:39:12	9.59	0.01	270	258930	中性盘
14:39:03	9.58	-0.01	30	28740	卖盘
14:38:57	9.59	0.01	123	118311	买盘
14:38:39	9.58	--	15	14370	买盘
14:38:36	9.58	--	10	9580	买盘
14:38:30	9.58	0.05	7	6706	买盘
14:37:54	9.53	-0.01	96	91488	卖盘
14:37:39	9.54	-0.01	70	66780	卖盘
14:37:36	9.55	--	20	19100	卖盘
14:37:18	9.55	-0.01	70	66850	卖盘
14:37:03	9.56	--	70	66920	卖盘
14:36:45	9.56	-0.02	70	66920	卖盘
14:36:24	9.58	-0.01	50	47900	卖盘
14:36:00	9.59	--	3	2877	买盘
14:35:18	9.59	--	6	6358	卖盘
14:34:45	9.59	--	4	3836	卖盘
14:34:42	9.59	--	19	18221	卖盘
14:34:39	9.59	0.01	20	19534	买盘
14:34:18	9.58	-0.01	5	4790	卖盘
14:34:12	9.59	--	58	55622	买盘
14:33:48	9.59	0.03	19	18221	买盘
14:32:24	9.56	--	10	9560	卖盘
14:32:09	9.56	--	26	24856	买盘
14:32:03	9.56	--	15	14340	买盘
14:31:48	9.56	-0.03	97	92732	卖盘
14:31:33	9.59	0.01	45	43759	买盘
14:31:27	9.58	0.01	14	13766	买盘
14:31:21	9.57	--	40	38280	买盘
14:30:45	9.57	--	50	47850	买盘
14:30:36	9.57	--	26	24882	买盘
14:29:30	9.57	--	40	38280	买盘
14:29:15	9.57	0.01	22	21054	买盘
14:29:09	9.56	-0.01	2	1912	卖盘
14:28:36	9.57	--	32	30624	买盘
14:28:33	9.57	--	20	19140	买盘
14:28:27	9.57	--	32	30624	买盘
14:28:15	9.57	0.01	32	30624	买盘
14:28:03	9.56	--	10	9560	卖盘
14:27:54	9.56	--	1	956	卖盘
14:27:39	9.56	--	1	956	卖盘
14:26:45	9.56	--	1	956	卖盘
14:25:33	9.56	--	20	19120	卖盘
14:25:30	9.56	0.02	104	99424	买盘
14:25:12	9.54	-0.02	75	71550	卖盘
14:24:48	9.56	0.01	118	113381	买盘
14:24:24	9.55	--	18	17190	买盘
14:24:06	9.55	--	40	38582	卖盘
14:24:00	9.55	--	19	18718	买盘
14:23:48	9.55	--	5	4775	买盘
14:23:39	9.55	--	18	17190	买盘
14:23:24	9.55	--	10	9550	买盘
14:23:18	9.55	--	19	18145	买盘
14:23:00	9.55	--	10	9550	买盘
14:22:33	9.55	0.01	50	47750	买盘
14:22:15	9.54	--	19	18126	卖盘
14:21:51	9.54	--	40	38160	卖盘
14:21:42	9.54	--	30	28619	卖盘
14:21:21	9.54	--	20	19080	卖盘
14:20:48	9.54	-0.01	15	14309	卖盘
14:20:36	9.55	-0.01	117	112117	卖盘
14:20:18	9.56	--	33	31548	买盘
14:19:33	9.56	--	3	2868	买盘
14:19:21	9.56	--	20	19120	买盘
14:18:57	9.56	--	14	13384	买盘
14:18:51	9.56	--	2	1912	买盘
14:18:48	9.56	--	4	3824	卖盘
14:18:39	9.56	--	6	5736	卖盘
14:18:36	9.56	--	1	956	买盘
14:18:15	9.56	--	38	36328	卖盘
14:17:51	9.56	--	20	19120	卖盘
14:17:45	9.56	-0.01	20	19120	卖盘
14:16:39	9.57	--	12	11484	卖盘
14:16:36	9.57	--	8	7656	买盘
14:16:09	9.57	--	4	3828	卖盘
14:16:00	9.57	-0.02	6	5742	卖盘
14:15:27	9.59	-0.01	4	4123	卖盘
14:15:18	9.6	0.01	10	9600	买盘
14:14:57	9.59	--	21	20139	卖盘
14:14:36	9.59	--	5	5226	卖盘
14:14:15	9.59	--	10	9590	卖盘
14:14:06	9.59	--	15	14816	卖盘
14:14:00	9.59	0.02	43	42004	买盘
14:13:42	9.57	-0.01	310	296670	卖盘
14:13:39	9.58	--	18	17675	卖盘
14:13:06	9.58	--	5	5221	卖盘
14:13:03	9.58	--	3	2874	卖盘
14:12:36	9.58	-0.01	5	5221	中性盘
14:12:30	9.59	0.02	9	8631	买盘
14:12:24	9.57	-0.02	150	143550	卖盘
14:12:06	9.59	--	36	34715	卖盘
14:12:03	9.59	--	5	5226	卖盘
14:11:39	9.59	--	5	5226	卖盘
14:11:36	9.59	--	100	95900	卖盘
14:11:03	9.59	--	5	5226	卖盘
14:10:51	9.59	--	10	9590	卖盘
14:10:42	9.59	--	5	4795	卖盘
14:10:30	9.59	-0.02	5	5226	卖盘
14:10:18	9.61	--	64	61984	卖盘
14:10:06	9.61	--	5	5237	卖盘
14:09:30	9.61	--	10	9610	卖盘
14:09:27	9.61	0.01	21	20229	买盘
14:09:24	9.6	--	7	7104	卖盘
14:09:18	9.6	--	17	16320	卖盘
14:09:12	9.6	--	5	4800	卖盘
14:09:03	9.6	--	5	5232	卖盘
14:08:54	9.6	--	1	960	卖盘
14:08:45	9.6	--	10	9600	卖盘
14:08:42	9.6	--	5	4800	卖盘
14:08:36	9.6	--	5	5232	卖盘
14:08:18	9.6	--	3	2880	卖盘
14:08:06	9.6	-0.01	5	5232	卖盘
14:08:03	9.61	--	19	18787	卖盘
14:07:48	9.61	0.01	8	8120	买盘
14:07:42	9.6	--	5	4800	卖盘
14:07:36	9.6	--	5	5232	卖盘
14:07:33	9.6	--	11	10560	卖盘
14:07:03	9.6	-0.01	5	5232	卖盘
14:06:51	9.61	--	10	9610	买盘
14:06:48	9.61	0.01	6	5766	买盘
14:06:36	9.6	--	5	5232	卖盘
14:06:27	9.6	--	15	14400	卖盘
14:06:18	9.6	--	7	6720	卖盘
14:06:00	9.6	--	5	5232	卖盘
14:05:39	9.6	-0.01	3	2880	卖盘
14:05:36	9.61	0.01	17	16336	买盘
14:05:30	9.6	-0.01	5	5232	卖盘
14:05:27	9.61	--	9	9177	卖盘
14:05:18	9.61	--	20	19220	卖盘
14:05:03	9.61	-0.01	5	5237	卖盘
14:05:00	9.62	-0.01	50	48099	卖盘
14:04:57	9.63	--	17	16371	买盘
14:04:54	9.63	0.01	17	16371	买盘
14:04:45	9.62	--	10	9620	卖盘
14:04:30	9.62	-0.01	36	35257	卖盘
14:04:18	9.63	--	0	770	买盘
14:04:00	9.63	--	9	8859	卖盘
14:03:57	9.63	--	32	30816	卖盘
14:03:42	9.63	0.01	22	21956	买盘
14:03:36	9.62	-0.01	21	20202	中性盘
14:03:27	9.63	0.01	166	159858	买盘
14:03:15	9.62	--	90	87157	卖盘
14:03:12	9.62	-0.01	34	32707	卖盘
14:03:09	9.63	--	265	255772	卖盘
14:03:00	9.63	--	1	963	卖盘
14:02:54	9.63	--	109	104967	卖盘
14:02:39	9.63	--	58	55854	卖盘
14:02:33	9.63	--	16	15408	卖盘
14:02:30	9.63	--	1	963	卖盘
14:02:24	9.63	--	5	4815	卖盘
14:02:03	9.63	--	10	9630	卖盘
14:02:00	9.63	--	1	963	卖盘
14:01:54	9.63	--	1	963	卖盘
14:01:51	9.63	--	10	9630	卖盘
14:01:48	9.63	--	11	10593	卖盘
14:01:45	9.63	-0.01	30	28890	卖盘
14:01:39	9.64	--	28	26992	买盘
14:01:15	9.64	--	504	486463	卖盘
14:01:03	9.64	-0.01	5	5205	卖盘
14:00:54	9.65	--	7	6755	买盘
14:00:48	9.65	--	30	28950	买盘
14:00:33	9.65	0.01	28	27406	买盘
14:00:27	9.64	-0.01	5	5369	卖盘
14:00:24	9.65	0.01	5	4825	买盘
14:00:15	9.64	--	50	48200	卖盘
14:00:06	9.64	--	50	48200	卖盘
13:59:57	9.64	--	5	5205	卖盘
13:59:51	9.64	--	10	9640	卖盘
13:59:30	9.64	--	5	5205	卖盘
13:59:27	9.64	--	14	13496	卖盘
13:59:18	9.64	--	64	61696	卖盘
13:59:03	9.64	-0.01	5	5205	卖盘
13:59:00	9.65	--	37	36284	卖盘
13:58:57	9.65	--	20	19300	卖盘
13:58:51	9.65	--	12	11580	卖盘
13:58:36	9.65	--	5	4825	卖盘
13:58:33	9.65	--	5	5211	卖盘
13:58:30	9.65	--	10	9650	卖盘
13:58:21	9.65	--	102	98430	买盘
13:58:18	9.65	--	2	1930	买盘
13:58:06	9.65	0.01	43	41495	买盘
13:58:00	9.64	-0.01	5	5205	卖盘
13:57:48	9.65	0.01	6	5790	买盘
13:57:39	9.64	--	30	28920	卖盘
13:57:30	9.64	--	5	5205	卖盘
13:57:27	9.64	--	9	8676	卖盘
13:57:21	9.64	0.01	13	12532	买盘
13:57:18	9.63	-0.01	16	15408	卖盘
13:57:15	9.64	--	56	53984	买盘
13:57:12	9.64	--	14	13496	买盘
13:57:09	9.64	--	4	3856	买盘
13:57:03	9.64	0.01	12	11953	买盘
13:56:57	9.63	--	67	64521	买盘
13:56:54	9.63	0.01	14	13482	买盘
13:56:36	9.62	--	4	3847	卖盘
13:56:33	9.62	--	27	26358	卖盘
13:56:30	9.62	--	95	91389	买盘
13:56:24	9.62	0.01	7	6733	买盘
13:56:21	9.61	--	9	8649	卖盘
13:56:06	9.61	0.01	30	28830	买盘
13:56:00	9.6	--	269	258518	买盘
13:55:54	9.6	--	5	4800	买盘
13:55:48	9.6	--	21	20160	买盘
13:55:42	9.6	--	30	28800	买盘
13:55:39	9.6	0.01	80	76800	买盘
13:55:30	9.59	--	5	5178	卖盘
13:55:27	9.59	-0.01	15	14385	卖盘
13:55:21	9.6	0.01	15	14400	买盘
13:55:15	9.59	-0.01	10	9590	卖盘
13:55:12	9.6	0.01	1	960	买盘
13:55:00	9.59	-0.01	5	5178	卖盘
13:54:54	9.6	--	4	3840	买盘
13:54:39	9.6	0.01	60	57984	买盘
13:54:33	9.59	--	25	24521	买盘
13:54:30	9.59	0.01	207	198513	买盘
13:54:27	9.58	--	35	33530	卖盘
13:54:24	9.58	-0.01	100	95800	卖盘
13:54:15	9.59	0.01	8	7672	买盘
13:54:12	9.58	--	50	47900	卖盘
13:54:09	9.58	-0.01	5	5173	卖盘
13:54:06	9.59	0.01	10	9590	买盘
13:54:03	9.58	-0.01	10	9580	卖盘
13:54:00	9.59	--	1	959	买盘
13:53:51	9.59	--	26	24934	买盘
13:53:45	9.59	--	105	100695	买盘
13:53:33	9.59	0.01	8	7672	买盘
13:53:27	9.58	-0.01	5	5173	卖盘
13:53:18	9.59	0.01	22	21098	买盘
13:53:12	9.58	--	100	95800	卖盘
13:53:03	9.58	-0.01	5	5173	卖盘
13:52:57	9.59	--	4	3836	买盘
13:52:51	9.59	0.01	3	2877	买盘
13:52:45	9.58	-0.01	25	23950	卖盘
13:52:30	9.59	0.01	12	11508	买盘
13:52:27	9.58	-0.01	5	5173	卖盘
13:52:12	9.59	--	15	14385	买盘
13:52:06	9.59	0.01	35	33565	买盘
13:52:00	9.58	-0.01	5	5173	卖盘
13:51:54	9.59	0.01	11	10549	买盘
13:51:42	9.58	--	41	39278	卖盘
13:51:39	9.58	--	10	9580	卖盘
13:51:36	9.58	--	10	9580	卖盘
13:51:33	9.58	--	5	5173	卖盘
13:51:27	9.58	--	10	9580	卖盘
13:51:24	9.58	--	100	95800	卖盘
13:51:12	9.58	--	3	2874	卖盘
13:51:09	9.58	--	10	9580	卖盘
13:51:00	9.58	--	5	5173	卖盘
13:50:51	9.58	-0.01	1	958	卖盘
13:50:45	9.59	0.01	21	20139	买盘
13:50:42	9.58	--	12	11496	卖盘
13:50:27	9.58	--	7	7098	卖盘
13:50:12	9.58	--	170	163137	买盘
13:50:09	9.58	--	28	26824	买盘
13:49:51	9.58	--	3	2874	买盘
13:49:39	9.58	--	9	8622	买盘
13:49:27	9.58	--	50	47900	买盘
13:49:09	9.58	0.01	2	1916	买盘
13:49:06	9.57	-0.01	5	4785	卖盘
13:48:57	9.58	--	8	7664	买盘
13:48:54	9.58	--	7	6706	买盘
13:48:48	9.58	0.01	13	12454	买盘
13:48:27	9.57	-0.01	5	5167	卖盘
13:47:57	9.58	--	8	7664	买盘
13:47:54	9.58	--	13	12837	买盘
13:47:30	9.58	--	18	17244	买盘
13:47:24	9.58	--	23	22417	买盘
13:47:00	9.58	0.01	7	6706	买盘
13:46:54	9.57	--	0	210	卖盘
13:46:51	9.57	--	5	5167	卖盘
13:46:45	9.57	--	20	19140	卖盘
13:46:21	9.57	--	5	5167	卖盘
13:45:57	9.57	--	1	957	卖盘
13:45:54	9.57	-0.01	5	5167	卖盘
13:45:51	9.58	--	19	18202	买盘
13:45:48	9.58	0.01	12	11496	买盘
13:45:45	9.57	-0.01	229	219153	卖盘
13:45:33	9.58	0.01	15	14370	买盘
13:45:27	9.57	-0.01	5	5167	卖盘
13:45:21	9.58	--	38	36404	买盘
13:45:03	9.58	0.01	7	6706	买盘
13:44:54	9.57	--	14	13780	卖盘
13:44:30	9.57	-0.01	5	5167	卖盘
13:44:21	9.58	0.01	7	6706	买盘
13:44:18	9.57	-0.01	7	6699	卖盘
13:44:03	9.58	--	19	18202	买盘
13:44:00	9.58	0.01	20	19160	买盘
13:43:57	9.57	-0.01	5	5493	卖盘
13:43:45	9.58	0.01	13	12454	买盘
13:43:36	9.57	--	1	957	卖盘
13:43:33	9.57	--	1	957	卖盘
13:43:18	9.57	--	1	957	卖盘
13:43:09	9.57	-0.01	20	19140	卖盘
13:43:03	9.58	0.01	17	16286	买盘
13:42:30	9.57	-0.01	1	957	中性盘
13:42:21	9.58	0.02	5	4790	买盘
13:42:18	9.56	-0.02	5	5162	卖盘
13:42:15	9.58	--	7	6706	买盘
13:42:06	9.58	--	2	1916	买盘
13:42:03	9.58	0.01	30	28740	买盘
13:41:57	9.57	--	4	4775	卖盘
13:41:54	9.57	--	13	12833	卖盘
13:41:51	9.57	--	5	5167	卖盘
13:41:48	9.57	--	5	4785	卖盘
13:41:30	9.57	--	1	957	卖盘
13:41:21	9.57	-0.01	5	5167	卖盘
13:41:18	9.58	0.01	9	8622	买盘
13:40:54	9.57	-0.01	5	5167	卖盘
13:40:48	9.58	--	50	47900	买盘
13:40:45	9.58	--	9	8622	买盘
13:40:39	9.58	--	10	9580	买盘
13:40:27	9.58	--	11	10538	买盘
13:40:21	9.58	0.01	50	47900	买盘
13:40:18	9.57	--	5	5167	卖盘
13:40:12	9.57	--	4	3828	卖盘
13:40:09	9.57	--	6	6038	卖盘
13:39:51	9.57	--	5	5167	卖盘
13:39:45	9.57	--	10	9570	卖盘
13:39:42	9.57	0.01	1104	1056901	买盘
13:39:36	9.56	--	20	19120	卖盘
13:39:33	9.56	-0.01	5	4780	卖盘
13:39:27	9.57	0.01	16	15312	买盘
13:39:18	9.56	--	11	10898	卖盘
13:39:12	9.56	-0.01	0	391	卖盘
13:39:06	9.57	--	24	22968	买盘
13:39:03	9.57	--	5	4785	买盘
13:39:00	9.57	0.01	2	1914	买盘
13:38:48	9.56	--	5	5162	卖盘
13:38:42	9.56	-0.01	2	1912	卖盘
13:38:30	9.57	0.01	232	222024	买盘
13:38:21	9.56	--	5	5162	卖盘
13:38:00	9.56	--	32	30592	卖盘
13:37:54	9.56	-0.01	5	5162	卖盘
13:37:39	9.57	--	2	1914	买盘
13:37:33	9.57	--	11	10527	买盘
13:37:30	9.57	--	2	1914	买盘
13:37:06	9.57	--	24	22968	买盘
13:37:00	9.57	0.01	23	22011	买盘
13:36:51	9.56	-0.01	10	9560	卖盘
13:36:42	9.57	-0.01	50	47850	卖盘
13:36:33	9.58	--	12	11496	买盘
13:36:30	9.58	--	2	1916	买盘
13:35:57	9.58	--	2	1916	买盘
13:35:27	9.58	0.01	2	1916	买盘
13:35:24	9.57	-0.01	6	5742	卖盘
13:35:21	9.58	--	42	40236	买盘
13:35:12	9.58	0.01	47	45026	买盘
13:35:09	9.57	--	1	957	卖盘
13:34:57	9.57	0.01	193	185055	买盘
13:34:51	9.56	-0.01	14	13384	卖盘
13:34:48	9.57	--	13	12441	买盘
13:34:45	9.57	--	14	13398	买盘
13:34:33	9.57	--	41	39237	买盘
13:34:27	9.57	--	2	1914	买盘
13:34:15	9.57	--	30	28710	买盘
13:34:12	9.57	--	107	102437	卖盘
13:33:54	9.57	-0.01	0	488	卖盘
13:33:48	9.58	--	21	20118	买盘
13:33:42	9.58	0.01	4	3832	买盘
13:33:30	9.57	--	27	25839	卖盘
13:33:24	9.57	--	50	47850	卖盘
13:33:15	9.57	--	11	10527	卖盘
13:32:57	9.57	--	30	28710	卖盘
13:32:36	9.57	0.01	274	262648	买盘
13:32:30	9.56	-0.01	37	35372	卖盘
13:31:57	9.57	--	6	5742	买盘
13:31:48	9.57	--	23	22011	买盘
13:31:39	9.57	--	5	4785	买盘
13:31:21	9.57	0.01	11	10527	买盘
13:31:09	9.56	-0.01	12	11472	卖盘
13:31:06	9.57	--	24	22968	买盘
13:30:51	9.57	--	1	957	买盘
13:30:39	9.57	0.01	23	22011	买盘
13:30:33	9.56	-0.01	1	956	卖盘
13:30:24	9.57	0.02	6	5742	买盘
13:29:51	9.55	-0.02	3	2865	卖盘
13:29:42	9.57	--	8	7656	买盘
13:29:39	9.57	--	14	13398	买盘
13:29:03	9.57	--	10	9570	买盘
13:28:57	9.57	0.01	15	14929	买盘
13:28:54	9.56	-0.01	5	4780	卖盘
13:28:39	9.57	0.01	10	9570	买盘
13:28:27	9.56	--	6	5736	卖盘
13:28:18	9.56	-0.01	5	5162	卖盘
13:28:06	9.57	--	7	6699	买盘
13:28:03	9.57	--	9	8613	买盘
13:28:00	9.57	0.02	24	22968	买盘
13:27:45	9.55	--	5	5157	卖盘
13:27:39	9.55	--	21	20055	卖盘
13:27:27	9.55	-0.01	5	4775	卖盘
13:27:21	9.56	--	12	11472	买盘
13:27:18	9.56	0.01	20	19120	买盘
13:27:15	9.55	--	5	5157	卖盘
13:26:48	9.55	-0.01	5	5157	卖盘
13:26:39	9.56	0.01	7	6692	买盘
13:26:27	9.55	-0.02	5	5157	卖盘
13:26:18	9.57	0.01	40	38280	买盘
13:26:06	9.56	0.01	2	1912	中性盘
13:25:48	9.55	-0.02	5	5157	卖盘
13:25:42	9.57	0.01	12	11484	买盘
13:25:30	9.56	0.01	15	14340	买盘
13:25:24	9.55	-0.02	5	5157	卖盘
13:25:15	9.57	0.01	25	23925	买盘
13:25:00	9.56	--	17	16252	卖盘
13:24:57	9.56	0.01	66	63096	买盘
13:24:48	9.55	-0.01	5	5157	卖盘
13:24:39	9.56	0.01	9	8604	买盘
13:24:21	9.55	--	33	31515	卖盘
13:24:18	9.55	--	5	5157	卖盘
13:23:48	9.55	-0.01	5	5157	卖盘
13:23:42	9.56	0.01	30	28680	买盘
13:23:39	9.55	--	10	9550	卖盘
13:22:42	9.55	-0.02	8	8022	卖盘
13:22:39	9.57	0.02	7	6699	买盘
13:22:36	9.55	--	5	4775	卖盘
13:22:30	9.55	--	26	24830	卖盘
13:22:15	9.55	-0.02	5	5157	卖盘
13:22:06	9.57	--	4	3828	买盘
13:22:00	9.57	0.02	19	18183	买盘
13:21:45	9.55	-0.02	5	5157	卖盘
13:21:21	9.57	0.02	1	957	买盘
13:21:15	9.55	-0.02	5	5157	卖盘
13:21:12	9.57	-0.01	7	6699	卖盘
13:21:09	9.58	0.01	5	4790	买盘
13:21:06	9.57	0.01	59	56463	买盘
13:20:54	9.56	0.01	3	2868	买盘
13:20:45	9.55	--	5	5157	卖盘
13:20:33	9.55	-0.02	31	29605	卖盘
13:20:27	9.57	0.01	6	5742	买盘
13:20:15	9.56	-0.01	5	5162	中性盘
13:19:57	9.57	0.02	12	11484	买盘
13:19:48	9.55	-0.01	7	7067	卖盘
13:19:45	9.56	0.01	5	4780	买盘
13:19:33	9.55	--	10	9550	卖盘
13:19:15	9.55	--	5	5157	卖盘
13:19:03	9.55	-0.01	54	51570	卖盘
13:18:45	9.56	--	5	5162	卖盘
13:18:42	9.56	--	20	19120	卖盘
13:18:33	9.56	--	30	28680	卖盘
13:18:24	9.56	-0.02	5	5162	卖盘
13:18:09	9.58	0.01	22	21076	买盘
13:17:18	9.57	--	9	8613	买盘
13:17:00	9.57	--	5	4785	卖盘
13:16:57	9.57	-0.01	15	14355	卖盘
13:16:48	9.58	--	10	9580	买盘
13:16:33	9.58	--	8	7664	买盘
13:16:30	9.58	--	1	958	买盘
13:16:09	9.58	--	306	293148	卖盘
13:15:57	9.58	--	15	14370	卖盘
13:15:45	9.58	--	11	10538	买盘
13:15:42	9.58	--	11	10538	买盘
13:15:33	9.58	0.01	50	47900	买盘
13:15:27	9.57	-0.02	10	9570	卖盘
13:15:09	9.59	0.01	20	19180	买盘
13:14:54	9.58	--	11	10538	买盘
13:14:18	9.58	--	200	191600	买盘
13:13:57	9.58	--	12	11496	买盘
13:13:51	9.58	0.01	160	153280	买盘
13:13:48	9.57	--	20	19140	买盘
13:11:45	9.57	--	43	41151	卖盘
13:11:24	9.57	-0.01	10	9570	卖盘
13:10:45	9.58	--	30	28740	买盘
13:10:39	9.58	0.01	1	958	买盘
13:10:27	9.57	-0.01	3	2871	中性盘
13:10:09	9.58	--	1	958	买盘
13:10:06	9.58	-0.01	10	9580	中性盘
13:09:57	9.59	--	36	34524	买盘
13:09:54	9.59	--	180	172620	买盘
13:09:39	9.59	--	7	6713	买盘
13:09:36	9.59	0.02	80	76720	买盘
13:09:33	9.57	-0.02	72	69162	卖盘
13:09:21	9.59	--	3	2877	买盘
13:09:06	9.59	--	1	959	买盘
13:08:57	9.59	--	4	3836	买盘
13:08:24	9.59	--	17	16303	买盘
13:07:48	9.59	--	1	959	买盘
13:07:36	9.59	0.01	14	14126	买盘
13:07:27	9.58	--	2	2174	卖盘
13:07:24	9.58	--	17	16985	买盘
13:07:21	9.58	--	13	12454	买盘
13:07:18	9.58	--	12	11496	买盘
13:07:09	9.58	--	13	12454	买盘
13:07:06	9.58	--	61	58438	买盘
13:07:03	9.58	--	6	5748	买盘
13:06:51	9.58	--	26	24908	买盘
13:06:45	9.58	--	15	14370	买盘
13:06:39	9.58	--	39	37362	买盘
13:06:06	9.58	--	36	34488	买盘
13:05:57	9.58	0.02	9	8622	买盘
13:05:39	9.56	-0.02	40	38240	卖盘
13:05:36	9.58	--	16	15328	买盘
13:05:33	9.58	--	109	104422	买盘
13:05:24	9.58	0.03	2	1916	买盘
13:04:51	9.55	-0.03	17	16235	卖盘
13:04:33	9.58	--	1	958	买盘
13:04:18	9.58	--	15	14370	买盘
13:03:21	9.58	--	10	9580	买盘
13:03:00	9.58	-0.01	15	14628	卖盘
13:02:57	9.59	0.01	100	95900	买盘
13:02:51	9.58	--	50	47900	卖盘
13:02:48	9.58	-0.01	2	1916	卖盘
13:02:39	9.59	0.01	9	8631	买盘
13:02:24	9.58	--	90	86919	买盘
13:02:21	9.58	--	5	4790	买盘
13:02:09	9.58	--	14	13412	买盘
13:02:03	9.58	--	1	958	买盘
13:01:57	9.58	--	16	15328	买盘
13:01:51	9.58	0.02	16	15328	买盘
13:01:45	9.56	--	8	7648	买盘
13:01:42	9.56	0.01	3	2868	买盘
13:01:24	9.55	-0.01	2	1910	卖盘
13:01:21	9.56	--	16	15296	买盘
13:01:18	9.56	0.01	3	2868	买盘
13:00:09	9.55	0.03	49	46795	买盘
13:00:06	9.52	-0.01	1	952	卖盘
13:00:03	9.53	0.01	365	347845	买盘
13:00:00	9.52	--	0	0	买盘
11:30:00	9.52	--	0	0	买盘
11:29:57	9.52	--	20	19040	买盘
11:29:48	9.52	--	7	6664	买盘
11:29:33	9.52	0.01	200	190400	买盘
11:29:30	9.51	-0.01	2	2444	卖盘
11:29:27	9.52	0.01	5	4760	买盘
11:29:15	9.51	--	28	26628	买盘
11:29:12	9.51	--	12	11412	买盘
11:29:03	9.51	--	67	63717	买盘
11:29:00	9.51	--	2	1902	买盘
11:28:54	9.51	--	10	9510	买盘
11:28:39	9.51	0.01	4	3804	买盘
11:28:36	9.5	-0.01	10	9500	卖盘
11:28:30	9.51	0.01	20	19020	买盘
11:28:27	9.5	0.01	667	634115	买盘
11:28:18	9.49	--	5	4745	买盘
11:28:09	9.49	-0.01	2	1898	卖盘
11:28:06	9.5	--	10	9500	买盘
11:28:00	9.5	--	17	16150	买盘
11:27:06	9.5	--	11	10450	买盘
11:27:00	9.5	--	3	2850	买盘
11:26:51	9.5	--	10	9500	买盘
11:26:45	9.5	--	10	9500	买盘
11:26:03	9.5	--	2	1900	买盘
11:25:54	9.5	--	43	40850	买盘
11:25:48	9.5	--	9	8550	买盘
11:25:45	9.5	0.01	36	34200	买盘
11:25:39	9.49	-0.01	42	39858	中性盘
11:25:21	9.5	0.01	39	37050	买盘
11:25:06	9.49	--	9	8541	买盘
11:25:03	9.49	0.02	39	37011	买盘
11:24:54	9.47	-0.02	10	9470	卖盘
11:24:45	9.49	--	41	38909	买盘
11:24:18	9.49	--	63	59787	买盘
11:23:51	9.49	--	200	189800	买盘
11:23:18	9.49	--	9	8541	买盘
11:22:54	9.49	--	13	12337	买盘
11:22:27	9.49	0.02	13	12337	买盘
11:22:21	9.47	--	25	23675	卖盘
11:22:12	9.47	--	4	3788	卖盘
11:21:51	9.47	--	51	48297	买盘
11:21:42	9.47	-0.02	49	46403	卖盘
11:21:39	9.49	--	14	13286	买盘
11:21:09	9.49	--	14	13286	买盘
11:20:30	9.49	--	14	13286	买盘
11:20:12	9.49	--	50	47450	买盘
11:19:54	9.49	0.02	66	62634	买盘
11:19:36	9.47	--	5	4735	买盘
11:18:27	9.47	0.01	10	9470	买盘
11:17:39	9.46	-0.01	41	38786	卖盘
11:16:18	9.47	0.01	10	9470	买盘
11:16:03	9.46	-0.01	30	28380	卖盘
11:16:00	9.47	--	10	9470	买盘
11:15:21	9.47	--	30	28410	卖盘
11:15:18	9.47	-0.02	10	9470	卖盘
11:14:27	9.49	--	5	4745	买盘
11:14:18	9.49	-0.01	38	36062	中性盘
11:13:18	9.5	--	12	11400	买盘
11:13:15	9.5	--	7	6650	买盘
11:12:51	9.5	0.01	30	28500	买盘
11:12:42	9.49	--	120	113880	买盘
11:12:21	9.49	-0.01	78	74022	中性盘
11:11:48	9.5	0.01	15	14250	买盘
11:11:45	9.49	--	30	28470	买盘
11:11:21	9.49	0.03	18	17082	买盘
11:11:06	9.46	-0.03	7	6622	卖盘
11:10:36	9.49	--	226	214474	买盘
11:10:18	9.49	--	17	16133	买盘
11:10:09	9.49	-0.01	2	1898	中性盘
11:08:27	9.5	--	17	16150	买盘
11:08:09	9.5	--	19	18050	买盘
11:08:03	9.5	0.01	99	94050	买盘
11:07:45	9.49	-0.01	5	4745	卖盘
11:07:39	9.5	--	1	950	买盘
11:07:24	9.5	--	20	19000	买盘
11:06:51	9.5	--	19	18050	买盘
11:06:39	9.5	--	14	13300	买盘
11:06:27	9.5	0.01	18	17100	买盘
11:05:48	9.49	--	22	20878	买盘
11:05:39	9.49	--	16	15184	买盘
11:05:12	9.49	--	21	19929	买盘
11:05:06	9.49	--	10	9490	买盘
11:04:48	9.49	0.02	50	47450	买盘
11:04:45	9.47	--	34	32198	买盘
11:04:39	9.47	-0.02	1	947	中性盘
11:04:15	9.49	--	6	5694	买盘
11:03:45	9.49	--	6	5694	买盘
11:03:39	9.49	-0.01	6	5694	买盘
11:03:33	9.5	--	91	86450	买盘
11:03:30	9.5	--	14	13300	买盘
11:03:27	9.5	--	29	27550	买盘
11:03:21	9.5	--	12	11400	买盘
11:03:12	9.5	0.01	6	5700	买盘
11:02:42	9.49	-0.01	30	28470	卖盘
11:02:39	9.5	--	27	25650	买盘
11:02:30	9.5	--	5	4750	买盘
11:02:24	9.5	0.01	38	36100	买盘
11:02:21	9.49	-0.01	68	64532	卖盘
11:01:57	9.5	--	3	2850	买盘
11:01:54	9.5	--	1	950	买盘
11:01:48	9.5	0.02	1	950	买盘
11:01:33	9.48	-0.01	3	2844	买盘
11:01:30	9.49	--	1	949	卖盘
11:01:27	9.49	--	108	102492	买盘
11:01:21	9.49	--	2	1898	买盘
11:01:18	9.49	--	8	7592	买盘
11:00:57	9.49	--	2	1898	卖盘
11:00:54	9.49	-0.01	12	11388	卖盘
11:00:42	9.5	--	11	10450	买盘
11:00:39	9.5	0.01	38	36100	买盘
11:00:36	9.49	--	216	204984	买盘
11:00:27	9.49	--	1	949	买盘
11:00:00	9.49	--	26	24674	买盘
10:59:57	9.49	--	5	4745	买盘
10:59:54	9.49	0.01	40	37960	买盘
10:59:48	9.48	-0.01	1	948	卖盘
10:59:42	9.49	--	2	1898	买盘
10:59:33	9.49	0.03	27	25623	买盘
10:58:42	9.46	-0.02	121	114466	卖盘
10:58:30	9.48	-0.01	13	12324	卖盘
10:58:27	9.49	--	362	343538	买盘
10:58:15	9.49	--	8	7592	买盘
10:58:09	9.49	--	2	1898	买盘
10:58:00	9.49	0.01	1	949	买盘
10:57:45	9.48	--	21	19908	买盘
10:57:39	9.48	--	9	8532	买盘
10:57:33	9.48	--	14	13272	买盘
10:57:03	9.48	--	5	4740	买盘
10:56:48	9.48	--	16	15168	买盘
10:56:42	9.48	--	18	17064	买盘
10:56:27	9.48	--	5	4740	卖盘
10:56:21	9.48	-0.01	20	18960	卖盘
10:56:18	9.49	0.01	11	10439	买盘
10:56:09	9.48	--	36	35066	买盘
10:56:00	9.48	--	5	4740	买盘
10:55:24	9.48	--	15	14220	买盘
10:55:21	9.48	0.02	106	100488	买盘
10:54:42	9.46	-0.02	10	9460	卖盘
10:54:36	9.48	0.01	44	41712	买盘
10:54:15	9.47	--	9	8523	买盘
10:53:51	9.47	-0.01	66	62502	卖盘
10:53:48	9.48	0.01	2	1896	买盘
10:53:39	9.47	--	1	947	卖盘
10:53:36	9.47	-0.01	1	947	卖盘
10:53:12	9.48	--	12	11376	买盘
10:53:00	9.48	--	3	2844	买盘
10:52:54	9.48	--	10	9480	买盘
10:52:39	9.48	--	10	9480	买盘
10:52:30	9.48	--	44	41712	买盘
10:52:21	9.48	--	21	19908	买盘
10:52:18	9.48	--	35	33180	买盘
10:52:12	9.48	0.01	6	5688	买盘
10:51:57	9.47	-0.01	48	45456	卖盘
10:51:54	9.48	--	19	18012	买盘
10:51:33	9.48	0.01	19	18012	买盘
10:51:27	9.47	-0.01	3	2841	卖盘
10:51:24	9.48	0.01	21	19908	买盘
10:51:15	9.47	-0.01	20	18940	卖盘
10:51:03	9.48	--	5	4740	买盘
10:50:54	9.48	--	8	7584	买盘
10:50:51	9.48	--	6	5688	买盘
10:50:45	9.48	--	9	8532	买盘
10:50:33	9.48	--	2	1896	买盘
10:50:21	9.48	0.02	102	96696	买盘
10:50:18	9.46	-0.01	66	62436	卖盘
10:50:15	9.47	0.01	14	13258	买盘
10:50:06	9.46	-0.01	50	47300	卖盘
10:50:03	9.47	--	3	2841	买盘
10:50:00	9.47	--	11	10417	买盘
10:49:57	9.47	--	2	1894	买盘
10:49:51	9.47	--	6	5682	买盘
10:49:48	9.47	--	50	47350	买盘
10:49:39	9.47	--	5	4735	买盘
10:49:30	9.47	--	8	7576	买盘
10:49:27	9.47	--	6	5682	买盘
10:49:12	9.47	0.01	4	3788	买盘
10:48:54	9.46	--	6	5676	买盘
10:48:30	9.46	-0.01	4	3784	卖盘
10:48:27	9.47	--	4	3788	买盘
10:48:24	9.47	--	13	12311	买盘
10:48:18	9.47	0.01	42	39774	买盘
10:48:09	9.46	-0.01	8	7568	中性盘
10:48:03	9.47	0.01	9	8523	买盘
10:47:57	9.46	--	4	3784	买盘
10:47:42	9.46	--	10	9460	买盘
10:47:27	9.46	--	4	3784	买盘
10:47:12	9.46	--	15	14190	买盘
10:47:03	9.46	--	11	10406	买盘
10:46:57	9.46	--	4	3784	买盘
10:46:42	9.46	--	6	5676	买盘
10:46:39	9.46	--	2	1892	买盘
10:46:36	9.46	0.01	4	3784	买盘
10:46:24	9.45	-0.01	10	9450	卖盘
10:46:21	9.46	--	16	15136	买盘
10:46:03	9.46	0.01	13	12298	买盘
10:45:57	9.45	-0.01	77	72765	卖盘
10:45:51	9.46	--	100	94600	买盘
10:45:42	9.46	--	48	45408	买盘
10:45:39	9.46	0.01	9	8514	买盘
10:45:18	9.45	--	30	28349	卖盘
10:45:15	9.45	--	92	87421	买盘
10:44:51	9.45	--	13	12284	买盘
10:44:45	9.45	--	30	28349	买盘
10:44:27	9.45	--	20	18900	买盘
10:44:21	9.45	--	16	15119	买盘
10:44:09	9.45	--	16	15119	买盘
10:43:57	9.45	0.01	70	66150	买盘
10:43:51	9.44	-0.01	2	1888	卖盘
10:43:45	9.45	--	16	15119	买盘
10:43:39	9.45	0.01	1	944	买盘
10:43:33	9.44	--	42	40535	买盘
10:43:21	9.44	-0.01	13	12272	卖盘
10:43:03	9.45	--	11	10395	买盘
10:42:57	9.45	0.01	12	11340	买盘
10:42:54	9.44	-0.01	25	23600	卖盘
10:42:39	9.45	--	5	4725	买盘
10:42:30	9.45	--	23	21735	买盘
10:42:06	9.45	--	39	36855	买盘
10:41:51	9.45	--	12	11340	买盘
10:41:39	9.45	--	5	4725	买盘
10:41:06	9.45	--	7	6614	买盘
10:40:51	9.45	--	23	21735	买盘
10:39:54	9.45	--	14	13229	买盘
10:39:51	9.45	--	21	19845	买盘
10:39:39	9.45	--	5	4725	买盘
10:39:33	9.45	0.01	16	15119	买盘
10:39:27	9.44	-0.01	15	14160	卖盘
10:39:15	9.45	--	32	30239	买盘
10:39:12	9.45	--	4	3779	买盘
10:39:03	9.45	--	11	10395	买盘
10:38:39	9.45	--	4	3779	买盘
10:38:33	9.45	--	5	4725	买盘
10:38:27	9.45	--	55	51974	买盘
10:38:09	9.45	--	5	4725	买盘
10:38:06	9.45	--	8	7559	买盘
10:37:57	9.45	--	17	16064	买盘
10:37:54	9.45	--	40	37800	买盘
10:37:39	9.45	--	5	4725	买盘
10:37:27	9.45	0.01	7	6614	买盘
10:37:12	9.44	0.01	11	10384	买盘
10:37:03	9.43	-0.01	10	9430	卖盘
10:36:54	9.44	--	9	8496	买盘
10:36:42	9.44	-0.01	4	3776	中性盘
10:36:21	9.45	--	15	14174	买盘
10:36:18	9.45	--	7	6614	买盘
10:35:54	9.45	--	2	1889	买盘
10:35:39	9.45	--	23	21735	买盘
10:35:12	9.45	--	9	8505	买盘
10:34:36	9.45	--	24	22680	买盘
10:34:27	9.45	--	7	6614	买盘
10:34:18	9.45	--	36	34020	买盘
10:33:51	9.45	--	9	8505	买盘
10:33:36	9.45	--	12	11340	买盘
10:33:33	9.45	--	9	8505	买盘
10:32:51	9.45	--	12	11340	买盘
10:32:42	9.45	--	11	10395	买盘
10:32:00	9.45	--	1	944	买盘
10:31:15	9.45	--	12	11340	买盘
10:31:12	9.45	--	13	12284	买盘
10:31:06	9.45	--	10	9450	买盘
10:31:00	9.45	--	5	4725	买盘
10:30:18	9.45	--	2	1889	买盘
10:30:12	9.45	--	2	1889	买盘
10:30:09	9.45	--	2	1889	买盘
10:30:06	9.45	--	11	10395	买盘
10:30:00	9.45	--	5	4725	买盘
10:29:57	9.45	--	2	1889	买盘
10:29:54	9.45	--	6	5670	买盘
10:29:48	9.45	0.01	20	18900	买盘
10:29:42	9.44	0.02	14	13216	买盘
10:29:39	9.42	-0.02	3	2826	卖盘
10:29:30	9.44	--	16	15104	买盘
10:29:27	9.44	--	1	944	买盘
10:29:15	9.44	--	16	15104	买盘
10:29:09	9.44	0.03	9	8496	买盘
10:28:33	9.41	-0.04	43	40463	卖盘
10:28:06	9.45	--	21	19845	买盘
10:27:21	9.45	--	3	2835	买盘
10:27:18	9.45	--	2	1889	买盘
10:27:12	9.45	--	2	1889	买盘
10:26:30	9.45	0.04	20	18900	买盘
10:26:24	9.41	-0.04	106	99746	卖盘
10:26:15	9.45	--	1	944	买盘
10:26:12	9.45	--	2	1889	买盘
10:26:09	9.45	--	88	83160	买盘
10:26:03	9.45	0.01	9	8505	买盘
10:26:00	9.44	-0.01	14	13216	卖盘
10:25:54	9.45	--	11	10395	买盘
10:25:51	9.45	--	4	3779	买盘
10:25:48	9.45	--	11	10395	买盘
10:25:24	9.45	--	8	7559	买盘
10:25:21	9.45	--	13	12284	买盘
10:25:15	9.45	--	21	19845	买盘
10:25:12	9.45	--	2	1889	买盘
10:24:54	9.45	--	49	46305	买盘
10:24:51	9.45	--	7	6614	买盘
10:24:45	9.45	--	4	3779	买盘
10:24:33	9.45	0.02	9	8505	买盘
10:24:24	9.43	-0.02	131	123533	卖盘
10:24:21	9.45	--	5	4725	买盘
10:24:15	9.45	0.01	21	19845	买盘
10:24:09	9.44	0.01	27	26299	买盘
10:23:45	9.43	-0.01	200	188600	卖盘
10:23:39	9.44	--	2	1888	买盘
10:23:33	9.44	--	6	5664	买盘
10:23:21	9.44	--	4	3776	买盘
10:23:09	9.44	--	2	1888	买盘
10:23:03	9.44	--	18	17124	卖盘
10:22:57	9.44	--	0	811	买盘
10:22:54	9.44	--	77	72820	卖盘
10:22:45	9.44	--	10	9440	卖盘
10:22:42	9.44	-0.01	108	101952	卖盘
10:22:39	9.45	--	13	12284	买盘
10:22:33	9.45	--	24	22680	买盘
10:22:30	9.45	--	2	1889	买盘
10:22:24	9.45	0.01	14	13229	买盘
10:22:21	9.44	-0.01	1	944	卖盘
10:22:12	9.45	--	19	17955	买盘
10:22:09	9.45	--	46	43470	买盘
10:22:00	9.45	0.01	1	944	买盘
10:21:27	9.44	--	5	4720	卖盘
10:21:21	9.44	-0.01	10	9440	卖盘
10:21:18	9.45	--	20	18900	买盘
10:21:15	9.45	--	1	944	买盘
10:21:12	9.45	--	9	8505	买盘
10:21:00	9.45	--	20	18900	买盘
10:20:54	9.45	0.01	3	2835	买盘
10:20:51	9.44	-0.01	10	9440	卖盘
10:20:48	9.45	--	2	1889	买盘
10:20:39	9.45	0.01	29	27404	买盘
10:20:27	9.44	-0.01	38	35872	卖盘
10:20:24	9.45	--	86	81270	买盘
10:20:18	9.45	--	127	120014	买盘
10:20:15	9.45	--	1	944	买盘
10:20:12	9.45	--	2	1889	买盘
10:20:09	9.45	0.01	27	25514	买盘
10:20:06	9.44	--	50	47200	卖盘
10:19:45	9.44	--	5	4720	卖盘
10:19:39	9.44	--	80	75520	卖盘
10:19:36	9.44	-0.01	22	20768	卖盘
10:19:24	9.45	--	18	17010	买盘
10:19:18	9.45	--	35	33075	买盘
10:19:12	9.45	--	27	25514	买盘
10:19:00	9.45	--	15	14174	买盘
10:18:54	9.45	--	2	1889	买盘
10:18:39	9.45	--	35	33075	买盘
10:18:30	9.45	--	8	7559	买盘
10:18:27	9.45	0.01	2	1889	买盘
10:18:09	9.44	--	81	76464	卖盘
10:18:06	9.44	--	14	13216	卖盘
10:18:03	9.44	--	105	99120	卖盘
10:17:39	9.44	--	1	944	卖盘
10:17:36	9.44	-0.01	10	9440	卖盘
10:17:21	9.45	--	4	3779	买盘
10:17:09	9.45	0.01	20	18900	买盘
10:16:54	9.44	-0.01	5	4720	卖盘
10:16:51	9.45	--	4	3779	买盘
10:16:45	9.45	0.01	1	944	买盘
10:16:42	9.44	--	20	18880	卖盘
10:16:39	9.44	--	100	94400	卖盘
10:16:30	9.44	-0.01	64	60416	卖盘
10:16:21	9.45	--	4	3779	买盘
10:16:18	9.45	0.01	1	944	买盘
10:15:57	9.44	-0.01	119	112336	卖盘
10:15:54	9.45	--	4	3779	买盘
10:15:12	9.45	--	7	6614	买盘
10:15:06	9.45	--	24	22680	买盘
10:15:00	9.45	--	1	944	买盘
10:14:54	9.45	--	1	944	买盘
10:14:51	9.45	0.01	6	5670	买盘
10:14:30	9.44	--	2	1888	卖盘
10:14:27	9.44	--	5	4720	卖盘
10:14:21	9.44	--	293	277403	买盘
10:13:36	9.44	--	30	28320	买盘
10:13:30	9.44	--	6	5664	买盘
10:13:21	9.44	0.01	1	944	买盘
10:13:15	9.43	--	308	290444	买盘
10:12:48	9.43	--	22	20746	买盘
10:12:39	9.43	--	10	9430	买盘
10:12:27	9.43	0.01	76	71668	买盘
10:12:24	9.42	0.01	95	89490	买盘
10:11:33	9.41	--	3	2823	买盘
10:11:30	9.41	--	16	15056	买盘
10:10:51	9.41	--	107	100687	买盘
10:10:30	9.41	--	11	10351	买盘
10:10:27	9.41	--	6	5646	买盘
10:10:24	9.41	--	4	3764	买盘
10:10:21	9.41	--	4	3764	买盘
10:10:18	9.41	--	1	941	买盘
10:09:45	9.41	--	1	941	买盘
10:09:15	9.41	0.01	6	5646	买盘
10:08:48	9.4	--	2	1880	买盘
10:08:42	9.4	--	26	24440	买盘
10:08:21	9.4	--	18	16920	买盘
10:08:18	9.4	--	15	14100	买盘
10:08:09	9.4	--	41	38540	买盘
10:08:03	9.4	--	10	9400	买盘
10:08:00	9.4	--	1	940	买盘
10:07:54	9.4	0.01	21	19740	买盘
10:07:03	9.39	--	5	4695	卖盘
10:06:36	9.39	--	25	23475	卖盘
10:06:27	9.39	-0.02	4	3756	卖盘
10:06:15	9.41	--	1	941	买盘
10:06:06	9.41	--	10	9410	买盘
10:06:03	9.41	--	20	18820	买盘
10:05:42	9.41	--	12	11292	买盘
10:05:36	9.41	0.01	35	32935	买盘
10:04:51	9.4	--	50	47000	卖盘
10:04:33	9.4	-0.01	0	441	卖盘
10:04:30	9.41	0.01	1	941	买盘
10:04:24	9.4	-0.01	100	94000	卖盘
10:04:21	9.41	--	17	15997	买盘
10:04:18	9.41	--	11	10351	买盘
10:04:12	9.41	-0.01	52	48932	卖盘
10:04:06	9.42	--	2	1884	买盘
10:04:00	9.42	--	43	40506	卖盘
10:03:57	9.42	0.01	2	1884	中性盘
10:03:51	9.41	--	3	2823	买盘
10:03:45	9.41	--	8	7528	卖盘
10:03:42	9.41	-0.02	16	15056	卖盘
10:03:36	9.43	0.02	39	36777	买盘
10:03:33	9.41	-0.02	20	18820	卖盘
10:03:24	9.43	0.02	24	22632	买盘
10:03:21	9.41	-0.01	20	18820	卖盘
10:02:45	9.42	-0.01	16	15072	卖盘
10:02:36	9.43	--	16	15088	买盘
10:02:21	9.43	--	32	30176	买盘
10:01:51	9.43	0.01	1	943	买盘
10:00:51	9.42	--	11	10362	买盘
10:00:48	9.42	0.01	6	5652	买盘
10:00:42	9.41	-0.01	6	5646	卖盘
10:00:39	9.42	-0.01	13	12246	卖盘
10:00:36	9.43	0.01	13	12259	买盘
10:00:30	9.42	-0.01	25	23550	卖盘
10:00:21	9.43	0.01	10	9430	买盘
10:00:12	9.42	-0.01	20	18840	卖盘
10:00:06	9.43	--	26	24518	买盘
09:59:39	9.43	0.01	10	9430	买盘
09:59:30	9.42	-0.01	44	41448	卖盘
09:59:06	9.43	--	14	13202	买盘
09:58:57	9.43	-0.01	29	27347	中性盘
09:58:36	9.44	0.02	6	5664	买盘
09:58:33	9.42	-0.01	23	21666	卖盘
09:58:27	9.43	--	10	9430	卖盘
09:58:21	9.43	--	5	4715	买盘
09:58:06	9.43	--	30	28290	买盘
09:57:48	9.43	--	5	4715	买盘
09:57:42	9.43	--	21	19803	中性盘
09:56:33	9.43	-0.01	27	25461	卖盘
09:56:30	9.44	--	18	16992	买盘
09:56:03	9.44	0.01	18	16992	买盘
09:55:45	9.43	--	7	6601	买盘
09:55:42	9.43	0.01	20	18860	买盘
09:55:36	9.42	--	1	942	卖盘
09:55:06	9.42	0.02	29	27318	买盘
09:54:51	9.4	--	6	5640	卖盘
09:54:24	9.4	-0.02	3	2820	卖盘
09:54:21	9.42	0.02	21	19782	中性盘
09:53:42	9.4	--	3	2820	卖盘
09:53:36	9.4	--	20	18800	卖盘
09:53:33	9.4	--	28	26320	卖盘
09:53:21	9.4	-0.01	120	112800	卖盘
09:53:15	9.41	0.02	22	20702	买盘
09:52:54	9.39	-0.02	2	1878	卖盘
09:52:21	9.41	--	138	129858	卖盘
09:52:03	9.41	--	5	4705	卖盘
09:51:57	9.41	0.02	20	18820	买盘
09:51:36	9.39	--	10	9390	卖盘
09:50:51	9.39	--	10	9390	卖盘
09:50:42	9.39	0.01	1	939	买盘
09:49:39	9.38	--	13	12194	卖盘
09:49:27	9.38	--	18	16884	卖盘
09:49:18	9.38	--	50	46900	卖盘
09:49:06	9.38	--	13	12194	卖盘
09:48:57	9.38	-0.01	110	103180	卖盘
09:48:54	9.39	--	40	37560	买盘
09:48:51	9.39	--	39	36621	卖盘
09:48:33	9.39	--	40	37560	卖盘
09:48:18	9.39	--	16	15024	卖盘
09:48:03	9.39	--	13	12207	卖盘
09:47:51	9.39	-0.02	2	1878	卖盘
09:47:42	9.41	--	7	6587	卖盘
09:47:30	9.41	--	150	141150	卖盘
09:47:06	9.41	-0.03	90	84690	卖盘
09:46:51	9.44	--	6	5664	买盘
09:46:33	9.44	--	21	19824	买盘
09:46:30	9.44	--	51	48144	买盘
09:46:27	9.44	0.01	42	39648	买盘
09:46:15	9.43	-0.01	8	7544	中性盘
09:45:39	9.44	0.01	32	30208	买盘
09:45:33	9.43	--	50	47150	买盘
09:45:24	9.43	0.02	28	26404	买盘
09:45:03	9.41	--	29	27289	买盘
09:44:18	9.41	--	1	941	卖盘
09:44:15	9.41	0.02	11	10351	买盘
09:43:48	9.39	--	10	9390	卖盘
09:43:30	9.39	-0.01	50	46950	卖盘
09:43:18	9.4	--	18	16920	卖盘
09:43:15	9.4	--	2	1880	卖盘
09:43:12	9.4	0.01	1	940	卖盘
09:42:48	9.39	-0.02	100	93900	卖盘
09:42:24	9.41	--	1	941	买盘
09:42:09	9.41	--	1	941	买盘
09:41:39	9.41	--	8	7528	卖盘
09:41:27	9.41	-0.02	1	941	卖盘
09:41:15	9.43	--	16	15088	买盘
09:41:09	9.43	--	1	943	买盘
09:41:06	9.43	--	36	33948	买盘
09:40:39	9.43	--	1	943	买盘
09:40:33	9.43	-0.01	18	16974	买盘
09:40:27	9.44	--	1	944	买盘
09:40:15	9.44	0.06	3	2832	买盘
09:40:06	9.38	-0.06	90	84420	卖盘
09:40:03	9.44	--	13	12272	买盘
09:39:42	9.44	--	389	367216	卖盘
09:39:36	9.44	-0.02	200	188800	卖盘
09:39:27	9.46	-0.01	1	946	中性盘
09:39:18	9.47	0.02	105	99435	买盘
09:39:12	9.45	-0.01	1	944	卖盘
09:39:09	9.46	--	1	946	买盘
09:39:03	9.46	-0.01	21	19866	卖盘
09:38:54	9.47	0.01	44	41668	买盘
09:38:48	9.46	-0.01	22	20812	卖盘
09:38:42	9.47	--	1	947	买盘
09:38:39	9.47	--	10	9470	卖盘
09:38:36	9.47	--	53	50191	卖盘
09:38:33	9.47	--	20	18940	卖盘
09:38:30	9.47	--	19	17993	卖盘
09:38:18	9.47	-0.01	12	11364	卖盘
09:38:15	9.48	--	116	109968	买盘
09:38:12	9.48	0.01	46	43608	买盘
09:38:09	9.47	-0.01	49	46403	卖盘
09:38:06	9.48	0.01	99	93852	买盘
09:38:00	9.47	--	22	20834	卖盘
09:37:57	9.47	0.01	10	9470	买盘
09:37:48	9.46	--	24	22704	买盘
09:37:42	9.46	0.01	10	9460	买盘
09:37:36	9.45	--	51	48195	买盘
09:37:33	9.45	0.01	20	18900	买盘
09:37:30	9.44	-0.01	1	944	卖盘
09:37:27	9.45	0.01	35	33075	买盘
09:37:24	9.44	0.06	165	155760	买盘
09:37:21	9.38	--	3	2814	卖盘
09:37:12	9.38	-0.01	1	938	买盘
09:37:09	9.39	--	1	939	买盘
09:37:03	9.39	0.02	60	56340	买盘
09:36:51	9.37	-0.01	1	936	卖盘
09:36:48	9.38	--	2	1876	买盘
09:36:42	9.38	0.01	65	60970	买盘
09:36:39	9.37	--	27	25298	买盘
09:36:27	9.37	--	1	936	买盘
09:36:24	9.37	--	25	23424	买盘
09:36:12	9.37	-0.01	19	17803	卖盘
09:36:09	9.38	0.01	21	19698	买盘
09:36:03	9.37	--	1	936	卖盘
09:35:48	9.37	--	44	41228	买盘
09:35:36	9.37	--	3	2810	买盘
09:35:27	9.37	--	1	936	买盘
09:35:15	9.37	0.01	4	3747	中性盘
09:34:57	9.36	--	2	1872	中性盘
09:34:48	9.36	--	10	9360	卖盘
09:34:27	9.36	--	10	9360	卖盘
09:34:15	9.36	0.03	19	17784	买盘
09:34:00	9.33	-0.03	150	139950	卖盘
09:33:54	9.36	--	1	936	卖盘
09:33:36	9.36	0.02	3	2808	中性盘
09:33:00	9.34	-0.04	1	990	中性盘
09:32:51	9.38	--	23	21574	买盘
09:32:39	9.38	--	36	33768	买盘
09:32:36	9.38	0.04	44	41272	买盘
09:32:21	9.34	--	104	97136	卖盘
09:32:03	9.34	--	37	34558	买盘
09:31:57	9.34	0.03	44	41096	买盘
09:31:54	9.31	--	97	90307	卖盘
09:31:45	9.31	-0.02	50	46550	卖盘
09:31:27	9.33	--	12	11196	买盘
09:31:18	9.33	-0.01	38	35454	中性盘
09:30:54	9.34	--	5	4670	买盘
09:30:51	9.34	--	46	43841	卖盘
09:30:45	9.34	--	11	10274	卖盘
09:30:39	9.34	--	25	23966	卖盘
09:30:30	9.34	--	52	48568	卖盘
09:30:12	9.34	-0.04	70	65753	中性盘
09:30:03	9.38	0.01	131	122878	买盘
09:30:00	9.37	--	0	0	买盘
09:25:03	9.37	9.37	100	93699	买盘
