成交时间	成交价	价格变动	成交量(手)	成交额(元)	性质
15:00:03	9.78	--	1355	1325190	买盘
14:57:00	9.78	0.01	10	9780	买盘
14:56:57	9.77	-0.01	40	39080	卖盘
14:56:51	9.78	0.01	10	9780	买盘
14:56:48	9.77	--	10	9770	卖盘
14:56:45	9.77	--	10	9770	卖盘
14:56:42	9.77	--	22	21494	卖盘
14:56:39	9.77	--	4	3908	卖盘
14:56:36	9.77	--	138	134826	买盘
14:56:30	9.77	0.01	7	6839	买盘
14:56:27	9.76	--	4	3904	卖盘
14:56:24	9.76	-0.01	73	71248	卖盘
14:56:21	9.77	--	8	7816	买盘
14:56:18	9.77	--	8	7816	买盘
14:56:15	9.77	0.01	36	35172	中性盘
14:56:06	9.76	--	119	116407	卖盘
14:56:03	9.76	-0.01	36	35136	卖盘
14:56:00	9.77	0.01	118	115286	买盘
14:55:57	9.76	--	35	34160	卖盘
14:55:54	9.76	--	8	7808	卖盘
14:55:51	9.76	-0.01	121	118096	卖盘
14:55:48	9.77	--	64	62528	买盘
14:55:45	9.77	0.01	109	106493	买盘
14:55:36	9.76	-0.01	16	15616	卖盘
14:55:33	9.77	0.01	127	124079	买盘
14:55:30	9.76	-0.01	100	97600	卖盘
14:55:24	9.77	0.01	136	132872	买盘
14:55:21	9.76	--	183	178608	卖盘
14:55:18	9.76	--	168	163968	卖盘
14:55:15	9.76	-0.01	10	9760	卖盘
14:55:12	9.77	0.01	48	46896	买盘
14:55:06	9.76	--	62	60512	卖盘
14:55:00	9.76	-0.01	7	6832	卖盘
14:54:57	9.77	0.01	71	69367	买盘
14:54:54	9.76	-0.01	510	497760	卖盘
14:54:51	9.77	0.01	50	48850	买盘
14:54:48	9.76	-0.01	16	15616	卖盘
14:54:45	9.77	--	2	1954	买盘
14:54:42	9.77	0.01	240	234480	买盘
14:54:33	9.76	--	80	78080	卖盘
14:54:30	9.76	-0.01	84	81984	卖盘
14:54:24	9.77	0.01	101	98677	买盘
14:54:21	9.76	--	60	58560	卖盘
14:54:18	9.76	--	13	12688	卖盘
14:54:12	9.76	--	55	53680	买盘
14:54:09	9.76	--	24	23424	买盘
14:54:06	9.76	--	224	218624	卖盘
14:54:00	9.76	-0.01	41	40016	卖盘
14:53:57	9.77	0.01	17	16609	买盘
14:53:54	9.76	-0.01	5	4880	卖盘
14:53:51	9.77	--	6	5862	买盘
14:53:48	9.77	0.01	24	23448	买盘
14:53:45	9.76	-0.01	695	678320	卖盘
14:53:42	9.77	--	31	30287	买盘
14:53:39	9.77	--	79	77183	买盘
14:53:36	9.77	--	177	173642	卖盘
14:53:27	9.77	-0.01	31	30287	卖盘
14:53:24	9.78	--	11	10758	买盘
14:53:21	9.78	0.01	202	197556	买盘
14:53:18	9.77	--	210	205170	卖盘
14:53:15	9.77	-0.01	30	29310	卖盘
14:53:12	9.78	--	23	22494	买盘
14:53:09	9.78	0.01	70	68460	买盘
14:53:06	9.77	-0.01	20	19540	卖盘
14:53:03	9.78	--	20	19560	买盘
14:53:00	9.78	0.01	110	107580	买盘
14:52:57	9.77	-0.01	50	48850	卖盘
14:52:48	9.78	--	21	20538	买盘
14:52:45	9.78	--	58	56723	买盘
14:52:39	9.78	0.01	50	48900	买盘
14:52:36	9.77	--	22	21494	卖盘
14:52:33	9.77	--	368	359536	卖盘
14:52:18	9.77	--	7	6839	卖盘
14:52:06	9.77	-0.02	323	315571	卖盘
14:52:03	9.79	0.01	124	121395	买盘
14:51:54	9.78	0.01	10	9780	卖盘
14:51:51	9.77	-0.01	127	124342	卖盘
14:51:48	9.78	0.01	5	4890	买盘
14:51:45	9.77	-0.01	98	95746	卖盘
14:51:42	9.78	0.01	11	10758	买盘
14:51:39	9.77	-0.01	12	11724	卖盘
14:51:36	9.78	0.01	18	17604	买盘
14:51:33	9.77	-0.01	14	13678	卖盘
14:51:30	9.78	-0.01	25	25163	卖盘
14:51:24	9.79	0.01	4	3915	中性盘
14:51:21	9.78	-0.01	450	440100	卖盘
14:51:18	9.79	--	37	36223	买盘
14:51:15	9.79	0.01	10	9790	买盘
14:51:12	9.78	-0.01	3	2934	卖盘
14:51:06	9.79	0.01	10	9790	买盘
14:51:00	9.78	-0.01	122	119315	卖盘
14:50:54	9.79	--	9	8811	卖盘
14:50:51	9.79	--	8	7831	卖盘
14:50:45	9.79	0.01	10	9790	卖盘
14:50:42	9.78	-0.01	81	79218	卖盘
14:50:39	9.79	--	14	13705	卖盘
14:50:36	9.79	--	20	19580	卖盘
14:50:30	9.79	--	58	56781	卖盘
14:50:24	9.79	--	3	2936	卖盘
14:50:15	9.79	--	20	19580	卖盘
14:50:00	9.79	--	15	14684	卖盘
14:49:42	9.79	--	8	7831	卖盘
14:49:39	9.79	0.01	12	12012	买盘
14:49:30	9.78	--	164	160392	卖盘
14:49:27	9.78	--	24	23472	卖盘
14:49:24	9.78	--	50	48900	卖盘
14:49:21	9.78	-0.01	20	19560	卖盘
14:49:09	9.79	--	182	178177	买盘
14:48:57	9.79	0.01	6	5873	买盘
14:48:54	9.78	-0.01	11	10758	卖盘
14:48:51	9.79	0.02	50	48949	买盘
14:48:48	9.77	-0.02	721	704417	卖盘
14:48:45	9.79	--	154	150766	买盘
14:48:42	9.79	--	1	978	买盘
14:48:39	9.79	--	23	22516	买盘
14:48:33	9.79	--	12	11747	买盘
14:48:24	9.79	--	991	970903	卖盘
14:48:15	9.79	-0.01	14	13705	卖盘
14:48:12	9.8	--	5	4900	买盘
14:48:06	9.8	-0.01	252	246960	卖盘
14:48:03	9.81	0.01	18	17658	买盘
14:48:00	9.8	--	50	49000	卖盘
14:47:51	9.8	-0.01	15	14700	卖盘
14:47:48	9.81	0.01	4	3924	买盘
14:47:45	9.8	--	200	196000	卖盘
14:47:39	9.8	--	26	25480	卖盘
14:47:36	9.8	-0.01	281	275380	卖盘
14:47:30	9.81	--	4	3924	买盘
14:47:24	9.81	--	5	4905	买盘
14:47:21	9.81	0.01	5	4905	买盘
14:47:03	9.8	--	15	14700	卖盘
14:47:00	9.8	-0.01	47	46060	卖盘
14:46:57	9.81	--	10	9810	买盘
14:46:51	9.81	--	17	16677	卖盘
14:46:42	9.81	--	6	5886	买盘
14:46:30	9.81	--	4	3924	买盘
14:46:21	9.81	--	5	4905	买盘
14:46:06	9.81	-0.01	16	15696	中性盘
14:45:57	9.82	0.01	6	5892	买盘
14:45:54	9.81	--	4	3924	卖盘
14:45:42	9.81	0.01	8	7848	买盘
14:45:36	9.8	--	15	14700	卖盘
14:45:33	9.8	-0.01	49	48020	卖盘
14:45:24	9.81	-0.02	42	41202	卖盘
14:45:21	9.83	0.01	21	20643	买盘
14:45:12	9.82	0.01	80	78560	买盘
14:45:09	9.81	-0.01	18	17658	中性盘
14:45:06	9.82	--	31	30442	买盘
14:45:00	9.82	0.02	7	6874	买盘
14:44:51	9.8	--	10	9800	卖盘
14:44:48	9.8	-0.02	0	264	卖盘
14:44:36	9.82	0.01	126	123732	买盘
14:44:21	9.81	-0.01	81	79461	卖盘
14:44:15	9.82	0.01	1	982	买盘
14:44:06	9.81	--	20	19620	卖盘
14:43:57	9.81	--	25	24525	卖盘
14:43:54	9.81	--	20	19620	卖盘
14:43:51	9.81	--	9	8829	卖盘
14:43:48	9.81	--	1	981	买盘
14:43:42	9.81	--	9	8829	卖盘
14:43:39	9.81	0.01	46	45126	买盘
14:43:36	9.8	-0.01	5	4900	卖盘
14:43:33	9.81	--	1	981	买盘
14:43:30	9.81	--	15	14715	买盘
14:43:15	9.81	0.01	12	11772	买盘
14:43:03	9.8	--	28	27440	卖盘
14:43:00	9.8	--	13	12740	买盘
14:42:45	9.8	--	100	98000	买盘
14:42:42	9.8	--	5	4900	买盘
14:42:30	9.8	0.01	10	9800	买盘
14:42:27	9.79	-0.01	10	9790	卖盘
14:42:24	9.8	0.01	5	4900	买盘
14:42:18	9.79	-0.02	66	64613	卖盘
14:42:15	9.81	0.02	2	1962	买盘
14:42:03	9.79	-0.01	29	28390	卖盘
14:41:54	9.8	--	3	3018	卖盘
14:41:51	9.8	--	25	25401	买盘
14:41:45	9.8	--	107	104860	买盘
14:41:39	9.8	-0.01	888	870318	卖盘
14:41:33	9.81	--	141	138321	卖盘
14:41:27	9.81	--	50	49050	卖盘
14:41:18	9.81	--	20	19620	卖盘
14:41:12	9.81	-0.01	3	2943	卖盘
14:40:54	9.82	0.01	2	1964	买盘
14:40:51	9.81	-0.01	2	1962	卖盘
14:40:45	9.82	--	23	22586	卖盘
14:40:39	9.82	0.01	90	88380	买盘
14:40:36	9.81	-0.01	25	24525	卖盘
14:40:33	9.82	0.01	1	982	买盘
14:40:30	9.81	-0.01	322	315882	卖盘
14:40:27	9.82	0.01	10	9820	买盘
14:40:24	9.81	--	1	981	卖盘
14:40:21	9.81	-0.01	27	26487	卖盘
14:40:18	9.82	--	70	68740	买盘
14:40:09	9.82	0.01	10	9820	中性盘
14:40:06	9.81	--	18	17658	卖盘
14:39:48	9.81	-0.02	4	3924	卖盘
14:39:45	9.83	0.01	231	227073	买盘
14:39:30	9.82	0.01	10	9820	买盘
14:39:24	9.81	-0.01	3	2943	卖盘
14:39:21	9.82	--	23	22586	买盘
14:39:15	9.82	--	35	34370	卖盘
14:39:12	9.82	--	19	18658	卖盘
14:38:51	9.82	--	12	11784	买盘
14:38:48	9.82	-0.01	8	7856	卖盘
14:38:42	9.83	--	2	1966	买盘
14:38:33	9.83	-0.01	5	4915	卖盘
14:38:30	9.84	0.01	20	19680	买盘
14:38:27	9.83	--	4	3932	买盘
14:38:24	9.83	--	4	3932	买盘
14:38:18	9.83	--	24	23592	买盘
14:38:15	9.83	0.01	18	17694	买盘
14:38:12	9.82	-0.01	19	18658	中性盘
14:38:06	9.83	--	15	14745	买盘
14:37:54	9.83	0.03	91	89453	买盘
14:37:51	9.8	-0.02	600	588000	卖盘
14:37:48	9.82	--	5	4910	卖盘
14:37:45	9.82	-0.01	1	982	卖盘
14:37:42	9.83	0.01	19	18677	买盘
14:37:39	9.82	--	23	23135	买盘
14:37:36	9.82	--	100	98200	买盘
14:37:30	9.82	0.01	90	88380	买盘
14:37:24	9.81	--	16	15696	卖盘
14:37:18	9.81	-0.01	9	8829	卖盘
14:37:12	9.82	0.01	19	18658	买盘
14:37:06	9.81	--	152	149867	卖盘
14:36:54	9.81	-0.01	29	29125	卖盘
14:36:51	9.82	--	316	310744	卖盘
14:36:45	9.82	-0.01	53	52595	卖盘
14:36:42	9.83	0.01	19	18677	买盘
14:36:36	9.82	--	128	126255	买盘
14:36:30	9.82	0.01	5	4910	买盘
14:36:27	9.81	--	60	58860	卖盘
14:36:21	9.81	--	22	21582	卖盘
14:36:15	9.81	-0.01	29	29302	卖盘
14:36:12	9.82	--	19	18658	买盘
14:36:06	9.82	--	28	28144	卖盘
14:36:03	9.82	--	3	2946	卖盘
14:35:57	9.82	0.01	68	67109	买盘
14:35:54	9.81	-0.01	112	109891	卖盘
14:35:51	9.82	0.01	71	69722	买盘
14:35:45	9.81	-0.01	90	88721	卖盘
14:35:42	9.82	--	19	18658	买盘
14:35:39	9.82	-0.01	234	230436	卖盘
14:35:36	9.83	0.01	20	19660	买盘
14:35:33	9.82	--	108	106969	卖盘
14:35:24	9.82	-0.01	102	100438	卖盘
14:35:21	9.83	-0.01	4	3932	中性盘
14:35:18	9.84	0.02	141	138744	买盘
14:35:15	9.82	-0.01	17	16821	卖盘
14:35:12	9.83	--	19	18677	买盘
14:35:09	9.83	--	37	37275	卖盘
14:35:06	9.83	--	200	196600	卖盘
14:35:03	9.83	-0.01	2	2241	卖盘
14:34:57	9.84	--	10	9840	买盘
14:34:54	9.84	0.01	15	15379	买盘
14:34:45	9.83	-0.01	10	9997	卖盘
14:34:42	9.84	--	19	18696	买盘
14:34:33	9.84	0.01	37	36408	买盘
14:34:15	9.83	-0.01	14	13762	卖盘
14:34:12	9.84	--	19	18696	买盘
14:34:06	9.84	--	91	89544	买盘
14:34:00	9.84	--	10	9840	买盘
14:33:42	9.84	--	19	18696	买盘
14:33:30	9.84	0.01	2	1968	买盘
14:33:24	9.83	--	51	50133	卖盘
14:33:06	9.83	--	133	130739	买盘
14:32:57	9.83	--	13	12779	买盘
14:32:51	9.83	--	55	54065	买盘
14:32:45	9.83	--	100	98300	买盘
14:32:42	9.83	--	51	50133	买盘
14:32:39	9.83	--	125	122875	卖盘
14:32:33	9.83	--	87	85521	卖盘
14:32:30	9.83	-0.01	34	33422	卖盘
14:32:27	9.84	--	6	5904	买盘
14:32:18	9.84	--	53	52152	卖盘
14:32:15	9.84	--	65	63960	卖盘
14:32:12	9.84	-0.01	50	49200	卖盘
14:32:09	9.85	0.01	24	23640	买盘
14:32:06	9.84	--	40	39360	卖盘
14:32:00	9.84	-0.01	30	29520	卖盘
14:31:54	9.85	--	158	155630	买盘
14:31:39	9.85	0.01	44	43340	买盘
14:31:27	9.84	--	30	29520	买盘
14:31:24	9.84	--	11	10824	买盘
14:31:15	9.84	-0.01	74	72816	卖盘
14:31:12	9.85	--	10	9850	买盘
14:31:09	9.85	0.01	24	23640	买盘
14:31:06	9.84	--	39	38376	卖盘
14:31:00	9.84	-0.01	3	2952	卖盘
14:30:51	9.85	--	5	4925	买盘
14:30:45	9.85	--	24	23640	买盘
14:30:39	9.85	0.01	24	23640	买盘
14:30:27	9.84	0.01	16	15744	买盘
14:30:24	9.83	-0.01	14	13762	卖盘
14:30:21	9.84	--	18	17712	买盘
14:30:09	9.84	-0.01	40	39360	卖盘
14:30:03	9.85	--	61	60085	买盘
14:29:54	9.85	--	35	34475	买盘
14:29:42	9.85	--	10	9850	买盘
14:29:39	9.85	--	24	23640	买盘
14:29:30	9.85	0.01	59	58115	买盘
14:29:21	9.84	-0.01	20	19680	卖盘
14:29:09	9.85	0.01	24	23640	买盘
14:29:03	9.84	--	2	1968	买盘
14:29:00	9.84	0.01	10	9840	买盘
14:28:57	9.83	-0.01	21	20643	卖盘
14:28:48	9.84	--	4	3936	买盘
14:28:45	9.84	--	62	61008	卖盘
14:28:42	9.84	--	8	7872	买盘
14:28:39	9.84	0.01	84	82656	买盘
14:28:33	9.83	-0.01	4	3932	卖盘
14:28:30	9.84	0.01	24	23616	买盘
14:28:12	9.83	-0.01	14	13762	卖盘
14:28:09	9.84	0.01	24	23616	买盘
14:28:03	9.83	-0.01	45	44235	卖盘
14:27:54	9.84	--	10	9840	买盘
14:27:48	9.84	--	30	29520	买盘
14:27:45	9.84	--	3	2952	买盘
14:27:39	9.84	--	24	23616	买盘
14:27:36	9.84	--	1	984	买盘
14:27:30	9.84	--	51	50184	卖盘
14:27:24	9.84	--	50	49200	卖盘
14:27:15	9.84	--	37	36408	卖盘
14:26:57	9.84	--	1	984	卖盘
14:26:48	9.84	-0.01	1	984	卖盘
14:26:45	9.85	--	81	79785	买盘
14:26:36	9.85	0.01	10	9850	买盘
14:26:27	9.84	--	8	7872	卖盘
14:26:18	9.84	0.01	79	77736	买盘
14:26:12	9.83	-0.01	16	15728	卖盘
14:26:06	9.84	0.01	115	113160	买盘
14:25:33	9.83	--	50	49150	卖盘
14:25:24	9.83	--	10	9830	买盘
14:25:21	9.83	-0.01	40	39320	中性盘
14:25:18	9.84	--	20	19680	买盘
14:25:12	9.84	0.01	32	31488	买盘
14:25:09	9.83	--	50	49150	卖盘
14:25:03	9.83	--	100	98300	卖盘
14:25:00	9.83	--	70	68810	卖盘
14:24:54	9.83	--	60	58980	卖盘
14:24:51	9.83	--	50	49150	卖盘
14:24:30	9.83	-0.01	1	983	卖盘
14:24:24	9.84	--	23	22632	买盘
14:24:09	9.84	--	1	984	买盘
14:24:03	9.84	0.01	10	9840	买盘
14:24:00	9.83	-0.01	14	13762	卖盘
14:23:57	9.84	--	35	34440	买盘
14:23:54	9.84	--	2	1968	卖盘
14:23:51	9.84	--	1	984	卖盘
14:23:48	9.84	-0.01	100	98400	卖盘
14:23:39	9.85	--	83	81755	卖盘
14:23:36	9.85	--	65	64025	卖盘
14:23:33	9.85	0.01	100	98500	买盘
14:23:27	9.84	--	60	59040	卖盘
14:23:21	9.84	-0.02	50	49200	卖盘
14:23:18	9.86	0.01	70	69020	买盘
14:23:12	9.85	--	76	74860	买盘
14:23:06	9.85	0.01	20	19700	买盘
14:23:03	9.84	-0.01	50	49200	卖盘
14:23:00	9.85	--	51	50235	买盘
14:22:54	9.85	--	6	5910	买盘
14:22:48	9.85	--	2	1970	买盘
14:22:39	9.85	0.01	50	49250	买盘
14:22:36	9.84	--	13	12792	买盘
14:22:33	9.84	-0.01	121	119064	卖盘
14:22:30	9.85	0.01	197	194045	买盘
14:22:27	9.84	-0.01	60	59040	卖盘
14:22:21	9.85	0.01	94	92590	买盘
14:22:18	9.84	-0.01	50	49200	卖盘
14:22:03	9.85	0.01	21	20685	买盘
14:21:48	9.84	--	224	220416	卖盘
14:21:42	9.84	--	6	5904	买盘
14:21:36	9.84	--	100	98400	买盘
14:21:24	9.84	0.01	30	29520	买盘
14:21:21	9.83	-0.01	6	5898	卖盘
14:21:18	9.84	--	2	1968	买盘
14:21:03	9.84	--	5	4920	买盘
14:20:54	9.84	0.01	33	32472	买盘
14:20:45	9.83	-0.01	73	71759	卖盘
14:20:42	9.84	0.01	13	12792	买盘
14:20:39	9.83	--	10	9830	买盘
14:20:36	9.83	0.01	16	15728	买盘
14:20:33	9.82	-0.01	14	13748	卖盘
14:20:30	9.83	--	1	983	卖盘
14:20:21	9.83	--	30	29490	买盘
14:20:15	9.83	--	28	27524	买盘
14:20:09	9.83	--	30	29490	买盘
14:19:57	9.83	--	1	983	卖盘
14:19:54	9.83	--	13	12779	买盘
14:19:48	9.83	--	10	9830	买盘
14:19:36	9.83	--	88	86504	买盘
14:19:33	9.83	--	1	983	买盘
14:19:27	9.83	--	38	37354	买盘
14:19:24	9.83	--	9	8847	买盘
14:19:15	9.83	0.01	103	101249	买盘
14:19:12	9.82	-0.01	37	36334	卖盘
14:19:03	9.83	--	25	24575	买盘
14:18:54	9.83	--	10	9830	买盘
14:18:48	9.83	--	26	25558	买盘
14:18:45	9.83	-0.01	2	1966	中性盘
14:18:39	9.84	0.01	22	21648	买盘
14:18:36	9.83	-0.01	43	42269	卖盘
14:18:33	9.84	--	60	59040	买盘
14:18:24	9.84	--	6	5904	卖盘
14:18:18	9.84	--	124	122016	买盘
14:18:09	9.84	0.01	57	56088	买盘
14:17:54	9.83	--	6	5898	卖盘
14:17:48	9.83	-0.01	1	983	卖盘
14:17:45	9.84	0.02	10	9840	买盘
14:17:39	9.82	-0.01	426	418332	卖盘
14:17:36	9.83	--	110	108130	买盘
14:17:27	9.83	--	50	49150	买盘
14:17:21	9.83	-0.01	72	70776	卖盘
14:17:18	9.84	0.01	70	68880	买盘
14:17:12	9.83	-0.01	50	49150	卖盘
14:17:09	9.84	0.01	6	5904	买盘
14:17:06	9.83	-0.01	10	9830	卖盘
14:17:03	9.84	0.01	18	17712	买盘
14:17:00	9.83	--	4	3932	买盘
14:16:57	9.83	--	45	44235	买盘
14:16:54	9.83	--	24	23592	卖盘
14:16:51	9.83	--	50	49150	卖盘
14:16:48	9.83	-0.01	70	68810	卖盘
14:16:45	9.84	0.01	164	161376	买盘
14:16:42	9.83	--	60	58980	卖盘
14:16:39	9.83	--	30	29490	买盘
14:16:33	9.83	-0.01	30	29490	卖盘
14:16:30	9.84	--	11	10824	买盘
14:16:27	9.84	0.01	266	261744	买盘
14:16:24	9.83	--	5	4915	买盘
14:16:21	9.83	-0.01	7	6881	卖盘
14:16:12	9.84	--	200	196800	买盘
14:16:03	9.84	0.03	262	257808	买盘
14:15:54	9.81	-0.01	16	15696	卖盘
14:15:51	9.82	--	10	9820	中性盘
14:15:45	9.82	--	14	13748	买盘
14:15:42	9.82	--	102	100164	买盘
14:15:33	9.82	--	39	38298	买盘
14:15:30	9.82	0.01	10	9820	买盘
14:15:21	9.81	--	23	22563	卖盘
14:15:06	9.81	--	15	14715	卖盘
14:14:51	9.81	--	50	49050	卖盘
14:14:48	9.81	--	14	13734	卖盘
14:14:45	9.81	--	28	27468	买盘
14:14:33	9.81	--	10	9810	买盘
14:14:27	9.81	--	98	96138	买盘
14:14:24	9.81	--	321	314901	买盘
14:14:09	9.81	0.01	18	17658	买盘
14:13:48	9.8	-0.01	8	7840	卖盘
14:13:42	9.81	--	10	9810	买盘
14:13:30	9.81	0.01	7	6867	买盘
14:13:15	9.8	--	50	49000	卖盘
14:12:48	9.8	--	221	216580	买盘
14:12:45	9.8	0.01	6	5880	买盘
14:12:33	9.79	-0.01	17	16643	卖盘
14:12:27	9.8	0.01	35	34300	买盘
14:12:15	9.79	--	7	6852	卖盘
14:12:12	9.79	--	200	195799	卖盘
14:12:09	9.79	-0.01	18	17622	卖盘
14:12:06	9.8	--	100	98000	买盘
14:11:45	9.8	0.01	30	29400	买盘
14:11:42	9.79	-0.01	24	23495	卖盘
14:11:15	9.8	0.01	9	8820	买盘
14:11:12	9.79	-0.01	20	19580	卖盘
14:11:00	9.8	--	7	6860	买盘
14:10:57	9.8	--	7	6860	买盘
14:10:42	9.8	--	8	7840	买盘
14:10:39	9.8	--	22	21560	买盘
14:10:21	9.8	--	24	23520	买盘
14:09:57	9.8	0.01	10	9800	买盘
14:09:45	9.79	--	15	14684	卖盘
14:09:30	9.79	--	14	13705	卖盘
14:09:27	9.79	-0.01	54	52865	卖盘
14:09:18	9.8	--	6	5880	买盘
14:09:12	9.8	--	1	980	买盘
14:09:09	9.8	--	3	2940	买盘
14:09:06	9.8	--	9	8820	买盘
14:08:57	9.8	--	11	10780	买盘
14:08:45	9.8	--	50	49000	买盘
14:08:42	9.8	-0.01	33	32340	卖盘
14:08:39	9.81	--	80	78480	买盘
14:08:33	9.81	0.01	9	8829	买盘
14:08:27	9.8	-0.01	40	39200	卖盘
14:08:24	9.81	0.01	1	981	买盘
14:08:18	9.8	--	34	33320	买盘
14:08:15	9.8	--	116	113680	卖盘
14:08:12	9.8	--	45	44100	卖盘
14:08:06	9.8	--	10	9800	卖盘
14:07:42	9.8	--	30	29400	卖盘
14:07:33	9.8	--	30	29400	卖盘
14:07:18	9.8	--	21	20580	卖盘
14:07:15	9.8	--	2	1960	卖盘
14:07:06	9.8	--	25	24500	卖盘
14:07:03	9.8	--	74	72520	买盘
14:06:57	9.8	--	10	9800	买盘
14:06:54	9.8	--	5	4900	买盘
14:06:51	9.8	--	2	1960	买盘
14:06:48	9.8	--	11	10780	买盘
14:06:33	9.8	--	61	59780	买盘
14:06:30	9.8	--	23	22540	买盘
14:06:27	9.8	--	2	1960	买盘
14:06:24	9.8	--	100	98000	买盘
14:06:15	9.8	--	39	38220	买盘
14:06:06	9.8	0.01	18	17640	买盘
14:05:57	9.79	-0.01	10	9790	卖盘
14:05:45	9.8	--	50	49000	买盘
14:05:39	9.8	--	11	10780	买盘
14:05:33	9.8	--	39	38220	卖盘
14:05:24	9.8	--	3	2940	卖盘
14:05:21	9.8	--	60	58800	卖盘
14:05:15	9.8	--	50	49000	卖盘
14:05:12	9.8	--	20	19600	卖盘
14:05:09	9.8	--	50	49000	卖盘
14:05:03	9.8	--	108	105840	买盘
14:05:00	9.8	--	3	2940	买盘
14:04:57	9.8	--	3	2940	买盘
14:04:54	9.8	--	10	9800	买盘
14:04:33	9.8	0.01	10	9800	买盘
14:04:27	9.79	-0.01	193	188946	卖盘
14:04:24	9.8	--	8	7840	买盘
14:04:21	9.8	0.01	3	2940	买盘
14:03:45	9.79	-0.01	70	68530	卖盘
14:03:42	9.8	--	55	53900	买盘
14:03:36	9.8	--	15	14700	买盘
14:03:33	9.8	--	11	10780	买盘
14:03:24	9.8	--	11	10780	买盘
14:03:09	9.8	0.01	20	19600	买盘
14:03:06	9.79	--	79	77341	卖盘
14:02:57	9.79	0.01	66	64613	买盘
14:02:51	9.78	-0.01	25	24450	卖盘
14:02:48	9.79	--	26	25453	卖盘
14:02:12	9.79	0.01	1	978	卖盘
14:02:06	9.78	-0.01	5	4890	卖盘
14:02:00	9.79	0.01	26	25453	买盘
14:01:54	9.78	-0.01	24	23472	卖盘
14:01:51	9.79	--	19	18601	买盘
14:01:42	9.79	--	15	14684	卖盘
14:01:33	9.79	--	16	15663	买盘
14:01:30	9.79	--	4	3915	买盘
14:01:24	9.79	--	9	8811	买盘
14:01:12	9.79	--	22	21537	买盘
14:01:09	9.79	--	8	7831	买盘
14:00:57	9.79	--	22	21537	卖盘
14:00:39	9.79	--	67	65593	买盘
14:00:36	9.79	--	40	39160	买盘
14:00:33	9.79	0.01	2	1957	买盘
14:00:30	9.78	-0.01	12	11736	卖盘
14:00:24	9.79	--	5	4895	买盘
14:00:21	9.79	--	18	17622	买盘
14:00:15	9.79	--	28	27411	买盘
14:00:12	9.79	0.01	30	29369	买盘
14:00:03	9.78	-0.01	14	13692	卖盘
14:00:00	9.79	0.01	25	24474	买盘
13:59:57	9.78	-0.01	2	1955	卖盘
13:59:30	9.79	--	5	4895	买盘
13:59:27	9.79	--	30	29369	卖盘
13:59:24	9.79	--	10	9790	买盘
13:59:18	9.79	--	5	4895	买盘
13:59:15	9.79	-0.01	45	44054	卖盘
13:58:54	9.8	0.01	9	8820	买盘
13:58:27	9.79	-0.01	3	2936	卖盘
13:58:09	9.8	0.01	53	51940	买盘
13:57:57	9.79	-0.01	70	68530	卖盘
13:57:51	9.8	0.01	100	98000	买盘
13:57:48	9.79	-0.01	5	4895	卖盘
13:57:42	9.8	--	18	17640	买盘
13:57:30	9.8	0.01	3	2940	买盘
13:57:12	9.79	--	14	13705	卖盘
13:57:09	9.79	0.01	1	978	买盘
13:57:00	9.78	-0.01	68	66504	卖盘
13:56:48	9.79	--	31	30348	买盘
13:56:39	9.79	--	10	9790	买盘
13:56:24	9.79	--	5	4895	买盘
13:56:15	9.79	--	10	9790	买盘
13:56:09	9.79	--	3	2936	卖盘
13:56:00	9.79	--	37	36223	买盘
13:55:57	9.79	--	19	18601	买盘
13:55:45	9.79	--	5	4895	买盘
13:55:42	9.79	--	19	18601	卖盘
13:55:30	9.79	0.01	121	118458	买盘
13:55:27	9.78	--	10	9780	卖盘
13:55:24	9.78	--	40	39120	卖盘
13:55:21	9.78	--	30	29339	卖盘
13:54:33	9.78	-0.01	10	9780	卖盘
13:54:30	9.79	--	5	4895	卖盘
13:54:27	9.79	--	21	20559	卖盘
13:54:24	9.79	--	43	42096	卖盘
13:54:21	9.79	--	30	29369	卖盘
13:54:18	9.79	--	55	53844	卖盘
13:54:12	9.79	--	40	39160	卖盘
13:53:54	9.79	-0.01	12	11747	卖盘
13:53:36	9.8	--	1	980	买盘
13:53:12	9.8	0.01	20	19600	买盘
13:53:09	9.79	--	2	1957	卖盘
13:53:06	9.79	--	59	57760	卖盘
13:52:06	9.79	--	66	64613	买盘
13:52:03	9.79	--	10	9790	买盘
13:51:21	9.79	--	48	46991	买盘
13:51:15	9.79	0.01	19	18601	买盘
13:51:06	9.78	-0.01	8	7823	卖盘
13:51:03	9.79	0.01	13	12726	买盘
13:50:57	9.78	--	8	7823	卖盘
13:50:54	9.78	--	5	4890	卖盘
13:50:48	9.78	--	10	9780	卖盘
13:50:45	9.78	-0.01	99	96822	卖盘
13:50:42	9.79	--	10	9790	买盘
13:50:39	9.79	--	9	8811	买盘
13:50:36	9.79	--	9	8811	买盘
13:50:30	9.79	--	9	8811	卖盘
13:50:21	9.79	--	32	31327	卖盘
13:50:18	9.79	--	74	72446	卖盘
13:50:12	9.79	--	97	94962	卖盘
13:50:09	9.79	--	88	86151	卖盘
13:50:03	9.79	--	35	34265	卖盘
13:49:57	9.79	--	78	76362	卖盘
13:49:54	9.79	--	44	43075	卖盘
13:49:51	9.79	--	64	62655	卖盘
13:49:45	9.79	--	97	94962	卖盘
13:49:39	9.79	--	86	84193	卖盘
13:49:33	9.79	--	77	75383	卖盘
13:49:30	9.79	--	85	83215	卖盘
13:49:27	9.79	--	70	68530	卖盘
13:49:24	9.79	--	14	13705	卖盘
13:49:21	9.79	--	97	94962	卖盘
13:48:54	9.79	-0.01	16	15663	卖盘
13:48:39	9.8	--	5	4900	买盘
13:48:36	9.8	--	9	8820	买盘
13:48:15	9.8	--	1	980	买盘
13:48:03	9.8	0.01	5	4900	买盘
13:47:51	9.79	-0.01	13	12726	卖盘
13:47:48	9.8	--	39	38220	卖盘
13:47:30	9.8	--	3	2940	买盘
13:47:24	9.8	--	20	19600	买盘
13:47:21	9.8	--	50	49000	买盘
13:47:12	9.8	--	202	197960	买盘
13:46:54	9.8	0.01	106	103880	买盘
13:46:48	9.79	--	9	8811	卖盘
13:46:45	9.79	--	3	2936	卖盘
13:46:27	9.79	--	14	13705	卖盘
13:46:24	9.79	--	10	9790	卖盘
13:46:18	9.79	--	200	195799	卖盘
13:46:03	9.79	-0.01	75	73425	卖盘
13:45:54	9.8	--	50	49000	买盘
13:45:51	9.8	--	5	4900	买盘
13:45:36	9.8	--	30	29400	买盘
13:45:33	9.8	0.01	112	109760	买盘
13:45:21	9.79	-0.01	37	36223	卖盘
13:44:45	9.8	--	15	14700	买盘
13:44:42	9.8	0.01	2	1960	买盘
13:44:39	9.79	--	11	10768	卖盘
13:44:36	9.79	-0.01	1	978	卖盘
13:44:30	9.8	0.01	34	33320	买盘
13:44:09	9.79	--	177	173282	买盘
13:44:03	9.79	--	5	4895	买盘
13:43:54	9.79	--	110	107689	卖盘
13:43:51	9.79	-0.01	200	195799	卖盘
13:43:48	9.8	0.01	5	4900	买盘
13:43:24	9.79	--	1	978	卖盘
13:43:21	9.79	--	16	15663	卖盘
13:43:18	9.79	-0.01	36	35244	卖盘
13:42:57	9.8	0.01	25	24500	买盘
13:42:45	9.79	--	1	978	卖盘
13:42:42	9.79	--	213	208526	卖盘
13:42:33	9.79	--	1	978	卖盘
13:42:30	9.79	0.01	119	116500	买盘
13:42:21	9.78	-0.01	31	30317	卖盘
13:42:15	9.79	0.01	23	22516	买盘
13:42:09	9.78	--	5	4890	卖盘
13:42:06	9.78	-0.01	100	97800	卖盘
13:41:57	9.79	--	2	1957	买盘
13:41:48	9.79	--	15	14684	卖盘
13:41:42	9.79	--	1	978	卖盘
13:41:39	9.79	--	3	2936	卖盘
13:41:36	9.79	--	3	2936	卖盘
13:41:33	9.79	--	10	9790	卖盘
13:41:18	9.79	--	400	391599	卖盘
13:41:06	9.79	-0.01	200	195799	卖盘
13:41:03	9.8	0.01	16	15680	买盘
13:40:54	9.79	-0.01	20	19580	卖盘
13:40:51	9.8	--	3	2940	买盘
13:40:45	9.8	--	1	980	买盘
13:40:42	9.8	0.01	9	8820	买盘
13:40:39	9.79	-0.01	85	83215	卖盘
13:40:36	9.8	0.01	15	14700	买盘
13:40:30	9.79	-0.01	6	5873	卖盘
13:40:24	9.8	--	1	980	买盘
13:40:21	9.8	-0.01	209	204820	卖盘
13:40:15	9.81	--	28	27468	买盘
13:40:09	9.81	--	5	4905	买盘
13:40:00	9.81	--	10	9810	买盘
13:39:57	9.81	--	19	18639	买盘
13:39:54	9.81	--	11	10791	买盘
13:39:33	9.81	--	11	10791	买盘
13:39:21	9.81	--	9	8829	买盘
13:39:18	9.81	0.01	5	4905	买盘
13:39:03	9.8	--	50	49000	卖盘
13:38:45	9.8	--	63	61740	买盘
13:38:42	9.8	--	20	19600	买盘
13:38:06	9.8	--	4	3920	买盘
13:38:03	9.8	--	40	39200	买盘
13:37:48	9.8	--	1	980	买盘
13:37:45	9.8	--	24	23520	买盘
13:37:42	9.8	--	8	7840	买盘
13:37:39	9.8	--	21	20580	买盘
13:37:12	9.8	--	3	2940	买盘
13:37:06	9.8	--	5	4900	买盘
13:37:03	9.8	--	2	1960	买盘
13:37:00	9.8	--	25	24500	卖盘
13:36:54	9.8	--	80	78400	卖盘
13:36:42	9.8	--	14	13720	卖盘
13:36:39	9.8	--	76	74480	卖盘
13:36:33	9.8	-0.01	77	75460	卖盘
13:36:27	9.81	0.01	64	62784	买盘
13:36:18	9.8	-0.01	10	9800	卖盘
13:36:06	9.81	0.01	5	4905	买盘
13:35:51	9.8	-0.01	80	78400	卖盘
13:35:48	9.81	--	6	5886	买盘
13:35:45	9.81	0.01	14	13734	买盘
13:35:42	9.8	-0.01	40	39200	卖盘
13:35:39	9.81	0.01	3	2943	买盘
13:35:27	9.8	--	28	27440	买盘
13:35:24	9.8	--	86	84280	买盘
13:35:21	9.8	--	31	30380	买盘
13:35:18	9.8	--	16	15680	买盘
13:35:12	9.8	-0.01	29	28420	卖盘
13:35:06	9.81	0.01	34	33354	买盘
13:35:03	9.8	--	34	33320	卖盘
13:34:57	9.8	--	45	44100	卖盘
13:34:54	9.8	--	50	49000	卖盘
13:34:48	9.8	--	25	24500	卖盘
13:34:45	9.8	--	47	46060	买盘
13:34:42	9.8	--	3	2940	买盘
13:34:33	9.8	--	4	3920	买盘
13:34:27	9.8	--	5	4900	买盘
13:34:24	9.8	--	22	21560	买盘
13:34:18	9.8	--	5	4900	买盘
13:33:57	9.8	--	50	49000	买盘
13:33:51	9.8	--	35	34300	买盘
13:33:42	9.8	--	10	9800	卖盘
13:33:39	9.8	--	44	43120	卖盘
13:33:36	9.8	--	21	20580	卖盘
13:33:33	9.8	--	33	32340	卖盘
13:33:27	9.8	-0.01	34	33320	卖盘
13:33:24	9.81	0.01	43	42183	买盘
13:33:18	9.8	--	30	29400	卖盘
13:33:12	9.8	--	32	31360	买盘
13:32:57	9.8	--	8	7840	卖盘
13:32:54	9.8	--	3	2940	卖盘
13:32:51	9.8	--	20	19600	买盘
13:32:45	9.8	-0.01	10	9800	中性盘
13:32:36	9.81	0.01	50	49050	买盘
13:32:30	9.8	--	21	20580	买盘
13:32:24	9.8	--	25	24500	卖盘
13:32:06	9.8	--	48	47040	买盘
13:32:00	9.8	--	4	3920	买盘
13:31:51	9.8	--	20	19600	买盘
13:31:45	9.8	--	4	3920	买盘
13:31:24	9.8	--	20	19600	买盘
13:31:21	9.8	--	3	2940	买盘
13:31:12	9.8	--	3	2940	买盘
13:31:03	9.8	0.01	102	99960	买盘
13:31:00	9.79	--	5	4895	卖盘
13:30:45	9.79	--	137	134123	买盘
13:30:36	9.79	0.01	30	29369	买盘
13:30:33	9.78	-0.01	100	97800	卖盘
13:30:24	9.79	--	10	9790	买盘
13:30:21	9.79	0.01	11	10768	买盘
13:30:15	9.78	--	1	977	卖盘
13:30:09	9.78	--	20	19560	卖盘
13:29:51	9.78	-0.01	127	124205	卖盘
13:29:48	9.79	--	30	29369	中性盘
13:29:36	9.79	0.01	65	63634	买盘
13:29:24	9.78	--	100	97800	卖盘
13:28:09	9.78	-0.02	567	554526	卖盘
13:28:06	9.8	0.01	11	10780	买盘
13:27:48	9.79	-0.01	24	23495	卖盘
13:27:45	9.8	--	20	19600	买盘
13:27:24	9.8	--	29	28420	卖盘
13:27:09	9.8	--	5	4900	卖盘
13:27:06	9.8	--	5	4900	卖盘
13:26:51	9.8	0.01	62	60760	买盘
13:26:48	9.79	-0.01	18	17622	卖盘
13:26:45	9.8	--	6	5880	买盘
13:26:42	9.8	--	7	6860	买盘
13:26:12	9.8	--	158	154840	买盘
13:25:57	9.8	--	0	774	卖盘
13:25:51	9.8	--	38	37445	买盘
13:25:42	9.8	0.01	150	147000	买盘
13:25:33	9.79	--	10	9790	卖盘
13:25:21	9.79	--	19	18601	买盘
13:25:18	9.79	0.02	1	978	买盘
13:25:06	9.77	--	400	390800	卖盘
13:25:03	9.77	-0.01	72	70344	卖盘
13:24:57	9.78	--	14	13692	卖盘
13:24:54	9.78	--	178	174084	买盘
13:24:48	9.78	--	23	22494	买盘
13:24:36	9.78	--	21	20538	卖盘
13:24:27	9.78	--	102	99756	卖盘
13:23:45	9.78	--	30	29339	卖盘
13:23:39	9.78	--	17	16626	卖盘
13:23:30	9.78	--	100	97800	卖盘
13:23:24	9.78	--	122	119315	卖盘
13:23:18	9.78	--	46	44988	卖盘
13:23:12	9.78	-0.01	58	56723	卖盘
13:23:09	9.79	--	81	79299	买盘
13:23:06	9.79	0.01	5	4895	买盘
13:23:03	9.78	-0.01	50	48900	卖盘
13:22:51	9.79	--	3	2936	买盘
13:22:39	9.79	--	24	23495	买盘
13:22:36	9.79	--	1	978	买盘
13:22:27	9.79	--	50	48949	买盘
13:22:18	9.79	--	4	3915	买盘
13:22:06	9.79	--	51	49928	买盘
13:22:03	9.79	--	20	19580	买盘
13:21:57	9.79	--	11	10768	中性盘
13:21:42	9.79	--	64	62655	卖盘
13:21:36	9.79	0.01	45	44054	买盘
13:21:30	9.78	-0.01	14	13692	卖盘
13:21:27	9.79	--	28	27411	卖盘
13:21:12	9.79	--	50	48949	卖盘
13:21:06	9.79	--	50	48949	卖盘
13:21:00	9.79	--	80	78320	卖盘
13:20:54	9.79	--	70	68530	卖盘
13:20:51	9.79	--	20	19580	卖盘
13:20:42	9.79	-0.01	68	66572	卖盘
13:20:39	9.8	0.01	50	49000	买盘
13:20:36	9.79	-0.01	50	48949	卖盘
13:20:21	9.8	--	21	20580	买盘
13:20:12	9.8	0.01	28	27440	买盘
13:19:45	9.79	--	3	2936	买盘
13:19:42	9.79	--	10	9790	买盘
13:19:39	9.79	--	11	10768	买盘
13:19:36	9.79	--	20	19580	买盘
13:19:24	9.79	--	11	10768	买盘
13:19:21	9.79	--	3	2936	买盘
13:19:18	9.79	--	10	9790	买盘
13:19:03	9.79	--	6	5873	买盘
13:18:57	9.79	0.01	10	9790	买盘
13:18:42	9.78	-0.01	50	48900	卖盘
13:18:33	9.79	--	5	4895	买盘
13:18:24	9.79	0.01	10	9790	买盘
13:18:21	9.78	-0.01	20	19560	卖盘
13:18:18	9.79	--	102	99857	买盘
13:18:00	9.79	--	51	49928	买盘
13:17:51	9.79	--	5	4895	买盘
13:17:42	9.79	--	15	14684	买盘
13:17:39	9.79	--	16	15663	买盘
13:17:24	9.79	--	20	19580	买盘
13:17:21	9.79	--	30	29369	买盘
13:17:18	9.79	0.01	100	97899	买盘
13:17:15	9.78	--	20	19560	卖盘
13:17:12	9.78	-0.01	10	9780	卖盘
13:17:09	9.79	0.01	10	9790	买盘
13:17:00	9.78	-0.01	150	146700	卖盘
13:16:57	9.79	--	10	9790	买盘
13:16:51	9.79	0.01	20	19580	买盘
13:16:48	9.78	-0.01	10	9780	卖盘
13:16:42	9.79	--	6	5873	买盘
13:16:39	9.79	--	9	8811	买盘
13:16:21	9.79	--	20	19580	买盘
13:16:18	9.79	--	28	27411	买盘
13:16:06	9.79	--	16	15663	买盘
13:15:57	9.79	0.01	8	7831	买盘
13:15:54	9.78	--	44	43032	卖盘
13:15:51	9.78	-0.01	4	3911	卖盘
13:15:48	9.79	0.01	9	8811	买盘
13:15:45	9.78	-0.01	5	4890	卖盘
13:15:42	9.79	--	13	12726	卖盘
13:15:39	9.79	--	6	5873	买盘
13:15:33	9.79	--	33	32306	买盘
13:15:30	9.79	--	2	1957	买盘
13:15:21	9.79	--	14	13705	买盘
13:15:15	9.79	0.01	1	978	买盘
13:15:09	9.78	-0.01	14	13692	卖盘
13:15:06	9.79	0.01	30	29369	买盘
13:14:30	9.78	--	10	9780	卖盘
13:14:24	9.78	-0.01	20	19560	卖盘
13:14:00	9.79	--	1	978	买盘
13:13:48	9.79	--	2	1957	买盘
13:13:36	9.79	--	34	33286	买盘
13:13:27	9.79	0.01	5	4895	买盘
13:13:24	9.78	-0.01	33	32273	卖盘
13:13:21	9.79	--	16	15663	买盘
13:13:12	9.79	0.01	30	29369	买盘
13:13:06	9.78	-0.01	8	7823	卖盘
13:12:57	9.79	--	18	17622	买盘
13:12:45	9.79	--	52	50907	卖盘
13:12:36	9.79	--	16	15663	卖盘
13:12:33	9.79	0.01	8	7831	买盘
13:12:24	9.78	-0.01	1	977	卖盘
13:12:21	9.79	--	100	97899	买盘
13:12:15	9.79	--	5	4895	买盘
13:12:03	9.79	0.01	9	8811	买盘
13:11:54	9.78	-0.01	30	29339	卖盘
13:11:51	9.79	--	10	9790	买盘
13:11:48	9.79	--	9	8811	买盘
13:11:42	9.79	0.01	5	4895	买盘
13:11:39	9.78	-0.01	10	9780	卖盘
13:11:36	9.79	0.01	10	9790	买盘
13:11:30	9.78	-0.01	14	13692	卖盘
13:11:27	9.79	--	5	4895	买盘
13:11:15	9.79	--	20	19580	买盘
13:11:09	9.79	--	3	2936	买盘
13:11:06	9.79	--	37	36223	卖盘
13:11:03	9.79	--	10	9790	卖盘
13:11:00	9.79	--	67	65593	买盘
13:10:54	9.79	--	9	8811	买盘
13:10:45	9.79	--	5	4895	买盘
13:10:30	9.79	0.01	14	13705	买盘
13:10:24	9.78	-0.01	1	977	卖盘
13:10:21	9.79	0.01	39	38181	买盘
13:10:06	9.78	--	20	19560	卖盘
13:10:03	9.78	--	17	16626	买盘
13:09:57	9.78	--	5	4890	买盘
13:09:51	9.78	--	28	27384	卖盘
13:09:45	9.78	--	4	3911	买盘
13:09:36	9.78	0.01	108	105624	买盘
13:09:33	9.77	--	15	14655	卖盘
13:09:30	9.77	-0.01	49	47873	卖盘
13:09:21	9.78	--	10	9780	买盘
13:09:18	9.78	0.01	5	4890	买盘
13:08:54	9.77	-0.01	20	19540	卖盘
13:08:27	9.78	--	1	977	买盘
13:08:24	9.78	--	23	22494	买盘
13:08:18	9.78	--	12	11736	买盘
13:08:00	9.78	0.01	6	5868	买盘
13:07:42	9.77	-0.01	44	42988	卖盘
13:07:21	9.78	0.01	1	977	买盘
13:07:18	9.77	--	14	13678	卖盘
13:07:15	9.77	--	300	293100	卖盘
13:06:51	9.77	-0.01	86	84022	卖盘
13:06:48	9.78	--	10	9780	买盘
13:06:45	9.78	--	50	48900	买盘
13:06:42	9.78	--	5	4890	买盘
13:06:39	9.78	--	26	25428	卖盘
13:06:33	9.78	-0.01	9	8802	卖盘
13:06:27	9.79	0.01	5	4895	买盘
13:06:24	9.78	--	9	8802	买盘
13:06:15	9.78	0.01	41	40098	卖盘
13:05:57	9.77	-0.01	50	48850	卖盘
13:05:51	9.78	--	14	13692	买盘
13:05:45	9.78	--	36	35208	卖盘
13:05:39	9.78	--	3	2934	买盘
13:05:36	9.78	0.01	47	45966	买盘
13:05:33	9.77	-0.01	24	23448	卖盘
13:05:21	9.78	--	10	9780	买盘
13:05:18	9.78	--	27	26406	买盘
13:05:03	9.78	--	13	12714	卖盘
13:04:45	9.78	0.01	10	9780	中性盘
13:04:09	9.77	--	10	9770	卖盘
13:03:27	9.77	-0.01	6	5862	卖盘
13:03:24	9.78	--	2	1955	买盘
13:03:21	9.78	--	6	5868	卖盘
13:03:18	9.78	--	30	29339	卖盘
13:03:00	9.78	--	6	5868	买盘
13:02:06	9.78	0.01	10	9780	买盘
13:02:03	9.77	-0.01	8	7816	卖盘
13:02:00	9.78	--	19	18582	卖盘
13:01:57	9.78	--	1	977	买盘
13:01:45	9.78	--	41	40098	买盘
13:01:39	9.78	0.01	15	14669	买盘
13:01:36	9.77	-0.01	124	121148	卖盘
13:01:21	9.78	--	1	977	买盘
13:01:12	9.78	--	20	19560	买盘
13:00:57	9.78	--	7	6846	中性盘
13:00:33	9.78	--	14	13692	卖盘
13:00:30	9.78	-0.01	16	15647	中性盘
13:00:12	9.79	--	30	29369	买盘
13:00:09	9.79	--	26	25453	卖盘
13:00:06	9.79	0.01	445	435654	买盘
13:00:03	9.78	-0.01	201	196578	卖盘
13:00:00	9.79	--	0	0	买盘
11:30:00	9.79	--	0	0	买盘
11:29:57	9.79	-0.01	147	143913	卖盘
11:29:24	9.8	0.01	10	9800	买盘
11:29:21	9.79	-0.01	38	37202	卖盘
11:29:00	9.8	0.01	26	25480	买盘
11:28:54	9.79	--	18	17622	卖盘
11:28:36	9.79	-0.01	6	5873	卖盘
11:28:21	9.8	0.01	5	4900	买盘
11:28:12	9.79	--	7	6852	卖盘
11:28:09	9.79	--	21	20559	买盘
11:27:33	9.79	-0.01	79	77341	卖盘
11:27:30	9.8	0.01	3	2940	买盘
11:27:27	9.79	-0.01	7	6852	卖盘
11:27:24	9.8	--	17	16660	买盘
11:27:18	9.8	--	1	980	买盘
11:27:06	9.8	--	12	11760	买盘
11:27:03	9.8	0.01	5	4900	买盘
11:26:45	9.79	-0.01	28	27411	卖盘
11:26:24	9.8	--	32	31360	买盘
11:26:21	9.8	0.01	3	2940	买盘
11:26:18	9.79	-0.01	14	13705	卖盘
11:25:36	9.8	0.01	9	8820	买盘
11:25:21	9.79	--	8	7831	买盘
11:25:18	9.79	0.01	18	17622	买盘
11:24:51	9.78	--	23	22494	买盘
11:24:33	9.78	0.01	10	9780	买盘
11:24:30	9.77	-0.01	5	4885	卖盘
11:24:27	9.78	0.01	3	2934	买盘
11:24:21	9.77	-0.01	14	13678	卖盘
11:24:18	9.78	0.01	141	137898	买盘
11:23:57	9.77	--	91	88907	买盘
11:23:51	9.77	--	15	14655	买盘
11:23:45	9.77	--	10	9770	买盘
11:23:39	9.77	--	15	14655	买盘
11:23:36	9.77	--	15	14655	买盘
11:23:33	9.77	--	60	58620	卖盘
11:23:27	9.77	--	6	5862	卖盘
11:23:15	9.77	-0.01	6	5862	卖盘
11:23:12	9.78	0.01	15	14669	买盘
11:23:06	9.77	--	2	1954	卖盘
11:23:00	9.77	--	10	9770	卖盘
11:22:54	9.77	--	21	20517	卖盘
11:22:45	9.77	--	1	977	卖盘
11:22:42	9.77	--	12	11724	买盘
11:22:36	9.77	0.01	17	16609	买盘
11:22:33	9.76	-0.01	50	48800	卖盘
11:22:27	9.77	--	85	83045	买盘
11:22:15	9.77	--	3	2931	买盘
11:22:06	9.77	0.01	7	6839	买盘
11:22:03	9.76	-0.01	350	341600	卖盘
11:22:00	9.77	--	19	18563	买盘
11:21:57	9.77	--	1	977	买盘
11:21:45	9.77	--	63	61551	买盘
11:21:36	9.77	0.01	24	23448	买盘
11:21:24	9.76	-0.01	23	22448	卖盘
11:21:21	9.77	--	566	553079	买盘
11:21:18	9.77	--	54	52758	卖盘
11:21:15	9.77	-0.01	14	13678	卖盘
11:21:12	9.78	0.01	180	176040	买盘
11:21:09	9.77	--	75	73275	卖盘
11:21:06	9.77	--	25	24425	卖盘
11:21:03	9.77	--	143	139711	卖盘
11:21:00	9.77	--	100	97700	卖盘
11:20:48	9.77	--	269	262813	卖盘
11:20:42	9.77	--	35	34195	卖盘
11:20:39	9.77	-0.01	4	3908	卖盘
11:20:30	9.78	--	10	9780	买盘
11:20:21	9.78	-0.01	504	493792	卖盘
11:20:18	9.79	--	11	10768	买盘
11:20:09	9.79	0.01	1	978	买盘
11:20:03	9.78	--	30	29339	卖盘
11:19:57	9.78	-0.01	20	19560	卖盘
11:19:51	9.79	--	40	39160	买盘
11:19:42	9.79	--	7	6852	买盘
11:19:21	9.79	--	3	2936	买盘
11:19:15	9.79	--	3	2936	卖盘
11:19:12	9.79	--	100	97899	卖盘
11:18:54	9.79	--	5	4895	卖盘
11:18:45	9.79	-0.01	200	195799	卖盘
11:18:33	9.8	0.01	4	3920	买盘
11:18:21	9.79	--	5	4895	卖盘
11:18:15	9.79	--	17	16643	卖盘
11:18:12	9.79	--	78	76362	卖盘
11:18:09	9.79	--	2	1957	卖盘
11:17:51	9.79	--	40	39160	卖盘
11:17:45	9.79	-0.01	158	154682	卖盘
11:17:39	9.8	--	10	9800	买盘
11:17:36	9.8	--	5	4900	买盘
11:17:33	9.8	0.01	10	9800	买盘
11:17:30	9.79	-0.01	7	6852	卖盘
11:17:24	9.8	0.01	2	1960	买盘
11:16:42	9.79	-0.01	5	4895	卖盘
11:16:39	9.8	--	40	39200	买盘
11:16:36	9.8	--	44	43120	买盘
11:16:30	9.8	--	7	6860	买盘
11:16:12	9.8	--	200	196000	买盘
11:16:09	9.8	--	10	9800	买盘
11:16:06	9.8	0.01	10	9800	买盘
11:16:00	9.79	-0.01	76	74404	卖盘
11:15:54	9.8	--	2	1960	买盘
11:15:36	9.8	0.01	3	2940	买盘
11:15:27	9.79	-0.01	3	2936	卖盘
11:15:21	9.8	--	17	16660	买盘
11:15:18	9.8	--	33	32340	买盘
11:15:15	9.8	0.01	47	46060	买盘
11:14:39	9.79	--	1	978	卖盘
11:14:33	9.79	-0.01	1	978	卖盘
11:14:15	9.8	--	14	13720	买盘
11:14:06	9.8	--	24	24294	卖盘
11:14:03	9.8	--	49	48020	卖盘
11:13:57	9.8	--	51	49980	卖盘
11:13:54	9.8	--	1	980	卖盘
11:13:51	9.8	0.01	190	186405	买盘
11:13:48	9.79	--	80	78320	卖盘
11:13:18	9.79	-0.01	50	48949	卖盘
11:13:15	9.8	0.01	39	38220	买盘
11:13:12	9.79	--	13	12726	卖盘
11:13:09	9.79	--	28	27411	卖盘
11:13:06	9.79	-0.01	30	29369	卖盘
11:13:00	9.8	0.01	109	106820	买盘
11:12:57	9.79	--	10	9790	卖盘
11:12:51	9.79	--	10	9790	卖盘
11:12:42	9.79	--	10	9790	卖盘
11:12:39	9.79	--	20	19580	卖盘
11:12:36	9.79	--	10	9790	卖盘
11:12:24	9.79	--	417	408242	买盘
11:12:15	9.79	--	23	22516	买盘
11:12:09	9.79	--	10	9790	买盘
11:11:45	9.79	--	56	54823	买盘
11:11:42	9.79	0.01	30	29369	买盘
11:11:36	9.78	--	10	9780	卖盘
11:11:33	9.78	--	5	4890	卖盘
11:11:30	9.78	--	120	117359	卖盘
11:11:24	9.78	--	67	65525	卖盘
11:11:21	9.78	-0.01	100	97800	卖盘
11:10:54	9.79	-0.01	201	196778	卖盘
11:10:51	9.8	0.01	30	29400	买盘
11:10:48	9.79	-0.01	49	47970	卖盘
11:10:45	9.8	--	1	980	买盘
11:10:42	9.8	0.01	29	28420	买盘
11:10:36	9.79	--	140	137060	卖盘
11:10:30	9.79	--	39	38181	卖盘
11:10:27	9.79	-0.01	53	51886	卖盘
11:10:18	9.8	--	21	20580	买盘
11:10:15	9.8	--	1	980	买盘
11:10:09	9.8	0.01	5	4900	买盘
11:10:06	9.79	-0.01	500	489499	卖盘
11:10:03	9.8	--	8	7840	买盘
11:09:57	9.8	--	13	12740	买盘
11:09:54	9.8	--	774	759294	卖盘
11:09:51	9.8	-0.01	20	19600	卖盘
11:09:30	9.81	0.01	4	3924	买盘
11:09:27	9.8	--	3	2940	卖盘
11:09:18	9.8	-0.01	9	8820	卖盘
11:09:15	9.81	--	30	29430	买盘
11:08:54	9.81	--	40	39240	卖盘
11:08:45	9.81	--	48	47088	卖盘
11:08:39	9.81	--	20	19620	卖盘
11:08:36	9.81	0.01	33	32373	买盘
11:08:18	9.8	--	20	19600	卖盘
11:07:48	9.8	-0.01	14	13720	卖盘
11:07:45	9.81	--	46	45126	卖盘
11:07:42	9.81	-0.01	74	72594	卖盘
11:07:39	9.82	0.01	8	7856	买盘
11:07:33	9.81	--	20	19620	卖盘
11:07:30	9.81	--	72	70632	卖盘
11:07:12	9.81	--	15	14715	卖盘
11:07:03	9.81	--	11	10791	卖盘
11:06:36	9.81	--	90	88290	买盘
11:06:30	9.81	--	100	98100	买盘
11:06:15	9.81	0.01	17	16677	买盘
11:06:12	9.8	-0.01	230	225772	卖盘
11:06:06	9.81	--	30	29430	买盘
11:06:00	9.81	--	27	26487	买盘
11:05:48	9.81	--	8	7848	卖盘
11:05:42	9.81	-0.01	62	60822	卖盘
11:05:36	9.82	0.01	7	6874	买盘
11:05:33	9.81	-0.01	24	23544	卖盘
11:05:21	9.82	0.01	34	33388	买盘
11:05:18	9.81	--	7	6867	买盘
11:05:03	9.81	--	2	1962	买盘
11:04:57	9.81	--	56	54936	卖盘
11:04:51	9.81	-0.01	50	49050	卖盘
11:04:48	9.82	0.01	2	1964	买盘
11:04:45	9.81	--	24	23544	卖盘
11:04:42	9.81	--	10	9810	卖盘
11:04:39	9.81	--	20	19620	卖盘
11:04:33	9.81	-0.01	5	4905	卖盘
11:04:18	9.82	--	6	5892	买盘
11:04:03	9.82	0.01	20	19640	买盘
11:03:48	9.81	--	72	70632	卖盘
11:03:42	9.81	--	14	13734	卖盘
11:03:39	9.81	-0.01	50	49050	卖盘
11:03:18	9.82	0.01	6	5892	买盘
11:03:09	9.81	-0.01	12	11772	卖盘
11:03:06	9.82	0.01	17	16694	买盘
11:03:03	9.81	--	15	14715	卖盘
11:02:57	9.81	-0.01	10	9810	卖盘
11:02:45	9.82	--	30	29460	买盘
11:02:18	9.82	0.02	5	4910	买盘
11:02:12	9.8	-0.02	14	13720	卖盘
11:02:09	9.82	--	6	5892	买盘
11:02:00	9.82	0.01	50	49100	买盘
11:01:54	9.81	--	100	98100	卖盘
11:01:51	9.81	-0.01	105	103005	卖盘
11:01:27	9.82	--	32	31424	买盘
11:01:03	9.82	--	10	9820	买盘
11:00:51	9.82	--	16	15712	买盘
11:00:42	9.82	--	6	5892	买盘
11:00:21	9.82	0.01	44	43208	买盘
10:59:51	9.81	-0.01	10	9810	卖盘
10:59:48	9.82	0.02	59	57938	买盘
10:59:39	9.8	-0.02	15	14700	卖盘
10:59:36	9.82	0.01	123	120786	买盘
10:59:21	9.81	--	37	37111	买盘
10:59:09	9.81	--	10	9810	买盘
10:59:06	9.81	--	12	11772	买盘
10:59:00	9.81	--	1	981	买盘
10:58:51	9.81	--	3	2943	买盘
10:58:36	9.81	--	1	981	买盘
10:58:33	9.81	--	18	17658	买盘
10:58:30	9.81	0.01	14	13734	买盘
10:58:24	9.8	-0.01	8	7840	卖盘
10:58:09	9.81	0.01	28	27468	买盘
10:57:48	9.8	-0.01	110	107800	卖盘
10:57:39	9.81	--	7	6867	买盘
10:57:33	9.81	--	30	29430	买盘
10:57:18	9.81	0.01	100	98100	买盘
10:57:15	9.8	-0.01	122	119560	卖盘
10:57:06	9.81	--	5	5071	卖盘
10:57:03	9.81	--	39	38259	卖盘
10:57:00	9.81	--	100	98100	卖盘
10:56:57	9.81	--	100	98100	卖盘
10:56:45	9.81	--	10	9810	卖盘
10:56:42	9.81	-0.01	1	981	卖盘
10:56:30	9.82	--	13	12766	买盘
10:56:27	9.82	--	9	8838	买盘
10:56:21	9.82	--	12	11784	买盘
10:55:42	9.82	0.01	12	11784	买盘
10:55:30	9.81	--	14	13734	卖盘
10:55:24	9.81	--	5	5719	买盘
10:55:21	9.81	--	47	46107	买盘
10:55:18	9.81	--	6	5886	买盘
10:55:00	9.81	0.01	19	18639	买盘
10:54:57	9.8	-0.01	28	27440	卖盘
10:54:54	9.81	--	30	29430	买盘
10:54:48	9.81	0.01	20	19620	买盘
10:54:45	9.8	-0.01	14	13720	卖盘
10:54:42	9.81	0.01	26	25506	买盘
10:54:33	9.8	--	1	980	卖盘
10:54:27	9.8	--	12	11760	卖盘
10:54:24	9.8	--	18	17640	卖盘
10:54:03	9.8	--	58	56840	买盘
10:53:57	9.8	--	25	24500	买盘
10:53:54	9.8	--	12	11760	买盘
10:53:51	9.8	--	73	71540	买盘
10:53:48	9.8	--	22	21560	买盘
10:53:45	9.8	--	89	87220	卖盘
10:53:42	9.8	--	100	98000	卖盘
10:53:36	9.8	--	239	234220	卖盘
10:53:24	9.8	-0.01	22	21560	卖盘
10:53:21	9.81	0.01	30	29430	买盘
10:53:12	9.8	-0.01	11	10780	卖盘
10:53:06	9.81	--	1	981	买盘
10:53:03	9.81	--	39	38259	买盘
10:52:57	9.81	--	1	981	买盘
10:52:48	9.81	--	6	5886	买盘
10:52:42	9.81	--	10	9810	买盘
10:52:39	9.81	--	1	981	买盘
10:52:30	9.81	--	3	2943	买盘
10:52:27	9.81	--	2	1962	买盘
10:52:24	9.81	0.01	35	34335	买盘
10:52:09	9.8	-0.01	14	13720	卖盘
10:52:06	9.81	0.01	11	10791	买盘
10:51:54	9.8	-0.01	117	114660	卖盘
10:51:27	9.81	0.01	7	6867	买盘
10:51:06	9.8	--	10	9800	卖盘
10:50:54	9.8	--	10	9800	卖盘
10:50:48	9.8	--	80	78400	买盘
10:50:45	9.8	--	14	13720	买盘
10:50:42	9.8	--	16	15680	买盘
10:50:39	9.8	--	3	2940	买盘
10:50:24	9.8	--	5	4900	买盘
10:50:21	9.8	--	28	27440	买盘
10:50:15	9.8	--	1	980	买盘
10:50:12	9.8	--	18	17640	买盘
10:50:06	9.8	--	23	22540	买盘
10:49:57	9.8	--	10	9800	买盘
10:49:54	9.8	--	4	3920	买盘
10:49:48	9.8	0.01	5	4900	卖盘
10:49:39	9.79	-0.01	21	20559	卖盘
10:49:36	9.8	--	6	5880	买盘
10:49:27	9.8	--	10	9800	买盘
10:49:24	9.8	--	6	5880	买盘
10:49:15	9.8	--	14	13720	买盘
10:49:06	9.8	--	2	1960	买盘
10:49:03	9.8	--	17	16660	买盘
10:48:57	9.8	--	2	1960	买盘
10:48:48	9.8	--	39	38220	卖盘
10:48:39	9.8	--	159	155820	买盘
10:48:27	9.8	--	30	29400	买盘
10:48:21	9.8	-0.01	251	245980	卖盘
10:48:18	9.81	0.01	2	1962	买盘
10:48:06	9.8	--	200	196000	卖盘
10:48:00	9.8	--	4	3920	卖盘
10:47:51	9.8	--	18	17640	卖盘
10:47:36	9.8	--	2	1960	卖盘
10:47:27	9.8	-0.01	90	88200	卖盘
10:47:21	9.81	0.01	56	54936	买盘
10:47:06	9.8	--	14	13720	卖盘
10:47:00	9.8	-0.01	14	13720	卖盘
10:46:57	9.81	0.01	18	17658	买盘
10:46:51	9.8	-0.01	20	19600	卖盘
10:46:45	9.81	0.01	12	11772	买盘
10:46:39	9.8	--	3	2940	卖盘
10:46:36	9.8	-0.01	22	21560	卖盘
10:46:30	9.81	0.01	100	98100	买盘
10:46:21	9.8	-0.01	66	64680	卖盘
10:46:15	9.81	0.01	20	19620	买盘
10:46:06	9.8	-0.01	8	7840	卖盘
10:45:51	9.81	--	3	2943	买盘
10:45:42	9.81	--	9	8829	买盘
10:45:21	9.81	--	15	14715	买盘
10:45:18	9.81	0.01	57	55917	买盘
10:45:09	9.8	--	5	4900	卖盘
10:44:57	9.8	--	49	48020	卖盘
10:44:51	9.8	--	97	95060	买盘
10:44:48	9.8	--	19	18620	买盘
10:44:39	9.8	--	10	9800	买盘
10:44:36	9.8	0.01	11	10780	买盘
10:44:27	9.79	-0.01	14	13705	卖盘
10:44:24	9.8	--	8	7840	卖盘
10:44:06	9.8	--	29	28420	卖盘
10:44:03	9.8	-0.01	26	25480	卖盘
10:43:54	9.81	0.01	5	4905	买盘
10:43:33	9.8	--	5	4900	卖盘
10:43:27	9.8	--	240	235200	卖盘
10:43:18	9.8	--	300	294000	卖盘
10:43:12	9.8	-0.01	8	7840	卖盘
10:43:00	9.81	0.01	22	21582	买盘
10:42:15	9.8	--	47	46060	卖盘
10:42:12	9.8	-0.01	42	41326	卖盘
10:42:00	9.81	--	3	3757	买盘
10:41:51	9.81	--	52	51012	买盘
10:41:48	9.81	0.01	11	10791	买盘
10:41:42	9.8	--	80	78400	卖盘
10:41:36	9.8	--	12	11760	卖盘
10:41:27	9.8	--	56	54880	买盘
10:41:18	9.8	--	6	5880	卖盘
10:41:15	9.8	--	24	23520	买盘
10:41:12	9.8	--	20	19600	买盘
10:41:06	9.8	--	42	41160	买盘
10:41:00	9.8	0.01	4	3920	买盘
10:40:54	9.79	--	20	19580	卖盘
10:40:48	9.79	-0.01	195	190904	卖盘
10:40:45	9.8	0.01	14	13720	买盘
10:40:39	9.79	--	37	36223	卖盘
10:40:27	9.79	-0.01	9	8811	卖盘
10:40:21	9.8	--	9	8820	买盘
10:40:18	9.8	0.01	21	20580	买盘
10:40:12	9.79	--	14	13705	卖盘
10:40:00	9.79	--	164	160556	卖盘
10:39:57	9.79	-0.01	10	9790	卖盘
10:39:42	9.8	0.01	16	15680	买盘
10:39:33	9.79	-0.01	654	640266	卖盘
10:39:30	9.8	--	5	4900	卖盘
10:39:21	9.8	--	6	5880	卖盘
10:39:12	9.8	-0.01	30	29400	卖盘
10:39:09	9.81	0.01	30	29430	买盘
10:38:54	9.8	--	376	368480	卖盘
10:38:48	9.8	-0.01	20	19600	卖盘
10:38:42	9.81	--	2	1962	买盘
10:38:33	9.81	0.01	5	4905	买盘
10:38:30	9.8	--	115	112700	卖盘
10:38:24	9.8	--	10	9800	卖盘
10:38:15	9.8	--	5	4900	卖盘
10:38:12	9.8	-0.01	90	88200	卖盘
10:38:09	9.81	0.01	228	223668	买盘
10:38:06	9.8	-0.01	87	85260	卖盘
10:38:03	9.81	0.01	4	3924	买盘
10:37:57	9.8	--	37	36260	卖盘
10:37:51	9.8	--	116	113680	卖盘
10:37:39	9.8	--	5	4900	卖盘
10:37:33	9.8	-0.01	10	9800	卖盘
10:37:30	9.81	--	101	99081	买盘
10:37:18	9.81	--	10	9810	买盘
10:37:00	9.81	--	1	981	买盘
10:36:54	9.81	--	45	44311	卖盘
10:36:51	9.81	--	14	14548	买盘
10:36:45	9.81	--	6	5886	买盘
10:36:33	9.81	--	6	5886	买盘
10:36:24	9.81	--	15	14881	卖盘
10:36:09	9.81	--	34	34168	买盘
10:36:06	9.81	0.01	16	15696	买盘
10:36:03	9.8	-0.01	9	8820	卖盘
10:36:00	9.81	0.01	21	20601	买盘
10:35:57	9.8	--	10	9800	卖盘
10:35:54	9.8	-0.01	8	7840	卖盘
10:35:42	9.81	0.01	6	5886	买盘
10:35:39	9.8	-0.01	10	9800	卖盘
10:35:21	9.81	--	16	15696	买盘
10:35:18	9.81	0.01	6	5886	买盘
10:35:15	9.8	--	99	97020	卖盘
10:35:12	9.8	-0.01	10	9800	卖盘
10:35:09	9.81	--	50	49050	买盘
10:34:54	9.81	--	4	3924	买盘
10:34:48	9.81	0.01	50	49050	买盘
10:34:42	9.8	-0.01	4	3920	卖盘
10:34:30	9.81	--	7	6867	买盘
10:34:15	9.81	-0.01	243	238549	卖盘
10:34:03	9.82	0.01	41	40262	买盘
10:34:00	9.81	-0.01	27	26487	卖盘
10:33:48	9.82	--	25	24550	买盘
10:33:45	9.82	0.01	5	4910	买盘
10:33:30	9.81	-0.01	16	15696	卖盘
10:33:21	9.82	0.01	236	231752	买盘
10:33:06	9.81	--	6	5886	卖盘
10:32:51	9.81	--	43	42183	卖盘
10:32:21	9.81	--	20	19620	卖盘
10:32:12	9.81	-0.01	5	4905	卖盘
10:32:03	9.82	0.01	10	9820	买盘
10:32:00	9.81	--	32	31392	卖盘
10:31:57	9.81	--	41	40221	卖盘
10:31:42	9.81	--	153	150907	卖盘
10:31:12	9.81	-0.01	10	9810	卖盘
10:31:06	9.82	0.01	2	1964	买盘
10:31:00	9.81	--	99	97119	买盘
10:30:54	9.81	--	100	98100	买盘
10:30:42	9.81	0.01	14	13734	买盘
10:30:39	9.8	-0.01	10	9800	卖盘
10:30:36	9.81	--	8	7848	买盘
10:30:30	9.81	--	45	44145	买盘
10:30:27	9.81	--	50	49050	买盘
10:30:21	9.81	--	23	22563	买盘
10:30:18	9.81	--	25	24525	买盘
10:30:12	9.81	-0.01	5	4905	中性盘
10:30:00	9.82	0.02	2	1964	买盘
10:29:54	9.8	-0.02	587	575260	卖盘
10:29:48	9.82	0.01	1	982	买盘
10:29:42	9.81	-0.01	95	93195	卖盘
10:29:36	9.82	0.01	2	1964	买盘
10:29:30	9.81	-0.01	105	103005	卖盘
10:29:27	9.82	--	10	9820	买盘
10:29:24	9.82	0.01	10	9820	买盘
10:29:09	9.81	-0.01	66	64746	卖盘
10:29:03	9.82	0.01	8	7856	买盘
10:28:57	9.81	--	7	6867	卖盘
10:28:51	9.81	-0.01	4	3924	卖盘
10:28:33	9.82	0.01	5	4910	买盘
10:28:30	9.81	-0.01	10	9810	卖盘
10:28:09	9.82	0.01	6	5892	买盘
10:28:06	9.81	--	20	19620	卖盘
10:28:00	9.81	-0.01	14	13734	卖盘
10:27:57	9.82	0.01	20	19640	买盘
10:27:48	9.81	-0.01	20	19620	卖盘
10:27:39	9.82	--	3	2946	买盘
10:27:36	9.82	--	100	98200	买盘
10:27:33	9.82	--	10	9820	买盘
10:27:24	9.82	--	11	10802	买盘
10:27:09	9.82	--	3	2946	买盘
10:26:57	9.82	0.01	1	982	买盘
10:26:54	9.81	-0.01	30	29430	卖盘
10:26:45	9.82	--	8	7856	买盘
10:26:39	9.82	--	84	82488	买盘
10:26:33	9.82	--	12	11784	买盘
10:26:30	9.82	--	35	34370	卖盘
10:26:24	9.82	--	50	49100	卖盘
10:26:18	9.82	--	22	21604	买盘
10:26:15	9.82	--	10	9820	买盘
10:26:06	9.82	--	5	4910	买盘
10:25:57	9.82	--	13	12766	卖盘
10:25:45	9.82	--	32	31424	买盘
10:25:39	9.82	0.01	41	40262	买盘
10:25:33	9.81	-0.01	27	26487	卖盘
10:25:30	9.82	--	5	4910	买盘
10:25:24	9.82	--	11	10802	卖盘
10:25:21	9.82	--	2	1964	卖盘
10:25:18	9.82	--	15	14730	买盘
10:25:15	9.82	--	20	19640	买盘
10:25:06	9.82	--	1	982	买盘
10:25:03	9.82	--	5	4910	买盘
10:25:00	9.82	0.01	12	11784	买盘
10:24:57	9.81	--	3	2943	卖盘
10:24:54	9.81	-0.02	50	49050	卖盘
10:24:51	9.83	0.01	55	54065	买盘
10:24:42	9.82	-0.01	72	70704	卖盘
10:24:39	9.83	--	50	49150	卖盘
10:24:36	9.83	0.01	44	43252	买盘
10:24:33	9.82	-0.01	27	26514	卖盘
10:24:24	9.83	--	42	41286	买盘
10:24:21	9.83	--	7	6881	买盘
10:24:09	9.83	0.01	10	9830	买盘
10:24:06	9.82	--	50	49100	买盘
10:23:57	9.82	--	34	33388	买盘
10:23:54	9.82	--	13	12766	买盘
10:23:48	9.82	--	10	9820	买盘
10:23:42	9.82	--	17	16694	买盘
10:23:39	9.82	0.01	102	100164	买盘
10:23:36	9.81	-0.02	4	3924	卖盘
10:23:24	9.83	0.02	15	14745	买盘
10:23:15	9.81	--	10	9810	卖盘
10:23:12	9.81	-0.02	15	14715	卖盘
10:23:09	9.83	0.03	243	238869	买盘
10:22:42	9.8	--	3	2940	卖盘
10:22:39	9.8	-0.01	13	12740	卖盘
10:22:33	9.81	--	60	58860	买盘
10:22:27	9.81	0.01	2	1962	买盘
10:22:24	9.8	-0.01	48	47040	卖盘
10:22:18	9.81	0.01	10	9810	买盘
10:22:15	9.8	--	25	24500	买盘
10:22:12	9.8	--	110	107800	买盘
10:22:09	9.8	--	52	50960	买盘
10:22:06	9.8	--	189	185220	买盘
10:22:03	9.8	--	60	58800	买盘
10:21:57	9.8	--	10	9800	买盘
10:21:54	9.8	0.01	10	9800	买盘
10:21:51	9.79	-0.01	23	22516	卖盘
10:21:48	9.8	0.01	50	49000	买盘
10:21:45	9.79	-0.01	29	28390	卖盘
10:21:42	9.8	0.01	56	54880	买盘
10:21:39	9.79	-0.01	78	76362	卖盘
10:21:36	9.8	--	165	161700	买盘
10:21:30	9.8	--	20	19600	买盘
10:21:27	9.8	--	18	17640	买盘
10:21:15	9.8	--	20	19600	买盘
10:21:12	9.8	--	20	19600	买盘
10:21:09	9.8	--	59	57820	买盘
10:21:00	9.8	0.01	13	12740	买盘
10:20:54	9.79	-0.01	5	4895	卖盘
10:20:48	9.8	--	61	59780	买盘
10:20:42	9.8	0.01	8	7840	买盘
10:20:39	9.79	-0.01	14	13705	卖盘
10:20:36	9.8	0.01	114	111720	买盘
10:20:21	9.79	--	138	135102	买盘
10:20:18	9.79	--	23	22516	买盘
10:20:15	9.79	--	18	17622	买盘
10:20:12	9.79	--	1	978	买盘
10:20:09	9.79	--	70	68530	买盘
10:20:06	9.79	--	1	978	买盘
10:20:03	9.79	--	512	501345	买盘
10:19:57	9.79	--	43	42096	买盘
10:19:54	9.79	--	3	2936	买盘
10:19:51	9.79	--	35	34265	买盘
10:19:42	9.79	-0.01	455	445444	卖盘
10:19:39	9.8	0.01	31	30380	买盘
10:19:36	9.79	-0.01	100	97899	卖盘
10:19:33	9.8	--	37	36260	买盘
10:19:24	9.8	--	122	119560	买盘
10:19:21	9.8	0.01	41	40180	买盘
10:19:15	9.79	-0.01	2	1957	卖盘
10:19:09	9.8	--	34	33320	买盘
10:19:06	9.8	--	10	9800	买盘
10:19:03	9.8	--	200	196000	买盘
10:19:00	9.8	--	5	4900	买盘
10:18:54	9.8	--	6	5880	买盘
10:18:51	9.8	--	201	196980	卖盘
10:18:36	9.8	-0.01	176	172480	卖盘
10:18:27	9.81	0.01	1	981	买盘
10:18:15	9.8	0.01	190	186200	买盘
10:18:09	9.79	-0.01	14	13705	卖盘
10:18:06	9.8	0.01	48	47040	买盘
10:17:57	9.79	--	700	685299	卖盘
10:17:51	9.79	--	3	2936	卖盘
10:17:48	9.79	-0.01	10	9790	卖盘
10:17:45	9.8	--	72	70560	买盘
10:17:42	9.8	--	5	4900	买盘
10:17:33	9.8	--	15	14700	买盘
10:17:30	9.8	--	1	980	卖盘
10:17:24	9.8	--	32	31360	卖盘
10:17:21	9.8	--	36	35280	买盘
10:17:18	9.8	--	13	12740	买盘
10:17:15	9.8	--	90	88200	买盘
10:17:09	9.8	-0.01	82	80360	卖盘
10:16:57	9.81	0.02	175	171675	买盘
10:16:54	9.79	-0.01	433	423906	卖盘
10:16:51	9.8	--	16	15680	买盘
10:16:48	9.8	--	3	2940	买盘
10:16:42	9.8	--	61	60662	卖盘
10:16:39	9.8	--	10	9800	卖盘
10:16:33	9.8	--	36	35378	买盘
10:16:30	9.8	--	10	9800	买盘
10:16:27	9.8	--	57	55860	买盘
10:16:24	9.8	--	6	5880	买盘
10:16:18	9.8	--	33	32340	卖盘
10:16:15	9.8	--	7	6860	买盘
10:16:12	9.8	--	10	9800	买盘
10:16:09	9.8	--	32	31360	卖盘
10:16:03	9.8	--	26	25480	买盘
10:15:57	9.8	0.01	1	980	买盘
10:15:51	9.79	-0.01	30	29369	卖盘
10:15:48	9.8	--	144	141120	买盘
10:15:42	9.8	--	10	9800	买盘
10:15:39	9.8	--	77	75460	买盘
10:15:33	9.8	--	12	11760	卖盘
10:15:30	9.8	--	8	7840	买盘
10:15:27	9.8	-0.01	192	188160	卖盘
10:15:24	9.81	0.01	30	29430	买盘
10:15:21	9.8	-0.01	500	490000	卖盘
10:15:18	9.81	0.01	35	34335	买盘
10:15:15	9.8	-0.01	3	2940	卖盘
10:15:12	9.81	0.01	3	2943	买盘
10:15:09	9.8	-0.01	10	9800	卖盘
10:14:51	9.81	--	32	31392	买盘
10:14:48	9.81	0.01	10	9810	买盘
10:14:42	9.8	-0.01	158	154840	卖盘
10:14:36	9.81	0.01	10	9810	买盘
10:14:33	9.8	--	13	12740	卖盘
10:14:30	9.8	-0.01	80	78400	卖盘
10:14:21	9.81	--	24	23544	买盘
10:14:15	9.81	0.01	66	64746	买盘
10:14:12	9.8	--	21	20580	卖盘
10:14:09	9.8	--	20	19600	卖盘
10:14:06	9.8	--	9	8820	卖盘
10:13:57	9.8	-0.01	10	9800	卖盘
10:13:51	9.81	0.01	5	4905	买盘
10:13:33	9.8	--	1	980	卖盘
10:13:30	9.8	-0.01	50	49000	卖盘
10:13:27	9.81	0.01	10	9810	买盘
10:13:24	9.8	-0.01	14	13720	卖盘
10:13:21	9.81	--	25	24525	买盘
10:13:15	9.81	--	1	981	买盘
10:13:12	9.81	--	40	39240	卖盘
10:13:09	9.81	--	16	15696	买盘
10:13:03	9.81	0.01	11	10791	买盘
10:12:57	9.8	-0.01	20	19600	卖盘
10:12:54	9.81	--	10	9810	买盘
10:12:48	9.81	--	5	4905	买盘
10:12:45	9.81	-0.01	4	3924	卖盘
10:12:39	9.82	0.01	116	113912	买盘
10:12:36	9.81	-0.01	51	50031	卖盘
10:12:33	9.82	--	22	21604	买盘
10:12:27	9.82	--	2	1964	买盘
10:12:18	9.82	0.02	10	9820	买盘
10:12:06	9.8	--	17	16660	卖盘
10:11:57	9.8	--	46	45080	买盘
10:11:54	9.8	0.01	6	5880	买盘
10:11:48	9.79	-0.01	16	15663	卖盘
10:11:39	9.8	0.02	5	4900	买盘
10:11:33	9.78	--	120	117359	卖盘
10:11:24	9.78	-0.02	3	2934	卖盘
10:11:21	9.8	0.02	433	424340	买盘
10:11:18	9.78	--	33	32273	卖盘
10:11:15	9.78	--	156	152568	卖盘
10:11:12	9.78	-0.01	83	81174	卖盘
10:11:09	9.79	0.01	7	6852	买盘
10:11:06	9.78	--	16	15647	卖盘
10:11:03	9.78	--	5	4890	卖盘
10:10:57	9.78	--	15	14669	卖盘
10:10:48	9.78	-0.01	2	1955	卖盘
10:10:45	9.79	0.01	10	9790	买盘
10:10:42	9.78	-0.01	539	527142	卖盘
10:10:39	9.79	--	40	39160	买盘
10:10:36	9.79	--	14	13705	买盘
10:10:33	9.79	--	177	173282	买盘
10:10:30	9.79	--	3	2936	买盘
10:10:27	9.79	--	100	97899	买盘
10:10:21	9.79	--	73	71467	买盘
10:10:18	9.79	--	32	31327	买盘
10:10:15	9.79	--	388	379851	卖盘
10:10:06	9.79	--	26	25453	卖盘
10:09:57	9.79	-0.01	10	9790	卖盘
10:09:54	9.8	--	6	5880	买盘
10:09:51	9.8	--	6	5880	买盘
10:09:48	9.8	--	7	6860	买盘
10:09:45	9.8	--	5	4900	买盘
10:09:42	9.8	--	2	1960	买盘
10:09:39	9.8	--	12	11760	买盘
10:09:36	9.8	--	9	8820	买盘
10:09:30	9.8	--	1	980	买盘
10:09:24	9.8	--	302	295960	卖盘
10:09:15	9.8	-0.01	44	43120	卖盘
10:09:12	9.81	0.01	10	9810	买盘
10:09:09	9.8	-0.01	80	78400	卖盘
10:09:06	9.81	0.01	184	180504	买盘
10:09:03	9.8	--	4	3920	卖盘
10:09:00	9.8	-0.01	80	78400	卖盘
10:08:57	9.81	0.01	31	30411	买盘
10:08:54	9.8	--	32	31360	卖盘
10:08:39	9.8	-0.01	39	38220	卖盘
10:08:36	9.81	0.01	4	3924	买盘
10:08:33	9.8	--	1	980	卖盘
10:08:12	9.8	--	36	35280	卖盘
10:08:09	9.8	--	5	4900	卖盘
10:08:06	9.8	--	142	139160	买盘
10:08:00	9.8	--	60	58800	买盘
10:07:54	9.8	0.01	10	9800	买盘
10:07:51	9.79	-0.01	67	65593	卖盘
10:07:48	9.8	--	5	4900	买盘
10:07:45	9.8	0.01	4	3920	买盘
10:07:42	9.79	-0.01	23	22516	卖盘
10:07:39	9.8	--	106	103880	买盘
10:07:33	9.8	--	18	17640	买盘
10:07:30	9.8	--	113	110740	卖盘
10:07:27	9.8	0.01	287	281260	买盘
10:07:18	9.79	--	72	70488	卖盘
10:07:15	9.79	--	25	24474	卖盘
10:07:09	9.79	-0.01	10	9790	卖盘
10:07:06	9.8	--	19	18620	买盘
10:07:03	9.8	0.01	10	9800	买盘
10:07:00	9.79	-0.01	18	17622	卖盘
10:06:57	9.8	--	19	18620	买盘
10:06:51	9.8	--	81	79380	买盘
10:06:48	9.8	--	20	19600	买盘
10:06:45	9.8	0.01	10	9800	买盘
10:06:42	9.79	-0.01	54	52865	卖盘
10:06:36	9.8	--	2	1960	买盘
10:06:24	9.8	0.01	30	29400	买盘
10:06:12	9.79	--	100	97899	买盘
10:06:09	9.79	--	35	34265	买盘
10:06:06	9.79	--	108	105731	买盘
10:06:03	9.79	0.01	179	175240	买盘
10:05:57	9.78	-0.01	80	78240	卖盘
10:05:54	9.79	--	45	44054	买盘
10:05:48	9.79	--	61	59718	买盘
10:05:45	9.79	--	50	48949	买盘
10:05:42	9.79	0.01	334	326986	买盘
10:05:36	9.78	-0.01	1	977	卖盘
10:05:33	9.79	--	51	49928	买盘
10:05:30	9.79	0.01	30	29369	买盘
10:05:27	9.78	-0.01	84	82152	卖盘
10:05:24	9.79	--	44	43075	买盘
10:05:21	9.79	--	16	15663	买盘
10:05:18	9.79	--	25	24474	买盘
10:05:15	9.79	-0.01	99	96920	卖盘
10:05:12	9.8	--	10	9800	买盘
10:05:09	9.8	0.01	22	21560	买盘
10:05:06	9.79	-0.01	27	26432	卖盘
10:05:00	9.8	--	335	328300	买盘
10:04:57	9.8	--	5	4900	买盘
10:04:54	9.8	--	14	13720	买盘
10:04:51	9.8	--	92	90160	卖盘
10:04:48	9.8	--	100	98000	卖盘
10:04:45	9.8	-0.01	10	9800	卖盘
10:04:36	9.81	0.01	68	66708	买盘
10:04:33	9.8	-0.01	672	658560	卖盘
10:04:30	9.81	--	25	24525	买盘
10:04:27	9.81	--	278	272718	卖盘
10:04:24	9.81	-0.01	100	98100	卖盘
10:04:21	9.82	--	7	6874	买盘
10:04:15	9.82	--	166	163012	卖盘
10:04:12	9.82	-0.01	100	98200	卖盘
10:04:09	9.83	0.01	10	9830	买盘
10:04:06	9.82	-0.01	11	10802	卖盘
10:03:57	9.83	--	106	104198	卖盘
10:03:54	9.83	--	70	68810	卖盘
10:03:51	9.83	--	44	43252	卖盘
10:03:48	9.83	--	60	58980	卖盘
10:03:45	9.83	--	14	13762	卖盘
10:03:42	9.83	--	60	58980	卖盘
10:03:36	9.83	--	50	49150	卖盘
10:03:30	9.83	--	5	4915	卖盘
10:03:27	9.83	0.01	128	125824	买盘
10:03:24	9.82	-0.01	30	29460	卖盘
10:03:15	9.83	0.01	5	4915	买盘
10:03:06	9.82	-0.01	3	2946	卖盘
10:02:54	9.83	--	123	120909	卖盘
10:02:51	9.83	-0.01	4	3932	卖盘
10:02:48	9.84	0.01	5	4920	买盘
10:02:36	9.83	--	7	6881	卖盘
10:02:33	9.83	--	5	4915	买盘
10:02:27	9.83	--	38	37354	买盘
10:02:18	9.83	--	23	22609	买盘
10:02:12	9.83	0.01	10	9830	买盘
10:02:00	9.82	0.01	132	129624	买盘
10:01:57	9.81	-0.01	13	12753	卖盘
10:01:54	9.82	--	89	87398	买盘
10:01:51	9.82	--	22	21604	买盘
10:01:48	9.82	0.01	12	11784	买盘
10:01:42	9.81	-0.01	70	68670	卖盘
10:01:39	9.82	0.01	60	58920	买盘
10:01:36	9.81	--	2	1962	卖盘
10:01:30	9.81	-0.01	16	15696	卖盘
10:01:27	9.82	0.01	115	112930	买盘
10:01:24	9.81	--	6	5886	卖盘
10:01:15	9.81	--	5	4905	卖盘
10:01:12	9.81	0.01	96	94176	买盘
10:01:09	9.8	-0.01	171	167580	卖盘
10:01:03	9.81	--	20	19620	买盘
10:01:00	9.81	0.01	2	1962	买盘
10:00:57	9.8	-0.01	506	495880	卖盘
10:00:54	9.81	--	10	9810	买盘
10:00:51	9.81	-0.01	497	487557	卖盘
10:00:48	9.82	--	16	15712	买盘
10:00:45	9.82	--	27	26514	买盘
10:00:42	9.82	--	16	15712	买盘
10:00:39	9.82	--	269	264158	卖盘
10:00:36	9.82	--	47	46154	卖盘
10:00:33	9.82	--	10	9820	卖盘
10:00:27	9.82	-0.02	20	19640	卖盘
10:00:24	9.84	0.01	181	178104	买盘
10:00:21	9.83	--	32	31456	买盘
10:00:18	9.83	--	38	37354	买盘
10:00:15	9.83	0.01	3	2949	中性盘
10:00:03	9.82	-0.02	17	16694	卖盘
10:00:00	9.84	0.02	2	1968	买盘
09:59:57	9.82	--	24	23568	卖盘
09:59:54	9.82	-0.02	70	68740	卖盘
09:59:42	9.84	0.02	152	149568	买盘
09:59:36	9.82	0.01	1	982	买盘
09:59:33	9.81	-0.01	23	22563	卖盘
09:59:30	9.82	--	212	208184	买盘
09:59:27	9.82	--	28	27496	买盘
09:59:24	9.82	0.01	23	22586	买盘
09:59:21	9.81	--	18	17658	卖盘
09:59:18	9.81	--	98	96138	买盘
09:59:12	9.81	--	81	79461	买盘
09:59:09	9.81	--	32	31392	买盘
09:59:00	9.81	0.01	26	25506	买盘
09:58:57	9.8	--	33	32340	买盘
09:58:54	9.8	--	30	29400	买盘
09:58:51	9.8	--	49	48020	买盘
09:58:48	9.8	--	20	19600	买盘
09:58:45	9.8	--	118	115640	买盘
09:58:42	9.8	--	143	140140	买盘
09:58:39	9.8	--	297	291060	买盘
09:58:36	9.8	--	265	259700	买盘
09:58:33	9.8	--	30	29400	买盘
09:58:30	9.8	0.01	40	39200	买盘
09:58:27	9.79	--	45	44054	卖盘
09:58:24	9.79	--	183	179156	卖盘
09:58:21	9.79	--	324	317196	买盘
09:58:18	9.79	--	120	117479	买盘
09:58:15	9.79	--	200	195799	买盘
09:58:12	9.79	-0.01	107	104752	买盘
09:58:09	9.8	0.01	27	26460	买盘
09:58:06	9.79	-0.01	61	59718	买盘
09:58:03	9.8	--	107	104860	买盘
09:58:00	9.8	--	135	132300	买盘
09:57:57	9.8	--	933	914340	卖盘
09:57:54	9.8	-0.02	1000	980000	卖盘
09:57:51	9.82	--	170	166940	买盘
09:57:48	9.82	--	10	9820	买盘
09:57:42	9.82	0.02	79	77578	买盘
09:57:36	9.8	-0.01	228	223440	卖盘
09:57:33	9.81	--	120	117720	买盘
09:57:30	9.81	--	69	67689	买盘
09:57:27	9.81	--	70	68670	买盘
09:57:24	9.81	--	104	102024	买盘
09:57:21	9.81	-0.01	198	194238	卖盘
09:57:18	9.82	--	410	402620	买盘
09:57:15	9.82	--	25	24550	买盘
09:57:12	9.82	0.01	1216	1194112	买盘
09:57:09	9.81	--	237	232497	买盘
09:57:06	9.81	-0.01	268	262908	卖盘
09:57:03	9.82	-0.02	166	163012	卖盘
09:57:00	9.84	--	58	57072	买盘
09:56:57	9.84	0.03	108	106272	买盘
09:56:54	9.81	-0.03	2064	2024784	卖盘
09:56:51	9.84	--	15	14760	买盘
09:56:48	9.84	--	15	14760	买盘
09:56:45	9.84	--	8	7872	买盘
09:56:42	9.84	-0.01	342	336528	卖盘
09:56:39	9.85	-0.01	893	879605	卖盘
09:56:36	9.86	--	10	9860	买盘
09:56:30	9.86	--	25	24650	买盘
09:56:27	9.86	--	8	7888	买盘
09:56:24	9.86	--	189	186354	卖盘
09:56:21	9.86	-0.01	49	48314	卖盘
09:56:18	9.87	--	8	7895	买盘
09:56:15	9.87	0.01	100	98699	买盘
09:56:12	9.86	-0.01	200	197200	卖盘
09:56:09	9.87	0.01	9	8883	买盘
09:56:06	9.86	-0.01	300	295800	卖盘
09:56:03	9.87	--	5	4935	买盘
09:56:00	9.87	--	340	335580	买盘
09:55:57	9.87	-0.01	342	337554	卖盘
09:55:54	9.88	--	27	26676	卖盘
09:55:48	9.88	--	33	32604	买盘
09:55:42	9.88	--	15	14820	买盘
09:55:36	9.88	--	12	11856	卖盘
09:55:30	9.88	--	60	59280	卖盘
09:55:27	9.88	--	50	49400	卖盘
09:55:24	9.88	-0.01	50	49400	卖盘
09:55:18	9.89	--	59	58351	买盘
09:55:12	9.89	--	30	29670	买盘
09:55:03	9.89	0.01	20	19780	买盘
09:55:00	9.88	-0.01	34	33592	卖盘
09:54:57	9.89	0.01	30	29670	买盘
09:54:51	9.88	--	4	3952	卖盘
09:54:48	9.88	--	55	54340	卖盘
09:54:42	9.88	--	9	8892	卖盘
09:54:36	9.88	--	50	49400	卖盘
09:54:30	9.88	-0.01	12	11856	卖盘
09:54:27	9.89	--	40	39560	买盘
09:54:18	9.89	0.01	100	98900	买盘
09:54:12	9.88	--	4	3952	卖盘
09:54:06	9.88	--	116	114608	买盘
09:54:00	9.88	--	10	9880	买盘
09:53:57	9.88	--	11	10868	买盘
09:53:54	9.88	--	21	20748	买盘
09:53:51	9.88	--	7	6916	买盘
09:53:45	9.88	0.01	29	28652	买盘
09:53:42	9.87	--	5	4935	卖盘
09:53:39	9.87	-0.01	10	9870	卖盘
09:53:36	9.88	--	5	4940	买盘
09:53:27	9.88	--	5	4940	买盘
09:53:21	9.88	0.01	7	6916	买盘
09:53:06	9.87	--	185	182595	买盘
09:53:03	9.87	--	64	63167	买盘
09:52:51	9.87	--	50	49349	买盘
09:52:48	9.87	--	10	9870	买盘
09:52:42	9.87	--	32	31583	买盘
09:52:36	9.87	--	30	29609	买盘
09:52:33	9.87	--	5	4935	买盘
09:52:30	9.87	--	77	75999	买盘
09:52:27	9.87	--	329	324723	卖盘
09:52:24	9.87	--	50	49349	卖盘
09:52:21	9.87	-0.01	18	17766	卖盘
09:52:18	9.88	0.01	100	98800	买盘
09:52:15	9.87	-0.01	45	44415	卖盘
09:52:12	9.88	--	10	9880	买盘
09:52:09	9.88	0.01	53	52364	买盘
09:51:57	9.87	--	46	45402	买盘
09:51:45	9.87	--	153	151011	买盘
09:51:42	9.87	--	100	98699	买盘
09:51:39	9.87	0.01	48	47375	买盘
09:51:36	9.86	--	15	14790	卖盘
09:51:30	9.86	--	10	9860	卖盘
09:51:27	9.86	-0.01	310	305660	卖盘
09:51:21	9.87	--	4	3947	买盘
09:51:18	9.87	-0.01	5	4935	中性盘
09:51:15	9.88	--	49	48412	买盘
09:51:12	9.88	0.01	5	4940	买盘
09:51:09	9.87	--	50	49349	卖盘
09:51:06	9.87	--	6	5921	卖盘
09:50:57	9.87	--	102	100673	卖盘
09:50:54	9.87	-0.01	202	199373	卖盘
09:50:51	9.88	--	21	20748	买盘
09:50:45	9.88	--	4	3952	买盘
09:50:42	9.88	--	42	41496	卖盘
09:50:39	9.88	-0.01	6	5928	卖盘
09:50:27	9.89	0.01	6	5934	买盘
09:50:24	9.88	-0.01	63	62244	卖盘
09:50:18	9.89	--	21	20769	买盘
09:50:12	9.89	0.01	52	51428	买盘
09:50:09	9.88	-0.01	64	63232	卖盘
09:50:06	9.89	0.01	10	9890	买盘
09:50:00	9.88	--	100	98800	卖盘
09:49:54	9.88	--	76	75088	卖盘
09:49:48	9.88	--	20	19760	卖盘
09:49:39	9.88	-0.01	25	24700	卖盘
09:49:36	9.89	--	1	989	买盘
09:49:33	9.89	0.01	3	2967	买盘
09:49:30	9.88	--	20	19760	卖盘
09:49:27	9.88	-0.01	72	71136	卖盘
09:49:24	9.89	--	310	306590	买盘
09:49:21	9.89	--	10	9890	买盘
09:49:18	9.89	0.01	15	14835	买盘
09:49:15	9.88	-0.01	31	30628	卖盘
09:49:09	9.89	-0.01	18	17802	卖盘
09:49:06	9.9	0.01	50	49500	买盘
09:49:03	9.89	-0.01	111	109779	卖盘
09:48:57	9.9	--	39	38610	卖盘
09:48:54	9.9	--	14	13860	卖盘
09:48:51	9.9	--	13	12870	卖盘
09:48:39	9.9	--	11	10890	卖盘
09:48:36	9.9	-0.01	22	21780	卖盘
09:48:33	9.91	--	196	194236	买盘
09:48:30	9.91	0.01	42	41622	买盘
09:48:27	9.9	--	426	421740	卖盘
09:48:21	9.9	--	10	9900	卖盘
09:48:18	9.9	-0.01	418	413820	卖盘
09:48:15	9.91	--	4	3964	买盘
09:48:12	9.91	--	40	39640	买盘
09:48:09	9.91	0.01	3	2973	买盘
09:48:06	9.9	-0.01	2	1980	卖盘
09:48:03	9.91	--	20	19820	买盘
09:48:00	9.91	--	24	23784	买盘
09:47:45	9.91	--	5	4955	买盘
09:47:39	9.91	--	100	99100	买盘
09:47:30	9.91	--	244	241804	卖盘
09:47:27	9.91	-0.01	310	307210	卖盘
09:47:24	9.92	0.01	14	13888	买盘
09:47:21	9.91	-0.01	14	13874	卖盘
09:47:18	9.92	--	16	15872	买盘
09:47:06	9.92	--	2	1984	买盘
09:47:03	9.92	0.01	23	22816	买盘
09:47:00	9.91	-0.01	2	1982	卖盘
09:46:57	9.92	0.01	13	12896	买盘
09:46:54	9.91	-0.01	31	30721	卖盘
09:46:48	9.92	--	10	9920	买盘
09:46:39	9.92	0.01	52	51584	买盘
09:46:24	9.91	-0.01	20	19820	卖盘
09:46:21	9.92	--	5	4960	买盘
09:46:15	9.92	--	7	6944	买盘
09:46:00	9.92	--	1	992	买盘
09:45:51	9.92	--	1	992	卖盘
09:45:45	9.92	-0.01	21	20832	卖盘
09:45:42	9.93	0.01	7	6951	买盘
09:45:33	9.92	--	3	2976	卖盘
09:45:27	9.92	-0.01	17	16864	卖盘
09:45:18	9.93	--	18	17874	买盘
09:44:51	9.93	0.02	11	10923	买盘
09:44:39	9.91	-0.02	21	20811	卖盘
09:44:15	9.93	0.02	100	99300	买盘
09:44:09	9.91	--	36	35676	卖盘
09:44:06	9.91	-0.01	46	45586	卖盘
09:44:03	9.92	0.02	33	32736	买盘
09:43:45	9.9	-0.01	407	402930	卖盘
09:43:42	9.91	0.01	10	9910	卖盘
09:43:33	9.9	-0.01	60	59400	卖盘
09:43:21	9.91	0.01	309	306219	买盘
09:43:18	9.9	--	18	17820	卖盘
09:43:15	9.9	--	49	48510	卖盘
09:43:12	9.9	-0.01	33	32670	卖盘
09:43:09	9.91	0.01	2	1982	买盘
09:43:06	9.9	-0.01	273	270270	卖盘
09:43:03	9.91	--	49	48559	买盘
09:43:00	9.91	--	20	19820	买盘
09:42:57	9.91	--	2	1982	买盘
09:42:51	9.91	--	143	141713	卖盘
09:42:45	9.91	--	259	256669	卖盘
09:42:42	9.91	-0.01	6	5946	卖盘
09:42:39	9.92	0.01	97	96224	买盘
09:42:36	9.91	--	2	1982	卖盘
09:42:30	9.91	-0.01	630	624330	卖盘
09:42:24	9.92	--	3	2976	买盘
09:42:21	9.92	0.01	9	8928	买盘
09:42:15	9.91	--	127	125857	卖盘
09:42:12	9.91	--	14	13874	卖盘
09:42:09	9.91	--	4	3964	卖盘
09:42:06	9.91	-0.01	121	119911	卖盘
09:42:03	9.92	--	20	19840	买盘
09:42:00	9.92	--	30	29760	买盘
09:41:57	9.92	--	10	9920	买盘
09:41:54	9.92	--	30	29760	买盘
09:41:48	9.92	-0.01	90	89280	卖盘
09:41:33	9.93	0.01	24	23832	买盘
09:41:24	9.92	-0.01	51	50592	卖盘
09:41:21	9.93	--	11	10923	买盘
09:41:06	9.93	0.01	21	20853	买盘
09:41:00	9.92	--	200	198400	卖盘
09:40:57	9.92	--	50	49600	卖盘
09:40:51	9.92	-0.01	20	19840	卖盘
09:40:45	9.93	0.01	1	993	买盘
09:40:36	9.92	--	14	13888	卖盘
09:40:33	9.92	-0.01	20	19840	卖盘
09:40:24	9.93	0.01	10	9930	买盘
09:40:15	9.92	--	3	2976	卖盘
09:40:12	9.92	-0.01	10	9920	卖盘
09:40:09	9.93	--	50	49650	买盘
09:40:06	9.93	0.01	3	2979	买盘
09:39:54	9.92	-0.02	6	5952	卖盘
09:39:45	9.94	0.02	20	19880	买盘
09:39:42	9.92	-0.01	500	496000	卖盘
09:39:36	9.93	--	20	19860	卖盘
09:39:33	9.93	--	3	2979	卖盘
09:39:27	9.93	-0.01	1	993	卖盘
09:39:06	9.94	0.01	7	6958	买盘
09:39:00	9.93	--	255	253215	卖盘
09:38:57	9.93	-0.01	14	13902	卖盘
09:38:54	9.94	--	15	14910	买盘
09:38:48	9.94	0.01	5	4970	买盘
09:38:45	9.93	--	29	28797	卖盘
09:38:27	9.93	-0.01	6	5958	卖盘
09:38:24	9.94	--	17	16898	买盘
09:38:18	9.94	--	17	16898	买盘
09:38:06	9.94	--	76	75544	卖盘
09:37:57	9.94	--	31	30814	卖盘
09:37:48	9.94	--	38	37772	买盘
09:37:45	9.94	0.01	50	49700	买盘
09:37:33	9.93	-0.01	38	37734	卖盘
09:37:30	9.94	--	17	16898	卖盘
09:37:24	9.94	--	60	59640	卖盘
09:37:21	9.94	--	14	13916	卖盘
09:37:18	9.94	-0.01	60	59640	卖盘
09:37:06	9.95	--	10	9950	买盘
09:37:03	9.95	--	50	49750	买盘
09:37:00	9.95	--	16	15919	买盘
09:36:48	9.95	0.01	3	2985	买盘
09:36:42	9.94	-0.01	14	13916	卖盘
09:36:39	9.95	--	71	70645	卖盘
09:36:36	9.95	--	37	36815	买盘
09:36:33	9.95	--	20	19900	买盘
09:36:24	9.95	--	39	38805	买盘
09:36:21	9.95	--	71	70645	买盘
09:36:15	9.95	0.01	10	9950	买盘
09:36:12	9.94	-0.01	60	59640	卖盘
09:36:03	9.95	--	8	7959	买盘
09:35:57	9.95	0.01	15	14924	买盘
09:35:42	9.94	--	14	13916	卖盘
09:35:39	9.94	-0.01	17	16898	卖盘
09:35:36	9.95	0.01	3	2985	买盘
09:35:09	9.94	--	74	73556	买盘
09:35:06	9.94	0.01	50	49700	买盘
09:34:57	9.93	-0.01	66	65538	卖盘
09:34:54	9.94	--	100	99400	买盘
09:34:48	9.94	--	50	49700	买盘
09:34:45	9.94	--	41	40754	买盘
09:34:42	9.94	--	174	172956	买盘
09:34:36	9.94	--	28	27832	卖盘
09:34:33	9.94	--	20	19880	卖盘
09:34:18	9.94	--	50	49700	卖盘
09:34:09	9.94	-0.01	25	24850	卖盘
09:34:00	9.95	0.01	23	22885	买盘
09:33:51	9.94	--	63	62622	买盘
09:33:48	9.94	--	55	54670	买盘
09:33:45	9.94	--	18	17892	买盘
09:33:30	9.94	0.01	9	8946	买盘
09:33:24	9.93	-0.01	20	19860	卖盘
09:33:18	9.94	0.01	12	11928	买盘
09:33:15	9.93	--	54	53622	卖盘
09:33:06	9.93	--	20	19860	卖盘
09:33:03	9.93	--	185	183705	买盘
09:32:48	9.93	--	44	43692	中性盘
09:32:45	9.93	--	5	4965	卖盘
09:32:42	9.93	--	5	4965	买盘
09:32:39	9.93	--	5	4965	卖盘
09:32:30	9.93	0.01	50	49650	中性盘
09:32:21	9.92	-0.02	58	57536	卖盘
09:32:18	9.94	0.01	21	20874	买盘
09:32:15	9.93	0.01	21	20853	买盘
09:32:12	9.92	-0.01	40	39680	卖盘
09:32:09	9.93	--	4	3972	买盘
09:32:03	9.93	0.01	6	5958	买盘
09:32:00	9.92	--	19	18848	卖盘
09:31:57	9.92	--	27	26784	卖盘
09:31:51	9.92	--	364	361088	买盘
09:31:48	9.92	--	109	108128	买盘
09:31:42	9.92	--	7	6944	买盘
09:31:39	9.92	--	16	15872	买盘
09:31:30	9.92	0.01	7	6944	卖盘
09:31:27	9.91	-0.01	80	79280	卖盘
09:31:03	9.92	-0.01	2	1984	中性盘
09:31:00	9.93	--	5	4965	买盘
09:30:54	9.93	--	20	19860	买盘
09:30:45	9.93	--	1	993	买盘
09:30:33	9.93	0.02	2	1986	中性盘
09:30:27	9.91	-0.03	10	9910	卖盘
09:30:21	9.94	--	504	500976	买盘
09:30:15	9.94	0.03	138	137172	买盘
09:30:09	9.91	--	32	31712	卖盘
09:30:06	9.91	--	1237	1225867	卖盘
09:30:03	9.91	--	345	341895	卖盘
09:30:00	9.91	--	0	0	卖盘
09:25:03	9.91	9.91	1346	1333886	买盘
