成交时间	成交价	价格变动	成交量(手)	成交额(元)	性质
15:00:03	5.83	--	2874	1675542	卖盘
14:57:00	5.83	--	0	0	卖盘
14:56:54	5.83	--	11	6413	买盘
14:56:51	5.83	0.01	159	92697	买盘
14:56:48	5.82	-0.01	23	13386	卖盘
14:56:45	5.83	0.01	56	32648	买盘
14:56:42	5.82	--	8	4656	卖盘
14:56:39	5.82	-0.01	3	1746	卖盘
14:56:36	5.83	0.01	50	29150	买盘
14:56:27	5.82	--	126	73332	卖盘
14:56:24	5.82	--	70	40740	卖盘
14:56:21	5.82	-0.01	47	27354	卖盘
14:56:18	5.83	--	23	13409	买盘
14:56:15	5.83	--	3	1749	买盘
14:56:12	5.83	0.01	73	42559	中性盘
14:56:06	5.82	-0.01	212	123384	卖盘
14:56:00	5.83	--	70	40810	卖盘
14:55:54	5.83	--	688	401412	买盘
14:55:51	5.83	--	312	181896	买盘
14:55:45	5.83	--	6	3498	买盘
14:55:39	5.83	--	5	2915	买盘
14:55:36	5.83	0.01	600	349800	买盘
14:55:33	5.82	-0.01	1	582	卖盘
14:55:27	5.83	0.01	197	114851	买盘
14:55:24	5.82	-0.01	140	81480	卖盘
14:55:21	5.83	--	52	30316	买盘
14:55:18	5.83	--	3	1749	买盘
14:55:12	5.83	0.01	209	121847	买盘
14:55:09	5.82	-0.01	451	262482	卖盘
14:55:06	5.83	0.01	34	19822	买盘
14:55:00	5.82	--	136	79152	卖盘
14:54:57	5.82	-0.01	15	8730	卖盘
14:54:54	5.83	0.01	24	13992	买盘
14:54:51	5.82	--	1539	895698	卖盘
14:54:48	5.82	-0.01	40	23280	卖盘
14:54:45	5.83	0.01	662	385946	买盘
14:54:42	5.82	-0.01	12	6984	卖盘
14:54:39	5.83	--	25	14575	买盘
14:54:36	5.83	--	942	549186	买盘
14:54:30	5.83	--	200	116600	买盘
14:54:27	5.83	--	20	11660	买盘
14:54:24	5.83	--	35	20405	买盘
14:54:18	5.83	0.01	1	583	买盘
14:54:12	5.82	-0.01	2	1164	卖盘
14:54:09	5.83	--	220	128260	买盘
14:54:00	5.83	0.01	13	7579	买盘
14:53:57	5.82	--	25	14841	卖盘
14:53:54	5.82	-0.01	47	27354	卖盘
14:53:48	5.83	0.01	50	29150	买盘
14:53:45	5.82	--	10	5820	卖盘
14:53:30	5.82	--	10	5820	卖盘
14:53:27	5.82	-0.01	13	7566	卖盘
14:53:24	5.83	0.01	10	5830	买盘
14:53:21	5.82	--	10	5820	卖盘
14:53:18	5.82	--	10	5820	卖盘
14:53:12	5.82	--	41	23862	卖盘
14:53:09	5.82	--	160	93120	卖盘
14:52:57	5.82	--	23	13677	卖盘
14:52:54	5.82	--	13	7566	卖盘
14:52:51	5.82	--	100	58200	卖盘
14:52:42	5.82	--	10	5820	卖盘
14:52:39	5.82	0.01	1118	651170	买盘
14:52:33	5.81	--	60	34860	卖盘
14:52:24	5.81	--	18	10458	买盘
14:52:21	5.81	--	36	20916	卖盘
14:52:18	5.81	-0.01	20	11620	卖盘
14:52:12	5.82	0.01	2022	1176804	买盘
14:52:09	5.81	--	213	123752	买盘
14:52:06	5.81	--	20	11620	买盘
14:52:03	5.81	--	234	136221	卖盘
14:52:00	5.81	--	1500	871499	卖盘
14:51:57	5.81	-0.01	23	13653	卖盘
14:51:54	5.82	--	100	58200	买盘
14:51:51	5.82	0.01	155	90210	买盘
14:51:30	5.81	--	1192	692865	卖盘
14:51:27	5.81	-0.01	88	51128	卖盘
14:51:21	5.82	--	19	11058	买盘
14:51:18	5.82	0.01	35	20370	买盘
14:51:15	5.81	-0.01	9	5229	卖盘
14:51:12	5.82	0.01	2	1164	买盘
14:51:09	5.81	-0.01	309	179819	卖盘
14:51:06	5.82	0.01	81	47142	买盘
14:51:03	5.81	-0.01	2	1162	卖盘
14:51:00	5.82	--	1	582	买盘
14:50:57	5.82	0.01	28	16587	买盘
14:50:48	5.81	-0.01	67	38927	卖盘
14:50:45	5.82	0.01	124	72168	买盘
14:50:42	5.81	--	51	29630	卖盘
14:50:39	5.81	--	18	10458	卖盘
14:50:33	5.81	-0.01	30	17430	卖盘
14:50:30	5.82	--	6	3492	买盘
14:50:27	5.82	--	15	8730	买盘
14:50:24	5.82	--	45	26190	买盘
14:50:21	5.82	--	11	6402	买盘
14:50:18	5.82	--	16	9312	买盘
14:50:12	5.82	--	1	582	买盘
14:50:09	5.82	--	151	87882	买盘
14:50:06	5.82	--	123	71586	买盘
14:50:00	5.82	--	100	58200	买盘
14:49:57	5.82	--	145	84762	卖盘
14:49:51	5.82	--	649	377875	卖盘
14:49:45	5.82	-0.01	20	11640	卖盘
14:49:33	5.83	0.01	2	1166	买盘
14:49:15	5.82	-0.01	14	8148	卖盘
14:49:12	5.83	0.01	184	107272	买盘
14:49:09	5.82	--	140	81480	卖盘
14:48:57	5.82	0.01	687	399886	买盘
14:48:54	5.81	--	23	13653	卖盘
14:48:51	5.81	-0.01	28	16267	卖盘
14:48:42	5.82	--	200	116400	买盘
14:48:39	5.82	--	6	3492	买盘
14:48:27	5.82	--	13	7566	买盘
14:48:24	5.82	--	5	2910	买盘
14:48:18	5.82	--	10	5820	买盘
14:48:12	5.82	--	1	582	买盘
14:48:09	5.82	--	153	89046	买盘
14:48:06	5.82	--	130	75660	买盘
14:47:57	5.82	--	2	1164	买盘
14:47:54	5.82	--	25	14788	卖盘
14:47:39	5.82	--	107	62617	买盘
14:47:30	5.82	--	5	2910	买盘
14:47:27	5.82	--	92	53544	买盘
14:47:24	5.82	--	10	5820	买盘
14:47:21	5.82	--	697	405892	卖盘
14:47:15	5.82	--	2790	1623780	买盘
14:47:12	5.82	--	2	1164	买盘
14:47:09	5.82	--	155	90210	买盘
14:47:03	5.82	--	90	52380	买盘
14:47:00	5.82	--	42	24444	买盘
14:46:57	5.82	--	26	15132	买盘
14:46:54	5.82	--	411	239493	买盘
14:46:51	5.82	--	4	2328	买盘
14:46:48	5.82	--	10	5820	买盘
14:46:45	5.82	--	60	34920	买盘
14:46:33	5.82	--	215	125130	买盘
14:46:27	5.82	--	44	25608	买盘
14:46:21	5.82	--	73	42486	买盘
14:46:18	5.82	--	5	2910	买盘
14:46:15	5.82	--	550	320100	买盘
14:46:12	5.82	--	1	582	买盘
14:46:09	5.82	--	295	171690	买盘
14:46:03	5.82	--	10	5820	买盘
14:46:00	5.82	0.01	7	4074	买盘
14:45:54	5.81	--	23	13653	卖盘
14:45:51	5.81	-0.01	1	581	卖盘
14:45:48	5.82	-0.01	196	114072	买盘
14:45:42	5.83	0.01	600	349800	买盘
14:45:39	5.82	--	3	1746	买盘
14:45:33	5.82	0.01	210	122220	买盘
14:45:30	5.81	-0.01	1	581	卖盘
14:45:27	5.82	--	20	11640	买盘
14:45:21	5.82	--	102	59364	买盘
14:45:12	5.82	0.01	1	582	买盘
14:45:09	5.81	-0.01	148	85988	卖盘
14:45:06	5.82	--	246	143172	买盘
14:45:03	5.82	0.01	25	14550	买盘
14:44:54	5.81	--	55	32245	卖盘
14:44:51	5.81	-0.01	240	139440	卖盘
14:44:42	5.82	--	49	28518	买盘
14:44:39	5.82	0.01	30	17460	买盘
14:44:30	5.81	-0.01	227	131887	卖盘
14:44:27	5.82	--	7	4074	买盘
14:44:24	5.82	0.01	51	29682	买盘
14:44:15	5.81	-0.01	23	13653	卖盘
14:44:12	5.82	0.01	11	6402	买盘
14:44:09	5.81	-0.02	140	81340	卖盘
14:44:03	5.83	0.01	171	99693	买盘
14:43:57	5.82	--	10	5820	卖盘
14:43:51	5.82	--	20	11640	卖盘
14:43:48	5.82	-0.01	377	219414	卖盘
14:43:45	5.83	--	1	583	买盘
14:43:36	5.83	--	6	3498	买盘
14:43:30	5.83	0.01	210	122430	买盘
14:43:15	5.82	-0.01	30	17751	卖盘
14:43:12	5.83	0.01	1	583	买盘
14:43:09	5.82	--	140	81480	卖盘
14:43:06	5.82	--	15	8730	卖盘
14:43:03	5.82	--	8	4656	卖盘
14:42:42	5.82	--	482	280524	卖盘
14:42:39	5.82	--	1082	629724	买盘
14:42:36	5.82	--	286	166452	买盘
14:42:30	5.82	--	2	1164	买盘
14:42:27	5.82	--	210	122220	买盘
14:42:24	5.82	-0.01	874	508668	卖盘
14:42:21	5.83	0.01	1712	998096	买盘
14:42:18	5.82	0.01	144	83808	买盘
14:42:15	5.81	--	23	13653	卖盘
14:42:12	5.81	--	507	294567	卖盘
14:42:09	5.81	-0.01	140	81340	卖盘
14:42:00	5.82	0.01	54	31428	买盘
14:41:57	5.81	-0.01	33	19173	卖盘
14:41:54	5.82	0.01	418	243276	买盘
14:41:51	5.81	-0.01	9	5229	卖盘
14:41:48	5.82	0.01	100	58200	买盘
14:41:45	5.81	--	18	10458	卖盘
14:41:42	5.81	--	131	76111	卖盘
14:41:39	5.81	-0.01	21	12201	卖盘
14:41:36	5.82	--	400	232800	买盘
14:41:33	5.82	0.01	44	25608	买盘
14:41:27	5.81	-0.01	233	135373	卖盘
14:41:24	5.82	0.01	83	48306	买盘
14:41:21	5.81	--	25	14524	卖盘
14:41:18	5.81	-0.01	4	2324	卖盘
14:41:15	5.82	0.01	79	46269	买盘
14:41:12	5.81	--	40	23240	卖盘
14:41:09	5.81	--	140	81340	卖盘
14:40:57	5.81	-0.01	25	14524	卖盘
14:40:51	5.82	--	86	50052	买盘
14:40:45	5.82	0.01	35	20370	买盘
14:40:42	5.81	-0.01	24	13943	卖盘
14:40:39	5.82	--	50	29100	买盘
14:40:36	5.82	--	20	11640	买盘
14:40:30	5.82	0.01	5	2910	买盘
14:40:27	5.81	-0.01	233	135373	卖盘
14:40:21	5.82	0.01	83	48306	买盘
14:40:18	5.81	--	5	2905	卖盘
14:40:15	5.81	--	63	36893	卖盘
14:40:12	5.81	--	25	14524	卖盘
14:40:09	5.81	-0.01	165	95865	卖盘
14:40:03	5.82	--	5	2910	买盘
14:40:00	5.82	0.01	13	7566	买盘
14:39:57	5.81	-0.02	15	8715	卖盘
14:39:48	5.83	0.01	150	87450	买盘
14:39:45	5.82	0.01	85	49470	买盘
14:39:42	5.81	-0.01	223	129562	卖盘
14:39:39	5.82	--	30	17460	买盘
14:39:30	5.82	-0.01	48	27936	中性盘
14:39:24	5.83	0.01	736	429408	买盘
14:39:21	5.82	--	131	76242	卖盘
14:39:15	5.82	--	37	21825	卖盘
14:39:12	5.82	--	27	15714	卖盘
14:39:09	5.82	--	163	94866	卖盘
14:39:03	5.82	-0.01	2	1164	卖盘
14:39:00	5.83	0.01	30	17490	买盘
14:38:57	5.82	--	25	14550	卖盘
14:38:51	5.82	-0.01	20	11640	卖盘
14:38:48	5.83	0.01	10	5830	买盘
14:38:42	5.82	-0.01	36	20952	卖盘
14:38:30	5.83	0.01	6	3498	买盘
14:38:27	5.82	-0.01	80	46560	卖盘
14:38:24	5.83	--	215	125345	买盘
14:38:18	5.83	0.01	83	48389	买盘
14:38:15	5.82	--	23	13677	卖盘
14:38:12	5.82	--	26	15132	卖盘
14:38:09	5.82	--	140	81480	卖盘
14:38:03	5.82	-0.01	165	96030	卖盘
14:38:00	5.83	0.01	4	2332	买盘
14:37:57	5.82	--	24	13968	卖盘
14:37:54	5.82	-0.01	1	582	卖盘
14:37:51	5.83	--	70	40810	买盘
14:37:42	5.83	--	41	23903	买盘
14:37:39	5.83	0.01	13	7579	买盘
14:37:33	5.82	--	410	238620	卖盘
14:37:27	5.82	-0.01	124	72168	卖盘
14:37:24	5.83	0.01	210	122430	买盘
14:37:21	5.82	--	54	31428	卖盘
14:37:18	5.82	--	86	50052	卖盘
14:37:15	5.82	--	23	13677	卖盘
14:37:12	5.82	--	24	13968	卖盘
14:37:09	5.82	-0.01	140	81480	卖盘
14:37:06	5.83	--	100	58300	买盘
14:36:57	5.83	0.01	27	15741	买盘
14:36:54	5.82	-0.01	10	5820	卖盘
14:36:45	5.83	--	19	11077	买盘
14:36:42	5.83	0.01	29	16907	买盘
14:36:30	5.82	--	10	5820	卖盘
14:36:27	5.82	-0.01	24	13968	卖盘
14:36:15	5.83	0.01	136	79579	买盘
14:36:12	5.82	--	27	15714	卖盘
14:36:09	5.82	--	140	81480	卖盘
14:36:00	5.82	--	5	2910	卖盘
14:35:57	5.82	--	24	13968	卖盘
14:35:54	5.82	--	717	417555	买盘
14:35:45	5.82	0.01	42	24444	买盘
14:35:42	5.81	-0.01	24	13943	卖盘
14:35:39	5.82	--	1	582	买盘
14:35:36	5.82	--	1000	582000	买盘
14:35:30	5.82	0.01	57	33174	买盘
14:35:27	5.81	-0.01	24	13943	卖盘
14:35:21	5.82	0.01	30	17460	买盘
14:35:18	5.81	-0.01	30	17430	卖盘
14:35:15	5.82	0.01	83	48306	买盘
14:35:12	5.81	--	51	29921	卖盘
14:35:09	5.81	--	140	81340	卖盘
14:34:57	5.81	-0.01	76	44156	卖盘
14:34:54	5.82	--	31	18042	买盘
14:34:51	5.82	--	4	2328	买盘
14:34:48	5.82	0.01	5	2910	买盘
14:34:42	5.81	-0.01	23	13363	卖盘
14:34:30	5.82	--	40	23280	买盘
14:34:24	5.82	--	107	62274	买盘
14:34:21	5.82	--	20	11640	买盘
14:34:18	5.82	--	20	11640	买盘
14:34:12	5.82	0.01	85	49470	买盘
14:34:09	5.81	--	140	81340	卖盘
14:34:00	5.81	-0.01	40	23292	卖盘
14:33:57	5.82	--	146	85292	卖盘
14:33:48	5.82	--	0	261	卖盘
14:33:39	5.82	--	10	5820	卖盘
14:33:36	5.82	--	29	16878	买盘
14:33:33	5.82	0.01	56	32592	买盘
14:33:30	5.81	-0.01	15	8715	卖盘
14:33:27	5.82	--	46	26772	买盘
14:33:24	5.82	0.01	50	29100	买盘
14:33:18	5.81	-0.01	16	9296	卖盘
14:33:15	5.82	0.01	61	35502	买盘
14:33:12	5.81	--	124	72044	卖盘
14:33:09	5.81	-0.01	154	89474	卖盘
14:33:06	5.82	0.01	30	17460	买盘
14:33:00	5.81	-0.01	26	15105	卖盘
14:32:57	5.82	0.01	100	58200	买盘
14:32:54	5.81	-0.01	56	32535	卖盘
14:32:51	5.82	0.01	219	127458	买盘
14:32:48	5.81	-0.01	259	150479	卖盘
14:32:45	5.82	--	1017	591894	买盘
14:32:42	5.82	--	50	29100	买盘
14:32:18	5.82	0.01	15	8730	买盘
14:32:15	5.81	--	47	27306	买盘
14:32:12	5.81	--	32	18592	买盘
14:32:09	5.81	--	366	212646	买盘
14:32:06	5.81	--	86	49966	买盘
14:32:03	5.81	--	295	171395	买盘
14:32:00	5.81	--	4	2324	买盘
14:31:57	5.81	--	201	116780	买盘
14:31:54	5.81	--	12	6971	买盘
14:31:48	5.81	--	8	4648	买盘
14:31:45	5.81	--	3	1742	买盘
14:31:42	5.81	--	47	27306	买盘
14:31:39	5.81	--	12	6971	买盘
14:31:36	5.81	0.01	91	52871	买盘
14:31:30	5.8	-0.01	20	11600	卖盘
14:31:27	5.81	--	34	19754	买盘
14:31:21	5.81	--	420	244019	买盘
14:31:15	5.81	0.01	20	11620	买盘
14:31:12	5.8	-0.01	24	13920	卖盘
14:31:09	5.81	0.01	224	130143	买盘
14:31:03	5.8	-0.01	184	106720	卖盘
14:31:00	5.81	0.01	24	13943	买盘
14:30:57	5.8	-0.01	23	13340	卖盘
14:30:54	5.81	--	20	11620	买盘
14:30:51	5.81	--	15	8715	买盘
14:30:48	5.81	0.01	95	55194	买盘
14:30:45	5.8	--	90	52200	卖盘
14:30:42	5.8	-0.01	24	13920	卖盘
14:30:36	5.81	--	7	4066	买盘
14:30:33	5.81	0.01	18	10458	买盘
14:30:27	5.8	-0.01	64	37120	卖盘
14:30:24	5.81	0.01	5	2905	买盘
14:30:21	5.8	-0.02	200	116000	卖盘
14:30:12	5.82	0.02	14	8148	买盘
14:30:09	5.8	--	195	113100	卖盘
14:30:03	5.8	--	213	123540	卖盘
14:29:57	5.8	-0.01	24	13920	卖盘
14:29:51	5.81	0.01	13	7552	买盘
14:29:45	5.8	--	96	55680	卖盘
14:29:42	5.8	-0.01	23	13340	卖盘
14:29:39	5.81	0.01	5	2905	买盘
14:29:36	5.8	--	3	1740	卖盘
14:29:33	5.8	--	230	133400	卖盘
14:29:30	5.8	-0.01	61	35380	卖盘
14:29:27	5.81	0.01	88	51128	买盘
14:29:24	5.8	-0.01	15	8700	卖盘
14:29:21	5.81	--	21	12201	买盘
14:29:12	5.81	-0.01	1226	712306	卖盘
14:29:09	5.82	--	340	197880	买盘
14:29:06	5.82	0.01	83	48306	买盘
14:28:57	5.81	--	23	13363	卖盘
14:28:54	5.81	--	49	28468	卖盘
14:28:51	5.81	0.01	563	327103	买盘
14:28:42	5.8	-0.01	23	13340	卖盘
14:28:33	5.81	--	614	356734	买盘
14:28:30	5.81	0.01	76	44156	买盘
14:28:27	5.8	--	24	13920	卖盘
14:28:24	5.8	--	345	200100	买盘
14:28:21	5.8	--	50	29000	买盘
14:28:18	5.8	--	750	435000	卖盘
14:28:15	5.8	--	280	162400	卖盘
14:28:12	5.8	--	41	23780	卖盘
14:28:09	5.8	--	140	81200	卖盘
14:28:03	5.8	0.01	1024	593920	买盘
14:27:57	5.79	-0.01	24	13896	卖盘
14:27:54	5.8	0.01	14	8120	买盘
14:27:42	5.79	-0.01	34	19686	卖盘
14:27:36	5.8	--	35	20300	买盘
14:27:27	5.8	0.01	243	140940	买盘
14:27:24	5.79	-0.01	179	103641	卖盘
14:27:18	5.8	0.01	502	291160	买盘
14:27:15	5.79	-0.01	300	173700	卖盘
14:27:12	5.8	0.01	37	21460	买盘
14:27:09	5.79	-0.01	140	81060	卖盘
14:27:03	5.8	--	83	48140	买盘
14:27:00	5.8	--	67	38860	买盘
14:26:57	5.8	--	18	10440	卖盘
14:26:51	5.8	--	9	5220	买盘
14:26:48	5.8	0.01	15	8700	中性盘
14:26:39	5.79	-0.01	99	57321	卖盘
14:26:36	5.8	-0.01	1	580	卖盘
14:26:33	5.81	0.01	6	3485	买盘
14:26:30	5.8	--	4	2320	买盘
14:26:27	5.8	-0.01	15	8700	卖盘
14:26:21	5.81	--	500	290500	买盘
14:26:18	5.81	--	6	3485	买盘
14:26:15	5.81	0.02	3	1742	买盘
14:26:12	5.79	-0.01	4046	2342634	卖盘
14:26:09	5.8	-0.01	140	81200	卖盘
14:26:06	5.81	--	65	37765	买盘
14:26:03	5.81	--	4	2324	买盘
14:26:00	5.81	0.01	83	48223	买盘
14:25:57	5.8	-0.01	23	13340	卖盘
14:25:51	5.81	--	1	581	买盘
14:25:48	5.81	--	25	14815	买盘
14:25:45	5.81	0.01	49	28468	买盘
14:25:42	5.8	-0.01	85	49300	卖盘
14:25:39	5.81	--	5	2905	买盘
14:25:36	5.81	--	47	27306	买盘
14:25:30	5.81	0.01	14	8133	买盘
14:25:27	5.8	-0.01	24	13920	卖盘
14:25:24	5.81	--	1129	655949	买盘
14:25:21	5.81	0.01	90	52290	买盘
14:25:12	5.8	--	25	14500	卖盘
14:25:09	5.8	--	205	118900	卖盘
14:25:06	5.8	--	4	2320	卖盘
14:25:00	5.8	--	157	91060	卖盘
14:24:57	5.8	-0.01	24	13920	卖盘
14:24:54	5.81	--	28	16267	买盘
14:24:51	5.81	--	13	7552	买盘
14:24:48	5.81	0.01	73	42703	买盘
14:24:42	5.8	-0.01	23	13340	卖盘
14:24:39	5.81	--	10	5810	买盘
14:24:36	5.81	--	10	5810	买盘
14:24:33	5.81	--	1383	803523	卖盘
14:24:27	5.81	--	24	13943	卖盘
14:24:12	5.81	--	175	101675	卖盘
14:24:09	5.81	-0.01	140	81340	卖盘
14:24:06	5.82	--	10	5820	买盘
14:24:00	5.82	0.01	83	48306	买盘
14:23:57	5.81	--	23	13363	卖盘
14:23:51	5.81	--	4	2324	卖盘
14:23:48	5.81	--	223	129853	卖盘
14:23:45	5.81	--	91	52871	卖盘
14:23:42	5.81	-0.01	24	13943	卖盘
14:23:36	5.82	0.01	6	3492	买盘
14:23:33	5.81	--	13	7552	卖盘
14:23:27	5.81	--	24	13943	卖盘
14:23:24	5.81	--	1	581	卖盘
14:23:21	5.81	-0.01	19	11039	卖盘
14:23:15	5.82	0.01	400	232800	买盘
14:23:12	5.81	--	25	14524	卖盘
14:23:09	5.81	--	141	81921	卖盘
14:22:57	5.81	--	144	83664	卖盘
14:22:48	5.81	-0.01	23	13653	卖盘
14:22:45	5.82	0.01	18	10476	买盘
14:22:42	5.81	--	24	13943	卖盘
14:22:30	5.81	-0.01	10	5810	卖盘
14:22:27	5.82	--	43	25026	买盘
14:22:21	5.82	0.01	40	23280	买盘
14:22:18	5.81	--	13	7552	卖盘
14:22:12	5.81	--	1348	783188	买盘
14:22:09	5.81	--	150	87150	买盘
14:22:03	5.81	--	23	13363	买盘
14:22:00	5.81	0.01	86	49966	买盘
14:21:57	5.8	-0.01	25	14500	卖盘
14:21:54	5.81	--	83	48223	买盘
14:21:51	5.81	0.01	2	1162	买盘
14:21:48	5.8	-0.01	23	13630	卖盘
14:21:45	5.81	0.01	2	1162	买盘
14:21:42	5.8	-0.01	28	16240	卖盘
14:21:33	5.81	--	32	18592	买盘
14:21:30	5.81	0.01	21	12201	买盘
14:21:27	5.8	-0.01	58	33640	卖盘
14:21:21	5.81	--	37	21497	买盘
14:21:18	5.81	0.01	2	1162	买盘
14:21:15	5.8	--	32	18560	卖盘
14:21:12	5.8	--	26	15080	卖盘
14:21:09	5.8	-0.01	140	81200	卖盘
14:21:06	5.81	--	5	2905	买盘
14:21:03	5.81	0.01	10	5810	买盘
14:21:00	5.8	--	10	5800	卖盘
14:20:57	5.8	-0.01	24	13920	卖盘
14:20:54	5.81	--	91	52871	买盘
14:20:48	5.81	0.01	43	25273	买盘
14:20:42	5.8	--	23	13340	卖盘
14:20:39	5.8	-0.01	309	179220	卖盘
14:20:30	5.81	0.01	5	2905	买盘
14:20:27	5.8	-0.01	46	26680	卖盘
14:20:24	5.81	--	101	58680	买盘
14:20:21	5.81	0.01	5	2905	买盘
14:20:18	5.8	-0.01	200	116000	卖盘
14:20:15	5.81	--	100	58099	买盘
14:20:12	5.81	--	54	31373	买盘
14:20:09	5.81	0.01	212	123171	买盘
14:19:57	5.8	--	1160	672800	买盘
14:19:54	5.8	0.01	83	48140	买盘
14:19:48	5.79	--	23	13606	卖盘
14:19:42	5.79	-0.01	38	22002	卖盘
14:19:39	5.8	--	18	10440	买盘
14:19:36	5.8	0.01	11	6380	买盘
14:19:27	5.79	-0.01	22	12738	卖盘
14:19:21	5.8	0.01	31	17980	买盘
14:19:15	5.79	--	2	1158	卖盘
14:19:12	5.79	--	159	92061	卖盘
14:19:09	5.79	-0.01	140	81060	卖盘
14:19:06	5.8	0.01	15	8700	买盘
14:18:57	5.79	-0.01	52	30108	卖盘
14:18:54	5.8	--	51	29580	买盘
14:18:51	5.8	0.01	83	48140	买盘
14:18:48	5.79	--	47	27213	卖盘
14:18:45	5.79	--	33	19396	卖盘
14:18:42	5.79	--	24	13896	卖盘
14:18:36	5.79	--	15	8685	卖盘
14:18:27	5.79	--	27	15633	卖盘
14:18:24	5.79	--	17	9843	卖盘
14:18:21	5.79	--	75	43425	卖盘
14:18:12	5.79	--	24	13896	卖盘
14:18:09	5.79	--	140	81060	卖盘
14:18:03	5.79	--	100	57900	卖盘
14:18:00	5.79	0.01	46	26923	买盘
14:17:57	5.78	-0.01	25	14450	卖盘
14:17:51	5.79	--	103	59637	买盘
14:17:48	5.79	0.01	5	2895	买盘
14:17:45	5.78	-0.01	43	25143	卖盘
14:17:42	5.79	--	82	47478	买盘
14:17:39	5.79	--	105	60795	买盘
14:17:33	5.79	-0.01	2991	1731789	卖盘
14:17:27	5.8	-0.01	23	13340	卖盘
14:17:12	5.81	0.01	5	2905	卖盘
14:17:09	5.8	--	140	81200	卖盘
14:17:03	5.8	-0.01	11	6380	卖盘
14:17:00	5.81	0.01	31	18011	买盘
14:16:57	5.8	-0.01	24	13920	卖盘
14:16:54	5.81	0.01	4	2324	买盘
14:16:48	5.8	--	97	56260	卖盘
14:16:45	5.8	--	53	31030	卖盘
14:16:42	5.8	-0.01	23	13340	卖盘
14:16:30	5.81	0.01	315	183015	买盘
14:16:27	5.8	-0.01	23	13340	卖盘
14:16:15	5.81	--	30	17430	买盘
14:16:12	5.81	--	290	168490	卖盘
14:16:09	5.81	--	140	81340	卖盘
14:16:00	5.81	-0.01	14	8133	卖盘
14:15:57	5.82	0.01	33	19206	买盘
14:15:54	5.81	--	30	17430	卖盘
14:15:51	5.81	-0.01	19	11039	卖盘
14:15:48	5.82	0.01	83	48306	买盘
14:15:42	5.81	--	26	15105	卖盘
14:15:36	5.81	--	2010	1167810	卖盘
14:15:27	5.81	--	25	14524	卖盘
14:15:12	5.81	--	52	30211	卖盘
14:15:09	5.81	-0.01	160	92960	卖盘
14:15:03	5.82	0.01	5	2910	买盘
14:15:00	5.81	--	32	18592	卖盘
14:14:57	5.81	-0.01	24	13943	卖盘
14:14:48	5.82	--	10	5820	买盘
14:14:45	5.82	0.01	147	85554	买盘
14:14:42	5.81	--	23	13363	卖盘
14:14:30	5.81	--	3	1742	卖盘
14:14:27	5.81	-0.01	24	13943	卖盘
14:14:24	5.82	0.01	9	5238	买盘
14:14:15	5.81	--	18	10458	卖盘
14:14:12	5.81	--	26	15105	卖盘
14:14:09	5.81	--	140	81340	卖盘
14:13:57	5.81	-0.01	123	71463	卖盘
14:13:45	5.82	0.01	83	48306	买盘
14:13:42	5.81	--	37	21497	卖盘
14:13:36	5.81	--	10	5810	卖盘
14:13:27	5.81	--	24	13943	卖盘
14:13:12	5.81	--	26	15105	卖盘
14:13:09	5.81	--	240	139440	卖盘
14:12:57	5.81	--	25	14524	卖盘
14:12:54	5.81	--	350	203350	卖盘
14:12:48	5.81	-0.01	15	8715	卖盘
14:12:45	5.82	0.01	85	49470	买盘
14:12:42	5.81	--	219	127238	卖盘
14:12:36	5.81	--	10	5810	卖盘
14:12:27	5.81	--	24	13943	卖盘
14:12:15	5.81	--	5	2905	卖盘
14:12:12	5.81	--	46	26726	卖盘
14:12:09	5.81	--	140	81340	卖盘
14:12:06	5.81	--	50	29049	卖盘
14:11:57	5.81	--	23	13363	卖盘
14:11:51	5.81	--	20	11620	卖盘
14:11:48	5.81	-0.01	12	6971	卖盘
14:11:42	5.82	0.01	156	90792	买盘
14:11:39	5.81	0.01	166	96446	买盘
14:11:36	5.8	--	50	29000	卖盘
14:11:33	5.8	--	2	1160	卖盘
14:11:27	5.8	--	23	13340	卖盘
14:11:24	5.8	-0.01	23	13630	卖盘
14:11:12	5.81	0.02	118	68558	买盘
14:11:09	5.79	-0.01	147	85113	卖盘
14:11:03	5.8	-0.01	23	13340	卖盘
14:11:00	5.81	0.01	20	11620	买盘
14:10:57	5.8	-0.01	25	14500	卖盘
14:10:54	5.81	--	17	9877	买盘
14:10:51	5.81	0.01	8	4648	中性盘
14:10:48	5.8	--	2000	1160000	卖盘
14:10:45	5.8	-0.02	2000	1160000	卖盘
14:10:42	5.82	0.01	37	21534	买盘
14:10:39	5.81	--	290	168490	卖盘
14:10:36	5.81	-0.01	20	11620	卖盘
14:10:33	5.82	0.01	300	174600	买盘
14:10:30	5.81	--	5	2905	卖盘
14:10:27	5.81	-0.01	27	15686	卖盘
14:10:21	5.82	--	93	54417	买盘
14:10:18	5.82	0.01	50	29100	买盘
14:10:15	5.81	--	1025	595525	卖盘
14:10:12	5.81	--	62	36022	卖盘
14:10:09	5.81	-0.01	140	81340	卖盘
14:10:03	5.82	--	13	7566	买盘
14:10:00	5.82	0.01	20	11640	买盘
14:09:57	5.81	--	24	13943	卖盘
14:09:54	5.81	-0.01	120	69720	卖盘
14:09:48	5.82	--	5	2910	买盘
14:09:45	5.82	0.01	20	11640	买盘
14:09:42	5.81	-0.01	95	55194	卖盘
14:09:39	5.82	0.01	83	48306	买盘
14:09:33	5.81	-0.01	203	117942	卖盘
14:09:30	5.82	--	27	15714	买盘
14:09:27	5.82	--	40	23280	买盘
14:09:24	5.82	0.01	1	582	买盘
14:09:21	5.81	-0.01	71	41541	卖盘
14:09:18	5.82	--	15	8730	买盘
14:09:15	5.82	0.01	50	29100	买盘
14:09:12	5.81	--	25	14524	卖盘
14:09:09	5.81	-0.01	175	101675	卖盘
14:09:00	5.82	0.01	100	58200	买盘
14:08:57	5.81	-0.01	23	13363	卖盘
14:08:48	5.82	0.01	24	13968	买盘
14:08:42	5.81	--	26	15105	卖盘
14:08:39	5.81	-0.01	90	52290	卖盘
14:08:36	5.82	0.01	357	207774	买盘
14:08:27	5.81	-0.01	25	14524	卖盘
14:08:24	5.82	0.01	1	582	买盘
14:08:21	5.81	--	23	13653	卖盘
14:08:12	5.81	--	24	13943	卖盘
14:08:09	5.81	--	161	93541	卖盘
14:08:06	5.81	--	11	6391	卖盘
14:08:00	5.81	--	20	11620	卖盘
14:07:57	5.81	-0.01	24	13943	卖盘
14:07:51	5.82	0.01	61	35502	买盘
14:07:48	5.81	--	2001	1162581	卖盘
14:07:42	5.81	-0.01	87	50547	卖盘
14:07:39	5.82	-0.01	1035	602370	卖盘
14:07:36	5.83	0.01	83	48389	买盘
14:07:27	5.82	--	41	23862	卖盘
14:07:21	5.82	-0.01	23	13677	卖盘
14:07:12	5.83	0.01	46	26818	买盘
14:07:09	5.82	--	140	81480	卖盘
14:06:57	5.82	--	23	13386	卖盘
14:06:54	5.82	--	2	1164	卖盘
14:06:51	5.82	--	120	69840	卖盘
14:06:48	5.82	--	100	58200	卖盘
14:06:42	5.82	-0.01	23	13386	卖盘
14:06:36	5.83	0.01	83	48389	买盘
14:06:27	5.82	-0.01	35	20370	卖盘
14:06:24	5.83	0.01	20	11660	买盘
14:06:21	5.82	-0.01	23	13677	卖盘
14:06:12	5.83	--	1041	606903	卖盘
14:06:09	5.83	--	144	83952	卖盘
14:06:06	5.83	--	30	17490	卖盘
14:05:57	5.83	-0.01	22	12826	卖盘
14:05:48	5.84	0.01	3	1752	买盘
14:05:42	5.83	-0.01	23	13409	卖盘
14:05:33	5.84	0.01	83	48472	买盘
14:05:27	5.83	--	23	13409	卖盘
14:05:21	5.83	--	23	13700	卖盘
14:05:12	5.83	--	29	16907	卖盘
14:05:09	5.83	-0.01	140	81620	卖盘
14:05:06	5.84	0.01	10	5840	买盘
14:04:57	5.83	-0.01	27	15741	卖盘
14:04:45	5.84	--	20	11680	买盘
14:04:39	5.84	-0.01	61	35898	卖盘
14:04:33	5.85	0.01	84	49140	买盘
14:04:27	5.84	--	26	15184	卖盘
14:04:24	5.84	--	14	8176	卖盘
14:04:21	5.84	--	53	31244	卖盘
14:04:12	5.84	--	98	57249	卖盘
14:04:09	5.84	--	140	81760	卖盘
14:04:06	5.84	--	102	59568	卖盘
14:03:57	5.84	--	86	50224	卖盘
14:03:54	5.84	--	5	2920	卖盘
14:03:48	5.84	--	2	1168	买盘
14:03:42	5.84	--	21	12264	卖盘
14:03:36	5.84	--	558	325872	买盘
14:03:33	5.84	--	236	137824	买盘
14:03:30	5.84	0.01	83	48472	买盘
14:03:27	5.83	--	43	25069	卖盘
14:03:21	5.83	-0.01	23	13700	卖盘
14:03:15	5.84	0.01	20	11680	买盘
14:03:12	5.83	--	25	14575	卖盘
14:03:09	5.83	--	140	81620	卖盘
14:03:03	5.83	-0.01	12	6996	卖盘
14:03:00	5.84	0.01	1	584	买盘
14:02:57	5.83	-0.01	23	13409	卖盘
14:02:54	5.84	0.01	3	1752	买盘
14:02:42	5.83	--	23	13409	卖盘
14:02:36	5.83	--	200	116600	卖盘
14:02:30	5.83	--	88	51304	卖盘
14:02:27	5.83	--	25	14575	卖盘
14:02:21	5.83	--	23	13700	卖盘
14:02:15	5.83	--	20	11660	卖盘
14:02:12	5.83	--	174	101442	卖盘
14:02:09	5.83	-0.01	140	81620	卖盘
14:02:06	5.84	--	162	94608	买盘
14:01:57	5.84	0.01	44	25696	买盘
14:01:45	5.83	--	400	233200	卖盘
14:01:42	5.83	-0.01	23	13409	卖盘
14:01:39	5.84	0.01	33	19272	买盘
14:01:36	5.83	--	10	5830	卖盘
14:01:33	5.83	-0.01	20	11660	卖盘
14:01:30	5.84	--	21	12264	买盘
14:01:27	5.84	--	110	64240	买盘
14:01:24	5.84	0.01	10	5840	买盘
14:01:18	5.83	-0.01	76	44308	卖盘
14:01:12	5.84	--	35	20440	买盘
14:01:09	5.84	0.01	155	90520	买盘
14:01:03	5.83	-0.01	23	13700	卖盘
14:00:57	5.84	--	40	23360	买盘
14:00:48	5.84	--	45	26280	卖盘
14:00:42	5.84	--	25	14600	卖盘
14:00:39	5.84	--	5	2920	卖盘
14:00:30	5.84	--	27	15768	卖盘
14:00:24	5.84	-0.01	26	15184	中性盘
14:00:12	5.85	0.02	1	585	买盘
14:00:09	5.83	-0.01	176	102899	卖盘
14:00:00	5.84	--	16	9344	卖盘
13:59:45	5.84	--	28	16352	卖盘
13:59:42	5.84	--	6	3504	卖盘
13:59:30	5.84	--	27	15768	卖盘
13:59:27	5.84	--	8	4672	卖盘
13:59:24	5.84	--	18	10512	买盘
13:59:15	5.84	-0.01	10	5840	卖盘
13:59:12	5.85	0.02	2	1170	买盘
13:59:09	5.83	-0.01	140	81620	卖盘
13:59:03	5.84	--	25	14892	卖盘
13:59:00	5.84	--	27	15768	卖盘
13:58:45	5.84	--	27	15768	卖盘
13:58:39	5.84	--	10	5840	卖盘
13:58:36	5.84	-0.01	38	22192	卖盘
13:58:30	5.85	0.01	32	18720	买盘
13:58:21	5.84	-0.01	28	16352	中性盘
13:58:12	5.85	0.02	1	585	买盘
13:58:09	5.83	-0.01	140	81620	卖盘
13:58:03	5.84	--	50	29492	买盘
13:58:00	5.84	--	1	584	卖盘
13:57:45	5.84	--	27	15768	卖盘
13:57:30	5.84	--	27	15768	卖盘
13:57:21	5.84	-0.01	28	16352	中性盘
13:57:12	5.85	0.02	2	1170	买盘
13:57:09	5.83	-0.01	140	81620	卖盘
13:57:06	5.84	--	8	4672	卖盘
13:57:03	5.84	--	5	2920	卖盘
13:57:00	5.84	--	50	29492	卖盘
13:56:51	5.84	-0.01	5	2920	卖盘
13:56:48	5.85	0.01	205	119924	买盘
13:56:45	5.84	--	27	15768	卖盘
13:56:39	5.84	-0.01	5	2920	卖盘
13:56:36	5.85	0.01	10	5850	买盘
13:56:30	5.84	--	53	30952	卖盘
13:56:24	5.84	--	60	35040	买盘
13:56:21	5.84	0.01	83	48472	买盘
13:56:18	5.83	--	50	29150	卖盘
13:56:15	5.83	-0.01	26	15158	卖盘
13:56:12	5.84	0.01	1	584	买盘
13:56:09	5.83	--	140	81620	卖盘
13:56:00	5.83	--	50	29441	卖盘
13:55:57	5.83	--	10	5830	卖盘
13:55:45	5.83	--	27	15741	卖盘
13:55:30	5.83	-0.01	47	27401	卖盘
13:55:24	5.84	--	14	8176	卖盘
13:55:21	5.84	-0.01	15	8760	卖盘
13:55:18	5.85	0.01	83	48555	买盘
13:55:15	5.84	-0.01	27	15768	卖盘
13:55:12	5.85	0.02	1	585	买盘
13:55:09	5.83	-0.01	140	81620	卖盘
13:55:06	5.84	--	24	14016	买盘
13:55:03	5.84	--	9	5256	买盘
13:55:00	5.84	0.01	56	32996	买盘
13:54:57	5.83	--	2	1166	卖盘
13:54:54	5.83	-0.01	3	1749	卖盘
13:54:51	5.84	0.01	3	1752	买盘
13:54:48	5.83	--	56	32648	卖盘
13:54:45	5.83	--	26	15158	卖盘
13:54:39	5.83	-0.01	30	17490	卖盘
13:54:33	5.84	0.01	10	5840	买盘
13:54:30	5.83	--	26	15158	卖盘
13:54:27	5.83	-0.01	15	8745	卖盘
13:54:24	5.84	-0.01	10	5840	中性盘
13:54:18	5.85	--	83	48555	买盘
13:54:12	5.85	0.02	2	1170	买盘
13:54:09	5.83	-0.01	140	81620	卖盘
13:54:06	5.84	0.01	48	28324	买盘
13:54:00	5.83	--	49	28858	卖盘
13:53:45	5.83	-0.01	26	15158	卖盘
13:53:39	5.84	--	98	57524	卖盘
13:53:36	5.84	--	12	7008	卖盘
13:53:30	5.84	--	78	45552	卖盘
13:53:15	5.84	-0.01	131	76504	卖盘
13:53:12	5.85	0.01	1	585	买盘
13:53:09	5.84	--	140	81760	卖盘
13:53:00	5.84	-0.01	51	30076	卖盘
13:52:57	5.85	--	20	11700	买盘
13:52:54	5.85	0.01	10	5850	买盘
13:52:45	5.84	-0.01	28	16352	卖盘
13:52:42	5.85	0.01	50	29250	买盘
13:52:36	5.84	--	25	14600	卖盘
13:52:30	5.84	-0.01	27	15768	卖盘
13:52:24	5.85	--	32	18720	买盘
13:52:21	5.85	0.01	5	2925	买盘
13:52:15	5.84	-0.01	115	67160	卖盘
13:52:12	5.85	0.01	105	61424	买盘
13:52:09	5.84	--	180	105120	卖盘
13:52:00	5.84	--	51	30076	卖盘
13:51:57	5.84	--	21	12264	卖盘
13:51:45	5.84	--	37	21608	卖盘
13:51:42	5.84	0.01	1022	597140	买盘
13:51:36	5.83	--	8	4664	卖盘
13:51:33	5.83	-0.01	20	11660	卖盘
13:51:30	5.84	0.01	126	73584	买盘
13:51:27	5.83	--	72	41976	卖盘
13:51:15	5.83	-0.01	26	15158	卖盘
13:51:12	5.84	--	154	90228	卖盘
13:51:09	5.84	--	140	81760	卖盘
13:51:03	5.84	-0.01	1000	584000	卖盘
13:51:00	5.85	--	16	9360	卖盘
13:50:57	5.85	0.01	25	14917	买盘
13:50:54	5.84	--	29	16936	卖盘
13:50:48	5.84	--	10	5840	卖盘
13:50:45	5.84	-0.01	27	15768	卖盘
13:50:39	5.85	--	2	1170	卖盘
13:50:33	5.85	0.01	28	16379	买盘
13:50:30	5.84	--	26	15184	卖盘
13:50:18	5.84	-0.02	10	5840	卖盘
13:50:12	5.86	0.02	85	49810	买盘
13:50:09	5.84	-0.01	140	81760	卖盘
13:50:06	5.85	--	137	80145	卖盘
13:50:03	5.85	-0.01	31	18135	卖盘
13:50:00	5.86	0.01	34	19924	买盘
13:49:57	5.85	-0.01	23	13747	卖盘
13:49:48	5.86	0.01	11	6446	买盘
13:49:45	5.85	--	26	15209	卖盘
13:49:42	5.85	--	26	15209	卖盘
13:49:39	5.85	--	10	5850	卖盘
13:49:30	5.85	-0.01	29	16965	卖盘
13:49:27	5.86	0.01	300	175800	买盘
13:49:15	5.85	-0.01	27	15794	卖盘
13:49:12	5.86	--	5	2930	买盘
13:49:09	5.86	0.01	223	130678	买盘
13:49:00	5.85	--	50	29250	卖盘
13:48:57	5.85	-0.01	23	13747	卖盘
13:48:51	5.86	0.01	100	58600	买盘
13:48:45	5.85	--	26	15209	卖盘
13:48:33	5.85	--	8	4680	卖盘
13:48:30	5.85	--	29	16965	卖盘
13:48:15	5.85	--	33	19305	卖盘
13:48:12	5.85	--	5	2925	卖盘
13:48:09	5.85	-0.01	140	81900	卖盘
13:48:06	5.86	0.01	83	48638	买盘
13:48:00	5.85	--	28	16379	卖盘
13:47:57	5.85	-0.01	23	13747	卖盘
13:47:54	5.86	0.01	28	16408	买盘
13:47:48	5.85	--	15	8775	卖盘
13:47:45	5.85	--	53	31004	卖盘
13:47:30	5.85	--	27	15794	卖盘
13:47:27	5.85	-0.01	100	58500	卖盘
13:47:24	5.86	0.01	60	35160	买盘
13:47:21	5.85	--	5	2925	卖盘
13:47:15	5.85	-0.01	27	15794	卖盘
13:47:12	5.86	0.01	1	586	买盘
13:47:09	5.85	-0.01	140	81900	卖盘
13:47:06	5.86	--	83	48638	买盘
13:47:03	5.86	0.01	20	11720	买盘
13:47:00	5.85	--	28	16379	卖盘
13:46:57	5.85	--	73	42997	卖盘
13:46:51	5.85	--	1	585	卖盘
13:46:45	5.85	--	28	16379	卖盘
13:46:42	5.85	--	10	5850	卖盘
13:46:30	5.85	--	26	15209	卖盘
13:46:15	5.85	-0.01	27	15794	中性盘
13:46:12	5.86	0.02	7	4102	买盘
13:46:09	5.84	-0.02	140	81760	卖盘
13:46:06	5.86	--	99	58014	买盘
13:46:03	5.86	0.01	259	152067	买盘
13:46:00	5.85	--	35	20475	卖盘
13:45:57	5.85	-0.01	23	13747	卖盘
13:45:54	5.86	0.01	5	2930	买盘
13:45:45	5.85	-0.01	28	16379	卖盘
13:45:39	5.86	--	117	68562	卖盘
13:45:33	5.86	--	30	17580	卖盘
13:45:30	5.86	--	38	22268	卖盘
13:45:21	5.86	--	1	586	卖盘
13:45:15	5.86	-0.01	29	16994	卖盘
13:45:12	5.87	0.01	1	587	买盘
13:45:09	5.86	-0.01	150	87900	卖盘
13:45:03	5.87	0.01	143	83941	买盘
13:45:00	5.86	--	27	15822	卖盘
13:44:54	5.86	--	23	13771	卖盘
13:44:45	5.86	--	58	33988	卖盘
13:44:39	5.86	--	19	11134	卖盘
13:44:33	5.86	--	50	29300	卖盘
13:44:30	5.86	--	26	15236	卖盘
13:44:27	5.86	0.02	1391	815419	买盘
13:44:15	5.84	-0.01	28	16352	卖盘
13:44:12	5.85	0.01	2	1170	买盘
13:44:09	5.84	-0.01	140	81760	卖盘
13:44:00	5.85	0.01	130	76050	买盘
13:43:54	5.84	-0.01	23	13724	卖盘
13:43:51	5.85	--	100	58500	买盘
13:43:48	5.85	0.01	4	2340	买盘
13:43:45	5.84	-0.01	39	22776	卖盘
13:43:42	5.85	--	5	2925	买盘
13:43:36	5.85	--	15	8775	买盘
13:43:30	5.85	--	6	3510	买盘
13:43:27	5.85	--	2802	1639462	卖盘
13:43:24	5.85	--	1	585	卖盘
13:43:15	5.85	--	28	16379	卖盘
13:43:12	5.85	--	5	2925	卖盘
13:43:09	5.85	-0.01	180	105300	卖盘
13:43:00	5.86	0.01	110	64460	买盘
13:42:57	5.85	--	54	31589	卖盘
13:42:54	5.85	--	23	13747	卖盘
13:42:45	5.85	--	25	14625	卖盘
13:42:42	5.85	--	14	8189	卖盘
13:42:39	5.85	--	100	58500	卖盘
13:42:36	5.85	--	288	168480	买盘
13:42:33	5.85	0.01	693	405405	买盘
13:42:30	5.84	0.01	74	43508	买盘
13:42:24	5.83	-0.01	50	29150	卖盘
13:42:21	5.84	--	758	442964	卖盘
13:42:18	5.84	--	22	12848	卖盘
13:42:15	5.84	-0.01	98	57232	卖盘
13:42:12	5.85	0.01	2	1170	买盘
13:42:09	5.84	-0.01	140	81760	卖盘
13:42:06	5.85	0.01	3	1755	买盘
13:42:00	5.84	--	111	64824	卖盘
13:41:54	5.84	-0.01	28	16644	卖盘
13:41:48	5.85	0.01	180	105300	买盘
13:41:45	5.84	-0.01	27	15768	卖盘
13:41:39	5.85	0.01	20	11700	买盘
13:41:30	5.84	-0.01	29	16936	卖盘
13:41:27	5.85	--	10	5850	买盘
13:41:24	5.85	--	20	11700	买盘
13:41:21	5.85	0.01	125	73125	买盘
13:41:18	5.84	--	6	3504	卖盘
13:41:15	5.84	-0.01	27	15768	卖盘
13:41:12	5.85	0.01	1	585	买盘
13:41:09	5.84	--	140	81760	卖盘
13:41:00	5.84	-0.01	26	15184	卖盘
13:40:57	5.85	--	83	48555	买盘
13:40:54	5.85	0.01	240	140400	买盘
13:40:45	5.84	-0.01	28	16352	卖盘
13:40:42	5.85	0.01	64	37440	买盘
13:40:39	5.84	--	10	5840	卖盘
13:40:30	5.84	--	27	15768	卖盘
13:40:21	5.84	--	13	7592	卖盘
13:40:15	5.84	-0.01	26	15184	卖盘
13:40:12	5.85	--	16	9360	卖盘
13:40:09	5.85	--	143	83655	卖盘
13:40:06	5.85	0.01	41	23985	买盘
13:40:03	5.84	--	33	19272	卖盘
13:40:00	5.84	-0.01	28	16352	卖盘
13:39:57	5.85	0.01	208	121679	买盘
13:39:45	5.84	--	27	15768	卖盘
13:39:39	5.84	--	1	584	卖盘
13:39:33	5.84	-0.01	2	1168	卖盘
13:39:30	5.85	0.01	51	29835	买盘
13:39:27	5.84	--	10	5840	卖盘
13:39:24	5.84	-0.01	1	584	卖盘
13:39:21	5.85	--	19	11115	买盘
13:39:15	5.85	--	19	11115	卖盘
13:39:12	5.85	0.01	2	1170	买盘
13:39:09	5.84	-0.01	140	81760	卖盘
13:39:00	5.85	-0.01	31	18135	卖盘
13:38:57	5.86	0.01	5	2930	买盘
13:38:54	5.85	--	10	5850	卖盘
13:38:51	5.85	0.01	14	8189	买盘
13:38:45	5.84	-0.01	35	20440	卖盘
13:38:42	5.85	--	40	23400	卖盘
13:38:39	5.85	--	32	18720	中性盘
13:38:21	5.85	-0.01	8	4680	卖盘
13:38:18	5.86	0.01	200	117200	买盘
13:38:15	5.85	-0.01	26	15209	卖盘
13:38:12	5.86	0.01	7	4102	买盘
13:38:09	5.85	--	140	81900	卖盘
13:38:00	5.85	--	27	15794	卖盘
13:37:54	5.85	--	16	9360	买盘
13:37:48	5.85	--	2	1170	卖盘
13:37:45	5.85	0.01	43	25155	买盘
13:37:39	5.84	-0.01	1	584	卖盘
13:37:33	5.85	--	30	17550	卖盘
13:37:30	5.85	--	29	16965	卖盘
13:37:15	5.85	--	36	21060	卖盘
13:37:12	5.85	--	3	1755	卖盘
13:37:09	5.85	--	140	81900	卖盘
13:37:00	5.85	-0.01	86	50310	卖盘
13:36:51	5.86	0.01	138	80868	买盘
13:36:45	5.85	--	27	15794	卖盘
13:36:36	5.85	--	5	2925	卖盘
13:36:33	5.85	--	10	5850	卖盘
13:36:30	5.85	--	78	45630	卖盘
13:36:24	5.85	--	10	5850	卖盘
13:36:18	5.85	-0.01	10	5850	卖盘
13:36:15	5.86	0.01	10	5860	中性盘
13:36:12	5.85	--	12	7020	卖盘
13:36:09	5.85	-0.01	140	81900	卖盘
13:36:00	5.86	--	28	16408	卖盘
13:35:57	5.86	--	5	2930	卖盘
13:35:51	5.86	--	9	5274	买盘
13:35:45	5.86	--	131	76766	买盘
13:35:42	5.86	0.01	34	19924	买盘
13:35:36	5.85	--	63	36855	卖盘
13:35:33	5.85	--	10	5850	卖盘
13:35:30	5.85	-0.01	26	15209	卖盘
13:35:24	5.86	-0.01	3	1758	中性盘
13:35:12	5.87	0.02	1	587	买盘
13:35:09	5.85	--	50	29250	卖盘
13:35:06	5.85	-0.01	140	81900	卖盘
13:35:00	5.86	--	25	14650	卖盘
13:34:57	5.86	--	24	14064	卖盘
13:34:48	5.86	0.01	2	1172	买盘
13:34:45	5.85	--	28	16379	卖盘
13:34:39	5.85	--	5	2925	卖盘
13:34:33	5.85	--	18	10530	卖盘
13:34:30	5.85	--	26	15209	卖盘
13:34:18	5.85	-0.02	49	28665	卖盘
13:34:12	5.87	0.02	2	1174	买盘
13:34:09	5.85	-0.02	140	81900	卖盘
13:34:06	5.87	--	29	17023	买盘
13:34:03	5.87	0.01	40	23480	买盘
13:34:00	5.86	-0.01	10	5860	中性盘
13:33:57	5.87	--	1	587	买盘
13:33:48	5.87	0.01	111	65157	买盘
13:33:45	5.86	-0.01	6	3516	卖盘
13:33:39	5.87	0.01	2	1174	买盘
13:33:36	5.86	--	32	18752	卖盘
13:33:30	5.86	--	26	15236	卖盘
13:33:27	5.86	--	15	8790	卖盘
13:33:24	5.86	-0.02	20	11720	卖盘
13:33:12	5.88	0.02	1	588	买盘
13:33:09	5.86	--	140	82040	卖盘
13:33:00	5.86	-0.02	26	15236	卖盘
13:32:57	5.88	0.02	300	176400	买盘
13:32:54	5.86	-0.01	161	94346	卖盘
13:32:51	5.87	--	18	10566	买盘
13:32:45	5.87	--	115	67505	买盘
13:32:36	5.87	--	4	2348	卖盘
13:32:33	5.87	--	6	3522	买盘
13:32:30	5.87	--	39	22893	买盘
13:32:27	5.87	0.01	4	2348	买盘
13:32:15	5.86	-0.01	28	16408	卖盘
13:32:12	5.87	0.01	23	13501	买盘
13:32:09	5.86	-0.02	140	82040	卖盘
13:31:57	5.88	0.03	5	2940	买盘
13:31:48	5.85	-0.02	11	6435	卖盘
13:31:45	5.87	0.01	76	44612	买盘
13:31:33	5.86	--	26	15236	买盘
13:31:30	5.86	--	2	1172	卖盘
13:31:27	5.86	-0.01	24	14064	卖盘
13:31:24	5.87	-0.01	14	8218	买盘
13:31:15	5.88	--	4	2352	买盘
13:31:12	5.88	0.03	1	588	买盘
13:31:09	5.85	-0.02	140	81900	卖盘
13:31:06	5.87	--	1	587	买盘
13:31:03	5.87	--	10	5870	买盘
13:31:00	5.87	-0.01	17	9979	卖盘
13:30:57	5.88	0.02	2	1176	买盘
13:30:48	5.86	-0.02	1	586	卖盘
13:30:45	5.88	-0.01	639	375779	卖盘
13:30:42	5.89	--	83	48887	买盘
13:30:39	5.89	0.01	9	5301	买盘
13:30:33	5.88	--	550	323400	卖盘
13:30:30	5.88	--	27	15876	卖盘
13:30:27	5.88	--	21	12348	卖盘
13:30:24	5.88	--	2	1176	卖盘
13:30:21	5.88	--	66	38808	卖盘
13:30:15	5.88	--	175	102900	卖盘
13:30:12	5.88	0.02	524	308652	买盘
13:30:09	5.86	--	140	82040	卖盘
13:29:57	5.86	-0.02	10	5860	卖盘
13:29:51	5.88	--	5	2940	买盘
13:29:45	5.88	-0.01	314	184679	卖盘
13:29:42	5.89	0.01	83	48887	买盘
13:29:39	5.88	--	50	29400	卖盘
13:29:36	5.88	--	3	1764	卖盘
13:29:33	5.88	--	27	15876	卖盘
13:29:30	5.88	--	26	15288	卖盘
13:29:27	5.88	--	4	2352	卖盘
13:29:24	5.88	0.03	1575	926640	买盘
13:29:21	5.85	--	20	11700	卖盘
13:29:18	5.85	--	18	10530	卖盘
13:29:12	5.85	--	56	32759	卖盘
13:29:09	5.85	--	140	81900	卖盘
13:29:06	5.85	--	13	7604	卖盘
13:28:57	5.85	0.01	8	4680	中性盘
13:28:45	5.84	-0.04	27	15768	卖盘
13:28:42	5.88	--	83	48804	买盘
13:28:36	5.88	0.03	6000	3528000	买盘
13:28:30	5.85	--	5	2925	买盘
13:28:27	5.85	-0.01	1673	978704	卖盘
13:28:21	5.86	--	719	421334	卖盘
13:28:15	5.86	-0.01	28	16408	卖盘
13:28:12	5.87	0.01	1	587	买盘
13:28:06	5.86	-0.01	160	93760	卖盘
13:28:00	5.87	0.01	127	74549	买盘
13:27:57	5.86	--	10	5860	卖盘
13:27:51	5.86	--	45	26370	卖盘
13:27:45	5.86	--	27	15822	卖盘
13:27:42	5.86	--	85	49810	卖盘
13:27:39	5.86	-0.01	84	49224	卖盘
13:27:30	5.87	--	47	27589	买盘
13:27:21	5.87	0.01	3	1761	买盘
13:27:18	5.86	-0.01	1	586	卖盘
13:27:15	5.87	--	32	18784	买盘
13:27:12	5.87	0.01	6	3522	买盘
13:27:06	5.86	-0.01	140	82040	卖盘
13:27:00	5.87	--	46	27002	买盘
13:26:57	5.87	0.01	22	12914	买盘
13:26:54	5.86	-0.01	24	14064	卖盘
13:26:51	5.87	--	5	2935	买盘
13:26:45	5.87	--	3	1807	卖盘
13:26:42	5.87	--	1	587	卖盘
13:26:39	5.87	--	78	46326	买盘
13:26:33	5.87	--	45	26415	买盘
13:26:30	5.87	0.01	68	39916	买盘
13:26:27	5.86	-0.01	13	7618	卖盘
13:26:18	5.87	--	30	17610	买盘
13:26:15	5.87	0.01	33	19371	买盘
13:26:12	5.86	-0.01	61	35746	卖盘
13:26:09	5.87	0.01	22	12914	买盘
13:26:06	5.86	-0.01	199	116614	卖盘
13:26:03	5.87	0.01	8	4696	买盘
13:26:00	5.86	-0.01	26	15236	卖盘
13:25:54	5.87	--	13	7631	买盘
13:25:51	5.87	0.01	25	14675	买盘
13:25:48	5.86	--	608	356288	卖盘
13:25:45	5.86	-0.01	27	15822	卖盘
13:25:42	5.87	--	349	204863	买盘
13:25:39	5.87	--	26	15262	买盘
13:25:36	5.87	--	129	75769	卖盘
13:25:33	5.87	-0.01	539	316393	卖盘
13:25:30	5.88	--	34	19992	买盘
13:25:27	5.88	0.01	34	19992	买盘
13:25:24	5.87	-0.01	50	29350	卖盘
13:25:21	5.88	--	22	12936	买盘
13:25:18	5.88	0.01	78	45864	买盘
13:25:15	5.87	-0.01	79	46666	卖盘
13:25:12	5.88	0.01	16	9408	买盘
13:25:06	5.87	--	140	82180	卖盘
13:25:03	5.87	--	2	1174	卖盘
13:25:00	5.87	-0.01	126	73962	卖盘
13:24:54	5.88	0.01	14	8232	买盘
13:24:45	5.87	-0.01	28	16436	卖盘
13:24:39	5.88	--	4	2352	买盘
13:24:36	5.88	0.01	83	48804	买盘
13:24:33	5.87	--	28	16436	卖盘
13:24:30	5.87	-0.01	364	213668	卖盘
13:24:27	5.88	0.01	8	4704	买盘
13:24:24	5.87	-0.01	7	4109	卖盘
13:24:21	5.88	--	24	14112	买盘
13:24:18	5.88	0.01	4	2352	买盘
13:24:15	5.87	-0.01	51	30230	卖盘
13:24:12	5.88	0.01	1	588	买盘
13:24:09	5.87	-0.01	25	14675	卖盘
13:24:06	5.88	0.01	206	121128	买盘
13:24:03	5.87	-0.01	10	5870	卖盘
13:24:00	5.88	0.01	34	19992	买盘
13:23:54	5.87	--	11	6457	卖盘
13:23:48	5.87	--	200	117400	卖盘
13:23:45	5.87	--	33	19371	卖盘
13:23:39	5.87	-0.01	120	70440	卖盘
13:23:36	5.88	0.01	83	48804	买盘
13:23:33	5.87	--	31	18197	卖盘
13:23:30	5.87	--	28	16436	卖盘
13:23:27	5.87	--	100	58700	卖盘
13:23:21	5.87	-0.01	2	1174	卖盘
13:23:18	5.88	0.01	4	2352	买盘
13:23:15	5.87	-0.01	172	101257	卖盘
13:23:12	5.88	0.01	2	1176	买盘
13:23:09	5.87	--	1	587	卖盘
13:23:06	5.87	--	150	88050	卖盘
13:23:00	5.87	--	55	32285	卖盘
13:22:45	5.87	-0.01	31	18197	卖盘
13:22:39	5.88	--	100	58800	买盘
13:22:33	5.88	0.01	83	48804	买盘
13:22:30	5.87	--	31	18197	卖盘
13:22:27	5.87	--	179	105073	卖盘
13:22:24	5.87	--	30	17610	卖盘
13:22:18	5.87	--	34	19958	卖盘
13:22:15	5.87	-0.01	49	29056	卖盘
13:22:12	5.88	--	1	588	买盘
13:22:09	5.88	0.01	13	7644	买盘
13:22:06	5.87	-0.01	140	82180	卖盘
13:22:03	5.88	--	23	13524	买盘
13:22:00	5.88	0.01	38	22344	买盘
13:21:57	5.87	-0.01	156	91572	卖盘
13:21:51	5.88	0.01	10	5880	买盘
13:21:45	5.87	-0.01	32	18784	卖盘
13:21:39	5.88	-0.01	1	588	中性盘
13:21:33	5.89	0.01	114	67146	买盘
13:21:30	5.88	--	46	27048	卖盘
13:21:21	5.88	--	10	5880	卖盘
13:21:18	5.88	--	2	1176	卖盘
13:21:15	5.88	--	121	71442	买盘
13:21:12	5.88	0.01	2	1176	买盘
13:21:09	5.87	--	3	1761	卖盘
13:21:06	5.87	--	140	82180	卖盘
13:21:00	5.87	--	27	15849	卖盘
13:20:57	5.87	-0.01	1	587	卖盘
13:20:54	5.88	0.01	64	37632	买盘
13:20:51	5.87	-0.01	2	1174	卖盘
13:20:48	5.88	0.01	48	28224	买盘
13:20:45	5.87	-0.01	27	15849	卖盘
13:20:42	5.88	--	102	59976	买盘
13:20:36	5.88	0.01	1084	637392	买盘
13:20:33	5.87	-0.01	66	38742	卖盘
13:20:30	5.88	0.01	109	64092	买盘
13:20:27	5.87	--	20	11740	卖盘
13:20:24	5.87	--	50	29350	卖盘
13:20:18	5.87	--	10	5870	卖盘
13:20:15	5.87	-0.01	50	29643	卖盘
13:20:12	5.88	--	1	588	买盘
13:20:09	5.88	0.01	70	41160	买盘
13:20:06	5.87	--	350	205450	卖盘
13:20:03	5.87	--	20	11740	卖盘
13:20:00	5.87	-0.01	114	66918	卖盘
13:19:57	5.88	0.01	15	8820	买盘
13:19:51	5.87	-0.01	1	587	卖盘
13:19:48	5.88	0.01	5	2940	买盘
13:19:42	5.87	-0.01	27	15849	卖盘
13:19:36	5.88	0.01	1	588	买盘
13:19:33	5.87	--	120	70440	卖盘
13:19:30	5.87	-0.01	611	358657	卖盘
13:19:27	5.88	0.01	50	29400	买盘
13:19:21	5.87	--	2	1174	卖盘
13:19:15	5.87	--	33	19664	卖盘
13:19:12	5.87	--	830	487210	卖盘
13:19:06	5.87	--	240	140880	卖盘
13:18:57	5.87	-0.01	120	70440	卖盘
13:18:54	5.88	--	9	5292	买盘
13:18:51	5.88	0.01	3	1764	买盘
13:18:42	5.87	--	27	15849	卖盘
13:18:39	5.87	--	100	58700	卖盘
13:18:36	5.87	--	20	11740	卖盘
13:18:33	5.87	-0.01	10	5870	卖盘
13:18:30	5.88	0.01	86	50568	买盘
13:18:27	5.87	--	26	15262	卖盘
13:18:24	5.87	--	22	12914	卖盘
13:18:21	5.87	--	2	1174	卖盘
13:18:18	5.87	--	2	1174	卖盘
13:18:15	5.87	--	23	13794	卖盘
13:18:12	5.87	--	27	15849	卖盘
13:18:09	5.87	--	20	11740	卖盘
13:18:06	5.87	--	185	108595	卖盘
13:18:00	5.87	--	1	587	卖盘
13:17:57	5.87	--	27	15849	卖盘
13:17:54	5.87	--	112	65744	卖盘
13:17:42	5.87	-0.01	26	15262	卖盘
13:17:30	5.88	0.01	83	48804	买盘
13:17:27	5.87	-0.01	28	16436	卖盘
13:17:21	5.88	--	3	1764	卖盘
13:17:18	5.88	0.01	2	1176	买盘
13:17:15	5.87	-0.01	22	13207	卖盘
13:17:12	5.88	--	30	17640	卖盘
13:17:09	5.88	0.01	60	35574	买盘
13:17:06	5.87	-0.01	140	82180	卖盘
13:16:57	5.88	--	8	4998	卖盘
13:16:42	5.88	-0.01	96	56448	卖盘
13:16:36	5.89	0.01	256	150784	买盘
13:16:33	5.88	--	20	11760	卖盘
13:16:27	5.88	--	130	76440	卖盘
13:16:21	5.88	--	50	29400	卖盘
13:16:15	5.88	--	28	16758	卖盘
13:16:12	5.88	0.01	171	100548	买盘
13:16:06	5.87	0.01	310	182510	买盘
13:15:57	5.86	-0.01	26	15236	卖盘
13:15:51	5.87	0.01	25	14675	买盘
13:15:42	5.86	--	29	16994	卖盘
13:15:30	5.86	--	36	21096	卖盘
13:15:27	5.86	-0.01	131	76766	卖盘
13:15:15	5.87	0.01	204	119748	买盘
13:15:12	5.86	-0.01	30	17580	卖盘
13:15:03	5.87	--	37	21765	卖盘
13:15:00	5.87	--	5	3475	卖盘
13:14:57	5.87	--	38	22306	卖盘
13:14:42	5.87	--	47	27589	卖盘
13:14:39	5.87	--	200	117400	卖盘
13:14:36	5.87	-0.01	10	5870	卖盘
13:14:30	5.88	0.01	18	10584	买盘
13:14:27	5.87	--	27	15849	卖盘
13:14:24	5.87	-0.01	100	58700	卖盘
13:14:15	5.88	--	336	197568	卖盘
13:14:12	5.88	--	48	28224	卖盘
13:13:57	5.88	-0.01	140	82320	卖盘
13:13:54	5.89	-0.01	1161	683829	卖盘
13:13:51	5.9	0.01	14	8260	买盘
13:13:48	5.89	--	8	4712	卖盘
13:13:42	5.89	-0.01	28	16492	卖盘
13:13:39	5.9	0.01	76	44840	买盘
13:13:36	5.89	--	100	58900	卖盘
13:13:27	5.89	-0.01	638	375782	卖盘
13:13:24	5.9	--	83	48970	买盘
13:13:15	5.9	0.01	67	39530	买盘
13:13:12	5.89	-0.01	29	17081	卖盘
13:13:09	5.9	--	10	5900	买盘
13:13:06	5.9	--	19	11210	买盘
13:13:03	5.9	--	73	43070	卖盘
13:13:00	5.9	--	254	149860	卖盘
13:12:57	5.9	--	221	130390	卖盘
13:12:54	5.9	--	416	245440	卖盘
13:12:51	5.9	--	66	38940	卖盘
13:12:48	5.9	--	30	17700	卖盘
13:12:45	5.9	--	60	35400	卖盘
13:12:42	5.9	--	26	15340	卖盘
13:12:39	5.9	--	20	11800	卖盘
13:12:36	5.9	-0.01	302	178180	卖盘
13:12:30	5.91	0.01	11	6501	买盘
13:12:27	5.9	--	62	36580	卖盘
13:12:24	5.9	-0.01	19	11210	卖盘
13:12:21	5.91	--	90	53190	买盘
13:12:15	5.91	0.01	6	3546	买盘
13:12:12	5.9	--	28	16520	卖盘
13:12:09	5.9	--	6	3540	卖盘
13:12:06	5.9	--	4	2360	卖盘
13:12:03	5.9	--	7	4130	卖盘
13:12:00	5.9	--	69	40710	卖盘
13:11:57	5.9	--	265	156350	卖盘
13:11:54	5.9	--	35	20650	卖盘
13:11:51	5.9	0.01	1248	736320	买盘
13:11:42	5.89	--	56	32984	卖盘
13:11:36	5.89	0.01	100	58900	中性盘
13:11:27	5.88	-0.01	1074	631512	卖盘
13:11:24	5.89	--	48	28272	买盘
13:11:21	5.89	--	129	75981	买盘
13:11:15	5.89	0.01	51	30039	买盘
13:11:12	5.88	-0.01	29	17052	卖盘
13:11:09	5.89	0.01	43	25327	买盘
13:11:00	5.88	--	10	5880	卖盘
13:10:57	5.88	-0.01	26	15288	卖盘
13:10:42	5.89	--	29	17081	卖盘
13:10:39	5.89	--	63	37107	卖盘
13:10:33	5.89	--	10	5890	卖盘
13:10:27	5.89	--	28	16492	卖盘
13:10:18	5.89	--	20	11780	买盘
13:10:15	5.89	--	26	15314	买盘
13:10:12	5.89	-0.01	21	12369	中性盘
13:10:09	5.9	--	100	59000	买盘
13:10:06	5.9	--	15	8850	买盘
13:10:03	5.9	--	56	33040	买盘
13:09:57	5.9	--	249	146910	买盘
13:09:45	5.9	0.02	116	68440	买盘
13:09:39	5.88	-0.02	52	30576	中性盘
13:09:27	5.9	--	117	69030	买盘
13:09:18	5.9	0.03	1904	1123360	买盘
13:09:15	5.87	--	14	8218	卖盘
13:09:12	5.87	--	29	17023	卖盘
13:09:09	5.87	-0.01	10	5870	卖盘
13:09:03	5.88	0.01	3	1764	买盘
13:09:00	5.87	--	50	29350	卖盘
13:08:57	5.87	--	26	15262	卖盘
13:08:45	5.87	--	3	1761	卖盘
13:08:42	5.87	-0.01	26	15262	卖盘
13:08:39	5.88	--	315	185220	买盘
13:08:33	5.88	0.01	13	7644	买盘
13:08:30	5.87	--	28	16436	卖盘
13:08:27	5.87	-0.01	27	15849	卖盘
13:08:18	5.88	--	102	59976	买盘
13:08:15	5.88	0.01	3	1764	买盘
13:08:12	5.87	-0.01	94	55178	卖盘
13:08:00	5.88	0.01	10	5880	买盘
13:07:57	5.87	-0.01	27	15849	卖盘
13:07:54	5.88	--	3	1764	买盘
13:07:45	5.88	0.01	157	92316	买盘
13:07:42	5.87	-0.01	49	28763	卖盘
13:07:39	5.88	-0.01	5	2940	中性盘
13:07:36	5.89	0.01	51	30039	买盘
13:07:33	5.88	--	69	40572	卖盘
13:07:27	5.88	-0.01	126	74088	卖盘
13:07:24	5.89	0.01	9	5301	买盘
13:07:21	5.88	--	24	14112	卖盘
13:07:15	5.88	--	45	26460	买盘
13:07:12	5.88	0.01	38	22344	买盘
13:07:09	5.87	-0.01	5	2935	卖盘
13:07:06	5.88	--	2	1176	买盘
13:07:03	5.88	--	4	2352	买盘
13:07:00	5.88	--	89	52332	买盘
13:06:57	5.88	-0.01	9	5292	卖盘
13:06:51	5.89	--	184	108376	买盘
13:06:45	5.89	0.01	51	30039	买盘
13:06:42	5.88	-0.01	295	173460	卖盘
13:06:39	5.89	--	14	8246	买盘
13:06:33	5.89	0.01	52	30628	买盘
13:06:30	5.88	--	905	532140	卖盘
13:06:27	5.88	-0.01	82	48216	卖盘
13:06:24	5.89	--	30	17670	买盘
13:06:18	5.89	0.01	7	4123	买盘
13:06:12	5.88	-0.01	111	65268	卖盘
13:06:03	5.89	0.01	33	19437	买盘
13:06:00	5.88	--	42	24696	卖盘
13:05:57	5.88	-0.01	27	15876	卖盘
13:05:54	5.89	--	25	14725	买盘
13:05:51	5.89	0.01	510	300390	买盘
13:05:42	5.88	-0.01	57	33516	卖盘
13:05:39	5.89	--	5	2945	买盘
13:05:33	5.89	0.01	2	1178	买盘
13:05:27	5.88	-0.01	25	14700	卖盘
13:05:24	5.89	--	30	17670	买盘
13:05:18	5.89	0.01	51	30039	买盘
13:05:12	5.88	-0.01	121	71148	卖盘
13:05:06	5.89	0.01	10	5890	中性盘
13:05:00	5.88	--	5	2940	卖盘
13:04:57	5.88	-0.01	74	43512	卖盘
13:04:51	5.89	-0.01	19	11191	中性盘
13:04:39	5.9	0.02	844	497960	买盘
13:04:36	5.88	-0.02	9	5292	卖盘
13:04:33	5.9	--	418	246620	买盘
13:04:30	5.9	0.01	377	222430	买盘
13:04:27	5.89	--	20	11780	卖盘
13:04:24	5.89	0.01	10	5890	中性盘
13:04:18	5.88	-0.01	40	23520	卖盘
13:04:12	5.89	--	49	28861	买盘
13:04:03	5.89	-0.01	3	1767	中性盘
13:04:00	5.9	0.02	1110	654900	买盘
13:03:57	5.88	--	28	16464	卖盘
13:03:51	5.88	--	3	1764	卖盘
13:03:48	5.88	--	500	294000	卖盘
13:03:45	5.88	--	37	21756	卖盘
13:03:42	5.88	--	27	15876	卖盘
13:03:39	5.88	-0.01	1	588	卖盘
13:03:36	5.89	--	150	88350	买盘
13:03:30	5.89	--	100	58900	买盘
13:03:18	5.89	--	30	17670	买盘
13:03:12	5.89	--	10	5890	买盘
13:03:09	5.89	--	583	343387	买盘
13:03:06	5.89	--	1	589	买盘
13:02:57	5.89	--	88	51832	买盘
13:02:51	5.89	--	70	41230	买盘
13:02:48	5.89	--	200	117800	买盘
13:02:45	5.89	0.01	9	5301	买盘
13:02:42	5.88	-0.01	11	6468	卖盘
13:02:39	5.89	0.01	30	17670	买盘
13:02:33	5.88	-0.01	103	60564	卖盘
13:02:27	5.89	--	75	44175	买盘
13:02:24	5.89	0.01	9	5301	买盘
13:02:21	5.88	--	385	226380	买盘
13:02:18	5.88	--	200	117600	买盘
13:02:15	5.88	--	15	8820	买盘
13:02:12	5.88	--	2	1176	买盘
13:02:09	5.88	--	83	48804	买盘
13:02:06	5.88	--	1000	588000	买盘
13:02:03	5.88	--	7	4116	买盘
13:01:54	5.88	0.01	199	117012	买盘
13:01:51	5.87	-0.01	100	58700	卖盘
13:01:48	5.88	--	227	133476	买盘
13:01:45	5.88	--	103	60564	买盘
13:01:42	5.88	--	10	5880	买盘
13:01:18	5.88	0.01	39	22932	买盘
13:01:12	5.87	--	63	36981	卖盘
13:01:09	5.87	-0.01	101	59287	卖盘
13:01:06	5.88	--	83	48804	买盘
13:01:00	5.88	0.01	50	29400	买盘
13:00:51	5.87	-0.01	6	3522	卖盘
13:00:42	5.88	0.01	10	5880	买盘
13:00:39	5.87	-0.01	38	22306	卖盘
13:00:33	5.88	0.01	18	10584	买盘
13:00:30	5.87	--	26	15262	卖盘
13:00:24	5.87	-0.01	27	15849	卖盘
13:00:21	5.88	0.01	77	45276	买盘
13:00:15	5.87	-0.01	82	48134	卖盘
13:00:12	5.88	--	2	1176	买盘
13:00:09	5.88	0.01	174	102312	买盘
13:00:06	5.87	0.01	1375	807125	买盘
13:00:03	5.86	--	2078	1217708	买盘
13:00:00	5.86	--	0	0	买盘
11:30:00	5.86	--	0	0	买盘
11:29:57	5.86	--	5	2930	买盘
11:29:54	5.86	0.01	13	7618	买盘
11:29:39	5.85	-0.01	10	5850	卖盘
11:29:36	5.86	--	9	5274	买盘
11:29:30	5.86	0.01	67	39262	买盘
11:29:24	5.85	-0.01	50	29250	卖盘
11:29:21	5.86	--	128	75008	买盘
11:29:12	5.86	--	1201	703786	买盘
11:29:09	5.86	0.01	32	18752	买盘
11:29:06	5.85	-0.01	100	58500	卖盘
11:29:03	5.86	0.01	56	32816	买盘
11:29:00	5.85	-0.01	55	32174	卖盘
11:28:57	5.86	0.01	99	58014	买盘
11:28:51	5.85	-0.01	3	1755	卖盘
11:28:48	5.86	--	14	8204	买盘
11:28:45	5.86	0.01	31	18166	买盘
11:28:42	5.85	--	10	5850	卖盘
11:28:39	5.85	--	7	4094	卖盘
11:28:36	5.85	-0.01	8	4680	卖盘
11:28:33	5.86	0.01	14	8204	买盘
11:28:30	5.85	-0.01	150	87750	卖盘
11:28:27	5.86	0.01	14	8204	买盘
11:28:24	5.85	--	21	12285	卖盘
11:28:21	5.85	-0.01	100	58500	卖盘
11:28:15	5.86	--	16	9376	买盘
11:28:12	5.86	--	23	13478	买盘
11:28:09	5.86	0.01	9	5274	买盘
11:27:57	5.85	-0.01	5	2925	卖盘
11:27:54	5.86	0.01	119	69734	买盘
11:27:51	5.85	--	50	29250	卖盘
11:27:48	5.85	--	70	40950	卖盘
11:27:45	5.85	--	7	4094	卖盘
11:27:42	5.85	--	12	7020	卖盘
11:27:36	5.85	-0.01	80	46800	卖盘
11:27:33	5.86	--	70	41020	买盘
11:27:24	5.86	--	121	70906	买盘
11:27:21	5.86	--	20	11720	买盘
11:27:12	5.86	--	1	586	买盘
11:26:51	5.86	-0.01	5	2930	卖盘
11:26:48	5.87	0.01	24	14088	买盘
11:26:45	5.86	--	100	58600	卖盘
11:26:33	5.86	-0.01	150	87900	卖盘
11:26:30	5.87	0.01	4	2348	买盘
11:26:24	5.86	-0.01	57	33402	卖盘
11:26:18	5.87	0.01	9	5283	买盘
11:26:15	5.86	-0.01	150	87900	卖盘
11:26:12	5.87	0.01	2	1174	买盘
11:26:09	5.86	-0.01	138	80868	卖盘
11:26:06	5.87	0.01	50	29350	买盘
11:26:00	5.86	--	10	5860	卖盘
11:25:57	5.86	--	10	5860	卖盘
11:25:54	5.86	-0.01	27	15822	卖盘
11:25:51	5.87	0.01	753	442011	买盘
11:25:39	5.86	--	26	15236	卖盘
11:25:33	5.86	--	393	230298	买盘
11:25:27	5.86	0.01	50	29300	买盘
11:25:24	5.85	--	627	366795	卖盘
11:25:21	5.85	-0.01	30	17550	卖盘
11:25:18	5.86	--	200	117200	买盘
11:25:12	5.86	0.01	269	157634	买盘
11:25:09	5.85	-0.01	153	89505	卖盘
11:25:03	5.86	0.01	1	586	买盘
11:25:00	5.85	--	1045	611325	卖盘
11:24:57	5.85	--	18	10530	卖盘
11:24:54	5.85	--	130	76050	卖盘
11:24:51	5.85	--	2	1170	卖盘
11:24:42	5.85	--	51	29835	卖盘
11:24:39	5.85	--	37	21645	卖盘
11:24:36	5.85	--	765	447525	买盘
11:24:30	5.85	0.01	100	58500	买盘
11:24:27	5.84	--	2	1168	卖盘
11:24:24	5.84	--	28	16352	卖盘
11:24:21	5.84	--	10	5840	卖盘
11:24:15	5.84	-0.01	30	17520	卖盘
11:24:12	5.85	0.01	502	293670	买盘
11:24:09	5.84	--	26	15184	卖盘
11:24:06	5.84	--	205	119720	卖盘
11:24:03	5.84	--	1	584	卖盘
11:24:00	5.84	--	30	17520	卖盘
11:23:54	5.84	--	27	15768	卖盘
11:23:39	5.84	-0.01	106	61904	卖盘
11:23:36	5.85	0.01	1	585	买盘
11:23:30	5.84	--	10	5840	卖盘
11:23:24	5.84	--	188	109792	卖盘
11:23:21	5.84	--	10	5840	卖盘
11:23:18	5.84	-0.01	4	2336	卖盘
11:23:12	5.85	0.01	1	585	买盘
11:23:09	5.84	--	31	18104	卖盘
11:23:03	5.84	--	5	2920	卖盘
11:23:00	5.84	--	8	4672	卖盘
11:22:54	5.84	-0.01	26	15184	卖盘
11:22:51	5.85	0.01	5	2925	买盘
11:22:48	5.84	-0.01	9	5256	卖盘
11:22:45	5.85	0.01	5	2925	买盘
11:22:39	5.84	-0.01	26	15184	卖盘
11:22:24	5.85	--	104	60839	买盘
11:22:15	5.85	--	4	2340	买盘
11:22:12	5.85	--	72	42120	卖盘
11:22:09	5.85	--	37	21645	卖盘
11:22:06	5.85	--	3	1755	卖盘
11:22:00	5.85	0.01	981	573885	买盘
11:21:54	5.84	-0.01	28	16352	卖盘
11:21:51	5.85	--	2	1170	买盘
11:21:45	5.85	--	1	585	买盘
11:21:42	5.85	0.01	50	29250	买盘
11:21:39	5.84	-0.01	57	33288	卖盘
11:21:36	5.85	--	40	23400	买盘
11:21:33	5.85	--	2017	1179945	买盘
11:21:30	5.85	0.01	55	32174	买盘
11:21:27	5.84	-0.01	100	58400	卖盘
11:21:24	5.85	--	60	35100	买盘
11:21:21	5.85	--	102	59670	买盘
11:21:15	5.85	--	77	45045	买盘
11:21:12	5.85	0.01	20	11700	买盘
11:21:09	5.84	-0.01	210	122640	卖盘
11:21:06	5.85	--	9	5265	买盘
11:21:03	5.85	--	107	62594	买盘
11:21:00	5.85	0.01	31	18135	买盘
11:20:45	5.84	--	27	15768	卖盘
11:20:42	5.84	--	629	367336	买盘
11:20:33	5.84	--	33	19272	买盘
11:20:30	5.84	--	70	40880	买盘
11:20:27	5.84	--	709	414056	买盘
11:20:21	5.84	--	100	58400	买盘
11:20:18	5.84	0.01	50	29200	买盘
11:20:15	5.83	--	200	116844	买盘
11:20:12	5.83	--	15	8745	买盘
11:20:09	5.83	--	13	7579	买盘
11:20:03	5.83	-0.01	297	173489	卖盘
11:20:00	5.84	--	41	23944	买盘
11:19:57	5.84	--	109	63656	买盘
11:19:51	5.84	--	2	1168	买盘
11:19:48	5.84	0.01	22	12848	买盘
11:19:45	5.83	-0.01	27	15741	卖盘
11:19:42	5.84	--	21	12264	买盘
11:19:39	5.84	0.01	87	50808	买盘
11:19:36	5.83	--	907	529025	买盘
11:19:33	5.83	0.01	18	10494	买盘
11:19:30	5.82	--	26	15132	卖盘
11:19:24	5.82	-0.01	56	32592	卖盘
11:19:21	5.83	--	1000	583000	买盘
11:19:18	5.83	0.01	8	4664	买盘
11:19:15	5.82	--	28	16296	卖盘
11:19:12	5.82	-0.01	13	7566	卖盘
11:19:09	5.83	0.01	7	4081	买盘
11:19:06	5.82	-0.01	25	14550	卖盘
11:19:03	5.83	0.01	275	160325	买盘
11:19:00	5.82	--	28	16296	卖盘
11:18:57	5.82	--	20	11640	卖盘
11:18:54	5.82	-0.01	10	5820	卖盘
11:18:48	5.83	0.01	533	310739	买盘
11:18:45	5.82	--	26	15132	卖盘
11:18:39	5.82	--	20	11640	卖盘
11:18:33	5.82	--	21	12222	卖盘
11:18:30	5.82	--	28	16296	卖盘
11:18:15	5.82	--	27	15714	卖盘
11:18:12	5.82	0.01	298	173436	买盘
11:18:06	5.81	--	2	1162	卖盘
11:18:00	5.81	-0.01	275	159775	卖盘
11:17:57	5.82	--	200	116400	买盘
11:17:51	5.82	--	20	11640	买盘
11:17:45	5.82	0.01	80	46560	买盘
11:17:36	5.81	--	8	4648	卖盘
11:17:30	5.81	-0.01	87	50547	卖盘
11:17:24	5.82	0.01	114	66348	买盘
11:17:18	5.81	--	19	11039	卖盘
11:17:15	5.81	-0.01	28	16267	卖盘
11:17:12	5.82	0.01	1	582	买盘
11:17:00	5.81	-0.01	26	15105	卖盘
11:16:48	5.82	--	3	1746	买盘
11:16:45	5.82	0.01	36	20952	买盘
11:16:42	5.81	-0.01	8	4648	卖盘
11:16:36	5.82	0.01	2	1164	买盘
11:16:30	5.81	-0.01	29	16849	卖盘
11:16:15	5.82	--	2	1164	卖盘
11:16:12	5.82	-0.01	8	4656	卖盘
11:16:06	5.83	0.01	10	5830	买盘
11:16:00	5.82	-0.01	28	16296	卖盘
11:15:57	5.83	--	68	39644	买盘
11:15:54	5.83	--	106	61798	买盘
11:15:45	5.83	--	93	54219	买盘
11:15:36	5.83	--	30	17490	买盘
11:15:33	5.83	0.01	141	82203	买盘
11:15:30	5.82	--	32	18624	卖盘
11:15:18	5.82	--	56	32592	卖盘
11:15:15	5.82	--	28	16296	卖盘
11:15:12	5.82	--	51	29682	卖盘
11:15:09	5.82	-0.01	21	12222	卖盘
11:15:06	5.83	0.01	50	29150	买盘
11:15:00	5.82	--	378	219996	卖盘
11:14:57	5.82	--	15	8730	卖盘
11:14:51	5.82	0.01	1153	671046	买盘
11:14:45	5.81	-0.01	27	15686	卖盘
11:14:42	5.82	0.01	115	66930	买盘
11:14:39	5.81	--	500	290500	卖盘
11:14:36	5.81	-0.01	153	88893	卖盘
11:14:33	5.82	--	49	28518	买盘
11:14:30	5.82	--	27	15714	买盘
11:14:27	5.82	--	1	582	买盘
11:14:18	5.82	0.01	3	1746	买盘
11:14:15	5.81	-0.01	126	73206	卖盘
11:14:12	5.82	--	2	1164	买盘
11:14:09	5.82	--	5	2910	买盘
11:14:03	5.82	0.01	30	17460	买盘
11:14:00	5.81	-0.01	28	16267	卖盘
11:13:57	5.82	0.01	9	5238	买盘
11:13:48	5.81	-0.01	210	122009	卖盘
11:13:45	5.82	--	33	19206	买盘
11:13:36	5.82	--	2	1164	买盘
11:13:30	5.82	0.01	229	133278	买盘
11:13:18	5.81	--	50	29049	卖盘
11:13:15	5.81	-0.01	26	15105	卖盘
11:13:12	5.82	--	1	582	买盘
11:13:09	5.82	--	100	58200	买盘
11:13:06	5.82	0.01	90	52380	买盘
11:13:00	5.81	-0.01	28	16267	卖盘
11:12:57	5.82	--	9	5238	买盘
11:12:54	5.82	--	215	125130	买盘
11:12:51	5.82	0.01	3	1746	买盘
11:12:45	5.81	-0.01	56	32535	卖盘
11:12:39	5.82	--	17	9894	买盘
11:12:36	5.82	0.01	4	2328	买盘
11:12:30	5.81	--	53	30792	卖盘
11:12:27	5.81	-0.01	110	63909	卖盘
11:12:24	5.82	0.01	15	8730	买盘
11:12:18	5.81	--	54	31373	卖盘
11:12:15	5.81	--	298	173138	卖盘
11:12:12	5.81	--	212	123171	卖盘
11:12:00	5.81	--	27	15686	卖盘
11:11:54	5.81	--	28	16267	买盘
11:11:51	5.81	--	2	1162	中性盘
11:11:48	5.81	0.01	50	29049	买盘
11:11:45	5.8	-0.01	26	15080	卖盘
11:11:42	5.81	0.01	502	291662	买盘
11:11:36	5.8	-0.01	100	58000	卖盘
11:11:30	5.81	--	220	127819	买盘
11:11:27	5.81	--	91	52871	买盘
11:11:24	5.81	--	500	290500	买盘
11:11:21	5.81	--	119	69139	买盘
11:11:18	5.81	0.01	11	6391	买盘
11:11:15	5.8	-0.01	27	15660	卖盘
11:11:12	5.81	0.01	1	581	买盘
11:11:06	5.8	--	64	37120	卖盘
11:11:00	5.8	--	34	19720	卖盘
11:10:57	5.8	-0.01	1	580	卖盘
11:10:54	5.81	0.01	203	117942	买盘
11:10:51	5.8	--	100	58000	卖盘
11:10:48	5.8	--	28	16240	卖盘
11:10:45	5.8	--	28	16240	卖盘
11:10:39	5.8	--	40	23200	卖盘
11:10:30	5.8	--	27	15660	卖盘
11:10:27	5.8	-0.01	1	580	卖盘
11:10:24	5.81	0.01	109	63328	买盘
11:10:21	5.8	--	50	29000	卖盘
11:10:15	5.8	-0.01	37	21460	卖盘
11:10:12	5.81	--	2	1162	买盘
11:10:09	5.81	--	80	46480	买盘
11:10:06	5.81	--	2	1162	买盘
11:10:00	5.81	--	33	19173	买盘
11:09:54	5.81	--	4	2324	买盘
11:09:51	5.81	0.01	15	8715	买盘
11:09:45	5.8	--	65	37700	卖盘
11:09:42	5.8	--	170	98600	买盘
11:09:39	5.8	0.01	224	129920	买盘
11:09:30	5.79	-0.01	5	2895	卖盘
11:09:24	5.8	0.02	1000	580000	买盘
11:09:15	5.78	-0.01	47	27166	卖盘
11:09:12	5.79	0.01	2	1158	买盘
11:09:00	5.78	-0.01	42	24276	卖盘
11:08:51	5.79	0.01	9	5211	买盘
11:08:45	5.78	-0.01	48	27744	卖盘
11:08:36	5.79	--	13	7527	卖盘
11:08:33	5.79	0.01	9	5211	买盘
11:08:30	5.78	-0.01	117	67626	卖盘
11:08:18	5.79	0.01	20	11580	买盘
11:08:15	5.78	-0.01	27	15606	卖盘
11:08:12	5.79	--	1	579	买盘
11:08:00	5.79	--	5	2895	卖盘
11:07:57	5.79	--	4	2316	卖盘
11:07:48	5.79	0.01	29	16791	买盘
11:07:45	5.78	-0.01	26	15028	卖盘
11:07:33	5.79	-0.01	2	1158	中性盘
11:07:15	5.8	0.01	58	33640	买盘
11:07:12	5.79	--	522	302238	卖盘
11:07:09	5.79	-0.01	59	34161	卖盘
11:07:06	5.8	--	53	30740	买盘
11:07:00	5.8	0.01	41	23780	买盘
11:06:54	5.79	-0.01	59	34161	卖盘
11:06:51	5.8	--	5	2900	买盘
11:06:48	5.8	--	100	58000	买盘
11:06:45	5.8	--	28	16240	买盘
11:06:42	5.8	--	49	28420	买盘
11:06:39	5.8	--	52	30160	买盘
11:06:30	5.8	0.01	79	45820	买盘
11:06:27	5.79	--	8	4632	卖盘
11:06:21	5.79	-0.01	25	14475	卖盘
11:06:18	5.8	0.01	2	1160	买盘
11:06:15	5.79	-0.01	29	16791	卖盘
11:06:12	5.8	--	11	6380	买盘
11:06:09	5.8	--	20	11600	买盘
11:06:06	5.8	--	108	62640	买盘
11:06:03	5.8	--	41	23780	买盘
11:06:00	5.8	--	28	16240	买盘
11:05:54	5.8	--	27	15660	买盘
11:05:51	5.8	0.01	5	2900	买盘
11:05:45	5.79	-0.01	127	73533	卖盘
11:05:36	5.8	0.01	14	8120	买盘
11:05:30	5.79	--	26	15054	卖盘
11:05:21	5.79	--	22	12738	卖盘
11:05:15	5.79	-0.01	26	15054	卖盘
11:05:12	5.8	0.01	2	1160	买盘
11:05:00	5.79	--	35	20265	卖盘
11:04:57	5.79	--	10	5790	卖盘
11:04:54	5.79	--	110	63690	买盘
11:04:48	5.79	--	100	57900	买盘
11:04:45	5.79	--	33	19107	买盘
11:04:39	5.79	--	2	1158	卖盘
11:04:30	5.79	--	124	71796	买盘
11:04:27	5.79	--	10	5790	买盘
11:04:24	5.79	0.01	55	31845	买盘
11:04:15	5.78	-0.01	28	16184	卖盘
11:04:12	5.79	--	3	1737	买盘
11:04:09	5.79	--	17	9843	卖盘
11:04:00	5.79	--	28	16212	买盘
11:03:54	5.79	--	2	1158	买盘
11:03:48	5.79	--	6	3474	买盘
11:03:45	5.79	-0.01	18	10422	中性盘
11:03:42	5.8	--	9	5220	买盘
11:03:39	5.8	0.02	20	11600	中性盘
11:03:36	5.78	-0.02	1004	580312	卖盘
11:03:30	5.8	-0.01	63	36540	卖盘
11:03:15	5.81	0.01	66	38346	买盘
11:03:12	5.8	--	297	172260	卖盘
11:03:03	5.8	--	4	2320	卖盘
11:03:00	5.8	--	28	16240	卖盘
11:02:54	5.8	--	5	2900	卖盘
11:02:48	5.8	-0.01	142	82360	卖盘
11:02:45	5.81	--	30	17430	买盘
11:02:42	5.81	0.01	9	5229	买盘
11:02:30	5.8	-0.01	29	16820	卖盘
11:02:27	5.81	0.01	4	2324	买盘
11:02:15	5.8	-0.01	37	21460	卖盘
11:02:12	5.81	--	11	6391	买盘
11:02:09	5.81	--	4	2324	买盘
11:02:06	5.81	-0.01	60	34860	卖盘
11:02:03	5.82	0.01	11	6402	买盘
11:02:00	5.81	--	24	13943	卖盘
11:01:54	5.81	--	25	14524	买盘
11:01:51	5.81	--	29	16849	买盘
11:01:48	5.81	--	44	25564	买盘
11:01:45	5.81	--	239	138859	买盘
11:01:42	5.81	--	2	1162	买盘
11:01:39	5.81	--	130	75530	买盘
11:01:36	5.81	--	20	11620	买盘
11:01:33	5.81	0.01	13	7552	买盘
11:01:30	5.8	-0.01	28	16240	卖盘
11:01:27	5.81	--	92	53452	买盘
11:01:24	5.81	0.01	57	33117	买盘
11:01:21	5.8	-0.01	74	42920	卖盘
11:01:18	5.81	0.01	132	76692	买盘
11:01:15	5.8	-0.01	139	80620	卖盘
11:01:12	5.81	--	2	1162	买盘
11:01:09	5.81	--	5	2905	买盘
11:01:06	5.81	0.01	149	86569	买盘
11:01:03	5.8	-0.01	27	15660	卖盘
11:00:57	5.81	--	50	29049	买盘
11:00:51	5.81	--	19	11039	买盘
11:00:48	5.81	--	34	19754	买盘
11:00:45	5.81	--	65	37765	买盘
11:00:42	5.81	--	21	12201	买盘
11:00:39	5.81	--	8	4648	买盘
11:00:36	5.81	--	4	2324	买盘
11:00:33	5.81	0.01	114	66234	买盘
11:00:24	5.8	--	257	149628	买盘
11:00:21	5.8	--	2	1160	买盘
11:00:18	5.8	--	44	25520	买盘
11:00:15	5.8	--	8	4640	买盘
11:00:12	5.8	--	9	5220	买盘
11:00:06	5.8	--	4	2320	买盘
11:00:03	5.8	0.01	40	23200	买盘
10:59:57	5.79	-0.01	200	115800	卖盘
10:59:54	5.8	--	7	4060	买盘
10:59:48	5.8	--	30	17400	买盘
10:59:45	5.8	0.01	109	63220	买盘
10:59:33	5.79	--	71	41109	卖盘
10:59:18	5.79	--	27	15633	卖盘
10:59:15	5.79	-0.01	102	59058	卖盘
10:59:12	5.8	--	2	1160	买盘
10:59:06	5.8	0.01	55	31900	买盘
10:59:03	5.79	-0.01	27	15633	卖盘
10:58:54	5.8	--	20	11600	买盘
10:58:51	5.8	--	120	69600	买盘
10:58:48	5.8	--	97	56260	买盘
10:58:45	5.8	--	2	1160	买盘
10:58:36	5.8	0.01	44	25520	买盘
10:58:33	5.79	-0.01	27	15633	卖盘
10:58:30	5.8	--	2	1160	买盘
10:58:24	5.8	0.01	12	6960	买盘
10:58:18	5.79	-0.01	27	15633	卖盘
10:58:12	5.8	--	96	55680	买盘
10:58:09	5.8	-0.01	102	59171	卖盘
10:58:06	5.81	--	20	11620	买盘
10:58:03	5.81	0.01	39	22659	买盘
10:58:00	5.8	--	176	102648	买盘
10:57:51	5.8	0.01	3	1740	买盘
10:57:45	5.79	-0.01	278	160962	卖盘
10:57:42	5.8	0.01	5	2900	买盘
10:57:33	5.79	--	26	15054	卖盘
10:57:30	5.79	-0.01	2	1158	卖盘
10:57:18	5.8	--	38	22040	买盘
10:57:15	5.8	--	20	11600	买盘
10:57:12	5.8	0.01	2	1160	买盘
10:57:00	5.79	-0.01	31	17949	卖盘
10:56:54	5.8	--	403	233740	买盘
10:56:48	5.8	0.01	31	17980	买盘
10:56:42	5.79	-0.01	3	1737	卖盘
10:56:33	5.8	0.01	30	17400	买盘
10:56:30	5.79	-0.01	27	15633	卖盘
10:56:24	5.8	--	15	8700	买盘
10:56:21	5.8	--	10	5800	买盘
10:56:18	5.8	0.01	25	14500	买盘
10:56:15	5.79	-0.01	68	39372	卖盘
10:56:12	5.8	--	1	580	买盘
10:56:09	5.8	--	107	62060	买盘
10:56:06	5.8	0.01	1	580	买盘
10:56:03	5.79	--	13	7527	卖盘
10:56:00	5.79	-0.01	27	15633	卖盘
10:55:54	5.8	0.01	7	4060	买盘
10:55:51	5.79	-0.01	151	87429	卖盘
10:55:48	5.8	0.01	382	221560	买盘
10:55:45	5.79	--	27	15633	卖盘
10:55:39	5.79	--	100	57900	卖盘
10:55:33	5.79	0.01	395	228705	中性盘
10:55:21	5.78	--	7	4046	买盘
10:55:18	5.78	0.01	21	12138	买盘
10:55:15	5.77	-0.02	1660	957819	卖盘
10:55:12	5.79	--	5	2895	买盘
10:55:06	5.79	--	6	3474	买盘
10:55:03	5.79	--	30	17370	买盘
10:55:00	5.79	--	1000	579000	买盘
10:54:54	5.79	0.02	3	1737	买盘
10:54:45	5.77	-0.01	2236	1290172	卖盘
10:54:42	5.78	--	63	36414	买盘
10:54:39	5.78	0.01	10	5780	买盘
10:54:33	5.77	--	100	57699	卖盘
10:54:30	5.77	--	36	20772	卖盘
10:54:27	5.77	--	30	17310	卖盘
10:54:15	5.77	0.01	28	16155	中性盘
10:54:12	5.76	-0.01	351	202176	卖盘
10:54:06	5.77	--	1	577	卖盘
10:54:00	5.77	--	26	15001	卖盘
10:53:57	5.77	--	4	2308	卖盘
10:53:48	5.77	0.01	123	70971	买盘
10:53:45	5.76	--	29	16704	卖盘
10:53:30	5.76	-0.01	28	16128	卖盘
10:53:24	5.77	0.01	1	577	买盘
10:53:15	5.76	-0.01	27	15552	卖盘
10:53:09	5.77	0.01	2	1154	买盘
10:53:00	5.76	-0.01	36	20736	卖盘
10:52:54	5.77	0.01	3	1730	中性盘
10:52:45	5.76	-0.01	64	36864	卖盘
10:52:42	5.77	--	462	266574	卖盘
10:52:30	5.77	-0.01	26	15001	卖盘
10:52:27	5.78	0.01	1	578	买盘
10:52:21	5.77	--	7	4038	卖盘
10:52:15	5.77	-0.01	26	15001	卖盘
10:52:12	5.78	0.01	1	578	买盘
10:52:09	5.77	--	400	230799	买盘
10:52:03	5.77	0.01	4	2308	买盘
10:52:00	5.76	-0.01	79	45504	卖盘
10:51:57	5.77	--	52	30003	买盘
10:51:48	5.77	0.01	87	50198	买盘
10:51:45	5.76	-0.01	30	17280	卖盘
10:51:36	5.77	--	49	28272	买盘
10:51:33	5.77	0.01	100	57699	买盘
10:51:30	5.76	--	27	15552	卖盘
10:51:24	5.76	-0.01	29	16704	卖盘
10:51:21	5.77	--	36	20772	买盘
10:51:18	5.77	0.01	53	30580	买盘
10:51:15	5.76	-0.01	28	16128	卖盘
10:51:12	5.77	--	22	12693	买盘
10:51:09	5.77	--	19	10963	买盘
10:51:06	5.77	0.01	21	12117	买盘
10:51:00	5.76	-0.01	28	16128	卖盘
10:50:51	5.77	0.01	150	86550	买盘
10:50:45	5.76	--	26	14976	卖盘
10:50:42	5.76	--	4	2304	买盘
10:50:39	5.76	--	13	7488	买盘
10:50:33	5.76	--	2	1152	买盘
10:50:30	5.76	-0.01	8	4608	卖盘
10:50:27	5.77	--	13	7500	买盘
10:50:21	5.77	--	6	3461	买盘
10:50:18	5.77	--	13	7500	买盘
10:50:15	5.77	0.01	65	37505	买盘
10:50:12	5.76	--	30	17280	买盘
10:50:09	5.76	--	5	2880	买盘
10:50:06	5.76	--	2	1152	买盘
10:50:03	5.76	--	29	16704	买盘
10:50:00	5.76	-0.01	46	26496	卖盘
10:49:57	5.77	0.01	18	10386	买盘
10:49:54	5.76	--	57	32832	买盘
10:49:51	5.76	0.01	2	1152	买盘
10:49:45	5.75	-0.01	27	15525	卖盘
10:49:42	5.76	--	14	8064	卖盘
10:49:36	5.76	--	21	12096	买盘
10:49:30	5.76	--	9	5184	卖盘
10:49:27	5.76	--	1	576	买盘
10:49:24	5.76	0.01	20	11520	买盘
10:49:21	5.75	-0.01	8	4600	卖盘
10:49:18	5.76	0.01	8	4608	买盘
10:49:15	5.75	-0.01	88	50600	卖盘
10:49:12	5.76	0.01	2	1152	买盘
10:49:06	5.75	--	2	1150	卖盘
10:49:00	5.75	-0.01	27	15525	卖盘
10:48:51	5.76	0.01	69	39744	买盘
10:48:45	5.75	--	39	22425	卖盘
10:48:42	5.75	-0.01	140	80500	卖盘
10:48:39	5.76	0.01	66	38016	买盘
10:48:30	5.75	--	36	20700	卖盘
10:48:15	5.75	-0.01	77	44275	卖盘
10:48:12	5.76	0.01	1	576	买盘
10:48:06	5.75	-0.01	15	8625	卖盘
10:48:03	5.76	0.01	285	164160	买盘
10:48:00	5.75	-0.01	27	15525	卖盘
10:47:57	5.76	--	10	5760	买盘
10:47:54	5.76	--	5	2880	买盘
10:47:51	5.76	0.01	60	34560	买盘
10:47:45	5.75	-0.01	27	15525	卖盘
10:47:42	5.76	--	92	52992	买盘
10:47:39	5.76	0.01	15	8640	买盘
10:47:30	5.75	--	27	15525	卖盘
10:47:27	5.75	-0.01	106	60950	卖盘
10:47:18	5.76	0.01	50	28800	买盘
10:47:15	5.75	-0.01	26	14950	卖盘
10:47:12	5.76	--	2	1152	买盘
10:47:03	5.76	--	30	17280	卖盘
10:47:00	5.76	--	26	14976	卖盘
10:46:54	5.76	--	10	5760	卖盘
10:46:45	5.76	--	28	16128	卖盘
10:46:42	5.76	--	1	576	买盘
10:46:39	5.76	--	20	11520	买盘
10:46:36	5.76	--	5	2880	买盘
10:46:30	5.76	-0.01	117	67392	卖盘
10:46:18	5.77	0.01	4	2308	买盘
10:46:15	5.76	-0.01	29	16704	卖盘
10:46:12	5.77	0.01	11	6346	买盘
10:46:09	5.76	--	7	4032	买盘
10:46:03	5.76	0.01	20	11520	中性盘
10:45:57	5.75	-0.02	440	253000	卖盘
10:45:51	5.77	0.01	2	1154	买盘
10:45:45	5.76	-0.01	32	18432	卖盘
10:45:42	5.77	-0.01	42	24234	中性盘
10:45:30	5.78	0.01	520	300560	买盘
10:45:27	5.77	--	97	55968	卖盘
10:45:18	5.77	0.01	233	134441	买盘
10:45:15	5.76	-0.01	26	14976	卖盘
10:45:12	5.77	--	1	577	买盘
10:45:06	5.77	0.01	20	11540	买盘
10:45:00	5.76	--	27	15552	卖盘
10:44:51	5.76	--	32	18432	卖盘
10:44:45	5.76	-0.01	26	14976	卖盘
10:44:42	5.77	--	12	6923	买盘
10:44:36	5.77	--	3	1730	买盘
10:44:33	5.77	0.01	100	57699	买盘
10:44:30	5.76	--	290	167040	卖盘
10:44:15	5.76	-0.01	71	40896	卖盘
10:44:09	5.77	--	32	18464	买盘
10:44:06	5.77	-0.01	218	125785	卖盘
10:44:03	5.78	0.01	200	115600	买盘
10:44:00	5.77	--	26	15001	卖盘
10:43:51	5.77	--	18	10386	卖盘
10:43:45	5.77	-0.01	26	15001	卖盘
10:43:42	5.78	0.01	8	4624	买盘
10:43:39	5.77	-0.01	110	63469	卖盘
10:43:36	5.78	0.01	10	5780	买盘
10:43:21	5.77	--	103	59430	买盘
10:43:15	5.77	--	7	4038	卖盘
10:43:12	5.77	-0.01	1	577	卖盘
10:43:09	5.78	0.02	106	61268	买盘
10:43:06	5.76	--	20	11520	卖盘
10:43:00	5.76	--	1	576	卖盘
10:42:45	5.76	-0.01	4	2304	卖盘
10:42:42	5.77	--	1020	588540	买盘
10:42:39	5.77	--	2	1154	买盘
10:42:33	5.77	0.01	3	1730	买盘
10:42:30	5.76	-0.01	12	6912	卖盘
10:42:18	5.77	--	8	4616	买盘
10:42:12	5.77	0.01	2	1154	买盘
10:42:09	5.76	--	242	139392	买盘
10:42:03	5.76	--	21	12096	买盘
10:41:57	5.76	--	160	92160	买盘
10:41:51	5.76	--	202	116352	买盘
10:41:48	5.76	0.01	10	5760	买盘
10:41:45	5.75	-0.01	29	16675	卖盘
10:41:42	5.76	0.01	3	1728	买盘
10:41:30	5.75	--	27	15525	卖盘
10:41:15	5.75	-0.01	72	41400	卖盘
10:41:12	5.76	--	113	65088	买盘
10:41:03	5.76	0.01	50	28800	买盘
10:41:00	5.75	-0.01	26	14950	卖盘
10:40:54	5.76	--	50	28800	买盘
10:40:51	5.76	0.01	23	13248	买盘
10:40:45	5.75	-0.01	31	17825	卖盘
10:40:42	5.76	0.01	27	15552	买盘
10:40:30	5.75	-0.01	48	27600	卖盘
10:40:27	5.76	0.01	7	4032	买盘
10:40:24	5.75	-0.01	23	13225	卖盘
10:40:21	5.76	0.01	20	11520	买盘
10:40:15	5.75	--	42	24150	卖盘
10:40:12	5.75	-0.01	24	13800	卖盘
10:40:09	5.76	0.01	2	1152	买盘
10:40:00	5.75	0.01	75	43125	买盘
10:39:54	5.74	-0.01	6	3444	卖盘
10:39:45	5.75	-0.01	16	9200	卖盘
10:39:42	5.76	0.01	2	1152	买盘
10:39:30	5.75	0.01	26	14950	中性盘
10:39:27	5.74	-0.01	504	289296	卖盘
10:39:18	5.75	--	2	1150	买盘
10:39:15	5.75	--	91	52325	买盘
10:39:12	5.75	--	23	13225	买盘
10:39:09	5.75	--	500	287500	买盘
10:39:06	5.75	0.01	14	8050	买盘
10:39:00	5.74	--	28	16072	卖盘
10:38:45	5.74	--	29	16646	卖盘
10:38:42	5.74	--	26	14924	卖盘
10:38:30	5.74	--	155	89084	买盘
10:38:18	5.74	0.01	5	2870	买盘
10:38:15	5.73	-0.01	47	26931	卖盘
10:38:12	5.74	0.01	2	1148	买盘
10:38:03	5.73	--	11	6303	卖盘
10:38:00	5.73	0.01	28	16044	中性盘
10:37:57	5.72	-0.01	200	114400	卖盘
10:37:51	5.73	-0.01	21	12033	卖盘
10:37:45	5.74	--	81	46494	买盘
10:37:39	5.74	0.01	9	5166	买盘
10:37:30	5.73	-0.01	25	14325	卖盘
10:37:27	5.74	0.01	6	3444	买盘
10:37:21	5.73	-0.01	5	2865	卖盘
10:37:18	5.74	0.01	27	15498	买盘
10:37:15	5.73	-0.01	17	9741	卖盘
10:37:12	5.74	--	18	10332	买盘
10:37:09	5.74	--	44	25256	买盘
10:37:06	5.74	--	14	8036	买盘
10:37:03	5.74	0.01	14	8036	买盘
10:36:57	5.73	--	3	1719	买盘
10:36:54	5.73	--	21	12491	卖盘
10:36:48	5.73	--	98	56268	买盘
10:36:45	5.73	0.01	2	1146	买盘
10:36:39	5.72	-0.01	29	16588	卖盘
10:36:36	5.73	--	3	1719	买盘
10:36:30	5.73	0.01	10	5730	买盘
10:36:24	5.72	--	31	17732	卖盘
10:36:21	5.72	--	10	5720	卖盘
10:36:15	5.72	-0.01	89	50908	卖盘
10:36:12	5.73	--	5	2865	买盘
10:36:09	5.73	--	58	33234	买盘
10:35:57	5.73	0.01	176	100848	买盘
10:35:54	5.72	-0.01	31	17732	卖盘
10:35:45	5.73	0.01	7	4011	买盘
10:35:39	5.72	-0.01	30	17160	卖盘
10:35:36	5.73	--	70	40568	卖盘
10:35:27	5.73	--	23	13179	卖盘
10:35:24	5.73	--	31	17763	卖盘
10:35:21	5.73	--	1	573	卖盘
10:35:15	5.73	0.01	318	182328	买盘
10:35:12	5.72	--	10	5720	买盘
10:35:09	5.72	--	31	17732	买盘
10:35:06	5.72	--	4	2288	买盘
10:35:03	5.72	--	7	4004	买盘
10:34:57	5.72	--	125	71957	卖盘
10:34:48	5.72	-0.02	2	1144	卖盘
10:34:45	5.74	0.01	109	62566	买盘
10:34:42	5.73	0.01	2	1146	买盘
10:34:39	5.72	--	9	5148	卖盘
10:34:36	5.72	-0.01	178	101816	卖盘
10:34:30	5.73	0.01	3	1719	买盘
10:34:24	5.72	--	30	17160	卖盘
10:34:15	5.72	-0.01	146	83512	卖盘
10:34:09	5.73	0.01	31	17877	买盘
10:34:00	5.72	0.01	11	6292	买盘
10:33:57	5.71	--	244	139324	卖盘
10:33:54	5.71	-0.01	31	17701	卖盘
10:33:51	5.72	--	1	572	买盘
10:33:45	5.72	--	20	11440	买盘
10:33:42	5.72	--	8	4576	买盘
10:33:39	5.72	--	30	17160	买盘
10:33:36	5.72	-0.01	52	29744	卖盘
10:33:27	5.73	0.01	5	2865	买盘
10:33:24	5.72	-0.01	35	20020	卖盘
10:33:15	5.73	-0.01	142	81366	卖盘
10:33:09	5.74	--	31	17794	买盘
10:33:03	5.74	0.01	6	3444	买盘
10:32:57	5.73	--	164	93972	卖盘
10:32:54	5.73	--	47	26931	卖盘
10:32:51	5.73	--	2	1146	卖盘
10:32:42	5.73	0.02	123	70479	买盘
10:32:39	5.71	-0.01	41	23411	卖盘
10:32:36	5.72	-0.01	138	78936	卖盘
10:32:33	5.73	0.01	3	1719	买盘
10:32:24	5.72	--	31	17732	卖盘
10:32:15	5.72	-0.01	154	88088	卖盘
10:32:09	5.73	--	52	29796	买盘
10:31:57	5.73	--	1	573	卖盘
10:31:54	5.73	-0.01	35	20055	卖盘
10:31:48	5.74	0.01	2	1148	买盘
10:31:39	5.73	0.01	64	36672	买盘
10:31:36	5.72	-0.01	152	86944	卖盘
10:31:30	5.73	0.01	18	10314	买盘
10:31:24	5.72	-0.01	31	17732	卖盘
10:31:21	5.73	--	5	2865	买盘
10:31:18	5.73	--	92	52716	买盘
10:31:15	5.73	--	47	26931	卖盘
10:31:12	5.73	-0.01	1	573	卖盘
10:31:09	5.74	0.02	74	42476	买盘
10:31:03	5.72	-0.01	77	44044	卖盘
10:30:57	5.73	0.01	162	92826	买盘
10:30:54	5.72	--	29	16588	卖盘
10:30:51	5.72	-0.01	96	54912	卖盘
10:30:45	5.73	0.01	6	3438	买盘
10:30:39	5.72	--	34	19448	卖盘
10:30:36	5.72	-0.01	153	87516	卖盘
10:30:33	5.73	0.01	12	6876	买盘
10:30:30	5.72	--	12	6864	卖盘
10:30:24	5.72	--	29	16588	卖盘
10:30:15	5.72	--	189	108108	买盘
10:30:12	5.72	0.01	2	1144	买盘
10:30:09	5.71	--	210	119910	卖盘
10:30:03	5.71	-0.01	159	90789	卖盘
10:30:00	5.72	0.01	5	2860	买盘
10:29:57	5.71	--	146	83366	卖盘
10:29:54	5.71	-0.01	32	18272	卖盘
10:29:45	5.72	--	8	4576	买盘
10:29:42	5.72	0.01	3	1716	买盘
10:29:39	5.71	--	31	17701	卖盘
10:29:36	5.71	-0.01	157	89647	卖盘
10:29:33	5.72	--	9	5148	买盘
10:29:30	5.72	--	26	14872	买盘
10:29:27	5.72	0.01	9	5148	买盘
10:29:24	5.71	--	41	23411	卖盘
10:29:12	5.71	-0.02	20	11420	卖盘
10:29:09	5.73	0.01	29	16617	买盘
10:29:03	5.72	-0.01	35	20020	中性盘
10:29:00	5.73	0.01	25	14325	买盘
10:28:57	5.72	--	136	77792	卖盘
10:28:54	5.72	-0.01	41	23452	卖盘
10:28:51	5.73	0.01	18	10314	买盘
10:28:48	5.72	--	20	11440	卖盘
10:28:45	5.72	-0.01	17	9724	卖盘
10:28:42	5.73	0.01	59	33807	买盘
10:28:39	5.72	-0.01	31	17732	卖盘
10:28:36	5.73	0.01	5	2865	中性盘
10:28:33	5.72	-0.01	5045	2885740	卖盘
10:28:24	5.73	-0.01	30	17190	卖盘
10:28:18	5.74	0.02	5	2870	买盘
10:28:15	5.72	-0.02	150	85800	卖盘
10:28:12	5.74	0.02	2	1148	买盘
10:28:09	5.72	-0.03	3000	1716000	卖盘
10:28:06	5.75	0.01	3	1725	买盘
10:28:03	5.74	--	44	25256	卖盘
10:27:57	5.74	--	155	88970	卖盘
10:27:54	5.74	-0.01	30	17220	中性盘
10:27:51	5.75	0.01	20	11500	买盘
10:27:42	5.74	0.01	3	1722	买盘
10:27:39	5.73	-0.01	35	20055	卖盘
10:27:36	5.74	-0.01	138	79212	卖盘
10:27:30	5.75	--	20	11500	买盘
10:27:27	5.75	0.01	100	57500	买盘
10:27:24	5.74	--	29	16646	卖盘
10:27:15	5.74	-0.01	152	87248	卖盘
10:27:12	5.75	0.01	1	575	买盘
10:27:09	5.74	-0.01	28	16072	卖盘
10:27:03	5.75	--	1	575	买盘
10:27:00	5.75	--	20	11500	买盘
10:26:57	5.75	--	9	5175	买盘
10:26:54	5.75	-0.01	30	17250	卖盘
10:26:45	5.76	0.01	40	23040	买盘
10:26:39	5.75	-0.01	29	16675	卖盘
10:26:36	5.76	0.01	153	88128	买盘
10:26:30	5.75	--	6	3450	卖盘
10:26:24	5.75	--	31	17825	卖盘
10:26:15	5.75	-0.01	149	85675	卖盘
10:26:12	5.76	0.01	2	1152	买盘
10:26:09	5.75	--	31	17825	卖盘
10:26:06	5.75	--	11	6325	卖盘
10:25:57	5.75	-0.01	148	85100	卖盘
10:25:54	5.76	--	41	23616	买盘
10:25:42	5.76	--	20	11520	买盘
10:25:39	5.76	0.01	32	18432	买盘
10:25:36	5.75	-0.01	152	87400	卖盘
10:25:27	5.76	0.01	200	115200	买盘
10:25:24	5.75	-0.01	39	22425	卖盘
10:25:15	5.76	--	160	92160	买盘
10:25:12	5.76	--	13	7488	买盘
10:25:09	5.76	0.01	30	17280	买盘
10:25:03	5.75	--	28	16100	卖盘
10:25:00	5.75	0.01	61	35075	买盘
10:24:57	5.74	--	152	87248	卖盘
10:24:54	5.74	-0.01	31	17794	卖盘
10:24:51	5.75	--	2	1150	买盘
10:24:48	5.75	0.01	48	27600	买盘
10:24:45	5.74	-0.01	129	74046	卖盘
10:24:39	5.75	0.01	30	17250	买盘
10:24:36	5.74	--	149	85526	卖盘
10:24:33	5.74	0.01	27	15498	买盘
10:24:24	5.73	--	41	23493	卖盘
10:24:15	5.73	-0.01	152	87096	卖盘
10:24:09	5.74	0.01	2	1148	中性盘
10:24:06	5.73	-0.02	40	22920	卖盘
10:24:03	5.75	0.02	9	5175	买盘
10:23:57	5.73	--	241	138093	卖盘
10:23:54	5.73	-0.01	191	109443	卖盘
10:23:48	5.74	--	102	58548	买盘
10:23:42	5.74	0.01	9	5166	买盘
10:23:39	5.73	--	44	25212	卖盘
10:23:36	5.73	-0.02	415	237795	卖盘
10:23:33	5.75	--	24	13800	买盘
10:23:30	5.75	0.01	25	14375	买盘
10:23:27	5.74	--	1	574	买盘
10:23:24	5.74	--	42	24108	卖盘
10:23:21	5.74	--	71	40754	买盘
10:23:18	5.74	0.01	16	9184	买盘
10:23:15	5.73	-0.01	167	95691	卖盘
10:23:09	5.74	0.01	31	17794	买盘
10:23:06	5.73	-0.01	4	2292	卖盘
10:23:03	5.74	0.01	5	2870	买盘
10:22:57	5.73	--	153	87669	卖盘
10:22:54	5.73	-0.01	100	57300	卖盘
10:22:51	5.74	--	9	5166	买盘
10:22:48	5.74	--	8	4592	买盘
10:22:45	5.74	--	9	5166	买盘
10:22:42	5.74	--	13	7462	买盘
10:22:39	5.74	--	46	26404	买盘
10:22:36	5.74	--	167	95858	买盘
10:22:30	5.74	0.01	59	33866	买盘
10:22:24	5.73	--	29	16617	卖盘
10:22:21	5.73	--	30	17190	卖盘
10:22:15	5.73	-0.01	197	112881	卖盘
10:22:12	5.74	0.01	22	12628	买盘
10:22:09	5.73	-0.01	29	16617	卖盘
10:22:03	5.74	--	9	5166	买盘
10:21:57	5.74	--	35	20090	卖盘
10:21:54	5.74	-0.01	330	189420	卖盘
10:21:48	5.75	--	31	17825	买盘
10:21:39	5.75	--	129	74175	买盘
10:21:36	5.75	--	152	87400	买盘
10:21:27	5.75	0.01	7	4025	买盘
10:21:24	5.74	-0.01	29	16646	卖盘
10:21:15	5.75	-0.01	111	63825	卖盘
10:21:12	5.76	0.01	7	4032	买盘
10:21:09	5.75	-0.01	31	17825	卖盘
10:21:03	5.76	--	180	103680	卖盘
10:20:57	5.76	--	220	126720	卖盘
10:20:54	5.76	--	30	17280	卖盘
10:20:45	5.76	--	3	1728	卖盘
10:20:42	5.76	--	262	150912	卖盘
10:20:39	5.76	--	30	17280	卖盘
10:20:36	5.76	--	150	86400	卖盘
10:20:33	5.76	--	10	5760	卖盘
10:20:27	5.76	--	20	11520	卖盘
10:20:24	5.76	--	31	17856	卖盘
10:20:21	5.76	--	265	152640	卖盘
10:20:15	5.76	-0.01	159	91584	卖盘
10:20:12	5.77	--	38	21926	买盘
10:20:09	5.77	0.01	51	29426	买盘
10:19:57	5.76	--	153	88128	卖盘
10:19:54	5.76	--	30	17280	卖盘
10:19:51	5.76	--	90	51840	卖盘
10:19:42	5.76	0.01	36	20736	买盘
10:19:39	5.75	--	51	29325	买盘
10:19:36	5.75	-0.01	194	111550	卖盘
10:19:33	5.76	0.01	148	85248	买盘
10:19:24	5.75	--	31	17825	卖盘
10:19:15	5.75	--	151	86825	卖盘
10:19:12	5.75	-0.01	9	5175	卖盘
10:19:09	5.76	--	31	17856	买盘
10:19:06	5.76	--	2	1152	买盘
10:18:57	5.76	0.01	184	105984	买盘
10:18:54	5.75	--	79	45425	卖盘
10:18:45	5.75	--	7	4025	买盘
10:18:39	5.75	-0.01	25	14375	卖盘
10:18:36	5.76	--	100	57600	卖盘
10:18:30	5.76	0.01	33	19008	买盘
10:18:27	5.75	--	52	29900	卖盘
10:18:24	5.75	--	31	17825	卖盘
10:18:21	5.75	0.01	40	23000	中性盘
10:18:18	5.74	-0.01	671	385154	卖盘
10:18:15	5.75	-0.01	153	87975	卖盘
10:18:12	5.76	--	1	576	买盘
10:18:09	5.76	--	32	18432	卖盘
10:18:06	5.76	--	50	28800	卖盘
10:18:03	5.76	0.02	309	177984	买盘
10:17:57	5.74	--	161	92414	卖盘
10:17:54	5.74	-0.01	29	16646	卖盘
10:17:42	5.75	-0.01	51	29325	卖盘
10:17:39	5.76	0.01	50	28800	买盘
10:17:36	5.75	-0.01	150	86250	卖盘
10:17:33	5.76	--	10	5760	买盘
10:17:24	5.76	-0.01	9	5184	卖盘
10:17:21	5.77	--	9	5193	买盘
10:17:15	5.77	0.01	281	162137	买盘
10:17:12	5.76	0.01	15	8640	买盘
10:17:09	5.75	--	39	22425	卖盘
10:17:06	5.75	--	1	575	卖盘
10:16:57	5.75	-0.02	154	88550	卖盘
10:16:54	5.77	0.01	42	24234	买盘
10:16:51	5.76	--	13	7488	买盘
10:16:39	5.76	0.01	12	6912	中性盘
10:16:36	5.75	--	155	89125	卖盘
10:16:33	5.75	-0.02	107	61525	卖盘
10:16:30	5.77	--	9	5193	买盘
10:16:27	5.77	--	20	11540	买盘
10:16:24	5.77	--	67	38659	买盘
10:16:21	5.77	0.02	13	7500	买盘
10:16:15	5.75	-0.02	152	87400	卖盘
10:16:12	5.77	--	29	16733	买盘
10:16:09	5.77	--	13	7500	买盘
10:16:06	5.77	--	13	7500	买盘
10:16:00	5.77	--	13	7500	买盘
10:15:57	5.77	0.01	212	122323	买盘
10:15:54	5.76	0.01	411	236736	买盘
10:15:51	5.75	--	52	29900	买盘
10:15:48	5.75	--	8	4600	买盘
10:15:42	5.75	0.01	13	7475	买盘
10:15:39	5.74	0.01	18	10332	买盘
10:15:36	5.73	-0.01	154	88242	卖盘
10:15:30	5.74	--	155	88970	卖盘
10:15:24	5.74	--	147	84378	买盘
10:15:15	5.74	-0.02	6	3444	卖盘
10:15:09	5.76	0.03	2	1152	买盘
10:14:57	5.73	-0.02	152	87096	卖盘
10:14:54	5.75	0.02	50	28750	买盘
10:14:51	5.73	-0.03	44	25212	卖盘
10:14:45	5.76	0.01	43	24768	买盘
10:14:39	5.75	--	3	1725	买盘
10:14:36	5.75	-0.01	170	97750	卖盘
10:14:15	5.76	--	69	39744	卖盘
10:14:12	5.76	--	46	26496	卖盘
10:14:09	5.76	-0.01	50	28800	卖盘
10:14:06	5.77	--	10	5770	买盘
10:14:03	5.77	--	59	34043	买盘
10:13:57	5.77	--	196	113091	买盘
10:13:51	5.77	0.01	5	2885	买盘
10:13:42	5.76	--	73	42048	卖盘
10:13:39	5.76	--	200	115200	卖盘
10:13:36	5.76	0.01	1570	904320	买盘
10:13:33	5.75	0.02	40	23000	买盘
10:13:30	5.73	-0.02	3	1719	卖盘
10:13:27	5.75	--	13	7475	买盘
10:13:24	5.75	--	55	31625	买盘
10:13:21	5.75	--	13	7475	买盘
10:13:18	5.75	0.02	20	11500	买盘
10:13:15	5.73	-0.02	152	87096	卖盘
10:13:12	5.75	--	2	1150	买盘
10:13:09	5.75	0.02	31	17825	买盘
10:13:00	5.73	--	74	42402	卖盘
10:12:57	5.73	--	151	86523	卖盘
10:12:54	5.73	--	87	49851	卖盘
10:12:51	5.73	--	10	5730	卖盘
10:12:45	5.73	-0.02	275	157575	卖盘
10:12:42	5.75	0.02	13	7475	买盘
10:12:36	5.73	--	218	124914	买盘
10:12:33	5.73	0.01	70	40110	买盘
10:12:30	5.72	-0.01	21	12012	卖盘
10:12:27	5.73	--	42	24066	买盘
10:12:24	5.73	0.01	52	29796	买盘
10:12:21	5.72	-0.01	67	38324	卖盘
10:12:18	5.73	--	28	16044	买盘
10:12:15	5.73	--	39	22347	卖盘
10:12:12	5.73	-0.02	90	51570	卖盘
10:12:09	5.75	--	37	21275	买盘
10:12:06	5.75	--	161	92575	买盘
10:12:03	5.75	--	36	20700	买盘
10:12:00	5.75	0.01	101	58075	买盘
10:11:57	5.74	-0.01	263	150962	卖盘
10:11:54	5.75	0.01	123	70725	买盘
10:11:51	5.74	0.01	24	13776	买盘
10:11:48	5.73	-0.01	80	45840	卖盘
10:11:45	5.74	--	250	143500	买盘
10:11:42	5.74	--	36	20664	买盘
10:11:39	5.74	0.01	27	15498	买盘
10:11:36	5.73	-0.01	147	84231	中性盘
10:11:33	5.74	--	48	27552	买盘
10:11:30	5.74	0.01	36	20664	买盘
10:11:24	5.73	-0.01	116	66468	中性盘
10:11:18	5.74	0.02	23	13202	买盘
10:11:15	5.72	-0.02	233	133276	卖盘
10:11:12	5.74	0.02	48	27552	买盘
10:11:09	5.72	-0.01	87	49764	卖盘
10:11:06	5.73	--	38	21774	买盘
10:11:03	5.73	--	19	10887	买盘
10:11:00	5.73	0.01	14	8022	买盘
10:10:57	5.72	-0.01	159	90948	卖盘
10:10:54	5.73	--	124	71052	买盘
10:10:51	5.73	--	46	26358	买盘
10:10:48	5.73	0.01	85	48705	买盘
10:10:39	5.72	-0.01	31	17732	卖盘
10:10:36	5.73	--	156	89388	买盘
10:10:33	5.73	0.01	4	2292	买盘
10:10:24	5.72	-0.01	156	89232	卖盘
10:10:18	5.73	0.01	2	1146	买盘
10:10:15	5.72	-0.01	151	86372	卖盘
10:10:12	5.73	0.01	1	573	买盘
10:10:09	5.72	--	29	16588	卖盘
10:10:03	5.72	--	1	572	卖盘
10:10:00	5.72	0.01	366	209352	买盘
10:09:54	5.71	--	25	14275	卖盘
10:09:51	5.71	-0.01	41	23411	卖盘
10:09:45	5.72	0.01	20	11440	买盘
10:09:39	5.71	-0.01	31	17701	卖盘
10:09:36	5.72	0.01	166	94952	买盘
10:09:30	5.71	--	21	11991	卖盘
10:09:24	5.71	--	30	17130	卖盘
10:09:15	5.71	--	159	90789	卖盘
10:09:12	5.71	--	31	17701	中性盘
10:09:06	5.71	0.01	22	12562	买盘
10:09:03	5.7	-0.01	20	11400	卖盘
10:09:00	5.71	--	5	2855	买盘
10:08:57	5.71	--	153	87363	买盘
10:08:54	5.71	0.01	2	1142	中性盘
10:08:45	5.7	-0.01	485	276450	卖盘
10:08:42	5.71	--	138	78798	买盘
10:08:39	5.71	0.01	66	37686	买盘
10:08:36	5.7	-0.01	151	86070	卖盘
10:08:33	5.71	0.01	3	1713	买盘
10:08:24	5.7	-0.01	30	17100	卖盘
10:08:21	5.71	0.01	2	1142	买盘
10:08:18	5.7	--	1	570	卖盘
10:08:15	5.7	-0.01	151	86070	卖盘
10:08:12	5.71	--	4	2284	买盘
10:08:09	5.71	-0.01	20	11420	卖盘
10:08:03	5.72	0.02	10	5720	买盘
10:07:54	5.7	-0.03	174	99180	卖盘
10:07:48	5.73	0.01	3001	1720037	买盘
10:07:39	5.72	--	29	16588	卖盘
10:07:36	5.72	--	154	88088	卖盘
10:07:33	5.72	-0.01	100	57200	卖盘
10:07:27	5.73	0.01	6	3438	买盘
10:07:24	5.72	--	76	43472	买盘
10:07:15	5.72	-0.01	285	163020	卖盘
10:07:09	5.73	0.01	2	1146	中性盘
10:06:57	5.72	-0.01	400	228800	卖盘
10:06:54	5.73	--	182	104286	卖盘
10:06:51	5.73	--	11	6303	卖盘
10:06:48	5.73	0.01	627	359271	买盘
10:06:45	5.72	--	1	572	卖盘
10:06:39	5.72	--	531	303732	卖盘
10:06:36	5.72	-0.01	150	85800	卖盘
10:06:33	5.73	0.01	12	6876	买盘
10:06:27	5.72	--	36	20592	卖盘
10:06:24	5.72	--	31	17732	卖盘
10:06:18	5.72	--	19	10868	卖盘
10:06:15	5.72	--	204	116688	卖盘
10:06:12	5.72	--	14	8008	卖盘
10:06:09	5.72	--	30	17160	卖盘
10:06:06	5.72	--	8	4576	卖盘
10:05:54	5.72	--	177	101244	卖盘
10:05:48	5.72	-0.01	2	1144	卖盘
10:05:42	5.73	0.01	20	11460	买盘
10:05:39	5.72	--	30	17160	卖盘
10:05:36	5.72	-0.01	347	198484	卖盘
10:05:33	5.73	0.01	3	1719	买盘
10:05:30	5.72	--	208	118976	卖盘
10:05:27	5.72	--	300	171600	卖盘
10:05:24	5.72	--	30	17160	卖盘
10:05:21	5.72	--	15	8580	卖盘
10:05:15	5.72	--	151	86372	卖盘
10:05:12	5.72	-0.01	5	2860	卖盘
10:05:09	5.73	0.01	31	17763	买盘
10:05:06	5.72	--	129	73788	卖盘
10:05:00	5.72	0.02	498	284856	买盘
10:04:54	5.7	--	185	105450	卖盘
10:04:42	5.7	-0.01	777	442890	卖盘
10:04:39	5.71	--	33	18843	卖盘
10:04:36	5.71	-0.01	154	87934	卖盘
10:04:33	5.72	0.01	2	1144	买盘
10:04:24	5.71	--	30	17130	卖盘
10:04:21	5.71	--	8	4568	卖盘
10:04:15	5.71	-0.01	256	146176	卖盘
10:04:09	5.72	--	32	18304	买盘
10:03:54	5.72	--	150	85800	卖盘
10:03:48	5.72	--	100	57200	卖盘
10:03:45	5.72	-0.01	9	5148	卖盘
10:03:42	5.73	0.01	19	10887	买盘
10:03:39	5.72	--	30	17160	卖盘
10:03:36	5.72	--	151	86372	卖盘
10:03:33	5.72	-0.01	9	5148	卖盘
10:03:30	5.73	0.01	4	2292	买盘
10:03:27	5.72	--	23	13156	卖盘
10:03:24	5.72	-0.01	106	60632	卖盘
10:03:15	5.73	--	173	99129	买盘
10:03:09	5.73	0.01	31	17763	买盘
10:03:00	5.72	--	5	2860	卖盘
10:02:57	5.72	0.01	10	5720	买盘
10:02:54	5.71	-0.01	44	25124	卖盘
10:02:51	5.72	0.01	60	34320	买盘
10:02:39	5.71	-0.01	34	19414	卖盘
10:02:36	5.72	0.01	3	1716	买盘
10:02:27	5.71	-0.01	29	16559	中性盘
10:02:21	5.72	0.01	24	13728	买盘
10:02:15	5.71	--	19	10849	卖盘
10:02:12	5.71	0.01	6	3426	买盘
10:02:09	5.7	--	38	21660	卖盘
10:02:06	5.7	--	97	55290	卖盘
10:02:03	5.7	--	160	91200	卖盘
10:01:57	5.7	--	34	19380	卖盘
10:01:51	5.7	--	20	11400	卖盘
10:01:45	5.7	--	35	19950	卖盘
10:01:42	5.7	--	1362	776340	买盘
10:01:39	5.7	--	324	184680	买盘
10:01:36	5.7	--	20	11400	买盘
10:01:33	5.7	--	5	2850	买盘
10:01:30	5.7	--	416	237120	买盘
10:01:27	5.7	--	35	19950	卖盘
10:01:24	5.7	--	137	78090	买盘
10:01:21	5.7	--	352	200640	买盘
10:01:18	5.7	--	33	18810	买盘
10:01:15	5.7	--	123	70110	买盘
10:01:12	5.7	--	263	149910	买盘
10:01:09	5.7	--	382	217740	买盘
10:01:06	5.7	--	349	198930	买盘
10:01:03	5.7	--	500	285000	买盘
10:01:00	5.7	--	112	63840	买盘
10:00:57	5.7	--	30	17100	买盘
10:00:54	5.7	--	1082	616740	卖盘
10:00:48	5.7	--	333	189810	卖盘
10:00:45	5.7	-0.01	279	159030	卖盘
10:00:42	5.71	0.01	28	15988	买盘
10:00:39	5.7	--	29	16530	卖盘
10:00:33	5.7	--	61	34770	卖盘
10:00:27	5.7	--	464	264480	买盘
10:00:24	5.7	--	394	224580	买盘
10:00:21	5.7	--	48	27360	买盘
10:00:18	5.7	--	96	54720	买盘
10:00:15	5.7	-0.04	1126	641820	卖盘
10:00:12	5.74	0.03	1	574	买盘
10:00:09	5.71	0.01	2	1142	中性盘
10:00:00	5.7	--	171	97470	买盘
09:59:57	5.7	--	130	74100	买盘
09:59:54	5.7	--	378	215460	买盘
09:59:51	5.7	-0.05	1359	774630	卖盘
09:59:48	5.75	--	10	5750	卖盘
09:59:45	5.75	0.06	942	541650	买盘
09:59:39	5.69	-0.01	37	21519	卖盘
09:59:36	5.7	-0.03	995	567252	卖盘
09:59:33	5.73	--	4	2292	买盘
09:59:30	5.73	--	39	22347	买盘
09:59:27	5.73	0.03	16	9168	中性盘
09:59:21	5.7	-0.04	2999	1709430	卖盘
09:59:12	5.74	0.01	2	1148	中性盘
09:59:00	5.73	0.01	10	5730	买盘
09:58:54	5.72	0.01	31	17732	卖盘
09:58:51	5.71	-0.04	4001	2284571	卖盘
09:58:42	5.75	0.02	2	1150	买盘
09:58:39	5.73	--	1503	861219	卖盘
09:58:36	5.73	-0.02	557	319161	卖盘
09:58:33	5.75	--	2	1150	买盘
09:58:27	5.75	0.02	2	1150	买盘
09:58:24	5.73	-0.01	32	18336	卖盘
09:58:18	5.74	--	21	12054	买盘
09:58:15	5.74	-0.01	2	1148	卖盘
09:58:09	5.75	--	32	18400	买盘
09:58:03	5.75	0.03	5	2875	买盘
09:57:57	5.72	-0.04	2218	1269165	卖盘
09:57:48	5.76	--	101	58176	卖盘
09:57:39	5.76	--	73	42048	卖盘
09:57:36	5.76	--	9	5184	卖盘
09:57:30	5.76	0.02	975	561600	买盘
09:57:27	5.74	0.01	3	1722	买盘
09:57:24	5.73	-0.01	30	17190	卖盘
09:57:15	5.74	--	34	19516	买盘
09:57:12	5.74	0.01	61	35014	买盘
09:57:09	5.73	-0.01	32	18336	卖盘
09:57:00	5.74	0.01	6	3444	买盘
09:56:54	5.73	-0.01	29	16617	卖盘
09:56:45	5.74	0.01	3	1722	买盘
09:56:39	5.73	--	29	16617	卖盘
09:56:36	5.73	-0.01	100	57300	卖盘
09:56:33	5.74	0.01	33	18942	买盘
09:56:30	5.73	-0.01	16	9168	卖盘
09:56:24	5.74	--	33	18942	买盘
09:56:12	5.74	0.01	1	574	买盘
09:56:09	5.73	--	31	17763	卖盘
09:56:03	5.73	--	5	2865	卖盘
09:56:00	5.73	--	3	1719	卖盘
09:55:54	5.73	--	114	65322	卖盘
09:55:51	5.73	--	29	16617	买盘
09:55:39	5.73	--	63	36099	卖盘
09:55:36	5.73	--	5	2865	卖盘
09:55:33	5.73	-0.01	53	30369	卖盘
09:55:30	5.74	0.01	3	1722	买盘
09:55:24	5.73	--	31	17763	卖盘
09:55:18	5.73	--	3	1719	卖盘
09:55:15	5.73	--	156	89388	买盘
09:55:09	5.73	--	43	24639	买盘
09:55:06	5.73	0.01	20	11460	买盘
09:55:00	5.72	-0.02	862	493064	卖盘
09:54:54	5.74	--	32	18368	买盘
09:54:51	5.74	--	1	574	买盘
09:54:48	5.74	--	20	11480	买盘
09:54:45	5.74	--	30	17220	买盘
09:54:42	5.74	0.01	6	3444	买盘
09:54:39	5.73	-0.01	28	16044	卖盘
09:54:33	5.74	0.01	2	1148	买盘
09:54:30	5.73	-0.01	668	382764	卖盘
09:54:24	5.74	0.01	209	119966	买盘
09:54:18	5.73	--	44	25212	卖盘
09:54:12	5.73	--	38	21774	卖盘
09:54:09	5.73	--	29	16617	卖盘
09:54:06	5.73	--	30	17190	卖盘
09:54:03	5.73	--	356	203988	卖盘
09:54:00	5.73	--	1368	783864	买盘
09:53:54	5.73	--	241	138093	买盘
09:53:45	5.73	--	110	63030	买盘
09:53:42	5.73	0.01	5	2865	买盘
09:53:39	5.72	-0.01	31	17732	卖盘
09:53:36	5.73	--	56	32088	买盘
09:53:33	5.73	-0.01	1260	721980	卖盘
09:53:30	5.74	--	59	33866	买盘
09:53:27	5.74	0.01	2	1148	买盘
09:53:24	5.73	-0.01	30	17190	卖盘
09:53:12	5.74	--	51	29274	买盘
09:53:09	5.74	--	832	477568	买盘
09:53:06	5.74	--	6	3444	买盘
09:53:03	5.74	0.01	5	2870	买盘
09:52:54	5.73	-0.01	31	17763	卖盘
09:52:39	5.74	0.01	21	12054	买盘
09:52:36	5.73	-0.01	2	1146	卖盘
09:52:27	5.74	--	3	1722	买盘
09:52:21	5.74	--	1	574	买盘
09:52:18	5.74	--	1024	587776	卖盘
09:52:12	5.74	-0.01	21	12054	卖盘
09:52:09	5.75	0.01	4	2300	买盘
09:52:06	5.74	-0.01	2	1148	卖盘
09:52:03	5.75	0.01	17	9775	买盘
09:52:00	5.74	-0.01	120	68880	卖盘
09:51:57	5.75	0.01	5	2875	买盘
09:51:51	5.74	--	8	4592	卖盘
09:51:39	5.74	--	23	13202	卖盘
09:51:36	5.74	-0.01	11	6314	卖盘
09:51:30	5.75	--	24	13800	买盘
09:51:27	5.75	--	1	575	买盘
09:51:24	5.75	--	2	1150	买盘
09:51:09	5.75	--	546	313950	买盘
09:51:06	5.75	-0.01	881	506575	卖盘
09:50:54	5.76	0.01	10	5760	买盘
09:50:48	5.75	--	162	93150	卖盘
09:50:42	5.75	--	10	5750	卖盘
09:50:39	5.75	-0.01	40	23000	卖盘
09:50:36	5.76	--	3	1728	买盘
09:50:30	5.76	--	3	1728	买盘
09:50:24	5.76	0.01	3	1728	买盘
09:50:21	5.75	--	154	88550	卖盘
09:50:18	5.75	--	9	5175	卖盘
09:50:12	5.75	-0.02	44	25300	卖盘
09:50:09	5.77	0.01	2	1154	买盘
09:50:06	5.76	0.01	10	5760	中性盘
09:50:00	5.75	--	74	42550	卖盘
09:49:51	5.75	--	728	418600	卖盘
09:49:48	5.75	--	48	27600	卖盘
09:49:42	5.75	-0.01	49	28175	卖盘
09:49:39	5.76	0.01	8	4608	中性盘
09:49:33	5.75	-0.02	2	1150	卖盘
09:49:30	5.77	--	24	13847	买盘
09:49:27	5.77	0.02	28	16155	买盘
09:49:24	5.75	-0.02	38	21850	卖盘
09:49:21	5.77	0.01	58	33466	买盘
09:49:12	5.76	-0.01	243	139968	卖盘
09:49:09	5.77	--	1	577	买盘
09:49:06	5.77	0.01	12	6923	买盘
09:49:03	5.76	-0.01	2	1152	卖盘
09:48:54	5.77	-0.01	52	30003	卖盘
09:48:51	5.78	0.02	10	5780	买盘
09:48:39	5.76	--	14	8064	卖盘
09:48:33	5.76	-0.02	16	9216	卖盘
09:48:27	5.78	--	47	27166	卖盘
09:48:24	5.78	--	158	91324	买盘
09:48:09	5.78	0.02	2	1156	买盘
09:48:03	5.76	-0.02	13	7488	卖盘
09:48:00	5.78	0.03	9	5202	买盘
09:47:57	5.75	-0.01	17	9775	卖盘
09:47:54	5.76	-0.03	16	9216	卖盘
09:47:51	5.79	0.03	433	250707	买盘
09:47:48	5.76	-0.01	37	21312	卖盘
09:47:45	5.77	0.01	5	2885	买盘
09:47:42	5.76	0.01	21	12096	买盘
09:47:39	5.75	-0.01	55	31625	卖盘
09:47:36	5.76	--	20	11520	买盘
09:47:33	5.76	0.01	10	5760	买盘
09:47:27	5.75	-0.01	16	9200	卖盘
09:47:24	5.76	--	1	576	买盘
09:47:21	5.76	--	6	3456	买盘
09:47:18	5.76	--	7	4032	买盘
09:47:15	5.76	-0.02	434	249984	卖盘
09:47:12	5.78	--	20	11560	买盘
09:47:09	5.78	--	1	578	买盘
09:47:06	5.78	--	100	57800	买盘
09:46:54	5.78	0.02	108	62424	买盘
09:46:42	5.76	--	70	40320	买盘
09:46:39	5.76	0.01	25	14400	买盘
09:46:36	5.75	-0.01	24	13800	卖盘
09:46:30	5.76	0.01	2	1152	买盘
09:46:27	5.75	-0.01	40	23000	卖盘
09:46:24	5.76	0.01	30	17280	买盘
09:46:21	5.75	--	1	575	卖盘
09:46:15	5.75	--	4	2300	买盘
09:46:09	5.75	0.01	25	14375	买盘
09:46:03	5.74	--	34	19516	卖盘
09:46:00	5.74	-0.01	20	11480	卖盘
09:45:57	5.75	--	20	11500	买盘
09:45:54	5.75	0.01	50	28750	买盘
09:45:51	5.74	-0.01	169	97006	卖盘
09:45:45	5.75	0.01	21	12075	买盘
09:45:39	5.74	--	2	1148	卖盘
09:45:24	5.74	-0.01	21	12054	中性盘
09:45:15	5.75	0.01	1638	941850	买盘
09:45:12	5.74	0.01	4	2296	买盘
09:45:09	5.73	-0.02	5	2865	卖盘
09:45:06	5.75	0.01	1443	829725	买盘
09:45:00	5.74	--	35	20090	卖盘
09:44:57	5.74	--	2	1148	卖盘
09:44:51	5.74	--	37	21238	卖盘
09:44:48	5.74	--	105	60270	卖盘
09:44:42	5.74	--	10	5740	卖盘
09:44:36	5.74	--	24	13776	卖盘
09:44:33	5.74	--	28	16072	买盘
09:44:30	5.74	0.01	83	47642	买盘
09:44:27	5.73	-0.02	34	19482	卖盘
09:44:24	5.75	0.01	1347	774525	买盘
09:44:21	5.74	0.01	6	3444	买盘
09:44:15	5.73	--	57	32661	卖盘
09:44:12	5.73	-0.01	66	37818	卖盘
09:44:09	5.74	0.01	2	1148	买盘
09:44:06	5.73	-0.01	14	8022	卖盘
09:44:03	5.74	--	21	12054	买盘
09:44:00	5.74	--	57	32718	卖盘
09:43:57	5.74	--	31	17794	卖盘
09:43:51	5.74	--	33	18942	卖盘
09:43:48	5.74	--	35	20090	卖盘
09:43:45	5.74	--	9	5166	卖盘
09:43:42	5.74	--	42	24108	卖盘
09:43:39	5.74	--	22	12628	卖盘
09:43:36	5.74	--	17	9758	卖盘
09:43:33	5.74	--	8	4592	卖盘
09:43:30	5.74	--	20	11480	卖盘
09:43:27	5.74	--	53	30422	卖盘
09:43:24	5.74	--	6	3444	卖盘
09:43:21	5.74	--	18	10332	买盘
09:43:18	5.74	-0.01	19	10906	卖盘
09:43:09	5.75	0.02	1	575	买盘
09:43:06	5.73	--	41	23493	卖盘
09:43:03	5.73	-0.01	78	44694	卖盘
09:43:00	5.74	--	20	11480	买盘
09:42:57	5.74	0.01	53	30422	买盘
09:42:54	5.73	-0.01	210	120330	卖盘
09:42:45	5.74	0.01	5	2870	买盘
09:42:42	5.73	-0.01	106	60738	卖盘
09:42:39	5.74	--	60	34440	买盘
09:42:36	5.74	--	10	5740	买盘
09:42:27	5.74	0.01	2	1148	买盘
09:42:21	5.73	-0.01	13	7449	卖盘
09:42:15	5.74	-0.01	10	5740	卖盘
09:42:09	5.75	0.01	2	1150	买盘
09:42:06	5.74	--	9	5166	卖盘
09:42:03	5.74	-0.01	215	123410	卖盘
09:42:00	5.75	0.01	20	11500	买盘
09:41:51	5.74	--	1	574	卖盘
09:41:45	5.74	-0.01	30	17220	卖盘
09:41:42	5.75	--	25	14375	买盘
09:41:36	5.75	--	15	8625	买盘
09:41:33	5.75	0.01	37	21275	买盘
09:41:30	5.74	-0.01	665	381710	卖盘
09:41:24	5.75	--	10	5750	买盘
09:41:21	5.75	0.01	5	2875	买盘
09:41:18	5.74	-0.01	173	99302	卖盘
09:41:15	5.75	--	100	57500	买盘
09:41:09	5.75	0.01	1	575	买盘
09:41:06	5.74	--	71	40754	卖盘
09:41:03	5.74	-0.01	51	29274	卖盘
09:40:54	5.75	0.02	11	6325	买盘
09:40:51	5.73	-0.02	21	12033	卖盘
09:40:48	5.75	0.01	60	34500	买盘
09:40:45	5.74	--	37	21238	买盘
09:40:42	5.74	0.01	17	9758	买盘
09:40:39	5.73	-0.01	1	573	卖盘
09:40:36	5.74	0.01	35	20090	买盘
09:40:33	5.73	-0.01	9	5157	卖盘
09:40:30	5.74	--	6	3444	买盘
09:40:27	5.74	--	3	1722	买盘
09:40:24	5.74	0.01	2	1148	买盘
09:40:21	5.73	--	4	2292	卖盘
09:40:18	5.73	-0.01	18	10314	卖盘
09:40:15	5.74	--	204	117096	买盘
09:40:12	5.74	--	25	14350	买盘
09:40:09	5.74	0.01	251	144074	买盘
09:40:06	5.73	-0.01	113	64749	卖盘
09:40:03	5.74	0.01	9	5166	买盘
09:40:00	5.73	--	4	2292	卖盘
09:39:51	5.73	--	28	16044	卖盘
09:39:48	5.73	--	20	11460	卖盘
09:39:45	5.73	--	36	20628	卖盘
09:39:42	5.73	-0.01	104	59592	卖盘
09:39:39	5.74	0.01	18	10332	买盘
09:39:36	5.73	--	109	62457	卖盘
09:39:30	5.73	--	14	8022	卖盘
09:39:27	5.73	--	7	4011	卖盘
09:39:21	5.73	--	8	4584	卖盘
09:39:18	5.73	-0.01	5	2865	卖盘
09:39:15	5.74	0.01	20	11480	买盘
09:39:12	5.73	-0.01	39	22347	卖盘
09:39:09	5.74	0.01	58	33292	买盘
09:39:06	5.73	--	16	9168	卖盘
09:39:03	5.73	--	508	291084	卖盘
09:38:57	5.73	-0.01	23	13179	卖盘
09:38:54	5.74	0.01	9	5166	买盘
09:38:45	5.73	-0.01	41	23493	卖盘
09:38:42	5.74	-0.01	65	37310	中性盘
09:38:39	5.75	0.01	133	76475	买盘
09:38:36	5.74	--	22	12628	买盘
09:38:33	5.74	--	10	5740	买盘
09:38:30	5.74	--	77	44198	买盘
09:38:21	5.74	--	19	10906	买盘
09:38:18	5.74	--	8	4592	买盘
09:38:09	5.74	0.01	2	1148	买盘
09:38:06	5.73	-0.01	13	7449	卖盘
09:38:03	5.74	0.01	120	68880	买盘
09:37:54	5.73	--	7	4011	卖盘
09:37:51	5.73	-0.01	13	7449	卖盘
09:37:45	5.74	0.01	1	574	买盘
09:37:42	5.73	--	92	52716	卖盘
09:37:39	5.73	--	90	51570	卖盘
09:37:36	5.73	--	13	7449	卖盘
09:37:30	5.73	--	70	40110	卖盘
09:37:27	5.73	--	15	8595	卖盘
09:37:24	5.73	--	192	110016	卖盘
09:37:21	5.73	--	42	24066	卖盘
09:37:12	5.73	-0.01	221	126633	卖盘
09:37:09	5.74	--	1	574	买盘
09:37:06	5.74	--	2	1148	买盘
09:37:03	5.74	0.01	13	7462	买盘
09:37:00	5.73	-0.01	1	573	卖盘
09:36:51	5.74	--	20	11480	买盘
09:36:45	5.74	0.01	5	2870	买盘
09:36:39	5.73	--	258	147834	买盘
09:36:36	5.73	--	291	166743	买盘
09:36:30	5.73	--	27	15471	买盘
09:36:27	5.73	--	107	61311	卖盘
09:36:15	5.73	--	5	2865	买盘
09:36:12	5.73	-0.01	9	5157	卖盘
09:36:09	5.74	0.01	102	58548	买盘
09:36:06	5.73	-0.01	4	2292	卖盘
09:36:03	5.74	--	16	9184	买盘
09:36:00	5.74	0.01	140	80360	买盘
09:35:57	5.73	-0.01	54	30942	卖盘
09:35:48	5.74	0.03	50	28700	中性盘
09:35:42	5.71	-0.02	1065	608115	卖盘
09:35:39	5.73	--	92	52716	卖盘
09:35:33	5.73	-0.01	133	76209	卖盘
09:35:24	5.74	-0.01	5	2870	卖盘
09:35:21	5.75	0.02	96	55200	买盘
09:35:18	5.73	-0.01	360	206280	卖盘
09:35:15	5.74	--	10	5740	卖盘
09:35:12	5.74	-0.01	14	8036	卖盘
09:35:09	5.75	--	112	64400	买盘
09:35:06	5.75	--	20	11500	买盘
09:34:54	5.75	--	5	2875	买盘
09:34:51	5.75	0.02	5	2875	买盘
09:34:48	5.73	-0.02	1100	630300	卖盘
09:34:42	5.75	--	46	26450	买盘
09:34:36	5.75	0.01	2	1150	买盘
09:34:30	5.74	-0.01	15	8610	卖盘
09:34:21	5.75	0.01	10	5750	买盘
09:34:18	5.74	-0.01	9	5166	卖盘
09:34:15	5.75	0.01	12	6900	买盘
09:34:12	5.74	-0.01	31	17794	卖盘
09:34:09	5.75	--	27	15525	买盘
09:33:54	5.75	--	5	2875	买盘
09:33:45	5.75	0.01	10	5750	买盘
09:33:39	5.74	--	1	574	卖盘
09:33:36	5.74	-0.01	61	35014	卖盘
09:33:33	5.75	0.02	20	11500	买盘
09:33:30	5.73	-0.02	20	11460	卖盘
09:33:27	5.75	0.01	73	41975	买盘
09:33:24	5.74	--	300	172200	卖盘
09:33:21	5.74	-0.01	25	14350	卖盘
09:33:18	5.75	0.01	16	9200	买盘
09:33:12	5.74	-0.01	35	20090	卖盘
09:33:09	5.75	0.01	103	59225	买盘
09:33:03	5.74	-0.01	13	7462	卖盘
09:32:57	5.75	--	56	32200	卖盘
09:32:54	5.75	-0.01	5	2875	卖盘
09:32:51	5.76	0.01	2	1152	买盘
09:32:45	5.75	--	6	3450	卖盘
09:32:42	5.75	0.01	36	20700	买盘
09:32:39	5.74	-0.01	1	574	卖盘
09:32:36	5.75	0.01	36	20700	买盘
09:32:33	5.74	--	21	12054	卖盘
09:32:30	5.74	-0.01	39	22386	卖盘
09:32:24	5.75	--	18	10350	卖盘
09:32:21	5.75	-0.01	34	19550	卖盘
09:32:18	5.76	0.01	16	9216	买盘
09:32:15	5.75	--	12	6900	卖盘
09:32:12	5.75	-0.02	6	3450	卖盘
09:32:09	5.77	0.01	6	3461	买盘
09:32:03	5.76	-0.01	14	8064	卖盘
09:32:00	5.77	--	2	1154	买盘
09:31:54	5.77	--	242	139634	卖盘
09:31:51	5.77	--	5	2885	卖盘
09:31:48	5.77	--	5	2885	卖盘
09:31:42	5.77	-0.01	26	15001	卖盘
09:31:39	5.78	0.01	22	12716	买盘
09:31:30	5.77	-0.01	4	2308	卖盘
09:31:27	5.78	--	19	10982	买盘
09:31:21	5.78	--	10	5780	买盘
09:31:15	5.78	-0.01	48	27744	卖盘
09:31:09	5.79	0.01	26	15054	买盘
09:31:03	5.78	--	25	14450	卖盘
09:31:00	5.78	-0.01	99	57222	卖盘
09:30:57	5.79	--	44	25476	卖盘
09:30:54	5.79	0.01	101	58479	买盘
09:30:51	5.78	--	56	32368	卖盘
09:30:48	5.78	--	32	18496	卖盘
09:30:45	5.78	--	708	409224	卖盘
09:30:39	5.78	--	2	1156	卖盘
09:30:30	5.78	--	50	28900	卖盘
09:30:27	5.78	--	25	14450	卖盘
09:30:15	5.78	-0.01	516	298248	卖盘
09:30:12	5.79	--	2	1158	买盘
09:30:09	5.79	--	1	579	买盘
09:30:06	5.79	0.01	47	27213	中性盘
09:30:03	5.78	--	597	345066	卖盘
09:30:00	5.78	--	0	0	卖盘
09:25:03	5.78	5.78	694	401132	买盘
