成交时间	成交价	价格变动	成交量(手)	成交额(元)	性质
15:00:03	53.26	-0.04	47	250322	卖盘
14:57:03	53.3	--	0	0	中性盘
14:56:57	53.3	--	1	5330	卖盘
14:56:51	53.3	--	5	26650	卖盘
14:56:36	53.3	0.04	44	234520	买盘
14:56:30	53.26	--	1	5326	卖盘
14:56:27	53.26	--	6	31956	卖盘
14:56:24	53.26	-0.04	1	5326	卖盘
14:56:18	53.3	0.04	24	127920	买盘
14:56:00	53.26	--	1	5326	卖盘
14:55:51	53.26	--	7	37282	卖盘
14:55:45	53.26	--	2	10652	卖盘
14:55:42	53.26	--	4	21304	卖盘
14:55:33	53.26	-0.04	3	15978	卖盘
14:55:30	53.3	0.04	33	175890	买盘
14:55:27	53.26	0.01	10	53260	中性盘
14:54:36	53.25	--	2	10650	卖盘
14:54:33	53.25	--	1	5325	卖盘
14:54:18	53.25	-0.05	6	31950	卖盘
14:54:12	53.3	--	30	159900	买盘
14:54:00	53.3	0.04	5	26650	买盘
14:53:57	53.26	-0.04	3	15978	中性盘
14:53:42	53.3	0.01	3	15990	买盘
14:53:15	53.29	--	2	10658	卖盘
14:53:00	53.29	--	2	10658	卖盘
14:52:57	53.29	--	3	15987	卖盘
14:52:51	53.29	--	1	5329	买盘
14:52:33	53.29	--	9	47961	卖盘
14:52:24	53.29	--	2	10658	卖盘
14:52:21	53.29	--	2	10658	卖盘
14:52:18	53.29	--	20	106580	卖盘
14:52:12	53.29	--	10	53290	卖盘
14:52:03	53.29	0.04	38	202502	买盘
14:51:51	53.25	-0.04	31	165075	卖盘
14:51:33	53.29	--	5	26645	买盘
14:51:24	53.29	--	5	26645	卖盘
14:51:15	53.29	--	1	5329	卖盘
14:51:09	53.29	--	5	26645	卖盘
14:51:06	53.29	--	4	21316	卖盘
14:51:03	53.29	--	2	10658	卖盘
14:50:54	53.29	-0.01	3	15987	卖盘
14:50:45	53.3	-0.02	31	165230	卖盘
14:50:42	53.32	0.02	2	10664	买盘
14:50:36	53.3	--	3	15990	卖盘
14:50:33	53.3	--	3	15990	卖盘
14:50:27	53.3	--	3	15990	卖盘
14:50:12	53.3	-0.02	5	26650	卖盘
14:49:48	53.32	--	8	42656	卖盘
14:49:39	53.32	--	10	53320	卖盘
14:49:33	53.32	-0.01	5	26660	卖盘
14:49:30	53.33	0.01	35	186655	买盘
14:49:18	53.32	--	1	5332	买盘
14:49:12	53.32	--	2	10664	买盘
14:48:24	53.32	-0.01	3	15996	卖盘
14:48:18	53.33	0.01	5	26665	买盘
14:48:09	53.32	--	2	10664	卖盘
14:48:00	53.32	-0.06	20	106640	卖盘
14:47:27	53.38	--	1	5338	买盘
14:47:15	53.38	--	8	44999	卖盘
14:47:09	53.38	--	8	42704	卖盘
14:47:03	53.38	--	2	10676	卖盘
14:46:39	53.38	--	11	58718	卖盘
14:46:33	53.38	--	59	314942	卖盘
14:46:30	53.38	--	6	32028	卖盘
14:46:24	53.38	--	10	53380	卖盘
14:46:15	53.38	--	5	26690	卖盘
14:46:09	53.38	-0.01	1	5338	卖盘
14:46:00	53.39	-0.01	2	10678	卖盘
14:45:54	53.4	--	22	117480	买盘
14:45:33	53.4	-0.02	35	186900	卖盘
14:45:30	53.42	--	5	26710	卖盘
14:45:09	53.42	--	2	10684	卖盘
14:45:03	53.42	--	7	37394	买盘
14:44:57	53.42	0.02	11	58762	买盘
14:44:51	53.4	--	2	10680	卖盘
14:44:48	53.4	--	3	16020	卖盘
14:44:45	53.4	--	2	10680	卖盘
14:44:30	53.4	--	3	16020	买盘
14:44:24	53.4	0.02	5	26700	买盘
14:44:21	53.38	--	3	16014	卖盘
14:44:12	53.38	--	1	5338	卖盘
14:44:09	53.38	--	2	10676	卖盘
14:44:03	53.38	--	1	5338	卖盘
14:43:30	53.38	--	1	5338	卖盘
14:43:24	53.38	--	23	122774	卖盘
14:43:12	53.38	--	1	5338	卖盘
14:42:57	53.38	-0.02	4	21352	卖盘
14:42:54	53.4	--	19	101460	买盘
14:42:42	53.4	--	20	106800	买盘
14:42:30	53.4	--	25	133500	卖盘
14:42:21	53.4	-0.02	1	5340	卖盘
14:42:18	53.42	0.02	26	138892	买盘
14:42:15	53.4	--	10	53400	卖盘
14:42:09	53.4	-0.02	1	5340	卖盘
14:41:51	53.42	--	10	53420	买盘
14:41:42	53.42	--	3	16026	买盘
14:41:39	53.42	--	17	90814	卖盘
14:41:33	53.42	-0.06	3	16026	卖盘
14:41:24	53.48	0.06	18	96264	买盘
14:41:12	53.42	-0.01	1	5342	卖盘
14:41:09	53.43	--	1	5343	中性盘
14:40:57	53.43	--	1	5343	卖盘
14:40:51	53.43	0.01	1	5343	中性盘
14:40:12	53.42	-0.05	1	5342	卖盘
14:40:09	53.47	0.06	2	10694	买盘
14:39:45	53.41	--	1	5341	卖盘
14:39:27	53.41	0.01	1	5341	中性盘
14:39:12	53.4	--	1	5340	卖盘
14:39:09	53.4	-0.07	1	5340	卖盘
14:39:00	53.47	0.07	53	283391	买盘
14:38:51	53.4	--	1	5340	卖盘
14:38:12	53.4	-0.01	11	58740	卖盘
14:38:09	53.41	--	1	5341	卖盘
14:38:03	53.41	--	1	5341	卖盘
14:37:39	53.41	-0.06	1	5341	卖盘
14:37:33	53.47	0.06	25	133675	买盘
14:37:30	53.41	--	6	32045	卖盘
14:37:18	53.41	--	2	10682	卖盘
14:37:12	53.41	-0.06	12	64091	卖盘
14:37:00	53.47	0.04	3	16041	买盘
14:36:54	53.43	-0.04	4	21372	卖盘
14:36:33	53.47	0.04	2	10694	中性盘
14:36:12	53.43	--	1	5343	卖盘
14:36:09	53.43	--	3	16029	卖盘
14:35:57	53.43	-0.05	2	10686	卖盘
14:35:33	53.48	0.05	3	16043	买盘
14:35:21	53.43	-0.04	21	112203	卖盘
14:35:15	53.47	--	10	53470	卖盘
14:35:12	53.47	--	1	5347	卖盘
14:35:09	53.47	--	1	5347	卖盘
14:35:06	53.47	--	4	21388	卖盘
14:34:51	53.47	-0.01	1	5347	卖盘
14:34:36	53.48	0.01	2	10696	买盘
14:34:30	53.47	--	2	10694	卖盘
14:34:27	53.47	--	6	32082	卖盘
14:34:18	53.47	-0.01	1	5347	卖盘
14:34:15	53.48	0.01	5	26740	买盘
14:34:09	53.47	--	1	5347	卖盘
14:34:06	53.47	0.01	5	26735	买盘
14:33:54	53.46	0.03	5	26730	买盘
14:33:48	53.43	--	1	5343	买盘
14:33:27	53.43	0.02	1	5343	买盘
14:33:15	53.41	0.01	7	37387	买盘
14:33:09	53.4	--	1	5340	卖盘
14:33:06	53.4	0.02	1	5340	中性盘
14:32:57	53.38	-0.02	30	160140	卖盘
14:32:51	53.4	0.01	10	56443	买盘
14:32:42	53.39	-0.01	1	5339	中性盘
14:32:39	53.4	--	10	53400	买盘
14:32:27	53.4	0.02	155	827700	买盘
14:32:09	53.38	-0.02	1	5338	卖盘
14:32:06	53.4	-0.01	2	10680	卖盘
14:32:00	53.41	0.01	3	16022	买盘
14:31:57	53.4	0.02	1	5340	中性盘
14:31:21	53.38	-0.03	10	53380	卖盘
14:31:12	53.41	0.03	8	42728	买盘
14:31:09	53.38	-0.01	1	5338	卖盘
14:31:06	53.39	--	1	5339	卖盘
14:30:57	53.39	--	9	48051	买盘
14:30:51	53.39	-0.02	1	5339	中性盘
14:30:30	53.41	0.09	3	16022	买盘
14:30:12	53.32	--	1	5332	卖盘
14:30:09	53.32	-0.06	1	5332	卖盘
14:29:51	53.38	--	4	21352	买盘
14:29:42	53.38	--	2	10676	卖盘
14:29:36	53.38	--	4	21352	卖盘
14:29:24	53.38	--	1	5338	卖盘
14:29:12	53.38	--	1	5338	卖盘
14:29:06	53.38	-0.02	7	37366	卖盘
14:28:45	53.4	0.09	1	5340	买盘
14:28:27	53.31	-0.09	1	5331	卖盘
14:28:24	53.4	0.02	10	53400	买盘
14:28:21	53.38	-0.02	10	53380	卖盘
14:28:18	53.4	0.02	1	5340	买盘
14:28:12	53.38	--	1	5338	卖盘
14:28:09	53.38	-0.02	1	5338	卖盘
14:28:03	53.4	--	1	5340	卖盘
14:27:57	53.4	--	4	21360	卖盘
14:27:51	53.4	--	30	160200	卖盘
14:27:24	53.4	--	2	10680	卖盘
14:27:09	53.4	-0.06	1	5340	卖盘
14:27:00	53.46	-0.02	20	106920	卖盘
14:26:54	53.48	0.02	3	16043	买盘
14:26:45	53.46	--	5	26730	卖盘
14:26:42	53.46	-0.02	1	5346	卖盘
14:26:27	53.48	0.02	3	16043	买盘
14:26:12	53.46	-0.04	3	16038	中性盘
14:25:45	53.5	0.09	10	53500	买盘
14:25:39	53.41	-0.09	5	26705	中性盘
14:25:30	53.5	0.05	2	10700	买盘
14:25:24	53.45	-0.05	1	5345	中性盘
14:25:18	53.5	0.06	48	256800	买盘
14:25:12	53.44	-0.06	2	10688	卖盘
14:25:09	53.5	0.06	31	165850	买盘
14:25:06	53.44	--	67	358048	买盘
14:25:03	53.44	--	31	165664	买盘
14:25:00	53.44	--	9	48096	买盘
14:24:51	53.44	0.04	10	53440	买盘
14:24:45	53.4	0.01	5	26700	买盘
14:24:33	53.39	0.01	14	74746	买盘
14:24:30	53.38	0.03	53	282914	买盘
14:24:24	53.35	0.01	1	5335	买盘
14:24:21	53.34	--	3	16002	卖盘
14:24:18	53.34	--	12	64008	卖盘
14:24:12	53.34	0.04	35	186690	买盘
14:24:09	53.3	-0.01	1	5330	卖盘
14:24:00	53.31	0.01	1	5331	买盘
14:23:45	53.3	--	2	10660	卖盘
14:23:33	53.3	0.01	1	5330	买盘
14:23:24	53.29	-0.01	1	5329	卖盘
14:23:21	53.3	0.01	2	10660	买盘
14:23:18	53.29	--	2	10658	卖盘
14:23:12	53.29	--	1	5329	卖盘
14:23:06	53.29	--	2	10658	卖盘
14:23:03	53.29	--	1	5329	卖盘
14:22:45	53.29	0.03	12	63948	买盘
14:22:42	53.26	-0.03	55	292930	卖盘
14:22:39	53.29	--	1	5329	买盘
14:22:24	53.29	--	2	10658	卖盘
14:22:18	53.29	--	2	10658	卖盘
14:22:12	53.29	--	1	5329	卖盘
14:22:06	53.29	--	5	26645	买盘
14:21:42	53.29	-0.01	6	31974	卖盘
14:21:33	53.3	0.01	53	282490	买盘
14:21:18	53.29	--	2	10658	卖盘
14:21:15	53.29	0.03	5	26645	买盘
14:21:12	53.26	--	1	5326	卖盘
14:21:06	53.26	-0.04	1	5326	卖盘
14:20:54	53.3	--	6	31980	买盘
14:20:48	53.3	0.01	11	58630	买盘
14:20:24	53.29	0.03	2	10658	买盘
14:20:18	53.26	-0.03	2	10652	中性盘
14:20:12	53.29	0.04	2	10658	买盘
14:19:51	53.25	-0.03	4	21300	卖盘
14:19:42	53.28	0.03	7	37296	买盘
14:19:18	53.25	--	2	10650	卖盘
14:19:12	53.25	--	1	5325	卖盘
14:19:06	53.25	--	1	5325	卖盘
14:19:00	53.25	--	5	26625	卖盘
14:18:42	53.25	--	2	10650	卖盘
14:18:39	53.25	-0.03	1	5325	卖盘
14:18:36	53.28	0.03	20	106560	买盘
14:18:18	53.25	--	2	10650	卖盘
14:18:12	53.25	--	1	5325	卖盘
14:18:09	53.25	-0.03	21	111825	卖盘
14:17:54	53.28	--	15	79920	买盘
14:17:51	53.28	--	2	10656	卖盘
14:17:42	53.28	--	14	74592	卖盘
14:17:33	53.28	--	4	21312	买盘
14:17:24	53.28	--	16	85248	卖盘
14:17:18	53.28	--	2	10656	卖盘
14:17:15	53.28	0.03	2	10656	买盘
14:17:06	53.25	-0.05	1	5325	中性盘
14:16:57	53.3	0.01	22	117260	买盘
14:16:45	53.29	--	28	149212	买盘
14:16:24	53.29	0.01	20	106580	买盘
14:16:15	53.28	0.08	20	106560	中性盘
14:16:09	53.2	-0.05	20	106400	卖盘
14:16:06	53.25	--	1	5325	卖盘
14:16:00	53.25	--	2	10650	卖盘
14:15:45	53.25	--	23	122475	卖盘
14:15:36	53.25	--	1	5325	卖盘
14:15:18	53.25	-0.04	1	5325	卖盘
14:15:12	53.29	--	11	58619	买盘
14:14:51	53.29	0.01	1	5329	买盘
14:14:36	53.28	--	2	10656	中性盘
14:14:27	53.28	0.03	1	5328	买盘
14:14:12	53.25	--	1	5325	卖盘
14:14:06	53.25	--	1	5325	卖盘
14:14:03	53.25	0.05	64	340800	买盘
14:14:00	53.2	-0.01	1	5320	中性盘
14:13:12	53.21	0.01	3	15963	买盘
14:13:06	53.2	--	1	5320	卖盘
14:13:00	53.2	0.01	2	10640	买盘
14:12:39	53.19	--	1	5319	卖盘
14:12:36	53.19	--	1	5319	卖盘
14:12:33	53.19	--	1	5319	卖盘
14:12:24	53.19	0.01	2	10638	买盘
14:12:18	53.18	--	12	63816	卖盘
14:12:06	53.18	-0.01	3	15954	卖盘
14:11:42	53.19	0.01	1	5319	买盘
14:11:12	53.18	--	1	5318	卖盘
14:11:09	53.18	--	3	15954	卖盘
14:10:54	53.18	-0.03	4	21272	卖盘
14:10:09	53.21	--	2	10642	卖盘
14:10:06	53.21	--	1	5321	卖盘
14:10:03	53.21	0.03	1	5321	中性盘
14:09:06	53.18	-0.06	1	5318	卖盘
14:08:45	53.24	0.06	3	15972	买盘
14:08:42	53.18	--	63	336895	卖盘
14:08:18	53.18	-0.02	3	15954	卖盘
14:07:54	53.2	0.05	3	15960	中性盘
14:07:33	53.15	-0.1	5	26575	中性盘
14:07:18	53.25	0.11	2	10650	买盘
14:07:12	53.14	--	1	5314	卖盘
14:07:06	53.14	-0.1	1	5314	卖盘
14:06:54	53.24	-0.01	1	5324	中性盘
14:06:27	53.25	0.01	10	53250	买盘
14:06:15	53.24	0.1	20	106480	买盘
14:06:12	53.14	-0.1	1	5314	卖盘
14:05:57	53.24	-0.01	3	15972	中性盘
14:05:18	53.25	--	7	37275	卖盘
14:05:06	53.25	-0.04	1	5325	卖盘
14:05:00	53.29	0.04	3	15987	买盘
14:04:54	53.25	--	1	5325	卖盘
14:04:36	53.25	-0.05	1	5325	中性盘
14:04:24	53.3	0.1	4	21320	买盘
14:04:06	53.2	-0.1	4	21280	卖盘
14:03:57	53.3	0.05	30	159900	买盘
14:03:48	53.25	--	1	5325	买盘
14:03:45	53.25	0.05	4	21300	买盘
14:03:33	53.2	0.06	11	58520	买盘
14:03:27	53.14	--	2	10628	买盘
14:03:21	53.14	--	4	21256	买盘
14:03:15	53.14	-0.03	14	74396	卖盘
14:03:12	53.17	--	1	5317	卖盘
14:03:09	53.17	--	1	5317	买盘
14:03:03	53.17	0.03	2	10634	中性盘
14:02:42	53.14	-0.03	6	31884	卖盘
14:02:36	53.17	--	15	79755	卖盘
14:02:30	53.17	--	3	15951	卖盘
14:02:27	53.17	--	7	37219	买盘
14:02:15	53.17	0.03	20	106340	买盘
14:02:06	53.14	0.01	1	5314	卖盘
14:02:03	53.13	-0.04	4	21252	卖盘
14:02:00	53.17	0.07	100	531700	买盘
14:01:30	53.1	--	5	26550	卖盘
14:01:06	53.1	--	1	5310	卖盘
14:00:48	53.1	0.01	36	191160	买盘
14:00:18	53.09	0.01	3	15927	买盘
13:59:54	53.08	0.07	2	10616	买盘
13:59:33	53.01	--	1	5301	买盘
13:59:21	53.01	-0.01	18	95418	卖盘
13:59:15	53.02	0.01	16	84832	买盘
13:59:12	53.01	-0.01	2	10602	卖盘
13:59:09	53.02	--	6	31812	买盘
13:59:06	53.02	0.01	8	42416	买盘
13:58:57	53.01	0.01	4	21204	中性盘
13:58:36	53.0	-0.04	61	323300	卖盘
13:58:12	53.04	--	1	5304	卖盘
13:58:06	53.04	0.02	2	10608	买盘
13:57:45	53.02	0.01	1	5302	买盘
13:57:42	53.01	0.01	1	5301	中性盘
13:57:21	53.0	--	1	5300	卖盘
13:57:12	53.0	-0.04	1	5300	卖盘
13:57:00	53.04	0.04	3	15912	买盘
13:56:57	53.0	--	3	15900	卖盘
13:56:54	53.0	--	1	5300	卖盘
13:56:21	53.0	--	5	26500	卖盘
13:56:15	53.0	-0.09	3	15900	卖盘
13:55:54	53.09	0.09	1	5309	买盘
13:55:51	53.0	-0.1	9	47700	卖盘
13:55:36	53.1	0.06	3	15930	买盘
13:55:33	53.04	--	5	26520	卖盘
13:55:12	53.04	--	1	5304	卖盘
13:55:09	53.04	-0.06	3	15912	卖盘
13:54:54	53.1	0.06	3	15930	买盘
13:54:51	53.04	-0.06	80	424320	卖盘
13:54:45	53.1	--	1	5310	卖盘
13:54:12	53.1	-0.06	1	5310	卖盘
13:54:09	53.16	0.07	3	15947	中性盘
13:53:27	53.09	-0.08	40	212360	卖盘
13:53:21	53.17	0.07	3	15951	买盘
13:53:12	53.1	0.01	1	5310	中性盘
13:52:45	53.09	-0.07	20	106180	卖盘
13:52:42	53.16	0.07	5	26580	买盘
13:52:27	53.09	--	3	15927	卖盘
13:52:21	53.09	--	5	26545	卖盘
13:52:12	53.09	--	1	5309	卖盘
13:52:00	53.09	-0.03	5	26545	卖盘
13:51:57	53.12	0.03	3	15936	买盘
13:51:45	53.09	--	1	5309	卖盘
13:51:33	53.09	--	1	5309	卖盘
13:51:27	53.09	--	30	159270	卖盘
13:51:09	53.09	-0.01	20	106180	卖盘
13:51:06	53.1	0.01	2	10620	买盘
13:50:54	53.09	-0.01	1	5309	卖盘
13:50:48	53.1	--	1	5310	买盘
13:50:27	53.1	--	17	90270	卖盘
13:50:21	53.1	--	3	15930	卖盘
13:50:18	53.1	--	28	148680	卖盘
13:50:15	53.1	--	6	31860	卖盘
13:50:12	53.1	--	11	58410	卖盘
13:50:06	53.1	--	20	106200	卖盘
13:50:00	53.1	--	1	5310	卖盘
13:49:45	53.1	-0.07	29	153990	卖盘
13:49:33	53.17	--	3	15951	卖盘
13:49:30	53.17	-0.03	2	10634	卖盘
13:49:12	53.2	--	5	26600	买盘
13:49:03	53.2	0.03	5	26600	买盘
13:48:57	53.17	--	1	5317	卖盘
13:48:51	53.17	--	3	15951	卖盘
13:48:45	53.17	--	1	5317	卖盘
13:48:27	53.17	--	6	31902	卖盘
13:48:15	53.17	0.02	37	196729	买盘
13:48:12	53.15	-0.01	4	21260	买盘
13:48:09	53.16	--	1	5316	卖盘
13:47:54	53.16	--	7	37212	买盘
13:47:18	53.16	--	3	15947	买盘
13:46:48	53.16	0.05	10	53160	买盘
13:46:39	53.11	--	1	5311	买盘
13:46:33	53.11	0.01	3	15933	买盘
13:46:27	53.1	--	10	53100	卖盘
13:46:12	53.1	--	2	10620	卖盘
13:45:54	53.1	--	8	42480	买盘
13:45:51	53.1	0.01	3	15930	买盘
13:45:36	53.09	--	7	37163	买盘
13:45:27	53.09	--	2	10618	买盘
13:45:12	53.09	--	4	21236	买盘
13:45:09	53.09	--	7	37163	买盘
13:44:21	53.09	--	3	15927	买盘
13:44:09	53.09	--	3	15927	卖盘
13:43:48	53.09	--	9	47781	买盘
13:43:24	53.09	--	3	15927	买盘
13:42:33	53.09	0.02	1	5309	买盘
13:41:36	53.07	0.02	1	5307	买盘
13:41:33	53.05	--	2	10610	买盘
13:41:30	53.05	0.01	1	5305	中性盘
13:41:27	53.04	-0.01	20	106080	卖盘
13:41:09	53.05	-0.02	2	10610	中性盘
13:41:03	53.07	0.02	3	15921	买盘
13:40:51	53.05	--	1	5305	卖盘
13:40:45	53.05	--	11	58355	卖盘
13:40:36	53.05	-0.02	2	10610	卖盘
13:40:33	53.07	--	20	106140	中性盘
13:40:03	53.07	--	5	26535	卖盘
13:40:00	53.07	--	1	5307	卖盘
13:39:54	53.07	0.02	1	5307	买盘
13:39:27	53.05	-0.05	20	106100	卖盘
13:39:09	53.1	0.05	2	10620	买盘
13:39:06	53.05	--	1	5305	卖盘
13:39:03	53.05	-0.03	4	21220	卖盘
13:38:39	53.08	--	9	47772	买盘
13:38:09	53.08	--	11	58388	卖盘
13:38:03	53.08	--	10	53080	卖盘
13:37:54	53.08	--	4	21232	卖盘
13:37:30	53.08	--	1	5308	卖盘
13:37:15	53.08	-0.02	205	1088140	卖盘
13:36:00	53.1	-0.03	50	265500	卖盘
13:35:57	53.13	--	1	5313	卖盘
13:35:54	53.13	--	9	47817	买盘
13:35:42	53.13	--	1	5313	买盘
13:35:39	53.13	--	4	21252	中性盘
13:35:15	53.13	0.02	1	5313	买盘
13:35:12	53.11	--	1	5311	卖盘
13:34:57	53.11	-0.05	1	5311	卖盘
13:34:45	53.16	0.05	3	15947	买盘
13:34:27	53.11	-0.02	40	212440	卖盘
13:34:21	53.13	--	6	31878	买盘
13:34:00	53.13	--	3	15939	买盘
13:33:54	53.13	0.01	3	15939	买盘
13:33:42	53.12	0.01	1	5312	买盘
13:33:27	53.11	--	13	69043	买盘
13:33:12	53.11	--	3	15933	买盘
13:33:09	53.11	-0.02	16	84976	卖盘
13:32:57	53.13	--	4	21252	买盘
13:32:45	53.13	--	3	15939	买盘
13:32:42	53.13	--	4	21252	买盘
13:32:30	53.13	--	5	26565	卖盘
13:32:03	53.13	-0.02	20	106260	卖盘
13:31:33	53.15	--	1	5315	卖盘
13:31:09	53.15	--	6	31890	卖盘
13:31:03	53.15	--	1	5315	卖盘
13:30:54	53.15	-0.02	2	10630	卖盘
13:30:39	53.17	--	1	5317	买盘
13:30:27	53.17	--	14	74438	卖盘
13:29:51	53.17	--	2	10634	卖盘
13:29:45	53.17	--	17	90389	买盘
13:29:42	53.17	--	1	5317	买盘
13:29:33	53.17	-0.03	2	10634	卖盘
13:29:21	53.2	--	3	15960	卖盘
13:29:12	53.2	--	1	5320	卖盘
13:28:48	53.2	-0.02	20	106400	卖盘
13:28:39	53.22	0.02	3	15966	买盘
13:28:15	53.2	--	6	31920	买盘
13:27:30	53.2	0.04	38	202160	买盘
13:27:15	53.16	--	2	10632	买盘
13:27:12	53.16	--	3	15947	买盘
13:27:06	53.16	--	6	31895	买盘
13:27:03	53.16	--	4	21264	买盘
13:26:54	53.16	0.01	80	425280	买盘
13:26:42	53.15	--	2	10630	买盘
13:26:30	53.15	--	7	37205	买盘
13:26:15	53.15	0.04	3	15945	买盘
13:26:06	53.11	-0.02	4	21244	卖盘
13:26:03	53.13	--	10	53130	卖盘
13:25:48	53.13	--	41	217833	卖盘
13:25:42	53.13	--	2	10626	卖盘
13:25:39	53.13	--	2	10626	卖盘
13:25:36	53.13	--	4	21252	买盘
13:25:18	53.13	--	3	15939	买盘
13:25:09	53.13	-0.02	4	21252	卖盘
13:25:06	53.15	--	2	10630	买盘
13:24:48	53.15	--	3	15945	买盘
13:24:39	53.15	--	9	47835	卖盘
13:24:30	53.15	--	1	5315	卖盘
13:24:27	53.15	-0.01	4	21260	卖盘
13:24:15	53.16	--	3	15947	买盘
13:24:09	53.16	-0.06	1	5316	卖盘
13:24:00	53.22	0.06	3	15966	买盘
13:23:30	53.16	-0.14	1	5316	中性盘
13:23:03	53.3	--	8	42640	买盘
13:23:00	53.3	--	4	21320	买盘
13:22:54	53.3	-0.07	124	660920	卖盘
13:22:36	53.37	0.05	1	5337	买盘
13:22:30	53.32	--	2	10664	买盘
13:22:24	53.32	-0.05	8	42656	中性盘
13:22:03	53.37	0.05	11	58707	中性盘
13:21:39	53.32	-0.03	3	15996	卖盘
13:21:36	53.35	0.03	7	37345	买盘
13:21:33	53.32	--	1	5332	卖盘
13:21:30	53.32	0.01	2	10664	买盘
13:21:18	53.31	0.01	1	5331	中性盘
13:21:03	53.3	--	1	5330	卖盘
13:20:42	53.3	--	1	5330	卖盘
13:20:33	53.3	0.17	40	213200	买盘
13:20:24	53.13	-0.14	10	53130	卖盘
13:20:12	53.27	-0.02	5	26635	卖盘
13:20:00	53.29	-0.01	13	69277	卖盘
13:19:51	53.3	0.01	8	42640	买盘
13:19:39	53.29	0.02	6	31974	买盘
13:19:36	53.27	-0.02	20	106540	卖盘
13:19:27	53.29	--	2	10658	买盘
13:19:24	53.29	--	2	10658	卖盘
13:19:09	53.29	--	1	5329	卖盘
13:18:39	53.29	--	17	90593	买盘
13:18:36	53.29	0.01	3	15987	买盘
13:18:27	53.28	--	6	31968	卖盘
13:18:18	53.28	--	5	26640	卖盘
13:18:06	53.28	--	1	5328	卖盘
13:17:48	53.28	--	9	47952	卖盘
13:17:42	53.28	0.01	18	95904	买盘
13:17:39	53.27	--	4	21308	卖盘
13:17:36	53.27	--	1	5327	卖盘
13:17:33	53.27	--	5	26635	卖盘
13:17:24	53.27	--	3	15981	卖盘
13:17:21	53.27	--	20	106540	卖盘
13:17:15	53.27	-0.01	1	5327	卖盘
13:17:03	53.28	0.01	9	47952	买盘
13:16:54	53.27	--	1	5327	卖盘
13:16:36	53.27	0.09	19	101213	买盘
13:16:27	53.18	--	2	10636	卖盘
13:16:21	53.18	0.06	2	10636	中性盘
13:15:45	53.12	--	2	10624	卖盘
13:15:33	53.12	--	7	37184	卖盘
13:15:30	53.12	-0.08	5	26560	卖盘
13:15:18	53.2	--	1	5320	中性盘
13:15:03	53.2	-0.08	17	90440	卖盘
13:14:42	53.28	0.01	1	5328	买盘
13:14:27	53.27	0.05	5	26635	买盘
13:14:24	53.22	--	5	26610	卖盘
13:14:12	53.22	--	8	42576	卖盘
13:14:03	53.22	--	5	26610	卖盘
13:14:00	53.22	0.01	3	15966	买盘
13:13:36	53.21	-0.01	1	5321	卖盘
13:13:24	53.22	-0.01	4	21288	卖盘
13:13:15	53.23	0.01	1	5323	中性盘
13:12:57	53.22	-0.07	1	5322	卖盘
13:12:42	53.29	-0.01	3	15987	卖盘
13:12:36	53.3	0.01	3	15990	买盘
13:12:30	53.29	-0.01	7	37303	买盘
13:11:24	53.3	0.01	16	85280	买盘
13:11:18	53.29	--	5	26645	买盘
13:10:33	53.29	--	1	5329	卖盘
13:10:18	53.29	--	5	26645	卖盘
13:10:12	53.29	0.08	11	58619	买盘
13:09:42	53.21	--	4	21284	卖盘
13:09:33	53.21	0.01	1	5321	中性盘
13:09:18	53.2	-0.01	3	15960	卖盘
13:09:15	53.21	0.01	2	10642	买盘
13:09:09	53.2	--	2	10640	卖盘
13:08:48	53.2	--	0	3351	买盘
13:08:36	53.2	0.1	10	53200	买盘
13:07:42	53.1	-0.1	1	5310	卖盘
13:07:36	53.2	0.1	1	5320	买盘
13:07:15	53.1	0.02	1	5310	中性盘
13:07:06	53.08	0.02	1	5308	中性盘
13:06:48	53.06	--	2	10612	买盘
13:06:45	53.06	-0.04	4	21224	卖盘
13:06:24	53.1	--	3	15930	买盘
13:05:45	53.1	0.05	15	79650	买盘
13:05:36	53.05	-0.05	5	26525	中性盘
13:05:00	53.1	-0.1	3	15930	卖盘
13:04:21	53.2	-0.01	119	635048	卖盘
13:03:57	53.21	-0.07	1	5321	卖盘
13:03:45	53.28	--	5	26640	卖盘
13:03:39	53.28	--	15	79920	卖盘
13:03:36	53.28	-0.01	17	90576	卖盘
13:03:09	53.29	0.01	1	5329	买盘
13:03:06	53.28	-0.01	2	10656	卖盘
13:02:48	53.29	--	1	5329	买盘
13:02:42	53.29	0.01	5	26645	买盘
13:02:27	53.28	--	2	10656	卖盘
13:02:21	53.28	0.08	21	111888	买盘
13:01:57	53.2	--	3	15960	卖盘
13:01:33	53.2	-0.09	1	5320	卖盘
13:01:12	53.29	0.01	5	26645	买盘
13:00:54	53.28	--	6	31968	买盘
13:00:33	53.28	0.01	3	15984	买盘
13:00:15	53.27	0.07	3	15981	买盘
13:00:12	53.2	--	25	133000	卖盘
13:00:09	53.2	-0.07	73	388360	卖盘
13:00:06	53.27	0.07	14	74578	买盘
13:00:03	53.2	--	0	0	卖盘
11:30:03	53.2	--	0	0	卖盘
11:29:54	53.2	--	26	138320	卖盘
11:29:27	53.2	-0.07	0	3351	卖盘
11:29:21	53.27	0.07	3	15981	买盘
11:29:12	53.2	-0.07	10	53200	卖盘
11:29:09	53.27	0.06	3	15981	买盘
11:29:00	53.21	-0.01	10	53210	卖盘
11:28:45	53.22	--	5	26610	卖盘
11:28:24	53.22	--	3	15966	卖盘
11:27:54	53.22	-0.06	2	10644	卖盘
11:27:51	53.28	0.07	1	5328	买盘
11:27:24	53.21	0.01	8	42568	中性盘
11:27:15	53.2	--	1	5320	卖盘
11:27:00	53.2	-0.09	2	10640	卖盘
11:26:57	53.29	0.09	21	111909	买盘
11:26:27	53.2	0.1	14	74480	买盘
11:26:00	53.1	--	4	21240	卖盘
11:25:51	53.1	-0.1	1	5310	卖盘
11:25:45	53.2	0.1	1	5320	买盘
11:25:36	53.1	-0.1	3	15930	卖盘
11:25:27	53.2	0.09	21	111720	买盘
11:25:24	53.11	0.01	1	5311	买盘
11:25:21	53.1	0.1	18	95580	买盘
11:25:15	53.0	--	1	5300	卖盘
11:24:57	53.0	-0.12	4	21200	卖盘
11:24:12	53.12	--	61	324032	卖盘
11:24:06	53.12	--	4	21248	卖盘
11:24:00	53.12	--	4	21248	卖盘
11:23:57	53.12	-0.03	8	42496	卖盘
11:23:54	53.15	0.03	1	5315	中性盘
11:23:42	53.12	-0.08	15	79680	卖盘
11:23:39	53.2	0.08	10	53200	买盘
11:23:33	53.12	-0.08	5	26560	卖盘
11:23:18	53.2	--	1	5320	中性盘
11:23:00	53.2	--	9	47880	买盘
11:22:57	53.2	0.08	1	5320	中性盘
11:22:48	53.12	--	1	5312	卖盘
11:22:45	53.12	-0.18	1	5312	卖盘
11:22:36	53.3	0.18	10	53300	买盘
11:22:33	53.12	-0.08	20	106240	卖盘
11:22:27	53.2	0.08	10	53200	买盘
11:22:12	53.12	--	2	10624	卖盘
11:22:09	53.12	0.02	3	15936	买盘
11:22:00	53.1	-0.02	1	5310	中性盘
11:21:42	53.12	-0.08	1	5312	买盘
11:21:33	53.2	0.22	50	266000	买盘
11:21:18	52.98	--	5	26490	买盘
11:20:42	52.98	0.09	67	354966	买盘
11:20:36	52.89	--	1	5289	买盘
11:20:18	52.89	0.04	3	15867	买盘
11:20:06	52.85	--	4	21140	卖盘
11:19:51	52.85	0.01	1	5285	卖盘
11:19:45	52.84	0.02	2	10568	买盘
11:19:30	52.82	0.02	1	5282	买盘
11:19:18	52.8	--	19	105494	买盘
11:18:30	52.8	0.06	30	158400	买盘
11:18:27	52.74	--	27	142398	卖盘
11:18:18	52.74	-0.02	3	15822	卖盘
11:18:12	52.76	-0.02	5	26380	卖盘
11:18:09	52.78	--	1	5278	买盘
11:18:06	52.78	0.02	3	15834	买盘
11:18:03	52.76	--	1	5276	卖盘
11:17:48	52.76	-0.02	5	26380	卖盘
11:17:45	52.78	0.02	3	15834	买盘
11:17:27	52.76	-0.02	5	26380	中性盘
11:17:06	52.78	--	4	21112	买盘
11:16:39	52.78	0.03	10	52780	买盘
11:16:21	52.75	0.01	8	42200	买盘
11:15:57	52.74	--	28	147672	买盘
11:15:48	52.74	--	8	42192	买盘
11:15:36	52.74	0.02	20	105480	买盘
11:15:15	52.72	--	1	5272	卖盘
11:14:57	52.72	-0.02	2	10544	卖盘
11:14:42	52.74	--	2	10548	买盘
11:14:39	52.74	--	1	5274	卖盘
11:14:15	52.74	0.02	6	31644	买盘
11:13:42	52.72	--	20	105440	卖盘
11:13:15	52.72	--	1	5272	卖盘
11:13:12	52.72	--	2	10544	卖盘
11:13:06	52.72	-0.02	1	5272	卖盘
11:12:51	52.74	0.02	7	36918	买盘
11:12:36	52.72	0.04	17	90098	买盘
11:12:30	52.68	0.08	3	15804	买盘
11:12:21	52.6	-0.08	16	84160	卖盘
11:12:18	52.68	0.06	3	15804	买盘
11:12:00	52.62	0.01	6	31572	中性盘
11:11:15	52.61	--	1	5261	卖盘
11:10:48	52.61	-0.02	4	21044	买盘
11:10:18	52.63	-0.09	7	36841	卖盘
11:10:09	52.72	0.12	1	5272	买盘
11:10:06	52.6	-0.04	4	21040	卖盘
11:09:51	52.64	--	10	52640	卖盘
11:09:15	52.64	--	1	5264	卖盘
11:09:03	52.64	0.01	3	15792	买盘
11:08:57	52.63	--	18	94734	卖盘
11:08:45	52.63	--	2	10526	买盘
11:08:42	52.63	--	10	52630	买盘
11:08:33	52.63	--	2	10526	买盘
11:08:27	52.63	-0.01	24	126312	卖盘
11:08:18	52.64	-0.04	20	105280	买盘
11:08:03	52.68	-0.03	41	215988	卖盘
11:07:51	52.71	0.01	5	26355	买盘
11:07:48	52.7	-0.01	12	63240	卖盘
11:07:42	52.71	0.01	2	10542	买盘
11:07:33	52.7	--	1	5270	卖盘
11:07:18	52.7	-0.01	2	10540	卖盘
11:06:51	52.71	--	2	10542	买盘
11:06:42	52.71	-0.04	4	21084	卖盘
11:06:12	52.75	--	5	26375	买盘
11:05:57	52.75	--	4	21100	买盘
11:05:48	52.75	--	10	52750	卖盘
11:05:42	52.75	--	5	26375	卖盘
11:05:33	52.75	--	1	5275	买盘
11:05:18	52.75	-0.03	1	5275	中性盘
11:05:09	52.78	--	100	527800	买盘
11:03:57	52.78	0.02	20	105560	买盘
11:03:36	52.76	-0.02	1	5276	中性盘
11:03:00	52.78	--	4	21112	买盘
11:02:36	52.78	0.04	100	527800	买盘
11:02:30	52.74	--	1	5274	买盘
11:02:15	52.74	0.04	3	15822	买盘
11:02:00	52.7	0.01	5	26350	买盘
11:01:51	52.69	-0.01	1	5269	卖盘
11:01:39	52.7	--	2	10540	买盘
11:01:27	52.7	0.01	23	121210	买盘
11:01:15	52.69	--	1	5269	卖盘
11:01:00	52.69	--	16	84304	买盘
11:00:33	52.69	--	2	10538	买盘
11:00:18	52.69	--	2	10538	买盘
11:00:00	52.69	--	1	5269	买盘
10:59:39	52.69	0.01	3	15807	买盘
10:59:15	52.68	--	1	5268	卖盘
10:59:03	52.68	0.06	3	15804	中性盘
10:57:57	52.62	-0.01	2	10524	卖盘
10:57:54	52.63	0.01	2	10526	中性盘
10:57:15	52.62	--	1	5262	卖盘
10:57:03	52.62	-0.08	1	5262	卖盘
10:56:33	52.7	--	2	10540	买盘
10:56:18	52.7	--	1	5270	买盘
10:55:54	52.7	--	10	52700	买盘
10:55:33	52.7	0.09	5	26350	买盘
10:55:15	52.61	--	3	15783	卖盘
10:54:30	52.61	--	3	15783	卖盘
10:53:12	52.61	-0.09	1	5261	中性盘
10:52:27	52.7	0.12	3	15810	买盘
10:52:18	52.58	-0.12	11	57838	卖盘
10:52:06	52.7	--	34	179180	卖盘
10:51:33	52.7	0.01	29	152830	买盘
10:51:12	52.69	0.1	3	15807	买盘
10:50:39	52.59	-0.1	49	257691	卖盘
10:50:33	52.69	0.08	24	126456	买盘
10:50:18	52.61	0.03	2	10522	买盘
10:50:12	52.58	--	10	52790	买盘
10:50:06	52.58	--	1	5258	买盘
10:49:45	52.58	--	39	205062	卖盘
10:49:36	52.58	--	3	15774	卖盘
10:49:24	52.58	--	1	5258	买盘
10:49:15	52.58	--	2	10516	买盘
10:49:12	52.58	-0.03	22	115676	卖盘
10:48:57	52.61	0.02	100	526100	买盘
10:48:36	52.59	-0.01	2	10518	卖盘
10:48:18	52.6	-0.02	10	52600	卖盘
10:47:21	52.62	-0.08	2	10524	卖盘
10:47:15	52.7	--	7	36890	卖盘
10:47:12	52.7	--	3	15810	卖盘
10:47:09	52.7	--	2	10540	卖盘
10:46:57	52.7	-0.05	7	36890	卖盘
10:46:54	52.75	0.05	13	68575	买盘
10:46:48	52.7	--	10	52700	卖盘
10:46:39	52.7	--	1	5270	买盘
10:46:27	52.7	0.09	1	5270	买盘
10:46:21	52.61	-0.09	1	5261	卖盘
10:46:12	52.7	--	2	10540	买盘
10:46:03	52.7	--	1	5270	卖盘
10:45:57	52.7	--	11	57970	卖盘
10:45:54	52.7	--	3	15810	卖盘
10:45:51	52.7	--	1	5270	卖盘
10:45:33	52.7	--	5	26350	买盘
10:45:21	52.7	-0.07	1	5270	卖盘
10:45:18	52.77	0.07	5	26385	买盘
10:45:15	52.7	-0.07	1	5270	卖盘
10:45:09	52.77	0.07	5	26385	中性盘
10:44:51	52.7	-0.1	1	5270	卖盘
10:44:36	52.8	0.1	21	110880	买盘
10:44:27	52.7	0.09	1	5270	中性盘
10:44:21	52.61	-0.09	2	10522	卖盘
10:44:15	52.7	0.09	10	52700	买盘
10:44:12	52.61	-0.09	2	10522	卖盘
10:44:06	52.7	--	20	105400	中性盘
10:43:51	52.7	--	1	5270	卖盘
10:43:45	52.7	--	3	15810	买盘
10:43:42	52.7	-0.01	46	242420	买盘
10:43:27	52.71	0.09	1	5271	买盘
10:43:24	52.62	-0.08	2	10524	卖盘
10:43:18	52.7	--	12	63240	卖盘
10:43:15	52.7	--	1	5270	卖盘
10:43:12	52.7	0.08	23	121210	买盘
10:42:51	52.62	-0.06	16	84192	中性盘
10:42:36	52.68	0.07	1	5268	买盘
10:42:30	52.61	0.01	1	5261	中性盘
10:42:21	52.6	--	2	10520	卖盘
10:42:15	52.6	--	1	5260	卖盘
10:42:00	52.6	--	3	15780	卖盘
10:41:51	52.6	--	3	15780	卖盘
10:41:24	52.6	-0.07	5	26300	卖盘
10:41:21	52.67	0.07	3	15801	买盘
10:41:15	52.6	--	1	5260	卖盘
10:41:12	52.6	--	11	57860	卖盘
10:41:03	52.6	-0.07	2	10520	买盘
10:40:45	52.67	-0.03	1	5267	卖盘
10:40:42	52.7	0.03	10	52700	买盘
10:40:36	52.67	--	1	5267	卖盘
10:40:33	52.67	-0.03	5	26335	卖盘
10:40:30	52.7	0.03	23	121210	买盘
10:40:21	52.67	--	1	5267	卖盘
10:40:18	52.67	--	4	21068	买盘
10:39:57	52.67	0.08	10	52670	买盘
10:39:48	52.59	0.01	4	21036	买盘
10:39:39	52.58	--	1	5258	买盘
10:39:33	52.58	0.14	1	5258	买盘
10:39:27	52.44	-0.06	10	52440	卖盘
10:39:21	52.5	--	2	10500	买盘
10:39:12	52.5	0.02	2	10500	买盘
10:39:09	52.48	-0.02	8	41984	卖盘
10:39:06	52.5	0.05	72	378000	买盘
10:38:54	52.45	0.1	48	251760	买盘
10:38:42	52.35	-0.09	11	57585	卖盘
10:38:00	52.44	--	7	36708	买盘
10:37:54	52.44	-0.01	30	157320	卖盘
10:37:51	52.45	--	1	5245	买盘
10:37:39	52.45	--	1	5245	买盘
10:37:30	52.45	0.01	1	5245	买盘
10:37:15	52.44	--	3	15732	卖盘
10:37:12	52.44	--	1	5244	卖盘
10:36:42	52.44	--	8	41952	买盘
10:36:15	52.44	--	12	62928	卖盘
10:36:09	52.44	--	7	36708	卖盘
10:36:06	52.44	0.08	1	5244	买盘
10:36:03	52.36	-0.08	1	5236	卖盘
10:35:57	52.44	0.05	1	5244	买盘
10:35:54	52.39	-0.05	15	78585	卖盘
10:35:51	52.44	--	2	10488	买盘
10:35:36	52.44	-0.01	4	20976	中性盘
10:35:00	52.45	--	15	78675	买盘
10:34:57	52.45	0.06	16	83920	买盘
10:34:54	52.39	-0.06	30	157170	卖盘
10:34:39	52.45	--	3	15735	买盘
10:34:36	52.45	0.06	20	104900	买盘
10:34:33	52.39	--	2	10478	卖盘
10:34:27	52.39	-0.06	5	26195	卖盘
10:34:24	52.45	0.06	50	262250	买盘
10:34:21	52.39	--	1	5239	卖盘
10:33:54	52.39	--	2	10478	卖盘
10:33:48	52.39	--	1	5239	卖盘
10:33:18	52.39	0.01	6	31434	买盘
10:33:00	52.38	0.01	31	162378	买盘
10:32:42	52.37	0.01	3	15711	买盘
10:31:51	52.36	0.01	2	10472	买盘
10:31:15	52.35	0.04	99	518265	买盘
10:31:12	52.31	0.01	9	47079	买盘
10:31:06	52.3	--	3	15690	卖盘
10:31:03	52.3	--	2	10460	卖盘
10:30:48	52.3	--	4	20920	卖盘
10:30:36	52.3	--	3	15690	买盘
10:30:33	52.3	0.03	2	10460	买盘
10:30:30	52.27	-0.04	1	5227	中性盘
10:29:57	52.31	--	1	5231	买盘
10:29:06	52.31	-0.01	3	15693	中性盘
10:28:36	52.32	--	7	36624	买盘
10:28:12	52.32	0.1	1	5232	买盘
10:27:57	52.22	-0.1	1	5222	卖盘
10:27:33	52.32	--	2	10464	买盘
10:26:51	52.32	--	3	15696	卖盘
10:26:30	52.32	--	7	36624	卖盘
10:26:27	52.32	--	3	15696	卖盘
10:26:24	52.32	--	14	73248	卖盘
10:26:12	52.32	--	3	15696	卖盘
10:26:09	52.32	--	2	10464	卖盘
10:26:03	52.32	--	13	68016	买盘
10:26:00	52.32	--	2	10464	买盘
10:25:54	52.32	--	10	52320	卖盘
10:25:42	52.32	-0.05	2	10464	卖盘
10:25:36	52.37	--	79	413723	卖盘
10:25:33	52.37	-0.01	6	31422	卖盘
10:25:12	52.38	--	2	10476	买盘
10:25:09	52.38	--	2	10476	买盘
10:25:03	52.38	--	5	26190	买盘
10:25:00	52.38	--	3	15714	买盘
10:24:54	52.38	--	6	31428	买盘
10:24:48	52.38	--	16	83808	买盘
10:24:36	52.38	0.01	4	20952	买盘
10:24:27	52.37	-0.01	5	26185	中性盘
10:24:18	52.38	--	5	26190	买盘
10:24:09	52.38	--	10	52380	买盘
10:24:00	52.38	0.01	8	41904	买盘
10:23:57	52.37	--	1	5237	买盘
10:23:54	52.37	--	6	31422	买盘
10:23:51	52.37	-0.02	11	57607	中性盘
10:23:45	52.39	0.01	2	10478	卖盘
10:23:42	52.38	0.08	2	10476	买盘
10:23:24	52.3	--	1	5230	卖盘
10:23:21	52.3	--	2	12342	买盘
10:23:03	52.3	0.07	51	266730	买盘
10:22:54	52.23	0.08	2	10446	买盘
10:22:45	52.15	-0.08	20	104300	中性盘
10:22:39	52.23	0.08	51	266373	买盘
10:22:06	52.15	--	1	5215	中性盘
10:21:51	52.15	-0.01	9	46935	卖盘
10:21:00	52.16	--	2	10432	买盘
10:20:48	52.16	-0.03	2	10432	卖盘
10:20:45	52.19	0.02	19	99161	买盘
10:20:39	52.17	--	9	46953	买盘
10:20:09	52.17	-0.01	3	15651	卖盘
10:20:03	52.18	--	1	5218	买盘
10:19:51	52.18	-0.01	2	10436	卖盘
10:19:15	52.19	--	5	26095	买盘
10:18:51	52.19	0.01	2	10438	买盘
10:18:48	52.18	--	2	10436	卖盘
10:18:33	52.18	--	8	41744	买盘
10:18:21	52.18	0.01	2	10436	买盘
10:18:18	52.17	--	1	5217	卖盘
10:18:09	52.17	0.01	2	10434	中性盘
10:17:54	52.16	-0.01	10	52160	卖盘
10:17:27	52.17	-0.02	5	26085	卖盘
10:17:24	52.19	0.01	3	15657	买盘
10:17:15	52.18	--	10	52180	买盘
10:16:57	52.18	--	1	5218	买盘
10:16:42	52.18	--	8	41744	买盘
10:16:12	52.18	--	6	31308	买盘
10:16:03	52.18	0.01	6	31308	买盘
10:16:00	52.17	--	1	5217	买盘
10:15:57	52.17	--	9	46953	买盘
10:15:54	52.17	--	9	46953	买盘
10:15:51	52.17	--	1	5217	买盘
10:15:48	52.17	0.03	9	46953	买盘
10:15:45	52.14	-0.04	21	109494	卖盘
10:15:42	52.18	0.02	8	41744	买盘
10:15:30	52.16	--	5	26080	买盘
10:15:27	52.16	0.01	1	8136	买盘
10:15:18	52.15	0.01	6	31290	买盘
10:15:15	52.14	-0.01	1	5214	卖盘
10:15:09	52.15	0.01	3	15645	买盘
10:15:06	52.14	0.02	8	41712	买盘
10:15:03	52.12	-0.01	1	5212	卖盘
10:15:00	52.13	--	16	83408	买盘
10:14:57	52.13	0.01	3	15639	买盘
10:14:42	52.12	0.01	2	10424	买盘
10:14:39	52.11	0.01	1	5211	买盘
10:14:18	52.1	0.01	5	26050	买盘
10:14:09	52.09	--	1	5209	买盘
10:14:00	52.09	0.02	3	15627	买盘
10:13:57	52.07	0.07	3	15621	买盘
10:13:33	52.0	--	2	10400	买盘
10:13:24	52.0	--	42	218400	买盘
10:13:03	52.0	--	30	156000	买盘
10:13:00	52.0	--	2	10400	买盘
10:12:54	52.0	--	10	52000	买盘
10:12:51	52.0	--	2	10400	买盘
10:12:48	52.0	--	7	36400	买盘
10:12:45	52.0	--	8	41600	买盘
10:12:39	52.0	--	7	36400	买盘
10:12:18	52.0	--	2	10400	买盘
10:12:03	52.0	--	3	15600	买盘
10:11:51	52.0	0.09	1	5200	买盘
10:11:15	51.91	--	1	5191	卖盘
10:10:57	51.91	0.03	5	25955	中性盘
10:10:18	51.88	--	28	145264	买盘
10:10:09	51.88	--	10	51880	买盘
10:09:51	51.88	--	4	20752	买盘
10:09:36	51.88	0.07	8	41504	买盘
10:09:33	51.81	-0.01	1	5181	买盘
10:09:30	51.82	--	8	41456	卖盘
10:09:24	51.82	0.02	9	46638	买盘
10:09:21	51.8	-0.01	10	51800	卖盘
10:09:15	51.81	-0.01	5	25905	卖盘
10:09:12	51.82	-0.06	5	25910	卖盘
10:09:09	51.88	0.07	3	15564	买盘
10:08:51	51.81	-0.07	10	51810	卖盘
10:08:45	51.88	0.03	1	5188	买盘
10:08:42	51.85	-0.03	16	82960	卖盘
10:08:18	51.88	-0.02	14	72632	卖盘
10:08:00	51.9	--	1	5190	买盘
10:07:36	51.9	-0.01	4	20760	卖盘
10:07:15	51.91	--	1	5191	卖盘
10:06:57	51.91	-0.03	3	15572	卖盘
10:06:33	51.94	--	1	5194	卖盘
10:06:24	51.94	--	9	46746	卖盘
10:06:15	51.94	--	4	20776	卖盘
10:06:12	51.94	0.02	1	5194	买盘
10:06:03	51.92	-0.02	2	10384	卖盘
10:05:36	51.94	-0.02	5	25970	卖盘
10:05:24	51.96	0.02	9	46764	买盘
10:05:15	51.94	-0.02	3	15582	卖盘
10:05:09	51.96	0.02	2	10392	买盘
10:05:06	51.94	-0.02	13	67522	卖盘
10:05:03	51.96	--	1	5196	买盘
10:04:36	51.96	--	9	46764	卖盘
10:04:33	51.96	--	1	5196	卖盘
10:04:09	51.96	--	2	10392	卖盘
10:04:00	51.96	-0.06	2	10392	卖盘
10:03:15	52.02	0.01	1	5202	卖盘
10:02:57	52.01	--	1	5201	买盘
10:02:51	52.01	-0.08	9	46809	卖盘
10:02:42	52.09	0.08	4	20836	买盘
10:02:30	52.01	0.01	10	52010	买盘
10:01:57	52.0	--	1	5200	卖盘
10:01:42	52.0	-0.01	6	31200	卖盘
10:01:21	52.01	--	2	10402	买盘
10:01:03	52.01	--	2	10402	卖盘
10:00:48	52.01	-0.13	3	15603	卖盘
09:59:12	52.14	--	1	5214	买盘
09:59:03	52.14	-0.02	1	5214	中性盘
09:57:48	52.16	0.16	1	5216	中性盘
09:57:42	52.0	--	5	26000	卖盘
09:57:33	52.0	-0.01	2	10400	卖盘
09:57:30	52.01	--	1	5201	买盘
09:56:54	52.01	-0.02	8	41608	卖盘
09:56:39	52.03	--	4	20812	卖盘
09:56:21	52.03	-0.14	6	31218	卖盘
09:56:12	52.17	0.14	8	41736	买盘
09:56:06	52.03	--	4	20812	卖盘
09:55:33	52.03	0.03	1	5203	买盘
09:55:09	52.0	--	4	20800	买盘
09:54:48	52.0	0.01	2	10400	买盘
09:54:45	51.99	0.05	7	36393	买盘
09:54:42	51.94	-0.05	13	67522	卖盘
09:54:27	51.99	--	6	31194	买盘
09:54:18	51.99	0.07	1	5199	买盘
09:53:48	51.92	0.01	3	15576	中性盘
09:52:51	51.91	--	1	5191	买盘
09:52:42	51.91	--	2	10382	买盘
09:52:33	51.91	--	2	10382	买盘
09:52:15	51.91	--	12	62291	买盘
09:52:12	51.91	-0.09	17	88247	中性盘
09:52:00	52.0	0.1	1	5200	买盘
09:51:39	51.9	--	4	20760	卖盘
09:51:21	51.9	--	2	10380	卖盘
09:51:15	51.9	-0.01	3	15570	卖盘
09:51:09	51.91	--	1	5191	买盘
09:51:06	51.91	-0.04	2	10382	买盘
09:51:00	51.95	--	1	5195	卖盘
09:50:54	51.95	0.04	20	103900	买盘
09:50:51	51.91	--	1	5191	卖盘
09:50:36	51.91	-0.04	6	31145	卖盘
09:50:33	51.95	--	2	10390	买盘
09:50:30	51.95	--	1	5195	买盘
09:50:27	51.95	--	1	5195	买盘
09:50:24	51.95	0.05	2	10390	买盘
09:50:09	51.9	--	3	15570	卖盘
09:50:03	51.9	--	4	20760	买盘
09:49:51	51.9	-0.02	13	67470	卖盘
09:49:39	51.92	0.02	5	25960	买盘
09:49:36	51.9	--	10	51900	卖盘
09:49:18	51.9	--	6	31140	卖盘
09:49:12	51.9	--	1	5190	卖盘
09:49:03	51.9	--	9	46710	卖盘
09:49:00	51.9	--	3	15570	卖盘
09:48:42	51.9	-0.01	3	15570	卖盘
09:48:36	51.91	-0.01	2	10382	卖盘
09:48:33	51.92	--	5	25960	卖盘
09:48:15	51.92	--	12	62304	卖盘
09:48:09	51.92	0.01	6	31152	买盘
09:48:06	51.91	-0.01	1	5191	卖盘
09:48:03	51.92	0.01	2	10384	买盘
09:47:54	51.91	-0.04	3	15572	卖盘
09:47:42	51.95	-0.05	3	15585	卖盘
09:47:39	52.0	--	3	15600	买盘
09:47:30	52.0	--	1	5200	买盘
09:47:24	52.0	--	9	46800	买盘
09:47:21	52.0	-0.03	7	36400	卖盘
09:47:15	52.03	-0.02	2	10406	卖盘
09:47:09	52.05	0.01	4	20820	买盘
09:47:03	52.04	0.01	10	52040	买盘
09:46:54	52.03	-0.01	2	10406	卖盘
09:46:42	52.04	0.01	7	36428	中性盘
09:46:06	52.03	0.01	3	15609	中性盘
09:45:27	52.02	--	2	10404	卖盘
09:45:09	52.02	--	6	31212	卖盘
09:44:57	52.02	-0.01	2	10404	卖盘
09:44:45	52.03	0.01	2	10406	中性盘
09:44:36	52.02	--	3	15606	卖盘
09:44:30	52.02	--	1	5202	卖盘
09:44:24	52.02	-0.04	2	10404	卖盘
09:44:15	52.06	-0.01	2	10412	卖盘
09:44:06	52.07	-0.05	3	15621	卖盘
09:43:54	52.12	-0.07	1	5212	卖盘
09:43:48	52.19	0.04	3	15657	买盘
09:43:33	52.15	-0.04	2	10430	中性盘
09:43:12	52.19	0.07	2	10438	买盘
09:43:06	52.12	-0.11	4	20848	中性盘
09:41:54	52.23	0.01	11	57453	买盘
09:40:54	52.22	-0.01	19	102612	卖盘
09:40:48	52.23	0.03	24	127180	买盘
09:40:42	52.2	--	1	5220	买盘
09:40:36	52.2	--	1	5220	卖盘
09:40:12	52.2	--	2	10440	中性盘
09:39:48	52.2	0.28	1	5220	买盘
09:39:45	51.92	-0.28	13	67496	卖盘
09:39:42	52.2	--	7	36540	买盘
09:39:27	52.2	0.02	4	20880	买盘
09:39:18	52.18	-0.02	2	10436	卖盘
09:39:12	52.2	--	16	83520	卖盘
09:39:09	52.2	-0.03	19	99180	卖盘
09:39:03	52.23	-0.01	1	5223	中性盘
09:38:42	52.24	--	11	57464	买盘
09:38:33	52.24	0.04	8	41792	买盘
09:38:30	52.2	--	2	10440	卖盘
09:38:24	52.2	--	1	5220	买盘
09:38:12	52.2	-0.05	5	26100	中性盘
09:37:51	52.25	--	2	10450	买盘
09:37:42	52.25	--	20	104500	买盘
09:37:30	52.25	--	1	5225	买盘
09:37:12	52.25	--	3	15675	买盘
09:36:54	52.25	0.18	18	94050	买盘
09:36:42	52.07	0.05	1	5207	买盘
09:36:33	52.02	-0.05	2	10404	卖盘
09:36:30	52.07	--	23	119761	买盘
09:36:18	52.07	0.01	7	36449	买盘
09:36:15	52.06	--	9	46854	买盘
09:36:12	52.06	-0.01	3	15618	中性盘
09:36:00	52.07	--	3	15621	买盘
09:35:54	52.07	--	1	5207	买盘
09:35:51	52.07	--	12	62484	买盘
09:35:30	52.07	0.02	3	15621	买盘
09:35:27	52.05	-0.04	1	5205	卖盘
09:35:21	52.09	0.09	22	114598	买盘
09:35:09	52.0	0.1	9	46800	买盘
09:35:00	51.9	-0.1	10	51900	卖盘
09:34:57	52.0	0.1	3	15600	买盘
09:34:54	51.9	-0.1	8	41520	卖盘
09:34:48	52.0	0.09	4	20800	买盘
09:34:36	51.91	-0.09	1	5191	中性盘
09:34:27	52.0	--	3	15600	买盘
09:34:18	52.0	--	2	10400	买盘
09:34:00	52.0	-0.03	4	20800	卖盘
09:33:57	52.03	--	2	10406	买盘
09:33:42	52.03	0.03	1	5203	买盘
09:33:30	52.0	0.01	4	20800	买盘
09:33:27	51.99	-0.01	3	15597	中性盘
09:32:27	52.0	--	12	62400	卖盘
09:32:24	52.0	--	13	67600	卖盘
09:32:12	52.0	-0.05	15	78000	卖盘
09:32:06	52.05	--	6	31230	卖盘
09:32:03	52.05	-0.02	35	182175	卖盘
09:32:00	52.07	-0.04	1	5207	中性盘
09:31:24	52.11	--	2	10422	买盘
09:31:21	52.11	-0.01	2	10422	中性盘
09:31:15	52.12	--	3	15636	买盘
09:31:03	52.12	-0.06	23	119876	卖盘
09:31:00	52.18	0.06	1	5218	买盘
09:30:54	52.12	-0.06	5	26060	卖盘
09:30:48	52.18	0.13	3	15654	买盘
09:30:24	52.05	--	3	15615	卖盘
09:30:15	52.05	-0.13	1	5205	卖盘
09:30:12	52.18	--	1	5218	买盘
09:30:06	52.18	--	19	99142	买盘
09:30:03	52.18	--	0	0	买盘
09:25:03	52.18	52.18	2	10436	买盘
