成交时间	成交价	价格变动	成交量(手)	成交额(元)	性质
15:00:03	33.0	-0.02	257	848100	卖盘
14:57:00	33.02	-0.02	8	26416	卖盘
14:56:54	33.04	--	8	26432	买盘
14:56:33	33.04	--	1	3304	卖盘
14:56:30	33.04	0.03	6	19824	买盘
14:56:27	33.01	-0.02	80	264080	卖盘
14:56:18	33.03	-0.01	40	132120	卖盘
14:56:15	33.04	0.01	20	66080	买盘
14:56:03	33.03	-0.02	12	39636	中性盘
14:55:45	33.05	0.02	6	19830	买盘
14:55:42	33.03	--	30	99090	卖盘
14:55:24	33.03	--	50	165150	卖盘
14:55:09	33.03	--	20	66060	卖盘
14:54:54	33.03	--	50	165150	卖盘
14:54:21	33.03	--	3	9909	卖盘
14:54:18	33.03	-0.02	50	165150	卖盘
14:54:15	33.05	0.01	13	42964	买盘
14:53:57	33.04	--	8	26432	卖盘
14:53:54	33.04	--	2	6608	买盘
14:53:51	33.04	-0.01	18	59472	卖盘
14:53:30	33.05	0.01	1	3304	买盘
14:53:27	33.04	--	14	46256	卖盘
14:53:21	33.04	-0.03	10	33040	卖盘
14:53:09	33.07	0.02	48	158736	买盘
14:53:06	33.05	--	6	19830	卖盘
14:52:57	33.05	--	7	23134	买盘
14:52:48	33.05	-0.02	19	62794	卖盘
14:52:42	33.07	0.02	4	13228	买盘
14:52:27	33.05	-0.02	20	66100	卖盘
14:52:00	33.07	-0.01	2	6614	卖盘
14:51:54	33.08	0.01	11	36388	买盘
14:51:51	33.07	--	60	198420	卖盘
14:51:45	33.07	--	2	6614	卖盘
14:51:39	33.07	--	38	125666	买盘
14:51:36	33.07	--	10	33070	买盘
14:51:27	33.07	--	10	33070	买盘
14:51:21	33.07	--	5	16535	买盘
14:51:09	33.07	0.02	8	26456	买盘
14:51:03	33.05	-0.02	7	23134	卖盘
14:50:51	33.07	--	3	9921	买盘
14:50:39	33.07	0.02	2	6614	买盘
14:50:24	33.05	--	65	214824	买盘
14:50:09	33.05	--	21	69405	买盘
14:50:00	33.05	0.01	1	3304	买盘
14:49:51	33.04	--	6	19824	卖盘
14:49:39	33.04	-0.01	20	66080	卖盘
14:49:24	33.05	--	20	66100	买盘
14:49:15	33.05	0.02	30	99149	买盘
14:49:09	33.03	-0.02	3	9909	卖盘
14:48:57	33.05	0.02	20	66100	买盘
14:48:51	33.03	-0.01	1	3303	卖盘
14:48:48	33.04	--	4	13216	买盘
14:48:42	33.04	--	1	3304	中性盘
14:48:36	33.04	--	1	3304	买盘
14:48:33	33.04	--	29	95816	卖盘
14:48:27	33.04	--	2	6608	卖盘
14:48:21	33.04	--	4	13216	卖盘
14:48:15	33.04	--	10	33040	卖盘
14:48:12	33.04	--	3	9912	卖盘
14:48:06	33.04	-0.01	50	165200	卖盘
14:47:57	33.05	0.01	2	6609	买盘
14:47:48	33.04	--	6	19824	中性盘
14:47:24	33.04	--	10	33040	卖盘
14:47:18	33.04	--	41	135464	买盘
14:46:42	33.04	--	3	9912	卖盘
14:46:36	33.04	-0.01	20	66080	卖盘
14:46:18	33.05	0.01	15	49574	买盘
14:46:00	33.04	--	2	6608	卖盘
14:45:57	33.04	--	4	13216	卖盘
14:45:51	33.04	--	1	3304	卖盘
14:45:30	33.04	--	1	3304	卖盘
14:45:24	33.04	-0.01	10	33040	卖盘
14:45:21	33.05	0.01	1	3304	买盘
14:45:06	33.04	--	5	16520	卖盘
14:45:03	33.04	--	10	33040	卖盘
14:44:42	33.04	--	1	3304	卖盘
14:44:33	33.04	0.02	13	42952	买盘
14:44:21	33.02	--	5	16510	卖盘
14:44:12	33.02	-0.01	18	59436	卖盘
14:44:09	33.03	--	2	6606	买盘
14:44:06	33.03	--	7	23121	卖盘
14:43:57	33.03	--	1	3303	买盘
14:43:54	33.03	--	5	16515	买盘
14:43:48	33.03	-0.01	4	13212	中性盘
14:43:39	33.04	0.01	6	19824	买盘
14:43:33	33.03	--	6	19818	卖盘
14:43:24	33.03	--	16	52848	卖盘
14:43:18	33.03	-0.01	84	277452	卖盘
14:43:12	33.04	--	4	13216	买盘
14:42:54	33.04	--	2	6608	买盘
14:42:42	33.04	0.01	2	6608	买盘
14:42:21	33.03	--	105	346815	买盘
14:42:03	33.03	0.01	52	171756	买盘
14:41:54	33.02	--	25	82550	卖盘
14:41:48	33.02	--	2	6604	卖盘
14:41:33	33.02	0.02	29	95758	买盘
14:41:27	33.0	--	10	33000	卖盘
14:40:48	33.0	--	9	29700	卖盘
14:40:30	33.0	--	17	56100	买盘
14:40:21	33.0	-0.01	12	39600	卖盘
14:40:15	33.01	-0.01	5	16505	卖盘
14:40:06	33.02	0.01	3	9906	买盘
14:39:00	33.01	--	3	9903	卖盘
14:38:57	33.01	-0.01	2	6602	卖盘
14:38:45	33.02	0.01	2	6604	买盘
14:38:27	33.01	--	3	9903	卖盘
14:37:57	33.01	0.01	3	9903	卖盘
14:37:42	33.0	--	56	184800	卖盘
14:37:33	33.0	--	4	13200	卖盘
14:37:24	33.0	--	9	29700	卖盘
14:36:45	33.0	-0.01	20	66000	卖盘
14:36:30	33.01	--	9	29709	买盘
14:36:21	33.01	--	5	16505	买盘
14:36:09	33.01	--	10	33010	买盘
14:36:06	33.01	-0.01	53	174953	卖盘
14:36:03	33.02	--	2	6604	买盘
14:36:00	33.02	--	12	39624	买盘
14:35:51	33.02	--	5	16510	买盘
14:35:45	33.02	0.01	2	6604	中性盘
14:35:39	33.01	-0.01	10	33010	卖盘
14:35:30	33.02	-0.03	19	62738	中性盘
14:34:45	33.05	0.04	8	26439	买盘
14:34:36	33.01	0.04	12	39612	买盘
14:34:27	32.97	--	1	4747	买盘
14:34:24	32.97	--	2	8440	卖盘
14:34:18	32.97	--	1	4747	买盘
14:34:09	32.97	-0.04	17	56049	卖盘
14:33:36	33.01	--	5	16505	买盘
14:33:18	33.01	-0.06	7	24955	卖盘
14:33:12	33.07	0.01	1	3307	买盘
14:33:03	33.06	0.05	2	6612	中性盘
14:32:36	33.01	0.01	7	23107	买盘
14:32:21	33.0	--	9	31152	卖盘
14:31:57	33.0	--	3	9900	买盘
14:31:54	33.0	-0.01	8	26400	卖盘
14:31:48	33.01	--	15	49515	卖盘
14:31:39	33.01	--	3	9903	卖盘
14:31:27	33.01	--	5	16505	卖盘
14:31:21	33.01	-0.02	4	13204	卖盘
14:31:18	33.03	0.03	16	52848	买盘
14:31:15	33.0	--	19	62700	卖盘
14:31:12	33.0	-0.03	20	66000	卖盘
14:31:00	33.03	--	2	6606	卖盘
14:30:57	33.03	-0.02	43	142029	卖盘
14:30:51	33.05	--	7	23134	买盘
14:30:45	33.05	-0.01	21	71255	卖盘
14:30:39	33.06	--	13	42978	卖盘
14:30:36	33.06	--	10	33060	卖盘
14:30:33	33.06	--	2	6612	卖盘
14:30:30	33.06	--	29	95874	卖盘
14:30:21	33.06	-0.02	18	59508	卖盘
14:30:18	33.08	0.01	10	33080	买盘
14:30:15	33.07	--	4	13228	卖盘
14:30:12	33.07	-0.01	6	19842	卖盘
14:30:09	33.08	--	1	3308	买盘
14:30:06	33.08	-0.01	1	3308	卖盘
14:29:51	33.09	--	5	16545	买盘
14:29:27	33.09	-0.01	31	102579	卖盘
14:29:09	33.1	--	5	16550	买盘
14:29:03	33.1	0.01	5	16550	买盘
14:28:57	33.09	0.01	11	36399	卖盘
14:28:51	33.08	--	131	433348	卖盘
14:28:36	33.08	-0.02	179	592132	卖盘
14:27:57	33.1	--	27	89370	买盘
14:27:48	33.1	-0.03	53	175430	卖盘
14:27:39	33.13	--	70	231910	买盘
14:27:30	33.13	0.02	24	79512	买盘
14:27:15	33.11	-0.01	4	13244	卖盘
14:27:06	33.12	0.02	168	556416	买盘
14:27:03	33.1	-0.01	10	33100	卖盘
14:26:54	33.11	0.01	7	23177	买盘
14:26:39	33.1	-0.02	15	49650	卖盘
14:26:15	33.12	0.02	59	195407	中性盘
14:25:48	33.1	--	20	66200	卖盘
14:25:21	33.1	-0.02	2	6620	卖盘
14:25:12	33.12	-0.01	15	49679	卖盘
14:25:03	33.13	--	7	23191	卖盘
14:25:00	33.13	--	2	6626	卖盘
14:24:54	33.13	--	2	6626	卖盘
14:24:51	33.13	--	5	16565	卖盘
14:24:18	33.13	-0.01	3	9939	卖盘
14:24:15	33.14	--	16	53024	中性盘
14:24:00	33.14	-0.01	2	6628	买盘
14:23:54	33.15	0.02	13	43095	买盘
14:23:39	33.13	-0.02	8	26504	卖盘
14:23:30	33.15	--	9	29835	卖盘
14:23:18	33.15	--	1	3315	卖盘
14:23:12	33.15	--	5	16575	卖盘
14:23:09	33.15	--	11	36465	买盘
14:22:54	33.15	--	1	3315	卖盘
14:22:51	33.15	--	1	3315	卖盘
14:22:48	33.15	--	3	9945	卖盘
14:22:42	33.15	--	10	33150	卖盘
14:22:36	33.15	-0.01	2	6630	卖盘
14:22:21	33.16	--	6	19895	买盘
14:22:18	33.16	--	6	19895	卖盘
14:22:15	33.16	--	2	6631	卖盘
14:22:12	33.16	0.01	9	29843	卖盘
14:22:03	33.15	-0.01	9	29835	卖盘
14:22:00	33.16	--	1	3315	买盘
14:21:54	33.16	0.01	10	33160	买盘
14:21:45	33.15	--	5	16575	卖盘
14:21:36	33.15	--	77	255255	买盘
14:21:33	33.15	0.01	38	125970	买盘
14:21:27	33.14	--	6	19884	中性盘
14:21:21	33.14	--	3	9942	卖盘
14:21:15	33.14	-0.01	4	13256	中性盘
14:21:09	33.15	0.01	30	99450	买盘
14:21:03	33.14	0.01	1	3314	买盘
14:20:51	33.13	--	20	66260	卖盘
14:20:45	33.13	-0.01	7	23191	卖盘
14:20:30	33.14	--	10	33140	卖盘
14:20:27	33.14	--	1	3314	卖盘
14:20:21	33.14	-0.01	10	33140	卖盘
14:20:18	33.15	0.02	6	19890	买盘
14:20:12	33.13	--	10	33130	卖盘
14:20:06	33.13	--	2	6626	买盘
14:19:57	33.13	--	5	16565	买盘
14:19:54	33.13	--	23	76199	买盘
14:19:27	33.13	--	37	122581	买盘
14:19:03	33.13	0.01	50	165650	买盘
14:19:00	33.12	--	7	23184	卖盘
14:18:57	33.12	--	5	16560	卖盘
14:18:54	33.12	-0.01	4	13247	卖盘
14:18:51	33.13	-0.01	5	16565	买盘
14:18:45	33.14	0.01	102	338028	买盘
14:18:39	33.13	0.01	8	26504	中性盘
14:17:48	33.12	-0.01	2	6623	买盘
14:17:33	33.13	-0.01	4	13252	卖盘
14:17:12	33.14	0.02	2	6628	买盘
14:17:09	33.12	-0.01	3	9936	卖盘
14:17:03	33.13	--	4	13252	买盘
14:16:54	33.13	0.01	4	13252	买盘
14:16:15	33.12	--	2	6623	卖盘
14:15:45	33.12	-0.01	89	294768	卖盘
14:15:42	33.13	0.01	3	9939	买盘
14:15:36	33.12	--	20	66240	卖盘
14:15:27	33.12	--	2	6623	卖盘
14:15:24	33.12	0.02	26	86112	买盘
14:15:15	33.1	--	3	9930	卖盘
14:15:09	33.1	-0.01	9	29790	卖盘
14:15:06	33.11	0.01	22	72842	买盘
14:15:00	33.1	-0.01	2	6620	卖盘
14:14:54	33.11	--	3	9933	买盘
14:14:39	33.11	--	1	3311	买盘
14:14:24	33.11	--	3	9933	买盘
14:14:21	33.11	-0.01	18	59598	卖盘
14:14:18	33.12	0.01	5	16560	中性盘
14:13:36	33.11	-0.01	20	66220	卖盘
14:13:24	33.12	--	10	33120	卖盘
14:13:18	33.12	--	7	23184	买盘
14:13:00	33.12	--	1	3311	卖盘
14:12:57	33.12	--	9	29807	买盘
14:12:48	33.12	--	11	36432	中性盘
14:12:36	33.12	--	2	6623	买盘
14:12:33	33.12	--	20	66240	买盘
14:12:30	33.12	--	5	16560	买盘
14:12:27	33.12	--	9	29807	买盘
14:12:06	33.12	0.01	1	3311	买盘
14:12:03	33.11	--	2	6622	卖盘
14:11:57	33.11	0.02	68	225148	买盘
14:11:39	33.09	-0.01	8	26472	卖盘
14:11:33	33.1	0.01	16	52960	买盘
14:11:00	33.09	--	5	16545	买盘
14:10:51	33.09	--	25	82725	卖盘
14:10:36	33.09	--	1	3309	买盘
14:10:24	33.09	--	2	6618	中性盘
14:09:27	33.09	0.02	19	62871	买盘
14:09:15	33.07	-0.02	6	19842	卖盘
14:09:12	33.09	-0.02	41	135669	卖盘
14:09:09	33.11	0.01	24	79464	买盘
14:09:06	33.1	--	8	26480	卖盘
14:08:51	33.1	-0.01	4	13240	卖盘
14:08:48	33.11	--	16	52976	卖盘
14:08:42	33.11	--	1	3311	卖盘
14:08:24	33.11	--	4	13244	卖盘
14:08:18	33.11	--	8	26488	卖盘
14:07:51	33.11	-0.01	3	9933	卖盘
14:07:48	33.12	0.01	1	3311	买盘
14:07:33	33.11	--	2	6622	卖盘
14:07:27	33.11	--	11	36421	买盘
14:07:24	33.11	0.01	6	19866	买盘
14:07:21	33.1	--	2	6620	买盘
14:07:18	33.1	--	4	13240	卖盘
14:07:15	33.1	-0.01	20	66200	中性盘
14:07:12	33.11	0.01	9	29799	买盘
14:07:06	33.1	--	5	16550	卖盘
14:06:51	33.1	--	5	16550	卖盘
14:06:42	33.1	0.01	10	33100	买盘
14:06:39	33.09	--	1	3309	买盘
14:06:36	33.09	--	2	6618	买盘
14:06:21	33.09	-0.01	2	6618	卖盘
14:06:18	33.1	--	10	33100	买盘
14:06:15	33.1	0.01	1	3310	买盘
14:06:09	33.09	--	26	86034	卖盘
14:06:03	33.09	0.01	4	13236	买盘
14:05:54	33.08	0.02	9	29772	买盘
14:05:51	33.06	-0.02	1	3306	卖盘
14:05:45	33.08	--	1	3308	中性盘
14:05:39	33.08	-0.02	58	191864	卖盘
14:05:36	33.1	0.02	42	139020	买盘
14:05:27	33.08	--	3	9924	卖盘
14:05:24	33.08	0.02	2	6616	中性盘
14:05:21	33.06	-0.02	9	29754	卖盘
14:05:18	33.08	0.02	13	43004	买盘
14:05:15	33.06	--	13	42978	卖盘
14:05:12	33.06	-0.02	5	16530	卖盘
14:04:54	33.08	-0.01	7	23156	中性盘
14:04:36	33.09	--	1	3309	买盘
14:04:27	33.09	0.01	50	165450	买盘
14:04:24	33.08	--	3	9924	卖盘
14:04:18	33.08	--	2	6616	卖盘
14:04:12	33.08	-0.01	5	16540	买盘
14:03:51	33.09	--	29	95961	买盘
14:03:39	33.09	--	1	3309	买盘
14:03:36	33.09	0.01	20	66180	买盘
14:03:30	33.08	--	3	9924	买盘
14:03:27	33.08	--	7	23156	卖盘
14:03:21	33.08	0.01	23	76084	买盘
14:03:09	33.07	0.02	17	57674	买盘
14:03:00	33.05	--	12	39660	买盘
14:02:54	33.05	--	2	6609	买盘
14:02:33	33.05	0.05	10	33050	买盘
14:02:30	33.0	-0.05	3	9900	卖盘
14:01:54	33.05	--	8	26439	买盘
14:01:48	33.05	-0.01	31	102454	卖盘
14:01:45	33.06	--	2	6612	买盘
14:01:42	33.06	--	8	26448	卖盘
14:01:27	33.06	0.01	4	13224	中性盘
14:01:24	33.05	-0.01	21	69405	卖盘
14:01:21	33.06	-0.01	5	16530	中性盘
14:00:54	33.07	-0.02	32	107675	卖盘
14:00:51	33.09	0.02	9	29781	买盘
14:00:48	33.07	-0.02	15	49605	卖盘
14:00:45	33.09	0.01	2	6618	中性盘
14:00:39	33.08	--	4	13232	卖盘
14:00:36	33.08	-0.02	26	86008	卖盘
14:00:33	33.1	0.02	43	142330	买盘
14:00:30	33.08	-0.02	1	3308	卖盘
14:00:27	33.1	0.01	25	82750	买盘
14:00:24	33.09	--	9	29781	买盘
14:00:21	33.09	--	11	36399	卖盘
14:00:18	33.09	--	1	3309	卖盘
14:00:15	33.09	-0.01	8	26472	卖盘
14:00:12	33.1	--	50	165500	买盘
14:00:09	33.1	--	5	16550	买盘
14:00:06	33.1	--	10	33100	买盘
14:00:03	33.1	-0.02	25	82750	卖盘
14:00:00	33.12	0.02	21	69552	买盘
13:59:57	33.1	--	2	6620	卖盘
13:59:54	33.1	--	20	66200	卖盘
13:59:48	33.1	--	12	39720	买盘
13:59:45	33.1	0.01	4	13240	买盘
13:59:36	33.09	--	4	13236	买盘
13:59:27	33.09	0.01	7	23163	买盘
13:59:24	33.08	--	10	34535	买盘
13:59:21	33.08	0.02	20	66160	买盘
13:59:18	33.06	-0.03	39	128934	卖盘
13:59:09	33.09	0.02	35	115815	买盘
13:59:06	33.07	0.01	3	9921	买盘
13:59:03	33.06	-0.02	13	42978	卖盘
13:59:00	33.08	0.02	32	105856	买盘
13:58:54	33.06	-0.03	1	3306	卖盘
13:58:48	33.09	--	39	129051	买盘
13:58:42	33.09	--	5	16545	买盘
13:58:33	33.09	--	2	6618	买盘
13:58:30	33.09	--	29	95961	卖盘
13:58:27	33.09	-0.01	4	13236	卖盘
13:58:24	33.1	0.01	19	62890	买盘
13:58:21	33.09	--	6	19854	卖盘
13:58:18	33.09	--	3	9927	买盘
13:58:15	33.09	--	9	29781	买盘
13:58:09	33.09	0.01	12	39708	买盘
13:58:03	33.08	-0.01	10	33080	买盘
13:58:00	33.09	0.04	31	102579	买盘
13:57:48	33.05	0.01	20	66100	买盘
13:57:45	33.04	--	3	9912	买盘
13:57:42	33.04	--	6	19824	买盘
13:57:39	33.04	--	5	16520	买盘
13:57:36	33.04	0.01	11	36344	买盘
13:57:24	33.03	--	23	75969	买盘
13:57:18	33.03	0.02	10	33030	买盘
13:57:06	33.01	--	6	19806	卖盘
13:57:03	33.01	--	9	29709	买盘
13:56:51	33.01	0.01	1	3301	买盘
13:56:45	33.0	--	40	132000	买盘
13:56:42	33.0	0.01	5	16500	买盘
13:56:33	32.99	--	3	9897	买盘
13:56:30	32.99	--	5	16495	买盘
13:56:27	32.99	--	2	6598	买盘
13:56:21	32.99	0.01	15	49485	买盘
13:56:09	32.98	0.01	16	52767	买盘
13:56:00	32.97	0.01	57	187929	买盘
13:55:57	32.96	--	3	9888	中性盘
13:55:45	32.96	0.01	22	72512	中性盘
13:55:27	32.95	--	48	158160	卖盘
13:55:21	32.95	--	14	46130	卖盘
13:55:12	32.95	--	4	13180	买盘
13:55:03	32.95	0.01	10	32950	买盘
13:54:57	32.94	-0.01	1	3294	卖盘
13:54:51	32.95	--	2	6590	买盘
13:54:39	32.95	--	1	3295	买盘
13:54:24	32.95	--	7	23065	中性盘
13:53:42	32.95	0.02	2	6590	买盘
13:53:36	32.93	--	26	85618	买盘
13:53:30	32.93	--	2	6586	买盘
13:53:27	32.93	-0.03	2	6586	卖盘
13:53:24	32.96	--	6	19776	买盘
13:53:09	32.96	--	1	3296	买盘
13:53:03	32.96	--	1	3296	买盘
13:53:00	32.96	--	10	32960	买盘
13:52:54	32.96	--	9	29664	买盘
13:52:45	32.96	0.01	5	16480	买盘
13:52:36	32.95	0.02	2	6590	中性盘
13:51:48	32.93	-0.03	36	118548	卖盘
13:51:42	32.96	0.02	3	9888	买盘
13:51:18	32.94	--	15	49410	买盘
13:51:00	32.94	--	5	16470	买盘
13:50:57	32.94	-0.01	38	125171	卖盘
13:50:48	32.95	--	14	46130	买盘
13:50:42	32.95	--	10	32950	买盘
13:50:39	32.95	0.01	15	49425	买盘
13:50:33	32.94	-0.01	18	59291	卖盘
13:50:18	32.95	0.01	1	3295	买盘
13:50:03	32.94	--	5	16470	买盘
13:49:57	32.94	0.01	5	16470	中性盘
13:49:33	32.93	-0.02	1	3293	卖盘
13:49:00	32.95	0.02	6	19770	买盘
13:48:27	32.93	--	1	3293	卖盘
13:48:21	32.93	-0.01	2	6586	卖盘
13:48:15	32.94	0.01	49	161406	买盘
13:48:03	32.93	--	5	16465	买盘
13:47:21	32.93	0.02	5	16465	买盘
13:47:09	32.91	-0.01	51	167840	卖盘
13:46:57	32.92	0.01	10	32920	买盘
13:46:48	32.91	--	2	6581	买盘
13:46:45	32.91	0.01	10	32910	买盘
13:46:30	32.9	--	22	72380	买盘
13:46:27	32.9	--	17	55930	买盘
13:46:21	32.9	0.01	4	13160	卖盘
13:46:12	32.89	-0.01	13	42757	卖盘
13:46:09	32.9	--	2	6580	卖盘
13:46:06	32.9	0.01	5	16450	中性盘
13:45:24	32.89	-0.01	2	6578	卖盘
13:45:21	32.9	--	1	3290	买盘
13:45:09	32.9	-0.04	4	13160	卖盘
13:44:54	32.94	--	11	36234	买盘
13:44:24	32.94	0.01	47	154818	买盘
13:43:54	32.93	--	30	98790	卖盘
13:43:48	32.93	--	10	32930	卖盘
13:43:39	32.93	0.07	66	217338	买盘
13:43:27	32.86	--	9	29574	买盘
13:43:24	32.86	-0.06	23	75578	卖盘
13:42:27	32.92	0.04	11	36212	买盘
13:42:15	32.88	-0.04	21	69048	卖盘
13:42:09	32.92	-0.01	1	3292	中性盘
13:41:36	32.93	-0.01	1	3293	卖盘
13:41:30	32.94	0.01	5	16470	买盘
13:41:27	32.93	-0.01	9	29637	中性盘
13:41:06	32.94	0.09	30	98820	买盘
13:40:54	32.85	-0.09	8	26280	卖盘
13:40:18	32.94	--	46	151524	卖盘
13:40:06	32.94	-0.01	8	26352	卖盘
13:39:48	32.95	0.01	20	65900	买盘
13:39:36	32.94	--	2	6588	卖盘
13:39:27	32.94	--	2	6588	卖盘
13:39:15	32.94	--	8	26352	卖盘
13:39:03	32.94	-0.01	17	55997	卖盘
13:38:57	32.95	--	4	13180	买盘
13:38:42	32.95	--	3	9885	买盘
13:38:36	32.95	0.01	4	13180	买盘
13:38:27	32.94	0.04	291	958553	买盘
13:37:51	32.9	--	7	23030	买盘
13:37:48	32.9	0.01	80	263200	买盘
13:37:27	32.89	--	3	9867	卖盘
13:37:24	32.89	0.01	10	32890	买盘
13:37:00	32.88	0.03	34	111792	买盘
13:36:30	32.85	--	3	9855	卖盘
13:36:24	32.85	--	1	3285	卖盘
13:36:18	32.85	--	2	6570	卖盘
13:35:51	32.85	-0.02	12	39420	卖盘
13:35:33	32.87	-0.01	7	23009	卖盘
13:35:30	32.88	0.01	2	6576	买盘
13:35:27	32.87	--	10	32870	卖盘
13:34:42	32.87	--	1	3286	卖盘
13:34:15	32.87	0.01	3	9861	买盘
13:33:30	32.86	-0.01	47	154442	买盘
13:32:57	32.87	--	3	9861	卖盘
13:32:54	32.87	0.03	50	164350	买盘
13:32:48	32.84	--	1	3284	买盘
13:32:36	32.84	-0.03	18	59112	卖盘
13:32:27	32.87	--	2	6573	买盘
13:32:12	32.87	--	5	16435	卖盘
13:32:00	32.87	--	1	3286	买盘
13:31:27	32.87	--	1	3286	买盘
13:31:18	32.87	--	5	16435	买盘
13:31:09	32.87	--	7	23009	买盘
13:30:45	32.87	0.03	176	578512	买盘
13:30:24	32.84	-0.04	1	3284	中性盘
13:29:48	32.88	0.05	50	164400	买盘
13:29:45	32.83	--	21	68943	卖盘
13:29:33	32.83	-0.02	19	62377	卖盘
13:29:21	32.85	0.02	2	6570	买盘
13:29:15	32.83	--	4	13132	卖盘
13:29:12	32.83	-0.02	6	19698	卖盘
13:29:09	32.85	0.01	3	9855	买盘
13:29:06	32.84	-0.01	9	29556	卖盘
13:28:54	32.85	0.01	10	32850	买盘
13:28:51	32.84	-0.01	10	32840	卖盘
13:28:39	32.85	--	47	154395	卖盘
13:28:36	32.85	--	3	9855	卖盘
13:28:18	32.85	--	5	16425	卖盘
13:28:15	32.85	--	24	78840	卖盘
13:28:09	32.85	-0.01	1	3285	卖盘
13:27:45	32.86	--	10	32860	买盘
13:27:42	32.86	-0.02	27	88722	卖盘
13:27:18	32.88	--	5	16440	买盘
13:27:03	32.88	0.02	2	6576	买盘
13:26:45	32.86	--	21	69006	卖盘
13:25:54	32.86	-0.02	13	42718	卖盘
13:25:27	32.88	0.01	4	13152	买盘
13:25:15	32.87	--	5	16435	卖盘
13:25:03	32.87	-0.01	6	19722	卖盘
13:24:33	32.88	--	12	39456	卖盘
13:24:27	32.88	-0.01	8	26304	卖盘
13:24:21	32.89	--	2	6578	买盘
13:23:54	32.89	--	5	16445	买盘
13:23:39	32.89	-0.01	13	42757	卖盘
13:23:24	32.9	0.01	24	78960	买盘
13:23:15	32.89	--	7	23023	中性盘
13:22:24	32.89	0.03	5	16445	中性盘
13:22:06	32.86	-0.03	106	348316	卖盘
13:22:03	32.89	-0.01	10	32890	卖盘
13:21:45	32.9	0.01	3	9870	买盘
13:21:33	32.89	-0.01	1	3289	卖盘
13:21:30	32.9	--	10	32900	买盘
13:21:09	32.9	-0.01	11	36190	卖盘
13:21:03	32.91	--	3	9872	买盘
13:20:48	32.91	0.01	7	23036	买盘
13:20:36	32.9	-0.01	8	26320	卖盘
13:20:30	32.91	--	4	13163	买盘
13:19:30	32.91	0.01	7	23036	买盘
13:19:12	32.9	--	16	52640	卖盘
13:18:48	32.9	--	1	3290	卖盘
13:18:33	32.9	-0.01	2	6580	卖盘
13:17:36	32.91	--	1	3290	卖盘
13:17:33	32.91	-0.01	55	181004	卖盘
13:17:18	32.92	0.01	5	16460	买盘
13:17:12	32.91	-0.01	5	16455	卖盘
13:17:03	32.92	0.01	4	13168	买盘
13:16:57	32.91	--	50	164549	卖盘
13:16:45	32.91	-0.01	42	138222	卖盘
13:16:36	32.92	--	1	3292	买盘
13:16:12	32.92	--	26	85592	卖盘
13:15:51	32.92	--	3	9876	买盘
13:15:36	32.92	--	18	59256	买盘
13:15:24	32.92	--	30	98760	卖盘
13:14:54	32.92	--	27	88884	卖盘
13:14:51	32.92	-0.02	19	62548	卖盘
13:14:45	32.94	0.02	8	26352	买盘
13:14:30	32.92	--	1	3292	卖盘
13:14:24	32.92	--	1	3292	卖盘
13:13:57	32.92	-0.02	1	3292	卖盘
13:13:39	32.94	0.03	5	16470	买盘
13:13:24	32.91	-0.03	5	16455	卖盘
13:13:12	32.94	-0.01	2	6588	中性盘
13:12:48	32.95	0.04	1	3295	买盘
13:12:21	32.91	--	3	9872	买盘
13:12:18	32.91	-0.04	57	187586	卖盘
13:12:09	32.95	0.03	16	52720	买盘
13:11:57	32.92	--	2	6584	买盘
13:11:54	32.92	--	5	16460	买盘
13:11:48	32.92	0.01	10	32920	买盘
13:11:39	32.91	--	25	82274	卖盘
13:11:30	32.91	0.01	33	108602	买盘
13:11:06	32.9	--	4	13160	卖盘
13:11:00	32.9	-0.01	6	19740	卖盘
13:10:57	32.91	--	39	128348	买盘
13:10:27	32.91	0.01	3	9872	买盘
13:10:18	32.9	--	6	19740	买盘
13:10:15	32.9	--	10	32900	买盘
13:10:12	32.9	--	10	32900	买盘
13:10:09	32.9	0.01	5	16450	买盘
13:10:03	32.89	--	1	3289	买盘
13:09:54	32.89	0.01	3	9867	买盘
13:09:30	32.88	--	2	6576	卖盘
13:08:18	32.88	0.03	9	29592	买盘
13:07:54	32.85	--	3	9855	中性盘
13:07:39	32.85	--	1	3285	买盘
13:07:36	32.85	--	50	164250	卖盘
13:07:30	32.85	-0.03	45	147825	卖盘
13:07:18	32.88	0.03	5	16440	买盘
13:07:06	32.85	--	20	65700	卖盘
13:06:21	32.85	--	6	19710	卖盘
13:04:09	32.85	-0.01	2	6570	卖盘
13:03:51	32.86	-0.02	4	13144	卖盘
13:03:39	32.88	0.02	18	59184	买盘
13:03:30	32.86	-0.03	17	55862	中性盘
13:03:18	32.89	0.03	19	62491	买盘
13:03:03	32.86	0.01	2	6572	中性盘
13:01:42	32.85	--	17	55845	卖盘
13:00:57	32.85	--	1	3285	中性盘
13:00:36	32.85	0.03	5	16425	中性盘
13:00:06	32.82	-0.06	80	262560	卖盘
13:00:03	32.88	0.05	43	141384	买盘
13:00:00	32.83	--	0	0	买盘
11:30:00	32.83	--	0	0	买盘
11:29:45	32.83	0.02	7	22981	买盘
11:29:18	32.81	--	33	108273	卖盘
11:29:06	32.81	-0.02	95	311695	卖盘
11:28:57	32.83	0.01	2	6566	中性盘
11:28:48	32.82	-0.02	17	55794	卖盘
11:28:42	32.84	0.01	3	9852	买盘
11:28:39	32.83	-0.01	1	3283	卖盘
11:28:36	32.84	0.01	6	19704	买盘
11:28:03	32.83	-0.01	7	22981	卖盘
11:27:54	32.84	-0.01	2	6568	中性盘
11:27:21	32.85	--	2	6570	买盘
11:27:00	32.85	--	1	3285	买盘
11:26:51	32.85	0.03	7	22995	中性盘
11:26:48	32.82	-0.03	37	121434	卖盘
11:26:36	32.85	0.03	4	13140	中性盘
11:25:51	32.82	-0.01	23	75486	卖盘
11:25:45	32.83	0.02	4	13132	卖盘
11:25:39	32.81	--	25	82025	卖盘
11:25:30	32.81	-0.03	75	246075	卖盘
11:25:12	32.84	0.02	10	32840	中性盘
11:24:51	32.82	-0.01	50	164100	卖盘
11:24:48	32.83	-0.03	15	49245	卖盘
11:24:39	32.86	--	7	23002	买盘
11:24:21	32.86	0.01	20	65720	买盘
11:24:09	32.85	--	4	13140	买盘
11:23:24	32.85	0.02	2	6570	中性盘
11:23:09	32.83	-0.02	36	118188	卖盘
11:22:51	32.85	--	6	19710	买盘
11:22:39	32.85	--	4	13140	卖盘
11:22:18	32.85	0.01	19	62415	买盘
11:22:15	32.84	--	2	6568	卖盘
11:22:06	32.84	-0.01	1	3284	卖盘
11:22:03	32.85	--	2	6570	买盘
11:21:54	32.85	-0.01	9	29565	卖盘
11:21:39	32.86	--	13	42718	买盘
11:21:36	32.86	--	1	3286	买盘
11:21:30	32.86	--	10	32860	买盘
11:20:54	32.86	--	11	36146	买盘
11:20:33	32.86	-0.01	27	88722	卖盘
11:20:15	32.87	-0.01	4	13147	卖盘
11:20:00	32.88	-0.01	2	6576	卖盘
11:19:42	32.89	--	5	16445	买盘
11:19:33	32.89	0.01	10	32890	买盘
11:19:27	32.88	--	1	3288	卖盘
11:18:57	32.88	--	7	23016	买盘
11:18:48	32.88	--	3	9864	中性盘
11:18:45	32.88	0.01	43	141384	买盘
11:18:42	32.87	-0.01	10	32870	卖盘
11:18:12	32.88	--	9	29592	卖盘
11:17:39	32.88	-0.01	8	26304	卖盘
11:17:33	32.89	0.01	16	52624	买盘
11:17:24	32.88	--	2	6576	卖盘
11:17:03	32.88	--	1	3288	卖盘
11:17:00	32.88	-0.01	5	16440	卖盘
11:16:57	32.89	0.02	2	6578	买盘
11:16:54	32.87	--	2	6573	卖盘
11:16:09	32.87	0.01	1	3286	中性盘
11:15:57	32.86	--	3	9858	卖盘
11:15:39	32.86	-0.02	10	32860	卖盘
11:15:36	32.88	0.02	1	3288	买盘
11:15:18	32.86	--	19	62434	卖盘
11:15:12	32.86	--	5	16430	买盘
11:15:06	32.86	--	5	16430	买盘
11:15:03	32.86	--	2	6572	买盘
11:14:57	32.86	0.01	3	9858	中性盘
11:14:48	32.85	-0.01	20	65700	卖盘
11:14:45	32.86	--	10	32860	买盘
11:14:42	32.86	--	10	32860	买盘
11:14:36	32.86	--	4	13144	买盘
11:14:30	32.86	0.01	3	9858	买盘
11:14:18	32.85	-0.01	7	22995	卖盘
11:14:15	32.86	--	1	3286	买盘
11:14:12	32.86	--	8	26288	买盘
11:14:03	32.86	--	14	46004	卖盘
11:13:30	32.86	--	1	3286	卖盘
11:13:12	32.86	--	8	26288	卖盘
11:12:57	32.86	-0.03	5	16430	中性盘
11:12:39	32.89	--	10	32890	买盘
11:12:27	32.89	0.05	32	105248	中性盘
11:11:51	32.84	-0.06	50	164200	卖盘
11:11:48	32.9	0.06	30	98700	买盘
11:11:33	32.84	--	3	9852	卖盘
11:11:30	32.84	-0.06	3	9852	卖盘
11:11:18	32.9	0.06	1	3290	买盘
11:11:12	32.84	-0.04	150	492600	卖盘
11:11:06	32.88	--	7	23016	买盘
11:11:03	32.88	--	8	26304	买盘
11:10:36	32.88	--	25	82200	买盘
11:10:30	32.88	--	5	16440	买盘
11:10:24	32.88	--	6	19728	买盘
11:10:21	32.88	--	28	92064	卖盘
11:10:15	32.88	--	3	9864	买盘
11:10:09	32.88	--	16	52608	卖盘
11:10:06	32.88	-0.01	34	111792	卖盘
11:10:03	32.89	0.01	23	75647	买盘
11:10:00	32.88	--	16	52608	卖盘
11:09:45	32.88	--	2	6576	买盘
11:09:30	32.88	--	12	39456	卖盘
11:09:15	32.88	-0.01	38	124944	卖盘
11:08:57	32.89	-0.01	40	131560	卖盘
11:08:39	32.9	-0.01	7	23030	卖盘
11:08:36	32.91	--	4	13163	卖盘
11:08:33	32.91	--	5	16455	卖盘
11:08:18	32.91	--	1	3290	买盘
11:08:12	32.91	0.01	1	3290	买盘
11:08:09	32.9	--	3	9870	卖盘
11:08:06	32.9	-0.02	2	6580	卖盘
11:07:54	32.92	0.02	15	49380	买盘
11:07:30	32.9	--	7	23030	卖盘
11:07:27	32.9	--	7	23030	卖盘
11:07:18	32.9	-0.02	2	6580	卖盘
11:06:54	32.92	0.03	5	16460	买盘
11:06:33	32.89	-0.03	8	26312	卖盘
11:06:09	32.92	--	18	59256	买盘
11:05:54	32.92	0.04	3	9876	买盘
11:05:39	32.88	--	10	32880	卖盘
11:05:30	32.88	--	2	6576	卖盘
11:05:18	32.88	0.01	3	9864	中性盘
11:04:27	32.87	-0.03	100	328700	卖盘
11:04:21	32.9	--	2	6580	卖盘
11:04:09	32.9	-0.01	14	46060	卖盘
11:04:06	32.91	--	3	9872	卖盘
11:04:03	32.91	-0.01	5	16455	卖盘
11:03:27	32.92	--	4	13168	卖盘
11:03:03	32.92	--	8	26336	卖盘
11:03:00	32.92	-0.01	3	9876	卖盘
11:02:51	32.93	--	3	9879	买盘
11:02:48	32.93	--	29	95497	卖盘
11:02:33	32.93	--	5	16465	卖盘
11:02:30	32.93	-0.02	30	98790	卖盘
11:02:24	32.95	--	10	32950	中性盘
11:01:48	32.95	--	5	16475	中性盘
11:01:33	32.95	0.01	10	32950	买盘
11:01:30	32.94	-0.01	27	88938	卖盘
11:01:24	32.95	--	8	26360	买盘
11:01:18	32.95	--	10	32950	买盘
11:01:15	32.95	--	1	3295	买盘
11:01:12	32.95	--	8	26360	买盘
11:00:57	32.95	--	10	32950	买盘
11:00:39	32.95	--	5	16475	买盘
11:00:30	32.95	--	5	16475	买盘
11:00:03	32.95	0.01	6	19770	买盘
10:59:48	32.94	--	1	3294	卖盘
10:59:36	32.94	-0.01	4	13176	卖盘
10:59:27	32.95	0.01	11	36245	买盘
10:59:21	32.94	--	26	85644	卖盘
10:59:12	32.94	--	2	6588	卖盘
10:58:54	32.94	--	15	49410	卖盘
10:58:27	32.94	--	6	19764	卖盘
10:58:15	32.94	-0.01	2	6588	卖盘
10:58:09	32.95	--	5	16475	买盘
10:57:45	32.95	-0.01	2	6590	卖盘
10:57:39	32.96	0.01	3	9888	买盘
10:57:00	32.95	--	1	3295	买盘
10:56:42	32.95	0.01	10	32950	买盘
10:56:27	32.94	-0.01	6	19764	卖盘
10:56:21	32.95	--	5	16475	买盘
10:55:48	32.95	--	10	32950	买盘
10:55:39	32.95	0.01	3	9885	买盘
10:55:33	32.94	-0.01	13	42822	卖盘
10:55:21	32.95	--	10	32950	买盘
10:55:06	32.95	--	1	3295	买盘
10:54:51	32.95	--	2	6590	买盘
10:54:42	32.95	--	3	9885	买盘
10:54:18	32.95	--	1	3295	买盘
10:54:06	32.95	0.01	6	19770	买盘
10:53:51	32.94	-0.01	13	42822	卖盘
10:53:42	32.95	0.01	3	9885	买盘
10:53:06	32.94	--	28	92232	买盘
10:53:03	32.94	0.01	16	52704	买盘
10:52:36	32.93	0.01	1	3293	中性盘
10:52:30	32.92	-0.02	5	16460	卖盘
10:52:21	32.94	0.02	10	32940	买盘
10:52:06	32.92	--	3	9876	卖盘
10:52:03	32.92	-0.01	5	16460	卖盘
10:51:57	32.93	--	2	6586	买盘
10:51:54	32.93	--	1	3293	买盘
10:51:39	32.93	--	1	3293	买盘
10:51:36	32.93	--	2	6586	买盘
10:51:33	32.93	--	5	16465	买盘
10:51:24	32.93	--	3	9879	卖盘
10:51:21	32.93	-0.01	7	23051	卖盘
10:51:18	32.94	--	1	3294	买盘
10:50:51	32.94	--	2	6588	卖盘
10:50:48	32.94	--	7	23058	卖盘
10:50:27	32.94	-0.01	21	69174	卖盘
10:50:03	32.95	0.01	3	9885	中性盘
10:49:39	32.94	-0.03	10	32940	卖盘
10:49:09	32.97	0.02	2	6594	买盘
10:48:54	32.95	--	2	6590	买盘
10:48:51	32.95	0.01	11	36245	买盘
10:48:48	32.94	-0.01	17	55997	卖盘
10:48:24	32.95	--	8	26360	卖盘
10:48:21	32.95	0.01	2	6590	买盘
10:47:54	32.94	-0.03	8	26352	卖盘
10:47:42	32.97	0.03	10	32970	买盘
10:47:39	32.94	-0.03	10	32940	卖盘
10:47:18	32.97	--	10	32970	买盘
10:47:00	32.97	--	2	6594	卖盘
10:46:51	32.97	--	2	6594	卖盘
10:46:42	32.97	--	10	32970	卖盘
10:46:33	32.97	--	2	6594	卖盘
10:46:27	32.97	-0.01	3	9891	卖盘
10:46:21	32.98	0.01	4	13191	买盘
10:46:09	32.97	--	5	16485	卖盘
10:46:06	32.97	--	4	13188	买盘
10:46:03	32.97	--	1	3297	卖盘
10:45:57	32.97	--	4	13188	买盘
10:45:12	32.97	--	1	3297	中性盘
10:44:45	32.97	0.03	1	3297	买盘
10:44:24	32.94	--	4	13176	买盘
10:44:15	32.94	-0.03	1	3294	卖盘
10:44:12	32.97	0.03	6	19782	买盘
10:43:21	32.94	--	2	6588	买盘
10:42:54	32.94	0.01	1	3294	中性盘
10:42:45	32.93	-0.01	10	32930	卖盘
10:42:30	32.94	--	2	6588	卖盘
10:42:24	32.94	--	1	3294	中性盘
10:42:00	32.94	-0.02	4	13176	卖盘
10:41:54	32.96	--	3	9888	卖盘
10:41:21	32.96	--	6	19776	卖盘
10:41:12	32.96	--	4	13184	买盘
10:41:03	32.96	--	5	16480	中性盘
10:41:00	32.96	-0.01	1	3296	卖盘
10:40:57	32.97	--	1	3297	中性盘
10:40:42	32.97	--	3	9891	卖盘
10:40:21	32.97	--	6	19782	卖盘
10:40:06	32.97	0.03	82	270354	买盘
10:39:57	32.94	--	2	6588	中性盘
10:39:33	32.94	0.02	2	6588	买盘
10:39:30	32.92	-0.02	1	3292	卖盘
10:39:27	32.94	0.03	8	26352	买盘
10:39:06	32.91	-0.01	5	16455	中性盘
10:38:45	32.92	0.02	36	118512	中性盘
10:38:27	32.9	-0.05	20	65800	卖盘
10:38:00	32.95	-0.01	22	72490	中性盘
10:36:57	32.96	--	21	69216	买盘
10:36:48	32.96	0.07	18	59328	买盘
10:36:39	32.89	0.02	2	6578	买盘
10:36:06	32.87	--	15	49304	卖盘
10:36:00	32.87	-0.01	5	16435	卖盘
10:35:54	32.88	0.01	3	9864	买盘
10:35:51	32.87	-0.01	5	16435	卖盘
10:35:39	32.88	0.01	2	6576	买盘
10:35:30	32.87	-0.01	4	13147	中性盘
10:35:12	32.88	-0.01	6	19728	卖盘
10:35:00	32.89	--	4	13156	买盘
10:34:54	32.89	0.02	1	3289	买盘
10:34:51	32.87	--	1	3286	买盘
10:34:45	32.87	--	4	13147	卖盘
10:34:39	32.87	-0.01	8	26295	卖盘
10:34:36	32.88	-0.01	50	164400	卖盘
10:34:33	32.89	-0.01	2	6578	卖盘
10:34:24	32.9	--	16	52640	卖盘
10:34:21	32.9	--	2	6580	卖盘
10:34:06	32.9	-0.03	103	338870	卖盘
10:33:57	32.93	--	4	13172	买盘
10:33:54	32.93	0.01	6	19758	中性盘
10:33:42	32.92	--	1	3292	卖盘
10:33:24	32.92	--	16	52672	卖盘
10:33:21	32.92	--	1	3292	卖盘
10:33:18	32.92	0.01	20	65840	买盘
10:33:15	32.91	0.01	10	32910	买盘
10:33:09	32.9	-0.01	45	148050	卖盘
10:33:03	32.91	-0.01	9	29618	卖盘
10:33:00	32.92	--	5	16460	买盘
10:32:54	32.92	0.01	8	26336	买盘
10:32:48	32.91	--	7	23036	卖盘
10:32:36	32.91	-0.01	4	13163	卖盘
10:32:27	32.92	--	6	19752	买盘
10:32:21	32.92	--	2	6584	买盘
10:32:18	32.92	--	30	98760	买盘
10:32:09	32.92	--	10	32920	买盘
10:32:06	32.92	-0.05	35	115220	卖盘
10:31:36	32.97	--	2	6594	买盘
10:31:24	32.97	-0.02	35	115395	卖盘
10:31:18	32.99	--	11	36289	买盘
10:31:15	32.99	-0.05	89	293611	卖盘
10:31:06	33.04	0.04	5	16520	买盘
10:31:00	33.0	--	4	13200	买盘
10:30:57	33.0	--	1	3300	买盘
10:30:42	33.0	--	2	6600	买盘
10:30:39	33.0	--	13	42900	买盘
10:30:36	33.0	0.01	2	6600	买盘
10:30:33	32.99	-0.01	9	29691	卖盘
10:30:30	33.0	--	1	3300	买盘
10:30:24	33.0	0.01	15	49500	买盘
10:29:45	32.99	--	82	270518	买盘
10:29:42	32.99	--	2	6598	买盘
10:29:39	32.99	0.01	3	9897	买盘
10:29:27	32.98	--	20	65960	卖盘
10:29:24	32.98	0.01	50	164899	买盘
10:29:15	32.97	0.01	35	115395	买盘
10:29:12	32.96	--	13	42848	卖盘
10:29:03	32.96	--	3	9888	卖盘
10:28:48	32.96	-0.01	9	29664	中性盘
10:27:51	32.97	-0.01	17	56049	卖盘
10:27:48	32.98	0.01	3	9893	买盘
10:27:39	32.97	-0.01	12	39564	卖盘
10:27:36	32.98	--	10	32980	买盘
10:27:27	32.98	0.01	10	32980	买盘
10:27:21	32.97	--	8	26376	卖盘
10:27:09	32.97	0.01	13	42861	买盘
10:26:39	32.96	--	2	6592	卖盘
10:26:36	32.96	0.04	64	210944	买盘
10:26:24	32.92	--	51	167892	卖盘
10:26:15	32.92	--	10	32920	卖盘
10:25:57	32.92	0.02	34	113113	买盘
10:25:54	32.9	--	3	9870	卖盘
10:25:51	32.9	--	1	3290	卖盘
10:25:45	32.9	--	17	55930	中性盘
10:25:39	32.9	-0.02	1	3290	中性盘
10:25:33	32.92	0.04	4	13168	买盘
10:25:30	32.88	-0.02	35	115080	卖盘
10:25:18	32.9	--	7	23030	买盘
10:25:15	32.9	--	9	29610	买盘
10:24:57	32.9	--	1	3290	卖盘
10:24:54	32.9	-0.02	5	16450	中性盘
10:24:42	32.92	0.02	5	16460	买盘
10:24:36	32.9	-0.02	5	16450	卖盘
10:24:09	32.92	-0.01	2	6584	卖盘
10:24:06	32.93	0.01	2	6586	买盘
10:24:00	32.92	--	6	19752	卖盘
10:23:39	32.92	--	5	16460	卖盘
10:23:36	32.92	--	1	3292	卖盘
10:23:30	32.92	0.05	23	75716	买盘
10:23:21	32.87	--	21	69027	买盘
10:23:15	32.87	--	5	16435	买盘
10:23:12	32.87	--	8	26295	卖盘
10:23:09	32.87	0.02	3	9861	中性盘
10:22:27	32.85	-0.05	167	548595	卖盘
10:22:24	32.9	0.03	3	9870	买盘
10:22:06	32.87	--	4	13147	卖盘
10:22:03	32.87	0.02	3	9861	买盘
10:22:00	32.85	--	20	65700	卖盘
10:21:48	32.85	0.01	2	6570	中性盘
10:21:21	32.84	-0.02	125	410500	卖盘
10:21:12	32.86	-0.01	5	16430	卖盘
10:21:03	32.87	--	10	32870	买盘
10:21:00	32.87	--	5	16435	买盘
10:20:45	32.87	--	75	246524	买盘
10:20:24	32.87	--	10	32870	买盘
10:20:15	32.87	--	24	78888	买盘
10:20:12	32.87	--	39	128192	买盘
10:20:03	32.87	0.01	5	16435	买盘
10:19:54	32.86	-0.01	2	6572	卖盘
10:19:42	32.87	--	31	101896	买盘
10:19:39	32.87	--	8	26295	中性盘
10:19:27	32.87	--	1	3286	买盘
10:19:24	32.87	--	5	16435	买盘
10:19:15	32.87	-0.01	4	13147	中性盘
10:19:09	32.88	0.02	1	3288	买盘
10:19:06	32.86	-0.01	8	26288	卖盘
10:18:54	32.87	-0.01	2	6573	卖盘
10:18:36	32.88	-0.03	87	286056	卖盘
10:18:33	32.91	0.01	1	3290	买盘
10:18:27	32.9	--	10	32900	卖盘
10:18:18	32.9	--	2	6580	卖盘
10:18:03	32.9	-0.01	3	9870	卖盘
10:17:54	32.91	-0.02	2	6581	买盘
10:17:45	32.93	--	1	3293	卖盘
10:17:36	32.93	0.01	16	52688	买盘
10:17:33	32.92	--	2	6584	卖盘
10:17:09	32.92	-0.01	6	19752	卖盘
10:17:06	32.93	--	3	9879	卖盘
10:16:33	32.93	--	3	9879	买盘
10:16:18	32.93	--	2	6586	买盘
10:16:15	32.93	0.02	16	52688	中性盘
10:16:03	32.91	0.01	2	8227	买盘
10:16:00	32.9	-0.01	13	44415	卖盘
10:15:45	32.91	-0.03	2	6581	卖盘
10:15:33	32.94	-0.01	3	9882	买盘
10:15:27	32.95	--	2	6590	卖盘
10:15:24	32.95	--	10	32950	买盘
10:15:18	32.95	0.05	2	6590	买盘
10:14:54	32.9	--	68	225365	买盘
10:14:48	32.9	0.01	1	3290	买盘
10:14:45	32.89	-0.01	6	19734	卖盘
10:14:42	32.9	--	5	16450	买盘
10:14:21	32.9	-0.07	79	261555	卖盘
10:14:12	32.97	--	13	42861	卖盘
10:14:06	32.97	--	5	16485	中性盘
10:13:51	32.97	--	5	16485	卖盘
10:13:48	32.97	-0.01	2	6594	卖盘
10:13:30	32.98	0.01	20	65960	买盘
10:13:27	32.97	--	31	102207	卖盘
10:13:12	32.97	--	5	16485	卖盘
10:13:03	32.97	--	4	13188	卖盘
10:12:51	32.97	0.02	53	174741	买盘
10:12:45	32.95	-0.02	36	118620	卖盘
10:12:39	32.97	0.02	2	6594	买盘
10:12:36	32.95	--	2	6590	卖盘
10:12:33	32.95	--	10	32950	卖盘
10:12:30	32.95	--	4	13180	卖盘
10:11:45	32.95	--	27	88965	卖盘
10:11:39	32.95	--	5	16475	卖盘
10:11:33	32.95	-0.02	1	3295	卖盘
10:11:30	32.97	0.01	7	23079	买盘
10:11:24	32.96	0.01	5	16480	中性盘
10:11:09	32.95	--	5	16475	卖盘
10:11:06	32.95	--	5	16475	卖盘
10:11:00	32.95	--	1	3295	买盘
10:10:54	32.95	--	13	42835	买盘
10:10:39	32.95	--	10	32950	买盘
10:10:30	32.95	0.01	11	37892	买盘
10:10:21	32.94	--	2	8235	卖盘
10:10:09	32.94	0.01	4	14822	买盘
10:09:51	32.93	0.01	13	42809	买盘
10:09:48	32.92	-0.01	3	9876	卖盘
10:09:33	32.93	--	5	16465	买盘
10:09:27	32.93	--	12	39516	卖盘
10:09:24	32.93	--	6	19758	卖盘
10:09:03	32.93	--	6	19758	买盘
10:08:57	32.93	--	40	131720	卖盘
10:08:48	32.93	--	8	26344	买盘
10:08:45	32.93	--	5	16465	买盘
10:08:39	32.93	--	23	75739	买盘
10:08:33	32.93	0.01	2	6586	买盘
10:08:30	32.92	-0.01	3	9876	卖盘
10:08:24	32.93	--	3	9879	买盘
10:08:03	32.93	0.01	14	46102	买盘
10:07:54	32.92	--	11	36212	买盘
10:07:39	32.92	--	17	55964	买盘
10:07:36	32.92	-0.01	147	483924	卖盘
10:07:18	32.93	0.01	10	32930	买盘
10:07:12	32.92	-0.01	18	59256	卖盘
10:07:00	32.93	0.01	9	29637	买盘
10:06:54	32.92	-0.01	3	9876	卖盘
10:06:51	32.93	0.01	1	3293	买盘
10:06:48	32.92	-0.01	18	59256	卖盘
10:06:42	32.93	--	1	3293	买盘
10:06:39	32.93	--	2	6586	买盘
10:06:36	32.93	--	24	79032	买盘
10:06:24	32.93	--	13	42809	卖盘
10:06:21	32.93	-0.01	17	55981	卖盘
10:06:18	32.94	0.01	3	9882	买盘
10:06:15	32.93	-0.01	18	59274	卖盘
10:06:09	32.94	0.01	3	9882	买盘
10:06:03	32.93	-0.01	1	3293	卖盘
10:05:57	32.94	0.01	25	82350	买盘
10:05:33	32.93	--	18	59274	买盘
10:05:21	32.93	0.04	24	79032	买盘
10:05:18	32.89	-0.04	6	19734	卖盘
10:05:15	32.93	0.03	7	23051	买盘
10:05:06	32.9	--	22	72380	买盘
10:04:51	32.9	0.02	21	69090	买盘
10:04:48	32.88	--	1	3288	卖盘
10:04:45	32.88	--	2	6576	买盘
10:04:39	32.88	0.02	7	23016	买盘
10:04:36	32.86	0.01	8	26288	买盘
10:04:33	32.85	-0.01	15	49275	卖盘
10:04:15	32.86	0.01	20	65720	买盘
10:04:06	32.85	--	22	72270	卖盘
10:04:00	32.85	-0.01	8	26280	卖盘
10:03:57	32.86	0.01	1	3286	买盘
10:03:48	32.85	-0.01	16	52560	卖盘
10:03:45	32.86	--	10	32860	买盘
10:03:42	32.86	--	17	55862	买盘
10:03:33	32.86	--	5	16430	买盘
10:03:30	32.86	--	5	16430	买盘
10:03:27	32.86	-0.02	22	72292	卖盘
10:03:24	32.88	0.02	1	3288	买盘
10:03:15	32.86	0.01	14	46004	买盘
10:03:06	32.85	--	9	29565	买盘
10:03:03	32.85	0.01	10	32850	买盘
10:02:51	32.84	0.01	52	170768	买盘
10:02:42	32.83	-0.01	1	3283	卖盘
10:02:39	32.84	--	20	65680	买盘
10:02:36	32.84	--	50	164200	买盘
10:02:24	32.84	0.01	20	65680	买盘
10:02:18	32.83	-0.01	7	22981	卖盘
10:02:12	32.84	--	20	65680	买盘
10:02:00	32.84	0.02	30	98520	买盘
10:01:33	32.82	0.01	2	6564	卖盘
10:01:30	32.81	-0.03	53	173893	卖盘
10:01:27	32.84	--	5	16420	买盘
10:01:15	32.84	0.01	8	26272	买盘
10:01:09	32.83	--	9	29547	卖盘
10:01:03	32.83	--	7	22981	卖盘
10:00:54	32.83	--	9	29547	卖盘
10:00:48	32.83	--	22	72226	卖盘
10:00:36	32.83	0.01	76	249508	买盘
10:00:30	32.82	-0.01	17	55794	卖盘
10:00:21	32.83	0.01	9	29547	买盘
10:00:18	32.82	-0.01	4	13128	卖盘
10:00:09	32.83	--	6	19698	卖盘
10:00:03	32.83	0.01	3	9849	中性盘
09:59:54	32.82	-0.02	2	6564	卖盘
09:59:45	32.84	0.02	63	206892	买盘
09:59:39	32.82	-0.01	1	3282	中性盘
09:59:33	32.83	--	4	13132	买盘
09:59:27	32.83	--	18	59094	卖盘
09:59:24	32.83	0.02	12	39396	买盘
09:59:21	32.81	-0.01	3	9843	卖盘
09:59:12	32.82	-0.01	1	3282	卖盘
09:59:03	32.83	-0.02	2	6566	中性盘
09:59:00	32.85	0.04	11	36135	买盘
09:58:42	32.81	--	8	26248	卖盘
09:58:21	32.81	--	2	6562	卖盘
09:58:18	32.81	-0.01	61	200141	中性盘
09:58:00	32.82	--	9	29538	买盘
09:57:54	32.82	0.02	10	32820	买盘
09:57:51	32.8	--	2	6559	卖盘
09:57:39	32.8	--	12	39360	买盘
09:57:33	32.8	--	6	19680	买盘
09:57:30	32.8	--	5	16400	买盘
09:57:27	32.8	0.01	7	22959	买盘
09:57:24	32.79	--	1	3279	卖盘
09:57:21	32.79	--	1	3279	卖盘
09:57:15	32.79	-0.01	2	6558	卖盘
09:57:12	32.8	0.01	5	16400	买盘
09:57:09	32.79	-0.01	15	49185	卖盘
09:57:00	32.8	--	30	98399	买盘
09:56:57	32.8	0.01	10	32800	买盘
09:56:54	32.79	-0.01	14	45906	卖盘
09:56:42	32.8	0.01	1	3279	买盘
09:56:39	32.79	--	4	13116	卖盘
09:56:33	32.79	--	13	42627	卖盘
09:56:30	32.79	--	1	3279	卖盘
09:56:24	32.79	--	9	29511	买盘
09:56:21	32.79	0.01	6	19674	买盘
09:56:18	32.78	-0.02	3	9834	中性盘
09:56:09	32.8	--	1	3279	买盘
09:56:06	32.8	0.05	1	3279	买盘
09:56:03	32.75	-0.03	147	481425	卖盘
09:55:48	32.78	--	14	45892	买盘
09:55:36	32.78	--	50	163900	卖盘
09:55:33	32.78	-0.02	11	36058	卖盘
09:55:30	32.8	--	5	16400	买盘
09:55:27	32.8	--	2	6559	买盘
09:55:24	32.8	0.01	15	49199	买盘
09:55:18	32.79	--	1	3279	卖盘
09:55:15	32.79	--	18	59022	买盘
09:55:12	32.79	--	1	3279	买盘
09:55:06	32.79	--	18	59022	卖盘
09:55:03	32.79	-0.01	10	32790	卖盘
09:54:57	32.8	--	11	36080	买盘
09:54:51	32.8	--	8	26239	买盘
09:54:48	32.8	--	2	6559	买盘
09:54:39	32.8	--	12	39360	卖盘
09:54:36	32.8	-0.02	5	16400	卖盘
09:54:27	32.82	--	5	16410	买盘
09:54:15	32.82	0.03	5	16410	买盘
09:54:09	32.79	-0.03	29	95091	卖盘
09:53:57	32.82	0.02	47	154254	买盘
09:53:54	32.8	-0.02	47	154160	卖盘
09:53:51	32.82	0.02	3	9846	买盘
09:53:45	32.8	-0.03	1	3279	卖盘
09:53:39	32.83	--	11	36113	买盘
09:53:30	32.83	--	24	78792	买盘
09:53:24	32.83	0.03	16	52528	买盘
09:53:21	32.8	--	14	45919	卖盘
09:53:09	32.8	--	31	101679	卖盘
09:52:54	32.8	--	10	32800	卖盘
09:52:48	32.8	-0.02	12	39360	卖盘
09:52:45	32.82	--	12	39384	买盘
09:52:39	32.82	0.02	2	6564	买盘
09:52:36	32.8	-0.02	25	82000	卖盘
09:52:33	32.82	-0.01	161	528402	卖盘
09:52:24	32.83	-0.01	10	32830	卖盘
09:52:21	32.84	0.03	20	65680	买盘
09:52:18	32.81	-0.01	300	984300	卖盘
09:52:15	32.82	-0.02	20	65640	卖盘
09:52:09	32.84	--	11	36124	买盘
09:52:00	32.84	--	30	98520	卖盘
09:51:54	32.84	-0.02	5	16420	卖盘
09:51:30	32.86	0.02	9	29574	买盘
09:51:24	32.84	-0.01	10	32840	卖盘
09:51:21	32.85	0.01	17	55845	买盘
09:51:15	32.84	--	13	42692	卖盘
09:51:09	32.84	--	3	9852	卖盘
09:51:06	32.84	0.01	1	3284	买盘
09:50:54	32.83	-0.02	7	22981	卖盘
09:50:42	32.85	--	1	3285	买盘
09:50:36	32.85	0.04	1	3285	买盘
09:50:30	32.81	-0.05	50	164050	卖盘
09:50:24	32.86	0.04	14	46004	买盘
09:50:21	32.82	--	14	45948	买盘
09:50:15	32.82	0.01	10	32820	买盘
09:50:12	32.81	-0.01	23	75463	卖盘
09:50:03	32.82	--	16	52512	买盘
09:49:57	32.82	-0.03	2	6564	买盘
09:49:54	32.85	0.03	13	42705	买盘
09:49:45	32.82	--	14	45948	卖盘
09:49:39	32.82	-0.01	11	36102	卖盘
09:49:27	32.83	--	6	19698	卖盘
09:49:24	32.83	--	7	22981	卖盘
09:49:12	32.83	-0.02	1	3283	卖盘
09:48:57	32.85	--	3	9855	卖盘
09:48:48	32.85	--	2	6570	买盘
09:48:39	32.85	--	1	3285	买盘
09:48:36	32.85	--	3	9855	买盘
09:48:30	32.85	0.02	25	82125	买盘
09:48:27	32.83	-0.02	3	9849	卖盘
09:48:18	32.85	-0.04	64	210240	卖盘
09:48:06	32.89	0.04	2	6578	买盘
09:48:03	32.85	-0.03	15	49275	卖盘
09:47:57	32.88	-0.01	17	55896	卖盘
09:47:51	32.89	--	8	26312	卖盘
09:47:48	32.89	0.01	6	19734	买盘
09:47:45	32.88	-0.01	8	26304	卖盘
09:47:39	32.89	-0.01	35	115115	卖盘
09:47:36	32.9	--	1	3290	买盘
09:47:27	32.9	0.01	20	65800	买盘
09:47:18	32.89	--	19	62491	买盘
09:47:12	32.89	0.04	1	3289	买盘
09:47:09	32.85	-0.04	10	32850	卖盘
09:46:54	32.89	-0.01	109	358501	卖盘
09:46:51	32.9	0.01	24	78960	买盘
09:46:48	32.89	--	12	39468	卖盘
09:46:45	32.89	--	30	98670	卖盘
09:46:42	32.89	-0.01	34	111826	卖盘
09:46:24	32.9	--	1	3290	买盘
09:46:15	32.9	--	1	3290	买盘
09:46:12	32.9	--	7	23030	卖盘
09:46:09	32.9	--	11	36190	买盘
09:46:03	32.9	0.01	18	59220	买盘
09:45:54	32.89	-0.01	3	9867	卖盘
09:45:51	32.9	0.01	10	32900	买盘
09:45:48	32.89	-0.01	16	52624	卖盘
09:45:45	32.9	--	3	9870	买盘
09:45:36	32.9	0.01	2	6580	买盘
09:45:33	32.89	--	20	65780	卖盘
09:45:30	32.89	-0.01	6	19734	卖盘
09:45:18	32.9	0.01	4	13160	买盘
09:45:15	32.89	0.04	80	263120	买盘
09:45:00	32.85	-0.01	9	29565	卖盘
09:44:57	32.86	-0.03	21	69006	卖盘
09:44:45	32.89	--	10	32890	买盘
09:44:39	32.89	0.03	5	16445	买盘
09:44:30	32.86	-0.03	22	72292	卖盘
09:44:27	32.89	0.02	2	6578	买盘
09:44:24	32.87	-0.02	84	276108	卖盘
09:44:18	32.89	0.01	12	39468	中性盘
09:44:15	32.88	-0.01	10	32880	卖盘
09:44:12	32.89	--	4	13156	卖盘
09:44:06	32.89	0.01	20	65780	中性盘
09:43:57	32.88	-0.02	3	9864	卖盘
09:43:51	32.9	0.01	14	46060	买盘
09:43:48	32.89	--	34	111826	卖盘
09:43:42	32.89	-0.02	20	65780	卖盘
09:43:27	32.91	0.02	18	59237	买盘
09:43:18	32.89	-0.01	11	36179	卖盘
09:43:15	32.9	0.01	3	9870	买盘
09:43:03	32.89	-0.02	53	174317	卖盘
09:42:54	32.91	0.01	1	3290	买盘
09:42:48	32.9	--	1	3290	卖盘
09:42:27	32.9	-0.01	10	32900	中性盘
09:42:06	32.91	0.02	1	3290	买盘
09:42:03	32.89	-0.02	25	82225	卖盘
09:42:00	32.91	-0.02	8	26327	卖盘
09:41:57	32.93	--	5	16465	买盘
09:41:54	32.93	--	11	37869	卖盘
09:41:45	32.93	--	5	16465	卖盘
09:41:36	32.93	-0.01	50	164650	卖盘
09:41:33	32.94	--	2	8235	买盘
09:41:30	32.94	--	50	164700	买盘
09:41:21	32.94	-0.04	17	57644	卖盘
09:41:12	32.98	--	5	18139	买盘
09:41:09	32.98	0.04	10	32980	买盘
09:41:06	32.94	-0.03	44	144936	卖盘
09:41:03	32.97	--	1	4945	卖盘
09:40:54	32.97	0.01	0	1648	买盘
09:40:51	32.96	0.03	20	65920	卖盘
09:40:48	32.93	-0.04	56	184408	卖盘
09:40:42	32.97	0.04	17	56049	买盘
09:40:36	32.93	--	113	372109	卖盘
09:40:33	32.93	--	31	102083	卖盘
09:40:27	32.93	--	16	52688	卖盘
09:40:18	32.93	--	42	138306	买盘
09:40:15	32.93	--	2	6586	买盘
09:40:03	32.93	0.05	6	19758	买盘
09:40:00	32.88	--	6	19728	卖盘
09:39:51	32.88	-0.05	4	13152	卖盘
09:39:42	32.93	0.07	50	164650	买盘
09:39:30	32.86	-0.07	20	65720	卖盘
09:39:24	32.93	--	10	32930	卖盘
09:39:21	32.93	-0.01	10	32930	买盘
09:39:03	32.94	0.1	24	79056	买盘
09:39:00	32.84	-0.04	37	121508	中性盘
09:38:48	32.88	0.01	3	9864	买盘
09:38:45	32.87	--	1	3286	卖盘
09:38:36	32.87	--	5	16435	卖盘
09:38:24	32.87	0.06	4	13147	买盘
09:38:18	32.81	-0.01	28	91868	卖盘
09:38:15	32.82	-0.05	10	32820	卖盘
09:38:12	32.87	0.06	3	9861	买盘
09:38:06	32.81	--	1	3281	卖盘
09:38:00	32.81	--	11	36091	卖盘
09:37:57	32.81	0.01	17	55777	买盘
09:37:54	32.8	-0.01	13	42639	卖盘
09:37:45	32.81	0.01	11	36091	买盘
09:37:39	32.8	--	30	98399	卖盘
09:37:33	32.8	--	87	285360	卖盘
09:37:30	32.8	--	2	6559	卖盘
09:37:24	32.8	0.02	51	167280	买盘
09:37:18	32.78	0.01	9	29502	中性盘
09:37:15	32.77	-0.01	50	163850	卖盘
09:37:00	32.78	-0.02	67	220445	卖盘
09:36:57	32.8	0.01	17	55759	卖盘
09:36:45	32.79	-0.01	16	52464	卖盘
09:36:30	32.8	-0.01	4	13152	中性盘
09:36:18	32.81	0.01	7	22967	买盘
09:36:12	32.8	--	1	3279	买盘
09:36:09	32.8	0.01	10	32800	买盘
09:36:06	32.79	--	42	137718	卖盘
09:36:03	32.79	-0.01	30	98370	卖盘
09:36:00	32.8	--	15	49199	买盘
09:35:57	32.8	--	28	91839	买盘
09:35:54	32.8	-0.01	4	13119	卖盘
09:35:51	32.81	0.01	14	45934	买盘
09:35:48	32.8	--	4	13119	卖盘
09:35:45	32.8	0.01	6	19680	中性盘
09:35:36	32.79	-0.05	8	26232	卖盘
09:35:33	32.84	0.04	3	9852	买盘
09:35:27	32.8	-0.02	34	111519	卖盘
09:35:21	32.82	--	10	32820	买盘
09:35:18	32.82	0.01	3	9846	买盘
09:35:15	32.81	-0.04	10	32810	卖盘
09:35:12	32.85	0.03	32	105120	买盘
09:35:09	32.82	-0.03	2	6564	卖盘
09:35:03	32.85	--	6	19710	买盘
09:35:00	32.85	-0.03	21	71448	卖盘
09:34:57	32.88	--	60	198102	买盘
09:34:54	32.88	0.01	10	32880	买盘
09:34:51	32.87	-0.01	3	9861	卖盘
09:34:39	32.88	-0.07	10	32880	卖盘
09:34:36	32.95	--	30	98850	买盘
09:34:21	32.95	--	10	32950	买盘
09:34:12	32.95	0.08	1	3295	中性盘
09:34:06	32.87	0.08	1	3286	买盘
09:34:00	32.79	-0.09	14	45906	卖盘
09:33:57	32.88	0.09	6	19728	买盘
09:33:54	32.79	-0.01	82	268878	卖盘
09:33:51	32.8	0.01	86	282080	买盘
09:33:45	32.79	0.02	7	22953	买盘
09:33:39	32.77	-0.01	100	327700	卖盘
09:33:36	32.78	--	10	32780	买盘
09:33:33	32.78	--	6	19668	买盘
09:33:27	32.78	--	10	32780	买盘
09:33:24	32.78	--	2	6556	买盘
09:33:21	32.78	0.01	69	226182	买盘
09:33:18	32.77	-0.01	6	19662	中性盘
09:33:15	32.78	--	45	147510	买盘
09:33:12	32.78	--	31	101618	买盘
09:33:06	32.78	--	2	6556	卖盘
09:33:03	32.78	--	11	36058	卖盘
09:32:54	32.78	0.02	14	45892	买盘
09:32:51	32.76	-0.01	54	176904	卖盘
09:32:48	32.77	--	10	32770	卖盘
09:32:45	32.77	-0.01	5	16385	卖盘
09:32:42	32.78	0.01	1	3278	买盘
09:32:39	32.77	--	11	36047	卖盘
09:32:36	32.77	--	2	6554	卖盘
09:32:33	32.77	--	11	36047	买盘
09:32:30	32.77	0.01	37	121249	买盘
09:32:27	32.76	-0.01	5	16379	卖盘
09:32:24	32.77	--	5	16385	买盘
09:32:21	32.77	--	1	3277	买盘
09:32:18	32.77	0.02	9	29493	买盘
09:32:15	32.75	-0.01	7	22925	卖盘
09:32:12	32.76	-0.01	2	6552	卖盘
09:32:09	32.77	0.01	10	32770	买盘
09:32:06	32.76	-0.01	1	3276	买盘
09:32:03	32.77	--	3	9831	买盘
09:32:00	32.77	0.02	7	22939	买盘
09:31:57	32.75	-0.02	10	32750	卖盘
09:31:54	32.77	0.04	21	68817	买盘
09:31:51	32.73	-0.04	10	32729	卖盘
09:31:48	32.77	0.04	4	13108	买盘
09:31:45	32.73	-0.02	24	78551	卖盘
09:31:42	32.75	--	4	13100	卖盘
09:31:36	32.75	0.01	27	88425	卖盘
09:31:33	32.74	-0.03	20	65480	中性盘
09:31:30	32.77	--	20	65540	买盘
09:31:27	32.77	0.02	2	6554	买盘
09:31:21	32.75	-0.02	42	137550	中性盘
09:31:15	32.77	0.03	40	131080	买盘
09:31:12	32.74	0.02	78	255372	卖盘
09:31:09	32.72	-0.05	16	52352	卖盘
09:31:06	32.77	0.02	110	360470	买盘
09:31:03	32.75	--	2	6550	买盘
09:31:00	32.75	0.01	13	42575	买盘
09:30:57	32.74	0.01	21	68754	中性盘
09:30:51	32.73	--	23	75279	卖盘
09:30:48	32.73	0.01	15	49094	买盘
09:30:45	32.72	-0.01	70	229040	卖盘
09:30:39	32.73	--	22	72006	买盘
09:30:36	32.73	-0.02	40	130919	卖盘
09:30:33	32.75	-0.02	6	19650	卖盘
09:30:30	32.77	--	13	42601	卖盘
09:30:18	32.77	0.04	2	6554	中性盘
09:30:12	32.73	-0.06	5	16364	卖盘
09:30:09	32.79	0.07	29	95091	买盘
09:30:06	32.72	-0.07	19	62168	卖盘
09:30:03	32.79	-0.02	169	554151	卖盘
09:30:00	32.81	--	0	0	买盘
09:25:03	32.81	32.81	378	1240218	买盘
