成交时间	成交价	价格变动	成交量(手)	成交额(元)	性质
15:00:03	10.5	--	291	305550	买盘
14:57:00	10.5	--	0	0	买盘
14:56:45	10.5	-0.01	2	2100	买盘
14:56:33	10.51	0.02	12	12612	买盘
14:56:18	10.49	-0.01	51	53499	卖盘
14:56:15	10.5	0.01	106	111300	买盘
14:56:12	10.49	-0.01	15	15735	卖盘
14:55:48	10.5	0.01	19	19950	买盘
14:55:42	10.49	-0.01	30	31470	卖盘
14:55:36	10.5	0.01	30	31500	买盘
14:55:30	10.49	-0.01	25	26225	卖盘
14:55:24	10.5	--	1	1050	买盘
14:55:21	10.5	--	20	21000	买盘
14:55:18	10.5	--	8	8400	卖盘
14:55:00	10.5	-0.01	6	6300	中性盘
14:54:48	10.51	0.01	30	31530	买盘
14:54:45	10.5	--	139	145950	卖盘
14:54:39	10.5	--	100	105000	卖盘
14:54:33	10.5	--	10	10500	卖盘
14:54:15	10.5	--	5	5250	卖盘
14:54:09	10.5	--	15	15750	卖盘
14:54:03	10.5	--	88	92400	买盘
14:53:57	10.5	-0.01	12	12600	卖盘
14:53:54	10.51	0.01	22	23122	买盘
14:53:48	10.5	--	11	11550	买盘
14:53:39	10.5	--	25	26250	买盘
14:53:36	10.5	0.01	10	10500	买盘
14:53:30	10.49	-0.01	140	146860	卖盘
14:53:24	10.5	--	30	31500	买盘
14:53:18	10.5	--	37	38850	买盘
14:53:15	10.5	--	11	11550	买盘
14:53:12	10.5	--	41	43050	买盘
14:53:09	10.5	--	131	137550	买盘
14:53:06	10.5	--	25	26250	买盘
14:53:03	10.5	--	10	10500	买盘
14:52:48	10.5	--	10	10500	买盘
14:52:39	10.5	--	76	79800	卖盘
14:52:33	10.5	0.01	86	90300	买盘
14:52:27	10.49	-0.01	24	25176	卖盘
14:52:18	10.5	--	62	65100	卖盘
14:52:15	10.5	--	26	27300	卖盘
14:52:00	10.5	--	6	6300	卖盘
14:51:48	10.5	-0.01	30	31500	卖盘
14:51:45	10.51	0.01	20	21020	中性盘
14:51:21	10.5	-0.01	54	56700	卖盘
14:51:18	10.51	--	10	10510	卖盘
14:51:15	10.51	--	10	10510	卖盘
14:51:12	10.51	--	1	1051	卖盘
14:51:06	10.51	--	27	28377	买盘
14:51:03	10.51	--	50	52550	买盘
14:50:48	10.51	--	10	10510	买盘
14:50:33	10.51	--	16	16816	卖盘
14:50:30	10.51	--	6	6306	卖盘
14:50:21	10.51	--	69	72519	卖盘
14:50:18	10.51	--	9	9459	卖盘
14:50:12	10.51	--	2	2102	买盘
14:50:09	10.51	--	8	8408	卖盘
14:49:57	10.51	0.01	93	97743	买盘
14:49:54	10.5	--	2	2100	卖盘
14:49:51	10.5	--	5	5250	卖盘
14:49:42	10.5	--	21	22050	卖盘
14:49:39	10.5	--	2	2100	卖盘
14:49:30	10.5	0.01	48	50400	买盘
14:49:27	10.49	--	26	27274	卖盘
14:49:24	10.49	-0.01	10	10490	卖盘
14:49:15	10.5	--	5	5250	买盘
14:49:03	10.5	--	30	31500	买盘
14:48:54	10.5	0.01	20	21000	买盘
14:48:21	10.49	-0.01	37	38813	卖盘
14:48:15	10.5	0.01	10	10500	买盘
14:48:09	10.49	-0.01	21	22029	卖盘
14:48:06	10.5	0.01	2	2100	买盘
14:48:00	10.49	--	151	158399	卖盘
14:47:57	10.49	--	10	10490	卖盘
14:47:30	10.49	--	4	4196	卖盘
14:47:24	10.49	--	6	6294	卖盘
14:47:21	10.49	--	4	4196	卖盘
14:47:09	10.49	--	19	19931	卖盘
14:46:51	10.49	--	16	16784	卖盘
14:46:42	10.49	-0.01	16	16784	卖盘
14:46:39	10.5	0.01	1	1050	买盘
14:46:36	10.49	--	50	52450	卖盘
14:46:21	10.49	-0.01	21	22029	卖盘
14:46:12	10.5	--	115	120750	卖盘
14:45:54	10.5	--	2	2100	卖盘
14:45:42	10.5	--	4	4200	卖盘
14:45:18	10.5	--	8	8400	卖盘
14:45:15	10.5	--	1	1050	买盘
14:45:06	10.5	--	5	5250	买盘
14:45:00	10.5	0.01	16	16800	买盘
14:44:45	10.49	-0.01	106	111194	卖盘
14:44:33	10.5	--	11	11550	买盘
14:44:15	10.5	--	12	12600	买盘
14:43:57	10.5	--	30	31500	买盘
14:43:39	10.5	--	1	1050	买盘
14:43:36	10.5	--	162	170100	买盘
14:43:30	10.5	--	17	17850	买盘
14:43:24	10.5	0.01	10	10500	买盘
14:43:21	10.49	-0.01	11	11539	卖盘
14:43:15	10.5	--	5	5250	买盘
14:43:09	10.5	--	6	6300	买盘
14:43:06	10.5	--	15	15750	买盘
14:43:03	10.5	0.01	10	10500	买盘
14:42:51	10.49	-0.01	6	6294	卖盘
14:42:45	10.5	0.01	20	21000	买盘
14:42:39	10.49	-0.01	6	6294	卖盘
14:42:27	10.5	0.01	7	7350	买盘
14:41:57	10.49	-0.01	40	41960	卖盘
14:41:54	10.5	--	5	5250	买盘
14:41:21	10.5	--	55	57750	卖盘
14:41:15	10.5	-0.01	100	105000	卖盘
14:41:06	10.51	0.01	1	1051	买盘
14:40:48	10.5	0.01	30	31500	中性盘
14:40:45	10.49	-0.02	3	3147	卖盘
14:40:42	10.51	--	30	31530	买盘
14:40:39	10.51	0.02	10	10510	买盘
14:40:36	10.49	--	18	18882	卖盘
14:40:27	10.49	-0.01	360	377640	卖盘
14:40:18	10.5	--	10	10500	卖盘
14:40:09	10.5	--	20	21000	卖盘
14:40:03	10.5	--	10	10500	卖盘
14:39:45	10.5	--	10	10500	卖盘
14:39:33	10.5	--	18	18900	卖盘
14:39:18	10.5	--	28	29400	卖盘
14:39:12	10.5	--	10	10500	卖盘
14:39:09	10.5	-0.01	5	5250	卖盘
14:39:06	10.51	0.01	8	8408	买盘
14:39:00	10.5	--	418	438900	卖盘
14:38:57	10.5	-0.01	17	17850	卖盘
14:38:45	10.51	--	10	10510	买盘
14:38:39	10.51	--	75	78825	卖盘
14:38:36	10.51	--	4	4204	卖盘
14:38:33	10.51	--	10	10510	卖盘
14:38:27	10.51	--	3	3153	卖盘
14:38:24	10.51	--	10	10510	卖盘
14:38:18	10.51	-0.01	10	10510	卖盘
14:38:12	10.52	0.01	26	27352	买盘
14:37:57	10.51	--	10	10510	卖盘
14:37:54	10.51	--	56	58856	卖盘
14:37:51	10.51	--	50	52550	卖盘
14:37:30	10.51	--	50	52550	卖盘
14:37:24	10.51	--	160	168160	卖盘
14:37:03	10.51	--	60	63060	卖盘
14:37:00	10.51	-0.01	18	18918	卖盘
14:36:57	10.52	--	20	21040	买盘
14:36:54	10.52	--	15	15780	买盘
14:36:33	10.52	0.01	10	10520	买盘
14:36:30	10.51	-0.01	4	4204	卖盘
14:36:12	10.52	-0.01	46	48392	卖盘
14:36:03	10.53	0.01	10	10530	买盘
14:36:00	10.52	-0.01	60	63120	卖盘
14:35:54	10.53	0.01	22	23166	买盘
14:35:51	10.52	--	18	18936	卖盘
14:35:45	10.52	--	15	15780	卖盘
14:35:36	10.52	--	40	42080	卖盘
14:35:24	10.52	--	2	2104	买盘
14:35:18	10.52	--	5	5260	买盘
14:35:12	10.52	--	93	97836	卖盘
14:35:09	10.52	--	50	52600	卖盘
14:35:03	10.52	--	10	10520	卖盘
14:34:51	10.52	-0.01	10	10520	卖盘
14:34:39	10.53	0.01	5	5265	买盘
14:34:18	10.52	--	11	11572	买盘
14:34:12	10.52	--	100	105200	买盘
14:34:03	10.52	--	10	10520	买盘
14:33:45	10.52	--	3	3156	买盘
14:33:30	10.52	--	1	1052	买盘
14:32:54	10.52	--	58	61016	买盘
14:32:33	10.52	0.01	85	89420	买盘
14:31:57	10.51	--	100	105100	卖盘
14:31:45	10.51	--	5	5255	卖盘
14:31:30	10.51	--	133	139783	买盘
14:31:24	10.51	--	4	4204	买盘
14:31:18	10.51	--	10	10510	买盘
14:30:54	10.51	0.01	20	21020	买盘
14:30:18	10.5	--	14	14700	买盘
14:29:57	10.5	--	99	103950	卖盘
14:29:24	10.5	-0.01	20	21000	卖盘
14:29:15	10.51	--	156	163956	卖盘
14:28:54	10.51	-0.01	10	10510	卖盘
14:28:36	10.52	0.01	5	5260	买盘
14:28:09	10.51	--	47	49397	卖盘
14:28:00	10.51	-0.01	19	19969	卖盘
14:27:51	10.52	--	6	6312	卖盘
14:27:36	10.52	--	10	10520	卖盘
14:27:30	10.52	--	20	21040	卖盘
14:27:27	10.52	-0.01	35	36820	卖盘
14:27:24	10.53	--	10	10530	买盘
14:27:03	10.53	0.01	1	1053	买盘
14:26:45	10.52	-0.01	6	6312	卖盘
14:26:42	10.53	0.01	50	52650	买盘
14:26:36	10.52	-0.01	22	23144	卖盘
14:26:24	10.53	0.01	39	41067	买盘
14:26:21	10.52	--	23	24196	卖盘
14:26:15	10.52	-0.01	7	7364	卖盘
14:26:03	10.53	0.01	21	22113	买盘
14:25:39	10.52	--	1	1052	卖盘
14:25:36	10.52	--	96	100992	卖盘
14:25:27	10.52	--	84	88368	买盘
14:25:24	10.52	--	2	2104	买盘
14:25:15	10.52	--	10	10520	买盘
14:24:57	10.52	--	1	1052	买盘
14:24:51	10.52	--	3	3156	卖盘
14:24:45	10.52	-0.01	1	1052	卖盘
14:24:21	10.53	0.01	26	27378	买盘
14:24:09	10.52	0.01	22	23144	买盘
14:24:03	10.51	-0.01	32	33632	卖盘
14:23:45	10.52	--	23	24196	买盘
14:23:42	10.52	--	10	10520	买盘
14:23:39	10.52	--	42	44184	买盘
14:23:30	10.52	-0.01	11	11572	中性盘
14:23:18	10.53	0.02	420	442260	买盘
14:23:09	10.51	--	20	21020	卖盘
14:22:57	10.51	-0.01	11	11561	卖盘
14:22:51	10.52	0.01	40	42080	买盘
14:22:45	10.51	--	9	9459	卖盘
14:22:30	10.51	0.01	2	2102	中性盘
14:22:21	10.5	-0.01	1	1050	卖盘
14:22:18	10.51	0.01	24	26096	买盘
14:21:48	10.5	-0.01	9	9450	卖盘
14:21:45	10.51	0.01	3	3153	买盘
14:21:33	10.5	-0.01	20	21000	卖盘
14:21:21	10.51	--	40	42040	买盘
14:21:03	10.51	--	57	59907	买盘
14:20:57	10.51	--	11	11561	买盘
14:20:48	10.51	--	88	92488	买盘
14:20:45	10.51	--	30	31530	买盘
14:20:33	10.51	--	29	30479	买盘
14:20:27	10.51	0.01	200	210200	买盘
14:20:24	10.5	--	9	9450	卖盘
14:20:21	10.5	--	91	95550	卖盘
14:20:18	10.5	-0.01	24	25200	卖盘
14:20:06	10.51	--	10	10510	买盘
14:19:09	10.51	--	10	10510	买盘
14:19:03	10.51	0.01	10	10510	买盘
14:18:57	10.5	-0.01	157	164850	卖盘
14:18:48	10.51	0.01	10	10510	买盘
14:18:33	10.5	-0.01	25	26250	卖盘
14:18:12	10.51	--	7	7357	买盘
14:17:45	10.51	0.01	27	28377	买盘
14:17:06	10.5	--	10	10500	卖盘
14:16:33	10.5	--	24	25200	卖盘
14:16:18	10.5	--	56	58800	卖盘
14:16:06	10.5	--	1	1050	卖盘
14:15:45	10.5	--	37	38850	卖盘
14:15:03	10.5	--	6	6300	卖盘
14:14:51	10.5	--	9	9450	卖盘
14:14:36	10.5	-0.01	25	26250	卖盘
14:13:27	10.51	--	28	29428	买盘
14:13:15	10.51	0.01	50	52550	买盘
14:13:03	10.5	--	7	7350	卖盘
14:12:36	10.5	0.01	102	107373	买盘
14:12:30	10.49	-0.01	132	138468	卖盘
14:12:00	10.5	-0.01	234	246477	卖盘
14:11:51	10.51	0.01	12	12612	买盘
14:11:03	10.5	-0.01	6	6300	卖盘
14:10:48	10.51	--	119	125247	卖盘
14:10:03	10.51	-0.01	5	5255	卖盘
14:09:39	10.52	0.01	30	31560	买盘
14:08:42	10.51	--	23	25045	买盘
14:08:30	10.51	--	50	52550	买盘
14:08:24	10.51	0.01	80	84080	买盘
14:07:12	10.5	-0.01	35	36750	卖盘
14:07:06	10.51	0.01	20	21020	买盘
14:06:57	10.5	-0.01	2	2100	卖盘
14:06:36	10.51	0.01	10	10510	买盘
14:06:06	10.5	--	12	12600	卖盘
14:05:54	10.5	--	30	31500	卖盘
14:05:45	10.5	-0.01	5	5250	卖盘
14:05:33	10.51	0.01	10	10510	买盘
14:05:24	10.5	--	10	10500	卖盘
14:04:51	10.5	-0.01	50	52500	卖盘
14:04:15	10.51	--	1	1051	买盘
14:03:54	10.51	--	11	12412	卖盘
14:03:48	10.51	--	7	7357	卖盘
14:03:36	10.51	-0.01	64	67264	卖盘
14:03:09	10.52	--	19	19988	卖盘
14:03:06	10.52	--	14	14728	卖盘
14:03:03	10.52	--	50	52600	卖盘
14:02:51	10.52	--	1	1052	卖盘
14:02:33	10.52	--	40	42080	卖盘
14:02:18	10.52	-0.01	37	38924	卖盘
14:02:15	10.53	0.01	8	8424	买盘
14:02:00	10.52	--	10	10520	卖盘
14:01:45	10.52	--	1	1052	卖盘
14:01:39	10.52	0.01	41	43132	买盘
14:01:03	10.51	--	151	158701	卖盘
14:00:54	10.51	-0.01	10	10510	卖盘
14:00:24	10.52	--	20	21040	买盘
13:59:45	10.52	--	26	27352	买盘
13:59:39	10.52	--	9	9468	买盘
13:59:12	10.52	--	19	19988	卖盘
13:59:09	10.52	--	10	10520	卖盘
13:58:51	10.52	0.01	10	10520	买盘
13:58:42	10.51	--	1	1051	卖盘
13:58:39	10.51	-0.01	32	33632	卖盘
13:58:36	10.52	0.01	5	5260	买盘
13:58:27	10.51	--	6	6306	卖盘
13:58:15	10.51	--	15	15765	卖盘
13:57:27	10.51	--	11	11561	卖盘
13:57:06	10.51	--	20	21219	卖盘
13:57:03	10.51	-0.01	1	1051	卖盘
13:56:51	10.52	--	48	50496	买盘
13:56:30	10.52	0.01	9	9468	买盘
13:56:03	10.51	-0.01	20	21020	卖盘
13:56:00	10.52	--	2	2104	买盘
13:55:51	10.52	0.01	8	8416	买盘
13:55:36	10.51	--	15	15765	买盘
13:55:27	10.51	--	24	25224	卖盘
13:55:12	10.51	--	15	15765	卖盘
13:55:06	10.51	-0.01	1	1051	卖盘
13:54:48	10.52	0.01	28	29456	买盘
13:54:03	10.51	-0.01	30	31530	卖盘
13:53:57	10.52	0.01	189	198828	买盘
13:53:39	10.51	--	99	104049	买盘
13:53:30	10.51	0.01	5	5255	买盘
13:52:36	10.5	--	5	5523	买盘
13:52:27	10.5	-0.01	117	123627	卖盘
13:52:18	10.51	--	50	52550	买盘
13:52:09	10.51	--	78	81978	买盘
13:51:54	10.51	--	50	52550	买盘
13:51:36	10.51	0.01	10	10510	买盘
13:51:21	10.5	-0.01	26	27300	卖盘
13:51:03	10.51	0.01	33	34683	买盘
13:50:39	10.5	--	6	6300	卖盘
13:50:36	10.5	--	30	31500	卖盘
13:49:54	10.5	--	7	7623	买盘
13:49:39	10.5	--	1	1827	卖盘
13:49:24	10.5	--	12	12600	卖盘
13:49:18	10.5	--	11	11550	卖盘
13:49:03	10.5	--	1	1050	卖盘
13:48:57	10.5	--	40	42273	买盘
13:48:39	10.5	--	20	21000	买盘
13:48:12	10.5	--	43	45927	卖盘
13:47:36	10.5	--	1	1050	卖盘
13:47:27	10.5	--	0	273	买盘
13:47:21	10.5	--	3	3150	买盘
13:47:12	10.5	--	27	28350	买盘
13:47:00	10.5	0.01	23	24150	买盘
13:46:42	10.49	--	1	1049	卖盘
13:46:36	10.49	--	53	55597	卖盘
13:46:30	10.49	--	4	4196	卖盘
13:46:15	10.49	-0.01	7	7343	卖盘
13:46:12	10.5	0.01	5	5250	买盘
13:45:51	10.49	--	30	31470	卖盘
13:45:36	10.49	-0.01	19	19931	卖盘
13:45:30	10.5	--	36	37800	买盘
13:45:09	10.5	--	60	63000	买盘
13:44:42	10.5	0.01	10	10500	买盘
13:44:24	10.49	-0.01	13	13637	卖盘
13:44:09	10.5	0.02	50	52500	买盘
13:44:06	10.48	-0.01	25	26200	卖盘
13:43:51	10.49	--	20	20980	买盘
13:43:39	10.49	--	7	7343	买盘
13:43:30	10.49	-0.01	13	13637	中性盘
13:42:33	10.5	--	1	1050	买盘
13:41:51	10.5	--	1	1050	买盘
13:41:06	10.5	0.02	36	37800	买盘
13:40:15	10.48	--	7	7336	卖盘
13:40:12	10.48	--	25	26200	卖盘
13:39:39	10.48	--	11	11528	卖盘
13:39:06	10.48	-0.01	200	209600	卖盘
13:38:48	10.49	--	7	7343	买盘
13:38:27	10.49	--	10	10490	买盘
13:38:15	10.49	--	83	87067	卖盘
13:38:09	10.49	-0.01	50	52450	卖盘
13:37:18	10.5	--	5	5250	买盘
13:37:15	10.5	--	40	42000	买盘
13:36:30	10.5	--	20	21000	买盘
13:36:00	10.5	0.01	200	210000	买盘
13:35:54	10.49	-0.01	10	10490	卖盘
13:35:45	10.5	0.01	1	1050	买盘
13:34:57	10.49	-0.01	4	4196	卖盘
13:34:54	10.5	0.01	90	94500	买盘
13:34:48	10.49	-0.01	11	11539	卖盘
13:34:42	10.5	--	4	4200	买盘
13:34:24	10.5	-0.02	282	296877	卖盘
13:33:54	10.52	0.02	9	9468	买盘
13:32:27	10.5	--	20	21000	卖盘
13:32:00	10.5	-0.01	250	262500	卖盘
13:31:57	10.51	--	10	10510	卖盘
13:31:45	10.51	0.01	14	14714	中性盘
13:31:39	10.5	--	54	56700	卖盘
13:30:06	10.5	-0.05	50	52500	卖盘
13:30:00	10.55	0.03	51	53805	买盘
13:29:39	10.52	-0.03	40	42080	卖盘
13:29:36	10.55	0.03	485	511675	买盘
13:29:09	10.52	--	55	58133	买盘
13:28:57	10.52	--	50	52600	买盘
13:28:45	10.52	--	5	5260	买盘
13:27:48	10.52	--	50	52600	买盘
13:27:33	10.52	--	8	8416	买盘
13:27:21	10.52	--	1	1052	买盘
13:27:15	10.52	0.01	166	174632	买盘
13:26:36	10.51	0.01	96	100896	买盘
13:26:24	10.5	-0.01	20	21000	卖盘
13:26:03	10.51	0.01	35	36785	买盘
13:25:06	10.5	--	22	23100	卖盘
13:24:57	10.5	-0.01	5	5250	卖盘
13:24:33	10.51	--	10	10510	买盘
13:24:18	10.51	-0.01	6	6306	卖盘
13:23:54	10.52	--	10	10520	买盘
13:23:51	10.52	--	2	2104	买盘
13:23:45	10.52	--	20	21040	买盘
13:23:42	10.52	--	30	31560	买盘
13:23:15	10.52	0.01	8	8416	买盘
13:22:51	10.51	0.02	19	19969	买盘
13:21:51	10.49	--	2	2098	买盘
13:21:39	10.49	--	48	50352	卖盘
13:21:24	10.49	--	20	20980	卖盘
13:20:51	10.49	-0.01	100	104900	卖盘
13:20:39	10.5	--	10	10500	买盘
13:20:24	10.5	--	18	18900	买盘
13:20:21	10.5	--	50	52500	卖盘
13:19:33	10.5	0.01	63	66150	买盘
13:19:27	10.49	-0.01	20	20980	卖盘
13:19:09	10.5	--	20	21000	买盘
13:19:06	10.5	-0.01	69	72450	卖盘
13:18:30	10.51	--	2	2102	买盘
13:18:24	10.51	-0.01	50	52550	卖盘
13:18:09	10.52	-0.01	18	18936	卖盘
13:18:00	10.53	--	6	6318	买盘
13:17:57	10.53	--	6	6318	买盘
13:17:45	10.53	0.01	1	1053	买盘
13:17:27	10.52	0.01	83	87316	买盘
13:17:24	10.51	--	21	22071	买盘
13:17:18	10.51	--	10	10510	买盘
13:17:15	10.51	-0.01	101	106151	卖盘
13:17:03	10.52	0.01	30	31560	买盘
13:17:00	10.51	--	24	25224	买盘
13:16:57	10.51	--	5	5255	买盘
13:16:54	10.51	--	80	84080	买盘
13:16:42	10.51	--	328	344728	买盘
13:16:39	10.51	--	27	28377	买盘
13:16:36	10.51	0.01	50	52550	买盘
13:16:27	10.5	--	12	12600	卖盘
13:16:18	10.5	--	16	16800	买盘
13:16:15	10.5	--	4	4200	卖盘
13:15:45	10.5	--	15	15750	买盘
13:15:21	10.5	--	100	105000	买盘
13:15:18	10.5	--	4	4200	买盘
13:14:57	10.5	0.01	2	2100	买盘
13:14:06	10.49	--	168	176232	买盘
13:13:57	10.49	--	20	20980	卖盘
13:13:54	10.49	--	2	2098	卖盘
13:13:39	10.49	--	2	2098	买盘
13:13:18	10.49	--	100	104900	买盘
13:12:51	10.49	--	63	66087	买盘
13:12:42	10.49	--	1	1049	买盘
13:11:27	10.49	0.02	10	10490	买盘
13:10:57	10.47	-0.02	8	8376	卖盘
13:10:24	10.49	0.02	7	7343	买盘
13:09:18	10.47	-0.02	6	6282	卖盘
13:08:09	10.49	0.01	63	66087	买盘
13:08:03	10.48	--	35	36680	买盘
13:07:33	10.48	--	10	10480	买盘
13:07:30	10.48	--	1	1048	买盘
13:07:12	10.48	--	10	10480	买盘
13:06:51	10.48	--	30	31440	买盘
13:06:45	10.48	--	2	2096	买盘
13:06:27	10.48	-0.01	2	2096	卖盘
13:06:15	10.49	0.01	5	5245	买盘
13:05:57	10.48	--	8	8384	买盘
13:05:39	10.48	--	3	3144	卖盘
13:05:33	10.48	--	27	28296	买盘
13:04:48	10.48	--	18	18864	买盘
13:04:45	10.48	--	10	10480	买盘
13:04:24	10.48	--	47	49256	卖盘
13:03:09	10.48	--	2	2096	卖盘
13:02:42	10.48	--	100	104800	卖盘
13:02:36	10.48	-0.01	50	52400	卖盘
13:02:27	10.49	--	2	2098	买盘
13:02:09	10.49	0.01	100	104900	买盘
13:01:54	10.48	--	19	19912	卖盘
13:01:15	10.48	--	8	8384	卖盘
13:00:54	10.48	--	10	10480	卖盘
13:00:06	10.48	--	11	11528	卖盘
13:00:03	10.48	0.01	328	344414	买盘
13:00:00	10.47	--	0	0	卖盘
11:30:00	10.47	-0.01	4	4188	卖盘
11:29:03	10.48	--	1	1048	买盘
11:29:00	10.48	--	18	18864	买盘
11:28:12	10.48	--	94	98512	买盘
11:28:09	10.48	--	1	1048	买盘
11:28:06	10.48	0.01	10	10480	买盘
11:27:33	10.47	--	17	17799	买盘
11:27:24	10.47	0.01	40	41880	买盘
11:27:21	10.46	-0.01	35	36610	卖盘
11:27:15	10.47	--	10	10470	买盘
11:27:03	10.47	--	30	31410	买盘
11:26:48	10.47	--	32	33504	买盘
11:26:45	10.47	--	40	41880	买盘
11:26:39	10.47	--	15	15705	买盘
11:26:30	10.47	--	50	52350	买盘
11:26:27	10.47	--	21	21987	买盘
11:26:12	10.47	--	21	21987	买盘
11:25:33	10.47	--	1	1047	买盘
11:25:30	10.47	--	20	20940	买盘
11:25:06	10.47	--	83	86901	卖盘
11:24:42	10.47	--	43	45021	买盘
11:24:33	10.47	--	1	1047	买盘
11:24:30	10.47	-0.01	13	13611	卖盘
11:23:51	10.48	0.01	9	9432	买盘
11:23:45	10.47	-0.01	7	7329	卖盘
11:23:36	10.48	--	1	1048	买盘
11:23:33	10.48	-0.01	1	1048	卖盘
11:23:18	10.49	--	13	13637	买盘
11:23:09	10.49	-0.01	10	10490	中性盘
11:22:33	10.5	0.04	400	420000	买盘
11:22:21	10.46	--	13	13598	买盘
11:21:48	10.46	0.01	1	1046	买盘
11:21:45	10.45	-0.01	20	20900	卖盘
11:21:33	10.46	--	12	12552	买盘
11:21:09	10.46	0.01	1	1046	买盘
11:20:39	10.45	--	20	20900	卖盘
11:20:24	10.45	--	13	13584	买盘
11:20:18	10.45	--	1	1045	卖盘
11:20:12	10.45	--	20	20900	买盘
11:20:06	10.45	--	125	130624	买盘
11:20:03	10.45	--	203	212135	买盘
11:20:00	10.45	--	751	784795	买盘
11:19:54	10.45	--	16	16720	买盘
11:19:48	10.45	--	46	48070	买盘
11:19:45	10.45	--	21	21945	买盘
11:19:39	10.45	--	30	31349	买盘
11:19:30	10.45	--	9	9405	买盘
11:19:27	10.45	0.01	200	209000	买盘
11:18:48	10.44	-0.01	130	135720	卖盘
11:18:42	10.45	--	40	41800	买盘
11:18:33	10.45	--	1	1045	买盘
11:18:30	10.45	--	50	52250	买盘
11:18:12	10.45	--	78	81510	买盘
11:18:06	10.45	--	40	41800	买盘
11:17:54	10.45	0.01	50	52250	买盘
11:17:51	10.44	--	5	5220	卖盘
11:17:48	10.44	-0.01	4	4176	卖盘
11:17:39	10.45	0.01	1	1045	买盘
11:17:36	10.44	--	17	17748	卖盘
11:17:18	10.44	-0.01	9	9396	卖盘
11:17:00	10.45	--	1	1045	买盘
11:16:57	10.45	0.01	7	7314	买盘
11:16:09	10.44	--	8	8352	卖盘
11:16:06	10.44	-0.01	63	65772	卖盘
11:15:54	10.45	0.01	1	1045	买盘
11:15:36	10.44	-0.01	25	26100	卖盘
11:15:27	10.45	--	21	21945	买盘
11:15:15	10.45	0.01	100	104500	买盘
11:15:12	10.44	-0.01	3	3132	卖盘
11:14:42	10.45	0.01	7	7314	中性盘
11:14:00	10.44	--	132	137808	卖盘
11:13:30	10.44	--	17	17748	卖盘
11:13:03	10.44	0.01	487	508428	买盘
11:12:36	10.43	-0.01	2	2086	卖盘
11:12:33	10.44	--	1	1044	买盘
11:12:30	10.44	--	1	1044	买盘
11:12:27	10.44	-0.02	321	335124	卖盘
11:12:24	10.46	0.01	22	23012	买盘
11:12:21	10.45	--	51	53295	买盘
11:11:51	10.45	--	6	6270	买盘
11:11:48	10.45	--	10	10450	买盘
11:11:15	10.45	0.01	5	5225	买盘
11:11:09	10.44	--	10	10440	卖盘
11:11:03	10.44	0.01	4	4176	中性盘
11:10:48	10.43	-0.01	122	127246	卖盘
11:10:42	10.44	--	29	30276	买盘
11:10:39	10.44	--	100	104400	买盘
11:10:30	10.44	--	17	17748	卖盘
11:10:24	10.44	--	10	10440	卖盘
11:10:21	10.44	--	50	52200	卖盘
11:10:18	10.44	-0.01	50	52200	卖盘
11:09:51	10.45	0.01	1	1045	买盘
11:09:48	10.44	--	1	1044	买盘
11:09:36	10.44	--	2	2088	卖盘
11:09:21	10.44	-0.02	2	2088	卖盘
11:08:54	10.46	0.02	34	35564	买盘
11:08:45	10.44	-0.01	10	10440	卖盘
11:08:36	10.45	0.02	48	50160	买盘
11:07:48	10.43	-0.01	203	212156	卖盘
11:07:45	10.44	--	35	36540	买盘
11:07:33	10.44	--	274	286671	卖盘
11:07:27	10.44	--	11	11484	卖盘
11:07:24	10.44	--	150	156600	卖盘
11:07:21	10.44	--	150	156600	卖盘
11:07:00	10.44	--	102	106488	卖盘
11:06:54	10.44	--	30	31320	卖盘
11:06:36	10.44	-0.01	9	9396	卖盘
11:06:27	10.45	--	1	1045	买盘
11:06:24	10.45	--	2	2090	卖盘
11:06:15	10.45	--	65	67925	卖盘
11:06:06	10.45	--	9	9405	卖盘
11:06:03	10.45	-0.01	10	10450	卖盘
11:05:57	10.46	0.01	1	1046	买盘
11:05:09	10.45	-0.01	10	10450	卖盘
11:04:45	10.46	0.01	17	17782	买盘
11:04:42	10.45	-0.01	11	11495	卖盘
11:04:39	10.46	0.01	20	20920	买盘
11:04:27	10.45	--	75	78375	卖盘
11:04:18	10.45	-0.01	96	100320	卖盘
11:03:57	10.46	0.01	11	11506	买盘
11:03:54	10.45	--	2	2090	卖盘
11:03:42	10.45	--	9	9405	卖盘
11:03:30	10.45	--	10	10450	卖盘
11:03:27	10.45	--	50	52250	卖盘
11:03:24	10.45	--	9	9405	卖盘
11:03:15	10.45	--	21	21945	卖盘
11:03:06	10.45	--	10	10450	买盘
11:03:00	10.45	0.01	1	1045	买盘
11:02:57	10.44	-0.01	1	1044	卖盘
11:02:51	10.45	--	1	1045	买盘
11:02:48	10.45	--	100	104500	买盘
11:02:39	10.45	0.01	50	52250	买盘
11:02:30	10.44	-0.01	21	21924	卖盘
11:02:24	10.45	--	27	28214	买盘
11:02:15	10.45	0.01	6	6270	买盘
11:02:12	10.44	--	10	10440	卖盘
11:02:06	10.44	--	1	1472	卖盘
11:01:54	10.44	-0.01	20	20880	卖盘
11:01:39	10.45	--	13	13584	买盘
11:01:33	10.45	--	10	10450	买盘
11:01:24	10.45	--	1	1045	买盘
11:01:21	10.45	0.01	10	10450	买盘
11:01:12	10.44	-0.01	20	20880	卖盘
11:01:03	10.45	0.01	10	10450	买盘
11:00:54	10.44	-0.01	10	10440	卖盘
11:00:42	10.45	--	7	7314	买盘
11:00:27	10.45	--	1	1045	买盘
11:00:24	10.45	0.01	21	21945	买盘
10:59:51	10.44	-0.01	65	67860	卖盘
10:59:45	10.45	0.01	11	11495	买盘
10:59:42	10.44	--	14	14616	卖盘
10:59:30	10.44	-0.01	5	5220	卖盘
10:59:27	10.45	0.01	50	52250	买盘
10:59:21	10.44	-0.01	102	106488	卖盘
10:59:18	10.45	--	30	31349	买盘
10:59:06	10.45	--	1	1045	买盘
10:59:03	10.45	0.01	5	5225	买盘
10:58:57	10.44	-0.01	100	104400	卖盘
10:58:48	10.45	--	1	1045	买盘
10:58:45	10.45	--	284	296780	卖盘
10:58:30	10.45	--	45	47025	卖盘
10:58:21	10.45	-0.01	100	104500	卖盘
10:58:18	10.46	--	1	1046	买盘
10:58:12	10.46	--	1	1046	买盘
10:58:09	10.46	--	542	567308	卖盘
10:57:36	10.46	--	0	669	卖盘
10:57:18	10.46	-0.01	9	9414	卖盘
10:57:09	10.47	--	1	1047	买盘
10:57:06	10.47	--	10	10470	买盘
10:56:36	10.47	0.01	10	10470	买盘
10:56:18	10.46	-0.01	9	9414	卖盘
10:56:15	10.47	0.01	1	1047	买盘
10:56:12	10.46	-0.01	20	20920	卖盘
10:56:03	10.47	--	20	20940	买盘
10:56:00	10.47	0.01	5	5235	买盘
10:55:54	10.46	-0.01	1	1046	卖盘
10:55:36	10.47	-0.01	18	18846	卖盘
10:55:24	10.48	0.01	20	20960	买盘
10:55:18	10.47	--	50	52350	卖盘
10:55:15	10.47	-0.01	100	104700	卖盘
10:55:03	10.48	--	2	2096	买盘
10:55:00	10.48	--	100	104800	买盘
10:54:21	10.48	0.01	20	20960	买盘
10:54:15	10.47	0.01	18	18846	买盘
10:54:09	10.46	-0.01	41	42886	卖盘
10:54:00	10.47	--	1	1047	买盘
10:53:54	10.47	0.01	1	1047	买盘
10:53:51	10.46	-0.01	73	76358	卖盘
10:53:30	10.47	0.01	5	5235	买盘
10:53:21	10.46	-0.01	50	52300	卖盘
10:53:00	10.47	--	10	10470	买盘
10:52:57	10.47	--	10	10470	买盘
10:52:54	10.47	--	1	1047	买盘
10:52:51	10.47	--	10	10470	买盘
10:52:33	10.47	--	6	6282	买盘
10:52:00	10.47	0.01	1	1047	买盘
10:51:57	10.46	-0.01	22	23012	卖盘
10:51:45	10.47	--	32	33504	买盘
10:51:36	10.47	--	2	2094	买盘
10:51:18	10.47	--	1	1047	买盘
10:51:15	10.47	--	69	72243	卖盘
10:50:45	10.47	-0.01	50	52350	卖盘
10:50:33	10.48	--	1	1048	买盘
10:50:30	10.48	--	10	10480	买盘
10:49:57	10.48	0.01	31	32488	买盘
10:49:45	10.47	-0.01	14	14658	卖盘
10:49:42	10.48	0.01	5	5240	买盘
10:49:39	10.47	-0.01	6	6282	卖盘
10:49:30	10.48	0.01	32	33536	买盘
10:49:27	10.47	--	14	14658	卖盘
10:49:18	10.47	--	30	31410	买盘
10:49:12	10.47	0.01	71	74337	买盘
10:49:09	10.46	-0.01	4	4184	卖盘
10:48:36	10.47	--	1	1047	买盘
10:48:33	10.47	--	5	5235	买盘
10:48:09	10.47	--	43	45021	买盘
10:47:54	10.47	0.01	14	14658	买盘
10:47:51	10.46	-0.01	18	18828	卖盘
10:47:42	10.47	--	11	11517	买盘
10:47:39	10.47	--	1	1047	买盘
10:47:36	10.47	--	10	10470	买盘
10:47:24	10.47	0.01	6	6282	买盘
10:47:09	10.46	-0.01	4	4184	卖盘
10:46:54	10.47	--	190	198930	买盘
10:46:27	10.47	--	2	2094	买盘
10:45:15	10.47	0.01	1	1047	买盘
10:45:12	10.46	--	2	2092	卖盘
10:45:00	10.46	--	3	3138	卖盘
10:44:39	10.46	--	54	56484	卖盘
10:44:30	10.46	-0.01	10	10460	卖盘
10:44:24	10.47	0.01	1	1047	买盘
10:44:21	10.46	--	17	17782	卖盘
10:43:57	10.46	-0.01	52	54392	卖盘
10:43:30	10.47	--	1	1047	买盘
10:43:27	10.47	0.01	5	5235	买盘
10:43:21	10.46	--	6	6276	卖盘
10:43:18	10.46	--	100	104600	卖盘
10:43:12	10.46	--	100	104600	卖盘
10:43:06	10.46	-0.01	100	104600	卖盘
10:42:54	10.47	0.01	1	1047	买盘
10:42:51	10.46	--	5	5230	卖盘
10:42:21	10.46	-0.01	55	57530	卖盘
10:42:18	10.47	--	10	10470	买盘
10:42:12	10.47	-0.01	41	42927	卖盘
10:42:03	10.48	0.01	1	1048	买盘
10:42:00	10.47	--	5	5235	卖盘
10:41:57	10.47	0.01	2	2094	中性盘
10:41:42	10.46	-0.01	30	31380	卖盘
10:41:39	10.47	--	31	32457	买盘
10:41:15	10.47	-0.01	69	72243	卖盘
10:41:03	10.48	--	1	1048	买盘
10:40:57	10.48	--	1	1048	买盘
10:40:54	10.48	--	20	20960	买盘
10:40:36	10.48	0.01	3	3144	买盘
10:40:24	10.47	-0.01	50	52350	卖盘
10:40:18	10.48	--	1	1048	买盘
10:40:15	10.48	0.01	10	10480	买盘
10:39:54	10.47	--	2	2094	买盘
10:39:51	10.47	--	107	112029	买盘
10:39:42	10.47	--	30	31410	买盘
10:39:27	10.47	--	30	31410	买盘
10:39:24	10.47	--	3	3141	买盘
10:39:15	10.47	0.01	10	10470	买盘
10:39:12	10.46	-0.01	2	2092	卖盘
10:39:09	10.47	--	40	41880	买盘
10:38:39	10.47	0.01	1	1047	买盘
10:38:36	10.46	--	6	6276	卖盘
10:37:57	10.46	-0.01	50	52300	卖盘
10:37:42	10.47	--	20	20940	买盘
10:37:39	10.47	--	1	1047	买盘
10:37:36	10.47	--	1	1047	买盘
10:37:12	10.47	0.01	40	41880	买盘
10:37:09	10.46	-0.01	9	9414	卖盘
10:37:03	10.47	0.01	1	1047	买盘
10:37:00	10.46	--	8	8368	卖盘
10:36:27	10.46	-0.01	30	31380	卖盘
10:36:21	10.47	0.01	17	17799	买盘
10:36:18	10.46	-0.01	120	125520	卖盘
10:36:12	10.47	--	20	20940	买盘
10:36:06	10.47	--	100	104700	买盘
10:35:54	10.47	--	1	1047	买盘
10:35:51	10.47	--	10	10470	买盘
10:35:39	10.47	-0.01	215	225105	卖盘
10:35:36	10.48	--	6	6288	买盘
10:35:09	10.48	--	1	1048	买盘
10:35:06	10.48	--	10	10480	买盘
10:34:39	10.48	--	10	10480	买盘
10:34:33	10.48	--	8	8384	买盘
10:34:09	10.48	0.01	1	1048	买盘
10:34:06	10.47	--	1	1047	卖盘
10:33:51	10.47	--	12	12564	卖盘
10:33:39	10.47	--	120	125640	卖盘
10:33:24	10.47	0.01	15	15705	买盘
10:33:18	10.46	-0.01	10	10460	卖盘
10:33:15	10.47	0.01	1	1047	买盘
10:33:12	10.46	-0.01	34	35564	卖盘
10:33:09	10.47	--	10	10470	买盘
10:32:57	10.47	0.01	13	13611	买盘
10:32:48	10.46	-0.01	1	1046	卖盘
10:32:24	10.47	--	1	1047	买盘
10:32:21	10.47	--	1	1047	买盘
10:32:06	10.47	--	4	4188	买盘
10:32:00	10.47	0.01	17	17799	买盘
10:31:42	10.46	-0.01	8	8368	卖盘
10:31:39	10.47	--	1	1047	买盘
10:31:33	10.47	--	1	1047	买盘
10:31:30	10.47	0.01	20	20940	买盘
10:31:09	10.46	--	5	5230	卖盘
10:31:06	10.46	-0.01	37	38702	卖盘
10:31:03	10.47	0.01	1	1047	买盘
10:30:30	10.46	-0.01	40	41840	卖盘
10:30:21	10.47	--	15	15705	买盘
10:30:09	10.47	--	2	2094	买盘
10:30:06	10.47	--	7	7329	买盘
10:29:51	10.47	--	1	1047	买盘
10:29:48	10.47	--	6	6282	买盘
10:29:33	10.47	--	300	314100	买盘
10:29:30	10.47	0.01	7	7329	买盘
10:29:27	10.46	-0.01	2	2092	卖盘
10:29:06	10.47	0.01	1	1047	买盘
10:29:03	10.46	--	100	104600	卖盘
10:28:36	10.46	-0.01	1	1046	卖盘
10:28:27	10.47	--	3	3141	买盘
10:28:21	10.47	--	5	5235	买盘
10:28:15	10.47	0.01	160	167520	买盘
10:28:06	10.46	--	50	52300	卖盘
10:27:48	10.46	-0.01	13	13598	卖盘
10:27:42	10.47	0.01	2	2094	买盘
10:27:03	10.46	-0.01	100	104600	卖盘
10:26:45	10.47	0.01	9	9423	买盘
10:26:39	10.46	-0.01	10	10460	卖盘
10:26:30	10.47	--	101	105747	买盘
10:26:27	10.47	--	50	52350	买盘
10:25:54	10.47	--	1	1047	买盘
10:25:51	10.47	--	145	151815	卖盘
10:25:09	10.47	-0.01	5	5235	卖盘
10:24:57	10.48	--	1	1048	买盘
10:24:54	10.48	--	10	10480	买盘
10:24:33	10.48	-0.01	19	19912	卖盘
10:24:30	10.49	0.01	3	3147	买盘
10:24:27	10.48	0.01	50	52400	中性盘
10:24:06	10.47	-0.02	223	233481	卖盘
10:23:57	10.49	0.01	1	1049	买盘
10:23:54	10.48	--	165	172920	买盘
10:23:33	10.48	--	15	15720	买盘
10:23:24	10.48	--	10	10480	买盘
10:23:18	10.48	--	107	112136	卖盘
10:23:12	10.48	--	9	9432	卖盘
10:23:09	10.48	-0.01	9	9432	卖盘
10:23:03	10.49	--	1	1049	买盘
10:23:00	10.49	--	48	50352	买盘
10:22:57	10.49	0.01	30	31470	买盘
10:22:51	10.48	--	228	238944	卖盘
10:22:48	10.48	-0.01	45	47160	卖盘
10:22:36	10.49	--	10	10490	买盘
10:22:30	10.49	--	11	11539	买盘
10:22:18	10.49	0.01	1	1049	买盘
10:22:15	10.48	-0.01	5	5240	卖盘
10:22:03	10.49	--	104	109096	买盘
10:21:48	10.49	--	40	41960	买盘
10:21:36	10.49	--	1	1049	买盘
10:21:33	10.49	0.01	29	30421	买盘
10:21:15	10.48	-0.01	34	35632	卖盘
10:21:03	10.49	--	92	96508	买盘
10:20:54	10.49	--	2	2098	买盘
10:20:42	10.49	--	50	52450	买盘
10:20:36	10.49	--	100	104900	买盘
10:20:30	10.49	--	1	1049	买盘
10:20:27	10.49	--	46	48254	买盘
10:20:24	10.49	--	10	10490	买盘
10:20:21	10.49	0.01	20	20980	买盘
10:20:09	10.48	-0.01	1	1048	卖盘
10:20:03	10.49	--	20	20980	买盘
10:19:57	10.49	--	18	18882	买盘
10:19:51	10.49	0.01	28	29372	买盘
10:19:42	10.48	0.01	19	19912	买盘
10:19:39	10.47	-0.01	209	218823	卖盘
10:19:33	10.48	0.01	3	3144	买盘
10:19:27	10.47	--	10	10470	卖盘
10:19:09	10.47	-0.01	5	5235	卖盘
10:19:06	10.48	0.01	1	1048	买盘
10:19:03	10.47	--	10	10470	卖盘
10:18:33	10.47	0.01	142	148674	买盘
10:18:18	10.46	-0.01	6	6276	卖盘
10:18:00	10.47	--	300	314100	买盘
10:17:57	10.47	--	11	11517	买盘
10:17:54	10.47	--	5	5235	买盘
10:17:27	10.47	0.01	104	108888	买盘
10:17:24	10.46	--	16	16736	卖盘
10:17:21	10.46	-0.01	103	107738	卖盘
10:17:06	10.47	--	6	6282	买盘
10:17:03	10.47	-0.01	183	191601	卖盘
10:16:48	10.48	0.01	20	20960	买盘
10:16:45	10.47	-0.01	10	10470	卖盘
10:16:03	10.48	0.01	10	10480	买盘
10:16:00	10.47	-0.01	30	31410	卖盘
10:15:54	10.48	0.01	2	2096	买盘
10:15:51	10.47	--	5	5235	卖盘
10:15:12	10.47	0.01	29	30363	买盘
10:15:03	10.46	-0.01	10	10460	卖盘
10:14:54	10.47	--	12	12564	买盘
10:14:51	10.47	--	9	9423	买盘
10:14:39	10.47	--	2	2094	卖盘
10:14:36	10.47	--	6	6282	卖盘
10:14:24	10.47	-0.02	2	2094	卖盘
10:14:09	10.49	--	10	10490	买盘
10:14:06	10.49	0.03	10	10490	买盘
10:13:48	10.46	-0.03	100	104600	卖盘
10:13:18	10.49	--	5	5245	买盘
10:12:54	10.49	--	1	1049	卖盘
10:12:39	10.49	-0.01	9	9441	卖盘
10:12:33	10.5	0.01	2	2100	买盘
10:12:21	10.49	-0.01	50	52450	卖盘
10:12:09	10.5	0.01	1	1050	买盘
10:12:06	10.49	--	30	31470	卖盘
10:11:54	10.49	0.04	111	116439	中性盘
10:11:36	10.45	-0.05	50	52250	卖盘
10:11:15	10.5	0.01	2	2100	买盘
10:11:12	10.49	0.04	894	938215	买盘
10:11:00	10.45	-0.04	5	5225	卖盘
10:10:54	10.49	0.03	10	10490	买盘
10:10:48	10.46	0.02	1	1046	中性盘
10:10:27	10.44	-0.04	1010	1054440	卖盘
10:10:09	10.48	--	16	16768	买盘
10:10:03	10.48	--	1	1048	买盘
10:09:54	10.48	--	5	5240	买盘
10:09:48	10.48	-0.01	11	11528	买盘
10:09:33	10.49	0.03	100	104900	买盘
10:09:30	10.46	--	5	5230	卖盘
10:08:51	10.46	--	27	28242	卖盘
10:08:48	10.46	--	6	6276	买盘
10:08:45	10.46	--	10	10460	买盘
10:08:36	10.46	--	11	11506	卖盘
10:08:33	10.46	--	5	5230	卖盘
10:08:27	10.46	--	8	8368	卖盘
10:08:24	10.46	--	72	75312	卖盘
10:08:21	10.46	--	190	198740	买盘
10:08:18	10.46	0.01	10	10460	买盘
10:08:12	10.45	-0.01	11	11495	卖盘
10:07:57	10.46	--	7	7322	卖盘
10:07:54	10.46	--	5	5230	卖盘
10:07:45	10.46	--	26	27196	买盘
10:07:39	10.46	--	129	134934	卖盘
10:07:36	10.46	--	100	104600	卖盘
10:07:33	10.46	-0.01	20	20920	卖盘
10:07:21	10.47	--	5	5235	卖盘
10:07:18	10.47	--	23	24081	买盘
10:07:15	10.47	-0.01	1	1047	卖盘
10:07:09	10.48	--	3	3144	买盘
10:07:00	10.48	--	3	3144	买盘
10:06:42	10.48	--	3	3144	买盘
10:06:24	10.48	--	12	12576	买盘
10:06:09	10.48	0.02	10	10480	买盘
10:05:57	10.46	-0.01	60	62760	卖盘
10:05:54	10.47	--	22	23034	卖盘
10:05:48	10.47	--	7	7329	卖盘
10:05:33	10.47	--	9	9423	卖盘
10:05:24	10.47	-0.01	9	9423	卖盘
10:05:21	10.48	0.01	10	10480	买盘
10:05:15	10.47	--	67	70149	买盘
10:05:12	10.47	--	1	1047	买盘
10:05:09	10.47	--	10	10470	买盘
10:05:03	10.47	0.01	5	5235	买盘
10:04:54	10.46	-0.01	112	117152	卖盘
10:04:48	10.47	--	12	12564	买盘
10:04:45	10.47	--	10	10470	买盘
10:04:42	10.47	--	15	15705	买盘
10:04:36	10.47	--	1	1047	买盘
10:04:33	10.47	-0.01	22	23034	卖盘
10:04:15	10.48	--	6	6288	买盘
10:04:12	10.48	--	10	10480	买盘
10:04:09	10.48	-0.01	93	97464	卖盘
10:03:42	10.49	--	7	7343	买盘
10:03:39	10.49	-0.01	38	39862	卖盘
10:03:30	10.5	--	1	1050	买盘
10:03:27	10.5	--	2	2100	买盘
10:03:18	10.5	0.01	33	34650	买盘
10:03:03	10.49	--	1	1049	卖盘
10:03:00	10.49	--	50	52450	卖盘
10:02:57	10.49	--	121	126929	买盘
10:02:51	10.49	--	10	10490	买盘
10:02:48	10.49	--	7	7343	买盘
10:02:39	10.49	0.01	1	1049	买盘
10:02:36	10.48	-0.01	6	6288	卖盘
10:02:18	10.49	0.02	1	1049	买盘
10:01:45	10.47	0.01	130	136110	买盘
10:01:36	10.46	--	50	52300	卖盘
10:01:27	10.46	-0.01	220	230120	卖盘
10:01:18	10.47	--	10	10470	买盘
10:01:12	10.47	0.01	20	20940	买盘
10:01:09	10.46	-0.01	3	3138	卖盘
10:01:03	10.47	--	7	7329	买盘
10:01:00	10.47	--	12	12564	买盘
10:00:57	10.47	0.01	1	1047	买盘
10:00:54	10.46	--	1	1046	卖盘
10:00:45	10.46	--	2	2092	卖盘
10:00:36	10.46	--	11	11506	买盘
10:00:33	10.46	-0.01	6	6276	卖盘
10:00:27	10.47	--	9	9423	买盘
10:00:12	10.47	0.02	25	26175	买盘
10:00:06	10.45	--	16	17106	卖盘
09:59:57	10.45	--	10	10450	卖盘
09:59:54	10.45	--	106	110769	买盘
09:59:51	10.45	--	10	10450	买盘
09:59:48	10.45	--	27	28214	买盘
09:59:45	10.45	--	127	132715	买盘
09:59:42	10.45	--	53	55384	买盘
09:59:36	10.45	--	37	38665	买盘
09:59:33	10.45	--	75	78375	买盘
09:59:27	10.45	--	2	2090	买盘
09:59:24	10.45	--	45	47025	买盘
09:59:21	10.45	--	20	20900	买盘
09:59:18	10.45	--	20	20900	买盘
09:59:15	10.45	--	1	1045	买盘
09:59:12	10.45	--	58	60609	买盘
09:59:03	10.45	--	174	181830	买盘
09:59:00	10.45	--	5	5225	买盘
09:58:51	10.45	--	115	120174	买盘
09:58:48	10.45	-0.02	273	285285	卖盘
09:58:45	10.47	0.02	100	104700	买盘
09:58:42	10.45	-0.02	50	52250	卖盘
09:58:39	10.47	0.02	9	9423	买盘
09:58:36	10.45	-0.02	5	5225	卖盘
09:58:30	10.47	--	620	649140	买盘
09:58:24	10.47	--	31	32457	买盘
09:58:21	10.47	--	11	11517	买盘
09:58:15	10.47	--	5	5235	买盘
09:58:12	10.47	--	50	52350	买盘
09:58:09	10.47	--	10	10470	买盘
09:57:57	10.47	--	10	10470	买盘
09:57:51	10.47	--	95	99465	买盘
09:57:48	10.47	-0.04	193	202071	卖盘
09:57:45	10.51	0.04	300	315300	买盘
09:57:18	10.47	-0.02	292	305724	卖盘
09:57:03	10.49	--	4	4196	卖盘
09:56:57	10.49	--	3	3147	卖盘
09:56:48	10.49	--	6	6294	买盘
09:56:45	10.49	--	5	5245	买盘
09:56:30	10.49	-0.01	6	6294	卖盘
09:56:24	10.5	--	9	9450	买盘
09:56:18	10.5	--	100	105000	买盘
09:56:03	10.5	--	108	113400	卖盘
09:56:00	10.5	--	2	2100	买盘
09:55:51	10.5	0.02	3	3150	买盘
09:55:39	10.48	--	154	161612	买盘
09:55:33	10.48	--	26	27248	买盘
09:55:24	10.48	0.01	6	6288	买盘
09:55:15	10.47	0.01	10	10470	买盘
09:55:12	10.46	-0.01	13	13598	卖盘
09:55:09	10.47	--	5	5235	买盘
09:54:54	10.47	-0.01	84	87948	卖盘
09:54:51	10.48	--	54	56592	买盘
09:54:45	10.48	--	178	186544	买盘
09:54:39	10.48	--	2	2096	买盘
09:54:27	10.48	0.01	3	3144	买盘
09:54:24	10.47	-0.01	79	82713	卖盘
09:54:18	10.48	--	21	22008	买盘
09:54:15	10.48	--	173	182131	卖盘
09:53:33	10.48	--	24	25372	买盘
09:53:30	10.48	0.01	25	26200	买盘
09:53:27	10.47	-0.01	156	163332	卖盘
09:53:24	10.48	--	57	59736	买盘
09:53:12	10.48	-0.02	267	280643	卖盘
09:53:09	10.5	--	29	30450	买盘
09:53:03	10.5	-0.01	1	1050	卖盘
09:52:51	10.51	--	6	6306	买盘
09:52:39	10.51	0.03	3	3153	买盘
09:52:15	10.48	-0.02	500	524000	卖盘
09:52:12	10.5	--	73	76650	卖盘
09:52:09	10.5	--	10	10500	卖盘
09:52:03	10.5	--	10	10500	卖盘
09:51:57	10.5	-0.01	10	10500	卖盘
09:51:54	10.51	--	1	1051	买盘
09:51:51	10.51	0.01	3	3153	买盘
09:51:30	10.5	-0.01	30	31500	卖盘
09:51:18	10.51	0.01	7	7357	买盘
09:51:09	10.5	-0.01	10	10500	卖盘
09:50:51	10.51	0.01	1	1051	买盘
09:50:48	10.5	--	5	5250	卖盘
09:50:15	10.5	--	8	8400	卖盘
09:50:00	10.5	-0.01	3	3150	卖盘
09:49:57	10.51	0.01	1	1051	买盘
09:49:54	10.5	-0.01	40	42000	卖盘
09:49:42	10.51	0.01	102	107202	买盘
09:49:30	10.5	-0.01	10	10500	卖盘
09:49:18	10.51	--	1	1051	买盘
09:49:15	10.51	-0.01	197	207047	卖盘
09:48:27	10.52	--	2	2104	买盘
09:48:15	10.52	-0.01	3	3156	卖盘
09:48:12	10.53	0.01	1	1053	买盘
09:48:09	10.52	-0.01	2	2104	卖盘
09:48:00	10.53	--	2	2106	中性盘
09:47:48	10.53	--	34	35802	买盘
09:47:39	10.53	-0.01	6	6318	卖盘
09:47:33	10.54	0.01	1	1054	买盘
09:47:30	10.53	0.02	124	130571	中性盘
09:47:15	10.51	-0.03	50	52550	卖盘
09:47:06	10.54	0.01	7	7377	买盘
09:46:51	10.53	--	36	37908	买盘
09:46:45	10.53	--	4	4212	买盘
09:46:36	10.53	0.01	84	88452	买盘
09:46:33	10.52	-0.01	128	134656	卖盘
09:46:18	10.53	--	7	7371	买盘
09:46:09	10.53	--	10	10530	买盘
09:46:06	10.53	--	10	10530	买盘
09:46:03	10.53	--	24	25272	买盘
09:46:00	10.53	--	21	22113	买盘
09:45:54	10.53	--	100	105300	买盘
09:45:42	10.53	--	1	1053	买盘
09:45:39	10.53	--	21	22113	买盘
09:45:30	10.53	--	12	12636	买盘
09:45:24	10.53	0.01	100	105300	买盘
09:45:15	10.52	-0.01	60	63120	卖盘
09:45:06	10.53	--	100	105300	买盘
09:45:03	10.53	0.01	15	15794	买盘
09:44:57	10.52	-0.01	50	52600	卖盘
09:44:51	10.53	--	51	53703	买盘
09:44:48	10.53	0.01	1	1053	买盘
09:44:27	10.52	--	27	28404	买盘
09:44:24	10.52	--	100	105200	买盘
09:44:21	10.52	--	1	1052	买盘
09:44:12	10.52	0.01	1	1052	买盘
09:44:09	10.51	--	23	24173	卖盘
09:43:45	10.51	--	5	5255	卖盘
09:43:36	10.51	--	10	10510	卖盘
09:43:21	10.51	--	149	156599	买盘
09:43:06	10.51	0.01	25	26275	买盘
09:43:03	10.5	-0.01	33	34650	卖盘
09:42:51	10.51	-0.01	51	53601	卖盘
09:42:48	10.52	0.02	1	1052	中性盘
09:42:12	10.5	-0.03	3	3150	卖盘
09:42:03	10.53	0.03	30	31589	中性盘
09:41:48	10.5	-0.03	647	679350	卖盘
09:41:39	10.53	--	81	85293	买盘
09:41:30	10.53	--	1	1053	买盘
09:41:27	10.53	--	6	6318	买盘
09:41:18	10.53	--	30	31589	买盘
09:40:57	10.53	0.01	6	6318	买盘
09:40:54	10.52	--	3	3156	买盘
09:40:42	10.52	--	1	1052	买盘
09:40:39	10.52	0.01	90	94680	买盘
09:40:27	10.51	--	5	5255	买盘
09:40:18	10.51	-0.01	20	21020	中性盘
09:40:15	10.52	--	17	17884	买盘
09:40:09	10.52	0.01	50	52600	买盘
09:40:06	10.51	-0.01	1	1051	卖盘
09:39:57	10.52	0.02	2	2104	买盘
09:39:45	10.5	--	2	2100	卖盘
09:39:33	10.5	-0.01	53	55650	卖盘
09:39:30	10.51	--	20	21020	买盘
09:39:24	10.51	--	1	1051	买盘
09:39:21	10.51	--	8	8408	买盘
09:39:15	10.51	--	10	10510	买盘
09:39:03	10.51	0.01	1	1051	买盘
09:39:00	10.5	--	72	75820	买盘
09:38:45	10.5	--	10	10500	买盘
09:38:42	10.5	--	2	2100	买盘
09:38:39	10.5	0.02	1	1050	买盘
09:38:21	10.48	--	11	11528	买盘
09:38:15	10.48	--	1	1048	买盘
09:38:12	10.48	--	10	10480	买盘
09:37:54	10.48	--	5	5240	买盘
09:37:42	10.48	0.02	5	5240	买盘
09:37:39	10.46	--	4	4184	卖盘
09:37:36	10.46	--	10	10460	卖盘
09:37:33	10.46	--	53	55438	卖盘
09:37:24	10.46	0.01	495	517770	买盘
09:37:21	10.45	-0.01	15	15674	卖盘
09:37:18	10.46	--	30	31380	买盘
09:37:12	10.46	--	1	1046	买盘
09:37:09	10.46	--	22	23012	买盘
09:36:54	10.46	-0.04	483	505218	卖盘
09:36:51	10.5	0.02	200	210000	买盘
09:36:36	10.48	-0.01	733	768184	卖盘
09:36:30	10.49	-0.01	5	5245	卖盘
09:36:27	10.5	-0.02	233	245479	卖盘
09:36:24	10.52	--	13	13676	卖盘
09:36:12	10.52	-0.01	17	17884	中性盘
09:35:57	10.53	--	1	1053	买盘
09:35:48	10.53	--	13	13689	买盘
09:35:45	10.53	--	10	10530	买盘
09:35:36	10.53	-0.01	1	1053	卖盘
09:35:30	10.54	0.01	2	2108	买盘
09:35:27	10.53	0.03	10	10530	买盘
09:35:06	10.5	--	20	21000	卖盘
09:35:03	10.5	--	17	18070	买盘
09:34:57	10.5	--	14	15529	卖盘
09:34:54	10.5	--	5	5250	卖盘
09:34:48	10.5	--	23	24370	买盘
09:34:45	10.5	0.01	25	26250	买盘
09:34:27	10.49	-0.01	2	2098	卖盘
09:34:21	10.5	-0.01	135	141750	卖盘
09:34:06	10.51	-0.01	50	52550	卖盘
09:34:00	10.52	-0.01	61	64172	卖盘
09:33:57	10.53	--	50	52650	买盘
09:33:45	10.53	0.01	1	1053	买盘
09:33:42	10.52	-0.01	2	2104	卖盘
09:33:09	10.53	-0.01	4	4212	卖盘
09:33:03	10.54	0.02	71	74834	买盘
09:33:00	10.52	-0.02	40	42080	卖盘
09:32:33	10.54	--	94	99908	卖盘
09:32:24	10.54	--	16	16864	卖盘
09:32:09	10.54	-0.02	107	112777	卖盘
09:32:06	10.56	0.01	6	6336	中性盘
09:32:03	10.55	--	8	8661	卖盘
09:31:51	10.55	--	15	15825	买盘
09:31:42	10.55	0.01	10	10550	买盘
09:31:33	10.54	--	32	33728	卖盘
09:31:18	10.54	0.02	120	126479	买盘
09:31:15	10.52	--	1	1052	买盘
09:31:12	10.52	0.01	15	15780	中性盘
09:30:09	10.51	--	40	42040	卖盘
09:30:06	10.51	-0.03	36	37836	卖盘
09:30:03	10.54	0.03	49	51645	买盘
09:30:00	10.51	--	0	0	卖盘
09:25:03	10.51	10.51	30	31530	买盘
