成交时间	成交价	价格变动	成交量(手)	成交额(元)	性质
15:00:03	14.83	-0.01	1010	1498274	卖盘
14:57:00	14.84	--	43	63812	买盘
14:56:57	14.84	--	10	14840	买盘
14:56:54	14.84	--	17	25228	买盘
14:56:51	14.84	0.01	33	48972	买盘
14:56:48	14.83	--	30	44490	卖盘
14:56:45	14.83	-0.01	39	57837	卖盘
14:56:42	14.84	0.01	207	307188	买盘
14:56:39	14.83	-0.01	44	65252	卖盘
14:56:30	14.84	0.01	13	19292	买盘
14:56:27	14.83	--	8	11864	买盘
14:56:24	14.83	--	5	7415	买盘
14:56:21	14.83	0.01	40	59320	买盘
14:56:18	14.82	--	20	29640	卖盘
14:56:15	14.82	--	25	37050	卖盘
14:56:12	14.82	-0.01	49	72618	卖盘
14:56:09	14.83	--	8	11864	买盘
14:56:06	14.83	--	80	118640	买盘
14:56:03	14.83	--	57	84531	卖盘
14:55:57	14.83	--	4	5932	卖盘
14:55:54	14.83	--	110	163130	卖盘
14:55:51	14.83	0.01	341	505703	买盘
14:55:45	14.82	-0.01	39	57798	卖盘
14:55:42	14.83	0.01	50	74150	买盘
14:55:39	14.82	-0.01	15	22230	卖盘
14:55:36	14.83	0.01	76	112708	买盘
14:55:33	14.82	--	6	8892	卖盘
14:55:27	14.82	--	75	111150	卖盘
14:55:24	14.82	--	2	2964	卖盘
14:55:18	14.82	--	20	29640	卖盘
14:55:15	14.82	--	8	11856	卖盘
14:55:12	14.82	-0.01	12	17784	卖盘
14:55:09	14.83	0.02	11	16313	买盘
14:55:06	14.81	-0.01	28	41468	卖盘
14:55:03	14.82	--	13	19266	买盘
14:55:00	14.82	--	114	168948	买盘
14:54:57	14.82	-0.01	2	2964	中性盘
14:54:51	14.83	--	25	37075	买盘
14:54:48	14.83	0.01	4	5932	买盘
14:54:45	14.82	--	101	149682	卖盘
14:54:42	14.82	-0.01	241	357162	卖盘
14:54:39	14.83	0.01	4	5932	买盘
14:54:36	14.82	--	88	130416	卖盘
14:54:33	14.82	-0.01	10	14820	卖盘
14:54:30	14.83	--	6	8898	买盘
14:54:27	14.83	--	5	7415	买盘
14:54:24	14.83	--	19	28177	卖盘
14:54:21	14.83	0.01	386	572438	买盘
14:54:18	14.82	--	100	148200	卖盘
14:54:15	14.82	--	108	160056	卖盘
14:54:12	14.82	-0.01	7	10374	卖盘
14:54:09	14.83	--	13	19279	买盘
14:54:06	14.83	--	20	29660	买盘
14:54:03	14.83	--	9	13347	买盘
14:54:00	14.83	--	15	22245	买盘
14:53:57	14.83	--	87	129021	卖盘
14:53:54	14.83	--	20	29660	卖盘
14:53:48	14.83	--	15	22245	卖盘
14:53:39	14.83	--	24	35592	买盘
14:53:36	14.83	--	10	14830	买盘
14:53:33	14.83	--	9	13347	买盘
14:53:30	14.83	0.01	1	1483	买盘
14:53:24	14.82	-0.01	2	2964	卖盘
14:53:21	14.83	--	10	14830	买盘
14:53:18	14.83	0.01	28	41524	买盘
14:53:15	14.82	--	19	28158	卖盘
14:53:09	14.82	-0.02	11	16302	卖盘
14:53:06	14.84	0.01	30	44520	买盘
14:53:03	14.83	--	24	35592	卖盘
14:53:00	14.83	--	10	14830	买盘
14:52:57	14.83	-0.01	12	17796	卖盘
14:52:54	14.84	0.01	162	240408	买盘
14:52:51	14.83	-0.01	4	5932	卖盘
14:52:48	14.84	0.01	39	57876	买盘
14:52:45	14.83	--	105	155715	卖盘
14:52:42	14.83	--	3	4449	卖盘
14:52:39	14.83	--	20	29660	卖盘
14:52:36	14.83	-0.01	12	17796	卖盘
14:52:33	14.84	0.01	5	7420	买盘
14:52:30	14.83	0.01	280	415240	买盘
14:52:27	14.82	-0.01	6	8892	卖盘
14:52:24	14.83	0.01	12	17796	买盘
14:52:21	14.82	--	31	45942	卖盘
14:52:18	14.82	-0.01	50	74100	卖盘
14:52:15	14.83	--	19	28177	买盘
14:52:12	14.83	0.01	23	34109	买盘
14:52:09	14.82	-0.01	3	4446	卖盘
14:52:00	14.83	0.01	26	38558	买盘
14:51:57	14.82	-0.01	7	10374	卖盘
14:51:51	14.83	--	1	1483	买盘
14:51:42	14.83	--	73	108259	卖盘
14:51:39	14.83	--	212	314396	卖盘
14:51:36	14.83	--	1	1483	卖盘
14:51:33	14.83	-0.01	5	7415	卖盘
14:51:30	14.84	0.01	27	40068	买盘
14:51:24	14.83	--	1	1483	卖盘
14:51:18	14.83	-0.01	6	8898	卖盘
14:51:15	14.84	--	40	59360	卖盘
14:51:12	14.84	--	95	140980	买盘
14:51:09	14.84	--	96	142464	买盘
14:51:03	14.84	--	40	59360	买盘
14:51:00	14.84	--	1	1484	买盘
14:50:57	14.84	--	11	16324	买盘
14:50:39	14.84	0.01	3	4452	买盘
14:50:36	14.83	-0.01	101	149783	卖盘
14:50:33	14.84	--	2	2968	买盘
14:50:30	14.84	--	40	59360	卖盘
14:50:21	14.84	--	86	127624	卖盘
14:50:18	14.84	--	4	5936	卖盘
14:50:15	14.84	--	12	17808	卖盘
14:50:12	14.84	-0.01	40	59360	卖盘
14:50:09	14.85	--	2	2970	买盘
14:50:06	14.85	--	1	1485	买盘
14:50:00	14.85	0.01	362	537570	买盘
14:49:57	14.84	--	1	1484	买盘
14:49:54	14.84	-0.01	40	59775	卖盘
14:49:51	14.85	0.01	61	90585	买盘
14:49:48	14.84	--	17	25228	卖盘
14:49:36	14.84	--	132	196956	买盘
14:49:30	14.84	--	6	8904	买盘
14:49:27	14.84	--	1	1484	买盘
14:49:21	14.84	-0.01	299	443716	卖盘
14:49:18	14.85	0.01	2	2970	买盘
14:49:12	14.84	--	238	353192	买盘
14:49:09	14.84	0.01	1	1484	买盘
14:49:06	14.83	--	2	2966	卖盘
14:49:03	14.83	--	26	38558	买盘
14:49:00	14.83	--	1	1483	买盘
14:48:57	14.83	--	3	4449	买盘
14:48:48	14.83	--	1	1483	买盘
14:48:42	14.83	--	50	74150	买盘
14:48:39	14.83	--	16	23728	买盘
14:48:36	14.83	--	72	106776	买盘
14:48:33	14.83	--	8	11864	买盘
14:48:30	14.83	0.01	39	57837	买盘
14:48:27	14.82	-0.01	189	280098	卖盘
14:48:24	14.83	0.01	50	74150	买盘
14:48:21	14.82	-0.01	4	5928	卖盘
14:48:18	14.83	--	41	60803	买盘
14:48:15	14.83	--	15	22245	买盘
14:48:12	14.83	--	13	19279	买盘
14:48:09	14.83	0.01	3	4449	买盘
14:48:06	14.82	-0.01	1	1482	卖盘
14:48:00	14.83	--	40	59320	买盘
14:47:57	14.83	0.01	1	1483	买盘
14:47:54	14.82	--	30	44460	卖盘
14:47:48	14.82	--	264	391485	买盘
14:47:45	14.82	0.01	23	34086	买盘
14:47:42	14.81	-0.01	143	211783	卖盘
14:47:39	14.82	--	120	177840	买盘
14:47:36	14.82	--	102	151164	买盘
14:47:33	14.82	--	1	1482	买盘
14:47:30	14.82	--	15	22230	买盘
14:47:27	14.82	--	1	1482	买盘
14:47:24	14.82	0.01	2	2964	买盘
14:47:21	14.81	-0.01	15	22215	卖盘
14:47:18	14.82	--	3	4446	买盘
14:47:06	14.82	0.01	1	1482	买盘
14:47:03	14.81	-0.01	8	11848	卖盘
14:47:00	14.82	--	8	11856	买盘
14:46:57	14.82	0.01	1	1482	买盘
14:46:54	14.81	--	30	44430	卖盘
14:46:51	14.81	--	2	2962	卖盘
14:46:48	14.81	0.01	111	164391	买盘
14:46:45	14.8	-0.01	2	2960	卖盘
14:46:39	14.81	--	5	7405	买盘
14:46:36	14.81	--	1	1481	买盘
14:46:33	14.81	--	2	2962	买盘
14:46:30	14.81	-0.01	39	57759	卖盘
14:46:27	14.82	--	2	2964	买盘
14:46:18	14.82	--	106	157092	买盘
14:46:09	14.82	--	1	1482	买盘
14:46:06	14.82	0.01	2	2964	买盘
14:46:03	14.81	-0.01	14	20734	卖盘
14:46:00	14.82	--	1	1482	买盘
14:45:57	14.82	0.01	1	1482	买盘
14:45:54	14.81	--	29	42949	卖盘
14:45:48	14.81	-0.01	13	19253	卖盘
14:45:45	14.82	--	45	66690	买盘
14:45:39	14.82	--	1	1482	买盘
14:45:36	14.82	--	2	2964	买盘
14:45:33	14.82	-0.01	164	244292	卖盘
14:45:30	14.83	--	35	51905	买盘
14:45:27	14.83	0.01	17	25211	买盘
14:45:24	14.82	-0.01	2	2964	卖盘
14:45:21	14.83	--	10	14830	买盘
14:45:18	14.83	--	2	2966	买盘
14:45:15	14.83	--	47	69701	买盘
14:45:09	14.83	--	1	1483	买盘
14:45:06	14.83	--	7	10381	买盘
14:45:03	14.83	-0.01	127	188341	卖盘
14:44:57	14.84	0.01	1	1484	买盘
14:44:54	14.83	-0.01	30	44490	卖盘
14:44:48	14.84	0.01	3	4452	买盘
14:44:42	14.83	-0.01	1	1483	卖盘
14:44:39	14.84	--	3	4452	买盘
14:44:36	14.84	--	16	23744	买盘
14:44:33	14.84	--	15	22260	买盘
14:44:30	14.84	--	1	1484	买盘
14:44:27	14.84	0.01	1	1484	买盘
14:44:24	14.83	-0.01	10	14830	卖盘
14:44:21	14.84	--	1	1484	买盘
14:44:18	14.84	0.01	8	11872	买盘
14:44:12	14.83	-0.01	5	7415	买盘
14:44:09	14.84	0.01	34	50456	买盘
14:44:06	14.83	-0.01	1	1483	买盘
14:44:03	14.84	--	7	10388	卖盘
14:44:00	14.84	--	152	225568	买盘
14:43:57	14.84	0.01	46	68264	买盘
14:43:54	14.83	--	97	143851	卖盘
14:43:51	14.83	-0.01	12	17796	卖盘
14:43:48	14.84	--	8	11872	买盘
14:43:45	14.84	--	1	1484	买盘
14:43:39	14.84	--	6	8904	买盘
14:43:36	14.84	--	1	1484	买盘
14:43:30	14.84	--	45	66780	买盘
14:43:27	14.84	--	11	16398	买盘
14:43:18	14.84	0.01	1	1484	买盘
14:43:15	14.83	--	10	14918	买盘
14:43:06	14.83	--	2	2966	买盘
14:43:03	14.83	-0.01	4	7326	卖盘
14:43:00	14.84	--	9	13356	买盘
14:42:57	14.84	0.01	1	1484	中性盘
14:42:51	14.83	--	20	29660	卖盘
14:42:48	14.83	-0.01	221	327743	卖盘
14:42:42	14.84	--	1	1484	买盘
14:42:36	14.84	0.01	1	1484	买盘
14:42:30	14.83	-0.01	9	13347	卖盘
14:42:27	14.84	0.01	11	16413	买盘
14:42:24	14.83	0.01	85	126055	买盘
14:42:21	14.82	-0.01	60	88920	卖盘
14:42:18	14.83	--	7	10381	买盘
14:42:15	14.83	0.01	18	26694	买盘
14:42:09	14.82	-0.01	7	10374	卖盘
14:42:06	14.83	--	5	7415	买盘
14:41:57	14.83	0.01	6	8898	买盘
14:41:54	14.82	-0.01	1	1482	卖盘
14:41:51	14.83	--	20	29660	买盘
14:41:48	14.83	0.01	1	1483	买盘
14:41:45	14.82	--	20	29640	卖盘
14:41:42	14.82	--	10	14820	卖盘
14:41:36	14.82	0.01	47	69728	买盘
14:41:30	14.81	-0.01	16	23696	卖盘
14:41:27	14.82	--	12	17887	买盘
14:41:18	14.82	--	2	2964	买盘
14:41:06	14.82	--	1	1482	买盘
14:40:57	14.82	0.02	1	1482	买盘
14:40:51	14.8	-0.02	2	2960	卖盘
14:40:45	14.82	-0.01	18	26676	中性盘
14:40:36	14.83	0.03	2	2966	买盘
14:40:30	14.8	--	13	19240	卖盘
14:40:27	14.8	--	22	32560	卖盘
14:40:24	14.8	-0.03	19	28238	卖盘
14:40:21	14.83	0.01	37	54871	买盘
14:40:15	14.82	0.02	15	22230	买盘
14:40:12	14.8	-0.02	114	168720	卖盘
14:40:09	14.82	-0.01	2	2964	卖盘
14:40:06	14.83	0.01	1	1483	买盘
14:40:03	14.82	-0.01	15	22230	卖盘
14:39:57	14.83	0.01	1	1483	买盘
14:39:51	14.82	--	21	31122	卖盘
14:39:48	14.82	--	4	5928	卖盘
14:39:45	14.82	-0.01	4	5928	卖盘
14:39:39	14.83	--	3	4449	买盘
14:39:36	14.83	--	31	45973	买盘
14:39:27	14.83	--	11	16313	买盘
14:39:24	14.83	--	13	19279	卖盘
14:39:21	14.83	-0.01	1	1483	卖盘
14:39:15	14.84	--	39	57876	买盘
14:39:12	14.84	-0.01	5	7420	卖盘
14:39:06	14.85	--	1	1485	买盘
14:39:03	14.85	--	9	13365	卖盘
14:39:00	14.85	-0.01	1	1485	卖盘
14:38:57	14.86	--	2	2972	买盘
14:38:51	14.86	--	19	29363	卖盘
14:38:48	14.86	--	46	68356	卖盘
14:38:45	14.86	--	21	31206	卖盘
14:38:42	14.86	--	22	32692	卖盘
14:38:39	14.86	-0.01	34	51385	卖盘
14:38:36	14.87	0.01	2	2974	买盘
14:38:33	14.86	--	14	20804	卖盘
14:38:30	14.86	-0.01	25	37150	卖盘
14:38:27	14.87	--	1	1487	买盘
14:38:24	14.87	0.01	85	126395	买盘
14:38:21	14.86	-0.01	12	18693	卖盘
14:38:18	14.87	--	4	5948	买盘
14:38:12	14.87	--	14	20818	买盘
14:38:06	14.87	--	2	2974	买盘
14:38:03	14.87	--	83	124283	买盘
14:37:57	14.87	--	23	34201	买盘
14:37:48	14.87	-0.01	1	1487	中性盘
14:37:45	14.88	0.01	269	401492	买盘
14:37:42	14.87	--	12	18721	卖盘
14:37:39	14.87	-0.01	16	23792	卖盘
14:37:36	14.88	0.01	18	26784	买盘
14:37:30	14.87	-0.01	7	11286	卖盘
14:37:27	14.88	--	46	68448	买盘
14:37:24	14.88	0.01	3	4464	买盘
14:37:21	14.87	--	1	1487	卖盘
14:37:18	14.87	--	49	72863	买盘
14:37:12	14.87	--	39	57993	买盘
14:37:09	14.87	-0.01	1	1487	卖盘
14:37:06	14.88	0.01	91	135408	买盘
14:36:57	14.87	--	15	23048	卖盘
14:36:54	14.87	-0.01	39	57993	卖盘
14:36:51	14.88	0.01	9	13392	中性盘
14:36:48	14.87	-0.01	50	74350	卖盘
14:36:45	14.88	0.01	179	266352	买盘
14:36:42	14.87	--	11	16357	卖盘
14:36:39	14.87	-0.01	35	52045	卖盘
14:36:36	14.88	--	15	22320	买盘
14:36:33	14.88	0.01	237	352656	买盘
14:36:30	14.87	-0.01	10	14870	卖盘
14:36:27	14.88	0.01	30	44640	买盘
14:36:24	14.87	--	10	14870	卖盘
14:36:18	14.87	--	17	25279	卖盘
14:36:12	14.87	-0.01	33	49071	卖盘
14:36:09	14.88	--	68	101928	买盘
14:36:06	14.88	0.01	61	90768	买盘
14:36:03	14.87	-0.01	1	1487	卖盘
14:36:00	14.88	0.01	84	124992	买盘
14:35:57	14.87	--	5	7435	买盘
14:35:54	14.87	0.01	10	14870	买盘
14:35:51	14.86	-0.02	144	213984	卖盘
14:35:48	14.88	--	4	5952	买盘
14:35:45	14.88	--	31	46128	买盘
14:35:42	14.88	--	117	174096	买盘
14:35:39	14.88	--	59	88536	卖盘
14:35:36	14.88	--	62	92256	卖盘
14:35:30	14.88	-0.01	12	17856	卖盘
14:35:27	14.89	--	1	1489	买盘
14:35:24	14.89	0.01	33	49137	买盘
14:35:21	14.88	-0.01	20	29760	卖盘
14:35:18	14.89	--	51	75939	买盘
14:35:15	14.89	--	3	4467	买盘
14:35:12	14.89	-0.01	2	2978	中性盘
14:35:09	14.9	--	73	108770	买盘
14:35:06	14.9	0.01	40	59600	买盘
14:35:03	14.89	0.01	23	34247	买盘
14:35:00	14.88	--	34	50592	卖盘
14:34:57	14.88	-0.01	20	29760	卖盘
14:34:54	14.89	-0.01	50	74450	买盘
14:34:51	14.9	0.02	69	102810	买盘
14:34:48	14.88	-0.01	50	74400	卖盘
14:34:45	14.89	0.01	2	2978	买盘
14:34:42	14.88	--	10	14880	卖盘
14:34:39	14.88	--	59	88536	卖盘
14:34:36	14.88	-0.01	211	313968	卖盘
14:34:33	14.89	0.01	5	7445	买盘
14:34:30	14.88	--	10	14880	卖盘
14:34:27	14.88	-0.01	51	75888	卖盘
14:34:24	14.89	0.01	24	35736	买盘
14:34:21	14.88	0.01	50	74400	买盘
14:34:18	14.87	-0.01	4	5948	卖盘
14:34:15	14.88	--	101	150288	买盘
14:34:12	14.88	--	5	7440	买盘
14:34:09	14.88	0.01	194	288672	买盘
14:34:06	14.87	--	11	16357	买盘
14:34:00	14.87	0.01	30	44610	买盘
14:33:54	14.86	--	97	144885	买盘
14:33:51	14.86	0.01	31	46066	买盘
14:33:48	14.85	-0.01	37	54945	卖盘
14:33:45	14.86	--	111	164946	买盘
14:33:42	14.86	--	100	148600	买盘
14:33:39	14.86	--	182	270452	买盘
14:33:36	14.86	--	12	17832	买盘
14:33:33	14.86	--	100	148600	买盘
14:33:30	14.86	--	6	8916	买盘
14:33:27	14.86	--	1	1486	买盘
14:33:24	14.86	--	197	292742	买盘
14:33:21	14.86	0.04	100	148600	买盘
14:33:15	14.82	--	10	14820	买盘
14:33:12	14.82	--	20	29640	买盘
14:33:09	14.82	--	30	44460	买盘
14:33:06	14.82	-0.04	2	2964	中性盘
14:33:00	14.86	0.03	1246	1851556	买盘
14:32:57	14.83	0.01	6	8898	买盘
14:32:51	14.82	--	10	14820	卖盘
14:32:48	14.82	--	13	19266	卖盘
14:32:45	14.82	--	10	14820	卖盘
14:32:42	14.82	0.02	13	19266	买盘
14:32:36	14.8	--	50	74000	卖盘
14:32:24	14.8	-0.02	30	44400	卖盘
14:32:21	14.82	--	4	5928	卖盘
14:32:15	14.82	--	83	123006	买盘
14:32:12	14.82	--	2	2964	买盘
14:32:09	14.82	0.02	9	13338	买盘
14:32:06	14.8	--	10	14800	卖盘
14:32:03	14.8	-0.01	100	148000	卖盘
14:32:00	14.81	-0.01	6	8886	卖盘
14:31:57	14.82	--	32	47424	买盘
14:31:51	14.82	--	2	2964	买盘
14:31:48	14.82	0.01	8	11856	买盘
14:31:45	14.81	--	14	20734	卖盘
14:31:42	14.81	--	76	112556	卖盘
14:31:39	14.81	0.01	233	345073	买盘
14:31:36	14.8	-0.01	6	8880	卖盘
14:31:33	14.81	--	1	1481	买盘
14:31:30	14.81	0.01	1	1481	买盘
14:31:27	14.8	-0.01	50	74000	卖盘
14:31:24	14.81	--	63	93303	买盘
14:31:21	14.81	--	12	17772	买盘
14:31:15	14.81	--	8	11848	买盘
14:31:12	14.81	0.01	2	2962	买盘
14:31:03	14.8	0.01	313	463240	买盘
14:30:57	14.79	--	5	7395	买盘
14:30:54	14.79	--	41	60639	买盘
14:30:51	14.79	0.01	15	22185	买盘
14:30:45	14.78	-0.01	10	14780	卖盘
14:30:30	14.79	0.01	2	2958	买盘
14:30:18	14.78	0.01	4	5912	买盘
14:30:15	14.77	-0.01	13	19201	卖盘
14:30:12	14.78	--	7	10346	买盘
14:30:09	14.78	--	4	5912	卖盘
14:30:06	14.78	--	3	4434	买盘
14:30:03	14.78	--	20	29560	买盘
14:30:00	14.78	--	36	53208	买盘
14:29:57	14.78	--	26	38428	买盘
14:29:51	14.78	--	31	45818	买盘
14:29:48	14.78	--	8	11824	买盘
14:29:45	14.78	--	9	13302	买盘
14:29:42	14.78	--	19	28082	买盘
14:29:39	14.78	--	1	1478	买盘
14:29:36	14.78	--	17	25126	买盘
14:29:33	14.78	--	43	63554	买盘
14:29:30	14.78	--	2	2956	买盘
14:29:24	14.78	--	26	38428	买盘
14:29:21	14.78	--	12	17736	买盘
14:29:15	14.78	-0.01	88	130064	卖盘
14:29:12	14.79	0.01	2	2958	买盘
14:29:09	14.78	--	39	57642	买盘
14:29:06	14.78	--	14	20692	买盘
14:29:03	14.78	--	2	2956	买盘
14:29:00	14.78	--	2	2956	买盘
14:28:57	14.78	--	4	5912	买盘
14:28:54	14.78	--	13	19214	买盘
14:28:51	14.78	--	46	67988	买盘
14:28:48	14.78	--	13	19214	买盘
14:28:45	14.78	--	50	73900	买盘
14:28:42	14.78	--	239	353242	买盘
14:28:39	14.78	--	3	4434	买盘
14:28:36	14.78	--	6	8868	买盘
14:28:33	14.78	--	1	1478	买盘
14:28:30	14.78	--	1	1478	买盘
14:28:27	14.78	0.02	11	16258	买盘
14:28:24	14.76	-0.02	12	17712	卖盘
14:28:18	14.78	0.01	71	104938	买盘
14:28:12	14.77	--	1	1477	买盘
14:28:09	14.77	--	1	1477	买盘
14:28:03	14.77	--	20	29540	买盘
14:28:00	14.77	0.01	1	1477	买盘
14:27:57	14.76	-0.01	151	224322	卖盘
14:27:54	14.77	--	73	107821	买盘
14:27:51	14.77	0.01	2	2954	买盘
14:27:45	14.76	-0.01	287	423612	卖盘
14:27:42	14.77	--	11	16247	买盘
14:27:39	14.77	--	31	45787	买盘
14:27:36	14.77	--	20	29540	买盘
14:27:33	14.77	--	2	2954	买盘
14:27:30	14.77	--	3	4431	买盘
14:27:24	14.77	0.01	1	1477	中性盘
14:27:18	14.76	-0.01	25	36900	卖盘
14:27:15	14.77	--	4	5908	买盘
14:27:12	14.77	--	1	1477	买盘
14:27:09	14.77	--	2	2954	买盘
14:27:06	14.77	--	7	10339	买盘
14:27:03	14.77	--	21	31017	买盘
14:27:00	14.77	0.01	61	90097	买盘
14:26:57	14.76	-0.01	9	14730	卖盘
14:26:54	14.77	--	1	1477	买盘
14:26:51	14.77	--	1	1477	买盘
14:26:48	14.77	--	13	19201	卖盘
14:26:45	14.77	--	19	28063	买盘
14:26:36	14.77	0.01	20	29540	买盘
14:26:33	14.76	--	11	17697	买盘
14:26:30	14.76	--	5	7394	卖盘
14:26:27	14.76	--	15	22140	卖盘
14:26:24	14.76	--	20	29520	卖盘
14:26:21	14.76	-0.01	2	2952	卖盘
14:26:18	14.77	--	4	5908	买盘
14:26:15	14.77	--	1	1477	买盘
14:26:09	14.77	--	13	19201	买盘
14:26:06	14.77	--	100	147700	买盘
14:26:03	14.77	--	1	1477	买盘
14:26:00	14.77	0.01	2	2954	买盘
14:25:57	14.76	-0.01	16	25077	卖盘
14:25:54	14.77	--	2	2954	买盘
14:25:51	14.77	0.01	52	76804	买盘
14:25:45	14.76	-0.01	6	8856	卖盘
14:25:42	14.77	0.01	1	1477	买盘
14:25:39	14.76	--	16	23616	买盘
14:25:36	14.76	--	16	23616	买盘
14:25:33	14.76	--	56	82656	买盘
14:25:30	14.76	0.01	5	7380	买盘
14:25:21	14.75	--	10	14750	买盘
14:25:15	14.75	--	1	1475	买盘
14:25:12	14.75	0.02	47	69325	买盘
14:25:09	14.73	-0.02	18	26514	卖盘
14:25:06	14.75	0.02	5	7375	买盘
14:25:03	14.73	--	12	17676	卖盘
14:25:00	14.73	-0.02	4	5892	卖盘
14:24:57	14.75	0.03	30	44264	买盘
14:24:54	14.72	-0.03	50	73600	卖盘
14:24:51	14.75	0.03	153	225675	买盘
14:24:48	14.72	-0.01	36	52992	卖盘
14:24:45	14.73	--	91	134043	买盘
14:24:42	14.73	--	50	73650	买盘
14:24:39	14.73	--	1	1473	买盘
14:24:36	14.73	--	44	64812	买盘
14:24:33	14.73	--	11	16203	买盘
14:24:30	14.73	--	97	142881	买盘
14:24:27	14.73	--	123	181179	买盘
14:24:24	14.73	--	31	45663	买盘
14:24:21	14.73	--	12	17676	买盘
14:24:15	14.73	--	30	44190	买盘
14:24:12	14.73	-0.01	286	421278	卖盘
14:24:09	14.74	--	44	64856	买盘
14:24:03	14.74	-0.01	7	10318	卖盘
14:24:00	14.75	--	2	2950	买盘
14:23:57	14.75	--	20	29500	买盘
14:23:54	14.75	--	1	1475	买盘
14:23:51	14.75	-0.01	23	33925	卖盘
14:23:45	14.76	--	5	7380	买盘
14:23:42	14.76	--	21	30996	买盘
14:23:36	14.76	-0.01	16	23616	卖盘
14:23:33	14.77	--	58	85666	买盘
14:23:30	14.77	0.01	104	153608	买盘
14:23:27	14.76	-0.01	5	7380	卖盘
14:23:24	14.77	0.05	48	70896	买盘
14:23:21	14.72	-0.04	841	1237952	卖盘
14:23:18	14.76	--	10	14760	卖盘
14:23:15	14.76	--	19	28044	卖盘
14:23:12	14.76	--	365	538740	卖盘
14:23:09	14.76	-0.02	63	92988	卖盘
14:23:03	14.78	--	21	31038	买盘
14:23:00	14.78	--	280	413840	买盘
14:22:57	14.78	--	19	28082	买盘
14:22:54	14.78	0.01	1	1478	买盘
14:22:51	14.77	-0.01	62	91574	卖盘
14:22:45	14.78	-0.01	53	78334	卖盘
14:22:33	14.79	0.01	2	2958	买盘
14:22:30	14.78	--	12	17736	卖盘
14:22:27	14.78	--	1	1478	卖盘
14:22:21	14.78	0.01	15	22170	买盘
14:22:18	14.77	--	16	23632	卖盘
14:22:12	14.77	--	40	59080	卖盘
14:22:09	14.77	-0.01	6	8862	卖盘
14:22:06	14.78	--	10	14780	买盘
14:22:03	14.78	--	27	39906	买盘
14:22:00	14.78	--	183	270474	卖盘
14:21:57	14.78	--	4	5912	卖盘
14:21:54	14.78	--	30	44340	卖盘
14:21:51	14.78	-0.01	35	51730	卖盘
14:21:48	14.79	0.01	22	32537	买盘
14:21:42	14.78	--	30	44340	卖盘
14:21:39	14.78	--	1	1478	卖盘
14:21:36	14.78	-0.01	2	2956	卖盘
14:21:33	14.79	0.01	1	1479	买盘
14:21:30	14.78	--	21	31038	卖盘
14:21:24	14.78	-0.01	18	26604	卖盘
14:21:12	14.79	0.01	36	53244	买盘
14:21:09	14.78	--	1	1478	卖盘
14:21:06	14.78	-0.01	164	242392	卖盘
14:21:03	14.79	0.01	1	1479	中性盘
14:20:54	14.78	--	17	25126	卖盘
14:20:45	14.78	-0.02	1	1478	卖盘
14:20:42	14.8	0.02	1	1480	买盘
14:20:39	14.78	-0.03	34	50252	卖盘
14:20:33	14.81	0.03	2	2962	买盘
14:20:24	14.78	-0.02	79	116762	卖盘
14:20:21	14.8	--	14	20720	卖盘
14:20:18	14.8	--	14	20720	买盘
14:20:12	14.8	--	21	31080	买盘
14:20:06	14.8	-0.01	26	38480	卖盘
14:20:03	14.81	0.01	7	10367	买盘
14:19:54	14.8	--	1	1480	买盘
14:19:51	14.8	--	13	19240	卖盘
14:19:48	14.8	--	17	25160	卖盘
14:19:45	14.8	-0.01	15	22200	卖盘
14:19:42	14.81	0.01	15	22215	买盘
14:19:36	14.8	--	1	1480	卖盘
14:19:33	14.8	--	2	2960	买盘
14:19:30	14.8	--	9	13320	买盘
14:19:24	14.8	--	1	1480	买盘
14:19:18	14.8	0.01	11	16280	买盘
14:19:15	14.79	--	10	14790	买盘
14:19:12	14.79	0.01	2	2958	中性盘
14:19:06	14.78	-0.02	24	35472	卖盘
14:19:03	14.8	0.03	1	1480	买盘
14:18:57	14.77	-0.03	864	1276128	卖盘
14:18:54	14.8	--	3	4440	卖盘
14:18:45	14.8	--	79	116920	买盘
14:18:42	14.8	--	1	1480	买盘
14:18:33	14.8	--	7	10360	买盘
14:18:24	14.8	--	2	2960	买盘
14:18:21	14.8	--	20	29600	买盘
14:18:12	14.8	0.01	1	1480	买盘
14:18:06	14.79	--	114	169478	买盘
14:18:03	14.79	--	1	1479	买盘
14:18:00	14.79	0.01	91	134589	买盘
14:17:57	14.78	--	24	35472	卖盘
14:17:54	14.78	--	7	11085	买盘
14:17:51	14.78	--	8	11824	买盘
14:17:48	14.78	-0.01	68	101243	卖盘
14:17:42	14.79	0.01	1	1479	买盘
14:17:39	14.78	--	30	44340	卖盘
14:17:36	14.78	--	19	28082	卖盘
14:17:33	14.78	--	6	8868	卖盘
14:17:30	14.78	--	1	1478	卖盘
14:17:27	14.78	--	217	321465	买盘
14:17:24	14.78	0.01	59	87202	买盘
14:17:18	14.77	-0.01	74	109298	卖盘
14:17:15	14.78	--	5	7390	买盘
14:17:12	14.78	0.01	1	1478	买盘
14:17:09	14.77	--	13	19201	卖盘
14:17:06	14.77	-0.01	3	4431	卖盘
14:17:03	14.78	0.01	1	1478	买盘
14:17:00	14.77	-0.01	73	108559	卖盘
14:16:57	14.78	--	1	1478	卖盘
14:16:54	14.78	--	34	50252	卖盘
14:16:51	14.78	-0.01	12	17736	卖盘
14:16:48	14.79	0.01	5	7395	买盘
14:16:45	14.78	-0.01	110	162580	卖盘
14:16:42	14.79	0.01	23	34756	买盘
14:16:39	14.78	--	5	7390	卖盘
14:16:33	14.78	-0.01	11	16258	卖盘
14:16:24	14.79	--	9	13917	卖盘
14:16:21	14.79	--	81	119799	卖盘
14:16:18	14.79	-0.01	23	34017	卖盘
14:16:12	14.8	--	1	1480	买盘
14:16:09	14.8	--	78	115440	卖盘
14:16:06	14.8	--	10	14800	卖盘
14:16:03	14.8	--	7	10360	卖盘
14:16:00	14.8	--	20	29600	卖盘
14:15:57	14.8	-0.01	50	74000	卖盘
14:15:51	14.81	0.01	6	8886	买盘
14:15:48	14.8	--	96	142080	卖盘
14:15:45	14.8	-0.01	20	29600	卖盘
14:15:42	14.81	0.01	1	1481	买盘
14:15:33	14.8	--	81	119880	卖盘
14:15:30	14.8	-0.01	19	28120	卖盘
14:15:27	14.81	--	25	37025	买盘
14:15:21	14.81	-0.01	1	1481	中性盘
14:15:12	14.82	0.01	87	128934	买盘
14:15:09	14.81	--	15	22215	卖盘
14:15:06	14.81	--	25	37025	卖盘
14:15:03	14.81	--	6	8886	卖盘
14:14:57	14.81	--	2	2962	卖盘
14:14:51	14.81	--	121	179201	买盘
14:14:48	14.81	--	79	116999	卖盘
14:14:45	14.81	-0.02	42	62202	卖盘
14:14:42	14.83	0.02	1	1483	中性盘
14:14:39	14.81	--	272	402832	卖盘
14:14:36	14.81	-0.01	30	44430	卖盘
14:14:33	14.82	-0.01	4	5928	卖盘
14:14:30	14.83	--	3	4449	买盘
14:14:24	14.83	--	1	1483	买盘
14:14:12	14.83	--	2	2966	买盘
14:14:03	14.83	--	1	1483	买盘
14:13:54	14.83	-0.01	1	1483	中性盘
14:13:42	14.84	0.01	347	514948	买盘
14:13:39	14.83	-0.01	10	14830	中性盘
14:13:33	14.84	0.03	12	17808	买盘
14:13:30	14.81	-0.03	444	657564	卖盘
14:13:24	14.84	--	2	2968	买盘
14:13:21	14.84	0.01	41	60844	买盘
14:13:18	14.83	-0.01	50	74150	卖盘
14:13:12	14.84	0.01	1	1484	买盘
14:13:09	14.83	-0.01	1	1483	卖盘
14:13:03	14.84	0.01	1	1484	买盘
14:12:54	14.83	--	22	32626	卖盘
14:12:51	14.83	--	12	17796	买盘
14:12:45	14.83	--	50	74150	买盘
14:12:42	14.83	--	2	2966	买盘
14:12:36	14.83	0.01	10	14830	买盘
14:12:30	14.82	--	11	16302	卖盘
14:12:24	14.82	--	5	7410	卖盘
14:12:12	14.82	--	10	14820	卖盘
14:12:06	14.82	--	30	44460	卖盘
14:11:33	14.82	--	1	1482	买盘
14:11:27	14.82	--	1	1482	买盘
14:11:24	14.82	--	39	57798	买盘
14:11:18	14.82	--	38	56316	买盘
14:11:09	14.82	--	10	14820	买盘
14:11:00	14.82	--	10	14820	买盘
14:10:57	14.82	--	10	14820	买盘
14:10:48	14.82	--	21	31122	买盘
14:10:45	14.82	--	17	25194	买盘
14:10:42	14.82	0.01	17	25194	买盘
14:10:36	14.81	--	69	102189	卖盘
14:10:33	14.81	--	69	102189	卖盘
14:10:27	14.81	--	20	29620	卖盘
14:10:21	14.81	0.01	44	65164	买盘
14:10:18	14.8	-0.01	35	51800	卖盘
14:10:09	14.81	0.01	45	66645	买盘
14:10:06	14.8	-0.01	3	4440	卖盘
14:10:03	14.81	0.01	1	1481	买盘
14:09:54	14.8	--	10	14800	卖盘
14:09:45	14.8	-0.01	3	4440	卖盘
14:09:39	14.81	--	13	19253	买盘
14:09:30	14.81	-0.01	126	186606	卖盘
14:09:24	14.82	--	20	29640	买盘
14:09:21	14.82	--	5	7410	买盘
14:09:18	14.82	--	31	47186	卖盘
14:09:12	14.82	--	5	7410	卖盘
14:09:09	14.82	--	5	7410	卖盘
14:08:42	14.82	-0.01	32	47424	卖盘
14:08:33	14.83	--	30	44490	卖盘
14:08:30	14.83	0.01	20	29660	买盘
14:08:27	14.82	--	30	44460	卖盘
14:08:24	14.82	--	10	14820	卖盘
14:08:21	14.82	--	30	44460	卖盘
14:08:18	14.82	-0.01	2	2964	卖盘
14:08:03	14.83	-0.01	10	14830	卖盘
14:08:00	14.84	--	5	7420	买盘
14:07:57	14.84	--	9	13356	买盘
14:07:54	14.84	--	42	62328	买盘
14:07:30	14.84	--	2	2968	卖盘
14:07:24	14.84	--	23	34132	卖盘
14:07:21	14.84	0.02	45	66780	买盘
14:07:12	14.82	-0.02	74	109668	卖盘
14:07:06	14.84	--	40	59597	卖盘
14:07:00	14.84	--	66	97944	卖盘
14:06:48	14.84	--	20	29680	卖盘
14:06:42	14.84	--	16	23744	卖盘
14:06:36	14.84	-0.01	20	29680	卖盘
14:06:27	14.85	--	5	7425	买盘
14:06:24	14.85	--	1	1485	买盘
14:06:06	14.85	0.01	10	14850	买盘
14:06:00	14.84	-0.01	50	74200	卖盘
14:05:48	14.85	0.01	1	1485	买盘
14:05:45	14.84	--	89	132076	卖盘
14:05:36	14.84	--	63	93492	买盘
14:05:27	14.84	0.01	22	32648	买盘
14:05:24	14.83	-0.01	11	16313	卖盘
14:05:18	14.84	--	1	1484	买盘
14:05:15	14.84	--	1	1484	买盘
14:05:12	14.84	--	14	20776	卖盘
14:05:06	14.84	-0.01	1	1484	卖盘
14:05:03	14.85	0.01	1	1485	买盘
14:05:00	14.84	--	5	7420	卖盘
14:04:51	14.84	--	6	8904	卖盘
14:04:45	14.84	--	5	7420	买盘
14:04:36	14.84	-0.01	7	10388	卖盘
14:04:33	14.85	--	1	1485	买盘
14:04:27	14.85	0.01	1	1485	买盘
14:04:21	14.84	0.01	1	1484	买盘
14:04:12	14.83	--	2	2966	卖盘
14:04:09	14.83	--	35	51905	卖盘
14:04:06	14.83	-0.01	20	29660	卖盘
14:04:03	14.84	--	9	13356	买盘
14:04:00	14.84	--	15	22260	买盘
14:03:51	14.84	-0.01	10	14840	买盘
14:03:39	14.85	0.01	5	7929	买盘
14:03:33	14.84	-0.01	12	17808	卖盘
14:03:27	14.85	-0.01	25	37125	卖盘
14:03:24	14.86	--	1	1486	买盘
14:03:06	14.86	-0.01	28	41608	卖盘
14:02:48	14.87	-0.01	11	16357	中性盘
14:02:33	14.88	0.01	6	8928	买盘
14:02:30	14.87	-0.01	9	13383	卖盘
14:02:27	14.88	--	8	11904	买盘
14:02:24	14.88	--	21	31248	卖盘
14:02:21	14.88	--	2	2976	卖盘
14:02:18	14.88	--	11	16368	卖盘
14:02:15	14.88	-0.02	40	59520	卖盘
14:02:12	14.9	0.02	1	1490	买盘
14:02:09	14.88	--	5	7440	卖盘
14:02:06	14.88	--	1	2232	买盘
14:02:03	14.88	--	10	14880	买盘
14:01:51	14.88	--	10	14880	买盘
14:01:48	14.88	--	10	14880	买盘
14:01:45	14.88	--	19	29016	卖盘
14:01:42	14.88	--	15	22320	卖盘
14:01:39	14.88	--	2	2976	卖盘
14:01:30	14.88	--	2	2976	卖盘
14:01:24	14.88	--	1	1488	卖盘
14:01:15	14.88	-0.03	6	8928	卖盘
14:01:12	14.91	--	9	13419	卖盘
14:01:06	14.91	-0.01	11	16401	卖盘
14:01:03	14.92	--	31	46252	买盘
14:01:00	14.92	--	17	25364	卖盘
14:00:57	14.92	--	18	26856	卖盘
14:00:54	14.92	0.01	15	22380	卖盘
14:00:51	14.91	-0.01	5	7455	卖盘
14:00:48	14.92	--	69	102948	卖盘
14:00:45	14.92	0.01	140	209626	买盘
14:00:39	14.91	0.01	92	137172	买盘
14:00:33	14.9	--	0	745	卖盘
14:00:30	14.9	--	5	7450	卖盘
14:00:21	14.9	0.01	288	429120	买盘
14:00:18	14.89	--	14	20846	卖盘
14:00:15	14.89	0.01	144	214416	买盘
14:00:09	14.88	--	60	89280	卖盘
14:00:03	14.88	--	59	87792	买盘
14:00:00	14.88	--	1	1488	买盘
13:59:57	14.88	--	23	34224	买盘
13:59:54	14.88	--	2	2976	买盘
13:59:48	14.88	0.01	11	16368	买盘
13:59:36	14.87	0.01	12	17844	买盘
13:59:30	14.86	--	8	11888	卖盘
13:59:18	14.86	0.02	36	53496	买盘
13:59:12	14.84	0.01	117	174607	买盘
13:59:09	14.83	--	1	1483	买盘
13:59:06	14.83	--	12	17796	买盘
13:59:00	14.83	--	50	74150	买盘
13:58:57	14.83	--	81	120123	买盘
13:58:54	14.83	--	8	11864	买盘
13:58:39	14.83	0.01	1	1483	买盘
13:58:30	14.82	-0.01	10	14820	卖盘
13:58:24	14.83	0.01	10	14830	买盘
13:58:21	14.82	0.01	5	7410	中性盘
13:58:06	14.81	--	7	10367	卖盘
13:58:03	14.81	--	2	2962	买盘
13:57:51	14.81	-0.01	22	32582	卖盘
13:57:45	14.82	0.01	2	2964	买盘
13:57:33	14.81	--	3	4443	卖盘
13:57:30	14.81	--	30	44430	卖盘
13:57:18	14.81	-0.01	4	5924	卖盘
13:57:09	14.82	--	6	8892	买盘
13:57:03	14.82	--	468	693576	买盘
13:56:57	14.82	--	104	154128	买盘
13:56:54	14.82	--	1	1482	买盘
13:56:48	14.82	--	21	31122	买盘
13:56:36	14.82	--	30	44460	买盘
13:56:30	14.82	0.01	19	28158	买盘
13:56:21	14.81	--	100	148100	卖盘
13:56:15	14.81	--	4	5924	卖盘
13:56:12	14.81	0.02	239	353959	买盘
13:56:06	14.79	--	15	23057	买盘
13:56:03	14.79	--	50	73950	买盘
13:55:51	14.79	-0.02	20	30186	卖盘
13:55:48	14.81	0.01	17	25177	买盘
13:55:36	14.8	--	1	1480	卖盘
13:55:33	14.8	--	111	165153	买盘
13:55:24	14.8	0.01	21	31080	买盘
13:55:21	14.79	--	7	10353	卖盘
13:55:12	14.79	--	45	66555	卖盘
13:54:45	14.79	-0.01	5	7395	卖盘
13:54:39	14.8	--	64	94720	卖盘
13:54:30	14.8	--	26	38480	卖盘
13:54:18	14.8	-0.01	50	74000	卖盘
13:54:15	14.81	--	11	16291	买盘
13:54:09	14.81	-0.01	28	41468	卖盘
13:54:06	14.82	--	20	29640	买盘
13:54:03	14.82	0.01	10	14820	买盘
13:53:45	14.81	--	1	1481	卖盘
13:53:39	14.81	-0.01	9	13329	卖盘
13:53:30	14.82	--	5	7410	买盘
13:53:24	14.82	--	10	14820	买盘
13:53:06	14.82	--	8	11856	买盘
13:53:00	14.82	--	6	9633	卖盘
13:52:57	14.82	--	0	741	卖盘
13:52:54	14.82	-0.01	33	48906	卖盘
13:52:51	14.83	0.01	1	1483	买盘
13:52:48	14.82	--	16	23712	买盘
13:52:42	14.82	--	5	7410	买盘
13:52:39	14.82	-0.01	24	35568	卖盘
13:52:36	14.83	0.01	9	13347	买盘
13:52:30	14.82	--	1	1482	卖盘
13:52:27	14.82	--	50	74100	卖盘
13:52:24	14.82	--	65	96330	买盘
13:52:18	14.82	0.01	39	57798	买盘
13:52:12	14.81	--	1	1481	卖盘
13:52:09	14.81	-0.01	49	72569	卖盘
13:52:03	14.82	0.01	1	1482	买盘
13:52:00	14.81	-0.01	41	60721	卖盘
13:51:57	14.82	--	15	22230	买盘
13:51:51	14.82	0.01	9	13338	买盘
13:51:45	14.81	--	9	13329	卖盘
13:51:42	14.81	--	7	10367	卖盘
13:51:39	14.81	--	5	7405	买盘
13:51:30	14.81	0.01	64	94784	买盘
13:51:27	14.8	--	50	74000	买盘
13:51:24	14.8	0.01	25	37000	中性盘
13:51:15	14.79	-0.01	100	147900	卖盘
13:51:09	14.8	--	48	71780	买盘
13:50:57	14.8	--	57	84360	买盘
13:50:54	14.8	--	32	47360	买盘
13:50:51	14.8	--	20	29600	买盘
13:50:48	14.8	--	67	99160	卖盘
13:50:45	14.8	--	11	16280	中性盘
13:50:36	14.8	--	5	7400	买盘
13:50:30	14.8	-0.01	16	23680	卖盘
13:50:24	14.81	0.01	30	44430	买盘
13:50:21	14.8	--	25	37000	买盘
13:50:18	14.8	--	23	34040	买盘
13:50:15	14.8	--	101	149480	买盘
13:50:09	14.8	--	37	54760	买盘
13:50:00	14.8	--	8	11840	卖盘
13:49:51	14.8	--	60	88800	卖盘
13:49:48	14.8	--	8	11840	买盘
13:49:45	14.8	--	1	1480	买盘
13:49:42	14.8	--	9	13320	卖盘
13:49:36	14.8	--	1	1480	买盘
13:49:33	14.8	--	1	1480	卖盘
13:49:27	14.8	--	9	13320	买盘
13:49:18	14.8	0.01	6	8880	买盘
13:49:15	14.79	--	29	42891	卖盘
13:49:12	14.79	-0.01	27	39933	卖盘
13:49:09	14.8	--	1	1480	买盘
13:49:06	14.8	--	4	5920	买盘
13:49:00	14.8	--	23	34040	买盘
13:48:57	14.8	--	24	35520	买盘
13:48:51	14.8	--	18	26640	买盘
13:48:48	14.8	--	11	16280	买盘
13:48:42	14.8	0.01	1	1480	买盘
13:48:39	14.79	-0.01	20	29580	卖盘
13:48:33	14.8	--	32	47360	买盘
13:48:27	14.8	--	2	2960	买盘
13:48:24	14.8	--	28	41440	卖盘
13:48:06	14.8	--	27	39960	买盘
13:48:03	14.8	0.01	1	1480	买盘
13:47:51	14.79	--	72	106488	买盘
13:47:48	14.79	--	103	152337	买盘
13:47:45	14.79	--	5	7395	买盘
13:47:42	14.79	--	15	22185	买盘
13:47:39	14.79	--	15	22185	买盘
13:47:36	14.79	0.01	100	147900	买盘
13:47:33	14.78	-0.01	2	2956	卖盘
13:47:30	14.79	0.01	1	1479	买盘
13:47:27	14.78	--	2	2956	卖盘
13:47:24	14.78	--	4	5912	卖盘
13:47:21	14.78	--	59	87202	买盘
13:47:18	14.78	--	22	32516	买盘
13:47:15	14.78	--	52	76856	买盘
13:47:12	14.78	--	20	29560	买盘
13:47:09	14.78	--	10	14780	买盘
13:47:06	14.78	--	1	1478	买盘
13:47:03	14.78	--	201	297078	买盘
13:46:57	14.78	--	1	1478	买盘
13:46:54	14.78	0.01	2	2956	买盘
13:46:51	14.77	--	18	27324	买盘
13:46:48	14.77	--	10	14770	买盘
13:46:45	14.77	--	35	51695	买盘
13:46:42	14.77	0.01	5	7385	买盘
13:46:27	14.76	--	36	53136	买盘
13:46:24	14.76	--	22	32472	买盘
13:46:21	14.76	--	49	72324	卖盘
13:46:18	14.76	--	10	14760	买盘
13:46:15	14.76	--	4	5904	买盘
13:46:12	14.76	--	21	30996	买盘
13:46:09	14.76	--	12	17712	买盘
13:46:06	14.76	--	10	14760	买盘
13:46:03	14.76	0.01	46	67896	买盘
13:46:00	14.75	-0.01	52	76700	卖盘
13:45:54	14.76	0.01	5	7380	买盘
13:45:48	14.75	0.01	30	44250	买盘
13:45:42	14.74	--	4	5896	卖盘
13:45:39	14.74	--	3	4422	买盘
13:45:36	14.74	--	45	66330	买盘
13:45:33	14.74	--	40	58960	买盘
13:45:30	14.74	--	2	2948	买盘
13:45:27	14.74	-0.01	156	229944	卖盘
13:45:24	14.75	--	36	53100	买盘
13:45:21	14.75	0.01	12	17700	买盘
13:45:18	14.74	-0.01	72	106128	卖盘
13:45:15	14.75	--	38	56050	买盘
13:45:12	14.75	--	10	14750	买盘
13:45:09	14.75	0.01	22	32450	买盘
13:45:06	14.74	--	56	82544	买盘
13:45:03	14.74	--	14	20636	卖盘
13:45:00	14.74	--	61	89914	卖盘
13:44:57	14.74	--	29	42746	卖盘
13:44:51	14.74	0.01	16	23584	买盘
13:44:48	14.73	-0.01	24	35352	卖盘
13:44:45	14.74	0.01	17	25058	买盘
13:44:42	14.73	--	7	10311	卖盘
13:44:39	14.73	--	60	88380	卖盘
13:44:36	14.73	--	1	1473	卖盘
13:44:33	14.73	0.01	23	33879	买盘
13:44:30	14.72	-0.01	40	58880	卖盘
13:44:27	14.73	--	32	47136	买盘
13:44:24	14.73	--	39	57447	卖盘
13:44:21	14.73	--	18	26514	卖盘
13:44:18	14.73	-0.01	3	4419	卖盘
13:44:15	14.74	0.01	398	586652	买盘
13:44:12	14.73	--	32	47136	买盘
13:44:09	14.73	--	37	54501	买盘
13:44:03	14.73	--	15	22095	买盘
13:44:00	14.73	-0.01	10	14730	中性盘
13:43:57	14.74	0.01	70	103180	买盘
13:43:54	14.73	--	17	25041	卖盘
13:43:51	14.73	--	76	111948	卖盘
13:43:48	14.73	--	30	44190	卖盘
13:43:45	14.73	--	200	294600	卖盘
13:43:39	14.73	-0.01	1	1473	卖盘
13:43:36	14.74	--	27	39798	买盘
13:43:33	14.74	--	11	16214	买盘
13:43:30	14.74	-0.01	26	38324	卖盘
13:43:27	14.75	--	10	14750	买盘
13:43:21	14.75	--	154	227651	卖盘
13:43:18	14.75	--	23	33925	卖盘
13:43:15	14.75	--	25	36875	卖盘
13:43:12	14.75	--	111	164742	卖盘
13:43:09	14.75	--	4	5900	卖盘
13:43:06	14.75	-0.01	125	184375	卖盘
13:43:03	14.76	0.01	101	149076	买盘
13:43:00	14.75	--	3	4425	卖盘
13:42:57	14.75	--	22	32450	卖盘
13:42:54	14.75	--	100	147500	卖盘
13:42:51	14.75	-0.01	5	7375	卖盘
13:42:48	14.76	--	2	2952	买盘
13:42:45	14.76	-0.01	235	346860	卖盘
13:42:39	14.77	--	5	7385	买盘
13:42:36	14.77	--	46	67942	卖盘
13:42:33	14.77	--	40	59080	卖盘
13:42:24	14.77	-0.01	19	28063	卖盘
13:42:18	14.78	--	2	2956	买盘
13:42:15	14.78	--	2	2956	买盘
13:42:12	14.78	-0.01	98	144844	卖盘
13:42:06	14.79	--	7	10353	买盘
13:42:00	14.79	0.01	19	28101	中性盘
13:41:51	14.78	--	100	147800	卖盘
13:41:42	14.78	-0.01	43	63554	卖盘
13:41:36	14.79	0.01	11	16268	中性盘
13:41:21	14.78	-0.01	60	88680	卖盘
13:41:18	14.79	-0.01	10	14790	卖盘
13:41:06	14.8	--	19	28120	买盘
13:41:00	14.8	--	1	1480	买盘
13:40:51	14.8	0.02	51	75480	买盘
13:40:48	14.78	-0.02	34	50252	卖盘
13:40:42	14.8	0.02	35	51800	买盘
13:40:33	14.78	-0.01	2	2956	卖盘
13:40:24	14.79	--	5	7395	买盘
13:40:21	14.79	0.01	6	8874	买盘
13:40:12	14.78	-0.01	5	7390	卖盘
13:40:03	14.79	--	1	1479	买盘
13:40:00	14.79	0.01	6	8874	买盘
13:39:57	14.78	-0.01	18	26604	卖盘
13:39:54	14.79	--	1	1479	买盘
13:39:51	14.79	0.01	10	14790	买盘
13:39:48	14.78	-0.01	49	72422	卖盘
13:39:39	14.79	0.01	1	1479	买盘
13:39:30	14.78	--	17	25126	卖盘
13:39:21	14.78	-0.02	1	1478	卖盘
13:39:18	14.8	0.02	31	45880	买盘
13:39:15	14.78	--	16	23648	卖盘
13:39:12	14.78	-0.02	41	60598	卖盘
13:39:09	14.8	0.01	20	29600	买盘
13:39:06	14.79	0.01	6	8874	买盘
13:39:00	14.78	-0.01	1	1478	卖盘
13:38:57	14.79	--	4	5916	买盘
13:38:54	14.79	--	5	7395	买盘
13:38:48	14.79	--	10	14790	买盘
13:38:45	14.79	--	1	1479	买盘
13:38:42	14.79	--	36	53244	买盘
13:38:39	14.79	-0.01	84	124236	卖盘
13:38:36	14.8	--	3	4440	卖盘
13:38:33	14.8	--	1	1480	卖盘
13:38:30	14.8	--	44	65120	买盘
13:38:24	14.8	--	10	14800	买盘
13:38:21	14.8	0.01	3	4440	买盘
13:38:18	14.79	-0.01	5	7395	卖盘
13:38:15	14.8	--	1	1480	买盘
13:38:12	14.8	--	8	11840	买盘
13:38:09	14.8	--	10	14800	买盘
13:38:03	14.8	--	19	28120	买盘
13:38:00	14.8	--	7	10360	卖盘
13:37:57	14.8	--	3	4440	卖盘
13:37:54	14.8	--	24	35520	卖盘
13:37:48	14.8	--	17	25160	买盘
13:37:45	14.8	--	26	38480	买盘
13:37:39	14.8	0.01	10	14800	买盘
13:37:33	14.79	-0.01	1	1479	卖盘
13:37:27	14.8	--	5	7400	买盘
13:37:24	14.8	0.01	2	2960	买盘
13:37:15	14.79	--	15	22185	卖盘
13:37:12	14.79	--	4	5916	卖盘
13:37:06	14.79	--	31	45849	买盘
13:37:03	14.79	0.01	31	45849	买盘
13:36:57	14.78	-0.01	31	45818	卖盘
13:36:51	14.79	0.01	6	8874	买盘
13:36:45	14.78	0.01	39	57642	买盘
13:36:42	14.77	-0.01	20	29540	卖盘
13:36:39	14.78	0.02	10	14780	买盘
13:36:33	14.76	--	201	296676	卖盘
13:36:27	14.76	-0.01	20	29520	卖盘
13:36:24	14.77	--	48	70896	买盘
13:36:18	14.77	--	10	14770	买盘
13:36:15	14.77	0.01	20	29540	买盘
13:36:12	14.76	--	1	1476	卖盘
13:36:09	14.76	-0.01	20	29520	卖盘
13:36:06	14.77	0.01	42	62034	买盘
13:36:03	14.76	--	25	36900	卖盘
13:36:00	14.76	--	16	23616	卖盘
13:35:57	14.76	-0.01	41	60516	卖盘
13:35:54	14.77	0.01	2	2954	买盘
13:35:51	14.76	--	10	14760	卖盘
13:35:48	14.76	--	11	16236	卖盘
13:35:42	14.76	--	5	7380	买盘
13:35:39	14.76	--	78	115128	卖盘
13:35:36	14.76	0.01	60	88560	卖盘
13:35:33	14.75	-0.01	85	125375	卖盘
13:35:30	14.76	0.01	5	7380	买盘
13:35:27	14.75	--	50	73750	卖盘
13:35:24	14.75	-0.01	9	13275	卖盘
13:35:21	14.76	0.01	5	7380	买盘
13:35:18	14.75	--	30	44250	卖盘
13:35:15	14.75	-0.01	18	26550	卖盘
13:35:12	14.76	-0.01	21	30996	买盘
13:35:09	14.77	0.01	92	135884	买盘
13:35:06	14.76	--	83	122508	卖盘
13:35:03	14.76	--	10	14760	卖盘
13:35:00	14.76	-0.01	265	391140	卖盘
13:34:57	14.77	--	45	66465	买盘
13:34:54	14.77	-0.01	158	233366	卖盘
13:34:51	14.78	0.01	5	7390	买盘
13:34:48	14.77	-0.01	6	8862	卖盘
13:34:45	14.78	--	3	4434	买盘
13:34:42	14.78	--	214	316292	卖盘
13:34:33	14.78	-0.01	4	5912	卖盘
13:34:30	14.79	--	4	5916	买盘
13:34:27	14.79	--	2	2958	买盘
13:34:24	14.79	--	202	298758	卖盘
13:34:21	14.79	--	51	75429	卖盘
13:34:18	14.79	--	15	22185	卖盘
13:34:15	14.79	-0.01	14	20706	卖盘
13:34:09	14.8	0.01	11	16280	买盘
13:34:06	14.79	-0.01	45	66555	卖盘
13:34:00	14.8	0.01	15	22200	买盘
13:33:54	14.79	-0.01	15	22185	卖盘
13:33:48	14.8	--	40	59200	卖盘
13:33:45	14.8	--	1	1480	买盘
13:33:42	14.8	--	65	96200	卖盘
13:33:36	14.8	--	10	14800	卖盘
13:33:33	14.8	--	1	1480	卖盘
13:33:30	14.8	-0.01	255	377400	卖盘
13:33:21	14.81	--	36	53316	买盘
13:33:15	14.81	0.01	1	1481	买盘
13:33:09	14.8	-0.01	286	423280	卖盘
13:33:06	14.81	--	10	14810	买盘
13:33:00	14.81	0.01	8	11848	买盘
13:32:54	14.8	-0.01	120	177600	卖盘
13:32:51	14.81	-0.01	199	294719	卖盘
13:32:48	14.82	0.01	30	44460	买盘
13:32:45	14.81	-0.01	10	14810	卖盘
13:32:39	14.82	--	107	158574	买盘
13:32:36	14.82	--	29	42978	买盘
13:32:30	14.82	--	69	102258	买盘
13:32:24	14.82	0.01	17	25194	买盘
13:32:18	14.81	--	78	115518	卖盘
13:32:15	14.81	--	5	7405	卖盘
13:32:12	14.81	-0.01	13	19253	卖盘
13:32:06	14.82	0.01	51	75582	买盘
13:32:03	14.81	--	2	2962	卖盘
13:32:00	14.81	-0.01	18	26658	卖盘
13:31:57	14.82	0.01	84	124488	买盘
13:31:54	14.81	-0.01	21	31101	卖盘
13:31:51	14.82	0.01	13	19266	买盘
13:31:45	14.81	--	9	13329	卖盘
13:31:42	14.81	-0.01	52	77012	卖盘
13:31:36	14.82	--	6	8892	买盘
13:31:33	14.82	--	49	73077	卖盘
13:31:30	14.82	--	222	329004	卖盘
13:31:24	14.82	--	20	29640	卖盘
13:31:21	14.82	--	244	361608	卖盘
13:31:15	14.82	-0.01	20	29640	卖盘
13:31:12	14.83	--	1	1483	买盘
13:31:09	14.83	--	16	23728	买盘
13:31:06	14.83	--	12	17796	买盘
13:31:03	14.83	--	203	301049	卖盘
13:30:48	14.83	-0.01	19	28177	卖盘
13:30:42	14.84	--	3	4452	买盘
13:30:30	14.84	--	20	29680	买盘
13:30:24	14.84	--	1	1484	买盘
13:30:15	14.84	--	7	10388	卖盘
13:30:03	14.84	--	4	5936	卖盘
13:29:57	14.84	--	2	2968	卖盘
13:29:51	14.84	0.01	37	54908	买盘
13:29:48	14.83	--	1	1483	卖盘
13:29:42	14.83	-0.01	45	66735	卖盘
13:29:39	14.84	0.01	11	16324	买盘
13:29:36	14.83	--	5	7415	卖盘
13:29:27	14.83	-0.01	55	81565	卖盘
13:29:24	14.84	--	4	5936	买盘
13:29:21	14.84	--	7	10388	买盘
13:29:12	14.84	--	8	11872	买盘
13:29:06	14.84	--	1	1484	买盘
13:29:00	14.84	--	6	8904	买盘
13:28:57	14.84	--	34	50456	买盘
13:28:45	14.84	--	29	43036	买盘
13:28:39	14.84	-0.03	53	78652	卖盘
13:28:36	14.87	0.02	48	71376	买盘
13:28:33	14.85	0.01	4	5940	中性盘
13:28:15	14.84	-0.02	328	486989	卖盘
13:28:12	14.86	0.01	161	240598	买盘
13:28:06	14.85	--	18	26730	卖盘
13:28:03	14.85	--	10	14850	卖盘
13:28:00	14.85	0.01	2	2970	中性盘
13:27:51	14.84	-0.01	74	110335	卖盘
13:27:48	14.85	--	40	59400	买盘
13:27:39	14.85	--	8	11880	买盘
13:27:36	14.85	0.01	81	121309	买盘
13:27:33	14.84	-0.01	8	11872	卖盘
13:27:30	14.85	0.01	7	10395	买盘
13:27:24	14.84	-0.01	23	34132	卖盘
13:27:21	14.85	--	42	63691	买盘
13:27:18	14.85	0.01	5	7425	买盘
13:27:09	14.84	--	13	19292	卖盘
13:27:06	14.84	--	65	96460	买盘
13:27:03	14.84	0.01	10	14840	买盘
13:27:00	14.83	-0.01	8	11864	卖盘
13:26:48	14.84	0.01	2	2968	买盘
13:26:42	14.83	0.01	13	19279	卖盘
13:26:39	14.82	-0.01	15	23119	卖盘
13:26:36	14.83	--	22	32626	买盘
13:26:33	14.83	--	3	4449	买盘
13:26:30	14.83	--	34	50422	买盘
13:26:27	14.83	0.01	14	20762	买盘
13:26:24	14.82	-0.01	64	95188	卖盘
13:26:21	14.83	--	61	90463	买盘
13:26:18	14.83	0.01	16	23728	买盘
13:26:12	14.82	-0.01	44	65208	卖盘
13:26:09	14.83	--	100	148418	买盘
13:26:06	14.83	0.01	20	29660	买盘
13:25:54	14.82	--	159	236793	买盘
13:25:51	14.82	--	39	59176	卖盘
13:25:45	14.82	--	53	78546	卖盘
13:25:42	14.82	0.01	134	198691	买盘
13:25:39	14.81	--	150	222846	卖盘
13:25:33	14.81	-0.01	6	8886	卖盘
13:25:30	14.82	--	10	14820	买盘
13:25:27	14.82	0.01	145	214890	买盘
13:25:24	14.81	--	50	74050	卖盘
13:25:21	14.81	-0.01	65	97509	卖盘
13:25:18	14.82	0.01	105	155610	买盘
13:25:09	14.81	-0.01	41	60721	卖盘
13:25:06	14.82	--	58	86593	卖盘
13:25:03	14.82	--	10	14820	卖盘
13:24:54	14.82	--	39	59013	卖盘
13:24:51	14.82	--	26	38532	卖盘
13:24:45	14.82	--	21	31122	卖盘
13:24:42	14.82	-0.01	1	1482	卖盘
13:24:39	14.83	--	63	93488	买盘
13:24:36	14.83	0.01	3	4449	买盘
13:24:33	14.82	--	5	7410	卖盘
13:24:21	14.82	--	55	82162	卖盘
13:24:18	14.82	--	12	17784	卖盘
13:24:15	14.82	--	5	7410	卖盘
13:24:12	14.82	--	8	11856	卖盘
13:24:06	14.82	-0.01	7	10774	卖盘
13:24:03	14.83	--	1	1483	买盘
13:24:00	14.83	--	1	1483	买盘
13:23:54	14.83	0.01	2	2966	买盘
13:23:51	14.82	-0.01	7	10374	卖盘
13:23:48	14.83	0.01	20	29660	买盘
13:23:39	14.82	-0.01	3	4446	卖盘
13:23:33	14.83	0.01	7	10381	买盘
13:23:30	14.82	--	99	146718	卖盘
13:23:27	14.82	--	2	2964	卖盘
13:23:15	14.82	--	21	31122	卖盘
13:23:09	14.82	--	10	14820	卖盘
13:23:06	14.82	--	1	1482	卖盘
13:23:03	14.82	-0.01	10	14820	卖盘
13:23:00	14.83	0.01	5	7415	买盘
13:22:57	14.82	-0.01	4	5928	卖盘
13:22:54	14.83	--	163	241729	买盘
13:22:51	14.83	--	48	71184	卖盘
13:22:45	14.83	--	1	1483	卖盘
13:22:36	14.83	-0.01	20	29660	卖盘
13:22:33	14.84	--	5	7420	买盘
13:22:24	14.84	0.01	53	78652	买盘
13:22:21	14.83	-0.01	125	185375	卖盘
13:22:09	14.84	--	1	1484	卖盘
13:22:06	14.84	--	10	14840	卖盘
13:22:03	14.84	-0.01	50	74200	卖盘
13:21:57	14.85	0.01	66	98010	买盘
13:21:51	14.84	-0.01	1	1484	卖盘
13:21:48	14.85	--	1	1485	买盘
13:21:39	14.85	--	1	1485	买盘
13:21:27	14.85	0.01	5	7425	买盘
13:21:21	14.84	-0.02	50	74200	卖盘
13:21:18	14.86	0.01	3	4458	买盘
13:21:15	14.85	--	14	20790	卖盘
13:21:06	14.85	0.02	166	246747	买盘
13:21:03	14.83	--	12	18537	卖盘
13:21:00	14.83	--	3	4449	卖盘
13:20:57	14.83	-0.01	81	120123	卖盘
13:20:54	14.84	--	1	2226	卖盘
13:20:48	14.84	--	41	60844	买盘
13:20:45	14.84	--	1	1484	买盘
13:20:39	14.84	0.01	30	44520	买盘
13:20:33	14.83	--	10	14830	卖盘
13:20:30	14.83	--	10	14830	卖盘
13:20:27	14.83	--	3	4449	卖盘
13:20:09	14.83	--	5	7415	卖盘
13:20:03	14.83	--	13	19279	卖盘
13:20:00	14.83	--	80	118640	卖盘
13:19:51	14.83	-0.01	12	17796	卖盘
13:19:45	14.84	--	3	4452	买盘
13:19:42	14.84	--	1	1484	卖盘
13:19:39	14.84	--	4	5936	买盘
13:19:27	14.84	-0.01	3	4452	中性盘
13:19:18	14.85	0.02	3	4455	买盘
13:19:15	14.83	-0.02	15	22245	卖盘
13:19:12	14.85	--	15	22275	买盘
13:19:06	14.85	-0.01	20	29700	买盘
13:19:00	14.86	--	27	40627	卖盘
13:18:54	14.86	--	7	10892	卖盘
13:18:51	14.86	0.03	57	85192	买盘
13:18:42	14.83	0.01	17	25211	买盘
13:18:39	14.82	-0.01	1	1482	卖盘
13:18:33	14.83	0.01	67	99361	买盘
13:18:30	14.82	-0.01	7	10374	卖盘
13:18:24	14.83	0.01	13	19279	买盘
13:18:18	14.82	--	81	120042	卖盘
13:18:15	14.82	--	25	37050	卖盘
13:18:06	14.82	-0.01	30	44460	卖盘
13:18:03	14.83	--	7	10870	卖盘
13:18:00	14.83	--	1	1483	卖盘
13:17:57	14.83	--	2	2966	卖盘
13:17:54	14.83	--	40	59320	卖盘
13:17:51	14.83	--	5	7415	卖盘
13:17:48	14.83	--	38	56843	买盘
13:17:45	14.83	0.01	21	31143	买盘
13:17:42	14.82	-0.01	7	10863	卖盘
13:17:36	14.83	--	17	26204	卖盘
13:17:33	14.83	-0.01	23	34598	卖盘
13:17:27	14.84	--	14	20776	卖盘
13:17:18	14.84	-0.01	1	1484	中性盘
13:17:15	14.85	0.03	5	7425	买盘
13:17:12	14.82	-0.02	323	478686	卖盘
13:17:09	14.84	-0.01	2	2968	卖盘
13:17:06	14.85	0.01	1	1485	买盘
13:17:03	14.84	-0.01	10	14840	卖盘
13:16:57	14.85	0.01	2	2970	买盘
13:16:54	14.84	0.01	7	10877	中性盘
13:16:45	14.83	-0.01	186	276327	卖盘
13:16:42	14.84	-0.01	1	1484	卖盘
13:16:39	14.85	--	50	74250	买盘
13:16:36	14.85	--	1	1485	买盘
13:16:33	14.85	-0.01	178	264330	卖盘
13:16:27	14.86	--	45	67865	买盘
13:16:21	14.86	--	122	181292	买盘
13:16:15	14.86	0.01	10	14860	买盘
13:16:12	14.85	--	20	29700	卖盘
13:16:09	14.85	--	70	103950	卖盘
13:16:06	14.85	--	39	57915	卖盘
13:16:03	14.85	--	34	50490	卖盘
13:16:00	14.85	--	50	74250	卖盘
13:15:57	14.85	--	7	10395	卖盘
13:15:54	14.85	--	70	103950	卖盘
13:15:51	14.85	--	11	16335	卖盘
13:15:48	14.85	-0.01	7	10885	卖盘
13:15:45	14.86	0.01	3	4458	买盘
13:15:42	14.85	-0.01	10	14850	卖盘
13:15:36	14.86	-0.02	362	537932	卖盘
13:15:33	14.88	0.02	20	29760	买盘
13:15:30	14.86	-0.01	20	29720	卖盘
13:15:21	14.87	--	210	313266	卖盘
13:15:18	14.87	--	57	85249	卖盘
13:15:15	14.87	-0.01	2	2974	卖盘
13:14:54	14.88	--	1	1488	买盘
13:14:48	14.88	-0.01	54	80352	卖盘
13:14:45	14.89	0.01	8	11912	买盘
13:14:39	14.88	--	5	7440	卖盘
13:14:30	14.88	-0.01	1	1488	卖盘
13:14:24	14.89	--	79	117631	买盘
13:14:18	14.89	0.01	1	1489	买盘
13:14:12	14.88	-0.01	198	294624	卖盘
13:14:00	14.89	--	5	7445	买盘
13:13:57	14.89	--	350	521894	卖盘
13:13:48	14.89	--	12	17868	卖盘
13:13:42	14.89	--	21	31269	卖盘
13:13:09	14.89	-0.01	3	4467	卖盘
13:13:06	14.9	0.01	1	1490	买盘
13:13:03	14.89	--	20	29780	卖盘
13:12:51	14.89	--	4	5956	卖盘
13:12:48	14.89	-0.01	1	1489	卖盘
13:12:36	14.9	-0.01	1	1490	中性盘
13:12:27	14.91	0.01	5	7455	买盘
13:12:24	14.9	0.01	5	7450	中性盘
13:12:09	14.89	-0.01	8	11912	卖盘
13:12:06	14.9	--	7	10430	卖盘
13:12:03	14.9	--	2	3725	买盘
13:12:00	14.9	--	5	7450	买盘
13:11:57	14.9	0.01	2	2980	买盘
13:11:54	14.89	-0.01	10	14890	卖盘
13:11:45	14.9	--	5	8195	卖盘
13:11:36	14.9	--	45	67795	买盘
13:11:27	14.9	--	1	1490	买盘
13:11:18	14.9	--	5	7450	买盘
13:11:15	14.9	--	1	2235	卖盘
13:11:09	14.9	--	100	149000	卖盘
13:11:03	14.9	-0.01	11	16390	卖盘
13:10:57	14.91	0.01	1	1491	买盘
13:10:54	14.9	-0.01	2	2980	卖盘
13:10:48	14.91	0.01	10	14910	买盘
13:10:45	14.9	--	1	1490	卖盘
13:10:42	14.9	--	10	14900	卖盘
13:10:39	14.9	--	2	2980	卖盘
13:10:33	14.9	-0.01	50	74500	卖盘
13:10:21	14.91	0.01	1	1491	买盘
13:10:09	14.9	--	20	29800	卖盘
13:10:03	14.9	--	8	11920	卖盘
13:10:00	14.9	--	3	4470	卖盘
13:09:54	14.9	-0.01	34	50660	卖盘
13:09:45	14.91	0.01	6	8946	买盘
13:09:42	14.9	--	50	74500	卖盘
13:09:24	14.9	--	2	2980	卖盘
13:09:21	14.9	-0.01	7	10430	卖盘
13:09:15	14.91	--	1	1491	买盘
13:09:09	14.91	0.01	7	10437	买盘
13:09:06	14.9	-0.01	5	7450	卖盘
13:08:57	14.91	--	13	19383	买盘
13:08:42	14.91	0.01	1	1491	买盘
13:08:12	14.9	--	54	80460	卖盘
13:08:09	14.9	-0.01	4	5960	卖盘
13:08:06	14.91	0.01	3	4473	买盘
13:08:03	14.9	--	160	238400	卖盘
13:07:57	14.9	-0.01	5	7450	卖盘
13:07:42	14.91	--	5	7455	买盘
13:07:36	14.91	--	1	1491	买盘
13:07:21	14.91	--	15	22365	卖盘
13:07:18	14.91	--	2	2982	卖盘
13:07:12	14.91	0.01	29	43239	买盘
13:07:09	14.9	--	16	23840	卖盘
13:06:45	14.9	-0.01	1	1490	卖盘
13:06:21	14.91	0.01	11	16401	中性盘
13:06:15	14.9	-0.01	13	19370	卖盘
13:06:06	14.91	--	3	4473	买盘
13:06:00	14.91	-0.01	10	14910	卖盘
13:05:57	14.92	0.01	2	2984	买盘
13:05:39	14.91	--	3	4473	卖盘
13:05:33	14.91	0.01	40	59640	买盘
13:05:21	14.9	--	1	1490	卖盘
13:05:15	14.9	--	101	150490	卖盘
13:05:12	14.9	--	2	2980	卖盘
13:05:09	14.9	-0.01	32	47680	卖盘
13:05:03	14.91	0.01	10	14910	买盘
13:05:00	14.9	--	1	1490	卖盘
13:04:57	14.9	--	1	1490	卖盘
13:04:54	14.9	--	8	11920	卖盘
13:04:48	14.9	--	10	14900	卖盘
13:04:42	14.9	--	2	2980	卖盘
13:04:33	14.9	--	154	229460	卖盘
13:04:27	14.9	--	2	2980	卖盘
13:03:57	14.9	-0.01	64	95360	卖盘
13:03:51	14.91	--	1	1491	买盘
13:03:45	14.91	--	8	11928	买盘
13:03:39	14.91	-0.01	79	117789	卖盘
13:03:36	14.92	0.01	86	128312	买盘
13:03:27	14.91	-0.01	10	14910	卖盘
13:03:24	14.92	0.01	1	1492	买盘
13:03:18	14.91	--	2	2982	卖盘
13:03:15	14.91	--	31	46221	卖盘
13:03:12	14.91	--	1	1491	卖盘
13:03:03	14.91	--	99	147609	卖盘
13:02:57	14.91	-0.01	29	43239	卖盘
13:02:51	14.92	0.01	19	28348	买盘
13:02:42	14.91	-0.01	11	16401	卖盘
13:02:36	14.92	--	10	14920	买盘
13:02:33	14.92	--	2	2984	买盘
13:02:24	14.92	--	53	79076	买盘
13:02:21	14.92	--	1	1492	买盘
13:02:09	14.92	--	20	29840	买盘
13:01:57	14.92	0.01	4	5968	买盘
13:01:51	14.91	-0.01	1	1491	卖盘
13:01:30	14.92	0.01	24	35808	买盘
13:01:24	14.91	--	26	38766	卖盘
13:01:09	14.91	-0.01	1	1491	卖盘
13:01:06	14.92	0.01	11	16412	买盘
13:00:51	14.91	--	5	7455	卖盘
13:00:48	14.91	--	2	2982	卖盘
13:00:42	14.91	-0.01	3	4473	卖盘
13:00:27	14.92	--	58	86536	买盘
13:00:12	14.92	0.01	6	8952	买盘
13:00:09	14.91	--	20	29820	卖盘
13:00:06	14.91	-0.01	62	92442	卖盘
13:00:03	14.92	0.02	472	704224	买盘
13:00:00	14.9	--	0	0	卖盘
11:30:00	14.9	--	0	0	卖盘
11:29:54	14.9	-0.01	10	14900	卖盘
11:29:51	14.91	0.01	84	125244	买盘
11:29:48	14.9	-0.01	20	29800	卖盘
11:29:42	14.91	--	11	16401	买盘
11:29:12	14.91	--	61	90951	卖盘
11:29:06	14.91	-0.01	10	14910	卖盘
11:29:03	14.92	0.01	2	2984	买盘
11:28:42	14.91	-0.01	1	1491	卖盘
11:28:36	14.92	--	10	14920	买盘
11:28:33	14.92	--	1	1492	买盘
11:28:27	14.92	--	9	13428	买盘
11:28:18	14.92	0.01	5	7460	买盘
11:28:15	14.91	--	1	1491	卖盘
11:28:12	14.91	--	100	149100	卖盘
11:28:03	14.91	0.01	86	128226	买盘
11:28:00	14.9	-0.01	1	1490	卖盘
11:27:57	14.91	0.01	1	1491	买盘
11:27:51	14.9	--	3	4470	卖盘
11:27:45	14.9	--	2	2980	卖盘
11:27:39	14.9	--	23	34270	卖盘
11:27:30	14.9	--	2	3725	买盘
11:27:24	14.9	0.02	100	149000	买盘
11:27:15	14.88	--	31	46128	卖盘
11:27:12	14.88	-0.01	53	78864	卖盘
11:27:09	14.89	--	10	14890	买盘
11:27:06	14.89	--	50	74450	买盘
11:26:54	14.89	--	11	16379	买盘
11:26:51	14.89	0.01	12	17868	买盘
11:26:48	14.88	-0.01	1	1488	卖盘
11:26:24	14.89	--	108	160812	买盘
11:26:18	14.89	--	1	1489	买盘
11:26:00	14.89	-0.01	98	145922	卖盘
11:25:54	14.9	--	5	7450	买盘
11:25:48	14.9	--	1	1490	买盘
11:25:45	14.9	--	28	41720	买盘
11:25:30	14.9	-0.01	26	39485	卖盘
11:25:27	14.91	0.01	44	65604	买盘
11:25:15	14.9	-0.01	2	2980	卖盘
11:25:12	14.91	0.01	8	11928	买盘
11:25:06	14.9	--	5	7450	卖盘
11:25:03	14.9	--	7	10430	卖盘
11:24:51	14.9	--	41	61835	买盘
11:24:48	14.9	--	10	14900	买盘
11:24:45	14.9	--	5	7450	买盘
11:24:39	14.9	--	1	1490	买盘
11:24:30	14.9	0.01	10	14900	买盘
11:24:27	14.89	-0.01	10	14890	卖盘
11:24:15	14.9	0.01	16	23840	买盘
11:24:09	14.89	-0.01	23	34247	卖盘
11:24:03	14.9	--	10	14900	买盘
11:23:57	14.9	--	46	68540	买盘
11:23:51	14.9	--	10	14900	买盘
11:23:39	14.9	--	2	2980	买盘
11:23:33	14.9	--	2	2980	买盘
11:23:30	14.9	0.01	5	7450	买盘
11:23:27	14.89	-0.01	135	201015	卖盘
11:23:21	14.9	0.01	5	7450	买盘
11:23:09	14.89	--	10	14890	卖盘
11:23:06	14.89	--	3	4467	卖盘
11:23:03	14.89	0.02	357	531573	买盘
11:23:00	14.87	-0.01	51	75837	卖盘
11:22:57	14.88	0.01	1	1488	中性盘
11:22:54	14.87	-0.02	144	214128	卖盘
11:22:48	14.89	--	2	2978	买盘
11:22:39	14.89	-0.01	25	37225	卖盘
11:22:30	14.9	--	7	10430	买盘
11:22:27	14.9	--	1	1490	买盘
11:22:24	14.9	--	5	7450	买盘
11:22:21	14.9	--	8	12665	卖盘
11:22:15	14.9	--	49	73755	买盘
11:22:06	14.9	--	52	77480	买盘
11:22:00	14.9	--	12	17880	买盘
11:21:54	14.9	--	6	8940	买盘
11:21:51	14.9	--	1	1490	买盘
11:21:45	14.9	--	10	14900	买盘
11:21:42	14.9	0.01	23	34270	买盘
11:21:39	14.89	--	15	22335	卖盘
11:21:33	14.89	-0.01	3	4467	卖盘
11:21:30	14.9	0.01	283	421670	买盘
11:21:27	14.89	--	4	5956	买盘
11:21:18	14.89	--	2	2978	买盘
11:21:06	14.89	--	12	17868	买盘
11:21:03	14.89	--	50	74450	卖盘
11:20:57	14.89	-0.01	5	7445	卖盘
11:20:51	14.9	--	15	22350	买盘
11:20:48	14.9	0.01	1	1490	买盘
11:20:45	14.89	-0.01	21	31269	卖盘
11:20:42	14.9	0.01	1	1490	买盘
11:20:39	14.89	--	10	14890	卖盘
11:20:33	14.89	--	93	138477	买盘
11:20:27	14.89	--	13	19357	买盘
11:20:18	14.89	0.01	56	83384	买盘
11:20:15	14.88	-0.01	5	7440	卖盘
11:20:12	14.89	0.01	1	1489	买盘
11:20:09	14.88	--	20	29760	卖盘
11:20:06	14.88	--	16	23808	买盘
11:20:03	14.88	--	10	14880	买盘
11:20:00	14.88	--	20	29760	买盘
11:19:57	14.88	0.01	7	10416	买盘
11:19:51	14.87	-0.01	55	81785	卖盘
11:19:45	14.88	0.01	30	44640	买盘
11:19:39	14.87	--	4	5948	卖盘
11:19:24	14.87	-0.01	5	7435	卖盘
11:19:03	14.88	--	1	1488	买盘
11:18:51	14.88	0.01	20	29760	买盘
11:18:48	14.87	--	66	98142	卖盘
11:18:36	14.87	-0.01	13	19331	卖盘
11:18:33	14.88	--	31	46128	买盘
11:18:30	14.88	0.01	2	2976	买盘
11:18:27	14.87	-0.01	10	14870	卖盘
11:18:24	14.88	0.01	3	4464	买盘
11:18:15	14.87	-0.01	4	5948	卖盘
11:18:12	14.88	0.01	5	7440	买盘
11:18:09	14.87	-0.01	18	26766	卖盘
11:18:06	14.88	--	106	157728	买盘
11:17:57	14.88	--	1	1488	买盘
11:17:42	14.88	--	1	1488	买盘
11:17:39	14.88	--	20	29760	买盘
11:17:36	14.88	--	6	8928	买盘
11:17:30	14.88	--	1	1488	买盘
11:17:24	14.88	0.01	1	1488	买盘
11:17:21	14.87	--	8	11896	卖盘
11:17:06	14.87	-0.01	2	2974	卖盘
11:17:03	14.88	0.01	6	8928	买盘
11:17:00	14.87	-0.01	3	4461	卖盘
11:16:54	14.88	0.01	1	1488	买盘
11:16:51	14.87	--	6	8922	卖盘
11:16:42	14.87	-0.01	3	4461	卖盘
11:16:36	14.88	0.01	2	2976	买盘
11:16:33	14.87	--	80	118960	卖盘
11:16:30	14.87	-0.01	8	11896	卖盘
11:16:18	14.88	0.01	1	1488	买盘
11:16:06	14.87	-0.01	10	14870	卖盘
11:16:00	14.88	0.01	15	22320	买盘
11:15:54	14.87	-0.01	6	8922	卖盘
11:15:48	14.88	--	43	63984	买盘
11:15:45	14.88	--	6	8928	买盘
11:15:42	14.88	0.01	5	7440	买盘
11:15:39	14.87	-0.01	50	74350	卖盘
11:15:36	14.88	--	5	7440	买盘
11:15:33	14.88	0.01	23	34224	买盘
11:15:30	14.87	-0.01	2	2974	卖盘
11:15:27	14.88	--	1	1488	买盘
11:15:21	14.88	0.01	55	81840	买盘
11:15:15	14.87	-0.01	43	63941	卖盘
11:15:12	14.88	0.01	21	31248	买盘
11:15:06	14.87	--	1	1487	卖盘
11:15:03	14.87	--	100	148700	卖盘
11:15:00	14.87	--	2	2974	卖盘
11:14:57	14.87	--	15	22305	卖盘
11:14:36	14.87	--	4	5948	卖盘
11:14:27	14.87	-0.01	17	25279	卖盘
11:14:21	14.88	--	12	17856	买盘
11:14:12	14.88	--	140	208320	卖盘
11:14:09	14.88	--	14	20832	卖盘
11:14:03	14.88	--	2	2976	卖盘
11:14:00	14.88	-0.01	1	1488	卖盘
11:13:45	14.89	--	1	1489	买盘
11:13:39	14.89	--	3	4467	买盘
11:13:21	14.89	--	38	56582	买盘
11:13:15	14.89	0.01	1	1489	买盘
11:13:12	14.88	--	3	4464	卖盘
11:12:57	14.88	0.01	13	19344	中性盘
11:12:45	14.87	-0.02	4	5948	卖盘
11:12:42	14.89	--	1	1489	买盘
11:12:36	14.89	0.01	40	59560	买盘
11:12:33	14.88	-0.01	5	7440	卖盘
11:12:30	14.89	0.02	4	5956	买盘
11:12:21	14.87	-0.02	13	19331	卖盘
11:12:09	14.89	--	106	157834	买盘
11:12:06	14.89	0.01	6	8934	买盘
11:11:54	14.88	-0.01	51	75888	卖盘
11:11:45	14.89	0.01	4	5956	买盘
11:11:39	14.88	--	15	22320	卖盘
11:11:36	14.88	-0.01	13	19344	卖盘
11:11:24	14.89	0.01	5	7445	买盘
11:11:15	14.88	--	1	1488	卖盘
11:11:09	14.88	--	20	29760	卖盘
11:11:06	14.88	--	1	1488	卖盘
11:11:03	14.88	-0.01	10	14880	卖盘
11:11:00	14.89	0.01	1	1489	买盘
11:10:57	14.88	-0.01	7	10416	卖盘
11:10:54	14.89	--	20	29780	买盘
11:10:51	14.89	--	5	7445	买盘
11:10:42	14.89	--	1	1489	买盘
11:10:39	14.89	--	1	1489	买盘
11:10:36	14.89	--	10	14890	买盘
11:10:33	14.89	--	2	2978	买盘
11:10:27	14.89	0.01	11	16379	买盘
11:10:15	14.88	--	45	66960	卖盘
11:09:57	14.88	-0.01	2	2976	卖盘
11:09:45	14.89	0.01	8	11912	买盘
11:09:39	14.88	--	59	87792	卖盘
11:09:21	14.88	--	2	2976	卖盘
11:09:06	14.88	--	10	14880	卖盘
11:08:54	14.88	--	18	26784	卖盘
11:08:48	14.88	-0.02	4	5952	卖盘
11:08:45	14.9	--	35	52150	买盘
11:08:33	14.9	0.01	24	35760	买盘
11:08:30	14.89	--	3	4467	卖盘
11:08:27	14.89	-0.01	4	5956	卖盘
11:08:12	14.9	--	2	2980	买盘
11:08:00	14.9	0.01	4	5960	买盘
11:07:57	14.89	--	15	22335	卖盘
11:07:51	14.89	--	19	28291	卖盘
11:07:48	14.89	--	6	8934	买盘
11:07:36	14.89	0.01	46	68494	买盘
11:07:30	14.88	--	2	2976	买盘
11:07:27	14.88	--	8	11904	买盘
11:07:24	14.88	--	11	16368	卖盘
11:07:21	14.88	--	15	22320	买盘
11:07:18	14.88	--	91	135408	卖盘
11:07:06	14.88	--	1	1488	卖盘
11:07:03	14.88	--	17	25296	卖盘
11:07:00	14.88	--	5	7440	卖盘
11:06:57	14.88	-0.01	120	178560	卖盘
11:06:54	14.89	0.01	4	5956	买盘
11:06:27	14.88	--	29	43152	卖盘
11:06:24	14.88	-0.01	100	148800	卖盘
11:06:18	14.89	0.01	50	74450	买盘
11:06:12	14.88	0.01	9	13392	买盘
11:05:48	14.87	-0.01	6	8922	卖盘
11:05:45	14.88	0.01	15	22320	中性盘
11:05:39	14.87	--	3	4461	卖盘
11:05:24	14.87	--	6	8922	卖盘
11:05:12	14.87	-0.01	100	148700	卖盘
11:05:09	14.88	0.01	4	5952	买盘
11:05:03	14.87	-0.01	43	63941	卖盘
11:04:54	14.88	--	11	16368	买盘
11:04:42	14.88	--	10	14880	买盘
11:04:39	14.88	0.01	9	13392	买盘
11:04:36	14.87	-0.01	13	19331	卖盘
11:04:33	14.88	--	25	37200	买盘
11:04:21	14.88	--	25	37200	买盘
11:04:09	14.88	--	2	2976	买盘
11:04:06	14.88	-0.01	35	52080	卖盘
11:03:57	14.89	--	18	26802	买盘
11:03:54	14.89	--	1	1489	买盘
11:03:51	14.89	--	1	1489	买盘
11:03:39	14.89	--	5	7445	买盘
11:03:21	14.89	--	10	14890	买盘
11:03:12	14.89	--	5	7445	买盘
11:03:03	14.89	0.02	1	1489	买盘
11:02:54	14.87	-0.02	72	107064	卖盘
11:02:48	14.89	0.01	35	52115	买盘
11:02:39	14.88	-0.01	100	148800	卖盘
11:02:36	14.89	--	4	5956	买盘
11:02:27	14.89	0.01	1	1489	买盘
11:02:24	14.88	--	42	62496	卖盘
11:02:21	14.88	--	273	406224	买盘
11:02:09	14.88	0.01	2	2976	买盘
11:02:06	14.87	-0.01	4	5948	卖盘
11:02:00	14.88	--	6	8928	买盘
11:01:57	14.88	0.01	1	1488	买盘
11:01:54	14.87	--	70	104090	卖盘
11:01:51	14.87	-0.01	50	74350	卖盘
11:01:48	14.88	0.01	5	7440	买盘
11:01:42	14.87	--	1	1487	卖盘
11:01:21	14.87	--	8	11896	买盘
11:01:09	14.87	-0.01	293	435691	卖盘
11:00:54	14.88	-0.01	110	163680	卖盘
11:00:48	14.89	--	4	5956	买盘
11:00:18	14.89	--	1	1489	买盘
11:00:09	14.89	0.01	3	4467	买盘
11:00:06	14.88	-0.01	50	74400	卖盘
10:59:57	14.89	--	5	7445	卖盘
10:59:54	14.89	-0.01	50	74450	卖盘
10:59:42	14.9	--	1	1490	买盘
10:59:33	14.9	--	34	50660	买盘
10:59:27	14.9	--	25	37250	买盘
10:59:12	14.9	--	1	1490	买盘
10:59:09	14.9	--	7	10430	买盘
10:59:06	14.9	--	5	7450	买盘
10:58:54	14.9	--	13	19370	买盘
10:58:42	14.9	--	4	5960	买盘
10:58:39	14.9	--	1	1490	买盘
10:58:36	14.9	--	151	224990	买盘
10:58:15	14.9	--	1	1490	买盘
10:58:03	14.9	0.01	21	31290	买盘
10:58:00	14.89	-0.01	10	14890	卖盘
10:57:57	14.9	0.01	6	8940	买盘
10:57:51	14.89	--	3	4467	卖盘
10:57:45	14.89	-0.01	90	134010	卖盘
10:57:39	14.9	0.01	1	1490	买盘
10:57:36	14.89	--	1	1489	卖盘
10:57:30	14.89	-0.01	2	2978	卖盘
10:57:27	14.9	0.01	6	8940	买盘
10:57:18	14.89	-0.01	4	5956	卖盘
10:57:09	14.9	--	1	1490	买盘
10:56:57	14.9	0.01	17	25330	买盘
10:56:42	14.89	-0.01	12	17868	卖盘
10:56:39	14.9	0.01	4	5960	买盘
10:56:36	14.89	-0.01	1	1489	卖盘
10:56:33	14.9	--	2	2980	买盘
10:56:30	14.9	0.01	1	1490	买盘
10:56:27	14.89	-0.01	3	4467	卖盘
10:56:21	14.9	--	3	4470	买盘
10:56:09	14.9	--	1	1490	买盘
10:56:06	14.9	--	2	2980	买盘
10:56:00	14.9	--	1	1490	买盘
10:55:51	14.9	--	23	34270	买盘
10:55:48	14.9	--	5	7450	买盘
10:55:42	14.9	0.01	15	22350	买盘
10:55:39	14.89	--	4	5956	卖盘
10:55:36	14.89	-0.01	1	1489	卖盘
10:55:30	14.9	0.01	1	1490	买盘
10:55:24	14.89	-0.01	61	90829	卖盘
10:55:18	14.9	--	5	7450	买盘
10:55:03	14.9	--	4	5960	买盘
10:55:00	14.9	0.01	1	1490	买盘
10:54:57	14.89	-0.01	5	7445	卖盘
10:54:54	14.9	0.01	1	1490	买盘
10:54:45	14.89	--	45	67005	买盘
10:54:18	14.89	0.01	27	40203	买盘
10:54:12	14.88	-0.01	9	13392	卖盘
10:54:03	14.89	--	29	43181	卖盘
10:54:00	14.89	-0.01	7	10423	卖盘
10:53:57	14.9	--	1	1490	买盘
10:53:48	14.9	0.01	4	5960	买盘
10:53:42	14.89	--	21	31269	卖盘
10:53:39	14.89	-0.01	40	59560	卖盘
10:53:36	14.9	--	16	23840	买盘
10:53:33	14.9	0.01	7	10430	买盘
10:53:30	14.89	--	27	40203	卖盘
10:53:24	14.89	-0.01	3	4467	卖盘
10:53:21	14.9	--	1	1490	买盘
10:53:18	14.9	--	7	10430	买盘
10:53:15	14.9	--	202	300980	买盘
10:53:12	14.9	--	31	46190	买盘
10:53:09	14.9	-0.01	113	168370	卖盘
10:52:51	14.91	--	17	25347	卖盘
10:52:48	14.91	0.01	11	16401	买盘
10:52:45	14.9	--	18	26820	卖盘
10:52:42	14.9	-0.01	1	1490	卖盘
10:52:39	14.91	--	1	1491	买盘
10:52:36	14.91	0.01	22	32802	买盘
10:52:33	14.9	--	325	484250	买盘
10:52:27	14.9	-0.01	173	257770	卖盘
10:52:24	14.91	--	5	7455	买盘
10:52:18	14.91	0.01	1	1491	买盘
10:52:12	14.9	--	45	67050	买盘
10:52:09	14.9	--	5	7450	买盘
10:52:03	14.9	0.01	5	7450	买盘
10:52:00	14.89	-0.01	12	17868	卖盘
10:51:57	14.9	--	20	29800	买盘
10:51:42	14.9	0.01	1	1490	买盘
10:51:39	14.89	--	50	74450	买盘
10:51:33	14.89	0.01	1	1489	买盘
10:51:27	14.88	-0.01	12	17856	卖盘
10:51:24	14.89	0.01	5	7445	买盘
10:51:21	14.88	--	5	7440	卖盘
10:51:18	14.88	--	32	47616	卖盘
10:51:12	14.88	--	3	4464	买盘
10:51:09	14.88	--	130	193440	买盘
10:51:00	14.88	--	11	16368	买盘
10:50:57	14.88	--	3	4464	买盘
10:50:54	14.88	0.01	5	7440	买盘
10:50:51	14.87	-0.01	13	19331	卖盘
10:50:42	14.88	--	16	23808	买盘
10:50:36	14.88	0.01	1	1488	买盘
10:50:33	14.87	-0.01	1	1487	卖盘
10:50:27	14.88	--	2	2976	买盘
10:50:24	14.88	--	24	35712	买盘
10:50:21	14.88	0.01	8	11904	买盘
10:50:15	14.87	-0.01	1	1487	卖盘
10:50:06	14.88	--	100	148800	买盘
10:50:00	14.88	0.01	1	1488	买盘
10:49:54	14.87	-0.01	42	62454	卖盘
10:49:45	14.88	--	20	29760	买盘
10:49:39	14.88	--	64	95232	买盘
10:49:36	14.88	-0.01	116	172608	卖盘
10:49:33	14.89	--	1	1489	买盘
10:49:27	14.89	0.01	7	10423	买盘
10:49:21	14.88	0.01	10	14880	买盘
10:49:06	14.87	--	2	2974	买盘
10:49:03	14.87	--	29	43123	卖盘
10:48:54	14.87	--	21	31227	买盘
10:48:51	14.87	--	4	5948	买盘
10:48:48	14.87	--	1	1487	买盘
10:48:45	14.87	--	20	29740	买盘
10:48:42	14.87	--	15	22305	买盘
10:48:39	14.87	--	50	74350	买盘
10:48:36	14.87	--	38	56506	卖盘
10:48:33	14.87	--	10	14870	买盘
10:48:30	14.87	--	3	4461	买盘
10:48:24	14.87	--	6	8922	买盘
10:48:21	14.87	-0.01	64	95168	卖盘
10:48:18	14.88	--	5	7440	买盘
10:48:15	14.88	--	4	5952	买盘
10:48:12	14.88	0.01	10	14880	买盘
10:48:09	14.87	--	8	11896	卖盘
10:48:06	14.87	--	27	40149	卖盘
10:48:03	14.87	-0.02	78	115986	卖盘
10:48:00	14.89	0.01	14	20846	买盘
10:47:51	14.88	--	5	7440	买盘
10:47:48	14.88	0.02	2	2976	买盘
10:47:45	14.86	-0.01	50	74300	卖盘
10:47:36	14.87	--	20	29740	卖盘
10:47:27	14.87	-0.01	22	32714	中性盘
10:47:18	14.88	0.02	1	1488	买盘
10:47:09	14.86	--	5	7430	卖盘
10:47:06	14.86	--	2	2972	买盘
10:47:00	14.86	-0.03	19	28234	卖盘
10:46:57	14.89	0.04	14	20846	买盘
10:46:48	14.85	-0.04	45	66825	卖盘
10:46:42	14.89	0.04	1	1489	买盘
10:46:36	14.85	--	16	23760	卖盘
10:46:33	14.85	--	15	22275	卖盘
10:46:30	14.85	--	15	22275	卖盘
10:46:27	14.85	0.01	299	444015	买盘
10:46:24	14.84	--	17	25228	买盘
10:46:12	14.84	-0.01	32	47488	卖盘
10:46:03	14.85	-0.04	1049	1557765	卖盘
10:45:54	14.89	--	5	7445	卖盘
10:45:51	14.89	--	11	16379	卖盘
10:45:45	14.89	0.01	3	4467	买盘
10:45:42	14.88	-0.01	15	22320	卖盘
10:45:36	14.89	--	6	8934	买盘
10:45:33	14.89	--	19	28291	买盘
10:45:30	14.89	0.01	2	2978	买盘
10:45:27	14.88	-0.01	5	7440	卖盘
10:45:24	14.89	0.01	59	87851	买盘
10:45:21	14.88	-0.01	5	7440	卖盘
10:45:18	14.89	--	1	1489	买盘
10:45:12	14.89	--	1	1489	买盘
10:45:09	14.89	-0.01	66	98274	卖盘
10:45:03	14.9	0.01	5	7450	买盘
10:45:00	14.89	-0.01	24	35736	卖盘
10:44:57	14.9	-0.01	1	1490	中性盘
10:44:33	14.91	0.02	1	1491	中性盘
10:44:21	14.89	-0.03	169	251641	卖盘
10:44:18	14.92	0.01	30	44760	买盘
10:44:09	14.91	--	21	31311	买盘
10:44:06	14.91	--	1	1491	买盘
10:43:57	14.91	-0.01	68	101388	卖盘
10:43:51	14.92	0.01	14	20888	买盘
10:43:42	14.91	-0.01	10	14910	卖盘
10:43:36	14.92	0.01	10	14920	买盘
10:43:33	14.91	-0.01	2	2982	卖盘
10:43:30	14.92	--	15	22380	买盘
10:43:21	14.92	--	14	20888	买盘
10:43:18	14.92	0.04	15	22380	买盘
10:43:03	14.88	-0.01	99	147312	卖盘
10:43:00	14.89	-0.02	64	95296	卖盘
10:42:57	14.91	--	27	40257	卖盘
10:42:54	14.91	--	2	2982	卖盘
10:42:51	14.91	0.02	12	17892	买盘
10:42:48	14.89	-0.01	40	59560	卖盘
10:42:45	14.9	--	2	2980	卖盘
10:42:39	14.9	--	47	70030	买盘
10:42:33	14.9	0.01	2	2980	买盘
10:42:27	14.89	-0.01	10	14890	卖盘
10:42:18	14.9	--	20	29800	买盘
10:42:15	14.9	--	1	1490	买盘
10:42:06	14.9	0.02	1	1490	买盘
10:41:57	14.88	-0.02	13	19344	卖盘
10:41:54	14.9	--	50	74500	买盘
10:41:48	14.9	--	5	7450	买盘
10:41:42	14.9	--	1	1490	买盘
10:41:36	14.9	0.02	10	14900	买盘
10:41:27	14.88	--	18	26784	买盘
10:41:21	14.88	-0.01	142	211296	卖盘
10:41:18	14.89	0.01	15	22335	买盘
10:41:12	14.88	-0.01	11	16368	卖盘
10:41:09	14.89	--	71	105719	买盘
10:41:03	14.89	--	5	7445	买盘
10:41:00	14.89	--	50	74450	买盘
10:40:57	14.89	--	10	14890	买盘
10:40:51	14.89	--	63	93807	买盘
10:40:48	14.89	--	5	7445	买盘
10:40:45	14.89	0.01	25	37225	买盘
10:40:42	14.88	-0.01	33	49104	卖盘
10:40:39	14.89	0.01	30	44670	买盘
10:40:36	14.88	--	52	77376	卖盘
10:40:33	14.88	--	4	5952	卖盘
10:40:18	14.88	-0.01	1	1488	卖盘
10:40:15	14.89	0.01	5	7445	买盘
10:40:12	14.88	--	7	10416	买盘
10:40:09	14.88	--	14	20832	买盘
10:40:06	14.88	--	1	1488	买盘
10:40:00	14.88	0.01	5	7440	买盘
10:39:57	14.87	--	20	29740	卖盘
10:39:54	14.87	-0.01	18	26766	卖盘
10:39:51	14.88	--	23	34224	买盘
10:39:48	14.88	--	80	119040	买盘
10:39:45	14.88	--	31	46128	买盘
10:39:39	14.88	--	10	14880	买盘
10:39:33	14.88	--	4	5952	买盘
10:39:27	14.88	--	3	4464	买盘
10:39:24	14.88	0.02	1	1488	买盘
10:39:06	14.86	-0.02	100	148600	卖盘
10:39:00	14.88	0.01	5	7440	买盘
10:38:57	14.87	-0.01	1	1487	买盘
10:38:54	14.88	0.01	20	29760	买盘
10:38:51	14.87	--	20	29740	买盘
10:38:48	14.87	-0.01	26	38662	卖盘
10:38:39	14.88	0.01	6	8928	买盘
10:38:36	14.87	-0.01	29	43123	卖盘
10:38:30	14.88	--	17	25296	买盘
10:38:27	14.88	0.01	26	38688	买盘
10:38:24	14.87	-0.01	1	1487	卖盘
10:38:21	14.88	0.01	8	11904	买盘
10:38:18	14.87	--	21	31227	卖盘
10:38:15	14.87	--	2	2974	卖盘
10:38:12	14.87	--	4	5948	卖盘
10:38:09	14.87	--	62	92194	买盘
10:38:06	14.87	--	5	7435	买盘
10:38:03	14.87	--	3	4461	买盘
10:38:00	14.87	--	16	23792	买盘
10:37:57	14.87	0.01	1	1487	买盘
10:37:54	14.86	-0.02	7	10402	卖盘
10:37:51	14.88	0.01	3	4464	买盘
10:37:48	14.87	--	6	8922	买盘
10:37:39	14.87	--	168	249816	卖盘
10:37:30	14.87	-0.01	8	11896	卖盘
10:37:27	14.88	0.02	23	34224	买盘
10:37:24	14.86	-0.01	45	66870	卖盘
10:37:18	14.87	0.01	165	245355	买盘
10:37:15	14.86	--	21	31206	买盘
10:37:12	14.86	--	1	1486	买盘
10:37:09	14.86	--	22	32692	卖盘
10:37:06	14.86	--	10	14860	卖盘
10:37:03	14.86	--	96	142656	卖盘
10:37:00	14.86	--	12	17832	卖盘
10:36:57	14.86	--	1	1486	卖盘
10:36:51	14.86	--	4	5944	卖盘
10:36:48	14.86	--	40	59440	卖盘
10:36:45	14.86	-0.01	5	7430	卖盘
10:36:42	14.87	0.01	48	71376	买盘
10:36:39	14.86	-0.01	5	7430	卖盘
10:36:36	14.87	0.01	10	14870	买盘
10:36:30	14.86	-0.01	71	105506	卖盘
10:36:27	14.87	--	6	8922	卖盘
10:36:21	14.87	--	2	2974	卖盘
10:36:18	14.87	0.01	26	38662	买盘
10:36:15	14.86	-0.01	162	240732	卖盘
10:36:12	14.87	--	1	1487	买盘
10:36:09	14.87	--	27	40149	卖盘
10:36:06	14.87	--	38	56506	卖盘
10:36:00	14.87	-0.01	32	47584	卖盘
10:35:48	14.88	--	94	139872	卖盘
10:35:45	14.88	--	10	14880	卖盘
10:35:42	14.88	-0.01	70	104160	卖盘
10:35:39	14.89	--	92	136988	买盘
10:35:36	14.89	--	1	1489	买盘
10:35:24	14.89	--	129	192081	卖盘
10:35:21	14.89	--	4	5956	卖盘
10:35:15	14.89	-0.01	13	19357	卖盘
10:35:12	14.9	--	28	41720	买盘
10:35:06	14.9	--	11	16390	买盘
10:35:03	14.9	--	257	383287	卖盘
10:35:00	14.9	-0.01	311	463390	卖盘
10:34:57	14.91	--	50	74550	买盘
10:34:48	14.91	--	64	95424	卖盘
10:34:45	14.91	--	71	105861	卖盘
10:34:42	14.91	-0.01	34	50694	卖盘
10:34:39	14.92	0.01	43	64156	买盘
10:34:36	14.91	--	1	1491	卖盘
10:34:33	14.91	--	6	8946	卖盘
10:34:21	14.91	-0.01	10	14910	卖盘
10:34:12	14.92	-0.01	1	1492	卖盘
10:34:03	14.93	--	1	1493	买盘
10:34:00	14.93	--	3	4479	买盘
10:33:57	14.93	--	1	1493	买盘
10:33:54	14.93	--	10	14930	买盘
10:33:51	14.93	--	10	14930	卖盘
10:33:45	14.93	--	7	10451	卖盘
10:33:36	14.93	--	30	44790	卖盘
10:33:33	14.93	--	20	29860	卖盘
10:33:27	14.93	--	38	56734	买盘
10:33:21	14.93	--	7	10451	买盘
10:33:15	14.93	--	10	14930	买盘
10:33:06	14.93	--	159	237387	买盘
10:33:03	14.93	0.02	1	1493	买盘
10:33:00	14.91	--	211	314601	卖盘
10:32:57	14.91	-0.02	5	7455	卖盘
10:32:51	14.93	0.02	1	1493	买盘
10:32:48	14.91	--	10	14910	卖盘
10:32:42	14.91	-0.01	26	38766	卖盘
10:32:39	14.92	--	19	28348	买盘
10:32:36	14.92	--	16	23872	买盘
10:32:27	14.92	0.01	6	8952	买盘
10:32:24	14.91	--	8	11928	卖盘
10:32:21	14.91	-0.01	18	26838	卖盘
10:32:18	14.92	--	1	1492	买盘
10:32:15	14.92	--	2	2984	买盘
10:32:12	14.92	--	7	10444	买盘
10:32:09	14.92	-0.01	7	10444	卖盘
10:32:03	14.93	0.01	1	1493	卖盘
10:31:48	14.92	-0.01	65	96980	卖盘
10:31:45	14.93	0.01	17	25381	买盘
10:31:42	14.92	--	19	28348	卖盘
10:31:39	14.92	-0.01	50	74600	卖盘
10:31:36	14.93	0.01	1	1493	买盘
10:31:27	14.92	-0.01	23	34316	卖盘
10:31:18	14.93	0.01	13	19409	买盘
10:31:15	14.92	-0.01	6	8952	卖盘
10:31:12	14.93	--	8	11944	买盘
10:31:09	14.93	--	33	49269	买盘
10:31:03	14.93	--	5	7465	买盘
10:30:57	14.93	--	35	52255	买盘
10:30:51	14.93	--	47	70171	卖盘
10:30:45	14.93	-0.02	70	104510	卖盘
10:30:39	14.95	--	5	7475	买盘
10:30:36	14.95	0.02	3	4485	买盘
10:30:33	14.93	--	3	4479	卖盘
10:30:24	14.93	-0.01	10	14930	卖盘
10:30:21	14.94	0.01	8	11952	买盘
10:30:18	14.93	-0.01	6	8958	卖盘
10:30:06	14.94	-0.01	2	2988	中性盘
10:29:39	14.95	--	27	40365	买盘
10:29:36	14.95	0.01	30	44850	买盘
10:29:30	14.94	--	1	1494	买盘
10:29:27	14.94	0.01	5	7470	买盘
10:29:15	14.93	-0.01	60	89580	卖盘
10:29:06	14.94	--	4	5976	卖盘
10:29:03	14.94	--	52	77688	中性盘
10:28:54	14.94	--	3	4482	卖盘
10:28:51	14.94	-0.01	8	11952	卖盘
10:28:48	14.95	0.01	4	5980	买盘
10:28:45	14.94	--	31	46314	卖盘
10:28:36	14.94	--	1	1494	买盘
10:28:33	14.94	--	9	13446	卖盘
10:28:30	14.94	-0.01	14	20916	卖盘
10:28:27	14.95	0.01	1	1495	买盘
10:28:24	14.94	--	26	38844	卖盘
10:28:18	14.94	-0.01	2	2988	卖盘
10:28:15	14.95	0.01	180	269100	买盘
10:28:12	14.94	--	5	7470	买盘
10:28:09	14.94	--	13	19422	卖盘
10:28:06	14.94	--	20	29880	卖盘
10:28:00	14.94	--	7	10458	买盘
10:27:54	14.94	--	5	7470	买盘
10:27:51	14.94	--	1	1494	买盘
10:27:39	14.94	-0.01	7	10458	卖盘
10:27:30	14.95	0.01	6	8970	买盘
10:27:18	14.94	--	1	1494	买盘
10:27:15	14.94	0.01	1	1494	中性盘
10:27:06	14.93	-0.01	3	4479	卖盘
10:26:57	14.94	--	50	74700	买盘
10:26:54	14.94	--	1	1494	买盘
10:26:51	14.94	--	13	19422	卖盘
10:26:48	14.94	-0.01	2	2988	卖盘
10:26:45	14.95	0.01	4	5980	买盘
10:26:42	14.94	-0.01	10	14940	卖盘
10:26:36	14.95	--	72	107640	买盘
10:26:30	14.95	--	3	4485	买盘
10:26:27	14.95	0.01	49	73255	买盘
10:26:24	14.94	--	2	2988	卖盘
10:26:21	14.94	-0.01	10	14940	卖盘
10:26:15	14.95	--	83	124085	买盘
10:26:09	14.95	--	4	5980	买盘
10:26:06	14.95	--	1	1495	买盘
10:26:03	14.95	0.01	5	7475	买盘
10:26:00	14.94	--	10	14940	卖盘
10:25:51	14.94	-0.01	23	34362	卖盘
10:25:45	14.95	--	1	1495	买盘
10:25:42	14.95	--	154	230230	卖盘
10:25:36	14.95	--	11	16445	卖盘
10:25:30	14.95	--	315	470925	卖盘
10:25:24	14.95	-0.01	10	14950	卖盘
10:25:12	14.96	--	6	8976	买盘
10:25:06	14.96	0.01	1	1496	买盘
10:25:03	14.95	--	40	59800	卖盘
10:25:00	14.95	-0.01	2	2990	卖盘
10:24:57	14.96	0.01	1	1496	买盘
10:24:54	14.95	-0.01	99	148005	卖盘
10:24:45	14.96	-0.01	31	46376	卖盘
10:24:39	14.97	0.01	5	7485	买盘
10:24:36	14.96	--	39	58344	卖盘
10:24:33	14.96	-0.01	6	8976	卖盘
10:24:30	14.97	0.01	1	1497	买盘
10:24:27	14.96	-0.01	50	74800	卖盘
10:24:24	14.97	--	3	4491	买盘
10:24:21	14.97	--	1	1497	买盘
10:24:15	14.97	-0.01	19	28443	卖盘
10:24:12	14.98	0.01	51	76398	买盘
10:24:09	14.97	--	40	59880	卖盘
10:24:06	14.97	-0.01	30	44910	卖盘
10:24:03	14.98	--	11	16478	买盘
10:24:00	14.98	--	11	16478	买盘
10:23:57	14.98	--	20	29960	买盘
10:23:54	14.98	0.01	1	1498	买盘
10:23:51	14.97	--	3	4491	卖盘
10:23:45	14.97	-0.01	6	8982	卖盘
10:23:42	14.98	0.01	5	7490	买盘
10:23:39	14.97	--	3	4491	卖盘
10:23:36	14.97	--	55	82335	买盘
10:23:30	14.97	--	6	8982	买盘
10:23:27	14.97	-0.01	5	7485	卖盘
10:23:24	14.98	--	1	1498	买盘
10:23:21	14.98	0.01	92	137816	买盘
10:23:18	14.97	--	1	1497	卖盘
10:23:15	14.97	--	9	13473	买盘
10:23:06	14.97	-0.01	11	16467	卖盘
10:23:03	14.98	--	1	1498	买盘
10:22:57	14.98	--	7	10486	买盘
10:22:54	14.98	--	54	80892	买盘
10:22:51	14.98	--	50	74900	买盘
10:22:45	14.98	0.01	34	50932	买盘
10:22:36	14.97	0.01	84	125748	买盘
10:22:33	14.96	-0.01	20	29920	卖盘
10:22:30	14.97	--	10	14970	买盘
10:22:27	14.97	0.01	2	2994	买盘
10:22:18	14.96	--	71	106216	买盘
10:22:15	14.96	0.01	36	53856	买盘
10:22:12	14.95	--	6	8970	卖盘
10:22:09	14.95	-0.01	13	19435	中性盘
10:21:57	14.96	0.02	44	65824	买盘
10:21:48	14.94	-0.02	37	55278	卖盘
10:21:45	14.96	0.02	79	118184	买盘
10:21:42	14.94	--	90	134460	买盘
10:21:36	14.94	--	1	1494	买盘
10:21:33	14.94	--	15	22410	买盘
10:21:21	14.94	0.01	167	249498	买盘
10:21:15	14.93	--	9	13437	卖盘
10:21:12	14.93	-0.01	8	11944	卖盘
10:21:03	14.94	0.01	5	7470	买盘
10:20:57	14.93	--	32	47776	卖盘
10:20:54	14.93	--	128	191104	买盘
10:20:42	14.93	0.01	10	14930	买盘
10:20:36	14.92	0.01	5	7460	买盘
10:20:33	14.91	-0.01	43	64113	卖盘
10:20:30	14.92	0.01	12	17904	买盘
10:20:24	14.91	--	26	38766	卖盘
10:20:21	14.91	--	9	13419	买盘
10:20:15	14.91	0.01	100	149100	买盘
10:20:06	14.9	--	20	29800	卖盘
10:20:03	14.9	--	8	11920	卖盘
10:20:00	14.9	-0.01	12	17880	卖盘
10:19:48	14.91	-0.01	5	7455	卖盘
10:19:45	14.92	--	1	1492	买盘
10:19:36	14.92	--	2	2984	买盘
10:19:27	14.92	--	1	1492	买盘
10:19:24	14.92	0.02	433	646036	买盘
10:19:18	14.9	-0.02	24	35760	卖盘
10:19:12	14.92	0.02	4	5968	买盘
10:19:09	14.9	-0.01	37	55130	卖盘
10:19:06	14.91	--	1	1491	卖盘
10:19:03	14.91	--	8	11928	买盘
10:19:00	14.91	--	1	1491	买盘
10:18:54	14.91	0.01	1	1491	中性盘
10:18:45	14.9	-0.03	17	25330	卖盘
10:18:39	14.93	0.03	100	149300	买盘
10:18:36	14.9	-0.01	10	14900	卖盘
10:18:30	14.91	0.01	12	17892	中性盘
10:18:27	14.9	--	5	7450	卖盘
10:18:18	14.9	-0.03	3	4470	卖盘
10:18:15	14.93	0.03	1	1493	买盘
10:18:12	14.9	--	70	104300	卖盘
10:18:06	14.9	-0.04	38	56620	卖盘
10:18:00	14.94	0.04	37	55651	买盘
10:17:57	14.9	-0.04	20	29800	卖盘
10:17:51	14.94	0.04	36	53784	买盘
10:17:48	14.9	--	160	239159	买盘
10:17:45	14.9	0.01	17	25330	买盘
10:17:42	14.89	--	102	151878	卖盘
10:17:39	14.89	--	10	14890	卖盘
10:17:36	14.89	-0.01	16	23824	卖盘
10:17:33	14.9	--	3	4470	买盘
10:17:30	14.9	--	16	23840	买盘
10:17:24	14.9	0.01	200	298000	买盘
10:17:21	14.89	-0.01	7	10423	卖盘
10:17:15	14.9	--	1	1490	买盘
10:17:12	14.9	--	2	2980	买盘
10:17:09	14.9	--	13	19370	买盘
10:17:06	14.9	--	20	29800	买盘
10:17:03	14.9	-0.03	1424	2122490	卖盘
10:16:57	14.93	-0.01	33	49269	卖盘
10:16:51	14.94	0.01	1	1494	买盘
10:16:42	14.93	--	50	74650	卖盘
10:16:39	14.93	--	150	223950	卖盘
10:16:33	14.93	-0.01	26	38818	卖盘
10:16:27	14.94	--	1	1494	买盘
10:16:12	14.94	0.01	26	38844	买盘
10:16:09	14.93	-0.01	3	4479	卖盘
10:16:06	14.94	0.01	1	1494	买盘
10:16:03	14.93	-0.01	24	35832	卖盘
10:16:00	14.94	--	5	7470	买盘
10:15:57	14.94	--	6	8964	买盘
10:15:54	14.94	--	1	1494	买盘
10:15:51	14.94	-0.01	44	65736	卖盘
10:15:45	14.95	0.01	10	14950	买盘
10:15:42	14.94	--	15	22410	卖盘
10:15:39	14.94	-0.01	74	110556	卖盘
10:15:36	14.95	--	3	4485	买盘
10:15:30	14.95	--	22	32890	买盘
10:15:27	14.95	--	34	50830	买盘
10:15:24	14.95	--	9	13455	买盘
10:15:21	14.95	--	15	22425	买盘
10:15:12	14.95	--	98	147631	卖盘
10:15:06	14.95	--	3	4485	卖盘
10:15:03	14.95	--	8	11960	卖盘
10:14:54	14.95	--	3	4858	买盘
10:14:51	14.95	--	4	5980	买盘
10:14:45	14.95	0.01	30	44850	买盘
10:14:42	14.94	-0.01	9	13446	卖盘
10:14:33	14.95	--	22	32890	买盘
10:14:24	14.95	--	1	1495	买盘
10:14:18	14.95	--	41	61295	买盘
10:14:15	14.95	--	10	14950	买盘
10:14:09	14.95	--	33	49335	买盘
10:14:06	14.95	0.01	5	7475	买盘
10:14:00	14.94	--	20	29880	卖盘
10:13:57	14.94	--	19	28386	卖盘
10:13:54	14.94	--	11	16434	卖盘
10:13:51	14.94	--	5	7470	卖盘
10:13:42	14.94	0.01	26	38844	中性盘
10:13:33	14.93	-0.01	103	153779	卖盘
10:13:30	14.94	--	8	11952	卖盘
10:13:24	14.94	--	12	17928	卖盘
10:13:21	14.94	--	3	4482	卖盘
10:13:15	14.94	-0.01	1	2241	卖盘
10:13:12	14.95	0.01	69	103155	买盘
10:13:09	14.94	0.01	5	7470	买盘
10:13:06	14.93	-0.01	1	1493	卖盘
10:13:03	14.94	--	4	5976	买盘
10:12:54	14.94	--	5	7470	买盘
10:12:48	14.94	-0.01	13	19422	卖盘
10:12:39	14.95	0.01	31	46345	买盘
10:12:36	14.94	-0.01	30	44820	卖盘
10:12:33	14.95	--	10	14950	买盘
10:12:30	14.95	--	50	74750	买盘
10:12:27	14.95	--	7	10465	买盘
10:12:24	14.95	--	4	5980	买盘
10:12:21	14.95	--	65	97175	卖盘
10:12:18	14.95	-0.01	5	7475	卖盘
10:12:12	14.96	0.01	5	7480	买盘
10:12:09	14.95	--	44	65780	卖盘
10:12:06	14.95	--	4	5980	卖盘
10:12:03	14.95	-0.01	10	14950	卖盘
10:11:57	14.96	0.01	9	13464	买盘
10:11:54	14.95	--	9	13455	卖盘
10:11:51	14.95	-0.01	17	25415	卖盘
10:11:45	14.96	0.01	1	1496	买盘
10:11:42	14.95	-0.01	3	4485	卖盘
10:11:39	14.96	0.01	10	14960	买盘
10:11:36	14.95	--	5	7475	卖盘
10:11:27	14.95	--	36	53820	买盘
10:11:21	14.95	--	10	14950	买盘
10:11:18	14.95	--	69	103155	买盘
10:11:15	14.95	--	35	52325	买盘
10:11:06	14.95	--	1	1495	买盘
10:11:00	14.95	0.01	70	104650	买盘
10:10:57	14.94	0.01	20	29880	中性盘
10:10:48	14.93	-0.02	8	11944	卖盘
10:10:45	14.95	0.02	10	14950	买盘
10:10:39	14.93	-0.01	78	116454	卖盘
10:10:36	14.94	-0.01	1	1494	卖盘
10:10:33	14.95	0.02	1	1495	买盘
10:10:24	14.93	--	3	4479	卖盘
10:10:21	14.93	-0.01	47	70171	卖盘
10:10:18	14.94	0.01	23	34362	买盘
10:10:09	14.93	--	34	50762	卖盘
10:10:03	14.93	-0.01	56	83608	卖盘
10:10:00	14.94	--	12	17928	买盘
10:09:57	14.94	0.01	12	17928	买盘
10:09:51	14.93	-0.02	32	47776	卖盘
10:09:45	14.95	0.01	10	14950	买盘
10:09:42	14.94	0.01	51	76194	买盘
10:09:39	14.93	--	22	32846	买盘
10:09:36	14.93	--	16	23888	买盘
10:09:33	14.93	-0.01	10	14930	卖盘
10:09:30	14.94	0.01	409	611046	买盘
10:09:27	14.93	--	33	49269	卖盘
10:09:24	14.93	--	4	5972	卖盘
10:09:21	14.93	-0.01	14	20902	卖盘
10:09:18	14.94	0.01	13	19422	买盘
10:09:15	14.93	-0.01	30	44790	卖盘
10:09:09	14.94	0.01	10	14940	买盘
10:09:06	14.93	-0.01	52	77636	卖盘
10:09:00	14.94	--	10	14940	买盘
10:08:57	14.94	-0.01	4	5976	中性盘
10:08:51	14.95	0.02	64	95680	买盘
10:08:48	14.93	-0.01	10	14930	卖盘
10:08:42	14.94	0.02	17	25398	买盘
10:08:39	14.92	-0.01	240	358080	卖盘
10:08:33	14.93	0.01	10	14930	卖盘
10:08:24	14.92	-0.03	10	14920	卖盘
10:08:18	14.95	0.03	19	28405	买盘
10:08:15	14.92	-0.01	25	37300	卖盘
10:08:09	14.93	--	24	35832	卖盘
10:08:03	14.93	0.01	97	144821	中性盘
10:08:00	14.92	--	13	19396	卖盘
10:07:57	14.92	-0.02	329	490868	卖盘
10:07:54	14.94	-0.01	5	7470	卖盘
10:07:51	14.95	--	93	139035	卖盘
10:07:48	14.95	--	8	11960	卖盘
10:07:45	14.95	--	50	74750	买盘
10:07:42	14.95	0.01	5	7475	中性盘
10:07:36	14.94	-0.02	17	25398	卖盘
10:07:30	14.96	0.01	5	7480	买盘
10:07:27	14.95	0.01	53	79249	买盘
10:07:21	14.94	-0.03	39	59745	卖盘
10:07:09	14.97	0.03	205	306885	买盘
10:07:03	14.94	-0.01	34	50796	卖盘
10:07:00	14.95	-0.02	32	47840	卖盘
10:06:57	14.97	0.01	1	1497	买盘
10:06:51	14.96	-0.01	3	4488	中性盘
10:06:45	14.97	-0.03	10	14970	中性盘
10:06:42	15.0	0.03	600	900000	买盘
10:06:36	14.97	--	58	86826	卖盘
10:06:33	14.97	--	50	74850	卖盘
10:06:27	14.97	0.03	2	2994	买盘
10:06:24	14.94	-0.04	1245	1860030	卖盘
10:06:21	14.98	0.01	2	2996	买盘
10:06:15	14.97	--	130	194610	卖盘
10:06:12	14.97	-0.01	1	1497	卖盘
10:06:06	14.98	--	10	14980	买盘
10:06:00	14.98	--	10	14980	买盘
10:05:57	14.98	--	6	8988	中性盘
10:05:54	14.98	0.01	1	1498	中性盘
10:05:48	14.97	-0.02	63	94311	卖盘
10:05:45	14.99	--	7	10493	买盘
10:05:36	14.99	--	8	11992	卖盘
10:05:33	14.99	-0.01	20	29980	卖盘
10:05:21	15.0	0.01	14	21000	买盘
10:05:18	14.99	-0.01	15	22485	卖盘
10:05:15	15.0	--	15	22500	卖盘
10:05:12	15.0	0.01	2	3000	中性盘
10:05:09	14.99	-0.01	30	44970	卖盘
10:05:06	15.0	--	1	1500	买盘
10:05:03	15.0	0.01	11	16500	买盘
10:05:00	14.99	-0.01	25	37475	卖盘
10:04:51	15.0	--	7	10500	买盘
10:04:48	15.0	--	8	12000	买盘
10:04:45	15.0	0.01	309	463500	买盘
10:04:42	14.99	--	200	299800	卖盘
10:04:39	14.99	0.01	270	404730	买盘
10:04:36	14.98	0.01	5	7490	买盘
10:04:33	14.97	-0.01	3	4491	卖盘
10:04:30	14.98	0.01	10	14980	买盘
10:04:27	14.97	0.01	13	19461	中性盘
10:04:24	14.96	-0.03	16	23936	卖盘
10:04:21	14.99	0.01	1	1499	买盘
10:04:18	14.98	--	38	56924	买盘
10:04:15	14.98	--	10	14980	买盘
10:04:12	14.98	--	21	31458	卖盘
10:04:09	14.98	--	47	70406	卖盘
10:04:06	14.98	--	14	20972	卖盘
10:04:00	14.98	0.01	76	113848	买盘
10:03:57	14.97	--	9	13473	买盘
10:03:54	14.97	--	30	44910	买盘
10:03:48	14.97	--	25	37425	买盘
10:03:45	14.97	--	10	14970	买盘
10:03:42	14.97	--	70	104790	卖盘
10:03:39	14.97	--	6	8982	卖盘
10:03:36	14.97	--	21	31437	卖盘
10:03:33	14.97	-0.01	32	47904	卖盘
10:03:27	14.98	0.01	27	40446	买盘
10:03:24	14.97	-0.01	100	149700	卖盘
10:03:15	14.98	--	8	11984	卖盘
10:03:09	14.98	-0.01	20	29960	卖盘
10:03:06	14.99	--	3	4497	卖盘
10:03:03	14.99	--	46	68954	买盘
10:03:00	14.99	--	28	41972	买盘
10:02:57	14.99	--	7	10493	买盘
10:02:54	14.99	--	49	73451	买盘
10:02:48	14.99	--	8	11992	买盘
10:02:42	14.99	--	63	94437	买盘
10:02:36	14.99	-0.01	23	34477	卖盘
10:02:33	15.0	0.01	260	390000	买盘
10:02:27	14.99	-0.01	8	11992	卖盘
10:02:24	15.0	0.01	16	24000	买盘
10:02:21	14.99	--	19	28481	卖盘
10:02:15	14.99	0.01	23	34477	买盘
10:02:12	14.98	-0.01	30	44940	卖盘
10:02:09	14.99	--	3	4497	买盘
10:02:06	14.99	-0.02	1	1499	中性盘
10:01:54	15.01	0.04	9	13509	买盘
10:01:51	14.97	-0.03	230	344310	卖盘
10:01:48	15.0	0.03	5	7500	买盘
10:01:45	14.97	--	72	107784	买盘
10:01:42	14.97	--	28	41916	卖盘
10:01:39	14.97	--	63	94311	买盘
10:01:36	14.97	-0.04	324	485028	卖盘
10:01:33	15.01	0.01	47	70547	买盘
10:01:30	15.0	--	10	15000	卖盘
10:01:27	15.0	--	20	30000	卖盘
10:01:21	15.0	--	13	19500	卖盘
10:01:18	15.0	0.03	557	835500	买盘
10:01:15	14.97	--	14	20958	卖盘
10:01:12	14.97	-0.01	5	7485	卖盘
10:01:09	14.98	--	5	7490	买盘
10:01:06	14.98	0.01	2	2996	买盘
10:01:03	14.97	--	15	22455	买盘
10:01:00	14.97	0.01	18	26946	中性盘
10:00:57	14.96	-0.01	22	32912	卖盘
10:00:54	14.97	0.01	36	53892	买盘
10:00:51	14.96	-0.01	15	22440	卖盘
10:00:48	14.97	0.01	58	86826	买盘
10:00:45	14.96	--	26	38896	卖盘
10:00:42	14.96	-0.01	123	184008	卖盘
10:00:39	14.97	0.01	172	257484	买盘
10:00:36	14.96	--	1	1496	卖盘
10:00:33	14.96	-0.01	26	38896	卖盘
10:00:30	14.97	--	45	67365	买盘
10:00:27	14.97	0.01	4	5988	买盘
10:00:24	14.96	--	50	74800	卖盘
10:00:18	14.96	-0.01	28	41888	卖盘
10:00:15	14.97	0.01	41	61377	买盘
10:00:09	14.96	-0.01	5	8228	卖盘
10:00:00	14.97	0.01	4	5988	买盘
09:59:57	14.96	-0.01	39	58344	卖盘
09:59:54	14.97	--	27	40419	卖盘
09:59:51	14.97	--	36	53892	卖盘
09:59:48	14.97	-0.01	16	23952	卖盘
09:59:45	14.98	--	75	112350	买盘
09:59:42	14.98	--	10	14980	买盘
09:59:39	14.98	0.01	23	34454	买盘
09:59:36	14.97	-0.01	12	17964	卖盘
09:59:33	14.98	--	31	46438	卖盘
09:59:30	14.98	--	120	179760	卖盘
09:59:27	14.98	--	90	134820	卖盘
09:59:24	14.98	--	218	326564	卖盘
09:59:21	14.98	-0.01	35	52430	卖盘
09:59:18	14.99	0.01	53	79447	买盘
09:59:15	14.98	-0.02	6	8988	卖盘
09:59:12	15.0	0.01	62	93000	买盘
09:59:09	14.99	--	1	1499	卖盘
09:59:06	14.99	-0.01	17	25483	卖盘
09:59:03	15.0	-0.01	818	1227000	卖盘
09:59:00	15.01	-0.01	167	250667	卖盘
09:58:57	15.02	-0.01	22	33044	买盘
09:58:54	15.03	0.01	131	196893	买盘
09:58:51	15.02	--	30	45060	卖盘
09:58:48	15.02	--	12	18024	卖盘
09:58:45	15.02	--	6	9012	卖盘
09:58:42	15.02	-0.01	30	45060	卖盘
09:58:39	15.03	0.01	48	72144	买盘
09:58:36	15.02	--	1	1502	卖盘
09:58:33	15.02	-0.01	45	67590	中性盘
09:58:27	15.03	0.01	306	459918	买盘
09:58:24	15.02	--	25	37550	买盘
09:58:21	15.02	-0.01	1	1502	中性盘
09:58:18	15.03	0.01	33	49599	买盘
09:58:15	15.02	-0.01	107	160714	卖盘
09:58:12	15.03	0.01	35	52605	买盘
09:58:09	15.02	-0.01	55	82610	卖盘
09:58:06	15.03	0.01	3	4509	买盘
09:58:03	15.02	-0.01	128	192256	卖盘
09:58:00	15.03	--	29	43587	买盘
09:57:57	15.03	-0.01	82	123246	卖盘
09:57:54	15.04	0.01	30	45120	买盘
09:57:51	15.03	--	27	40581	卖盘
09:57:48	15.03	--	7	10521	卖盘
09:57:45	15.03	--	19	28557	卖盘
09:57:42	15.03	--	5	7515	卖盘
09:57:39	15.03	-0.01	34	51102	买盘
09:57:36	15.04	0.01	363	546704	买盘
09:57:33	15.03	--	145	217935	卖盘
09:57:30	15.03	--	20	30060	卖盘
09:57:27	15.03	--	15	22545	卖盘
09:57:24	15.03	--	49	73647	卖盘
09:57:21	15.03	--	130	196141	卖盘
09:57:18	15.03	--	76	114228	卖盘
09:57:15	15.03	--	25	37575	卖盘
09:57:12	15.03	--	10	15030	卖盘
09:57:09	15.03	--	39	58617	卖盘
09:57:06	15.03	--	24	36072	买盘
09:57:03	15.03	--	5	7515	买盘
09:57:00	15.03	--	42	63126	买盘
09:56:57	15.03	--	108	162324	买盘
09:56:54	15.03	--	18	27054	买盘
09:56:51	15.03	--	6	9018	买盘
09:56:48	15.03	--	8	12024	买盘
09:56:45	15.03	--	18	27054	买盘
09:56:42	15.03	--	34	51102	买盘
09:56:39	15.03	0.01	24	36072	买盘
09:56:36	15.02	-0.01	1	1502	卖盘
09:56:33	15.03	0.01	25	37575	买盘
09:56:30	15.02	-0.01	28	42056	卖盘
09:56:27	15.03	--	26	39078	买盘
09:56:24	15.03	--	8	12024	买盘
09:56:21	15.03	0.01	245	368235	买盘
09:56:18	15.02	-0.01	30	45060	卖盘
09:56:15	15.03	--	36	54108	买盘
09:56:09	15.03	--	27	40581	买盘
09:56:06	15.03	--	7	10521	买盘
09:56:03	15.03	--	113	169839	买盘
09:56:00	15.03	--	50	75150	买盘
09:55:57	15.03	0.01	15	22545	买盘
09:55:54	15.02	--	6	9012	卖盘
09:55:51	15.02	-0.01	13	19526	卖盘
09:55:48	15.03	0.01	41	61623	买盘
09:55:45	15.02	--	6	9012	卖盘
09:55:42	15.02	-0.01	47	70594	卖盘
09:55:39	15.03	0.01	300	450900	买盘
09:55:36	15.02	--	30	45060	买盘
09:55:33	15.02	--	11	16522	买盘
09:55:30	15.02	0.01	2	3004	买盘
09:55:27	15.01	-0.01	7	10507	卖盘
09:55:24	15.02	0.01	1	1502	买盘
09:55:21	15.01	--	5	7505	卖盘
09:55:18	15.01	--	16	24016	卖盘
09:55:15	15.01	--	12	18612	买盘
09:55:12	15.01	--	133	199633	买盘
09:55:06	15.01	--	10	15010	买盘
09:55:03	15.01	--	45	67545	买盘
09:55:00	15.01	--	9	13509	买盘
09:54:51	15.01	0.01	34	51034	买盘
09:54:48	15.0	-0.01	48	72000	卖盘
09:54:45	15.01	--	18	27018	买盘
09:54:42	15.01	0.01	3	4503	买盘
09:54:39	15.0	-0.01	11	16500	卖盘
09:54:36	15.01	--	23	34523	买盘
09:54:33	15.01	0.01	142	213142	买盘
09:54:30	15.0	-0.01	5	7500	卖盘
09:54:27	15.01	0.01	71	106571	买盘
09:54:21	15.0	-0.01	5	7500	买盘
09:54:15	15.01	0.01	65	97565	买盘
09:54:12	15.0	-0.01	40	60900	卖盘
09:54:09	15.01	0.01	11	16511	买盘
09:54:06	15.0	-0.01	65	97500	卖盘
09:54:03	15.01	0.01	59	88559	中性盘
09:54:00	15.0	-0.02	13	19500	卖盘
09:53:57	15.02	--	86	129172	买盘
09:53:54	15.02	--	1	1502	买盘
09:53:51	15.02	--	110	165220	买盘
09:53:45	15.02	0.02	40	60080	买盘
09:53:42	15.0	-0.02	205	307500	卖盘
09:53:39	15.02	--	1	1502	买盘
09:53:33	15.02	--	75	112650	买盘
09:53:30	15.02	--	15	22530	买盘
09:53:24	15.02	-0.01	8	12016	买盘
09:53:21	15.03	0.01	105	157815	买盘
09:53:18	15.02	-0.01	24	36048	卖盘
09:53:15	15.03	--	32	48096	买盘
09:53:12	15.03	--	71	106713	卖盘
09:53:09	15.03	--	184	276552	卖盘
09:53:06	15.03	--	87	130761	卖盘
09:53:03	15.03	-0.01	451	677853	卖盘
09:53:00	15.04	0.01	10	15040	买盘
09:52:57	15.03	--	187	281061	卖盘
09:52:54	15.03	--	181	272043	卖盘
09:52:51	15.03	-0.01	270	405810	卖盘
09:52:48	15.04	--	350	526400	买盘
09:52:45	15.04	0.01	71	106784	买盘
09:52:42	15.03	-0.01	5	7515	卖盘
09:52:39	15.04	--	23	34592	买盘
09:52:36	15.04	0.01	94	141376	买盘
09:52:33	15.03	--	28	42084	卖盘
09:52:30	15.03	--	115	172845	卖盘
09:52:27	15.03	0.01	184	276552	买盘
09:52:24	15.02	-0.01	102	153204	卖盘
09:52:21	15.03	0.01	15	22545	买盘
09:52:18	15.02	--	22	33044	卖盘
09:52:15	15.02	-0.02	128	192256	卖盘
09:52:12	15.04	0.01	83	124832	买盘
09:52:09	15.03	-0.01	44	66132	卖盘
09:52:06	15.04	--	109	163936	买盘
09:52:03	15.04	--	39	58656	买盘
09:52:00	15.04	--	51	76704	买盘
09:51:57	15.04	-0.02	121	181984	卖盘
09:51:54	15.06	0.01	76	114456	买盘
09:51:51	15.05	--	67	100835	卖盘
09:51:48	15.05	0.02	318	478590	买盘
09:51:45	15.03	-0.02	392	589176	卖盘
09:51:42	15.05	0.01	60	90300	买盘
09:51:39	15.04	--	489	735456	买盘
09:51:36	15.04	--	150	225600	卖盘
09:51:33	15.04	--	85	127840	卖盘
09:51:30	15.04	-0.01	2	3008	卖盘
09:51:27	15.05	0.03	114	171570	买盘
09:51:24	15.02	0.01	46	69092	中性盘
09:51:21	15.01	-0.02	4	6004	卖盘
09:51:18	15.03	0.02	46	69138	买盘
09:51:15	15.01	0.01	485	728585	买盘
09:51:12	15.0	--	211	316500	买盘
09:51:09	15.0	--	163	244500	买盘
09:51:06	15.0	--	3	4500	买盘
09:51:03	15.0	0.01	279	418500	买盘
09:51:00	14.99	--	251	376249	买盘
09:50:57	14.99	0.01	9	13491	买盘
09:50:54	14.98	0.01	477	714546	买盘
09:50:48	14.97	--	34	50898	卖盘
09:50:45	14.97	-0.01	168	251496	卖盘
09:50:42	14.98	--	358	536284	买盘
09:50:39	14.98	--	23	34454	买盘
09:50:36	14.98	0.01	10	14980	买盘
09:50:33	14.97	--	52	77844	卖盘
09:50:27	14.97	--	118	176646	买盘
09:50:24	14.97	0.01	6	8982	买盘
09:50:21	14.96	-0.01	69	103224	卖盘
09:50:18	14.97	--	334	499998	买盘
09:50:15	14.97	0.01	278	416166	买盘
09:50:12	14.96	-0.01	4	5984	卖盘
09:50:06	14.97	--	47	70359	买盘
09:50:03	14.97	0.01	82	122754	买盘
09:50:00	14.96	--	148	221408	卖盘
09:49:57	14.96	--	46	68816	卖盘
09:49:54	14.96	--	6	8976	卖盘
09:49:51	14.96	--	23	34408	卖盘
09:49:48	14.96	--	141	210936	卖盘
09:49:45	14.96	-0.01	13	19448	卖盘
09:49:42	14.97	0.01	10	14970	买盘
09:49:39	14.96	--	28	41888	卖盘
09:49:36	14.96	--	3	4488	卖盘
09:49:30	14.96	--	20	29920	卖盘
09:49:27	14.96	--	32	47872	卖盘
09:49:24	14.96	--	13	19448	买盘
09:49:21	14.96	--	14	20944	买盘
09:49:18	14.96	--	57	85272	卖盘
09:49:15	14.96	--	110	164560	卖盘
09:49:12	14.96	0.01	79	118184	买盘
09:49:09	14.95	--	20	29900	卖盘
09:49:06	14.95	--	160	239200	卖盘
09:49:03	14.95	-0.01	100	149500	卖盘
09:48:57	14.96	--	56	83776	买盘
09:48:54	14.96	0.01	335	501908	买盘
09:48:48	14.95	--	12	17940	卖盘
09:48:45	14.95	--	50	74750	卖盘
09:48:42	14.95	--	72	107654	买盘
09:48:39	14.95	--	37	55315	买盘
09:48:36	14.95	--	12	17940	买盘
09:48:33	14.95	0.01	1	1495	买盘
09:48:30	14.94	--	48	71712	卖盘
09:48:27	14.94	--	82	122508	卖盘
09:48:24	14.94	--	6	8964	卖盘
09:48:21	14.94	--	25	37350	卖盘
09:48:15	14.94	--	16	23904	卖盘
09:48:12	14.94	--	22	32868	买盘
09:48:09	14.94	0.01	8	11952	买盘
09:48:06	14.93	-0.01	24	35832	卖盘
09:48:03	14.94	0.01	15	22410	买盘
09:48:00	14.93	--	6	8958	卖盘
09:47:57	14.93	--	89	132877	卖盘
09:47:54	14.93	--	6	8958	卖盘
09:47:51	14.93	--	129	192597	卖盘
09:47:48	14.93	--	13	19409	卖盘
09:47:45	14.93	-0.02	21	31353	卖盘
09:47:39	14.95	0.01	10	14950	买盘
09:47:36	14.94	-0.01	6	8964	中性盘
09:47:33	14.95	--	49	73255	买盘
09:47:30	14.95	-0.01	21	31395	卖盘
09:47:27	14.96	0.01	7	10472	买盘
09:47:24	14.95	--	102	152490	卖盘
09:47:21	14.95	--	20	29900	卖盘
09:47:18	14.95	--	10	14950	卖盘
09:47:15	14.95	--	72	107640	卖盘
09:47:12	14.95	--	327	488865	买盘
09:47:09	14.95	--	4	5980	买盘
09:47:06	14.95	--	12	17940	买盘
09:47:03	14.95	0.01	7	10465	买盘
09:47:00	14.94	-0.01	18	26892	卖盘
09:46:51	14.95	-0.01	49	73255	卖盘
09:46:48	14.96	0.01	36	53856	买盘
09:46:45	14.95	-0.01	83	124085	卖盘
09:46:42	14.96	--	27	40392	买盘
09:46:39	14.96	--	22	32912	买盘
09:46:36	14.96	--	15	22440	买盘
09:46:33	14.96	-0.01	42	62832	中性盘
09:46:30	14.97	0.01	14	20958	买盘
09:46:27	14.96	-0.01	14	20944	中性盘
09:46:24	14.97	--	71	106287	买盘
09:46:21	14.97	0.01	73	109281	买盘
09:46:18	14.96	-0.01	30	44880	卖盘
09:46:15	14.97	0.01	14	20958	买盘
09:46:12	14.96	-0.01	141	210936	卖盘
09:46:09	14.97	--	5	7485	买盘
09:46:06	14.97	0.01	3	4491	买盘
09:46:03	14.96	0.01	162	242352	买盘
09:46:00	14.95	-0.01	100	149500	卖盘
09:45:57	14.96	--	50	74800	买盘
09:45:54	14.96	-0.01	17	25432	卖盘
09:45:51	14.97	0.01	87	130239	买盘
09:45:48	14.96	0.01	24	35904	买盘
09:45:45	14.95	-0.02	5	7475	卖盘
09:45:42	14.97	0.01	95	142215	买盘
09:45:39	14.96	--	175	261800	买盘
09:45:36	14.96	0.01	19	28424	买盘
09:45:33	14.95	-0.01	1	1495	卖盘
09:45:30	14.96	--	17	25432	买盘
09:45:27	14.96	-0.01	92	137632	卖盘
09:45:24	14.97	--	496	742512	买盘
09:45:18	14.97	--	95	142215	买盘
09:45:15	14.97	--	29	43413	买盘
09:45:12	14.97	--	33	49401	买盘
09:45:09	14.97	--	148	221556	买盘
09:45:06	14.97	--	106	158682	买盘
09:45:03	14.97	--	33	49401	买盘
09:45:00	14.97	--	28	41916	买盘
09:44:57	14.97	--	22	32934	买盘
09:44:54	14.97	--	96	143712	买盘
09:44:51	14.97	0.01	70	104790	卖盘
09:44:48	14.96	--	68	101728	卖盘
09:44:45	14.96	--	195	291720	卖盘
09:44:42	14.96	--	84	125664	卖盘
09:44:39	14.96	--	41	61336	卖盘
09:44:36	14.96	0.01	355	531080	买盘
09:44:30	14.95	--	20	29900	卖盘
09:44:27	14.95	--	174	260757	买盘
09:44:24	14.95	0.01	43	64285	买盘
09:44:21	14.94	-0.01	4	5976	卖盘
09:44:18	14.95	--	4	5980	买盘
09:44:15	14.95	--	14	21797	卖盘
09:44:12	14.95	--	95	142652	买盘
09:44:09	14.95	--	13	19435	买盘
09:44:03	14.95	0.02	67	100165	买盘
09:43:57	14.93	0.01	4	5972	买盘
09:43:51	14.92	--	18	26856	买盘
09:43:48	14.92	0.01	35	52220	买盘
09:43:45	14.91	-0.01	764	1139124	卖盘
09:43:42	14.92	--	31	46252	卖盘
09:43:36	14.92	--	17	25364	卖盘
09:43:33	14.92	--	147	219324	买盘
09:43:30	14.92	--	7	10444	买盘
09:43:27	14.92	0.01	71	105932	买盘
09:43:24	14.91	-0.01	29	43239	卖盘
09:43:21	14.92	0.01	136	202912	买盘
09:43:15	14.91	--	50	74550	卖盘
09:43:12	14.91	0.01	8	11928	买盘
09:43:09	14.9	--	8	11920	卖盘
09:43:06	14.9	--	59	87910	卖盘
09:43:03	14.9	-0.01	233	347170	卖盘
09:43:00	14.91	0.01	31	46221	买盘
09:42:57	14.9	--	25	37935	买盘
09:42:54	14.9	--	21	31290	买盘
09:42:51	14.9	--	7	10430	买盘
09:42:48	14.9	0.01	83	123670	买盘
09:42:42	14.89	--	38	56582	卖盘
09:42:39	14.89	-0.01	22	32758	卖盘
09:42:36	14.9	0.01	67	99830	买盘
09:42:33	14.89	--	20	29780	卖盘
09:42:27	14.89	-0.01	157	233773	卖盘
09:42:24	14.9	0.01	33	49170	买盘
09:42:21	14.89	-0.01	173	257597	卖盘
09:42:18	14.9	0.01	124	184760	买盘
09:42:15	14.89	--	125	186125	卖盘
09:42:12	14.89	-0.01	10	14890	卖盘
09:42:09	14.9	0.01	2	2980	买盘
09:42:06	14.89	-0.01	18	26802	卖盘
09:42:03	14.9	--	10	14900	买盘
09:42:00	14.9	--	50	74500	买盘
09:41:57	14.9	--	11	16390	买盘
09:41:54	14.9	--	2	2980	买盘
09:41:51	14.9	0.01	8	11920	买盘
09:41:48	14.89	--	10	14890	卖盘
09:41:45	14.89	--	24	35736	卖盘
09:41:42	14.89	-0.01	34	50626	卖盘
09:41:39	14.9	0.01	20	29800	买盘
09:41:36	14.89	-0.01	32	47648	卖盘
09:41:33	14.9	0.01	4	5960	买盘
09:41:30	14.89	--	9	13401	卖盘
09:41:27	14.89	-0.01	3	4467	卖盘
09:41:24	14.9	--	20	29800	买盘
09:41:21	14.9	--	8	11920	买盘
09:41:18	14.9	--	30	44700	买盘
09:41:12	14.9	0.01	53	78970	买盘
09:41:09	14.89	--	130	194374	卖盘
09:41:06	14.89	-0.01	5	7445	卖盘
09:41:03	14.9	--	15	22350	买盘
09:41:00	14.9	--	395	588550	卖盘
09:40:57	14.9	--	27	40230	卖盘
09:40:54	14.9	--	22	32780	卖盘
09:40:51	14.9	--	91	135590	卖盘
09:40:45	14.9	--	27	40230	卖盘
09:40:42	14.9	--	1	1490	卖盘
09:40:39	14.9	-0.01	30	44700	卖盘
09:40:33	14.91	--	2	2982	买盘
09:40:30	14.91	--	1	1491	买盘
09:40:27	14.91	-0.01	23	34978	卖盘
09:40:21	14.92	0.01	41	61172	买盘
09:40:18	14.91	--	102	152082	卖盘
09:40:15	14.91	--	59	87969	卖盘
09:40:12	14.91	--	41	61131	卖盘
09:40:09	14.91	-0.01	18	26838	卖盘
09:40:06	14.92	0.01	22	32824	买盘
09:40:03	14.91	--	8	11928	卖盘
09:40:00	14.91	--	28	41748	卖盘
09:39:57	14.91	-0.01	11	16401	卖盘
09:39:54	14.92	0.01	24	35808	买盘
09:39:51	14.91	--	17	25347	卖盘
09:39:45	14.91	-0.01	7	10437	卖盘
09:39:42	14.92	0.01	58	86536	买盘
09:39:39	14.91	--	3	4473	卖盘
09:39:36	14.91	--	10	14910	卖盘
09:39:33	14.91	--	3	4473	卖盘
09:39:30	14.91	-0.01	10	14910	卖盘
09:39:27	14.92	0.01	10	14920	买盘
09:39:24	14.91	-0.01	4	5964	卖盘
09:39:21	14.92	-0.01	68	102261	卖盘
09:39:18	14.93	--	73	108989	买盘
09:39:15	14.93	0.01	1	1493	买盘
09:39:12	14.92	-0.01	24	35808	卖盘
09:39:09	14.93	--	79	117947	买盘
09:39:06	14.93	--	63	94223	卖盘
09:39:03	14.93	--	29	44625	买盘
09:39:00	14.93	--	15	22559	卖盘
09:38:57	14.93	--	15	23723	卖盘
09:38:54	14.93	--	14	20902	买盘
09:38:51	14.93	0.01	33	49269	买盘
09:38:48	14.92	--	67	99964	卖盘
09:38:45	14.92	--	9	13428	卖盘
09:38:42	14.92	--	11	16412	卖盘
09:38:39	14.92	--	10	14920	卖盘
09:38:36	14.92	--	17	25364	卖盘
09:38:33	14.92	-0.01	9	13428	卖盘
09:38:30	14.93	0.01	105	156765	买盘
09:38:27	14.92	--	256	381952	卖盘
09:38:24	14.92	--	19	28348	卖盘
09:38:21	14.92	-0.01	5	7460	卖盘
09:38:18	14.93	--	275	410575	买盘
09:38:15	14.93	--	67	100031	买盘
09:38:12	14.93	--	40	59720	买盘
09:38:09	14.93	-0.01	150	223950	中性盘
09:38:06	14.94	0.01	433	646902	买盘
09:38:03	14.93	--	54	80622	卖盘
09:38:00	14.93	-0.01	11	16423	卖盘
09:37:57	14.94	0.01	100	149400	买盘
09:37:54	14.93	--	55	82115	卖盘
09:37:51	14.93	-0.01	86	128398	中性盘
09:37:48	14.94	0.01	51	76194	买盘
09:37:45	14.93	--	22	32846	买盘
09:37:42	14.93	-0.01	45	67185	卖盘
09:37:39	14.94	--	8	11952	买盘
09:37:36	14.94	0.01	128	191232	买盘
09:37:33	14.93	-0.01	109	162737	卖盘
09:37:30	14.94	--	56	83664	买盘
09:37:27	14.94	-0.01	41	61254	中性盘
09:37:21	14.95	0.01	80	119600	买盘
09:37:18	14.94	--	94	140436	买盘
09:37:15	14.94	--	75	112050	卖盘
09:37:12	14.94	--	32	47808	卖盘
09:37:09	14.94	--	26	38844	卖盘
09:37:06	14.94	--	48	71712	买盘
09:37:03	14.94	--	101	150894	买盘
09:37:00	14.94	--	61	91134	买盘
09:36:57	14.94	--	20	29880	买盘
09:36:51	14.94	0.01	23	34362	卖盘
09:36:48	14.93	--	188	280684	卖盘
09:36:45	14.93	-0.02	4	5972	卖盘
09:36:42	14.95	0.02	624	932880	买盘
09:36:39	14.93	--	58	86594	卖盘
09:36:36	14.93	--	47	70171	卖盘
09:36:33	14.93	--	24	35832	卖盘
09:36:30	14.93	--	29	43297	卖盘
09:36:27	14.93	--	11	16423	卖盘
09:36:24	14.93	-0.01	310	462830	卖盘
09:36:21	14.94	0.01	10	14940	买盘
09:36:18	14.93	0.01	265	395645	买盘
09:36:15	14.92	-0.01	71	105932	卖盘
09:36:12	14.93	--	66	98538	买盘
09:36:09	14.93	0.01	230	344076	买盘
09:36:06	14.92	--	2	2984	卖盘
09:36:03	14.92	--	150	223800	卖盘
09:36:00	14.92	--	19	28348	买盘
09:35:57	14.92	--	40	59680	买盘
09:35:54	14.92	--	225	336505	买盘
09:35:51	14.92	--	127	189484	买盘
09:35:48	14.92	--	105	156660	买盘
09:35:45	14.92	--	14	20888	买盘
09:35:39	14.92	0.01	13	19396	买盘
09:35:36	14.91	-0.01	10	14910	卖盘
09:35:33	14.92	--	37	55204	买盘
09:35:30	14.92	--	211	314812	买盘
09:35:24	14.92	0.01	3	4476	买盘
09:35:21	14.91	0.01	381	568071	买盘
09:35:18	14.9	--	110	163900	卖盘
09:35:15	14.9	--	84	125160	卖盘
09:35:12	14.9	--	50	74500	卖盘
09:35:09	14.9	-0.01	15	22350	卖盘
09:35:06	14.91	0.01	90	134190	买盘
09:35:03	14.9	--	17	25330	买盘
09:35:00	14.9	--	114	169860	买盘
09:34:57	14.9	--	24	35760	买盘
09:34:54	14.9	-0.01	243	362070	卖盘
09:34:51	14.91	0.01	3	4473	买盘
09:34:48	14.9	-0.01	100	149000	卖盘
09:34:45	14.91	--	30	44730	买盘
09:34:42	14.91	0.01	45	67095	买盘
09:34:39	14.9	-0.02	98	146020	卖盘
09:34:36	14.92	0.01	56	83552	买盘
09:34:33	14.91	0.01	101	150591	中性盘
09:34:30	14.9	-0.01	101	150490	卖盘
09:34:27	14.91	-0.01	5	7455	卖盘
09:34:24	14.92	0.02	101	150692	买盘
09:34:21	14.9	-0.01	29	43210	卖盘
09:34:18	14.91	-0.01	74	110334	中性盘
09:34:15	14.92	--	261	389412	买盘
09:34:12	14.92	0.01	77	114884	买盘
09:34:09	14.91	--	45	67095	买盘
09:34:06	14.91	-0.01	39	58149	卖盘
09:34:03	14.92	--	54	80568	买盘
09:34:00	14.92	0.01	339	505788	买盘
09:33:57	14.91	--	108	161028	买盘
09:33:54	14.91	-0.01	80	119280	卖盘
09:33:51	14.92	0.01	67	99964	买盘
09:33:48	14.91	-0.01	14	20874	卖盘
09:33:45	14.92	--	15	22380	卖盘
09:33:42	14.92	--	125	186500	卖盘
09:33:39	14.92	--	23	34316	卖盘
09:33:36	14.92	--	63	93996	买盘
09:33:33	14.92	--	20	29840	买盘
09:33:30	14.92	0.02	2	2984	买盘
09:33:27	14.9	-0.01	431	642190	卖盘
09:33:21	14.91	--	87	129717	卖盘
09:33:18	14.91	-0.01	212	316092	卖盘
09:33:15	14.92	-0.01	62	92504	卖盘
09:33:12	14.93	0.01	23	34339	买盘
09:33:09	14.92	--	26	38792	买盘
09:33:06	14.92	0.01	8	11936	买盘
09:33:03	14.91	--	3	4473	买盘
09:33:00	14.91	--	27	40257	中性盘
09:32:57	14.91	--	7	10437	买盘
09:32:54	14.91	--	15	22365	买盘
09:32:51	14.91	-0.04	29	43239	卖盘
09:32:48	14.95	0.04	30	44850	买盘
09:32:45	14.91	-0.03	240	357840	卖盘
09:32:42	14.94	0.01	30	44820	买盘
09:32:39	14.93	0.03	187	279191	买盘
09:32:36	14.9	-0.01	42	62580	卖盘
09:32:33	14.91	0.01	23	34293	中性盘
09:32:30	14.9	0.01	23	34270	卖盘
09:32:27	14.89	-0.02	72	107208	卖盘
09:32:24	14.91	0.03	259	386169	买盘
09:32:21	14.88	-0.01	146	217248	卖盘
09:32:18	14.89	--	39	58071	卖盘
09:32:15	14.89	--	53	78917	买盘
09:32:09	14.89	0.01	30	44670	买盘
09:32:06	14.88	-0.01	99	147312	卖盘
09:32:03	14.89	--	10	14890	买盘
09:32:00	14.89	0.02	26	38714	买盘
09:31:57	14.87	-0.02	42	62454	卖盘
09:31:54	14.89	0.02	195	290355	买盘
09:31:51	14.87	--	5	7435	买盘
09:31:48	14.87	-0.01	63	93681	卖盘
09:31:45	14.88	0.02	24	35712	买盘
09:31:42	14.86	-0.02	21	31206	卖盘
09:31:39	14.88	-0.02	148	220224	卖盘
09:31:36	14.9	0.03	127	189230	买盘
09:31:33	14.87	-0.04	47	69889	卖盘
09:31:30	14.91	0.01	156	232596	买盘
09:31:27	14.9	0.06	7	10430	中性盘
09:31:24	14.84	-0.07	11	16324	卖盘
09:31:21	14.91	0.04	64	95424	买盘
09:31:18	14.87	--	28	41636	买盘
09:31:15	14.87	-0.01	10	14870	买盘
09:31:12	14.88	-0.02	52	77376	卖盘
09:31:09	14.9	--	38	56620	卖盘
09:31:06	14.9	0.03	316	470840	买盘
09:30:57	14.87	--	1	1487	卖盘
09:30:54	14.87	0.04	203	301861	买盘
09:30:51	14.83	0.01	2	2966	买盘
09:30:48	14.82	-0.01	20	29640	卖盘
09:30:45	14.83	0.01	33	48939	买盘
09:30:42	14.82	--	10	14820	卖盘
09:30:39	14.82	0.01	1	1482	卖盘
09:30:36	14.81	--	2	2962	卖盘
09:30:33	14.81	-0.02	50	74050	卖盘
09:30:30	14.83	--	12	17796	买盘
09:30:27	14.83	0.01	5	7415	买盘
09:30:21	14.82	0.01	8	11856	中性盘
09:30:15	14.81	--	55	81455	卖盘
09:30:06	14.81	-0.01	39	57759	卖盘
09:30:03	14.82	0.07	271	401622	买盘
09:30:00	14.75	--	0	0	卖盘
09:25:03	14.75	14.75	276	408530	买盘
