成交时间	成交价	价格变动	成交量(手)	成交额(元)	性质
15:00:03	16.0	--	1354	2166400	卖盘
14:57:00	16.0	--	38	60800	卖盘
14:56:57	16.0	--	49	78400	买盘
14:56:54	16.0	--	68	108800	买盘
14:56:51	16.0	--	15	24000	买盘
14:56:48	16.0	--	14	22400	买盘
14:56:45	16.0	--	21	33600	买盘
14:56:42	16.0	--	46	73600	买盘
14:56:39	16.0	--	5	8000	买盘
14:56:36	16.0	--	156	249600	卖盘
14:56:30	16.0	--	20	32000	卖盘
14:56:27	16.0	--	5	8000	卖盘
14:56:24	16.0	--	5	8000	卖盘
14:56:21	16.0	--	38	60800	卖盘
14:56:18	16.0	-0.01	14	22400	卖盘
14:56:15	16.01	0.02	571	914171	买盘
14:56:09	15.99	--	13	20787	卖盘
14:56:06	15.99	-0.01	5	7995	卖盘
14:56:00	16.0	0.01	32	51200	买盘
14:55:57	15.99	--	2	3198	买盘
14:55:54	15.99	-0.01	10	15990	中性盘
14:55:51	16.0	0.01	379	606400	买盘
14:55:48	15.99	--	6	9594	买盘
14:55:45	15.99	-0.01	57	91143	卖盘
14:55:39	16.0	--	50	80000	买盘
14:55:36	16.0	--	50	80000	买盘
14:55:33	16.0	--	255	408000	买盘
14:55:30	16.0	--	40	64000	买盘
14:55:27	16.0	0.01	118	188800	买盘
14:55:24	15.99	-0.01	49	78351	卖盘
14:55:18	16.0	0.01	19	30400	买盘
14:55:15	15.99	--	20	31980	卖盘
14:55:12	15.99	-0.01	5	7995	卖盘
14:55:06	16.0	0.01	10	16000	买盘
14:55:03	15.99	-0.01	7	11193	卖盘
14:55:00	16.0	0.01	87	139200	买盘
14:54:57	15.99	-0.01	83	132717	卖盘
14:54:54	16.0	0.01	29	46400	买盘
14:54:51	15.99	--	50	79950	卖盘
14:54:48	15.99	-0.01	13	20787	卖盘
14:54:45	16.0	0.01	26	41600	买盘
14:54:42	15.99	--	23	36777	卖盘
14:54:36	15.99	--	139	222261	卖盘
14:54:33	15.99	--	6	9594	卖盘
14:54:30	15.99	--	41	65559	卖盘
14:54:24	15.99	--	25	39975	卖盘
14:54:21	15.99	-0.01	25	39975	卖盘
14:54:18	16.0	0.01	54	86400	买盘
14:54:12	15.99	--	3	4797	卖盘
14:54:09	15.99	--	20	31980	卖盘
14:54:03	15.99	--	3	4797	卖盘
14:54:00	15.99	--	31	49569	买盘
14:53:57	15.99	--	5	7995	买盘
14:53:54	15.99	--	67	107133	买盘
14:53:51	15.99	0.01	96	153504	买盘
14:53:48	15.98	-0.01	81	129438	卖盘
14:53:45	15.99	--	1	1599	买盘
14:53:42	15.99	--	26	41574	买盘
14:53:39	15.99	0.01	89	142311	买盘
14:53:36	15.98	--	40	63920	卖盘
14:53:30	15.98	-0.01	79	126242	卖盘
14:53:27	15.99	--	17	27183	买盘
14:53:21	15.99	--	41	65559	买盘
14:53:18	15.99	0.01	58	92742	买盘
14:53:15	15.98	-0.01	10	15980	卖盘
14:53:12	15.99	--	5	7995	买盘
14:53:09	15.99	--	7	11193	买盘
14:53:06	15.99	--	8	12792	买盘
14:53:03	15.99	--	22	35178	买盘
14:53:00	15.99	--	30	47970	买盘
14:52:57	15.99	--	14	22386	买盘
14:52:54	15.99	--	3	4797	买盘
14:52:48	15.99	--	7	11193	买盘
14:52:39	15.99	--	1	1599	买盘
14:52:36	15.99	--	33	52767	买盘
14:52:30	15.99	-0.01	10	15990	买盘
14:52:27	16.0	0.01	22	35200	买盘
14:52:24	15.99	-0.01	1	1599	买盘
14:52:21	16.0	0.02	8	12800	买盘
14:52:18	15.98	-0.01	42	68170	卖盘
14:52:15	15.99	0.01	1	1599	卖盘
14:52:06	15.98	--	8	12784	卖盘
14:52:03	15.98	-0.01	5	7990	卖盘
14:52:00	15.99	--	90	143910	卖盘
14:51:57	15.99	--	5	7995	卖盘
14:51:54	15.99	--	17	27183	买盘
14:51:48	15.99	--	38	60762	卖盘
14:51:45	15.99	--	10	15990	卖盘
14:51:42	15.99	--	3	4797	卖盘
14:51:36	15.99	--	16	25584	卖盘
14:51:30	15.99	--	1	1599	卖盘
14:51:27	15.99	--	3	4797	卖盘
14:51:21	15.99	--	26	41574	卖盘
14:51:18	15.99	0.01	51	81549	买盘
14:51:15	15.98	-0.01	50	79900	卖盘
14:51:12	15.99	--	16	25584	买盘
14:51:06	15.99	--	2	3198	买盘
14:51:03	15.99	--	116	185484	买盘
14:51:00	15.99	0.01	110	175890	买盘
14:50:57	15.98	--	22	35156	卖盘
14:50:54	15.98	-0.01	25	39950	卖盘
14:50:48	15.99	--	30	47970	买盘
14:50:39	15.99	0.01	86	137514	买盘
14:50:36	15.98	--	14	22372	卖盘
14:50:33	15.98	-0.01	2	3196	卖盘
14:50:27	15.99	0.01	1	1599	买盘
14:50:21	15.98	-0.01	6	9588	卖盘
14:50:15	15.99	--	2	3198	买盘
14:50:06	15.99	0.01	20	31980	买盘
14:50:03	15.98	--	10	15980	卖盘
14:50:00	15.98	-0.01	15	23970	卖盘
14:49:57	15.99	0.01	30	47970	买盘
14:49:54	15.98	-0.01	120	191760	卖盘
14:49:51	15.99	--	10	15990	买盘
14:49:48	15.99	0.01	8	12792	买盘
14:49:45	15.98	-0.01	67	107066	卖盘
14:49:39	15.99	--	35	55965	买盘
14:49:36	15.99	--	11	17589	买盘
14:49:33	15.99	0.01	2	3198	买盘
14:49:30	15.98	--	34	54332	卖盘
14:49:27	15.98	-0.01	3	4794	卖盘
14:49:24	15.99	--	20	31980	买盘
14:49:12	15.99	--	3	4797	买盘
14:49:06	15.99	--	23	36777	卖盘
14:49:03	15.99	-0.01	15	23985	卖盘
14:49:00	16.0	0.01	43	68800	买盘
14:48:57	15.99	--	45	71955	卖盘
14:48:54	15.99	--	30	47970	买盘
14:48:51	15.99	--	44	70356	买盘
14:48:48	15.99	0.01	10	15990	买盘
14:48:45	15.98	-0.01	22	35156	卖盘
14:48:39	15.99	--	3	4797	买盘
14:48:36	15.99	-0.01	73	116727	卖盘
14:48:27	16.0	--	17	27200	买盘
14:48:24	16.0	--	4	6400	买盘
14:48:21	16.0	--	23	36800	买盘
14:48:18	16.0	--	20	32000	买盘
14:48:12	16.0	0.01	31	49600	买盘
14:48:06	15.99	-0.01	28	44772	卖盘
14:48:03	16.0	0.01	4	6400	买盘
14:48:00	15.99	--	5	7995	卖盘
14:47:57	15.99	--	15	23985	卖盘
14:47:54	15.99	--	30	47970	卖盘
14:47:51	15.99	-0.01	203	324597	中性盘
14:47:39	16.0	0.01	55	88000	买盘
14:47:36	15.99	--	2	3198	买盘
14:47:30	15.99	--	10	15990	买盘
14:47:27	15.99	--	33	52767	买盘
14:47:24	15.99	--	55	87945	买盘
14:47:18	15.99	-0.01	22	35178	中性盘
14:47:15	16.0	0.01	20	32000	买盘
14:47:12	15.99	-0.01	67	107133	卖盘
14:47:06	16.0	--	5	8000	买盘
14:47:03	16.0	0.01	13	20800	买盘
14:47:00	15.99	-0.01	97	155103	卖盘
14:46:57	16.0	--	66	105600	买盘
14:46:48	16.0	0.01	8	12800	买盘
14:46:45	15.99	--	50	79950	卖盘
14:46:42	15.99	--	23	36777	卖盘
14:46:33	15.99	--	101	161499	卖盘
14:46:15	15.99	--	69	110331	买盘
14:46:12	15.99	0.01	33	52767	买盘
14:46:09	15.98	--	103	164594	卖盘
14:46:06	15.98	-0.01	38	60724	卖盘
14:46:00	15.99	--	27	43173	买盘
14:45:57	15.99	--	77	123123	买盘
14:45:54	15.99	0.01	5	7995	买盘
14:45:51	15.98	-0.01	6	9588	卖盘
14:45:48	15.99	--	2	3198	买盘
14:45:45	15.99	0.01	26	41574	买盘
14:45:42	15.98	-0.01	15	23970	卖盘
14:45:30	15.99	0.01	10	15990	买盘
14:45:27	15.98	-0.01	4	6392	卖盘
14:45:24	15.99	--	10	15990	买盘
14:45:18	15.99	0.01	86	137514	买盘
14:45:15	15.98	--	5	7990	卖盘
14:45:12	15.98	--	4	6392	卖盘
14:45:09	15.98	-0.01	20	31960	卖盘
14:45:00	15.99	0.01	10	15990	买盘
14:44:57	15.98	--	5	7990	卖盘
14:44:51	15.98	--	5	7990	卖盘
14:44:48	15.98	-0.01	3	4794	卖盘
14:44:42	15.99	0.01	50	79950	买盘
14:44:39	15.98	--	6	9588	卖盘
14:44:33	15.98	-0.01	42	67116	中性盘
14:44:27	15.99	0.01	52	83148	买盘
14:44:24	15.98	-0.01	102	162996	中性盘
14:44:18	15.99	0.01	46	73554	买盘
14:44:15	15.98	--	110	175780	卖盘
14:44:12	15.98	-0.01	47	75106	卖盘
14:44:09	15.99	0.01	20	31980	买盘
14:44:06	15.98	-0.01	15	23970	卖盘
14:44:03	15.99	0.01	41	65559	买盘
14:44:00	15.98	-0.01	7	11186	卖盘
14:43:57	15.99	--	30	47970	买盘
14:43:51	15.99	0.01	4	6396	买盘
14:43:36	15.98	--	7	11186	卖盘
14:43:33	15.98	--	8	12784	买盘
14:43:30	15.98	--	5	7990	买盘
14:43:27	15.98	--	70	111860	买盘
14:43:24	15.98	--	12	19176	买盘
14:43:21	15.98	0.01	143	228514	买盘
14:43:15	15.97	--	20	31940	卖盘
14:43:09	15.97	--	24	38328	卖盘
14:42:48	15.97	-0.01	3	4791	卖盘
14:42:42	15.98	0.01	75	119850	买盘
14:42:39	15.97	--	13	20761	卖盘
14:42:33	15.97	-0.01	10	15970	卖盘
14:42:24	15.98	--	20	31960	买盘
14:42:18	15.98	--	31	49538	卖盘
14:42:15	15.98	--	206	329188	卖盘
14:42:09	15.98	--	6	9588	卖盘
14:42:06	15.98	-0.01	3	4794	卖盘
14:42:00	15.99	-0.01	25	39975	卖盘
14:41:54	16.0	--	20	32000	买盘
14:41:51	16.0	0.01	43	68800	买盘
14:41:48	15.99	-0.01	108	172692	卖盘
14:41:45	16.0	--	18	28800	买盘
14:41:39	16.0	-0.01	107	171200	卖盘
14:41:36	16.01	0.01	10	16010	买盘
14:41:33	16.0	--	9	14400	卖盘
14:41:30	16.0	--	4	6400	卖盘
14:41:27	16.0	-0.01	23	36800	卖盘
14:41:21	16.01	--	4	6404	买盘
14:41:18	16.01	0.01	60	96060	买盘
14:41:15	16.0	--	307	491200	卖盘
14:41:09	16.0	-0.02	162	259200	卖盘
14:41:00	16.02	0.01	1	1602	买盘
14:40:57	16.01	--	73	116873	卖盘
14:40:54	16.01	--	20	32020	卖盘
14:40:48	16.01	--	3	4803	卖盘
14:40:42	16.01	-0.01	1	1601	卖盘
14:40:39	16.02	--	1	1602	买盘
14:40:27	16.02	--	3	4806	买盘
14:40:24	16.02	0.01	23	36846	买盘
14:40:21	16.01	-0.01	23	36823	卖盘
14:40:18	16.02	--	10	16020	买盘
14:40:15	16.02	0.01	5	8010	买盘
14:40:12	16.01	--	26	41626	卖盘
14:40:06	16.01	-0.01	15	24015	卖盘
14:40:03	16.02	--	94	150588	买盘
14:40:00	16.02	0.01	8	12816	买盘
14:39:54	16.01	-0.01	23	36823	卖盘
14:39:51	16.02	0.01	30	48060	买盘
14:39:48	16.01	--	52	83252	卖盘
14:39:42	16.01	--	61	97661	卖盘
14:39:36	16.01	--	5	8005	卖盘
14:39:30	16.01	--	26	41626	卖盘
14:39:27	16.01	--	79	126479	买盘
14:39:24	16.01	--	9	14409	买盘
14:39:21	16.01	--	6	9606	买盘
14:39:18	16.01	--	5	8005	买盘
14:39:12	16.01	--	106	169706	买盘
14:39:06	16.01	0.01	26	41626	买盘
14:39:03	16.0	--	6	9600	卖盘
14:38:48	16.0	-0.01	3	4800	卖盘
14:38:45	16.01	--	324	518724	买盘
14:38:39	16.01	0.01	10	16010	买盘
14:38:33	16.0	-0.01	30	48000	卖盘
14:38:27	16.01	0.01	2	3202	买盘
14:38:18	16.0	-0.01	1	1600	卖盘
14:38:15	16.01	--	31	49631	买盘
14:38:12	16.01	0.01	20	32020	买盘
14:38:09	16.0	--	51	81600	卖盘
14:38:06	16.0	--	3	4800	卖盘
14:38:03	16.0	-0.01	2	3200	卖盘
14:37:54	16.01	--	21	33621	买盘
14:37:48	16.01	0.01	3	4803	买盘
14:37:45	16.0	-0.01	27	43200	卖盘
14:37:36	16.01	0.01	11	17611	买盘
14:37:30	16.0	--	91	145600	卖盘
14:37:27	16.0	-0.01	17	27200	卖盘
14:37:24	16.01	0.01	22	35222	买盘
14:37:15	16.0	--	3	4800	卖盘
14:37:09	16.0	--	5	8000	卖盘
14:37:03	16.0	-0.01	18	28800	卖盘
14:36:54	16.01	--	27	43227	买盘
14:36:51	16.01	0.01	5	8005	买盘
14:36:48	16.0	-0.01	38	60800	卖盘
14:36:45	16.01	--	20	32020	买盘
14:36:39	16.01	--	10	16010	买盘
14:36:27	16.01	--	2	3202	买盘
14:36:24	16.01	--	4	6404	买盘
14:36:21	16.01	--	10	16010	买盘
14:36:18	16.01	--	10	16010	买盘
14:36:15	16.01	--	1	1601	买盘
14:36:06	16.01	--	4	6404	买盘
14:36:03	16.01	--	1	1601	买盘
14:35:51	16.01	0.01	12	19212	买盘
14:35:42	16.0	-0.01	100	160000	卖盘
14:35:36	16.01	--	1	1601	买盘
14:35:33	16.01	0.01	10	16010	买盘
14:35:27	16.0	-0.01	3	4800	卖盘
14:35:21	16.01	--	14	22414	买盘
14:35:15	16.01	0.01	122	195322	买盘
14:35:12	16.0	-0.01	18	28800	卖盘
14:35:09	16.01	--	30	48030	买盘
14:34:57	16.01	0.01	1	1601	买盘
14:34:48	16.0	--	8	12800	卖盘
14:34:42	16.0	--	19	30400	卖盘
14:34:39	16.0	--	4	6400	卖盘
14:34:33	16.0	--	20	32000	卖盘
14:34:30	16.0	--	8	12800	卖盘
14:34:27	16.0	-0.01	8	12800	卖盘
14:34:24	16.01	0.01	43	68843	买盘
14:34:15	16.0	-0.01	3	4800	卖盘
14:34:09	16.01	0.01	12	19212	买盘
14:34:06	16.0	--	43	68800	卖盘
14:34:03	16.0	--	21	33600	卖盘
14:34:00	16.0	--	2	3200	卖盘
14:33:57	16.0	-0.01	24	38400	卖盘
14:33:39	16.01	--	15	24015	卖盘
14:33:36	16.01	--	1	1601	卖盘
14:33:33	16.01	--	55	88055	卖盘
14:33:30	16.01	--	2	3202	卖盘
14:33:27	16.01	--	27	43227	卖盘
14:33:21	16.01	--	16	25616	卖盘
14:33:18	16.01	--	1	1601	卖盘
14:33:15	16.01	-0.01	9	14409	卖盘
14:33:09	16.02	0.01	5	8010	买盘
14:33:06	16.01	--	40	64040	卖盘
14:33:00	16.01	--	20	32020	卖盘
14:32:57	16.01	-0.01	9	14409	卖盘
14:32:48	16.02	0.01	20	32040	买盘
14:32:45	16.01	-0.01	3	4803	卖盘
14:32:39	16.02	--	10	16020	买盘
14:32:36	16.02	--	34	54468	买盘
14:32:33	16.02	--	5	8010	买盘
14:32:30	16.02	--	15	24030	卖盘
14:32:27	16.02	-0.01	4	6408	卖盘
14:32:24	16.03	0.01	35	56105	买盘
14:32:21	16.02	--	9	14418	卖盘
14:32:18	16.02	-0.01	5	8010	卖盘
14:32:15	16.03	0.01	3	4809	买盘
14:32:12	16.02	--	92	147384	卖盘
14:32:06	16.02	-0.01	8	12816	卖盘
14:32:03	16.03	0.01	266	426398	买盘
14:32:00	16.02	-0.01	7	11214	卖盘
14:31:51	16.03	0.01	41	65723	买盘
14:31:48	16.02	-0.01	1	1602	卖盘
14:31:45	16.03	--	10	16030	买盘
14:31:42	16.03	0.01	5	8015	买盘
14:31:39	16.02	--	11	17622	卖盘
14:31:36	16.02	--	10	16020	卖盘
14:31:27	16.02	--	18	28836	卖盘
14:31:24	16.02	-0.01	5	8010	卖盘
14:31:21	16.03	0.01	62	99386	买盘
14:31:18	16.02	--	2	3204	卖盘
14:31:15	16.02	--	20	32040	卖盘
14:31:06	16.02	--	2	3204	卖盘
14:31:03	16.02	--	5	8010	卖盘
14:30:57	16.02	--	30	48060	卖盘
14:30:54	16.02	--	10	16020	卖盘
14:30:48	16.02	--	9	14418	卖盘
14:30:45	16.02	--	3	4806	卖盘
14:30:42	16.02	--	10	16020	卖盘
14:30:39	16.02	--	30	48060	卖盘
14:30:36	16.02	--	2	3204	卖盘
14:30:33	16.02	--	10	16020	卖盘
14:30:30	16.02	--	36	57672	卖盘
14:30:27	16.02	--	7	11214	卖盘
14:30:24	16.02	-0.01	10	16020	卖盘
14:30:18	16.03	0.01	9	14427	买盘
14:30:12	16.02	--	5	8010	卖盘
14:30:06	16.02	--	46	73692	卖盘
14:30:03	16.02	-0.01	11	17622	卖盘
14:30:00	16.03	0.01	3	4809	买盘
14:29:51	16.02	-0.01	4	6408	卖盘
14:29:48	16.03	0.01	13	20839	买盘
14:29:39	16.02	-0.01	10	16020	卖盘
14:29:33	16.03	0.01	20	32060	买盘
14:29:27	16.02	-0.01	13	20826	卖盘
14:29:24	16.03	--	87	139461	买盘
14:29:21	16.03	0.01	30	48090	买盘
14:29:18	16.02	--	7	11214	卖盘
14:29:06	16.02	-0.01	1	1602	卖盘
14:28:57	16.03	--	10	16030	买盘
14:28:51	16.03	--	2	3206	买盘
14:28:48	16.03	0.01	10	16030	买盘
14:28:45	16.02	-0.01	24	38448	卖盘
14:28:42	16.03	-0.01	83	133049	卖盘
14:28:39	16.04	0.01	65	104260	买盘
14:28:36	16.03	--	20	32060	卖盘
14:28:33	16.03	--	8	12824	卖盘
14:28:27	16.03	--	4	6412	卖盘
14:28:24	16.03	0.01	36	57708	买盘
14:28:18	16.02	-0.01	150	240300	卖盘
14:28:15	16.03	--	13	20839	买盘
14:28:12	16.03	--	40	64120	买盘
14:28:09	16.03	0.01	10	16030	买盘
14:28:06	16.02	-0.01	3	4806	卖盘
14:28:03	16.03	--	31	49693	卖盘
14:28:00	16.03	--	20	32060	卖盘
14:27:57	16.03	-0.01	3	4809	卖盘
14:27:51	16.04	--	5	8020	买盘
14:27:48	16.04	0.01	6	9624	买盘
14:27:45	16.03	-0.01	105	168315	卖盘
14:27:42	16.04	--	34	54536	买盘
14:27:39	16.04	--	7	11228	买盘
14:27:36	16.04	0.01	17	27268	买盘
14:27:33	16.03	-0.01	10	16030	卖盘
14:27:30	16.04	0.01	11	17644	买盘
14:27:27	16.03	--	47	75341	卖盘
14:27:24	16.03	--	20	32060	卖盘
14:27:21	16.03	--	28	44884	卖盘
14:27:18	16.03	--	10	16030	卖盘
14:27:15	16.03	--	50	80150	卖盘
14:27:09	16.03	-0.01	64	102592	卖盘
14:27:03	16.04	0.01	45	72180	买盘
14:26:57	16.03	--	3	4809	卖盘
14:26:54	16.03	--	4	6412	卖盘
14:26:51	16.03	--	197	315791	买盘
14:26:48	16.03	0.01	128	205184	买盘
14:26:45	16.02	-0.01	3	4806	卖盘
14:26:42	16.03	--	10	16030	买盘
14:26:39	16.03	0.01	100	160300	买盘
14:26:36	16.02	-0.01	5	8010	卖盘
14:26:33	16.03	0.01	27	43281	买盘
14:26:27	16.02	-0.01	15	24030	卖盘
14:26:21	16.03	--	4	6412	买盘
14:26:18	16.03	0.01	35	56105	买盘
14:26:15	16.02	-0.01	20	32040	卖盘
14:26:12	16.03	0.01	10	16030	买盘
14:26:06	16.02	-0.01	7	11214	卖盘
14:26:03	16.03	0.01	8	12824	买盘
14:26:00	16.02	-0.01	20	32040	卖盘
14:25:57	16.03	0.01	12	19236	买盘
14:25:54	16.02	-0.01	10	16020	卖盘
14:25:51	16.03	0.01	50	80150	买盘
14:25:45	16.02	-0.01	5	8010	卖盘
14:25:42	16.03	--	9	14427	买盘
14:25:33	16.03	--	104	166712	买盘
14:25:30	16.03	-0.01	2	3206	卖盘
14:25:27	16.04	0.01	26	41704	买盘
14:25:24	16.03	--	25	40075	卖盘
14:25:21	16.03	--	79	126637	卖盘
14:25:18	16.03	--	36	57708	卖盘
14:25:15	16.03	--	15	24045	卖盘
14:25:12	16.03	--	34	54502	卖盘
14:25:09	16.03	--	2	3206	卖盘
14:25:03	16.03	0.01	252	403956	买盘
14:25:00	16.02	-0.01	2	3204	卖盘
14:24:57	16.03	0.01	8	12824	买盘
14:24:54	16.02	-0.01	30	48060	卖盘
14:24:51	16.03	0.01	1	1603	买盘
14:24:45	16.02	--	13	20826	卖盘
14:24:36	16.02	--	21	33642	买盘
14:24:33	16.02	--	10	16020	买盘
14:24:30	16.02	--	13	20826	买盘
14:24:27	16.02	0.01	13	20826	买盘
14:24:18	16.01	-0.01	29	46429	卖盘
14:24:15	16.02	--	5	8010	买盘
14:24:12	16.02	-0.01	43	68886	卖盘
14:24:06	16.03	0.01	34	54502	买盘
14:23:51	16.02	--	5	8010	卖盘
14:23:48	16.02	-0.01	3	4806	卖盘
14:23:45	16.03	0.01	31	49693	买盘
14:23:39	16.02	-0.01	10	16020	卖盘
14:23:33	16.03	0.01	82	131446	买盘
14:23:30	16.02	0.01	76	121752	买盘
14:23:27	16.01	-0.01	3	4803	卖盘
14:23:24	16.02	--	15	24030	买盘
14:23:21	16.02	--	10	16020	买盘
14:23:12	16.02	--	5	8010	买盘
14:23:06	16.02	0.02	54	86508	买盘
14:23:03	16.0	-0.02	200	320000	卖盘
14:23:00	16.02	-0.01	353	565506	卖盘
14:22:57	16.03	0.01	7	11221	买盘
14:22:54	16.02	-0.01	10	16020	卖盘
14:22:51	16.03	0.01	3	4809	买盘
14:22:48	16.02	--	23	36846	卖盘
14:22:45	16.02	-0.01	4	6408	卖盘
14:22:39	16.03	--	327	524181	买盘
14:22:36	16.03	0.01	35	56105	买盘
14:22:27	16.02	--	5	8010	卖盘
14:22:21	16.02	-0.01	10	16020	卖盘
14:22:18	16.03	0.01	7	11221	买盘
14:22:06	16.02	--	53	84906	卖盘
14:22:03	16.02	0.01	97	155394	买盘
14:21:45	16.01	--	61	97661	卖盘
14:21:42	16.01	-0.01	19	30419	卖盘
14:21:39	16.02	0.01	44	70488	买盘
14:21:36	16.01	-0.01	5	8005	卖盘
14:21:33	16.02	--	222	355644	买盘
14:21:27	16.02	--	36	57672	买盘
14:21:21	16.02	--	48	76896	买盘
14:21:06	16.02	--	100	160200	买盘
14:21:00	16.02	--	2	3204	买盘
14:20:48	16.02	0.01	139	222678	买盘
14:20:45	16.01	-0.01	3	4803	卖盘
14:20:42	16.02	0.01	32	51264	买盘
14:20:39	16.01	-0.01	10	16010	卖盘
14:20:36	16.02	0.01	10	16020	买盘
14:20:33	16.01	-0.01	11	17611	卖盘
14:20:24	16.02	--	40	64080	卖盘
14:20:21	16.02	--	5	8010	卖盘
14:20:15	16.02	0.01	119	190638	买盘
14:20:06	16.01	-0.01	4	6404	卖盘
14:20:03	16.02	--	15	24030	买盘
14:20:00	16.02	--	75	120150	卖盘
14:19:54	16.02	-0.01	23	36846	卖盘
14:19:51	16.03	0.01	19	30457	买盘
14:19:48	16.02	--	70	112140	卖盘
14:19:45	16.02	--	3	4806	卖盘
14:19:39	16.02	--	21	33642	卖盘
14:19:27	16.02	--	5	8010	卖盘
14:19:24	16.02	--	2	3204	卖盘
14:19:15	16.02	0.01	83	132966	买盘
14:19:09	16.01	-0.02	30	48030	卖盘
14:19:00	16.03	--	16	25648	买盘
14:18:57	16.03	0.01	26	41678	买盘
14:18:51	16.02	-0.01	92	147384	卖盘
14:18:48	16.03	0.01	4	6412	买盘
14:18:45	16.02	--	37	59274	卖盘
14:18:39	16.02	-0.01	105	168210	卖盘
14:18:36	16.03	--	30	48090	买盘
14:18:33	16.03	--	20	32060	买盘
14:18:30	16.03	--	11	17633	买盘
14:18:27	16.03	--	1	1603	买盘
14:18:24	16.03	--	9	14427	买盘
14:18:21	16.03	0.01	10	16030	买盘
14:18:12	16.02	-0.01	72	115344	卖盘
14:18:09	16.03	0.01	241	386323	买盘
14:18:06	16.02	--	11	17622	卖盘
14:18:03	16.02	--	127	203454	买盘
14:18:00	16.02	--	20	32040	买盘
14:17:45	16.02	--	20	32040	买盘
14:17:39	16.02	0.01	114	182628	买盘
14:17:36	16.01	--	10	16010	卖盘
14:17:30	16.01	--	10	16010	卖盘
14:17:27	16.01	-0.01	213	341013	卖盘
14:17:24	16.02	0.01	27	43254	买盘
14:17:21	16.01	-0.01	20	32020	卖盘
14:17:12	16.02	0.01	1	1602	买盘
14:17:09	16.01	-0.01	142	227342	卖盘
14:17:06	16.02	0.01	48	76896	买盘
14:17:00	16.01	--	44	70444	卖盘
14:16:57	16.01	--	278	445494	买盘
14:16:54	16.01	--	44	70444	买盘
14:16:51	16.01	0.01	34	54434	买盘
14:16:48	16.0	--	2	3200	卖盘
14:16:45	16.0	--	197	315200	卖盘
14:16:30	16.0	--	25	40000	卖盘
14:16:15	16.0	--	19	30400	买盘
14:16:12	16.0	--	27	43200	买盘
14:16:09	16.0	--	50	80000	买盘
14:16:06	16.0	0.01	87	139200	买盘
14:16:03	15.99	-0.01	85	135915	卖盘
14:16:00	16.0	--	2	3200	买盘
14:15:57	16.0	--	220	352000	买盘
14:15:54	16.0	--	6	9600	买盘
14:15:51	16.0	--	172	275200	买盘
14:15:48	16.0	--	5	8000	买盘
14:15:45	16.0	--	31	49600	买盘
14:15:42	16.0	--	1	1600	买盘
14:15:39	16.0	--	30	48000	买盘
14:15:36	16.0	0.01	10	16000	买盘
14:15:27	15.99	-0.01	13	20787	卖盘
14:15:24	16.0	--	42	67200	买盘
14:15:21	16.0	--	18	28800	买盘
14:15:12	16.0	0.01	50	80000	买盘
14:15:03	15.99	--	3	4797	卖盘
14:15:00	15.99	-0.01	30	47970	卖盘
14:14:54	16.0	--	7	11200	买盘
14:14:48	16.0	0.01	39	62400	买盘
14:14:45	15.99	-0.01	3	4797	卖盘
14:14:42	16.0	--	23	36800	买盘
14:14:36	16.0	0.01	10	16000	买盘
14:14:27	15.99	--	11	17589	卖盘
14:14:24	15.99	0.01	348	556452	买盘
14:14:21	15.98	--	28	44744	卖盘
14:14:06	15.98	--	3	4794	卖盘
14:14:00	15.98	--	10	15980	卖盘
14:13:57	15.98	--	79	126289	买盘
14:13:54	15.98	--	25	39950	买盘
14:13:51	15.98	--	15	23970	买盘
14:13:45	15.98	--	20	31960	买盘
14:13:42	15.98	--	2	3196	买盘
14:13:30	15.98	0.01	11	17578	买盘
14:13:27	15.97	-0.01	18	28746	卖盘
14:13:24	15.98	--	10	15980	买盘
14:13:21	15.98	--	14	22372	买盘
14:13:12	15.98	--	1	1598	买盘
14:13:09	15.98	--	7	11186	买盘
14:13:03	15.98	0.01	8	12784	买盘
14:13:00	15.97	--	2	3194	卖盘
14:12:48	15.97	--	10	15970	卖盘
14:12:45	15.97	--	3	4791	卖盘
14:12:39	15.97	-0.01	4	6388	卖盘
14:12:36	15.98	0.01	19	30362	买盘
14:12:30	15.97	--	13	20761	卖盘
14:12:24	15.97	-0.01	30	47910	卖盘
14:12:21	15.98	--	1	1598	买盘
14:12:12	15.98	0.01	33	52734	买盘
14:12:06	15.97	-0.01	3	4791	卖盘
14:12:00	15.98	--	18	28764	买盘
14:11:48	15.98	--	19	30362	买盘
14:11:42	15.98	0.01	85	135830	买盘
14:11:36	15.97	--	50	79850	卖盘
14:11:27	15.97	-0.01	3	4791	卖盘
14:11:24	15.98	0.01	7	11186	买盘
14:11:21	15.97	-0.01	1	1597	卖盘
14:11:09	15.98	0.01	15	23970	买盘
14:10:51	15.97	--	1	1597	卖盘
14:10:48	15.97	--	25	39925	卖盘
14:10:45	15.97	--	3	4791	卖盘
14:10:36	15.97	--	2	3194	卖盘
14:10:33	15.97	--	142	226774	卖盘
14:10:27	15.97	--	6	9582	卖盘
14:10:24	15.97	--	2	3194	卖盘
14:10:06	15.97	-0.01	3	4791	卖盘
14:10:00	15.98	--	50	79900	买盘
14:09:54	15.98	0.01	1	1598	买盘
14:09:48	15.97	--	20	31940	卖盘
14:09:45	15.97	--	100	159700	卖盘
14:09:42	15.97	--	30	47910	卖盘
14:09:33	15.97	-0.01	30	47910	卖盘
14:09:30	15.98	0.01	5	7990	买盘
14:09:27	15.97	--	9	14373	卖盘
14:09:24	15.97	--	20	31940	卖盘
14:09:21	15.97	--	98	156506	卖盘
14:09:18	15.97	--	55	87835	卖盘
14:09:06	15.97	-0.01	14	22358	卖盘
14:09:03	15.98	--	12	19176	买盘
14:08:54	15.98	0.01	5	7990	买盘
14:08:45	15.97	--	7	11179	卖盘
14:08:42	15.97	--	97	154909	卖盘
14:08:39	15.97	--	20	31940	卖盘
14:08:30	15.97	--	20	31940	卖盘
14:08:24	15.97	-0.01	10	15970	卖盘
14:08:18	15.98	--	20	31960	买盘
14:08:06	15.98	--	7	11186	买盘
14:08:03	15.98	--	39	63872	卖盘
14:07:57	15.98	--	20	31960	卖盘
14:07:54	15.98	--	10	15980	卖盘
14:07:48	15.98	--	9	14429	买盘
14:07:45	15.98	--	110	177330	卖盘
14:07:39	15.98	--	25	39950	卖盘
14:07:33	15.98	--	4	6392	卖盘
14:07:30	15.98	--	100	159800	卖盘
14:07:27	15.98	-0.01	3	4794	卖盘
14:07:21	15.99	0.01	32	51168	买盘
14:07:18	15.98	-0.01	13	20774	卖盘
14:07:09	15.99	0.01	21	33579	买盘
14:07:03	15.98	--	2	3196	卖盘
14:06:57	15.98	--	10	15980	卖盘
14:06:45	15.98	--	4	6392	卖盘
14:06:30	15.98	--	2	3196	卖盘
14:06:21	15.98	--	1	1598	卖盘
14:06:15	15.98	--	6	9588	卖盘
14:06:12	15.98	--	26	41595	买盘
14:06:06	15.98	--	23	36754	买盘
14:06:03	15.98	--	17	27166	买盘
14:05:54	15.98	--	8	12784	买盘
14:05:48	15.98	--	7	12736	卖盘
14:05:36	15.98	0.01	92	147063	买盘
14:05:27	15.97	-0.01	3	4791	卖盘
14:05:24	15.98	--	10	15980	买盘
14:05:18	15.98	--	7	11186	买盘
14:05:12	15.98	--	48	78254	卖盘
14:04:57	15.98	--	10	15980	卖盘
14:04:54	15.98	--	7	11186	卖盘
14:04:51	15.98	-0.01	20	31960	卖盘
14:04:48	15.99	0.01	38	60762	买盘
14:04:45	15.98	--	3	4794	卖盘
14:04:42	15.98	--	15	23970	卖盘
14:04:30	15.98	--	10	15980	卖盘
14:04:06	15.98	--	3	4794	卖盘
14:03:51	15.98	--	30	47940	卖盘
14:03:39	15.98	-0.01	288	460224	卖盘
14:03:36	15.99	--	9	14391	买盘
14:03:30	15.99	0.01	2	3198	买盘
14:03:27	15.98	--	33	52734	卖盘
14:03:00	15.98	-0.01	30	47940	卖盘
14:02:57	15.99	0.01	17	27183	买盘
14:02:45	15.98	-0.01	3	4794	卖盘
14:02:33	15.99	--	2	3198	买盘
14:02:30	15.99	--	3	4797	买盘
14:02:15	15.99	0.01	10	15990	买盘
14:02:06	15.98	-0.01	3	4794	卖盘
14:01:57	15.99	0.01	5	7995	中性盘
14:01:45	15.98	-0.01	90	143820	卖盘
14:01:39	15.99	--	21	33579	卖盘
14:01:33	15.99	--	7	11193	卖盘
14:01:27	15.99	--	10	15990	卖盘
14:01:24	15.99	0.01	84	134316	买盘
14:01:21	15.98	-0.01	1	1598	卖盘
14:01:18	15.99	--	16	25584	买盘
14:01:15	15.99	--	2	3198	买盘
14:01:00	15.99	--	30	47970	买盘
14:00:57	15.99	0.01	2	3198	买盘
14:00:51	15.98	--	42	67116	卖盘
14:00:45	15.98	-0.01	3	4794	卖盘
14:00:42	15.99	--	5	7995	买盘
14:00:39	15.99	--	5	7995	买盘
14:00:36	15.99	--	3	4797	卖盘
14:00:33	15.99	--	10	15990	卖盘
14:00:27	15.99	--	18	28782	卖盘
14:00:24	15.99	--	5	7995	卖盘
14:00:12	15.99	--	5	7995	买盘
14:00:06	15.99	--	6	9594	买盘
14:00:03	15.99	0.01	89	142311	买盘
13:59:48	15.98	--	10	15980	卖盘
13:59:42	15.98	-0.01	10	15980	卖盘
13:59:39	15.99	--	4	6396	买盘
13:59:36	15.99	0.01	4	6396	买盘
13:59:27	15.98	-0.01	3	4794	卖盘
13:59:24	15.99	--	2	3198	买盘
13:59:18	15.99	0.01	2	3198	买盘
13:59:12	15.98	-0.01	215	343570	卖盘
13:59:09	15.99	--	5	7995	买盘
13:59:03	15.99	--	4	6396	买盘
13:58:57	15.99	0.01	12	19188	买盘
13:58:45	15.98	-0.01	3	4794	卖盘
13:58:42	15.99	--	4	6396	买盘
13:58:27	15.99	--	5	7995	卖盘
13:58:09	15.99	0.01	19	30381	买盘
13:58:06	15.98	--	13	20774	卖盘
13:58:00	15.98	-0.01	30	47940	卖盘
13:57:57	15.99	--	20	31980	买盘
13:57:45	15.99	0.01	10	15990	买盘
13:57:39	15.98	-0.01	9	14382	卖盘
13:57:36	15.99	--	1	1599	买盘
13:57:33	15.99	--	4	6396	买盘
13:57:30	15.99	0.01	7	11193	买盘
13:57:27	15.98	-0.01	3	4794	卖盘
13:57:21	15.99	--	5	7995	买盘
13:57:15	15.99	--	51	81549	卖盘
13:56:57	15.99	--	5	7995	卖盘
13:56:45	15.99	-0.01	3	4797	卖盘
13:56:42	16.0	--	5	8000	买盘
13:56:30	16.0	--	3	4800	买盘
13:56:24	16.0	0.01	5	8000	买盘
13:56:15	15.99	--	2	3198	卖盘
13:56:06	15.99	--	298	476502	买盘
13:56:00	15.99	--	10	15990	买盘
13:55:51	15.99	--	1	1599	买盘
13:55:42	15.99	0.01	60	95940	买盘
13:55:27	15.98	--	3	4794	卖盘
13:55:15	15.98	-0.01	2	3196	卖盘
13:55:00	15.99	0.01	9	14391	买盘
13:54:57	15.98	--	1	1598	卖盘
13:54:45	15.98	--	3	4794	卖盘
13:54:06	15.98	--	3	4794	卖盘
13:53:51	15.98	-0.01	10	15980	卖盘
13:53:48	15.99	--	20	31980	买盘
13:53:36	15.99	--	39	62361	买盘
13:53:30	15.99	0.01	5	7995	买盘
13:53:27	15.98	--	3	4794	卖盘
13:53:24	15.98	-0.01	8	12784	卖盘
13:53:21	15.99	0.01	10	15990	买盘
13:53:15	15.98	--	125	199750	卖盘
13:53:12	15.98	-0.01	20	31960	卖盘
13:53:09	15.99	--	15	23985	买盘
13:52:48	15.99	0.01	1	1599	买盘
13:52:45	15.98	-0.01	5	7990	卖盘
13:52:42	15.99	--	20	31980	买盘
13:52:33	15.99	--	45	71955	买盘
13:52:24	15.99	0.01	8	12792	买盘
13:52:15	15.98	-0.01	120	191760	卖盘
13:52:09	15.99	0.01	20	31980	买盘
13:52:06	15.98	-0.01	3	4794	卖盘
13:52:00	15.99	--	5	7995	买盘
13:51:54	15.99	0.01	54	86346	买盘
13:51:51	15.98	-0.01	1	1598	卖盘
13:51:48	15.99	--	10	15990	买盘
13:51:45	15.99	0.01	20	31980	买盘
13:51:42	15.98	--	19	30362	卖盘
13:51:36	15.98	--	100	159800	卖盘
13:51:30	15.98	--	5	7990	卖盘
13:51:27	15.98	-0.01	3	4794	卖盘
13:51:21	15.99	0.01	10	15990	买盘
13:51:18	15.98	-0.01	188	300424	卖盘
13:51:09	15.99	0.01	5	7995	买盘
13:51:00	15.98	--	6	9588	卖盘
13:50:45	15.98	-0.01	3	4794	卖盘
13:50:42	15.99	--	32	51168	卖盘
13:50:39	15.99	--	80	127920	卖盘
13:50:30	15.99	--	3	4797	卖盘
13:50:27	15.99	--	10	15990	卖盘
13:50:21	15.99	--	100	159900	卖盘
13:50:18	15.99	--	10	15990	卖盘
13:50:15	15.99	--	6	9594	卖盘
13:50:09	15.99	-0.01	118	188682	卖盘
13:50:06	16.0	0.01	9	14400	买盘
13:50:03	15.99	--	21	33579	卖盘
13:49:57	15.99	--	23	36777	卖盘
13:49:54	15.99	-0.01	6	9594	卖盘
13:49:48	16.0	0.01	10	16000	买盘
13:49:42	15.99	--	30	47970	卖盘
13:49:27	15.99	--	23	36777	卖盘
13:49:21	15.99	--	14	22386	卖盘
13:49:18	15.99	--	165	263835	卖盘
13:49:12	15.99	-0.01	2	3198	卖盘
13:48:54	16.0	-0.01	28	44800	卖盘
13:48:48	16.01	0.01	14	22414	买盘
13:48:45	16.0	--	17	27200	卖盘
13:48:42	16.0	--	10	16000	卖盘
13:48:39	16.0	-0.01	8	12800	买盘
13:48:36	16.01	0.01	12	19212	买盘
13:48:30	16.0	--	26	41600	买盘
13:48:21	16.0	--	17	27200	买盘
13:48:15	16.0	--	18	28800	卖盘
13:48:12	16.0	--	1	1600	买盘
13:48:09	16.0	--	1	1600	买盘
13:48:06	16.0	--	1	1600	卖盘
13:48:03	16.0	--	29	46400	买盘
13:48:00	16.0	-0.01	28	44800	卖盘
13:47:45	16.01	0.01	3	4803	买盘
13:47:39	16.0	-0.01	36	57600	卖盘
13:47:36	16.01	--	85	136085	买盘
13:47:33	16.01	--	22	35222	买盘
13:47:30	16.01	0.01	189	302589	买盘
13:47:27	16.0	--	8	12800	卖盘
13:47:21	16.0	--	10	16000	卖盘
13:47:12	16.0	--	83	133088	买盘
13:47:09	16.0	--	51	81600	买盘
13:47:06	16.0	--	10	16000	买盘
13:47:00	16.0	--	48	76800	买盘
13:46:54	16.0	--	170	272000	买盘
13:46:51	16.0	--	9	14400	买盘
13:46:45	16.0	0.01	9	14400	买盘
13:46:27	15.99	--	158	252642	买盘
13:46:24	15.99	--	5	7995	买盘
13:46:12	15.99	--	20	31980	买盘
13:46:06	15.99	--	13	20787	买盘
13:46:03	15.99	--	100	159900	买盘
13:45:57	15.99	--	10	15990	买盘
13:45:42	15.99	--	1	1599	买盘
13:45:39	15.99	--	1	1599	买盘
13:45:36	15.99	--	46	73554	卖盘
13:45:33	15.99	--	1	1599	卖盘
13:45:30	15.99	--	3	4797	卖盘
13:45:27	15.99	--	113	180687	买盘
13:45:18	15.99	--	14	22386	买盘
13:45:15	15.99	--	15	23985	买盘
13:45:09	15.99	0.01	100	159900	买盘
13:44:57	15.98	-0.01	7	11186	卖盘
13:44:54	15.99	--	12	19188	卖盘
13:44:48	15.99	--	6	9594	卖盘
13:44:45	15.99	--	7	11193	买盘
13:44:42	15.99	--	30	47970	买盘
13:44:24	15.99	--	4	6396	买盘
13:44:15	15.99	0.01	2	3198	买盘
13:44:06	15.98	-0.01	125	199750	卖盘
13:44:03	15.99	--	4	6396	买盘
13:43:54	15.99	0.01	7	11193	买盘
13:43:51	15.98	-0.01	20	31960	卖盘
13:43:48	15.99	--	8	12792	买盘
13:43:45	15.99	--	6	9594	买盘
13:43:42	15.99	--	5	7995	买盘
13:43:39	15.99	--	6	9594	买盘
13:43:27	15.99	0.01	23	36777	买盘
13:43:24	15.98	-0.01	0	47	卖盘
13:43:21	15.99	--	5	7995	买盘
13:43:12	15.99	--	27	43173	买盘
13:43:03	15.99	0.01	2	3198	买盘
13:42:54	15.98	-0.01	6	9588	卖盘
13:42:51	15.99	0.01	5	7995	买盘
13:42:45	15.98	-0.01	20	31960	卖盘
13:42:36	15.99	--	6	9594	买盘
13:42:30	15.99	--	5	7995	买盘
13:42:18	15.99	--	10	15990	买盘
13:42:15	15.99	--	310	496489	卖盘
13:42:12	15.99	--	1	1599	卖盘
13:42:06	15.99	--	3	4797	卖盘
13:42:03	15.99	--	30	47970	卖盘
13:41:57	15.99	-0.01	50	79950	卖盘
13:41:54	16.0	--	1	1600	买盘
13:41:48	16.0	0.01	10	16000	买盘
13:41:36	15.99	--	10	15990	卖盘
13:41:27	15.99	--	3	4797	卖盘
13:41:24	15.99	-0.01	10	15990	卖盘
13:41:12	16.0	--	13	20800	买盘
13:41:03	16.0	--	3	4800	买盘
13:41:00	16.0	-0.01	348	558112	卖盘
13:40:57	16.01	--	2	3202	买盘
13:40:45	16.01	--	24	38424	买盘
13:40:42	16.01	0.01	7	11207	买盘
13:40:39	16.0	-0.01	15	24000	卖盘
13:40:36	16.01	0.01	3	4803	买盘
13:40:30	16.0	--	18	28800	卖盘
13:40:27	16.0	--	20	32000	卖盘
13:40:24	16.0	--	21	33600	卖盘
13:40:18	16.0	-0.01	13	20800	卖盘
13:40:12	16.01	0.01	28	44828	买盘
13:40:06	16.0	--	13	20800	卖盘
13:40:03	16.0	--	30	48000	卖盘
13:40:00	16.0	-0.01	41	65600	卖盘
13:39:57	16.01	--	27	43227	买盘
13:39:48	16.01	--	10	16010	买盘
13:39:39	16.01	--	18	28818	买盘
13:39:36	16.01	0.01	11	17611	买盘
13:39:33	16.0	--	10	16000	卖盘
13:39:27	16.0	--	3	4800	卖盘
13:39:21	16.0	--	1	1600	卖盘
13:39:18	16.0	-0.01	11	17600	卖盘
13:39:12	16.01	--	1	1601	买盘
13:39:09	16.01	--	14	22414	买盘
13:38:57	16.01	--	3	5987	卖盘
13:38:51	16.01	--	27	43227	卖盘
13:38:48	16.01	--	8	12808	卖盘
13:38:45	16.01	--	3	4803	卖盘
13:38:39	16.01	--	3	4803	卖盘
13:38:27	16.01	--	10	16010	卖盘
13:38:24	16.01	--	20	32020	卖盘
13:38:21	16.01	--	42	67658	卖盘
13:38:18	16.01	--	10	16010	卖盘
13:38:15	16.01	--	33	52833	卖盘
13:38:06	16.01	-0.01	4	6404	卖盘
13:37:51	16.02	0.01	10	16020	买盘
13:37:48	16.01	-0.01	2	3202	卖盘
13:37:45	16.02	--	3	4806	买盘
13:37:42	16.02	--	4	6408	买盘
13:37:33	16.02	--	22	35244	卖盘
13:37:27	16.02	--	3	4806	卖盘
13:37:24	16.02	--	3	4806	卖盘
13:37:21	16.02	--	10	16020	卖盘
13:37:18	16.02	--	5	8010	卖盘
13:37:15	16.02	--	18	28836	卖盘
13:37:09	16.02	--	40	64080	卖盘
13:37:06	16.02	--	25	40050	卖盘
13:37:00	16.02	-0.01	10	16020	卖盘
13:36:54	16.03	0.01	18	28854	买盘
13:36:51	16.02	--	10	16020	卖盘
13:36:48	16.02	--	13	20826	卖盘
13:36:45	16.02	-0.01	3	4806	卖盘
13:36:42	16.03	--	6	9618	买盘
13:36:39	16.03	--	2	3206	买盘
13:36:36	16.03	--	28	44884	买盘
13:36:33	16.03	--	30	48090	买盘
13:36:12	16.03	0.02	30	48090	买盘
13:36:06	16.01	-0.02	3	4803	卖盘
13:36:00	16.03	0.01	3	4809	买盘
13:35:54	16.02	--	122	195444	卖盘
13:35:51	16.02	-0.01	10	16020	卖盘
13:35:42	16.03	--	33	52899	买盘
13:35:36	16.03	0.01	25	40075	买盘
13:35:27	16.02	-0.01	25	40050	卖盘
13:35:24	16.03	0.01	10	16030	买盘
13:35:21	16.02	--	14	22428	卖盘
13:35:12	16.02	-0.01	1	1602	卖盘
13:35:03	16.03	--	20	32060	买盘
13:35:00	16.03	--	18	28854	买盘
13:34:57	16.03	--	2	3206	买盘
13:34:51	16.03	--	82	131446	卖盘
13:34:48	16.03	--	2	3206	卖盘
13:34:45	16.03	-0.01	3	4809	卖盘
13:34:42	16.04	--	8	12832	买盘
13:34:39	16.04	--	63	101052	买盘
13:34:33	16.04	0.01	20	32080	买盘
13:34:30	16.03	-0.01	18	28854	买盘
13:34:21	16.04	--	82	131528	买盘
13:34:18	16.04	0.01	40	64160	买盘
13:34:15	16.03	-0.01	24	38472	卖盘
13:34:12	16.04	--	37	59348	买盘
13:34:09	16.04	0.01	39	62556	买盘
13:34:06	16.03	-0.01	17	27251	卖盘
13:34:03	16.04	0.01	28	44912	买盘
13:34:00	16.03	-0.01	12	19236	卖盘
13:33:57	16.04	0.01	11	17644	买盘
13:33:51	16.03	-0.01	100	160300	卖盘
13:33:48	16.04	--	5	8020	买盘
13:33:45	16.04	0.01	63	101052	买盘
13:33:39	16.03	--	45	72135	买盘
13:33:36	16.03	--	63	100989	买盘
13:33:33	16.03	--	66	105798	买盘
13:33:30	16.03	-0.01	27	43281	卖盘
13:33:27	16.04	0.01	46	73784	买盘
13:33:24	16.03	-0.01	20	32060	卖盘
13:33:18	16.04	0.01	130	208520	买盘
13:33:15	16.03	--	23	36869	买盘
13:33:09	16.03	-0.01	6	9618	中性盘
13:33:03	16.04	0.01	95	152380	买盘
13:33:00	16.03	--	2	3206	卖盘
13:32:57	16.03	--	6	9618	卖盘
13:32:54	16.03	0.01	204	327012	买盘
13:32:51	16.02	-0.01	17	27234	卖盘
13:32:48	16.03	0.01	83	133049	买盘
13:32:45	16.02	-0.01	6	9612	卖盘
13:32:39	16.03	--	5	8015	买盘
13:32:33	16.03	0.01	5	8015	买盘
13:32:30	16.02	--	38	60876	卖盘
13:32:27	16.02	--	7	11214	卖盘
13:32:18	16.02	-0.01	5	8010	卖盘
13:32:15	16.03	0.01	3	4809	买盘
13:32:12	16.02	--	50	80100	买盘
13:32:06	16.02	0.01	7	11214	买盘
13:32:03	16.01	-0.01	3	4803	卖盘
13:32:00	16.02	0.01	19	30438	买盘
13:31:57	16.01	--	10	16010	买盘
13:31:54	16.01	-0.01	23	36823	中性盘
13:31:51	16.02	0.02	60	96120	买盘
13:31:48	16.0	-0.02	28	44800	卖盘
13:31:45	16.02	--	60	96120	买盘
13:31:36	16.02	0.02	92	147384	买盘
13:31:33	16.0	-0.01	65	104000	卖盘
13:31:30	16.01	0.01	80	128080	买盘
13:31:27	16.0	-0.01	3	4800	卖盘
13:31:24	16.01	--	60	96060	买盘
13:31:21	16.01	--	67	107267	买盘
13:31:18	16.01	--	60	96060	买盘
13:31:12	16.01	0.01	194	310594	买盘
13:31:06	16.0	-0.01	61	97600	卖盘
13:31:03	16.01	0.01	120	192120	买盘
13:31:00	16.0	-0.01	50	80000	卖盘
13:30:57	16.01	0.01	202	323690	买盘
13:30:54	16.0	--	3	4800	买盘
13:30:51	16.0	0.01	120	192000	买盘
13:30:45	15.99	-0.01	3	4797	卖盘
13:30:42	16.0	--	21	33600	买盘
13:30:39	16.0	--	3	4800	买盘
13:30:36	16.0	--	2	3200	买盘
13:30:27	16.0	--	30	48000	买盘
13:30:06	16.0	--	70	112000	买盘
13:30:03	16.0	0.01	79	126400	买盘
13:29:51	15.99	-0.01	2	3198	卖盘
13:29:42	16.0	0.01	2	3200	买盘
13:29:39	15.99	-0.01	5	7995	卖盘
13:29:33	16.0	--	300	480000	买盘
13:29:27	16.0	0.01	5	8000	买盘
13:29:15	15.99	-0.01	3	4797	卖盘
13:29:09	16.0	--	1	1600	买盘
13:29:00	16.0	0.01	2	3200	买盘
13:28:54	15.99	--	9	14391	卖盘
13:28:45	15.99	-0.01	3	4797	卖盘
13:28:36	16.0	0.01	10	16000	买盘
13:28:33	15.99	--	12	19188	卖盘
13:28:24	15.99	--	25	39975	卖盘
13:28:18	15.99	--	96	154303	买盘
13:28:12	15.99	0.01	101	161499	买盘
13:28:06	15.98	-0.01	3	4794	卖盘
13:28:03	15.99	--	2	3198	买盘
13:28:00	15.99	--	16	26383	卖盘
13:27:57	15.99	--	50	79950	卖盘
13:27:51	15.99	--	20	31980	卖盘
13:27:45	15.99	--	1	1599	卖盘
13:27:42	15.99	--	29	47170	买盘
13:27:33	15.99	0.01	2	3198	买盘
13:27:27	15.98	-0.01	3	4794	卖盘
13:27:21	15.99	--	6	10393	卖盘
13:27:06	15.99	--	6	9594	卖盘
13:26:54	15.99	0.01	11	18388	买盘
13:26:45	15.98	--	4	6392	卖盘
13:26:42	15.98	-0.01	6	9588	卖盘
13:26:33	15.99	--	6	9594	买盘
13:26:30	15.99	--	2	3198	买盘
13:26:27	15.99	--	50	79950	买盘
13:26:21	15.99	--	2	3198	买盘
13:26:15	15.99	0.01	10	15990	买盘
13:26:12	15.98	--	4	6392	卖盘
13:26:09	15.98	-0.01	2	3196	卖盘
13:26:06	15.99	0.01	12	19188	买盘
13:26:03	15.98	-0.01	20	31960	卖盘
13:26:00	15.99	0.01	16	25584	买盘
13:25:57	15.98	-0.01	10	15980	卖盘
13:25:51	15.99	--	5	7995	买盘
13:25:48	15.99	--	7	11193	买盘
13:25:45	15.99	--	12	19188	买盘
13:25:30	15.99	0.01	8	12792	买盘
13:25:27	15.98	-0.01	15	23970	卖盘
13:25:21	15.99	--	8	12792	买盘
13:25:18	15.99	0.01	53	84747	买盘
13:24:57	15.98	-0.01	10	15980	卖盘
13:24:54	15.99	--	2	3198	买盘
13:24:51	15.99	0.01	1	1599	买盘
13:24:45	15.98	--	3	4794	卖盘
13:24:30	15.98	-0.01	18	28764	卖盘
13:24:12	15.99	0.01	10	15990	买盘
13:24:06	15.98	-0.01	125	199750	卖盘
13:24:03	15.99	0.01	27	43173	买盘
13:24:00	15.98	--	3	4794	卖盘
13:23:54	15.98	--	150	239700	卖盘
13:23:45	15.98	--	21	33558	卖盘
13:23:42	15.98	-0.01	26	41548	卖盘
13:23:36	15.99	0.01	20	31980	买盘
13:23:33	15.98	--	16	25568	卖盘
13:23:30	15.98	--	30	47940	卖盘
13:23:27	15.98	--	3	4794	卖盘
13:23:18	15.98	--	2	3196	卖盘
13:23:06	15.98	--	33	52734	卖盘
13:23:00	15.98	--	20	31960	买盘
13:22:54	15.98	0.01	15	23970	买盘
13:22:45	15.97	-0.01	3	4791	卖盘
13:22:42	15.98	0.01	8	12784	买盘
13:22:39	15.97	-0.01	56	89432	卖盘
13:22:36	15.98	--	12	19176	买盘
13:22:33	15.98	--	124	198152	卖盘
13:22:27	15.98	--	9	14382	卖盘
13:22:24	15.98	-0.01	10	15980	卖盘
13:22:15	15.99	0.01	6	9594	买盘
13:22:06	15.98	-0.01	23	36754	卖盘
13:22:03	15.99	--	54	86346	买盘
13:21:51	15.99	--	95	151905	买盘
13:21:48	15.99	--	5	7995	买盘
13:21:45	15.99	--	10	15990	买盘
13:21:42	15.99	--	20	31980	买盘
13:21:39	15.99	--	1	1599	买盘
13:21:33	15.99	0.01	12	19188	买盘
13:21:27	15.98	--	3	4794	卖盘
13:21:18	15.98	--	5	7990	卖盘
13:21:06	15.98	-0.01	2	3196	卖盘
13:21:00	15.99	--	5	7995	买盘
13:20:57	15.99	--	47	75153	买盘
13:20:51	15.99	--	10	15990	买盘
13:20:48	15.99	0.01	10	15990	买盘
13:20:45	15.98	--	16	25568	卖盘
13:20:42	15.98	-0.01	10	15980	卖盘
13:20:36	15.99	0.01	5	7995	买盘
13:20:24	15.98	--	32	51136	卖盘
13:20:21	15.98	--	10	15980	卖盘
13:20:06	15.98	--	3	4794	卖盘
13:19:54	15.98	-0.01	30	47940	卖盘
13:19:42	15.99	0.01	109	174291	买盘
13:19:39	15.98	-0.01	10	15980	卖盘
13:19:33	15.99	--	40	63960	买盘
13:19:30	15.99	-0.01	79	127120	卖盘
13:19:27	16.0	--	9	14400	买盘
13:19:21	16.0	--	30	48000	买盘
13:19:15	16.0	0.01	5	8000	买盘
13:19:09	15.99	-0.01	73	116727	卖盘
13:19:03	16.0	--	21	33600	买盘
13:19:00	16.0	0.01	22	35200	买盘
13:18:57	15.99	--	37	59163	卖盘
13:18:45	15.99	-0.01	22	35178	卖盘
13:18:39	16.0	--	27	43200	买盘
13:18:30	16.0	--	42	67200	买盘
13:18:27	16.0	0.01	33	52800	买盘
13:18:24	15.99	-0.01	30	47970	卖盘
13:18:15	16.0	0.01	1	1600	买盘
13:18:06	15.99	--	3	4797	卖盘
13:17:48	15.99	--	1	1599	卖盘
13:17:45	15.99	-0.01	5	7995	卖盘
13:17:42	16.0	0.01	3	4800	买盘
13:17:27	15.99	-0.01	3	4797	卖盘
13:17:18	16.0	--	17	27200	买盘
13:17:15	16.0	--	16	25600	买盘
13:17:12	16.0	0.01	2	3200	买盘
13:17:00	15.99	-0.01	10	15990	卖盘
13:16:57	16.0	0.01	112	179200	买盘
13:16:45	15.99	0.01	35	56764	买盘
13:16:42	15.98	--	53	84694	卖盘
13:16:27	15.98	-0.01	7	11186	卖盘
13:16:18	15.99	--	6	9594	买盘
13:16:15	15.99	--	4	6396	买盘
13:16:12	15.99	--	13	21586	卖盘
13:16:06	15.99	--	39	62361	卖盘
13:16:00	15.99	--	3	4797	卖盘
13:15:51	15.99	-0.01	7	11193	卖盘
13:15:48	16.0	0.01	5	8000	买盘
13:15:39	15.99	--	27	43173	卖盘
13:15:36	15.99	--	2	3997	卖盘
13:15:33	15.99	-0.01	1	1599	卖盘
13:15:30	16.0	0.01	15	24000	买盘
13:15:27	15.99	--	11	17589	中性盘
13:15:15	15.99	--	26	41574	卖盘
13:15:03	15.99	-0.01	92	147108	卖盘
13:14:57	16.0	0.01	2	3200	买盘
13:14:45	15.99	--	15	23985	卖盘
13:14:21	15.99	0.01	14	22386	中性盘
13:14:06	15.98	-0.02	13	20774	卖盘
13:14:03	16.0	--	10	16000	买盘
13:13:45	16.0	0.02	20	32000	买盘
13:13:33	15.98	--	5	7990	卖盘
13:13:27	15.98	--	3	4794	卖盘
13:13:21	15.98	--	24	38352	卖盘
13:13:18	15.98	--	10	15980	卖盘
13:13:00	15.98	0.01	5	7990	中性盘
13:12:45	15.97	-0.01	63	100611	卖盘
13:12:42	15.98	-0.01	24	38352	卖盘
13:12:36	15.99	--	10	15990	中性盘
13:12:21	15.99	--	1	1599	买盘
13:12:15	15.99	-0.01	102	163098	卖盘
13:12:12	16.0	0.01	50	80000	买盘
13:12:06	15.99	-0.01	3	4797	卖盘
13:12:03	16.0	--	20	32000	买盘
13:12:00	16.0	--	10	16000	买盘
13:11:54	16.0	--	5	8000	买盘
13:11:51	16.0	0.01	5	8000	买盘
13:11:48	15.99	-0.01	21	33579	卖盘
13:11:45	16.0	--	7	11200	买盘
13:11:39	16.0	--	1	1600	买盘
13:11:36	16.0	0.01	50	80000	买盘
13:11:33	15.99	-0.01	6	9594	卖盘
13:11:30	16.0	--	20	32000	买盘
13:11:27	16.0	--	12	19200	买盘
13:11:03	16.0	0.01	500	800000	买盘
13:10:54	15.99	--	58	92742	买盘
13:10:51	15.99	0.01	5	7995	买盘
13:10:48	15.98	--	10	15980	卖盘
13:10:45	15.98	-0.01	3	4794	卖盘
13:10:39	15.99	--	2	3198	买盘
13:10:36	15.99	--	9	14391	买盘
13:10:27	15.99	0.01	12	19188	买盘
13:10:18	15.98	-0.01	11	17578	卖盘
13:10:06	15.99	--	49	78351	买盘
13:10:00	15.99	0.01	19	30381	买盘
13:09:39	15.98	--	1	1598	卖盘
13:09:27	15.98	-0.01	3	4794	卖盘
13:09:21	15.99	0.01	3	4797	买盘
13:09:18	15.98	-0.01	20	31960	卖盘
13:09:09	15.99	0.01	30	47970	买盘
13:08:51	15.98	-0.01	10	15980	卖盘
13:08:48	15.99	0.01	7	11193	买盘
13:08:45	15.98	--	3	4794	卖盘
13:08:42	15.98	--	40	63920	买盘
13:08:33	15.98	--	1	1598	买盘
13:08:30	15.98	-0.01	62	99076	卖盘
13:08:15	15.99	0.01	44	70356	买盘
13:08:06	15.98	--	3	4794	卖盘
13:07:57	15.98	-0.01	50	79900	卖盘
13:07:54	15.99	--	36	57564	买盘
13:07:48	15.99	--	30	47970	买盘
13:07:36	15.99	0.01	39	62361	买盘
13:07:30	15.98	--	27	43146	卖盘
13:07:27	15.98	--	3	4794	卖盘
13:07:24	15.98	--	18	28764	卖盘
13:07:21	15.98	--	4	6392	卖盘
13:07:03	15.98	--	3	4794	卖盘
13:06:54	15.98	-0.01	1	1598	卖盘
13:06:51	15.99	--	11	17589	买盘
13:06:48	15.99	0.01	5	7995	买盘
13:06:45	15.98	-0.01	3	4794	卖盘
13:06:42	15.99	--	2	3198	买盘
13:06:30	15.99	0.01	65	103935	买盘
13:06:27	15.98	-0.01	7	11186	卖盘
13:06:24	15.99	--	2	3198	买盘
13:06:18	15.99	0.01	27	43173	买盘
13:06:06	15.98	-0.01	3	4794	卖盘
13:06:03	15.99	0.01	5	7995	买盘
13:05:48	15.98	-0.01	5	7990	卖盘
13:05:33	15.99	0.01	50	79950	买盘
13:05:27	15.98	-0.01	3	4794	卖盘
13:05:21	15.99	--	2	3198	买盘
13:05:09	15.99	0.01	53	84747	买盘
13:05:06	15.98	--	11	17578	卖盘
13:05:00	15.98	-0.01	10	15980	卖盘
13:04:57	15.99	--	15	23985	买盘
13:04:48	15.99	0.01	2	3198	买盘
13:04:45	15.98	-0.01	3	4794	卖盘
13:04:42	15.99	--	4	6396	买盘
13:04:36	15.99	--	10	15990	买盘
13:04:33	15.99	--	8	12792	买盘
13:04:30	15.99	--	72	115128	买盘
13:04:18	15.99	0.01	4	6396	买盘
13:04:06	15.98	--	3	4794	卖盘
13:04:03	15.98	0.01	25	39950	买盘
13:04:00	15.97	--	2	3194	卖盘
13:03:48	15.97	-0.01	61	97417	卖盘
13:03:45	15.98	0.01	2	3196	买盘
13:03:39	15.97	-0.01	21	33537	卖盘
13:03:33	15.98	--	37	59126	卖盘
13:03:27	15.98	-0.01	3	4794	卖盘
13:03:24	15.99	-0.01	7	11193	卖盘
13:03:18	16.0	0.01	38	60800	买盘
13:03:15	15.99	--	2	3198	卖盘
13:03:09	15.99	-0.01	8	12792	卖盘
13:03:06	16.0	--	50	80000	买盘
13:03:03	16.0	--	50	80000	买盘
13:03:00	16.0	--	34	54400	卖盘
13:02:57	16.0	--	18	28800	卖盘
13:02:54	16.0	--	14	22400	卖盘
13:02:51	16.0	0.01	134	214400	买盘
13:02:45	15.99	-0.01	3	4797	卖盘
13:02:36	16.0	--	130	208000	买盘
13:02:24	16.0	0.01	200	320000	买盘
13:02:15	15.99	0.02	11	17589	买盘
13:02:06	15.97	-0.02	3	4791	卖盘
13:02:03	15.99	0.01	4	6396	买盘
13:02:00	15.98	--	10	15980	卖盘
13:01:57	15.98	--	10	15980	卖盘
13:01:45	15.98	--	5	7990	卖盘
13:01:42	15.98	--	13	20774	卖盘
13:01:36	15.98	-0.01	63	100674	卖盘
13:01:33	15.99	0.01	12	19188	买盘
13:01:27	15.98	-0.01	3	4794	卖盘
13:01:15	15.99	0.01	34	54366	买盘
13:01:12	15.98	--	30	47940	卖盘
13:01:09	15.98	--	24	38352	卖盘
13:00:51	15.98	--	20	31960	卖盘
13:00:45	15.98	--	3	4794	卖盘
13:00:39	15.98	0.01	105	167790	买盘
13:00:06	15.97	--	3	4791	卖盘
13:00:03	15.97	0.02	567	905499	买盘
13:00:00	15.95	--	0	0	卖盘
11:30:00	15.95	--	0	0	卖盘
11:29:45	15.95	0.01	70	111650	买盘
11:29:39	15.94	-0.01	1	1594	卖盘
11:29:36	15.95	--	23	36685	买盘
11:29:30	15.95	0.01	1	1595	买盘
11:29:27	15.94	--	6	9564	卖盘
11:29:06	15.94	-0.01	28	44632	卖盘
11:28:51	15.95	--	6	9570	买盘
11:28:48	15.95	0.01	5	7975	买盘
11:28:39	15.94	--	10	15940	卖盘
11:28:33	15.94	-0.01	10	15940	卖盘
11:28:30	15.95	0.01	23	36685	买盘
11:28:27	15.94	-0.01	3	4782	卖盘
11:28:21	15.95	--	10	15950	买盘
11:28:18	15.95	--	30	47850	买盘
11:28:12	15.95	--	1	1595	买盘
11:28:09	15.95	0.01	14	22330	中性盘
11:27:51	15.94	--	10	15940	卖盘
11:27:45	15.94	-0.02	3	4782	卖盘
11:27:42	15.96	0.01	30	47880	买盘
11:27:21	15.95	--	5	7975	买盘
11:27:15	15.95	0.01	25	39875	买盘
11:27:06	15.94	-0.01	3	4782	卖盘
11:27:03	15.95	0.01	23	36685	买盘
11:26:54	15.94	-0.02	13	20722	卖盘
11:26:45	15.96	0.02	40	63840	买盘
11:26:27	15.94	-0.02	3	4782	卖盘
11:26:03	15.96	0.01	30	47880	买盘
11:26:00	15.95	--	17	27115	卖盘
11:25:48	15.95	--	10	15950	卖盘
11:25:45	15.95	--	4	6380	卖盘
11:25:36	15.95	--	5	7975	买盘
11:25:33	15.95	--	15	23925	买盘
11:25:27	15.95	--	10	15950	买盘
11:25:24	15.95	--	15	23925	买盘
11:25:21	15.95	0.01	10	15950	买盘
11:25:12	15.94	0.01	71	113174	买盘
11:25:09	15.93	--	3	4779	卖盘
11:25:06	15.93	-0.01	3	4779	卖盘
11:25:03	15.94	--	24	38256	买盘
11:25:00	15.94	--	10	15940	买盘
11:24:57	15.94	--	5	7970	买盘
11:24:54	15.94	0.01	10	15940	买盘
11:24:42	15.93	--	6	9558	卖盘
11:24:36	15.93	--	10	15930	卖盘
11:24:30	15.93	--	2	3186	卖盘
11:24:27	15.93	-0.01	3	4779	卖盘
11:24:24	15.94	--	1	1594	买盘
11:24:21	15.94	0.02	5	7970	买盘
11:24:12	15.92	--	3	4776	卖盘
11:24:09	15.92	-0.01	49	78008	卖盘
11:24:06	15.93	--	36	57348	买盘
11:24:03	15.93	--	30	47790	买盘
11:24:00	15.93	--	20	31860	买盘
11:23:57	15.93	--	20	31860	买盘
11:23:54	15.93	--	28	44604	买盘
11:23:48	15.93	0.01	20	31860	买盘
11:23:45	15.92	--	8	12736	卖盘
11:23:36	15.92	-0.01	20	31840	卖盘
11:23:33	15.93	0.01	2	3186	买盘
11:23:24	15.92	--	111	176712	买盘
11:23:21	15.92	0.01	14	22288	买盘
11:23:12	15.91	--	9	14319	卖盘
11:23:09	15.91	-0.01	5	7955	卖盘
11:23:06	15.92	--	18	28656	买盘
11:22:57	15.92	--	80	127360	买盘
11:22:51	15.92	--	204	324768	卖盘
11:22:48	15.92	--	70	111440	卖盘
11:22:45	15.92	--	20	31840	卖盘
11:22:42	15.92	--	36	57312	卖盘
11:22:39	15.92	-0.01	10	15920	卖盘
11:22:33	15.93	0.01	2	3186	买盘
11:22:30	15.92	--	21	33432	卖盘
11:22:27	15.92	--	3	4776	卖盘
11:22:24	15.92	--	11	17512	卖盘
11:22:15	15.92	--	40	63680	卖盘
11:22:09	15.92	-0.01	1	1592	卖盘
11:22:03	15.93	--	19	30267	卖盘
11:22:00	15.93	-0.01	30	47790	卖盘
11:21:51	15.94	--	62	98828	卖盘
11:21:45	15.94	-0.01	23	36662	卖盘
11:21:42	15.95	0.01	25	39875	买盘
11:21:39	15.94	--	6	9564	卖盘
11:21:36	15.94	-0.01	1	1594	卖盘
11:21:27	15.95	--	33	52635	买盘
11:21:24	15.95	-0.01	59	94105	卖盘
11:21:18	15.96	0.01	66	105336	买盘
11:21:15	15.95	--	35	55825	卖盘
11:21:12	15.95	--	40	63800	卖盘
11:21:09	15.95	--	12	19140	卖盘
11:21:06	15.95	--	3	4785	卖盘
11:21:03	15.95	--	7	11165	卖盘
11:21:00	15.95	-0.01	22	35090	卖盘
11:20:51	15.96	--	20	31920	卖盘
11:20:42	15.96	--	166	264936	卖盘
11:20:36	15.96	-0.01	50	79800	卖盘
11:20:30	15.97	--	62	99014	卖盘
11:20:27	15.97	--	6	9582	卖盘
11:20:24	15.97	--	30	47910	卖盘
11:20:09	15.97	--	59	94223	卖盘
11:20:06	15.97	-0.01	2	3194	卖盘
11:20:03	15.98	--	5	7990	买盘
11:19:57	15.98	--	5	7990	买盘
11:19:51	15.98	0.01	3	4794	买盘
11:19:48	15.97	--	8	12776	卖盘
11:19:45	15.97	-0.01	6	9582	卖盘
11:19:39	15.98	--	30	47940	卖盘
11:19:36	15.98	0.01	70	111860	买盘
11:19:30	15.97	-0.01	30	47910	卖盘
11:19:27	15.98	--	30	47940	买盘
11:19:12	15.98	--	13	20774	买盘
11:19:09	15.98	--	6	9588	卖盘
11:19:06	15.98	--	3	4794	卖盘
11:19:00	15.98	--	17	27166	买盘
11:18:57	15.98	--	15	23970	卖盘
11:18:54	15.98	--	45	71910	买盘
11:18:51	15.98	--	55	87890	买盘
11:18:39	15.98	--	5	7990	买盘
11:18:36	15.98	--	3	4794	买盘
11:18:33	15.98	--	15	23970	卖盘
11:18:27	15.98	--	40	63920	买盘
11:18:24	15.98	--	4	6392	卖盘
11:18:21	15.98	--	6	9588	卖盘
11:18:12	15.98	--	6	9588	买盘
11:18:09	15.98	--	2	3196	卖盘
11:18:03	15.98	-0.01	56	89488	卖盘
11:18:00	15.99	0.01	12	19188	买盘
11:17:57	15.98	--	6	9588	卖盘
11:17:45	15.98	0.01	8	12784	卖盘
11:17:42	15.97	-0.02	20	31940	卖盘
11:17:39	15.99	0.01	26	41574	买盘
11:17:33	15.98	--	2	3196	卖盘
11:17:30	15.98	-0.01	20	31960	卖盘
11:17:24	15.99	--	60	95940	买盘
11:17:21	15.99	0.01	10	15990	买盘
11:17:15	15.98	--	7	11186	卖盘
11:17:06	15.98	--	13	20774	卖盘
11:17:00	15.98	--	50	79900	卖盘
11:16:54	15.98	--	30	47940	买盘
11:16:51	15.98	0.01	57	91086	买盘
11:16:48	15.97	--	10	15970	卖盘
11:16:45	15.97	-0.01	56	89432	卖盘
11:16:42	15.98	--	35	55930	买盘
11:16:39	15.98	--	4	6392	买盘
11:16:33	15.98	0.01	13	20774	买盘
11:16:30	15.97	-0.01	2	3194	卖盘
11:16:27	15.98	--	18	28764	买盘
11:16:15	15.98	0.01	10	15980	买盘
11:16:09	15.97	-0.01	8	12776	卖盘
11:16:06	15.98	0.01	14	22372	买盘
11:15:54	15.97	--	2	3194	买盘
11:15:48	15.97	0.01	4	6388	买盘
11:15:45	15.96	-0.01	8	12768	卖盘
11:15:42	15.97	0.01	4	6388	买盘
11:15:39	15.96	--	12	19152	卖盘
11:15:36	15.96	-0.01	6	9576	卖盘
11:15:15	15.97	--	41	65477	卖盘
11:15:09	15.97	--	5	7985	卖盘
11:15:06	15.97	-0.01	27	43119	卖盘
11:15:03	15.98	--	10	15980	买盘
11:14:48	15.98	0.01	10	15980	买盘
11:14:36	15.97	--	4	6388	卖盘
11:14:27	15.97	--	3	4791	卖盘
11:14:21	15.97	0.01	49	78253	买盘
11:14:12	15.96	--	13	20748	卖盘
11:14:09	15.96	--	5	7980	卖盘
11:14:03	15.96	--	5	7980	卖盘
11:14:00	15.96	--	12	19152	买盘
11:13:45	15.96	--	1	1596	卖盘
11:13:42	15.96	--	62	98952	卖盘
11:13:36	15.96	--	30	47880	买盘
11:13:33	15.96	--	38	60648	买盘
11:13:21	15.96	0.01	15	23940	买盘
11:13:15	15.95	-0.01	10	15950	卖盘
11:13:12	15.96	--	2	3192	买盘
11:13:06	15.96	--	5	7980	买盘
11:13:03	15.96	0.01	40	63840	买盘
11:12:45	15.95	-0.01	29	46255	卖盘
11:12:42	15.96	--	50	79800	买盘
11:12:36	15.96	--	2	3192	买盘
11:12:33	15.96	0.01	3	4788	买盘
11:12:30	15.95	--	11	17545	卖盘
11:12:27	15.95	--	103	164285	卖盘
11:12:24	15.95	--	15	23925	卖盘
11:12:21	15.95	-0.01	2	3190	卖盘
11:12:18	15.96	0.01	6	9576	买盘
11:12:15	15.95	--	18	28710	卖盘
11:12:12	15.95	--	9	14355	卖盘
11:12:09	15.95	--	15	23925	卖盘
11:12:06	15.95	--	75	119625	卖盘
11:12:00	15.95	-0.01	200	319000	卖盘
11:11:54	15.96	--	18	28728	买盘
11:11:51	15.96	0.01	20	31920	买盘
11:11:45	15.95	--	3	4785	卖盘
11:11:42	15.95	-0.01	4	6380	卖盘
11:11:39	15.96	--	25	39900	买盘
11:11:30	15.96	--	43	68628	卖盘
11:11:27	15.96	-0.01	85	135660	卖盘
11:11:24	15.97	0.01	20	31940	买盘
11:11:15	15.96	--	10	15960	卖盘
11:11:09	15.96	--	22	35112	卖盘
11:11:06	15.96	--	9	14364	卖盘
11:11:00	15.96	--	8	12768	卖盘
11:10:54	15.96	-0.01	10	15960	卖盘
11:10:51	15.97	0.01	2	3194	中性盘
11:10:42	15.96	--	14	22344	卖盘
11:10:39	15.96	-0.02	101	161196	卖盘
11:10:27	15.98	--	55	87890	卖盘
11:10:24	15.98	0.01	145	231710	买盘
11:10:18	15.97	--	32	51104	卖盘
11:10:12	15.97	--	34	54298	卖盘
11:10:06	15.97	--	57	91029	卖盘
11:09:57	15.97	-0.01	50	79850	卖盘
11:09:54	15.98	--	4	6392	卖盘
11:09:51	15.98	0.01	46	73508	买盘
11:09:45	15.97	-0.01	3	4791	卖盘
11:09:33	15.98	0.01	10	15980	中性盘
11:09:09	15.97	--	104	166088	卖盘
11:09:06	15.97	--	3	4791	卖盘
11:09:03	15.97	-0.01	9	14373	卖盘
11:09:00	15.98	--	72	115056	买盘
11:08:48	15.98	--	10	15980	买盘
11:08:45	15.98	--	32	51136	买盘
11:08:42	15.98	--	6	9588	买盘
11:08:36	15.98	0.01	83	132634	买盘
11:08:33	15.97	--	1	1597	卖盘
11:08:30	15.97	--	15	23955	卖盘
11:08:27	15.97	-0.01	3	4791	卖盘
11:08:15	15.98	--	1	1598	买盘
11:08:12	15.98	0.01	31	49538	买盘
11:08:09	15.97	--	21	33537	卖盘
11:08:06	15.97	--	10	15970	卖盘
11:08:00	15.97	--	8	12776	卖盘
11:07:57	15.97	--	49	78253	买盘
11:07:54	15.97	0.01	3	4791	买盘
11:07:51	15.96	-0.01	100	159600	卖盘
11:07:48	15.97	0.01	5	7985	买盘
11:07:45	15.96	--	53	84588	卖盘
11:07:42	15.96	0.01	30	47880	卖盘
11:07:39	15.95	-0.02	16	25520	卖盘
11:07:33	15.97	0.02	10	15970	买盘
11:07:27	15.95	--	6	9570	卖盘
11:07:06	15.95	--	3	4785	卖盘
11:06:57	15.95	--	3	4785	卖盘
11:06:51	15.95	--	11	17545	卖盘
11:06:33	15.95	--	11	17545	卖盘
11:06:27	15.95	-0.01	35	55825	卖盘
11:06:24	15.96	-0.02	10	15960	中性盘
11:06:12	15.98	0.01	84	134232	买盘
11:06:09	15.97	--	3	4791	卖盘
11:06:06	15.97	--	15	23955	卖盘
11:06:03	15.97	-0.01	100	159700	卖盘
11:06:00	15.98	0.01	5	7990	买盘
11:05:45	15.97	--	7	11179	卖盘
11:05:42	15.97	-0.01	6	9582	卖盘
11:05:39	15.98	0.01	5	7990	买盘
11:05:33	15.97	--	32	51104	卖盘
11:05:30	15.97	-0.02	33	52701	卖盘
11:05:15	15.99	0.02	34	54366	买盘
11:05:06	15.97	-0.02	3	4791	卖盘
11:04:54	15.99	--	2	3198	买盘
11:04:42	15.99	0.02	100	159900	买盘
11:04:33	15.97	-0.02	35	55895	卖盘
11:04:27	15.99	0.02	12	19188	买盘
11:04:00	15.97	-0.02	112	178864	卖盘
11:03:57	15.99	0.01	1	1599	买盘
11:03:51	15.98	--	77	123046	卖盘
11:03:45	15.98	-0.01	3	4794	卖盘
11:03:42	15.99	--	20	31980	买盘
11:03:36	15.99	--	5	7995	买盘
11:03:27	15.99	--	1	1599	卖盘
11:03:21	15.99	--	10	15990	卖盘
11:03:18	15.99	--	47	75153	卖盘
11:03:09	15.99	--	31	49569	卖盘
11:03:06	15.99	--	3	4797	卖盘
11:02:57	15.99	--	25	39975	卖盘
11:02:42	15.99	--	15	23985	卖盘
11:02:36	15.99	--	35	55965	卖盘
11:02:27	15.99	0.01	94	150306	买盘
11:02:21	15.98	--	20	31960	卖盘
11:02:18	15.98	-0.01	8	12784	卖盘
11:02:09	15.99	0.01	10	15990	买盘
11:02:06	15.98	-0.01	10	15980	卖盘
11:01:57	15.99	--	38	60762	卖盘
11:01:54	15.99	--	5	7995	卖盘
11:01:48	15.99	--	3	4797	卖盘
11:01:45	15.99	--	8	12792	卖盘
11:01:33	15.99	-0.01	30	47970	卖盘
11:01:27	16.0	--	7	11200	买盘
11:01:18	16.0	0.01	10	16000	买盘
11:01:06	15.99	-0.01	3	4797	卖盘
11:01:03	16.0	--	10	16000	买盘
11:01:00	16.0	--	5	8000	买盘
11:00:57	16.0	--	18	28800	买盘
11:00:54	16.0	--	184	294400	卖盘
11:00:45	16.0	--	159	254400	卖盘
11:00:36	16.0	-0.01	10	16000	卖盘
11:00:33	16.01	0.01	5	8005	买盘
11:00:27	16.0	--	10	16000	卖盘
11:00:18	16.0	-0.01	8	12800	卖盘
11:00:03	16.01	0.01	6	9606	买盘
11:00:00	16.0	-0.01	5	8000	卖盘
10:59:57	16.01	0.01	24	38424	买盘
10:59:54	16.0	--	100	160000	卖盘
10:59:51	16.0	-0.01	4	6400	卖盘
10:59:48	16.01	0.01	8	12808	买盘
10:59:45	16.0	--	3	4800	卖盘
10:59:39	16.0	--	31	49600	卖盘
10:59:33	16.0	--	10	16000	卖盘
10:59:21	16.0	0.01	16	25600	买盘
10:59:18	15.99	--	7	11193	卖盘
10:59:15	15.99	-0.01	27	43173	卖盘
10:59:09	16.0	--	17	27200	买盘
10:59:06	16.0	--	23	36800	买盘
10:59:00	16.0	--	19	30400	买盘
10:58:45	16.0	--	2	3200	买盘
10:58:36	16.0	--	10	16000	买盘
10:58:33	16.0	--	2	3200	中性盘
10:58:30	16.0	--	10	16000	卖盘
10:58:27	16.0	-0.01	3	4800	卖盘
10:58:21	16.01	0.01	23	36823	买盘
10:58:12	16.0	--	1	1600	卖盘
10:58:09	16.0	--	24	38400	卖盘
10:57:57	16.0	-0.02	2	3200	中性盘
10:57:54	16.02	0.03	10	16020	买盘
10:57:51	15.99	--	15	23985	卖盘
10:57:45	15.99	-0.01	504	805896	卖盘
10:57:42	16.0	--	39	62400	买盘
10:57:36	16.0	--	22	35200	买盘
10:57:33	16.0	--	1	1600	买盘
10:57:30	16.0	-0.01	7	11200	卖盘
10:57:27	16.01	0.01	4	6404	买盘
10:57:06	16.0	--	3	4800	卖盘
10:57:03	16.0	0.01	5	8000	买盘
10:57:00	15.99	-0.01	20	31980	卖盘
10:56:54	16.0	-0.01	35	56000	卖盘
10:56:51	16.01	0.01	7	11207	买盘
10:56:48	16.0	--	7	11200	卖盘
10:56:45	16.0	--	6	9600	卖盘
10:56:42	16.0	--	110	176000	卖盘
10:56:36	16.0	--	5	8000	卖盘
10:56:33	16.0	-0.01	7	11200	卖盘
10:56:27	16.01	0.01	31	49631	买盘
10:56:21	16.0	--	5	8000	卖盘
10:56:18	16.0	--	60	96000	卖盘
10:56:15	16.0	--	5	8000	中性盘
10:55:54	16.0	-0.01	10	16000	中性盘
10:55:51	16.01	--	23	36823	买盘
10:55:48	16.01	0.01	21	33621	买盘
10:55:45	16.0	-0.01	5	8000	卖盘
10:55:42	16.01	0.01	49	78449	买盘
10:55:39	16.0	--	31	49600	卖盘
10:55:36	16.0	--	5	8000	卖盘
10:55:27	16.0	0.01	59	94400	买盘
10:55:24	15.99	-0.01	10	15990	卖盘
10:55:21	16.0	--	3	4800	买盘
10:55:18	16.0	-0.01	1	1600	中性盘
10:55:12	16.01	--	13	20813	买盘
10:55:09	16.01	0.01	30	48030	买盘
10:55:06	16.0	-0.01	18	28800	中性盘
10:55:00	16.01	0.01	60	96060	买盘
10:54:54	16.0	--	45	72000	卖盘
10:54:45	16.0	--	6	9600	卖盘
10:54:42	16.0	-0.01	3	4800	卖盘
10:54:39	16.01	0.01	19	30419	买盘
10:54:36	16.0	-0.01	2	3200	卖盘
10:54:30	16.01	--	3	4803	买盘
10:54:27	16.01	--	7	11207	买盘
10:54:21	16.01	--	40	64040	买盘
10:54:09	16.01	--	5	8005	买盘
10:54:06	16.01	--	2	3202	买盘
10:53:57	16.01	--	20	32020	买盘
10:53:51	16.01	--	33	52833	买盘
10:53:48	16.01	0.01	24	38424	买盘
10:53:45	16.0	-0.01	3	4800	卖盘
10:53:42	16.01	0.01	21	33621	买盘
10:53:39	16.0	--	3	4800	卖盘
10:53:33	16.0	--	3	4800	卖盘
10:53:30	16.0	0.01	62	99200	买盘
10:53:24	15.99	-0.01	10	15990	卖盘
10:53:21	16.0	--	200	320000	买盘
10:53:09	16.0	0.01	2	3200	买盘
10:53:06	15.99	-0.01	3	4797	卖盘
10:53:00	16.0	0.01	24	38400	买盘
10:52:57	15.99	--	7	11193	卖盘
10:52:51	15.99	-0.01	10	15990	卖盘
10:52:48	16.0	0.01	12	19200	买盘
10:52:42	15.99	-0.01	20	31980	卖盘
10:52:30	16.0	0.01	28	44800	买盘
10:52:27	15.99	-0.01	3	4797	卖盘
10:52:18	16.0	--	11	17600	买盘
10:52:12	16.0	--	13	20800	买盘
10:52:09	16.0	--	4	6400	买盘
10:52:06	16.0	--	5	8000	买盘
10:52:00	16.0	--	23	36800	买盘
10:51:57	16.0	--	4	6400	买盘
10:51:54	16.0	0.01	15	24000	买盘
10:51:51	15.99	-0.01	114	182286	卖盘
10:51:48	16.0	0.01	20	32000	买盘
10:51:45	15.99	--	3	4797	卖盘
10:51:39	15.99	--	23	36777	卖盘
10:51:36	15.99	--	11	17589	卖盘
10:51:30	15.99	--	24	38376	卖盘
10:51:27	15.99	--	41	65559	卖盘
10:51:21	15.99	-0.01	2	3198	卖盘
10:51:18	16.0	--	7	11200	买盘
10:51:12	16.0	0.01	20	32000	买盘
10:51:06	15.99	-0.01	3	4797	卖盘
10:51:03	16.0	0.01	40	64000	买盘
10:51:00	15.99	-0.01	5	7995	卖盘
10:50:48	16.0	--	6	9600	买盘
10:50:42	16.0	0.01	5	8000	买盘
10:50:39	15.99	-0.01	5	7995	卖盘
10:50:36	16.0	--	10	16000	卖盘
10:50:33	16.0	-0.01	104	166400	卖盘
10:50:30	16.01	0.01	10	16010	买盘
10:50:27	16.0	--	23	36800	中性盘
10:50:24	16.0	--	2	3200	卖盘
10:50:21	16.0	--	13	20800	卖盘
10:50:15	16.0	--	20	32000	卖盘
10:50:12	16.0	--	4	6400	卖盘
10:50:09	16.0	--	10	16000	卖盘
10:50:06	16.0	0.01	51	81600	买盘
10:50:03	15.99	-0.01	20	31980	卖盘
10:49:51	16.0	0.01	5	8000	买盘
10:49:45	15.99	-0.02	23	36777	卖盘
10:49:42	16.01	0.01	304	486704	买盘
10:49:30	16.0	--	30	48000	买盘
10:49:27	16.0	--	10	16000	卖盘
10:49:24	16.0	-0.01	32	51200	卖盘
10:49:21	16.01	0.01	21	33621	买盘
10:49:18	16.0	--	5	8000	卖盘
10:49:15	16.0	-0.01	60	96000	卖盘
10:49:09	16.01	0.01	27	43227	买盘
10:49:06	16.0	-0.01	3	4800	卖盘
10:49:03	16.01	0.01	10	16010	买盘
10:49:00	16.0	--	24	38400	卖盘
10:48:57	16.0	--	3	4800	卖盘
10:48:54	16.0	0.01	8	12800	中性盘
10:48:45	15.99	-0.01	40	63960	卖盘
10:48:42	16.0	--	21	33600	卖盘
10:48:39	16.0	--	143	228800	买盘
10:48:36	16.0	0.01	67	107200	买盘
10:48:33	15.99	--	35	55965	卖盘
10:48:27	15.99	-0.01	3	4797	卖盘
10:48:24	16.0	--	156	249600	买盘
10:48:21	16.0	0.01	6	9600	买盘
10:48:06	15.99	--	70	111930	买盘
10:48:03	15.99	0.01	101	161499	买盘
10:48:00	15.98	-0.01	61	97478	卖盘
10:47:57	15.99	0.01	212	338988	买盘
10:47:54	15.98	-0.01	5	7990	卖盘
10:47:48	15.99	0.01	5	7995	买盘
10:47:45	15.98	-0.01	3	4794	卖盘
10:47:42	15.99	--	6	9594	买盘
10:47:36	15.99	--	6	9594	买盘
10:47:21	15.99	--	20	31980	买盘
10:47:18	15.99	0.01	10	15990	买盘
10:47:06	15.98	--	13	20774	卖盘
10:46:54	15.98	--	10	15980	卖盘
10:46:51	15.98	--	19	30362	买盘
10:46:45	15.98	--	27	43146	买盘
10:46:39	15.98	0.01	10	15980	买盘
10:46:30	15.97	--	9	14373	卖盘
10:46:27	15.97	-0.01	3	4791	卖盘
10:46:24	15.98	--	1	1598	卖盘
10:46:21	15.98	--	7	11186	买盘
10:46:18	15.98	--	110	175780	买盘
10:46:12	15.98	0.01	31	49538	买盘
10:46:09	15.97	--	3	4791	卖盘
10:46:06	15.97	--	12	19164	卖盘
10:46:03	15.97	--	8	12776	卖盘
10:45:51	15.97	--	3	4791	卖盘
10:45:45	15.97	--	3	4791	卖盘
10:45:36	15.97	--	5	7985	卖盘
10:45:33	15.97	0.01	29	46313	买盘
10:45:30	15.96	-0.01	2	3192	卖盘
10:45:24	15.97	0.01	5	7985	买盘
10:45:21	15.96	--	1	1596	卖盘
10:45:06	15.96	0.01	3	4788	中性盘
10:45:00	15.95	--	3	4785	卖盘
10:44:45	15.95	-0.01	10	15950	卖盘
10:44:42	15.96	--	47	75012	买盘
10:44:36	15.96	--	21	33516	买盘
10:44:27	15.96	--	4	6384	买盘
10:44:24	15.96	0.01	7	11172	中性盘
10:44:09	15.95	--	33	52635	卖盘
10:44:06	15.95	-0.01	43	68585	卖盘
10:44:00	15.96	--	8	12768	买盘
10:43:57	15.96	0.01	30	47880	买盘
10:43:54	15.95	--	40	63800	卖盘
10:43:45	15.95	-0.01	3	4785	卖盘
10:43:36	15.96	--	21	33516	买盘
10:43:30	15.96	-0.01	33	52668	卖盘
10:43:27	15.97	--	1	1597	买盘
10:43:24	15.97	--	17	27149	中性盘
10:43:21	15.97	--	15	23955	买盘
10:43:18	15.97	--	5	7985	买盘
10:43:09	15.97	--	5	7985	卖盘
10:43:06	15.97	-0.01	3	4791	卖盘
10:43:03	15.98	0.01	47	75106	买盘
10:43:00	15.97	--	15	23955	卖盘
10:42:45	15.97	--	33	52701	卖盘
10:42:33	15.97	0.01	35	55895	买盘
10:42:30	15.96	-0.01	5	7980	卖盘
10:42:27	15.97	--	9	14373	买盘
10:42:24	15.97	0.01	2	3194	买盘
10:42:15	15.96	-0.01	28	44688	卖盘
10:42:12	15.97	0.01	34	54298	买盘
10:42:09	15.96	-0.01	5	7980	卖盘
10:42:06	15.97	--	5	7985	买盘
10:42:00	15.97	-0.02	3	4791	买盘
10:41:54	15.99	--	20	31980	买盘
10:41:48	15.99	0.03	33	52767	买盘
10:41:45	15.96	-0.03	3	4788	卖盘
10:41:42	15.99	0.03	61	97539	买盘
10:41:36	15.96	-0.01	4	6384	卖盘
10:41:33	15.97	-0.02	2	3194	中性盘
10:41:27	15.99	0.03	20	31980	买盘
10:41:24	15.96	-0.03	3	4788	卖盘
10:41:15	15.99	--	10	15990	买盘
10:41:09	15.99	0.03	223	356577	买盘
10:41:06	15.96	--	3	4788	卖盘
10:41:03	15.96	0.01	48	76608	买盘
10:41:00	15.95	-0.01	7	11165	卖盘
10:40:57	15.96	--	3	4788	买盘
10:40:54	15.96	0.01	3	4788	买盘
10:40:36	15.95	--	20	31900	卖盘
10:40:33	15.95	--	7	11165	卖盘
10:40:27	15.95	--	3	4785	卖盘
10:40:24	15.95	--	21	33495	买盘
10:40:21	15.95	--	9	14355	买盘
10:40:18	15.95	0.01	2	3190	买盘
10:40:09	15.94	-0.01	5	7970	卖盘
10:40:00	15.95	0.02	2	3190	买盘
10:39:45	15.93	-0.01	58	92394	卖盘
10:39:42	15.94	0.01	10	15940	买盘
10:39:39	15.93	--	13	20709	卖盘
10:39:33	15.93	--	5	7965	买盘
10:39:30	15.93	0.01	7	11151	买盘
10:39:27	15.92	-0.01	15	23880	卖盘
10:39:21	15.93	-0.01	91	144963	卖盘
10:39:18	15.94	--	1	1594	买盘
10:39:12	15.94	-0.02	77	122738	卖盘
10:39:09	15.96	--	53	84588	买盘
10:39:06	15.96	--	5	7980	卖盘
10:39:03	15.96	--	7	11172	卖盘
10:38:57	15.96	--	9	14364	卖盘
10:38:48	15.96	--	300	478800	卖盘
10:38:45	15.96	--	3	4788	卖盘
10:38:42	15.96	--	1	1596	卖盘
10:38:36	15.96	--	13	20748	卖盘
10:38:33	15.96	-0.01	65	103740	卖盘
10:38:30	15.97	--	70	111790	买盘
10:38:27	15.97	--	32	51104	买盘
10:38:24	15.97	0.01	49	78253	买盘
10:38:21	15.96	-0.01	49	78204	卖盘
10:38:18	15.97	--	3	4791	买盘
10:38:09	15.97	--	6	9582	买盘
10:38:06	15.97	--	140	223580	买盘
10:38:03	15.97	--	19	30343	买盘
10:37:57	15.97	--	10	15970	买盘
10:37:51	15.97	--	6	9582	卖盘
10:37:48	15.97	--	20	31940	卖盘
10:37:45	15.97	--	3	4791	卖盘
10:37:39	15.97	-0.01	15	23955	卖盘
10:37:30	15.98	0.01	79	126242	买盘
10:37:18	15.97	-0.01	3	4791	卖盘
10:37:15	15.98	--	7	11186	买盘
10:37:12	15.98	0.01	12	19176	买盘
10:37:09	15.97	--	20	31940	卖盘
10:37:06	15.97	--	3	4791	卖盘
10:37:03	15.97	--	4	6388	卖盘
10:36:57	15.97	--	93	148521	卖盘
10:36:54	15.97	--	3	4791	卖盘
10:36:51	15.97	-0.01	42	67074	卖盘
10:36:42	15.98	0.01	6	9588	买盘
10:36:39	15.97	--	5	7985	卖盘
10:36:30	15.97	--	10	15970	卖盘
10:36:27	15.97	--	9	14373	卖盘
10:36:24	15.97	-0.01	14	22358	卖盘
10:36:21	15.98	0.01	188	300424	买盘
10:36:15	15.97	--	8	12776	卖盘
10:36:12	15.97	0.01	102	162894	买盘
10:36:09	15.96	--	32	51072	卖盘
10:35:54	15.96	-0.01	30	47880	卖盘
10:35:51	15.97	--	17	27149	卖盘
10:35:48	15.97	--	10	15970	卖盘
10:35:45	15.97	--	32	51104	卖盘
10:35:36	15.97	-0.01	4	6388	卖盘
10:35:33	15.98	--	36	57528	卖盘
10:35:30	15.98	--	37	59126	卖盘
10:35:27	15.98	--	36	57528	卖盘
10:35:15	15.98	--	136	217328	卖盘
10:35:09	15.98	--	19	30362	卖盘
10:35:06	15.98	-0.01	13	20774	卖盘
10:34:51	15.99	--	20	31980	买盘
10:34:48	15.99	--	2	3198	买盘
10:34:45	15.99	--	50	79950	买盘
10:34:39	15.99	-0.01	14	22386	卖盘
10:34:36	16.0	0.01	50	80000	买盘
10:34:33	15.99	--	50	79950	卖盘
10:34:27	15.99	--	10	15990	卖盘
10:34:24	15.99	--	35	55965	卖盘
10:34:15	15.99	--	10	15990	卖盘
10:34:12	15.99	--	9	14391	卖盘
10:34:06	15.99	--	10	15990	卖盘
10:34:03	15.99	--	13	20787	卖盘
10:33:57	15.99	--	2	3198	卖盘
10:33:54	15.99	--	4	6396	卖盘
10:33:51	15.99	--	8	12792	卖盘
10:33:45	15.99	-0.01	3	4797	卖盘
10:33:42	16.0	0.01	5	8000	买盘
10:33:30	15.99	--	10	15990	卖盘
10:33:27	15.99	--	6	9594	卖盘
10:33:24	15.99	--	4	6396	卖盘
10:33:21	15.99	--	32	51168	卖盘
10:33:18	15.99	--	2	3198	卖盘
10:33:15	15.99	-0.01	23	36777	卖盘
10:33:09	16.0	0.01	18	28800	买盘
10:33:06	15.99	-0.01	3	4797	卖盘
10:33:00	16.0	--	31	49600	买盘
10:32:54	16.0	--	2	3200	买盘
10:32:39	16.0	0.01	1	1600	买盘
10:32:36	15.99	--	8	12792	卖盘
10:32:27	15.99	--	40	63960	卖盘
10:32:24	15.99	-0.01	10	15990	卖盘
10:32:15	16.0	0.01	63	100800	买盘
10:32:03	15.99	-0.01	6	9594	卖盘
10:31:57	16.0	--	4	6400	买盘
10:31:54	16.0	0.01	40	64000	买盘
10:31:51	15.99	--	10	15990	卖盘
10:31:45	15.99	--	73	116727	卖盘
10:31:42	15.99	-0.01	13	20787	卖盘
10:31:39	16.0	--	20	32000	买盘
10:31:36	16.0	0.01	8	12800	买盘
10:31:27	15.99	--	1	1599	卖盘
10:31:21	15.99	-0.01	10	15990	卖盘
10:31:18	16.0	0.01	10	16000	买盘
10:31:15	15.99	--	20	31980	卖盘
10:31:12	15.99	--	15	23985	卖盘
10:31:06	15.99	--	103	164697	卖盘
10:31:00	15.99	--	130	207870	卖盘
10:30:57	15.99	0.01	40	63960	中性盘
10:30:51	15.98	--	34	54332	卖盘
10:30:48	15.98	--	61	97478	买盘
10:30:45	15.98	-0.02	30	47940	卖盘
10:30:42	16.0	0.01	73	116800	买盘
10:30:39	15.99	--	74	118326	买盘
10:30:36	15.99	--	110	175890	买盘
10:30:33	15.99	0.01	2	3198	买盘
10:30:30	15.98	--	8	12784	卖盘
10:30:27	15.98	-0.01	3	4794	卖盘
10:30:24	15.99	--	112	179088	卖盘
10:30:21	15.99	-0.01	10	15990	卖盘
10:30:18	16.0	0.01	5	8000	买盘
10:30:15	15.99	--	4	6396	卖盘
10:30:12	15.99	--	26	41574	卖盘
10:30:06	15.99	-0.01	5	7995	卖盘
10:30:03	16.0	--	2	3200	买盘
10:29:57	16.0	--	2	3200	买盘
10:29:54	16.0	--	21	33600	买盘
10:29:51	16.0	0.01	13	20800	买盘
10:29:48	15.99	--	53	84747	卖盘
10:29:45	15.99	-0.01	9	14391	卖盘
10:29:42	16.0	--	3	4800	买盘
10:29:27	16.0	0.01	30	48000	买盘
10:29:24	15.99	--	50	79950	买盘
10:29:21	15.99	--	17	27183	买盘
10:29:18	15.99	--	2	3198	买盘
10:29:15	15.99	-0.02	258	412542	卖盘
10:29:12	16.01	-0.01	10	16010	中性盘
10:29:09	16.02	0.01	82	131364	买盘
10:29:06	16.01	--	6	9606	卖盘
10:29:03	16.01	--	55	88055	卖盘
10:29:00	16.01	--	6	9606	卖盘
10:28:57	16.01	-0.01	3	4803	卖盘
10:28:54	16.02	--	6	9612	买盘
10:28:51	16.02	-0.01	53	84906	卖盘
10:28:48	16.03	0.01	15	24045	买盘
10:28:45	16.02	-0.01	33	52866	卖盘
10:28:42	16.03	--	111	177933	买盘
10:28:39	16.03	--	111	177933	买盘
10:28:36	16.03	--	69	110607	买盘
10:28:33	16.03	--	83	133049	买盘
10:28:30	16.03	--	11	17633	买盘
10:28:27	16.03	--	7	11221	买盘
10:28:24	16.03	--	138	221214	买盘
10:28:21	16.03	--	11	17633	买盘
10:28:18	16.03	--	70	112210	买盘
10:28:15	16.03	--	2	3206	买盘
10:28:12	16.03	--	17	27251	买盘
10:28:09	16.03	--	13	20839	买盘
10:28:03	16.03	--	30	48090	买盘
10:28:00	16.03	0.01	60	96180	买盘
10:27:57	16.02	--	31	49662	卖盘
10:27:54	16.02	-0.01	4	6408	卖盘
10:27:51	16.03	0.01	11	17633	买盘
10:27:48	16.02	--	12	19224	卖盘
10:27:45	16.02	--	8	12816	卖盘
10:27:42	16.02	--	79	126558	买盘
10:27:39	16.02	--	13	20826	买盘
10:27:36	16.02	--	9	14418	买盘
10:27:33	16.02	--	7	11214	买盘
10:27:30	16.02	--	5	8010	买盘
10:27:24	16.02	-0.01	3	4806	卖盘
10:27:18	16.03	--	40	64120	买盘
10:27:12	16.03	0.02	401	642803	买盘
10:27:06	16.01	-0.01	18	28818	中性盘
10:27:03	16.02	0.01	28	44856	买盘
10:26:57	16.01	0.02	404	646804	买盘
10:26:51	15.99	-0.01	111	177489	卖盘
10:26:48	16.0	--	10	16000	买盘
10:26:45	16.0	--	30	48000	买盘
10:26:42	16.0	-0.01	11	17600	中性盘
10:26:36	16.01	0.01	236	377836	买盘
10:26:33	16.0	--	22	35200	中性盘
10:26:27	16.0	--	36	57600	买盘
10:26:24	16.0	--	17	27200	卖盘
10:26:21	16.0	--	10	16000	卖盘
10:26:15	16.0	--	6	9600	买盘
10:26:12	16.0	-0.01	39	62400	卖盘
10:26:09	16.01	--	51	81651	买盘
10:26:03	16.01	--	52	83252	买盘
10:26:00	16.01	--	9	14409	买盘
10:25:57	16.01	--	401	642001	卖盘
10:25:54	16.01	--	18	28818	卖盘
10:25:51	16.01	--	22	35222	卖盘
10:25:48	16.01	0.01	97	155297	买盘
10:25:45	16.0	-0.01	23	36800	卖盘
10:25:42	16.01	--	36	57636	买盘
10:25:39	16.01	--	15	24015	买盘
10:25:36	16.01	0.01	5	8005	买盘
10:25:33	16.0	-0.01	25	40000	卖盘
10:25:30	16.01	0.02	23	36823	买盘
10:25:27	15.99	-0.01	36	57564	卖盘
10:25:24	16.0	--	122	195200	买盘
10:25:21	16.0	--	87	139200	买盘
10:25:18	16.0	0.01	3	4800	买盘
10:25:15	15.99	-0.01	63	100737	卖盘
10:25:12	16.0	--	36	57600	买盘
10:25:09	16.0	0.01	8	12800	买盘
10:25:06	15.99	--	38	60762	卖盘
10:25:03	15.99	--	20	31980	买盘
10:25:00	15.99	0.01	1	1599	买盘
10:24:57	15.98	-0.01	9	14382	卖盘
10:24:48	15.99	-0.01	19	30381	卖盘
10:24:45	16.0	--	38	60800	买盘
10:24:42	16.0	--	30	48000	买盘
10:24:39	16.0	--	7	11200	买盘
10:24:36	16.0	--	4	6400	买盘
10:24:33	16.0	-0.01	40	64000	中性盘
10:24:30	16.01	-0.01	11	17611	买盘
10:24:27	16.02	0.04	17	27234	买盘
10:24:21	15.98	-0.02	158	252484	卖盘
10:24:18	16.0	-0.03	15	24000	卖盘
10:24:15	16.03	0.01	56	89768	买盘
10:24:12	16.02	-0.01	43	68886	卖盘
10:24:09	16.03	0.01	16	25648	买盘
10:24:06	16.02	0.01	8	12816	中性盘
10:24:03	16.01	-0.02	16	25616	卖盘
10:24:00	16.03	--	15	24045	买盘
10:23:57	16.03	--	78	125034	买盘
10:23:54	16.03	0.01	58	92974	买盘
10:23:51	16.02	0.01	9	14418	买盘
10:23:48	16.01	-0.01	179	286579	卖盘
10:23:45	16.02	-0.01	244	390888	卖盘
10:23:42	16.03	--	34	54502	买盘
10:23:39	16.03	--	129	206787	买盘
10:23:36	16.03	0.01	78	125034	买盘
10:23:33	16.02	-0.01	30	48060	卖盘
10:23:30	16.03	0.03	21	33663	买盘
10:23:27	16.0	-0.01	74	118400	卖盘
10:23:24	16.01	-0.01	85	136085	卖盘
10:23:21	16.02	0.02	10	16020	买盘
10:23:18	16.0	--	61	97600	卖盘
10:23:15	16.0	--	10	16000	卖盘
10:23:12	16.0	--	66	105600	卖盘
10:23:09	16.0	0.01	22	35200	买盘
10:23:06	15.99	-0.01	21	33579	卖盘
10:23:03	16.0	--	33	52800	买盘
10:23:00	16.0	0.02	300	480000	买盘
10:22:57	15.98	--	52	83096	卖盘
10:22:54	15.98	--	919	1468562	买盘
10:22:51	15.98	0.01	3	4794	买盘
10:22:45	15.97	0.01	32	51104	中性盘
10:22:42	15.96	--	244	389424	买盘
10:22:36	15.96	-0.02	7	11172	中性盘
10:22:30	15.98	0.02	257	410686	买盘
10:22:27	15.96	--	36	57456	买盘
10:22:24	15.96	0.01	2	3192	买盘
10:22:21	15.95	--	36	57420	卖盘
10:22:18	15.95	0.01	34	54230	买盘
10:22:15	15.94	-0.01	95	151430	卖盘
10:22:03	15.95	--	34	54230	买盘
10:22:00	15.95	--	12	19140	买盘
10:21:57	15.95	--	54	86130	买盘
10:21:54	15.95	0.01	125	199375	买盘
10:21:51	15.94	--	67	106798	买盘
10:21:48	15.94	0.01	20	31880	买盘
10:21:45	15.93	--	3	4779	卖盘
10:21:42	15.93	--	1	1593	卖盘
10:21:36	15.93	--	7	11151	卖盘
10:21:33	15.93	--	4	6372	买盘
10:21:30	15.93	--	22	35046	买盘
10:21:27	15.93	--	34	54162	买盘
10:21:24	15.93	--	3	4779	买盘
10:21:21	15.93	--	37	58941	买盘
10:21:18	15.93	--	10	15930	买盘
10:21:15	15.93	--	12	19116	买盘
10:21:12	15.93	--	4	6372	买盘
10:21:09	15.93	0.01	5	7965	买盘
10:21:06	15.92	--	3	4776	卖盘
10:20:57	15.92	--	10	15920	卖盘
10:20:48	15.92	--	21	33479	买盘
10:20:45	15.92	0.01	108	171936	买盘
10:20:42	15.91	-0.01	204	324564	卖盘
10:20:39	15.92	--	19	30248	买盘
10:20:36	15.92	--	4	6368	买盘
10:20:33	15.92	--	5	7960	买盘
10:20:30	15.92	0.01	11	17512	买盘
10:20:27	15.91	--	8	12728	卖盘
10:20:21	15.91	--	5	7955	卖盘
10:20:15	15.91	--	14	22274	买盘
10:20:12	15.91	--	39	62049	卖盘
10:20:09	15.91	--	22	35002	买盘
10:20:06	15.91	--	34	54094	买盘
10:20:03	15.91	--	5	7955	买盘
10:20:00	15.91	--	100	159100	买盘
10:19:57	15.91	--	1	1591	买盘
10:19:51	15.91	--	3	4773	买盘
10:19:48	15.91	--	137	217967	卖盘
10:19:45	15.91	-0.01	23	36593	卖盘
10:19:39	15.92	0.01	11	17512	买盘
10:19:33	15.91	-0.01	116	184556	卖盘
10:19:30	15.92	-0.01	32	50944	卖盘
10:19:27	15.93	0.01	19	30267	买盘
10:19:24	15.92	-0.01	7	11144	卖盘
10:19:21	15.93	--	22	35046	买盘
10:19:12	15.93	0.01	191	304263	买盘
10:19:09	15.92	--	15	23880	卖盘
10:19:06	15.92	--	15	23880	卖盘
10:19:03	15.92	--	16	25472	卖盘
10:18:54	15.92	-0.01	8	12736	卖盘
10:18:51	15.93	--	14	22302	卖盘
10:18:48	15.93	--	25	39825	买盘
10:18:45	15.93	--	1	1593	中性盘
10:18:36	15.93	-0.01	100	159300	中性盘
10:18:33	15.94	--	90	143460	买盘
10:18:30	15.94	0.01	20	31880	买盘
10:18:27	15.93	-0.01	13	20709	卖盘
10:18:24	15.94	0.01	131	208814	买盘
10:18:18	15.93	-0.01	274	436482	卖盘
10:18:15	15.94	0.01	40	63760	买盘
10:18:09	15.93	-0.01	30	47790	卖盘
10:18:06	15.94	--	15	23910	买盘
10:18:00	15.94	--	16	25504	买盘
10:17:57	15.94	0.01	8	12752	买盘
10:17:54	15.93	-0.01	32	50976	中性盘
10:17:48	15.94	0.01	20	31880	买盘
10:17:45	15.93	--	21	33453	买盘
10:17:42	15.93	--	73	116289	买盘
10:17:39	15.93	0.01	49	78057	买盘
10:17:33	15.92	--	10	15920	中性盘
10:17:27	15.92	--	111	176712	买盘
10:17:21	15.92	0.01	20	31840	买盘
10:17:15	15.91	--	89	141599	买盘
10:17:09	15.91	0.01	30	47730	买盘
10:17:00	15.9	--	53	84270	卖盘
10:16:54	15.9	0.02	1143	1817370	买盘
10:16:51	15.88	--	18	28584	卖盘
10:16:45	15.88	--	30	47640	卖盘
10:16:42	15.88	--	5	7940	卖盘
10:16:30	15.88	--	4	6352	卖盘
10:16:21	15.88	--	3	4764	卖盘
10:16:18	15.88	-0.01	2	3176	卖盘
10:15:54	15.89	0.01	11	17479	买盘
10:15:51	15.88	-0.01	3	4764	卖盘
10:15:48	15.89	0.01	2	3178	买盘
10:15:42	15.88	--	3	4764	卖盘
10:15:33	15.88	-0.01	12	19056	卖盘
10:15:30	15.89	--	2	3178	买盘
10:15:12	15.89	0.01	179	284748	买盘
10:15:03	15.88	0.01	1	1588	买盘
10:15:00	15.87	--	33	52371	卖盘
10:14:54	15.87	-0.01	2	3174	中性盘
10:14:42	15.88	0.02	4	6352	买盘
10:14:36	15.86	-0.01	13	20618	卖盘
10:14:30	15.87	--	1	1587	卖盘
10:14:27	15.87	--	1	1587	买盘
10:14:24	15.87	--	12	19044	买盘
10:14:12	15.87	--	82	130134	买盘
10:14:09	15.87	0.01	1	1587	买盘
10:14:03	15.86	-0.01	16	25376	卖盘
10:13:57	15.87	0.01	4	6348	买盘
10:13:54	15.86	--	5	7930	卖盘
10:13:45	15.86	--	17	26962	卖盘
10:13:39	15.86	--	27	42822	卖盘
10:13:33	15.86	-0.01	53	84581	卖盘
10:13:30	15.87	--	20	31740	买盘
10:13:27	15.87	0.01	5	7935	买盘
10:13:24	15.86	-0.01	22	34892	卖盘
10:13:21	15.87	--	82	130134	买盘
10:13:15	15.87	0.01	2	3174	买盘
10:13:09	15.86	--	10	15860	卖盘
10:13:03	15.86	-0.01	8	12688	卖盘
10:12:54	15.87	--	86	136482	卖盘
10:12:51	15.87	-0.01	25	39675	卖盘
10:12:39	15.88	--	5	7940	买盘
10:12:18	15.88	--	15	23820	买盘
10:12:15	15.88	--	17	26996	买盘
10:12:12	15.88	--	11	17468	买盘
10:12:09	15.88	-0.01	56	90198	卖盘
10:11:54	15.89	0.01	8	12712	买盘
10:11:36	15.88	--	10	15880	卖盘
10:11:33	15.88	--	10	15880	卖盘
10:11:27	15.88	--	13	20644	卖盘
10:11:21	15.88	--	20	31760	卖盘
10:11:18	15.88	0.01	93	148001	买盘
10:11:15	15.87	--	3	4761	卖盘
10:11:03	15.87	-0.01	13	20631	卖盘
10:10:57	15.88	--	35	55580	买盘
10:10:51	15.88	0.01	2	3176	买盘
10:10:48	15.87	-0.01	1	1587	卖盘
10:10:45	15.88	--	3	4764	买盘
10:10:42	15.88	0.01	100	158800	买盘
10:10:39	15.87	--	50	79350	买盘
10:10:36	15.87	--	17	26979	买盘
10:10:33	15.87	--	2	3174	买盘
10:10:24	15.87	--	1	1587	买盘
10:10:21	15.87	--	2	3174	买盘
10:10:12	15.87	--	50	79350	买盘
10:10:06	15.87	--	32	50784	买盘
10:09:57	15.87	-0.01	32	50784	卖盘
10:09:54	15.88	--	24	38112	买盘
10:09:51	15.88	0.01	11	17468	买盘
10:09:36	15.87	--	33	52371	卖盘
10:09:30	15.87	--	49	77763	买盘
10:09:27	15.87	--	189	299943	卖盘
10:09:18	15.87	--	5	7935	卖盘
10:09:06	15.87	--	4	6348	买盘
10:09:00	15.87	--	6	9522	卖盘
10:08:48	15.87	--	10	15870	卖盘
10:08:45	15.87	0.01	4	6348	卖盘
10:08:42	15.86	-0.01	8	12688	卖盘
10:08:39	15.87	--	31	49197	买盘
10:08:33	15.87	--	1	1587	买盘
10:08:24	15.87	--	6	9522	买盘
10:08:12	15.87	0.01	3	4761	买盘
10:08:09	15.86	-0.01	10	15860	卖盘
10:08:03	15.87	0.02	104	165048	买盘
10:08:00	15.85	--	4	6340	卖盘
10:07:48	15.85	0.01	8	12680	卖盘
10:07:45	15.84	-0.02	9	14256	卖盘
10:07:42	15.86	0.01	18	28548	买盘
10:07:39	15.85	--	66	104610	卖盘
10:07:36	15.85	--	3	4755	卖盘
10:07:33	15.85	--	30	47550	卖盘
10:07:30	15.85	--	9	14265	卖盘
10:07:27	15.85	-0.01	1	1585	卖盘
10:07:24	15.86	0.01	1	1586	买盘
10:07:18	15.85	-0.01	20	31700	卖盘
10:07:15	15.86	--	20	31720	买盘
10:07:06	15.86	--	3	4758	卖盘
10:07:03	15.86	--	34	53924	卖盘
10:07:00	15.86	--	30	47580	卖盘
10:06:57	15.86	--	6	9516	卖盘
10:06:54	15.86	--	50	79300	卖盘
10:06:48	15.86	-0.01	77	122122	卖盘
10:06:45	15.87	0.01	19	30153	买盘
10:06:33	15.86	--	58	91988	卖盘
10:06:27	15.86	-0.01	12	19032	卖盘
10:06:18	15.87	--	11	17457	买盘
10:06:15	15.87	--	22	34914	买盘
10:06:09	15.87	--	33	52371	卖盘
10:06:03	15.87	-0.01	19	30153	卖盘
10:06:00	15.88	-0.01	72	115606	卖盘
10:05:57	15.89	0.01	1	1589	买盘
10:05:54	15.88	--	50	79400	卖盘
10:05:48	15.88	--	22	34936	卖盘
10:05:36	15.88	--	30	47640	卖盘
10:05:24	15.88	0.01	57	90833	买盘
10:05:21	15.87	-0.01	50	79350	卖盘
10:05:03	15.88	--	11	17468	买盘
10:04:57	15.88	--	77	123546	卖盘
10:04:51	15.88	-0.01	72	114336	卖盘
10:04:48	15.89	--	17	27013	买盘
10:04:39	15.89	0.01	6	9534	买盘
10:04:24	15.88	--	58	92104	卖盘
10:04:21	15.88	--	100	158800	卖盘
10:04:18	15.88	-0.01	5	7940	卖盘
10:04:12	15.89	0.01	22	34958	买盘
10:04:06	15.88	--	11	17468	卖盘
10:04:03	15.88	--	27	43193	卖盘
10:03:57	15.88	-0.01	10	15880	卖盘
10:03:36	15.89	--	7	11123	买盘
10:03:33	15.89	0.01	4	6356	买盘
10:03:27	15.88	-0.01	47	74636	卖盘
10:03:24	15.89	0.01	3	4767	买盘
10:03:15	15.88	-0.01	34	53992	卖盘
10:03:09	15.89	0.01	5	7945	买盘
10:03:00	15.88	-0.01	10	15880	卖盘
10:02:54	15.89	--	3	4767	买盘
10:02:48	15.89	--	20	31780	买盘
10:02:45	15.89	--	10	15890	买盘
10:02:33	15.89	--	34	54026	买盘
10:02:27	15.89	--	2	3178	买盘
10:02:15	15.89	--	10	15890	买盘
10:02:12	15.89	--	40	63560	买盘
10:02:00	15.89	0.01	10	15890	买盘
10:01:51	15.88	-0.01	110	174680	卖盘
10:01:36	15.89	0.01	10	15890	买盘
10:01:33	15.88	--	70	111160	卖盘
10:01:30	15.88	--	93	147684	卖盘
10:01:27	15.88	--	10	15880	卖盘
10:01:12	15.88	--	60	95280	卖盘
10:01:09	15.88	--	7	11116	买盘
10:00:48	15.88	0.01	3	4764	买盘
10:00:42	15.87	-0.01	50	79350	卖盘
10:00:39	15.88	--	9	14292	卖盘
10:00:33	15.88	--	1	1588	买盘
10:00:30	15.88	--	2	3176	卖盘
10:00:24	15.88	-0.01	7	11116	卖盘
10:00:06	15.89	--	2	4242	卖盘
10:00:00	15.89	--	1	1589	卖盘
09:59:57	15.89	0.01	29	46605	买盘
09:59:51	15.88	-0.01	105	166740	卖盘
09:59:45	15.89	--	4	6356	买盘
09:59:39	15.89	--	11	17479	买盘
09:59:33	15.89	-0.01	4	6356	卖盘
09:59:30	15.9	--	64	101760	买盘
09:59:24	15.9	--	25	39750	买盘
09:59:18	15.9	--	1	1590	买盘
09:59:12	15.9	--	85	135150	买盘
09:59:09	15.9	0.01	5	7950	买盘
09:59:03	15.89	-0.01	1	1589	买盘
09:59:00	15.9	--	2	3180	买盘
09:58:57	15.9	0.01	4	6360	买盘
09:58:48	15.89	-0.01	3	4767	卖盘
09:58:42	15.9	--	21	34455	卖盘
09:58:39	15.9	--	9	14834	买盘
09:58:36	15.9	--	10	15900	买盘
09:58:27	15.9	--	0	1065	卖盘
09:58:21	15.9	0.01	84	134084	买盘
09:58:15	15.89	--	5	7945	买盘
09:58:12	15.89	--	18	29666	卖盘
09:58:06	15.89	--	3	4767	卖盘
09:58:03	15.89	--	3	4767	卖盘
09:58:00	15.89	--	2	3178	卖盘
09:57:54	15.89	--	3	4767	卖盘
09:57:51	15.89	--	1	2113	买盘
09:57:48	15.89	0.01	15	23835	买盘
09:57:45	15.88	-0.01	30	47640	卖盘
09:57:39	15.89	0.01	12	19068	买盘
09:57:36	15.88	-0.01	10	15880	卖盘
09:57:30	15.89	--	205	325745	买盘
09:57:27	15.89	--	5	7945	买盘
09:57:12	15.89	0.02	302	479878	买盘
09:57:09	15.87	--	39	61893	卖盘
09:57:06	15.87	--	58	92046	卖盘
09:57:03	15.87	--	10	15870	卖盘
09:57:00	15.87	--	2	3174	卖盘
09:56:51	15.87	--	45	71415	卖盘
09:56:45	15.87	--	306	485622	卖盘
09:56:42	15.87	--	1	1587	卖盘
09:56:39	15.87	--	24	38088	买盘
09:56:30	15.87	0.01	1	1587	买盘
09:56:24	15.86	--	27	42822	卖盘
09:56:21	15.86	-0.01	10	15860	卖盘
09:56:18	15.87	0.01	58	92046	买盘
09:56:15	15.86	-0.01	5	7930	卖盘
09:56:09	15.87	--	16	25392	买盘
09:56:06	15.87	--	10	15870	买盘
09:56:03	15.87	--	17	26979	买盘
09:55:57	15.87	--	30	47610	买盘
09:55:48	15.87	--	10	15870	买盘
09:55:45	15.87	--	1	1587	买盘
09:55:42	15.87	--	10	15870	买盘
09:55:39	15.87	--	12	19044	买盘
09:55:33	15.87	--	31	49197	买盘
09:55:24	15.87	--	35	55545	买盘
09:55:21	15.87	--	2	3174	买盘
09:55:12	15.87	--	33	52371	买盘
09:55:09	15.87	0.01	2	3174	买盘
09:55:06	15.86	--	5	7930	卖盘
09:55:03	15.86	--	5	7930	卖盘
09:54:54	15.86	--	4	6344	卖盘
09:54:51	15.86	0.01	181	287066	买盘
09:54:45	15.85	-0.01	14	22190	卖盘
09:54:30	15.86	0.01	1	1586	买盘
09:54:27	15.85	--	188	297980	卖盘
09:54:24	15.85	-0.01	8	12680	卖盘
09:54:21	15.86	0.01	10	15860	买盘
09:54:06	15.85	0.01	17	26945	中性盘
09:53:51	15.84	--	4	6336	卖盘
09:53:48	15.84	-0.01	15	23760	卖盘
09:53:45	15.85	0.01	5	7925	买盘
09:53:42	15.84	0.01	10	15840	中性盘
09:53:36	15.83	-0.02	10	15830	卖盘
09:53:33	15.85	--	160	253600	买盘
09:53:30	15.85	--	26	41210	买盘
09:53:21	15.85	0.01	2	3170	买盘
09:53:18	15.84	--	19	30096	卖盘
09:53:15	15.84	--	2	3168	卖盘
09:53:06	15.84	0.01	8	12672	中性盘
09:53:03	15.83	--	5	7915	卖盘
09:52:57	15.83	-0.02	24	37992	卖盘
09:52:51	15.85	0.01	10	15850	买盘
09:52:48	15.84	-0.01	33	52272	卖盘
09:52:42	15.85	0.01	11	17435	买盘
09:52:36	15.84	0.01	53	83952	买盘
09:52:33	15.83	--	13	20579	卖盘
09:52:30	15.83	--	19	30077	买盘
09:52:24	15.83	--	42	66486	卖盘
09:52:21	15.83	-0.01	12	18996	卖盘
09:52:09	15.84	0.01	30	47520	买盘
09:52:06	15.83	-0.01	7	11081	卖盘
09:52:03	15.84	--	15	23760	买盘
09:52:00	15.84	--	8	12672	买盘
09:51:57	15.84	--	6	9504	卖盘
09:51:54	15.84	-0.01	50	79200	卖盘
09:51:51	15.85	--	63	99855	买盘
09:51:48	15.85	0.01	3	4755	买盘
09:51:45	15.84	-0.01	1	1584	卖盘
09:51:42	15.85	0.01	18	28530	买盘
09:51:39	15.84	--	26	41184	卖盘
09:51:36	15.84	-0.01	51	80784	卖盘
09:51:33	15.85	0.01	72	114120	买盘
09:51:30	15.84	--	3	4752	卖盘
09:51:27	15.84	--	32	50688	买盘
09:51:24	15.84	--	20	31680	买盘
09:51:21	15.84	--	3	4752	买盘
09:51:18	15.84	-0.01	65	102960	卖盘
09:51:09	15.85	--	8	12680	买盘
09:51:06	15.85	--	10	15850	买盘
09:51:00	15.85	-0.01	196	310660	卖盘
09:50:54	15.86	0.01	97	153842	买盘
09:50:51	15.85	-0.01	33	52305	卖盘
09:50:45	15.86	--	10	15860	买盘
09:50:39	15.86	--	5	7930	买盘
09:50:36	15.86	--	22	34892	卖盘
09:50:33	15.86	--	5	7930	卖盘
09:50:30	15.86	--	101	160186	卖盘
09:50:27	15.86	-0.01	36	57096	卖盘
09:50:24	15.87	0.01	96	152352	买盘
09:50:21	15.86	--	17	26962	卖盘
09:50:18	15.86	--	45	71370	卖盘
09:50:15	15.86	--	10	15860	卖盘
09:50:12	15.86	--	11	17446	卖盘
09:50:09	15.86	--	15	23790	卖盘
09:49:57	15.86	-0.01	20	31720	卖盘
09:49:54	15.87	--	3	4761	买盘
09:49:48	15.87	--	15	23805	买盘
09:49:42	15.87	--	28	44436	卖盘
09:49:39	15.87	--	85	134895	卖盘
09:49:33	15.87	--	15	23805	卖盘
09:49:27	15.87	-0.01	13	20631	卖盘
09:49:18	15.88	0.01	130	206440	买盘
09:49:12	15.87	--	19	30153	卖盘
09:49:09	15.87	-0.01	1	1587	卖盘
09:49:06	15.88	0.01	19	30172	买盘
09:49:03	15.87	-0.01	30	47610	卖盘
09:49:00	15.88	--	9	14292	买盘
09:48:57	15.88	--	30	47640	买盘
09:48:51	15.88	--	49	77812	卖盘
09:48:48	15.88	-0.01	40	63520	卖盘
09:48:45	15.89	0.01	10	15890	买盘
09:48:39	15.88	--	16	25408	卖盘
09:48:36	15.88	-0.01	89	141332	卖盘
09:48:33	15.89	0.01	1	1589	买盘
09:48:30	15.88	--	3	4764	卖盘
09:48:27	15.88	--	9	14292	卖盘
09:48:24	15.88	-0.01	104	165152	卖盘
09:48:21	15.89	0.01	50	79450	买盘
09:48:15	15.88	-0.01	1	1588	卖盘
09:48:12	15.89	--	10	15890	买盘
09:48:09	15.89	--	10	15890	买盘
09:48:06	15.89	--	1	1589	买盘
09:48:03	15.89	--	10	15890	买盘
09:47:57	15.89	--	2	3178	买盘
09:47:54	15.89	--	10	15890	买盘
09:47:51	15.89	--	100	158900	卖盘
09:47:45	15.89	--	53	84217	买盘
09:47:42	15.89	--	4	6356	买盘
09:47:39	15.89	0.01	10	15890	买盘
09:47:36	15.88	-0.01	1	1588	卖盘
09:47:30	15.89	--	5	7945	买盘
09:47:24	15.89	--	5	7945	买盘
09:47:15	15.89	--	21	33369	买盘
09:47:09	15.89	0.01	22	34958	买盘
09:47:06	15.88	-0.01	13	20644	卖盘
09:47:03	15.89	0.01	3	4767	买盘
09:47:00	15.88	--	10	15880	卖盘
09:46:57	15.88	-0.01	4	6352	卖盘
09:46:54	15.89	--	18	28602	买盘
09:46:48	15.89	0.01	138	219282	买盘
09:46:30	15.88	-0.02	111	176268	卖盘
09:46:27	15.9	--	20	31800	买盘
09:46:24	15.9	0.01	5	7950	买盘
09:46:18	15.89	--	30	47670	卖盘
09:46:15	15.89	--	147	233583	买盘
09:46:12	15.89	--	3	4767	买盘
09:46:09	15.89	0.01	4	6356	买盘
09:46:06	15.88	--	1	1588	卖盘
09:46:03	15.88	-0.01	5	7940	卖盘
09:46:00	15.89	0.01	26	41314	买盘
09:45:57	15.88	-0.01	96	152448	卖盘
09:45:51	15.89	0.01	18	28602	买盘
09:45:48	15.88	-0.01	10	15880	卖盘
09:45:45	15.89	--	12	19068	买盘
09:45:42	15.89	--	10	15890	买盘
09:45:36	15.89	--	10	15890	买盘
09:45:33	15.89	0.01	20	31780	买盘
09:45:27	15.88	--	15	23820	卖盘
09:45:21	15.88	--	6	9528	卖盘
09:45:18	15.88	--	8	12704	买盘
09:45:15	15.88	0.01	5	7940	买盘
09:45:12	15.87	-0.01	3	4761	卖盘
09:45:09	15.88	--	20	31760	买盘
09:45:06	15.88	0.01	72	114336	买盘
09:45:03	15.87	--	13	20631	卖盘
09:44:57	15.87	-0.01	4	6348	卖盘
09:44:51	15.88	0.01	29	46052	买盘
09:44:42	15.87	-0.01	21	33327	卖盘
09:44:33	15.88	0.01	52	82576	买盘
09:44:30	15.87	-0.01	50	79350	卖盘
09:44:27	15.88	--	5	7940	买盘
09:44:24	15.88	--	39	61932	买盘
09:44:12	15.88	--	9	14292	买盘
09:44:09	15.88	0.01	15	23820	买盘
09:44:06	15.87	-0.01	1	1587	卖盘
09:44:03	15.88	--	3	4764	买盘
09:43:48	15.88	0.01	32	50816	买盘
09:43:42	15.87	--	21	33327	卖盘
09:43:33	15.87	-0.01	1	1587	卖盘
09:43:24	15.88	--	1	1588	卖盘
09:43:21	15.88	-0.01	72	114336	卖盘
09:43:12	15.89	0.01	6	9534	买盘
09:43:09	15.88	--	8	12704	卖盘
09:43:06	15.88	--	20	31760	卖盘
09:43:03	15.88	-0.01	1	1588	卖盘
09:43:00	15.89	--	5	7945	买盘
09:42:54	15.89	--	15	23835	买盘
09:42:36	15.89	0.02	3	4767	买盘
09:42:24	15.87	-0.01	12	19044	卖盘
09:42:21	15.88	--	29	46052	买盘
09:42:15	15.88	--	4	6352	买盘
09:42:06	15.88	0.01	10	15880	买盘
09:42:03	15.87	-0.01	5	7935	卖盘
09:42:00	15.88	--	3	4764	买盘
09:41:57	15.88	0.01	26	41288	买盘
09:41:54	15.87	-0.01	22	34914	卖盘
09:41:51	15.88	--	27	42876	买盘
09:41:48	15.88	--	7	11116	买盘
09:41:42	15.88	--	30	47640	买盘
09:41:39	15.88	--	3	4764	买盘
09:41:36	15.88	0.01	20	31760	买盘
09:41:33	15.87	-0.01	22	34914	卖盘
09:41:30	15.88	0.01	1	1588	卖盘
09:41:27	15.87	-0.01	50	79350	卖盘
09:41:24	15.88	--	5	7940	卖盘
09:41:21	15.88	--	25	39700	买盘
09:41:12	15.88	0.01	71	112748	买盘
09:41:09	15.87	--	21	33327	卖盘
09:41:06	15.87	--	30	47610	卖盘
09:40:57	15.87	--	15	23805	卖盘
09:40:54	15.87	-0.01	75	119025	卖盘
09:40:51	15.88	--	13	20644	买盘
09:40:45	15.88	--	42	66696	买盘
09:40:42	15.88	--	20	31760	卖盘
09:40:39	15.88	--	1	1588	卖盘
09:40:36	15.88	--	25	39700	卖盘
09:40:33	15.88	-0.01	14	22232	卖盘
09:40:30	15.89	0.01	11	17479	买盘
09:40:27	15.88	-0.01	8	12704	卖盘
09:40:24	15.89	0.01	31	49259	买盘
09:40:21	15.88	--	4	6352	卖盘
09:40:18	15.88	--	99	157212	卖盘
09:40:15	15.88	-0.01	1	1588	卖盘
09:40:12	15.89	0.01	4	6356	买盘
09:40:09	15.88	--	17	26996	卖盘
09:40:06	15.88	--	40	63520	卖盘
09:40:03	15.88	--	21	33348	卖盘
09:39:57	15.88	-0.01	30	47640	卖盘
09:39:48	15.89	--	7	11123	卖盘
09:39:45	15.89	--	1	1589	卖盘
09:39:39	15.89	--	40	63560	卖盘
09:39:36	15.89	--	6	9534	卖盘
09:39:33	15.89	--	18	28602	卖盘
09:39:30	15.89	-0.01	49	77861	卖盘
09:39:27	15.9	0.01	16	25440	买盘
09:39:24	15.89	--	1	1589	卖盘
09:39:21	15.89	-0.01	89	141421	卖盘
09:39:15	15.9	--	10	15900	买盘
09:39:12	15.9	0.01	18	28620	中性盘
09:39:09	15.89	-0.01	35	55615	卖盘
09:39:06	15.9	--	42	66780	卖盘
09:39:03	15.9	-0.01	48	76320	卖盘
09:39:00	15.91	0.01	19	30229	买盘
09:38:57	15.9	-0.01	134	213060	卖盘
09:38:54	15.91	--	85	135235	买盘
09:38:51	15.91	--	59	93869	卖盘
09:38:48	15.91	--	23	36593	卖盘
09:38:45	15.91	0.01	14	22274	买盘
09:38:42	15.9	--	55	87450	卖盘
09:38:39	15.9	-0.01	50	79500	卖盘
09:38:36	15.91	--	142	225922	买盘
09:38:33	15.91	0.01	10	15910	买盘
09:38:30	15.9	-0.01	36	57240	卖盘
09:38:27	15.91	--	4	6364	买盘
09:38:24	15.91	--	35	55685	买盘
09:38:21	15.91	--	20	31820	买盘
09:38:18	15.91	--	4	6364	卖盘
09:38:15	15.91	--	16	25456	卖盘
09:38:12	15.91	-0.01	50	79550	卖盘
09:38:09	15.92	0.01	21	33432	买盘
09:38:03	15.91	--	33	52503	卖盘
09:38:00	15.91	--	13	20683	卖盘
09:37:57	15.91	--	15	23865	买盘
09:37:51	15.91	-0.01	39	62049	卖盘
09:37:42	15.92	0.01	23	36616	买盘
09:37:39	15.91	-0.01	66	105006	卖盘
09:37:36	15.92	--	60	95520	买盘
09:37:33	15.92	--	19	30248	买盘
09:37:21	15.92	--	35	55720	买盘
09:37:15	15.92	--	61	97112	买盘
09:37:12	15.92	--	2	3184	买盘
09:37:09	15.92	--	10	15920	买盘
09:37:03	15.92	0.02	8	12736	中性盘
09:36:51	15.9	-0.02	135	214650	卖盘
09:36:48	15.92	--	40	63680	卖盘
09:36:42	15.92	0.01	86	136912	买盘
09:36:39	15.91	--	5	7955	买盘
09:36:36	15.91	--	2	3182	买盘
09:36:33	15.91	--	5	7955	买盘
09:36:30	15.91	--	70	111370	买盘
09:36:27	15.91	-0.01	133	211603	卖盘
09:36:15	15.92	0.01	21	33432	买盘
09:36:12	15.91	--	127	202057	买盘
09:36:06	15.91	-0.01	8	12728	中性盘
09:35:54	15.92	--	13	20696	买盘
09:35:51	15.92	0.01	20	31840	买盘
09:35:48	15.91	-0.01	3	4773	卖盘
09:35:45	15.92	--	15	23880	买盘
09:35:42	15.92	0.01	8	12736	买盘
09:35:39	15.91	0.01	6	9546	买盘
09:35:36	15.9	-0.02	1	1590	卖盘
09:35:33	15.92	0.01	125	199000	买盘
09:35:30	15.91	0.01	12	19092	买盘
09:35:27	15.9	-0.01	98	155820	卖盘
09:35:24	15.91	--	5	7955	卖盘
09:35:21	15.91	--	13	20683	卖盘
09:35:18	15.91	-0.01	5	7955	卖盘
09:35:15	15.92	0.01	29	46168	买盘
09:35:12	15.91	0.01	11	17501	买盘
09:35:09	15.9	--	5	7950	卖盘
09:35:03	15.9	-0.01	102	162180	卖盘
09:35:00	15.91	--	91	144781	买盘
09:34:57	15.91	0.01	19	30229	买盘
09:34:54	15.9	-0.01	8	12720	卖盘
09:34:51	15.91	--	55	87505	买盘
09:34:48	15.91	--	5	7955	买盘
09:34:45	15.91	--	3	4773	买盘
09:34:42	15.91	-0.01	5	7955	卖盘
09:34:39	15.92	0.01	4	6368	买盘
09:34:36	15.91	--	90	143190	卖盘
09:34:33	15.91	-0.02	14	22274	卖盘
09:34:27	15.93	0.02	20	31860	买盘
09:34:21	15.91	-0.01	83	132053	卖盘
09:34:18	15.92	--	20	31840	买盘
09:34:15	15.92	-0.01	16	25472	卖盘
09:34:12	15.93	0.01	35	55755	买盘
09:34:09	15.92	-0.01	10	15920	卖盘
09:34:06	15.93	0.01	31	49383	买盘
09:34:03	15.92	-0.01	30	47760	卖盘
09:34:00	15.93	--	30	47790	买盘
09:33:57	15.93	--	21	33453	买盘
09:33:54	15.93	--	19	30267	买盘
09:33:51	15.93	0.01	22	35046	买盘
09:33:45	15.92	-0.01	53	84376	卖盘
09:33:42	15.93	--	76	121068	买盘
09:33:36	15.93	--	18	28674	买盘
09:33:33	15.93	0.02	50	79650	买盘
09:33:30	15.91	--	58	92278	卖盘
09:33:27	15.91	--	17	27047	卖盘
09:33:24	15.91	--	65	103415	卖盘
09:33:21	15.91	--	1	1591	卖盘
09:33:18	15.91	-0.01	3	4773	卖盘
09:33:15	15.92	--	36	57312	卖盘
09:33:12	15.92	--	25	39800	卖盘
09:33:09	15.92	0.01	1	1592	买盘
09:33:06	15.91	-0.01	121	192511	卖盘
09:33:03	15.92	--	68	108256	买盘
09:33:00	15.92	0.01	66	105072	买盘
09:32:57	15.91	-0.01	55	87505	卖盘
09:32:54	15.92	--	51	81192	买盘
09:32:51	15.92	-0.01	8	12736	卖盘
09:32:48	15.93	0.01	10	15930	买盘
09:32:45	15.92	--	24	38208	买盘
09:32:42	15.92	--	20	31840	买盘
09:32:39	15.92	--	8	12736	买盘
09:32:33	15.92	--	6	9552	买盘
09:32:30	15.92	-0.01	153	243576	卖盘
09:32:27	15.93	0.01	28	44604	卖盘
09:32:24	15.92	-0.01	29	46168	卖盘
09:32:21	15.93	--	33	52569	买盘
09:32:18	15.93	--	15	23895	买盘
09:32:12	15.93	--	34	54162	买盘
09:32:09	15.93	0.01	14	22302	买盘
09:32:00	15.92	-0.01	18	28656	卖盘
09:31:57	15.93	-0.01	6	9558	卖盘
09:31:54	15.94	0.03	1	1594	买盘
09:31:51	15.91	-0.05	28	44548	卖盘
09:31:45	15.96	0.04	130	207480	买盘
09:31:42	15.92	--	16	25472	买盘
09:31:36	15.92	--	3	4776	买盘
09:31:33	15.92	-0.02	290	461680	卖盘
09:31:30	15.94	-0.01	4	6376	卖盘
09:31:27	15.95	0.01	46	73370	中性盘
09:31:24	15.94	-0.01	57	90858	卖盘
09:31:21	15.95	0.01	35	55825	买盘
09:31:18	15.94	--	40	63760	卖盘
09:31:15	15.94	--	142	226348	卖盘
09:31:03	15.94	0.01	44	70136	买盘
09:31:00	15.93	-0.01	266	423738	卖盘
09:30:57	15.94	--	10	15940	买盘
09:30:54	15.94	0.01	23	36662	买盘
09:30:51	15.93	--	30	47790	买盘
09:30:48	15.93	-0.01	19	30267	卖盘
09:30:45	15.94	--	56	89264	买盘
09:30:42	15.94	--	2	3188	买盘
09:30:36	15.94	--	10	15940	买盘
09:30:33	15.94	--	54	86076	买盘
09:30:27	15.94	-0.01	11	17534	买盘
09:30:24	15.95	0.03	83	132385	买盘
09:30:21	15.92	--	443	705256	卖盘
09:30:18	15.92	-0.01	134	213328	卖盘
09:30:15	15.93	-0.01	93	148149	卖盘
09:30:12	15.94	--	187	298078	卖盘
09:30:09	15.94	--	4	6376	卖盘
09:30:03	15.94	0.03	240	382560	买盘
09:30:00	15.91	--	0	0	卖盘
09:25:03	15.91	15.91	267	424797	买盘
