成交时间	成交价	价格变动	成交量(手)	成交额(元)	性质
15:00:03	21.95	--	426	936167	卖盘
14:57:00	21.95	--	0	0	卖盘
14:56:51	21.95	--	1	2195	卖盘
14:56:48	21.95	--	4	8780	卖盘
14:56:45	21.95	--	30	65850	卖盘
14:56:42	21.95	-0.01	18	39510	卖盘
14:56:39	21.96	0.01	14	30744	买盘
14:56:36	21.95	--	4	8780	卖盘
14:56:33	21.95	--	8	17560	卖盘
14:56:24	21.95	--	7	15365	卖盘
14:56:21	21.95	--	23	51582	卖盘
14:56:12	21.95	--	5	10975	卖盘
14:55:57	21.95	-0.01	8	17560	卖盘
14:55:54	21.96	--	19	41724	买盘
14:55:42	21.96	--	1	2196	买盘
14:55:39	21.96	0.02	105	230580	买盘
14:55:33	21.94	--	10	21940	卖盘
14:55:30	21.94	-0.01	20	43880	卖盘
14:55:24	21.95	--	20	43900	买盘
14:55:21	21.95	--	6	13170	买盘
14:55:18	21.95	--	15	32925	买盘
14:55:09	21.95	-0.01	35	76825	卖盘
14:55:06	21.96	--	1	2196	买盘
14:55:00	21.96	--	2	4392	买盘
14:54:54	21.96	--	35	76860	买盘
14:54:51	21.96	0.01	2	4392	买盘
14:54:39	21.95	--	10	21950	卖盘
14:54:36	21.95	--	25	55972	卖盘
14:54:33	21.95	-0.01	20	43900	卖盘
14:54:30	21.96	0.01	2	4392	买盘
14:54:27	21.95	--	31	68045	卖盘
14:54:24	21.95	-0.01	20	43900	卖盘
14:54:21	21.96	0.01	18	39528	买盘
14:54:06	21.95	--	27	59265	卖盘
14:54:03	21.95	-0.03	37	81215	卖盘
14:54:00	21.98	0.02	18	39564	买盘
14:53:57	21.96	--	10	21960	卖盘
14:53:54	21.96	--	28	61488	买盘
14:53:51	21.96	0.01	21	46116	买盘
14:53:48	21.95	-0.01	2	4390	卖盘
14:53:39	21.96	-0.02	1	2196	卖盘
14:53:30	21.98	0.02	13	28574	买盘
14:53:21	21.96	--	4	8784	卖盘
14:53:12	21.96	-0.02	1	2196	卖盘
14:53:09	21.98	0.02	6	13188	买盘
14:52:57	21.96	-0.03	8	17568	卖盘
14:52:54	21.99	0.01	22	48378	买盘
14:52:51	21.98	--	10	21980	卖盘
14:52:24	21.98	-0.01	2	4396	中性盘
14:52:09	21.99	--	44	96756	买盘
14:52:06	21.99	--	18	39582	买盘
14:52:03	21.99	--	35	76965	买盘
14:51:48	21.99	-0.01	10	21990	卖盘
14:51:30	22.0	--	8	17600	买盘
14:51:27	22.0	--	57	125400	买盘
14:51:15	22.0	--	76	168300	卖盘
14:51:12	22.0	--	6	13200	卖盘
14:50:57	22.0	0.01	169	372900	买盘
14:50:54	21.99	-0.01	5	10995	卖盘
14:50:42	22.0	--	13	29700	卖盘
14:50:36	22.0	--	70	154000	卖盘
14:50:27	22.0	--	15	33000	卖盘
14:50:06	22.0	--	1	2200	卖盘
14:50:00	22.0	--	19	41800	卖盘
14:49:54	22.0	-0.02	10	22000	卖盘
14:49:42	22.02	0.02	26	57252	买盘
14:49:36	22.0	--	5	11000	卖盘
14:49:18	22.0	-0.02	145	319000	卖盘
14:49:15	22.02	0.01	67	147534	买盘
14:49:12	22.01	--	7	15407	卖盘
14:49:09	22.01	--	43	94643	买盘
14:49:00	22.01	--	10	22010	卖盘
14:48:57	22.01	--	9	19809	卖盘
14:48:45	22.01	--	3	6603	卖盘
14:48:42	22.01	0.01	8	17608	买盘
14:48:39	22.0	--	60	132000	卖盘
14:48:30	22.0	-0.01	50	110000	卖盘
14:48:27	22.01	0.01	18	39618	买盘
14:48:24	22.0	-0.01	1	2200	卖盘
14:48:18	22.01	--	8	17608	买盘
14:48:15	22.01	--	1	2201	卖盘
14:48:12	22.01	--	27	59427	卖盘
14:48:03	22.01	0.01	2	4402	买盘
14:48:00	22.0	--	4	8800	卖盘
14:47:57	22.0	-0.01	4	8800	卖盘
14:47:54	22.01	0.01	17	37417	买盘
14:47:45	22.0	-0.01	8	18700	卖盘
14:47:27	22.01	--	8	17608	卖盘
14:47:24	22.01	-0.01	6	13206	卖盘
14:47:18	22.02	0.01	10	22020	买盘
14:47:09	22.01	--	1	2201	卖盘
14:47:06	22.01	-0.01	9	19809	卖盘
14:47:03	22.02	--	1	2202	买盘
14:46:51	22.02	--	10	22020	买盘
14:46:48	22.02	--	5	11010	买盘
14:46:33	22.02	0.01	15	33030	买盘
14:46:27	22.01	--	5	11005	卖盘
14:46:21	22.01	-0.01	20	44020	卖盘
14:46:18	22.02	0.01	20	44040	买盘
14:46:12	22.01	--	3	6603	卖盘
14:45:57	22.01	-0.01	4	8804	卖盘
14:45:48	22.02	--	19	41838	卖盘
14:45:39	22.02	-0.01	13	28626	卖盘
14:45:36	22.03	0.01	3	6609	买盘
14:45:33	22.02	-0.01	2	4404	卖盘
14:45:30	22.03	0.01	22	48466	买盘
14:45:27	22.02	-0.02	22	48444	卖盘
14:45:18	22.04	0.01	2	4408	买盘
14:45:09	22.03	0.01	2	4406	卖盘
14:45:03	22.02	-0.02	10	22020	卖盘
14:45:00	22.04	0.02	27	59508	买盘
14:44:54	22.02	--	1	2202	卖盘
14:44:42	22.02	-0.02	10	22020	卖盘
14:44:36	22.04	--	1	2204	买盘
14:44:24	22.04	-0.01	77	169708	卖盘
14:44:15	22.05	0.01	10	22050	买盘
14:44:12	22.04	--	5	11020	卖盘
14:44:03	22.04	--	5	11020	卖盘
14:43:36	22.04	-0.01	2	4408	卖盘
14:43:33	22.05	0.01	4	8820	买盘
14:43:27	22.04	0.01	76	167504	中性盘
14:43:24	22.03	--	21	46263	买盘
14:43:21	22.03	0.01	1	2203	买盘
14:43:15	22.02	--	33	72666	卖盘
14:43:09	22.02	-0.01	1	2202	卖盘
14:43:06	22.03	--	31	68293	买盘
14:42:57	22.03	-0.02	48	105744	卖盘
14:42:45	22.05	--	2	4410	中性盘
14:42:42	22.05	0.02	10	22050	买盘
14:42:36	22.03	-0.02	65	143195	卖盘
14:42:33	22.05	--	5	11025	买盘
14:42:30	22.05	-0.02	5	11025	中性盘
14:42:00	22.07	0.03	4	8828	买盘
14:41:51	22.04	--	5	11020	卖盘
14:41:39	22.04	-0.04	10	22040	卖盘
14:41:30	22.08	--	4	8832	买盘
14:41:15	22.08	0.01	40	88320	买盘
14:41:00	22.07	0.03	4	8828	买盘
14:40:48	22.04	-0.04	4	8816	卖盘
14:40:30	22.08	0.04	8	17664	买盘
14:40:21	22.04	--	9	19836	卖盘
14:40:03	22.04	-0.04	2	4408	卖盘
14:40:00	22.08	0.04	9	19872	买盘
14:39:54	22.04	-0.03	4	8816	卖盘
14:39:51	22.07	0.03	40	88280	买盘
14:39:39	22.04	0.01	4	8816	中性盘
14:39:30	22.03	-0.04	9	19827	卖盘
14:39:18	22.07	-0.02	9	19863	卖盘
14:39:09	22.09	0.02	11	24299	买盘
14:39:06	22.07	--	3	6621	卖盘
14:39:03	22.07	--	3	6621	买盘
14:39:00	22.07	0.04	4	8828	买盘
14:38:51	22.03	-0.04	10	22030	卖盘
14:38:48	22.07	0.05	24	52968	买盘
14:38:42	22.02	-0.06	8	17616	卖盘
14:38:33	22.08	-0.01	20	44160	卖盘
14:38:30	22.09	0.04	5	11045	买盘
14:38:27	22.05	0.03	10	22050	买盘
14:38:21	22.02	--	1	2202	卖盘
14:38:15	22.02	-0.03	10	22020	卖盘
14:38:06	22.05	-0.05	27	59535	卖盘
14:38:00	22.1	--	4	8840	买盘
14:37:57	22.1	0.03	33	72930	买盘
14:37:48	22.07	-0.03	80	176560	卖盘
14:37:42	22.1	--	10	22100	买盘
14:37:36	22.1	--	3	6630	买盘
14:37:33	22.1	-0.01	10	22100	卖盘
14:37:30	22.11	0.01	4	8844	买盘
14:37:27	22.1	-0.01	12	26520	卖盘
14:37:24	22.11	0.01	9	19899	买盘
14:37:18	22.1	--	6	13260	卖盘
14:37:15	22.1	-0.01	32	70720	卖盘
14:37:06	22.11	--	9	19899	买盘
14:37:00	22.11	0.01	5	11055	买盘
14:36:57	22.1	--	15	33150	卖盘
14:36:54	22.1	-0.01	15	33150	卖盘
14:36:51	22.11	0.01	16	35376	买盘
14:36:48	22.1	-0.01	12	26520	卖盘
14:36:45	22.11	0.01	3	6633	买盘
14:36:42	22.1	--	20	44200	买盘
14:36:39	22.1	--	10	22100	中性盘
14:36:36	22.1	--	4	8840	卖盘
14:36:33	22.1	--	24	53040	买盘
14:36:30	22.1	--	13	28730	买盘
14:36:21	22.1	0.03	71	156910	买盘
14:36:15	22.07	--	2	4414	卖盘
14:36:12	22.07	-0.03	1	2207	卖盘
14:36:09	22.1	--	100	221000	买盘
14:36:06	22.1	0.01	200	442000	买盘
14:36:03	22.09	--	20	44180	买盘
14:35:57	22.09	0.03	96	212064	买盘
14:35:51	22.06	-0.01	2	4412	卖盘
14:35:48	22.07	--	7	15449	买盘
14:35:42	22.07	0.01	4	8828	买盘
14:35:36	22.06	-0.01	16	35296	卖盘
14:35:33	22.07	--	35	77245	买盘
14:35:30	22.07	0.01	4	8828	买盘
14:35:27	22.06	--	11	24266	卖盘
14:35:24	22.06	0.01	10	22060	买盘
14:35:21	22.05	-0.01	30	66150	卖盘
14:35:15	22.06	0.01	4	8824	买盘
14:35:12	22.05	0.01	93	205065	买盘
14:35:03	22.04	-0.01	2	4408	卖盘
14:35:00	22.05	0.03	4	8820	买盘
14:34:39	22.02	--	4	8808	卖盘
14:34:33	22.02	-0.01	11	24222	买盘
14:34:30	22.03	-0.02	4	8812	中性盘
14:34:27	22.05	0.03	305	672525	买盘
14:34:12	22.02	--	5	11010	买盘
14:34:06	22.02	--	22	48444	买盘
14:34:00	22.02	--	4	8808	买盘
14:33:57	22.02	--	9	19818	买盘
14:33:45	22.02	0.02	3	6606	买盘
14:33:36	22.0	-0.01	24	52800	中性盘
14:33:33	22.01	0.01	140	308140	买盘
14:33:30	22.0	0.02	34	74800	买盘
14:33:21	21.98	-0.02	7	15386	卖盘
14:33:15	22.0	--	100	220000	买盘
14:33:09	22.0	--	2	4400	买盘
14:33:00	22.0	0.02	4	8800	买盘
14:32:51	21.98	0.01	1	2198	中性盘
14:32:45	21.97	-0.03	26	57122	卖盘
14:32:36	22.0	0.02	326	717200	买盘
14:32:30	21.98	0.01	4	8792	买盘
14:32:18	21.97	--	10	21970	卖盘
14:32:15	21.97	0.01	4	8788	买盘
14:32:03	21.96	--	1	2196	买盘
14:32:00	21.96	--	104	228384	买盘
14:31:54	21.96	--	10	21960	买盘
14:31:45	21.96	--	3	6588	买盘
14:31:30	21.96	--	5	10980	买盘
14:31:21	21.96	-0.02	15	32940	卖盘
14:31:06	21.98	--	15	33849	卖盘
14:31:03	21.98	-0.01	4	9891	卖盘
14:31:00	21.99	0.01	4	8796	买盘
14:30:57	21.98	-0.01	20	43960	卖盘
14:30:33	21.99	--	9	19791	买盘
14:30:30	21.99	0.01	62	136338	买盘
14:30:24	21.98	-0.01	2	4396	卖盘
14:30:21	21.99	0.01	2	4398	买盘
14:30:15	21.98	--	20	43960	卖盘
14:30:12	21.98	0.01	50	110119	买盘
14:30:03	21.97	-0.01	7	15379	卖盘
14:30:00	21.98	0.01	5	10990	买盘
14:29:54	21.97	-0.01	10	21970	卖盘
14:29:48	21.98	0.01	1	2198	买盘
14:29:45	21.97	--	5	10985	卖盘
14:29:36	21.97	-0.01	17	37349	卖盘
14:29:24	21.98	--	3	6594	买盘
14:29:21	21.98	0.01	2	4396	买盘
14:29:18	21.97	-0.01	2	4394	卖盘
14:29:03	21.98	--	4	8792	买盘
14:28:54	21.98	-0.01	1	4176	卖盘
14:28:39	21.99	--	1	2199	买盘
14:28:36	21.99	--	4	8796	买盘
14:28:24	21.99	--	5	10995	买盘
14:28:06	21.99	-0.01	4	8796	中性盘
14:27:45	22.0	--	60	132000	买盘
14:27:36	22.0	--	4	8800	买盘
14:27:33	22.0	--	4	8800	买盘
14:27:24	22.0	--	2	4400	买盘
14:27:18	22.0	--	4	8800	买盘
14:27:12	22.0	0.01	23	50600	买盘
14:27:06	21.99	0.01	5	11214	买盘
14:26:51	21.98	-0.01	18	41542	卖盘
14:26:36	21.99	0.01	4	8796	买盘
14:26:33	21.98	--	84	184632	卖盘
14:26:12	21.98	-0.01	2	4396	卖盘
14:26:06	21.99	0.01	4	8796	买盘
14:25:57	21.98	--	2	4396	卖盘
14:25:54	21.98	--	6	13188	卖盘
14:25:39	21.98	-0.01	5	10990	卖盘
14:25:36	21.99	--	5	10995	买盘
14:25:09	21.99	--	172	378228	买盘
14:25:06	21.99	--	4	8796	买盘
14:25:00	21.99	0.01	4	8796	买盘
14:24:51	21.98	--	30	66159	买盘
14:24:36	21.98	--	4	8792	买盘
14:24:33	21.98	--	6	13188	买盘
14:24:24	21.98	0.01	4	8792	买盘
14:24:09	21.97	-0.01	2	4394	卖盘
14:24:06	21.98	--	4	8792	买盘
14:24:03	21.98	--	6	13188	买盘
14:24:00	21.98	0.01	2	4396	买盘
14:23:54	21.97	-0.01	50	109850	卖盘
14:23:45	21.98	--	30	65940	买盘
14:23:36	21.98	0.01	34	74732	买盘
14:23:30	21.97	--	5	10985	卖盘
14:23:24	21.97	--	1	2197	卖盘
14:23:21	21.97	-0.01	3	6591	卖盘
14:23:06	21.98	0.01	4	8792	买盘
14:22:54	21.97	0.01	20	43940	卖盘
14:22:39	21.96	--	48	105408	卖盘
14:22:33	21.96	--	201	441396	卖盘
14:22:27	21.96	0.02	79	173484	买盘
14:22:18	21.94	-0.01	10	21940	卖盘
14:22:12	21.95	0.01	15	32925	买盘
14:22:09	21.94	-0.01	5	10970	卖盘
14:21:45	21.95	--	2	4390	卖盘
14:21:42	21.95	--	18	39510	买盘
14:21:21	21.95	--	15	32925	买盘
14:21:15	21.95	--	1	2195	买盘
14:21:03	21.95	--	1	2195	买盘
14:20:57	21.95	--	15	32925	买盘
14:20:33	21.95	0.01	70	153650	买盘
14:20:27	21.94	--	5	10970	卖盘
14:20:12	21.94	-0.01	10	21940	买盘
14:20:09	21.95	0.03	50	109750	买盘
14:19:54	21.92	-0.02	1	2192	卖盘
14:19:45	21.94	0.02	20	43880	买盘
14:19:42	21.92	--	15	32880	卖盘
14:19:24	21.92	--	7	15344	卖盘
14:19:21	21.92	--	10	21920	卖盘
14:19:06	21.92	--	4	8768	卖盘
14:18:39	21.92	-0.01	5	10960	卖盘
14:18:36	21.93	--	3	6579	卖盘
14:18:27	21.93	-0.01	50	109650	卖盘
14:18:06	21.94	0.01	2	4388	买盘
14:18:03	21.93	--	13	28509	卖盘
14:17:57	21.93	--	114	250002	卖盘
14:17:54	21.93	--	13	28509	卖盘
14:17:39	21.93	--	44	96492	买盘
14:17:24	21.93	--	55	120615	卖盘
14:17:06	21.93	-0.01	3	6579	卖盘
14:16:54	21.94	--	3	7679	卖盘
14:16:51	21.94	--	22	49365	卖盘
14:16:48	21.94	-0.01	4	8776	卖盘
14:16:24	21.95	--	40	87800	卖盘
14:16:15	21.95	--	7	15365	卖盘
14:16:00	21.95	--	22	48290	卖盘
14:15:54	21.95	--	4	8780	卖盘
14:15:48	21.95	-0.01	10	21950	卖盘
14:15:39	21.96	--	3	6588	买盘
14:15:09	21.96	--	4	9882	卖盘
14:15:06	21.96	--	20	43920	卖盘
14:14:57	21.96	-0.01	20	43920	卖盘
14:14:18	21.97	--	10	21970	买盘
14:14:09	21.97	0.01	6	13182	买盘
14:14:06	21.96	--	2	4392	卖盘
14:14:03	21.96	--	5	10980	卖盘
14:14:00	21.96	--	14	30744	卖盘
14:13:45	21.96	--	10	21960	卖盘
14:13:33	21.96	--	44	96624	卖盘
14:13:30	21.96	--	22	48312	卖盘
14:13:03	21.96	--	1	2196	卖盘
14:13:00	21.96	--	1	2196	卖盘
14:12:45	21.96	-0.01	2	4392	卖盘
14:12:42	21.97	0.01	5	10985	买盘
14:12:21	21.96	--	2	4392	卖盘
14:12:09	21.96	--	5	10980	卖盘
14:12:00	21.96	--	3	6588	卖盘
14:11:57	21.96	--	8	18666	卖盘
14:11:54	21.96	--	6	13176	卖盘
14:11:48	21.96	-0.01	30	65880	卖盘
14:11:36	21.97	--	10	21970	买盘
14:11:30	21.97	--	4	8788	买盘
14:11:12	21.97	--	6	13182	买盘
14:11:09	21.97	--	7	17356	卖盘
14:11:06	21.97	--	10	21970	卖盘
14:10:57	21.97	--	4	8788	卖盘
14:10:42	21.97	--	22	48334	卖盘
14:10:36	21.97	--	2	4394	卖盘
14:10:33	21.97	--	6	13182	卖盘
14:10:30	21.97	-0.01	50	109850	卖盘
14:10:24	21.98	0.01	10	21980	买盘
14:10:09	21.97	--	3	6591	卖盘
14:09:57	21.97	--	4	8788	卖盘
14:09:54	21.97	--	1	2197	卖盘
14:09:42	21.97	--	1	2197	卖盘
14:09:30	21.97	-0.01	3	6591	卖盘
14:09:24	21.98	0.01	50	109900	买盘
14:09:12	21.97	--	10	21970	卖盘
14:08:57	21.97	--	3	6591	卖盘
14:08:51	21.97	--	10	21970	卖盘
14:08:36	21.97	--	4	8788	卖盘
14:08:24	21.97	--	4	8788	卖盘
14:08:03	21.97	--	2	4394	卖盘
14:07:42	21.97	--	1	2197	卖盘
14:07:06	21.97	--	7	15379	卖盘
14:07:03	21.97	--	1	2197	卖盘
14:06:48	21.97	--	5	10985	卖盘
14:06:18	21.97	--	3	6591	卖盘
14:05:45	21.97	-0.01	36	79092	卖盘
14:05:42	21.98	0.01	10	21980	买盘
14:05:39	21.97	--	8	17576	卖盘
14:05:21	21.97	--	20	43940	卖盘
14:05:12	21.97	--	3	6810	买盘
14:05:09	21.97	0.01	24	52728	买盘
14:05:03	21.96	-0.01	38	83448	卖盘
14:04:57	21.97	--	5	10985	买盘
14:04:45	21.97	--	7	15379	买盘
14:04:39	21.97	0.01	5	10985	买盘
14:04:30	21.96	--	10	21960	卖盘
14:04:21	21.96	--	40	87840	买盘
14:04:18	21.96	--	3	6588	买盘
14:04:15	21.96	--	5	10980	买盘
14:04:12	21.96	--	4	8784	买盘
14:04:00	21.96	-0.01	13	28548	中性盘
14:03:30	21.97	0.02	63	138411	买盘
14:03:15	21.95	-0.01	2	4390	卖盘
14:03:12	21.96	0.01	51	111996	买盘
14:03:09	21.95	-0.01	4	8780	卖盘
14:03:06	21.96	--	31	68076	买盘
14:02:48	21.96	--	1	2196	买盘
14:02:30	21.96	--	4	8784	买盘
14:02:21	21.96	--	8	19544	卖盘
14:02:06	21.96	--	15	32940	卖盘
14:01:57	21.96	--	5	10980	卖盘
14:01:54	21.96	--	10	21960	卖盘
14:01:48	21.96	--	1	2415	买盘
14:01:42	21.96	--	29	65660	卖盘
14:01:33	21.96	--	1	2196	卖盘
14:01:21	21.96	--	2	4392	卖盘
14:01:09	21.96	--	2	4392	卖盘
14:01:00	21.96	0.01	42	92451	买盘
14:00:51	21.95	-0.01	4	8780	卖盘
14:00:45	21.96	0.01	23	50508	买盘
14:00:39	21.95	-0.01	34	74630	卖盘
14:00:30	21.96	--	33	72468	买盘
14:00:21	21.96	--	1	2196	买盘
14:00:15	21.96	0.01	8	17568	买盘
13:59:42	21.95	--	5	10975	卖盘
13:59:30	21.95	--	2	4390	卖盘
13:59:24	21.95	--	2	4390	卖盘
13:59:18	21.95	--	20	43900	卖盘
13:59:09	21.95	--	7	15365	卖盘
13:59:06	21.95	--	6	13170	卖盘
13:59:03	21.95	0.01	78	171210	买盘
13:58:57	21.94	--	2	4388	卖盘
13:58:51	21.94	--	24	52656	卖盘
13:58:33	21.94	--	5	10970	卖盘
13:58:24	21.94	--	6	13164	卖盘
13:58:15	21.94	--	3	6582	卖盘
13:57:51	21.94	--	4	8776	卖盘
13:57:48	21.94	-0.01	5	10970	卖盘
13:57:42	21.95	--	5	10975	卖盘
13:57:15	21.95	-0.01	4	8780	卖盘
13:57:03	21.96	-0.01	140	307440	卖盘
13:56:57	21.97	--	1	2197	卖盘
13:56:51	21.97	--	1	2197	卖盘
13:56:48	21.97	--	3	6591	卖盘
13:56:42	21.97	--	26	57122	卖盘
13:56:39	21.97	--	10	21970	卖盘
13:56:33	21.97	--	5	10985	卖盘
13:56:21	21.97	--	15	32955	卖盘
13:56:18	21.97	--	10	21970	卖盘
13:56:03	21.97	--	10	21970	卖盘
13:55:51	21.97	--	30	65910	卖盘
13:55:27	21.97	--	1	2197	卖盘
13:55:18	21.97	--	5	10985	卖盘
13:55:09	21.97	--	2	4394	卖盘
13:54:48	21.97	--	8	17576	卖盘
13:54:42	21.97	--	1	2197	卖盘
13:54:30	21.97	--	1	2197	买盘
13:54:18	21.97	0.01	10	21970	买盘
13:54:12	21.96	-0.01	30	65880	卖盘
13:53:51	21.97	-0.01	10	21970	卖盘
13:52:30	21.98	--	7	15386	买盘
13:52:18	21.98	0.01	20	43960	买盘
13:52:12	21.97	-0.01	12	26364	卖盘
13:52:09	21.98	0.01	40	87920	买盘
13:52:06	21.97	-0.01	5	10985	卖盘
13:52:03	21.98	--	33	72534	买盘
13:52:00	21.98	0.01	50	109900	买盘
13:51:57	21.97	--	9	19773	卖盘
13:51:54	21.97	-0.01	18	39546	卖盘
13:51:48	21.98	--	6	13188	买盘
13:51:36	21.98	--	151	331898	卖盘
13:51:33	21.98	--	10	21980	卖盘
13:51:27	21.98	--	10	21980	卖盘
13:51:24	21.98	--	1	2198	卖盘
13:51:18	21.98	-0.01	29	63742	卖盘
13:50:54	21.99	--	76	167124	卖盘
13:50:51	21.99	-0.01	7	15392	卖盘
13:50:48	22.0	0.01	5	11000	买盘
13:50:45	21.99	--	2	4398	卖盘
13:50:42	21.99	--	17	37383	卖盘
13:50:33	21.99	--	5	10995	卖盘
13:50:30	21.99	--	24	52775	卖盘
13:50:27	21.99	--	3	6596	卖盘
13:50:15	21.99	--	5	10995	卖盘
13:50:12	21.99	--	9	19791	卖盘
13:50:06	21.99	--	3	6596	卖盘
13:49:57	21.99	-0.01	3	6596	卖盘
13:49:54	22.0	--	46	101200	卖盘
13:49:51	22.0	--	18	39600	卖盘
13:49:48	22.0	--	1	2200	卖盘
13:49:45	22.0	--	2	4400	卖盘
13:49:42	22.0	--	5	11000	卖盘
13:49:39	22.0	--	9	19800	卖盘
13:49:27	22.0	0.01	34	74800	买盘
13:49:21	21.99	--	2	4398	买盘
13:49:15	21.99	0.01	1	2199	买盘
13:49:09	21.98	-0.01	5	10990	卖盘
13:49:03	21.99	--	12	26387	买盘
13:49:00	21.99	--	20	43980	买盘
13:48:54	21.99	--	1	2199	买盘
13:48:48	21.99	--	5	10995	卖盘
13:48:45	21.99	-0.01	7	15392	卖盘
13:48:42	22.0	0.01	13	28600	买盘
13:48:39	21.99	-0.01	2	4398	卖盘
13:48:36	22.0	0.01	300	660000	买盘
13:48:33	21.99	--	2	4398	卖盘
13:48:30	21.99	0.01	91	200109	买盘
13:48:24	21.98	-0.01	2	4396	卖盘
13:48:15	21.99	--	3	6596	买盘
13:48:12	21.99	--	51	112148	买盘
13:48:06	21.99	0.01	30	65970	买盘
13:48:03	21.98	--	24	52752	卖盘
13:47:54	21.98	--	13	28574	卖盘
13:47:39	21.98	--	5	10990	卖盘
13:47:21	21.98	0.01	37	81326	买盘
13:47:09	21.97	--	11	24167	买盘
13:47:06	21.97	--	5	10985	买盘
13:47:03	21.97	--	1	2197	买盘
13:47:00	21.97	0.01	20	43940	买盘
13:46:57	21.96	--	6	13176	卖盘
13:46:51	21.96	-0.01	3	6588	卖盘
13:46:24	21.97	0.01	5	10985	买盘
13:46:15	21.96	-0.01	5	10980	卖盘
13:46:00	21.97	--	18	39546	买盘
13:45:51	21.97	-0.01	1	2197	卖盘
13:45:48	21.98	0.01	28	61544	买盘
13:45:33	21.97	--	20	43940	卖盘
13:45:30	21.97	--	13	28561	买盘
13:45:21	21.97	--	4	8788	买盘
13:45:18	21.97	--	8	17576	买盘
13:45:03	21.97	--	9	19773	买盘
13:44:51	21.97	--	9	19773	买盘
13:44:42	21.97	--	4	8788	买盘
13:44:21	21.97	0.01	19	41743	买盘
13:44:12	21.96	--	2	4392	卖盘
13:43:57	21.96	--	1	2196	卖盘
13:43:51	21.96	--	101	221796	买盘
13:43:42	21.96	--	51	111996	买盘
13:43:36	21.96	--	50	109800	买盘
13:43:27	21.96	--	50	109800	买盘
13:43:21	21.96	--	60	131760	买盘
13:43:15	21.96	--	6	13176	买盘
13:43:12	21.96	--	33	72468	买盘
13:43:00	21.96	0.01	56	122976	买盘
13:42:42	21.95	--	5	10975	卖盘
13:42:39	21.95	--	20	44997	买盘
13:42:24	21.95	0.01	150	329250	买盘
13:42:15	21.94	--	5	10970	卖盘
13:41:54	21.94	-0.01	11	24134	卖盘
13:41:51	21.95	--	18	39510	买盘
13:41:42	21.95	0.01	5	10975	买盘
13:41:39	21.94	--	20	43880	卖盘
13:41:30	21.94	-0.01	22	48268	卖盘
13:41:27	21.95	0.01	22	48290	买盘
13:41:15	21.94	--	10	21940	卖盘
13:41:09	21.94	--	2	4388	卖盘
13:41:03	21.94	--	10	21940	卖盘
13:40:33	21.94	--	10	21940	卖盘
13:40:21	21.94	--	9	19746	卖盘
13:40:18	21.94	--	10	21940	卖盘
13:39:51	21.94	--	81	177714	卖盘
13:39:30	21.94	--	31	68014	卖盘
13:39:27	21.94	-0.01	12	26328	卖盘
13:39:00	21.95	0.01	3	6585	买盘
13:38:45	21.94	--	7	15358	卖盘
13:38:42	21.94	--	42	92148	买盘
13:38:30	21.94	--	5	10970	买盘
13:38:12	21.94	--	15	32910	卖盘
13:37:48	21.94	--	10	21940	卖盘
13:37:33	21.94	--	1	2194	卖盘
13:37:18	21.94	--	1	2194	卖盘
13:37:09	21.94	-0.01	14	30716	卖盘
13:36:54	21.95	0.01	201	441195	买盘
13:36:36	21.94	--	2	4388	卖盘
13:36:21	21.94	--	1	2194	卖盘
13:35:57	21.94	--	5	10970	卖盘
13:35:54	21.94	--	100	219400	卖盘
13:35:48	21.94	--	8	17552	卖盘
13:35:45	21.94	0.01	99	217206	买盘
13:35:42	21.93	0.01	20	43860	买盘
13:35:33	21.92	--	4	8768	卖盘
13:35:24	21.92	--	8	17536	卖盘
13:35:21	21.92	--	22	48224	卖盘
13:35:12	21.92	--	8	17536	卖盘
13:35:06	21.92	--	1	2192	卖盘
13:35:03	21.92	-0.01	5	10960	卖盘
13:35:00	21.93	0.01	34	74562	买盘
13:34:39	21.92	--	22	49407	买盘
13:34:36	21.92	--	10	21920	买盘
13:34:21	21.92	--	14	30688	买盘
13:34:18	21.92	--	61	133712	卖盘
13:34:15	21.92	--	7	15344	卖盘
13:34:12	21.92	-0.01	4	8768	卖盘
13:34:09	21.93	0.01	3	6579	买盘
13:34:00	21.92	--	2	4384	卖盘
13:33:57	21.92	-0.01	2	4384	卖盘
13:33:54	21.93	0.01	24	52632	买盘
13:33:51	21.92	--	2	4384	卖盘
13:33:36	21.92	--	2	4384	卖盘
13:33:27	21.92	--	15	32880	卖盘
13:33:00	21.92	--	13	28496	卖盘
13:32:39	21.92	-0.01	17	37264	卖盘
13:32:24	21.93	--	24	52632	买盘
13:32:18	21.93	--	65	142545	卖盘
13:32:09	21.93	--	31	67983	卖盘
13:32:06	21.93	--	6	13158	卖盘
13:32:00	21.93	--	3	6579	买盘
13:31:51	21.93	-0.01	7	15351	中性盘
13:31:39	21.94	0.02	10	21940	买盘
13:31:24	21.92	-0.02	10	21920	卖盘
13:31:21	21.94	--	61	133834	卖盘
13:31:12	21.94	--	4	8776	卖盘
13:31:03	21.94	--	2	4388	卖盘
13:30:51	21.94	--	10	21940	卖盘
13:30:48	21.94	--	10	21940	卖盘
13:30:45	21.94	--	20	43880	卖盘
13:30:39	21.94	--	50	109700	卖盘
13:30:30	21.94	--	11	24134	卖盘
13:30:12	21.94	--	8	17552	卖盘
13:30:06	21.94	-0.01	10	21940	卖盘
13:30:03	21.95	0.01	5	10975	买盘
13:29:54	21.94	-0.01	20	43880	卖盘
13:29:36	21.95	--	1	2195	买盘
13:29:33	21.95	--	10	21950	买盘
13:29:24	21.95	--	23	50485	买盘
13:29:18	21.95	0.01	1	2195	买盘
13:29:12	21.94	--	3	6582	卖盘
13:29:09	21.94	--	5	10970	卖盘
13:29:00	21.94	-0.01	7	15358	卖盘
13:28:51	21.95	0.01	1	2195	买盘
13:28:42	21.94	-0.01	12	26328	卖盘
13:28:39	21.95	--	140	307300	买盘
13:28:33	21.95	0.01	4	8780	买盘
13:28:27	21.94	-0.01	4	8776	中性盘
13:28:09	21.95	0.03	50	109750	买盘
13:27:36	21.92	-0.03	9	19728	卖盘
13:27:15	21.95	--	13	28535	买盘
13:27:12	21.95	0.03	21	46095	买盘
13:26:51	21.92	--	10	21920	卖盘
13:26:39	21.92	0.01	10	21920	买盘
13:26:36	21.91	--	3	6573	卖盘
13:26:30	21.91	--	13	28483	卖盘
13:26:18	21.91	-0.01	2	4382	卖盘
13:26:15	21.92	0.02	30	65760	买盘
13:25:54	21.9	--	5	10950	卖盘
13:25:51	21.9	0.02	17	37230	买盘
13:25:48	21.88	-0.02	3	6564	卖盘
13:25:42	21.9	0.04	7	15329	买盘
13:25:39	21.86	-0.01	8	17488	卖盘
13:25:36	21.87	0.01	7	15309	买盘
13:25:33	21.86	-0.01	12	26232	卖盘
13:25:24	21.87	--	34	74358	卖盘
13:25:18	21.87	--	3	6561	卖盘
13:25:15	21.87	--	21	45927	卖盘
13:25:06	21.87	--	69	150903	买盘
13:25:03	21.87	--	2	4374	买盘
13:24:48	21.87	0.01	38	83106	中性盘
13:24:45	21.86	-0.01	117	257117	卖盘
13:24:42	21.87	--	52	113724	卖盘
13:24:39	21.87	-0.03	10	21870	卖盘
13:24:33	21.9	0.02	8	17520	买盘
13:24:27	21.88	-0.02	20	43760	卖盘
13:24:15	21.9	-0.04	361	792517	卖盘
13:24:12	21.94	0.01	10	21940	买盘
13:24:06	21.93	--	9	19737	卖盘
13:24:00	21.93	--	8	17544	买盘
13:23:57	21.93	--	43	94299	买盘
13:23:51	21.93	--	20	43860	买盘
13:23:48	21.93	--	10	21930	买盘
13:23:45	21.93	--	32	70176	卖盘
13:23:42	21.93	-0.02	1	2193	卖盘
13:23:27	21.95	--	10	21950	买盘
13:23:18	21.95	-0.01	5	10975	卖盘
13:23:06	21.96	--	1	2196	卖盘
13:23:03	21.96	--	7	15372	卖盘
13:23:00	21.96	-0.01	2	4392	卖盘
13:22:57	21.97	0.01	170	373490	买盘
13:22:51	21.96	--	4	8784	卖盘
13:22:48	21.96	--	25	54900	卖盘
13:22:36	21.96	--	5	10980	卖盘
13:22:33	21.96	--	1	2196	卖盘
13:22:27	21.96	0.02	2	4392	卖盘
13:22:24	21.94	-0.02	104	228176	卖盘
13:22:18	21.96	0.01	5	10980	买盘
13:22:12	21.95	-0.01	3	6585	卖盘
13:22:06	21.96	0.01	1	2196	买盘
13:22:00	21.95	-0.01	2	4390	卖盘
13:21:57	21.96	0.01	29	63684	买盘
13:21:54	21.95	-0.01	23	50485	卖盘
13:21:48	21.96	--	1	2196	买盘
13:21:45	21.96	0.01	10	21960	买盘
13:21:18	21.95	-0.01	2	4390	卖盘
13:21:15	21.96	-0.01	14	30744	卖盘
13:21:03	21.97	0.01	14	30758	买盘
13:20:54	21.96	--	20	43920	买盘
13:20:45	21.96	--	19	41724	买盘
13:20:36	21.96	--	3	6588	买盘
13:20:30	21.96	0.01	5	10980	买盘
13:20:27	21.95	-0.01	3	6585	卖盘
13:20:24	21.96	0.01	10	21960	买盘
13:20:15	21.95	-0.01	2	4390	卖盘
13:20:12	21.96	--	16	35136	买盘
13:20:00	21.96	0.01	25	54900	买盘
13:19:57	21.95	--	10	21950	卖盘
13:19:54	21.95	--	2	4390	卖盘
13:19:51	21.95	-0.01	3	6585	卖盘
13:19:42	21.96	-0.01	60	131760	卖盘
13:19:30	21.97	0.01	61	134017	买盘
13:19:15	21.96	--	1	2196	卖盘
13:19:09	21.96	-0.01	1	2196	卖盘
13:18:57	21.97	0.01	1	2197	买盘
13:18:54	21.96	--	1	2196	卖盘
13:18:45	21.96	--	27	59292	买盘
13:18:42	21.96	--	4	8784	买盘
13:18:39	21.96	--	3	6588	买盘
13:18:27	21.96	--	30	65880	买盘
13:18:21	21.96	--	13	28548	买盘
13:18:18	21.96	--	5	10980	买盘
13:18:15	21.96	0.01	1	2196	买盘
13:18:06	21.95	-0.02	5	10975	卖盘
13:17:57	21.97	--	4	8788	买盘
13:17:54	21.97	--	85	186745	买盘
13:17:48	21.97	0.01	9	19773	买盘
13:17:45	21.96	-0.01	5	10980	卖盘
13:17:36	21.97	--	11	24167	买盘
13:17:12	21.97	0.01	8	17576	买盘
13:17:03	21.96	-0.01	5	10980	卖盘
13:16:51	21.97	0.01	9	19773	买盘
13:16:48	21.96	--	2	4392	卖盘
13:16:42	21.96	--	1	2196	卖盘
13:16:39	21.96	--	5	10980	卖盘
13:16:36	21.96	--	5	10980	卖盘
13:16:30	21.96	--	7	15372	卖盘
13:16:15	21.96	0.01	16	35136	买盘
13:16:06	21.95	--	9	19755	卖盘
13:16:00	21.95	--	1	2195	卖盘
13:15:51	21.95	--	4	8780	卖盘
13:15:48	21.95	-0.01	30	65850	卖盘
13:15:36	21.96	--	3	6588	卖盘
13:15:30	21.96	-0.01	1	2196	卖盘
13:15:27	21.97	0.01	10	21970	买盘
13:15:24	21.96	0.01	9	19764	中性盘
13:14:57	21.95	--	10	21950	卖盘
13:14:51	21.95	--	2	4390	卖盘
13:14:45	21.95	-0.02	9	19755	卖盘
13:14:27	21.97	0.02	40	87880	买盘
13:14:21	21.95	-0.02	5	10975	卖盘
13:14:15	21.97	0.01	20	43940	买盘
13:14:09	21.96	-0.01	7	15372	卖盘
13:14:03	21.97	--	45	98865	买盘
13:13:45	21.97	-0.03	27	59319	卖盘
13:13:39	22.0	--	35	77000	买盘
13:13:24	22.0	-0.01	45	99000	卖盘
13:13:21	22.01	--	10	22010	买盘
13:13:09	22.01	--	14	30814	卖盘
13:13:06	22.01	--	14	30814	卖盘
13:13:03	22.01	--	11	24211	卖盘
13:12:57	22.01	--	5	11005	卖盘
13:12:39	22.01	-0.01	8	17608	卖盘
13:12:30	22.02	0.01	2	4404	买盘
13:12:18	22.01	-0.01	2	4402	卖盘
13:12:12	22.02	-0.02	3	6606	卖盘
13:12:00	22.04	0.03	40	88160	买盘
13:11:57	22.01	--	10	22010	卖盘
13:11:51	22.01	-0.03	5	11005	卖盘
13:11:33	22.04	--	7	15428	买盘
13:11:30	22.04	--	10	22040	买盘
13:11:21	22.04	--	5	11020	买盘
13:11:18	22.04	--	4	8816	卖盘
13:11:15	22.04	--	33	72732	卖盘
13:11:12	22.04	0.01	13	28652	买盘
13:11:09	22.03	-0.01	1	2203	卖盘
13:11:06	22.04	0.01	1	2204	买盘
13:11:03	22.03	-0.02	3	6609	中性盘
13:10:42	22.05	0.04	3	6615	买盘
13:10:36	22.01	--	25	55025	卖盘
13:10:33	22.01	--	10	22010	卖盘
13:10:27	22.01	--	17	37417	卖盘
13:10:24	22.01	0.01	213	468813	买盘
13:10:21	22.0	--	80	176000	买盘
13:10:15	22.0	--	1	2200	买盘
13:10:09	22.0	--	10	22000	买盘
13:10:06	22.0	-0.01	2	4400	卖盘
13:09:57	22.01	0.01	9	19809	买盘
13:09:54	22.0	--	1	2200	卖盘
13:09:48	22.0	0.02	407	895400	买盘
13:09:30	21.98	0.03	200	439600	买盘
13:09:27	21.95	-0.03	7	15365	卖盘
13:09:24	21.98	0.03	30	65940	买盘
13:09:15	21.95	--	5	10975	卖盘
13:09:09	21.95	--	15	32925	卖盘
13:09:03	21.95	-0.03	3	6585	卖盘
13:08:48	21.98	--	50	109900	买盘
13:08:36	21.98	--	24	52752	买盘
13:08:30	21.98	--	100	219800	买盘
13:08:21	21.98	--	3	6594	买盘
13:08:18	21.98	--	35	76930	买盘
13:08:15	21.98	--	13	28574	买盘
13:08:03	21.98	--	97	213206	买盘
13:07:48	21.98	--	2	4396	买盘
13:07:42	21.98	-0.01	19	42861	卖盘
13:07:39	21.99	0.01	2	4398	买盘
13:07:27	21.98	--	10	21980	卖盘
13:07:21	21.98	0.04	20	45059	买盘
13:07:15	21.94	-0.03	13	28522	卖盘
13:07:06	21.97	--	2	4394	买盘
13:07:03	21.97	-0.01	75	164775	卖盘
13:06:51	21.98	0.01	14	30772	买盘
13:06:39	21.97	--	6	13182	卖盘
13:06:36	21.97	--	4	8788	买盘
13:06:33	21.97	--	1	2197	卖盘
13:06:30	21.97	--	5	10985	买盘
13:06:21	21.97	0.04	11	24167	买盘
13:06:15	21.93	0.03	1	2193	买盘
13:06:12	21.9	-0.03	100	219000	卖盘
13:05:54	21.93	--	2	4386	卖盘
13:05:45	21.93	-0.04	14	30702	卖盘
13:05:39	21.97	0.05	13	28561	买盘
13:05:21	21.92	-0.05	2	4384	中性盘
13:05:00	21.97	0.05	200	439400	买盘
13:04:57	21.92	0.02	15	32880	买盘
13:04:45	21.9	-0.01	102	223380	卖盘
13:04:39	21.91	-0.01	4	8764	卖盘
13:04:30	21.92	--	144	316744	卖盘
13:04:24	21.92	--	156	341952	卖盘
13:03:57	21.92	-0.02	5	10960	卖盘
13:03:54	21.94	0.02	10	21940	中性盘
13:03:42	21.92	-0.02	264	578688	卖盘
13:03:30	21.94	-0.03	200	438800	卖盘
13:03:27	21.97	--	8	17576	卖盘
13:03:21	21.97	--	8	17576	卖盘
13:03:03	21.97	--	10	21970	买盘
13:02:57	21.97	-0.01	4	8788	中性盘
13:02:42	21.98	0.01	67	147266	买盘
13:02:39	21.97	--	1	2197	买盘
13:02:36	21.97	--	4	8788	买盘
13:02:33	21.97	-0.01	8	17576	卖盘
13:02:27	21.98	--	20	43960	买盘
13:02:12	21.98	--	10	21980	买盘
13:02:09	21.98	--	2	4396	买盘
13:01:51	21.98	0.01	50	109900	买盘
13:01:45	21.97	--	2	4394	买盘
13:01:42	21.97	--	4	8788	买盘
13:01:39	21.97	0.01	100	219700	买盘
13:01:33	21.96	--	91	199836	买盘
13:01:30	21.96	--	6	13176	买盘
13:01:21	21.96	--	7	15372	买盘
13:01:18	21.96	--	58	127368	买盘
13:01:15	21.96	--	5	10980	买盘
13:01:12	21.96	--	4	8784	买盘
13:01:09	21.96	0.01	3	6588	买盘
13:00:57	21.95	--	5	10975	买盘
13:00:54	21.95	--	30	65850	买盘
13:00:51	21.95	--	3	6585	买盘
13:00:45	21.95	--	9	19755	买盘
13:00:36	21.95	0.01	20	43900	买盘
13:00:18	21.94	--	230	505717	买盘
13:00:15	21.94	--	5	10970	买盘
13:00:12	21.94	0.01	5	10970	买盘
13:00:09	21.93	--	13	28509	卖盘
13:00:06	21.93	--	80	175440	卖盘
13:00:03	21.93	0.01	334	732462	买盘
13:00:00	21.92	--	0	0	买盘
11:30:00	21.92	--	0	0	买盘
11:29:51	21.92	--	17	37264	卖盘
11:29:42	21.92	-0.01	2	4384	卖盘
11:29:39	21.93	0.01	9	19737	买盘
11:29:33	21.92	0.01	41	89872	买盘
11:29:24	21.91	-0.01	20	43820	卖盘
11:29:15	21.92	--	36	78912	买盘
11:29:06	21.92	--	622	1363424	卖盘
11:29:00	21.92	-0.01	9	19728	卖盘
11:28:57	21.93	0.01	110	241230	买盘
11:28:51	21.92	--	5	10960	卖盘
11:28:42	21.92	0.02	9	19728	买盘
11:28:39	21.9	--	14	30659	卖盘
11:28:33	21.9	-0.03	5	10950	卖盘
11:28:27	21.93	--	30	65790	买盘
11:28:18	21.93	0.03	4	8772	买盘
11:28:03	21.9	-0.03	100	219000	卖盘
11:28:00	21.93	--	13	28509	买盘
11:27:57	21.93	0.01	5	10965	买盘
11:27:54	21.92	--	35	76720	卖盘
11:27:51	21.92	--	3	6576	卖盘
11:27:48	21.92	0.01	91	199472	买盘
11:27:36	21.91	--	20	43820	卖盘
11:27:33	21.91	-0.01	1	2191	卖盘
11:27:27	21.92	0.01	11	24112	买盘
11:27:21	21.91	--	55	120505	买盘
11:27:18	21.91	--	5	10955	买盘
11:27:06	21.91	0.01	3	6573	买盘
11:27:03	21.9	-0.01	2	4380	卖盘
11:26:57	21.91	--	5	10955	买盘
11:26:48	21.91	--	4	8764	卖盘
11:26:42	21.91	--	89	194999	买盘
11:26:39	21.91	--	24	52584	买盘
11:26:36	21.91	--	25	54775	买盘
11:26:33	21.91	0.01	10	21910	买盘
11:26:30	21.9	-0.01	10	21900	卖盘
11:26:24	21.91	0.01	5	10955	买盘
11:26:18	21.9	--	8	17520	卖盘
11:26:15	21.9	0.01	132	289342	买盘
11:26:12	21.89	-0.01	10	21890	卖盘
11:26:06	21.9	--	8	17520	买盘
11:26:00	21.9	--	1	2190	买盘
11:25:48	21.9	--	200	438000	买盘
11:25:39	21.9	0.01	51	111690	买盘
11:25:36	21.89	-0.01	6	13134	卖盘
11:25:24	21.9	--	36	78840	买盘
11:25:21	21.9	--	10	21900	买盘
11:25:15	21.9	0.01	10	21900	买盘
11:24:57	21.89	-0.01	20	43780	中性盘
11:24:42	21.9	--	3	6570	买盘
11:24:33	21.9	0.05	15	32850	买盘
11:24:03	21.85	-0.05	3	6555	卖盘
11:23:51	21.9	0.05	326	713940	买盘
11:23:42	21.85	--	50	109250	卖盘
11:23:12	21.85	-0.03	5	10925	卖盘
11:23:00	21.88	0.03	8	17504	买盘
11:22:54	21.85	--	20	43700	卖盘
11:22:12	21.85	-0.03	5	10925	卖盘
11:22:09	21.88	--	5	10940	买盘
11:21:57	21.88	--	2	4376	买盘
11:21:54	21.88	--	40	87520	买盘
11:21:51	21.88	--	20	43760	买盘
11:21:48	21.88	--	4	8752	买盘
11:21:36	21.88	--	1	2188	买盘
11:21:33	21.88	--	10	21880	买盘
11:21:30	21.88	--	45	98460	买盘
11:21:12	21.88	--	5	10940	买盘
11:21:06	21.88	0.02	18	39384	买盘
11:20:54	21.86	-0.02	1	2186	卖盘
11:20:42	21.88	0.01	15	32820	买盘
11:20:39	21.87	--	1	2187	买盘
11:20:36	21.87	-0.01	10	21870	中性盘
11:20:30	21.88	0.02	40	87520	买盘
11:20:21	21.86	0.02	259	566174	买盘
11:20:06	21.84	0.02	18	39312	买盘
11:19:57	21.82	--	2	4364	卖盘
11:19:48	21.82	0.01	16	34912	买盘
11:19:42	21.81	-0.01	10	21810	卖盘
11:19:36	21.82	0.01	11	24002	买盘
11:19:15	21.81	0.01	64	139584	买盘
11:18:45	21.8	--	2	4360	卖盘
11:18:30	21.8	--	3	6540	卖盘
11:18:24	21.8	--	10	21800	卖盘
11:18:15	21.8	--	10	21800	卖盘
11:18:06	21.8	-0.01	2	4360	卖盘
11:17:57	21.81	0.01	30	65429	买盘
11:17:54	21.8	--	57	124260	卖盘
11:17:48	21.8	-0.01	2	4360	卖盘
11:17:45	21.81	0.01	8	17448	买盘
11:17:42	21.8	-0.01	4	8720	卖盘
11:17:36	21.81	0.01	1	2181	买盘
11:17:33	21.8	--	2	4360	卖盘
11:17:30	21.8	-0.01	16	34880	卖盘
11:17:24	21.81	0.01	2	4362	买盘
11:17:18	21.8	-0.01	3	6540	卖盘
11:17:00	21.81	-0.02	8	17448	卖盘
11:16:45	21.83	--	39	85137	买盘
11:16:36	21.83	0.02	5	10915	买盘
11:16:33	21.81	-0.03	2	4362	卖盘
11:16:15	21.84	--	30	65520	卖盘
11:16:12	21.84	-0.01	5	10920	卖盘
11:16:06	21.85	0.01	8	17480	买盘
11:16:00	21.84	-0.01	70	152880	卖盘
11:15:51	21.85	--	35	76475	买盘
11:15:48	21.85	--	1	2185	买盘
11:15:39	21.85	0.01	10	21850	买盘
11:15:27	21.84	-0.01	12	26208	卖盘
11:15:15	21.85	0.01	28	61180	买盘
11:15:03	21.84	-0.01	40	87360	卖盘
11:15:00	21.85	--	30	65550	买盘
11:14:54	21.85	0.01	37	80845	买盘
11:14:45	21.84	--	22	48048	买盘
11:14:36	21.84	--	10	21840	买盘
11:14:33	21.84	--	5	10920	买盘
11:14:18	21.84	--	13	28392	买盘
11:14:15	21.84	0.03	80	174720	买盘
11:14:12	21.81	--	5	10905	买盘
11:14:00	21.81	0.01	94	205014	中性盘
11:13:21	21.8	-0.04	5	10900	卖盘
11:13:15	21.84	0.04	13	28392	买盘
11:13:06	21.8	--	5	10900	卖盘
11:13:00	21.8	-0.04	5	10900	卖盘
11:12:39	21.84	0.04	20	43680	买盘
11:12:33	21.8	-0.04	5	10900	卖盘
11:12:09	21.84	--	74	161616	卖盘
11:11:57	21.84	0.04	16	34944	买盘
11:11:36	21.8	0.02	25	54500	买盘
11:11:24	21.78	--	5	10890	卖盘
11:11:12	21.78	-0.02	2	4356	卖盘
11:11:09	21.8	-0.05	2	4360	卖盘
11:10:54	21.85	-0.01	13	28405	中性盘
11:10:39	21.86	0.06	33	72138	买盘
11:10:33	21.8	--	8	17440	卖盘
11:10:24	21.8	0.02	3	6540	卖盘
11:10:15	21.78	0.05	20	43560	买盘
11:10:12	21.73	-0.05	72	158129	卖盘
11:10:00	21.78	--	22	47916	卖盘
11:09:57	21.78	-0.02	20	43560	卖盘
11:09:54	21.8	--	3	6540	买盘
11:09:48	21.8	--	2	4360	买盘
11:09:45	21.8	--	18	39240	买盘
11:09:36	21.8	-0.06	164	358610	卖盘
11:09:33	21.86	--	30	65580	买盘
11:09:27	21.86	--	3	6558	买盘
11:09:18	21.86	--	5	10930	买盘
11:09:15	21.86	--	125	274845	卖盘
11:09:09	21.86	--	106	232306	卖盘
11:09:03	21.86	-0.01	2	4372	中性盘
11:08:54	21.87	0.01	5	10935	买盘
11:08:51	21.86	--	15	32790	买盘
11:08:48	21.86	0.01	13	28418	中性盘
11:08:30	21.85	-0.01	1	2185	卖盘
11:08:27	21.86	-0.02	396	867251	卖盘
11:08:21	21.88	--	50	109400	买盘
11:08:18	21.88	--	6	13128	买盘
11:08:15	21.88	--	33	72204	卖盘
11:08:12	21.88	--	30	65640	卖盘
11:08:09	21.88	--	34	74392	卖盘
11:08:06	21.88	-0.01	3	6564	卖盘
11:08:03	21.89	--	15	32835	买盘
11:08:00	21.89	--	13	28457	买盘
11:07:57	21.89	0.01	4	8756	买盘
11:07:54	21.88	-0.01	40	87520	卖盘
11:07:51	21.89	--	18	39402	买盘
11:07:48	21.89	--	22	48158	买盘
11:07:39	21.89	--	33	72237	买盘
11:07:36	21.89	--	15	32835	买盘
11:07:30	21.89	--	6	13134	卖盘
11:07:24	21.89	-0.01	25	54725	卖盘
11:07:21	21.9	0.01	62	135780	买盘
11:07:18	21.89	--	20	43780	卖盘
11:07:15	21.89	--	29	63481	买盘
11:07:12	21.89	0.01	100	218900	买盘
11:07:03	21.88	-0.01	1	2188	卖盘
11:06:57	21.89	0.01	50	109450	买盘
11:06:54	21.88	--	2	4376	卖盘
11:06:51	21.88	--	6	13128	卖盘
11:06:45	21.88	0.01	146	319448	买盘
11:06:39	21.87	--	32	69984	卖盘
11:06:33	21.87	--	2	4374	卖盘
11:06:30	21.87	--	28	61236	卖盘
11:06:27	21.87	0.02	31	68387	买盘
11:06:24	21.85	-0.01	10	21850	卖盘
11:06:15	21.86	--	18	40003	卖盘
11:06:09	21.86	-0.01	5	10930	卖盘
11:06:03	21.87	--	20	43740	买盘
11:05:54	21.87	--	6	13122	买盘
11:05:51	21.87	--	5	10935	买盘
11:05:48	21.87	-0.01	15	32805	卖盘
11:05:42	21.88	--	2	4376	买盘
11:05:39	21.88	0.01	10	21880	中性盘
11:05:33	21.87	-0.02	27	60142	卖盘
11:05:30	21.89	0.01	20	43780	买盘
11:05:27	21.88	--	20	43760	卖盘
11:05:21	21.88	--	8	17504	卖盘
11:05:18	21.88	--	78	170664	买盘
11:05:12	21.88	--	2	4376	买盘
11:05:09	21.88	0.01	10	21880	买盘
11:05:06	21.87	--	3	6561	卖盘
11:05:00	21.87	-0.01	10	21870	卖盘
11:04:48	21.88	0.01	3	6564	中性盘
11:04:30	21.87	-0.01	129	282123	卖盘
11:04:27	21.88	-0.01	4	9189	中性盘
11:04:09	21.89	-0.01	50	109450	中性盘
11:04:00	21.9	--	4	8760	买盘
11:03:57	21.9	--	110	240899	买盘
11:03:51	21.9	0.03	16	35040	买盘
11:03:48	21.87	-0.03	51	111537	卖盘
11:03:45	21.9	--	32	70080	卖盘
11:03:42	21.9	--	50	109500	买盘
11:03:39	21.9	0.01	3	6570	买盘
11:03:36	21.89	-0.01	10	21890	卖盘
11:03:30	21.9	--	8	17520	买盘
11:03:18	21.9	--	108	236519	买盘
11:03:03	21.9	0.04	200	438000	买盘
11:03:00	21.86	0.01	18	39348	买盘
11:02:51	21.85	--	66	144253	买盘
11:02:48	21.85	0.02	200	437000	买盘
11:02:42	21.83	--	11	24012	卖盘
11:02:39	21.83	-0.01	10	21830	卖盘
11:02:30	21.84	0.02	13	28392	买盘
11:02:27	21.82	0.01	2	4364	买盘
11:02:21	21.81	--	2	4362	卖盘
11:02:09	21.81	-0.01	220	480910	卖盘
11:02:00	21.82	0.01	10	21820	买盘
11:01:51	21.81	--	5	10905	卖盘
11:01:48	21.81	--	14	30534	买盘
11:01:45	21.81	0.01	61	133041	买盘
11:01:36	21.8	--	20	43600	卖盘
11:01:33	21.8	--	1	2180	卖盘
11:01:27	21.8	0.01	85	185300	买盘
11:01:21	21.79	--	7	16342	买盘
11:01:06	21.79	--	5	10895	买盘
11:01:00	21.79	--	10	21790	买盘
11:00:45	21.79	--	20	43580	买盘
11:00:42	21.79	--	10	22879	卖盘
11:00:39	21.79	--	5	10895	卖盘
11:00:36	21.79	--	10	21790	卖盘
11:00:30	21.79	--	10	21790	卖盘
11:00:24	21.79	--	9	19611	卖盘
11:00:21	21.79	--	25	54475	卖盘
11:00:15	21.79	--	10	21790	卖盘
11:00:06	21.79	--	2	4358	卖盘
11:00:03	21.79	--	5	10895	卖盘
10:59:45	21.79	--	3	6537	卖盘
10:59:42	21.79	0.01	20	43580	卖盘
10:59:36	21.78	-0.02	78	170973	卖盘
10:59:30	21.8	--	10	21800	买盘
10:59:24	21.8	--	12	26160	买盘
10:59:15	21.8	--	16	34880	买盘
10:59:12	21.8	--	20	43600	买盘
10:59:06	21.8	--	13	28340	买盘
10:59:03	21.8	--	30	65400	买盘
10:59:00	21.8	--	56	122080	卖盘
10:58:42	21.8	--	50	109000	卖盘
10:58:27	21.8	--	3	6540	卖盘
10:58:24	21.8	--	10	21800	卖盘
10:58:15	21.8	--	10	21800	卖盘
10:58:06	21.8	0.01	31	68670	买盘
10:57:57	21.79	--	2	4358	买盘
10:57:54	21.79	--	3	6537	卖盘
10:57:48	21.79	-0.01	13	28327	卖盘
10:57:45	21.8	--	8	17440	买盘
10:57:33	21.8	--	37	80660	买盘
10:57:30	21.8	--	1	2180	买盘
10:57:03	21.8	-0.01	10	21800	买盘
10:56:54	21.81	-0.01	23	50163	中性盘
10:56:48	21.82	--	26	56732	买盘
10:56:45	21.82	0.02	10	21820	买盘
10:56:39	21.8	--	6	13080	买盘
10:56:36	21.8	--	304	662720	买盘
10:56:33	21.8	--	3	7630	卖盘
10:56:24	21.8	--	55	119900	买盘
10:56:12	21.8	--	5	10900	买盘
10:56:03	21.8	--	43	93740	卖盘
10:56:00	21.8	-0.01	16	34880	卖盘
10:55:57	21.81	0.01	10	21810	买盘
10:55:48	21.8	--	8	17440	卖盘
10:55:36	21.8	--	50	109000	卖盘
10:55:33	21.8	--	25	54500	卖盘
10:55:30	21.8	0.01	270	588600	买盘
10:55:24	21.79	--	4	8716	卖盘
10:55:21	21.79	--	2	5447	买盘
10:55:18	21.79	--	14	30506	买盘
10:55:12	21.79	--	25	54475	买盘
10:55:03	21.79	--	28	61012	买盘
10:54:48	21.79	0.01	10	21790	买盘
10:54:45	21.78	-0.01	3	6534	卖盘
10:54:39	21.79	--	18	39222	买盘
10:54:21	21.79	--	7	15253	买盘
10:54:18	21.79	--	87	189573	卖盘
10:54:15	21.79	-0.01	10	21790	卖盘
10:54:12	21.8	--	10	21800	买盘
10:54:09	21.8	--	3	6540	买盘
10:54:03	21.8	0.01	2	4360	买盘
10:54:00	21.79	--	10	21790	卖盘
10:53:42	21.79	0.01	31	67549	买盘
10:53:36	21.78	-0.01	5	10890	卖盘
10:53:24	21.79	-0.01	25	54475	卖盘
10:53:21	21.8	--	5	10900	买盘
10:53:18	21.8	0.01	26	56680	买盘
10:53:15	21.79	-0.01	10	21790	卖盘
10:53:06	21.8	-0.01	16	34880	中性盘
10:53:03	21.81	--	63	137403	买盘
10:53:00	21.81	--	204	444924	买盘
10:52:57	21.81	--	3	6543	买盘
10:52:54	21.81	0.01	10	21810	买盘
10:52:51	21.8	-0.01	2	4360	卖盘
10:52:48	21.81	--	4	8724	买盘
10:52:42	21.81	-0.02	120	261719	卖盘
10:52:27	21.83	0.03	50	109149	买盘
10:52:24	21.8	-0.03	11	23980	卖盘
10:52:21	21.83	--	20	43660	买盘
10:52:18	21.83	0.03	28	61123	买盘
10:52:09	21.8	--	2	4360	卖盘
10:52:06	21.8	-0.03	2	4360	卖盘
10:52:03	21.83	0.03	2	4366	买盘
10:52:00	21.8	-0.03	2	4360	卖盘
10:51:57	21.83	0.03	9	19647	买盘
10:51:54	21.8	--	16	34880	卖盘
10:51:51	21.8	--	58	126440	买盘
10:51:45	21.8	0.01	50	109000	买盘
10:51:39	21.79	--	12	26148	卖盘
10:51:27	21.79	--	81	176499	买盘
10:51:21	21.79	--	32	69728	买盘
10:51:18	21.79	0.01	55	119845	买盘
10:51:15	21.78	0.02	3	6534	买盘
10:51:03	21.76	-0.02	3	6528	卖盘
10:51:00	21.78	0.02	87	189486	买盘
10:50:57	21.76	--	2	4352	中性盘
10:50:51	21.76	-0.01	1	2176	中性盘
10:50:48	21.77	0.01	100	217700	买盘
10:50:33	21.76	0.01	189	411264	买盘
10:50:27	21.75	0.01	7	15225	买盘
10:50:21	21.74	0.03	74	160876	买盘
10:50:09	21.71	--	1	2171	卖盘
10:50:06	21.71	0.01	1	2171	买盘
10:49:54	21.7	-0.01	10	21700	卖盘
10:49:51	21.71	-0.01	5	10855	中性盘
10:49:33	21.72	--	10	21720	买盘
10:49:00	21.72	0.04	379	823188	买盘
10:48:57	21.68	-0.02	10	21680	中性盘
10:48:30	21.7	--	17	36890	卖盘
10:48:27	21.7	--	1	2170	卖盘
10:48:24	21.7	--	3	6510	卖盘
10:48:15	21.7	0.02	191	414470	买盘
10:48:09	21.68	--	4	8672	买盘
10:48:03	21.68	--	47	101896	卖盘
10:48:00	21.68	--	12	26016	卖盘
10:47:48	21.68	-0.02	10	21680	卖盘
10:47:39	21.7	0.01	1	2170	买盘
10:47:21	21.69	--	9	19521	卖盘
10:47:09	21.69	--	14	30366	买盘
10:47:06	21.69	--	10	21690	买盘
10:46:54	21.69	--	13	28197	买盘
10:46:48	21.69	--	8	17352	中性盘
10:46:30	21.69	0.01	11	23859	买盘
10:46:27	21.68	--	1	2168	卖盘
10:46:18	21.68	-0.02	10	21680	卖盘
10:46:03	21.7	0.02	8	17360	买盘
10:46:00	21.68	-0.01	9	19512	卖盘
10:45:57	21.69	-0.01	5	10845	中性盘
10:45:48	21.7	0.02	8	17360	买盘
10:45:39	21.68	-0.02	3	6504	卖盘
10:45:36	21.7	--	2	4340	卖盘
10:45:30	21.7	0.02	8	17360	中性盘
10:45:24	21.68	-0.02	8	17344	卖盘
10:45:21	21.7	0.01	29	62930	买盘
10:45:15	21.69	--	5	10845	买盘
10:45:06	21.69	-0.04	15	32535	卖盘
10:44:57	21.73	0.03	2	4346	买盘
10:44:51	21.7	-0.01	3	6510	卖盘
10:44:45	21.71	-0.02	8	17368	卖盘
10:44:42	21.73	-0.01	3	6519	中性盘
10:44:27	21.74	0.01	20	43480	买盘
10:44:24	21.73	-0.01	18	39114	卖盘
10:44:21	21.74	--	3	6521	买盘
10:44:15	21.74	--	66	143484	卖盘
10:44:12	21.74	--	20	43480	卖盘
10:44:09	21.74	--	32	69568	卖盘
10:44:06	21.74	-0.01	7	15217	卖盘
10:44:00	21.75	--	6	13050	买盘
10:43:57	21.75	--	7	15225	买盘
10:43:54	21.75	--	9	19575	卖盘
10:43:51	21.75	--	3	6525	卖盘
10:43:45	21.75	-0.01	17	36975	卖盘
10:43:42	21.76	--	4	8704	卖盘
10:43:39	21.76	0.01	8	17408	买盘
10:43:36	21.75	--	9	19575	卖盘
10:43:30	21.75	--	27	58725	买盘
10:43:27	21.75	0.01	2	4350	买盘
10:43:24	21.74	-0.01	2	4348	中性盘
10:43:15	21.75	--	15	32625	买盘
10:43:03	21.75	0.02	50	108750	买盘
10:43:00	21.73	--	10	21730	卖盘
10:42:54	21.73	0.03	18	39114	买盘
10:42:51	21.7	--	4	8680	卖盘
10:42:45	21.7	-0.01	8	17360	卖盘
10:42:42	21.71	0.01	1	2171	买盘
10:42:33	21.7	--	28	60760	卖盘
10:42:30	21.7	0.01	154	334180	买盘
10:42:27	21.69	--	27	58563	卖盘
10:42:12	21.69	-0.01	20	43380	卖盘
10:42:06	21.7	--	10	21700	买盘
10:41:57	21.7	0.01	12	26040	买盘
10:41:51	21.69	--	4	8676	买盘
10:41:45	21.69	-0.01	3	6507	中性盘
10:41:42	21.7	0.02	182	394940	买盘
10:41:39	21.68	-0.01	10	21680	卖盘
10:41:30	21.69	-0.01	10	21690	卖盘
10:41:21	21.7	--	10	21700	买盘
10:41:18	21.7	--	2	4340	买盘
10:41:15	21.7	0.01	3	6510	买盘
10:40:57	21.69	--	5	10845	卖盘
10:40:54	21.69	--	6	13014	卖盘
10:40:51	21.69	--	13	28197	卖盘
10:40:45	21.69	-0.01	20	43380	卖盘
10:40:42	21.7	0.01	1	2170	买盘
10:40:36	21.69	-0.01	10	21690	卖盘
10:40:18	21.7	-0.04	44	95480	卖盘
10:40:12	21.74	--	10	21740	买盘
10:40:09	21.74	--	10	21740	买盘
10:40:06	21.74	0.04	48	104351	买盘
10:39:48	21.7	--	5	10850	卖盘
10:39:45	21.7	-0.02	8	17360	卖盘
10:39:42	21.72	0.02	26	56472	买盘
10:39:39	21.7	--	5	10850	买盘
10:39:30	21.7	0.01	14	30380	买盘
10:39:27	21.69	--	6	13014	卖盘
10:39:24	21.69	--	17	36873	买盘
10:39:21	21.69	0.01	69	149661	买盘
10:39:12	21.68	0.01	14	30352	买盘
10:39:09	21.67	--	2	4334	卖盘
10:39:00	21.67	0.03	159	344553	买盘
10:38:54	21.64	0.04	150	324600	买盘
10:38:48	21.6	-0.03	300	649080	卖盘
10:38:39	21.63	--	6	12978	买盘
10:38:33	21.63	--	6	12978	买盘
10:38:27	21.63	0.01	43	93009	买盘
10:38:09	21.62	-0.01	1	2162	中性盘
10:38:03	21.63	0.01	70	151410	买盘
10:38:00	21.62	0.01	80	172960	买盘
10:37:51	21.61	--	1	2161	买盘
10:37:45	21.61	0.01	23	49703	买盘
10:37:36	21.6	--	116	250560	买盘
10:37:27	21.6	0.01	107	231120	买盘
10:37:09	21.59	--	5	10795	买盘
10:37:00	21.59	-0.01	7	15113	中性盘
10:36:39	21.6	--	10	21600	买盘
10:35:33	21.6	--	13	28080	买盘
10:35:27	21.6	--	10	21600	买盘
10:34:48	21.6	-0.01	77	166320	卖盘
10:34:45	21.61	--	17	36737	买盘
10:34:36	21.61	0.01	5	10805	买盘
10:34:21	21.6	-0.01	5	10800	卖盘
10:34:06	21.61	0.01	7	15127	买盘
10:34:03	21.6	--	8	17280	卖盘
10:33:33	21.6	--	7	15120	卖盘
10:33:27	21.6	0.03	6	12960	买盘
10:33:15	21.57	-0.03	7	15099	卖盘
10:33:09	21.6	--	5	10800	买盘
10:33:03	21.6	-0.02	6	12960	卖盘
10:32:33	21.62	0.02	20	43240	买盘
10:32:27	21.6	--	2	4320	卖盘
10:32:21	21.6	-0.02	6	12960	卖盘
10:31:36	21.62	--	3	7567	卖盘
10:31:27	21.62	--	17	37835	买盘
10:31:18	21.62	--	2	4324	买盘
10:31:03	21.62	--	11	23782	买盘
10:30:57	21.62	--	19	41078	买盘
10:30:54	21.62	--	1	2162	买盘
10:30:51	21.62	--	3	6486	买盘
10:30:48	21.62	--	2	4324	买盘
10:30:39	21.62	--	11	23782	买盘
10:30:33	21.62	0.01	11	23782	买盘
10:30:27	21.61	--	1	2161	买盘
10:30:24	21.61	--	11	23771	买盘
10:30:18	21.61	--	18	38898	买盘
10:30:06	21.61	--	7	15127	买盘
10:29:51	21.61	0.01	6	12966	买盘
10:29:42	21.6	0.01	18	39484	买盘
10:29:36	21.59	--	7	16667	卖盘
10:29:21	21.59	--	5	10795	卖盘
10:29:15	21.59	--	8	17876	买盘
10:28:54	21.59	--	6	12954	买盘
10:28:45	21.59	--	9	20985	卖盘
10:28:33	21.59	-0.01	29	62611	卖盘
10:28:24	21.6	--	4	8640	卖盘
10:28:21	21.6	-0.02	2	4320	卖盘
10:28:12	21.62	0.02	2	4324	买盘
10:27:57	21.6	-0.02	6	12960	卖盘
10:27:27	21.62	--	3	7567	卖盘
10:27:18	21.62	0.02	25	55131	买盘
10:27:09	21.6	--	5	10800	卖盘
10:27:03	21.6	-0.02	51	110160	卖盘
10:26:45	21.62	--	31	67022	买盘
10:26:39	21.62	-0.01	1	3243	卖盘
10:26:33	21.63	0.01	6	12978	买盘
10:26:30	21.62	--	1	2162	卖盘
10:26:24	21.62	-0.02	87	188094	卖盘
10:26:21	21.64	0.02	5	10820	买盘
10:26:18	21.62	-0.02	49	105938	卖盘
10:25:57	21.64	0.01	44	95216	买盘
10:25:54	21.63	--	2	4326	买盘
10:25:48	21.63	-0.01	25	54075	卖盘
10:25:42	21.64	0.01	22	47608	买盘
10:25:30	21.63	--	5	10815	买盘
10:25:24	21.63	--	2	4326	买盘
10:25:21	21.63	0.01	84	181692	买盘
10:25:18	21.62	--	0	1081	卖盘
10:25:15	21.62	--	18	38916	买盘
10:25:09	21.62	0.02	56	121072	买盘
10:25:03	21.6	-0.02	10	21600	卖盘
10:24:54	21.62	--	59	127558	买盘
10:24:48	21.62	0.01	20	43240	买盘
10:24:45	21.61	--	83	179363	买盘
10:24:42	21.61	--	5	10805	买盘
10:24:39	21.61	0.01	10	21610	买盘
10:24:36	21.6	-0.01	2	4320	中性盘
10:24:27	21.61	0.01	70	151270	买盘
10:24:24	21.6	--	10	21600	买盘
10:24:18	21.6	--	42	90720	买盘
10:24:15	21.6	0.01	16	34560	买盘
10:24:12	21.59	--	20	43180	卖盘
10:24:03	21.59	--	4	8636	卖盘
10:24:00	21.59	0.03	24	52420	买盘
10:23:48	21.56	0.01	7	15092	买盘
10:23:36	21.55	-0.03	3	6465	买盘
10:23:27	21.58	-0.01	14	30211	卖盘
10:23:21	21.59	0.01	16	34544	买盘
10:23:09	21.58	-0.01	2	4316	卖盘
10:23:06	21.59	--	20	43180	买盘
10:23:00	21.59	0.01	18	38862	买盘
10:22:51	21.58	--	4	8632	买盘
10:22:45	21.58	0.03	34	73372	买盘
10:22:39	21.55	-0.01	2	4310	中性盘
10:22:36	21.56	0.02	5	10780	买盘
10:22:30	21.54	--	1	2154	买盘
10:22:18	21.54	-0.02	9	19386	卖盘
10:22:15	21.56	--	11	23716	买盘
10:22:00	21.56	0.02	3	6468	买盘
10:21:57	21.54	-0.02	4	8616	卖盘
10:21:48	21.56	--	17	36652	买盘
10:21:12	21.56	0.02	1	2156	买盘
10:21:09	21.54	--	20	43080	卖盘
10:21:06	21.54	--	15	32310	卖盘
10:21:03	21.54	--	5	10770	卖盘
10:20:54	21.54	--	3	6462	买盘
10:20:48	21.54	-0.02	14	30156	卖盘
10:20:42	21.56	0.02	25	53900	买盘
10:20:33	21.54	-0.01	13	28002	卖盘
10:20:24	21.55	--	12	25860	买盘
10:20:09	21.55	--	2	4310	买盘
10:20:06	21.55	--	8	17240	买盘
10:20:00	21.55	-0.01	7	15085	卖盘
10:19:48	21.56	0.02	7	15092	买盘
10:19:33	21.54	--	15	32310	卖盘
10:19:30	21.54	--	1	2154	卖盘
10:19:12	21.54	-0.02	5	10770	卖盘
10:18:42	21.56	0.02	1	2156	中性盘
10:18:21	21.54	-0.05	50	107700	卖盘
10:18:12	21.59	0.02	5	10795	买盘
10:18:09	21.57	0.01	12	25884	买盘
10:18:06	21.56	-0.01	16	34496	卖盘
10:17:51	21.57	--	6	12942	买盘
10:17:42	21.57	-0.02	5	10785	卖盘
10:17:30	21.59	0.01	50	107950	买盘
10:17:21	21.58	--	46	100821	卖盘
10:17:18	21.58	--	5	10790	卖盘
10:17:12	21.58	-0.01	15	32369	卖盘
10:17:09	21.59	0.01	9	19431	买盘
10:17:00	21.58	--	67	145190	买盘
10:16:48	21.58	--	30	66293	卖盘
10:16:42	21.58	--	25	54554	买盘
10:16:30	21.58	0.01	7	15105	买盘
10:16:27	21.57	-0.01	6	12942	卖盘
10:16:18	21.58	0.01	9	19422	买盘
10:16:00	21.57	--	11	23727	买盘
10:15:54	21.57	--	100	215700	买盘
10:15:48	21.57	--	9	19413	买盘
10:15:42	21.57	0.01	35	75495	买盘
10:15:39	21.56	--	2	4312	卖盘
10:15:27	21.56	--	18	38808	买盘
10:15:24	21.56	--	11	23716	买盘
10:15:18	21.56	--	1	2156	买盘
10:15:12	21.56	-0.02	4	8624	卖盘
10:15:06	21.58	--	4	8632	买盘
10:15:03	21.58	0.03	204	440231	买盘
10:14:54	21.55	--	1	2155	卖盘
10:14:51	21.55	-0.02	15	32325	卖盘
10:14:48	21.57	0.02	17	36669	买盘
10:14:42	21.55	-0.02	20	43100	卖盘
10:14:24	21.57	--	6	12942	卖盘
10:14:21	21.57	0.01	14	30198	买盘
10:14:18	21.56	-0.01	8	17248	卖盘
10:14:12	21.57	-0.01	6	12942	卖盘
10:14:09	21.58	0.02	13	28053	买盘
10:13:54	21.56	0.01	4	8624	买盘
10:13:42	21.55	0.04	14	30170	买盘
10:13:39	21.51	--	2	4302	买盘
10:13:36	21.51	--	8	17208	买盘
10:13:33	21.51	0.01	6	12906	买盘
10:13:21	21.5	0.02	68	146200	买盘
10:13:15	21.48	--	10	21480	买盘
10:13:12	21.48	--	10	21480	买盘
10:13:09	21.48	--	81	173988	买盘
10:13:03	21.48	0.01	3	6444	买盘
10:13:00	21.47	--	20	42940	买盘
10:12:54	21.47	--	5	10735	买盘
10:12:42	21.47	0.01	28	60116	买盘
10:12:39	21.46	0.01	120	257520	买盘
10:12:36	21.45	--	1	2145	买盘
10:12:24	21.45	--	5	10725	买盘
10:12:21	21.45	--	1	2145	买盘
10:12:18	21.45	--	10	21450	买盘
10:12:15	21.45	--	5	10725	买盘
10:12:09	21.45	0.01	9	19305	买盘
10:12:06	21.44	0.04	5	10720	买盘
10:12:00	21.4	0.02	1	2140	中性盘
10:11:00	21.38	-0.02	36	76968	卖盘
10:10:57	21.4	0.01	60	129041	买盘
10:10:54	21.39	-0.01	15	32085	卖盘
10:10:51	21.4	--	1	2140	买盘
10:10:39	21.4	0.01	2	4280	买盘
10:10:30	21.39	--	15	32085	卖盘
10:10:18	21.39	-0.01	2	4278	卖盘
10:09:57	21.4	--	2	4280	买盘
10:09:30	21.4	0.01	100	214000	买盘
10:09:27	21.39	0.01	11	23529	买盘
10:09:21	21.38	-0.01	2	4276	卖盘
10:08:30	21.39	--	18	38502	买盘
10:08:27	21.39	--	2	4278	买盘
10:08:18	21.39	--	2	4278	买盘
10:08:03	21.39	-0.01	2	4278	卖盘
10:08:00	21.4	0.01	4	8560	买盘
10:07:45	21.39	0.01	2	4278	买盘
10:07:42	21.38	--	7	14966	卖盘
10:07:33	21.38	--	2	4276	买盘
10:07:24	21.38	0.01	8	17104	中性盘
10:06:54	21.37	--	3	6411	买盘
10:06:33	21.37	0.01	5	10685	买盘
10:06:21	21.36	-0.02	2	4272	中性盘
10:06:03	21.38	0.02	10	21380	买盘
10:05:57	21.36	-0.02	97	207192	卖盘
10:05:54	21.38	0.01	3	6414	买盘
10:05:51	21.37	0.01	3	6411	中性盘
10:05:24	21.36	0.01	16	34176	买盘
10:05:03	21.35	--	1	2135	买盘
10:04:57	21.35	-0.01	11	23485	卖盘
10:04:39	21.36	--	3	6408	卖盘
10:04:30	21.36	-0.02	7	14952	卖盘
10:04:24	21.38	--	10	21380	买盘
10:04:18	21.38	--	65	138970	卖盘
10:04:06	21.38	-0.02	11	23518	卖盘
10:04:03	21.4	0.01	24	51360	买盘
10:03:57	21.39	--	5	10695	中性盘
10:03:51	21.39	--	5	10695	卖盘
10:03:45	21.39	--	1	2139	卖盘
10:03:39	21.39	0.01	7	14973	买盘
10:03:36	21.38	--	29	62002	卖盘
10:03:33	21.38	-0.01	40	85520	卖盘
10:03:30	21.39	0.01	2	4278	买盘
10:03:24	21.38	-0.01	5	10690	卖盘
10:03:21	21.39	--	1	2139	中性盘
10:03:18	21.39	--	60	128340	卖盘
10:03:09	21.39	-0.01	2	4278	卖盘
10:03:00	21.4	-0.05	171	367438	卖盘
10:02:51	21.45	-0.01	4	8580	中性盘
10:02:39	21.46	0.04	10	22103	买盘
10:02:27	21.42	--	7	14994	买盘
10:02:24	21.42	--	41	87822	买盘
10:02:09	21.42	--	7	14994	买盘
10:02:06	21.42	-0.04	11	25061	卖盘
10:02:00	21.46	--	10	21460	买盘
10:01:39	21.46	--	109	233914	买盘
10:01:30	21.46	--	16	34336	买盘
10:01:24	21.46	0.01	3	6438	买盘
10:01:15	21.45	--	5	10725	卖盘
10:01:12	21.45	--	7	15015	卖盘
10:01:00	21.45	-0.01	10	21450	卖盘
10:00:42	21.46	--	45	96570	卖盘
10:00:30	21.46	--	5	10730	卖盘
10:00:15	21.46	--	20	42920	卖盘
10:00:09	21.46	--	2	4292	卖盘
10:00:06	21.46	--	1	2146	买盘
10:00:00	21.46	--	2	4292	买盘
09:59:48	21.46	--	30	64380	买盘
09:59:12	21.46	0.01	20	42920	买盘
09:59:06	21.45	0.03	5	10725	买盘
09:59:03	21.42	--	16	34914	卖盘
09:58:33	21.42	--	23	49266	卖盘
09:57:54	21.42	--	5	10710	卖盘
09:57:48	21.42	-0.05	1	2142	卖盘
09:57:39	21.47	--	6	12882	买盘
09:57:15	21.47	--	4	8588	买盘
09:56:54	21.47	0.01	1	2147	买盘
09:56:45	21.46	--	3	6438	买盘
09:56:33	21.46	-0.01	1	2146	卖盘
09:56:30	21.47	0.01	20	42940	买盘
09:56:15	21.46	0.05	11	23606	买盘
09:56:03	21.41	--	16	34256	买盘
09:55:51	21.41	--	36	77076	买盘
09:55:45	21.41	--	4	8564	买盘
09:55:42	21.41	--	20	42820	买盘
09:55:39	21.41	--	5	10705	买盘
09:55:36	21.41	--	5	10705	买盘
09:55:33	21.41	-0.05	28	59948	卖盘
09:55:18	21.46	0.06	1	2146	中性盘
09:54:15	21.4	--	5	10700	买盘
09:54:09	21.4	--	5	10700	买盘
09:53:57	21.4	--	4	8560	买盘
09:53:54	21.4	--	10	21400	买盘
09:53:51	21.4	--	1	2140	买盘
09:53:42	21.4	--	23	49220	买盘
09:53:36	21.4	--	34	72760	买盘
09:53:33	21.4	--	7	14979	买盘
09:53:30	21.4	--	3	6420	买盘
09:53:27	21.4	--	102	218280	买盘
09:53:18	21.4	--	20	42800	买盘
09:53:06	21.4	0.01	100	214000	买盘
09:52:57	21.39	0.01	62	132618	买盘
09:52:48	21.38	--	9	19242	卖盘
09:52:18	21.38	0.02	19	40622	买盘
09:52:15	21.36	-0.02	30	64080	卖盘
09:52:12	21.38	--	5	10690	买盘
09:52:09	21.38	--	1	2138	买盘
09:52:06	21.38	--	2	4276	买盘
09:52:03	21.38	--	7	14966	买盘
09:52:00	21.38	--	22	47036	买盘
09:51:54	21.38	-0.01	5	10690	卖盘
09:51:39	21.39	-0.01	50	106950	卖盘
09:51:36	21.4	-0.05	165	353100	卖盘
09:51:30	21.45	-0.01	1	2145	卖盘
09:51:21	21.46	0.01	40	85840	买盘
09:51:18	21.45	--	1	2145	卖盘
09:51:15	21.45	--	10	21450	卖盘
09:50:57	21.45	-0.01	1	2145	卖盘
09:50:54	21.46	0.01	4	8584	买盘
09:50:51	21.45	--	1	2145	卖盘
09:50:27	21.45	-0.01	10	21450	卖盘
09:50:24	21.46	0.01	14	30044	买盘
09:50:21	21.45	--	16	34320	卖盘
09:50:03	21.45	--	42	90090	买盘
09:49:57	21.45	--	10	21450	买盘
09:49:51	21.45	-0.01	35	75075	卖盘
09:49:42	21.46	--	1	2146	卖盘
09:49:33	21.46	-0.01	10	21460	卖盘
09:49:18	21.47	0.01	12	25764	买盘
09:49:12	21.46	--	5	10730	卖盘
09:49:06	21.46	-0.01	1	2146	卖盘
09:49:00	21.47	-0.01	20	42940	卖盘
09:48:57	21.48	0.01	5	10740	买盘
09:48:54	21.47	-0.01	16	34352	卖盘
09:48:45	21.48	--	5	10740	买盘
09:48:36	21.48	-0.02	451	968748	卖盘
09:48:33	21.5	--	15	32250	买盘
09:48:24	21.5	0.01	9	19350	买盘
09:48:21	21.49	-0.01	1	2149	中性盘
09:48:09	21.5	--	38	83205	卖盘
09:48:03	21.5	--	1	2150	卖盘
09:48:00	21.5	--	10	21500	卖盘
09:47:57	21.5	--	2	4945	买盘
09:47:54	21.5	0.02	18	38700	买盘
09:47:45	21.48	-0.02	2	4296	卖盘
09:47:42	21.5	--	5	10750	买盘
09:47:39	21.5	--	50	107500	买盘
09:47:27	21.5	--	33	72455	卖盘
09:47:21	21.5	0.02	16	35045	买盘
09:47:18	21.48	--	13	27924	卖盘
09:47:15	21.48	--	3	6444	卖盘
09:47:09	21.48	-0.02	4	8592	卖盘
09:47:06	21.5	0.02	20	43000	买盘
09:47:00	21.48	--	4	8592	卖盘
09:46:51	21.48	-0.02	30	64440	卖盘
09:46:39	21.5	--	2	4300	买盘
09:46:33	21.5	0.02	10	21500	买盘
09:46:21	21.48	-0.02	11	23628	卖盘
09:46:12	21.5	--	10	21500	买盘
09:46:09	21.5	--	8	17200	买盘
09:46:03	21.5	0.02	20	43000	买盘
09:46:00	21.48	--	2	4296	买盘
09:45:57	21.48	-0.02	116	249168	卖盘
09:45:42	21.5	0.01	1	2150	买盘
09:45:39	21.49	-0.01	6	12893	卖盘
09:45:36	21.5	--	9	19350	买盘
09:45:30	21.5	--	30	64500	卖盘
09:45:21	21.5	--	3	6450	卖盘
09:45:15	21.5	--	13	27950	买盘
09:45:03	21.5	0.02	2	4300	买盘
09:44:54	21.48	--	10	21480	卖盘
09:44:42	21.48	--	6	12888	卖盘
09:44:18	21.48	0.01	1	2148	买盘
09:44:15	21.47	-0.01	4	8588	卖盘
09:44:12	21.48	0.01	26	55848	买盘
09:44:06	21.47	--	5	10735	卖盘
09:44:03	21.47	--	4	8588	卖盘
09:44:00	21.47	--	17	36499	买盘
09:43:54	21.47	--	4	8588	买盘
09:43:48	21.47	--	21	45087	买盘
09:43:15	21.47	--	12	25764	买盘
09:43:09	21.47	--	10	21470	买盘
09:43:06	21.47	--	33	70851	买盘
09:43:00	21.47	--	25	53675	买盘
09:42:54	21.47	--	7	15029	买盘
09:42:48	21.47	--	5	10735	买盘
09:42:45	21.47	--	25	53675	卖盘
09:42:42	21.47	-0.01	10	21470	卖盘
09:42:30	21.48	--	10	21480	买盘
09:42:24	21.48	--	10	21480	买盘
09:42:21	21.48	--	20	42960	买盘
09:42:18	21.48	--	50	107400	买盘
09:42:06	21.48	0.01	2	4296	买盘
09:42:03	21.47	-0.01	7	15029	卖盘
09:41:57	21.48	--	8	17184	卖盘
09:41:54	21.48	-0.01	11	23628	卖盘
09:41:51	21.49	--	2	4298	卖盘
09:41:48	21.49	0.01	2	4298	买盘
09:41:45	21.48	-0.02	5	10740	卖盘
09:41:21	21.5	0.01	21	45150	买盘
09:41:15	21.49	-0.01	17	36533	卖盘
09:40:51	21.5	-0.05	40	87139	卖盘
09:40:39	21.55	--	20	43100	卖盘
09:40:30	21.55	--	3	6465	卖盘
09:40:27	21.55	0.01	1	2155	买盘
09:40:24	21.54	--	10	21540	卖盘
09:40:15	21.54	--	1	2154	卖盘
09:40:06	21.54	--	3	7474	买盘
09:40:03	21.54	--	19	42067	卖盘
09:39:42	21.54	--	6	12924	卖盘
09:39:30	21.54	-0.01	32	69940	卖盘
09:39:21	21.55	--	1	2155	卖盘
09:39:09	21.55	--	21	45255	卖盘
09:39:06	21.55	-0.01	3	6465	卖盘
09:38:54	21.56	-0.02	509	1097404	卖盘
09:38:48	21.58	-0.02	12	25895	卖盘
09:38:39	21.6	0.01	30	64800	买盘
09:38:30	21.59	--	31	66929	卖盘
09:38:15	21.59	0.03	80	172720	买盘
09:38:12	21.56	-0.02	10	21560	卖盘
09:38:03	21.58	0.03	1	2158	买盘
09:38:00	21.55	--	5	10775	卖盘
09:37:45	21.55	-0.05	135	290925	卖盘
09:37:42	21.6	--	5	10800	买盘
09:37:27	21.6	--	64	138240	卖盘
09:37:18	21.6	--	36	77760	买盘
09:37:12	21.6	--	69	149040	卖盘
09:37:09	21.6	--	20	43200	卖盘
09:37:03	21.6	-0.01	32	69120	中性盘
09:36:48	21.61	0.01	49	105889	买盘
09:36:45	21.6	-0.01	25	54000	卖盘
09:36:36	21.61	0.01	10	21610	买盘
09:36:30	21.6	--	5	10800	卖盘
09:36:27	21.6	--	10	21600	卖盘
09:36:24	21.6	--	60	129600	买盘
09:36:06	21.6	--	10	21600	卖盘
09:35:51	21.6	-0.02	20	43200	卖盘
09:35:45	21.62	0.02	210	454020	买盘
09:35:39	21.6	--	53	114480	卖盘
09:35:27	21.6	-0.01	17	36720	卖盘
09:35:24	21.61	0.01	37	79957	买盘
09:35:21	21.6	--	8	17280	卖盘
09:35:18	21.6	--	57	123120	买盘
09:35:15	21.6	--	33	71280	买盘
09:35:03	21.6	--	42	90720	卖盘
09:34:54	21.6	--	2	4320	卖盘
09:34:51	21.6	--	11	23760	卖盘
09:34:45	21.6	--	38	82080	买盘
09:34:33	21.6	--	31	66960	卖盘
09:34:30	21.6	-0.01	45	97200	卖盘
09:34:27	21.61	--	20	43220	买盘
09:34:15	21.61	0.01	80	172880	买盘
09:34:09	21.6	--	5	10800	卖盘
09:34:06	21.6	--	5	10800	卖盘
09:33:57	21.6	--	2	4320	卖盘
09:33:45	21.6	--	16	34560	买盘
09:33:33	21.6	--	84	181440	卖盘
09:33:24	21.6	0.05	18	38880	买盘
09:33:09	21.55	-0.02	5	10775	中性盘
09:33:06	21.57	--	12	25884	买盘
09:32:57	21.57	0.02	14	30198	买盘
09:32:54	21.55	--	150	323250	卖盘
09:32:51	21.55	--	15	32325	卖盘
09:32:45	21.55	-0.05	5	10775	卖盘
09:32:42	21.6	--	4	8640	卖盘
09:32:39	21.6	0.05	96	207360	买盘
09:32:36	21.55	-0.03	2	4310	卖盘
09:32:30	21.58	--	50	107899	买盘
09:32:27	21.58	-0.02	22	47475	买盘
09:32:15	21.6	--	33	71280	卖盘
09:32:12	21.6	--	53	114480	买盘
09:32:06	21.6	0.05	2	4320	买盘
09:32:00	21.55	-0.08	20	43100	卖盘
09:31:48	21.63	--	2	4326	卖盘
09:31:45	21.63	--	96	207648	买盘
09:31:39	21.63	--	25	54075	买盘
09:31:36	21.63	--	16	34608	卖盘
09:31:33	21.63	-0.01	3	6489	卖盘
09:31:30	21.64	--	3	6492	卖盘
09:31:27	21.64	0.01	26	56264	买盘
09:31:24	21.63	--	8	17304	卖盘
09:31:18	21.63	--	8	17304	卖盘
09:31:09	21.63	--	5	10815	卖盘
09:31:03	21.63	--	6	12978	卖盘
09:30:54	21.63	0.08	59	127617	买盘
09:30:15	21.55	-0.06	30	64650	卖盘
09:30:09	21.61	--	7	15127	卖盘
09:30:06	21.61	0.06	17	36737	买盘
09:30:03	21.55	--	25	53875	卖盘
09:30:00	21.55	--	0	0	卖盘
09:25:03	21.55	21.55	43	92665	买盘
