成交时间	成交价	价格变动	成交量(手)	成交额(元)	性质
15:00:03	7.61	--	313	238193	买盘
14:57:00	7.61	--	0	0	买盘
14:56:54	7.61	--	5	3805	买盘
14:56:48	7.61	--	2	1522	买盘
14:56:30	7.61	--	21	15981	买盘
14:56:24	7.61	0.01	13	9893	买盘
14:56:18	7.6	--	26	19760	买盘
14:56:00	7.6	--	183	139080	卖盘
14:55:42	7.6	-0.01	40	30400	卖盘
14:55:36	7.61	0.01	120	91320	买盘
14:55:33	7.6	-0.01	94	71440	卖盘
14:55:15	7.61	--	27	20547	买盘
14:55:06	7.61	--	65	50218	卖盘
14:55:00	7.61	--	300	228300	卖盘
14:54:54	7.61	--	22	16742	卖盘
14:54:03	7.61	-0.01	5	3805	卖盘
14:53:57	7.62	0.01	100	76200	买盘
14:53:18	7.61	--	22	16742	卖盘
14:52:54	7.61	-0.01	10	7610	卖盘
14:52:30	7.62	--	25	19050	卖盘
14:51:54	7.62	--	20	15240	卖盘
14:51:24	7.62	--	27	20574	卖盘
14:51:15	7.62	--	8	6096	卖盘
14:51:12	7.62	--	20	15240	买盘
14:51:03	7.62	--	5	3810	买盘
14:50:42	7.62	0.01	129	98298	买盘
14:50:36	7.61	--	38	28918	卖盘
14:50:12	7.61	-0.01	10	7610	卖盘
14:50:00	7.62	--	15	11430	卖盘
14:49:48	7.62	--	276	210319	买盘
14:47:00	7.62	0.01	11	8382	买盘
14:46:45	7.61	--	5	3805	卖盘
14:46:09	7.61	-0.01	60	45660	卖盘
14:44:33	7.62	--	16	12192	卖盘
14:44:15	7.62	-0.01	4	3048	卖盘
14:44:03	7.63	--	3	2289	买盘
14:42:54	7.63	0.01	15	11445	买盘
14:42:33	7.62	-0.01	102	77724	卖盘
14:42:27	7.63	0.01	100	76300	买盘
14:42:18	7.62	--	70	53340	卖盘
14:42:12	7.62	--	14	10668	卖盘
14:42:03	7.62	--	5	3810	卖盘
14:41:24	7.62	--	5	3810	卖盘
14:41:09	7.62	--	1	762	卖盘
14:41:06	7.62	--	10	7620	卖盘
14:40:36	7.62	--	10	7620	卖盘
14:40:06	7.62	--	18	13716	卖盘
14:39:51	7.62	--	64	48768	卖盘
14:39:48	7.62	--	25	19050	买盘
14:39:42	7.62	0.01	25	19050	中性盘
14:38:45	7.61	--	2	1522	卖盘
14:37:48	7.61	-0.02	2	1522	卖盘
14:37:12	7.63	--	188	143444	卖盘
14:36:24	7.63	0.01	207	157941	买盘
14:36:12	7.62	--	22	16764	卖盘
14:36:09	7.62	--	3	2286	卖盘
14:35:45	7.62	--	40	30480	卖盘
14:34:48	7.62	--	10	7620	卖盘
14:34:45	7.62	0.01	165	125730	买盘
14:34:42	7.61	-0.01	2	1522	卖盘
14:34:36	7.62	--	10	7620	买盘
14:33:51	7.62	0.01	100	76200	买盘
14:33:39	7.61	--	50	38050	卖盘
14:33:18	7.61	-0.01	2	1522	卖盘
14:32:51	7.62	0.01	40	30480	买盘
14:32:33	7.61	-0.01	5	3805	卖盘
14:31:03	7.62	0.01	2	1524	买盘
14:30:27	7.61	--	20	15220	卖盘
14:30:21	7.61	0.01	114	86754	买盘
14:30:00	7.6	-0.01	1	760	卖盘
14:29:54	7.61	--	10	7610	买盘
14:28:42	7.61	-0.01	103	78383	卖盘
14:27:57	7.62	--	14	10668	买盘
14:27:06	7.62	0.01	36	27432	买盘
14:25:54	7.61	-0.01	18	13698	卖盘
14:25:33	7.62	--	2	1524	买盘
14:25:09	7.62	0.01	30	22860	买盘
14:24:54	7.61	--	6	4566	卖盘
14:23:54	7.61	-0.01	90	68490	卖盘
14:23:51	7.62	0.01	3	2286	买盘
14:22:39	7.61	-0.01	3	2283	卖盘
14:22:24	7.62	--	9	6858	买盘
14:22:06	7.62	0.01	70	53340	买盘
14:21:36	7.61	--	1	761	卖盘
14:21:30	7.61	--	1	761	卖盘
14:20:18	7.61	0.01	10	7610	中性盘
14:20:06	7.6	-0.01	27	20520	卖盘
14:20:00	7.61	--	4	3044	卖盘
14:19:57	7.61	0.01	328	249608	买盘
14:19:39	7.6	--	1	760	卖盘
14:18:24	7.6	--	20	15200	卖盘
14:18:06	7.6	-0.01	30	22800	卖盘
14:17:27	7.61	0.01	10	7610	买盘
14:17:03	7.6	--	20	15200	卖盘
14:16:57	7.6	--	230	174800	卖盘
14:16:51	7.6	--	10	7600	卖盘
14:16:27	7.6	-0.01	8	6080	卖盘
14:14:57	7.61	--	36	27396	买盘
14:14:54	7.61	--	52	39572	买盘
14:14:39	7.61	--	90	68490	卖盘
14:14:27	7.61	--	296	225256	买盘
14:14:15	7.61	--	211	160571	卖盘
14:14:06	7.61	--	10	7610	卖盘
14:13:45	7.61	--	20	15220	卖盘
14:13:36	7.61	--	180	136980	卖盘
14:13:00	7.61	-0.01	1	761	卖盘
14:12:45	7.62	0.01	72	54864	买盘
14:11:48	7.61	-0.01	20	15220	卖盘
14:11:39	7.62	0.01	142	108204	买盘
14:11:21	7.61	--	1	761	卖盘
14:11:00	7.61	--	24	18264	卖盘
14:10:51	7.61	--	7	5327	卖盘
14:10:30	7.61	--	266	202426	卖盘
14:10:18	7.61	--	4	3044	卖盘
14:10:03	7.61	--	10	7610	卖盘
14:09:21	7.61	--	50	38050	卖盘
14:09:03	7.61	0.01	20	15220	中性盘
14:07:30	7.6	--	2	1520	卖盘
14:06:36	7.6	-0.01	50	38000	卖盘
14:06:21	7.61	0.01	2	1522	买盘
14:06:03	7.6	-0.01	7	5320	卖盘
14:05:54	7.61	--	11	8371	买盘
14:05:42	7.61	--	90	68490	买盘
14:04:54	7.61	--	13	9893	买盘
14:03:54	7.61	--	5	3805	买盘
14:03:45	7.61	0.01	20	15220	买盘
14:02:42	7.6	--	40	30400	卖盘
14:02:39	7.6	-0.01	5	3800	卖盘
14:02:12	7.61	0.01	15	11415	买盘
14:02:09	7.6	-0.01	100	76000	卖盘
14:02:06	7.61	--	5	3805	卖盘
14:01:57	7.61	--	22	16742	买盘
14:01:45	7.61	0.01	100	76100	买盘
14:01:39	7.6	--	36	27360	卖盘
14:01:18	7.6	-0.01	105	79800	卖盘
14:01:15	7.61	0.01	30	22830	买盘
14:00:45	7.6	--	34	25840	卖盘
13:59:00	7.6	--	100	76000	卖盘
13:58:30	7.6	--	48	36480	卖盘
13:58:27	7.6	-0.01	100	76000	卖盘
13:57:57	7.61	--	248	188728	卖盘
13:57:48	7.61	--	3	2283	卖盘
13:56:33	7.61	--	10	7610	卖盘
13:56:21	7.61	-0.01	33	25113	卖盘
13:55:57	7.62	0.01	1	762	中性盘
13:55:51	7.61	--	34	25874	卖盘
13:55:36	7.61	-0.02	33	25113	卖盘
13:54:33	7.63	--	10	7630	买盘
13:54:15	7.63	0.01	1	763	买盘
13:54:06	7.62	--	11	8382	卖盘
13:53:39	7.62	0.01	7	5334	买盘
13:53:36	7.61	-0.01	40	30440	卖盘
13:53:33	7.62	--	100	76200	买盘
13:52:57	7.62	--	10	7620	买盘
13:52:45	7.62	--	1	762	买盘
13:52:03	7.62	0.01	10	7620	中性盘
13:50:18	7.61	--	223	169703	卖盘
13:49:24	7.61	-0.03	10	7610	卖盘
13:49:15	7.64	0.03	14	10696	买盘
13:49:06	7.61	-0.01	1206	917766	卖盘
13:48:36	7.62	--	10	7620	卖盘
13:47:36	7.62	-0.02	10	7620	卖盘
13:46:27	7.64	0.02	50	38200	买盘
13:45:45	7.62	--	50	38100	卖盘
13:45:33	7.62	--	55	41910	买盘
13:45:30	7.62	--	4	3048	买盘
13:44:51	7.62	0.01	3	2286	买盘
13:44:30	7.61	--	5	3805	卖盘
13:44:24	7.61	-0.01	10	7610	卖盘
13:44:12	7.62	0.01	50	38100	买盘
13:43:57	7.61	--	100	76100	卖盘
13:43:27	7.61	--	10	7610	卖盘
13:43:24	7.61	-0.01	34	25874	卖盘
13:43:12	7.62	0.01	7	5334	买盘
13:42:57	7.61	--	3	2283	卖盘
13:42:39	7.61	--	20	15220	卖盘
13:42:24	7.61	--	15	11415	卖盘
13:41:54	7.61	--	168	127848	买盘
13:41:15	7.61	--	27	20547	买盘
13:41:09	7.61	--	3	2283	买盘
13:41:06	7.61	--	2	1522	买盘
13:41:03	7.61	--	6	4566	买盘
13:40:48	7.61	0.01	1	761	买盘
13:40:06	7.6	--	10	7600	卖盘
13:39:57	7.6	--	5	3800	卖盘
13:39:54	7.6	--	1	760	卖盘
13:39:36	7.6	-0.01	17	12920	卖盘
13:39:27	7.61	--	1	761	买盘
13:39:24	7.61	--	3	2283	买盘
13:39:12	7.61	--	19	14459	买盘
13:38:54	7.61	--	3	2283	买盘
13:38:48	7.61	--	8	6088	卖盘
13:38:45	7.61	--	40	30440	卖盘
13:38:24	7.61	--	2	1522	买盘
13:38:06	7.61	--	8	6088	卖盘
13:37:27	7.61	--	2	1522	买盘
13:37:15	7.61	-0.01	48	36528	卖盘
13:37:09	7.62	--	1	762	买盘
13:36:39	7.62	0.01	2	1524	买盘
13:35:09	7.61	-0.01	50	38050	卖盘
13:34:42	7.62	0.01	4	3048	买盘
13:34:36	7.61	--	10	7610	卖盘
13:34:30	7.61	--	50	38050	卖盘
13:33:54	7.61	-0.01	50	38050	卖盘
13:33:45	7.62	0.01	11	8382	买盘
13:33:30	7.61	-0.01	10	7610	卖盘
13:32:45	7.62	--	100	76200	买盘
13:32:21	7.62	--	5	3810	买盘
13:32:15	7.62	-0.01	51	38862	卖盘
13:31:57	7.63	0.01	50	38150	买盘
13:31:39	7.62	--	20	15240	卖盘
13:31:33	7.62	--	10	7620	卖盘
13:31:15	7.62	--	100	76200	卖盘
13:31:09	7.62	-0.01	273	208026	卖盘
13:30:12	7.63	0.01	10	7630	买盘
13:29:39	7.62	-0.01	1	762	卖盘
13:29:03	7.63	0.01	10	7630	买盘
13:27:06	7.62	-0.01	50	38100	卖盘
13:26:24	7.63	0.01	370	282310	买盘
13:26:00	7.62	-0.01	10	7620	卖盘
13:25:24	7.63	--	15	11445	买盘
13:25:03	7.63	0.01	1	763	买盘
13:24:48	7.62	-0.01	68	51816	卖盘
13:24:36	7.63	0.01	75	57225	买盘
13:24:27	7.62	--	20	15240	卖盘
13:24:09	7.62	--	10	7620	卖盘
13:23:45	7.62	--	94	71628	买盘
13:23:30	7.62	--	12	9144	卖盘
13:23:27	7.62	--	25	19050	卖盘
13:23:21	7.62	--	21	16002	卖盘
13:23:06	7.62	--	50	38100	卖盘
13:22:39	7.62	--	10	7620	卖盘
13:22:36	7.62	--	67	51054	买盘
13:22:27	7.62	0.01	30	22860	买盘
13:22:00	7.61	-0.01	10	7610	卖盘
13:21:39	7.62	-0.01	239	182118	卖盘
13:21:06	7.63	--	14	10682	买盘
13:20:57	7.63	--	209	159467	卖盘
13:20:33	7.63	--	30	22890	卖盘
13:20:18	7.63	--	30	22890	卖盘
13:19:48	7.63	--	14	10682	买盘
13:19:33	7.63	0.01	20	15260	买盘
13:18:57	7.62	--	20	15240	卖盘
13:18:21	7.62	-0.01	1	762	卖盘
13:18:15	7.63	0.01	50	38150	买盘
13:17:36	7.62	--	531	404622	买盘
13:17:12	7.62	-0.01	23	17526	卖盘
13:16:33	7.63	0.01	50	38150	买盘
13:15:48	7.62	-0.01	10	7620	卖盘
13:15:24	7.63	0.01	1	763	买盘
13:15:15	7.62	--	10	7620	卖盘
13:15:06	7.62	--	1	762	卖盘
13:14:33	7.62	--	2	1524	卖盘
13:14:21	7.62	-0.01	64	48768	卖盘
13:14:09	7.63	--	7	5341	卖盘
13:13:57	7.63	0.01	7	5341	中性盘
13:13:15	7.62	-0.02	25	19050	卖盘
13:13:00	7.64	--	50	38200	买盘
13:12:48	7.64	0.02	100	76400	买盘
13:11:24	7.62	--	105	80010	买盘
13:10:21	7.62	--	5	3810	卖盘
13:09:51	7.62	0.01	5	3810	买盘
13:09:48	7.61	-0.01	4	3044	卖盘
13:09:39	7.62	-0.01	1	762	中性盘
13:08:48	7.63	--	75	57225	买盘
13:08:45	7.63	0.01	35	26705	买盘
13:08:18	7.62	--	3	2286	买盘
13:07:21	7.62	0.01	5	3810	买盘
13:06:30	7.61	-0.01	40	30440	卖盘
13:06:18	7.62	0.01	2	1524	中性盘
13:06:06	7.61	-0.02	10	7610	卖盘
13:06:03	7.63	0.02	10	7630	买盘
13:05:45	7.61	--	3	2283	卖盘
13:05:15	7.61	-0.02	6	4566	卖盘
13:05:03	7.63	0.02	10	7630	买盘
13:04:45	7.61	--	185	140785	买盘
13:03:18	7.61	--	14	10654	卖盘
13:02:30	7.61	0.01	2	1522	中性盘
13:02:15	7.6	-0.04	16	12160	卖盘
13:02:09	7.64	--	10	7640	买盘
13:01:21	7.64	0.04	20	15280	买盘
13:01:15	7.6	-0.02	87	66120	卖盘
13:00:48	7.62	--	1	762	买盘
13:00:36	7.62	--	2	1524	卖盘
13:00:18	7.62	0.02	26	19812	买盘
13:00:12	7.6	-0.01	138	104880	卖盘
13:00:09	7.61	--	84	63924	卖盘
13:00:06	7.61	--	400	304400	卖盘
13:00:03	7.61	-0.01	265	201665	中性盘
13:00:00	7.62	0.01	10	7620	买盘
11:30:00	7.61	--	0	0	买盘
11:29:54	7.61	--	20	15220	买盘
11:29:48	7.61	--	4	3044	买盘
11:29:39	7.61	--	68	51748	卖盘
11:29:15	7.61	--	15	11415	卖盘
11:28:30	7.61	--	1	761	卖盘
11:28:03	7.61	--	4	3044	卖盘
11:27:54	7.61	-0.01	20	15220	卖盘
11:27:30	7.62	--	1	762	买盘
11:27:24	7.62	-0.01	10	7620	中性盘
11:26:45	7.63	--	5	3815	买盘
11:26:03	7.63	0.02	227	173201	买盘
11:25:57	7.61	-0.01	8	6088	卖盘
11:25:45	7.62	--	31	23622	卖盘
11:25:42	7.62	--	5	3810	卖盘
11:25:36	7.62	--	154	117348	买盘
11:24:45	7.62	0.01	5	3810	买盘
11:24:30	7.61	--	5	3805	买盘
11:24:27	7.61	--	19	14459	买盘
11:24:15	7.61	0.01	50	38050	买盘
11:24:03	7.6	--	505	383800	买盘
11:23:51	7.6	0.01	1000	760000	买盘
11:23:42	7.59	--	26	19734	买盘
11:23:12	7.59	0.02	10	7590	买盘
11:22:57	7.57	-0.02	200	151400	卖盘
11:22:39	7.59	--	1	759	卖盘
11:22:36	7.59	--	3	2277	卖盘
11:22:33	7.59	--	1	759	卖盘
11:22:24	7.59	--	100	75900	卖盘
11:22:18	7.59	--	30	22770	卖盘
11:21:39	7.59	--	50	37950	卖盘
11:20:48	7.59	-0.01	1	759	卖盘
11:20:33	7.6	0.01	11	8360	买盘
11:20:03	7.59	--	8	6072	卖盘
11:19:12	7.59	-0.01	34	25806	卖盘
11:18:42	7.6	0.01	5	3800	买盘
11:18:36	7.59	-0.01	30	22770	卖盘
11:17:45	7.6	0.01	50	38000	买盘
11:16:18	7.59	--	66	50094	买盘
11:15:06	7.59	0.01	120	91080	买盘
11:14:30	7.58	--	1	758	卖盘
11:13:54	7.58	--	1	758	卖盘
11:13:45	7.58	--	40	30320	卖盘
11:13:06	7.58	--	4	3032	卖盘
11:13:00	7.58	--	4	3032	买盘
11:12:33	7.58	--	11	8338	卖盘
11:12:18	7.58	--	180	136440	卖盘
11:11:57	7.58	--	40	30320	卖盘
11:11:39	7.58	--	20	15160	卖盘
11:11:09	7.58	--	100	75800	卖盘
11:10:45	7.58	-0.01	100	75800	卖盘
11:10:36	7.59	--	8	6072	买盘
11:10:27	7.59	--	5	3795	卖盘
11:10:15	7.59	--	1	759	卖盘
11:10:00	7.59	--	5	3795	卖盘
11:09:48	7.59	--	82	62238	买盘
11:09:30	7.59	--	9	6831	买盘
11:09:12	7.59	--	100	75900	买盘
11:08:09	7.59	0.01	17	12903	买盘
11:08:03	7.58	--	4	3032	卖盘
11:06:42	7.58	-0.01	10	7580	卖盘
11:06:21	7.59	0.01	88	66792	买盘
11:06:15	7.58	--	30	22740	卖盘
11:06:12	7.58	--	12	9096	卖盘
11:05:57	7.58	-0.01	17	12886	卖盘
11:05:39	7.59	0.01	100	75900	买盘
11:05:33	7.58	--	5	3790	卖盘
11:04:39	7.58	--	476	360808	买盘
11:04:36	7.58	--	25	18950	买盘
11:04:18	7.58	-0.01	99	75042	卖盘
11:03:51	7.59	0.01	12	9108	买盘
11:03:45	7.58	--	50	37900	卖盘
11:03:36	7.58	0.01	154	116732	买盘
11:02:45	7.57	--	7	5299	买盘
11:02:33	7.57	--	100	75700	买盘
11:02:21	7.57	0.01	81	61317	买盘
11:02:09	7.56	-0.01	1	756	中性盘
11:01:57	7.57	0.01	50	37850	买盘
11:01:30	7.56	--	30	22680	买盘
11:01:09	7.56	--	38	28728	卖盘
11:00:21	7.56	--	5	3780	卖盘
10:59:57	7.56	0.02	7	5292	买盘
10:59:42	7.54	--	29	21866	卖盘
10:59:24	7.54	-0.02	10	7540	卖盘
10:59:03	7.56	0.01	19	14364	卖盘
10:58:51	7.55	0.02	4	3020	买盘
10:58:48	7.53	-0.02	17	12801	卖盘
10:58:36	7.55	-0.01	27	20385	卖盘
10:58:33	7.56	0.01	64	48384	买盘
10:58:18	7.55	--	7	5285	卖盘
10:58:12	7.55	--	10	7550	卖盘
10:57:12	7.55	-0.01	13	9815	卖盘
10:55:48	7.56	--	17	12852	卖盘
10:55:36	7.56	--	7	5292	买盘
10:55:03	7.56	--	47	35532	卖盘
10:52:48	7.56	--	1	756	卖盘
10:52:03	7.56	--	57	43092	买盘
10:51:54	7.56	--	10	7560	买盘
10:51:18	7.56	--	1	756	买盘
10:51:15	7.56	0.01	208	157248	买盘
10:51:12	7.55	--	10	7550	买盘
10:51:09	7.55	--	52	39260	买盘
10:51:03	7.55	--	48	36240	买盘
10:51:00	7.55	--	3	2265	买盘
10:50:57	7.55	--	9	6795	买盘
10:50:54	7.55	0.01	23	17365	买盘
10:50:51	7.54	--	30	22620	买盘
10:50:48	7.54	--	27	20358	买盘
10:50:42	7.54	--	8	6032	买盘
10:50:21	7.54	--	20	15080	买盘
10:50:03	7.54	-0.01	64	48256	卖盘
10:49:36	7.55	0.01	54	40770	买盘
10:49:00	7.54	0.01	2	1508	中性盘
10:46:54	7.53	-0.02	12	9036	卖盘
10:46:48	7.55	--	1	755	买盘
10:46:18	7.55	--	1	755	买盘
10:46:03	7.55	--	30	22650	买盘
10:44:18	7.55	--	28	21140	买盘
10:43:18	7.55	0.01	119	89845	买盘
10:42:45	7.54	0.01	286	215644	买盘
10:42:39	7.53	--	1	753	卖盘
10:42:36	7.53	--	64	48192	卖盘
10:42:15	7.53	--	47	35391	卖盘
10:41:54	7.53	--	101	76053	买盘
10:39:54	7.53	--	20	15060	买盘
10:39:45	7.53	--	3	2259	买盘
10:39:24	7.53	--	50	37650	买盘
10:39:00	7.53	--	4	3012	卖盘
10:38:21	7.53	--	26	19578	买盘
10:38:15	7.53	--	20	15060	买盘
10:38:09	7.53	0.01	25	18825	买盘
10:37:27	7.52	--	69	51888	买盘
10:37:24	7.52	--	1	752	买盘
10:37:18	7.52	--	3	2256	买盘
10:37:15	7.52	--	3	2256	买盘
10:37:12	7.52	--	3	2256	买盘
10:37:09	7.52	--	5	3760	买盘
10:37:06	7.52	--	4	3008	买盘
10:37:03	7.52	--	2	1504	买盘
10:34:48	7.52	--	2	1504	买盘
10:34:15	7.52	0.01	67	50384	买盘
10:34:00	7.51	0.01	10	7510	中性盘
10:31:45	7.5	-0.02	5	3750	卖盘
10:31:00	7.52	--	1	752	买盘
10:30:51	7.52	--	4	3008	买盘
10:28:54	7.52	--	10	7520	买盘
10:28:39	7.52	--	6	4512	买盘
10:26:33	7.52	--	1	752	买盘
10:26:24	7.52	-0.01	16	12032	卖盘
10:26:15	7.53	0.01	2	1506	买盘
10:26:09	7.52	--	30	22560	卖盘
10:25:48	7.52	0.01	175	131600	买盘
10:25:21	7.51	0.01	453	340203	买盘
10:24:33	7.5	--	55	41250	买盘
10:24:27	7.5	--	15	11250	买盘
10:24:12	7.5	0.01	2	1500	买盘
10:23:51	7.49	--	28	20972	买盘
10:23:45	7.49	--	10	7490	买盘
10:23:24	7.49	--	20	14980	买盘
10:22:54	7.49	--	10	7490	买盘
10:22:48	7.49	--	60	44940	卖盘
10:22:39	7.49	--	2	1498	卖盘
10:22:06	7.49	-0.01	3	2247	卖盘
10:22:03	7.5	0.01	6	4500	买盘
10:21:45	7.49	-0.01	20	14980	卖盘
10:21:39	7.5	--	10	7500	买盘
10:21:33	7.5	0.01	10	7500	买盘
10:19:24	7.49	-0.01	155	116095	卖盘
10:18:33	7.5	--	30	22500	买盘
10:18:27	7.5	--	19	14250	买盘
10:18:06	7.5	0.01	10	7500	买盘
10:17:33	7.49	-0.01	14	10486	卖盘
10:17:27	7.5	0.01	40	30000	买盘
10:17:00	7.49	0.02	200	149800	买盘
10:16:36	7.47	--	27	20169	卖盘
10:16:24	7.47	-0.02	64	47808	卖盘
10:15:30	7.49	0.03	1	749	中性盘
10:14:27	7.46	-0.04	330	246180	卖盘
10:12:48	7.5	--	20	15000	买盘
10:12:42	7.5	--	105	78750	买盘
10:12:36	7.5	--	1	750	买盘
10:12:33	7.5	--	8	6000	买盘
10:12:30	7.5	--	43	32250	买盘
10:12:27	7.5	--	22	16500	买盘
10:12:24	7.5	--	34	25500	买盘
10:12:21	7.5	--	33	24750	买盘
10:12:18	7.5	--	27	20250	买盘
10:12:15	7.5	--	26	19500	买盘
10:12:12	7.5	--	33	24750	买盘
10:12:09	7.5	--	52	39000	买盘
10:12:06	7.5	--	83	62250	买盘
10:12:03	7.5	--	48	36000	买盘
10:12:00	7.5	0.01	57	42750	买盘
10:11:57	7.49	--	41	30709	买盘
10:11:48	7.49	--	1	749	买盘
10:11:45	7.49	--	5	3745	买盘
10:11:42	7.49	--	19	14231	买盘
10:11:39	7.49	0.01	24	17976	买盘
10:11:36	7.48	--	32	23936	买盘
10:11:33	7.48	--	11	8228	买盘
10:11:30	7.48	--	60	44880	买盘
10:11:27	7.48	--	13	9724	买盘
10:11:24	7.48	--	13	9724	买盘
10:11:21	7.48	--	12	8976	买盘
10:11:18	7.48	--	16	11968	买盘
10:11:15	7.48	--	7	5236	买盘
10:11:12	7.48	--	14	10472	买盘
10:11:09	7.48	--	3	2244	买盘
10:11:06	7.48	--	3	2244	买盘
10:11:03	7.48	--	2	1496	买盘
10:11:00	7.48	--	4	2992	买盘
10:10:57	7.48	--	2	1496	买盘
10:10:54	7.48	0.03	1	748	买盘
10:10:21	7.45	-0.03	6	4470	卖盘
10:09:54	7.48	0.03	4	2992	买盘
10:09:39	7.45	--	6	4470	卖盘
10:09:00	7.45	--	230	171350	卖盘
10:08:33	7.45	-0.01	6	4470	卖盘
10:08:27	7.46	--	2	1492	买盘
10:08:03	7.46	-0.01	773	576658	卖盘
10:08:00	7.47	--	3	2241	买盘
10:07:45	7.47	--	30	22410	买盘
10:07:27	7.47	-0.01	10	7470	中性盘
10:06:36	7.48	--	34	25432	卖盘
10:06:21	7.48	0.01	166	124168	买盘
10:06:03	7.47	--	40	29880	买盘
10:05:51	7.47	--	15	11205	买盘
10:05:48	7.47	--	1	747	买盘
10:05:15	7.47	--	2	1494	卖盘
10:05:12	7.47	--	7	5229	买盘
10:05:09	7.47	0.01	6	4482	中性盘
10:04:45	7.46	--	116	86536	卖盘
10:04:03	7.46	--	1	746	卖盘
10:03:39	7.46	-0.01	50	37300	卖盘
10:03:27	7.47	--	175	130725	买盘
10:03:18	7.47	--	59	44073	卖盘
10:03:06	7.47	0.01	59	44073	中性盘
10:02:45	7.46	-0.03	30	22380	卖盘
10:02:18	7.49	--	13	9737	买盘
10:02:06	7.49	--	1	749	买盘
10:02:00	7.49	--	201	150549	卖盘
10:01:51	7.49	-0.01	3	2247	卖盘
10:01:42	7.5	0.01	5	3750	买盘
10:01:24	7.49	0.03	8	5992	买盘
10:01:18	7.46	--	8	5968	卖盘
10:01:09	7.46	0.01	1	746	中性盘
10:01:00	7.45	-0.01	101	75245	卖盘
10:00:48	7.46	--	2	1492	买盘
10:00:42	7.46	-0.01	5	3730	卖盘
10:00:18	7.47	--	130	97110	卖盘
10:00:09	7.47	-0.01	23	17181	卖盘
09:59:45	7.48	-0.01	90	67320	卖盘
09:59:30	7.49	--	11	8239	卖盘
09:59:18	7.49	-0.01	14	10486	卖盘
09:59:06	7.5	--	50	37500	买盘
09:58:42	7.5	-0.01	264	198000	卖盘
09:58:39	7.51	--	5	3755	买盘
09:58:36	7.51	0.01	40	30040	买盘
09:58:24	7.5	-0.01	20	15000	卖盘
09:58:03	7.51	--	47	35297	卖盘
09:57:57	7.51	--	50	37550	卖盘
09:57:54	7.51	--	1	751	卖盘
09:57:36	7.51	--	10	7510	卖盘
09:57:21	7.51	-0.01	186	139686	卖盘
09:57:18	7.52	0.01	2	1504	买盘
09:57:15	7.51	0.01	56	42056	买盘
09:56:45	7.5	-0.01	1	750	卖盘
09:56:36	7.51	--	51	38301	买盘
09:56:33	7.51	--	10	7510	买盘
09:55:48	7.51	-0.01	106	79606	卖盘
09:55:00	7.52	0.01	100	75200	买盘
09:54:36	7.51	--	9	6759	卖盘
09:54:33	7.51	--	10	7510	卖盘
09:54:06	7.51	--	8	6008	卖盘
09:53:39	7.51	--	3	2253	买盘
09:53:24	7.51	--	37	27787	卖盘
09:53:09	7.51	--	100	75100	卖盘
09:53:03	7.51	--	21	15771	卖盘
09:52:42	7.51	--	10	7510	卖盘
09:52:33	7.51	--	17	12767	卖盘
09:52:30	7.51	--	78	58578	卖盘
09:52:27	7.51	--	2	1502	卖盘
09:51:54	7.51	-0.01	23	17273	卖盘
09:51:51	7.52	--	50	37600	买盘
09:51:45	7.52	0.01	11	8272	买盘
09:51:33	7.51	-0.01	36	27036	卖盘
09:50:42	7.52	--	40	30080	买盘
09:50:21	7.52	0.01	17	12784	买盘
09:49:54	7.51	--	5	3755	卖盘
09:49:51	7.51	--	177	132927	卖盘
09:49:42	7.51	-0.01	50	37550	卖盘
09:49:36	7.52	0.01	33	24816	买盘
09:49:24	7.51	--	123	92373	卖盘
09:49:06	7.51	--	11	8261	卖盘
09:48:21	7.51	--	9	6759	卖盘
09:47:36	7.51	--	6	4506	卖盘
09:46:48	7.51	-0.01	20	15020	卖盘
09:46:33	7.52	--	1	752	买盘
09:46:30	7.52	--	30	22560	买盘
09:45:57	7.52	0.01	30	22560	买盘
09:45:39	7.51	--	10	7510	卖盘
09:45:18	7.51	--	23	17273	卖盘
09:45:09	7.51	--	27	20277	卖盘
09:44:45	7.51	-0.01	234	175734	卖盘
09:44:33	7.52	--	22	16544	买盘
09:44:27	7.52	--	16	12032	买盘
09:44:18	7.52	--	11	8272	卖盘
09:44:15	7.52	--	4	3008	买盘
09:44:00	7.52	--	34	25568	买盘
09:43:54	7.52	-0.01	2	1504	卖盘
09:43:51	7.53	0.01	117	88101	买盘
09:43:36	7.52	0.01	13	9776	中性盘
09:43:24	7.51	--	1	751	卖盘
09:43:00	7.51	-0.02	50	37550	卖盘
09:42:57	7.53	--	17	12801	买盘
09:42:21	7.53	0.01	124	93372	买盘
09:42:06	7.52	--	10	7520	卖盘
09:41:54	7.52	--	10	7520	卖盘
09:41:39	7.52	--	5	3760	卖盘
09:41:27	7.52	-0.01	23	17296	卖盘
09:40:03	7.53	--	3	2259	买盘
09:40:00	7.53	--	15	11295	买盘
09:39:30	7.53	-0.01	1	753	中性盘
09:39:15	7.54	0.01	21	15834	买盘
09:39:12	7.53	--	11	8283	卖盘
09:39:09	7.53	-0.01	20	15060	卖盘
09:38:57	7.54	0.01	10	7540	买盘
09:38:54	7.53	--	5	3765	卖盘
09:38:51	7.53	--	50	37650	卖盘
09:38:45	7.53	--	11	8283	卖盘
09:38:33	7.53	-0.01	50	37650	卖盘
09:38:30	7.54	0.01	10	7540	买盘
09:38:06	7.53	--	10	7530	买盘
09:37:57	7.53	0.01	37	27861	买盘
09:37:45	7.52	--	31	23312	中性盘
09:37:42	7.52	--	15	11280	买盘
09:37:30	7.52	0.01	319	239888	买盘
09:37:18	7.51	0.01	77	57827	买盘
09:37:03	7.5	--	9	6750	卖盘
09:36:51	7.5	--	122	91500	买盘
09:36:48	7.5	-0.01	1	750	卖盘
09:36:45	7.51	0.01	83	62333	买盘
09:36:39	7.5	--	100	75000	卖盘
09:36:36	7.5	--	3	2250	卖盘
09:36:33	7.5	-0.01	101	75750	卖盘
09:36:18	7.51	0.01	14	10514	买盘
09:35:51	7.5	--	79	59250	买盘
09:35:24	7.5	--	21	15750	卖盘
09:35:21	7.5	-0.01	15	11250	中性盘
09:35:03	7.51	0.01	44	33044	买盘
09:34:18	7.5	--	33	24750	买盘
09:33:36	7.5	0.03	80	60000	买盘
09:33:12	7.47	--	1	747	卖盘
09:33:09	7.47	-0.02	8	5976	中性盘
09:32:57	7.49	0.02	57	42693	买盘
09:32:48	7.47	-0.02	2	1494	卖盘
09:32:45	7.49	--	10	7490	买盘
09:32:39	7.49	0.02	7	5243	买盘
09:32:36	7.47	0.01	15	11205	中性盘
09:32:27	7.46	--	10	7460	卖盘
09:32:12	7.46	0.02	10	7460	中性盘
09:31:57	7.44	-0.05	100	74400	卖盘
09:31:51	7.49	--	1	749	卖盘
09:31:36	7.49	--	38	28462	买盘
09:31:27	7.49	--	221	165529	买盘
09:31:24	7.49	--	79	59171	卖盘
09:31:21	7.49	--	2	1498	卖盘
09:31:15	7.49	--	54	40446	卖盘
09:31:12	7.49	-0.01	15	11235	卖盘
09:31:09	7.5	-0.02	91	68250	卖盘
09:31:03	7.52	-0.01	31	23312	中性盘
09:30:42	7.53	0.08	50	37650	中性盘
09:30:09	7.45	--	4	2980	卖盘
09:30:06	7.45	-0.06	680	506600	卖盘
09:30:03	7.51	0.09	128	96128	买盘
09:30:00	7.42	--	0	0	卖盘
09:25:03	7.42	7.42	3247	2409274	买盘
