成交时间	成交价	价格变动	成交量(手)	成交额(元)	性质
15:00:03	25.24	--	175	441700	卖盘
14:57:03	25.24	--	10	25240	卖盘
14:56:51	25.24	-0.02	1	2524	卖盘
14:56:48	25.26	--	1	2526	买盘
14:56:45	25.26	0.02	1	2526	买盘
14:56:42	25.24	--	10	25240	卖盘
14:56:39	25.24	-0.01	10	25240	卖盘
14:56:30	25.25	-0.01	2	5050	买盘
14:56:27	25.26	0.01	12	30312	买盘
14:56:18	25.25	--	148	373700	卖盘
14:56:12	25.25	-0.01	1	2525	卖盘
14:55:54	25.26	-0.02	1	2526	中性盘
14:55:48	25.28	0.02	7	17696	买盘
14:55:33	25.26	--	20	50520	卖盘
14:55:30	25.26	-0.01	10	25260	卖盘
14:55:27	25.27	--	9	22743	买盘
14:55:24	25.27	--	3	7581	买盘
14:55:21	25.27	0.01	10	25270	买盘
14:54:51	25.26	-0.01	6	15156	卖盘
14:54:30	25.27	--	2	5054	卖盘
14:54:12	25.27	-0.01	1	2527	卖盘
14:53:57	25.28	--	13	32864	卖盘
14:53:48	25.28	--	2	5056	买盘
14:53:30	25.28	-0.01	3	7584	中性盘
14:53:12	25.29	--	5	13656	卖盘
14:53:00	25.29	0.01	6	15174	卖盘
14:52:33	25.28	0.01	16	41964	买盘
14:52:15	25.27	--	1	2527	买盘
14:52:03	25.27	0.01	9	22743	买盘
14:51:57	25.26	--	32	80832	卖盘
14:51:54	25.26	--	10	25260	卖盘
14:51:51	25.26	0.01	19	47994	买盘
14:51:42	25.25	--	5	12625	卖盘
14:51:39	25.25	--	5	12625	卖盘
14:51:15	25.25	--	15	37875	卖盘
14:51:12	25.25	--	37	93425	买盘
14:50:48	25.25	--	5	12625	买盘
14:50:39	25.25	--	1	2525	买盘
14:50:36	25.25	-0.01	8	20200	卖盘
14:50:30	25.26	--	5	12630	买盘
14:50:27	25.26	0.01	15	37890	买盘
14:50:06	25.25	-0.01	17	42925	卖盘
14:50:03	25.26	--	9	22734	卖盘
14:49:57	25.26	-0.01	1	2526	卖盘
14:49:54	25.27	0.01	4	10108	买盘
14:49:48	25.26	--	5	12630	卖盘
14:49:42	25.26	0.01	5	12630	买盘
14:49:09	25.25	--	3	7575	卖盘
14:48:57	25.25	--	1	2525	卖盘
14:48:54	25.25	--	2	5050	卖盘
14:48:39	25.25	--	20	50500	卖盘
14:48:15	25.25	--	55	138875	买盘
14:48:03	25.25	--	5	12625	买盘
14:47:27	25.25	0.01	103	260075	买盘
14:47:21	25.24	-0.01	2	5048	卖盘
14:47:15	25.25	0.01	2	5050	买盘
14:47:09	25.24	0.01	5	12620	买盘
14:47:06	25.23	-0.01	8	20184	卖盘
14:46:57	25.24	0.01	2	5048	卖盘
14:46:45	25.23	-0.01	5	12615	卖盘
14:46:36	25.24	0.01	4	10096	买盘
14:46:30	25.23	-0.01	5	12615	卖盘
14:46:09	25.24	--	1	2524	卖盘
14:46:06	25.24	0.01	1	2524	买盘
14:46:00	25.23	--	4	10092	卖盘
14:45:45	25.23	--	3	7569	卖盘
14:45:21	25.23	-0.02	38	95874	卖盘
14:45:15	25.25	--	1	2525	买盘
14:44:42	25.25	0.02	1	2525	买盘
14:44:12	25.23	--	5	12615	买盘
14:44:09	25.23	0.01	1	2523	买盘
14:44:03	25.22	--	5	12610	卖盘
14:43:51	25.22	--	0	201	卖盘
14:43:42	25.22	-0.01	4	10088	卖盘
14:43:27	25.23	--	8	20184	卖盘
14:43:18	25.23	-0.02	2	5046	卖盘
14:43:06	25.25	0.02	13	32825	买盘
14:43:00	25.23	-0.02	1	2523	卖盘
14:42:57	25.25	--	2	5050	买盘
14:42:45	25.25	--	6	15150	买盘
14:42:30	25.25	--	1	2525	卖盘
14:42:15	25.25	0.04	4	10100	买盘
14:42:03	25.21	-0.02	203	511763	卖盘
14:41:33	25.23	-0.02	20	50460	卖盘
14:41:30	25.25	--	13	32825	买盘
14:41:15	25.25	--	1	2525	卖盘
14:40:30	25.25	-0.02	11	27775	卖盘
14:40:27	25.27	-0.01	1	2527	卖盘
14:40:06	25.28	0.01	2	5056	买盘
14:39:30	25.27	--	3	7581	卖盘
14:39:27	25.27	--	1	2527	卖盘
14:39:15	25.27	-0.01	10	25270	卖盘
14:39:09	25.28	0.01	2	5056	买盘
14:38:48	25.27	--	4	10108	卖盘
14:38:06	25.27	-0.01	20	50540	卖盘
14:37:57	25.28	--	1	2528	买盘
14:37:45	25.28	0.01	10	25280	买盘
14:37:03	25.27	--	2	5054	卖盘
14:36:15	25.27	-0.01	3	7581	卖盘
14:36:12	25.28	--	1	2528	买盘
14:35:36	25.28	--	10	25280	买盘
14:35:15	25.28	--	10	25280	买盘
14:34:39	25.28	0.01	1	2528	买盘
14:34:36	25.27	-0.01	11	27797	卖盘
14:34:33	25.28	0.01	1	2528	买盘
14:34:21	25.27	-0.01	2	5054	卖盘
14:34:09	25.28	0.01	2	5056	买盘
14:33:33	25.27	--	6	15162	卖盘
14:33:24	25.27	-0.01	1	2527	卖盘
14:33:09	25.28	--	1	2528	买盘
14:33:03	25.28	--	10	25280	买盘
14:33:00	25.28	-0.02	38	96064	卖盘
14:32:39	25.3	--	3	7590	买盘
14:32:30	25.3	-0.02	142	359260	卖盘
14:32:15	25.32	-0.05	13	32916	卖盘
14:32:03	25.37	0.07	4	10148	买盘
14:30:57	25.3	0.02	57	144210	买盘
14:30:36	25.28	-0.01	17	42976	卖盘
14:30:18	25.29	--	1	2529	买盘
14:30:15	25.29	0.01	1	2529	买盘
14:30:09	25.28	-0.02	5	12640	中性盘
14:29:21	25.3	--	28	70840	买盘
14:29:18	25.3	0.03	4	10120	买盘
14:29:15	25.27	-0.03	5	12635	卖盘
14:29:03	25.3	--	5	12650	买盘
14:29:00	25.3	--	3	7590	买盘
14:28:51	25.3	--	42	106260	买盘
14:28:48	25.3	--	100	253000	买盘
14:28:42	25.3	--	1	2530	买盘
14:28:39	25.3	-0.06	108	273240	卖盘
14:28:30	25.36	0.04	99	251064	买盘
14:28:12	25.32	-0.01	6	15192	中性盘
14:27:33	25.33	--	145	367285	买盘
14:27:24	25.33	0.02	260	658580	买盘
14:27:15	25.31	--	4	10124	卖盘
14:26:57	25.31	-0.04	5	12655	卖盘
14:26:36	25.35	--	30	76050	买盘
14:26:12	25.35	-0.05	26	65910	卖盘
14:26:06	25.4	0.05	125	317500	买盘
14:26:03	25.35	0.05	87	220545	买盘
14:25:33	25.3	--	10	25300	买盘
14:25:21	25.3	0.07	420	1062600	买盘
14:25:18	25.23	0.01	6	15188	买盘
14:24:51	25.22	--	8	20176	卖盘
14:24:24	25.22	--	1	2522	卖盘
14:23:57	25.22	-0.01	2	5044	卖盘
14:23:54	25.23	-0.01	16	42840	卖盘
14:23:48	25.24	--	2	5048	买盘
14:23:30	25.24	-0.01	2	5048	卖盘
14:23:09	25.25	0.02	1	2525	买盘
14:22:42	25.23	--	6	15138	卖盘
14:22:27	25.23	--	0	50	卖盘
14:22:18	25.23	--	4	10092	卖盘
14:22:15	25.23	--	7	17661	卖盘
14:22:12	25.23	--	7	17661	卖盘
14:22:03	25.23	--	8	20184	卖盘
14:21:57	25.23	-0.02	1	2523	卖盘
14:21:48	25.25	--	1	2525	买盘
14:21:33	25.25	0.02	2	5050	买盘
14:21:30	25.23	--	2	5046	卖盘
14:20:30	25.23	-0.02	39	98397	卖盘
14:20:27	25.25	--	7	17675	买盘
14:20:21	25.25	--	1	2525	卖盘
14:20:12	25.25	-0.01	1	2525	中性盘
14:19:48	25.26	0.03	1	2526	买盘
14:19:45	25.23	-0.03	12	30276	中性盘
14:19:24	25.26	-0.01	1	2526	中性盘
14:19:18	25.27	0.05	10	25270	买盘
14:18:27	25.22	--	4	10088	卖盘
14:18:24	25.22	-0.05	5	12610	卖盘
14:18:18	25.27	0.05	4	10108	买盘
14:17:42	25.22	--	7	17654	卖盘
14:17:18	25.22	0.01	2	5044	中性盘
14:16:48	25.21	-0.01	5	12605	卖盘
14:16:36	25.22	-0.06	30	75660	卖盘
14:16:24	25.28	--	5	12640	买盘
14:16:03	25.28	0.06	5	12640	买盘
14:16:00	25.22	--	10	25220	卖盘
14:15:48	25.22	--	20	50440	卖盘
14:15:27	25.22	--	1	2522	卖盘
14:14:45	25.22	-0.06	1	2522	卖盘
14:14:36	25.28	0.06	4	10112	买盘
14:14:03	25.22	-0.06	100	252200	卖盘
14:13:54	25.28	0.03	1	2528	中性盘
14:13:03	25.25	-0.04	10	25250	卖盘
14:12:42	25.29	0.04	1	2529	买盘
14:12:24	25.25	-0.01	10	25250	卖盘
14:11:45	25.26	--	2	5052	买盘
14:11:30	25.26	--	14	35364	买盘
14:11:09	25.26	--	3	7578	买盘
14:10:54	25.26	-0.01	9	22734	卖盘
14:10:15	25.27	--	11	27797	买盘
14:10:12	25.27	--	12	30324	买盘
14:10:09	25.27	--	12	30324	买盘
14:09:51	25.27	-0.02	2	5054	卖盘
14:09:27	25.29	-0.01	3	7587	卖盘
14:09:24	25.3	0.01	2	5060	买盘
14:09:06	25.29	--	3	7587	卖盘
14:08:48	25.29	--	2	5058	卖盘
14:08:33	25.29	--	1	2529	卖盘
14:08:30	25.29	0.02	5	12645	买盘
14:08:15	25.27	--	1	2527	卖盘
14:08:12	25.27	--	3	7581	卖盘
14:06:30	25.27	-0.03	4	10108	卖盘
14:06:15	25.3	--	2	5060	买盘
14:06:00	25.3	--	3	7590	买盘
14:05:00	25.3	--	10	25300	买盘
14:04:51	25.3	--	1	2530	买盘
14:04:39	25.3	--	5	12650	买盘
14:04:06	25.3	--	2	5060	买盘
14:03:54	25.3	--	150	379500	买盘
14:03:39	25.3	0.04	21	53130	买盘
14:03:36	25.26	-0.04	2	5052	卖盘
14:03:18	25.3	--	11	27830	买盘
14:03:15	25.3	--	26	65780	买盘
14:03:03	25.3	0.01	1	2530	买盘
14:02:48	25.29	-0.01	13	32877	卖盘
14:02:21	25.3	--	6	15180	买盘
14:02:09	25.3	0.01	16	40480	买盘
14:01:06	25.29	0.03	1	2529	买盘
14:00:48	25.26	-0.02	3	7578	中性盘
13:58:21	25.28	--	6	15168	买盘
13:57:42	25.28	0.03	12	30336	买盘
13:57:39	25.25	--	3	7575	卖盘
13:57:12	25.25	-0.01	2	5050	卖盘
13:56:36	25.26	--	10	25260	卖盘
13:56:27	25.26	--	8	20208	买盘
13:56:18	25.26	--	9	22734	买盘
13:56:06	25.26	--	12	30312	买盘
13:55:48	25.26	--	16	40416	买盘
13:55:30	25.26	--	12	30312	买盘
13:55:18	25.26	-0.02	33	83358	卖盘
13:55:09	25.28	-0.02	9	22752	卖盘
13:54:21	25.3	--	6	15180	买盘
13:53:39	25.3	0.02	20	50600	买盘
13:53:24	25.28	--	2	5056	卖盘
13:51:30	25.28	-0.01	32	80896	卖盘
13:51:27	25.29	--	12	30348	买盘
13:51:15	25.29	0.01	40	101160	买盘
13:51:06	25.28	--	14	35392	卖盘
13:51:03	25.28	0.02	29	75031	买盘
13:50:45	25.26	--	10	25260	卖盘
13:50:42	25.26	--	4	10104	卖盘
13:50:18	25.26	0.01	25	63150	买盘
13:50:15	25.25	--	7	17675	买盘
13:50:06	25.25	-0.01	12	30300	卖盘
13:49:18	25.26	--	1	2526	买盘
13:49:15	25.26	--	2	5052	买盘
13:48:57	25.26	0.01	10	25260	中性盘
13:47:42	25.25	--	6	15150	卖盘
13:47:39	25.25	--	1	2525	卖盘
13:47:12	25.25	--	2	5050	卖盘
13:46:45	25.25	--	17	42925	买盘
13:46:42	25.25	--	9	22725	买盘
13:46:36	25.25	--	6	15150	买盘
13:46:24	25.25	-0.01	10	25250	卖盘
13:46:21	25.26	0.01	5	12630	买盘
13:45:57	25.25	--	1	2525	买盘
13:44:54	25.25	--	6	15150	卖盘
13:44:45	25.25	0.03	10	25250	买盘
13:44:36	25.22	-0.03	4	10088	中性盘
13:44:24	25.25	0.03	39	98475	买盘
13:44:18	25.22	--	16	40352	卖盘
13:44:00	25.22	-0.01	38	95836	卖盘
13:43:36	25.23	-0.02	7	17661	中性盘
13:43:06	25.25	0.03	1	2525	买盘
13:43:03	25.22	-0.03	50	126100	卖盘
13:42:51	25.25	--	4	10100	卖盘
13:42:33	25.25	--	4	10100	卖盘
13:42:18	25.25	--	10	25250	买盘
13:41:39	25.25	--	3	7575	卖盘
13:41:12	25.25	-0.03	5	12625	卖盘
13:38:51	25.28	--	10	25280	买盘
13:38:21	25.28	0.03	6	15168	买盘
13:38:18	25.25	--	9	22725	卖盘
13:38:06	25.25	-0.03	1	2525	卖盘
13:37:36	25.28	0.05	2	5056	买盘
13:37:24	25.23	-0.02	14	35322	卖盘
13:37:18	25.25	--	9	22725	卖盘
13:37:12	25.25	0.02	8	20200	买盘
13:36:36	25.23	-0.02	4	10092	卖盘
13:36:00	25.25	--	8	20200	卖盘
13:35:45	25.25	--	4	10100	卖盘
13:35:39	25.25	-0.03	10	25250	卖盘
13:35:24	25.28	0.03	4	10112	买盘
13:35:06	25.25	0.02	2	5050	中性盘
13:34:48	25.23	-0.05	3	7569	卖盘
13:34:27	25.28	--	3	8392	卖盘
13:34:21	25.28	0.05	2	6775	中性盘
13:33:45	25.23	-0.07	1	2523	卖盘
13:33:12	25.3	--	285	721050	买盘
13:32:30	25.3	0.01	50	126500	买盘
13:32:18	25.29	--	1	2529	买盘
13:32:15	25.29	0.06	4	10116	买盘
13:32:06	25.23	--	3	7569	买盘
13:31:39	25.23	--	10	25230	买盘
13:31:06	25.23	--	6	15138	买盘
13:30:57	25.23	0.01	1	2523	卖盘
13:30:33	25.22	--	4	10088	买盘
13:30:30	25.22	--	3	7566	买盘
13:30:27	25.22	0.01	3	7566	买盘
13:30:24	25.21	-0.02	54	136134	卖盘
13:30:21	25.23	0.01	11	27753	中性盘
13:29:30	25.22	-0.02	24	60528	卖盘
13:29:21	25.24	--	1	2524	买盘
13:29:18	25.24	0.02	2	5048	买盘
13:29:09	25.22	-0.01	13	32786	卖盘
13:28:48	25.23	--	1	2523	买盘
13:28:42	25.23	-0.01	55	138765	卖盘
13:28:33	25.24	-0.01	43	108532	卖盘
13:28:18	25.25	--	10	25250	买盘
13:28:06	25.25	--	1	2525	买盘
13:28:03	25.25	--	4	10100	买盘
13:28:00	25.25	--	10	25250	买盘
13:27:57	25.25	-0.05	15	37875	卖盘
13:27:48	25.3	0.05	2	5060	买盘
13:27:45	25.25	--	75	189375	卖盘
13:27:42	25.25	-0.05	20	50500	卖盘
13:27:06	25.3	0.04	1	2530	买盘
13:26:36	25.26	--	5	12630	买盘
13:26:27	25.26	-0.04	4	10104	卖盘
13:26:21	25.3	0.03	20	50600	买盘
13:26:15	25.27	--	1	2527	买盘
13:25:24	25.27	--	2	5054	买盘
13:25:09	25.27	--	3	7581	买盘
13:24:42	25.27	0.01	6	15162	买盘
13:24:30	25.26	-0.01	6	15156	卖盘
13:24:03	25.27	--	4	10108	买盘
13:23:48	25.27	--	2	5054	买盘
13:23:45	25.27	--	4	10108	买盘
13:23:42	25.27	--	20	50540	买盘
13:23:18	25.27	--	1	2527	买盘
13:23:15	25.27	-0.03	2	5054	卖盘
13:22:57	25.3	0.03	1	2530	买盘
13:22:42	25.27	--	2	5054	买盘
13:22:39	25.27	--	3	7581	卖盘
13:22:36	25.27	--	3	7581	买盘
13:22:27	25.27	--	3	7581	卖盘
13:21:36	25.27	--	6	15162	卖盘
13:21:30	25.27	0.01	7	17689	买盘
13:21:27	25.26	-0.01	3	7578	卖盘
13:21:24	25.27	0.01	2	5054	买盘
13:21:00	25.26	-0.01	11	27786	卖盘
13:20:57	25.27	--	12	30324	买盘
13:20:39	25.27	--	2	5054	卖盘
13:19:48	25.27	-0.12	3	7581	卖盘
13:19:36	25.39	--	3	7617	买盘
13:19:33	25.39	--	5	12695	买盘
13:18:42	25.39	--	5	12695	买盘
13:18:36	25.39	0.14	7	17773	买盘
13:18:30	25.25	--	1	2525	卖盘
13:18:09	25.25	--	3	7575	卖盘
13:18:00	25.25	-0.05	10	25250	卖盘
13:17:12	25.3	--	39	98670	卖盘
13:16:48	25.3	-0.01	49	123970	卖盘
13:16:27	25.31	0.01	13	32903	买盘
13:16:21	25.3	-0.01	10	25300	卖盘
13:16:00	25.31	-0.08	28	70868	卖盘
13:15:45	25.39	--	4	10156	买盘
13:15:15	25.39	0.08	6	15234	买盘
13:15:09	25.31	--	9	22779	买盘
13:14:57	25.31	--	30	75930	买盘
13:14:36	25.31	-0.08	17	43027	卖盘
13:14:33	25.39	-0.01	5	12695	中性盘
13:12:06	25.4	0.01	15	38100	买盘
13:11:36	25.39	--	2	5078	卖盘
13:11:06	25.39	--	1	2539	买盘
13:11:03	25.39	0.09	4	10156	买盘
13:10:57	25.3	-0.07	15	37950	卖盘
13:10:36	25.37	-0.03	2	5074	买盘
13:08:27	25.4	--	1	2540	卖盘
13:08:03	25.4	--	10	25400	卖盘
13:07:45	25.4	-0.02	10	25400	卖盘
13:07:03	25.42	0.02	6	15252	买盘
13:07:00	25.4	-0.02	10	25400	卖盘
13:06:48	25.42	0.02	4	10168	买盘
13:06:39	25.4	-0.01	7	17780	卖盘
13:06:36	25.41	0.01	5	12705	买盘
13:06:24	25.4	0.1	1	2540	买盘
13:06:09	25.3	-0.09	6	15180	卖盘
13:05:45	25.39	--	1	2539	卖盘
13:05:33	25.39	-0.01	1	2539	买盘
13:05:21	25.4	0.01	5	12700	买盘
13:05:06	25.39	--	0	1066	买盘
13:04:51	25.39	0.15	150	380850	买盘
13:03:42	25.24	-0.02	6	15143	卖盘
13:03:27	25.26	-0.01	2	5052	卖盘
13:03:03	25.27	--	7	17689	卖盘
13:02:51	25.27	--	12	30324	买盘
13:02:45	25.27	--	10	25270	买盘
13:00:09	25.27	0.04	23	58121	买盘
13:00:06	25.23	--	108	272484	买盘
13:00:03	25.23	--	0	0	买盘
11:30:03	25.23	--	0	0	买盘
11:29:57	25.23	--	9	22707	卖盘
11:29:45	25.23	--	4	10092	买盘
11:29:36	25.23	--	6	15138	卖盘
11:29:33	25.23	--	12	30276	卖盘
11:29:21	25.23	--	10	25230	卖盘
11:29:06	25.23	-0.01	12	30276	卖盘
11:28:51	25.24	--	3	7571	买盘
11:28:45	25.24	--	9	22716	卖盘
11:28:33	25.24	--	4	10096	卖盘
11:28:24	25.24	0.01	12	30287	中性盘
11:28:12	25.23	-0.01	13	32799	卖盘
11:28:03	25.24	0.01	1	2524	买盘
11:28:00	25.23	-0.01	12	30276	卖盘
11:27:57	25.24	--	1	2524	买盘
11:27:54	25.24	0.01	2	5048	买盘
11:27:48	25.23	-0.01	9	22707	卖盘
11:27:36	25.24	-0.01	18	45432	卖盘
11:27:21	25.25	-0.01	2	5050	买盘
11:27:12	25.26	0.02	5	12630	中性盘
11:27:03	25.24	--	2	5048	买盘
11:27:00	25.24	--	27	68148	卖盘
11:26:48	25.24	--	14	35336	卖盘
11:26:09	25.24	--	25	63099	卖盘
11:25:36	25.24	--	10	25240	卖盘
11:25:12	25.24	--	18	45432	卖盘
11:24:54	25.24	0.01	45	113580	买盘
11:24:48	25.23	-0.01	1	2523	卖盘
11:24:36	25.24	--	30	75720	买盘
11:24:21	25.24	--	2	5048	买盘
11:24:15	25.24	--	3	7571	买盘
11:24:09	25.24	-0.01	20	50480	卖盘
11:24:00	25.25	0.01	1	2525	买盘
11:23:30	25.24	--	20	50480	卖盘
11:23:24	25.24	--	16	40384	卖盘
11:23:09	25.24	-0.01	7	17668	卖盘
11:23:00	25.25	--	2	5050	买盘
11:22:42	25.25	--	1	2525	买盘
11:22:39	25.25	--	6	15150	买盘
11:22:24	25.25	--	10	25250	买盘
11:22:18	25.25	-0.02	64	161600	卖盘
11:22:03	25.27	0.02	10	25270	买盘
11:21:06	25.25	--	29	73225	买盘
11:20:57	25.25	--	1	2525	买盘
11:20:45	25.25	--	20	50500	买盘
11:20:27	25.25	0.01	3	7575	买盘
11:20:03	25.24	--	11	27764	卖盘
11:20:00	25.24	-0.01	1	2524	卖盘
11:19:54	25.25	--	3	7575	买盘
11:19:00	25.25	0.01	10	25250	买盘
11:18:30	25.24	--	5	12620	卖盘
11:18:18	25.24	-0.01	29	73196	卖盘
11:16:51	25.25	--	37	93425	卖盘
11:16:30	25.25	-0.01	20	50500	卖盘
11:16:18	25.26	0.01	7	17682	买盘
11:16:03	25.25	-0.01	2	5050	卖盘
11:15:57	25.26	0.01	4	10104	买盘
11:15:51	25.25	-0.01	4	10100	卖盘
11:15:30	25.26	-0.01	11	27786	卖盘
11:14:27	25.27	--	1	2527	买盘
11:14:06	25.27	0.01	2	5054	买盘
11:13:30	25.26	--	3	7578	卖盘
11:13:18	25.26	--	1	2526	卖盘
11:12:39	25.26	-0.01	1	2526	卖盘
11:12:36	25.27	0.01	8	20216	买盘
11:12:24	25.26	-0.01	5	12630	卖盘
11:12:00	25.27	--	33	83391	卖盘
11:11:57	25.27	-0.01	3	7581	卖盘
11:11:42	25.28	0.01	1	2528	买盘
11:11:33	25.27	--	5	12635	卖盘
11:11:24	25.27	--	2	5054	卖盘
11:11:21	25.27	-0.01	4	10108	卖盘
11:11:03	25.28	--	6	15168	卖盘
11:10:57	25.28	-0.03	1	2528	卖盘
11:10:33	25.31	0.02	50	126550	买盘
11:10:27	25.29	--	4	10116	卖盘
11:10:06	25.29	-0.02	1	2529	卖盘
11:10:00	25.31	0.02	8	20248	买盘
11:09:15	25.29	-0.02	140	354060	卖盘
11:09:03	25.31	0.02	51	129081	买盘
11:08:54	25.29	0.01	7	17703	买盘
11:08:36	25.28	--	7	17696	卖盘
11:08:21	25.28	-0.02	3	7584	卖盘
11:08:00	25.3	0.02	8	20240	中性盘
11:07:03	25.28	-0.06	3	7584	中性盘
11:06:42	25.34	0.01	50	126700	买盘
11:05:42	25.33	0.03	3	7598	买盘
11:05:24	25.3	-0.03	2	5060	中性盘
11:04:54	25.33	0.07	2	5066	买盘
11:02:57	25.26	--	24	60624	买盘
11:02:51	25.26	--	1	2526	买盘
11:02:48	25.26	-0.05	10	25260	卖盘
11:02:33	25.31	-0.01	2	5062	卖盘
11:02:30	25.32	0.01	4	10128	买盘
11:02:09	25.31	0.06	1	2531	买盘
11:01:24	25.25	--	14	35350	买盘
11:01:15	25.25	0.01	11	27775	中性盘
11:00:06	25.24	--	15	37860	买盘
11:00:03	25.24	0.01	9	22716	买盘
11:00:00	25.23	-0.01	3	7569	卖盘
10:59:57	25.24	--	10	25240	买盘
10:59:45	25.24	--	10	25240	买盘
10:59:42	25.24	--	10	25240	买盘
10:59:36	25.24	--	50	126199	买盘
10:59:24	25.24	--	65	164060	买盘
10:59:09	25.24	--	3	7571	买盘
10:59:06	25.24	--	33	83292	卖盘
10:59:00	25.24	0.01	14	35336	中性盘
10:58:18	25.23	--	14	35322	卖盘
10:58:06	25.23	0.01	1	2523	中性盘
10:57:54	25.22	-0.01	100	252200	卖盘
10:57:51	25.23	--	6	15138	卖盘
10:57:48	25.23	-0.01	9	22707	卖盘
10:57:45	25.24	--	9	22716	卖盘
10:57:33	25.24	0.01	1	2524	卖盘
10:57:30	25.23	-0.12	29	73167	卖盘
10:57:21	25.35	0.12	1	2535	买盘
10:57:18	25.23	--	65	163995	卖盘
10:57:12	25.23	--	31	78213	卖盘
10:57:09	25.23	--	5	12615	卖盘
10:56:57	25.23	--	31	78213	卖盘
10:56:48	25.23	--	4	10092	卖盘
10:56:45	25.23	-0.03	16	40368	卖盘
10:56:42	25.26	0.01	9	22734	卖盘
10:56:39	25.25	-0.02	9	22725	卖盘
10:56:36	25.27	--	9	22743	卖盘
10:56:30	25.27	0.02	4	10108	中性盘
10:56:27	25.25	-0.01	9	22725	卖盘
10:56:24	25.26	--	18	45468	卖盘
10:56:06	25.26	-0.01	12	30312	卖盘
10:56:03	25.27	-0.08	20	50540	卖盘
10:55:45	25.35	0.08	11	27885	买盘
10:55:42	25.27	-0.03	21	53067	卖盘
10:55:27	25.3	--	29	73370	卖盘
10:55:09	25.3	-0.07	19	48070	卖盘
10:54:36	25.37	0.07	30	76110	买盘
10:54:33	25.3	-0.05	15	37950	卖盘
10:53:45	25.35	--	100	253500	买盘
10:53:12	25.35	0.05	1	2535	买盘
10:53:03	25.3	0.01	2	5060	卖盘
10:52:48	25.29	-0.01	19	48051	卖盘
10:52:36	25.3	--	1	2530	买盘
10:52:33	25.3	-0.01	15	37950	卖盘
10:52:30	25.31	-0.04	20	50620	卖盘
10:52:24	25.35	--	30	76050	买盘
10:52:00	25.35	--	2	5070	买盘
10:51:57	25.35	--	7	17745	卖盘
10:51:54	25.35	--	11	27885	卖盘
10:51:27	25.35	0.06	12	30420	买盘
10:51:15	25.29	-0.02	13	32877	卖盘
10:51:09	25.31	0.02	3	7593	买盘
10:51:00	25.29	--	7	17703	卖盘
10:50:57	25.29	--	11	27819	卖盘
10:50:39	25.29	-0.01	17	42993	卖盘
10:50:24	25.3	--	52	131560	买盘
10:50:18	25.3	0.01	4	10120	买盘
10:49:57	25.29	0.04	2	5058	买盘
10:49:48	25.25	--	9	22725	卖盘
10:49:27	25.25	0.02	1	2525	买盘
10:49:03	25.23	--	6	15138	卖盘
10:48:57	25.23	--	6	15138	买盘
10:48:45	25.23	--	19	47937	买盘
10:48:42	25.23	--	10	25230	买盘
10:48:30	25.23	--	11	27753	买盘
10:48:18	25.23	--	1	2523	买盘
10:48:15	25.23	--	3	7569	买盘
10:47:54	25.23	--	1	2523	买盘
10:47:51	25.23	0.01	4	10092	买盘
10:47:09	25.22	-0.03	4	10088	卖盘
10:46:48	25.25	-0.04	108	272700	卖盘
10:46:36	25.29	0.01	4	10116	买盘
10:46:33	25.28	--	43	108704	买盘
10:46:24	25.28	-0.01	23	58144	卖盘
10:46:18	25.29	--	8	20232	买盘
10:46:09	25.29	--	2	5058	买盘
10:45:51	25.29	0.02	1	2529	买盘
10:45:27	25.27	0.02	6	15162	中性盘
10:44:30	25.25	--	3	7575	卖盘
10:44:24	25.25	0.03	162	409050	买盘
10:44:09	25.22	--	4	10088	买盘
10:44:06	25.22	--	200	504400	买盘
10:44:03	25.22	0.02	10	25220	买盘
10:43:54	25.2	-0.02	10	25200	卖盘
10:43:48	25.22	0.02	5	12610	买盘
10:43:39	25.2	--	1	2520	卖盘
10:43:27	25.2	--	39	98884	买盘
10:43:24	25.2	--	20	50400	买盘
10:43:18	25.2	--	25	63000	买盘
10:43:12	25.2	--	22	55440	买盘
10:43:09	25.2	0.01	31	78120	买盘
10:43:00	25.19	--	12	30228	卖盘
10:42:54	25.19	--	14	35266	买盘
10:42:42	25.19	--	5	12595	买盘
10:42:39	25.19	0.01	22	55418	买盘
10:42:36	25.18	-0.01	20	50360	卖盘
10:42:33	25.19	-0.01	10	25190	中性盘
10:42:27	25.2	--	14	35280	买盘
10:42:12	25.2	-0.05	235	592452	卖盘
10:42:03	25.25	0.05	4	10100	买盘
10:41:54	25.2	-0.02	500	1260000	卖盘
10:41:48	25.22	0.02	3	7566	中性盘
10:41:18	25.2	-0.05	300	756000	卖盘
10:41:15	25.25	--	5	12625	买盘
10:41:12	25.25	--	10	25250	买盘
10:41:06	25.25	--	1	2525	买盘
10:40:54	25.25	0.05	28	70700	买盘
10:40:51	25.2	-0.02	94	239148	卖盘
10:40:48	25.22	0.01	7	17654	中性盘
10:40:42	25.21	--	8	20168	买盘
10:40:39	25.21	--	10	25210	买盘
10:40:36	25.21	--	1	2521	买盘
10:40:33	25.21	--	13	32773	买盘
10:40:27	25.21	--	5	12605	买盘
10:40:24	25.21	--	23	57983	买盘
10:40:21	25.21	--	22	55462	买盘
10:40:18	25.21	-0.01	123	310335	卖盘
10:40:15	25.22	--	2	5044	买盘
10:40:09	25.22	--	2	5044	买盘
10:40:06	25.22	--	30	75660	买盘
10:40:03	25.22	--	93	234546	卖盘
10:39:42	25.22	-0.03	4	10088	卖盘
10:39:39	25.25	--	18	45450	买盘
10:39:33	25.25	--	5	12625	买盘
10:39:27	25.25	-0.01	21	53025	买盘
10:39:24	25.26	--	11	27786	卖盘
10:39:12	25.26	0.05	5	12630	中性盘
10:39:03	25.21	-0.05	474	1197222	卖盘
10:39:00	25.26	--	2	5052	卖盘
10:38:54	25.26	--	1	2526	买盘
10:38:51	25.26	--	16	40416	卖盘
10:38:33	25.26	--	7	17682	买盘
10:38:30	25.26	--	2	5052	买盘
10:38:24	25.26	--	5	12630	买盘
10:38:15	25.26	--	2	5052	买盘
10:38:12	25.26	--	19	47994	买盘
10:38:09	25.26	0.01	4	10104	买盘
10:38:06	25.25	-0.01	20	50500	卖盘
10:37:54	25.26	--	1	2526	买盘
10:37:45	25.26	--	6	15156	买盘
10:37:42	25.26	--	38	95988	买盘
10:37:39	25.26	--	70	176820	买盘
10:37:36	25.26	-0.02	58	146508	卖盘
10:37:33	25.28	-0.01	4	10112	中性盘
10:37:21	25.29	0.01	50	126450	买盘
10:37:03	25.28	0.02	7	17696	中性盘
10:36:57	25.26	-0.03	20	50520	卖盘
10:36:54	25.29	-0.01	2	5058	卖盘
10:36:48	25.3	--	25	63250	买盘
10:36:42	25.3	--	6	15180	买盘
10:36:39	25.3	--	1	2530	买盘
10:36:33	25.3	--	62	156860	卖盘
10:36:18	25.3	--	15	37950	卖盘
10:36:12	25.3	-0.04	249	629970	卖盘
10:36:09	25.34	0.01	3	7602	买盘
10:36:06	25.33	--	3	7598	卖盘
10:36:03	25.33	-0.01	16	40528	卖盘
10:35:36	25.34	--	17	43078	卖盘
10:35:24	25.34	-0.01	5	12670	卖盘
10:35:09	25.35	--	4	10140	买盘
10:34:48	25.35	--	3	7605	中性盘
10:34:18	25.35	-0.01	10	25350	中性盘
10:34:00	25.36	--	5	12680	卖盘
10:33:51	25.36	0.01	15	38040	买盘
10:33:48	25.35	--	5	12675	买盘
10:33:39	25.35	-0.01	19	48165	卖盘
10:33:36	25.36	--	2	5072	卖盘
10:33:27	25.36	--	5	12680	买盘
10:33:24	25.36	-0.03	1	2536	中性盘
10:32:24	25.39	0.04	22	55858	买盘
10:32:06	25.35	0.02	2	5070	中性盘
10:31:24	25.33	--	8	20264	卖盘
10:31:21	25.33	-0.02	9	22797	卖盘
10:31:09	25.35	0.02	2	5070	卖盘
10:31:06	25.33	-0.02	40	101320	卖盘
10:30:51	25.35	0.02	8	20280	中性盘
10:30:33	25.33	--	1	2533	买盘
10:29:54	25.33	--	1	2533	买盘
10:29:51	25.33	--	2	5066	买盘
10:29:42	25.33	--	5	12665	买盘
10:29:24	25.33	-0.05	62	157046	卖盘
10:29:18	25.38	0.05	12	30456	买盘
10:29:03	25.33	-0.05	224	567392	卖盘
10:28:51	25.38	--	12	30456	买盘
10:28:24	25.38	--	6	15228	卖盘
10:27:42	25.38	0.02	1	2538	买盘
10:27:39	25.36	--	2	5072	卖盘
10:27:24	25.36	-0.03	20	50720	卖盘
10:27:03	25.39	--	10	25390	买盘
10:26:54	25.39	0.03	12	30468	买盘
10:26:33	25.36	-0.03	3	7608	卖盘
10:26:15	25.39	--	5	12695	买盘
10:26:03	25.39	-0.02	35	88865	卖盘
10:26:00	25.41	0.01	9	22869	买盘
10:25:45	25.4	-0.01	5	12700	卖盘
10:25:42	25.41	0.02	12	30492	买盘
10:24:51	25.39	-0.05	6	15234	卖盘
10:23:03	25.44	0.05	6	15264	买盘
10:22:33	25.39	-0.02	8	20312	卖盘
10:22:18	25.41	-0.03	1	2541	卖盘
10:22:15	25.44	0.04	30	76320	买盘
10:22:06	25.4	-0.01	50	127000	卖盘
10:22:03	25.41	--	4	10164	卖盘
10:21:42	25.41	-0.03	5	12705	卖盘
10:21:39	25.44	0.04	1	2544	中性盘
10:20:33	25.4	-0.05	11	27940	卖盘
10:19:48	25.45	--	5	12725	买盘
10:19:12	25.45	0.01	11	27995	买盘
10:18:45	25.44	0.04	1	2544	买盘
10:18:24	25.4	-0.05	31	78740	卖盘
10:17:42	25.45	0.01	8	20360	买盘
10:17:39	25.44	0.04	1	2544	买盘
10:17:12	25.4	--	10	25400	卖盘
10:16:45	25.4	--	9	22860	卖盘
10:16:39	25.4	--	30	76200	卖盘
10:15:33	25.4	-0.04	34	86360	卖盘
10:15:21	25.44	0.04	3	7632	买盘
10:15:06	25.4	-0.04	1	2540	卖盘
10:14:48	25.44	-0.01	17	43248	卖盘
10:14:30	25.45	0.01	4	10180	买盘
10:14:21	25.44	0.04	3	7632	中性盘
10:14:03	25.4	-0.05	19	48260	卖盘
10:13:51	25.45	0.02	4	10180	买盘
10:13:45	25.43	-0.02	4	10172	卖盘
10:13:39	25.45	--	1	2545	买盘
10:13:09	25.45	--	3	7635	买盘
10:13:06	25.45	-0.01	3	7635	卖盘
10:12:51	25.46	--	3	7638	买盘
10:12:39	25.46	-0.01	6	15276	买盘
10:12:15	25.47	0.02	18	45846	买盘
10:11:51	25.45	-0.02	16	40720	卖盘
10:11:45	25.47	0.01	5	12735	买盘
10:11:39	25.46	-0.01	5	12730	中性盘
10:11:21	25.47	0.01	36	91692	买盘
10:11:12	25.46	--	1	2546	买盘
10:11:00	25.46	--	50	127300	买盘
10:10:45	25.46	0.01	20	50920	买盘
10:10:18	25.45	0.02	4	10180	买盘
10:10:15	25.43	--	33	83919	卖盘
10:10:12	25.43	--	11	27973	卖盘
10:09:54	25.43	0.01	10	25430	买盘
10:09:51	25.42	--	3	7626	卖盘
10:09:36	25.42	0.01	17	43214	买盘
10:09:18	25.41	--	30	76230	买盘
10:09:12	25.41	--	2	5082	买盘
10:09:09	25.41	--	50	127050	买盘
10:09:00	25.41	--	20	50820	买盘
10:08:57	25.41	--	3	7623	卖盘
10:08:33	25.41	--	6	15246	卖盘
10:08:21	25.41	--	3	7623	卖盘
10:08:09	25.41	--	1	2541	卖盘
10:07:57	25.41	--	6	15246	卖盘
10:07:45	25.41	-0.02	2	5082	卖盘
10:07:18	25.43	-0.02	1	2543	卖盘
10:06:57	25.45	--	2	5090	卖盘
10:06:27	25.45	0.02	16	40720	买盘
10:05:51	25.43	--	2	5086	卖盘
10:05:42	25.43	--	3	7629	买盘
10:05:12	25.43	0.03	3	7629	买盘
10:05:09	25.4	-0.02	10	25400	卖盘
10:04:39	25.42	--	10	25420	卖盘
10:04:33	25.42	0.02	10	25420	买盘
10:04:18	25.4	--	3	7620	卖盘
10:03:57	25.4	-0.02	5	12700	卖盘
10:02:54	25.42	--	6	15252	买盘
10:02:48	25.42	--	2	5084	卖盘
10:02:27	25.42	-0.03	5	12710	卖盘
10:02:21	25.45	0.02	51	129795	买盘
10:02:15	25.43	--	5	12715	卖盘
10:02:09	25.43	--	18	45774	买盘
10:01:51	25.43	0.01	2	5086	买盘
10:01:42	25.42	--	3	7626	卖盘
10:01:36	25.42	--	33	83886	卖盘
10:01:27	25.42	--	159	404178	卖盘
10:01:21	25.42	--	10	25420	卖盘
10:01:03	25.42	--	8	20336	卖盘
10:00:45	25.42	--	28	71176	卖盘
10:00:27	25.42	--	10	25420	卖盘
09:59:51	25.42	--	4	10168	卖盘
09:59:45	25.42	-0.04	16	40672	卖盘
09:59:33	25.46	0.01	12	30552	买盘
09:59:24	25.45	-0.01	3	7635	卖盘
09:59:18	25.46	--	6	15276	卖盘
09:59:15	25.46	-0.01	6	15276	卖盘
09:59:12	25.47	--	46	117162	买盘
09:59:03	25.47	0.01	10	25470	买盘
09:59:00	25.46	-0.01	1	2546	卖盘
09:58:57	25.47	0.01	5	12735	中性盘
09:58:24	25.46	0.01	9	22914	买盘
09:58:12	25.45	0.01	8	20360	买盘
09:58:00	25.44	--	5	12720	卖盘
09:57:57	25.44	--	1	2544	卖盘
09:57:51	25.44	0.02	2	5088	中性盘
09:57:42	25.42	-0.02	32	81344	卖盘
09:57:27	25.44	--	2	5088	买盘
09:56:57	25.44	0.02	2	5088	买盘
09:56:45	25.42	--	27	68634	买盘
09:56:36	25.42	--	6	15252	买盘
09:56:15	25.42	0.03	4	10168	买盘
09:56:06	25.39	-0.02	7	17773	卖盘
09:55:54	25.41	0.02	2	5082	买盘
09:55:48	25.39	--	5	12695	卖盘
09:55:21	25.39	--	4	10156	卖盘
09:55:09	25.39	--	2	5078	卖盘
09:54:30	25.39	--	3	7617	卖盘
09:54:18	25.39	--	19	48241	卖盘
09:54:12	25.39	0.02	76	192964	买盘
09:54:03	25.37	-0.01	7	17759	卖盘
09:54:00	25.38	0.01	10	25380	买盘
09:53:57	25.37	-0.01	2	5074	卖盘
09:53:48	25.38	0.02	10	25380	买盘
09:53:33	25.36	-0.02	8	20288	卖盘
09:53:27	25.38	0.02	10	25380	买盘
09:53:21	25.36	-0.02	10	25360	卖盘
09:53:15	25.38	0.01	2	5076	买盘
09:53:06	25.37	-0.01	10	25370	卖盘
09:53:03	25.38	0.02	3	7614	中性盘
09:52:42	25.36	--	8	20288	卖盘
09:52:33	25.36	0.01	1	2536	中性盘
09:52:21	25.35	--	3	7605	卖盘
09:52:18	25.35	--	3	7605	卖盘
09:52:09	25.35	--	2	5070	卖盘
09:51:27	25.35	--	50	126750	卖盘
09:51:15	25.35	--	1	2535	卖盘
09:51:00	25.35	-0.07	1	2535	卖盘
09:50:57	25.42	0.07	4	10168	买盘
09:50:48	25.35	--	2	5070	卖盘
09:50:39	25.35	-0.06	3	7605	卖盘
09:50:33	25.41	0.06	2	5082	买盘
09:50:24	25.35	--	10	25350	卖盘
09:50:12	25.35	--	25	63375	卖盘
09:49:42	25.35	-0.06	209	529815	卖盘
09:49:33	25.41	--	10	25410	卖盘
09:49:27	25.41	-0.03	2	5082	卖盘
09:48:57	25.44	0.03	19	48336	买盘
09:48:45	25.41	-0.03	2	5082	卖盘
09:48:42	25.44	0.03	6	15264	买盘
09:48:36	25.41	-0.03	3	7623	卖盘
09:48:00	25.44	-0.01	3	7632	卖盘
09:47:54	25.45	--	5	12725	买盘
09:47:45	25.45	--	5	12725	买盘
09:47:36	25.45	--	13	33085	买盘
09:47:15	25.45	0.01	10	25450	买盘
09:46:54	25.44	-0.01	5	12720	卖盘
09:46:24	25.45	--	28	71260	卖盘
09:46:18	25.45	--	3	7635	卖盘
09:46:12	25.45	--	11	27995	卖盘
09:46:09	25.45	--	2	5090	卖盘
09:45:51	25.45	--	32	81440	卖盘
09:45:33	25.45	--	1	2545	卖盘
09:45:18	25.45	-0.03	2	5090	卖盘
09:45:03	25.48	0.03	2	5096	买盘
09:44:54	25.45	-0.03	2	5090	卖盘
09:44:33	25.48	--	19	48412	卖盘
09:44:24	25.48	--	2	5096	中性盘
09:44:15	25.48	0.03	3	7644	买盘
09:44:06	25.45	-0.05	16	40720	卖盘
09:43:36	25.5	0.06	3	7650	买盘
09:42:57	25.44	--	1	2544	卖盘
09:42:39	25.44	0.01	45	114480	买盘
09:42:36	25.43	0.02	3	7629	卖盘
09:42:27	25.41	-0.02	15	38115	卖盘
09:42:15	25.43	0.1	6	15258	买盘
09:42:00	25.33	--	9	22797	买盘
09:41:57	25.33	-0.1	17	43061	卖盘
09:41:45	25.43	0.03	1	2543	中性盘
09:41:24	25.4	0.08	5	12700	买盘
09:41:12	25.32	-0.08	15	37980	卖盘
09:41:03	25.4	-0.1	5	12700	卖盘
09:41:00	25.5	--	134	341700	卖盘
09:40:54	25.5	--	16	40800	卖盘
09:40:48	25.5	--	10	25500	卖盘
09:40:39	25.5	--	3	7650	卖盘
09:40:30	25.5	--	12	30600	卖盘
09:40:24	25.5	-0.05	5	12750	卖盘
09:40:03	25.55	-0.03	163	416465	卖盘
09:39:51	25.58	0.03	18	46044	买盘
09:39:45	25.55	-0.03	52	132860	卖盘
09:39:21	25.58	--	10	25580	买盘
09:39:09	25.58	-0.02	1	2558	卖盘
09:39:06	25.6	--	9	23040	买盘
09:39:03	25.6	--	21	53760	买盘
09:38:45	25.6	-0.03	18	46080	卖盘
09:38:39	25.63	0.01	1	2563	买盘
09:38:33	25.62	--	3	7686	卖盘
09:38:27	25.62	0.02	8	20496	卖盘
09:38:12	25.6	-0.02	22	56320	卖盘
09:38:00	25.62	0.02	15	38430	买盘
09:37:51	25.6	--	2	5120	卖盘
09:37:48	25.6	0.02	45	115200	买盘
09:37:45	25.58	-0.02	4	10232	卖盘
09:37:42	25.6	0.02	5	12800	买盘
09:37:27	25.58	--	6	15347	卖盘
09:37:21	25.58	--	1	2558	卖盘
09:37:12	25.58	--	5	12790	卖盘
09:37:06	25.58	0.03	4	10232	买盘
09:36:45	25.55	-0.03	44	112420	卖盘
09:36:42	25.58	-0.01	6	15347	中性盘
09:36:06	25.59	0.04	2	5118	买盘
09:35:45	25.55	-0.01	46	117530	卖盘
09:35:36	25.56	-0.03	1	2556	卖盘
09:35:33	25.59	0.03	29	74211	买盘
09:35:30	25.56	--	14	35784	买盘
09:35:18	25.56	0.01	5	12780	卖盘
09:35:09	25.55	-0.01	3	7665	卖盘
09:35:03	25.56	--	12	30672	买盘
09:34:30	25.56	0.06	5	12780	中性盘
09:34:18	25.5	-0.05	11	28050	卖盘
09:34:15	25.55	--	8	20440	卖盘
09:33:54	25.55	--	3	7665	买盘
09:33:42	25.55	--	2	5110	买盘
09:33:30	25.55	--	29	74095	卖盘
09:33:06	25.55	-0.01	6	15330	卖盘
09:32:57	25.56	-0.07	30	76680	中性盘
09:32:51	25.63	--	3	7689	买盘
09:32:45	25.63	--	4	10252	中性盘
09:32:42	25.63	--	1	2563	中性盘
09:32:36	25.63	--	35	89705	卖盘
09:32:30	25.63	--	14	35882	买盘
09:32:15	25.63	-0.01	6	15378	中性盘
09:32:06	25.64	0.09	4	10256	中性盘
09:31:45	25.55	-0.03	5	12775	卖盘
09:31:42	25.58	0.03	1	2558	买盘
09:31:30	25.55	0.05	9	22995	买盘
09:31:27	25.5	--	1	2550	卖盘
09:31:03	25.5	--	2	5100	卖盘
09:30:54	25.5	--	2	5100	卖盘
09:30:06	25.5	25.5	3	7650	买盘
