成交时间	成交价	价格变动	成交量(手)	成交额(元)	性质
15:00:03	23.49	-0.01	404	948995	卖盘
14:57:00	23.5	--	0	0	卖盘
14:56:54	23.5	--	23	54050	卖盘
14:56:51	23.5	--	10	23500	卖盘
14:56:48	23.5	--	54	126900	卖盘
14:56:45	23.5	--	24	56400	卖盘
14:56:42	23.5	--	2	4700	卖盘
14:56:30	23.5	--	21	49350	买盘
14:56:27	23.5	--	3	7050	买盘
14:56:24	23.5	0.01	8	18800	买盘
14:56:18	23.49	-0.01	22	51678	卖盘
14:56:09	23.5	0.01	74	173900	买盘
14:56:00	23.49	-0.01	10	23490	卖盘
14:55:57	23.5	0.01	20	47000	买盘
14:55:54	23.49	-0.01	1	2349	卖盘
14:55:45	23.5	--	9	21150	买盘
14:55:27	23.5	--	18	42300	卖盘
14:55:21	23.5	--	29	68150	卖盘
14:55:15	23.5	--	39	91650	买盘
14:55:12	23.5	--	11	25850	买盘
14:54:57	23.5	0.01	15	35250	买盘
14:54:48	23.49	--	5	11745	买盘
14:54:33	23.49	--	9	21141	卖盘
14:54:27	23.49	--	4	9396	买盘
14:54:06	23.49	-0.02	2	4698	卖盘
14:53:54	23.51	--	10	23510	买盘
14:53:48	23.51	0.01	20	47020	买盘
14:53:45	23.5	--	6	16426	卖盘
14:53:42	23.5	--	8	18800	卖盘
14:53:30	23.5	-0.02	1	2350	卖盘
14:53:21	23.52	0.01	5	11760	买盘
14:53:18	23.51	-0.01	15	35265	买盘
14:53:12	23.52	0.02	1	2352	买盘
14:53:09	23.5	-0.02	26	61100	卖盘
14:53:03	23.52	--	3	7056	买盘
14:53:00	23.52	-0.01	37	87024	卖盘
14:52:48	23.53	0.01	34	80002	买盘
14:52:45	23.52	--	13	30576	卖盘
14:52:36	23.52	--	9	21168	买盘
14:52:30	23.52	0.01	10	23520	买盘
14:52:21	23.51	--	2	4702	卖盘
14:52:18	23.51	-0.01	12	28212	卖盘
14:52:12	23.52	--	4	9408	买盘
14:52:06	23.52	--	25	58800	买盘
14:52:03	23.52	--	4	9408	买盘
14:51:51	23.52	0.01	3	7056	买盘
14:51:48	23.51	-0.02	9	21159	卖盘
14:51:27	23.53	0.02	17	40001	买盘
14:51:24	23.51	-0.02	1	2351	卖盘
14:51:18	23.53	0.02	34	80002	买盘
14:51:15	23.51	--	10	23510	卖盘
14:51:09	23.51	--	2	4702	卖盘
14:50:57	23.51	--	120	282120	卖盘
14:50:54	23.51	-0.01	16	37616	卖盘
14:50:51	23.52	--	10	23520	买盘
14:50:48	23.52	-0.01	5	11760	中性盘
14:50:39	23.53	0.01	2	4706	买盘
14:50:36	23.52	0.01	10	23520	买盘
14:50:33	23.51	-0.01	5	11755	卖盘
14:50:24	23.52	--	4	9408	买盘
14:50:18	23.52	0.01	8	18816	买盘
14:50:09	23.51	0.06	212	498435	买盘
14:50:06	23.45	-0.01	44	103180	卖盘
14:50:03	23.46	--	7	16422	买盘
14:50:00	23.46	--	5	11730	买盘
14:49:51	23.46	--	2	4692	买盘
14:49:48	23.46	0.01	5	11730	买盘
14:49:45	23.45	0.01	6	14070	买盘
14:49:42	23.44	--	31	72664	买盘
14:49:27	23.44	-0.03	71	166424	卖盘
14:49:21	23.47	0.02	400	938800	买盘
14:49:18	23.45	--	2	4690	买盘
14:49:15	23.45	--	2	4690	买盘
14:49:12	23.45	--	22	51590	卖盘
14:48:57	23.45	--	10	23450	卖盘
14:48:48	23.45	--	10	23450	卖盘
14:48:42	23.45	0.01	25	58625	买盘
14:48:36	23.44	-0.01	10	23440	卖盘
14:48:27	23.45	--	1	2345	买盘
14:48:21	23.45	--	2	4690	买盘
14:48:18	23.45	0.01	53	124285	买盘
14:48:06	23.44	-0.01	5	11720	卖盘
14:48:03	23.45	--	17	39865	买盘
14:47:57	23.45	--	22	51590	买盘
14:47:42	23.45	--	9	21105	买盘
14:47:39	23.45	--	17	39865	买盘
14:47:33	23.45	0.01	4	9380	买盘
14:47:21	23.44	--	1	2344	卖盘
14:47:09	23.44	-0.01	6	14064	卖盘
14:46:54	23.45	--	7	16415	买盘
14:46:51	23.45	--	4	9380	卖盘
14:46:45	23.45	--	2	4690	卖盘
14:46:33	23.45	--	4	9380	买盘
14:46:27	23.45	0.01	13	30485	买盘
14:46:24	23.44	-0.01	5	11720	卖盘
14:46:21	23.45	0.01	8	18760	买盘
14:46:06	23.44	--	43	100792	卖盘
14:45:48	23.44	-0.01	1	2344	卖盘
14:45:42	23.45	--	39	91455	卖盘
14:45:39	23.45	0.01	31	72695	买盘
14:45:33	23.44	-0.01	36	84384	卖盘
14:45:27	23.45	-0.01	29	68005	卖盘
14:45:18	23.46	--	4	9384	买盘
14:45:12	23.46	--	16	37536	买盘
14:45:06	23.46	0.01	2	4692	买盘
14:44:48	23.45	--	6	14070	卖盘
14:44:45	23.45	-0.01	5	11725	卖盘
14:44:42	23.46	0.02	10	23460	买盘
14:44:36	23.44	-0.01	15	35160	卖盘
14:44:27	23.45	--	49	114905	买盘
14:44:24	23.45	--	10	23450	买盘
14:44:18	23.45	--	5	11725	买盘
14:44:15	23.45	--	2	4690	买盘
14:44:12	23.45	-0.01	146	342370	卖盘
14:44:06	23.46	--	3	7038	卖盘
14:44:03	23.46	--	2	4692	买盘
14:43:57	23.46	-0.01	3	7038	卖盘
14:43:54	23.47	0.01	7	16429	买盘
14:43:51	23.46	-0.01	8	18768	卖盘
14:43:30	23.47	--	5	11735	买盘
14:43:27	23.47	--	15	35205	买盘
14:43:18	23.47	--	5	11735	买盘
14:43:12	23.47	-0.01	50	117350	卖盘
14:43:03	23.48	--	2	4696	买盘
14:42:57	23.48	--	7	16436	买盘
14:42:42	23.48	--	15	35220	买盘
14:42:33	23.48	0.01	5	11740	买盘
14:42:27	23.47	0.01	8	18776	中性盘
14:42:12	23.46	0.01	20	47271	买盘
14:42:06	23.45	--	4	9380	卖盘
14:41:39	23.45	--	35	82075	买盘
14:41:36	23.45	--	5	11725	买盘
14:41:33	23.45	--	5	11725	买盘
14:41:30	23.45	--	4	9380	买盘
14:41:24	23.45	--	30	70350	卖盘
14:41:06	23.45	--	6	14070	买盘
14:41:03	23.45	--	39	91455	买盘
14:40:57	23.45	--	10	23450	买盘
14:40:48	23.45	0.01	6	14070	买盘
14:40:39	23.44	-0.01	10	23440	卖盘
14:40:30	23.45	--	1	2345	买盘
14:40:24	23.45	--	12	28140	买盘
14:40:21	23.45	--	17	39865	卖盘
14:40:15	23.45	--	2	4690	卖盘
14:40:09	23.45	-0.01	11	25795	卖盘
14:39:57	23.46	--	5	13724	卖盘
14:39:45	23.46	--	10	23460	卖盘
14:39:42	23.46	0.01	10	23460	卖盘
14:39:36	23.45	--	10	23801	买盘
14:39:30	23.45	--	76	180213	卖盘
14:39:27	23.45	--	1	2345	卖盘
14:39:18	23.45	-0.02	5	11725	卖盘
14:39:15	23.47	0.02	34	79798	买盘
14:39:12	23.45	--	1	2345	卖盘
14:39:09	23.45	--	8	18760	卖盘
14:38:57	23.45	--	10	23450	卖盘
14:38:51	23.45	--	40	93800	卖盘
14:38:48	23.45	-0.01	11	25795	卖盘
14:38:42	23.46	-0.01	5	11730	中性盘
14:38:33	23.47	0.01	5	11735	买盘
14:38:27	23.46	--	2	4692	买盘
14:38:21	23.46	--	18	42228	卖盘
14:38:18	23.46	--	10	23460	卖盘
14:38:15	23.46	-0.01	2	4692	卖盘
14:38:06	23.47	0.01	3	7041	买盘
14:38:03	23.46	--	5	11730	卖盘
14:38:00	23.46	--	13	30498	卖盘
14:37:57	23.46	--	8	18768	卖盘
14:37:54	23.46	-0.01	4	9384	卖盘
14:37:48	23.47	0.01	1	2347	中性盘
14:37:27	23.46	-0.02	46	107916	卖盘
14:37:15	23.48	0.01	8	18784	买盘
14:37:09	23.47	-0.01	52	122044	卖盘
14:37:06	23.48	--	10	23480	卖盘
14:36:39	23.48	-0.02	67	157316	卖盘
14:36:36	23.5	-0.01	5	11750	卖盘
14:36:33	23.51	0.01	53	124603	买盘
14:36:18	23.5	0.01	18	42300	中性盘
14:36:03	23.49	-0.02	15	35235	卖盘
14:35:48	23.51	0.01	1	2351	卖盘
14:35:36	23.5	--	7	16450	买盘
14:35:33	23.5	--	2	4700	卖盘
14:35:30	23.5	--	15	35250	卖盘
14:35:27	23.5	--	5	11750	卖盘
14:35:18	23.5	--	4	9400	卖盘
14:35:12	23.5	--	6	14100	中性盘
14:34:24	23.5	--	3	7050	买盘
14:34:18	23.5	--	5	11750	买盘
14:34:12	23.5	--	3	7050	买盘
14:33:54	23.5	0.01	8	18800	买盘
14:33:51	23.49	-0.01	35	82215	卖盘
14:33:48	23.5	--	15	35250	买盘
14:33:36	23.5	--	2	4700	买盘
14:33:30	23.5	--	39	91650	买盘
14:33:24	23.5	--	10	23500	买盘
14:33:12	23.5	--	8	18800	买盘
14:33:03	23.5	--	1	2350	买盘
14:32:42	23.5	--	1	2350	买盘
14:32:39	23.5	--	1	2350	买盘
14:32:36	23.5	--	9	21150	买盘
14:32:12	23.5	--	3	7050	卖盘
14:32:06	23.5	0.01	7	16450	买盘
14:31:54	23.49	--	6	14093	买盘
14:31:51	23.49	--	19	44631	买盘
14:31:42	23.49	--	9	21141	买盘
14:31:30	23.49	--	16	37584	卖盘
14:31:27	23.49	-0.01	2	4698	卖盘
14:31:24	23.5	--	20	47000	买盘
14:31:12	23.5	0.01	10	23500	买盘
14:31:09	23.49	-0.01	57	133893	卖盘
14:30:57	23.5	--	23	56376	卖盘
14:30:54	23.5	--	8	18800	卖盘
14:30:42	23.5	-0.01	3	7050	卖盘
14:30:30	23.51	0.01	10	23510	买盘
14:30:24	23.5	--	3	7050	卖盘
14:30:18	23.5	-0.03	8	18800	卖盘
14:30:03	23.53	0.03	42	98826	买盘
14:30:00	23.5	--	1	2350	卖盘
14:29:48	23.5	--	2	4700	卖盘
14:29:45	23.5	-0.05	43	101050	卖盘
14:29:33	23.55	0.05	47	110685	买盘
14:29:27	23.5	-0.01	47	110450	卖盘
14:29:24	23.51	0.01	43	101093	买盘
14:29:21	23.5	-0.01	5	11750	卖盘
14:29:12	23.51	--	41	96391	卖盘
14:29:03	23.51	--	10	23510	卖盘
14:28:54	23.51	-0.02	2	4702	卖盘
14:28:51	23.53	0.03	2	4706	中性盘
14:28:15	23.5	--	8	18800	卖盘
14:28:09	23.5	0.01	98	230323	买盘
14:28:00	23.49	--	4	9396	买盘
14:27:42	23.49	0.01	4	9396	买盘
14:27:39	23.48	--	6	14088	卖盘
14:27:36	23.48	--	2	4696	卖盘
14:27:21	23.48	0.01	5	11740	买盘
14:27:18	23.47	-0.01	5	11735	卖盘
14:27:15	23.48	--	11	25828	买盘
14:27:12	23.48	--	8	18784	买盘
14:27:06	23.48	-0.02	226	530648	卖盘
14:27:03	23.5	--	1	2350	买盘
14:27:00	23.5	--	27	63450	买盘
14:26:57	23.5	--	20	47000	买盘
14:26:54	23.5	--	5	11750	买盘
14:26:45	23.5	--	5	11750	买盘
14:26:36	23.5	-0.04	343	808376	卖盘
14:26:27	23.54	-0.01	10	23540	卖盘
14:26:06	23.55	-0.01	1	2355	卖盘
14:25:57	23.56	0.02	5	11780	买盘
14:25:45	23.54	-0.01	10	23540	卖盘
14:25:42	23.55	--	3	7088	买盘
14:25:36	23.55	--	1	2355	买盘
14:25:33	23.55	-0.01	3	7065	卖盘
14:25:30	23.56	0.01	6	14136	买盘
14:25:24	23.55	--	2	4710	卖盘
14:25:12	23.55	--	4	9420	买盘
14:25:09	23.55	--	4	9420	买盘
14:25:00	23.55	-0.02	40	94200	卖盘
14:24:54	23.57	-0.01	14	32998	卖盘
14:24:51	23.58	--	3	7073	买盘
14:24:48	23.58	0.01	5	11790	买盘
14:24:18	23.57	0.01	10	23570	中性盘
14:23:57	23.56	--	10	23560	卖盘
14:23:51	23.56	--	30	70680	卖盘
14:23:42	23.56	--	1	2356	买盘
14:23:27	23.56	-0.03	16	37696	卖盘
14:23:15	23.59	0.01	50	117950	买盘
14:23:12	23.58	--	8	18864	买盘
14:23:09	23.58	--	14	33012	卖盘
14:23:06	23.58	--	5	11790	卖盘
14:22:57	23.58	--	63	148554	卖盘
14:22:42	23.58	-0.01	62	146196	卖盘
14:22:39	23.59	0.01	2	4718	买盘
14:22:33	23.58	-0.01	19	44802	卖盘
14:22:27	23.59	--	10	23590	买盘
14:22:21	23.59	--	1	2359	买盘
14:22:15	23.59	--	2	4718	买盘
14:21:54	23.59	-0.01	18	42462	卖盘
14:21:51	23.6	--	12	28320	买盘
14:21:36	23.6	0.01	1	2360	买盘
14:21:30	23.59	-0.01	5	11795	卖盘
14:21:18	23.6	--	77	181720	卖盘
14:21:12	23.6	--	20	47200	卖盘
14:20:51	23.6	--	11	25960	卖盘
14:20:27	23.6	--	24	56640	买盘
14:20:24	23.6	--	14	33040	买盘
14:20:06	23.6	0.02	4	9440	买盘
14:19:45	23.58	--	13	30653	买盘
14:19:33	23.58	--	30	70740	买盘
14:19:30	23.58	--	1	2358	买盘
14:19:21	23.58	0.02	100	235799	买盘
14:19:12	23.56	--	8	18848	买盘
14:18:54	23.56	--	35	82460	卖盘
14:18:39	23.56	--	2	4712	买盘
14:18:27	23.56	0.01	2	4712	买盘
14:17:57	23.55	--	3	7065	卖盘
14:17:39	23.55	-0.01	5	11775	卖盘
14:17:36	23.56	--	10	23560	买盘
14:17:33	23.56	--	20	47120	买盘
14:17:12	23.56	--	8	18848	买盘
14:17:06	23.56	--	15	35340	卖盘
14:16:54	23.56	-0.01	5	11780	卖盘
14:16:36	23.57	--	4	9428	买盘
14:16:21	23.57	--	2	4714	买盘
14:16:18	23.57	--	10	23570	买盘
14:15:30	23.57	--	4	9428	买盘
14:15:24	23.57	--	5	11785	买盘
14:15:18	23.57	--	9	21213	买盘
14:15:12	23.57	--	8	18856	卖盘
14:14:48	23.57	0.01	7	16499	中性盘
14:14:12	23.56	-0.02	39	91884	卖盘
14:14:03	23.58	--	5	11790	买盘
14:13:48	23.58	-0.03	152	358416	卖盘
14:13:33	23.61	0.03	4	9444	买盘
14:13:21	23.58	--	3	7073	卖盘
14:13:03	23.58	-0.03	7	16506	卖盘
14:13:00	23.61	0.01	20	47220	买盘
14:12:54	23.6	0.02	10	23600	买盘
14:12:45	23.58	--	9	21222	卖盘
14:12:36	23.58	-0.02	5	11790	卖盘
14:12:21	23.6	0.02	14	33040	买盘
14:12:09	23.58	--	3	7073	卖盘
14:11:30	23.58	0.01	80	188640	买盘
14:11:09	23.57	--	1	2357	卖盘
14:10:48	23.57	-0.01	7	16499	卖盘
14:10:39	23.58	--	9	21222	买盘
14:10:36	23.58	0.01	20	47160	买盘
14:10:33	23.57	-0.01	2	4714	卖盘
14:10:27	23.58	--	30	70740	买盘
14:10:12	23.58	0.01	20	47160	买盘
14:09:57	23.57	-0.01	10	23570	卖盘
14:09:42	23.58	--	10	23580	买盘
14:09:33	23.58	--	1	2358	买盘
14:09:30	23.58	0.01	6	14147	买盘
14:09:27	23.57	--	6	14142	卖盘
14:09:18	23.57	--	10	23570	卖盘
14:09:00	23.57	--	12	28284	卖盘
14:08:57	23.57	--	1	2357	卖盘
14:08:33	23.57	--	26	61282	买盘
14:08:27	23.57	-0.01	4	9428	卖盘
14:08:24	23.58	--	8	18864	买盘
14:08:21	23.58	--	11	25937	买盘
14:07:54	23.58	--	1	2358	买盘
14:07:51	23.58	--	3	7073	买盘
14:07:42	23.58	0.01	20	47160	买盘
14:07:33	23.57	--	1	2357	卖盘
14:07:12	23.57	--	17	40069	买盘
14:07:09	23.57	0.02	5	11785	买盘
14:06:57	23.55	0.02	15	35325	买盘
14:06:48	23.53	-0.01	21	49413	卖盘
14:06:27	23.54	0.01	7	16478	买盘
14:06:21	23.53	--	3	7059	卖盘
14:06:15	23.53	--	1	2353	卖盘
14:05:57	23.53	--	4	9412	卖盘
14:05:54	23.53	--	9	21177	买盘
14:05:39	23.53	--	21	49413	卖盘
14:05:30	23.53	-0.03	50	117650	卖盘
14:05:12	23.56	--	13	30628	买盘
14:04:57	23.56	--	15	35340	买盘
14:04:39	23.56	--	20	47120	卖盘
14:04:27	23.56	-0.01	10	23560	卖盘
14:04:03	23.57	-0.01	5	11785	中性盘
14:03:45	23.58	--	1	2358	买盘
14:03:42	23.58	0.02	2	4716	买盘
14:03:39	23.56	--	20	47120	卖盘
14:03:33	23.56	--	1	2356	卖盘
14:03:27	23.56	-0.02	20	47120	卖盘
14:03:12	23.58	--	8	18864	买盘
14:03:09	23.58	--	4	9432	买盘
14:03:03	23.58	--	1	2358	买盘
14:03:00	23.58	-0.01	223	525834	卖盘
14:02:48	23.59	0.01	16	37744	买盘
14:02:45	23.58	--	10	23580	卖盘
14:02:42	23.58	--	2	4716	卖盘
14:02:39	23.58	--	15	35370	卖盘
14:02:30	23.58	-0.01	3	7073	卖盘
14:02:24	23.59	--	6	14154	买盘
14:02:21	23.59	-0.02	4	9436	买盘
14:02:06	23.61	--	4	9444	卖盘
14:02:00	23.61	--	3	7083	卖盘
14:01:51	23.61	0.03	1	2361	卖盘
14:01:39	23.58	--	13	30653	买盘
14:01:33	23.58	-0.02	49	115541	卖盘
14:01:24	23.6	-0.02	4	9440	卖盘
14:01:12	23.62	--	8	18896	买盘
14:00:57	23.62	0.02	20	47240	买盘
14:00:54	23.6	--	6	14160	卖盘
14:00:33	23.6	--	10	23600	卖盘
14:00:15	23.6	-0.02	5	11800	卖盘
13:59:51	23.62	--	1	2362	卖盘
13:59:48	23.62	--	12	28344	卖盘
13:59:36	23.62	--	6	14172	卖盘
13:59:33	23.62	--	4	9448	卖盘
13:59:30	23.62	--	1	2362	卖盘
13:59:27	23.62	--	1	2362	卖盘
13:59:06	23.62	--	3	7086	卖盘
13:59:03	23.62	--	10	23620	卖盘
13:58:57	23.62	--	10	23620	卖盘
13:58:51	23.62	--	5	11810	卖盘
13:58:39	23.62	0.02	17	40154	买盘
13:58:36	23.6	--	4	9440	卖盘
13:58:30	23.6	--	27	63720	卖盘
13:58:27	23.6	--	5	11800	卖盘
13:58:18	23.6	--	13	30680	卖盘
13:58:12	23.6	--	2	4720	卖盘
13:58:06	23.6	--	5	11800	卖盘
13:58:00	23.6	--	15	35400	卖盘
13:57:51	23.6	--	20	47200	卖盘
13:57:45	23.6	--	32	75520	卖盘
13:57:39	23.6	--	4	9440	买盘
13:57:36	23.6	0.02	4	9440	买盘
13:57:21	23.58	-0.02	5	11790	卖盘
13:57:12	23.6	--	8	18880	买盘
13:56:54	23.6	-0.01	25	59000	卖盘
13:56:48	23.61	--	20	47220	买盘
13:56:42	23.61	0.01	2	4722	买盘
13:56:36	23.6	-0.01	39	92040	卖盘
13:56:33	23.61	--	9	21249	卖盘
13:56:30	23.61	-0.01	2	4722	卖盘
13:56:21	23.62	0.01	1	2362	买盘
13:56:18	23.61	--	28	66108	卖盘
13:56:15	23.61	-0.02	7	16527	卖盘
13:56:06	23.63	--	3	7089	买盘
13:56:00	23.63	--	2	4726	买盘
13:55:42	23.63	-0.01	6	14178	买盘
13:55:36	23.64	0.01	10	23640	买盘
13:55:30	23.63	--	4	9452	买盘
13:55:27	23.63	--	20	47260	买盘
13:55:18	23.63	-0.01	47	111061	卖盘
13:55:12	23.64	-0.01	8	18912	中性盘
13:55:09	23.65	0.02	10	23650	买盘
13:55:06	23.63	-0.02	21	49623	卖盘
13:55:03	23.65	--	23	54395	买盘
13:55:00	23.65	0.02	1	2365	买盘
13:54:54	23.63	-0.01	19	44897	卖盘
13:54:48	23.64	-0.02	3	7092	中性盘
13:54:36	23.66	0.02	10	23660	买盘
13:54:33	23.64	--	2	4728	卖盘
13:54:30	23.64	-0.02	19	44916	卖盘
13:54:21	23.66	--	7	16562	买盘
13:54:15	23.66	0.02	143	338338	买盘
13:54:06	23.64	0.01	45	106380	买盘
13:54:00	23.63	--	58	137054	卖盘
13:53:48	23.63	--	2	4726	卖盘
13:53:39	23.63	--	4	9452	卖盘
13:53:36	23.63	--	15	35445	卖盘
13:53:27	23.63	0.02	36	85068	买盘
13:53:24	23.61	-0.02	52	122772	卖盘
13:53:18	23.63	0.02	8	18904	买盘
13:53:06	23.61	--	330	779130	买盘
13:52:45	23.61	--	10	23610	买盘
13:52:39	23.61	-0.02	81	191241	卖盘
13:52:36	23.63	0.01	13	30719	买盘
13:52:33	23.62	--	12	28344	买盘
13:52:30	23.62	--	5	11810	买盘
13:52:27	23.62	--	17	40154	买盘
13:52:15	23.62	--	11	25982	买盘
13:52:09	23.62	0.02	20	47240	买盘
13:52:06	23.6	0.01	3	7080	中性盘
13:52:00	23.59	0.01	63	148617	买盘
13:51:57	23.58	-0.04	38	89604	卖盘
13:51:54	23.62	0.05	50	118100	买盘
13:51:51	23.57	-0.02	23	54211	卖盘
13:51:45	23.59	0.04	5	11795	中性盘
13:51:12	23.55	--	2	4710	买盘
13:51:09	23.55	-0.02	408	960840	卖盘
13:51:03	23.57	0.02	16	37712	买盘
13:51:00	23.55	-0.02	4	9420	卖盘
13:50:39	23.57	0.02	11	25927	买盘
13:50:27	23.55	--	5	11775	卖盘
13:50:00	23.55	--	5	11775	买盘
13:49:57	23.55	--	10	23550	买盘
13:49:54	23.55	0.01	15	35325	买盘
13:49:42	23.54	--	1	2354	中性盘
13:49:33	23.54	--	8	18832	卖盘
13:49:24	23.54	0.02	6	14124	买盘
13:49:00	23.52	--	1	2352	买盘
13:48:57	23.52	-0.01	19	44688	卖盘
13:48:42	23.53	--	5	11765	买盘
13:48:27	23.53	--	23	54119	买盘
13:48:12	23.53	--	10	23530	买盘
13:48:09	23.53	0.02	10	23530	买盘
13:48:00	23.51	-0.02	2	4702	中性盘
13:47:48	23.53	0.03	5	11765	卖盘
13:47:42	23.5	-0.04	60	141000	卖盘
13:47:39	23.54	--	5	11770	卖盘
13:47:36	23.54	-0.01	9	21186	中性盘
13:47:27	23.55	-0.02	36	84780	卖盘
13:47:21	23.57	-0.01	30	70710	卖盘
13:47:15	23.58	--	67	157986	买盘
13:47:12	23.58	--	8	18864	买盘
13:47:09	23.58	--	2	4716	买盘
13:47:06	23.58	-0.02	45	106109	卖盘
13:46:54	23.6	0.01	8	18880	买盘
13:46:51	23.59	-0.01	8	18872	卖盘
13:46:42	23.6	--	3	7080	买盘
13:46:30	23.6	0.02	85	200600	买盘
13:46:21	23.58	0.03	177	417365	买盘
13:46:03	23.55	0.02	18	42390	买盘
13:46:00	23.53	-0.02	16	37648	卖盘
13:45:48	23.55	--	15	35325	买盘
13:45:39	23.55	0.02	10	23550	买盘
13:45:27	23.53	--	11	25883	买盘
13:45:24	23.53	0.01	15	35295	买盘
13:45:00	23.52	--	4	11148	买盘
13:44:57	23.52	-0.01	3	7667	卖盘
13:44:42	23.53	0.01	3	7059	买盘
13:44:39	23.52	-0.01	2	4704	卖盘
13:44:06	23.53	--	5	11765	买盘
13:44:03	23.53	--	9	21177	买盘
13:43:39	23.53	--	2	4706	买盘
13:43:36	23.53	--	7	16471	买盘
13:43:30	23.53	--	2	4706	买盘
13:43:27	23.53	0.01	3	7059	中性盘
13:43:21	23.52	-0.01	15	35280	卖盘
13:43:18	23.53	--	15	35295	买盘
13:43:15	23.53	--	48	112944	卖盘
13:43:06	23.53	--	3	7059	卖盘
13:43:03	23.53	--	8	18824	买盘
13:43:00	23.53	--	35	82355	买盘
13:42:54	23.53	--	3	7059	买盘
13:42:48	23.53	--	10	23530	买盘
13:42:27	23.53	--	4	9412	买盘
13:42:24	23.53	--	38	89414	买盘
13:42:21	23.53	--	22	51766	卖盘
13:42:12	23.53	--	11	25883	买盘
13:42:06	23.53	--	18	42354	买盘
13:42:00	23.53	0.01	4	9412	买盘
13:41:39	23.52	--	5	11760	卖盘
13:41:33	23.52	--	2	4704	卖盘
13:41:27	23.52	--	0	1740	买盘
13:41:12	23.52	--	8	18816	买盘
13:41:00	23.52	--	16	37632	卖盘
13:40:54	23.52	--	2	4704	卖盘
13:40:51	23.52	--	5	11760	卖盘
13:40:45	23.52	-0.01	9	21168	卖盘
13:40:36	23.53	-0.02	35	82355	卖盘
13:40:21	23.55	-0.01	60	141300	卖盘
13:40:18	23.56	--	6	14136	买盘
13:40:09	23.56	--	75	176700	卖盘
13:39:57	23.56	--	2	4712	卖盘
13:39:54	23.56	--	7	16492	卖盘
13:39:45	23.56	-0.01	5	11780	卖盘
13:39:33	23.57	--	6	14142	卖盘
13:39:30	23.57	--	10	23570	卖盘
13:39:27	23.57	--	2	4714	卖盘
13:39:24	23.57	--	5	11785	卖盘
13:39:21	23.57	0.01	6	14142	买盘
13:39:18	23.56	--	2	4712	卖盘
13:39:15	23.56	-0.01	10	23560	卖盘
13:39:12	23.57	-0.01	8	18856	买盘
13:39:09	23.58	0.02	5	11790	买盘
13:39:06	23.56	-0.02	10	23560	卖盘
13:38:54	23.58	--	7	16506	卖盘
13:38:51	23.58	--	5	11790	卖盘
13:38:48	23.58	--	5	11790	卖盘
13:38:45	23.58	--	2	4716	卖盘
13:38:39	23.58	-0.01	25	58949	中性盘
13:38:24	23.59	0.01	30	70770	买盘
13:38:09	23.58	0.02	6	14147	买盘
13:38:03	23.56	-0.02	11	25916	卖盘
13:38:00	23.58	-0.01	2	4716	中性盘
13:37:54	23.59	--	28	66052	买盘
13:37:45	23.59	--	18	42462	买盘
13:37:42	23.59	0.01	63	148617	买盘
13:37:36	23.58	--	1	2358	卖盘
13:37:18	23.58	--	5	11790	卖盘
13:37:15	23.58	0.02	41	96678	买盘
13:37:12	23.56	--	5	11780	卖盘
13:37:06	23.56	-0.01	2	4712	卖盘
13:37:03	23.57	--	5	11785	买盘
13:36:57	23.57	0.01	36	84852	中性盘
13:36:48	23.56	--	2	4712	买盘
13:36:45	23.56	--	10	23560	买盘
13:36:42	23.56	--	5	11780	买盘
13:36:36	23.56	-0.02	20	47120	中性盘
13:36:27	23.58	0.01	88	207503	买盘
13:36:21	23.57	--	20	47140	买盘
13:36:18	23.57	-0.01	80	188560	卖盘
13:36:09	23.58	--	17	40086	买盘
13:36:00	23.58	0.02	101	238157	买盘
13:35:57	23.56	-0.02	15	35340	卖盘
13:35:48	23.58	--	3	7073	买盘
13:35:45	23.58	--	54	127331	买盘
13:35:42	23.58	--	5	11790	买盘
13:35:39	23.58	0.01	20	47160	买盘
13:35:36	23.57	-0.01	5	11785	卖盘
13:35:33	23.58	-0.01	30	70740	卖盘
13:35:30	23.59	0.01	97	228823	买盘
13:35:27	23.58	--	21	49518	买盘
13:35:24	23.58	--	35	82530	买盘
13:35:21	23.58	0.01	20	47160	买盘
13:35:18	23.57	-0.01	4	9428	卖盘
13:35:15	23.58	--	6	14147	买盘
13:35:12	23.58	0.01	5	11790	买盘
13:35:06	23.57	-0.01	1	2357	中性盘
13:35:00	23.58	0.02	113	266454	买盘
13:34:57	23.56	--	3	7068	买盘
13:34:54	23.56	-0.01	34	80104	卖盘
13:34:51	23.57	0.01	38	89566	买盘
13:34:45	23.56	-0.01	2	4712	卖盘
13:34:42	23.57	0.01	5	11785	买盘
13:34:36	23.56	-0.01	2	4712	中性盘
13:34:30	23.57	0.01	114	268698	买盘
13:34:15	23.56	--	2	4712	买盘
13:34:12	23.56	--	7	17198	卖盘
13:34:00	23.56	0.02	101	239605	买盘
13:33:42	23.54	--	12	28248	买盘
13:33:33	23.54	-0.02	5	11770	买盘
13:33:30	23.56	0.01	99	233244	买盘
13:33:24	23.55	--	20	47100	买盘
13:33:12	23.55	--	8	18840	买盘
13:33:09	23.55	--	15	35325	卖盘
13:32:57	23.55	0.03	83	195465	买盘
13:32:45	23.52	--	12	28224	买盘
13:32:42	23.52	-0.02	2	4704	中性盘
13:32:27	23.54	0.02	80	188320	买盘
13:32:24	23.52	0.02	10	23520	买盘
13:32:00	23.5	-0.02	4	9400	卖盘
13:31:57	23.52	0.02	89	209328	买盘
13:31:54	23.5	--	12	28200	卖盘
13:31:42	23.5	0.01	2	4700	买盘
13:31:39	23.49	--	3	7046	卖盘
13:31:33	23.49	-0.01	10	23490	卖盘
13:31:18	23.5	--	9	21150	卖盘
13:31:12	23.5	--	5	11750	卖盘
13:31:09	23.5	--	13	30550	卖盘
13:30:42	23.5	--	10	23500	卖盘
13:30:36	23.5	--	57	133950	买盘
13:30:30	23.5	--	6	14100	卖盘
13:30:15	23.5	--	7	16450	卖盘
13:30:12	23.5	--	3	7050	买盘
13:30:03	23.5	--	2	4700	卖盘
13:29:51	23.5	-0.01	2	4700	卖盘
13:29:33	23.51	0.01	1	2351	买盘
13:29:30	23.5	-0.01	10	23500	卖盘
13:29:24	23.51	--	9	21159	买盘
13:29:15	23.51	-0.01	31	72881	卖盘
13:29:12	23.52	0.01	3	7056	买盘
13:29:00	23.51	0.01	5	11755	中性盘
13:28:57	23.5	--	16	37600	卖盘
13:28:42	23.5	--	10	23500	卖盘
13:28:30	23.5	--	4	9400	中性盘
13:28:18	23.5	--	10	23500	买盘
13:28:15	23.5	--	5	11750	买盘
13:28:06	23.5	--	20	47000	买盘
13:28:00	23.5	-0.02	15	35250	卖盘
13:27:57	23.52	0.01	1	2352	买盘
13:27:51	23.51	-0.01	6	14106	卖盘
13:27:39	23.52	0.01	8	18816	中性盘
13:27:27	23.51	-0.02	50	117550	卖盘
13:27:18	23.53	--	4	9412	买盘
13:27:12	23.53	-0.01	8	18824	中性盘
13:27:06	23.54	0.01	9	21186	买盘
13:27:00	23.53	--	10	23530	卖盘
13:26:48	23.53	0.01	11	25883	买盘
13:26:42	23.52	--	4	9408	卖盘
13:26:27	23.52	--	65	152880	买盘
13:25:57	23.52	0.01	3	7056	买盘
13:25:51	23.51	--	3	7053	卖盘
13:25:42	23.51	--	6	14106	卖盘
13:25:36	23.51	0.01	20	47020	买盘
13:25:24	23.5	--	1	2350	中性盘
13:25:12	23.5	--	9	21150	买盘
13:25:06	23.5	--	5	11750	买盘
13:25:00	23.5	0.01	3	7050	买盘
13:24:54	23.49	-0.01	8	18792	卖盘
13:24:51	23.5	--	11	25850	买盘
13:24:48	23.5	--	10	23500	买盘
13:24:45	23.5	0.01	47	110450	买盘
13:24:21	23.49	-0.01	11	25839	卖盘
13:23:57	23.5	-0.01	38	89300	卖盘
13:23:54	23.51	0.01	24	56424	买盘
13:23:39	23.5	-0.01	4	9400	卖盘
13:23:36	23.51	0.01	4	9404	买盘
13:23:21	23.5	--	25	58750	买盘
13:23:15	23.5	--	3	7050	买盘
13:23:12	23.5	--	10	23500	买盘
13:23:09	23.5	-0.01	7	16450	卖盘
13:23:06	23.51	0.01	10	23510	买盘
13:22:57	23.5	--	38	89300	卖盘
13:22:54	23.5	--	19	44650	卖盘
13:22:42	23.5	--	1	2350	卖盘
13:22:30	23.5	-0.01	1	2350	中性盘
13:22:21	23.51	0.01	27	63477	买盘
13:22:18	23.5	--	3	7050	买盘
13:22:15	23.5	--	4	9400	买盘
13:22:09	23.5	0.01	3	7050	买盘
13:22:03	23.49	--	6	14093	卖盘
13:21:54	23.49	0.01	2	4698	中性盘
13:21:45	23.48	--	10	23480	卖盘
13:21:42	23.48	--	10	23480	卖盘
13:21:30	23.48	-0.02	2	4696	卖盘
13:21:12	23.5	-0.01	84	197400	卖盘
13:21:06	23.51	--	12	28212	卖盘
13:21:00	23.51	-0.01	50	117550	卖盘
13:20:57	23.52	--	17	39984	买盘
13:20:42	23.52	-0.01	5	11760	卖盘
13:20:36	23.53	--	2	4706	买盘
13:20:33	23.53	--	34	80002	卖盘
13:20:30	23.53	--	9	21177	卖盘
13:20:27	23.53	--	50	117650	卖盘
13:20:21	23.53	-0.01	4	9412	卖盘
13:20:18	23.54	-0.01	21	49434	卖盘
13:20:15	23.55	--	12	28260	买盘
13:20:09	23.55	--	8	18840	卖盘
13:20:06	23.55	--	5	11775	卖盘
13:20:03	23.55	--	33	77715	卖盘
13:20:00	23.55	--	50	117750	卖盘
13:19:54	23.55	--	10	23550	卖盘
13:19:48	23.55	--	2	4710	卖盘
13:19:36	23.55	-0.01	17	40035	卖盘
13:19:33	23.56	--	1	2356	买盘
13:19:30	23.56	-0.01	5	11780	卖盘
13:19:27	23.57	--	3	7071	买盘
13:19:24	23.57	0.02	10	23570	买盘
13:19:21	23.55	-0.02	13	30615	卖盘
13:19:18	23.57	--	14	32998	买盘
13:19:15	23.57	0.02	50	117850	买盘
13:19:12	23.55	--	49	115395	卖盘
13:19:09	23.55	--	5	11775	卖盘
13:19:06	23.55	--	4	9420	卖盘
13:18:57	23.55	--	42	98910	卖盘
13:18:51	23.55	--	13	30615	买盘
13:18:45	23.55	--	7	16485	买盘
13:18:42	23.55	--	3	7065	买盘
13:18:36	23.55	--	16	37680	买盘
13:18:33	23.55	--	11	25905	买盘
13:18:30	23.55	0.01	5	11775	买盘
13:18:27	23.54	--	17	40018	买盘
13:18:24	23.54	--	30	70620	买盘
13:18:21	23.54	0.01	3	7062	买盘
13:18:18	23.53	--	30	70590	卖盘
13:18:15	23.53	--	3	7059	卖盘
13:18:06	23.53	--	1	2353	卖盘
13:18:03	23.53	0.02	6	14118	买盘
13:18:00	23.51	-0.02	20	47020	卖盘
13:17:54	23.53	--	35	82355	买盘
13:17:51	23.53	--	5	11765	买盘
13:17:48	23.53	0.02	30	70590	买盘
13:17:42	23.51	-0.02	15	35265	卖盘
13:17:36	23.53	0.02	2	4706	中性盘
13:17:27	23.51	--	4	9404	买盘
13:17:24	23.51	--	5	11755	买盘
13:17:21	23.51	--	10	23510	买盘
13:17:15	23.51	--	2	4702	买盘
13:17:12	23.51	--	34	79934	买盘
13:17:09	23.51	-0.01	78	183378	卖盘
13:16:57	23.52	0.01	21	49392	买盘
13:16:54	23.51	0.01	16	37616	买盘
13:16:48	23.5	0.03	842	1978700	买盘
13:16:45	23.47	--	37	86839	买盘
13:16:24	23.47	--	5	11735	买盘
13:16:09	23.47	--	9	21123	买盘
13:16:06	23.47	0.01	8	18776	买盘
13:16:03	23.46	--	2	4692	卖盘
13:15:57	23.46	--	5	11730	卖盘
13:15:42	23.46	--	10	23460	卖盘
13:15:24	23.46	--	175	411582	买盘
13:15:21	23.46	0.01	1	2346	买盘
13:15:18	23.45	--	27	63315	卖盘
13:15:15	23.45	--	8	18760	卖盘
13:15:09	23.45	--	10	23450	卖盘
13:15:03	23.45	--	46	107870	卖盘
13:14:57	23.45	--	21	49245	卖盘
13:14:54	23.45	-0.01	15	35175	卖盘
13:14:48	23.46	0.01	5	11730	买盘
13:14:36	23.45	-0.01	6	14070	卖盘
13:14:30	23.46	--	19	45887	卖盘
13:14:27	23.46	--	3	7038	卖盘
13:14:21	23.46	--	32	75072	卖盘
13:14:12	23.46	--	10	23460	卖盘
13:14:09	23.46	--	13	30498	卖盘
13:14:06	23.46	--	9	21114	卖盘
13:14:03	23.46	--	2	4692	卖盘
13:14:00	23.46	-0.01	5	11730	卖盘
13:13:57	23.47	0.01	1	2347	买盘
13:13:54	23.46	-0.01	10	23460	卖盘
13:13:30	23.47	--	3	7041	买盘
13:13:12	23.47	--	8	18776	买盘
13:12:39	23.47	0.01	1	2347	买盘
13:12:36	23.46	--	13	30498	卖盘
13:12:30	23.46	-0.01	3	7038	卖盘
13:12:27	23.47	0.01	20	46940	买盘
13:12:24	23.46	--	2	4692	卖盘
13:11:57	23.46	--	5	11730	卖盘
13:11:51	23.46	0.01	100	235632	买盘
13:11:36	23.45	--	2	4690	卖盘
13:11:24	23.45	--	3	7035	卖盘
13:11:18	23.45	--	20	46900	卖盘
13:11:15	23.45	-0.01	1	2345	卖盘
13:11:12	23.46	0.01	7	16422	买盘
13:11:06	23.45	--	25	58976	买盘
13:11:03	23.45	--	6	14070	买盘
13:10:42	23.45	--	6	14070	买盘
13:10:18	23.45	--	43	100835	买盘
13:09:57	23.45	--	1	4338	卖盘
13:09:54	23.45	--	2	4690	卖盘
13:09:51	23.45	--	30	70350	卖盘
13:09:33	23.45	0.04	196	459971	买盘
13:09:27	23.41	--	5	11705	卖盘
13:09:18	23.41	-0.02	5	11705	卖盘
13:09:15	23.43	--	4	10613	卖盘
13:09:12	23.43	--	3	8130	买盘
13:09:09	23.43	--	1	3584	卖盘
13:09:06	23.43	--	48	112464	卖盘
13:09:03	23.43	--	1	2343	卖盘
13:08:57	23.43	-0.01	4	9372	卖盘
13:08:51	23.44	0.01	4	9376	买盘
13:08:39	23.43	--	6	14058	卖盘
13:08:27	23.43	-0.01	14	32802	卖盘
13:08:24	23.44	0.01	6	14064	买盘
13:08:00	23.43	-0.01	6	14058	卖盘
13:07:45	23.44	--	21	49224	买盘
13:07:30	23.44	--	8	18752	买盘
13:07:27	23.44	--	5	11720	买盘
13:07:24	23.44	--	24	56256	买盘
13:07:18	23.44	--	15	35160	买盘
13:07:12	23.44	0.01	23	53912	买盘
13:07:09	23.43	--	10	23430	卖盘
13:06:57	23.43	--	3	7029	卖盘
13:06:54	23.43	--	10	23430	卖盘
13:06:48	23.43	--	10	23430	卖盘
13:06:36	23.43	--	3	7029	卖盘
13:06:27	23.43	--	114	268203	买盘
13:06:24	23.43	--	12	28116	买盘
13:06:06	23.43	0.01	8	18744	买盘
13:06:03	23.42	--	10	23420	卖盘
13:05:54	23.42	--	1	4309	买盘
13:05:51	23.42	--	2	4684	买盘
13:05:42	23.42	--	7	16768	卖盘
13:05:39	23.42	--	3	7026	卖盘
13:05:33	23.42	--	4	9368	卖盘
13:05:30	23.42	--	25	58550	卖盘
13:05:27	23.42	--	4	9368	卖盘
13:05:18	23.42	--	20	46840	卖盘
13:05:00	23.42	--	4	9368	卖盘
13:04:57	23.42	--	3	7026	卖盘
13:04:51	23.42	--	10	23420	卖盘
13:04:30	23.42	-0.01	5	11710	卖盘
13:04:27	23.43	0.01	45	105435	买盘
13:04:21	23.42	--	5	11710	卖盘
13:04:15	23.42	--	1	2342	卖盘
13:03:36	23.42	--	10	23420	卖盘
13:03:06	23.42	--	17	39814	卖盘
13:02:57	23.42	--	8	18736	卖盘
13:02:51	23.42	-0.01	31	72602	卖盘
13:02:18	23.43	--	3	8270	卖盘
13:02:15	23.43	--	10	23430	卖盘
13:02:09	23.43	--	20	46860	卖盘
13:02:06	23.43	--	20	46860	卖盘
13:01:48	23.43	-0.01	21	50304	中性盘
13:01:18	23.44	0.01	11	25784	买盘
13:01:15	23.43	0.02	10	23430	买盘
13:01:00	23.41	0.01	54	128380	买盘
13:00:48	23.4	--	12	28080	买盘
13:00:36	23.4	0.01	3	7020	买盘
13:00:18	23.39	--	14	32746	买盘
13:00:09	23.39	0.01	3	7017	买盘
13:00:03	23.38	--	34	79492	买盘
13:00:00	23.38	--	0	0	买盘
11:30:00	23.38	--	0	0	买盘
11:29:57	23.38	0.02	3	7014	买盘
11:29:42	23.36	--	16	39525	买盘
11:29:12	23.36	--	7	16352	买盘
11:28:57	23.36	0.02	100	233600	买盘
11:28:42	23.34	--	26	60684	买盘
11:28:33	23.34	--	28	65352	买盘
11:28:24	23.34	-0.02	88	205392	卖盘
11:28:15	23.36	--	46	107642	卖盘
11:28:12	23.36	-0.02	50	116800	卖盘
11:27:48	23.38	--	2	4676	买盘
11:27:42	23.38	0.02	1	2338	中性盘
11:27:21	23.36	-0.02	7	16352	卖盘
11:27:18	23.38	0.02	11	25718	买盘
11:27:12	23.36	--	3	9157	买盘
11:27:09	23.36	--	70	163520	买盘
11:26:57	23.36	--	4	9344	买盘
11:26:54	23.36	--	12	28218	卖盘
11:26:42	23.36	--	17	41861	买盘
11:26:15	23.36	0.01	60	140160	买盘
11:26:06	23.35	--	3	7005	卖盘
11:25:57	23.35	--	6	14010	买盘
11:25:54	23.35	--	11	25685	买盘
11:25:30	23.35	0.01	40	93400	买盘
11:24:24	23.34	0.01	48	112032	买盘
11:23:51	23.33	--	11	25662	卖盘
11:23:42	23.33	--	5	11665	卖盘
11:23:24	23.33	--	14	32661	卖盘
11:22:39	23.33	--	30	69990	卖盘
11:22:18	23.33	-0.01	40	93320	卖盘
11:21:54	23.34	--	3	7002	买盘
11:21:45	23.34	--	9	21006	买盘
11:21:39	23.34	--	11	25674	买盘
11:21:18	23.34	-0.01	32	74688	卖盘
11:21:12	23.35	--	7	16345	买盘
11:20:36	23.35	-0.01	36	84060	卖盘
11:20:09	23.36	0.01	9	21024	买盘
11:19:57	23.35	--	5	11675	卖盘
11:19:48	23.35	--	82	191470	买盘
11:19:39	23.35	0.01	4	9340	买盘
11:19:36	23.34	-0.01	11	25674	中性盘
11:19:24	23.35	--	2	4670	买盘
11:19:21	23.35	-0.01	2	4670	中性盘
11:19:12	23.36	--	7	16352	买盘
11:19:09	23.36	0.01	55	128480	买盘
11:18:45	23.35	0.02	4	11208	买盘
11:18:18	23.33	--	2	4666	卖盘
11:18:12	23.33	-0.02	2	4666	卖盘
11:17:51	23.35	--	7	16812	卖盘
11:17:36	23.35	-0.01	10	23350	卖盘
11:17:27	23.36	--	15	35040	买盘
11:17:12	23.36	--	7	16352	买盘
11:17:06	23.36	--	6	14016	买盘
11:17:03	23.36	0.01	1	2336	买盘
11:16:57	23.35	--	0	1868	买盘
11:16:39	23.35	--	14	32690	买盘
11:16:21	23.35	--	5	12142	卖盘
11:16:15	23.35	-0.01	3	7005	卖盘
11:16:12	23.36	0.01	10	23360	买盘
11:15:51	23.35	--	3	7005	卖盘
11:15:18	23.35	--	3	7005	卖盘
11:15:12	23.35	--	6	14010	卖盘
11:15:09	23.35	--	0	1868	卖盘
11:14:54	23.35	0.01	10	23443	买盘
11:14:09	23.34	0.02	3	7002	买盘
11:14:00	23.32	-0.02	11	25652	卖盘
11:13:33	23.34	--	2	4668	买盘
11:13:30	23.34	--	15	35010	买盘
11:13:27	23.34	0.02	2	4668	买盘
11:12:48	23.32	-0.01	21	48972	卖盘
11:12:42	23.33	--	2	4666	卖盘
11:12:27	23.33	--	4	9332	卖盘
11:12:15	23.33	-0.01	3	6998	卖盘
11:11:57	23.34	0.02	10	23340	买盘
11:11:39	23.32	--	10	23320	卖盘
11:11:09	23.32	--	3	6996	中性盘
11:10:57	23.32	0.01	5	11660	买盘
11:10:54	23.31	-0.01	2	4662	卖盘
11:10:45	23.32	--	5	11660	买盘
11:10:36	23.32	--	17	39644	卖盘
11:10:33	23.32	0.01	13	30316	买盘
11:10:30	23.31	-0.01	3	6993	卖盘
11:10:27	23.32	--	5	11660	买盘
11:10:24	23.32	--	20	46640	买盘
11:10:15	23.32	0.01	10	23320	买盘
11:10:09	23.31	0.01	4	9324	买盘
11:10:06	23.3	-0.01	32	74560	卖盘
11:09:51	23.31	-0.01	44	102564	卖盘
11:09:33	23.32	0.01	10	23320	买盘
11:09:30	23.31	0.01	2	4662	卖盘
11:09:15	23.3	-0.01	30	69900	卖盘
11:09:12	23.31	--	6	13986	卖盘
11:09:06	23.31	--	5	11655	卖盘
11:08:54	23.31	-0.01	5	11655	卖盘
11:08:45	23.32	--	7	16324	卖盘
11:08:42	23.32	--	12	27984	卖盘
11:08:18	23.32	--	70	163240	卖盘
11:08:12	23.32	--	10	23320	卖盘
11:08:09	23.32	--	100	233200	卖盘
11:08:06	23.32	--	10	23320	卖盘
11:07:54	23.32	--	16	37312	卖盘
11:07:48	23.32	-0.01	14	32648	卖盘
11:07:45	23.33	--	2	4666	买盘
11:07:42	23.33	--	28	65323	买盘
11:07:27	23.33	--	34	79322	买盘
11:07:21	23.33	--	7	16330	买盘
11:07:18	23.33	-0.01	10	23330	卖盘
11:07:15	23.34	0.01	4	9336	买盘
11:07:09	23.33	-0.01	50	116649	卖盘
11:07:03	23.34	--	54	126222	卖盘
11:06:48	23.34	--	16	37344	卖盘
11:06:42	23.34	--	5	11670	卖盘
11:06:15	23.34	-0.01	4	9336	卖盘
11:06:09	23.35	--	13	32596	卖盘
11:05:57	23.35	--	49	114415	卖盘
11:05:39	23.35	--	35	81725	卖盘
11:05:15	23.35	--	20	46700	卖盘
11:05:06	23.35	--	2	4670	卖盘
11:04:18	23.35	-0.01	7	16345	卖盘
11:04:12	23.36	0.01	5	11680	买盘
11:04:06	23.35	--	12	28020	卖盘
11:03:48	23.35	--	0	1494	卖盘
11:03:33	23.35	-0.01	42	98070	卖盘
11:03:18	23.36	0.01	45	105120	买盘
11:03:12	23.35	--	7	16345	卖盘
11:02:51	23.35	--	3	7005	卖盘
11:02:48	23.35	0.01	6	15924	买盘
11:02:45	23.34	-0.01	0	1167	卖盘
11:02:33	23.35	--	10	23350	买盘
11:02:21	23.35	--	24	57441	卖盘
11:02:09	23.35	--	1	2335	卖盘
11:01:45	23.35	--	0	2148	卖盘
11:01:36	23.35	--	5	11675	卖盘
11:01:15	23.35	0.01	11	26805	买盘
11:01:09	23.34	--	6	14004	卖盘
11:01:00	23.34	0.01	2	4668	中性盘
11:00:57	23.33	-0.02	5	11665	卖盘
11:00:51	23.35	0.02	9	21015	买盘
11:00:45	23.33	-0.01	0	1026	卖盘
11:00:42	23.34	-0.01	33	79215	卖盘
11:00:30	23.35	--	25	58375	卖盘
11:00:27	23.35	-0.01	4	9340	卖盘
11:00:24	23.36	--	120	280320	买盘
11:00:12	23.36	--	5	11680	买盘
11:00:00	23.36	--	7	16352	买盘
10:59:51	23.36	--	18	42234	卖盘
10:59:42	23.36	--	0	2149	卖盘
10:59:36	23.36	-0.02	10	23360	卖盘
10:59:33	23.38	0.02	4	9352	买盘
10:59:09	23.36	--	1	2336	买盘
10:59:06	23.36	0.01	1	2336	买盘
10:58:54	23.35	0.01	1	2335	买盘
10:58:51	23.34	--	7	17925	卖盘
10:58:42	23.34	--	0	1003	卖盘
10:58:39	23.34	--	0	1143	卖盘
10:58:24	23.34	--	0	1073	买盘
10:58:18	23.34	-0.06	4	10596	卖盘
10:58:15	23.4	0.06	40	93600	买盘
10:58:06	23.34	0.02	0	1073	买盘
10:58:03	23.32	-0.01	7	17210	卖盘
10:57:51	23.33	--	19	44327	买盘
10:57:45	23.33	--	17	39661	买盘
10:57:42	23.33	--	20	46660	买盘
10:57:39	23.33	-0.01	65	151831	卖盘
10:57:24	23.34	0.02	20	48827	买盘
10:57:21	23.32	--	5	11660	卖盘
10:57:12	23.32	0.01	2	4664	买盘
10:57:09	23.31	-0.01	52	121212	卖盘
10:57:03	23.32	--	50	116600	买盘
10:56:57	23.32	-0.02	32	76909	卖盘
10:56:51	23.34	--	56	130704	买盘
10:56:48	23.34	0.01	15	35010	买盘
10:56:45	23.33	-0.01	3	6998	卖盘
10:56:36	23.34	-0.04	143	333948	卖盘
10:56:24	23.38	-0.01	17	39746	卖盘
10:56:09	23.39	--	8	18712	买盘
10:56:00	23.39	0.01	56	130984	卖盘
10:55:54	23.38	0.01	44	102872	买盘
10:55:51	23.37	-0.02	55	128535	卖盘
10:55:42	23.39	--	11	25916	卖盘
10:55:36	23.39	-0.02	0	2151	卖盘
10:55:30	23.41	0.01	50	117050	买盘
10:55:24	23.4	-0.01	43	100620	卖盘
10:55:12	23.41	--	7	16387	买盘
10:55:06	23.41	-0.03	15	35489	卖盘
10:55:00	23.44	0.03	70	164080	买盘
10:54:57	23.41	-0.01	61	142801	卖盘
10:54:36	23.42	--	0	1007	卖盘
10:54:33	23.42	-0.02	0	1147	卖盘
10:54:27	23.44	-0.01	17	39848	卖盘
10:54:21	23.45	--	2	4690	买盘
10:54:09	23.45	0.03	9	21105	买盘
10:54:06	23.42	-0.02	50	117100	卖盘
10:54:00	23.44	0.02	70	164080	买盘
10:53:33	23.42	-0.02	2	6838	卖盘
10:53:30	23.44	0.02	5	11720	买盘
10:53:24	23.42	--	15	35130	卖盘
10:53:15	23.42	-0.02	12	28104	卖盘
10:53:12	23.44	--	7	16408	买盘
10:53:00	23.44	--	3	7032	买盘
10:52:54	23.44	--	4	9938	卖盘
10:52:48	23.44	--	11	25784	卖盘
10:52:36	23.44	--	5	11720	卖盘
10:52:33	23.44	-0.01	10	25596	卖盘
10:52:27	23.45	--	4	9380	买盘
10:52:24	23.45	0.01	50	117250	买盘
10:52:21	23.44	--	12	28128	卖盘
10:52:12	23.44	-0.01	2	4688	卖盘
10:52:09	23.45	--	24	56280	卖盘
10:52:03	23.45	--	14	32830	买盘
10:51:54	23.45	0.01	20	46900	买盘
10:51:36	23.44	--	14	32816	卖盘
10:51:33	23.44	--	0	1054	卖盘
10:51:30	23.44	-0.01	3	8133	卖盘
10:51:27	23.45	--	11	25795	买盘
10:51:21	23.45	--	6	14070	买盘
10:51:18	23.45	0.01	4	9380	买盘
10:51:06	23.44	-0.01	10	23440	卖盘
10:51:03	23.45	--	20	46900	买盘
10:51:00	23.45	0.01	1	2345	买盘
10:50:57	23.44	--	10	23440	卖盘
10:50:54	23.44	-0.01	10	23440	卖盘
10:50:51	23.45	--	2	4690	买盘
10:50:48	23.45	--	2	4690	买盘
10:50:45	23.45	--	2	4690	买盘
10:50:39	23.45	--	1	2345	买盘
10:50:36	23.45	0.01	10	23450	买盘
10:50:30	23.44	--	3	9188	卖盘
10:50:24	23.44	--	3	7032	卖盘
10:50:21	23.44	--	6	14064	买盘
10:50:12	23.44	--	2	4688	买盘
10:50:09	23.44	--	9	21096	买盘
10:49:57	23.44	0.02	70	164080	买盘
10:49:51	23.42	--	0	2154	买盘
10:49:48	23.42	--	49	114945	卖盘
10:49:39	23.42	--	20	46840	卖盘
10:49:30	23.42	-0.02	0	983	卖盘
10:49:27	23.44	--	1	3516	买盘
10:49:24	23.44	--	1	2344	买盘
10:49:21	23.44	-0.02	1	2344	买盘
10:49:15	23.46	0.02	86	201756	买盘
10:49:12	23.44	--	44	103136	卖盘
10:49:09	23.44	--	9	21096	卖盘
10:48:57	23.44	0.02	62	145328	买盘
10:48:54	23.42	-0.03	11	25762	卖盘
10:48:51	23.45	0.01	30	70350	买盘
10:48:48	23.44	--	1	2344	买盘
10:48:45	23.44	-0.01	6	14064	买盘
10:48:39	23.45	--	20	46900	买盘
10:48:30	23.45	0.04	100	234500	买盘
10:48:27	23.41	-0.03	0	2153	卖盘
10:48:24	23.44	--	8	20064	卖盘
10:48:12	23.44	0.02	71	167455	买盘
10:48:09	23.42	--	30	70260	买盘
10:47:51	23.42	--	0	1124	卖盘
10:47:24	23.42	--	0	2154	卖盘
10:47:18	23.42	--	102	238884	卖盘
10:47:15	23.42	--	8	18736	卖盘
10:47:12	23.42	--	15	35130	卖盘
10:47:09	23.42	--	13	30446	卖盘
10:47:03	23.42	--	4	9368	卖盘
10:47:00	23.42	0.01	7	17799	买盘
10:46:57	23.41	--	55	128755	卖盘
10:46:54	23.41	-0.01	1	2341	卖盘
10:46:48	23.42	--	10	23420	买盘
10:46:36	23.42	-0.01	4	10304	卖盘
10:46:30	23.43	--	17	39831	买盘
10:46:27	23.43	0.01	15	35145	买盘
10:46:24	23.42	-0.02	0	2154	卖盘
10:46:09	23.44	0.01	11	25784	买盘
10:46:06	23.43	-0.01	2	4873	卖盘
10:46:03	23.44	0.01	2	4688	买盘
10:46:00	23.43	-0.01	10	23430	卖盘
10:45:57	23.44	0.01	10	23440	买盘
10:45:48	23.43	--	8	18744	卖盘
10:45:42	23.43	0.01	79	187252	买盘
10:45:30	23.42	--	2	6276	买盘
10:45:27	23.42	--	4	10117	卖盘
10:45:24	23.42	0.01	5	13302	买盘
10:45:21	23.41	-0.01	0	2153	卖盘
10:45:12	23.42	--	7	16394	买盘
10:45:09	23.42	0.01	65	152230	买盘
10:45:03	23.41	--	3	7584	卖盘
10:44:54	23.41	--	10	23410	卖盘
10:44:45	23.41	--	10	23410	卖盘
10:44:42	23.41	-0.01	40	93640	卖盘
10:44:27	23.42	--	5	11710	买盘
10:44:21	23.42	--	2	6838	买盘
10:44:18	23.42	--	2	4684	买盘
10:44:15	23.42	--	2	4684	买盘
10:44:09	23.42	--	10	23420	买盘
10:43:45	23.42	0.01	7	16394	买盘
10:43:42	23.41	--	60	140460	卖盘
10:43:36	23.41	--	4	9364	卖盘
10:43:33	23.41	--	10	23410	卖盘
10:43:30	23.41	--	10	23410	卖盘
10:43:21	23.41	--	0	1053	卖盘
10:43:18	23.41	-0.02	8	20015	卖盘
10:43:15	23.43	0.01	4	9372	买盘
10:43:06	23.42	--	3	7026	卖盘
10:43:00	23.42	--	3	7026	卖盘
10:42:51	23.42	-0.01	8	18736	卖盘
10:42:33	23.43	0.01	11	25773	买盘
10:42:21	23.42	--	0	983	卖盘
10:42:18	23.42	-0.01	0	1171	卖盘
10:42:15	23.43	-0.01	8	18931	卖盘
10:42:09	23.44	--	2	4688	买盘
10:42:00	23.44	0.01	2	4688	买盘
10:41:57	23.43	-0.01	5	11715	卖盘
10:41:54	23.44	--	15	35160	卖盘
10:41:51	23.44	-0.01	1	2344	中性盘
10:41:48	23.45	0.01	38	89110	买盘
10:41:36	23.44	--	13	30472	买盘
10:41:33	23.44	--	18	42192	买盘
10:41:30	23.44	--	8	18752	卖盘
10:41:21	23.44	--	12	28128	买盘
10:41:18	23.44	0.01	3	7032	买盘
10:41:15	23.43	-0.01	0	2155	卖盘
10:41:12	23.44	0.01	10	23440	买盘
10:41:03	23.43	--	2	4686	卖盘
10:40:54	23.43	-0.01	6	14058	卖盘
10:40:45	23.44	0.01	26	60944	买盘
10:40:36	23.43	0.01	7	16401	买盘
10:40:33	23.42	-0.02	2	4684	卖盘
10:40:24	23.44	0.03	7	16408	买盘
10:40:21	23.41	--	5	11705	卖盘
10:40:15	23.41	--	5	13858	卖盘
10:40:12	23.41	-0.03	14	32774	卖盘
10:40:03	23.44	--	22	51568	买盘
10:40:00	23.44	--	45	105480	买盘
10:39:57	23.44	--	25	58600	买盘
10:39:54	23.44	--	59	138296	卖盘
10:39:48	23.44	-0.01	6	14064	卖盘
10:39:45	23.45	0.01	5	11725	买盘
10:39:42	23.44	--	17	39848	买盘
10:39:33	23.44	--	12	28128	卖盘
10:39:27	23.44	0.03	3	7032	买盘
10:39:24	23.41	-0.07	12	28092	中性盘
10:39:18	23.48	0.07	264	619872	买盘
10:39:15	23.41	0.01	4	10417	买盘
10:39:12	23.4	-0.01	31	73639	卖盘
10:39:09	23.41	--	20	46820	买盘
10:39:06	23.41	0.01	5	11705	买盘
10:39:03	23.4	--	10	23400	卖盘
10:38:57	23.4	-0.01	1	2340	卖盘
10:38:51	23.41	--	13	30433	买盘
10:38:48	23.41	--	4	9364	买盘
10:38:45	23.41	0.01	3	7023	买盘
10:38:39	23.4	-0.02	31	72540	买盘
10:38:36	23.42	--	40	93680	买盘
10:38:33	23.42	--	2	4684	买盘
10:38:30	23.42	--	2	4684	买盘
10:38:24	23.42	0.05	240	562080	买盘
10:38:15	23.37	0.01	26	62912	买盘
10:38:12	23.36	-0.01	5	11680	卖盘
10:38:09	23.37	--	7	16359	买盘
10:38:06	23.37	--	31	72447	买盘
10:37:54	23.37	--	21	49077	买盘
10:37:51	23.37	0.02	280	654360	买盘
10:37:48	23.35	-0.01	25	60616	卖盘
10:37:39	23.36	0.01	14	32797	买盘
10:37:36	23.35	--	2	6911	卖盘
10:37:33	23.35	--	1	2335	卖盘
10:37:27	23.35	0.01	1	2335	卖盘
10:37:24	23.34	--	15	35103	买盘
10:37:21	23.34	-0.01	183	428989	卖盘
10:37:12	23.35	--	7	18493	买盘
10:37:09	23.35	--	1	2335	买盘
10:37:03	23.35	--	15	35025	买盘
10:37:00	23.35	0.01	3	7005	买盘
10:36:39	23.34	-0.01	7	16338	卖盘
10:36:36	23.35	0.01	7	16345	买盘
10:36:27	23.34	-0.01	9	21006	卖盘
10:36:21	23.35	0.01	6	14010	买盘
10:36:18	23.34	--	46	107364	卖盘
10:36:12	23.34	--	0	956	卖盘
10:36:09	23.34	--	0	1190	卖盘
10:36:06	23.34	--	11	25674	卖盘
10:35:57	23.34	--	5	11670	卖盘
10:35:51	23.34	--	14	32676	卖盘
10:35:36	23.34	-0.01	22	51348	卖盘
10:35:21	23.35	0.01	19	44365	买盘
10:35:09	23.34	--	0	1026	卖盘
10:35:06	23.34	-0.01	0	1120	卖盘
10:34:45	23.35	--	5	11675	买盘
10:34:33	23.35	--	11	25685	买盘
10:34:30	23.35	--	7	16345	买盘
10:34:21	23.35	--	1	2335	买盘
10:34:15	23.35	0.01	4	9340	买盘
10:34:06	23.34	--	29	69833	买盘
10:33:51	23.34	0.01	5	11670	买盘
10:33:27	23.33	0.02	0	1259	买盘
10:33:06	23.31	--	0	909	卖盘
10:33:03	23.31	--	0	1235	卖盘
10:32:54	23.31	-0.01	10	23310	卖盘
10:32:42	23.32	0.01	51	118932	中性盘
10:32:12	23.31	0.01	6	15571	买盘
10:32:06	23.3	--	10	24255	卖盘
10:32:03	23.3	-0.01	0	1188	卖盘
10:31:54	23.31	-0.02	33	77668	卖盘
10:31:51	23.33	0.02	38	88654	买盘
10:31:48	23.31	-0.02	20	46620	卖盘
10:31:36	23.33	0.02	20	46660	买盘
10:31:18	23.31	--	4	10909	买盘
10:31:15	23.31	--	97	226852	卖盘
10:31:03	23.31	--	0	2144	卖盘
10:30:36	23.31	0.01	4	11095	中性盘
10:30:27	23.3	--	1	2330	卖盘
10:30:21	23.3	-0.01	3	6990	卖盘
10:30:15	23.31	0.01	25	58275	买盘
10:30:03	23.3	--	0	1048	卖盘
10:30:00	23.3	-0.01	23	54358	卖盘
10:29:48	23.31	-0.02	61	142191	卖盘
10:29:24	23.33	--	11	26736	卖盘
10:29:12	23.33	--	1	3592	买盘
10:29:09	23.33	--	1	2333	买盘
10:29:06	23.33	--	20	46660	买盘
10:29:03	23.33	0.01	5	11665	买盘
10:29:00	23.32	-0.01	9	22946	卖盘
10:28:57	23.33	-0.01	0	1259	中性盘
10:28:30	23.34	0.01	125	291750	买盘
10:28:27	23.33	--	30	70549	卖盘
10:28:15	23.33	--	5	11665	卖盘
10:28:09	23.33	--	10	23330	卖盘
10:28:00	23.33	--	0	2146	卖盘
10:27:51	23.33	--	20	46660	卖盘
10:27:36	23.33	--	42	99945	买盘
10:27:33	23.33	--	11	25662	买盘
10:27:18	23.33	0.01	7	16330	买盘
10:27:15	23.32	-0.01	20	46640	卖盘
10:27:12	23.33	--	13	30328	买盘
10:27:09	23.33	--	1	2333	买盘
10:27:03	23.33	--	23	54032	卖盘
10:26:57	23.33	-0.01	0	2146	卖盘
10:26:51	23.34	--	11	25674	买盘
10:26:48	23.34	--	2	4668	买盘
10:26:45	23.34	--	5	11670	买盘
10:26:42	23.34	--	3	7002	买盘
10:26:27	23.34	--	3	7002	卖盘
10:26:24	23.34	-0.01	30	70020	卖盘
10:26:18	23.35	0.01	60	140100	买盘
10:26:12	23.34	0.01	5	11670	买盘
10:26:09	23.33	--	10	23330	卖盘
10:25:57	23.33	-0.02	0	2146	卖盘
10:25:54	23.35	0.01	274	639790	买盘
10:25:18	23.34	0.02	15	35010	买盘
10:24:54	23.32	-0.02	0	2145	卖盘
10:24:48	23.34	0.01	10	23340	买盘
10:24:42	23.33	-0.01	8	20110	卖盘
10:24:18	23.34	0.01	13	31228	买盘
10:24:03	23.33	--	1	3779	卖盘
10:23:54	23.33	-0.01	9	22070	卖盘
10:23:45	23.34	--	10	23340	卖盘
10:23:39	23.34	--	1	2334	卖盘
10:23:30	23.34	0.01	179	419933	买盘
10:23:12	23.33	--	7	16330	买盘
10:23:09	23.33	--	1	2333	买盘
10:23:03	23.33	0.01	5	11665	买盘
10:23:00	23.32	--	2	4664	卖盘
10:22:57	23.32	--	4	9328	卖盘
10:22:51	23.32	-0.01	0	2145	卖盘
10:22:48	23.33	0.02	5	11665	买盘
10:22:39	23.31	-0.02	1	2331	卖盘
10:22:30	23.33	0.02	4	9332	买盘
10:21:51	23.31	--	0	979	卖盘
10:21:48	23.31	--	0	1165	卖盘
10:21:42	23.31	0.01	2	4662	买盘
10:21:06	23.3	-0.01	1	2330	卖盘
10:21:00	23.31	--	2	4662	买盘
10:20:57	23.31	0.01	100	233100	买盘
10:20:48	23.3	--	0	2143	卖盘
10:20:33	23.3	--	46	109137	买盘
10:20:27	23.3	--	47	109882	卖盘
10:20:15	23.3	-0.01	4	9320	卖盘
10:20:09	23.31	-0.01	36	83916	买盘
10:19:57	23.32	0.02	120	279840	买盘
10:19:51	23.3	--	0	1071	卖盘
10:19:48	23.3	-0.02	0	1071	卖盘
10:19:18	23.32	-0.01	9	20988	卖盘
10:19:15	23.33	--	3	6998	买盘
10:19:12	23.33	0.01	11	25662	买盘
10:19:06	23.32	0.02	10	23320	买盘
10:19:03	23.3	--	10	23300	卖盘
10:18:48	23.3	-0.03	0	2143	卖盘
10:18:45	23.33	0.03	15	34995	买盘
10:18:18	23.3	--	5	11650	卖盘
10:18:12	23.3	-0.03	10	23300	卖盘
10:18:09	23.33	0.06	13	30328	买盘
10:17:51	23.27	-0.02	52	121004	卖盘
10:17:48	23.29	--	0	978	卖盘
10:17:45	23.29	--	0	1164	卖盘
10:17:42	23.29	0.02	1	2329	卖盘
10:17:06	23.27	-0.02	86	200122	卖盘
10:17:03	23.29	--	12	27948	卖盘
10:16:45	23.29	--	0	2142	卖盘
10:16:24	23.29	--	15	34935	卖盘
10:16:06	23.29	--	23	55709	卖盘
10:16:03	23.29	-0.01	12	27948	卖盘
10:16:00	23.3	--	5	11650	买盘
10:15:57	23.3	--	48	112026	卖盘
10:15:45	23.3	--	0	862	卖盘
10:15:42	23.3	-0.02	0	1281	卖盘
10:15:27	23.32	--	6	13992	卖盘
10:15:12	23.32	--	1	2332	买盘
10:15:09	23.32	--	3	6996	买盘
10:15:06	23.32	--	2	4664	买盘
10:15:03	23.32	0.02	1	2332	买盘
10:15:00	23.3	--	14	33132	买盘
10:14:51	23.3	--	85	199867	卖盘
10:14:42	23.3	--	2	6803	卖盘
10:14:39	23.3	--	12	27960	卖盘
10:14:36	23.3	--	0	699	买盘
10:14:30	23.3	--	34	80851	卖盘
10:14:15	23.3	--	6	13980	卖盘
10:14:12	23.3	--	18	41940	卖盘
10:13:51	23.3	--	15	34950	卖盘
10:13:48	23.3	-0.03	35	81550	卖盘
10:13:45	23.33	0.03	1	2333	买盘
10:13:42	23.3	--	11	26701	卖盘
10:13:39	23.3	-0.01	0	1071	卖盘
10:13:21	23.31	--	18	41958	卖盘
10:13:18	23.31	-0.01	50	116550	卖盘
10:13:15	23.32	--	8	18656	卖盘
10:13:12	23.32	--	10	23320	买盘
10:13:09	23.32	--	2	4664	买盘
10:12:57	23.32	0.01	10	23320	买盘
10:12:42	23.31	--	1	2331	卖盘
10:12:39	23.31	0.01	10	25268	买盘
10:12:36	23.3	--	2	4660	卖盘
10:12:30	23.3	--	4	9320	卖盘
10:12:27	23.3	-0.01	9	20970	卖盘
10:12:24	23.31	0.01	22	51282	买盘
10:12:21	23.3	-0.01	2	4660	卖盘
10:12:06	23.31	--	8	18648	买盘
10:12:03	23.31	0.01	10	23310	买盘
10:11:54	23.3	--	3	6990	卖盘
10:11:45	23.3	--	13	30290	卖盘
10:11:39	23.3	--	0	2143	卖盘
10:11:15	23.3	-0.01	4	9320	卖盘
10:11:12	23.31	0.01	5	11655	买盘
10:11:09	23.3	--	1	2330	买盘
10:11:06	23.3	--	10	23300	买盘
10:11:00	23.3	--	6	14166	卖盘
10:10:54	23.3	--	22	51260	卖盘
10:10:45	23.3	-0.01	40	93200	卖盘
10:10:39	23.31	0.01	7	16317	买盘
10:10:36	23.3	--	0	2143	卖盘
10:10:33	23.3	0.01	14	32620	买盘
10:10:30	23.29	--	3	6987	买盘
10:10:24	23.29	-0.02	10	23290	卖盘
10:10:06	23.31	0.01	9	20979	买盘
10:10:03	23.3	--	3	6990	买盘
10:09:51	23.3	--	4	9506	卖盘
10:09:48	23.3	--	3	6990	卖盘
10:09:36	23.3	--	0	1048	卖盘
10:09:33	23.3	--	0	1095	卖盘
10:09:27	23.3	-0.01	8	18640	卖盘
10:09:21	23.31	--	2	4662	买盘
10:09:15	23.31	--	2	4662	买盘
10:09:12	23.31	--	7	16317	买盘
10:09:09	23.31	--	1	2331	买盘
10:08:51	23.31	--	2	5221	卖盘
10:08:48	23.31	--	15	34965	卖盘
10:08:42	23.31	--	10	23310	卖盘
10:08:33	23.31	--	0	2144	卖盘
10:08:18	23.31	--	22	51282	卖盘
10:08:12	23.31	-0.02	5	11655	卖盘
10:08:09	23.33	0.02	7	16330	买盘
10:07:54	23.31	--	9	22937	买盘
10:07:42	23.31	-0.02	9	21351	卖盘
10:07:36	23.33	0.02	14	32661	买盘
10:07:33	23.31	-0.02	0	2144	卖盘
10:07:30	23.33	--	2	4666	买盘
10:07:12	23.33	--	7	16330	买盘
10:07:09	23.33	--	1	2333	买盘
10:06:57	23.33	--	15	34995	卖盘
10:06:42	23.33	0.02	35	81655	中性盘
10:06:30	23.31	-0.03	0	2144	卖盘
10:06:18	23.34	0.02	11	25674	买盘
10:06:15	23.32	-0.01	18	42162	卖盘
10:06:09	23.33	--	35	81655	卖盘
10:06:03	23.33	0.01	23	55805	买盘
10:05:48	23.32	--	3	9141	买盘
10:05:39	23.32	--	0	186	卖盘
10:05:30	23.32	-0.01	0	2145	卖盘
10:05:27	23.33	0.01	6	13997	买盘
10:05:24	23.32	-0.01	4	9328	卖盘
10:05:18	23.33	--	5	11851	卖盘
10:05:12	23.33	--	13	30328	卖盘
10:04:51	23.33	0.01	23	55805	买盘
10:04:48	23.32	-0.01	2	4664	卖盘
10:04:42	23.33	--	1	2333	买盘
10:04:36	23.33	--	13	30515	卖盘
10:04:30	23.33	--	10	25476	卖盘
10:04:15	23.33	0.01	36	83988	买盘
10:04:03	23.32	0.01	23	53636	买盘
10:03:48	23.31	-0.01	5	11655	卖盘
10:03:36	23.32	0.01	72	167904	买盘
10:03:30	23.31	--	5	11655	卖盘
10:03:27	23.31	--	0	2144	卖盘
10:03:15	23.31	--	5	11655	卖盘
10:03:03	23.31	--	4	9324	卖盘
10:02:51	23.31	--	11	25641	卖盘
10:02:42	23.31	--	2	4662	卖盘
10:02:39	23.31	0.02	8	18648	买盘
10:02:36	23.29	0.01	6	13974	中性盘
10:02:21	23.28	-0.01	37	86136	卖盘
10:02:03	23.29	--	5	11645	买盘
10:01:51	23.29	--	3	6987	买盘
10:01:45	23.29	-0.03	42	97818	卖盘
10:01:27	23.32	0.02	42	97944	买盘
10:01:21	23.3	--	3	6990	卖盘
10:01:18	23.3	--	7	17055	买盘
10:01:15	23.3	0.01	74	172420	买盘
10:01:12	23.29	-0.01	8	18632	卖盘
10:01:09	23.3	--	3	6990	买盘
10:01:06	23.3	--	47	109510	买盘
10:00:57	23.3	--	16	38864	卖盘
10:00:39	23.3	--	17	39610	卖盘
10:00:36	23.3	--	36	83880	卖盘
10:00:27	23.3	--	2	4660	卖盘
10:00:09	23.3	--	15	34950	卖盘
10:00:00	23.3	-0.02	3	6990	卖盘
09:59:48	23.32	0.02	23	53636	买盘
09:59:09	23.3	-0.02	6	13980	卖盘
09:59:06	23.32	--	1	2332	买盘
09:59:00	23.32	0.02	6	13992	买盘
09:58:54	23.3	--	9	20970	卖盘
09:58:45	23.3	--	1	2330	卖盘
09:58:36	23.3	--	143	333935	买盘
09:58:21	23.3	--	26	62164	卖盘
09:58:18	23.3	-0.02	26	60580	卖盘
09:58:09	23.32	--	12	27984	卖盘
09:58:03	23.32	--	13	30316	买盘
09:58:00	23.32	0.02	40	93280	买盘
09:57:36	23.3	--	5	11650	卖盘
09:57:27	23.3	0.01	1	3075	买盘
09:57:18	23.29	--	21	48909	卖盘
09:57:00	23.29	-0.01	10	23290	卖盘
09:56:51	23.3	0.01	8	18640	买盘
09:56:45	23.29	--	7	16303	卖盘
09:56:39	23.29	-0.01	2	4658	卖盘
09:56:30	23.3	--	4	9320	买盘
09:56:15	23.3	--	23	55174	卖盘
09:56:09	23.3	-0.02	11	25630	卖盘
09:55:48	23.32	0.01	15	34980	买盘
09:55:45	23.31	--	7	16317	卖盘
09:55:42	23.31	-0.01	1	2331	卖盘
09:55:39	23.32	0.01	1	2332	买盘
09:55:30	23.31	--	1	2331	卖盘
09:55:24	23.31	0.01	1	2331	中性盘
09:55:12	23.3	-0.02	2	4660	卖盘
09:54:48	23.32	0.02	1	2332	中性盘
09:54:18	23.3	--	3	7735	买盘
09:54:09	23.3	--	46	108764	卖盘
09:53:54	23.3	-0.03	4	9320	卖盘
09:53:48	23.33	--	11	25662	卖盘
09:53:45	23.33	--	7	16330	买盘
09:53:42	23.33	0.03	10	23330	买盘
09:53:33	23.3	-0.02	22	51260	卖盘
09:53:15	23.32	--	6	13992	卖盘
09:52:57	23.32	--	6	14738	卖盘
09:52:48	23.32	--	20	46640	卖盘
09:52:21	23.32	--	10	23320	卖盘
09:52:09	23.32	--	10	23320	卖盘
09:51:54	23.32	--	66	153912	卖盘
09:51:36	23.32	-0.01	26	60632	卖盘
09:51:27	23.33	-0.01	3	6998	卖盘
09:51:21	23.34	0.01	1	2334	买盘
09:51:09	23.33	--	19	44327	买盘
09:51:06	23.33	0.01	3	6998	买盘
09:51:03	23.32	-0.01	10	23320	卖盘
09:50:57	23.33	0.01	2	4666	买盘
09:50:51	23.32	0.01	5	11660	买盘
09:50:48	23.31	--	3	6993	买盘
09:50:45	23.31	-0.01	7	16317	卖盘
09:50:15	23.32	--	1	2332	买盘
09:50:12	23.32	--	24	55968	卖盘
09:50:09	23.32	-0.01	5	11660	卖盘
09:50:03	23.33	-0.01	9	20997	卖盘
09:50:00	23.34	0.02	2	4668	买盘
09:49:48	23.32	--	5	11660	卖盘
09:49:45	23.32	--	2	4664	卖盘
09:49:42	23.32	-0.01	37	86284	卖盘
09:49:21	23.33	--	2	4666	买盘
09:49:12	23.33	--	35	81655	卖盘
09:49:09	23.33	--	25	58324	卖盘
09:49:03	23.33	--	57	132981	卖盘
09:48:57	23.33	--	50	116649	卖盘
09:48:48	23.33	-0.01	50	116649	卖盘
09:48:36	23.34	-0.01	8	18672	卖盘
09:48:30	23.35	0.01	7	16345	买盘
09:48:27	23.34	-0.01	6	14004	卖盘
09:48:18	23.35	--	8	18680	卖盘
09:48:12	23.35	--	13	30355	卖盘
09:48:09	23.35	--	21	49035	买盘
09:47:57	23.35	0.02	10	23350	买盘
09:47:54	23.33	-0.01	23	53658	卖盘
09:47:51	23.34	-0.01	10	23340	中性盘
09:47:48	23.35	--	2	4670	买盘
09:47:45	23.35	0.02	2	4670	买盘
09:47:42	23.33	0.01	1	2333	中性盘
09:47:27	23.32	-0.01	16	37312	卖盘
09:47:24	23.33	0.01	29	67657	买盘
09:47:12	23.32	0.01	54	125928	买盘
09:47:09	23.31	0.01	20	46620	中性盘
09:47:03	23.3	-0.01	50	116500	卖盘
09:46:51	23.31	--	16	37296	买盘
09:46:36	23.31	-0.01	17	39627	卖盘
09:46:30	23.32	0.01	10	23320	买盘
09:46:27	23.31	0.01	3	6993	买盘
09:46:12	23.3	--	9	20970	买盘
09:46:09	23.3	--	10	23300	买盘
09:46:06	23.3	0.01	1	2330	中性盘
09:45:54	23.29	-0.01	38	88502	卖盘
09:45:45	23.3	--	11	25630	买盘
09:45:39	23.3	--	7	16310	买盘
09:45:33	23.3	--	4	9320	买盘
09:45:27	23.3	--	5	11650	买盘
09:45:15	23.3	--	45	104850	买盘
09:45:06	23.3	--	31	72230	买盘
09:44:42	23.3	-0.01	4	9320	卖盘
09:44:21	23.31	0.01	14	32634	买盘
09:44:15	23.3	--	17	39610	买盘
09:44:12	23.3	--	3	6990	买盘
09:44:09	23.3	--	32	74560	买盘
09:44:06	23.3	--	2	4660	买盘
09:43:48	23.3	--	1	2330	卖盘
09:43:39	23.3	-0.01	9	20970	中性盘
09:43:33	23.31	--	12	27972	买盘
09:43:27	23.31	--	31	72261	卖盘
09:43:06	23.31	0.01	16	37296	卖盘
09:43:00	23.3	-0.01	14	32620	买盘
09:42:57	23.31	--	15	34965	买盘
09:42:51	23.31	--	11	25641	买盘
09:42:48	23.31	0.01	4	9324	买盘
09:42:42	23.3	-0.01	4	9320	卖盘
09:42:39	23.31	0.01	14	32634	买盘
09:42:36	23.3	-0.01	15	34950	卖盘
09:42:33	23.31	0.01	10	23310	买盘
09:42:24	23.3	--	18	41940	买盘
09:42:18	23.3	0.01	3	6990	买盘
09:42:09	23.29	-0.01	3	6987	卖盘
09:41:57	23.3	--	15	34950	买盘
09:41:48	23.3	--	2	4660	买盘
09:41:42	23.3	--	1	2330	买盘
09:41:33	23.3	--	18	41940	买盘
09:41:30	23.3	--	10	23300	买盘
09:41:27	23.3	--	3	6990	买盘
09:41:24	23.3	-0.01	61	142130	卖盘
09:41:15	23.31	--	4	9324	卖盘
09:40:48	23.31	--	29	67599	买盘
09:40:45	23.31	0.01	10	23310	买盘
09:40:33	23.3	--	1	2330	卖盘
09:40:30	23.3	--	1	2330	买盘
09:40:24	23.3	0.02	37	86210	买盘
09:40:09	23.28	--	2	4656	卖盘
09:39:51	23.28	0.03	6	13968	买盘
09:39:42	23.25	-0.03	51	118575	卖盘
09:39:27	23.28	0.01	2	4656	中性盘
09:39:15	23.27	--	25	58175	买盘
09:39:03	23.27	--	11	25597	买盘
09:38:45	23.27	0.02	9	20943	买盘
09:38:39	23.25	0.01	4	9300	中性盘
09:38:24	23.24	0.01	1	2324	中性盘
09:38:03	23.23	0.01	1	2323	买盘
09:38:00	23.22	--	2	4644	卖盘
09:37:57	23.22	--	1	2322	中性盘
09:37:48	23.22	--	15	34830	买盘
09:37:45	23.22	--	36	83592	卖盘
09:37:39	23.22	--	10	23220	卖盘
09:37:30	23.22	--	11	25542	卖盘
09:37:27	23.22	--	2	4644	卖盘
09:37:09	23.22	--	2	4644	卖盘
09:37:03	23.22	0.01	5	11610	中性盘
09:36:57	23.21	--	40	92840	卖盘
09:36:54	23.21	-0.04	179	415459	卖盘
09:36:45	23.25	--	1	2325	买盘
09:36:39	23.25	--	1	2325	买盘
09:36:36	23.25	-0.01	19	44175	卖盘
09:36:33	23.26	-0.01	50	116300	中性盘
09:36:12	23.27	-0.03	24	55848	卖盘
09:36:06	23.3	0.03	20	46600	买盘
09:35:54	23.27	-0.03	7	16289	卖盘
09:35:45	23.3	--	1	2330	买盘
09:35:36	23.3	-0.01	29	67570	卖盘
09:35:27	23.31	--	7	16317	买盘
09:35:18	23.31	-0.01	6	13986	卖盘
09:35:09	23.32	--	10	23320	买盘
09:35:03	23.32	--	50	116600	买盘
09:35:00	23.32	--	3	6996	买盘
09:34:51	23.32	--	10	23320	买盘
09:34:45	23.32	-0.01	19	44308	卖盘
09:34:39	23.33	0.01	36	83988	买盘
09:34:27	23.32	0.02	12	27984	买盘
09:34:24	23.3	-0.02	5	11650	卖盘
09:34:09	23.32	--	23	53636	卖盘
09:33:51	23.32	--	37	86284	买盘
09:33:36	23.32	-0.01	32	74624	卖盘
09:33:30	23.33	--	7	16330	卖盘
09:33:27	23.33	-0.01	2	4666	卖盘
09:33:06	23.34	-0.01	1	2334	卖盘
09:32:57	23.35	--	3	7005	买盘
09:32:51	23.35	0.01	74	172790	中性盘
09:32:33	23.34	-0.03	33	77022	卖盘
09:32:30	23.37	0.01	40	93480	买盘
09:32:27	23.36	--	50	116800	卖盘
09:32:24	23.36	--	16	37376	卖盘
09:32:21	23.36	--	74	172864	买盘
09:32:15	23.36	--	173	404128	卖盘
09:32:12	23.36	--	22	51392	卖盘
09:32:06	23.36	--	14	32704	卖盘
09:32:03	23.36	--	27	63072	买盘
09:31:54	23.36	--	2	4672	买盘
09:31:51	23.36	--	7	16352	买盘
09:31:42	23.36	--	8	18688	买盘
09:31:24	23.36	0.03	5	11680	买盘
09:31:15	23.33	0.03	13	30328	买盘
09:31:09	23.3	-0.03	8	18640	卖盘
09:31:06	23.33	0.03	9	20997	买盘
09:30:57	23.3	--	2	4660	卖盘
09:30:51	23.3	-0.02	25	58250	卖盘
09:30:33	23.32	0.02	6	13992	买盘
09:30:30	23.3	--	20	46600	卖盘
09:30:15	23.3	0.03	11	25630	买盘
09:30:06	23.27	0.02	29	67483	卖盘
09:30:03	23.25	-0.05	213	495225	卖盘
09:30:00	23.3	--	0	0	卖盘
09:25:03	23.3	23.3	49	114170	买盘
