成交时间	成交价	价格变动	成交量(手)	成交额(元)	性质
15:00:03	8.12	--	938	761655	卖盘
14:57:00	8.12	--	0	0	卖盘
14:56:57	8.12	--	17	13803	卖盘
14:56:54	8.12	--	39	31667	卖盘
14:56:48	8.12	-0.01	141	114613	卖盘
14:56:42	8.13	0.01	40	32520	买盘
14:56:39	8.12	--	50	40599	卖盘
14:56:36	8.12	--	3	2435	卖盘
14:56:27	8.12	--	54	44148	卖盘
14:56:21	8.12	--	1	811	卖盘
14:56:18	8.12	--	2	1623	卖盘
14:56:15	8.12	0.01	199	161587	买盘
14:56:12	8.11	-0.01	11	8921	卖盘
14:56:09	8.12	--	47	38163	买盘
14:56:06	8.12	--	6	4871	买盘
14:56:00	8.12	--	10	8119	买盘
14:55:57	8.12	--	50	40599	买盘
14:55:51	8.12	--	1	811	买盘
14:55:48	8.12	--	10	8119	买盘
14:55:42	8.12	--	82	66584	买盘
14:55:39	8.12	--	5	4059	买盘
14:55:36	8.12	--	19	15427	买盘
14:55:33	8.12	--	1	811	买盘
14:55:30	8.12	--	15	12179	买盘
14:55:24	8.12	0.01	10	8119	买盘
14:55:21	8.11	--	24	19464	卖盘
14:55:18	8.11	-0.01	10	8109	卖盘
14:55:15	8.12	0.01	3	2435	买盘
14:55:12	8.11	-0.01	5	4054	卖盘
14:55:03	8.12	0.01	1	811	买盘
14:55:00	8.11	--	9	7298	卖盘
14:54:54	8.11	--	12	9732	卖盘
14:54:51	8.11	-0.01	42	34062	卖盘
14:54:48	8.12	--	40	32479	买盘
14:54:45	8.12	--	1	811	买盘
14:54:42	8.12	0.01	104	84447	买盘
14:54:33	8.11	-0.01	20	16219	卖盘
14:54:27	8.12	0.01	1	811	买盘
14:54:24	8.11	-0.01	3	2433	卖盘
14:54:21	8.12	--	250	202999	买盘
14:54:18	8.12	0.01	20	16239	买盘
14:54:15	8.11	--	47	38117	卖盘
14:54:03	8.11	--	3	2433	卖盘
14:54:00	8.11	--	13	10543	卖盘
14:53:57	8.11	-0.01	20	16219	卖盘
14:53:54	8.12	0.01	2	1623	买盘
14:53:51	8.11	-0.01	4	3244	卖盘
14:53:45	8.12	--	43	34916	买盘
14:53:42	8.12	0.01	7	5683	买盘
14:53:30	8.11	--	2	1622	卖盘
14:53:27	8.11	--	4	3244	卖盘
14:53:24	8.11	--	18	15003	卖盘
14:53:21	8.11	-0.01	1	811	卖盘
14:53:18	8.12	0.01	49	39787	买盘
14:53:15	8.11	-0.01	8	6488	卖盘
14:53:12	8.12	0.01	174	141288	买盘
14:53:09	8.11	-0.01	34	27573	卖盘
14:53:06	8.12	--	2	1623	买盘
14:53:03	8.12	0.01	9	7307	买盘
14:53:00	8.11	-0.01	4	3244	卖盘
14:52:57	8.12	0.01	26	21111	买盘
14:52:54	8.11	--	23	18653	卖盘
14:52:51	8.11	--	14	11354	卖盘
14:52:48	8.11	--	2	1622	卖盘
14:52:39	8.11	--	2	1622	卖盘
14:52:36	8.11	--	16	12976	卖盘
14:52:33	8.11	--	7	5677	卖盘
14:52:30	8.11	-0.01	25	20275	卖盘
14:52:27	8.12	--	2	1623	买盘
14:52:24	8.12	0.01	2	1623	买盘
14:52:21	8.11	--	11	8921	卖盘
14:52:15	8.11	-0.01	521	422530	卖盘
14:52:09	8.12	--	1	811	买盘
14:52:06	8.12	--	840	682632	买盘
14:51:57	8.12	0.01	4	3247	买盘
14:51:51	8.11	--	108	87588	卖盘
14:51:48	8.11	--	1	811	卖盘
14:51:45	8.11	--	15	12165	卖盘
14:51:42	8.11	--	2	1622	卖盘
14:51:36	8.11	--	72	58391	卖盘
14:51:33	8.11	--	167	135437	卖盘
14:51:27	8.11	--	154	125364	卖盘
14:51:24	8.11	--	15	12165	卖盘
14:51:21	8.11	-0.01	36	29195	卖盘
14:51:03	8.12	--	13	10555	买盘
14:51:00	8.12	--	2	1623	买盘
14:50:54	8.12	0.01	7	5683	买盘
14:50:51	8.11	-0.01	9	7298	卖盘
14:50:48	8.12	--	27	21923	买盘
14:50:45	8.12	--	10	8119	买盘
14:50:42	8.12	0.01	6	4871	买盘
14:50:39	8.11	-0.01	1	811	卖盘
14:50:36	8.12	--	48	38975	买盘
14:50:33	8.12	0.01	2	1623	买盘
14:50:30	8.11	-0.01	39	31628	卖盘
14:50:27	8.12	--	202	164494	买盘
14:50:24	8.12	--	55	44659	买盘
14:50:21	8.12	--	40	32479	买盘
14:50:18	8.12	-0.01	129	105097	卖盘
14:50:15	8.13	0.01	77	62601	买盘
14:50:09	8.12	--	1	811	卖盘
14:50:06	8.12	-0.01	100	81199	卖盘
14:50:03	8.13	0.01	3	2439	买盘
14:50:00	8.12	-0.01	4	3247	卖盘
14:49:48	8.13	--	21	17073	买盘
14:49:45	8.13	0.01	8	6504	买盘
14:49:39	8.12	--	181	146972	卖盘
14:49:36	8.12	-0.01	3	2435	卖盘
14:49:33	8.13	0.01	50	40650	买盘
14:49:30	8.12	-0.01	154	125510	卖盘
14:49:21	8.13	--	6	4878	买盘
14:49:18	8.13	0.01	2	1626	买盘
14:49:15	8.12	--	121	98251	卖盘
14:49:12	8.12	--	2	1623	卖盘
14:49:09	8.12	--	12	9743	卖盘
14:49:06	8.12	--	17	13803	卖盘
14:49:03	8.12	-0.01	2	1623	卖盘
14:49:00	8.13	0.01	3	2439	买盘
14:48:57	8.12	-0.01	3	2435	卖盘
14:48:54	8.13	0.01	20	16260	买盘
14:48:51	8.12	--	9	7307	卖盘
14:48:45	8.12	--	3	2435	卖盘
14:48:39	8.12	--	37	30043	卖盘
14:48:36	8.12	0.01	42	34104	卖盘
14:48:30	8.11	-0.02	156	126986	卖盘
14:48:27	8.13	--	300	243900	买盘
14:48:24	8.13	0.01	8	6504	买盘
14:48:21	8.12	-0.01	3	2435	卖盘
14:48:12	8.13	0.01	58	47154	买盘
14:48:06	8.12	-0.01	2	1623	卖盘
14:48:03	8.13	--	332	269916	买盘
14:48:00	8.13	0.01	4	3252	买盘
14:47:57	8.12	--	351	285418	买盘
14:47:51	8.12	--	40	32479	买盘
14:47:45	8.12	0.01	5	4059	买盘
14:47:36	8.11	--	20	16219	卖盘
14:47:33	8.11	--	166	135096	卖盘
14:47:30	8.11	-0.01	7	5677	卖盘
14:47:27	8.12	--	1	811	买盘
14:47:24	8.12	-0.01	58	47095	卖盘
14:47:21	8.13	--	12	9756	买盘
14:47:18	8.13	0.02	2	1626	买盘
14:47:15	8.11	-0.01	500	405500	卖盘
14:47:12	8.12	--	100	81199	卖盘
14:47:09	8.12	--	10	8119	卖盘
14:47:06	8.12	--	37	30449	卖盘
14:47:00	8.12	-0.01	10	8119	卖盘
14:46:57	8.13	--	13	10569	买盘
14:46:54	8.13	0.01	16	13008	买盘
14:46:51	8.12	--	3	2435	卖盘
14:46:42	8.12	--	166	134792	卖盘
14:46:39	8.12	--	2	1623	卖盘
14:46:36	8.12	-0.01	164	133638	卖盘
14:46:33	8.13	0.01	1	813	买盘
14:46:30	8.12	--	1	811	卖盘
14:46:27	8.12	-0.01	4	3247	卖盘
14:46:24	8.13	0.01	3	2439	买盘
14:46:21	8.12	--	88	71456	卖盘
14:46:06	8.12	-0.01	3	2435	卖盘
14:46:03	8.13	--	26	21138	买盘
14:46:00	8.13	0.01	2	1626	买盘
14:45:57	8.12	--	1	811	卖盘
14:45:51	8.12	--	113	91755	卖盘
14:45:45	8.12	--	2	1623	卖盘
14:45:36	8.12	--	165	134442	卖盘
14:45:33	8.12	--	280	227359	卖盘
14:45:27	8.12	--	22	17864	卖盘
14:45:24	8.12	-0.01	1	811	卖盘
14:45:21	8.13	0.01	445	361785	买盘
14:45:15	8.12	--	8	6495	卖盘
14:45:12	8.12	--	8	6495	卖盘
14:45:00	8.12	--	120	97439	卖盘
14:44:57	8.12	--	1	811	卖盘
14:44:51	8.12	--	1	811	卖盘
14:44:45	8.12	--	73	59275	卖盘
14:44:42	8.12	--	58	47501	卖盘
14:44:39	8.12	--	154	125518	卖盘
14:44:24	8.12	-0.01	200	162399	卖盘
14:44:21	8.13	0.01	10	8130	买盘
14:44:18	8.12	-0.01	500	405999	卖盘
14:44:15	8.13	0.01	4	3252	买盘
14:44:12	8.12	-0.01	12	9743	卖盘
14:43:57	8.13	0.01	73	59349	买盘
14:43:51	8.12	-0.01	5	4059	卖盘
14:43:48	8.13	--	77	62601	买盘
14:43:45	8.13	0.01	202	164226	买盘
14:43:42	8.12	-0.01	154	125518	卖盘
14:43:39	8.13	0.01	60	48780	买盘
14:43:27	8.12	--	4	3247	卖盘
14:43:24	8.12	--	500	405999	卖盘
14:43:21	8.12	--	23	18676	卖盘
14:43:15	8.12	-0.01	31	25577	卖盘
14:43:12	8.13	0.01	33	26829	买盘
14:43:09	8.12	-0.01	10	8119	卖盘
14:43:03	8.13	0.01	4	3252	买盘
14:42:57	8.12	-0.01	12	9743	卖盘
14:42:51	8.13	--	3	2439	买盘
14:42:48	8.13	0.01	3	2439	买盘
14:42:45	8.12	--	5	4059	卖盘
14:42:42	8.12	--	164	133638	卖盘
14:42:39	8.12	--	54	43847	卖盘
14:42:33	8.12	--	8	6495	卖盘
14:42:30	8.12	-0.01	6	4871	卖盘
14:42:27	8.13	0.01	1	813	买盘
14:42:24	8.12	--	186	151032	卖盘
14:42:15	8.12	-0.01	3	3093	卖盘
14:42:12	8.13	0.01	17	13821	买盘
14:42:00	8.12	--	31	25171	卖盘
14:41:57	8.12	--	24	19487	卖盘
14:41:48	8.12	--	10	8119	卖盘
14:41:45	8.12	--	154	125510	卖盘
14:41:39	8.12	--	20	16239	卖盘
14:41:30	8.12	-0.01	4	3247	卖盘
14:41:27	8.13	0.01	21	17073	买盘
14:41:24	8.12	--	50	40599	卖盘
14:41:15	8.12	-0.01	1	811	卖盘
14:41:12	8.13	0.01	3	2439	买盘
14:41:09	8.12	-0.01	2	1623	卖盘
14:41:03	8.13	--	1	813	买盘
14:40:57	8.13	--	51	41463	买盘
14:40:54	8.13	0.01	67	54471	买盘
14:40:48	8.12	--	9	7307	卖盘
14:40:45	8.12	-0.01	939	762938	卖盘
14:40:39	8.13	0.01	98	79674	买盘
14:40:36	8.12	--	12	9743	卖盘
14:40:33	8.12	-0.01	51	41411	卖盘
14:40:30	8.13	--	95	77235	买盘
14:40:21	8.13	0.01	43	34959	买盘
14:40:09	8.12	-0.01	18	14640	卖盘
14:40:06	8.13	--	1	813	买盘
14:40:03	8.13	0.01	156	126828	买盘
14:39:54	8.12	--	52	42223	卖盘
14:39:48	8.12	-0.01	154	125518	卖盘
14:39:45	8.13	--	2	1626	买盘
14:39:42	8.13	--	88	71544	买盘
14:39:39	8.13	--	2	1626	买盘
14:39:36	8.13	0.01	4	3252	买盘
14:39:33	8.12	-0.01	12	9743	卖盘
14:39:27	8.13	0.01	50	40650	买盘
14:39:21	8.12	-0.01	17	13803	卖盘
14:39:18	8.13	--	30	24390	买盘
14:39:15	8.13	0.01	7	5691	买盘
14:39:12	8.12	-0.01	19	15427	卖盘
14:39:09	8.13	--	3	2439	买盘
14:39:06	8.13	0.01	1	813	买盘
14:39:03	8.12	--	39	31667	卖盘
14:38:57	8.12	--	10	8119	卖盘
14:38:51	8.12	--	50	40599	卖盘
14:38:48	8.12	--	155	126322	卖盘
14:38:39	8.12	--	6	4871	卖盘
14:38:36	8.12	--	6	4871	卖盘
14:38:33	8.12	--	10	8119	卖盘
14:38:27	8.12	--	10	8119	卖盘
14:38:24	8.12	-0.01	1	811	卖盘
14:38:15	8.13	0.01	7	5691	买盘
14:38:12	8.12	-0.01	45	36540	卖盘
14:38:09	8.13	--	4	3252	买盘
14:38:06	8.13	0.01	16	13008	买盘
14:38:00	8.12	-0.01	6	4871	卖盘
14:37:54	8.13	--	17	13821	买盘
14:37:51	8.13	--	164	133803	买盘
14:37:45	8.13	-0.01	1	813	买盘
14:37:42	8.14	--	30	24420	买盘
14:37:33	8.14	--	1549	1260886	买盘
14:37:30	8.14	--	48	39479	买盘
14:37:24	8.14	--	2	1628	买盘
14:37:21	8.14	--	7	5698	买盘
14:37:18	8.14	0.01	6	4884	买盘
14:37:15	8.13	--	49	39837	卖盘
14:37:03	8.13	--	33	26829	卖盘
14:37:00	8.13	--	18	14634	卖盘
14:36:54	8.13	-0.01	155	126486	卖盘
14:36:51	8.14	--	53	43142	买盘
14:36:48	8.14	0.01	1	814	买盘
14:36:45	8.13	-0.01	3	2439	卖盘
14:36:36	8.14	0.01	53	43142	买盘
14:36:33	8.13	--	37	30081	卖盘
14:36:27	8.13	--	4	3252	卖盘
14:36:24	8.13	-0.01	5	4065	卖盘
14:36:18	8.14	--	2	1628	买盘
14:36:15	8.14	0.01	15	12210	买盘
14:36:06	8.13	--	2	1626	卖盘
14:36:03	8.13	--	28	22764	卖盘
14:35:54	8.13	-0.01	154	125673	卖盘
14:35:51	8.14	--	23	18722	买盘
14:35:48	8.14	0.01	50	40700	买盘
14:35:45	8.13	--	6	4878	卖盘
14:35:42	8.13	--	13	10569	卖盘
14:35:33	8.13	--	27	21951	卖盘
14:35:30	8.13	-0.01	2	1626	卖盘
14:35:24	8.14	--	6	4884	买盘
14:35:21	8.14	0.01	30	24420	买盘
14:35:18	8.13	--	1	813	卖盘
14:35:15	8.13	--	8	6504	卖盘
14:35:03	8.13	-0.01	27	21951	卖盘
14:35:00	8.14	0.01	30	24420	买盘
14:34:57	8.13	-0.01	154	125665	卖盘
14:34:54	8.14	0.01	1	814	买盘
14:34:51	8.13	-0.01	4	3252	卖盘
14:34:42	8.14	0.01	5	4070	买盘
14:34:33	8.13	--	33	26829	卖盘
14:34:30	8.13	--	1073	872349	卖盘
14:34:12	8.13	--	2	1626	卖盘
14:34:03	8.13	--	28	22764	卖盘
14:34:00	8.13	-0.01	154	125673	卖盘
14:33:57	8.14	--	1	814	买盘
14:33:54	8.14	--	2	1628	买盘
14:33:45	8.14	0.01	2	1628	中性盘
14:33:39	8.13	--	9	7317	卖盘
14:33:36	8.13	--	32	26016	卖盘
14:33:33	8.13	--	27	21951	卖盘
14:33:21	8.13	-0.02	1	813	卖盘
14:33:18	8.15	0.02	1	815	买盘
14:33:15	8.13	--	2	1626	卖盘
14:33:03	8.13	-0.01	28	22764	卖盘
14:33:00	8.14	--	159	129898	卖盘
14:32:54	8.14	--	5	4070	卖盘
14:32:48	8.14	--	828	673992	买盘
14:32:45	8.14	0.01	8	6919	买盘
14:32:42	8.13	-0.01	53	43089	卖盘
14:32:36	8.14	0.01	49	39886	买盘
14:32:33	8.13	--	27	21951	卖盘
14:32:30	8.13	-0.01	2	1626	卖盘
14:32:27	8.14	0.01	10	8140	买盘
14:32:24	8.13	--	27	21951	卖盘
14:32:18	8.13	--	1	1219	卖盘
14:32:15	8.13	-0.01	2	1626	卖盘
14:32:06	8.14	0.01	1	814	买盘
14:32:03	8.13	--	197	160632	卖盘
14:32:00	8.13	-0.01	8	6504	卖盘
14:31:39	8.14	--	4	3256	买盘
14:31:36	8.14	0.01	33	26862	买盘
14:31:33	8.13	--	53	43089	卖盘
14:31:30	8.13	--	10	8130	卖盘
14:31:27	8.13	--	2	1626	卖盘
14:31:21	8.13	-0.01	33	26829	卖盘
14:31:18	8.14	--	10	8140	买盘
14:31:15	8.14	0.01	1	814	买盘
14:31:12	8.13	--	15	12195	卖盘
14:31:06	8.13	--	2	1626	卖盘
14:31:03	8.13	-0.01	181	147616	卖盘
14:30:51	8.14	--	42	34188	卖盘
14:30:48	8.14	-0.01	157	127798	卖盘
14:30:42	8.15	--	1	815	买盘
14:30:39	8.15	--	3	2445	买盘
14:30:36	8.15	0.01	5	4075	买盘
14:30:33	8.14	--	27	21978	卖盘
14:30:27	8.14	--	3	2442	卖盘
14:30:24	8.14	0.01	24	19536	买盘
14:30:18	8.13	--	7	5691	卖盘
14:30:06	8.13	--	156	127299	卖盘
14:30:03	8.13	--	28	22764	卖盘
14:29:54	8.13	-0.01	10	8130	卖盘
14:29:48	8.14	-0.01	130	105820	卖盘
14:29:42	8.15	0.01	7	5705	买盘
14:29:39	8.14	--	3	2442	卖盘
14:29:36	8.14	--	71	57794	卖盘
14:29:33	8.14	--	44	35816	卖盘
14:29:30	8.14	--	5	4070	卖盘
14:29:27	8.14	--	28	22792	卖盘
14:29:18	8.14	0.01	28	22792	买盘
14:29:12	8.13	--	6	4878	卖盘
14:29:09	8.13	--	5	4065	卖盘
14:29:03	8.13	--	72	58536	卖盘
14:28:51	8.13	-0.01	2	1626	卖盘
14:28:48	8.14	--	20	16280	买盘
14:28:42	8.14	0.01	21	17094	买盘
14:28:33	8.13	--	27	21951	卖盘
14:28:30	8.13	--	7	5691	卖盘
14:28:27	8.13	-0.01	2	1626	卖盘
14:28:18	8.14	0.01	10	8140	买盘
14:28:15	8.13	-0.01	4	3252	卖盘
14:28:09	8.14	--	7	5698	卖盘
14:28:06	8.14	--	102	83028	卖盘
14:28:03	8.14	--	35	28490	卖盘
14:28:00	8.14	--	10	8140	卖盘
14:27:57	8.14	0.01	30	24420	中性盘
14:27:39	8.13	--	14	11382	卖盘
14:27:33	8.13	-0.01	27	21951	卖盘
14:27:30	8.14	--	45	36630	卖盘
14:27:24	8.14	--	34	27676	买盘
14:27:21	8.14	--	115	93610	买盘
14:27:15	8.14	0.01	7	5698	买盘
14:27:12	8.13	-0.01	19	15447	卖盘
14:27:09	8.14	--	4	3256	买盘
14:27:03	8.14	--	45	36630	买盘
14:26:54	8.14	0.01	30	24420	买盘
14:26:51	8.13	--	1	813	卖盘
14:26:33	8.13	--	37	30081	卖盘
14:26:30	8.13	--	52	42276	卖盘
14:26:24	8.13	-0.01	13	10569	卖盘
14:26:15	8.14	--	51	41514	买盘
14:26:12	8.14	0.01	6	4884	买盘
14:26:06	8.13	--	80	65040	卖盘
14:26:03	8.13	--	86	69918	卖盘
14:25:51	8.13	--	1	813	卖盘
14:25:45	8.13	--	6	4878	卖盘
14:25:42	8.13	-0.01	2	1626	卖盘
14:25:39	8.14	--	21	17094	买盘
14:25:36	8.14	0.01	10	8140	买盘
14:25:33	8.13	-0.01	27	21951	卖盘
14:25:30	8.14	--	5	4070	买盘
14:25:27	8.14	0.01	63	51282	买盘
14:25:24	8.13	--	7	5691	卖盘
14:25:21	8.13	-0.01	10	8130	卖盘
14:25:15	8.14	0.01	11	8954	买盘
14:25:03	8.13	--	50	40650	卖盘
14:25:00	8.13	--	2	1626	卖盘
14:24:51	8.13	--	47	38211	卖盘
14:24:45	8.13	--	107	86991	卖盘
14:24:33	8.13	--	27	21951	卖盘
14:24:30	8.13	--	1	813	卖盘
14:24:24	8.13	--	6	4878	卖盘
14:24:12	8.13	-0.01	27	21951	卖盘
14:24:06	8.14	0.01	105	85470	买盘
14:24:00	8.13	-0.01	15	12195	卖盘
14:23:57	8.14	--	172	140008	卖盘
14:23:54	8.14	--	2	1628	卖盘
14:23:51	8.14	--	56	45584	卖盘
14:23:48	8.14	-0.01	11	8954	卖盘
14:23:45	8.15	0.01	86	70090	买盘
14:23:39	8.14	--	4	3256	卖盘
14:23:30	8.14	--	1	814	卖盘
14:23:27	8.14	--	2	1628	卖盘
14:23:24	8.14	-0.01	7	5698	卖盘
14:23:21	8.15	0.01	11	8965	买盘
14:23:18	8.14	-0.01	2	1628	卖盘
14:23:12	8.15	--	111	90465	买盘
14:23:09	8.15	--	6	4890	买盘
14:23:06	8.15	0.01	15	12225	买盘
14:23:03	8.14	--	6	4884	卖盘
14:23:00	8.14	-0.01	1	814	卖盘
14:22:57	8.15	0.01	42	34230	买盘
14:22:48	8.14	--	1	814	卖盘
14:22:45	8.14	--	7	5698	卖盘
14:22:42	8.14	-0.01	29	23606	卖盘
14:22:39	8.15	0.01	456	371640	买盘
14:22:36	8.14	--	58	47212	卖盘
14:22:33	8.14	--	2	1628	卖盘
14:22:30	8.14	--	1	814	卖盘
14:22:24	8.14	--	6	4884	卖盘
14:22:18	8.14	--	2	1628	卖盘
14:22:09	8.14	--	2	1628	卖盘
14:22:06	8.14	--	7	5698	卖盘
14:22:03	8.14	--	792	644688	买盘
14:21:57	8.14	0.01	29	23606	买盘
14:21:51	8.13	--	3	2439	卖盘
14:21:48	8.13	--	6	4878	卖盘
14:21:45	8.13	-0.01	8	6504	卖盘
14:21:30	8.14	--	45	36630	买盘
14:21:27	8.14	0.01	11	8954	买盘
14:21:24	8.13	-0.01	7	5691	卖盘
14:21:21	8.14	0.01	52	42328	买盘
14:21:18	8.13	-0.01	3	2439	卖盘
14:21:15	8.14	--	6	4884	买盘
14:21:12	8.14	--	100	81400	买盘
14:21:09	8.14	--	139	113146	买盘
14:21:06	8.14	0.01	1	814	买盘
14:21:03	8.13	-0.01	7	5691	卖盘
14:20:57	8.14	--	40	32560	买盘
14:20:54	8.14	0.01	10	8140	买盘
14:20:45	8.13	--	7	5691	卖盘
14:20:42	8.13	-0.01	10	8130	卖盘
14:20:39	8.14	--	63	51282	买盘
14:20:36	8.14	--	102	83028	买盘
14:20:33	8.14	0.01	5	4070	买盘
14:20:24	8.13	-0.01	12	9756	卖盘
14:20:18	8.14	0.01	7	5698	买盘
14:20:15	8.13	-0.01	3	2439	卖盘
14:20:09	8.14	0.01	37	30118	买盘
14:20:06	8.13	--	12	9756	卖盘
14:19:57	8.13	-0.01	1	813	卖盘
14:19:51	8.14	0.01	1	814	买盘
14:19:45	8.13	-0.01	6	4878	卖盘
14:19:42	8.14	--	2	1628	买盘
14:19:39	8.14	0.01	1	814	买盘
14:19:33	8.13	-0.01	1	813	卖盘
14:19:30	8.14	--	70	56980	买盘
14:19:27	8.14	0.01	20	16280	买盘
14:19:24	8.13	--	7	5691	卖盘
14:19:21	8.13	-0.01	81	65853	卖盘
14:19:18	8.14	0.01	9	7326	买盘
14:19:12	8.13	-0.01	1	813	卖盘
14:19:06	8.14	0.01	11	8954	买盘
14:19:03	8.13	--	6	4878	卖盘
14:18:48	8.13	--	1	813	卖盘
14:18:45	8.13	-0.01	7	5691	卖盘
14:18:39	8.14	--	203	165242	买盘
14:18:36	8.14	0.01	10	8140	买盘
14:18:33	8.13	--	19	15447	卖盘
14:18:24	8.13	--	70	56910	卖盘
14:18:18	8.13	--	43	34959	卖盘
14:18:03	8.13	-0.01	11	8943	卖盘
14:18:00	8.14	0.01	1	814	买盘
14:17:57	8.13	-0.01	1	813	卖盘
14:17:54	8.14	0.01	1	814	买盘
14:17:51	8.13	-0.01	6	4878	卖盘
14:17:48	8.14	0.01	2	1628	买盘
14:17:45	8.13	-0.01	6	4878	卖盘
14:17:42	8.14	0.01	2	1628	买盘
14:17:39	8.13	-0.01	8	6504	卖盘
14:17:33	8.14	--	10	8140	买盘
14:17:30	8.14	0.01	5	4070	买盘
14:17:27	8.13	--	1	813	卖盘
14:17:24	8.13	-0.01	7	5691	卖盘
14:17:18	8.14	--	5	4070	买盘
14:17:09	8.14	0.01	1	814	买盘
14:17:03	8.13	--	7	5691	卖盘
14:16:45	8.13	--	7	5691	卖盘
14:16:42	8.13	--	28	22764	卖盘
14:16:36	8.13	-0.01	1	813	卖盘
14:16:30	8.14	0.01	5	4070	买盘
14:16:24	8.13	--	7	5691	卖盘
14:16:12	8.13	--	28	22764	卖盘
14:16:09	8.13	--	1	813	卖盘
14:16:06	8.13	--	7	5691	卖盘
14:16:00	8.13	--	7	5691	卖盘
14:15:54	8.13	-0.01	4	3252	卖盘
14:15:48	8.14	0.01	11	8954	买盘
14:15:45	8.13	--	7	5691	卖盘
14:15:42	8.13	--	27	21951	卖盘
14:15:39	8.13	--	532	432516	卖盘
14:15:24	8.13	--	9	7317	卖盘
14:15:12	8.13	--	28	22764	卖盘
14:15:03	8.13	--	7	5691	卖盘
14:14:57	8.13	--	1	813	卖盘
14:14:51	8.13	--	6	4878	卖盘
14:14:48	8.13	--	9	7317	卖盘
14:14:45	8.13	--	7	5691	卖盘
14:14:42	8.13	--	27	21951	卖盘
14:14:39	8.13	--	6	4878	卖盘
14:14:33	8.13	--	32	26016	卖盘
14:14:24	8.13	--	7	5691	卖盘
14:14:18	8.13	--	1	813	卖盘
14:14:12	8.13	--	28	22764	卖盘
14:14:03	8.13	--	14	11382	卖盘
14:13:48	8.13	--	1	813	卖盘
14:13:45	8.13	--	7	5691	卖盘
14:13:42	8.13	--	27	21951	卖盘
14:13:24	8.13	--	9	7317	卖盘
14:13:21	8.13	--	7	5691	卖盘
14:13:12	8.13	--	29	23577	卖盘
14:13:06	8.13	--	6	4878	卖盘
14:13:00	8.13	-0.01	6	4878	卖盘
14:12:51	8.14	0.01	5	4070	买盘
14:12:45	8.13	--	7	5691	卖盘
14:12:42	8.13	--	27	21951	卖盘
14:12:33	8.13	--	1	813	卖盘
14:12:30	8.13	--	1	813	卖盘
14:12:24	8.13	0.01	6	4878	中性盘
14:12:12	8.12	-0.01	27	21923	卖盘
14:12:09	8.13	0.01	7	5691	买盘
14:12:06	8.12	-0.01	7	5683	卖盘
14:12:03	8.13	--	1	813	买盘
14:11:54	8.13	--	13	10569	买盘
14:11:48	8.13	0.01	6	4878	买盘
14:11:45	8.12	--	6	4871	卖盘
14:11:42	8.12	--	28	22735	卖盘
14:11:36	8.12	-0.01	1	1217	卖盘
14:11:33	8.13	--	1	813	买盘
14:11:24	8.13	--	40	32520	卖盘
14:11:21	8.13	--	29	23577	卖盘
14:11:12	8.13	--	31	25203	卖盘
14:11:09	8.13	--	1	813	卖盘
14:11:03	8.13	--	26	21138	卖盘
14:10:57	8.13	--	6	4878	卖盘
14:10:54	8.13	0.01	33	26829	中性盘
14:10:42	8.12	-0.01	44	35728	卖盘
14:10:39	8.13	--	11	8943	买盘
14:10:33	8.13	--	10	8130	买盘
14:10:30	8.13	--	50	40650	买盘
14:10:27	8.13	0.01	15	12195	买盘
14:10:24	8.12	-0.01	6	4871	卖盘
14:10:12	8.13	--	34	27642	买盘
14:10:09	8.13	--	2	1626	买盘
14:10:06	8.13	0.01	2	1626	买盘
14:10:03	8.12	-0.01	7	5683	卖盘
14:09:48	8.13	0.01	2	1626	买盘
14:09:45	8.12	-0.01	6	4871	卖盘
14:09:42	8.13	--	297	241461	买盘
14:09:30	8.13	0.01	38	30894	买盘
14:09:24	8.12	-0.01	7	5683	卖盘
14:09:21	8.13	0.01	14	11382	买盘
14:09:18	8.12	-0.01	50	40599	卖盘
14:09:12	8.13	0.01	60	48780	买盘
14:09:03	8.12	-0.01	6	4871	卖盘
14:08:48	8.13	--	1	813	买盘
14:08:45	8.13	0.01	11	8943	买盘
14:08:42	8.12	-0.01	27	21923	卖盘
14:08:30	8.13	0.01	20	16260	买盘
14:08:24	8.12	-0.01	6	4871	卖盘
14:08:18	8.13	--	50	40650	买盘
14:08:15	8.13	0.01	9	7317	买盘
14:08:12	8.12	--	27	21923	卖盘
14:08:06	8.12	-0.01	7	5683	卖盘
14:08:03	8.13	--	1	813	买盘
14:07:48	8.13	0.01	5	4065	买盘
14:07:45	8.12	--	6	4871	卖盘
14:07:42	8.12	-0.01	27	21923	卖盘
14:07:39	8.13	0.01	7	5691	买盘
14:07:30	8.12	-0.01	52	42223	卖盘
14:07:27	8.13	0.01	6	4878	买盘
14:07:24	8.12	-0.01	7	5683	卖盘
14:07:18	8.13	--	1	813	买盘
14:07:15	8.13	0.01	59	47967	买盘
14:07:12	8.12	--	28	22735	卖盘
14:07:09	8.12	--	2	1623	卖盘
14:07:03	8.12	--	6	4871	卖盘
14:07:00	8.12	--	2	1623	卖盘
14:06:51	8.12	--	9	7307	卖盘
14:06:45	8.12	--	7	5683	卖盘
14:06:42	8.12	-0.01	29	23547	卖盘
14:06:39	8.13	--	1	813	买盘
14:06:36	8.13	--	20	16260	买盘
14:06:33	8.13	0.01	13	10569	买盘
14:06:24	8.12	--	6	4871	卖盘
14:06:21	8.12	--	6	4871	卖盘
14:06:12	8.12	--	27	21923	卖盘
14:06:06	8.12	-0.01	7	5683	卖盘
14:06:00	8.13	0.01	1	813	买盘
14:05:54	8.12	--	48	38975	卖盘
14:05:51	8.12	--	13	10555	卖盘
14:05:48	8.12	--	6	4871	卖盘
14:05:45	8.12	--	6	4871	卖盘
14:05:42	8.12	--	27	21923	卖盘
14:05:33	8.12	-0.01	30	24359	卖盘
14:05:30	8.13	0.01	14	11382	买盘
14:05:27	8.12	--	1	811	卖盘
14:05:24	8.12	-0.01	7	5683	卖盘
14:05:21	8.13	--	2	1626	买盘
14:05:15	8.13	0.01	1	813	买盘
14:05:12	8.12	--	28	22735	卖盘
14:05:03	8.12	-0.01	45	36540	卖盘
14:04:57	8.13	0.01	10	8130	买盘
14:04:45	8.12	--	67	54403	卖盘
14:04:42	8.12	-0.01	27	21923	卖盘
14:04:39	8.13	0.01	64	52032	买盘
14:04:36	8.12	-0.01	1	811	卖盘
14:04:33	8.13	--	11	8943	买盘
14:04:27	8.13	--	3	2439	买盘
14:04:24	8.13	0.01	16	13008	买盘
14:04:12	8.12	--	28	22735	卖盘
14:04:03	8.12	--	7	5683	卖盘
14:03:51	8.12	--	2	1623	卖盘
14:03:48	8.12	--	2	1623	卖盘
14:03:45	8.12	--	6	4871	卖盘
14:03:42	8.12	--	27	21923	卖盘
14:03:27	8.12	--	2	1623	卖盘
14:03:24	8.12	--	107	86883	卖盘
14:03:12	8.12	--	28	22735	卖盘
14:03:06	8.12	--	33	26795	卖盘
14:03:03	8.12	--	6	4871	卖盘
14:03:00	8.12	--	2	1623	卖盘
14:02:57	8.12	--	1	811	卖盘
14:02:54	8.12	--	26	21111	卖盘
14:02:45	8.12	--	8	6495	卖盘
14:02:42	8.12	-0.01	27	21923	卖盘
14:02:39	8.13	--	340	276420	卖盘
14:02:36	8.13	--	26	21138	卖盘
14:02:33	8.13	--	39	31707	卖盘
14:02:30	8.13	--	26	21138	卖盘
14:02:24	8.13	--	51	41463	卖盘
14:02:21	8.13	--	26	21138	卖盘
14:02:12	8.13	--	35	28455	卖盘
14:02:09	8.13	--	7	5691	卖盘
14:02:06	8.13	--	52	42276	卖盘
14:02:03	8.13	--	18	14634	卖盘
14:02:00	8.13	--	26	21138	卖盘
14:01:54	8.13	--	1	813	卖盘
14:01:51	8.13	--	26	21138	卖盘
14:01:45	8.13	--	6	4878	卖盘
14:01:42	8.13	--	27	21951	卖盘
14:01:30	8.13	--	2	1626	卖盘
14:01:24	8.13	--	7	5691	卖盘
14:01:12	8.13	-0.01	28	22764	卖盘
14:01:06	8.14	0.01	10	8140	买盘
14:00:54	8.13	-0.01	1	1219	卖盘
14:00:51	8.14	0.01	2	1628	买盘
14:00:45	8.13	--	7	5691	卖盘
14:00:42	8.13	--	28	22764	卖盘
14:00:24	8.13	--	42	34146	卖盘
14:00:18	8.13	--	16	13008	卖盘
14:00:12	8.13	--	37	30081	卖盘
14:00:06	8.13	--	7	5691	卖盘
13:59:54	8.13	--	3	2439	卖盘
13:59:45	8.13	--	6	4878	卖盘
13:59:42	8.13	--	27	21951	卖盘
13:59:30	8.13	--	1	813	卖盘
13:59:24	8.13	--	10	8130	卖盘
13:59:18	8.13	--	7	6097	卖盘
13:59:12	8.13	--	28	22764	卖盘
13:59:06	8.13	--	1	813	卖盘
13:59:03	8.13	--	6	4878	卖盘
13:58:45	8.13	--	33	26829	卖盘
13:58:42	8.13	--	28	22764	卖盘
13:58:33	8.13	--	1	813	卖盘
13:58:24	8.13	--	6	4878	卖盘
13:58:21	8.13	--	9	7317	卖盘
13:58:12	8.13	--	27	21951	卖盘
13:58:06	8.13	--	2	1626	卖盘
13:58:03	8.13	--	7	5691	卖盘
13:57:48	8.13	0.01	6	4878	中性盘
13:57:42	8.12	--	28	22735	卖盘
13:57:39	8.12	-0.01	32	25983	卖盘
13:57:30	8.13	0.01	1	813	买盘
13:57:24	8.12	-0.01	7	5683	卖盘
13:57:21	8.13	0.01	15	12195	买盘
13:57:18	8.12	--	1	811	卖盘
13:57:12	8.12	--	28	22735	卖盘
13:57:03	8.12	--	6	4871	卖盘
13:56:57	8.12	--	1	811	卖盘
13:56:54	8.12	--	68	55215	卖盘
13:56:48	8.12	--	30	24359	卖盘
13:56:42	8.12	-0.01	183	148596	卖盘
13:56:39	8.13	--	9	7723	卖盘
13:56:30	8.13	--	1	813	卖盘
13:56:24	8.13	--	16	13008	卖盘
13:56:18	8.13	--	3	2439	买盘
13:56:12	8.13	--	45	36585	卖盘
13:56:06	8.13	-0.01	8	6504	卖盘
13:55:57	8.14	0.01	30	24420	买盘
13:55:51	8.13	0.01	6	4878	买盘
13:55:45	8.12	--	1	811	卖盘
13:55:42	8.12	-0.01	27	21923	卖盘
13:55:39	8.13	0.01	9	7317	中性盘
13:55:21	8.12	-0.02	2	1623	卖盘
13:55:18	8.14	0.02	113	91982	买盘
13:55:12	8.12	-0.01	28	22735	卖盘
13:55:03	8.13	--	6	4878	卖盘
13:54:57	8.13	--	1	813	卖盘
13:54:48	8.13	0.01	2	1626	买盘
13:54:45	8.12	--	7	5683	卖盘
13:54:42	8.12	-0.01	27	21923	卖盘
13:54:30	8.13	--	1	813	卖盘
13:54:27	8.13	0.01	19	15447	买盘
13:54:24	8.12	--	6	4871	卖盘
13:54:12	8.12	--	27	21923	卖盘
13:54:09	8.12	--	1	811	卖盘
13:54:03	8.12	-0.01	7	5683	卖盘
13:54:00	8.13	0.01	17	13821	买盘
13:53:45	8.12	--	7	5683	卖盘
13:53:42	8.12	--	28	22735	卖盘
13:53:27	8.12	--	15	12179	卖盘
13:53:24	8.12	--	7	5683	卖盘
13:53:18	8.12	--	1	811	卖盘
13:53:15	8.12	--	1	811	卖盘
13:53:12	8.12	-0.02	28	22735	卖盘
13:53:09	8.14	0.01	10	8140	买盘
13:53:03	8.13	-0.01	6	4878	卖盘
13:52:51	8.14	--	9	7326	买盘
13:52:48	8.14	0.01	5	4070	买盘
13:52:45	8.13	--	7	5691	卖盘
13:52:42	8.13	--	27	21951	卖盘
13:52:27	8.13	--	1	813	卖盘
13:52:24	8.13	--	6	4878	卖盘
13:52:15	8.13	0.01	1	813	买盘
13:52:12	8.12	--	27	21923	卖盘
13:52:06	8.12	-0.02	7	5683	卖盘
13:51:54	8.14	0.01	5	4070	买盘
13:51:51	8.13	0.01	6	4878	中性盘
13:51:42	8.12	-0.01	27	21923	卖盘
13:51:39	8.13	-0.01	1	813	卖盘
13:51:36	8.14	--	7	5698	买盘
13:51:30	8.14	0.01	7	5698	买盘
13:51:24	8.13	-0.01	7	5691	卖盘
13:51:21	8.14	0.01	14	11396	买盘
13:51:18	8.13	-0.01	1	813	卖盘
13:51:15	8.14	0.02	6	4884	买盘
13:51:12	8.12	-0.02	28	22735	卖盘
13:51:09	8.14	0.02	26	21164	买盘
13:51:06	8.12	-0.02	63	51155	卖盘
13:51:03	8.14	--	33	26862	买盘
13:51:00	8.14	0.01	7	5698	买盘
13:50:57	8.13	0.01	26	21138	买盘
13:50:54	8.12	-0.01	1	811	卖盘
13:50:48	8.13	0.01	33	26829	买盘
13:50:45	8.12	-0.01	7	5683	卖盘
13:50:42	8.13	0.01	53	43089	买盘
13:50:30	8.12	-0.01	6	4871	卖盘
13:50:27	8.13	0.01	33	26829	买盘
13:50:24	8.12	--	6	4871	卖盘
13:50:12	8.12	--	27	21923	卖盘
13:50:09	8.12	--	1	811	卖盘
13:50:06	8.12	--	7	5683	卖盘
13:49:54	8.12	--	9	7307	卖盘
13:49:45	8.12	--	6	4871	卖盘
13:49:42	8.12	--	27	21923	卖盘
13:49:39	8.12	--	1	811	卖盘
13:49:36	8.12	-0.01	3	2435	卖盘
13:49:33	8.13	0.01	5	4065	买盘
13:49:30	8.12	--	4	3247	卖盘
13:49:24	8.12	-0.01	7	5683	卖盘
13:49:18	8.13	0.01	21	17073	买盘
13:49:12	8.12	--	28	22735	卖盘
13:49:06	8.12	--	6	4871	卖盘
13:48:57	8.12	--	19	15427	卖盘
13:48:54	8.12	--	1	811	卖盘
13:48:51	8.12	-0.01	1	811	卖盘
13:48:48	8.13	--	50	40650	买盘
13:48:45	8.13	0.01	22	17886	买盘
13:48:42	8.12	--	33	26795	卖盘
13:48:30	8.12	--	10	8119	卖盘
13:48:27	8.12	--	1	811	卖盘
13:48:24	8.12	--	6	4871	卖盘
13:48:12	8.12	--	27	21923	卖盘
13:48:06	8.12	--	7	5683	卖盘
13:48:03	8.12	--	1	811	卖盘
13:48:00	8.12	--	20	16239	卖盘
13:47:48	8.12	--	500	405999	卖盘
13:47:45	8.12	--	28	23141	卖盘
13:47:42	8.12	--	27	21923	卖盘
13:47:36	8.12	--	1	811	卖盘
13:47:27	8.12	--	16	12991	卖盘
13:47:24	8.12	--	7	5683	卖盘
13:47:21	8.12	--	3	2435	卖盘
13:47:15	8.12	--	15	12179	卖盘
13:47:12	8.12	--	29	23547	卖盘
13:47:03	8.12	--	6	4871	卖盘
13:46:54	8.12	--	30	24359	卖盘
13:46:48	8.12	--	1	811	卖盘
13:46:45	8.12	--	28	22735	卖盘
13:46:42	8.12	-0.01	27	21923	卖盘
13:46:39	8.13	0.01	97	78861	买盘
13:46:24	8.12	--	106	86071	卖盘
13:46:15	8.12	--	34	27607	卖盘
13:46:12	8.12	-0.01	27	21923	卖盘
13:46:09	8.13	0.01	14	11382	买盘
13:46:03	8.12	--	7	5683	卖盘
13:46:00	8.12	--	2	1623	卖盘
13:45:57	8.12	--	1	811	卖盘
13:45:48	8.12	--	7	5683	卖盘
13:45:42	8.12	-0.01	27	21923	卖盘
13:45:30	8.13	0.01	3	2439	买盘
13:45:24	8.12	-0.01	7	5683	卖盘
13:45:15	8.13	--	90	73170	买盘
13:45:12	8.13	0.01	38	30894	买盘
13:45:06	8.12	--	1	811	卖盘
13:45:03	8.12	--	6	4871	卖盘
13:44:48	8.12	--	10	8119	卖盘
13:44:45	8.12	--	8	6495	卖盘
13:44:42	8.12	-0.01	27	21923	卖盘
13:44:36	8.13	0.01	5	4065	买盘
13:44:30	8.12	--	5	4059	卖盘
13:44:24	8.12	--	6	4871	卖盘
13:44:21	8.12	--	1	811	卖盘
13:44:12	8.12	--	33	26795	卖盘
13:44:06	8.12	--	7	5683	卖盘
13:43:54	8.12	--	1	811	卖盘
13:43:45	8.12	--	6	4871	卖盘
13:43:42	8.12	--	27	21923	卖盘
13:43:33	8.12	-0.01	2	1623	卖盘
13:43:30	8.13	--	5	4065	买盘
13:43:24	8.13	--	11	8943	卖盘
13:43:15	8.13	--	3	2439	卖盘
13:43:12	8.13	--	33	26829	卖盘
13:43:09	8.13	--	1	813	卖盘
13:43:06	8.13	--	7	5691	卖盘
13:42:57	8.13	--	6	4878	买盘
13:42:54	8.13	0.01	1	813	中性盘
13:42:42	8.12	-0.02	128	103935	卖盘
13:42:30	8.14	0.01	23	18722	买盘
13:42:24	8.13	--	14	11382	卖盘
13:42:18	8.13	-0.01	2	1626	卖盘
13:42:12	8.14	0.01	79	64306	买盘
13:42:03	8.13	--	12	9756	卖盘
13:41:51	8.13	--	1	813	卖盘
13:41:45	8.13	--	6	4878	卖盘
13:41:42	8.13	--	27	21951	卖盘
13:41:33	8.13	0.01	7	5691	买盘
13:41:27	8.12	--	21	17052	卖盘
13:41:24	8.12	-0.01	7	5683	卖盘
13:41:18	8.13	0.01	10	8130	买盘
13:41:12	8.12	-0.01	28	22735	卖盘
13:41:06	8.13	0.01	245	199185	买盘
13:41:03	8.12	-0.01	6	4871	卖盘
13:40:48	8.13	0.01	10	8130	买盘
13:40:45	8.12	--	7	5683	卖盘
13:40:42	8.12	--	28	22735	卖盘
13:40:24	8.12	--	6	4871	卖盘
13:40:15	8.12	--	31	25171	卖盘
13:40:12	8.12	-0.01	27	21923	卖盘
13:40:09	8.13	0.01	4	3252	买盘
13:40:03	8.12	-0.01	7	5683	卖盘
13:40:00	8.13	--	4	3252	买盘
13:39:57	8.13	0.01	18	14634	买盘
13:39:54	8.12	--	1	811	卖盘
13:39:45	8.12	--	6	4871	卖盘
13:39:42	8.12	--	27	21923	卖盘
13:39:30	8.12	--	1	811	卖盘
13:39:27	8.12	--	2	1623	卖盘
13:39:24	8.12	--	7	5683	卖盘
13:39:21	8.12	--	48	38975	卖盘
13:39:12	8.12	--	28	22735	卖盘
13:39:03	8.12	--	17	13803	卖盘
13:38:45	8.12	--	7	5683	卖盘
13:38:42	8.12	--	27	21923	卖盘
13:38:39	8.12	--	14	11367	卖盘
13:38:36	8.12	--	5	4059	卖盘
13:38:24	8.12	--	16	12991	卖盘
13:38:12	8.12	--	32	25983	卖盘
13:38:03	8.12	--	7	5683	卖盘
13:38:00	8.12	--	7	5683	卖盘
13:37:51	8.12	--	20	16239	卖盘
13:37:45	8.12	--	6	4871	卖盘
13:37:42	8.12	--	27	21923	卖盘
13:37:36	8.12	--	16	12991	卖盘
13:37:24	8.12	--	7	5683	卖盘
13:37:18	8.12	--	50	40599	卖盘
13:37:12	8.12	--	28	22735	卖盘
13:37:03	8.12	-0.01	6	4871	卖盘
13:36:48	8.13	0.01	124	100812	买盘
13:36:45	8.12	--	7	5683	卖盘
13:36:42	8.12	--	27	21923	卖盘
13:36:24	8.12	--	6	4871	卖盘
13:36:12	8.12	-0.01	71	57651	卖盘
13:36:06	8.13	0.01	2	1626	买盘
13:36:03	8.12	--	7	5683	卖盘
13:35:45	8.12	--	6	4871	卖盘
13:35:42	8.12	--	27	21923	卖盘
13:35:24	8.12	--	7	5683	卖盘
13:35:15	8.12	--	45	36540	卖盘
13:35:12	8.12	-0.01	28	22735	卖盘
13:35:09	8.13	0.01	1	813	买盘
13:35:03	8.12	--	6	4871	卖盘
13:35:00	8.12	--	28	22735	卖盘
13:34:45	8.12	--	7	5683	卖盘
13:34:42	8.12	-0.01	27	21923	卖盘
13:34:36	8.13	--	50	40650	买盘
13:34:27	8.13	0.01	10	8130	买盘
13:34:24	8.12	--	11	8932	卖盘
13:34:21	8.12	--	45	36540	卖盘
13:34:18	8.12	--	24	19487	卖盘
13:34:12	8.12	--	27	21923	卖盘
13:34:03	8.12	0.01	9	7307	中性盘
13:34:00	8.11	-0.01	48	38928	卖盘
13:33:57	8.12	--	4	3247	买盘
13:33:45	8.12	--	2	1623	卖盘
13:33:42	8.12	--	30	24359	卖盘
13:33:33	8.12	--	18	14615	买盘
13:33:24	8.12	--	4	3247	中性盘
13:33:21	8.12	--	7	5683	卖盘
13:33:12	8.12	--	28	22735	卖盘
13:33:03	8.12	--	7	5683	卖盘
13:32:48	8.12	--	49	39787	卖盘
13:32:45	8.12	--	8	6495	卖盘
13:32:42	8.12	--	44	35728	卖盘
13:32:39	8.12	--	74	60087	卖盘
13:32:36	8.12	--	135	109619	卖盘
13:32:33	8.12	--	3	2435	卖盘
13:32:30	8.12	--	7	5683	卖盘
13:32:27	8.12	--	756	613871	卖盘
13:32:24	8.12	--	19	15427	卖盘
13:32:21	8.12	-0.01	7	5683	卖盘
13:32:18	8.13	0.01	124	100812	买盘
13:32:12	8.12	-0.01	27	21923	卖盘
13:32:09	8.13	0.01	1	813	买盘
13:32:03	8.12	-0.01	7	5683	卖盘
13:31:57	8.13	0.01	126	102438	买盘
13:31:51	8.12	--	2	1623	卖盘
13:31:45	8.12	-0.01	6	4871	卖盘
13:31:42	8.13	--	91	73983	买盘
13:31:39	8.13	0.01	30	24390	买盘
13:31:27	8.12	--	2	1623	卖盘
13:31:24	8.12	-0.01	7	5683	卖盘
13:31:15	8.13	0.01	5	4065	买盘
13:31:12	8.12	--	28	22735	卖盘
13:31:03	8.12	--	7	5683	卖盘
13:31:00	8.12	-0.01	1	811	卖盘
13:30:54	8.13	--	11	8943	买盘
13:30:51	8.13	0.01	10	8130	买盘
13:30:45	8.12	--	7	5683	卖盘
13:30:42	8.12	-0.01	27	21923	卖盘
13:30:36	8.13	0.01	27	21951	买盘
13:30:30	8.12	--	10	8119	卖盘
13:30:24	8.12	--	6	4871	卖盘
13:30:12	8.12	--	38	30855	卖盘
13:30:06	8.12	--	7	5683	卖盘
13:29:57	8.12	--	60	48719	卖盘
13:29:54	8.12	--	2	1623	卖盘
13:29:48	8.12	--	7	5683	卖盘
13:29:45	8.12	--	24	19487	卖盘
13:29:42	8.12	--	29	23547	卖盘
13:29:39	8.12	--	6	4871	卖盘
13:29:33	8.12	--	12	9743	卖盘
13:29:24	8.12	--	9	7307	卖盘
13:29:18	8.12	--	14	11367	卖盘
13:29:12	8.12	--	31	25171	卖盘
13:29:09	8.12	--	27	21923	卖盘
13:29:03	8.12	--	7	5683	卖盘
13:29:00	8.12	-0.01	26	21111	卖盘
13:28:57	8.13	--	4	3252	买盘
13:28:48	8.13	0.02	110	89430	买盘
13:28:42	8.11	--	27	21897	卖盘
13:28:36	8.11	--	11	8921	卖盘
13:28:33	8.11	--	26	21086	卖盘
13:28:27	8.11	-0.01	156	126515	卖盘
13:28:24	8.12	--	6	4871	卖盘
13:28:21	8.12	--	130	105559	卖盘
13:28:18	8.12	--	26	21111	卖盘
13:28:15	8.12	--	2	1623	卖盘
13:28:12	8.12	--	111	90131	卖盘
13:28:09	8.12	--	41	33292	卖盘
13:28:06	8.12	--	26	21111	卖盘
13:28:03	8.12	-0.01	163	132356	卖盘
13:27:54	8.13	0.01	17	13821	买盘
13:27:51	8.12	--	11	8932	卖盘
13:27:48	8.12	--	27	21923	卖盘
13:27:45	8.12	--	6	4871	卖盘
13:27:42	8.12	--	27	21923	卖盘
13:27:36	8.12	--	52	42223	卖盘
13:27:24	8.12	--	7	5683	卖盘
13:27:21	8.12	-0.01	11	8932	卖盘
13:27:12	8.13	0.01	34	27642	买盘
13:27:03	8.12	--	6	4871	卖盘
13:27:00	8.12	-0.01	2	1623	卖盘
13:26:45	8.13	0.01	12	9756	买盘
13:26:42	8.12	--	27	21923	卖盘
13:26:36	8.12	0.01	293	237915	买盘
13:26:33	8.11	--	33	26762	卖盘
13:26:24	8.11	-0.01	6	4866	卖盘
13:26:21	8.12	--	2	1623	买盘
13:26:15	8.12	--	10	8119	买盘
13:26:12	8.12	0.01	12	9743	买盘
13:26:09	8.11	--	33	26762	卖盘
13:26:06	8.11	-0.01	7	5677	卖盘
13:26:00	8.12	0.01	10	8119	买盘
13:25:45	8.11	--	17	13786	卖盘
13:25:42	8.11	--	4	3244	卖盘
13:25:39	8.11	-0.01	27	21897	卖盘
13:25:27	8.12	0.01	20	16239	买盘
13:25:24	8.11	--	7	5677	卖盘
13:25:15	8.11	--	1	811	卖盘
13:25:12	8.11	--	28	22708	卖盘
13:25:03	8.11	-0.01	6	4866	卖盘
13:24:51	8.12	0.01	11	8932	买盘
13:24:45	8.11	--	7	5677	卖盘
13:24:42	8.11	--	27	21897	卖盘
13:24:27	8.11	--	5	4054	卖盘
13:24:24	8.11	--	6	4866	卖盘
13:24:18	8.11	--	26	21086	卖盘
13:24:09	8.11	--	27	21897	卖盘
13:24:03	8.11	--	7	5677	卖盘
13:24:00	8.11	--	2	1622	卖盘
13:23:57	8.11	--	4	3244	卖盘
13:23:45	8.11	--	6	4866	卖盘
13:23:39	8.11	--	27	21897	卖盘
13:23:36	8.11	--	1	811	卖盘
13:23:33	8.11	--	42	34062	卖盘
13:23:24	8.11	-0.01	7	5677	卖盘
13:23:21	8.12	0.01	17	13803	中性盘
13:23:12	8.11	--	1	811	卖盘
13:23:09	8.11	-0.01	28	22708	卖盘
13:23:03	8.12	0.01	14	11367	买盘
13:23:00	8.11	--	48	38928	卖盘
13:22:57	8.11	--	1	811	卖盘
13:22:54	8.11	--	1	811	卖盘
13:22:48	8.11	--	1	811	卖盘
13:22:39	8.11	-0.01	27	21897	卖盘
13:22:36	8.12	0.01	6	4871	中性盘
13:22:21	8.11	-0.01	53	42983	卖盘
13:22:09	8.12	--	27	21923	卖盘
13:22:06	8.12	0.01	28	22735	买盘
13:22:03	8.11	--	7	5677	卖盘
13:21:57	8.11	--	1	811	卖盘
13:21:45	8.11	--	6	4866	卖盘
13:21:39	8.11	-0.01	27	21897	卖盘
13:21:36	8.12	--	2	1623	买盘
13:21:33	8.12	0.01	201	163211	买盘
13:21:24	8.11	--	7	5677	卖盘
13:21:09	8.11	--	28	22708	卖盘
13:21:03	8.11	-0.01	6	4866	卖盘
13:21:00	8.12	0.01	87	70644	买盘
13:20:57	8.11	-0.01	1	811	卖盘
13:20:45	8.12	0.01	20	16239	买盘
13:20:39	8.11	--	116	94076	卖盘
13:20:36	8.11	-0.01	15	12165	卖盘
13:20:30	8.12	0.01	10	8119	买盘
13:20:24	8.11	--	6	4866	卖盘
13:20:21	8.11	--	16	13381	卖盘
13:20:18	8.11	--	26	21086	卖盘
13:20:12	8.11	--	26	21086	卖盘
13:20:09	8.11	--	153	124082	买盘
13:20:06	8.11	0.01	115	93265	买盘
13:20:03	8.1	-0.01	8	6480	卖盘
13:20:00	8.11	--	43	34873	买盘
13:19:57	8.11	0.01	10	8109	买盘
13:19:54	8.1	-0.01	10	8100	卖盘
13:19:51	8.11	--	356	288716	买盘
13:19:48	8.11	0.01	30	24330	买盘
13:19:45	8.1	-0.01	11	8910	卖盘
13:19:42	8.11	0.01	10	8109	买盘
13:19:39	8.1	-0.01	27	21870	卖盘
13:19:36	8.11	0.01	4	3244	买盘
13:19:24	8.1	--	9	7290	卖盘
13:19:21	8.1	-0.01	390	315900	卖盘
13:19:18	8.11	0.01	50	40550	买盘
13:19:09	8.1	--	28	22680	卖盘
13:19:03	8.1	--	6	4860	卖盘
13:18:57	8.1	-0.01	101	81810	卖盘
13:18:51	8.11	0.01	10	8109	买盘
13:18:48	8.1	--	5	4050	卖盘
13:18:45	8.1	--	7	5670	卖盘
13:18:39	8.1	-0.01	47	38070	卖盘
13:18:36	8.11	--	51	41361	买盘
13:18:30	8.11	0.01	15	12165	买盘
13:18:27	8.1	--	480	388800	卖盘
13:18:24	8.1	-0.01	6	4860	卖盘
13:18:21	8.11	0.01	36	29195	买盘
13:18:15	8.1	--	5	4050	卖盘
13:18:12	8.1	--	3	2430	卖盘
13:18:09	8.1	--	27	21870	卖盘
13:18:03	8.1	--	7	5670	卖盘
13:18:00	8.1	-0.01	7	5670	卖盘
13:17:57	8.11	--	149	120838	买盘
13:17:54	8.11	--	7	5677	买盘
13:17:51	8.11	0.01	39	31628	买盘
13:17:48	8.1	-0.01	1	810	卖盘
13:17:45	8.11	--	21	17031	买盘
13:17:42	8.11	0.01	20	16219	买盘
13:17:39	8.1	-0.01	67	54270	卖盘
13:17:36	8.11	-0.01	539	437128	卖盘
13:17:33	8.12	0.01	2	1623	买盘
13:17:30	8.11	--	15	12165	卖盘
13:17:24	8.11	--	7	5677	卖盘
13:17:21	8.11	-0.01	11	8921	卖盘
13:17:18	8.12	0.01	2	1623	买盘
13:17:09	8.11	--	28	22708	卖盘
13:17:03	8.11	--	6	4866	卖盘
13:16:57	8.11	--	1	811	卖盘
13:16:51	8.11	-0.01	26	21086	卖盘
13:16:48	8.12	0.01	5	4059	买盘
13:16:45	8.11	--	7	5677	卖盘
13:16:39	8.11	--	27	21897	卖盘
13:16:36	8.11	--	1	811	卖盘
13:16:30	8.11	0.01	158	128137	买盘
13:16:24	8.1	-0.01	36	29160	卖盘
13:16:21	8.11	-0.01	447	362517	卖盘
13:16:18	8.12	0.01	48	38975	买盘
13:16:15	8.11	--	148	120027	卖盘
13:16:09	8.11	--	104	84344	卖盘
13:16:03	8.11	--	7	5677	卖盘
13:15:45	8.11	--	7	5677	卖盘
13:15:39	8.11	--	54	43794	买盘
13:15:36	8.11	--	3	2433	买盘
13:15:30	8.11	--	203	164633	买盘
13:15:27	8.11	0.01	11	8921	买盘
13:15:24	8.1	-0.01	7	5670	卖盘
13:15:21	8.11	0.01	21	17031	买盘
13:15:18	8.1	-0.01	13	10530	卖盘
13:15:15	8.11	--	504	408744	买盘
13:15:12	8.11	0.01	10	8109	买盘
13:15:09	8.1	-0.01	27	21870	卖盘
13:15:06	8.11	0.01	14	11354	买盘
13:15:03	8.1	-0.01	7	5670	卖盘
13:15:00	8.11	--	1	811	买盘
13:14:57	8.11	--	12	9732	买盘
13:14:54	8.11	--	11	8921	买盘
13:14:51	8.11	--	2	1622	买盘
13:14:48	8.11	--	33	26762	买盘
13:14:45	8.11	--	225	182475	卖盘
13:14:39	8.11	--	32	25952	卖盘
13:14:33	8.11	-0.01	51	41361	卖盘
13:14:30	8.12	0.01	24	19487	买盘
13:14:24	8.11	--	16	12976	卖盘
13:14:09	8.11	--	127	102997	卖盘
13:14:06	8.11	--	1	811	卖盘
13:14:03	8.11	--	7	5677	卖盘
13:13:54	8.11	--	4	3244	卖盘
13:13:48	8.11	--	4	3244	卖盘
13:13:45	8.11	--	6	4866	卖盘
13:13:42	8.11	--	1	811	卖盘
13:13:39	8.11	-0.01	30	24330	卖盘
13:13:36	8.12	0.01	5	4059	买盘
13:13:30	8.11	--	47	38117	卖盘
13:13:24	8.11	-0.01	7	5677	卖盘
13:13:18	8.12	--	7	5683	买盘
13:13:15	8.12	0.01	3	2435	买盘
13:13:12	8.11	--	2	1622	卖盘
13:13:09	8.11	--	27	21897	卖盘
13:13:03	8.11	-0.01	6	4866	中性盘
13:12:51	8.12	0.02	33	26795	买盘
13:12:48	8.1	--	27	21870	卖盘
13:12:45	8.1	-0.01	7	5670	卖盘
13:12:42	8.11	0.01	11	8921	买盘
13:12:39	8.1	--	27	21870	卖盘
13:12:27	8.1	--	11	8910	卖盘
13:12:24	8.1	--	7	5670	卖盘
13:12:09	8.1	--	27	21870	卖盘
13:12:03	8.1	-0.01	7	5670	卖盘
13:12:00	8.11	0.01	10	8109	买盘
13:11:57	8.1	--	1	810	卖盘
13:11:54	8.1	--	1	810	卖盘
13:11:39	8.1	-0.01	28	22680	卖盘
13:11:36	8.11	--	11	8921	卖盘
13:11:33	8.11	--	1	811	卖盘
13:11:24	8.11	-0.01	7	5677	卖盘
13:11:21	8.12	0.01	5	4059	买盘
13:11:09	8.11	--	28	22708	卖盘
13:11:03	8.11	--	6	4866	卖盘
13:10:54	8.11	--	20	16219	卖盘
13:10:51	8.11	0.01	1	811	买盘
13:10:45	8.1	--	8	6480	卖盘
13:10:42	8.1	--	11	8910	卖盘
13:10:39	8.1	--	27	21870	卖盘
13:10:36	8.1	-0.01	11	8910	卖盘
13:10:33	8.11	--	3	2433	卖盘
13:10:30	8.11	0.01	120	97320	买盘
13:10:27	8.1	--	1	810	卖盘
13:10:24	8.1	--	6	4860	卖盘
13:10:21	8.1	--	1	810	卖盘
13:10:09	8.1	-0.01	27	21870	卖盘
13:10:06	8.11	0.01	5	4054	买盘
13:10:03	8.1	-0.01	7	5670	卖盘
13:09:51	8.11	--	56	45416	买盘
13:09:45	8.11	--	12	9732	买盘
13:09:42	8.11	0.01	1	811	买盘
13:09:39	8.1	--	28	22680	卖盘
13:09:24	8.1	--	7	5670	卖盘
13:09:09	8.1	--	27	21870	卖盘
13:09:03	8.1	-0.01	6	4860	卖盘
13:08:51	8.11	0.01	10	8109	买盘
13:08:45	8.1	--	7	5670	卖盘
13:08:39	8.1	-0.01	32	25920	卖盘
13:08:36	8.11	--	10	8109	买盘
13:08:33	8.11	--	50	40550	买盘
13:08:27	8.11	0.01	76	61635	买盘
13:08:24	8.1	-0.01	6	4860	卖盘
13:08:21	8.11	0.01	100	81100	买盘
13:08:09	8.1	--	27	21870	卖盘
13:08:03	8.1	--	7	5670	卖盘
13:08:00	8.1	--	2	1620	卖盘
13:07:51	8.1	--	7	5670	卖盘
13:07:45	8.1	--	6	4860	卖盘
13:07:39	8.1	--	31	25110	卖盘
13:07:33	8.1	--	1	810	卖盘
13:07:24	8.1	--	7	5670	卖盘
13:07:09	8.1	--	53	42930	卖盘
13:07:03	8.1	--	2	1620	卖盘
13:06:54	8.1	-0.01	5	4050	卖盘
13:06:51	8.11	--	6	4866	买盘
13:06:48	8.11	-0.01	43	34873	中性盘
13:06:39	8.12	0.01	141	114491	买盘
13:06:33	8.11	--	5	4054	中性盘
13:06:24	8.11	0.01	12	9732	买盘
13:06:21	8.1	--	2	1620	卖盘
13:06:15	8.1	--	1	810	卖盘
13:06:09	8.1	--	47	38070	卖盘
13:06:03	8.1	-0.01	7	5670	卖盘
13:05:54	8.11	0.01	2	1622	中性盘
13:05:39	8.1	--	39	31590	卖盘
13:05:15	8.1	--	2	1620	卖盘
13:05:09	8.1	-0.01	27	21870	卖盘
13:05:03	8.11	--	6	4866	卖盘
13:04:45	8.11	--	7	5677	卖盘
13:04:42	8.11	0.01	2	1622	中性盘
13:04:39	8.1	-0.01	27	21870	卖盘
13:04:33	8.11	--	10	8109	卖盘
13:04:30	8.11	--	1	1216	买盘
13:04:24	8.11	0.01	16	12976	买盘
13:04:15	8.1	--	3	2430	卖盘
13:04:09	8.1	--	27	21870	卖盘
13:04:03	8.1	-0.01	7	5670	卖盘
13:03:54	8.11	0.01	2	1622	买盘
13:03:51	8.1	--	2	1620	卖盘
13:03:45	8.1	--	26	21060	卖盘
13:03:39	8.1	-0.01	28	22680	卖盘
13:03:36	8.11	--	4	3244	买盘
13:03:33	8.11	0.01	3	2433	买盘
13:03:27	8.1	--	5	4050	卖盘
13:03:24	8.1	-0.01	9	7290	卖盘
13:03:15	8.11	0.01	20	16219	买盘
13:03:09	8.1	--	27	21870	卖盘
13:03:03	8.1	--	29	23490	卖盘
13:02:45	8.1	--	7	5670	卖盘
13:02:39	8.1	--	27	21870	卖盘
13:02:24	8.1	-0.01	7	5670	卖盘
13:02:18	8.11	--	100	81100	买盘
13:02:15	8.11	--	195	158550	卖盘
13:02:09	8.11	--	27	21897	卖盘
13:02:03	8.11	--	7	5677	卖盘
13:01:45	8.11	--	15	12165	卖盘
13:01:39	8.11	--	28	22708	卖盘
13:01:36	8.11	--	59	47849	卖盘
13:01:30	8.11	--	28	22708	卖盘
13:01:27	8.11	--	23	18653	卖盘
13:01:24	8.11	--	7	5677	卖盘
13:01:21	8.11	--	26	21086	卖盘
13:01:09	8.11	--	27	21897	卖盘
13:01:03	8.11	--	9	7298	卖盘
13:00:54	8.11	--	26	21086	卖盘
13:00:45	8.11	--	7	5677	卖盘
13:00:42	8.11	--	7	5677	卖盘
13:00:39	8.11	--	27	21897	卖盘
13:00:36	8.11	--	2	1622	卖盘
13:00:24	8.11	--	6	4866	卖盘
13:00:09	8.11	--	20	16625	卖盘
13:00:06	8.11	--	42	34467	卖盘
13:00:03	8.11	--	223	181258	卖盘
13:00:00	8.11	--	0	0	卖盘
11:30:00	8.11	--	0	0	卖盘
11:29:54	8.11	-0.01	2	1622	卖盘
11:29:45	8.12	0.01	9	7307	买盘
11:29:42	8.11	--	7	5677	卖盘
11:29:39	8.11	--	28	22708	卖盘
11:29:33	8.11	--	30	24330	卖盘
11:29:27	8.11	--	3	2433	卖盘
11:29:24	8.11	--	93	75423	买盘
11:29:12	8.11	0.01	4	3244	买盘
11:29:09	8.1	--	168	136080	卖盘
11:29:03	8.1	-0.01	11	8910	卖盘
11:28:54	8.11	-0.01	2	1622	中性盘
11:28:42	8.12	0.02	17	13803	买盘
11:28:39	8.1	--	30	24300	卖盘
11:28:24	8.1	-0.01	129	104490	卖盘
11:28:21	8.11	0.01	3	2433	买盘
11:28:18	8.1	--	6	4860	卖盘
11:28:09	8.1	--	42	34020	卖盘
11:28:03	8.1	--	6	4860	卖盘
11:28:00	8.1	-0.01	110	89100	卖盘
11:27:57	8.11	0.01	309	251004	买盘
11:27:54	8.1	--	40	32400	卖盘
11:27:48	8.1	-0.01	10	8100	卖盘
11:27:45	8.11	0.01	8	6488	买盘
11:27:42	8.1	--	9	7290	卖盘
11:27:39	8.1	--	28	22680	卖盘
11:27:24	8.1	-0.01	56	45360	卖盘
11:27:21	8.11	--	2	1622	买盘
11:27:09	8.11	--	35	28384	买盘
11:27:06	8.11	0.01	4	3244	买盘
11:27:03	8.1	-0.01	7	5670	卖盘
11:27:00	8.11	0.01	7	5677	买盘
11:26:54	8.1	-0.01	1	810	卖盘
11:26:48	8.11	0.01	8	6488	买盘
11:26:45	8.1	--	6	4860	卖盘
11:26:39	8.1	-0.01	27	21870	卖盘
11:26:36	8.11	0.01	27	21897	买盘
11:26:30	8.1	-0.01	1	810	卖盘
11:26:24	8.11	0.01	17	13786	买盘
11:26:15	8.1	--	11	8910	卖盘
11:26:12	8.1	--	49	39690	卖盘
11:26:09	8.1	--	27	21870	卖盘
11:26:06	8.1	--	2	1620	卖盘
11:26:03	8.1	--	6	4860	卖盘
11:25:45	8.1	--	7	5670	卖盘
11:25:39	8.1	-0.01	40	32400	卖盘
11:25:36	8.11	0.01	12	9732	买盘
11:25:27	8.1	--	2	1620	卖盘
11:25:24	8.1	-0.01	6	4860	卖盘
11:25:21	8.11	0.01	18	14597	买盘
11:25:15	8.1	--	2	1620	卖盘
11:25:12	8.1	--	25	20250	卖盘
11:25:09	8.1	--	27	21870	卖盘
11:25:03	8.1	--	7	5670	卖盘
11:24:51	8.1	-0.01	1	810	卖盘
11:24:45	8.11	0.01	23	18653	买盘
11:24:39	8.1	--	34	27540	卖盘
11:24:27	8.1	--	10	8100	卖盘
11:24:24	8.1	-0.01	7	5670	卖盘
11:24:12	8.11	0.01	1	811	买盘
11:24:09	8.1	--	27	21870	卖盘
11:24:03	8.1	-0.01	8	6480	卖盘
11:24:00	8.11	--	4	3244	买盘
11:23:57	8.11	0.01	16	12976	买盘
11:23:51	8.1	0.01	7	5670	中性盘
11:23:39	8.09	-0.01	28	22652	卖盘
11:23:36	8.1	--	3	2430	卖盘
11:23:33	8.1	--	206	166860	卖盘
11:23:24	8.1	-0.01	6	4860	卖盘
11:23:09	8.11	0.01	35	28384	买盘
11:23:06	8.1	--	8	6480	卖盘
11:23:03	8.1	-0.01	7	5670	卖盘
11:22:48	8.11	--	7	5677	买盘
11:22:45	8.11	0.01	3	2433	买盘
11:22:42	8.1	--	6	4860	卖盘
11:22:39	8.1	-0.01	31	25110	卖盘
11:22:36	8.11	--	26	21086	买盘
11:22:33	8.11	0.01	35	28384	买盘
11:22:27	8.1	-0.01	1	810	卖盘
11:22:24	8.11	0.01	12	9732	买盘
11:22:15	8.1	--	2	1620	卖盘
11:22:12	8.1	--	4	3240	卖盘
11:22:09	8.1	--	27	21870	卖盘
11:22:03	8.1	-0.01	15	12150	卖盘
11:22:00	8.11	0.01	4	3244	买盘
11:21:57	8.1	--	173	140130	卖盘
11:21:48	8.1	--	2	1620	卖盘
11:21:45	8.1	-0.01	7	5670	卖盘
11:21:42	8.11	0.01	8	6488	买盘
11:21:39	8.1	--	32	25920	卖盘
11:21:24	8.1	--	6	4860	卖盘
11:21:09	8.1	--	35	28350	卖盘
11:21:03	8.1	--	7	5670	卖盘
11:21:00	8.1	--	5	4050	卖盘
11:20:57	8.1	--	2	1620	卖盘
11:20:42	8.1	--	6	4860	卖盘
11:20:39	8.1	-0.01	27	21870	卖盘
11:20:36	8.11	0.01	1	811	买盘
11:20:30	8.1	-0.01	2	1620	卖盘
11:20:27	8.11	--	4	3244	买盘
11:20:24	8.11	--	39	31628	买盘
11:20:21	8.11	--	18	14597	买盘
11:20:18	8.11	--	30	24330	买盘
11:20:12	8.11	0.01	45	36495	买盘
11:20:09	8.1	-0.01	27	21870	卖盘
11:20:03	8.11	--	219	177609	买盘
11:19:54	8.11	0.01	10	8109	买盘
11:19:45	8.1	--	7	5670	卖盘
11:19:39	8.1	--	28	22680	卖盘
11:19:27	8.1	-0.01	3	2430	中性盘
11:19:24	8.11	0.02	16	12976	买盘
11:19:09	8.09	-0.01	37	29933	卖盘
11:19:03	8.1	0.01	8	6480	买盘
11:18:57	8.09	--	46	37214	卖盘
11:18:45	8.09	--	6	5258	卖盘
11:18:39	8.09	-0.01	27	21843	卖盘
11:18:36	8.1	--	5	4050	卖盘
11:18:30	8.1	0.01	84	68040	买盘
11:18:24	8.09	-0.01	7	5663	卖盘
11:18:12	8.1	--	14	11340	买盘
11:18:09	8.1	--	151	122310	卖盘
11:18:06	8.1	-0.01	1	810	卖盘
11:18:03	8.11	--	16	12976	买盘
11:18:00	8.11	0.01	1	811	买盘
11:17:51	8.1	--	100	81000	卖盘
11:17:48	8.1	-0.01	2	1620	卖盘
11:17:45	8.11	0.01	107	86777	买盘
11:17:39	8.1	0.01	296	239760	买盘
11:17:30	8.09	-0.01	1	809	卖盘
11:17:24	8.1	0.01	16	12960	买盘
11:17:21	8.09	--	1	809	卖盘
11:17:18	8.09	--	6	4854	卖盘
11:17:09	8.09	-0.01	27	21843	卖盘
11:17:06	8.1	--	5	4050	买盘
11:17:03	8.1	--	16	12960	买盘
11:16:57	8.1	0.01	2	1620	买盘
11:16:51	8.09	--	2	1618	卖盘
11:16:42	8.09	--	6	4854	卖盘
11:16:39	8.09	-0.01	35	28315	卖盘
11:16:36	8.1	--	12	9720	买盘
11:16:33	8.1	0.01	4	3240	买盘
11:16:24	8.09	--	307	248363	卖盘
11:16:21	8.09	-0.01	2	1618	卖盘
11:16:18	8.1	--	27	21870	买盘
11:16:15	8.1	--	100	81000	买盘
11:16:12	8.1	0.01	3	2430	买盘
11:16:09	8.09	--	58	47326	卖盘
11:16:06	8.09	--	17	13753	卖盘
11:16:03	8.09	-0.01	6	4854	卖盘
11:16:00	8.1	0.01	4	3240	买盘
11:15:57	8.09	--	2	1618	卖盘
11:15:42	8.09	-0.01	13	10517	卖盘
11:15:39	8.1	--	48	38880	买盘
11:15:36	8.1	0.01	11	8910	买盘
11:15:33	8.09	-0.01	7	5663	卖盘
11:15:30	8.1	--	1	810	买盘
11:15:24	8.1	-0.01	96	77760	卖盘
11:15:15	8.11	--	8	6488	买盘
11:15:12	8.11	0.01	3	2433	买盘
11:15:09	8.1	--	27	21870	卖盘
11:15:03	8.1	--	11	8910	卖盘
11:14:54	8.1	--	18	14580	买盘
11:14:48	8.1	0.01	53	42930	买盘
11:14:42	8.09	--	6	4854	卖盘
11:14:39	8.09	-0.01	77	62293	卖盘
11:14:36	8.1	--	23	18630	买盘
11:14:33	8.1	--	190	153900	买盘
11:14:30	8.1	0.01	126	102060	买盘
11:14:24	8.09	-0.01	7	5663	卖盘
11:14:21	8.1	0.01	6	4860	买盘
11:14:09	8.09	-0.01	60	48540	卖盘
11:14:06	8.1	0.01	357	289170	买盘
11:14:03	8.09	-0.01	6	4854	卖盘
11:14:00	8.1	--	9	7290	买盘
11:13:57	8.1	--	203	164430	买盘
11:13:51	8.1	--	100	81000	买盘
11:13:45	8.1	--	11	8910	买盘
11:13:42	8.1	--	136	110160	买盘
11:13:39	8.1	--	33	26730	买盘
11:13:30	8.1	--	71	57510	买盘
11:13:24	8.1	--	9	7290	买盘
11:13:12	8.1	--	9	7290	买盘
11:13:09	8.1	--	37	29970	买盘
11:13:06	8.1	0.01	21	17010	买盘
11:13:03	8.09	-0.01	7	5663	卖盘
11:12:54	8.1	0.01	1	810	买盘
11:12:51	8.09	--	10	8090	卖盘
11:12:48	8.09	--	20	16180	卖盘
11:12:45	8.09	--	6	4854	卖盘
11:12:39	8.09	-0.01	51	41259	卖盘
11:12:36	8.1	--	31	25110	买盘
11:12:33	8.1	0.01	21	17010	买盘
11:12:27	8.09	-0.01	38	30742	卖盘
11:12:24	8.1	--	10	8100	买盘
11:12:21	8.1	--	10	8100	买盘
11:12:18	8.1	--	2	1620	买盘
11:12:15	8.1	0.01	20	16200	买盘
11:12:09	8.09	--	27	21843	卖盘
11:12:03	8.09	-0.01	6	4854	卖盘
11:12:00	8.1	0.01	47	38070	买盘
11:11:57	8.09	-0.01	6	4854	卖盘
11:11:54	8.1	0.01	10	8100	买盘
11:11:45	8.09	--	7	5663	卖盘
11:11:39	8.09	-0.01	28	22652	卖盘
11:11:30	8.1	--	4	3240	买盘
11:11:27	8.1	--	10	8100	买盘
11:11:24	8.1	--	72	58320	卖盘
11:11:21	8.1	--	7	5670	卖盘
11:11:18	8.1	--	20	16200	卖盘
11:11:09	8.1	-0.01	39	31590	卖盘
11:11:03	8.11	0.01	10	8109	买盘
11:10:42	8.1	--	6	4860	卖盘
11:10:39	8.1	--	27	21870	卖盘
11:10:33	8.1	-0.01	100	81000	卖盘
11:10:30	8.11	--	36	29195	买盘
11:10:27	8.11	0.01	44	35684	买盘
11:10:24	8.1	-0.02	7	5670	卖盘
11:10:12	8.12	0.02	8	6495	买盘
11:10:09	8.1	-0.02	67	54270	卖盘
11:10:06	8.12	0.02	7	5683	买盘
11:10:03	8.1	-0.02	28	22680	卖盘
11:09:57	8.12	--	57	46283	买盘
11:09:54	8.12	--	26	21111	买盘
11:09:51	8.12	0.02	26	21111	买盘
11:09:48	8.1	-0.02	1442	1168020	卖盘
11:09:45	8.12	--	52	42223	买盘
11:09:39	8.12	--	35	28419	买盘
11:09:36	8.12	--	85	69020	买盘
11:09:33	8.12	--	142	115303	买盘
11:09:30	8.12	0.02	52	42223	买盘
11:09:24	8.1	-0.01	6	4860	卖盘
11:09:21	8.11	-0.01	14	11354	买盘
11:09:18	8.12	0.02	73	59275	买盘
11:09:12	8.1	-0.02	2	1620	卖盘
11:09:09	8.12	0.02	62	50343	买盘
11:09:03	8.1	-0.01	84	68040	卖盘
11:08:57	8.11	0.01	97	78667	买盘
11:08:51	8.1	--	1	810	卖盘
11:08:48	8.1	--	30	24300	卖盘
11:08:42	8.1	--	19	15390	卖盘
11:08:39	8.1	-0.02	47	38070	卖盘
11:08:30	8.12	0.02	3	2435	买盘
11:08:27	8.1	--	2	1620	卖盘
11:08:24	8.1	-0.02	14	11340	卖盘
11:08:21	8.12	0.01	29	23547	买盘
11:08:15	8.11	0.01	20	16219	买盘
11:08:09	8.1	-0.01	27	21870	卖盘
11:08:06	8.11	--	4	3244	买盘
11:08:03	8.11	0.01	24	19464	买盘
11:08:00	8.1	-0.01	27	21870	卖盘
11:07:57	8.11	--	10	8109	卖盘
11:07:42	8.11	--	7	5677	卖盘
11:07:39	8.11	--	28	22708	卖盘
11:07:36	8.11	-0.01	31	25141	卖盘
11:07:33	8.12	--	28	22735	买盘
11:07:30	8.12	0.01	8	6495	买盘
11:07:24	8.11	--	7	5677	卖盘
11:07:21	8.11	--	96	77856	卖盘
11:07:15	8.11	-0.01	1	811	卖盘
11:07:12	8.12	0.01	16	12991	买盘
11:07:09	8.11	--	27	21897	卖盘
11:07:06	8.11	--	13	10543	卖盘
11:07:03	8.11	--	104	84344	买盘
11:07:00	8.11	0.01	1	811	买盘
11:06:51	8.1	-0.01	7	5670	卖盘
11:06:48	8.11	0.01	4	3244	买盘
11:06:45	8.1	--	6	4860	卖盘
11:06:39	8.1	-0.01	27	21870	卖盘
11:06:36	8.11	--	223	180853	卖盘
11:06:30	8.11	0.01	97	78667	买盘
11:06:27	8.1	--	1	810	卖盘
11:06:24	8.1	--	9	7290	卖盘
11:06:18	8.1	-0.01	2	1620	卖盘
11:06:15	8.11	--	501	406311	买盘
11:06:09	8.11	--	35	28384	买盘
11:06:06	8.11	0.01	10	8109	买盘
11:06:03	8.1	--	10	8100	卖盘
11:05:54	8.1	--	8	6480	卖盘
11:05:48	8.1	--	5	4050	卖盘
11:05:45	8.1	--	1	810	卖盘
11:05:42	8.1	--	8	6480	卖盘
11:05:39	8.1	--	32	25920	卖盘
11:05:36	8.1	--	83	67230	卖盘
11:05:30	8.1	-0.01	48	38880	卖盘
11:05:24	8.11	0.01	8	6488	中性盘
11:05:15	8.1	--	2	1620	卖盘
11:05:12	8.1	--	1	810	卖盘
11:05:09	8.1	-0.02	27	21870	卖盘
11:05:03	8.12	0.02	9	7307	买盘
11:05:00	8.1	-0.01	18	14580	卖盘
11:04:57	8.11	--	10	8109	卖盘
11:04:51	8.11	--	1	811	卖盘
11:04:45	8.11	0.01	7	5677	中性盘
11:04:42	8.1	--	7	5670	卖盘
11:04:39	8.1	-0.01	27	21870	卖盘
11:04:33	8.11	0.01	2	1622	买盘
11:04:30	8.1	-0.01	80	64800	卖盘
11:04:27	8.11	0.01	5	4054	买盘
11:04:24	8.1	--	7	5670	卖盘
11:04:15	8.1	--	88	71280	卖盘
11:04:09	8.1	--	27	21870	卖盘
11:04:06	8.1	-0.01	25	20250	卖盘
11:04:03	8.11	--	16	12976	买盘
11:04:00	8.11	--	5	4054	买盘
11:03:57	8.11	--	6	4866	买盘
11:03:51	8.11	--	1	811	买盘
11:03:48	8.11	--	20	16219	买盘
11:03:45	8.11	0.01	3	2433	买盘
11:03:42	8.1	-0.01	7	5670	卖盘
11:03:39	8.11	0.01	150	121649	买盘
11:03:36	8.1	-0.01	27	21870	卖盘
11:03:33	8.11	--	3	2433	买盘
11:03:27	8.11	--	4	3244	买盘
11:03:24	8.11	--	7	5677	买盘
11:03:21	8.11	--	13	10543	卖盘
11:03:15	8.11	--	1	811	卖盘
11:03:09	8.11	--	227	184097	卖盘
11:03:03	8.11	--	116	94076	买盘
11:03:00	8.11	--	18	14597	买盘
11:02:57	8.11	0.01	10	8109	买盘
11:02:51	8.1	--	2	1620	卖盘
11:02:45	8.1	--	30	24300	卖盘
11:02:42	8.1	--	6	4860	卖盘
11:02:39	8.1	-0.01	27	21870	卖盘
11:02:36	8.11	0.01	1	811	买盘
11:02:33	8.1	--	5	4050	卖盘
11:02:24	8.1	-0.01	1	810	卖盘
11:02:21	8.11	--	16	12976	卖盘
11:02:18	8.11	0.01	20	16219	买盘
11:02:12	8.1	--	2	1620	卖盘
11:02:09	8.1	--	27	21870	卖盘
11:02:03	8.1	--	6	4860	卖盘
11:02:00	8.1	-0.02	40	32400	卖盘
11:01:54	8.12	0.02	3	2435	买盘
11:01:48	8.1	-0.01	48	38880	卖盘
11:01:45	8.11	--	4	3244	买盘
11:01:42	8.11	0.01	3	2433	中性盘
11:01:39	8.1	--	28	22680	卖盘
11:01:33	8.1	--	191	154710	卖盘
11:01:27	8.1	-0.01	53	42930	卖盘
11:01:24	8.11	0.01	6	4866	卖盘
11:01:15	8.1	--	2	1620	卖盘
11:01:12	8.1	--	1	810	卖盘
11:01:09	8.1	-0.02	47	38070	卖盘
11:01:03	8.12	0.01	275	223299	买盘
11:00:51	8.11	--	3	2433	卖盘
11:00:48	8.11	--	1	811	卖盘
11:00:42	8.11	--	6	4866	卖盘
11:00:39	8.11	-0.01	27	21897	卖盘
11:00:36	8.12	0.01	3	2435	买盘
11:00:24	8.11	--	8	6488	卖盘
11:00:21	8.11	-0.01	5	4054	卖盘
11:00:15	8.12	0.01	8	6495	买盘
11:00:12	8.11	-0.01	6	4866	卖盘
11:00:09	8.12	--	50	40599	买盘
11:00:03	8.12	0.01	13	10555	买盘
11:00:00	8.11	-0.01	1	811	卖盘
10:59:51	8.12	0.01	4	3247	买盘
10:59:48	8.11	--	8	6488	卖盘
10:59:42	8.11	--	7	5677	卖盘
10:59:39	8.11	--	28	22708	卖盘
10:59:36	8.11	--	13	10543	卖盘
10:59:27	8.11	--	1	811	卖盘
10:59:24	8.11	--	14	11354	卖盘
10:59:18	8.11	-0.01	10	8109	卖盘
10:59:12	8.12	0.01	4	3247	买盘
10:59:09	8.11	-0.01	27	21897	卖盘
10:59:06	8.12	0.01	9	7307	买盘
10:59:03	8.11	--	7	5677	卖盘
10:58:51	8.11	--	1	811	卖盘
10:58:42	8.11	--	10	8109	卖盘
10:58:39	8.11	-0.01	27	21897	卖盘
10:58:27	8.12	0.01	3	2435	买盘
10:58:24	8.11	-0.01	8	6488	卖盘
10:58:15	8.12	0.01	8	6495	买盘
10:58:09	8.11	-0.01	27	21897	卖盘
10:58:03	8.12	--	32	25983	买盘
10:58:00	8.12	0.01	9	7307	买盘
10:57:57	8.11	--	1	811	卖盘
10:57:54	8.11	-0.01	18	14597	卖盘
10:57:45	8.12	0.01	7	5683	买盘
10:57:42	8.11	--	7	5677	卖盘
10:57:39	8.11	-0.01	28	22708	卖盘
10:57:36	8.12	0.01	1504	1221247	买盘
10:57:33	8.11	-0.01	1	811	卖盘
10:57:24	8.12	--	19	15427	卖盘
10:57:15	8.12	-0.01	4	3247	卖盘
10:57:12	8.13	0.01	12	9756	买盘
10:57:09	8.12	-0.01	29	23547	卖盘
10:57:06	8.13	0.02	18	14634	买盘
10:57:03	8.11	-0.01	17	13786	卖盘
10:56:54	8.12	0.01	5	4059	买盘
10:56:45	8.11	--	2	1622	卖盘
10:56:39	8.11	-0.02	27	21897	卖盘
10:56:33	8.13	0.01	3	2439	买盘
10:56:30	8.12	--	4	3247	买盘
10:56:27	8.12	0.01	7	5683	买盘
10:56:24	8.11	--	7	5677	卖盘
10:56:21	8.11	--	11	8921	卖盘
10:56:18	8.11	--	6	4866	卖盘
10:56:15	8.11	--	7	5677	卖盘
10:56:09	8.11	-0.02	27	21897	卖盘
10:56:00	8.13	--	93	75609	买盘
10:55:54	8.13	0.02	72	58536	买盘
10:55:51	8.11	--	619	502008	卖盘
10:55:45	8.11	--	1	811	卖盘
10:55:42	8.11	--	11	8921	卖盘
10:55:39	8.11	-0.01	28	22708	卖盘
10:55:36	8.12	--	3	2841	卖盘
10:55:33	8.12	0.01	27	22329	卖盘
10:55:24	8.11	-0.01	9	7298	卖盘
10:55:21	8.12	--	22	17864	买盘
10:55:18	8.12	--	26	21111	卖盘
10:55:15	8.12	--	30	24359	卖盘
10:55:09	8.12	--	67	54403	卖盘
10:55:06	8.12	--	31	25171	卖盘
10:55:03	8.12	--	7	5683	卖盘
10:55:00	8.12	-0.01	26	21111	卖盘
10:54:57	8.13	0.01	164	133332	买盘
10:54:51	8.12	-0.01	56	45471	卖盘
10:54:48	8.13	0.01	1	813	买盘
10:54:45	8.12	--	2	1623	卖盘
10:54:42	8.12	--	14	11367	卖盘
10:54:39	8.12	--	37	30043	卖盘
10:54:36	8.12	--	52	42223	卖盘
10:54:30	8.12	--	1	811	卖盘
10:54:24	8.12	-0.01	7	5683	卖盘
10:54:21	8.13	0.01	3	2439	买盘
10:54:18	8.12	-0.01	2	1623	卖盘
10:54:15	8.13	--	4	3252	买盘
10:54:12	8.13	0.01	9	7317	买盘
10:54:09	8.12	--	28	22735	卖盘
10:54:03	8.12	--	6	4871	卖盘
10:53:54	8.12	--	9	7307	卖盘
10:53:45	8.12	--	1	811	卖盘
10:53:42	8.12	--	1	811	卖盘
10:53:39	8.12	-0.02	28	22735	卖盘
10:53:36	8.14	0.01	3	2442	买盘
10:53:24	8.13	0.01	16	13008	卖盘
10:53:21	8.12	--	1	811	卖盘
10:53:12	8.12	-0.01	10	8119	卖盘
10:53:09	8.13	--	31	25203	买盘
10:53:06	8.13	0.01	4	3252	买盘
10:53:03	8.12	-0.01	7	5683	卖盘
10:53:00	8.13	0.01	26	21138	买盘
10:52:57	8.12	-0.01	1	811	卖盘
10:52:54	8.13	0.01	26	21138	买盘
10:52:45	8.12	--	30	24359	卖盘
10:52:42	8.12	--	7	5683	卖盘
10:52:39	8.12	--	39	31667	卖盘
10:52:33	8.12	-0.01	1	811	卖盘
10:52:27	8.13	0.01	143	116259	买盘
10:52:24	8.12	-0.01	7	5683	卖盘
10:52:09	8.13	0.02	180	146340	买盘
10:52:06	8.11	--	1	811	卖盘
10:52:03	8.11	--	6	4866	卖盘
10:52:00	8.11	-0.01	5	4054	卖盘
10:51:57	8.12	--	10	8119	买盘
10:51:54	8.12	--	52	42223	买盘
10:51:45	8.12	0.01	6	4871	买盘
10:51:42	8.11	--	7	5677	卖盘
10:51:39	8.11	-0.01	28	22708	卖盘
10:51:36	8.12	--	51	41411	买盘
10:51:27	8.12	--	37	30043	卖盘
10:51:24	8.12	--	206	167271	卖盘
10:51:21	8.12	-0.01	1	811	卖盘
10:51:12	8.13	0.01	14	11382	买盘
10:51:09	8.12	-0.01	27	21923	卖盘
10:51:06	8.13	0.01	8	6504	买盘
10:51:03	8.12	--	7	5683	卖盘
10:51:00	8.12	-0.01	2	1623	卖盘
10:50:57	8.13	0.01	10	8130	买盘
10:50:54	8.12	--	1	811	卖盘
10:50:45	8.12	--	2	1623	卖盘
10:50:42	8.12	--	6	4871	卖盘
10:50:39	8.12	-0.01	27	21923	卖盘
10:50:33	8.13	0.01	50	40650	买盘
10:50:30	8.12	--	6	4871	卖盘
10:50:27	8.12	--	1	811	卖盘
10:50:24	8.12	--	7	5683	卖盘
10:50:21	8.12	--	198	160775	卖盘
10:50:15	8.12	-0.01	26	21111	卖盘
10:50:12	8.13	0.01	5	4065	买盘
10:50:09	8.12	--	27	21923	卖盘
10:50:03	8.12	--	7	5683	卖盘
10:50:00	8.12	--	2	1623	卖盘
10:49:54	8.12	-0.01	28	22735	卖盘
10:49:48	8.13	0.01	1	813	买盘
10:49:42	8.12	--	8	6495	卖盘
10:49:39	8.12	-0.01	28	22735	卖盘
10:49:36	8.13	--	5	4065	买盘
10:49:24	8.13	0.01	9	7317	买盘
10:49:18	8.12	--	1	811	卖盘
10:49:09	8.12	--	27	21923	卖盘
10:49:03	8.12	--	7	5683	卖盘
10:49:00	8.12	--	3	2435	卖盘
10:48:54	8.12	--	10	8119	卖盘
10:48:51	8.12	--	3	2435	卖盘
10:48:45	8.12	--	40	32479	卖盘
10:48:42	8.12	--	6	4871	卖盘
10:48:39	8.12	--	27	21923	卖盘
10:48:30	8.12	--	4	3247	卖盘
10:48:27	8.12	-0.01	40	32479	卖盘
10:48:24	8.13	--	37	30081	买盘
10:48:21	8.13	--	26	21138	买盘
10:48:18	8.13	--	26	21138	买盘
10:48:15	8.13	--	3	2439	买盘
10:48:09	8.13	--	35	28455	买盘
10:48:06	8.13	0.01	9	7317	买盘
10:48:03	8.12	--	138	112055	卖盘
10:48:00	8.12	-0.01	2	1623	卖盘
10:47:48	8.13	0.01	5	4065	买盘
10:47:42	8.12	--	8	6495	卖盘
10:47:39	8.12	--	38	30855	卖盘
10:47:24	8.12	--	82	66584	卖盘
10:47:21	8.12	-0.01	1	811	卖盘
10:47:18	8.13	--	4	3252	买盘
10:47:15	8.13	0.01	3	2439	买盘
10:47:09	8.12	--	27	21923	卖盘
10:47:06	8.12	-0.01	33	26795	卖盘
10:47:03	8.13	0.01	15	12195	买盘
10:47:00	8.12	--	7	5683	卖盘
10:46:57	8.12	--	1	811	卖盘
10:46:42	8.12	-0.01	36	29231	卖盘
10:46:36	8.13	0.01	12	9756	买盘
10:46:30	8.12	--	2	1623	卖盘
10:46:24	8.12	-0.01	7	5683	卖盘
10:46:18	8.13	--	3	2439	买盘
10:46:12	8.13	0.01	4	3252	买盘
10:46:09	8.12	--	1	811	卖盘
10:46:03	8.12	--	19	15427	卖盘
10:46:00	8.12	--	11	8932	卖盘
10:45:45	8.12	--	8	6495	卖盘
10:45:39	8.12	-0.01	7	5683	卖盘
10:45:33	8.13	0.01	3	2439	买盘
10:45:27	8.12	--	2	1623	卖盘
10:45:24	8.12	--	6	4871	卖盘
10:45:21	8.12	-0.01	1	811	卖盘
10:45:09	8.13	--	11	8943	买盘
10:45:06	8.13	0.01	4	3252	买盘
10:45:03	8.12	--	7	5683	卖盘
10:44:57	8.12	-0.01	23	18676	卖盘
10:44:48	8.13	0.01	1	813	买盘
10:44:42	8.12	--	6	4871	卖盘
10:44:33	8.12	--	1	811	卖盘
10:44:24	8.12	-0.01	27	21923	卖盘
10:44:15	8.13	0.01	3	2439	买盘
10:44:12	8.12	--	4	3653	卖盘
10:44:09	8.12	--	2	1623	卖盘
10:44:06	8.12	--	1	811	卖盘
10:44:03	8.12	--	6	4871	卖盘
10:44:00	8.12	-0.01	90	73080	卖盘
10:43:57	8.13	0.01	13	10569	买盘
10:43:54	8.12	--	1	811	卖盘
10:43:42	8.12	--	8	6495	卖盘
10:43:39	8.12	-0.01	1	811	卖盘
10:43:30	8.13	0.01	3	2439	买盘
10:43:24	8.12	--	6	4871	卖盘
10:43:18	8.12	--	48	38975	卖盘
10:43:15	8.12	--	1	811	卖盘
10:43:09	8.12	--	156	126671	卖盘
10:43:06	8.12	--	34	27607	卖盘
10:43:03	8.12	--	7	5683	卖盘
10:43:00	8.12	-0.01	234	190007	卖盘
10:42:51	8.13	0.01	5	4065	买盘
10:42:48	8.12	--	40	32479	卖盘
10:42:42	8.12	--	6	4871	卖盘
10:42:24	8.12	-0.01	8	6495	卖盘
10:42:15	8.13	0.01	4	3252	买盘
10:42:12	8.12	--	6	4871	卖盘
10:42:03	8.12	--	18	14615	卖盘
10:42:00	8.12	-0.01	9	7307	卖盘
10:41:54	8.13	--	9	7317	买盘
10:41:51	8.13	0.01	3	2439	买盘
10:41:45	8.12	-0.01	7	5683	卖盘
10:41:42	8.13	0.01	4	3252	买盘
10:41:39	8.12	--	100	81199	卖盘
10:41:36	8.12	--	1	811	卖盘
10:41:24	8.12	--	6	4871	卖盘
10:41:21	8.12	-0.01	41	33292	卖盘
10:41:18	8.13	0.01	3	2439	买盘
10:41:15	8.12	--	209	169707	卖盘
10:41:12	8.12	--	1	811	卖盘
10:41:03	8.12	--	65	52779	卖盘
10:41:00	8.12	--	21	17052	卖盘
10:40:48	8.12	--	1	811	卖盘
10:40:42	8.12	-0.01	6	4871	卖盘
10:40:33	8.13	--	4	3252	买盘
10:40:30	8.13	0.01	2	1626	买盘
10:40:27	8.12	--	9	7307	卖盘
10:40:24	8.12	--	7	5683	卖盘
10:40:21	8.12	-0.01	1	811	卖盘
10:40:18	8.13	0.01	3	2439	买盘
10:40:03	8.12	--	6	4871	卖盘
10:40:00	8.12	--	1	811	卖盘
10:39:57	8.12	-0.01	10	8119	卖盘
10:39:54	8.13	--	10	8130	买盘
10:39:51	8.13	--	10	8130	买盘
10:39:48	8.13	0.01	1	813	买盘
10:39:45	8.12	--	7	5683	卖盘
10:39:39	8.12	--	60	48719	卖盘
10:39:33	8.12	-0.01	2	1623	卖盘
10:39:30	8.13	0.01	3	2439	买盘
10:39:24	8.12	-0.01	6	4871	卖盘
10:39:15	8.13	0.01	5	4065	买盘
10:39:12	8.12	--	302	245223	卖盘
10:39:03	8.12	-0.01	7	5683	卖盘
10:39:00	8.13	--	1	813	买盘
10:38:57	8.13	--	1	813	买盘
10:38:54	8.13	--	9	7317	买盘
10:38:51	8.13	0.01	3	2439	买盘
10:38:45	8.12	--	16	12991	卖盘
10:38:42	8.12	-0.01	29	23953	卖盘
10:38:36	8.13	--	1	813	买盘
10:38:27	8.13	--	7	5691	买盘
10:38:24	8.13	0.01	15	12195	买盘
10:38:21	8.12	-0.01	1	811	卖盘
10:38:18	8.13	0.01	4	3252	买盘
10:38:12	8.12	--	13	10555	卖盘
10:38:09	8.12	--	30	24359	卖盘
10:38:06	8.12	--	2	1623	卖盘
10:38:03	8.12	0.01	734	596008	买盘
10:38:00	8.11	--	10	8109	卖盘
10:37:57	8.11	--	1	811	卖盘
10:37:51	8.11	--	6	4866	卖盘
10:37:42	8.11	--	7	5677	卖盘
10:37:30	8.11	--	1	811	卖盘
10:37:24	8.11	-0.01	93	75423	卖盘
10:37:21	8.12	0.01	3	2435	买盘
10:37:18	8.11	--	1	811	卖盘
10:37:03	8.11	--	7	5677	卖盘
10:37:00	8.11	-0.01	9	7298	卖盘
10:36:57	8.12	--	6	4871	买盘
10:36:45	8.12	0.01	5	4059	买盘
10:36:42	8.11	--	6	4866	卖盘
10:36:36	8.11	-0.01	1	811	卖盘
10:36:27	8.12	0.01	3	2435	买盘
10:36:24	8.11	-0.01	7	5677	卖盘
10:36:21	8.12	--	22	17864	中性盘
10:36:15	8.12	--	311	252531	卖盘
10:36:03	8.12	--	8	6495	卖盘
10:36:00	8.12	-0.01	66	53591	卖盘
10:35:57	8.13	--	2	1626	买盘
10:35:54	8.13	0.01	9	7317	买盘
10:35:51	8.12	--	1	811	卖盘
10:35:48	8.12	--	1	811	卖盘
10:35:42	8.12	-0.01	7	5683	卖盘
10:35:36	8.13	0.01	4	3252	买盘
10:35:33	8.12	--	9	7307	卖盘
10:35:24	8.12	-0.01	7	5683	卖盘
10:35:18	8.13	--	28	22764	买盘
10:35:03	8.13	0.01	21	17073	买盘
10:35:00	8.12	-0.01	13	10555	卖盘
10:34:57	8.13	0.01	5	4065	买盘
10:34:54	8.12	--	1	811	卖盘
10:34:42	8.12	--	6	4871	卖盘
10:34:27	8.12	--	6	4871	卖盘
10:34:24	8.12	-0.01	7	5683	卖盘
10:34:18	8.13	0.01	13	10569	买盘
10:34:12	8.12	--	2	1623	卖盘
10:34:09	8.12	-0.01	10	8119	卖盘
10:34:06	8.13	0.01	3	2439	买盘
10:34:03	8.12	--	15	12179	卖盘
10:33:57	8.12	--	30	24359	卖盘
10:33:48	8.12	--	1	811	卖盘
10:33:45	8.12	--	1	811	卖盘
10:33:42	8.12	--	7	5683	卖盘
10:33:39	8.12	-0.01	33	26795	卖盘
10:33:36	8.13	--	13	10569	买盘
10:33:30	8.13	--	100	81300	买盘
10:33:24	8.13	--	10	8130	买盘
10:33:21	8.13	--	4	3252	买盘
10:33:09	8.13	--	5	4065	买盘
10:33:06	8.13	0.01	7	5691	买盘
10:33:03	8.12	--	7	5683	卖盘
10:33:00	8.12	--	10	8119	卖盘
10:32:57	8.12	--	9	7307	卖盘
10:32:42	8.12	--	7	5683	卖盘
10:32:39	8.12	--	4	3247	卖盘
10:32:36	8.12	--	80	64959	卖盘
10:32:33	8.12	-0.01	150	121799	卖盘
10:32:27	8.13	0.01	9	7317	买盘
10:32:24	8.12	--	15	12179	卖盘
10:32:15	8.12	-0.01	140	113679	卖盘
10:32:12	8.13	0.01	4	3252	买盘
10:32:09	8.12	--	1	811	卖盘
10:32:06	8.12	--	10	8119	卖盘
10:32:03	8.12	--	6	4871	卖盘
10:31:57	8.12	-0.01	1	811	卖盘
10:31:54	8.13	0.01	9	7317	买盘
10:31:45	8.12	--	1	811	卖盘
10:31:42	8.12	-0.01	17	13803	卖盘
10:31:33	8.13	--	4	3252	买盘
10:31:30	8.13	0.01	12	9756	买盘
10:31:27	8.12	--	120	97439	卖盘
10:31:24	8.12	--	6	4871	卖盘
10:31:18	8.12	-0.01	29	23547	卖盘
10:31:06	8.13	0.01	4	3252	买盘
10:31:03	8.12	--	7	5683	卖盘
10:31:00	8.12	--	1	811	卖盘
10:30:57	8.12	--	1	811	卖盘
10:30:51	8.12	-0.01	47	38163	卖盘
10:30:48	8.13	0.01	8	6504	买盘
10:30:45	8.12	--	6	4871	卖盘
10:30:39	8.12	-0.01	9	7307	卖盘
10:30:36	8.13	0.01	25	20325	买盘
10:30:33	8.12	--	1	811	卖盘
10:30:30	8.12	--	36	29231	卖盘
10:30:24	8.12	-0.01	7	5683	卖盘
10:30:18	8.13	0.01	3	2439	买盘
10:30:09	8.12	--	1	811	卖盘
10:30:03	8.12	-0.01	6	4871	卖盘
10:30:00	8.13	--	4	3252	买盘
10:29:57	8.13	0.01	8	6504	买盘
10:29:54	8.12	-0.01	1	811	卖盘
10:29:51	8.13	--	7	5691	买盘
10:29:48	8.13	0.01	12	9756	买盘
10:29:45	8.12	--	2	1623	卖盘
10:29:42	8.12	--	7	5683	卖盘
10:29:39	8.12	-0.01	7	5683	卖盘
10:29:33	8.13	0.01	68	55284	买盘
10:29:24	8.12	-0.01	8	6495	卖盘
10:29:21	8.13	0.01	4	3252	买盘
10:29:15	8.12	--	3	2435	卖盘
10:29:03	8.12	--	7	5683	卖盘
10:28:57	8.12	-0.01	23	18676	卖盘
10:28:54	8.13	--	9	7317	买盘
10:28:51	8.13	0.01	36	29268	买盘
10:28:48	8.12	--	20	16239	卖盘
10:28:42	8.12	--	13	10555	卖盘
10:28:33	8.12	-0.01	29	23547	卖盘
10:28:27	8.13	--	3	2439	买盘
10:28:24	8.13	0.01	9	7317	买盘
10:28:18	8.12	--	26	21111	卖盘
10:28:12	8.12	--	27	21923	卖盘
10:28:03	8.12	-0.01	6	4871	卖盘
10:27:51	8.13	--	50	40650	买盘
10:27:48	8.13	--	51	41463	卖盘
10:27:45	8.13	--	7	5691	卖盘
10:27:36	8.13	--	55	44715	买盘
10:27:33	8.13	0.01	13	10569	买盘
10:27:24	8.12	--	10	8119	卖盘
10:27:21	8.12	-0.01	7	5683	卖盘
10:27:15	8.13	--	3	2439	买盘
10:27:12	8.13	-0.01	15	12195	中性盘
10:27:03	8.14	0.01	60	48840	买盘
10:26:57	8.13	--	1	813	卖盘
10:26:54	8.13	--	26	21138	卖盘
10:26:42	8.13	-0.01	6	4878	卖盘
10:26:39	8.14	0.01	5	4070	买盘
10:26:36	8.13	-0.01	1	813	卖盘
10:26:33	8.14	0.01	10	8140	买盘
10:26:30	8.13	--	5	4065	卖盘
10:26:24	8.13	-0.01	7	5691	卖盘
10:26:21	8.14	0.01	3	2442	买盘
10:26:15	8.13	--	26	21138	卖盘
10:26:12	8.13	--	1	813	卖盘
10:26:09	8.13	--	20	16260	卖盘
10:26:03	8.13	-0.01	15	12195	卖盘
10:25:51	8.14	0.01	10	8140	买盘
10:25:45	8.13	--	1	813	卖盘
10:25:42	8.13	--	7	5691	卖盘
10:25:24	8.13	-0.01	6	4878	卖盘
10:25:21	8.14	0.01	5	4070	买盘
10:25:18	8.13	-0.01	1	813	卖盘
10:25:09	8.14	0.01	3	2442	买盘
10:25:03	8.13	--	15	12195	卖盘
10:24:57	8.13	--	48	39024	卖盘
10:24:54	8.13	--	1	813	卖盘
10:24:51	8.13	-0.01	12	9756	卖盘
10:24:45	8.14	0.01	7	5698	买盘
10:24:42	8.13	--	56	45528	卖盘
10:24:27	8.13	--	1	813	卖盘
10:24:24	8.13	--	12	9756	卖盘
10:24:15	8.13	--	117	95121	买盘
10:24:12	8.13	--	4	3252	买盘
10:24:03	8.13	0.01	15	12195	买盘
10:24:00	8.12	-0.01	2	1623	卖盘
10:23:54	8.13	--	3	2439	买盘
10:23:48	8.13	0.01	9	7317	买盘
10:23:42	8.12	--	11	8932	卖盘
10:23:39	8.12	--	1	811	卖盘
10:23:27	8.12	--	26	21111	卖盘
10:23:24	8.12	--	6	4871	卖盘
10:23:18	8.12	--	5	4059	卖盘
10:23:15	8.12	-0.01	298	241975	卖盘
10:23:12	8.13	--	3	2439	买盘
10:23:03	8.13	-0.01	4	3252	卖盘
10:23:00	8.14	0.01	4	3256	买盘
10:22:57	8.13	--	5	4065	卖盘
10:22:54	8.13	--	1	813	卖盘
10:22:51	8.13	--	2	1626	卖盘
10:22:48	8.13	0.01	6	4878	买盘
10:22:45	8.12	-0.02	1	811	卖盘
10:22:39	8.14	0.01	74	60236	买盘
10:22:36	8.13	0.01	20	16260	买盘
10:22:27	8.12	--	1	811	卖盘
10:22:24	8.12	-0.01	16	12991	卖盘
10:22:12	8.13	-0.01	31	25690	卖盘
10:22:06	8.14	0.01	3	2442	买盘
10:22:03	8.13	--	7	5691	卖盘
10:22:00	8.13	-0.01	2	1626	卖盘
10:21:54	8.14	0.01	4	3256	买盘
10:21:51	8.13	-0.01	1	813	卖盘
10:21:45	8.14	0.01	9	7326	买盘
10:21:42	8.13	--	12	9756	卖盘
10:21:36	8.13	--	1	813	卖盘
10:21:33	8.13	--	31	25203	卖盘
10:21:27	8.13	--	13	10569	卖盘
10:21:24	8.13	-0.01	16	13008	卖盘
10:21:21	8.14	0.01	40	32560	买盘
10:21:18	8.13	-0.01	4	3252	卖盘
10:21:15	8.14	0.01	3	2442	买盘
10:21:09	8.13	--	1	813	卖盘
10:21:03	8.13	--	23	18699	卖盘
10:21:00	8.13	-0.01	206	167478	卖盘
10:20:57	8.14	0.01	10	8140	买盘
10:20:54	8.13	-0.01	5	4065	卖盘
10:20:51	8.14	--	8	6512	买盘
10:20:48	8.14	--	4	3256	买盘
10:20:45	8.14	0.01	50	40700	买盘
10:20:42	8.13	-0.01	32	26016	卖盘
10:20:39	8.14	0.01	5	4070	买盘
10:20:36	8.13	--	3	2764	买盘
10:20:30	8.13	--	17	14308	卖盘
10:20:24	8.13	--	7	5691	卖盘
10:20:18	8.13	--	2	1626	卖盘
10:20:15	8.13	--	67	54471	卖盘
10:20:12	8.13	--	106	86503	买盘
10:20:09	8.13	0.01	3	2439	买盘
10:20:03	8.12	--	163	132356	买盘
10:20:00	8.12	--	40	32479	买盘
10:19:57	8.12	--	8	6495	买盘
10:19:54	8.12	--	66	53591	买盘
10:19:51	8.12	0.01	4	3247	买盘
10:19:42	8.11	-0.01	7	5677	卖盘
10:19:39	8.12	0.01	4	3247	买盘
10:19:36	8.11	-0.01	10	8109	卖盘
10:19:30	8.12	0.01	1	811	买盘
10:19:27	8.11	--	1	811	卖盘
10:19:24	8.11	-0.01	6	4866	卖盘
10:19:18	8.12	0.01	6	4871	买盘
10:19:12	8.11	--	108	87588	卖盘
10:19:06	8.11	--	92	74612	卖盘
10:19:03	8.11	--	13	10543	卖盘
10:19:00	8.11	--	33	26762	卖盘
10:18:57	8.11	-0.01	61	49471	卖盘
10:18:54	8.12	--	9	7307	买盘
10:18:51	8.12	--	8	6495	买盘
10:18:45	8.12	0.01	10	8119	买盘
10:18:42	8.11	--	6	4866	卖盘
10:18:30	8.11	--	22	17842	卖盘
10:18:24	8.11	-0.01	7	5677	卖盘
10:18:21	8.12	0.01	5	4059	买盘
10:18:18	8.11	-0.01	24	19464	卖盘
10:18:09	8.12	--	4	3247	买盘
10:18:06	8.12	0.01	7	5683	买盘
10:18:03	8.11	--	11	8921	卖盘
10:18:00	8.11	-0.01	6	4866	卖盘
10:17:45	8.12	0.01	8	6495	买盘
10:17:42	8.11	--	37	30006	卖盘
10:17:36	8.11	-0.01	1	811	卖盘
10:17:33	8.12	--	23	18676	买盘
10:17:30	8.12	0.01	28	22735	买盘
10:17:24	8.11	-0.01	6	4866	卖盘
10:17:12	8.12	0.01	4	3247	买盘
10:17:09	8.11	--	74	60013	卖盘
10:17:03	8.11	-0.01	7	5677	卖盘
10:17:00	8.12	--	9	7307	买盘
10:16:57	8.12	0.01	17	13803	买盘
10:16:45	8.11	--	1	811	卖盘
10:16:42	8.11	-0.01	8	6488	卖盘
10:16:39	8.12	--	34	27607	买盘
10:16:36	8.12	--	30	24359	买盘
10:16:30	8.12	0.01	1	811	买盘
10:16:24	8.11	-0.01	7	5677	卖盘
10:16:12	8.12	--	3	2435	买盘
10:16:06	8.12	0.01	4	3247	买盘
10:16:03	8.11	-0.01	6	4866	卖盘
10:15:57	8.12	--	9	7307	买盘
10:15:51	8.12	0.01	35	28419	买盘
10:15:48	8.11	-0.01	5	4054	卖盘
10:15:42	8.12	--	47	38163	买盘
10:15:39	8.12	0.01	20	16239	买盘
10:15:33	8.11	-0.01	1	811	卖盘
10:15:30	8.12	0.01	1	811	买盘
10:15:24	8.11	--	6	4866	卖盘
10:15:18	8.11	-0.01	30	24330	卖盘
10:15:15	8.12	--	13	10555	买盘
10:15:12	8.12	0.01	49	39787	买盘
10:15:03	8.11	--	7	5677	卖盘
10:15:00	8.11	-0.01	2	1622	卖盘
10:14:57	8.12	0.01	15	12179	买盘
10:14:54	8.11	-0.01	15	12165	卖盘
10:14:51	8.12	0.01	29	23547	买盘
10:14:42	8.11	-0.01	30	24330	卖盘
10:14:39	8.12	0.01	5	4059	买盘
10:14:36	8.11	--	48	38928	卖盘
10:14:24	8.11	--	7	5677	卖盘
10:14:15	8.11	-0.01	100	81100	卖盘
10:14:09	8.12	--	54	43847	买盘
10:14:06	8.12	0.01	4	3247	买盘
10:14:03	8.11	-0.01	13	10543	卖盘
10:13:57	8.12	--	32	25983	买盘
10:13:51	8.12	--	4	3247	买盘
10:13:48	8.12	0.01	24	19487	买盘
10:13:42	8.11	-0.01	14	11354	卖盘
10:13:36	8.12	--	26	21111	买盘
10:13:30	8.12	--	3	2435	买盘
10:13:27	8.12	--	90	73080	买盘
10:13:24	8.12	--	11	8932	买盘
10:13:21	8.12	--	104	84447	买盘
10:13:15	8.12	0.01	2	1623	买盘
10:13:09	8.11	-0.01	10	8109	卖盘
10:13:06	8.12	0.01	5	4059	买盘
10:13:03	8.11	--	7	5677	卖盘
10:13:00	8.11	--	2	1622	卖盘
10:12:54	8.11	-0.01	8	6488	卖盘
10:12:51	8.12	--	8	6495	买盘
10:12:45	8.12	0.01	4	3247	买盘
10:12:42	8.11	--	6	4866	卖盘
10:12:27	8.11	--	20	16219	卖盘
10:12:24	8.11	-0.01	7	5677	卖盘
10:12:21	8.12	0.01	3	2435	买盘
10:12:15	8.11	-0.01	34	27573	卖盘
10:12:06	8.12	0.01	112	90943	买盘
10:12:03	8.11	-0.01	41	33251	卖盘
10:11:54	8.12	0.01	9	7307	买盘
10:11:51	8.11	--	3	2433	卖盘
10:11:45	8.11	0.01	78	63663	买盘
10:11:42	8.1	-0.01	7	5670	卖盘
10:11:39	8.11	0.01	8	6488	买盘
10:11:36	8.1	--	33	26730	卖盘
10:11:27	8.1	-0.01	4	3240	卖盘
10:11:24	8.11	--	35	28790	卖盘
10:11:21	8.11	--	102	82722	卖盘
10:11:18	8.11	-0.01	4	3244	卖盘
10:11:15	8.12	--	10	8119	买盘
10:11:09	8.12	0.01	3	2435	买盘
10:11:06	8.11	--	1	1216	卖盘
10:11:03	8.11	--	7	5677	卖盘
10:11:00	8.11	-0.01	3	2433	卖盘
10:10:57	8.12	0.01	10	8119	买盘
10:10:48	8.11	--	20	16219	卖盘
10:10:42	8.11	--	11	8921	卖盘
10:10:36	8.11	--	10	8109	卖盘
10:10:33	8.11	-0.01	3	2433	卖盘
10:10:30	8.12	0.01	4	3247	买盘
10:10:27	8.11	--	6	4866	卖盘
10:10:24	8.11	--	33	26762	卖盘
10:10:21	8.11	--	35	28384	卖盘
10:10:18	8.11	0.01	144	116783	买盘
10:10:09	8.1	-0.01	5	4050	卖盘
10:10:06	8.11	--	7	5677	买盘
10:10:03	8.11	--	56	45416	买盘
10:10:00	8.11	-0.01	105	85155	卖盘
10:09:57	8.12	--	15	12179	买盘
10:09:51	8.12	--	19	15427	买盘
10:09:48	8.12	0.01	56	45471	买盘
10:09:42	8.11	--	6	4866	卖盘
10:09:39	8.11	--	10	8109	卖盘
10:09:36	8.11	--	9	7298	卖盘
10:09:33	8.11	-0.01	35	28384	卖盘
10:09:30	8.12	--	40	32479	买盘
10:09:27	8.12	0.01	6	4871	买盘
10:09:24	8.11	--	6	4866	卖盘
10:09:21	8.11	--	9	7298	买盘
10:09:18	8.11	--	52	42172	买盘
10:09:15	8.11	0.01	3	2433	买盘
10:09:12	8.1	-0.01	158	127980	卖盘
10:09:03	8.11	--	2	1622	卖盘
10:09:00	8.11	0.01	8	6488	买盘
10:08:57	8.1	-0.02	10	8100	卖盘
10:08:54	8.12	0.02	9	7307	买盘
10:08:51	8.1	-0.01	6	4860	卖盘
10:08:48	8.11	0.01	6	4866	卖盘
10:08:45	8.1	-0.01	30	24300	卖盘
10:08:42	8.11	0.01	67	54336	买盘
10:08:39	8.1	--	10	8100	卖盘
10:08:36	8.1	--	23	18630	卖盘
10:08:33	8.1	-0.01	34	27540	卖盘
10:08:27	8.11	0.01	6	4866	买盘
10:08:24	8.1	-0.01	11	8910	卖盘
10:08:21	8.11	--	5	4054	买盘
10:08:18	8.11	--	10	8109	买盘
10:08:15	8.11	--	9	7298	卖盘
10:08:12	8.11	--	62	50282	卖盘
10:08:09	8.11	--	13	10543	卖盘
10:08:06	8.11	0.01	23	18653	卖盘
10:08:03	8.1	--	20	16596	卖盘
10:07:57	8.1	-0.01	2888	2339685	卖盘
10:07:54	8.11	-0.01	24	19464	卖盘
10:07:48	8.12	0.01	9	7307	买盘
10:07:42	8.11	--	6	4866	卖盘
10:07:39	8.11	-0.01	2	1622	卖盘
10:07:33	8.12	--	4	3247	买盘
10:07:24	8.12	--	510	414119	买盘
10:07:18	8.12	--	2	2029	卖盘
10:07:15	8.12	--	20	16239	卖盘
10:07:12	8.12	-0.01	23	18676	卖盘
10:07:09	8.13	--	4	3252	买盘
10:07:06	8.13	0.01	3	2439	买盘
10:07:03	8.12	--	6	4871	卖盘
10:07:00	8.12	--	48	39381	买盘
10:06:54	8.12	--	8	6495	买盘
10:06:48	8.12	0.01	14	11367	买盘
10:06:45	8.11	--	33	26762	卖盘
10:06:42	8.11	--	6	4866	卖盘
10:06:36	8.11	--	12	9732	卖盘
10:06:30	8.11	-0.01	784	635824	卖盘
10:06:27	8.12	0.01	50	40599	买盘
10:06:24	8.11	-0.01	7	5677	卖盘
10:06:21	8.12	--	60	48719	买盘
10:06:15	8.12	--	10	8526	卖盘
10:06:12	8.12	--	12	9743	卖盘
10:06:06	8.12	--	1	811	卖盘
10:06:03	8.12	--	61	49531	卖盘
10:06:00	8.12	-0.01	2	1623	卖盘
10:05:54	8.13	0.01	14	11382	买盘
10:05:48	8.12	--	30	24359	卖盘
10:05:42	8.12	--	11	8932	卖盘
10:05:33	8.12	--	11	9338	卖盘
10:05:30	8.12	--	27	21923	卖盘
10:05:27	8.12	--	100	81199	卖盘
10:05:24	8.12	-0.01	32	25983	卖盘
10:05:15	8.13	0.01	10	8130	买盘
10:05:12	8.12	--	103	84041	卖盘
10:05:03	8.12	--	6	4871	卖盘
10:05:00	8.12	-0.01	25	20299	卖盘
10:04:54	8.13	--	12	9756	买盘
10:04:51	8.13	--	2	1626	买盘
10:04:48	8.13	0.01	5	4065	买盘
10:04:42	8.12	-0.01	20	16239	卖盘
10:04:36	8.13	0.01	50	40650	买盘
10:04:30	8.12	--	20	16239	卖盘
10:04:21	8.12	-0.01	106	86071	卖盘
10:04:15	8.13	--	20	16260	买盘
10:04:12	8.13	--	23	18699	买盘
10:04:06	8.13	0.01	42	34146	买盘
10:04:03	8.12	--	6	4871	卖盘
10:04:00	8.12	--	41	33292	卖盘
10:03:57	8.12	-0.01	8	6495	卖盘
10:03:54	8.13	--	3	2439	买盘
10:03:51	8.13	--	4	3252	买盘
10:03:48	8.13	0.01	9	7317	买盘
10:03:42	8.12	--	12	10149	卖盘
10:03:33	8.12	--	34	27607	卖盘
10:03:30	8.12	--	6	4871	卖盘
10:03:27	8.12	--	30	24359	卖盘
10:03:24	8.12	--	6	4871	卖盘
10:03:21	8.12	--	10	8119	卖盘
10:03:12	8.12	-0.01	1	811	卖盘
10:03:06	8.13	0.01	11	8943	买盘
10:03:03	8.12	--	113	91755	卖盘
10:03:00	8.12	--	1	811	买盘
10:02:54	8.12	--	150	121799	买盘
10:02:51	8.12	--	33	26795	买盘
10:02:42	8.12	0.01	15	12179	买盘
10:02:39	8.11	-0.01	3	2433	卖盘
10:02:33	8.12	-0.01	6	4871	买盘
10:02:27	8.13	0.02	134	108942	买盘
10:02:24	8.11	-0.01	6	4866	卖盘
10:02:21	8.12	--	20	16239	买盘
10:02:18	8.12	-0.01	271	220457	卖盘
10:02:12	8.13	--	15	12195	买盘
10:02:09	8.13	0.01	9	7317	买盘
10:02:06	8.12	--	2	1623	卖盘
10:02:03	8.12	-0.01	1	811	卖盘
10:02:00	8.13	--	122	99186	买盘
10:01:57	8.13	--	5	4065	买盘
10:01:51	8.13	--	15	12195	买盘
10:01:45	8.13	--	39	31707	买盘
10:01:33	8.13	--	6	4878	买盘
10:01:30	8.13	--	26	21138	买盘
10:01:27	8.13	0.01	7	5691	买盘
10:01:24	8.12	--	399	323987	卖盘
10:01:21	8.12	--	30	24359	卖盘
10:01:15	8.12	--	71	57651	卖盘
10:01:12	8.12	-0.01	86	69832	卖盘
10:01:09	8.13	--	3	2439	买盘
10:01:06	8.13	0.01	7	5691	买盘
10:01:00	8.12	0.02	44	36134	买盘
10:00:57	8.1	-0.02	2568	2080468	卖盘
10:00:54	8.12	--	26	21111	买盘
10:00:51	8.12	--	38	30855	买盘
10:00:48	8.12	0.01	60	48719	买盘
10:00:45	8.11	-0.01	584	473623	卖盘
10:00:42	8.12	--	8	6495	买盘
10:00:36	8.12	--	5	4059	买盘
10:00:30	8.12	--	4	3247	买盘
10:00:27	8.12	--	8	6495	买盘
10:00:21	8.12	0.01	85	69020	买盘
10:00:18	8.11	-0.01	39	31628	卖盘
10:00:09	8.12	--	19	15427	买盘
10:00:03	8.12	--	7	5683	卖盘
09:59:57	8.12	-0.01	14	11367	卖盘
09:59:54	8.13	0.01	30	24390	买盘
09:59:51	8.12	-0.01	35	28419	卖盘
09:59:45	8.13	0.02	9	7317	买盘
09:59:39	8.11	-0.01	1000	811000	卖盘
09:59:36	8.12	-0.01	5	4059	卖盘
09:59:30	8.13	--	50	40650	买盘
09:59:27	8.13	--	2	1626	买盘
09:59:24	8.13	--	12	9756	买盘
09:59:21	8.13	0.01	4	3252	买盘
09:59:18	8.12	--	23	18676	卖盘
09:59:15	8.12	--	10	8119	卖盘
09:59:12	8.12	--	271	220051	卖盘
09:59:09	8.12	--	14	11367	卖盘
09:59:06	8.12	--	160	129919	卖盘
09:59:03	8.12	--	548	444975	卖盘
09:59:00	8.12	--	15	12585	卖盘
09:58:57	8.12	--	50	40599	卖盘
09:58:54	8.12	-0.01	80	64959	卖盘
09:58:48	8.13	--	8	6504	买盘
09:58:45	8.13	0.01	341	277233	买盘
09:58:39	8.12	--	10	8119	卖盘
09:58:36	8.12	--	1600	1299199	卖盘
09:58:33	8.12	--	7	5683	卖盘
09:58:27	8.12	-0.01	100	81199	卖盘
09:58:24	8.13	0.01	6	4878	买盘
09:58:21	8.12	--	314	254967	卖盘
09:58:18	8.12	--	30	24359	卖盘
09:58:12	8.12	-0.01	18	14615	卖盘
09:58:09	8.13	0.01	3	2439	买盘
09:58:03	8.12	-0.01	2	1623	卖盘
09:57:54	8.13	--	11	8943	买盘
09:57:51	8.13	--	58	47154	买盘
09:57:48	8.13	--	12	9756	买盘
09:57:45	8.13	--	14	11382	买盘
09:57:42	8.13	--	2001	1626894	卖盘
09:57:39	8.13	--	32	26016	卖盘
09:57:30	8.13	-0.01	74	60162	卖盘
09:57:24	8.14	0.01	21	17094	买盘
09:57:18	8.13	-0.01	26	21138	卖盘
09:57:12	8.14	--	46	37444	买盘
09:57:09	8.14	--	12	9768	买盘
09:57:06	8.14	0.01	5	4070	买盘
09:57:00	8.13	-0.01	30	24390	卖盘
09:56:57	8.14	--	2	1628	买盘
09:56:54	8.14	0.01	11	8954	买盘
09:56:51	8.13	-0.01	12	9756	卖盘
09:56:45	8.14	0.01	54	43956	买盘
09:56:36	8.13	-0.01	30	24390	卖盘
09:56:27	8.14	0.01	9	7326	买盘
09:56:24	8.13	-0.02	33	26829	卖盘
09:56:15	8.15	--	3	2445	买盘
09:56:06	8.15	--	16	13040	买盘
09:56:03	8.15	--	10	8150	买盘
09:56:00	8.15	0.01	1355	1104748	买盘
09:55:57	8.14	--	50	40700	卖盘
09:55:54	8.14	-0.01	2	1628	卖盘
09:55:48	8.15	0.01	9	7335	买盘
09:55:45	8.14	--	20	16280	卖盘
09:55:42	8.14	--	1	814	卖盘
09:55:36	8.14	0.01	165	134717	买盘
09:55:33	8.13	-0.01	5	4065	卖盘
09:55:27	8.14	--	5	4070	买盘
09:55:24	8.14	--	9	7733	卖盘
09:55:18	8.14	0.01	6	5291	买盘
09:55:12	8.13	-0.01	85	69105	卖盘
09:55:06	8.14	--	19	15466	买盘
09:55:03	8.14	0.01	18	14652	买盘
09:54:57	8.13	-0.01	215	174795	卖盘
09:54:51	8.14	0.01	72	59015	买盘
09:54:48	8.13	-0.01	34	27642	卖盘
09:54:39	8.14	--	3	2442	买盘
09:54:36	8.14	--	5	4070	买盘
09:54:27	8.14	0.01	200	162800	买盘
09:54:21	8.13	-0.01	15	12195	卖盘
09:54:18	8.14	0.01	58	47212	买盘
09:54:12	8.13	-0.01	65	52845	卖盘
09:54:09	8.14	--	1	814	买盘
09:54:03	8.14	--	5	4070	买盘
09:53:57	8.14	0.01	4	3256	买盘
09:53:54	8.13	--	51	41463	卖盘
09:53:51	8.13	-0.01	2	1626	卖盘
09:53:45	8.14	--	13	10582	买盘
09:53:42	8.14	--	56	45584	买盘
09:53:36	8.14	--	5	4070	买盘
09:53:33	8.14	--	16	13024	买盘
09:53:24	8.14	--	2	2035	卖盘
09:53:18	8.14	-0.01	13	10582	卖盘
09:53:15	8.15	0.01	10	8557	买盘
09:53:06	8.14	-0.01	12	9768	中性盘
09:53:00	8.15	0.02	5	4075	买盘
09:52:57	8.13	-0.01	279	226827	卖盘
09:52:51	8.14	--	4	3256	买盘
09:52:45	8.14	--	18	14652	买盘
09:52:42	8.14	-0.01	26	21164	卖盘
09:52:39	8.15	0.01	4	3260	买盘
09:52:36	8.14	--	13	10582	卖盘
09:52:27	8.14	--	130	105820	卖盘
09:52:21	8.14	-0.01	1	814	卖盘
09:52:18	8.15	0.01	3	2445	买盘
09:52:06	8.14	0.01	179	145706	买盘
09:52:03	8.13	--	4	3252	卖盘
09:52:00	8.13	-0.01	44	35772	卖盘
09:51:57	8.14	0.01	25	20350	买盘
09:51:54	8.13	--	12	9756	卖盘
09:51:51	8.13	-0.01	4	3252	卖盘
09:51:48	8.14	0.01	5	4070	买盘
09:51:45	8.13	--	2	1626	卖盘
09:51:42	8.13	--	12	9756	卖盘
09:51:39	8.13	-0.01	68	55284	卖盘
09:51:36	8.14	--	24	19536	买盘
09:51:33	8.14	0.01	19	15466	买盘
09:51:30	8.13	-0.01	60	48780	卖盘
09:51:24	8.14	--	13	10582	买盘
09:51:21	8.14	--	9	7326	买盘
09:51:06	8.14	-0.01	848	690272	卖盘
09:51:00	8.15	0.01	201	163815	买盘
09:50:57	8.14	--	626	509564	卖盘
09:50:54	8.14	-0.01	323	262922	卖盘
09:50:51	8.15	--	4	3260	买盘
09:50:48	8.15	0.01	12	9780	买盘
09:50:45	8.14	-0.01	9	7326	卖盘
09:50:39	8.15	--	57	46455	买盘
09:50:30	8.15	--	8	6520	买盘
09:50:27	8.15	-0.01	30	24450	卖盘
09:50:24	8.16	0.01	4	3264	买盘
09:50:21	8.15	--	100	81500	卖盘
09:50:15	8.15	-0.01	20	16300	卖盘
09:50:12	8.16	0.01	3	2448	买盘
09:50:09	8.15	--	10	8150	卖盘
09:50:06	8.15	--	90	73350	卖盘
09:50:00	8.15	--	101	82315	卖盘
09:49:54	8.15	--	50	40750	卖盘
09:49:51	8.15	-0.01	50	40750	卖盘
09:49:39	8.16	0.01	209	170544	买盘
09:49:36	8.15	--	12	9780	卖盘
09:49:30	8.15	--	5	4075	卖盘
09:49:24	8.15	-0.01	6	4890	卖盘
09:49:18	8.16	0.01	7	5712	买盘
09:49:15	8.15	--	5	4075	卖盘
09:49:12	8.15	--	34	27710	买盘
09:49:00	8.15	--	6	4890	卖盘
09:48:51	8.15	0.01	19	15485	买盘
09:48:48	8.14	-0.01	37	30118	卖盘
09:48:45	8.15	-0.01	13	10595	卖盘
09:48:42	8.16	--	6	4896	买盘
09:48:39	8.16	0.01	2	1632	买盘
09:48:33	8.15	--	100	81500	卖盘
09:48:24	8.15	-0.01	10	8150	卖盘
09:48:12	8.16	0.01	7	5712	买盘
09:48:09	8.15	--	1	815	卖盘
09:48:06	8.15	0.01	65	52975	买盘
09:48:03	8.14	-0.01	7	5698	卖盘
09:47:57	8.15	0.02	3	2445	买盘
09:47:54	8.13	-0.02	32	26016	卖盘
09:47:51	8.15	0.01	20	16300	买盘
09:47:48	8.14	--	1	814	买盘
09:47:45	8.14	0.01	8	6512	买盘
09:47:42	8.13	-0.01	22	18292	卖盘
09:47:39	8.14	-0.01	312	253968	卖盘
09:47:36	8.15	0.01	21	17115	买盘
09:47:30	8.14	-0.01	5	4070	卖盘
09:47:27	8.15	-0.01	5	4075	买盘
09:47:24	8.16	0.02	40	32640	买盘
09:47:21	8.14	-0.01	7	5698	卖盘
09:47:18	8.15	0.01	29	23635	买盘
09:47:15	8.14	-0.01	29	23606	卖盘
09:47:12	8.15	0.01	80	65607	买盘
09:47:09	8.14	--	26	21164	卖盘
09:47:06	8.14	-0.01	59	48026	卖盘
09:47:03	8.15	0.01	8	6520	买盘
09:47:00	8.14	--	26	21164	卖盘
09:46:57	8.14	-0.01	50	40700	卖盘
09:46:54	8.15	-0.01	74	60310	卖盘
09:46:51	8.16	--	53	43248	买盘
09:46:48	8.16	0.01	10	8160	买盘
09:46:42	8.15	-0.01	1	815	卖盘
09:46:39	8.16	0.01	38	31008	买盘
09:46:36	8.15	-0.01	6	4890	卖盘
09:46:30	8.16	0.01	4	3264	买盘
09:46:24	8.15	--	4	3260	买盘
09:46:21	8.15	-0.01	16	13040	卖盘
09:46:15	8.16	--	3	2448	买盘
09:46:12	8.16	0.01	8	6528	买盘
09:46:06	8.15	--	84	68460	买盘
09:46:03	8.15	0.01	36	29340	买盘
09:46:00	8.14	0.01	91	74074	买盘
09:45:57	8.13	-0.01	20	16260	卖盘
09:45:51	8.14	--	5	4070	买盘
09:45:48	8.14	0.01	10	8140	买盘
09:45:42	8.13	-0.01	19	15447	卖盘
09:45:39	8.14	--	9	7326	买盘
09:45:36	8.14	--	10	8140	买盘
09:45:33	8.14	0.01	29	23606	买盘
09:45:30	8.13	-0.01	20	16260	卖盘
09:45:24	8.14	0.01	47	38258	买盘
09:45:18	8.13	-0.01	7	5691	卖盘
09:45:12	8.14	--	3	2442	买盘
09:44:57	8.14	0.01	5	4070	买盘
09:44:54	8.13	-0.01	48	39024	卖盘
09:44:51	8.14	--	4	3256	买盘
09:44:48	8.14	--	1	814	买盘
09:44:45	8.14	--	17	13838	买盘
09:44:39	8.14	0.01	8	6512	买盘
09:44:33	8.13	--	4	3252	卖盘
09:44:30	8.13	0.01	25	20633	买盘
09:44:27	8.12	-0.01	1	811	卖盘
09:44:24	8.13	--	15	12195	买盘
09:44:15	8.13	--	20	16260	买盘
09:44:12	8.13	--	53	43089	买盘
09:44:09	8.13	--	270	219510	买盘
09:44:03	8.13	--	210	170730	买盘
09:44:00	8.13	--	11	8943	买盘
09:43:54	8.13	-0.01	858	698058	卖盘
09:43:48	8.14	--	10	8140	卖盘
09:43:45	8.14	0.01	2	1628	中性盘
09:43:42	8.13	-0.02	2	1626	卖盘
09:43:36	8.15	0.02	35	28525	买盘
09:43:33	8.13	--	21	17073	卖盘
09:43:30	8.13	--	7	5691	卖盘
09:43:27	8.13	--	10	8130	卖盘
09:43:24	8.13	-0.01	52	42276	卖盘
09:43:18	8.14	0.01	3	2442	卖盘
09:43:15	8.13	-0.02	26	21138	卖盘
09:43:12	8.15	0.01	3	2445	买盘
09:43:09	8.14	--	9	7326	卖盘
09:43:03	8.14	-0.01	13	10582	卖盘
09:42:57	8.15	--	2	1630	卖盘
09:42:54	8.15	0.01	12	9780	买盘
09:42:48	8.14	--	55	44770	卖盘
09:42:39	8.14	--	63	51282	卖盘
09:42:36	8.14	--	33	26862	卖盘
09:42:33	8.14	--	99	80586	卖盘
09:42:30	8.14	--	17	13838	卖盘
09:42:27	8.14	-0.01	7	5698	卖盘
09:42:24	8.15	0.01	36	29340	买盘
09:42:21	8.14	-0.01	1	814	卖盘
09:42:12	8.15	--	3	2445	买盘
09:42:09	8.15	--	3	2445	买盘
09:41:57	8.15	--	143	116545	买盘
09:41:54	8.15	0.01	19	15485	买盘
09:41:48	8.14	-0.01	4	3256	卖盘
09:41:42	8.15	--	9	7335	买盘
09:41:39	8.15	0.01	20	16300	买盘
09:41:33	8.14	--	47	38258	卖盘
09:41:30	8.14	--	13	10582	卖盘
09:41:27	8.14	--	11	9711	买盘
09:41:24	8.14	--	10	8140	买盘
09:41:21	8.14	--	36	29304	买盘
09:41:18	8.14	--	5	4070	买盘
09:41:15	8.14	0.01	52	42694	买盘
09:41:12	8.13	-0.01	22	18292	卖盘
09:41:09	8.14	0.01	10	8140	买盘
09:41:06	8.13	-0.01	3	2439	卖盘
09:41:03	8.14	0.01	100	81400	买盘
09:40:57	8.13	-0.01	24	19512	卖盘
09:40:54	8.14	0.01	15	12210	买盘
09:40:51	8.13	-0.01	8	6504	卖盘
09:40:48	8.14	--	137	111518	买盘
09:40:45	8.14	0.01	22	17908	买盘
09:40:42	8.13	--	32	26016	卖盘
09:40:39	8.13	-0.01	13	10569	卖盘
09:40:36	8.14	--	50	40700	买盘
09:40:33	8.14	--	108	87912	买盘
09:40:27	8.14	--	1	814	买盘
09:40:24	8.14	0.01	10	8140	买盘
09:40:21	8.13	--	12	9756	卖盘
09:40:18	8.13	--	41	33333	卖盘
09:40:15	8.13	-0.01	1	813	卖盘
09:40:12	8.14	--	51	41514	买盘
09:40:09	8.14	0.01	21	17094	买盘
09:40:00	8.13	-0.01	3	2439	卖盘
09:39:51	8.14	0.01	6	4884	买盘
09:39:45	8.13	-0.01	2	1626	卖盘
09:39:42	8.14	--	5	4070	买盘
09:39:39	8.14	0.01	10	8140	买盘
09:39:36	8.13	--	10	8130	卖盘
09:39:30	8.13	--	30	24796	卖盘
09:39:27	8.13	--	41	33333	卖盘
09:39:24	8.13	--	20	16260	卖盘
09:39:15	8.13	0.01	2	1626	卖盘
09:39:12	8.12	-0.01	300	243599	卖盘
09:39:09	8.13	--	5	4065	买盘
09:39:06	8.13	--	21	17073	买盘
09:39:03	8.13	--	65	52845	买盘
09:39:00	8.13	0.01	46	37398	买盘
09:38:54	8.12	--	98	79575	买盘
09:38:51	8.12	--	1	811	买盘
09:38:48	8.12	--	10	8119	买盘
09:38:45	8.12	-0.01	129	104747	卖盘
09:38:42	8.13	0.01	34	27642	买盘
09:38:36	8.12	--	23	18676	买盘
09:38:33	8.12	0.01	4	3247	买盘
09:38:30	8.11	--	10	8109	卖盘
09:38:27	8.11	-0.01	36	29195	卖盘
09:38:24	8.12	--	108	87695	买盘
09:38:21	8.12	--	7	5683	买盘
09:38:18	8.12	0.01	62	50343	买盘
09:38:15	8.11	-0.01	2	1622	卖盘
09:38:12	8.12	0.01	72	58463	买盘
09:38:09	8.11	--	30	24330	买盘
09:38:06	8.11	--	140	113539	买盘
09:38:03	8.11	0.01	57	46227	买盘
09:38:00	8.1	--	64	51840	卖盘
09:37:54	8.1	-0.01	176	142560	卖盘
09:37:51	8.11	0.01	39	31628	买盘
09:37:48	8.1	-0.01	1	810	卖盘
09:37:45	8.11	--	54	43794	买盘
09:37:42	8.11	--	133	107862	买盘
09:37:39	8.11	--	10	8109	买盘
09:37:36	8.11	--	19	15408	买盘
09:37:30	8.11	--	909	737199	卖盘
09:37:24	8.11	-0.01	32	25952	卖盘
09:37:21	8.12	-0.01	85	69020	卖盘
09:37:18	8.13	0.01	9	7317	买盘
09:37:15	8.12	--	44	35728	买盘
09:37:12	8.12	--	17	13803	买盘
09:37:09	8.12	--	67	54403	买盘
09:37:06	8.12	--	42	34104	买盘
09:37:00	8.12	--	344	279328	卖盘
09:36:57	8.12	--	20	16239	卖盘
09:36:54	8.12	--	44	35728	卖盘
09:36:48	8.12	--	59	47907	卖盘
09:36:45	8.12	--	3	2435	卖盘
09:36:42	8.12	-0.01	40	32479	卖盘
09:36:39	8.13	--	15	12195	买盘
09:36:36	8.13	--	8	6504	买盘
09:36:33	8.13	0.01	49	39837	买盘
09:36:18	8.12	-0.01	110	89319	卖盘
09:36:15	8.13	--	2	1626	卖盘
09:36:12	8.13	--	51	41463	买盘
09:36:09	8.13	--	23	18699	买盘
09:35:57	8.13	--	61	49593	卖盘
09:35:54	8.13	--	66	53658	卖盘
09:35:51	8.13	-0.01	3	2439	卖盘
09:35:45	8.14	0.01	3	2442	买盘
09:35:42	8.13	--	12	9756	卖盘
09:35:39	8.13	-0.01	54	43902	卖盘
09:35:36	8.14	0.01	35	28490	买盘
09:35:33	8.13	-0.01	19	15447	卖盘
09:35:30	8.14	--	169	137566	买盘
09:35:27	8.14	0.01	14	11396	买盘
09:35:24	8.13	-0.01	18	14634	卖盘
09:35:21	8.14	--	24	19536	买盘
09:35:18	8.14	--	1	814	买盘
09:35:15	8.14	--	1	814	买盘
09:35:12	8.14	0.01	45	36630	买盘
09:35:09	8.13	-0.01	5	4065	卖盘
09:35:06	8.14	--	9	7326	买盘
09:35:00	8.14	--	5	4070	买盘
09:34:57	8.14	--	243	197802	卖盘
09:34:54	8.14	--	348	283272	卖盘
09:34:51	8.14	--	3	2442	卖盘
09:34:42	8.14	--	6	4884	卖盘
09:34:39	8.14	--	174	141636	卖盘
09:34:33	8.14	--	110	89540	卖盘
09:34:30	8.14	--	104	84656	卖盘
09:34:27	8.14	--	7	5698	卖盘
09:34:24	8.14	--	35	28490	卖盘
09:34:21	8.14	-0.01	59	48026	卖盘
09:34:15	8.15	0.01	4	3260	买盘
09:34:12	8.14	-0.01	34	27676	卖盘
09:34:09	8.15	0.01	23	18745	买盘
09:34:06	8.14	-0.01	374	304436	卖盘
09:34:03	8.15	--	1	815	卖盘
09:34:00	8.15	-0.01	4	3260	卖盘
09:33:54	8.16	0.01	10	8160	买盘
09:33:51	8.15	--	11	8965	卖盘
09:33:42	8.15	-0.01	10	8150	卖盘
09:33:39	8.16	--	4	3264	买盘
09:33:36	8.16	--	6	4896	卖盘
09:33:33	8.16	--	14	11424	卖盘
09:33:30	8.16	--	3	2448	卖盘
09:33:27	8.16	0.01	7	5712	买盘
09:33:15	8.15	--	1	815	买盘
09:33:12	8.15	-0.02	32	26080	卖盘
09:33:09	8.17	-0.01	6	4902	卖盘
09:33:06	8.18	0.03	10	8180	买盘
09:33:03	8.15	--	106	86390	卖盘
09:32:57	8.15	-0.01	58	47270	卖盘
09:32:54	8.16	--	100	81600	买盘
09:32:48	8.16	--	26	21216	买盘
09:32:45	8.16	--	3	2448	买盘
09:32:39	8.16	--	25	20400	卖盘
09:32:30	8.16	--	3	2448	卖盘
09:32:27	8.16	--	1	816	卖盘
09:32:21	8.16	-0.02	29	23664	卖盘
09:32:18	8.18	0.02	3	2454	买盘
09:32:15	8.16	--	2	1632	卖盘
09:32:12	8.16	-0.02	17	13872	卖盘
09:32:09	8.18	0.01	6	4908	买盘
09:32:06	8.17	--	7	5719	买盘
09:32:03	8.17	0.01	30	24510	买盘
09:32:00	8.16	--	5	4080	卖盘
09:31:54	8.16	--	59	48144	卖盘
09:31:51	8.16	-0.01	101	82416	卖盘
09:31:48	8.17	0.01	100	81700	买盘
09:31:45	8.16	--	6	4896	卖盘
09:31:39	8.16	0.03	55	44880	买盘
09:31:36	8.13	-0.02	25	20325	卖盘
09:31:30	8.15	0.02	26	21190	买盘
09:31:24	8.13	--	1	878	买盘
09:31:21	8.13	-0.01	8	7251	卖盘
09:31:18	8.14	--	36	29304	卖盘
09:31:15	8.14	0.01	17	13838	卖盘
09:31:12	8.13	-0.01	194	157722	卖盘
09:31:09	8.14	--	11	8970	买盘
09:31:06	8.14	--	20	16328	买盘
09:31:03	8.14	--	3	2442	买盘
09:30:54	8.14	--	95	77875	卖盘
09:30:51	8.14	--	9	7594	卖盘
09:30:45	8.14	-0.01	11	8954	卖盘
09:30:39	8.15	--	4	3260	卖盘
09:30:36	8.15	--	32	26080	卖盘
09:30:33	8.15	--	76	61940	卖盘
09:30:15	8.15	--	54	44010	卖盘
09:30:09	8.15	-0.02	12	9780	卖盘
09:30:06	8.17	--	8	6536	买盘
09:30:03	8.17	-0.01	69	56373	卖盘
09:30:00	8.18	--	0	0	买盘
09:25:03	8.18	8.18	38	31084	买盘
