成交时间	成交价	价格变动	成交量(手)	成交额(元)	性质
15:00:03	8.85	--	2420	2141700	买盘
14:57:00	8.85	--	0	0	买盘
14:56:57	8.85	0.01	18	15930	买盘
14:56:54	8.84	--	92	81328	卖盘
14:56:51	8.84	--	96	84864	买盘
14:56:45	8.84	0.01	30	26520	买盘
14:56:42	8.83	-0.01	99	87417	卖盘
14:56:39	8.84	0.01	3	2652	买盘
14:56:36	8.83	-0.01	5	4415	卖盘
14:56:33	8.84	--	46	40664	买盘
14:56:30	8.84	--	1	884	买盘
14:56:27	8.84	--	57	50388	买盘
14:56:24	8.84	--	210	185640	买盘
14:56:21	8.84	--	8	7072	卖盘
14:56:18	8.84	0.01	19	16796	买盘
14:56:15	8.83	-0.01	35	30905	卖盘
14:56:12	8.84	--	85	75140	卖盘
14:56:09	8.84	-0.01	12	10608	卖盘
14:56:06	8.85	--	70	61950	买盘
14:56:00	8.85	0.01	36	31860	买盘
14:55:57	8.84	-0.01	105	92820	卖盘
14:55:54	8.85	0.01	71	62835	买盘
14:55:51	8.84	--	4	3536	卖盘
14:55:48	8.84	--	12	10608	卖盘
14:55:45	8.84	-0.01	16	14144	卖盘
14:55:42	8.85	--	33	29205	买盘
14:55:39	8.85	0.01	93	82305	买盘
14:55:36	8.84	--	144	127296	卖盘
14:55:30	8.84	--	68	60112	卖盘
14:55:27	8.84	-0.01	37	32708	卖盘
14:55:24	8.85	0.01	1	885	买盘
14:55:21	8.84	--	12	10608	卖盘
14:55:18	8.84	--	31	27404	卖盘
14:55:15	8.84	--	15	13260	卖盘
14:55:12	8.84	--	125	110500	卖盘
14:55:09	8.84	-0.01	100	88400	卖盘
14:55:06	8.85	0.01	36	31860	买盘
14:55:03	8.84	--	66	58344	卖盘
14:54:51	8.84	--	38	33592	卖盘
14:54:48	8.84	-0.01	78	68952	卖盘
14:54:45	8.85	0.01	236	208860	买盘
14:54:42	8.84	--	535	472940	卖盘
14:54:39	8.84	--	10	8840	卖盘
14:54:36	8.84	--	78	68952	卖盘
14:54:33	8.84	--	10	8840	卖盘
14:54:30	8.84	--	1	884	卖盘
14:54:27	8.84	--	8	7072	卖盘
14:54:24	8.84	0.01	445	393380	买盘
14:54:21	8.83	-0.01	238	210154	卖盘
14:54:15	8.84	--	19	16796	买盘
14:54:09	8.84	--	67	59228	买盘
14:54:06	8.84	0.01	1	884	买盘
14:54:00	8.83	--	10	8830	卖盘
14:53:57	8.83	-0.01	73	64459	卖盘
14:53:54	8.84	0.01	194	171496	买盘
14:53:51	8.83	--	11	9713	卖盘
14:53:48	8.83	--	11	9713	卖盘
14:53:45	8.83	-0.01	1	883	卖盘
14:53:42	8.84	0.01	2	1768	买盘
14:53:39	8.83	--	40	35320	卖盘
14:53:36	8.83	-0.01	15	13245	卖盘
14:53:33	8.84	--	10	8840	买盘
14:53:30	8.84	--	57	50388	买盘
14:53:27	8.84	--	137	121108	买盘
14:53:24	8.84	--	572	505648	卖盘
14:53:18	8.84	--	23	20332	卖盘
14:53:15	8.84	--	1	884	卖盘
14:53:09	8.84	--	1	884	卖盘
14:52:54	8.84	-0.01	359	317356	卖盘
14:52:51	8.85	0.01	17	15045	买盘
14:52:45	8.84	-0.01	13	11492	卖盘
14:52:42	8.85	0.01	27	23895	买盘
14:52:39	8.84	--	7	6188	卖盘
14:52:33	8.84	-0.01	40	35360	卖盘
14:52:24	8.85	--	44	38940	买盘
14:52:18	8.85	--	3	2655	买盘
14:52:12	8.85	0.01	84	74340	买盘
14:52:09	8.84	--	43	38012	卖盘
14:52:03	8.84	-0.01	13	11492	卖盘
14:52:00	8.85	--	30	26550	买盘
14:51:54	8.85	0.01	657	581445	买盘
14:51:51	8.84	--	10	8840	卖盘
14:51:48	8.84	-0.01	355	313820	卖盘
14:51:45	8.85	0.01	1	885	买盘
14:51:42	8.84	--	61	53924	卖盘
14:51:39	8.84	-0.01	14	12376	卖盘
14:51:36	8.85	0.01	40	35400	买盘
14:51:33	8.84	--	84	74256	卖盘
14:51:27	8.84	0.01	2	1768	中性盘
14:51:21	8.83	-0.02	1	883	卖盘
14:51:18	8.85	0.01	288	254880	买盘
14:51:15	8.84	--	32	28288	买盘
14:51:09	8.84	--	13	11492	买盘
14:51:03	8.84	-0.01	120	106080	卖盘
14:51:00	8.85	--	217	192045	买盘
14:50:57	8.85	--	30	26550	买盘
14:50:54	8.85	--	29	25665	买盘
14:50:51	8.85	0.01	123	108855	买盘
14:50:48	8.84	-0.01	265	234260	卖盘
14:50:45	8.85	--	5	4425	买盘
14:50:42	8.85	--	20	17700	买盘
14:50:39	8.85	0.01	59	52215	买盘
14:50:36	8.84	-0.01	101	89284	卖盘
14:50:33	8.85	0.01	20	17700	买盘
14:50:30	8.84	--	5	4420	卖盘
14:50:27	8.84	--	38	33592	卖盘
14:50:24	8.84	--	100	88400	卖盘
14:50:21	8.84	--	2	1768	卖盘
14:50:12	8.84	--	23	20491	买盘
14:50:09	8.84	--	32	28288	买盘
14:50:06	8.84	0.01	44	38896	买盘
14:50:03	8.83	-0.01	23	20309	卖盘
14:49:57	8.84	--	42	37128	买盘
14:49:42	8.84	--	33	29172	买盘
14:49:39	8.84	--	94	83820	卖盘
14:49:33	8.84	--	2	1768	卖盘
14:49:27	8.84	--	24	21216	卖盘
14:49:24	8.84	0.01	173	153091	买盘
14:49:21	8.83	-0.01	27	23841	卖盘
14:49:18	8.84	--	1	884	买盘
14:49:15	8.84	--	137	121108	买盘
14:49:09	8.84	0.01	34	30056	买盘
14:49:06	8.83	--	3	2649	卖盘
14:49:00	8.83	-0.01	4	3532	卖盘
14:48:54	8.84	--	205	181220	买盘
14:48:48	8.84	--	11	9724	买盘
14:48:45	8.84	0.01	1	884	买盘
14:48:39	8.83	--	80	70640	卖盘
14:48:33	8.83	--	20	17660	卖盘
14:48:30	8.83	-0.01	112	98896	卖盘
14:48:27	8.84	0.01	15	13260	买盘
14:48:24	8.83	-0.01	1	883	卖盘
14:48:21	8.84	--	37	32708	买盘
14:48:18	8.84	--	5	4420	买盘
14:48:12	8.84	-0.01	7	6188	卖盘
14:48:09	8.85	--	123	108855	买盘
14:48:06	8.85	0.01	43	38055	买盘
14:48:00	8.84	-0.01	61	53924	卖盘
14:47:57	8.85	--	19	16815	买盘
14:47:54	8.85	--	25	22125	买盘
14:47:42	8.85	--	120	106200	买盘
14:47:39	8.85	0.01	5	4425	买盘
14:47:36	8.84	-0.01	39	34476	卖盘
14:47:30	8.85	--	31	27435	买盘
14:47:27	8.85	--	101	89385	买盘
14:47:24	8.85	0.01	100	88500	买盘
14:47:21	8.84	--	38	33592	卖盘
14:47:18	8.84	-0.01	272	240448	卖盘
14:47:12	8.85	0.01	100	88500	买盘
14:47:09	8.84	-0.01	1	884	中性盘
14:47:03	8.85	0.02	1000	885000	买盘
14:47:00	8.83	-0.01	1	883	中性盘
14:46:57	8.84	0.01	205	181220	买盘
14:46:54	8.83	--	252	222516	买盘
14:46:51	8.83	--	104	91832	买盘
14:46:48	8.83	--	158	139514	买盘
14:46:45	8.83	--	15	13245	买盘
14:46:42	8.83	--	16	14128	买盘
14:46:39	8.83	0.01	117	103311	买盘
14:46:36	8.82	-0.01	53	46746	卖盘
14:46:30	8.83	0.01	100	88300	买盘
14:46:27	8.82	-0.01	1	882	卖盘
14:46:21	8.83	--	36	31788	买盘
14:46:18	8.83	--	25	22075	买盘
14:46:15	8.83	0.01	34	30022	买盘
14:46:12	8.82	-0.01	4	3528	卖盘
14:46:09	8.83	0.01	24	21192	买盘
14:46:06	8.82	--	2	1764	卖盘
14:46:03	8.82	--	53	46746	卖盘
14:45:57	8.82	--	12	10584	卖盘
14:45:39	8.82	-0.01	157	138835	卖盘
14:45:36	8.83	--	23	20309	卖盘
14:45:33	8.83	-0.01	60	52980	卖盘
14:45:30	8.84	--	258	228072	买盘
14:45:27	8.84	0.01	340	300560	买盘
14:45:24	8.83	-0.01	10	8830	卖盘
14:45:21	8.84	0.01	10	8840	买盘
14:45:12	8.83	--	73	64459	卖盘
14:45:09	8.83	--	7	6181	卖盘
14:45:03	8.83	--	90	79505	卖盘
14:45:00	8.83	--	5	4415	卖盘
14:44:57	8.83	-0.01	51	45033	卖盘
14:44:54	8.84	--	105	92820	买盘
14:44:48	8.84	0.01	20	17680	买盘
14:44:45	8.83	--	14	12362	卖盘
14:44:39	8.83	--	170	150110	卖盘
14:44:36	8.83	-0.01	50	44150	卖盘
14:44:33	8.84	0.01	2	1768	买盘
14:44:30	8.83	--	40	35320	卖盘
14:44:24	8.83	-0.01	60	52980	卖盘
14:44:18	8.84	0.01	3	2652	买盘
14:44:15	8.83	--	40	35320	卖盘
14:44:12	8.83	--	6	5298	卖盘
14:44:09	8.83	-0.01	10	8830	卖盘
14:44:03	8.84	0.01	5	4420	买盘
14:43:54	8.83	--	14	12362	卖盘
14:43:51	8.83	--	30	26490	卖盘
14:43:42	8.83	--	60	52980	卖盘
14:43:39	8.83	--	16	14128	卖盘
14:43:36	8.83	--	80	70640	卖盘
14:43:30	8.83	-0.01	4	3532	卖盘
14:43:24	8.84	0.01	22	19448	买盘
14:43:21	8.83	-0.01	5	4415	卖盘
14:43:18	8.84	0.01	13	11492	买盘
14:43:12	8.83	--	13	11479	卖盘
14:43:09	8.83	-0.01	2	1766	卖盘
14:43:06	8.84	--	54	47736	买盘
14:42:57	8.84	--	5	4420	买盘
14:42:54	8.84	--	44	38896	买盘
14:42:51	8.84	--	71	62764	买盘
14:42:45	8.84	--	111	98972	卖盘
14:42:39	8.84	--	35	30940	卖盘
14:42:36	8.84	--	9	7956	卖盘
14:42:33	8.84	-0.01	237	209508	卖盘
14:42:27	8.85	0.01	30	26550	买盘
14:42:24	8.84	-0.01	205	181220	卖盘
14:42:21	8.85	0.01	33	29205	买盘
14:42:12	8.84	--	17	15028	卖盘
14:42:06	8.84	--	2	1768	卖盘
14:41:57	8.84	-0.01	10	8840	卖盘
14:41:54	8.85	0.01	10	8850	买盘
14:41:51	8.84	--	2	1768	卖盘
14:41:48	8.84	-0.01	30	26520	卖盘
14:41:42	8.85	--	4	3540	买盘
14:41:36	8.85	--	30	26550	买盘
14:41:33	8.85	0.01	10	8850	买盘
14:41:30	8.84	--	11	9724	卖盘
14:41:27	8.84	-0.01	11	9724	卖盘
14:41:24	8.85	-0.01	2	1770	中性盘
14:41:21	8.86	0.01	200	177200	买盘
14:40:57	8.85	--	15	13275	卖盘
14:40:48	8.85	--	10	8850	卖盘
14:40:45	8.85	--	66	58410	卖盘
14:40:42	8.85	--	3	2655	卖盘
14:40:39	8.85	--	172	152220	买盘
14:40:36	8.85	0.01	33	29205	买盘
14:40:33	8.84	-0.01	30	26520	卖盘
14:40:30	8.85	0.01	22	19470	中性盘
14:40:24	8.84	-0.01	100	88400	卖盘
14:40:21	8.85	--	163	144255	卖盘
14:40:18	8.85	--	11	9735	卖盘
14:40:15	8.85	0.01	127	112395	买盘
14:40:12	8.84	--	230	203320	卖盘
14:40:09	8.84	-0.01	20	17680	卖盘
14:40:06	8.85	0.01	305	269925	买盘
14:39:57	8.84	--	10	8840	卖盘
14:39:45	8.84	--	1	884	卖盘
14:39:42	8.84	-0.01	25	22100	卖盘
14:39:36	8.85	--	200	177000	买盘
14:39:21	8.85	0.01	20	17700	买盘
14:39:12	8.84	-0.01	1	884	卖盘
14:38:57	8.85	-0.01	202	178770	卖盘
14:38:54	8.86	--	13	11518	买盘
14:38:48	8.86	0.01	36	31895	买盘
14:38:42	8.85	0.01	6	5310	买盘
14:38:36	8.84	-0.02	3	2652	卖盘
14:38:27	8.86	0.01	28	24808	买盘
14:38:24	8.85	--	4	3540	买盘
14:38:15	8.85	--	79	70543	卖盘
14:38:12	8.85	--	0	256	卖盘
14:38:03	8.85	-0.01	19	16815	卖盘
14:38:00	8.86	0.01	1	886	买盘
14:37:54	8.85	-0.01	34	30090	卖盘
14:37:51	8.86	0.01	5	4430	买盘
14:37:48	8.85	--	10	8850	卖盘
14:37:45	8.85	--	26	23010	卖盘
14:37:42	8.85	-0.01	39	34515	卖盘
14:37:39	8.86	0.01	69	61133	买盘
14:37:33	8.85	-0.01	21	18585	卖盘
14:37:30	8.86	0.01	203	179858	买盘
14:37:27	8.85	--	79	69915	买盘
14:37:18	8.85	0.01	11	9735	买盘
14:37:15	8.84	-0.01	0	459	卖盘
14:37:12	8.85	--	40	35400	买盘
14:37:09	8.85	--	40	35400	买盘
14:37:06	8.85	--	40	35400	卖盘
14:37:03	8.85	--	10	8850	卖盘
14:37:00	8.85	--	48	42480	卖盘
14:36:57	8.85	-0.01	36	31860	中性盘
14:36:42	8.86	0.01	58	52247	买盘
14:36:39	8.85	--	7	6195	卖盘
14:36:36	8.85	--	1	885	卖盘
14:36:33	8.85	--	52	46020	卖盘
14:36:30	8.85	-0.01	18	15930	卖盘
14:36:27	8.86	0.01	30	26580	买盘
14:36:24	8.85	--	172	152220	卖盘
14:36:21	8.85	--	15	13275	卖盘
14:36:12	8.85	--	364	322600	卖盘
14:36:09	8.85	--	12	10620	卖盘
14:36:06	8.85	-0.01	15	13275	卖盘
14:36:03	8.86	0.01	30	26580	买盘
14:35:57	8.85	-0.01	16	14160	卖盘
14:35:54	8.86	0.01	102	90372	买盘
14:35:51	8.85	--	40	35400	卖盘
14:35:48	8.85	--	40	35400	卖盘
14:35:42	8.85	-0.01	100	88500	卖盘
14:35:39	8.86	--	5	4430	买盘
14:35:30	8.86	--	11	9746	买盘
14:35:24	8.86	--	10	8860	买盘
14:35:15	8.86	--	13	11969	买盘
14:35:06	8.86	0.01	60	53160	买盘
14:35:03	8.85	--	10	8850	卖盘
14:35:00	8.85	--	39	34515	买盘
14:34:57	8.85	--	50	44250	买盘
14:34:51	8.85	--	45	39825	买盘
14:34:48	8.85	--	16	14160	买盘
14:34:42	8.85	--	65	57525	买盘
14:34:39	8.85	--	189	167265	买盘
14:34:33	8.85	--	10	8850	买盘
14:34:30	8.85	--	28	24780	买盘
14:34:18	8.85	--	39	34975	买盘
14:34:12	8.85	--	3	2655	买盘
14:34:09	8.85	--	34	30090	买盘
14:34:00	8.85	--	226	200010	买盘
14:33:54	8.85	--	30	26550	买盘
14:33:48	8.85	--	300	265500	买盘
14:33:45	8.85	--	6	5310	买盘
14:33:39	8.85	0.01	80	70800	买盘
14:33:36	8.84	--	51	45084	卖盘
14:33:27	8.84	--	277	244868	卖盘
14:33:24	8.84	--	0	450	卖盘
14:33:21	8.84	--	8	7072	卖盘
14:33:12	8.84	--	4	4225	买盘
14:33:09	8.84	--	62	54808	买盘
14:33:06	8.84	--	16	14144	买盘
14:33:03	8.84	--	272	240448	买盘
14:33:00	8.84	0.01	40	35360	买盘
14:32:57	8.83	-0.01	108	95364	卖盘
14:32:54	8.84	--	100	88400	买盘
14:32:45	8.84	--	87	76908	买盘
14:32:42	8.84	--	31	27404	买盘
14:32:36	8.84	0.01	112	99008	买盘
14:32:27	8.83	--	10	8830	卖盘
14:32:21	8.83	--	14	12847	买盘
14:32:18	8.83	--	21	18543	买盘
14:32:15	8.83	--	100	88300	买盘
14:32:09	8.83	--	6	5298	买盘
14:32:06	8.83	--	10	8830	买盘
14:32:03	8.83	--	18	15894	买盘
14:32:00	8.83	--	2	1766	买盘
14:31:57	8.83	--	72	63576	买盘
14:31:54	8.83	--	2	1766	买盘
14:31:48	8.83	--	1	883	买盘
14:31:42	8.83	0.01	22	19426	买盘
14:31:36	8.82	-0.01	3	2646	卖盘
14:31:30	8.83	0.01	100	88300	买盘
14:31:27	8.82	-0.01	5	4859	卖盘
14:31:18	8.83	--	2	1766	买盘
14:31:15	8.83	0.01	20	17660	买盘
14:31:09	8.82	-0.01	7	6174	卖盘
14:31:03	8.83	--	51	45033	买盘
14:31:00	8.83	--	17	15011	买盘
14:30:51	8.83	--	27	23841	买盘
14:30:39	8.83	--	13	11479	买盘
14:30:36	8.83	--	266	235734	卖盘
14:30:33	8.83	--	3	2649	卖盘
14:30:21	8.83	-0.01	200	177059	卖盘
14:30:12	8.84	0.01	3	2652	买盘
14:30:03	8.83	--	16	14128	卖盘
14:30:00	8.83	--	10	8830	卖盘
14:29:48	8.83	--	1	883	卖盘
14:29:45	8.83	--	11	9713	卖盘
14:29:42	8.83	--	2	1766	卖盘
14:29:39	8.83	--	21	18543	卖盘
14:29:36	8.83	--	15	13245	卖盘
14:29:33	8.83	--	32	28256	卖盘
14:29:30	8.83	--	0	450	卖盘
14:29:27	8.83	--	20	17660	卖盘
14:29:24	8.83	-0.01	10	8830	卖盘
14:29:21	8.84	0.01	89	78676	买盘
14:29:09	8.83	--	1	883	卖盘
14:29:03	8.83	--	9	7947	卖盘
14:28:57	8.83	--	5	4415	卖盘
14:28:51	8.83	0.01	581	513023	买盘
14:28:36	8.82	--	3	2646	卖盘
14:28:33	8.82	--	1	1340	卖盘
14:28:24	8.82	--	10	8820	卖盘
14:28:06	8.82	-0.01	3	2646	卖盘
14:28:03	8.83	0.01	3	2649	买盘
14:28:00	8.82	-0.01	30	26460	卖盘
14:27:51	8.83	--	1	883	买盘
14:27:39	8.83	--	21	19002	买盘
14:27:27	8.83	--	4	3532	买盘
14:27:21	8.83	0.01	95	83885	买盘
14:27:12	8.82	-0.01	15	13230	卖盘
14:27:06	8.83	0.01	60	52980	买盘
14:27:03	8.82	-0.01	8	7056	卖盘
14:26:54	8.83	0.01	14	12362	买盘
14:26:48	8.82	--	41	36779	买盘
14:26:45	8.82	0.01	100	88200	买盘
14:26:39	8.81	-0.01	0	449	卖盘
14:26:36	8.82	--	58	51420	卖盘
14:26:18	8.82	--	50	44100	卖盘
14:26:15	8.82	--	2	1764	卖盘
14:26:12	8.82	-0.01	7	6174	卖盘
14:26:03	8.83	--	24	21192	买盘
14:26:00	8.83	--	5	4415	买盘
14:25:39	8.83	0.01	1	883	买盘
14:25:36	8.82	-0.01	9	8396	卖盘
14:25:30	8.83	--	5	4415	买盘
14:25:27	8.83	0.01	9	7947	买盘
14:25:24	8.82	-0.01	75	66150	卖盘
14:25:18	8.83	0.01	6	5298	买盘
14:25:09	8.82	-0.01	84	74088	卖盘
14:25:03	8.83	0.01	96	84768	买盘
14:24:57	8.82	-0.01	12	10584	卖盘
14:24:54	8.83	--	2	1766	买盘
14:24:45	8.83	0.01	20	17660	买盘
14:24:42	8.82	-0.01	0	449	卖盘
14:24:39	8.83	--	4	3532	买盘
14:24:24	8.83	0.01	105	92715	买盘
14:24:21	8.82	--	10	8820	卖盘
14:24:09	8.82	-0.01	19	16758	卖盘
14:24:06	8.83	0.01	1	883	买盘
14:24:03	8.82	--	4	3528	卖盘
14:23:57	8.82	--	33	29106	卖盘
14:23:54	8.82	--	3	2646	卖盘
14:23:51	8.82	--	30	26460	卖盘
14:23:39	8.82	-0.01	10	8820	卖盘
14:23:36	8.83	0.01	13	11938	买盘
14:23:30	8.82	-0.01	106	93492	卖盘
14:23:27	8.83	0.01	16	14128	买盘
14:23:24	8.82	--	11	9702	卖盘
14:23:18	8.82	--	50	44100	卖盘
14:23:15	8.82	--	29	25578	卖盘
14:23:12	8.82	--	10	8820	卖盘
14:23:06	8.82	--	45	39690	卖盘
14:22:51	8.82	-0.01	23	20286	卖盘
14:22:48	8.83	--	131	115673	买盘
14:22:45	8.83	0.01	27	23841	买盘
14:22:42	8.82	--	5	4410	卖盘
14:22:39	8.82	--	6	5741	卖盘
14:22:33	8.82	--	30	26460	卖盘
14:22:30	8.82	--	200	176400	卖盘
14:22:09	8.82	-0.01	14	12348	卖盘
14:22:03	8.83	--	1	883	买盘
14:22:00	8.83	0.01	15	13245	买盘
14:21:57	8.82	--	17	14994	卖盘
14:21:39	8.82	-0.01	0	458	卖盘
14:21:36	8.83	--	300	264900	买盘
14:21:24	8.83	--	11	9713	买盘
14:21:18	8.83	0.01	20	17660	买盘
14:21:15	8.82	-0.01	7	6174	卖盘
14:20:57	8.83	--	364	321412	卖盘
14:20:42	8.83	--	0	450	卖盘
14:20:36	8.83	--	35	31443	买盘
14:20:33	8.83	--	8	7064	买盘
14:20:24	8.83	0.01	45	39735	买盘
14:20:15	8.82	-0.01	10	8820	卖盘
14:20:09	8.83	--	3	2649	买盘
14:20:03	8.83	--	22	19770	卖盘
14:19:54	8.83	--	5	4415	卖盘
14:19:51	8.83	--	0	459	卖盘
14:19:45	8.83	--	14	12362	卖盘
14:19:39	8.83	--	11	9713	卖盘
14:19:33	8.83	-0.01	39	34437	卖盘
14:19:30	8.84	0.01	20	17680	买盘
14:19:24	8.83	0.01	114	100741	买盘
14:19:21	8.82	--	8	7056	卖盘
14:19:18	8.82	--	5	4410	卖盘
14:19:12	8.82	--	14	12348	卖盘
14:19:09	8.82	--	9	7938	卖盘
14:19:06	8.82	--	20	17640	卖盘
14:19:03	8.82	--	10	8820	卖盘
14:18:57	8.82	0.01	20	17640	中性盘
14:18:54	8.81	--	312	274872	卖盘
14:18:45	8.81	--	200	176658	卖盘
14:18:42	8.81	--	20	17620	卖盘
14:18:39	8.81	--	1	881	卖盘
14:18:33	8.81	--	10	8810	卖盘
14:18:30	8.81	-0.01	10	8810	卖盘
14:18:24	8.82	--	1	882	买盘
14:18:15	8.82	--	50	44100	买盘
14:18:03	8.82	--	86	76654	卖盘
14:17:57	8.82	--	11	10151	卖盘
14:17:54	8.82	--	125	110250	卖盘
14:17:51	8.82	--	70	61740	卖盘
14:17:48	8.82	--	8	7056	卖盘
14:17:45	8.82	--	10	8820	卖盘
14:17:42	8.82	--	30	26460	卖盘
14:17:39	8.82	--	5	4410	卖盘
14:17:36	8.82	--	17	14994	卖盘
14:17:33	8.82	--	1	882	卖盘
14:17:30	8.82	--	20	17640	卖盘
14:17:18	8.82	--	1	882	卖盘
14:17:15	8.82	--	41	36162	卖盘
14:17:09	8.82	--	10	8820	卖盘
14:17:00	8.82	--	193	170226	卖盘
14:16:51	8.82	--	23	20744	卖盘
14:16:45	8.82	--	16	14112	卖盘
14:16:42	8.82	--	51	44982	卖盘
14:16:39	8.82	--	9	7938	卖盘
14:16:33	8.82	--	6	5292	卖盘
14:16:24	8.82	--	15	13230	卖盘
14:16:21	8.82	--	20	17640	卖盘
14:16:15	8.82	--	10	8820	卖盘
14:16:09	8.82	-0.01	30	26460	卖盘
14:15:57	8.83	0.01	1	883	买盘
14:15:54	8.82	--	13	11466	卖盘
14:15:51	8.82	--	6	5292	卖盘
14:15:48	8.82	-0.01	0	449	卖盘
14:15:33	8.83	0.01	4	3532	买盘
14:15:24	8.82	--	110	97020	卖盘
14:15:15	8.82	--	10	8820	卖盘
14:15:09	8.82	--	60	52920	卖盘
14:15:06	8.82	-0.01	109	96138	卖盘
14:14:57	8.83	0.01	5	4415	买盘
14:14:51	8.82	--	0	458	卖盘
14:14:48	8.82	--	4	3528	卖盘
14:14:45	8.82	--	18	15876	卖盘
14:14:39	8.82	--	14	12348	卖盘
14:14:36	8.82	--	20	17640	卖盘
14:14:33	8.82	-0.01	6	5292	卖盘
14:14:30	8.83	0.01	10	8830	买盘
14:14:15	8.82	--	5	4410	卖盘
14:14:09	8.82	--	48	42336	卖盘
14:14:06	8.82	--	40	35280	卖盘
14:14:03	8.82	--	31	27342	卖盘
14:14:00	8.82	-0.01	28	24696	卖盘
14:13:57	8.83	0.01	35	30905	买盘
14:13:54	8.82	--	45	40139	卖盘
14:13:45	8.82	--	116	102312	卖盘
14:13:39	8.82	--	74	65268	卖盘
14:13:21	8.82	-0.01	80	70560	卖盘
14:13:18	8.83	0.01	100	88300	买盘
14:13:15	8.82	--	45	39690	卖盘
14:13:09	8.82	--	20	17640	卖盘
14:12:57	8.82	--	0	458	卖盘
14:12:54	8.82	--	90	79380	卖盘
14:12:48	8.82	-0.01	3	2646	卖盘
14:12:45	8.83	--	300	264900	买盘
14:12:36	8.83	0.01	8	7064	买盘
14:12:33	8.82	--	29	25578	卖盘
14:12:27	8.82	--	246	216972	卖盘
14:12:12	8.82	--	51	44982	卖盘
14:12:06	8.82	--	30	26460	卖盘
14:12:03	8.82	--	20	17640	卖盘
14:12:00	8.82	--	1	882	卖盘
14:11:57	8.82	-0.01	0	449	卖盘
14:11:54	8.83	0.01	9	7947	买盘
14:11:48	8.82	-0.01	1	882	卖盘
14:11:42	8.83	--	61	53863	买盘
14:11:39	8.83	--	10	8830	买盘
14:11:30	8.83	--	240	212343	卖盘
14:11:27	8.83	--	10	8830	卖盘
14:11:21	8.83	--	5	4415	卖盘
14:11:15	8.83	--	10	8830	卖盘
14:11:03	8.83	-0.01	50	44609	卖盘
14:11:00	8.84	--	15	13260	卖盘
14:10:57	8.84	--	30	26520	卖盘
14:10:54	8.84	--	10	8840	买盘
14:10:51	8.84	0.01	11	9724	中性盘
14:10:42	8.83	-0.01	110	97130	卖盘
14:10:39	8.84	--	23	20332	卖盘
14:10:36	8.84	--	52	45968	卖盘
14:10:33	8.84	0.01	120	106080	买盘
14:10:30	8.83	--	1	883	卖盘
14:10:27	8.83	--	1	883	卖盘
14:10:24	8.83	-0.01	4	3532	卖盘
14:10:18	8.84	--	32	28288	买盘
14:10:12	8.84	--	27	23868	买盘
14:10:00	8.84	--	11	9724	买盘
14:09:54	8.84	0.01	1	884	买盘
14:09:45	8.83	-0.01	60	52980	卖盘
14:09:36	8.84	--	11	9724	买盘
14:09:24	8.84	0.01	11	9724	买盘
14:09:15	8.83	--	1	883	卖盘
14:09:03	8.83	-0.01	50	44150	卖盘
14:09:00	8.84	--	1	884	卖盘
14:08:57	8.84	--	14	12376	卖盘
14:08:51	8.84	-0.01	6	5304	中性盘
14:08:36	8.85	0.02	32	28320	买盘
14:08:30	8.83	-0.01	101	89183	卖盘
14:08:21	8.84	0.01	8	7080	买盘
14:08:18	8.83	-0.01	10	8830	卖盘
14:08:12	8.84	--	400	353600	买盘
14:08:06	8.84	--	10	8840	买盘
14:08:03	8.84	--	57	50388	买盘
14:08:00	8.84	--	50	44200	买盘
14:07:54	8.84	--	21	18564	买盘
14:07:48	8.84	--	3	2652	买盘
14:07:42	8.84	--	13	11492	买盘
14:07:39	8.84	--	7	6188	买盘
14:07:36	8.84	-0.01	8	7072	买盘
14:07:21	8.85	--	135	120351	卖盘
14:07:18	8.85	--	8	7080	卖盘
14:07:15	8.85	--	10	8850	卖盘
14:07:06	8.85	--	2	1770	卖盘
14:07:03	8.85	--	35	30975	卖盘
14:07:00	8.85	0.02	164	145148	买盘
14:06:51	8.83	-0.02	36	31788	卖盘
14:06:48	8.85	0.01	10	8850	买盘
14:06:42	8.84	0.01	10	8840	中性盘
14:06:36	8.83	-0.01	126	111258	卖盘
14:06:30	8.84	-0.01	51	45084	中性盘
14:06:27	8.85	0.01	30	26550	买盘
14:06:24	8.84	0.01	8	7072	买盘
14:06:21	8.83	-0.01	10	8830	卖盘
14:06:00	8.84	--	11	9724	买盘
14:05:51	8.84	--	21	18564	卖盘
14:05:45	8.84	-0.01	12	10608	卖盘
14:05:42	8.85	0.01	4	3540	买盘
14:05:33	8.84	--	17	15028	卖盘
14:05:30	8.84	--	6	5304	卖盘
14:05:27	8.84	--	5	4420	卖盘
14:05:24	8.84	--	30	26520	卖盘
14:05:18	8.84	0.01	60	53040	卖盘
14:05:15	8.83	-0.02	119	105077	卖盘
14:05:09	8.85	0.01	30	27417	买盘
14:05:03	8.84	--	1	884	买盘
14:05:00	8.84	-0.01	61	53941	卖盘
14:04:57	8.85	--	25	22125	买盘
14:04:54	8.85	0.01	2	1770	买盘
14:04:48	8.84	--	2	1768	卖盘
14:04:45	8.84	--	30	26520	卖盘
14:04:30	8.84	--	1	884	卖盘
14:04:27	8.84	--	77	68934	买盘
14:04:24	8.84	--	5	4420	买盘
14:04:21	8.84	0.01	35	30940	买盘
14:04:18	8.83	--	26	22958	卖盘
14:04:12	8.83	-0.01	20	17660	卖盘
14:04:09	8.84	--	20	17680	买盘
14:04:06	8.84	0.01	2	1768	买盘
14:04:03	8.83	--	19	17368	买盘
14:03:57	8.83	--	100	88300	买盘
14:03:54	8.83	--	63	55629	买盘
14:03:48	8.83	-0.01	338	298745	卖盘
14:03:39	8.84	--	12	10608	买盘
14:03:36	8.84	0.01	1	884	买盘
14:03:33	8.83	-0.01	20	17660	卖盘
14:03:27	8.84	0.01	157	138788	买盘
14:03:24	8.83	-0.01	3	2649	卖盘
14:03:18	8.84	0.01	32	28288	买盘
14:03:03	8.83	--	30	26490	卖盘
14:03:00	8.83	-0.01	25	22075	卖盘
14:02:57	8.84	0.01	11	9724	买盘
14:02:51	8.83	--	1	883	卖盘
14:02:36	8.83	--	25	22075	卖盘
14:02:33	8.83	-0.01	33	29139	卖盘
14:02:30	8.84	0.01	21	18564	买盘
14:02:24	8.83	--	10	8830	卖盘
14:02:21	8.83	--	8	7064	卖盘
14:02:18	8.83	--	5	4415	卖盘
14:02:03	8.83	--	13	11479	卖盘
14:02:00	8.83	--	1	883	卖盘
14:01:57	8.83	-0.01	3	2649	卖盘
14:01:54	8.84	0.01	4	3536	买盘
14:01:48	8.83	--	1	883	卖盘
14:01:45	8.83	--	30	26490	卖盘
14:01:42	8.83	0.01	79	70348	买盘
14:01:39	8.82	-0.01	10	8820	卖盘
14:01:36	8.83	0.01	300	264900	买盘
14:01:33	8.82	--	3	2646	卖盘
14:01:30	8.82	--	1	882	卖盘
14:01:27	8.82	--	18	15876	卖盘
14:01:24	8.82	-0.01	25	22050	卖盘
14:01:18	8.83	0.01	57	50331	买盘
14:01:12	8.82	--	8	7056	卖盘
14:01:06	8.82	--	20	17640	卖盘
14:01:03	8.82	--	1	882	卖盘
14:00:57	8.82	--	1	882	卖盘
14:00:48	8.82	-0.01	355	313401	卖盘
14:00:45	8.83	-0.01	60	52980	卖盘
14:00:42	8.84	0.01	5	4420	买盘
14:00:39	8.83	--	1	883	卖盘
14:00:36	8.83	--	5	4415	卖盘
14:00:30	8.83	-0.01	5	4415	卖盘
14:00:27	8.84	0.01	13	11492	买盘
14:00:21	8.83	-0.01	100	88300	卖盘
14:00:15	8.84	0.01	2	1768	买盘
14:00:12	8.83	-0.01	8	7064	卖盘
14:00:09	8.84	0.01	21	18564	买盘
14:00:00	8.83	-0.01	12	10596	卖盘
13:59:39	8.84	--	12	10608	买盘
13:59:36	8.84	-0.01	330	291737	卖盘
13:59:27	8.85	--	1	1761	卖盘
13:59:24	8.85	--	1	885	卖盘
13:59:21	8.85	--	246	217710	卖盘
13:59:18	8.85	--	10	8850	卖盘
13:59:09	8.85	--	5	4425	卖盘
13:59:06	8.85	--	5	4425	卖盘
13:59:03	8.85	--	56	49560	卖盘
13:59:00	8.85	--	2	1770	卖盘
13:58:57	8.85	--	20	17700	卖盘
13:58:45	8.85	--	200	177000	卖盘
13:58:36	8.85	-0.01	44	38940	卖盘
13:58:24	8.86	0.01	12	10632	买盘
13:58:21	8.85	--	23	20355	卖盘
13:58:18	8.85	--	51	45135	卖盘
13:58:15	8.85	--	28	24780	卖盘
13:58:06	8.85	--	10	8850	卖盘
13:58:03	8.85	--	2	1770	卖盘
13:57:57	8.85	--	12	10620	卖盘
13:57:48	8.85	--	115	101775	卖盘
13:57:39	8.85	0.01	172	152228	买盘
13:57:33	8.84	-0.01	5	4420	卖盘
13:57:27	8.85	0.01	102	90270	买盘
13:57:12	8.84	--	4	3536	卖盘
13:57:09	8.84	--	1	884	卖盘
13:57:06	8.84	--	23	20332	卖盘
13:57:03	8.84	-0.01	7	6188	卖盘
13:56:57	8.85	0.01	35	30975	买盘
13:56:54	8.84	--	30	26520	卖盘
13:56:51	8.84	--	30	26520	卖盘
13:56:48	8.84	--	9	7956	卖盘
13:56:45	8.84	--	83	74238	卖盘
13:56:36	8.84	--	20	17680	卖盘
13:56:30	8.84	--	115	101660	卖盘
13:56:27	8.84	--	37	32708	卖盘
13:56:21	8.84	--	30	26520	卖盘
13:56:12	8.84	-0.01	20	17680	卖盘
13:56:03	8.85	--	1	885	买盘
13:56:00	8.85	-0.01	9	7965	卖盘
13:55:57	8.86	0.01	30	26580	买盘
13:55:54	8.85	-0.01	300	265500	卖盘
13:55:51	8.86	--	23	20378	买盘
13:55:39	8.86	--	72	63791	卖盘
13:55:36	8.86	--	40	35440	卖盘
13:55:33	8.86	--	59	52274	卖盘
13:55:21	8.86	-0.01	310	274660	卖盘
13:55:09	8.87	--	47	41688	卖盘
13:55:06	8.87	--	64	56767	卖盘
13:55:03	8.87	--	19	16853	卖盘
13:55:00	8.87	--	70	62089	卖盘
13:54:57	8.87	--	88	78056	卖盘
13:54:54	8.87	--	115	102004	卖盘
13:54:51	8.87	-0.01	50	44349	卖盘
13:54:48	8.88	--	30	26640	买盘
13:54:45	8.88	--	40	35520	买盘
13:54:39	8.88	0.01	1	888	买盘
13:54:33	8.87	--	7	6208	卖盘
13:54:27	8.87	--	15	13304	卖盘
13:54:24	8.87	-0.01	20	17740	卖盘
13:54:09	8.88	0.01	5	4440	买盘
13:54:00	8.87	--	117	103778	卖盘
13:53:54	8.87	--	8	7095	卖盘
13:53:51	8.87	--	38	33706	卖盘
13:53:45	8.87	--	62	54993	买盘
13:53:39	8.87	0.01	10	8870	买盘
13:53:36	8.86	--	28	24808	卖盘
13:53:33	8.86	-0.01	50	44300	卖盘
13:53:30	8.87	0.01	1	886	买盘
13:53:21	8.86	--	2	1772	卖盘
13:53:18	8.86	0.01	234	207324	买盘
13:53:15	8.85	--	32	28320	卖盘
13:53:12	8.85	--	16	14160	卖盘
13:53:09	8.85	--	2	1770	卖盘
13:52:57	8.85	-0.01	1	885	卖盘
13:52:45	8.86	0.01	2	1772	买盘
13:52:42	8.85	-0.01	11	9735	卖盘
13:52:39	8.86	--	102	90372	卖盘
13:52:36	8.86	--	85	75310	卖盘
13:52:33	8.86	-0.01	30	26580	卖盘
13:52:27	8.87	0.01	46	40802	买盘
13:52:24	8.86	--	30	26580	卖盘
13:52:18	8.86	-0.01	11	9746	卖盘
13:52:06	8.87	-0.01	13	11530	卖盘
13:52:00	8.88	--	23	20424	买盘
13:51:54	8.88	--	28	24864	买盘
13:51:51	8.88	0.01	300	266400	买盘
13:51:48	8.87	--	130	115309	卖盘
13:51:45	8.87	-0.01	36	31931	卖盘
13:51:42	8.88	--	5	4440	买盘
13:51:39	8.88	0.01	182	161616	买盘
13:51:36	8.87	-0.01	183	162321	卖盘
13:51:33	8.88	--	36	31968	买盘
13:51:21	8.88	--	191	169608	卖盘
13:51:18	8.88	-0.01	28	24864	卖盘
13:51:15	8.89	0.01	6	5334	买盘
13:51:12	8.88	0.01	112	99456	中性盘
13:51:09	8.87	-0.02	111	98456	卖盘
13:51:06	8.89	0.01	31	27559	买盘
13:51:03	8.88	-0.01	22	19536	卖盘
13:51:00	8.89	--	25	22225	买盘
13:50:54	8.89	--	10	8890	买盘
13:50:51	8.89	--	878	780542	买盘
13:50:48	8.89	--	133	118237	买盘
13:50:45	8.89	-0.01	11	9779	买盘
13:50:39	8.9	--	507	451230	买盘
13:50:36	8.9	0.01	113	100570	买盘
13:50:33	8.89	--	95	84455	卖盘
13:50:30	8.89	--	17	15113	卖盘
13:50:27	8.89	--	38	33782	卖盘
13:50:24	8.89	--	45	40005	卖盘
13:50:21	8.89	--	50	44450	卖盘
13:50:18	8.89	--	57	50673	卖盘
13:50:15	8.89	--	65	57785	卖盘
13:50:12	8.89	--	221	196469	买盘
13:50:09	8.89	0.01	52	46228	买盘
13:50:06	8.88	--	248	220224	卖盘
13:50:03	8.88	-0.01	15	13320	中性盘
13:50:00	8.89	--	104	92456	买盘
13:49:57	8.89	0.02	65	57785	买盘
13:49:54	8.87	-0.01	43	38141	卖盘
13:49:51	8.88	0.01	1044	927072	买盘
13:49:48	8.87	--	202	179173	卖盘
13:49:45	8.87	--	10	8870	卖盘
13:49:42	8.87	-0.01	7	6208	卖盘
13:49:39	8.88	0.01	170	150960	买盘
13:49:36	8.87	0.01	76	67412	买盘
13:49:33	8.86	-0.01	1	886	卖盘
13:49:30	8.87	-0.01	22	19514	买盘
13:49:27	8.88	0.02	500	444000	买盘
13:49:24	8.86	--	20	17720	卖盘
13:49:21	8.86	-0.02	122	108092	卖盘
13:49:18	8.88	0.02	1000	888000	买盘
13:49:15	8.86	--	5	4430	卖盘
13:49:12	8.86	-0.01	10	8860	卖盘
13:49:09	8.87	0.01	6	5321	买盘
13:49:06	8.86	-0.01	46	40756	卖盘
13:49:03	8.87	--	44	39028	买盘
13:49:00	8.87	0.01	65	57654	买盘
13:48:57	8.86	--	381	337566	卖盘
13:48:54	8.86	-0.01	38	33668	卖盘
13:48:51	8.87	0.01	50	44349	买盘
13:48:48	8.86	-0.01	223	197578	卖盘
13:48:42	8.87	0.02	161	142807	买盘
13:48:36	8.85	--	141	124785	卖盘
13:48:33	8.85	-0.01	38	33630	卖盘
13:48:30	8.86	0.01	3	2658	买盘
13:48:27	8.85	--	43	38055	卖盘
13:48:18	8.85	0.01	41	37010	买盘
13:48:12	8.84	-0.01	6	5304	中性盘
13:48:06	8.85	0.02	40	35400	买盘
13:47:57	8.83	-0.02	10	8830	卖盘
13:47:54	8.85	0.01	1500	1327500	买盘
13:47:51	8.84	--	37	32708	买盘
13:47:45	8.84	--	60	53040	买盘
13:47:36	8.84	-0.01	126	111384	卖盘
13:47:33	8.85	--	5	4425	买盘
13:47:30	8.85	0.01	56	49560	买盘
13:47:24	8.84	-0.01	10	8840	卖盘
13:47:18	8.85	0.01	40	35400	买盘
13:47:15	8.84	--	26	22984	卖盘
13:47:03	8.84	-0.01	8	7072	卖盘
13:47:00	8.85	0.01	300	265500	买盘
13:46:54	8.84	--	5	4420	卖盘
13:46:45	8.84	--	12	10608	买盘
13:46:36	8.84	--	68	60112	卖盘
13:46:33	8.84	--	5	4420	卖盘
13:46:30	8.84	-0.01	120	106080	卖盘
13:46:24	8.85	--	271	239835	买盘
13:46:15	8.85	0.01	32	28824	买盘
13:46:12	8.84	--	266	235144	卖盘
13:46:09	8.84	--	58	51272	卖盘
13:46:06	8.84	--	10	8840	卖盘
13:46:03	8.84	0.01	284	251436	买盘
13:46:00	8.83	-0.01	10	8830	卖盘
13:45:57	8.84	--	7	6188	买盘
13:45:54	8.84	0.01	10	8840	买盘
13:45:51	8.83	--	8	7064	卖盘
13:45:48	8.83	-0.01	7	6181	卖盘
13:45:45	8.84	0.01	5	4420	买盘
13:45:42	8.83	--	520	459160	卖盘
13:45:39	8.83	--	19	16777	卖盘
13:45:33	8.83	--	15	13245	卖盘
13:45:30	8.83	--	64	56512	卖盘
13:45:27	8.83	0.01	453	400590	买盘
13:45:24	8.82	--	50	44100	卖盘
13:45:21	8.82	--	10	8820	卖盘
13:45:12	8.82	--	44	38808	买盘
13:45:09	8.82	--	28	24696	买盘
13:44:54	8.82	--	20	17640	买盘
13:44:48	8.82	-0.01	6	5292	买盘
13:44:33	8.83	--	2	1766	买盘
13:44:24	8.83	0.01	89	78587	买盘
13:44:18	8.82	0.01	40	35280	买盘
13:44:15	8.81	--	40	35240	买盘
13:44:03	8.81	--	5	4405	买盘
13:43:54	8.81	-0.01	16	14096	卖盘
13:43:51	8.82	--	23	20286	买盘
13:43:45	8.82	0.01	27	23814	买盘
13:43:36	8.81	--	10	8810	买盘
13:43:30	8.81	--	3	2643	买盘
13:43:24	8.81	-0.01	31	27311	卖盘
13:43:15	8.82	--	30	26460	买盘
13:43:12	8.82	-0.01	30	26565	卖盘
13:43:09	8.83	0.01	2	1766	买盘
13:43:06	8.82	--	50	44100	卖盘
13:43:03	8.82	--	32	28224	卖盘
13:43:00	8.82	--	19	16758	卖盘
13:42:57	8.82	--	31	27342	卖盘
13:42:48	8.82	-0.01	73	64386	卖盘
13:42:42	8.83	--	281	248123	买盘
13:42:36	8.83	0.01	100	88300	买盘
13:42:33	8.82	--	10	8820	卖盘
13:42:27	8.82	-0.01	200	176400	卖盘
13:42:18	8.83	--	32	28256	买盘
13:42:15	8.83	--	31	27373	买盘
13:42:12	8.83	0.01	33	29139	买盘
13:42:09	8.82	-0.01	2	1764	卖盘
13:42:06	8.83	--	155	136865	卖盘
13:42:03	8.83	-0.01	36	31788	卖盘
13:42:00	8.84	0.01	9	7956	买盘
13:41:57	8.83	--	195	172185	卖盘
13:41:54	8.83	--	10	8830	卖盘
13:41:51	8.83	--	11	9713	卖盘
13:41:42	8.83	--	11	9713	买盘
13:41:39	8.83	--	9	7947	买盘
13:41:36	8.83	--	10	8830	买盘
13:41:33	8.83	--	10	8830	买盘
13:41:27	8.83	--	20	17660	买盘
13:41:21	8.83	--	7	6181	买盘
13:41:18	8.83	--	5	4415	买盘
13:41:15	8.83	--	33	29916	买盘
13:41:12	8.83	--	13	11479	买盘
13:41:03	8.83	-0.01	5	4415	买盘
13:40:54	8.84	0.02	1000	884000	买盘
13:40:42	8.82	0.01	13	11466	买盘
13:40:33	8.81	-0.02	9	7929	卖盘
13:40:30	8.83	0.02	1022	902426	买盘
13:40:27	8.81	--	5	4405	卖盘
13:40:24	8.81	0.01	197	174429	买盘
13:40:21	8.8	--	10	8800	卖盘
13:40:15	8.8	--	3	2640	卖盘
13:40:09	8.8	--	2	1760	卖盘
13:40:03	8.8	-0.01	30	26400	卖盘
13:40:00	8.81	--	12	10572	买盘
13:39:54	8.81	0.01	45	39645	买盘
13:39:51	8.8	--	5	4400	卖盘
13:39:45	8.8	-0.01	17	14960	卖盘
13:39:42	8.81	0.01	30	26430	买盘
13:39:39	8.8	--	6	5280	卖盘
13:39:36	8.8	--	10	8800	卖盘
13:39:33	8.8	--	136	119688	买盘
13:39:30	8.8	0.01	214	188320	买盘
13:39:24	8.79	--	33	29006	卖盘
13:39:18	8.79	-0.01	10	8790	卖盘
13:39:15	8.8	--	53	46640	买盘
13:39:12	8.8	--	3	2640	买盘
13:39:09	8.8	--	76	66880	买盘
13:39:06	8.8	0.01	38	33440	买盘
13:39:03	8.79	--	435	382505	买盘
13:39:00	8.79	0.01	1	878	买盘
13:38:54	8.78	--	12	11317	买盘
13:38:48	8.78	-0.01	198	173940	卖盘
13:38:42	8.79	--	3	2636	买盘
13:38:39	8.79	--	10	8790	买盘
13:38:36	8.79	--	48	42191	买盘
13:38:33	8.79	--	33	29006	买盘
13:38:30	8.79	--	3	2636	买盘
13:38:24	8.79	0.01	1	878	买盘
13:38:18	8.78	-0.01	6	5268	卖盘
13:38:09	8.79	--	3	2636	买盘
13:38:06	8.79	--	88	77351	买盘
13:38:03	8.79	--	44	38675	买盘
13:38:00	8.79	--	3	2636	买盘
13:37:57	8.79	0.01	3	2636	买盘
13:37:48	8.78	-0.01	3	2634	卖盘
13:37:42	8.79	--	11	9668	买盘
13:37:39	8.79	--	3	2636	买盘
13:37:36	8.79	0.01	52	45707	买盘
13:37:33	8.78	-0.01	43	38535	卖盘
13:37:30	8.79	--	12	10547	买盘
13:37:27	8.79	0.01	7	6152	买盘
13:37:24	8.78	-0.01	21	18438	卖盘
13:37:21	8.79	--	26	22853	买盘
13:37:12	8.79	--	80	70320	买盘
13:37:09	8.79	0.02	3	2636	买盘
13:37:06	8.77	-0.02	59	51743	卖盘
13:37:03	8.79	0.01	95	83504	买盘
13:37:00	8.78	0.01	57	50045	买盘
13:36:48	8.77	--	20	17540	卖盘
13:36:45	8.77	-0.01	35	30695	卖盘
13:36:39	8.78	--	3	2634	买盘
13:36:36	8.78	--	41	35998	买盘
13:36:33	8.78	--	60	52785	买盘
13:36:30	8.78	0.01	36	31607	买盘
13:36:27	8.77	--	6	5262	卖盘
13:36:18	8.77	--	1	877	卖盘
13:36:15	8.77	-0.01	39	34203	卖盘
13:36:09	8.78	0.01	12	10536	买盘
13:36:06	8.77	-0.01	103	90331	卖盘
13:36:03	8.78	--	48	42144	买盘
13:36:00	8.78	0.01	36	31607	买盘
13:35:57	8.77	--	7	6139	卖盘
13:35:54	8.77	--	10	8770	卖盘
13:35:45	8.77	-0.01	22	19294	卖盘
13:35:36	8.78	--	2	1755	买盘
13:35:33	8.78	--	3	2634	买盘
13:35:30	8.78	--	49	43022	买盘
13:35:27	8.78	0.01	41	35998	买盘
13:35:24	8.77	-0.01	239	209603	卖盘
13:35:15	8.78	-0.01	20	17560	卖盘
13:35:12	8.79	--	11	9668	买盘
13:35:00	8.79	-0.01	389	341930	卖盘
13:34:57	8.8	0.01	84	73920	买盘
13:34:54	8.79	-0.02	57	50973	卖盘
13:34:48	8.81	0.01	53	46693	买盘
13:34:45	8.8	--	16	14080	卖盘
13:34:42	8.8	--	5	4400	卖盘
13:34:39	8.8	--	71	62488	买盘
13:34:36	8.8	--	3	3511	卖盘
13:34:33	8.8	--	0	8	卖盘
13:34:30	8.8	--	30	26400	卖盘
13:34:27	8.8	--	85	74800	卖盘
13:34:24	8.8	--	52	45760	买盘
13:34:21	8.8	--	216	190080	卖盘
13:34:18	8.8	--	21	18480	卖盘
13:34:15	8.8	--	71	62480	卖盘
13:34:09	8.8	--	18	15840	卖盘
13:34:06	8.8	--	183	161040	卖盘
13:34:03	8.8	--	50	44000	卖盘
13:34:00	8.8	--	16	14080	卖盘
13:33:57	8.8	--	15	13200	卖盘
13:33:54	8.8	-0.01	34	29920	卖盘
13:33:51	8.81	--	207	182367	买盘
13:33:48	8.81	0.01	4	3524	买盘
13:33:45	8.8	-0.01	115	101200	卖盘
13:33:42	8.81	0.01	106	93386	买盘
13:33:36	8.8	--	380	334400	卖盘
13:33:33	8.8	--	31	27280	卖盘
13:33:30	8.8	--	7	6160	卖盘
13:33:24	8.8	--	19	16720	卖盘
13:33:12	8.8	-0.01	25	22000	卖盘
13:33:09	8.81	0.01	3	2643	买盘
13:33:06	8.8	-0.01	4	3520	卖盘
13:33:03	8.81	0.01	17	14977	买盘
13:32:57	8.8	--	3	2640	卖盘
13:32:54	8.8	-0.01	60	52800	卖盘
13:32:51	8.81	0.01	86	75766	买盘
13:32:45	8.8	-0.01	5	4400	卖盘
13:32:33	8.81	--	57	50217	卖盘
13:32:27	8.81	--	50	44050	卖盘
13:32:18	8.81	-0.01	2	1762	卖盘
13:32:15	8.82	0.01	3	2646	买盘
13:32:12	8.81	--	21	18501	卖盘
13:32:06	8.81	-0.01	1	881	卖盘
13:32:00	8.82	0.01	50	44100	买盘
13:31:57	8.81	-0.01	51	44931	卖盘
13:31:54	8.82	0.01	4	3528	买盘
13:31:51	8.81	--	1	881	卖盘
13:31:48	8.81	--	99	87219	卖盘
13:31:42	8.81	-0.01	29	25549	卖盘
13:31:39	8.82	--	53	46746	买盘
13:31:36	8.82	--	175	154350	卖盘
13:31:33	8.82	-0.01	142	125244	卖盘
13:31:18	8.83	--	81	71523	买盘
13:31:15	8.83	--	1	883	买盘
13:31:12	8.83	--	50	44150	买盘
13:31:09	8.83	--	58	51214	买盘
13:31:06	8.83	--	12	10596	买盘
13:31:03	8.83	-0.01	84	74172	卖盘
13:31:00	8.84	--	117	103428	买盘
13:30:57	8.84	0.01	25	22100	买盘
13:30:54	8.83	-0.01	53	46799	卖盘
13:30:45	8.84	--	10	8840	买盘
13:30:42	8.84	0.01	40	35360	买盘
13:30:39	8.83	--	25	22075	卖盘
13:30:36	8.83	--	25	22075	卖盘
13:30:33	8.83	-0.01	13	11479	卖盘
13:30:30	8.84	0.01	21	18564	买盘
13:30:27	8.83	--	20	17660	卖盘
13:30:24	8.83	--	3	2649	卖盘
13:30:21	8.83	--	136	120088	卖盘
13:30:18	8.83	--	61	53863	卖盘
13:30:15	8.83	--	51	45033	卖盘
13:30:12	8.83	--	10	8830	卖盘
13:30:09	8.83	--	220	194260	卖盘
13:30:06	8.83	--	164	144812	买盘
13:29:57	8.83	--	33	29139	卖盘
13:29:54	8.83	--	33	29139	卖盘
13:29:42	8.83	--	5	4415	卖盘
13:29:39	8.83	--	18	15894	卖盘
13:29:36	8.83	0.01	43	37969	买盘
13:29:33	8.82	-0.01	70	61740	卖盘
13:29:30	8.83	-0.01	5	4415	买盘
13:29:27	8.84	0.01	36	31824	买盘
13:29:21	8.83	--	15	13245	卖盘
13:29:18	8.83	--	2	1766	卖盘
13:29:12	8.83	--	51	45033	卖盘
13:29:09	8.83	--	140	123620	卖盘
13:29:06	8.83	--	72	63576	买盘
13:29:03	8.83	--	100	88300	买盘
13:29:00	8.83	--	19	16777	买盘
13:28:57	8.83	--	16	14128	买盘
13:28:54	8.83	-0.01	17	15011	卖盘
13:28:51	8.84	0.01	15	13260	买盘
13:28:45	8.83	-0.01	73	64459	卖盘
13:28:42	8.84	--	35	30940	买盘
13:28:39	8.84	0.01	39	34476	买盘
13:28:30	8.83	--	25	22075	卖盘
13:28:27	8.83	-0.02	146	128918	卖盘
13:28:24	8.85	0.01	66	58410	买盘
13:28:21	8.84	--	20	17680	卖盘
13:28:18	8.84	--	37	32708	买盘
13:28:15	8.84	--	10	8840	买盘
13:28:12	8.84	0.01	130	114920	买盘
13:28:09	8.83	--	50	44150	卖盘
13:28:06	8.83	-0.01	104	91832	卖盘
13:28:03	8.84	0.01	76	67184	买盘
13:28:00	8.83	--	48	42384	卖盘
13:27:54	8.83	--	19	16777	卖盘
13:27:51	8.83	--	97	85651	买盘
13:27:45	8.83	--	50	44150	买盘
13:27:39	8.83	-0.01	20	17660	中性盘
13:27:36	8.84	0.02	17	15028	买盘
13:27:33	8.82	--	25	22050	卖盘
13:27:27	8.82	--	232	204624	买盘
13:27:18	8.82	0.01	3	2646	买盘
13:27:15	8.81	-0.01	51	44931	卖盘
13:27:12	8.82	-0.02	95	83790	卖盘
13:27:09	8.84	--	55	48620	买盘
13:27:06	8.84	--	116	102544	买盘
13:27:03	8.84	--	96	84864	买盘
13:27:00	8.84	-0.01	66	58344	中性盘
13:26:54	8.85	0.01	83	73455	买盘
13:26:51	8.84	--	55	48620	买盘
13:26:48	8.84	--	55	48620	买盘
13:26:45	8.84	--	349	308516	买盘
13:26:42	8.84	--	17	15028	买盘
13:26:39	8.84	--	27	23868	买盘
13:26:36	8.84	0.04	114	100776	买盘
13:26:33	8.8	-0.02	510	448800	卖盘
13:26:30	8.82	-0.01	85	74970	卖盘
13:26:27	8.83	0.01	143	126269	买盘
13:26:24	8.82	--	18	15876	买盘
13:26:21	8.82	0.01	128	112896	买盘
13:26:18	8.81	0.01	186	164535	买盘
13:26:15	8.8	--	108	95040	买盘
13:26:12	8.8	--	384	337920	买盘
13:26:09	8.8	--	376	330880	买盘
13:26:06	8.8	0.01	111	97680	买盘
13:26:03	8.79	--	2017	1772942	买盘
13:25:57	8.79	0.01	291	255788	买盘
13:25:54	8.78	-0.01	49	43022	卖盘
13:25:51	8.79	--	7	6152	买盘
13:25:48	8.79	0.01	52	45707	买盘
13:25:45	8.78	-0.01	15	13169	卖盘
13:25:42	8.79	--	11	9668	买盘
13:25:39	8.79	0.01	1570	1380029	买盘
13:25:33	8.78	--	21	18438	买盘
13:25:30	8.78	0.01	19	16682	买盘
13:25:27	8.77	--	251	220127	卖盘
13:25:24	8.77	-0.01	33	28941	卖盘
13:25:18	8.78	0.01	32	28095	买盘
13:25:15	8.77	--	40	35080	卖盘
13:25:12	8.77	--	36	32291	买盘
13:25:09	8.77	-0.01	6	5419	卖盘
13:25:06	8.78	--	71	62337	买盘
13:25:03	8.78	0.01	29	25461	买盘
13:25:00	8.77	--	150	131550	卖盘
13:24:57	8.77	--	20	17540	卖盘
13:24:54	8.77	0.02	808	709335	买盘
13:24:51	8.75	0.01	34	29750	买盘
13:24:48	8.74	-0.01	31	27094	卖盘
13:24:39	8.75	--	1	875	买盘
13:24:36	8.75	--	35	30625	卖盘
13:24:33	8.75	-0.01	89	77875	卖盘
13:24:30	8.76	0.01	17	14892	买盘
13:24:24	8.75	--	82	71750	买盘
13:24:21	8.75	0.01	35	30625	买盘
13:24:18	8.74	--	119	104006	卖盘
13:24:15	8.74	-0.01	1	874	卖盘
13:24:12	8.75	--	133	116375	买盘
13:24:06	8.75	--	99	86625	买盘
13:24:03	8.75	--	84	73500	买盘
13:24:00	8.75	--	99	86625	买盘
13:23:57	8.75	0.01	25	21875	买盘
13:23:54	8.74	-0.01	300	262200	卖盘
13:23:51	8.75	0.01	110	96250	买盘
13:23:48	8.74	--	80	69920	卖盘
13:23:45	8.74	-0.01	129	112746	卖盘
13:23:39	8.75	--	102	89250	买盘
13:23:36	8.75	--	98	85750	买盘
13:23:33	8.75	--	88	77000	买盘
13:23:30	8.75	--	99	86625	买盘
13:23:24	8.75	0.01	106	92750	买盘
13:23:21	8.74	-0.01	49	42826	卖盘
13:23:18	8.75	0.01	21	18375	买盘
13:23:12	8.74	--	4	3496	卖盘
13:23:06	8.74	--	52	45448	卖盘
13:23:03	8.74	-0.01	76	66424	卖盘
13:23:00	8.75	0.01	37	32375	买盘
13:22:54	8.74	--	10	8740	卖盘
13:22:48	8.74	--	21	18354	卖盘
13:22:42	8.74	-0.01	15	13110	卖盘
13:22:39	8.75	0.01	53	46375	买盘
13:22:36	8.74	-0.01	20	17480	卖盘
13:22:33	8.75	--	13	11375	买盘
13:22:30	8.75	--	207	181125	买盘
13:22:18	8.75	--	3	2625	买盘
13:22:09	8.75	--	100	87500	买盘
13:22:06	8.75	--	12	10500	买盘
13:22:00	8.75	--	332	290500	卖盘
13:21:39	8.75	-0.01	1	875	卖盘
13:21:36	8.76	--	96	84096	买盘
13:21:30	8.76	--	13	11388	买盘
13:21:27	8.76	0.01	71	62196	中性盘
13:21:21	8.75	-0.01	50	43750	卖盘
13:21:06	8.76	--	59	51684	买盘
13:21:00	8.76	-0.01	89	77964	卖盘
13:20:57	8.77	0.01	84	73668	买盘
13:20:54	8.76	--	50	43800	卖盘
13:20:48	8.76	--	110	96360	卖盘
13:20:42	8.76	-0.01	5	4380	卖盘
13:20:39	8.77	0.01	60	52620	买盘
13:20:36	8.76	--	2	1752	卖盘
13:20:33	8.76	--	8	7008	卖盘
13:20:30	8.76	-0.01	10	8760	卖盘
13:20:27	8.77	--	40	35080	买盘
13:20:24	8.77	0.01	62	54374	买盘
13:20:21	8.76	--	10	8760	卖盘
13:20:18	8.76	--	21	18396	卖盘
13:20:06	8.76	--	20	17520	卖盘
13:20:00	8.76	-0.01	15	13140	卖盘
13:19:57	8.77	0.01	150	131550	买盘
13:19:51	8.76	-0.01	6	5256	卖盘
13:19:48	8.77	0.01	30	26310	买盘
13:19:42	8.76	-0.01	20	17520	卖盘
13:19:33	8.77	0.01	10	8770	买盘
13:19:30	8.76	--	47	41172	卖盘
13:19:27	8.76	-0.01	3	2628	卖盘
13:19:24	8.77	0.01	98	85946	买盘
13:19:18	8.76	--	10	8760	卖盘
13:18:57	8.76	-0.01	12	10512	卖盘
13:18:54	8.77	0.01	84	73668	买盘
13:18:45	8.76	--	4	3504	卖盘
13:18:42	8.76	-0.01	47	41172	卖盘
13:18:36	8.77	0.01	30	26310	买盘
13:18:27	8.76	-0.01	101	88476	卖盘
13:18:24	8.77	0.01	84	73668	买盘
13:18:21	8.76	--	86	75336	买盘
13:18:15	8.76	--	10	8760	买盘
13:18:12	8.76	-0.01	39	34164	卖盘
13:18:09	8.77	0.01	61	53497	买盘
13:18:06	8.76	-0.01	10	8760	卖盘
13:17:57	8.77	--	8	7016	买盘
13:17:54	8.77	--	11	9647	买盘
13:17:51	8.77	--	83	72791	买盘
13:17:48	8.77	0.01	55	48235	买盘
13:17:42	8.76	-0.01	16	14016	卖盘
13:17:36	8.77	0.01	47	41219	买盘
13:17:33	8.76	--	3	2628	卖盘
13:17:30	8.76	-0.01	9	7884	卖盘
13:17:27	8.77	--	87	76299	买盘
13:17:24	8.77	0.01	11	9647	买盘
13:17:21	8.76	0.01	194	170732	买盘
13:17:09	8.75	0.01	19	16625	买盘
13:17:06	8.74	-0.01	37	32338	卖盘
13:17:03	8.75	0.01	50	43750	买盘
13:16:57	8.74	--	42	36708	买盘
13:16:54	8.74	-0.02	8	6992	卖盘
13:16:51	8.76	--	11	9636	买盘
13:16:48	8.76	0.01	73	63948	买盘
13:16:45	8.75	0.01	20	17500	买盘
13:16:42	8.74	--	77	67298	卖盘
13:16:39	8.74	--	10	8740	卖盘
13:16:36	8.74	-0.01	40	34960	卖盘
13:16:33	8.75	0.01	179	156625	买盘
13:16:21	8.74	-0.01	89	77786	卖盘
13:16:18	8.75	--	36	31500	买盘
13:16:15	8.75	--	73	63875	买盘
13:16:09	8.75	-0.01	10	8750	买盘
13:16:00	8.76	0.02	29	25404	买盘
13:15:54	8.74	-0.02	23	20102	卖盘
13:15:48	8.76	0.02	84	73584	买盘
13:15:45	8.74	--	60	52440	买盘
13:15:39	8.74	0.01	1	874	买盘
13:15:33	8.73	--	23	20079	卖盘
13:15:30	8.73	-0.01	10	8730	卖盘
13:15:24	8.74	--	136	118864	卖盘
13:15:21	8.74	-0.01	5	4370	卖盘
13:15:18	8.75	0.02	11	9625	买盘
13:15:15	8.73	--	83	72459	卖盘
13:15:09	8.73	-0.01	3	2619	卖盘
13:15:03	8.74	--	300	262200	买盘
13:14:54	8.74	--	82	71755	卖盘
13:14:48	8.74	--	6	5244	卖盘
13:14:45	8.74	--	13	11362	卖盘
13:14:42	8.74	--	74	64676	卖盘
13:14:33	8.74	--	10	8740	卖盘
13:14:24	8.74	--	63	55062	卖盘
13:14:21	8.74	-0.01	3	2622	卖盘
13:14:18	8.75	0.01	159	139125	买盘
13:14:15	8.74	-0.01	35	30590	卖盘
13:14:12	8.75	--	11	9625	买盘
13:14:09	8.75	0.01	73	63875	买盘
13:14:00	8.74	--	5	5156	买盘
13:13:57	8.74	0.01	10	8740	买盘
13:13:54	8.73	--	25	21825	卖盘
13:13:48	8.73	-0.01	1	873	卖盘
13:13:42	8.74	--	20	17480	买盘
13:13:39	8.74	--	73	63802	买盘
13:13:33	8.74	--	31	27094	买盘
13:13:30	8.74	--	20	17480	买盘
13:13:24	8.74	--	30	26220	买盘
13:13:18	8.74	-0.01	245	214217	卖盘
13:13:15	8.75	0.01	16	14000	买盘
13:13:12	8.74	-0.01	221	193940	卖盘
13:13:09	8.75	0.01	73	63875	买盘
13:12:51	8.74	--	5	4370	卖盘
13:12:48	8.74	-0.01	30	26220	卖盘
13:12:42	8.75	--	20	17500	买盘
13:12:39	8.75	--	11	9625	买盘
13:12:36	8.75	--	74	64750	买盘
13:12:33	8.75	--	5	4375	买盘
13:12:30	8.75	-0.02	216	189000	卖盘
13:12:27	8.77	0.02	10	8770	买盘
13:12:21	8.75	-0.02	510	446250	卖盘
13:12:12	8.77	--	10	8770	买盘
13:12:09	8.77	--	45	39465	买盘
13:12:06	8.77	--	73	64021	买盘
13:12:00	8.77	0.01	9	7893	买盘
13:11:57	8.76	-0.01	52	45552	卖盘
13:11:45	8.77	--	99	87612	卖盘
13:11:42	8.77	-0.01	1	877	卖盘
13:11:39	8.78	--	76	66728	买盘
13:11:36	8.78	0.01	94	82532	买盘
13:11:33	8.77	--	55	48235	卖盘
13:11:30	8.77	-0.01	10	8770	卖盘
13:11:18	8.78	0.01	50	43900	买盘
13:11:12	8.77	--	75	65775	卖盘
13:11:06	8.77	-0.01	3	2631	卖盘
13:11:03	8.78	0.01	89	78142	买盘
13:11:00	8.77	--	157	137689	卖盘
13:10:54	8.77	--	10	8770	卖盘
13:10:51	8.77	--	30	26397	卖盘
13:10:48	8.77	-0.01	1	877	卖盘
13:10:45	8.78	0.01	8	7023	买盘
13:10:36	8.77	-0.01	50	43850	卖盘
13:10:33	8.78	0.01	84	73752	买盘
13:10:30	8.77	--	16	14032	卖盘
13:10:27	8.77	-0.01	6	5262	卖盘
13:10:24	8.78	--	44	38632	买盘
13:10:21	8.78	--	14	12292	买盘
13:10:12	8.78	0.01	60	52679	买盘
13:10:09	8.77	-0.01	54	47358	卖盘
13:10:06	8.78	--	1	877	买盘
13:10:03	8.78	0.01	84	73752	买盘
13:10:00	8.77	-0.01	3	2631	卖盘
13:09:57	8.78	0.01	38	33364	买盘
13:09:54	8.77	--	5	4385	卖盘
13:09:51	8.77	-0.01	15	13155	卖盘
13:09:48	8.78	0.01	80	70240	买盘
13:09:39	8.77	-0.01	16	14032	卖盘
13:09:36	8.78	--	10	8780	买盘
13:09:33	8.78	--	71	62337	买盘
13:09:30	8.78	0.01	42	36876	买盘
13:09:27	8.77	-0.01	110	96470	卖盘
13:09:24	8.78	--	5	4390	买盘
13:09:21	8.78	0.01	101	88678	买盘
13:09:18	8.77	-0.01	37	32449	卖盘
13:09:12	8.78	--	13	11414	买盘
13:09:09	8.78	0.01	15	13169	买盘
13:09:06	8.77	-0.01	30	26310	卖盘
13:09:03	8.78	--	10	8780	买盘
13:09:00	8.78	--	28	24584	买盘
13:08:57	8.78	--	73	64093	买盘
13:08:54	8.78	0.01	80	70240	买盘
13:08:51	8.77	--	26	22802	卖盘
13:08:45	8.77	--	9	7893	卖盘
13:08:42	8.77	-0.01	66	57882	卖盘
13:08:39	8.78	0.02	20	17560	买盘
13:08:30	8.76	-0.02	92	80592	卖盘
13:08:27	8.78	0.02	169	148382	买盘
13:08:21	8.76	-0.02	74	64824	卖盘
13:08:18	8.78	0.02	10	8780	买盘
13:08:06	8.76	-0.02	10	8760	卖盘
13:08:03	8.78	0.01	360	316080	买盘
13:08:00	8.77	-0.01	8	7016	卖盘
13:07:57	8.78	0.01	84	73752	买盘
13:07:48	8.77	--	9	7893	买盘
13:07:42	8.77	--	2	1754	买盘
13:07:39	8.77	--	113	99101	买盘
13:07:33	8.77	--	10	8770	买盘
13:07:30	8.77	0.01	87	76299	买盘
13:07:27	8.76	-0.01	40	35040	中性盘
13:07:24	8.77	--	124	108748	买盘
13:07:15	8.77	--	2	1754	买盘
13:07:12	8.77	--	27	23679	买盘
13:07:09	8.77	0.02	1035	907695	买盘
13:07:06	8.75	-0.01	40	35000	卖盘
13:07:03	8.76	--	5	4380	买盘
13:07:00	8.76	0.01	125	109500	买盘
13:06:57	8.75	--	29	25375	卖盘
13:06:54	8.75	-0.01	15	13125	卖盘
13:06:51	8.76	0.01	118	103368	买盘
13:06:48	8.75	--	30	26250	卖盘
13:06:45	8.75	-0.01	4	3500	卖盘
13:06:39	8.76	0.01	5	4380	买盘
13:06:36	8.75	-0.01	10	8750	买盘
13:06:33	8.76	0.02	53	46428	买盘
13:06:30	8.74	-0.02	35	30590	卖盘
13:06:27	8.76	0.01	1	876	买盘
13:06:24	8.75	-0.01	10	8750	卖盘
13:06:21	8.76	0.01	112	98112	买盘
13:06:15	8.75	--	1	875	卖盘
13:06:12	8.75	--	30	26250	卖盘
13:06:06	8.75	--	84	73500	买盘
13:06:00	8.75	--	34	29750	买盘
13:05:57	8.75	--	54	47250	买盘
13:05:48	8.75	--	86	75250	买盘
13:05:45	8.75	--	27	23625	买盘
13:05:42	8.75	0.01	256	224000	买盘
13:05:39	8.74	--	67	58558	买盘
13:05:33	8.74	0.01	414	361836	买盘
13:05:24	8.73	-0.01	70	61110	卖盘
13:05:18	8.74	0.01	84	73416	买盘
13:05:12	8.73	--	5	4365	卖盘
13:05:06	8.73	--	40	34920	卖盘
13:05:03	8.73	--	42	36666	卖盘
13:04:57	8.73	--	13	11349	卖盘
13:04:51	8.73	--	5	4365	卖盘
13:04:48	8.73	--	5	4365	卖盘
13:04:42	8.73	--	347	302931	卖盘
13:04:39	8.73	--	6	5238	卖盘
13:04:33	8.73	--	8	6984	卖盘
13:04:30	8.73	0.01	9	7857	买盘
13:04:27	8.72	-0.01	20	17440	卖盘
13:04:24	8.73	0.01	28	24444	买盘
13:04:15	8.72	--	66	57552	卖盘
13:04:12	8.72	-0.01	1	872	卖盘
13:04:03	8.73	0.01	9	7857	中性盘
13:03:54	8.72	-0.02	358	312176	卖盘
13:03:48	8.74	--	110	96140	买盘
13:03:39	8.74	0.01	10	8740	买盘
13:03:36	8.73	-0.01	14	12222	卖盘
13:03:33	8.74	0.01	2	1748	买盘
13:03:30	8.73	-0.01	52	45396	卖盘
13:03:24	8.74	0.01	8	6992	买盘
13:03:21	8.73	-0.01	91	79443	卖盘
13:03:18	8.74	0.01	37	32338	买盘
13:03:15	8.73	-0.01	10	8730	卖盘
13:03:12	8.74	0.01	2	1748	买盘
13:03:09	8.73	-0.02	29	25317	卖盘
13:02:51	8.75	0.01	51	44625	买盘
13:02:45	8.74	--	1	874	卖盘
13:02:42	8.74	0.01	35	30930	买盘
13:02:39	8.73	-0.01	20	17460	卖盘
13:02:36	8.74	--	28	24472	买盘
13:02:30	8.74	--	63	55062	买盘
13:02:27	8.74	-0.01	73	63802	卖盘
13:02:24	8.75	--	10	8750	买盘
13:02:21	8.75	--	2	1750	买盘
13:02:15	8.75	--	126	110250	买盘
13:02:09	8.75	--	36	31500	买盘
13:02:00	8.75	0.01	25	21875	买盘
13:01:57	8.74	--	2	1748	卖盘
13:01:51	8.74	--	4	3496	卖盘
13:01:42	8.74	0.01	44	38456	买盘
13:01:39	8.73	--	20	17460	卖盘
13:01:30	8.73	-0.02	84	73332	卖盘
13:01:27	8.75	0.01	21	18375	买盘
13:01:24	8.74	--	100	87400	买盘
13:01:21	8.74	--	5	4370	买盘
13:01:18	8.74	-0.01	10	8740	中性盘
13:01:15	8.75	--	39	34125	买盘
13:01:12	8.75	--	100	87500	买盘
13:01:09	8.75	--	3	2625	买盘
13:01:06	8.75	-0.01	40	35000	买盘
13:00:57	8.76	--	48	42048	买盘
13:00:54	8.76	--	50	43800	买盘
13:00:51	8.76	0.01	44	38544	买盘
13:00:45	8.75	-0.01	10	8750	中性盘
13:00:33	8.76	0.05	6	5256	买盘
13:00:27	8.71	-0.05	8	6968	卖盘
13:00:24	8.76	0.06	6	5256	买盘
13:00:15	8.7	-0.06	10	8700	卖盘
13:00:12	8.76	0.06	180	157680	买盘
13:00:09	8.7	-0.05	1587	1381359	卖盘
13:00:06	8.75	0.05	2323	2032625	买盘
13:00:03	8.7	--	2730	2375100	卖盘
13:00:00	8.7	--	12	11301	买盘
11:30:00	8.7	--	0	0	买盘
11:29:51	8.7	-0.01	31	26978	卖盘
11:29:36	8.71	0.01	9	7839	买盘
11:29:30	8.7	--	0	861	买盘
11:29:27	8.7	--	2	1739	卖盘
11:29:18	8.7	-0.01	12	10440	卖盘
11:29:09	8.71	--	2	1742	买盘
11:29:03	8.71	--	43	37453	买盘
11:29:00	8.71	0.01	5	4355	买盘
11:28:57	8.7	0.01	13	11309	买盘
11:28:54	8.69	-0.01	6	5214	卖盘
11:28:30	8.7	0.01	35	30449	买盘
11:28:27	8.69	-0.01	71	61699	卖盘
11:28:21	8.7	-0.01	9	7829	卖盘
11:28:15	8.71	--	4	3484	买盘
11:28:12	8.71	--	1	871	买盘
11:28:09	8.71	0.01	2	1742	买盘
11:28:03	8.7	--	13	11309	卖盘
11:28:00	8.7	--	4	3479	卖盘
11:27:57	8.7	--	18	15659	卖盘
11:27:48	8.7	--	2	1739	卖盘
11:27:33	8.7	--	44	38280	买盘
11:27:27	8.7	--	34	29579	卖盘
11:27:21	8.7	-0.01	16	13919	中性盘
11:27:09	8.71	0.02	40	34840	买盘
11:27:03	8.69	-0.02	110	95590	卖盘
11:26:48	8.71	0.01	364	317044	买盘
11:26:45	8.7	--	12	10440	卖盘
11:26:42	8.7	-0.01	5	4350	卖盘
11:26:39	8.71	0.01	583	507793	买盘
11:26:36	8.7	-0.01	5	4350	卖盘
11:26:33	8.71	--	1	871	买盘
11:26:27	8.71	--	1	871	买盘
11:26:24	8.71	-0.02	435	378885	卖盘
11:26:18	8.73	0.01	41	35793	买盘
11:26:12	8.72	-0.01	186	162192	卖盘
11:26:09	8.73	0.01	5	4365	买盘
11:26:06	8.72	-0.01	49	42728	卖盘
11:26:03	8.73	0.01	3	2619	买盘
11:25:51	8.72	--	8	6976	卖盘
11:25:45	8.72	-0.01	10	8720	卖盘
11:25:33	8.73	--	310	271241	卖盘
11:25:30	8.73	--	5	4365	卖盘
11:25:27	8.73	--	27	23571	卖盘
11:25:18	8.73	--	30	26190	卖盘
11:25:15	8.73	-0.01	22	19206	卖盘
11:25:12	8.74	0.01	108	94392	买盘
11:25:09	8.73	--	30	26190	卖盘
11:25:06	8.73	--	30	26190	卖盘
11:25:03	8.73	--	37	32301	卖盘
11:25:00	8.73	--	25	22086	买盘
11:24:54	8.73	-0.01	7	6722	卖盘
11:24:45	8.74	0.01	3	2622	买盘
11:24:42	8.73	--	77	67221	卖盘
11:24:36	8.73	--	2	1746	卖盘
11:24:27	8.73	--	23	20079	卖盘
11:24:24	8.73	--	11	9603	卖盘
11:24:21	8.73	--	12	10476	卖盘
11:24:18	8.73	--	20	17460	卖盘
11:24:12	8.73	--	25	21825	卖盘
11:24:09	8.73	0.01	330	288351	买盘
11:24:03	8.72	--	7	6104	卖盘
11:23:45	8.72	--	381	332232	买盘
11:23:42	8.72	--	110	95920	买盘
11:23:30	8.72	0.01	15	13080	买盘
11:23:24	8.71	-0.01	15	13065	卖盘
11:23:21	8.72	--	5	4360	买盘
11:23:18	8.72	--	48	41856	买盘
11:22:45	8.72	--	557	485704	卖盘
11:22:39	8.72	--	22	19184	卖盘
11:22:27	8.72	-0.01	20	17440	卖盘
11:22:21	8.73	--	100	87300	买盘
11:22:18	8.73	--	10	8730	买盘
11:22:15	8.73	--	5	4365	买盘
11:22:12	8.73	--	2	1746	买盘
11:22:03	8.73	--	5	4365	买盘
11:21:57	8.73	--	17	14841	买盘
11:21:54	8.73	--	8	6984	买盘
11:21:48	8.73	0.01	5	4365	买盘
11:21:42	8.72	-0.01	393	342696	卖盘
11:21:33	8.73	--	75	65475	买盘
11:21:30	8.73	--	20	17460	买盘
11:21:27	8.73	0.01	35	30555	买盘
11:21:21	8.72	--	164	143008	卖盘
11:21:15	8.72	-0.01	5	4360	卖盘
11:21:09	8.73	0.01	74	64602	买盘
11:21:06	8.72	-0.01	42	36624	卖盘
11:21:03	8.73	0.01	88	76824	买盘
11:21:00	8.72	--	291	253752	买盘
11:20:54	8.72	--	42	36624	买盘
11:20:48	8.72	--	36	31392	买盘
11:20:33	8.72	--	36	31392	买盘
11:20:30	8.72	--	27	23544	买盘
11:20:27	8.72	--	56	48832	买盘
11:20:18	8.72	--	32	27904	买盘
11:20:15	8.72	--	2	1744	买盘
11:20:12	8.72	0.01	24	20928	买盘
11:20:06	8.71	--	167	146110	买盘
11:20:03	8.71	--	38	33098	买盘
11:19:57	8.71	--	152	132392	买盘
11:19:54	8.71	0.01	10	8710	买盘
11:19:48	8.7	-0.01	34	29579	卖盘
11:19:45	8.71	--	3	2613	买盘
11:19:42	8.71	--	2	1742	买盘
11:19:39	8.71	0.01	625	544375	买盘
11:19:36	8.7	-0.01	2	1739	卖盘
11:19:33	8.71	--	38	33098	买盘
11:19:30	8.71	--	9	7839	买盘
11:19:18	8.71	0.01	2	1742	买盘
11:19:15	8.7	--	12	10440	卖盘
11:19:12	8.7	-0.01	1	869	卖盘
11:19:09	8.71	0.01	1	871	买盘
11:19:06	8.7	-0.01	6	5220	卖盘
11:19:00	8.71	0.01	20	17420	买盘
11:18:54	8.7	--	50	43500	卖盘
11:18:48	8.7	--	1	869	卖盘
11:18:39	8.7	--	26	22619	卖盘
11:18:36	8.7	--	1	869	卖盘
11:18:30	8.7	-0.01	100	87000	卖盘
11:18:27	8.71	--	10	8710	买盘
11:18:18	8.71	--	2	1742	买盘
11:18:15	8.71	--	20	17637	卖盘
11:18:06	8.71	--	5	4355	卖盘
11:18:03	8.71	--	36	32009	买盘
11:17:57	8.71	--	27	23734	卖盘
11:17:54	8.71	--	14	12847	卖盘
11:17:51	8.71	--	11	9581	卖盘
11:17:48	8.71	--	30	26130	卖盘
11:17:45	8.71	--	208	181168	卖盘
11:17:42	8.71	--	43	37453	卖盘
11:17:33	8.71	--	1	871	卖盘
11:17:27	8.71	-0.01	60	52260	卖盘
11:17:15	8.72	0.01	148	129056	买盘
11:17:03	8.71	--	5	4355	卖盘
11:16:57	8.71	-0.01	1	871	卖盘
11:16:45	8.72	0.01	1	872	买盘
11:16:39	8.71	-0.01	6	5226	卖盘
11:16:36	8.72	--	15	13080	买盘
11:16:30	8.72	--	3	2616	买盘
11:16:27	8.72	0.01	22	19184	买盘
11:16:12	8.71	-0.01	1	871	卖盘
11:16:09	8.72	--	5	4360	买盘
11:16:06	8.72	0.01	150	130800	买盘
11:16:00	8.71	-0.01	10	8710	卖盘
11:15:57	8.72	0.01	282	245904	买盘
11:15:54	8.71	--	23	20033	买盘
11:15:48	8.71	--	1	871	买盘
11:15:42	8.71	--	126	109746	卖盘
11:15:36	8.71	--	18	15678	卖盘
11:15:30	8.71	0.01	287	250299	买盘
11:15:24	8.7	--	125	108749	买盘
11:15:21	8.7	--	65	56549	买盘
11:15:15	8.7	--	300	260999	买盘
11:15:06	8.7	0.01	100	87000	买盘
11:15:03	8.69	--	10	8690	卖盘
11:15:00	8.69	0.01	415	360635	买盘
11:14:54	8.68	--	10	8680	卖盘
11:14:48	8.68	--	14	12152	买盘
11:14:30	8.68	0.01	200	173600	买盘
11:14:27	8.67	-0.01	56	48552	卖盘
11:14:09	8.68	0.02	39	33852	买盘
11:13:57	8.66	-0.02	3	2598	卖盘
11:13:27	8.68	0.01	178	154504	买盘
11:13:12	8.67	--	10	8670	买盘
11:13:09	8.67	--	47	40749	买盘
11:13:03	8.67	--	23	19941	买盘
11:12:57	8.67	0.01	2	1734	买盘
11:12:45	8.66	-0.01	4	3464	卖盘
11:12:39	8.67	--	3	2601	买盘
11:12:36	8.67	0.01	48	41616	买盘
11:12:27	8.66	-0.01	37	32042	卖盘
11:12:24	8.67	0.01	32	27744	买盘
11:12:21	8.66	--	6	5196	卖盘
11:12:18	8.66	--	284	245944	卖盘
11:12:00	8.66	--	8	6928	卖盘
11:11:51	8.66	--	100	86600	卖盘
11:11:45	8.66	-0.01	10	8660	卖盘
11:11:42	8.67	0.01	10	8670	买盘
11:11:39	8.66	-0.01	4	3464	中性盘
11:11:24	8.67	--	10	8670	买盘
11:11:12	8.67	--	4	3468	买盘
11:11:09	8.67	-0.01	136	117912	卖盘
11:11:03	8.68	0.01	22	19096	买盘
11:11:00	8.67	-0.01	19	16473	卖盘
11:10:48	8.68	0.01	3	2604	买盘
11:10:45	8.67	-0.01	1140	988380	卖盘
11:10:36	8.68	0.01	65	56420	买盘
11:10:30	8.67	0.02	660	572220	买盘
11:10:24	8.65	--	7	6055	卖盘
11:10:21	8.65	--	1	865	卖盘
11:10:18	8.65	-0.01	131	113315	卖盘
11:10:15	8.66	--	14	12124	买盘
11:10:12	8.66	0.01	44	38104	买盘
11:10:03	8.65	--	4	3460	卖盘
11:10:00	8.65	-0.01	37	32005	卖盘
11:09:54	8.66	--	201	174066	买盘
11:09:48	8.66	--	11	9526	买盘
11:09:39	8.66	--	288	249408	卖盘
11:09:27	8.66	--	32	27712	卖盘
11:09:21	8.66	-0.01	20	17320	卖盘
11:09:18	8.67	0.01	23	19941	买盘
11:09:00	8.66	-0.01	11	9526	卖盘
11:08:54	8.67	--	2	1734	买盘
11:08:48	8.67	--	59	51153	卖盘
11:08:42	8.67	--	4	3468	卖盘
11:08:39	8.67	--	85	73695	卖盘
11:08:36	8.67	0.01	117	101439	买盘
11:08:30	8.66	--	7	6062	卖盘
11:08:24	8.66	--	119	103054	卖盘
11:08:12	8.66	-0.01	29	25114	卖盘
11:08:09	8.67	0.01	1	867	买盘
11:08:06	8.66	-0.01	7	6062	卖盘
11:07:51	8.67	--	2	1734	买盘
11:07:48	8.67	--	15	13005	卖盘
11:07:45	8.67	-0.01	36	31212	卖盘
11:07:42	8.68	0.01	3	2604	买盘
11:07:36	8.67	--	36	31212	卖盘
11:07:27	8.67	-0.01	41	35547	卖盘
11:07:18	8.68	--	10	8680	买盘
11:07:12	8.68	--	58	50344	买盘
11:07:09	8.68	0.01	6	5208	买盘
11:07:03	8.67	--	77	66759	卖盘
11:07:00	8.67	-0.01	14	12138	卖盘
11:06:51	8.68	--	2	1736	买盘
11:06:48	8.68	0.01	64	55552	买盘
11:06:39	8.67	-0.01	4	3468	卖盘
11:06:27	8.68	0.01	35	30380	买盘
11:06:24	8.67	-0.01	28	24276	卖盘
11:06:15	8.68	--	5	4340	买盘
11:06:12	8.68	--	29	25172	买盘
11:06:09	8.68	--	20	17360	买盘
11:06:06	8.68	--	5	4340	买盘
11:06:03	8.68	--	39	33852	买盘
11:06:00	8.68	--	97	84196	卖盘
11:05:54	8.68	-0.01	20	17360	卖盘
11:05:48	8.69	0.01	60	52140	买盘
11:05:45	8.68	--	230	199640	卖盘
11:05:42	8.68	--	5	4340	卖盘
11:05:39	8.68	--	30	26040	卖盘
11:05:36	8.68	-0.01	18	15624	卖盘
11:05:21	8.69	--	10	8690	买盘
11:05:18	8.69	--	20	17380	买盘
11:05:15	8.69	--	66	57354	买盘
11:05:09	8.69	--	70	60830	卖盘
11:05:03	8.69	-0.01	18	15642	卖盘
11:05:00	8.7	0.01	5	4350	买盘
11:04:57	8.69	-0.01	65	56485	卖盘
11:04:51	8.7	0.01	503	437609	买盘
11:04:39	8.69	--	42	36498	卖盘
11:04:18	8.69	--	60	52140	卖盘
11:04:06	8.69	--	10	8690	卖盘
11:04:03	8.69	--	137	119053	买盘
11:04:00	8.69	0.01	4	3476	买盘
11:03:54	8.68	-0.01	10	8680	卖盘
11:03:51	8.69	--	146	126874	买盘
11:03:48	8.69	0.01	52	45188	买盘
11:03:45	8.68	-0.01	44	38192	卖盘
11:03:42	8.69	0.01	27	23463	买盘
11:03:33	8.68	--	6	5208	卖盘
11:03:27	8.68	--	1	868	卖盘
11:03:21	8.68	--	10	8680	卖盘
11:03:18	8.68	0.01	175	151900	买盘
11:03:12	8.67	-0.01	43	37281	卖盘
11:03:00	8.68	0.01	1	868	买盘
11:02:57	8.67	-0.01	10	8670	卖盘
11:02:45	8.68	--	2	1736	买盘
11:02:33	8.68	--	38	32984	买盘
11:02:27	8.68	--	6	5208	买盘
11:02:24	8.68	--	23	19964	买盘
11:02:18	8.68	--	40	34720	买盘
11:02:15	8.68	--	35	30380	买盘
11:02:09	8.68	--	1	868	买盘
11:02:06	8.68	--	4	3472	买盘
11:02:03	8.68	--	2	1736	买盘
11:01:57	8.68	--	62	53816	买盘
11:01:51	8.68	--	10	8680	买盘
11:01:48	8.68	0.01	18	15624	买盘
11:01:45	8.67	--	5	4335	卖盘
11:01:42	8.67	-0.01	100	86700	卖盘
11:01:39	8.68	--	48	41664	买盘
11:01:36	8.68	--	36	31248	买盘
11:01:33	8.68	--	2	1736	买盘
11:01:27	8.68	--	20	17360	买盘
11:01:24	8.68	-0.01	3	2604	买盘
11:01:21	8.69	0.02	35	30415	买盘
11:01:18	8.67	-0.02	30	26010	卖盘
11:01:09	8.69	0.01	2	1738	买盘
11:01:06	8.68	--	20	17360	卖盘
11:00:51	8.68	--	100	86800	买盘
11:00:45	8.68	--	2	1736	买盘
11:00:42	8.68	--	6	5208	买盘
11:00:39	8.68	--	50	43400	买盘
11:00:36	8.68	--	1	868	买盘
11:00:33	8.68	0.01	39	33852	买盘
11:00:30	8.67	-0.01	3	2601	卖盘
11:00:27	8.68	0.01	54	46872	买盘
11:00:24	8.67	-0.01	48	41616	卖盘
11:00:21	8.68	--	11	9548	买盘
11:00:18	8.68	--	2	1736	买盘
11:00:15	8.68	--	2	1736	买盘
11:00:12	8.68	0.02	4	3472	买盘
11:00:09	8.66	--	8	6928	卖盘
11:00:03	8.66	-0.01	12	10392	卖盘
11:00:00	8.67	--	5	4335	买盘
10:59:57	8.67	--	1	867	卖盘
10:59:51	8.67	-0.01	12	10404	卖盘
10:59:48	8.68	0.01	30	26040	买盘
10:59:42	8.67	0.02	57	49419	买盘
10:59:36	8.65	-0.01	129	111585	卖盘
10:59:33	8.66	--	6	5196	卖盘
10:59:27	8.66	--	40	34640	买盘
10:59:24	8.66	0.01	1	866	买盘
10:59:21	8.65	-0.01	39	33735	卖盘
10:59:18	8.66	0.01	21	18186	买盘
10:59:06	8.65	-0.01	30	25950	卖盘
10:59:03	8.66	0.01	3	2598	买盘
10:58:54	8.65	-0.01	23	19895	卖盘
10:58:51	8.66	--	5	4330	买盘
10:58:48	8.66	0.01	10	8660	买盘
10:58:45	8.65	--	16	13840	卖盘
10:58:36	8.65	--	20	17300	卖盘
10:58:33	8.65	--	4	3460	卖盘
10:58:30	8.65	-0.01	11	9515	卖盘
10:58:27	8.66	--	2	1732	买盘
10:58:24	8.66	--	3	2598	买盘
10:58:15	8.66	0.01	4	3464	买盘
10:58:12	8.65	--	21	18165	卖盘
10:58:09	8.65	-0.01	6	5190	卖盘
10:58:06	8.66	--	60	51960	买盘
10:58:03	8.66	--	4	3464	买盘
10:57:51	8.66	--	20	17320	买盘
10:57:42	8.66	--	32	27712	买盘
10:57:30	8.66	0.01	34	29444	买盘
10:57:27	8.65	-0.01	53	45845	卖盘
10:57:21	8.66	--	24	20784	卖盘
10:57:18	8.66	--	100	86600	卖盘
10:57:09	8.66	-0.01	120	103920	卖盘
10:57:03	8.67	0.01	5	4335	中性盘
10:56:36	8.66	-0.01	35	30310	卖盘
10:56:21	8.67	-0.01	9	7803	卖盘
10:56:15	8.68	--	2	1736	买盘
10:56:12	8.68	--	7	6076	卖盘
10:56:06	8.68	--	13	11284	卖盘
10:56:03	8.68	--	2	1736	卖盘
10:55:51	8.68	--	19	16492	卖盘
10:55:45	8.68	--	9	7812	卖盘
10:55:36	8.68	--	24	20832	卖盘
10:55:30	8.68	--	3	2604	卖盘
10:55:27	8.68	--	50	43400	卖盘
10:55:24	8.68	-0.01	38	32984	卖盘
10:55:21	8.69	0.01	23	19987	买盘
10:55:18	8.68	--	10	8680	卖盘
10:54:57	8.68	0.01	177	153636	买盘
10:54:54	8.67	-0.01	15	13005	卖盘
10:54:51	8.68	--	253	219604	买盘
10:54:45	8.68	0.01	3	2604	买盘
10:54:39	8.67	-0.01	22	19074	卖盘
10:54:36	8.68	--	40	34720	买盘
10:54:15	8.68	0.01	40	34720	买盘
10:54:03	8.67	-0.01	81	70227	中性盘
10:54:00	8.68	0.01	70	60760	买盘
10:53:48	8.67	--	2	1734	买盘
10:53:42	8.67	--	8	6936	卖盘
10:53:39	8.67	--	20	17340	卖盘
10:53:24	8.67	--	43	37281	卖盘
10:53:21	8.67	--	43	37281	买盘
10:53:03	8.67	--	4	3468	买盘
10:53:00	8.67	0.01	46	39882	买盘
10:52:57	8.66	--	57	49362	卖盘
10:52:54	8.66	-0.01	2	1732	卖盘
10:52:48	8.67	0.01	22	19074	买盘
10:52:45	8.66	--	5	4330	卖盘
10:52:42	8.66	-0.01	25	21650	卖盘
10:52:39	8.67	0.01	130	112710	买盘
10:52:33	8.66	-0.01	1	866	卖盘
10:52:30	8.67	0.01	6	5202	买盘
10:52:27	8.66	-0.01	10	8660	卖盘
10:52:24	8.67	--	33	28611	买盘
10:52:21	8.67	0.01	3	2601	买盘
10:52:03	8.66	--	4	3464	买盘
10:51:54	8.66	-0.01	2	1732	中性盘
10:51:48	8.67	0.01	5	4335	买盘
10:51:45	8.66	--	80	69280	买盘
10:51:36	8.66	--	34	29444	卖盘
10:51:33	8.66	--	66	57156	买盘
10:51:27	8.66	0.01	23	19918	买盘
10:51:24	8.65	-0.01	1	865	卖盘
10:51:18	8.66	--	10	8660	买盘
10:51:15	8.66	-0.01	51	44166	卖盘
10:51:09	8.67	--	171	148257	买盘
10:51:06	8.67	--	14	12138	买盘
10:51:00	8.67	--	3	2601	买盘
10:50:54	8.67	--	12	10404	买盘
10:50:51	8.67	--	6	5202	买盘
10:50:42	8.67	--	50	43350	买盘
10:50:39	8.67	--	4	3468	买盘
10:50:36	8.67	--	3	2601	买盘
10:50:30	8.67	--	4	3468	买盘
10:50:27	8.67	0.01	4	3468	买盘
10:50:24	8.66	-0.01	5	4330	卖盘
10:50:21	8.67	--	26	22542	买盘
10:50:18	8.67	--	6	5202	买盘
10:50:12	8.67	--	4	3468	买盘
10:50:09	8.67	0.01	13	11271	买盘
10:50:06	8.66	--	11	9526	买盘
10:50:03	8.66	-0.01	4	3464	中性盘
10:50:00	8.67	--	8	6936	买盘
10:49:57	8.67	0.01	21	18207	买盘
10:49:54	8.66	0.01	20	17320	买盘
10:49:51	8.65	-0.01	10	8650	卖盘
10:49:45	8.66	0.01	66	57156	买盘
10:49:42	8.65	-0.01	15	12975	卖盘
10:49:39	8.66	0.01	35	30310	买盘
10:49:36	8.65	-0.01	26	22490	卖盘
10:49:33	8.66	--	5	4330	买盘
10:49:30	8.66	--	51	44166	买盘
10:49:24	8.66	--	3	2598	买盘
10:49:21	8.66	--	46	39836	买盘
10:49:18	8.66	0.01	2	1732	中性盘
10:49:12	8.65	-0.01	15	12975	卖盘
10:49:09	8.66	-0.01	56	48496	卖盘
10:49:03	8.67	0.01	7	6069	买盘
10:48:57	8.66	-0.01	3	2598	卖盘
10:48:51	8.67	0.01	100	86700	买盘
10:48:36	8.66	-0.01	6	5196	卖盘
10:48:30	8.67	0.01	2	1734	买盘
10:48:27	8.66	--	7	6062	卖盘
10:48:21	8.66	-0.01	6	5196	卖盘
10:48:18	8.67	0.01	65	56355	买盘
10:48:06	8.66	--	23	19918	卖盘
10:48:03	8.66	--	25	21650	卖盘
10:48:00	8.66	--	10	8660	卖盘
10:47:54	8.66	-0.01	12	10392	卖盘
10:47:51	8.67	--	2	1734	买盘
10:47:48	8.67	0.01	20	17340	买盘
10:47:45	8.66	--	21	18186	卖盘
10:47:39	8.66	--	17	14722	卖盘
10:47:36	8.66	--	10	8660	卖盘
10:47:30	8.66	--	57	49362	卖盘
10:47:24	8.66	--	10	8660	卖盘
10:47:21	8.66	-0.01	5	4330	卖盘
10:47:18	8.67	0.01	1	867	买盘
10:47:12	8.66	--	6	5196	卖盘
10:47:09	8.66	-0.01	30	25980	卖盘
10:47:00	8.67	--	1	867	买盘
10:46:42	8.67	0.01	39	33813	买盘
10:46:24	8.66	--	3	2598	卖盘
10:46:21	8.66	--	5	4330	卖盘
10:46:18	8.66	-0.01	10	8660	卖盘
10:46:03	8.67	--	89	77163	卖盘
10:45:57	8.67	--	9	7803	卖盘
10:45:54	8.67	--	30	26010	卖盘
10:45:48	8.67	--	43	37281	卖盘
10:45:39	8.67	--	12	10404	卖盘
10:45:18	8.67	-0.01	5	4335	卖盘
10:45:15	8.68	--	61	52948	卖盘
10:45:12	8.68	--	25	21700	卖盘
10:45:09	8.68	--	4	3472	卖盘
10:45:06	8.68	--	1	868	卖盘
10:45:00	8.68	--	137	118916	卖盘
10:44:57	8.68	--	44	38192	卖盘
10:44:54	8.68	--	115	99820	卖盘
10:44:33	8.68	-0.01	5	4340	卖盘
10:44:30	8.69	0.01	3	2607	买盘
10:44:27	8.68	--	12	10416	卖盘
10:44:24	8.68	--	1	868	卖盘
10:44:15	8.68	-0.01	8	6944	卖盘
10:44:06	8.69	--	12	10428	买盘
10:44:03	8.69	--	28	24332	卖盘
10:44:00	8.69	--	29	25201	卖盘
10:43:51	8.69	--	20	17380	卖盘
10:43:45	8.69	--	31	26939	买盘
10:43:42	8.69	0.01	6	5214	买盘
10:43:30	8.68	-0.01	24	20832	卖盘
10:43:12	8.69	0.01	84	72996	买盘
10:43:09	8.68	--	2	1736	卖盘
10:43:06	8.68	-0.01	11	9548	卖盘
10:43:00	8.69	0.01	60	52140	买盘
10:42:57	8.68	-0.01	25	21700	卖盘
10:42:54	8.69	--	6	5214	买盘
10:42:45	8.69	--	63	54747	卖盘
10:42:42	8.69	--	18	15642	买盘
10:42:36	8.69	--	20	17380	买盘
10:42:30	8.69	--	34	29546	买盘
10:42:21	8.69	--	30	26070	买盘
10:42:12	8.69	--	100	86900	买盘
10:42:06	8.69	0.01	30	26070	买盘
10:42:00	8.68	0.01	13	11284	买盘
10:41:57	8.67	-0.02	46	39882	卖盘
10:41:45	8.69	0.02	49	42581	买盘
10:41:36	8.67	--	2	1734	卖盘
10:41:27	8.67	--	23	19941	卖盘
10:41:09	8.67	-0.02	25	21675	卖盘
10:41:03	8.69	--	20	17380	买盘
10:41:00	8.69	--	10	8690	卖盘
10:40:48	8.69	0.02	43	37367	买盘
10:40:39	8.67	-0.02	46	39882	卖盘
10:40:36	8.69	--	4	3476	卖盘
10:40:30	8.69	--	51	44319	卖盘
10:40:27	8.69	--	5	4345	卖盘
10:40:24	8.69	--	50	43450	买盘
10:40:21	8.69	0.02	20	17380	买盘
10:40:18	8.67	-0.02	19	16473	卖盘
10:40:15	8.69	--	10	8690	买盘
10:40:12	8.69	--	10	8690	买盘
10:40:09	8.69	--	6	5214	卖盘
10:40:03	8.69	-0.01	14	12166	卖盘
10:40:00	8.7	--	9	7829	买盘
10:39:57	8.7	--	25	21750	买盘
10:39:51	8.7	--	23	20010	买盘
10:39:45	8.7	0.01	76	66120	买盘
10:39:42	8.69	-0.01	25	21725	卖盘
10:39:36	8.7	--	30	26099	买盘
10:39:33	8.7	0.01	5	4350	买盘
10:39:30	8.69	-0.01	9	7821	卖盘
10:39:24	8.7	0.01	22	19140	买盘
10:39:21	8.69	--	5	4345	卖盘
10:39:18	8.69	--	96	83424	买盘
10:39:15	8.69	--	8	6952	买盘
10:39:09	8.69	--	112	97328	买盘
10:39:03	8.69	0.01	3	2607	买盘
10:38:57	8.68	--	20	17360	卖盘
10:38:54	8.68	-0.01	66	57288	卖盘
10:38:51	8.69	0.01	47	40843	买盘
10:38:42	8.68	--	20	17360	卖盘
10:38:30	8.68	--	23	19964	卖盘
10:38:27	8.68	0.01	63	54684	买盘
10:38:03	8.67	--	27	23686	买盘
10:37:57	8.67	--	25	21675	买盘
10:37:51	8.67	--	59	51153	买盘
10:37:48	8.67	--	38	32946	买盘
10:37:39	8.67	--	30	26010	买盘
10:37:36	8.67	0.01	32	27744	买盘
10:37:24	8.66	0.01	475	411350	买盘
10:37:21	8.65	--	50	43250	买盘
10:37:18	8.65	--	4	3460	买盘
10:37:15	8.65	--	15	12975	买盘
10:37:12	8.65	--	6	5190	买盘
10:37:06	8.65	-0.01	84	72660	卖盘
10:37:00	8.66	0.02	5	4330	买盘
10:36:54	8.64	-0.01	16	13824	卖盘
10:36:51	8.65	--	109	94285	买盘
10:36:42	8.65	--	20	17300	买盘
10:36:33	8.65	--	8	6920	买盘
10:36:24	8.65	0.01	44	38060	买盘
10:36:12	8.64	-0.01	1	864	卖盘
10:36:06	8.65	--	5	4325	买盘
10:36:03	8.65	0.01	117	101205	买盘
10:36:00	8.64	--	2	1728	卖盘
10:35:57	8.64	--	421	363744	卖盘
10:35:51	8.64	-0.01	10	8640	卖盘
10:35:45	8.65	--	10	8650	买盘
10:35:42	8.65	0.01	5	4325	买盘
10:35:27	8.64	-0.01	115	99360	卖盘
10:35:24	8.65	--	42	36330	买盘
10:35:21	8.65	--	23	19895	买盘
10:35:00	8.65	0.01	10	8650	买盘
10:34:57	8.64	--	6	5184	卖盘
10:34:54	8.64	-0.01	1	864	卖盘
10:34:51	8.65	0.01	14	12110	买盘
10:34:48	8.64	--	20	17280	卖盘
10:34:39	8.64	--	148	127872	卖盘
10:34:30	8.64	-0.01	1	864	卖盘
10:34:27	8.65	--	16	13840	买盘
10:34:24	8.65	--	63	54495	买盘
10:34:21	8.65	--	18	15570	买盘
10:34:15	8.65	--	120	103800	买盘
10:34:00	8.65	0.01	46	39790	买盘
10:33:57	8.64	-0.01	5	4320	卖盘
10:33:48	8.65	--	16	13840	卖盘
10:33:45	8.65	--	8	6920	卖盘
10:33:42	8.65	--	41	35465	卖盘
10:33:33	8.65	-0.01	5	4325	卖盘
10:33:24	8.66	0.01	19	16454	买盘
10:33:21	8.65	--	10	8650	卖盘
10:33:18	8.65	--	30	25950	卖盘
10:33:15	8.65	-0.01	2	1730	卖盘
10:33:09	8.66	0.01	17	14722	买盘
10:33:06	8.65	--	17	14705	卖盘
10:33:03	8.65	--	18	15570	卖盘
10:32:57	8.65	--	43	37195	卖盘
10:32:54	8.65	--	6	5190	卖盘
10:32:48	8.65	--	2	1730	卖盘
10:32:42	8.65	--	12	10380	卖盘
10:32:33	8.65	--	10	8650	卖盘
10:32:27	8.65	--	5	4325	卖盘
10:32:21	8.65	--	27	23355	卖盘
10:32:12	8.65	--	1	865	卖盘
10:32:09	8.65	--	10	8650	卖盘
10:32:06	8.65	-0.01	58	50170	卖盘
10:32:03	8.66	--	56	48496	买盘
10:31:57	8.66	-0.01	257	222562	卖盘
10:31:54	8.67	0.01	11	9537	买盘
10:31:51	8.66	--	11	9526	卖盘
10:31:39	8.66	--	1	866	卖盘
10:31:36	8.66	-0.01	8	6928	卖盘
10:31:33	8.67	--	51	44217	买盘
10:31:24	8.67	--	10	8670	买盘
10:31:15	8.67	0.01	10	8670	买盘
10:31:12	8.66	-0.01	1	866	卖盘
10:31:06	8.67	--	2	1734	买盘
10:31:03	8.67	--	4	3468	买盘
10:30:57	8.67	--	38	32946	买盘
10:30:54	8.67	--	124	108097	卖盘
10:30:51	8.67	--	10	8947	卖盘
10:30:36	8.67	--	9	7803	买盘
10:30:33	8.67	--	1	867	买盘
10:30:30	8.67	--	5	4335	买盘
10:30:27	8.67	--	259	224553	买盘
10:30:24	8.67	--	34	29478	买盘
10:30:09	8.67	--	11	10126	卖盘
10:30:06	8.67	--	3	2601	卖盘
10:29:57	8.67	--	13	11271	卖盘
10:29:54	8.67	--	2	1734	卖盘
10:29:51	8.67	--	25	21675	卖盘
10:29:48	8.67	0.01	9	8080	买盘
10:29:45	8.66	-0.01	14	12124	卖盘
10:29:42	8.67	0.01	3	2601	买盘
10:29:36	8.66	--	13	11258	卖盘
10:29:33	8.66	--	21	18186	卖盘
10:29:30	8.66	--	50	43300	卖盘
10:29:27	8.66	-0.01	1	866	卖盘
10:29:15	8.67	0.01	10	8670	买盘
10:29:12	8.66	-0.01	8	6928	卖盘
10:29:09	8.67	--	2	1734	买盘
10:29:06	8.67	0.01	16	13872	买盘
10:29:03	8.66	--	15	12990	卖盘
10:29:00	8.66	--	58	50228	卖盘
10:28:57	8.66	--	31	26846	卖盘
10:28:48	8.66	--	6	5196	卖盘
10:28:45	8.66	-0.01	23	19918	卖盘
10:28:42	8.67	0.01	81	70227	买盘
10:28:39	8.66	--	1	866	卖盘
10:28:30	8.66	--	9	7794	卖盘
10:28:27	8.66	-0.01	12	10392	卖盘
10:28:12	8.67	--	68	59545	卖盘
10:28:09	8.67	--	143	123981	卖盘
10:28:06	8.67	--	35	30345	卖盘
10:28:03	8.67	--	86	74562	卖盘
10:28:00	8.67	--	20	17340	卖盘
10:27:57	8.67	-0.01	31	26877	卖盘
10:27:54	8.68	0.01	14	12152	买盘
10:27:51	8.67	-0.01	89	77163	卖盘
10:27:30	8.68	0.01	8	6944	买盘
10:27:21	8.67	-0.01	7	6069	卖盘
10:27:18	8.68	--	97	84196	卖盘
10:27:15	8.68	--	10	8680	卖盘
10:27:09	8.68	--	4	3472	卖盘
10:27:03	8.68	--	20	17360	卖盘
10:26:51	8.68	-0.01	16	13888	卖盘
10:26:39	8.69	--	11	9559	买盘
10:26:36	8.69	--	10	8690	买盘
10:26:33	8.69	0.01	30	26070	买盘
10:26:21	8.68	-0.01	11	9548	卖盘
10:26:18	8.69	0.01	102	88638	买盘
10:26:15	8.68	--	81	70308	卖盘
10:26:06	8.68	-0.01	3	2604	卖盘
10:26:03	8.69	0.01	77	66913	买盘
10:25:54	8.68	--	58	50344	卖盘
10:25:48	8.68	--	26	22568	卖盘
10:25:45	8.68	--	100	86800	卖盘
10:25:39	8.68	-0.01	20	17360	卖盘
10:25:30	8.69	--	20	17380	买盘
10:25:27	8.69	--	6	5214	买盘
10:25:18	8.69	0.01	2	1738	买盘
10:25:12	8.68	--	28	24304	买盘
10:25:06	8.68	-0.01	2	1736	卖盘
10:25:03	8.69	--	9	7821	买盘
10:25:00	8.69	0.01	20	17380	买盘
10:24:57	8.68	-0.01	90	78120	卖盘
10:24:54	8.69	0.01	10	8690	买盘
10:24:42	8.68	--	20	17360	卖盘
10:24:33	8.68	-0.01	20	17360	卖盘
10:24:30	8.69	0.01	13	11297	买盘
10:24:21	8.68	--	1	868	买盘
10:24:18	8.68	--	33	28644	卖盘
10:24:15	8.68	--	273	236964	买盘
10:24:09	8.68	--	10	8680	买盘
10:24:06	8.68	--	47	40796	买盘
10:24:03	8.68	--	2	1736	买盘
10:23:54	8.68	--	2	1736	买盘
10:23:51	8.68	0.01	103	89404	买盘
10:23:48	8.67	--	36	31212	卖盘
10:23:42	8.67	--	3	2601	卖盘
10:23:39	8.67	--	14	12138	卖盘
10:23:36	8.67	-0.01	22	19074	卖盘
10:23:33	8.68	0.01	58	50621	买盘
10:23:30	8.67	--	160	138720	买盘
10:23:27	8.67	--	2	1734	买盘
10:23:24	8.67	--	12	10404	买盘
10:23:21	8.67	--	4	3468	买盘
10:23:18	8.67	--	26	22542	买盘
10:23:15	8.67	0.01	4	3468	买盘
10:23:12	8.66	--	148	128168	买盘
10:23:09	8.66	0.01	60	51960	买盘
10:23:06	8.65	-0.01	3	2595	卖盘
10:23:03	8.66	--	16	13856	买盘
10:22:57	8.66	--	50	43300	买盘
10:22:54	8.66	--	16	13856	买盘
10:22:51	8.66	--	2	1732	买盘
10:22:48	8.66	--	91	78806	买盘
10:22:42	8.66	--	4	3464	买盘
10:22:36	8.66	-0.01	17	14722	卖盘
10:22:33	8.67	--	2	1734	买盘
10:22:27	8.67	0.01	35	30345	买盘
10:22:24	8.66	--	16	14444	卖盘
10:22:18	8.66	-0.02	20	17320	卖盘
10:22:15	8.68	0.02	2	1736	买盘
10:22:12	8.66	--	30	25980	卖盘
10:22:09	8.66	--	23	19918	卖盘
10:22:03	8.66	-0.02	49	42434	卖盘
10:22:00	8.68	--	7	6076	买盘
10:21:57	8.68	--	15	13020	买盘
10:21:45	8.68	--	560	486080	买盘
10:21:42	8.68	--	269	233492	卖盘
10:21:39	8.68	-0.01	10	8680	卖盘
10:21:36	8.69	0.01	128	111232	买盘
10:21:33	8.68	--	10	8680	卖盘
10:21:30	8.68	--	25	21700	卖盘
10:21:27	8.68	--	68	59024	卖盘
10:21:24	8.68	--	5	4340	卖盘
10:21:12	8.68	-0.01	7	6076	卖盘
10:20:57	8.69	--	30	26070	卖盘
10:20:54	8.69	--	48	41712	卖盘
10:20:51	8.69	-0.01	18	15642	卖盘
10:20:48	8.7	--	13	11309	买盘
10:20:45	8.7	0.01	13	11309	买盘
10:20:42	8.69	0.01	162	140778	买盘
10:20:36	8.68	-0.01	20	17360	卖盘
10:20:33	8.69	--	22	19118	买盘
10:20:30	8.69	0.01	11	9559	买盘
10:20:24	8.68	-0.01	3	2604	卖盘
10:20:21	8.69	0.01	55	47795	买盘
10:20:18	8.68	--	10	8680	卖盘
10:20:15	8.68	--	1	868	买盘
10:20:12	8.68	--	34	29512	卖盘
10:20:09	8.68	-0.01	40	34720	卖盘
10:20:06	8.69	0.01	10	8690	买盘
10:20:03	8.68	--	20	17360	卖盘
10:20:00	8.68	--	5	4340	卖盘
10:19:57	8.68	0.02	30	26040	买盘
10:19:54	8.66	0.01	29	25391	买盘
10:19:51	8.65	--	3	2595	买盘
10:19:48	8.65	-0.01	118	102658	卖盘
10:19:45	8.66	-0.02	5	4330	卖盘
10:19:39	8.68	--	29	25172	买盘
10:19:36	8.68	0.02	4	3472	买盘
10:19:24	8.66	0.01	65	56567	买盘
10:19:18	8.65	0.01	100	86500	买盘
10:19:06	8.64	--	20	17280	卖盘
10:19:03	8.64	--	20	17280	买盘
10:18:57	8.64	0.01	2	1728	买盘
10:18:54	8.63	0.01	34	29342	卖盘
10:18:51	8.62	-0.01	31	26721	卖盘
10:18:48	8.63	--	55	47465	买盘
10:18:45	8.63	0.01	31	26753	买盘
10:18:42	8.62	--	63	54305	买盘
10:18:39	8.62	--	36	31031	买盘
10:18:36	8.62	--	541	466341	卖盘
10:18:33	8.62	-0.01	5	4310	卖盘
10:18:30	8.63	--	150	129450	买盘
10:18:27	8.63	0.01	115	99245	买盘
10:18:24	8.62	-0.01	15	12929	卖盘
10:18:21	8.63	--	44	37972	买盘
10:18:18	8.63	--	20	17260	买盘
10:18:15	8.63	--	57	49191	买盘
10:18:12	8.63	--	152	131176	买盘
10:18:09	8.63	-0.02	29	25027	卖盘
10:18:06	8.65	0.02	495	428175	买盘
10:18:03	8.63	-0.01	1	863	卖盘
10:17:54	8.64	-0.01	1	864	卖盘
10:17:51	8.65	--	99	85635	买盘
10:17:45	8.65	--	200	173000	买盘
10:17:42	8.65	--	4	3460	买盘
10:17:39	8.65	-0.01	137	118505	卖盘
10:17:33	8.66	--	2	1732	买盘
10:17:27	8.66	-0.01	88	76796	卖盘
10:17:21	8.67	--	2	1734	买盘
10:17:15	8.67	-0.01	5	4335	买盘
10:17:12	8.68	0.01	4	3472	买盘
10:17:09	8.67	0.01	136	117912	中性盘
10:17:06	8.66	-0.02	300	259800	卖盘
10:17:00	8.68	0.01	99	85932	买盘
10:16:54	8.67	-0.01	54	46818	卖盘
10:16:51	8.68	0.01	26	22568	买盘
10:16:48	8.67	-0.01	43	37281	卖盘
10:16:39	8.68	--	258	223944	买盘
10:16:30	8.68	--	2	1736	买盘
10:16:27	8.68	--	2	1736	买盘
10:16:21	8.68	--	4	3472	买盘
10:16:18	8.68	-0.01	125	108500	卖盘
10:16:12	8.69	0.01	3	2607	买盘
10:16:09	8.68	--	43	37324	卖盘
10:16:06	8.68	--	12	10416	买盘
10:16:03	8.68	--	30	26040	买盘
10:16:00	8.68	--	22	19096	买盘
10:15:57	8.68	--	10	8680	买盘
10:15:54	8.68	--	6	5208	买盘
10:15:51	8.68	--	11	9548	买盘
10:15:48	8.68	--	59	51212	卖盘
10:15:45	8.68	--	6	5208	卖盘
10:15:39	8.68	0.01	7	6076	买盘
10:15:36	8.67	--	5	4335	卖盘
10:15:33	8.67	-0.01	19	16473	卖盘
10:15:30	8.68	--	8	7221	买盘
10:15:27	8.68	0.01	32	27776	买盘
10:15:21	8.67	--	20	17340	卖盘
10:15:18	8.67	--	12	10404	卖盘
10:15:12	8.67	-0.01	20	17340	卖盘
10:15:09	8.68	0.01	2	1736	买盘
10:15:06	8.67	-0.01	26	22542	卖盘
10:15:03	8.68	--	323	280364	卖盘
10:15:00	8.68	-0.01	10	8680	卖盘
10:14:54	8.69	--	291	252879	买盘
10:14:48	8.69	--	105	91245	买盘
10:14:45	8.69	0.01	111	96459	买盘
10:14:42	8.68	-0.02	1300	1128400	卖盘
10:14:39	8.7	--	35	30449	卖盘
10:14:36	8.7	--	427	371489	买盘
10:14:33	8.7	--	13	11309	买盘
10:14:24	8.7	--	8	6959	买盘
10:14:21	8.7	--	382	332931	卖盘
10:14:18	8.7	--	229	199229	卖盘
10:14:15	8.7	-0.01	30	26099	卖盘
10:14:12	8.71	--	124	108004	买盘
10:14:06	8.71	--	26	22646	买盘
10:14:03	8.71	-0.01	136	118456	卖盘
10:13:57	8.72	--	51	44472	卖盘
10:13:54	8.72	-0.01	16	13952	卖盘
10:13:51	8.73	0.01	2	1746	买盘
10:13:48	8.72	-0.01	69	60168	卖盘
10:13:45	8.73	--	100	87300	买盘
10:13:39	8.73	--	3	2619	买盘
10:13:36	8.73	--	81	70713	买盘
10:13:33	8.73	--	338	295074	卖盘
10:13:30	8.73	-0.01	193	168489	卖盘
10:13:27	8.74	--	4	3496	买盘
10:13:24	8.74	--	123	107502	买盘
10:13:21	8.74	0.01	32	27968	买盘
10:13:18	8.73	-0.01	37	32301	卖盘
10:13:15	8.74	0.01	2	1748	买盘
10:13:12	8.73	-0.01	161	140553	卖盘
10:13:09	8.74	0.01	112	97888	买盘
10:13:06	8.73	--	33	28809	卖盘
10:12:57	8.73	0.01	520	453960	买盘
10:12:54	8.72	--	30	26160	买盘
10:12:51	8.72	-0.01	15	13080	中性盘
10:12:45	8.73	--	9	7857	买盘
10:12:42	8.73	0.01	160	139680	买盘
10:12:39	8.72	--	132	115104	卖盘
10:12:36	8.72	-0.01	6	5232	卖盘
10:12:33	8.73	0.01	28	24444	买盘
10:12:30	8.72	--	408	355776	买盘
10:12:27	8.72	--	6	5232	买盘
10:12:24	8.72	--	4	3488	买盘
10:12:21	8.72	--	4	3488	买盘
10:12:18	8.72	--	41	35752	买盘
10:12:15	8.72	0.02	20	17440	买盘
10:12:12	8.7	--	26	22619	卖盘
10:12:09	8.7	-0.01	110	95699	卖盘
10:12:06	8.71	--	188	163748	买盘
10:12:03	8.71	--	36	31356	买盘
10:12:00	8.71	0.01	83	72293	买盘
10:11:57	8.7	-0.01	64	55679	卖盘
10:11:54	8.71	--	4	3484	买盘
10:11:51	8.71	0.01	65	56615	买盘
10:11:48	8.7	--	110	95699	卖盘
10:11:45	8.7	--	5	4350	卖盘
10:11:42	8.7	--	181	157748	买盘
10:11:39	8.7	--	80	70191	卖盘
10:11:36	8.7	--	52	45518	买盘
10:11:33	8.7	--	53	46701	卖盘
10:11:30	8.7	--	5	4350	卖盘
10:11:27	8.7	--	50	43500	卖盘
10:11:24	8.7	--	21	18548	买盘
10:11:21	8.7	--	145	126149	买盘
10:11:18	8.7	--	79	68730	买盘
10:11:15	8.7	--	2	1739	买盘
10:11:12	8.7	--	36	31319	买盘
10:11:09	8.7	--	26	22619	买盘
10:11:06	8.7	0.01	10	8700	买盘
10:11:03	8.69	--	205	178145	买盘
10:11:00	8.69	--	151	131219	卖盘
10:10:57	8.69	--	32	27808	卖盘
10:10:54	8.69	-0.01	25	21725	卖盘
10:10:51	8.7	0.01	1	869	买盘
10:10:48	8.69	--	33	28677	卖盘
10:10:45	8.69	-0.01	16	13904	卖盘
10:10:42	8.7	0.01	35	30449	买盘
10:10:39	8.69	-0.01	53	46057	卖盘
10:10:36	8.7	0.01	44	38280	买盘
10:10:33	8.69	--	2	1738	卖盘
10:10:30	8.69	-0.01	11	9559	卖盘
10:10:27	8.7	0.01	30	26099	买盘
10:10:21	8.69	--	41	35629	卖盘
10:10:18	8.69	--	147	127742	卖盘
10:10:15	8.69	--	46	39974	卖盘
10:10:09	8.69	-0.01	406	352814	卖盘
10:10:06	8.7	0.01	18	15659	买盘
10:10:03	8.69	--	10	8690	卖盘
10:09:48	8.69	--	37	32152	卖盘
10:09:45	8.69	--	38	33022	卖盘
10:09:36	8.69	-0.01	10	8690	中性盘
10:09:33	8.7	0.01	304	264480	买盘
10:09:30	8.69	--	7	6083	卖盘
10:09:27	8.69	--	11	9559	卖盘
10:09:24	8.69	--	65	56485	买盘
10:09:21	8.69	--	5	4345	买盘
10:09:18	8.69	--	192	166848	卖盘
10:09:15	8.69	--	4	3476	卖盘
10:09:12	8.69	--	19	16511	卖盘
10:09:09	8.69	--	228	198132	买盘
10:09:06	8.69	--	42	36498	买盘
10:09:03	8.69	--	59	51271	买盘
10:09:00	8.69	--	199	172931	卖盘
10:08:57	8.69	-0.01	158	137302	卖盘
10:08:54	8.7	0.01	237	206189	买盘
10:08:51	8.69	0.01	5	4345	买盘
10:08:48	8.68	-0.01	12	10416	卖盘
10:08:45	8.69	--	207	179883	买盘
10:08:42	8.69	--	42	36498	买盘
10:08:36	8.69	--	150	130349	买盘
10:08:33	8.69	0.01	5	4345	买盘
10:08:30	8.68	-0.01	20	17360	卖盘
10:08:27	8.69	--	10	8690	买盘
10:08:21	8.69	--	6	5214	买盘
10:08:18	8.69	--	15	13035	买盘
10:08:15	8.69	--	29	25201	买盘
10:08:12	8.69	--	7	6083	买盘
10:08:09	8.69	0.01	47	40843	买盘
10:08:06	8.68	-0.01	7	6076	买盘
10:08:00	8.69	0.02	30	26070	中性盘
10:07:57	8.67	-0.01	33	28611	卖盘
10:07:51	8.68	-0.01	11	10138	卖盘
10:07:48	8.69	--	10	8690	卖盘
10:07:45	8.69	0.01	490	426088	买盘
10:07:39	8.68	-0.01	210	182280	卖盘
10:07:33	8.69	0.01	41	35629	买盘
10:07:30	8.68	--	20	17360	卖盘
10:07:27	8.68	--	31	26908	卖盘
10:07:18	8.68	--	4	3472	买盘
10:07:15	8.68	0.01	4	3472	买盘
10:07:12	8.67	-0.01	5	4335	卖盘
10:07:09	8.68	--	100	86800	买盘
10:07:06	8.68	0.01	10	8680	买盘
10:07:03	8.67	-0.01	10	8670	卖盘
10:06:57	8.68	--	2	1736	买盘
10:06:51	8.68	--	9	7812	买盘
10:06:48	8.68	0.02	70	61072	买盘
10:06:45	8.66	--	12	10392	卖盘
10:06:42	8.66	-0.01	4	3464	卖盘
10:06:39	8.67	--	25	21675	买盘
10:06:33	8.67	0.01	112	97104	买盘
10:06:30	8.66	-0.01	10	8660	卖盘
10:06:27	8.67	--	42	36414	买盘
10:06:24	8.67	--	29	25143	买盘
10:06:18	8.67	0.01	497	430899	买盘
10:06:12	8.66	--	156	135096	卖盘
10:06:09	8.66	-0.01	66	57156	卖盘
10:06:06	8.67	--	65	56355	买盘
10:06:03	8.67	0.01	15	13005	买盘
10:05:57	8.66	--	2	1732	卖盘
10:05:54	8.66	--	36	31176	卖盘
10:05:51	8.66	-0.01	21	18186	卖盘
10:05:48	8.67	0.01	11	9537	买盘
10:05:45	8.66	--	13	11258	卖盘
10:05:42	8.66	--	313	271058	买盘
10:05:39	8.66	--	5	4330	买盘
10:05:36	8.66	--	16	13856	买盘
10:05:33	8.66	0.01	25	21650	买盘
10:05:30	8.65	-0.01	55	47575	卖盘
10:05:27	8.66	--	65	56290	买盘
10:05:24	8.66	0.01	208	180128	卖盘
10:05:18	8.65	-0.01	20	17300	卖盘
10:05:15	8.66	0.01	116	100456	买盘
10:05:12	8.65	-0.01	10	8650	卖盘
10:05:09	8.66	--	194	168004	买盘
10:05:06	8.66	0.01	100	86600	买盘
10:05:03	8.65	-0.01	30	25950	卖盘
10:05:00	8.66	0.01	10	8660	买盘
10:04:57	8.65	-0.01	2	1730	卖盘
10:04:54	8.66	-0.01	243	210438	卖盘
10:04:51	8.67	--	3	2601	买盘
10:04:48	8.67	0.01	77	66759	买盘
10:04:45	8.66	--	8	6928	卖盘
10:04:42	8.66	-0.01	240	207840	卖盘
10:04:39	8.67	0.01	16	13872	买盘
10:04:33	8.66	-0.01	40	34640	卖盘
10:04:27	8.67	0.01	35	30345	买盘
10:04:24	8.66	-0.01	1	866	卖盘
10:04:21	8.67	--	44	38148	买盘
10:04:15	8.67	0.01	9	7803	买盘
10:04:09	8.66	-0.02	63	55112	卖盘
10:04:06	8.68	0.01	406	352720	买盘
10:04:03	8.67	--	4	3468	卖盘
10:04:00	8.67	--	111	96237	买盘
10:03:54	8.67	-0.01	3	2601	卖盘
10:03:51	8.68	0.01	87	75516	买盘
10:03:48	8.67	--	90	78030	卖盘
10:03:45	8.67	-0.01	15	13005	卖盘
10:03:42	8.68	--	104	90272	买盘
10:03:36	8.68	--	10	8680	买盘
10:03:33	8.68	0.01	29	25172	买盘
10:03:27	8.67	-0.02	100	86700	卖盘
10:03:24	8.69	--	16	14494	卖盘
10:03:21	8.69	-0.01	25	21725	卖盘
10:03:18	8.7	0.02	85	74228	买盘
10:03:15	8.68	-0.01	2	1736	卖盘
10:03:12	8.69	--	120	104870	卖盘
10:03:09	8.69	--	10	8690	卖盘
10:03:06	8.69	--	50	43450	卖盘
10:03:03	8.69	--	52	45188	卖盘
10:03:00	8.69	--	31	26939	卖盘
10:02:54	8.69	--	32	27808	卖盘
10:02:51	8.69	-0.01	30	26070	卖盘
10:02:48	8.7	--	38	33060	买盘
10:02:45	8.7	--	353	307388	买盘
10:02:36	8.7	0.01	6	5220	买盘
10:02:33	8.69	--	18	15642	卖盘
10:02:30	8.69	-0.01	5	4345	卖盘
10:02:27	8.7	--	20	17400	买盘
10:02:24	8.7	--	73	63509	卖盘
10:02:21	8.7	--	266	231419	卖盘
10:02:18	8.7	--	171	148770	卖盘
10:02:15	8.7	--	132	114839	卖盘
10:02:12	8.7	--	35	30449	卖盘
10:02:09	8.7	--	45	39150	卖盘
10:02:06	8.7	-0.01	23	20010	卖盘
10:02:03	8.71	--	10	8710	买盘
10:02:00	8.71	-0.01	7	6097	买盘
10:01:54	8.72	0.01	104	90688	买盘
10:01:51	8.71	--	76	66196	卖盘
10:01:48	8.71	--	600	522600	卖盘
10:01:45	8.71	-0.01	115	100165	卖盘
10:01:42	8.72	0.01	52	45344	买盘
10:01:36	8.71	--	168	146328	卖盘
10:01:33	8.71	-0.02	26	22646	卖盘
10:01:30	8.73	0.01	115	100395	买盘
10:01:27	8.72	-0.01	14	12208	中性盘
10:01:24	8.73	0.01	364	317772	买盘
10:01:21	8.72	--	8	6976	卖盘
10:01:18	8.72	-0.01	75	65400	卖盘
10:01:12	8.73	--	30	26190	买盘
10:01:09	8.73	--	30	26190	买盘
10:01:06	8.73	--	419	365787	卖盘
10:01:03	8.73	-0.01	97	84681	卖盘
10:01:00	8.74	--	105	91770	买盘
10:00:57	8.74	--	225	196650	卖盘
10:00:51	8.74	--	199	173926	卖盘
10:00:48	8.74	--	85	74290	卖盘
10:00:45	8.74	--	196	171304	卖盘
10:00:42	8.74	--	99	86526	卖盘
10:00:39	8.74	--	74	64676	卖盘
10:00:36	8.74	--	66	57684	卖盘
10:00:33	8.74	--	32	27968	卖盘
10:00:30	8.74	0.01	520	454480	买盘
10:00:27	8.73	-0.01	30	26190	卖盘
10:00:24	8.74	0.01	64	55936	买盘
10:00:21	8.73	-0.01	24	20952	卖盘
10:00:18	8.74	--	17	14858	买盘
10:00:15	8.74	--	202	176548	买盘
10:00:09	8.74	--	496	433504	卖盘
10:00:06	8.74	-0.01	175	152950	卖盘
10:00:03	8.75	0.01	15	13125	买盘
10:00:00	8.74	--	13	11362	买盘
09:59:57	8.74	0.01	284	248216	卖盘
09:59:54	8.73	-0.01	124	108252	卖盘
09:59:51	8.74	0.01	298	260452	买盘
09:59:48	8.73	-0.01	159	139269	卖盘
09:59:45	8.74	--	12	10488	卖盘
09:59:42	8.74	--	25	21850	卖盘
09:59:39	8.74	0.01	220	192690	中性盘
09:59:36	8.73	--	247	215631	卖盘
09:59:30	8.73	--	309	269757	卖盘
09:59:27	8.73	-0.01	10	8730	卖盘
09:59:24	8.74	--	104	90896	买盘
09:59:21	8.74	--	118	103132	买盘
09:59:18	8.74	--	79	69046	买盘
09:59:15	8.74	0.02	53	46322	买盘
09:59:12	8.72	-0.01	236	205792	卖盘
09:59:09	8.73	--	66	57618	卖盘
09:59:06	8.73	--	4	3518	卖盘
09:59:03	8.73	0.01	139	121347	买盘
09:59:00	8.72	--	410	357520	卖盘
09:58:57	8.72	--	261	227592	买盘
09:58:54	8.72	--	129	112488	买盘
09:58:51	8.72	0.01	93	81096	买盘
09:58:48	8.71	-0.01	225	195975	卖盘
09:58:42	8.72	--	617	538024	买盘
09:58:36	8.72	--	8	6976	卖盘
09:58:33	8.72	--	101	88072	卖盘
09:58:30	8.72	-0.01	32	27904	卖盘
09:58:27	8.73	0.01	70	61110	买盘
09:58:24	8.72	0.01	21	18312	买盘
09:58:21	8.71	--	23	20033	卖盘
09:58:18	8.71	--	3	2613	卖盘
09:58:15	8.71	0.01	358	311818	买盘
09:58:12	8.7	--	8	6959	卖盘
09:58:09	8.7	--	57	49589	卖盘
09:58:06	8.7	-0.02	10	8700	卖盘
09:58:03	8.72	0.03	74	64528	买盘
09:58:00	8.69	-0.02	10	8690	中性盘
09:57:57	8.71	0.02	328	285688	买盘
09:57:54	8.69	-0.01	5	4345	卖盘
09:57:51	8.7	0.01	209	181829	中性盘
09:57:48	8.69	-0.01	7	6083	卖盘
09:57:45	8.7	0.01	41	35670	买盘
09:57:42	8.69	--	65	56485	卖盘
09:57:39	8.69	--	5	4345	卖盘
09:57:36	8.69	0.01	5	4345	中性盘
09:57:33	8.68	--	81	70308	卖盘
09:57:30	8.68	-0.01	337	292516	卖盘
09:57:27	8.69	--	10	8690	买盘
09:57:24	8.69	--	108	93852	买盘
09:57:21	8.69	--	9	7821	买盘
09:57:12	8.69	0.01	274	238106	买盘
09:57:09	8.68	--	40	34720	买盘
09:57:06	8.68	--	29	25172	买盘
09:57:03	8.68	0.01	58	50344	买盘
09:57:00	8.67	-0.02	118	102306	卖盘
09:56:57	8.69	--	56	48664	卖盘
09:56:54	8.69	-0.01	33	28677	中性盘
09:56:51	8.7	0.02	22	19140	买盘
09:56:48	8.68	--	60	52080	卖盘
09:56:45	8.68	--	347	301196	卖盘
09:56:42	8.68	-0.02	48	41664	卖盘
09:56:39	8.7	0.01	125	108749	买盘
09:56:36	8.69	-0.01	112	97328	中性盘
09:56:30	8.7	0.01	65	56549	买盘
09:56:27	8.69	-0.02	271	235499	卖盘
09:56:24	8.71	--	88	76648	买盘
09:56:21	8.71	0.01	30	26130	买盘
09:56:18	8.7	--	142	123539	卖盘
09:56:15	8.7	-0.01	15	13049	卖盘
09:56:12	8.71	-0.01	2	1742	卖盘
09:56:09	8.72	0.01	23	20056	买盘
09:56:06	8.71	-0.01	15	13065	卖盘
09:56:03	8.72	-0.01	4	3488	中性盘
09:56:00	8.73	0.02	336	293328	买盘
09:55:54	8.71	-0.02	126	109746	卖盘
09:55:51	8.73	--	170	148410	卖盘
09:55:48	8.73	--	86	75078	卖盘
09:55:45	8.73	--	96	83808	买盘
09:55:42	8.73	--	49	42777	卖盘
09:55:39	8.73	-0.01	10	8730	卖盘
09:55:36	8.74	-0.01	138	120612	卖盘
09:55:33	8.75	0.01	290	253750	买盘
09:55:30	8.74	--	143	124982	卖盘
09:55:27	8.74	--	63	55062	买盘
09:55:24	8.74	--	5	4370	买盘
09:55:21	8.74	-0.01	40	34960	卖盘
09:55:18	8.75	0.01	992	868000	买盘
09:55:15	8.74	--	387	338238	买盘
09:55:12	8.74	-0.02	249	217626	卖盘
09:55:09	8.76	0.02	268	234768	中性盘
09:55:06	8.74	-0.01	89	77786	卖盘
09:55:03	8.75	-0.01	348	304500	中性盘
09:55:00	8.76	0.02	36	31536	买盘
09:54:57	8.74	--	131	114494	卖盘
09:54:54	8.74	--	201	175674	卖盘
09:54:51	8.74	--	292	255208	卖盘
09:54:48	8.74	0.01	216	188784	卖盘
09:54:45	8.73	--	689	601497	卖盘
09:54:42	8.73	--	145	126585	卖盘
09:54:39	8.73	--	85	74205	卖盘
09:54:36	8.73	--	91	79443	卖盘
09:54:33	8.73	--	98	85554	卖盘
09:54:30	8.73	0.05	452	394596	买盘
09:54:27	8.68	-0.02	37	32116	卖盘
09:54:24	8.7	--	77	66990	卖盘
09:54:21	8.7	--	31	26969	卖盘
09:54:18	8.7	--	5	4350	卖盘
09:54:15	8.7	0.01	137	119189	买盘
09:54:12	8.69	0.01	54	46926	买盘
09:54:09	8.68	-0.02	12	10416	卖盘
09:54:06	8.7	--	35	30449	买盘
09:54:03	8.7	0.01	243	211409	买盘
09:54:00	8.69	-0.01	82	71258	卖盘
09:53:57	8.7	--	20	17400	买盘
09:53:54	8.7	--	49	42630	买盘
09:53:51	8.7	--	69	60029	卖盘
09:53:48	8.7	-0.02	28	24359	卖盘
09:53:45	8.72	0.02	454	395888	买盘
09:53:42	8.7	-0.02	60	52199	卖盘
09:53:39	8.72	0.02	47	40984	买盘
09:53:36	8.7	--	115	100049	卖盘
09:53:33	8.7	--	248	215759	买盘
09:53:30	8.7	0.01	210	182699	买盘
09:53:27	8.69	0.03	423	367587	买盘
09:53:24	8.66	-0.02	228	197448	卖盘
09:53:21	8.68	-0.01	30	26040	买盘
09:53:18	8.69	0.03	632	549208	买盘
09:53:15	8.66	-0.01	196	169736	卖盘
09:53:12	8.67	0.01	77	66759	中性盘
09:53:09	8.66	-0.01	300	259800	卖盘
09:53:06	8.67	--	213	184671	卖盘
09:53:03	8.67	-0.01	15	13005	卖盘
09:53:00	8.68	0.02	365	316820	买盘
09:52:57	8.66	--	28	24248	卖盘
09:52:54	8.66	-0.01	366	316956	卖盘
09:52:51	8.67	0.01	75	65025	买盘
09:52:48	8.66	0.02	345	298770	买盘
09:52:45	8.64	--	336	290304	卖盘
09:52:42	8.64	-0.01	30	25920	卖盘
09:52:39	8.65	--	247	213655	买盘
09:52:36	8.65	0.01	280	242200	买盘
09:52:33	8.64	-0.01	8	6912	中性盘
09:52:27	8.65	0.01	405	350325	买盘
09:52:24	8.64	--	17	14688	买盘
09:52:21	8.64	0.01	67	57888	买盘
09:52:18	8.63	-0.02	72	62136	卖盘
09:52:15	8.65	0.02	437	378005	买盘
09:52:12	8.63	--	144	124272	卖盘
09:52:09	8.63	0.01	31	26753	买盘
09:52:06	8.62	-0.01	70	60339	卖盘
09:52:03	8.63	--	232	200216	买盘
09:52:00	8.63	--	144	124272	买盘
09:51:57	8.63	0.01	199	171737	买盘
09:51:54	8.62	--	20	17240	卖盘
09:51:51	8.62	--	34	29307	卖盘
09:51:48	8.62	--	20	17240	卖盘
09:51:45	8.62	0.02	151	130161	买盘
09:51:42	8.6	--	2	1720	卖盘
09:51:39	8.6	--	17	14620	卖盘
09:51:36	8.6	--	5	4300	卖盘
09:51:33	8.6	-0.03	10	8600	卖盘
09:51:30	8.63	0.03	336	289968	买盘
09:51:27	8.6	--	33	28380	买盘
09:51:24	8.6	--	67	57620	卖盘
09:51:21	8.6	--	557	479020	卖盘
09:51:18	8.6	--	29	24940	卖盘
09:51:15	8.6	--	143	122980	卖盘
09:51:12	8.6	--	18	15480	买盘
09:51:09	8.6	--	40	34400	卖盘
09:51:06	8.6	--	70	60200	卖盘
09:51:03	8.6	0.01	204	175440	买盘
09:51:00	8.59	--	25	21475	卖盘
09:50:57	8.59	-0.01	30	25770	卖盘
09:50:54	8.6	--	72	61920	买盘
09:50:51	8.6	0.01	32	27520	中性盘
09:50:48	8.59	-0.01	449	386137	卖盘
09:50:45	8.6	-0.01	377	324220	卖盘
09:50:42	8.61	--	203	174783	买盘
09:50:39	8.61	--	31	26691	买盘
09:50:36	8.61	-0.01	320	275520	卖盘
09:50:33	8.62	--	50	43099	买盘
09:50:30	8.62	--	121	104301	卖盘
09:50:27	8.62	--	61	52581	卖盘
09:50:24	8.62	--	8	6895	卖盘
09:50:21	8.62	-0.01	167	143954	卖盘
09:50:18	8.63	-0.01	85	73355	卖盘
09:50:15	8.64	0.02	55	47520	买盘
09:50:12	8.62	-0.03	34	29307	卖盘
09:50:09	8.65	0.02	132	114180	买盘
09:50:06	8.63	-0.01	213	183819	卖盘
09:50:03	8.64	0.02	534	461687	买盘
09:50:00	8.62	-0.01	457	393933	卖盘
09:49:57	8.63	--	111	95793	买盘
09:49:54	8.63	0.02	10	8630	买盘
09:49:51	8.61	-0.01	10	8610	卖盘
09:49:48	8.62	-0.01	83	71546	卖盘
09:49:45	8.63	0.01	20	17260	中性盘
09:49:42	8.62	0.01	225	193949	买盘
09:49:39	8.61	-0.01	335	288435	卖盘
09:49:36	8.62	-0.01	40	34480	卖盘
09:49:33	8.63	0.01	55	47465	买盘
09:49:30	8.62	--	92	79304	买盘
09:49:27	8.62	--	6	5171	买盘
09:49:24	8.62	0.01	91	78442	买盘
09:49:21	8.61	--	48	41328	卖盘
09:49:18	8.61	-0.01	300	258299	卖盘
09:49:15	8.62	0.01	418	360315	买盘
09:49:12	8.61	--	50	43050	买盘
09:49:09	8.61	--	68	58547	买盘
09:49:06	8.61	--	25	21525	买盘
09:49:00	8.61	--	169	145509	卖盘
09:48:57	8.61	--	16	13776	卖盘
09:48:54	8.61	0.01	22	18942	买盘
09:48:51	8.6	--	34	29240	卖盘
09:48:48	8.6	--	151	129860	卖盘
09:48:45	8.6	--	10	8600	卖盘
09:48:42	8.6	--	44	37840	买盘
09:48:39	8.6	0.01	94	80840	买盘
09:48:36	8.59	-0.01	40	34360	卖盘
09:48:33	8.6	--	53	45580	买盘
09:48:30	8.6	--	553	475580	买盘
09:48:27	8.6	0.01	450	387000	买盘
09:48:24	8.59	-0.01	58	49822	卖盘
09:48:21	8.6	0.01	27	23220	买盘
09:48:18	8.59	--	96	82464	卖盘
09:48:15	8.59	--	26	22334	卖盘
09:48:12	8.59	--	146	125414	卖盘
09:48:09	8.59	--	536	460424	卖盘
09:48:06	8.59	--	146	126264	买盘
09:48:03	8.59	0.01	800	687200	买盘
09:48:00	8.58	-0.01	80	68640	中性盘
09:47:57	8.59	0.01	357	306663	买盘
09:47:54	8.58	-0.01	80	68640	卖盘
09:47:51	8.59	0.01	7	6013	买盘
09:47:48	8.58	-0.01	310	265980	卖盘
09:47:45	8.59	0.02	337	289483	买盘
09:47:42	8.57	--	28	23996	卖盘
09:47:39	8.57	-0.01	18	15426	卖盘
09:47:36	8.58	0.01	131	112398	买盘
09:47:33	8.57	--	5	4285	卖盘
09:47:30	8.57	--	33	28281	卖盘
09:47:27	8.57	0.01	284	244202	买盘
09:47:24	8.56	--	13	11128	卖盘
09:47:21	8.56	-0.01	67	57352	卖盘
09:47:18	8.57	--	42	35994	买盘
09:47:15	8.57	-0.01	55	47177	卖盘
09:47:12	8.58	--	18	15444	买盘
09:47:09	8.58	0.01	34	29172	买盘
09:47:06	8.57	-0.01	4	4242	卖盘
09:47:03	8.58	-0.01	16	13728	买盘
09:47:00	8.59	0.01	447	383973	买盘
09:46:57	8.58	0.02	125	107250	买盘
09:46:54	8.56	-0.02	142	121552	卖盘
09:46:51	8.58	0.02	15	12870	中性盘
09:46:48	8.56	-0.01	215	184040	卖盘
09:46:45	8.57	-0.02	132	113124	中性盘
09:46:42	8.59	0.02	478	410602	买盘
09:46:39	8.57	-0.01	87	74559	中性盘
09:46:36	8.58	--	33	28314	买盘
09:46:33	8.58	--	216	185336	买盘
09:46:30	8.58	--	350	300300	买盘
09:46:27	8.58	--	200	171600	买盘
09:46:24	8.58	0.01	20	17160	买盘
09:46:21	8.57	--	13	11141	卖盘
09:46:18	8.57	0.01	196	168820	买盘
09:46:15	8.56	0.02	534	457104	买盘
09:46:09	8.54	0.01	120	102479	买盘
09:46:06	8.53	-0.01	117	99800	卖盘
09:46:03	8.54	--	188	160551	买盘
09:46:00	8.54	0.01	392	334767	买盘
09:45:57	8.53	--	122	104065	卖盘
09:45:54	8.53	--	114	97241	买盘
09:45:48	8.53	0.01	2	1705	买盘
09:45:45	8.52	--	5	4260	卖盘
09:45:42	8.52	--	10	8520	卖盘
09:45:36	8.52	--	35	29820	买盘
09:45:33	8.52	0.01	50	42600	买盘
09:45:30	8.51	-0.01	568	483368	卖盘
09:45:27	8.52	--	3	2556	买盘
09:45:24	8.52	--	10	8520	买盘
09:45:21	8.52	--	11	9372	买盘
09:45:18	8.52	0.01	17	14484	买盘
09:45:15	8.51	-0.01	30	25530	卖盘
09:45:12	8.52	--	66	56232	买盘
09:45:09	8.52	--	89	75828	卖盘
09:45:03	8.52	--	200	170400	卖盘
09:44:57	8.52	0.01	121	103092	中性盘
09:44:54	8.51	--	70	59570	卖盘
09:44:48	8.51	--	323	274873	卖盘
09:44:45	8.51	-0.01	546	464646	卖盘
09:44:42	8.52	0.01	78	66456	买盘
09:44:39	8.51	-0.01	3	2553	卖盘
09:44:36	8.52	0.01	71	60492	买盘
09:44:33	8.51	--	26	22126	卖盘
09:44:30	8.51	--	73	62123	卖盘
09:44:27	8.51	--	15	12765	卖盘
09:44:24	8.51	--	50	42550	卖盘
09:44:21	8.51	--	54	45954	卖盘
09:44:18	8.51	0.01	469	399119	买盘
09:44:15	8.5	--	149	126650	买盘
09:44:12	8.5	--	17	14450	买盘
09:44:09	8.5	0.01	40	34000	买盘
09:44:03	8.49	-0.02	11	9339	卖盘
09:44:00	8.51	0.01	189	160839	买盘
09:43:57	8.5	--	51	43350	买盘
09:43:54	8.5	--	5	4250	买盘
09:43:51	8.5	-0.01	28	23800	卖盘
09:43:48	8.51	0.01	5	4255	买盘
09:43:42	8.5	--	35	29750	买盘
09:43:39	8.5	0.02	191	162350	买盘
09:43:36	8.48	--	11	9328	卖盘
09:43:33	8.48	-0.02	17	14416	卖盘
09:43:30	8.5	--	5	4250	买盘
09:43:27	8.5	--	25	21250	买盘
09:43:24	8.5	0.02	50	42500	买盘
09:43:18	8.48	-0.02	3	2544	卖盘
09:43:15	8.5	--	85	72250	买盘
09:43:06	8.5	--	20	17000	买盘
09:42:57	8.5	--	6	5100	买盘
09:42:48	8.5	0.02	10	8500	买盘
09:42:45	8.48	-0.02	10	8480	卖盘
09:42:42	8.5	0.03	10	8500	中性盘
09:42:33	8.47	-0.01	80	67760	卖盘
09:42:30	8.48	--	367	311826	卖盘
09:42:27	8.48	0.01	4	3392	买盘
09:42:21	8.47	-0.01	23	20277	卖盘
09:42:15	8.48	-0.01	23	20301	卖盘
09:42:06	8.49	--	2	1698	卖盘
09:42:03	8.49	0.01	6	5094	中性盘
09:42:00	8.48	--	165	139920	卖盘
09:41:57	8.48	--	37	32173	卖盘
09:41:54	8.48	-0.01	24	20352	卖盘
09:41:48	8.49	--	10	8490	买盘
09:41:45	8.49	0.02	81	68769	买盘
09:41:42	8.47	-0.01	300	254100	卖盘
09:41:39	8.48	-0.03	132	111936	卖盘
09:41:36	8.51	--	2	1702	买盘
09:41:33	8.51	0.02	7	5957	买盘
09:41:24	8.49	--	30	25470	买盘
09:41:18	8.49	--	20	16980	买盘
09:41:06	8.49	-0.02	61	51789	卖盘
09:41:00	8.51	0.02	337	286787	买盘
09:40:57	8.49	0.02	15	12735	买盘
09:40:51	8.47	0.01	12	10164	中性盘
09:40:42	8.46	-0.01	200	169200	卖盘
09:40:39	8.47	--	6	5082	买盘
09:40:36	8.47	0.01	85	71995	买盘
09:40:30	8.46	-0.01	10	8460	卖盘
09:40:27	8.47	0.01	33	27951	中性盘
09:40:24	8.46	--	15	12690	卖盘
09:40:21	8.46	--	20	17715	买盘
09:40:18	8.46	-0.02	24	20304	卖盘
09:40:15	8.48	0.03	693	587664	中性盘
09:40:09	8.45	-0.02	299	252654	卖盘
09:40:06	8.47	0.01	1	847	买盘
09:40:00	8.46	-0.01	2	1692	卖盘
09:39:57	8.47	--	1	847	买盘
09:39:51	8.47	0.02	17	14399	中性盘
09:39:48	8.45	-0.02	4	3379	卖盘
09:39:45	8.47	-0.01	14	11959	卖盘
09:39:42	8.48	--	54	46589	卖盘
09:39:39	8.48	--	63	54221	卖盘
09:39:36	8.48	0.03	38	32224	买盘
09:39:33	8.45	-0.05	23	20229	卖盘
09:39:30	8.5	0.03	1544	1312400	买盘
09:39:27	8.47	-0.01	1	847	卖盘
09:39:24	8.48	0.01	12	10176	买盘
09:39:21	8.47	-0.01	150	127050	卖盘
09:39:18	8.48	0.01	11	9328	买盘
09:39:15	8.47	-0.01	2	1694	卖盘
09:39:12	8.48	0.01	50	42400	买盘
09:39:09	8.47	--	23	20277	卖盘
09:39:03	8.47	-0.01	23	20277	卖盘
09:38:57	8.48	--	2	1696	卖盘
09:38:54	8.48	--	213	180624	卖盘
09:38:48	8.48	--	58	49184	卖盘
09:38:45	8.48	--	407	345136	卖盘
09:38:42	8.48	--	184	156032	卖盘
09:38:36	8.48	-0.01	5	4240	卖盘
09:38:33	8.49	0.01	45	38205	买盘
09:38:30	8.48	--	466	395168	买盘
09:38:24	8.48	--	62	52576	卖盘
09:38:21	8.48	-0.01	8	6784	卖盘
09:38:15	8.49	0.01	15	12735	买盘
09:38:12	8.48	--	99	83952	卖盘
09:38:09	8.48	-0.01	20	16960	卖盘
09:38:03	8.49	0.01	14	11886	买盘
09:38:00	8.48	-0.01	28	23744	卖盘
09:37:57	8.49	--	2	1698	买盘
09:37:54	8.49	--	12	10188	买盘
09:37:51	8.49	--	144	122256	买盘
09:37:48	8.49	-0.01	35	29765	卖盘
09:37:45	8.5	0.01	67	56950	买盘
09:37:42	8.49	--	4	3396	卖盘
09:37:39	8.49	-0.02	18	15282	卖盘
09:37:33	8.51	0.02	256	218655	买盘
09:37:30	8.49	--	5	4245	卖盘
09:37:27	8.49	--	4	3396	卖盘
09:37:24	8.49	0.01	13	11037	买盘
09:37:21	8.48	-0.01	6	5088	卖盘
09:37:18	8.49	--	12	10188	买盘
09:37:15	8.49	-0.02	3	2547	中性盘
09:37:06	8.51	0.04	200	170200	买盘
09:37:00	8.47	-0.03	12	10164	卖盘
09:36:54	8.5	0.03	150	127500	买盘
09:36:51	8.47	--	12	10164	买盘
09:36:45	8.47	-0.02	58	49126	卖盘
09:36:42	8.49	-0.01	95	80756	卖盘
09:36:36	8.5	0.01	5	4250	买盘
09:36:33	8.49	0.02	188	160359	买盘
09:36:30	8.47	--	14	11858	卖盘
09:36:27	8.47	--	25	21175	买盘
09:36:24	8.47	0.01	206	174482	买盘
09:36:21	8.46	--	91	76986	卖盘
09:36:18	8.46	-0.01	1	846	卖盘
09:36:15	8.47	0.01	37	31339	买盘
09:36:12	8.46	-0.01	1	846	卖盘
09:36:06	8.47	0.01	45	38115	买盘
09:36:03	8.46	--	2	1692	卖盘
09:35:57	8.46	--	10	8460	卖盘
09:35:54	8.46	--	164	138744	买盘
09:35:51	8.46	0.01	10	8460	买盘
09:35:48	8.45	--	55	46474	卖盘
09:35:39	8.45	--	90	76050	卖盘
09:35:36	8.45	--	26	22764	卖盘
09:35:30	8.45	--	33	27884	卖盘
09:35:21	8.45	-0.01	2	1689	卖盘
09:35:18	8.46	0.02	24	20304	买盘
09:35:15	8.44	--	2	1688	卖盘
09:35:12	8.44	-0.01	8	6752	卖盘
09:35:09	8.45	0.01	40	33800	买盘
09:35:00	8.44	0.01	3	2532	卖盘
09:34:57	8.43	--	50	42150	卖盘
09:34:48	8.43	--	102	85986	卖盘
09:34:45	8.43	0.01	54	45522	卖盘
09:34:39	8.42	--	19	15998	卖盘
09:34:36	8.42	-0.04	275	231550	卖盘
09:34:33	8.46	0.03	29	24534	买盘
09:34:30	8.43	--	4	3372	卖盘
09:34:24	8.43	0.01	8	6744	中性盘
09:34:21	8.42	-0.04	15	12630	卖盘
09:34:18	8.46	0.04	7	5922	买盘
09:34:15	8.42	--	13	11737	买盘
09:34:12	8.42	--	59	49678	买盘
09:34:09	8.42	-0.04	66	55622	卖盘
09:34:06	8.46	0.03	23	20253	买盘
09:34:03	8.43	--	50	42150	买盘
09:34:00	8.43	0.01	75	63225	买盘
09:33:57	8.42	-0.01	14	11788	卖盘
09:33:54	8.43	--	15	12645	买盘
09:33:51	8.43	-0.03	1668	1406174	卖盘
09:33:45	8.46	--	10	8460	卖盘
09:33:42	8.46	--	1	846	卖盘
09:33:39	8.46	--	4	4179	买盘
09:33:36	8.46	--	64	54194	卖盘
09:33:33	8.46	-0.02	14	11844	卖盘
09:33:24	8.48	0.02	40	33920	买盘
09:33:21	8.46	-0.01	610	516060	卖盘
09:33:18	8.47	-0.01	1	847	卖盘
09:33:15	8.48	--	20	16960	买盘
09:33:12	8.48	0.01	22	18656	买盘
09:33:09	8.47	-0.01	5	4235	卖盘
09:33:06	8.48	0.01	33	28781	买盘
09:33:03	8.47	-0.01	61	51717	卖盘
09:33:00	8.48	--	23	20301	卖盘
09:32:57	8.48	--	12	10176	卖盘
09:32:54	8.48	--	35	29680	卖盘
09:32:48	8.48	-0.01	23	19504	卖盘
09:32:45	8.49	--	464	393986	卖盘
09:32:39	8.49	--	20	16980	卖盘
09:32:36	8.49	--	6	5094	卖盘
09:32:33	8.49	--	20	16980	卖盘
09:32:30	8.49	-0.01	38	32262	卖盘
09:32:27	8.5	0.01	25	21250	买盘
09:32:24	8.49	--	76	65322	卖盘
09:32:21	8.49	-0.01	33	28017	卖盘
09:32:18	8.5	0.01	84	71400	买盘
09:32:15	8.49	--	24	20376	卖盘
09:32:12	8.49	-0.01	2	1698	卖盘
09:32:09	8.5	0.01	311	264350	买盘
09:32:06	8.49	-0.01	33	28017	卖盘
09:32:03	8.5	--	274	232900	买盘
09:32:00	8.5	--	2	1700	买盘
09:31:57	8.5	--	23	19550	买盘
09:31:54	8.5	-0.01	350	297500	卖盘
09:31:42	8.51	0.01	79	67229	买盘
09:31:33	8.5	-0.01	194	164900	卖盘
09:31:30	8.51	--	84	71484	买盘
09:31:27	8.51	0.01	105	89355	买盘
09:31:24	8.5	-0.01	10	8500	卖盘
09:31:21	8.51	0.01	2	1702	买盘
09:31:18	8.5	--	1	850	卖盘
09:31:15	8.5	-0.02	1	850	中性盘
09:31:06	8.52	0.03	56	47712	买盘
09:31:03	8.49	-0.01	7	5943	卖盘
09:31:00	8.5	0.01	7	5950	买盘
09:30:57	8.49	-0.04	596	506004	卖盘
09:30:54	8.53	0.01	2	1705	买盘
09:30:51	8.52	--	31	26412	卖盘
09:30:48	8.52	--	30	25560	买盘
09:30:45	8.52	--	47	40044	买盘
09:30:42	8.52	0.01	25	21300	中性盘
09:30:36	8.51	-0.01	32	27232	卖盘
09:30:33	8.52	0.02	26	22152	中性盘
09:30:27	8.5	--	33	28050	卖盘
09:30:24	8.5	-0.02	18	15300	卖盘
09:30:18	8.52	0.02	6	5112	买盘
09:30:15	8.5	--	20	17000	卖盘
09:30:09	8.5	--	1	850	卖盘
09:30:06	8.5	-0.02	73	62050	卖盘
09:30:03	8.52	0.02	442	376584	买盘
09:30:00	8.5	--	0	0	买盘
09:25:03	8.5	8.5	207	175950	买盘
