成交时间	成交价	价格变动	成交量(手)	成交额(元)	性质
15:00:03	9.05	--	6938	6278890	卖盘
14:57:00	9.05	--	0	0	卖盘
14:56:57	9.05	-0.01	68	61540	卖盘
14:56:54	9.06	0.01	10	9060	买盘
14:56:51	9.05	-0.01	50	45250	卖盘
14:56:48	9.06	--	153	138618	买盘
14:56:45	9.06	0.01	255	231030	买盘
14:56:42	9.05	-0.01	4	3620	卖盘
14:56:36	9.06	--	287	260022	买盘
14:56:33	9.06	--	10	9060	买盘
14:56:30	9.06	0.01	60	54360	买盘
14:56:27	9.05	--	20	18100	卖盘
14:56:24	9.05	-0.01	49	44345	卖盘
14:56:21	9.06	0.01	3	2718	买盘
14:56:18	9.05	-0.01	80	72400	卖盘
14:56:15	9.06	--	7	6342	买盘
14:56:09	9.06	0.01	58	52548	买盘
14:56:06	9.05	--	26	23530	卖盘
14:55:57	9.05	-0.01	102	92310	卖盘
14:55:54	9.06	--	219	198414	买盘
14:55:51	9.06	--	31	28086	买盘
14:55:48	9.06	--	2	1812	买盘
14:55:45	9.06	--	80	72480	买盘
14:55:39	9.06	0.01	115	104190	买盘
14:55:36	9.05	--	212	191860	卖盘
14:55:33	9.05	--	191	172855	卖盘
14:55:30	9.05	-0.01	251	227155	卖盘
14:55:27	9.06	0.01	5	4530	买盘
14:55:24	9.05	--	20	18100	卖盘
14:55:21	9.05	-0.01	232	209960	卖盘
14:55:18	9.06	--	346	313476	买盘
14:55:15	9.06	0.01	64	57984	买盘
14:55:12	9.05	--	37	33485	卖盘
14:55:06	9.05	--	3	2715	卖盘
14:55:03	9.05	--	30	27150	卖盘
14:55:00	9.05	-0.01	22	19910	卖盘
14:54:57	9.06	0.01	4	3624	买盘
14:54:54	9.05	--	85	76925	卖盘
14:54:51	9.05	--	16	14480	卖盘
14:54:48	9.05	--	16	14480	卖盘
14:54:45	9.05	--	5	4525	卖盘
14:54:42	9.05	--	325	294125	卖盘
14:54:39	9.05	--	112	101360	卖盘
14:54:36	9.05	--	120	108600	卖盘
14:54:33	9.05	--	83	75115	卖盘
14:54:30	9.05	0.01	39	35774	买盘
14:54:27	9.04	-0.01	476	430303	卖盘
14:54:24	9.05	--	100	90500	买盘
14:54:21	9.05	--	202	183235	卖盘
14:54:18	9.05	--	116	104980	卖盘
14:54:15	9.05	--	37	33485	卖盘
14:54:12	9.05	--	132	119460	卖盘
14:54:09	9.05	0.01	293	265644	买盘
14:54:06	9.04	--	129	116615	卖盘
14:54:03	9.04	-0.01	4	3615	卖盘
14:54:00	9.05	0.01	13	11765	买盘
14:53:57	9.04	-0.01	111	100343	卖盘
14:53:54	9.05	0.01	31	28055	买盘
14:53:51	9.04	-0.01	49	44295	卖盘
14:53:48	9.05	--	40	36200	买盘
14:53:45	9.05	--	156	141180	买盘
14:53:42	9.05	--	164	148420	买盘
14:53:39	9.05	--	28	25340	买盘
14:53:36	9.05	--	35	31675	买盘
14:53:33	9.05	--	432	390960	买盘
14:53:30	9.05	--	48	43440	买盘
14:53:27	9.05	--	69	62445	买盘
14:53:24	9.05	0.01	15	13575	买盘
14:53:21	9.04	-0.02	307	277952	卖盘
14:53:18	9.06	0.01	37	33522	买盘
14:53:15	9.05	-0.01	49	44345	卖盘
14:53:12	9.06	--	138	125028	买盘
14:53:09	9.06	0.01	718	650508	买盘
14:53:06	9.05	--	29	26245	卖盘
14:53:03	9.05	--	84	76020	卖盘
14:53:00	9.05	--	209	189145	卖盘
14:52:57	9.05	--	129	116745	卖盘
14:52:48	9.05	-0.01	24	21720	卖盘
14:52:45	9.06	0.01	4	3624	买盘
14:52:42	9.05	-0.01	11	9955	卖盘
14:52:39	9.06	--	29	26274	买盘
14:52:36	9.06	0.01	9	8154	买盘
14:52:33	9.05	-0.01	65	58825	卖盘
14:52:30	9.06	--	7	6342	买盘
14:52:27	9.06	--	6	5436	买盘
14:52:24	9.06	0.01	1	906	买盘
14:52:21	9.05	--	50	45250	卖盘
14:52:18	9.05	-0.01	2	1810	卖盘
14:52:15	9.06	--	288	260928	买盘
14:52:12	9.06	0.01	37	33522	买盘
14:52:09	9.05	-0.01	2	1810	卖盘
14:52:06	9.06	--	283	256398	买盘
14:52:03	9.06	--	10	9060	买盘
14:52:00	9.06	--	60	54360	买盘
14:51:57	9.06	--	114	103284	买盘
14:51:54	9.06	--	20	18120	买盘
14:51:51	9.06	--	48	43488	买盘
14:51:48	9.06	0.01	5	4530	买盘
14:51:45	9.05	--	79	71495	卖盘
14:51:42	9.05	-0.01	16	14480	卖盘
14:51:39	9.06	0.01	9	8154	买盘
14:51:36	9.05	-0.01	10	9050	卖盘
14:51:33	9.06	--	19	17214	买盘
14:51:30	9.06	--	202	183012	买盘
14:51:27	9.06	0.01	14	12684	中性盘
14:51:24	9.05	-0.01	46	41630	卖盘
14:51:21	9.06	--	1	906	卖盘
14:51:18	9.06	--	280	253815	买盘
14:51:15	9.06	0.01	246	222876	买盘
14:51:12	9.05	--	87	78735	卖盘
14:51:09	9.05	--	1684	1524020	卖盘
14:51:06	9.05	-0.01	2	1810	卖盘
14:51:03	9.06	0.01	221	200226	买盘
14:51:00	9.05	-0.01	8	7240	卖盘
14:50:57	9.06	0.01	49	44394	买盘
14:50:54	9.05	--	66	59730	卖盘
14:50:51	9.05	--	10	9050	卖盘
14:50:48	9.05	--	69	62445	卖盘
14:50:45	9.05	--	207	187335	卖盘
14:50:42	9.05	-0.01	48	43440	卖盘
14:50:39	9.06	--	12	10872	买盘
14:50:36	9.06	--	45	40770	买盘
14:50:33	9.06	0.01	56	50736	买盘
14:50:30	9.05	--	23	20815	卖盘
14:50:27	9.05	--	14	12670	卖盘
14:50:24	9.05	-0.01	304	275120	卖盘
14:50:21	9.06	--	92	83352	买盘
14:50:18	9.06	0.01	46	41676	买盘
14:50:15	9.05	-0.01	339	306795	卖盘
14:50:12	9.06	0.01	4	3624	买盘
14:50:09	9.05	--	55	49775	卖盘
14:50:06	9.05	-0.01	20	18100	卖盘
14:50:03	9.06	--	54	48924	买盘
14:50:00	9.06	--	58	52548	买盘
14:49:57	9.06	--	25	22650	买盘
14:49:54	9.06	0.01	19	17214	买盘
14:49:51	9.05	--	303	274215	卖盘
14:49:48	9.05	-0.01	5	4525	卖盘
14:49:45	9.06	--	33	29898	买盘
14:49:42	9.06	--	3	2718	买盘
14:49:39	9.06	--	18	16308	买盘
14:49:36	9.06	--	42	38052	买盘
14:49:33	9.06	--	87	78822	买盘
14:49:30	9.06	--	14	12684	买盘
14:49:27	9.06	0.01	130	118124	买盘
14:49:24	9.05	-0.01	114	103170	卖盘
14:49:21	9.06	0.01	35	31710	买盘
14:49:18	9.05	-0.01	75	67875	卖盘
14:49:15	9.06	--	10	9060	买盘
14:49:12	9.06	0.01	126	114156	买盘
14:49:06	9.05	-0.01	57	51585	卖盘
14:49:03	9.06	0.01	68	61608	买盘
14:49:00	9.05	-0.01	68	61540	卖盘
14:48:57	9.06	--	144	130464	买盘
14:48:54	9.06	--	128	115968	买盘
14:48:51	9.06	0.01	1	906	买盘
14:48:48	9.05	--	51	46155	卖盘
14:48:45	9.05	--	19	17195	卖盘
14:48:42	9.05	-0.01	33	29865	卖盘
14:48:39	9.06	0.01	10	9060	买盘
14:48:36	9.05	--	184	166520	卖盘
14:48:30	9.05	-0.01	30	27150	卖盘
14:48:27	9.06	--	18	16308	买盘
14:48:24	9.06	--	34	30804	买盘
14:48:21	9.06	--	40	36240	买盘
14:48:18	9.06	--	24	21744	买盘
14:48:15	9.06	0.01	25	22650	买盘
14:48:12	9.05	-0.01	44	39820	卖盘
14:48:09	9.06	0.01	10	9060	买盘
14:48:06	9.05	-0.01	100	90500	卖盘
14:48:03	9.06	0.01	211	191166	买盘
14:48:00	9.05	--	230	208150	卖盘
14:47:57	9.05	--	105	95025	卖盘
14:47:54	9.05	--	145	131225	卖盘
14:47:51	9.05	-0.01	29	26245	卖盘
14:47:48	9.06	--	22	19932	买盘
14:47:45	9.06	--	60	54360	买盘
14:47:42	9.06	--	75	67950	买盘
14:47:39	9.06	--	55	49830	买盘
14:47:36	9.06	--	229	207474	买盘
14:47:33	9.06	--	2	1812	买盘
14:47:30	9.06	0.01	68	61608	买盘
14:47:24	9.05	--	18	16290	卖盘
14:47:21	9.05	-0.01	11	9955	卖盘
14:47:15	9.06	0.01	52	47112	买盘
14:47:12	9.05	--	5	4525	卖盘
14:47:09	9.05	--	45	40725	卖盘
14:47:06	9.05	--	39	35295	卖盘
14:47:03	9.05	0.01	108	97740	买盘
14:47:00	9.04	-0.01	52	47007	卖盘
14:46:57	9.05	--	115	104075	买盘
14:46:54	9.05	-0.01	63	57015	卖盘
14:46:51	9.06	0.01	50	45300	买盘
14:46:48	9.05	-0.01	112	101360	卖盘
14:46:45	9.06	0.01	18	16308	买盘
14:46:42	9.05	--	75	67875	买盘
14:46:39	9.05	--	210	190050	买盘
14:46:36	9.05	0.01	92	83260	买盘
14:46:33	9.04	-0.01	6	5423	卖盘
14:46:30	9.05	--	32	28960	买盘
14:46:27	9.05	0.01	16	14480	买盘
14:46:24	9.04	-0.01	39	35256	卖盘
14:46:21	9.05	0.01	6	5430	买盘
14:46:18	9.04	-0.01	106	95823	卖盘
14:46:15	9.05	--	9	8145	卖盘
14:46:12	9.05	--	1	905	卖盘
14:46:09	9.05	--	46	41630	卖盘
14:46:06	9.05	--	5	4525	卖盘
14:46:03	9.05	0.01	10	9050	买盘
14:46:00	9.04	-0.01	167	150968	卖盘
14:45:57	9.05	0.01	30	27150	买盘
14:45:54	9.04	-0.02	46	41583	卖盘
14:45:51	9.06	0.02	893	809058	买盘
14:45:48	9.04	-0.01	10	9040	卖盘
14:45:45	9.05	0.01	62	56110	买盘
14:45:42	9.04	-0.01	62	56047	卖盘
14:45:39	9.05	--	32	28960	买盘
14:45:36	9.05	0.01	40	36200	买盘
14:45:33	9.04	--	152	137408	卖盘
14:45:30	9.04	-0.01	18	16271	卖盘
14:45:27	9.05	--	126	114030	买盘
14:45:24	9.05	--	70	63938	卖盘
14:45:21	9.05	--	15	13575	卖盘
14:45:15	9.05	--	21	19321	买盘
14:45:12	9.05	--	66	59730	买盘
14:45:09	9.05	--	4	3620	买盘
14:45:06	9.05	0.01	43	38915	买盘
14:45:03	9.04	--	21	18984	卖盘
14:45:00	9.04	-0.01	220	198879	卖盘
14:44:57	9.05	0.01	181	163805	买盘
14:44:54	9.04	-0.01	26	23503	卖盘
14:44:51	9.05	--	14	12670	买盘
14:44:48	9.05	0.01	170	153850	买盘
14:44:45	9.04	-0.01	59	53335	卖盘
14:44:42	9.05	--	10	9050	买盘
14:44:39	9.05	--	135	122175	买盘
14:44:36	9.05	--	33	29865	买盘
14:44:33	9.05	--	717	649111	卖盘
14:44:27	9.05	--	45	40725	卖盘
14:44:24	9.05	-0.01	30	27150	卖盘
14:44:21	9.06	0.01	231	209286	买盘
14:44:18	9.05	--	10	9050	卖盘
14:44:15	9.05	-0.01	64	57920	卖盘
14:44:12	9.06	--	34	30804	买盘
14:44:09	9.06	0.01	11	9966	买盘
14:44:03	9.05	--	23	20815	卖盘
14:44:00	9.05	-0.01	46	41630	卖盘
14:43:54	9.06	0.01	70	63420	买盘
14:43:48	9.05	--	41	37105	卖盘
14:43:45	9.05	--	16	14480	卖盘
14:43:42	9.05	--	11	9955	卖盘
14:43:39	9.05	--	8	7240	卖盘
14:43:36	9.05	0.01	103	93893	买盘
14:43:33	9.04	-0.01	106	95823	卖盘
14:43:30	9.05	--	26	23530	买盘
14:43:27	9.05	--	455	411775	买盘
14:43:24	9.05	--	62	56110	买盘
14:43:21	9.05	0.01	25	22625	买盘
14:43:18	9.04	-0.01	63	56951	卖盘
14:43:15	9.05	--	36	32580	买盘
14:43:12	9.05	--	43	38915	买盘
14:43:09	9.05	--	68	61540	买盘
14:43:06	9.05	--	204	184620	买盘
14:43:03	9.05	0.01	76	68780	买盘
14:43:00	9.04	-0.01	19	17176	卖盘
14:42:57	9.05	--	55	49775	买盘
14:42:54	9.05	--	96	86880	买盘
14:42:51	9.05	0.01	6	5430	买盘
14:42:48	9.04	-0.01	26	23503	卖盘
14:42:45	9.05	0.01	26	23530	买盘
14:42:42	9.04	--	60	54239	卖盘
14:42:39	9.04	--	53	47911	卖盘
14:42:36	9.04	-0.01	16	14463	卖盘
14:42:33	9.05	0.01	89	80545	买盘
14:42:30	9.04	-0.01	132	119327	卖盘
14:42:27	9.05	0.01	29	26245	买盘
14:42:24	9.04	-0.01	109	98535	卖盘
14:42:21	9.05	--	13	11765	买盘
14:42:18	9.05	0.01	21	19005	买盘
14:42:15	9.04	--	1	903	卖盘
14:42:12	9.04	--	44	39775	卖盘
14:42:06	9.04	--	30	27119	卖盘
14:42:03	9.04	-0.01	15	13559	卖盘
14:42:00	9.05	--	107	96835	买盘
14:41:57	9.05	0.01	26	23530	买盘
14:41:54	9.04	-0.01	30	27119	卖盘
14:41:48	9.05	0.01	40	36200	买盘
14:41:45	9.04	--	103	93111	卖盘
14:41:42	9.04	--	142	128367	卖盘
14:41:39	9.04	-0.01	26	23503	卖盘
14:41:36	9.05	0.01	156	141180	买盘
14:41:33	9.04	--	46	41583	卖盘
14:41:30	9.04	--	72	65087	卖盘
14:41:27	9.04	-0.01	12	10847	卖盘
14:41:24	9.05	0.01	46	41630	买盘
14:41:21	9.04	0.01	108	97631	买盘
14:41:18	9.03	-0.01	3	2709	卖盘
14:41:15	9.04	--	184	166335	买盘
14:41:12	9.04	--	70	63279	买盘
14:41:09	9.04	--	28	25311	买盘
14:41:06	9.04	--	18	16271	买盘
14:41:03	9.04	--	49	44295	买盘
14:41:00	9.04	--	4	3615	买盘
14:40:57	9.04	--	32	28927	买盘
14:40:54	9.04	-0.01	25	22599	卖盘
14:40:51	9.05	0.02	2	1810	买盘
14:40:48	9.03	-0.02	32	28895	卖盘
14:40:45	9.05	0.02	12	10860	买盘
14:40:42	9.03	-0.02	154	139062	卖盘
14:40:39	9.05	0.01	24	21720	买盘
14:40:36	9.04	--	21	18984	卖盘
14:40:33	9.04	--	707	639127	买盘
14:40:30	9.04	--	50	45199	买盘
14:40:27	9.04	0.01	147	132888	买盘
14:40:24	9.03	-0.01	14	12642	卖盘
14:40:21	9.04	--	41	37064	买盘
14:40:18	9.04	--	412	372447	买盘
14:40:15	9.04	0.01	183	165431	买盘
14:40:12	9.03	--	18	16253	卖盘
14:40:09	9.03	-0.01	401	362103	卖盘
14:40:06	9.04	--	93	84071	卖盘
14:40:03	9.04	0.01	132	119327	中性盘
14:40:00	9.03	-0.01	1641	1481823	卖盘
14:39:57	9.04	-0.01	73	65992	卖盘
14:39:54	9.05	0.02	69	62445	买盘
14:39:51	9.03	-0.02	298	269094	卖盘
14:39:48	9.05	0.01	142	128510	买盘
14:39:45	9.04	--	256	231966	卖盘
14:39:42	9.04	-0.01	80	72320	卖盘
14:39:39	9.05	0.01	108	97740	买盘
14:39:36	9.04	--	672	607488	卖盘
14:39:33	9.04	-0.01	52	47007	卖盘
14:39:30	9.05	0.01	38	34390	买盘
14:39:27	9.04	-0.01	59	53335	卖盘
14:39:21	9.05	--	445	402725	买盘
14:39:18	9.05	--	81	73305	买盘
14:39:15	9.05	--	13	11765	买盘
14:39:12	9.05	--	1155	1046044	卖盘
14:39:09	9.05	--	137	123985	卖盘
14:39:06	9.05	-0.01	209	189145	卖盘
14:39:03	9.06	0.01	217	196602	买盘
14:39:00	9.05	-0.01	200	181000	卖盘
14:38:57	9.06	--	1027	930462	买盘
14:38:54	9.06	0.01	530	480180	买盘
14:38:51	9.05	-0.01	56	50680	卖盘
14:38:48	9.06	0.01	95	86070	买盘
14:38:45	9.05	-0.01	73	66065	卖盘
14:38:42	9.06	--	57	51642	卖盘
14:38:39	9.06	--	253	229218	卖盘
14:38:36	9.06	-0.01	185	167610	卖盘
14:38:33	9.07	0.01	326	295682	买盘
14:38:30	9.06	--	26	23556	卖盘
14:38:27	9.06	--	241	218346	卖盘
14:38:24	9.06	--	23	20838	卖盘
14:38:21	9.06	--	229	207474	卖盘
14:38:18	9.06	-0.01	461	417666	卖盘
14:38:15	9.07	0.01	180	163260	买盘
14:38:12	9.06	-0.01	202	183012	卖盘
14:38:09	9.07	--	68	61676	买盘
14:38:06	9.07	--	32	29024	买盘
14:38:03	9.07	--	223	202261	买盘
14:38:00	9.07	0.01	283	256681	买盘
14:37:57	9.06	--	136	123216	卖盘
14:37:54	9.06	--	145	131370	卖盘
14:37:51	9.06	--	595	539070	卖盘
14:37:48	9.06	--	110	99660	卖盘
14:37:45	9.06	--	34	30804	卖盘
14:37:42	9.06	--	154	139524	卖盘
14:37:39	9.06	--	15	13590	卖盘
14:37:36	9.06	--	48	43488	卖盘
14:37:33	9.06	--	86	77916	卖盘
14:37:30	9.06	-0.01	34	30804	卖盘
14:37:27	9.07	0.01	42	38094	买盘
14:37:24	9.06	-0.01	125	113250	卖盘
14:37:21	9.07	0.01	44	39908	买盘
14:37:15	9.06	--	246	222876	卖盘
14:37:12	9.06	--	119	107814	卖盘
14:37:09	9.06	--	136	123216	卖盘
14:37:06	9.06	--	20	18120	卖盘
14:37:03	9.06	--	11	9966	卖盘
14:37:00	9.06	--	19	17395	卖盘
14:36:57	9.06	-0.01	10	9060	卖盘
14:36:54	9.07	--	18	16326	买盘
14:36:51	9.07	--	103	93421	买盘
14:36:48	9.07	0.01	34	30838	买盘
14:36:45	9.06	--	65	58890	卖盘
14:36:42	9.06	--	294	266364	卖盘
14:36:39	9.06	--	129	116874	卖盘
14:36:36	9.06	-0.01	95	86070	卖盘
14:36:33	9.07	--	22	19954	卖盘
14:36:30	9.07	--	249	225843	卖盘
14:36:27	9.07	--	577	523339	卖盘
14:36:24	9.07	--	328	297496	卖盘
14:36:21	9.07	--	30	27210	卖盘
14:36:15	9.07	--	194	175958	卖盘
14:36:12	9.07	-0.01	100	90700	卖盘
14:36:09	9.08	--	87	78996	买盘
14:36:06	9.08	--	7	6356	买盘
14:36:00	9.08	0.01	111	100788	买盘
14:35:57	9.07	-0.01	23	20861	卖盘
14:35:54	9.08	0.01	10	9080	买盘
14:35:51	9.07	-0.01	10	9070	卖盘
14:35:48	9.08	0.01	116	105328	买盘
14:35:45	9.07	--	77	69839	卖盘
14:35:42	9.07	--	55	49885	卖盘
14:35:39	9.07	--	438	397266	卖盘
14:35:36	9.07	-0.01	61	55327	卖盘
14:35:33	9.08	0.01	2	1816	买盘
14:35:30	9.07	--	405	367362	卖盘
14:35:27	9.07	-0.01	110	99770	卖盘
14:35:24	9.08	0.01	121	109868	买盘
14:35:21	9.07	--	24	21768	卖盘
14:35:18	9.07	--	203	184121	卖盘
14:35:15	9.07	--	42	38094	卖盘
14:35:12	9.07	--	103	93421	卖盘
14:35:09	9.07	--	60	54420	卖盘
14:35:03	9.07	--	223	202261	卖盘
14:35:00	9.07	--	10	9070	卖盘
14:34:57	9.07	-0.01	168	152376	卖盘
14:34:54	9.08	0.01	1	1552	买盘
14:34:51	9.07	--	32	29024	卖盘
14:34:48	9.07	--	18	16326	卖盘
14:34:45	9.07	--	54	48978	卖盘
14:34:42	9.07	-0.01	85	77630	卖盘
14:34:39	9.08	--	73	66284	买盘
14:34:36	9.08	0.01	40	36320	买盘
14:34:33	9.07	-0.01	78	70746	卖盘
14:34:30	9.08	0.01	6	5448	买盘
14:34:27	9.07	-0.01	23	20861	卖盘
14:34:24	9.08	--	185	167980	买盘
14:34:21	9.08	--	24	21792	卖盘
14:34:18	9.08	--	117	106236	卖盘
14:34:12	9.08	-0.01	73	66284	卖盘
14:34:09	9.09	--	25	22725	买盘
14:34:06	9.09	0.01	18	16362	买盘
14:34:03	9.08	--	3	2724	卖盘
14:34:00	9.08	--	20	18160	卖盘
14:33:57	9.08	-0.01	11	9988	卖盘
14:33:54	9.09	--	8	7272	买盘
14:33:51	9.09	--	42	38178	买盘
14:33:45	9.09	0.01	32	29088	买盘
14:33:42	9.08	--	169	153452	卖盘
14:33:39	9.08	-0.01	43	39044	卖盘
14:33:36	9.09	0.01	25	22725	买盘
14:33:33	9.08	--	150	136200	卖盘
14:33:30	9.08	--	18	16344	卖盘
14:33:27	9.08	--	98	88984	卖盘
14:33:24	9.08	-0.01	10	9080	卖盘
14:33:21	9.09	0.01	62	56358	买盘
14:33:18	9.08	-0.01	10	9080	卖盘
14:33:15	9.09	0.01	353	320877	买盘
14:33:12	9.08	--	54	49032	卖盘
14:33:09	9.08	--	72	65376	卖盘
14:33:06	9.08	--	17	15436	卖盘
14:33:03	9.08	--	14	12712	卖盘
14:33:00	9.08	--	41	37228	卖盘
14:32:54	9.08	--	12	10896	卖盘
14:32:48	9.08	-0.01	37	33596	卖盘
14:32:45	9.09	0.01	13	11817	买盘
14:32:42	9.08	--	158	143464	卖盘
14:32:39	9.08	--	58	52664	卖盘
14:32:36	9.08	-0.01	18	16344	卖盘
14:32:33	9.09	0.01	27	24543	买盘
14:32:30	9.08	-0.01	14	12712	卖盘
14:32:27	9.09	0.01	54	49086	买盘
14:32:24	9.08	--	16	14528	卖盘
14:32:21	9.08	--	60	54480	卖盘
14:32:18	9.08	-0.01	23	20884	卖盘
14:32:15	9.09	--	28	25452	买盘
14:32:12	9.09	0.01	58	52722	买盘
14:32:09	9.08	--	1	908	卖盘
14:32:06	9.08	--	16	14528	卖盘
14:32:03	9.08	-0.01	6	5448	卖盘
14:32:00	9.09	0.01	2	1818	买盘
14:31:57	9.08	-0.01	21	19068	卖盘
14:31:54	9.09	0.01	7	6363	买盘
14:31:51	9.08	--	42	38136	卖盘
14:31:48	9.08	--	10	9080	卖盘
14:31:45	9.08	--	38	34504	卖盘
14:31:42	9.08	-0.01	65	59020	卖盘
14:31:39	9.09	0.01	3	2727	买盘
14:31:36	9.08	--	102	92616	卖盘
14:31:30	9.08	-0.01	19	17252	卖盘
14:31:27	9.09	0.01	277	251793	买盘
14:31:24	9.08	--	114	103512	卖盘
14:31:21	9.08	--	37	33596	卖盘
14:31:18	9.08	--	57	51756	卖盘
14:31:15	9.08	--	208	188864	卖盘
14:31:12	9.08	-0.01	73	66284	卖盘
14:31:09	9.09	0.01	2	1818	买盘
14:31:06	9.08	--	31	28148	卖盘
14:31:00	9.08	--	33	29964	卖盘
14:30:57	9.08	--	90	81720	卖盘
14:30:54	9.08	--	90	81720	卖盘
14:30:51	9.08	--	91	82628	卖盘
14:30:48	9.08	--	105	95340	卖盘
14:30:45	9.08	--	64	58112	卖盘
14:30:42	9.08	--	102	92616	卖盘
14:30:39	9.08	--	3	2724	卖盘
14:30:36	9.08	--	38	34504	卖盘
14:30:33	9.08	--	20	18160	卖盘
14:30:30	9.08	-0.01	29	26332	卖盘
14:30:27	9.09	0.01	12	10908	买盘
14:30:24	9.08	-0.01	132	119856	卖盘
14:30:21	9.09	--	4	3636	买盘
14:30:18	9.09	0.01	158	143622	买盘
14:30:15	9.08	--	14	12712	卖盘
14:30:12	9.08	--	53	48124	卖盘
14:30:09	9.08	--	18	16344	卖盘
14:30:06	9.08	--	22	19976	卖盘
14:30:03	9.08	-0.01	66	59928	卖盘
14:30:00	9.09	0.01	73	66357	买盘
14:29:57	9.08	--	64	58112	卖盘
14:29:54	9.08	-0.01	54	49032	卖盘
14:29:51	9.09	0.01	4	3636	买盘
14:29:48	9.08	--	46	41768	卖盘
14:29:45	9.08	--	9	8172	卖盘
14:29:42	9.08	--	60	54480	卖盘
14:29:39	9.08	--	206	187048	卖盘
14:29:36	9.08	--	30	27240	卖盘
14:29:33	9.08	--	21	19068	卖盘
14:29:30	9.08	-0.01	18	16344	卖盘
14:29:27	9.09	0.01	103	93627	买盘
14:29:24	9.08	--	19	17252	卖盘
14:29:21	9.08	-0.01	109	98972	卖盘
14:29:18	9.09	--	93	84537	买盘
14:29:12	9.09	--	27	24543	卖盘
14:29:09	9.09	--	130	118170	卖盘
14:29:06	9.09	--	110	99990	卖盘
14:29:03	9.09	--	95	86355	卖盘
14:29:00	9.09	--	7	6363	卖盘
14:28:57	9.09	-0.01	1	909	卖盘
14:28:54	9.1	0.01	3	2730	买盘
14:28:51	9.09	--	10	9090	卖盘
14:28:48	9.09	--	10	9090	卖盘
14:28:42	9.09	--	65	59085	卖盘
14:28:36	9.09	--	96	87264	卖盘
14:28:30	9.09	--	132	119988	卖盘
14:28:24	9.09	--	13	11817	卖盘
14:28:18	9.09	--	67	60903	卖盘
14:28:15	9.09	-0.01	6	5454	卖盘
14:28:12	9.1	0.01	96	87360	买盘
14:28:06	9.09	-0.01	29	26361	卖盘
14:28:03	9.1	0.01	193	175630	买盘
14:28:00	9.09	--	52	47268	卖盘
14:27:57	9.09	--	5	4545	卖盘
14:27:51	9.09	-0.01	20	18180	卖盘
14:27:48	9.1	0.01	14	12740	买盘
14:27:45	9.09	--	7	6363	卖盘
14:27:42	9.09	-0.01	118	107262	卖盘
14:27:39	9.1	0.01	2	1820	买盘
14:27:36	9.09	--	56	50904	卖盘
14:27:33	9.09	--	92	83628	卖盘
14:27:30	9.09	--	75	68175	卖盘
14:27:24	9.09	--	133	120897	卖盘
14:27:18	9.09	--	58	52722	卖盘
14:27:12	9.09	--	1	909	卖盘
14:27:06	9.09	-0.01	29	26361	卖盘
14:27:03	9.1	0.01	18	16380	买盘
14:27:00	9.09	--	57	51813	卖盘
14:26:57	9.09	-0.01	4	3636	卖盘
14:26:54	9.1	0.01	48	43680	买盘
14:26:51	9.09	-0.01	42	38178	卖盘
14:26:48	9.1	--	13	11830	买盘
14:26:45	9.1	0.01	153	139230	买盘
14:26:42	9.09	--	37	33633	卖盘
14:26:39	9.09	--	23	20907	卖盘
14:26:36	9.09	--	65	59085	卖盘
14:26:30	9.09	--	54	49086	卖盘
14:26:27	9.09	--	2	1818	卖盘
14:26:24	9.09	--	2	1818	卖盘
14:26:18	9.09	-0.01	5	4545	卖盘
14:26:15	9.1	0.01	17	15470	买盘
14:26:12	9.09	--	41	37269	卖盘
14:26:09	9.09	--	3	2727	卖盘
14:26:03	9.09	--	74	67266	卖盘
14:26:00	9.09	-0.01	53	48177	卖盘
14:25:57	9.1	0.01	12	10920	买盘
14:25:54	9.09	--	259	235431	卖盘
14:25:51	9.09	-0.01	10	9090	卖盘
14:25:48	9.1	0.01	4	3640	买盘
14:25:45	9.09	--	2	1818	卖盘
14:25:42	9.09	--	6	5454	卖盘
14:25:39	9.09	-0.01	9	8181	卖盘
14:25:33	9.1	--	26	23660	买盘
14:25:30	9.1	0.01	57	51870	买盘
14:25:27	9.09	--	70	63630	卖盘
14:25:24	9.09	-0.01	25	22725	卖盘
14:25:21	9.1	0.01	360	327600	买盘
14:25:18	9.09	-0.01	11	9999	卖盘
14:25:15	9.1	0.01	17	15470	买盘
14:25:12	9.09	-0.01	106	96354	卖盘
14:25:09	9.1	0.01	62	56420	买盘
14:25:03	9.09	--	16	14544	卖盘
14:25:00	9.09	--	52	47268	卖盘
14:24:57	9.09	--	39	35451	卖盘
14:24:51	9.09	-0.01	123	111807	卖盘
14:24:48	9.1	0.01	13	11830	买盘
14:24:45	9.09	--	17	15453	卖盘
14:24:42	9.09	--	567	515403	卖盘
14:24:39	9.09	--	53	48177	卖盘
14:24:36	9.09	--	18	16362	卖盘
14:24:33	9.09	--	32	29088	卖盘
14:24:30	9.09	--	113	102717	卖盘
14:24:24	9.09	--	60	54540	卖盘
14:24:21	9.09	--	6	5454	卖盘
14:24:18	9.09	-0.01	53	48177	卖盘
14:24:15	9.1	--	31	28210	卖盘
14:24:12	9.1	--	10	9100	卖盘
14:24:06	9.1	--	55	50050	卖盘
14:24:03	9.1	-0.01	108	98280	卖盘
14:24:00	9.11	0.01	378	344358	买盘
14:23:57	9.1	--	86	78260	卖盘
14:23:54	9.1	--	1	910	卖盘
14:23:51	9.1	--	1003	912730	卖盘
14:23:48	9.1	-0.01	5	4550	卖盘
14:23:45	9.11	0.01	5	4555	买盘
14:23:42	9.1	--	3	2730	卖盘
14:23:39	9.1	--	9	8190	卖盘
14:23:36	9.1	--	15	13650	卖盘
14:23:33	9.1	--	33	30030	卖盘
14:23:30	9.1	--	102	92820	卖盘
14:23:27	9.1	-0.01	5	4550	卖盘
14:23:24	9.11	--	120	109320	买盘
14:23:21	9.11	0.01	201	183111	买盘
14:23:15	9.1	--	30	27300	卖盘
14:23:12	9.1	0.01	1140	1037400	买盘
14:23:09	9.09	--	124	112716	卖盘
14:23:06	9.09	--	1	909	卖盘
14:23:03	9.09	--	23	20907	卖盘
14:23:00	9.09	-0.01	59	53631	卖盘
14:22:57	9.1	0.01	4	3640	买盘
14:22:54	9.09	--	6	5454	卖盘
14:22:48	9.09	--	6	5454	卖盘
14:22:45	9.09	--	3	2727	卖盘
14:22:42	9.09	--	41	37269	卖盘
14:22:39	9.09	-0.01	55	49995	卖盘
14:22:36	9.1	0.01	20	18200	买盘
14:22:33	9.09	--	144	130896	卖盘
14:22:30	9.09	--	141	128169	卖盘
14:22:27	9.09	--	21	19089	卖盘
14:22:24	9.09	--	1	909	卖盘
14:22:18	9.09	-0.01	5	4545	卖盘
14:22:15	9.1	0.01	10	9100	买盘
14:22:12	9.09	-0.01	9	8181	卖盘
14:22:09	9.1	--	11	10010	买盘
14:22:06	9.1	--	5	4550	买盘
14:22:03	9.1	0.01	52	47320	买盘
14:22:00	9.09	--	52	47268	卖盘
14:21:57	9.09	-0.01	27	24543	卖盘
14:21:51	9.1	0.01	62	56420	买盘
14:21:45	9.09	--	10	9090	卖盘
14:21:42	9.09	--	250	227250	卖盘
14:21:39	9.09	-0.01	90	81810	卖盘
14:21:36	9.1	0.01	33	30030	买盘
14:21:33	9.09	-0.01	11	9999	卖盘
14:21:30	9.1	--	14	12740	买盘
14:21:27	9.1	0.01	2	1820	买盘
14:21:24	9.09	--	7	6363	卖盘
14:21:21	9.09	--	13	11817	卖盘
14:21:15	9.09	--	56	50904	卖盘
14:21:12	9.09	--	11	9999	卖盘
14:21:09	9.09	-0.01	59	53631	卖盘
14:21:06	9.1	--	8	7280	买盘
14:21:03	9.1	0.01	16	14560	买盘
14:21:00	9.09	--	5	4545	买盘
14:20:57	9.09	0.01	26	23634	买盘
14:20:54	9.08	-0.01	12	10896	卖盘
14:20:51	9.09	0.01	2	1818	中性盘
14:20:48	9.08	-0.01	31	28148	卖盘
14:20:42	9.09	--	89	80901	买盘
14:20:39	9.09	--	58	52722	卖盘
14:20:36	9.09	0.01	488	443592	买盘
14:20:30	9.08	--	49	44492	卖盘
14:20:27	9.08	-0.01	4	3632	卖盘
14:20:24	9.09	--	21	19089	买盘
14:20:21	9.09	-0.01	265	240885	卖盘
14:20:18	9.1	0.01	25	22750	买盘
14:20:15	9.09	--	15	13635	卖盘
14:20:12	9.09	--	8	7272	卖盘
14:20:09	9.09	-0.01	72	65448	卖盘
14:20:06	9.1	0.01	6	5460	买盘
14:20:03	9.09	-0.01	62	56358	卖盘
14:20:00	9.1	0.01	3	2730	买盘
14:19:57	9.09	--	1	909	卖盘
14:19:54	9.09	--	168	152712	卖盘
14:19:51	9.09	--	5	4545	卖盘
14:19:48	9.09	-0.01	9	8181	卖盘
14:19:45	9.1	0.01	33	30030	买盘
14:19:42	9.09	--	4	3636	卖盘
14:19:39	9.09	--	53	48177	卖盘
14:19:36	9.09	--	21	19089	卖盘
14:19:33	9.09	--	22	19998	卖盘
14:19:30	9.09	--	107	97263	卖盘
14:19:27	9.09	--	1	909	卖盘
14:19:21	9.09	-0.01	1	909	卖盘
14:19:18	9.1	0.01	7	6370	买盘
14:19:15	9.09	-0.01	11	9999	卖盘
14:19:12	9.1	0.01	3	2730	买盘
14:19:09	9.09	--	63	57267	卖盘
14:19:00	9.09	-0.01	1	909	卖盘
14:18:54	9.1	0.01	7	6370	买盘
14:18:48	9.09	--	53	48177	卖盘
14:18:45	9.09	-0.01	1	909	卖盘
14:18:42	9.1	0.01	184	167440	买盘
14:18:39	9.09	--	55	49995	卖盘
14:18:36	9.09	-0.01	10	9090	卖盘
14:18:33	9.1	--	14	12740	买盘
14:18:30	9.1	0.01	3	2730	买盘
14:18:27	9.09	-0.01	23	20907	卖盘
14:18:24	9.1	--	2	1820	买盘
14:18:21	9.1	0.01	102	92820	买盘
14:18:15	9.09	-0.01	60	54540	卖盘
14:18:12	9.1	--	3	2730	买盘
14:18:09	9.1	0.01	531	483210	买盘
14:18:06	9.09	-0.01	8	7272	卖盘
14:18:03	9.1	--	3	2730	买盘
14:18:00	9.1	0.01	30	27300	买盘
14:17:54	9.09	--	49	44541	卖盘
14:17:51	9.09	--	25	22725	卖盘
14:17:48	9.09	--	4	3636	卖盘
14:17:45	9.09	-0.01	44	39996	卖盘
14:17:42	9.1	--	60	54600	买盘
14:17:39	9.1	0.01	74	67340	买盘
14:17:36	9.09	--	5	4545	卖盘
14:17:33	9.09	--	65	59085	卖盘
14:17:30	9.09	--	15	13635	卖盘
14:17:24	9.09	--	83	75447	卖盘
14:17:21	9.09	-0.01	18	16362	卖盘
14:17:18	9.1	0.01	31	28210	买盘
14:17:15	9.09	-0.01	10	9090	卖盘
14:17:12	9.1	0.01	24	21840	买盘
14:17:09	9.09	-0.01	75	68175	卖盘
14:17:03	9.1	0.01	115	104650	买盘
14:17:00	9.09	--	5	4545	卖盘
14:16:54	9.09	--	22	19998	卖盘
14:16:48	9.09	-0.01	15	13635	卖盘
14:16:45	9.1	0.01	1	910	买盘
14:16:42	9.09	--	1	909	卖盘
14:16:39	9.09	--	86	78174	卖盘
14:16:36	9.09	--	6	5454	卖盘
14:16:33	9.09	-0.01	8	7272	卖盘
14:16:30	9.1	0.01	69	62790	买盘
14:16:27	9.09	--	52	47268	卖盘
14:16:21	9.09	--	15	13635	卖盘
14:16:15	9.09	-0.01	7	6363	卖盘
14:16:12	9.1	0.01	3	2730	买盘
14:16:09	9.09	-0.01	89	80901	卖盘
14:16:06	9.1	0.01	61	55510	买盘
14:16:00	9.09	-0.01	126	114534	卖盘
14:15:57	9.1	--	6	5460	买盘
14:15:54	9.1	--	23	20930	买盘
14:15:51	9.1	--	31	28210	买盘
14:15:48	9.1	0.01	2	1820	买盘
14:15:45	9.09	--	41	37269	卖盘
14:15:42	9.09	--	154	139986	卖盘
14:15:39	9.09	-0.01	54	49086	卖盘
14:15:33	9.1	--	15	13650	买盘
14:15:24	9.1	0.01	3	2730	买盘
14:15:18	9.09	--	1	909	卖盘
14:15:15	9.09	--	10	9090	卖盘
14:15:09	9.09	--	69	62721	卖盘
14:15:03	9.09	--	3	2727	卖盘
14:15:00	9.09	-0.01	100	90900	卖盘
14:14:57	9.1	0.01	20	18200	买盘
14:14:51	9.09	-0.01	14	12726	卖盘
14:14:48	9.1	0.01	5	4550	买盘
14:14:45	9.09	-0.01	11	9999	卖盘
14:14:42	9.1	0.01	6	5460	买盘
14:14:39	9.09	--	53	48177	卖盘
14:14:36	9.09	--	6	5454	卖盘
14:14:33	9.09	-0.01	10	9090	卖盘
14:14:30	9.1	0.01	15	13650	买盘
14:14:27	9.09	--	75	68175	卖盘
14:14:24	9.09	--	4	3636	卖盘
14:14:21	9.09	--	421	382689	买盘
14:14:18	9.09	--	10	9090	买盘
14:14:15	9.09	0.01	30	27270	买盘
14:14:12	9.08	--	7	6356	卖盘
14:14:09	9.08	--	52	47216	卖盘
14:14:06	9.08	0.01	10	9080	卖盘
14:14:03	9.07	--	8	7256	卖盘
14:14:00	9.07	-0.01	16	14512	卖盘
14:13:57	9.08	--	70	63560	买盘
14:13:54	9.08	0.01	44	39952	买盘
14:13:51	9.07	-0.01	51	46257	卖盘
14:13:48	9.08	--	3	2724	买盘
14:13:45	9.08	0.01	6	5448	买盘
14:13:42	9.07	--	3	2721	卖盘
14:13:36	9.07	-0.01	16	14512	卖盘
14:13:33	9.08	--	12	11077	买盘
14:13:30	9.08	-0.01	93	85170	卖盘
14:13:24	9.09	0.01	15	13635	买盘
14:13:21	9.08	-0.01	1	908	卖盘
14:13:15	9.09	--	24	21816	买盘
14:13:12	9.09	--	3	2727	买盘
14:13:09	9.09	0.01	109	99081	买盘
14:13:06	9.08	--	27	24516	卖盘
14:13:00	9.08	--	137	124396	卖盘
14:12:57	9.08	--	21	19068	卖盘
14:12:51	9.08	--	33	29964	卖盘
14:12:48	9.08	--	71	64468	卖盘
14:12:45	9.08	--	197	178876	卖盘
14:12:42	9.08	--	64	58112	卖盘
14:12:39	9.08	--	53	48124	卖盘
14:12:36	9.08	--	410	372280	卖盘
14:12:33	9.08	-0.01	365	331601	卖盘
14:12:30	9.09	0.01	10	9090	中性盘
14:12:27	9.08	--	1	908	卖盘
14:12:21	9.08	--	22	19976	卖盘
14:12:18	9.08	--	28	25424	卖盘
14:12:15	9.08	--	108	98064	卖盘
14:12:12	9.08	--	44	39952	卖盘
14:12:09	9.08	-0.01	165	149820	卖盘
14:12:06	9.09	0.01	8	7272	买盘
14:12:03	9.08	--	11	9988	卖盘
14:12:00	9.08	-0.01	1	908	卖盘
14:11:57	9.09	0.01	50	45450	买盘
14:11:54	9.08	-0.01	7	6356	卖盘
14:11:51	9.09	--	14	12726	买盘
14:11:48	9.09	--	40	36360	买盘
14:11:45	9.09	0.01	3	2727	买盘
14:11:42	9.08	--	4	3632	卖盘
14:11:39	9.08	-0.01	61	55388	卖盘
14:11:36	9.09	0.01	23	20907	买盘
14:11:33	9.08	-0.01	11	9988	卖盘
14:11:27	9.09	0.01	87	79083	买盘
14:11:24	9.08	--	52	47216	卖盘
14:11:21	9.08	-0.01	21	19068	卖盘
14:11:18	9.09	0.01	48	43632	买盘
14:11:15	9.08	--	17	15436	卖盘
14:11:12	9.08	-0.01	53	48124	卖盘
14:11:09	9.09	--	154	139986	买盘
14:11:06	9.09	--	149	135441	买盘
14:11:03	9.09	0.01	10	9090	买盘
14:11:00	9.08	-0.01	5	4540	卖盘
14:10:57	9.09	0.01	358	325422	买盘
14:10:54	9.08	--	26	23608	卖盘
14:10:51	9.08	-0.01	6	5448	卖盘
14:10:48	9.09	0.01	3	2727	买盘
14:10:45	9.08	-0.01	11	9988	卖盘
14:10:42	9.09	0.01	48	43632	买盘
14:10:39	9.08	-0.01	64	58112	卖盘
14:10:33	9.09	0.01	40	36360	买盘
14:10:24	9.08	-0.01	5	4540	卖盘
14:10:21	9.09	--	2	1818	买盘
14:10:18	9.09	--	104	94536	买盘
14:10:15	9.09	0.01	67	60903	买盘
14:10:12	9.08	--	31	28148	卖盘
14:10:09	9.08	--	52	47216	卖盘
14:10:06	9.08	-0.01	111	100788	卖盘
14:10:03	9.09	--	11	9999	买盘
14:10:00	9.09	--	14	12726	买盘
14:09:54	9.09	--	65	59085	买盘
14:09:48	9.09	--	10	9090	买盘
14:09:45	9.09	--	220	199980	卖盘
14:09:39	9.09	-0.01	52	47268	卖盘
14:09:33	9.1	--	29	26390	买盘
14:09:30	9.1	--	29	26390	买盘
14:09:27	9.1	--	5	4550	买盘
14:09:21	9.1	--	100	91000	买盘
14:09:18	9.1	0.01	1	910	买盘
14:09:15	9.09	--	416	378144	买盘
14:09:12	9.09	0.01	131	119079	买盘
14:09:09	9.08	-0.01	83	75364	卖盘
14:09:06	9.09	--	114	103626	卖盘
14:09:03	9.09	--	146	132714	买盘
14:09:00	9.09	--	124	112716	卖盘
14:08:57	9.09	--	177	160893	买盘
14:08:51	9.09	--	109	99081	买盘
14:08:48	9.09	--	1	909	买盘
14:08:45	9.09	--	311	282699	卖盘
14:08:39	9.09	--	69	62721	卖盘
14:08:30	9.09	0.01	1127	1024443	买盘
14:08:24	9.08	--	859	779972	买盘
14:08:21	9.08	--	3	2724	买盘
14:08:18	9.08	0.01	6	5448	买盘
14:08:15	9.07	--	13	11791	卖盘
14:08:12	9.07	-0.01	31	28117	卖盘
14:08:09	9.08	--	95	86260	买盘
14:08:03	9.08	0.01	11	9988	买盘
14:07:57	9.07	-0.01	5	4535	卖盘
14:07:51	9.08	0.01	6	5448	买盘
14:07:48	9.07	-0.01	495	448965	卖盘
14:07:39	9.08	--	59	53572	买盘
14:07:30	9.08	0.01	3	2724	买盘
14:07:27	9.07	--	25	22675	卖盘
14:07:24	9.07	-0.01	6	5442	卖盘
14:07:21	9.08	0.01	10	9080	买盘
14:07:18	9.07	-0.01	14	12698	卖盘
14:07:15	9.08	0.01	15	13620	买盘
14:07:12	9.07	--	239	216773	卖盘
14:07:09	9.07	--	52	47164	卖盘
14:07:03	9.07	--	8	7256	卖盘
14:07:00	9.07	-0.01	375	340125	卖盘
14:06:57	9.08	0.01	10	9080	买盘
14:06:51	9.07	--	3	2721	卖盘
14:06:45	9.07	--	74	67118	卖盘
14:06:42	9.07	--	11	9977	卖盘
14:06:39	9.07	0.01	81	73467	买盘
14:06:36	9.06	-0.01	17	15402	卖盘
14:06:33	9.07	--	68	61676	买盘
14:06:30	9.07	--	522	473454	买盘
14:06:24	9.07	--	40	36280	买盘
14:06:21	9.07	--	63	57141	买盘
14:06:18	9.07	--	15	13605	买盘
14:06:15	9.07	--	404	366428	卖盘
14:06:09	9.07	--	84	76188	卖盘
14:06:06	9.07	-0.01	40	36280	卖盘
14:06:03	9.08	--	10	9080	买盘
14:06:00	9.08	0.01	2	1816	买盘
14:05:57	9.07	--	51	46257	卖盘
14:05:51	9.07	--	22	19954	卖盘
14:05:48	9.07	--	5	4535	卖盘
14:05:45	9.07	--	10	9070	卖盘
14:05:42	9.07	--	65	58955	卖盘
14:05:39	9.07	--	51	46257	卖盘
14:05:36	9.07	-0.01	20	18140	卖盘
14:05:30	9.08	--	8	7264	买盘
14:05:27	9.08	0.01	33	29964	买盘
14:05:24	9.07	--	524	475268	卖盘
14:05:21	9.07	-0.01	1	907	卖盘
14:05:18	9.08	0.01	48	43584	买盘
14:05:15	9.07	-0.01	300	272100	卖盘
14:05:12	9.08	0.01	113	102604	买盘
14:05:09	9.07	--	52	47164	卖盘
14:05:06	9.07	--	10	9070	卖盘
14:05:03	9.07	-0.01	24	21768	卖盘
14:05:00	9.08	--	21	19068	卖盘
14:04:51	9.08	--	3	2724	买盘
14:04:48	9.08	0.01	7	6356	买盘
14:04:45	9.07	-0.01	34	30838	卖盘
14:04:39	9.08	--	135	122580	买盘
14:04:36	9.08	0.01	30	27240	买盘
14:04:33	9.07	--	2	1814	卖盘
14:04:21	9.07	-0.02	28	25396	卖盘
14:04:15	9.09	0.01	7	6363	买盘
14:04:12	9.08	0.01	20	18160	买盘
14:04:09	9.07	-0.01	87	78909	卖盘
14:04:06	9.08	--	53	48124	卖盘
14:04:00	9.08	--	20	18160	卖盘
14:03:57	9.08	-0.01	100	90800	卖盘
14:03:51	9.09	--	6	5454	买盘
14:03:48	9.09	0.01	5	4545	买盘
14:03:42	9.08	--	4	3632	买盘
14:03:39	9.08	0.01	85	77180	买盘
14:03:36	9.07	-0.02	10	9070	卖盘
14:03:27	9.09	--	49	44541	买盘
14:03:24	9.09	0.01	4	3636	买盘
14:03:21	9.08	--	8	7264	买盘
14:03:18	9.08	0.01	1	908	中性盘
14:03:15	9.07	-0.01	570	516990	卖盘
14:03:09	9.08	-0.01	112	101696	卖盘
14:03:06	9.09	--	20	18180	买盘
14:03:00	9.09	0.01	3	2727	买盘
14:02:54	9.08	-0.01	58	52664	卖盘
14:02:51	9.09	--	5	4545	买盘
14:02:45	9.09	0.01	3	2727	买盘
14:02:39	9.08	-0.01	52	47216	卖盘
14:02:36	9.09	0.01	65	59085	中性盘
14:02:33	9.08	-0.01	17	15436	卖盘
14:02:30	9.09	--	124	112716	卖盘
14:02:27	9.09	--	30	27270	卖盘
14:02:24	9.09	--	350	318150	买盘
14:02:21	9.09	--	2	1818	买盘
14:02:18	9.09	0.01	112	101808	买盘
14:02:12	9.08	--	1045	948860	卖盘
14:02:09	9.08	--	80	72640	卖盘
14:02:06	9.08	--	1	908	卖盘
14:02:03	9.08	--	22	19976	卖盘
14:02:00	9.08	-0.01	115	104420	卖盘
14:01:57	9.09	--	12	10908	买盘
14:01:54	9.09	--	2	1818	买盘
14:01:51	9.09	0.01	23	20907	买盘
14:01:48	9.08	--	13	11804	卖盘
14:01:45	9.08	-0.01	4	3632	卖盘
14:01:39	9.09	--	239	217251	买盘
14:01:36	9.09	0.01	10	9090	买盘
14:01:33	9.08	-0.01	7	6356	卖盘
14:01:30	9.09	--	6	5454	买盘
14:01:27	9.09	--	8	7272	买盘
14:01:24	9.09	0.01	59	53631	中性盘
14:01:21	9.08	-0.01	85	77180	卖盘
14:01:18	9.09	--	6	5454	买盘
14:01:15	9.09	--	46	41814	卖盘
14:01:12	9.09	--	13	11817	买盘
14:01:09	9.09	-0.01	39	35451	卖盘
14:01:06	9.1	0.01	103	93730	买盘
14:01:03	9.09	--	10	9090	卖盘
14:01:00	9.09	--	6	5454	卖盘
14:00:54	9.09	--	9	8181	买盘
14:00:48	9.09	-0.01	21	19089	卖盘
14:00:42	9.1	0.01	3	2730	买盘
14:00:39	9.09	--	52	47268	卖盘
14:00:36	9.09	--	15	13635	卖盘
14:00:24	9.09	--	129	117261	买盘
14:00:21	9.09	0.01	2	1818	买盘
14:00:18	9.08	--	31	28148	卖盘
14:00:15	9.08	--	24	21792	卖盘
14:00:12	9.08	--	14	12712	卖盘
14:00:09	9.08	-0.01	52	47216	卖盘
14:00:06	9.09	--	80	72720	买盘
14:00:03	9.09	--	218	198162	买盘
13:59:57	9.09	--	6	5454	买盘
13:59:54	9.09	--	13	11817	买盘
13:59:51	9.09	0.01	60	54540	买盘
13:59:39	9.08	--	80	72640	卖盘
13:59:36	9.08	-0.01	2	1816	卖盘
13:59:33	9.09	--	7	6363	买盘
13:59:30	9.09	--	7	6363	买盘
13:59:27	9.09	--	84	76356	买盘
13:59:24	9.09	--	20	18180	买盘
13:59:21	9.09	0.01	20	18180	买盘
13:59:09	9.08	-0.01	67	60836	卖盘
13:59:06	9.09	--	13	11817	买盘
13:59:03	9.09	--	33	29997	买盘
13:58:54	9.09	--	266	241794	买盘
13:58:51	9.09	--	73	66357	买盘
13:58:48	9.09	0.01	41	37269	买盘
13:58:45	9.08	--	5	4540	卖盘
13:58:42	9.08	--	37	33596	卖盘
13:58:39	9.08	-0.01	53	48124	卖盘
13:58:36	9.09	0.01	20	18180	买盘
13:58:33	9.08	-0.01	51	46308	卖盘
13:58:27	9.09	0.01	12	10908	买盘
13:58:21	9.08	--	40	36320	卖盘
13:58:15	9.08	-0.01	3	2724	卖盘
13:58:12	9.09	0.01	50	45450	买盘
13:58:09	9.08	-0.01	53	48124	卖盘
13:58:06	9.09	--	8	7272	买盘
13:58:03	9.09	0.01	48	43632	买盘
13:58:00	9.08	-0.01	173	157084	卖盘
13:57:57	9.09	0.01	114	103626	买盘
13:57:54	9.08	--	21	19068	卖盘
13:57:51	9.08	--	1	908	卖盘
13:57:48	9.08	-0.01	114	103512	卖盘
13:57:45	9.09	--	45	40905	买盘
13:57:39	9.09	--	233	211797	买盘
13:57:36	9.09	0.01	2	1818	买盘
13:57:33	9.08	-0.01	13	11804	卖盘
13:57:30	9.09	--	16	14544	买盘
13:57:27	9.09	--	51	46359	买盘
13:57:24	9.09	--	56	50904	买盘
13:57:21	9.09	0.01	13	11817	买盘
13:57:09	9.08	-0.01	52	47216	卖盘
13:57:06	9.09	--	26	23634	卖盘
13:57:03	9.09	-0.01	20	18180	卖盘
13:57:00	9.1	0.01	1	910	买盘
13:56:57	9.09	--	113	102717	卖盘
13:56:54	9.09	--	1	909	卖盘
13:56:45	9.09	--	80	72720	卖盘
13:56:39	9.09	--	61	55449	买盘
13:56:36	9.09	--	147	133623	买盘
13:56:33	9.09	--	16	14544	买盘
13:56:30	9.09	--	3	2727	买盘
13:56:27	9.09	0.01	23	20907	买盘
13:56:24	9.08	-0.01	11	9988	卖盘
13:56:21	9.09	--	14	12726	买盘
13:56:18	9.09	--	4	3636	买盘
13:56:15	9.09	-0.01	397	360873	卖盘
13:56:12	9.1	0.01	1	910	买盘
13:56:09	9.09	-0.01	55	49995	卖盘
13:56:06	9.1	0.01	10	9100	买盘
13:56:00	9.09	--	26	23634	卖盘
13:55:51	9.09	--	100	90900	卖盘
13:55:48	9.09	--	209	189981	卖盘
13:55:45	9.09	--	33	29997	卖盘
13:55:42	9.09	--	125	113625	卖盘
13:55:39	9.09	-0.01	51	46359	卖盘
13:55:36	9.1	0.01	17	15470	买盘
13:55:33	9.09	--	10	9090	卖盘
13:55:30	9.09	--	278	252702	卖盘
13:55:27	9.09	--	93	84537	卖盘
13:55:24	9.09	-0.01	15	13635	卖盘
13:55:21	9.1	0.01	104	94640	买盘
13:55:18	9.09	--	10	9090	卖盘
13:55:15	9.09	--	10	9090	卖盘
13:55:12	9.09	--	183	166347	卖盘
13:55:09	9.09	--	183	166347	卖盘
13:54:57	9.09	-0.01	42	38178	卖盘
13:54:54	9.1	--	6	5460	买盘
13:54:51	9.1	0.01	1	910	买盘
13:54:45	9.09	--	77	69993	卖盘
13:54:39	9.09	-0.01	98	89082	卖盘
13:54:36	9.1	--	11	10010	买盘
13:54:33	9.1	0.01	11	10010	买盘
13:54:27	9.09	-0.01	22	19998	卖盘
13:54:24	9.1	--	4	3640	买盘
13:54:21	9.1	--	2	1820	买盘
13:54:18	9.1	--	35	31850	买盘
13:54:15	9.1	0.01	6	5460	买盘
13:54:12	9.09	--	10	9090	卖盘
13:54:09	9.09	--	56	50904	卖盘
13:54:06	9.09	-0.01	83	75447	卖盘
13:54:03	9.1	0.01	35	31850	买盘
13:54:00	9.09	--	110	99990	卖盘
13:53:54	9.09	-0.01	75	68175	卖盘
13:53:51	9.1	--	34	30940	买盘
13:53:45	9.1	--	12	10920	买盘
13:53:42	9.1	0.01	8	7280	买盘
13:53:39	9.09	-0.01	69	62721	卖盘
13:53:36	9.1	--	13	11830	买盘
13:53:33	9.1	--	25	22750	买盘
13:53:30	9.1	0.01	38	34580	买盘
13:53:24	9.09	-0.01	73	66357	卖盘
13:53:18	9.1	--	3	2730	买盘
13:53:15	9.1	0.01	15	13650	买盘
13:53:12	9.09	--	155	140895	卖盘
13:53:09	9.09	-0.01	52	47268	卖盘
13:53:06	9.1	--	2	1820	买盘
13:53:03	9.1	--	60	54600	买盘
13:52:54	9.1	--	56	50960	买盘
13:52:51	9.1	--	13	11830	买盘
13:52:48	9.1	--	127	115570	买盘
13:52:45	9.1	0.01	10	9100	买盘
13:52:42	9.09	--	50	45450	卖盘
13:52:39	9.09	-0.01	52	47268	卖盘
13:52:36	9.1	--	5	4550	买盘
13:52:33	9.1	--	34	30940	买盘
13:52:30	9.1	0.01	56	50960	买盘
13:52:27	9.09	--	15	13635	卖盘
13:52:18	9.09	--	130	118170	买盘
13:52:15	9.09	--	9	8181	买盘
13:52:09	9.09	--	14	12726	卖盘
13:52:06	9.09	--	62	56358	卖盘
13:52:00	9.09	--	23	20907	卖盘
13:51:57	9.09	--	65	59085	买盘
13:51:54	9.09	--	25	22725	买盘
13:51:51	9.09	0.01	137	124533	买盘
13:51:48	9.08	-0.01	2	1816	卖盘
13:51:45	9.09	--	43	39087	买盘
13:51:42	9.09	0.01	61	55449	买盘
13:51:39	9.08	-0.01	52	47216	卖盘
13:51:36	9.09	0.01	8	7272	买盘
13:51:30	9.08	--	8	7264	买盘
13:51:27	9.08	--	93	84444	买盘
13:51:24	9.08	--	12	10896	买盘
13:51:21	9.08	0.01	58	52664	买盘
13:51:18	9.07	-0.01	31	28117	卖盘
13:51:15	9.08	--	23	20884	买盘
13:51:12	9.08	--	67	60836	买盘
13:51:09	9.08	0.01	73	66284	买盘
13:51:06	9.07	-0.01	110	99770	卖盘
13:51:03	9.08	0.01	114	103512	买盘
13:51:00	9.07	-0.01	49	44443	卖盘
13:50:57	9.08	--	47	42676	买盘
13:50:54	9.08	0.01	13	11804	买盘
13:50:48	9.07	-0.01	25	22675	卖盘
13:50:45	9.08	--	89	80812	买盘
13:50:42	9.08	0.01	75	68100	买盘
13:50:39	9.07	--	52	47164	卖盘
13:50:36	9.07	-0.01	35	31745	卖盘
13:50:33	9.08	0.01	43	39044	买盘
13:50:24	9.07	0.01	27	24489	买盘
13:50:21	9.06	-0.01	32	28992	卖盘
13:50:18	9.07	--	27	24489	卖盘
13:50:15	9.07	0.01	88	79816	买盘
13:50:12	9.06	-0.01	211	191166	卖盘
13:50:09	9.07	--	271	245797	买盘
13:50:06	9.07	--	70	63490	买盘
13:50:03	9.07	--	313	283891	卖盘
13:49:57	9.07	--	23	20861	卖盘
13:49:54	9.07	--	30	27590	买盘
13:49:51	9.07	--	210	190470	买盘
13:49:48	9.07	--	10	9070	买盘
13:49:45	9.07	--	36	33178	卖盘
13:49:42	9.07	--	452	410816	卖盘
13:49:39	9.07	-0.01	216	195912	卖盘
13:49:36	9.08	0.01	42	38136	买盘
13:49:33	9.07	-0.01	1210	1097470	卖盘
13:49:30	9.08	--	267	242436	买盘
13:49:27	9.08	--	37	33596	买盘
13:49:24	9.08	0.01	135	122580	买盘
13:49:21	9.07	-0.01	1163	1055276	卖盘
13:49:18	9.08	--	70	63560	买盘
13:49:15	9.08	0.01	120	108960	买盘
13:49:12	9.07	-0.01	413	374591	卖盘
13:49:09	9.08	0.01	106	96248	买盘
13:49:06	9.07	-0.01	17	15419	卖盘
13:49:03	9.08	0.01	181	164348	买盘
13:49:00	9.07	--	6	5442	卖盘
13:48:54	9.07	-0.01	130	117910	卖盘
13:48:51	9.08	0.01	33	29964	买盘
13:48:48	9.07	--	263	238541	卖盘
13:48:45	9.07	-0.01	95	86165	卖盘
13:48:42	9.08	--	383	347764	买盘
13:48:39	9.08	0.01	92	83536	买盘
13:48:36	9.07	--	145	131515	卖盘
13:48:33	9.07	-0.01	28	25396	卖盘
13:48:30	9.08	--	50	45400	买盘
13:48:27	9.08	0.01	22	19976	买盘
13:48:24	9.07	-0.01	75	68025	卖盘
13:48:21	9.08	--	152	138016	买盘
13:48:18	9.08	--	53	48124	买盘
13:48:15	9.08	--	16	14528	买盘
13:48:12	9.08	--	173	157084	卖盘
13:48:09	9.08	-0.01	70	63560	卖盘
13:48:06	9.09	--	16	14544	买盘
13:48:03	9.09	0.01	3	2727	买盘
13:48:00	9.08	-0.01	302	274216	卖盘
13:47:57	9.09	0.01	846	769014	买盘
13:47:54	9.08	--	18	16344	卖盘
13:47:51	9.08	-0.01	165	149820	卖盘
13:47:48	9.09	--	97	88173	买盘
13:47:45	9.09	--	6	5454	买盘
13:47:42	9.09	0.01	270	245430	买盘
13:47:39	9.08	--	351	318708	卖盘
13:47:36	9.08	-0.01	22	19976	卖盘
13:47:33	9.09	0.01	2	1818	买盘
13:47:30	9.08	--	5	4540	卖盘
13:47:27	9.08	--	6	5448	卖盘
13:47:24	9.08	-0.01	131	118948	卖盘
13:47:21	9.09	0.01	10	9090	买盘
13:47:18	9.08	--	43	39044	卖盘
13:47:15	9.08	--	3	2724	卖盘
13:47:12	9.08	--	358	325064	卖盘
13:47:09	9.08	--	103	93524	卖盘
13:47:06	9.08	--	110	99880	卖盘
13:47:03	9.08	-0.01	15	13620	卖盘
13:47:00	9.09	0.01	12	10908	买盘
13:46:57	9.08	--	316	286928	卖盘
13:46:54	9.08	-0.01	44	39952	卖盘
13:46:51	9.09	--	100	90900	买盘
13:46:48	9.09	--	14	12726	买盘
13:46:45	9.09	--	3	2727	买盘
13:46:42	9.09	--	10	9090	买盘
13:46:39	9.09	--	85	77265	买盘
13:46:36	9.09	--	651	591759	卖盘
13:46:33	9.09	-0.01	2	1818	卖盘
13:46:24	9.1	0.01	9	8190	买盘
13:46:21	9.09	-0.01	15	13635	卖盘
13:46:18	9.1	--	112	101920	买盘
13:46:15	9.1	0.01	15	13650	买盘
13:46:12	9.09	-0.01	12	10908	卖盘
13:46:09	9.1	0.01	56	50960	买盘
13:46:06	9.09	-0.01	115	104535	卖盘
13:46:03	9.1	--	5	4550	买盘
13:46:00	9.1	--	2	1820	买盘
13:45:57	9.1	--	125	113750	买盘
13:45:54	9.1	0.01	10	9100	买盘
13:45:51	9.09	--	2	1818	卖盘
13:45:48	9.09	-0.01	8	7272	卖盘
13:45:45	9.1	0.01	71	64610	买盘
13:45:39	9.09	--	121	109989	卖盘
13:45:36	9.09	-0.01	78	70902	卖盘
13:45:33	9.1	--	53	48230	买盘
13:45:30	9.1	--	11	10010	买盘
13:45:27	9.1	--	335	304850	买盘
13:45:21	9.1	0.01	388	353080	买盘
13:45:18	9.09	--	4	3636	卖盘
13:45:12	9.09	--	204	185436	卖盘
13:45:09	9.09	-0.01	56	50904	卖盘
13:45:06	9.1	0.01	13	11830	买盘
13:45:03	9.09	--	51	46359	卖盘
13:44:57	9.09	-0.01	15	13635	卖盘
13:44:51	9.1	--	4	3640	买盘
13:44:48	9.1	--	500	455000	买盘
13:44:45	9.1	0.01	8	7280	买盘
13:44:42	9.09	--	58	52722	卖盘
13:44:39	9.09	--	54	49086	卖盘
13:44:36	9.09	--	2	1818	卖盘
13:44:27	9.09	-0.01	7	6363	卖盘
13:44:24	9.1	0.01	5	4550	买盘
13:44:21	9.09	--	93	84537	卖盘
13:44:18	9.09	--	15	13635	卖盘
13:44:15	9.09	-0.01	106	96354	卖盘
13:44:12	9.1	--	10	9100	买盘
13:44:09	9.1	0.01	56	50960	买盘
13:44:06	9.09	--	10	9090	卖盘
13:44:03	9.09	--	6	5454	卖盘
13:44:00	9.09	-0.01	30	27270	卖盘
13:43:57	9.1	0.01	3	2730	买盘
13:43:54	9.09	-0.01	11	9999	卖盘
13:43:51	9.1	0.02	10	9100	买盘
13:43:45	9.08	-0.01	63	57204	卖盘
13:43:42	9.09	--	20	18180	卖盘
13:43:39	9.09	--	53	48177	卖盘
13:43:33	9.09	--	41	37269	卖盘
13:43:30	9.09	-0.01	154	139986	卖盘
13:43:24	9.1	0.01	200	182000	买盘
13:43:21	9.09	-0.01	871	791739	卖盘
13:43:18	9.1	--	169	153790	买盘
13:43:15	9.1	--	2	1820	买盘
13:43:12	9.1	--	120	109200	买盘
13:43:09	9.1	--	66	60060	买盘
13:43:06	9.1	--	3	2730	买盘
13:43:03	9.1	--	25	22750	买盘
13:43:00	9.1	--	10	9100	买盘
13:42:54	9.1	--	110	100100	买盘
13:42:51	9.1	0.01	7	6370	买盘
13:42:48	9.09	--	35	31815	卖盘
13:42:45	9.09	-0.01	33	29997	卖盘
13:42:42	9.1	0.01	119	108290	买盘
13:42:39	9.09	--	52	47268	卖盘
13:42:36	9.09	-0.01	15	13635	卖盘
13:42:33	9.1	--	11	10010	买盘
13:42:30	9.1	0.01	205	186550	买盘
13:42:27	9.09	-0.01	35	31815	卖盘
13:42:21	9.1	--	1	910	买盘
13:42:18	9.1	--	11	10010	买盘
13:42:12	9.1	0.01	2	1820	买盘
13:42:09	9.09	-0.01	52	47268	卖盘
13:42:03	9.1	0.01	36	32760	买盘
13:42:00	9.09	-0.01	25	22725	卖盘
13:41:57	9.1	--	9	8190	买盘
13:41:51	9.1	0.01	3	2730	买盘
13:41:48	9.09	--	9	8181	卖盘
13:41:45	9.09	--	10	9090	卖盘
13:41:42	9.09	0.01	253	229977	买盘
13:41:39	9.08	-0.01	56	50848	卖盘
13:41:36	9.09	--	75	68175	买盘
13:41:30	9.09	0.01	12	10908	买盘
13:41:27	9.08	-0.01	24	21792	卖盘
13:41:24	9.09	--	37	33633	买盘
13:41:21	9.09	0.01	62	56358	买盘
13:41:18	9.08	--	62	56296	卖盘
13:41:15	9.08	-0.01	4	3632	卖盘
13:41:12	9.09	0.01	31	28179	买盘
13:41:09	9.08	0.01	40	36320	中性盘
13:41:06	9.07	-0.02	158	143306	卖盘
13:41:03	9.09	-0.01	23	20907	中性盘
13:41:00	9.1	0.02	7	6370	买盘
13:40:57	9.08	-0.01	5730	5202840	卖盘
13:40:54	9.09	--	10	9090	卖盘
13:40:48	9.09	-0.01	107	97263	卖盘
13:40:45	9.1	--	559	508690	买盘
13:40:42	9.1	--	53	48230	买盘
13:40:39	9.1	0.01	94	85540	买盘
13:40:36	9.09	--	188	170892	卖盘
13:40:33	9.09	-0.01	9	8181	卖盘
13:40:24	9.1	--	1292	1175720	卖盘
13:40:21	9.1	-0.01	97	88270	卖盘
13:40:18	9.11	0.01	11	10021	买盘
13:40:15	9.1	--	359	326690	卖盘
13:40:12	9.1	-0.01	101	91910	卖盘
13:40:09	9.11	--	61	55571	买盘
13:40:06	9.11	0.01	1001	911911	买盘
13:40:03	9.1	-0.01	111	101010	卖盘
13:40:00	9.11	--	40	36440	买盘
13:39:54	9.11	0.01	3	2733	买盘
13:39:51	9.1	-0.01	108	98280	卖盘
13:39:48	9.11	--	29	26419	买盘
13:39:42	9.11	--	337	307061	卖盘
13:39:39	9.11	--	152	138472	卖盘
13:39:36	9.11	--	92	83812	卖盘
13:39:33	9.11	--	103	93833	卖盘
13:39:30	9.11	-0.01	104	94744	卖盘
13:39:27	9.12	0.01	15	13679	买盘
13:39:24	9.11	--	142	129361	卖盘
13:39:21	9.11	--	100	91100	卖盘
13:39:18	9.11	--	151	137561	卖盘
13:39:15	9.11	--	2	1822	卖盘
13:39:12	9.11	--	100	91100	卖盘
13:39:09	9.11	--	52	47372	卖盘
13:39:06	9.11	-0.01	2	1822	卖盘
13:39:03	9.12	--	100	91199	买盘
13:39:00	9.12	--	61	55631	买盘
13:38:57	9.12	--	11	10032	买盘
13:38:54	9.12	0.01	10	9120	买盘
13:38:51	9.11	-0.01	89	81079	卖盘
13:38:45	9.12	0.01	18	16416	买盘
13:38:42	9.11	-0.01	109	99299	卖盘
13:38:39	9.12	--	56	51071	买盘
13:38:33	9.12	-0.01	146	133626	卖盘
13:38:27	9.13	0.01	39	35607	买盘
13:38:21	9.12	--	28	25535	卖盘
13:38:12	9.12	--	4	3647	卖盘
13:38:09	9.12	--	112	102581	买盘
13:38:06	9.12	--	20	18240	买盘
13:38:03	9.12	0.01	10	9120	买盘
13:38:00	9.11	-0.01	8	7288	卖盘
13:37:57	9.12	--	7	6383	买盘
13:37:54	9.12	-0.01	452	412698	卖盘
13:37:51	9.13	0.01	97	88561	买盘
13:37:42	9.12	--	20	18240	卖盘
13:37:39	9.12	-0.01	152	138624	卖盘
13:37:36	9.13	0.01	4	3652	买盘
13:37:30	9.12	--	20	18240	卖盘
13:37:27	9.12	--	115	104879	卖盘
13:37:21	9.12	--	6	5471	卖盘
13:37:15	9.12	-0.01	20	18240	卖盘
13:37:12	9.13	0.01	24	21912	买盘
13:37:09	9.12	--	53	48335	卖盘
13:37:06	9.12	--	21	19152	卖盘
13:37:03	9.12	--	48	43775	卖盘
13:37:00	9.12	--	5	4560	卖盘
13:36:54	9.12	--	30	27359	卖盘
13:36:51	9.12	--	2	1823	卖盘
13:36:48	9.12	--	120	109439	卖盘
13:36:39	9.12	-0.01	53	48335	卖盘
13:36:36	9.13	0.01	30	27390	买盘
13:36:27	9.12	--	10	9120	卖盘
13:36:21	9.12	--	100	91199	卖盘
13:36:15	9.12	-0.01	18	16416	卖盘
13:36:12	9.13	--	5	4565	买盘
13:36:09	9.13	--	76	69388	买盘
13:36:06	9.13	--	38	34694	买盘
13:35:51	9.13	--	2	1826	买盘
13:35:48	9.13	0.01	13	11869	买盘
13:35:42	9.12	--	10	9120	卖盘
13:35:39	9.12	-0.01	54	49247	卖盘
13:35:30	9.13	0.01	3	2739	买盘
13:35:21	9.12	--	30	27359	卖盘
13:35:12	9.12	0.01	990	903317	买盘
13:35:09	9.11	-0.01	74	67414	卖盘
13:35:06	9.12	0.01	1	911	买盘
13:34:57	9.11	--	10	9110	卖盘
13:34:54	9.11	-0.01	36	32796	卖盘
13:34:51	9.12	--	31	28271	买盘
13:34:48	9.12	0.01	33	30095	买盘
13:34:45	9.11	--	10	9110	卖盘
13:34:39	9.11	-0.01	74	67414	卖盘
13:34:33	9.12	--	10	9120	买盘
13:34:24	9.12	0.01	44	40128	买盘
13:34:21	9.11	-0.01	56	51016	卖盘
13:34:15	9.12	0.01	19	17328	买盘
13:34:12	9.11	--	106	96566	卖盘
13:34:09	9.11	-0.01	73	66503	卖盘
13:34:06	9.12	--	1	911	买盘
13:34:03	9.12	--	10	9120	买盘
13:34:00	9.12	--	56	51071	买盘
13:33:57	9.12	--	35	31919	买盘
13:33:54	9.12	0.01	6	5471	买盘
13:33:45	9.11	-0.01	81	73791	卖盘
13:33:42	9.12	--	6	5471	买盘
13:33:39	9.12	--	20	18240	买盘
13:33:36	9.12	--	966	881466	卖盘
13:33:33	9.12	--	70	63839	卖盘
13:33:27	9.12	--	316	288192	卖盘
13:33:24	9.12	--	160	145920	卖盘
13:33:15	9.12	--	15	13679	卖盘
13:33:09	9.12	-0.01	57	51983	卖盘
13:33:03	9.13	0.01	10	9130	买盘
13:33:00	9.12	--	315	287280	卖盘
13:32:51	9.12	-0.01	2	1823	卖盘
13:32:48	9.13	--	8	7304	买盘
13:32:42	9.13	--	25	22825	买盘
13:32:39	9.13	--	5	4565	买盘
13:32:36	9.13	--	141	128733	卖盘
13:32:33	9.13	--	35	31955	卖盘
13:32:27	9.13	--	8	7304	卖盘
13:32:24	9.13	--	14	12782	卖盘
13:32:21	9.13	-0.01	26	23738	卖盘
13:32:18	9.14	--	6	5484	买盘
13:32:12	9.14	0.01	5	4570	买盘
13:32:09	9.13	0.01	88	80344	买盘
13:32:03	9.12	-0.01	450	410399	卖盘
13:31:57	9.13	--	30	27390	卖盘
13:31:54	9.13	0.01	213	194469	买盘
13:31:51	9.12	-0.01	292	266304	卖盘
13:31:48	9.13	--	2	1826	买盘
13:31:45	9.13	0.01	10	9130	买盘
13:31:42	9.12	-0.01	1	911	卖盘
13:31:39	9.13	--	262	239206	买盘
13:31:30	9.13	-0.01	200	182600	买盘
13:31:27	9.14	0.01	16	14624	买盘
13:31:24	9.13	--	488	446119	卖盘
13:31:21	9.13	--	31	28303	卖盘
13:31:15	9.13	--	7	6728	买盘
13:31:12	9.13	0.01	6	5478	买盘
13:31:09	9.12	-0.01	41	37966	卖盘
13:31:06	9.13	-0.01	18	16434	卖盘
13:31:03	9.14	0.01	2	1828	买盘
13:31:00	9.13	0.01	170	155547	买盘
13:30:57	9.12	-0.01	178	162910	卖盘
13:30:54	9.13	--	68	62421	买盘
13:30:51	9.13	0.01	5	4565	买盘
13:30:48	9.12	-0.01	5	4560	卖盘
13:30:45	9.13	0.01	170	155210	买盘
13:30:39	9.12	-0.01	53	48335	卖盘
13:30:36	9.13	--	3	2739	买盘
13:30:33	9.13	--	13	11869	买盘
13:30:27	9.13	0.01	40	36520	买盘
13:30:24	9.12	-0.01	20	18240	卖盘
13:30:21	9.13	0.01	205	187165	买盘
13:30:18	9.12	-0.01	110	100319	卖盘
13:30:15	9.13	-0.01	177	162176	卖盘
13:30:12	9.14	0.01	43	39302	买盘
13:30:09	9.13	--	347	316811	卖盘
13:30:06	9.13	--	1	913	卖盘
13:29:57	9.13	--	11	10043	卖盘
13:29:48	9.13	0.01	184	168329	买盘
13:29:45	9.12	-0.01	330	301534	卖盘
13:29:39	9.13	-0.01	560	511280	卖盘
13:29:36	9.14	--	3	2742	买盘
13:29:33	9.14	--	12	10968	买盘
13:29:30	9.14	0.01	16	14624	买盘
13:29:24	9.13	--	1	913	卖盘
13:29:21	9.13	--	200	182600	卖盘
13:29:18	9.13	--	15	13695	卖盘
13:29:09	9.13	--	86	78518	卖盘
13:28:57	9.13	--	9	8217	卖盘
13:28:48	9.13	--	8	7304	卖盘
13:28:45	9.13	--	29	26814	买盘
13:28:39	9.13	--	22	20661	卖盘
13:28:36	9.13	--	25	22825	卖盘
13:28:33	9.13	--	916	836308	卖盘
13:28:27	9.13	--	15	13695	卖盘
13:28:18	9.13	--	65	59682	买盘
13:28:15	9.13	--	23	20999	买盘
13:28:12	9.13	0.01	14	12782	买盘
13:28:09	9.12	-0.01	56	51071	卖盘
13:28:06	9.13	--	157	143341	买盘
13:28:03	9.13	--	21	19173	买盘
13:28:00	9.13	--	38	34694	买盘
13:27:57	9.13	-0.01	236	215468	卖盘
13:27:48	9.14	0.01	26	23764	买盘
13:27:39	9.13	--	53	48389	卖盘
13:27:36	9.13	-0.01	11	10043	卖盘
13:27:24	9.14	--	11	10054	买盘
13:27:12	9.14	--	14	12796	买盘
13:27:09	9.14	0.01	67	61238	买盘
13:27:06	9.13	-0.01	135	123255	卖盘
13:27:00	9.14	--	3	2742	买盘
13:26:45	9.14	0.01	3	2742	买盘
13:26:39	9.13	-0.01	72	65736	卖盘
13:26:36	9.14	0.01	5	4570	买盘
13:26:33	9.13	--	155	141515	买盘
13:26:27	9.13	--	61	55693	卖盘
13:26:24	9.13	-0.01	11	10043	卖盘
13:26:18	9.14	--	5	4570	买盘
13:26:15	9.14	--	83	75862	买盘
13:26:12	9.14	0.01	3	2742	买盘
13:26:09	9.13	--	52	47476	卖盘
13:26:06	9.13	-0.01	15	13695	卖盘
13:26:00	9.14	--	10	9140	买盘
13:25:48	9.14	0.01	6	5484	买盘
13:25:42	9.13	--	16	14608	买盘
13:25:39	9.13	--	50	45650	卖盘
13:25:33	9.13	--	12	10956	买盘
13:25:30	9.13	--	16	14608	买盘
13:25:27	9.13	--	10	9130	买盘
13:25:24	9.13	--	100	91300	买盘
13:25:15	9.13	--	7	6391	买盘
13:25:12	9.13	--	133	121429	买盘
13:25:09	9.13	--	57	52041	买盘
13:25:03	9.13	0.01	41	37433	买盘
13:25:00	9.12	-0.01	70	63839	卖盘
13:24:51	9.13	--	28	25564	买盘
13:24:48	9.13	-0.01	364	332332	卖盘
13:24:45	9.14	0.01	10	9140	买盘
13:24:39	9.13	--	52	47476	卖盘
13:24:33	9.13	-0.01	20	18260	卖盘
13:24:30	9.14	--	460	420440	买盘
13:24:27	9.14	0.01	3	2742	买盘
13:24:24	9.13	--	10	9130	卖盘
13:24:18	9.13	--	11	10043	卖盘
13:24:09	9.13	--	52	47476	卖盘
13:24:06	9.13	-0.01	8	7304	卖盘
13:24:00	9.14	0.01	2	1828	买盘
13:23:57	9.13	--	26	23738	卖盘
13:23:39	9.13	-0.01	52	47476	卖盘
13:23:36	9.14	--	3	2742	买盘
13:23:27	9.14	--	55	50270	买盘
13:23:12	9.14	0.01	4	3656	买盘
13:23:09	9.13	--	52	47476	卖盘
13:23:06	9.13	--	21	19173	卖盘
13:23:03	9.13	--	1	913	卖盘
13:22:57	9.13	-0.01	13	11869	卖盘
13:22:48	9.14	0.01	3	2742	买盘
13:22:42	9.13	0.01	41	37433	买盘
13:22:39	9.12	--	55	50159	卖盘
13:22:36	9.12	-0.01	15	13679	卖盘
13:22:33	9.13	--	31	28303	买盘
13:22:24	9.13	--	426	388938	卖盘
13:22:21	9.13	-0.01	100	91300	卖盘
13:22:18	9.14	0.01	10	9140	买盘
13:22:15	9.13	--	157	143341	卖盘
13:22:09	9.13	--	51	46563	卖盘
13:22:03	9.13	-0.01	1	913	卖盘
13:21:57	9.14	--	4	3656	买盘
13:21:54	9.14	--	16	14624	买盘
13:21:51	9.14	0.01	10	9140	买盘
13:21:48	9.13	--	3	2739	卖盘
13:21:42	9.13	-0.01	13	11869	卖盘
13:21:39	9.14	--	56	51184	买盘
13:21:33	9.14	0.01	3	2742	买盘
13:21:30	9.13	--	10	9130	卖盘
13:21:21	9.13	-0.01	9	8217	卖盘
13:21:15	9.14	0.01	32	29248	买盘
13:21:09	9.13	-0.01	53	48389	卖盘
13:21:00	9.14	0.01	3	2742	买盘
13:20:54	9.13	-0.01	453	413589	卖盘
13:20:48	9.14	0.01	20	18280	买盘
13:20:39	9.13	-0.01	52	47476	卖盘
13:20:36	9.14	--	3	2742	买盘
13:20:24	9.14	--	15	13710	买盘
13:20:21	9.14	--	9	8226	买盘
13:20:12	9.14	--	2	1828	买盘
13:20:09	9.14	--	156	142584	买盘
13:20:06	9.14	--	5	4570	买盘
13:20:00	9.14	--	124	113336	买盘
13:19:57	9.14	--	59	53926	买盘
13:19:54	9.14	--	22	20108	买盘
13:19:48	9.14	--	13	11882	买盘
13:19:45	9.14	--	5	4570	买盘
13:19:39	9.14	--	109	99626	卖盘
13:19:33	9.14	--	62	56668	卖盘
13:19:30	9.14	--	119	108766	买盘
13:19:27	9.14	--	20	18280	买盘
13:19:24	9.14	--	3	2742	买盘
13:19:09	9.14	0.01	9	8226	卖盘
13:19:06	9.13	-0.01	18	16434	卖盘
13:19:00	9.14	-0.01	62	56668	卖盘
13:18:54	9.15	--	6	5490	买盘
13:18:48	9.15	0.01	30	27450	买盘
13:18:42	9.14	-0.01	10	9140	卖盘
13:18:39	9.15	--	62	56730	买盘
13:18:36	9.15	--	3	2745	买盘
13:18:21	9.15	0.01	100	91500	买盘
13:18:15	9.14	-0.01	13	11882	卖盘
13:18:12	9.15	0.01	3	2745	买盘
13:18:09	9.14	--	51	46614	卖盘
13:18:03	9.14	--	18	16452	卖盘
13:17:57	9.14	--	91	83174	卖盘
13:17:54	9.14	-0.01	18	16452	卖盘
13:17:48	9.15	0.01	3	2745	买盘
13:17:39	9.14	--	53	48442	卖盘
13:17:36	9.14	--	77	70378	卖盘
13:17:30	9.14	--	21	19194	卖盘
13:17:27	9.14	-0.01	14	12796	卖盘
13:17:24	9.15	--	9	8235	买盘
13:17:09	9.15	0.01	61	55815	买盘
13:17:06	9.14	--	8	7312	卖盘
13:17:03	9.14	-0.01	145	132530	卖盘
13:17:00	9.15	0.01	5	4575	买盘
13:16:51	9.14	--	20	18280	卖盘
13:16:48	9.14	-0.01	34	31076	卖盘
13:16:45	9.15	0.01	60	54900	买盘
13:16:42	9.14	--	36	32904	卖盘
13:16:39	9.14	-0.01	74	67636	卖盘
13:16:36	9.15	0.01	3	2745	买盘
13:16:33	9.14	--	18	16452	卖盘
13:16:27	9.14	--	25	22850	卖盘
13:16:24	9.14	--	130	118820	买盘
13:16:21	9.14	--	29	26506	买盘
13:16:15	9.14	0.01	1	914	买盘
13:16:12	9.13	-0.01	1	913	卖盘
13:16:09	9.14	0.01	55	50270	买盘
13:16:03	9.13	-0.01	1	913	卖盘
13:15:51	9.14	--	5	4570	买盘
13:15:45	9.14	0.01	53	48442	买盘
13:15:42	9.13	-0.01	10	9130	卖盘
13:15:39	9.14	0.01	55	50270	买盘
13:15:36	9.13	-0.01	20	18260	卖盘
13:15:33	9.14	0.01	33	30162	买盘
13:15:27	9.13	--	50	45650	卖盘
13:15:24	9.13	-0.01	7	6391	卖盘
13:15:21	9.14	--	8	7312	买盘
13:15:18	9.14	0.01	1	914	买盘
13:15:09	9.13	-0.01	52	47476	卖盘
13:15:06	9.14	0.01	22	20108	买盘
13:15:00	9.13	-0.01	58	52954	卖盘
13:14:57	9.14	0.01	2	1828	买盘
13:14:48	9.13	--	309	282117	买盘
13:14:45	9.13	--	1	913	买盘
13:14:42	9.13	--	238	217294	买盘
13:14:39	9.13	0.01	55	50215	买盘
13:14:33	9.12	-0.01	110	100319	卖盘
13:14:30	9.13	--	10	9130	买盘
13:14:24	9.13	0.01	5	4565	买盘
13:14:21	9.12	-0.01	64	58367	卖盘
13:14:18	9.13	0.01	173	157949	买盘
13:14:09	9.12	-0.01	92	83904	卖盘
13:14:06	9.13	0.01	2	1826	买盘
13:14:03	9.12	--	11	10032	卖盘
13:14:00	9.12	--	67	61103	卖盘
13:13:54	9.12	--	16	14591	卖盘
13:13:45	9.12	-0.01	19	17328	卖盘
13:13:42	9.13	0.01	3	2739	买盘
13:13:39	9.12	--	115	104879	卖盘
13:13:33	9.12	--	6	5471	卖盘
13:13:27	9.12	--	53	48335	卖盘
13:13:24	9.12	-0.01	55	50159	卖盘
13:13:21	9.13	--	12	10956	买盘
13:13:15	9.13	0.01	3	2739	买盘
13:13:12	9.12	--	10	9120	卖盘
13:13:09	9.12	--	53	48335	卖盘
13:13:06	9.12	--	10	9120	卖盘
13:13:03	9.12	-0.01	106	96671	卖盘
13:12:51	9.13	0.01	16	14608	买盘
13:12:48	9.12	-0.01	1	911	卖盘
13:12:39	9.13	0.01	59	53867	买盘
13:12:33	9.12	-0.01	11	10032	卖盘
13:12:30	9.13	--	13	11869	买盘
13:12:27	9.13	--	3	2739	买盘
13:12:24	9.13	0.01	3	2739	买盘
13:12:09	9.12	--	51	46511	卖盘
13:12:03	9.12	-0.01	7	6383	卖盘
13:12:00	9.13	0.01	2	1826	买盘
13:11:57	9.12	-0.01	4	3647	卖盘
13:11:54	9.13	0.01	115	104995	买盘
13:11:48	9.12	--	10	9120	卖盘
13:11:45	9.12	--	2	1823	卖盘
13:11:39	9.12	--	53	48335	卖盘
13:11:36	9.12	--	61	55631	卖盘
13:11:33	9.12	--	9	8208	卖盘
13:11:30	9.12	-0.01	12	11381	卖盘
13:11:21	9.13	--	3	2739	买盘
13:11:18	9.13	0.01	4	3652	买盘
13:11:09	9.12	--	56	51071	卖盘
13:11:06	9.12	--	100	91199	卖盘
13:11:03	9.12	--	6	5471	卖盘
13:10:51	9.12	--	49	44687	卖盘
13:10:48	9.12	-0.01	5	4560	卖盘
13:10:45	9.13	0.01	3	2739	买盘
13:10:42	9.12	--	9	8208	卖盘
13:10:39	9.12	--	56	51071	卖盘
13:10:36	9.12	--	23	20976	卖盘
13:10:33	9.12	--	8	7295	卖盘
13:10:30	9.12	--	3	2735	卖盘
13:10:27	9.12	-0.01	6	5471	卖盘
13:10:24	9.13	--	10	9130	买盘
13:10:21	9.13	--	8	7304	买盘
13:10:15	9.13	0.01	5	4565	买盘
13:10:09	9.12	--	51	46511	卖盘
13:10:06	9.12	--	1	911	卖盘
13:10:03	9.12	-0.01	312	284544	卖盘
13:09:51	9.13	--	3	2739	买盘
13:09:39	9.13	0.01	58	52954	买盘
13:09:36	9.12	--	97	88463	卖盘
13:09:33	9.12	--	26	23711	卖盘
13:09:30	9.12	--	3	2735	卖盘
13:09:18	9.12	--	6	5471	卖盘
13:09:15	9.12	-0.01	4	3647	卖盘
13:09:12	9.13	0.01	2	1826	买盘
13:09:09	9.12	-0.01	52	47423	卖盘
13:09:06	9.13	0.01	12	10956	买盘
13:09:03	9.12	--	6	5471	卖盘
13:08:48	9.12	--	128	116735	卖盘
13:08:42	9.12	-0.01	3	2735	卖盘
13:08:39	9.13	--	155	141515	买盘
13:08:33	9.13	0.01	30	27390	买盘
13:08:30	9.12	--	42	38304	卖盘
13:08:15	9.12	--	10	9120	卖盘
13:08:09	9.12	--	52	47423	卖盘
13:08:03	9.12	-0.01	6	5471	卖盘
13:08:00	9.13	0.01	3	2739	买盘
13:07:57	9.12	-0.01	70	63839	卖盘
13:07:51	9.13	0.01	123	112299	买盘
13:07:48	9.12	--	22	20064	卖盘
13:07:45	9.12	-0.01	23	20976	卖盘
13:07:39	9.13	0.01	64	58432	买盘
13:07:33	9.12	--	6	5471	卖盘
13:07:24	9.12	-0.01	100	91199	卖盘
13:07:21	9.13	0.01	10	9130	买盘
13:07:06	9.12	--	53	48335	卖盘
13:07:03	9.12	--	9	8208	卖盘
13:06:51	9.12	--	9	8208	卖盘
13:06:42	9.12	--	10	9120	卖盘
13:06:36	9.12	--	54	49247	卖盘
13:06:33	9.12	-0.01	6	5471	卖盘
13:06:24	9.13	--	78	71214	买盘
13:06:21	9.13	--	2	1826	买盘
13:06:18	9.13	--	114	104082	卖盘
13:06:06	9.13	--	54	49302	卖盘
13:06:03	9.13	--	299	272987	卖盘
13:05:48	9.13	--	3	2739	卖盘
13:05:45	9.13	-0.01	94	85822	卖盘
13:05:39	9.14	0.01	3	2742	买盘
13:05:36	9.13	--	53	48389	卖盘
13:05:30	9.13	--	14	12782	卖盘
13:05:18	9.13	-0.01	5	4565	卖盘
13:05:15	9.14	--	3	2742	买盘
13:05:09	9.14	0.01	62	56668	买盘
13:05:06	9.13	-0.01	123	112299	卖盘
13:04:51	9.14	0.01	7	6398	买盘
13:04:48	9.13	-0.01	10	9130	卖盘
13:04:42	9.14	--	3	2742	买盘
13:04:36	9.14	--	55	50270	买盘
13:04:33	9.14	--	5	4570	买盘
13:04:30	9.14	--	157	143498	卖盘
13:04:27	9.14	--	157	143498	卖盘
13:04:24	9.14	-0.01	16	14624	卖盘
13:04:21	9.15	--	2	1830	买盘
13:04:18	9.15	0.01	136	124440	买盘
13:04:06	9.14	--	54	49356	卖盘
13:04:03	9.14	--	1	914	卖盘
13:04:00	9.14	-0.01	50	45700	卖盘
13:03:51	9.15	0.01	3	2745	买盘
13:03:36	9.14	--	53	48442	卖盘
13:03:33	9.14	--	10	9140	卖盘
13:03:30	9.14	-0.01	80	73120	卖盘
13:03:27	9.15	--	6	5490	买盘
13:03:24	9.15	0.01	4	3660	买盘
13:03:21	9.14	--	40	36560	卖盘
13:03:03	9.14	-0.01	31	28334	卖盘
13:02:57	9.15	--	3	2745	买盘
13:02:51	9.15	--	2	1830	买盘
13:02:48	9.15	--	9	8235	买盘
13:02:45	9.15	0.01	208	190320	买盘
13:02:39	9.14	--	260	237640	卖盘
13:02:33	9.14	--	28	25592	卖盘
13:02:12	9.14	--	5	4570	卖盘
13:02:06	9.14	--	24	21936	卖盘
13:02:03	9.14	--	29	26506	卖盘
13:01:45	9.14	--	25	22850	卖盘
13:01:39	9.14	-0.01	8	7312	卖盘
13:01:36	9.15	0.01	5	4575	买盘
13:01:33	9.14	-0.01	28	25592	卖盘
13:01:30	9.15	--	2	1830	买盘
13:01:27	9.15	--	115	105225	买盘
13:01:24	9.15	0.01	50	45750	买盘
13:01:21	9.14	--	214	195596	卖盘
13:01:15	9.14	-0.01	14	12796	卖盘
13:01:09	9.15	--	114	104310	买盘
13:01:03	9.15	--	38	34770	买盘
13:00:57	9.15	0.01	50	45750	买盘
13:00:42	9.14	-0.01	28	25592	卖盘
13:00:36	9.15	0.01	3	2745	买盘
13:00:33	9.14	--	29	26506	卖盘
13:00:30	9.14	--	1	914	卖盘
13:00:15	9.14	--	7	6398	卖盘
13:00:09	9.14	--	23	21022	卖盘
13:00:06	9.14	--	25	22850	卖盘
13:00:03	9.14	--	707	646344	买盘
13:00:00	9.14	--	0	0	买盘
11:30:00	9.14	--	9	8226	买盘
11:29:54	9.14	--	4	3656	买盘
11:29:48	9.14	--	1	914	买盘
11:29:45	9.14	--	3	2742	买盘
11:29:39	9.14	--	76	69464	卖盘
11:29:36	9.14	-0.01	31	28334	卖盘
11:29:27	9.15	0.01	3	2745	买盘
11:29:21	9.14	--	12	10968	买盘
11:29:15	9.14	--	5	4570	买盘
11:29:06	9.14	-0.01	53	48442	卖盘
11:29:00	9.15	--	6	5490	买盘
11:28:57	9.15	0.01	55	50325	买盘
11:28:51	9.14	--	25	22850	卖盘
11:28:42	9.14	-0.01	5	4570	卖盘
11:28:39	9.15	0.01	61	55815	买盘
11:28:36	9.14	-0.01	372	340008	卖盘
11:28:30	9.15	--	5	4575	买盘
11:28:27	9.15	-0.01	19	17385	卖盘
11:28:18	9.16	0.02	640	586240	买盘
11:28:12	9.14	-0.01	1	914	卖盘
11:28:09	9.15	0.01	12	10980	买盘
11:28:06	9.14	--	67	61238	卖盘
11:28:03	9.14	-0.01	1	914	卖盘
11:27:48	9.15	--	5	4575	买盘
11:27:45	9.15	--	53	48495	买盘
11:27:42	9.15	--	3	2745	买盘
11:27:39	9.15	--	20	18300	卖盘
11:27:36	9.15	--	56	51240	卖盘
11:27:27	9.15	--	106	96990	卖盘
11:27:21	9.15	--	1	915	卖盘
11:27:18	9.15	-0.01	100	91500	卖盘
11:27:12	9.16	0.01	12	10992	买盘
11:27:09	9.15	--	84	76860	卖盘
11:27:06	9.15	--	78	71370	卖盘
11:27:03	9.15	--	247	226005	买盘
11:27:00	9.15	--	17	15555	买盘
11:26:57	9.15	--	13	11895	买盘
11:26:51	9.15	0.01	380	347700	买盘
11:26:48	9.14	-0.01	97	88658	卖盘
11:26:45	9.15	--	10	9150	买盘
11:26:42	9.15	0.01	11	10065	买盘
11:26:36	9.14	--	64	58496	卖盘
11:26:33	9.14	-0.01	12	10968	卖盘
11:26:27	9.15	--	41	37515	买盘
11:26:24	9.15	--	10	9150	买盘
11:26:21	9.15	0.01	500	457500	买盘
11:26:18	9.14	--	90	82260	卖盘
11:26:15	9.14	--	165	150810	卖盘
11:26:06	9.14	-0.01	58	53012	卖盘
11:26:00	9.15	--	14	12810	买盘
11:25:57	9.15	0.01	8	7320	买盘
11:25:51	9.14	--	1	914	卖盘
11:25:45	9.14	0.01	72	65808	买盘
11:25:42	9.13	--	9	8217	卖盘
11:25:36	9.13	-0.01	109	99517	卖盘
11:25:24	9.14	0.01	60	54840	买盘
11:25:21	9.13	-0.01	9	8217	卖盘
11:25:18	9.14	0.01	7	6398	买盘
11:25:12	9.13	--	4	3652	卖盘
11:25:06	9.13	--	55	50215	卖盘
11:25:03	9.13	-0.01	10	9130	卖盘
11:24:57	9.14	--	9	8226	买盘
11:24:54	9.14	0.01	3	2742	买盘
11:24:48	9.13	-0.01	20	18260	卖盘
11:24:42	9.14	--	20	18280	买盘
11:24:39	9.14	0.01	17	15538	买盘
11:24:36	9.13	-0.01	77	70301	卖盘
11:24:30	9.14	--	28	25592	买盘
11:24:15	9.14	0.01	10	9140	买盘
11:24:06	9.13	-0.01	57	52041	卖盘
11:24:03	9.14	--	4	3656	买盘
11:23:57	9.14	--	3	2742	买盘
11:23:54	9.14	0.01	6	5484	买盘
11:23:42	9.13	--	29	26477	买盘
11:23:39	9.13	0.01	3	2739	买盘
11:23:36	9.12	-0.01	57	51983	卖盘
11:23:24	9.13	--	1	913	买盘
11:23:21	9.13	--	3	2739	买盘
11:23:18	9.13	--	10	9130	买盘
11:23:12	9.13	--	2	1826	买盘
11:23:09	9.13	--	2	1826	买盘
11:23:06	9.13	-0.01	14	12782	卖盘
11:23:03	9.14	--	37	33818	买盘
11:22:54	9.14	--	9	8226	买盘
11:22:48	9.14	--	20	18280	买盘
11:22:45	9.14	-0.01	3	2742	中性盘
11:22:33	9.15	--	1	915	买盘
11:22:30	9.15	--	1	915	买盘
11:22:21	9.15	--	990	905850	买盘
11:22:18	9.15	--	33	30195	买盘
11:22:09	9.15	0.03	999	914085	买盘
11:22:06	9.12	-0.01	57	51983	中性盘
11:21:54	9.13	0.02	3	2739	买盘
11:21:51	9.11	-0.02	8	7288	卖盘
11:21:48	9.13	0.01	18	16434	买盘
11:21:45	9.12	0.01	312	284544	买盘
11:21:42	9.11	--	1	911	卖盘
11:21:39	9.11	--	285	259634	卖盘
11:21:36	9.11	--	57	51927	卖盘
11:21:30	9.11	-0.01	50	45550	卖盘
11:21:12	9.12	0.01	10	9120	买盘
11:21:06	9.11	--	57	51927	卖盘
11:21:03	9.11	--	6	5466	卖盘
11:20:57	9.11	--	111	101977	买盘
11:20:51	9.11	--	9	8199	买盘
11:20:48	9.11	-0.01	173	157657	卖盘
11:20:45	9.12	0.01	1	911	买盘
11:20:42	9.11	--	50	45550	卖盘
11:20:36	9.11	--	55	50105	卖盘
11:20:30	9.11	-0.01	107	97477	卖盘
11:20:27	9.12	0.01	24	21887	买盘
11:20:18	9.11	-0.01	11	10021	卖盘
11:20:15	9.12	0.01	10	9120	买盘
11:20:12	9.11	--	19	18165	买盘
11:20:09	9.11	0.01	1	911	买盘
11:20:06	9.1	-0.01	57	51870	卖盘
11:20:03	9.11	--	2	1822	买盘
11:20:00	9.11	--	289	263333	卖盘
11:19:57	9.11	-0.01	2	1822	卖盘
11:19:54	9.12	--	2	1823	买盘
11:19:51	9.12	--	47	42863	买盘
11:19:48	9.12	--	6	5471	买盘
11:19:42	9.12	0.01	3	2735	买盘
11:19:39	9.11	--	10	9110	卖盘
11:19:36	9.11	-0.01	55	50105	卖盘
11:19:30	9.12	--	8	7295	买盘
11:19:27	9.12	--	17	15503	买盘
11:19:24	9.12	--	6	5471	买盘
11:19:21	9.12	--	54	49247	买盘
11:19:12	9.12	0.01	9	8208	买盘
11:19:06	9.11	-0.01	57	51927	卖盘
11:19:03	9.12	--	4	3647	买盘
11:18:48	9.12	0.01	11	10032	买盘
11:18:36	9.11	--	68	61947	卖盘
11:18:33	9.11	-0.01	2	1822	卖盘
11:18:27	9.12	0.01	22	20064	买盘
11:18:18	9.11	--	4	3644	卖盘
11:18:15	9.11	--	8	7288	卖盘
11:18:12	9.11	-0.01	20	18220	卖盘
11:18:09	9.12	--	6	5471	买盘
11:18:06	9.12	--	58	52895	买盘
11:18:03	9.12	0.01	10	9120	买盘
11:18:00	9.11	--	14	12754	卖盘
11:17:54	9.11	--	59	53749	卖盘
11:17:51	9.11	-0.01	25	22775	卖盘
11:17:48	9.12	0.01	12	10943	买盘
11:17:36	9.11	--	256	233216	卖盘
11:17:27	9.11	-0.01	16	14576	卖盘
11:17:24	9.12	--	40	36480	买盘
11:17:09	9.12	0.01	5	4560	买盘
11:17:06	9.11	-0.01	79	71969	卖盘
11:17:03	9.12	0.01	9	8208	买盘
11:16:57	9.11	--	46	41906	卖盘
11:16:51	9.11	-0.01	19	17309	卖盘
11:16:48	9.12	--	24	21887	买盘
11:16:45	9.12	0.01	6	5471	买盘
11:16:39	9.11	--	20	18220	卖盘
11:16:36	9.11	--	57	51927	卖盘
11:16:33	9.11	--	3	2733	卖盘
11:16:30	9.11	--	25	22775	卖盘
11:16:24	9.11	-0.01	14	12754	卖盘
11:16:21	9.12	--	3	2735	买盘
11:16:18	9.12	0.01	3	2735	买盘
11:16:15	9.11	--	59	53749	卖盘
11:16:06	9.11	--	56	51016	卖盘
11:16:03	9.11	-0.01	40	36440	卖盘
11:15:57	9.12	0.01	3	2735	买盘
11:15:51	9.11	-0.01	3	2733	卖盘
11:15:45	9.12	0.01	9	8208	买盘
11:15:42	9.11	-0.01	43	39173	卖盘
11:15:39	9.12	0.01	5	4560	买盘
11:15:36	9.11	-0.01	74	67414	卖盘
11:15:33	9.12	0.01	4	3647	买盘
11:15:24	9.11	-0.01	10	9110	卖盘
11:15:15	9.12	--	14	12767	买盘
11:15:12	9.12	0.01	1	911	买盘
11:15:06	9.11	--	67	61036	卖盘
11:15:03	9.11	-0.01	26	23686	卖盘
11:15:00	9.12	--	2	1823	买盘
11:14:51	9.12	0.01	5	4560	买盘
11:14:45	9.11	-0.01	36	32796	卖盘
11:14:39	9.12	0.01	30	27359	买盘
11:14:36	9.11	-0.01	61	55571	卖盘
11:14:18	9.12	0.01	187	170543	买盘
11:14:15	9.11	--	13	11843	卖盘
11:14:06	9.11	--	56	51016	卖盘
11:13:57	9.11	--	1	1767	卖盘
11:13:54	9.11	--	57	51927	卖盘
11:13:45	9.11	-0.01	205	186755	卖盘
11:13:42	9.12	0.01	6	5471	买盘
11:13:39	9.11	--	7	6377	卖盘
11:13:36	9.11	--	56	51016	卖盘
11:13:33	9.11	--	11	10021	卖盘
11:13:30	9.11	--	32	29152	卖盘
11:13:24	9.11	--	1881	1713591	买盘
11:13:21	9.11	--	113	102943	买盘
11:13:15	9.11	--	70	63769	买盘
11:13:09	9.11	0.01	3	2733	买盘
11:13:06	9.1	-0.01	111	101010	卖盘
11:13:03	9.11	--	21	19131	买盘
11:12:57	9.11	0.01	1	911	买盘
11:12:51	9.1	-0.01	31	28210	卖盘
11:12:48	9.11	--	1	911	买盘
11:12:45	9.11	--	1	911	买盘
11:12:42	9.11	--	3	2733	买盘
11:12:39	9.11	0.01	9	8199	买盘
11:12:36	9.1	-0.01	59	53690	卖盘
11:12:33	9.11	0.01	250	227750	买盘
11:12:30	9.1	-0.01	14	12740	卖盘
11:12:27	9.11	0.01	10	9110	买盘
11:12:24	9.1	--	56	50960	卖盘
11:12:15	9.1	--	71	64610	卖盘
11:12:12	9.1	--	40	36400	卖盘
11:12:09	9.1	--	1	910	卖盘
11:12:06	9.1	--	158	143780	卖盘
11:12:00	9.1	--	177	161070	卖盘
11:11:54	9.1	--	4	3640	卖盘
11:11:51	9.1	-0.01	10	9100	卖盘
11:11:48	9.11	--	3	2733	买盘
11:11:39	9.11	0.01	9	8199	买盘
11:11:36	9.1	--	56	50960	卖盘
11:11:33	9.1	--	8	7280	买盘
11:11:30	9.1	--	13	11830	买盘
11:11:27	9.1	-0.01	4	3640	卖盘
11:11:21	9.11	0.01	18	16398	买盘
11:11:18	9.1	-0.01	20	18200	卖盘
11:11:15	9.11	0.01	10	9110	买盘
11:11:06	9.1	0.01	58	52780	中性盘
11:11:03	9.09	-0.01	300	272700	卖盘
11:11:00	9.1	--	6	5460	卖盘
11:10:57	9.1	0.01	19	17290	买盘
11:10:54	9.09	-0.01	40	36360	卖盘
11:10:51	9.1	0.01	25	22750	买盘
11:10:48	9.09	-0.01	76	69084	卖盘
11:10:45	9.1	--	58	52780	卖盘
11:10:39	9.1	0.01	10	9100	买盘
11:10:36	9.09	-0.01	192	175400	卖盘
11:10:33	9.1	--	5	4550	买盘
11:10:30	9.1	-0.01	116	105596	卖盘
11:10:27	9.11	0.01	3	2733	买盘
11:10:24	9.1	--	20	18200	卖盘
11:10:21	9.1	--	40	36400	卖盘
11:10:18	9.1	--	75	69123	买盘
11:10:15	9.1	--	300	273000	买盘
11:10:09	9.1	0.01	178	161980	买盘
11:10:06	9.09	--	109	99081	卖盘
11:10:03	9.09	-0.01	16	14544	卖盘
11:10:00	9.1	--	76	69160	买盘
11:09:57	9.1	--	8	7280	买盘
11:09:54	9.1	0.01	71	64610	买盘
11:09:51	9.09	-0.01	59	53631	卖盘
11:09:48	9.1	--	8	7280	买盘
11:09:45	9.1	--	30	27300	买盘
11:09:42	9.1	--	20	18200	买盘
11:09:39	9.1	0.01	137	124670	买盘
11:09:36	9.09	-0.01	137	124533	卖盘
11:09:33	9.1	--	21	19110	买盘
11:09:27	9.1	--	19	17290	买盘
11:09:15	9.1	--	395	359450	卖盘
11:09:12	9.1	-0.01	200	182000	卖盘
11:09:09	9.11	0.01	45	40995	买盘
11:09:06	9.1	--	56	50960	卖盘
11:08:57	9.1	--	33	30030	卖盘
11:08:54	9.1	-0.01	5	4550	卖盘
11:08:51	9.11	0.01	75	68325	买盘
11:08:48	9.1	--	120	109200	卖盘
11:08:45	9.1	-0.01	50	45500	卖盘
11:08:42	9.11	0.01	5	4555	买盘
11:08:39	9.1	-0.01	105	95550	卖盘
11:08:36	9.11	0.01	63	57393	买盘
11:08:33	9.1	--	10	9100	卖盘
11:08:30	9.1	--	19	17290	卖盘
11:08:27	9.1	--	53	48230	卖盘
11:08:24	9.1	-0.01	49	44590	卖盘
11:08:12	9.11	0.01	10	9110	买盘
11:08:09	9.1	-0.01	10	9100	卖盘
11:08:06	9.11	-0.01	167	152137	卖盘
11:08:03	9.12	0.01	120	109439	买盘
11:07:57	9.11	--	10	9110	卖盘
11:07:54	9.11	--	12	10932	卖盘
11:07:48	9.11	-0.01	234	213174	卖盘
11:07:45	9.12	--	38	34656	买盘
11:07:42	9.12	--	2	1823	买盘
11:07:39	9.12	0.01	3	2735	买盘
11:07:36	9.11	-0.01	116	105676	卖盘
11:07:33	9.12	0.01	13	11855	买盘
11:07:30	9.11	--	102	92922	卖盘
11:07:27	9.11	--	35	31884	卖盘
11:07:24	9.11	--	8	7288	卖盘
11:07:21	9.11	--	74	67414	卖盘
11:07:18	9.11	-0.01	4	3644	卖盘
11:07:15	9.12	--	3	2735	买盘
11:07:12	9.12	0.02	230	209759	买盘
11:07:09	9.1	--	11	10010	卖盘
11:07:06	9.1	--	57	51870	买盘
11:07:03	9.1	--	1511	1375010	买盘
11:07:00	9.1	0.01	37	33670	买盘
11:06:57	9.09	-0.01	135	122715	卖盘
11:06:54	9.1	--	115	104650	买盘
11:06:51	9.1	--	27	24570	买盘
11:06:48	9.1	--	6	5460	买盘
11:06:42	9.1	0.01	20	18200	买盘
11:06:39	9.09	--	6	5454	卖盘
11:06:36	9.09	--	110	99990	卖盘
11:06:33	9.09	--	10	9090	卖盘
11:06:30	9.09	-0.01	114	103626	卖盘
11:06:27	9.1	0.01	38	34580	买盘
11:06:24	9.09	-0.01	5	4545	卖盘
11:06:21	9.1	0.01	29	26390	买盘
11:06:18	9.09	-0.01	71	64539	卖盘
11:06:15	9.1	--	1112	1011920	买盘
11:06:12	9.1	--	40	36400	买盘
11:06:09	9.1	0.01	52	47320	买盘
11:06:06	9.09	-0.01	99	89991	卖盘
11:06:00	9.1	0.01	50	45500	买盘
11:05:57	9.09	--	5	4545	卖盘
11:05:54	9.09	--	150	136350	卖盘
11:05:51	9.09	--	297	269973	卖盘
11:05:45	9.09	-0.01	44	39996	卖盘
11:05:42	9.1	0.01	13	11830	买盘
11:05:36	9.09	-0.01	56	50904	卖盘
11:05:33	9.1	0.01	30	27300	买盘
11:05:27	9.09	-0.01	27	24543	卖盘
11:05:24	9.1	-0.01	224	203840	卖盘
11:05:18	9.11	0.01	90	81990	买盘
11:05:15	9.1	--	53	48230	卖盘
11:05:12	9.1	-0.01	60	54600	卖盘
11:05:09	9.11	0.01	505	460055	买盘
11:05:06	9.1	-0.01	71	64610	卖盘
11:05:03	9.11	--	49	44639	买盘
11:04:57	9.11	--	31	28241	买盘
11:04:51	9.11	0.01	4	3644	买盘
11:04:48	9.1	--	20	18200	卖盘
11:04:45	9.1	--	276	251160	卖盘
11:04:42	9.1	--	120	109200	卖盘
11:04:39	9.1	--	88	80080	卖盘
11:04:36	9.1	--	90	81900	卖盘
11:04:33	9.1	-0.01	911	829010	卖盘
11:04:30	9.11	0.01	10	9110	买盘
11:04:27	9.1	--	179	162890	卖盘
11:04:24	9.1	-0.01	4	3640	卖盘
11:04:15	9.11	--	28	25508	买盘
11:04:12	9.11	--	12	10932	买盘
11:04:09	9.11	--	50	45550	买盘
11:04:06	9.11	--	65	59214	买盘
11:04:03	9.11	0.01	46	41906	买盘
11:04:00	9.1	-0.01	312	283920	卖盘
11:03:57	9.11	0.01	28	25508	买盘
11:03:54	9.1	--	2	1820	卖盘
11:03:51	9.1	-0.01	48	43680	卖盘
11:03:48	9.11	0.01	18	16398	买盘
11:03:45	9.1	--	9	8190	卖盘
11:03:42	9.1	--	62	56420	卖盘
11:03:39	9.1	--	11	10010	卖盘
11:03:36	9.1	--	65	59150	卖盘
11:03:33	9.1	--	42	38220	卖盘
11:03:30	9.1	--	41	37310	卖盘
11:03:27	9.1	-0.01	144	131040	卖盘
11:03:24	9.11	0.01	127	115697	买盘
11:03:21	9.1	--	128	116480	卖盘
11:03:18	9.1	-0.01	20	18200	卖盘
11:03:15	9.11	0.01	3	2733	买盘
11:03:12	9.1	--	33	30030	卖盘
11:03:06	9.1	--	103	93730	卖盘
11:03:03	9.1	--	64	58240	卖盘
11:03:00	9.1	-0.01	4	3640	卖盘
11:02:57	9.11	0.01	224	204064	买盘
11:02:51	9.1	-0.01	55	50050	卖盘
11:02:48	9.11	0.01	37	33707	买盘
11:02:45	9.1	-0.01	119	108290	卖盘
11:02:42	9.11	0.01	45	40995	买盘
11:02:36	9.1	--	75	68250	卖盘
11:02:33	9.1	--	63	57330	卖盘
11:02:30	9.1	-0.01	50	45500	卖盘
11:02:27	9.11	--	10	9110	买盘
11:02:24	9.11	0.01	17	15486	买盘
11:02:21	9.1	--	58	52780	卖盘
11:02:18	9.1	--	6	5460	卖盘
11:02:15	9.1	--	6	5460	卖盘
11:02:12	9.1	--	56	50960	卖盘
11:02:06	9.1	--	56	50960	卖盘
11:02:03	9.1	-0.01	42	38220	卖盘
11:02:00	9.11	--	3	2733	买盘
11:01:57	9.11	--	1088	991167	卖盘
11:01:51	9.11	--	30	27330	卖盘
11:01:45	9.11	--	669	609459	卖盘
11:01:42	9.11	--	47	42817	卖盘
11:01:39	9.11	--	52	47372	卖盘
11:01:36	9.11	--	59	53749	卖盘
11:01:33	9.11	--	878	799858	卖盘
11:01:30	9.11	--	305	277855	卖盘
11:01:27	9.11	-0.01	12	10932	卖盘
11:01:24	9.12	0.01	20	18240	买盘
11:01:21	9.11	--	48	43728	卖盘
11:01:15	9.11	-0.01	110	100210	卖盘
11:01:12	9.12	-0.01	265	241679	卖盘
11:01:09	9.13	0.01	3	2739	买盘
11:01:06	9.12	--	56	51071	卖盘
11:01:03	9.12	-0.01	36	32832	卖盘
11:01:00	9.13	0.01	29	26477	买盘
11:00:57	9.12	--	28	25535	卖盘
11:00:54	9.12	--	9	8208	卖盘
11:00:51	9.12	--	41	37392	卖盘
11:00:48	9.12	--	31	28271	卖盘
11:00:45	9.12	--	20	18240	卖盘
11:00:42	9.12	--	45	41040	卖盘
11:00:39	9.12	--	102	93023	卖盘
11:00:36	9.12	-0.01	62	56543	卖盘
11:00:33	9.13	0.01	47	42911	买盘
11:00:30	9.12	-0.01	101	92111	卖盘
11:00:27	9.13	--	15	13695	买盘
11:00:24	9.13	0.01	6	5478	买盘
11:00:21	9.12	--	245	223439	卖盘
11:00:18	9.12	--	27	24623	卖盘
11:00:15	9.12	--	113	103055	卖盘
11:00:12	9.12	--	54	49247	卖盘
11:00:09	9.12	--	37	33744	卖盘
11:00:06	9.12	-0.01	56	51071	卖盘
11:00:03	9.13	0.01	61	55693	买盘
10:59:57	9.12	--	2	1823	卖盘
10:59:54	9.12	--	92	83904	卖盘
10:59:51	9.12	--	61	55631	卖盘
10:59:45	9.12	--	50	45599	卖盘
10:59:42	9.12	--	139	126767	卖盘
10:59:39	9.12	-0.01	45	41040	卖盘
10:59:36	9.13	0.01	61	55693	买盘
10:59:33	9.12	--	93	84816	卖盘
10:59:27	9.12	--	100	91199	卖盘
10:59:21	9.12	-0.01	673	613776	卖盘
10:59:15	9.13	0.01	6	5478	买盘
10:59:12	9.12	--	44	40128	卖盘
10:59:09	9.12	--	26	23711	卖盘
10:59:06	9.12	--	112	102143	卖盘
10:59:03	9.12	-0.01	42	38304	卖盘
10:58:57	9.13	0.01	21	19173	买盘
10:58:54	9.12	--	305	278160	买盘
10:58:51	9.12	--	41	37392	买盘
10:58:45	9.12	--	7	6383	卖盘
10:58:42	9.12	--	47	42863	卖盘
10:58:39	9.12	--	61	55631	卖盘
10:58:36	9.12	--	366	333792	卖盘
10:58:33	9.12	--	40	36480	卖盘
10:58:30	9.12	--	71	64751	卖盘
10:58:27	9.12	-0.01	9	8208	卖盘
10:58:24	9.13	0.01	3	2739	买盘
10:58:21	9.12	-0.01	85	77520	卖盘
10:58:18	9.13	0.01	209	190817	买盘
10:58:15	9.12	--	117	106703	卖盘
10:58:12	9.12	--	39	35568	卖盘
10:58:09	9.12	--	18	16416	卖盘
10:58:06	9.12	--	76	69312	卖盘
10:58:00	9.12	-0.01	105	95759	卖盘
10:57:57	9.13	0.01	465	424545	买盘
10:57:51	9.12	--	35	31919	卖盘
10:57:48	9.12	--	10	9120	卖盘
10:57:45	9.12	--	34	31007	卖盘
10:57:42	9.12	-0.01	50	45599	卖盘
10:57:39	9.13	0.01	31	28303	买盘
10:57:36	9.12	--	77	70224	卖盘
10:57:33	9.12	-0.01	47	42863	卖盘
10:57:30	9.13	--	105	95865	买盘
10:57:27	9.13	--	186	169818	卖盘
10:57:24	9.13	--	9	8217	卖盘
10:57:21	9.13	--	880	803440	卖盘
10:57:18	9.13	-0.01	773	705749	卖盘
10:57:15	9.14	--	12	10968	买盘
10:57:12	9.14	0.01	40	36560	买盘
10:57:09	9.13	--	4	3652	卖盘
10:57:06	9.13	--	57	52041	卖盘
10:57:03	9.13	-0.01	108	98604	卖盘
10:57:00	9.14	0.01	326	297964	买盘
10:56:54	9.13	-0.01	50	45650	卖盘
10:56:45	9.14	0.01	200	182800	买盘
10:56:42	9.13	--	4	3652	卖盘
10:56:33	9.13	-0.01	332	303116	卖盘
10:56:30	9.14	--	5	4570	卖盘
10:56:27	9.14	-0.01	11	10054	卖盘
10:56:24	9.15	--	3	2745	买盘
10:56:21	9.15	0.01	3	2745	买盘
10:56:18	9.14	--	60	54840	卖盘
10:56:12	9.14	0.01	702	641628	买盘
10:56:09	9.13	--	113	103169	卖盘
10:56:06	9.13	-0.01	64	58432	卖盘
10:56:03	9.14	0.01	10	9140	买盘
10:56:00	9.13	--	269	245597	卖盘
10:55:57	9.13	--	1	913	卖盘
10:55:51	9.13	-0.01	5	4565	卖盘
10:55:48	9.14	0.01	8	7312	买盘
10:55:45	9.13	--	1	913	卖盘
10:55:36	9.13	-0.01	69	62997	卖盘
10:55:33	9.14	--	28	25592	买盘
10:55:30	9.14	--	9	8226	中性盘
10:55:21	9.14	-0.01	306	279684	卖盘
10:55:18	9.15	--	160	146400	买盘
10:55:15	9.15	0.01	10	9150	买盘
10:55:12	9.14	-0.01	5	4570	卖盘
10:55:09	9.15	0.01	2	1830	买盘
10:55:06	9.14	--	76	69464	卖盘
10:55:03	9.14	-0.01	1	914	卖盘
10:55:00	9.15	0.01	19	17385	买盘
10:54:57	9.14	--	20	18280	卖盘
10:54:48	9.14	--	19	17366	买盘
10:54:45	9.14	--	28	25592	买盘
10:54:36	9.14	-0.01	21	19194	卖盘
10:54:27	9.15	0.01	3	2745	买盘
10:54:24	9.14	-0.01	10	9140	卖盘
10:54:15	9.15	--	133	121695	买盘
10:54:12	9.15	0.01	12	10980	买盘
10:54:09	9.14	--	15	13710	卖盘
10:54:06	9.14	-0.01	55	50270	卖盘
10:54:00	9.15	0.01	200	183000	买盘
10:53:54	9.14	--	55	50270	卖盘
10:53:51	9.14	--	20	18280	卖盘
10:53:48	9.14	-0.01	4	3656	卖盘
10:53:45	9.15	0.01	3	2745	买盘
10:53:42	9.14	--	10	9140	卖盘
10:53:36	9.14	-0.01	57	52098	卖盘
10:53:33	9.15	0.01	65	59475	买盘
10:53:30	9.14	--	218	199252	买盘
10:53:21	9.14	--	203	185542	买盘
10:53:18	9.14	--	60	54840	买盘
10:53:09	9.14	0.01	10	9140	买盘
10:53:06	9.13	--	55	50215	卖盘
10:52:57	9.13	--	13	11869	卖盘
10:52:54	9.13	-0.01	200	182600	卖盘
10:52:45	9.14	0.01	37	33818	买盘
10:52:39	9.13	--	4	3652	卖盘
10:52:36	9.13	-0.01	71	64823	卖盘
10:52:33	9.14	--	5	4570	买盘
10:52:30	9.14	--	3	2742	买盘
10:52:24	9.14	--	32	29248	卖盘
10:52:18	9.14	-0.01	106	96884	卖盘
10:52:12	9.15	--	3	2745	买盘
10:52:09	9.15	0.01	13	11895	买盘
10:52:06	9.14	--	55	50270	卖盘
10:52:00	9.14	--	25	22850	卖盘
10:51:57	9.14	--	1	914	卖盘
10:51:54	9.14	--	39	35646	卖盘
10:51:51	9.14	--	12	10968	卖盘
10:51:48	9.14	-0.01	4	3656	卖盘
10:51:45	9.15	0.01	2	1830	买盘
10:51:42	9.14	--	1	914	卖盘
10:51:36	9.14	--	57	52098	卖盘
10:51:33	9.14	0.01	920	840880	买盘
10:51:21	9.13	--	56	51128	卖盘
10:51:15	9.13	--	50	45650	卖盘
10:51:09	9.13	--	50	45650	卖盘
10:51:06	9.13	-0.01	109	99517	卖盘
10:51:00	9.14	--	10	9140	买盘
10:50:57	9.14	0.01	3	2742	买盘
10:50:45	9.13	--	10	9130	卖盘
10:50:36	9.13	-0.01	55	50215	卖盘
10:50:33	9.14	--	3	2742	买盘
10:50:30	9.14	--	3	2742	买盘
10:50:24	9.14	--	2	1828	买盘
10:50:21	9.14	-0.01	257	234898	卖盘
10:50:18	9.15	--	71	64965	买盘
10:50:12	9.15	--	9	8235	买盘
10:50:09	9.15	0.01	113	103395	买盘
10:50:06	9.14	--	60	54840	卖盘
10:50:03	9.14	--	219	200166	卖盘
10:49:57	9.14	--	50	45700	卖盘
10:49:51	9.14	--	17	15538	卖盘
10:49:48	9.14	--	1	914	卖盘
10:49:45	9.14	-0.01	8	7312	卖盘
10:49:42	9.15	0.01	2	1830	买盘
10:49:36	9.14	--	62	56668	卖盘
10:49:33	9.14	--	20	18280	卖盘
10:49:30	9.14	--	65	59410	卖盘
10:49:21	9.14	--	5	4570	卖盘
10:49:18	9.14	--	103	94142	卖盘
10:49:15	9.14	--	23	21022	卖盘
10:49:09	9.14	--	27	24678	卖盘
10:49:06	9.14	--	57	52098	卖盘
10:49:03	9.14	--	668	610552	买盘
10:48:54	9.14	0.01	3	2742	买盘
10:48:48	9.13	-0.01	180	164340	卖盘
10:48:45	9.14	--	49	44786	买盘
10:48:39	9.14	0.01	82	74948	买盘
10:48:36	9.13	-0.01	58	52954	卖盘
10:48:33	9.14	--	501	457914	买盘
10:48:24	9.14	0.01	2	1828	买盘
10:48:21	9.13	-0.01	9	8217	卖盘
10:48:09	9.14	0.01	11	10054	买盘
10:48:06	9.13	--	57	52041	卖盘
10:48:03	9.13	--	42	38346	卖盘
10:48:00	9.13	-0.01	20	18260	卖盘
10:47:57	9.14	--	1	914	买盘
10:47:54	9.14	--	17	15538	买盘
10:47:45	9.14	--	2	1828	买盘
10:47:39	9.14	0.01	10	9140	买盘
10:47:36	9.13	-0.01	69	62997	卖盘
10:47:30	9.14	0.01	3	2742	买盘
10:47:21	9.13	--	22	20086	卖盘
10:47:06	9.13	--	57	52041	卖盘
10:47:03	9.13	--	5	4565	卖盘
10:47:00	9.13	-0.01	59	53867	卖盘
10:46:57	9.14	0.01	3	2742	买盘
10:46:54	9.13	--	12	10956	卖盘
10:46:42	9.13	--	8	7304	卖盘
10:46:36	9.13	-0.01	55	50215	卖盘
10:46:33	9.14	--	3	2742	买盘
10:46:27	9.14	0.01	3	2742	买盘
10:46:21	9.13	--	22	20086	卖盘
10:46:18	9.13	--	5	4565	卖盘
10:46:15	9.13	-0.01	27	24651	卖盘
10:46:09	9.14	0.01	13	11882	买盘
10:46:06	9.13	--	56	51128	卖盘
10:45:48	9.13	-0.01	50	45650	卖盘
10:45:45	9.14	0.01	3	2742	买盘
10:45:36	9.13	--	57	52041	卖盘
10:45:30	9.13	-0.01	1	913	卖盘
10:45:27	9.14	--	15	13710	买盘
10:45:21	9.14	0.01	17	15538	买盘
10:45:18	9.13	--	43	39259	卖盘
10:45:15	9.13	-0.01	285	260205	卖盘
10:45:12	9.14	0.01	9	8226	买盘
10:45:09	9.13	--	62	56606	卖盘
10:45:06	9.13	--	61	55693	卖盘
10:45:00	9.13	--	112	102256	卖盘
10:44:57	9.13	-0.01	7	6391	卖盘
10:44:54	9.14	--	13	11882	买盘
10:44:51	9.14	0.01	50	45700	买盘
10:44:45	9.13	--	1	913	卖盘
10:44:42	9.13	--	7	6391	卖盘
10:44:36	9.13	-0.01	69	62997	卖盘
10:44:33	9.14	--	26	23764	买盘
10:44:27	9.14	-0.01	39	35646	卖盘
10:44:24	9.15	0.01	7	6405	买盘
10:44:21	9.14	0.01	199	181886	买盘
10:44:18	9.13	-0.01	5	4565	卖盘
10:44:12	9.14	--	20	18280	买盘
10:44:09	9.14	--	22	20108	买盘
10:44:06	9.14	0.01	69	63066	买盘
10:44:03	9.13	--	4	3652	卖盘
10:44:00	9.13	-0.01	7	6391	卖盘
10:43:57	9.14	--	20	18280	买盘
10:43:54	9.14	0.01	5	4570	买盘
10:43:45	9.13	-0.01	210	191730	卖盘
10:43:42	9.14	--	53	48442	卖盘
10:43:39	9.14	--	43	39302	卖盘
10:43:36	9.14	--	193	176402	卖盘
10:43:33	9.14	-0.01	216	197424	卖盘
10:43:30	9.15	0.01	89	81435	买盘
10:43:24	9.14	-0.01	50	45700	卖盘
10:43:21	9.15	0.01	10	9150	买盘
10:43:15	9.14	--	45	41130	卖盘
10:43:12	9.14	-0.01	19	17366	卖盘
10:43:09	9.15	--	75	68625	买盘
10:43:06	9.15	--	37	33855	买盘
10:43:00	9.15	--	20	18300	买盘
10:42:54	9.15	--	10	9150	买盘
10:42:51	9.15	0.01	52	47580	买盘
10:42:48	9.14	--	10	9140	卖盘
10:42:45	9.14	--	27	24678	卖盘
10:42:39	9.14	--	140	127960	卖盘
10:42:36	9.14	-0.01	81	74034	卖盘
10:42:33	9.15	--	9	8235	买盘
10:42:27	9.15	--	3	2745	买盘
10:42:18	9.15	--	3	2745	买盘
10:42:15	9.15	--	3	2745	买盘
10:42:12	9.15	0.01	6	5490	买盘
10:42:09	9.14	0.01	68	62152	买盘
10:42:06	9.13	-0.01	56	51128	卖盘
10:42:03	9.14	--	3	2742	买盘
10:42:00	9.14	--	3	2742	买盘
10:41:57	9.14	--	5	4570	买盘
10:41:54	9.14	--	10	9140	买盘
10:41:51	9.14	--	20	18280	买盘
10:41:45	9.14	--	6	5484	买盘
10:41:42	9.14	--	32	29248	买盘
10:41:39	9.14	--	10	9140	买盘
10:41:36	9.14	--	59	53926	买盘
10:41:33	9.14	--	10	9140	买盘
10:41:24	9.14	--	3	2742	买盘
10:41:21	9.14	--	21	19194	买盘
10:41:18	9.14	-0.01	386	352804	卖盘
10:41:12	9.15	--	15	13725	买盘
10:41:09	9.15	0.01	12	10980	买盘
10:41:06	9.14	-0.01	56	51184	卖盘
10:41:03	9.15	--	29	26535	买盘
10:41:00	9.15	0.01	10	9150	买盘
10:40:54	9.14	-0.01	52	47528	卖盘
10:40:51	9.15	--	31	28365	买盘
10:40:48	9.15	--	3	2745	买盘
10:40:45	9.15	0.01	125	114375	买盘
10:40:39	9.14	--	10	9140	卖盘
10:40:36	9.14	--	56	51184	卖盘
10:40:33	9.14	-0.01	1	914	卖盘
10:40:24	9.15	--	3	2745	买盘
10:40:21	9.15	0.01	3	2745	买盘
10:40:18	9.14	--	146	133444	买盘
10:40:12	9.14	--	6	5484	买盘
10:40:09	9.14	--	6	5484	买盘
10:40:06	9.14	--	65	59410	买盘
10:40:00	9.14	0.01	11	10054	买盘
10:39:57	9.13	-0.02	15	13695	卖盘
10:39:54	9.15	0.01	10	9150	买盘
10:39:51	9.14	--	1	914	卖盘
10:39:48	9.14	--	10	9140	买盘
10:39:42	9.14	--	50	45700	买盘
10:39:36	9.14	--	47	42958	卖盘
10:39:33	9.14	--	60	54840	卖盘
10:39:30	9.14	-0.01	35	31990	卖盘
10:39:27	9.15	0.01	3	2745	买盘
10:39:24	9.14	--	26	23764	卖盘
10:39:12	9.14	-0.01	13	11882	卖盘
10:39:09	9.15	0.01	9	8235	买盘
10:39:06	9.14	--	61	55754	卖盘
10:39:03	9.14	--	13	11882	卖盘
10:39:00	9.14	-0.01	8	7312	卖盘
10:38:57	9.15	--	40	36600	买盘
10:38:54	9.15	--	9	8235	买盘
10:38:48	9.15	0.01	2	1830	买盘
10:38:45	9.14	0.01	578	528292	买盘
10:38:42	9.13	--	10	9130	卖盘
10:38:36	9.13	-0.01	56	51128	卖盘
10:38:27	9.14	0.01	12	10968	买盘
10:38:24	9.13	-0.01	13	11869	卖盘
10:38:21	9.14	0.01	3	2742	买盘
10:38:15	9.13	-0.01	6	5478	卖盘
10:38:12	9.14	0.01	3	2742	买盘
10:38:09	9.13	--	26	23738	卖盘
10:38:06	9.13	-0.01	56	51128	卖盘
10:38:03	9.14	0.01	42	38388	买盘
10:38:00	9.13	-0.01	1	913	卖盘
10:37:57	9.14	0.01	3	2742	买盘
10:37:39	9.13	0.01	57	52041	买盘
10:37:36	9.12	-0.02	212	193343	卖盘
10:37:33	9.14	0.01	75	68550	买盘
10:37:30	9.13	0.01	15	13695	买盘
10:37:27	9.12	-0.01	35	31919	卖盘
10:37:24	9.13	--	3	2739	买盘
10:37:21	9.13	--	10	9130	买盘
10:37:18	9.13	--	2	1826	卖盘
10:37:12	9.13	--	225	205425	买盘
10:37:06	9.13	--	64	58432	买盘
10:37:03	9.13	0.01	12	10956	买盘
10:36:54	9.12	-0.01	1	911	卖盘
10:36:51	9.13	--	110	100430	买盘
10:36:48	9.13	--	199	181687	卖盘
10:36:39	9.13	--	12	10956	卖盘
10:36:36	9.13	--	67	61171	卖盘
10:36:30	9.13	--	128	116864	买盘
10:36:27	9.13	--	121	110473	买盘
10:36:24	9.13	--	247	225511	买盘
10:36:21	9.13	--	1	913	买盘
10:36:18	9.13	--	15	13695	买盘
10:36:15	9.13	--	7	6391	买盘
10:36:12	9.13	-0.01	21	19173	卖盘
10:36:09	9.14	--	17	15538	买盘
10:36:06	9.14	0.01	110	100540	买盘
10:36:03	9.13	--	6	5478	买盘
10:36:00	9.13	--	10	9130	买盘
10:35:57	9.13	-0.01	44	40172	卖盘
10:35:51	9.14	--	3	2742	买盘
10:35:48	9.14	0.01	19	17366	买盘
10:35:42	9.13	--	184	167992	卖盘
10:35:39	9.13	--	1	913	卖盘
10:35:36	9.13	--	81	73953	卖盘
10:35:33	9.13	0.01	207	188991	买盘
10:35:30	9.12	-0.01	3	2735	卖盘
10:35:27	9.13	--	6	5478	买盘
10:35:24	9.13	--	3	2739	买盘
10:35:21	9.13	--	3	2739	买盘
10:35:15	9.13	--	2	1826	买盘
10:35:12	9.13	--	11	10043	买盘
10:35:09	9.13	0.01	12	10956	买盘
10:35:06	9.12	-0.01	66	60191	卖盘
10:35:03	9.13	--	10	9130	买盘
10:35:00	9.13	0.01	13	11869	买盘
10:34:54	9.12	-0.01	43	39216	卖盘
10:34:48	9.13	--	2	1826	买盘
10:34:45	9.13	0.01	7	6391	买盘
10:34:42	9.12	-0.01	10	9120	卖盘
10:34:39	9.13	0.01	1	913	买盘
10:34:36	9.12	-0.01	75	68400	卖盘
10:34:30	9.13	--	250	228250	买盘
10:34:24	9.13	0.01	2	1826	买盘
10:34:21	9.12	--	2	1823	卖盘
10:34:18	9.12	--	1	911	卖盘
10:34:15	9.12	-0.01	10	9120	卖盘
10:34:12	9.13	--	51	46563	买盘
10:34:09	9.13	--	66	60258	买盘
10:34:06	9.13	--	76	69388	买盘
10:34:03	9.13	--	3	2739	买盘
10:34:00	9.13	0.01	6	5478	买盘
10:33:57	9.12	--	5	4560	卖盘
10:33:54	9.12	-0.01	40	36480	卖盘
10:33:48	9.13	0.01	3	2739	买盘
10:33:45	9.12	--	5	4560	卖盘
10:33:36	9.12	-0.01	96	87551	卖盘
10:33:33	9.13	0.01	10	9130	买盘
10:33:27	9.12	--	10	9120	卖盘
10:33:24	9.12	--	3	3264	买盘
10:33:21	9.12	-0.01	56	51071	卖盘
10:33:18	9.13	0.01	23	20999	买盘
10:33:09	9.12	--	32	29183	买盘
10:33:06	9.12	--	47	42863	卖盘
10:33:03	9.12	-0.01	85	77520	卖盘
10:33:00	9.13	0.01	149	136037	买盘
10:32:51	9.12	--	3	2735	卖盘
10:32:48	9.12	0.01	57	51983	中性盘
10:32:42	9.11	-0.01	10	9110	卖盘
10:32:39	9.12	--	41	37392	买盘
10:32:36	9.12	--	91	82992	买盘
10:32:33	9.12	--	12	10943	买盘
10:32:27	9.12	0.01	50	45599	中性盘
10:32:24	9.11	--	134	122073	卖盘
10:32:21	9.11	--	95	86545	卖盘
10:32:18	9.11	-0.01	10	9110	卖盘
10:32:15	9.12	--	13	11855	买盘
10:32:12	9.12	0.01	90	82080	买盘
10:32:09	9.11	-0.01	17	15486	卖盘
10:32:06	9.12	--	66	60191	买盘
10:32:03	9.12	--	27	24623	买盘
10:32:00	9.12	0.01	112	102143	买盘
10:31:57	9.11	--	72	65592	卖盘
10:31:54	9.11	-0.01	19	17309	卖盘
10:31:48	9.12	--	63	57455	买盘
10:31:45	9.12	0.01	113	103055	买盘
10:31:42	9.11	-0.01	10	9110	卖盘
10:31:36	9.12	--	58	52895	买盘
10:31:33	9.12	--	628	572772	卖盘
10:31:30	9.12	--	146	133152	卖盘
10:31:24	9.12	--	55	50159	卖盘
10:31:21	9.12	--	131	119471	卖盘
10:31:18	9.12	--	368	335616	卖盘
10:31:15	9.12	--	77	70224	卖盘
10:31:09	9.12	-0.01	51	46511	卖盘
10:31:06	9.13	--	59	53867	买盘
10:31:00	9.13	0.01	20	18260	买盘
10:30:57	9.12	--	20	18240	卖盘
10:30:54	9.12	--	128	116735	卖盘
10:30:51	9.12	-0.01	201	183311	卖盘
10:30:48	9.13	0.01	99	90387	买盘
10:30:45	9.12	--	513	467855	卖盘
10:30:42	9.12	-0.01	586	535307	卖盘
10:30:39	9.13	0.01	15	13695	买盘
10:30:36	9.12	-0.01	75	68400	卖盘
10:30:33	9.13	--	29	26477	买盘
10:30:30	9.13	0.01	10	9130	买盘
10:30:27	9.12	--	73	66576	卖盘
10:30:24	9.12	-0.01	17	15503	卖盘
10:30:21	9.13	--	2	1826	买盘
10:30:18	9.13	--	82	74866	买盘
10:30:12	9.13	--	3	2739	买盘
10:30:09	9.13	--	809	739091	卖盘
10:30:06	9.13	-0.01	117	106821	卖盘
10:30:03	9.14	--	50	45700	买盘
10:30:00	9.14	--	10	9140	买盘
10:29:57	9.14	0.01	9	8226	买盘
10:29:54	9.13	-0.01	90	82170	卖盘
10:29:51	9.14	0.01	3	2742	买盘
10:29:48	9.13	--	4	3652	卖盘
10:29:45	9.13	--	51	46563	卖盘
10:29:36	9.13	-0.01	56	51128	卖盘
10:29:33	9.14	0.01	210	191940	买盘
10:29:30	9.13	-0.01	20	18260	卖盘
10:29:27	9.14	--	7	6398	买盘
10:29:24	9.14	--	3	2742	买盘
10:29:21	9.14	0.01	3	2742	买盘
10:29:18	9.13	-0.01	29	26477	卖盘
10:29:12	9.14	--	3	2742	买盘
10:29:06	9.14	--	72	65808	买盘
10:29:03	9.14	--	10	9140	买盘
10:29:00	9.14	--	3	2742	买盘
10:28:54	9.14	--	129	117906	卖盘
10:28:48	9.14	0.01	12	10968	买盘
10:28:45	9.13	--	425	388025	卖盘
10:28:42	9.13	-0.01	8	7304	卖盘
10:28:36	9.14	-0.01	27	24678	卖盘
10:28:27	9.15	0.02	199	182085	买盘
10:28:24	9.13	--	9	8217	卖盘
10:28:21	9.13	--	88	80344	卖盘
10:28:12	9.13	--	35	31955	卖盘
10:28:09	9.13	-0.01	72	65736	卖盘
10:28:06	9.14	0.01	95	86830	买盘
10:27:57	9.13	--	30	27390	卖盘
10:27:54	9.13	-0.01	28	25564	卖盘
10:27:51	9.14	--	10	9140	买盘
10:27:48	9.14	--	4	3656	买盘
10:27:45	9.14	0.01	9	8226	买盘
10:27:42	9.13	-0.01	72	65736	卖盘
10:27:39	9.14	0.01	1	914	买盘
10:27:36	9.13	-0.01	87	79431	卖盘
10:27:27	9.14	--	11	10054	买盘
10:27:24	9.14	--	3	2742	买盘
10:27:18	9.14	--	7	6398	买盘
10:27:15	9.14	0.01	4	3656	买盘
10:27:09	9.13	-0.01	20	18260	卖盘
10:27:06	9.14	-0.01	7	6398	卖盘
10:27:00	9.15	0.01	23	21045	买盘
10:26:57	9.14	-0.01	15	13710	卖盘
10:26:54	9.15	--	3	2745	买盘
10:26:51	9.15	0.01	16	14640	买盘
10:26:48	9.14	--	46	42044	卖盘
10:26:45	9.14	--	2	1828	卖盘
10:26:39	9.14	-0.01	7	6398	卖盘
10:26:36	9.15	--	59	53985	买盘
10:26:30	9.15	0.01	18	16470	买盘
10:26:24	9.14	-0.01	21	19194	卖盘
10:26:12	9.15	--	5	4575	买盘
10:26:06	9.15	--	57	52155	买盘
10:26:00	9.15	--	10	9150	买盘
10:25:51	9.15	0.01	3	2745	买盘
10:25:48	9.14	--	26	23764	买盘
10:25:45	9.14	--	12	10968	买盘
10:25:39	9.14	0.01	4	3656	买盘
10:25:36	9.13	-0.01	56	51128	卖盘
10:25:33	9.14	0.01	25	22850	买盘
10:25:27	9.13	-0.02	4	3652	卖盘
10:25:24	9.15	--	3	2745	买盘
10:25:18	9.15	0.02	2	1830	买盘
10:25:15	9.13	--	84	76692	卖盘
10:25:12	9.13	-0.01	16	14608	卖盘
10:25:06	9.14	--	77	70378	买盘
10:25:03	9.14	0.01	122	111508	买盘
10:24:54	9.13	-0.01	53	48389	卖盘
10:24:51	9.14	--	26	23764	买盘
10:24:48	9.14	--	16	14624	买盘
10:24:45	9.14	0.01	1	914	买盘
10:24:36	9.13	-0.01	56	51128	卖盘
10:24:33	9.14	0.01	11	10054	买盘
10:24:27	9.13	-0.01	7	6391	卖盘
10:24:24	9.14	--	3	2742	买盘
10:24:21	9.14	--	2	1828	买盘
10:24:18	9.14	--	37	33818	买盘
10:24:15	9.14	-0.01	93	85002	卖盘
10:24:09	9.15	0.01	40	36600	买盘
10:24:06	9.14	-0.01	159	145326	卖盘
10:24:00	9.15	--	10	9150	买盘
10:23:57	9.15	--	16	14640	卖盘
10:23:54	9.15	0.01	21	19215	买盘
10:23:51	9.14	-0.01	100	91400	卖盘
10:23:48	9.15	--	9	8235	买盘
10:23:42	9.15	0.01	3	2745	买盘
10:23:36	9.14	-0.01	58	53012	卖盘
10:23:33	9.15	--	53	48495	买盘
10:23:27	9.15	-0.01	19	17385	卖盘
10:23:24	9.16	0.01	20	18320	买盘
10:23:21	9.15	-0.01	23	21045	买盘
10:23:18	9.16	--	3	2748	买盘
10:23:15	9.16	--	109	100411	买盘
10:23:12	9.16	0.01	3	2748	买盘
10:23:09	9.15	--	38	34770	卖盘
10:23:06	9.15	--	59	53985	卖盘
10:22:57	9.15	-0.01	35	32025	卖盘
10:22:54	9.16	--	3	2748	买盘
10:22:51	9.16	--	3	2748	买盘
10:22:48	9.16	0.01	46	42136	买盘
10:22:45	9.15	--	6	5490	卖盘
10:22:42	9.15	--	43	39345	卖盘
10:22:39	9.15	--	77	70455	卖盘
10:22:36	9.15	-0.01	106	96990	卖盘
10:22:33	9.16	--	223	204268	买盘
10:22:30	9.16	0.01	28	25648	买盘
10:22:27	9.15	--	47	43005	卖盘
10:22:21	9.15	-0.01	9	8235	卖盘
10:22:18	9.16	--	90	82440	买盘
10:22:15	9.16	0.01	18	16488	买盘
10:22:12	9.15	--	24	21960	卖盘
10:22:09	9.15	--	32	29280	卖盘
10:22:06	9.15	-0.01	278	254370	卖盘
10:22:03	9.16	--	2	1832	买盘
10:22:00	9.16	0.01	2	1832	买盘
10:21:57	9.15	-0.01	57	52155	卖盘
10:21:54	9.16	0.01	23	21068	买盘
10:21:51	9.15	--	2	1830	卖盘
10:21:48	9.15	--	69	63135	卖盘
10:21:42	9.15	--	51	46665	卖盘
10:21:39	9.15	-0.01	51	46665	卖盘
10:21:36	9.16	--	60	54960	买盘
10:21:33	9.16	0.01	5	4580	买盘
10:21:27	9.15	--	61	55815	卖盘
10:21:24	9.15	--	10	9150	卖盘
10:21:18	9.15	-0.01	33	30195	卖盘
10:21:12	9.16	--	340	311440	买盘
10:21:09	9.16	--	86	78776	买盘
10:21:06	9.16	--	97	88852	买盘
10:21:03	9.16	--	100	91600	买盘
10:21:00	9.16	0.01	4	3664	买盘
10:20:57	9.15	--	79	72285	卖盘
10:20:54	9.15	-0.01	5	4575	卖盘
10:20:51	9.16	0.01	22	20152	买盘
10:20:48	9.15	--	77	70455	卖盘
10:20:45	9.15	--	1	915	卖盘
10:20:39	9.15	--	47	43005	卖盘
10:20:36	9.15	-0.01	87	79605	卖盘
10:20:30	9.16	0.01	8	7328	买盘
10:20:27	9.15	-0.01	93	85095	卖盘
10:20:24	9.16	-0.01	460	422266	卖盘
10:20:21	9.17	0.01	100	91700	买盘
10:20:18	9.16	-0.01	64	58624	卖盘
10:20:15	9.17	--	75	68775	买盘
10:20:12	9.17	--	20	18340	买盘
10:20:09	9.17	--	302	276934	买盘
10:20:06	9.17	0.01	65	59605	买盘
10:20:03	9.16	--	7	6412	卖盘
10:20:00	9.16	--	11	10076	卖盘
10:19:57	9.16	--	45	41220	卖盘
10:19:54	9.16	--	19	17404	卖盘
10:19:51	9.16	0.01	2136	1956585	买盘
10:19:45	9.15	--	1517	1388402	买盘
10:19:39	9.15	0.01	20	18300	买盘
10:19:36	9.14	--	50	45700	卖盘
10:19:33	9.14	-0.01	17	15538	卖盘
10:19:27	9.15	--	3	2745	买盘
10:19:24	9.15	--	1	915	买盘
10:19:15	9.15	0.01	99	90585	买盘
10:19:12	9.14	--	7	6398	卖盘
10:19:06	9.14	-0.01	56	51184	卖盘
10:19:03	9.15	0.01	11	10065	买盘
10:19:00	9.14	--	130	118820	买盘
10:18:57	9.14	0.01	9	8226	买盘
10:18:48	9.13	--	8	7304	卖盘
10:18:45	9.13	-0.01	17	15521	卖盘
10:18:42	9.14	--	9	8226	买盘
10:18:39	9.14	0.01	10	9140	买盘
10:18:36	9.13	-0.01	55	50215	卖盘
10:18:33	9.14	--	23	21022	买盘
10:18:27	9.14	0.01	3	2742	买盘
10:18:15	9.13	-0.01	5	4565	卖盘
10:18:12	9.14	--	3	2742	买盘
10:18:09	9.14	--	3	2742	买盘
10:18:06	9.14	0.01	77	70816	买盘
10:18:03	9.13	--	188	171644	买盘
10:18:00	9.13	--	2	1826	买盘
10:17:57	9.13	--	15	13695	买盘
10:17:48	9.13	0.01	10	9130	买盘
10:17:45	9.12	-0.01	13	11855	卖盘
10:17:42	9.13	--	9	8217	买盘
10:17:39	9.13	--	5	4565	买盘
10:17:36	9.13	--	68	62084	买盘
10:17:33	9.13	--	32	29216	买盘
10:17:30	9.13	--	8	7304	买盘
10:17:27	9.13	-0.01	110	100904	卖盘
10:17:21	9.14	0.01	202	184628	买盘
10:17:18	9.13	--	1	913	卖盘
10:17:15	9.13	-0.01	226	206338	卖盘
10:17:12	9.14	--	6	5484	买盘
10:17:09	9.14	0.01	93	85550	买盘
10:17:06	9.13	--	57	52041	卖盘
10:17:03	9.13	--	37	33781	卖盘
10:17:00	9.13	-0.01	4	3652	卖盘
10:16:57	9.14	--	3	2742	买盘
10:16:54	9.14	0.01	22	20108	买盘
10:16:51	9.13	--	115	104995	卖盘
10:16:48	9.13	-0.01	50	45650	卖盘
10:16:45	9.14	0.01	62	56668	买盘
10:16:42	9.13	-0.01	190	173470	卖盘
10:16:39	9.14	--	47	42958	卖盘
10:16:36	9.14	--	55	50270	卖盘
10:16:30	9.14	-0.01	75	68550	卖盘
10:16:24	9.15	0.01	3	2745	买盘
10:16:21	9.14	--	55	50270	买盘
10:16:15	9.14	0.01	5	4570	买盘
10:16:06	9.13	-0.01	57	52041	卖盘
10:16:03	9.14	0.01	163	148982	买盘
10:15:57	9.13	--	6	5478	卖盘
10:15:51	9.13	--	23	20999	卖盘
10:15:48	9.13	--	3	2739	卖盘
10:15:39	9.13	--	31	28303	卖盘
10:15:36	9.13	--	115	104995	卖盘
10:15:30	9.13	--	27	24651	卖盘
10:15:27	9.13	-0.01	50	45650	卖盘
10:15:24	9.14	0.01	1	914	买盘
10:15:21	9.13	-0.01	5	4565	卖盘
10:15:15	9.14	0.01	10	9140	买盘
10:15:12	9.13	-0.01	1	913	卖盘
10:15:09	9.14	0.01	3	2742	买盘
10:15:06	9.13	-0.01	57	52041	卖盘
10:15:03	9.14	0.01	102	93228	买盘
10:14:57	9.13	-0.01	106	96778	卖盘
10:14:54	9.14	0.01	1	914	买盘
10:14:48	9.13	-0.01	1	913	卖盘
10:14:45	9.14	0.01	19	17366	买盘
10:14:42	9.13	--	100	91300	卖盘
10:14:39	9.13	-0.01	9	8217	卖盘
10:14:36	9.14	--	72	65808	买盘
10:14:33	9.14	0.01	174	159036	买盘
10:14:30	9.13	-0.01	7	6391	卖盘
10:14:27	9.14	--	5	4570	买盘
10:14:24	9.14	--	10	9140	买盘
10:14:18	9.14	--	3	2742	买盘
10:14:12	9.14	--	935	854590	卖盘
10:14:09	9.14	--	10	9140	卖盘
10:14:06	9.14	--	67	61238	卖盘
10:14:03	9.14	-0.01	293	267802	卖盘
10:13:51	9.15	--	55	50325	买盘
10:13:48	9.15	--	13	11895	买盘
10:13:42	9.15	0.01	11	10065	买盘
10:13:39	9.14	-0.01	30	27420	卖盘
10:13:36	9.15	--	59	53985	买盘
10:13:33	9.15	--	6	5490	买盘
10:13:30	9.15	0.01	14	12810	买盘
10:13:27	9.14	-0.01	5	4570	卖盘
10:13:24	9.15	--	6	5490	买盘
10:13:21	9.15	--	2	1830	买盘
10:13:18	9.15	0.01	3	2745	买盘
10:13:15	9.14	--	9	8226	卖盘
10:13:12	9.14	--	10	9140	卖盘
10:13:09	9.14	0.01	20	18280	卖盘
10:13:06	9.13	--	100	91318	卖盘
10:13:00	9.13	-0.01	10	9130	卖盘
10:12:57	9.14	0.01	17	15538	买盘
10:12:54	9.13	-0.01	70	63910	卖盘
10:12:51	9.14	--	24	21936	买盘
10:12:48	9.14	--	38	34732	买盘
10:12:39	9.14	--	100	91400	买盘
10:12:36	9.14	--	110	100540	买盘
10:12:33	9.14	0.01	9	8226	买盘
10:12:27	9.13	--	1	913	卖盘
10:12:21	9.13	-0.01	59	53867	卖盘
10:12:18	9.14	--	24	22831	卖盘
10:12:15	9.14	-0.01	65	59410	卖盘
10:12:12	9.15	0.01	54	49410	买盘
10:12:09	9.14	--	88	80432	卖盘
10:12:06	9.14	--	66	60324	卖盘
10:12:03	9.14	-0.01	5	4588	卖盘
10:12:00	9.15	--	200	183000	买盘
10:11:57	9.15	0.01	2	1830	买盘
10:11:51	9.14	--	10	9140	卖盘
10:11:48	9.14	--	7	6398	买盘
10:11:45	9.14	--	113	103282	买盘
10:11:42	9.14	--	11	10054	买盘
10:11:39	9.14	--	1	914	买盘
10:11:36	9.14	0.01	197	180058	买盘
10:11:33	9.13	-0.01	30	27390	卖盘
10:11:30	9.14	--	37	33818	买盘
10:11:27	9.14	--	5	4570	买盘
10:11:24	9.14	--	14	12796	买盘
10:11:18	9.14	0.01	15	13710	买盘
10:11:12	9.13	--	69	62997	卖盘
10:11:06	9.13	--	307	280291	卖盘
10:11:03	9.13	--	35	31955	卖盘
10:11:00	9.13	--	10	9851	卖盘
10:10:57	9.13	0.01	444	405435	买盘
10:10:54	9.12	0.01	323	294576	买盘
10:10:51	9.11	--	32	29152	卖盘
10:10:48	9.11	-0.01	23	20953	卖盘
10:10:45	9.12	--	231	210671	买盘
10:10:42	9.12	0.01	125	113999	买盘
10:10:39	9.11	-0.01	72	65592	卖盘
10:10:36	9.12	0.01	186	169632	买盘
10:10:33	9.11	-0.01	240	218640	卖盘
10:10:30	9.12	0.01	34	31007	卖盘
10:10:27	9.11	--	38	34618	卖盘
10:10:24	9.11	-0.01	141	128450	卖盘
10:10:21	9.12	--	138	125855	买盘
10:10:18	9.12	--	453	413135	买盘
10:10:15	9.12	--	51	46511	买盘
10:10:12	9.12	0.01	6	5471	中性盘
10:10:06	9.11	-0.01	1005	915555	卖盘
10:10:03	9.12	--	57	52832	卖盘
10:10:00	9.12	--	75	68400	卖盘
10:09:57	9.12	--	31	28271	卖盘
10:09:54	9.12	--	16	14591	卖盘
10:09:51	9.12	-0.01	10	9120	卖盘
10:09:48	9.13	0.01	96	87648	中性盘
10:09:45	9.12	--	34	31007	卖盘
10:09:42	9.12	-0.01	113	103055	卖盘
10:09:39	9.13	0.01	152	138776	买盘
10:09:36	9.12	--	71	64751	卖盘
10:09:33	9.12	--	143	130415	卖盘
10:09:30	9.12	--	10	9120	卖盘
10:09:27	9.12	--	574	523487	卖盘
10:09:24	9.12	-0.01	530	483359	卖盘
10:09:21	9.13	0.01	62	56606	中性盘
10:09:15	9.12	-0.01	188	171455	卖盘
10:09:12	9.13	--	96	87648	卖盘
10:09:09	9.13	-0.01	144	131472	卖盘
10:09:06	9.14	--	220	201080	卖盘
10:09:03	9.14	--	245	223930	卖盘
10:08:57	9.14	--	38	34732	卖盘
10:08:54	9.14	--	80	73120	卖盘
10:08:51	9.14	--	88	80432	卖盘
10:08:48	9.14	--	185	169090	卖盘
10:08:45	9.14	--	55	50270	卖盘
10:08:42	9.14	0.01	602	550228	买盘
10:08:39	9.13	0.01	342	312309	买盘
10:08:36	9.12	--	16	14591	卖盘
10:08:33	9.12	--	94	85727	卖盘
10:08:27	9.12	-0.01	21	19152	卖盘
10:08:24	9.13	--	2	1826	卖盘
10:08:21	9.13	0.01	1	913	卖盘
10:08:18	9.12	-0.01	93	84816	卖盘
10:08:15	9.13	0.01	56	51128	买盘
10:08:12	9.12	--	87	79344	卖盘
10:08:09	9.12	-0.01	491	447791	卖盘
10:08:06	9.13	0.01	6	5478	买盘
10:08:03	9.12	--	595	542640	卖盘
10:08:00	9.12	--	18	16416	卖盘
10:07:57	9.12	--	30	27359	卖盘
10:07:54	9.12	--	6	5471	卖盘
10:07:51	9.12	--	8	7295	卖盘
10:07:48	9.12	--	169	154128	卖盘
10:07:45	9.12	--	1355	1235760	卖盘
10:07:42	9.12	-0.01	1	911	卖盘
10:07:36	9.13	0.01	301	274813	买盘
10:07:33	9.12	-0.01	30	27359	卖盘
10:07:27	9.13	0.01	76	69388	买盘
10:07:24	9.12	-0.01	213	194255	卖盘
10:07:21	9.13	--	13	11869	买盘
10:07:18	9.13	--	20	18260	买盘
10:07:15	9.13	--	10	9130	买盘
10:07:12	9.13	--	1262	1152206	卖盘
10:07:06	9.13	--	105	95865	卖盘
10:07:03	9.13	-0.01	30	27390	卖盘
10:07:00	9.14	--	3	2742	买盘
10:06:57	9.14	--	10	9140	买盘
10:06:54	9.14	0.01	51	46614	中性盘
10:06:48	9.13	-0.02	21	19173	卖盘
10:06:45	9.15	0.01	610	558717	买盘
10:06:42	9.14	0.01	472	431755	买盘
10:06:39	9.13	--	6	5478	卖盘
10:06:36	9.13	--	19	17347	卖盘
10:06:33	9.13	-0.01	55	50215	卖盘
10:06:30	9.14	--	5	4570	买盘
10:06:27	9.14	0.01	100	91400	买盘
10:06:24	9.13	-0.01	10	9130	卖盘
10:06:21	9.14	0.01	4	3656	买盘
10:06:18	9.13	-0.01	11	10043	卖盘
10:06:15	9.14	--	15	13710	买盘
10:06:12	9.14	--	7	6398	买盘
10:06:09	9.14	0.01	50	45700	买盘
10:06:06	9.13	--	151	137863	卖盘
10:06:03	9.13	--	37	33781	卖盘
10:06:00	9.13	--	20	18260	卖盘
10:05:54	9.13	--	105	95865	卖盘
10:05:51	9.13	-0.01	11	10043	卖盘
10:05:48	9.14	0.01	152	138928	买盘
10:05:42	9.13	--	47	42911	卖盘
10:05:39	9.13	-0.01	11	10043	卖盘
10:05:36	9.14	--	50	45700	买盘
10:05:33	9.14	--	70	63980	买盘
10:05:30	9.14	--	8	7312	买盘
10:05:24	9.14	--	594	543482	卖盘
10:05:21	9.14	-0.01	165	150810	卖盘
10:05:18	9.15	--	20	18300	买盘
10:05:15	9.15	0.01	39	35685	买盘
10:05:12	9.14	--	8	7312	卖盘
10:05:09	9.14	-0.01	81	74034	卖盘
10:05:06	9.15	0.01	10	9150	买盘
10:05:03	9.14	-0.01	110	100540	卖盘
10:04:57	9.15	--	7	6405	买盘
10:04:54	9.15	--	8	7320	买盘
10:04:51	9.15	--	20	18300	买盘
10:04:48	9.15	--	1	915	买盘
10:04:45	9.15	0.01	20	18300	买盘
10:04:42	9.14	-0.01	9	8226	卖盘
10:04:39	9.15	--	29	26535	买盘
10:04:36	9.15	--	10	9150	买盘
10:04:33	9.15	-0.01	482	441030	卖盘
10:04:30	9.16	--	17	15572	买盘
10:04:27	9.16	0.01	32	29312	买盘
10:04:24	9.15	--	200	183000	卖盘
10:04:21	9.15	-0.01	21	19215	卖盘
10:04:18	9.16	--	301	275716	买盘
10:04:15	9.16	--	53	48548	买盘
10:04:09	9.16	0.01	17	15572	买盘
10:04:06	9.15	-0.01	42	38430	卖盘
10:04:03	9.16	--	49	44884	买盘
10:04:00	9.16	--	1	916	买盘
10:03:57	9.16	--	85	77860	中性盘
10:03:54	9.16	--	8	7328	买盘
10:03:51	9.16	0.01	2	1832	买盘
10:03:48	9.15	-0.01	60	54900	卖盘
10:03:45	9.16	--	80	73280	买盘
10:03:42	9.16	0.01	42	38472	买盘
10:03:36	9.15	--	40	36600	卖盘
10:03:33	9.15	-0.01	130	118950	卖盘
10:03:30	9.16	--	60	54960	买盘
10:03:27	9.16	--	733	671428	买盘
10:03:24	9.16	--	31	28396	买盘
10:03:18	9.16	0.01	9	8244	买盘
10:03:15	9.15	-0.01	39	35685	卖盘
10:03:12	9.16	0.01	3	2748	买盘
10:03:09	9.15	--	11	10065	卖盘
10:03:06	9.15	--	71	64965	卖盘
10:03:03	9.15	0.01	31	28365	卖盘
10:03:00	9.14	--	28	25592	卖盘
10:02:57	9.14	-0.02	36	32904	卖盘
10:02:54	9.16	0.02	413	378308	买盘
10:02:48	9.14	-0.01	13	11882	卖盘
10:02:45	9.15	0.01	9	8235	买盘
10:02:42	9.14	--	11	10054	卖盘
10:02:33	9.14	-0.01	40	36560	卖盘
10:02:30	9.15	--	11	10065	买盘
10:02:27	9.15	--	38	34770	买盘
10:02:24	9.15	--	7	6405	买盘
10:02:18	9.15	0.01	9	8235	买盘
10:02:12	9.14	--	12	10968	卖盘
10:02:06	9.14	--	25	22850	卖盘
10:02:03	9.14	-0.01	13	11882	卖盘
10:02:00	9.15	--	15	13725	卖盘
10:01:57	9.15	--	4	3660	买盘
10:01:54	9.15	--	37	33855	买盘
10:01:51	9.15	0.01	18	16470	买盘
10:01:45	9.14	--	49	44786	卖盘
10:01:42	9.14	-0.01	24	21936	卖盘
10:01:39	9.15	0.01	54	49410	买盘
10:01:36	9.14	--	22	20108	卖盘
10:01:33	9.14	--	47	42958	卖盘
10:01:30	9.14	-0.01	3	2742	卖盘
10:01:27	9.15	--	9	8235	买盘
10:01:24	9.15	0.01	1	915	买盘
10:01:21	9.14	-0.01	1	914	卖盘
10:01:18	9.15	--	3	2745	买盘
10:01:15	9.15	0.01	24	22307	买盘
10:01:12	9.14	0.01	100	91400	买盘
10:01:09	9.13	-0.01	38	34694	卖盘
10:01:06	9.14	0.01	46	42044	买盘
10:01:03	9.13	-0.01	31	28303	卖盘
10:00:57	9.14	--	111	101454	买盘
10:00:54	9.14	--	4	3656	买盘
10:00:51	9.14	--	28	25592	买盘
10:00:48	9.14	--	51	46614	买盘
10:00:45	9.14	0.01	10	9140	买盘
10:00:42	9.13	-0.01	15	13695	卖盘
10:00:39	9.14	--	45	41130	买盘
10:00:36	9.14	--	22	20108	买盘
10:00:33	9.14	--	326	298530	卖盘
10:00:30	9.14	-0.02	12	10968	卖盘
10:00:27	9.16	--	22	20152	买盘
10:00:24	9.16	0.02	3	2748	买盘
10:00:18	9.14	-0.02	0	18	卖盘
10:00:15	9.16	0.02	20	18320	买盘
10:00:12	9.14	0.01	85	78019	买盘
10:00:09	9.13	-0.01	11	10043	卖盘
10:00:06	9.14	0.01	110	100540	买盘
10:00:03	9.13	-0.01	96	87648	卖盘
10:00:00	9.14	--	45	41130	买盘
09:59:57	9.14	--	5	4570	买盘
09:59:54	9.14	--	20	18280	买盘
09:59:51	9.14	--	163	148982	买盘
09:59:48	9.14	-0.01	1164	1064480	卖盘
09:59:45	9.15	0.01	37	33855	买盘
09:59:42	9.14	-0.01	303	276942	卖盘
09:59:39	9.15	0.01	37	33855	中性盘
09:59:30	9.14	--	233	212962	卖盘
09:59:27	9.14	--	27	24678	卖盘
09:59:24	9.14	-0.01	20	18280	卖盘
09:59:21	9.15	--	33	30195	买盘
09:59:18	9.15	--	295	269925	买盘
09:59:15	9.15	0.01	9	8235	买盘
09:59:12	9.14	--	39	35646	卖盘
09:59:06	9.14	--	18	16452	卖盘
09:59:03	9.14	--	65	59410	卖盘
09:59:00	9.14	-0.01	150	137100	卖盘
09:58:57	9.15	--	39	35685	买盘
09:58:54	9.15	--	20	18300	买盘
09:58:51	9.15	--	10	9150	买盘
09:58:48	9.15	-0.02	680	622200	卖盘
09:58:45	9.17	0.01	5	4585	买盘
09:58:39	9.16	--	5	4580	卖盘
09:58:33	9.16	--	89	81524	买盘
09:58:30	9.16	--	4	3664	买盘
09:58:27	9.16	0.01	19	17404	买盘
09:58:24	9.15	-0.01	12	10980	卖盘
09:58:18	9.16	0.01	40	36640	买盘
09:58:15	9.15	-0.01	5	4575	卖盘
09:58:12	9.16	0.01	52	47632	买盘
09:58:09	9.15	--	8	7320	卖盘
09:58:03	9.15	--	56	51240	卖盘
09:57:57	9.15	-0.01	19	17385	卖盘
09:57:54	9.16	--	6	5496	买盘
09:57:51	9.16	0.01	53	48548	中性盘
09:57:45	9.15	--	4	3660	卖盘
09:57:42	9.15	--	5	4575	卖盘
09:57:39	9.15	-0.01	1032	944280	卖盘
09:57:36	9.16	0.01	73	66868	买盘
09:57:33	9.15	-0.01	34	31110	卖盘
09:57:30	9.16	0.01	25	22900	买盘
09:57:27	9.15	--	23	21045	卖盘
09:57:24	9.15	-0.01	151	138165	卖盘
09:57:21	9.16	0.01	5	4580	买盘
09:57:18	9.15	--	1	915	卖盘
09:57:15	9.15	--	1	915	卖盘
09:57:12	9.15	-0.01	2	1830	卖盘
09:57:09	9.16	--	60	54960	买盘
09:57:06	9.16	--	83	76028	买盘
09:57:03	9.16	-0.01	609	557844	卖盘
09:57:00	9.17	--	3	2751	买盘
09:56:57	9.17	--	39	35763	买盘
09:56:54	9.17	0.01	54	49518	买盘
09:56:51	9.16	-0.01	75	68700	卖盘
09:56:48	9.17	--	9	8253	买盘
09:56:45	9.17	--	15	13755	买盘
09:56:42	9.17	0.01	11	10087	买盘
09:56:39	9.16	-0.01	28	25648	卖盘
09:56:36	9.17	0.01	11	10087	买盘
09:56:33	9.16	-0.01	30	27480	卖盘
09:56:30	9.17	-0.01	430	394310	卖盘
09:56:27	9.18	--	66	60588	卖盘
09:56:21	9.18	--	1	918	卖盘
09:56:15	9.18	--	15	13770	卖盘
09:56:12	9.18	--	4	3672	卖盘
09:56:09	9.18	--	19	17442	买盘
09:56:06	9.18	0.01	106	97308	买盘
09:56:03	9.17	-0.01	33	30261	卖盘
09:56:00	9.18	--	6	5508	买盘
09:55:57	9.18	0.01	10	9180	买盘
09:55:54	9.17	--	65	59605	买盘
09:55:51	9.17	-0.01	7	6419	卖盘
09:55:48	9.18	0.01	33	30294	买盘
09:55:45	9.17	0.01	16	14672	买盘
09:55:36	9.16	-0.02	8	7328	卖盘
09:55:33	9.18	0.01	658	604044	买盘
09:55:30	9.17	-0.01	36	33012	卖盘
09:55:27	9.18	--	52	47736	买盘
09:55:24	9.18	0.01	21	19278	买盘
09:55:21	9.17	-0.01	30	27510	卖盘
09:55:18	9.18	0.01	6	5508	买盘
09:55:15	9.17	-0.01	14	12838	卖盘
09:55:09	9.18	--	50	45900	卖盘
09:55:06	9.18	--	107	98226	卖盘
09:55:03	9.18	-0.01	38	34884	卖盘
09:55:00	9.19	0.01	15	13785	买盘
09:54:57	9.18	--	1	918	卖盘
09:54:54	9.18	-0.01	44	40392	卖盘
09:54:51	9.19	0.01	2	1838	买盘
09:54:48	9.18	--	14	12852	卖盘
09:54:45	9.18	-0.01	1	918	卖盘
09:54:39	9.19	0.01	9	8271	买盘
09:54:36	9.18	--	110	100980	买盘
09:54:33	9.18	--	34	31212	买盘
09:54:30	9.18	-0.01	188	172584	卖盘
09:54:27	9.19	--	27	24813	买盘
09:54:24	9.19	--	16	14704	买盘
09:54:21	9.19	--	3	2757	买盘
09:54:18	9.19	--	26	23894	买盘
09:54:15	9.19	--	6	5514	中性盘
09:54:09	9.19	--	18	16542	卖盘
09:54:06	9.19	--	53	48707	买盘
09:54:03	9.19	--	9	8271	卖盘
09:54:00	9.19	--	13	11947	卖盘
09:53:57	9.19	0.01	26	23894	卖盘
09:53:54	9.18	0.01	3	2754	中性盘
09:53:51	9.17	-0.01	171	156807	卖盘
09:53:48	9.18	--	124	113832	买盘
09:53:45	9.18	-0.01	254	233172	卖盘
09:53:42	9.19	--	2	1838	买盘
09:53:39	9.19	--	104	95576	买盘
09:53:36	9.19	--	234	215046	买盘
09:53:33	9.19	0.01	33	30327	买盘
09:53:30	9.18	--	41	37638	卖盘
09:53:27	9.18	-0.01	125	114750	卖盘
09:53:24	9.19	--	20	18380	买盘
09:53:21	9.19	--	56	51464	卖盘
09:53:18	9.19	--	33	30327	卖盘
09:53:15	9.19	--	9	8271	卖盘
09:53:12	9.19	--	5	4595	卖盘
09:53:09	9.19	--	12	11028	买盘
09:53:06	9.19	0.01	7	6433	买盘
09:53:03	9.18	-0.01	40	36720	卖盘
09:53:00	9.19	--	104	95576	卖盘
09:52:57	9.19	-0.01	7	6433	卖盘
09:52:54	9.2	-0.01	95	87400	中性盘
09:52:48	9.21	0.03	16	14736	中性盘
09:52:42	9.18	-0.03	1001	918918	卖盘
09:52:36	9.21	--	27	24867	卖盘
09:52:33	9.21	--	56	51576	卖盘
09:52:30	9.21	--	31	28551	卖盘
09:52:27	9.21	-0.01	18	16578	卖盘
09:52:24	9.22	--	50	46100	买盘
09:52:21	9.22	--	62	57164	买盘
09:52:18	9.22	--	63	58722	买盘
09:52:15	9.22	0.02	24	22128	买盘
09:52:12	9.2	-0.02	5	4600	卖盘
09:52:09	9.22	0.02	202	186244	买盘
09:52:06	9.2	--	30	27599	卖盘
09:52:03	9.2	-0.02	36	33120	卖盘
09:52:00	9.22	--	45	41490	买盘
09:51:57	9.22	0.02	1500	1383000	买盘
09:51:54	9.2	--	41	37720	卖盘
09:51:51	9.2	0.01	2773	2551160	买盘
09:51:48	9.19	-0.01	87	79953	卖盘
09:51:45	9.2	--	214	196879	买盘
09:51:42	9.2	-0.01	45	41400	买盘
09:51:36	9.21	0.01	161	148281	买盘
09:51:33	9.2	-0.01	85	78200	卖盘
09:51:30	9.21	--	10	9210	买盘
09:51:27	9.21	--	78	71838	买盘
09:51:24	9.21	-0.01	712	656461	卖盘
09:51:21	9.22	--	23	21206	买盘
09:51:18	9.22	--	69	63618	买盘
09:51:15	9.22	--	6	5532	买盘
09:51:12	9.22	--	127	117094	买盘
09:51:09	9.22	0.01	6	5532	买盘
09:51:06	9.21	0.01	1013	933184	买盘
09:51:03	9.2	--	50	46000	卖盘
09:51:00	9.2	-0.01	250	229999	卖盘
09:50:57	9.21	0.01	67	61707	买盘
09:50:54	9.2	--	543	499927	买盘
09:50:51	9.2	0.01	354	325680	买盘
09:50:48	9.19	-0.01	38	34922	卖盘
09:50:45	9.2	0.01	13	11959	买盘
09:50:39	9.19	--	32	29408	卖盘
09:50:33	9.19	--	143	131417	买盘
09:50:30	9.19	--	76	69844	买盘
09:50:27	9.19	--	7	6433	买盘
09:50:24	9.19	--	20	18380	买盘
09:50:21	9.19	0.01	148	136012	买盘
09:50:18	9.18	--	25	22950	卖盘
09:50:15	9.18	-0.01	179	164322	卖盘
09:50:12	9.19	--	44	40436	买盘
09:50:09	9.19	--	550	505450	买盘
09:50:06	9.19	--	68	62492	买盘
09:50:03	9.19	-0.01	170	156230	卖盘
09:50:00	9.2	0.01	79	72680	买盘
09:49:57	9.19	-0.01	20	18380	卖盘
09:49:54	9.2	--	90	82800	买盘
09:49:51	9.2	0.01	23	21160	买盘
09:49:48	9.19	--	24	22056	卖盘
09:49:45	9.19	-0.01	15	13785	卖盘
09:49:42	9.2	--	119	109479	买盘
09:49:39	9.2	0.01	179	164680	买盘
09:49:36	9.19	0.01	54	49626	买盘
09:49:33	9.18	-0.01	30	27540	卖盘
09:49:30	9.19	-0.01	161	147959	卖盘
09:49:27	9.2	--	6	5520	买盘
09:49:24	9.2	0.01	4	3679	买盘
09:49:21	9.19	--	116	106604	卖盘
09:49:15	9.19	--	169	155311	买盘
