成交时间	成交价	价格变动	成交量(手)	成交额(元)	性质
15:00:03	14.99	--	445	667055	买盘
14:57:00	14.99	0.01	97	145403	买盘
14:56:54	14.98	--	1	1498	买盘
14:56:45	14.98	-0.01	6	8988	中性盘
14:56:30	14.99	0.01	10	14990	买盘
14:56:27	14.98	--	19	28462	卖盘
14:56:21	14.98	-0.01	26	38948	卖盘
14:56:12	14.99	0.01	1	1499	买盘
14:56:09	14.98	--	3	4494	卖盘
14:56:00	14.98	-0.01	11	16478	卖盘
14:55:54	14.99	--	2	2998	买盘
14:55:51	14.99	--	47	70453	卖盘
14:55:39	14.99	-0.01	23	34477	卖盘
14:55:36	15.0	0.01	10	15000	买盘
14:55:33	14.99	--	1	1499	卖盘
14:55:30	14.99	--	2	2998	卖盘
14:55:27	14.99	--	24	35976	卖盘
14:55:24	14.99	-0.01	3	4497	卖盘
14:55:21	15.0	--	8	12000	买盘
14:55:00	15.0	0.01	30	45000	买盘
14:54:45	14.99	--	5	7495	卖盘
14:54:42	14.99	--	16	23984	买盘
14:54:39	14.99	--	1	1499	买盘
14:54:33	14.99	-0.01	83	124417	卖盘
14:54:30	15.0	--	100	150000	买盘
14:54:27	15.0	--	32	48000	买盘
14:54:18	15.0	0.01	5	7500	买盘
14:54:12	14.99	--	10	14990	卖盘
14:53:36	14.99	0.01	60	89940	买盘
14:53:33	14.98	-0.01	9	13482	卖盘
14:53:21	14.99	--	3	4497	买盘
14:53:12	14.99	--	29	43471	买盘
14:53:03	14.99	0.01	20	29980	买盘
14:53:00	14.98	-0.01	30	44940	卖盘
14:52:54	14.99	--	10	14990	买盘
14:52:51	14.99	--	10	14990	买盘
14:52:39	14.99	--	1	1499	买盘
14:52:30	14.99	--	12	17988	买盘
14:52:27	14.99	--	33	49467	买盘
14:52:12	14.99	--	9	13491	买盘
14:52:06	14.99	--	3	4497	买盘
14:52:00	14.99	0.01	22	32978	买盘
14:51:57	14.98	--	1	1498	卖盘
14:51:48	14.98	-0.02	100	149800	卖盘
14:51:39	15.0	--	1	1500	买盘
14:51:30	15.0	0.03	74	111000	买盘
14:51:24	14.97	--	10	14970	买盘
14:51:21	14.97	-0.03	24	37095	卖盘
14:51:12	15.0	--	9	13500	买盘
14:51:03	15.0	--	6	9000	买盘
14:51:00	15.0	0.03	1	1500	买盘
14:50:39	14.97	-0.03	30	44910	卖盘
14:50:24	15.0	--	73	109500	买盘
14:50:12	15.0	0.02	9	13500	买盘
14:50:00	14.98	--	0	674	卖盘
14:49:42	14.98	-0.02	5	7490	卖盘
14:49:39	15.0	--	1	1500	买盘
14:49:30	15.0	--	41	61500	买盘
14:49:18	15.0	--	97	145500	买盘
14:49:12	15.0	--	10	15000	买盘
14:49:09	15.0	--	17	25500	卖盘
14:49:06	15.0	--	80	120000	卖盘
14:49:03	15.0	--	3	4500	卖盘
14:48:57	15.0	0.02	3	4500	买盘
14:48:54	14.98	--	5	7490	卖盘
14:48:45	14.98	-0.02	29	43442	卖盘
14:48:39	15.0	0.01	64	96000	买盘
14:48:33	14.99	--	8	12291	买盘
14:48:24	14.99	0.01	26	38974	买盘
14:48:15	14.98	-0.01	0	853	卖盘
14:48:12	14.99	0.01	9	13491	买盘
14:48:00	14.98	--	20	29960	卖盘
14:47:57	14.98	0.01	76	115196	买盘
14:47:51	14.97	--	19	28443	买盘
14:47:39	14.97	0.05	4	5988	买盘
14:47:27	14.92	-0.04	400	597098	卖盘
14:47:24	14.96	--	5	7480	买盘
14:47:18	14.96	--	1	1496	买盘
14:47:12	14.96	0.01	19	28424	中性盘
14:47:00	14.95	--	19	28704	买盘
14:46:57	14.95	--	5	7475	买盘
14:46:48	14.95	--	2	4186	卖盘
14:46:33	14.95	--	37	55315	卖盘
14:46:21	14.95	--	16	23920	卖盘
14:46:15	14.95	-0.03	52	77740	卖盘
14:46:12	14.98	0.03	9	13482	买盘
14:46:09	14.95	-0.01	50	74750	卖盘
14:46:06	14.96	-0.02	24	35904	卖盘
14:45:39	14.98	--	1	1498	买盘
14:45:30	14.98	0.02	66	98868	买盘
14:45:15	14.96	-0.02	20	29920	卖盘
14:45:12	14.98	0.02	9	13482	买盘
14:45:06	14.96	-0.02	20	29920	卖盘
14:45:00	14.98	0.03	10	14980	买盘
14:44:24	14.95	-0.03	5	7475	卖盘
14:44:21	14.98	--	12	17976	买盘
14:44:12	14.98	0.02	9	13482	买盘
14:44:09	14.96	--	5	7480	买盘
14:44:06	14.96	-0.02	18	26928	卖盘
14:43:57	14.98	0.02	10	14980	买盘
14:43:48	14.96	--	7	10472	买盘
14:43:45	14.96	--	1	1496	买盘
14:43:39	14.96	--	2	2992	买盘
14:43:30	14.96	--	4	5984	买盘
14:43:24	14.96	--	4	6283	买盘
14:43:12	14.96	0.01	9	13464	买盘
14:43:06	14.95	-0.01	29	43355	卖盘
14:43:03	14.96	0.01	5	7480	买盘
14:42:27	14.95	--	4	5980	卖盘
14:42:15	14.95	-0.01	8	11960	卖盘
14:42:12	14.96	--	9	13464	买盘
14:42:09	14.96	--	1	1496	买盘
14:42:03	14.96	--	8	11968	买盘
14:41:54	14.96	-0.02	59	88264	卖盘
14:41:42	14.98	--	40	59920	卖盘
14:41:30	14.98	0.01	2	2996	买盘
14:41:24	14.97	--	30	44910	卖盘
14:41:21	14.97	--	1	1497	卖盘
14:41:18	14.97	-0.01	90	134730	卖盘
14:41:12	14.98	--	9	13482	买盘
14:40:57	14.98	--	239	358022	卖盘
14:40:54	14.98	-0.01	5	7490	卖盘
14:40:42	14.99	--	13	19487	买盘
14:40:39	14.99	-0.01	1	1499	中性盘
14:40:33	15.0	0.01	64	96000	买盘
14:40:21	14.99	-0.01	14	20986	卖盘
14:40:12	15.0	0.01	9	13500	买盘
14:40:03	14.99	-0.01	241	361259	卖盘
14:39:57	15.0	--	6	9000	买盘
14:39:51	15.0	--	8	12000	买盘
14:39:48	15.0	--	22	33000	买盘
14:39:45	15.0	0.01	48	72000	卖盘
14:39:24	14.99	-0.01	22	32978	卖盘
14:39:15	15.0	0.01	10	15000	买盘
14:39:12	14.99	-0.01	29	43471	卖盘
14:39:03	15.0	0.01	79	118500	买盘
14:39:00	14.99	--	5	7495	卖盘
14:38:54	14.99	--	4	5996	卖盘
14:38:39	14.99	--	10	14990	卖盘
14:38:18	14.99	0.01	2	2998	中性盘
14:38:15	14.98	-0.02	3	4494	卖盘
14:38:12	15.0	0.01	9	13500	买盘
14:38:03	14.99	--	7	11092	买盘
14:38:00	14.99	--	123	184377	买盘
14:37:39	14.99	--	10	14990	买盘
14:37:36	14.99	0.01	18	26982	买盘
14:37:27	14.98	-0.01	18	26964	卖盘
14:37:24	14.99	--	7	10493	买盘
14:37:15	14.99	-0.01	8	11992	卖盘
14:37:12	15.0	0.01	9	13500	买盘
14:37:03	14.99	--	3	4497	卖盘
14:36:27	14.99	-0.01	25	37475	卖盘
14:36:12	15.0	--	9	13500	买盘
14:35:51	15.0	0.01	42	63000	买盘
14:35:45	14.99	0.01	13	19487	中性盘
14:35:39	14.98	-0.01	3	4494	卖盘
14:35:36	14.99	--	17	26382	买盘
14:35:30	14.99	0.01	3	4497	买盘
14:35:24	14.98	-0.01	26	39547	卖盘
14:35:18	14.99	--	15	22485	卖盘
14:35:15	14.99	-0.01	5	7495	卖盘
14:35:12	15.0	0.01	9	13500	买盘
14:35:00	14.99	--	7	10493	卖盘
14:34:57	14.99	-0.01	30	44970	卖盘
14:34:45	15.0	-0.01	56	84000	卖盘
14:34:33	15.01	0.01	76	114076	买盘
14:34:24	15.0	--	18	27000	卖盘
14:34:12	15.0	-0.01	16	24000	卖盘
14:34:09	15.01	--	56	84056	买盘
14:34:00	15.01	-0.01	27	41847	卖盘
14:33:54	15.02	0.01	10	15020	买盘
14:33:51	15.01	--	17	25682	卖盘
14:33:33	15.01	0.01	52	78067	买盘
14:33:30	15.0	--	3	5700	卖盘
14:33:21	15.0	0.01	46	69300	买盘
14:33:18	14.99	-0.01	2	3597	卖盘
14:33:12	15.0	--	9	13500	买盘
14:33:06	15.0	0.01	100	150000	买盘
14:33:00	14.99	0.02	149	223650	买盘
14:32:54	14.97	--	7	10479	卖盘
14:32:45	14.97	--	5	7485	卖盘
14:32:30	14.97	--	29	43413	卖盘
14:32:21	14.97	0.04	129	193113	买盘
14:32:18	14.93	-0.04	17	25381	卖盘
14:32:12	14.97	0.03	9	13473	买盘
14:32:09	14.94	0.01	8	11952	买盘
14:32:06	14.93	-0.01	65	97045	卖盘
14:31:54	14.94	--	2	2988	卖盘
14:31:51	14.94	--	17	25398	卖盘
14:31:45	14.94	--	6	8964	卖盘
14:31:42	14.94	--	17	25398	卖盘
14:31:33	14.94	-0.02	17	25398	卖盘
14:31:30	14.96	0.01	19	28424	中性盘
14:31:24	14.95	-0.02	10	14950	卖盘
14:31:21	14.97	--	2	2994	买盘
14:31:18	14.97	0.01	129	193113	买盘
14:31:15	14.96	-0.01	8	11968	卖盘
14:31:12	14.97	0.01	19	28443	买盘
14:31:09	14.96	-0.01	7	10472	卖盘
14:30:57	14.97	--	24	35928	卖盘
14:30:51	14.97	--	53	79341	卖盘
14:30:45	14.97	--	4	5988	卖盘
14:30:42	14.97	-0.01	1	1497	卖盘
14:30:39	14.98	--	28	41944	买盘
14:30:30	14.98	--	2	2996	买盘
14:30:27	14.98	-0.01	3	5093	卖盘
14:30:12	14.99	--	9	13491	买盘
14:30:09	14.99	--	37	55463	卖盘
14:30:06	14.99	-0.01	4	5996	卖盘
14:29:54	15.0	--	37	55500	卖盘
14:29:45	15.0	--	4	6000	卖盘
14:29:33	15.0	--	4	6000	卖盘
14:29:27	15.0	0.01	5	7500	买盘
14:29:21	14.99	-0.02	36	53964	卖盘
14:29:12	15.01	0.02	12	18012	买盘
14:29:09	14.99	-0.01	6	8994	卖盘
14:28:54	15.0	--	1	1500	卖盘
14:28:51	15.0	0.01	33	49500	买盘
14:28:45	14.99	0.01	22	32978	买盘
14:28:39	14.98	0.01	1	2396	买盘
14:28:36	14.97	0.01	1	1497	卖盘
14:28:27	14.96	-0.01	29	43384	卖盘
14:28:21	14.97	--	1	1497	买盘
14:28:15	14.97	-0.01	1	1497	中性盘
14:28:12	14.98	0.04	9	13482	买盘
14:28:06	14.94	-0.03	7	10458	卖盘
14:27:54	14.97	0.05	3	4491	买盘
14:27:45	14.92	-0.05	290	432680	卖盘
14:27:24	14.97	0.02	10	14970	买盘
14:27:21	14.95	-0.03	10	15847	中性盘
14:27:12	14.98	0.04	9	13482	买盘
14:27:09	14.94	-0.01	29	43326	卖盘
14:27:06	14.95	-0.02	50	74750	卖盘
14:27:00	14.97	--	1	1497	买盘
14:26:54	14.97	--	6	8982	买盘
14:26:45	14.97	0.02	2	2994	中性盘
14:26:24	14.95	-0.03	10	14950	卖盘
14:26:21	14.98	0.01	40	61118	买盘
14:26:18	14.97	-0.01	6	8982	卖盘
14:26:12	14.98	--	39	58422	买盘
14:26:09	14.98	--	3	4494	买盘
14:26:06	14.98	0.01	10	14980	买盘
14:26:00	14.97	-0.01	2	2994	卖盘
14:25:57	14.98	--	26	38948	买盘
14:25:54	14.98	0.01	4	5992	买盘
14:25:39	14.97	--	20	30239	买盘
14:25:12	14.97	0.02	12	18562	买盘
14:25:06	14.95	--	29	43355	买盘
14:24:57	14.95	0.01	1	1495	买盘
14:24:54	14.94	-0.01	5	7470	卖盘
14:24:51	14.95	--	49	73853	卖盘
14:24:39	14.95	--	8	12857	卖盘
14:24:36	14.95	--	4	5980	卖盘
14:24:27	14.95	-0.02	2	2990	卖盘
14:24:18	14.97	--	20	29940	买盘
14:24:12	14.97	0.04	9	13473	买盘
14:24:09	14.93	0.01	5	7465	买盘
14:24:06	14.92	-0.03	20	29840	卖盘
14:24:03	14.95	0.02	34	50830	买盘
14:23:57	14.93	-0.01	46	68678	卖盘
14:23:45	14.94	0.01	68	102533	买盘
14:23:42	14.93	-0.01	87	130443	卖盘
14:23:39	14.94	0.01	151	225594	买盘
14:23:18	14.93	-0.01	9	13437	卖盘
14:23:15	14.94	-0.03	22	32868	卖盘
14:23:12	14.97	0.03	9	13473	中性盘
14:22:45	14.94	0.01	1	1494	中性盘
14:22:42	14.93	-0.02	1	1493	卖盘
14:22:39	14.95	--	30	44850	买盘
14:22:36	14.95	0.02	5	7475	买盘
14:22:33	14.93	-0.02	115	171695	卖盘
14:22:30	14.95	--	13	19435	买盘
14:22:27	14.95	-0.06	28	41860	卖盘
14:22:24	15.01	0.06	50	75050	买盘
14:22:18	14.95	-0.03	26	38870	卖盘
14:22:12	14.98	0.03	9	13482	买盘
14:22:09	14.95	--	12	17940	卖盘
14:22:06	14.95	--	10	14950	卖盘
14:22:00	14.95	--	96	143520	卖盘
14:21:57	14.95	--	15	22425	卖盘
14:21:54	14.95	--	16	23920	卖盘
14:21:51	14.95	--	40	59800	卖盘
14:21:48	14.95	--	26	38870	卖盘
14:21:39	14.95	-0.01	26	38870	卖盘
14:21:36	14.96	-0.01	1	1496	中性盘
14:21:27	14.97	0.01	61	91317	中性盘
14:21:18	14.96	--	8	11968	卖盘
14:21:12	14.96	-0.02	25	37400	卖盘
14:21:06	14.98	0.01	9	13482	买盘
14:21:00	14.97	0.01	14	20958	买盘
14:20:57	14.96	0.01	1	1496	中性盘
14:20:48	14.95	-0.01	14	20930	卖盘
14:20:45	14.96	--	1	1496	卖盘
14:20:42	14.96	0.01	1	1496	中性盘
14:20:36	14.95	-0.02	26	38870	卖盘
14:20:30	14.97	0.02	12	17964	买盘
14:20:27	14.95	-0.01	65	97175	卖盘
14:20:21	14.96	--	26	38896	卖盘
14:20:15	14.96	-0.03	1	1496	卖盘
14:20:12	14.99	0.03	9	13491	买盘
14:20:09	14.96	--	7	10472	买盘
14:20:06	14.96	--	9	13464	买盘
14:20:03	14.96	--	5	7480	买盘
14:20:00	14.96	0.01	74	110704	买盘
14:19:54	14.95	--	12	17940	买盘
14:19:51	14.95	-0.01	25	37375	卖盘
14:19:45	14.96	0.01	20	29920	买盘
14:19:33	14.95	-0.01	5	7475	卖盘
14:19:30	14.96	--	3	4488	买盘
14:19:27	14.96	--	10	14960	买盘
14:19:12	14.96	0.01	21	31416	买盘
14:19:09	14.95	0.02	9	13455	中性盘
14:19:03	14.93	-0.01	171	256243	卖盘
14:19:00	14.94	-0.01	50	74700	卖盘
14:18:51	14.95	0.01	21	32591	买盘
14:18:45	14.94	0.01	2	2988	买盘
14:18:42	14.93	--	4	5972	卖盘
14:18:36	14.93	--	4	5972	卖盘
14:18:27	14.93	-0.01	11	16721	卖盘
14:18:24	14.94	0.01	165	246510	买盘
14:18:21	14.93	0.01	11	16423	买盘
14:18:18	14.92	-0.01	24	35808	卖盘
14:18:15	14.93	-0.01	68	101524	卖盘
14:18:12	14.94	-0.01	11	16434	卖盘
14:18:03	14.95	0.01	10	14950	买盘
14:17:54	14.94	0.01	144	215136	买盘
14:17:51	14.93	-0.01	16	23888	卖盘
14:17:48	14.94	--	2	2988	买盘
14:17:42	14.94	--	29	43326	买盘
14:17:39	14.94	--	11	16434	买盘
14:17:33	14.94	--	20	29880	买盘
14:17:30	14.94	--	10	14940	买盘
14:17:27	14.94	--	50	74700	买盘
14:17:21	14.94	--	4	5976	卖盘
14:17:18	14.94	-0.01	21	31374	卖盘
14:17:12	14.95	--	9	13455	买盘
14:17:06	14.95	--	28	41860	卖盘
14:16:51	14.95	--	19	28405	卖盘
14:16:45	14.95	-0.01	17	25415	卖盘
14:16:42	14.96	--	7	10472	买盘
14:16:33	14.96	-0.01	56	83776	卖盘
14:16:21	14.97	-0.01	37	55389	卖盘
14:16:12	14.98	--	9	13482	买盘
14:16:09	14.98	--	47	70406	卖盘
14:15:54	14.98	--	26	38948	卖盘
14:15:42	14.98	-0.01	40	59920	卖盘
14:15:39	14.99	--	10	14990	卖盘
14:15:30	14.99	0.01	3	4796	买盘
14:15:27	14.98	--	9	13482	卖盘
14:15:21	14.98	-0.01	10	14980	卖盘
14:15:15	14.99	--	5	7495	买盘
14:15:12	14.99	0.01	15	22485	买盘
14:15:09	14.98	-0.01	30	44940	卖盘
14:15:00	14.99	--	10	14990	买盘
14:14:57	14.99	0.01	2	2998	买盘
14:14:51	14.98	-0.01	20	29960	卖盘
14:14:42	14.99	-0.01	21	31479	卖盘
14:14:27	15.0	-0.01	4	6000	中性盘
14:14:12	15.01	0.03	9	13509	买盘
14:14:03	14.98	-0.03	29	43442	卖盘
14:13:57	15.01	-0.01	20	30020	卖盘
14:13:45	15.02	0.02	15	22530	买盘
14:13:36	15.0	--	21	31500	卖盘
14:13:33	15.0	-0.02	10	15000	卖盘
14:13:30	15.02	--	4	6008	买盘
14:13:24	15.02	--	9	13518	卖盘
14:13:15	15.02	--	1	1502	买盘
14:13:12	15.02	0.01	9	13518	买盘
14:13:03	15.01	--	3	4503	卖盘
14:12:57	15.01	-0.01	7	10507	卖盘
14:12:45	15.02	--	10	15020	买盘
14:12:27	15.02	0.02	2	3004	买盘
14:12:21	15.0	-0.02	29	43500	卖盘
14:12:12	15.02	0.01	9	13518	买盘
14:12:00	15.01	-0.01	8	12008	买盘
14:11:54	15.02	--	20	30040	买盘
14:11:51	15.02	--	7	10514	买盘
14:11:36	15.02	--	5	7510	买盘
14:11:33	15.02	-0.01	10	15020	中性盘
14:11:15	15.03	--	13	19539	买盘
14:11:12	15.03	--	9	13527	买盘
14:11:00	15.03	0.03	28	42084	买盘
14:10:57	15.0	-0.03	6	9000	中性盘
14:10:48	15.03	0.02	18	27054	买盘
14:10:45	15.01	0.01	24	36024	买盘
14:10:42	15.0	0.01	19	28500	买盘
14:10:39	14.99	-0.01	7	10493	卖盘
14:10:36	15.0	-0.01	62	93000	卖盘
14:10:33	15.01	0.01	4	6004	买盘
14:10:24	15.0	0.01	8	12000	买盘
14:10:21	14.99	0.01	36	53964	买盘
14:10:18	14.98	--	50	74900	卖盘
14:10:15	14.98	-0.01	7	10486	卖盘
14:10:12	14.99	0.01	9	13491	买盘
14:10:09	14.98	--	52	77896	卖盘
14:10:06	14.98	-0.01	2	2996	卖盘
14:10:00	14.99	0.01	33	49467	中性盘
14:09:57	14.98	-0.01	100	149800	卖盘
14:09:54	14.99	-0.01	27	41672	卖盘
14:09:51	15.0	-0.01	10	15000	卖盘
14:09:48	15.01	0.01	77	115577	买盘
14:09:42	15.0	0.02	5	7500	买盘
14:09:39	14.98	-0.01	13	19474	卖盘
14:09:33	14.99	-0.02	8	11992	卖盘
14:09:15	15.01	0.01	7	10507	买盘
14:09:12	15.0	--	11	16500	卖盘
14:09:06	15.0	--	40	60000	卖盘
14:09:00	15.0	-0.01	53	79500	卖盘
14:08:54	15.01	--	29	43529	买盘
14:08:51	15.01	-0.01	154	232354	卖盘
14:08:45	15.02	--	103	154706	卖盘
14:08:42	15.02	-0.01	13	20126	卖盘
14:08:39	15.03	0.01	4	6012	卖盘
14:08:18	15.02	--	3	4506	卖盘
14:08:15	15.02	-0.02	4	6008	卖盘
14:08:12	15.04	0.02	9	13536	买盘
14:08:09	15.02	--	11	16522	卖盘
14:08:06	15.02	0.01	1	2703	中性盘
14:08:03	15.01	-0.01	106	159106	卖盘
14:07:57	15.02	--	5	7510	卖盘
14:07:39	15.02	0.01	10	15020	买盘
14:07:30	15.01	-0.03	5	7505	卖盘
14:07:15	15.04	0.02	20	30080	买盘
14:07:12	15.02	--	9	13518	买盘
14:07:09	15.02	-0.01	8	12016	卖盘
14:06:30	15.03	-0.01	58	87474	卖盘
14:06:21	15.04	0.01	48	72192	买盘
14:06:18	15.03	-0.01	5	7515	卖盘
14:06:15	15.04	--	8	12032	买盘
14:06:12	15.04	--	9	13536	买盘
14:06:00	15.04	0.01	13	19552	买盘
14:05:51	15.03	-0.01	42	63126	卖盘
14:05:45	15.04	--	34	51136	卖盘
14:05:30	15.04	-0.01	15	22560	卖盘
14:05:21	15.05	--	19	28595	卖盘
14:05:15	15.05	-0.01	24	36120	卖盘
14:05:12	15.06	0.01	9	13554	买盘
14:05:00	15.05	0.01	57	85785	买盘
14:04:45	15.04	-0.01	1	1504	卖盘
14:04:33	15.05	--	24	36120	卖盘
14:04:30	15.05	-0.01	71	106855	卖盘
14:04:21	15.06	--	1	1506	买盘
14:04:18	15.06	--	131	198490	卖盘
14:04:15	15.06	-0.01	20	30120	卖盘
14:04:12	15.07	0.01	9	13563	买盘
14:04:06	15.06	-0.01	19	28915	卖盘
14:03:54	15.07	0.01	1	1507	买盘
14:03:48	15.06	--	13	19578	卖盘
14:03:45	15.06	--	10	15060	卖盘
14:03:42	15.06	--	139	209334	卖盘
14:03:33	15.06	--	5	7530	卖盘
14:03:30	15.06	--	30	45180	卖盘
14:03:24	15.06	--	8	12048	买盘
14:03:15	15.06	--	3	4518	买盘
14:03:12	15.06	0.01	9	13554	中性盘
14:03:03	15.05	-0.02	6	9030	中性盘
14:02:48	15.07	0.04	20	30140	中性盘
14:02:15	15.03	-0.05	80	120240	卖盘
14:02:12	15.08	0.01	80	120640	买盘
14:02:00	15.07	--	20	30140	买盘
14:01:45	15.07	-0.01	23	34661	卖盘
14:01:39	15.08	--	6	9048	买盘
14:01:36	15.08	0.01	8	12064	买盘
14:01:33	15.07	--	24	36168	卖盘
14:01:30	15.07	--	10	15070	卖盘
14:01:24	15.07	--	69	103983	买盘
14:01:21	15.07	0.03	53	79871	买盘
14:01:12	15.04	-0.03	11	16544	卖盘
14:01:06	15.07	-0.01	15	22605	卖盘
14:00:51	15.08	0.01	18	27144	买盘
14:00:48	15.07	-0.01	16	24112	卖盘
14:00:45	15.08	--	1	1508	买盘
14:00:42	15.08	0.01	14	21112	买盘
14:00:36	15.07	--	6	9042	卖盘
14:00:33	15.07	0.04	13	19591	买盘
14:00:18	15.03	-0.01	62	93186	卖盘
14:00:15	15.04	-0.03	84	126336	卖盘
14:00:12	15.07	0.04	10	16275	买盘
14:00:09	15.03	-0.02	9	13527	卖盘
14:00:03	15.05	0.02	20	30100	买盘
13:59:51	15.03	-0.01	24	36072	卖盘
13:59:45	15.04	-0.01	5	7520	中性盘
13:59:39	15.05	0.02	42	63210	买盘
13:59:30	15.03	0.01	2	3006	中性盘
13:59:24	15.02	-0.03	24	36048	中性盘
13:59:12	15.05	0.05	10	15050	买盘
13:59:09	15.0	--	1	1500	买盘
13:59:06	15.0	-0.01	39	58500	卖盘
13:58:57	15.01	-0.01	28	42028	卖盘
13:58:54	15.02	--	1	1502	卖盘
13:58:42	15.02	0.02	4	6008	中性盘
13:58:27	15.0	-0.05	3	4500	中性盘
13:58:15	15.05	--	7	10535	买盘
13:58:12	15.05	--	9	13545	买盘
13:58:06	15.05	--	9	13545	买盘
13:58:03	15.05	-0.01	17	25585	中性盘
13:57:57	15.06	--	4	6024	买盘
13:57:48	15.06	0.13	15	22590	中性盘
13:57:27	14.93	-0.15	17	25381	中性盘
13:57:12	15.08	0.2	9	13572	中性盘
13:56:57	14.88	--	132	197368	买盘
13:56:54	14.88	--	80	119040	买盘
13:56:51	14.88	--	18	26784	买盘
13:56:48	14.88	--	632	940416	买盘
13:56:45	14.88	-0.21	2637	3924391	卖盘
13:56:42	15.09	--	5	7545	买盘
13:56:30	15.09	--	20	30783	卖盘
13:56:24	15.09	-0.01	1	1509	卖盘
13:56:12	15.1	0.01	9	13590	买盘
13:55:54	15.09	-0.01	69	104121	卖盘
13:55:48	15.1	--	8	12080	买盘
13:55:45	15.1	0.01	10	15100	买盘
13:55:42	15.09	--	3	4527	卖盘
13:55:39	15.09	-0.01	5	7545	卖盘
13:55:24	15.1	--	3	4530	买盘
13:55:12	15.1	0.01	9	13590	买盘
13:55:09	15.09	--	3	4527	卖盘
13:54:51	15.09	-0.01	7	10563	卖盘
13:54:39	15.1	-0.02	8	12080	卖盘
13:54:12	15.12	0.01	9	13608	买盘
13:54:09	15.11	--	4	6044	卖盘
13:54:00	15.11	--	28	42308	卖盘
13:53:39	15.11	--	4	6044	买盘
13:53:30	15.11	0.01	18	27198	买盘
13:53:27	15.1	-0.01	20	30200	卖盘
13:53:12	15.11	0.03	100	151810	买盘
13:53:09	15.08	--	6	9952	买盘
13:53:06	15.08	-0.02	10	15080	卖盘
13:53:03	15.1	0.01	15	22650	买盘
13:53:00	15.09	0.01	7	10563	买盘
13:52:57	15.08	--	1	1508	卖盘
13:52:48	15.08	-0.01	1	1508	卖盘
13:52:45	15.09	0.01	1	1509	买盘
13:52:42	15.08	-0.01	9	13572	卖盘
13:52:33	15.09	-0.01	10	15693	卖盘
13:52:30	15.1	--	10	15100	买盘
13:52:12	15.1	--	9	13590	买盘
13:52:00	15.1	0.01	17	25670	买盘
13:51:51	15.09	-0.01	6	9054	卖盘
13:51:48	15.1	-0.01	4	6040	卖盘
13:51:27	15.11	-0.01	47	71017	卖盘
13:51:12	15.12	0.01	30	45360	买盘
13:51:09	15.11	0.01	60	90660	买盘
13:51:03	15.1	--	15	22650	卖盘
13:51:00	15.1	--	0	619	卖盘
13:50:39	15.1	--	8	12080	卖盘
13:50:27	15.1	--	36	54360	买盘
13:50:15	15.1	--	1	1510	买盘
13:50:12	15.1	--	20	30200	中性盘
13:49:54	15.1	--	70	105700	卖盘
13:49:45	15.1	--	7	10570	买盘
13:49:42	15.1	0.01	21	31710	买盘
13:49:39	15.09	-0.01	16	24144	卖盘
13:49:30	15.1	0.01	17	25670	买盘
13:49:21	15.09	--	1	2414	买盘
13:49:15	15.09	--	15	22635	买盘
13:49:12	15.09	--	36	54324	买盘
13:49:00	15.09	0.01	85	128265	买盘
13:48:21	15.08	--	7	11159	卖盘
13:48:18	15.08	0.02	12	19000	买盘
13:48:15	15.06	-0.02	11	16566	卖盘
13:48:12	15.08	0.01	9	13572	买盘
13:48:00	15.07	-0.01	10	15070	卖盘
13:47:57	15.08	--	3	4524	买盘
13:47:54	15.08	0.02	10	15080	买盘
13:47:42	15.06	--	6	9036	卖盘
13:47:18	15.06	-0.02	30	45180	卖盘
13:47:12	15.08	0.02	9	13572	买盘
13:47:03	15.06	--	12	18072	买盘
13:47:00	15.06	0.01	1	1506	买盘
13:46:54	15.05	--	1	1505	卖盘
13:46:51	15.05	--	1	1505	卖盘
13:46:42	15.05	-0.01	30	45150	卖盘
13:46:27	15.06	-0.02	2	3012	中性盘
13:46:12	15.08	0.04	9	13572	买盘
13:46:00	15.04	-0.02	46	69184	卖盘
13:45:51	15.06	0.01	1	1506	买盘
13:45:39	15.05	--	3	4515	买盘
13:45:33	15.05	--	7	10535	卖盘
13:45:30	15.05	-0.02	5	7525	中性盘
13:45:27	15.07	0.03	2	3014	买盘
13:45:15	15.04	--	11	16544	卖盘
13:45:12	15.04	0.01	39	58656	卖盘
13:45:03	15.03	--	1	2464	买盘
13:45:00	15.03	--	6	9018	买盘
13:44:57	15.03	-0.04	71	107254	卖盘
13:44:54	15.07	0.02	9	13563	买盘
13:44:51	15.05	--	4	6020	买盘
13:44:45	15.05	--	1	1505	买盘
13:44:42	15.05	-0.04	37	55685	卖盘
13:44:39	15.09	--	1	1509	买盘
13:44:36	15.09	--	4	6036	买盘
13:44:33	15.09	--	8	12072	买盘
13:44:30	15.09	0.06	4	6036	买盘
13:44:27	15.03	--	3	4509	卖盘
13:44:21	15.03	-0.04	78	117234	卖盘
13:44:15	15.07	0.03	29	43883	买盘
13:44:12	15.04	0.01	10	15040	买盘
13:44:09	15.03	--	82	124027	买盘
13:44:06	15.03	0.01	2	3006	买盘
13:44:03	15.02	-0.01	10	15020	卖盘
13:44:00	15.03	--	2	3006	买盘
13:43:57	15.03	--	38	57114	卖盘
13:43:54	15.03	--	6	9018	卖盘
13:43:51	15.03	-0.01	6	9018	卖盘
13:43:48	15.04	0.01	1	1504	买盘
13:43:42	15.03	-0.01	43	64629	卖盘
13:43:39	15.04	--	15	22560	买盘
13:43:24	15.04	0.01	1	1504	买盘
13:43:21	15.03	-0.02	300	450900	卖盘
13:43:18	15.05	0.01	1	1505	买盘
13:43:15	15.04	-0.01	3	4512	卖盘
13:43:12	15.05	0.01	13	19565	买盘
13:43:06	15.04	-0.01	70	105280	卖盘
13:43:00	15.05	-0.01	37	55925	卖盘
13:42:54	15.06	--	16	25361	买盘
13:42:48	15.06	0.01	22	33132	买盘
13:42:42	15.05	-0.01	36	54180	卖盘
13:42:12	15.06	0.01	14	21084	买盘
13:42:09	15.05	--	10	15050	卖盘
13:42:06	15.05	--	11	16555	卖盘
13:42:00	15.05	-0.01	50	75250	卖盘
13:41:54	15.06	--	0	240	卖盘
13:41:48	15.06	--	1	1506	卖盘
13:41:45	15.06	-0.01	20	30120	卖盘
13:41:30	15.07	--	2	4099	卖盘
13:41:12	15.07	0.01	11	16998	中性盘
13:40:33	15.06	-0.02	4	7228	卖盘
13:40:30	15.08	0.02	8	12064	买盘
13:40:24	15.06	--	9	13554	卖盘
13:40:15	15.06	-0.02	10	15060	卖盘
13:40:12	15.08	--	9	13572	买盘
13:40:06	15.08	0.02	20	30160	买盘
13:39:51	15.06	-0.02	10	15060	卖盘
13:39:42	15.08	0.02	90	135720	买盘
13:39:36	15.06	-0.02	48	72288	卖盘
13:39:12	15.08	--	9	13572	买盘
13:38:27	15.08	--	10	15080	买盘
13:38:12	15.08	0.02	9	13572	买盘
13:38:09	15.06	--	18	27108	卖盘
13:38:03	15.06	-0.02	26	39156	卖盘
13:37:54	15.08	0.01	3	4524	买盘
13:37:45	15.07	0.01	6	9042	中性盘
13:37:33	15.06	-0.01	29	43674	卖盘
13:37:24	15.07	--	6	9042	买盘
13:37:21	15.07	--	5	7535	买盘
13:37:12	15.07	-0.01	11	16577	卖盘
13:37:03	15.08	0.01	1	1508	买盘
13:36:57	15.07	--	25	37675	卖盘
13:36:51	15.07	--	6	9042	卖盘
13:36:27	15.07	0.01	2	3014	中性盘
13:36:15	15.06	--	7	10542	卖盘
13:36:12	15.06	-0.01	13	19939	卖盘
13:36:03	15.07	0.01	8	12056	买盘
13:36:00	15.06	-0.01	2	3012	卖盘
13:35:54	15.07	0.01	1	1507	买盘
13:35:51	15.06	--	418	630110	买盘
13:35:45	15.06	--	4	6024	买盘
13:35:42	15.06	0.01	3	4518	买盘
13:35:39	15.05	-0.01	5	7525	卖盘
13:35:36	15.06	0.01	10	15060	买盘
13:35:21	15.05	-0.01	5	7525	卖盘
13:35:18	15.06	--	12	18072	买盘
13:35:12	15.06	--	62	94275	卖盘
13:35:09	15.06	--	35	52710	卖盘
13:35:03	15.06	-0.01	25	37650	卖盘
13:34:42	15.07	--	1	1507	卖盘
13:34:30	15.07	--	3	4521	卖盘
13:34:27	15.07	--	21	31647	卖盘
13:34:18	15.07	0.01	15	22605	买盘
13:34:15	15.06	--	10	15060	卖盘
13:34:12	15.06	-0.01	19	28614	卖盘
13:34:06	15.07	--	5	7535	买盘
13:34:00	15.07	--	22	33154	买盘
13:33:45	15.07	--	53	79871	卖盘
13:33:42	15.07	--	10	15070	卖盘
13:33:39	15.07	--	29	43703	卖盘
13:33:36	15.07	--	47	70829	卖盘
13:33:30	15.07	-0.01	16	24112	卖盘
13:33:21	15.08	--	4	6032	买盘
13:33:12	15.08	--	9	13572	买盘
13:33:00	15.08	-0.01	49	74781	卖盘
13:32:54	15.09	--	3	4527	卖盘
13:32:51	15.09	0.01	8	12072	中性盘
13:32:33	15.08	--	56	84448	卖盘
13:32:12	15.08	-0.01	13	19604	卖盘
13:32:00	15.09	-0.01	3	4527	卖盘
13:31:42	15.1	-0.01	3	4530	卖盘
13:31:12	15.11	0.01	9	13599	买盘
13:31:06	15.1	0.01	2	3020	中性盘
13:30:57	15.09	-0.02	7	10563	卖盘
13:30:36	15.11	-0.01	4	6648	卖盘
13:30:12	15.12	0.01	9	13608	买盘
13:30:00	15.11	0.01	4	6950	卖盘
13:29:42	15.1	--	4	6040	买盘
13:29:39	15.1	-0.01	1	1510	卖盘
13:29:24	15.11	--	0	423	卖盘
13:29:18	15.11	--	6	10153	买盘
13:29:12	15.11	0.01	9	13599	买盘
13:29:06	15.1	--	1	1510	卖盘
13:28:57	15.1	--	57	86794	买盘
13:28:36	15.1	--	20	30200	买盘
13:28:30	15.1	-0.01	4	6040	卖盘
13:28:12	15.11	0.01	9	13599	买盘
13:28:09	15.1	--	1	1510	卖盘
13:28:06	15.1	--	5	7550	卖盘
13:27:57	15.1	--	16	24160	卖盘
13:27:36	15.1	--	20	30200	卖盘
13:27:30	15.1	0.01	218	329904	买盘
13:27:12	15.09	0.01	9	13581	买盘
13:27:06	15.08	--	3	4524	卖盘
13:26:51	15.08	--	7	10556	卖盘
13:26:48	15.08	-0.01	6	9048	卖盘
13:26:12	15.09	0.01	9	13581	买盘
13:26:09	15.08	--	5	7540	卖盘
13:25:57	15.08	--	50	75400	卖盘
13:25:36	15.08	--	3	4524	卖盘
13:25:33	15.08	0.01	7	11174	买盘
13:25:30	15.07	-0.02	35	52745	卖盘
13:25:12	15.09	0.02	9	13581	买盘
13:25:09	15.07	-0.01	6	9042	卖盘
13:25:06	15.08	--	64	96512	买盘
13:24:45	15.08	-0.01	98	148990	卖盘
13:24:39	15.09	--	7	10563	买盘
13:24:30	15.09	0.01	2	3018	买盘
13:24:21	15.08	--	16	24128	卖盘
13:24:18	15.08	-0.01	3	4524	卖盘
13:24:12	15.09	--	9	13581	买盘
13:24:06	15.09	0.01	10	15090	买盘
13:23:48	15.08	-0.01	10	15080	卖盘
13:23:42	15.09	--	2	3018	买盘
13:23:36	15.09	--	2	3018	买盘
13:23:24	15.09	--	4	6036	买盘
13:23:12	15.09	0.01	9	13581	买盘
13:23:09	15.08	--	125	188500	卖盘
13:23:00	15.08	-0.01	19	28652	卖盘
13:22:51	15.09	-0.01	142	214881	卖盘
13:22:48	15.1	--	24	36240	买盘
13:22:12	15.1	--	19	28690	买盘
13:22:09	15.1	--	10	15100	买盘
13:22:06	15.1	--	3	4530	买盘
13:21:33	15.1	0.01	30	45300	买盘
13:21:27	15.09	-0.01	2	3018	卖盘
13:21:24	15.1	--	14	21140	买盘
13:21:12	15.1	0.01	9	13590	买盘
13:21:06	15.09	-0.01	3	4527	卖盘
13:20:48	15.1	--	66	99660	买盘
13:20:39	15.1	0.01	50	75500	买盘
13:20:36	15.09	-0.01	12	18108	卖盘
13:20:33	15.1	--	10	15100	买盘
13:20:30	15.1	--	7	10570	买盘
13:20:12	15.1	--	16	24160	买盘
13:20:09	15.1	--	3	4530	买盘
13:19:57	15.1	--	10	15100	买盘
13:19:27	15.1	--	10	15100	买盘
13:19:24	15.1	--	3	4530	买盘
13:19:18	15.1	--	4	6040	买盘
13:19:12	15.1	--	9	13590	买盘
13:18:45	15.1	0.01	6	9060	买盘
13:18:33	15.09	-0.01	19	28671	卖盘
13:18:24	15.1	0.01	20	30200	买盘
13:18:21	15.09	-0.01	10	15090	卖盘
13:18:12	15.1	--	9	13590	买盘
13:18:09	15.1	0.01	29	43790	买盘
13:17:54	15.09	-0.01	1	1509	卖盘
13:17:42	15.1	--	20	30200	买盘
13:17:33	15.1	--	35	52850	卖盘
13:17:18	15.1	-0.01	10	15100	卖盘
13:17:12	15.11	0.01	9	13599	买盘
13:17:03	15.1	--	19	28690	买盘
13:16:45	15.1	-0.01	15	22650	卖盘
13:16:39	15.11	-0.01	13	20368	卖盘
13:16:36	15.12	0.01	5	7560	买盘
13:16:24	15.11	-0.01	43	66060	卖盘
13:16:12	15.12	--	9	13608	买盘
13:16:09	15.12	0.01	9	13608	买盘
13:15:57	15.11	--	71	107281	卖盘
13:15:51	15.11	--	0	604	卖盘
13:15:45	15.11	--	1	1511	卖盘
13:15:33	15.11	--	1	1511	卖盘
13:15:18	15.11	-0.01	36	54396	卖盘
13:15:12	15.12	0.01	13	19656	买盘
13:15:06	15.11	--	3	4533	卖盘
13:15:00	15.11	--	1	1511	卖盘
13:14:51	15.11	--	13	19643	卖盘
13:14:36	15.11	-0.01	13	19643	卖盘
13:14:12	15.12	0.01	9	13608	买盘
13:14:03	15.11	0.02	36	55000	买盘
13:13:51	15.09	--	3	5432	卖盘
13:13:48	15.09	--	7	10563	卖盘
13:13:33	15.09	-0.02	20	30180	卖盘
13:13:24	15.11	0.02	68	102748	买盘
13:13:21	15.09	-0.02	13	19617	卖盘
13:13:12	15.11	0.01	9	13599	买盘
13:13:09	15.1	0.01	8	12080	卖盘
13:12:57	15.09	--	71	107139	卖盘
13:12:51	15.09	--	5	7545	卖盘
13:12:42	15.09	--	2	3018	卖盘
13:12:39	15.09	0.01	4	6036	卖盘
13:12:21	15.08	-0.02	68	102845	卖盘
13:12:12	15.1	--	9	13590	买盘
13:12:06	15.1	--	12	18120	买盘
13:11:57	15.1	0.02	17	25670	买盘
13:11:48	15.08	-0.01	13	19604	卖盘
13:11:39	15.09	--	15	22635	买盘
13:11:30	15.09	--	10	15090	买盘
13:11:15	15.09	-0.01	55	82995	卖盘
13:11:12	15.1	0.01	25	37750	中性盘
13:11:03	15.09	-0.01	8	12072	卖盘
13:11:00	15.1	--	3	4530	买盘
13:10:51	15.1	-0.01	1	1510	卖盘
13:10:48	15.11	0.01	5	7555	买盘
13:10:39	15.1	--	70	105700	卖盘
13:10:27	15.1	--	10	15100	买盘
13:10:24	15.1	0.01	8	12080	买盘
13:10:15	15.09	-0.01	18	27162	卖盘
13:10:12	15.1	-0.01	9	13590	中性盘
13:10:03	15.11	0.02	6	9066	买盘
13:09:54	15.09	--	5	7545	卖盘
13:09:24	15.09	-0.02	13	19617	卖盘
13:09:21	15.11	-0.01	26	39588	卖盘
13:09:12	15.12	0.01	10	15120	买盘
13:09:09	15.11	--	21	31731	卖盘
13:09:06	15.11	--	1	1511	卖盘
13:09:03	15.11	--	64	96704	卖盘
13:09:00	15.11	--	4	7252	卖盘
13:08:54	15.11	--	120	181320	卖盘
13:08:51	15.11	-0.01	13	19643	卖盘
13:08:48	15.12	0.01	63	95256	买盘
13:08:42	15.11	--	174	262914	卖盘
13:08:36	15.11	-0.01	18	27198	卖盘
13:08:27	15.12	--	11	16632	买盘
13:08:12	15.12	--	9	13608	买盘
13:07:57	15.12	--	28	42336	卖盘
13:07:48	15.12	--	3	4536	卖盘
13:07:42	15.12	--	1	1512	卖盘
13:07:39	15.12	0.01	11	16632	买盘
13:07:24	15.11	-0.02	13	19643	卖盘
13:07:12	15.13	--	9	13617	买盘
13:07:06	15.13	0.02	1	1513	买盘
13:07:03	15.11	-0.01	27	40797	卖盘
13:07:00	15.12	-0.01	1	1512	中性盘
13:06:30	15.13	--	27	40851	买盘
13:06:12	15.13	0.02	9	13617	买盘
13:06:00	15.11	-0.01	20	30220	卖盘
13:05:27	15.12	--	11	16632	买盘
13:05:12	15.12	--	9	13608	买盘
13:05:03	15.12	--	4	6048	买盘
13:04:57	15.12	-0.02	6	9072	中性盘
13:04:30	15.14	0.03	2	3028	买盘
13:04:27	15.11	-0.03	13	19643	卖盘
13:04:12	15.14	--	9	13626	买盘
13:03:57	15.14	0.03	3	4542	买盘
13:03:45	15.11	-0.01	13	19643	卖盘
13:03:42	15.12	-0.02	7	10584	卖盘
13:03:33	15.14	--	5	7570	买盘
13:03:12	15.14	--	9	13626	买盘
13:02:45	15.14	0.03	50	75700	买盘
13:02:36	15.11	--	8	12088	卖盘
13:02:33	15.11	--	1	1511	卖盘
13:02:30	15.11	--	26	39286	卖盘
13:02:27	15.11	-0.02	2	3022	卖盘
13:02:18	15.13	--	10	15130	买盘
13:02:12	15.13	--	9	13617	买盘
13:02:06	15.13	0.02	15	22695	买盘
13:02:00	15.11	--	27	40797	卖盘
13:01:57	15.11	-0.02	4	6044	卖盘
13:01:51	15.13	0.02	25	37825	买盘
13:01:48	15.11	--	2	3022	卖盘
13:01:45	15.11	-0.01	24	36264	卖盘
13:01:42	15.12	--	2	3024	卖盘
13:01:39	15.12	--	8	12096	卖盘
13:01:33	15.12	0.01	5	7560	中性盘
13:01:24	15.11	-0.02	27	40797	卖盘
13:01:18	15.13	0.02	5	7565	买盘
13:01:15	15.11	-0.02	2	3022	卖盘
13:01:12	15.13	0.02	9	13617	买盘
13:01:06	15.11	-0.02	36	54396	卖盘
13:00:45	15.13	0.01	43	65059	买盘
13:00:30	15.12	--	2	3024	卖盘
13:00:24	15.12	-0.01	2	3024	中性盘
13:00:12	15.13	0.02	9	13617	买盘
13:00:06	15.11	--	110	166210	卖盘
13:00:03	15.11	--	269	406761	卖盘
13:00:00	15.11	--	0	0	卖盘
11:30:00	15.11	--	3	4533	卖盘
11:29:51	15.11	--	81	122391	卖盘
11:29:48	15.11	-0.01	9	13599	卖盘
11:29:45	15.12	--	1	1512	卖盘
11:29:36	15.12	--	6	9072	卖盘
11:29:30	15.12	0.01	16	25099	买盘
11:29:18	15.11	-0.01	13	19643	卖盘
11:29:12	15.12	0.01	9	13608	买盘
11:29:09	15.11	0.01	155	234507	买盘
11:28:51	15.1	0.01	10	15100	买盘
11:28:30	15.09	--	5	7545	买盘
11:28:27	15.09	-0.01	5	7545	卖盘
11:28:12	15.1	0.02	24	36240	买盘
11:28:00	15.08	--	26	39208	卖盘
11:27:57	15.08	--	14	21112	卖盘
11:27:42	15.08	-0.01	1	1508	卖盘
11:27:36	15.09	--	2	3018	买盘
11:27:27	15.09	--	1	1509	买盘
11:27:21	15.09	-0.01	5	7545	卖盘
11:27:12	15.1	--	9	13590	买盘
11:27:03	15.1	0.01	10	15100	买盘
11:26:45	15.09	-0.01	5	7545	卖盘
11:26:36	15.1	--	13	19630	买盘
11:26:33	15.1	-0.01	30	45300	卖盘
11:26:27	15.11	--	6	9066	买盘
11:26:12	15.11	0.01	9	13599	买盘
11:26:06	15.1	-0.01	10	15100	卖盘
11:25:48	15.11	--	20	30220	买盘
11:25:36	15.11	--	18	27198	买盘
11:25:15	15.11	--	9	13599	买盘
11:25:12	15.11	0.01	9	13599	买盘
11:25:03	15.1	-0.01	1	1510	卖盘
11:24:57	15.11	0.01	5	7555	买盘
11:24:54	15.1	--	2	3020	卖盘
11:24:48	15.1	-0.01	39	59494	卖盘
11:24:42	15.11	--	1	1511	卖盘
11:24:24	15.11	--	4	6044	卖盘
11:24:18	15.11	-0.01	26	39286	卖盘
11:24:12	15.12	0.01	9	13608	买盘
11:24:06	15.11	--	3	4533	卖盘
11:24:00	15.11	0.01	43	65879	买盘
11:23:54	15.1	-0.01	1	1510	卖盘
11:23:45	15.11	--	6	9670	卖盘
11:23:42	15.11	--	1	1813	卖盘
11:23:39	15.11	--	38	57418	卖盘
11:23:36	15.11	--	26	39286	卖盘
11:23:30	15.11	-0.01	1	1511	卖盘
11:23:15	15.12	--	6	9072	买盘
11:23:12	15.12	--	9	13608	买盘
11:22:15	15.12	--	10	15120	买盘
11:22:12	15.12	0.01	9	13608	买盘
11:22:06	15.11	--	26	39890	买盘
11:22:03	15.11	--	44	66484	买盘
11:21:48	15.11	--	6	9066	买盘
11:21:45	15.11	0.01	2	3022	买盘
11:21:42	15.1	-0.01	1	1510	卖盘
11:21:15	15.11	--	40	60440	买盘
11:21:12	15.11	0.01	9	13599	买盘
11:21:09	15.1	--	6	9060	卖盘
11:21:06	15.1	0.01	17	25670	买盘
11:20:57	15.09	--	8	12675	卖盘
11:20:48	15.09	-0.01	22	33801	卖盘
11:20:45	15.1	--	5	7550	买盘
11:20:39	15.1	0.01	9	13590	买盘
11:20:33	15.09	--	32	48288	买盘
11:20:12	15.09	--	9	13581	买盘
11:20:09	15.09	0.01	10	15090	买盘
11:20:06	15.08	--	12	18096	卖盘
11:19:51	15.08	-0.02	1	1508	卖盘
11:19:39	15.1	0.02	10	15100	买盘
11:19:33	15.08	-0.02	9	13572	卖盘
11:19:12	15.1	0.02	9	13590	买盘
11:18:48	15.08	-0.02	2	3016	卖盘
11:18:45	15.1	0.02	1	1510	买盘
11:18:36	15.08	-0.02	3	4524	卖盘
11:18:21	15.1	--	4	6040	买盘
11:18:12	15.1	0.02	9	13590	买盘
11:17:48	15.08	--	2	3016	卖盘
11:17:24	15.08	--	9	13572	卖盘
11:17:15	15.08	-0.01	36	54288	卖盘
11:17:12	15.09	0.01	9	13581	买盘
11:17:09	15.08	-0.01	40	60320	卖盘
11:16:57	15.09	0.01	3	4527	买盘
11:16:54	15.08	-0.03	26	39208	卖盘
11:16:12	15.11	--	27	41703	买盘
11:16:06	15.11	0.02	5	7555	中性盘
11:15:54	15.09	-0.01	20	30180	卖盘
11:15:33	15.1	--	17	25670	卖盘
11:15:30	15.1	--	5	7550	卖盘
11:15:21	15.1	-0.02	20	30200	卖盘
11:15:12	15.12	0.02	9	13608	买盘
11:15:06	15.1	-0.01	20	30200	卖盘
11:15:03	15.11	--	10	15110	买盘
11:14:57	15.11	--	13	19643	买盘
11:14:48	15.11	--	9	14505	卖盘
11:14:39	15.11	0.01	39	59533	买盘
11:14:30	15.1	-0.01	20	30200	卖盘
11:14:12	15.11	--	9	13599	买盘
11:13:54	15.11	0.01	11	16621	买盘
11:13:48	15.1	--	4	6040	买盘
11:13:39	15.1	-0.01	20	30200	卖盘
11:13:30	15.11	0.01	12	18132	买盘
11:13:21	15.1	-0.01	24	36240	卖盘
11:13:12	15.11	0.01	9	13599	买盘
11:13:03	15.1	--	19	28690	卖盘
11:12:51	15.1	-0.01	4	6040	卖盘
11:12:45	15.11	0.01	29	43819	买盘
11:12:30	15.1	0.01	8	12080	买盘
11:12:27	15.09	--	16	24144	卖盘
11:12:24	15.09	-0.01	36	54324	卖盘
11:12:21	15.1	0.01	80	120800	买盘
11:12:18	15.09	-0.01	1	1509	卖盘
11:12:12	15.1	0.01	9	13590	买盘
11:11:54	15.09	--	1	1509	卖盘
11:11:39	15.09	--	9	13581	卖盘
11:11:36	15.09	--	36	54324	卖盘
11:11:27	15.09	-0.01	1	1509	卖盘
11:11:12	15.1	0.01	9	13590	买盘
11:11:09	15.09	--	2	3018	卖盘
11:11:03	15.09	--	26	39234	卖盘
11:11:00	15.09	--	3	4527	卖盘
11:10:48	15.09	--	10	15693	卖盘
11:10:45	15.09	--	2	3018	卖盘
11:10:36	15.09	--	17	25653	卖盘
11:10:27	15.09	--	11	16599	买盘
11:10:18	15.09	--	6	9054	卖盘
11:10:12	15.09	--	29	43761	卖盘
11:10:09	15.09	--	1	1509	卖盘
11:10:06	15.09	0.01	7	10563	买盘
11:10:03	15.08	0.01	3	4524	中性盘
11:10:00	15.07	-0.02	7	10549	卖盘
11:09:57	15.09	0.02	33	49797	买盘
11:09:51	15.07	-0.01	10	15070	卖盘
11:09:48	15.08	0.01	3	4524	中性盘
11:09:45	15.07	--	15	22605	卖盘
11:09:42	15.07	--	5	7535	卖盘
11:09:30	15.07	-0.02	1	1507	卖盘
11:09:12	15.09	--	9	13581	买盘
11:09:06	15.09	0.03	38	57342	买盘
11:08:45	15.06	--	1	1506	卖盘
11:08:39	15.06	-0.05	157	236442	卖盘
11:08:36	15.11	--	10	15110	买盘
11:08:30	15.11	--	9	14505	卖盘
11:08:24	15.11	--	5	7555	卖盘
11:08:18	15.11	0.01	5	8159	买盘
11:08:15	15.1	--	29	43790	卖盘
11:08:12	15.1	--	38	57380	卖盘
11:08:09	15.1	--	39	60052	买盘
11:07:57	15.1	-0.01	1	1857	卖盘
11:07:48	15.11	0.01	8	12088	买盘
11:07:39	15.1	--	7	10570	卖盘
11:07:33	15.1	--	7	11732	卖盘
11:07:21	15.1	-0.01	4	6342	中性盘
11:07:12	15.11	0.03	9	13599	买盘
11:07:03	15.08	--	20	30763	卖盘
11:06:45	15.08	-0.02	2	3016	卖盘
11:06:30	15.1	--	20	30200	买盘
11:06:24	15.1	--	7	10570	买盘
11:06:12	15.1	0.03	9	13590	买盘
11:05:36	15.07	-0.03	1	1507	中性盘
11:05:24	15.1	0.04	2	3020	买盘
11:05:18	15.06	0.01	1	1506	卖盘
11:05:12	15.05	-0.01	152	228760	卖盘
11:05:09	15.06	--	1	1506	卖盘
11:05:06	15.06	--	20	30120	卖盘
11:05:03	15.06	-0.01	7	10542	卖盘
11:05:00	15.07	0.01	9	13563	买盘
11:04:48	15.06	--	1	1506	卖盘
11:04:45	15.06	-0.01	2	3012	卖盘
11:04:39	15.07	-0.01	74	111518	卖盘
11:04:36	15.08	0.01	9	13572	中性盘
11:04:30	15.07	--	1	1507	卖盘
11:04:27	15.07	--	3	4521	卖盘
11:04:24	15.07	--	28	42196	卖盘
11:04:21	15.07	--	1	1507	卖盘
11:04:15	15.07	-0.02	5	7535	卖盘
11:04:12	15.09	0.02	9	13581	买盘
11:04:03	15.07	-0.03	2	3014	中性盘
11:03:12	15.1	--	9	13590	买盘
11:03:06	15.1	--	8	12080	买盘
11:02:27	15.1	--	2	3020	买盘
11:02:12	15.1	--	9	13590	买盘
11:01:57	15.1	-0.01	2	4228	卖盘
11:01:45	15.11	0.01	8	12088	买盘
11:01:27	15.1	--	6	9060	卖盘
11:01:21	15.1	--	10	15100	卖盘
11:01:15	15.1	-0.01	1	1812	卖盘
11:01:12	15.11	0.01	9	13599	买盘
11:00:39	15.1	--	7	10570	买盘
11:00:33	15.1	0.05	2	3020	买盘
11:00:24	15.05	-0.05	182	273910	卖盘
11:00:12	15.1	0.01	9	13590	买盘
10:59:21	15.09	-0.01	2	3621	卖盘
10:59:15	15.1	-0.01	30	45300	卖盘
10:59:12	15.11	0.02	9	13599	买盘
10:59:09	15.09	--	26	39234	卖盘
10:58:54	15.09	--	24	36216	卖盘
10:58:48	15.09	-0.02	5	7545	卖盘
10:58:42	15.11	0.02	7	10577	买盘
10:58:36	15.09	-0.01	1	1509	卖盘
10:58:27	15.1	--	4	6040	卖盘
10:58:21	15.1	-0.01	4	6040	卖盘
10:58:12	15.11	0.01	9	13599	买盘
10:57:54	15.1	--	2	3020	卖盘
10:57:48	15.1	-0.01	41	61910	卖盘
10:57:45	15.11	0.01	16	24176	买盘
10:57:42	15.1	--	1	1510	卖盘
10:57:39	15.1	-0.01	124	187240	卖盘
10:57:33	15.11	0.01	4	6044	买盘
10:57:27	15.1	--	2	3020	卖盘
10:57:21	15.1	--	27	40770	卖盘
10:57:18	15.1	--	3	4530	卖盘
10:57:12	15.1	--	73	110230	卖盘
10:57:09	15.1	--	1	1510	卖盘
10:56:48	15.1	--	0	604	卖盘
10:56:45	15.1	--	3	5436	卖盘
10:56:42	15.1	-0.01	7	10570	卖盘
10:56:39	15.11	0.01	42	63462	买盘
10:56:30	15.1	--	1	1510	卖盘
10:56:21	15.1	-0.01	1	1510	卖盘
10:56:12	15.11	0.01	9	13599	买盘
10:56:03	15.1	-0.01	34	51340	卖盘
10:56:00	15.11	0.01	7	10577	买盘
10:55:51	15.1	--	23	34730	卖盘
10:55:48	15.1	-0.01	1	1510	卖盘
10:55:39	15.11	0.01	80	120880	买盘
10:55:27	15.1	--	24	36240	卖盘
10:55:18	15.1	0.03	229	346545	买盘
10:55:12	15.07	--	12	18084	卖盘
10:54:54	15.07	-0.01	36	54252	卖盘
10:54:45	15.08	-0.01	15	22620	卖盘
10:54:42	15.09	--	57	86013	买盘
10:54:36	15.09	0.01	1	1509	买盘
10:54:27	15.08	--	13	19604	卖盘
10:54:24	15.08	-0.01	21	31668	卖盘
10:54:12	15.09	0.01	9	13581	买盘
10:54:06	15.08	--	2	3016	卖盘
10:54:00	15.08	--	19	28652	买盘
10:53:51	15.08	0.01	17	25636	买盘
10:53:48	15.07	--	23	34661	卖盘
10:53:39	15.07	--	10	15070	卖盘
10:53:36	15.07	0.02	2	3014	买盘
10:53:30	15.05	-0.01	23	34615	卖盘
10:53:27	15.06	--	17	25602	买盘
10:53:12	15.06	0.01	9	13554	买盘
10:52:51	15.05	-0.01	5	7525	卖盘
10:52:48	15.06	0.01	22	33132	买盘
10:52:42	15.05	--	40	60200	卖盘
10:52:39	15.05	--	61	91805	卖盘
10:52:36	15.05	--	3	4515	卖盘
10:52:30	15.05	-0.01	26	39130	卖盘
10:52:27	15.06	--	10	15060	卖盘
10:52:21	15.06	--	20	30120	买盘
10:52:12	15.06	--	9	13554	买盘
10:52:06	15.06	0.01	8	12048	买盘
10:52:03	15.05	--	46	69230	卖盘
10:52:00	15.05	--	23	34615	卖盘
10:51:51	15.05	-0.01	4	7239	卖盘
10:51:48	15.06	0.01	11	16566	买盘
10:51:39	15.05	--	5	7525	卖盘
10:51:33	15.05	--	100	150500	卖盘
10:51:30	15.05	-0.01	18	27090	卖盘
10:51:24	15.06	--	22	33132	卖盘
10:51:12	15.06	--	37	55722	卖盘
10:51:09	15.06	--	20	30120	卖盘
10:51:03	15.06	--	20	30120	卖盘
10:50:54	15.06	0.01	26	39156	中性盘
10:50:36	15.05	-0.02	46	69230	卖盘
10:50:30	15.07	--	8	12056	买盘
10:50:27	15.07	0.01	62	93434	买盘
10:50:21	15.06	-0.01	27	40662	卖盘
10:50:12	15.07	0.01	9	13563	买盘
10:50:09	15.06	0.01	7	10542	买盘
10:50:06	15.05	-0.01	28	42140	卖盘
10:50:03	15.06	--	2	3012	买盘
10:50:00	15.06	--	5	7530	买盘
10:49:57	15.06	--	20	30120	买盘
10:49:51	15.06	--	9	13554	买盘
10:49:48	15.06	--	10	15060	买盘
10:49:39	15.06	--	100	150600	买盘
10:49:30	15.06	--	10	15060	买盘
10:49:18	15.06	--	50	75300	买盘
10:49:12	15.06	--	10	15060	买盘
10:49:03	15.06	--	5	7530	买盘
10:49:00	15.06	-0.01	275	414150	卖盘
10:48:45	15.07	--	10	15070	买盘
10:48:36	15.07	--	30	45210	买盘
10:48:24	15.07	--	8	12056	买盘
10:48:12	15.07	0.01	9	13563	买盘
10:48:09	15.06	--	80	120480	卖盘
10:47:51	15.06	--	20	30120	卖盘
10:47:39	15.06	-0.01	3	4518	卖盘
10:47:33	15.07	--	20	30140	买盘
10:47:24	15.07	--	6	9042	买盘
10:47:21	15.07	--	8	12056	买盘
10:47:12	15.07	0.01	9	13563	买盘
10:46:54	15.06	-0.01	8	12048	卖盘
10:46:51	15.07	--	71	106997	买盘
10:46:39	15.07	--	10	15070	买盘
10:46:27	15.07	--	1	1507	买盘
10:46:15	15.07	--	31	46717	买盘
10:46:12	15.07	0.01	14	21098	买盘
10:45:39	15.06	-0.01	5	7530	卖盘
10:45:18	15.07	-0.01	4	7519	卖盘
10:45:15	15.08	--	5	7540	买盘
10:45:12	15.08	--	9	13572	买盘
10:45:00	15.08	--	20	30160	买盘
10:44:48	15.08	--	20	30175	买盘
10:44:42	15.08	--	5	7540	买盘
10:44:39	15.08	-0.01	9	13572	中性盘
10:44:12	15.09	--	9	13581	买盘
10:44:03	15.09	0.03	21	31689	买盘
10:43:51	15.06	--	8	12048	卖盘
10:43:33	15.06	-0.03	50	75300	卖盘
10:43:15	15.09	0.01	8	12072	买盘
10:43:12	15.08	-0.01	11	16588	卖盘
10:43:03	15.09	0.01	12	18108	买盘
10:42:51	15.08	--	5	7540	买盘
10:42:48	15.08	--	16	24128	买盘
10:42:12	15.08	0.01	14	21112	买盘
10:41:57	15.07	0.01	15	22605	买盘
10:41:54	15.06	--	30	45180	买盘
10:41:51	15.06	--	26	39156	买盘
10:41:30	15.06	--	4	6024	买盘
10:41:21	15.06	--	20	30120	买盘
10:41:12	15.06	--	9	13554	买盘
10:41:00	15.06	-0.01	14	21084	卖盘
10:40:36	15.07	--	4	6028	买盘
10:40:21	15.07	0.02	5	7535	买盘
10:40:15	15.05	-0.02	3	4515	卖盘
10:40:12	15.07	--	9	13563	买盘
10:40:06	15.07	0.02	4	6028	买盘
10:39:42	15.05	0.01	5	7525	买盘
10:39:36	15.04	-0.01	11	16544	卖盘
10:39:18	15.05	-0.02	5	7525	卖盘
10:39:15	15.07	--	4	6028	买盘
10:39:12	15.07	--	9	13563	买盘
10:39:06	15.07	--	3	5063	卖盘
10:38:36	15.07	--	15	23569	买盘
10:38:12	15.07	0.03	9	13563	买盘
10:38:09	15.04	-0.03	2	3008	卖盘
10:38:06	15.07	0.03	8	12056	买盘
10:38:00	15.04	--	8	12032	卖盘
10:37:57	15.04	--	60	90240	卖盘
10:37:54	15.04	--	80	120320	卖盘
10:37:39	15.04	-0.01	31	46624	卖盘
10:37:36	15.05	0.01	14	21070	买盘
10:37:30	15.04	-0.02	141	212424	卖盘
10:37:27	15.06	0.01	9	13554	买盘
10:37:21	15.05	--	28	42140	卖盘
10:37:18	15.05	-0.01	20	30100	卖盘
10:37:12	15.06	0.01	9	13554	买盘
10:37:09	15.05	--	6	9030	卖盘
10:37:06	15.05	--	8	12642	卖盘
10:37:03	15.05	--	30	45150	卖盘
10:37:00	15.05	--	10	15050	卖盘
10:36:57	15.05	--	5	7525	卖盘
10:36:51	15.05	--	70	105350	卖盘
10:36:48	15.05	-0.01	6	9030	卖盘
10:36:27	15.06	--	14	21084	卖盘
10:36:24	15.06	--	26	39156	卖盘
10:36:21	15.06	--	90	135540	卖盘
10:36:12	15.06	-0.01	192	289152	卖盘
10:36:00	15.07	--	1	1507	买盘
10:35:54	15.07	--	5	7535	买盘
10:35:51	15.07	--	36	54734	卖盘
10:35:39	15.07	--	70	105490	卖盘
10:35:36	15.07	--	7	10549	卖盘
10:35:27	15.07	-0.01	2	3014	卖盘
10:35:24	15.08	0.01	23	34684	买盘
10:35:18	15.07	-0.01	100	150700	卖盘
10:35:12	15.08	--	9	13572	买盘
10:34:57	15.08	--	34	51272	买盘
10:34:45	15.08	--	68	102544	买盘
10:34:39	15.08	--	18	27144	买盘
10:34:36	15.08	--	15	22620	买盘
10:34:33	15.08	0.01	24	36192	买盘
10:34:30	15.07	--	27	40689	卖盘
10:34:27	15.07	-0.01	2	3014	卖盘
10:34:21	15.08	--	24	36192	买盘
10:34:12	15.08	0.01	9	13572	买盘
10:34:09	15.07	-0.01	26	39182	卖盘
10:34:03	15.08	--	30	45240	买盘
10:33:57	15.08	--	149	225898	卖盘
10:33:51	15.08	--	1	1508	卖盘
10:33:36	15.08	--	6	9048	卖盘
10:33:27	15.08	--	0	301	卖盘
10:33:24	15.08	-0.01	19	28652	卖盘
10:33:12	15.09	--	10	15090	买盘
10:32:45	15.09	--	7	10563	买盘
10:32:39	15.09	--	1	1509	买盘
10:32:36	15.09	--	4	6036	买盘
10:32:12	15.09	--	29	43761	买盘
10:32:00	15.09	--	7	10563	买盘
10:31:51	15.09	--	10	15090	买盘
10:31:48	15.09	--	3	4527	买盘
10:31:42	15.09	--	13	19617	买盘
10:31:33	15.09	--	6	9054	卖盘
10:31:18	15.09	--	10	15090	买盘
10:31:12	15.09	--	49	73941	卖盘
10:31:03	15.09	--	39	58851	卖盘
10:31:00	15.09	-0.01	7	10563	卖盘
10:30:57	15.1	0.01	109	164590	买盘
10:30:18	15.09	-0.01	4	6036	卖盘
10:30:12	15.1	--	9	13590	买盘
10:29:33	15.1	0.01	50	75500	买盘
10:29:24	15.09	-0.01	5	7545	卖盘
10:29:12	15.1	0.02	9	13590	买盘
10:28:51	15.08	-0.02	26	39208	卖盘
10:28:27	15.1	--	2	3020	买盘
10:28:21	15.1	--	6	9060	买盘
10:28:12	15.1	--	9	13590	买盘
10:28:06	15.1	0.01	5	7550	买盘
10:27:45	15.09	--	2	4240	买盘
10:27:39	15.09	0.01	24	36216	买盘
10:27:33	15.08	--	5	7540	卖盘
10:27:30	15.08	--	8	12064	卖盘
10:27:21	15.08	-0.01	2	3016	卖盘
10:27:15	15.09	--	5	7545	买盘
10:27:12	15.09	0.01	9	13581	买盘
10:27:09	15.08	--	6	9048	卖盘
10:26:45	15.08	--	17	25636	卖盘
10:26:27	15.08	-0.01	21	31668	卖盘
10:26:24	15.09	0.01	5	7545	买盘
10:26:21	15.08	-0.01	1	1508	卖盘
10:26:12	15.09	--	9	13581	买盘
10:26:00	15.09	--	28	43187	买盘
10:25:51	15.09	0.01	207	312363	买盘
10:25:45	15.08	--	1	1508	卖盘
10:25:39	15.08	-0.01	94	141752	卖盘
10:25:33	15.09	0.01	6	9054	买盘
10:25:30	15.08	--	30	45240	卖盘
10:25:24	15.08	--	1	1508	卖盘
10:25:18	15.08	-0.01	1	1508	卖盘
10:25:12	15.09	0.01	9	13581	买盘
10:25:06	15.08	-0.01	10	15080	卖盘
10:25:03	15.09	--	11	16599	买盘
10:24:48	15.09	-0.01	551	831745	卖盘
10:24:39	15.1	-0.02	101	152510	卖盘
10:24:33	15.12	--	10	15120	买盘
10:24:24	15.12	--	20	30240	买盘
10:24:12	15.12	0.02	9	13608	买盘
10:23:57	15.1	--	3	5134	买盘
10:23:54	15.1	--	6	9060	买盘
10:23:33	15.1	--	5	7550	买盘
10:23:30	15.1	-0.02	36	55266	卖盘
10:23:12	15.12	0.02	9	13608	买盘
10:23:06	15.1	-0.02	2	3020	卖盘
10:22:57	15.12	0.01	19	28728	买盘
10:22:48	15.11	--	1	1511	买盘
10:22:27	15.11	--	8	12088	买盘
10:22:12	15.11	--	9	13599	买盘
10:22:03	15.11	0.01	7	10577	买盘
10:22:00	15.1	-0.01	20	30200	卖盘
10:21:51	15.11	0.01	15	22665	中性盘
10:21:24	15.1	--	83	126538	卖盘
10:21:21	15.1	-0.02	21	31710	卖盘
10:21:12	15.12	--	9	13608	买盘
10:20:48	15.12	0.01	10	15120	买盘
10:20:30	15.11	-0.01	4	6044	卖盘
10:20:18	15.12	0.01	20	30240	买盘
10:20:15	15.11	-0.01	1	1511	卖盘
10:20:12	15.12	--	9	13608	买盘
10:19:30	15.12	0.01	12	18144	买盘
10:19:27	15.11	--	77	117555	买盘
10:19:18	15.11	--	19	28709	买盘
10:19:12	15.11	0.01	9	13599	买盘
10:19:06	15.1	-0.01	40	60400	卖盘
10:18:24	15.11	-0.01	1	1511	中性盘
10:18:12	15.12	--	9	13608	买盘
10:18:03	15.12	0.02	70	105840	买盘
10:17:54	15.1	--	3	4530	卖盘
10:17:51	15.1	-0.02	30	46508	卖盘
10:17:45	15.12	0.01	19	28728	买盘
10:17:42	15.11	--	9	13599	卖盘
10:17:36	15.11	--	27	40797	买盘
10:17:30	15.11	0.01	17	25687	买盘
10:17:27	15.1	--	10	15100	卖盘
10:17:21	15.1	-0.02	15	22650	卖盘
10:17:18	15.12	0.02	1	1512	买盘
10:17:15	15.1	-0.02	5	7550	卖盘
10:17:12	15.12	0.02	9	13608	买盘
10:16:57	15.1	0.01	46	69460	买盘
10:16:45	15.09	-0.01	17	25653	卖盘
10:16:42	15.1	0.01	12	18120	买盘
10:16:39	15.09	--	30	45270	卖盘
10:16:36	15.09	--	17	25653	卖盘
10:16:30	15.09	-0.01	10	15090	卖盘
10:16:12	15.1	0.01	9	13590	买盘
10:15:57	15.09	-0.03	100	150900	卖盘
10:15:30	15.12	0.01	18	27216	买盘
10:15:24	15.11	-0.01	32	48352	卖盘
10:15:12	15.12	0.01	9	13608	买盘
10:15:00	15.11	--	2	3022	买盘
10:14:57	15.11	--	1	1511	卖盘
10:14:48	15.11	0.01	1	1511	中性盘
10:14:42	15.1	-0.01	39	58905	卖盘
10:14:39	15.11	--	1	1813	买盘
10:14:30	15.11	--	51	77061	买盘
10:14:24	15.11	--	47	72225	卖盘
10:14:21	15.11	--	1	1813	卖盘
10:14:15	15.11	-0.01	46	69506	卖盘
10:14:12	15.12	--	9	13608	买盘
10:14:03	15.12	--	9	13608	买盘
10:13:54	15.12	0.01	47	71064	买盘
10:13:51	15.11	--	10	15110	卖盘
10:13:33	15.11	-0.01	3	4533	卖盘
10:13:24	15.12	--	8	12096	买盘
10:13:12	15.12	0.01	20	30240	买盘
10:12:54	15.11	-0.01	1	1511	买盘
10:12:51	15.12	0.01	69	104328	买盘
10:12:48	15.11	0.01	9	13599	买盘
10:12:45	15.1	-0.01	24	37448	卖盘
10:12:42	15.11	--	6	9066	买盘
10:12:36	15.11	--	56	84616	买盘
10:12:12	15.11	--	9	13599	买盘
10:12:09	15.11	--	7	10577	买盘
10:12:06	15.11	--	8	12088	买盘
10:12:03	15.11	--	13	19945	卖盘
10:11:51	15.11	--	2	3626	卖盘
10:11:42	15.11	--	2	3626	卖盘
10:11:33	15.11	--	3	4533	卖盘
10:11:30	15.11	--	40	60440	买盘
10:11:21	15.11	--	10	15110	买盘
10:11:12	15.11	--	9	13599	买盘
10:11:09	15.11	--	19	28709	买盘
10:11:00	15.11	0.01	5	7555	买盘
10:10:57	15.1	--	13	19630	卖盘
10:10:45	15.1	-0.01	2	3020	卖盘
10:10:42	15.11	--	17	25687	卖盘
10:10:39	15.11	-0.01	6	9066	卖盘
10:10:36	15.12	0.01	6	9072	买盘
10:10:33	15.11	0.01	10	15110	买盘
10:10:30	15.1	-0.01	8	12080	卖盘
10:10:24	15.11	0.01	2	3022	买盘
10:10:21	15.1	-0.02	29	43790	卖盘
10:10:12	15.12	--	9	13608	买盘
10:09:51	15.12	--	5	7560	买盘
10:09:48	15.12	0.02	4	6048	买盘
10:09:45	15.1	-0.02	32	48320	卖盘
10:09:42	15.12	--	20	30240	买盘
10:09:36	15.12	0.02	3	4536	买盘
10:09:33	15.1	-0.02	21	31710	卖盘
10:09:30	15.12	0.02	11	16632	买盘
10:09:21	15.1	-0.02	100	151000	卖盘
10:09:12	15.12	0.01	9	13608	买盘
10:09:06	15.11	--	12	18132	买盘
10:08:45	15.11	--	55	84585	卖盘
10:08:18	15.11	0.01	0	30	买盘
10:08:12	15.1	--	19	28690	卖盘
10:08:00	15.1	--	2	3020	卖盘
10:07:57	15.1	0.01	100	151000	买盘
10:07:51	15.09	--	8	12072	卖盘
10:07:39	15.09	--	1	1509	卖盘
10:07:36	15.09	--	50	75450	卖盘
10:07:27	15.09	-0.01	2	3018	卖盘
10:07:21	15.1	--	6	9060	卖盘
10:07:18	15.1	--	10	15100	卖盘
10:07:15	15.1	-0.01	2	3020	卖盘
10:07:12	15.11	--	9	13599	买盘
10:07:06	15.11	--	8	12088	买盘
10:06:57	15.11	--	8	13568	卖盘
10:06:39	15.11	-0.02	200	302200	卖盘
10:06:33	15.13	0.01	3	4539	买盘
10:06:24	15.12	--	1	1512	卖盘
10:06:21	15.12	--	0	30	卖盘
10:06:18	15.12	0.01	38	57456	买盘
10:06:12	15.11	--	10	15110	卖盘
10:06:06	15.11	0.01	6	9066	买盘
10:06:03	15.1	-0.01	10	15100	卖盘
10:05:54	15.11	--	18	27198	卖盘
10:05:48	15.11	-0.01	50	75550	卖盘
10:05:30	15.12	-0.01	38	57456	卖盘
10:05:12	15.13	--	9	13617	买盘
10:05:06	15.13	0.01	4	6052	买盘
10:05:03	15.12	-0.01	4	6048	卖盘
10:05:00	15.13	--	1	1513	卖盘
10:04:54	15.13	--	3	4539	卖盘
10:04:48	15.13	0.01	34	51442	买盘
10:04:39	15.12	--	8	12096	买盘
10:04:24	15.12	-0.01	2	3024	中性盘
10:04:15	15.13	--	15	22695	买盘
10:04:12	15.13	0.02	9	13617	买盘
10:04:09	15.11	--	1	1511	卖盘
10:04:00	15.11	-0.02	5	7555	卖盘
10:03:51	15.13	0.02	15	22695	买盘
10:03:36	15.11	-0.02	20	30220	卖盘
10:03:30	15.13	0.02	5	7565	买盘
10:03:15	15.11	-0.02	10	15110	卖盘
10:03:12	15.13	0.02	9	13617	买盘
10:03:06	15.11	--	32	48352	卖盘
10:03:03	15.11	--	1	1511	卖盘
10:02:36	15.11	--	4	6044	卖盘
10:02:33	15.11	0.01	29	43819	买盘
10:02:30	15.1	--	6	9060	卖盘
10:02:27	15.1	-0.01	22	33220	卖盘
10:02:18	15.11	--	15	22665	买盘
10:02:12	15.11	0.01	9	13599	买盘
10:01:57	15.1	--	62	93620	卖盘
10:01:45	15.1	--	13	19630	卖盘
10:01:36	15.1	0.01	1	2718	买盘
10:01:30	15.09	--	20	30180	卖盘
10:01:24	15.09	--	108	163877	买盘
10:01:15	15.09	-0.01	5	8148	卖盘
10:01:12	15.1	0.01	9	13590	买盘
10:01:03	15.09	--	5	7545	卖盘
10:00:45	15.09	--	77	116193	卖盘
10:00:36	15.09	-0.01	47	70923	卖盘
10:00:27	15.1	0.01	3	4530	买盘
10:00:24	15.09	--	9	13581	卖盘
10:00:15	15.09	-0.01	29	43761	卖盘
10:00:12	15.1	--	9	13590	买盘
10:00:03	15.1	--	47	71272	卖盘
09:59:57	15.1	-0.01	70	105700	卖盘
09:59:54	15.11	--	2	3022	卖盘
09:59:48	15.11	--	35	52885	卖盘
09:59:30	15.11	--	70	105770	卖盘
09:59:24	15.11	--	4	6044	卖盘
09:59:15	15.11	-0.01	174	262914	卖盘
09:59:09	15.12	-0.01	60	90720	卖盘
09:59:03	15.13	--	33	49929	卖盘
09:58:57	15.13	--	48	72624	卖盘
09:58:54	15.13	--	4	6052	卖盘
09:58:51	15.13	--	24	36312	卖盘
09:58:48	15.13	--	4	6052	卖盘
09:58:39	15.13	--	6	9078	卖盘
09:58:36	15.13	--	1	1513	卖盘
09:58:30	15.13	--	6	9078	卖盘
09:58:18	15.13	-0.01	4	6052	卖盘
09:58:12	15.14	0.01	4	6056	买盘
09:58:09	15.13	--	44	66572	卖盘
09:58:03	15.13	--	1	1513	卖盘
09:57:54	15.13	0.01	10	15130	中性盘
09:57:48	15.12	0.01	7	10584	买盘
09:57:39	15.11	--	45	67995	卖盘
09:57:36	15.11	-0.01	1	1511	卖盘
09:57:30	15.12	--	26	39312	买盘
09:57:27	15.12	-0.01	7	10584	卖盘
09:57:21	15.13	0.01	4	6052	买盘
09:57:15	15.12	--	10	15120	卖盘
09:57:09	15.12	--	1	1512	买盘
09:56:51	15.12	--	8	12096	卖盘
09:56:45	15.12	-0.01	15	22680	卖盘
09:56:42	15.13	--	1	1513	买盘
09:56:24	15.13	--	7	10591	买盘
09:56:21	15.13	0.02	54	81702	买盘
09:56:00	15.11	-0.01	33	49863	卖盘
09:55:57	15.12	--	10	15120	卖盘
09:55:54	15.12	--	41	61992	买盘
09:55:48	15.12	--	27	40824	买盘
09:55:45	15.12	--	26	39312	买盘
09:55:42	15.12	--	2	3024	买盘
09:55:39	15.12	--	135	204120	买盘
09:55:33	15.12	0.01	9	13608	买盘
09:55:30	15.11	0.01	28	42308	卖盘
09:55:27	15.1	-0.01	33	51038	卖盘
09:55:21	15.11	--	2	3022	买盘
09:55:18	15.11	0.01	2	3022	买盘
09:55:15	15.1	-0.01	5	7550	卖盘
09:55:12	15.11	--	45	67995	买盘
09:55:09	15.11	0.01	42	63462	买盘
09:55:06	15.1	--	1	1510	卖盘
09:55:03	15.1	-0.01	1	1510	卖盘
09:55:00	15.11	0.01	10	15110	买盘
09:54:57	15.1	--	33	49830	卖盘
09:54:51	15.1	--	4	6040	买盘
09:54:48	15.1	0.01	42	63420	买盘
09:54:39	15.09	-0.01	0	905	卖盘
09:54:36	15.1	-0.01	5	7550	卖盘
09:54:33	15.11	0.02	20	30220	买盘
09:54:30	15.09	--	4	6036	卖盘
09:54:24	15.09	-0.01	70	105630	卖盘
09:54:18	15.1	0.01	100	151000	买盘
09:54:15	15.09	-0.01	1	1509	卖盘
09:54:12	15.1	0.01	18	27180	买盘
09:54:00	15.09	--	9	13581	卖盘
09:53:51	15.09	--	6	9054	卖盘
09:53:48	15.09	--	24	36216	卖盘
09:53:42	15.09	-0.01	9	13581	卖盘
09:53:33	15.1	--	24	36240	买盘
09:53:30	15.1	--	10	15100	买盘
09:53:27	15.1	--	12	18120	买盘
09:53:12	15.1	--	5	7550	买盘
09:53:03	15.1	--	24	36240	卖盘
09:53:00	15.1	--	6	9060	卖盘
09:52:54	15.1	--	66	99660	卖盘
09:52:48	15.1	--	5	7550	卖盘
09:52:45	15.1	--	30	45300	卖盘
09:52:36	15.1	--	22	33220	卖盘
09:52:33	15.1	-0.01	4	6040	卖盘
09:52:30	15.11	0.01	10	15110	买盘
09:52:27	15.1	--	5	7550	卖盘
09:52:21	15.1	--	20	30200	卖盘
09:52:06	15.1	--	5	7550	卖盘
09:52:00	15.1	--	1	1510	卖盘
09:51:51	15.1	--	20	30200	卖盘
09:51:48	15.1	--	9	13590	卖盘
09:51:45	15.1	--	1	1510	卖盘
09:51:39	15.1	--	27	40770	卖盘
09:51:33	15.1	0.01	83	125330	买盘
09:51:15	15.09	--	4	6036	卖盘
09:51:03	15.09	0.02	14	21126	中性盘
09:50:48	15.07	-0.03	81	122067	卖盘
09:50:45	15.1	0.01	9	13590	买盘
09:50:39	15.09	0.01	12	18108	买盘
09:50:36	15.08	--	15	22620	卖盘
09:50:27	15.08	-0.01	100	150800	卖盘
09:50:21	15.09	--	7	10563	卖盘
09:50:18	15.09	0.01	35	52815	买盘
09:50:15	15.08	--	18	27144	卖盘
09:50:12	15.08	-0.01	2	3016	卖盘
09:50:06	15.09	--	56	84504	买盘
09:49:51	15.09	0.01	10	15090	买盘
09:49:48	15.08	-0.01	10	15080	卖盘
09:49:27	15.09	--	10	15090	买盘
09:49:21	15.09	--	5	7545	卖盘
09:49:18	15.09	0.01	9	13581	卖盘
09:48:54	15.08	-0.03	0	1025	卖盘
09:48:24	15.11	0.03	65	98215	买盘
09:48:21	15.08	-0.02	14	21112	卖盘
09:48:18	15.1	--	2	3020	卖盘
09:48:15	15.1	-0.01	38	57380	卖盘
09:48:12	15.11	--	10	15110	买盘
09:48:09	15.11	--	5	7555	买盘
09:48:03	15.11	-0.01	4	6044	卖盘
09:48:00	15.12	0.01	6	9072	买盘
09:47:57	15.11	--	1	1511	卖盘
09:47:42	15.11	--	1	1511	卖盘
09:47:39	15.11	-0.01	6	9066	卖盘
09:47:36	15.12	0.01	12	18144	买盘
09:47:30	15.11	--	1	1511	卖盘
09:47:27	15.11	0.02	4	6044	买盘
09:47:21	15.09	--	5	7545	卖盘
09:47:12	15.09	0.03	1	1509	买盘
09:47:06	15.06	-0.06	43	64758	卖盘
09:47:03	15.12	--	11	16632	买盘
09:47:00	15.12	0.06	15	22680	买盘
09:46:48	15.06	--	18	27725	买盘
09:46:45	15.06	--	506	762578	买盘
09:46:42	15.06	--	10	15060	买盘
09:46:36	15.06	--	58	87348	买盘
09:46:33	15.06	0.01	63	94878	买盘
09:46:27	15.05	-0.01	4	6020	卖盘
09:46:24	15.06	--	103	155118	买盘
09:46:21	15.06	-0.06	644	970752	卖盘
09:46:18	15.12	0.01	45	68040	买盘
09:46:09	15.11	-0.01	2	3022	卖盘
09:46:06	15.12	0.01	4	6048	买盘
09:45:57	15.11	--	24	36264	卖盘
09:45:54	15.11	0.01	24	36264	买盘
09:45:42	15.1	-0.03	13	19630	中性盘
09:45:30	15.13	0.05	11	16643	买盘
09:45:27	15.08	-0.01	26	39208	卖盘
09:45:18	15.09	-0.01	24	36216	卖盘
09:45:03	15.1	-0.01	2	3020	卖盘
09:44:54	15.11	0.01	17	25687	买盘
09:44:51	15.1	--	20	30200	卖盘
09:44:45	15.1	0.01	25	37750	买盘
09:44:36	15.09	0.02	5	7545	买盘
09:44:33	15.07	-0.01	6	9042	卖盘
09:44:30	15.08	--	4	7238	卖盘
09:44:27	15.08	--	26	39208	买盘
09:44:15	15.08	0.01	169	254852	中性盘
09:44:06	15.07	--	13	19591	买盘
09:44:03	15.07	0.01	45	67815	中性盘
09:43:54	15.06	--	28	42168	卖盘
09:43:42	15.06	--	7	11460	买盘
09:43:39	15.06	-0.05	12	18659	卖盘
09:43:27	15.11	-0.03	620	936820	卖盘
09:43:24	15.14	--	21	31794	买盘
09:43:12	15.14	0.01	2	3028	买盘
09:43:09	15.13	0.03	5	7565	买盘
09:42:57	15.1	-0.04	4	6040	中性盘
09:42:48	15.14	0.07	200	302800	买盘
09:42:45	15.07	--	10	15070	卖盘
09:42:39	15.07	-0.01	13	19591	卖盘
09:42:36	15.08	--	34	51272	买盘
09:42:33	15.08	0.01	22	33176	买盘
09:42:27	15.07	-0.01	30	45210	卖盘
09:42:24	15.08	-0.02	39	58812	卖盘
09:42:15	15.1	0.02	12	18120	买盘
09:42:12	15.08	--	1	1508	卖盘
09:42:09	15.08	--	1	1508	卖盘
09:42:00	15.08	0.01	1	1508	卖盘
09:41:57	15.07	--	10	15070	卖盘
09:41:51	15.07	--	18	27126	卖盘
09:41:48	15.07	--	35	52745	卖盘
09:41:39	15.07	--	9	14482	买盘
09:41:36	15.07	--	20	30140	买盘
09:41:33	15.07	--	10	15070	买盘
09:41:27	15.07	--	37	55759	买盘
09:41:15	15.07	0.01	46	69322	买盘
09:41:06	15.06	-0.01	4	6024	卖盘
09:41:00	15.07	0.01	10	15070	买盘
09:40:57	15.06	--	5	7530	卖盘
09:40:54	15.06	--	14	21084	卖盘
09:40:48	15.06	--	22	33132	卖盘
09:40:45	15.06	-0.01	40	60240	卖盘
09:40:42	15.07	0.01	14	21098	买盘
09:40:39	15.06	-0.01	316	475896	卖盘
09:40:36	15.07	--	8	12056	买盘
09:40:33	15.07	--	10	15070	买盘
09:40:27	15.07	-0.03	585	882182	卖盘
09:40:24	15.1	-0.02	30	45300	卖盘
09:40:21	15.12	0.02	16	24192	买盘
09:40:12	15.1	--	32	48320	卖盘
09:40:09	15.1	0.03	1	1510	中性盘
09:39:57	15.07	-0.05	210	317389	卖盘
09:39:54	15.12	--	25	37800	卖盘
09:39:51	15.12	--	5	7560	卖盘
09:39:45	15.12	--	12	18144	卖盘
09:39:36	15.12	0.02	4	6410	买盘
09:39:33	15.1	--	16	24160	卖盘
09:39:27	15.1	--	45	67950	卖盘
09:39:15	15.1	--	3	4530	卖盘
09:39:12	15.1	-0.02	15	22650	卖盘
09:39:06	15.12	0.02	30	45360	买盘
09:39:03	15.1	-0.02	24	36240	卖盘
09:39:00	15.12	--	26	39312	买盘
09:38:57	15.12	--	112	170493	卖盘
09:38:48	15.12	-0.01	123	185976	卖盘
09:38:45	15.13	-0.02	1	1513	卖盘
09:38:39	15.15	--	2	3030	卖盘
09:38:30	15.15	--	6	9090	买盘
09:38:24	15.15	0.03	3	4545	买盘
09:38:15	15.12	--	113	171218	买盘
09:38:12	15.12	--	61	92232	买盘
09:38:09	15.12	0.01	7	10584	卖盘
09:37:57	15.11	--	46	69506	买盘
09:37:54	15.11	-0.05	27	40797	卖盘
09:37:51	15.16	0.04	8	12128	买盘
09:37:48	15.12	--	100	151200	买盘
09:37:42	15.12	0.01	1	1512	买盘
09:37:39	15.11	-0.01	6	9066	卖盘
09:37:33	15.12	-0.04	894	1352151	卖盘
09:37:21	15.16	-0.02	10	15160	卖盘
09:37:09	15.18	--	5	7590	买盘
09:37:03	15.18	--	8	12144	买盘
09:36:54	15.18	--	8	12144	买盘
09:36:51	15.18	-0.01	33	50094	买盘
09:36:45	15.19	--	5	7595	买盘
09:36:36	15.19	0.01	8	12152	买盘
09:36:24	15.18	--	30	45540	卖盘
09:36:21	15.18	0.03	35	53433	买盘
09:36:15	15.15	--	11	16665	买盘
09:36:12	15.15	-0.02	17	26967	卖盘
09:36:09	15.17	0.02	3	4551	中性盘
09:36:00	15.15	--	20	30300	卖盘
09:35:57	15.15	-0.01	25	37875	卖盘
09:35:54	15.16	-0.03	26	39416	卖盘
09:35:51	15.19	0.03	4	6076	买盘
09:35:48	15.16	-0.01	52	78832	卖盘
09:35:45	15.17	-0.02	2	3034	中性盘
09:35:42	15.19	--	8	12152	买盘
09:35:39	15.19	0.01	50	75950	买盘
09:35:33	15.18	-0.01	149	226182	卖盘
09:35:24	15.19	--	14	21266	买盘
09:35:18	15.19	--	11	16709	卖盘
09:35:03	15.19	0.01	55	83545	中性盘
09:34:54	15.18	-0.02	26	39468	卖盘
09:34:51	15.2	--	5	7600	买盘
09:34:45	15.2	0.01	6	9120	买盘
09:34:39	15.19	0.01	37	56203	买盘
09:34:24	15.18	0.02	32	48576	买盘
09:34:03	15.16	--	14	21224	买盘
09:33:48	15.16	--	2	3032	卖盘
09:33:45	15.16	--	1	1516	卖盘
09:33:42	15.16	0.01	8	12128	买盘
09:33:33	15.15	--	1	1818	卖盘
09:33:30	15.15	-0.01	30	45450	卖盘
09:33:24	15.16	0.01	30	45480	买盘
09:33:18	15.15	--	4	6060	卖盘
09:33:15	15.15	--	2	3030	卖盘
09:33:06	15.15	--	3	4545	卖盘
09:33:00	15.15	--	80	121200	卖盘
09:32:54	15.15	--	15	22725	卖盘
09:32:45	15.15	--	8	12120	买盘
09:32:42	15.15	--	1	1515	买盘
09:32:39	15.15	0.01	7	10605	买盘
09:32:30	15.14	-0.01	8	12112	卖盘
09:32:27	15.15	--	26	39390	买盘
09:32:24	15.15	0.01	60	90900	买盘
09:32:21	15.14	--	17	25738	卖盘
09:32:12	15.14	--	1	1514	卖盘
09:32:09	15.14	-0.01	4	6056	卖盘
09:32:06	15.15	0.02	28	42420	买盘
09:32:00	15.13	--	35	52955	卖盘
09:31:51	15.13	--	7	10591	卖盘
09:31:33	15.13	--	17	25721	卖盘
09:31:12	15.13	--	5	8351	买盘
09:31:06	15.13	--	30	46116	卖盘
09:30:57	15.13	--	4	6838	买盘
09:30:51	15.13	--	11	16643	买盘
09:30:48	15.13	--	3	5265	卖盘
09:30:39	15.13	--	26	40124	买盘
09:30:36	15.13	--	0	907	卖盘
09:30:24	15.13	-0.05	1	1513	卖盘
09:30:18	15.18	0.05	20	30360	买盘
09:30:15	15.13	--	4	6052	卖盘
09:30:12	15.13	--	1	2118	买盘
09:30:09	15.13	0.01	10	15130	买盘
09:30:06	15.12	-0.04	68	102816	卖盘
09:30:03	15.16	0.03	8	12128	中性盘
09:30:00	15.13	--	0	0	卖盘
09:25:03	15.13	15.13	83	125579	买盘
