成交时间	成交价	价格变动	成交量(手)	成交额(元)	性质
15:00:03	17.46	--	1817	3172482	买盘
14:57:00	17.46	--	11	19206	买盘
14:56:57	17.46	--	18	31428	买盘
14:56:51	17.46	--	5	8730	买盘
14:56:48	17.46	0.01	20	34920	买盘
14:56:45	17.45	--	71	123895	卖盘
14:56:42	17.45	-0.01	86	150558	卖盘
14:56:39	17.46	0.01	73	127458	买盘
14:56:36	17.45	--	123	214635	卖盘
14:56:33	17.45	--	21	36645	卖盘
14:56:30	17.45	-0.01	389	678805	卖盘
14:56:27	17.46	--	22	38412	买盘
14:56:24	17.46	--	37	64602	买盘
14:56:21	17.46	--	610	1065060	买盘
14:56:18	17.46	--	225	392850	买盘
14:56:15	17.46	--	12	20952	买盘
14:56:12	17.46	--	9	15714	买盘
14:56:09	17.46	--	5	8730	买盘
14:56:06	17.46	0.01	15	26190	买盘
14:56:03	17.45	-0.01	21	36645	卖盘
14:56:00	17.46	--	12	20952	买盘
14:55:57	17.46	0.01	141	246186	买盘
14:55:54	17.45	-0.01	31	54095	卖盘
14:55:51	17.46	--	21	36666	卖盘
14:55:48	17.46	--	133	232218	卖盘
14:55:45	17.46	--	50	87300	卖盘
14:55:42	17.46	-0.01	13	22698	卖盘
14:55:39	17.47	0.02	153	267291	买盘
14:55:36	17.45	--	21	36645	卖盘
14:55:33	17.45	--	164	287785	卖盘
14:55:30	17.45	-0.01	26	45370	卖盘
14:55:27	17.46	--	131	228726	买盘
14:55:24	17.46	--	13	22698	买盘
14:55:18	17.46	--	67	116982	买盘
14:55:15	17.46	--	10	17460	买盘
14:55:12	17.46	--	6	10476	买盘
14:55:09	17.46	--	410	716104	卖盘
14:55:06	17.46	--	13	22698	卖盘
14:55:03	17.46	-0.01	29	50634	卖盘
14:55:00	17.47	0.01	49	85603	买盘
14:54:57	17.46	-0.01	10	17460	卖盘
14:54:54	17.47	0.01	8	13976	买盘
14:54:51	17.46	--	174	305305	买盘
14:54:48	17.46	--	36	62856	买盘
14:54:45	17.46	--	30	52380	买盘
14:54:42	17.46	--	10	17460	买盘
14:54:39	17.46	--	136	237700	卖盘
14:54:36	17.46	--	104	181584	卖盘
14:54:33	17.46	--	14	24444	卖盘
14:54:30	17.46	--	53	92538	卖盘
14:54:27	17.46	--	203	354438	卖盘
14:54:24	17.46	--	4	6984	卖盘
14:54:21	17.46	--	290	507841	买盘
14:54:18	17.46	0.01	12	22680	买盘
14:54:15	17.45	-0.01	13	22685	卖盘
14:54:12	17.46	0.01	12	20952	中性盘
14:54:09	17.45	-0.01	500	872500	卖盘
14:54:06	17.46	--	20	36456	卖盘
14:54:03	17.46	--	32	55872	买盘
14:53:57	17.46	--	3	5238	买盘
14:53:54	17.46	--	8	13968	买盘
14:53:51	17.46	--	50	87300	买盘
14:53:48	17.46	-0.01	31	54126	卖盘
14:53:45	17.47	0.01	20	34940	买盘
14:53:42	17.46	--	57	99522	卖盘
14:53:39	17.46	--	30	52799	买盘
14:53:36	17.46	--	7	13548	卖盘
14:53:33	17.46	--	54	94703	买盘
14:53:30	17.46	--	67	116982	买盘
14:53:27	17.46	--	10	18786	卖盘
14:53:24	17.46	--	12	21371	卖盘
14:53:21	17.46	-0.01	20	34920	卖盘
14:53:18	17.47	0.01	22	38434	买盘
14:53:15	17.46	--	294	513324	买盘
14:53:12	17.46	--	33	57618	买盘
14:53:09	17.46	--	20	34920	买盘
14:53:06	17.46	--	2	3492	买盘
14:53:03	17.46	-0.01	70	122220	中性盘
14:53:00	17.47	0.02	239	417533	买盘
14:52:57	17.45	-0.02	74	129130	卖盘
14:52:54	17.47	--	4	6988	买盘
14:52:51	17.47	--	18	31445	买盘
14:52:48	17.47	--	10	17470	买盘
14:52:45	17.47	0.01	108	188676	买盘
14:52:42	17.46	--	3	5238	买盘
14:52:39	17.46	-0.01	130	226980	买盘
14:52:36	17.47	--	9	15722	买盘
14:52:33	17.47	0.01	73	127530	买盘
14:52:30	17.46	0.01	20	36648	中性盘
14:52:24	17.45	-0.03	217	378665	卖盘
14:52:21	17.48	0.02	2000	3496000	买盘
14:52:18	17.46	--	17	29682	买盘
14:52:15	17.46	-0.01	6	10476	卖盘
14:52:09	17.47	--	22	38434	卖盘
14:52:06	17.47	--	95	165965	中性盘
14:52:03	17.47	0.01	2	3494	买盘
14:52:00	17.46	-0.01	130	226980	卖盘
14:51:57	17.47	0.02	318	555546	买盘
14:51:54	17.45	-0.01	1005	1753725	卖盘
14:51:51	17.46	--	205	357930	卖盘
14:51:48	17.46	-0.01	118	206028	卖盘
14:51:45	17.47	0.01	16	27952	买盘
14:51:42	17.46	--	10	17460	卖盘
14:51:39	17.46	--	225	392850	卖盘
14:51:36	17.46	--	122	213012	买盘
14:51:33	17.46	0.01	3	5238	买盘
14:51:30	17.45	--	38	68037	买盘
14:51:27	17.45	--	21	36645	买盘
14:51:24	17.45	--	381	664845	买盘
14:51:21	17.45	--	109	190222	卖盘
14:51:18	17.45	--	2200	3839000	卖盘
14:51:15	17.45	--	2	3490	卖盘
14:51:12	17.45	-0.01	20	34900	卖盘
14:51:09	17.46	--	60	104760	买盘
14:51:06	17.46	--	2	3492	买盘
14:51:03	17.46	0.01	10	19188	买盘
14:51:00	17.45	-0.01	1	1745	卖盘
14:50:57	17.46	--	259	452214	买盘
14:50:54	17.46	0.01	21	37329	买盘
14:50:51	17.45	--	60	104700	买盘
14:50:48	17.45	--	38	66310	买盘
14:50:45	17.45	--	41	71545	买盘
14:50:42	17.45	--	48	84841	卖盘
14:50:39	17.45	--	29	51268	买盘
14:50:36	17.45	-0.01	288	503641	卖盘
14:50:33	17.46	0.01	10	17460	买盘
14:50:27	17.45	--	175	306038	买盘
14:50:24	17.45	0.01	110	191950	买盘
14:50:21	17.44	-0.01	75	130800	卖盘
14:50:18	17.45	--	10	17450	买盘
14:50:15	17.45	--	27	47115	买盘
14:50:12	17.45	0.01	211	368195	买盘
14:50:09	17.44	-0.01	562	980128	卖盘
14:50:06	17.45	--	28	48860	买盘
14:50:03	17.45	-0.01	856	1494801	卖盘
14:50:00	17.46	0.01	31	54126	买盘
14:49:57	17.45	--	4	6980	卖盘
14:49:54	17.45	-0.01	3	5235	卖盘
14:49:51	17.46	--	75	130950	买盘
14:49:48	17.46	--	1	1746	买盘
14:49:45	17.46	0.01	115	200790	买盘
14:49:42	17.45	-0.01	34	59330	卖盘
14:49:39	17.46	--	169	295074	买盘
14:49:36	17.46	0.01	1	1746	买盘
14:49:33	17.45	-0.01	4	6980	卖盘
14:49:30	17.46	--	45	78570	买盘
14:49:27	17.46	0.01	909	1587114	买盘
14:49:24	17.45	--	146	254770	卖盘
14:49:21	17.45	-0.01	55	95975	卖盘
14:49:18	17.46	0.01	22	38412	买盘
14:49:15	17.45	-0.01	33	57585	卖盘
14:49:12	17.46	--	5	8730	买盘
14:49:09	17.46	0.01	7	12222	买盘
14:49:06	17.45	-0.01	38	66310	卖盘
14:49:03	17.46	0.01	324	565704	买盘
14:49:00	17.45	--	75	130875	卖盘
14:48:57	17.45	--	7	12878	买盘
14:48:54	17.45	--	624	1088880	买盘
14:48:51	17.45	--	7	12215	买盘
14:48:48	17.45	--	28	48860	买盘
14:48:45	17.45	--	13	22685	买盘
14:48:42	17.45	--	5	8725	买盘
14:48:39	17.45	0.01	61	106445	买盘
14:48:36	17.44	-0.01	26	45344	卖盘
14:48:33	17.45	--	9	15705	买盘
14:48:30	17.45	0.01	28	48860	买盘
14:48:27	17.44	-0.01	53	92432	卖盘
14:48:24	17.45	0.01	32	55840	买盘
14:48:21	17.44	-0.01	22	38368	卖盘
14:48:18	17.45	--	332	579340	买盘
14:48:15	17.45	--	13	22685	买盘
14:48:12	17.45	--	7	12215	买盘
14:48:09	17.45	--	5	8725	买盘
14:48:06	17.45	--	15	26175	买盘
14:48:03	17.45	0.01	32	55840	买盘
14:48:00	17.44	0.01	74	129056	买盘
14:47:57	17.43	-0.02	11	19173	卖盘
14:47:54	17.45	0.01	139	242555	买盘
14:47:51	17.44	--	3	5232	买盘
14:47:48	17.44	--	919	1603695	卖盘
14:47:45	17.44	-0.01	24	41856	卖盘
14:47:42	17.45	--	2	3490	买盘
14:47:36	17.45	--	104	181480	买盘
14:47:33	17.45	0.01	3	5235	买盘
14:47:30	17.44	--	29	50576	卖盘
14:47:27	17.44	-0.01	23	40112	卖盘
14:47:24	17.45	0.01	8	13960	买盘
14:47:21	17.44	-0.01	16	27904	卖盘
14:47:18	17.45	--	46	80270	买盘
14:47:15	17.45	--	24	41880	买盘
14:47:12	17.45	--	10	17450	买盘
14:47:09	17.45	0.01	78	136110	买盘
14:47:06	17.44	-0.01	42	73248	卖盘
14:47:03	17.45	--	49	85505	买盘
14:46:57	17.45	--	128	223394	卖盘
14:46:54	17.45	-0.01	9	17432	卖盘
14:46:51	17.46	0.01	30	52380	买盘
14:46:48	17.45	-0.01	21	36645	卖盘
14:46:45	17.46	--	1	1746	买盘
14:46:42	17.46	--	27	48870	买盘
14:46:39	17.46	0.01	26	45396	买盘
14:46:36	17.45	-0.01	43	75035	卖盘
14:46:33	17.46	0.02	9	15714	买盘
14:46:27	17.44	-0.01	1025	1788524	卖盘
14:46:24	17.45	--	18	31410	买盘
14:46:21	17.45	--	167	291415	买盘
14:46:15	17.45	--	40	69800	买盘
14:46:12	17.45	--	126	219870	买盘
14:46:09	17.45	--	83	144835	买盘
14:46:06	17.45	--	20	34900	买盘
14:46:03	17.45	--	6	10470	买盘
14:46:00	17.45	--	22	38390	买盘
14:45:57	17.45	-0.01	47	82835	卖盘
14:45:54	17.46	--	17	31410	买盘
14:45:51	17.46	0.01	218	381570	买盘
14:45:48	17.45	--	2	3490	买盘
14:45:45	17.45	--	87	151815	买盘
14:45:42	17.45	0.01	5	8725	买盘
14:45:39	17.44	-0.01	168	292992	卖盘
14:45:36	17.45	-0.01	16	27920	卖盘
14:45:33	17.46	--	3	5238	买盘
14:45:30	17.46	0.01	18	31428	买盘
14:45:27	17.45	-0.01	146	254770	卖盘
14:45:24	17.46	0.01	2	3492	买盘
14:45:18	17.45	-0.01	25	43625	卖盘
14:45:15	17.46	--	22	38412	买盘
14:45:12	17.46	0.01	4	6984	买盘
14:45:09	17.45	-0.01	17	29665	卖盘
14:45:06	17.46	--	32	55872	买盘
14:45:03	17.46	--	2	3492	买盘
14:44:57	17.46	0.01	10	17460	买盘
14:44:54	17.45	--	1	1745	买盘
14:44:51	17.45	--	15	26192	卖盘
14:44:48	17.45	--	120	209400	卖盘
14:44:45	17.45	--	40	69800	卖盘
14:44:42	17.45	--	143	249535	卖盘
14:44:39	17.45	--	74	130857	卖盘
14:44:36	17.45	-0.01	258	450210	卖盘
14:44:33	17.46	0.01	33	57618	买盘
14:44:30	17.45	--	493	860285	卖盘
14:44:24	17.45	--	10	17450	卖盘
14:44:21	17.45	-0.01	9	15705	卖盘
14:44:18	17.46	--	13	22698	买盘
14:44:15	17.46	0.01	17	29682	买盘
14:44:06	17.45	-0.01	2	3490	卖盘
14:44:03	17.46	--	3	5238	买盘
14:44:00	17.46	0.01	42	73332	买盘
14:43:51	17.45	--	102	177990	买盘
14:43:48	17.45	--	6	10470	买盘
14:43:45	17.45	--	42	73290	买盘
14:43:42	17.45	--	15	26175	买盘
14:43:39	17.45	--	144	251280	买盘
14:43:36	17.45	--	22	38390	买盘
14:43:33	17.45	0.01	17	29665	买盘
14:43:30	17.44	--	2	3488	卖盘
14:43:27	17.44	-0.01	16	27904	卖盘
14:43:24	17.45	--	11	19195	卖盘
14:43:18	17.45	0.01	4	6980	卖盘
14:43:15	17.44	--	16	27904	卖盘
14:43:12	17.44	--	56	97664	卖盘
14:43:06	17.44	-0.01	5	8720	卖盘
14:43:03	17.45	0.01	5	8725	中性盘
14:43:00	17.44	--	4	8650	卖盘
14:42:51	17.44	-0.01	359	626758	卖盘
14:42:48	17.45	0.01	53	92485	买盘
14:42:42	17.44	--	32	55808	卖盘
14:42:39	17.44	--	138	240672	卖盘
14:42:33	17.44	-0.01	110	191840	卖盘
14:42:30	17.45	-0.01	158	276477	卖盘
14:42:24	17.46	--	50	87300	买盘
14:42:21	17.46	0.01	14	26015	买盘
14:42:12	17.45	-0.01	6	10470	卖盘
14:42:09	17.46	-0.01	15	26190	卖盘
14:42:06	17.47	0.01	9	15722	买盘
14:42:03	17.46	--	5	8730	卖盘
14:41:57	17.46	0.01	42	73332	买盘
14:41:48	17.45	--	19	34830	卖盘
14:41:45	17.45	--	283	495056	买盘
14:41:42	17.45	--	2	3490	买盘
14:41:39	17.45	0.01	62	108190	买盘
14:41:33	17.44	-0.01	71	123824	卖盘
14:41:30	17.45	0.01	10	17450	买盘
14:41:27	17.44	-0.01	38	66272	卖盘
14:41:24	17.45	--	1	1745	买盘
14:41:21	17.45	0.01	8	13960	买盘
14:41:18	17.44	--	125	218000	卖盘
14:41:15	17.44	--	77	135299	买盘
14:41:12	17.44	--	16	27904	买盘
14:41:09	17.44	--	15	26160	买盘
14:41:06	17.44	--	117	204048	买盘
14:41:03	17.44	--	75	131288	卖盘
14:41:00	17.44	--	44	76736	卖盘
14:40:57	17.44	--	209	364496	卖盘
14:40:54	17.44	-0.01	169	294736	卖盘
14:40:51	17.45	0.01	58	101210	买盘
14:40:48	17.44	--	15	26160	卖盘
14:40:45	17.44	-0.01	12	20928	卖盘
14:40:42	17.45	--	262	457190	买盘
14:40:39	17.45	0.01	9	15705	买盘
14:40:36	17.44	-0.01	1	1744	卖盘
14:40:33	17.45	--	661	1153445	买盘
14:40:30	17.45	--	5	8725	买盘
14:40:27	17.45	0.01	80	139600	买盘
14:40:24	17.44	-0.01	1326	2313799	卖盘
14:40:21	17.45	0.01	5	8725	买盘
14:40:18	17.44	-0.03	578	1008555	卖盘
14:40:12	17.47	0.01	280	489159	买盘
14:40:06	17.46	0.01	10	17460	买盘
14:40:03	17.45	-0.01	552	963240	卖盘
14:40:00	17.46	--	4	6984	买盘
14:39:57	17.46	--	41	71586	买盘
14:39:54	17.46	--	10	17460	买盘
14:39:51	17.46	-0.01	53	92538	卖盘
14:39:48	17.47	0.01	530	925909	买盘
14:39:45	17.46	-0.01	40	69840	卖盘
14:39:42	17.47	0.01	82	143254	买盘
14:39:36	17.46	-0.01	22	38412	卖盘
14:39:33	17.47	--	88	155448	买盘
14:39:27	17.47	0.01	10	17470	买盘
14:39:24	17.46	-0.02	72	125712	卖盘
14:39:21	17.48	0.02	10	17480	买盘
14:39:18	17.46	-0.01	120	209520	卖盘
14:39:15	17.47	0.01	3	5241	买盘
14:39:12	17.46	-0.02	193	337362	卖盘
14:39:09	17.48	0.01	11	19228	买盘
14:39:06	17.47	--	10	17470	买盘
14:39:03	17.47	-0.01	197	344159	中性盘
14:38:54	17.48	--	205	358340	买盘
14:38:45	17.48	--	42	73416	卖盘
14:38:42	17.48	--	19	33212	卖盘
14:38:36	17.48	-0.01	100	174800	卖盘
14:38:33	17.49	0.01	30	52469	买盘
14:38:30	17.48	-0.01	57	99636	卖盘
14:38:27	17.49	0.01	30	52469	买盘
14:38:24	17.48	--	35	61180	卖盘
14:38:21	17.48	-0.01	2	3496	卖盘
14:38:09	17.49	--	135	236114	买盘
14:38:06	17.49	--	10	17490	买盘
14:38:03	17.49	--	5	8745	买盘
14:37:48	17.49	--	36	62963	买盘
14:37:45	17.49	--	100	174899	卖盘
14:37:42	17.49	--	8	13991	卖盘
14:37:39	17.49	--	32	55967	卖盘
14:37:36	17.49	-0.01	1	1748	卖盘
14:37:33	17.5	--	9	15750	买盘
14:37:30	17.5	0.01	6	10500	买盘
14:37:21	17.49	--	5	8745	卖盘
14:37:18	17.49	0.01	3	5246	买盘
14:37:15	17.48	--	42	73416	卖盘
14:37:12	17.48	-0.02	100	174800	卖盘
14:37:09	17.5	0.02	15	26250	买盘
14:37:06	17.48	--	16	27968	卖盘
14:37:03	17.48	-0.02	164	286672	卖盘
14:37:00	17.5	0.02	100	175000	买盘
14:36:51	17.48	--	12	20976	卖盘
14:36:48	17.48	-0.02	32	55936	卖盘
14:36:45	17.5	0.01	185	323750	买盘
14:36:42	17.49	--	14	24485	买盘
14:36:36	17.49	-0.01	295	515954	卖盘
14:36:33	17.5	--	8	14000	买盘
14:36:30	17.5	--	9	15750	买盘
14:36:27	17.5	--	10	17500	买盘
14:36:24	17.5	0.01	11	19250	买盘
14:36:21	17.49	--	6	10493	卖盘
14:36:18	17.49	-0.01	90	157410	卖盘
14:36:15	17.5	0.01	8	14000	买盘
14:36:12	17.49	-0.01	3	5246	卖盘
14:36:03	17.5	--	13	22750	买盘
14:36:00	17.5	--	105	183750	买盘
14:35:57	17.5	--	314	549500	卖盘
14:35:54	17.5	--	170	297500	卖盘
14:35:51	17.5	-0.01	50	87500	卖盘
14:35:48	17.51	--	5	8755	买盘
14:35:42	17.51	--	1	1751	买盘
14:35:39	17.51	-0.01	14	24514	中性盘
14:35:33	17.52	0.02	11	19272	买盘
14:35:27	17.5	-0.01	4	7000	卖盘
14:35:21	17.51	-0.01	1	1751	卖盘
14:35:18	17.52	0.01	43	75336	买盘
14:35:15	17.51	--	22	38522	卖盘
14:35:12	17.51	--	63	110313	卖盘
14:35:09	17.51	--	3	5253	中性盘
14:35:03	17.51	0.01	3	5253	买盘
14:35:00	17.5	--	4	7000	卖盘
14:34:54	17.5	0.01	11	19250	中性盘
14:34:51	17.49	-0.02	8	13991	卖盘
14:34:48	17.51	0.01	5	8755	买盘
14:34:45	17.5	--	3	5250	买盘
14:34:42	17.5	--	16	28000	买盘
14:34:39	17.5	--	115	201250	卖盘
14:34:36	17.5	-0.03	207	362250	卖盘
14:34:33	17.53	0.02	6	10518	买盘
14:34:30	17.51	-0.02	1	1751	卖盘
14:34:27	17.53	--	16	28048	买盘
14:34:24	17.53	--	79	138749	卖盘
14:34:21	17.53	--	7	14006	卖盘
14:34:18	17.53	0.02	212	373143	买盘
14:34:15	17.51	-0.01	13	22763	卖盘
14:34:12	17.52	--	68	119381	卖盘
14:34:09	17.52	--	5	8760	卖盘
14:34:06	17.52	-0.01	376	658752	卖盘
14:34:03	17.53	--	59	103427	买盘
14:34:00	17.53	--	115	201595	买盘
14:33:57	17.53	--	21	36813	买盘
14:33:54	17.53	0.01	200	350600	买盘
14:33:48	17.52	-0.01	14	24528	卖盘
14:33:45	17.53	--	9	15777	买盘
14:33:42	17.53	0.01	41	71873	买盘
14:33:39	17.52	-0.01	6	10512	卖盘
14:33:33	17.53	0.01	53	92909	中性盘
14:33:30	17.52	-0.02	11	19272	卖盘
14:33:27	17.54	0.02	69	121026	买盘
14:33:24	17.52	--	7	12264	卖盘
14:33:21	17.52	0.01	69	122394	买盘
14:33:18	17.51	-0.01	7	12257	卖盘
14:33:12	17.52	0.01	308	539616	买盘
14:33:09	17.51	--	16	28016	卖盘
14:33:06	17.51	-0.01	16	28016	卖盘
14:33:03	17.52	0.01	63	110376	买盘
14:33:00	17.51	-0.01	10	17510	卖盘
14:32:57	17.52	--	120	210240	买盘
14:32:54	17.52	0.01	5	8760	买盘
14:32:51	17.51	--	1	1751	卖盘
14:32:45	17.51	--	25	43775	卖盘
14:32:39	17.51	-0.01	3	5253	卖盘
14:32:33	17.52	0.01	14	24528	买盘
14:32:30	17.51	--	18	31518	卖盘
14:32:27	17.51	--	29	50779	买盘
14:32:24	17.51	--	1	1751	买盘
14:32:21	17.51	--	15	26265	买盘
14:32:18	17.51	--	12	21012	买盘
14:32:09	17.51	0.02	9	15759	中性盘
14:32:03	17.49	--	14	24485	卖盘
14:32:00	17.49	--	5	8745	卖盘
14:31:54	17.49	-0.01	1094	1913405	卖盘
14:31:48	17.5	--	700	1225000	买盘
14:31:45	17.5	0.01	14	24500	买盘
14:31:42	17.49	--	68	118931	卖盘
14:31:39	17.49	--	3	5246	卖盘
14:31:36	17.49	--	71	125753	买盘
14:31:33	17.49	0.01	3	5246	买盘
14:31:30	17.48	-0.01	2	3496	卖盘
14:31:27	17.49	0.01	126	220373	买盘
14:31:24	17.48	-0.01	24	41952	卖盘
14:31:21	17.49	--	6	10493	买盘
14:31:15	17.49	--	874	1528625	买盘
14:31:12	17.49	0.01	1	1748	买盘
14:31:09	17.48	-0.01	33	57684	卖盘
14:31:03	17.49	0.01	58	101441	买盘
14:31:00	17.48	--	69	120612	卖盘
14:30:54	17.48	--	1	1748	卖盘
14:30:51	17.48	--	67	117116	卖盘
14:30:48	17.48	-0.01	10	17480	卖盘
14:30:45	17.49	--	110	192389	买盘
14:30:39	17.49	0.01	104	181895	买盘
14:30:36	17.48	--	9	15732	卖盘
14:30:33	17.48	--	6	10488	卖盘
14:30:24	17.48	--	18	31464	卖盘
14:30:21	17.48	0.01	368	643264	买盘
14:30:18	17.47	-0.01	40	71487	卖盘
14:30:12	17.48	0.01	6	10488	买盘
14:30:09	17.47	--	48	85550	买盘
14:30:06	17.47	--	5	8735	买盘
14:30:03	17.47	--	25	43675	买盘
14:29:57	17.47	--	10	17470	买盘
14:29:54	17.47	--	15	26205	买盘
14:29:51	17.47	--	4	6988	买盘
14:29:48	17.47	0.01	5	8735	买盘
14:29:45	17.46	-0.01	17	29682	卖盘
14:29:42	17.47	-0.01	119	207945	卖盘
14:29:39	17.48	0.01	9	15732	买盘
14:29:36	17.47	-0.01	23	40181	卖盘
14:29:33	17.48	--	6	10488	买盘
14:29:30	17.48	0.01	19	34907	买盘
14:29:24	17.47	-0.01	100	174700	卖盘
14:29:21	17.48	0.01	61	106628	买盘
14:29:18	17.47	--	39	68133	卖盘
14:29:15	17.47	-0.01	22	38434	卖盘
14:29:12	17.48	--	29	50692	买盘
14:29:09	17.48	0.01	2	3496	买盘
14:29:06	17.47	-0.01	4	6988	卖盘
14:29:03	17.48	0.01	20	34960	买盘
14:29:00	17.47	--	10	17470	卖盘
14:28:57	17.47	--	52	90844	买盘
14:28:54	17.47	0.01	19	33193	买盘
14:28:51	17.46	-0.01	12	20952	卖盘
14:28:48	17.47	--	101	176447	买盘
14:28:45	17.47	--	7	12229	买盘
14:28:42	17.47	0.01	8	13976	买盘
14:28:39	17.46	-0.01	1	1746	卖盘
14:28:33	17.47	--	2	3494	买盘
14:28:30	17.47	0.01	5	8735	买盘
14:28:27	17.46	-0.01	1	1746	卖盘
14:28:21	17.47	--	127	221869	买盘
14:28:18	17.47	0.01	14	24458	买盘
14:28:15	17.46	-0.01	30	52380	卖盘
14:28:12	17.47	--	3	5241	买盘
14:28:09	17.47	--	38	66386	买盘
14:28:06	17.47	--	3	5241	买盘
14:28:03	17.47	0.01	29	50663	买盘
14:28:00	17.46	-0.01	6	12204	卖盘
14:27:51	17.47	--	10	17470	买盘
14:27:45	17.47	0.01	5	8735	买盘
14:27:42	17.46	-0.01	1	1746	卖盘
14:27:39	17.47	--	6	10482	买盘
14:27:33	17.47	0.02	174	305061	买盘
14:27:30	17.45	-0.01	32	55840	卖盘
14:27:24	17.46	--	38	66348	买盘
14:27:21	17.46	--	15	26190	买盘
14:27:18	17.46	--	66	115236	买盘
14:27:12	17.46	--	153	267172	卖盘
14:27:09	17.46	--	6	10476	卖盘
14:27:06	17.46	-0.01	5	8730	卖盘
14:27:03	17.47	0.01	4	6988	买盘
14:27:00	17.46	--	60	106471	买盘
14:26:57	17.46	--	145	253170	买盘
14:26:54	17.46	--	38	66348	买盘
14:26:51	17.46	--	2	3492	买盘
14:26:39	17.46	0.02	29	50634	买盘
14:26:36	17.44	-0.02	23	40112	卖盘
14:26:33	17.46	0.02	8	13968	买盘
14:26:27	17.44	--	15	26160	卖盘
14:26:24	17.44	-0.02	62	108128	卖盘
14:26:18	17.46	0.01	4	6984	买盘
14:26:15	17.45	-0.01	16	27920	买盘
14:26:12	17.46	0.02	11	19206	买盘
14:26:09	17.44	-0.02	55	95920	卖盘
14:26:03	17.46	0.03	3	5238	买盘
14:26:00	17.43	--	5	8715	卖盘
14:25:57	17.43	--	15	26145	卖盘
14:25:54	17.43	--	313	545559	卖盘
14:25:51	17.43	--	9	15687	卖盘
14:25:48	17.43	--	45	78435	卖盘
14:25:45	17.43	-0.02	20	34860	卖盘
14:25:39	17.45	0.02	2	3490	买盘
14:25:36	17.43	--	42	73206	买盘
14:25:33	17.43	0.01	6	10458	买盘
14:25:30	17.42	-0.01	14	24388	卖盘
14:25:24	17.43	0.01	10	17430	买盘
14:25:21	17.42	-0.01	20	34840	卖盘
14:25:18	17.43	--	2	3486	买盘
14:25:15	17.43	-0.03	40	69720	卖盘
14:25:12	17.46	0.05	36	62856	买盘
14:25:06	17.41	-0.05	1500	2611500	卖盘
14:25:03	17.46	--	3	5238	中性盘
14:24:51	17.46	0.04	362	632052	中性盘
14:24:48	17.42	-0.04	245	426790	卖盘
14:24:42	17.46	--	20	34920	卖盘
14:24:39	17.46	0.03	230	402592	买盘
14:24:36	17.43	-0.01	161	280623	卖盘
14:24:33	17.44	0.01	221	385424	中性盘
14:24:30	17.43	-0.01	148	257964	卖盘
14:24:27	17.44	--	79	137776	买盘
14:24:24	17.44	0.01	92	162139	买盘
14:24:21	17.43	0.01	76	132468	中性盘
14:24:15	17.42	-0.02	1145	1996192	卖盘
14:24:12	17.44	--	14	24416	买盘
14:24:09	17.44	--	22	38368	买盘
14:24:03	17.44	-0.01	28	48832	卖盘
14:24:00	17.45	--	2	3490	买盘
14:23:57	17.45	0.01	63	109935	买盘
14:23:54	17.44	--	110	191840	卖盘
14:23:48	17.44	-0.01	49	85456	卖盘
14:23:42	17.45	--	6	10470	买盘
14:23:39	17.45	--	38	66310	买盘
14:23:36	17.45	0.01	21	36645	买盘
14:23:33	17.44	-0.01	53	92432	卖盘
14:23:30	17.45	--	69	120405	卖盘
14:23:27	17.45	--	40	69800	卖盘
14:23:24	17.45	--	24	41880	卖盘
14:23:21	17.45	--	240	418800	卖盘
14:23:18	17.45	--	28	48860	卖盘
14:23:15	17.45	-0.01	52	90740	卖盘
14:23:12	17.46	--	5	8730	买盘
14:23:09	17.46	0.01	22	38412	买盘
14:23:03	17.45	--	7	12215	卖盘
14:23:00	17.45	-0.01	131	228595	卖盘
14:22:57	17.46	-0.01	28	48888	中性盘
14:22:51	17.47	--	16	27952	买盘
14:22:48	17.47	0.02	100	174700	买盘
14:22:45	17.45	-0.01	8	13960	卖盘
14:22:42	17.46	-0.01	10	17460	卖盘
14:22:39	17.47	0.01	48	83856	买盘
14:22:33	17.46	--	31	54126	卖盘
14:22:30	17.46	--	10	17460	卖盘
14:22:27	17.46	--	35	61110	买盘
14:22:24	17.46	0.01	10	17460	买盘
14:22:21	17.45	-0.01	100	174500	卖盘
14:22:18	17.46	--	29	50634	买盘
14:22:15	17.46	0.01	72	125712	买盘
14:22:12	17.45	--	48	83760	卖盘
14:22:09	17.45	--	15	26175	卖盘
14:22:06	17.45	--	24	41880	卖盘
14:22:03	17.45	--	7	12215	中性盘
14:21:57	17.45	--	4	6980	卖盘
14:21:54	17.45	--	2	3490	买盘
14:21:51	17.45	--	5	8725	买盘
14:21:48	17.45	0.01	10	17450	买盘
14:21:39	17.44	--	6	10464	买盘
14:21:36	17.44	--	21	36624	买盘
14:21:33	17.44	--	15	26160	买盘
14:21:30	17.44	0.01	10	17440	买盘
14:21:27	17.43	--	14	24402	卖盘
14:21:24	17.43	-0.01	1026	1788318	卖盘
14:21:21	17.44	--	30	52320	买盘
14:21:18	17.44	0.02	15	26160	买盘
14:21:15	17.42	-0.02	203	353626	卖盘
14:21:09	17.44	0.01	2	3488	买盘
14:21:06	17.43	-0.01	22	38346	卖盘
14:21:03	17.44	0.01	10	17440	买盘
14:21:00	17.43	--	95	165585	卖盘
14:20:57	17.43	-0.01	48	83664	卖盘
14:20:54	17.44	0.01	5	8720	买盘
14:20:51	17.43	--	44	76692	卖盘
14:20:48	17.43	--	10	17430	卖盘
14:20:45	17.43	-0.01	4	6972	卖盘
14:20:42	17.44	-0.01	36	62784	中性盘
14:20:39	17.45	0.01	1498	2614010	买盘
14:20:33	17.44	-0.01	21	36624	中性盘
14:20:30	17.45	0.03	7	12215	中性盘
14:20:27	17.42	-0.05	3052	5317472	卖盘
14:20:24	17.47	0.01	2	3494	买盘
14:20:21	17.46	-0.01	18	31428	卖盘
14:20:18	17.47	-0.01	5	8735	中性盘
14:20:15	17.48	0.02	10	17480	买盘
14:20:06	17.46	-0.02	14	24444	卖盘
14:20:03	17.48	--	2	3496	买盘
14:20:00	17.48	--	41	71668	买盘
14:19:54	17.48	--	5	8740	买盘
14:19:48	17.48	--	61	106628	买盘
14:19:45	17.48	0.03	20	34960	买盘
14:19:42	17.45	-0.03	131	228595	卖盘
14:19:39	17.48	0.02	50	87400	买盘
14:19:36	17.46	-0.02	9	15714	卖盘
14:19:33	17.48	--	38	66424	买盘
14:19:30	17.48	--	1	1748	买盘
14:19:27	17.48	--	87	152076	买盘
14:19:24	17.48	--	5	8740	买盘
14:19:21	17.48	--	217	379316	买盘
14:19:12	17.48	0.03	188	328624	买盘
14:19:09	17.45	-0.03	9	15705	卖盘
14:19:03	17.48	0.03	512	896601	买盘
14:19:00	17.45	--	200	349000	买盘
14:18:57	17.45	--	651	1135995	买盘
14:18:54	17.45	0.01	7	12215	买盘
14:18:51	17.44	--	82	143008	卖盘
14:18:48	17.44	--	25	43600	卖盘
14:18:45	17.44	--	70	122080	卖盘
14:18:42	17.44	-0.01	127	221488	卖盘
14:18:39	17.45	0.01	66	115170	买盘
14:18:36	17.44	-0.01	15	26160	卖盘
14:18:33	17.45	0.01	9	15705	买盘
14:18:30	17.44	-0.01	81	141264	卖盘
14:18:27	17.45	--	106	184970	买盘
14:18:24	17.45	--	8	13960	买盘
14:18:21	17.45	--	56	97720	买盘
14:18:18	17.45	0.01	2	3490	买盘
14:18:15	17.44	--	14	24416	卖盘
14:18:12	17.44	--	114	198816	买盘
14:18:09	17.44	--	29	50576	买盘
14:18:06	17.44	-0.01	29	50576	卖盘
14:18:03	17.45	0.01	43	75035	买盘
14:18:00	17.44	--	90	156960	卖盘
14:17:57	17.44	--	9	17317	卖盘
14:17:54	17.44	0.01	48	83712	买盘
14:17:51	17.43	-0.01	20	34860	卖盘
14:17:48	17.44	--	533	931208	买盘
14:17:45	17.44	0.01	10	17440	买盘
14:17:42	17.43	-0.01	146	254478	卖盘
14:17:39	17.44	--	19	33136	买盘
14:17:33	17.44	--	456	795264	买盘
14:17:30	17.44	0.01	17	29648	买盘
14:17:27	17.43	-0.01	87	151641	卖盘
14:17:24	17.44	--	221	385424	买盘
14:17:21	17.44	--	4	6976	买盘
14:17:18	17.44	--	19	33136	买盘
14:17:12	17.44	0.01	10	17440	买盘
14:17:09	17.43	-0.01	20	34860	卖盘
14:17:06	17.44	0.01	1	1744	买盘
14:17:03	17.43	--	191	332913	卖盘
14:17:00	17.43	--	20	34860	卖盘
14:16:57	17.43	--	510	889174	买盘
14:16:54	17.43	0.01	78	135954	买盘
14:16:51	17.42	-0.01	53	92326	卖盘
14:16:48	17.43	--	156	271908	买盘
14:16:45	17.43	0.01	18	31374	买盘
14:16:42	17.42	--	231	402402	卖盘
14:16:39	17.42	-0.01	175	304850	卖盘
14:16:36	17.43	--	141	247471	买盘
14:16:33	17.43	0.01	186	324198	买盘
14:16:30	17.42	--	33	57486	卖盘
14:16:27	17.42	-0.01	204	355368	卖盘
14:16:24	17.43	--	17	29631	买盘
14:16:21	17.43	0.01	63	109809	买盘
14:16:18	17.42	--	123	214266	卖盘
14:16:15	17.42	-0.01	58	101036	卖盘
14:16:12	17.43	--	67	116781	买盘
14:16:09	17.43	--	43	74949	买盘
14:16:06	17.43	--	1477	2574411	买盘
14:16:03	17.43	--	29	50547	买盘
14:16:00	17.43	0.01	56	97608	买盘
14:15:57	17.42	--	7	12194	卖盘
14:15:54	17.42	-0.01	60	104520	卖盘
14:15:51	17.43	0.01	115	200445	买盘
14:15:48	17.42	-0.01	20	34840	卖盘
14:15:45	17.43	0.01	154	268422	买盘
14:15:42	17.42	-0.01	159	276978	卖盘
14:15:39	17.43	0.01	5	8715	买盘
14:15:36	17.42	-0.01	45	78390	卖盘
14:15:33	17.43	0.01	3	5229	买盘
14:15:30	17.42	--	7	12194	卖盘
14:15:27	17.42	-0.01	52	90584	卖盘
14:15:24	17.43	--	145	252735	买盘
14:15:21	17.43	--	22	38346	买盘
14:15:15	17.43	0.01	322	561246	买盘
14:15:12	17.42	0.01	100	174200	买盘
14:15:09	17.41	-0.01	44	76604	卖盘
14:15:06	17.42	0.01	332	578344	买盘
14:15:03	17.41	-0.01	1267	2207518	卖盘
14:15:00	17.42	0.01	301	524342	买盘
14:14:57	17.41	-0.01	10	17410	卖盘
14:14:54	17.42	--	127	221234	买盘
14:14:51	17.42	--	22	38324	买盘
14:14:48	17.42	-0.01	35	60970	买盘
14:14:45	17.43	0.01	1920	3346560	买盘
14:14:42	17.42	-0.01	188	327496	卖盘
14:14:39	17.43	--	9	15687	买盘
14:14:36	17.43	--	657	1145151	买盘
14:14:33	17.43	--	524	913332	卖盘
14:14:30	17.43	-0.01	116	202188	卖盘
14:14:27	17.44	--	79	137776	买盘
14:14:24	17.44	--	2201	3838544	卖盘
14:14:21	17.44	-0.01	196	341824	卖盘
14:14:18	17.45	--	25	43625	买盘
14:14:15	17.45	--	51	88995	买盘
14:14:12	17.45	--	102	177990	买盘
14:14:09	17.45	--	1503	2622857	卖盘
14:14:06	17.45	-0.03	3052	5325740	卖盘
14:14:03	17.48	--	24	41952	买盘
14:14:00	17.48	0.01	31	54188	中性盘
14:13:57	17.47	-0.01	3005	5249735	卖盘
14:13:54	17.48	-0.01	150	262200	卖盘
14:13:51	17.49	--	36	62963	买盘
14:13:48	17.49	--	61	106688	买盘
14:13:45	17.49	0.01	34	59465	买盘
14:13:42	17.48	--	198	346104	卖盘
14:13:39	17.48	-0.01	30	52440	卖盘
14:13:36	17.49	--	29	50720	买盘
14:13:33	17.49	--	25	43724	买盘
14:13:30	17.49	--	148	258851	买盘
14:13:27	17.49	--	117	204632	买盘
14:13:24	17.49	0.01	34	59465	买盘
14:13:21	17.48	-0.01	226	395048	卖盘
14:13:18	17.49	--	13	22736	买盘
14:13:15	17.49	0.01	113	197636	买盘
14:13:12	17.48	-0.01	95	166060	卖盘
14:13:09	17.49	--	25	43724	买盘
14:13:06	17.49	--	12	20987	买盘
14:13:03	17.49	--	20	34980	买盘
14:13:00	17.49	--	781	1366126	卖盘
14:12:57	17.49	-0.01	134	234365	卖盘
14:12:54	17.5	--	13	22750	买盘
14:12:48	17.5	0.01	41	71750	买盘
14:12:45	17.49	--	72	125927	卖盘
14:12:42	17.49	--	121	211628	卖盘
14:12:39	17.49	--	94	164405	卖盘
14:12:36	17.49	-0.01	18	31481	卖盘
14:12:33	17.5	--	8	15592	买盘
14:12:30	17.5	--	134	235340	卖盘
14:12:27	17.5	--	119	208250	卖盘
14:12:24	17.5	-0.01	34	59500	卖盘
14:12:21	17.51	0.01	50	87550	买盘
14:12:18	17.5	--	2	3500	卖盘
14:12:15	17.5	--	19	33250	卖盘
14:12:09	17.5	--	18	32410	买盘
14:12:06	17.5	--	7	12250	买盘
14:12:03	17.5	--	23	40250	买盘
14:12:00	17.5	--	26	46340	卖盘
14:11:57	17.5	--	15	27160	买盘
14:11:51	17.5	--	545	954590	卖盘
14:11:48	17.5	--	9	15750	卖盘
14:11:45	17.5	--	1	1750	卖盘
14:11:42	17.5	--	135	236250	卖盘
14:11:33	17.5	--	15	26250	卖盘
14:11:30	17.5	-0.01	37	66482	卖盘
14:11:27	17.51	0.01	1	1751	买盘
14:11:24	17.5	--	15	26250	卖盘
14:11:18	17.5	-0.01	69	120750	卖盘
14:11:15	17.51	0.01	20	35020	买盘
14:11:12	17.5	--	7	12250	卖盘
14:11:09	17.5	-0.01	33	57750	卖盘
14:11:06	17.51	--	143	250393	买盘
14:11:03	17.51	--	3	5253	买盘
14:11:00	17.51	0.01	20	35020	买盘
14:10:57	17.5	-0.01	37	64750	卖盘
14:10:51	17.51	0.01	100	175100	买盘
14:10:48	17.5	--	30	52500	卖盘
14:10:45	17.5	--	55	96250	卖盘
14:10:42	17.5	-0.01	130	227500	卖盘
14:10:39	17.51	0.01	20	35020	买盘
14:10:36	17.5	-0.01	22	38500	卖盘
14:10:33	17.51	0.01	21	36771	买盘
14:10:27	17.5	--	13	22750	卖盘
14:10:24	17.5	--	18	31500	卖盘
14:10:18	17.5	--	100	175000	卖盘
14:10:12	17.5	--	20	35000	卖盘
14:10:09	17.5	-0.01	188	329000	卖盘
14:10:06	17.51	--	3	5253	买盘
14:10:03	17.51	0.01	40	70040	买盘
14:10:00	17.5	--	2	3500	卖盘
14:09:51	17.5	--	18	31500	卖盘
14:09:48	17.5	--	30	52500	卖盘
14:09:42	17.5	-0.01	121	211750	卖盘
14:09:39	17.51	--	113	197863	买盘
14:09:33	17.51	0.01	5	8755	买盘
14:09:30	17.5	--	1	1750	卖盘
14:09:27	17.5	--	66	115500	卖盘
14:09:18	17.5	-0.01	27	47250	卖盘
14:09:12	17.51	--	7	12257	买盘
14:09:09	17.51	0.01	25	43775	买盘
14:09:06	17.5	-0.01	25	43750	卖盘
14:09:03	17.51	--	63	110313	卖盘
14:08:54	17.51	0.01	20	35020	中性盘
14:08:45	17.5	--	37	64750	卖盘
14:08:42	17.5	-0.01	127	222250	卖盘
14:08:39	17.51	0.01	4	7004	中性盘
14:08:33	17.5	-0.02	54	94500	卖盘
14:08:27	17.52	0.01	47	82344	买盘
14:08:24	17.51	0.01	30	52810	买盘
14:08:21	17.5	--	26	45500	卖盘
14:08:18	17.5	-0.01	10	17500	卖盘
14:08:12	17.51	--	23	40273	买盘
14:08:09	17.51	--	98	173051	卖盘
14:08:06	17.51	--	63	110313	卖盘
14:08:03	17.51	--	13	22763	卖盘
14:08:00	17.51	--	161	282208	买盘
14:07:54	17.51	0.01	2	3502	买盘
14:07:51	17.5	--	532	931000	卖盘
14:07:48	17.5	-0.01	52	91000	卖盘
14:07:45	17.51	0.01	506	886006	买盘
14:07:42	17.5	--	169	295750	卖盘
14:07:39	17.5	--	90	157500	卖盘
14:07:36	17.5	-0.01	4	7000	卖盘
14:07:33	17.51	-0.01	476	834246	卖盘
14:07:30	17.52	--	40	70080	卖盘
14:07:27	17.52	-0.01	53	92856	卖盘
14:07:24	17.53	0.01	35	61355	买盘
14:07:21	17.52	--	5	8760	卖盘
14:07:15	17.52	--	29	50808	卖盘
14:07:12	17.52	-0.01	8	14997	中性盘
14:07:09	17.53	--	1	1753	买盘
14:07:06	17.53	--	129	226137	买盘
14:07:03	17.53	-0.01	13	22789	中性盘
14:07:00	17.54	--	15	26310	买盘
14:06:57	17.54	0.01	215	377110	买盘
14:06:54	17.53	--	24	42072	买盘
14:06:48	17.53	0.01	1	1753	中性盘
14:06:42	17.52	-0.01	131	229512	卖盘
14:06:36	17.53	-0.01	4	7012	卖盘
14:06:33	17.54	0.01	24	42096	买盘
14:06:24	17.53	0.02	11	19283	买盘
14:06:21	17.51	-0.02	49	85799	卖盘
14:06:18	17.53	0.02	6	10518	买盘
14:06:15	17.51	-0.01	29	50779	卖盘
14:06:09	17.52	--	19	33288	卖盘
14:06:03	17.52	0.01	30	52560	买盘
14:06:00	17.51	--	20	35020	卖盘
14:05:54	17.51	--	3	5253	买盘
14:05:51	17.51	--	14	24514	买盘
14:05:48	17.51	0.01	49	85799	买盘
14:05:45	17.5	-0.01	24	42000	卖盘
14:05:42	17.51	0.01	83	145333	中性盘
14:05:36	17.5	-0.01	81	142905	卖盘
14:05:33	17.51	-0.01	568	994638	卖盘
14:05:30	17.52	--	3	5256	买盘
14:05:27	17.52	--	96	168192	买盘
14:05:18	17.52	--	132	231264	卖盘
14:05:15	17.52	--	21	36792	卖盘
14:05:09	17.52	--	10	17520	卖盘
14:05:06	17.52	--	15	26280	卖盘
14:05:03	17.52	0.01	22	38544	卖盘
14:04:54	17.51	-0.01	60	105060	卖盘
14:04:51	17.52	--	3	5256	买盘
14:04:48	17.52	--	26	45552	买盘
14:04:45	17.52	--	15	26280	买盘
14:04:42	17.52	-0.01	174	305566	卖盘
14:04:36	17.53	0.01	45	79919	买盘
14:04:33	17.52	--	31	54312	卖盘
14:04:30	17.52	--	20	35040	卖盘
14:04:21	17.52	-0.01	32	56064	卖盘
14:04:15	17.53	--	3	5259	买盘
14:04:12	17.53	0.02	17	29801	买盘
14:04:09	17.51	-0.01	18	31518	卖盘
14:04:06	17.52	-0.01	10	17520	卖盘
14:04:03	17.53	0.01	12	21036	买盘
14:04:00	17.52	0.01	2	3504	买盘
14:03:57	17.51	--	24	42024	卖盘
14:03:54	17.51	-0.01	62	108562	卖盘
14:03:48	17.52	--	84	147168	买盘
14:03:45	17.52	0.01	15	26280	买盘
14:03:42	17.51	-0.01	161	281911	卖盘
14:03:39	17.52	0.01	17	29784	买盘
14:03:36	17.51	-0.01	27	47277	卖盘
14:03:33	17.52	--	52	91104	买盘
14:03:30	17.52	--	675	1182600	买盘
14:03:24	17.52	--	52	91104	买盘
14:03:18	17.52	-0.02	398	697296	卖盘
14:03:15	17.54	--	41	71914	买盘
14:03:12	17.54	--	10	17540	买盘
14:03:09	17.54	0.02	37	64898	买盘
14:03:03	17.52	-0.01	118	206736	卖盘
14:03:00	17.53	--	52	91156	卖盘
14:02:54	17.53	--	30	52590	卖盘
14:02:51	17.53	-0.01	18	31554	卖盘
14:02:48	17.54	0.01	21	36834	买盘
14:02:45	17.53	--	83	145499	卖盘
14:02:42	17.53	-0.01	139	243667	卖盘
14:02:39	17.54	--	2	3508	买盘
14:02:36	17.54	--	16	28064	买盘
14:02:33	17.54	--	42	73668	买盘
14:02:30	17.54	--	94	165507	卖盘
14:02:21	17.54	--	24	43218	卖盘
14:02:18	17.54	-0.01	18	31572	卖盘
14:02:15	17.55	0.01	27	47385	买盘
14:02:12	17.54	-0.01	6	10524	卖盘
14:02:09	17.55	--	24	42120	买盘
14:02:06	17.55	--	20	35100	买盘
14:02:03	17.55	0.01	92	161460	买盘
14:02:00	17.54	-0.01	8	14032	中性盘
14:01:57	17.55	--	51	89505	买盘
14:01:51	17.55	--	10	17550	买盘
14:01:48	17.55	0.02	124	217620	买盘
14:01:45	17.53	-0.02	23	40319	卖盘
14:01:42	17.55	0.01	236	414180	买盘
14:01:39	17.54	--	26	45604	卖盘
14:01:36	17.54	--	21	36834	卖盘
14:01:33	17.54	-0.01	14	24556	卖盘
14:01:30	17.55	0.01	50	87750	买盘
14:01:27	17.54	--	72	126288	卖盘
14:01:24	17.54	-0.01	11	19294	卖盘
14:01:21	17.55	0.01	5	8775	买盘
14:01:15	17.54	--	19	33326	买盘
14:01:09	17.54	--	31	54374	卖盘
14:01:06	17.54	--	30	52620	卖盘
14:01:03	17.54	0.01	14	24556	卖盘
14:01:00	17.53	-0.01	132	231396	卖盘
14:00:57	17.54	-0.01	32	56128	卖盘
14:00:54	17.55	--	37	64935	买盘
14:00:51	17.55	0.01	22	38610	买盘
14:00:48	17.54	--	32	56128	卖盘
14:00:45	17.54	0.01	19	33326	卖盘
14:00:42	17.53	-0.02	127	222631	卖盘
14:00:39	17.55	0.02	54	94770	买盘
14:00:36	17.53	-0.01	257	450521	卖盘
14:00:33	17.54	--	77	135058	买盘
14:00:30	17.54	--	10	17540	买盘
14:00:27	17.54	--	10	17540	买盘
14:00:24	17.54	--	2	3508	买盘
14:00:21	17.54	--	2	3508	买盘
14:00:18	17.54	0.01	2	3508	买盘
14:00:12	17.53	--	20	35060	卖盘
14:00:09	17.53	0.01	145	254185	买盘
14:00:06	17.52	-0.01	103	180456	卖盘
14:00:03	17.53	--	49	85897	买盘
14:00:00	17.53	--	36	63108	买盘
13:59:57	17.53	--	42	73626	买盘
13:59:54	17.53	--	45	78885	买盘
13:59:51	17.53	--	21	36813	买盘
13:59:48	17.53	--	5	8765	买盘
13:59:45	17.53	--	57	99921	买盘
13:59:42	17.53	0.01	128	224384	买盘
13:59:36	17.52	-0.01	96	168192	卖盘
13:59:33	17.53	0.01	6	12218	买盘
13:59:27	17.52	0.01	10	17520	买盘
13:59:24	17.51	-0.01	50	89283	卖盘
13:59:21	17.52	--	136	238272	买盘
13:59:18	17.52	--	5	8760	买盘
13:59:15	17.52	--	20	35040	买盘
13:59:09	17.52	-0.01	6	10512	买盘
13:59:06	17.53	--	120	210360	买盘
13:59:03	17.53	--	122	213866	买盘
13:59:00	17.53	0.02	3	5259	买盘
13:58:57	17.51	-0.02	10	17510	卖盘
13:58:54	17.53	0.02	5	8765	买盘
13:58:51	17.51	-0.02	124	217124	卖盘
13:58:48	17.53	--	21	36813	买盘
13:58:45	17.53	0.02	95	166535	买盘
13:58:42	17.51	-0.02	191	334441	卖盘
13:58:39	17.53	--	30	52590	买盘
13:58:33	17.53	0.01	3	5259	买盘
13:58:30	17.52	-0.01	20	35040	卖盘
13:58:27	17.53	0.02	84	147252	买盘
13:58:18	17.51	--	24	42024	买盘
13:58:15	17.51	--	33	57783	买盘
13:58:09	17.51	--	47	82297	买盘
13:58:06	17.51	--	10	17510	买盘
13:58:03	17.51	0.01	43	75293	买盘
13:58:00	17.5	0.01	34	60742	买盘
13:57:57	17.49	-0.01	20	34980	卖盘
13:57:54	17.5	--	35	61757	卖盘
13:57:48	17.5	--	92	162242	买盘
13:57:45	17.5	0.02	61	106750	买盘
13:57:42	17.48	-0.02	129	225492	卖盘
13:57:39	17.5	0.01	49	85750	买盘
13:57:36	17.49	-0.01	69	120680	卖盘
13:57:33	17.5	--	107	187250	买盘
13:57:27	17.5	0.01	310	542500	买盘
13:57:24	17.49	-0.01	660	1154340	卖盘
13:57:21	17.5	0.01	1	1750	买盘
13:57:15	17.49	--	112	195887	卖盘
13:57:12	17.49	-0.01	18	31481	卖盘
13:57:09	17.5	--	21	36750	买盘
13:57:03	17.5	--	49	85750	买盘
13:56:57	17.5	0.01	5	8750	买盘
13:56:54	17.49	--	12	20987	卖盘
13:56:51	17.49	--	20	34980	卖盘
13:56:45	17.49	0.01	7	12242	买盘
13:56:42	17.48	--	149	260452	卖盘
13:56:39	17.48	-0.01	46	80408	卖盘
13:56:36	17.49	--	68	118931	买盘
13:56:33	17.49	--	7	12242	买盘
13:56:30	17.49	-0.01	106	185393	卖盘
13:56:27	17.5	0.01	80	140000	买盘
13:56:21	17.49	-0.01	367	641883	卖盘
13:56:18	17.5	0.01	20	35000	买盘
13:56:15	17.49	-0.01	155	271095	中性盘
13:56:06	17.5	--	19	33250	买盘
13:56:03	17.5	--	33	57750	买盘
13:56:00	17.5	0.02	67	117250	买盘
13:55:57	17.48	-0.01	425	742900	卖盘
13:55:54	17.49	-0.01	1	1748	卖盘
13:55:51	17.5	0.01	101	176750	买盘
13:55:45	17.49	--	31	54218	卖盘
13:55:42	17.49	-0.01	138	241361	卖盘
13:55:39	17.5	0.01	18	31500	买盘
13:55:36	17.49	--	10	17490	卖盘
13:55:33	17.49	-0.01	20	34980	卖盘
13:55:30	17.5	--	21	36750	买盘
13:55:27	17.5	--	14	24500	买盘
13:55:24	17.5	0.01	36	63000	买盘
13:55:21	17.49	-0.01	6	10493	卖盘
13:55:18	17.5	0.01	30	52500	买盘
13:55:15	17.49	-0.01	7	12242	卖盘
13:55:12	17.5	--	62	108500	买盘
13:55:09	17.5	--	6	10500	买盘
13:55:06	17.5	--	130	227500	买盘
13:55:03	17.5	0.01	13	22750	买盘
13:55:00	17.49	-0.01	22	38478	卖盘
13:54:57	17.5	--	4	7000	买盘
13:54:51	17.5	--	20	35000	买盘
13:54:48	17.5	0.01	10	17500	买盘
13:54:42	17.49	-0.01	132	232599	卖盘
13:54:39	17.5	--	21	36750	买盘
13:54:33	17.5	--	3	5250	买盘
13:54:30	17.5	0.01	5	8750	买盘
13:54:27	17.49	-0.01	20	34980	卖盘
13:54:24	17.5	--	34	59500	买盘
13:54:18	17.5	--	85	150447	买盘
13:54:15	17.5	0.01	1	1750	买盘
13:54:09	17.49	--	39	68211	卖盘
13:54:06	17.49	-0.01	28	48971	卖盘
13:54:03	17.5	0.01	25	43750	买盘
13:53:57	17.49	--	15	26234	卖盘
13:53:54	17.49	-0.01	47	82202	卖盘
13:53:51	17.5	--	62	108500	买盘
13:53:48	17.5	0.01	17	29750	买盘
13:53:45	17.49	--	3	5246	卖盘
13:53:42	17.49	--	175	306075	卖盘
13:53:39	17.49	-0.01	30	52469	卖盘
13:53:36	17.5	--	15	26250	买盘
13:53:33	17.5	0.01	66	115500	买盘
13:53:30	17.49	-0.01	82	143418	卖盘
13:53:27	17.5	--	18	31500	买盘
13:53:24	17.5	0.01	100	175000	买盘
13:53:21	17.49	-0.01	28	48971	卖盘
13:53:18	17.5	0.01	70	122500	买盘
13:53:15	17.49	-0.01	73	127676	卖盘
13:53:12	17.5	0.01	5	8750	买盘
13:53:09	17.49	--	42	73458	卖盘
13:53:06	17.49	-0.01	5	8745	卖盘
13:53:03	17.5	--	9	15750	买盘
13:53:00	17.5	--	36	63000	买盘
13:52:54	17.5	0.01	28	49000	买盘
13:52:51	17.49	--	28	48971	卖盘
13:52:48	17.49	-0.01	137	239612	卖盘
13:52:45	17.5	0.01	11	19250	买盘
13:52:42	17.49	-0.01	128	223871	卖盘
13:52:39	17.5	0.01	35	61250	买盘
13:52:36	17.49	-0.01	43	75207	卖盘
13:52:33	17.5	--	37	64750	买盘
13:52:30	17.5	--	29	50750	买盘
13:52:27	17.5	--	341	598062	卖盘
13:52:21	17.5	--	27	47250	卖盘
13:52:18	17.5	--	125	219415	卖盘
13:52:15	17.5	-0.01	22	38500	卖盘
13:52:12	17.51	--	18	31518	买盘
13:52:09	17.51	0.01	17	29767	买盘
13:52:06	17.5	--	40	70000	卖盘
13:52:03	17.5	-0.01	39	68250	卖盘
13:51:57	17.51	0.01	426	745926	中性盘
13:51:54	17.5	-0.02	75	131250	卖盘
13:51:51	17.52	--	33	57816	买盘
13:51:48	17.52	--	40	70080	买盘
13:51:45	17.52	0.02	49	85935	买盘
13:51:42	17.5	-0.01	154	269500	卖盘
13:51:39	17.51	--	61	108474	卖盘
13:51:36	17.51	--	31	54368	买盘
13:51:33	17.51	0.01	13	22763	买盘
13:51:30	17.5	-0.01	20	35000	卖盘
13:51:27	17.51	--	157	274907	卖盘
13:51:21	17.51	--	20	35020	卖盘
13:51:12	17.51	0.01	281	493466	买盘
13:51:09	17.5	-0.01	26	45500	卖盘
13:51:03	17.51	--	5	8755	买盘
13:51:00	17.51	0.01	109	190859	买盘
13:50:57	17.5	--	79	138250	买盘
13:50:54	17.5	--	118	206500	卖盘
13:50:51	17.5	--	150	262500	卖盘
13:50:48	17.5	-0.02	90	157500	卖盘
13:50:45	17.52	0.02	175	306600	买盘
13:50:42	17.5	-0.01	110	192500	卖盘
13:50:39	17.51	0.01	5	8755	卖盘
13:50:36	17.5	-0.02	22	38500	卖盘
13:50:33	17.52	0.01	2	3504	买盘
13:50:30	17.51	--	43	75293	买盘
13:50:27	17.51	0.01	4	7004	买盘
13:50:24	17.5	-0.01	31	54250	卖盘
13:50:21	17.51	--	38	66538	买盘
13:50:18	17.51	--	54	94554	卖盘
13:50:15	17.51	-0.01	18	31518	卖盘
13:50:12	17.52	--	2	3504	买盘
13:50:03	17.52	0.02	34	59568	买盘
13:49:51	17.5	--	118	206500	卖盘
13:49:48	17.5	--	25	43750	买盘
13:49:45	17.5	--	49	85750	买盘
13:49:42	17.5	--	116	203000	卖盘
13:49:39	17.5	--	20	35000	卖盘
13:49:36	17.5	-0.02	183	320250	卖盘
13:49:33	17.52	0.02	2	3504	买盘
13:49:30	17.5	0.01	19	33250	卖盘
13:49:21	17.49	--	43	75207	卖盘
13:49:18	17.49	-0.01	49	86103	卖盘
13:49:15	17.5	--	95	166250	买盘
13:49:12	17.5	--	269	470750	买盘
13:49:09	17.5	--	28	49000	买盘
13:49:06	17.5	--	181	316750	买盘
13:49:03	17.5	-0.02	62	109847	卖盘
13:48:57	17.52	0.02	178	311856	买盘
13:48:48	17.5	--	150	262500	卖盘
13:48:45	17.5	0.01	112	196402	买盘
13:48:42	17.49	-0.01	261	456488	卖盘
13:48:36	17.5	--	40	70000	买盘
13:48:33	17.5	0.01	3	5250	买盘
13:48:30	17.49	-0.01	12	20987	卖盘
13:48:27	17.5	0.02	62	108500	买盘
13:48:24	17.48	-0.01	31	54188	卖盘
13:48:18	17.49	--	25	43724	买盘
13:48:15	17.49	--	41	71709	买盘
13:48:12	17.49	--	87	152163	卖盘
13:48:09	17.49	-0.01	10	17490	中性盘
13:48:06	17.5	--	89	155750	买盘
13:48:03	17.5	--	21	36750	买盘
13:48:00	17.5	--	70	122500	买盘
13:47:54	17.5	--	98	172847	卖盘
13:47:51	17.5	-0.01	44	77000	卖盘
13:47:48	17.51	0.01	117	204867	买盘
13:47:45	17.5	--	2	3500	卖盘
13:47:42	17.5	--	176	308000	卖盘
13:47:39	17.5	--	21	36750	卖盘
13:47:36	17.5	0.01	279	488652	买盘
13:47:33	17.49	--	56	97943	买盘
13:47:30	17.49	--	132	230867	买盘
13:47:27	17.49	--	94	164405	买盘
13:47:24	17.49	-0.01	60	104939	卖盘
13:47:21	17.5	0.01	21	36750	买盘
13:47:18	17.49	--	39	68211	买盘
13:47:15	17.49	-0.01	118	206381	卖盘
13:47:12	17.5	0.01	40	70000	买盘
13:47:06	17.49	--	20	34980	卖盘
13:47:03	17.49	--	40	69960	卖盘
13:47:00	17.49	-0.01	30	52469	卖盘
13:46:57	17.5	0.01	98	171500	买盘
13:46:54	17.49	0.01	13	22736	买盘
13:46:51	17.48	-0.01	10	17480	卖盘
13:46:48	17.49	0.02	2	3497	买盘
13:46:45	17.47	-0.01	29	50663	卖盘
13:46:42	17.48	-0.01	248	433504	卖盘
13:46:39	17.49	--	11	19239	买盘
13:46:36	17.49	0.01	16	27983	买盘
13:46:33	17.48	--	128	223744	卖盘
13:46:27	17.48	--	98	171304	买盘
13:46:24	17.48	0.01	303	529644	买盘
13:46:21	17.47	-0.01	260	455198	卖盘
13:46:18	17.48	--	124	216752	买盘
13:46:15	17.48	0.01	40	69920	买盘
13:46:12	17.47	-0.01	25	43675	卖盘
13:46:09	17.48	--	21	36708	买盘
13:46:06	17.48	0.01	96	167808	买盘
13:46:03	17.47	--	113	197411	买盘
13:46:00	17.47	--	465	813595	卖盘
13:45:51	17.47	-0.01	139	242832	卖盘
13:45:48	17.48	--	13	23230	买盘
13:45:45	17.48	--	51	89148	买盘
13:45:42	17.48	-0.01	58	102625	卖盘
13:45:39	17.49	--	21	36729	卖盘
13:45:36	17.49	-0.02	7	13624	卖盘
13:45:33	17.51	0.01	218	382593	买盘
13:45:30	17.5	0.02	180	315000	买盘
13:45:27	17.48	-0.02	189	330372	卖盘
13:45:21	17.5	0.02	1	1750	买盘
13:45:18	17.48	-0.02	140	244720	卖盘
13:45:12	17.5	0.02	55	96250	买盘
13:45:09	17.48	--	40	69920	买盘
13:45:06	17.48	-0.02	421	736782	卖盘
13:45:03	17.5	0.01	7	12250	买盘
13:45:00	17.49	0.01	345	604279	买盘
13:44:57	17.48	--	127	222870	卖盘
13:44:54	17.48	-0.01	159	277932	卖盘
13:44:51	17.49	--	24	42867	买盘
13:44:48	17.49	0.01	43	75207	买盘
13:44:45	17.48	--	28	48944	卖盘
13:44:42	17.48	-0.01	124	216752	卖盘
13:44:39	17.49	--	118	208113	买盘
13:44:36	17.49	--	56	97943	买盘
13:44:33	17.49	--	54	94445	买盘
13:44:30	17.49	--	20	34980	买盘
13:44:27	17.49	--	32	55967	买盘
13:44:24	17.49	0.02	68	118931	中性盘
13:44:21	17.47	--	82	143254	卖盘
13:44:18	17.47	-0.01	82	143254	卖盘
13:44:15	17.48	0.01	87	152076	买盘
13:44:12	17.47	-0.01	21	36687	卖盘
13:44:09	17.48	0.01	1041	1819668	买盘
13:44:06	17.47	0.01	7	12229	买盘
13:44:03	17.46	-0.01	910	1588860	卖盘
13:44:00	17.47	-0.01	285	497894	卖盘
13:43:57	17.48	--	66	115368	买盘
13:43:54	17.48	--	77	134596	买盘
13:43:51	17.48	-0.01	152	265696	中性盘
13:43:48	17.49	--	84	146916	买盘
13:43:45	17.49	0.02	612	1070388	买盘
13:43:42	17.47	--	110	192170	卖盘
13:43:39	17.47	--	19	33193	卖盘
13:43:36	17.47	--	31	55467	买盘
13:43:33	17.47	--	6	10482	买盘
13:43:30	17.47	0.01	331	578257	买盘
13:43:27	17.46	-0.01	41	71586	卖盘
13:43:24	17.47	--	61	106567	买盘
13:43:21	17.47	--	13	22711	买盘
13:43:18	17.47	--	528	922852	卖盘
13:43:15	17.47	--	38	66386	卖盘
13:43:12	17.47	--	187	326689	卖盘
13:43:09	17.47	--	284	497493	卖盘
13:43:06	17.47	-0.01	71	125766	卖盘
13:43:03	17.48	--	45	78660	买盘
13:43:00	17.48	--	63	110124	买盘
13:42:57	17.48	0.01	62	108376	买盘
13:42:54	17.47	-0.01	29	50663	卖盘
13:42:51	17.48	0.01	72	125856	买盘
13:42:48	17.47	--	100	174700	卖盘
13:42:42	17.47	-0.01	126	220122	卖盘
13:42:39	17.48	-0.01	10	17480	买盘
13:42:36	17.49	--	250	437249	买盘
13:42:33	17.49	--	53	92696	买盘
13:42:27	17.49	--	3	5246	买盘
13:42:21	17.49	-0.01	235	411434	卖盘
13:42:18	17.5	--	25	43750	买盘
13:42:09	17.5	--	80	141330	买盘
13:42:06	17.5	--	256	448385	卖盘
13:42:03	17.5	--	13	22750	卖盘
13:42:00	17.5	--	4	7000	卖盘
13:41:57	17.5	--	11	19250	卖盘
13:41:54	17.5	0.02	166	290920	买盘
13:41:51	17.48	-0.02	533	931684	卖盘
13:41:48	17.5	--	77	134750	买盘
13:41:45	17.5	0.02	30	52500	买盘
13:41:42	17.48	-0.01	124	216752	卖盘
13:41:39	17.49	--	125	218624	卖盘
13:41:33	17.49	-0.01	28	48971	卖盘
13:41:30	17.5	--	55	96250	买盘
13:41:27	17.5	-0.01	403	706580	卖盘
13:41:24	17.51	--	1	1751	买盘
13:41:21	17.51	--	24	42024	买盘
13:41:18	17.51	-0.01	85	148835	卖盘
13:41:15	17.52	0.01	290	508080	买盘
13:41:12	17.51	--	50	87550	卖盘
13:41:09	17.51	--	32	56032	卖盘
13:41:03	17.51	--	56	98056	买盘
13:41:00	17.51	-0.02	68	119068	卖盘
13:40:57	17.53	0.01	1	1753	买盘
13:40:54	17.52	-0.01	16	28032	卖盘
13:40:51	17.53	0.01	13	22789	买盘
13:40:48	17.52	0.02	55	96360	中性盘
13:40:42	17.5	-0.02	140	245437	卖盘
13:40:39	17.52	--	5	8760	买盘
13:40:36	17.52	--	63	110376	买盘
13:40:33	17.52	--	29	50808	买盘
13:40:30	17.52	--	70	122640	买盘
13:40:27	17.52	0.01	20	35040	买盘
13:40:24	17.51	--	18	31518	卖盘
13:40:21	17.51	-0.01	10	19243	卖盘
13:40:18	17.52	--	8	15330	卖盘
13:40:15	17.52	--	8	14016	卖盘
13:40:12	17.52	--	28	49056	卖盘
13:40:09	17.52	--	24	42048	卖盘
13:40:06	17.52	0.01	30	52560	卖盘
13:40:03	17.51	--	321	562508	买盘
13:40:00	17.51	--	68	119068	买盘
13:39:54	17.51	-0.01	589	1032652	卖盘
13:39:51	17.52	--	34	60969	买盘
13:39:48	17.52	--	20	35040	买盘
13:39:45	17.52	0.01	217	380184	买盘
13:39:42	17.51	--	167	292417	卖盘
13:39:39	17.51	-0.01	20	35020	卖盘
13:39:33	17.52	0.01	13	22776	买盘
13:39:30	17.51	--	24	42024	卖盘
13:39:27	17.51	-0.01	25	43775	卖盘
13:39:24	17.52	--	42	73584	买盘
13:39:21	17.52	--	6	10512	买盘
13:39:18	17.52	--	30	52560	买盘
13:39:15	17.52	--	30	52560	买盘
13:39:12	17.52	--	50	87600	买盘
13:39:09	17.52	--	163	285926	卖盘
13:39:06	17.52	--	25	43800	卖盘
13:39:03	17.52	--	13	24177	卖盘
13:39:00	17.52	-0.01	16	28032	卖盘
13:38:57	17.53	0.02	33	57849	买盘
13:38:45	17.51	--	21	36771	卖盘
13:38:42	17.51	-0.01	160	280160	卖盘
13:38:39	17.52	--	100	176899	卖盘
13:38:36	17.52	0.01	335	587760	买盘
13:38:33	17.51	-0.01	82	143582	卖盘
13:38:30	17.52	--	10	17520	买盘
13:38:27	17.52	0.01	50	87600	买盘
13:38:24	17.51	--	21	36771	卖盘
13:38:21	17.51	-0.01	3	5253	卖盘
13:38:15	17.52	0.01	57	99864	买盘
13:38:12	17.51	-0.01	44	77044	卖盘
13:38:09	17.52	0.01	15	26280	买盘
13:38:06	17.51	--	132	231132	买盘
13:38:03	17.51	--	69	120819	卖盘
13:38:00	17.51	--	20	35020	卖盘
13:37:54	17.51	0.01	42	73542	买盘
13:37:51	17.5	-0.01	29	50750	卖盘
13:37:48	17.51	--	5	8755	买盘
13:37:45	17.51	--	11	19261	买盘
13:37:42	17.51	--	67	117317	卖盘
13:37:39	17.51	-0.01	97	170599	卖盘
13:37:36	17.52	--	20	36038	买盘
13:37:33	17.52	--	3	5256	买盘
13:37:30	17.52	0.01	156	273312	买盘
13:37:27	17.51	-0.01	145	254455	卖盘
13:37:21	17.52	--	10	17520	卖盘
13:37:18	17.52	--	23	40296	卖盘
13:37:09	17.52	0.02	131	230703	买盘
13:37:06	17.5	-0.02	49	85750	卖盘
13:37:03	17.52	0.01	45	78840	买盘
13:37:00	17.51	--	9	15759	买盘
13:36:57	17.51	--	112	197617	卖盘
13:36:54	17.51	--	20	35020	卖盘
13:36:51	17.51	--	52	91052	卖盘
13:36:48	17.51	--	19	33269	卖盘
13:36:45	17.51	0.03	167	292662	买盘
13:36:42	17.48	-0.02	126	221961	卖盘
13:36:39	17.5	--	20	35000	买盘
13:36:36	17.5	--	25	43750	买盘
13:36:33	17.5	--	126	220500	买盘
13:36:30	17.5	--	44	77000	买盘
13:36:27	17.5	--	13	22750	买盘
13:36:21	17.5	0.01	70	122500	买盘
13:36:18	17.49	0.01	10	17490	中性盘
13:36:15	17.48	-0.01	18	31464	卖盘
13:36:12	17.49	0.01	22	38478	买盘
13:36:09	17.48	--	4	6992	卖盘
13:36:06	17.48	--	192	336594	买盘
13:36:03	17.48	--	33	57684	买盘
13:36:00	17.48	--	80	141570	买盘
13:35:57	17.48	--	134	234232	买盘
13:35:54	17.48	--	40	69920	买盘
13:35:51	17.48	--	32	55936	买盘
13:35:48	17.48	0.02	73	127604	卖盘
13:35:45	17.46	-0.02	882	1539972	卖盘
13:35:42	17.48	0.01	121	211508	中性盘
13:35:36	17.47	-0.01	1019	1780193	卖盘
13:35:33	17.48	--	272	475456	买盘
13:35:30	17.48	0.01	16	27968	买盘
13:35:27	17.47	-0.01	49	85603	卖盘
13:35:24	17.48	--	56	97888	买盘
13:35:21	17.48	--	249	435252	买盘
13:35:18	17.48	0.01	34	59432	买盘
13:35:15	17.47	-0.01	45	78615	卖盘
13:35:12	17.48	--	244	426512	买盘
13:35:09	17.48	-0.01	729	1274292	卖盘
13:35:06	17.49	0.01	12	20987	买盘
13:35:03	17.48	--	113	197524	卖盘
13:35:00	17.48	--	60	104880	卖盘
13:34:57	17.48	--	100	174800	卖盘
13:34:54	17.48	-0.01	22	38456	卖盘
13:34:51	17.49	0.01	258	452973	买盘
13:34:48	17.48	--	38	66424	卖盘
13:34:45	17.48	--	439	767372	买盘
13:34:42	17.48	--	271	473708	买盘
13:34:39	17.48	--	31	54188	买盘
13:34:36	17.48	-0.01	84	146832	卖盘
13:34:33	17.49	0.01	503	879746	买盘
13:34:30	17.48	--	186	325128	买盘
13:34:27	17.48	--	321	561108	卖盘
13:34:24	17.48	-0.01	8	13984	卖盘
13:34:21	17.49	--	19	33231	买盘
13:34:15	17.49	-0.01	12	20987	中性盘
13:34:12	17.5	0.01	582	1018500	买盘
13:34:09	17.49	--	623	1089627	卖盘
13:34:06	17.49	-0.01	43	75207	卖盘
13:34:03	17.5	--	5	8750	买盘
13:34:00	17.5	0.01	52	91000	买盘
13:33:57	17.49	-0.02	933	1631816	卖盘
13:33:54	17.51	0.01	581	1017331	买盘
13:33:51	17.5	-0.01	811	1419250	卖盘
13:33:48	17.51	0.01	7	12257	买盘
13:33:45	17.5	--	253	442750	卖盘
13:33:42	17.5	--	1310	2292500	卖盘
13:33:39	17.5	--	10	17500	卖盘
13:33:36	17.5	--	64	112000	卖盘
13:33:33	17.5	-0.01	21	38255	卖盘
13:33:30	17.51	--	100	175100	卖盘
13:33:27	17.51	--	206	360706	卖盘
13:33:24	17.51	--	404	707404	卖盘
13:33:21	17.51	--	17	29767	卖盘
13:33:15	17.51	-0.03	2806	4914531	卖盘
13:33:12	17.54	0.01	7	12278	买盘
13:33:09	17.53	--	204	357612	卖盘
13:33:06	17.53	-0.01	20	35060	卖盘
13:33:03	17.54	--	20	35080	买盘
13:33:00	17.54	0.01	34	59636	买盘
13:32:57	17.53	-0.01	16	29345	卖盘
13:32:54	17.54	--	11	19294	买盘
13:32:51	17.54	0.01	10	17540	买盘
13:32:48	17.53	-0.01	429	753474	卖盘
13:32:42	17.54	0.01	10	17540	买盘
13:32:39	17.53	-0.01	5	8765	卖盘
13:32:33	17.54	--	10	17540	买盘
13:32:30	17.54	--	193	338522	卖盘
13:32:27	17.54	-0.01	10	17540	卖盘
13:32:24	17.55	0.01	48	84240	买盘
13:32:21	17.54	--	56	98224	卖盘
13:32:18	17.54	--	24	42096	卖盘
13:32:15	17.54	-0.01	9	15786	卖盘
13:32:12	17.55	0.01	70	122850	买盘
13:32:09	17.54	--	5	8770	卖盘
13:32:03	17.54	-0.01	53	92962	卖盘
13:32:00	17.55	0.01	132	231660	买盘
13:31:57	17.54	--	30	52620	卖盘
13:31:54	17.54	--	50	87700	卖盘
13:31:51	17.54	-0.01	99	173646	卖盘
13:31:48	17.55	--	24	42120	买盘
13:31:45	17.55	--	10	17550	买盘
13:31:42	17.55	0.01	57	100035	买盘
13:31:39	17.54	-0.01	76	133304	卖盘
13:31:36	17.55	--	108	189540	买盘
13:31:33	17.55	--	10	17550	买盘
13:31:27	17.55	-0.01	215	378588	卖盘
13:31:24	17.56	--	17	29851	买盘
13:31:18	17.56	--	16	28095	买盘
13:31:15	17.56	0.01	6	10536	买盘
13:31:12	17.55	-0.01	77	135135	卖盘
13:31:09	17.56	--	50	87800	买盘
13:31:06	17.56	--	26	45656	买盘
13:31:03	17.56	-0.01	513	900827	卖盘
13:31:00	17.57	--	39	68523	买盘
13:30:57	17.57	--	30	52710	买盘
13:30:54	17.57	0.01	32	56224	买盘
13:30:42	17.56	-0.01	10	17560	卖盘
13:30:39	17.57	--	100	175700	买盘
13:30:36	17.57	0.02	125	219625	买盘
13:30:33	17.55	-0.01	22	38610	卖盘
13:30:30	17.56	0.01	6	10536	买盘
13:30:21	17.55	-0.01	6	10530	卖盘
13:30:18	17.56	-0.01	31	54435	卖盘
13:30:09	17.57	--	11	19327	买盘
13:30:03	17.57	0.02	10	17570	买盘
13:30:00	17.55	--	149	261495	卖盘
13:29:48	17.55	--	10	17550	卖盘
13:29:45	17.55	--	54	95261	买盘
13:29:42	17.55	0.01	55	96525	买盘
13:29:39	17.54	-0.01	89	156106	卖盘
13:29:36	17.55	--	2	3510	买盘
13:29:33	17.55	--	6	10530	买盘
13:29:30	17.55	--	31	54405	买盘
13:29:27	17.55	--	10	17550	买盘
13:29:24	17.55	--	115	201825	买盘
13:29:21	17.55	--	21	36855	买盘
13:29:18	17.55	--	12	21060	买盘
13:29:15	17.55	--	63	110565	买盘
13:29:12	17.55	--	8	14040	买盘
13:29:06	17.55	--	138	243453	卖盘
13:29:03	17.55	--	7	14022	卖盘
13:29:00	17.55	--	297	521743	买盘
13:28:57	17.55	--	131	229905	买盘
13:28:54	17.55	0.01	26	45630	买盘
13:28:51	17.54	-0.01	74	129796	卖盘
13:28:48	17.55	--	134	235170	买盘
13:28:45	17.55	--	46	80730	买盘
13:28:42	17.55	0.01	89	156195	买盘
13:28:39	17.54	-0.01	109	191186	卖盘
13:28:36	17.55	0.01	220	386100	买盘
13:28:33	17.54	-0.01	29	50866	卖盘
13:28:30	17.55	--	109	191295	买盘
13:28:24	17.55	0.01	30	52650	买盘
13:28:21	17.54	--	245	429730	卖盘
13:28:18	17.54	-0.01	20	35080	卖盘
13:28:15	17.55	0.01	12	21060	买盘
13:28:12	17.54	--	233	408682	卖盘
13:28:09	17.54	-0.01	63	110502	卖盘
13:28:06	17.55	--	2	3510	买盘
13:28:03	17.55	--	3	5265	买盘
13:27:57	17.55	0.02	179	314145	买盘
13:27:54	17.53	-0.01	277	485581	卖盘
13:27:51	17.54	0.01	69	121026	卖盘
13:27:45	17.53	-0.02	20	35060	卖盘
13:27:42	17.55	0.01	45	78975	买盘
13:27:39	17.54	--	19	33326	买盘
13:27:36	17.54	--	360	631440	买盘
13:27:33	17.54	-0.01	161	283165	卖盘
13:27:30	17.55	0.01	245	429975	买盘
13:27:27	17.54	-0.01	100	175400	卖盘
13:27:24	17.55	0.01	5	8775	买盘
13:27:21	17.54	-0.01	95	166630	卖盘
13:27:18	17.55	--	107	187785	买盘
13:27:15	17.55	--	30	52650	买盘
13:27:12	17.55	--	300	526500	买盘
13:27:09	17.55	--	123	215865	买盘
13:27:06	17.55	--	126	221130	买盘
13:27:03	17.55	--	20	35100	买盘
13:27:00	17.55	0.01	96	169462	买盘
13:26:57	17.54	-0.01	47	82438	卖盘
13:26:54	17.55	0.01	151	265005	买盘
13:26:51	17.54	-0.01	66	115764	卖盘
13:26:48	17.55	0.01	53	93015	买盘
13:26:42	17.54	-0.01	110	192940	卖盘
13:26:39	17.55	0.01	267	468585	买盘
13:26:36	17.54	--	9	15786	买盘
13:26:33	17.54	0.01	30	52620	买盘
13:26:30	17.53	-0.01	58	101674	卖盘
13:26:27	17.54	--	20	35080	买盘
13:26:24	17.54	--	23	40342	买盘
13:26:21	17.54	--	14	24556	买盘
13:26:18	17.54	--	10	17540	买盘
13:26:15	17.54	0.02	200	350800	买盘
13:26:12	17.52	-0.02	24	42048	卖盘
13:26:09	17.54	0.01	217	380618	买盘
13:26:06	17.53	-0.01	60	105180	卖盘
13:26:03	17.54	0.01	5	8770	买盘
13:26:00	17.53	-0.01	87	152511	卖盘
13:25:57	17.54	--	26	45604	买盘
13:25:54	17.54	--	7	12278	卖盘
13:25:51	17.54	0.03	31	54374	卖盘
13:25:42	17.51	-0.03	830	1453330	卖盘
13:25:39	17.54	--	1090	1913403	买盘
13:25:36	17.54	--	8	14032	买盘
13:25:33	17.54	--	24	42096	买盘
13:25:30	17.54	--	111	194729	卖盘
13:25:27	17.54	-0.01	124	217496	卖盘
13:25:24	17.55	--	1	1755	买盘
13:25:21	17.55	0.01	18	31590	买盘
13:25:18	17.54	-0.01	198	347292	卖盘
13:25:15	17.55	0.01	182	319410	买盘
13:25:09	17.54	0.02	677	1189176	买盘
13:25:06	17.52	-0.02	1172	2053344	卖盘
13:25:03	17.54	--	33	57882	买盘
13:25:00	17.54	0.01	12	21048	买盘
13:24:57	17.53	--	1	1753	卖盘
13:24:54	17.53	-0.01	23	40319	卖盘
13:24:51	17.54	--	11	19294	买盘
13:24:48	17.54	-0.01	330	578820	卖盘
13:24:45	17.55	0.01	61	107055	买盘
13:24:42	17.54	--	100	175400	卖盘
13:24:39	17.54	-0.01	99	173646	卖盘
13:24:36	17.55	--	5	8775	买盘
13:24:33	17.55	0.01	23	40365	买盘
13:24:30	17.54	-0.01	26	45604	卖盘
13:24:27	17.55	--	7	12285	买盘
13:24:24	17.55	--	18	31590	买盘
13:24:21	17.55	-0.03	1194	2095645	卖盘
13:24:18	17.58	--	558	980963	买盘
13:24:15	17.58	0.01	1017	1787885	中性盘
13:24:12	17.57	--	40	70280	卖盘
13:24:06	17.57	--	44	78362	卖盘
13:24:03	17.57	--	6	10542	卖盘
13:24:00	17.57	--	132	231924	卖盘
13:23:57	17.57	--	1	1757	卖盘
13:23:51	17.57	--	4	7028	买盘
13:23:48	17.57	-0.02	221	388297	卖盘
13:23:45	17.59	0.01	200	351800	买盘
13:23:42	17.58	0.02	1	1757	买盘
13:23:39	17.56	-0.02	401	704156	卖盘
13:23:36	17.58	0.01	10	17580	买盘
13:23:33	17.57	--	6	10542	卖盘
13:23:30	17.57	--	78	137046	卖盘
13:23:27	17.57	-0.01	119	209083	卖盘
13:23:24	17.58	0.01	40	70320	买盘
13:23:15	17.57	--	27	47439	卖盘
13:23:12	17.57	--	20	35140	卖盘
13:23:09	17.57	0.01	16	28112	买盘
13:23:06	17.56	-0.02	109	191404	卖盘
13:23:03	17.58	0.02	6	10547	买盘
13:23:00	17.56	-0.01	50	87800	卖盘
13:22:57	17.57	0.01	10	17570	买盘
13:22:54	17.56	-0.01	67	117651	卖盘
13:22:48	17.57	--	1	1757	卖盘
13:22:45	17.57	0.01	99	173943	买盘
13:22:42	17.56	--	19	33364	卖盘
13:22:36	17.56	-0.01	21	36876	卖盘
13:22:33	17.57	--	246	432222	买盘
13:22:30	17.57	0.01	16	28112	买盘
13:22:27	17.56	--	448	786688	卖盘
13:22:24	17.56	-0.01	91	159796	卖盘
13:22:21	17.57	0.01	91	159887	中性盘
13:22:18	17.56	--	520	913119	卖盘
13:22:15	17.56	-0.01	109	191930	卖盘
13:22:12	17.57	0.01	30	52710	买盘
13:22:09	17.56	-0.01	29	50923	卖盘
13:22:03	17.57	--	103	180971	买盘
13:22:00	17.57	-0.01	842	1480623	卖盘
13:21:54	17.58	--	44	77351	买盘
13:21:51	17.58	--	373	656155	卖盘
13:21:48	17.58	--	121	212717	卖盘
13:21:45	17.58	-0.01	22	38675	卖盘
13:21:42	17.59	0.01	287	504833	买盘
13:21:36	17.58	--	49	86141	卖盘
13:21:33	17.58	-0.01	19	33402	卖盘
13:21:27	17.59	--	35	61565	买盘
13:21:24	17.59	-0.01	18	31662	卖盘
13:21:21	17.6	0.01	110	193600	买盘
13:21:18	17.59	-0.01	39	68601	卖盘
13:21:15	17.6	--	26	45760	买盘
13:21:12	17.6	--	10	17600	买盘
13:21:09	17.6	--	100	176000	买盘
13:21:06	17.6	0.01	100	176000	买盘
13:21:03	17.59	--	23	40457	卖盘
13:20:57	17.59	--	101	177659	卖盘
13:20:54	17.59	--	47	84062	买盘
13:20:51	17.59	0.01	213	374667	买盘
13:20:48	17.58	-0.01	130	228539	卖盘
13:20:45	17.59	0.01	141	248019	买盘
13:20:42	17.58	--	19	33402	卖盘
13:20:39	17.58	-0.01	66	116027	卖盘
13:20:36	17.59	--	100	175900	买盘
13:20:33	17.59	0.01	10	17590	买盘
13:20:30	17.58	--	18	31643	卖盘
13:20:24	17.58	-0.01	41	72078	卖盘
13:20:21	17.59	0.01	21	36939	买盘
13:20:15	17.58	--	217	383191	卖盘
13:20:12	17.58	--	6	10547	买盘
13:20:09	17.58	0.01	61	107237	买盘
13:20:06	17.57	-0.01	1	1757	卖盘
13:20:03	17.58	--	45	79109	买盘
13:20:00	17.58	0.01	4	7031	买盘
13:19:57	17.57	-0.01	165	290432	卖盘
13:19:54	17.58	--	16	28127	买盘
13:19:51	17.58	0.01	85	149430	买盘
13:19:48	17.57	-0.01	81	142317	卖盘
13:19:45	17.58	--	100	175799	买盘
13:19:42	17.58	--	222	390275	买盘
13:19:39	17.58	--	6	10547	买盘
13:19:36	17.58	--	27	47465	买盘
13:19:33	17.58	--	4	7031	买盘
13:19:30	17.58	0.01	164	288312	买盘
13:19:24	17.57	--	98	172186	卖盘
13:19:21	17.57	--	61	107177	卖盘
13:19:18	17.57	--	65	114205	买盘
13:19:15	17.57	--	96	168672	买盘
13:19:12	17.57	--	10	17570	买盘
13:19:09	17.57	--	56	98392	买盘
13:19:06	17.57	-0.01	12	21084	中性盘
13:19:03	17.58	--	72	126575	买盘
13:19:00	17.58	0.02	65	114269	买盘
13:18:57	17.56	-0.02	1000	1755999	卖盘
13:18:54	17.58	0.01	9	15821	买盘
13:18:51	17.57	--	20	35140	卖盘
13:18:48	17.57	-0.01	6	10542	卖盘
13:18:45	17.58	--	17	29885	买盘
13:18:42	17.58	--	88	154703	买盘
13:18:39	17.58	--	7	12305	买盘
13:18:36	17.58	0.01	10	17580	买盘
13:18:33	17.57	-0.01	52	91364	卖盘
13:18:30	17.58	0.01	35	61529	买盘
13:18:27	17.57	-0.01	17	29869	卖盘
13:18:24	17.58	--	128	225023	买盘
13:18:21	17.58	0.01	1	1757	买盘
13:18:18	17.57	--	56	98392	卖盘
13:18:15	17.57	-0.01	61	107177	卖盘
13:18:12	17.58	--	24	42191	买盘
13:18:09	17.58	--	429	754181	卖盘
13:18:03	17.58	--	23	40433	卖盘
13:18:00	17.58	-0.01	623	1095234	卖盘
13:17:57	17.59	--	130	228670	卖盘
13:17:54	17.59	-0.01	251	441509	卖盘
13:17:51	17.6	--	6	10560	买盘
13:17:48	17.6	0.01	181	318560	买盘
13:17:45	17.59	-0.01	19	33421	卖盘
13:17:42	17.6	0.01	17	29920	买盘
13:17:39	17.59	-0.01	144	253296	卖盘
13:17:36	17.6	--	20	35200	买盘
13:17:33	17.6	-0.04	5624	9898416	卖盘
13:17:30	17.64	0.01	165	291060	买盘
13:17:27	17.63	--	185	326155	卖盘
13:17:24	17.63	--	20	35260	卖盘
13:17:18	17.63	--	118	208034	卖盘
13:17:12	17.63	-0.01	18	31734	卖盘
13:17:09	17.64	--	158	278712	买盘
13:17:03	17.64	--	248	437524	卖盘
13:17:00	17.64	--	67	118188	卖盘
13:16:57	17.64	--	74	130536	卖盘
13:16:51	17.64	--	18	31752	卖盘
13:16:48	17.64	--	91	160524	卖盘
13:16:42	17.64	0.01	49	88147	买盘
13:16:39	17.63	-0.01	129	227479	卖盘
13:16:36	17.64	-0.01	60	107551	卖盘
13:16:33	17.65	0.01	46	81190	买盘
13:16:30	17.64	--	19	33516	卖盘
13:16:27	17.64	--	54	95256	卖盘
13:16:18	17.64	0.01	81	142884	买盘
13:16:15	17.63	--	10	17630	卖盘
13:16:09	17.63	--	4	7052	卖盘
13:16:06	17.63	-0.01	20	35260	卖盘
13:16:03	17.64	0.01	2	3528	买盘
13:16:00	17.63	--	19	33497	买盘
13:15:57	17.63	--	49	86387	卖盘
13:15:54	17.63	-0.01	82	144671	卖盘
13:15:51	17.64	0.01	75	133958	买盘
13:15:48	17.63	-0.01	15	26445	卖盘
13:15:45	17.64	--	20	35280	买盘
13:15:42	17.64	0.01	10	17640	买盘
13:15:39	17.63	--	59	104017	卖盘
13:15:36	17.63	-0.01	63	111069	卖盘
13:15:33	17.64	--	21	37044	买盘
13:15:30	17.64	0.01	4	7056	买盘
13:15:27	17.63	--	42	74046	卖盘
13:15:24	17.63	--	200	352600	卖盘
13:15:21	17.63	--	21	37023	卖盘
13:15:18	17.63	-0.01	427	752801	卖盘
13:15:15	17.64	0.01	13	22932	买盘
13:15:12	17.63	-0.01	24	42312	卖盘
13:15:09	17.64	--	205	361620	买盘
13:15:03	17.64	0.01	6	10584	买盘
13:15:00	17.63	--	136	239768	卖盘
13:14:57	17.63	-0.02	340	600654	卖盘
13:14:54	17.65	0.01	19	33535	买盘
13:14:48	17.64	-0.01	97	171108	卖盘
13:14:45	17.65	0.01	10	17650	买盘
13:14:39	17.64	-0.01	18	31752	卖盘
13:14:36	17.65	-0.01	18	31840	卖盘
13:14:33	17.66	0.01	2	3532	买盘
13:14:27	17.65	-0.01	23	40595	卖盘
13:14:24	17.66	0.01	2	3532	买盘
13:14:18	17.65	--	31	54714	卖盘
13:14:15	17.65	--	124	218859	卖盘
13:14:09	17.65	--	146	259384	卖盘
13:14:06	17.65	-0.01	19	33535	卖盘
13:14:03	17.66	--	43	75938	买盘
13:14:00	17.66	0.01	100	176600	买盘
13:13:57	17.65	--	56	98839	卖盘
13:13:54	17.65	--	17	30004	卖盘
13:13:48	17.65	--	74	130609	卖盘
13:13:42	17.65	--	224	395359	卖盘
13:13:39	17.65	-0.01	138	243569	卖盘
13:13:33	17.66	--	21	37086	买盘
13:13:30	17.66	0.01	112	197792	买盘
13:13:21	17.65	--	518	914269	卖盘
13:13:18	17.65	--	91	160615	买盘
13:13:09	17.65	--	62	109429	买盘
13:13:06	17.65	--	52	91779	买盘
13:13:03	17.65	0.01	7	12354	买盘
13:12:57	17.64	-0.01	74	130536	卖盘
13:12:54	17.65	--	1035	1827304	卖盘
13:12:48	17.65	--	30	52949	卖盘
13:12:45	17.65	--	14	24709	卖盘
13:12:39	17.65	--	106	187089	卖盘
13:12:36	17.65	-0.01	82	144730	卖盘
13:12:33	17.66	0.01	41	72406	买盘
13:12:27	17.65	-0.01	79	139435	卖盘
13:12:24	17.66	--	18	31805	卖盘
13:12:21	17.66	--	100	176600	卖盘
13:12:18	17.66	--	25	44150	卖盘
13:12:09	17.66	-0.01	29	51214	卖盘
13:12:03	17.67	0.01	2	3534	买盘
13:12:00	17.66	--	6	10596	卖盘
13:11:57	17.66	--	52	91832	卖盘
13:11:48	17.66	--	30	52980	卖盘
13:11:39	17.66	--	50	88300	卖盘
13:11:36	17.66	--	47	83002	卖盘
13:11:33	17.66	--	13	22958	卖盘
13:11:27	17.66	--	64	113024	卖盘
13:11:21	17.66	0.02	680	1202628	买盘
13:11:18	17.64	--	55	97020	卖盘
13:11:09	17.64	-0.01	58	102312	卖盘
13:11:06	17.65	0.01	11	19415	中性盘
13:11:03	17.64	--	10	17640	卖盘
13:10:57	17.64	-0.02	70	123480	卖盘
13:10:54	17.66	0.01	40	70640	买盘
13:10:48	17.65	--	87	153555	买盘
13:10:42	17.65	0.01	100	176500	买盘
13:10:39	17.64	--	69	121716	卖盘
13:10:36	17.64	-0.01	87	153468	卖盘
13:10:33	17.65	--	8	14119	买盘
13:10:30	17.65	--	184	324760	卖盘
13:10:27	17.65	--	43	75895	卖盘
13:10:24	17.65	-0.01	9	15884	卖盘
13:10:21	17.66	--	17	30022	买盘
13:10:18	17.66	--	90	158940	买盘
13:10:12	17.66	--	5	8830	买盘
13:10:09	17.66	--	79	139514	买盘
13:10:06	17.66	--	8	14128	买盘
13:10:00	17.66	-0.01	206	363813	卖盘
13:09:57	17.67	0.01	335	591945	买盘
13:09:51	17.66	--	21	37086	卖盘
13:09:48	17.66	--	107	188962	卖盘
13:09:39	17.66	-0.01	145	256070	卖盘
13:09:36	17.67	--	2	3534	买盘
13:09:30	17.67	--	2	3534	买盘
13:09:27	17.67	--	162	286254	买盘
13:09:24	17.67	0.01	8	14136	买盘
13:09:18	17.66	-0.01	188	332008	卖盘
13:09:15	17.67	--	43	75981	买盘
13:09:12	17.67	0.01	95	167865	买盘
13:09:09	17.66	--	223	393818	卖盘
13:09:06	17.66	--	14	24724	卖盘
13:09:03	17.66	-0.01	13	22958	卖盘
13:09:00	17.67	0.01	35	61845	买盘
13:08:57	17.66	-0.01	304	536864	卖盘
13:08:54	17.67	--	60	106020	买盘
13:08:51	17.67	0.01	77	137808	买盘
13:08:48	17.66	-0.01	1256	2218096	卖盘
13:08:45	17.67	0.01	64	113088	买盘
13:08:42	17.66	-0.01	50	88300	卖盘
13:08:39	17.67	0.01	713	1259871	买盘
13:08:36	17.66	--	8	14128	卖盘
13:08:33	17.66	-0.01	79	139514	卖盘
13:08:30	17.67	--	10	17670	买盘
13:08:27	17.67	0.01	950	1678650	买盘
13:08:21	17.66	--	159	280794	卖盘
13:08:18	17.66	--	2	3532	卖盘
13:08:09	17.66	0.01	81	143046	买盘
13:07:57	17.65	-0.01	31	54714	卖盘
13:07:54	17.66	0.01	57	100662	买盘
13:07:48	17.65	--	50	88250	卖盘
13:07:45	17.65	--	100	176500	卖盘
13:07:42	17.65	-0.01	3	5295	卖盘
13:07:39	17.66	--	219	386754	买盘
13:07:30	17.66	0.01	30	52980	买盘
13:07:27	17.65	-0.01	65	114724	卖盘
13:07:21	17.66	--	73	128918	买盘
13:07:18	17.66	--	85	150110	买盘
13:07:15	17.66	--	14	24724	买盘
13:07:09	17.66	--	42	74172	买盘
13:07:03	17.66	--	53	93598	买盘
13:07:00	17.66	--	10	17660	买盘
13:06:57	17.66	-0.01	8	14128	卖盘
13:06:54	17.67	--	1	1767	买盘
13:06:51	17.67	0.02	66	116622	买盘
13:06:48	17.65	-0.01	23	40595	卖盘
13:06:45	17.66	-0.01	41	72406	卖盘
13:06:39	17.67	0.01	31	54777	买盘
13:06:36	17.66	-0.01	24	42384	卖盘
13:06:30	17.67	0.01	70	123690	买盘
13:06:27	17.66	--	8	14128	卖盘
13:06:24	17.66	0.01	80	141280	买盘
13:06:18	17.65	-0.01	6	10590	卖盘
13:06:15	17.66	-0.01	12	21192	买盘
13:06:12	17.67	0.01	104	183768	买盘
13:06:03	17.66	0.01	4	7064	买盘
13:05:57	17.65	0.01	36	63539	中性盘
13:05:48	17.64	-0.02	67	118188	卖盘
13:05:39	17.66	--	1	1766	买盘
13:05:36	17.66	--	75	132450	买盘
13:05:33	17.66	0.01	223	393818	买盘
13:05:30	17.65	--	14	24709	卖盘
13:05:27	17.65	-0.01	1	1764	卖盘
13:05:18	17.66	0.02	238	420308	买盘
13:05:12	17.64	-0.01	199	352553	卖盘
13:05:09	17.65	0.01	50	88250	买盘
13:05:06	17.64	-0.01	20	35280	卖盘
13:05:00	17.65	0.01	1	1764	买盘
13:04:57	17.64	-0.01	19	33516	卖盘
13:04:54	17.65	-0.01	24	42360	卖盘
13:04:51	17.66	0.01	25	44150	买盘
13:04:48	17.65	--	6	10590	卖盘
13:04:45	17.65	-0.01	10	17650	卖盘
13:04:42	17.66	0.01	20	35320	买盘
13:04:39	17.65	0.02	17	30004	中性盘
13:04:36	17.63	-0.01	201	355932	卖盘
13:04:33	17.64	-0.01	15	26654	卖盘
13:04:30	17.65	--	12	21180	卖盘
13:04:27	17.65	--	22	38830	卖盘
13:04:24	17.65	--	1	1764	卖盘
13:04:18	17.65	0.01	94	165910	买盘
13:04:15	17.64	-0.01	88	155232	卖盘
13:04:09	17.65	0.01	16	28239	买盘
13:04:06	17.64	--	17	29988	卖盘
13:04:03	17.64	--	89	156996	卖盘
13:04:00	17.64	--	306	539784	卖盘
13:03:57	17.64	-0.01	42	74088	卖盘
13:03:51	17.65	0.01	57	100604	买盘
13:03:48	17.64	-0.01	41	72324	卖盘
13:03:39	17.65	0.01	30	52949	买盘
13:03:36	17.64	-0.01	25	44100	卖盘
13:03:33	17.65	--	5	8825	买盘
13:03:27	17.65	--	231	407714	买盘
13:03:24	17.65	--	10	17650	买盘
13:03:18	17.65	0.01	44	79336	买盘
13:03:15	17.64	-0.01	19	33516	卖盘
13:03:09	17.65	0.01	5	8825	买盘
13:03:06	17.64	-0.01	54	95256	卖盘
13:03:03	17.65	0.01	29	51184	买盘
13:02:57	17.64	-0.01	12	21168	卖盘
13:02:54	17.65	0.01	25	44125	买盘
13:02:51	17.64	--	23	40572	卖盘
13:02:48	17.64	--	39	68796	卖盘
13:02:42	17.64	--	78	137592	卖盘
13:02:39	17.64	-0.01	20	35280	卖盘
13:02:36	17.65	0.01	53	93544	买盘
13:02:30	17.64	--	42	74088	卖盘
13:02:27	17.64	--	61	107604	卖盘
13:02:18	17.64	--	93	164052	卖盘
13:02:12	17.64	--	17	29988	卖盘
13:02:06	17.64	--	73	128772	卖盘
13:01:57	17.64	0.01	385	680798	买盘
13:01:54	17.63	-0.01	8	14104	卖盘
13:01:51	17.64	-0.01	128	225897	卖盘
13:01:48	17.65	--	74	130609	卖盘
13:01:45	17.65	--	18	31769	卖盘
13:01:39	17.65	0.02	77	137564	买盘
13:01:36	17.63	--	32	56416	卖盘
13:01:33	17.63	-0.01	62	109306	卖盘
13:01:27	17.64	0.01	1	1764	卖盘
13:01:24	17.63	-0.01	18	31734	卖盘
13:01:21	17.64	--	17	29988	卖盘
13:01:18	17.64	--	90	158760	卖盘
13:01:15	17.64	-0.01	88	155232	卖盘
13:01:12	17.65	--	117	206504	买盘
13:01:06	17.65	--	30	52949	卖盘
13:01:00	17.65	--	52	91779	卖盘
13:00:54	17.65	0.01	17	30004	中性盘
13:00:51	17.64	-0.01	21	37044	卖盘
13:00:48	17.65	--	58	102369	买盘
13:00:42	17.65	--	74	130698	卖盘
13:00:39	17.65	--	18	31769	卖盘
13:00:36	17.65	-0.01	23	40595	卖盘
13:00:30	17.66	0.01	6	10596	买盘
13:00:27	17.65	--	50	88250	卖盘
13:00:18	17.65	--	42	74130	卖盘
13:00:15	17.65	--	19	33535	卖盘
13:00:12	17.65	-0.01	1	1764	卖盘
13:00:09	17.66	0.01	56	98896	买盘
13:00:06	17.65	--	185	326525	卖盘
13:00:03	17.65	--	1644	2903319	买盘
13:00:00	17.65	--	0	0	买盘
11:30:00	17.65	0.02	19	33535	买盘
11:29:57	17.63	--	78	137514	卖盘
11:29:54	17.63	--	51	89913	卖盘
11:29:51	17.63	--	142	250963	买盘
11:29:48	17.63	0.01	27	47601	买盘
11:29:45	17.62	-0.01	193	340066	卖盘
11:29:42	17.63	-0.01	151	266213	卖盘
11:29:36	17.64	0.01	32	56448	中性盘
11:29:33	17.63	--	20	35260	卖盘
11:29:27	17.63	--	35	61705	卖盘
11:29:21	17.63	--	21	37023	卖盘
11:29:18	17.63	--	60	105780	卖盘
11:29:12	17.63	--	21	37023	卖盘
11:29:06	17.63	-0.01	68	119884	卖盘
11:29:00	17.64	0.01	40	70560	买盘
11:28:57	17.63	--	81	142803	卖盘
11:28:48	17.63	--	189	333207	卖盘
11:28:45	17.63	--	101	178133	买盘
11:28:42	17.63	0.01	2	3526	买盘
11:28:39	17.62	--	18	31716	卖盘
11:28:36	17.62	-0.01	226	398212	卖盘
11:28:27	17.63	--	320	565852	卖盘
11:28:24	17.63	-0.01	50	88150	卖盘
11:28:18	17.64	0.01	40	70630	买盘
11:28:15	17.63	-0.01	21	37023	卖盘
11:28:12	17.64	0.01	10	17640	买盘
11:28:09	17.63	-0.01	55	96965	卖盘
11:28:06	17.64	-0.01	40	72253	卖盘
11:28:03	17.65	0.02	370	653120	买盘
11:27:57	17.63	0.01	22	38786	卖盘
11:27:54	17.62	-0.02	25	44050	卖盘
11:27:48	17.64	0.01	123	218665	买盘
11:27:45	17.63	-0.01	73	130409	卖盘
11:27:42	17.64	--	41	72324	买盘
11:27:39	17.64	--	48	84672	买盘
11:27:36	17.64	0.01	126	222264	买盘
11:27:33	17.63	--	80	141040	卖盘
11:27:27	17.63	--	72	126936	卖盘
11:27:24	17.63	--	28	49364	卖盘
11:27:21	17.63	--	106	188588	卖盘
11:27:18	17.63	-0.01	88	155144	卖盘
11:27:12	17.64	--	11	19404	买盘
11:27:09	17.64	0.01	65	114660	买盘
11:27:06	17.63	-0.01	238	419594	卖盘
11:27:03	17.64	--	6	10584	买盘
11:27:00	17.64	0.01	10	17640	买盘
11:26:57	17.63	-0.01	190	334970	卖盘
11:26:51	17.64	-0.01	65	114660	卖盘
11:26:48	17.65	--	190	335350	买盘
11:26:45	17.65	--	123	217094	买盘
11:26:39	17.65	--	13	22944	买盘
11:26:36	17.65	--	31	54714	买盘
11:26:33	17.65	0.01	1	1764	买盘
11:26:24	17.64	0.01	19	33516	卖盘
11:26:21	17.63	--	7	12341	卖盘
11:26:15	17.63	-0.01	247	435461	卖盘
11:26:12	17.64	-0.01	20	35280	买盘
11:26:09	17.65	--	503	887794	买盘
11:26:06	17.65	--	71	125314	卖盘
11:26:03	17.65	--	31	54714	卖盘
11:26:00	17.65	--	12	21180	卖盘
11:25:57	17.65	-0.01	43	75895	卖盘
11:25:54	17.66	0.01	100	176600	买盘
11:25:51	17.65	--	39	68835	卖盘
11:25:48	17.65	--	30	52949	卖盘
11:25:42	17.65	0.01	184	324760	买盘
11:25:36	17.64	--	95	167580	卖盘
11:25:33	17.64	--	1	1764	卖盘
11:25:30	17.64	-0.01	31	54684	卖盘
11:25:27	17.65	0.01	62	109429	买盘
11:25:24	17.64	-0.01	25	44100	卖盘
11:25:21	17.65	0.01	11	19415	买盘
11:25:18	17.64	-0.01	92	162288	卖盘
11:25:09	17.65	-0.01	75	132375	卖盘
11:25:06	17.66	0.01	1	1766	买盘
11:25:03	17.65	0.01	11	19415	中性盘
11:24:57	17.64	--	104	183456	卖盘
11:24:45	17.64	--	36	63504	卖盘
11:24:36	17.64	--	29	51156	卖盘
11:24:27	17.64	--	7	12348	卖盘
11:24:24	17.64	--	158	278712	卖盘
11:24:18	17.64	--	25	44100	卖盘
11:24:12	17.64	--	20	35280	卖盘
11:24:03	17.64	--	20	35280	卖盘
11:23:54	17.64	--	39	68796	卖盘
11:23:51	17.64	-0.01	31	54684	卖盘
11:23:48	17.65	0.01	19	34241	买盘
11:23:42	17.64	--	44	77616	卖盘
11:23:39	17.64	-0.01	20	35280	卖盘
11:23:36	17.65	--	30	52949	买盘
11:23:33	17.65	0.01	10	17650	买盘
11:23:30	17.64	-0.01	22	38808	卖盘
11:23:27	17.65	--	30	52949	买盘
11:23:24	17.65	--	139	247082	买盘
11:23:18	17.65	0.01	42	74130	买盘
11:23:15	17.64	-0.01	109	192276	卖盘
11:23:09	17.65	0.01	10	17650	买盘
11:23:06	17.64	-0.01	52	91728	卖盘
11:23:03	17.65	0.01	33	58244	买盘
11:22:57	17.64	-0.01	37	65268	卖盘
11:22:54	17.65	0.01	14	24709	买盘
11:22:51	17.64	-0.01	37	65268	卖盘
11:22:48	17.65	--	92	162380	买盘
11:22:45	17.65	0.01	61	107664	买盘
11:22:42	17.64	-0.01	37	65268	卖盘
11:22:39	17.65	--	14	24709	买盘
11:22:36	17.65	0.01	5	8825	买盘
11:22:33	17.64	--	18	31752	卖盘
11:22:30	17.64	-0.01	32	56448	卖盘
11:22:27	17.65	--	76	134140	买盘
11:22:24	17.65	--	25	44125	买盘
11:22:21	17.65	--	2	3529	买盘
11:22:18	17.65	-0.01	296	522510	卖盘
11:22:09	17.66	--	47	83002	卖盘
11:22:06	17.66	0.01	183	323178	买盘
11:22:03	17.65	-0.01	300	529500	卖盘
11:22:00	17.66	0.01	10	17660	买盘
11:21:51	17.65	--	50	88250	卖盘
11:21:48	17.65	0.02	84	149954	买盘
11:21:45	17.63	-0.01	49	86387	卖盘
11:21:42	17.64	--	52	91728	买盘
11:21:39	17.64	--	33	58212	买盘
11:21:33	17.64	--	202	356398	卖盘
11:21:30	17.64	-0.01	11	21132	卖盘
11:21:27	17.65	--	60	105899	买盘
11:21:21	17.65	--	32	56479	买盘
11:21:18	17.65	--	36	63539	买盘
11:21:15	17.65	--	168	296520	买盘
11:21:12	17.65	--	70	123549	买盘
11:21:09	17.65	--	138	243569	买盘
11:21:03	17.65	--	82	144730	买盘
11:21:00	17.65	0.01	58	102369	买盘
11:20:57	17.64	-0.01	25	44100	卖盘
11:20:54	17.65	--	46	81190	买盘
11:20:51	17.65	0.01	96	169440	买盘
11:20:45	17.64	--	26	47592	卖盘
11:20:36	17.64	0.01	183	322812	买盘
11:20:33	17.63	0.01	362	639457	买盘
11:20:30	17.62	-0.01	150	264300	卖盘
11:20:27	17.63	--	503	886789	买盘
11:20:24	17.63	--	25	44075	买盘
11:20:21	17.63	--	46	81098	买盘
11:20:18	17.63	0.01	100	176300	买盘
11:20:15	17.62	-0.01	10	17620	卖盘
11:20:12	17.63	0.01	3060	5394780	买盘
11:20:09	17.62	--	6	10572	卖盘
11:20:03	17.62	--	1014	1788253	买盘
11:20:00	17.62	--	9	15858	买盘
11:19:57	17.62	--	17	29954	买盘
11:19:54	17.62	--	17	30130	卖盘
11:19:51	17.62	-0.01	50	88100	卖盘
11:19:48	17.63	--	96	169248	买盘
11:19:45	17.63	0.01	5	8815	买盘
11:19:30	17.62	-0.01	21	37002	卖盘
11:19:27	17.63	0.01	4	7052	买盘
11:19:24	17.62	-0.01	117	206154	卖盘
11:19:15	17.63	--	59	104528	卖盘
11:19:12	17.63	--	20	35260	卖盘
11:19:03	17.63	--	2	4777	买盘
11:19:00	17.63	--	6	10578	买盘
11:18:57	17.63	0.01	5	8815	买盘
11:18:54	17.62	--	10	17620	卖盘
11:18:42	17.62	--	60	105720	卖盘
11:18:36	17.62	-0.01	13	22906	卖盘
11:18:27	17.63	--	21	37534	卖盘
11:18:24	17.63	--	0	1251	卖盘
11:18:21	17.63	--	28	49364	卖盘
11:18:18	17.63	-0.01	118	208034	卖盘
11:18:15	17.64	0.01	15	26460	买盘
11:18:00	17.63	--	51	89913	卖盘
11:17:54	17.63	--	37	65230	买盘
11:17:51	17.63	--	5	8815	买盘
11:17:48	17.63	0.01	44	79158	买盘
11:17:45	17.62	-0.01	79	139198	卖盘
11:17:36	17.63	--	11	19393	买盘
11:17:33	17.63	--	5	8815	买盘
11:17:30	17.63	--	55	96965	买盘
11:17:27	17.63	0.01	59	104017	买盘
11:17:21	17.62	-0.01	15	26430	卖盘
11:17:15	17.63	--	100	176300	买盘
11:17:09	17.63	--	12	21156	买盘
11:17:06	17.63	--	33	58179	中性盘
11:17:00	17.63	0.01	10	17630	买盘
11:16:54	17.62	-0.01	6	10572	卖盘
11:16:51	17.63	0.02	1	1763	中性盘
11:16:42	17.61	-0.02	700	1232700	卖盘
11:16:39	17.63	0.01	4	7052	中性盘
11:16:33	17.62	0.01	7	12334	卖盘
11:16:27	17.61	-0.01	118	207798	卖盘
11:16:18	17.62	--	2	3524	卖盘
11:16:15	17.62	-0.02	232	408784	卖盘
11:16:09	17.64	--	1	1764	买盘
11:16:03	17.64	0.02	3	5292	买盘
11:15:51	17.62	--	82	144484	卖盘
11:15:45	17.62	-0.02	48	84576	卖盘
11:15:42	17.64	0.02	10	17640	买盘
11:15:36	17.62	--	271	477502	卖盘
11:15:27	17.62	-0.01	112	197344	卖盘
11:15:18	17.63	0.01	9	15867	买盘
11:15:03	17.62	--	40	70480	卖盘
11:14:48	17.62	--	18	31716	卖盘
11:14:42	17.62	0.01	18	31716	中性盘
11:14:36	17.61	-0.01	316	556476	卖盘
11:14:33	17.62	--	31	54622	卖盘
11:14:30	17.62	--	50	88100	卖盘
11:14:27	17.62	-0.01	105	185010	卖盘
11:14:24	17.63	0.01	10	17630	卖盘
11:14:21	17.62	-0.01	29	51098	卖盘
11:14:18	17.63	0.01	50	88150	买盘
11:14:15	17.62	--	2	3524	卖盘
11:14:03	17.62	--	50	88100	卖盘
11:14:00	17.62	--	30	52860	卖盘
11:13:45	17.62	--	1	1762	卖盘
11:13:36	17.62	-0.02	298	525076	卖盘
11:13:30	17.64	--	30	52920	买盘
11:13:27	17.64	-0.01	2	3528	卖盘
11:13:21	17.65	--	31	54714	卖盘
11:13:18	17.65	--	3	5295	卖盘
11:13:03	17.65	--	8	14119	卖盘
11:12:57	17.65	--	5	8825	卖盘
11:12:54	17.65	--	13	22944	卖盘
11:12:51	17.65	--	15	26474	卖盘
11:12:45	17.65	--	70	123549	卖盘
11:12:39	17.65	0.03	42	74130	买盘
11:12:36	17.62	-0.01	280	493360	卖盘
11:12:33	17.63	--	1	1763	卖盘
11:12:27	17.63	-0.01	115	202745	卖盘
11:12:21	17.64	0.01	163	287532	买盘
11:12:18	17.63	--	8	14104	卖盘
11:12:15	17.63	-0.01	50	88150	卖盘
11:12:00	17.64	--	5	8820	买盘
11:11:57	17.64	0.01	2	3528	买盘
11:11:51	17.63	-0.01	26	45838	卖盘
11:11:48	17.64	--	203	358092	买盘
11:11:45	17.64	--	5	8820	买盘
11:11:42	17.64	--	10	17640	买盘
11:11:39	17.64	0.01	103	181692	买盘
11:11:36	17.63	-0.01	373	657599	卖盘
11:11:33	17.64	--	6	10584	买盘
11:11:30	17.64	0.01	30	52920	买盘
11:11:27	17.63	-0.01	119	209797	卖盘
11:11:18	17.64	--	98	172872	卖盘
11:11:12	17.64	-0.01	31	54684	卖盘
11:11:09	17.65	0.01	6	10590	买盘
11:11:03	17.64	--	10	17640	买盘
11:10:57	17.64	-0.01	3	5292	卖盘
11:10:54	17.65	0.02	69	121784	买盘
11:10:42	17.63	--	79	139277	卖盘
11:10:39	17.63	0.01	8	14104	中性盘
11:10:36	17.62	-0.03	306	539172	卖盘
11:10:30	17.65	0.02	57	100604	买盘
11:10:27	17.63	0.01	113	199219	卖盘
11:10:18	17.62	-0.05	896	1578752	卖盘
11:10:15	17.67	0.01	50	88350	买盘
11:10:06	17.66	0.02	9	15894	买盘
11:10:00	17.64	--	30	52920	买盘
11:09:57	17.64	--	562	991368	卖盘
11:09:54	17.64	-0.03	104	183456	卖盘
11:09:45	17.67	--	18	31806	买盘
11:09:42	17.67	0.03	8	14136	买盘
11:09:36	17.64	0.01	325	573300	中性盘
11:09:33	17.63	-0.01	18	31734	卖盘
11:09:27	17.64	-0.04	27	47628	卖盘
11:09:24	17.68	--	13	22984	卖盘
11:09:21	17.68	--	80	141440	卖盘
11:09:18	17.68	-0.01	500	884000	卖盘
11:09:15	17.69	0.01	103	182207	买盘
11:09:12	17.68	0.01	441	779688	买盘
11:09:09	17.67	0.04	1	1767	买盘
11:08:54	17.63	--	11	19393	买盘
11:08:51	17.63	--	145	255635	买盘
11:08:48	17.63	0.01	51	89913	卖盘
11:08:42	17.62	-0.02	565	995530	卖盘
11:08:39	17.64	0.02	51	89964	买盘
11:08:36	17.62	-0.02	410	722420	卖盘
11:08:33	17.64	--	20	35280	买盘
11:08:27	17.64	-0.04	32	56448	中性盘
11:08:12	17.68	--	100	176800	买盘
11:08:09	17.68	--	5	8840	卖盘
11:08:03	17.68	-0.01	73	129064	卖盘
11:08:00	17.69	0.01	10	17690	买盘
11:07:57	17.68	0.05	1824	3226281	买盘
11:07:54	17.63	--	321	565923	买盘
11:07:51	17.63	--	9	15867	买盘
11:07:48	17.63	0.01	33	58179	买盘
11:07:45	17.62	-0.01	238	419356	卖盘
11:07:39	17.63	0.01	6	10578	买盘
11:07:36	17.62	-0.01	290	510980	卖盘
11:07:30	17.63	--	1	1763	买盘
11:07:27	17.63	0.01	119	209797	买盘
11:07:24	17.62	-0.01	60	105720	卖盘
11:07:21	17.63	--	3	5289	买盘
11:07:18	17.63	--	21	37023	买盘
11:07:15	17.63	--	6	10578	买盘
11:07:09	17.63	--	3	5289	买盘
11:07:06	17.63	-0.01	255	449565	卖盘
11:07:00	17.64	0.01	5	8820	买盘
11:06:57	17.63	-0.01	5	8815	卖盘
11:06:51	17.64	0.01	3	5292	买盘
11:06:48	17.63	--	99	174537	卖盘
11:06:45	17.63	--	13	22919	卖盘
11:06:39	17.63	--	50	88150	卖盘
11:06:36	17.63	--	326	574738	卖盘
11:06:33	17.63	--	80	141040	卖盘
11:06:30	17.63	0.01	112	197456	买盘
11:06:27	17.62	-0.01	155	273110	卖盘
11:06:24	17.63	--	52	91676	买盘
11:06:21	17.63	--	4	7052	买盘
11:06:18	17.63	--	53	93439	买盘
11:06:09	17.63	--	1	1763	买盘
11:06:06	17.63	0.01	69	121647	买盘
11:06:03	17.62	-0.01	76	133912	中性盘
11:06:00	17.63	--	505	890315	买盘
11:05:54	17.63	--	155	273265	买盘
11:05:51	17.63	--	9	15867	买盘
11:05:48	17.63	0.01	446	786298	买盘
11:05:45	17.62	-0.01	96	169152	卖盘
11:05:39	17.63	--	2	3526	买盘
11:05:36	17.63	-0.02	71	125173	卖盘
11:05:33	17.65	0.03	2	3529	买盘
11:05:27	17.62	-0.01	114	200868	卖盘
11:05:24	17.63	--	20	35260	卖盘
11:05:18	17.63	-0.02	8	14104	卖盘
11:05:09	17.65	--	2	3529	买盘
11:05:03	17.65	--	10	17650	买盘
11:05:00	17.65	0.03	22	38830	中性盘
11:04:57	17.62	-0.03	100	176200	卖盘
11:04:54	17.65	-0.01	20	35300	卖盘
11:04:51	17.66	0.03	464	820872	买盘
11:04:48	17.63	0.01	37	65230	中性盘
11:04:42	17.62	-0.02	554	976588	卖盘
11:04:39	17.64	0.01	25	44100	卖盘
11:04:36	17.63	-0.02	298	525374	卖盘
11:04:33	17.65	0.01	30	52949	买盘
11:04:30	17.64	--	5	8820	买盘
11:04:27	17.64	-0.01	78	137592	卖盘
11:04:24	17.65	--	109	192702	卖盘
11:04:21	17.65	-0.01	532	940427	卖盘
11:04:12	17.66	0.01	12	21192	买盘
11:04:09	17.65	--	10	17650	卖盘
11:04:03	17.65	--	18	31769	卖盘
11:03:57	17.65	0.01	106	187089	买盘
11:03:51	17.64	-0.01	3	5292	买盘
11:03:42	17.65	0.02	2	3529	买盘
11:03:36	17.63	-0.01	295	520084	卖盘
11:03:27	17.64	0.02	47	82908	买盘
11:03:24	17.62	-0.02	143	251966	卖盘
11:03:21	17.64	--	10	17640	买盘
11:03:15	17.64	--	29	51156	买盘
11:03:12	17.64	0.02	20	35280	买盘
11:03:06	17.62	--	33	58146	卖盘
11:03:03	17.62	--	24	42288	卖盘
11:03:00	17.62	-0.02	79	139198	卖盘
11:02:57	17.64	--	52	91728	买盘
11:02:54	17.64	--	3029	5343156	卖盘
11:02:51	17.64	0.01	41	72324	卖盘
11:02:42	17.63	-0.02	19	33497	卖盘
11:02:36	17.65	-0.02	5	8825	中性盘
11:02:33	17.67	0.02	30	53010	买盘
11:02:30	17.65	0.04	41	72365	卖盘
11:02:27	17.61	-0.06	118	207798	卖盘
11:02:24	17.67	0.03	300	530100	买盘
11:02:21	17.64	0.02	23	40572	买盘
11:02:18	17.62	0.01	18	31716	卖盘
11:02:12	17.61	--	15	26415	卖盘
11:02:09	17.61	0.01	20	35220	卖盘
11:02:06	17.6	-0.05	200	352000	卖盘
11:02:03	17.65	0.05	3	5295	买盘
11:02:00	17.6	-0.04	2004	3527040	卖盘
11:01:57	17.64	-0.01	21	37044	卖盘
11:01:54	17.65	--	46	81190	卖盘
11:01:45	17.65	0.04	19	33535	中性盘
11:01:39	17.61	-0.03	5037	8870157	卖盘
11:01:36	17.64	-0.01	17	29988	卖盘
11:01:33	17.65	0.01	13	22944	中性盘
11:01:24	17.64	--	130	229320	卖盘
11:01:15	17.64	-0.01	110	194040	卖盘
11:01:12	17.65	-0.05	1119	1975899	卖盘
11:01:09	17.7	0.01	204	361080	买盘
11:01:06	17.69	--	18	31842	买盘
11:01:03	17.69	--	20	35380	卖盘
11:01:00	17.69	--	14	24766	卖盘
11:00:54	17.69	--	8	14152	卖盘
11:00:51	17.69	0.01	23	40687	中性盘
11:00:42	17.68	-0.01	50	88400	卖盘
11:00:39	17.69	--	20	35380	卖盘
11:00:36	17.69	0.01	64	114949	买盘
11:00:30	17.68	--	18	31824	卖盘
11:00:24	17.68	--	105	185640	卖盘
11:00:18	17.68	--	19	33592	卖盘
11:00:15	17.68	--	1	1768	卖盘
11:00:12	17.68	--	7	12376	卖盘
11:00:06	17.68	0.02	477	844220	买盘
11:00:03	17.66	--	2	3532	卖盘
10:59:57	17.66	--	37	65342	卖盘
10:59:54	17.66	--	10	17660	卖盘
10:59:45	17.66	--	21	37086	卖盘
10:59:33	17.66	0.01	19	33554	卖盘
10:59:27	17.65	--	129	227684	卖盘
10:59:24	17.65	--	79	139435	卖盘
10:59:21	17.65	-0.01	1020	1800299	卖盘
10:59:18	17.66	--	2	3532	买盘
10:59:15	17.66	0.01	18	31788	买盘
10:59:12	17.65	--	22	38830	卖盘
10:59:09	17.65	--	128	225919	卖盘
10:59:06	17.65	-0.01	5	8825	卖盘
10:59:03	17.66	--	10	17660	买盘
10:59:00	17.66	--	21	37086	买盘
10:58:54	17.66	0.01	5	8830	买盘
10:58:51	17.65	--	2	3529	卖盘
10:58:48	17.65	-0.01	18	31769	卖盘
10:58:39	17.66	-0.01	33	58278	卖盘
10:58:36	17.67	0.02	14	24738	买盘
10:58:33	17.65	-0.01	44	77660	卖盘
10:58:27	17.66	--	19	33554	卖盘
10:58:24	17.66	--	115	203090	卖盘
10:58:18	17.66	--	9	15894	卖盘
10:58:15	17.66	-0.01	20	35320	卖盘
10:58:06	17.67	--	36	63612	卖盘
10:58:00	17.67	--	33	58311	卖盘
10:57:54	17.67	--	21	37107	卖盘
10:57:48	17.67	0.01	25	44175	买盘
10:57:45	17.66	--	41	72406	卖盘
10:57:42	17.66	-0.01	48	84768	卖盘
10:57:33	17.67	--	31	54777	买盘
10:57:27	17.67	0.01	6	10602	中性盘
10:57:24	17.66	-0.01	115	203090	卖盘
10:57:21	17.67	-0.01	100	176700	卖盘
10:57:18	17.68	--	11	19448	买盘
10:57:12	17.68	0.01	1	1768	买盘
10:57:09	17.67	--	18	31806	卖盘
10:57:00	17.67	-0.01	19	33573	卖盘
10:56:57	17.68	--	6	10608	买盘
10:56:51	17.68	0.02	5	8840	买盘
10:56:48	17.66	--	19	33554	卖盘
10:56:42	17.66	--	5	8830	卖盘
10:56:36	17.66	-0.01	20	35320	卖盘
10:56:33	17.67	0.01	5	8835	中性盘
10:56:27	17.66	--	20	35320	卖盘
10:56:24	17.66	--	124	218984	卖盘
10:56:15	17.66	-0.01	19	33554	卖盘
10:56:09	17.67	0.01	4	7068	中性盘
10:56:03	17.66	-0.02	20	35320	卖盘
10:56:00	17.68	--	25	44200	买盘
10:55:54	17.68	--	31	54808	买盘
10:55:48	17.68	0.02	2	3536	中性盘
10:55:42	17.66	-0.03	21	37086	卖盘
10:55:36	17.69	0.03	10	17690	买盘
10:55:33	17.66	-0.02	51	90066	卖盘
10:55:30	17.68	--	18	31824	卖盘
10:55:27	17.68	0.02	30	53040	买盘
10:55:24	17.66	-0.01	197	347902	卖盘
10:55:21	17.67	-0.01	21	37107	卖盘
10:55:18	17.68	--	16	28288	买盘
10:55:12	17.68	--	4	7072	卖盘
10:55:09	17.68	--	119	210392	卖盘
10:54:57	17.68	0.01	17	30056	卖盘
10:54:54	17.67	-0.01	12	21204	卖盘
10:54:51	17.68	0.01	23	40664	买盘
10:54:48	17.67	0.01	20	35340	卖盘
10:54:45	17.66	-0.03	100	176600	卖盘
10:54:39	17.69	0.02	502	888038	买盘
10:54:36	17.67	--	69	121923	买盘
10:54:27	17.67	0.01	79	139593	买盘
10:54:24	17.66	-0.01	150	264900	卖盘
10:54:21	17.67	0.01	19	33573	买盘
10:54:18	17.66	-0.01	11	19426	卖盘
10:54:15	17.67	0.01	5	8835	买盘
10:54:12	17.66	--	21	37086	卖盘
10:54:03	17.66	-0.01	21	37086	卖盘
10:54:00	17.67	--	20	35340	买盘
10:53:57	17.67	--	3	5301	买盘
10:53:51	17.67	--	52	92573	卖盘
10:53:48	17.67	--	9	15903	卖盘
10:53:45	17.67	--	3	5301	卖盘
10:53:42	17.67	--	235	415245	卖盘
10:53:39	17.67	--	30	53010	卖盘
10:53:33	17.67	-0.01	697	1233224	卖盘
10:53:30	17.68	0.01	48	84864	买盘
10:53:24	17.67	-0.01	138	243846	卖盘
10:53:21	17.68	0.01	10	17680	买盘
10:53:18	17.67	-0.01	20	35340	卖盘
10:53:15	17.68	--	157	277593	卖盘
10:53:06	17.68	--	71	125528	卖盘
10:52:57	17.68	-0.01	26	45968	卖盘
10:52:51	17.69	0.01	1	1769	买盘
10:52:45	17.68	-0.01	20	35360	卖盘
10:52:42	17.69	--	27	47780	卖盘
10:52:36	17.69	0.01	75	134408	买盘
10:52:33	17.68	-0.01	59	104312	卖盘
10:52:30	17.69	--	27	47763	买盘
10:52:27	17.69	0.01	32	56608	买盘
10:52:24	17.68	--	128	226304	卖盘
10:52:21	17.68	--	4	7072	卖盘
10:52:15	17.68	--	3	5304	卖盘
10:52:12	17.68	-0.01	29	51272	卖盘
10:52:09	17.69	--	20	35380	买盘
10:52:06	17.69	--	6	10614	买盘
10:52:03	17.69	0.01	10	17690	买盘
10:52:00	17.68	--	19	33592	卖盘
10:51:57	17.68	-0.01	18	31824	卖盘
10:51:51	17.69	-0.02	12	21228	卖盘
10:51:48	17.71	--	742	1315764	买盘
10:51:45	17.71	0.01	63	111573	买盘
10:51:42	17.7	--	79	139830	卖盘
10:51:39	17.7	-0.01	31	54870	卖盘
10:51:30	17.71	0.01	15	26565	买盘
10:51:27	17.7	--	27	47790	卖盘
10:51:24	17.7	--	125	221250	卖盘
10:51:18	17.7	-0.01	19	33630	卖盘
10:51:15	17.71	0.01	13	23023	买盘
10:51:06	17.7	--	17	30090	卖盘
10:51:03	17.7	-0.01	13	23010	卖盘
10:51:00	17.71	0.01	16	28336	买盘
10:50:57	17.7	--	12	22903	卖盘
10:50:54	17.7	--	21	37170	卖盘
10:50:51	17.7	-0.01	15	26550	卖盘
10:50:45	17.71	0.01	33	58443	买盘
10:50:36	17.7	--	4	7274	买盘
10:50:27	17.7	--	15	28125	卖盘
10:50:24	17.7	--	153	271004	买盘
10:50:21	17.7	--	3	5310	买盘
10:50:09	17.7	0.01	5	8850	买盘
10:50:00	17.69	-0.01	14	24766	卖盘
10:49:54	17.7	0.01	90	159300	买盘
10:49:51	17.69	-0.01	79	139751	卖盘
10:49:48	17.7	--	11	19470	买盘
10:49:42	17.7	--	175	309750	买盘
10:49:36	17.7	--	20	35400	买盘
10:49:33	17.7	--	5	8850	买盘
10:49:27	17.7	0.01	23	40710	买盘
10:49:24	17.69	--	114	201666	卖盘
10:49:18	17.69	-0.01	18	31842	卖盘
10:49:15	17.7	--	130	230100	买盘
10:49:12	17.7	--	45	79650	买盘
10:49:09	17.7	0.01	12	21240	买盘
10:49:06	17.69	--	29	51301	卖盘
10:49:00	17.69	--	20	35380	卖盘
10:48:57	17.69	--	11	19459	卖盘
10:48:54	17.69	-0.01	699	1236531	卖盘
10:48:51	17.7	0.01	1	1770	买盘
10:48:45	17.69	-0.01	18	31842	卖盘
10:48:42	17.7	0.01	10	17700	买盘
10:48:39	17.69	-0.01	71	125599	卖盘
10:48:36	17.7	0.01	5	8850	买盘
10:48:33	17.69	--	319	564311	卖盘
10:48:24	17.69	--	121	214049	卖盘
10:48:21	17.69	0.01	344	608536	买盘
10:48:18	17.68	--	5	8840	买盘
10:48:15	17.68	--	50	88400	买盘
10:48:12	17.68	--	96	169728	买盘
10:48:09	17.68	--	10	17680	买盘
10:48:06	17.68	--	11	19448	买盘
10:48:03	17.68	0.01	60	106080	买盘
10:48:00	17.67	-0.01	100	176700	卖盘
10:47:51	17.68	0.01	3	5304	买盘
10:47:48	17.67	-0.01	48	84816	卖盘
10:47:45	17.68	--	3	5304	买盘
10:47:42	17.68	--	10	17680	买盘
10:47:39	17.68	--	72	127296	卖盘
10:47:36	17.68	--	4	7072	卖盘
10:47:33	17.68	0.01	4	7072	卖盘
10:47:27	17.67	--	19	33573	卖盘
10:47:24	17.67	-0.02	122	215574	卖盘
10:47:15	17.69	0.01	32	56608	买盘
10:47:09	17.68	-0.01	333	588744	卖盘
10:47:06	17.69	--	29	51301	买盘
10:47:03	17.69	--	15	26535	买盘
10:47:00	17.69	--	6	10614	买盘
10:46:57	17.69	0.01	6	10614	买盘
10:46:54	17.68	-0.01	23	40664	卖盘
10:46:51	17.69	0.01	33	58377	买盘
10:46:42	17.68	--	1	1768	卖盘
10:46:39	17.68	--	10	17680	卖盘
10:46:36	17.68	--	128	226304	买盘
10:46:33	17.68	0.01	7	12376	买盘
10:46:30	17.67	-0.01	10	17670	卖盘
10:46:27	17.68	0.01	5	8840	买盘
10:46:24	17.67	--	176	310992	卖盘
10:46:15	17.67	--	3	5301	卖盘
10:46:12	17.67	--	79	139593	卖盘
10:46:09	17.67	--	10	18889	买盘
10:46:06	17.67	--	50	88350	买盘
10:46:03	17.67	--	7	12369	买盘
10:46:00	17.67	--	12	21204	买盘
10:45:48	17.67	-0.01	330	583657	卖盘
10:45:45	17.68	0.01	70	123760	买盘
10:45:24	17.67	-0.01	108	190836	卖盘
10:45:15	17.68	0.01	18	31824	中性盘
10:44:54	17.67	-0.01	20	35340	卖盘
10:44:48	17.68	--	3	5304	买盘
10:44:42	17.68	0.01	9	15912	买盘
10:44:27	17.67	--	85	150195	卖盘
10:44:24	17.67	--	225	397575	卖盘
10:44:12	17.67	-0.01	55	97185	卖盘
10:44:06	17.68	--	1	1768	卖盘
10:44:03	17.68	--	8	14144	卖盘
10:43:57	17.68	0.01	3	7018	买盘
10:43:51	17.67	-0.01	10	17670	卖盘
10:43:48	17.68	0.01	25	44200	买盘
10:43:36	17.67	--	5	10107	买盘
10:43:30	17.67	0.01	12	21204	买盘
10:43:24	17.66	-0.02	206	364290	卖盘
10:43:18	17.68	--	23	40664	买盘
10:43:15	17.68	0.01	5	8840	买盘
10:43:00	17.67	--	51	91389	买盘
10:42:57	17.67	--	1	1767	买盘
10:42:54	17.67	--	46	81776	卖盘
10:42:51	17.67	-0.01	50	88350	卖盘
10:42:42	17.68	--	1	1768	买盘
10:42:36	17.68	0.01	3	5304	买盘
10:42:24	17.67	-0.01	119	210273	卖盘
10:42:15	17.68	0.01	68	120224	买盘
10:41:57	17.67	--	5	8835	卖盘
10:41:54	17.67	-0.01	2	3534	卖盘
10:41:48	17.68	--	2	3536	买盘
10:41:45	17.68	0.01	51	90168	买盘
10:41:42	17.67	-0.01	34	60078	卖盘
10:41:36	17.68	--	11	19448	买盘
10:41:27	17.68	0.01	2	3536	买盘
10:41:24	17.67	--	117	206739	卖盘
10:41:21	17.67	-0.01	83	146661	卖盘
10:41:12	17.68	0.01	4	7072	买盘
10:41:09	17.67	-0.01	32	56544	卖盘
10:41:06	17.68	--	1	1768	买盘
10:40:57	17.68	--	52	91936	买盘
10:40:54	17.68	--	20	35360	买盘
10:40:51	17.68	--	43	76024	买盘
10:40:48	17.68	--	21	37128	买盘
10:40:42	17.68	--	12	21216	买盘
10:40:39	17.68	0.01	10	17680	买盘
10:40:36	17.67	-0.01	30	53010	卖盘
10:40:33	17.68	--	4	7072	买盘
10:40:30	17.68	0.01	3	5304	买盘
10:40:24	17.67	--	146	259254	买盘
10:40:21	17.67	--	17	30039	买盘
10:40:18	17.67	--	5	8835	买盘
10:40:15	17.67	--	10	17670	买盘
10:40:06	17.67	--	50	88350	买盘
10:40:03	17.67	0.01	40	70680	买盘
10:40:00	17.66	--	23	40618	卖盘
10:39:54	17.66	--	10	17660	卖盘
10:39:48	17.66	--	0	900	买盘
10:39:45	17.66	0.01	104	183664	买盘
10:39:42	17.65	-0.01	184	324760	卖盘
10:39:36	17.66	--	30	52980	买盘
10:39:30	17.66	0.01	34	60044	买盘
10:39:24	17.65	-0.01	115	202974	卖盘
10:39:21	17.66	0.01	18	31788	买盘
10:39:15	17.65	--	11	19415	卖盘
10:39:12	17.65	--	274	483609	买盘
10:39:09	17.65	0.01	3	5295	买盘
10:39:06	17.64	--	11	20868	卖盘
10:38:57	17.64	-0.01	50	88200	卖盘
10:38:51	17.65	0.02	54	95309	买盘
10:38:48	17.63	-0.01	5	8815	卖盘
10:38:45	17.64	--	8	14112	买盘
10:38:42	17.64	--	55	97020	买盘
10:38:39	17.64	--	70	123480	买盘
10:38:36	17.64	0.01	12	21168	买盘
10:38:33	17.63	-0.01	24	42312	卖盘
10:38:30	17.64	--	68	119952	买盘
10:38:27	17.64	--	42	74088	买盘
10:38:24	17.64	--	146	257544	卖盘
10:38:21	17.64	-0.01	43	75852	卖盘
10:38:12	17.65	0.01	12	21180	买盘
10:38:09	17.64	--	20	35280	卖盘
10:38:03	17.64	-0.01	84	148176	卖盘
10:38:00	17.65	0.01	97	171205	买盘
10:37:57	17.64	--	5	8820	卖盘
10:37:54	17.64	--	100	176400	卖盘
10:37:51	17.64	--	4	7056	卖盘
10:37:48	17.64	-0.01	29	51156	卖盘
10:37:42	17.65	0.01	27	47654	买盘
10:37:39	17.64	0.01	10	17640	买盘
10:37:36	17.63	--	23	40549	卖盘
10:37:33	17.63	-0.01	28	49364	卖盘
10:37:30	17.64	-0.01	5	8820	中性盘
10:37:27	17.65	0.01	32	56479	买盘
10:37:24	17.64	--	116	204624	卖盘
10:37:21	17.64	--	18	31752	卖盘
10:37:15	17.64	-0.01	53	93492	卖盘
10:37:09	17.65	0.01	58	102369	买盘
10:37:06	17.64	--	5	8820	卖盘
10:37:03	17.64	-0.01	49	86436	卖盘
10:36:57	17.65	0.02	17	30004	买盘
10:36:54	17.63	-0.01	674	1188262	卖盘
10:36:51	17.64	0.01	3	5292	中性盘
10:36:48	17.63	-0.02	113	199219	卖盘
10:36:45	17.65	0.01	6	10590	买盘
10:36:42	17.64	--	19	33516	卖盘
10:36:39	17.64	--	30	52920	卖盘
10:36:36	17.64	--	50	88200	卖盘
10:36:30	17.64	--	17	29988	卖盘
10:36:24	17.64	--	61	107604	买盘
10:36:21	17.64	--	39	68796	卖盘
10:36:18	17.64	--	3	5292	卖盘
10:36:15	17.64	--	69	121716	买盘
10:36:12	17.64	-0.01	58	102312	卖盘
10:36:09	17.65	0.01	26	45889	买盘
10:36:06	17.64	--	159	280476	卖盘
10:35:57	17.64	-0.01	17	29988	卖盘
10:35:54	17.65	--	770	1359050	买盘
10:35:51	17.65	0.01	4	7059	买盘
10:35:48	17.64	-0.01	67	118188	卖盘
10:35:45	17.65	0.01	13	22944	买盘
10:35:42	17.64	-0.01	100	176400	卖盘
10:35:39	17.65	--	15	26474	买盘
10:35:36	17.65	--	35	61774	买盘
10:35:33	17.65	--	1	1764	买盘
10:35:30	17.65	--	30	52949	买盘
10:35:27	17.65	--	57	100604	卖盘
10:35:24	17.65	--	60	105899	卖盘
10:35:21	17.65	--	3	5295	卖盘
10:35:18	17.65	--	11	19415	卖盘
10:35:15	17.65	0.01	102	180030	买盘
10:35:12	17.64	-0.01	206	363384	卖盘
10:35:06	17.65	--	35	61774	买盘
10:35:03	17.65	-0.01	960	1694399	卖盘
10:35:00	17.66	0.01	12	21192	买盘
10:34:57	17.65	--	149	262985	卖盘
10:34:51	17.65	-0.01	25	44125	卖盘
10:34:48	17.66	--	153	271063	卖盘
10:34:45	17.66	--	67	118322	卖盘
10:34:42	17.66	--	98	173068	卖盘
10:34:39	17.66	--	120	211920	卖盘
10:34:36	17.66	-0.01	300	529800	卖盘
10:34:33	17.67	--	53	93651	买盘
10:34:30	17.67	--	173	305691	买盘
10:34:27	17.67	--	150	265544	卖盘
10:34:24	17.67	--	44	77748	卖盘
10:34:18	17.67	--	54	95418	卖盘
10:34:15	17.67	-0.01	49	86583	卖盘
10:34:12	17.68	--	22	38896	买盘
10:34:09	17.68	0.01	40	70720	买盘
10:34:06	17.67	--	195	344565	卖盘
10:34:03	17.67	--	23	40641	卖盘
10:34:00	17.67	--	29	51243	卖盘
10:33:57	17.67	--	20	35340	卖盘
10:33:54	17.67	--	5	8835	卖盘
10:33:48	17.67	0.01	100	177972	买盘
10:33:45	17.66	-0.01	924	1631784	卖盘
10:33:42	17.67	--	40	70680	买盘
10:33:39	17.67	--	40	70680	买盘
10:33:36	17.67	--	180	318431	卖盘
10:33:33	17.67	-0.01	150	265050	卖盘
10:33:30	17.68	0.01	29	51272	买盘
10:33:24	17.67	-0.01	25	44175	卖盘
10:33:18	17.68	--	121	213928	卖盘
10:33:15	17.68	--	6	10608	卖盘
10:33:12	17.68	--	19	33592	卖盘
10:33:09	17.68	--	5	8840	卖盘
10:33:06	17.68	0.01	13	22984	买盘
10:33:00	17.67	-0.01	326	576042	卖盘
10:32:57	17.68	0.01	5	8840	买盘
10:32:51	17.67	-0.01	18	31806	卖盘
10:32:48	17.68	--	10	17680	买盘
10:32:45	17.68	0.01	45	79560	卖盘
10:32:42	17.67	-0.01	688	1217162	卖盘
10:32:39	17.68	--	21	37128	卖盘
10:32:36	17.68	--	20	35360	卖盘
10:32:27	17.68	-0.01	19	33592	卖盘
10:32:21	17.69	0.01	20	35380	买盘
10:32:18	17.68	--	20	35360	卖盘
10:32:15	17.68	-0.01	19	33592	卖盘
10:32:12	17.69	0.01	21	37149	买盘
10:32:09	17.68	--	15	26520	卖盘
10:32:06	17.68	--	22	38896	卖盘
10:32:00	17.68	--	16	28288	卖盘
10:31:54	17.68	--	151	268665	买盘
10:31:51	17.68	--	13	22984	买盘
10:31:48	17.68	--	102	180406	卖盘
10:31:45	17.68	--	223	395961	买盘
10:31:42	17.68	--	10	17680	买盘
10:31:39	17.68	--	26	45968	买盘
10:31:36	17.68	0.01	10	17680	买盘
10:31:33	17.67	-0.01	20	35340	卖盘
10:31:30	17.68	--	29	51272	买盘
10:31:27	17.68	0.01	20	35360	买盘
10:31:21	17.67	-0.01	38	67146	卖盘
10:31:15	17.68	--	13	22984	买盘
10:31:12	17.68	--	21	37128	买盘
10:31:09	17.68	-0.01	266	470358	卖盘
10:31:03	17.69	0.01	10	17690	买盘
10:31:00	17.68	-0.01	29	51272	卖盘
10:30:57	17.69	--	10	17690	买盘
10:30:51	17.69	0.01	17	30073	买盘
10:30:48	17.68	-0.01	350	618800	卖盘
10:30:45	17.69	--	38	67222	买盘
10:30:42	17.69	0.01	3	5307	买盘
10:30:39	17.68	--	25	44200	卖盘
10:30:36	17.68	-0.01	5	8840	卖盘
10:30:33	17.69	0.01	10	17690	买盘
10:30:30	17.68	--	388	685984	卖盘
10:30:27	17.68	--	21	37128	卖盘
10:30:21	17.68	-0.01	65	114920	卖盘
10:30:18	17.69	0.01	50	88450	买盘
10:30:15	17.68	-0.01	236	417248	卖盘
10:30:12	17.69	--	8	14152	买盘
10:30:06	17.69	--	38	67222	买盘
10:30:00	17.69	0.01	21	37149	买盘
10:29:57	17.68	-0.01	21	37128	卖盘
10:29:51	17.69	--	81	143289	买盘
10:29:45	17.69	0.01	22	38918	买盘
10:29:42	17.68	-0.01	52	91936	卖盘
10:29:39	17.69	--	18	31842	买盘
10:29:33	17.69	0.01	33	58377	买盘
10:29:30	17.68	--	10	17680	卖盘
10:29:21	17.68	-0.01	109	192712	卖盘
10:29:18	17.69	0.01	51	90219	买盘
10:29:15	17.68	-0.01	52	91936	卖盘
10:29:12	17.69	0.01	31	54839	买盘
10:29:09	17.68	--	20	35360	卖盘
10:29:06	17.68	--	11	19448	卖盘
10:29:03	17.68	--	9	15912	卖盘
10:29:00	17.68	--	25	44200	卖盘
10:28:57	17.68	--	4	7072	卖盘
10:28:48	17.68	0.01	63	113081	买盘
10:28:45	17.67	-0.01	79	139593	卖盘
10:28:42	17.68	--	2	3536	买盘
10:28:39	17.68	0.01	5	8840	买盘
10:28:36	17.67	-0.01	21	37107	卖盘
10:28:33	17.68	0.01	4	7072	买盘
10:28:27	17.67	--	330	583110	卖盘
10:28:24	17.67	--	49	86583	买盘
10:28:21	17.67	-0.01	85	151855	卖盘
10:28:15	17.68	--	71	125528	买盘
10:28:09	17.68	--	1	1768	买盘
10:28:06	17.68	0.02	16	28288	买盘
10:28:03	17.66	-0.01	68	120088	卖盘
10:28:00	17.67	0.01	9	15903	中性盘
10:27:57	17.66	-0.01	315	556290	卖盘
10:27:54	17.67	-0.01	571	1009964	卖盘
10:27:51	17.68	--	5	8840	卖盘
10:27:48	17.68	--	25	44200	中性盘
10:27:45	17.68	--	111	196248	买盘
10:27:42	17.68	--	344	608192	卖盘
10:27:39	17.68	--	72	127296	卖盘
10:27:33	17.68	--	53	93704	卖盘
10:27:30	17.68	-0.01	27	47736	卖盘
10:27:27	17.69	--	41	72529	买盘
10:27:24	17.69	0.01	1	1769	买盘
10:27:21	17.68	--	20	35360	卖盘
10:27:15	17.68	-0.01	2	3536	卖盘
10:27:12	17.69	--	4	7076	买盘
10:27:09	17.69	--	26	45994	买盘
10:27:06	17.69	--	626	1107394	卖盘
10:27:00	17.69	--	370	654530	卖盘
10:26:57	17.69	-0.01	20	35380	卖盘
10:26:54	17.7	--	45	79650	买盘
10:26:48	17.7	-0.01	53	95243	卖盘
10:26:45	17.71	0.01	40	70840	买盘
10:26:39	17.7	-0.01	811	1435470	卖盘
10:26:36	17.71	--	41	72611	买盘
10:26:30	17.71	--	5	8855	买盘
10:26:27	17.71	-0.01	67	118798	卖盘
10:26:24	17.72	--	48	85056	买盘
10:26:21	17.72	0.01	17	30123	买盘
10:26:18	17.71	--	46	81466	卖盘
10:26:15	17.71	-0.01	136	240856	卖盘
10:26:12	17.72	0.01	4	7088	买盘
10:26:09	17.71	--	30	53130	卖盘
10:26:03	17.71	--	39	69069	卖盘
10:25:57	17.71	--	18	31878	卖盘
10:25:54	17.71	--	63	111573	卖盘
10:25:51	17.71	-0.02	19	33649	卖盘
10:25:48	17.73	0.02	23	40779	买盘
10:25:42	17.71	-0.02	19	33649	卖盘
10:25:39	17.73	0.02	1	1773	买盘
10:25:33	17.71	--	32	56672	卖盘
10:25:30	17.71	--	149	265508	卖盘
10:25:27	17.71	0.01	20	35420	中性盘
10:25:18	17.7	--	21	37170	卖盘
10:25:09	17.7	--	20	35400	卖盘
10:25:03	17.7	-0.01	39	69030	卖盘
10:25:00	17.71	-0.01	35	61985	卖盘
10:24:57	17.72	0.01	46	81512	买盘
10:24:54	17.71	-0.01	138	246151	买盘
10:24:51	17.72	0.01	306	542232	买盘
10:24:48	17.71	--	63	111573	卖盘
10:24:45	17.71	-0.01	18	31878	卖盘
10:24:42	17.72	0.01	130	230359	买盘
10:24:36	17.71	--	20	35420	卖盘
10:24:33	17.71	--	60	106260	卖盘
10:24:27	17.71	0.01	20	35420	买盘
10:24:24	17.7	-0.02	19	33630	卖盘
10:24:21	17.72	0.01	384	680448	买盘
10:24:18	17.71	--	94	166615	卖盘
10:24:15	17.71	--	296	524216	卖盘
10:24:12	17.71	--	18	31878	卖盘
10:24:06	17.71	--	13	23023	卖盘
10:24:03	17.71	--	19	33649	卖盘
10:24:00	17.71	-0.01	303	536613	卖盘
10:23:51	17.72	--	82	145304	买盘
10:23:48	17.72	--	38	67336	买盘
10:23:45	17.72	0.01	3	5316	买盘
10:23:39	17.71	-0.01	18	31878	卖盘
10:23:36	17.72	--	6	10632	买盘
10:23:30	17.72	0.01	33	58475	卖盘
10:23:24	17.71	-0.01	300	531300	卖盘
10:23:18	17.72	-0.01	22	38984	中性盘
10:23:12	17.73	0.01	23	40779	买盘
10:23:09	17.72	0.01	60	106320	卖盘
10:23:06	17.71	-0.01	30	53130	卖盘
10:23:00	17.72	--	5	10507	买盘
10:22:57	17.72	--	58	102776	买盘
10:22:54	17.72	--	4	7088	买盘
10:22:51	17.72	--	50	88600	买盘
10:22:45	17.72	--	274	485652	卖盘
10:22:42	17.72	-0.01	10	17720	卖盘
10:22:39	17.73	0.01	115	203895	买盘
10:22:36	17.72	--	50	88600	卖盘
10:22:33	17.72	-0.01	113	200236	卖盘
10:22:30	17.73	0.01	1	1773	买盘
10:22:27	17.72	--	1	1772	卖盘
10:22:24	17.72	--	21	37212	卖盘
10:22:18	17.72	-0.01	50	90247	卖盘
10:22:15	17.73	0.01	5	8865	买盘
10:22:12	17.72	--	65	115179	卖盘
10:22:09	17.72	--	16	28352	卖盘
10:22:06	17.72	--	1	1772	卖盘
10:22:00	17.72	-0.01	28	49616	卖盘
10:21:57	17.73	0.01	6	10638	买盘
10:21:54	17.72	--	11	19492	卖盘
10:21:51	17.72	--	62	109864	卖盘
10:21:42	17.72	--	2	3544	卖盘
10:21:39	17.72	--	20	35440	卖盘
10:21:36	17.72	--	91	161252	卖盘
10:21:33	17.72	--	18	31895	卖盘
10:21:30	17.72	--	10	17720	卖盘
10:21:27	17.72	-0.01	18	31895	卖盘
10:21:24	17.73	0.02	30	53190	买盘
10:21:18	17.71	-0.02	126	223146	卖盘
10:21:15	17.73	--	13	23049	买盘
10:21:09	17.73	0.02	35	62055	买盘
10:21:06	17.71	--	21	37191	卖盘
10:21:03	17.71	-0.02	166	293986	卖盘
10:21:00	17.73	--	15	26595	卖盘
10:20:57	17.73	0.02	28	49644	买盘
10:20:54	17.71	-0.02	20	35420	卖盘
10:20:48	17.73	0.02	1	1773	买盘
10:20:45	17.71	-0.01	21	37191	卖盘
10:20:42	17.72	--	10	17720	卖盘
10:20:39	17.72	-0.01	16	28352	卖盘
10:20:36	17.73	0.01	4	7092	买盘
10:20:33	17.72	-0.01	19	33668	卖盘
10:20:30	17.73	--	3	5319	买盘
10:20:27	17.73	0.02	8	14184	买盘
10:20:24	17.71	--	1	1771	卖盘
10:20:21	17.71	-0.01	33	58443	卖盘
10:20:15	17.72	--	35	62019	卖盘
10:20:12	17.72	--	21	37212	卖盘
10:20:06	17.72	0.01	4	7088	卖盘
10:20:03	17.71	-0.01	203	359513	卖盘
10:20:00	17.72	--	99	175428	卖盘
10:19:54	17.72	--	5	8860	卖盘
10:19:51	17.72	--	3	5316	卖盘
10:19:48	17.72	--	21	37212	卖盘
10:19:45	17.72	0.01	27	49598	买盘
10:19:39	17.71	--	19	33649	卖盘
10:19:33	17.71	-0.01	10	17710	卖盘
10:19:30	17.72	0.01	15	26580	买盘
10:19:27	17.71	-0.01	21	37191	卖盘
10:19:24	17.72	0.01	20	35440	买盘
10:19:18	17.71	-0.01	30	53130	卖盘
10:19:15	17.72	--	44	77968	买盘
10:19:12	17.72	--	48	85056	买盘
10:19:09	17.72	--	1	1772	买盘
10:19:06	17.72	0.01	40	70880	买盘
10:19:03	17.71	-0.01	100	177100	卖盘
10:19:00	17.72	--	22	38984	买盘
10:18:57	17.72	0.01	3	5316	买盘
10:18:54	17.71	-0.01	20	35420	卖盘
10:18:48	17.72	--	60	106320	卖盘
10:18:45	17.72	--	110	194920	卖盘
10:18:42	17.72	--	20	35440	卖盘
10:18:36	17.72	-0.01	4	7088	中性盘
10:18:33	17.73	0.02	1	1773	买盘
10:18:30	17.71	-0.01	21	37191	卖盘
10:18:27	17.72	--	54	95688	卖盘
10:18:21	17.72	0.01	18	31895	中性盘
10:18:09	17.71	-0.01	20	35420	卖盘
10:18:00	17.72	--	100	177200	卖盘
10:17:57	17.72	-0.01	200	354400	卖盘
10:17:51	17.73	-0.01	187	331551	卖盘
10:17:45	17.74	--	2	3547	买盘
10:17:42	17.74	--	134	237751	卖盘
10:17:36	17.74	--	15	26609	卖盘
10:17:33	17.74	--	15	26609	卖盘
10:17:30	17.74	--	5	8870	卖盘
10:17:27	17.74	--	213	377861	卖盘
10:17:24	17.74	--	55	97569	卖盘
10:17:18	17.74	--	3	5321	卖盘
10:17:15	17.74	--	20	35480	卖盘
10:17:12	17.74	--	10	17740	卖盘
10:17:09	17.74	-0.01	2	3547	卖盘
10:17:00	17.75	0.01	5	8875	买盘
10:16:54	17.74	--	18	31931	卖盘
10:16:45	17.74	--	10	17740	卖盘
10:16:42	17.74	--	8	15930	买盘
10:16:39	17.74	--	36	63863	买盘
10:16:36	17.74	--	15	26609	买盘
10:16:30	17.74	--	10	17740	买盘
10:16:24	17.74	-0.01	13	23061	卖盘
10:16:21	17.75	--	5	8875	买盘
10:16:18	17.75	--	43	76325	买盘
10:16:15	17.75	--	70	124250	买盘
10:16:09	17.75	0.03	1	1775	买盘
10:16:06	17.72	--	200	354400	卖盘
10:16:03	17.72	-0.02	9	15947	卖盘
10:15:57	17.74	0.03	20	35480	买盘
10:15:51	17.71	-0.03	81	143451	卖盘
10:15:48	17.74	0.03	100	177399	买盘
10:15:39	17.71	--	27	47817	卖盘
10:15:33	17.71	0.01	2	3542	中性盘
10:14:54	17.7	-0.05	3906	6913620	卖盘
10:14:45	17.75	-0.01	214	379850	卖盘
10:14:39	17.76	0.01	19	33744	买盘
10:14:33	17.75	--	13	23075	卖盘
10:14:24	17.75	-0.01	88	156200	卖盘
10:14:18	17.76	--	10	17760	买盘
10:14:15	17.76	0.01	3	5328	买盘
10:14:12	17.75	-0.01	200	355000	卖盘
10:14:09	17.76	--	16	28416	买盘
10:13:54	17.76	0.01	18	31968	买盘
10:13:51	17.75	-0.01	41	72775	卖盘
10:13:36	17.76	--	40	71040	买盘
10:13:30	17.76	--	10	17760	买盘
10:13:21	17.76	--	11	19536	买盘
10:13:12	17.76	--	16	28451	卖盘
10:13:09	17.76	--	38	67488	卖盘
10:13:03	17.76	--	10	19518	卖盘
10:13:00	17.76	-0.01	80	142080	卖盘
10:12:51	17.77	0.01	15	26655	买盘
10:12:48	17.76	-0.01	100	177600	卖盘
10:12:39	17.77	0.01	10	17770	买盘
10:12:33	17.76	-0.01	64	113664	卖盘
10:12:30	17.77	--	30	53310	买盘
10:12:27	17.77	--	30	53310	买盘
10:12:24	17.77	0.01	32	56864	买盘
10:12:21	17.76	--	2	3552	卖盘
10:12:15	17.76	--	7	12432	卖盘
10:12:12	17.76	--	133	236208	卖盘
10:12:06	17.76	--	6	12414	卖盘
10:12:00	17.76	--	1	1776	卖盘
10:11:57	17.76	--	4	7104	卖盘
10:11:54	17.76	--	6	10656	卖盘
10:11:51	17.76	--	162	287712	卖盘
10:11:45	17.76	-0.01	26	46176	卖盘
10:11:42	17.77	--	14	24878	买盘
10:11:36	17.77	--	5	8885	买盘
10:11:27	17.77	--	13	23101	买盘
10:11:24	17.77	0.01	20	35540	买盘
10:11:18	17.76	-0.02	92	163392	卖盘
10:11:09	17.78	0.02	104	184912	买盘
10:11:06	17.76	--	1	1776	卖盘
10:11:00	17.76	--	19	33744	卖盘
10:10:54	17.76	-0.02	1	1776	卖盘
10:10:39	17.78	0.03	200	355600	买盘
10:10:36	17.75	-0.01	2	3550	卖盘
10:10:33	17.76	--	1	1776	买盘
10:10:30	17.76	--	100	177600	买盘
10:10:27	17.76	-0.01	49	87041	卖盘
10:10:24	17.77	0.01	2	3554	买盘
10:10:21	17.76	--	53	95886	买盘
10:10:18	17.76	--	139	246864	买盘
10:10:15	17.76	--	119	213066	买盘
10:10:12	17.76	--	87	156270	买盘
10:10:09	17.76	--	67	118992	卖盘
10:10:06	17.76	--	33	58608	买盘
10:10:00	17.76	--	3	5328	买盘
10:09:57	17.76	--	13	23088	买盘
10:09:54	17.76	0.01	41	72816	买盘
10:09:48	17.75	-0.01	210	372750	卖盘
10:09:45	17.76	--	11	19536	买盘
10:09:42	17.76	-0.01	79	140304	卖盘
10:09:36	17.77	0.01	50	88850	买盘
10:09:33	17.76	--	74	131424	卖盘
10:09:24	17.76	0.01	2	3552	买盘
10:09:21	17.75	-0.01	3	5325	中性盘
10:09:18	17.76	0.01	42	74592	买盘
10:09:15	17.75	--	52	92300	买盘
10:09:12	17.75	0.01	50	88750	买盘
10:09:09	17.74	-0.01	6	10643	卖盘
10:09:06	17.75	0.01	134	237850	买盘
10:09:03	17.74	--	70	124179	卖盘
10:09:00	17.74	0.01	348	619108	买盘
10:08:48	17.73	--	5	8865	卖盘
10:08:42	17.73	--	13	23049	买盘
10:08:39	17.73	--	11	19503	卖盘
10:08:33	17.73	-0.01	14	24822	卖盘
10:08:30	17.74	--	14	24835	买盘
10:08:21	17.74	0.01	25	44349	买盘
10:08:18	17.73	-0.01	1	1773	卖盘
10:08:15	17.74	--	20	35480	买盘
10:08:12	17.74	0.02	100	177399	买盘
10:08:09	17.72	--	35	62019	卖盘
10:08:06	17.72	--	163	288836	卖盘
10:07:57	17.72	-0.01	80	141760	卖盘
10:07:54	17.73	--	1	1773	卖盘
10:07:51	17.73	--	5	8865	卖盘
10:07:48	17.73	--	15	26595	卖盘
10:07:45	17.73	--	141	249993	卖盘
10:07:39	17.73	--	20	35460	卖盘
10:07:33	17.73	--	20	35460	卖盘
10:07:27	17.73	-0.01	20	35460	卖盘
10:07:18	17.74	0.01	5	8870	买盘
10:07:15	17.73	-0.01	9	15957	卖盘
10:07:03	17.74	--	25	44349	买盘
10:07:00	17.74	--	115	204116	卖盘
10:06:57	17.74	-0.01	5	8870	卖盘
10:06:42	17.75	--	153	271575	买盘
10:06:39	17.75	--	22	39050	买盘
10:06:30	17.75	-0.01	74	131350	卖盘
10:06:21	17.76	0.01	55	97680	买盘
10:06:15	17.75	-0.01	207	369058	卖盘
10:06:09	17.76	--	2	3552	买盘
10:06:03	17.76	0.01	26	46176	买盘
10:06:00	17.75	--	38	67450	卖盘
10:05:57	17.75	--	102	181050	中性盘
10:05:51	17.75	--	3	5325	买盘
10:05:45	17.75	0.01	7	12425	中性盘
10:05:42	17.74	--	50	88699	卖盘
10:05:36	17.74	-0.02	50	88699	卖盘
10:05:33	17.76	-0.01	15	26640	卖盘
10:05:27	17.77	0.02	10	17770	买盘
10:05:18	17.75	--	30	53250	卖盘
10:05:03	17.75	0.01	23	40825	买盘
10:04:57	17.74	--	20	35480	卖盘
10:04:54	17.74	--	18	33599	买盘
10:04:51	17.74	--	7	12417	买盘
10:04:48	17.74	0.01	20	35480	买盘
10:04:42	17.73	-0.01	5	8865	卖盘
10:04:36	17.74	--	10	17740	买盘
10:04:33	17.74	--	4	7095	买盘
10:04:30	17.74	--	5	8870	买盘
10:04:24	17.74	0.01	34	60315	买盘
10:04:21	17.73	0.01	33	58509	卖盘
10:04:15	17.72	-0.01	249	442539	卖盘
10:04:12	17.73	--	98	173754	买盘
10:04:09	17.73	--	140	248220	买盘
10:04:06	17.73	0.01	8	14184	买盘
10:04:00	17.72	--	20	35440	卖盘
10:03:51	17.72	--	50	88600	卖盘
10:03:45	17.72	--	27	47844	卖盘
10:03:42	17.72	0.01	79	141653	买盘
10:03:39	17.71	-0.01	8	14168	卖盘
10:03:36	17.72	--	129	228587	买盘
10:03:30	17.72	0.01	200	354400	买盘
10:03:27	17.71	--	50	88550	卖盘
10:03:24	17.71	-0.01	221	391391	卖盘
10:03:21	17.72	0.01	40	70880	买盘
10:03:15	17.71	--	92	162932	卖盘
10:03:09	17.71	--	371	657041	卖盘
10:03:06	17.71	-0.01	157	278047	卖盘
10:03:03	17.72	--	70	125794	买盘
10:03:00	17.72	--	446	790843	买盘
10:02:57	17.72	--	161	285292	买盘
10:02:54	17.72	0.01	226	400472	买盘
10:02:51	17.71	--	44	77924	卖盘
10:02:48	17.71	-0.01	3	5313	卖盘
10:02:45	17.72	0.01	56	99232	买盘
10:02:39	17.71	-0.01	50	88550	卖盘
10:02:36	17.72	--	14	24808	买盘
10:02:33	17.72	--	30	53160	买盘
10:02:30	17.72	--	42	74424	买盘
10:02:27	17.72	0.01	1	1772	买盘
10:02:24	17.71	-0.01	48	85008	卖盘
10:02:21	17.72	--	1	1772	卖盘
10:02:18	17.72	--	30	53160	卖盘
10:02:15	17.72	--	14	24808	卖盘
10:02:12	17.72	--	355	629060	买盘
10:02:09	17.72	0.01	10	17720	买盘
10:02:06	17.71	-0.02	898	1590358	卖盘
10:02:03	17.73	0.01	53	93969	买盘
10:02:00	17.72	-0.01	3	5316	卖盘
10:01:51	17.73	--	22	39006	买盘
10:01:48	17.73	--	7	12411	卖盘
10:01:45	17.73	--	195	345735	卖盘
10:01:42	17.73	-0.01	300	531900	卖盘
10:01:39	17.74	--	20	35480	买盘
10:01:36	17.74	--	84	149016	买盘
10:01:30	17.74	--	10	17740	买盘
10:01:27	17.74	--	83	148483	卖盘
10:01:15	17.74	--	5	8870	卖盘
10:01:12	17.74	--	75	133582	买盘
10:01:09	17.74	--	50	88699	买盘
10:01:03	17.74	--	50	88699	买盘
10:01:00	17.74	0.01	10	17740	买盘
10:00:42	17.73	--	5	8865	卖盘
10:00:27	17.73	0.01	71	125883	买盘
10:00:24	17.72	--	40	70880	卖盘
10:00:21	17.72	-0.01	19	33668	卖盘
10:00:18	17.73	--	42	74466	买盘
10:00:15	17.73	--	10	19485	买盘
10:00:12	17.73	--	330	585090	买盘
10:00:09	17.73	--	48	85104	买盘
10:00:06	17.73	0.01	56	99288	买盘
10:00:03	17.72	-0.01	22	38984	卖盘
10:00:00	17.73	--	14	26453	买盘
09:59:54	17.73	0.01	30	53190	买盘
09:59:51	17.72	--	10	17720	卖盘
09:59:45	17.72	-0.03	627	1111044	卖盘
09:59:36	17.75	--	51	90525	买盘
09:59:24	17.75	0.02	10	17750	买盘
09:59:21	17.73	-0.01	333	590409	卖盘
09:59:18	17.74	-0.01	49	86925	卖盘
09:59:15	17.75	--	232	412119	卖盘
09:59:12	17.75	-0.01	39	69225	卖盘
09:59:09	17.76	--	309	548784	卖盘
09:59:06	17.76	--	155	275280	卖盘
09:59:03	17.76	-0.01	135	239760	卖盘
09:59:00	17.77	0.01	61	108397	买盘
09:58:57	17.76	-0.01	27	47952	卖盘
09:58:54	17.77	0.01	10	17770	买盘
