成交时间	成交价	价格变动	成交量(手)	成交额(元)	性质
15:00:03	11.51	--	962	1107262	卖盘
14:57:03	11.51	-0.01	25	28775	卖盘
14:56:57	11.52	--	80	92160	买盘
14:56:54	11.52	0.01	50	57600	买盘
14:56:51	11.51	--	20	23020	卖盘
14:56:42	11.51	-0.01	10	11510	卖盘
14:56:33	11.52	--	1	1152	买盘
14:56:21	11.52	--	1	1152	买盘
14:56:03	11.52	--	5	5760	买盘
14:56:00	11.52	0.01	108	124416	买盘
14:55:57	11.51	--	3	3453	买盘
14:55:54	11.51	0.01	5	5755	中性盘
14:55:51	11.5	-0.01	30	34500	卖盘
14:55:48	11.51	--	17	19567	卖盘
14:55:42	11.51	--	100	115100	卖盘
14:55:39	11.51	0.01	74	85174	买盘
14:55:36	11.5	--	55	63250	卖盘
14:55:30	11.5	-0.01	201	231150	卖盘
14:55:15	11.51	--	14	16114	买盘
14:55:12	11.51	0.01	9	10359	买盘
14:55:09	11.5	-0.01	10	11500	卖盘
14:55:00	11.51	0.01	23	26473	买盘
14:54:57	11.5	--	27	31878	买盘
14:54:54	11.5	--	15	17250	买盘
14:54:51	11.5	--	4	4600	买盘
14:54:48	11.5	0.01	2	2300	买盘
14:54:45	11.49	-0.01	9	10341	卖盘
14:54:39	11.5	--	10	11500	买盘
14:54:36	11.5	--	10	11500	买盘
14:54:30	11.5	--	96	110722	卖盘
14:54:27	11.5	-0.01	100	115000	卖盘
14:54:18	11.51	--	5	5755	买盘
14:53:57	11.51	0.01	24	27624	买盘
14:53:45	11.5	-0.01	1	1150	卖盘
14:53:42	11.51	--	50	57550	买盘
14:53:39	11.51	--	111	127761	买盘
14:53:36	11.51	--	21	24171	买盘
14:53:27	11.51	0.01	27	31077	买盘
14:53:24	11.5	--	60	69000	卖盘
14:53:21	11.5	--	15	17250	卖盘
14:53:18	11.5	--	50	57500	卖盘
14:53:15	11.5	-0.01	62	71300	卖盘
14:53:03	11.51	--	16	18416	买盘
14:53:00	11.51	--	13	14963	买盘
14:52:54	11.51	0.01	1	1151	买盘
14:52:48	11.5	--	6	6900	卖盘
14:52:42	11.5	-0.01	1	1150	卖盘
14:52:39	11.51	0.01	6	6906	买盘
14:52:33	11.5	-0.01	10	11500	卖盘
14:52:30	11.51	0.01	5	5755	买盘
14:52:24	11.5	--	17	19550	卖盘
14:52:15	11.5	--	200	230000	卖盘
14:52:12	11.5	-0.01	20	23000	卖盘
14:52:09	11.51	--	1	1151	买盘
14:52:06	11.51	0.01	5	5755	买盘
14:52:03	11.5	--	44	50600	卖盘
14:51:57	11.5	--	1	1150	卖盘
14:51:51	11.5	--	30	34500	卖盘
14:51:48	11.5	--	0	828	卖盘
14:51:36	11.5	-0.01	11	12650	卖盘
14:51:27	11.51	--	1	1151	买盘
14:51:21	11.51	0.01	39	44889	买盘
14:51:18	11.5	--	9	10350	买盘
14:51:15	11.5	--	20	23000	买盘
14:51:09	11.5	--	23	26450	买盘
14:51:06	11.5	--	15	17250	买盘
14:51:00	11.5	-0.01	36	41400	卖盘
14:50:51	11.51	--	14	16114	买盘
14:50:45	11.51	0.01	1	1151	买盘
14:50:42	11.5	-0.01	86	98900	卖盘
14:50:36	11.51	0.01	5	5755	买盘
14:50:24	11.5	--	35	40250	卖盘
14:50:09	11.5	-0.01	10	11500	卖盘
14:50:00	11.51	0.01	1	1151	中性盘
14:49:54	11.5	-0.01	231	265650	卖盘
14:49:39	11.51	0.01	53	61003	买盘
14:49:27	11.5	--	10	11500	卖盘
14:49:18	11.5	-0.01	14	16100	卖盘
14:49:09	11.51	--	2	2302	卖盘
14:49:00	11.51	--	13	14963	买盘
14:48:57	11.51	--	5	5755	卖盘
14:48:54	11.51	0.01	5	5755	中性盘
14:48:48	11.5	--	35	40250	卖盘
14:48:45	11.5	--	5	5750	卖盘
14:48:39	11.5	--	50	57500	卖盘
14:48:36	11.5	--	6	6900	卖盘
14:48:33	11.5	-0.01	10	11500	卖盘
14:48:27	11.51	0.01	8	9208	买盘
14:48:24	11.5	-0.01	43	49450	卖盘
14:48:21	11.51	0.01	4	4604	中性盘
14:48:15	11.5	--	10	11500	卖盘
14:48:12	11.5	--	10	11500	卖盘
14:48:09	11.5	--	10	11500	卖盘
14:48:03	11.5	-0.02	15	17250	卖盘
14:47:57	11.52	0.02	388	446976	买盘
14:47:51	11.5	--	46	52900	卖盘
14:47:42	11.5	--	1410	1621500	买盘
14:47:30	11.5	0.01	10	11500	买盘
14:47:21	11.49	--	80	91920	卖盘
14:47:18	11.49	-0.01	57	65493	卖盘
14:47:12	11.5	--	21	24150	买盘
14:47:09	11.5	--	1	1150	买盘
14:47:06	11.5	--	113	129950	买盘
14:47:03	11.5	--	20	23000	买盘
14:46:51	11.5	--	10	11500	买盘
14:46:48	11.5	--	10	11500	买盘
14:46:42	11.5	--	484	556600	卖盘
14:46:33	11.5	--	1057	1215550	买盘
14:46:27	11.5	--	32	36800	买盘
14:46:24	11.5	--	109	125350	买盘
14:46:18	11.5	0.01	30	34500	买盘
14:46:12	11.49	--	121	139029	卖盘
14:46:06	11.49	--	20	22980	卖盘
14:46:00	11.49	--	5	5745	卖盘
14:45:51	11.49	--	2	2298	卖盘
14:45:45	11.49	-0.01	1	1149	卖盘
14:45:42	11.5	0.01	1	1150	买盘
14:45:36	11.49	--	54	62046	卖盘
14:45:30	11.49	--	38	43662	买盘
14:45:27	11.49	--	21	24129	买盘
14:45:21	11.49	0.01	10	11490	买盘
14:45:00	11.48	0.01	61	70602	买盘
14:44:57	11.47	-0.01	47	54138	卖盘
14:44:54	11.48	--	203	233044	买盘
14:44:39	11.48	0.01	3	3444	买盘
14:44:21	11.47	-0.01	111	127317	卖盘
14:44:18	11.48	--	6	6888	买盘
14:44:15	11.48	--	10	11480	买盘
14:44:09	11.48	0.01	50	57400	买盘
14:43:51	11.47	--	18	20646	卖盘
14:43:42	11.47	--	27	30969	买盘
14:43:36	11.47	--	125	143375	买盘
14:43:33	11.47	--	1	1147	买盘
14:43:27	11.47	--	6	6882	买盘
14:43:24	11.47	--	282	323454	卖盘
14:43:21	11.47	-0.01	5	5735	卖盘
14:43:18	11.48	0.01	3	3444	买盘
14:43:12	11.47	-0.01	5	5735	卖盘
14:43:03	11.48	--	8	9184	买盘
14:42:51	11.48	0.01	1	1148	买盘
14:42:45	11.47	-0.01	10	11470	卖盘
14:42:42	11.48	--	60	68880	买盘
14:42:39	11.48	0.01	2	2296	买盘
14:42:33	11.47	--	10	11470	卖盘
14:42:27	11.47	--	2	2294	卖盘
14:42:24	11.47	-0.01	12	13764	卖盘
14:42:15	11.48	0.02	20	22960	买盘
14:42:12	11.46	-0.01	500	573000	卖盘
14:42:09	11.47	-0.01	6	6882	卖盘
14:42:06	11.48	0.01	16	18368	买盘
14:42:03	11.47	0.01	33	37851	买盘
14:42:00	11.46	-0.01	103	118038	卖盘
14:41:51	11.47	--	5	5735	卖盘
14:41:48	11.47	--	29	33263	卖盘
14:41:39	11.47	--	72	82584	买盘
14:41:36	11.47	0.01	8	9176	买盘
14:41:33	11.46	--	21	24066	卖盘
14:41:30	11.46	-0.01	80	91680	卖盘
14:41:27	11.47	--	22	25234	买盘
14:41:24	11.47	--	14	16058	买盘
14:41:18	11.47	0.01	20	22940	买盘
14:41:15	11.46	-0.01	15	17190	卖盘
14:41:06	11.47	-0.01	907	1040329	卖盘
14:41:03	11.48	--	20	22960	卖盘
14:41:00	11.48	--	5	5740	卖盘
14:40:57	11.48	--	20	22960	卖盘
14:40:51	11.48	--	5	5740	卖盘
14:40:48	11.48	-0.01	5	5740	卖盘
14:40:45	11.49	--	42	48258	买盘
14:40:42	11.49	0.01	11	12639	买盘
14:40:39	11.48	-0.01	20	22960	卖盘
14:40:36	11.49	--	75	86175	卖盘
14:40:30	11.49	--	10	11490	卖盘
14:40:27	11.49	--	10	11490	卖盘
14:40:24	11.49	--	5	5745	卖盘
14:40:09	11.49	-0.01	51	58599	卖盘
14:40:00	11.5	--	2	2300	买盘
14:39:57	11.5	--	939	1079850	买盘
14:39:54	11.5	0.01	11	12650	买盘
14:39:48	11.49	--	10	11490	卖盘
14:39:42	11.49	--	10	11490	卖盘
14:39:39	11.49	--	1	1149	卖盘
14:39:36	11.49	-0.01	12	13788	卖盘
14:39:27	11.5	--	10	11500	买盘
14:39:24	11.5	--	9	10350	买盘
14:39:15	11.5	--	1	1150	买盘
14:39:12	11.5	--	26	29900	买盘
14:38:51	11.5	-0.01	275	316250	卖盘
14:38:48	11.51	--	5	5755	买盘
14:38:33	11.51	--	1	1151	买盘
14:38:24	11.51	--	166	191066	买盘
14:38:18	11.51	0.01	30	34530	买盘
14:38:09	11.5	--	100	115000	卖盘
14:38:03	11.5	-0.01	148	170200	卖盘
14:37:51	11.51	--	93	107043	买盘
14:37:48	11.51	0.01	2	2302	买盘
14:37:42	11.5	--	53	60950	买盘
14:37:39	11.5	--	152	174800	买盘
14:37:36	11.5	0.01	100	115000	买盘
14:37:33	11.49	--	3	3447	卖盘
14:37:30	11.49	--	1	1149	卖盘
14:37:27	11.49	-0.01	30	34470	卖盘
14:37:24	11.5	0.01	25	28750	买盘
14:37:21	11.49	--	6	6894	卖盘
14:37:15	11.49	-0.01	21	24129	卖盘
14:37:12	11.5	--	2	2300	买盘
14:37:06	11.5	0.01	7	8050	买盘
14:36:45	11.49	-0.01	46	52854	卖盘
14:36:39	11.5	--	20	23000	买盘
14:36:36	11.5	--	5	5750	买盘
14:36:33	11.5	--	168	193200	买盘
14:36:30	11.5	--	10	11500	买盘
14:36:27	11.5	--	10	11500	买盘
14:36:24	11.5	0.01	1	1150	买盘
14:36:21	11.49	-0.01	27	31023	卖盘
14:36:12	11.5	--	10	11500	买盘
14:36:06	11.5	--	2	2300	买盘
14:36:00	11.5	--	19	21850	买盘
14:35:51	11.5	--	110	126500	买盘
14:35:42	11.5	--	190	218500	买盘
14:35:39	11.5	--	1	1150	买盘
14:35:33	11.5	--	341	392150	卖盘
14:35:12	11.5	--	451	518650	卖盘
14:35:09	11.5	--	42	48300	卖盘
14:35:00	11.5	-0.01	5	5750	卖盘
14:34:57	11.51	--	41	47191	买盘
14:34:48	11.51	--	11	12661	买盘
14:34:42	11.51	--	20	23020	买盘
14:34:18	11.51	--	12	13812	买盘
14:34:15	11.51	--	1	1151	买盘
14:34:06	11.51	--	111	127761	卖盘
14:33:51	11.51	-0.01	20	23020	卖盘
14:33:33	11.52	0.01	2	2304	买盘
14:33:27	11.51	-0.01	3	3453	卖盘
14:33:12	11.52	0.01	150	172800	买盘
14:33:09	11.51	--	25	28775	买盘
14:33:03	11.51	-0.01	218	250918	卖盘
14:32:48	11.52	0.01	1	1152	买盘
14:32:42	11.51	--	30	34530	卖盘
14:32:39	11.51	--	9	10359	卖盘
14:32:30	11.51	--	5	5755	卖盘
14:32:27	11.51	--	28	32228	卖盘
14:32:24	11.51	--	15	17265	卖盘
14:32:21	11.51	--	23	26473	卖盘
14:32:18	11.51	-0.01	10	11510	中性盘
14:32:09	11.52	0.01	116	133632	买盘
14:32:06	11.51	-0.01	6	6906	卖盘
14:32:03	11.52	0.01	15	17280	买盘
14:32:00	11.51	-0.01	197	226747	卖盘
14:31:48	11.52	--	12	13824	买盘
14:31:45	11.52	0.01	19	21888	买盘
14:31:42	11.51	-0.01	10	11510	卖盘
14:31:39	11.52	--	15	17280	买盘
14:31:33	11.52	--	10	11520	买盘
14:31:30	11.52	--	155	178560	卖盘
14:31:27	11.52	--	108	124416	卖盘
14:31:24	11.52	--	70	80640	卖盘
14:31:21	11.52	--	30	34560	卖盘
14:31:18	11.52	-0.01	5	5760	卖盘
14:31:12	11.53	0.01	21	24213	买盘
14:31:09	11.52	-0.01	10	11520	卖盘
14:31:00	11.53	0.01	10	11530	买盘
14:30:54	11.52	--	43	49536	卖盘
14:30:48	11.52	-0.01	40	46080	卖盘
14:30:39	11.53	--	6	6918	买盘
14:30:24	11.53	0.01	3	3459	买盘
14:30:21	11.52	-0.01	2	2304	卖盘
14:30:06	11.53	--	1	1153	买盘
14:30:03	11.53	--	16	18448	买盘
14:30:00	11.53	-0.01	147	169491	卖盘
14:29:57	11.54	0.01	241	278114	买盘
14:29:33	11.53	--	23	26519	卖盘
14:29:24	11.53	-0.01	8	9224	卖盘
14:29:15	11.54	0.01	1	1154	买盘
14:29:12	11.53	--	59	68027	买盘
14:29:06	11.53	--	2	2306	买盘
14:29:00	11.53	--	18	20754	买盘
14:28:54	11.53	--	10	11530	买盘
14:28:48	11.53	0.01	15	17295	买盘
14:28:45	11.52	--	5	5760	卖盘
14:28:39	11.52	-0.01	30	34560	卖盘
14:28:30	11.53	0.01	1	1153	买盘
14:28:12	11.52	--	36	41472	买盘
14:27:54	11.52	-0.01	136	156672	卖盘
14:27:48	11.53	--	1	1153	买盘
14:27:33	11.53	--	10	11530	买盘
14:27:24	11.53	--	8	9224	买盘
14:27:03	11.53	--	1	1153	买盘
14:26:48	11.53	0.01	10	11530	买盘
14:26:42	11.52	--	1	1152	卖盘
14:26:39	11.52	--	1	1152	买盘
14:26:36	11.52	-0.01	9	10368	卖盘
14:26:27	11.53	--	17	19601	买盘
14:26:21	11.53	0.01	1	1153	买盘
14:26:12	11.52	0.01	22	25344	买盘
14:26:09	11.51	--	25	28775	卖盘
14:26:06	11.51	-0.01	9	10359	卖盘
14:26:00	11.52	--	1	1152	买盘
14:25:57	11.52	-0.01	44	50688	买盘
14:25:54	11.53	0.01	100	115300	买盘
14:25:48	11.52	--	20	23040	买盘
14:25:45	11.52	-0.01	36	41472	卖盘
14:25:42	11.53	--	95	109535	买盘
14:25:39	11.53	0.01	76	87628	买盘
14:25:36	11.52	--	5	5760	卖盘
14:25:27	11.52	-0.01	20	23040	卖盘
14:25:18	11.53	--	287	330911	卖盘
14:25:12	11.53	--	230	265190	卖盘
14:25:09	11.53	-0.01	20	23060	卖盘
14:25:06	11.54	--	23	26541	买盘
14:24:57	11.54	--	1	1154	买盘
14:24:45	11.54	--	4	4616	买盘
14:24:42	11.54	--	110	126939	买盘
14:24:39	11.54	0.01	10	11540	买盘
14:24:36	11.53	-0.01	25	28825	卖盘
14:24:33	11.54	-0.01	22	26057	卖盘
14:24:30	11.55	0.01	50	57750	买盘
14:24:27	11.54	-0.01	335	386590	卖盘
14:24:18	11.55	--	1	1155	买盘
14:24:12	11.55	0.01	26	30030	买盘
14:24:06	11.54	--	35	40390	卖盘
14:24:03	11.54	--	208	240031	卖盘
14:23:54	11.54	-0.01	33	38082	卖盘
14:23:51	11.55	0.01	63	72765	买盘
14:23:45	11.54	--	5	5770	卖盘
14:23:42	11.54	--	5	5770	卖盘
14:23:39	11.54	--	43	49621	卖盘
14:23:36	11.54	-0.01	157	181178	卖盘
14:23:30	11.55	--	7	8570	买盘
14:23:27	11.55	0.01	200	231000	买盘
14:23:21	11.54	--	33	38082	卖盘
14:23:18	11.54	--	182	210027	卖盘
14:23:15	11.54	--	5	5770	卖盘
14:23:12	11.54	--	10	11540	卖盘
14:23:03	11.54	--	5	5770	卖盘
14:22:54	11.54	--	55	63469	买盘
14:22:48	11.54	--	24	27695	买盘
14:22:39	11.54	--	2	2308	买盘
14:22:27	11.54	--	189	218105	买盘
14:22:24	11.54	0.01	5	5770	买盘
14:22:18	11.53	-0.01	10	11530	卖盘
14:22:09	11.54	--	217	250417	买盘
14:22:03	11.54	0.01	1	1154	买盘
14:21:48	11.53	--	4	4612	卖盘
14:21:39	11.53	0.01	25	28825	买盘
14:21:36	11.52	-0.01	31	35712	卖盘
14:21:33	11.53	--	52	59956	买盘
14:21:24	11.53	--	10	11530	买盘
14:21:21	11.53	--	11	12683	买盘
14:21:15	11.53	--	23	26519	买盘
14:21:12	11.53	--	110	126830	买盘
14:21:00	11.53	--	10	11530	买盘
14:20:51	11.53	0.01	8	9224	买盘
14:20:42	11.52	-0.01	15	17280	卖盘
14:20:39	11.53	0.01	1	1153	买盘
14:20:33	11.52	0.01	41	47232	买盘
14:20:15	11.51	-0.01	1	1151	卖盘
14:20:12	11.52	--	9	10368	买盘
14:20:03	11.52	--	10	11520	买盘
14:19:54	11.52	-0.01	49	56448	卖盘
14:19:42	11.53	--	172	198316	买盘
14:19:36	11.53	--	4	4612	买盘
14:19:33	11.53	0.01	10	11530	买盘
14:19:30	11.52	-0.01	15	17280	卖盘
14:19:12	11.53	0.01	21	24213	买盘
14:19:09	11.52	--	5	5760	卖盘
14:19:06	11.52	--	130	149760	卖盘
14:19:03	11.52	0.01	26	29952	卖盘
14:19:00	11.51	--	10	11510	卖盘
14:18:57	11.51	-0.01	55	63305	卖盘
14:18:54	11.52	-0.01	15	17280	卖盘
14:18:51	11.53	0.01	47	54191	买盘
14:18:45	11.52	--	11	12672	卖盘
14:18:42	11.52	0.01	14	16128	买盘
14:18:39	11.51	--	15	17265	卖盘
14:18:36	11.51	-0.02	5	5755	卖盘
14:18:30	11.53	0.02	7	8071	买盘
14:18:27	11.51	-0.01	52	59852	卖盘
14:18:24	11.52	-0.01	85	97920	卖盘
14:18:12	11.53	0.01	5	5765	买盘
14:18:09	11.52	-0.02	228	262656	卖盘
14:18:06	11.54	0.01	11	12693	买盘
14:18:03	11.53	-0.01	30	34590	卖盘
14:18:00	11.54	--	324	373896	买盘
14:17:54	11.54	0.01	7	8077	买盘
14:17:48	11.53	-0.01	46	53038	卖盘
14:17:45	11.54	0.01	1	1154	买盘
14:17:39	11.53	--	5	5765	卖盘
14:17:33	11.53	-0.01	60	69180	卖盘
14:17:27	11.54	--	53	61161	买盘
14:17:21	11.54	--	10	11540	买盘
14:17:18	11.54	--	6	6923	买盘
14:17:06	11.54	--	10	11540	买盘
14:17:03	11.54	0.01	16	18464	买盘
14:16:54	11.53	--	272	313616	买盘
14:16:48	11.53	0.01	4	4612	买盘
14:16:42	11.52	--	393	452736	买盘
14:16:36	11.52	--	15	17280	买盘
14:16:27	11.52	--	90	103680	卖盘
14:16:21	11.52	--	69	79488	买盘
14:16:15	11.52	--	2	2304	买盘
14:16:12	11.52	--	7	8064	买盘
14:16:09	11.52	0.01	90	103680	买盘
14:16:03	11.51	--	41	47191	买盘
14:16:00	11.51	0.01	16	18416	买盘
14:15:57	11.5	-0.01	473	543950	卖盘
14:15:45	11.51	--	20	23020	买盘
14:15:36	11.51	0.01	1	1151	买盘
14:15:30	11.5	--	117	134550	买盘
14:15:27	11.5	--	11	12650	买盘
14:15:18	11.5	--	147	169050	卖盘
14:15:12	11.5	--	14	16100	卖盘
14:15:03	11.5	--	64	73600	买盘
14:15:00	11.5	--	11	12650	买盘
14:14:54	11.5	--	235	270250	买盘
14:14:51	11.5	--	7	8050	买盘
14:14:48	11.5	--	6	6900	买盘
14:14:45	11.5	0.01	5	5750	买盘
14:14:42	11.49	-0.01	100	114900	卖盘
14:14:39	11.5	--	50	57500	买盘
14:14:36	11.5	--	10	11500	买盘
14:14:33	11.5	--	110	126500	买盘
14:14:24	11.5	--	25	28750	买盘
14:14:21	11.5	--	7	8050	买盘
14:14:12	11.5	0.01	1	1150	买盘
14:14:09	11.49	--	6	6894	买盘
14:14:06	11.49	--	8	9192	买盘
14:14:03	11.49	--	22	25278	买盘
14:14:00	11.49	0.01	8	9192	买盘
14:13:48	11.48	--	17	19516	买盘
14:13:45	11.48	--	17	19516	买盘
14:13:42	11.48	--	4	4592	买盘
14:13:30	11.48	--	5	5740	买盘
14:13:27	11.48	0.01	11	12628	买盘
14:13:09	11.47	--	6	6882	买盘
14:13:03	11.47	--	91	104377	买盘
14:12:57	11.47	--	10	11470	买盘
14:12:51	11.47	-0.01	10	11470	中性盘
14:12:45	11.48	0.03	1	1148	买盘
14:12:42	11.45	-0.02	1000	1145423	卖盘
14:12:39	11.47	--	20	22940	卖盘
14:12:36	11.47	--	37	42439	买盘
14:12:30	11.47	--	56	64232	买盘
14:12:24	11.47	--	10	11470	买盘
14:12:21	11.47	0.01	4	4588	买盘
14:12:18	11.46	--	5	5730	卖盘
14:12:15	11.46	-0.01	143	163878	卖盘
14:12:03	11.47	--	1	1147	买盘
14:12:00	11.47	0.01	10	11470	买盘
14:11:57	11.46	-0.02	210	240660	卖盘
14:11:51	11.48	0.02	46	52808	买盘
14:11:45	11.46	-0.01	1	1146	卖盘
14:11:39	11.47	-0.01	493	565471	卖盘
14:11:36	11.48	--	35	40180	买盘
14:11:21	11.48	--	4	4592	买盘
14:11:18	11.48	--	1	1148	买盘
14:11:00	11.48	--	20	22960	买盘
14:10:51	11.48	0.01	4	4592	买盘
14:10:48	11.47	-0.01	8	9176	卖盘
14:10:42	11.48	0.01	50	57400	买盘
14:10:39	11.47	-0.01	3	3441	卖盘
14:10:36	11.48	--	2	2296	买盘
14:10:27	11.48	--	81	92988	卖盘
14:10:18	11.48	0.01	6	6888	卖盘
14:10:12	11.47	--	10	11470	卖盘
14:10:00	11.47	-0.02	100	114700	卖盘
14:09:54	11.49	--	1	1149	买盘
14:09:51	11.49	--	60	68940	买盘
14:09:27	11.49	--	11	12639	买盘
14:09:21	11.49	0.02	4	4596	买盘
14:09:15	11.47	-0.02	4	4588	卖盘
14:09:09	11.49	0.02	1	1149	买盘
14:09:03	11.47	-0.02	57	65379	卖盘
14:08:51	11.49	--	4	4596	买盘
14:08:30	11.49	-0.01	4	4596	卖盘
14:08:27	11.5	0.03	1	1150	买盘
14:08:15	11.47	-0.02	205	235135	卖盘
14:08:00	11.49	--	20	22980	卖盘
14:07:57	11.49	-0.01	5	5745	卖盘
14:07:51	11.5	0.01	4	4600	买盘
14:07:48	11.49	-0.01	5	5745	中性盘
14:07:42	11.5	0.02	6	6900	买盘
14:07:27	11.48	0.01	219	251412	买盘
14:07:24	11.47	--	5	5735	卖盘
14:07:21	11.47	--	534	612498	卖盘
14:07:15	11.47	-0.01	5	5735	卖盘
14:07:12	11.48	--	7	8036	买盘
14:07:09	11.48	0.01	10	11480	买盘
14:07:06	11.47	-0.01	22	25234	卖盘
14:07:00	11.48	0.01	11	12628	买盘
14:06:42	11.47	-0.01	4	4588	卖盘
14:06:33	11.48	--	21	24108	买盘
14:06:30	11.48	--	15	17220	买盘
14:06:27	11.48	--	1	1148	买盘
14:06:24	11.48	--	93	106764	买盘
14:06:21	11.48	--	128	146944	卖盘
14:06:18	11.48	--	46	52808	卖盘
14:06:00	11.48	--	11	12628	卖盘
14:05:42	11.48	--	442	507416	买盘
14:05:36	11.48	--	1	1148	买盘
14:05:33	11.48	--	21	24108	买盘
14:05:30	11.48	--	10	11480	买盘
14:05:27	11.48	--	60	68880	买盘
14:05:21	11.48	--	5	5740	买盘
14:05:09	11.48	--	5	5740	买盘
14:04:57	11.48	-0.02	478	548744	卖盘
14:04:51	11.5	--	5	5750	买盘
14:04:33	11.5	--	30	34500	买盘
14:04:21	11.5	--	4	4600	买盘
14:04:12	11.5	--	20	23000	买盘
14:04:09	11.5	--	52	59800	买盘
14:03:51	11.5	--	27	31050	买盘
14:03:42	11.5	--	18	20700	买盘
14:03:27	11.5	0.02	1	1150	买盘
14:03:15	11.48	--	83	95284	买盘
14:03:12	11.48	--	61	70028	买盘
14:03:09	11.48	--	5	5740	买盘
14:03:03	11.48	--	3	3444	买盘
14:02:51	11.48	-0.03	352	404096	卖盘
14:02:42	11.51	0.01	1	1151	买盘
14:02:27	11.5	--	52	59800	买盘
14:02:24	11.5	--	15	17250	买盘
14:02:21	11.5	0.01	4	4600	买盘
14:02:18	11.49	-0.01	4	4596	卖盘
14:02:15	11.5	--	5	5750	买盘
14:02:06	11.5	--	20	23000	买盘
14:02:00	11.5	--	1	1150	买盘
14:01:51	11.5	--	4	4600	买盘
14:01:42	11.5	--	6	6900	买盘
14:01:30	11.5	--	2	2300	买盘
14:01:21	11.5	--	4	4600	买盘
14:01:18	11.5	--	2	2300	买盘
14:01:15	11.5	--	245	281750	买盘
14:01:12	11.5	--	10	11500	买盘
14:01:00	11.5	--	26	29900	买盘
14:00:57	11.5	--	6	6900	买盘
14:00:51	11.5	--	4	4600	买盘
14:00:33	11.5	--	101	116150	买盘
14:00:21	11.5	--	4	4600	买盘
14:00:15	11.5	--	26	29900	买盘
14:00:12	11.5	--	5	5750	买盘
13:59:54	11.5	-0.01	264	303600	卖盘
13:59:51	11.51	0.01	1	1151	买盘
13:59:30	11.5	-0.01	5	5750	卖盘
13:59:09	11.51	0.01	1	1151	买盘
13:59:00	11.5	-0.01	4	4600	卖盘
13:58:48	11.51	--	39	44889	卖盘
13:58:33	11.51	-0.01	26	29926	卖盘
13:58:24	11.52	0.01	1	1152	买盘
13:58:18	11.51	--	46	52946	买盘
13:57:57	11.51	--	10	11510	买盘
13:57:51	11.51	--	10	11510	买盘
13:57:42	11.51	0.01	1	1151	买盘
13:57:27	11.5	--	85	97750	买盘
13:57:18	11.5	-0.01	48	55200	卖盘
13:57:00	11.51	0.01	1	1151	买盘
13:56:48	11.5	0.01	2	2300	买盘
13:56:36	11.49	-0.02	23	26427	卖盘
13:56:18	11.51	--	7	8057	买盘
13:56:15	11.51	--	111	127761	买盘
13:56:12	11.51	--	3	3453	买盘
13:56:03	11.51	--	31	35681	买盘
13:55:51	11.51	--	6	6906	买盘
13:55:33	11.51	0.01	1	1151	买盘
13:55:06	11.5	--	18	20700	买盘
13:54:48	11.5	0.01	2	2300	买盘
13:54:39	11.49	-0.01	4	4596	卖盘
13:54:36	11.5	--	6	6900	买盘
13:54:33	11.5	--	10	11500	买盘
13:54:30	11.5	0.01	10	11500	买盘
13:54:27	11.49	--	3	3447	卖盘
13:54:18	11.49	-0.01	100	114900	卖盘
13:54:06	11.5	0.01	1	1150	买盘
13:54:00	11.49	--	126	144774	卖盘
13:53:27	11.49	-0.01	23	26427	卖盘
13:53:24	11.5	--	1	1150	买盘
13:53:21	11.5	-0.01	1	1150	卖盘
13:53:06	11.51	--	8	9208	买盘
13:52:48	11.51	--	5	5755	买盘
13:52:45	11.51	-0.01	264	303864	卖盘
13:52:42	11.52	0.01	1	1152	买盘
13:52:27	11.51	0.01	156	179556	买盘
13:52:12	11.5	0.02	8	9200	买盘
13:51:57	11.48	-0.02	151	173348	卖盘
13:51:42	11.5	--	7	8050	买盘
13:51:15	11.5	0.02	1	1150	买盘
13:51:03	11.48	--	8	9184	卖盘
13:50:54	11.48	-0.02	20	22960	卖盘
13:50:48	11.5	0.02	8	9200	买盘
13:50:45	11.48	-0.01	10	11480	卖盘
13:50:39	11.49	--	3	3447	买盘
13:50:33	11.49	0.01	1	1149	买盘
13:50:12	11.48	--	5	5740	卖盘
13:50:06	11.48	0.01	157	180236	买盘
13:49:51	11.47	-0.01	41	47027	卖盘
13:49:48	11.48	0.01	1	1148	买盘
13:49:45	11.47	--	20	22940	卖盘
13:49:39	11.47	-0.01	2	2294	卖盘
13:49:21	11.48	--	20	22960	卖盘
13:49:18	11.48	--	32	36736	卖盘
13:49:15	11.48	--	10	11480	卖盘
13:49:09	11.48	--	2	2296	买盘
13:49:06	11.48	0.03	1	1148	买盘
13:49:03	11.45	-0.03	400	458000	卖盘
13:49:00	11.48	0.02	3	3444	中性盘
13:48:39	11.46	-0.04	936	1072656	卖盘
13:48:36	11.5	--	10	11500	买盘
13:48:30	11.5	-0.02	13	14950	卖盘
13:48:21	11.52	0.03	2	2304	买盘
13:48:15	11.49	--	39	44811	卖盘
13:47:42	11.49	-0.03	23	26427	卖盘
13:47:39	11.52	0.02	1	1152	买盘
13:47:33	11.5	--	25	28750	买盘
13:47:18	11.5	--	2	2300	买盘
13:47:12	11.5	--	24	27600	买盘
13:47:03	11.5	0.01	10	11500	买盘
13:46:57	11.49	--	58	66642	卖盘
13:46:48	11.49	-0.01	4	4596	卖盘
13:46:45	11.5	--	37	42550	买盘
13:46:36	11.5	--	10	11500	买盘
13:46:27	11.5	0.01	5	5750	买盘
13:46:21	11.49	--	23	26427	卖盘
13:46:18	11.49	-0.01	1	1149	卖盘
13:46:15	11.5	--	1	1150	买盘
13:45:57	11.5	0.01	10	11500	买盘
13:45:54	11.49	--	10	11490	卖盘
13:45:39	11.49	--	3	3447	卖盘
13:45:36	11.49	--	7	8043	买盘
13:45:33	11.49	--	4	4596	买盘
13:45:30	11.49	0.01	21	24129	买盘
13:45:27	11.48	-0.01	399	458052	卖盘
13:45:12	11.49	-0.01	7	8043	卖盘
13:45:09	11.5	0.01	20	23000	买盘
13:44:54	11.49	-0.01	7	8043	卖盘
13:44:48	11.5	0.01	1	1150	买盘
13:44:45	11.49	-0.01	4	4596	卖盘
13:44:39	11.5	--	30	34500	买盘
13:44:33	11.5	0.01	7	8050	买盘
13:44:27	11.49	-0.01	200	229800	卖盘
13:44:12	11.5	--	50	57500	买盘
13:44:06	11.5	--	1	1150	买盘
13:44:00	11.5	--	24	27600	买盘
13:43:48	11.5	--	18	20700	买盘
13:43:45	11.5	-0.02	268	308200	卖盘
13:43:21	11.52	--	1	1152	买盘
13:43:12	11.52	0.01	20	23040	买盘
13:43:00	11.51	--	4	4604	卖盘
13:42:57	11.51	--	18	20718	卖盘
13:42:45	11.51	--	20	23020	买盘
13:42:39	11.51	0.01	1	1151	买盘
13:42:36	11.5	--	3	3450	卖盘
13:42:33	11.5	--	241	277150	卖盘
13:42:24	11.5	-0.01	110	126500	卖盘
13:42:21	11.51	--	4	4604	买盘
13:42:12	11.51	--	20	23020	买盘
13:42:00	11.51	--	10	11510	买盘
13:41:57	11.51	--	1	1151	买盘
13:41:51	11.51	--	1	1151	买盘
13:41:48	11.51	--	167	192217	卖盘
13:41:39	11.51	--	15	17265	卖盘
13:41:27	11.51	-0.01	9	10359	卖盘
13:41:12	11.52	--	1	1152	买盘
13:41:09	11.52	-0.01	10	11520	卖盘
13:40:54	11.53	--	10	11530	买盘
13:40:42	11.53	--	30	34590	买盘
13:40:30	11.53	0.01	1	1153	买盘
13:40:27	11.52	0.01	5	5760	中性盘
13:40:15	11.51	0.01	5	5755	中性盘
13:39:57	11.5	--	18	20700	卖盘
13:39:54	11.5	-0.01	13	14950	卖盘
13:39:51	11.51	0.01	5	5755	卖盘
13:39:48	11.5	-0.04	12	13800	卖盘
13:39:45	11.54	0.04	1	1154	买盘
13:39:42	11.5	-0.05	8	9200	卖盘
13:39:36	11.55	0.05	10	11550	买盘
13:39:33	11.5	--	10	11500	卖盘
13:39:30	11.5	-0.05	1652	1899800	卖盘
13:39:18	11.55	0.01	30	34650	买盘
13:39:12	11.54	--	10	11540	卖盘
13:39:06	11.54	--	4	4616	卖盘
13:39:03	11.54	-0.01	22	25387	卖盘
13:39:00	11.55	--	20	23100	买盘
13:38:51	11.55	0.01	50	57750	买盘
13:38:42	11.54	-0.01	4	4616	卖盘
13:38:39	11.55	--	30	34650	买盘
13:38:36	11.55	0.01	100	115500	买盘
13:38:30	11.54	--	20	23080	卖盘
13:38:27	11.54	-0.01	37	42698	卖盘
13:38:21	11.55	0.01	1	1155	买盘
13:37:48	11.54	--	25	28849	买盘
13:37:39	11.54	--	1	1154	买盘
13:37:27	11.54	--	7	8077	买盘
13:37:24	11.54	--	50	57699	买盘
13:37:21	11.54	--	3	3461	买盘
13:37:15	11.54	--	300	346200	买盘
13:36:54	11.54	--	1	1154	买盘
13:36:42	11.54	--	5	5770	买盘
13:36:36	11.54	--	9	10386	买盘
13:36:12	11.54	0.02	5	5770	买盘
13:36:03	11.52	--	23	26496	卖盘
13:35:33	11.52	-0.02	20	23040	卖盘
13:35:30	11.54	0.01	1	1154	买盘
13:35:27	11.53	0.01	1	1153	中性盘
13:35:15	11.52	-0.01	50	57600	卖盘
13:35:09	11.53	--	10	11530	卖盘
13:35:03	11.53	--	43	49579	买盘
13:35:00	11.53	--	1	1153	买盘
13:34:51	11.53	--	201	231753	买盘
13:34:45	11.53	--	1	1153	买盘
13:34:39	11.53	--	21	24213	买盘
13:34:36	11.53	--	36	41508	买盘
13:34:30	11.53	--	1	1153	买盘
13:34:12	11.53	--	50	57650	买盘
13:34:03	11.53	--	1	1153	买盘
13:33:57	11.53	--	111	127983	买盘
13:33:51	11.53	--	30	34590	买盘
13:33:48	11.53	--	5	5765	买盘
13:33:36	11.53	--	1	1153	买盘
13:33:33	11.53	--	3	3459	买盘
13:33:30	11.53	0.01	30	34590	买盘
13:33:27	11.52	-0.01	12	13824	卖盘
13:33:24	11.53	--	10	11530	买盘
13:33:21	11.53	0.01	62	71486	买盘
13:33:18	11.52	--	4	4608	卖盘
13:33:15	11.52	--	9	10368	卖盘
13:33:03	11.52	-0.01	20	23040	卖盘
13:32:54	11.53	--	5	5765	买盘
13:32:36	11.53	--	154	177562	买盘
13:32:06	11.53	0.01	1	1153	买盘
13:31:57	11.52	-0.01	21	24192	卖盘
13:31:54	11.53	--	1	1153	买盘
13:31:45	11.53	--	1	1153	买盘
13:31:33	11.53	--	5	5765	买盘
13:31:30	11.53	0.01	1	1153	买盘
13:31:27	11.52	0.01	10	11520	买盘
13:31:24	11.51	-0.02	28	32228	卖盘
13:31:12	11.53	--	1	1153	买盘
13:30:54	11.53	--	9	10377	买盘
13:30:45	11.53	--	3	3459	买盘
13:30:27	11.53	0.01	1	1153	买盘
13:30:21	11.52	--	4	4608	卖盘
13:30:15	11.52	--	2	2304	买盘
13:29:51	11.52	-0.01	3	3456	卖盘
13:29:45	11.53	0.01	1	1153	买盘
13:29:36	11.52	--	43	49536	买盘
13:29:24	11.52	0.02	4	4608	买盘
13:29:15	11.5	-0.03	500	575000	卖盘
13:29:03	11.53	0.01	1	1153	买盘
13:28:51	11.52	--	4	4608	卖盘
13:28:48	11.52	--	69	79488	买盘
13:28:42	11.52	--	20	23040	买盘
13:28:36	11.52	--	11	12672	卖盘
13:28:27	11.52	--	33	38016	买盘
13:28:18	11.52	0.01	51	58752	买盘
13:28:15	11.51	0.01	7	8057	中性盘
13:28:12	11.5	-0.02	500	575000	卖盘
13:28:09	11.52	0.01	4	4608	买盘
13:28:06	11.51	-0.02	500	575500	卖盘
13:28:03	11.53	--	16	18448	买盘
13:28:00	11.53	--	33	38049	买盘
13:27:51	11.53	0.02	100	115300	买盘
13:27:42	11.51	-0.02	5	5755	卖盘
13:27:36	11.53	0.02	1	1153	买盘
13:27:30	11.51	--	4	4604	卖盘
13:27:09	11.51	0.01	83	95533	中性盘
13:27:00	11.5	--	16	18400	买盘
13:26:57	11.5	-0.02	486	558900	卖盘
13:26:54	11.52	0.02	1	1152	买盘
13:26:12	11.5	0.01	31	35650	买盘
13:26:09	11.49	-0.01	216	248184	卖盘
13:26:00	11.5	--	3	3450	买盘
13:25:54	11.5	0.01	10	11500	买盘
13:25:48	11.49	-0.01	10	11490	卖盘
13:25:42	11.5	--	5	5750	买盘
13:25:36	11.5	--	1	1150	买盘
13:25:27	11.5	--	11	12650	买盘
13:25:21	11.5	--	40	46000	买盘
13:25:18	11.5	--	246	282900	卖盘
13:25:09	11.5	-0.01	500	575000	卖盘
13:24:57	11.51	-0.01	241	277391	卖盘
13:24:54	11.52	-0.01	56	64512	卖盘
13:24:51	11.53	--	1	1153	买盘
13:24:45	11.53	0.01	1	1153	买盘
13:24:33	11.52	-0.01	33	38016	卖盘
13:24:30	11.53	--	1	1153	买盘
13:24:18	11.53	--	10	11530	买盘
13:24:12	11.53	--	51	58803	卖盘
13:24:09	11.53	-0.01	25	28825	卖盘
13:24:00	11.54	0.01	2	2308	买盘
13:23:45	11.53	-0.01	5	5765	卖盘
13:23:36	11.54	-0.01	112	129247	卖盘
13:23:33	11.55	0.01	2	2310	买盘
13:23:24	11.54	-0.01	20	23080	卖盘
13:23:18	11.55	0.01	1	1155	买盘
13:22:48	11.54	--	5	5770	卖盘
13:22:36	11.54	-0.01	10	11540	卖盘
13:22:33	11.55	0.01	1	1155	买盘
13:22:12	11.54	--	50	57699	卖盘
13:22:09	11.54	--	14	16155	卖盘
13:21:51	11.54	--	22	25387	卖盘
13:21:48	11.54	--	8	9232	卖盘
13:21:42	11.54	--	50	57699	卖盘
13:21:36	11.54	--	52	60007	卖盘
13:21:24	11.54	--	8	9232	卖盘
13:21:09	11.54	-0.01	6	6923	卖盘
13:21:03	11.55	0.01	1	1155	买盘
13:20:57	11.54	-0.01	13	15001	卖盘
13:20:33	11.55	--	10	11550	买盘
13:20:27	11.55	--	1	1155	买盘
13:20:12	11.55	--	51	58905	买盘
13:20:03	11.55	--	5	5775	买盘
13:19:48	11.55	--	10	11550	买盘
13:19:45	11.55	-0.01	148	170940	卖盘
13:19:42	11.56	0.01	1	1156	买盘
13:19:36	11.55	--	90	103950	卖盘
13:19:33	11.55	-0.01	12	13860	卖盘
13:19:30	11.56	0.01	7	8092	买盘
13:19:27	11.55	--	100	115500	卖盘
13:19:15	11.55	--	35	40425	卖盘
13:19:06	11.55	--	23	26565	卖盘
13:19:00	11.55	0.01	270	311850	买盘
13:18:48	11.54	-0.01	3	3461	卖盘
13:18:24	11.55	--	5	5775	买盘
13:18:18	11.55	--	1	1155	买盘
13:18:12	11.55	--	95	109725	卖盘
13:18:09	11.55	--	85	98175	买盘
13:18:00	11.55	--	15	17325	卖盘
13:17:57	11.55	--	2	2310	卖盘
13:17:54	11.55	--	3	3465	买盘
13:17:39	11.55	--	21	24255	买盘
13:17:36	11.55	--	10	11550	买盘
13:17:33	11.55	0.01	1	1155	买盘
13:17:24	11.54	-0.01	30	34620	卖盘
13:16:51	11.55	0.01	1	1155	买盘
13:16:39	11.54	-0.01	4	4616	卖盘
13:16:30	11.55	--	2	2310	买盘
13:16:27	11.55	--	12	13860	卖盘
13:16:24	11.55	--	35	40425	卖盘
13:16:12	11.55	-0.01	6	6930	卖盘
13:16:09	11.56	0.01	1	1156	买盘
13:15:54	11.55	--	25	28875	卖盘
13:15:45	11.55	--	37	42735	卖盘
13:15:39	11.55	--	9	10395	买盘
13:15:24	11.55	0.01	1	1155	买盘
13:15:18	11.54	--	80	92320	卖盘
13:15:03	11.54	-0.01	28	32311	卖盘
13:14:54	11.55	-0.01	100	115500	卖盘
13:14:42	11.56	--	1	1156	买盘
13:14:27	11.56	0.01	15	17340	买盘
13:14:15	11.55	-0.01	15	17325	卖盘
13:14:00	11.56	--	1	1156	买盘
13:13:39	11.56	0.01	10	11560	买盘
13:13:33	11.55	--	8	9240	买盘
13:13:27	11.55	--	15	17325	卖盘
13:13:21	11.55	-0.01	12	13860	卖盘
13:13:15	11.56	0.01	1	1156	买盘
13:13:06	11.55	-0.01	34	39270	卖盘
13:13:03	11.56	0.01	8	9248	买盘
13:12:57	11.55	0.01	12	13860	买盘
13:12:48	11.54	-0.01	89	102705	卖盘
13:12:45	11.55	--	5	5775	买盘
13:12:36	11.55	-0.01	5	5775	卖盘
13:12:33	11.56	0.01	1	1156	买盘
13:12:27	11.55	--	1	1155	卖盘
13:12:24	11.55	--	10	11550	中性盘
13:12:09	11.55	--	8	9240	卖盘
13:12:03	11.55	--	10	11550	卖盘
13:11:54	11.55	-0.01	3	3465	卖盘
13:11:51	11.56	0.01	1	1156	买盘
13:11:48	11.55	--	84	97020	买盘
13:11:42	11.55	--	29	33495	买盘
13:11:27	11.55	--	3	3465	买盘
13:11:06	11.55	0.01	1	1155	买盘
13:11:00	11.54	--	1	1154	卖盘
13:10:45	11.54	-0.01	13	15001	卖盘
13:10:39	11.55	--	20	23100	买盘
13:10:36	11.55	0.01	20	23100	买盘
13:10:27	11.54	-0.01	1	1154	卖盘
13:10:21	11.55	--	80	92400	买盘
13:10:09	11.55	--	5	5775	买盘
13:09:54	11.55	0.01	200	231000	买盘
13:09:33	11.54	--	104	120015	买盘
13:09:21	11.54	0.01	12	13847	买盘
13:09:18	11.53	--	50	57650	卖盘
13:08:57	11.53	--	0	530	卖盘
13:08:27	11.53	-0.01	12	13836	卖盘
13:08:03	11.54	-0.01	30	34620	中性盘
13:07:42	11.55	0.01	34	39270	买盘
13:07:36	11.54	--	25	28849	卖盘
13:07:24	11.54	--	10	11540	卖盘
13:07:21	11.54	--	10	11540	卖盘
13:07:12	11.54	--	200	230799	卖盘
13:06:39	11.54	--	57	65778	买盘
13:06:33	11.54	0.01	6	6923	买盘
13:06:30	11.53	-0.01	16	18448	卖盘
13:05:57	11.54	0.01	15	17310	买盘
13:05:39	11.53	-0.01	24	27672	卖盘
13:05:30	11.54	0.01	5	5770	买盘
13:05:21	11.53	--	11	12683	卖盘
13:05:15	11.53	--	10	11530	卖盘
13:05:12	11.53	-0.01	61	70333	卖盘
13:04:42	11.54	0.01	13	15001	买盘
13:04:27	11.53	--	10	11530	卖盘
13:04:18	11.53	--	5	5765	卖盘
13:03:45	11.53	--	11	12683	卖盘
13:03:12	11.53	0.01	30	34590	买盘
13:02:48	11.52	--	3	3456	卖盘
13:02:30	11.52	-0.01	3	3456	卖盘
13:02:27	11.53	0.01	10	11530	买盘
13:02:03	11.52	--	13	14976	卖盘
13:01:51	11.52	--	5	5760	卖盘
13:01:39	11.52	-0.02	88	101376	卖盘
13:01:36	11.54	0.02	7	8077	买盘
13:01:06	11.52	-0.02	24	27648	卖盘
13:00:33	11.54	0.02	4	4616	买盘
13:00:09	11.52	--	3	3456	卖盘
13:00:06	11.52	--	159	183168	卖盘
13:00:03	11.52	--	0	0	卖盘
11:30:03	11.52	--	0	0	卖盘
11:29:39	11.52	-0.01	11	12672	卖盘
11:29:15	11.53	--	10	11530	卖盘
11:28:57	11.53	--	7	8071	卖盘
11:28:54	11.53	--	5	5765	卖盘
11:28:42	11.53	--	2	2306	卖盘
11:28:39	11.53	--	11	12683	卖盘
11:28:36	11.53	--	139	160267	卖盘
11:28:27	11.53	--	43	49579	买盘
11:28:15	11.53	--	5	5765	买盘
11:28:06	11.53	-0.01	41	47273	卖盘
11:28:03	11.54	--	17	19618	买盘
11:27:51	11.54	--	50	57699	买盘
11:27:36	11.54	--	2	2308	买盘
11:27:21	11.54	0.01	50	57699	买盘
11:27:09	11.53	0.01	21	24213	买盘
11:27:03	11.52	-0.01	1	1152	卖盘
11:27:00	11.53	0.01	50	57650	买盘
11:26:54	11.52	--	97	111744	卖盘
11:26:42	11.52	0.01	198	228096	买盘
11:26:33	11.51	--	28	32228	卖盘
11:26:15	11.51	--	27	31077	买盘
11:26:12	11.51	--	60	69060	买盘
11:25:57	11.51	--	5	5755	买盘
11:25:36	11.51	0.01	1	1151	买盘
11:25:33	11.5	-0.01	8	9200	卖盘
11:25:24	11.51	0.01	30	34530	买盘
11:25:12	11.5	-0.01	80	92000	卖盘
11:25:03	11.51	0.01	11	12661	买盘
11:25:00	11.5	--	25	28750	卖盘
11:24:51	11.5	-0.01	55	63250	卖盘
11:24:39	11.51	0.01	2	2302	买盘
11:24:24	11.5	--	61	70150	买盘
11:24:18	11.5	--	50	57500	买盘
11:24:15	11.5	--	8	9200	买盘
11:24:09	11.5	--	21	24150	买盘
11:23:57	11.5	--	5	5750	买盘
11:23:48	11.5	0.02	8	9200	买盘
11:23:36	11.48	-0.02	39	44772	卖盘
11:23:33	11.5	0.01	15	17250	买盘
11:23:30	11.49	--	88	101123	买盘
11:23:27	11.49	--	17	19533	买盘
11:23:18	11.49	--	4	4596	买盘
11:23:15	11.49	0.01	14	16086	买盘
11:23:12	11.48	-0.01	70	80360	卖盘
11:23:00	11.49	0.01	5	5745	买盘
11:22:45	11.48	--	8	9184	卖盘
11:22:42	11.48	-0.01	11	12628	卖盘
11:22:36	11.49	-0.01	16	18384	中性盘
11:22:33	11.5	0.02	118	135700	买盘
11:22:27	11.48	0.01	15	17220	买盘
11:22:24	11.47	-0.01	47	53909	卖盘
11:22:21	11.48	--	10	11480	买盘
11:22:15	11.48	--	29	33292	买盘
11:22:12	11.48	--	49	57124	卖盘
11:22:06	11.48	--	109	125132	卖盘
11:22:00	11.48	--	108	123984	卖盘
11:21:51	11.48	--	14	16072	卖盘
11:21:48	11.48	-0.01	24	27552	卖盘
11:21:42	11.49	--	100	114900	买盘
11:21:39	11.49	0.01	40	45960	买盘
11:21:33	11.48	-0.01	10	11480	卖盘
11:21:27	11.49	0.01	1	1149	中性盘
11:21:12	11.48	-0.02	632	725536	卖盘
11:21:06	11.5	--	10	11500	卖盘
11:21:03	11.5	--	29	33350	卖盘
11:20:54	11.5	-0.01	20	23000	卖盘
11:20:42	11.51	--	30	34530	卖盘
11:20:36	11.51	--	10	11510	卖盘
11:20:27	11.51	--	13	14963	卖盘
11:20:24	11.51	--	20	23020	卖盘
11:20:06	11.51	--	50	57550	卖盘
11:20:03	11.51	--	400	460400	卖盘
11:19:54	11.51	--	2	2302	卖盘
11:19:33	11.51	--	1	1151	卖盘
11:19:30	11.51	--	1	1151	卖盘
11:19:12	11.51	-0.01	24	27624	卖盘
11:19:06	11.52	--	4	4608	卖盘
11:18:57	11.52	--	72	82944	卖盘
11:18:51	11.52	--	8	9216	卖盘
11:18:45	11.52	--	11	12672	卖盘
11:18:42	11.52	--	100	115200	卖盘
11:18:39	11.52	--	2	2304	卖盘
11:18:18	11.52	--	50	57600	卖盘
11:17:27	11.52	0.01	77	88704	买盘
11:17:03	11.51	--	300	345300	卖盘
11:16:54	11.51	-0.01	22	25322	卖盘
11:16:48	11.52	0.01	6	6912	买盘
11:16:45	11.51	-0.01	15	17265	卖盘
11:16:36	11.52	--	14	16128	买盘
11:16:18	11.52	0.01	50	57600	买盘
11:16:06	11.51	--	100	115100	卖盘
11:15:57	11.51	--	23	26473	卖盘
11:15:42	11.51	-0.01	20	23020	卖盘
11:15:21	11.52	--	6	6912	买盘
11:14:54	11.52	0.01	3	3456	买盘
11:14:48	11.51	--	50	57550	卖盘
11:14:42	11.51	-0.01	8	9208	卖盘
11:14:27	11.52	0.01	12	13824	买盘
11:14:18	11.51	--	352	405152	卖盘
11:14:09	11.51	-0.01	248	285448	卖盘
11:14:00	11.52	--	42	48384	买盘
11:13:57	11.52	--	2	2304	买盘
11:13:48	11.52	0.01	9	10368	买盘
11:13:42	11.51	-0.01	60	69060	卖盘
11:13:36	11.52	--	20	23040	买盘
11:13:18	11.52	0.01	6	6912	买盘
11:13:12	11.51	-0.01	10	11510	卖盘
11:13:09	11.52	0.01	21	24192	买盘
11:13:03	11.51	--	50	57550	卖盘
11:12:57	11.51	--	5	5755	卖盘
11:12:48	11.51	--	1	1151	卖盘
11:12:42	11.51	--	14	16114	卖盘
11:12:39	11.51	--	12	13812	卖盘
11:12:36	11.51	0.01	209	240559	买盘
11:12:30	11.5	--	120	138000	卖盘
11:12:18	11.5	--	46	52900	卖盘
11:12:06	11.5	--	30	34500	卖盘
11:12:03	11.5	--	10	11500	卖盘
11:12:00	11.5	--	269	309350	卖盘
11:11:57	11.5	--	17	19550	卖盘
11:11:48	11.5	--	5	5750	卖盘
11:11:45	11.5	0.01	507	583050	买盘
11:11:42	11.49	-0.01	15	17235	卖盘
11:11:36	11.5	--	29	33350	买盘
11:11:24	11.5	--	14	16100	买盘
11:11:12	11.5	0.01	50	57500	买盘
11:11:09	11.49	-0.01	90	103410	卖盘
11:11:06	11.5	--	5	5750	卖盘
11:11:03	11.5	-0.01	9	10350	卖盘
11:10:51	11.51	--	107	123157	卖盘
11:10:30	11.51	--	2	2302	卖盘
11:10:27	11.51	--	5	5755	卖盘
11:10:15	11.51	--	22	25322	卖盘
11:10:12	11.51	--	44	50644	卖盘
11:10:09	11.51	0.01	118	135818	买盘
11:10:06	11.5	--	8	9200	卖盘
11:10:03	11.5	-0.01	2	2300	卖盘
11:09:54	11.51	0.01	1	1151	买盘
11:09:51	11.5	--	11	12650	卖盘
11:09:45	11.5	--	2	2300	卖盘
11:09:42	11.5	-0.01	207	238050	卖盘
11:09:36	11.51	--	8	9208	卖盘
11:09:24	11.51	--	77	88627	卖盘
11:09:21	11.51	--	596	685996	卖盘
11:08:57	11.51	--	449	517247	买盘
11:08:42	11.51	0.01	5	5755	买盘
11:08:39	11.5	--	22	25300	卖盘
11:08:24	11.5	--	30	34500	卖盘
11:08:21	11.5	--	5	5750	卖盘
11:08:00	11.5	--	28	32200	卖盘
11:07:54	11.5	--	24	27600	卖盘
11:07:48	11.5	0.01	7	9027	买盘
11:07:45	11.49	--	108	124092	卖盘
11:07:33	11.49	-0.01	300	344700	卖盘
11:07:30	11.5	--	14	16100	买盘
11:07:27	11.5	0.01	155	178250	买盘
11:07:24	11.49	-0.01	10	11490	卖盘
11:07:15	11.5	0.01	57	65550	买盘
11:07:12	11.49	-0.01	142	163158	卖盘
11:07:06	11.5	--	10	11500	买盘
11:07:03	11.5	--	11	12650	买盘
11:07:00	11.5	--	216	248572	卖盘
11:06:57	11.5	--	150	172500	卖盘
11:06:54	11.5	-0.01	47	54050	卖盘
11:06:51	11.51	0.01	120	138120	买盘
11:06:48	11.5	--	541	623127	卖盘
11:06:45	11.5	--	293	336950	卖盘
11:06:42	11.5	-0.01	33	37950	卖盘
11:06:39	11.51	--	4	5306	卖盘
11:06:36	11.51	--	500	575500	卖盘
11:06:33	11.51	-0.01	4	4604	卖盘
11:06:30	11.52	0.01	1	1152	买盘
11:06:21	11.51	--	6	6906	卖盘
11:06:12	11.51	-0.01	5	5755	卖盘
11:06:09	11.52	0.01	11	12672	买盘
11:06:03	11.51	--	5	5755	卖盘
11:05:57	11.51	--	10	11510	卖盘
11:05:54	11.51	--	80	92080	卖盘
11:05:48	11.51	-0.01	3	3453	卖盘
11:05:45	11.52	0.01	81	93312	买盘
11:05:39	11.51	--	11	12661	卖盘
11:05:33	11.51	--	24	27624	卖盘
11:05:30	11.51	--	8	9208	卖盘
11:05:27	11.51	--	8	9208	卖盘
11:05:24	11.51	--	14	16114	卖盘
11:05:21	11.51	-0.01	70	80570	卖盘
11:05:06	11.52	--	492	566784	买盘
11:05:00	11.52	-0.01	388	446976	卖盘
11:04:30	11.53	--	25	29966	卖盘
11:04:24	11.53	--	5	5776	买盘
11:04:18	11.53	--	19	21907	买盘
11:04:03	11.53	--	90	104911	卖盘
11:03:30	11.53	--	10	11530	卖盘
11:03:27	11.53	-0.01	10	11530	卖盘
11:03:12	11.54	0.01	1	1154	买盘
11:03:00	11.53	--	15	17295	卖盘
11:02:54	11.53	--	29	33437	卖盘
11:02:48	11.53	--	100	115300	卖盘
11:02:45	11.53	--	20	23060	卖盘
11:02:09	11.53	-0.01	51	58803	卖盘
11:01:54	11.54	0.01	35	40390	买盘
11:01:45	11.53	--	8	9224	卖盘
11:01:36	11.53	-0.01	400	461200	卖盘
11:01:33	11.54	--	9	10386	卖盘
11:01:30	11.54	--	20	23080	买盘
11:01:27	11.54	--	100	115399	买盘
11:01:15	11.54	--	10	11540	买盘
11:00:39	11.54	--	50	57699	买盘
11:00:36	11.54	--	5	5770	买盘
11:00:33	11.54	--	27	31157	卖盘
11:00:27	11.54	--	28	32311	买盘
11:00:24	11.54	--	4	4616	买盘
11:00:21	11.54	0.01	80	92320	中性盘
11:00:09	11.53	-0.01	142	163726	卖盘
10:59:54	11.54	--	5	5770	卖盘
10:59:48	11.54	0.01	31	35774	买盘
10:59:39	11.53	-0.01	39	44967	卖盘
10:59:33	11.54	--	31	35774	买盘
10:59:30	11.54	--	29	33466	买盘
10:59:27	11.54	--	39	45006	买盘
10:59:24	11.54	--	27	31157	买盘
10:59:06	11.54	-0.01	171	197333	卖盘
10:58:57	11.55	0.01	2	2310	买盘
10:58:54	11.54	0.01	1	1154	中性盘
10:58:33	11.53	--	32	36896	卖盘
10:58:27	11.53	-0.02	24	27672	卖盘
10:58:18	11.55	--	20	23100	买盘
10:58:15	11.55	0.01	11	12705	买盘
10:58:09	11.54	--	5	5770	卖盘
10:58:06	11.54	--	143	165022	卖盘
10:58:00	11.54	--	10	11540	卖盘
10:57:57	11.54	-0.01	129	148866	卖盘
10:57:51	11.55	0.01	10	11550	买盘
10:57:39	11.54	--	34	39236	卖盘
10:57:30	11.54	-0.01	8	9232	卖盘
10:57:21	11.55	--	10	11550	买盘
10:56:57	11.55	--	20	23100	买盘
10:56:51	11.55	0.01	45	51975	买盘
10:56:45	11.54	--	4	4616	卖盘
10:56:42	11.54	--	200	230799	卖盘
10:56:33	11.54	--	3	3461	卖盘
10:56:27	11.54	--	21	24245	买盘
10:56:24	11.54	--	29	33466	买盘
10:56:21	11.54	--	8	9232	买盘
10:56:09	11.54	--	70	80780	买盘
10:56:06	11.54	--	1	1154	买盘
10:56:03	11.54	--	20	23080	买盘
10:56:00	11.54	0.01	31	35774	买盘
10:55:57	11.53	-0.01	22	25366	卖盘
10:55:51	11.54	0.01	260	300040	买盘
10:55:45	11.53	-0.01	11	12683	卖盘
10:55:33	11.54	0.01	110	126939	买盘
10:55:21	11.53	--	24	27672	卖盘
10:55:15	11.53	--	6	6918	买盘
10:55:12	11.53	0.01	155	178715	买盘
10:54:45	11.52	--	52	59904	买盘
10:54:42	11.52	--	20	23040	买盘
10:54:39	11.52	--	20	23040	买盘
10:54:33	11.52	--	85	97920	买盘
10:54:30	11.52	--	20	23040	买盘
10:54:24	11.52	--	20	23040	买盘
10:54:15	11.52	-0.01	257	296064	卖盘
10:54:03	11.53	--	10	11530	买盘
10:54:00	11.53	--	10	11530	买盘
10:53:57	11.53	--	8	9224	买盘
10:53:45	11.53	--	124	142972	卖盘
10:53:42	11.53	--	277	319381	卖盘
10:53:39	11.53	--	4	4612	卖盘
10:53:33	11.53	-0.01	26	29978	卖盘
10:53:24	11.54	--	14	16155	买盘
10:53:18	11.54	--	20	23080	买盘
10:53:15	11.54	--	10	11540	买盘
10:53:03	11.54	--	107	124620	卖盘
10:52:54	11.54	0.01	0	11	买盘
10:52:51	11.53	--	80	92240	卖盘
10:52:48	11.53	-0.01	4	4612	卖盘
10:52:39	11.54	0.01	19	21926	买盘
10:52:27	11.53	--	14	16142	买盘
10:52:18	11.53	0.01	8	9224	买盘
10:52:15	11.52	0.01	5	5760	中性盘
10:52:12	11.51	-0.01	106	122006	卖盘
10:52:06	11.52	--	30	34560	卖盘
10:52:03	11.52	--	195	225089	买盘
10:52:00	11.52	0.01	268	308736	买盘
10:51:57	11.51	--	51	58701	卖盘
10:51:51	11.51	-0.01	164	188764	卖盘
10:51:48	11.52	--	20	23040	买盘
10:51:36	11.52	--	4	4608	买盘
10:51:33	11.52	--	54	62910	卖盘
10:51:12	11.52	-0.01	600	691200	卖盘
10:51:06	11.53	0.01	8	9224	买盘
10:51:03	11.52	-0.01	106	122112	卖盘
10:50:51	11.53	--	20	23060	买盘
10:50:39	11.53	--	2	2306	买盘
10:50:36	11.53	--	100	115300	买盘
10:50:30	11.53	--	10	11530	买盘
10:50:24	11.53	--	25	28825	卖盘
10:50:12	11.53	--	16	18448	卖盘
10:50:03	11.53	-0.01	68	78404	卖盘
10:49:54	11.54	0.01	49	56545	买盘
10:49:42	11.53	-0.01	500	576500	卖盘
10:49:30	11.54	--	6	6923	买盘
10:49:12	11.54	--	1	1154	买盘
10:49:03	11.54	0.01	15	17310	买盘
10:49:00	11.53	-0.01	11	12683	卖盘
10:48:45	11.54	--	54	63458	卖盘
10:48:33	11.54	--	17	19629	买盘
10:48:21	11.54	--	115	132710	买盘
10:48:15	11.54	--	20	23080	买盘
10:47:39	11.54	--	94	109618	卖盘
10:47:36	11.54	--	4	4616	卖盘
10:47:27	11.54	-0.01	25	28849	卖盘
10:47:09	11.55	0.01	100	115500	买盘
10:47:06	11.54	--	38	43863	买盘
10:47:03	11.54	--	12	13847	买盘
10:47:00	11.54	--	15	17310	买盘
10:46:39	11.54	--	10	11540	买盘
10:46:36	11.54	--	20	23080	买盘
10:46:15	11.54	--	34	39236	买盘
10:46:12	11.54	--	4	5758	卖盘
10:46:06	11.54	--	44	50775	卖盘
10:46:03	11.54	--	151	174265	买盘
10:45:54	11.54	--	10	11540	买盘
10:45:42	11.54	--	103	118861	买盘
10:45:27	11.54	--	5	5770	买盘
10:45:18	11.54	--	40	46160	买盘
10:45:00	11.54	0.02	2	2308	买盘
10:44:45	11.52	-0.01	2	2304	卖盘
10:44:39	11.53	0.01	119	137207	买盘
10:44:36	11.52	-0.01	200	230400	卖盘
10:44:27	11.53	--	10	11530	买盘
10:44:21	11.53	--	4	4612	买盘
10:44:18	11.53	--	50	57650	买盘
10:44:15	11.53	--	3	3459	买盘
10:44:12	11.53	--	2	2306	卖盘
10:44:03	11.53	--	80	92240	卖盘
10:43:51	11.53	0.01	88	101464	中性盘
10:43:39	11.52	-0.01	198	228096	卖盘
10:43:27	11.53	--	120	138360	买盘
10:43:21	11.53	--	10	11530	买盘
10:43:18	11.53	-0.01	20	23060	买盘
10:43:12	11.54	0.01	10	11540	买盘
10:43:09	11.53	--	48	55344	卖盘
10:43:06	11.53	--	27	31131	卖盘
10:43:03	11.53	--	23	26519	卖盘
10:43:00	11.53	--	175	201775	卖盘
10:42:51	11.53	--	4	4612	卖盘
10:42:39	11.53	--	25	28825	卖盘
10:42:36	11.53	--	16	18448	买盘
10:42:33	11.53	--	47	54191	买盘
10:42:30	11.53	--	18	20754	买盘
10:42:27	11.53	--	35	40355	买盘
10:42:12	11.53	0.01	4	4612	买盘
10:42:03	11.52	-0.01	5	5760	卖盘
10:41:51	11.53	0.01	30	34590	买盘
10:41:42	11.52	-0.01	1	1152	卖盘
10:41:36	11.53	--	10	11530	买盘
10:41:33	11.53	--	1	1153	买盘
10:41:30	11.53	--	50	57650	买盘
10:41:27	11.53	0.01	2	2306	买盘
10:41:24	11.52	-0.01	285	328320	卖盘
10:41:09	11.53	0.01	30	34590	买盘
10:41:06	11.52	-0.01	41	47232	卖盘
10:41:03	11.53	--	5	5765	买盘
10:40:42	11.53	--	6	6918	买盘
10:40:33	11.53	0.01	5	5765	买盘
10:40:27	11.52	--	1	1152	卖盘
10:40:24	11.52	-0.01	5	5760	卖盘
10:40:12	11.53	--	1	1153	买盘
10:40:09	11.53	--	10	11530	买盘
10:40:00	11.53	--	20	23060	买盘
10:39:57	11.53	--	20	23060	买盘
10:39:54	11.53	0.01	10	11530	买盘
10:39:51	11.52	-0.01	20	23040	卖盘
10:39:36	11.53	0.01	20	23060	买盘
10:39:27	11.52	--	1	1152	卖盘
10:39:15	11.52	--	20	23040	卖盘
10:39:06	11.52	-0.02	218	251136	卖盘
10:38:48	11.54	0.02	3	3461	买盘
10:38:42	11.52	-0.01	118	135936	卖盘
10:38:36	11.53	--	26	31119	买盘
10:38:27	11.53	--	12	13847	卖盘
10:38:24	11.53	0.01	21	25354	买盘
10:38:12	11.52	-0.01	13	14976	卖盘
10:38:09	11.53	--	3	3470	卖盘
10:37:57	11.53	--	4	4612	卖盘
10:37:48	11.53	--	13	14989	卖盘
10:37:45	11.53	--	185	214446	买盘
10:37:42	11.53	--	4	4612	买盘
10:37:36	11.53	--	37	42661	买盘
10:37:33	11.53	--	85	98005	买盘
10:37:30	11.53	--	20	23060	买盘
10:37:24	11.53	0.01	54	62262	买盘
10:37:09	11.52	-0.01	8	9216	卖盘
10:37:00	11.53	--	208	239824	买盘
10:36:57	11.53	--	10	11530	买盘
10:36:54	11.53	--	20	23060	买盘
10:36:39	11.53	0.01	31	35743	买盘
10:36:36	11.52	-0.01	4	4608	卖盘
10:36:27	11.53	--	6	6918	买盘
10:36:21	11.53	--	100	115300	买盘
10:36:18	11.53	--	7	8071	买盘
10:36:06	11.53	--	572	659516	卖盘
10:36:03	11.53	--	4	4612	卖盘
10:36:00	11.53	--	3	3459	卖盘
10:35:54	11.53	--	200	230600	卖盘
10:35:42	11.53	-0.01	8	9224	卖盘
10:35:33	11.54	0.01	12	13847	买盘
10:35:30	11.53	-0.01	50	57650	卖盘
10:35:27	11.54	--	4	4616	买盘
10:35:24	11.54	--	5	5770	买盘
10:35:15	11.54	0.01	51	58853	买盘
10:35:12	11.53	-0.01	3	3459	卖盘
10:35:03	11.54	--	50	57699	买盘
10:35:00	11.54	0.01	20	23080	买盘
10:34:51	11.53	--	8	9224	卖盘
10:34:48	11.53	--	16	18448	卖盘
10:34:42	11.53	--	8	9224	卖盘
10:33:57	11.53	-0.01	10	11530	卖盘
10:33:51	11.54	0.01	2	2308	买盘
10:33:48	11.53	--	47	54191	卖盘
10:33:39	11.53	-0.01	36	41508	卖盘
10:33:36	11.54	--	5	5770	买盘
10:33:33	11.54	--	1	1154	买盘
10:33:18	11.54	0.01	5	5770	买盘
10:33:09	11.53	-0.01	24	27672	卖盘
10:33:03	11.54	--	10	12682	卖盘
10:33:00	11.54	--	30	34620	卖盘
10:32:42	11.54	--	300	346200	卖盘
10:32:36	11.54	--	0	11	卖盘
10:32:30	11.54	--	1	1154	卖盘
10:32:27	11.54	--	100	115399	卖盘
10:32:18	11.54	--	80	92320	卖盘
10:32:15	11.54	--	8	9232	卖盘
10:32:09	11.54	-0.01	9	10386	卖盘
10:32:03	11.55	--	7	8085	买盘
10:31:57	11.55	0.01	10	11550	买盘
10:31:42	11.54	--	6	6923	卖盘
10:31:39	11.54	-0.01	5	5770	卖盘
10:31:27	11.55	--	164	189420	卖盘
10:31:12	11.55	--	15	17325	卖盘
10:31:09	11.55	--	99	114345	买盘
10:31:06	11.55	-0.01	452	522060	卖盘
10:31:00	11.56	0.01	11	12716	买盘
10:30:54	11.55	-0.01	400	462000	卖盘
10:30:45	11.56	0.01	1	1156	买盘
10:30:42	11.55	-0.01	2	2310	卖盘
10:30:36	11.56	0.01	28	32368	买盘
10:30:33	11.55	-0.01	50	57750	卖盘
10:30:30	11.56	0.01	10	11560	买盘
10:30:24	11.55	-0.01	6	6930	卖盘
10:30:12	11.56	-0.01	39	45084	卖盘
10:30:06	11.57	--	45	52065	买盘
10:30:03	11.57	0.01	3	3471	买盘
10:30:00	11.56	-0.01	50	57800	卖盘
10:29:48	11.57	0.01	20	23140	买盘
10:29:12	11.56	-0.01	8	9248	卖盘
10:28:42	11.57	--	25	28925	买盘
10:28:27	11.57	0.01	150	173550	买盘
10:27:57	11.56	-0.01	7	8092	卖盘
10:27:51	11.57	--	5	5785	买盘
10:27:42	11.57	--	5	5785	买盘
10:27:12	11.57	--	2	2314	买盘
10:27:00	11.57	0.01	28	32396	买盘
10:26:57	11.56	--	6	6936	买盘
10:26:54	11.56	0.01	12	13872	买盘
10:26:51	11.55	-0.01	276	318780	卖盘
10:26:48	11.56	--	47	54332	买盘
10:26:45	11.56	0.01	20	23120	买盘
10:26:36	11.55	--	24	27720	卖盘
10:26:30	11.55	--	216	249480	买盘
10:26:27	11.55	--	10	11550	买盘
10:26:18	11.55	--	10	11550	买盘
10:26:12	11.55	--	10	11550	买盘
10:25:54	11.55	--	5	5775	买盘
10:25:33	11.55	0.01	23	26565	买盘
10:25:30	11.54	-0.01	102	117707	卖盘
10:25:21	11.55	--	26	30030	买盘
10:25:18	11.55	--	2	2310	买盘
10:25:03	11.55	--	5	5775	买盘
10:24:57	11.55	0.01	20	23100	买盘
10:24:51	11.54	--	45	51929	卖盘
10:24:39	11.54	--	8	9232	卖盘
10:24:33	11.54	-0.01	58	66932	卖盘
10:24:24	11.55	--	20	23100	买盘
10:24:21	11.55	--	103	118965	买盘
10:24:12	11.55	0.01	10	11550	买盘
10:24:09	11.54	-0.01	14	16155	卖盘
10:24:03	11.55	--	10	11550	买盘
10:23:57	11.55	0.01	1	1155	买盘
10:23:54	11.54	-0.01	50	57699	卖盘
10:23:36	11.55	--	20	23100	买盘
10:23:33	11.55	--	6	6930	买盘
10:23:30	11.55	--	20	23100	买盘
10:23:27	11.55	--	10	11550	买盘
10:23:09	11.55	0.01	11	12705	买盘
10:23:06	11.54	-0.01	2	2308	卖盘
10:23:00	11.55	--	135	155925	买盘
10:22:54	11.55	--	6	6930	买盘
10:22:45	11.55	--	2	2310	买盘
10:22:36	11.55	--	10	11550	买盘
10:22:33	11.55	0.01	10	11550	买盘
10:22:24	11.54	--	1	1154	卖盘
10:22:21	11.54	-0.01	10	11540	卖盘
10:22:18	11.55	--	7	8085	买盘
10:22:06	11.55	0.02	10	11550	买盘
10:21:39	11.53	-0.02	43	49579	卖盘
10:21:36	11.55	0.02	3	3465	买盘
10:21:12	11.53	-0.01	263	303239	卖盘
10:21:06	11.54	--	1	1154	买盘
10:21:00	11.54	--	30	34620	买盘
10:20:51	11.54	0.01	7	8077	买盘
10:20:48	11.53	--	4	4612	卖盘
10:20:45	11.53	-0.01	10	11530	卖盘
10:20:42	11.54	--	10	11540	买盘
10:20:39	11.54	--	5	5770	买盘
10:20:27	11.54	--	71	81934	卖盘
10:20:21	11.54	--	1	1154	卖盘
10:20:03	11.54	--	50	57699	卖盘
10:19:54	11.54	--	27	31157	卖盘
10:19:48	11.54	-0.01	101	116553	卖盘
10:19:45	11.55	0.01	3	3465	买盘
10:19:21	11.54	-0.01	10	11540	卖盘
10:19:06	11.55	--	10	11550	买盘
10:19:03	11.55	--	22	25410	卖盘
10:19:00	11.55	-0.01	108	124740	卖盘
10:18:57	11.56	0.01	25	28900	买盘
10:18:54	11.55	-0.01	32	36960	卖盘
10:18:42	11.56	--	7	8092	买盘
10:18:39	11.56	0.01	50	57800	买盘
10:18:27	11.55	--	9	10395	卖盘
10:18:24	11.55	--	25	28875	卖盘
10:18:21	11.55	--	5	5775	卖盘
10:18:15	11.55	--	12	13860	卖盘
10:17:54	11.55	--	24	27720	卖盘
10:17:48	11.55	--	36	41580	买盘
10:17:45	11.55	--	10	11550	买盘
10:17:33	11.55	--	65	75075	买盘
10:17:30	11.55	0.01	2	2310	买盘
10:17:12	11.54	--	29	33466	卖盘
10:17:09	11.54	--	200	230799	卖盘
10:17:03	11.54	-0.01	2	2308	卖盘
10:17:00	11.55	--	5	5775	买盘
10:16:51	11.55	--	54	62370	卖盘
10:16:48	11.55	-0.01	5	5775	卖盘
10:16:39	11.56	0.01	10	11560	买盘
10:16:36	11.55	--	100	115500	卖盘
10:16:27	11.55	-0.01	20	23100	卖盘
10:15:57	11.56	--	10	11560	买盘
10:15:54	11.56	0.01	10	11560	买盘
10:15:51	11.55	--	8	9240	卖盘
10:15:45	11.55	-0.01	6	6930	卖盘
10:15:42	11.56	--	9	10404	买盘
10:15:21	11.56	--	10	11560	买盘
10:15:12	11.56	--	100	115600	买盘
10:15:09	11.56	--	10	11560	买盘
10:15:00	11.56	--	1	1156	买盘
10:14:48	11.56	--	200	231200	买盘
10:14:39	11.56	0.01	11	12716	买盘
10:14:18	11.55	--	113	130515	卖盘
10:14:06	11.55	-0.01	2	2310	卖盘
10:14:03	11.56	0.01	3	3468	买盘
10:13:51	11.55	-0.01	4	4620	卖盘
10:13:42	11.56	--	5	5780	买盘
10:13:18	11.56	--	10	11560	买盘
10:13:09	11.56	--	5	5780	买盘
10:13:06	11.56	0.01	30	34680	买盘
10:12:33	11.55	--	3	3465	卖盘
10:12:24	11.55	-0.01	3	3465	卖盘
10:12:15	11.56	0.01	1	1156	买盘
10:12:09	11.55	--	84	97020	买盘
10:12:06	11.55	--	8	9240	买盘
10:12:03	11.55	--	11	12705	买盘
10:12:00	11.55	--	39	45045	买盘
10:11:48	11.55	0.01	3	3465	买盘
10:11:24	11.54	-0.01	16	18464	卖盘
10:11:18	11.55	--	25	28875	买盘
10:11:15	11.55	0.01	10	11550	买盘
10:11:06	11.54	--	54	62315	卖盘
10:11:03	11.54	--	4	4616	卖盘
10:11:00	11.54	--	2	2308	卖盘
10:10:45	11.54	-0.01	9	10386	卖盘
10:10:27	11.55	--	4	4620	买盘
10:10:21	11.55	--	68	78540	买盘
10:10:18	11.55	0.01	3	3465	买盘
10:10:03	11.54	--	146	168484	卖盘
10:10:00	11.54	-0.01	10	11540	卖盘
10:09:54	11.55	--	5	5775	买盘
10:09:33	11.55	--	5	5775	买盘
10:09:24	11.55	--	69	79695	卖盘
10:09:18	11.55	0.01	103	118965	买盘
10:09:15	11.54	--	31	35774	卖盘
10:09:06	11.54	--	10	11540	卖盘
10:09:00	11.54	-0.01	40	46160	卖盘
10:08:57	11.55	0.02	5	5775	买盘
10:08:54	11.53	-0.02	13	14989	卖盘
10:08:51	11.55	0.01	33	38115	买盘
10:08:45	11.54	0.01	1	1154	中性盘
10:08:36	11.53	-0.01	10	11530	卖盘
10:08:33	11.54	--	198	228491	买盘
10:08:30	11.54	--	8	9232	买盘
10:08:21	11.54	0.01	8	9232	买盘
10:08:12	11.53	0.01	110	126830	卖盘
10:07:57	11.52	-0.03	57	65664	卖盘
10:07:54	11.55	0.02	74	86567	买盘
10:07:48	11.53	--	20	23060	买盘
10:07:45	11.53	--	8	9224	买盘
10:07:42	11.53	--	7	8071	买盘
10:07:39	11.53	--	118	136054	买盘
10:07:36	11.53	--	7	8071	买盘
10:07:30	11.53	--	105	121065	买盘
10:07:27	11.53	--	5	5765	买盘
10:07:24	11.53	--	8	9224	买盘
10:07:21	11.53	0.01	181	208693	买盘
10:07:18	11.52	--	2	2304	卖盘
10:07:15	11.52	--	30	34560	卖盘
10:07:12	11.52	--	332	382464	卖盘
10:07:09	11.52	-0.01	5	5760	卖盘
10:07:03	11.53	--	10	11530	买盘
10:07:00	11.53	--	199	229447	买盘
10:06:57	11.53	--	569	656114	卖盘
10:06:48	11.53	--	101	116453	卖盘
10:06:45	11.53	-0.01	200	230600	卖盘
10:06:42	11.54	--	408	471928	买盘
10:06:33	11.54	0.01	31	35774	买盘
10:06:27	11.53	-0.01	6	6918	卖盘
10:06:24	11.54	--	12	13847	卖盘
10:06:21	11.54	--	2	2308	卖盘
10:06:09	11.54	--	8	9232	卖盘
10:06:06	11.54	--	278	320812	买盘
10:06:03	11.54	--	10	11540	买盘
10:06:00	11.54	--	1	1154	买盘
10:05:54	11.54	0.01	110	126939	买盘
10:05:51	11.53	--	8	9224	卖盘
10:05:48	11.53	-0.02	230	265190	卖盘
10:05:45	11.55	--	64	73920	买盘
10:05:30	11.55	0.02	20	23100	买盘
10:05:24	11.53	--	50	57650	卖盘
10:05:12	11.53	--	139	160267	卖盘
10:05:06	11.53	--	93	107229	卖盘
10:05:03	11.53	--	17	19601	买盘
10:05:00	11.53	--	1	1153	买盘
10:04:57	11.53	0.01	97	111841	买盘
10:04:54	11.52	--	176	202752	卖盘
10:04:51	11.52	-0.01	45	51840	卖盘
10:04:48	11.53	0.01	99	114147	买盘
10:04:45	11.52	-0.01	99	114048	卖盘
10:04:42	11.53	0.01	178	205234	买盘
10:04:39	11.52	-0.01	34	39168	卖盘
10:04:33	11.53	0.01	13	14989	买盘
10:04:30	11.52	-0.03	5	5760	卖盘
10:04:27	11.55	0.03	30	34650	买盘
10:04:24	11.52	-0.01	2	2304	卖盘
10:04:21	11.53	0.01	52	59956	中性盘
10:04:12	11.52	-0.02	59	67968	卖盘
10:04:09	11.54	--	13	15001	买盘
10:04:06	11.54	0.02	61	70394	买盘
10:04:03	11.52	-0.03	1037	1194624	卖盘
10:03:57	11.55	0.01	1	1155	中性盘
10:03:30	11.54	-0.03	202	233107	卖盘
10:03:15	11.57	0.02	10	11570	买盘
10:03:12	11.55	-0.01	700	808500	卖盘
10:03:09	11.56	0.01	67	77972	买盘
10:03:06	11.55	-0.01	40	46835	卖盘
10:03:00	11.56	--	19	21964	卖盘
10:02:57	11.56	-0.01	8	9248	卖盘
10:02:54	11.57	--	50	57850	买盘
10:02:48	11.57	0.01	12	13884	买盘
10:02:39	11.56	--	6	6936	卖盘
10:02:30	11.56	--	193	223108	卖盘
10:02:18	11.56	--	95	109820	卖盘
10:02:09	11.56	--	20	23120	卖盘
10:01:51	11.56	--	4	4624	卖盘
10:01:48	11.56	-0.01	100	115600	卖盘
10:01:45	11.57	--	12	13884	买盘
10:01:42	11.57	--	8	9256	买盘
10:01:39	11.57	0.01	20	23140	买盘
10:01:27	11.56	-0.01	16	18496	卖盘
10:01:24	11.57	--	8	9256	买盘
10:01:21	11.57	0.01	2	2314	买盘
10:01:18	11.56	-0.01	108	124848	卖盘
10:01:03	11.57	--	95	109915	卖盘
10:00:48	11.57	--	51	59007	卖盘
10:00:45	11.57	--	54	62478	买盘
10:00:36	11.57	--	28	32396	买盘
10:00:27	11.57	--	27	31239	卖盘
10:00:21	11.57	--	16	18512	卖盘
10:00:15	11.57	--	8	9256	卖盘
10:00:12	11.57	--	7	8099	卖盘
10:00:00	11.57	--	16	18512	卖盘
09:59:57	11.57	--	14	16198	买盘
09:59:51	11.57	--	36	41652	卖盘
09:59:45	11.57	0.01	10	11570	卖盘
09:59:33	11.56	-0.01	63	72828	卖盘
09:59:30	11.57	0.01	49	57213	买盘
09:59:27	11.56	--	20	23120	卖盘
09:59:24	11.56	--	14	16184	卖盘
09:59:06	11.56	--	2	2312	卖盘
09:59:03	11.56	-0.01	10	11560	卖盘
09:58:51	11.57	0.01	99	114543	买盘
09:58:45	11.56	-0.01	100	115600	卖盘
09:58:36	11.57	--	4	5264	卖盘
09:58:30	11.57	--	28	32396	卖盘
09:58:27	11.57	--	26	30082	卖盘
09:58:03	11.57	--	50	57850	卖盘
09:58:00	11.57	--	22	25454	卖盘
09:57:54	11.57	--	8	9256	卖盘
09:57:48	11.57	--	3	3471	卖盘
09:57:45	11.57	--	1	1157	卖盘
09:57:39	11.57	--	42	48594	卖盘
09:57:30	11.57	--	58	67626	买盘
09:57:21	11.57	--	10	11570	买盘
09:57:18	11.57	0.01	150	173550	买盘
09:57:15	11.56	--	2	2312	卖盘
09:57:06	11.56	-0.01	26	30056	卖盘
09:57:00	11.57	0.01	211	244127	买盘
09:56:51	11.56	-0.01	5	5780	卖盘
09:56:48	11.57	--	1	1157	买盘
09:56:33	11.57	0.01	80	92560	买盘
09:56:15	11.56	-0.01	69	79764	卖盘
09:56:03	11.57	--	10	11570	买盘
09:55:54	11.57	-0.01	295	341951	卖盘
09:55:33	11.58	--	3	3474	买盘
09:55:30	11.58	0.01	23	26634	买盘
09:55:27	11.57	-0.01	5	5785	卖盘
09:55:15	11.58	0.01	4	4632	买盘
09:55:12	11.57	-0.01	0	520	卖盘
09:55:09	11.58	0.01	4	4632	买盘
09:55:06	11.57	-0.01	20	23140	卖盘
09:54:54	11.58	0.01	5	5790	买盘
09:54:48	11.57	-0.01	16	18512	卖盘
09:54:45	11.58	0.01	18	20844	买盘
09:54:33	11.57	--	25	28925	买盘
09:54:30	11.57	0.01	1	1157	买盘
09:54:21	11.56	-0.01	13	15028	卖盘
09:54:15	11.57	--	100	115700	买盘
09:54:12	11.57	0.01	5	5785	买盘
09:53:57	11.56	--	1	1156	卖盘
09:53:48	11.56	-0.01	26	30056	卖盘
09:53:36	11.57	0.01	50	57850	买盘
09:53:24	11.56	--	87	100572	买盘
09:53:21	11.56	--	17	19652	买盘
09:53:12	11.56	--	220	254320	买盘
09:53:09	11.56	--	22	25432	卖盘
09:53:03	11.56	-0.01	17	19652	卖盘
09:52:57	11.57	0.01	12	13884	买盘
09:52:51	11.56	-0.01	3	3468	卖盘
09:52:42	11.57	--	108	124956	买盘
09:52:39	11.57	-0.01	10	11570	买盘
09:52:30	11.58	0.02	20	23160	买盘
09:52:27	11.56	0.02	4	4624	中性盘
09:52:09	11.54	-0.04	9	10386	卖盘
09:51:54	11.58	--	16	18528	买盘
09:51:39	11.58	0.04	8	9264	买盘
09:51:36	11.54	0.01	5	5770	买盘
09:51:33	11.53	--	89	102617	买盘
09:51:30	11.53	0.01	24	27672	买盘
09:51:27	11.52	-0.01	130	149760	卖盘
09:51:24	11.53	-0.01	137	157961	卖盘
09:51:21	11.54	--	10	11540	买盘
09:51:18	11.54	--	108	124631	买盘
09:51:15	11.54	--	120	138480	买盘
09:51:12	11.54	--	50	57699	买盘
09:51:09	11.54	--	228	263112	卖盘
09:51:06	11.54	-0.01	67	77318	卖盘
09:51:00	11.55	--	14	16170	买盘
09:50:57	11.55	--	20	23100	买盘
09:50:51	11.55	-0.04	1872	2162160	卖盘
09:50:42	11.59	--	27	31293	买盘
09:50:39	11.59	-0.01	279	323361	卖盘
09:50:36	11.6	0.01	80	92800	买盘
09:50:33	11.59	--	10	11590	卖盘
09:50:27	11.59	--	50	57950	卖盘
09:50:21	11.59	-0.01	4	4636	卖盘
09:50:06	11.6	--	84	98078	卖盘
09:50:00	11.6	-0.01	20	23200	卖盘
09:49:57	11.61	0.01	31	35991	买盘
09:49:42	11.6	0.01	3	4002	买盘
09:49:39	11.59	-0.01	30	34770	卖盘
09:49:33	11.6	--	16	19198	卖盘
09:49:30	11.6	0.01	3	4002	买盘
09:49:21	11.59	-0.01	140	162260	卖盘
09:49:12	11.6	0.01	1	1160	买盘
09:49:09	11.59	-0.01	15	17385	卖盘
09:49:03	11.6	--	90	105038	卖盘
09:48:51	11.6	0.01	59	68962	买盘
09:48:39	11.59	--	48	55632	卖盘
09:48:36	11.59	--	91	105469	卖盘
09:48:33	11.59	--	6	6954	卖盘
09:48:30	11.59	-0.01	8	9272	卖盘
09:48:18	11.6	--	500	580000	买盘
09:48:15	11.6	--	5	5800	买盘
09:47:57	11.6	-0.01	274	317840	卖盘
09:47:51	11.61	0.01	30	34830	买盘
09:47:48	11.6	--	10	11600	卖盘
09:47:42	11.6	--	2	2320	卖盘
09:47:27	11.6	--	4	4640	卖盘
09:47:24	11.6	--	5	5800	中性盘
09:47:21	11.6	--	20	23200	买盘
09:47:18	11.6	--	16	18560	买盘
09:47:15	11.6	-0.01	55	63800	卖盘
09:47:12	11.61	--	5	5805	买盘
09:47:09	11.61	0.01	37	42957	买盘
09:47:00	11.6	-0.01	37	42920	卖盘
09:46:54	11.61	0.01	260	301860	买盘
09:46:51	11.6	--	6	6960	卖盘
09:46:48	11.6	-0.01	41	47560	卖盘
09:46:42	11.61	--	4	4644	买盘
09:46:39	11.61	0.01	44	51084	买盘
09:46:30	11.6	-0.02	387	448920	卖盘
09:46:27	11.62	--	25	29049	买盘
09:46:21	11.62	0.01	60	69720	买盘
09:46:18	11.61	-0.01	2	2322	卖盘
09:46:12	11.62	--	20	23240	买盘
09:46:06	11.62	--	10	11620	买盘
09:46:03	11.62	--	31	36022	买盘
09:46:00	11.62	--	5	5810	买盘
09:45:54	11.62	--	11	12782	买盘
09:45:48	11.62	-0.01	20	23240	卖盘
09:45:36	11.63	--	1	1163	买盘
09:45:21	11.63	0.02	78	90714	买盘
09:45:18	11.61	--	113	131193	卖盘
09:45:15	11.61	-0.01	20	23220	卖盘
09:45:06	11.62	--	4	4648	卖盘
09:45:03	11.62	0.01	3	3485	买盘
09:44:57	11.61	--	4	4644	卖盘
09:44:54	11.61	--	10	11610	卖盘
09:44:51	11.61	--	40	46440	卖盘
09:44:45	11.61	-0.02	1	1161	卖盘
09:44:42	11.63	0.02	19	22097	买盘
09:44:36	11.61	--	6	6966	卖盘
09:44:27	11.61	-0.01	42	48762	卖盘
09:44:18	11.62	--	70	81340	买盘
09:44:00	11.62	--	8	9296	买盘
09:43:54	11.62	--	10	11620	买盘
09:43:48	11.62	--	5	5810	买盘
09:43:45	11.62	0.01	14	16267	买盘
09:43:36	11.61	--	80	92880	卖盘
09:43:33	11.61	--	1	1161	卖盘
09:43:21	11.61	-0.01	4	4644	卖盘
09:43:18	11.62	0.01	10	11620	买盘
09:43:09	11.61	--	30	34830	卖盘
09:43:06	11.61	--	3	3483	卖盘
09:43:03	11.61	--	33	38313	卖盘
09:43:00	11.61	--	47	54567	卖盘
09:42:57	11.61	--	4	4644	卖盘
09:42:48	11.61	--	1	1161	卖盘
09:42:45	11.61	--	13	15093	买盘
09:42:42	11.61	--	20	23220	买盘
09:42:39	11.61	-0.01	5	5805	中性盘
09:42:24	11.62	0.01	80	92960	买盘
09:42:18	11.61	--	28	32508	买盘
09:42:15	11.61	--	76	88236	卖盘
09:42:12	11.61	--	25	29025	卖盘
09:42:03	11.61	--	15	17415	买盘
09:41:54	11.61	-0.01	39	45279	卖盘
09:41:45	11.62	0.01	5	5810	买盘
09:41:39	11.61	0.01	14	16254	买盘
09:41:33	11.6	--	14	16240	卖盘
09:41:30	11.6	-0.01	5	5800	卖盘
09:41:27	11.61	0.01	40	46440	买盘
09:41:24	11.6	--	18	20880	卖盘
09:41:15	11.6	--	45	52200	卖盘
09:41:06	11.6	--	17	19720	卖盘
09:41:03	11.6	-0.01	155	179800	卖盘
09:40:57	11.61	--	43	49923	买盘
09:40:54	11.61	--	7	8127	买盘
09:40:51	11.61	0.01	14	16254	买盘
09:40:48	11.6	--	17	19720	卖盘
09:40:45	11.6	--	29	33640	卖盘
09:40:42	11.6	-0.01	104	120640	卖盘
09:40:39	11.61	0.01	5	5805	买盘
09:40:33	11.6	--	68	78880	卖盘
09:40:27	11.6	--	8	9280	卖盘
09:40:24	11.6	-0.01	204	236640	卖盘
09:40:21	11.61	--	31	35991	卖盘
09:40:15	11.61	--	8	9288	卖盘
09:40:12	11.61	-0.01	8	9288	卖盘
09:40:03	11.62	0.01	39	45318	买盘
09:40:00	11.61	-0.01	225	261225	卖盘
09:39:51	11.62	-0.01	89	103418	卖盘
09:39:36	11.63	--	10	11630	买盘
09:39:33	11.63	--	29	34401	卖盘
09:39:30	11.63	--	5	5815	卖盘
09:39:27	11.63	-0.01	60	69780	卖盘
09:39:21	11.64	0.01	45	52380	买盘
09:39:15	11.63	--	34	39542	卖盘
09:39:12	11.63	--	14	16282	卖盘
09:39:09	11.63	--	28	32564	卖盘
09:39:06	11.63	--	102	118626	卖盘
09:39:00	11.63	-0.01	57	66291	卖盘
09:38:51	11.64	--	53	61692	卖盘
09:38:48	11.64	--	145	168780	卖盘
09:38:42	11.64	--	74	86136	卖盘
09:38:39	11.64	--	21	24444	卖盘
09:38:36	11.64	0.01	83	96612	买盘
09:38:33	11.63	-0.01	10	11630	卖盘
09:38:30	11.64	0.01	1	1164	买盘
09:38:27	11.63	-0.01	2	2326	卖盘
09:38:24	11.64	--	100	116400	买盘
09:38:18	11.64	--	2	2328	买盘
09:38:15	11.64	--	48	55872	买盘
09:38:12	11.64	-0.01	201	233964	卖盘
09:38:09	11.65	--	184	214360	卖盘
09:38:06	11.65	--	10	11650	卖盘
09:38:03	11.65	--	115	133975	卖盘
09:38:00	11.65	--	34	39610	卖盘
09:37:51	11.65	-0.01	100	116500	卖盘
09:37:36	11.66	0.01	5	5830	买盘
09:37:30	11.65	--	28	32620	卖盘
09:37:27	11.65	-0.01	52	60580	卖盘
09:37:21	11.66	--	10	11660	买盘
09:37:15	11.66	-0.01	112	130592	中性盘
09:37:00	11.67	0.01	40	46680	买盘
09:36:57	11.66	0.01	1	1166	买盘
09:36:54	11.65	-0.02	5	5825	卖盘
09:36:51	11.67	0.01	48	56016	买盘
09:36:45	11.66	-0.01	10	11660	卖盘
09:36:42	11.67	0.02	35	40845	买盘
09:36:33	11.65	-0.02	5	5825	卖盘
09:36:24	11.67	0.02	25	29175	买盘
09:36:18	11.65	--	9	10485	买盘
09:36:09	11.65	-0.02	686	799190	卖盘
09:36:06	11.67	--	14	16338	卖盘
09:36:03	11.67	--	66	77022	买盘
09:36:00	11.67	0.01	10	11670	买盘
09:35:57	11.66	-0.01	76	88616	卖盘
09:35:54	11.67	--	35	40845	买盘
09:35:48	11.67	0.01	20	23340	买盘
09:35:42	11.66	-0.01	200	233200	卖盘
09:35:36	11.67	--	5	5835	买盘
09:35:30	11.67	0.01	10	11670	买盘
09:35:27	11.66	-0.01	2	2332	卖盘
09:35:24	11.67	0.01	1	1167	中性盘
09:35:03	11.66	--	129	150414	卖盘
09:34:54	11.66	--	14	16324	买盘
09:34:48	11.66	0.01	9	10494	买盘
09:34:45	11.65	--	18	20970	卖盘
09:34:39	11.65	-0.01	1	1165	卖盘
09:34:36	11.66	0.01	53	61798	买盘
09:34:33	11.65	--	41	47765	买盘
09:34:27	11.65	--	18	20970	卖盘
09:34:24	11.65	-0.01	135	157275	卖盘
09:34:21	11.66	0.01	28	32648	买盘
09:34:15	11.65	--	1	1165	卖盘
09:34:03	11.65	0.01	29	33785	中性盘
09:33:51	11.64	-0.01	43	50052	卖盘
09:33:48	11.65	--	72	83880	买盘
09:33:45	11.65	--	5	5825	买盘
09:33:42	11.65	0.02	9	10485	买盘
09:33:36	11.63	-0.02	190	220970	卖盘
09:33:30	11.65	--	19	22135	卖盘
09:33:27	11.65	0.02	1	1165	买盘
09:33:24	11.63	--	44	51172	卖盘
09:33:06	11.63	--	424	493600	买盘
09:33:03	11.63	0.01	100	116300	买盘
09:33:00	11.62	--	38	44156	卖盘
09:32:51	11.62	-0.01	20	23240	卖盘
09:32:48	11.63	--	20	23260	买盘
09:32:45	11.63	0.01	10	11630	买盘
09:32:42	11.62	-0.01	10	11620	卖盘
09:32:36	11.63	0.01	20	23260	买盘
09:32:33	11.62	-0.01	1	1162	卖盘
09:32:30	11.63	0.01	174	202362	买盘
09:32:12	11.62	-0.01	30	34860	卖盘
09:32:06	11.63	--	14	16282	买盘
09:32:00	11.63	--	4	4652	买盘
09:31:57	11.63	0.01	14	16282	买盘
09:31:54	11.62	-0.01	15	17430	卖盘
09:31:51	11.63	0.01	7	8141	买盘
09:31:42	11.62	--	40	46480	卖盘
09:31:36	11.62	--	4	4648	卖盘
09:31:33	11.62	--	30	34860	卖盘
09:31:27	11.62	-0.01	50	58099	卖盘
09:31:24	11.63	0.01	26	30238	买盘
09:31:21	11.62	--	60	69720	卖盘
09:31:18	11.62	--	39	45318	买盘
09:31:09	11.62	-0.01	11	12782	买盘
09:31:06	11.63	0.02	40	46520	买盘
09:31:03	11.61	-0.01	36	41796	卖盘
09:31:00	11.62	-0.01	9	10458	中性盘
09:30:57	11.63	0.02	7	8141	买盘
09:30:54	11.61	-0.01	10	11610	卖盘
09:30:51	11.62	--	49	56937	买盘
09:30:45	11.62	0.02	17	19754	买盘
09:30:36	11.6	-0.01	16	18560	卖盘
09:30:33	11.61	--	53	61533	买盘
09:30:21	11.61	--	14	16254	卖盘
09:30:18	11.61	--	10	11610	卖盘
09:30:15	11.61	--	6	6966	买盘
09:30:12	11.61	0.01	1	1161	买盘
09:30:09	11.6	-0.01	8	9280	卖盘
09:30:06	11.61	-0.02	198	229878	卖盘
09:30:03	11.63	--	0	0	买盘
09:25:03	11.63	11.63	1218	1416534	买盘
