成交时间	成交价	价格变动	成交量(手)	成交额(元)	性质
15:00:03	30.75	--	654	2011050	卖盘
14:57:00	30.75	--	0	0	卖盘
14:56:54	30.75	-0.03	2	6150	卖盘
14:56:51	30.78	0.02	5	15390	买盘
14:56:48	30.76	-0.02	7	21532	中性盘
14:56:45	30.78	0.02	19	58482	买盘
14:56:42	30.76	--	2	6152	卖盘
14:56:36	30.76	0.01	35	107660	中性盘
14:56:27	30.75	--	1	3075	卖盘
14:56:24	30.75	-0.01	24	73800	中性盘
14:56:21	30.76	0.01	55	169180	买盘
14:56:15	30.75	--	4	12300	买盘
14:56:12	30.75	0.01	5	15375	买盘
14:56:09	30.74	--	6	18444	卖盘
14:56:06	30.74	-0.01	20	61480	买盘
14:56:03	30.75	0.01	13	39975	买盘
14:55:57	30.74	0.01	20	61480	买盘
14:55:54	30.73	--	1	3073	买盘
14:55:51	30.73	--	28	86044	买盘
14:55:42	30.73	--	13	39949	买盘
14:55:39	30.73	0.03	63	193599	中性盘
14:55:18	30.7	-0.04	305	936350	卖盘
14:55:15	30.74	0.01	9	27666	买盘
14:55:12	30.73	--	5	15365	卖盘
14:55:06	30.73	--	6	18438	卖盘
14:55:03	30.73	-0.01	6	18438	卖盘
14:55:00	30.74	-0.01	22	67628	卖盘
14:54:54	30.75	0.01	10	30750	买盘
14:54:51	30.74	-0.01	5	15370	卖盘
14:54:48	30.75	0.02	6	18450	买盘
14:54:39	30.73	-0.02	6	18438	卖盘
14:54:36	30.75	0.02	14	43050	买盘
14:54:33	30.73	-0.02	21	64533	卖盘
14:54:18	30.75	--	4	12300	买盘
14:54:15	30.75	--	1	3075	买盘
14:54:09	30.75	--	155	476625	卖盘
14:54:06	30.75	--	46	141450	卖盘
14:53:57	30.75	-0.01	9	27675	卖盘
14:53:54	30.76	--	5	15380	买盘
14:53:48	30.76	--	22	67672	买盘
14:53:45	30.76	--	3	9228	买盘
14:53:42	30.76	-0.01	2	6152	卖盘
14:53:39	30.77	0.01	6	18462	买盘
14:53:36	30.76	--	7	21532	卖盘
14:53:33	30.76	--	8	24608	卖盘
14:53:30	30.76	--	22	67672	卖盘
14:53:24	30.76	-0.01	30	92280	中性盘
14:53:18	30.77	0.01	2	6154	买盘
14:53:12	30.76	-0.01	4	12304	卖盘
14:53:06	30.77	0.01	1	3077	买盘
14:53:03	30.76	-0.01	2	6152	卖盘
14:52:54	30.77	--	2	6154	买盘
14:52:48	30.77	-0.01	4	12308	卖盘
14:52:45	30.78	0.01	11	33858	买盘
14:52:42	30.77	0.07	5	15385	中性盘
14:52:36	30.7	-0.07	300	921000	卖盘
14:52:30	30.77	--	5	15385	买盘
14:52:27	30.77	-0.01	3	9231	卖盘
14:52:12	30.78	0.01	1	3078	买盘
14:52:09	30.77	--	12	36924	卖盘
14:52:06	30.77	--	17	52309	卖盘
14:52:03	30.77	--	3	9231	卖盘
14:51:54	30.77	--	1	3077	卖盘
14:51:51	30.77	0.01	2	6154	中性盘
14:51:48	30.76	--	6	18456	卖盘
14:51:45	30.76	--	2	6152	卖盘
14:51:42	30.76	-0.01	2	6152	卖盘
14:51:39	30.77	0.01	36	110772	买盘
14:51:36	30.76	--	1	3076	卖盘
14:51:33	30.76	--	9	27684	卖盘
14:51:27	30.76	--	6	18456	买盘
14:51:24	30.76	-0.01	20	61520	中性盘
14:51:12	30.77	0.01	12	36924	买盘
14:51:06	30.76	0.06	9	27684	中性盘
14:51:03	30.7	-0.06	400	1228000	卖盘
14:51:00	30.76	--	20	62135	买盘
14:50:48	30.76	--	1	3076	买盘
14:50:42	30.76	--	2	8612	卖盘
14:50:39	30.76	-0.01	25	76900	卖盘
14:50:36	30.77	--	4	12308	买盘
14:50:30	30.77	0.01	1	3077	买盘
14:50:27	30.76	-0.01	6	18456	卖盘
14:50:24	30.77	--	7	21539	卖盘
14:50:21	30.77	-0.03	1	3077	中性盘
14:50:12	30.8	0.04	7	21560	买盘
14:50:06	30.76	-0.01	3	9228	卖盘
14:50:00	30.77	-0.03	5	15385	卖盘
14:49:51	30.8	0.01	13	40040	买盘
14:49:48	30.79	--	10	30790	买盘
14:49:45	30.79	--	1	3079	买盘
14:49:36	30.79	--	1	3079	买盘
14:49:33	30.79	-0.01	1	3079	买盘
14:49:24	30.8	0.03	2	6160	买盘
14:49:21	30.77	-0.03	301	926177	卖盘
14:49:09	30.8	-0.01	7	21560	卖盘
14:49:06	30.81	0.01	1	3081	买盘
14:49:03	30.8	--	6	18480	卖盘
14:49:00	30.8	--	16	49280	卖盘
14:48:57	30.8	--	5	15400	卖盘
14:48:45	30.8	0.01	7	21560	中性盘
14:48:24	30.79	-0.01	20	61580	卖盘
14:48:15	30.8	-0.01	7	21560	卖盘
14:48:09	30.81	--	1	3081	买盘
14:48:06	30.81	--	32	98592	卖盘
14:48:03	30.81	--	3	9243	卖盘
14:48:00	30.81	--	1	3081	卖盘
14:47:42	30.81	0.01	10	30810	买盘
14:47:39	30.8	--	2	6160	买盘
14:47:36	30.8	--	10	30800	买盘
14:47:27	30.8	0.01	2	6160	买盘
14:47:21	30.79	-0.02	4	12316	卖盘
14:47:18	30.81	--	55	169455	卖盘
14:47:15	30.81	0.01	144	443664	买盘
14:47:03	30.8	0.01	2	6160	中性盘
14:47:00	30.79	-0.01	8	24632	卖盘
14:46:54	30.8	--	2	6160	买盘
14:46:51	30.8	--	1	3080	买盘
14:46:48	30.8	--	10	30800	买盘
14:46:42	30.8	--	17	52360	买盘
14:46:30	30.8	--	1	3080	买盘
14:46:24	30.8	-0.01	35	107800	卖盘
14:46:21	30.81	0.01	1	3081	买盘
14:46:18	30.8	-0.01	8	24640	卖盘
14:45:54	30.81	--	5	15405	买盘
14:45:51	30.81	--	25	77025	买盘
14:45:48	30.81	--	20	61620	买盘
14:45:36	30.81	--	2	6162	卖盘
14:45:30	30.81	-0.01	5	15405	卖盘
14:45:21	30.82	--	1	3082	买盘
14:45:06	30.82	0.01	29	89378	买盘
14:44:57	30.81	0.01	5	15405	买盘
14:44:54	30.8	--	1	3080	卖盘
14:44:51	30.8	0.01	1	3080	中性盘
14:44:48	30.79	-0.01	5	15395	卖盘
14:44:42	30.8	--	1	3080	卖盘
14:44:39	30.8	--	1	3080	卖盘
14:44:36	30.8	0.01	18	55440	买盘
14:44:30	30.79	-0.01	23	70817	卖盘
14:44:27	30.8	--	22	67760	买盘
14:44:03	30.8	0.02	12	36960	买盘
14:43:57	30.78	-0.01	6	18468	卖盘
14:43:48	30.79	--	3	9237	卖盘
14:43:42	30.79	--	1	3079	卖盘
14:43:30	30.79	-0.01	2	6158	买盘
14:43:27	30.8	0.01	1	3080	买盘
14:43:24	30.79	--	17	52343	卖盘
14:43:12	30.79	-0.01	3	9237	卖盘
14:43:06	30.8	--	4	12320	买盘
14:43:03	30.8	--	1	3080	卖盘
14:42:54	30.8	--	1	3080	卖盘
14:42:45	30.8	--	1	3080	卖盘
14:42:39	30.8	--	7	21560	买盘
14:42:33	30.8	0.01	5	15400	买盘
14:42:27	30.79	-0.01	3	9237	卖盘
14:42:06	30.8	--	1	3080	买盘
14:42:03	30.8	0.01	3	9240	买盘
14:41:54	30.79	--	3	9237	卖盘
14:41:48	30.79	0.01	4	12316	中性盘
14:41:33	30.78	-0.01	80	246855	卖盘
14:41:30	30.79	--	4	12316	卖盘
14:41:18	30.79	-0.01	7	22507	卖盘
14:41:15	30.8	--	8	26765	买盘
14:41:03	30.8	--	39	121074	卖盘
14:40:57	30.8	-0.02	1	3080	卖盘
14:40:36	30.82	--	15	46230	卖盘
14:40:33	30.82	--	3	9246	卖盘
14:40:30	30.82	-0.01	3	9246	卖盘
14:40:27	30.83	0.01	3	9249	买盘
14:40:18	30.82	--	2	6164	卖盘
14:39:54	30.82	--	10	30820	卖盘
14:39:30	30.82	--	3	9246	卖盘
14:39:24	30.82	--	2	6164	卖盘
14:38:42	30.82	-0.01	1	3082	中性盘
14:38:12	30.83	--	1	3083	卖盘
14:37:54	30.83	0.03	1	3083	买盘
14:37:45	30.8	-0.03	50	154000	卖盘
14:37:42	30.83	--	5	15415	买盘
14:37:33	30.83	--	1	3083	卖盘
14:37:18	30.83	--	24	73992	卖盘
14:37:15	30.83	--	1	3083	卖盘
14:36:57	30.83	--	23	70909	买盘
14:36:12	30.83	--	17	52411	卖盘
14:36:09	30.83	--	4	12332	卖盘
14:36:06	30.83	--	5	15415	卖盘
14:36:03	30.83	--	5	15415	卖盘
14:35:54	30.83	--	10	30830	卖盘
14:35:51	30.83	--	30	92490	卖盘
14:35:48	30.83	--	7	21581	卖盘
14:35:42	30.83	-0.01	17	52411	卖盘
14:35:39	30.84	--	3	9252	买盘
14:35:33	30.84	--	10	30840	买盘
14:35:30	30.84	0.01	2	6168	买盘
14:35:12	30.83	--	16	49328	买盘
14:35:09	30.83	--	4	12332	买盘
14:34:54	30.83	0.01	10	30830	买盘
14:34:33	30.82	--	5	15410	卖盘
14:34:18	30.82	--	4	12328	卖盘
14:34:12	30.82	--	6	18492	卖盘
14:34:00	30.82	--	9	29864	买盘
14:33:51	30.82	--	2	6164	买盘
14:33:48	30.82	--	7	22529	买盘
14:33:42	30.82	0.01	5	15410	买盘
14:33:33	30.81	--	3	11368	买盘
14:33:09	30.81	-0.01	15	46215	卖盘
14:33:03	30.82	--	7	21574	买盘
14:33:00	30.82	--	2	6164	买盘
14:32:45	30.82	--	1	3082	买盘
14:32:42	30.82	-0.02	7	21574	卖盘
14:32:36	30.84	0.02	2	6168	买盘
14:32:33	30.82	--	2	6164	卖盘
14:32:24	30.82	--	1	3082	买盘
14:32:21	30.82	0.01	3	9246	买盘
14:32:12	30.81	-0.01	2	6162	卖盘
14:32:09	30.82	0.02	3	9246	买盘
14:31:39	30.8	--	9	27720	卖盘
14:31:33	30.8	0.01	2	6160	买盘
14:31:24	30.79	-0.01	18	55422	卖盘
14:31:21	30.8	0.01	1	3080	买盘
14:31:09	30.79	--	1	3079	卖盘
14:31:00	30.79	-0.03	3	9237	卖盘
14:30:45	30.82	0.02	7	21574	买盘
14:30:39	30.8	0.01	1	3080	买盘
14:30:36	30.79	--	2	6158	卖盘
14:30:33	30.79	--	161	495719	买盘
14:30:21	30.79	--	10	30790	卖盘
14:30:06	30.79	--	2	6158	卖盘
14:30:03	30.79	--	1	3079	卖盘
14:30:00	30.79	-0.01	3	9237	卖盘
14:29:57	30.8	0.01	7	21560	买盘
14:29:42	30.79	-0.01	12	36948	卖盘
14:29:30	30.8	--	15	46200	买盘
14:29:09	30.8	--	1	3080	买盘
14:29:03	30.8	--	1	3080	买盘
14:29:00	30.8	0.02	2	6160	买盘
14:28:51	30.78	-0.02	11	33858	卖盘
14:28:21	30.8	0.01	1	3080	买盘
14:28:09	30.79	--	3	9237	卖盘
14:27:48	30.79	--	12	36948	买盘
14:27:36	30.79	-0.01	8	24632	卖盘
14:27:33	30.8	0.01	3	9240	买盘
14:27:27	30.79	--	5	15395	卖盘
14:27:15	30.79	--	7	21553	卖盘
14:26:54	30.79	--	2	6158	卖盘
14:26:51	30.79	0.01	3	9237	买盘
14:26:45	30.78	-0.01	11	33858	卖盘
14:26:42	30.79	0.01	3	9237	中性盘
14:26:27	30.78	-0.01	15	46170	卖盘
14:26:24	30.79	--	31	95449	卖盘
14:26:21	30.79	-0.01	34	104686	卖盘
14:26:18	30.8	0.01	20	61600	买盘
14:26:12	30.79	-0.01	10	30790	卖盘
14:26:00	30.8	0.01	1	3080	买盘
14:25:57	30.79	--	13	40027	买盘
14:25:54	30.79	-0.01	7	21553	卖盘
14:25:42	30.8	--	5	15400	买盘
14:25:03	30.8	--	5	15400	买盘
14:25:00	30.8	0.02	13	40040	买盘
14:24:57	30.78	--	7	21546	卖盘
14:24:54	30.78	--	6	18468	卖盘
14:24:36	30.78	--	7	21546	买盘
14:24:33	30.78	--	11	33858	买盘
14:24:21	30.78	0.01	1	3078	买盘
14:24:15	30.77	--	1	3077	卖盘
14:24:12	30.77	-0.01	7	21539	卖盘
14:24:09	30.78	--	6	18468	买盘
14:23:57	30.78	--	15	46170	买盘
14:23:48	30.78	--	11	33858	买盘
14:23:45	30.78	--	2	6156	买盘
14:23:39	30.78	-0.02	24	73872	卖盘
14:23:36	30.8	0.02	6	18480	买盘
14:23:15	30.78	-0.02	10	30780	卖盘
14:23:03	30.8	--	2	6160	买盘
14:22:45	30.8	--	5	15400	买盘
14:22:42	30.8	-0.05	55	169400	卖盘
14:22:39	30.85	-0.01	111	342435	卖盘
14:22:30	30.86	--	10	30860	卖盘
14:22:27	30.86	--	2	6172	卖盘
14:22:18	30.86	0.01	2	6172	卖盘
14:22:15	30.85	--	15	46275	买盘
14:21:54	30.85	0.03	10	30850	买盘
14:21:42	30.82	--	200	616400	卖盘
14:21:12	30.82	--	45	138690	卖盘
14:20:48	30.82	--	20	61640	卖盘
14:20:39	30.82	-0.02	103	317446	卖盘
14:20:21	30.84	0.02	1	3084	买盘
14:20:18	30.82	--	34	104788	买盘
14:20:15	30.82	--	2	6164	卖盘
14:20:06	30.82	--	2	6164	卖盘
14:19:48	30.82	-0.03	1	3082	卖盘
14:19:36	30.85	-0.01	132	407220	卖盘
14:19:33	30.86	--	73	225278	卖盘
14:19:27	30.86	-0.01	4	12344	卖盘
14:19:21	30.87	--	2	6174	卖盘
14:19:12	30.87	-0.01	2	6174	卖盘
14:18:54	30.88	0.01	5	15440	买盘
14:18:48	30.87	0.01	5	15435	买盘
14:18:45	30.86	-0.01	30	92580	卖盘
14:18:42	30.87	0.01	1	3087	买盘
14:18:24	30.86	--	18	55548	买盘
14:18:21	30.86	0.01	17	52462	买盘
14:18:03	30.85	--	17	52445	买盘
14:17:57	30.85	--	1	3085	买盘
14:17:51	30.85	--	5	15425	买盘
14:17:27	30.85	--	2	6170	买盘
14:17:15	30.85	0.05	3	9255	买盘
14:17:00	30.8	--	1	3080	买盘
14:16:57	30.8	--	50	154000	买盘
14:16:51	30.8	--	4	12320	买盘
14:16:48	30.8	--	5	15400	买盘
14:16:24	30.8	--	5	15400	买盘
14:16:15	30.8	0.04	325	1001000	买盘
14:16:12	30.76	-0.01	30	92280	卖盘
14:16:09	30.77	--	4	12308	买盘
14:16:06	30.77	--	8	24616	买盘
14:16:03	30.77	--	29	89233	买盘
14:16:00	30.77	--	2	6154	买盘
14:15:57	30.77	--	2	6154	买盘
14:15:54	30.77	0.01	1	3077	买盘
14:15:51	30.76	-0.01	10	30760	卖盘
14:15:45	30.77	--	1	3077	买盘
14:15:42	30.77	--	3	9231	买盘
14:15:36	30.77	--	8	24616	买盘
14:15:33	30.77	0.01	2	6154	买盘
14:15:06	30.76	--	18	55368	买盘
14:15:00	30.76	--	2	6152	买盘
14:14:57	30.76	--	10	30760	买盘
14:14:54	30.76	--	5	15380	买盘
14:14:36	30.76	--	1	3076	中性盘
14:14:27	30.76	--	2	6152	买盘
14:14:15	30.76	0.02	10	30760	买盘
14:14:12	30.74	--	4	12296	买盘
14:14:06	30.74	--	15	46110	买盘
14:14:03	30.74	--	1	3074	买盘
14:13:57	30.74	-0.02	70	215180	卖盘
14:13:48	30.76	0.02	1	3076	买盘
14:13:45	30.74	--	9	27666	卖盘
14:13:33	30.74	--	8	24592	买盘
14:13:24	30.74	0.01	1	3074	买盘
14:13:18	30.73	--	1	3073	卖盘
14:13:06	30.73	--	3	9219	买盘
14:12:54	30.73	--	4	12292	买盘
14:12:45	30.73	-0.01	3	9219	中性盘
14:12:36	30.74	--	4	12296	买盘
14:12:33	30.74	0.02	4	12296	买盘
14:12:30	30.72	-0.01	11	33792	卖盘
14:12:18	30.73	-0.01	3	9219	卖盘
14:12:15	30.74	0.02	2	6148	买盘
14:12:00	30.72	-0.02	15	46080	卖盘
14:11:45	30.74	0.02	1	3074	买盘
14:11:42	30.72	--	30	92160	卖盘
14:11:39	30.72	-0.02	5	15360	卖盘
14:11:36	30.74	0.02	6	18444	买盘
14:11:27	30.72	-0.01	1	3072	卖盘
14:11:18	30.73	--	3	9219	买盘
14:11:15	30.73	--	4	12292	买盘
14:11:06	30.73	-0.01	2	6146	中性盘
14:10:57	30.74	--	5	15370	卖盘
14:10:42	30.74	--	10	30740	卖盘
14:10:33	30.74	--	7	21518	买盘
14:10:18	30.74	0.02	1	3074	买盘
14:10:15	30.72	--	3	9216	卖盘
14:10:12	30.72	--	10	30720	卖盘
14:09:36	30.72	--	11	33792	卖盘
14:09:06	30.72	--	2	6144	买盘
14:09:03	30.72	--	8	24576	买盘
14:09:00	30.72	--	14	43008	买盘
14:08:54	30.72	--	3	9216	买盘
14:08:51	30.72	--	4	12288	买盘
14:08:42	30.72	--	5	15360	买盘
14:08:39	30.72	--	2	6144	买盘
14:08:33	30.72	--	3	9216	买盘
14:08:30	30.72	0.01	4	12288	买盘
14:08:27	30.71	0.01	4	12284	中性盘
14:08:24	30.7	--	5	15350	卖盘
14:08:21	30.7	--	3	9210	卖盘
14:08:12	30.7	-0.02	10	30700	卖盘
14:08:09	30.72	0.02	3	9216	买盘
14:08:06	30.7	--	3	9210	卖盘
14:07:57	30.7	--	0	30	卖盘
14:07:54	30.7	0.02	25	76750	中性盘
14:07:45	30.68	-0.02	100	306800	卖盘
14:07:36	30.7	--	0	184	买盘
14:07:27	30.7	--	20	61400	买盘
14:07:21	30.7	--	1	3070	买盘
14:07:15	30.7	-0.01	10	30700	买盘
14:07:09	30.71	0.01	294	902874	买盘
14:07:06	30.7	-0.01	4	12280	卖盘
14:07:03	30.71	--	7	21497	买盘
14:06:57	30.71	--	12	36852	买盘
14:06:51	30.71	-0.01	45	138195	卖盘
14:06:45	30.72	--	8	24576	买盘
14:06:36	30.72	0.01	10	30720	买盘
14:06:24	30.71	-0.01	5	15355	卖盘
14:06:21	30.72	--	2	6144	买盘
14:06:18	30.72	--	5	15360	买盘
14:06:15	30.72	0.01	10	30720	买盘
14:06:12	30.71	-0.01	6	18426	卖盘
14:06:06	30.72	--	48	147456	买盘
14:06:03	30.72	0.01	5	15360	买盘
14:06:00	30.71	-0.01	19	58349	卖盘
14:05:54	30.72	--	20	61440	买盘
14:05:42	30.72	--	10	30720	买盘
14:05:39	30.72	-0.02	51	156672	卖盘
14:05:21	30.74	--	2	6148	买盘
14:05:09	30.74	--	13	39962	买盘
14:05:06	30.74	--	2	6148	买盘
14:04:54	30.74	0.02	5	15370	买盘
14:04:39	30.72	-0.02	100	307200	卖盘
14:04:36	30.74	--	2	6148	买盘
14:04:30	30.74	--	7	21518	买盘
14:04:21	30.74	--	10	30740	买盘
14:04:18	30.74	0.01	5	15370	买盘
14:04:15	30.73	--	1	3073	卖盘
14:04:06	30.73	--	1	3073	卖盘
14:03:57	30.73	-0.01	10	30730	卖盘
14:03:51	30.74	--	2	6148	买盘
14:03:48	30.74	0.01	28	86072	买盘
14:03:36	30.73	-0.01	6	18438	卖盘
14:03:33	30.74	--	4	12296	买盘
14:03:30	30.74	--	2	6148	买盘
14:03:27	30.74	--	12	36888	卖盘
14:03:21	30.74	--	17	52258	卖盘
14:03:09	30.74	0.01	35	107590	买盘
14:03:00	30.73	-0.01	5	15365	卖盘
14:02:57	30.74	--	24	73776	买盘
14:02:51	30.74	--	24	73776	买盘
14:02:48	30.74	--	10	30740	买盘
14:02:39	30.74	--	2	6148	买盘
14:02:33	30.74	--	19	58406	买盘
14:02:30	30.74	--	20	61480	买盘
14:02:27	30.74	--	7	21518	买盘
14:02:09	30.74	0.01	6	18444	买盘
14:02:00	30.73	--	26	79898	买盘
14:01:57	30.73	-0.01	43	132139	卖盘
14:01:54	30.74	--	1	3074	买盘
14:01:51	30.74	0.01	21	64554	买盘
14:01:36	30.73	-0.01	27	82971	卖盘
14:01:21	30.74	--	6	18444	买盘
14:01:18	30.74	-0.05	131	402694	卖盘
14:01:03	30.79	--	7	21553	买盘
14:00:51	30.79	--	6	18474	买盘
14:00:42	30.79	--	5	15395	买盘
14:00:18	30.79	--	3	9237	买盘
14:00:09	30.79	0.06	10	30790	买盘
13:59:45	30.73	0.01	3	9219	买盘
13:59:33	30.72	--	2	6144	买盘
13:59:30	30.72	--	2	6144	买盘
13:59:24	30.72	--	11	33792	买盘
13:59:21	30.72	--	198	608256	买盘
13:59:12	30.72	--	2	6144	买盘
13:59:06	30.72	--	20	61440	买盘
13:59:03	30.72	--	5	15360	买盘
13:59:00	30.72	--	2	6144	买盘
13:58:57	30.72	0.01	3	9216	买盘
13:58:54	30.71	-0.02	63	193473	卖盘
13:58:51	30.73	--	28	86044	买盘
13:58:48	30.73	--	2	6146	买盘
13:58:45	30.73	--	1	3073	买盘
13:58:36	30.73	--	2	6146	买盘
13:58:33	30.73	--	18	55314	买盘
13:58:30	30.73	--	71	218183	卖盘
13:58:24	30.73	--	4	12292	卖盘
13:58:09	30.73	--	29	89117	卖盘
13:58:03	30.73	-0.01	52	159796	卖盘
13:58:00	30.74	0.01	5	15370	买盘
13:57:57	30.73	--	1	3073	卖盘
13:57:54	30.73	-0.01	1	3073	卖盘
13:57:51	30.74	--	13	39962	买盘
13:57:48	30.74	0.01	11	33814	买盘
13:57:45	30.73	-0.01	2	6146	卖盘
13:57:39	30.74	--	9	27666	买盘
13:57:33	30.74	--	4	12296	买盘
13:57:30	30.74	--	16	49184	买盘
13:57:27	30.74	-0.01	11	33814	卖盘
13:57:21	30.75	0.01	2	6150	买盘
13:57:15	30.74	--	7	21518	买盘
13:57:09	30.74	-0.04	93	285882	卖盘
13:56:57	30.78	0.03	53	163134	买盘
13:56:54	30.75	-0.01	11	33825	卖盘
13:56:45	30.76	0.01	25	76900	买盘
13:56:42	30.75	-0.01	100	307500	卖盘
13:56:39	30.76	--	36	110736	买盘
13:56:36	30.76	--	4	12304	买盘
13:56:30	30.76	--	2	6152	买盘
13:56:27	30.76	--	2	6152	买盘
13:56:24	30.76	-0.02	139	427564	卖盘
13:56:21	30.78	--	19	58482	买盘
13:56:15	30.78	-0.02	20	61560	卖盘
13:56:06	30.8	--	3	9240	买盘
13:55:48	30.8	0.01	3	9240	买盘
13:55:45	30.79	0.01	4	12316	买盘
13:55:42	30.78	-0.01	7	21546	卖盘
13:55:39	30.79	0.01	5	15395	买盘
13:55:33	30.78	0.01	7	21546	买盘
13:55:30	30.77	-0.02	103	316931	卖盘
13:55:27	30.79	0.01	3	9237	买盘
13:55:21	30.78	--	1	3078	买盘
13:55:06	30.78	0.01	1	3078	中性盘
13:54:48	30.77	-0.01	10	30770	卖盘
13:54:45	30.78	--	18	55404	买盘
13:54:39	30.78	0.01	2	6156	买盘
13:54:36	30.77	-0.01	10	30770	卖盘
13:54:33	30.78	--	7	21546	买盘
13:54:21	30.78	--	20	61560	卖盘
13:54:18	30.78	-0.01	10	30780	卖盘
13:54:15	30.79	--	2	6158	买盘
13:54:12	30.79	0.01	20	61580	买盘
13:54:09	30.78	--	5	15390	卖盘
13:53:48	30.78	-0.01	10	30780	卖盘
13:53:45	30.79	0.01	26	80054	买盘
13:53:39	30.78	-0.01	30	92340	卖盘
13:53:36	30.79	--	11	33869	买盘
13:53:33	30.79	--	1	3079	买盘
13:53:27	30.79	--	13	40027	卖盘
13:53:21	30.79	-0.01	19	58501	卖盘
13:53:15	30.8	0.01	2	6160	买盘
13:53:06	30.79	-0.01	30	92370	卖盘
13:53:03	30.8	--	12	36960	买盘
13:52:57	30.8	--	4	12320	买盘
13:52:51	30.8	--	3	9240	中性盘
13:52:30	30.8	--	3	9240	买盘
13:52:27	30.8	0.01	1	3080	买盘
13:52:18	30.79	-0.01	3	9237	卖盘
13:52:15	30.8	0.02	1	3080	买盘
13:52:03	30.78	-0.02	32	98496	卖盘
13:52:00	30.8	0.01	2	6160	买盘
13:51:39	30.79	0.01	2	6158	买盘
13:51:36	30.78	--	9	27702	买盘
13:51:27	30.78	--	2	6156	卖盘
13:51:12	30.78	-0.02	100	307800	卖盘
13:51:09	30.8	--	11	33880	买盘
13:51:03	30.8	-0.02	2	6160	卖盘
13:51:00	30.82	0.02	24	73968	买盘
13:50:54	30.8	--	3	9240	卖盘
13:50:39	30.8	-0.02	30	92400	卖盘
13:50:33	30.82	--	1	3082	买盘
13:50:24	30.82	--	24	73968	买盘
13:50:06	30.82	0.02	1	3082	买盘
13:50:00	30.8	--	3	9240	卖盘
13:49:57	30.8	--	10	30800	卖盘
13:49:54	30.8	--	10	30800	卖盘
13:49:45	30.8	--	2	6160	卖盘
13:49:36	30.8	-0.02	1	3080	卖盘
13:49:30	30.82	0.03	3	9246	中性盘
13:49:12	30.79	-0.03	117	360243	卖盘
13:49:06	30.82	0.02	2	6164	中性盘
13:48:12	30.8	-0.04	2	6160	卖盘
13:47:57	30.84	0.04	1	3084	买盘
13:47:24	30.8	--	4	12320	买盘
13:47:21	30.8	--	1	3080	买盘
13:47:12	30.8	--	1	3080	买盘
13:47:06	30.8	--	10	30800	买盘
13:47:03	30.8	--	13	40040	买盘
13:46:57	30.8	--	1	3080	买盘
13:46:54	30.8	-0.03	34	104720	卖盘
13:46:51	30.83	0.03	2	6166	买盘
13:46:42	30.8	--	12	36960	买盘
13:46:39	30.8	--	3	9240	买盘
13:46:33	30.8	--	5	15400	买盘
13:46:30	30.8	--	7	21560	买盘
13:46:27	30.8	--	18	55440	买盘
13:46:24	30.8	--	4	12320	买盘
13:46:15	30.8	0.01	100	308000	买盘
13:46:06	30.79	-0.01	3	9237	卖盘
13:45:57	30.8	0.01	3	9240	买盘
13:45:51	30.79	-0.01	3	9237	卖盘
13:45:42	30.8	--	7	21560	买盘
13:45:39	30.8	--	10	30800	买盘
13:45:09	30.8	0.01	1	3080	买盘
13:45:00	30.79	--	16	49264	卖盘
13:44:48	30.79	--	2	6158	卖盘
13:44:42	30.79	-0.01	31	95449	卖盘
13:44:36	30.8	--	30	92400	买盘
13:44:27	30.8	--	1	3080	买盘
13:44:24	30.8	--	16	49280	买盘
13:44:12	30.8	--	6	18480	买盘
13:43:48	30.8	-0.01	43	132440	卖盘
13:43:45	30.81	0.01	6	18486	买盘
13:43:42	30.8	--	1	3080	卖盘
13:43:30	30.8	--	1	3080	卖盘
13:43:12	30.8	--	7	21560	买盘
13:43:03	30.8	--	30	92400	买盘
13:43:00	30.8	-0.03	63	194040	卖盘
13:42:48	30.83	0.03	3	9249	买盘
13:42:33	30.8	-0.01	100	308000	卖盘
13:42:30	30.81	0.01	2	6162	中性盘
13:42:15	30.8	--	6	18480	卖盘
13:41:57	30.8	-0.04	300	924000	卖盘
13:41:39	30.84	-0.01	4	12336	卖盘
13:41:36	30.85	--	20	61700	买盘
13:41:24	30.85	--	8	24680	卖盘
13:41:15	30.85	--	10	30850	卖盘
13:41:12	30.85	--	1	3085	卖盘
13:40:54	30.85	-0.01	3	9255	卖盘
13:40:39	30.86	--	1	3086	卖盘
13:40:30	30.86	-0.04	2	6172	卖盘
13:40:09	30.9	0.01	20	61800	买盘
13:40:00	30.89	--	1	3089	买盘
13:39:54	30.89	-0.01	6	18534	卖盘
13:39:48	30.9	0.01	3	9270	买盘
13:39:39	30.89	--	8	24712	卖盘
13:39:27	30.89	--	2	6178	卖盘
13:39:24	30.89	-0.01	20	61780	卖盘
13:39:18	30.9	-0.03	1	3090	卖盘
13:39:06	30.93	--	12	37116	卖盘
13:39:03	30.93	0.03	5	15465	买盘
13:38:45	30.9	0.01	4	12360	买盘
13:38:30	30.89	0.04	18	55602	买盘
13:38:24	30.85	--	10	30850	卖盘
13:38:12	30.85	--	10	30850	买盘
13:38:00	30.85	--	15	46275	买盘
13:37:57	30.85	--	6	18510	卖盘
13:37:39	30.85	-0.05	1	3085	卖盘
13:37:27	30.9	0.01	5	15450	买盘
13:37:24	30.89	--	29	89581	卖盘
13:37:12	30.89	--	1	3089	买盘
13:37:09	30.89	--	12	37068	买盘
13:37:03	30.89	-0.01	37	114293	卖盘
13:36:48	30.9	0.01	4	12360	买盘
13:36:42	30.89	--	10	30890	卖盘
13:36:15	30.89	--	34	105026	买盘
13:36:12	30.89	--	1	3089	买盘
13:36:03	30.89	--	27	83403	买盘
13:35:54	30.89	0.02	10	30890	买盘
13:35:42	30.87	0.02	25	77175	买盘
13:35:39	30.85	--	2	6170	买盘
13:35:36	30.85	-0.01	12	37020	卖盘
13:35:21	30.86	--	2	6172	中性盘
13:34:57	30.86	--	4	12344	买盘
13:34:54	30.86	--	8	24688	卖盘
13:34:36	30.86	0.01	4	12344	买盘
13:34:09	30.85	--	9	27765	卖盘
13:34:06	30.85	0.01	29	89465	买盘
13:33:57	30.84	-0.01	1	3084	中性盘
13:33:51	30.85	--	11	33935	买盘
13:33:24	30.85	0.05	20	61700	中性盘
13:33:03	30.8	--	10	30800	中性盘
13:32:48	30.8	0.01	1	3080	中性盘
13:32:42	30.79	--	5	15395	卖盘
13:32:30	30.79	-0.01	10	30790	卖盘
13:32:27	30.8	--	2	6160	中性盘
13:32:15	30.8	-0.03	300	924000	卖盘
13:32:12	30.83	--	6	18498	买盘
13:32:09	30.83	--	2	6166	买盘
13:32:03	30.83	--	4	12332	买盘
13:31:57	30.83	--	2	6166	买盘
13:31:51	30.83	--	3	9249	买盘
13:31:45	30.83	--	25	77075	卖盘
13:31:09	30.83	-0.02	10	30830	卖盘
13:30:54	30.85	-0.01	11	33935	卖盘
13:30:45	30.86	-0.01	6	18516	卖盘
13:30:39	30.87	--	2	6174	卖盘
13:30:24	30.87	0.01	1	3087	买盘
13:30:12	30.86	--	19	58634	买盘
13:29:57	30.86	0.01	50	154300	买盘
13:29:48	30.85	--	26	80210	卖盘
13:29:24	30.85	--	3	9255	买盘
13:29:06	30.85	--	5	15425	买盘
13:28:51	30.85	--	16	49360	买盘
13:28:27	30.85	0.03	14	43190	买盘
13:28:15	30.82	--	8	24656	买盘
13:28:09	30.82	--	2	6164	卖盘
13:28:03	30.82	--	1	3082	卖盘
13:28:00	30.82	--	7	21574	买盘
13:27:48	30.82	--	3	9246	买盘
13:27:33	30.82	--	49	151018	买盘
13:27:21	30.82	0.02	3	9246	买盘
13:27:06	30.8	-0.02	2	6160	卖盘
13:27:00	30.82	0.02	1	3082	买盘
13:26:42	30.8	0.01	7	21560	买盘
13:26:39	30.79	--	42	129318	买盘
13:26:36	30.79	--	2	6158	买盘
13:26:33	30.79	--	8	24632	买盘
13:26:27	30.79	--	5	15395	买盘
13:26:24	30.79	0.01	1	3079	买盘
13:26:21	30.78	-0.01	7	21546	卖盘
13:26:18	30.79	--	5	15395	买盘
13:26:15	30.79	--	7	21553	买盘
13:26:12	30.79	--	3	9237	买盘
13:26:09	30.79	-0.01	50	153950	卖盘
13:26:00	30.8	0.01	117	360360	买盘
13:25:54	30.79	--	15	46185	卖盘
13:25:48	30.79	-0.01	10	30790	卖盘
13:25:42	30.8	--	2	6160	中性盘
13:25:33	30.8	0.01	3	9240	卖盘
13:25:24	30.79	--	5	15395	卖盘
13:25:21	30.79	--	23	70817	卖盘
13:25:18	30.79	-0.01	20	61580	卖盘
13:25:12	30.8	--	3	9240	买盘
13:25:06	30.8	--	14	43120	卖盘
13:24:57	30.8	--	3	9240	卖盘
13:24:54	30.8	--	4	12320	卖盘
13:24:51	30.8	--	2	6160	买盘
13:24:45	30.8	--	4	12320	买盘
13:24:42	30.8	0.01	2	6160	卖盘
13:24:39	30.79	--	1	3079	买盘
13:24:36	30.79	--	1	3079	买盘
13:24:33	30.79	-0.01	18	55422	卖盘
13:24:27	30.8	--	7	21560	买盘
13:24:18	30.8	--	16	49280	买盘
13:24:15	30.8	--	2	6160	买盘
13:24:12	30.8	--	12	36960	买盘
13:24:09	30.8	--	33	101640	卖盘
13:24:03	30.8	--	8	24640	卖盘
13:24:00	30.8	-0.04	103	317240	卖盘
13:23:48	30.84	0.04	1	3084	买盘
13:23:36	30.8	--	30	92400	卖盘
13:23:27	30.8	-0.01	30	92400	卖盘
13:23:24	30.81	0.01	2	6162	中性盘
13:23:15	30.8	-0.04	500	1540000	卖盘
13:23:06	30.84	-0.01	8	24672	卖盘
13:23:03	30.85	--	5	15425	买盘
13:23:00	30.85	--	5	15425	买盘
13:22:54	30.85	--	3	9255	买盘
13:22:48	30.85	--	2	6170	买盘
13:22:45	30.85	--	3	9255	买盘
13:22:42	30.85	0.02	2	6170	买盘
13:22:33	30.83	-0.02	2	6166	卖盘
13:22:24	30.85	--	5	15425	买盘
13:22:09	30.85	--	3	9255	买盘
13:22:03	30.85	-0.01	59	182015	卖盘
13:21:45	30.86	-0.02	2	6172	卖盘
13:21:42	30.88	--	8	24704	买盘
13:21:33	30.88	-0.01	3	9264	卖盘
13:21:06	30.89	--	1	3089	买盘
13:20:54	30.89	--	2	6178	买盘
13:20:51	30.89	--	3	9267	买盘
13:20:39	30.89	--	3	9267	买盘
13:20:21	30.89	--	6	18534	买盘
13:20:18	30.89	--	3	9267	买盘
13:20:12	30.89	--	10	30890	买盘
13:19:57	30.89	--	5	15445	买盘
13:19:54	30.89	0.03	10	30890	买盘
13:19:48	30.86	0.01	3	9258	中性盘
13:19:39	30.85	--	11	33935	卖盘
13:19:36	30.85	--	3	9255	卖盘
13:18:51	30.85	--	2	6170	买盘
13:18:27	30.85	-0.03	3	9255	中性盘
13:17:30	30.88	-0.01	1	3088	卖盘
13:17:27	30.89	--	1	3089	买盘
13:17:24	30.89	0.01	7	21623	买盘
13:17:21	30.88	-0.01	5	15440	卖盘
13:17:06	30.89	-0.01	9	27801	卖盘
13:16:57	30.9	0.01	1	3090	买盘
13:16:42	30.89	0.01	8	24712	买盘
13:16:33	30.88	0.05	14	43232	买盘
13:16:30	30.83	0.02	5	15415	中性盘
13:15:45	30.81	-0.07	20	61620	卖盘
13:15:42	30.88	0.07	5	15440	买盘
13:15:36	30.81	-0.01	14	43134	卖盘
13:15:33	30.82	0.01	6	18492	中性盘
13:15:21	30.81	-0.04	45	138645	卖盘
13:15:09	30.85	--	6	18510	卖盘
13:14:48	30.85	-0.03	1	3085	卖盘
13:14:45	30.88	0.08	1	3088	买盘
13:14:33	30.8	-0.08	398	1225840	卖盘
13:14:30	30.88	--	5	15440	买盘
13:14:27	30.88	--	18	55584	卖盘
13:14:18	30.88	--	4	12352	卖盘
13:14:15	30.88	--	27	83376	买盘
13:14:12	30.88	--	20	61760	卖盘
13:14:03	30.88	0.03	1	3088	中性盘
13:13:33	30.85	--	14	43190	买盘
13:13:21	30.85	--	5	15425	买盘
13:13:15	30.85	-0.05	331	1021135	卖盘
13:13:12	30.9	0.01	3	9270	买盘
13:13:00	30.89	-0.01	2	6178	卖盘
13:12:57	30.9	--	13	40170	买盘
13:12:51	30.9	--	5	15450	买盘
13:12:45	30.9	0.01	30	92700	买盘
13:12:42	30.89	-0.01	38	117382	卖盘
13:12:30	30.9	--	20	61800	买盘
13:12:24	30.9	-0.06	26	80340	卖盘
13:11:57	30.96	--	3	9288	买盘
13:11:30	30.96	0.06	2	6192	买盘
13:11:12	30.9	--	2	6180	买盘
13:11:03	30.9	--	9	27810	买盘
13:11:00	30.9	--	14	43260	买盘
13:10:57	30.9	--	1	3090	买盘
13:10:54	30.9	--	15	46350	买盘
13:10:51	30.9	--	1	3090	买盘
13:10:48	30.9	--	108	333720	卖盘
13:10:33	30.9	--	33	101970	买盘
13:10:30	30.9	--	10	30900	买盘
13:10:06	30.9	-0.06	75	231750	卖盘
13:08:30	30.96	0.01	2	6192	买盘
13:08:18	30.95	0.05	1	3095	买盘
13:08:03	30.9	--	6	18540	买盘
13:07:42	30.9	--	1	3090	买盘
13:07:36	30.9	--	3	9270	买盘
13:07:33	30.9	-0.02	90	278100	卖盘
13:07:27	30.92	--	9	27828	买盘
13:07:24	30.92	-0.03	5	15460	卖盘
13:07:21	30.95	--	9	27855	买盘
13:06:39	30.95	--	3	9285	买盘
13:06:27	30.95	--	9	27855	买盘
13:06:09	30.95	0.03	17	52615	买盘
13:06:06	30.92	-0.03	3	9276	卖盘
13:05:39	30.95	--	5	15475	买盘
13:05:18	30.95	0.04	9	27855	买盘
13:04:54	30.91	--	10	30910	卖盘
13:04:33	30.91	--	2	6182	卖盘
13:04:30	30.91	-0.04	4	12364	卖盘
13:04:06	30.95	--	4	12380	卖盘
13:03:54	30.95	0.04	11	34045	买盘
13:03:45	30.91	--	10	30910	卖盘
13:03:42	30.91	--	4	12364	卖盘
13:03:27	30.91	--	1	3091	卖盘
13:03:09	30.91	--	4	12364	卖盘
13:02:57	30.91	-0.04	1	3091	卖盘
13:02:27	30.95	0.05	2	6190	买盘
13:01:51	30.9	-0.04	200	618000	卖盘
13:01:36	30.94	-0.01	32	99008	卖盘
13:01:21	30.95	0.01	9	27855	买盘
13:01:06	30.94	-0.03	15	46410	卖盘
13:00:54	30.97	--	31	96007	卖盘
13:00:12	30.97	--	2	6194	买盘
13:00:06	30.97	0.03	50	154850	买盘
13:00:03	30.94	-0.03	93	287742	卖盘
13:00:00	30.97	--	0	0	买盘
11:30:00	30.97	--	5	15485	买盘
11:29:06	30.97	0.01	1	3097	买盘
11:29:03	30.96	--	2	6192	卖盘
11:28:33	30.96	--	4	12384	卖盘
11:28:27	30.96	--	18	55728	买盘
11:27:39	30.96	-0.01	3	9288	卖盘
11:27:36	30.97	--	1	3097	买盘
11:27:27	30.97	--	4	12388	买盘
11:27:12	30.97	0.01	1	3097	买盘
11:27:03	30.96	0.02	47	145512	买盘
11:27:00	30.94	-0.02	10	30940	卖盘
11:26:57	30.96	0.01	2	6192	买盘
11:26:54	30.95	--	4	12380	中性盘
11:26:36	30.95	--	3	9285	买盘
11:26:24	30.95	--	3	9285	买盘
11:26:12	30.95	0.01	2	6190	买盘
11:25:42	30.94	--	3	9282	卖盘
11:25:33	30.94	-0.01	13	40222	卖盘
11:25:30	30.95	0.01	1	3095	买盘
11:24:57	30.94	-0.01	3	9282	卖盘
11:24:51	30.95	--	1	3095	买盘
11:24:42	30.95	0.01	9	27855	买盘
11:24:18	30.94	--	10	30940	卖盘
11:23:54	30.94	--	3	9282	卖盘
11:23:48	30.94	--	20	61880	卖盘
11:23:39	30.94	0.01	6	18564	买盘
11:23:30	30.93	--	1	3093	卖盘
11:23:24	30.93	--	25	77325	卖盘
11:23:15	30.93	--	4	12372	卖盘
11:23:12	30.93	-0.01	4	12372	卖盘
11:23:09	30.94	0.01	1	3094	买盘
11:23:03	30.93	-0.01	1	3093	卖盘
11:22:51	30.94	--	10	30940	买盘
11:22:42	30.94	-0.01	7	21658	卖盘
11:22:12	30.95	0.01	14	43330	买盘
11:22:06	30.94	-0.01	3	9282	卖盘
11:21:33	30.95	--	100	309500	卖盘
11:21:27	30.95	-0.01	3	9285	卖盘
11:20:51	30.96	0.01	6	18576	买盘
11:20:42	30.95	--	12	37140	卖盘
11:20:36	30.95	-0.01	3	9285	卖盘
11:20:30	30.96	0.01	3	9288	买盘
11:20:24	30.95	-0.01	19	58805	卖盘
11:20:18	30.96	--	3	9288	买盘
11:20:15	30.96	0.01	1	3096	中性盘
11:19:57	30.95	-0.01	4	12380	卖盘
11:19:54	30.96	0.01	1	3096	中性盘
11:19:42	30.95	-0.01	10	30950	卖盘
11:19:36	30.96	-0.02	5	15480	卖盘
11:19:12	30.98	0.03	5	15490	买盘
11:18:18	30.95	-0.03	25	77375	卖盘
11:17:42	30.98	0.01	4	12392	买盘
11:17:27	30.97	--	2	6194	卖盘
11:17:21	30.97	-0.01	1	3097	卖盘
11:16:57	30.98	0.01	1	3098	买盘
11:16:42	30.97	--	1	3097	卖盘
11:16:30	30.97	--	1	3097	卖盘
11:16:09	30.97	--	3	9291	买盘
11:16:06	30.97	--	7	21679	卖盘
11:15:18	30.97	--	5	15485	买盘
11:15:06	30.97	--	18	55746	卖盘
11:14:33	30.97	--	2	6194	卖盘
11:14:06	30.97	--	6	18582	买盘
11:13:57	30.97	--	4	12388	买盘
11:13:51	30.97	--	2	6194	买盘
11:13:30	30.97	0.02	1	3097	买盘
11:13:09	30.95	0.01	5	15475	中性盘
11:12:48	30.94	-0.02	4	12376	卖盘
11:12:45	30.96	0.02	1	3096	买盘
11:12:03	30.94	--	16	50865	卖盘
11:11:45	30.94	-0.01	15	46410	卖盘
11:11:42	30.95	0.01	14	43330	买盘
11:11:39	30.94	-0.01	7	21658	卖盘
11:11:18	30.95	--	5	15475	买盘
11:11:06	30.95	-0.01	12	38873	卖盘
11:10:54	30.96	-0.02	24	74304	卖盘
11:10:42	30.98	-0.01	8	24784	卖盘
11:10:12	30.99	--	10	30990	买盘
11:10:03	30.99	--	41	127059	买盘
11:09:51	30.99	--	3	9297	买盘
11:09:27	30.99	0.01	5	15495	买盘
11:09:03	30.98	--	40	123920	买盘
11:08:24	30.98	0.02	4	12392	买盘
11:08:09	30.96	--	37	114552	买盘
11:07:57	30.96	--	3	9288	卖盘
11:07:42	30.96	-0.02	2	6192	卖盘
11:07:39	30.98	--	25	77450	买盘
11:07:27	30.98	--	9	27882	买盘
11:07:21	30.98	-0.01	31	96038	中性盘
11:06:42	30.99	0.04	7	21693	买盘
11:06:30	30.95	-0.04	0	1361	中性盘
11:06:00	30.99	0.04	7	21693	买盘
11:05:51	30.95	--	21	64995	买盘
11:05:48	30.95	--	62	191890	卖盘
11:05:33	30.95	--	4	12380	卖盘
11:05:12	30.95	-0.03	5	15475	卖盘
11:05:06	30.98	--	4	12392	买盘
11:04:57	30.98	--	1	3098	买盘
11:04:51	30.98	--	10	30980	买盘
11:04:45	30.98	--	5	15490	买盘
11:04:27	30.98	-0.01	50	154900	中性盘
11:04:15	30.99	--	1	3099	买盘
11:04:12	30.99	0.02	3	9297	买盘
11:04:03	30.97	-0.02	16	49552	卖盘
11:04:00	30.99	--	10	30990	买盘
11:03:57	30.99	--	3	9297	买盘
11:03:54	30.99	--	10	30990	买盘
11:03:51	30.99	0.02	2	6198	买盘
11:03:48	30.97	-0.02	4	12388	卖盘
11:03:45	30.99	--	1	3099	买盘
11:03:33	30.99	--	1	3099	买盘
11:03:18	30.99	0.02	1	3099	买盘
11:02:33	30.97	--	9	27873	买盘
11:00:42	30.97	--	8	24776	买盘
11:00:18	30.97	--	3	9291	买盘
11:00:12	30.97	-0.02	54	167238	卖盘
11:00:09	30.99	0.01	10	30990	买盘
11:00:00	30.98	--	5	15490	买盘
10:59:21	30.98	-0.01	5	15490	卖盘
10:59:09	30.99	--	1	3099	买盘
10:59:00	30.99	--	2	6198	买盘
10:58:57	30.99	--	22	68178	买盘
10:58:54	30.99	--	12	37188	买盘
10:58:33	30.99	-0.01	1	3099	中性盘
10:58:06	31.0	--	13	40300	买盘
10:58:03	31.0	--	2	6200	买盘
10:58:00	31.0	--	10	31000	买盘
10:57:57	31.0	--	3	9300	买盘
10:57:48	31.0	--	2	6200	买盘
10:57:39	31.0	--	3	9300	买盘
10:57:12	31.0	--	20	62000	买盘
10:56:54	31.0	0.07	80	248000	买盘
10:56:45	30.93	-0.07	476	1472268	卖盘
10:56:42	31.0	0.01	2	6200	买盘
10:56:39	30.99	-0.01	8	24792	卖盘
10:56:33	31.0	--	5	15500	买盘
10:56:27	31.0	--	3	9300	买盘
10:56:24	31.0	0.01	40	124000	买盘
10:56:18	30.99	-0.01	1	3099	卖盘
10:56:00	31.0	0.01	24	74400	买盘
10:55:54	30.99	-0.01	3	9297	卖盘
10:55:51	31.0	--	4	12400	买盘
10:55:45	31.0	--	7	21700	买盘
10:55:33	31.0	--	2	6200	买盘
10:55:30	31.0	--	5	15500	买盘
10:55:24	31.0	--	1	3100	买盘
10:55:21	31.0	--	4	12400	买盘
10:55:12	31.0	--	12	37200	买盘
10:55:09	31.0	--	13	40300	买盘
10:54:48	31.0	--	50	155000	买盘
10:54:45	31.0	--	1	3100	买盘
10:54:36	31.0	--	13	40300	买盘
10:54:30	31.0	--	3	9300	买盘
10:54:27	31.0	--	50	155000	买盘
10:54:06	31.0	--	7	21700	买盘
10:54:03	31.0	0.01	1	3100	买盘
10:53:54	30.99	--	2	6198	卖盘
10:53:45	30.99	--	8	24792	买盘
10:53:36	30.99	--	11	34089	买盘
10:53:27	30.99	--	25	77475	买盘
10:53:21	30.99	--	10	30990	买盘
10:53:18	30.99	--	10	30990	买盘
10:53:00	30.99	--	24	74376	买盘
10:52:45	30.99	0.03	2	6198	买盘
10:52:39	30.96	-0.03	1	3096	卖盘
10:52:15	30.99	0.01	10	30990	买盘
10:52:12	30.98	0.02	7	21686	买盘
10:51:57	30.96	-0.02	2	6192	卖盘
10:51:27	30.98	--	7	21686	买盘
10:51:21	30.98	--	12	37176	买盘
10:50:51	30.98	0.03	15	46470	买盘
10:49:30	30.95	--	2	6190	卖盘
10:49:15	30.95	--	12	37140	卖盘
10:48:57	30.95	--	1	3095	卖盘
10:48:36	30.95	--	2	6190	卖盘
10:48:30	30.95	--	3	9285	卖盘
10:47:18	30.95	--	2	6190	卖盘
10:47:00	30.95	--	6	18570	卖盘
10:46:42	30.95	--	3	9285	卖盘
10:46:33	30.95	--	8	24760	卖盘
10:46:21	30.95	0.01	19	58805	买盘
10:46:03	30.94	-0.01	1	3094	卖盘
10:45:54	30.95	--	3	9285	买盘
10:45:30	30.95	--	3	9285	买盘
10:45:18	30.95	--	1	3095	买盘
10:45:15	30.95	-0.01	93	287835	卖盘
10:45:09	30.96	--	1	3096	买盘
10:45:06	30.96	-0.02	1	3096	卖盘
10:45:03	30.98	--	2	6196	买盘
10:44:57	30.98	--	1	3098	买盘
10:44:39	30.98	0.01	8	24784	买盘
10:44:24	30.97	-0.02	2	6194	卖盘
10:43:30	30.99	--	4	12396	买盘
10:43:12	30.99	0.01	10	30990	买盘
10:43:00	30.98	0.02	10	30980	买盘
10:41:48	30.96	0.01	2	6192	中性盘
10:41:24	30.95	--	7	21665	卖盘
10:40:24	30.95	--	7	21665	买盘
10:40:15	30.95	--	19	58805	买盘
10:40:09	30.95	--	5	15475	买盘
10:40:00	30.95	0.01	1	3095	买盘
10:39:51	30.94	--	10	30940	卖盘
10:39:48	30.94	--	3	9282	卖盘
10:39:45	30.94	0.01	5	15470	中性盘
10:38:57	30.93	--	6	18558	卖盘
10:38:42	30.93	--	4	12372	卖盘
10:38:27	30.93	--	13	40209	中性盘
10:37:51	30.93	0.01	6	18558	买盘
10:37:30	30.92	-0.01	31	95852	卖盘
10:37:21	30.93	--	3	9279	买盘
10:37:18	30.93	0.01	30	92790	买盘
10:37:03	30.92	--	5	15460	卖盘
10:36:51	30.92	-0.01	2	6184	卖盘
10:36:36	30.93	-0.01	15	46395	卖盘
10:36:03	30.94	--	2	6188	买盘
10:35:57	30.94	-0.01	10	30940	卖盘
10:35:54	30.95	--	1	3095	买盘
10:35:42	30.95	--	2	6190	买盘
10:35:27	30.95	-0.01	34	105230	卖盘
10:35:24	30.96	-0.01	38	117648	卖盘
10:35:18	30.97	--	3	9291	卖盘
10:35:00	30.97	--	5	15485	卖盘
10:33:45	30.97	-0.01	11	34067	卖盘
10:33:33	30.98	-0.01	5	15490	卖盘
10:33:24	30.99	--	5	15495	买盘
10:32:57	30.99	0.02	2	6198	中性盘
10:32:00	30.97	0.01	9	27873	买盘
10:31:36	30.96	-0.01	2	6192	卖盘
10:31:33	30.97	0.01	10	30970	买盘
10:31:27	30.96	--	2	6192	买盘
10:31:24	30.96	--	5	15480	卖盘
10:31:21	30.96	--	8	24768	买盘
10:31:18	30.96	--	3	9288	买盘
10:31:15	30.96	-0.01	10	30960	卖盘
10:31:09	30.97	--	3	9291	买盘
10:30:45	30.97	0.02	4	12388	买盘
10:30:42	30.95	-0.02	60	185700	卖盘
10:30:36	30.97	--	10	30970	买盘
10:30:27	30.97	0.01	10	30970	买盘
10:30:12	30.96	--	12	37152	卖盘
10:30:00	30.96	--	2	6192	卖盘
10:29:30	30.96	-0.01	2	6192	卖盘
10:29:18	30.97	--	10	30970	买盘
10:29:12	30.97	--	10	30970	买盘
10:29:00	30.97	--	10	30970	买盘
10:28:57	30.97	--	2	6194	买盘
10:28:48	30.97	--	4	12388	买盘
10:28:30	30.97	0.01	10	30970	买盘
10:28:27	30.96	0.01	3	9288	买盘
10:28:24	30.95	-0.01	6	18570	卖盘
10:28:21	30.96	--	11	34056	卖盘
10:28:09	30.96	-0.01	10	30960	卖盘
10:27:57	30.97	--	3	9291	买盘
10:26:57	30.97	0.01	38	117686	买盘
10:26:54	30.96	-0.01	3	9288	卖盘
10:26:48	30.97	0.01	12	37164	买盘
10:26:33	30.96	--	1	3096	卖盘
10:26:30	30.96	--	2	6192	卖盘
10:26:24	30.96	--	14	43344	卖盘
10:26:12	30.96	-0.01	1	3096	卖盘
10:26:03	30.97	--	9	27873	买盘
10:25:57	30.97	--	9	27873	买盘
10:25:54	30.97	--	3	9291	买盘
10:25:48	30.97	--	1	3097	买盘
10:25:42	30.97	-0.03	58	179626	卖盘
10:25:36	31.0	0.01	43	133300	买盘
10:25:30	30.99	--	11	34089	卖盘
10:25:12	30.99	0.02	3	9297	中性盘
10:24:57	30.97	-0.03	8	24776	卖盘
10:24:54	31.0	0.01	41	127100	买盘
10:24:51	30.99	0.02	2	6198	买盘
10:24:48	30.97	-0.02	7	21679	卖盘
10:24:45	30.99	--	10	30990	买盘
10:24:39	30.99	-0.01	5	15495	中性盘
10:24:30	31.0	0.01	2	6200	买盘
10:24:27	30.99	--	6	18594	卖盘
10:24:24	30.99	-0.01	6	18594	卖盘
10:24:21	31.0	0.03	6	18600	买盘
10:24:15	30.97	-0.03	9	27873	卖盘
10:24:12	31.0	0.03	21	65100	买盘
10:24:06	30.97	--	7	21679	卖盘
10:24:03	30.97	-0.03	14	43358	卖盘
10:23:57	31.0	0.04	1	3100	买盘
10:23:54	30.96	-0.04	8	24768	卖盘
10:23:51	31.0	--	9	27900	买盘
10:23:45	31.0	0.04	11	34100	买盘
10:23:39	30.96	-0.03	5	15480	卖盘
10:23:36	30.99	0.03	8	24792	买盘
10:23:30	30.96	0.01	2	6192	中性盘
10:23:24	30.95	--	8	24760	卖盘
10:23:21	30.95	-0.04	17	52615	卖盘
10:23:18	30.99	--	15	46485	买盘
10:23:15	30.99	0.01	9	27891	买盘
10:23:12	30.98	--	6	18588	卖盘
10:23:09	30.98	-0.01	12	37176	卖盘
10:23:06	30.99	--	33	102267	买盘
10:23:03	30.99	0.01	9	27891	买盘
10:23:00	30.98	-0.01	24	74352	卖盘
10:22:57	30.99	0.01	5	15495	买盘
10:22:48	30.98	--	5	15490	卖盘
10:22:33	30.98	0.03	2	6196	买盘
10:22:30	30.95	--	5	15475	卖盘
10:22:27	30.95	-0.03	9	27855	卖盘
10:22:24	30.98	0.07	26	80548	买盘
10:21:36	30.91	0.01	6	18546	卖盘
10:21:33	30.9	-0.08	17	52530	卖盘
10:21:30	30.98	0.08	25	77450	买盘
10:21:24	30.9	--	15	46350	卖盘
10:21:21	30.9	--	5	15450	卖盘
10:21:18	30.9	-0.01	8	24720	卖盘
10:21:15	30.91	0.01	4	12364	中性盘
10:20:54	30.9	-0.01	8	24720	卖盘
10:20:51	30.91	-0.07	16	49456	卖盘
10:20:48	30.98	0.08	20	61960	中性盘
10:20:15	30.9	--	10	30900	卖盘
10:20:12	30.9	-0.09	12	37080	卖盘
10:20:09	30.99	0.09	17	52683	买盘
10:20:06	30.9	-0.01	26	80340	卖盘
10:20:03	30.91	-0.01	42	129822	卖盘
10:20:00	30.92	-0.07	68	210256	卖盘
10:19:57	30.99	0.04	108	334692	买盘
10:19:54	30.95	--	2	6190	卖盘
10:19:51	30.95	--	4	12380	卖盘
10:19:48	30.95	--	8	24760	卖盘
10:19:45	30.95	0.03	12	37140	买盘
10:19:42	30.92	--	4	12368	卖盘
10:19:39	30.92	-0.03	6	18552	卖盘
10:19:36	30.95	0.03	8	24760	买盘
10:19:24	30.92	--	2	6184	卖盘
10:19:21	30.92	-0.01	2	6184	卖盘
10:19:18	30.93	0.01	2	6186	中性盘
10:19:03	30.92	--	2	6184	卖盘
10:19:00	30.92	-0.01	2	6184	卖盘
10:18:57	30.93	0.01	3	9279	卖盘
10:18:24	30.92	--	2	6184	卖盘
10:18:21	30.92	--	4	12368	卖盘
10:18:18	30.92	-0.01	4	12368	卖盘
10:18:15	30.93	-0.02	6	18558	卖盘
10:18:12	30.95	--	8	24760	卖盘
10:18:09	30.95	--	12	37140	卖盘
10:18:06	30.95	--	21	64995	卖盘
10:18:03	30.95	-0.03	12	37140	卖盘
10:18:00	30.98	0.01	20	61960	买盘
10:17:39	30.97	--	2	6194	卖盘
10:17:36	30.97	0.02	2	6194	中性盘
10:17:33	30.95	-0.02	4	12380	卖盘
10:17:30	30.97	0.02	6	18582	买盘
10:17:27	30.95	-0.02	4	12380	卖盘
10:17:24	30.97	--	7	21679	买盘
10:17:15	30.97	--	5	15485	买盘
10:17:09	30.97	--	9	27873	卖盘
10:16:57	30.97	--	7	21679	买盘
10:16:48	30.97	--	1	3097	买盘
10:16:42	30.97	-0.01	29	89813	卖盘
10:16:36	30.98	--	23	71254	买盘
10:16:30	30.98	--	2	6196	买盘
10:16:27	30.98	-0.01	23	71254	卖盘
10:16:24	30.99	--	3	9297	卖盘
10:16:18	30.99	0.01	34	105366	买盘
10:16:06	30.98	-0.01	37	114626	卖盘
10:16:00	30.99	--	19	58881	买盘
10:15:39	30.99	-0.01	21	65079	卖盘
10:15:33	31.0	--	3	9300	买盘
10:15:30	31.0	--	3	9300	买盘
10:15:21	31.0	--	2	6200	买盘
10:15:12	31.0	--	1	3100	买盘
10:15:06	31.0	0.01	8	24800	买盘
10:15:00	30.99	-0.01	4	12396	卖盘
10:14:54	31.0	--	3	9300	买盘
10:14:48	31.0	--	5	15500	买盘
10:14:33	31.0	--	1	3100	买盘
10:14:30	31.0	0.01	62	192200	买盘
10:14:12	30.99	0.01	5	15495	买盘
10:13:48	30.98	0.01	14	43372	买盘
10:13:30	30.97	-0.01	3	9291	卖盘
10:13:18	30.98	--	5	15490	买盘
10:13:15	30.98	--	4	12392	买盘
10:13:06	30.98	--	3	9294	买盘
10:13:03	30.98	--	6	18588	买盘
10:13:00	30.98	--	20	61960	买盘
10:12:48	30.98	--	3	9294	买盘
10:12:42	30.98	-0.01	45	139410	卖盘
10:12:36	30.99	--	1	3099	卖盘
10:12:33	30.99	--	4	12396	买盘
10:12:30	30.99	--	19	58881	买盘
10:12:27	30.99	--	2	6198	买盘
10:12:21	30.99	--	2	6198	买盘
10:12:09	30.99	0.01	13	40287	买盘
10:12:06	30.98	--	16	49568	卖盘
10:11:51	30.98	--	7	21686	卖盘
10:11:27	30.98	--	29	89842	买盘
10:11:24	30.98	--	2	6196	买盘
10:11:21	30.98	--	3	9294	买盘
10:11:09	30.98	0.01	32	99136	买盘
10:11:00	30.97	-0.01	9	27873	卖盘
10:10:51	30.98	--	32	99136	买盘
10:10:48	30.98	--	6	18588	买盘
10:10:39	30.98	--	10	30980	买盘
10:10:36	30.98	--	4	12392	买盘
10:10:30	30.98	--	2	6196	买盘
10:10:27	30.98	--	4	12392	买盘
10:10:24	30.98	--	2	6196	卖盘
10:10:06	30.98	-0.02	5	15490	卖盘
10:10:03	31.0	0.01	50	155000	买盘
10:09:48	30.99	--	7	21693	买盘
10:09:24	30.99	0.02	10	30990	买盘
10:09:15	30.97	-0.02	9	27873	卖盘
10:08:57	30.99	0.02	1	3099	买盘
10:08:30	30.97	-0.02	1	3097	中性盘
10:08:27	30.99	--	6	18594	买盘
10:08:24	30.99	0.03	2	6198	买盘
10:08:21	30.96	--	10	30960	卖盘
10:08:18	30.96	--	18	55728	卖盘
10:08:12	30.96	--	37	116440	卖盘
10:08:09	30.96	-0.01	8	24768	卖盘
10:07:51	30.97	--	26	80522	买盘
10:07:39	30.97	--	9	27873	卖盘
10:07:33	30.97	--	1	3097	卖盘
10:07:18	30.97	--	1	3097	买盘
10:07:12	30.97	--	5	15485	买盘
10:06:45	30.97	--	1	3097	买盘
10:06:42	30.97	-0.01	13	40261	卖盘
10:06:39	30.98	0.01	9	27882	买盘
10:06:36	30.97	--	5	15485	卖盘
10:06:27	30.97	--	5	15485	买盘
10:06:24	30.97	--	25	77425	卖盘
10:06:21	30.97	--	16	49552	买盘
10:06:18	30.97	0.01	4	12388	买盘
10:06:12	30.96	-0.01	4	12384	卖盘
10:06:09	30.97	--	10	30970	买盘
10:06:06	30.97	-0.01	74	229178	卖盘
10:06:03	30.98	0.01	2	6196	买盘
10:05:54	30.97	-0.01	15	46455	卖盘
10:05:36	30.98	0.01	2	6196	买盘
10:05:30	30.97	-0.01	3	9291	卖盘
10:05:21	30.98	0.01	3	9294	买盘
10:05:18	30.97	--	2	6194	卖盘
10:05:09	30.97	--	3	9291	卖盘
10:05:00	30.97	--	12	37164	买盘
10:04:54	30.97	--	2	6194	买盘
10:04:48	30.97	--	12	37164	买盘
10:04:45	30.97	--	5	15485	买盘
10:04:42	30.97	--	50	154850	买盘
10:04:36	30.97	--	29	89813	卖盘
10:04:24	30.97	--	31	96007	买盘
10:04:09	30.97	0.01	10	30970	买盘
10:04:06	30.96	--	1	3096	买盘
10:03:39	30.96	-0.01	9	27864	卖盘
10:03:27	30.97	--	6	18582	买盘
10:03:21	30.97	--	1	3097	买盘
10:03:18	30.97	--	29	89813	买盘
10:03:15	30.97	-0.01	30	92910	卖盘
10:03:09	30.98	--	1	3098	买盘
10:02:57	30.98	--	17	52666	买盘
10:02:54	30.98	0.01	118	365564	买盘
10:02:27	30.97	0.01	6	18582	买盘
10:02:24	30.96	--	5	15480	卖盘
10:02:12	30.96	-0.01	3	9288	卖盘
10:02:06	30.97	--	27	83619	买盘
10:02:00	30.97	0.01	10	30970	中性盘
10:01:48	30.96	-0.02	1	3096	卖盘
10:01:42	30.98	0.02	10	30980	买盘
10:00:42	30.96	--	7	21672	中性盘
10:00:33	30.96	--	3	9288	卖盘
10:00:30	30.96	-0.02	1	3096	卖盘
10:00:18	30.98	0.02	11	34078	买盘
10:00:12	30.96	-0.02	4	12384	卖盘
09:59:51	30.98	0.02	10	30980	买盘
09:59:48	30.96	-0.02	10	30960	卖盘
09:59:45	30.98	--	4	12392	买盘
09:59:39	30.98	--	21	65058	买盘
09:59:33	30.98	--	2	6196	买盘
09:59:27	30.98	0.02	11	34078	买盘
09:59:24	30.96	-0.01	6	18576	卖盘
09:59:15	30.97	--	8	24776	卖盘
09:58:57	30.97	--	1	3097	卖盘
09:58:54	30.97	--	6	18582	卖盘
09:58:39	30.97	-0.01	1	3097	卖盘
09:58:36	30.98	0.01	36	111528	买盘
09:58:33	30.97	--	7	21679	买盘
09:58:30	30.97	-0.01	19	58843	卖盘
09:58:27	30.98	0.01	6	18588	买盘
09:58:24	30.97	--	5	15485	卖盘
09:58:21	30.97	--	3	9291	卖盘
09:58:18	30.97	-0.01	20	61940	卖盘
09:58:12	30.98	--	25	77450	买盘
09:58:09	30.98	--	4	12392	买盘
09:58:06	30.98	-0.01	198	613404	卖盘
09:58:03	30.99	--	10	30990	买盘
09:58:00	30.99	--	7	21693	买盘
09:57:57	30.99	-0.01	20	61980	卖盘
09:57:54	31.0	--	22	68200	买盘
09:57:48	31.0	--	21	65100	买盘
09:57:27	31.0	--	10	31000	买盘
09:57:24	31.0	--	10	31000	买盘
09:57:21	31.0	--	1	3100	买盘
09:57:18	31.0	0.01	10	31000	买盘
09:57:15	30.99	-0.01	8	24792	中性盘
09:57:09	31.0	--	20	62000	买盘
09:57:03	31.0	--	5	15500	买盘
09:56:54	31.0	0.03	200	620000	买盘
09:56:48	30.97	-0.01	40	123880	卖盘
09:56:33	30.98	--	11	34078	买盘
09:56:30	30.98	--	4	12392	买盘
09:56:21	30.98	--	1	3098	买盘
09:56:18	30.98	--	13	40274	买盘
09:56:12	30.98	--	1	3098	买盘
09:56:09	30.98	--	42	130116	买盘
09:56:06	30.98	--	1	3098	买盘
09:56:00	30.98	--	15	46470	买盘
09:55:54	30.98	0.01	41	127018	买盘
09:55:48	30.97	--	37	114589	买盘
09:55:39	30.97	0.01	20	61940	买盘
09:55:33	30.96	0.01	15	46440	买盘
09:55:30	30.95	--	1	3095	卖盘
09:55:27	30.95	--	11	34045	买盘
09:55:18	30.95	--	3	9285	买盘
09:55:06	30.95	0.05	3	9285	买盘
09:54:48	30.9	-0.01	4	12360	卖盘
09:54:33	30.91	0.01	22	68002	买盘
09:54:24	30.9	--	4	12360	卖盘
09:54:21	30.9	--	26	80340	卖盘
09:54:03	30.9	--	41	126690	卖盘
09:53:54	30.9	--	27	83430	卖盘
09:53:42	30.9	-0.01	2	6180	卖盘
09:53:33	30.91	--	1	3091	卖盘
09:53:15	30.91	--	7	21637	卖盘
09:53:12	30.91	--	13	40183	卖盘
09:52:57	30.91	-0.01	13	40183	卖盘
09:52:45	30.92	-0.02	21	64932	卖盘
09:52:42	30.94	--	5	15470	卖盘
09:52:39	30.94	0.01	6	18564	买盘
09:52:36	30.93	--	3	9279	中性盘
09:52:24	30.93	--	4	12372	卖盘
09:52:18	30.93	0.01	3	9279	卖盘
09:51:45	30.92	0.01	5	15460	中性盘
09:51:27	30.91	0.01	8	24728	中性盘
09:50:39	30.9	-0.01	6	18540	卖盘
09:50:36	30.91	-0.01	2	6182	中性盘
09:50:30	30.92	--	1	3092	买盘
09:50:12	30.92	--	1	3092	买盘
09:50:09	30.92	--	2	6184	买盘
09:49:54	30.92	-0.03	2	6184	卖盘
09:49:51	30.95	-0.02	1	3095	中性盘
09:49:33	30.97	0.07	8	24776	买盘
09:49:30	30.9	-0.02	7	21630	卖盘
09:49:21	30.92	--	1	3092	买盘
09:49:18	30.92	--	1	3092	买盘
09:49:06	30.92	-0.03	8	24736	卖盘
09:49:00	30.95	0.01	16	49520	买盘
09:48:51	30.94	0.01	6	18564	卖盘
09:48:42	30.93	-0.01	10	30930	卖盘
09:48:39	30.94	0.02	4	12376	买盘
09:48:36	30.92	-0.02	4	12368	卖盘
09:48:33	30.94	--	3	9282	买盘
09:48:06	30.94	-0.01	11	34034	卖盘
09:48:03	30.95	--	11	34045	卖盘
09:47:54	30.95	--	21	64995	卖盘
09:47:48	30.95	-0.03	99	306405	卖盘
09:47:36	30.98	--	7	21686	买盘
09:47:30	30.98	--	3	9294	卖盘
09:47:21	30.98	-0.01	1	3098	卖盘
09:47:12	30.99	--	2	6198	买盘
09:47:00	30.99	-0.01	4	12396	中性盘
09:46:45	31.0	--	5	15500	买盘
09:46:39	31.0	--	26	80600	买盘
09:46:24	31.0	--	1	3100	买盘
09:46:09	31.0	0.03	5	15500	买盘
09:46:03	30.97	-0.03	5	15485	卖盘
09:45:57	31.0	--	10	31000	买盘
09:45:54	31.0	0.05	1	3100	买盘
09:45:09	30.95	--	17	52615	买盘
09:45:06	30.95	--	2	6190	买盘
09:45:03	30.95	0.01	5	15475	买盘
09:45:00	30.94	-0.01	56	173264	卖盘
09:44:57	30.95	--	7	21665	买盘
09:44:54	30.95	--	1	3095	买盘
09:44:51	30.95	--	5	15475	买盘
09:44:45	30.95	--	1	3095	买盘
09:44:39	30.95	--	51	157845	买盘
09:44:36	30.95	--	3	9285	买盘
09:44:33	30.95	--	1	3095	买盘
09:44:30	30.95	0.01	5	15475	买盘
09:44:18	30.94	-0.01	1	3094	卖盘
09:44:12	30.95	--	6	18570	买盘
09:44:09	30.95	--	20	61900	买盘
09:44:03	30.95	--	35	108325	买盘
09:43:57	30.95	--	2	6190	买盘
09:43:51	30.95	--	6	18570	买盘
09:43:48	30.95	--	1	3095	买盘
09:43:42	30.95	-0.03	139	430205	卖盘
09:43:39	30.98	--	5	15490	买盘
09:43:33	30.98	0.03	2	6196	买盘
09:43:18	30.95	0.03	14	43330	买盘
09:42:57	30.92	--	2	6184	卖盘
09:42:45	30.92	-0.03	19	58748	卖盘
09:42:42	30.95	0.03	21	64995	买盘
09:42:36	30.92	-0.03	1	3092	卖盘
09:42:30	30.95	0.02	8	24760	买盘
09:42:21	30.93	--	20	61860	买盘
09:42:18	30.93	--	3	9279	买盘
09:42:03	30.93	--	3	9279	买盘
09:41:54	30.93	--	2	6186	卖盘
09:41:51	30.93	-0.02	8	24744	卖盘
09:41:45	30.95	--	3	9285	买盘
09:41:42	30.95	0.02	1	3095	买盘
09:41:39	30.93	-0.02	2	6186	卖盘
09:41:36	30.95	--	8	24760	买盘
09:41:15	30.95	-0.05	10	30950	卖盘
09:40:57	31.0	--	15	46500	买盘
09:40:42	31.0	-0.02	84	260400	卖盘
09:40:39	31.02	0.01	21	65142	买盘
09:40:36	31.01	-0.01	3	9303	卖盘
09:40:33	31.02	0.01	17	52734	买盘
09:40:30	31.01	0.01	2	6202	买盘
09:40:06	31.0	--	18	55800	买盘
09:40:03	31.0	--	81	251100	买盘
09:39:42	31.0	-0.03	28	86800	卖盘
09:39:36	31.03	--	18	55854	买盘
09:39:33	31.03	0.02	7	21721	买盘
09:39:30	31.01	-0.02	39	120939	卖盘
09:39:27	31.03	-0.01	7	21721	卖盘
09:39:24	31.04	0.01	3	9312	买盘
09:39:21	31.03	-0.01	3	9309	卖盘
09:39:18	31.04	-0.01	19	58976	卖盘
09:39:15	31.05	--	1	3105	卖盘
09:39:12	31.05	--	4	12420	买盘
09:39:03	31.05	--	2	6210	买盘
09:38:54	31.05	--	4	12420	卖盘
09:38:51	31.05	--	35	108675	卖盘
09:38:45	31.05	--	10	31050	买盘
09:38:39	31.05	0.01	2	6210	中性盘
09:38:36	31.04	-0.01	2	6208	卖盘
09:38:24	31.05	--	14	43470	买盘
09:38:21	31.05	0.01	17	52785	买盘
09:38:15	31.04	--	6	18624	买盘
09:38:12	31.04	--	2	6208	买盘
09:38:09	31.04	0.01	2	6208	中性盘
09:38:06	31.03	-0.02	7	21721	卖盘
09:38:03	31.05	0.01	7	21735	买盘
09:37:57	31.04	0.02	17	52768	买盘
09:37:48	31.02	0.01	3	9306	买盘
09:37:45	31.01	--	11	34111	买盘
09:37:42	31.01	0.04	4	12404	中性盘
09:37:33	30.97	-0.06	1	3097	卖盘
09:37:30	31.03	0.06	1	3103	买盘
09:37:27	30.97	--	13	40261	卖盘
09:37:15	30.97	--	1	3097	卖盘
09:37:12	30.97	--	15	46455	卖盘
09:36:54	30.97	0.01	19	58843	买盘
09:36:42	30.96	0.06	1	3096	买盘
09:36:00	30.9	--	2	6180	买盘
09:35:57	30.9	0.02	20	61800	买盘
09:35:45	30.88	--	5	15440	卖盘
09:35:39	30.88	0.02	136	419968	买盘
09:35:36	30.86	-0.02	10	30860	卖盘
09:35:30	30.88	--	2	6176	买盘
09:35:24	30.88	0.02	32	98816	买盘
09:35:21	30.86	--	1	3086	买盘
09:35:18	30.86	--	23	70978	卖盘
09:35:15	30.86	--	12	37032	卖盘
09:35:09	30.86	-0.02	7	21602	卖盘
09:35:06	30.88	--	1	3088	买盘
09:35:03	30.88	--	1	3088	买盘
09:34:54	30.88	--	44	135872	卖盘
09:34:45	30.88	-0.01	6	18528	卖盘
09:34:33	30.89	-0.01	2	6178	卖盘
09:34:30	30.9	--	1	3090	买盘
09:34:18	30.9	--	1	3090	买盘
09:34:12	30.9	--	7	21630	买盘
09:33:57	30.9	--	1	3090	买盘
09:33:54	30.9	--	10	30900	买盘
09:33:33	30.9	0.02	10	30900	买盘
09:33:27	30.88	--	4	12352	买盘
09:33:21	30.88	--	5	15440	买盘
09:33:12	30.88	0.03	1	3088	买盘
09:32:57	30.85	--	5	15425	卖盘
09:32:51	30.85	-0.03	7	21595	卖盘
09:32:48	30.88	--	10	30880	买盘
09:32:45	30.88	-0.02	22	67936	卖盘
09:32:36	30.9	--	9	27810	卖盘
09:32:33	30.9	--	18	55620	卖盘
09:32:30	30.9	--	4	12360	卖盘
09:32:24	30.9	-0.02	1	3090	中性盘
09:32:18	30.92	0.02	54	166968	买盘
09:32:09	30.9	--	1	3090	买盘
09:32:00	30.9	--	17	52530	卖盘
09:31:39	30.9	-0.02	21	64890	卖盘
09:31:36	30.92	--	12	37104	买盘
09:31:30	30.92	--	28	86576	卖盘
09:31:09	30.92	--	8	24736	卖盘
09:31:06	30.92	--	24	74208	卖盘
09:31:00	30.92	--	10	30920	卖盘
09:30:54	30.92	-0.05	52	160784	卖盘
09:30:45	30.97	0.06	4	12388	买盘
09:30:42	30.91	-0.07	2	6182	卖盘
09:30:36	30.98	--	2	6196	买盘
09:30:15	30.98	--	30	92940	买盘
09:30:06	30.98	--	17	52666	买盘
09:30:03	30.98	--	123	381054	卖盘
09:30:00	30.98	-0.03	334	1034732	卖盘
09:25:03	31.01	31.01	16	49616	买盘
