成交时间	成交价	价格变动	成交量(手)	成交额(元)	性质
15:00:03	13.14	0.01	1574	2068236	买盘
14:57:00	13.13	--	25	32825	卖盘
14:56:57	13.13	-0.01	45	59085	卖盘
14:56:54	13.14	--	88	115632	卖盘
14:56:51	13.14	--	51	67014	卖盘
14:56:48	13.14	--	12	15768	卖盘
14:56:45	13.14	--	86	113004	卖盘
14:56:42	13.14	--	50	65700	卖盘
14:56:39	13.14	0.02	245	321930	买盘
14:56:36	13.12	--	32	41984	卖盘
14:56:33	13.12	--	23	30176	卖盘
14:56:30	13.12	0.01	148	194176	买盘
14:56:24	13.11	--	22	28842	卖盘
14:56:18	13.11	0.01	49	64239	买盘
14:56:15	13.1	-0.01	344	450640	卖盘
14:56:12	13.11	--	267	350037	买盘
14:56:09	13.11	0.01	41	53751	买盘
14:56:06	13.1	--	6	7860	卖盘
14:56:03	13.1	--	12	15720	卖盘
14:56:00	13.1	0.02	992	1299520	买盘
14:55:57	13.08	0.02	3	3924	买盘
14:55:51	13.06	-0.02	27	35262	卖盘
14:55:48	13.08	0.01	73	95484	买盘
14:55:45	13.07	0.01	61	79727	买盘
14:55:39	13.06	--	42	54852	卖盘
14:55:36	13.06	-0.02	49	63994	卖盘
14:55:33	13.08	--	5	6540	买盘
14:55:30	13.08	0.02	310	405480	买盘
14:55:27	13.06	--	33	43098	卖盘
14:55:24	13.06	--	49	63994	卖盘
14:55:21	13.06	-0.01	50	65300	卖盘
14:55:18	13.07	0.01	20	26140	买盘
14:55:09	13.06	0.01	100	130600	买盘
14:55:06	13.05	-0.01	3	3915	卖盘
14:55:03	13.06	0.02	542	707852	买盘
14:55:00	13.04	--	11	14343	卖盘
14:54:54	13.04	--	7	9128	卖盘
14:54:48	13.04	0.01	3	3911	中性盘
14:54:39	13.03	--	16	20848	卖盘
14:54:36	13.03	--	1	1303	卖盘
14:54:33	13.03	-0.02	41	53423	卖盘
14:54:30	13.05	0.02	584	762120	买盘
14:54:24	13.03	--	61	79483	卖盘
14:54:21	13.03	--	13	16939	卖盘
14:54:18	13.03	--	5	6515	卖盘
14:54:15	13.03	0.01	153	199359	买盘
14:54:12	13.02	-0.01	6	7812	卖盘
14:54:09	13.03	0.03	204	265812	买盘
14:54:06	13.0	-0.03	113	146900	卖盘
14:53:57	13.03	0.01	56	72968	买盘
14:53:51	13.02	--	19	24738	买盘
14:53:48	13.02	-0.01	68	88536	买盘
14:53:45	13.03	0.01	27	35181	买盘
14:53:42	13.02	0.01	5	6510	中性盘
14:53:39	13.01	-0.01	60	78060	卖盘
14:53:36	13.02	--	15	19530	卖盘
14:53:30	13.02	--	2	2604	卖盘
14:53:27	13.02	--	30	39060	卖盘
14:53:24	13.02	0.01	248	322896	买盘
14:53:18	13.01	--	30	39030	卖盘
14:53:12	13.01	--	267	347367	买盘
14:53:09	13.01	0.01	4	5204	买盘
14:53:06	13.0	-0.01	5	6500	卖盘
14:53:00	13.01	--	52	67652	买盘
14:52:51	13.01	--	54	70254	卖盘
14:52:48	13.01	--	5	6505	卖盘
14:52:39	13.01	--	4	5204	卖盘
14:52:36	13.01	0.01	25	32525	买盘
14:52:30	13.0	--	22	28600	卖盘
14:52:27	13.0	--	20	26000	卖盘
14:52:18	13.0	--	15	19500	卖盘
14:52:12	13.0	--	20	26000	卖盘
14:52:09	13.0	--	10	13000	卖盘
14:52:06	13.0	0.01	254	330200	买盘
14:52:03	12.99	-0.01	91	118209	卖盘
14:52:00	13.0	0.01	19	24700	买盘
14:51:54	12.99	-0.01	7	9093	卖盘
14:51:48	13.0	--	270	351000	买盘
14:51:42	13.0	--	5	6500	买盘
14:51:39	13.0	--	104	135200	买盘
14:51:33	13.0	--	10	13000	买盘
14:51:30	13.0	0.01	13	16900	买盘
14:51:27	12.99	-0.01	3	3897	卖盘
14:51:21	13.0	0.01	2	2600	买盘
14:51:09	12.99	--	3	3897	卖盘
14:51:06	12.99	--	29	37671	买盘
14:51:03	12.99	0.01	14	18186	买盘
14:50:48	12.98	--	8	10384	卖盘
14:50:45	12.98	-0.01	37	48026	卖盘
14:50:42	12.99	0.01	62	80538	买盘
14:50:24	12.98	-0.01	72	93456	卖盘
14:50:21	12.99	0.01	15	19485	买盘
14:50:09	12.98	--	20	25960	卖盘
14:49:57	12.98	--	10	12980	卖盘
14:49:54	12.98	--	82	106436	卖盘
14:49:45	12.98	--	20	25960	卖盘
14:49:42	12.98	0.01	195	253110	买盘
14:49:27	12.97	-0.01	20	25940	卖盘
14:49:15	12.98	0.01	10	12980	买盘
14:49:00	12.97	--	20	25940	卖盘
14:48:57	12.97	-0.01	16	20752	卖盘
14:48:54	12.98	0.01	14	18172	买盘
14:48:51	12.97	--	5	6485	卖盘
14:48:24	12.97	--	16	20752	卖盘
14:48:18	12.97	-0.01	31	40207	卖盘
14:48:15	12.98	0.01	18	23364	买盘
14:48:12	12.97	-0.01	15	19455	卖盘
14:48:09	12.98	--	10	12980	买盘
14:47:51	12.98	--	5	6490	买盘
14:47:42	12.98	--	20	25960	买盘
14:47:39	12.98	--	8	10384	买盘
14:47:33	12.98	--	11	14278	买盘
14:47:18	12.98	0.01	23	29854	买盘
14:47:12	12.97	-0.01	13	16861	卖盘
14:46:51	12.98	--	33	42834	买盘
14:46:33	12.98	--	189	245322	买盘
14:46:30	12.98	0.01	24	31152	买盘
14:46:27	12.97	--	170	220490	卖盘
14:46:24	12.97	--	13	16861	卖盘
14:46:15	12.97	0.01	70	90790	买盘
14:46:09	12.96	--	1	1296	卖盘
14:45:57	12.96	-0.01	2	2592	卖盘
14:45:48	12.97	0.01	20	25940	买盘
14:45:36	12.96	-0.01	10	12960	卖盘
14:45:27	12.97	0.01	20	25940	买盘
14:45:24	12.96	--	14	19025	买盘
14:45:18	12.96	0.01	6	7776	买盘
14:45:15	12.95	--	30	38850	卖盘
14:45:12	12.95	-0.02	12	15954	卖盘
14:45:06	12.97	0.01	30	38910	买盘
14:45:03	12.96	--	34	44945	买盘
14:44:54	12.96	--	4	5184	买盘
14:44:42	12.96	--	21	27630	卖盘
14:44:36	12.96	-0.01	30	38880	卖盘
14:44:27	12.97	0.01	8	10376	买盘
14:44:21	12.96	--	4	5184	卖盘
14:44:18	12.96	--	6	7776	卖盘
14:44:15	12.96	--	95	124001	买盘
14:44:12	12.96	--	84	109278	卖盘
14:44:06	12.96	--	17	22913	买盘
14:44:03	12.96	--	271	351630	买盘
14:43:57	12.96	--	14	18144	买盘
14:43:51	12.96	--	2	2592	买盘
14:43:48	12.96	0.01	6	7776	中性盘
14:43:33	12.95	-0.02	207	268945	卖盘
14:43:30	12.97	0.01	20	25940	中性盘
14:43:21	12.96	-0.01	200	259200	卖盘
14:43:06	12.97	-0.01	25	32425	卖盘
14:43:03	12.98	0.01	77	99946	卖盘
14:42:54	12.97	-0.01	60	77820	卖盘
14:42:45	12.98	--	20	25960	卖盘
14:42:42	12.98	--	39	50622	卖盘
14:42:39	12.98	--	32	41536	买盘
14:42:30	12.98	--	2	2596	买盘
14:42:27	12.98	--	11	14278	买盘
14:42:21	12.98	-0.01	775	1005950	卖盘
14:42:15	12.99	--	2	2598	买盘
14:42:12	12.99	--	408	529992	卖盘
14:42:06	12.99	--	20	25980	卖盘
14:42:03	12.99	-0.01	7	9093	卖盘
14:41:54	13.0	--	20	26000	买盘
14:41:51	13.0	0.01	33	42900	买盘
14:41:45	12.99	-0.01	49	63651	卖盘
14:41:33	13.0	--	470	611000	卖盘
14:41:21	13.0	-0.01	200	260000	卖盘
14:41:12	13.01	--	125	162625	卖盘
14:41:06	13.01	--	86	111886	卖盘
14:40:57	13.01	--	4	5204	卖盘
14:40:45	13.01	-0.01	39	50739	卖盘
14:40:27	13.02	--	19	24738	买盘
14:40:21	13.02	--	54	70308	卖盘
14:40:12	13.02	--	9	11718	卖盘
14:40:06	13.02	--	10	13020	卖盘
14:40:00	13.02	--	18	23436	卖盘
14:39:45	13.02	--	28	36456	卖盘
14:39:42	13.02	--	17	22134	卖盘
14:39:27	13.02	--	10	13020	卖盘
14:39:24	13.02	--	1	1302	卖盘
14:39:18	13.02	-0.01	39	50778	卖盘
14:39:15	13.03	0.01	2	2606	买盘
14:38:36	13.02	-0.01	2	2604	卖盘
14:38:27	13.03	0.01	10	13030	买盘
14:38:24	13.02	--	38	49476	卖盘
14:38:06	13.02	--	8	10416	卖盘
14:37:48	13.02	--	1	1302	卖盘
14:37:45	13.02	--	11	14322	买盘
14:37:42	13.02	--	49	63798	买盘
14:37:30	13.02	--	5	6510	买盘
14:37:21	13.02	-0.01	93	121086	卖盘
14:37:18	13.03	0.01	3	3909	买盘
14:37:09	13.02	-0.01	28	36456	卖盘
14:37:03	13.03	--	5	6515	买盘
14:36:57	13.03	--	15	19545	买盘
14:36:36	13.03	0.01	25	32575	买盘
14:36:18	13.02	--	3	3906	买盘
14:36:15	13.02	0.01	6	7812	买盘
14:35:39	13.01	-0.01	22	28622	卖盘
14:35:36	13.02	--	15	19530	买盘
14:35:33	13.02	0.01	2	2604	买盘
14:35:03	13.01	--	78	101478	卖盘
14:34:42	13.01	-0.02	67	87167	卖盘
14:34:33	13.03	--	5	6515	买盘
14:34:27	13.03	--	15	19545	买盘
14:34:21	13.03	--	9	11727	中性盘
14:34:15	13.03	--	3	3909	卖盘
14:33:57	13.03	0.01	9	11727	中性盘
14:33:39	13.02	-0.01	56	72912	卖盘
14:33:36	13.03	--	1	1303	买盘
14:33:33	13.03	--	1	1303	买盘
14:33:24	13.03	-0.01	37	48211	卖盘
14:33:18	13.04	0.01	100	130399	买盘
14:33:06	13.03	--	10	13030	卖盘
14:32:57	13.03	--	10	13030	卖盘
14:32:48	13.03	0.01	343	446929	买盘
14:32:36	13.02	--	5	6510	卖盘
14:32:27	13.02	--	2	2604	卖盘
14:32:24	13.02	0.02	443	576786	买盘
14:32:21	13.0	-0.01	15	19500	卖盘
14:32:15	13.01	--	20	26020	买盘
14:32:09	13.01	--	5	6505	买盘
14:31:57	13.01	--	5	6505	卖盘
14:31:48	13.01	0.01	45	58545	买盘
14:31:39	13.0	-0.01	78	101400	卖盘
14:31:12	13.01	0.01	4	5204	买盘
14:31:00	13.0	-0.01	25	32500	卖盘
14:30:39	13.01	0.01	36	46836	买盘
14:30:30	13.0	--	10	13000	卖盘
14:30:18	13.0	-0.01	40	52000	卖盘
14:30:09	13.01	--	55	71555	买盘
14:29:48	13.01	0.01	34	44234	中性盘
14:29:21	13.0	-0.01	46	59800	卖盘
14:29:18	13.01	--	9	11709	买盘
14:28:54	13.01	-0.01	14	18214	卖盘
14:28:48	13.02	0.02	3	3906	买盘
14:28:36	13.0	-0.01	22	28600	卖盘
14:28:24	13.01	0.01	21	27321	买盘
14:28:21	13.0	--	8	10400	卖盘
14:28:06	13.0	--	1	1300	卖盘
14:28:00	13.0	--	1	1300	卖盘
14:27:57	13.0	-0.01	3	3900	卖盘
14:27:48	13.01	0.01	3	3903	买盘
14:27:45	13.0	--	3	3900	卖盘
14:27:39	13.0	--	1	1300	卖盘
14:27:18	13.0	--	79	102700	卖盘
14:27:12	13.0	--	20	26000	卖盘
14:27:03	13.0	--	40	52000	卖盘
14:26:54	13.0	-0.01	2	2600	卖盘
14:26:30	13.01	-0.01	4	5204	中性盘
14:26:12	13.02	0.02	1	1302	买盘
14:26:03	13.0	-0.02	1	1300	卖盘
14:25:48	13.02	--	22	28644	买盘
14:25:36	13.02	0.01	2	2604	买盘
14:25:30	13.01	-0.01	19	24719	卖盘
14:25:21	13.02	--	30	39060	买盘
14:25:18	13.02	0.01	3	3906	买盘
14:25:06	13.01	--	3	3903	卖盘
14:24:33	13.01	0.01	2	2602	中性盘
14:24:30	13.0	-0.01	50	65000	卖盘
14:24:24	13.01	--	28	37000	买盘
14:24:12	13.01	0.01	50	65050	买盘
14:24:09	13.0	-0.01	12	15600	卖盘
14:24:03	13.01	0.01	30	39030	买盘
14:23:45	13.0	0.01	39	50700	中性盘
14:23:21	12.99	-0.02	5	6495	卖盘
14:23:12	13.01	0.01	7	9107	买盘
14:23:09	13.0	-0.01	0	728	卖盘
14:23:06	13.01	0.01	5	6505	买盘
14:22:54	13.0	0.01	36	47372	买盘
14:22:42	12.99	--	133	172767	卖盘
14:22:36	12.99	-0.01	8	10392	卖盘
14:22:30	13.0	0.01	10	13000	买盘
14:22:27	12.99	--	62	80538	卖盘
14:22:09	12.99	--	28	36372	买盘
14:22:03	12.99	--	30	38970	买盘
14:22:00	12.99	--	2	2598	卖盘
14:21:54	12.99	--	20	25980	卖盘
14:21:51	12.99	--	12	15588	卖盘
14:21:48	12.99	-0.01	20	25980	卖盘
14:21:45	13.0	--	20	26000	买盘
14:21:42	13.0	--	10	13000	买盘
14:21:33	13.0	--	9	11700	买盘
14:21:27	13.0	--	30	39000	买盘
14:21:21	13.0	0.01	250	325000	买盘
14:21:15	12.99	--	2	2598	卖盘
14:21:09	12.99	--	39	50661	卖盘
14:20:57	12.99	-0.01	10	12990	卖盘
14:20:48	13.0	0.01	10	13000	买盘
14:20:45	12.99	--	5	6495	卖盘
14:20:12	12.99	-0.01	1	1299	卖盘
14:20:09	13.0	0.02	83	107900	买盘
14:19:57	12.98	-0.02	5	6490	卖盘
14:19:48	13.0	0.02	4	5200	买盘
14:19:42	12.98	--	6	7788	卖盘
14:19:33	12.98	--	70	90860	卖盘
14:19:18	12.98	-0.02	200	259600	卖盘
14:19:09	13.0	--	3	3900	买盘
14:18:57	13.0	--	1	1300	买盘
14:18:21	13.0	--	1	1300	买盘
14:18:15	13.0	0.01	25	32500	买盘
14:18:09	12.99	-0.01	30	38970	卖盘
14:18:06	13.0	--	5	6500	买盘
14:18:03	13.0	--	5	6500	买盘
14:18:00	13.0	0.01	14	18200	买盘
14:17:42	12.99	--	6	7794	卖盘
14:17:39	12.99	--	53	68847	买盘
14:17:36	12.99	--	10	12990	买盘
14:17:18	12.99	--	4	5196	买盘
14:17:15	12.99	--	98	127302	卖盘
14:17:06	12.99	--	39	50661	卖盘
14:16:57	12.99	--	1	1299	卖盘
14:16:45	12.99	-0.01	13	16887	卖盘
14:16:36	13.0	--	54	70928	卖盘
14:16:30	13.0	--	5	6500	卖盘
14:16:24	13.0	--	1	1300	卖盘
14:16:18	13.0	--	69	89700	卖盘
14:15:51	13.0	-0.01	39	50700	卖盘
14:15:42	13.01	--	35	45535	买盘
14:15:39	13.01	--	15	19515	买盘
14:15:36	13.01	--	1	1301	买盘
14:15:33	13.01	0.01	5	6505	买盘
14:15:18	13.0	-0.01	26	33800	卖盘
14:15:15	13.01	--	13	16913	卖盘
14:14:57	13.01	--	10	13010	卖盘
14:14:39	13.01	--	5	6505	卖盘
14:14:33	13.01	0.01	60	78060	买盘
14:14:30	13.0	-0.01	40	52000	卖盘
14:14:21	13.01	--	8	10408	卖盘
14:14:15	13.01	--	37	48137	卖盘
14:14:12	13.01	-0.01	50	65050	卖盘
14:14:03	13.02	--	20	26040	买盘
14:13:57	13.02	--	4	5208	买盘
14:13:45	13.02	0.01	10	13020	买盘
14:13:12	13.01	0.01	5	6505	中性盘
14:12:54	13.0	-0.02	39	50700	卖盘
14:12:51	13.02	--	2	2604	卖盘
14:12:48	13.02	--	55	71610	买盘
14:12:27	13.02	0.01	60	78120	买盘
14:12:12	13.01	--	3	3903	买盘
14:11:54	13.01	--	12	15612	卖盘
14:11:48	13.01	--	10	13010	卖盘
14:11:42	13.01	-0.01	32	41632	卖盘
14:11:30	13.02	0.01	4	5208	买盘
14:11:12	13.01	--	52	67652	卖盘
14:11:00	13.01	-0.01	16	20816	卖盘
14:10:51	13.02	--	13	16926	卖盘
14:10:48	13.02	--	2	2604	卖盘
14:10:45	13.02	--	20	26040	卖盘
14:10:39	13.02	--	20	26040	卖盘
14:10:33	13.02	--	1	1302	卖盘
14:10:12	13.02	--	1	1302	买盘
14:10:06	13.02	0.01	4	5208	买盘
14:09:48	13.01	--	21	27321	卖盘
14:09:45	13.01	--	6	7806	卖盘
14:09:18	13.01	--	5	6505	卖盘
14:09:15	13.01	-0.01	40	52040	卖盘
14:09:12	13.02	0.01	95	123690	买盘
14:08:51	13.01	--	16	20816	卖盘
14:08:39	13.01	--	7	9107	卖盘
14:08:12	13.01	-0.01	5	6505	卖盘
14:08:06	13.02	0.01	8	10416	买盘
14:08:03	13.01	-0.01	40	52040	卖盘
14:08:00	13.02	--	112	145824	买盘
14:07:51	13.02	0.01	5	6510	买盘
14:07:48	13.01	-0.01	10	13010	卖盘
14:07:42	13.02	--	12	15624	买盘
14:07:39	13.02	--	2	2604	买盘
14:07:24	13.02	--	15	19530	买盘
14:07:15	13.02	--	5	6510	买盘
14:06:54	13.02	--	3	3906	买盘
14:06:42	13.02	--	9	11718	买盘
14:06:39	13.02	--	20	26040	买盘
14:06:24	13.02	--	8	10416	买盘
14:05:57	13.02	--	3	3906	买盘
14:05:42	13.02	--	10	13020	买盘
14:05:24	13.02	--	8	10416	卖盘
14:05:15	13.02	--	13	16926	买盘
14:05:00	13.02	0.01	14	18228	买盘
14:04:45	13.01	--	35	45535	卖盘
14:04:39	13.01	-0.01	1	1301	卖盘
14:04:30	13.02	0.01	25	32550	买盘
14:04:15	13.01	-0.01	10	13010	卖盘
14:04:09	13.02	--	69	89838	买盘
14:04:00	13.02	--	138	179676	买盘
14:03:57	13.02	0.01	74	96348	买盘
14:03:45	13.01	-0.01	10	13010	卖盘
14:03:27	13.02	0.01	106	138012	买盘
14:03:21	13.01	0.01	20	26020	买盘
14:03:09	13.0	-0.01	11	14300	卖盘
14:03:03	13.01	--	4	5204	买盘
14:02:39	13.01	0.01	10	13010	买盘
14:02:36	13.0	-0.01	6	7800	卖盘
14:02:33	13.01	--	5	6505	买盘
14:02:03	13.01	0.01	63	81963	买盘
14:01:54	13.0	--	10	13000	卖盘
14:01:33	13.0	--	42	54600	卖盘
14:00:39	13.0	-0.01	20	26000	卖盘
14:00:15	13.01	--	44	57244	买盘
14:00:09	13.01	--	2	2602	买盘
13:59:48	13.01	--	48	63735	卖盘
13:59:33	13.01	-0.01	10	13010	卖盘
13:59:30	13.02	0.01	3	3906	买盘
13:59:09	13.01	--	0	13	卖盘
13:59:06	13.01	--	21	27321	卖盘
13:59:00	13.01	0.01	12	15612	买盘
13:58:54	13.0	-0.01	1	1300	卖盘
13:58:45	13.01	--	1	1301	买盘
13:58:36	13.01	0.01	3	3903	买盘
13:58:33	13.0	-0.01	25	32500	卖盘
13:58:27	13.01	--	15	19515	买盘
13:58:18	13.01	--	1	1301	买盘
13:57:57	13.01	--	5	6505	买盘
13:57:54	13.01	--	14	18214	买盘
13:57:27	13.01	--	13	16913	买盘
13:57:09	13.01	0.01	40	52040	买盘
13:57:06	13.0	--	1	1300	卖盘
13:56:57	13.0	-0.01	23	29900	卖盘
13:56:45	13.01	0.01	50	65050	买盘
13:56:39	13.0	--	20	26000	卖盘
13:56:33	13.0	--	1	1300	卖盘
13:56:27	13.0	--	34	44200	卖盘
13:56:12	13.0	--	2	2600	卖盘
13:56:06	13.0	--	10	13000	卖盘
13:56:00	13.0	--	5	6500	卖盘
13:55:36	13.0	--	16	21372	买盘
13:55:21	13.0	--	1	1300	买盘
13:55:15	13.0	--	67	87100	买盘
13:55:09	13.0	--	4	5200	买盘
13:55:06	13.0	--	3	3900	买盘
13:54:57	13.0	0.01	3	3900	买盘
13:54:54	12.99	-0.01	2	2598	卖盘
13:54:48	13.0	--	12	15600	买盘
13:54:36	13.0	--	3	3900	买盘
13:54:30	13.0	--	20	26000	买盘
13:54:24	13.0	--	2	2600	买盘
13:54:03	13.0	0.01	16	20800	买盘
13:53:51	12.99	-0.01	30	38970	卖盘
13:53:48	13.0	--	4	5200	买盘
13:53:36	13.0	--	4	5200	买盘
13:53:18	13.0	--	45	59228	卖盘
13:53:12	13.0	-0.01	84	109200	卖盘
13:53:09	13.01	0.01	24	31224	买盘
13:53:03	13.0	--	10	13000	卖盘
13:53:00	13.0	--	5	6500	卖盘
13:52:48	13.0	--	2	2600	卖盘
13:52:18	13.0	-0.01	25	33072	卖盘
13:52:09	13.01	0.01	3	3903	买盘
13:51:54	13.0	-0.01	5	6500	卖盘
13:51:27	13.01	0.01	1	1301	买盘
13:51:21	13.0	--	10	13000	卖盘
13:51:06	13.0	-0.01	15	19500	卖盘
13:50:48	13.01	--	9	11709	买盘
13:50:36	13.01	0.01	10	13010	买盘
13:50:30	13.0	-0.01	13	16900	卖盘
13:50:24	13.01	--	6	7806	买盘
13:50:12	13.01	-0.01	74	96274	卖盘
13:50:03	13.02	0.01	11	14322	买盘
13:50:00	13.01	--	30	39030	卖盘
13:49:51	13.01	--	1	1301	卖盘
13:49:42	13.01	--	38	49438	卖盘
13:49:36	13.01	--	40	52040	卖盘
13:49:15	13.01	--	5	6505	卖盘
13:49:12	13.01	--	30	39030	买盘
13:48:51	13.01	-0.01	65	84565	卖盘
13:48:45	13.02	0.01	2	2604	买盘
13:48:42	13.01	-0.01	80	104080	卖盘
13:48:24	13.02	-0.01	48	62496	卖盘
13:48:18	13.03	0.01	5	6515	买盘
13:48:09	13.02	-0.01	5	6510	卖盘
13:48:06	13.03	0.01	10	13030	买盘
13:47:48	13.02	--	9	11718	卖盘
13:47:42	13.02	-0.01	64	83328	卖盘
13:47:30	13.03	0.01	112	145936	买盘
13:47:21	13.02	-0.01	9	11718	卖盘
13:47:18	13.03	0.01	10	13030	买盘
13:47:12	13.02	--	22	28644	卖盘
13:47:06	13.02	--	1	1302	卖盘
13:46:57	13.02	--	5	6510	卖盘
13:46:33	13.02	--	1	1302	卖盘
13:46:27	13.02	--	20	26040	卖盘
13:46:21	13.02	--	2	2604	卖盘
13:46:09	13.02	0.01	6	7812	买盘
13:46:06	13.01	-0.01	4	5204	卖盘
13:46:03	13.02	--	8	10416	买盘
13:45:48	13.02	0.01	10	13020	买盘
13:45:30	13.01	--	5	6505	卖盘
13:45:27	13.01	--	3	3903	卖盘
13:45:21	13.01	--	5	6505	卖盘
13:44:36	13.01	-0.01	10	13010	卖盘
13:44:33	13.02	--	5	6510	买盘
13:44:18	13.02	0.01	11	14322	买盘
13:44:00	13.01	0.01	225	292725	买盘
13:43:57	13.0	--	106	137800	卖盘
13:43:24	13.0	--	9	11700	卖盘
13:43:18	13.0	--	81	105300	买盘
13:43:06	13.0	--	10	13000	买盘
13:43:00	13.0	0.01	10	13000	买盘
13:42:57	12.99	-0.01	1	1299	卖盘
13:42:54	13.0	--	30	39000	买盘
13:42:42	13.0	--	20	26000	买盘
13:42:30	13.0	--	30	39000	买盘
13:42:24	13.0	--	60	78000	买盘
13:42:15	13.0	--	10	13000	买盘
13:42:12	13.0	--	5	6500	买盘
13:42:09	13.0	--	5	6500	买盘
13:42:06	13.0	--	2	2600	买盘
13:41:33	13.0	--	15	19500	买盘
13:41:30	13.0	0.01	4	5200	买盘
13:41:27	12.99	--	46	59754	卖盘
13:41:15	12.99	--	30	38970	卖盘
13:41:03	12.99	--	24	31176	买盘
13:40:57	12.99	--	6	7794	卖盘
13:40:45	12.99	--	16	20784	卖盘
13:39:57	12.99	--	90	116910	买盘
13:39:39	12.99	--	15	19485	卖盘
13:39:36	12.99	-0.01	27	35073	卖盘
13:39:33	13.0	--	9	11700	买盘
13:39:30	13.0	0.01	4	5200	买盘
13:39:27	12.99	-0.01	3	3897	卖盘
13:39:24	13.0	--	3	3900	买盘
13:39:15	13.0	0.01	32	41600	买盘
13:39:09	12.99	--	2	2598	卖盘
13:39:03	12.99	--	53	68847	买盘
13:39:00	12.99	--	3	3897	买盘
13:38:48	12.99	--	1	1299	买盘
13:38:45	12.99	--	6	7794	买盘
13:38:24	12.99	--	10	12990	买盘
13:38:21	12.99	--	8	10392	卖盘
13:38:12	12.99	-0.01	100	129900	卖盘
13:38:03	13.0	--	25	32500	买盘
13:37:57	13.0	0.01	16	20800	买盘
13:37:51	12.99	-0.01	8	10392	卖盘
13:37:39	13.0	--	25	32500	买盘
13:37:33	13.0	--	69	89700	买盘
13:37:15	13.0	-0.02	128	166400	卖盘
13:37:06	13.02	0.02	8	10416	买盘
13:37:03	13.0	-0.01	2	2600	卖盘
13:36:54	13.01	--	9	11709	买盘
13:36:45	13.01	--	5	6505	买盘
13:36:33	13.01	--	1	1301	买盘
13:36:30	13.01	0.01	1	1301	买盘
13:36:03	13.0	--	5	6500	卖盘
13:36:00	13.0	-0.01	1	1300	卖盘
13:35:57	13.01	0.01	1	1301	买盘
13:35:54	13.0	--	2	2600	卖盘
13:35:45	13.0	--	43	55900	买盘
13:35:36	13.0	--	4	5200	买盘
13:35:33	13.0	-0.01	3	3900	卖盘
13:35:27	13.01	0.01	6	7806	买盘
13:35:09	13.0	--	5	6500	买盘
13:35:03	13.0	--	3	3900	买盘
13:34:57	13.0	--	6	7800	买盘
13:34:51	13.0	-0.01	287	373100	卖盘
13:34:42	13.01	--	39	50739	买盘
13:34:39	13.01	-0.02	20	26020	中性盘
13:34:27	13.03	0.03	301	392203	买盘
13:34:06	13.0	--	287	373100	卖盘
13:33:57	13.0	--	10	13000	卖盘
13:33:54	13.0	--	6	7800	卖盘
13:33:51	13.0	--	2	2600	卖盘
13:33:21	13.0	--	210	273000	卖盘
13:33:18	13.0	--	30	39000	卖盘
13:33:15	13.0	--	8	10400	卖盘
13:33:09	13.0	--	55	71500	买盘
13:32:42	13.0	0.01	10	13000	买盘
13:32:24	12.99	--	5	6495	卖盘
13:32:06	12.99	-0.01	45	58455	卖盘
13:31:57	13.0	-0.02	572	743600	卖盘
13:31:54	13.02	--	89	115878	买盘
13:31:45	13.02	0.01	2	2604	买盘
13:31:36	13.01	-0.01	7	9107	卖盘
13:31:30	13.02	0.01	20	26040	买盘
13:30:51	13.01	--	10	13010	卖盘
13:30:42	13.01	-0.01	1	1301	卖盘
13:30:39	13.02	0.01	10	13020	买盘
13:30:36	13.01	-0.01	20	26020	卖盘
13:30:18	13.02	--	16	20832	买盘
13:29:51	13.02	0.01	10	13020	买盘
13:29:42	13.01	-0.01	35	45535	卖盘
13:29:39	13.02	--	3	3906	买盘
13:29:33	13.02	--	21	27342	卖盘
13:29:27	13.02	--	4	5208	买盘
13:29:21	13.02	--	10	13020	买盘
13:29:15	13.02	0.01	173	225246	买盘
13:29:12	13.01	--	30	39030	卖盘
13:29:00	13.01	--	20	26020	买盘
13:28:51	13.01	0.01	40	52040	买盘
13:28:42	13.0	--	163	211900	买盘
13:28:39	13.0	--	1	1300	买盘
13:28:27	13.0	--	35	45500	买盘
13:28:21	13.0	--	50	65000	买盘
13:28:06	13.0	--	10	13000	买盘
13:27:51	13.0	--	27	35100	买盘
13:27:48	13.0	--	66	85800	买盘
13:27:39	13.0	0.01	4	5200	买盘
13:27:21	12.99	0.01	46	59754	买盘
13:27:15	12.98	--	15	19470	卖盘
13:27:06	12.98	--	14	18172	买盘
13:27:00	12.98	--	9	11682	买盘
13:26:54	12.98	--	50	64900	买盘
13:26:48	12.98	-0.01	23	29854	卖盘
13:26:42	12.99	0.01	2	2598	买盘
13:26:36	12.98	--	51	66198	卖盘
13:26:30	12.98	--	21	27258	卖盘
13:26:27	12.98	--	11	14278	买盘
13:26:24	12.98	--	6	7788	买盘
13:26:21	12.98	--	2	2596	买盘
13:26:18	12.98	--	5	6490	买盘
13:26:06	12.98	--	30	38940	买盘
13:26:03	12.98	--	363	471174	卖盘
13:25:57	12.98	-0.01	3	3894	卖盘
13:25:54	12.99	0.01	47	61053	中性盘
13:25:42	12.98	-0.02	225	292050	卖盘
13:25:39	13.0	--	10	13000	买盘
13:25:36	13.0	0.01	86	111800	买盘
13:25:30	12.99	--	8	10392	卖盘
13:25:27	12.99	--	10	12990	卖盘
13:25:18	12.99	--	3	3897	卖盘
13:25:06	12.99	--	5	6495	卖盘
13:25:03	12.99	--	22	28578	卖盘
13:25:00	12.99	--	1	1299	卖盘
13:24:48	12.99	--	155	201345	卖盘
13:24:45	12.99	--	5	6495	卖盘
13:24:27	12.99	-0.01	1	1299	卖盘
13:24:18	13.0	--	157	204100	卖盘
13:24:15	13.0	-0.01	4	5200	卖盘
13:24:00	13.01	--	2	2602	买盘
13:23:42	13.01	-0.01	10	13010	中性盘
13:23:27	13.02	--	22	28644	卖盘
13:23:15	13.02	-0.01	20	26040	卖盘
13:23:12	13.03	0.01	20	26060	买盘
13:23:06	13.02	-0.01	9	11718	卖盘
13:23:03	13.03	0.01	28	36484	买盘
13:22:51	13.02	0.02	1	1302	中性盘
13:22:33	13.0	-0.03	29	37700	卖盘
13:22:09	13.03	--	50	65150	买盘
13:21:57	13.03	0.02	29	37787	买盘
13:21:54	13.01	--	10	13010	卖盘
13:21:51	13.01	-0.01	18	23418	卖盘
13:21:48	13.02	0.01	5	6510	买盘
13:21:45	13.01	-0.01	2	2602	卖盘
13:21:39	13.02	--	35	45570	买盘
13:21:15	13.02	--	1	1302	买盘
13:20:57	13.02	--	15	19530	买盘
13:20:48	13.02	0.01	7	9114	买盘
13:20:42	13.01	--	1	1301	卖盘
13:20:39	13.01	-0.02	12	15612	卖盘
13:20:06	13.03	0.02	10	13030	买盘
13:20:00	13.01	-0.02	15	19515	卖盘
13:19:54	13.03	0.03	10	13030	买盘
13:19:45	13.0	-0.03	5	6500	卖盘
13:19:39	13.03	--	4	5212	买盘
13:19:30	13.03	0.03	4	5212	买盘
13:19:27	13.0	--	5	6500	中性盘
13:19:15	13.0	--	10	13000	中性盘
13:19:00	13.0	--	24	31200	卖盘
13:18:51	13.0	--	5	6500	卖盘
13:18:42	13.0	0.02	1	1300	卖盘
13:18:39	12.98	-0.01	6	7788	卖盘
13:18:36	12.99	--	5	6495	卖盘
13:18:33	12.99	--	10	12990	卖盘
13:18:27	12.99	--	10	12990	买盘
13:18:18	12.99	--	73	94827	买盘
13:18:06	12.99	-0.05	40	51960	卖盘
13:18:00	13.04	0.04	200	260799	买盘
13:17:54	13.0	--	68	88400	买盘
13:17:51	13.0	--	5	6500	买盘
13:17:48	13.0	0.01	5	6500	买盘
13:17:36	12.99	--	8	10392	卖盘
13:17:27	12.99	-0.01	30	38970	卖盘
13:17:18	13.0	--	9	11700	买盘
13:17:15	13.0	--	10	13000	买盘
13:17:12	13.0	--	50	65000	买盘
13:17:06	13.0	--	110	143000	买盘
13:17:03	13.0	--	28	36400	买盘
13:17:00	13.0	--	33	42900	买盘
13:16:57	13.0	--	7	9100	买盘
13:16:51	13.0	-0.03	70	91000	卖盘
13:16:39	13.03	0.03	13	16939	买盘
13:16:30	13.0	-0.01	500	650000	卖盘
13:16:24	13.01	--	17	22117	买盘
13:16:21	13.01	--	81	105381	买盘
13:16:18	13.01	-0.02	202	262802	卖盘
13:16:12	13.03	--	8	10424	买盘
13:16:09	13.03	--	30	39090	买盘
13:16:03	13.03	0.02	316	411748	买盘
13:16:00	13.01	--	2	2602	卖盘
13:15:51	13.01	0.01	1	1301	中性盘
13:15:30	13.0	--	12	15600	买盘
13:15:24	13.0	0.01	5	6500	买盘
13:15:21	12.99	-0.01	1	1299	卖盘
13:15:15	13.0	--	23	29900	买盘
13:15:09	13.0	--	22	28600	买盘
13:15:06	13.0	-0.01	748	972400	卖盘
13:14:57	13.01	-0.02	250	325250	中性盘
13:14:51	13.03	0.03	30	39090	买盘
13:14:42	13.0	-0.01	200	260000	卖盘
13:14:33	13.01	-0.02	200	260200	卖盘
13:14:27	13.03	-0.01	103	134209	卖盘
13:14:09	13.04	--	34	44336	卖盘
13:13:57	13.04	-0.01	200	260799	卖盘
13:13:54	13.05	--	7	9135	卖盘
13:13:48	13.05	--	39	50895	卖盘
13:13:45	13.05	-0.01	4	5220	卖盘
13:13:30	13.06	0.02	38	49628	买盘
13:13:24	13.04	-0.01	20	26080	卖盘
13:13:18	13.05	--	4	5220	买盘
13:13:15	13.05	0.01	10	13050	买盘
13:13:12	13.04	-0.01	127	165608	卖盘
13:13:03	13.05	--	13	16965	卖盘
13:13:00	13.05	-0.01	7	9135	卖盘
13:12:36	13.06	-0.02	158	207079	卖盘
13:12:27	13.08	--	28	36624	买盘
13:12:21	13.08	0.01	23	30084	买盘
13:12:18	13.07	-0.01	3	3921	卖盘
13:12:12	13.08	0.01	7	9156	中性盘
13:12:03	13.07	--	801	1046907	卖盘
13:12:00	13.07	-0.01	20	26140	卖盘
13:11:54	13.08	0.01	80	104640	买盘
13:11:51	13.07	-0.01	3	3921	卖盘
13:11:48	13.08	0.01	46	60168	买盘
13:11:45	13.07	--	20	26140	卖盘
13:11:36	13.07	--	71	93372	买盘
13:11:33	13.07	0.01	85	111095	买盘
13:11:30	13.06	-0.01	13	16978	卖盘
13:11:27	13.07	--	67	87569	买盘
13:11:21	13.07	--	2	2614	买盘
13:11:12	13.07	0.01	33	43131	买盘
13:11:09	13.06	--	53	69218	卖盘
13:11:03	13.06	-0.01	2	2612	卖盘
13:10:57	13.07	0.01	25	32675	买盘
13:10:45	13.06	0.01	19	24814	买盘
13:10:42	13.05	--	61	79605	卖盘
13:10:30	13.05	--	1	1305	卖盘
13:10:27	13.05	--	222	289710	买盘
13:10:24	13.05	--	5	6525	买盘
13:10:18	13.05	--	5	6525	买盘
13:10:09	13.05	--	20	26100	买盘
13:10:06	13.05	--	1	1305	买盘
13:10:00	13.05	--	5	6525	买盘
13:09:57	13.05	--	10	13050	买盘
13:09:54	13.05	--	10	13050	买盘
13:09:51	13.05	0.02	1	1305	买盘
13:09:48	13.03	-0.02	214	278842	卖盘
13:09:45	13.05	--	30	39150	买盘
13:09:42	13.05	--	3	3915	买盘
13:09:39	13.05	--	47	61335	买盘
13:09:33	13.05	--	30	39150	买盘
13:09:27	13.05	--	20	26100	买盘
13:09:24	13.05	0.02	51	66555	买盘
13:09:15	13.03	--	1	1303	卖盘
13:09:06	13.03	--	30	39090	卖盘
13:08:51	13.03	--	112	145936	买盘
13:08:48	13.03	--	42	54726	买盘
13:08:45	13.03	--	2	2606	买盘
13:08:18	13.03	-0.02	68	88604	卖盘
13:08:15	13.05	--	50	65250	买盘
13:08:09	13.05	--	2	2610	买盘
13:08:03	13.05	--	8	10440	买盘
13:07:21	13.05	-0.01	56	73080	卖盘
13:07:18	13.06	--	8	10448	买盘
13:07:15	13.06	--	35	45710	买盘
13:07:12	13.06	0.01	5	6530	买盘
13:07:09	13.05	-0.01	200	261000	卖盘
13:07:03	13.06	--	1	1306	买盘
13:07:00	13.06	--	66	86196	卖盘
13:06:54	13.06	-0.01	20	26120	卖盘
13:06:48	13.07	-0.01	73	95411	卖盘
13:06:24	13.08	--	1	1308	卖盘
13:06:21	13.08	--	21	27468	卖盘
13:06:12	13.08	--	10	13080	卖盘
13:06:09	13.08	-0.01	10	13080	卖盘
13:05:57	13.09	-0.01	3	3927	卖盘
13:05:54	13.1	0.02	5	6550	买盘
13:05:36	13.08	-0.02	1	1308	卖盘
13:05:30	13.1	0.02	8	10480	买盘
13:05:24	13.08	--	15	19620	卖盘
13:05:21	13.08	-0.02	60	78480	卖盘
13:05:18	13.1	0.02	50	65500	买盘
13:05:12	13.08	-0.02	5	6540	卖盘
13:05:06	13.1	0.01	202	264620	买盘
13:04:57	13.09	0.01	20	26180	买盘
13:04:51	13.08	--	3	3924	卖盘
13:04:36	13.08	--	11	14388	买盘
13:04:33	13.08	-0.01	7	9156	卖盘
13:04:27	13.09	--	8	10472	买盘
13:04:21	13.09	0.01	5	6545	买盘
13:04:18	13.08	-0.01	45	58860	卖盘
13:04:15	13.09	--	2	2618	买盘
13:04:09	13.09	--	15	19635	买盘
13:04:03	13.09	--	1	1309	卖盘
13:04:00	13.09	--	18	23562	卖盘
13:03:57	13.09	--	35	45815	卖盘
13:03:42	13.09	0.01	181	236929	买盘
13:03:33	13.08	--	91	119028	买盘
13:03:30	13.08	0.01	20	26160	买盘
13:03:27	13.07	-0.01	2	2614	卖盘
13:03:24	13.08	--	41	53628	买盘
13:03:18	13.08	--	87	113796	买盘
13:03:06	13.08	--	23	30084	卖盘
13:03:03	13.08	--	50	65400	卖盘
13:02:57	13.08	--	27	35316	买盘
13:02:45	13.08	--	10	13080	买盘
13:02:42	13.08	--	50	65400	买盘
13:02:33	13.08	0.01	3	3924	买盘
13:02:24	13.07	-0.01	5	6535	卖盘
13:02:18	13.08	--	55	71940	买盘
13:02:12	13.08	0.01	50	65400	买盘
13:02:06	13.07	--	2	2614	卖盘
13:02:03	13.07	0.01	32	41824	买盘
13:02:00	13.06	-0.01	10	13060	卖盘
13:01:57	13.07	0.01	10	13070	买盘
13:01:48	13.06	--	4	5224	中性盘
13:01:39	13.06	--	33	43098	中性盘
13:01:33	13.06	--	15	19590	买盘
13:01:27	13.06	--	2	2612	买盘
13:01:21	13.06	--	20	26120	买盘
13:01:15	13.06	--	61	79666	买盘
13:01:12	13.06	-0.01	125	163250	卖盘
13:01:09	13.07	--	5	6535	买盘
13:01:03	13.07	--	11	14377	买盘
13:01:00	13.07	--	2	2614	买盘
13:00:51	13.07	0.01	32	41824	买盘
13:00:45	13.06	--	7	9142	买盘
13:00:39	13.06	--	3	3918	卖盘
13:00:36	13.06	-0.02	71	92726	卖盘
13:00:30	13.08	0.02	8	10464	买盘
13:00:27	13.06	-0.02	1	1306	中性盘
13:00:24	13.08	0.02	50	65400	买盘
13:00:21	13.06	0.01	3	3918	买盘
13:00:18	13.05	-0.01	10	13050	卖盘
13:00:15	13.06	--	5	6530	买盘
13:00:12	13.06	0.01	7	9142	买盘
13:00:09	13.05	--	4	5220	卖盘
13:00:06	13.05	0.05	641	836505	买盘
13:00:03	13.0	--	389	505700	买盘
13:00:00	13.0	--	0	0	买盘
11:30:00	13.0	0.01	10	13000	买盘
11:29:51	12.99	-0.01	5	6495	卖盘
11:29:39	13.0	--	26	33800	买盘
11:29:24	13.0	0.01	126	163800	买盘
11:29:09	12.99	--	1	1299	卖盘
11:29:06	12.99	-0.01	7	9093	卖盘
11:29:00	13.0	0.01	2	2600	买盘
11:28:57	12.99	--	26	33774	卖盘
11:28:42	12.99	--	10	12990	卖盘
11:28:36	12.99	-0.01	30	38970	卖盘
11:28:21	13.0	--	10	13000	买盘
11:28:09	13.0	0.01	4	5200	买盘
11:28:06	12.99	-0.01	50	64950	卖盘
11:28:03	13.0	--	2	2600	买盘
11:28:00	13.0	--	1	1300	买盘
11:27:36	13.0	--	15	19500	买盘
11:27:33	13.0	--	10	13000	买盘
11:26:39	13.0	0.01	2	2600	买盘
11:26:30	12.99	--	39	51687	买盘
11:26:27	12.99	--	10	12990	买盘
11:26:18	12.99	--	150	194850	买盘
11:26:15	12.99	0.01	10	12990	买盘
11:25:27	12.98	-0.01	210	272580	卖盘
11:25:12	12.99	--	9	11691	买盘
11:25:09	12.99	--	6	7794	买盘
11:25:06	12.99	0.01	13	16887	买盘
11:24:57	12.98	-0.01	1	1298	卖盘
11:24:54	12.99	--	100	129900	买盘
11:24:42	12.99	--	20	25980	买盘
11:24:39	12.99	0.01	4	5196	买盘
11:24:36	12.98	--	1	1298	卖盘
11:24:18	12.98	--	34	44132	卖盘
11:23:54	12.98	--	40	51920	卖盘
11:23:39	12.98	-0.01	8	10384	卖盘
11:23:21	12.99	0.01	1	1299	买盘
11:22:57	12.98	--	26	33748	卖盘
11:22:51	12.98	-0.01	19	24662	卖盘
11:22:36	12.99	0.01	5	6495	买盘
11:22:12	12.98	--	15	19470	卖盘
11:22:09	12.98	--	100	129800	卖盘
11:22:00	12.98	-0.01	21	27258	卖盘
11:21:39	12.99	--	15	19485	买盘
11:21:30	12.99	0.01	30	38970	买盘
11:21:15	12.98	--	2	2596	买盘
11:21:12	12.98	--	6	7788	买盘
11:21:03	12.98	--	13	16874	买盘
11:21:00	12.98	--	8	10384	买盘
11:20:48	12.98	0.01	5	6490	买盘
11:20:18	12.97	--	25	32425	卖盘
11:20:15	12.97	-0.01	56	72632	卖盘
11:20:06	12.98	0.01	5	6490	买盘
11:20:00	12.97	-0.01	1	1297	卖盘
11:19:57	12.98	--	10	12980	买盘
11:19:54	12.98	0.01	20	25960	买盘
11:19:36	12.97	--	60	77820	卖盘
11:19:12	12.97	0.01	60	77820	买盘
11:19:06	12.96	--	7	9072	买盘
11:19:00	12.96	--	10	12960	买盘
11:18:57	12.96	--	13	16848	卖盘
11:18:45	12.96	-0.01	5	6480	卖盘
11:18:12	12.97	--	34	44098	买盘
11:18:09	12.97	--	54	70038	买盘
11:17:57	12.97	0.01	5	6485	买盘
11:17:21	12.96	-0.01	100	129600	卖盘
11:17:06	12.97	--	30	38910	买盘
11:17:00	12.97	0.01	5	6485	买盘
11:16:48	12.96	--	20	25920	卖盘
11:16:42	12.96	-0.01	31	40176	卖盘
11:16:15	12.97	--	3	3891	买盘
11:16:06	12.97	0.01	40	51880	买盘
11:16:03	12.96	--	64	82944	卖盘
11:15:33	12.96	-0.01	1	1296	卖盘
11:15:30	12.97	0.01	1	1297	买盘
11:15:21	12.96	-0.01	11	14256	卖盘
11:15:15	12.97	--	4	5188	买盘
11:15:09	12.97	--	2	2594	买盘
11:15:00	12.97	--	2	2594	买盘
11:14:27	12.97	0.01	2	2594	买盘
11:14:12	12.96	--	4	5184	买盘
11:14:03	12.96	--	36	46656	卖盘
11:13:36	12.96	-0.01	3	3888	卖盘
11:13:33	12.97	--	31	40207	买盘
11:13:18	12.97	0.01	9	11673	买盘
11:13:15	12.96	-0.01	20	25920	卖盘
11:13:12	12.97	--	10	12970	买盘
11:13:00	12.97	0.01	27	35019	买盘
11:12:54	12.96	--	55	71280	卖盘
11:12:48	12.96	--	16	20736	卖盘
11:12:27	12.96	0.01	12	15552	买盘
11:12:06	12.95	--	9	11655	买盘
11:11:39	12.95	--	191	247345	卖盘
11:11:36	12.95	--	23	29785	卖盘
11:11:09	12.95	--	70	90650	卖盘
11:11:06	12.95	-0.01	22	28490	卖盘
11:10:57	12.96	--	2	2592	买盘
11:10:39	12.96	--	29	37584	卖盘
11:10:21	12.96	--	10	12960	卖盘
11:10:09	12.96	--	10	12960	卖盘
11:10:06	12.96	-0.01	5	6480	卖盘
11:10:03	12.97	0.01	5	6485	买盘
11:09:51	12.96	-0.01	3	3888	中性盘
11:09:36	12.97	0.01	7	9079	买盘
11:09:30	12.96	0.01	8	10368	中性盘
11:09:18	12.95	-0.01	5	6475	卖盘
11:09:06	12.96	--	77	99792	卖盘
11:08:57	12.96	--	2	2592	卖盘
11:08:54	12.96	--	3	3888	卖盘
11:08:51	12.96	0.01	43	55728	买盘
11:08:45	12.95	-0.01	20	25900	卖盘
11:08:42	12.96	--	50	64800	买盘
11:08:33	12.96	0.01	12	15552	买盘
11:08:30	12.95	-0.01	20	25900	卖盘
11:08:21	12.96	--	22	28512	中性盘
11:08:06	12.96	-0.01	20	25920	卖盘
11:08:00	12.97	0.01	22	28534	买盘
11:07:48	12.96	-0.01	16	20736	卖盘
11:07:36	12.97	0.01	3	3891	买盘
11:07:24	12.96	--	20	25920	卖盘
11:07:21	12.96	-0.01	10	12960	卖盘
11:07:12	12.97	--	29	37613	买盘
11:06:45	12.97	--	10	12970	买盘
11:06:39	12.97	0.01	4	5188	中性盘
11:06:18	12.96	-0.02	12	15552	卖盘
11:06:12	12.98	--	20	25960	买盘
11:06:09	12.98	0.02	5	6490	买盘
11:06:00	12.96	-0.02	4	5184	卖盘
11:05:45	12.98	0.02	14	18172	买盘
11:05:42	12.96	-0.01	23	29808	卖盘
11:05:39	12.97	--	10	12970	买盘
11:05:36	12.97	0.01	27	35019	买盘
11:05:27	12.96	--	2	2592	卖盘
11:05:09	12.96	-0.01	1	1296	卖盘
11:04:57	12.97	0.01	18	23346	买盘
11:04:54	12.96	--	56	72576	卖盘
11:04:45	12.96	--	3	3888	卖盘
11:04:36	12.96	0.01	183	237168	买盘
11:04:33	12.95	--	12	15540	卖盘
11:04:24	12.95	0.04	10	12950	中性盘
11:04:06	12.91	-0.05	99	127809	卖盘
11:04:00	12.96	0.02	50	64800	买盘
11:03:48	12.94	0.02	3	3882	买盘
11:03:45	12.92	-0.02	153	197727	卖盘
11:03:39	12.94	--	35	45290	买盘
11:03:33	12.94	-0.02	107	138458	卖盘
11:03:00	12.96	--	24	31104	卖盘
11:02:51	12.96	--	20	25920	买盘
11:02:45	12.96	--	1	1296	买盘
11:02:42	12.96	--	3	3888	买盘
11:02:36	12.96	0.01	4	5184	买盘
11:02:33	12.95	--	2	2590	卖盘
11:02:27	12.95	-0.01	5	6475	卖盘
11:02:24	12.96	0.01	6	7776	买盘
11:02:06	12.95	--	3	3885	卖盘
11:02:03	12.95	--	2	2590	卖盘
11:01:21	12.95	-0.02	39	50505	卖盘
11:01:12	12.97	--	80	103760	买盘
11:00:57	12.97	--	5	6485	买盘
11:00:42	12.97	--	7	9079	买盘
11:00:39	12.97	--	6	7782	买盘
11:00:18	12.97	0.03	200	259400	买盘
11:00:15	12.94	--	25	32350	卖盘
11:00:06	12.94	--	4	5176	买盘
10:59:57	12.94	--	3	3882	买盘
10:59:45	12.94	--	37	47878	卖盘
10:59:36	12.94	--	10	12940	卖盘
10:59:27	12.94	--	8	10352	卖盘
10:59:06	12.94	--	13	16822	中性盘
10:58:54	12.94	--	5	6470	买盘
10:58:33	12.94	-0.03	5	6470	卖盘
10:58:21	12.97	0.06	1	1297	买盘
10:58:18	12.91	--	2	2582	卖盘
10:58:09	12.91	--	3	3873	买盘
10:58:03	12.91	--	5	6455	买盘
10:58:00	12.91	--	14	18074	买盘
10:57:57	12.91	--	41	52931	卖盘
10:57:54	12.91	0.01	80	103280	买盘
10:57:51	12.9	-0.01	250	322500	卖盘
10:57:48	12.91	0.01	20	25820	买盘
10:57:42	12.9	-0.01	5	6450	卖盘
10:57:36	12.91	0.01	130	167830	中性盘
10:57:27	12.9	-0.03	250	322500	卖盘
10:57:15	12.93	0.02	5	6465	买盘
10:57:06	12.91	-0.02	200	258200	卖盘
10:57:00	12.93	--	100	129300	买盘
10:56:57	12.93	0.02	3	3879	买盘
10:56:54	12.91	-0.02	200	258200	卖盘
10:56:51	12.93	--	6	7758	买盘
10:56:48	12.93	--	5	6465	买盘
10:56:45	12.93	-0.02	74	95682	卖盘
10:56:42	12.95	0.02	12	15540	买盘
10:56:39	12.93	-0.02	40	51720	卖盘
10:56:30	12.95	-0.01	22	28490	卖盘
10:56:24	12.96	0.01	3	3888	买盘
10:56:12	12.95	0.04	82	106190	买盘
10:56:06	12.91	-0.01	200	258200	卖盘
10:55:48	12.92	--	37	48902	买盘
10:55:45	12.92	--	10	12920	买盘
10:55:39	12.92	-0.01	1	1292	买盘
10:55:24	12.93	--	10	12930	买盘
10:55:21	12.93	0.01	318	411174	买盘
10:54:45	12.92	--	83	107236	买盘
10:54:33	12.92	--	1	1292	买盘
10:54:27	12.92	0.01	36	46512	中性盘
10:54:15	12.91	-0.02	195	251745	卖盘
10:54:12	12.93	0.01	8	10344	买盘
10:54:06	12.92	-0.01	160	206720	卖盘
10:54:03	12.93	--	2	2586	买盘
10:53:57	12.93	--	269	348010	卖盘
10:53:45	12.93	-0.02	156	201708	卖盘
10:53:42	12.95	0.02	2	2590	买盘
10:53:30	12.93	--	150	195049	卖盘
10:53:18	12.93	--	3	3879	卖盘
10:53:12	12.93	--	1	1293	卖盘
10:53:09	12.93	-0.01	32	41376	卖盘
10:53:06	12.94	--	1	1294	买盘
10:53:03	12.94	0.01	9	11646	买盘
10:52:54	12.93	-0.01	30	38790	卖盘
10:52:51	12.94	--	20	25880	买盘
10:52:48	12.94	0.01	49	63406	买盘
10:52:39	12.93	-0.01	24	31032	卖盘
10:52:33	12.94	--	10	12940	买盘
10:52:30	12.94	--	10	12940	买盘
10:52:27	12.94	--	10	12940	买盘
10:52:21	12.94	--	5	6470	买盘
10:52:18	12.94	--	2	2588	买盘
10:52:15	12.94	--	5	6470	买盘
10:52:12	12.94	0.01	4	5176	买盘
10:52:09	12.93	-0.01	2	2586	卖盘
10:52:06	12.94	--	21	27174	买盘
10:52:03	12.94	--	55	71170	买盘
10:52:00	12.94	--	45	58230	买盘
10:51:45	12.94	--	8	10352	买盘
10:51:30	12.94	0.01	4	5176	买盘
10:51:24	12.93	--	6	7758	买盘
10:51:18	12.93	--	63	81459	卖盘
10:51:15	12.93	--	99	128007	卖盘
10:51:12	12.93	--	130	168090	卖盘
10:51:03	12.93	-0.01	17	21981	卖盘
10:50:48	12.94	--	63	81522	买盘
10:50:36	12.94	--	4	5176	买盘
10:50:33	12.94	--	1	1294	买盘
10:50:27	12.94	--	3	3882	买盘
10:50:15	12.94	--	4	5176	买盘
10:50:12	12.94	--	10	12940	卖盘
10:50:09	12.94	0.01	20	25880	买盘
10:50:03	12.93	--	3	3879	卖盘
10:49:54	12.93	--	124	160332	卖盘
10:49:51	12.93	--	2	2586	卖盘
10:49:45	12.93	-0.01	131	169383	卖盘
10:49:42	12.94	--	124	160456	买盘
10:49:30	12.94	--	2	2588	买盘
10:49:27	12.94	--	1	1294	买盘
10:49:24	12.94	--	135	174690	买盘
10:49:15	12.94	--	14	18116	买盘
10:49:03	12.94	--	9	11646	卖盘
10:49:00	12.94	-0.01	11	14234	卖盘
10:48:36	12.95	0.03	1	1295	买盘
10:48:33	12.92	-0.01	120	155040	卖盘
10:48:27	12.93	--	44	56892	卖盘
10:48:24	12.93	--	130	168090	卖盘
10:48:21	12.93	--	7	9051	买盘
10:48:15	12.93	-0.01	114	147402	卖盘
10:48:09	12.94	--	161	208334	买盘
10:48:03	12.94	--	42	54348	买盘
10:47:42	12.94	--	18	23292	卖盘
10:47:12	12.94	--	10	12940	卖盘
10:46:57	12.94	-0.01	3	3882	卖盘
10:46:54	12.95	0.01	3	3885	买盘
10:46:51	12.94	-0.01	28	36232	卖盘
10:46:33	12.95	--	56	72520	卖盘
10:46:30	12.95	-0.01	1	1295	卖盘
10:46:09	12.96	0.01	10	12960	买盘
10:46:06	12.95	--	200	259000	卖盘
10:45:54	12.95	--	12	15540	买盘
10:45:51	12.95	-0.01	188	243460	卖盘
10:45:42	12.96	-0.01	149	194127	卖盘
10:45:39	12.97	--	10	13242	买盘
10:45:33	12.97	--	19	25667	卖盘
10:45:24	12.97	0.01	0	272	买盘
10:45:18	12.96	-0.01	16	20736	卖盘
10:44:54	12.97	-0.01	9	12697	卖盘
10:44:51	12.98	--	77	99946	买盘
10:44:48	12.98	0.01	32	41536	买盘
10:44:45	12.97	-0.01	44	57068	卖盘
10:44:21	12.98	--	100	129800	买盘
10:44:18	12.98	-0.01	107	138886	卖盘
10:44:09	12.99	--	59	76641	卖盘
10:44:00	12.99	--	16	20784	卖盘
10:43:36	12.99	--	23	29877	买盘
10:43:06	12.99	0.01	15	19485	买盘
10:42:21	12.98	-0.01	1	1298	中性盘
10:42:15	12.99	-0.01	1	1299	中性盘
10:42:06	13.0	0.01	30	39000	买盘
10:42:00	12.99	0.02	1	1299	买盘
10:41:54	12.97	--	11	14539	卖盘
10:41:39	12.97	-0.02	3	3891	卖盘
10:41:21	12.99	0.01	20	25980	买盘
10:41:18	12.98	--	115	149270	卖盘
10:41:15	12.98	--	5	6490	卖盘
10:41:09	12.98	--	1	1298	卖盘
10:41:03	12.98	-0.01	5	6490	卖盘
10:41:00	12.99	--	2	2598	买盘
10:40:57	12.99	--	4	5196	买盘
10:40:48	12.99	--	40	51960	买盘
10:40:21	12.99	0.01	92	119508	买盘
10:40:09	12.98	0.01	82	106436	买盘
10:39:57	12.97	--	20	25940	卖盘
10:39:51	12.97	--	7	9079	卖盘
10:39:45	12.97	--	13	16861	卖盘
10:39:42	12.97	0.01	29	37613	买盘
10:39:39	12.96	--	10	12960	卖盘
10:39:36	12.96	-0.01	8	10368	卖盘
10:39:24	12.97	--	51	66147	买盘
10:39:21	12.97	--	26	33722	买盘
10:39:18	12.97	--	20	25940	买盘
10:39:15	12.97	--	145	188065	买盘
10:39:12	12.97	--	10	12970	买盘
10:39:03	12.97	--	2	2594	买盘
10:38:57	12.97	--	85	110245	买盘
10:38:54	12.97	--	74	95978	买盘
10:38:39	12.97	--	50	64850	买盘
10:38:33	12.97	--	23	29831	买盘
10:38:18	12.97	--	6	7782	买盘
10:38:15	12.97	--	5	6485	买盘
10:38:12	12.97	--	49	63553	买盘
10:38:00	12.97	--	3	3891	买盘
10:37:57	12.97	--	50	64850	买盘
10:37:54	12.97	--	38	49286	买盘
10:37:51	12.97	--	59	76523	买盘
10:37:45	12.97	--	100	129700	买盘
10:37:36	12.97	--	56	72632	买盘
10:37:30	12.97	0.01	2	2594	买盘
10:37:15	12.96	--	2	2592	卖盘
10:37:09	12.96	--	22	28512	买盘
10:37:06	12.96	0.01	2	2592	买盘
10:37:03	12.95	--	1	1295	卖盘
10:36:57	12.95	-0.01	21	27195	卖盘
10:36:54	12.96	--	2	2592	买盘
10:36:51	12.96	0.01	11	14256	买盘
10:36:45	12.95	-0.01	53	68635	卖盘
10:36:42	12.96	--	63	81648	买盘
10:36:33	12.96	--	17	22032	卖盘
10:36:24	12.96	-0.01	52	67392	卖盘
10:36:15	12.97	--	7	9079	买盘
10:36:12	12.97	-0.01	48	62256	卖盘
10:35:42	12.98	0.01	20	25960	买盘
10:35:36	12.97	--	3	3891	卖盘
10:35:33	12.97	--	51	66147	卖盘
10:35:24	12.97	-0.01	10	12970	卖盘
10:35:03	12.98	--	3	3894	买盘
10:34:33	12.98	0.01	4	5192	买盘
10:34:09	12.97	--	14	18158	买盘
10:33:51	12.97	--	1	1297	买盘
10:33:39	12.97	--	43	55771	卖盘
10:33:18	12.97	-0.01	10	12970	卖盘
10:33:09	12.98	--	73	94754	卖盘
10:33:00	12.98	-0.01	9	11682	卖盘
10:32:54	12.99	--	10	12990	买盘
10:32:51	12.99	--	23	29877	买盘
10:32:39	12.99	--	5	6495	卖盘
10:32:24	12.99	-0.01	5	6495	卖盘
10:32:21	13.0	--	6	7800	买盘
10:32:15	13.0	--	20	26000	买盘
10:32:12	13.0	--	104	135421	卖盘
10:32:09	13.0	--	216	280800	卖盘
10:32:06	13.0	--	722	938600	卖盘
10:31:57	13.0	-0.01	5	6500	卖盘
10:31:54	13.01	0.01	44	57244	买盘
10:31:48	13.0	--	32	41600	卖盘
10:31:42	13.0	-0.01	200	260000	卖盘
10:31:39	13.01	0.01	50	65050	买盘
10:31:36	13.0	-0.01	200	260000	卖盘
10:31:33	13.01	-0.02	10	13010	卖盘
10:31:30	13.03	0.01	292	380476	买盘
10:31:24	13.02	--	10	13020	卖盘
10:31:21	13.02	0.01	89	115878	买盘
10:31:18	13.01	-0.01	185	240685	卖盘
10:31:15	13.02	--	5	6510	买盘
10:31:12	13.02	--	23	29946	买盘
10:31:03	13.02	--	32	41664	买盘
10:30:57	13.02	--	47	61194	买盘
10:30:48	13.02	0.01	10	13020	买盘
10:30:45	13.01	-0.01	22	28622	卖盘
10:30:42	13.02	--	17	22134	买盘
10:30:36	13.02	-0.02	27	35154	卖盘
10:30:33	13.04	--	42	54768	买盘
10:30:30	13.04	0.01	17	22168	买盘
10:30:24	13.03	-0.01	32	41696	卖盘
10:30:21	13.04	0.01	9	11736	买盘
10:30:12	13.03	--	21	27363	买盘
10:30:09	13.03	--	10	13030	买盘
10:30:03	13.03	0.01	93	121179	买盘
10:30:00	13.02	--	10	13020	买盘
10:29:57	13.02	--	100	130200	买盘
10:29:54	13.02	0.01	105	136710	买盘
10:29:51	13.01	--	10	13010	卖盘
10:29:45	13.01	--	25	32525	卖盘
10:29:42	13.01	--	26	33826	买盘
10:29:39	13.01	--	5	6505	买盘
10:29:36	13.01	--	5	6505	买盘
10:29:30	13.01	--	553	719453	买盘
10:29:27	13.01	--	27	35127	买盘
10:29:21	13.01	--	3	3903	买盘
10:29:18	13.01	0.01	10	13010	买盘
10:29:12	13.0	--	100	130000	卖盘
10:29:09	13.0	-0.01	5	6500	卖盘
10:29:06	13.01	--	10	13010	买盘
10:29:03	13.01	0.01	10	13010	买盘
10:29:00	13.0	-0.01	70	91000	卖盘
10:28:54	13.01	0.01	50	65050	买盘
10:28:51	13.0	-0.01	4	5200	卖盘
10:28:48	13.01	0.01	4	5204	买盘
10:28:45	13.0	--	61	79300	卖盘
10:28:42	13.0	0.01	335	436579	买盘
10:28:39	12.99	--	235	305265	买盘
10:28:36	12.99	0.01	10	12990	买盘
10:28:30	12.98	-0.01	31	40238	卖盘
10:28:27	12.99	0.01	3	3897	买盘
10:28:18	12.98	--	10	12980	卖盘
10:28:03	12.98	--	11	14278	卖盘
10:28:00	12.98	-0.02	18	23364	卖盘
10:27:42	13.0	--	20	26000	买盘
10:27:36	13.0	--	4	5200	买盘
10:27:33	13.0	--	10	13000	买盘
10:27:24	13.0	--	9	11700	买盘
10:27:18	13.0	0.01	15	19500	买盘
10:27:15	12.99	--	13	16887	卖盘
10:27:12	12.99	-0.01	50	64950	卖盘
10:27:09	13.0	--	33	42900	买盘
10:27:03	13.0	--	86	112021	卖盘
10:27:00	13.0	-0.01	35	45500	卖盘
10:26:57	13.01	0.01	63	81963	买盘
10:26:51	13.0	--	7	9100	卖盘
10:26:48	13.0	--	10	13000	卖盘
10:26:45	13.0	--	7	9100	卖盘
10:26:42	13.0	--	22	29679	买盘
10:26:36	13.0	--	223	289900	买盘
10:26:33	13.0	0.01	10	13000	买盘
10:26:30	12.99	--	5	6495	买盘
10:26:24	12.99	--	6	7794	卖盘
10:26:21	12.99	--	2	2598	卖盘
10:26:15	12.99	-0.01	3	3897	中性盘
10:26:06	13.0	0.03	30	39000	买盘
10:26:03	12.97	--	1	1297	卖盘
10:26:00	12.97	--	9	11673	卖盘
10:25:57	12.97	--	2	2594	卖盘
10:25:54	12.97	-0.03	15	19455	卖盘
10:25:48	13.0	--	13	16900	买盘
10:25:33	13.0	--	25	32500	买盘
10:25:30	13.0	--	100	130000	买盘
10:25:27	13.0	-0.01	45	58500	中性盘
10:25:15	13.01	0.01	451	586751	买盘
10:25:12	13.0	--	5	6500	买盘
10:25:09	13.0	--	68	88400	卖盘
10:25:06	13.0	--	10	13000	卖盘
10:25:03	13.0	--	1	1300	卖盘
10:24:54	13.0	--	38	49400	买盘
10:24:51	13.0	--	4	5200	买盘
10:24:48	13.0	--	15	19500	买盘
10:24:45	13.0	--	244	317200	卖盘
10:24:39	13.0	-0.05	301	391300	卖盘
10:24:36	13.05	0.04	300	391500	买盘
10:24:24	13.01	0.01	4	5204	买盘
10:24:21	13.0	0.07	1955	2541500	买盘
10:24:12	12.93	--	6	7758	买盘
10:23:57	12.93	--	3	3879	买盘
10:23:48	12.93	-0.01	2	2586	买盘
10:23:42	12.94	-0.01	10	12940	卖盘
10:23:33	12.95	--	2	2590	买盘
10:23:30	12.95	0.01	3	3885	买盘
10:23:27	12.94	-0.01	4	5176	卖盘
10:23:24	12.95	--	10	12950	买盘
10:23:15	12.95	--	4	5180	买盘
10:23:09	12.95	--	1	1295	买盘
10:23:03	12.95	--	4	5180	买盘
10:22:57	12.95	--	1	1295	买盘
10:22:54	12.95	--	30	38850	买盘
10:22:42	12.95	--	10	12950	买盘
10:22:39	12.95	0.01	1	1295	买盘
10:22:36	12.94	--	9	11646	卖盘
10:22:24	12.94	--	2	2588	卖盘
10:22:21	12.94	--	11	14234	卖盘
10:22:12	12.94	--	6	7764	卖盘
10:22:09	12.94	--	18	23292	卖盘
10:21:48	12.94	--	23	29762	卖盘
10:21:30	12.94	-0.01	60	77640	卖盘
10:21:15	12.95	0.01	4	5180	买盘
10:21:12	12.94	--	24	31056	买盘
10:21:03	12.94	0.01	4	5176	买盘
10:20:54	12.93	--	4	5172	买盘
10:20:36	12.93	0.02	2	2586	买盘
10:20:33	12.91	--	4	5164	卖盘
10:20:24	12.91	-0.02	5	6455	卖盘
10:20:18	12.93	0.02	10	12930	买盘
10:20:12	12.91	--	62	80042	卖盘
10:20:03	12.91	-0.02	35	45185	卖盘
10:20:00	12.93	0.02	74	95682	买盘
10:19:48	12.91	-0.01	4	5164	卖盘
10:19:42	12.92	--	1	1292	买盘
10:19:33	12.92	--	3	3876	买盘
10:19:30	12.92	0.01	2	2584	中性盘
10:19:27	12.91	-0.01	50	64550	卖盘
10:19:03	12.92	--	5	6460	卖盘
10:18:57	12.92	--	2	2584	卖盘
10:18:51	12.92	--	5	6460	卖盘
10:18:42	12.92	-0.01	5	6460	卖盘
10:18:30	12.93	--	2	2586	买盘
10:17:57	12.93	0.01	20	25860	买盘
10:17:54	12.92	-0.01	5	6460	卖盘
10:17:30	12.93	-0.02	41	53013	卖盘
10:17:27	12.95	--	2	2590	卖盘
10:17:21	12.95	--	2	2590	卖盘
10:17:15	12.95	--	70	90650	卖盘
10:16:57	12.95	--	10	12950	卖盘
10:16:51	12.95	-0.01	1	1295	卖盘
10:16:27	12.96	--	26	33696	买盘
10:16:21	12.96	--	1	1296	买盘
10:16:06	12.96	--	3	3888	买盘
10:16:03	12.96	-0.01	6	7996	卖盘
10:16:00	12.97	0.01	3	3891	买盘
10:15:57	12.96	--	200	259200	卖盘
10:15:48	12.96	--	30	38880	卖盘
10:15:42	12.96	--	29	37584	卖盘
10:15:36	12.96	--	30	38880	卖盘
10:15:21	12.96	-0.01	21	27216	卖盘
10:15:18	12.97	0.01	1	1297	中性盘
10:15:12	12.96	-0.01	115	149040	卖盘
10:15:00	12.97	--	1	1297	买盘
10:14:45	12.97	0.01	8	10376	买盘
10:14:39	12.96	--	30	38880	卖盘
10:14:36	12.96	-0.01	28	36288	卖盘
10:14:24	12.97	--	7	9079	卖盘
10:14:00	12.97	--	3	3891	买盘
10:13:57	12.97	--	5	6485	买盘
10:13:54	12.97	--	31	40207	买盘
10:13:45	12.97	0.01	100	129700	买盘
10:13:42	12.96	-0.01	10	12960	卖盘
10:13:36	12.97	0.01	44	57068	买盘
10:13:21	12.96	--	19	24624	卖盘
10:13:12	12.96	-0.01	5	6480	卖盘
10:12:54	12.97	--	1	1297	买盘
10:12:45	12.97	0.01	1	1297	买盘
10:12:36	12.96	0.01	200	260275	买盘
10:12:33	12.95	--	40	51800	买盘
10:12:18	12.95	0.01	30	38850	买盘
10:12:03	12.94	--	1	1294	买盘
10:11:57	12.94	0.02	10	12940	买盘
10:11:54	12.92	-0.03	156	201552	卖盘
10:11:45	12.95	0.02	10	12950	买盘
10:11:36	12.93	-0.01	11	14223	中性盘
10:11:15	12.94	0.01	30	38820	买盘
10:11:12	12.93	0.01	35	45255	买盘
10:10:45	12.92	--	20	25840	卖盘
10:10:36	12.92	-0.01	2	2584	卖盘
10:10:33	12.93	--	1	1293	买盘
10:10:30	12.93	--	3	3879	买盘
10:10:27	12.93	0.01	2	2586	买盘
10:10:12	12.92	--	27	34884	卖盘
10:10:06	12.92	--	14	18088	买盘
10:10:03	12.92	--	17	21964	卖盘
10:09:57	12.92	-0.02	10	12920	中性盘
10:09:45	12.94	0.02	4	5176	买盘
10:09:42	12.92	--	60	77520	买盘
10:09:39	12.92	-0.01	15	19380	卖盘
10:09:33	12.93	0.01	110	142230	买盘
10:09:24	12.92	-0.01	6	7752	卖盘
10:09:18	12.93	--	4	5172	买盘
10:09:09	12.93	0.01	74	95682	买盘
10:09:03	12.92	-0.01	22	28424	卖盘
10:09:00	12.93	--	2	2586	买盘
10:08:54	12.93	0.01	10	12930	买盘
10:08:45	12.92	-0.01	17	21964	中性盘
10:08:42	12.93	--	1	1293	买盘
10:08:39	12.93	--	11	14223	卖盘
10:08:36	12.93	--	35	45255	卖盘
10:08:33	12.93	--	3	3879	卖盘
10:08:24	12.93	0.01	51	65943	买盘
10:08:21	12.92	--	8	10336	卖盘
10:08:18	12.92	--	2	2584	卖盘
10:08:15	12.92	--	54	69768	卖盘
10:08:09	12.92	-0.01	6	7752	卖盘
10:08:06	12.93	0.01	8	10344	买盘
10:08:03	12.92	-0.01	151	195092	卖盘
10:07:51	12.93	--	12	15516	卖盘
10:07:48	12.93	--	6	7758	买盘
10:07:33	12.93	--	40	51720	买盘
10:07:12	12.93	0.02	19	24567	买盘
10:07:06	12.91	-0.01	10	12910	卖盘
10:07:00	12.92	--	10	12920	卖盘
10:06:57	12.92	0.01	1	1292	中性盘
10:06:51	12.91	-0.02	135	174285	卖盘
10:06:48	12.93	--	6	7758	买盘
10:06:42	12.93	0.01	1	1293	买盘
10:06:36	12.92	-0.01	10	12920	卖盘
10:06:30	12.93	--	52	67236	买盘
10:06:15	12.93	--	15	19395	买盘
10:06:09	12.93	-0.01	22	28446	卖盘
10:06:06	12.94	0.01	26	33644	买盘
10:06:00	12.93	--	10	12930	卖盘
10:05:51	12.93	--	2	2586	卖盘
10:05:48	12.93	--	34	43962	卖盘
10:05:45	12.93	--	15	19395	买盘
10:05:27	12.93	--	111	143523	卖盘
10:05:21	12.93	-0.01	8	10344	卖盘
10:05:18	12.94	0.01	13	16822	买盘
10:05:03	12.93	--	50	64650	卖盘
10:05:00	12.93	-0.01	42	54306	卖盘
10:04:57	12.94	--	10	12940	卖盘
10:04:54	12.94	--	43	55642	卖盘
10:04:51	12.94	--	15	19410	卖盘
10:04:45	12.94	-0.01	10	12940	卖盘
10:04:27	12.95	0.01	10	12950	买盘
10:04:18	12.94	-0.01	42	54348	卖盘
10:04:15	12.95	--	17	22015	买盘
10:04:12	12.95	--	12	15540	买盘
10:04:06	12.95	--	34	44030	卖盘
10:04:03	12.95	--	14	18130	卖盘
10:03:57	12.95	--	49	63455	卖盘
10:03:54	12.95	--	31	40145	卖盘
10:03:45	12.95	-0.01	12	15540	中性盘
10:03:33	12.96	0.01	10	12960	买盘
10:03:30	12.95	--	49	63455	卖盘
10:03:21	12.95	--	10	12950	卖盘
10:03:15	12.95	--	10	12950	卖盘
10:03:12	12.95	--	23	29785	卖盘
10:03:06	12.95	-0.01	2	2590	卖盘
10:02:51	12.96	--	5	6480	买盘
10:02:42	12.96	--	35	45580	卖盘
10:02:36	12.96	-0.01	10	12960	卖盘
10:02:27	12.97	--	6	7782	买盘
10:02:24	12.97	--	11	14267	买盘
10:02:18	12.97	--	15	19455	买盘
10:02:06	12.97	--	50	64850	买盘
10:02:03	12.97	--	8	10376	买盘
10:01:57	12.97	0.01	10	12970	买盘
10:01:54	12.96	--	8	10368	卖盘
10:01:51	12.96	--	2	2592	卖盘
10:01:42	12.96	--	65	84240	卖盘
10:01:39	12.96	--	71	93091	买盘
10:01:33	12.96	0.01	10	12960	买盘
10:01:24	12.95	--	6	7770	卖盘
10:01:18	12.95	--	58	75110	买盘
10:01:15	12.95	--	6	7770	买盘
10:01:03	12.95	--	1	1295	买盘
10:00:57	12.95	--	48	62160	买盘
10:00:51	12.95	-0.01	78	101010	卖盘
10:00:48	12.96	--	25	32400	买盘
10:00:42	12.96	--	25	32400	买盘
10:00:36	12.96	0.01	10	12960	买盘
10:00:30	12.95	-0.01	53	68635	卖盘
10:00:27	12.96	--	58	75168	买盘
10:00:24	12.96	--	36	46656	买盘
10:00:15	12.96	--	20	25920	买盘
10:00:12	12.96	-0.01	58	75168	卖盘
10:00:09	12.97	--	19	24643	买盘
10:00:06	12.97	--	2	2594	买盘
10:00:03	12.97	--	500	648500	买盘
09:59:54	12.97	--	3	3891	买盘
09:59:51	12.97	--	31	40207	买盘
09:59:45	12.97	--	5	6485	买盘
09:59:39	12.97	--	1	1297	买盘
09:59:36	12.97	--	2	2594	买盘
09:59:33	12.97	--	21	27237	买盘
09:59:30	12.97	--	11	14267	买盘
09:59:24	12.97	0.01	15	19455	买盘
09:59:12	12.96	--	2	2592	卖盘
09:59:09	12.96	--	31	40176	买盘
09:59:06	12.96	--	32	41472	买盘
09:59:03	12.96	0.01	10	12960	买盘
09:58:57	12.95	--	12	15540	卖盘
09:58:51	12.95	--	15	19425	买盘
09:58:48	12.95	0.02	8	10360	买盘
09:58:36	12.93	-0.01	20	25860	卖盘
09:58:33	12.94	--	8	10352	买盘
09:58:27	12.94	--	12	15528	买盘
09:58:24	12.94	--	116	150104	买盘
09:58:18	12.94	--	51	65994	买盘
09:58:12	12.94	0.01	11	14234	买盘
09:58:09	12.93	-0.01	38	49134	卖盘
09:57:57	12.94	-0.01	8	10352	卖盘
09:57:48	12.95	--	50	64750	买盘
09:57:45	12.95	-0.01	22	28490	卖盘
09:57:36	12.96	0.01	17	22032	买盘
09:57:33	12.95	--	3	3885	卖盘
09:57:30	12.95	--	44	56980	卖盘
09:57:18	12.95	--	5	6475	卖盘
09:57:12	12.95	--	10	12950	卖盘
09:57:09	12.95	-0.01	120	155400	卖盘
09:57:03	12.96	0.01	1	1296	买盘
09:57:00	12.95	--	27	34965	卖盘
09:56:57	12.95	--	47	60865	卖盘
09:56:54	12.95	--	2	2590	卖盘
09:56:51	12.95	--	25	32375	卖盘
09:56:48	12.95	-0.01	10	12950	卖盘
09:56:45	12.96	0.01	8	10368	买盘
09:56:42	12.95	-0.01	5	6475	卖盘
09:56:36	12.96	--	3	3888	买盘
09:56:24	12.96	-0.01	89	115344	卖盘
09:56:21	12.97	0.01	95	123215	买盘
09:56:18	12.96	-0.01	15	19440	卖盘
09:56:12	12.97	--	3	3891	买盘
09:56:00	12.97	--	20	25940	买盘
09:55:57	12.97	--	99	128403	卖盘
09:55:51	12.97	--	62	80414	卖盘
09:55:42	12.97	-0.01	7	9079	卖盘
09:55:36	12.98	0.01	229	297242	买盘
09:55:33	12.97	--	1	1297	卖盘
09:55:30	12.97	--	3	3891	卖盘
09:55:27	12.97	--	10	12970	卖盘
09:55:24	12.97	0.02	42	54474	买盘
09:55:18	12.95	-0.02	8	10360	卖盘
09:55:12	12.97	-0.01	4	5188	卖盘
09:55:09	12.98	0.01	10	12980	买盘
09:55:03	12.97	--	19	24643	买盘
09:54:54	12.97	--	2	2594	买盘
09:54:51	12.97	--	2	2594	买盘
09:54:42	12.97	0.02	48	62256	买盘
09:54:39	12.95	-0.02	6	7770	中性盘
09:54:33	12.97	--	18	23346	买盘
09:54:30	12.97	--	3	3891	买盘
09:54:27	12.97	0.03	61	79117	买盘
09:54:24	12.94	0.01	103	133282	买盘
09:54:21	12.93	0.01	4	5172	中性盘
09:54:09	12.92	--	33	42636	买盘
09:54:06	12.92	--	46	59432	卖盘
09:54:00	12.92	0.01	61	78812	买盘
09:53:57	12.91	--	37	47767	卖盘
09:53:51	12.91	--	14	18074	卖盘
09:53:45	12.91	-0.01	20	25820	卖盘
09:53:42	12.92	0.01	10	12920	买盘
09:53:36	12.91	-0.01	16	20656	卖盘
09:53:33	12.92	--	10	12920	买盘
09:53:24	12.92	--	5	6460	买盘
09:53:12	12.92	--	17	21964	买盘
09:52:54	12.92	--	7	9044	买盘
09:52:51	12.92	--	18	23256	卖盘
09:52:48	12.92	--	2	2584	卖盘
09:52:42	12.92	--	5	6460	卖盘
09:52:39	12.92	--	5	6460	卖盘
09:52:33	12.92	-0.01	14	18088	卖盘
09:52:30	12.93	-0.01	2	2586	中性盘
09:52:27	12.94	0.01	36	46584	买盘
09:52:24	12.93	--	11	14223	卖盘
09:52:21	12.93	-0.01	5	6465	卖盘
09:52:15	12.94	-0.01	44	56936	卖盘
09:52:09	12.95	-0.01	40	51800	卖盘
09:52:00	12.96	--	52	67392	买盘
09:51:57	12.96	-0.01	20	25920	卖盘
09:51:54	12.97	-0.01	1	1297	中性盘
09:51:45	12.98	--	17	22066	买盘
09:51:33	12.98	0.02	13	16874	买盘
09:51:30	12.96	-0.02	99	128304	卖盘
09:51:27	12.98	-0.01	20	25960	卖盘
09:51:24	12.99	0.01	45	58455	买盘
09:51:21	12.98	--	23	29854	卖盘
09:51:15	12.98	--	92	119416	卖盘
09:51:12	12.98	--	13	16874	卖盘
09:51:09	12.98	--	372	482856	卖盘
09:51:06	12.98	--	43	55814	卖盘
09:51:03	12.98	--	35	45430	卖盘
09:50:57	12.98	-0.02	87	112926	卖盘
09:50:51	13.0	--	77	100100	买盘
09:50:48	13.0	--	36	46800	卖盘
09:50:45	13.0	-0.01	211	274300	中性盘
09:50:42	13.01	--	186	242207	买盘
09:50:39	13.01	0.01	436	567236	买盘
09:50:36	13.0	--	520	676000	卖盘
09:50:33	13.0	-0.01	94	122200	卖盘
09:50:30	13.01	--	15	19515	买盘
09:50:27	13.01	--	120	156120	买盘
09:50:24	13.01	0.01	5	6505	买盘
09:50:21	13.0	-0.01	39	50700	卖盘
09:50:18	13.01	0.01	56	72856	买盘
09:50:15	13.0	--	11	14300	卖盘
09:50:12	13.0	-0.01	298	387400	卖盘
09:50:09	13.01	-0.01	102	132702	中性盘
09:50:06	13.02	0.02	47	61194	买盘
09:50:03	13.0	-0.02	150	195000	卖盘
09:49:57	13.02	0.03	209	273198	买盘
09:49:54	12.99	-0.01	113	146787	卖盘
09:49:51	13.0	--	21	27300	买盘
09:49:48	13.0	0.01	19	24700	买盘
09:49:45	12.99	--	10	12990	卖盘
09:49:42	12.99	--	5	6495	卖盘
09:49:33	12.99	--	76	98724	买盘
09:49:30	12.99	0.01	39	50661	买盘
09:49:27	12.98	--	8	10384	卖盘
09:49:21	12.98	--	43	55814	买盘
09:49:18	12.98	0.01	45	58410	中性盘
09:49:12	12.97	-0.01	20	25940	卖盘
09:49:09	12.98	--	48	62304	卖盘
09:49:03	12.98	--	10	12980	卖盘
09:48:57	12.98	0.01	110	142780	买盘
09:48:48	12.97	-0.01	15	19455	中性盘
09:48:33	12.98	-0.01	17	22066	卖盘
09:48:30	12.99	0.01	127	164973	买盘
09:48:27	12.98	--	17	22066	卖盘
09:48:24	12.98	-0.01	3	3894	卖盘
09:48:21	12.99	0.01	18	23382	买盘
09:48:18	12.98	--	5	6490	卖盘
09:48:09	12.98	--	10	12980	卖盘
09:48:06	12.98	--	24	31152	卖盘
09:48:03	12.98	--	22	28556	买盘
09:48:00	12.98	-0.01	15	19470	卖盘
09:47:54	12.99	0.03	103	133797	买盘
09:47:51	12.96	-0.02	65	84240	卖盘
09:47:48	12.98	--	2	2596	卖盘
09:47:45	12.98	--	15	19470	卖盘
09:47:42	12.98	--	59	76582	买盘
09:47:39	12.98	--	2	2596	买盘
09:47:33	12.98	--	35	45430	中性盘
09:47:21	12.98	-0.01	23	29854	卖盘
09:47:18	12.99	--	10	12990	买盘
09:47:12	12.99	--	34	44166	买盘
09:47:09	12.99	0.01	10	12990	买盘
09:47:06	12.98	-0.02	46	59708	中性盘
09:47:03	13.0	--	6	7800	买盘
09:47:00	13.0	--	99	128700	买盘
09:46:54	13.0	0.02	102	132600	买盘
09:46:51	12.98	-0.01	241	312818	卖盘
09:46:48	12.99	-0.01	36	46984	卖盘
09:46:45	13.0	--	77	100100	买盘
09:46:42	13.0	--	20	26000	买盘
09:46:39	13.0	--	19	24700	买盘
09:46:36	13.0	-0.05	214	278200	卖盘
09:46:33	13.05	0.03	1	1305	买盘
09:46:27	13.02	-0.03	3	3906	卖盘
09:46:24	13.05	0.05	12	15660	买盘
09:46:21	13.0	--	21	27300	卖盘
09:46:18	13.0	--	39	50700	买盘
09:46:15	13.0	--	8	10400	买盘
09:46:12	13.0	0.01	30	39000	买盘
09:46:09	12.99	--	49	64729	买盘
09:46:06	12.99	0.01	25	32475	买盘
09:46:03	12.98	--	6	7788	卖盘
09:46:00	12.98	--	30	38940	买盘
09:45:57	12.98	0.03	152	197296	买盘
09:45:54	12.95	0.02	3	3885	买盘
09:45:51	12.93	--	13	16809	卖盘
09:45:48	12.93	-0.02	3	3879	卖盘
09:45:45	12.95	0.02	129	167055	买盘
09:45:42	12.93	0.01	15	19395	买盘
09:45:33	12.92	-0.01	6	7752	卖盘
09:45:27	12.93	--	1	1293	买盘
09:45:24	12.93	0.03	7	9051	买盘
09:45:21	12.9	--	35	45150	卖盘
09:45:18	12.9	0.07	814	1050924	买盘
09:44:57	12.83	-0.02	12	15396	卖盘
09:44:48	12.85	--	17	21845	买盘
09:44:30	12.85	0.01	7	8995	买盘
09:44:27	12.84	--	6	7704	卖盘
09:44:15	12.84	-0.01	7	8988	中性盘
09:44:09	12.85	--	21	26985	买盘
09:43:57	12.85	0.02	5	6425	买盘
09:43:48	12.83	-0.02	2	2566	卖盘
09:43:42	12.85	--	8	10280	买盘
09:43:39	12.85	--	13	17977	卖盘
09:43:36	12.85	--	85	109225	卖盘
09:43:33	12.85	--	20	25700	卖盘
09:43:30	12.85	-0.01	2	2570	卖盘
09:43:27	12.86	0.01	5	6430	买盘
09:43:24	12.85	--	3	3855	卖盘
09:43:21	12.85	-0.01	5	6425	卖盘
09:43:18	12.86	--	32	41152	买盘
09:43:15	12.86	0.01	52	66872	买盘
09:43:12	12.85	--	50	64250	卖盘
09:43:09	12.85	-0.01	10	12850	卖盘
09:43:06	12.86	0.01	7	9002	买盘
09:43:03	12.85	-0.01	10	12850	卖盘
09:42:54	12.86	--	3	3858	买盘
09:42:51	12.86	0.01	30	38580	买盘
09:42:39	12.85	0.02	71	91247	买盘
09:42:36	12.83	-0.02	75	96225	卖盘
09:42:33	12.85	0.02	2	2570	买盘
09:42:30	12.83	-0.02	81	103923	卖盘
09:42:18	12.85	--	2	2570	买盘
09:42:15	12.85	--	43	55255	卖盘
09:42:06	12.85	--	64	82240	卖盘
09:42:03	12.85	-0.01	20	25700	卖盘
09:41:54	12.86	--	4	5144	买盘
09:41:51	12.86	0.01	2	2572	买盘
09:41:45	12.85	-0.01	7	8995	卖盘
09:41:39	12.86	--	88	113168	卖盘
09:41:33	12.86	-0.01	4	5144	卖盘
09:41:30	12.87	-0.01	43	55341	卖盘
09:41:21	12.88	0.01	4	5152	买盘
09:41:18	12.87	0.01	17	21879	买盘
09:41:12	12.86	-0.01	3	3858	卖盘
09:41:09	12.87	--	131	168597	买盘
09:41:06	12.87	--	25	32174	买盘
09:40:57	12.87	-0.01	28	36036	卖盘
09:40:54	12.88	--	19	24472	卖盘
09:40:51	12.88	--	10	12880	卖盘
09:40:48	12.88	0.01	14	18032	买盘
09:40:45	12.87	0.02	72	92664	买盘
09:40:42	12.85	-0.01	100	128500	卖盘
09:40:36	12.86	0.01	19	24434	买盘
09:40:33	12.85	--	5	6425	卖盘
09:40:21	12.85	0.01	33	42405	买盘
09:39:57	12.84	--	1	1284	买盘
09:39:54	12.84	--	15	19260	买盘
09:39:51	12.84	0.01	4	5136	买盘
09:39:48	12.83	--	16	20528	卖盘
09:39:36	12.83	0.02	26	33358	买盘
09:39:18	12.81	--	13	16653	买盘
09:39:09	12.81	--	5	6405	买盘
09:39:06	12.81	--	34	43554	买盘
09:39:00	12.81	--	35	44835	中性盘
09:38:48	12.81	0.01	11	14091	买盘
09:38:45	12.8	--	4	5120	卖盘
09:38:42	12.8	--	10	12800	卖盘
09:38:39	12.8	--	19	24320	买盘
09:38:36	12.8	0.03	2	2560	买盘
09:38:33	12.77	--	11	14047	卖盘
09:38:30	12.77	-0.03	10	12770	卖盘
09:38:27	12.8	0.03	32	40960	买盘
09:38:03	12.77	--	5	6385	卖盘
09:37:57	12.77	--	2	2554	买盘
09:37:48	12.77	--	36	45972	卖盘
09:37:39	12.77	0.01	16	20432	卖盘
09:37:36	12.76	--	19	24244	卖盘
09:37:33	12.76	-0.01	6	7656	卖盘
09:37:27	12.77	--	61	77897	买盘
09:37:15	12.77	--	5	6385	买盘
09:37:12	12.77	--	10	12770	买盘
09:37:09	12.77	--	31	39587	买盘
09:37:06	12.77	--	24	30648	买盘
09:36:57	12.77	--	22	28094	买盘
09:36:48	12.77	-0.03	71	90667	卖盘
09:36:45	12.8	--	20	25600	买盘
09:36:39	12.8	--	1	1280	买盘
09:36:33	12.8	0.05	15	19200	买盘
09:36:30	12.75	--	140	178500	买盘
09:36:27	12.75	--	110	140250	买盘
09:36:18	12.75	--	2	2550	买盘
09:36:15	12.75	-0.05	526	670650	卖盘
09:36:09	12.8	--	14	17920	买盘
09:35:54	12.8	0.04	10	12800	买盘
09:35:42	12.76	--	48	61248	卖盘
09:35:33	12.76	-0.04	1	1276	卖盘
09:35:30	12.8	--	2	2560	买盘
09:35:27	12.8	0.05	10	12800	买盘
09:35:12	12.75	--	71	90525	买盘
09:35:03	12.75	--	30	38250	买盘
09:35:00	12.75	-0.05	250	318750	卖盘
09:34:57	12.8	--	19	24320	买盘
09:34:54	12.8	--	1	1280	买盘
09:34:48	12.8	0.02	5	6400	买盘
09:34:39	12.78	--	39	49842	买盘
09:34:33	12.78	0.01	7	8946	买盘
09:34:30	12.77	-0.01	2	2554	卖盘
09:34:24	12.78	--	38	48564	买盘
09:34:21	12.78	--	10	12780	买盘
09:34:18	12.78	0.01	37	47286	买盘
09:34:15	12.77	-0.01	5	6385	卖盘
09:34:06	12.78	--	20	25560	买盘
09:34:03	12.78	--	17	21726	买盘
09:34:00	12.78	--	1	1278	买盘
09:33:57	12.78	--	2	2556	买盘
09:33:54	12.78	-0.02	35	44730	卖盘
09:33:51	12.8	--	3	3840	买盘
09:33:48	12.8	--	1	1280	买盘
09:33:45	12.8	--	1	1280	卖盘
09:33:30	12.8	--	1	1280	买盘
09:33:24	12.8	-0.03	11	14080	卖盘
09:33:21	12.83	--	1	1283	买盘
09:33:18	12.83	--	1	1283	买盘
09:33:15	12.83	--	16	20528	买盘
09:33:06	12.83	0.03	5	6415	买盘
09:33:00	12.8	-0.04	6	7680	中性盘
09:32:42	12.84	0.09	9	11556	买盘
09:32:21	12.75	--	7	8925	买盘
09:32:18	12.75	--	12	15300	买盘
09:32:15	12.75	--	30	38250	卖盘
09:32:09	12.75	--	22	28050	买盘
09:32:00	12.75	--	10	12750	买盘
09:31:57	12.75	--	7	8925	卖盘
09:31:45	12.75	--	1	1275	卖盘
09:31:39	12.75	-0.12	77	98175	卖盘
09:31:36	12.87	0.06	91	117117	买盘
09:31:33	12.81	--	24	30744	买盘
09:31:30	12.81	--	5	6405	买盘
09:31:27	12.81	-0.04	125	161393	卖盘
09:31:24	12.85	-0.02	4	5140	中性盘
09:31:21	12.87	0.05	22	28314	买盘
09:31:18	12.82	-0.05	47	60254	卖盘
09:31:12	12.87	--	12	15443	中性盘
09:31:06	12.87	0.02	51	65637	买盘
09:31:03	12.85	--	14	17990	买盘
09:31:00	12.85	--	114	146490	买盘
09:30:54	12.85	--	14	17990	卖盘
09:30:51	12.85	--	102	131070	卖盘
09:30:48	12.85	-0.01	4	5140	卖盘
09:30:45	12.86	0.01	6	7716	买盘
09:30:36	12.85	0.03	10	12850	买盘
09:30:33	12.82	--	6	7692	卖盘
09:30:21	12.82	-0.06	3	3846	卖盘
09:30:12	12.88	--	31	39928	买盘
09:30:09	12.88	0.06	63	81144	买盘
09:30:03	12.82	12.82	38	48728	买盘
