成交时间	成交价	价格变动	成交量(手)	成交额(元)	性质
15:00:03	71.36	--	229	1637426	买盘
14:57:00	71.36	--	0	0	买盘
14:56:57	71.36	--	21	149856	买盘
14:56:54	71.36	-0.04	7	49952	卖盘
14:56:42	71.4	0.04	2	14280	中性盘
14:56:27	71.36	0.01	2	14272	买盘
14:56:24	71.35	--	1	7134	卖盘
14:56:21	71.35	0.01	35	253720	买盘
14:56:18	71.34	-0.01	3	21402	卖盘
14:56:15	71.35	--	9	67354	卖盘
14:56:09	71.35	--	3	21405	卖盘
14:56:06	71.35	-0.02	12	85620	卖盘
14:56:03	71.37	0.02	44	318024	买盘
14:56:00	71.35	--	1	7134	买盘
14:55:57	71.35	-0.02	11	81624	卖盘
14:55:48	71.37	-0.03	1	7137	买盘
14:55:42	71.4	--	14	99960	卖盘
14:55:39	71.4	0.03	11	78540	买盘
14:55:33	71.37	--	1	7137	买盘
14:55:24	71.37	0.02	5	35685	买盘
14:55:21	71.35	-0.02	19	139560	卖盘
14:55:18	71.37	0.02	2	14274	中性盘
14:55:09	71.35	-0.08	10	71350	卖盘
14:55:06	71.43	0.06	14	100002	买盘
14:55:03	71.37	0.01	9	64233	买盘
14:54:57	71.36	--	5	35680	卖盘
14:54:51	71.36	0.01	4	28544	买盘
14:54:48	71.35	--	8	57079	卖盘
14:54:45	71.35	--	9	64214	卖盘
14:54:42	71.35	-0.01	2	14269	卖盘
14:54:39	71.36	--	1	7136	买盘
14:54:33	71.36	0.01	6	42816	买盘
14:54:27	71.35	-0.01	1	7134	买盘
14:54:12	71.36	--	3	21408	买盘
14:54:06	71.36	--	2	14272	买盘
14:54:03	71.36	0.01	46	328256	买盘
14:53:57	71.35	--	32	228319	卖盘
14:53:54	71.35	--	1	7134	卖盘
14:53:51	71.35	--	2	14269	中性盘
14:53:39	71.35	-0.03	10	71350	卖盘
14:53:33	71.38	0.01	4	28552	买盘
14:53:30	71.37	--	16	114192	卖盘
14:53:27	71.37	--	12	85644	卖盘
14:53:24	71.37	--	2	14274	卖盘
14:53:21	71.37	0.01	8	57096	买盘
14:53:15	71.36	0.03	2	14272	中性盘
14:53:12	71.33	-0.04	7	49931	卖盘
14:53:03	71.37	-0.01	3	21411	中性盘
14:52:57	71.38	0.03	91	649558	买盘
14:52:54	71.35	--	15	107024	买盘
14:52:51	71.35	-0.03	75	535125	卖盘
14:52:45	71.38	0.01	1	7138	买盘
14:52:39	71.37	-0.01	1	13203	卖盘
14:52:33	71.38	0.01	9	64527	买盘
14:52:30	71.37	--	3	21411	卖盘
14:52:24	71.37	--	4	28548	卖盘
14:52:18	71.37	-0.01	20	142740	卖盘
14:52:15	71.38	--	6	42828	买盘
14:52:12	71.38	-0.01	2	14276	中性盘
14:52:06	71.39	0.01	30	214170	买盘
14:52:03	71.38	--	3	21414	买盘
14:51:57	71.38	--	20	142760	卖盘
14:51:54	71.38	-0.01	5	35690	卖盘
14:51:51	71.39	--	1	7139	买盘
14:51:42	71.39	--	1	7139	买盘
14:51:39	71.39	--	5	35695	买盘
14:51:33	71.39	--	6	42834	买盘
14:51:30	71.39	--	11	78529	买盘
14:51:24	71.39	--	1	7139	买盘
14:51:18	71.39	0.01	1	7139	买盘
14:51:09	71.38	-0.01	6	42828	卖盘
14:51:03	71.39	--	9	64251	卖盘
14:51:00	71.39	--	9	64251	买盘
14:50:57	71.39	--	1	7139	买盘
14:50:51	71.39	0.01	2	14278	买盘
14:50:48	71.38	0.01	9	64241	买盘
14:50:45	71.37	--	1	7137	卖盘
14:50:39	71.37	-0.01	13	92781	卖盘
14:50:33	71.38	--	3	21414	买盘
14:50:24	71.38	--	2	14276	买盘
14:50:21	71.38	0.01	27	192726	买盘
14:50:15	71.37	-0.01	2	14274	卖盘
14:50:06	71.38	--	1	7138	买盘
14:50:03	71.38	--	5	35690	买盘
14:49:57	71.38	-0.01	4	28552	卖盘
14:49:51	71.39	--	14	99946	买盘
14:49:45	71.39	--	3	21417	买盘
14:49:42	71.39	0.01	8	57112	买盘
14:49:39	71.38	--	2	14276	买盘
14:49:36	71.38	--	2	14276	买盘
14:49:33	71.38	--	18	128483	买盘
14:49:27	71.38	--	1	7138	买盘
14:49:18	71.38	--	6	42828	卖盘
14:49:15	71.38	--	7	49966	卖盘
14:49:09	71.38	--	18	128483	卖盘
14:49:06	71.38	-0.01	5	35690	卖盘
14:49:03	71.39	0.02	30	214955	买盘
14:48:54	71.37	-0.01	4	28548	卖盘
14:48:51	71.38	-0.01	3	21414	卖盘
14:48:42	71.39	--	3	21417	买盘
14:48:33	71.39	0.02	3	21417	买盘
14:48:27	71.37	-0.02	16	114192	卖盘
14:48:21	71.39	--	2	14278	买盘
14:48:18	71.39	-0.01	32	228448	卖盘
14:48:15	71.4	--	1	7140	买盘
14:48:12	71.4	--	3	21420	买盘
14:48:03	71.4	0.01	8	57120	买盘
14:48:00	71.39	--	8	57112	买盘
14:47:57	71.39	0.02	3	21417	买盘
14:47:54	71.37	-0.02	6	42822	卖盘
14:47:48	71.39	0.03	3	21417	买盘
14:47:42	71.36	-0.01	17	121312	卖盘
14:47:39	71.37	--	1	7137	买盘
14:47:33	71.37	--	4	28548	中性盘
14:47:30	71.37	-0.02	1	7137	卖盘
14:47:21	71.39	--	2	14278	买盘
14:47:03	71.39	0.03	3	21417	买盘
14:46:57	71.36	-0.03	15	107040	卖盘
14:46:51	71.39	--	7	49973	卖盘
14:46:45	71.39	--	3	21417	买盘
14:46:42	71.39	-0.01	3	21417	中性盘
14:46:33	71.4	0.01	8	57120	买盘
14:46:30	71.39	--	21	149919	买盘
14:46:27	71.39	-0.01	20	142780	卖盘
14:46:24	71.4	--	3	21420	买盘
14:46:18	71.4	0.01	3	21420	买盘
14:46:12	71.39	--	17	121363	卖盘
14:46:09	71.39	-0.01	1	7139	卖盘
14:46:06	71.4	-0.01	6	42840	中性盘
14:46:03	71.41	0.01	4	28564	买盘
14:45:51	71.4	--	4	28560	买盘
14:45:48	71.4	0.01	3	21420	买盘
14:45:42	71.39	-0.02	1	7139	卖盘
14:45:33	71.41	0.07	4	28564	买盘
14:45:27	71.34	-0.07	15	107010	卖盘
14:45:24	71.41	0.03	3	21423	买盘
14:45:18	71.38	--	2	14276	卖盘
14:45:15	71.38	--	1	7138	买盘
14:45:12	71.38	--	2	14276	买盘
14:45:06	71.38	--	1	7138	买盘
14:45:03	71.38	0.03	3	21414	中性盘
14:44:51	71.35	-0.03	5	35675	卖盘
14:44:45	71.38	0.03	2	14276	中性盘
14:44:42	71.35	-0.04	27	193643	卖盘
14:44:39	71.39	-0.01	1	7139	中性盘
14:44:36	71.4	--	5	35700	买盘
14:44:33	71.4	0.01	6	42840	买盘
14:44:24	71.39	-0.01	3	21417	中性盘
14:44:15	71.4	--	2	14280	买盘
14:44:09	71.4	0.02	34	242760	买盘
14:44:03	71.38	0.05	63	449694	买盘
14:43:57	71.33	-0.05	19	141661	卖盘
14:43:54	71.38	-0.02	2	14276	卖盘
14:43:45	71.4	0.03	6	43839	买盘
14:43:33	71.37	0.01	12	85644	中性盘
14:43:27	71.36	-0.02	12	85632	中性盘
14:43:21	71.38	0.05	7	49966	买盘
14:43:12	71.33	--	60	431546	卖盘
14:43:09	71.33	-0.01	5	35665	卖盘
14:43:06	71.34	-0.01	2	14268	买盘
14:43:03	71.35	-0.01	9	64214	买盘
14:43:00	71.36	0.01	13	92768	买盘
14:42:51	71.35	0.02	1	7134	买盘
14:42:48	71.33	--	2	14266	买盘
14:42:45	71.33	--	2	14266	买盘
14:42:42	71.33	--	61	435113	买盘
14:42:39	71.33	0.01	3	21399	买盘
14:42:36	71.32	-0.04	20	142640	卖盘
14:42:33	71.36	0.03	4	28544	买盘
14:42:27	71.33	-0.03	15	106995	卖盘
14:42:15	71.36	--	32	228352	卖盘
14:42:12	71.36	--	6	42816	卖盘
14:42:09	71.36	-0.01	1	7136	卖盘
14:42:06	71.37	--	1	7137	买盘
14:42:03	71.37	--	4	28548	买盘
14:42:00	71.37	-0.01	7	53527	卖盘
14:41:57	71.38	0.01	1	7138	买盘
14:41:54	71.37	--	8	57096	卖盘
14:41:48	71.37	--	5	35685	卖盘
14:41:42	71.37	--	19	139171	买盘
14:41:39	71.37	--	9	64233	买盘
14:41:33	71.37	--	5	35685	卖盘
14:41:30	71.37	--	13	92781	卖盘
14:41:21	71.37	--	10	71370	卖盘
14:41:18	71.37	-0.03	3	21411	卖盘
14:41:12	71.4	--	2	14280	买盘
14:41:09	71.4	--	5	35700	买盘
14:41:03	71.4	--	8	57120	买盘
14:41:00	71.4	0.03	3	21420	买盘
14:40:57	71.37	-0.01	27	192699	卖盘
14:40:54	71.38	-0.01	3	21414	卖盘
14:40:36	71.39	-0.01	1	7139	卖盘
14:40:33	71.4	--	3	21420	买盘
14:40:30	71.4	-0.01	75	535500	卖盘
14:40:21	71.41	0.01	1	7141	买盘
14:40:12	71.4	-0.01	15	107100	卖盘
14:40:09	71.41	0.01	3	21423	买盘
14:40:06	71.4	-0.01	31	221340	卖盘
14:40:03	71.41	--	4	28564	买盘
14:40:00	71.41	-0.01	1	7141	卖盘
14:39:57	71.42	--	1	7142	买盘
14:39:54	71.42	--	1	7142	买盘
14:39:51	71.42	--	2	14284	卖盘
14:39:45	71.42	--	8	57136	卖盘
14:39:36	71.42	--	1	7142	卖盘
14:39:27	71.42	-0.01	16	114272	卖盘
14:39:21	71.43	0.01	5	35715	卖盘
14:39:18	71.42	-0.02	2	14284	卖盘
14:39:15	71.44	0.01	1	7144	买盘
14:39:09	71.43	0.01	1	7143	买盘
14:39:06	71.42	--	2	14284	卖盘
14:39:03	71.42	--	1	7142	卖盘
14:39:00	71.42	--	4	28568	卖盘
14:38:54	71.42	0.01	10	71420	中性盘
14:38:42	71.41	-0.05	15	107115	卖盘
14:38:27	71.46	0.01	11	78606	买盘
14:38:21	71.45	0.01	1	7145	买盘
14:38:09	71.44	-0.01	1	7144	中性盘
14:37:57	71.45	--	20	142900	买盘
14:37:54	71.45	--	1	7145	买盘
14:37:48	71.45	0.02	3	21435	买盘
14:37:42	71.43	-0.03	9	64287	卖盘
14:37:27	71.46	0.04	1	7145	买盘
14:37:24	71.42	-0.04	1	7142	卖盘
14:37:21	71.46	0.05	1	7145	中性盘
14:37:12	71.41	-0.06	16	114256	卖盘
14:37:09	71.47	--	2	14294	买盘
14:37:06	71.47	0.01	4	28588	买盘
14:36:57	71.46	0.05	1	7145	买盘
14:36:42	71.41	-0.06	3	21423	卖盘
14:36:33	71.47	--	2	14294	中性盘
14:36:30	71.47	0.06	7	50029	买盘
14:36:27	71.41	--	15	107115	卖盘
14:36:24	71.41	--	14	99974	卖盘
14:36:15	71.41	-0.09	1	7141	卖盘
14:36:06	71.5	0.09	3	21450	买盘
14:36:03	71.41	0.01	1	7141	中性盘
14:35:51	71.4	--	2	14280	卖盘
14:35:48	71.4	-0.07	15	107100	卖盘
14:35:42	71.47	-0.03	1	7147	卖盘
14:35:39	71.5	--	33	235950	卖盘
14:35:30	71.5	--	3	21450	卖盘
14:35:18	71.5	0.1	13	92950	买盘
14:35:12	71.4	--	3	28488	买盘
14:35:06	71.4	-0.08	153	1092491	卖盘
14:35:00	71.48	0.01	1	7148	买盘
14:34:57	71.47	-0.01	15	107205	卖盘
14:34:45	71.48	0.01	1	7148	买盘
14:34:36	71.47	--	10	71470	卖盘
14:34:27	71.47	--	5	35735	卖盘
14:34:21	71.47	--	7	50029	卖盘
14:34:12	71.47	-0.01	19	135793	卖盘
14:34:03	71.48	--	4	28592	卖盘
14:34:00	71.48	0.01	9	64332	买盘
14:33:54	71.47	-0.01	7	50029	卖盘
14:33:51	71.48	0.01	1	7148	买盘
14:33:33	71.47	-0.01	12	85764	卖盘
14:33:30	71.48	0.01	1	7148	买盘
14:33:27	71.47	-0.01	16	114352	卖盘
14:33:21	71.48	--	4	28592	买盘
14:33:12	71.48	--	4	28592	买盘
14:33:06	71.48	--	1	7148	买盘
14:33:03	71.48	--	5	35740	卖盘
14:33:00	71.48	--	2	14296	买盘
14:32:57	71.48	0.01	1	7148	中性盘
14:32:42	71.47	-0.01	15	107205	卖盘
14:32:33	71.48	-0.01	3	21444	卖盘
14:32:27	71.49	--	1	7148	中性盘
14:32:24	71.49	-0.01	5	35745	卖盘
14:32:21	71.5	--	7	50050	买盘
14:32:18	71.5	--	4	28600	卖盘
14:32:12	71.5	--	21	150150	卖盘
14:32:06	71.5	--	7	50050	卖盘
14:32:03	71.5	--	5	35750	卖盘
14:31:57	71.5	--	15	107250	卖盘
14:31:48	71.5	0.01	3	21450	买盘
14:31:33	71.49	--	4	28595	卖盘
14:31:30	71.49	0.01	2	14297	中性盘
14:31:24	71.48	0.01	7	50036	中性盘
14:31:12	71.47	-0.04	18	128646	卖盘
14:31:09	71.51	0.01	1	7151	买盘
14:31:06	71.5	--	3	21450	买盘
14:31:03	71.5	--	1	7150	卖盘
14:31:00	71.5	--	1	7150	买盘
14:30:48	71.5	0.03	1	7150	中性盘
14:30:27	71.47	-0.04	15	107205	卖盘
14:30:24	71.51	--	3	21453	买盘
14:30:15	71.51	-0.01	1	7151	中性盘
14:30:00	71.52	--	2	14304	买盘
14:29:51	71.52	0.05	4	28608	买盘
14:29:42	71.47	-0.03	15	107205	卖盘
14:29:33	71.5	-0.02	2	14300	卖盘
14:29:30	71.52	--	2	14304	买盘
14:29:21	71.52	--	2	14304	买盘
14:29:12	71.52	0.01	10	71520	买盘
14:29:03	71.51	--	1	7151	卖盘
14:28:57	71.51	0.01	17	121567	买盘
14:28:45	71.5	-0.01	23	171528	卖盘
14:28:42	71.51	0.01	4	28604	买盘
14:28:30	71.5	-0.01	1	7150	卖盘
14:28:27	71.51	--	2	14302	买盘
14:28:24	71.51	--	5	35755	卖盘
14:28:12	71.51	--	15	107265	卖盘
14:28:03	71.51	0.01	2	14302	买盘
14:28:00	71.5	-0.01	2	14300	卖盘
14:27:57	71.51	--	4	28604	买盘
14:27:51	71.51	--	2	14302	买盘
14:27:45	71.51	0.01	1	7151	买盘
14:27:42	71.5	-0.01	15	107250	卖盘
14:27:39	71.51	--	2	14302	卖盘
14:27:36	71.51	--	12	85812	买盘
14:27:33	71.51	--	1	7151	买盘
14:27:30	71.51	0.01	7	50057	买盘
14:27:27	71.5	-0.02	15	107250	卖盘
14:27:00	71.52	--	1	7152	买盘
14:26:57	71.52	0.02	2	14304	买盘
14:26:48	71.5	--	27	193050	卖盘
14:26:42	71.5	-0.03	27	193050	卖盘
14:26:39	71.53	0.03	17	121601	买盘
14:26:24	71.5	--	2	14300	卖盘
14:26:15	71.5	--	1	7150	买盘
14:26:12	71.5	--	3	21450	卖盘
14:26:03	71.5	0.03	17	121550	买盘
14:25:57	71.47	-0.03	21	150087	卖盘
14:25:45	71.5	0.01	1	7150	买盘
14:25:42	71.49	--	2	14297	卖盘
14:25:36	71.49	--	6	42894	卖盘
14:25:30	71.49	-0.01	2	14297	卖盘
14:25:15	71.5	--	31	221650	卖盘
14:25:12	71.5	-0.05	15	107250	卖盘
14:25:09	71.55	0.01	10	71550	买盘
14:24:57	71.54	0.05	3	21462	买盘
14:24:51	71.49	0.04	4	28595	中性盘
14:24:27	71.45	--	16	114320	卖盘
14:24:24	71.45	-0.05	320	2286400	卖盘
14:24:15	71.5	0.02	2	14300	卖盘
14:24:12	71.48	-0.07	2	14296	卖盘
14:24:06	71.55	0.07	2	14310	买盘
14:24:03	71.48	--	2	14296	卖盘
14:24:00	71.48	-0.07	11	78628	卖盘
14:23:57	71.55	0.07	1	7155	买盘
14:23:54	71.48	0.01	4	28592	中性盘
14:23:51	71.47	0.01	27	192969	中性盘
14:23:42	71.46	-0.13	23	164358	卖盘
14:23:39	71.59	0.03	24	171816	买盘
14:23:36	71.56	--	7	50092	卖盘
14:23:33	71.56	--	20	143120	卖盘
14:23:30	71.56	--	1	7156	卖盘
14:23:27	71.56	-0.03	2	14312	卖盘
14:23:18	71.59	--	9	64431	买盘
14:23:12	71.59	--	38	272042	买盘
14:23:06	71.59	--	7	50113	买盘
14:23:03	71.59	0.03	1	7159	买盘
14:22:57	71.56	-0.03	17	121652	卖盘
14:22:48	71.59	0.03	29	207611	买盘
14:22:42	71.56	--	6	42936	买盘
14:22:33	71.56	0.03	5	35780	买盘
14:22:21	71.53	-0.03	1	7153	中性盘
14:22:15	71.56	0.1	2	14312	买盘
14:22:12	71.46	-0.1	16	114335	卖盘
14:22:09	71.56	0.1	19	135964	买盘
14:22:06	71.46	--	5	35730	买盘
14:22:03	71.46	0.01	2	14291	买盘
14:22:00	71.45	-0.01	1	7145	卖盘
14:21:57	71.46	0.01	2	14291	买盘
14:21:54	71.45	-0.01	3	21435	卖盘
14:21:45	71.46	--	2	14291	买盘
14:21:42	71.46	--	6	42875	买盘
14:21:39	71.46	--	10	71460	买盘
14:21:36	71.46	-0.1	1	7145	买盘
14:21:33	71.56	0.11	2	14312	买盘
14:21:27	71.45	-0.11	15	107175	卖盘
14:21:15	71.56	0.11	1	7156	买盘
14:21:03	71.45	--	52	371611	买盘
14:21:00	71.45	-0.11	7	57088	卖盘
14:20:51	71.56	--	2	14312	买盘
14:20:48	71.56	0.1	22	157432	买盘
14:20:42	71.46	--	5	35730	买盘
14:20:39	71.46	-0.11	125	893249	卖盘
14:20:21	71.57	0.01	1	7156	买盘
14:20:18	71.56	--	1	7156	卖盘
14:20:09	71.56	0.1	3	21468	买盘
14:19:57	71.46	--	16	114335	卖盘
14:19:54	71.46	-0.11	2	14291	卖盘
14:19:42	71.57	0.11	2	14313	买盘
14:19:39	71.46	-0.11	10	71460	中性盘
14:19:27	71.57	0.12	3	21470	买盘
14:19:15	71.45	--	2	14290	卖盘
14:19:12	71.45	-0.14	47	335815	卖盘
14:19:06	71.59	0.13	22	157498	买盘
14:19:03	71.46	0.01	4	28583	中性盘
14:18:48	71.45	-0.14	20	142900	卖盘
14:18:45	71.59	0.11	2	14318	买盘
14:18:42	71.48	--	5	35740	买盘
14:18:39	71.48	--	5	35740	买盘
14:18:36	71.48	--	2	14296	买盘
14:18:33	71.48	0.03	2	14296	买盘
14:18:27	71.45	-0.03	15	107175	卖盘
14:18:24	71.48	0.03	3	21444	买盘
14:18:21	71.45	-0.03	39	278655	卖盘
14:18:12	71.48	--	167	1193716	买盘
14:18:09	71.48	--	16	114368	买盘
14:18:03	71.48	0.03	2	14296	买盘
14:18:00	71.45	0.08	13	92956	买盘
14:17:57	71.37	--	110	785070	卖盘
14:17:42	71.37	0.02	46	328302	买盘
14:17:39	71.35	--	5	35675	买盘
14:17:36	71.35	--	1	7134	买盘
14:17:30	71.35	-0.1	134	956089	买盘
14:17:21	71.45	0.1	82	585890	买盘
14:17:15	71.35	0.02	35	249724	中性盘
14:16:57	71.33	-0.02	130	927290	卖盘
14:16:54	71.35	--	5	35675	买盘
14:16:48	71.35	--	1	7134	买盘
14:16:45	71.35	-0.09	21	149835	卖盘
14:16:42	71.44	0.09	2	14288	买盘
14:16:39	71.35	--	7	49944	卖盘
14:16:33	71.35	--	8	57079	买盘
14:16:30	71.35	--	1	7134	买盘
14:16:24	71.35	--	14	99889	买盘
14:16:21	71.35	0.03	1	7134	买盘
14:16:18	71.32	-0.03	4	28527	卖盘
14:16:12	71.35	0.03	16	114159	买盘
14:16:09	71.32	-0.03	3	21395	卖盘
14:16:06	71.35	--	3	21405	买盘
14:16:03	71.35	0.01	15	107024	买盘
14:16:00	71.34	-0.01	4	28536	卖盘
14:15:57	71.35	--	5	35675	买盘
14:15:51	71.35	--	3	21405	买盘
14:15:48	71.35	-0.02	31	221184	卖盘
14:15:27	71.37	-0.08	16	114192	卖盘
14:15:15	71.45	0.17	2	14290	买盘
14:15:12	71.28	-0.17	200	1425600	卖盘
14:14:57	71.45	0.14	1	7145	买盘
14:14:54	71.31	-0.01	15	106965	卖盘
14:14:48	71.32	--	8	57055	买盘
14:14:45	71.32	--	5	35660	买盘
14:14:42	71.32	--	11	78451	买盘
14:14:39	71.32	-0.07	41	292412	卖盘
14:14:36	71.39	--	15	107085	买盘
14:14:24	71.39	0.03	37	264143	买盘
14:14:21	71.36	-0.02	5	35680	卖盘
14:14:18	71.38	--	5	35690	买盘
14:14:03	71.38	--	8	57104	买盘
14:14:00	71.38	0.06	13	92794	买盘
14:13:57	71.32	0.01	41	292412	买盘
14:13:54	71.31	--	2	14262	买盘
14:13:45	71.31	--	7	49917	买盘
14:13:42	71.31	0.01	1	7131	买盘
14:13:39	71.3	--	24	171120	买盘
14:13:36	71.3	--	12	85560	买盘
14:13:33	71.3	0.01	3	21390	买盘
14:13:30	71.29	-0.01	7	49903	卖盘
14:13:27	71.3	--	2	14260	买盘
14:13:21	71.3	--	4	28520	买盘
14:13:15	71.3	0.01	15	106950	买盘
14:13:12	71.29	-0.01	19	135451	卖盘
14:13:09	71.3	--	14	99820	买盘
14:13:06	71.3	--	2	14260	买盘
14:13:00	71.3	--	1	7130	买盘
14:12:45	71.3	--	1	7130	买盘
14:12:42	71.3	--	2	14260	买盘
14:12:36	71.3	--	3	21390	买盘
14:12:30	71.3	0.01	13	92690	买盘
14:12:27	71.29	-0.01	15	106935	卖盘
14:12:24	71.3	--	9	64170	买盘
14:12:15	71.3	0.01	3	21390	中性盘
14:12:12	71.29	-0.02	7	49903	卖盘
14:12:09	71.31	--	10	71310	买盘
14:12:06	71.31	0.02	2	14262	买盘
14:11:54	71.29	-0.02	6	42774	卖盘
14:11:48	71.31	0.02	2	14262	买盘
14:11:42	71.29	-0.02	17	121193	卖盘
14:11:39	71.31	--	11	78441	买盘
14:11:36	71.31	--	14	99834	卖盘
14:11:30	71.31	-0.02	11	78441	卖盘
14:11:21	71.33	0.02	3	21399	买盘
14:11:15	71.31	-0.02	3	21393	卖盘
14:11:12	71.33	0.02	8	57064	买盘
14:11:09	71.31	-0.01	32	228192	卖盘
14:11:06	71.32	0.01	2	14263	买盘
14:11:00	71.31	0.02	44	313764	买盘
14:10:57	71.29	-0.02	15	106935	卖盘
14:10:51	71.31	-0.01	6	42786	中性盘
14:10:45	71.32	0.02	2	14263	买盘
14:10:36	71.3	0.01	3	21390	中性盘
14:10:33	71.29	-0.01	9	64161	卖盘
14:10:30	71.3	-0.02	3	21390	卖盘
14:10:27	71.32	0.02	1	7131	买盘
14:10:15	71.3	0.02	8	57040	买盘
14:10:12	71.28	-0.02	16	114048	卖盘
14:10:06	71.3	-0.02	37	263810	卖盘
14:10:03	71.32	0.02	1	7131	买盘
14:10:00	71.3	--	1	7130	卖盘
14:09:54	71.3	--	1	7130	卖盘
14:09:51	71.3	0.02	1	7130	中性盘
14:09:45	71.28	--	6	42768	卖盘
14:09:42	71.28	-0.01	52	370656	卖盘
14:09:39	71.29	-0.04	4	28516	中性盘
14:09:33	71.33	-0.02	1	7133	中性盘
14:09:30	71.35	0.01	5	35675	买盘
14:09:27	71.34	0.06	29	206886	中性盘
14:09:18	71.28	-0.07	100	712800	卖盘
14:09:12	71.35	--	2	14269	买盘
14:09:09	71.35	0.02	3	21405	买盘
14:09:06	71.33	-0.02	10	71330	卖盘
14:09:03	71.35	-0.03	1	7134	中性盘
14:09:00	71.38	0.01	9	64241	买盘
14:08:57	71.37	0.02	106	756522	中性盘
14:08:51	71.35	-0.02	12	85620	卖盘
14:08:48	71.37	0.02	2	14274	买盘
14:08:42	71.35	-0.03	15	107024	卖盘
14:08:39	71.38	--	6	42828	买盘
14:08:36	71.38	--	3	21414	买盘
14:08:33	71.38	--	12	85656	买盘
14:08:27	71.38	--	3	21414	买盘
14:08:21	71.38	--	6	42828	买盘
14:08:18	71.38	--	14	99932	买盘
14:08:15	71.38	0.01	4	28552	买盘
14:08:12	71.37	-0.01	4	28548	卖盘
14:08:09	71.38	--	10	71380	买盘
14:08:06	71.38	-0.01	2	14276	中性盘
14:08:00	71.39	--	3	21417	买盘
14:07:57	71.39	0.01	77	549703	买盘
14:07:54	71.38	-0.01	3	21414	卖盘
14:07:48	71.39	0.01	2	14278	买盘
14:07:45	71.38	-0.01	7	49966	卖盘
14:07:39	71.39	--	32	228448	买盘
14:07:36	71.39	0.01	2	14278	买盘
14:07:33	71.38	-0.01	2	14276	卖盘
14:07:27	71.39	-0.01	47	335533	卖盘
14:07:24	71.4	-0.03	8	57120	卖盘
14:07:15	71.43	0.03	1	7143	买盘
14:07:12	71.4	--	19	135660	卖盘
14:06:57	71.4	-0.05	1	7140	卖盘
14:06:54	71.45	0.01	3	21435	买盘
14:06:51	71.44	--	2	14288	中性盘
14:06:45	71.44	--	1	7144	买盘
14:06:42	71.44	0.05	1	7144	买盘
14:06:36	71.39	--	3	21417	买盘
14:06:33	71.39	0.01	2	14278	卖盘
14:06:27	71.38	-0.01	16	114208	卖盘
14:06:24	71.39	--	25	178475	买盘
14:06:21	71.39	--	8	57112	买盘
14:06:18	71.39	--	11	78529	买盘
14:06:15	71.39	--	14	99946	买盘
14:06:12	71.39	--	32	228448	买盘
14:06:09	71.39	--	14	99946	买盘
14:06:06	71.39	--	10	71390	买盘
14:06:03	71.39	-0.01	14	99946	买盘
14:06:00	71.4	-0.05	13	92820	卖盘
14:05:57	71.45	0.05	35	250075	买盘
14:05:51	71.4	-0.01	6	42840	卖盘
14:05:48	71.41	--	3	21423	买盘
14:05:45	71.41	0.01	1	7141	买盘
14:05:42	71.4	-0.05	17	121380	卖盘
14:05:36	71.45	0.05	2	14290	买盘
14:05:33	71.4	-0.03	152	1085280	卖盘
14:05:27	71.43	--	2	14286	卖盘
14:05:24	71.43	-0.01	11	78573	中性盘
14:05:21	71.44	0.01	2	14288	中性盘
14:05:18	71.43	--	5	35715	买盘
14:05:12	71.43	--	2	14286	卖盘
14:05:09	71.43	--	3	21429	买盘
14:05:06	71.43	-0.02	2	14286	买盘
14:05:03	71.45	0.04	1	7145	买盘
14:04:57	71.41	-0.04	16	114256	卖盘
14:04:51	71.45	0.04	2	14290	买盘
14:04:48	71.41	-0.03	152	1085432	卖盘
14:04:45	71.44	--	13	92872	买盘
14:04:42	71.44	--	2	14288	买盘
14:04:33	71.44	-0.02	3	21432	卖盘
14:04:21	71.46	--	12	85751	买盘
14:04:18	71.46	0.02	9	64313	买盘
14:04:12	71.44	-0.02	15	107160	卖盘
14:04:09	71.46	0.02	4	28583	买盘
14:04:06	71.44	-0.02	1	7144	卖盘
14:04:00	71.46	-0.04	4	28583	中性盘
14:03:57	71.5	0.06	2	14300	买盘
14:03:54	71.44	-0.06	11	78584	卖盘
14:03:45	71.5	0.02	3	21450	买盘
14:03:39	71.48	-0.02	1	7148	中性盘
14:03:30	71.5	0.06	7	50050	买盘
14:03:27	71.44	-0.04	17	121448	卖盘
14:03:21	71.48	--	1	7148	买盘
14:03:18	71.48	-0.02	2	14296	卖盘
14:03:15	71.5	0.02	5	35750	买盘
14:03:09	71.48	-0.02	3	21444	卖盘
14:03:06	71.5	0.02	4	28600	买盘
14:02:57	71.48	0.01	3	21444	买盘
14:02:48	71.47	--	1	7147	买盘
14:02:45	71.47	0.04	2	14294	买盘
14:02:42	71.43	-0.04	18	128574	卖盘
14:02:39	71.47	--	2	14294	买盘
14:02:36	71.47	0.04	12	85764	买盘
14:02:24	71.43	-0.04	103	735729	卖盘
14:02:21	71.47	-0.01	82	586054	卖盘
14:02:18	71.48	-0.02	2	14296	卖盘
14:02:15	71.5	--	4	28600	买盘
14:02:09	71.5	--	1	7150	买盘
14:02:03	71.5	0.03	2	14300	中性盘
14:01:57	71.47	0.02	16	114352	卖盘
14:01:51	71.45	-0.14	100	714500	卖盘
14:01:42	71.59	--	2	14318	买盘
14:01:36	71.59	--	1	7159	买盘
14:01:27	71.59	--	1	7159	买盘
14:01:21	71.59	0.11	2	14318	中性盘
14:01:12	71.48	-0.12	15	107220	卖盘
14:01:09	71.6	0.1	27	193319	买盘
14:00:57	71.5	0.02	1	7150	中性盘
14:00:45	71.48	--	2	14296	卖盘
14:00:42	71.48	-0.12	14	100072	卖盘
14:00:39	71.6	--	2	14319	买盘
14:00:33	71.6	0.13	1	7159	买盘
14:00:27	71.47	-0.12	17	121499	卖盘
14:00:24	71.59	0.11	3	21477	买盘
14:00:18	71.48	0.01	2	14296	中性盘
13:59:57	71.47	0.02	3	21441	中性盘
13:59:42	71.45	-0.15	15	107175	卖盘
13:59:39	71.6	0.1	251	1797159	买盘
13:59:27	71.5	-0.09	4	28600	卖盘
13:59:24	71.59	0.09	1	7159	买盘
13:59:21	71.5	-0.09	2	14300	卖盘
13:59:15	71.59	0.09	6	42954	买盘
13:59:12	71.5	--	2	14300	卖盘
13:59:09	71.5	--	13	92950	卖盘
13:58:57	71.5	-0.1	24	171600	卖盘
13:58:45	71.6	--	1	7159	买盘
13:58:33	71.6	--	2	14319	买盘
13:58:18	71.6	--	5	35800	买盘
13:58:12	71.6	0.12	17	121719	买盘
13:58:00	71.48	-0.12	11	78628	卖盘
13:57:51	71.6	--	3	21480	买盘
13:57:33	71.6	0.13	5	35800	买盘
13:57:27	71.47	-0.01	25	184321	卖盘
13:57:15	71.48	-0.12	15	107220	卖盘
13:57:12	71.6	--	2	14319	买盘
13:57:03	71.6	--	2	14319	买盘
13:57:00	71.6	--	3	21480	买盘
13:56:57	71.6	--	1	7159	买盘
13:56:51	71.6	0.13	14	100239	买盘
13:56:42	71.47	--	16	114352	卖盘
13:56:36	71.47	--	4	28588	买盘
13:56:30	71.47	-0.13	46	328762	卖盘
13:56:27	71.6	0.08	2	14319	买盘
13:56:24	71.52	0.04	1	7152	中性盘
13:56:03	71.48	-0.09	16	114368	卖盘
13:55:57	71.57	--	8	57255	卖盘
13:55:51	71.57	--	2	14313	卖盘
13:55:48	71.57	-0.01	18	128825	卖盘
13:55:42	71.58	0.01	2	14316	买盘
13:55:15	71.57	0.07	10	71570	买盘
13:55:12	71.5	-0.06	15	107250	卖盘
13:55:09	71.56	-0.01	1	7156	中性盘
13:55:06	71.57	0.07	2	14313	买盘
13:55:03	71.5	--	2	14300	卖盘
13:54:54	71.5	--	30	214500	买盘
13:54:51	71.5	--	5	35750	买盘
13:54:42	71.5	--	3	21450	卖盘
13:54:39	71.5	-0.08	1	7150	卖盘
13:54:33	71.58	0.08	2	14316	买盘
13:54:27	71.5	-0.08	15	107250	卖盘
13:54:24	71.58	0.06	2	14316	买盘
13:54:18	71.52	-0.06	3	21456	卖盘
13:54:15	71.58	0.07	1	7158	买盘
13:53:45	71.51	0.04	1	7151	买盘
13:53:42	71.47	-0.04	18	128646	卖盘
13:53:33	71.51	--	2	14302	买盘
13:53:21	71.51	--	1	7151	买盘
13:53:06	71.51	0.06	2	14302	买盘
13:53:00	71.45	-0.07	15	107175	卖盘
13:52:54	71.52	0.06	2	14304	中性盘
13:52:48	71.46	-0.13	101	721745	卖盘
13:52:42	71.59	--	3	21477	买盘
13:52:27	71.59	--	1	7159	买盘
13:52:18	71.59	0.09	2	14318	买盘
13:52:12	71.5	-0.09	16	114400	卖盘
13:52:09	71.59	0.06	7	50113	买盘
13:51:51	71.53	--	1	7153	买盘
13:51:48	71.53	--	1	7153	卖盘
13:51:45	71.53	-0.07	1	7153	中性盘
13:51:36	71.6	0.1	2	14319	买盘
13:51:33	71.5	-0.09	2	14300	卖盘
13:51:30	71.59	0.09	3	21477	买盘
13:51:27	71.5	-0.02	19	135850	卖盘
13:51:24	71.52	0.02	1	7152	买盘
13:51:21	71.5	0.05	4	28600	中性盘
13:51:09	71.45	-0.15	150	1071750	卖盘
13:50:57	71.6	-0.05	11	78760	卖盘
13:50:45	71.65	0.15	1	7165	中性盘
13:50:42	71.5	-0.01	17	121550	卖盘
13:50:39	71.51	-0.07	3	21453	卖盘
13:50:33	71.58	-0.03	1	7158	中性盘
13:50:24	71.61	--	1	7161	卖盘
13:50:12	71.61	-0.07	7	50127	中性盘
13:50:09	71.68	0.01	6	43008	买盘
13:50:06	71.67	--	2	14334	买盘
13:50:03	71.67	0.21	15	107505	买盘
13:49:57	71.46	-0.01	15	111406	卖盘
13:49:54	71.47	-0.01	18	128646	卖盘
13:49:48	71.48	-0.07	125	896430	卖盘
13:49:45	71.55	0.04	1	7155	中性盘
13:49:33	71.51	--	1	7151	买盘
13:49:30	71.51	--	2	14302	买盘
13:49:18	71.51	-0.13	2	14302	中性盘
13:49:15	71.64	0.16	6	42984	买盘
13:49:12	71.48	-0.01	16	114368	卖盘
13:49:03	71.49	0.01	1	7148	中性盘
13:49:00	71.48	-0.13	450	3216600	卖盘
13:48:57	71.61	--	1	7161	卖盘
13:48:54	71.61	-0.06	1	7161	卖盘
13:48:51	71.67	0.14	1	7167	买盘
13:48:45	71.53	0.01	2	14306	中性盘
13:48:30	71.52	-0.03	143	1022736	卖盘
13:48:27	71.55	-0.06	15	107325	卖盘
13:48:24	71.61	0.06	4	28644	买盘
13:48:21	71.55	-0.02	150	1073250	卖盘
13:48:12	71.57	-0.1	8	57255	卖盘
13:47:57	71.67	0.1	1	7167	买盘
13:47:42	71.57	-0.11	18	128825	卖盘
13:47:09	71.68	--	45	322560	买盘
13:47:03	71.68	0.11	1	7168	买盘
13:46:57	71.57	-0.11	15	107354	卖盘
13:46:51	71.68	--	5	35840	买盘
13:46:45	71.68	--	1	7168	买盘
13:46:36	71.68	0.01	4	28672	买盘
13:46:30	71.67	0.1	3	21501	买盘
13:46:18	71.57	--	2	14313	卖盘
13:46:12	71.57	-0.09	15	107354	卖盘
13:46:09	71.66	0.08	2	14332	中性盘
13:46:03	71.58	-0.1	3	21474	卖盘
13:46:00	71.68	0.1	3	21504	买盘
13:45:57	71.58	-0.09	5	35790	卖盘
13:45:51	71.67	0.09	3	21501	中性盘
13:45:27	71.58	-0.1	16	114528	卖盘
13:45:15	71.68	0.01	1	7168	买盘
13:45:12	71.67	0.1	6	43002	买盘
13:45:06	71.57	-0.01	2	14313	卖盘
13:44:54	71.58	-0.1	17	121686	卖盘
13:44:45	71.68	0.1	1	7168	买盘
13:44:42	71.58	-0.09	15	107370	卖盘
13:44:39	71.67	-0.01	2	14334	中性盘
13:44:21	71.68	0.06	1	7168	买盘
13:44:06	71.62	-0.07	3	21486	卖盘
13:44:03	71.69	0.07	2	14338	买盘
13:43:57	71.62	--	27	193374	买盘
13:43:48	71.62	0.05	4	28648	中性盘
13:43:27	71.57	-0.09	13	93040	卖盘
13:43:12	71.66	--	3	21498	卖盘
13:43:00	71.66	-0.04	7	50162	卖盘
13:42:54	71.7	0.09	31	222270	买盘
13:42:51	71.61	-0.06	2	14322	卖盘
13:42:48	71.67	--	3	21501	买盘
13:42:33	71.67	0.07	1	7167	买盘
13:42:30	71.6	0.03	1	7159	中性盘
13:42:27	71.57	--	15	107354	卖盘
13:42:21	71.57	--	8	57327	买盘
13:42:18	71.57	--	5	35785	买盘
13:42:12	71.57	--	6	42941	买盘
13:42:09	71.57	--	1	7156	买盘
13:42:06	71.57	0.01	20	143140	买盘
13:42:03	71.56	--	4	28624	卖盘
13:41:54	71.56	-0.01	16	114496	卖盘
13:41:51	71.57	--	2	14313	买盘
13:41:48	71.57	--	5	35785	买盘
13:41:45	71.57	0.01	5	39936	买盘
13:41:42	71.56	-0.01	15	107340	卖盘
13:41:39	71.57	--	1	7156	买盘
13:41:36	71.57	0.01	1	7156	买盘
13:41:33	71.56	-0.01	2	14312	卖盘
13:41:30	71.57	--	8	57255	买盘
13:41:27	71.57	0.01	1	7156	买盘
13:41:18	71.56	-0.03	1	7156	卖盘
13:41:09	71.59	0.03	3	21477	中性盘
13:40:57	71.56	-0.04	17	121652	卖盘
13:40:51	71.6	0.03	3	21480	买盘
13:40:48	71.57	-0.02	7	50098	卖盘
13:40:45	71.59	--	1	7159	买盘
13:40:42	71.59	0.02	1	7159	买盘
13:40:39	71.57	-0.03	0	2504	卖盘
13:40:33	71.6	--	3	21480	买盘
13:40:27	71.6	--	2	14319	买盘
13:40:15	71.6	0.04	8	57279	买盘
13:40:12	71.56	-0.03	15	107340	卖盘
13:40:06	71.59	-0.01	4	28636	中性盘
13:39:57	71.6	--	24	175706	卖盘
13:39:54	71.6	-0.1	7	50119	卖盘
13:39:51	71.7	--	1	7170	买盘
13:39:48	71.7	0.09	12	86040	买盘
13:39:45	71.61	-0.09	9	64449	卖盘
13:39:42	71.7	-0.01	2	14340	买盘
13:39:39	71.71	--	39	285262	卖盘
13:39:36	71.71	--	2	14341	卖盘
13:39:33	71.71	--	9	64538	卖盘
13:39:27	71.71	--	15	107564	卖盘
13:39:21	71.71	-0.08	274	1964853	卖盘
13:39:18	71.79	0.02	1	7179	中性盘
13:39:12	71.77	-0.03	13	93301	卖盘
13:38:57	71.8	0.03	1	7180	买盘
13:38:51	71.77	0.06	5	35885	买盘
13:38:42	71.71	-0.06	25	179274	卖盘
13:38:39	71.77	0.06	2	14354	买盘
13:38:36	71.71	--	1	10756	卖盘
13:38:33	71.71	--	4	28683	卖盘
13:38:30	71.71	0.07	157	1131010	买盘
13:38:21	71.64	0.03	20	143280	买盘
13:38:18	71.61	--	2	14322	卖盘
13:38:12	71.61	-0.02	4	28644	卖盘
13:38:03	71.63	0.02	1	7163	买盘
13:37:57	71.61	--	6	42966	卖盘
13:37:54	71.61	-0.02	0	3294	卖盘
13:37:51	71.63	--	3	21489	买盘
13:37:39	71.63	0.02	3	21489	买盘
13:37:33	71.61	0.05	1	7161	买盘
13:37:30	71.56	--	2	14312	卖盘
13:37:12	71.56	-0.05	15	107340	卖盘
13:37:09	71.61	0.05	3	21483	中性盘
13:36:51	71.56	-0.05	0	1431	买盘
13:36:48	71.61	0.05	2	14322	买盘
13:36:42	71.56	-0.06	1	7156	中性盘
13:36:36	71.62	0.07	3	21486	买盘
13:36:27	71.55	-0.06	16	114480	卖盘
13:36:21	71.61	-0.01	2	14322	中性盘
13:36:15	71.62	0.04	1	7448	买盘
13:36:03	71.58	0.02	1	7158	买盘
13:35:54	71.56	0.01	0	930	中性盘
13:35:48	71.55	-0.01	6	42930	卖盘
13:35:42	71.56	-0.06	9	64404	卖盘
13:35:36	71.62	0.04	1	7162	买盘
13:35:33	71.58	--	0	5440	卖盘
13:35:27	71.58	--	3	21474	买盘
13:35:21	71.58	0.01	1	7158	买盘
13:35:15	71.57	0.03	2	14313	中性盘
13:35:00	71.54	--	2	14308	卖盘
13:34:57	71.54	-0.08	15	108740	卖盘
13:34:54	71.62	--	1	7162	买盘
13:34:39	71.62	0.05	4	28648	买盘
13:34:27	71.57	0.02	1	7156	中性盘
13:34:24	71.55	0.02	0	715	中性盘
13:34:18	71.53	--	8	57224	卖盘
13:34:12	71.53	-0.02	27	193131	卖盘
13:34:09	71.55	0.01	10	71550	买盘
13:34:06	71.54	-0.01	7	50078	卖盘
13:33:57	71.55	--	2	14310	买盘
13:33:54	71.55	-0.08	11	78705	卖盘
13:33:33	71.63	0.07	2	14326	买盘
13:33:30	71.56	-0.02	2	14312	买盘
13:33:27	71.58	-0.03	2	20686	卖盘
13:33:24	71.61	-0.02	1	7161	卖盘
13:33:15	71.63	0.02	2	14326	买盘
13:33:12	71.61	--	0	787	卖盘
13:33:00	71.61	0.08	3	21483	中性盘
13:32:42	71.53	-0.11	15	107295	卖盘
13:32:39	71.64	0.08	1	7164	买盘
13:32:33	71.56	--	2	14312	卖盘
13:32:30	71.56	--	1	7156	卖盘
13:32:12	71.56	--	2	14312	卖盘
13:32:09	71.56	-0.05	4	28624	卖盘
13:32:06	71.61	0.05	2	14322	买盘
13:31:57	71.56	--	16	114496	卖盘
13:31:51	71.56	-0.05	1	9159	卖盘
13:31:48	71.61	-0.03	2	14322	卖盘
13:31:45	71.64	0.12	1	7164	买盘
13:31:12	71.52	-0.12	15	107995	卖盘
13:30:51	71.64	0.08	1	7164	买盘
13:30:39	71.56	0.04	2	14312	买盘
13:30:33	71.52	--	2	14304	卖盘
13:30:27	71.52	-0.02	21	150192	卖盘
13:30:18	71.54	-0.02	1	13735	卖盘
13:30:09	71.56	--	13	93028	卖盘
13:30:00	71.56	--	1	7156	买盘
13:29:57	71.56	0.02	1	7156	中性盘
13:29:48	71.54	--	0	4077	卖盘
13:29:42	71.54	0.01	34	244022	买盘
13:29:39	71.53	-0.01	1	7153	卖盘
13:29:21	71.54	--	2	14308	买盘
13:29:12	71.54	--	2	14308	买盘
13:29:03	71.54	0.01	14	100156	中性盘
13:28:57	71.53	-0.01	15	107295	卖盘
13:28:48	71.54	--	2	14308	卖盘
13:28:39	71.54	--	2	19888	卖盘
13:28:27	71.54	--	3	26755	买盘
13:28:24	71.54	--	1	9014	卖盘
13:28:18	71.54	0.02	0	5293	中性盘
13:28:12	71.52	-0.04	16	114432	卖盘
13:28:09	71.56	0.02	1	7156	买盘
13:28:03	71.54	-0.02	2	14308	卖盘
13:27:57	71.56	0.02	2	14312	买盘
13:27:45	71.54	0.02	1	7654	买盘
13:27:27	71.52	-0.02	17	121584	卖盘
13:27:15	71.54	0.02	5	35770	买盘
13:27:06	71.52	-0.02	14	100128	卖盘
13:26:57	71.54	--	1	7154	买盘
13:26:51	71.54	0.02	1	7154	买盘
13:26:42	71.52	-0.02	15	107280	卖盘
13:26:36	71.54	0.02	1	7154	买盘
13:26:33	71.52	-0.02	7	50064	卖盘
13:26:21	71.54	--	1	7154	买盘
13:26:00	71.54	0.03	3	21462	买盘
13:25:57	71.51	-0.03	16	114416	卖盘
13:25:51	71.54	--	54	386316	买盘
13:25:39	71.54	--	1	7154	买盘
13:25:36	71.54	--	5	35770	买盘
13:25:30	71.54	--	2	14308	买盘
13:25:27	71.54	0.03	1	7154	买盘
13:25:12	71.51	-0.03	15	107265	卖盘
13:25:09	71.54	0.02	2	14308	买盘
13:24:54	71.52	-0.02	6	42912	卖盘
13:24:42	71.54	-0.01	19	135926	卖盘
13:24:39	71.55	--	4	28620	买盘
13:24:33	71.55	0.01	1	7155	买盘
13:24:27	71.54	-0.01	17	121618	卖盘
13:24:18	71.55	--	1	7155	买盘
13:24:09	71.55	--	32	228960	买盘
13:23:45	71.55	0.04	2	14310	买盘
13:23:42	71.51	-0.03	20	143020	卖盘
13:23:39	71.54	--	1	7154	买盘
13:23:36	71.54	--	2	14308	买盘
13:23:24	71.54	-0.01	2	14308	中性盘
13:23:03	71.55	--	2	14310	买盘
13:23:00	71.55	0.04	2	14310	买盘
13:22:57	71.51	-0.03	15	107265	卖盘
13:22:48	71.54	-0.01	0	786	卖盘
13:22:45	71.55	0.01	1	7155	买盘
13:22:39	71.54	0.03	1	7154	买盘
13:22:33	71.51	--	3	21453	卖盘
13:22:24	71.51	-0.03	3	21453	卖盘
13:22:21	71.54	0.04	2	14308	买盘
13:22:15	71.5	--	20	148720	卖盘
13:22:12	71.5	-0.01	15	107250	卖盘
13:22:06	71.51	--	1	7151	买盘
13:22:03	71.51	--	1	7151	买盘
13:22:00	71.51	--	3	21453	买盘
13:21:54	71.51	--	10	71510	买盘
13:21:51	71.51	--	4	28604	买盘
13:21:48	71.51	0.01	3	21453	买盘
13:21:45	71.5	-0.01	6	45760	卖盘
13:21:39	71.51	--	4	28604	买盘
13:21:36	71.51	--	11	78661	买盘
13:21:33	71.51	--	17	123712	卖盘
13:21:27	71.51	-0.04	17	121567	卖盘
13:21:24	71.55	0.04	5	35775	买盘
13:21:21	71.51	-0.04	7	50057	卖盘
13:21:00	71.55	--	5	35775	买盘
13:20:57	71.55	--	3	21465	买盘
13:20:48	71.55	0.05	6	47938	买盘
13:20:42	71.5	-0.01	16	114400	卖盘
13:20:39	71.51	-0.04	23	166618	卖盘
13:20:27	71.55	--	3	21465	买盘
13:20:21	71.55	0.04	2	14310	买盘
13:20:18	71.51	-0.04	23	164473	卖盘
13:20:12	71.55	--	12	85860	买盘
13:20:03	71.55	0.04	1	7155	买盘
13:19:57	71.51	-0.01	15	107265	卖盘
13:19:51	71.52	0.01	3	26462	中性盘
13:19:39	71.51	--	1	7151	卖盘
13:19:36	71.51	--	4	28604	卖盘
13:19:33	71.51	--	2	14302	卖盘
13:19:30	71.51	-0.04	1	7151	卖盘
13:19:21	71.55	0.05	2	14310	买盘
13:19:12	71.5	-0.05	18	128700	卖盘
13:19:09	71.55	--	2	14310	买盘
13:19:06	71.55	--	2	14310	买盘
13:18:54	71.55	0.05	2	14310	买盘
13:18:48	71.5	-0.05	6	42900	卖盘
13:18:45	71.55	0.05	4	28620	买盘
13:18:39	71.5	-0.01	1	7150	卖盘
13:18:33	71.51	0.01	2	14302	中性盘
13:18:27	71.5	-0.05	15	107250	卖盘
13:18:21	71.55	--	1	7155	买盘
13:18:15	71.55	--	101	722655	买盘
13:18:12	71.55	--	2	14310	买盘
13:18:09	71.55	--	1	7155	买盘
13:18:06	71.55	--	8	57240	买盘
13:17:48	71.55	0.05	1	7155	买盘
13:17:42	71.5	--	16	114400	卖盘
13:17:33	71.5	-0.05	84	600600	卖盘
13:17:30	71.55	--	2	14310	买盘
13:17:27	71.55	--	2	14310	买盘
13:17:24	71.55	--	40	286200	买盘
13:17:21	71.55	--	1	7155	买盘
13:17:15	71.55	--	4	28620	买盘
13:17:00	71.55	0.03	2	14310	买盘
13:16:57	71.52	-0.03	16	114432	卖盘
13:16:48	71.55	--	2	14310	买盘
13:16:33	71.55	0.01	3	21465	买盘
13:16:30	71.54	--	1	7154	买盘
13:16:27	71.54	--	1	7154	买盘
13:16:21	71.54	0.03	1	7154	买盘
13:16:12	71.51	-0.04	35	250285	卖盘
13:16:09	71.55	--	1	7155	买盘
13:16:06	71.55	0.01	7	50085	买盘
13:16:00	71.54	--	6	42924	买盘
13:15:57	71.54	--	1	7154	买盘
13:15:54	71.54	-0.01	3	21462	卖盘
13:15:51	71.55	--	1	7155	买盘
13:15:48	71.55	--	1	7155	买盘
13:15:42	71.55	--	4	28620	买盘
13:15:33	71.55	--	6	42930	买盘
13:15:30	71.55	-0.02	82	591003	卖盘
13:15:27	71.57	-0.01	7	50098	卖盘
13:15:15	71.58	-0.05	1	7158	卖盘
13:15:12	71.63	0.07	6	42978	中性盘
13:14:42	71.56	-0.05	13	95890	卖盘
13:14:39	71.61	0.01	1	7161	买盘
13:14:33	71.6	--	2	14319	卖盘
13:14:21	71.6	-0.01	1	7159	卖盘
13:14:12	71.61	--	2	14322	买盘
13:14:00	71.61	0.06	2	14322	买盘
13:13:57	71.55	-0.06	27	193185	卖盘
13:13:45	71.61	0.05	1	7161	买盘
13:13:42	71.56	-0.05	12	85872	卖盘
13:13:36	71.61	0.04	5	35805	买盘
13:13:30	71.57	--	1	7156	卖盘
13:13:27	71.57	-0.01	3	21470	卖盘
13:13:18	71.58	-0.03	4	28632	卖盘
13:13:09	71.61	--	2	18618	卖盘
13:13:03	71.61	0.03	3	24347	买盘
13:13:00	71.58	-0.03	8	57264	卖盘
13:12:51	71.61	0.01	1	7161	买盘
13:12:48	71.6	--	40	286400	卖盘
13:12:42	71.6	-0.01	14	100239	卖盘
13:12:39	71.61	--	14	100254	买盘
13:12:36	71.61	--	2	14322	买盘
13:12:15	71.61	--	8	57288	买盘
13:12:03	71.61	-0.03	27	197643	卖盘
13:11:57	71.64	0.03	4	28656	买盘
13:11:51	71.61	-0.01	1	7161	卖盘
13:11:48	71.62	--	10	71620	买盘
13:11:30	71.62	--	1	7162	买盘
13:11:27	71.62	--	1	7162	买盘
13:11:15	71.62	--	2	14324	买盘
13:11:03	71.62	0.01	3	21486	买盘
13:10:33	71.61	-0.01	16	114576	卖盘
13:10:27	71.62	--	1	7162	买盘
13:10:18	71.62	--	1	7162	买盘
13:10:15	71.62	--	1	7162	买盘
13:10:03	71.62	-0.01	15	107430	卖盘
13:10:00	71.63	--	5	35815	买盘
13:09:09	71.63	--	10	71630	买盘
13:09:03	71.63	0.01	1	7163	买盘
13:08:48	71.62	-0.01	1	7162	买盘
13:08:45	71.63	--	1	7163	买盘
13:08:36	71.63	--	2	14326	买盘
13:08:03	71.63	0.01	1	7163	买盘
13:07:42	71.62	--	1	7162	买盘
13:07:33	71.62	0.01	1	7162	买盘
13:07:30	71.61	--	6	42966	卖盘
13:07:12	71.61	--	3	21483	卖盘
13:07:03	71.61	--	1	7161	卖盘
13:07:00	71.61	-0.02	1	7161	卖盘
13:06:57	71.63	0.02	1	7163	买盘
13:06:33	71.61	--	2	14322	卖盘
13:06:27	71.61	--	1	7161	卖盘
13:06:09	71.61	--	5	35805	卖盘
13:06:00	71.61	-0.01	13	93093	卖盘
13:05:54	71.62	--	1	10026	买盘
13:05:33	71.62	0.01	1	7162	买盘
13:05:18	71.61	--	1	7161	卖盘
13:05:12	71.61	--	4	28644	卖盘
13:05:06	71.61	--	3	21483	卖盘
13:05:03	71.61	--	2	14322	卖盘
13:04:39	71.61	0.01	7	50127	买盘
13:04:33	71.6	-0.01	2	14319	卖盘
13:04:30	71.61	--	1	7161	买盘
13:04:15	71.61	0.01	2	14322	买盘
13:04:06	71.6	-0.01	3	21480	卖盘
13:04:00	71.61	0.01	1	7161	买盘
13:03:42	71.6	-0.01	10	71600	卖盘
13:03:33	71.61	--	3	21483	买盘
13:03:03	71.61	0.01	1	7161	买盘
13:03:00	71.6	--	7	50119	买盘
13:02:51	71.6	--	4	28639	买盘
13:02:21	71.6	--	7	50119	卖盘
13:02:15	71.6	-0.01	5	35800	卖盘
13:02:09	71.61	--	2	14322	买盘
13:02:03	71.61	0.01	3	21483	买盘
13:01:48	71.6	-0.01	8	57279	卖盘
13:01:36	71.61	--	4	28644	卖盘
13:01:30	71.61	-0.01	3	21483	卖盘
13:01:03	71.62	--	1	7162	买盘
13:00:54	71.62	--	1	7162	买盘
13:00:12	71.62	--	1	7162	买盘
13:00:06	71.62	0.01	34	243508	买盘
13:00:03	71.61	-0.01	161	1152921	卖盘
13:00:00	71.62	--	0	0	买盘
11:30:00	71.62	--	1	7162	买盘
11:29:57	71.62	--	3	21486	买盘
11:29:51	71.62	-0.01	10	71620	中性盘
11:29:27	71.63	-0.01	1	7163	中性盘
11:29:06	71.64	0.03	1	7164	买盘
11:29:03	71.61	-0.02	6	42966	卖盘
11:29:00	71.63	0.01	2	14326	买盘
11:28:57	71.62	--	2	14324	卖盘
11:28:48	71.62	-0.01	21	150402	卖盘
11:28:33	71.63	0.01	1	7163	买盘
11:28:18	71.62	--	3	21486	卖盘
11:28:12	71.62	--	1	7162	卖盘
11:28:03	71.62	0.02	20	143240	中性盘
11:27:18	71.6	-0.03	20	143200	卖盘
11:27:06	71.63	-0.01	1	7163	中性盘
11:26:39	71.64	0.04	18	128952	买盘
11:26:33	71.6	--	21	150360	卖盘
11:25:48	71.6	--	20	143200	卖盘
11:25:03	71.6	-0.02	21	150360	卖盘
11:24:51	71.62	--	1	7162	买盘
11:24:42	71.62	0.02	2	14324	买盘
11:24:18	71.6	-0.02	21	150360	卖盘
11:24:15	71.62	-0.07	12	85944	卖盘
11:24:12	71.69	-0.01	9	64521	中性盘
11:23:45	71.7	0.08	7	50190	买盘
11:23:33	71.62	-0.08	20	143240	卖盘
11:23:27	71.7	0.08	14	100380	买盘
11:22:48	71.62	-0.07	20	143240	中性盘
11:22:36	71.69	--	7	50183	买盘
11:22:30	71.69	0.09	7	50183	买盘
11:22:27	71.6	-0.01	10	71600	卖盘
11:22:24	71.61	--	7	50127	买盘
11:22:18	71.61	--	10	71610	买盘
11:22:15	71.61	--	1	7161	买盘
11:22:12	71.61	0.01	3	21483	买盘
11:22:06	71.6	-0.01	8	57279	卖盘
11:22:03	71.61	--	47	336567	卖盘
11:22:00	71.61	0.01	2	14322	买盘
11:21:54	71.6	--	5	35800	卖盘
11:21:45	71.6	-0.01	24	171840	卖盘
11:21:30	71.61	0.01	5	35805	买盘
11:21:27	71.6	--	1	7159	卖盘
11:21:24	71.6	--	7	50119	卖盘
11:21:18	71.6	-0.01	23	164680	卖盘
11:21:15	71.61	-0.02	1	7161	卖盘
11:21:12	71.63	0.02	2	14326	买盘
11:21:09	71.61	-0.01	9	64449	卖盘
11:21:03	71.62	-0.01	1	7162	卖盘
11:20:57	71.63	-0.01	30	214890	卖盘
11:20:54	71.64	--	1	7164	买盘
11:20:51	71.64	--	2	14328	买盘
11:20:36	71.64	-0.01	5	35820	卖盘
11:20:33	71.65	-0.01	21	150465	卖盘
11:20:27	71.66	--	2	14332	卖盘
11:20:18	71.66	0.01	1	7166	卖盘
11:20:12	71.65	--	2	14330	卖盘
11:20:09	71.65	--	3	21495	卖盘
11:19:48	71.65	-0.01	20	143300	卖盘
11:19:42	71.66	0.02	5	35830	中性盘
11:19:03	71.64	-0.02	21	150444	卖盘
11:18:48	71.66	0.01	3	21498	中性盘
11:18:33	71.65	-0.03	12	85980	卖盘
11:18:30	71.68	0.03	1	7168	中性盘
11:18:18	71.65	-0.03	26	186290	卖盘
11:17:57	71.68	0.02	1	7168	中性盘
11:17:33	71.66	-0.01	20	143320	卖盘
11:16:48	71.67	-0.03	21	150507	卖盘
11:16:27	71.7	0.01	1	7170	买盘
11:16:03	71.69	--	20	143380	卖盘
11:15:54	71.69	--	10	71690	卖盘
11:15:39	71.69	-0.01	1	7169	卖盘
11:15:36	71.7	0.01	2	14340	买盘
11:15:33	71.69	-0.01	1	7169	卖盘
11:15:27	71.7	0.01	5	35850	买盘
11:15:24	71.69	--	1	7169	卖盘
11:15:18	71.69	-0.01	20	143380	卖盘
11:15:06	71.7	--	10	71700	买盘
11:15:03	71.7	--	1	7170	买盘
11:15:00	71.7	--	4	28680	买盘
11:14:54	71.7	0.01	31	222270	买盘
11:14:51	71.69	--	1	7169	卖盘
11:14:48	71.69	--	10	71690	卖盘
11:14:33	71.69	-0.01	21	150549	卖盘
11:14:30	71.7	-0.02	112	805692	卖盘
11:14:06	71.72	0.01	12	86064	买盘
11:14:03	71.71	--	1	7170	卖盘
11:13:48	71.71	-0.16	20	143420	卖盘
11:13:12	71.87	--	3	21561	买盘
11:13:06	71.87	0.15	24	172488	买盘
11:12:57	71.72	--	20	143440	卖盘
11:12:54	71.72	-0.15	2	14344	卖盘
11:12:33	71.87	0.03	1	7187	买盘
11:12:30	71.84	0.12	2	14368	买盘
11:12:27	71.72	--	1	7172	卖盘
11:12:18	71.72	-0.15	21	150612	卖盘
11:12:15	71.87	-0.01	7	50309	买盘
11:11:51	71.88	--	9	64691	买盘
11:11:42	71.88	0.16	3	21564	买盘
11:11:33	71.72	-0.15	20	143440	卖盘
11:11:24	71.87	0.07	5	35935	买盘
11:11:21	71.8	-0.08	1	7180	中性盘
11:11:09	71.88	0.17	6	43128	中性盘
11:10:48	71.71	-0.17	30	215129	卖盘
11:10:45	71.88	--	14	100632	中性盘
11:10:30	71.88	0.17	23	165324	中性盘
11:10:03	71.71	-0.04	28	200787	卖盘
11:09:51	71.75	0.03	52	373100	买盘
11:09:48	71.72	-0.03	2	14344	卖盘
11:09:45	71.75	0.03	2	14350	中性盘
11:09:30	71.72	-0.17	4	28688	卖盘
11:09:21	71.89	0.17	16	115024	买盘
11:09:18	71.72	-0.16	115	824780	卖盘
11:09:15	71.88	0.01	8	57504	买盘
11:09:12	71.87	--	20	143740	买盘
11:08:54	71.87	--	2	14374	买盘
11:08:51	71.87	--	3	21561	买盘
11:08:48	71.87	0.01	8	57496	买盘
11:08:45	71.86	--	1	7186	买盘
11:08:42	71.86	-0.01	1	7186	买盘
11:08:39	71.87	--	3	21561	买盘
11:08:36	71.87	0.16	8	57496	买盘
11:08:33	71.71	-0.16	21	150591	卖盘
11:08:30	71.87	--	1	7187	买盘
11:08:27	71.87	-0.01	3	21561	卖盘
11:08:15	71.88	--	1	7188	买盘
11:08:12	71.88	0.01	1	7188	买盘
11:08:09	71.87	-0.01	2	14374	买盘
11:07:57	71.88	--	2	14376	买盘
11:07:54	71.88	--	3	21564	买盘
11:07:51	71.88	0.13	9	64691	买盘
11:07:48	71.75	-0.13	22	157850	卖盘
11:07:45	71.88	--	2	14376	买盘
11:07:42	71.88	--	1	7188	买盘
11:07:39	71.88	--	2	14376	中性盘
11:07:15	71.88	--	1	7188	买盘
11:07:12	71.88	--	1	7188	买盘
11:07:09	71.88	-0.01	4	28752	买盘
11:07:06	71.89	0.14	8	57512	买盘
11:07:03	71.75	-0.14	20	143500	卖盘
11:06:27	71.89	-0.01	2	14378	买盘
11:06:24	71.9	--	3	21570	买盘
11:06:21	71.9	0.15	8	57520	买盘
11:06:18	71.75	-0.15	20	143500	卖盘
11:06:12	71.9	0.14	1	7190	买盘
11:06:09	71.76	-0.14	2	14352	卖盘
11:06:03	71.9	--	1	7190	买盘
11:06:00	71.9	--	1	7190	买盘
11:05:57	71.9	0.14	3	21570	买盘
11:05:54	71.76	-0.14	7	50232	卖盘
11:05:51	71.9	0.14	1	7190	买盘
11:05:48	71.76	-0.14	3	21528	卖盘
11:05:45	71.9	0.15	1	7190	中性盘
11:05:42	71.75	-0.16	4	28700	卖盘
11:05:39	71.91	--	4	28764	买盘
11:05:36	71.91	0.16	9	64719	买盘
11:05:33	71.75	-0.15	24	172200	卖盘
11:05:30	71.9	--	1	7190	买盘
11:05:27	71.9	0.14	3	21570	买盘
11:05:24	71.76	-0.15	8	57408	卖盘
11:05:21	71.91	0.15	3	21573	买盘
11:05:18	71.76	-0.17	8	57408	卖盘
11:05:15	71.93	0.02	2	14386	买盘
11:05:12	71.91	--	5	35955	卖盘
11:05:09	71.91	-0.02	8	57528	卖盘
11:05:06	71.93	0.02	8	57544	买盘
11:05:03	71.91	0.19	20	148350	买盘
11:05:00	71.72	-0.18	76	545072	卖盘
11:04:57	71.9	--	2	14380	买盘
11:04:54	71.9	--	4	28760	买盘
11:04:51	71.9	0.1	8	57520	买盘
11:04:48	71.8	-0.1	20	143600	卖盘
11:04:30	71.9	--	1	7190	买盘
11:04:27	71.9	--	1	7190	买盘
11:04:24	71.9	--	3	21570	买盘
11:04:21	71.9	0.12	7	50330	买盘
11:04:18	71.78	-0.02	18	129204	卖盘
11:04:06	71.8	-0.05	1	7180	买盘
11:04:03	71.85	-0.05	1	7184	卖盘
11:04:00	71.9	--	1	7190	买盘
11:03:57	71.9	--	2	14380	买盘
11:03:54	71.9	--	3	21570	买盘
11:03:51	71.9	--	7	50330	买盘
11:03:30	71.9	--	1	7190	买盘
11:03:27	71.9	--	1	7190	买盘
11:03:24	71.9	--	2	14380	买盘
11:03:21	71.9	0.05	7	50330	买盘
11:03:18	71.85	-0.04	17	124803	卖盘
11:03:15	71.89	--	6	47663	买盘
11:03:12	71.89	--	1	7189	买盘
11:03:09	71.89	--	2	14378	买盘
11:03:06	71.89	--	5	35945	买盘
11:03:03	71.89	--	12	86268	买盘
11:03:00	71.89	--	5	35945	买盘
11:02:54	71.89	--	1	7189	买盘
11:02:51	71.89	--	1	7189	买盘
11:02:48	71.89	--	2	14378	买盘
11:02:45	71.89	--	5	35945	买盘
11:02:42	71.89	--	2	14378	买盘
11:02:39	71.89	--	3	21567	买盘
11:02:36	71.89	0.04	8	57512	买盘
11:02:33	71.85	-0.03	20	143700	卖盘
11:02:18	71.88	0.03	1	7188	买盘
11:02:15	71.85	-0.04	1	7184	中性盘
11:01:57	71.89	--	2	14378	买盘
11:01:54	71.89	--	4	28756	买盘
11:01:51	71.89	0.16	9	64701	买盘
11:01:48	71.73	-0.14	23	164979	卖盘
11:01:45	71.87	0.13	3	21561	买盘
11:01:42	71.74	-0.14	7	50218	中性盘
11:01:15	71.88	--	1	7188	买盘
11:01:12	71.88	--	1	7188	买盘
11:01:09	71.88	--	3	21564	买盘
11:01:06	71.88	0.15	9	64691	买盘
11:01:03	71.73	-0.14	21	150633	中性盘
11:00:57	71.87	0.16	1	7187	买盘
11:00:54	71.71	-0.17	2	14341	中性盘
11:00:36	71.88	-0.01	1	7188	买盘
11:00:33	71.89	--	2	14378	买盘
11:00:30	71.89	0.19	5	35945	买盘
11:00:27	71.7	-0.13	13	93210	卖盘
11:00:24	71.83	--	1	7183	买盘
11:00:21	71.83	-0.05	2	14366	买盘
11:00:18	71.88	-0.01	5	35940	卖盘
11:00:15	71.89	--	3	21567	买盘
11:00:12	71.89	0.01	1	7189	买盘
11:00:09	71.88	-0.01	3	21564	中性盘
11:00:06	71.89	0.01	3	21567	买盘
11:00:03	71.88	--	8	57504	买盘
10:59:45	71.88	--	1	7188	买盘
10:59:42	71.88	--	3	21564	买盘
10:59:39	71.88	--	5	35940	买盘
10:59:36	71.88	0.2	12	86256	买盘
10:59:33	71.68	-0.2	30	215040	卖盘
10:59:30	71.88	0.02	24	172512	买盘
10:59:27	71.86	-0.01	10	71860	买盘
10:59:24	71.87	--	25	179675	买盘
10:59:03	71.87	--	1	7187	买盘
10:59:00	71.87	--	3	21561	买盘
10:58:57	71.87	0.19	7	50309	买盘
10:58:54	71.68	-0.12	16	114688	卖盘
10:58:51	71.8	-0.05	2	14360	买盘
10:58:48	71.85	-0.01	3	21555	卖盘
10:58:45	71.86	--	1	7186	买盘
10:58:39	71.86	0.01	1	7186	买盘
10:58:36	71.85	-0.02	1	7184	卖盘
10:58:24	71.87	--	1	7187	买盘
10:58:21	71.87	--	1	7187	买盘
10:58:18	71.87	--	3	21561	买盘
10:58:15	71.87	--	8	57496	买盘
10:58:12	71.87	--	3	21561	买盘
10:58:09	71.87	--	6	43122	买盘
10:58:06	71.87	0.01	16	114992	买盘
10:58:03	71.86	--	27	194022	买盘
10:57:54	71.86	--	1	7186	买盘
10:57:51	71.86	--	1	7186	买盘
10:57:48	71.86	--	2	14372	买盘
10:57:45	71.86	--	4	28744	买盘
10:57:42	71.86	-0.01	11	79046	卖盘
10:57:39	71.87	0.01	2	14374	买盘
10:57:36	71.86	--	1	7186	买盘
10:57:33	71.86	--	3	21558	买盘
10:57:30	71.86	0.01	7	50302	买盘
10:57:27	71.85	--	19	136515	卖盘
10:57:24	71.85	--	29	208364	买盘
10:57:21	71.85	0.19	9	64664	买盘
10:57:18	71.66	-0.18	21	150486	卖盘
10:57:15	71.84	--	2	14368	买盘
10:57:12	71.84	-0.01	5	35920	中性盘
10:57:00	71.85	--	2	14369	买盘
10:56:57	71.85	--	3	21555	买盘
10:56:54	71.85	0.19	8	57479	买盘
10:56:51	71.66	--	8	57328	卖盘
10:56:48	71.66	-0.13	16	114656	卖盘
10:56:45	71.79	--	14	100506	买盘
10:56:39	71.79	--	1	7179	买盘
10:56:36	71.79	-0.05	2	14358	买盘
10:56:33	71.84	-0.01	4	28736	卖盘
10:56:27	71.85	0.01	1	7184	买盘
10:56:24	71.84	-0.01	3	21552	卖盘
10:56:21	71.85	--	1	7184	买盘
10:56:15	71.85	--	1	7184	买盘
10:56:12	71.85	--	1	7184	买盘
10:56:09	71.85	0.01	3	21555	买盘
10:56:06	71.84	--	6	43104	买盘
10:56:03	71.84	-0.01	4	28736	买盘
10:56:00	71.85	--	1	7184	买盘
10:55:57	71.85	--	2	14369	买盘
10:55:54	71.85	--	6	43110	买盘
10:55:51	71.85	0.2	8	57479	买盘
10:55:48	71.65	-0.2	20	143300	卖盘
10:55:45	71.85	--	1	7184	买盘
10:55:42	71.85	--	3	21555	买盘
10:55:39	71.85	--	8	57479	买盘
10:55:36	71.85	--	2	14369	买盘
10:55:33	71.85	--	4	28739	买盘
10:55:30	71.85	--	11	79035	买盘
10:55:27	71.85	0.02	14	103248	买盘
10:55:24	71.83	--	34	248747	买盘
10:55:15	71.83	--	1	7183	买盘
10:55:12	71.83	--	1	7183	买盘
10:55:09	71.83	--	3	21549	买盘
10:55:06	71.83	0.19	8	57464	买盘
10:55:03	71.64	-0.17	20	143280	卖盘
10:54:57	71.81	--	1	7181	买盘
10:54:54	71.81	-0.01	1	7181	买盘
10:54:51	71.82	-0.01	2	17021	卖盘
10:54:48	71.83	0.01	5	35915	买盘
10:54:45	71.82	--	12	90708	买盘
10:54:36	71.82	--	1	7181	买盘
10:54:33	71.82	--	2	14363	买盘
10:54:30	71.82	0.19	4	28727	买盘
10:54:27	71.63	-0.01	12	85956	卖盘
10:54:24	71.64	--	1	7164	买盘
10:54:21	71.64	--	2	14328	买盘
10:54:18	71.64	-0.18	6	42984	卖盘
10:54:12	71.82	--	1	7181	买盘
10:54:09	71.82	0.01	2	14363	买盘
10:54:06	71.81	--	4	28724	买盘
10:54:00	71.81	--	1	7181	买盘
10:53:57	71.81	--	1	7181	买盘
10:53:54	71.81	0.01	3	21543	买盘
10:53:51	71.8	--	7	50260	买盘
10:53:48	71.8	0.01	5	35900	买盘
10:53:42	71.79	--	2	14358	买盘
10:53:39	71.79	--	4	28716	买盘
10:53:36	71.79	0.17	9	64611	买盘
10:53:33	71.62	-0.02	20	143240	卖盘
10:53:27	71.64	--	1	7164	买盘
10:53:21	71.64	--	1	7164	买盘
10:53:18	71.64	-0.15	1	7164	卖盘
10:53:06	71.79	--	1	7179	买盘
10:53:03	71.79	--	2	14358	买盘
10:53:00	71.79	--	4	28716	买盘
10:52:57	71.79	--	2	14358	买盘
10:52:54	71.79	-0.01	3	21537	买盘
10:52:51	71.8	0.18	8	57440	买盘
10:52:48	71.62	-0.18	21	150402	卖盘
10:52:45	71.8	-0.01	1	7180	中性盘
10:52:36	71.81	--	1	7181	买盘
10:52:33	71.81	--	2	14362	买盘
10:52:30	71.81	--	5	35905	买盘
10:52:24	71.81	--	1	7181	买盘
10:52:21	71.81	--	1	7181	买盘
10:52:18	71.81	--	3	21543	买盘
10:52:15	71.81	--	7	50267	买盘
10:52:12	71.81	--	2	14362	买盘
10:52:09	71.81	--	4	28724	买盘
10:52:06	71.81	0.02	11	78991	买盘
10:52:03	71.79	-0.02	26	186654	卖盘
10:52:00	71.81	0.01	27	193887	买盘
10:51:57	71.8	0.02	52	373360	买盘
10:51:54	71.78	--	1	7178	买盘
10:51:51	71.78	--	3	21534	买盘
10:51:48	71.78	--	7	50246	买盘
10:51:33	71.78	--	1	7178	买盘
10:51:30	71.78	0.01	2	14356	买盘
10:51:27	71.77	0.02	6	43062	买盘
10:51:24	71.75	-0.02	3	21525	买盘
10:51:21	71.77	0.16	8	57416	买盘
10:51:18	71.61	-0.16	20	143220	卖盘
10:50:57	71.77	--	1	7177	买盘
10:50:54	71.77	-0.01	1	7177	买盘
10:50:51	71.78	0.17	3	21534	买盘
10:50:48	71.61	-0.17	8	57288	卖盘
10:50:45	71.78	--	2	14356	买盘
10:50:42	71.78	0.17	5	35890	买盘
10:50:39	71.61	-0.16	12	85932	卖盘
10:50:36	71.77	0.16	21	150717	买盘
10:50:33	71.61	-0.17	52	372372	卖盘
10:50:15	71.78	0.16	1	7178	买盘
10:50:12	71.62	-0.16	1	7162	卖盘
10:50:09	71.78	--	2	14356	买盘
10:50:06	71.78	--	3	21534	买盘
10:50:03	71.78	--	8	57424	买盘
10:50:00	71.78	--	2	14356	买盘
10:49:57	71.78	0.17	5	35890	买盘
10:49:54	71.61	-0.12	14	100254	卖盘
10:49:51	71.73	-0.05	2	14346	买盘
10:49:48	71.78	--	5	35890	中性盘
10:49:30	71.78	--	1	7178	买盘
10:49:27	71.78	-0.01	1	7178	买盘
10:49:24	71.79	--	2	14358	买盘
10:49:21	71.79	--	1	7179	买盘
10:49:18	71.79	0.18	3	21537	买盘
10:49:15	71.61	-0.18	6	42966	卖盘
10:49:12	71.79	0.18	7	50253	买盘
10:49:09	71.61	-0.13	17	121737	卖盘
10:49:06	71.74	-0.06	3	21522	买盘
10:49:03	71.8	0.01	6	43080	买盘
10:49:00	71.79	-0.01	16	118238	卖盘
10:48:57	71.8	0.01	17	122060	买盘
10:48:54	71.79	-0.01	24	172296	卖盘
10:48:51	71.8	--	8	57440	买盘
10:48:48	71.8	0.01	21	150780	买盘
10:48:45	71.79	--	51	369933	买盘
10:48:42	71.79	0.01	40	287160	买盘
10:48:39	71.78	0.02	100	717800	买盘
10:48:30	71.76	-0.01	1	7176	买盘
10:48:27	71.77	--	1	7177	买盘
10:48:24	71.77	--	4	28708	买盘
10:48:21	71.77	0.17	9	64593	买盘
10:48:18	71.6	-0.17	23	164680	卖盘
10:48:15	71.77	0.01	8	57416	买盘
10:48:12	71.76	--	1	7176	买盘
10:48:09	71.76	0.01	1	7176	买盘
10:48:06	71.75	--	2	14350	买盘
10:47:45	71.75	--	1	7175	买盘
10:47:42	71.75	--	1	7175	买盘
10:47:39	71.75	--	4	28700	买盘
10:47:36	71.75	0.15	9	64575	买盘
10:47:33	71.6	-0.03	22	157520	卖盘
10:47:30	71.63	-0.11	2	14326	买盘
10:47:27	71.74	--	2	14347	买盘
10:47:24	71.74	--	4	28695	买盘
10:47:15	71.74	0.14	1	7173	买盘
10:47:12	71.6	-0.15	1	7159	卖盘
10:47:00	71.75	--	1	7175	买盘
10:46:57	71.75	0.01	2	14350	买盘
10:46:54	71.74	--	6	43044	买盘
10:46:51	71.74	0.14	13	93262	买盘
10:46:48	71.6	-0.1	33	236279	卖盘
10:46:45	71.7	--	48	344160	买盘
10:46:42	71.7	--	1	7170	买盘
10:46:39	71.7	--	1	7170	买盘
10:46:36	71.7	0.1	2	14340	买盘
10:46:33	71.6	-0.1	5	35800	卖盘
10:46:27	71.7	--	1	7170	买盘
10:46:24	71.7	--	3	21510	买盘
10:46:21	71.7	0.1	6	43020	买盘
10:46:18	71.6	-0.03	15	107399	卖盘
10:46:06	71.63	-0.05	2	14326	买盘
10:46:03	71.68	-0.02	3	21504	中性盘
10:45:27	71.7	0.01	2	14340	买盘
10:45:24	71.69	-0.01	3	21507	买盘
10:45:21	71.7	0.1	9	64530	买盘
10:45:18	71.6	-0.09	21	150360	卖盘
10:44:54	71.69	-0.01	2	14338	买盘
10:44:51	71.7	0.1	5	35850	买盘
10:44:48	71.6	-0.1	11	78760	卖盘
10:44:45	71.7	--	3	21510	买盘
10:44:42	71.7	0.1	8	57360	买盘
10:44:39	71.6	-0.09	19	136040	卖盘
10:44:36	71.69	0.09	11	78859	买盘
10:44:33	71.6	-0.08	26	186159	卖盘
10:44:30	71.68	--	16	114688	买盘
10:44:27	71.68	--	1	7168	买盘
10:44:24	71.68	--	1	7168	买盘
10:44:21	71.68	0.08	4	28672	买盘
10:44:18	71.6	-0.07	8	57279	卖盘
10:44:12	71.67	--	1	7167	买盘
10:44:03	71.67	--	1	7167	买盘
10:44:00	71.67	-0.01	2	14334	卖盘
10:43:57	71.68	--	1	7168	买盘
10:43:54	71.68	0.01	3	21504	买盘
10:43:51	71.67	0.07	8	57336	买盘
10:43:48	71.6	-0.08	20	143200	卖盘
10:43:15	71.68	--	1	7168	买盘
10:43:12	71.68	--	1	7168	买盘
10:43:09	71.68	--	4	28672	买盘
10:43:06	71.68	0.08	8	57344	买盘
10:43:03	71.6	-0.08	21	150360	卖盘
10:42:33	71.68	--	1	7168	买盘
10:42:30	71.68	--	1	7168	买盘
10:42:27	71.68	--	4	28672	买盘
10:42:24	71.68	--	3	21504	买盘
10:42:21	71.68	0.08	8	57344	买盘
10:42:18	71.6	-0.08	20	143200	卖盘
10:42:15	71.68	--	1	7168	买盘
10:42:12	71.68	--	3	21504	买盘
10:42:09	71.68	--	6	43008	买盘
10:41:45	71.68	--	1	7168	买盘
10:41:42	71.68	--	1	7168	买盘
10:41:39	71.68	--	3	21504	买盘
10:41:36	71.68	0.08	9	64512	买盘
10:41:33	71.6	-0.08	21	150360	卖盘
10:41:30	71.68	-0.01	2	14336	中性盘
10:41:06	71.69	--	1	7169	买盘
10:41:03	71.69	--	2	14338	买盘
10:41:00	71.69	--	6	43014	买盘
10:40:57	71.69	--	1	7169	买盘
10:40:54	71.69	--	3	21507	买盘
10:40:51	71.69	0.11	9	64521	买盘
10:40:48	71.58	-0.11	21	150318	卖盘
10:40:15	71.69	0.09	1	7169	买盘
10:40:12	71.6	--	1	7159	买盘
10:40:09	71.6	-0.09	3	21480	买盘
10:40:06	71.69	0.09	8	57352	买盘
10:40:03	71.6	-0.01	21	150360	卖盘
10:40:00	71.61	--	1	7161	买盘
10:39:54	71.61	--	1	7161	买盘
10:39:51	71.61	--	2	14322	中性盘
10:39:30	71.61	--	1	7161	买盘
10:39:27	71.61	--	1	7161	买盘
10:39:24	71.61	-0.12	4	28644	买盘
10:39:21	71.73	0.13	8	57384	买盘
10:39:18	71.6	-0.13	20	143200	卖盘
10:38:57	71.73	-0.01	1	7173	买盘
10:38:54	71.74	--	3	21522	买盘
10:38:51	71.74	0.14	8	57391	买盘
10:38:48	71.6	-0.07	19	136040	卖盘
10:38:36	71.67	-0.05	1	7167	买盘
10:38:33	71.72	--	2	14344	卖盘
10:38:30	71.72	-0.01	2	14344	卖盘
10:38:27	71.73	0.01	1	7173	买盘
10:38:24	71.72	-0.01	1	7172	卖盘
10:38:21	71.73	0.01	1	7173	买盘
10:38:18	71.72	--	3	21516	买盘
10:38:15	71.72	--	1	7172	买盘
10:38:12	71.72	0.12	3	21516	买盘
10:38:09	71.6	-0.14	7	50119	卖盘
10:38:00	71.74	--	1	7173	买盘
10:37:57	71.74	--	1	7173	买盘
10:37:54	71.74	--	3	21522	买盘
10:37:51	71.74	0.14	8	57391	买盘
10:37:48	71.6	-0.13	21	150360	卖盘
10:37:45	71.73	--	1	7173	买盘
10:37:39	71.73	--	1	7173	买盘
10:37:36	71.73	--	2	14346	买盘
10:37:33	71.73	0.13	6	43038	买盘
10:37:30	71.6	-0.14	13	93079	卖盘
10:37:24	71.74	0.14	1	7173	买盘
10:37:21	71.6	-0.14	2	14319	卖盘
10:37:15	71.74	--	1	7173	买盘
10:37:12	71.74	--	3	21522	买盘
10:37:09	71.74	0.14	6	43044	买盘
10:37:06	71.6	--	15	107399	卖盘
10:37:03	71.6	-0.05	21	150360	卖盘
10:37:00	71.65	--	1	7165	买盘
10:36:57	71.65	--	3	21495	买盘
10:36:54	71.65	--	7	50155	买盘
10:36:51	71.65	-0.08	1	7165	卖盘
10:36:45	71.73	--	1	7173	买盘
10:36:42	71.73	-0.01	1	7173	中性盘
10:36:30	71.74	--	1	7173	买盘
10:36:27	71.74	0.13	2	14347	买盘
10:36:24	71.61	-0.12	6	42966	卖盘
10:36:21	71.73	0.12	10	74599	买盘
10:36:18	71.61	-0.12	26	186186	卖盘
10:36:00	71.73	0.01	1	7173	买盘
10:35:57	71.72	0.1	1	7172	中性盘
10:35:51	71.62	-0.11	1	7162	卖盘
10:35:48	71.73	--	1	7173	买盘
10:35:45	71.73	--	2	14346	买盘
10:35:42	71.73	--	4	28692	买盘
10:35:39	71.73	0.01	10	71730	买盘
10:35:36	71.72	0.11	8	57376	买盘
10:35:33	71.61	-0.1	20	143220	卖盘
10:35:27	71.71	--	1	7170	买盘
10:35:24	71.71	0.1	1	7170	买盘
10:35:21	71.61	-0.1	2	14322	卖盘
10:35:09	71.71	0.1	1	7170	买盘
10:35:06	71.61	-0.12	2	14322	中性盘
10:35:00	71.73	--	1	7173	买盘
10:34:57	71.73	--	2	14346	买盘
10:34:54	71.73	0.13	6	43038	买盘
10:34:51	71.6	--	14	100239	卖盘
10:34:48	71.6	-0.12	28	200479	卖盘
10:34:45	71.72	0.11	1	7172	买盘
10:34:42	71.61	0.01	4	28644	买盘
10:34:39	71.6	-0.12	9	64439	卖盘
10:34:36	71.72	-0.01	1	7172	中性盘
10:34:33	71.73	--	2	14346	买盘
10:34:24	71.73	--	1	7173	买盘
10:34:21	71.73	--	1	7173	买盘
10:34:18	71.73	--	3	21519	买盘
10:34:15	71.73	--	1	7173	买盘
10:34:12	71.73	--	1	7173	买盘
10:34:09	71.73	--	4	28692	买盘
10:34:06	71.73	0.13	8	57384	买盘
10:34:03	71.6	-0.1	21	150360	卖盘
10:34:00	71.7	--	1	7170	买盘
10:33:57	71.7	0.02	1	7170	买盘
10:33:54	71.68	--	2	14336	卖盘
10:33:51	71.68	-0.02	3	21504	卖盘
10:33:42	71.7	--	1	7170	买盘
10:33:39	71.7	0.02	2	14340	买盘
10:33:36	71.68	0.08	4	28672	买盘
10:33:33	71.6	-0.08	20	143200	卖盘
10:33:18	71.68	-0.05	1	7168	中性盘
10:32:45	71.73	--	1	7173	买盘
10:32:42	71.73	0.13	2	14346	买盘
10:32:39	71.6	-0.13	4	28639	卖盘
10:32:36	71.73	0.13	9	64557	买盘
10:32:33	71.6	-0.1	22	157520	卖盘
10:32:30	71.7	--	5	35850	买盘
10:32:27	71.7	0.1	12	86040	买盘
10:32:24	71.6	-0.13	29	207639	卖盘
10:32:12	71.73	--	2	14346	买盘
10:32:09	71.73	0.13	3	21519	买盘
10:32:06	71.6	-0.13	8	57279	卖盘
10:32:03	71.73	--	2	14346	买盘
10:32:00	71.73	0.13	7	50211	买盘
10:31:57	71.6	-0.02	17	121719	卖盘
10:31:54	71.62	--	2	14324	买盘
10:31:51	71.62	-0.05	1	7162	买盘
10:31:48	71.67	--	2	14334	卖盘
10:31:45	71.67	-0.06	1	7167	中性盘
10:31:36	71.73	--	2	14346	买盘
10:31:33	71.73	--	5	35865	买盘
10:31:30	71.73	--	1	7173	买盘
10:31:21	71.73	--	1	7173	买盘
10:31:18	71.73	0.12	2	14346	买盘
10:31:15	71.61	-0.1	6	42966	卖盘
10:31:12	71.71	0.1	1	7170	买盘
10:31:09	71.61	-0.01	4	28644	卖盘
10:31:06	71.62	--	5	35810	买盘
10:31:03	71.62	-0.07	11	78782	卖盘
10:30:51	71.69	--	1	7169	买盘
10:30:48	71.69	--	2	14338	买盘
10:30:39	71.69	--	1	7169	买盘
10:30:36	71.69	--	1	7169	买盘
10:30:33	71.69	-0.01	3	21507	买盘
10:30:30	71.7	0.07	1	7170	买盘
10:30:27	71.63	-0.09	1	7163	买盘
10:30:24	71.72	0.02	4	28688	买盘
10:30:21	71.7	0.08	8	57360	买盘
10:30:18	71.62	-0.08	20	143240	卖盘
10:30:09	71.7	-0.02	1	7170	中性盘
10:29:48	71.72	--	1	7172	买盘
10:29:45	71.72	--	2	14344	买盘
10:29:42	71.72	0.1	5	35860	买盘
10:29:39	71.62	-0.05	12	85944	卖盘
10:29:36	71.67	-0.01	5	35835	买盘
10:29:33	71.68	-0.05	10	71680	卖盘
10:29:30	71.73	--	7	50211	买盘
10:29:27	71.73	--	1	7173	买盘
10:29:24	71.73	--	1	7173	买盘
10:29:21	71.73	0.01	3	21519	买盘
10:29:18	71.72	--	7	50204	买盘
10:29:15	71.72	0.02	1	7172	买盘
10:29:12	71.7	0.09	3	21510	买盘
10:29:09	71.61	-0.12	7	50127	卖盘
10:29:00	71.73	--	1	7173	买盘
10:28:57	71.73	--	1	7173	买盘
10:28:54	71.73	--	4	28692	买盘
10:28:51	71.73	0.12	8	57384	买盘
10:28:48	71.61	-0.12	20	143220	卖盘
10:28:36	71.73	--	2	14346	买盘
10:28:33	71.73	--	4	28692	买盘
10:28:21	71.73	--	1	7173	买盘
10:28:18	71.73	--	1	7173	买盘
10:28:15	71.73	0.12	3	21519	买盘
10:28:12	71.61	-0.11	7	50127	卖盘
10:28:09	71.72	--	4	28688	买盘
10:28:06	71.72	0.12	8	57376	买盘
10:28:03	71.6	-0.13	21	150360	中性盘
10:27:45	71.73	--	1	7173	买盘
10:27:42	71.73	--	1	7173	买盘
10:27:39	71.73	--	3	21519	买盘
10:27:36	71.73	0.15	8	57384	买盘
10:27:33	71.58	-0.07	19	136002	卖盘
10:27:21	71.65	-0.05	1	7165	买盘
10:27:18	71.7	-0.03	1	7170	卖盘
10:27:06	71.73	--	1	7173	买盘
10:27:03	71.73	--	3	21519	买盘
10:27:00	71.73	--	3	21519	买盘
10:26:57	71.73	--	6	43038	卖盘
10:26:54	71.73	-0.01	7	50211	中性盘
10:26:42	71.74	--	2	14347	买盘
10:26:39	71.74	0.01	4	28695	买盘
10:26:36	71.73	0.17	9	64557	买盘
10:26:33	71.56	-0.17	23	164588	卖盘
10:26:30	71.73	--	1	7173	买盘
10:26:27	71.73	--	3	21519	买盘
10:26:24	71.73	--	1	7173	买盘
10:26:21	71.73	--	2	14346	买盘
10:26:09	71.73	0.17	1	7173	买盘
10:26:06	71.56	-0.17	2	14312	卖盘
10:26:00	71.73	--	1	7173	买盘
10:25:57	71.73	--	1	7173	买盘
10:25:54	71.73	--	3	21519	买盘
10:25:51	71.73	0.17	8	57384	买盘
10:25:48	71.56	-0.16	21	150276	卖盘
10:25:45	71.72	--	1	7172	买盘
10:25:39	71.72	--	1	7172	买盘
10:25:36	71.72	--	1	7172	买盘
10:25:33	71.72	-0.01	3	21516	中性盘
10:25:15	71.73	--	1	7173	买盘
10:25:12	71.73	--	2	14346	买盘
10:25:09	71.73	0.14	4	28692	买盘
10:25:06	71.59	0.04	9	64431	买盘
10:25:03	71.55	-0.04	23	164565	卖盘
10:25:00	71.59	--	3	21477	买盘
10:24:57	71.59	-0.15	8	57272	卖盘
10:24:45	71.74	--	1	7173	买盘
10:24:42	71.74	--	1	7173	买盘
10:24:39	71.74	0.16	3	21522	买盘
10:24:36	71.58	-0.16	9	64422	卖盘
10:24:33	71.74	0.01	4	28695	买盘
10:24:30	71.73	--	3	21519	买盘
10:24:27	71.73	--	1	7173	买盘
10:24:24	71.73	--	3	21519	买盘
10:24:21	71.73	0.17	8	57384	买盘
10:24:18	71.56	-0.17	20	143120	卖盘
10:23:48	71.73	--	1	7173	买盘
10:23:45	71.73	-0.02	2	14346	卖盘
10:23:42	71.75	--	1	7175	买盘
10:23:39	71.75	0.02	3	21525	买盘
10:23:36	71.73	0.17	9	64557	买盘
10:23:33	71.56	-0.17	23	164588	中性盘
10:23:09	71.73	-0.02	1	7173	买盘
10:23:06	71.75	0.01	3	21525	买盘
10:23:03	71.74	0.19	8	57391	买盘
10:23:00	71.55	-0.07	19	135945	卖盘
10:22:51	71.62	-0.05	1	7162	买盘
10:22:48	71.67	-0.07	1	7167	卖盘
10:22:39	71.74	--	1	7173	买盘
10:22:36	71.74	--	1	7173	买盘
10:22:33	71.74	0.02	4	28695	买盘
10:22:30	71.72	-0.02	1	7172	买盘
10:22:27	71.74	--	3	21522	买盘
10:22:24	71.74	--	7	50218	买盘
10:22:18	71.74	--	1	7173	买盘
10:22:15	71.74	0.01	2	14347	买盘
10:22:12	71.73	0.2	5	35865	买盘
10:22:09	71.53	-0.14	13	92989	卖盘
10:22:06	71.67	-0.05	3	21501	买盘
10:22:03	71.72	-0.01	4	28688	卖盘
10:21:54	71.73	--	1	7173	买盘
10:21:51	71.73	--	1	7173	买盘
10:21:48	71.73	0.01	3	21519	买盘
10:21:45	71.72	--	7	50204	买盘
10:21:42	71.72	-0.02	3	21516	买盘
10:21:30	71.74	--	1	7173	买盘
10:21:27	71.74	--	1	7173	买盘
10:21:24	71.74	0.04	3	21522	买盘
10:21:21	71.7	0.18	7	50190	买盘
10:21:18	71.52	-0.03	21	150192	卖盘
10:21:12	71.55	--	1	7155	买盘
10:21:09	71.55	-0.15	1	7155	卖盘
10:21:00	71.7	--	1	7170	买盘
10:20:57	71.7	--	2	14340	买盘
10:20:54	71.7	-0.02	4	28680	卖盘
10:20:48	71.72	--	2	14344	买盘
10:20:45	71.72	0.02	1	7172	买盘
10:20:42	71.7	--	2	14340	买盘
10:20:39	71.7	--	3	21510	买盘
10:20:36	71.7	0.17	9	64530	买盘
10:20:33	71.53	-0.17	21	150213	卖盘
10:20:21	71.7	--	1	7170	买盘
10:20:18	71.7	--	2	14340	买盘
10:20:03	71.7	--	1	7170	买盘
10:20:00	71.7	--	1	7170	买盘
10:19:57	71.7	--	2	14340	买盘
10:19:54	71.7	--	3	21510	买盘
10:19:51	71.7	0.17	8	57360	买盘
10:19:48	71.53	-0.22	20	143060	卖盘
10:19:15	71.75	0.01	1	7175	买盘
10:19:12	71.74	--	1	7173	买盘
10:19:09	71.74	0.04	4	28695	买盘
10:19:06	71.7	0.15	8	57360	买盘
10:19:03	71.55	-0.01	22	157410	卖盘
10:19:00	71.56	--	4	28624	买盘
10:18:57	71.56	-0.14	11	78716	卖盘
10:18:54	71.7	--	1	7170	买盘
10:18:51	71.7	0.13	2	14340	买盘
10:18:48	71.57	-0.13	5	35785	卖盘
10:18:36	71.7	--	2	14340	买盘
10:18:33	71.7	--	3	21510	买盘
10:18:27	71.7	--	2	14340	买盘
10:18:24	71.7	--	3	21510	买盘
10:18:21	71.7	0.14	9	64530	买盘
10:18:18	71.56	-0.17	21	150276	卖盘
10:17:42	71.73	--	2	14346	买盘
10:17:39	71.73	-0.01	3	21519	买盘
10:17:36	71.74	0.19	8	57391	买盘
10:17:33	71.55	-0.19	21	150255	卖盘
10:17:30	71.74	-0.01	1	7173	买盘
10:17:27	71.75	0.18	3	21525	买盘
10:17:24	71.57	-0.18	7	50098	卖盘
10:17:18	71.75	-0.01	1	7175	买盘
10:17:15	71.76	--	3	21528	买盘
10:17:12	71.76	0.19	2	14352	买盘
10:17:09	71.57	-0.19	4	28627	卖盘
10:17:00	71.76	--	1	7176	买盘
10:16:57	71.76	-0.01	2	14352	买盘
10:16:54	71.77	--	5	35885	买盘
10:16:51	71.77	0.21	12	86124	买盘
10:16:48	71.56	-0.21	30	214680	卖盘
10:16:45	71.77	0.21	26	186602	买盘
10:16:42	71.56	-0.2	66	472296	卖盘
10:16:39	71.76	--	4	28704	买盘
10:16:36	71.76	0.01	10	71760	买盘
10:16:33	71.75	--	25	179375	买盘
10:16:30	71.75	--	1	7175	买盘
10:16:27	71.75	--	1	7175	买盘
10:16:21	71.75	-0.01	1	7175	买盘
10:16:18	71.76	0.01	3	21528	买盘
10:16:15	71.75	--	6	46422	卖盘
10:16:12	71.75	-0.01	15	107625	卖盘
10:16:09	71.76	0.01	1	7176	买盘
10:16:06	71.75	0.22	2	18152	买盘
10:16:03	71.53	-0.2	45	321885	卖盘
10:16:00	71.73	0.13	18	129185	买盘
10:15:57	71.6	-0.15	92	658720	卖盘
10:15:54	71.75	0.15	8	57400	买盘
10:15:51	71.6	-0.01	20	143200	卖盘
10:15:48	71.61	-0.12	8	57288	中性盘
10:15:45	71.73	--	3	21519	买盘
10:15:42	71.73	-0.02	7	53582	卖盘
10:15:39	71.75	-0.01	1	7175	买盘
10:15:36	71.76	--	1	7176	买盘
10:15:33	71.76	0.03	2	14352	买盘
10:15:30	71.73	-0.03	5	39666	卖盘
10:15:27	71.76	0.01	10	71760	买盘
10:15:24	71.75	--	26	186550	卖盘
10:15:21	71.75	0.02	42	301350	买盘
10:15:18	71.73	-0.02	24	172152	卖盘
10:15:15	71.75	--	4	28700	买盘
10:15:12	71.75	0.01	9	64575	买盘
10:15:09	71.74	--	23	165002	卖盘
10:15:06	71.74	-0.01	32	229567	中性盘
10:15:03	71.75	0.02	1	7175	买盘
10:15:00	71.73	-0.01	3	21519	卖盘
10:14:57	71.74	--	2	14347	买盘
10:14:54	71.74	0.08	5	35870	买盘
10:14:51	71.66	-0.08	13	93158	卖盘
10:14:48	71.74	--	1	7173	买盘
10:14:45	71.74	0.08	2	14347	买盘
10:14:42	71.66	-0.07	7	50162	卖盘
10:14:39	71.73	-0.01	3	21519	买盘
10:14:36	71.74	0.08	8	57391	买盘
10:14:33	71.66	-0.07	21	150486	卖盘
10:14:30	71.73	--	2	14346	买盘
10:14:27	71.73	0.07	5	35865	买盘
10:14:24	71.66	0.16	12	85992	买盘
10:14:21	71.5	-0.14	200	1430000	卖盘
10:14:18	71.64	0.12	1	7164	买盘
10:14:15	71.52	--	3	21456	买盘
10:14:12	71.52	--	6	42912	买盘
10:14:09	71.52	--	2	14304	买盘
10:14:06	71.52	--	3	21456	买盘
10:14:03	71.52	--	8	57216	买盘
10:14:00	71.52	-0.14	19	135888	卖盘
10:13:57	71.66	--	2	14332	买盘
10:13:54	71.66	--	4	28664	买盘
10:13:51	71.66	0.15	9	64494	买盘
10:13:48	71.51	-0.15	23	164473	卖盘
10:13:39	71.66	0.14	1	7166	买盘
10:13:36	71.52	-0.14	1	7152	卖盘
10:13:18	71.66	--	1	7166	买盘
10:13:15	71.66	--	2	14332	买盘
10:13:12	71.66	0.14	5	35830	买盘
10:13:09	71.52	-0.14	14	100128	卖盘
10:13:06	71.66	0.14	8	57328	买盘
10:13:03	71.52	-0.14	20	143040	卖盘
10:13:00	71.66	--	1	7166	买盘
10:12:57	71.66	-0.1	3	21498	买盘
10:12:54	71.76	0.1	7	50232	买盘
10:12:51	71.66	0.14	18	128988	买盘
10:12:48	71.52	-0.14	44	314688	卖盘
10:12:30	71.66	--	1	7166	买盘
10:12:27	71.66	0.07	2	14332	买盘
10:12:24	71.59	-0.06	4	28636	卖盘
10:12:21	71.65	0.06	9	64485	买盘
10:12:18	71.59	-0.06	21	150339	卖盘
10:12:15	71.65	0.06	3	21495	买盘
10:12:12	71.59	-0.06	8	57272	卖盘
10:11:45	71.65	--	1	7165	买盘
10:11:42	71.65	0.06	2	14330	买盘
10:11:39	71.59	-0.01	4	28636	卖盘
10:11:36	71.6	--	5	35800	买盘
10:11:33	71.6	-0.06	14	100239	卖盘
10:11:30	71.66	--	3	21498	买盘
10:11:15	71.66	--	2	14332	买盘
10:11:12	71.66	--	4	28664	买盘
10:11:09	71.66	-0.1	11	78826	卖盘
10:11:06	71.76	0.1	1	7176	买盘
10:11:00	71.66	0.06	1	7166	买盘
10:10:57	71.6	-0.01	3	21480	卖盘
10:10:54	71.61	--	2	14322	买盘
10:10:51	71.61	--	5	35805	买盘
10:10:48	71.61	-0.16	11	78771	卖盘
10:10:27	71.77	--	2	14354	买盘
10:10:24	71.77	--	4	28708	买盘
10:10:21	71.77	-0.01	11	78947	卖盘
10:10:18	71.78	--	1	7178	买盘
10:10:15	71.78	--	3	21534	买盘
10:10:12	71.78	--	7	50246	买盘
10:10:09	71.78	--	19	136382	买盘
10:10:06	71.78	0.01	40	287120	买盘
10:10:03	71.77	--	98	703346	卖盘
10:10:00	71.77	0.17	10	71770	买盘
10:09:57	71.6	-0.05	100	716000	卖盘
10:09:54	71.65	--	2	14330	买盘
10:09:51	71.65	--	4	28660	买盘
10:09:48	71.65	-0.13	11	78815	卖盘
10:09:45	71.78	--	1	7178	买盘
10:09:42	71.78	--	4	28712	买盘
10:09:39	71.78	0.01	8	57424	买盘
10:09:36	71.77	-0.01	3	21531	卖盘
10:09:33	71.78	0.01	2	14356	买盘
10:09:30	71.77	--	7	50239	卖盘
10:09:27	71.77	-0.01	12	86124	卖盘
10:09:24	71.78	0.01	28	200984	买盘
10:09:21	71.77	0.17	8	57416	买盘
10:09:18	71.6	-0.17	21	150360	卖盘
10:09:15	71.77	--	1	7177	买盘
10:09:12	71.77	--	1	7177	买盘
10:09:09	71.77	0.04	3	21531	买盘
10:08:57	71.73	--	1	7173	买盘
10:08:54	71.73	-0.04	1	7173	买盘
10:08:51	71.77	--	4	28708	买盘
10:08:48	71.77	0.01	8	57416	买盘
10:08:45	71.76	--	14	100464	买盘
10:08:42	71.76	--	1	7176	买盘
10:08:39	71.76	--	4	28704	买盘
10:08:36	71.76	0.16	9	64584	买盘
10:08:33	71.6	-0.15	22	157520	卖盘
10:08:30	71.75	--	6	43050	买盘
10:08:27	71.75	--	15	107625	买盘
10:08:24	71.75	0.01	19	136325	买盘
10:08:21	71.74	--	6	43044	买盘
10:08:18	71.74	0.01	7	50218	买盘
10:08:15	71.73	-0.01	1	7173	买盘
10:08:12	71.74	--	1	7173	买盘
10:08:09	71.74	--	4	28695	买盘
10:08:06	71.74	-0.01	9	64565	卖盘
10:08:03	71.75	--	1	7175	买盘
10:08:00	71.75	--	2	14350	买盘
10:07:57	71.75	--	4	28700	买盘
10:07:54	71.75	--	4	28700	买盘
10:07:51	71.75	0.03	10	71750	买盘
10:07:48	71.72	-0.02	23	164956	买盘
10:07:45	71.74	0.15	5	35870	买盘
10:07:42	71.59	-0.14	11	78749	卖盘
10:07:39	71.73	--	1	7173	买盘
10:07:36	71.73	-0.01	2	14346	买盘
10:07:33	71.74	--	1	7173	买盘
10:07:30	71.74	--	1	7173	买盘
10:07:27	71.74	0.15	2	14347	买盘
10:07:24	71.59	-0.14	5	35795	卖盘
10:07:21	71.73	0.14	11	78903	中性盘
10:07:18	71.59	-0.15	10	71590	卖盘
10:07:15	71.74	0.12	1	7173	买盘
10:07:12	71.62	--	2	14324	买盘
10:07:09	71.62	--	5	35810	买盘
10:07:06	71.62	0.03	13	93106	买盘
10:07:03	71.59	-0.03	22	157498	卖盘
10:07:00	71.62	--	1	7162	买盘
10:06:57	71.62	-0.13	3	21486	卖盘
10:06:54	71.75	--	1	7175	买盘
10:06:51	71.75	0.13	1	7175	买盘
10:06:48	71.62	-0.14	3	21486	卖盘
10:06:45	71.76	0.14	1	7176	买盘
10:06:42	71.62	-0.15	2	14324	卖盘
10:06:36	71.77	--	1	7177	买盘
10:06:33	71.77	0.15	2	14354	买盘
10:06:30	71.62	-0.15	5	35810	卖盘
10:06:27	71.77	0.19	6	43062	买盘
10:06:24	71.58	-0.04	16	114528	卖盘
10:06:21	71.62	0.04	9	64458	买盘
10:06:18	71.58	-0.04	20	143160	卖盘
10:06:15	71.62	--	1	7162	买盘
10:06:12	71.62	--	3	21486	买盘
10:06:09	71.62	0.03	6	42972	买盘
10:06:06	71.59	-0.03	13	93067	卖盘
10:06:03	71.62	--	3	21486	买盘
10:06:00	71.62	-0.18	1	7162	买盘
10:05:57	71.8	--	1	7180	买盘
10:05:54	71.8	0.02	2	14360	买盘
10:05:51	71.78	0.18	7	50246	买盘
10:05:48	71.6	-0.08	16	114559	卖盘
10:05:39	71.68	--	1	7168	买盘
10:05:36	71.68	-0.05	2	14336	买盘
10:05:33	71.73	--	6	43038	卖盘
10:05:30	71.73	-0.05	11	78903	卖盘
10:05:27	71.78	-0.02	3	21534	买盘
10:05:24	71.8	0.01	8	57440	买盘
10:05:21	71.79	--	19	136401	买盘
10:05:18	71.79	--	1	7179	买盘
10:05:15	71.79	--	2	14358	买盘
10:05:12	71.79	--	5	35895	买盘
10:05:09	71.79	--	8	57432	买盘
10:05:06	71.79	0.01	3	21537	买盘
10:05:03	71.78	--	6	43068	买盘
10:05:00	71.78	0.17	7	50246	买盘
10:04:57	71.61	-0.11	18	128898	卖盘
10:04:51	71.72	-0.05	1	7172	买盘
10:04:48	71.77	--	3	21531	卖盘
10:04:45	71.77	-0.02	2	14354	卖盘
10:04:42	71.79	--	2	14358	买盘
10:04:39	71.79	0.18	4	28716	买盘
10:04:36	71.61	-0.01	10	71610	卖盘
10:04:33	71.62	--	3	21486	买盘
10:04:30	71.62	-0.17	9	64458	卖盘
10:04:27	71.79	-0.01	1	7179	买盘
10:04:18	71.8	--	1	7180	买盘
10:04:15	71.8	--	2	14360	买盘
10:04:12	71.8	0.2	4	28720	买盘
10:04:09	71.6	-0.19	12	85920	卖盘
10:04:06	71.79	0.19	6	43074	买盘
10:04:03	71.6	-0.2	28	200479	卖盘
10:03:42	71.8	--	1	7180	买盘
10:03:39	71.8	--	1	7180	买盘
10:03:36	71.8	--	4	28720	买盘
10:03:33	71.8	-0.01	8	57440	中性盘
10:03:27	71.81	--	2	14362	买盘
10:03:24	71.81	--	4	28724	买盘
10:03:21	71.81	0.23	9	64629	买盘
10:03:18	71.58	-0.24	20	143160	卖盘
10:03:06	71.82	--	2	14363	买盘
10:03:03	71.82	--	1	7181	买盘
10:03:00	71.82	-0.01	3	21545	中性盘
10:02:51	71.83	--	1	7183	买盘
10:02:48	71.83	--	1	7183	买盘
10:02:45	71.83	0.01	4	28732	买盘
10:02:42	71.82	0.01	10	71820	买盘
10:02:39	71.81	--	4	28724	买盘
10:02:36	71.81	0.3	11	78991	买盘
10:02:33	71.51	-0.2	27	193077	卖盘
10:02:30	71.71	0.19	15	107564	买盘
10:02:27	71.52	-0.14	36	257472	卖盘
10:02:24	71.66	-0.04	1	7166	卖盘
10:02:21	71.7	-0.01	1	7170	买盘
10:02:18	71.71	--	1	7170	买盘
10:02:15	71.71	--	2	14341	买盘
10:02:12	71.71	0.08	7	50196	买盘
10:02:09	71.63	-0.08	16	114608	卖盘
10:02:06	71.71	--	2	14341	买盘
10:02:03	71.71	0.21	5	35855	买盘
10:02:00	71.5	-0.13	13	92950	卖盘
10:01:54	71.63	--	1	7163	买盘
10:01:51	71.63	-0.05	3	21489	买盘
10:01:48	71.68	-0.02	7	50176	卖盘
10:01:45	71.7	--	10	71700	买盘
10:01:42	71.7	--	19	136230	买盘
10:01:39	71.7	0.02	7	50190	买盘
10:01:36	71.68	-0.02	2	14336	卖盘
10:01:33	71.7	--	1	7170	买盘
10:01:30	71.7	--	4	28680	买盘
10:01:27	71.7	0.02	10	71700	买盘
10:01:24	71.68	--	23	164864	买盘
10:01:21	71.68	0.02	12	86016	买盘
10:01:18	71.66	0.17	11	78826	买盘
10:01:15	71.49	-0.01	45	321705	卖盘
10:01:12	71.5	-0.16	3	21450	卖盘
10:01:09	71.66	--	6	42996	买盘
10:01:06	71.66	0.16	9	64494	买盘
10:01:03	71.5	-0.02	23	164450	卖盘
10:01:00	71.52	-0.01	7	50064	卖盘
10:00:57	71.53	-0.05	10	71530	卖盘
10:00:54	71.58	-0.02	1	7158	买盘
10:00:51	71.6	0.07	2	14319	买盘
10:00:48	71.53	-0.05	5	35765	卖盘
10:00:45	71.58	--	1	7158	买盘
10:00:33	71.58	--	1	7158	买盘
10:00:30	71.58	-0.02	3	21474	卖盘
10:00:27	71.6	--	3	21480	买盘
10:00:24	71.6	-0.06	3	21480	买盘
10:00:21	71.66	0.01	8	57328	买盘
10:00:18	71.65	-0.02	21	150465	卖盘
10:00:15	71.67	0.02	6	43002	买盘
10:00:12	71.65	-0.02	16	114640	卖盘
10:00:09	71.67	0.01	23	164841	买盘
10:00:06	71.66	0.16	58	415628	买盘
10:00:03	71.5	-0.15	144	1029600	卖盘
09:59:54	71.65	0.13	1	7165	买盘
09:59:51	71.52	-0.01	2	14304	卖盘
09:59:48	71.53	-0.12	3	21459	卖盘
09:59:45	71.65	--	2	14330	买盘
09:59:42	71.65	-0.01	4	28660	买盘
09:59:39	71.66	--	4	28664	买盘
09:59:36	71.66	0.15	8	57328	买盘
09:59:33	71.51	-0.02	20	143020	卖盘
09:59:30	71.53	--	2	14306	买盘
09:59:27	71.53	-0.13	5	35765	卖盘
09:59:24	71.66	--	2	14332	买盘
09:59:21	71.66	0.01	1	7166	买盘
09:59:18	71.65	--	3	21495	买盘
09:59:15	71.65	0.12	1	7165	买盘
09:59:12	71.53	-0.13	2	14306	中性盘
09:59:03	71.66	--	1	7166	买盘
09:59:00	71.66	0.14	1	7166	买盘
09:58:57	71.52	-0.14	3	21456	卖盘
09:58:54	71.66	0.13	3	21498	买盘
09:58:51	71.53	-0.11	9	64377	买盘
09:58:48	71.64	--	19	136116	卖盘
09:58:45	71.64	0.06	15	107460	买盘
09:58:42	71.58	-0.05	68	486744	卖盘
09:58:30	71.63	0.05	2	14326	买盘
09:58:27	71.58	-0.05	3	21474	卖盘
09:58:24	71.63	0.05	5	35815	买盘
09:58:21	71.58	--	13	93054	卖盘
09:58:18	71.58	-0.01	20	143160	卖盘
09:58:06	71.59	-0.05	1	7159	买盘
09:58:03	71.64	--	2	14328	买盘
09:58:00	71.64	-0.01	4	28656	卖盘
09:57:51	71.65	--	2	14330	买盘
09:57:48	71.65	--	5	35825	买盘
09:57:45	71.65	--	3	21495	买盘
09:57:42	71.65	0.01	6	42990	买盘
09:57:39	71.64	0.06	15	107460	买盘
09:57:36	71.58	-0.05	50	357900	卖盘
09:57:33	71.63	--	1	7163	买盘
09:57:30	71.63	-0.01	1	7163	中性盘
09:57:27	71.64	0.04	2	14328	买盘
09:57:24	71.6	0.02	5	35800	中性盘
09:57:21	71.58	--	10	71580	卖盘
09:57:18	71.58	-0.06	22	157476	卖盘
09:57:15	71.64	--	3	21492	买盘
09:57:06	71.64	0.06	2	14328	买盘
09:57:03	71.58	--	3	21474	中性盘
09:56:48	71.58	--	1	7158	买盘
09:56:45	71.58	0.01	3	21474	买盘
09:56:42	71.57	--	6	42941	买盘
09:56:39	71.57	--	10	71570	买盘
09:56:36	71.57	0.06	2	14313	买盘
09:56:33	71.51	-0.04	20	143020	卖盘
09:56:30	71.55	-0.02	13	93015	卖盘
09:56:27	71.57	0.01	1	7156	买盘
09:56:21	71.56	-0.01	1	7156	中性盘
09:56:06	71.57	0.03	2	14313	中性盘
09:55:57	71.54	0.03	1	7154	中性盘
09:55:48	71.51	-0.14	21	150171	卖盘
09:55:39	71.65	0.01	8	57320	买盘
09:55:36	71.64	0.13	2	14328	买盘
09:55:27	71.51	-0.02	11	78661	卖盘
09:55:24	71.53	0.02	1	7153	买盘
09:55:18	71.51	--	1	7151	买盘
09:55:15	71.51	0.01	7	50057	买盘
09:55:12	71.5	0.02	2	14300	买盘
09:55:09	71.48	-0.02	6	42888	卖盘
09:55:06	71.5	0.02	2	14300	买盘
09:55:03	71.48	-0.02	20	142960	卖盘
09:55:00	71.5	0.01	19	135850	买盘
09:54:57	71.49	--	1	7148	卖盘
09:54:54	71.49	--	8	57191	卖盘
09:54:51	71.49	-0.01	2	14297	中性盘
09:54:48	71.5	0.02	1	7150	买盘
09:54:45	71.48	-0.02	6	42888	卖盘
09:54:42	71.5	--	11	78650	买盘
09:54:39	71.5	--	1	7150	买盘
09:54:36	71.5	--	27	193050	买盘
09:54:33	71.5	--	3	21450	买盘
09:54:30	71.5	--	55	393250	买盘
09:54:24	71.5	--	1	7150	买盘
09:54:21	71.5	-0.01	2	14300	中性盘
09:54:18	71.51	--	135	965385	买盘
09:54:15	71.51	--	4	28604	买盘
09:54:12	71.51	--	1	7151	买盘
09:54:09	71.51	--	6	42906	卖盘
09:53:54	71.51	0.01	1	7151	中性盘
09:53:51	71.5	-0.02	16	114400	卖盘
09:53:45	71.52	--	11	78672	买盘
09:53:36	71.52	0.02	2	14304	买盘
09:53:33	71.5	-0.03	21	150150	卖盘
09:53:30	71.53	--	11	78683	中性盘
09:53:21	71.53	0.03	1	7153	中性盘
09:53:15	71.5	-0.14	180	1287000	卖盘
09:53:12	71.64	0.11	5	35820	买盘
09:53:09	71.53	--	47	336191	买盘
09:53:06	71.53	--	2	14306	买盘
09:53:00	71.53	--	9	64377	买盘
09:52:54	71.53	0.01	13	92989	买盘
09:52:51	71.52	0.01	18	128736	中性盘
09:52:48	71.51	-0.02	20	143020	卖盘
09:52:45	71.53	0.01	22	157366	买盘
09:52:39	71.52	--	9	64368	卖盘
09:52:36	71.52	--	3	21456	卖盘
09:52:33	71.52	0.01	11	78672	买盘
09:52:24	71.51	-0.01	7	50057	卖盘
09:52:21	71.52	0.01	7	50064	买盘
09:52:15	71.51	-0.02	3	21453	中性盘
09:52:06	71.53	0.02	118	844054	买盘
09:52:03	71.51	-0.01	20	143020	卖盘
09:52:00	71.52	--	5	35760	卖盘
09:51:57	71.52	-0.01	4	28608	卖盘
09:51:51	71.53	0.03	14	100142	买盘
09:51:42	71.5	--	25	178750	卖盘
09:51:39	71.5	-0.01	16	114400	卖盘
09:51:36	71.51	--	18	128718	买盘
09:51:33	71.51	--	3	21453	买盘
09:51:30	71.51	--	2	14302	买盘
09:51:27	71.51	-0.01	7	50057	中性盘
09:51:24	71.52	0.02	17	121584	买盘
09:51:21	71.5	-0.01	26	185900	卖盘
09:51:18	71.51	-0.01	26	185926	卖盘
09:51:15	71.52	--	11	78672	买盘
09:51:12	71.52	0.01	32	228864	买盘
09:51:09	71.51	--	121	865271	卖盘
09:51:06	71.51	--	10	71510	卖盘
09:51:03	71.51	-0.01	11	78661	卖盘
09:51:00	71.52	--	8	57216	买盘
09:50:57	71.52	--	5	35760	买盘
09:50:54	71.52	-0.01	14	100128	卖盘
09:50:51	71.53	0.02	5	35765	买盘
09:50:48	71.51	-0.02	24	171624	卖盘
09:50:45	71.53	--	19	135907	卖盘
09:50:39	71.53	--	2	14306	卖盘
09:50:36	71.53	--	3	21459	卖盘
09:50:33	71.53	-0.07	300	2145900	卖盘
09:50:27	71.6	-0.02	8	57279	卖盘
09:50:24	71.62	0.02	3	21486	买盘
09:50:21	71.6	--	10	71600	卖盘
09:50:18	71.6	--	29	207639	买盘
09:50:15	71.6	0.05	7	50119	买盘
09:50:12	71.55	-0.05	310	2218050	卖盘
09:50:09	71.6	--	17	121719	买盘
09:50:06	71.6	--	3	21480	买盘
09:49:51	71.6	0.01	10	71600	买盘
09:49:48	71.59	-0.01	22	157498	卖盘
09:49:45	71.6	-0.02	13	93079	卖盘
09:49:42	71.62	-0.01	5	35810	卖盘
09:49:39	71.63	--	1	7163	买盘
09:49:36	71.63	--	1	7163	买盘
09:49:33	71.63	-0.02	9	64466	卖盘
09:49:30	71.65	--	8	57320	买盘
09:49:24	71.65	--	8	57320	买盘
09:49:15	71.65	--	2	14330	买盘
09:49:09	71.65	-0.01	1	7165	买盘
09:49:06	71.66	0.04	2	14332	卖盘
09:49:03	71.62	-0.08	30	214860	卖盘
09:49:00	71.7	--	2	14340	买盘
09:48:57	71.7	--	6	43020	买盘
09:48:51	71.7	0.08	2	14340	买盘
09:48:48	71.62	--	309	2213058	买盘
09:48:45	71.62	-0.08	11	78782	卖盘
09:48:33	71.7	0.01	1	7170	买盘
09:48:27	71.69	0.07	5	35845	买盘
09:48:24	71.62	-0.01	5	35810	中性盘
09:48:21	71.63	0.03	1	7163	买盘
09:48:18	71.6	-0.03	20	143200	卖盘
09:48:15	71.63	0.03	5	35815	买盘
09:48:09	71.6	--	4	28639	卖盘
09:48:06	71.6	--	8	57279	买盘
09:48:00	71.6	-0.05	192	1374720	卖盘
09:47:54	71.65	0.02	2	14330	中性盘
09:47:51	71.63	0.01	5	35815	卖盘
09:47:48	71.62	-0.03	21	150402	卖盘
09:47:45	71.65	--	2	14330	卖盘
09:47:33	71.65	-0.05	22	157630	卖盘
09:47:30	71.7	-0.01	1	7170	卖盘
09:47:27	71.71	--	1	7170	买盘
09:47:21	71.71	--	8	57367	买盘
09:47:15	71.71	-0.04	188	1348147	卖盘
09:47:12	71.75	0.02	3	21525	中性盘
09:47:09	71.73	0.02	8	57384	买盘
09:47:06	71.71	--	50	358549	卖盘
09:47:03	71.71	--	10	71710	卖盘
09:46:57	71.71	-0.04	51	365720	卖盘
09:46:54	71.75	--	1	7175	买盘
09:46:51	71.75	--	1	7175	买盘
09:46:48	71.75	-0.05	14	100450	卖盘
09:46:45	71.8	--	5	35900	中性盘
09:46:30	71.8	-0.04	1	7180	卖盘
09:46:27	71.84	0.04	4	28736	买盘
09:46:21	71.8	-0.05	12	86160	卖盘
09:46:18	71.85	--	7	50294	买盘
09:46:06	71.85	--	3	21555	卖盘
09:46:03	71.85	-0.01	20	143700	卖盘
09:46:00	71.86	--	2	14372	卖盘
09:45:36	71.86	-0.01	2	14372	卖盘
09:45:27	71.87	0.02	21	150927	买盘
09:45:18	71.85	-0.01	21	150885	卖盘
09:45:15	71.86	-0.01	1	7186	中性盘
09:45:00	71.87	--	2	14374	买盘
09:44:48	71.87	--	1	7187	卖盘
09:44:45	71.87	--	35	251545	买盘
09:44:42	71.87	--	4	28748	买盘
09:44:39	71.87	0.02	2	14374	买盘
09:44:33	71.85	-0.02	21	150885	卖盘
09:44:30	71.87	0.02	15	107805	买盘
09:44:15	71.85	0.01	3	21555	中性盘
09:44:06	71.84	--	10	71840	买盘
09:44:03	71.84	--	1	7184	买盘
09:43:54	71.84	--	1	7184	卖盘
09:43:48	71.84	--	20	143680	卖盘
09:43:39	71.84	--	2	14368	卖盘
09:43:36	71.84	--	1	7184	卖盘
09:43:33	71.84	--	10	71840	卖盘
09:43:27	71.84	-0.04	6	43104	卖盘
09:43:24	71.88	0.04	57	409716	买盘
09:43:15	71.84	-0.04	8	57472	卖盘
09:42:51	71.88	-0.01	43	309084	卖盘
09:42:48	71.89	-0.01	52	373828	买盘
09:42:15	71.9	0.01	21	150990	买盘
09:42:12	71.89	-0.01	29	208481	卖盘
09:42:09	71.9	--	10	71900	买盘
09:42:06	71.9	--	1	7190	中性盘
09:41:51	71.9	-0.05	15	107850	卖盘
09:41:42	71.95	--	1	7195	买盘
09:41:33	71.95	0.06	3	21585	买盘
09:41:27	71.89	-0.04	15	107835	卖盘
09:41:24	71.93	-0.01	48	345264	中性盘
09:41:03	71.94	--	2	14388	卖盘
09:41:00	71.94	--	4	28776	买盘
09:40:54	71.94	0.06	1	7194	买盘
09:40:51	71.88	--	16	115008	卖盘
09:40:48	71.88	--	31	222828	卖盘
09:40:45	71.88	-0.02	1	7188	卖盘
09:40:39	71.9	0.02	3	21570	买盘
09:40:27	71.88	0.02	1	7188	中性盘
09:40:09	71.86	-0.02	4	28744	卖盘
09:40:06	71.88	0.02	7	50316	买盘
09:40:00	71.86	--	2	14372	卖盘
09:39:57	71.86	--	13	93418	卖盘
09:39:54	71.86	--	1	7186	卖盘
09:39:48	71.86	-0.04	120	862320	卖盘
09:39:45	71.9	-0.01	2	14380	卖盘
09:39:24	71.91	--	15	107865	买盘
09:39:18	71.91	--	20	143820	卖盘
09:38:54	71.91	-0.04	2	14382	卖盘
09:38:51	71.95	--	1	7195	卖盘
09:38:48	71.95	--	4	28780	卖盘
09:38:42	71.95	-0.02	10	71950	卖盘
09:38:33	71.97	--	2	14394	买盘
09:38:30	71.97	--	13	93561	买盘
09:38:27	71.97	-0.02	1	7197	卖盘
09:38:24	71.99	0.02	3	21597	买盘
09:38:18	71.97	-0.02	5	35985	卖盘
09:38:12	71.99	0.02	1	7198	买盘
09:38:03	71.97	--	1	7197	卖盘
09:38:00	71.97	--	2	14394	卖盘
09:37:51	71.97	--	1	7197	卖盘
09:37:33	71.97	0.01	1	7197	中性盘
09:37:03	71.96	-0.04	1	7195	卖盘
09:37:00	72.0	0.04	2	14400	买盘
09:36:42	71.96	-0.04	17	122331	卖盘
09:36:39	72.0	--	7	50400	买盘
09:36:36	72.0	-0.01	8	59040	卖盘
09:36:33	72.01	--	1	7201	买盘
09:36:30	72.01	0.01	8	57608	买盘
09:36:21	72.0	--	61	444960	买盘
09:36:18	72.0	--	7	50400	买盘
09:36:12	72.0	--	2	14400	买盘
09:36:09	72.0	--	3	21600	买盘
09:35:48	72.0	0.02	83	597600	买盘
09:35:45	71.98	--	3	21594	买盘
09:35:42	71.98	-0.01	2	14396	中性盘
09:35:33	71.99	--	5	35995	买盘
09:35:27	71.99	0.04	40	287960	买盘
09:35:18	71.95	--	3	21585	买盘
09:35:15	71.95	-0.04	6	43170	卖盘
09:34:54	71.99	--	12	86388	买盘
09:34:48	71.99	--	2	14397	买盘
09:34:39	71.99	0.04	41	295159	买盘
09:34:36	71.95	-0.02	19	136705	卖盘
09:34:33	71.97	--	8	57576	买盘
09:34:30	71.97	-0.01	5	35985	中性盘
09:34:18	71.98	0.03	20	143960	买盘
09:34:12	71.95	--	6	43170	买盘
09:34:09	71.95	-0.03	1	7195	中性盘
09:33:57	71.98	0.03	25	179950	买盘
09:33:54	71.95	-0.01	6	43170	买盘
09:33:48	71.96	-0.02	1	7195	卖盘
09:33:45	71.98	0.03	7	50386	买盘
09:33:42	71.95	0.02	1	7195	买盘
09:33:39	71.93	-0.02	3	21579	卖盘
09:33:36	71.95	-0.01	3	21585	买盘
09:33:33	71.96	-0.02	1	7195	中性盘
09:33:27	71.98	0.03	13	93574	买盘
09:33:21	71.95	0.02	2	14390	买盘
09:33:18	71.93	--	3	21579	卖盘
09:33:15	71.93	-0.01	9	64737	卖盘
09:33:09	71.94	-0.01	8	57552	卖盘
09:33:03	71.95	-0.03	4	28780	卖盘
09:33:00	71.98	0.03	10	71980	买盘
09:32:57	71.95	0.02	5	35975	中性盘
09:32:48	71.93	--	5	35965	卖盘
09:32:45	71.93	-0.05	2	14386	卖盘
09:32:42	71.98	--	1	7198	买盘
09:32:36	71.98	--	3	21594	买盘
09:32:27	71.98	--	8	57584	买盘
09:32:15	71.98	0.04	8	57584	买盘
09:32:12	71.94	--	9	64746	卖盘
09:32:09	71.94	-0.04	2	14388	卖盘
09:32:06	71.98	--	1	7198	买盘
09:32:00	71.98	-0.01	2	14396	买盘
09:31:54	71.99	--	1	7198	卖盘
09:31:45	71.99	-0.01	5	35995	中性盘
09:31:18	72.0	--	2	14400	买盘
09:31:15	72.0	0.07	4	28800	买盘
09:31:03	71.93	--	35	251755	中性盘
09:30:57	71.93	-0.01	11	79123	卖盘
09:30:54	71.94	0.01	2	14388	买盘
09:30:51	71.93	-0.01	3	21579	买盘
09:30:39	71.94	0.01	6	43164	买盘
09:30:33	71.93	--	1	7193	买盘
09:30:18	71.93	0.03	2	14386	买盘
09:30:15	71.9	-0.04	1	7190	中性盘
09:30:03	71.94	--	26	187044	买盘
09:30:00	71.94	--	0	0	买盘
09:25:03	71.94	71.94	37	266178	买盘
