成交时间	成交价	价格变动	成交量(手)	成交额(元)	性质
15:00:03	11.63	-0.01	641	745483	买盘
14:57:00	11.64	0.04	6	6984	买盘
14:56:48	11.6	--	17	19720	卖盘
14:56:42	11.6	-0.04	13	15080	卖盘
14:56:39	11.64	0.04	890	1035960	买盘
14:56:36	11.6	-0.01	10	11600	卖盘
14:56:30	11.61	0.01	12	13932	买盘
14:56:24	11.6	--	10	11600	卖盘
14:56:21	11.6	--	16	18560	卖盘
14:56:18	11.6	-0.01	27	31320	卖盘
14:56:12	11.61	0.01	3	3483	买盘
14:56:03	11.6	--	50	58000	卖盘
14:55:57	11.6	-0.01	10	11600	卖盘
14:55:54	11.61	--	13	15093	买盘
14:55:48	11.61	--	10	11610	买盘
14:55:42	11.61	0.01	6	6966	买盘
14:55:33	11.6	--	12	13920	卖盘
14:55:21	11.6	-0.01	13	15080	卖盘
14:55:18	11.61	0.01	237	275157	买盘
14:55:12	11.6	-0.01	2	2320	卖盘
14:55:06	11.61	0.01	8	9288	买盘
14:54:57	11.6	--	54	62640	卖盘
14:54:54	11.6	-0.01	3	3480	卖盘
14:54:51	11.61	--	29	33669	买盘
14:54:45	11.61	0.01	3	3483	买盘
14:54:39	11.6	-0.01	11	12760	卖盘
14:54:36	11.61	--	79	91719	买盘
14:54:33	11.61	0.01	1	1161	买盘
14:54:27	11.6	-0.01	41	47560	卖盘
14:54:18	11.61	0.01	15	17415	买盘
14:54:15	11.6	--	58	67280	卖盘
14:54:06	11.6	--	1	1160	卖盘
14:53:57	11.6	--	10	11600	卖盘
14:53:54	11.6	--	50	58000	卖盘
14:53:45	11.6	--	58	67280	卖盘
14:53:42	11.6	--	6	6960	卖盘
14:53:39	11.6	--	25	29000	卖盘
14:53:36	11.6	--	9	10440	卖盘
14:53:33	11.6	--	9	10440	卖盘
14:53:30	11.6	--	24	27840	卖盘
14:53:27	11.6	--	1	1160	卖盘
14:53:18	11.6	--	3	3480	卖盘
14:53:09	11.6	--	103	119480	卖盘
14:53:03	11.6	--	42	48720	卖盘
14:52:48	11.6	--	30	34800	卖盘
14:52:30	11.6	-0.01	10	11600	卖盘
14:52:18	11.61	--	7	8127	买盘
14:52:15	11.61	0.01	20	23220	买盘
14:52:09	11.6	--	36	41760	卖盘
14:52:06	11.6	-0.01	1	1160	卖盘
14:51:57	11.61	--	3	3483	买盘
14:51:45	11.61	0.01	2	2322	买盘
14:51:42	11.6	-0.01	15	17400	卖盘
14:51:27	11.61	0.01	7	8127	买盘
14:51:12	11.6	-0.01	10	11600	卖盘
14:51:09	11.61	0.01	10	11610	买盘
14:51:06	11.6	-0.01	10	11600	卖盘
14:51:03	11.61	--	62	71982	卖盘
14:51:00	11.61	--	20	23220	卖盘
14:50:57	11.61	--	2	2322	卖盘
14:50:51	11.61	--	16	18576	卖盘
14:50:45	11.61	-0.01	20	23220	卖盘
14:50:36	11.62	0.01	1	1162	买盘
14:50:33	11.61	--	72	83592	买盘
14:50:24	11.61	0.01	5	5805	买盘
14:50:15	11.6	-0.01	15	17400	卖盘
14:50:12	11.61	0.01	7	8127	买盘
14:50:09	11.6	--	75	87000	卖盘
14:50:03	11.6	--	60	69600	卖盘
14:50:00	11.6	-0.01	68	78880	卖盘
14:49:51	11.61	--	10	11610	买盘
14:49:45	11.61	--	9	10449	买盘
14:49:42	11.61	--	6	6966	买盘
14:49:36	11.61	0.01	2	2322	买盘
14:49:33	11.6	-0.01	15	17400	卖盘
14:49:27	11.61	--	12	13932	买盘
14:49:24	11.61	--	20	23220	买盘
14:49:21	11.61	--	16	18576	买盘
14:49:15	11.61	--	10	11610	买盘
14:49:12	11.61	--	68	78948	卖盘
14:49:03	11.61	--	3	3483	卖盘
14:49:00	11.61	--	116	134676	卖盘
14:48:51	11.61	--	8	9288	卖盘
14:48:42	11.61	-0.01	5	5805	卖盘
14:48:36	11.62	0.01	10	11620	买盘
14:48:30	11.61	--	20	23220	卖盘
14:48:24	11.61	--	20	23220	卖盘
14:48:21	11.61	--	18	20898	卖盘
14:48:12	11.61	-0.01	18	20898	卖盘
14:47:57	11.62	--	6	6971	买盘
14:47:54	11.62	--	4	4648	买盘
14:47:45	11.62	0.01	6	6971	买盘
14:47:33	11.61	--	10	11610	卖盘
14:47:30	11.61	--	43	49923	卖盘
14:47:00	11.61	-0.01	25	29025	卖盘
14:46:57	11.62	--	33	38346	买盘
14:46:45	11.62	--	100	116199	买盘
14:46:39	11.62	0.01	16	18592	买盘
14:46:36	11.61	--	10	11610	卖盘
14:46:30	11.61	--	6	6966	卖盘
14:46:27	11.61	--	39	45279	卖盘
14:46:21	11.61	--	120	139320	卖盘
14:46:12	11.61	--	22	25542	卖盘
14:46:00	11.61	-0.01	24	27864	卖盘
14:45:57	11.62	0.01	5	5810	买盘
14:45:42	11.61	--	3	3483	卖盘
14:45:33	11.61	--	10	11610	卖盘
14:45:21	11.61	-0.01	6	6966	卖盘
14:45:09	11.62	--	24	27887	买盘
14:45:03	11.62	--	4	4648	买盘
14:44:57	11.62	0.01	30	34860	买盘
14:44:54	11.61	-0.01	118	136998	卖盘
14:44:09	11.62	0.01	5	5810	买盘
14:44:00	11.61	--	19	22059	卖盘
14:43:54	11.61	-0.01	35	40635	卖盘
14:43:48	11.62	--	9	10458	买盘
14:43:42	11.62	0.01	2	2324	买盘
14:43:36	11.61	--	20	23220	卖盘
14:43:33	11.61	-0.01	1	1161	卖盘
14:43:27	11.62	0.01	5	5810	买盘
14:43:15	11.61	--	3	3483	卖盘
14:43:12	11.61	--	14	16254	卖盘
14:43:03	11.61	-0.01	48	55728	卖盘
14:43:00	11.62	--	20	23240	买盘
14:42:18	11.62	0.01	5	5810	买盘
14:42:09	11.61	-0.01	10	11610	卖盘
14:42:06	11.62	0.01	37	42994	买盘
14:41:42	11.61	--	1	1161	卖盘
14:41:33	11.61	--	4	4644	卖盘
14:41:18	11.61	--	4	4644	卖盘
14:41:09	11.61	--	10	11610	卖盘
14:41:06	11.61	-0.01	1	1161	卖盘
14:40:36	11.62	--	37	42994	买盘
14:40:27	11.62	--	16	19173	卖盘
14:40:24	11.62	--	5	5810	卖盘
14:40:21	11.62	--	46	53452	卖盘
14:40:15	11.62	--	8	9296	卖盘
14:40:09	11.62	--	10	11620	卖盘
14:39:54	11.62	--	50	58099	卖盘
14:39:51	11.62	--	63	73206	卖盘
14:39:33	11.62	-0.01	110	127819	卖盘
14:39:30	11.63	0.01	48	55824	买盘
14:39:27	11.62	--	10	11620	卖盘
14:39:24	11.62	--	20	23240	卖盘
14:39:18	11.62	--	10	11620	卖盘
14:39:06	11.62	--	5	5810	卖盘
14:39:03	11.62	--	50	58099	卖盘
14:38:51	11.62	--	30	34860	卖盘
14:38:39	11.62	--	5	5810	卖盘
14:38:33	11.62	--	3	3485	卖盘
14:38:30	11.62	-0.01	13	15105	卖盘
14:38:27	11.63	0.01	6	6978	买盘
14:38:21	11.62	-0.01	123	142926	卖盘
14:38:03	11.63	--	10	11630	买盘
14:37:48	11.63	--	46	53498	买盘
14:37:45	11.63	--	22	25586	买盘
14:37:42	11.63	--	13	15119	买盘
14:37:36	11.63	--	3	3489	买盘
14:37:15	11.63	0.01	7	8141	买盘
14:37:12	11.62	--	5	5810	卖盘
14:37:09	11.62	-0.01	10	11620	卖盘
14:37:00	11.63	--	34	39542	买盘
14:36:57	11.63	--	35	40705	买盘
14:36:51	11.63	0.01	1	1163	买盘
14:36:42	11.62	--	1	1162	卖盘
14:36:39	11.62	-0.01	1	1162	卖盘
14:36:36	11.63	-0.01	5	5815	卖盘
14:35:57	11.64	0.02	5	5820	买盘
14:35:33	11.62	--	6	6971	卖盘
14:35:15	11.62	-0.02	10	12201	卖盘
14:35:12	11.64	0.01	11	12804	买盘
14:35:00	11.63	--	10	11630	买盘
14:34:51	11.63	--	54	62802	买盘
14:34:33	11.63	--	1	1163	买盘
14:34:30	11.63	--	59	68617	买盘
14:34:27	11.63	0.01	155	180265	买盘
14:34:24	11.62	--	14	16267	卖盘
14:34:21	11.62	--	21	24402	卖盘
14:34:03	11.62	--	95	110389	卖盘
14:34:00	11.62	-0.01	20	23240	卖盘
14:33:54	11.63	--	45	52916	卖盘
14:33:42	11.63	--	2	2326	卖盘
14:33:27	11.63	0.01	153	178520	买盘
14:33:12	11.62	-0.01	13	15105	卖盘
14:32:48	11.63	--	95	110485	买盘
14:32:45	11.63	--	27	31401	买盘
14:32:27	11.63	0.01	21	24423	买盘
14:32:24	11.62	--	4	4648	中性盘
14:32:12	11.62	0.01	24	27887	买盘
14:32:09	11.61	-0.01	53	61533	卖盘
14:32:00	11.62	--	18	20916	买盘
14:31:33	11.62	--	20	23240	买盘
14:31:27	11.62	--	23	26726	买盘
14:31:18	11.62	--	20	23240	买盘
14:31:12	11.62	--	40	46480	买盘
14:30:48	11.62	--	83	96446	卖盘
14:30:42	11.62	-0.01	5	5810	卖盘
14:30:33	11.63	0.01	50	58150	买盘
14:30:30	11.62	--	3	3485	卖盘
14:30:27	11.62	--	50	58099	卖盘
14:30:18	11.62	--	4	4648	卖盘
14:30:06	11.62	--	5	5810	卖盘
14:29:42	11.62	--	26	30211	买盘
14:29:36	11.62	--	2	2324	买盘
14:29:21	11.62	--	2	2324	卖盘
14:29:15	11.62	--	23	26726	卖盘
14:29:09	11.62	-0.01	52	60423	卖盘
14:29:00	11.63	0.01	15	17445	买盘
14:28:57	11.62	--	8	9296	卖盘
14:28:54	11.62	--	54	62747	卖盘
14:28:51	11.62	--	101	117361	卖盘
14:28:24	11.62	--	7	8133	卖盘
14:28:21	11.62	-0.01	5	5810	卖盘
14:28:18	11.63	0.01	300	348900	买盘
14:28:03	11.62	--	15	17430	卖盘
14:27:57	11.62	--	200	232399	卖盘
14:27:51	11.62	--	60	69720	卖盘
14:27:21	11.62	--	2	2324	卖盘
14:27:00	11.62	--	79	91798	卖盘
14:26:54	11.62	--	340	395080	买盘
14:26:27	11.62	0.01	9	10458	买盘
14:26:21	11.61	-0.01	10	11610	卖盘
14:26:15	11.62	--	7	8133	买盘
14:25:27	11.62	--	20	23240	买盘
14:24:51	11.62	--	21	24402	买盘
14:24:45	11.62	0.01	15	17430	买盘
14:24:33	11.61	-0.01	30	34830	卖盘
14:23:48	11.62	--	50	58099	买盘
14:23:42	11.62	--	30	34860	买盘
14:23:09	11.62	0.01	8	9296	买盘
14:23:06	11.61	--	5	5805	卖盘
14:23:00	11.61	--	43	49923	卖盘
14:22:51	11.61	--	15	17415	买盘
14:22:48	11.61	--	15	17415	卖盘
14:22:21	11.61	--	34	39474	卖盘
14:21:51	11.61	--	12	13932	买盘
14:21:48	11.61	--	88	102168	卖盘
14:21:36	11.61	--	10	11610	卖盘
14:21:18	11.61	--	5	5805	卖盘
14:20:45	11.61	-0.01	10	11610	卖盘
14:20:39	11.62	0.01	50	58099	买盘
14:20:33	11.61	--	50	58050	卖盘
14:20:21	11.61	--	15	17415	卖盘
14:20:03	11.61	0.01	72	83592	买盘
14:19:57	11.6	-0.01	13	15080	卖盘
14:19:54	11.61	--	5	5805	买盘
14:19:45	11.61	--	53	61533	买盘
14:19:15	11.61	0.01	67	77787	买盘
14:19:12	11.6	-0.01	30	34800	卖盘
14:18:39	11.61	0.01	4	4644	买盘
14:18:24	11.6	--	6	6960	买盘
14:18:21	11.6	--	22	25520	买盘
14:18:18	11.6	--	1	1160	买盘
14:18:15	11.6	--	7	8120	买盘
14:18:12	11.6	--	5	5800	买盘
14:18:09	11.6	--	10	11600	买盘
14:18:03	11.6	--	10	11600	买盘
14:18:00	11.6	--	22	25520	买盘
14:17:57	11.6	--	27	31320	买盘
14:17:54	11.6	--	5	5800	买盘
14:17:45	11.6	--	8	9280	买盘
14:17:42	11.6	--	10	11600	买盘
14:17:39	11.6	--	20	23200	买盘
14:17:30	11.6	--	500	580000	卖盘
14:17:15	11.6	-0.01	15	17400	卖盘
14:17:12	11.61	--	18	20898	买盘
14:17:09	11.61	0.01	10	11610	买盘
14:17:06	11.6	-0.01	11	12760	卖盘
14:16:54	11.61	--	14	16254	买盘
14:16:27	11.61	--	3	3483	买盘
14:16:15	11.61	0.01	120	139320	买盘
14:15:57	11.6	--	3	3480	卖盘
14:15:51	11.6	-0.01	13	15080	卖盘
14:15:39	11.61	0.01	8	9288	买盘
14:15:30	11.6	--	28	32480	卖盘
14:15:06	11.6	-0.01	3	3480	卖盘
14:14:57	11.61	--	10	11610	买盘
14:14:36	11.61	0.01	20	23220	买盘
14:14:33	11.6	-0.01	1	1160	卖盘
14:14:24	11.61	--	23	26703	买盘
14:14:12	11.61	--	32	37152	买盘
14:14:09	11.61	--	138	160218	卖盘
14:13:39	11.61	--	14	16254	卖盘
14:13:33	11.61	--	10	11610	卖盘
14:13:15	11.61	-0.01	17	19737	卖盘
14:13:12	11.62	0.01	9	10458	买盘
14:13:09	11.61	--	3	3483	卖盘
14:12:57	11.61	-0.01	20	23220	卖盘
14:12:54	11.62	--	10	11620	买盘
14:12:30	11.62	0.01	20	23240	买盘
14:11:15	11.61	--	10	11610	卖盘
14:11:03	11.61	--	3	3483	卖盘
14:11:00	11.61	--	3	3483	卖盘
14:10:48	11.61	--	94	109134	买盘
14:10:39	11.61	--	30	34830	买盘
14:10:27	11.61	0.01	10	11610	买盘
14:10:21	11.6	--	6	6960	卖盘
14:10:03	11.6	-0.01	6	6960	卖盘
14:09:54	11.61	-0.01	68	78948	卖盘
14:09:42	11.62	0.01	5	5810	买盘
14:09:27	11.61	--	59	68499	卖盘
14:09:18	11.61	-0.01	16	18576	卖盘
14:09:12	11.62	0.01	20	23240	买盘
14:08:57	11.61	--	20	23220	卖盘
14:08:21	11.61	--	5	5805	卖盘
14:07:39	11.61	--	66	76626	卖盘
14:07:27	11.61	-0.01	1	1161	卖盘
14:07:18	11.62	0.01	23	26726	买盘
14:06:30	11.61	-0.01	10	11610	卖盘
14:06:21	11.62	--	3	3485	买盘
14:06:12	11.62	--	3	3485	买盘
14:05:39	11.62	--	11	12782	买盘
14:05:24	11.62	0.01	5	5810	买盘
14:05:06	11.61	-0.01	2	2322	卖盘
14:04:39	11.62	0.01	10	11620	买盘
14:04:30	11.61	--	35	40635	卖盘
14:04:09	11.61	--	79	91719	买盘
14:03:21	11.61	--	21	24381	买盘
14:03:15	11.61	--	19	22059	卖盘
14:03:09	11.61	--	15	17415	买盘
14:02:54	11.61	--	20	23220	买盘
14:02:39	11.61	--	8	9288	买盘
14:02:33	11.61	0.01	10	11610	买盘
14:02:27	11.6	--	8	9280	卖盘
14:02:18	11.6	--	21	24360	卖盘
14:01:57	11.6	--	5	5800	卖盘
14:01:06	11.6	-0.01	29	33640	卖盘
14:01:00	11.61	0.01	40	46440	买盘
14:00:57	11.6	-0.01	20	23200	卖盘
14:00:54	11.61	0.01	20	23220	买盘
14:00:30	11.6	--	51	59160	卖盘
14:00:18	11.6	--	30	34800	卖盘
13:59:48	11.6	-0.01	10	11600	卖盘
13:59:39	11.61	0.01	203	235683	买盘
13:59:18	11.6	--	20	23200	卖盘
13:59:12	11.6	--	5	5800	卖盘
13:58:48	11.6	--	10	11600	卖盘
13:58:36	11.6	-0.01	2	2320	卖盘
13:58:15	11.61	--	56	65016	买盘
13:58:06	11.61	--	2	2322	买盘
13:57:45	11.61	0.01	10	11610	买盘
13:57:39	11.6	--	30	34800	卖盘
13:57:27	11.6	-0.01	8	9280	卖盘
13:57:24	11.61	--	25	29025	买盘
13:57:18	11.61	--	30	34830	买盘
13:56:48	11.61	--	12	13932	买盘
13:56:30	11.61	0.01	30	34830	买盘
13:56:12	11.6	-0.01	5	5800	卖盘
13:55:57	11.61	0.01	86	99846	买盘
13:55:42	11.6	-0.01	5	5800	卖盘
13:55:15	11.61	0.01	10	11610	买盘
13:54:39	11.6	--	3	3480	买盘
13:54:36	11.6	0.01	7	8120	买盘
13:54:33	11.59	-0.01	20	23180	卖盘
13:54:30	11.6	--	24	27840	买盘
13:54:24	11.6	--	10	11600	买盘
13:54:21	11.6	--	9	10440	买盘
13:54:15	11.6	--	5	5800	买盘
13:54:03	11.6	--	36	41760	买盘
13:53:51	11.6	--	10	11600	买盘
13:53:30	11.6	--	54	62640	卖盘
13:53:09	11.6	0.01	14	16240	买盘
13:53:00	11.59	-0.01	2	2318	卖盘
13:52:57	11.6	--	9	10440	买盘
13:52:51	11.6	--	19	22040	买盘
13:52:48	11.6	--	38	44080	买盘
13:52:45	11.6	--	11	12760	买盘
13:52:36	11.6	--	8	9280	买盘
13:52:33	11.6	--	6	6960	买盘
13:52:24	11.6	0.01	20	23200	买盘
13:52:21	11.59	-0.01	20	23180	卖盘
13:52:15	11.6	--	12	13920	买盘
13:52:03	11.6	--	40	46400	买盘
13:52:00	11.6	--	38	44080	卖盘
13:51:54	11.6	--	8	9280	卖盘
13:51:51	11.6	--	20	23200	卖盘
13:51:42	11.6	--	5	5800	卖盘
13:51:39	11.6	--	10	11600	卖盘
13:51:30	11.6	--	109	126440	卖盘
13:51:21	11.6	--	8	9280	买盘
13:51:15	11.6	--	12	13920	中性盘
13:50:57	11.6	--	2	2320	卖盘
13:50:54	11.6	--	5	5800	中性盘
13:50:45	11.6	--	9	10440	买盘
13:50:30	11.6	--	17	19720	买盘
13:50:27	11.6	--	15	17400	买盘
13:50:21	11.6	0.01	5	5800	买盘
13:49:39	11.59	--	1	1159	卖盘
13:49:36	11.59	-0.01	10	11590	卖盘
13:49:21	11.6	0.01	11	12760	买盘
13:49:18	11.59	-0.01	10	11590	卖盘
13:48:42	11.6	--	10	11600	买盘
13:48:09	11.6	--	5	5800	卖盘
13:48:03	11.6	--	10	11600	卖盘
13:47:57	11.6	--	150	174000	卖盘
13:47:36	11.6	-0.01	100	116000	卖盘
13:47:21	11.61	--	13	15093	买盘
13:47:00	11.61	--	7	8127	买盘
13:46:57	11.61	--	6	6966	卖盘
13:46:54	11.61	--	2	2322	卖盘
13:46:45	11.61	-0.01	6	6966	卖盘
13:46:30	11.62	0.01	10	11620	买盘
13:46:27	11.61	--	9	10449	卖盘
13:46:21	11.61	--	10	11610	卖盘
13:46:15	11.61	--	25	29025	卖盘
13:46:06	11.61	--	25	29025	卖盘
13:46:00	11.61	-0.01	20	23220	卖盘
13:45:33	11.62	--	10	11620	买盘
13:45:27	11.62	0.01	12	13943	买盘
13:45:18	11.61	-0.01	3	3483	卖盘
13:45:03	11.62	0.01	6	6971	买盘
13:44:54	11.61	--	10	11610	卖盘
13:44:48	11.61	-0.01	600	696600	卖盘
13:44:45	11.62	0.01	13	15105	买盘
13:44:33	11.61	-0.01	5	5805	卖盘
13:44:24	11.62	0.01	18	20916	买盘
13:44:03	11.61	--	5	5805	中性盘
13:43:21	11.61	--	8	9288	卖盘
13:43:03	11.61	--	92	106812	买盘
13:42:27	11.61	--	10	11610	买盘
13:41:09	11.61	0.01	70	81270	买盘
13:40:57	11.6	--	40	46400	卖盘
13:40:48	11.6	-0.01	3	3480	卖盘
13:40:36	11.61	0.01	20	23220	买盘
13:40:33	11.6	--	19	22040	卖盘
13:40:06	11.6	--	50	58000	卖盘
13:40:03	11.6	--	15	17400	卖盘
13:38:33	11.6	--	14	16240	卖盘
13:37:54	11.6	-0.01	10	11600	卖盘
13:37:39	11.61	--	38	44118	买盘
13:37:33	11.61	0.01	10	11610	买盘
13:37:27	11.6	--	111	128760	卖盘
13:37:21	11.6	-0.01	10	11600	卖盘
13:36:51	11.61	0.01	6	6966	买盘
13:36:42	11.6	--	20	23200	卖盘
13:36:24	11.6	-0.01	217	252160	卖盘
13:36:15	11.61	--	13	15093	买盘
13:35:54	11.61	--	5	5805	买盘
13:35:48	11.61	-0.01	20	23220	中性盘
13:35:03	11.62	0.01	59	68558	买盘
13:34:45	11.61	-0.01	17	19737	卖盘
13:34:27	11.62	0.01	5	5810	买盘
13:34:12	11.61	-0.01	20	23220	卖盘
13:33:24	11.62	--	10	11620	买盘
13:32:36	11.62	--	6	6971	买盘
13:32:18	11.62	--	1	1162	买盘
13:31:54	11.62	--	6	6971	买盘
13:31:21	11.62	0.02	20	23240	买盘
13:31:03	11.6	-0.02	3	3480	卖盘
13:30:45	11.62	0.02	7	8133	买盘
13:30:18	11.6	--	32	37131	买盘
13:30:15	11.6	--	70	81200	买盘
13:30:12	11.6	--	10	11600	买盘
13:30:09	11.6	--	197	228520	买盘
13:29:54	11.6	--	2	2320	买盘
13:29:51	11.6	-0.02	188	219228	卖盘
13:29:33	11.62	0.01	14	16267	买盘
13:29:30	11.61	-0.01	28	32508	卖盘
13:29:18	11.62	--	5	5810	买盘
13:29:09	11.62	--	2	2324	买盘
13:28:54	11.62	--	3	3485	买盘
13:28:33	11.62	--	20	23240	买盘
13:28:12	11.62	--	8	9296	买盘
13:28:06	11.62	--	3	3485	买盘
13:28:03	11.62	0.01	10	11620	买盘
13:27:45	11.61	0.01	5	5805	买盘
13:27:30	11.6	--	69	80051	买盘
13:27:12	11.6	--	34	39440	买盘
13:27:06	11.6	-0.01	512	595068	卖盘
13:26:57	11.61	--	5	5805	买盘
13:26:54	11.61	--	60	69660	买盘
13:26:42	11.61	--	106	123066	买盘
13:26:39	11.61	--	30	34830	买盘
13:26:36	11.61	--	49	56889	买盘
13:26:30	11.61	-0.01	365	423765	卖盘
13:26:27	11.62	0.01	50	58099	买盘
13:26:18	11.61	--	24	27864	买盘
13:26:12	11.61	--	16	18576	卖盘
13:26:09	11.61	0.01	5	5805	买盘
13:25:54	11.6	--	10	11600	卖盘
13:25:48	11.6	--	1	1160	卖盘
13:25:15	11.6	--	4	4640	卖盘
13:25:09	11.6	0.01	10	11611	买盘
13:25:03	11.59	-0.01	10	11590	卖盘
13:24:33	11.6	0.01	74	85840	买盘
13:24:30	11.59	-0.01	8	9272	卖盘
13:24:21	11.6	--	8	9280	买盘
13:24:18	11.6	--	2	2320	买盘
13:24:12	11.6	-0.01	305	354948	卖盘
13:24:06	11.61	--	3	3483	买盘
13:23:57	11.61	--	6	6966	买盘
13:23:30	11.61	0.01	20	23220	买盘
13:23:03	11.6	-0.01	20	23200	卖盘
13:23:00	11.61	0.01	3	3483	买盘
13:22:51	11.6	--	2	2320	卖盘
13:22:45	11.6	--	13	15080	卖盘
13:22:39	11.6	--	12	13920	卖盘
13:22:30	11.6	0.01	43	49891	买盘
13:22:18	11.59	-0.01	224	259616	卖盘
13:22:09	11.6	--	39	45240	买盘
13:22:03	11.6	--	10	11600	买盘
13:22:00	11.6	--	2	2320	买盘
13:21:54	11.6	--	196	227360	买盘
13:21:39	11.6	-0.01	595	691348	卖盘
13:21:36	11.61	-0.01	20	23220	卖盘
13:21:27	11.62	--	98	113875	卖盘
13:21:03	11.62	-0.01	12	13943	卖盘
13:21:00	11.63	0.01	15	17445	中性盘
13:20:45	11.62	-0.01	400	464799	卖盘
13:20:36	11.63	--	13	15119	卖盘
13:19:54	11.63	0.01	1	1163	卖盘
13:19:51	11.62	-0.01	10	11620	卖盘
13:19:48	11.63	0.01	10	11630	买盘
13:19:45	11.62	--	18	20916	卖盘
13:19:15	11.62	0.01	10	11620	中性盘
13:18:21	11.61	-0.02	500	580500	卖盘
13:17:57	11.63	-0.01	10	11630	中性盘
13:17:27	11.64	--	5	5820	买盘
13:17:15	11.64	--	1	1164	卖盘
13:17:09	11.64	-0.01	40	46560	卖盘
13:17:06	11.65	0.01	3	3495	买盘
13:16:54	11.64	-0.01	12	13968	卖盘
13:16:45	11.65	--	20	23300	买盘
13:16:42	11.65	--	50	58250	买盘
13:16:30	11.65	--	66	76890	买盘
13:16:06	11.65	--	5	5825	买盘
13:15:54	11.65	--	12	13980	买盘
13:15:45	11.65	0.01	300	349500	买盘
13:15:39	11.64	--	6	6984	买盘
13:15:27	11.64	--	78	90792	买盘
13:15:24	11.64	--	20	23280	买盘
13:15:12	11.64	--	15	17460	买盘
13:15:03	11.64	0.01	10	11640	买盘
13:14:45	11.63	0.01	303	352389	买盘
13:14:21	11.62	--	5	5810	卖盘
13:14:15	11.62	--	60	69720	卖盘
13:13:48	11.62	--	2	2324	买盘
13:13:27	11.62	0.01	200	232399	买盘
13:13:24	11.61	--	20	23220	卖盘
13:13:09	11.61	--	14	16254	买盘
13:13:00	11.61	--	15	17415	买盘
13:12:57	11.61	--	36	41796	卖盘
13:12:36	11.61	--	30	34830	卖盘
13:12:27	11.61	--	30	34830	卖盘
13:11:39	11.61	0.01	28	32508	买盘
13:11:33	11.6	--	53	61480	卖盘
13:11:30	11.6	-0.01	22	25520	卖盘
13:09:45	11.61	--	13	15093	买盘
13:09:27	11.61	--	10	11610	买盘
13:09:18	11.61	-0.01	5	5805	卖盘
13:09:03	11.62	--	10	11620	买盘
13:08:51	11.62	--	47	54613	买盘
13:08:09	11.62	0.01	87	101094	买盘
13:07:21	11.61	-0.01	72	84021	卖盘
13:07:15	11.62	--	8	9296	买盘
13:06:42	11.62	--	65	75530	买盘
13:06:06	11.62	--	50	58099	买盘
13:06:00	11.62	0.01	11	12782	买盘
13:05:33	11.61	--	20	23220	卖盘
13:05:27	11.61	-0.01	5	5805	卖盘
13:04:42	11.62	0.01	44	51128	买盘
13:04:30	11.61	-0.01	10	11610	卖盘
13:04:00	11.62	-0.01	200	232399	卖盘
13:02:39	11.63	--	8	9304	买盘
13:02:36	11.63	0.01	60	69780	买盘
13:02:09	11.62	0.01	20	23240	买盘
13:01:33	11.61	--	33	38313	卖盘
13:01:21	11.61	--	20	23220	卖盘
13:01:09	11.61	--	3	3483	卖盘
13:00:39	11.61	--	5	5805	卖盘
13:00:03	11.61	0.01	368	427259	买盘
13:00:00	11.6	--	0	0	卖盘
11:30:00	11.6	--	0	0	卖盘
11:29:48	11.6	-0.01	12	13920	卖盘
11:29:15	11.61	0.01	7	8127	买盘
11:28:54	11.6	--	6	6960	卖盘
11:28:45	11.6	--	9	10440	卖盘
11:28:36	11.6	--	10	11600	卖盘
11:28:27	11.6	-0.01	10	11600	卖盘
11:28:24	11.61	0.01	85	99416	买盘
11:28:18	11.6	--	9	10869	卖盘
11:28:15	11.6	--	8	10010	买盘
11:28:00	11.6	--	11	12760	买盘
11:27:54	11.6	--	10	11600	买盘
11:27:45	11.6	--	0	429	卖盘
11:27:36	11.6	--	20	23200	卖盘
11:27:18	11.6	-0.01	99	115570	卖盘
11:27:00	11.61	0.01	70	81270	买盘
11:26:51	11.6	-0.01	5	5800	卖盘
11:26:48	11.61	0.01	40	46440	买盘
11:26:18	11.6	--	5	5800	卖盘
11:26:09	11.6	--	50	58000	卖盘
11:26:03	11.6	0.01	20	23200	买盘
11:25:45	11.59	-0.01	19	22021	卖盘
11:25:27	11.6	--	2	2320	买盘
11:25:09	11.6	--	10	11600	买盘
11:25:06	11.6	--	21	24360	卖盘
11:24:39	11.6	--	30	34800	卖盘
11:24:33	11.6	--	37	42920	卖盘
11:24:21	11.6	--	10	11600	卖盘
11:24:03	11.6	--	12	13920	卖盘
11:23:57	11.6	--	20	23200	卖盘
11:23:36	11.6	--	26	30160	买盘
11:22:57	11.6	--	67	77720	卖盘
11:22:39	11.6	-0.01	6	6960	卖盘
11:22:30	11.61	--	21	24381	买盘
11:22:12	11.61	--	2	2322	买盘
11:22:00	11.61	--	10	11610	买盘
11:21:24	11.61	0.01	6	6966	买盘
11:20:48	11.6	0.01	65	75400	中性盘
11:20:39	11.59	-0.01	17	19703	卖盘
11:20:30	11.6	--	120	139200	买盘
11:20:21	11.6	--	10	11600	买盘
11:20:12	11.6	--	9	10440	买盘
11:19:54	11.6	0.01	57	66120	买盘
11:19:09	11.59	-0.01	471	545889	卖盘
11:19:03	11.6	--	14	16240	买盘
11:18:51	11.6	0.02	5	5800	买盘
11:18:12	11.58	-0.01	170	196860	卖盘
11:17:57	11.59	--	1	1159	卖盘
11:17:39	11.59	--	6	6954	卖盘
11:17:15	11.59	--	21	24339	卖盘
11:17:00	11.59	--	10	11590	卖盘
11:16:54	11.59	--	7	8113	卖盘
11:16:30	11.59	-0.01	13	15067	卖盘
11:16:12	11.6	0.01	5	5800	买盘
11:16:06	11.59	-0.01	21	24339	卖盘
11:16:03	11.6	--	300	348000	买盘
11:15:57	11.6	0.01	10	11600	买盘
11:15:15	11.59	-0.01	13	15067	卖盘
11:15:12	11.6	--	15	17400	买盘
11:15:09	11.6	0.01	1	1160	买盘
11:15:03	11.59	--	5	5795	卖盘
11:14:54	11.59	--	3	3477	卖盘
11:14:30	11.59	--	14	16226	卖盘
11:14:27	11.59	-0.01	10	11590	卖盘
11:14:18	11.6	0.01	13	15080	买盘
11:14:09	11.59	-0.01	1	1159	卖盘
11:13:57	11.6	--	6	6960	买盘
11:13:48	11.6	--	20	23200	买盘
11:13:45	11.6	0.01	2	2320	买盘
11:13:33	11.59	--	4	4636	卖盘
11:13:21	11.59	0.01	8	9272	中性盘
11:12:57	11.58	-0.01	50	57900	卖盘
11:12:45	11.59	--	5	5795	卖盘
11:12:39	11.59	--	5	5795	买盘
11:12:30	11.59	--	23	26657	买盘
11:12:21	11.59	-0.01	110	127490	卖盘
11:12:15	11.6	0.01	28	32480	买盘
11:12:06	11.59	-0.01	10	11590	卖盘
11:11:54	11.6	--	20	23200	买盘
11:11:48	11.6	--	34	39440	中性盘
11:11:12	11.6	0.01	10	11600	中性盘
11:10:54	11.59	-0.01	10	11590	卖盘
11:10:48	11.6	--	6	6960	买盘
11:10:33	11.6	--	12	13920	买盘
11:10:24	11.6	--	70	81200	买盘
11:09:54	11.6	--	1	1160	卖盘
11:09:48	11.6	--	70	81200	卖盘
11:09:30	11.6	--	32	37120	买盘
11:09:21	11.6	0.01	5	5800	中性盘
11:08:57	11.59	-0.01	79	91561	卖盘
11:08:45	11.6	-0.01	322	373520	卖盘
11:08:39	11.61	--	597	693117	卖盘
11:08:36	11.61	--	1	1161	卖盘
11:08:33	11.61	--	15	17415	卖盘
11:08:18	11.61	--	15	17415	卖盘
11:08:09	11.61	--	37	42957	卖盘
11:08:06	11.61	--	15	17415	卖盘
11:08:03	11.61	--	15	17415	卖盘
11:07:30	11.61	-0.01	10	11610	卖盘
11:06:51	11.62	0.01	62	72044	买盘
11:06:36	11.61	--	5	5805	卖盘
11:06:30	11.61	--	13	15093	卖盘
11:05:42	11.61	-0.01	20	23220	卖盘
11:04:42	11.62	-0.01	743	863366	卖盘
11:04:39	11.63	0.01	15	17445	买盘
11:04:33	11.62	-0.01	2	2324	卖盘
11:03:30	11.63	0.01	3	3489	买盘
11:03:12	11.62	--	3	3485	卖盘
11:03:00	11.62	--	10	11620	卖盘
11:02:57	11.62	--	12	13943	卖盘
11:02:42	11.62	--	3	3485	卖盘
11:02:39	11.62	-0.01	9	10458	卖盘
11:02:33	11.63	--	3	3489	卖盘
11:02:27	11.63	--	1	1163	买盘
11:02:21	11.63	--	6	6978	买盘
11:01:33	11.63	0.01	29	33727	买盘
11:01:21	11.62	--	8	9296	卖盘
11:01:12	11.62	-0.01	11	12782	卖盘
11:01:00	11.63	--	115	133745	买盘
11:00:24	11.63	0.01	16	18608	买盘
10:59:54	11.62	--	25	29049	卖盘
10:59:45	11.62	--	44	51128	卖盘
10:59:27	11.62	--	36	41832	卖盘
10:59:06	11.62	-0.01	55	63909	卖盘
10:58:57	11.63	--	19	22097	买盘
10:58:51	11.63	--	2	2326	卖盘
10:58:45	11.63	--	9	10467	卖盘
10:58:36	11.63	0.01	93	108159	买盘
10:58:30	11.62	--	42	48804	卖盘
10:58:24	11.62	--	12	13943	卖盘
10:58:15	11.62	--	2	2324	卖盘
10:57:48	11.62	-0.01	8	9296	卖盘
10:57:18	11.63	--	339	394257	卖盘
10:57:06	11.63	--	16	18608	卖盘
10:56:48	11.63	--	1	1163	卖盘
10:56:39	11.63	--	4	4652	卖盘
10:56:18	11.63	-0.01	10	11630	卖盘
10:56:03	11.64	0.01	2	2328	买盘
10:55:45	11.63	-0.01	12	13956	卖盘
10:55:06	11.64	--	28	32592	买盘
10:54:27	11.64	0.01	5	5820	买盘
10:54:21	11.63	-0.01	20	23260	卖盘
10:54:09	11.64	--	44	51216	卖盘
10:53:51	11.64	--	5	5820	卖盘
10:53:45	11.64	--	57	66348	卖盘
10:53:06	11.64	--	7	8148	卖盘
10:52:48	11.64	-0.01	10	11640	卖盘
10:52:24	11.65	--	1	1165	买盘
10:51:51	11.65	0.01	30	34950	买盘
10:51:15	11.64	0.01	30	34920	买盘
10:51:03	11.63	--	35	40705	卖盘
10:50:15	11.63	--	1	1163	卖盘
10:50:06	11.63	--	6	6978	卖盘
10:50:00	11.63	--	8	9304	卖盘
10:49:57	11.63	--	27	31401	买盘
10:49:54	11.63	--	3	3489	买盘
10:49:18	11.63	0.01	4	4652	买盘
10:49:06	11.62	--	18	20916	卖盘
10:48:45	11.62	--	6	6971	卖盘
10:48:33	11.62	--	5	5810	卖盘
10:48:18	11.62	--	2	2324	买盘
10:47:57	11.62	--	11	12782	买盘
10:47:36	11.62	0.01	3	3485	中性盘
10:46:51	11.61	-0.02	10	11610	卖盘
10:46:09	11.63	0.01	10	11630	买盘
10:45:57	11.62	--	8	9296	卖盘
10:45:33	11.62	--	15	17430	买盘
10:45:21	11.62	--	4	4648	买盘
10:45:15	11.62	--	7	8133	买盘
10:45:09	11.62	0.01	1	1162	买盘
10:45:03	11.61	-0.01	40	46440	卖盘
10:45:00	11.62	--	8	9296	买盘
10:44:51	11.62	--	5	5810	买盘
10:44:48	11.62	--	15	17430	买盘
10:44:42	11.62	--	45	52290	买盘
10:44:33	11.62	0.01	18	20916	买盘
10:44:27	11.61	-0.01	24	27864	卖盘
10:44:15	11.62	0.01	52	60423	中性盘
10:43:48	11.61	-0.01	195	226395	卖盘
10:43:27	11.62	--	5	5810	卖盘
10:43:21	11.62	--	3	3485	卖盘
10:43:03	11.62	--	7	8133	买盘
10:42:42	11.62	--	7	8133	买盘
10:42:12	11.62	--	6	6971	买盘
10:42:09	11.62	-0.01	30	34860	卖盘
10:41:57	11.63	--	8	9304	买盘
10:41:51	11.63	0.01	12	13956	买盘
10:41:42	11.62	--	20	23240	中性盘
10:41:27	11.62	--	5	5810	卖盘
10:41:24	11.62	--	3	3485	卖盘
10:41:18	11.62	--	12	13943	买盘
10:41:12	11.62	--	20	23240	买盘
10:41:06	11.62	--	50	58099	买盘
10:41:00	11.62	--	3	3485	买盘
10:40:48	11.62	--	10	11620	买盘
10:40:45	11.62	--	46	53452	买盘
10:40:42	11.62	0.01	2	2324	买盘
10:40:30	11.61	0.01	47	54567	买盘
10:40:27	11.6	--	34	39440	卖盘
10:40:24	11.6	--	7	8120	卖盘
10:40:21	11.6	--	14	16240	卖盘
10:40:18	11.6	-0.01	2	2320	卖盘
10:40:15	11.61	0.01	50	58050	买盘
10:40:09	11.6	--	8	9280	卖盘
10:40:06	11.6	-0.01	28	32480	卖盘
10:40:03	11.61	--	3	3483	买盘
10:40:00	11.61	--	66	76626	买盘
10:39:48	11.61	--	10	11610	买盘
10:39:45	11.61	--	204	236844	卖盘
10:39:39	11.61	--	1	1161	卖盘
10:39:15	11.61	-0.01	50	58050	卖盘
10:38:45	11.62	--	5	5810	买盘
10:38:39	11.62	0.01	3	3485	买盘
10:38:36	11.61	--	197	228717	卖盘
10:38:21	11.61	-0.01	5	5805	卖盘
10:38:09	11.62	--	5	5810	卖盘
10:37:57	11.62	--	2	2324	买盘
10:37:18	11.62	--	21	24402	卖盘
10:36:57	11.62	0.01	2	2324	买盘
10:36:51	11.61	-0.01	4	4644	卖盘
10:36:42	11.62	--	7	8133	买盘
10:36:30	11.62	--	10	11620	买盘
10:36:18	11.62	--	3	3485	买盘
10:35:42	11.62	--	3	3485	买盘
10:35:39	11.62	--	10	11620	卖盘
10:35:36	11.62	-0.01	10	11620	卖盘
10:35:33	11.63	--	50	58150	买盘
10:35:18	11.63	0.01	200	232600	买盘
10:35:15	11.62	--	20	23240	卖盘
10:34:54	11.62	-0.01	30	34860	卖盘
10:34:33	11.63	0.01	1	1163	买盘
10:34:27	11.62	-0.01	17	19754	卖盘
10:33:54	11.63	0.01	20	23260	买盘
10:33:39	11.62	--	18	20916	卖盘
10:33:33	11.62	--	64	74368	卖盘
10:33:27	11.62	-0.01	34	39508	卖盘
10:33:24	11.63	0.01	45	52335	买盘
10:33:18	11.62	-0.01	6	6971	卖盘
10:33:12	11.63	0.01	3	3489	买盘
10:33:03	11.62	--	54	62747	卖盘
10:33:00	11.62	--	80	92960	卖盘
10:32:54	11.62	--	12	13943	卖盘
10:32:33	11.62	-0.01	5	5810	卖盘
10:32:30	11.63	--	47	54661	买盘
10:32:21	11.63	--	10	11630	买盘
10:32:18	11.63	--	509	592548	卖盘
10:32:03	11.63	--	8	9304	卖盘
10:31:54	11.63	-0.01	28	32564	卖盘
10:31:42	11.64	0.01	22	25608	买盘
10:31:39	11.63	-0.01	88	102344	卖盘
10:31:15	11.64	--	1	1164	买盘
10:31:09	11.64	0.01	33	38412	买盘
10:30:36	11.63	-0.01	10	11630	卖盘
10:30:18	11.64	--	2	2328	买盘
10:30:06	11.64	--	6	6984	买盘
10:30:03	11.64	0.01	2	2328	买盘
10:30:00	11.63	--	25	29075	卖盘
10:29:54	11.63	--	37	43031	卖盘
10:29:51	11.63	--	2	2326	卖盘
10:29:36	11.63	--	4	4652	卖盘
10:29:33	11.63	--	1	1163	卖盘
10:28:36	11.63	-0.01	27	31401	卖盘
10:28:12	11.64	--	63	73332	卖盘
10:27:48	11.64	-0.01	1	1164	卖盘
10:27:45	11.65	--	25	29125	买盘
10:27:30	11.65	0.01	1	1165	买盘
10:27:21	11.64	-0.01	20	23280	卖盘
10:27:15	11.65	0.01	39	45435	买盘
10:27:03	11.64	--	1	1164	卖盘
10:26:03	11.64	--	50	58200	卖盘
10:25:57	11.64	--	5	5820	卖盘
10:25:36	11.64	--	10	11640	卖盘
10:25:21	11.64	--	30	34920	卖盘
10:25:15	11.64	--	10	11640	卖盘
10:24:57	11.64	0.01	23	26772	买盘
10:24:48	11.63	-0.01	0	581	卖盘
10:24:39	11.64	0.01	10	11640	买盘
10:24:12	11.63	--	20	23260	卖盘
10:23:51	11.63	-0.01	50	58150	卖盘
10:23:48	11.64	-0.01	130	151320	卖盘
10:23:45	11.65	0.01	58	67570	买盘
10:23:27	11.64	0.01	122	142008	买盘
10:22:33	11.63	--	2	2326	卖盘
10:22:30	11.63	--	6	6978	卖盘
10:22:03	11.63	--	5	5815	卖盘
10:21:39	11.63	-0.01	11	12793	卖盘
10:21:24	11.64	0.01	48	55872	中性盘
10:21:12	11.63	-0.01	17	19771	卖盘
10:20:57	11.64	--	9	10476	买盘
10:20:39	11.64	0.01	6	6984	中性盘
10:20:21	11.63	-0.02	12	13956	卖盘
10:20:15	11.65	--	10	11650	买盘
10:19:30	11.65	0.01	84	97860	买盘
10:19:27	11.64	-0.01	18	20952	卖盘
10:19:24	11.65	0.01	10	11650	买盘
10:19:03	11.64	0.01	2	2328	买盘
10:19:00	11.63	-0.01	12	13956	卖盘
10:18:48	11.64	--	3	3492	买盘
10:18:42	11.64	0.01	43	50052	买盘
10:18:39	11.63	-0.01	1	1163	卖盘
10:18:36	11.64	--	5	5820	中性盘
10:18:21	11.64	--	33	38412	买盘
10:18:15	11.64	--	10	11640	买盘
10:17:33	11.64	-0.01	28	32592	卖盘
10:16:18	11.65	0.02	10	11650	买盘
10:15:57	11.63	--	25	29075	卖盘
10:15:39	11.63	--	15	17445	卖盘
10:15:30	11.63	-0.01	15	17445	卖盘
10:15:09	11.64	0.01	6	6984	买盘
10:14:48	11.63	--	5	5815	卖盘
10:14:24	11.63	--	11	12793	卖盘
10:14:00	11.63	--	4	4652	卖盘
10:13:24	11.63	0.01	34	39542	买盘
10:13:21	11.62	-0.01	5	5810	卖盘
10:13:12	11.63	0.01	2	2326	买盘
10:13:03	11.62	-0.01	3	3485	卖盘
10:13:00	11.63	--	10	11630	买盘
10:12:36	11.63	--	14	16282	卖盘
10:12:24	11.63	0.01	6	6978	中性盘
10:11:57	11.62	--	34	39508	卖盘
10:11:39	11.62	--	3	3485	卖盘
10:11:06	11.62	-0.01	1	1162	卖盘
10:11:00	11.63	--	1	1163	买盘
10:10:54	11.63	--	1	1163	买盘
10:10:51	11.63	0.01	9	10467	买盘
10:10:48	11.62	-0.01	35	40670	卖盘
10:10:39	11.63	0.01	30	34890	买盘
10:10:30	11.62	-0.01	50	58099	卖盘
10:10:15	11.63	--	5	5815	买盘
10:10:03	11.63	--	5	5815	买盘
10:09:54	11.63	0.01	2	2326	买盘
10:09:36	11.62	--	17	19754	卖盘
10:09:21	11.62	--	13	15105	卖盘
10:09:18	11.62	--	10	11620	卖盘
10:09:15	11.62	--	1	1162	卖盘
10:09:09	11.62	--	12	13943	卖盘
10:08:57	11.62	--	58	67396	卖盘
10:08:42	11.62	--	3	3485	卖盘
10:08:39	11.62	--	6	6971	卖盘
10:08:27	11.62	--	1	1162	卖盘
10:08:18	11.62	-0.01	20	23240	卖盘
10:08:03	11.63	0.01	102	118626	买盘
10:08:00	11.62	--	12	13943	卖盘
10:07:36	11.62	-0.01	2	2324	卖盘
10:07:30	11.63	--	26	30238	卖盘
10:07:27	11.63	--	5	5815	卖盘
10:07:24	11.63	--	54	62802	卖盘
10:07:09	11.63	-0.02	6	6978	卖盘
10:06:36	11.65	0.02	55	64075	买盘
10:06:33	11.63	--	5	5815	卖盘
10:05:51	11.63	--	23	26749	卖盘
10:05:27	11.63	--	5	5815	卖盘
10:04:42	11.63	--	2	2326	卖盘
10:04:15	11.63	--	4	4652	卖盘
10:04:06	11.63	--	15	17445	卖盘
10:03:48	11.63	--	10	11630	买盘
10:03:45	11.63	0.01	5	5815	买盘
10:03:12	11.62	--	3	3485	卖盘
10:03:03	11.62	--	4	4648	卖盘
10:03:00	11.62	--	5	5810	卖盘
10:02:45	11.62	--	11	12782	卖盘
10:02:21	11.62	-0.01	8	9296	卖盘
10:02:15	11.63	--	5	5815	买盘
10:02:12	11.63	--	10	11630	买盘
10:02:00	11.63	--	13	15119	买盘
10:01:57	11.63	-0.02	16	18608	中性盘
10:01:24	11.65	0.02	116	135140	买盘
10:01:21	11.63	--	95	110485	卖盘
10:01:15	11.63	-0.02	20	23260	卖盘
10:01:12	11.65	--	1	1165	买盘
10:00:48	11.65	--	2	2330	买盘
10:00:39	11.65	0.02	1	1165	买盘
10:00:36	11.63	--	4	4652	卖盘
10:00:09	11.63	-0.02	15	17445	卖盘
09:59:57	11.65	-0.01	10	11650	中性盘
09:59:24	11.66	0.03	5	5830	买盘
09:59:06	11.63	--	8	9304	卖盘
09:58:51	11.63	--	5	5815	买盘
09:58:48	11.63	--	177	205851	买盘
09:58:45	11.63	--	10	11630	买盘
09:58:36	11.63	--	10	11630	买盘
09:58:33	11.63	0.01	3	3489	中性盘
09:58:09	11.62	-0.04	668	776216	卖盘
09:57:57	11.66	--	5	5830	买盘
09:57:54	11.66	--	22	25652	买盘
09:57:48	11.66	0.01	6	6996	买盘
09:57:45	11.65	--	15	17475	卖盘
09:57:39	11.65	-0.01	10	11650	卖盘
09:57:06	11.66	0.01	10	11660	买盘
09:56:57	11.65	--	2	2330	卖盘
09:56:30	11.65	--	3	3495	卖盘
09:56:27	11.65	--	3	3495	卖盘
09:56:18	11.65	--	67	78055	卖盘
09:56:15	11.65	--	10	11650	卖盘
09:56:12	11.65	--	20	23300	卖盘
09:56:03	11.65	--	25	29125	卖盘
09:56:00	11.65	--	2	2330	卖盘
09:55:51	11.65	--	2	2330	卖盘
09:55:48	11.65	--	1	1165	卖盘
09:55:45	11.65	-0.01	20	23300	卖盘
09:55:39	11.66	--	12	13992	买盘
09:55:36	11.66	0.01	9	10494	买盘
09:55:21	11.65	--	22	25630	卖盘
09:55:06	11.65	-0.01	20	23300	卖盘
09:53:48	11.66	--	1	1166	买盘
09:53:33	11.66	--	5	5830	买盘
09:53:24	11.66	--	1	1166	买盘
09:53:21	11.66	--	5	5830	卖盘
09:53:15	11.66	--	4	4664	卖盘
09:53:09	11.66	-0.01	1	1166	卖盘
09:53:06	11.67	0.01	2	2334	买盘
09:53:00	11.66	--	5	5830	卖盘
09:52:57	11.66	--	5	5830	卖盘
09:52:39	11.66	-0.01	1	1166	卖盘
09:52:06	11.67	0.01	16	18672	买盘
09:51:54	11.66	--	1	1166	卖盘
09:51:51	11.66	--	178	207548	卖盘
09:51:39	11.66	--	29	33814	买盘
09:51:27	11.66	0.01	7	8162	买盘
09:51:18	11.65	-0.01	1	1165	卖盘
09:51:15	11.66	0.01	3	3498	买盘
09:51:06	11.65	-0.01	3	3495	卖盘
09:51:03	11.66	0.01	15	17490	买盘
09:51:00	11.65	--	2	2330	卖盘
09:50:51	11.65	--	1	1165	卖盘
09:50:45	11.65	--	2	2330	卖盘
09:50:21	11.65	--	10	11650	卖盘
09:50:15	11.65	-0.01	8	9320	卖盘
09:50:09	11.66	0.01	5	5830	买盘
09:49:57	11.65	--	7	8155	卖盘
09:49:54	11.65	--	6	6990	卖盘
09:49:48	11.65	-0.01	5	5825	卖盘
09:49:36	11.66	--	8	9328	买盘
09:49:27	11.66	-0.01	38	44308	卖盘
09:49:24	11.67	0.01	10	11670	买盘
09:49:15	11.66	--	32	37312	卖盘
09:49:03	11.66	--	30	34980	卖盘
09:49:00	11.66	-0.02	237	276342	卖盘
09:48:57	11.68	--	4	4672	买盘
09:48:45	11.68	--	45	52560	买盘
09:48:42	11.68	--	18	21024	卖盘
09:48:36	11.68	-0.01	3	3504	中性盘
09:48:18	11.69	0.03	20	23380	买盘
09:48:15	11.66	-0.02	55	64130	卖盘
09:48:03	11.68	--	15	17520	卖盘
09:47:57	11.68	--	18	21024	买盘
09:47:54	11.68	--	40	46720	买盘
09:47:51	11.68	--	6	7008	买盘
09:47:45	11.68	--	5	5840	买盘
09:47:42	11.68	--	2	2336	中性盘
09:47:27	11.68	--	4	4672	卖盘
09:47:21	11.68	--	177	206736	买盘
09:47:18	11.68	--	10	11680	买盘
09:46:36	11.68	0.02	59	68912	买盘
09:46:33	11.66	-0.02	11	12826	卖盘
09:46:21	11.68	--	2	2336	买盘
09:46:18	11.68	--	13	15184	买盘
09:46:09	11.68	--	11	12848	买盘
09:46:03	11.68	0.02	16	18688	买盘
09:45:45	11.66	--	5	5830	卖盘
09:45:30	11.66	--	15	17490	卖盘
09:45:24	11.66	--	9	10494	卖盘
09:44:33	11.66	-0.01	2	2332	卖盘
09:44:30	11.67	0.01	20	23340	买盘
09:44:18	11.66	0.01	140	163240	买盘
09:44:00	11.65	-0.01	2	2330	卖盘
09:43:45	11.66	--	25	29150	买盘
09:42:57	11.66	--	34	39644	买盘
09:42:54	11.66	--	20	23320	买盘
09:42:48	11.66	--	18	20988	买盘
09:42:39	11.66	-0.01	15	17490	卖盘
09:42:33	11.67	0.01	10	11670	买盘
09:42:24	11.66	--	70	81620	买盘
09:42:18	11.66	--	5	5830	买盘
09:42:12	11.66	0.01	5	5830	买盘
09:42:09	11.65	-0.01	10	11650	卖盘
09:41:57	11.66	--	3	3498	买盘
09:41:24	11.66	--	1	1166	买盘
09:41:15	11.66	--	20	23320	买盘
09:41:09	11.66	0.01	13	15158	买盘
09:41:03	11.65	-0.01	15	17475	卖盘
09:40:45	11.66	--	10	11660	卖盘
09:40:42	11.66	0.01	3	3498	买盘
09:40:36	11.65	--	104	121160	买盘
09:40:33	11.65	0.01	40	46600	买盘
09:40:27	11.64	--	2	2328	买盘
09:40:24	11.64	0.01	159	185076	买盘
09:40:06	11.63	0.02	10	11630	买盘
09:40:00	11.61	-0.02	7	8127	卖盘
09:39:51	11.63	0.02	6	6978	买盘
09:39:48	11.61	-0.02	10	11610	卖盘
09:39:45	11.63	--	5	5815	买盘
09:39:39	11.63	0.02	2	2326	买盘
09:39:36	11.61	-0.02	50	58050	卖盘
09:39:30	11.63	0.02	10	11630	买盘
09:39:06	11.61	--	3	3483	卖盘
09:38:51	11.61	-0.02	7	8127	卖盘
09:38:27	11.63	0.02	2	2326	买盘
09:38:00	11.61	--	30	34830	卖盘
09:37:51	11.61	--	6	6966	卖盘
09:37:45	11.61	--	63	73143	卖盘
09:37:24	11.61	--	4	4644	买盘
09:37:18	11.61	--	32	37152	卖盘
09:37:03	11.61	--	5	5805	卖盘
09:36:57	11.61	--	10	11610	卖盘
09:36:51	11.61	--	1	1161	卖盘
09:36:48	11.61	-0.02	50	58050	卖盘
09:36:39	11.63	0.02	20	23260	买盘
09:36:36	11.61	--	10	11610	卖盘
09:36:30	11.61	--	1	1161	卖盘
09:36:24	11.61	-0.02	9	10449	卖盘
09:36:15	11.63	--	10	11630	买盘
09:36:03	11.63	--	2	2326	买盘
09:35:54	11.63	0.02	2	2326	买盘
09:35:45	11.61	--	18	20898	卖盘
09:35:39	11.61	--	19	22059	卖盘
09:35:36	11.61	-0.03	29	33669	卖盘
09:35:00	11.64	--	4	4656	卖盘
09:34:54	11.64	--	2	2328	卖盘
09:34:51	11.64	--	10	11640	卖盘
09:34:39	11.64	0.03	4	4656	中性盘
09:34:09	11.61	-0.04	40	46440	卖盘
09:33:36	11.65	--	18	20970	卖盘
09:33:21	11.65	0.05	7	8155	买盘
09:32:48	11.6	-0.02	9	10440	卖盘
09:32:36	11.62	0.02	10	11620	买盘
09:32:33	11.6	--	104	120640	买盘
09:32:27	11.6	--	15	17400	买盘
09:32:24	11.6	--	10	11600	买盘
09:32:21	11.6	--	30	34800	买盘
09:32:18	11.6	--	4	4640	买盘
09:32:15	11.6	--	10	11600	买盘
09:32:12	11.6	--	10	11600	买盘
09:32:09	11.6	0.02	15	17400	买盘
09:32:00	11.58	-0.02	9	10422	卖盘
09:31:57	11.6	--	1	1160	买盘
09:31:51	11.6	0.02	8	9280	买盘
09:31:36	11.58	-0.02	30	34740	卖盘
09:31:33	11.6	0.02	9	10440	买盘
09:31:30	11.58	-0.02	7	8106	卖盘
09:31:24	11.6	--	50	58000	买盘
09:31:18	11.6	0.02	2	2320	买盘
09:31:09	11.58	-0.02	20	23160	中性盘
09:30:48	11.6	--	9	10440	买盘
09:30:42	11.6	--	40	46400	买盘
09:30:24	11.6	--	100	116000	买盘
09:30:09	11.6	--	5	5800	买盘
09:30:06	11.6	-0.08	218	252880	卖盘
09:30:03	11.68	--	33	38544	买盘
09:30:00	11.68	--	0	0	买盘
09:25:03	11.68	11.68	50	58400	买盘
