成交时间	成交价	价格变动	成交量(手)	成交额(元)	性质
15:00:03	19.99	0.02	655	1309345	买盘
14:57:00	19.97	--	36	71892	买盘
14:56:57	19.97	-0.02	181	361457	卖盘
14:56:54	19.99	--	1	1998	买盘
14:56:51	19.99	0.01	70	139930	买盘
14:56:48	19.98	--	7	13986	买盘
14:56:45	19.98	-0.01	14	29330	卖盘
14:56:42	19.99	--	3	5996	买盘
14:56:39	19.99	0.01	48	95951	买盘
14:56:36	19.98	-0.01	127	253746	卖盘
14:56:30	19.99	--	19	37981	买盘
14:56:27	19.99	--	12	23987	买盘
14:56:24	19.99	-0.03	27	53972	卖盘
14:56:21	20.02	0.04	44	88088	买盘
14:56:18	19.98	-0.02	79	157842	卖盘
14:56:15	20.0	--	1	2000	买盘
14:56:12	20.0	--	19	38000	买盘
14:56:09	20.0	0.02	12	24000	买盘
14:56:06	19.98	-0.02	5	9990	卖盘
14:56:03	20.0	--	24	48000	卖盘
14:56:00	20.0	--	10	20000	卖盘
14:55:54	20.0	0.01	77	154000	买盘
14:55:51	19.99	-0.01	46	91954	卖盘
14:55:48	20.0	--	3	6000	买盘
14:55:45	20.0	--	3	6000	买盘
14:55:39	20.0	--	2	4000	买盘
14:55:36	20.0	--	2	4000	买盘
14:55:33	20.0	--	25	50000	买盘
14:55:30	20.0	-0.01	159	318000	卖盘
14:55:27	20.01	-0.01	6	12006	中性盘
14:55:18	20.02	--	1	2002	买盘
14:55:15	20.02	--	8	16016	买盘
14:55:09	20.02	0.01	13	26026	买盘
14:55:06	20.01	-0.02	15	30015	中性盘
14:55:00	20.03	0.01	10	20030	买盘
14:54:57	20.02	-0.01	471	943582	卖盘
14:54:54	20.03	0.01	1	2003	买盘
14:54:51	20.02	--	34	68068	买盘
14:54:48	20.02	--	1	2002	买盘
14:54:39	20.02	--	7	14014	买盘
14:54:36	20.02	--	1	2002	买盘
14:54:33	20.02	-0.02	15	30030	卖盘
14:54:30	20.04	0.02	50	100200	买盘
14:54:27	20.02	-0.02	23	46046	卖盘
14:54:24	20.04	--	8	16032	买盘
14:54:21	20.04	0.01	1	2004	买盘
14:54:18	20.03	-0.01	93	186279	卖盘
14:54:15	20.04	--	25	50100	买盘
14:54:09	20.04	--	144	288576	买盘
14:54:06	20.04	--	52	105570	卖盘
14:54:03	20.04	--	91	182364	卖盘
14:53:57	20.04	-0.01	6	12024	卖盘
14:53:54	20.05	0.01	4	8020	买盘
14:53:48	20.04	--	30	60120	卖盘
14:53:39	20.04	--	13	26693	买盘
14:53:36	20.04	--	2	4008	买盘
14:53:30	20.04	--	28	57474	卖盘
14:53:21	20.04	--	3	6012	卖盘
14:53:18	20.04	--	17	34709	买盘
14:53:12	20.04	--	11	22044	买盘
14:53:09	20.04	--	11	23406	卖盘
14:53:03	20.04	--	28	56753	买盘
14:53:00	20.04	--	5	10020	买盘
14:52:57	20.04	--	24	48096	买盘
14:52:54	20.04	0.01	47	94188	买盘
14:52:51	20.03	--	7	14021	卖盘
14:52:45	20.03	0.01	67	134201	买盘
14:52:42	20.02	--	7	14014	卖盘
14:52:36	20.02	-0.01	20	40040	卖盘
14:52:33	20.03	0.01	83	166249	买盘
14:52:21	20.02	--	38	76076	买盘
14:52:18	20.02	--	5	10010	买盘
14:52:12	20.02	--	2	4004	中性盘
14:52:09	20.02	0.01	9	18018	买盘
14:52:06	20.01	-0.01	5	10005	卖盘
14:52:03	20.02	--	20	40040	买盘
14:52:00	20.02	--	3	6006	买盘
14:51:57	20.02	--	6	12012	买盘
14:51:48	20.02	-0.01	10	20020	卖盘
14:51:45	20.03	0.01	2	4006	买盘
14:51:42	20.02	--	1	2002	卖盘
14:51:36	20.02	0.01	4	8008	买盘
14:51:33	20.01	-0.01	10	20010	卖盘
14:51:30	20.02	0.01	1	2002	买盘
14:51:27	20.01	-0.02	20	40020	卖盘
14:51:24	20.03	0.01	50	100150	买盘
14:51:21	20.02	0.01	5	10010	买盘
14:51:18	20.01	-0.01	38	76038	卖盘
14:51:12	20.02	0.01	25	50050	买盘
14:51:03	20.01	-0.01	1	2001	卖盘
14:50:57	20.02	--	14	28028	买盘
14:50:51	20.02	--	9	18018	买盘
14:50:48	20.02	0.01	7	14014	买盘
14:50:45	20.01	--	4	8004	卖盘
14:50:42	20.01	--	1	2001	卖盘
14:50:36	20.01	-0.01	11	22011	卖盘
14:50:33	20.02	--	7	14014	买盘
14:50:27	20.02	0.01	3	6006	买盘
14:50:21	20.01	-0.01	33	66033	卖盘
14:50:15	20.02	0.01	1	2002	买盘
14:50:12	20.01	--	10	20010	卖盘
14:50:06	20.01	--	4	8004	卖盘
14:50:03	20.01	--	14	28014	卖盘
14:50:00	20.01	-0.01	5	10005	卖盘
14:49:54	20.02	0.01	1	2002	买盘
14:49:51	20.01	--	21	42021	卖盘
14:49:48	20.01	-0.01	19	38019	卖盘
14:49:45	20.02	--	15	30030	买盘
14:49:42	20.02	--	3	6006	买盘
14:49:39	20.02	0.01	9	18018	买盘
14:49:36	20.01	--	94	188094	卖盘
14:49:33	20.01	-0.01	1	2001	卖盘
14:49:27	20.02	--	6	12012	买盘
14:49:24	20.02	--	1	2002	买盘
14:49:15	20.02	0.01	9	18018	买盘
14:49:12	20.01	-0.01	2	4002	卖盘
14:49:06	20.02	--	10	20020	买盘
14:49:03	20.02	--	2	4004	买盘
14:48:57	20.02	--	15	30030	买盘
14:48:45	20.02	0.01	56	112112	买盘
14:48:39	20.01	-0.01	1	2001	卖盘
14:48:33	20.02	--	1	2002	买盘
14:48:24	20.02	--	6	12012	买盘
14:48:12	20.02	--	20	40040	买盘
14:48:09	20.02	--	11	22022	买盘
14:48:00	20.02	--	120	240240	买盘
14:47:54	20.02	--	4	8008	买盘
14:47:51	20.02	--	58	116116	买盘
14:47:45	20.02	--	15	30030	卖盘
14:47:39	20.02	-0.02	5	10010	卖盘
14:47:36	20.04	0.01	71	142284	买盘
14:47:27	20.03	-0.01	1	2003	中性盘
14:47:21	20.04	0.02	6	12024	买盘
14:47:18	20.02	-0.02	5	10010	卖盘
14:47:15	20.04	--	3	6012	买盘
14:47:06	20.04	0.02	20	40080	买盘
14:47:00	20.02	-0.02	3	6006	卖盘
14:46:57	20.04	0.02	2	4008	买盘
14:46:51	20.02	--	11	22022	买盘
14:46:48	20.02	--	1	2002	买盘
14:46:36	20.02	--	3	6006	买盘
14:46:33	20.02	--	23	46046	卖盘
14:46:27	20.02	-0.02	3	6006	卖盘
14:46:24	20.04	--	5	10020	买盘
14:46:18	20.04	--	2	4008	买盘
14:46:12	20.04	-0.01	3	6012	买盘
14:46:00	20.05	--	24	49483	卖盘
14:45:57	20.05	-0.01	3	6015	卖盘
14:45:51	20.06	0.01	1	2005	买盘
14:45:48	20.05	--	1	2005	卖盘
14:45:45	20.05	0.04	24	48761	买盘
14:45:42	20.01	-0.01	7	14007	卖盘
14:45:39	20.02	-0.02	2	4004	卖盘
14:45:36	20.04	--	44	89538	卖盘
14:45:33	20.04	--	25	50741	买盘
14:45:30	20.04	--	36	73506	卖盘
14:45:24	20.04	-0.01	2	4008	卖盘
14:45:18	20.05	--	4	8020	卖盘
14:45:15	20.05	0.01	3	6015	卖盘
14:45:12	20.04	--	3	6012	卖盘
14:45:09	20.04	-0.02	1	2004	卖盘
14:45:03	20.06	0.02	23	46138	买盘
14:44:54	20.04	-0.02	1	2004	卖盘
14:44:51	20.06	0.02	11	22066	买盘
14:44:45	20.04	--	1	2004	卖盘
14:44:36	20.04	--	9	18677	买盘
14:44:21	20.04	-0.01	90	181722	卖盘
14:44:18	20.05	--	2	4010	卖盘
14:44:15	20.05	--	31	62155	买盘
14:44:06	20.05	0.01	1	2005	买盘
14:44:03	20.04	-0.01	9	18036	卖盘
14:44:00	20.05	--	1	2005	买盘
14:43:54	20.05	0.04	1	2005	买盘
14:43:45	20.01	--	18	36018	卖盘
14:43:42	20.01	-0.03	14	28014	卖盘
14:43:33	20.04	--	6	12024	买盘
14:43:30	20.04	0.03	6	12024	买盘
14:43:27	20.01	--	9	18649	买盘
14:43:21	20.01	--	4	9364	卖盘
14:43:18	20.01	-0.04	39	78679	卖盘
14:43:12	20.05	0.01	36	72180	买盘
14:43:09	20.04	-0.01	88	176352	卖盘
14:43:06	20.05	0.01	14	28070	买盘
14:42:57	20.04	0.03	49	98196	买盘
14:42:54	20.01	--	6	12006	买盘
14:42:51	20.01	-0.01	12	24012	卖盘
14:42:48	20.02	0.01	7	14014	买盘
14:42:42	20.01	-0.01	3	6003	卖盘
14:42:39	20.02	--	4	8008	买盘
14:42:36	20.02	0.01	10	20020	买盘
14:42:30	20.01	--	5	10005	卖盘
14:42:27	20.01	0.01	7	14007	买盘
14:42:21	20.0	--	16	32000	买盘
14:42:18	20.0	0.01	3	6000	买盘
14:42:12	19.99	--	20	39980	卖盘
14:42:09	19.99	--	20	39980	卖盘
14:41:57	19.99	--	5	9995	买盘
14:41:51	19.99	--	2	3997	买盘
14:41:48	19.99	0.01	12	23987	中性盘
14:41:42	19.98	--	2	3996	卖盘
14:41:39	19.98	-0.02	20	39960	卖盘
14:41:36	20.0	0.03	9	18000	买盘
14:41:30	19.97	-0.01	56	111832	卖盘
14:41:27	19.98	--	3	5994	买盘
14:41:21	19.98	--	25	49950	买盘
14:41:18	19.98	--	11	21978	买盘
14:41:15	19.98	--	22	43956	买盘
14:41:12	19.98	0.01	3	5994	买盘
14:41:09	19.97	-0.01	9	17973	中性盘
14:41:06	19.98	0.01	77	153846	买盘
14:41:03	19.97	--	21	41937	买盘
14:41:00	19.97	--	4	7988	买盘
14:40:57	19.97	--	17	33949	买盘
14:40:54	19.97	-0.01	40	79880	卖盘
14:40:51	19.98	0.01	10	19980	买盘
14:40:48	19.97	-0.01	6	11982	卖盘
14:40:45	19.98	0.01	27	53946	买盘
14:40:42	19.97	0.01	27	53919	买盘
14:40:39	19.96	--	7	13972	卖盘
14:40:36	19.96	--	28	55888	卖盘
14:40:33	19.96	--	4	7984	卖盘
14:40:30	19.96	0.01	10	19960	买盘
14:40:27	19.95	--	20	39900	卖盘
14:40:21	19.95	-0.02	11	21945	卖盘
14:40:18	19.97	--	24	47928	买盘
14:40:15	19.97	0.02	25	49925	中性盘
14:40:09	19.95	-0.03	7	13965	卖盘
14:40:06	19.98	--	7	13986	卖盘
14:40:00	19.98	-0.02	8	15984	卖盘
14:39:57	20.0	--	9	18000	买盘
14:39:54	20.0	--	52	104000	卖盘
14:39:51	20.0	--	3	6000	卖盘
14:39:48	20.0	--	50	100000	卖盘
14:39:45	20.0	-0.01	22	44000	卖盘
14:39:42	20.01	0.01	12	24012	买盘
14:39:39	20.0	--	36	72000	卖盘
14:39:36	20.0	-0.01	28	56000	卖盘
14:39:33	20.01	-0.01	44	88044	卖盘
14:39:27	20.02	-0.01	1	2002	买盘
14:39:24	20.03	--	168	336504	买盘
14:39:18	20.03	--	43	86129	买盘
14:39:12	20.03	-0.01	10	20030	中性盘
14:39:09	20.04	-0.01	10	20040	卖盘
14:39:03	20.05	-0.01	27	54135	卖盘
14:39:00	20.06	-0.01	51	102306	卖盘
14:38:54	20.07	--	3	6021	买盘
14:38:48	20.07	--	1	2007	卖盘
14:38:45	20.07	-0.03	10	20070	卖盘
14:38:39	20.1	0.02	3	6030	买盘
14:38:36	20.08	--	2	4015	买盘
14:38:33	20.08	-0.02	998	2003983	卖盘
14:38:30	20.1	--	13	26130	卖盘
14:38:27	20.1	--	8	16080	卖盘
14:38:24	20.1	--	38	76380	卖盘
14:38:21	20.1	--	20	40200	卖盘
14:38:18	20.1	--	35	70350	卖盘
14:38:15	20.1	--	37	74370	卖盘
14:38:12	20.1	--	89	178890	卖盘
14:38:09	20.1	--	10	20100	卖盘
14:38:06	20.1	--	35	70350	卖盘
14:38:03	20.1	--	5	10050	卖盘
14:38:00	20.1	--	6	12060	卖盘
14:37:57	20.1	-0.01	35	70350	卖盘
14:37:51	20.11	--	20	40220	买盘
14:37:48	20.11	--	25	51883	卖盘
14:37:45	20.11	--	2	4022	卖盘
14:37:39	20.11	--	44	88484	卖盘
14:37:33	20.11	-0.02	7	14479	卖盘
14:37:30	20.13	0.02	12	24156	买盘
14:37:24	20.11	-0.02	4	8044	卖盘
14:37:18	20.13	-0.01	160	322080	卖盘
14:37:09	20.14	-0.01	9	18126	卖盘
14:37:06	20.15	--	3	6045	买盘
14:37:00	20.15	--	46	93334	卖盘
14:36:57	20.15	--	3	6045	卖盘
14:36:51	20.15	--	61	124285	卖盘
14:36:45	20.15	--	14	28209	卖盘
14:36:42	20.15	--	25	50375	卖盘
14:36:30	20.15	--	7	14104	卖盘
14:36:27	20.15	-0.01	10	20150	卖盘
14:36:24	20.16	-0.01	1	2016	中性盘
14:36:03	20.17	-0.01	32	64544	中性盘
14:36:00	20.18	0.03	5	10090	买盘
14:35:57	20.15	-0.02	1	2014	卖盘
14:35:45	20.17	--	5	10085	买盘
14:35:42	20.17	--	66	133122	买盘
14:35:33	20.17	--	17	34289	卖盘
14:35:27	20.17	-0.01	9	18153	卖盘
14:35:24	20.18	0.01	1	2018	买盘
14:35:12	20.17	0.02	8	16136	买盘
14:35:03	20.15	-0.02	10	20150	卖盘
14:35:00	20.17	0.02	17	34289	中性盘
14:34:45	20.15	-0.03	65	130974	卖盘
14:34:42	20.18	0.01	7	14126	买盘
14:34:39	20.17	--	18	36306	卖盘
14:34:24	20.17	-0.01	10	20170	中性盘
14:34:12	20.18	0.01	21	42378	买盘
14:34:09	20.17	-0.01	4	8068	卖盘
14:34:00	20.18	0.01	2	4036	买盘
14:33:45	20.17	--	4	8068	卖盘
14:33:42	20.17	--	7	14119	买盘
14:33:24	20.17	0.02	2	4034	买盘
14:33:21	20.15	-0.02	1	2014	中性盘
14:33:15	20.17	0.02	9	18153	买盘
14:33:12	20.15	-0.01	9	18135	卖盘
14:33:09	20.16	--	13	26208	买盘
14:33:06	20.16	0.01	5	10080	买盘
14:33:03	20.15	--	3	6045	卖盘
14:32:54	20.15	--	26	52389	买盘
14:32:45	20.15	--	2	4029	买盘
14:32:39	20.15	0.02	22	44330	买盘
14:32:36	20.13	--	5	10065	卖盘
14:32:24	20.13	-0.02	12	24156	卖盘
14:32:18	20.15	0.02	3	6045	买盘
14:32:15	20.13	--	6	12078	卖盘
14:32:09	20.13	0.01	26	52338	买盘
14:32:00	20.12	-0.01	10	20120	卖盘
14:31:54	20.13	0.01	11	22143	买盘
14:31:48	20.12	--	2	4024	买盘
14:31:45	20.12	--	13	26156	买盘
14:31:42	20.12	--	6	12072	卖盘
14:31:39	20.12	--	53	106636	买盘
14:31:33	20.12	--	2	4024	买盘
14:31:24	20.12	-0.01	18	36216	卖盘
14:31:21	20.13	--	15	30195	买盘
14:31:18	20.13	0.01	5	10065	买盘
14:31:15	20.12	-0.01	1	2012	卖盘
14:31:09	20.13	0.01	7	14091	买盘
14:31:06	20.12	0.01	26	52312	中性盘
14:31:03	20.11	--	4	8044	卖盘
14:31:00	20.11	--	5	10055	卖盘
14:30:42	20.11	--	3	6033	卖盘
14:30:39	20.11	--	30	60330	卖盘
14:30:33	20.11	--	3	6033	卖盘
14:30:21	20.11	--	5	10055	卖盘
14:30:18	20.11	-0.02	30	60330	卖盘
14:30:09	20.13	--	24	48312	买盘
14:30:00	20.13	-0.02	6	12078	中性盘
14:29:45	20.15	--	3	6045	买盘
14:29:39	20.15	--	22	44330	卖盘
14:29:33	20.15	-0.01	30	60449	卖盘
14:29:27	20.16	0.01	9	18144	买盘
14:29:24	20.15	--	4	8059	卖盘
14:29:21	20.15	--	5	10075	卖盘
14:29:18	20.15	--	5	10075	卖盘
14:29:09	20.15	0.05	11	22165	买盘
14:29:06	20.1	--	10	20100	卖盘
14:28:54	20.1	-0.05	100	201000	卖盘
14:28:51	20.15	--	49	98735	卖盘
14:28:45	20.15	--	5	10075	卖盘
14:28:42	20.15	-0.01	40	80600	卖盘
14:28:39	20.16	--	18	36288	买盘
14:28:27	20.16	--	10	20160	卖盘
14:28:24	20.16	-0.01	14	28224	卖盘
14:28:12	20.17	--	3	6051	买盘
14:28:09	20.17	-0.01	12	24204	卖盘
14:28:06	20.18	--	6	12108	买盘
14:27:51	20.18	--	8	16709	卖盘
14:27:45	20.18	--	20	40360	卖盘
14:27:42	20.18	--	10	20180	卖盘
14:27:30	20.18	--	26	52468	卖盘
14:27:27	20.18	-0.01	1	2018	卖盘
14:27:24	20.19	--	1	2019	买盘
14:27:12	20.19	--	5	10095	卖盘
14:27:09	20.19	-0.01	6	12114	卖盘
14:27:00	20.2	0.01	1	2020	买盘
14:26:57	20.19	--	12	24228	卖盘
14:26:54	20.19	-0.01	5	10095	卖盘
14:26:51	20.2	--	3	6060	买盘
14:26:48	20.2	-0.01	4	8080	中性盘
14:26:42	20.21	0.01	92	185932	买盘
14:26:39	20.2	-0.01	10	20200	卖盘
14:26:36	20.21	--	29	58609	卖盘
14:26:33	20.21	--	5	10105	卖盘
14:26:24	20.21	--	14	28294	卖盘
14:26:18	20.21	-0.01	15	30315	卖盘
14:26:15	20.22	0.01	35	70770	买盘
14:26:09	20.21	--	7	14147	卖盘
14:26:00	20.21	-0.01	20	40420	卖盘
14:25:57	20.22	--	1	2022	买盘
14:25:54	20.22	--	10	20220	卖盘
14:25:51	20.22	-0.01	3	6066	卖盘
14:25:42	20.23	0.01	6	12138	买盘
14:25:39	20.22	-0.01	6	12132	卖盘
14:25:36	20.23	0.01	6	12138	买盘
14:25:33	20.22	--	2	4044	卖盘
14:25:30	20.22	--	5	10110	卖盘
14:25:18	20.22	-0.01	1	2022	卖盘
14:25:09	20.23	0.01	65	131495	买盘
14:24:51	20.22	--	5	10110	卖盘
14:24:42	20.22	0.01	28	56616	买盘
14:24:39	20.21	--	21	42441	卖盘
14:24:21	20.21	--	1	2021	卖盘
14:24:18	20.21	0.01	10	20210	中性盘
14:24:09	20.2	--	10	20200	卖盘
14:24:03	20.2	--	20	40400	卖盘
14:23:57	20.2	0.01	10	20200	卖盘
14:23:48	20.19	0.01	2	4038	中性盘
14:23:21	20.18	-0.05	18	36324	卖盘
14:23:18	20.23	--	4	8092	卖盘
14:23:15	20.23	0.03	86	175434	买盘
14:22:57	20.2	--	14	28845	卖盘
14:22:36	20.2	-0.03	6	12120	卖盘
14:22:33	20.23	--	6	12138	买盘
14:22:27	20.23	0.03	1	2023	买盘
14:22:21	20.2	-0.03	39	78780	卖盘
14:22:15	20.23	-0.02	10	20230	卖盘
14:22:09	20.25	0.02	7	14175	买盘
14:22:00	20.23	-0.02	4	8092	卖盘
14:21:48	20.25	--	11	22275	卖盘
14:21:39	20.25	--	5	10125	卖盘
14:21:36	20.25	0.03	20	40500	买盘
14:21:27	20.22	-0.03	58	117276	卖盘
14:21:21	20.25	--	3	6075	买盘
14:21:18	20.25	--	13	26325	买盘
14:21:12	20.25	--	6	12150	买盘
14:21:09	20.25	0.01	2	4050	买盘
14:21:00	20.24	--	132	267168	买盘
14:20:57	20.24	0.01	5	10120	买盘
14:20:54	20.23	--	14	28322	买盘
14:20:51	20.23	--	10	20230	买盘
14:20:45	20.23	0.01	75	151725	买盘
14:20:42	20.22	--	6	12132	买盘
14:20:33	20.22	--	4	8088	买盘
14:20:30	20.22	--	29	58638	卖盘
14:20:24	20.22	--	25	50550	卖盘
14:20:21	20.22	0.01	22	44484	买盘
14:20:03	20.21	--	2	4042	买盘
14:19:57	20.21	0.01	18	36378	买盘
14:19:54	20.2	--	20	40400	卖盘
14:19:51	20.2	--	3	6060	卖盘
14:19:48	20.2	--	9	19634	买盘
14:19:21	20.2	0.04	171	345420	买盘
14:19:12	20.16	-0.01	50	100800	卖盘
14:19:09	20.17	--	1	2017	卖盘
14:19:06	20.17	0.01	28	56476	买盘
14:19:03	20.16	--	10	20160	卖盘
14:18:54	20.16	--	3	6048	卖盘
14:18:51	20.16	--	20	40320	买盘
14:18:48	20.16	0.01	74	149184	买盘
14:18:42	20.15	-0.01	2	4029	卖盘
14:18:24	20.16	0.01	1	2016	买盘
14:18:21	20.15	--	230	465061	买盘
14:18:18	20.15	--	7	14104	买盘
14:18:12	20.15	-0.01	78	157170	卖盘
14:18:09	20.16	--	9	18144	卖盘
14:18:06	20.16	--	8	16128	卖盘
14:17:51	20.16	0.01	12	24192	买盘
14:17:48	20.15	--	9	18135	卖盘
14:17:36	20.15	--	9	18135	买盘
14:17:33	20.15	--	1	2014	买盘
14:17:30	20.15	--	22	44330	买盘
14:17:21	20.15	--	2	4029	买盘
14:17:18	20.15	0.01	27	54404	买盘
14:17:12	20.14	-0.01	10	20140	卖盘
14:17:06	20.15	--	6	12090	卖盘
14:17:00	20.15	-0.01	15	30224	卖盘
14:16:51	20.16	0.02	32	64512	买盘
14:16:45	20.14	-0.01	5	10070	卖盘
14:16:42	20.15	--	9	18376	买盘
14:16:36	20.15	--	2	4029	买盘
14:16:33	20.15	0.02	40	80600	买盘
14:16:21	20.13	0.01	75	150975	买盘
14:16:18	20.12	--	13	26156	卖盘
14:16:06	20.12	-0.01	59	118708	卖盘
14:16:03	20.13	--	12	24156	卖盘
14:16:00	20.13	-0.02	4	8052	卖盘
14:15:57	20.15	--	10	20150	买盘
14:15:54	20.15	--	1	2014	买盘
14:15:51	20.15	-0.01	6	12896	卖盘
14:15:48	20.16	0.01	2	4032	买盘
14:15:45	20.15	0.02	81	164424	买盘
14:15:42	20.13	-0.02	10	20130	卖盘
14:15:36	20.15	-0.01	83	168051	卖盘
14:15:30	20.16	--	36	72576	卖盘
14:15:27	20.16	--	59	118944	买盘
14:15:24	20.16	--	13	26208	买盘
14:15:18	20.16	0.01	3	6048	买盘
14:15:15	20.15	-0.01	17	34255	卖盘
14:15:09	20.16	-0.02	180	362880	卖盘
14:15:00	20.18	--	6	12108	买盘
14:14:54	20.18	0.01	1	2018	买盘
14:14:51	20.17	-0.01	28	56476	卖盘
14:14:45	20.18	--	17	34709	卖盘
14:14:42	20.18	-0.01	8	16144	卖盘
14:14:39	20.19	0.01	1	2019	买盘
14:14:30	20.18	-0.01	20	40360	卖盘
14:14:27	20.19	0.01	2	4038	买盘
14:14:18	20.18	-0.01	2	4036	卖盘
14:14:15	20.19	--	2	4038	买盘
14:14:09	20.19	0.01	8	16152	买盘
14:13:57	20.18	--	10	20180	卖盘
14:13:54	20.18	--	2	4036	卖盘
14:13:45	20.18	--	5	10090	卖盘
14:13:33	20.18	--	32	66190	买盘
14:13:30	20.18	0.01	30	60540	买盘
14:13:24	20.17	-0.01	2	4034	卖盘
14:13:18	20.18	0.01	2	4036	买盘
14:13:12	20.17	--	3	6051	卖盘
14:13:03	20.17	--	10	20170	卖盘
14:13:00	20.17	-0.01	10	20170	卖盘
14:12:51	20.18	-0.01	96	193728	卖盘
14:12:45	20.19	0.01	13	26247	买盘
14:12:42	20.18	0.01	25	50450	买盘
14:12:39	20.17	-0.01	3	6051	卖盘
14:12:33	20.18	--	3	6054	买盘
14:12:27	20.18	--	4	8072	买盘
14:12:24	20.18	-0.01	4	8072	卖盘
14:12:12	20.19	-0.01	1	2019	中性盘
14:11:57	20.2	0.02	1	2020	买盘
14:11:48	20.18	-0.02	3	6054	卖盘
14:11:45	20.2	--	11	22220	买盘
14:11:39	20.2	--	25	50500	买盘
14:11:33	20.2	0.03	1	2020	买盘
14:11:30	20.17	-0.02	3	6051	卖盘
14:11:21	20.19	-0.01	12	24228	卖盘
14:11:06	20.2	--	6	12120	买盘
14:10:57	20.2	0.03	103	208060	买盘
14:10:54	20.17	-0.03	13	26221	卖盘
14:10:42	20.2	0.03	1	2020	买盘
14:10:30	20.17	-0.03	20	40340	卖盘
14:10:27	20.2	0.03	5	10100	买盘
14:10:21	20.17	-0.02	8	16136	卖盘
14:10:09	20.19	--	16	32304	买盘
14:10:06	20.19	--	2	4038	买盘
14:10:00	20.19	--	5	10660	卖盘
14:09:57	20.19	--	1	2019	卖盘
14:09:51	20.19	--	27	54513	卖盘
14:09:48	20.19	--	18	36342	卖盘
14:09:45	20.19	--	16	32304	卖盘
14:09:30	20.19	--	454	918079	买盘
14:09:27	20.19	0.03	5	10095	买盘
14:09:21	20.16	-0.03	30	60480	卖盘
14:09:12	20.19	--	5	10095	买盘
14:09:03	20.19	0.02	4	8641	买盘
14:08:54	20.17	-0.02	5	10085	卖盘
14:08:48	20.19	--	8	16152	买盘
14:08:45	20.19	0.02	10	20190	买盘
14:08:42	20.17	-0.02	51	102867	卖盘
14:08:39	20.19	--	3	6057	买盘
14:08:36	20.19	-0.01	31	62589	卖盘
14:08:33	20.2	--	8	16160	买盘
14:08:30	20.2	--	2	4040	买盘
14:08:27	20.2	0.01	1	2020	买盘
14:08:24	20.19	--	7	14133	卖盘
14:08:21	20.19	-0.01	25	50475	卖盘
14:08:18	20.2	0.01	10	20200	买盘
14:08:12	20.19	--	22	44418	卖盘
14:08:06	20.19	--	2	4038	卖盘
14:08:03	20.19	-0.01	29	58551	卖盘
14:08:00	20.2	--	26	52520	买盘
14:07:54	20.2	--	6	12120	买盘
14:07:51	20.2	--	2	4040	买盘
14:07:48	20.2	--	6	12120	卖盘
14:07:45	20.2	--	21	42420	卖盘
14:07:39	20.2	--	4	8080	卖盘
14:07:33	20.2	-0.01	115	232300	卖盘
14:07:30	20.21	0.01	16	32336	买盘
14:07:24	20.2	-0.01	9	18180	卖盘
14:07:18	20.21	--	30	60630	买盘
14:07:12	20.21	--	10	20210	买盘
14:07:09	20.21	--	13	26273	买盘
14:07:06	20.21	--	5	10105	中性盘
14:07:03	20.21	-0.01	2	4042	卖盘
14:06:57	20.22	0.02	20	40440	买盘
14:06:45	20.2	-0.02	7	14140	卖盘
14:06:42	20.22	--	1	2022	买盘
14:06:27	20.22	0.01	36	72792	买盘
14:06:24	20.21	--	9	18189	卖盘
14:06:21	20.21	-0.01	3	6063	卖盘
14:06:09	20.22	0.01	15	30330	买盘
14:06:00	20.21	--	42	84882	买盘
14:05:48	20.21	--	4	8084	卖盘
14:05:45	20.21	-0.01	100	202100	卖盘
14:05:39	20.22	-0.02	101	204222	中性盘
14:05:33	20.24	0.03	5	10120	买盘
14:05:30	20.21	-0.01	10	20210	卖盘
14:05:24	20.22	0.01	1	2022	中性盘
14:05:18	20.21	--	6	12126	卖盘
14:05:12	20.21	-0.02	20	40420	卖盘
14:05:09	20.23	--	3	6069	卖盘
14:05:06	20.23	-0.02	33	66759	卖盘
14:05:03	20.25	0.04	73	147825	买盘
14:04:57	20.21	-0.01	10	20210	卖盘
14:04:54	20.22	-0.01	10	20220	卖盘
14:04:51	20.23	0.02	3	6069	中性盘
14:04:30	20.21	-0.03	5	10105	卖盘
14:04:27	20.24	--	10	20240	买盘
14:04:18	20.24	--	10	20240	买盘
14:04:06	20.24	0.03	17	34408	买盘
14:03:57	20.21	-0.03	2	4042	卖盘
14:03:51	20.24	--	3	6071	卖盘
14:03:48	20.24	--	6	12143	卖盘
14:03:45	20.24	--	1	2023	卖盘
14:03:39	20.24	0.03	24	48575	买盘
14:03:36	20.21	--	30	60630	卖盘
14:03:33	20.21	-0.03	3	6063	中性盘
14:03:27	20.24	0.03	55	111319	买盘
14:03:24	20.21	-0.03	16	32336	卖盘
14:03:21	20.24	--	10	20240	买盘
14:03:15	20.24	--	10	20240	买盘
14:03:12	20.24	--	11	22264	买盘
14:03:09	20.24	--	130	263120	卖盘
14:03:06	20.24	-0.01	7	14167	卖盘
14:03:03	20.25	--	20	40500	买盘
14:02:57	20.25	--	2	4050	买盘
14:02:51	20.25	-0.02	49	99225	卖盘
14:02:48	20.27	--	11	22297	卖盘
14:02:45	20.27	-0.01	1	2027	中性盘
14:02:42	20.28	--	23	46644	卖盘
14:02:39	20.28	--	26	52728	买盘
14:02:36	20.28	0.01	3	6084	中性盘
14:02:30	20.27	-0.01	250	506750	卖盘
14:02:27	20.28	--	51	103428	买盘
14:02:24	20.28	0.01	10	20280	买盘
14:02:18	20.27	-0.01	3	6081	卖盘
14:02:15	20.28	--	41	83148	买盘
14:02:09	20.28	0.01	17	34476	买盘
14:02:06	20.27	--	64	129728	卖盘
14:02:03	20.27	-0.01	5	10135	卖盘
14:02:00	20.28	--	86	174408	买盘
14:01:57	20.28	0.01	165	334620	买盘
14:01:54	20.27	--	6	12162	买盘
14:01:51	20.27	--	23	46621	买盘
14:01:48	20.27	-0.01	36	72972	卖盘
14:01:45	20.28	--	7	14196	买盘
14:01:42	20.28	-0.01	8	16224	卖盘
14:01:39	20.29	--	45	91305	买盘
14:01:36	20.29	0.02	2	4058	买盘
14:01:33	20.27	--	4	8108	买盘
14:01:30	20.27	-0.01	106	214862	卖盘
14:01:27	20.28	--	53	107484	买盘
14:01:24	20.28	0.03	20	40560	买盘
14:01:21	20.25	-0.03	200	405000	卖盘
14:01:18	20.28	--	15	30420	买盘
14:01:12	20.28	0.03	61	123708	买盘
14:01:09	20.25	--	11	22275	买盘
14:01:06	20.25	--	4	8100	买盘
14:01:03	20.25	0.01	14	28350	买盘
14:00:57	20.24	--	18	36432	买盘
14:00:54	20.24	--	8	16191	买盘
14:00:51	20.24	0.04	150	303600	买盘
14:00:39	20.2	-0.02	100	202000	卖盘
14:00:36	20.22	0.02	42	84924	买盘
14:00:30	20.2	0.01	7	14140	买盘
14:00:27	20.19	-0.01	9	18171	卖盘
14:00:24	20.2	--	47	94940	买盘
14:00:21	20.2	0.01	94	189880	买盘
14:00:15	20.19	--	1	2019	卖盘
14:00:12	20.19	--	1	2019	买盘
14:00:09	20.19	--	31	62589	买盘
14:00:06	20.19	--	250	504750	买盘
14:00:03	20.19	--	16	32304	买盘
13:59:54	20.19	--	1	2019	买盘
13:59:51	20.19	--	28	56532	买盘
13:59:45	20.19	--	9	18171	买盘
13:59:42	20.19	0.01	1	2019	买盘
13:59:39	20.18	--	59	119062	卖盘
13:59:36	20.18	-0.01	1	2018	卖盘
13:59:33	20.19	0.01	14	28266	买盘
13:59:30	20.18	--	6	12108	卖盘
13:59:24	20.18	--	30	60540	买盘
13:59:18	20.18	--	36	72648	买盘
13:59:15	20.18	0.01	50	100900	买盘
13:59:12	20.17	-0.01	2	4034	卖盘
13:59:09	20.18	--	100	201800	买盘
13:59:03	20.18	0.01	4	8072	买盘
13:59:00	20.17	-0.01	54	108918	卖盘
13:58:54	20.18	0.01	13	26234	买盘
13:58:48	20.17	--	3	6051	卖盘
13:58:45	20.17	0.01	85	172897	买盘
13:58:42	20.16	-0.01	2	4032	卖盘
13:58:39	20.17	--	25	50425	买盘
13:58:36	20.17	--	7	14119	买盘
13:58:33	20.17	--	5	10085	买盘
13:58:30	20.17	0.01	20	40340	买盘
13:58:27	20.16	-0.01	14	28224	卖盘
13:58:24	20.17	0.01	1	2017	买盘
13:58:21	20.16	--	10	20160	卖盘
13:58:15	20.16	0.01	108	217728	买盘
13:58:12	20.15	--	32	64479	卖盘
13:58:06	20.15	--	6	12090	卖盘
13:57:57	20.15	--	50	100750	卖盘
13:57:54	20.15	--	3	6045	卖盘
13:57:45	20.15	--	5	10075	卖盘
13:57:42	20.15	--	5	10075	卖盘
13:57:39	20.15	--	20	40300	卖盘
13:57:36	20.15	--	5	10075	卖盘
13:57:30	20.15	0.01	25	51584	买盘
13:57:27	20.14	-0.01	39	78546	卖盘
13:57:24	20.15	--	48	96720	买盘
13:57:21	20.15	0.01	10	20150	买盘
13:57:18	20.14	--	20	40280	卖盘
13:57:09	20.14	--	10	20140	卖盘
13:57:06	20.14	--	23	46322	卖盘
13:56:39	20.14	-0.01	1	2014	卖盘
13:56:33	20.15	--	100	201500	买盘
13:56:30	20.15	0.01	8	16119	买盘
13:56:24	20.14	--	2	4028	买盘
13:56:21	20.14	-0.01	1	2014	中性盘
13:56:15	20.15	--	9	18135	买盘
13:56:12	20.15	--	11	22971	卖盘
13:56:09	20.15	--	37	74555	卖盘
13:56:03	20.15	--	28	56419	卖盘
13:56:00	20.15	0.01	51	103973	买盘
13:55:54	20.14	-0.01	17	34238	中性盘
13:55:51	20.15	0.01	5	10075	买盘
13:55:45	20.14	-0.01	1	2014	中性盘
13:55:24	20.15	--	11	22971	卖盘
13:55:15	20.15	--	97	196664	买盘
13:55:06	20.15	--	46	92690	买盘
13:55:03	20.15	--	11	22165	买盘
13:54:57	20.15	--	4	8059	买盘
13:54:51	20.15	--	55	110824	买盘
13:54:48	20.15	--	2	4029	买盘
13:54:42	20.15	0.01	13	27000	买盘
13:54:36	20.14	--	3	6042	卖盘
13:54:24	20.14	--	134	271084	买盘
13:54:21	20.14	0.01	2	4028	买盘
13:54:15	20.13	-0.01	10	20130	卖盘
13:54:06	20.14	0.01	7	14098	买盘
13:53:57	20.13	--	9	18117	买盘
13:53:54	20.13	-0.01	3	6039	卖盘
13:53:48	20.14	0.01	6	12084	买盘
13:53:45	20.13	0.01	6	12078	中性盘
13:53:36	20.12	-0.01	12	24144	卖盘
13:53:33	20.13	--	45	90585	买盘
13:53:30	20.13	-0.01	59	118767	卖盘
13:53:21	20.14	0.01	2	4028	买盘
13:53:15	20.13	--	6	12078	买盘
13:53:12	20.13	-0.01	15	30195	卖盘
13:53:06	20.14	0.02	39	78546	买盘
13:53:00	20.12	-0.01	1	2012	中性盘
13:52:57	20.13	--	10	20130	买盘
13:52:54	20.13	0.02	3	6039	买盘
13:52:45	20.11	-0.02	5	10055	卖盘
13:52:42	20.13	0.02	20	40260	买盘
13:52:39	20.11	--	8	16088	买盘
13:52:36	20.11	-0.02	37	74407	卖盘
13:52:21	20.13	0.02	20	40260	买盘
13:52:15	20.11	-0.02	2	4022	买盘
13:52:12	20.13	0.01	50	100650	买盘
13:52:09	20.12	--	106	213272	买盘
13:52:06	20.12	0.02	39	78468	买盘
13:51:51	20.1	-0.01	9	18090	卖盘
13:51:48	20.11	--	7	14077	买盘
13:51:36	20.11	0.01	38	76418	买盘
13:51:33	20.1	--	14	28944	卖盘
13:51:30	20.1	--	9	18090	卖盘
13:51:27	20.1	--	30	60300	卖盘
13:51:24	20.1	--	2	4020	卖盘
13:51:18	20.1	--	4	8040	卖盘
13:51:15	20.1	--	8	16080	卖盘
13:51:12	20.1	--	14	29346	买盘
13:51:06	20.1	0.02	40	80400	买盘
13:51:00	20.08	-0.01	9	18072	卖盘
13:50:57	20.09	--	5	10045	买盘
13:50:51	20.09	0.01	4	8036	买盘
13:50:36	20.08	--	100	200799	卖盘
13:50:27	20.08	-0.01	11	22087	卖盘
13:50:21	20.09	-0.01	2	4018	中性盘
13:50:15	20.1	0.01	2	4824	卖盘
13:50:12	20.09	-0.01	7	14063	卖盘
13:50:06	20.1	0.01	38	77586	买盘
13:50:00	20.09	0.01	1	2009	中性盘
13:49:48	20.08	-0.01	7	14055	卖盘
13:49:45	20.09	--	8	16072	卖盘
13:49:39	20.09	--	4	8036	卖盘
13:49:36	20.09	--	20	40180	卖盘
13:49:33	20.09	-0.01	3	6027	卖盘
13:49:27	20.1	--	3	6030	买盘
13:49:24	20.1	--	88	177684	卖盘
13:49:21	20.1	--	15	30150	卖盘
13:49:18	20.1	--	1	2010	卖盘
13:49:15	20.1	--	71	143916	买盘
13:49:09	20.1	--	7	14070	买盘
13:49:06	20.1	0.01	39	78390	买盘
13:49:03	20.09	-0.01	30	61073	卖盘
13:48:51	20.1	0.01	28	56280	卖盘
13:48:48	20.09	-0.01	40	80360	卖盘
13:48:45	20.1	-0.02	18	36180	卖盘
13:48:42	20.12	0.02	4	8048	买盘
13:48:39	20.1	--	7	15276	买盘
13:48:36	20.1	--	2	4824	卖盘
13:48:33	20.1	--	5	10050	卖盘
13:48:27	20.1	--	65	131856	卖盘
13:48:21	20.1	0.01	17	34170	买盘
13:48:15	20.09	-0.01	25	50225	卖盘
13:48:12	20.1	--	15	30150	买盘
13:48:09	20.1	-0.02	2	4020	中性盘
13:48:06	20.12	-0.02	131	263572	买盘
13:47:57	20.14	0.02	110	221540	买盘
13:47:54	20.12	-0.01	5	10060	卖盘
13:47:48	20.13	0.01	7	14091	买盘
13:47:42	20.12	0.03	16	32192	买盘
13:47:36	20.09	-0.01	10	20090	卖盘
13:47:33	20.1	--	39	78390	买盘
13:47:30	20.1	--	3	6030	买盘
13:47:27	20.1	0.01	11	22110	中性盘
13:47:24	20.09	-0.01	62	124558	卖盘
13:47:15	20.1	-0.03	8	16080	中性盘
13:47:09	20.13	--	1	2013	买盘
13:47:06	20.13	0.05	39	78507	买盘
13:47:03	20.08	-0.04	7	14055	卖盘
13:47:00	20.12	--	29	58348	卖盘
13:46:57	20.12	--	5	10060	卖盘
13:46:45	20.12	--	5	10060	卖盘
13:46:42	20.12	0.02	16	32192	买盘
13:46:36	20.1	--	15	30150	卖盘
13:46:33	20.1	0.02	113	227130	买盘
13:46:30	20.08	-0.02	10	20080	中性盘
13:46:27	20.1	0.02	103	207030	买盘
13:46:24	20.08	--	35	70280	卖盘
13:46:09	20.08	--	10	20080	卖盘
13:46:06	20.08	-0.02	49	98391	卖盘
13:46:00	20.1	--	33	66330	买盘
13:45:54	20.1	--	6	12060	买盘
13:45:48	20.1	-0.01	26	52260	卖盘
13:45:45	20.11	-0.02	2	4022	中性盘
13:45:27	20.13	0.03	6	12078	买盘
13:45:18	20.1	--	16	32160	买盘
13:45:15	20.1	-0.03	4	8040	中性盘
13:45:06	20.13	0.05	50	100650	买盘
13:44:51	20.08	0.01	5	10040	买盘
13:44:48	20.07	-0.01	18	36126	卖盘
13:44:45	20.08	--	28	56223	卖盘
13:44:33	20.08	--	7	14055	卖盘
13:44:27	20.08	--	2	4015	卖盘
13:44:24	20.08	--	1	2007	卖盘
13:44:18	20.08	--	23	46183	买盘
13:44:15	20.08	--	63	126503	买盘
13:44:12	20.08	-0.01	5	10040	买盘
13:44:09	20.09	--	45	90405	买盘
13:44:06	20.09	--	38	76342	买盘
13:44:00	20.09	--	2	4018	买盘
13:43:57	20.09	--	18	36162	买盘
13:43:54	20.09	-0.05	9	18081	卖盘
13:43:45	20.14	0.05	9	18126	买盘
13:43:42	20.09	-0.01	8	16072	卖盘
13:43:39	20.1	-0.04	13	26130	卖盘
13:43:36	20.14	--	7	14098	买盘
13:43:33	20.14	--	45	90630	卖盘
13:43:21	20.14	--	28	56392	买盘
13:43:12	20.14	0.05	200	402800	买盘
13:43:06	20.09	0.02	48	96432	买盘
13:43:00	20.07	0.04	1	2007	买盘
13:42:51	20.03	-0.04	4	8012	卖盘
13:42:48	20.07	0.04	100	200700	买盘
13:42:45	20.03	0.03	1	2003	买盘
13:42:42	20.0	--	4	8000	卖盘
13:42:39	20.0	--	3	6000	卖盘
13:42:33	20.0	--	3	6800	买盘
13:42:30	20.0	--	6	13200	卖盘
13:42:27	20.0	--	20	40000	卖盘
13:42:21	20.0	0.01	129	258800	买盘
13:42:18	19.99	--	1	3198	卖盘
13:42:15	19.99	0.01	8	16791	买盘
13:42:12	19.98	--	37	75124	卖盘
13:42:09	19.98	--	3	5994	卖盘
13:42:06	19.98	0.01	53	106693	买盘
13:41:57	19.97	0.01	5	9985	买盘
13:41:54	19.96	-0.01	1	1996	卖盘
13:41:51	19.97	--	9	17973	买盘
13:41:48	19.97	-0.03	70	140988	卖盘
13:41:42	20.0	--	1	2000	买盘
13:41:39	20.0	--	1	2000	卖盘
13:41:33	20.0	-0.03	106	212000	卖盘
13:41:27	20.03	-0.05	96	192288	卖盘
13:41:21	20.08	--	8	16063	卖盘
13:41:15	20.08	--	13	26103	卖盘
13:41:12	20.08	--	6	12047	卖盘
13:41:09	20.08	-0.02	7	14055	卖盘
13:41:06	20.1	--	40	80400	中性盘
13:40:54	20.1	--	9	18090	卖盘
13:40:51	20.1	--	105	211050	卖盘
13:40:48	20.1	-0.01	7	14070	卖盘
13:40:45	20.11	0.01	39	78429	买盘
13:40:42	20.1	-0.01	7	14070	卖盘
13:40:39	20.11	--	28	56308	买盘
13:40:36	20.11	0.01	3	6033	买盘
13:40:27	20.1	-0.01	1	2010	卖盘
13:40:24	20.11	0.01	1	2011	买盘
13:40:21	20.1	-0.01	10	20100	卖盘
13:40:18	20.11	--	4	8044	买盘
13:40:15	20.11	--	10	20110	买盘
13:40:09	20.11	-0.02	27	54297	卖盘
13:40:06	20.13	0.01	40	80520	买盘
13:40:03	20.12	--	3	6036	买盘
13:40:00	20.12	--	3	6036	买盘
13:39:57	20.12	--	12	24144	买盘
13:39:54	20.12	--	1	2012	买盘
13:39:51	20.12	0.01	10	20120	买盘
13:39:48	20.11	-0.01	5	10055	卖盘
13:39:45	20.12	0.02	1	2012	买盘
13:39:42	20.1	-0.02	10	20100	卖盘
13:39:36	20.12	-0.02	38	76456	卖盘
13:39:33	20.14	0.02	1	2014	中性盘
13:39:30	20.12	--	1	2012	中性盘
13:39:27	20.12	0.01	16	32192	买盘
13:39:24	20.11	-0.02	15	30165	卖盘
13:39:18	20.13	0.02	2	4026	中性盘
13:39:15	20.11	-0.01	21	42231	卖盘
13:39:12	20.12	--	22	44264	卖盘
13:39:09	20.12	-0.01	12	24144	卖盘
13:39:06	20.13	0.01	154	310002	买盘
13:39:03	20.12	0.01	11	22132	买盘
13:39:00	20.11	-0.02	5	10055	卖盘
13:38:57	20.13	0.01	3	6039	买盘
13:38:54	20.12	-0.01	5	10060	卖盘
13:38:48	20.13	0.01	3	6039	买盘
13:38:45	20.12	-0.01	2	4024	卖盘
13:38:42	20.13	-0.02	20	40260	卖盘
13:38:39	20.15	--	1	2014	买盘
13:38:36	20.15	--	85	171275	买盘
13:38:33	20.15	0.02	13	26194	买盘
13:38:27	20.13	-0.03	6	12078	卖盘
13:38:21	20.16	0.01	5	10080	买盘
13:38:18	20.15	--	8	16119	卖盘
13:38:15	20.15	--	33	66495	卖盘
13:38:12	20.15	--	5	10075	卖盘
13:38:09	20.15	0.01	26	52389	买盘
13:38:06	20.14	-0.01	73	147022	卖盘
13:38:00	20.15	--	1	2014	买盘
13:37:57	20.15	-0.01	8	16119	卖盘
13:37:54	20.16	--	14	28224	卖盘
13:37:51	20.16	-0.01	34	68544	卖盘
13:37:48	20.17	0.02	52	104884	买盘
13:37:45	20.15	-0.01	12	24180	卖盘
13:37:42	20.16	0.01	2	4032	中性盘
13:37:39	20.15	-0.01	78	157170	卖盘
13:37:36	20.16	--	8	16128	中性盘
13:37:33	20.16	--	18	36288	买盘
13:37:30	20.16	--	3	6048	买盘
13:37:27	20.16	0.01	170	342720	中性盘
13:37:24	20.15	-0.03	212	427179	卖盘
13:37:21	20.18	--	175	353150	买盘
13:37:18	20.18	--	26	52468	买盘
13:37:15	20.18	--	19	38342	买盘
13:37:12	20.18	--	54	108972	买盘
13:37:09	20.18	--	8	16144	买盘
13:37:06	20.18	0.01	39	78702	买盘
13:37:03	20.17	--	26	52442	买盘
13:37:00	20.17	--	12	24204	买盘
13:36:57	20.17	--	8	16136	买盘
13:36:54	20.17	0.01	303	611151	买盘
13:36:45	20.16	--	7	14112	买盘
13:36:42	20.16	0.01	60	120960	买盘
13:36:36	20.15	--	18	36270	卖盘
13:36:33	20.15	--	277	558155	买盘
13:36:30	20.15	--	6	12090	买盘
13:36:27	20.15	--	88	177320	买盘
13:36:24	20.15	0.01	77	155155	买盘
13:36:21	20.14	-0.01	64	128896	卖盘
13:36:18	20.15	0.01	90	181350	买盘
13:36:09	20.14	-0.01	2	4028	中性盘
13:36:06	20.15	0.03	69	139035	买盘
13:36:03	20.12	-0.01	4	8048	卖盘
13:36:00	20.13	0.01	2	4026	买盘
13:35:57	20.12	0.01	41	82492	买盘
13:35:54	20.11	0.01	3	6033	买盘
13:35:51	20.1	-0.01	10	20100	卖盘
13:35:48	20.11	0.01	53	106583	买盘
13:35:45	20.1	--	117	235170	买盘
13:35:42	20.1	--	75	150750	买盘
13:35:39	20.1	0.02	47	94470	买盘
13:35:33	20.08	-0.02	18	36144	卖盘
13:35:30	20.1	0.03	142	285420	买盘
13:35:27	20.07	-0.01	4	8028	买盘
13:35:24	20.08	0.05	72	144576	买盘
13:35:21	20.03	-0.05	158	316474	卖盘
13:35:18	20.08	--	61	122487	买盘
13:35:15	20.08	--	35	70280	买盘
13:35:12	20.08	--	2	4015	买盘
13:35:09	20.08	0.02	14	28111	买盘
13:35:06	20.06	0.01	5	10030	买盘
13:35:03	20.05	--	32	64160	买盘
13:35:00	20.05	--	4	8020	买盘
13:34:57	20.05	0.02	20	40100	买盘
13:34:51	20.03	0.02	7	14021	买盘
13:34:45	20.01	--	16	32016	买盘
13:34:39	20.01	0.01	35	70035	买盘
13:34:36	20.0	--	262	524000	买盘
13:34:33	20.0	0.01	400	800000	买盘
13:34:27	19.99	--	2	3997	买盘
13:34:24	19.99	0.01	27	53972	买盘
13:34:21	19.98	--	5	9990	卖盘
13:34:15	19.98	--	205	409590	买盘
13:34:06	19.98	0.01	49	98701	买盘
13:34:03	19.97	--	10	19970	卖盘
13:34:00	19.97	-0.01	11	21967	中性盘
13:33:57	19.98	--	3	5994	买盘
13:33:51	19.98	0.02	100	199800	买盘
13:33:45	19.96	-0.01	5	9980	卖盘
13:33:42	19.97	0.01	23	45931	中性盘
13:33:39	19.96	-0.01	52	103792	卖盘
13:33:30	19.97	--	8	15976	买盘
13:33:24	19.97	--	10	19970	买盘
13:33:15	19.97	-0.01	1	1997	买盘
13:33:06	19.98	--	68	135864	买盘
13:33:00	19.98	0.01	147	293706	买盘
13:32:57	19.97	--	28	55916	卖盘
13:32:54	19.97	-0.01	6	11982	卖盘
13:32:48	19.98	--	21	41958	买盘
13:32:45	19.98	0.01	5	9990	买盘
13:32:42	19.97	-0.01	5	9985	卖盘
13:32:39	19.98	--	10	19980	买盘
13:32:33	19.98	0.01	15	29970	买盘
13:32:30	19.97	-0.01	8	15976	卖盘
13:32:24	19.98	--	16	31968	买盘
13:32:21	19.98	--	4	7992	买盘
13:32:18	19.98	--	22	43956	买盘
13:32:12	19.98	--	1	1998	买盘
13:32:06	19.98	0.01	139	277722	买盘
13:31:57	19.97	0.01	21	41937	买盘
13:31:51	19.96	0.01	11	21956	买盘
13:31:45	19.95	--	30	59850	卖盘
13:31:42	19.95	0.01	567	1131165	买盘
13:31:27	19.94	--	11	21934	买盘
13:31:15	19.94	0.01	22	43868	买盘
13:31:12	19.93	0.01	8	15944	买盘
13:31:09	19.92	-0.02	32	63744	卖盘
13:31:06	19.94	0.01	39	77766	买盘
13:31:03	19.93	--	10	19930	卖盘
13:31:00	19.93	--	26	51818	卖盘
13:30:51	19.93	--	36	71748	买盘
13:30:48	19.93	--	150	298950	买盘
13:30:36	19.93	--	5	9965	买盘
13:30:30	19.93	-0.01	20	39860	卖盘
13:30:21	19.94	--	5	9970	买盘
13:30:09	19.94	--	8	15952	买盘
13:30:03	19.94	0.01	21	41874	买盘
13:30:00	19.93	--	10	19930	卖盘
13:29:57	19.93	0.01	26	51818	买盘
13:29:54	19.92	-0.01	5	9960	卖盘
13:29:51	19.93	--	1	1993	买盘
13:29:45	19.93	0.01	11	21923	买盘
13:29:33	19.92	--	2	3984	卖盘
13:29:30	19.92	-0.01	47	93624	卖盘
13:29:24	19.93	--	2	3986	买盘
13:29:21	19.93	--	49	97657	买盘
13:29:18	19.93	--	13	25909	买盘
13:29:15	19.93	--	14	27902	买盘
13:29:03	19.93	--	2	3986	买盘
13:28:54	19.93	--	29	57797	买盘
13:28:48	19.93	0.01	5	9965	买盘
13:28:39	19.92	--	9	17928	卖盘
13:28:36	19.92	--	22	43824	买盘
13:28:21	19.92	--	7	13944	买盘
13:28:18	19.92	-0.01	26	51792	卖盘
13:28:15	19.93	--	2	3986	买盘
13:28:12	19.93	0.01	3	5979	买盘
13:28:03	19.92	--	17	33864	买盘
13:27:57	19.92	0.02	20	39840	买盘
13:27:54	19.9	-0.01	3	5970	卖盘
13:27:51	19.91	0.01	10	19910	买盘
13:27:48	19.9	--	43	85570	买盘
13:27:36	19.9	--	5	9950	买盘
13:27:30	19.9	0.01	15	29849	买盘
13:27:21	19.89	--	2	3978	买盘
13:27:09	19.89	0.01	1	1989	买盘
13:27:06	19.88	-0.01	4	7952	卖盘
13:27:03	19.89	--	12	23868	买盘
13:27:00	19.89	--	20	39780	中性盘
13:26:54	19.89	--	12	23868	买盘
13:26:45	19.89	--	4	7956	卖盘
13:26:39	19.89	-0.01	5	9945	卖盘
13:26:33	19.9	--	6	11940	买盘
13:26:30	19.9	--	2	3979	买盘
13:26:27	19.9	--	29	57709	买盘
13:26:15	19.9	--	2	3979	买盘
13:26:12	19.9	-0.02	69	137310	卖盘
13:26:03	19.92	--	1	1992	买盘
13:26:00	19.92	0.01	1	1992	买盘
13:25:54	19.91	-0.02	4	7964	卖盘
13:25:51	19.93	0.01	34	67762	买盘
13:25:39	19.92	--	16	31872	卖盘
13:25:36	19.92	--	19	37848	卖盘
13:25:33	19.92	-0.01	2	3984	卖盘
13:25:27	19.93	-0.01	2	3986	买盘
13:25:21	19.94	0.02	10	19940	买盘
13:25:18	19.92	-0.02	20	39840	卖盘
13:25:09	19.94	--	2	3988	买盘
13:25:06	19.94	-0.01	81	161514	卖盘
13:25:00	19.95	0.01	1	1995	买盘
13:24:57	19.94	-0.01	36	71784	卖盘
13:24:54	19.95	0.01	1	1995	买盘
13:24:51	19.94	-0.01	11	21934	卖盘
13:24:48	19.95	0.01	1	1995	买盘
13:24:45	19.94	--	30	59820	卖盘
13:24:36	19.94	--	163	325022	买盘
13:24:33	19.94	--	1	1994	买盘
13:24:27	19.94	--	19	37886	买盘
13:24:24	19.94	--	18	35892	买盘
13:24:18	19.94	--	16	31904	买盘
13:24:15	19.94	0.01	14	27916	买盘
13:24:12	19.93	-0.01	70	139510	卖盘
13:24:09	19.94	0.01	1	1994	买盘
13:24:06	19.93	-0.01	53	105629	卖盘
13:24:03	19.94	0.01	195	388830	买盘
13:24:00	19.93	-0.01	23	45839	卖盘
13:23:57	19.94	--	35	69790	买盘
13:23:54	19.94	0.01	18	35892	买盘
13:23:51	19.93	--	5	9965	买盘
13:23:48	19.93	-0.01	5	9965	中性盘
13:23:45	19.94	0.02	95	189430	买盘
13:23:39	19.92	--	25	49800	卖盘
13:23:36	19.92	--	4	7968	卖盘
13:23:33	19.92	0.01	2	3984	买盘
13:23:27	19.91	-0.01	1	1991	中性盘
13:23:24	19.92	0.03	16	31872	买盘
13:23:15	19.89	-0.01	28	55692	卖盘
13:23:12	19.9	--	6	11940	买盘
13:23:06	19.9	0.01	39	77610	买盘
13:23:03	19.89	0.01	22	43758	买盘
13:23:00	19.88	--	4	7952	卖盘
13:22:51	19.88	--	19	37772	买盘
13:22:48	19.88	--	39	77532	买盘
13:22:42	19.88	--	24	47712	买盘
13:22:39	19.88	--	11	21868	买盘
13:22:33	19.88	--	45	89460	买盘
13:22:30	19.88	0.01	3	5964	买盘
13:22:24	19.87	-0.01	1	1987	卖盘
13:22:21	19.88	--	31	61628	买盘
13:22:18	19.88	0.01	9	17892	买盘
13:22:15	19.87	--	2	3974	卖盘
13:22:06	19.87	-0.01	48	95376	卖盘
13:21:54	19.88	0.02	20	39760	买盘
13:21:45	19.86	-0.01	120	238320	卖盘
13:21:42	19.87	--	7	13909	买盘
13:21:33	19.87	0.01	12	23844	买盘
13:21:30	19.86	-0.01	30	59580	卖盘
13:21:27	19.87	--	2	3974	买盘
13:21:24	19.87	0.01	1	1987	买盘
13:21:18	19.86	--	8	15888	买盘
13:21:12	19.86	--	10	19860	买盘
13:21:09	19.86	--	23	45678	买盘
13:21:06	19.86	--	39	77454	买盘
13:21:03	19.86	--	10	19860	买盘
13:21:00	19.86	--	6	11916	买盘
13:20:57	19.86	--	9	17874	买盘
13:20:51	19.86	0.01	3	5958	买盘
13:20:45	19.85	-0.01	31	61535	卖盘
13:20:42	19.86	--	18	35748	买盘
13:20:36	19.86	--	7	13902	买盘
13:20:24	19.86	--	2	3972	买盘
13:20:15	19.86	0.01	2	3972	买盘
13:20:09	19.85	-0.01	2	3970	卖盘
13:20:06	19.86	0.01	49	97314	买盘
13:20:00	19.85	--	10	19850	中性盘
13:19:54	19.85	--	1	1985	买盘
13:19:51	19.85	--	10	19850	买盘
13:19:48	19.85	-0.01	1	1985	中性盘
13:19:42	19.86	--	1	1986	买盘
13:19:39	19.86	0.01	5	9930	买盘
13:19:36	19.85	0.01	2	3970	中性盘
13:19:33	19.84	-0.01	21	41664	卖盘
13:19:24	19.85	--	25	49684	买盘
13:19:15	19.85	0.01	1	1985	买盘
13:19:12	19.84	-0.01	3	5952	卖盘
13:19:09	19.85	0.01	80	158800	买盘
13:19:06	19.84	-0.01	45	89280	卖盘
13:19:03	19.85	0.01	9	17865	买盘
13:19:00	19.84	-0.01	12	23808	卖盘
13:18:54	19.85	0.01	1	1985	买盘
13:18:48	19.84	-0.01	2	3968	卖盘
13:18:39	19.85	--	2	3970	买盘
13:18:36	19.85	0.01	11	21835	买盘
13:18:27	19.84	--	3	5952	卖盘
13:18:24	19.84	-0.01	11	21824	卖盘
13:18:18	19.85	--	9	17865	买盘
13:18:15	19.85	0.01	2	3970	买盘
13:18:09	19.84	-0.01	20	39680	卖盘
13:18:06	19.85	--	39	77415	买盘
13:18:03	19.85	--	6	11910	买盘
13:18:00	19.85	0.01	3	5955	买盘
13:17:57	19.84	-0.01	5	9920	卖盘
13:17:54	19.85	--	2	3970	买盘
13:17:51	19.85	0.01	10	19850	买盘
13:17:30	19.84	--	3	5952	卖盘
13:17:27	19.84	--	122	242048	买盘
13:17:24	19.84	--	3	5952	买盘
13:17:18	19.84	--	3	5952	买盘
13:17:15	19.84	--	10	19840	买盘
13:17:09	19.84	--	12	23808	买盘
13:17:06	19.84	--	39	77376	买盘
13:17:00	19.84	-0.01	5	9920	中性盘
13:16:54	19.85	--	10	19850	买盘
13:16:48	19.85	0.01	100	198500	买盘
13:16:42	19.84	-0.01	5	9920	卖盘
13:16:33	19.85	--	21	41685	买盘
13:16:24	19.85	--	12	23820	买盘
13:16:18	19.85	0.01	2	3970	买盘
13:16:15	19.84	-0.01	5	9920	卖盘
13:16:06	19.85	--	41	81385	买盘
13:16:03	19.85	0.03	29	57565	买盘
13:16:00	19.82	-0.03	28	55496	卖盘
13:15:57	19.85	--	50	99250	买盘
13:15:54	19.85	--	25	49625	买盘
13:15:51	19.85	--	1	1985	买盘
13:15:39	19.85	--	15	29775	买盘
13:15:36	19.85	0.01	5	9925	买盘
13:15:30	19.84	-0.01	1	1984	中性盘
13:15:27	19.85	0.01	6	11910	买盘
13:15:24	19.84	-0.01	32	63488	中性盘
13:15:12	19.85	0.01	104	206440	买盘
13:15:09	19.84	-0.01	3	5952	买盘
13:15:06	19.85	0.03	99	196515	买盘
13:15:00	19.82	-0.02	2	3964	卖盘
13:14:57	19.84	-0.01	10	19840	买盘
13:14:54	19.85	0.01	40	79400	买盘
13:14:51	19.84	--	44	87296	卖盘
13:14:45	19.84	-0.01	13	25792	卖盘
13:14:42	19.85	--	10	19850	买盘
13:14:39	19.85	--	2	3970	买盘
13:14:36	19.85	0.01	38	75430	买盘
13:14:27	19.84	0.02	31	61504	买盘
13:14:24	19.82	0.01	28	55496	买盘
13:14:18	19.81	--	3	5943	买盘
13:14:09	19.81	0.01	65	128764	买盘
13:14:06	19.8	--	85	168300	买盘
13:14:00	19.8	--	15	29700	买盘
13:13:57	19.8	--	5	9900	买盘
13:13:54	19.8	0.01	14	27720	买盘
13:13:42	19.79	--	37	73223	买盘
13:13:39	19.79	--	1	1979	买盘
13:13:30	19.79	--	1	1979	买盘
13:13:27	19.79	--	4	7916	买盘
13:13:24	19.79	--	1	1979	买盘
13:13:18	19.79	--	77	152383	买盘
13:13:15	19.79	0.01	2	3958	买盘
13:13:06	19.78	--	1	1978	买盘
13:13:03	19.78	0.02	100	197800	买盘
13:12:57	19.76	--	83	164008	买盘
13:12:54	19.76	0.01	1	1976	买盘
13:12:42	19.75	--	1	1975	买盘
13:12:24	19.75	0.01	4	7900	买盘
13:12:21	19.74	--	3	5921	买盘
13:12:12	19.74	--	37	73038	买盘
13:12:06	19.74	--	48	94751	买盘
13:12:03	19.74	--	7	13817	买盘
13:11:57	19.74	0.01	10	19740	买盘
13:11:51	19.73	--	97	191381	卖盘
13:11:39	19.73	--	20	39460	卖盘
13:11:30	19.73	-0.01	2	3946	卖盘
13:11:27	19.74	--	12	23687	买盘
13:11:21	19.74	0.01	8	15791	买盘
13:11:09	19.73	-0.01	7	13811	卖盘
13:11:06	19.74	0.01	49	96725	买盘
13:11:03	19.73	--	4	7892	卖盘
13:11:00	19.73	--	11	21703	卖盘
13:10:57	19.73	--	30	59190	卖盘
13:10:54	19.73	--	3	5919	卖盘
13:10:51	19.73	-0.01	10	19730	卖盘
13:10:39	19.74	--	9	17766	买盘
13:10:33	19.74	--	1	1973	买盘
13:10:30	19.74	--	10	19740	买盘
13:10:24	19.74	0.01	1	1973	买盘
13:10:21	19.73	--	10	19730	卖盘
13:10:18	19.73	--	1	1973	卖盘
13:10:15	19.73	-0.01	10	19730	卖盘
13:10:09	19.74	--	70	138180	买盘
13:10:06	19.74	--	39	76986	买盘
13:09:54	19.74	0.01	1	1973	买盘
13:09:45	19.73	-0.01	12	23676	卖盘
13:09:30	19.74	--	3	5921	卖盘
13:09:27	19.74	-0.01	2	3947	卖盘
13:09:06	19.75	--	38	75050	买盘
13:08:57	19.75	-0.01	3	5925	卖盘
13:08:54	19.76	--	3	5928	买盘
13:08:06	19.76	0.02	39	77064	买盘
13:07:54	19.74	-0.01	53	104621	卖盘
13:07:42	19.75	--	100	197500	买盘
13:07:36	19.75	0.01	120	237000	买盘
13:07:33	19.74	--	1	1973	卖盘
13:07:30	19.74	--	17	33558	买盘
13:07:24	19.74	--	1	1973	买盘
13:07:21	19.74	--	10	19740	买盘
13:07:12	19.74	-0.01	7	13817	卖盘
13:07:06	19.75	--	39	77025	买盘
13:06:39	19.75	--	7	13825	买盘
13:06:36	19.75	--	18	35550	卖盘
13:06:21	19.75	--	5	9875	卖盘
13:06:09	19.75	--	2	3950	卖盘
13:06:06	19.75	0.01	14	27650	买盘
13:05:57	19.74	--	10	19740	买盘
13:05:51	19.74	--	3	5921	买盘
13:05:48	19.74	--	53	104621	买盘
13:05:42	19.74	--	3	5921	买盘
13:05:39	19.74	--	4	7895	卖盘
13:05:36	19.74	-0.01	17	33558	卖盘
13:05:24	19.75	-0.01	2	3950	卖盘
13:05:09	19.76	--	14	27664	买盘
13:05:06	19.76	--	40	79040	买盘
13:04:57	19.76	-0.03	180	355680	卖盘
13:04:54	19.79	0.03	158	312682	买盘
13:04:45	19.76	0.01	7	13832	买盘
13:04:36	19.75	-0.03	20	39500	卖盘
13:04:24	19.78	0.02	6	11868	买盘
13:04:21	19.76	--	46	90896	卖盘
13:04:18	19.76	-0.02	10	19760	卖盘
13:04:06	19.78	-0.01	39	77142	买盘
13:04:00	19.79	--	6	11874	卖盘
13:03:57	19.79	--	74	146446	买盘
13:03:06	19.79	--	38	75202	买盘
13:02:42	19.79	--	5	9895	买盘
13:02:36	19.79	--	12	23748	买盘
13:02:27	19.79	0.04	40	79160	买盘
13:02:18	19.75	-0.04	2	3950	卖盘
13:02:06	19.79	0.01	39	77181	买盘
13:01:57	19.78	0.01	226	447028	买盘
13:01:51	19.77	--	16	31632	买盘
13:01:24	19.77	0.01	2	3954	买盘
13:01:09	19.76	0.01	111	219336	买盘
13:01:06	19.75	--	39	77025	买盘
13:01:03	19.75	--	5	9875	买盘
13:01:00	19.75	--	6	11850	买盘
13:00:45	19.75	--	4	7900	买盘
13:00:33	19.75	0.01	45	88875	买盘
13:00:30	19.74	-0.01	15	29609	卖盘
13:00:24	19.75	0.01	101	199475	买盘
13:00:06	19.74	0.01	46	90804	买盘
13:00:03	19.73	--	94	185462	买盘
13:00:00	19.73	--	0	0	买盘
11:30:00	19.73	--	0	0	买盘
11:29:54	19.73	--	3	5919	卖盘
11:29:51	19.73	--	60	118380	卖盘
11:29:45	19.73	--	10	19730	卖盘
11:29:36	19.73	-0.01	1	1973	卖盘
11:29:33	19.74	0.01	16	31583	买盘
11:29:27	19.73	-0.01	15	29595	卖盘
11:29:24	19.74	--	2	3947	买盘
11:29:21	19.74	--	30	59219	买盘
11:29:12	19.74	0.01	6	11843	买盘
11:29:06	19.73	-0.01	24	47352	卖盘
11:28:57	19.74	0.01	2	3947	买盘
11:28:54	19.73	--	8	15784	卖盘
11:28:51	19.73	--	4	7892	卖盘
11:28:30	19.73	-0.01	3	5919	卖盘
11:28:24	19.74	0.01	1	1973	买盘
11:28:21	19.73	--	17	33541	买盘
11:28:18	19.73	0.01	50	98650	买盘
11:28:15	19.72	--	3	5916	卖盘
11:28:00	19.72	0.01	3	7178	买盘
11:27:51	19.71	-0.01	9	17739	卖盘
11:27:27	19.72	--	2	3944	买盘
11:27:24	19.72	--	4	8597	卖盘
11:27:09	19.72	--	22	44646	买盘
11:27:00	19.72	--	10	19720	买盘
11:26:51	19.72	0.01	85	167620	买盘
11:26:48	19.71	-0.01	290	572299	卖盘
11:26:45	19.72	0.01	42	82824	买盘
11:26:39	19.71	-0.01	30	59130	卖盘
11:26:27	19.72	--	8	15776	买盘
11:26:24	19.72	0.01	3	5916	买盘
11:26:15	19.71	--	17	33507	卖盘
11:26:12	19.71	--	24	47304	卖盘
11:26:09	19.71	--	0	1261	买盘
11:26:03	19.71	0.01	40	78840	买盘
11:25:51	19.7	-0.01	3	5910	卖盘
11:25:36	19.71	--	4	7884	买盘
11:25:18	19.71	0.01	5	9855	买盘
11:25:12	19.7	--	8	15760	卖盘
11:25:00	19.7	-0.01	20	39400	卖盘
11:24:54	19.71	0.01	39	76869	买盘
11:24:36	19.7	--	5	9850	卖盘
11:24:30	19.7	--	9	17730	买盘
11:24:27	19.7	0.01	17	33490	买盘
11:24:21	19.69	--	3	5907	卖盘
11:24:18	19.69	-0.02	10	19690	卖盘
11:24:09	19.71	0.01	20	39420	买盘
11:24:06	19.7	--	39	76830	买盘
11:24:00	19.7	--	11	21670	买盘
11:23:54	19.7	--	9	17730	卖盘
11:23:42	19.7	-0.01	5	9850	卖盘
11:23:36	19.71	0.01	10	19710	买盘
11:23:33	19.7	--	14	27580	卖盘
11:23:30	19.7	0.01	11	21670	买盘
11:23:24	19.69	-0.01	2	3938	卖盘
11:23:21	19.7	--	29	57130	卖盘
11:23:12	19.7	--	21	41370	买盘
11:23:06	19.7	0.01	39	76830	买盘
11:23:00	19.69	-0.01	10	19690	卖盘
11:22:45	19.7	-0.01	10	19700	买盘
11:22:42	19.71	0.03	2	3942	买盘
11:22:33	19.68	-0.04	11	21648	卖盘
11:22:06	19.72	--	43	84796	买盘
11:22:03	19.72	--	47	93393	卖盘
11:21:48	19.72	--	6	11832	卖盘
11:21:42	19.72	-0.01	11	21692	卖盘
11:21:33	19.73	0.01	55	109777	买盘
11:21:30	19.72	--	20	39440	买盘
11:21:27	19.72	0.02	17	33524	买盘
11:21:21	19.7	-0.03	88	173360	卖盘
11:21:15	19.73	--	1	2683	卖盘
11:21:12	19.73	0.01	48	95966	买盘
11:21:09	19.72	--	2	3944	买盘
11:21:06	19.72	0.02	39	76908	买盘
11:21:03	19.7	--	1	1970	卖盘
11:20:57	19.7	0.01	27	53190	买盘
11:20:45	19.69	--	53	104672	买盘
11:20:42	19.69	0.01	4	7876	买盘
11:20:24	19.68	--	4	7872	买盘
11:20:15	19.68	0.01	8	15744	买盘
11:20:06	19.67	0.02	34	66878	买盘
11:20:00	19.65	-0.01	4	7859	中性盘
11:19:45	19.66	--	1	1966	买盘
11:19:39	19.66	0.05	10	19660	买盘
11:19:36	19.61	-0.05	10	19610	中性盘
11:19:21	19.66	--	33	64878	买盘
11:19:09	19.66	--	33	64878	买盘
11:19:06	19.66	--	16	31456	买盘
11:18:54	19.66	--	12	23592	买盘
11:18:45	19.66	--	7	13762	买盘
11:18:15	19.66	--	7	13762	买盘
11:18:06	19.66	0.06	59	115994	买盘
11:17:48	19.6	0.02	1	1960	买盘
11:17:30	19.58	-0.01	1	1957	卖盘
11:17:18	19.59	--	13	25467	卖盘
11:17:12	19.59	-0.01	5	9795	卖盘
11:17:06	19.6	--	39	76440	买盘
11:16:57	19.6	--	2	3920	买盘
11:16:54	19.6	-0.06	36	70560	卖盘
11:16:21	19.66	0.02	5	9830	买盘
11:16:12	19.64	--	6	11784	卖盘
11:16:09	19.64	-0.01	42	82488	卖盘
11:16:06	19.65	0.01	39	76635	买盘
11:15:51	19.64	--	20	39280	卖盘
11:15:39	19.64	0.01	25	49100	买盘
11:15:15	19.63	--	3	5889	买盘
11:15:12	19.63	--	15	29445	买盘
11:15:06	19.63	--	38	74594	买盘
11:14:51	19.63	0.01	2	3926	买盘
11:14:39	19.62	0.02	4	7848	买盘
11:14:36	19.6	-0.02	6	11760	卖盘
11:14:30	19.62	0.02	5	9810	买盘
11:14:12	19.6	-0.02	30	58800	卖盘
11:14:06	19.62	0.02	39	76518	买盘
11:13:57	19.6	--	12	23520	卖盘
11:13:39	19.6	--	2	3920	卖盘
11:13:33	19.6	--	2	3920	买盘
11:13:30	19.6	--	26	50960	买盘
11:13:27	19.6	--	33	64680	买盘
11:13:24	19.6	--	2	3920	买盘
11:13:06	19.6	0.01	39	76440	买盘
11:12:45	19.59	-0.01	10	19590	卖盘
11:12:39	19.6	--	20	39200	买盘
11:12:30	19.6	--	8	15680	买盘
11:12:06	19.6	--	45	88200	买盘
11:12:00	19.6	0.01	2	3920	买盘
11:11:54	19.59	--	10	19590	卖盘
11:11:51	19.59	-0.01	1	1959	卖盘
11:11:36	19.6	-0.01	19	37240	卖盘
11:11:27	19.61	--	7	13727	买盘
11:11:06	19.61	0.01	66	129426	买盘
11:11:03	19.6	0.01	10	19600	买盘
11:11:00	19.59	--	7	13713	卖盘
11:10:42	19.59	-0.01	9	17631	卖盘
11:10:30	19.6	--	43	84280	卖盘
11:10:24	19.6	--	10	19600	卖盘
11:10:18	19.6	0.03	68	133280	买盘
11:10:15	19.57	--	28	54796	买盘
11:10:12	19.57	-0.03	72	140904	卖盘
11:10:06	19.6	0.02	39	76440	买盘
11:10:00	19.58	--	48	93983	买盘
11:09:57	19.58	--	10	19580	买盘
11:09:54	19.58	--	8	15663	买盘
11:09:42	19.58	0.01	5	9790	买盘
11:09:24	19.57	--	7	13699	卖盘
11:09:12	19.57	--	10	19570	卖盘
11:09:09	19.57	--	22	43054	卖盘
11:09:06	19.57	--	1	1957	买盘
11:09:03	19.57	0.02	32	62624	买盘
11:09:00	19.55	--	4	7820	卖盘
11:08:42	19.55	-0.03	4	7820	卖盘
11:08:39	19.58	--	1	1957	买盘
11:08:27	19.58	--	21	41118	卖盘
11:08:21	19.58	--	10	19580	卖盘
11:08:18	19.58	0.03	64	125311	买盘
11:08:15	19.55	--	3	5865	卖盘
11:08:09	19.55	-0.03	3	5865	卖盘
11:08:06	19.58	0.03	39	76362	买盘
11:07:57	19.55	-0.01	50	97750	卖盘
11:07:54	19.56	--	3	5868	买盘
11:07:48	19.56	-0.02	59	115403	卖盘
11:07:42	19.58	--	30	58739	卖盘
11:07:39	19.58	--	12	23495	卖盘
11:07:33	19.58	-0.01	3	5873	卖盘
11:07:30	19.59	--	6	11754	买盘
11:07:21	19.59	--	13	25467	卖盘
11:07:15	19.59	-0.02	1	1959	卖盘
11:07:06	19.61	0.01	39	76479	买盘
11:06:54	19.6	-0.01	37	72520	卖盘
11:06:51	19.61	--	5	9805	买盘
11:06:36	19.61	--	17	33337	卖盘
11:06:30	19.61	0.01	8	15688	中性盘
11:06:12	19.6	-0.03	7	13720	卖盘
11:06:06	19.63	0.03	39	76557	买盘
11:05:57	19.6	-0.01	40	78400	卖盘
11:05:54	19.61	--	8	15688	卖盘
11:05:48	19.61	--	7	13727	卖盘
11:05:45	19.61	-0.01	21	41181	卖盘
11:05:42	19.62	--	5	9810	买盘
11:05:33	19.62	--	1	1962	买盘
11:05:30	19.62	--	6	11772	买盘
11:05:24	19.62	0.01	1	1962	买盘
11:05:21	19.61	-0.01	10	19610	卖盘
11:05:15	19.62	-0.01	12	23544	中性盘
11:05:06	19.63	--	38	74594	买盘
11:04:45	19.63	0.01	20	39260	买盘
11:04:39	19.62	--	12	23544	卖盘
11:04:24	19.62	-0.01	1	1962	卖盘
11:04:15	19.63	0.01	22	43186	买盘
11:04:12	19.62	-0.01	15	29430	卖盘
11:04:06	19.63	0.01	39	76557	买盘
11:04:03	19.62	-0.01	14	27468	卖盘
11:03:36	19.63	-0.01	20	39260	买盘
11:03:27	19.64	0.01	19	37316	买盘
11:03:15	19.63	-0.01	15	29445	卖盘
11:03:09	19.64	--	1	1964	买盘
11:03:06	19.64	--	39	76596	买盘
11:02:48	19.64	--	10	19640	卖盘
11:02:45	19.64	-0.01	2	3928	卖盘
11:02:39	19.65	--	15	29474	卖盘
11:02:33	19.65	--	20	39300	卖盘
11:02:06	19.65	0.01	19	37335	买盘
11:02:00	19.64	--	17	33388	卖盘
11:01:54	19.64	-0.02	6	11784	卖盘
11:01:51	19.66	--	8	15728	买盘
11:01:33	19.66	-0.01	3	5898	中性盘
11:01:09	19.67	--	4	7868	买盘
11:01:06	19.67	0.01	39	76713	买盘
11:01:03	19.66	--	7	13762	卖盘
11:00:54	19.66	--	19	37354	买盘
11:00:45	19.66	0.03	1	1966	买盘
11:00:33	19.63	--	2	3926	卖盘
11:00:27	19.63	--	7	13741	卖盘
11:00:24	19.63	0.01	11	21593	买盘
11:00:18	19.62	0.01	1	1962	买盘
11:00:15	19.61	0.01	40	78440	卖盘
11:00:12	19.6	-0.03	12	23520	卖盘
11:00:09	19.63	--	99	194337	买盘
11:00:06	19.63	0.01	42	82446	买盘
11:00:03	19.62	--	8	15696	卖盘
10:59:51	19.62	--	5	9810	卖盘
10:59:45	19.62	-0.01	2	3924	卖盘
10:59:36	19.63	--	2	3926	买盘
10:59:30	19.63	0.03	6	11778	买盘
10:59:18	19.6	-0.02	50	98000	卖盘
10:59:12	19.62	0.01	39	76518	买盘
10:59:06	19.61	--	70	137270	买盘
10:59:00	19.61	-0.01	79	154919	卖盘
10:58:54	19.62	0.01	1	1962	买盘
10:58:51	19.61	-0.02	20	39220	卖盘
10:58:45	19.63	--	2	3926	卖盘
10:58:42	19.63	0.01	8	15704	中性盘
10:58:33	19.62	-0.01	50	98100	中性盘
10:58:30	19.63	0.01	51	100113	买盘
10:58:24	19.62	-0.01	3	5886	卖盘
10:58:21	19.63	0.01	6	11778	买盘
10:58:18	19.62	-0.01	10	19620	卖盘
10:58:12	19.63	--	30	58890	买盘
10:58:06	19.63	0.01	12	23556	买盘
10:57:57	19.62	-0.01	8	15696	卖盘
10:57:51	19.63	--	5	9815	买盘
10:57:48	19.63	--	61	119743	卖盘
10:57:36	19.63	--	1	1963	卖盘
10:57:33	19.63	0.01	3	5889	中性盘
10:57:09	19.62	0.01	2	3924	买盘
10:57:06	19.61	-0.06	1	1961	卖盘
10:57:03	19.67	0.06	8	15736	买盘
10:56:57	19.61	-0.02	13	25493	卖盘
10:56:54	19.63	0.02	3	5889	中性盘
10:56:48	19.61	-0.01	30	58830	卖盘
10:56:45	19.62	--	20	39240	卖盘
10:56:36	19.62	--	5	9810	卖盘
10:56:18	19.62	-0.05	14	27468	卖盘
10:56:15	19.67	0.05	10	19670	中性盘
10:56:09	19.62	-0.05	150	294300	卖盘
10:56:00	19.67	--	5	9835	卖盘
10:55:54	19.67	-0.02	5	9835	卖盘
10:55:42	19.69	-0.03	2	3938	卖盘
10:55:36	19.72	0.02	10	19720	买盘
10:55:27	19.7	-0.03	19	37430	卖盘
10:55:18	19.73	--	7	13811	买盘
10:55:15	19.73	0.01	8	15784	买盘
10:55:12	19.72	-0.02	10	19720	卖盘
10:55:06	19.74	0.01	11	21714	买盘
10:54:57	19.73	--	8	15784	卖盘
10:54:48	19.73	--	2	3946	买盘
10:54:45	19.73	-0.01	1	1973	卖盘
10:54:36	19.74	--	28	55271	卖盘
10:54:30	19.74	--	11	21714	卖盘
10:54:21	19.74	--	1	1973	卖盘
10:54:15	19.74	--	3	5921	卖盘
10:54:12	19.74	-0.01	6	11843	卖盘
10:54:06	19.75	--	39	77025	买盘
10:53:48	19.75	0.01	48	94800	买盘
10:53:45	19.74	--	33	65141	买盘
10:53:42	19.74	--	9	17766	卖盘
10:53:36	19.74	--	2	3947	卖盘
10:53:33	19.74	--	15	29609	卖盘
10:53:30	19.74	--	1	1973	卖盘
10:53:21	19.74	-0.01	3	5921	卖盘
10:53:18	19.75	0.01	10	19750	买盘
10:53:15	19.74	--	4	7895	卖盘
10:53:06	19.74	0.02	10	19740	买盘
10:52:57	19.72	-0.04	16	31552	卖盘
10:52:54	19.76	0.02	200	395200	买盘
10:52:36	19.74	-0.01	71	140154	卖盘
10:52:33	19.75	--	142	280450	买盘
10:52:24	19.75	--	34	67150	买盘
10:52:06	19.75	0.03	39	77025	买盘
10:52:00	19.72	--	2	3944	卖盘
10:51:51	19.72	--	9	17748	卖盘
10:51:48	19.72	0.02	10	19720	买盘
10:51:36	19.7	--	68	133960	买盘
10:51:33	19.7	0.02	77	151690	买盘
10:51:27	19.68	-0.01	122	240096	卖盘
10:51:24	19.69	--	2	3938	买盘
10:51:06	19.69	0.01	39	76791	买盘
10:50:57	19.68	0.01	2	3936	买盘
10:50:45	19.67	-0.02	20	39340	卖盘
10:50:36	19.69	0.01	3	5907	买盘
10:50:24	19.68	--	2	3936	买盘
10:50:21	19.68	--	38	74784	卖盘
10:50:18	19.68	-0.01	15	29520	卖盘
10:50:12	19.69	0.01	5	9845	买盘
10:50:06	19.68	0.01	9	17712	买盘
10:50:03	19.67	--	19	37373	买盘
10:49:54	19.67	--	5	9835	买盘
10:49:33	19.67	-0.01	3	5901	买盘
10:49:15	19.68	--	20	39360	卖盘
10:49:12	19.68	--	58	114144	买盘
10:49:09	19.68	--	6	11808	买盘
10:49:06	19.68	0.05	39	76752	买盘
10:48:42	19.63	--	1	1963	买盘
10:48:27	19.63	0.01	2	3926	买盘
10:48:24	19.62	--	3	5886	卖盘
10:48:18	19.62	--	107	209934	买盘
10:48:15	19.62	--	17	33354	买盘
10:48:09	19.62	-0.04	66	129492	卖盘
10:48:06	19.66	--	42	82572	卖盘
10:48:03	19.66	--	18	35388	买盘
10:47:57	19.66	0.01	15	29490	买盘
10:47:51	19.65	--	183	359595	买盘
10:47:36	19.65	-0.01	17	33405	卖盘
10:47:33	19.66	0.01	1	1966	买盘
10:47:30	19.65	-0.01	5	9825	卖盘
10:47:27	19.66	0.01	3	5898	卖盘
10:47:24	19.65	-0.02	105	206324	卖盘
10:47:21	19.67	--	5	9835	卖盘
10:47:18	19.67	0.01	4	7868	买盘
10:47:15	19.66	-0.01	69	135654	卖盘
10:47:12	19.67	0.01	4	7868	买盘
10:47:09	19.66	-0.01	1	1966	卖盘
10:47:06	19.67	--	92	180964	买盘
10:47:03	19.67	0.01	1	1967	买盘
10:46:57	19.66	--	11	21626	买盘
10:46:51	19.66	--	3	5898	买盘
10:46:48	19.66	--	8	15728	卖盘
10:46:45	19.66	-0.01	51	100266	卖盘
10:46:39	19.67	--	10	19670	买盘
10:46:36	19.67	--	20	39340	买盘
10:46:33	19.67	-0.01	31	60977	卖盘
10:46:30	19.68	--	9	17712	买盘
10:46:27	19.68	--	4	7872	买盘
10:46:21	19.68	-0.02	62	122016	卖盘
10:46:15	19.7	--	6	11820	卖盘
10:46:09	19.7	-0.06	282	555540	卖盘
10:46:06	19.76	--	39	77064	买盘
10:46:03	19.76	0.05	8	15808	买盘
10:45:57	19.71	-0.05	260	512460	卖盘
10:45:54	19.76	--	1	1976	卖盘
10:45:51	19.76	--	3	5928	卖盘
10:45:48	19.76	--	2	3952	卖盘
10:45:45	19.76	--	5	9880	卖盘
10:45:42	19.76	--	24	47424	买盘
10:45:36	19.76	0.01	3	5928	买盘
10:45:33	19.75	-0.01	11	21725	卖盘
10:45:30	19.76	--	8	15808	中性盘
10:45:24	19.76	-0.01	20	39520	中性盘
10:45:21	19.77	--	125	247125	买盘
10:45:18	19.77	--	1	1977	买盘
10:45:15	19.77	--	24	47448	卖盘
10:45:12	19.77	-0.01	3	5931	中性盘
10:45:06	19.78	0.01	39	77142	买盘
10:45:00	19.77	--	6	11862	买盘
10:44:57	19.77	-0.01	179	353883	卖盘
10:44:54	19.78	--	27	53406	买盘
10:44:51	19.78	--	20	39560	买盘
10:44:48	19.78	--	11	21758	买盘
10:44:45	19.78	0.01	2	3956	买盘
10:44:42	19.77	--	2	3954	卖盘
10:44:39	19.77	--	30	59310	卖盘
10:44:33	19.77	0.02	52	102804	买盘
10:44:30	19.75	-0.01	10	19750	卖盘
10:44:21	19.76	--	17	33592	卖盘
10:44:18	19.76	--	12	23712	卖盘
10:44:15	19.76	--	3	5928	卖盘
10:44:12	19.76	--	1	1976	卖盘
10:44:06	19.76	0.01	28	55328	买盘
10:44:03	19.75	0.03	101	199475	买盘
10:43:57	19.72	--	5	9860	卖盘
10:43:54	19.72	0.01	15	29580	中性盘
10:43:42	19.71	--	5	9855	卖盘
10:43:30	19.71	-0.04	20	39420	卖盘
10:43:27	19.75	--	6	11850	买盘
10:43:18	19.75	--	10	19750	买盘
10:43:06	19.75	0.02	39	77025	买盘
10:42:57	19.73	-0.02	4	7892	中性盘
10:42:39	19.75	0.05	358	707050	买盘
10:42:36	19.7	--	10	19700	买盘
10:42:33	19.7	--	12	23640	买盘
10:42:30	19.7	--	24	47280	买盘
10:42:15	19.7	--	47	92590	卖盘
10:42:12	19.7	-0.04	2	3940	卖盘
10:42:09	19.74	0.04	1	1973	买盘
10:42:06	19.7	--	69	135930	卖盘
10:42:03	19.7	--	5	9850	卖盘
10:42:00	19.7	--	8	15760	卖盘
10:41:57	19.7	--	4	7880	卖盘
10:41:54	19.7	--	35	68950	卖盘
10:41:51	19.7	--	3	5910	卖盘
10:41:42	19.7	--	30	59100	卖盘
10:41:39	19.7	0.01	117	230490	买盘
10:41:36	19.69	0.01	30	59070	买盘
10:41:27	19.68	-0.02	10	19680	卖盘
10:41:24	19.7	0.02	29	57130	买盘
10:41:21	19.68	-0.02	17	33456	卖盘
10:41:15	19.7	--	2	3940	买盘
10:41:12	19.7	--	5	9850	买盘
10:41:06	19.7	--	56	110320	买盘
10:40:57	19.7	0.02	20	39400	买盘
10:40:54	19.68	--	40	78720	卖盘
10:40:51	19.68	0.01	17	33456	卖盘
10:40:48	19.67	-0.03	35	68845	卖盘
10:40:45	19.7	--	1	1970	买盘
10:40:39	19.7	--	7	13790	中性盘
10:40:33	19.7	--	36	70920	买盘
10:40:30	19.7	--	44	86680	买盘
10:40:27	19.7	--	1	1970	买盘
10:40:24	19.7	--	1	1970	买盘
10:40:21	19.7	--	10	19700	卖盘
10:40:15	19.7	--	14	27580	卖盘
10:40:12	19.7	--	11	21670	卖盘
10:40:09	19.7	--	39	76830	买盘
10:40:06	19.7	0.03	40	78800	买盘
10:40:00	19.67	0.01	1	1967	买盘
10:39:57	19.66	--	7	13762	卖盘
10:39:51	19.66	-0.01	15	29490	卖盘
10:39:45	19.67	-0.03	20	39340	中性盘
10:39:30	19.7	--	3	5910	卖盘
10:39:27	19.7	--	10	19700	卖盘
10:39:18	19.7	--	23	45310	卖盘
10:39:15	19.7	-0.03	14	27580	卖盘
10:39:12	19.73	--	97	191381	卖盘
10:39:09	19.73	-0.02	18	35514	卖盘
10:39:06	19.75	0.02	39	77025	买盘
10:39:00	19.73	-0.01	22	43406	卖盘
10:38:54	19.74	-0.01	7	13817	中性盘
10:38:45	19.75	--	13	25675	卖盘
10:38:42	19.75	--	60	118500	卖盘
10:38:39	19.75	-0.01	25	49375	卖盘
10:38:33	19.76	-0.01	56	110656	卖盘
10:38:30	19.77	--	6	11862	买盘
10:38:27	19.77	--	1	1977	买盘
10:38:24	19.77	--	49	97070	卖盘
10:38:21	19.77	--	9	17793	卖盘
10:38:18	19.77	--	81	160137	卖盘
10:38:15	19.77	-0.01	62	122574	卖盘
10:38:12	19.78	0.01	35	69230	买盘
10:38:09	19.77	-0.01	1	1977	卖盘
10:38:06	19.78	--	39	77142	买盘
10:38:03	19.78	--	25	49450	买盘
10:38:00	19.78	--	13	25714	买盘
10:37:57	19.78	0.01	29	57362	买盘
10:37:54	19.77	--	58	116445	买盘
10:37:51	19.77	0.02	4	7908	买盘
10:37:48	19.75	-0.03	10	19750	卖盘
10:37:45	19.78	0.04	11	21758	买盘
10:37:42	19.74	--	2	3947	买盘
10:37:39	19.74	-0.04	17	33558	卖盘
10:37:36	19.78	--	5	9890	买盘
10:37:33	19.78	--	13	25714	买盘
10:37:27	19.78	0.01	67	132526	买盘
10:37:24	19.77	0.02	19	37563	买盘
10:37:21	19.75	-0.02	8	15800	卖盘
10:37:18	19.77	--	10	19770	卖盘
10:37:15	19.77	--	19	37563	买盘
10:37:12	19.77	--	59	116643	买盘
10:37:06	19.77	--	53	104781	买盘
10:37:03	19.77	--	33	65241	买盘
10:37:00	19.77	0.02	3	5931	买盘
10:36:54	19.75	--	80	158000	卖盘
10:36:48	19.75	0.02	24	47400	买盘
10:36:45	19.73	0.03	3	5919	买盘
10:36:39	19.7	--	209	411730	卖盘
10:36:36	19.7	--	13	25610	卖盘
10:36:33	19.7	0.06	283	557510	买盘
10:36:30	19.64	0.01	24	47136	买盘
10:36:24	19.63	--	1	1963	买盘
10:36:18	19.63	0.01	20	39260	买盘
10:36:12	19.62	0.02	105	206010	买盘
10:36:03	19.6	0.02	281	550760	买盘
10:36:00	19.58	0.01	47	92025	买盘
10:35:57	19.57	--	10	19570	卖盘
10:35:48	19.57	0.02	6	11742	买盘
10:35:45	19.55	-0.02	1	1955	中性盘
10:35:24	19.57	0.03	101	197657	买盘
10:35:06	19.54	0.01	38	74252	买盘
10:35:03	19.53	0.01	4	7812	中性盘
10:35:00	19.52	--	10	19520	卖盘
10:34:57	19.52	--	15	29280	卖盘
10:34:54	19.52	--	1	1952	卖盘
10:34:51	19.52	--	4	7808	卖盘
10:34:39	19.52	--	10	19520	卖盘
10:34:33	19.52	--	6	11712	买盘
10:34:30	19.52	--	11	21472	买盘
10:34:24	19.52	--	6	11712	买盘
10:34:12	19.52	-0.02	57	111264	卖盘
10:34:09	19.54	--	1	1954	卖盘
10:34:06	19.54	0.02	11	21494	买盘
10:33:57	19.52	--	2	3904	卖盘
10:33:48	19.52	-0.03	23	44896	卖盘
10:33:39	19.55	0.01	100	195500	买盘
10:33:33	19.54	--	55	107470	买盘
10:33:24	19.54	--	27	54360	买盘
10:33:15	19.54	--	4	7816	买盘
10:33:06	19.54	0.01	39	76206	买盘
10:33:03	19.53	0.01	57	111321	买盘
10:33:00	19.52	-0.01	34	66368	卖盘
10:32:57	19.53	--	10	19530	买盘
10:32:39	19.53	-0.01	36	70308	卖盘
10:32:36	19.54	--	3	5862	买盘
10:32:27	19.54	0.01	10	19540	买盘
10:32:18	19.53	--	1	1953	买盘
10:32:15	19.53	-0.01	4	7812	中性盘
10:32:12	19.54	0.03	260	508040	买盘
10:32:09	19.51	-0.03	200	390200	卖盘
10:32:06	19.54	--	42	82068	买盘
10:32:00	19.54	--	4	7816	买盘
10:31:54	19.54	--	12	23448	卖盘
10:31:42	19.54	0.01	7	13678	买盘
10:31:36	19.53	0.02	45	87885	买盘
10:31:33	19.51	--	20	39020	买盘
10:31:30	19.51	--	11	21461	买盘
10:31:24	19.51	0.01	3	5853	买盘
10:31:21	19.5	0.01	114	222300	买盘
10:31:18	19.49	--	1	1948	卖盘
10:31:15	19.49	--	80	155920	卖盘
10:31:12	19.49	--	10	19490	卖盘
10:31:06	19.49	0.01	79	153971	买盘
10:31:00	19.48	--	12	23376	中性盘
10:30:54	19.48	--	60	116880	卖盘
10:30:48	19.48	--	6	11688	卖盘
10:30:45	19.48	--	8	15584	卖盘
10:30:39	19.48	-0.01	3	5844	卖盘
10:30:36	19.49	--	41	79909	买盘
10:30:33	19.49	0.01	6	11693	买盘
10:30:24	19.48	--	28	54544	买盘
10:30:18	19.48	-0.01	3	5844	中性盘
10:30:15	19.49	0.01	169	329381	买盘
10:30:12	19.48	-0.01	53	103244	卖盘
10:30:06	19.49	0.01	44	85756	买盘
10:30:03	19.48	--	11	21428	卖盘
10:30:00	19.48	--	6	11688	卖盘
10:29:57	19.48	--	70	136360	卖盘
10:29:54	19.48	-0.01	10	19480	卖盘
10:29:48	19.49	0.01	3	5846	买盘
10:29:45	19.48	-0.01	10	19480	买盘
10:29:36	19.49	0.04	14	27285	买盘
10:29:27	19.45	--	4	7780	卖盘
10:29:21	19.45	-0.04	2	3890	卖盘
10:29:18	19.49	0.04	11	21439	买盘
10:29:03	19.45	-0.04	108	210060	卖盘
10:28:57	19.49	--	36	70164	卖盘
10:28:51	19.49	--	16	31183	卖盘
10:28:48	19.49	--	58	113041	卖盘
10:28:45	19.49	-0.01	1	1948	卖盘
10:28:39	19.5	--	46	89700	卖盘
10:28:36	19.5	--	49	95550	卖盘
10:28:33	19.5	-0.01	8	15600	卖盘
10:28:24	19.51	--	4	7804	买盘
10:28:21	19.51	--	4	7804	买盘
10:28:18	19.51	--	3	5853	买盘
10:28:15	19.51	-0.01	4	7804	卖盘
10:28:12	19.52	0.01	4	7808	买盘
10:28:06	19.51	-0.02	6	11706	中性盘
10:27:57	19.53	0.03	28	54684	买盘
10:27:51	19.5	--	6	11700	卖盘
10:27:45	19.5	-0.03	11	21450	卖盘
10:27:39	19.53	--	3	5859	买盘
10:27:30	19.53	0.03	5	9765	买盘
10:27:24	19.5	-0.02	52	101400	卖盘
10:27:18	19.52	--	48	93696	卖盘
10:27:15	19.52	-0.01	100	195200	卖盘
10:27:06	19.53	0.01	32	62496	买盘
10:27:03	19.52	-0.01	1	1952	卖盘
10:27:00	19.53	0.01	1	1953	中性盘
10:26:51	19.52	-0.01	46	89792	卖盘
10:26:42	19.53	-0.02	3	5859	中性盘
10:26:36	19.55	0.03	10	19550	买盘
10:26:30	19.52	-0.03	48	93696	卖盘
10:26:24	19.55	0.01	3	5865	买盘
10:26:21	19.54	-0.01	28	54712	卖盘
10:26:18	19.55	--	3	5865	卖盘
10:26:15	19.55	--	5	9775	卖盘
10:26:12	19.55	--	5	9775	卖盘
10:26:09	19.55	--	10	19550	卖盘
10:26:06	19.55	0.03	77	150535	买盘
10:26:03	19.52	-0.02	31	60512	卖盘
10:26:00	19.54	0.02	2	3908	中性盘
10:25:54	19.52	-0.02	34	66368	卖盘
10:25:51	19.54	0.02	5	9770	中性盘
10:25:45	19.52	-0.03	2	3904	卖盘
10:25:42	19.55	0.03	26	50830	买盘
10:25:39	19.52	-0.03	13	25376	卖盘
10:25:36	19.55	--	25	48875	买盘
10:25:33	19.55	--	71	138805	卖盘
10:25:27	19.55	-0.01	15	29325	卖盘
10:25:24	19.56	0.01	1	1955	中性盘
10:25:18	19.55	0.01	25	48875	卖盘
10:25:15	19.54	-0.01	66	128964	卖盘
10:25:09	19.55	--	41	80155	买盘
10:25:06	19.55	--	6	11730	买盘
10:25:03	19.55	--	77	150535	卖盘
10:24:57	19.55	-0.01	20	39100	卖盘
10:24:54	19.56	-0.02	1	1955	卖盘
10:24:48	19.58	--	2	3915	买盘
10:24:45	19.58	--	23	45033	买盘
10:24:36	19.58	0.03	103	201673	买盘
10:24:33	19.55	-0.03	76	148580	卖盘
10:24:27	19.58	0.03	4	7831	买盘
10:24:21	19.55	-0.03	4	7820	卖盘
10:24:18	19.58	0.02	28	54823	买盘
10:24:15	19.56	-0.02	36	70416	卖盘
10:24:12	19.58	--	97	189925	买盘
10:24:09	19.58	0.02	39	76362	买盘
10:24:06	19.56	-0.02	53	103668	卖盘
10:24:03	19.58	--	28	54823	买盘
10:23:57	19.58	--	1	1957	买盘
10:23:54	19.58	--	89	174261	买盘
10:23:51	19.58	0.01	20	39160	买盘
10:23:48	19.57	0.01	31	60667	买盘
10:23:45	19.56	--	6	11736	卖盘
10:23:42	19.56	-0.02	8	15647	卖盘
10:23:39	19.58	--	10	19580	买盘
10:23:36	19.58	0.02	50	97899	买盘
10:23:30	19.56	--	50	97800	卖盘
10:23:24	19.56	0.01	17	33252	买盘
10:23:21	19.55	--	3	5865	卖盘
10:23:18	19.55	0.01	29	56695	买盘
10:23:15	19.54	--	101	197354	卖盘
10:23:09	19.54	--	18	35172	卖盘
10:23:06	19.54	0.04	44	85976	卖盘
10:23:03	19.5	-0.04	52	101400	卖盘
10:23:00	19.54	--	39	76206	买盘
10:22:57	19.54	--	71	138734	买盘
10:22:54	19.54	0.03	44	85976	买盘
10:22:51	19.51	-0.02	22	42922	卖盘
10:22:48	19.53	--	59	115227	买盘
10:22:45	19.53	-0.01	43	83979	卖盘
10:22:42	19.54	--	6	11724	买盘
10:22:39	19.54	0.01	33	64482	买盘
10:22:36	19.53	--	105	205065	中性盘
10:22:33	19.53	--	17	33201	买盘
10:22:30	19.53	--	13	25389	买盘
10:22:24	19.53	-0.01	10	19530	中性盘
10:22:21	19.54	--	17	33218	买盘
10:22:18	19.54	0.01	185	361490	买盘
10:22:15	19.53	0.02	10	19530	中性盘
10:22:12	19.51	--	33	64383	卖盘
10:22:09	19.51	--	3	5853	卖盘
10:22:06	19.51	0.01	45	87795	买盘
10:22:03	19.5	--	40	78000	买盘
10:22:00	19.5	0.01	25	48750	买盘
10:21:57	19.49	--	10	19490	卖盘
10:21:54	19.49	-0.01	12	23387	卖盘
10:21:51	19.5	0.01	50	97500	买盘
10:21:48	19.49	--	68	132532	买盘
10:21:45	19.49	--	19	37031	买盘
10:21:42	19.49	--	26	50673	买盘
10:21:36	19.49	--	18	35082	买盘
10:21:33	19.49	0.01	90	175410	买盘
10:21:30	19.48	--	3	5844	卖盘
10:21:24	19.48	--	16	31168	买盘
10:21:21	19.48	--	5	9740	买盘
10:21:15	19.48	0.01	30	58440	买盘
10:21:12	19.47	-0.01	10	19470	卖盘
10:21:06	19.48	0.01	109	212332	买盘
10:21:03	19.47	-0.01	2	3894	卖盘
10:20:57	19.48	0.02	37	72076	买盘
10:20:54	19.46	-0.02	10	19460	卖盘
10:20:48	19.48	0.01	160	311680	买盘
10:20:36	19.47	0.01	30	58410	买盘
10:20:30	19.46	-0.01	51	99246	卖盘
10:20:27	19.47	--	3	5841	买盘
10:20:24	19.47	0.01	51	99297	中性盘
10:20:12	19.46	--	10	19460	买盘
10:20:06	19.46	--	119	231574	卖盘
10:20:03	19.46	--	57	110922	买盘
10:19:57	19.46	--	20	38920	买盘
10:19:51	19.46	--	3	5838	买盘
10:19:45	19.46	--	14	27244	买盘
10:19:39	19.46	0.01	9	17514	买盘
10:19:36	19.45	--	6	11670	卖盘
10:19:33	19.45	--	50	97250	卖盘
10:19:30	19.45	--	18	35010	买盘
10:19:27	19.45	--	113	219785	买盘
10:19:24	19.45	--	5	9725	买盘
10:19:18	19.45	0.02	9	17505	买盘
10:19:12	19.43	-0.02	1	1943	卖盘
10:19:09	19.45	0.02	20	38900	买盘
10:19:06	19.43	-0.01	123	238989	卖盘
10:19:03	19.44	--	5	9720	买盘
10:19:00	19.44	-0.01	59	114696	卖盘
10:18:54	19.45	--	45	87525	买盘
10:18:51	19.45	--	100	194500	买盘
10:18:48	19.45	0.01	1	1945	买盘
10:18:42	19.44	--	12	23328	买盘
10:18:39	19.44	--	43	83592	买盘
10:18:36	19.44	0.01	25	48600	买盘
10:18:33	19.43	-0.01	4	7772	卖盘
10:18:27	19.44	0.01	15	29160	买盘
10:18:24	19.43	--	22	42746	卖盘
10:18:18	19.43	--	10	19430	卖盘
10:18:15	19.43	-0.01	24	46632	卖盘
10:18:12	19.44	0.01	2	3888	买盘
10:18:09	19.43	-0.01	1	1943	卖盘
10:18:06	19.44	0.01	40	77760	买盘
10:18:03	19.43	--	35	68005	买盘
10:18:00	19.43	0.01	99	192357	买盘
10:17:57	19.42	--	7	13594	卖盘
10:17:48	19.42	--	4	7768	卖盘
10:17:39	19.42	0.01	9	17478	买盘
10:17:36	19.41	-0.01	5	9705	卖盘
10:17:24	19.42	--	1	1942	买盘
10:17:21	19.42	-0.02	5	9710	卖盘
10:17:18	19.44	0.01	4	7776	买盘
10:17:15	19.43	--	5	9715	卖盘
10:17:12	19.43	-0.02	6	11658	卖盘
10:17:09	19.45	--	8	15560	买盘
10:17:06	19.45	--	40	77800	买盘
10:17:03	19.45	--	25	48625	买盘
10:17:00	19.45	-0.01	244	474580	卖盘
10:16:57	19.46	--	8	15568	买盘
10:16:54	19.46	0.01	81	157626	买盘
10:16:51	19.45	--	11	21395	卖盘
10:16:48	19.45	0.02	249	484305	买盘
10:16:45	19.43	--	8	15544	买盘
10:16:42	19.43	--	16	31088	买盘
10:16:36	19.43	--	13	25259	买盘
10:16:27	19.43	--	49	95207	买盘
10:16:24	19.43	-0.01	8	15544	中性盘
10:16:18	19.44	--	47	91368	买盘
10:16:15	19.44	0.03	5	9720	买盘
10:16:12	19.41	-0.04	4	7764	卖盘
10:16:06	19.45	0.01	43	83635	买盘
10:16:03	19.44	0.03	17	33048	买盘
10:15:57	19.41	-0.04	7	13587	卖盘
10:15:54	19.45	0.04	11	21395	买盘
10:15:51	19.41	0.01	54	104814	买盘
10:15:48	19.4	--	10	19400	卖盘
10:15:42	19.4	0.01	101	195940	买盘
10:15:39	19.39	--	23	44597	买盘
10:15:36	19.39	0.01	17	32963	买盘
10:15:33	19.38	-0.01	22	42636	卖盘
10:15:27	19.39	0.01	2	3878	买盘
10:15:24	19.38	-0.01	5	9690	中性盘
10:15:15	19.39	0.05	99	191961	买盘
10:15:12	19.34	--	5	9670	买盘
10:15:09	19.34	-0.03	137	264958	卖盘
10:15:06	19.37	0.02	39	75543	买盘
10:15:00	19.35	0.01	69	133515	买盘
10:14:48	19.34	0.01	73	141182	买盘
10:14:42	19.33	--	27	52190	买盘
10:14:27	19.33	--	10	19330	买盘
10:14:24	19.33	--	5	9665	买盘
10:14:06	19.33	0.02	39	75387	买盘
10:14:03	19.31	--	1	1930	卖盘
10:14:00	19.31	--	7	13517	卖盘
10:13:48	19.31	0.01	1	1930	买盘
10:13:45	19.3	-0.02	5	9650	卖盘
10:13:33	19.32	0.01	1	1932	买盘
10:13:30	19.31	-0.01	1	1930	中性盘
10:13:21	19.32	--	2	3864	买盘
10:13:18	19.32	-0.01	12	23184	中性盘
10:13:09	19.33	0.01	52	100515	买盘
10:13:06	19.32	0.02	39	75348	买盘
10:13:03	19.3	-0.02	8	15440	卖盘
10:13:00	19.32	0.01	4	7728	买盘
10:12:57	19.31	--	1	1930	买盘
10:12:51	19.31	-0.01	3	5793	买盘
10:12:48	19.32	0.02	20	38640	买盘
10:12:45	19.3	--	6	11580	卖盘
10:12:30	19.3	-0.02	22	42460	卖盘
10:12:24	19.32	--	9	17388	买盘
10:12:21	19.32	0.02	2	3864	买盘
10:12:18	19.3	-0.01	250	482500	卖盘
10:12:12	19.31	--	5	9655	买盘
10:12:09	19.31	--	4	7723	买盘
10:12:06	19.31	0.01	40	77240	买盘
10:11:57	19.3	--	1	1930	卖盘
10:11:51	19.3	--	5	9650	买盘
10:11:45	19.3	--	2	3860	买盘
10:11:42	19.3	--	3	5790	卖盘
10:11:36	19.3	0.01	5	9650	买盘
10:11:33	19.29	-0.01	9	17361	卖盘
10:11:30	19.3	--	1	1930	买盘
10:11:21	19.3	--	13	25090	买盘
10:11:18	19.3	--	1	1930	买盘
10:11:15	19.3	--	8	15440	买盘
10:11:06	19.3	0.02	39	75270	买盘
10:11:03	19.28	0.02	47	90616	买盘
10:10:48	19.26	--	8	15408	卖盘
10:10:30	19.26	--	1	1926	卖盘
10:10:21	19.26	-0.01	0	635	买盘
10:10:12	19.27	--	4	8999	卖盘
10:10:06	19.27	0.02	34	66153	买盘
10:10:00	19.25	--	10	19250	卖盘
10:09:36	19.25	--	4	7700	卖盘
10:09:33	19.25	-0.01	1	1925	卖盘
10:09:30	19.26	--	10	19260	买盘
10:09:18	19.26	--	3	5778	买盘
10:09:15	19.26	--	6	11556	买盘
10:09:06	19.26	0.01	39	75114	买盘
10:09:00	19.25	-0.01	17	32725	卖盘
10:08:54	19.26	--	2	3852	买盘
10:08:48	19.26	--	4	7704	买盘
10:08:42	19.26	--	16	30816	买盘
10:08:39	19.26	--	22	43662	卖盘
10:08:36	19.26	-0.02	1	1926	卖盘
10:08:30	19.28	0.02	59	113752	买盘
10:08:15	19.26	--	1	2561	买盘
10:08:12	19.26	-0.02	16	32106	卖盘
10:08:09	19.28	-0.01	2	3856	卖盘
10:08:06	19.29	-0.01	39	75231	中性盘
10:08:03	19.3	0.01	18	34740	买盘
10:08:00	19.29	-0.01	36	69444	卖盘
10:07:54	19.3	--	1	1930	买盘
10:07:45	19.3	-0.01	9	17370	卖盘
10:07:42	19.31	--	16	30895	卖盘
10:07:39	19.31	--	55	106205	卖盘
10:07:36	19.31	0.01	8	15447	买盘
10:07:33	19.3	--	10	19300	卖盘
10:07:30	19.3	-0.01	13	25090	卖盘
10:07:27	19.31	0.01	20	38620	买盘
10:07:24	19.3	-0.02	5	9650	卖盘
10:07:21	19.32	--	9	17388	卖盘
10:07:18	19.32	0.02	36	69552	买盘
10:07:12	19.3	-0.02	58	111940	卖盘
10:07:06	19.32	0.02	47	90804	买盘
10:07:03	19.3	--	30	57900	卖盘
10:07:00	19.3	--	24	46320	买盘
10:06:54	19.3	0.01	2	3860	买盘
10:06:51	19.29	-0.01	30	57870	卖盘
10:06:45	19.3	--	18	34740	买盘
10:06:42	19.3	-0.02	104	200720	卖盘
10:06:39	19.32	0.01	1	1932	买盘
10:06:36	19.31	--	9	17379	卖盘
10:06:33	19.31	--	8	15447	卖盘
10:06:30	19.31	--	23	44413	卖盘
10:06:27	19.31	--	1	1930	卖盘
10:06:24	19.31	--	21	40551	卖盘
10:06:21	19.31	--	50	96550	卖盘
10:06:18	19.31	--	1	1930	卖盘
10:06:15	19.31	--	15	28964	卖盘
10:06:12	19.31	-0.02	1	1930	中性盘
10:06:06	19.33	0.03	38	73454	买盘
10:06:00	19.3	-0.01	50	96500	卖盘
10:05:54	19.31	-0.03	11	21241	卖盘
10:05:51	19.34	0.03	5	9670	买盘
10:05:48	19.31	-0.04	9	17379	卖盘
10:05:45	19.35	0.02	10	19350	买盘
10:05:42	19.33	--	1	1932	买盘
10:05:39	19.33	-0.02	103	199098	卖盘
10:05:36	19.35	--	89	172215	买盘
10:05:33	19.35	--	5	9675	买盘
10:05:30	19.35	--	12	23220	卖盘
10:05:27	19.35	--	6	11610	买盘
10:05:24	19.35	0.01	31	59985	买盘
10:05:18	19.34	-0.01	2	3868	卖盘
10:05:12	19.35	0.01	20	38700	买盘
10:05:06	19.34	0.03	24	46416	买盘
10:05:03	19.31	-0.02	6	11586	卖盘
10:05:00	19.33	0.02	11	21262	买盘
10:04:48	19.31	-0.02	10	19310	中性盘
10:04:45	19.33	0.03	31	59922	买盘
10:04:30	19.3	--	67	129310	买盘
10:04:27	19.3	--	20	38600	买盘
10:04:24	19.3	--	36	69480	买盘
10:04:18	19.3	0.01	30	57900	买盘
10:04:12	19.29	--	13	25077	买盘
10:04:09	19.29	--	2	3858	买盘
10:04:06	19.29	--	39	75231	买盘
10:04:03	19.29	0.03	23	45003	买盘
10:03:51	19.26	0.01	20	38520	买盘
10:03:39	19.25	--	28	53900	买盘
10:03:30	19.25	--	36	69300	买盘
10:03:27	19.25	--	2	3850	买盘
10:03:24	19.25	--	11	21175	买盘
10:03:21	19.25	--	11	21175	买盘
10:03:12	19.25	0.01	10	19250	买盘
10:03:06	19.24	0.01	20	38480	买盘
10:02:54	19.23	--	9	17307	买盘
10:02:51	19.23	--	5	9615	买盘
10:02:24	19.23	--	158	303834	买盘
10:02:21	19.23	--	105	201915	买盘
10:02:18	19.23	0.01	11	21153	买盘
10:02:15	19.22	-0.01	6	11532	买盘
10:02:09	19.23	--	21	40383	买盘
10:02:06	19.23	0.02	39	74997	买盘
10:01:54	19.21	-0.01	34	65314	卖盘
10:01:42	19.22	0.01	37	71114	买盘
10:01:24	19.21	0.01	4	7684	买盘
10:01:06	19.2	0.01	33	63360	买盘
10:01:00	19.19	--	1	1919	买盘
10:00:24	19.19	--	2	3838	买盘
10:00:21	19.19	--	1	1919	买盘
10:00:18	19.19	-0.01	1	1919	买盘
10:00:06	19.2	0.02	39	74880	买盘
09:59:48	19.18	--	2	3836	买盘
09:59:42	19.18	--	2	3836	卖盘
09:59:39	19.18	--	16	30688	卖盘
09:59:27	19.18	--	2	3836	买盘
09:59:24	19.18	--	1	1918	买盘
09:59:18	19.18	-0.01	2	3836	卖盘
09:59:06	19.19	--	27	51813	买盘
09:58:57	19.19	--	8	15352	买盘
09:58:42	19.19	0.02	30	57570	买盘
09:58:27	19.17	--	74	141858	买盘
09:58:18	19.17	0.01	1	1917	买盘
09:58:03	19.16	--	1	1916	卖盘
09:57:57	19.16	--	20	38320	卖盘
09:57:54	19.16	-0.01	6	11496	卖盘
09:57:48	19.17	0.01	8	15336	买盘
09:57:33	19.16	--	2	3832	卖盘
09:57:30	19.16	--	4	7664	卖盘
09:57:27	19.16	-0.01	2	3832	卖盘
09:57:24	19.17	0.01	1	1917	买盘
09:57:12	19.16	--	33	63228	卖盘
09:57:09	19.16	-0.01	83	159028	卖盘
09:57:00	19.17	--	13	24921	买盘
09:56:54	19.17	0.01	1	1917	买盘
09:56:45	19.16	0.01	61	116876	买盘
09:56:39	19.15	--	14	26809	卖盘
09:56:27	19.15	--	3	5745	买盘
09:56:24	19.15	--	2	3829	买盘
09:56:15	19.15	--	8	15319	卖盘
09:55:51	19.15	0.01	2	3829	卖盘
09:55:45	19.14	-0.01	28	53592	卖盘
09:55:42	19.15	--	4	7659	买盘
09:55:30	19.15	0.01	20	38300	买盘
09:55:18	19.14	--	130	248820	卖盘
09:55:15	19.14	--	10	19140	卖盘
09:55:06	19.14	0.01	56	107184	中性盘
09:54:12	19.13	-0.02	2	3826	卖盘
09:54:06	19.15	0.02	39	74685	买盘
09:54:03	19.13	-0.01	20	38260	卖盘
09:53:54	19.14	--	1	1914	买盘
09:53:36	19.14	--	1	1914	中性盘
09:53:21	19.14	0.01	80	153120	买盘
09:53:18	19.13	--	21	40173	买盘
09:53:15	19.13	--	2	3826	卖盘
09:53:06	19.13	0.01	79	151127	中性盘
09:52:42	19.12	-0.03	156	298272	卖盘
09:52:18	19.15	--	1	1914	买盘
09:52:06	19.15	0.01	39	74685	买盘
09:52:03	19.14	--	7	13398	买盘
09:52:00	19.14	--	3	5742	买盘
09:51:54	19.14	--	1	1914	买盘
09:51:48	19.14	-0.01	5	9570	卖盘
09:51:45	19.15	--	3	5745	买盘
09:51:42	19.15	--	6	11490	买盘
09:51:06	19.15	--	39	74685	买盘
09:50:57	19.15	-0.01	8	15319	卖盘
09:50:54	19.16	0.01	11	21076	买盘
09:50:51	19.15	-0.01	2	3829	卖盘
09:50:42	19.16	-0.01	7	13412	买盘
09:50:30	19.17	--	14	26838	买盘
09:50:24	19.17	--	6	11502	买盘
09:50:06	19.17	0.02	54	103518	买盘
09:49:54	19.15	-0.01	11	21065	卖盘
09:49:45	19.16	0.01	4	7664	买盘
09:49:36	19.15	--	8	15319	买盘
09:49:33	19.15	--	15	28724	买盘
09:49:21	19.15	-0.01	2	3829	中性盘
09:49:06	19.16	0.01	39	74724	买盘
09:49:03	19.15	0.03	4	7659	买盘
09:48:57	19.12	-0.01	15	28680	卖盘
09:48:36	19.13	-0.02	135	258255	卖盘
09:48:30	19.15	-0.01	3	5745	卖盘
09:48:24	19.16	--	1	1916	买盘
09:48:18	19.16	--	4	7664	卖盘
09:48:12	19.16	-0.01	10	19160	卖盘
09:48:06	19.17	--	39	74763	买盘
09:47:57	19.17	-0.02	12	23004	卖盘
09:47:54	19.19	--	2	3838	买盘
09:47:36	19.19	--	3	5757	买盘
09:47:30	19.19	--	10	19190	买盘
09:47:27	19.19	-0.01	13	24947	卖盘
09:47:24	19.2	0.01	1	1920	买盘
09:47:21	19.19	--	13	24947	买盘
09:47:18	19.19	--	13	24947	买盘
09:47:06	19.19	0.02	38	72922	买盘
09:46:57	19.17	--	8	15336	买盘
09:46:54	19.17	0.01	4	7668	买盘
09:46:51	19.16	-0.01	12	22992	卖盘
09:46:48	19.17	--	4	7668	买盘
09:46:42	19.17	0.01	10	19170	买盘
09:46:33	19.16	--	88	168608	买盘
09:46:24	19.16	--	1	1916	买盘
09:46:21	19.16	--	13	24908	买盘
09:46:18	19.16	-0.01	11	21076	卖盘
09:46:09	19.17	--	3	5751	卖盘
09:46:06	19.17	0.01	35	67095	买盘
09:46:03	19.16	0.02	2	3832	中性盘
09:45:45	19.14	-0.03	10	19140	卖盘
09:45:42	19.17	0.01	11	21087	买盘
09:45:24	19.16	0.03	50	95800	买盘
09:45:21	19.13	0.01	15	28695	买盘
09:45:18	19.12	-0.03	56	107072	卖盘
09:45:12	19.15	--	20	38300	买盘
09:45:06	19.15	--	39	74685	买盘
09:45:00	19.15	0.03	3	5745	买盘
09:44:54	19.12	-0.03	23	43976	卖盘
09:44:51	19.15	--	8	15319	买盘
09:44:48	19.15	--	1	1914	买盘
09:44:45	19.15	--	5	9575	买盘
09:44:30	19.15	0.03	1	1914	买盘
09:44:24	19.12	-0.03	39	74568	卖盘
09:44:15	19.15	0.03	3	5745	买盘
09:44:09	19.12	-0.03	5	9560	卖盘
09:44:06	19.15	0.03	39	74685	买盘
09:43:45	19.12	--	48	91776	卖盘
09:43:33	19.12	--	17	32504	卖盘
09:43:30	19.12	-0.01	5	9560	卖盘
09:43:24	19.13	0.01	14	26782	买盘
09:43:18	19.12	-0.01	21	40152	卖盘
09:43:12	19.13	0.01	5	9565	中性盘
09:43:09	19.12	-0.02	3	5736	卖盘
09:43:06	19.14	0.02	40	76560	买盘
09:42:57	19.12	-0.01	34	65008	卖盘
09:42:45	19.13	--	16	30608	买盘
09:42:42	19.13	0.01	15	28695	买盘
09:42:30	19.12	-0.01	14	26768	卖盘
09:42:15	19.13	--	77	147301	卖盘
09:42:06	19.13	--	44	84172	卖盘
09:41:48	19.13	--	8	15304	卖盘
09:41:45	19.13	--	3	5739	卖盘
09:41:42	19.13	-0.01	100	191300	卖盘
09:41:39	19.14	0.01	18	34452	买盘
09:41:30	19.13	--	9	17217	卖盘
09:41:27	19.13	--	20	38260	卖盘
09:41:18	19.13	--	7	13391	买盘
09:41:12	19.13	--	48	91824	买盘
09:41:06	19.13	0.01	39	74607	买盘
09:41:00	19.12	-0.01	7	13384	卖盘
09:40:45	19.13	--	6	11478	买盘
09:40:42	19.13	-0.01	14	26782	卖盘
09:40:39	19.14	0.01	18	34452	中性盘
09:40:33	19.13	-0.01	12	22956	卖盘
09:40:30	19.14	--	29	55506	买盘
09:40:09	19.14	-0.04	27	51678	卖盘
09:40:06	19.18	0.04	39	74802	买盘
09:40:03	19.14	--	1	1914	中性盘
09:39:57	19.14	0.01	6	11484	中性盘
09:39:48	19.13	-0.04	2	3826	卖盘
09:39:30	19.17	--	16	30672	卖盘
09:39:24	19.17	-0.01	20	38340	卖盘
09:39:21	19.18	0.01	4	7672	买盘
09:39:15	19.17	--	3	5751	卖盘
09:39:12	19.17	--	1	1917	卖盘
09:39:06	19.17	0.05	19	36423	买盘
09:39:03	19.12	--	4	7648	买盘
09:39:00	19.12	--	6	11472	买盘
09:38:54	19.12	--	2	3824	买盘
09:38:33	19.12	--	2	3824	买盘
09:38:30	19.12	--	3	5736	买盘
09:38:24	19.12	--	33	63096	卖盘
09:38:21	19.12	-0.06	5	9560	卖盘
09:38:06	19.18	0.01	54	103572	买盘
09:37:57	19.17	--	13	24921	卖盘
09:37:48	19.17	-0.01	10	19170	卖盘
09:37:42	19.18	0.01	8	15344	买盘
09:37:36	19.17	0.06	4	7668	中性盘
09:37:27	19.11	-0.07	46	87906	卖盘
09:37:18	19.18	0.01	32	61376	买盘
09:37:09	19.17	0.01	21	40257	买盘
09:37:06	19.16	-0.01	44	84304	中性盘
09:37:03	19.17	0.06	79	151443	买盘
09:37:00	19.11	--	3	5733	卖盘
09:36:51	19.11	-0.07	1	1911	卖盘
09:36:42	19.18	--	61	116998	买盘
09:36:21	19.18	--	20	38360	卖盘
09:36:06	19.18	0.07	19	36442	买盘
09:36:00	19.11	--	16	30576	卖盘
09:35:54	19.11	0.01	2	3822	中性盘
09:35:39	19.1	--	1	1910	买盘
09:35:36	19.1	--	50	95500	买盘
09:35:27	19.1	--	6	11460	买盘
09:35:24	19.1	--	3	5730	买盘
09:35:18	19.1	0.01	2	3820	买盘
09:35:09	19.09	-0.01	3	5727	卖盘
09:35:06	19.1	0.01	38	72580	买盘
09:35:03	19.09	--	2	3818	买盘
09:35:00	19.09	--	23	43907	买盘
09:34:54	19.09	--	4	7636	买盘
09:34:51	19.09	0.01	4	7636	买盘
09:34:45	19.08	-0.01	46	87767	卖盘
09:34:42	19.09	--	4	7636	买盘
09:34:27	19.09	--	20	38180	买盘
09:34:24	19.09	-0.05	52	99268	卖盘
09:34:21	19.14	0.06	16	30624	买盘
09:34:15	19.08	-0.01	12	22895	卖盘
09:34:09	19.09	-0.06	9	17181	卖盘
09:34:06	19.15	0.07	39	74685	买盘
09:33:54	19.08	-0.06	8	15263	卖盘
09:33:48	19.14	--	2	3828	买盘
09:33:45	19.14	--	3	5742	买盘
09:33:42	19.14	--	12	22968	买盘
09:33:39	19.14	--	13	24882	买盘
09:33:36	19.14	-0.01	13	24882	中性盘
09:33:33	19.15	--	9	17235	买盘
09:33:18	19.15	0.09	2	3829	买盘
09:33:15	19.06	-0.09	13	24778	卖盘
09:33:12	19.15	-0.01	6	11490	中性盘
09:33:09	19.16	-0.04	2	3832	买盘
09:33:06	19.2	0.04	39	74880	买盘
09:32:57	19.16	--	38	72808	卖盘
09:32:54	19.16	-0.01	22	42152	卖盘
09:32:48	19.17	-0.03	59	113103	卖盘
09:32:39	19.2	0.01	24	46080	买盘
09:32:36	19.19	-0.01	5	9595	卖盘
09:32:30	19.2	-0.03	10	19200	中性盘
09:32:27	19.23	--	12	23076	卖盘
09:32:09	19.23	--	30	57690	卖盘
09:32:06	19.23	0.04	75	144225	买盘
09:32:03	19.19	-0.04	50	95950	卖盘
09:31:51	19.23	0.02	10	19230	买盘
09:31:48	19.21	-0.02	1	1921	卖盘
09:31:45	19.23	--	1	1923	买盘
09:31:39	19.23	--	5	9615	买盘
09:31:36	19.23	-0.04	51	98073	卖盘
09:31:27	19.27	-0.01	20	38540	中性盘
09:31:21	19.28	--	55	106040	买盘
09:31:15	19.28	--	29	55912	卖盘
09:31:06	19.28	0.05	10	19280	买盘
09:31:03	19.23	--	6	11538	买盘
09:30:57	19.23	--	4	7692	买盘
09:30:51	19.23	--	2	3846	买盘
09:30:48	19.23	-0.06	8	15384	卖盘
09:30:42	19.29	0.06	54	104166	买盘
09:30:36	19.23	0.01	22	42306	卖盘
09:30:21	19.22	--	19	36518	买盘
09:30:06	19.22	0.02	109	209498	买盘
09:30:03	19.2	--	161	309120	卖盘
09:30:00	19.2	--	0	0	卖盘
09:25:03	19.2	19.2	24	46080	买盘
