成交时间	成交价	价格变动	成交量(手)	成交额(元)	性质
15:00:03	18.96	0.01	937	1776552	买盘
14:57:00	18.95	--	2	3790	买盘
14:56:54	18.95	-0.02	84	159180	卖盘
14:56:36	18.97	--	10	18970	买盘
14:56:33	18.97	--	10	18970	买盘
14:56:21	18.97	0.02	1	1897	买盘
14:56:12	18.95	--	30	56850	卖盘
14:56:09	18.95	--	13	24635	卖盘
14:56:00	18.95	--	20	37900	卖盘
14:55:42	18.95	-0.01	13	24635	卖盘
14:55:39	18.96	-0.01	50	94800	卖盘
14:55:36	18.97	-0.01	10	18970	卖盘
14:55:33	18.98	0.01	5	9490	买盘
14:55:30	18.97	0.02	1	1897	买盘
14:55:27	18.95	-0.01	100	189500	卖盘
14:55:21	18.96	-0.01	5	9480	卖盘
14:55:15	18.97	-0.01	10	18970	卖盘
14:55:06	18.98	--	12	22776	买盘
14:55:03	18.98	--	2	3796	买盘
14:54:57	18.98	--	2	3796	买盘
14:54:48	18.98	-0.01	78	148044	卖盘
14:54:42	18.99	0.01	10	18990	中性盘
14:54:33	18.98	-0.01	110	208780	卖盘
14:54:24	18.99	--	27	51272	卖盘
14:54:21	18.99	--	1	1898	卖盘
14:54:18	18.99	--	3	5696	买盘
14:54:09	18.99	--	2	3797	买盘
14:54:03	18.99	-0.01	2	3797	卖盘
14:53:54	19.0	--	3	5700	买盘
14:53:51	19.0	--	5	9500	买盘
14:53:42	19.0	--	17	32300	买盘
14:53:33	19.0	0.01	2	3800	买盘
14:53:27	18.99	--	10	18990	卖盘
14:53:03	18.99	--	3	5696	卖盘
14:52:57	18.99	--	50	94949	卖盘
14:52:54	18.99	--	10	18990	卖盘
14:52:51	18.99	--	23	43677	卖盘
14:52:42	18.99	--	5	9495	卖盘
14:52:27	18.99	-0.01	6	11393	卖盘
14:51:57	19.0	0.01	10	19000	买盘
14:51:51	18.99	--	6	11393	卖盘
14:51:42	18.99	-0.01	30	56969	卖盘
14:51:36	19.0	0.01	419	796100	买盘
14:51:33	18.99	--	2	3797	卖盘
14:51:30	18.99	--	2	3797	卖盘
14:51:27	18.99	-0.01	6	11393	卖盘
14:51:18	19.0	0.01	5	9500	买盘
14:51:15	18.99	--	6	11393	卖盘
14:51:09	18.99	--	10	18990	卖盘
14:50:54	18.99	--	10	18990	卖盘
14:50:51	18.99	--	7	13292	卖盘
14:50:30	18.99	--	23	43677	卖盘
14:50:24	18.99	--	5	9495	卖盘
14:50:03	18.99	-0.01	17	32282	卖盘
14:49:57	19.0	0.01	15	28500	买盘
14:49:48	18.99	--	8	15191	卖盘
14:49:45	18.99	-0.01	17	32282	卖盘
14:49:33	19.0	0.01	10	19000	买盘
14:49:30	18.99	--	20	37980	卖盘
14:49:24	18.99	--	33	62666	卖盘
14:49:21	18.99	--	5	9495	卖盘
14:49:12	18.99	--	104	197495	卖盘
14:49:06	18.99	-0.01	5	9495	卖盘
14:49:00	19.0	0.01	2	3800	买盘
14:48:57	18.99	-0.01	10	18990	卖盘
14:48:51	19.0	0.01	6	11400	买盘
14:48:45	18.99	--	100	189899	卖盘
14:48:36	18.99	--	8	15191	卖盘
14:48:30	18.99	--	13	24686	卖盘
14:48:27	18.99	--	30	56969	卖盘
14:48:06	18.99	-0.01	29	55070	卖盘
14:47:54	19.0	0.01	6	11400	买盘
14:47:33	18.99	--	2	3797	买盘
14:47:12	18.99	--	20	37980	卖盘
14:47:09	18.99	-0.01	43	81657	卖盘
14:47:06	19.0	0.01	20	38000	买盘
14:47:03	18.99	-0.01	13	24686	卖盘
14:47:00	19.0	--	5	9500	买盘
14:46:57	19.0	0.01	60	114000	买盘
14:46:54	18.99	--	3	5696	卖盘
14:46:51	18.99	--	8	15191	卖盘
14:46:48	18.99	-0.01	38	72162	卖盘
14:46:33	19.0	0.01	3	5700	买盘
14:46:30	18.99	--	50	94949	卖盘
14:46:24	18.99	--	54	102545	卖盘
14:46:12	18.99	-0.01	50	94949	卖盘
14:46:00	19.0	--	10	19000	买盘
14:45:36	19.0	0.01	5	9500	买盘
14:45:30	18.99	--	271	514628	买盘
14:45:24	18.99	--	10	18990	买盘
14:45:18	18.99	--	20	37980	买盘
14:45:15	18.99	--	31	58868	买盘
14:45:12	18.99	-0.01	221	419678	卖盘
14:45:06	19.0	0.01	100	190000	买盘
14:45:03	18.99	-0.01	14	26585	卖盘
14:45:00	19.0	0.01	45	85500	买盘
14:44:51	18.99	-0.01	1	1898	卖盘
14:44:39	19.0	0.01	22	41800	买盘
14:44:24	18.99	-0.01	8	15191	卖盘
14:44:21	19.0	0.01	100	190000	买盘
14:44:18	18.99	-0.01	15	28484	卖盘
14:44:09	19.0	0.01	10	19000	买盘
14:44:03	18.99	--	1	1898	卖盘
14:43:54	18.99	0.01	69	131030	买盘
14:43:45	18.98	-0.01	20	37960	中性盘
14:43:36	18.99	0.02	60	113939	买盘
14:43:33	18.97	-0.01	6	11382	卖盘
14:43:24	18.98	--	3	5694	卖盘
14:43:15	18.98	-0.01	2	3796	卖盘
14:43:12	18.99	0.01	6	11393	买盘
14:43:09	18.98	--	2	3796	卖盘
14:42:42	18.98	0.01	48	91104	买盘
14:42:30	18.97	--	3	5691	卖盘
14:42:27	18.97	--	34	66357	买盘
14:42:18	18.97	0.01	4	7588	买盘
14:42:12	18.96	--	30	56880	卖盘
14:42:09	18.96	0.01	6	11376	买盘
14:42:03	18.95	-0.01	29	54955	卖盘
14:41:45	18.96	0.01	2	3792	卖盘
14:41:24	18.95	-0.02	3	5685	卖盘
14:41:18	18.97	0.01	5	9485	买盘
14:41:06	18.96	--	5	9480	买盘
14:41:03	18.96	--	193	365965	卖盘
14:41:00	18.96	-0.01	14	26544	卖盘
14:40:39	18.97	--	1	1897	卖盘
14:40:36	18.97	--	5	9485	卖盘
14:40:24	18.97	--	2	3794	卖盘
14:40:00	18.97	-0.01	3	5691	卖盘
14:39:54	18.98	--	30	56940	买盘
14:39:42	18.98	0.01	7	13286	买盘
14:39:39	18.97	--	6	11382	卖盘
14:39:36	18.97	--	5	9485	卖盘
14:39:21	18.97	--	2	3794	卖盘
14:39:15	18.97	--	5	9485	卖盘
14:39:12	18.97	--	16	30352	卖盘
14:39:00	18.97	--	7	13279	卖盘
14:38:48	18.97	-0.01	3	5691	卖盘
14:38:45	18.98	--	3	5694	买盘
14:38:39	18.98	--	3	5694	买盘
14:38:30	18.98	-0.01	5	9490	中性盘
14:38:27	18.99	0.02	6	11393	买盘
14:38:24	18.97	-0.01	8	15176	卖盘
14:38:21	18.98	--	1	1898	卖盘
14:38:18	18.98	--	2	3796	卖盘
14:38:15	18.98	-0.01	4	7592	卖盘
14:38:06	18.99	0.01	40	75960	买盘
14:37:57	18.98	-0.01	2	3796	卖盘
14:37:42	18.99	0.02	5	9495	买盘
14:37:27	18.97	--	1	1897	卖盘
14:37:24	18.97	-0.02	2	3794	卖盘
14:37:18	18.99	--	14	26585	买盘
14:37:09	18.99	0.01	30	56969	买盘
14:36:54	18.98	--	1	1898	买盘
14:36:48	18.98	0.01	112	212576	买盘
14:36:45	18.97	--	24	45528	卖盘
14:36:39	18.97	--	2	3794	卖盘
14:36:21	18.97	-0.01	1	1897	卖盘
14:35:57	18.98	--	21	39858	买盘
14:35:51	18.98	--	31	58838	买盘
14:35:42	18.98	-0.01	189	358722	卖盘
14:35:36	18.99	0.01	5	9495	买盘
14:35:27	18.98	-0.01	60	113880	卖盘
14:35:24	18.99	0.01	20	37980	中性盘
14:35:00	18.98	-0.01	152	288496	卖盘
14:34:51	18.99	--	12	22787	卖盘
14:34:48	18.99	0.01	38	72162	买盘
14:34:45	18.98	-0.01	47	89206	卖盘
14:34:33	18.99	--	31	58868	买盘
14:34:30	18.99	0.01	73	138627	买盘
14:34:15	18.98	--	3	5694	卖盘
14:34:09	18.98	--	27	51246	买盘
14:33:57	18.98	0.01	31	58838	买盘
14:33:42	18.97	0.01	27	51219	买盘
14:33:24	18.96	-0.01	5	9480	卖盘
14:33:15	18.97	0.01	11	20867	买盘
14:33:12	18.96	--	11	20856	卖盘
14:33:09	18.96	--	10	18960	卖盘
14:33:06	18.96	-0.01	6	11376	卖盘
14:33:03	18.97	0.01	31	58807	买盘
14:32:45	18.96	--	6	11376	卖盘
14:32:30	18.96	-0.01	30	56880	卖盘
14:32:27	18.97	0.01	1	1897	买盘
14:32:24	18.96	--	2	3792	卖盘
14:32:15	18.96	--	10	18960	卖盘
14:32:12	18.96	--	53	100488	卖盘
14:31:54	18.96	-0.01	60	113760	卖盘
14:31:36	18.97	-0.01	13	24661	卖盘
14:31:30	18.98	--	13	24674	卖盘
14:31:24	18.98	0.01	26	49348	买盘
14:31:15	18.97	--	10	18970	卖盘
14:31:12	18.97	--	33	62600	买盘
14:31:06	18.97	--	28	53116	买盘
14:31:03	18.97	--	5	9485	买盘
14:30:51	18.97	--	7	13279	卖盘
14:30:48	18.97	--	1	1897	卖盘
14:30:36	18.97	--	18	34146	卖盘
14:29:57	18.97	-0.01	8	15176	卖盘
14:29:54	18.98	--	80	151840	卖盘
14:29:45	18.98	--	10	18980	卖盘
14:29:39	18.98	--	40	75920	卖盘
14:29:36	18.98	--	2	3796	卖盘
14:29:30	18.98	--	6	11388	卖盘
14:29:18	18.98	-0.01	10	18980	卖盘
14:29:09	18.99	--	2	3797	买盘
14:29:06	18.99	--	2	3797	买盘
14:29:03	18.99	--	15	28484	买盘
14:28:57	18.99	-0.01	26	49373	卖盘
14:28:54	19.0	0.01	31	58900	买盘
14:28:51	18.99	--	8	15191	卖盘
14:28:45	18.99	-0.01	66	125333	卖盘
14:28:36	19.0	0.01	7	13300	买盘
14:28:30	18.99	--	25	47474	卖盘
14:28:27	18.99	--	30	56969	卖盘
14:28:24	18.99	--	105	199394	卖盘
14:28:21	18.99	-0.01	1	1898	卖盘
14:28:18	19.0	--	10	19000	买盘
14:28:12	19.0	0.01	1	1900	买盘
14:28:00	18.99	-0.01	5	9495	卖盘
14:27:48	19.0	0.01	7	13300	买盘
14:27:42	18.99	--	1	1898	卖盘
14:27:39	18.99	-0.01	2	3797	卖盘
14:27:33	19.0	0.01	1	1900	买盘
14:27:27	18.99	--	13	24686	卖盘
14:27:21	18.99	-0.01	1	1898	卖盘
14:27:18	19.0	0.01	31	58900	买盘
14:27:12	18.99	-0.01	5	9495	卖盘
14:27:03	19.0	--	13	24700	买盘
14:27:00	19.0	--	2	3800	买盘
14:26:57	19.0	--	44	83600	买盘
14:26:51	19.0	0.01	120	228000	买盘
14:26:45	18.99	-0.01	3	5696	卖盘
14:26:39	19.0	--	13	24719	卖盘
14:26:24	19.0	--	996	1894281	买盘
14:26:12	19.0	--	10	19000	买盘
14:26:09	19.0	--	3	5700	买盘
14:26:06	19.0	-0.01	27	51300	卖盘
14:26:00	19.01	0.01	30	57030	买盘
14:25:45	19.0	--	0	95	买盘
14:25:42	19.0	--	65	123500	买盘
14:25:33	19.0	0.01	700	1330000	买盘
14:25:27	18.99	--	24	45575	卖盘
14:25:09	18.99	--	8	15191	卖盘
14:25:00	18.99	--	1	1898	卖盘
14:24:57	18.99	0.01	47	89252	买盘
14:24:54	18.98	-0.01	1	1898	卖盘
14:24:51	18.99	--	1	1898	买盘
14:24:45	18.99	--	14	26585	卖盘
14:24:42	18.99	--	5	9495	卖盘
14:24:39	18.99	--	31	58868	买盘
14:24:33	18.99	--	1	1898	买盘
14:24:21	18.99	--	19	36081	卖盘
14:24:15	18.99	--	5	9495	卖盘
14:24:09	18.99	--	3	5696	卖盘
14:24:06	18.99	--	2	3797	买盘
14:24:03	18.99	--	3	5696	卖盘
14:23:57	18.99	-0.01	3	5696	中性盘
14:23:45	19.0	0.02	31	58900	买盘
14:23:42	18.98	-0.01	14	26572	卖盘
14:23:36	18.99	-0.01	2	3797	卖盘
14:23:24	19.0	--	10	19000	买盘
14:23:21	19.0	--	0	1805	卖盘
14:23:18	19.0	--	7	13395	买盘
14:23:09	19.0	--	11	20900	买盘
14:23:00	19.0	0.01	11	20900	买盘
14:22:57	18.99	-0.01	3	5696	卖盘
14:22:54	19.0	--	8	15200	买盘
14:22:51	19.0	0.01	10	19000	买盘
14:22:42	18.99	-0.01	4	7595	中性盘
14:22:39	19.0	--	48	91200	买盘
14:22:36	19.0	--	31	58900	买盘
14:22:30	19.0	--	39	74100	买盘
14:22:27	19.0	--	1	1900	买盘
14:22:24	19.0	--	10	19000	买盘
14:22:21	19.0	--	50	95000	买盘
14:22:18	19.0	--	10	19000	买盘
14:22:15	19.0	--	100	190000	买盘
14:22:09	19.0	--	13	24700	买盘
14:22:06	19.0	-0.01	19	37905	卖盘
14:22:03	19.01	0.01	11	20911	买盘
14:21:54	19.0	--	100	190000	卖盘
14:21:51	19.0	--	6	11400	卖盘
14:21:48	19.0	-0.02	31	58900	卖盘
14:21:42	19.02	--	59	112218	买盘
14:21:33	19.02	--	4	7608	买盘
14:21:27	19.02	0.02	25	47550	买盘
14:21:24	19.0	--	420	798095	买盘
14:21:21	19.0	--	5	9500	买盘
14:21:15	19.0	0.02	59	112100	买盘
14:21:06	18.98	-0.02	20	37960	卖盘
14:21:03	19.0	0.02	800	1520000	买盘
14:20:54	18.98	--	15	28470	卖盘
14:20:51	18.98	0.01	165	313170	买盘
14:20:39	18.97	--	25	47425	卖盘
14:20:30	18.97	0.01	14	26558	买盘
14:20:15	18.96	-0.02	6	11376	卖盘
14:20:03	18.98	0.01	20	37960	买盘
14:19:48	18.97	-0.01	100	189700	卖盘
14:19:45	18.98	--	25	47450	买盘
14:19:36	18.98	0.01	1	1898	买盘
14:19:33	18.97	-0.01	7	13279	卖盘
14:19:30	18.98	--	31	58838	买盘
14:19:18	18.98	--	79	149942	卖盘
14:19:03	18.98	--	21	39858	买盘
14:18:51	18.98	--	5	9490	买盘
14:18:45	18.98	0.01	85	161330	买盘
14:18:42	18.97	--	10	18970	卖盘
14:18:36	18.97	-0.01	50	94850	卖盘
14:18:21	18.98	0.01	31	58838	买盘
14:18:18	18.97	--	3	5691	买盘
14:18:15	18.97	--	38	72086	买盘
14:18:09	18.97	--	7	13279	买盘
14:18:03	18.97	--	2	3794	买盘
14:17:54	18.97	--	30	56910	买盘
14:17:51	18.97	0.01	10	18970	买盘
14:17:48	18.96	--	31	58776	卖盘
14:17:27	18.96	--	3	5688	卖盘
14:17:18	18.96	--	54	104242	买盘
14:17:15	18.96	0.01	2	3792	买盘
14:17:06	18.95	-0.01	11	20845	卖盘
14:16:54	18.96	--	20	37920	买盘
14:16:42	18.96	0.02	30	56880	买盘
14:16:33	18.94	-0.01	4	7576	卖盘
14:16:30	18.95	--	10	18950	买盘
14:16:24	18.95	--	60	113700	买盘
14:16:15	18.95	0.01	30	56850	卖盘
14:16:12	18.94	-0.02	5	9470	卖盘
14:16:00	18.96	0.02	3	5688	买盘
14:15:54	18.94	-0.02	19	35986	卖盘
14:15:39	18.96	0.01	30	56880	买盘
14:15:33	18.95	-0.01	48	91452	卖盘
14:15:27	18.96	--	7	13272	卖盘
14:15:15	18.96	--	15	28440	卖盘
14:15:12	18.96	--	9	17064	买盘
14:15:09	18.96	--	1	1896	买盘
14:15:03	18.96	--	1	1896	买盘
14:14:51	18.96	--	5	9480	买盘
14:14:48	18.96	-0.01	5	9480	卖盘
14:14:45	18.97	0.01	3	5691	买盘
14:14:33	18.96	--	41	77736	卖盘
14:14:24	18.96	0.01	54	102384	买盘
14:14:21	18.95	-0.01	10	18950	卖盘
14:13:57	18.96	0.01	7	13272	买盘
14:13:51	18.95	-0.01	13	24635	卖盘
14:13:48	18.96	--	3	5688	买盘
14:13:39	18.96	--	5	9480	买盘
14:13:36	18.96	--	46	87216	买盘
14:13:24	18.96	0.01	20	37920	买盘
14:13:09	18.95	0.02	468	888262	买盘
14:13:03	18.93	--	8	15144	买盘
14:13:00	18.93	--	3	5679	买盘
14:12:54	18.93	0.01	30	56790	买盘
14:12:45	18.92	0.01	7	13244	中性盘
14:12:30	18.91	-0.01	119	225029	卖盘
14:12:27	18.92	0.01	100	189200	买盘
14:12:18	18.91	--	2	3782	卖盘
14:12:09	18.91	--	32	60512	买盘
14:12:06	18.91	--	8	15128	买盘
14:12:03	18.91	0.01	31	58621	买盘
14:11:57	18.9	--	51	96881	买盘
14:11:51	18.9	0.01	50	94500	买盘
14:11:15	18.89	--	3	5667	卖盘
14:10:51	18.89	--	36	69741	买盘
14:10:48	18.89	--	2	3778	买盘
14:10:39	18.89	--	4	7556	买盘
14:10:18	18.89	--	3	5667	买盘
14:10:15	18.89	0.01	11	20779	买盘
14:10:12	18.88	--	2	3776	卖盘
14:09:57	18.88	-0.01	24	45312	卖盘
14:09:48	18.89	-0.01	59	111602	卖盘
14:09:36	18.9	0.01	31	58589	买盘
14:09:33	18.89	--	9	17001	卖盘
14:09:30	18.89	-0.01	12	22668	卖盘
14:09:24	18.9	--	5	9450	买盘
14:09:18	18.9	--	2	3779	买盘
14:08:42	18.9	--	2	3779	买盘
14:08:39	18.9	0.01	4	7559	买盘
14:07:27	18.89	--	2	5515	买盘
14:07:00	18.89	--	31	58559	买盘
14:06:48	18.89	--	4	7556	买盘
14:06:42	18.89	--	5	9445	买盘
14:06:30	18.89	0.01	10	18890	买盘
14:06:27	18.88	--	25	47860	卖盘
14:06:21	18.88	-0.01	70	132160	卖盘
14:06:15	18.89	--	6	11334	买盘
14:06:06	18.89	0.01	5	9445	买盘
14:06:03	18.88	--	17	32096	卖盘
14:05:36	18.88	-0.01	5	9440	卖盘
14:05:30	18.89	--	8	15112	买盘
14:05:21	18.89	--	7	13223	买盘
14:05:18	18.89	--	25	47225	买盘
14:04:51	18.89	--	24	45336	买盘
14:04:42	18.89	--	31	58559	买盘
14:04:27	18.89	--	3	5667	买盘
14:03:57	18.89	--	10	18890	买盘
14:03:27	18.89	--	23	43447	卖盘
14:03:18	18.89	--	1	1889	卖盘
14:03:15	18.89	--	6	11334	买盘
14:02:54	18.89	0.01	14	26446	买盘
14:02:42	18.88	--	17	32096	买盘
14:02:33	18.88	--	5	9440	买盘
14:02:18	18.88	--	12	22807	卖盘
14:01:51	18.88	--	5	9440	卖盘
14:01:30	18.88	--	2	3776	卖盘
14:01:27	18.88	--	7	14952	买盘
14:01:03	18.88	-0.01	92	173847	卖盘
14:00:57	18.89	-0.01	4	7556	卖盘
14:00:51	18.9	--	50	94500	买盘
14:00:27	18.9	0.01	13	24569	买盘
14:00:18	18.89	-0.01	12	22668	卖盘
14:00:12	18.9	--	8	15119	买盘
13:59:54	18.9	--	25	47250	买盘
13:59:48	18.9	--	50	94500	买盘
13:59:45	18.9	--	10	18900	买盘
13:59:42	18.9	0.01	44	83160	买盘
13:59:24	18.89	-0.01	33	62337	卖盘
13:59:18	18.9	--	3	5670	买盘
13:58:54	18.9	--	9	17010	买盘
13:58:48	18.9	--	5	9450	买盘
13:58:36	18.9	0.01	16	30239	买盘
13:58:27	18.89	--	11	20779	卖盘
13:58:21	18.89	--	10	18890	买盘
13:58:06	18.89	0.01	13	24557	买盘
13:57:54	18.88	--	64	120832	卖盘
13:57:30	18.88	-0.01	21	39648	卖盘
13:57:24	18.89	-0.01	12	22668	卖盘
13:57:18	18.9	0.01	31	58589	买盘
13:57:09	18.89	--	0	1737	买盘
13:57:06	18.89	0.01	40	75560	买盘
13:56:27	18.88	-0.01	6	11328	卖盘
13:56:18	18.89	0.01	2	3778	买盘
13:56:15	18.88	-0.01	3	5664	卖盘
13:55:54	18.89	--	30	56670	买盘
13:55:51	18.89	--	3	5818	卖盘
13:55:42	18.89	--	1	3626	买盘
13:55:36	18.89	--	23	43598	卖盘
13:55:21	18.89	--	20	37780	卖盘
13:54:54	18.89	--	20	37780	卖盘
13:54:48	18.89	-0.01	12	22668	卖盘
13:54:42	18.9	--	3	5670	买盘
13:54:30	18.9	0.01	31	58589	买盘
13:54:21	18.89	-0.01	12	22668	卖盘
13:54:15	18.9	--	34	65658	卖盘
13:54:09	18.9	--	10	18900	卖盘
13:54:00	18.9	--	6	11340	卖盘
13:53:57	18.9	-0.01	134	253751	卖盘
13:53:18	18.91	--	36	68076	买盘
13:53:12	18.91	0.01	39	73749	买盘
13:53:09	18.9	--	10	18900	卖盘
13:53:06	18.9	--	6	11340	卖盘
13:52:57	18.9	--	9	17066	买盘
13:52:51	18.9	--	3	5670	买盘
13:52:48	18.9	0.01	2	3779	买盘
13:52:45	18.89	-0.01	10	18890	卖盘
13:52:42	18.9	--	259	489509	买盘
13:52:30	18.9	0.01	48	90720	买盘
13:52:24	18.89	-0.01	22	41558	卖盘
13:52:21	18.9	--	1	1889	买盘
13:52:12	18.9	0.01	100	189000	买盘
13:52:03	18.89	--	16	30224	卖盘
13:51:39	18.89	--	18	35739	买盘
13:51:33	18.89	--	5	9445	买盘
13:51:12	18.89	0.02	7	13223	买盘
13:51:03	18.87	-0.02	71	133977	卖盘
13:50:39	18.89	--	5	9445	买盘
13:50:30	18.89	0.01	3	5667	买盘
13:50:15	18.88	-0.01	2	3776	卖盘
13:50:09	18.89	0.01	2	3778	买盘
13:49:51	18.88	--	9	16992	买盘
13:49:48	18.88	--	1	1888	买盘
13:49:42	18.88	0.01	10	18880	买盘
13:49:36	18.87	-0.01	6	11322	卖盘
13:49:27	18.88	--	4	7552	买盘
13:49:21	18.88	--	10	18880	买盘
13:49:18	18.88	--	10	18880	买盘
13:49:15	18.88	0.01	2	3776	买盘
13:49:03	18.87	-0.02	5	9435	卖盘
13:49:00	18.89	0.01	63	119007	买盘
13:48:51	18.88	--	3	5664	买盘
13:48:45	18.88	0.01	1	1888	买盘
13:48:39	18.87	-0.01	14	26418	卖盘
13:48:30	18.88	--	5	9440	买盘
13:48:27	18.88	0.01	2	3776	买盘
13:48:18	18.87	-0.01	3	5661	卖盘
13:48:03	18.88	0.01	2	3776	买盘
13:48:00	18.87	--	8	15096	卖盘
13:47:57	18.87	-0.01	2	3774	卖盘
13:47:54	18.88	0.01	2	3776	买盘
13:47:42	18.87	--	75	141525	买盘
13:47:36	18.87	--	6	11322	买盘
13:47:24	18.87	--	10	18870	买盘
13:47:18	18.87	0.01	2	3774	买盘
13:46:48	18.86	-0.01	4	7544	卖盘
13:46:42	18.87	--	5	9435	买盘
13:46:15	18.87	--	16	30192	卖盘
13:46:12	18.87	--	2	3774	卖盘
13:46:06	18.87	--	15	28305	卖盘
13:45:48	18.87	-0.01	6	11322	卖盘
13:45:33	18.88	--	2	3776	买盘
13:45:15	18.88	0.01	3	5664	买盘
13:45:06	18.87	-0.02	6	11322	卖盘
13:44:54	18.89	0.01	23	43598	买盘
13:44:51	18.88	--	18	33984	卖盘
13:44:30	18.88	-0.01	5	11176	卖盘
13:44:21	18.89	0.01	10	18890	买盘
13:43:51	18.88	--	2	3776	卖盘
13:43:36	18.88	--	2	3776	卖盘
13:42:48	18.88	--	4	7552	卖盘
13:42:39	18.88	0.03	9	16992	买盘
13:42:18	18.85	--	8	15080	买盘
13:42:03	18.85	--	23	43355	卖盘
13:41:12	18.85	0.01	3	5655	中性盘
13:40:54	18.84	-0.05	2	3768	卖盘
13:40:51	18.89	--	3	5667	买盘
13:40:30	18.89	0.06	2	3778	买盘
13:40:12	18.83	-0.03	72	135576	卖盘
13:40:09	18.86	--	48	90528	卖盘
13:39:54	18.86	--	7	13202	卖盘
13:39:03	18.86	-0.03	5	9430	卖盘
13:38:39	18.89	-0.01	4	7556	中性盘
13:38:18	18.9	--	21	39690	买盘
13:38:15	18.9	0.01	10	18900	买盘
13:38:06	18.89	-0.01	2	3778	卖盘
13:38:03	18.9	-0.01	4	7559	卖盘
13:37:57	18.91	--	5	9455	买盘
13:37:54	18.91	--	61	115351	买盘
13:37:39	18.91	0.01	57	107787	买盘
13:37:36	18.9	0.01	11	20790	买盘
13:37:33	18.89	-0.01	3	5667	卖盘
13:37:27	18.9	0.01	57	107729	买盘
13:37:18	18.89	--	10	18890	卖盘
13:37:12	18.89	--	21	39669	买盘
13:37:03	18.89	0.01	57	107673	买盘
13:36:27	18.88	--	8	15104	卖盘
13:36:09	18.88	--	2	3776	卖盘
13:36:03	18.88	--	5	9440	卖盘
13:35:54	18.88	-0.01	12	22656	卖盘
13:35:06	18.89	--	2	3778	买盘
13:35:03	18.89	0.01	50	94450	买盘
13:34:54	18.88	-0.01	50	94400	卖盘
13:34:36	18.89	0.01	12	22668	买盘
13:34:30	18.88	--	6	11328	卖盘
13:34:27	18.88	-0.01	3	5664	卖盘
13:34:24	18.89	--	2	3778	买盘
13:34:06	18.89	--	10	18890	买盘
13:33:51	18.89	--	11	20779	买盘
13:33:42	18.89	--	10	18890	买盘
13:33:36	18.89	--	5	9445	买盘
13:33:21	18.89	--	25	47225	卖盘
13:32:36	18.89	--	4	7556	卖盘
13:32:18	18.89	-0.01	83	156787	卖盘
13:32:12	18.9	--	2	3779	卖盘
13:32:03	18.9	--	6	11340	卖盘
13:32:00	18.9	-0.01	38	71820	卖盘
13:31:51	18.91	0.01	5	9455	买盘
13:31:48	18.9	--	1	1889	卖盘
13:31:18	18.9	--	27	51029	买盘
13:31:15	18.9	0.01	41	77490	买盘
13:31:09	18.89	-0.01	1	1889	卖盘
13:31:03	18.9	0.01	10	18900	买盘
13:30:54	18.89	0.01	10	18890	买盘
13:30:51	18.88	--	2	3776	卖盘
13:30:48	18.88	--	2	3776	卖盘
13:30:30	18.88	--	14	26432	买盘
13:30:21	18.88	0.02	6	11328	买盘
13:30:00	18.86	0.01	13	24518	买盘
13:29:57	18.85	--	14	26390	卖盘
13:29:39	18.85	--	66	124410	买盘
13:29:30	18.85	--	8	15080	买盘
13:29:18	18.85	--	14	26390	买盘
13:29:15	18.85	0.01	20	37700	买盘
13:29:12	18.84	-0.01	17	32028	卖盘
13:28:48	18.85	--	10	18850	买盘
13:28:24	18.85	--	1	1885	买盘
13:28:15	18.85	0.01	1	1885	买盘
13:28:06	18.84	--	3	5652	卖盘
13:28:03	18.84	-0.01	2	3768	中性盘
13:27:36	18.85	--	13	24505	买盘
13:27:06	18.85	0.02	10	18850	买盘
13:26:57	18.83	--	5	9415	卖盘
13:26:48	18.83	-0.02	1	1882	卖盘
13:26:45	18.85	0.02	10	18850	买盘
13:26:00	18.83	-0.02	9	16947	卖盘
13:25:51	18.85	--	14	26390	卖盘
13:25:33	18.85	-0.01	12	22620	卖盘
13:25:27	18.86	-0.01	4	7544	卖盘
13:25:12	18.87	--	5	9435	卖盘
13:25:00	18.87	0.02	5	9435	中性盘
13:24:48	18.85	-0.01	80	150800	卖盘
13:24:03	18.86	-0.02	10	18860	卖盘
13:23:57	18.88	0.02	15	28320	买盘
13:23:15	18.86	--	20	37720	卖盘
13:22:33	18.86	--	12	24385	买盘
13:22:24	18.86	--	10	18860	买盘
13:22:21	18.86	--	5	9430	买盘
13:22:03	18.86	--	6	11316	买盘
13:21:45	18.86	-0.02	106	200048	卖盘
13:21:33	18.88	--	15	28320	卖盘
13:21:30	18.88	-0.02	20	37760	卖盘
13:21:18	18.9	0.02	1	1889	买盘
13:21:15	18.88	--	12	22656	卖盘
13:21:00	18.88	-0.02	45	84960	卖盘
13:20:48	18.9	--	11	20790	买盘
13:20:39	18.9	--	4	7559	卖盘
13:20:33	18.9	--	14	26459	卖盘
13:20:21	18.9	--	8	15119	卖盘
13:20:09	18.9	--	8	15119	中性盘
13:20:03	18.9	--	4	7559	卖盘
13:19:57	18.9	--	3	5670	卖盘
13:19:48	18.9	--	3	5670	买盘
13:19:21	18.9	--	25	47250	卖盘
13:19:09	18.9	-0.02	10	18900	卖盘
13:18:54	18.92	--	10	18920	中性盘
13:17:48	18.92	0.04	2	3784	中性盘
13:17:21	18.88	-0.04	77	145376	卖盘
13:17:06	18.92	--	29	54868	卖盘
13:16:57	18.92	--	50	94600	卖盘
13:16:51	18.92	--	10	18920	卖盘
13:16:39	18.92	0.01	119	225148	买盘
13:16:30	18.91	0.03	200	378200	买盘
13:16:03	18.88	--	96	181248	卖盘
13:15:45	18.88	--	29	54752	买盘
13:15:27	18.88	0.01	15	28320	买盘
13:15:24	18.87	-0.01	8	15096	卖盘
13:14:54	18.88	0.01	4	7552	中性盘
13:14:42	18.87	-0.02	4	7548	卖盘
13:14:06	18.89	0.02	15	28335	中性盘
13:13:48	18.87	0.01	2	3774	卖盘
13:13:30	18.86	-0.02	3	5658	卖盘
13:13:09	18.88	-0.02	1	1888	卖盘
13:12:57	18.9	--	3	5670	卖盘
13:12:54	18.9	--	15	28349	中性盘
13:12:48	18.9	--	5	9450	卖盘
13:12:45	18.9	0.01	25	47250	买盘
13:12:36	18.89	-0.01	5	9445	卖盘
13:12:30	18.9	0.01	7	13229	买盘
13:12:18	18.89	0.01	10	18890	买盘
13:12:00	18.88	-0.01	2	3776	卖盘
13:11:54	18.89	0.03	67	128319	买盘
13:11:45	18.86	-0.02	1	1886	卖盘
13:11:42	18.88	--	3	5664	买盘
13:11:30	18.88	0.02	49	92512	买盘
13:11:06	18.86	--	17	32062	卖盘
13:10:57	18.86	--	1	1886	卖盘
13:10:39	18.86	--	41	77326	卖盘
13:10:21	18.86	--	4	7544	卖盘
13:10:12	18.86	--	4	7544	买盘
13:10:09	18.86	--	1	1886	买盘
13:09:54	18.86	0.01	20	37720	中性盘
13:09:39	18.85	--	14	26390	买盘
13:09:33	18.85	0.01	7	13195	买盘
13:09:30	18.84	--	68	128112	卖盘
13:09:12	18.84	--	14	26376	买盘
13:09:09	18.84	--	4	7536	买盘
13:08:27	18.84	0.01	2	3768	中性盘
13:07:42	18.83	0.01	5	9415	中性盘
13:06:36	18.82	--	1	1882	卖盘
13:06:33	18.82	--	19	35946	买盘
13:06:27	18.82	0.01	51	95982	买盘
13:06:21	18.81	-0.01	11	20691	卖盘
13:06:18	18.82	--	20	37640	买盘
13:06:12	18.82	--	26	48932	买盘
13:06:06	18.82	0.01	10	18820	买盘
13:06:00	18.81	-0.01	42	79002	卖盘
13:05:57	18.82	0.01	26	48932	买盘
13:05:54	18.81	-0.01	1	1880	卖盘
13:05:51	18.82	--	21	39522	买盘
13:05:48	18.82	--	100	188200	买盘
13:05:39	18.82	--	54	101628	买盘
13:05:27	18.82	0.01	4	7528	买盘
13:05:15	18.81	-0.01	2	3761	卖盘
13:05:09	18.82	--	29	54578	买盘
13:04:33	18.82	--	1	1882	买盘
13:04:27	18.82	--	37	69634	买盘
13:04:24	18.82	--	20	37640	买盘
13:04:21	18.82	0.01	293	551426	买盘
13:04:12	18.81	-0.01	2	3761	卖盘
13:04:03	18.82	--	30	56460	买盘
13:04:00	18.82	--	5	9410	买盘
13:03:57	18.82	0.01	2	3764	买盘
13:03:54	18.81	--	8	15047	卖盘
13:03:27	18.81	-0.01	31	58310	卖盘
13:03:00	18.82	--	66	124212	买盘
13:02:42	18.82	--	4	7528	买盘
13:02:33	18.82	--	80	150560	买盘
13:02:21	18.82	0.01	20	37640	买盘
13:02:09	18.81	--	2	3761	卖盘
13:01:54	18.81	-0.01	1	1880	卖盘
13:01:45	18.82	0.01	5	9410	买盘
13:01:39	18.81	-0.01	31	58310	卖盘
13:01:30	18.82	0.01	50	94100	买盘
13:01:24	18.81	-0.01	2	3761	卖盘
13:01:21	18.82	0.01	4	7528	买盘
13:00:51	18.81	-0.01	33	62072	卖盘
13:00:33	18.82	0.01	50	94100	买盘
13:00:21	18.81	-0.01	1	1880	卖盘
13:00:09	18.82	--	15	28230	买盘
13:00:06	18.82	--	11	20702	卖盘
13:00:03	18.82	--	23	43286	买盘
13:00:00	18.82	--	0	0	买盘
11:30:00	18.82	--	0	0	买盘
11:29:57	18.82	--	24	45168	卖盘
11:29:48	18.82	--	1	1882	买盘
11:29:33	18.82	0.02	10	18820	买盘
11:29:03	18.8	0.01	47	88830	买盘
11:28:51	18.79	-0.01	24	45096	卖盘
11:28:45	18.8	--	1	1880	买盘
11:28:39	18.8	--	30	56400	买盘
11:28:33	18.8	--	40	75200	买盘
11:28:30	18.8	--	8	15040	买盘
11:28:24	18.8	--	20	37600	买盘
11:28:15	18.8	--	44	82720	买盘
11:28:09	18.8	--	10	18800	买盘
11:28:03	18.8	--	70	131600	买盘
11:27:57	18.8	--	401	753880	买盘
11:27:51	18.8	--	14	26320	买盘
11:27:42	18.8	--	5	9400	买盘
11:27:36	18.8	--	20	37600	买盘
11:27:30	18.8	--	55	103400	买盘
11:27:27	18.8	--	5	9400	买盘
11:27:21	18.8	--	10	18800	买盘
11:27:15	18.8	--	163	306440	买盘
11:27:12	18.8	--	204	384930	卖盘
11:26:24	18.8	--	0	470	买盘
11:26:18	18.8	--	40	75200	买盘
11:26:15	18.8	--	10	18800	买盘
11:26:09	18.8	--	149	281530	卖盘
11:26:06	18.8	-0.01	2	3760	卖盘
11:26:00	18.81	0.01	50	94050	买盘
11:25:57	18.8	-0.01	56	105280	卖盘
11:25:51	18.81	--	1	1880	买盘
11:25:45	18.81	--	9	16929	买盘
11:25:42	18.81	--	68	129600	卖盘
11:25:30	18.81	--	190	357578	卖盘
11:25:27	18.81	--	6	11286	卖盘
11:25:03	18.81	--	18	33858	卖盘
11:24:45	18.81	-0.01	5	9405	卖盘
11:24:42	18.82	--	5	9410	买盘
11:24:30	18.82	--	9	16938	卖盘
11:24:12	18.82	--	15	28230	卖盘
11:24:09	18.82	-0.01	5	9410	卖盘
11:24:03	18.83	--	7	13180	买盘
11:24:00	18.83	--	5	9415	买盘
11:23:48	18.83	--	10	18830	卖盘
11:23:15	18.83	0.01	5	9415	买盘
11:22:57	18.82	--	20	37640	买盘
11:22:54	18.82	0.02	2	3764	中性盘
11:22:30	18.8	--	4	7520	卖盘
11:22:24	18.8	--	38	71910	买盘
11:22:21	18.8	0.02	3	5640	买盘
11:22:18	18.78	-0.02	80	150240	卖盘
11:22:15	18.8	--	8	15040	买盘
11:22:09	18.8	--	30	57810	卖盘
11:22:00	18.8	--	71	133480	卖盘
11:21:54	18.8	--	14	26790	买盘
11:21:39	18.8	--	1	1880	买盘
11:21:33	18.8	0.01	6	11280	买盘
11:21:30	18.79	-0.01	18	33822	卖盘
11:21:24	18.8	--	180	339810	卖盘
11:21:21	18.8	-0.01	10	18800	卖盘
11:21:12	18.81	0.01	6	11286	中性盘
11:21:00	18.8	-0.01	303	569640	卖盘
11:20:57	18.81	0.01	6	13072	买盘
11:20:54	18.8	--	11	20680	卖盘
11:20:51	18.8	-0.01	35	65800	卖盘
11:20:36	18.81	-0.01	60	112954	卖盘
11:20:33	18.82	0.01	3	7433	买盘
11:20:30	18.81	-0.01	229	430748	卖盘
11:20:24	18.82	0.01	1	1882	买盘
11:20:18	18.81	-0.01	2	3761	卖盘
11:20:12	18.82	--	6	11292	买盘
11:20:00	18.82	-0.01	89	167592	卖盘
11:19:57	18.83	--	55	103564	卖盘
11:19:33	18.83	--	10	18830	卖盘
11:19:24	18.83	--	1	3201	买盘
11:19:15	18.83	--	3	6213	卖盘
11:19:00	18.83	-0.03	15	28244	卖盘
11:18:33	18.86	0.03	1	1886	买盘
11:18:30	18.83	--	11	20712	卖盘
11:18:24	18.83	-0.03	78	146874	卖盘
11:18:03	18.86	--	10	18860	中性盘
11:17:33	18.86	0.01	2	3772	买盘
11:16:42	18.85	-0.01	0	1319	卖盘
11:16:30	18.86	--	1	1886	买盘
11:16:12	18.86	--	6	11316	买盘
11:15:45	18.86	-0.01	3	5658	卖盘
11:15:27	18.87	0.01	18	33966	买盘
11:15:12	18.86	-0.01	10	18860	中性盘
11:13:42	18.87	--	4	7680	卖盘
11:13:30	18.87	0.01	15	30059	买盘
11:13:24	18.86	-0.01	14	26404	卖盘
11:13:06	18.87	--	0	132	卖盘
11:12:45	18.87	--	0	1754	卖盘
11:12:39	18.87	--	3	5661	卖盘
11:12:30	18.87	-0.01	4	7548	中性盘
11:11:54	18.88	0.01	6	11328	买盘
11:11:51	18.87	0.01	4	7548	买盘
11:11:45	18.86	--	9	16974	卖盘
11:11:15	18.86	--	10	18860	卖盘
11:10:48	18.86	--	10	18860	卖盘
11:10:45	18.86	--	16	30176	卖盘
11:10:27	18.86	--	2	3772	卖盘
11:10:24	18.86	--	52	98072	卖盘
11:10:21	18.86	0.03	104	196144	买盘
11:10:15	18.83	--	10	18830	卖盘
11:09:51	18.83	--	5	9415	卖盘
11:09:48	18.83	-0.02	10	18830	卖盘
11:09:45	18.85	0.03	4	7540	中性盘
11:09:18	18.82	-0.04	29	54578	卖盘
11:09:00	18.86	0.04	12	22632	买盘
11:08:57	18.82	-0.03	50	94100	卖盘
11:08:54	18.85	--	6	11310	卖盘
11:08:45	18.85	--	10	18850	卖盘
11:08:36	18.85	--	5	9425	卖盘
11:08:33	18.85	--	6	11310	卖盘
11:08:21	18.85	--	10	18850	卖盘
11:08:18	18.85	0.02	176	331760	买盘
11:08:15	18.83	--	80	150640	卖盘
11:07:54	18.83	0.01	82	154406	买盘
11:07:48	18.82	--	33	62106	卖盘
11:07:18	18.82	--	27	50814	卖盘
11:07:12	18.82	--	35	65870	卖盘
11:07:06	18.82	--	3	5646	卖盘
11:06:54	18.82	--	16	30582	卖盘
11:06:51	18.82	--	4	7528	卖盘
11:06:21	18.82	--	14	26348	买盘
11:06:03	18.82	-0.01	41	77162	卖盘
11:05:57	18.83	--	26	48957	买盘
11:05:42	18.83	0.01	50	94149	买盘
11:05:39	18.82	-0.01	8	15056	卖盘
11:05:36	18.83	--	6	11297	买盘
11:05:21	18.83	--	10	18830	买盘
11:04:51	18.83	--	5	9415	买盘
11:04:42	18.83	0.03	4	7531	买盘
11:04:39	18.8	-0.03	200	376000	卖盘
11:04:15	18.83	-0.01	61	114862	卖盘
11:04:12	18.84	0.02	3	5652	中性盘
11:03:51	18.82	--	8	15056	买盘
11:03:48	18.82	--	191	359462	卖盘
11:03:27	18.82	0.02	25	47050	买盘
11:03:24	18.8	-0.02	100	188000	卖盘
11:03:21	18.82	-0.03	5	9410	中性盘
11:03:15	18.85	0.05	4	7540	买盘
11:02:30	18.8	-0.02	400	752000	卖盘
11:02:24	18.82	-0.03	7	13174	卖盘
11:02:15	18.85	0.03	17	32045	买盘
11:02:06	18.82	0.01	10	18820	中性盘
11:01:57	18.81	-0.01	300	564300	卖盘
11:01:48	18.82	-0.01	59	111038	卖盘
11:01:36	18.83	-0.02	1	1882	卖盘
11:01:30	18.85	0.02	14	26390	中性盘
11:01:15	18.83	0.02	2	3765	中性盘
11:01:06	18.81	-0.05	200	376200	卖盘
11:01:03	18.86	-0.01	10	18860	中性盘
11:00:51	18.87	0.02	10	18870	买盘
11:00:45	18.85	0.03	1	1885	中性盘
11:00:30	18.82	-0.03	100	188200	卖盘
11:00:27	18.85	0.01	9	16965	买盘
11:00:21	18.84	--	15	28260	卖盘
11:00:18	18.84	0.01	15	28825	买盘
11:00:15	18.83	-0.01	85	160055	卖盘
11:00:09	18.84	--	9	16956	买盘
11:00:06	18.84	--	10	18840	买盘
11:00:00	18.84	--	10	18840	买盘
10:59:54	18.84	-0.01	470	886798	卖盘
10:59:51	18.85	--	4	7540	卖盘
10:59:45	18.85	-0.01	100	188500	卖盘
10:59:39	18.86	--	5	9430	买盘
10:59:33	18.86	0.01	36	67896	买盘
10:59:18	18.85	0.01	14	26390	卖盘
10:59:12	18.84	-0.01	52	97968	卖盘
10:59:03	18.85	--	0	565	买盘
10:58:57	18.85	--	3	5655	买盘
10:58:48	18.85	--	21	39585	买盘
10:58:45	18.85	-0.01	89	169084	卖盘
10:58:36	18.86	0.01	40	75440	买盘
10:58:30	18.85	--	47	88595	卖盘
10:58:18	18.85	-0.01	61	114985	卖盘
10:58:15	18.86	--	6	11316	买盘
10:58:12	18.86	--	5	9430	买盘
10:58:03	18.86	--	30	56580	买盘
10:58:00	18.86	--	30	56580	买盘
10:57:48	18.86	-0.01	7	13202	买盘
10:57:45	18.87	0.02	7	13209	买盘
10:57:42	18.85	-0.02	501	944385	卖盘
10:57:30	18.87	-0.03	65	122655	卖盘
10:57:27	18.9	0.03	5	9450	买盘
10:57:21	18.87	--	260	490620	卖盘
10:57:15	18.87	-0.03	3	5661	卖盘
10:57:12	18.9	0.03	59	111509	买盘
10:57:09	18.87	0.01	9	16983	中性盘
10:56:12	18.86	-0.04	200	377200	卖盘
10:56:06	18.9	--	1	1889	买盘
10:56:00	18.9	0.03	6	11340	买盘
10:55:54	18.87	--	3	5661	卖盘
10:55:42	18.87	--	38	71706	买盘
10:55:39	18.87	--	2	3774	买盘
10:55:36	18.87	--	65	122655	卖盘
10:55:21	18.87	-0.01	300	566100	卖盘
10:55:18	18.88	--	20	37760	卖盘
10:55:12	18.88	--	117	220896	买盘
10:55:09	18.88	--	47	88736	买盘
10:55:06	18.88	--	6	11328	买盘
10:54:45	18.88	0.01	31	58528	卖盘
10:54:42	18.87	-0.01	16	30192	卖盘
10:54:39	18.88	0.03	1	1888	中性盘
10:54:21	18.85	-0.01	500	942500	卖盘
10:54:06	18.86	-0.08	534	1007124	卖盘
10:53:57	18.94	0.07	3	5682	买盘
10:53:51	18.87	-0.06	325	613275	卖盘
10:53:45	18.93	0.03	74	140082	买盘
10:53:24	18.9	--	10	18900	买盘
10:53:15	18.9	--	17	32129	买盘
10:53:03	18.9	0.01	6	11340	买盘
10:52:51	18.89	-0.01	216	408024	中性盘
10:52:00	18.9	0.01	6	11340	买盘
10:51:57	18.89	-0.01	3	5667	卖盘
10:51:42	18.9	--	4	7559	买盘
10:51:30	18.9	0.02	30	56699	买盘
10:51:15	18.88	-0.02	200	377600	卖盘
10:50:57	18.9	--	4	7559	卖盘
10:50:45	18.9	0.02	5	9450	买盘
10:50:24	18.88	-0.02	241	455461	卖盘
10:50:15	18.9	-0.01	5	9450	卖盘
10:49:51	18.91	-0.02	4	7564	卖盘
10:49:45	18.93	-0.01	5	9465	中性盘
10:49:12	18.94	--	20	37880	买盘
10:48:54	18.94	0.05	50	94700	买盘
10:48:39	18.89	-0.04	3	5667	卖盘
10:48:30	18.93	0.04	150	283950	买盘
10:48:24	18.89	--	20	37780	卖盘
10:48:03	18.89	0.01	73	137897	买盘
10:47:54	18.88	-0.01	16	30208	卖盘
10:47:48	18.89	--	7	13223	卖盘
10:47:42	18.89	--	4	7556	买盘
10:47:36	18.89	-0.01	1	1889	卖盘
10:47:33	18.9	0.02	1	1889	买盘
10:47:21	18.88	--	10	18880	卖盘
10:47:18	18.88	--	32	60416	卖盘
10:47:06	18.88	--	3	5664	卖盘
10:47:03	18.88	-0.01	23	43424	卖盘
10:47:00	18.89	--	17	32113	买盘
10:46:51	18.89	--	11	20779	买盘
10:46:42	18.89	0.01	1	1889	买盘
10:46:30	18.88	-0.01	37	69856	卖盘
10:46:15	18.89	--	7	13223	卖盘
10:46:09	18.89	--	1	1889	卖盘
10:46:00	18.89	-0.01	19	35891	卖盘
10:45:48	18.9	--	5	9450	买盘
10:45:36	18.9	0.01	20	37800	买盘
10:45:30	18.89	--	21	39669	卖盘
10:45:21	18.89	--	15	28335	卖盘
10:45:00	18.89	--	29	54781	卖盘
10:44:48	18.89	-0.04	84	158676	卖盘
10:44:42	18.93	0.03	25	47325	买盘
10:44:36	18.9	--	1	1889	卖盘
10:44:33	18.9	0.01	2	3779	中性盘
10:44:30	18.89	-0.01	21	39669	卖盘
10:44:03	18.9	--	1	1889	卖盘
10:44:00	18.9	--	38	71820	买盘
10:43:33	18.9	0.02	30	56699	买盘
10:43:30	18.88	0.02	10	18880	中性盘
10:43:15	18.86	--	14	26404	卖盘
10:43:00	18.86	--	16	30176	卖盘
10:42:51	18.86	--	11	20746	卖盘
10:42:48	18.86	-0.02	152	286672	卖盘
10:42:45	18.88	0.01	7	13216	买盘
10:42:33	18.87	-0.01	1	1887	卖盘
10:42:27	18.88	0.01	3	5664	买盘
10:42:21	18.87	-0.01	71	133977	卖盘
10:42:18	18.88	-0.04	952	1798320	卖盘
10:41:51	18.92	--	6	11352	买盘
10:41:48	18.92	--	9	17028	卖盘
10:41:12	18.92	--	8	15136	卖盘
10:40:54	18.92	--	3	5676	卖盘
10:40:45	18.92	--	1	1892	卖盘
10:40:09	18.92	-0.01	5	9460	卖盘
10:39:57	18.93	-0.02	7	13251	卖盘
10:39:45	18.95	0.02	6	11370	买盘
10:39:39	18.93	0.01	3	5679	买盘
10:39:36	18.92	--	30	56760	卖盘
10:39:15	18.92	--	11	20812	买盘
10:39:03	18.92	-0.01	39	73788	卖盘
10:38:54	18.93	-0.02	1	1893	卖盘
10:38:48	18.95	--	52	98540	买盘
10:38:36	18.95	0.02	1	1895	买盘
10:38:33	18.93	-0.02	52	98436	卖盘
10:38:09	18.95	--	4	7580	卖盘
10:38:00	18.95	--	6	11370	卖盘
10:37:39	18.95	--	5	9475	卖盘
10:37:36	18.95	0.02	42	79590	买盘
10:37:33	18.93	--	19	35967	卖盘
10:37:15	18.93	0.04	105	198765	买盘
10:36:42	18.89	--	4	7556	卖盘
10:36:24	18.89	-0.03	66	124674	卖盘
10:36:21	18.92	0.02	8	15136	买盘
10:36:09	18.9	--	1	1889	买盘
10:36:00	18.9	--	29	54809	卖盘
10:35:48	18.9	--	20	37800	卖盘
10:35:39	18.9	--	27	51029	卖盘
10:35:30	18.9	-0.02	22	41580	卖盘
10:35:12	18.92	0.01	30	56760	买盘
10:35:06	18.91	0.01	8	15128	买盘
10:35:03	18.9	--	18	34020	卖盘
10:35:00	18.9	-0.02	2	3779	卖盘
10:34:39	18.92	-0.01	102	192984	卖盘
10:34:30	18.93	--	1	1893	买盘
10:34:24	18.93	0.01	4	7572	买盘
10:34:12	18.92	-0.01	108	204336	卖盘
10:34:00	18.93	0.03	4	7572	买盘
10:33:39	18.9	-0.04	405	765450	卖盘
10:33:33	18.94	0.03	4	7576	买盘
10:33:27	18.91	-0.01	50	94550	卖盘
10:33:24	18.92	--	59	111628	卖盘
10:33:09	18.92	--	109	206228	卖盘
10:32:54	18.92	--	2	3784	卖盘
10:32:51	18.92	--	25	47300	卖盘
10:32:33	18.92	-0.01	1	1892	卖盘
10:32:27	18.93	0.01	8	15144	卖盘
10:32:18	18.92	-0.01	78	147576	卖盘
10:31:51	18.93	--	10	18930	卖盘
10:31:48	18.93	-0.01	4	7572	卖盘
10:31:24	18.94	-0.02	15	28410	买盘
10:30:42	18.96	0.02	5	9480	买盘
10:30:36	18.94	--	13	24622	卖盘
10:30:21	18.94	--	17	32198	卖盘
10:30:03	18.94	--	9	17046	卖盘
10:29:57	18.94	--	1	1894	卖盘
10:28:51	18.94	--	6	11364	买盘
10:28:48	18.94	--	1	1894	买盘
10:28:42	18.94	-0.03	23	43562	卖盘
10:28:36	18.97	--	8	15176	买盘
10:28:24	18.97	0.01	124	235228	买盘
10:28:15	18.96	--	20	37920	买盘
10:28:09	18.96	0.01	5	9480	买盘
10:28:03	18.95	--	1	1895	卖盘
10:27:57	18.95	--	4	7580	卖盘
10:27:48	18.95	--	82	155390	买盘
10:27:45	18.95	0.01	4	7580	买盘
10:27:24	18.94	0.02	14	26516	买盘
10:27:21	18.92	-0.02	20	37840	卖盘
10:26:42	18.94	0.01	10	18940	买盘
10:26:33	18.93	-0.01	10	18930	卖盘
10:26:30	18.94	0.01	2	3788	买盘
10:26:27	18.93	-0.01	2	3786	卖盘
10:25:42	18.94	--	5	9470	买盘
10:25:39	18.94	--	2	3788	买盘
10:25:36	18.94	0.01	10	18940	买盘
10:25:18	18.93	-0.01	20	37860	中性盘
10:24:30	18.94	0.01	15	28410	买盘
10:24:09	18.93	-0.01	10	18930	卖盘
10:24:03	18.94	--	2	3788	买盘
10:23:57	18.94	0.01	5	9470	买盘
10:23:48	18.93	-0.01	40	75720	卖盘
10:23:45	18.94	--	20	37880	买盘
10:23:18	18.94	0.02	29	54926	买盘
10:23:09	18.92	--	70	132440	卖盘
10:22:51	18.92	-0.02	8	15136	卖盘
10:22:45	18.94	0.02	21	39774	买盘
10:22:42	18.92	0.01	5	9460	中性盘
10:22:27	18.91	--	10	18910	卖盘
10:22:24	18.91	--	5	9455	卖盘
10:22:21	18.91	-0.04	86	162626	卖盘
10:22:03	18.95	0.05	5	9475	买盘
10:21:51	18.9	-0.05	8	15119	卖盘
10:21:42	18.95	--	20	37900	买盘
10:21:33	18.95	0.02	4	7580	买盘
10:21:24	18.93	-0.01	5	9465	卖盘
10:21:21	18.94	--	8	15152	买盘
10:21:18	18.94	--	8	15152	买盘
10:21:00	18.94	--	2	3788	买盘
10:20:39	18.94	-0.01	1	1894	中性盘
10:20:21	18.95	0.05	46	87170	买盘
10:20:00	18.9	--	6	11340	卖盘
10:19:24	18.9	--	30	56699	卖盘
10:19:12	18.9	-0.04	78	147420	卖盘
10:19:06	18.94	0.02	70	132580	买盘
10:18:48	18.92	-0.02	4	7568	卖盘
10:18:30	18.94	0.02	3	5682	买盘
10:18:27	18.92	-0.02	74	140008	卖盘
10:18:21	18.94	--	5	9470	卖盘
10:17:45	18.94	--	2	3788	卖盘
10:17:30	18.94	-0.01	11	20834	卖盘
10:17:21	18.95	0.01	10	18950	买盘
10:17:15	18.94	--	3	5682	卖盘
10:16:42	18.94	--	4	7576	卖盘
10:16:24	18.94	-0.03	50	94700	卖盘
10:16:21	18.97	0.01	10	18970	买盘
10:15:48	18.96	--	18	34128	卖盘
10:15:39	18.96	0.03	46	87216	买盘
10:15:33	18.93	-0.02	80	151440	卖盘
10:15:24	18.95	0.01	30	56850	买盘
10:15:06	18.94	--	11	20834	买盘
10:14:54	18.94	--	18	34092	买盘
10:14:36	18.94	--	49	92806	买盘
10:14:21	18.94	--	44	83336	卖盘
10:13:42	18.94	--	60	113640	卖盘
10:13:27	18.94	-0.01	4	7576	卖盘
10:13:24	18.95	0.01	19	36005	买盘
10:13:00	18.94	-0.01	1	1894	卖盘
10:12:48	18.95	--	41	77695	卖盘
10:12:45	18.95	--	5	9475	卖盘
10:12:27	18.95	--	4	7580	卖盘
10:12:24	18.95	-0.01	15	28425	卖盘
10:12:18	18.96	0.01	50	94800	买盘
10:12:15	18.95	-0.01	10	18950	中性盘
10:11:57	18.96	--	5	9480	卖盘
10:11:45	18.96	--	5	9480	买盘
10:11:36	18.96	0.02	10	18960	买盘
10:11:33	18.94	-0.03	10	18940	卖盘
10:11:24	18.97	0.01	100	189700	买盘
10:11:21	18.96	0.02	2	3792	卖盘
10:11:18	18.94	-0.03	30	56820	卖盘
10:11:12	18.97	--	1	1897	买盘
10:11:06	18.97	-0.01	1	1897	卖盘
10:10:57	18.98	0.01	7	13286	买盘
10:10:54	18.97	--	20	37940	卖盘
10:10:42	18.97	0.03	14	26558	买盘
10:10:36	18.94	--	12	22728	卖盘
10:10:33	18.94	--	10	18940	卖盘
10:10:18	18.94	-0.01	21	39774	卖盘
10:10:15	18.95	--	11	20845	买盘
10:10:03	18.95	--	23	43585	卖盘
10:09:57	18.95	--	31	58745	买盘
10:09:39	18.95	0.01	1	1895	买盘
10:09:21	18.94	--	25	47350	卖盘
10:09:12	18.94	0.01	282	534108	买盘
10:09:09	18.93	--	2	3786	卖盘
10:09:06	18.93	--	2	3786	买盘
10:08:57	18.93	0.01	2	3786	买盘
10:08:48	18.92	--	65	122980	买盘
10:08:33	18.92	0.01	60	113520	买盘
10:08:21	18.91	-0.01	10	18910	卖盘
10:08:15	18.92	--	50	94600	买盘
10:08:09	18.92	--	2	3784	买盘
10:07:57	18.92	0.02	2	3784	买盘
10:07:51	18.9	-0.02	100	189000	卖盘
10:07:39	18.92	0.01	4	7568	买盘
10:07:36	18.91	--	1	1891	买盘
10:07:33	18.91	--	6	11346	买盘
10:07:27	18.91	--	1	1891	买盘
10:07:18	18.91	--	26	49166	买盘
10:07:12	18.91	--	10	18910	买盘
10:06:57	18.91	0.01	2	3782	买盘
10:06:42	18.9	--	1	1889	卖盘
10:06:36	18.9	0.01	4	7559	中性盘
10:06:18	18.89	-0.02	31	58559	卖盘
10:06:15	18.91	0.01	7	13237	买盘
10:06:06	18.9	--	12	22680	买盘
10:05:54	18.9	--	10	18900	买盘
10:05:51	18.9	-0.01	58	109619	卖盘
10:05:33	18.91	--	21	39711	买盘
10:05:27	18.91	0.01	8	15128	买盘
10:05:24	18.9	--	4	7559	卖盘
10:05:21	18.9	-0.01	5	9450	卖盘
10:05:15	18.91	0.01	8	15128	买盘
10:05:00	18.9	-0.01	10	18900	卖盘
10:04:51	18.91	--	68	128588	卖盘
10:04:39	18.91	--	4	7564	卖盘
10:04:18	18.91	--	6	11346	卖盘
10:04:15	18.91	0.01	5	9455	买盘
10:03:57	18.9	--	3	5670	卖盘
10:03:45	18.9	--	6	11340	卖盘
10:03:36	18.9	--	17	32129	买盘
10:03:21	18.9	--	1	1889	卖盘
10:03:09	18.9	--	3	5670	卖盘
10:03:06	18.9	0.02	1	1889	中性盘
10:02:57	18.88	-0.01	20	37760	卖盘
10:02:42	18.89	0.01	1	1889	买盘
10:02:30	18.88	--	2	3776	卖盘
10:02:06	18.88	--	46	87792	买盘
10:02:03	18.88	--	3	5664	买盘
10:02:00	18.88	--	5	9440	买盘
10:01:54	18.88	--	4	7552	买盘
10:01:51	18.88	--	1	1888	买盘
10:01:45	18.88	--	3	5664	买盘
10:01:42	18.88	--	10	18880	买盘
10:01:39	18.88	--	116	219008	买盘
10:01:33	18.88	--	50	94400	买盘
10:01:21	18.88	0.01	10	18880	中性盘
10:01:09	18.87	-0.01	20	37740	卖盘
10:01:06	18.88	--	0	113	买盘
10:01:00	18.88	--	18	33984	买盘
10:00:57	18.88	--	10	18880	买盘
10:00:54	18.88	--	5	9440	买盘
10:00:30	18.88	-0.01	5	9440	卖盘
10:00:12	18.89	0.01	2	3778	买盘
10:00:06	18.88	-0.01	10	18880	卖盘
10:00:00	18.89	--	5	9445	买盘
09:59:39	18.89	--	1	1889	买盘
09:59:36	18.89	0.02	4	7556	买盘
09:59:33	18.87	-0.02	45	84915	卖盘
09:59:21	18.89	--	10	18890	买盘
09:59:15	18.89	--	6	11334	买盘
09:59:06	18.89	--	5	10389	卖盘
09:59:03	18.89	--	2	3778	卖盘
09:59:00	18.89	--	5	9445	卖盘
09:58:54	18.89	0.01	87	165287	买盘
09:58:51	18.88	--	38	72688	卖盘
09:58:45	18.88	-0.01	2	3776	卖盘
09:58:39	18.89	--	1	1889	买盘
09:58:36	18.89	0.01	35	67059	买盘
09:58:33	18.88	-0.01	43	82128	卖盘
09:58:18	18.89	0.01	30	56670	买盘
09:58:15	18.88	--	35	66080	卖盘
09:58:09	18.88	-0.01	1	1888	卖盘
09:58:00	18.89	-0.01	40	75560	卖盘
09:57:54	18.9	0.01	50	94500	买盘
09:57:33	18.89	0.01	14	26446	买盘
09:57:27	18.88	-0.01	1	1888	卖盘
09:57:21	18.89	0.01	2	3778	买盘
09:57:15	18.88	--	2	3776	卖盘
09:57:12	18.88	0.01	28	53808	买盘
09:57:09	18.87	0.01	29	54723	买盘
09:57:06	18.86	0.01	11	20746	中性盘
09:56:54	18.85	--	9	16965	买盘
09:56:51	18.85	--	2	3770	买盘
09:56:48	18.85	--	41	77285	买盘
09:56:45	18.85	0.01	30	56550	买盘
09:56:42	18.84	--	53	99852	卖盘
09:56:36	18.84	-0.01	36	67824	中性盘
09:56:30	18.85	0.01	28	52780	买盘
09:56:27	18.84	-0.01	8	15072	卖盘
09:56:24	18.85	--	20	37700	买盘
09:56:21	18.85	--	7	13195	买盘
09:56:15	18.85	--	18	33930	卖盘
09:56:12	18.85	-0.01	17	32045	卖盘
09:56:09	18.86	0.02	3	5658	买盘
09:56:03	18.84	-0.02	26	48984	卖盘
09:55:57	18.86	0.01	5	9430	买盘
09:55:54	18.85	--	16	30160	买盘
09:55:51	18.85	--	31	58435	卖盘
09:55:48	18.85	--	8	15080	卖盘
09:55:42	18.85	-0.02	23	43355	卖盘
09:55:30	18.87	-0.01	15	28305	卖盘
09:55:24	18.88	--	10	18880	买盘
09:55:18	18.88	-0.01	53	100064	卖盘
09:55:15	18.89	0.01	5	9445	买盘
09:55:12	18.88	--	224	422912	卖盘
09:55:09	18.88	--	60	113280	卖盘
09:55:06	18.88	-0.01	3	5664	卖盘
09:55:03	18.89	--	115	217235	卖盘
09:55:00	18.89	--	12	22668	卖盘
09:54:54	18.89	--	18	34002	卖盘
09:54:48	18.89	--	11	20779	卖盘
09:54:45	18.89	-0.01	4	7556	卖盘
09:54:24	18.9	-0.01	116	219239	卖盘
09:54:15	18.91	0.01	3	5673	买盘
09:54:09	18.9	-0.01	22	41580	卖盘
09:54:06	18.91	--	11	20801	卖盘
09:54:03	18.91	-0.01	7	13237	中性盘
09:53:51	18.92	0.01	13	24596	买盘
09:53:48	18.91	--	60	113460	卖盘
09:53:45	18.91	-0.02	161	304451	卖盘
09:53:36	18.93	--	27	51111	买盘
09:53:33	18.93	0.01	44	83292	买盘
09:53:30	18.92	--	8	15136	卖盘
09:53:21	18.92	--	11	20812	卖盘
09:53:18	18.92	-0.01	2	3784	卖盘
09:53:15	18.93	--	10	18930	买盘
09:53:06	18.93	0.01	53	100329	买盘
09:53:03	18.92	-0.01	3	5676	卖盘
09:53:00	18.93	--	12	22716	买盘
09:52:51	18.93	--	4	7572	买盘
09:52:48	18.93	--	14	26502	买盘
09:52:33	18.93	0.01	4	7572	买盘
09:52:24	18.92	-0.01	2	3784	卖盘
09:52:21	18.93	0.01	2	3786	买盘
09:52:12	18.92	--	20	37840	卖盘
09:52:09	18.92	0.01	25	47300	买盘
09:52:06	18.91	--	9	17019	卖盘
09:52:03	18.91	-0.01	16	30256	卖盘
09:52:00	18.92	--	5	9460	买盘
09:51:54	18.92	--	10	18920	买盘
09:51:51	18.92	-0.01	3	5676	中性盘
09:51:42	18.93	0.02	67	126831	买盘
09:51:36	18.91	-0.02	50	94550	卖盘
09:51:30	18.93	0.02	36	68148	买盘
09:51:27	18.91	-0.02	20	37820	卖盘
09:51:24	18.93	--	29	54897	买盘
09:51:21	18.93	--	24	45432	买盘
09:51:18	18.93	--	4	7572	买盘
09:51:09	18.93	0.02	7	13251	买盘
09:51:06	18.91	--	25	47275	卖盘
09:51:03	18.91	-0.02	32	60512	卖盘
09:50:54	18.93	0.02	53	100329	买盘
09:50:45	18.91	0.01	9	17019	中性盘
09:50:39	18.9	--	18	34020	卖盘
09:50:36	18.9	-0.03	14	26459	卖盘
09:50:24	18.93	--	8	15144	买盘
09:50:21	18.93	0.03	32	60576	买盘
09:50:09	18.9	0.01	11	22377	买盘
09:50:06	18.89	-0.01	42	79338	卖盘
09:50:00	18.9	--	8	15119	买盘
09:49:51	18.9	--	50	94500	买盘
09:49:48	18.9	-0.04	124	235664	卖盘
09:49:42	18.94	0.04	10	18940	买盘
09:49:36	18.9	-0.04	1016	1920825	卖盘
09:49:33	18.94	--	4	7576	买盘
09:49:27	18.94	0.01	30	56820	买盘
09:49:24	18.93	-0.01	20	37860	卖盘
09:49:21	18.94	--	24	45456	买盘
09:49:09	18.94	0.01	50	94700	买盘
09:49:06	18.93	-0.01	33	62469	卖盘
09:49:00	18.94	-0.03	279	528426	卖盘
09:48:57	18.97	0.02	2	3794	买盘
09:48:54	18.95	--	1	1895	卖盘
09:48:51	18.95	--	3	5685	卖盘
09:48:39	18.95	-0.02	200	379000	卖盘
09:48:36	18.97	--	89	168833	卖盘
09:48:33	18.97	-0.02	13	24661	卖盘
09:48:21	18.99	0.01	38	72162	买盘
09:48:18	18.98	--	10	18980	卖盘
09:48:09	18.98	-0.01	7	13286	卖盘
09:48:06	18.99	--	67	127232	卖盘
09:47:54	18.99	-0.02	10	18990	卖盘
09:47:51	19.01	0.02	25	47525	买盘
09:47:48	18.99	--	2	3797	卖盘
09:47:45	18.99	--	34	64565	卖盘
09:47:42	18.99	--	7	13292	卖盘
09:47:30	18.99	-0.02	26	49373	卖盘
09:47:21	19.01	--	24	45624	买盘
09:47:18	19.01	0.01	58	110258	买盘
09:47:15	19.0	-0.01	56	107198	卖盘
09:47:12	19.01	-0.01	51	96951	卖盘
09:47:06	19.02	0.01	10	19020	买盘
09:47:03	19.01	-0.01	20	38020	卖盘
09:47:00	19.02	--	8	15216	买盘
09:46:57	19.02	0.01	10	19020	买盘
09:46:45	19.01	-0.01	2	3802	卖盘
09:46:42	19.02	0.01	10	19020	买盘
09:46:39	19.01	--	2	5284	卖盘
09:46:36	19.01	-0.01	19	36670	卖盘
09:46:33	19.02	--	13	24726	买盘
09:46:18	19.02	--	10	19020	买盘
09:46:06	19.02	0.02	7	13314	买盘
09:46:03	19.0	-0.01	53	100700	卖盘
09:45:54	19.01	0.01	15	28515	中性盘
09:45:51	19.0	-0.02	33	62700	卖盘
09:45:45	19.02	--	30	57060	买盘
09:45:42	19.02	--	45	85590	买盘
09:45:36	19.02	--	4	7608	买盘
09:45:33	19.02	-0.01	5	9510	买盘
09:45:21	19.03	0.01	10	19030	买盘
09:45:18	19.02	0.02	3	5706	买盘
09:45:15	19.0	--	1	1900	卖盘
09:45:03	19.0	--	13	25669	买盘
09:44:57	19.0	--	30	57000	买盘
09:44:54	19.0	--	46	87400	买盘
09:44:45	19.0	--	3	5700	买盘
09:44:39	19.0	--	8	15200	买盘
09:44:36	19.0	0.01	10	19000	买盘
09:44:27	18.99	-0.01	10	18990	卖盘
09:44:24	19.0	--	57	108300	买盘
09:44:18	19.0	--	45	85500	买盘
09:44:12	19.0	0.01	20	38000	买盘
09:44:09	18.99	--	12	22787	卖盘
09:44:06	18.99	0.01	152	288648	买盘
09:44:03	18.98	-0.01	85	161330	卖盘
09:44:00	18.99	--	26	49373	买盘
09:43:57	18.99	--	31	58868	买盘
09:43:54	18.99	--	66	125333	买盘
09:43:48	18.99	--	27	51272	买盘
09:43:45	18.99	--	2	3797	买盘
09:43:42	18.99	--	30	56969	买盘
09:43:39	18.99	--	1	1898	买盘
09:43:30	18.99	0.01	169	320931	买盘
09:43:24	18.98	--	25	47450	卖盘
09:43:21	18.98	--	5	9490	卖盘
09:43:09	18.98	--	6	11388	卖盘
09:43:06	18.98	--	5	9490	买盘
09:43:03	18.98	--	24	45552	买盘
09:43:00	18.98	0.01	6	11388	买盘
09:42:57	18.97	--	81	153657	卖盘
09:42:54	18.97	-0.01	6	11382	卖盘
09:42:48	18.98	--	26	49348	买盘
09:42:45	18.98	--	52	98696	买盘
09:42:39	18.98	0.01	4	7592	买盘
09:42:33	18.97	--	12	22764	卖盘
09:42:30	18.97	--	1	1897	卖盘
09:42:21	18.97	--	5	9485	买盘
09:42:18	18.97	--	7	13279	卖盘
09:42:15	18.97	--	13	24661	买盘
09:42:12	18.97	--	13	24661	买盘
09:42:09	18.97	0.01	3	5691	买盘
09:42:00	18.96	--	1	1896	卖盘
09:41:51	18.96	0.01	41	77736	买盘
09:41:42	18.95	-0.01	10	18950	中性盘
09:41:33	18.96	0.02	5	9480	买盘
09:41:30	18.94	-0.02	7	13258	卖盘
09:41:15	18.96	-0.01	1	1896	中性盘
09:41:09	18.97	0.03	10	18970	买盘
09:41:03	18.94	-0.01	41	77654	卖盘
09:40:33	18.95	0.01	27	51165	买盘
09:40:24	18.94	--	23	43562	买盘
09:40:21	18.94	--	7	13258	买盘
09:40:18	18.94	--	21	39774	买盘
09:40:09	18.94	--	3	5682	买盘
09:40:06	18.94	--	31	58714	买盘
09:40:03	18.94	--	4	7576	买盘
09:39:39	18.94	--	10	18940	卖盘
09:39:24	18.94	-0.01	30	56820	卖盘
09:39:21	18.95	--	30	56850	买盘
09:39:12	18.95	-0.02	3	5685	中性盘
09:39:09	18.97	0.03	2	3794	买盘
09:38:57	18.94	-0.01	18	34092	卖盘
09:38:54	18.95	--	3	5685	卖盘
09:38:48	18.95	0.02	40	75800	买盘
09:38:39	18.93	-0.02	1	1893	卖盘
09:38:30	18.95	0.03	35	66325	买盘
09:38:21	18.92	--	14	26488	买盘
09:38:18	18.92	--	61	115412	买盘
09:38:12	18.92	0.01	10	18920	买盘
09:38:06	18.91	-0.01	30	56730	卖盘
09:38:03	18.92	--	14	26488	买盘
09:37:57	18.92	--	132	249744	卖盘
09:37:45	18.92	-0.01	80	151360	卖盘
09:37:39	18.93	--	29	54897	卖盘
09:37:36	18.93	-0.02	1	1893	卖盘
09:37:30	18.95	--	3	5685	买盘
09:37:27	18.95	0.02	5	9475	买盘
09:37:21	18.93	--	33	62469	卖盘
09:37:09	18.93	-0.02	230	435390	卖盘
09:37:06	18.95	0.01	8	15160	卖盘
09:36:54	18.94	-0.04	2	3788	卖盘
09:36:51	18.98	0.04	2	3796	买盘
09:36:42	18.94	0.01	8	15152	中性盘
09:36:30	18.93	--	3	5679	卖盘
09:36:27	18.93	-0.05	110	208230	卖盘
09:36:21	18.98	0.03	3	5694	买盘
09:36:18	18.95	--	16	30320	卖盘
09:36:15	18.95	--	5	9475	卖盘
09:36:12	18.95	-0.03	30	56850	卖盘
09:35:54	18.98	--	2	3796	买盘
09:35:48	18.98	0.03	2	3796	中性盘
09:35:39	18.95	--	8	15160	卖盘
09:35:36	18.95	--	10	18950	卖盘
09:35:33	18.95	--	30	56850	卖盘
09:35:21	18.95	-0.04	124	234980	卖盘
09:35:09	18.99	--	30	56969	卖盘
09:35:06	18.99	-0.01	10	18990	卖盘
09:35:03	19.0	0.01	3	5700	买盘
09:34:48	18.99	--	1	1898	卖盘
09:34:42	18.99	--	2	3797	卖盘
09:34:39	18.99	--	77	146223	买盘
09:34:36	18.99	--	5	9495	买盘
09:34:33	18.99	--	3	5696	买盘
09:34:30	18.99	--	5	9495	买盘
09:34:24	18.99	--	2	3797	买盘
09:34:15	18.99	-0.01	1	1898	卖盘
09:34:09	19.0	0.01	13	24700	买盘
09:34:06	18.99	0.01	4	7595	买盘
09:34:00	18.98	-0.01	21	39858	卖盘
09:33:54	18.99	--	4	7595	买盘
09:33:51	18.99	--	13	24686	买盘
09:33:48	18.99	--	10	18990	买盘
09:33:45	18.99	0.01	13	24686	买盘
09:33:42	18.98	--	11	20878	卖盘
09:33:33	18.98	0.02	18	34164	买盘
09:33:24	18.96	--	10	18960	卖盘
09:33:09	18.96	0.01	9	17064	买盘
09:33:06	18.95	--	26	49270	卖盘
09:33:03	18.95	--	4	7580	买盘
09:33:00	18.95	--	2	3790	买盘
09:32:57	18.95	--	6	11370	买盘
09:32:51	18.95	0.01	30	56850	买盘
09:32:48	18.94	--	6	11364	卖盘
09:32:45	18.94	0.01	16	30304	买盘
09:32:42	18.93	--	4	7572	卖盘
09:32:33	18.93	0.01	8	15144	卖盘
09:32:18	18.92	-0.03	50	94600	卖盘
09:32:15	18.95	0.03	1	1895	买盘
09:32:09	18.92	--	5	9460	卖盘
09:32:06	18.92	--	11	20812	卖盘
09:31:54	18.92	0.01	4	7568	买盘
09:31:48	18.91	-0.01	34	64294	中性盘
09:31:45	18.92	0.02	60	113520	买盘
09:31:42	18.9	-0.02	25	47250	卖盘
09:31:30	18.92	--	4	7568	买盘
09:31:27	18.92	--	2	3784	买盘
09:31:24	18.92	--	53	100276	买盘
09:31:18	18.92	-0.01	26	49192	卖盘
09:31:06	18.93	--	10	18930	卖盘
09:31:00	18.93	0.01	3	5679	买盘
09:30:54	18.92	-0.01	56	105952	卖盘
09:30:51	18.93	-0.02	7	13251	卖盘
09:30:39	18.95	--	3	5685	买盘
09:30:36	18.95	--	25	47375	卖盘
09:30:33	18.95	-0.01	12	22740	卖盘
09:30:30	18.96	0.01	5	9480	买盘
09:30:15	18.95	--	9	17055	卖盘
09:30:09	18.95	--	34	64430	卖盘
09:30:06	18.95	0.01	17	32215	买盘
09:30:03	18.94	-0.01	87	164778	卖盘
09:30:00	18.95	--	0	0	买盘
09:25:03	18.95	18.95	128	242560	买盘
