成交时间	成交价	价格变动	成交量(手)	成交额(元)	性质
15:00:03	4.44	--	3882	1723608	卖盘
14:57:00	4.44	--	3	1332	卖盘
14:56:57	4.44	-0.01	191	84804	卖盘
14:56:54	4.45	0.01	102	45390	买盘
14:56:51	4.44	-0.01	35	15540	卖盘
14:56:48	4.45	--	116	51620	买盘
14:56:45	4.45	0.01	144	64080	买盘
14:56:39	4.44	-0.01	10	4440	卖盘
14:56:36	4.45	--	20	8900	买盘
14:56:33	4.45	--	192	85444	买盘
14:56:30	4.45	0.01	210	93450	买盘
14:56:27	4.44	--	791	351204	卖盘
14:56:24	4.44	-0.01	290	128760	卖盘
14:56:21	4.45	--	62	27590	买盘
14:56:18	4.45	--	30	13350	买盘
14:56:15	4.45	--	237	105465	买盘
14:56:12	4.45	--	220	97900	买盘
14:56:09	4.45	0.01	106	47170	买盘
14:56:06	4.44	-0.01	77	34188	卖盘
14:56:00	4.45	--	296	131720	买盘
14:55:57	4.45	0.01	117	52065	买盘
14:55:54	4.44	--	92	40848	卖盘
14:55:51	4.44	--	70	31080	卖盘
14:55:48	4.44	--	40	17760	卖盘
14:55:45	4.44	-0.01	206	91464	卖盘
14:55:42	4.45	0.01	37	16465	买盘
14:55:39	4.44	-0.01	51	22644	卖盘
14:55:36	4.45	0.01	166	73870	买盘
14:55:33	4.44	-0.01	65	28860	卖盘
14:55:30	4.45	0.01	38	16910	买盘
14:55:27	4.44	-0.01	9	3996	卖盘
14:55:24	4.45	0.01	238	105910	买盘
14:55:21	4.44	-0.01	46	20424	卖盘
14:55:18	4.45	--	22	9790	买盘
14:55:15	4.45	--	235	104575	买盘
14:55:12	4.45	--	6	2670	买盘
14:55:09	4.45	0.01	116	51620	买盘
14:55:03	4.44	--	100	44400	卖盘
14:55:00	4.44	--	25	11100	卖盘
14:54:57	4.44	--	3	1332	卖盘
14:54:54	4.44	-0.01	50	22200	卖盘
14:54:48	4.45	0.01	12	5340	买盘
14:54:45	4.44	--	75	33300	卖盘
14:54:42	4.44	-0.01	21	9324	卖盘
14:54:39	4.45	0.01	164	72980	买盘
14:54:36	4.44	--	4	1776	卖盘
14:54:33	4.44	--	187	83028	卖盘
14:54:30	4.44	--	40	17760	卖盘
14:54:27	4.44	--	70	31080	卖盘
14:54:24	4.44	--	3	1332	卖盘
14:54:21	4.44	--	41	18204	卖盘
14:54:18	4.44	-0.01	30	13320	卖盘
14:54:15	4.45	0.01	28	12460	买盘
14:54:12	4.44	--	20	8880	卖盘
14:54:09	4.44	-0.01	671	297924	卖盘
14:54:06	4.45	--	111	49395	买盘
14:54:03	4.45	0.01	10	4450	买盘
14:54:00	4.44	-0.01	203	90132	卖盘
14:53:57	4.45	0.01	101	44945	买盘
14:53:54	4.44	--	66	29304	卖盘
14:53:51	4.44	--	181	80364	卖盘
14:53:48	4.44	--	55	24420	卖盘
14:53:45	4.44	--	245	108780	卖盘
14:53:42	4.44	--	45	19980	卖盘
14:53:39	4.44	-0.01	10	4440	卖盘
14:53:36	4.45	--	60	26700	买盘
14:53:33	4.45	0.01	16	7120	买盘
14:53:30	4.44	--	174	77256	卖盘
14:53:27	4.44	--	249	110556	卖盘
14:53:24	4.44	--	302	134088	卖盘
14:53:21	4.44	-0.01	522	231768	卖盘
14:53:18	4.45	0.01	11	4895	买盘
14:53:15	4.44	--	2000	888000	卖盘
14:53:09	4.44	--	50	22200	卖盘
14:53:03	4.44	-0.01	102	45288	卖盘
14:53:00	4.45	0.01	80	35600	买盘
14:52:57	4.44	--	150	66600	卖盘
14:52:54	4.44	--	31	13764	卖盘
14:52:51	4.44	--	22	9768	卖盘
14:52:45	4.44	--	30	13320	卖盘
14:52:42	4.44	--	12	5328	卖盘
14:52:39	4.44	--	153	67932	卖盘
14:52:36	4.44	--	82	36408	卖盘
14:52:33	4.44	--	12	5328	卖盘
14:52:30	4.44	-0.01	20	8880	卖盘
14:52:27	4.45	0.01	544	242080	买盘
14:52:24	4.44	--	29	12876	卖盘
14:52:18	4.44	-0.01	98	43512	卖盘
14:52:15	4.45	--	308	137060	买盘
14:52:12	4.45	0.01	32	14240	买盘
14:52:09	4.44	--	91	40404	卖盘
14:52:06	4.44	--	10	4440	卖盘
14:52:03	4.44	--	22	9768	卖盘
14:52:00	4.44	--	20	8880	卖盘
14:51:57	4.44	-0.01	50	22200	卖盘
14:51:54	4.45	0.01	41	18245	买盘
14:51:51	4.44	--	86	38184	卖盘
14:51:48	4.44	--	44	19536	卖盘
14:51:45	4.44	--	64	28416	卖盘
14:51:42	4.44	--	101	44844	卖盘
14:51:36	4.44	--	42	18648	卖盘
14:51:30	4.44	--	324	143856	卖盘
14:51:27	4.44	-0.01	49	21756	卖盘
14:51:24	4.45	0.01	60	26700	买盘
14:51:21	4.44	-0.01	243	107892	卖盘
14:51:18	4.45	0.01	30	13350	买盘
14:51:15	4.44	--	79	35076	卖盘
14:51:12	4.44	--	9	3996	卖盘
14:51:09	4.44	-0.01	3020	1340880	卖盘
14:51:06	4.45	--	103	45835	买盘
14:51:03	4.45	0.01	10	4450	买盘
14:50:51	4.44	--	71	31524	卖盘
14:50:48	4.44	-0.01	19	8436	卖盘
14:50:45	4.45	0.01	60	26700	买盘
14:50:36	4.44	-0.01	450	199800	卖盘
14:50:33	4.45	0.01	13	5785	买盘
14:50:30	4.44	--	156	69264	买盘
14:50:27	4.44	--	535	237540	买盘
14:50:24	4.44	--	274	121656	卖盘
14:50:21	4.44	-0.01	562	249528	卖盘
14:50:18	4.45	0.01	18	8010	买盘
14:50:12	4.44	-0.01	200	88800	卖盘
14:50:09	4.45	0.01	5	2225	买盘
14:50:06	4.44	--	41	18204	卖盘
14:49:54	4.44	0.01	3	1332	卖盘
14:49:51	4.43	-0.01	1105	489514	卖盘
14:49:48	4.44	-0.01	50	22200	卖盘
14:49:45	4.45	0.01	57	25365	买盘
14:49:42	4.44	-0.01	8	3552	卖盘
14:49:39	4.45	0.01	4	1780	买盘
14:49:36	4.44	--	10	4440	卖盘
14:49:33	4.44	-0.01	36	15984	卖盘
14:49:27	4.45	0.01	31	13795	买盘
14:49:24	4.44	-0.01	13	5772	卖盘
14:49:21	4.45	0.01	5	2225	买盘
14:49:15	4.44	--	5	2220	卖盘
14:49:12	4.44	--	33	14652	卖盘
14:49:09	4.44	--	122	54168	买盘
14:49:06	4.44	--	22	9768	买盘
14:49:03	4.44	0.01	90	39960	买盘
14:49:00	4.43	--	305	135115	卖盘
14:48:51	4.43	-0.01	20	8860	卖盘
14:48:48	4.44	--	296	131424	买盘
14:48:39	4.44	0.01	35	15540	买盘
14:48:33	4.43	-0.01	30	13290	卖盘
14:48:27	4.44	--	20	8880	买盘
14:48:24	4.44	--	20	8880	买盘
14:48:21	4.44	0.01	36	15984	买盘
14:48:12	4.43	-0.01	90	39870	卖盘
14:48:09	4.44	--	10	4440	买盘
14:48:06	4.44	--	44	19536	买盘
14:48:03	4.44	0.01	14	6216	买盘
14:48:00	4.43	-0.01	169	74867	卖盘
14:47:57	4.44	--	1	444	买盘
14:47:54	4.44	--	83	36852	买盘
14:47:51	4.44	0.01	1	444	买盘
14:47:48	4.43	--	23	10189	卖盘
14:47:42	4.43	-0.01	97	42971	卖盘
14:47:36	4.44	0.01	121	53724	买盘
14:47:33	4.43	--	300	132900	卖盘
14:47:30	4.43	--	70	31009	卖盘
14:47:27	4.43	-0.01	1	443	卖盘
14:47:24	4.44	--	6	2664	买盘
14:47:21	4.44	0.01	100	44400	买盘
14:47:18	4.43	--	330	146190	卖盘
14:47:15	4.43	--	658	291494	卖盘
14:47:12	4.43	-0.01	4	1772	卖盘
14:47:09	4.44	0.01	68	30192	买盘
14:47:03	4.43	--	200	88600	卖盘
14:47:00	4.43	-0.01	50	22150	卖盘
14:46:57	4.44	0.01	257	114108	买盘
14:46:54	4.43	--	3	1329	卖盘
14:46:45	4.43	-0.01	40	17720	卖盘
14:46:36	4.44	0.01	5	2220	买盘
14:46:33	4.43	-0.01	4	1772	卖盘
14:46:30	4.44	--	10	4440	买盘
14:46:21	4.44	0.01	67	29748	买盘
14:46:18	4.43	--	85	37655	卖盘
14:46:12	4.43	--	2	886	卖盘
14:46:09	4.43	--	6	2658	卖盘
14:46:06	4.43	-0.01	17	7530	卖盘
14:46:03	4.44	--	10	4440	买盘
14:46:00	4.44	--	68	30192	买盘
14:45:48	4.44	--	16	7104	买盘
14:45:45	4.44	--	15	6660	买盘
14:45:42	4.44	--	6	2664	买盘
14:45:36	4.44	0.01	1	444	买盘
14:45:33	4.43	-0.01	10	4430	卖盘
14:45:30	4.44	0.01	17	7548	买盘
14:45:24	4.43	-0.01	20	8860	卖盘
14:45:21	4.44	--	140	62160	卖盘
14:45:18	4.44	--	7	3108	卖盘
14:45:15	4.44	--	50	22200	卖盘
14:45:12	4.44	--	1632	724608	买盘
14:45:03	4.44	0.01	15	6660	买盘
14:44:54	4.43	--	20	8860	卖盘
14:44:48	4.43	--	10	4430	卖盘
14:44:45	4.43	-0.01	2	886	卖盘
14:44:42	4.44	--	161	71484	卖盘
14:44:39	4.44	--	1	444	卖盘
14:44:36	4.44	--	213	94572	买盘
14:44:33	4.44	0.01	217	96348	买盘
14:44:30	4.43	-0.01	2	886	卖盘
14:44:18	4.44	--	10	4440	买盘
14:44:15	4.44	0.01	19	8436	中性盘
14:44:09	4.43	-0.01	770	341110	卖盘
14:44:03	4.44	--	216	95904	卖盘
14:43:54	4.44	--	26	11544	卖盘
14:43:51	4.44	--	48	21312	卖盘
14:43:39	4.44	-0.01	7	3108	卖盘
14:43:30	4.45	0.01	6	2670	买盘
14:43:27	4.44	--	10	4440	卖盘
14:43:18	4.44	--	1	444	卖盘
14:43:06	4.44	-0.01	48	21312	卖盘
14:43:03	4.45	0.01	18	8010	买盘
14:42:54	4.44	--	9	3996	卖盘
14:42:48	4.44	--	92	40848	卖盘
14:42:45	4.44	--	110	48840	买盘
14:42:42	4.44	--	6	2664	买盘
14:42:39	4.44	0.01	200	88800	买盘
14:42:36	4.43	-0.01	25	11075	卖盘
14:42:33	4.44	0.01	6	2664	买盘
14:42:30	4.43	-0.01	34	15061	卖盘
14:42:27	4.44	--	38	16872	买盘
14:42:24	4.44	--	11	4884	买盘
14:42:18	4.44	--	62	27528	买盘
14:42:15	4.44	--	215	95460	买盘
14:42:09	4.44	0.01	161	71484	买盘
14:42:06	4.43	-0.01	30	13290	卖盘
14:42:03	4.44	--	11	4884	买盘
14:42:00	4.44	--	30	13320	买盘
14:41:54	4.44	0.01	289	128316	买盘
14:41:51	4.43	-0.01	44	19492	卖盘
14:41:48	4.44	--	6	2664	买盘
14:41:45	4.44	--	12	5328	买盘
14:41:42	4.44	--	14	6216	买盘
14:41:39	4.44	--	18	7992	买盘
14:41:33	4.44	0.01	61	27084	买盘
14:41:24	4.43	-0.01	10	4430	卖盘
14:41:21	4.44	--	1	444	买盘
14:41:18	4.44	--	594	263736	卖盘
14:41:15	4.44	--	70	31080	卖盘
14:41:09	4.44	--	160	71040	卖盘
14:41:06	4.44	--	3	1332	卖盘
14:41:03	4.44	--	2	888	卖盘
14:41:00	4.44	--	110	48840	卖盘
14:40:54	4.44	--	200	88800	卖盘
14:40:51	4.44	--	95	42180	卖盘
14:40:42	4.44	-0.01	38	16872	卖盘
14:40:36	4.45	--	12	5340	买盘
14:40:33	4.45	0.01	115	51175	买盘
14:40:27	4.44	--	10	4440	卖盘
14:40:24	4.44	-0.01	10	4440	卖盘
14:40:18	4.45	0.01	78	34710	买盘
14:40:09	4.44	-0.01	12	5328	卖盘
14:40:06	4.45	--	2	890	买盘
14:39:57	4.45	0.01	20	8900	买盘
14:39:54	4.44	-0.01	30	13320	卖盘
14:39:48	4.45	0.01	229	101905	买盘
14:39:42	4.44	--	14	6216	卖盘
14:39:39	4.44	--	20	8880	卖盘
14:39:36	4.44	--	20	8880	卖盘
14:39:24	4.44	--	1	444	卖盘
14:39:18	4.44	--	8	3552	卖盘
14:39:12	4.44	--	39	17316	卖盘
14:39:09	4.44	--	7	3108	卖盘
14:39:00	4.44	--	82	36408	买盘
14:38:54	4.44	--	129	57276	买盘
14:38:51	4.44	--	7	3108	买盘
14:38:48	4.44	0.01	21	9324	买盘
14:38:42	4.43	-0.01	9	3986	卖盘
14:38:39	4.44	--	14	6216	买盘
14:38:36	4.44	--	3	1332	买盘
14:38:33	4.44	--	45	19980	买盘
14:38:30	4.44	--	202	89688	买盘
14:38:27	4.44	--	124	55056	买盘
14:38:21	4.44	--	173	76812	买盘
14:38:15	4.44	--	206	91464	买盘
14:38:12	4.44	--	20	8880	买盘
14:38:09	4.44	-0.01	181	80364	卖盘
14:38:06	4.45	0.01	18	8010	买盘
14:38:03	4.44	-0.01	100	44400	卖盘
14:38:00	4.45	0.01	4	1780	买盘
14:37:57	4.44	--	2340	1038960	卖盘
14:37:51	4.44	-0.01	31	13764	卖盘
14:37:42	4.45	--	13	5785	买盘
14:37:39	4.45	0.01	69	30705	买盘
14:37:36	4.44	-0.01	65	28860	卖盘
14:37:27	4.45	0.01	9	4005	买盘
14:37:24	4.44	--	70	31080	卖盘
14:37:21	4.44	-0.01	54	23976	卖盘
14:37:15	4.45	0.01	8	3560	买盘
14:37:12	4.44	--	6	2664	卖盘
14:37:03	4.44	--	110	48840	卖盘
14:37:00	4.44	-0.01	10	4440	卖盘
14:36:54	4.45	0.01	4	1780	买盘
14:36:45	4.44	--	100	44400	卖盘
14:36:36	4.44	--	10	4440	卖盘
14:36:33	4.44	--	110	48840	卖盘
14:36:24	4.44	--	116	51504	卖盘
14:36:21	4.44	--	5	2220	卖盘
14:36:18	4.44	--	190	84360	卖盘
14:36:15	4.44	--	10	4440	卖盘
14:36:12	4.44	--	10	4440	卖盘
14:36:03	4.44	-0.01	200	88800	卖盘
14:35:57	4.45	0.01	10	4450	买盘
14:35:51	4.44	-0.01	100	44400	卖盘
14:35:45	4.45	--	10	4450	买盘
14:35:42	4.45	0.01	121	53845	买盘
14:35:36	4.44	--	6	2664	卖盘
14:35:33	4.44	--	17	7548	卖盘
14:35:24	4.44	-0.01	100	44400	卖盘
14:35:21	4.45	--	126	56070	买盘
14:35:15	4.45	0.01	27	12015	买盘
14:35:00	4.44	--	30	13320	卖盘
14:34:48	4.44	-0.01	10	4440	卖盘
14:34:24	4.45	0.01	6	2670	买盘
14:34:21	4.44	--	2	888	卖盘
14:34:18	4.44	--	2	888	卖盘
14:34:15	4.44	--	10	4440	卖盘
14:34:12	4.44	-0.01	36	15984	卖盘
14:34:09	4.45	0.01	100	44500	买盘
14:34:06	4.44	--	261	115884	卖盘
14:34:03	4.44	-0.01	3	1332	卖盘
14:33:57	4.45	0.01	2	890	买盘
14:33:51	4.44	0.01	46	20424	买盘
14:33:48	4.43	-0.01	17	7530	卖盘
14:33:45	4.44	--	354	157176	卖盘
14:33:39	4.44	--	52	23088	买盘
14:33:36	4.44	--	10	4440	买盘
14:33:33	4.44	--	3	1332	买盘
14:33:30	4.44	--	50	22200	买盘
14:33:27	4.44	--	222	98568	买盘
14:33:24	4.44	--	300	133200	买盘
14:33:15	4.44	0.01	533	236652	买盘
14:33:12	4.43	--	32	14176	卖盘
14:33:03	4.43	--	1	443	卖盘
14:33:00	4.43	--	10	4430	卖盘
14:32:51	4.43	-0.01	115	50945	卖盘
14:32:39	4.44	0.01	1355	601620	买盘
14:32:33	4.43	--	130	57589	卖盘
14:32:30	4.43	--	5	2215	卖盘
14:32:27	4.43	--	8	3544	卖盘
14:32:24	4.43	--	133	58918	买盘
14:32:18	4.43	--	35	15504	买盘
14:32:15	4.43	--	719	318517	买盘
14:32:12	4.43	--	12	5316	买盘
14:32:09	4.43	--	26	11518	买盘
14:32:06	4.43	--	87	38541	买盘
14:32:03	4.43	--	90	39870	买盘
14:32:00	4.43	--	4	1772	买盘
14:31:57	4.43	--	221	97903	卖盘
14:31:54	4.43	--	360	159480	买盘
14:31:48	4.43	0.01	50	22150	买盘
14:31:45	4.42	-0.01	853	377118	卖盘
14:31:42	4.43	--	98	43414	买盘
14:31:39	4.43	0.01	74	32782	买盘
14:31:36	4.42	--	7	3094	卖盘
14:31:30	4.42	-0.01	200	88400	卖盘
14:31:24	4.43	--	20	8860	买盘
14:31:18	4.43	0.01	129	57146	买盘
14:31:15	4.42	--	0	176	卖盘
14:31:09	4.42	--	23	10166	卖盘
14:31:06	4.42	--	10	4420	卖盘
14:31:03	4.42	-0.01	3	1326	卖盘
14:31:00	4.43	0.01	33	14618	买盘
14:30:57	4.42	--	349	154258	卖盘
14:30:54	4.42	--	30	13260	卖盘
14:30:42	4.42	-0.01	122	53924	卖盘
14:30:36	4.43	0.01	101	44743	买盘
14:30:30	4.42	--	6	2652	卖盘
14:30:27	4.42	--	24	10608	卖盘
14:30:24	4.42	-0.01	2	884	卖盘
14:30:18	4.43	0.01	155	68665	买盘
14:30:15	4.42	-0.01	45	19890	卖盘
14:30:12	4.43	--	91	40313	买盘
14:30:09	4.43	0.01	36	15947	买盘
14:30:06	4.42	-0.01	109	48178	卖盘
14:30:00	4.43	0.01	50	22150	买盘
14:29:57	4.42	-0.01	6	2652	卖盘
14:29:54	4.43	0.01	163	72209	买盘
14:29:51	4.42	-0.01	8	3536	卖盘
14:29:48	4.43	--	62	27466	买盘
14:29:45	4.43	0.01	16	7088	买盘
14:29:39	4.42	--	617	272714	卖盘
14:29:36	4.42	-0.01	54	23868	卖盘
14:29:27	4.43	0.01	100	44300	买盘
14:29:21	4.42	--	7	3094	卖盘
14:29:18	4.42	-0.01	35	15470	卖盘
14:29:12	4.43	--	50	22150	买盘
14:29:09	4.43	--	151	66893	买盘
14:29:06	4.43	0.01	19	8417	买盘
14:29:03	4.42	--	8	3536	卖盘
14:29:00	4.42	-0.01	30	13260	卖盘
14:28:45	4.43	--	3	1329	买盘
14:28:36	4.43	--	6	2658	买盘
14:28:33	4.43	--	10	4430	买盘
14:28:24	4.43	--	4	1772	买盘
14:28:21	4.43	--	58	25694	买盘
14:28:18	4.43	--	12	5316	买盘
14:28:15	4.43	--	10	4430	买盘
14:28:12	4.43	--	28	12404	买盘
14:28:06	4.43	--	131	58032	卖盘
14:28:03	4.43	--	50	22150	卖盘
14:27:54	4.43	--	60	26580	卖盘
14:27:51	4.43	--	130	57589	卖盘
14:27:45	4.43	-0.01	20	8860	中性盘
14:27:42	4.44	0.01	8	3552	买盘
14:27:39	4.43	--	98	43414	卖盘
14:27:33	4.43	--	538	238333	卖盘
14:27:30	4.43	--	30	13290	卖盘
14:27:27	4.43	--	81	35883	卖盘
14:27:21	4.43	--	58	25694	卖盘
14:27:09	4.43	--	88	38984	买盘
14:27:06	4.43	--	86	38098	买盘
14:27:03	4.43	-0.01	302	133786	卖盘
14:27:00	4.44	0.01	6	2664	买盘
14:26:57	4.43	--	81	35883	卖盘
14:26:54	4.43	--	2	886	卖盘
14:26:51	4.43	--	5	2215	卖盘
14:26:48	4.43	--	10	4430	卖盘
14:26:42	4.43	--	66	29237	卖盘
14:26:36	4.43	--	5	2215	卖盘
14:26:33	4.43	--	39	17277	卖盘
14:26:24	4.43	--	8	3544	卖盘
14:26:21	4.43	0.01	5	2215	买盘
14:26:18	4.42	--	1500	663000	卖盘
14:26:15	4.42	--	500	221000	卖盘
14:26:12	4.42	-0.01	1558	688636	卖盘
14:26:09	4.43	--	31	13733	卖盘
14:26:06	4.43	-0.01	100	44300	卖盘
14:26:00	4.44	0.01	5	2220	买盘
14:25:57	4.43	--	28	12404	卖盘
14:25:54	4.43	-0.01	29	12847	卖盘
14:25:51	4.44	0.01	30	13320	买盘
14:25:48	4.43	--	100	44300	卖盘
14:25:42	4.43	--	24	10632	卖盘
14:25:36	4.43	-0.01	101	44743	卖盘
14:25:30	4.44	0.01	12	5328	买盘
14:25:21	4.43	--	82	36326	卖盘
14:25:18	4.43	--	10	4430	卖盘
14:25:15	4.43	--	10	4430	卖盘
14:25:12	4.43	--	13	5759	卖盘
14:25:09	4.43	--	50	22150	卖盘
14:25:06	4.43	--	12	5316	卖盘
14:25:00	4.43	--	15	6645	卖盘
14:24:57	4.43	--	517	229030	卖盘
14:24:54	4.43	--	70	31009	卖盘
14:24:51	4.43	-0.01	4	1772	卖盘
14:24:48	4.44	0.01	1	444	买盘
14:24:39	4.43	--	7	3101	卖盘
14:24:36	4.43	--	1	443	卖盘
14:24:33	4.43	--	6	2658	卖盘
14:24:27	4.43	--	62	27466	卖盘
14:24:21	4.43	--	50	22150	卖盘
14:24:18	4.43	-0.01	17	7530	卖盘
14:24:12	4.44	0.01	2	888	买盘
14:24:09	4.43	--	10	4430	卖盘
14:24:00	4.43	--	10	4430	卖盘
14:23:57	4.43	--	100	44300	卖盘
14:23:51	4.43	--	492	217956	卖盘
14:23:45	4.43	--	4	1772	卖盘
14:23:39	4.43	--	10	4430	卖盘
14:23:36	4.43	--	800	354400	卖盘
14:23:30	4.43	--	56	24808	卖盘
14:23:18	4.43	--	270	119609	卖盘
14:23:15	4.43	-0.01	100	44300	卖盘
14:23:09	4.44	--	36	15984	买盘
14:23:06	4.44	0.01	203	90132	买盘
14:22:51	4.43	--	10	4430	卖盘
14:22:45	4.43	--	50	22150	卖盘
14:22:36	4.43	--	50	22150	卖盘
14:22:33	4.43	--	3	1329	卖盘
14:22:30	4.43	--	331	146633	卖盘
14:22:27	4.43	--	20	8860	卖盘
14:22:24	4.43	--	90	39870	卖盘
14:22:21	4.43	-0.01	5	2215	卖盘
14:22:18	4.44	--	15	6660	买盘
14:22:12	4.44	--	100	44400	买盘
14:22:06	4.44	--	5	2220	买盘
14:22:00	4.44	0.01	59	26196	买盘
14:21:54	4.43	--	74	32782	卖盘
14:21:48	4.43	--	5	2215	卖盘
14:21:42	4.43	--	1	443	卖盘
14:21:39	4.43	--	14	6202	卖盘
14:21:36	4.43	--	63	27909	卖盘
14:21:33	4.43	--	30	13290	卖盘
14:21:30	4.43	--	113	50059	卖盘
14:21:18	4.43	--	41	18163	卖盘
14:21:15	4.43	--	176	77968	卖盘
14:21:12	4.43	0.01	40	17720	买盘
14:21:09	4.42	-0.01	24	10608	卖盘
14:21:00	4.43	--	10	4430	买盘
14:20:57	4.43	--	12	5316	买盘
14:20:54	4.43	--	40	17720	买盘
14:20:51	4.43	--	26	11518	卖盘
14:20:48	4.43	--	26	11518	买盘
14:20:42	4.43	0.01	40	17720	买盘
14:20:39	4.42	-0.01	1	442	卖盘
14:20:33	4.43	--	18	7973	卖盘
14:20:27	4.43	--	21	9303	卖盘
14:20:21	4.43	0.01	5	2215	买盘
14:20:09	4.42	--	39	17238	卖盘
14:20:06	4.42	-0.01	38	16796	卖盘
14:20:03	4.43	--	50	22150	买盘
14:20:00	4.43	--	1942	860607	卖盘
14:19:57	4.43	--	20	8860	卖盘
14:19:48	4.43	-0.01	50	22150	卖盘
14:19:45	4.44	0.01	53	23532	买盘
14:19:42	4.43	-0.01	11	4873	卖盘
14:19:39	4.44	0.01	15	6660	买盘
14:19:36	4.43	--	10	4430	卖盘
14:19:27	4.43	--	2	886	卖盘
14:19:24	4.43	--	171	75753	卖盘
14:19:15	4.43	-0.01	5	2215	卖盘
14:19:12	4.44	0.01	2	888	买盘
14:19:03	4.43	--	110	48730	卖盘
14:19:00	4.43	--	6	2658	卖盘
14:18:54	4.43	-0.01	8	3544	卖盘
14:18:51	4.44	--	36	15984	买盘
14:18:39	4.44	0.01	13	5772	买盘
14:18:33	4.43	--	37	16391	卖盘
14:18:30	4.43	-0.01	7	3101	卖盘
14:18:27	4.44	0.01	2	888	买盘
14:18:18	4.43	-0.01	2	886	卖盘
14:18:12	4.44	--	4	1776	买盘
14:18:06	4.44	0.01	35	15540	买盘
14:18:03	4.43	--	40	17720	卖盘
14:18:00	4.43	--	1	443	卖盘
14:17:54	4.43	-0.01	11	4873	卖盘
14:17:45	4.44	--	24	10656	买盘
14:17:42	4.44	0.01	50	22200	买盘
14:17:27	4.43	--	35	15504	卖盘
14:17:18	4.43	--	305	135115	卖盘
14:17:15	4.43	--	18	7973	卖盘
14:17:12	4.43	--	300	132900	卖盘
14:17:09	4.43	-0.01	23	10189	卖盘
14:17:03	4.44	0.01	39	17316	买盘
14:17:00	4.43	--	11	4873	卖盘
14:16:57	4.43	--	1	443	卖盘
14:16:54	4.43	--	70	31009	卖盘
14:16:51	4.43	--	8	3544	卖盘
14:16:48	4.43	-0.01	1	443	卖盘
14:16:45	4.44	--	131	58164	买盘
14:16:30	4.44	0.01	8	3552	买盘
14:16:24	4.43	--	17	7530	卖盘
14:16:18	4.43	--	13	5759	卖盘
14:16:03	4.43	--	50	22150	卖盘
14:16:00	4.43	-0.01	58	25694	卖盘
14:15:57	4.44	--	17	7548	买盘
14:15:48	4.44	--	236	104784	卖盘
14:15:45	4.44	--	2	888	卖盘
14:15:42	4.44	--	150	66600	卖盘
14:15:36	4.44	--	63	27972	卖盘
14:15:33	4.44	--	5	2220	卖盘
14:15:30	4.44	--	136	60384	卖盘
14:15:24	4.44	--	114	50616	卖盘
14:15:21	4.44	--	1	444	卖盘
14:15:18	4.44	--	10	4440	卖盘
14:15:12	4.44	--	191	84804	卖盘
14:15:09	4.44	--	13	5772	卖盘
14:15:03	4.44	--	20	8880	卖盘
14:14:57	4.44	-0.01	53	23532	卖盘
14:14:45	4.45	0.01	107	47615	买盘
14:14:39	4.44	-0.01	11	4884	卖盘
14:14:33	4.45	--	27	12015	买盘
14:14:24	4.45	--	2	890	买盘
14:14:21	4.45	0.01	100	44500	买盘
14:14:12	4.44	--	106	47064	卖盘
14:14:09	4.44	--	1	444	卖盘
14:14:06	4.44	--	119	52836	卖盘
14:14:03	4.44	--	60	26640	卖盘
14:13:54	4.44	-0.01	20	8880	卖盘
14:13:48	4.45	0.01	60	26700	买盘
14:13:42	4.44	--	60	26640	卖盘
14:13:39	4.44	--	1	444	卖盘
14:13:36	4.44	--	15	6660	卖盘
14:13:27	4.44	-0.01	11	4884	卖盘
14:13:21	4.45	0.01	50	22250	买盘
14:13:12	4.44	--	3	1332	卖盘
14:13:00	4.44	--	61	27084	卖盘
14:12:57	4.44	--	17	7548	卖盘
14:12:48	4.44	-0.01	12	5328	卖盘
14:12:42	4.45	0.01	433	192685	买盘
14:12:39	4.44	-0.01	1	444	卖盘
14:12:33	4.45	0.01	23	10235	买盘
14:12:30	4.44	--	20	8880	卖盘
14:12:27	4.44	--	101	44844	卖盘
14:12:21	4.44	--	114	50616	卖盘
14:12:18	4.44	-0.01	10	4440	卖盘
14:12:12	4.45	--	50	22250	买盘
14:12:06	4.45	0.01	4	1780	买盘
14:12:00	4.44	--	5	2220	卖盘
14:11:57	4.44	--	1	444	卖盘
14:11:48	4.44	--	16	7104	卖盘
14:11:39	4.44	--	19	8436	卖盘
14:11:33	4.44	--	11	4884	卖盘
14:11:30	4.44	--	21	9324	卖盘
14:11:27	4.44	--	30	13320	卖盘
14:11:18	4.44	--	15	6660	卖盘
14:11:15	4.44	--	26	11544	卖盘
14:11:06	4.44	--	50	22200	卖盘
14:10:57	4.44	--	1	444	卖盘
14:10:54	4.44	--	9	3996	卖盘
14:10:51	4.44	0.01	173	76812	买盘
14:10:45	4.43	--	4	1772	卖盘
14:10:42	4.43	-0.01	878	388954	卖盘
14:10:33	4.44	--	10	4440	买盘
14:10:30	4.44	0.01	30	13320	买盘
14:10:27	4.43	--	5	2215	卖盘
14:10:18	4.43	-0.01	201	89043	卖盘
14:10:09	4.44	--	2603	1155732	买盘
14:10:06	4.44	--	10	4440	买盘
14:10:00	4.44	0.01	500	222000	买盘
14:09:54	4.43	-0.01	200	88600	卖盘
14:09:48	4.44	0.01	2	888	买盘
14:09:45	4.43	-0.01	21	9303	卖盘
14:09:39	4.44	0.01	73	32412	买盘
14:09:36	4.43	--	36	15947	卖盘
14:09:33	4.43	-0.01	3	1329	卖盘
14:09:21	4.44	0.01	327	145188	买盘
14:09:18	4.43	-0.01	71	31452	卖盘
14:09:15	4.44	0.01	20	8880	买盘
14:09:12	4.43	--	28	12404	卖盘
14:09:09	4.43	-0.01	3	1329	卖盘
14:09:06	4.44	--	47	20868	买盘
14:08:51	4.44	0.01	2	888	买盘
14:08:48	4.43	--	1	443	卖盘
14:08:45	4.43	-0.01	10	4430	卖盘
14:08:42	4.44	--	52	23088	买盘
14:08:36	4.44	--	10	4440	买盘
14:08:33	4.44	--	17	7548	买盘
14:08:27	4.44	0.01	1	444	买盘
14:08:24	4.43	--	500	221500	卖盘
14:08:21	4.43	-0.01	7	3101	卖盘
14:08:18	4.44	--	80	35520	买盘
14:08:15	4.44	0.01	12	5328	买盘
14:08:09	4.43	-0.01	1	443	卖盘
14:08:06	4.44	0.01	885	392940	买盘
14:08:00	4.43	--	2	886	卖盘
14:07:54	4.43	--	3	1329	卖盘
14:07:51	4.43	-0.01	4	1772	卖盘
14:07:48	4.44	--	180	79920	买盘
14:07:42	4.44	0.01	5	2220	买盘
14:07:39	4.43	-0.01	3	1329	卖盘
14:07:36	4.44	--	30	13320	买盘
14:07:33	4.44	0.01	100	44400	买盘
14:07:30	4.43	--	100	44300	卖盘
14:07:27	4.43	--	37	16391	卖盘
14:07:15	4.43	--	10	4430	卖盘
14:07:12	4.43	--	49	21707	卖盘
14:07:09	4.43	--	89	39427	卖盘
14:07:06	4.43	--	13	5759	卖盘
14:07:03	4.43	-0.01	30	13290	卖盘
14:07:00	4.44	0.01	57	25308	买盘
14:06:54	4.43	--	35	15504	卖盘
14:06:51	4.43	--	169	74867	卖盘
14:06:42	4.43	--	6	2658	卖盘
14:06:39	4.43	-0.01	9	3986	卖盘
14:06:36	4.44	--	5	2220	买盘
14:06:30	4.44	0.01	119	52836	买盘
14:06:27	4.43	-0.01	1	443	卖盘
14:06:21	4.44	0.01	5	2220	买盘
14:06:18	4.43	--	36	15947	卖盘
14:06:12	4.43	--	50	22150	卖盘
14:06:09	4.43	--	1	443	卖盘
14:06:06	4.43	--	1	443	卖盘
14:05:57	4.43	--	20	8860	卖盘
14:05:54	4.43	-0.01	28	12404	卖盘
14:05:45	4.44	--	1	444	买盘
14:05:42	4.44	--	1	444	买盘
14:05:39	4.44	0.01	260	115440	买盘
14:05:33	4.43	--	2	886	卖盘
14:05:27	4.43	--	11	4873	卖盘
14:05:24	4.43	-0.01	1202	532486	卖盘
14:05:21	4.44	--	30	13320	买盘
14:05:18	4.44	0.01	36	15984	买盘
14:05:15	4.43	-0.01	42	18606	卖盘
14:05:12	4.44	--	8	3552	买盘
14:05:06	4.44	--	1	444	买盘
14:05:03	4.44	0.01	10	4440	买盘
14:05:00	4.43	--	2	886	卖盘
14:04:57	4.43	-0.01	1	443	卖盘
14:04:54	4.44	--	53	23532	买盘
14:04:51	4.44	0.01	10	4440	买盘
14:04:48	4.43	-0.01	12	5316	卖盘
14:04:42	4.44	0.01	38	16872	买盘
14:04:39	4.43	-0.01	28	12404	卖盘
14:04:36	4.44	--	2	888	买盘
14:04:30	4.44	0.01	50	22200	买盘
14:04:27	4.43	-0.01	4	1772	卖盘
14:04:24	4.44	--	38	16872	买盘
14:04:18	4.44	--	112	49728	买盘
14:04:06	4.44	0.01	100	44400	买盘
14:04:03	4.43	-0.01	82	36326	卖盘
14:03:57	4.44	--	1	444	买盘
14:03:54	4.44	--	47	20868	买盘
14:03:51	4.44	0.01	13	5772	买盘
14:03:48	4.43	-0.01	3	1329	卖盘
14:03:45	4.44	--	1	444	买盘
14:03:30	4.44	-0.01	346	153624	卖盘
14:03:21	4.45	0.01	50	22250	买盘
14:03:15	4.44	--	10	4440	卖盘
14:03:12	4.44	--	12	5328	卖盘
14:03:09	4.44	--	1	444	卖盘
14:02:57	4.44	--	50	22200	卖盘
14:02:54	4.44	--	467	207348	买盘
14:02:51	4.44	--	332	147408	买盘
14:02:45	4.44	0.01	1	444	买盘
14:02:42	4.43	--	2	886	卖盘
14:02:39	4.43	-0.01	17	7530	卖盘
14:02:36	4.44	--	6	2664	买盘
14:02:30	4.44	--	507	225108	买盘
14:02:27	4.44	0.01	3	1332	买盘
14:02:21	4.43	--	38	16834	卖盘
14:02:18	4.43	-0.01	40	17720	卖盘
14:02:00	4.44	--	10	4440	买盘
14:01:54	4.44	--	203	90132	卖盘
14:01:45	4.44	0.01	349	154956	买盘
14:01:30	4.43	-0.01	8	3544	卖盘
14:01:27	4.44	--	76	33744	卖盘
14:01:24	4.44	0.01	10	4440	中性盘
14:01:15	4.43	-0.01	85	37655	卖盘
14:01:12	4.44	--	1	586	买盘
14:01:09	4.44	--	108	47952	买盘
14:01:00	4.44	--	70	31080	买盘
14:00:57	4.44	--	16	7104	买盘
14:00:54	4.44	--	18	7992	买盘
14:00:51	4.44	--	30	13320	买盘
14:00:48	4.44	--	125	55500	买盘
14:00:45	4.44	0.01	22	9768	买盘
14:00:42	4.43	-0.01	12	5316	卖盘
14:00:39	4.44	--	20	8880	买盘
14:00:36	4.44	--	65	28860	买盘
14:00:33	4.44	--	247	109668	买盘
14:00:27	4.44	--	471	209425	卖盘
14:00:24	4.44	-0.01	13	5772	卖盘
14:00:21	4.45	0.01	40	17800	买盘
14:00:12	4.44	--	5	2220	卖盘
14:00:00	4.44	-0.01	60	26640	卖盘
13:59:57	4.45	0.01	200	89000	买盘
13:59:51	4.44	--	444	197136	卖盘
13:59:30	4.44	--	50	22200	卖盘
13:59:27	4.44	--	15	6660	卖盘
13:59:06	4.44	--	10	4440	卖盘
13:59:00	4.44	--	40	17760	卖盘
13:58:57	4.44	--	33	14652	卖盘
13:58:45	4.44	--	13	5772	卖盘
13:58:42	4.44	--	12	5328	卖盘
13:58:27	4.44	-0.01	57	25308	卖盘
13:58:24	4.45	0.01	20	8900	买盘
13:58:18	4.44	--	50	22200	卖盘
13:58:15	4.44	--	197	87468	卖盘
13:58:12	4.44	-0.01	1	444	卖盘
13:58:09	4.45	0.01	3	1335	买盘
13:58:00	4.44	-0.01	255	113220	卖盘
13:57:54	4.45	--	2	890	买盘
13:57:51	4.45	0.01	70	31150	买盘
13:57:42	4.44	--	11	4884	卖盘
13:57:39	4.44	--	45	19980	卖盘
13:57:33	4.44	--	113	50172	卖盘
13:57:30	4.44	--	40	17760	卖盘
13:57:24	4.44	--	519	230436	卖盘
13:57:21	4.44	--	51	22644	卖盘
13:57:09	4.44	-0.01	53	23532	卖盘
13:57:06	4.45	0.01	631	280795	买盘
13:56:54	4.44	--	5	2220	卖盘
13:56:48	4.44	-0.01	116	51504	卖盘
13:56:45	4.45	0.01	10	4450	买盘
13:56:42	4.44	-0.01	50	22200	卖盘
13:56:39	4.45	0.01	40	17800	买盘
13:56:30	4.44	--	50	22200	卖盘
13:56:27	4.44	--	8	3552	卖盘
13:56:24	4.44	-0.01	1	444	卖盘
13:56:15	4.45	0.01	1	445	买盘
13:56:12	4.44	--	1500	666000	卖盘
13:56:03	4.44	-0.01	10	4440	卖盘
13:56:00	4.45	0.01	34	15130	买盘
13:55:54	4.44	--	1	444	卖盘
13:55:48	4.44	--	46	20424	卖盘
13:55:45	4.44	-0.01	10	4440	卖盘
13:55:42	4.45	--	20	8900	买盘
13:55:39	4.45	0.01	1	445	买盘
13:55:30	4.44	--	135	59940	卖盘
13:55:24	4.44	-0.01	1	444	卖盘
13:55:18	4.45	0.01	80	35600	买盘
13:55:15	4.44	-0.01	189	83916	卖盘
13:55:12	4.45	0.01	20	8900	买盘
13:55:06	4.44	--	5	2220	卖盘
13:55:03	4.44	--	112	49728	卖盘
13:54:54	4.44	--	1	444	卖盘
13:54:45	4.44	-0.01	40	17760	卖盘
13:54:39	4.45	--	7	3115	买盘
13:54:36	4.45	0.01	50	22250	买盘
13:54:33	4.44	--	45	19980	卖盘
13:54:27	4.44	--	33	14652	卖盘
13:54:18	4.44	--	3	1332	卖盘
13:54:12	4.44	--	1	444	卖盘
13:54:09	4.44	--	4	1776	卖盘
13:53:57	4.44	-0.01	14	6216	卖盘
13:53:51	4.45	0.01	32	14240	买盘
13:53:42	4.44	-0.01	6	2664	卖盘
13:53:36	4.45	--	78	34710	买盘
13:53:30	4.45	--	36	16020	买盘
13:53:18	4.45	--	6	2670	买盘
13:53:15	4.45	0.01	8	3560	买盘
13:53:12	4.44	--	1	444	卖盘
13:52:51	4.44	--	5	2220	卖盘
13:52:42	4.44	-0.01	1	444	卖盘
13:52:39	4.45	0.01	2	890	买盘
13:52:33	4.44	--	1	444	卖盘
13:52:30	4.44	-0.01	20	8880	卖盘
13:52:27	4.45	0.01	1	445	买盘
13:52:24	4.44	-0.01	5	2220	卖盘
13:52:15	4.45	0.01	242	107690	买盘
13:52:12	4.44	-0.01	6	2664	卖盘
13:52:09	4.45	0.01	49	21805	买盘
13:52:06	4.44	--	132	58608	卖盘
13:52:00	4.44	-0.01	6	2664	卖盘
13:51:54	4.45	--	35	15575	买盘
13:51:51	4.45	--	35	15575	买盘
13:51:42	4.45	--	2	890	卖盘
13:51:36	4.45	0.01	10	4450	买盘
13:51:33	4.44	-0.01	10	4440	卖盘
13:51:30	4.45	--	10	4450	买盘
13:51:27	4.45	--	11	4895	买盘
13:51:24	4.45	--	11	4895	买盘
13:51:21	4.45	--	27	12015	买盘
13:51:18	4.45	--	237	105465	卖盘
13:51:12	4.45	--	39	17355	卖盘
13:51:09	4.45	--	219	97455	买盘
13:51:06	4.45	--	55	24475	买盘
13:51:03	4.45	--	5	2225	买盘
13:50:48	4.45	--	129	57405	卖盘
13:50:42	4.45	--	1	445	卖盘
13:50:39	4.45	--	41	18245	卖盘
13:50:33	4.45	--	100	44500	卖盘
13:50:27	4.45	--	152	67640	卖盘
13:50:24	4.45	--	5	2225	卖盘
13:50:21	4.45	--	13	5785	卖盘
13:50:12	4.45	--	16	7120	卖盘
13:50:03	4.45	--	6	2670	卖盘
13:50:00	4.45	--	100	44500	卖盘
13:49:57	4.45	-0.01	506	225170	卖盘
13:49:51	4.46	--	27	12042	买盘
13:49:48	4.46	0.01	252	112392	买盘
13:49:45	4.45	--	56	24920	卖盘
13:49:42	4.45	--	64	28480	卖盘
13:49:36	4.45	--	319	141955	卖盘
13:49:33	4.45	--	261	116145	买盘
13:49:24	4.45	--	241	107245	卖盘
13:49:21	4.45	--	54	24030	卖盘
13:49:06	4.45	--	3	1335	卖盘
13:49:03	4.45	--	1	445	卖盘
13:49:00	4.45	-0.01	61	27145	卖盘
13:48:51	4.46	0.01	100	44600	买盘
13:48:42	4.45	--	42	18690	卖盘
13:48:33	4.45	--	11	4895	卖盘
13:48:30	4.45	--	178	79210	卖盘
13:48:27	4.45	--	65	28925	卖盘
13:48:18	4.45	--	7	3115	卖盘
13:48:15	4.45	--	8	3560	卖盘
13:48:12	4.45	--	205	91225	卖盘
13:48:09	4.45	--	20	8900	卖盘
13:48:03	4.45	--	545	242525	卖盘
13:47:51	4.45	--	42	18690	卖盘
13:47:45	4.45	--	36	16020	卖盘
13:47:39	4.45	--	3	1335	卖盘
13:47:33	4.45	--	21	9345	卖盘
13:47:27	4.45	-0.01	71	31595	卖盘
13:47:09	4.46	0.01	75	33450	买盘
13:47:03	4.45	--	8	3560	卖盘
13:46:51	4.45	-0.01	25	11125	卖盘
13:46:48	4.46	0.01	161	71806	买盘
13:46:45	4.45	--	6	2670	卖盘
13:46:39	4.45	--	10	4450	卖盘
13:46:30	4.45	-0.01	1	445	卖盘
13:46:24	4.46	--	1	446	买盘
13:46:21	4.46	0.01	10	4460	买盘
13:46:12	4.45	--	42	18690	卖盘
13:46:03	4.45	--	30	13350	卖盘
13:46:00	4.45	--	54	24030	卖盘
13:45:57	4.45	--	15	6675	卖盘
13:45:51	4.45	-0.01	1	445	卖盘
13:45:48	4.46	0.01	20	8920	买盘
13:45:45	4.45	-0.01	153	68085	卖盘
13:45:42	4.46	0.01	4	1784	买盘
13:45:39	4.45	--	5	2225	卖盘
13:45:30	4.45	--	128	56960	卖盘
13:45:27	4.45	--	64	28480	卖盘
13:45:21	4.45	--	171	76095	卖盘
13:45:03	4.45	--	6	2670	卖盘
13:44:57	4.45	--	5	2225	卖盘
13:44:54	4.45	--	15	6675	卖盘
13:44:51	4.45	--	104	46280	卖盘
13:44:48	4.45	-0.01	453	201585	卖盘
13:44:39	4.46	0.01	121	53966	买盘
13:44:30	4.45	--	10	4450	卖盘
13:44:24	4.45	-0.01	501	222945	卖盘
13:44:12	4.46	--	17	7582	买盘
13:44:06	4.46	--	40	17840	买盘
13:44:00	4.46	--	30	13380	买盘
13:43:54	4.46	0.01	10	4460	买盘
13:43:51	4.45	-0.01	1	445	卖盘
13:43:42	4.46	0.01	5	2230	买盘
13:43:36	4.45	--	72	32040	卖盘
13:43:30	4.45	--	1	445	卖盘
13:43:27	4.45	--	19	8455	卖盘
13:43:24	4.45	--	1	445	卖盘
13:43:15	4.45	--	42	18690	卖盘
13:43:12	4.45	--	15	6675	卖盘
13:43:03	4.45	--	12	5340	卖盘
13:43:00	4.45	--	5	2225	卖盘
13:42:57	4.45	--	20	8900	卖盘
13:42:54	4.45	--	52	23140	卖盘
13:42:45	4.45	--	1	445	卖盘
13:42:36	4.45	--	10	4450	卖盘
13:42:30	4.45	--	38	16910	卖盘
13:42:27	4.45	--	20	8900	卖盘
13:42:24	4.45	--	2	890	卖盘
13:42:21	4.45	--	1	445	卖盘
13:42:18	4.45	--	31	13795	买盘
13:42:15	4.45	--	2	890	买盘
13:42:12	4.45	0.01	31	13795	买盘
13:42:06	4.44	-0.02	50	22200	卖盘
13:42:03	4.46	0.01	300	133800	买盘
13:42:00	4.45	0.01	1	445	买盘
13:41:51	4.44	--	75	33300	卖盘
13:41:48	4.44	--	13	5772	卖盘
13:41:42	4.44	-0.01	3	1332	卖盘
13:41:36	4.45	0.01	40	17800	买盘
13:41:33	4.44	-0.01	1	444	卖盘
13:41:15	4.45	--	47	20915	买盘
13:41:12	4.45	--	5	2225	买盘
13:41:09	4.45	0.01	5	2225	买盘
13:41:03	4.44	--	2	888	卖盘
13:41:00	4.44	--	5	2220	卖盘
13:40:57	4.44	-0.01	253	112332	卖盘
13:40:48	4.45	--	56	24920	卖盘
13:40:45	4.45	0.01	243	108139	买盘
13:40:42	4.44	--	1	444	卖盘
13:40:39	4.44	-0.01	360	159840	卖盘
13:40:33	4.45	0.01	15	6675	买盘
13:40:30	4.44	--	1	444	卖盘
13:40:27	4.44	--	100	44400	卖盘
13:40:24	4.44	--	10	4440	卖盘
13:40:21	4.44	--	164	72816	卖盘
13:40:18	4.44	-0.01	10	4440	卖盘
13:40:15	4.45	--	877	390265	买盘
13:40:12	4.45	0.01	100	44500	买盘
13:40:09	4.44	-0.01	30	13320	卖盘
13:40:06	4.45	0.01	1	445	买盘
13:40:00	4.44	--	33	14652	卖盘
13:39:57	4.44	--	100	44400	卖盘
13:39:54	4.44	--	59	26196	卖盘
13:39:51	4.44	-0.01	4	1776	卖盘
13:39:48	4.45	0.01	10	4450	买盘
13:39:45	4.44	--	71	31524	卖盘
13:39:39	4.44	--	801	355644	卖盘
13:39:30	4.44	--	55	24420	卖盘
13:39:06	4.44	--	12	5328	卖盘
13:39:03	4.44	-0.01	1	444	卖盘
13:39:00	4.45	--	5	2225	买盘
13:38:57	4.45	--	3	1335	买盘
13:38:54	4.45	0.01	35	15575	买盘
13:38:45	4.44	-0.01	3	1332	卖盘
13:38:42	4.45	--	3	1335	买盘
13:38:33	4.45	0.01	3	1335	买盘
13:38:27	4.44	--	140	62160	卖盘
13:38:21	4.44	-0.01	100	44400	卖盘
13:38:18	4.45	0.01	30	13350	买盘
13:38:12	4.44	--	63	27972	卖盘
13:38:09	4.44	--	88	39387	卖盘
13:38:06	4.44	-0.01	38	17311	卖盘
13:38:03	4.45	0.01	476	211824	买盘
13:38:00	4.44	--	1	444	卖盘
13:37:51	4.44	-0.01	1	444	卖盘
13:37:45	4.45	--	8	3560	买盘
13:37:42	4.45	0.01	20	8900	买盘
13:37:39	4.44	-0.01	28	12432	卖盘
13:37:33	4.45	--	436	194424	卖盘
13:37:30	4.45	--	39	17355	卖盘
13:37:27	4.45	--	8	3560	卖盘
13:37:21	4.45	--	1	445	卖盘
13:37:18	4.45	0.01	986	438810	买盘
13:37:09	4.44	--	10	4440	卖盘
13:37:03	4.44	--	5	2220	卖盘
13:37:00	4.44	-0.01	63	27972	卖盘
13:36:57	4.45	--	9	4005	买盘
13:36:54	4.45	--	30	13350	买盘
13:36:51	4.45	--	11	4895	买盘
13:36:45	4.45	--	30	13350	买盘
13:36:39	4.45	--	220	97900	买盘
13:36:36	4.45	--	3	1739	卖盘
13:36:33	4.45	--	20	8900	卖盘
13:36:27	4.45	--	40	17800	卖盘
13:36:21	4.45	--	109	48505	卖盘
13:36:15	4.45	--	34	15170	买盘
13:36:12	4.45	--	7	3115	买盘
13:36:09	4.45	--	8	3964	卖盘
13:36:03	4.45	--	32	14240	卖盘
13:36:00	4.45	--	30	13350	卖盘
13:35:57	4.45	0.01	184	81920	买盘
13:35:54	4.44	-0.01	416	184704	卖盘
13:35:51	4.45	0.01	40	17800	买盘
13:35:48	4.44	-0.01	15	6660	卖盘
13:35:42	4.45	--	52	23140	买盘
13:35:36	4.45	--	15	6675	买盘
13:35:30	4.45	--	542	241190	买盘
13:35:27	4.45	0.01	128	56960	买盘
13:35:24	4.44	--	12	5328	卖盘
13:35:21	4.44	--	7	3108	卖盘
13:35:18	4.44	-0.01	3	1332	卖盘
13:35:15	4.45	--	38	16910	买盘
13:35:12	4.45	0.01	37	16465	买盘
13:35:03	4.44	--	100	44400	卖盘
13:34:57	4.44	-0.01	521	231324	卖盘
13:34:51	4.45	0.01	54	24030	买盘
13:34:48	4.44	--	68	30192	卖盘
13:34:36	4.44	--	22	9768	卖盘
13:34:33	4.44	--	8	3552	卖盘
13:34:30	4.44	--	79	35076	卖盘
13:34:21	4.44	--	1	444	卖盘
13:34:15	4.44	--	15	6660	卖盘
13:34:12	4.44	-0.01	27	11988	卖盘
13:34:09	4.45	--	24	10680	买盘
13:34:06	4.45	0.01	300	133500	买盘
13:34:03	4.44	--	74	32856	卖盘
13:34:00	4.44	--	147	65268	卖盘
13:33:57	4.44	--	20	8880	卖盘
13:33:51	4.44	-0.01	1	444	卖盘
13:33:48	4.45	0.01	11	4895	买盘
13:33:42	4.44	-0.01	99	43956	卖盘
13:33:36	4.45	0.01	29	12905	买盘
13:33:30	4.44	-0.01	4	1776	卖盘
13:33:24	4.45	0.01	106	47170	买盘
13:33:21	4.44	--	8	3552	卖盘
13:33:15	4.44	--	10	4440	卖盘
13:33:09	4.44	-0.01	14	6216	卖盘
13:33:00	4.45	--	22	9790	买盘
13:32:57	4.45	--	20	8900	买盘
13:32:54	4.45	--	37	16465	买盘
13:32:45	4.45	--	13	5785	买盘
13:32:42	4.45	0.01	1	445	买盘
13:32:39	4.44	--	1	444	卖盘
13:32:36	4.44	-0.01	33	14652	卖盘
13:32:33	4.45	--	15	6675	卖盘
13:32:27	4.45	--	1	445	卖盘
13:32:24	4.45	--	42	18690	卖盘
13:32:18	4.45	--	122	54290	买盘
13:32:15	4.45	--	6	2670	买盘
13:32:12	4.45	0.01	142	63190	买盘
13:32:09	4.44	-0.01	8	3552	卖盘
13:32:06	4.45	--	2	890	买盘
13:32:03	4.45	--	200	89000	买盘
13:32:00	4.45	--	200	89000	买盘
13:31:57	4.45	--	3	1335	买盘
13:31:54	4.45	--	298	132610	买盘
13:31:51	4.45	-0.01	161	72049	卖盘
13:31:48	4.46	--	32	14272	买盘
13:31:45	4.46	0.01	85	37910	买盘
13:31:42	4.45	--	21	9345	卖盘
13:31:36	4.45	--	38	16910	卖盘
13:31:33	4.45	--	3	1335	卖盘
13:31:27	4.45	--	221	98345	卖盘
13:31:24	4.45	--	631	280795	卖盘
13:31:21	4.45	--	364	162020	卖盘
13:31:18	4.45	--	31	13795	卖盘
13:31:15	4.45	--	114	50730	卖盘
13:31:12	4.45	0.01	248	110360	买盘
13:31:03	4.44	--	180	79920	卖盘
13:31:00	4.44	--	54	23976	卖盘
13:30:57	4.44	-0.01	20	8880	卖盘
13:30:54	4.45	0.01	3	1335	买盘
13:30:51	4.44	--	30	13320	卖盘
13:30:45	4.44	--	38	16872	卖盘
13:30:39	4.44	--	109	48396	卖盘
13:30:36	4.44	--	190	84360	卖盘
13:30:30	4.44	--	117	51948	卖盘
13:30:24	4.44	--	530	235320	卖盘
13:30:15	4.44	-0.01	1	444	卖盘
13:30:12	4.45	0.01	3	1335	买盘
13:30:06	4.44	--	10	4440	卖盘
13:30:03	4.44	-0.01	260	115440	卖盘
13:30:00	4.45	--	145	64525	买盘
13:29:57	4.45	--	3	1335	买盘
13:29:51	4.45	0.01	50	22250	买盘
13:29:48	4.44	-0.01	57	25308	卖盘
13:29:45	4.45	0.01	37	16465	买盘
13:29:42	4.44	-0.01	1	444	卖盘
13:29:39	4.45	0.01	100	44500	买盘
13:29:36	4.44	-0.01	10	4440	卖盘
13:29:33	4.45	--	15	6675	买盘
13:29:24	4.45	--	116	51620	买盘
13:29:18	4.45	--	1879	836155	买盘
13:29:15	4.45	--	251	111695	买盘
13:29:12	4.45	--	130	57850	买盘
13:29:09	4.45	0.01	13	5785	买盘
13:29:06	4.44	--	3	1332	卖盘
13:29:00	4.44	-0.01	36	15984	卖盘
13:28:57	4.45	--	25	11125	买盘
13:28:54	4.45	0.01	11	4895	买盘
13:28:51	4.44	-0.01	6	2664	卖盘
13:28:48	4.45	--	20	8900	买盘
13:28:45	4.45	--	21	9345	买盘
13:28:42	4.45	--	25	11125	买盘
13:28:36	4.45	--	72	32040	买盘
13:28:30	4.45	0.01	402	178890	买盘
13:28:24	4.44	-0.01	32	14208	卖盘
13:28:18	4.45	--	50	22250	买盘
13:28:15	4.45	--	50	22250	买盘
13:28:09	4.45	0.01	54	24297	买盘
13:28:03	4.44	-0.01	490	217560	卖盘
13:28:00	4.45	--	22	9790	买盘
13:27:54	4.45	0.01	3	1335	买盘
13:27:51	4.44	--	11	4884	卖盘
13:27:48	4.44	--	3	1332	卖盘
13:27:42	4.44	--	265	117660	卖盘
13:27:39	4.44	-0.01	200	88800	卖盘
13:27:36	4.45	0.01	117	52065	买盘
13:27:33	4.44	--	1394	618936	卖盘
13:27:30	4.44	--	1	444	卖盘
13:27:27	4.44	--	1	444	卖盘
13:27:24	4.44	-0.01	1	444	卖盘
13:27:18	4.45	--	86	38270	买盘
13:27:15	4.45	--	29	12905	买盘
13:27:12	4.45	--	201	89445	买盘
13:27:09	4.45	--	24	10680	买盘
13:27:03	4.45	0.01	16	7120	买盘
13:26:57	4.44	-0.01	146	64824	卖盘
13:26:54	4.45	0.01	3	1335	买盘
13:26:51	4.44	-0.01	189	83916	卖盘
13:26:48	4.45	0.01	10	4450	买盘
13:26:45	4.44	-0.01	16	7104	卖盘
13:26:42	4.45	0.01	1	445	买盘
13:26:36	4.44	-0.01	82	36408	卖盘
13:26:33	4.45	0.01	45	20025	买盘
13:26:30	4.44	-0.01	120	53280	卖盘
13:26:27	4.45	--	5	2225	买盘
13:26:24	4.45	0.01	19	8455	买盘
13:26:21	4.44	-0.01	15	6660	卖盘
13:26:18	4.45	0.01	30	13350	买盘
13:26:15	4.44	-0.01	77	34188	卖盘
13:26:12	4.45	--	18	8010	买盘
13:26:09	4.45	--	31	13795	买盘
13:26:06	4.45	--	57	25365	买盘
13:26:03	4.45	--	9	4005	买盘
13:25:54	4.45	--	15	6675	买盘
13:25:51	4.45	--	34	15130	买盘
13:25:48	4.45	0.01	9	4005	买盘
13:25:45	4.44	-0.01	163	72372	卖盘
13:25:42	4.45	--	74	32930	买盘
13:25:36	4.45	0.01	13	5785	买盘
13:25:33	4.44	-0.01	119	52836	卖盘
13:25:30	4.45	--	8	3560	买盘
13:25:27	4.45	--	4	1780	买盘
13:25:21	4.45	--	32	14240	买盘
13:25:18	4.45	--	17	7565	买盘
13:25:15	4.45	--	69	30705	买盘
13:25:12	4.45	0.01	38	16910	买盘
13:25:06	4.44	-0.01	10	4440	卖盘
13:25:03	4.45	0.01	31	13795	买盘
13:25:00	4.44	-0.01	6	2664	卖盘
13:24:54	4.45	--	8	3560	买盘
13:24:51	4.45	0.01	1	445	买盘
13:24:48	4.44	--	18	7992	卖盘
13:24:42	4.44	-0.01	1	444	卖盘
13:24:39	4.45	0.01	204	90780	买盘
13:24:36	4.44	--	50	22200	卖盘
13:24:33	4.44	--	126	55944	卖盘
13:24:30	4.44	-0.01	15	6660	卖盘
13:24:24	4.45	--	300	133500	买盘
13:24:21	4.45	0.01	38	16910	买盘
13:24:18	4.44	-0.01	41	18204	卖盘
13:24:15	4.45	0.01	576	256320	买盘
13:24:12	4.44	--	50	22200	卖盘
13:24:09	4.44	--	345	153180	卖盘
13:24:06	4.44	-0.01	3	1332	卖盘
13:24:03	4.45	--	60	26700	买盘
13:24:00	4.45	--	54	24030	买盘
13:23:54	4.45	--	3	1335	买盘
13:23:48	4.45	--	20	8900	买盘
13:23:42	4.45	--	299	133464	卖盘
13:23:39	4.45	--	100	44500	卖盘
13:23:36	4.45	--	10	4450	卖盘
13:23:30	4.45	--	30	13350	卖盘
13:23:27	4.45	-0.01	200	89000	卖盘
13:23:24	4.46	--	2	892	买盘
13:23:21	4.46	--	10	4460	买盘
13:23:18	4.46	--	4	1784	买盘
13:23:15	4.46	0.01	38	16948	买盘
13:23:12	4.45	--	439	195355	卖盘
13:23:09	4.45	--	45	20025	卖盘
13:23:06	4.45	--	26	11570	卖盘
13:23:03	4.45	--	139	61855	卖盘
13:22:57	4.45	-0.01	35	15575	卖盘
13:22:54	4.46	0.01	71	31666	买盘
13:22:48	4.45	--	162	72090	卖盘
13:22:45	4.45	--	200	89000	卖盘
13:22:42	4.45	-0.01	15	6675	卖盘
13:22:39	4.46	0.01	41	18286	买盘
13:22:36	4.45	--	5	2225	卖盘
13:22:27	4.45	--	91	40495	卖盘
13:22:21	4.45	-0.01	14	6230	卖盘
13:22:12	4.46	--	3	1338	买盘
13:22:09	4.46	--	119	53074	买盘
13:22:06	4.46	--	14	6244	买盘
13:22:00	4.46	--	2	892	买盘
13:21:54	4.46	--	3	1338	买盘
13:21:51	4.46	0.01	8	3568	买盘
13:21:45	4.45	--	40	17800	卖盘
13:21:42	4.45	--	1	445	卖盘
13:21:36	4.45	-0.01	100	44500	卖盘
13:21:27	4.46	0.01	301	134246	买盘
13:21:21	4.45	--	1739	773890	卖盘
13:21:03	4.45	--	53	23585	卖盘
13:21:00	4.45	--	15	6675	卖盘
13:20:57	4.45	-0.01	304	135280	卖盘
13:20:54	4.46	0.01	8	3568	买盘
13:20:36	4.45	--	30	13350	卖盘
13:20:33	4.45	-0.01	22	9790	卖盘
13:20:30	4.46	0.01	1	446	买盘
13:20:27	4.45	--	82	36490	卖盘
13:20:18	4.45	--	118	52510	卖盘
13:20:06	4.45	-0.01	472	210040	卖盘
13:20:00	4.46	--	1	446	买盘
13:19:57	4.46	--	22	9812	买盘
13:19:54	4.46	0.01	57	25422	买盘
13:19:51	4.45	-0.01	5	2225	卖盘
13:19:48	4.46	--	5	2230	买盘
13:19:45	4.46	--	300	133800	买盘
13:19:42	4.46	--	10	4460	买盘
13:19:33	4.46	--	180	80280	买盘
13:19:30	4.46	--	30	13380	买盘
13:19:18	4.46	--	5	2230	买盘
13:19:15	4.46	--	20	8920	买盘
13:19:09	4.46	-0.01	121	54015	卖盘
13:19:06	4.47	0.01	6	2682	买盘
13:19:03	4.46	--	5	2230	卖盘
13:19:00	4.46	-0.01	70	31220	卖盘
13:18:54	4.47	0.01	108	48673	买盘
13:18:51	4.46	--	75	33499	卖盘
13:18:48	4.46	--	471	210066	卖盘
13:18:42	4.46	--	646	288116	卖盘
13:18:39	4.46	--	40	17840	卖盘
13:18:36	4.46	--	50	22300	卖盘
13:18:33	4.46	--	20	8920	卖盘
13:18:30	4.46	-0.01	16	7136	卖盘
13:18:24	4.47	0.01	41	18327	买盘
13:18:15	4.46	--	20	8920	卖盘
13:18:09	4.46	-0.01	1	446	卖盘
13:18:06	4.47	0.01	28	12516	买盘
13:18:03	4.46	--	40	17840	卖盘
13:18:00	4.46	--	16	7136	卖盘
13:17:57	4.46	--	50	22300	卖盘
13:17:54	4.46	--	25	11150	卖盘
13:17:51	4.46	--	32	14272	卖盘
13:17:48	4.46	--	1	446	卖盘
13:17:45	4.46	--	190	84740	卖盘
13:17:36	4.46	--	25	11150	卖盘
13:17:33	4.46	--	3	1338	卖盘
13:17:30	4.46	--	131	58426	卖盘
13:17:27	4.46	--	561	250206	卖盘
13:17:24	4.46	--	701	312646	卖盘
13:17:18	4.46	-0.01	6	2676	卖盘
13:17:15	4.47	0.01	180	80460	买盘
13:17:03	4.46	--	220	98120	卖盘
13:17:00	4.46	-0.01	1287	574002	卖盘
13:16:57	4.47	--	8	3576	买盘
13:16:54	4.47	0.01	8	3576	买盘
13:16:51	4.46	-0.01	60	26760	卖盘
13:16:48	4.47	0.01	50	22350	买盘
13:16:39	4.46	--	37	16502	卖盘
13:16:36	4.46	-0.01	10	4460	卖盘
13:16:27	4.47	0.01	20	8940	买盘
13:16:24	4.46	--	1257	561018	卖盘
13:16:21	4.46	-0.01	1	446	卖盘
13:16:18	4.47	--	15	6705	买盘
13:16:15	4.47	--	27	12069	买盘
13:16:09	4.47	--	50	22350	买盘
13:16:06	4.47	0.01	50	22350	买盘
13:16:03	4.46	--	56	24976	卖盘
13:16:00	4.46	--	91	40586	卖盘
13:15:57	4.46	--	159	70914	卖盘
13:15:54	4.46	--	20	8920	卖盘
13:15:51	4.46	-0.01	100	44600	卖盘
13:15:48	4.47	--	460	205620	买盘
13:15:39	4.47	0.01	6	2682	买盘
13:15:30	4.46	-0.01	13	5798	卖盘
13:15:27	4.47	--	13	5811	买盘
13:15:21	4.47	0.01	62	27714	买盘
13:15:18	4.46	--	239	106594	卖盘
13:15:15	4.46	-0.01	391	174386	卖盘
13:15:12	4.47	--	421	188187	买盘
13:15:09	4.47	0.01	249	111303	买盘
13:15:06	4.46	--	15	6690	卖盘
13:15:03	4.46	--	20	8920	卖盘
13:15:00	4.46	--	15	6690	卖盘
13:14:57	4.46	-0.01	520	231920	卖盘
13:14:54	4.47	--	57	25479	买盘
13:14:51	4.47	0.01	912	407664	买盘
13:14:48	4.46	--	20	8920	卖盘
13:14:42	4.46	-0.01	20	8920	卖盘
13:14:39	4.47	0.01	20	8940	买盘
13:14:36	4.46	-0.01	20	8920	卖盘
13:14:33	4.47	0.01	3	1341	买盘
13:14:30	4.46	--	1131	504426	卖盘
13:14:21	4.46	--	20	8920	卖盘
13:14:18	4.46	-0.01	2	892	卖盘
13:14:06	4.47	--	10	4470	买盘
13:14:03	4.47	0.01	5	2235	买盘
13:14:00	4.46	-0.01	10	4460	卖盘
13:13:57	4.47	0.01	17	7599	买盘
13:13:54	4.46	--	17	7582	卖盘
13:13:51	4.46	--	38	16948	卖盘
13:13:48	4.46	-0.01	20	8920	卖盘
13:13:42	4.47	-0.01	835	373245	卖盘
13:13:33	4.48	--	50	22400	买盘
13:13:30	4.48	0.01	21	9408	买盘
13:13:27	4.47	-0.01	66	29502	卖盘
13:13:24	4.48	0.01	30	13440	买盘
13:13:21	4.47	-0.01	150	67050	卖盘
13:13:12	4.48	--	8	3584	买盘
13:13:09	4.48	--	3002	1345308	卖盘
13:13:06	4.48	-0.01	2	896	卖盘
13:13:03	4.49	--	22	9878	买盘
13:12:54	4.49	--	35	15715	买盘
13:12:48	4.49	--	61	27389	买盘
13:12:45	4.49	0.01	5	2245	买盘
13:12:42	4.48	--	13	5824	卖盘
13:12:39	4.48	-0.01	5	2240	卖盘
13:12:30	4.49	0.01	42	18858	买盘
13:12:24	4.48	-0.01	182	81536	卖盘
13:12:15	4.49	--	13	5837	买盘
13:12:12	4.49	--	54	24246	买盘
13:12:09	4.49	0.01	1	449	买盘
13:12:06	4.48	--	101	45248	卖盘
13:12:03	4.48	--	40	17920	卖盘
13:12:00	4.48	--	14	6272	卖盘
13:11:57	4.48	-0.01	12	5376	卖盘
13:11:51	4.49	0.01	20	8980	买盘
13:11:48	4.48	--	16	7168	卖盘
13:11:45	4.48	--	40	17920	卖盘
13:11:42	4.48	-0.01	60	26880	卖盘
13:11:39	4.49	0.01	21	9429	买盘
13:11:33	4.48	--	31	13888	卖盘
13:11:30	4.48	--	13	5824	卖盘
13:11:27	4.48	-0.01	86	38528	卖盘
13:11:21	4.49	--	1	449	买盘
13:11:18	4.49	0.01	36	16164	买盘
13:11:15	4.48	--	58	25984	卖盘
13:11:12	4.48	--	2	896	卖盘
13:11:03	4.48	--	10	4480	卖盘
13:11:00	4.48	--	223	99904	卖盘
13:10:57	4.48	--	20	8960	卖盘
13:10:54	4.48	-0.01	35	15680	卖盘
13:10:51	4.49	0.01	2	898	买盘
13:10:45	4.48	-0.01	2	896	卖盘
13:10:42	4.49	0.01	143	64207	买盘
13:10:39	4.48	-0.01	129	57792	卖盘
13:10:36	4.49	0.01	20	8980	买盘
13:10:33	4.48	--	50	22400	卖盘
13:10:27	4.48	--	59	26432	卖盘
13:10:24	4.48	--	60	26880	卖盘
13:10:21	4.48	--	15	6720	卖盘
13:10:15	4.48	-0.01	85	38080	卖盘
13:10:12	4.49	0.01	348	156252	买盘
13:10:09	4.48	--	33	14784	卖盘
13:10:06	4.48	-0.01	11	4928	卖盘
13:10:03	4.49	0.01	20	8980	买盘
13:09:57	4.48	-0.01	30	13440	卖盘
13:09:54	4.49	--	16	7184	买盘
13:09:51	4.49	0.01	2	898	买盘
13:09:48	4.48	-0.01	35	15680	卖盘
13:09:42	4.49	--	523	234827	买盘
13:09:39	4.49	--	4	1796	买盘
13:09:27	4.49	--	5	2245	买盘
13:09:24	4.49	--	30	13470	买盘
13:09:21	4.49	0.01	7	3143	买盘
13:09:18	4.48	--	15	6720	卖盘
13:09:15	4.48	-0.01	6	2688	卖盘
13:09:12	4.49	0.01	200	89800	买盘
13:09:03	4.48	--	640	286755	买盘
13:09:00	4.48	--	11	4928	买盘
13:08:57	4.48	--	64	28672	买盘
13:08:54	4.48	--	9	4032	买盘
13:08:51	4.48	0.01	23	10304	买盘
13:08:48	4.47	-0.01	125	55875	卖盘
13:08:45	4.48	--	500	224000	买盘
13:08:42	4.48	--	65	29120	买盘
13:08:39	4.48	0.01	9	4032	买盘
13:08:36	4.47	-0.01	8	3576	卖盘
13:08:33	4.48	--	17	7616	买盘
13:08:27	4.48	--	50	22400	买盘
13:08:18	4.48	--	20	8960	买盘
13:08:15	4.48	0.01	34	15232	买盘
13:08:09	4.47	-0.01	1	447	中性盘
13:08:00	4.48	0.02	115	51520	买盘
13:07:57	4.46	-0.01	22	9812	卖盘
13:07:54	4.47	--	2675	1195725	买盘
13:07:51	4.47	0.01	20	8940	买盘
13:07:48	4.46	--	15	6690	卖盘
13:07:42	4.46	-0.01	53	23638	卖盘
13:07:36	4.47	0.01	224	100128	买盘
13:07:33	4.46	--	3	1338	卖盘
13:07:30	4.46	-0.01	1	446	卖盘
13:07:27	4.47	0.01	10	4470	买盘
13:07:24	4.46	--	1	446	卖盘
13:07:21	4.46	-0.01	26	11596	卖盘
13:07:15	4.47	0.01	45	20115	买盘
13:07:09	4.46	--	5	2230	卖盘
13:07:03	4.46	0.01	40	17840	买盘
13:06:57	4.45	-0.01	20	8900	卖盘
13:06:54	4.46	--	20	8920	买盘
13:06:48	4.46	-0.01	996	444216	卖盘
13:06:45	4.47	--	50	22350	买盘
13:06:42	4.47	--	143	63921	买盘
13:06:39	4.47	0.01	233	104151	买盘
13:06:36	4.46	-0.01	50	22300	卖盘
13:06:27	4.47	--	180	80460	买盘
13:06:24	4.47	0.01	28	12516	买盘
13:06:21	4.46	--	120	53520	卖盘
13:06:18	4.46	-0.01	5	2230	卖盘
13:06:15	4.47	0.01	4	1788	买盘
13:06:12	4.46	-0.01	147	65562	卖盘
13:06:09	4.47	--	17	7599	买盘
13:06:06	4.47	--	10	4470	买盘
13:05:51	4.47	--	1187	530589	卖盘
13:05:45	4.47	-0.01	112	50064	卖盘
13:05:42	4.48	--	99	44352	买盘
13:05:33	4.48	0.01	299	133952	买盘
13:05:30	4.47	--	1	447	卖盘
13:05:27	4.47	-0.01	30	13410	卖盘
13:05:24	4.48	--	25	11200	买盘
13:05:18	4.48	--	2	896	买盘
13:05:15	4.48	0.01	23	10304	买盘
13:05:03	4.47	--	4	1788	卖盘
13:05:00	4.47	-0.01	10	4470	卖盘
13:04:57	4.48	--	22	9856	买盘
13:04:54	4.48	0.01	17	7616	买盘
13:04:48	4.47	--	15	6705	卖盘
13:04:45	4.47	-0.01	40	17880	卖盘
13:04:42	4.48	0.01	1	448	买盘
13:04:39	4.47	--	312	139464	卖盘
13:04:36	4.47	-0.01	100	44700	卖盘
13:04:33	4.48	0.01	50	22400	买盘
13:04:30	4.47	-0.01	24	10728	卖盘
13:04:27	4.48	--	60	26880	买盘
13:04:24	4.48	--	20	8960	买盘
13:04:18	4.48	--	49	21952	买盘
13:04:12	4.48	--	36	16128	卖盘
13:04:06	4.48	--	369	165312	买盘
13:03:54	4.48	--	30	13440	买盘
13:03:48	4.48	--	59	26432	卖盘
13:03:45	4.48	-0.01	150	67200	卖盘
13:03:42	4.49	0.01	1332	598068	买盘
13:03:39	4.48	--	31	13888	卖盘
13:03:36	4.48	--	3	1344	买盘
13:03:24	4.48	--	30	13440	买盘
13:03:18	4.48	0.01	67	30016	买盘
13:03:15	4.47	-0.01	220	98340	卖盘
13:03:12	4.48	-0.01	13	5824	卖盘
13:03:06	4.49	0.01	5	2245	买盘
13:03:03	4.48	--	44	19712	卖盘
13:03:00	4.48	--	60	26880	买盘
13:02:54	4.48	0.01	3	1344	中性盘
13:02:51	4.47	--	47	21009	卖盘
13:02:42	4.47	-0.01	342	152874	卖盘
13:02:39	4.48	--	70	31360	买盘
13:02:33	4.48	0.01	17	7616	买盘
13:02:30	4.47	-0.01	16	7152	卖盘
13:02:27	4.48	--	56	25088	买盘
13:02:24	4.48	--	9	4032	买盘
13:02:15	4.48	0.01	285	127680	买盘
13:02:12	4.47	-0.01	115	51405	卖盘
13:02:09	4.48	--	50	22400	买盘
13:02:06	4.48	--	339	151872	买盘
13:02:03	4.48	--	479	214592	买盘
13:02:00	4.48	--	43	19264	买盘
13:01:54	4.48	--	231	103488	买盘
13:01:51	4.48	--	100	44800	买盘
13:01:45	4.48	--	15	6720	买盘
13:01:39	4.48	--	23	10304	买盘
13:01:33	4.48	0.01	16	7168	买盘
13:01:30	4.47	--	22	9834	卖盘
13:01:24	4.47	-0.01	297	132759	卖盘
13:01:21	4.48	0.01	668	299264	买盘
13:01:15	4.47	-0.01	100	44700	卖盘
13:01:12	4.48	--	204	91392	买盘
13:01:09	4.48	--	4	1792	买盘
13:01:06	4.48	0.01	14	6272	买盘
13:01:03	4.47	--	43	19221	卖盘
13:00:57	4.47	0.01	805	359835	买盘
13:00:54	4.46	-0.01	133	59318	卖盘
13:00:45	4.47	--	74	33078	买盘
13:00:42	4.47	--	18	8046	买盘
13:00:33	4.47	--	21	9387	买盘
13:00:30	4.47	--	9	4023	买盘
13:00:24	4.47	--	53	23691	买盘
13:00:18	4.47	--	34	15198	买盘
13:00:15	4.47	--	71	31737	买盘
13:00:09	4.47	--	910	406770	买盘
13:00:06	4.47	--	1206	539082	买盘
13:00:03	4.47	0.01	4677	2090619	买盘
13:00:00	4.46	--	0	0	卖盘
11:30:00	4.46	-0.01	63	28098	卖盘
11:29:57	4.47	0.01	500	223500	买盘
11:29:54	4.46	-0.01	25	11150	卖盘
11:29:51	4.47	0.01	205	91635	买盘
11:29:48	4.46	--	20	8920	卖盘
11:29:45	4.46	--	1	446	卖盘
11:29:33	4.46	-0.01	2	892	卖盘
11:29:27	4.47	0.01	6	2682	买盘
11:29:24	4.46	-0.01	207	92322	卖盘
11:29:21	4.47	--	45	20115	买盘
11:29:09	4.47	0.01	55	24585	买盘
11:29:06	4.46	-0.01	1084	483464	卖盘
11:29:00	4.47	--	27	12069	买盘
11:28:57	4.47	0.01	31	13857	买盘
11:28:54	4.46	-0.01	15	6690	卖盘
11:28:51	4.47	--	123	54981	买盘
11:28:48	4.47	--	38	16986	买盘
11:28:42	4.47	--	4	1788	买盘
11:28:33	4.47	0.01	141	63027	买盘
11:28:30	4.46	--	6	2676	卖盘
11:28:27	4.46	--	79	35234	卖盘
11:28:21	4.46	--	40	17840	卖盘
11:28:18	4.46	-0.01	10	4460	卖盘
11:28:15	4.47	0.01	16	7152	买盘
11:28:12	4.46	--	2021	901366	买盘
11:28:09	4.46	0.01	9	4014	买盘
11:27:57	4.45	--	20	8900	卖盘
11:27:54	4.45	--	341	152101	买盘
11:27:48	4.45	--	39	17355	买盘
11:27:39	4.45	0.01	502	223390	买盘
11:27:36	4.44	-0.01	20	8880	卖盘
11:27:33	4.45	--	29	12905	买盘
11:27:27	4.45	--	10	4450	买盘
11:27:24	4.45	--	102	45390	买盘
11:27:18	4.45	--	8	3560	买盘
11:27:15	4.45	0.01	30	13350	买盘
11:27:09	4.44	-0.01	13	5772	卖盘
11:27:06	4.45	--	662	294590	买盘
11:26:54	4.45	--	30	13350	买盘
11:26:48	4.45	--	37	16465	买盘
11:26:42	4.45	0.01	100	44500	买盘
11:26:36	4.44	-0.01	14	6216	卖盘
11:26:30	4.45	--	11	4895	买盘
11:26:27	4.45	--	33	14685	买盘
11:26:24	4.45	0.01	8	3560	买盘
11:26:21	4.44	-0.01	1	444	卖盘
11:26:18	4.45	--	18	8010	买盘
11:26:15	4.45	--	15	6675	买盘
11:26:12	4.45	--	15	6675	买盘
11:26:06	4.45	--	32	14240	买盘
11:26:00	4.45	--	8	3560	买盘
11:25:57	4.45	0.01	241	107245	买盘
11:25:54	4.44	-0.01	187	83028	卖盘
11:25:51	4.45	--	3	1335	买盘
11:25:48	4.45	0.01	12	5340	买盘
11:25:42	4.44	--	11	4884	卖盘
11:25:33	4.44	--	7	3108	卖盘
11:25:30	4.44	-0.01	103	45732	卖盘
11:25:27	4.45	--	50	22250	买盘
11:25:18	4.45	--	2	890	买盘
11:25:15	4.45	0.01	8	3560	买盘
11:25:12	4.44	--	40	17760	卖盘
11:25:09	4.44	--	11	4884	卖盘
11:25:00	4.44	0.01	1078	478632	买盘
11:24:57	4.43	-0.01	1	443	卖盘
11:24:54	4.44	--	30	13320	买盘
11:24:48	4.44	0.01	3	1332	买盘
11:24:45	4.43	-0.01	79	34997	卖盘
11:24:42	4.44	0.01	25	11100	买盘
11:24:39	4.43	-0.01	378	167454	卖盘
11:24:36	4.44	0.01	128	56832	买盘
11:24:33	4.43	-0.01	295	130684	卖盘
11:24:30	4.44	--	3	1332	买盘
11:24:27	4.44	0.01	300	133200	买盘
11:24:24	4.43	--	21	9303	卖盘
11:24:15	4.43	--	15	6645	卖盘
11:24:06	4.43	--	80	35440	买盘
11:24:03	4.43	--	36	15947	买盘
11:24:00	4.43	0.01	2	886	买盘
11:23:54	4.42	-0.01	15	6630	卖盘
11:23:51	4.43	--	23	10189	买盘
11:23:48	4.43	--	23	10189	买盘
11:23:45	4.43	0.01	50	22150	买盘
11:23:39	4.42	-0.01	98	43316	卖盘
11:23:36	4.43	0.01	3	1329	买盘
11:23:27	4.42	--	6	2652	卖盘
11:23:24	4.42	--	271	119874	买盘
11:23:21	4.42	--	119	52598	买盘
11:23:18	4.42	--	14	6188	买盘
11:23:15	4.42	--	300	132600	买盘
11:23:12	4.42	--	81	35802	买盘
11:23:09	4.42	--	131	57902	买盘
11:23:03	4.42	--	161	71162	买盘
11:23:00	4.42	--	20	8840	买盘
11:22:57	4.42	--	751	331942	买盘
11:22:54	4.42	--	201	88842	买盘
11:22:51	4.42	0.01	30	13260	买盘
11:22:48	4.41	-0.01	160	70560	卖盘
11:22:45	4.42	--	54	23868	买盘
11:22:42	4.42	--	30	13260	买盘
11:22:36	4.42	--	49	21658	买盘
11:22:30	4.42	--	2	884	买盘
11:22:27	4.42	--	170	75140	买盘
11:22:24	4.42	-0.01	1332	589097	卖盘
11:22:18	4.43	0.01	63	27909	卖盘
11:22:15	4.42	-0.02	440	194480	卖盘
11:22:12	4.44	0.02	45	19980	买盘
11:22:09	4.42	-0.01	102	45084	卖盘
11:22:06	4.43	--	20	8860	买盘
11:22:00	4.43	-0.01	11	4873	卖盘
11:21:57	4.44	0.02	3	1332	买盘
11:21:54	4.42	-0.02	120	53040	卖盘
11:21:51	4.44	0.01	224	99456	买盘
11:21:48	4.43	--	24	10632	买盘
11:21:45	4.43	--	101	44743	卖盘
11:21:39	4.43	--	208	92144	卖盘
11:21:36	4.43	--	50	22150	卖盘
11:21:21	4.43	--	78	34554	卖盘
11:21:18	4.43	--	1	443	卖盘
11:21:15	4.43	--	18	7973	卖盘
11:21:12	4.43	-0.01	49	21707	卖盘
11:21:06	4.44	--	103	45732	买盘
11:21:03	4.44	--	10	4440	买盘
11:21:00	4.44	--	384	170496	卖盘
11:20:57	4.44	--	108	47952	卖盘
11:20:54	4.44	--	6	2664	卖盘
11:20:51	4.44	--	181	80364	卖盘
11:20:45	4.44	0.01	866	384504	买盘
11:20:42	4.43	-0.01	30	13290	卖盘
11:20:36	4.44	--	8	3552	买盘
11:20:33	4.44	0.01	2	888	买盘
11:20:30	4.43	--	410	181630	卖盘
11:20:21	4.43	-0.01	1	443	卖盘
11:20:18	4.44	--	110	48840	买盘
11:20:15	4.44	0.01	4	1776	买盘
11:20:12	4.43	-0.01	23	10189	卖盘
11:20:09	4.44	--	17	7548	买盘
11:20:06	4.44	--	280	124320	买盘
11:20:03	4.44	--	4	1776	买盘
11:20:00	4.44	--	3	1332	买盘
11:19:57	4.44	--	10	4440	买盘
11:19:54	4.44	--	224	99456	买盘
11:19:48	4.44	0.01	18	7992	买盘
11:19:45	4.43	-0.01	9	3986	卖盘
11:19:42	4.44	--	8	3552	买盘
11:19:39	4.44	0.01	302	134088	买盘
11:19:30	4.43	--	52	23036	卖盘
11:19:24	4.43	--	5	2215	卖盘
11:19:21	4.43	-0.01	3	1329	卖盘
11:19:18	4.44	0.01	8	3552	买盘
11:19:15	4.43	--	30	13290	卖盘
11:19:09	4.43	--	7	3101	卖盘
11:19:06	4.43	--	205	90815	卖盘
11:19:03	4.43	--	18	7973	卖盘
11:18:57	4.43	-0.01	8	3544	卖盘
11:18:48	4.44	0.01	2	888	买盘
11:18:42	4.43	-0.01	20	8860	卖盘
11:18:36	4.44	0.01	121	53724	买盘
11:18:30	4.43	-0.01	4	1772	卖盘
11:18:27	4.44	0.01	5	2220	买盘
11:18:24	4.43	--	10	4430	卖盘
11:18:21	4.43	--	32	14176	卖盘
11:18:18	4.43	--	51	22593	买盘
11:18:15	4.43	0.01	100	44300	买盘
11:18:09	4.42	-0.01	355	156910	卖盘
11:18:06	4.43	--	252	111636	买盘
11:18:03	4.43	--	10	4430	买盘
11:18:00	4.43	--	11	4873	买盘
11:17:57	4.43	0.01	2	886	买盘
11:17:54	4.42	-0.01	50	22100	卖盘
11:17:48	4.43	0.01	15	6645	买盘
11:17:42	4.42	-0.01	6	2652	卖盘
11:17:39	4.43	-0.01	1070	474009	卖盘
11:17:36	4.44	--	15	6660	买盘
11:17:27	4.44	--	244	108336	买盘
11:17:18	4.44	0.01	29	12876	买盘
11:17:15	4.43	--	39	17277	卖盘
11:17:06	4.43	-0.01	100	44300	卖盘
11:17:03	4.44	--	5	2220	买盘
11:17:00	4.44	--	1	444	买盘
11:16:57	4.44	0.01	30	13320	买盘
11:16:54	4.43	--	19	8417	卖盘
11:16:36	4.43	-0.01	100	44300	卖盘
11:16:30	4.44	--	34	15096	买盘
11:16:24	4.44	0.01	16	7104	买盘
11:16:18	4.43	--	65	28794	卖盘
11:16:15	4.43	-0.01	33	14618	卖盘
11:16:06	4.44	0.01	30	13320	买盘
11:16:03	4.43	--	112	49616	卖盘
11:16:00	4.43	-0.01	6	2658	卖盘
11:15:57	4.44	--	396	175824	买盘
11:15:54	4.44	--	79	35076	买盘
11:15:48	4.44	--	10	4440	买盘
11:15:45	4.44	--	274	121656	买盘
11:15:42	4.44	--	2	888	买盘
11:15:39	4.44	0.01	6	2664	买盘
11:15:36	4.43	-0.01	112	49616	卖盘
11:15:30	4.44	0.01	20	8880	买盘
11:15:21	4.43	-0.01	200	88600	卖盘
11:15:18	4.44	--	15	6660	买盘
11:15:15	4.44	--	10	4440	买盘
11:15:12	4.44	0.01	30	13320	买盘
11:15:00	4.43	-0.01	15	6645	卖盘
11:14:57	4.44	--	3	1332	买盘
11:14:54	4.44	0.01	15	6660	买盘
11:14:48	4.43	-0.01	12	5316	卖盘
11:14:45	4.44	--	4	1776	买盘
11:14:39	4.44	--	80	35520	买盘
11:14:36	4.44	0.01	27	11988	买盘
11:14:30	4.43	-0.01	64	28352	卖盘
11:14:24	4.44	--	121	53724	买盘
11:14:18	4.44	0.01	31	13764	买盘
11:14:15	4.43	-0.01	20	8860	卖盘
11:13:54	4.44	--	9	3996	买盘
11:13:51	4.44	--	2	888	买盘
11:13:45	4.44	--	59	26196	买盘
11:13:33	4.44	0.01	30	13320	买盘
11:13:27	4.43	-0.01	14	6202	卖盘
11:13:24	4.44	0.01	14	6216	买盘
11:13:21	4.43	--	10	4430	卖盘
11:13:18	4.43	-0.01	30	13290	卖盘
11:12:57	4.44	--	9	3996	买盘
11:12:54	4.44	0.02	128	56832	买盘
11:12:51	4.42	-0.01	7	3094	卖盘
11:12:48	4.43	--	6	2658	买盘
11:12:45	4.43	0.01	116	51388	买盘
11:12:42	4.42	-0.01	5	2210	卖盘
11:12:39	4.43	--	127	56261	买盘
11:12:36	4.43	--	14	6202	买盘
11:12:30	4.43	0.01	20	8860	买盘
11:12:27	4.42	-0.01	29	12818	卖盘
11:12:24	4.43	0.01	65	28794	买盘
11:12:21	4.42	-0.01	61	26962	卖盘
11:12:18	4.43	0.01	5	2215	买盘
11:12:15	4.42	--	1	442	卖盘
11:12:12	4.42	--	38	16796	卖盘
11:12:06	4.42	-0.01	59	26078	卖盘
11:12:03	4.43	0.01	32	14176	买盘
11:12:00	4.42	--	28	12376	卖盘
11:11:54	4.42	--	1	442	卖盘
11:11:51	4.42	-0.01	12	5304	卖盘
11:11:45	4.43	--	7	3101	买盘
11:11:42	4.43	--	1	443	买盘
11:11:39	4.43	0.01	34	15061	买盘
11:11:36	4.42	-0.01	60	26520	卖盘
11:11:30	4.43	-0.01	311	137773	买盘
11:11:27	4.44	0.01	300	133200	买盘
11:11:24	4.43	--	61	27023	买盘
11:11:18	4.43	--	19	8417	买盘
11:11:15	4.43	--	802	355286	卖盘
11:11:09	4.43	--	22	9746	卖盘
11:11:06	4.43	--	20	8860	卖盘
11:11:00	4.43	--	30	13290	卖盘
11:10:54	4.43	-0.01	253	112079	卖盘
11:10:51	4.44	0.01	26	11544	买盘
11:10:48	4.43	--	32	14176	卖盘
11:10:45	4.43	--	1	443	卖盘
11:10:39	4.43	--	19	8505	卖盘
11:10:36	4.43	-0.01	28	12404	卖盘
11:10:33	4.44	0.01	438	194472	买盘
11:10:27	4.43	--	100	44300	卖盘
11:10:21	4.43	--	55	24365	卖盘
11:10:15	4.43	--	33	14618	卖盘
11:10:12	4.43	--	4	1772	卖盘
11:10:09	4.43	--	506	224158	卖盘
11:10:06	4.43	-0.01	10	4430	卖盘
11:10:03	4.44	--	87	38628	买盘
11:10:00	4.44	--	36	15984	买盘
11:09:54	4.44	--	4	1776	买盘
11:09:51	4.44	0.01	58	25752	买盘
11:09:48	4.43	--	9	3986	卖盘
11:09:45	4.43	-0.01	301	133343	卖盘
11:09:27	4.44	0.01	222	98568	买盘
11:09:24	4.43	--	68	30123	卖盘
11:09:21	4.43	-0.01	233	103219	卖盘
11:09:18	4.44	--	1	444	买盘
11:09:15	4.44	0.01	10	4440	买盘
11:09:12	4.43	-0.01	150	66450	卖盘
11:09:06	4.44	--	1336	593184	卖盘
11:09:03	4.44	--	40	17760	卖盘
11:08:57	4.44	-0.01	2	888	卖盘
11:08:54	4.45	0.01	3	1335	买盘
11:08:39	4.44	-0.01	20	8880	卖盘
11:08:36	4.45	0.01	1	445	买盘
11:08:30	4.44	--	5	2220	卖盘
11:08:27	4.44	-0.01	1	444	卖盘
11:08:24	4.45	--	20	8900	买盘
11:08:18	4.45	--	2	890	买盘
11:08:09	4.45	--	113	50285	卖盘
11:08:06	4.45	--	115	51175	卖盘
11:08:03	4.45	--	171	76095	卖盘
11:08:00	4.45	--	20	8900	卖盘
11:07:57	4.45	--	5	2225	卖盘
11:07:54	4.45	-0.01	48	21360	卖盘
11:07:51	4.46	0.01	49	21854	买盘
11:07:48	4.45	--	20	8900	卖盘
11:07:45	4.45	--	7	3115	卖盘
11:07:33	4.45	-0.01	512	227840	卖盘
11:07:30	4.46	0.01	39	17394	买盘
11:07:27	4.45	-0.01	86	38270	卖盘
11:07:21	4.46	--	113	50398	买盘
11:07:18	4.46	0.01	48	21408	买盘
11:07:15	4.45	--	40	17800	卖盘
11:07:12	4.45	-0.01	30	13350	卖盘
11:07:09	4.46	0.01	115	51290	买盘
11:07:06	4.45	-0.01	15	6675	卖盘
11:07:00	4.46	0.01	105	46830	买盘
11:06:57	4.45	-0.01	108	48060	卖盘
11:06:54	4.46	--	50	22300	买盘
11:06:48	4.46	--	4	1784	买盘
11:06:45	4.46	--	63	28098	买盘
11:06:36	4.46	--	10	4460	买盘
11:06:33	4.46	--	60	26760	买盘
11:06:27	4.46	0.01	13	5798	买盘
11:06:24	4.45	-0.01	35	15575	卖盘
11:06:21	4.46	0.01	100	44600	买盘
11:06:18	4.45	--	8	3560	卖盘
11:06:15	4.45	--	1	445	卖盘
11:06:09	4.45	-0.01	70	31150	卖盘
11:06:06	4.46	0.01	4	1784	买盘
11:06:00	4.45	--	10	4450	卖盘
11:05:57	4.45	-0.01	28	12460	卖盘
11:05:51	4.46	0.01	3	1338	买盘
11:05:45	4.45	--	10	4450	卖盘
11:05:30	4.45	--	20	8900	卖盘
11:05:27	4.45	-0.01	12	5340	卖盘
11:05:21	4.46	0.01	34	15164	买盘
11:05:06	4.45	-0.01	567	252315	卖盘
11:05:03	4.46	--	50	22300	买盘
11:04:48	4.46	--	53	23638	买盘
11:04:42	4.46	0.01	33	14718	买盘
11:04:39	4.45	--	104	46280	卖盘
11:04:36	4.45	-0.01	8	3560	卖盘
11:04:33	4.46	--	4	1784	买盘
11:04:15	4.46	--	1	446	买盘
11:04:12	4.46	--	67	29882	买盘
11:04:09	4.46	--	42	18732	买盘
11:04:00	4.46	--	101	45046	买盘
11:03:48	4.46	--	3	1338	买盘
11:03:42	4.46	--	9	4014	买盘
11:03:27	4.46	--	17	7582	买盘
11:03:24	4.46	0.01	21	9366	买盘
11:03:21	4.45	--	15	6675	卖盘
11:03:18	4.45	-0.01	231	102795	卖盘
11:03:03	4.46	--	35	15610	买盘
11:03:00	4.46	0.01	105	46830	买盘
11:02:57	4.45	-0.01	19	8455	卖盘
11:02:54	4.46	--	2	892	买盘
11:02:51	4.46	--	31	13826	买盘
11:02:48	4.46	0.01	12	5352	买盘
11:02:45	4.45	-0.01	33	14685	卖盘
11:02:42	4.46	--	35	15610	买盘
11:02:39	4.46	--	64	28544	买盘
11:02:36	4.46	--	26	11596	买盘
11:02:33	4.46	--	165	73590	买盘
11:02:24	4.46	--	114	50844	买盘
11:02:21	4.46	--	20	8920	买盘
11:02:12	4.46	--	95	42370	买盘
11:02:09	4.46	--	33	14718	买盘
11:02:06	4.46	--	13	5798	买盘
11:02:03	4.46	0.01	58	25868	买盘
11:01:57	4.45	--	18	8010	卖盘
11:01:51	4.45	--	5	2225	卖盘
11:01:48	4.45	--	2	890	卖盘
11:01:45	4.45	--	29	12905	卖盘
11:01:36	4.45	-0.01	20	8900	卖盘
11:01:33	4.46	--	22	9812	买盘
11:01:27	4.46	--	12	5352	买盘
11:01:21	4.46	--	31	13826	买盘
11:01:09	4.46	0.01	164	73144	买盘
11:01:06	4.45	--	11	4895	卖盘
11:01:00	4.45	-0.01	30	13350	卖盘
11:00:57	4.46	--	110	49060	买盘
11:00:54	4.46	--	31	13826	买盘
11:00:48	4.46	--	5	2230	买盘
11:00:45	4.46	--	27	12042	买盘
11:00:42	4.46	--	62	27652	买盘
11:00:39	4.46	--	6	2676	买盘
11:00:36	4.46	0.01	173	77158	买盘
11:00:30	4.45	--	1	445	卖盘
11:00:27	4.45	--	200	89000	卖盘
11:00:24	4.45	-0.01	10	4450	卖盘
11:00:21	4.46	--	9	4014	买盘
11:00:18	4.46	--	9	4014	买盘
11:00:15	4.46	--	19	8474	买盘
11:00:09	4.46	--	5	2230	买盘
11:00:06	4.46	--	104	46384	买盘
11:00:03	4.46	0.01	1261	562406	买盘
11:00:00	4.45	-0.01	60	26700	卖盘
10:59:54	4.46	--	3	1338	买盘
10:59:51	4.46	0.01	25	11150	买盘
10:59:45	4.45	--	5	2225	卖盘
10:59:42	4.45	--	12	5340	卖盘
10:59:39	4.45	--	565	251425	卖盘
10:59:36	4.45	--	6	2670	卖盘
10:59:33	4.45	--	2	890	卖盘
10:59:27	4.45	-0.01	70	31150	卖盘
10:59:21	4.46	0.01	1	446	买盘
10:59:18	4.45	-0.01	68	30260	卖盘
10:59:09	4.46	0.01	18	8028	买盘
10:59:03	4.45	-0.01	26	11570	卖盘
10:59:00	4.46	0.01	2	892	买盘
10:58:54	4.45	-0.01	9	4005	卖盘
10:58:51	4.46	--	59	26314	买盘
10:58:45	4.46	0.01	110	49060	买盘
10:58:42	4.45	-0.01	65	28925	卖盘
10:58:33	4.46	--	1	446	买盘
10:58:24	4.46	--	114	50844	买盘
10:58:15	4.46	--	1	446	买盘
10:58:12	4.46	--	9	4014	买盘
10:58:03	4.46	--	32	14272	买盘
10:58:00	4.46	--	8	3568	买盘
10:57:54	4.46	0.01	10	4460	买盘
10:57:51	4.45	-0.01	3	1335	卖盘
10:57:48	4.46	0.01	2	892	买盘
10:57:45	4.45	-0.01	10	4450	卖盘
10:57:39	4.46	--	23	10258	买盘
10:57:33	4.46	0.01	102	45492	买盘
10:57:12	4.45	--	4	1780	卖盘
10:57:09	4.45	--	12	5340	卖盘
10:57:06	4.45	-0.01	12	5340	卖盘
10:57:03	4.46	0.01	34	15164	买盘
10:57:00	4.45	-0.01	5	2225	卖盘
10:56:51	4.46	--	100	44600	买盘
10:56:45	4.46	0.01	3	1338	买盘
10:56:42	4.45	--	30	13350	卖盘
10:56:39	4.45	-0.01	40	17800	卖盘
10:56:36	4.46	0.01	15	6690	买盘
10:56:33	4.45	--	12	5340	卖盘
10:56:30	4.45	-0.01	18	8010	卖盘
10:56:27	4.46	--	1	446	买盘
10:56:24	4.46	0.01	50	22300	买盘
10:56:21	4.45	--	1	445	卖盘
10:56:18	4.45	-0.01	30	13350	卖盘
10:56:15	4.46	--	9	4014	买盘
10:56:12	4.46	--	1	446	买盘
10:56:09	4.46	--	43	19178	买盘
10:56:03	4.46	0.01	27	12042	买盘
10:56:00	4.45	--	34	15130	卖盘
10:55:57	4.45	-0.01	24	10680	卖盘
10:55:51	4.46	--	266	118636	买盘
10:55:45	4.46	0.01	3	1338	买盘
10:55:42	4.45	--	24	10680	卖盘
10:55:36	4.45	--	37	16465	卖盘
10:55:33	4.45	-0.01	23	10235	卖盘
10:55:27	4.46	0.01	16	7136	买盘
10:55:24	4.45	--	20	8900	卖盘
10:55:18	4.45	-0.01	10	4450	卖盘
10:55:15	4.46	0.01	29	12934	买盘
10:55:12	4.45	--	46	20470	卖盘
10:55:09	4.45	-0.01	25	11125	卖盘
10:55:06	4.46	0.01	25	11150	买盘
10:55:03	4.45	--	200	89000	卖盘
10:54:57	4.45	-0.01	14	6230	卖盘
10:54:54	4.46	--	23	10258	买盘
10:54:48	4.46	0.01	30	13380	买盘
10:54:45	4.45	--	21	9345	卖盘
10:54:42	4.45	--	1	445	卖盘
10:54:39	4.45	--	104	46280	卖盘
10:54:30	4.45	-0.01	10	4450	卖盘
10:54:21	4.46	--	149	66454	买盘
10:54:06	4.46	--	6	2676	买盘
10:54:03	4.46	0.01	30	13380	买盘
10:53:54	4.45	--	130	57850	卖盘
10:53:51	4.45	-0.01	1	445	卖盘
10:53:48	4.46	--	3	1338	买盘
10:53:45	4.46	0.01	12	5352	买盘
10:53:42	4.45	--	9	4005	卖盘
10:53:36	4.45	--	1	445	卖盘
10:53:33	4.45	--	1226	545570	卖盘
10:53:30	4.45	-0.01	40	17800	卖盘
10:53:18	4.46	0.01	3	1338	买盘
10:53:12	4.45	-0.01	41	18245	卖盘
10:53:09	4.46	0.01	24	10704	买盘
10:53:06	4.45	-0.01	100	44500	卖盘
10:53:03	4.46	--	53	23638	买盘
10:53:00	4.46	0.01	35	15610	买盘
10:52:48	4.45	-0.01	42	18690	卖盘
10:52:45	4.46	0.01	3	1338	买盘
10:52:36	4.45	-0.01	5	2225	卖盘
10:52:33	4.46	--	2	892	买盘
10:52:27	4.46	--	3	1338	买盘
10:52:18	4.46	--	227	101242	买盘
10:52:06	4.46	0.01	4	1784	买盘
10:52:03	4.45	--	39	17355	卖盘
10:52:00	4.45	-0.01	100	44500	卖盘
10:51:51	4.46	--	3	1338	买盘
10:51:42	4.46	0.01	6	2676	买盘
10:51:39	4.45	--	2	890	卖盘
10:51:36	4.45	--	35	15575	卖盘
10:51:27	4.45	--	152	67640	卖盘
10:51:21	4.45	0.01	1000	445000	买盘
10:51:15	4.44	-0.01	59	26196	卖盘
10:51:12	4.45	--	13	5785	买盘
10:51:09	4.45	--	156	69420	买盘
10:51:06	4.45	--	20	8900	买盘
10:51:03	4.45	--	525	233625	买盘
10:51:00	4.45	--	180	80100	买盘
10:50:54	4.45	--	1500	667500	买盘
10:50:51	4.45	0.01	192	85440	买盘
10:50:48	4.44	-0.01	55	24420	卖盘
10:50:39	4.45	--	15	6675	买盘
10:50:36	4.45	0.01	296	131720	买盘
10:50:33	4.44	-0.01	30	13320	卖盘
10:50:27	4.45	0.01	23	10235	买盘
10:50:24	4.44	-0.01	61	27084	卖盘
10:50:18	4.45	--	13	5785	买盘
10:50:15	4.45	--	13	5785	买盘
10:50:09	4.45	--	13	5785	买盘
10:50:06	4.45	--	1	445	买盘
10:50:03	4.45	--	70	31150	买盘
10:50:00	4.45	--	108	48060	买盘
10:49:57	4.45	--	42	18690	买盘
10:49:51	4.45	0.01	6	2670	买盘
10:49:45	4.44	-0.01	2	888	卖盘
10:49:42	4.45	--	3	1335	买盘
10:49:39	4.45	--	2	890	买盘
10:49:27	4.45	--	42	18690	买盘
10:49:24	4.45	--	13	5785	买盘
10:49:18	4.45	--	11	4895	买盘
10:49:12	4.45	--	5	2225	买盘
10:48:45	4.45	0.01	27	12015	买盘
10:48:42	4.44	--	20	8880	卖盘
10:48:36	4.44	--	25	11100	买盘
10:48:33	4.44	-0.01	26	11544	卖盘
10:48:30	4.45	0.01	9	4005	买盘
10:48:24	4.44	--	5	2220	买盘
10:48:18	4.44	--	30	13320	买盘
10:48:09	4.44	0.01	5	2220	中性盘
10:47:57	4.43	--	4	1772	卖盘
10:47:54	4.43	-0.02	20	8860	卖盘
10:47:51	4.45	--	9	4005	买盘
10:47:48	4.45	0.01	510	226950	买盘
10:47:45	4.44	-0.01	263	116772	卖盘
10:47:42	4.45	0.01	100	44500	买盘
10:47:39	4.44	-0.01	15	6660	卖盘
10:47:36	4.45	0.01	25	11125	买盘
10:47:30	4.44	-0.01	50	22200	卖盘
10:47:27	4.45	--	10	4450	买盘
10:47:24	4.45	0.01	215	95675	买盘
10:47:21	4.44	-0.01	2	888	卖盘
10:47:12	4.45	--	180	80100	买盘
10:47:09	4.45	--	1	445	买盘
10:47:03	4.45	--	20	8900	买盘
10:46:57	4.45	--	300	133500	买盘
10:46:54	4.45	--	12	5340	买盘
10:46:51	4.45	--	2111	939395	卖盘
10:46:48	4.45	-0.01	14	6230	卖盘
10:46:42	4.46	0.01	125	55750	买盘
10:46:39	4.45	-0.01	10	4450	卖盘
10:46:36	4.46	--	145	64670	买盘
10:46:33	4.46	0.01	2	892	买盘
10:46:30	4.45	--	253	112585	卖盘
10:46:24	4.45	--	37	16465	卖盘
10:46:18	4.45	--	6	2670	卖盘
10:46:15	4.45	--	117	52065	卖盘
10:46:06	4.45	-0.01	55	24475	卖盘
10:45:57	4.46	0.01	312	139152	买盘
10:45:54	4.45	--	24	10680	卖盘
10:45:51	4.45	--	1	445	卖盘
10:45:48	4.45	-0.01	1	445	卖盘
10:45:45	4.46	--	26	11596	买盘
10:45:42	4.46	--	102	45492	买盘
10:45:39	4.46	--	231	103026	买盘
10:45:36	4.46	--	20	8920	买盘
10:45:27	4.46	--	20	8920	买盘
10:45:21	4.46	--	32	14272	买盘
10:45:18	4.46	0.01	25	11150	买盘
10:45:12	4.45	-0.01	5	2225	卖盘
10:45:06	4.46	--	49	21854	买盘
10:44:57	4.46	0.01	7	3122	买盘
10:44:54	4.45	-0.01	12	5340	卖盘
10:44:51	4.46	0.01	3	1338	买盘
10:44:48	4.45	-0.01	8	3560	卖盘
10:44:45	4.46	0.01	27	12042	买盘
10:44:42	4.45	--	55	24475	卖盘
10:44:39	4.45	--	176	78320	卖盘
10:44:36	4.45	--	14	6230	卖盘
10:44:27	4.45	-0.01	16	7120	卖盘
10:44:24	4.46	0.01	226	100796	买盘
10:44:21	4.45	--	169	75205	卖盘
10:44:18	4.45	-0.01	26	11570	卖盘
10:44:15	4.46	0.01	2	892	买盘
10:44:09	4.45	--	240	106800	卖盘
10:43:57	4.45	--	61	27145	卖盘
10:43:54	4.45	0.01	3993	1776885	买盘
10:43:51	4.44	-0.01	246	109224	卖盘
10:43:45	4.45	--	2	890	买盘
10:43:42	4.45	--	114	50730	买盘
10:43:36	4.45	--	133	59185	买盘
10:43:33	4.45	--	22	9790	买盘
10:43:27	4.45	--	2	890	买盘
10:43:24	4.45	-0.01	378	168210	卖盘
10:43:21	4.46	--	10	4460	买盘
10:43:18	4.46	--	78	34788	买盘
10:43:15	4.46	--	3	1338	买盘
10:43:09	4.46	--	20	8920	买盘
10:43:06	4.46	--	1	446	买盘
10:43:03	4.46	--	10	4460	买盘
10:43:00	4.46	--	20	8920	买盘
10:42:57	4.46	--	8	3568	买盘
10:42:51	4.46	-0.01	192	85761	卖盘
10:42:48	4.47	--	61	27267	买盘
10:42:42	4.47	0.01	584	261048	买盘
10:42:39	4.46	-0.01	160	71360	卖盘
10:42:36	4.47	0.01	1	447	买盘
10:42:27	4.46	0.02	1383	617134	买盘
10:42:24	4.44	-0.01	110	48840	卖盘
10:42:18	4.45	--	14	6230	买盘
10:42:15	4.45	--	100	44500	买盘
10:42:12	4.45	--	53	23585	买盘
10:42:09	4.45	--	102	45390	买盘
10:42:03	4.45	--	41	18245	买盘
10:41:57	4.45	--	10	4450	卖盘
10:41:54	4.45	--	89	39605	卖盘
10:41:51	4.45	--	15	6675	卖盘
10:41:48	4.45	-0.01	5	2225	卖盘
10:41:45	4.46	--	35	15610	买盘
10:41:42	4.46	-0.01	150	67029	卖盘
10:41:39	4.47	0.01	5	2235	买盘
10:41:36	4.46	--	384	171264	卖盘
10:41:33	4.46	--	606	270276	卖盘
10:41:30	4.46	-0.01	120	53520	卖盘
10:41:27	4.47	--	226	101022	买盘
10:41:24	4.47	--	30	13410	买盘
10:41:21	4.47	0.01	155	69285	买盘
10:41:18	4.46	-0.01	50	22300	卖盘
10:41:15	4.47	--	53	23691	买盘
10:41:12	4.47	--	68	30396	买盘
10:41:09	4.47	--	24	10728	买盘
10:41:06	4.47	--	68	30396	买盘
10:41:03	4.47	--	100	44700	买盘
10:40:57	4.47	0.01	24	10728	买盘
10:40:54	4.46	-0.01	21	9366	卖盘
10:40:51	4.47	0.01	41	18327	买盘
10:40:48	4.46	--	60	26760	卖盘
10:40:45	4.46	--	14	6244	卖盘
10:40:42	4.46	--	130	57980	卖盘
10:40:39	4.46	--	390	173940	卖盘
10:40:36	4.46	0.01	2301	1026562	买盘
10:40:30	4.45	0.01	2	890	买盘
10:40:27	4.44	-0.01	128	56832	卖盘
10:40:21	4.45	--	222	98790	买盘
10:40:18	4.45	--	23	10235	买盘
10:40:15	4.45	--	235	104575	买盘
10:40:12	4.45	--	97	43165	买盘
10:40:09	4.45	--	45	20025	买盘
10:40:06	4.45	--	21	9345	买盘
10:40:03	4.45	0.01	84	37380	买盘
10:40:00	4.44	--	20	8880	卖盘
10:39:51	4.44	--	474	210456	买盘
10:39:48	4.44	--	13	5772	买盘
10:39:45	4.44	--	65	28860	买盘
10:39:42	4.44	--	30	13320	买盘
10:39:39	4.44	--	4	1776	买盘
10:39:36	4.44	--	106	47064	买盘
10:39:30	4.44	0.01	7	3108	买盘
10:39:21	4.43	--	22	9746	卖盘
10:39:18	4.43	--	523	231688	买盘
10:39:15	4.43	--	118	52274	买盘
10:39:12	4.43	--	137	60690	买盘
10:39:09	4.43	--	2512	1112816	买盘
10:39:06	4.43	--	2	886	买盘
10:39:03	4.43	--	89	39427	买盘
10:39:00	4.43	--	630	279090	买盘
10:38:54	4.43	0.01	64	28352	买盘
10:38:51	4.42	-0.01	190	83980	卖盘
10:38:48	4.43	--	100	44300	买盘
10:38:45	4.43	--	7	3101	买盘
10:38:42	4.43	--	103	45629	买盘
10:38:39	4.43	--	9	3986	买盘
10:38:27	4.43	--	18	7973	买盘
10:38:24	4.43	0.01	5	2215	买盘
10:38:21	4.42	-0.01	53	23426	卖盘
10:38:18	4.43	--	5	2215	买盘
10:38:15	4.43	0.02	40	17720	买盘
10:38:12	4.41	-0.02	1180	520380	卖盘
10:38:03	4.43	--	43	19049	买盘
10:38:00	4.43	--	1283	568369	卖盘
10:37:54	4.43	-0.01	219	97017	卖盘
10:37:51	4.44	--	199	88356	买盘
10:37:48	4.44	--	5	2220	买盘
10:37:42	4.44	--	14	6216	买盘
10:37:36	4.44	--	225	99900	买盘
10:37:33	4.44	0.01	5	2220	买盘
10:37:30	4.43	-0.01	50	22150	卖盘
10:37:27	4.44	--	24	10656	买盘
10:37:18	4.44	0.01	17	7548	买盘
10:37:15	4.43	-0.01	59	26137	卖盘
10:37:09	4.44	0.01	60	26640	买盘
10:37:06	4.43	--	46	20378	卖盘
10:37:03	4.43	--	58	25694	买盘
10:37:00	4.43	--	10	4430	买盘
10:36:57	4.43	--	66	29237	卖盘
10:36:51	4.43	0.01	166	73538	买盘
10:36:48	4.42	-0.01	15	6630	卖盘
10:36:42	4.43	--	3	1329	买盘
10:36:39	4.43	0.01	2	886	买盘
10:36:36	4.42	--	702	310284	卖盘
10:36:33	4.42	-0.01	245	108290	卖盘
10:36:27	4.43	--	600	265800	买盘
10:36:21	4.43	0.01	100	44300	买盘
10:36:18	4.42	-0.01	2	884	卖盘
10:36:12	4.43	0.01	5	2215	买盘
10:36:03	4.42	--	90	39780	卖盘
10:36:00	4.42	--	34	15028	卖盘
10:35:57	4.42	-0.01	66	29172	卖盘
10:35:54	4.43	--	294	130241	卖盘
10:35:48	4.43	--	22	9746	买盘
10:35:45	4.43	--	1	443	买盘
10:35:36	4.43	0.01	27	11961	买盘
10:35:33	4.42	-0.01	6	2652	卖盘
10:35:27	4.43	--	11	4873	卖盘
10:35:24	4.43	--	9	3986	买盘
10:35:12	4.43	--	13	5759	卖盘
10:35:09	4.43	--	12	5316	买盘
10:35:06	4.43	--	2	886	卖盘
10:35:03	4.43	0.01	7	3101	买盘
10:35:00	4.42	-0.01	45	19890	卖盘
10:34:51	4.43	--	76	33668	买盘
10:34:45	4.43	-0.01	133	58918	卖盘
10:34:42	4.44	0.01	193	85692	买盘
10:34:39	4.43	--	14	6202	卖盘
10:34:33	4.43	--	327	144861	卖盘
10:34:27	4.43	--	1	443	卖盘
10:34:21	4.43	-0.01	11	4873	卖盘
10:34:18	4.44	0.01	3	1332	买盘
10:34:12	4.43	--	23	10189	卖盘
10:34:06	4.43	--	20	8860	卖盘
10:34:03	4.43	--	38	16834	卖盘
10:34:00	4.43	-0.01	70	31009	卖盘
10:33:57	4.44	0.01	24	10656	买盘
10:33:48	4.43	-0.01	26	11518	卖盘
10:33:45	4.44	0.01	4	1776	买盘
10:33:42	4.43	-0.01	30	13290	卖盘
10:33:39	4.44	--	2	888	买盘
10:33:33	4.44	--	490	217560	买盘
10:33:30	4.44	--	11	4884	买盘
10:33:21	4.44	--	20	8880	买盘
10:33:15	4.44	--	23	10212	买盘
10:33:12	4.44	0.01	30	13320	买盘
10:33:09	4.43	-0.01	1	443	卖盘
10:33:06	4.44	0.01	38	16872	买盘
10:33:03	4.43	--	20	8860	卖盘
10:32:57	4.43	--	30	13290	卖盘
10:32:48	4.43	-0.01	25	11075	卖盘
10:32:45	4.44	0.01	3	1332	买盘
10:32:39	4.43	--	400	177200	卖盘
10:32:36	4.43	--	18	7973	买盘
10:32:33	4.43	--	20	8860	买盘
10:32:27	4.43	--	35	15504	卖盘
10:32:24	4.43	-0.01	98	43414	卖盘
10:32:21	4.44	--	61	27084	买盘
10:32:15	4.44	0.01	4	1776	买盘
10:32:12	4.43	0.01	25	11075	买盘
10:32:09	4.42	-0.01	15	6630	卖盘
10:32:00	4.43	0.01	20	8860	买盘
10:31:57	4.42	-0.02	55	24310	卖盘
10:31:48	4.44	0.01	22	9768	买盘
10:31:45	4.43	--	47	20821	卖盘
10:31:42	4.43	--	10	4430	卖盘
10:31:39	4.43	--	33	14618	卖盘
10:31:33	4.43	--	16	7088	卖盘
10:31:30	4.43	--	30	13290	卖盘
10:31:27	4.43	--	30	13290	卖盘
10:31:18	4.43	--	112	49616	卖盘
10:31:15	4.43	-0.01	5	2215	卖盘
10:31:12	4.44	0.01	13	5772	买盘
10:31:09	4.43	--	7	3101	卖盘
10:31:06	4.43	--	5	2215	买盘
10:31:03	4.43	--	25	11075	买盘
10:30:57	4.43	--	55	24365	买盘
10:30:54	4.43	--	213	94359	买盘
10:30:51	4.43	--	5	2215	买盘
10:30:48	4.43	--	5	2215	买盘
10:30:42	4.43	--	13	5759	买盘
10:30:36	4.43	0.01	51	22593	买盘
10:30:33	4.42	-0.01	10	4420	卖盘
10:30:30	4.43	0.01	40	17720	买盘
10:30:27	4.42	--	29	12818	卖盘
10:30:24	4.42	--	234	103428	卖盘
10:30:18	4.42	--	3	1326	卖盘
10:30:15	4.42	--	16	7072	卖盘
10:30:12	4.42	--	93	41106	卖盘
10:30:09	4.42	--	87	38763	买盘
10:30:06	4.42	--	20	8840	买盘
10:30:03	4.42	0.01	5	2210	买盘
10:30:00	4.41	-0.01	266	117306	卖盘
10:29:51	4.42	--	81	35802	买盘
10:29:48	4.42	0.01	360	159120	买盘
10:29:45	4.41	--	8	3528	卖盘
10:29:42	4.41	--	12	5292	卖盘
10:29:33	4.41	-0.01	1703	751023	卖盘
10:29:30	4.42	0.01	3	1326	买盘
10:29:24	4.41	-0.01	210	92610	卖盘
10:29:21	4.42	--	1	442	买盘
10:29:18	4.42	--	40	17680	买盘
10:29:15	4.42	--	16	7204	卖盘
10:29:12	4.42	--	36	15912	卖盘
10:29:06	4.42	--	0	309	买盘
10:29:03	4.42	--	235	103870	买盘
10:29:00	4.42	--	137	60554	买盘
10:28:57	4.42	0.01	32	14144	买盘
10:28:54	4.41	--	1	441	卖盘
10:28:51	4.41	-0.01	23	10143	卖盘
10:28:48	4.42	0.01	150	66300	买盘
10:28:45	4.41	--	33	14553	卖盘
10:28:42	4.41	--	28	12348	卖盘
10:28:39	4.41	-0.01	50	22050	卖盘
10:28:36	4.42	--	2	884	买盘
10:28:27	4.42	--	53	23426	买盘
10:28:24	4.42	--	182	80444	买盘
10:28:21	4.42	--	73	32398	卖盘
10:28:18	4.42	--	719	317798	卖盘
10:28:06	4.42	--	39	17238	卖盘
10:27:51	4.42	-0.01	30	13260	卖盘
10:27:42	4.43	0.01	111	49173	买盘
10:27:39	4.42	-0.01	20	8840	卖盘
10:27:36	4.43	0.01	72	31895	买盘
10:27:33	4.42	--	10	4420	卖盘
10:27:27	4.42	--	82	36244	卖盘
10:27:24	4.42	-0.01	11	4862	卖盘
10:27:21	4.43	--	10	4430	买盘
10:27:18	4.43	--	2	886	买盘
10:27:12	4.43	0.01	17	7530	买盘
10:27:09	4.42	-0.01	36	15912	卖盘
10:27:06	4.43	--	30	13290	买盘
10:27:00	4.43	--	16	7088	买盘
10:26:57	4.43	0.01	1	443	买盘
10:26:54	4.42	-0.01	5	2210	卖盘
10:26:51	4.43	--	91	40313	买盘
10:26:48	4.43	--	63	27909	买盘
10:26:45	4.43	0.01	315	139545	买盘
10:26:42	4.42	-0.01	50	22100	卖盘
10:26:39	4.43	0.01	3	1329	买盘
10:26:36	4.42	--	9	3978	卖盘
10:26:33	4.42	--	724	320008	卖盘
10:26:30	4.42	-0.01	13	5746	卖盘
10:26:27	4.43	0.01	11	4873	买盘
10:26:24	4.42	--	285	125970	卖盘
10:26:15	4.42	--	10	4420	卖盘
10:26:12	4.42	--	90	39780	卖盘
10:26:09	4.42	--	30	13260	卖盘
10:26:06	4.42	--	26	11492	卖盘
10:26:00	4.42	--	17	7514	卖盘
10:25:57	4.42	-0.01	70	30940	卖盘
10:25:54	4.43	0.01	19	8417	买盘
10:25:51	4.42	-0.01	15	6630	卖盘
10:25:48	4.43	0.01	402	178086	买盘
10:25:45	4.42	-0.01	1	442	卖盘
10:25:39	4.43	--	13	5759	买盘
10:25:36	4.43	0.01	42	18606	买盘
10:25:33	4.42	-0.01	73	32266	卖盘
10:25:30	4.43	--	20	8860	买盘
10:25:27	4.43	--	60	26580	买盘
10:25:24	4.43	--	110	48730	买盘
10:25:15	4.43	--	29	12847	买盘
10:25:09	4.43	--	13	5759	买盘
10:25:03	4.43	--	37	16391	买盘
10:25:00	4.43	--	48	21264	买盘
10:24:57	4.43	0.01	6	2658	买盘
10:24:54	4.42	--	224	99008	卖盘
10:24:51	4.42	--	146	64532	卖盘
10:24:45	4.42	--	14	6188	卖盘
10:24:42	4.42	--	171	75582	卖盘
10:24:36	4.42	--	23	10166	卖盘
10:24:27	4.42	-0.01	157	69394	卖盘
10:24:18	4.43	0.01	92	40756	买盘
10:24:03	4.42	-0.01	42	18564	卖盘
10:24:00	4.43	--	20	8860	买盘
10:23:54	4.43	0.01	198	87714	买盘
10:23:48	4.42	--	183	81195	买盘
10:23:42	4.42	--	73	32266	买盘
10:23:39	4.42	--	69	30498	买盘
10:23:36	4.42	--	107	47294	买盘
10:23:33	4.42	-0.01	239	105770	卖盘
10:23:30	4.43	0.02	163	72519	买盘
10:23:27	4.41	-0.01	10	4410	卖盘
10:23:24	4.42	--	18	7956	买盘
10:23:21	4.42	--	151	66742	买盘
10:23:18	4.42	--	398	176048	卖盘
10:23:15	4.42	--	90	39780	卖盘
10:23:12	4.42	--	22	9724	卖盘
10:23:06	4.42	--	50	22100	卖盘
10:23:03	4.42	--	20	8840	卖盘
10:23:00	4.42	--	100	44200	卖盘
10:22:57	4.42	--	20	8840	卖盘
10:22:54	4.42	--	140	61880	卖盘
10:22:51	4.42	-0.01	147	64974	卖盘
10:22:48	4.43	--	42	18606	买盘
10:22:45	4.43	--	18	7973	买盘
10:22:42	4.43	0.01	155	68665	买盘
10:22:39	4.42	-0.01	79	34918	卖盘
10:22:30	4.43	--	10	4430	买盘
10:22:27	4.43	--	49	21707	买盘
10:22:24	4.43	-0.01	148	65564	卖盘
10:22:21	4.44	0.01	8	3552	买盘
10:22:18	4.43	-0.01	10	4430	卖盘
10:22:15	4.44	0.01	9	3996	买盘
10:22:12	4.43	--	10	4430	卖盘
10:22:09	4.43	-0.01	51	22593	卖盘
10:22:06	4.44	--	72	31968	买盘
10:22:03	4.44	0.01	302	134088	买盘
10:21:57	4.43	--	43	19049	买盘
10:21:54	4.43	--	62	27669	卖盘
10:21:51	4.43	--	45	20174	买盘
10:21:48	4.43	--	408	180744	买盘
10:21:45	4.43	--	10	4430	买盘
10:21:39	4.43	-0.01	1038	459833	卖盘
10:21:36	4.44	--	12	5328	买盘
10:21:27	4.44	0.01	8	3552	买盘
10:21:24	4.43	-0.01	1	443	卖盘
10:21:21	4.44	0.01	28	12432	买盘
10:21:18	4.43	--	2	886	卖盘
10:21:09	4.43	--	20	8860	卖盘
10:21:06	4.43	--	221	97903	买盘
10:21:03	4.43	--	33	14618	买盘
10:21:00	4.43	0.01	70	31009	买盘
10:20:54	4.42	--	20	8840	卖盘
10:20:48	4.42	--	231	102411	买盘
10:20:45	4.42	--	108	47736	买盘
10:20:42	4.42	0.01	188	83096	买盘
10:20:39	4.41	-0.01	65	28665	卖盘
10:20:36	4.42	--	28	12376	买盘
10:20:33	4.42	--	12	5304	买盘
10:20:30	4.42	0.01	154	68068	买盘
10:20:27	4.41	--	171	75411	卖盘
10:20:24	4.41	--	52	22932	卖盘
10:20:18	4.41	-0.01	57	25137	卖盘
10:20:15	4.42	--	13	5746	买盘
10:20:12	4.42	0.01	613	270946	买盘
10:20:09	4.41	--	177	78057	买盘
10:20:06	4.41	--	137	60417	买盘
10:20:03	4.41	--	411	181251	买盘
10:20:00	4.41	0.01	74	32634	买盘
10:19:57	4.4	--	206	90640	卖盘
10:19:54	4.4	-0.01	251	110440	卖盘
10:19:51	4.41	--	62	27342	买盘
10:19:48	4.41	0.01	38	16758	买盘
10:19:45	4.4	-0.01	26	11440	卖盘
10:19:42	4.41	0.01	7	3087	买盘
10:19:39	4.4	-0.01	125	55000	卖盘
10:19:36	4.41	--	103	45423	买盘
10:19:33	4.41	0.01	177	78057	买盘
10:19:30	4.4	-0.01	161	70840	卖盘
10:19:27	4.41	0.01	40	17640	买盘
10:19:24	4.4	-0.01	567	249480	卖盘
10:19:21	4.41	--	48	21168	买盘
10:19:18	4.41	0.01	289	127449	买盘
10:19:15	4.4	-0.01	425	187000	卖盘
10:19:12	4.41	--	13	5733	买盘
10:19:09	4.41	--	100	44100	买盘
10:19:06	4.41	-0.01	1830	807030	卖盘
10:19:03	4.42	0.01	37	16354	买盘
10:19:00	4.41	-0.01	121	53361	卖盘
10:18:57	4.42	0.01	92	40664	买盘
10:18:51	4.41	-0.01	131	57771	卖盘
10:18:48	4.42	--	425	187850	买盘
10:18:45	4.42	0.01	63	27846	买盘
10:18:42	4.41	-0.01	101	44541	卖盘
10:18:39	4.42	--	10	4420	买盘
10:18:36	4.42	--	423	187098	卖盘
10:18:33	4.42	--	30	13260	卖盘
10:18:27	4.42	--	3	1326	卖盘
10:18:24	4.42	--	225	99450	卖盘
10:18:21	4.42	--	520	229840	卖盘
10:18:18	4.42	--	95	41990	卖盘
10:18:15	4.42	-0.01	21	9282	卖盘
10:18:12	4.43	--	520	230359	买盘
10:18:09	4.43	--	123	54489	买盘
10:18:06	4.43	0.01	121	53603	买盘
10:18:03	4.42	-0.01	10	4420	卖盘
10:18:00	4.43	--	11	4873	买盘
10:17:57	4.43	--	410	181630	卖盘
10:17:54	4.43	-0.01	89	39427	卖盘
10:17:51	4.44	0.01	63	27972	买盘
10:17:48	4.43	-0.01	114	50502	卖盘
10:17:45	4.44	0.01	23	10212	买盘
10:17:42	4.43	-0.01	68	30123	卖盘
10:17:39	4.44	--	3	1332	买盘
10:17:36	4.44	0.01	2	888	买盘
10:17:33	4.43	-0.01	228	101004	卖盘
10:17:30	4.44	--	159	70596	买盘
10:17:27	4.44	0.01	128	56832	买盘
10:17:21	4.43	-0.01	35	15504	卖盘
10:17:15	4.44	0.01	12	5328	买盘
10:17:12	4.43	-0.01	54	23922	卖盘
10:17:09	4.44	--	36	15984	买盘
10:17:06	4.44	--	10	4440	买盘
10:17:03	4.44	--	1035	459540	卖盘
10:17:00	4.44	-0.01	511	226884	卖盘
10:16:57	4.45	--	66	29370	买盘
10:16:54	4.45	0.01	67	29815	买盘
10:16:51	4.44	--	156	69264	卖盘
10:16:48	4.44	-0.01	20	8880	卖盘
10:16:42	4.45	--	304	135280	买盘
10:16:39	4.45	--	9	4005	买盘
10:16:36	4.45	--	38	16910	买盘
10:16:33	4.45	--	793	352885	买盘
10:16:30	4.45	0.01	9	4005	买盘
10:16:27	4.44	-0.01	5	2220	卖盘
10:16:24	4.45	--	26	11570	买盘
10:16:21	4.45	--	13	5785	买盘
10:16:18	4.45	0.01	5	2225	买盘
10:16:15	4.44	--	253	112332	卖盘
10:16:12	4.44	-0.01	97	43068	卖盘
10:16:09	4.45	--	39	17355	买盘
10:16:06	4.45	0.01	360	160200	买盘
10:16:03	4.44	--	64	28416	卖盘
10:16:00	4.44	-0.01	77	34188	卖盘
10:15:57	4.45	--	147	65415	买盘
10:15:54	4.45	-0.01	154	68530	卖盘
10:15:51	4.46	--	77	34342	买盘
10:15:48	4.46	0.02	18	8028	买盘
10:15:45	4.44	-0.01	101	44844	卖盘
10:15:42	4.45	--	13	5785	买盘
10:15:36	4.45	0.01	23	10235	买盘
10:15:33	4.44	-0.02	50	22200	卖盘
10:15:24	4.46	0.01	64	28544	买盘
10:15:21	4.45	-0.01	79	35155	卖盘
10:15:18	4.46	0.01	4	1784	买盘
10:15:15	4.45	--	28	12460	卖盘
10:15:12	4.45	--	5	2225	卖盘
10:15:09	4.45	-0.01	600	267000	卖盘
10:15:06	4.46	0.01	520	231920	买盘
10:15:00	4.45	-0.01	100	44500	卖盘
10:14:57	4.46	--	77	34342	买盘
10:14:54	4.46	0.01	22	9812	买盘
10:14:51	4.45	--	141	62745	卖盘
10:14:48	4.45	--	67	29815	卖盘
10:14:42	4.45	--	84	37380	卖盘
10:14:39	4.45	-0.01	107	47615	卖盘
10:14:36	4.46	0.01	1	446	买盘
10:14:33	4.45	-0.01	270	120150	卖盘
10:14:30	4.46	0.01	53	23638	买盘
10:14:24	4.45	-0.01	80	35600	卖盘
10:14:21	4.46	0.01	10	4460	买盘
10:14:18	4.45	--	152	67640	卖盘
10:14:15	4.45	--	40	17800	卖盘
10:14:12	4.45	--	13	5785	卖盘
10:14:06	4.45	-0.01	24	10680	卖盘
10:14:03	4.46	--	9	4014	买盘
10:13:57	4.46	--	137	61102	买盘
10:13:54	4.46	0.01	200	89200	买盘
10:13:51	4.45	--	50	22250	卖盘
10:13:48	4.45	-0.01	199	88555	卖盘
10:13:45	4.46	--	103	45938	买盘
10:13:42	4.46	--	360	160560	买盘
10:13:39	4.46	--	62	27652	买盘
10:13:36	4.46	0.01	5	2230	买盘
10:13:33	4.45	-0.01	7	3115	卖盘
10:13:30	4.46	--	1	446	买盘
10:13:27	4.46	--	40	17840	买盘
10:13:24	4.46	--	76	33896	买盘
10:13:18	4.46	--	40	17840	买盘
10:13:15	4.46	--	2	892	买盘
10:13:09	4.46	0.01	10	4460	买盘
10:13:06	4.45	--	111	49395	卖盘
10:13:00	4.45	--	56	24920	卖盘
10:12:57	4.45	-0.01	100	44500	卖盘
10:12:54	4.46	0.01	109	48614	买盘
10:12:48	4.45	-0.01	135	60075	卖盘
10:12:45	4.46	--	1	446	买盘
10:12:42	4.46	0.01	13	5798	买盘
10:12:39	4.45	--	21	9345	买盘
10:12:36	4.45	-0.01	165	73425	卖盘
10:12:33	4.46	0.01	190	84740	买盘
10:12:30	4.45	-0.01	5	2225	卖盘
10:12:27	4.46	--	23	10258	买盘
10:12:24	4.46	--	47	20962	买盘
10:12:21	4.46	--	790	352340	买盘
10:12:18	4.46	--	32	14272	买盘
10:12:15	4.46	0.01	43	19178	买盘
10:12:12	4.45	-0.01	72	32040	卖盘
10:12:09	4.46	--	79	35234	买盘
10:12:06	4.46	--	106	47276	买盘
10:12:03	4.46	--	56	24976	买盘
10:12:00	4.46	--	149	66454	买盘
10:11:57	4.46	--	232	103472	买盘
10:11:54	4.46	0.01	13	5798	买盘
10:11:51	4.45	0.01	13	5785	买盘
10:11:48	4.44	--	120	53280	卖盘
10:11:45	4.44	-0.01	479	212676	卖盘
10:11:42	4.45	0.01	75	33375	中性盘
10:11:39	4.44	-0.02	52	23088	卖盘
10:11:36	4.46	--	54	24084	买盘
10:11:33	4.46	0.02	34	15164	买盘
10:11:30	4.44	-0.02	15	6660	卖盘
10:11:27	4.46	0.02	344	153424	买盘
10:11:24	4.44	0.01	145	64380	买盘
10:11:21	4.43	-0.01	128	56704	卖盘
10:11:18	4.44	0.01	73	32412	买盘
10:11:15	4.43	-0.01	373	165239	卖盘
10:11:12	4.44	--	199	88356	买盘
10:11:09	4.44	-0.01	175	77700	卖盘
10:11:06	4.45	-0.01	279	124155	卖盘
10:11:03	4.46	0.01	271	120866	买盘
10:11:00	4.45	0.01	44	19580	买盘
10:10:57	4.44	-0.01	100	44400	卖盘
10:10:54	4.45	--	46	20470	买盘
10:10:51	4.45	--	134	59630	买盘
10:10:48	4.45	--	328	145960	买盘
10:10:45	4.45	0.01	220	97900	买盘
10:10:42	4.44	--	62	27528	卖盘
10:10:39	4.44	-0.01	30	13320	卖盘
10:10:36	4.45	0.01	193	85885	买盘
10:10:33	4.44	--	109	48396	买盘
10:10:30	4.44	--	27	11988	买盘
10:10:27	4.44	--	1210	537240	卖盘
10:10:24	4.44	--	25	11100	卖盘
10:10:21	4.44	--	121	53724	买盘
10:10:18	4.44	--	908	403152	卖盘
10:10:15	4.44	-0.01	100	44400	卖盘
10:10:12	4.45	0.01	152	67640	买盘
10:10:09	4.44	--	50	22200	卖盘
10:10:06	4.44	-0.01	88	39072	卖盘
10:10:03	4.45	0.01	282	125490	买盘
10:10:00	4.44	--	149	66156	卖盘
10:09:57	4.44	--	237	105228	卖盘
10:09:54	4.44	--	1	444	卖盘
10:09:51	4.44	--	126	55944	卖盘
10:09:48	4.44	--	57	25308	卖盘
10:09:45	4.44	0.01	474	210456	买盘
10:09:42	4.43	-0.01	22	9746	卖盘
10:09:39	4.44	0.01	338	150072	买盘
10:09:36	4.43	--	4	1772	卖盘
10:09:33	4.43	-0.01	553	244978	卖盘
10:09:27	4.44	--	85	37740	买盘
10:09:24	4.44	-0.01	1565	694860	卖盘
10:09:21	4.45	--	10	4450	卖盘
10:09:18	4.45	--	80	35600	买盘
10:09:15	4.45	--	382	169990	卖盘
10:09:12	4.45	--	108	48060	卖盘
10:09:09	4.45	--	158	70310	卖盘
10:09:06	4.45	--	115	51175	卖盘
10:09:03	4.45	-0.01	50	22250	卖盘
10:09:00	4.46	--	20	8920	买盘
10:08:57	4.46	--	95	42370	买盘
10:08:54	4.46	--	416	185536	买盘
10:08:51	4.46	0.01	50	22300	买盘
10:08:48	4.45	-0.01	25	11125	卖盘
10:08:45	4.46	--	28	12488	买盘
10:08:42	4.46	0.01	20	8920	买盘
10:08:39	4.45	-0.01	60	26700	卖盘
10:08:36	4.46	--	20	8920	买盘
10:08:33	4.46	--	34	15164	买盘
10:08:30	4.46	--	173	77158	买盘
10:08:27	4.46	0.01	59	26314	买盘
10:08:24	4.45	-0.01	184	81880	卖盘
10:08:21	4.46	--	10	4460	买盘
10:08:18	4.46	--	195	86970	买盘
10:08:15	4.46	--	35	15610	买盘
10:08:12	4.46	--	544	242624	买盘
10:08:09	4.46	-0.02	1101	491046	卖盘
10:08:03	4.48	0.01	100	44800	买盘
10:08:00	4.47	--	19	8493	买盘
10:07:57	4.47	0.01	166	74202	买盘
10:07:54	4.46	-0.01	4	1784	卖盘
10:07:51	4.47	--	10	4470	买盘
10:07:48	4.47	--	270	120690	卖盘
10:07:45	4.47	-0.01	10	4470	卖盘
10:07:42	4.48	0.01	5	2240	买盘
10:07:39	4.47	--	337	150639	买盘
10:07:36	4.47	--	9	4023	买盘
10:07:33	4.47	--	393	175671	买盘
10:07:30	4.47	--	278	124266	买盘
10:07:27	4.47	--	410	183270	买盘
10:07:24	4.47	0.01	128	57216	买盘
10:07:21	4.46	-0.01	42	18732	卖盘
10:07:18	4.47	--	310	138570	买盘
10:07:15	4.47	--	110	49170	买盘
10:07:12	4.47	--	25	11175	买盘
10:07:09	4.47	0.01	21	9387	买盘
10:07:06	4.46	-0.01	91	40586	卖盘
10:07:03	4.47	0.01	63	28161	买盘
10:07:00	4.46	--	153	68238	卖盘
10:06:57	4.46	--	190	84740	卖盘
10:06:54	4.46	--	15	6690	卖盘
10:06:51	4.46	--	150	66900	卖盘
10:06:48	4.46	--	56	24976	卖盘
10:06:45	4.46	--	637	284102	卖盘
10:06:42	4.46	--	14	6244	卖盘
10:06:39	4.46	--	527	235042	卖盘
10:06:36	4.46	--	771	343866	卖盘
10:06:33	4.46	-0.01	34	15164	卖盘
10:06:30	4.47	0.01	60	26820	买盘
10:06:27	4.46	--	25	11150	卖盘
10:06:24	4.46	--	61	27206	卖盘
10:06:21	4.46	-0.01	14	6244	卖盘
10:06:18	4.47	--	56	25032	卖盘
10:06:15	4.47	--	212	94764	卖盘
10:06:12	4.47	0.01	76	33972	买盘
10:06:09	4.46	-0.01	108	48168	卖盘
10:06:06	4.47	--	12	5364	买盘
10:06:03	4.47	0.01	135	60345	买盘
10:06:00	4.46	-0.01	49	21854	卖盘
10:05:57	4.47	0.01	42	18774	买盘
10:05:54	4.46	-0.02	115	51290	卖盘
10:05:51	4.48	0.02	468	209664	买盘
10:05:48	4.46	-0.01	28	12488	卖盘
10:05:45	4.47	--	366	163602	卖盘
10:05:42	4.47	--	54	24138	卖盘
10:05:39	4.47	--	58	25926	卖盘
10:05:36	4.47	--	52	23244	卖盘
10:05:33	4.47	-0.01	103	46041	卖盘
10:05:30	4.48	0.01	53	23744	买盘
10:05:27	4.47	--	1045	467115	卖盘
10:05:24	4.47	-0.01	480	214560	卖盘
10:05:21	4.48	0.01	327	146496	买盘
10:05:18	4.47	-0.01	217	96999	卖盘
10:05:15	4.48	--	2	896	买盘
10:05:12	4.48	--	37	16576	买盘
10:05:09	4.48	--	868	388864	卖盘
10:05:06	4.48	--	284	127232	卖盘
10:05:03	4.48	--	41	18368	卖盘
10:05:00	4.48	--	345	154560	卖盘
10:04:57	4.48	--	210	94080	卖盘
10:04:54	4.48	-0.01	20	8960	卖盘
10:04:51	4.49	0.01	665	298585	买盘
10:04:48	4.48	--	207	92736	卖盘
10:04:45	4.48	--	102	45696	卖盘
10:04:42	4.48	--	185	82880	卖盘
10:04:39	4.48	-0.01	45	20160	卖盘
10:04:36	4.49	0.01	173	77677	买盘
10:04:33	4.48	--	202	90496	卖盘
10:04:30	4.48	-0.01	87	38976	卖盘
10:04:27	4.49	0.01	125	56125	买盘
10:04:24	4.48	-0.01	291	130368	卖盘
10:04:15	4.49	0.01	217	97433	买盘
10:04:12	4.48	--	2	896	卖盘
10:04:09	4.48	-0.01	59	26432	卖盘
10:04:06	4.49	--	44	19756	买盘
10:04:03	4.49	0.01	109	48941	买盘
10:04:00	4.48	-0.01	4	1792	卖盘
10:03:57	4.49	--	1	449	买盘
10:03:54	4.49	--	252	113148	卖盘
10:03:51	4.49	--	49	22001	卖盘
10:03:48	4.49	-0.01	360	161640	卖盘
10:03:45	4.5	0.01	179	80550	买盘
10:03:42	4.49	--	316	141884	卖盘
10:03:39	4.49	--	228	102372	买盘
10:03:36	4.49	--	93	41757	卖盘
10:03:33	4.49	--	178	79922	卖盘
10:03:30	4.49	--	40	17960	卖盘
10:03:27	4.49	--	1519	682031	买盘
10:03:24	4.49	0.01	60	26940	买盘
10:03:21	4.48	--	73	32704	卖盘
10:03:18	4.48	--	60	26880	卖盘
10:03:15	4.48	-0.01	150	67200	卖盘
10:03:12	4.49	0.01	13	5837	买盘
10:03:09	4.48	-0.01	54	24192	卖盘
10:03:06	4.49	--	33	14817	买盘
10:03:03	4.49	--	102	45798	买盘
10:03:00	4.49	--	320	143680	买盘
10:02:57	4.49	0.01	79	35471	买盘
10:02:54	4.48	--	20	8960	卖盘
10:02:51	4.48	--	50	22400	卖盘
10:02:48	4.48	-0.01	115	51520	卖盘
10:02:42	4.49	--	31	13919	买盘
10:02:39	4.49	--	815	365935	卖盘
10:02:36	4.49	--	364	163436	卖盘
10:02:33	4.49	--	70	31430	卖盘
10:02:30	4.49	0.01	761	341689	买盘
10:02:27	4.48	--	236	105728	卖盘
10:02:24	4.48	-0.01	60	26880	卖盘
10:02:21	4.49	0.01	258	115842	买盘
10:02:18	4.48	-0.01	714	319872	卖盘
10:02:15	4.49	0.01	392	176008	买盘
10:02:12	4.48	-0.01	504	225792	卖盘
10:02:09	4.49	--	44	19756	买盘
10:02:06	4.49	0.01	167	74983	买盘
10:02:03	4.48	--	36	16128	卖盘
10:02:00	4.48	-0.01	161	72128	卖盘
10:01:57	4.49	--	214	96086	买盘
10:01:54	4.49	0.01	285	127965	买盘
10:01:51	4.48	-0.01	96	43008	卖盘
10:01:48	4.49	--	45	20205	买盘
10:01:45	4.49	0.01	192	86208	买盘
10:01:42	4.48	-0.01	370	165760	卖盘
10:01:39	4.49	--	29	13021	买盘
10:01:36	4.49	--	376	168824	买盘
10:01:33	4.49	--	410	184090	买盘
10:01:30	4.49	--	369	165681	买盘
10:01:27	4.49	--	72	32328	买盘
10:01:24	4.49	--	291	130659	买盘
10:01:21	4.49	--	113	50737	买盘
10:01:18	4.49	--	10	4490	买盘
10:01:15	4.49	--	403	180947	卖盘
10:01:12	4.49	--	58	26042	卖盘
10:01:09	4.49	--	143	64207	买盘
10:01:06	4.49	-0.01	98	44002	卖盘
10:01:03	4.5	--	118	53100	买盘
10:01:00	4.5	--	3	1350	买盘
10:00:57	4.5	0.01	384	172800	买盘
10:00:54	4.49	--	339	152211	买盘
10:00:51	4.49	--	901	404549	买盘
10:00:48	4.49	--	480	215520	买盘
10:00:45	4.49	--	140	62860	买盘
10:00:42	4.49	-0.01	222	99678	卖盘
10:00:39	4.5	0.01	222	99900	买盘
10:00:36	4.49	-0.01	120	53880	卖盘
10:00:33	4.5	0.01	642	288900	买盘
10:00:30	4.49	--	339	152211	卖盘
10:00:27	4.49	-0.01	16	7184	卖盘
10:00:24	4.5	--	36	16200	买盘
10:00:21	4.5	0.01	68	30600	买盘
10:00:18	4.49	--	10	4490	卖盘
10:00:15	4.49	--	205	92045	卖盘
10:00:12	4.49	--	133	59717	买盘
10:00:09	4.49	-0.01	163	73187	卖盘
10:00:06	4.5	0.01	28	12600	买盘
10:00:03	4.49	--	243	109107	卖盘
10:00:00	4.49	--	229	102821	买盘
09:59:57	4.49	--	66	29634	卖盘
09:59:54	4.49	--	226	101474	卖盘
09:59:51	4.49	--	10	4490	卖盘
09:59:48	4.49	--	93	41757	卖盘
09:59:45	4.49	--	294	132006	买盘
09:59:42	4.49	--	52	23348	买盘
09:59:39	4.49	--	219	98331	买盘
09:59:36	4.49	--	494	221806	买盘
09:59:33	4.49	--	154	69146	买盘
09:59:30	4.49	--	102	45798	买盘
09:59:27	4.49	0.01	59	26491	买盘
09:59:24	4.48	-0.01	100	44800	卖盘
09:59:21	4.49	--	377	169273	买盘
09:59:18	4.49	--	68	30532	买盘
09:59:15	4.49	0.01	108	48492	买盘
09:59:12	4.48	-0.01	137	61376	卖盘
09:59:09	4.49	--	188	84412	买盘
09:59:06	4.49	--	115	51635	买盘
09:59:03	4.49	0.01	70	31430	买盘
09:59:00	4.48	--	34	15232	卖盘
09:58:57	4.48	--	15	6720	卖盘
09:58:54	4.48	--	17	7616	卖盘
09:58:51	4.48	--	70	31360	买盘
09:58:48	4.48	--	213	95424	买盘
09:58:45	4.48	--	200	89600	买盘
09:58:39	4.48	0.01	239	107072	买盘
09:58:36	4.47	-0.01	15	6705	卖盘
09:58:33	4.48	--	90	40320	买盘
09:58:30	4.48	--	146	65408	买盘
09:58:27	4.48	0.01	125	56000	买盘
09:58:24	4.47	-0.01	570	254790	卖盘
09:58:21	4.48	0.01	717	321216	买盘
09:58:18	4.47	-0.01	20	8940	卖盘
09:58:15	4.48	0.01	30	13440	买盘
09:58:12	4.47	-0.01	110	49170	卖盘
09:58:09	4.48	0.01	304	136192	买盘
09:58:06	4.47	-0.01	40	17880	卖盘
09:58:03	4.48	-0.01	116	51968	买盘
09:58:00	4.49	0.01	40	17960	买盘
09:57:57	4.48	-0.01	56	25088	卖盘
09:57:51	4.49	--	78	35022	买盘
09:57:48	4.49	--	91	40859	买盘
09:57:45	4.49	--	1072	481328	买盘
09:57:42	4.49	--	139	62411	买盘
09:57:39	4.49	--	145	65105	买盘
09:57:36	4.49	0.01	172	77228	买盘
09:57:33	4.48	-0.01	3	1344	卖盘
09:57:30	4.49	0.01	220	98780	买盘
09:57:27	4.48	-0.01	452	202496	卖盘
09:57:24	4.49	0.01	62	27838	买盘
09:57:21	4.48	-0.01	70	31360	卖盘
09:57:18	4.49	--	111	49839	买盘
09:57:15	4.49	--	243	109107	买盘
09:57:12	4.49	--	16	7184	买盘
09:57:09	4.49	0.01	80	35920	买盘
09:57:06	4.48	-0.01	551	246848	卖盘
09:57:03	4.49	--	473	212377	卖盘
09:57:00	4.49	-0.01	169	75881	卖盘
09:56:57	4.5	0.01	49	22050	买盘
09:56:54	4.49	--	129	57921	卖盘
09:56:51	4.49	--	99	44451	卖盘
09:56:48	4.49	--	139	62411	卖盘
09:56:45	4.49	-0.01	18	8082	卖盘
09:56:42	4.5	--	270	121500	买盘
09:56:39	4.5	0.01	419	188550	买盘
09:56:36	4.49	--	49	22001	卖盘
09:56:33	4.49	--	158	70942	卖盘
09:56:30	4.49	-0.01	155	69595	卖盘
09:56:27	4.5	--	275	123750	买盘
09:56:24	4.5	0.01	513	230850	买盘
09:56:21	4.49	-0.01	422	189478	卖盘
09:56:18	4.5	0.01	21	9450	买盘
09:56:15	4.49	--	149	66901	卖盘
09:56:12	4.49	--	110	49390	卖盘
09:56:09	4.49	--	686	308014	卖盘
09:56:06	4.49	-0.01	449	201601	卖盘
09:56:03	4.5	0.01	805	362250	买盘
09:56:00	4.49	-0.01	512	229888	卖盘
09:55:57	4.5	0.01	125	56250	买盘
09:55:54	4.49	--	430	193070	卖盘
09:55:51	4.49	--	204	91596	卖盘
09:55:48	4.49	--	130	58370	卖盘
09:55:45	4.49	--	103	46247	卖盘
09:55:42	4.49	--	188	84412	卖盘
09:55:39	4.49	--	128	57472	卖盘
09:55:36	4.49	--	31	13919	买盘
09:55:33	4.49	--	31	13919	买盘
09:55:30	4.49	--	1303	585047	买盘
09:55:27	4.49	--	97	43553	买盘
09:55:24	4.49	--	127	57023	买盘
09:55:21	4.49	-0.01	281	126573	卖盘
09:55:18	4.5	--	95	42750	买盘
09:55:15	4.5	-0.01	648	291600	卖盘
09:55:12	4.51	--	38	17138	买盘
09:55:09	4.51	0.01	219	98769	买盘
09:55:06	4.5	--	8	3600	卖盘
09:55:03	4.5	0.01	332	149400	中性盘
09:55:00	4.49	-0.01	263	118087	卖盘
09:54:57	4.5	--	2153	968850	买盘
09:54:54	4.5	--	53	23850	买盘
09:54:51	4.5	--	50	22500	买盘
09:54:48	4.5	--	117	52650	买盘
09:54:45	4.5	--	206	92700	买盘
09:54:42	4.5	--	299	134550	买盘
09:54:39	4.5	0.01	68	30600	买盘
09:54:36	4.49	--	159	71391	卖盘
09:54:33	4.49	--	444	199356	卖盘
09:54:30	4.49	-0.01	19	8531	卖盘
09:54:27	4.5	0.01	731	328950	买盘
09:54:24	4.49	--	441	198009	卖盘
09:54:21	4.49	-0.01	95	42655	卖盘
09:54:18	4.5	--	349	157050	买盘
09:54:15	4.5	0.01	155	69750	买盘
09:54:12	4.49	-0.01	100	44900	卖盘
09:54:09	4.5	--	403	181350	买盘
09:54:06	4.5	0.01	45	20250	买盘
09:54:03	4.49	--	567	254627	卖盘
09:54:00	4.49	--	152	68248	卖盘
09:53:57	4.49	0.02	4239	1903311	买盘
09:53:54	4.47	--	149	66603	买盘
09:53:51	4.47	--	95	42465	买盘
09:53:48	4.47	--	129	57663	买盘
09:53:45	4.47	0.01	36	16092	买盘
09:53:42	4.46	-0.01	355	158330	卖盘
09:53:39	4.47	0.01	20	8940	买盘
09:53:36	4.46	-0.01	284	126664	卖盘
09:53:33	4.47	0.01	23	10281	买盘
09:53:30	4.46	--	160	71360	卖盘
09:53:27	4.46	-0.01	69	30774	卖盘
09:53:24	4.47	--	354	158238	买盘
09:53:21	4.47	--	55	24585	买盘
09:53:18	4.47	--	118	52746	买盘
09:53:15	4.47	0.01	791	353577	买盘
09:53:12	4.46	-0.01	69	30774	卖盘
09:53:09	4.47	--	478	213666	买盘
09:53:06	4.47	--	26	11622	买盘
09:53:03	4.47	--	928	414816	卖盘
09:53:00	4.47	--	62	27714	卖盘
09:52:57	4.47	-0.01	28	12516	卖盘
09:52:54	4.48	--	221	99008	买盘
09:52:51	4.48	--	858	384384	卖盘
09:52:48	4.48	--	534	239232	卖盘
09:52:45	4.48	-0.01	89	39872	卖盘
09:52:42	4.49	--	10	4490	买盘
09:52:39	4.49	--	756	339444	买盘
09:52:36	4.49	--	186	83514	买盘
09:52:33	4.49	0.01	409	183641	买盘
09:52:30	4.48	-0.01	141	63168	卖盘
09:52:27	4.49	--	95	42655	买盘
09:52:24	4.49	--	47	21103	买盘
09:52:21	4.49	-0.01	1268	569332	卖盘
09:52:18	4.5	0.01	181	81450	买盘
09:52:15	4.49	--	283	127067	卖盘
09:52:12	4.49	--	412	184988	卖盘
09:52:09	4.49	--	280	125720	卖盘
09:52:06	4.49	--	480	215520	卖盘
09:52:03	4.49	--	272	122128	卖盘
09:52:00	4.49	--	30	13470	卖盘
09:51:57	4.49	--	712	319688	卖盘
09:51:54	4.49	-0.01	64	28736	卖盘
09:51:51	4.5	0.01	17	7650	买盘
09:51:48	4.49	--	62	27838	卖盘
09:51:45	4.49	--	1534	688766	买盘
09:51:42	4.49	0.01	531	238419	买盘
09:51:39	4.48	--	104	46592	卖盘
09:51:36	4.48	--	1193	534464	卖盘
09:51:33	4.48	--	206	92288	卖盘
09:51:30	4.48	-0.01	596	267008	卖盘
09:51:27	4.49	0.01	468	210136	买盘
09:51:24	4.48	0.01	1257	563136	买盘
09:51:21	4.47	-0.01	34	15198	卖盘
09:51:15	4.48	--	454	203392	买盘
09:51:12	4.48	--	45	20160	买盘
09:51:09	4.48	--	329	147835	卖盘
09:51:06	4.48	--	1063	476224	卖盘
09:51:03	4.48	--	70	31364	卖盘
09:51:00	4.48	--	441	197568	卖盘
09:50:57	4.48	--	156	69888	卖盘
09:50:54	4.48	--	610	273280	卖盘
09:50:51	4.48	--	292	130816	买盘
09:50:48	4.48	0.01	180	80640	买盘
09:50:45	4.47	-0.01	471	210537	卖盘
09:50:42	4.48	0.01	135	60480	买盘
09:50:39	4.47	-0.02	750	335250	卖盘
09:50:36	4.49	--	1602	719298	买盘
09:50:33	4.49	--	114	51186	买盘
09:50:30	4.49	--	393	176457	买盘
09:50:27	4.49	0.01	67	30083	买盘
09:50:24	4.48	-0.01	32	14336	卖盘
09:50:21	4.49	0.01	606	272094	买盘
09:50:18	4.48	--	624	279552	买盘
09:50:15	4.48	--	689	308672	卖盘
09:50:12	4.48	-0.01	48	21504	卖盘
09:50:09	4.49	0.01	216	96984	买盘
09:50:06	4.48	--	140	62720	卖盘
09:50:03	4.48	--	460	206080	买盘
09:50:00	4.48	--	140	62720	买盘
09:49:57	4.48	0.02	137	61376	买盘
09:49:54	4.46	-0.02	229	102134	卖盘
09:49:51	4.48	0.02	84	37632	买盘
09:49:48	4.46	--	251	111946	卖盘
09:49:45	4.46	-0.02	164	73144	卖盘
09:49:42	4.48	0.02	85	38080	买盘
09:49:39	4.46	-0.04	608	271168	卖盘
09:49:36	4.5	--	231	103950	买盘
09:49:33	4.5	-0.01	313	140850	中性盘
09:49:30	4.51	0.01	1976	891176	买盘
09:49:27	4.5	-0.02	1281	576450	卖盘
09:49:24	4.52	0.01	382	172663	买盘
09:49:21	4.51	0.01	232	104632	买盘
09:49:18	4.5	--	1371	616950	买盘
09:49:15	4.5	-0.01	219	98550	卖盘
09:49:12	4.51	0.01	4052	1827569	中性盘
09:49:09	4.5	-0.01	1040	468000	卖盘
09:49:06	4.51	--	1607	724757	卖盘
09:49:03	4.51	-0.01	1257	566907	卖盘
09:49:00	4.52	--	290	131080	买盘
09:48:57	4.52	0.02	1153	521155	买盘
09:48:54	4.5	-0.01	448	201600	卖盘
09:48:51	4.51	0.01	109	49159	中性盘
09:48:48	4.5	-0.01	247	111150	卖盘
09:48:45	4.51	0.01	753	339936	买盘
09:48:42	4.5	--	711	319950	买盘
09:48:39	4.5	--	382	171900	买盘
09:48:36	4.5	--	496	223200	买盘
09:48:33	4.5	0.01	259	116550	买盘
09:48:30	4.49	--	50	22450	卖盘
09:48:27	4.49	--	118	52982	卖盘
09:48:24	4.49	0.04	5254	2359046	买盘
09:48:21	4.45	-0.01	564	250980	卖盘
09:48:18	4.46	0.01	1472	656512	买盘
09:48:15	4.45	--	311	138395	卖盘
09:48:12	4.45	--	199	88555	卖盘
09:48:06	4.45	--	369	164205	中性盘
09:48:03	4.45	0.01	1599	711555	买盘
09:48:00	4.44	-0.01	63	27972	卖盘
09:47:57	4.45	0.01	484	215380	买盘
09:47:54	4.44	-0.01	504	223776	卖盘
09:47:51	4.45	0.01	1193	530885	买盘
09:47:48	4.44	--	158	70152	卖盘
09:47:45	4.44	-0.01	278	123432	中性盘
09:47:42	4.45	0.02	1166	518870	买盘
09:47:39	4.43	-0.01	300	132900	卖盘
09:47:36	4.44	--	690	306360	买盘
09:47:33	4.44	--	219	97236	买盘
09:47:30	4.44	--	368	163392	买盘
09:47:27	4.44	--	1615	717060	卖盘
09:47:24	4.44	-0.01	281	124764	卖盘
09:47:21	4.45	0.01	1837	817465	买盘
09:47:18	4.44	--	1199	532356	买盘
09:47:15	4.44	--	65	28860	买盘
09:47:12	4.44	--	1179	523476	买盘
09:47:09	4.44	--	215	95460	买盘
09:47:06	4.44	--	230	102120	买盘
09:47:03	4.44	--	46	20424	买盘
09:47:00	4.44	0.01	722	320568	买盘
09:46:57	4.43	--	243	107649	卖盘
09:46:54	4.43	-0.01	146	64677	卖盘
09:46:51	4.44	--	324	143856	买盘
09:46:48	4.44	0.01	10	4440	买盘
09:46:45	4.43	--	119	52717	卖盘
09:46:42	4.43	--	70	31009	卖盘
09:46:39	4.43	--	426	188718	买盘
09:46:36	4.43	--	45	19935	买盘
09:46:33	4.43	--	880	389840	买盘
09:46:30	4.43	--	122	54046	买盘
09:46:27	4.43	-0.01	124	54932	买盘
09:46:24	4.44	0.01	188	83472	买盘
09:46:21	4.43	--	126	55818	买盘
09:46:18	4.43	-0.01	433	191819	卖盘
09:46:15	4.44	--	58	25752	买盘
09:46:12	4.44	0.01	137	60828	买盘
09:46:09	4.43	--	109	48287	卖盘
09:46:06	4.43	--	203	89929	卖盘
09:46:03	4.43	-0.01	57	25251	卖盘
09:46:00	4.44	--	349	154956	买盘
09:45:57	4.44	--	245	108780	买盘
09:45:54	4.44	0.01	513	227772	买盘
09:45:51	4.43	--	156	69108	卖盘
09:45:48	4.43	-0.01	121	53603	卖盘
09:45:45	4.44	0.01	51	22644	买盘
09:45:42	4.43	--	1003	444329	买盘
09:45:39	4.43	--	158	69994	买盘
09:45:36	4.43	--	23	10189	买盘
09:45:33	4.43	--	438	194034	买盘
09:45:30	4.43	0.01	193	85499	买盘
09:45:27	4.42	-0.01	620	274040	卖盘
09:45:24	4.43	0.01	112	49616	买盘
09:45:21	4.42	--	75	33150	卖盘
09:45:18	4.42	--	118	52156	卖盘
09:45:15	4.42	--	485	214679	买盘
09:45:12	4.42	--	1227	542466	卖盘
09:45:06	4.42	--	612	270504	卖盘
09:45:03	4.42	--	229	101527	买盘
09:45:00	4.42	0.01	321	141882	买盘
09:44:57	4.41	--	34	14994	卖盘
09:44:54	4.41	--	901	397341	卖盘
09:44:51	4.41	-0.01	92	40572	买盘
09:44:48	4.42	0.01	4026	1779492	买盘
09:44:45	4.41	-0.01	393	173313	卖盘
09:44:42	4.42	0.01	10	4420	买盘
09:44:39	4.41	-0.01	947	417627	卖盘
09:44:36	4.42	0.01	96	42432	买盘
09:44:33	4.41	-0.01	372	164052	卖盘
09:44:30	4.42	0.01	13	5746	买盘
09:44:27	4.41	--	109	48069	卖盘
09:44:24	4.41	--	126	55566	卖盘
09:44:21	4.41	--	152	67032	卖盘
09:44:18	4.41	0.01	41	18081	买盘
09:44:15	4.4	-0.01	131	57640	卖盘
09:44:12	4.41	--	17	7497	买盘
09:44:09	4.41	--	78	34398	中性盘
09:44:06	4.41	--	201	88641	卖盘
09:44:03	4.41	-0.01	120	52920	卖盘
09:44:00	4.42	0.01	369	163098	买盘
09:43:57	4.41	--	174	76734	买盘
09:43:54	4.41	-0.01	644	284004	卖盘
09:43:51	4.42	0.01	473	209066	买盘
09:43:48	4.41	--	127	56007	买盘
09:43:45	4.41	--	44	19404	买盘
09:43:42	4.41	--	217	95697	买盘
09:43:39	4.41	--	10	4410	卖盘
09:43:36	4.41	--	18	7938	卖盘
09:43:33	4.41	--	76	33516	买盘
09:43:30	4.41	--	98	43218	卖盘
09:43:27	4.41	0.01	87	38367	卖盘
09:43:24	4.4	--	337	148280	卖盘
09:43:21	4.4	-0.01	1144	503360	卖盘
09:43:18	4.41	-0.01	12	5292	卖盘
09:43:15	4.42	--	32	14144	买盘
09:43:12	4.42	0.01	142	62936	买盘
09:43:09	4.41	0.01	640	282240	中性盘
09:43:06	4.4	-0.01	322	141680	卖盘
09:43:03	4.41	--	101	44541	买盘
09:43:00	4.41	0.01	94	41454	卖盘
09:42:57	4.4	-0.01	183	80520	卖盘
09:42:54	4.41	--	65	28665	买盘
09:42:51	4.41	-0.01	225	99225	中性盘
09:42:48	4.42	--	1097	484874	买盘
09:42:45	4.42	0.01	78	34476	买盘
09:42:42	4.41	-0.01	157	69237	卖盘
09:42:39	4.42	--	26	11492	买盘
09:42:36	4.42	0.01	31	13702	买盘
09:42:33	4.41	-0.01	40	17640	卖盘
09:42:30	4.42	--	32	14144	买盘
09:42:27	4.42	--	133	58786	买盘
09:42:24	4.42	0.01	29	12818	买盘
09:42:21	4.41	-0.01	23	10143	中性盘
09:42:18	4.42	--	329	145418	买盘
09:42:15	4.42	0.01	69	30498	买盘
09:42:12	4.41	--	36	15876	卖盘
09:42:09	4.41	-0.01	12	5292	卖盘
09:42:06	4.42	0.01	937	414154	买盘
09:42:03	4.41	--	766	337806	买盘
09:42:00	4.41	--	120	52920	买盘
09:41:57	4.41	--	52	22932	买盘
09:41:54	4.41	--	60	26460	买盘
09:41:51	4.41	--	38	16758	买盘
09:41:48	4.41	0.01	105	46305	买盘
09:41:42	4.4	-0.01	17	7480	卖盘
09:41:39	4.41	--	178	78498	买盘
09:41:33	4.41	--	104	45864	买盘
09:41:30	4.41	--	100	44100	买盘
09:41:27	4.41	0.01	297	130977	买盘
09:41:24	4.4	-0.01	25	11000	卖盘
09:41:21	4.41	--	203	89523	买盘
09:41:18	4.41	0.01	32	14112	买盘
09:41:15	4.4	--	126	55440	卖盘
09:41:12	4.4	--	80	35200	卖盘
09:41:09	4.4	--	10	4400	卖盘
09:41:06	4.4	-0.01	44	19360	卖盘
09:41:03	4.41	0.01	530	234162	买盘
09:41:00	4.4	--	80	35200	买盘
09:40:57	4.4	--	283	124520	买盘
09:40:51	4.4	0.01	100	44000	买盘
09:40:48	4.39	-0.01	30	13349	卖盘
09:40:45	4.4	--	55	24200	买盘
09:40:42	4.4	0.01	321	141240	买盘
09:40:39	4.39	-0.01	56	24584	卖盘
09:40:36	4.4	--	70	30800	买盘
09:40:33	4.4	--	105	46200	买盘
09:40:30	4.4	--	95	41800	买盘
09:40:27	4.4	0.01	50	22000	买盘
09:40:24	4.39	-0.01	416	182624	卖盘
09:40:21	4.4	--	14	6160	买盘
09:40:18	4.4	--	94	41360	买盘
09:40:15	4.4	-0.01	100	44000	中性盘
09:40:12	4.41	0.01	46	20286	买盘
09:40:09	4.4	--	1195	525800	卖盘
09:40:06	4.4	-0.01	330	145200	卖盘
09:40:03	4.41	0.01	12	5292	买盘
09:40:00	4.4	--	354	155760	卖盘
09:39:57	4.4	--	133	58520	卖盘
09:39:54	4.4	-0.01	103	45320	卖盘
09:39:51	4.41	--	126	55566	买盘
09:39:48	4.41	--	26	11466	买盘
09:39:45	4.41	--	61	26901	买盘
09:39:42	4.41	--	1932	852012	卖盘
09:39:39	4.41	--	356	156996	卖盘
09:39:36	4.41	-0.01	164	72324	卖盘
09:39:33	4.42	--	453	200226	买盘
09:39:30	4.42	--	87	38454	买盘
09:39:27	4.42	--	203	89726	买盘
09:39:24	4.42	--	159	70278	买盘
09:39:21	4.42	--	51	22542	买盘
09:39:18	4.42	--	645	285090	买盘
09:39:15	4.42	--	514	227188	买盘
09:39:12	4.42	--	1085	479570	卖盘
09:39:09	4.42	--	151	66742	卖盘
09:39:06	4.42	--	120	53040	卖盘
09:39:03	4.42	--	50	22100	卖盘
09:39:00	4.42	--	117	51714	买盘
09:38:57	4.42	--	534	236028	卖盘
09:38:54	4.42	--	630	278460	买盘
09:38:51	4.42	--	399	176358	买盘
09:38:48	4.42	--	356	157352	买盘
09:38:45	4.42	--	447	197574	买盘
09:38:42	4.42	--	157	69394	买盘
09:38:39	4.42	--	105	46410	买盘
09:38:36	4.42	--	357	157794	买盘
09:38:33	4.42	0.01	75	33150	买盘
09:38:30	4.41	-0.01	319	140679	卖盘
09:38:27	4.42	--	48	21216	买盘
09:38:24	4.42	--	195	86190	买盘
09:38:21	4.42	-0.01	249	110058	卖盘
09:38:18	4.43	0.01	209	92587	买盘
09:38:15	4.42	--	187	82654	卖盘
09:38:12	4.42	--	114	50388	买盘
09:38:09	4.42	0.01	146	64532	买盘
09:38:06	4.41	-0.01	95	41895	卖盘
09:38:03	4.42	--	46	20332	买盘
09:38:00	4.42	0.01	418	184756	买盘
09:37:57	4.41	--	10	4410	卖盘
09:37:54	4.41	--	35	15435	卖盘
09:37:51	4.41	--	1203	530523	买盘
09:37:48	4.41	--	55	24255	买盘
09:37:45	4.41	--	381	168021	买盘
09:37:42	4.41	0.01	124	54684	买盘
09:37:39	4.4	-0.01	50	22000	卖盘
09:37:36	4.41	--	73	32193	买盘
09:37:33	4.41	--	10	4410	买盘
09:37:30	4.41	0.01	280	123480	买盘
09:37:27	4.4	--	18	7920	卖盘
09:37:24	4.4	--	15	6600	卖盘
09:37:21	4.4	-0.01	108	47520	卖盘
09:37:18	4.41	0.01	52	22932	买盘
09:37:15	4.4	--	550	242000	买盘
09:37:12	4.4	--	648	285120	买盘
09:37:09	4.4	--	129	56760	买盘
09:37:06	4.4	--	114	50160	买盘
09:37:03	4.4	--	66	29040	买盘
09:37:00	4.4	--	52	22880	买盘
09:36:57	4.4	--	19	8360	买盘
09:36:54	4.4	--	66	29040	买盘
09:36:51	4.4	0.01	124	54560	买盘
09:36:48	4.39	-0.01	132	57947	卖盘
09:36:45	4.4	--	189	83160	买盘
09:36:42	4.4	0.01	23	10120	买盘
09:36:36	4.39	-0.01	72	31607	卖盘
09:36:33	4.4	0.01	179	78760	买盘
09:36:30	4.39	--	274	120285	买盘
09:36:27	4.39	--	101	44339	买盘
09:36:24	4.39	--	580	254619	买盘
09:36:21	4.39	--	96	42144	买盘
09:36:18	4.39	--	83	36437	买盘
09:36:15	4.39	--	62	27217	买盘
09:36:12	4.39	--	6	2634	买盘
09:36:09	4.39	--	117	51362	买盘
09:36:06	4.39	--	300	131700	买盘
09:36:03	4.39	0.01	40	17560	买盘
09:36:00	4.38	--	5	2190	卖盘
09:35:54	4.38	0.01	284	124392	买盘
09:35:51	4.37	-0.01	330	144210	卖盘
09:35:48	4.38	--	45	19710	买盘
09:35:45	4.38	0.01	46	20148	买盘
09:35:42	4.37	-0.01	7	3059	卖盘
09:35:39	4.38	0.01	4	1752	买盘
09:35:36	4.37	--	41	17917	卖盘
09:35:33	4.37	-0.01	120	52440	卖盘
09:35:30	4.38	0.01	1	438	买盘
09:35:21	4.37	--	161	70357	买盘
09:35:18	4.37	--	25	10925	买盘
09:35:15	4.37	0.01	160	69920	买盘
09:35:12	4.36	-0.01	38	16568	卖盘
09:35:09	4.37	0.01	38	16606	买盘
09:35:06	4.36	-0.01	24	10464	卖盘
09:35:03	4.37	--	3	1311	买盘
09:35:00	4.37	--	188	82156	买盘
09:34:54	4.37	0.01	505	220685	买盘
09:34:48	4.36	-0.01	1	436	卖盘
09:34:45	4.37	--	23	10051	买盘
09:34:39	4.37	--	87	38019	买盘
09:34:36	4.37	--	43	18791	买盘
09:34:33	4.37	0.01	8	3496	买盘
09:34:30	4.36	--	27	11772	卖盘
09:34:27	4.36	--	42	18312	卖盘
09:34:18	4.36	0.01	51	22236	买盘
09:34:15	4.35	--	54	23489	卖盘
09:34:09	4.35	--	1	434	卖盘
09:34:06	4.35	--	506	220109	买盘
09:34:03	4.35	--	104	45239	买盘
09:34:00	4.35	--	11	4785	买盘
09:33:57	4.35	0.01	514	223589	买盘
09:33:54	4.34	-0.01	43	18662	卖盘
09:33:51	4.35	--	20	8700	买盘
09:33:48	4.35	--	82	35670	买盘
09:33:45	4.35	--	106	46109	买盘
09:33:42	4.35	--	1021	444134	买盘
09:33:39	4.35	0.01	19	8265	买盘
09:33:36	4.34	-0.01	200	86800	卖盘
09:33:33	4.35	--	1056	459359	卖盘
09:33:30	4.35	--	370	160950	卖盘
09:33:27	4.35	--	41	17835	卖盘
09:33:24	4.35	-0.01	19	8265	卖盘
09:33:21	4.36	0.01	62	27032	买盘
09:33:18	4.35	--	47	20445	卖盘
09:33:15	4.35	--	136	59159	卖盘
09:33:12	4.35	--	155	67425	卖盘
09:33:09	4.35	--	370	160950	卖盘
