成交时间	成交价	价格变动	成交量(手)	成交额(元)	性质
15:00:03	63.85	-0.02	112	717035	卖盘
14:57:00	63.87	--	2	12774	卖盘
14:56:57	63.87	-0.01	10	63870	卖盘
14:56:48	63.88	0.01	1	6388	中性盘
14:56:42	63.87	-0.02	4	25548	卖盘
14:56:39	63.89	--	5	31945	买盘
14:56:36	63.89	0.01	9	57501	买盘
14:56:33	63.88	-0.01	9	57492	卖盘
14:56:27	63.89	--	2	12778	买盘
14:56:18	63.89	-0.01	39	255496	卖盘
14:56:15	63.9	0.01	2	12780	买盘
14:56:12	63.89	-0.01	2	12778	卖盘
14:55:57	63.9	--	2	12780	中性盘
14:55:51	63.9	--	4	25560	卖盘
14:55:48	63.9	-0.01	24	153360	卖盘
14:55:45	63.91	0.01	5	31955	买盘
14:55:42	63.9	-0.01	1	6390	卖盘
14:55:36	63.91	--	1	6391	买盘
14:55:21	63.91	--	32	204512	卖盘
14:55:15	63.91	--	2	12782	卖盘
14:55:06	63.91	--	4	25564	卖盘
14:54:54	63.91	--	4	25564	卖盘
14:54:42	63.91	-0.01	2	12782	卖盘
14:54:39	63.92	-0.06	4	25568	中性盘
14:54:21	63.98	0.06	1	6398	买盘
14:54:15	63.92	-0.06	4	25568	卖盘
14:53:57	63.98	-0.02	62	401986	卖盘
14:53:54	64.0	0.01	3	19200	买盘
14:53:36	63.99	-0.01	10	63990	卖盘
14:53:33	64.0	0.02	2	12800	买盘
14:53:30	63.98	--	1	6398	卖盘
14:53:24	63.98	--	2	12796	卖盘
14:53:21	63.98	--	2	12796	卖盘
14:53:12	63.98	-0.03	3	19194	卖盘
14:52:54	64.01	-0.05	1	6401	卖盘
14:52:48	64.06	0.05	3	19218	买盘
14:52:45	64.01	0.01	8	51208	卖盘
14:52:12	64.0	0.02	56	361536	买盘
14:52:09	63.98	-0.02	3	19194	卖盘
14:52:06	64.0	0.02	4	25600	买盘
14:52:03	63.98	-0.02	4	25592	卖盘
14:51:57	64.0	0.02	50	320000	买盘
14:51:54	63.98	-0.02	2	12796	卖盘
14:51:51	64.0	0.02	1	6400	买盘
14:51:45	63.98	-0.02	3	19194	卖盘
14:51:36	64.0	0.02	3	19200	买盘
14:51:15	63.98	-0.02	1	6398	卖盘
14:51:09	64.0	--	5	32000	买盘
14:50:57	64.0	0.01	135	864000	买盘
14:50:51	63.99	0.01	2	12798	买盘
14:50:45	63.98	--	1	6398	卖盘
14:50:39	63.98	--	20	130135	买盘
14:50:33	63.98	--	1	6398	买盘
14:50:30	63.98	--	2	12796	卖盘
14:50:24	63.98	--	1	6398	卖盘
14:50:21	63.98	--	1	6398	卖盘
14:50:18	63.98	0.03	7	44786	买盘
14:49:48	63.95	--	1	9208	买盘
14:49:42	63.95	0.01	1	6395	买盘
14:49:36	63.94	--	2	12788	卖盘
14:49:27	63.94	-0.01	1	6394	卖盘
14:49:18	63.95	0.01	2	12790	买盘
14:49:15	63.94	-0.01	1	6394	卖盘
14:49:00	63.95	0.01	15	95925	买盘
14:48:57	63.94	-0.01	1	6394	卖盘
14:48:48	63.95	0.01	4	25580	买盘
14:48:45	63.94	-0.01	6	38364	卖盘
14:48:42	63.95	--	6	38370	卖盘
14:48:36	63.95	--	10	63950	卖盘
14:48:33	63.95	--	1	6395	卖盘
14:48:30	63.95	--	2	12790	卖盘
14:48:18	63.95	--	8	51160	卖盘
14:48:12	63.95	0.01	4	25580	卖盘
14:48:06	63.94	0.01	2	12788	卖盘
14:48:00	63.93	-0.01	3	19179	卖盘
14:47:48	63.94	0.01	1	6394	中性盘
14:47:42	63.93	-0.05	1	6393	中性盘
14:46:15	63.98	0.07	1	6398	买盘
14:45:48	63.91	-0.07	3	19173	卖盘
14:45:30	63.98	0.05	8	51184	买盘
14:45:15	63.93	--	14	89502	买盘
14:44:57	63.93	--	5	31965	卖盘
14:44:42	63.93	-0.05	5	31965	中性盘
14:44:21	63.98	0.07	3	19194	买盘
14:43:45	63.91	--	1	6391	卖盘
14:43:42	63.91	--	3	19173	买盘
14:43:36	63.91	--	1	6391	买盘
14:43:30	63.91	0.01	1	6391	中性盘
14:43:00	63.9	--	3	19170	卖盘
14:42:54	63.9	0.01	3	19170	买盘
14:42:51	63.89	-0.01	1	6389	卖盘
14:42:42	63.9	--	4	25560	卖盘
14:42:24	63.9	--	5	31950	卖盘
14:42:06	63.9	--	1	6390	卖盘
14:42:03	63.9	--	3	19170	卖盘
14:42:00	63.9	--	1	6390	卖盘
14:41:57	63.9	0.01	1	6390	卖盘
14:41:54	63.89	--	23	146947	卖盘
14:41:51	63.89	--	8	51112	卖盘
14:41:48	63.89	--	10	63890	卖盘
14:41:45	63.89	-0.11	1	6389	卖盘
14:41:42	64.0	0.11	5	32000	买盘
14:41:36	63.89	-0.1	1	6389	卖盘
14:41:33	63.99	0.1	13	83187	买盘
14:41:18	63.89	--	3	19230	卖盘
14:41:12	63.89	0.01	3	19167	中性盘
14:41:00	63.88	-0.1	4	25552	卖盘
14:40:57	63.98	-0.02	1	6398	卖盘
14:40:51	64.0	-0.05	49	313664	卖盘
14:40:48	64.05	--	1	6405	卖盘
14:40:45	64.05	-0.01	1	6405	卖盘
14:40:39	64.06	--	11	70466	卖盘
14:40:36	64.06	--	2	12812	卖盘
14:40:33	64.06	-0.01	4	25624	卖盘
14:40:27	64.07	--	3	19220	卖盘
14:40:24	64.07	--	2	12813	卖盘
14:39:45	64.07	-0.03	1	6406	卖盘
14:39:39	64.1	--	10	64099	买盘
14:39:27	64.1	--	1	6409	买盘
14:39:18	64.1	0.03	2	12819	买盘
14:39:03	64.07	-0.04	2	12813	卖盘
14:38:57	64.11	0.04	32	205152	买盘
14:38:45	64.07	--	1	6406	卖盘
14:38:21	64.07	-0.03	1	6406	卖盘
14:38:15	64.1	--	3	19230	买盘
14:38:06	64.1	0.04	3	19230	买盘
14:37:48	64.06	-0.03	2	12812	卖盘
14:37:45	64.09	0.03	1	6409	买盘
14:37:18	64.06	-0.01	12	76872	卖盘
14:37:09	64.07	0.01	1	6406	中性盘
14:36:51	64.06	--	3	19218	卖盘
14:36:36	64.06	--	8	51248	卖盘
14:36:24	64.06	--	5	32030	卖盘
14:35:18	64.06	-0.05	4	25624	卖盘
14:35:12	64.11	--	3	19233	买盘
14:35:06	64.11	0.06	4	25644	买盘
14:35:03	64.05	-0.07	10	64050	卖盘
14:34:48	64.12	0.01	1	6412	买盘
14:34:18	64.11	-0.01	3	19233	中性盘
14:34:03	64.12	--	3	19236	卖盘
14:34:00	64.12	--	2	12824	卖盘
14:33:39	64.12	0.07	10	64120	买盘
14:33:18	64.05	-0.02	2	19150	卖盘
14:33:09	64.07	-0.03	1	6406	卖盘
14:32:54	64.1	--	5	32049	卖盘
14:32:36	64.1	-0.02	15	96149	卖盘
14:32:33	64.12	--	3	19236	卖盘
14:32:30	64.12	-0.01	1	6412	卖盘
14:32:27	64.13	--	14	95168	卖盘
14:32:24	64.13	--	1	6413	卖盘
14:32:21	64.13	--	3	19239	卖盘
14:32:18	64.13	--	10	65156	卖盘
14:32:15	64.13	--	2	12826	卖盘
14:32:03	64.13	-0.01	1	6413	卖盘
14:32:00	64.14	-0.01	19	121866	卖盘
14:31:39	64.15	-0.01	2	12830	卖盘
14:31:36	64.16	--	1	6416	卖盘
14:31:15	64.16	--	1	6416	卖盘
14:31:12	64.16	-0.02	1	6416	卖盘
14:31:00	64.18	0.02	5	32090	买盘
14:30:45	64.16	--	1	6416	卖盘
14:30:33	64.16	--	1	6416	卖盘
14:29:57	64.16	0.01	2	12832	买盘
14:29:48	64.15	--	2	12830	卖盘
14:29:42	64.15	-0.01	4	25660	卖盘
14:29:39	64.16	0.01	5	32080	买盘
14:29:24	64.15	--	1	6415	卖盘
14:29:21	64.15	0.02	2	12830	买盘
14:29:15	64.13	--	2	12826	卖盘
14:28:51	64.13	--	3	19239	买盘
14:28:39	64.13	0.01	2	12826	买盘
14:28:33	64.12	--	1	6412	卖盘
14:28:06	64.12	--	1	6412	卖盘
14:27:48	64.12	-0.01	6	38472	卖盘
14:27:42	64.13	--	3	19239	卖盘
14:27:36	64.13	--	1	6413	卖盘
14:27:06	64.13	0.01	1	6413	中性盘
14:26:54	64.12	--	8	51296	卖盘
14:26:48	64.12	--	8	51296	卖盘
14:26:45	64.12	-0.06	3	19236	卖盘
14:26:42	64.18	--	2	12836	买盘
14:26:33	64.18	0.07	1	6418	买盘
14:26:18	64.11	--	2	12822	卖盘
14:26:15	64.11	-0.07	1	6411	卖盘
14:26:12	64.18	0.08	3	19254	买盘
14:25:57	64.1	--	4	25639	卖盘
14:25:45	64.1	--	2	12819	卖盘
14:25:30	64.1	--	1	6409	中性盘
14:25:15	64.1	-0.04	1	6409	卖盘
14:25:12	64.14	--	2	12828	卖盘
14:24:51	64.14	-0.06	5	32070	卖盘
14:24:48	64.2	-0.01	39	250380	卖盘
14:24:45	64.21	0.01	50	321049	买盘
14:24:42	64.2	--	10	64200	卖盘
14:24:39	64.2	-0.01	2	12840	卖盘
14:24:36	64.21	--	1	6420	买盘
14:24:33	64.21	--	11	70631	买盘
14:24:30	64.21	-0.01	13	88160	卖盘
14:24:24	64.22	--	18	115596	卖盘
14:24:15	64.22	0.01	5	32110	中性盘
14:24:03	64.21	--	1	6420	卖盘
14:24:00	64.21	--	11	70631	卖盘
14:23:54	64.21	-0.05	4	25683	卖盘
14:23:51	64.26	0.05	20	130255	买盘
14:23:48	64.21	--	3	19262	卖盘
14:23:42	64.21	--	1	6420	卖盘
14:23:39	64.21	-0.01	1	6420	卖盘
14:23:33	64.22	0.02	9	57798	买盘
14:23:21	64.2	--	16	102720	买盘
14:23:18	64.2	--	5	32100	买盘
14:23:15	64.2	--	21	134820	买盘
14:23:03	64.2	0.04	100	642000	买盘
14:23:00	64.16	-0.01	11	70576	卖盘
14:22:48	64.17	0.01	5	32085	买盘
14:22:45	64.16	0.01	1	6416	中性盘
14:22:18	64.15	-0.01	1	6415	卖盘
14:22:15	64.16	0.01	5	32080	买盘
14:22:03	64.15	--	4	25660	买盘
14:22:00	64.15	--	26	166790	买盘
14:21:54	64.15	0.02	10	64150	买盘
14:21:51	64.13	-0.02	3	19239	卖盘
14:21:48	64.15	0.02	25	160375	买盘
14:21:42	64.13	--	1	6413	卖盘
14:21:33	64.13	-0.01	2	12826	卖盘
14:21:27	64.14	0.01	12	76968	买盘
14:21:24	64.13	--	5	32064	卖盘
14:21:06	64.13	0.03	35	224454	买盘
14:21:03	64.1	--	1	6409	卖盘
14:20:54	64.1	-0.03	1	6409	卖盘
14:20:48	64.13	0.03	4	25652	买盘
14:20:36	64.1	-0.03	10	64099	中性盘
14:20:21	64.13	--	1	6413	买盘
14:20:15	64.13	0.06	1	6413	买盘
14:20:09	64.07	-0.06	5	32034	卖盘
14:19:57	64.13	--	4	25652	买盘
14:19:09	64.13	0.1	2	12826	买盘
14:19:06	64.03	--	1	6403	卖盘
14:19:03	64.03	--	2	12806	卖盘
14:18:57	64.03	-0.11	2	12806	卖盘
14:18:54	64.14	0.11	15	96210	买盘
14:18:48	64.03	--	3	19209	卖盘
14:18:42	64.03	--	2	12806	卖盘
14:18:36	64.03	--	3	19209	卖盘
14:18:30	64.03	-0.01	1	6403	卖盘
14:18:27	64.04	--	7	44828	卖盘
14:18:21	64.04	-0.11	17	108868	卖盘
14:18:18	64.15	0.03	10	64150	买盘
14:18:12	64.12	0.06	2	12824	买盘
14:18:09	64.06	-0.04	4	25624	卖盘
14:18:03	64.1	--	1	6409	买盘
14:18:00	64.1	--	4	25639	买盘
14:17:54	64.1	0.02	4	25639	买盘
14:17:51	64.08	--	1	6408	卖盘
14:17:45	64.08	-0.02	1	6408	卖盘
14:17:36	64.1	0.03	22	141020	买盘
14:17:33	64.07	--	2	12813	买盘
14:17:30	64.07	--	6	38441	买盘
14:17:27	64.07	0.01	5	32034	买盘
14:17:18	64.06	--	8	51248	卖盘
14:17:15	64.06	-0.01	22	140932	卖盘
14:17:12	64.07	0.01	102	653513	买盘
14:16:57	64.06	--	2	12812	买盘
14:16:54	64.06	0.02	5	32030	买盘
14:16:42	64.04	-0.02	1	6404	中性盘
14:16:21	64.06	0.02	20	128120	买盘
14:16:09	64.04	--	7	44828	买盘
14:15:54	64.04	--	2	12808	卖盘
14:15:51	64.04	--	1	6404	卖盘
14:15:42	64.04	--	2	12808	卖盘
14:15:30	64.04	0.02	3	19212	买盘
14:15:18	64.02	--	10	64019	买盘
14:15:15	64.02	--	2	12804	买盘
14:15:06	64.02	0.02	9	57618	买盘
14:15:00	64.0	0.01	5	32000	买盘
14:14:54	63.99	0.01	3	19197	买盘
14:14:42	63.98	0.01	3	19194	买盘
14:14:12	63.97	--	1	6397	买盘
14:14:06	63.97	--	1	6397	买盘
14:13:57	63.97	0.05	2	12794	买盘
14:13:33	63.92	--	5	31960	卖盘
14:12:54	63.92	--	2	12784	卖盘
14:11:42	63.92	-0.06	1	6392	中性盘
14:10:27	63.98	0.08	16	102368	买盘
14:09:30	63.9	0.01	6	38595	买盘
14:09:27	63.89	-0.01	1	6389	卖盘
14:09:18	63.9	--	5	31950	买盘
14:08:48	63.9	-0.01	21	140324	卖盘
14:08:36	63.91	-0.07	8	51128	卖盘
14:08:21	63.98	--	6	38388	卖盘
14:08:18	63.98	0.07	4	25592	买盘
14:08:12	63.91	-0.02	1	6391	卖盘
14:08:03	63.93	-0.01	10	63930	卖盘
14:08:00	63.94	--	1	6394	卖盘
14:07:57	63.94	--	3	19182	卖盘
14:07:54	63.94	--	1	6394	卖盘
14:07:45	63.94	--	8	51152	卖盘
14:07:39	63.94	--	1	6394	卖盘
14:07:21	63.94	--	1	6394	卖盘
14:07:18	63.94	-0.04	6	38364	中性盘
14:07:12	63.98	--	1	6398	卖盘
14:07:06	63.98	-0.01	1	6398	中性盘
14:07:03	63.99	--	10	63990	买盘
14:06:45	63.99	-0.01	1	6399	中性盘
14:06:15	64.0	--	1	6400	买盘
14:06:12	64.0	--	1	6400	卖盘
14:05:57	64.0	--	2	12800	卖盘
14:05:51	64.0	--	5	32000	卖盘
14:05:42	64.0	--	1	6400	卖盘
14:04:39	64.0	--	13	83200	卖盘
14:03:57	64.0	-0.05	3	19200	卖盘
14:03:45	64.05	--	1	6405	买盘
14:03:21	64.05	0.05	5	32025	买盘
14:03:18	64.0	-0.05	1	6400	卖盘
14:03:15	64.05	-0.02	2	12810	卖盘
14:02:51	64.07	0.02	3	19220	买盘
14:02:48	64.05	0.05	2	12810	买盘
14:02:24	64.0	--	3	19200	买盘
14:02:15	64.0	--	1	6400	买盘
14:02:03	64.0	0.01	6	38400	中性盘
14:01:42	63.99	-0.01	1	11646	买盘
14:01:27	64.0	--	2	12800	买盘
14:01:21	64.0	--	1	6400	买盘
14:01:15	64.0	--	1	6400	买盘
14:00:57	64.0	0.1	30	192000	买盘
13:59:54	63.9	--	4	25815	买盘
13:59:48	63.9	0.01	3	19170	买盘
13:59:09	63.89	-0.01	4	25556	卖盘
13:58:45	63.9	-0.07	15	101984	卖盘
13:58:36	63.97	--	3	19191	买盘
13:58:06	63.97	--	1	6397	买盘
13:57:51	63.97	--	3	19191	买盘
13:57:39	63.97	0.06	3	19191	买盘
13:57:09	63.91	-0.06	1	6391	卖盘
13:57:00	63.97	0.01	5	31985	买盘
13:56:48	63.96	--	5	31980	卖盘
13:56:30	63.96	0.06	11	70356	买盘
13:56:00	63.9	-0.06	4	25560	卖盘
13:55:36	63.96	0.02	2	12792	买盘
13:55:21	63.94	0.04	0	255	买盘
13:55:03	63.9	--	3	19170	买盘
13:54:57	63.9	--	3	19170	买盘
13:54:48	63.9	-0.04	16	102240	中性盘
13:54:21	63.94	0.01	0	6138	卖盘
13:54:09	63.93	0.02	98	626769	买盘
13:54:03	63.91	-0.02	12	76692	卖盘
13:53:57	63.93	--	7	44751	买盘
13:53:42	63.93	--	1	6393	买盘
13:53:30	63.93	--	1	6393	卖盘
13:53:18	63.93	--	8	51144	买盘
13:53:03	63.93	-0.04	17	108681	中性盘
13:51:57	63.97	0.07	2	12794	买盘
13:51:54	63.9	-0.07	8	51120	卖盘
13:51:33	63.97	--	1	6397	买盘
13:51:24	63.97	--	5	31985	卖盘
13:51:18	63.97	--	3	19191	买盘
13:51:15	63.97	--	4	25588	买盘
13:51:00	63.97	--	2	12794	买盘
13:50:51	63.97	-0.01	1	6397	中性盘
13:50:39	63.98	--	2	12796	买盘
13:50:06	63.98	0.09	3	19194	买盘
13:50:00	63.89	-0.1	3	19167	卖盘
13:49:42	63.99	0.1	52	332748	买盘
13:49:39	63.89	-0.08	9	57501	卖盘
13:49:27	63.97	--	4	25588	买盘
13:48:57	63.97	--	26	166322	卖盘
13:48:45	63.97	-0.02	13	83161	卖盘
13:48:39	63.99	-0.01	10	63990	卖盘
13:48:36	64.0	--	1	6400	买盘
13:48:33	64.0	--	7	48512	卖盘
13:48:30	64.0	-0.07	19	124288	卖盘
13:48:09	64.07	--	1	6406	买盘
13:48:03	64.07	0.09	5	32034	中性盘
13:47:39	63.98	-0.1	5	31990	卖盘
13:47:33	64.08	0.1	2	12816	买盘
13:47:27	63.98	--	5	31990	买盘
13:47:24	63.98	--	2	12796	买盘
13:47:15	63.98	-0.09	17	108766	卖盘
13:47:03	64.07	-0.01	15	96104	卖盘
13:47:00	64.08	-0.06	5	32040	卖盘
13:46:57	64.14	-0.01	2	12828	中性盘
13:46:48	64.15	--	5	32075	买盘
13:46:45	64.15	--	5	32075	买盘
13:46:39	64.15	0.01	4	25660	买盘
13:46:36	64.14	--	10	64140	买盘
13:46:33	64.14	--	3	19242	买盘
13:46:30	64.14	--	1	6414	买盘
13:46:27	64.14	-0.01	6	38484	卖盘
13:46:24	64.15	--	2	12830	买盘
13:46:21	64.15	--	6	38490	买盘
13:46:12	64.15	0.01	57	365655	买盘
13:46:03	64.14	0.04	23	147522	买盘
13:45:57	64.1	--	6	38460	卖盘
13:45:51	64.1	--	7	44869	卖盘
13:45:45	64.1	--	1	6409	买盘
13:45:39	64.1	0.04	30	192299	买盘
13:45:24	64.06	-0.04	4	25624	卖盘
13:45:21	64.1	--	23	147430	买盘
13:45:15	64.1	--	7	44869	买盘
13:45:09	64.1	0.04	4	25639	买盘
13:45:03	64.06	-0.04	1	6406	卖盘
13:45:00	64.1	-0.02	10	64099	卖盘
13:44:57	64.12	0.02	7	44884	买盘
13:44:51	64.1	--	3	19230	卖盘
13:44:48	64.1	0.05	32	205119	买盘
13:44:39	64.05	0.02	1	6405	买盘
13:44:36	64.03	-0.02	2	12806	卖盘
13:44:30	64.05	0.01	3	19215	买盘
13:44:21	64.04	0.01	6	38424	中性盘
13:43:54	64.03	--	5	32015	买盘
13:43:48	64.03	--	1	6403	买盘
13:43:45	64.03	0.03	6	38418	买盘
13:43:39	64.0	-0.03	1	6400	卖盘
13:43:27	64.03	0.03	2	12806	买盘
13:43:12	64.0	--	16	102400	卖盘
13:43:09	64.0	--	7	44800	买盘
13:42:48	64.0	--	64	409600	买盘
13:42:36	64.0	0.02	35	224000	买盘
13:42:27	63.98	-0.05	82	529562	卖盘
13:42:12	64.03	0.04	12	76836	买盘
13:42:03	63.99	0.01	5	31995	中性盘
13:41:54	63.98	-0.01	20	127960	卖盘
13:41:45	63.99	0.01	2	12798	买盘
13:41:24	63.98	--	3	19194	卖盘
13:41:15	63.98	-0.01	5	31990	卖盘
13:41:09	63.99	--	1	6399	卖盘
13:41:06	63.99	0.01	1	6399	中性盘
13:40:36	63.98	--	3	19194	卖盘
13:40:30	63.98	--	2	12796	卖盘
13:40:27	63.98	--	1	6398	卖盘
13:40:24	63.98	-0.07	1	6398	卖盘
13:40:18	64.05	0.02	7	44835	买盘
13:40:12	64.03	0.02	1	6403	中性盘
13:40:03	64.01	0.03	1	6401	中性盘
13:39:54	63.98	-0.02	2	12796	卖盘
13:39:51	64.0	-0.01	1	6400	卖盘
13:39:48	64.01	--	1	6401	卖盘
13:39:45	64.01	0.01	1	6401	买盘
13:39:36	64.0	--	6	38400	卖盘
13:39:30	64.0	--	2	12800	卖盘
13:39:27	64.0	--	1	6400	卖盘
13:39:15	64.0	--	2	12800	卖盘
13:39:06	64.0	--	2	12800	买盘
13:38:57	64.0	0.02	5	32000	买盘
13:38:54	63.98	-0.02	2	12796	卖盘
13:38:51	64.0	--	7	44800	买盘
13:38:36	64.0	0.03	40	256000	买盘
13:38:12	63.97	0.01	15	95955	买盘
13:37:45	63.96	-0.01	1	6396	中性盘
13:37:39	63.97	0.06	8	51176	买盘
13:37:30	63.91	--	6	38346	买盘
13:37:24	63.91	--	2	12782	买盘
13:36:54	63.91	--	1	6391	买盘
13:36:45	63.91	0.11	3	19173	买盘
13:36:00	63.8	--	4	25520	买盘
13:35:57	63.8	--	6	38280	买盘
13:35:48	63.8	--	9	57420	买盘
13:35:45	63.8	--	2	12760	买盘
13:35:42	63.8	--	4	25520	买盘
13:35:33	63.8	--	3	19140	买盘
13:35:21	63.8	-0.11	26	165880	卖盘
13:35:15	63.91	--	4	25564	买盘
13:35:12	63.91	0.03	1	6391	买盘
13:34:57	63.88	-0.03	4	25552	卖盘
13:34:48	63.91	-0.05	3	19173	卖盘
13:34:42	63.96	0.02	18	115128	买盘
13:34:39	63.94	--	1	6394	买盘
13:34:36	63.94	--	23	147062	买盘
13:34:27	63.94	-0.02	9	57546	卖盘
13:34:03	63.96	--	2	12792	买盘
13:33:54	63.96	--	14	89544	买盘
13:33:48	63.96	--	10	63960	买盘
13:33:45	63.96	0.02	1	6396	买盘
13:33:42	63.94	-0.02	3	19182	卖盘
13:33:33	63.96	0.02	22	140712	买盘
13:33:30	63.94	-0.01	2	12788	卖盘
13:33:27	63.95	0.01	4	25580	买盘
13:33:18	63.94	--	1	6394	买盘
13:33:03	63.94	0.01	5	31970	买盘
13:33:00	63.93	-0.01	5	31965	卖盘
13:32:54	63.94	--	5	31970	买盘
13:32:51	63.94	0.01	1	6394	买盘
13:32:18	63.93	0.02	15	95895	买盘
13:32:12	63.91	--	4	25564	买盘
13:32:06	63.91	--	1	6391	卖盘
13:31:45	63.91	--	5	31955	卖盘
13:31:42	63.91	--	5	31955	卖盘
13:30:51	63.91	--	1	6391	买盘
13:30:39	63.91	0.01	3	19173	买盘
13:30:21	63.9	0.01	4	28563	买盘
13:30:06	63.89	--	3	19167	买盘
13:29:57	63.89	-0.01	8	51112	卖盘
13:29:24	63.9	--	1	9776	卖盘
13:29:00	63.9	0.01	4	28563	买盘
13:28:42	63.89	--	1	6389	卖盘
13:28:39	63.89	-0.01	3	19167	卖盘
13:28:36	63.9	--	2	12780	买盘
13:28:27	63.9	--	11	73676	卖盘
13:28:24	63.9	-0.02	1	6390	卖盘
13:28:15	63.92	-0.04	3	19176	中性盘
13:28:03	63.96	0.04	7	44772	买盘
13:27:45	63.92	0.02	1	6392	买盘
13:27:18	63.9	--	19	124413	买盘
13:27:09	63.9	--	2	12780	买盘
13:26:51	63.9	0.02	20	127800	买盘
13:26:36	63.88	--	5	31940	买盘
13:26:24	63.88	--	2	12776	买盘
13:26:18	63.88	--	1	6388	买盘
13:26:06	63.88	--	2	12776	买盘
13:25:54	63.88	0.01	1	6388	买盘
13:25:51	63.87	0.05	8	51096	买盘
13:25:36	63.82	-0.03	27	178313	卖盘
13:25:33	63.85	-0.01	4	25540	卖盘
13:25:30	63.86	0.01	8	51088	买盘
13:25:24	63.85	0.03	6	38310	买盘
13:25:00	63.82	--	11	70202	买盘
13:24:57	63.82	--	3	19146	买盘
13:24:54	63.82	0.02	2	12764	买盘
13:24:51	63.8	-0.04	1	6380	卖盘
13:24:39	63.84	0.02	4	25536	中性盘
13:24:33	63.82	--	8	51056	卖盘
13:24:18	63.82	--	1	6382	买盘
13:24:12	63.82	--	1	6382	买盘
13:24:06	63.82	0.02	4	25528	买盘
13:23:57	63.8	--	6	38280	卖盘
13:23:42	63.8	0.01	14	89320	买盘
13:23:39	63.79	-0.01	7	44653	卖盘
13:23:27	63.8	--	10	63800	买盘
13:22:57	63.8	--	12	76560	买盘
13:22:51	63.8	0.01	1	6380	买盘
13:22:45	63.79	-0.01	1	6379	卖盘
13:21:54	63.8	0.01	10	63800	买盘
13:21:27	63.79	--	5	31895	卖盘
13:21:06	63.79	--	6	38274	买盘
13:20:54	63.79	--	1	6379	买盘
13:20:51	63.79	--	6	38274	买盘
13:20:42	63.79	0.01	4	25516	买盘
13:20:36	63.78	-0.01	8	51024	卖盘
13:20:21	63.79	--	4	25516	买盘
13:19:54	63.79	--	1	6379	买盘
13:19:48	63.79	--	5	31895	卖盘
13:19:33	63.79	0.01	1	6379	买盘
13:19:27	63.78	0.02	1	6378	卖盘
13:19:18	63.76	0.05	1	6376	买盘
13:19:12	63.71	-0.07	1	6371	卖盘
13:19:06	63.78	-0.01	4	25512	卖盘
13:18:51	63.79	0.01	3	19137	买盘
13:18:42	63.78	--	10	63780	卖盘
13:18:33	63.78	-0.02	1	6378	卖盘
13:18:24	63.8	0.02	34	216920	买盘
13:18:09	63.78	-0.02	7	44646	卖盘
13:17:57	63.8	--	4	25520	买盘
13:17:54	63.8	0.01	3	19140	买盘
13:17:51	63.79	0.01	3	19137	中性盘
13:17:21	63.78	--	1	6378	买盘
13:17:06	63.78	-0.02	2	12756	卖盘
13:16:42	63.8	0.03	6	38280	买盘
13:16:21	63.77	-0.01	1	6377	中性盘
13:15:45	63.78	0.03	1	6378	买盘
13:15:39	63.75	--	7	44625	卖盘
13:14:45	63.75	0.07	9	58586	买盘
13:14:27	63.68	0.02	1	6368	中性盘
13:13:21	63.66	--	4	25464	卖盘
13:13:00	63.66	--	1	6366	卖盘
13:12:51	63.66	--	5	31830	买盘
13:12:48	63.66	--	1	6366	买盘
13:12:42	63.66	--	10	63660	卖盘
13:11:54	63.66	-0.03	27	171882	卖盘
13:11:51	63.69	0.03	7	44583	买盘
13:11:42	63.66	-0.04	1	6366	卖盘
13:11:36	63.7	0.04	3	19110	中性盘
13:11:15	63.66	--	2	12732	卖盘
13:10:54	63.66	-0.07	2	12732	卖盘
13:10:45	63.73	--	5	31865	买盘
13:10:42	63.73	--	10	63730	买盘
13:10:27	63.73	0.08	9	57357	买盘
13:09:24	63.65	--	1	6365	买盘
13:09:09	63.65	-0.05	10	63650	买盘
13:08:51	63.7	-0.02	7	44590	中性盘
13:08:36	63.72	-0.01	2	12744	中性盘
13:08:24	63.73	0.03	47	299531	买盘
13:08:12	63.7	--	1	11529	卖盘
13:07:30	63.7	-0.03	6	38220	卖盘
13:07:12	63.73	--	3	19119	卖盘
13:07:06	63.73	--	17	108341	中性盘
13:06:45	63.73	--	1	6373	买盘
13:06:36	63.73	0.02	5	31865	买盘
13:06:27	63.71	-0.02	3	19113	卖盘
13:06:03	63.73	0.02	1	6373	买盘
13:05:09	63.71	--	1	6371	卖盘
13:04:21	63.71	--	1	6371	卖盘
13:03:39	63.71	0.01	1	6371	卖盘
13:03:21	63.7	-0.01	5	31850	卖盘
13:03:18	63.71	--	0	1210	买盘
13:02:30	63.71	0.01	9	57339	买盘
13:02:21	63.7	-0.01	1	6370	卖盘
13:02:03	63.71	0.01	3	19113	买盘
13:01:48	63.7	-0.01	1	6370	卖盘
13:01:36	63.71	-0.02	2	17902	卖盘
13:00:42	63.73	-0.01	6	38238	卖盘
13:00:03	63.74	-0.05	4	25496	卖盘
13:00:00	63.79	--	0	0	买盘
11:30:00	63.79	--	0	0	买盘
11:29:36	63.79	0.01	2	12758	买盘
11:29:03	63.78	--	1	6378	买盘
11:28:00	63.78	-0.01	1	6378	中性盘
11:27:24	63.79	--	3	19137	买盘
11:27:21	63.79	--	1	6379	买盘
11:27:15	63.79	0.02	1	6379	买盘
11:25:15	63.77	0.06	40	255080	买盘
11:24:54	63.71	-0.06	3	20323	中性盘
11:24:24	63.77	0.07	1	6377	买盘
11:24:12	63.7	0.07	11	70070	买盘
11:24:03	63.63	--	2	12726	卖盘
11:24:00	63.63	--	2	12726	买盘
11:23:54	63.63	-0.05	1	6363	卖盘
11:23:51	63.68	0.02	1	6368	买盘
11:23:39	63.66	--	1	6366	买盘
11:23:33	63.66	--	3	19098	买盘
11:23:27	63.66	0.02	4	25464	中性盘
11:23:06	63.64	-0.04	4	25456	卖盘
11:22:51	63.68	-0.02	2	12736	卖盘
11:22:36	63.7	0.05	3	19110	买盘
11:21:12	63.65	--	2	12730	卖盘
11:20:27	63.65	--	2	12730	卖盘
11:20:21	63.65	-0.05	4	25460	卖盘
11:18:09	63.7	-0.1	5	31850	中性盘
11:16:00	63.8	0.02	11	70180	买盘
11:15:54	63.78	0.09	3	19134	买盘
11:15:45	63.69	0.05	1	6369	买盘
11:15:12	63.64	0.02	1	6364	买盘
11:15:09	63.62	--	1	6362	卖盘
11:14:54	63.62	--	3	19086	卖盘
11:14:21	63.62	-0.02	2	15905	卖盘
11:14:12	63.64	0.03	3	19092	买盘
11:13:57	63.61	0.01	1	6361	中性盘
11:13:51	63.6	-0.04	6	38160	卖盘
11:13:42	63.64	0.04	1	6364	买盘
11:13:36	63.6	--	1	6360	买盘
11:13:27	63.6	--	1	6360	买盘
11:13:24	63.6	--	2	12720	买盘
11:13:21	63.6	--	2	12720	卖盘
11:13:12	63.6	--	4	25440	卖盘
11:13:03	63.6	-0.03	16	101760	卖盘
11:12:42	63.63	-0.03	7	44541	卖盘
11:12:27	63.66	-0.02	1	6366	卖盘
11:12:21	63.68	--	6	38208	卖盘
11:11:48	63.68	--	2	12736	卖盘
11:11:39	63.68	-0.01	1	6368	卖盘
11:11:18	63.69	-0.01	2	12738	卖盘
11:11:15	63.7	--	2	12740	买盘
11:11:00	63.7	-0.01	7	44590	卖盘
11:10:57	63.71	--	2	12742	卖盘
11:10:42	63.71	--	1	6371	卖盘
11:10:36	63.71	--	3	19113	卖盘
11:10:30	63.71	--	3	19113	卖盘
11:10:00	63.71	0.01	1	6371	中性盘
11:09:57	63.7	0.01	1	6370	中性盘
11:08:27	63.69	--	1	6369	卖盘
11:08:18	63.69	--	1	6369	卖盘
11:08:12	63.69	-0.01	56	356664	卖盘
11:07:54	63.7	--	1	6370	卖盘
11:07:09	63.7	--	5	31850	卖盘
11:06:51	63.7	--	1	6370	买盘
11:06:42	63.7	-0.04	10	63700	卖盘
11:06:09	63.74	--	9	57366	卖盘
11:06:06	63.74	-0.02	7	44618	卖盘
11:05:51	63.76	-0.01	2	12752	卖盘
11:05:45	63.77	--	2	12754	卖盘
11:05:39	63.77	-0.03	2	12754	卖盘
11:05:36	63.8	--	11	70180	卖盘
11:05:33	63.8	-0.01	5	31900	卖盘
11:05:30	63.81	--	2	18568	卖盘
11:05:27	63.81	--	2	12762	卖盘
11:05:24	63.81	--	3	19143	卖盘
11:04:48	63.81	--	2	13336	买盘
11:04:21	63.81	--	1	6381	买盘
11:04:18	63.81	--	1	6381	卖盘
11:04:03	63.81	0.01	2	12762	中性盘
11:03:42	63.8	--	5	31900	卖盘
11:03:36	63.8	-0.02	1	6380	卖盘
11:03:06	63.82	--	3	19146	买盘
11:03:00	63.82	--	4	25528	卖盘
11:02:24	63.82	-0.03	4	25528	卖盘
11:01:27	63.85	--	1	6385	中性盘
11:01:03	63.85	--	1	6385	买盘
11:01:00	63.85	-0.02	3	19155	中性盘
11:00:42	63.87	-0.01	5	31935	中性盘
11:00:00	63.88	0.01	5	31940	买盘
10:59:54	63.87	--	4	25548	买盘
10:59:36	63.87	--	3	19161	买盘
10:58:54	63.87	0.01	8	51096	买盘
10:58:21	63.86	0.06	7	44702	买盘
10:57:57	63.8	-0.07	2	12760	中性盘
10:56:54	63.87	--	7	44709	买盘
10:55:51	63.87	0.06	10	63870	买盘
10:55:21	63.81	-0.06	3	19143	卖盘
10:55:15	63.87	0.06	4	25548	买盘
10:55:12	63.81	-0.06	1	6381	卖盘
10:54:27	63.87	--	7	44709	买盘
10:54:24	63.87	--	4	25548	买盘
10:54:06	63.87	--	5	31935	买盘
10:53:18	63.87	0.07	4	25548	买盘
10:53:15	63.8	--	8	51040	买盘
10:52:45	63.8	0.05	5	31900	买盘
10:52:42	63.75	--	11	70125	买盘
10:52:33	63.75	-0.05	3	19125	卖盘
10:52:30	63.8	--	3	19140	买盘
10:52:21	63.8	--	6	38280	买盘
10:51:54	63.8	--	3	19140	买盘
10:51:51	63.8	--	5	31900	买盘
10:51:42	63.8	0.06	4	25520	买盘
10:51:24	63.74	--	11	70114	买盘
10:51:12	63.74	0.04	6	38244	买盘
10:50:51	63.7	-0.04	5	31850	卖盘
10:50:39	63.74	0.04	6	38244	买盘
10:50:30	63.7	--	10	63700	买盘
10:50:09	63.7	--	3	19110	买盘
10:49:00	63.7	--	1	6370	买盘
10:48:45	63.7	0.01	4	25480	买盘
10:48:36	63.69	--	1	6369	卖盘
10:47:57	63.69	-0.01	1	6369	卖盘
10:47:51	63.7	--	4	25480	买盘
10:47:24	63.7	--	3	19110	买盘
10:46:27	63.7	--	2	12740	买盘
10:46:15	63.7	--	2	12740	买盘
10:46:09	63.7	--	5	31850	卖盘
10:46:06	63.7	--	1	6370	买盘
10:45:51	63.7	--	1	6370	买盘
10:45:33	63.7	--	2	12740	买盘
10:45:30	63.7	0.02	3	19110	买盘
10:45:12	63.68	-0.02	2	12736	中性盘
10:43:15	63.7	-0.04	4	25480	卖盘
10:42:39	63.74	0.02	19	121106	买盘
10:42:36	63.72	--	1	6372	买盘
10:42:30	63.72	--	1	6372	卖盘
10:42:09	63.72	-0.02	8	50976	卖盘
10:41:54	63.74	-0.01	16	101984	卖盘
10:41:27	63.75	--	1	6375	买盘
10:41:12	63.75	0.01	2	12750	买盘
10:40:21	63.74	0.01	5	31870	买盘
10:40:18	63.73	0.01	1	6373	中性盘
10:38:18	63.72	0.01	1	6372	中性盘
10:37:45	63.71	--	2	12742	卖盘
10:37:30	63.71	-0.09	15	95565	卖盘
10:37:18	63.8	--	1	6380	卖盘
10:37:09	63.8	-0.01	2	12760	卖盘
10:37:00	63.81	-0.06	2	12762	卖盘
10:35:39	63.87	-0.01	1	6387	中性盘
10:34:48	63.88	0.07	5	31940	买盘
10:34:45	63.81	-0.07	3	19143	卖盘
10:34:00	63.88	--	4	25552	买盘
10:33:42	63.88	0.01	10	63880	买盘
10:32:48	63.87	0.07	5	31935	买盘
10:32:42	63.8	--	2	12760	卖盘
10:32:30	63.8	--	5	31900	卖盘
10:32:09	63.8	--	1	6380	卖盘
10:31:45	63.8	-0.08	10	63800	卖盘
10:31:21	63.88	-0.01	1	6388	卖盘
10:31:18	63.89	0.01	2	12778	买盘
10:31:06	63.88	--	5	31940	卖盘
10:31:03	63.88	0.06	6	38328	买盘
10:30:51	63.82	0.01	5	31910	买盘
10:30:21	63.81	--	2	12762	买盘
10:30:15	63.81	--	1	6381	买盘
10:30:00	63.81	0.01	1	6381	买盘
10:29:54	63.8	-0.01	5	31900	卖盘
10:29:45	63.81	--	9	57429	买盘
10:28:48	63.81	0.01	3	19143	买盘
10:28:30	63.8	-0.01	3	19140	卖盘
10:28:15	63.81	0.01	1	6381	买盘
10:28:12	63.8	--	3	19140	买盘
10:27:15	63.8	0.01	2	12760	买盘
10:27:09	63.79	-0.01	1	6379	卖盘
10:26:51	63.8	-0.01	27	172260	中性盘
10:26:42	63.81	-0.01	1	6381	中性盘
10:26:27	63.82	--	2	12764	卖盘
10:26:00	63.82	-0.05	2	12764	卖盘
10:25:48	63.87	0.05	1	6387	中性盘
10:25:15	63.82	-0.08	1	6382	中性盘
10:25:03	63.9	--	2	12780	买盘
10:25:00	63.9	--	5	31950	买盘
10:24:42	63.9	0.04	3	19170	买盘
10:24:21	63.86	0.01	2	12772	买盘
10:24:12	63.85	0.05	2	12770	买盘
10:24:06	63.8	--	15	95700	买盘
10:24:00	63.8	--	7	44660	买盘
10:23:33	63.8	--	7	44660	买盘
10:23:30	63.8	0.16	2	12760	买盘
10:22:57	63.64	--	98	623672	卖盘
10:22:54	63.64	0.01	1	6364	中性盘
10:22:06	63.63	--	9	57267	买盘
10:22:03	63.63	--	2	12726	买盘
10:22:00	63.63	--	6	38178	买盘
10:21:54	63.63	--	5	31815	买盘
10:21:42	63.63	--	12	76356	卖盘
10:21:36	63.63	--	1	6363	卖盘
10:21:18	63.63	--	18	114534	买盘
10:21:09	63.63	--	1	6363	买盘
10:20:57	63.63	-0.09	6	38178	卖盘
10:20:45	63.72	0.01	1	6372	买盘
10:20:33	63.71	-0.01	1	6371	中性盘
10:20:21	63.72	-0.02	14	89208	卖盘
10:20:18	63.74	0.02	2	12748	买盘
10:20:15	63.72	--	5	31860	卖盘
10:19:48	63.72	0.04	87	554364	买盘
10:19:33	63.68	0.06	4	25472	买盘
10:19:09	63.62	-0.01	1	6362	卖盘
10:18:54	63.63	-0.05	1	6363	中性盘
10:18:24	63.68	0.06	2	12736	买盘
10:18:03	63.62	-0.03	6	38172	卖盘
10:16:54	63.65	-0.07	1	6365	卖盘
10:16:24	63.72	--	2	12744	买盘
10:16:09	63.72	-0.01	1	6372	卖盘
10:15:36	63.73	--	1	6373	买盘
10:15:33	63.73	--	21	133833	卖盘
10:15:15	63.73	-0.02	2	12746	中性盘
10:13:24	63.75	--	5	31875	买盘
10:13:15	63.75	-0.03	16	102000	卖盘
10:13:06	63.78	0.03	8	51024	买盘
10:13:03	63.75	-0.01	5	31875	卖盘
10:12:57	63.76	0.01	1	6376	买盘
10:12:54	63.75	0.15	79	503625	买盘
10:12:51	63.6	-0.05	6	38160	卖盘
10:12:48	63.65	--	12	76380	卖盘
10:12:42	63.65	0.05	30	190950	买盘
10:12:12	63.6	--	2	12720	卖盘
10:11:30	63.6	--	6	38160	买盘
10:11:15	63.6	--	14	89040	卖盘
10:10:00	63.6	-0.09	1	6360	卖盘
10:09:45	63.69	--	11	70059	卖盘
10:09:42	63.69	-0.01	40	254760	卖盘
10:09:36	63.7	0.01	2	12740	买盘
10:09:33	63.69	0.06	8	50952	买盘
10:09:06	63.63	--	1	11771	买盘
10:08:54	63.63	--	1	6363	买盘
10:08:48	63.63	--	2	13680	卖盘
10:08:42	63.63	0.03	0	5408	买盘
10:08:36	63.6	--	5	31800	卖盘
10:08:27	63.6	--	1	6360	买盘
10:08:24	63.6	--	1	6360	买盘
10:08:21	63.6	--	1	6360	买盘
10:08:12	63.6	0.02	2	12720	买盘
10:07:45	63.58	-0.02	1	6358	卖盘
10:07:39	63.6	-0.03	1	6360	卖盘
10:07:36	63.63	0.01	2	12726	买盘
10:07:33	63.62	--	0	954	卖盘
10:07:27	63.62	--	5	31810	卖盘
10:07:18	63.62	0.02	1	11769	买盘
10:07:09	63.6	-0.02	8	50880	卖盘
10:06:48	63.62	0.01	1	6362	买盘
10:06:45	63.61	--	3	20037	卖盘
10:06:39	63.61	-0.01	8	50888	卖盘
10:06:18	63.62	--	2	12724	卖盘
10:05:57	63.62	-0.02	4	25448	卖盘
10:05:39	63.64	--	8	50912	卖盘
10:04:42	63.64	0.01	1	6364	中性盘
10:04:36	63.63	--	0	381	卖盘
10:04:33	63.63	--	0	318	买盘
10:04:24	63.63	-0.12	0	6044	卖盘
10:04:18	63.75	0.12	1	6375	买盘
10:04:12	63.63	0.01	0	318	中性盘
10:03:54	63.62	-0.13	0	381	卖盘
10:03:27	63.75	0.07	6	38250	买盘
10:02:51	63.68	0.06	41	261088	买盘
10:02:03	63.62	--	4	25448	买盘
10:01:57	63.62	--	1	6362	买盘
10:01:45	63.62	-0.05	4	25448	中性盘
10:00:33	63.67	--	1	6367	买盘
10:00:24	63.67	0.01	3	19101	中性盘
10:00:12	63.66	0.05	2	12732	买盘
10:00:06	63.61	-0.05	8	50888	卖盘
10:00:03	63.66	--	2	12732	买盘
09:59:51	63.66	--	3	19098	卖盘
09:59:33	63.66	--	1	6366	卖盘
09:58:51	63.66	--	3	19098	买盘
09:58:42	63.66	--	1	6366	买盘
09:58:36	63.66	--	3	19098	买盘
09:58:15	63.66	-0.09	13	82758	卖盘
09:58:00	63.75	0.05	6	38250	买盘
09:57:54	63.7	0.01	2	12740	中性盘
09:57:09	63.69	0.03	0	1464	买盘
09:57:00	63.66	-0.08	1	6366	卖盘
09:56:51	63.74	-0.01	1	6374	中性盘
09:56:36	63.75	0.06	4	25500	买盘
09:56:33	63.69	--	3	19107	卖盘
09:56:18	63.69	0.04	6	38214	买盘
09:56:09	63.65	0.03	1	6365	买盘
09:56:00	63.62	--	1	6362	买盘
09:55:45	63.62	0.01	1	6362	中性盘
09:55:39	63.61	-0.03	6	38166	卖盘
09:55:18	63.64	0.03	3	19092	买盘
09:55:03	63.61	0.03	43	278929	买盘
09:55:00	63.58	--	1	6358	买盘
09:54:45	63.58	0.01	1	6358	买盘
09:54:36	63.57	-0.01	1	6357	卖盘
09:54:33	63.58	--	3	19074	买盘
09:54:18	63.58	0.01	1	6358	买盘
09:54:12	63.57	--	1	6357	卖盘
09:53:57	63.57	--	4	25428	卖盘
09:53:54	63.57	-0.01	3	19071	卖盘
09:53:48	63.58	--	1	6358	卖盘
09:53:36	63.58	--	4	25432	卖盘
09:53:03	63.58	-0.03	1	6358	卖盘
09:52:33	63.61	--	0	954	卖盘
09:52:21	63.61	--	3	19083	卖盘
09:52:03	63.61	--	1	11767	买盘
09:51:33	63.61	0.01	5	31805	买盘
09:51:24	63.6	-0.01	3	20034	卖盘
09:51:21	63.61	0.01	1	6361	中性盘
09:50:51	63.6	--	4	25440	卖盘
09:50:45	63.6	--	1	6360	卖盘
09:50:24	63.6	--	3	24486	买盘
09:50:06	63.6	--	0	954	卖盘
09:49:54	63.6	--	2	12720	卖盘
09:49:45	63.6	-0.03	2	12720	卖盘
09:49:42	63.63	--	2	12726	卖盘
09:49:33	63.63	-0.02	2	12726	卖盘
09:49:15	63.65	--	1	6365	卖盘
09:49:00	63.65	-0.05	1	6365	卖盘
09:48:57	63.7	--	2	12740	卖盘
09:48:39	63.7	0.07	2	12740	中性盘
09:48:09	63.63	--	2	12726	卖盘
09:47:36	63.63	-0.01	1	6363	卖盘
09:47:30	63.64	--	1	6364	中性盘
09:47:21	63.64	-0.1	7	44548	卖盘
09:47:18	63.74	0.04	1	6374	买盘
09:47:15	63.7	0.02	2	12740	卖盘
09:47:03	63.68	0.05	1	6368	买盘
09:46:57	63.63	-0.01	2	12726	卖盘
09:46:51	63.64	--	1	6364	买盘
09:46:42	63.64	--	1	6364	买盘
09:46:33	63.64	0.01	1	6364	买盘
09:46:30	63.63	0.03	4	30860	买盘
09:46:15	63.6	0.02	47	298920	买盘
09:46:06	63.58	0.03	3	19074	买盘
09:45:45	63.55	--	8	50840	卖盘
09:45:33	63.55	--	1	6355	卖盘
09:45:09	63.55	--	2	12710	卖盘
09:45:03	63.55	--	2	12710	卖盘
09:44:57	63.55	--	5	31775	买盘
09:44:51	63.55	--	4	25420	卖盘
09:44:48	63.55	--	6	38130	买盘
09:44:45	63.55	--	1	6355	买盘
09:44:36	63.55	-0.02	7	44485	卖盘
09:44:24	63.57	--	3	19071	卖盘
09:44:21	63.57	--	5	31785	卖盘
09:44:00	63.57	--	10	63570	卖盘
09:43:48	63.57	-0.01	14	88998	卖盘
09:43:30	63.58	-0.01	1	6358	卖盘
09:42:36	63.59	-0.04	5	31795	卖盘
09:42:27	63.63	--	1	6363	买盘
09:41:57	63.63	0.03	1	6363	买盘
09:41:54	63.6	--	2	12720	卖盘
09:41:42	63.6	--	3	19080	卖盘
09:41:33	63.6	--	4	25440	卖盘
09:41:27	63.6	--	6	38160	卖盘
09:41:21	63.6	--	1	6360	卖盘
09:41:09	63.6	-0.03	4	25440	卖盘
09:41:06	63.63	0.03	25	159075	买盘
09:41:03	63.6	-0.01	30	190800	卖盘
09:40:57	63.61	-0.02	3	19083	卖盘
09:40:54	63.63	--	1	6363	买盘
09:40:45	63.63	--	7	45495	卖盘
09:40:36	63.63	--	1	11771	卖盘
09:40:24	63.63	--	9	57267	卖盘
09:40:21	63.63	--	5	31815	卖盘
09:40:15	63.63	--	2	12726	卖盘
09:39:51	63.63	-0.01	4	25452	卖盘
09:39:48	63.64	-0.01	2	12728	卖盘
09:39:39	63.65	--	1	6365	买盘
09:39:33	63.65	-0.01	22	140030	卖盘
09:39:15	63.66	0.01	2	12732	中性盘
09:39:06	63.65	--	2	12730	卖盘
09:38:57	63.65	--	2	12730	卖盘
09:38:54	63.65	--	3	19095	卖盘
09:38:36	63.65	0.01	3	19095	中性盘
09:38:12	63.64	0.01	2	15910	买盘
09:38:03	63.63	--	1	6363	卖盘
09:37:57	63.63	0.01	2	12726	买盘
09:37:51	63.62	-0.01	10	63620	卖盘
09:37:42	63.63	-0.16	3	19089	卖盘
09:37:33	63.79	0.16	3	19137	买盘
09:37:30	63.63	-0.02	2	12726	卖盘
09:37:24	63.65	-0.14	1	6365	中性盘
09:37:12	63.79	0.01	104	663416	买盘
09:37:06	63.78	--	1	6378	买盘
09:36:48	63.78	-0.01	3	19134	中性盘
09:36:12	63.79	0.22	10	63790	买盘
09:35:42	63.57	-0.01	25	158925	卖盘
09:35:21	63.58	--	11	69938	卖盘
09:35:15	63.58	-0.02	2	12716	卖盘
09:35:00	63.6	-0.1	1	6360	卖盘
09:34:42	63.7	-0.01	2	12740	卖盘
09:34:36	63.71	-0.09	1	6371	中性盘
09:31:33	63.8	0.27	1	6380	买盘
09:31:30	63.53	0.02	1	6353	中性盘
09:31:09	63.51	--	2	12702	买盘
09:31:06	63.51	-0.35	3	19053	中性盘
09:30:09	63.86	0.06	1	6386	买盘
09:30:06	63.8	--	2	12760	买盘
09:30:03	63.8	-0.07	32	204160	卖盘
09:30:00	63.87	--	0	0	中性盘
09:25:03	63.87	63.87	3	19161	买盘
