成交时间	成交价	价格变动	成交量(手)	成交额(元)	性质
15:00:03	12.65	0.01	1447	1830455	买盘
14:57:00	12.64	--	0	0	卖盘
14:56:57	12.64	-0.01	10	12640	卖盘
14:56:54	12.65	0.01	160	202400	买盘
14:56:51	12.64	--	3	3792	卖盘
14:56:45	12.64	--	41	51824	卖盘
14:56:42	12.64	-0.01	13	16432	卖盘
14:56:39	12.65	0.01	39	49335	买盘
14:56:36	12.64	--	52	65728	卖盘
14:56:33	12.64	--	5	6320	卖盘
14:56:27	12.64	--	24	30336	买盘
14:56:24	12.64	0.01	10	12640	买盘
14:56:21	12.63	-0.01	20	25260	卖盘
14:56:15	12.64	--	36	45504	买盘
14:56:09	12.64	--	24	30336	买盘
14:56:06	12.64	--	4	5056	买盘
14:56:00	12.64	0.01	8	10112	中性盘
14:55:57	12.63	--	84	106092	卖盘
14:55:54	12.63	--	17	21471	买盘
14:55:51	12.63	0.01	36	45468	中性盘
14:55:39	12.62	-0.01	120	151440	卖盘
14:55:36	12.63	-0.01	9	11367	买盘
14:55:33	12.64	0.01	172	217408	买盘
14:55:30	12.63	-0.01	29	36627	买盘
14:55:24	12.64	--	5	6320	买盘
14:55:21	12.64	0.01	53	66992	买盘
14:55:18	12.63	0.01	10	12630	中性盘
14:55:15	12.62	-0.02	214	270068	卖盘
14:55:12	12.64	--	5	6320	买盘
14:55:09	12.64	--	19	24016	买盘
14:55:06	12.64	--	4	5056	买盘
14:55:00	12.64	0.01	13	16432	买盘
14:54:57	12.63	--	20	25260	卖盘
14:54:54	12.63	--	41	51783	卖盘
14:54:42	12.63	--	113	142719	买盘
14:54:39	12.63	--	20	25260	买盘
14:54:21	12.63	0.01	195	246285	买盘
14:54:12	12.62	--	4	5048	卖盘
14:54:09	12.62	--	52	65624	卖盘
14:54:06	12.62	-0.01	30	37860	卖盘
14:54:03	12.63	--	18	22734	买盘
14:54:00	12.63	--	30	37890	买盘
14:53:57	12.63	--	9	11367	买盘
14:53:54	12.63	0.01	1	1263	买盘
14:53:51	12.62	--	15	18930	卖盘
14:53:42	12.62	--	24	30287	卖盘
14:53:36	12.62	-0.01	45	56790	卖盘
14:53:30	12.63	0.01	1	1263	买盘
14:53:27	12.62	--	27	34074	卖盘
14:53:21	12.62	--	8	10096	卖盘
14:53:12	12.62	--	18	22716	卖盘
14:53:03	12.62	-0.01	1	1262	卖盘
14:52:51	12.63	0.01	15	18945	买盘
14:52:48	12.62	-0.01	31	39122	卖盘
14:52:45	12.63	0.01	7	8841	买盘
14:52:42	12.62	--	35	44170	卖盘
14:52:36	12.62	--	10	12620	卖盘
14:52:33	12.62	-0.01	70	88340	卖盘
14:52:30	12.63	--	32	40416	买盘
14:52:27	12.63	0.01	7	8841	买盘
14:52:24	12.62	-0.01	10	12620	卖盘
14:52:21	12.63	0.01	3	3789	买盘
14:52:18	12.62	--	59	74458	卖盘
14:52:09	12.62	--	10	12620	卖盘
14:52:03	12.62	--	24	31184	买盘
14:52:00	12.62	0.01	50	63099	买盘
14:51:54	12.61	--	138	174018	卖盘
14:51:51	12.61	-0.01	3	3783	卖盘
14:51:45	12.62	--	3	3785	买盘
14:51:42	12.62	0.01	10	12620	买盘
14:51:39	12.61	--	58	73138	卖盘
14:51:36	12.61	--	8	10088	卖盘
14:51:33	12.61	-0.01	11	13871	卖盘
14:51:30	12.62	--	82	103484	买盘
14:51:24	12.62	--	12	15143	买盘
14:51:21	12.62	0.01	18	22716	买盘
14:51:18	12.61	--	20	25220	卖盘
14:51:15	12.61	-0.01	7	8827	卖盘
14:51:12	12.62	0.01	36	45432	买盘
14:51:06	12.61	-0.01	6	7566	卖盘
14:51:03	12.62	0.01	14	17668	买盘
14:50:54	12.61	--	15	18915	卖盘
14:50:51	12.61	--	12	15132	卖盘
14:50:39	12.61	--	10	12610	卖盘
14:50:36	12.61	--	15	18915	买盘
14:50:33	12.61	--	73	92053	卖盘
14:50:30	12.61	--	4	5044	卖盘
14:50:27	12.61	--	20	25220	卖盘
14:50:24	12.61	-0.01	6	7566	卖盘
14:50:21	12.62	0.01	19	23978	买盘
14:50:18	12.61	--	45	56745	卖盘
14:50:15	12.61	--	116	146276	卖盘
14:50:12	12.61	--	15	18915	卖盘
14:50:06	12.61	--	8	10088	卖盘
14:50:00	12.61	--	23	29003	卖盘
14:49:57	12.61	--	21	26481	卖盘
14:49:54	12.61	--	20	25220	卖盘
14:49:48	12.61	--	10	12610	卖盘
14:49:42	12.61	--	93	117273	买盘
14:49:27	12.61	--	4	5044	买盘
14:49:21	12.61	0.01	19	23959	买盘
14:49:18	12.6	--	5	6300	卖盘
14:49:15	12.6	-0.01	20	25200	卖盘
14:49:09	12.61	0.01	21	26481	买盘
14:49:03	12.6	--	20	25200	卖盘
14:48:57	12.6	--	175	220500	买盘
14:48:51	12.6	--	1	1260	买盘
14:48:48	12.6	-0.01	60	75600	卖盘
14:48:45	12.61	0.01	5	6305	买盘
14:48:42	12.6	-0.01	54	68040	卖盘
14:48:30	12.61	-0.01	1	1261	中性盘
14:48:24	12.62	0.01	54	68148	买盘
14:48:21	12.61	-0.01	69	87009	卖盘
14:48:18	12.62	0.01	70	88340	买盘
14:48:09	12.61	--	15	18915	买盘
14:48:06	12.61	--	72	90792	买盘
14:48:03	12.61	--	13	16393	买盘
14:47:54	12.61	0.01	10	12610	买盘
14:47:48	12.6	-0.01	1	1260	卖盘
14:47:45	12.61	0.01	10	12610	买盘
14:47:24	12.6	--	213	268380	买盘
14:47:21	12.6	--	30	37800	买盘
14:47:06	12.6	-0.01	105	132300	卖盘
14:47:00	12.61	0.01	10	12610	买盘
14:46:51	12.6	-0.01	4	5040	卖盘
14:46:48	12.61	0.01	3	3783	买盘
14:46:33	12.6	--	7	8820	卖盘
14:46:21	12.6	--	92	115920	买盘
14:46:18	12.6	--	13	16380	买盘
14:46:15	12.6	--	6	7560	买盘
14:46:12	12.6	--	36	45360	买盘
14:46:09	12.6	--	1	1260	买盘
14:46:06	12.6	--	3	3780	买盘
14:46:00	12.6	--	2	2520	买盘
14:45:57	12.6	-0.02	1	1260	中性盘
14:45:54	12.62	0.02	78	98436	买盘
14:45:45	12.6	-0.01	43	54180	卖盘
14:45:39	12.61	0.01	2	2522	买盘
14:45:36	12.6	-0.01	8	10080	卖盘
14:45:30	12.61	0.01	1	1261	买盘
14:45:27	12.6	--	30	37800	卖盘
14:45:06	12.6	-0.01	2	2520	卖盘
14:45:03	12.61	0.01	10	12610	买盘
14:45:00	12.6	--	1	1260	买盘
14:44:57	12.6	--	5	6300	买盘
14:44:54	12.6	-0.01	14	17640	卖盘
14:44:51	12.61	--	4	5044	买盘
14:44:48	12.61	0.01	20	25220	买盘
14:44:42	12.6	--	30	37800	卖盘
14:44:30	12.6	-0.01	2	2520	卖盘
14:44:27	12.61	0.01	27	34047	买盘
14:44:24	12.6	--	1	1260	卖盘
14:44:06	12.6	--	6	7560	买盘
14:44:03	12.6	--	4	5040	买盘
14:43:57	12.6	--	74	93240	买盘
14:43:51	12.6	0.01	24	30240	买盘
14:43:48	12.59	-0.01	4	5036	卖盘
14:43:45	12.6	0.01	2	2520	买盘
14:43:36	12.59	--	2	2694	买盘
14:43:27	12.59	--	7	9895	卖盘
14:43:24	12.59	--	3	3953	买盘
14:43:21	12.59	--	2	2518	买盘
14:43:15	12.59	--	15	19967	卖盘
14:43:12	12.59	--	14	17802	买盘
14:43:09	12.59	--	8	10072	卖盘
14:43:06	12.59	--	103	129677	买盘
14:43:03	12.59	-0.01	18	22662	卖盘
14:43:00	12.6	--	100	126000	买盘
14:42:54	12.6	--	16	20160	买盘
14:42:36	12.6	--	1	1260	买盘
14:42:33	12.6	0.02	3	3780	买盘
14:42:27	12.58	-0.01	10	12580	卖盘
14:42:24	12.59	--	57	71763	买盘
14:42:18	12.59	0.01	32	40288	买盘
14:42:15	12.58	--	12	15096	买盘
14:42:09	12.58	--	2	2516	买盘
14:42:06	12.58	--	205	257890	买盘
14:42:03	12.58	--	130	163540	买盘
14:42:00	12.58	0.01	50	62900	买盘
14:41:57	12.57	-0.01	143	179751	卖盘
14:41:54	12.58	0.01	10	12580	买盘
14:41:51	12.57	-0.01	100	125700	卖盘
14:41:45	12.58	--	31	38998	买盘
14:41:42	12.58	-0.01	75	94350	卖盘
14:41:30	12.59	0.01	10	12590	买盘
14:41:27	12.58	-0.01	10	12580	卖盘
14:41:24	12.59	--	4	5036	买盘
14:41:21	12.59	--	450	566550	买盘
14:41:18	12.59	0.01	6	7554	买盘
14:41:15	12.58	-0.02	4	5032	卖盘
14:41:06	12.6	0.02	47	59220	买盘
14:40:57	12.58	-0.02	25	31450	卖盘
14:40:54	12.6	0.02	10	12600	买盘
14:40:48	12.58	-0.02	46	57868	卖盘
14:40:45	12.6	0.02	5	6300	买盘
14:40:39	12.58	--	2	2516	卖盘
14:40:33	12.58	-0.02	10	12580	卖盘
14:40:30	12.6	--	120	151200	买盘
14:40:21	12.6	0.02	52	65520	买盘
14:40:06	12.58	0.01	86	108188	买盘
14:39:57	12.57	--	15	18855	买盘
14:39:54	12.57	0.01	10	12570	中性盘
14:39:51	12.56	-0.01	26	32656	卖盘
14:39:48	12.57	--	5	6285	买盘
14:39:45	12.57	0.02	2	2514	中性盘
14:39:39	12.55	--	35	43925	卖盘
14:39:36	12.55	0.01	10	12550	中性盘
14:39:33	12.54	-0.01	93	116621	卖盘
14:39:30	12.55	--	4	5020	买盘
14:39:27	12.55	0.01	74	92870	买盘
14:39:24	12.54	-0.01	57	71478	卖盘
14:39:21	12.55	-0.01	12	15060	卖盘
14:39:09	12.56	-0.04	145	182120	卖盘
14:38:57	12.6	--	19	23940	卖盘
14:38:48	12.6	-0.03	21	26460	卖盘
14:38:45	12.63	0.01	822	1038186	买盘
14:38:42	12.62	--	104	131248	卖盘
14:38:36	12.62	--	7	8834	卖盘
14:38:33	12.62	-0.01	2	2524	卖盘
14:38:30	12.63	--	113	142719	买盘
14:38:27	12.63	--	12	15156	买盘
14:38:18	12.63	--	72	90936	卖盘
14:38:15	12.63	--	29	36627	卖盘
14:38:12	12.63	--	2	2526	卖盘
14:38:03	12.63	-0.01	5	6315	卖盘
14:37:48	12.64	--	47	60495	卖盘
14:37:45	12.64	--	8	10112	卖盘
14:37:42	12.64	--	51	64464	卖盘
14:37:33	12.64	--	10	12640	卖盘
14:37:30	12.64	--	1	1264	卖盘
14:37:27	12.64	--	20	25280	卖盘
14:37:18	12.64	--	4	5056	卖盘
14:37:15	12.64	--	37	46768	卖盘
14:37:12	12.64	--	5	6320	卖盘
14:37:09	12.64	--	5	6320	卖盘
14:36:51	12.64	--	3	3792	卖盘
14:36:39	12.64	-0.02	93	117552	卖盘
14:36:30	12.66	--	9	11394	买盘
14:36:27	12.66	--	12	15192	买盘
14:36:15	12.66	-0.01	27	34182	卖盘
14:36:12	12.67	0.01	10	12670	买盘
14:36:09	12.66	--	12	15192	卖盘
14:36:06	12.66	--	10	12660	卖盘
14:36:03	12.66	--	10	12660	卖盘
14:36:00	12.66	-0.01	44	55704	卖盘
14:35:51	12.67	0.01	11	13937	买盘
14:35:48	12.66	--	100	126600	卖盘
14:35:39	12.66	--	6	7596	卖盘
14:35:36	12.66	--	5	6330	卖盘
14:35:30	12.66	-0.01	12	15192	卖盘
14:35:27	12.67	0.01	12	15204	买盘
14:35:24	12.66	--	1	1266	卖盘
14:35:21	12.66	-0.01	70	88620	卖盘
14:35:15	12.67	--	5	6335	买盘
14:34:33	12.67	--	9	11403	买盘
14:34:30	12.67	0.01	20	25340	买盘
14:34:27	12.66	--	10	12660	卖盘
14:33:57	12.66	0.01	175	221550	买盘
14:33:54	12.65	--	22	28007	买盘
14:33:48	12.65	--	2	2530	买盘
14:33:39	12.65	--	4	5060	买盘
14:33:36	12.65	--	20	25300	买盘
14:33:24	12.65	--	9	11385	买盘
14:33:21	12.65	--	79	101022	卖盘
14:33:15	12.65	-0.01	20	25300	卖盘
14:33:00	12.66	--	10	12660	买盘
14:32:51	12.66	--	110	139260	买盘
14:32:48	12.66	--	11	13926	买盘
14:32:30	12.66	--	10	12660	买盘
14:32:27	12.66	--	18	22788	买盘
14:32:24	12.66	-0.01	71	89886	卖盘
14:32:21	12.67	--	20	25340	买盘
14:32:18	12.67	0.01	20	25340	买盘
14:32:12	12.66	--	5	6330	卖盘
14:32:06	12.66	--	11	13926	卖盘
14:31:57	12.66	--	5	6330	卖盘
14:31:54	12.66	-0.01	3	3798	卖盘
14:31:48	12.67	0.01	17	21539	买盘
14:31:45	12.66	--	21	26586	卖盘
14:31:42	12.66	-0.01	10	12660	卖盘
14:31:39	12.67	0.01	5	6335	买盘
14:31:36	12.66	-0.01	30	37980	卖盘
14:31:33	12.67	--	10	12670	买盘
14:31:30	12.67	--	100	126700	买盘
14:31:15	12.67	0.01	74	93758	买盘
14:31:09	12.66	--	52	65832	卖盘
14:31:06	12.66	-0.01	7	8862	卖盘
14:31:03	12.67	0.01	2	2534	买盘
14:30:57	12.66	-0.01	8	10128	卖盘
14:30:54	12.67	0.01	3	3801	买盘
14:30:48	12.66	--	3	3798	卖盘
14:30:45	12.66	--	117	148122	卖盘
14:30:42	12.66	--	5	6330	卖盘
14:30:36	12.66	--	5	6330	卖盘
14:30:33	12.66	-0.01	1	1266	中性盘
14:30:27	12.67	0.02	11	13937	买盘
14:30:24	12.65	--	15	18975	卖盘
14:30:21	12.65	-0.01	5	6325	卖盘
14:30:18	12.66	--	11	13926	卖盘
14:30:15	12.66	--	9	11394	卖盘
14:30:12	12.66	--	8	10128	卖盘
14:30:03	12.66	--	12	15192	卖盘
14:30:00	12.66	--	1	1266	卖盘
14:29:54	12.66	--	1	1266	卖盘
14:29:51	12.66	--	32	40512	买盘
14:29:48	12.66	0.01	10	12660	买盘
14:29:45	12.65	--	5	6325	卖盘
14:29:39	12.65	--	8	10120	卖盘
14:29:36	12.65	-0.01	10	12650	卖盘
14:29:33	12.66	--	30	37980	买盘
14:29:27	12.66	0.01	20	25320	买盘
14:29:24	12.65	--	4	5060	卖盘
14:29:21	12.65	--	5	6325	卖盘
14:29:18	12.65	--	11	13915	卖盘
14:29:15	12.65	--	10	12650	卖盘
14:29:12	12.65	--	40	50600	卖盘
14:29:09	12.65	-0.01	20	25300	卖盘
14:28:57	12.66	--	7	8862	买盘
14:28:51	12.66	--	28	35448	卖盘
14:28:45	12.66	--	31	39246	卖盘
14:28:39	12.66	--	10	12660	卖盘
14:28:30	12.66	--	3	3798	卖盘
14:28:21	12.66	--	8	10128	卖盘
14:28:15	12.66	--	2	2532	卖盘
14:28:03	12.66	--	12	15192	卖盘
14:27:54	12.66	0.01	14	17724	中性盘
14:27:48	12.65	-0.01	15	18975	卖盘
14:27:45	12.66	0.01	80	101609	买盘
14:27:42	12.65	-0.01	20	25300	卖盘
14:27:36	12.66	0.01	10	12660	买盘
14:27:33	12.65	--	5	6325	卖盘
14:27:30	12.65	--	6	7590	卖盘
14:27:27	12.65	--	1	2378	卖盘
14:27:24	12.65	-0.01	20	25300	卖盘
14:27:03	12.66	--	24	30384	买盘
14:26:54	12.66	--	20	25320	买盘
14:26:51	12.66	--	208	264264	卖盘
14:26:48	12.66	-0.01	8	10128	卖盘
14:26:39	12.67	--	11	13937	买盘
14:26:36	12.67	--	5	6335	买盘
14:26:18	12.67	--	46	58282	卖盘
14:26:15	12.67	-0.01	10	12670	卖盘
14:26:00	12.68	--	110	139480	买盘
14:25:54	12.68	0.01	20	25360	买盘
14:25:51	12.67	--	20	25340	卖盘
14:25:48	12.67	--	5	6335	卖盘
14:25:45	12.67	--	24	30408	卖盘
14:25:33	12.67	-0.01	4	5068	卖盘
14:25:21	12.68	0.01	36	45648	买盘
14:25:15	12.67	-0.01	4	5068	卖盘
14:25:00	12.68	--	1	1268	买盘
14:24:54	12.68	-0.01	135	171180	卖盘
14:24:48	12.69	--	117	148473	买盘
14:24:45	12.69	0.01	37	46953	买盘
14:24:42	12.68	--	7	8876	卖盘
14:24:39	12.68	-0.01	20	25360	卖盘
14:24:30	12.69	--	3	3807	买盘
14:24:21	12.69	0.01	22	27918	买盘
14:24:18	12.68	--	10	12680	卖盘
14:24:09	12.68	-0.02	11	13948	卖盘
14:23:57	12.7	0.01	20	25400	买盘
14:23:45	12.69	--	3	3807	卖盘
14:23:42	12.69	-0.01	60	76140	卖盘
14:23:39	12.7	--	13	16510	买盘
14:23:36	12.7	0.01	2	2540	买盘
14:23:33	12.69	--	20	25380	卖盘
14:23:24	12.69	0.01	41	52029	买盘
14:23:21	12.68	-0.01	49	62132	卖盘
14:23:18	12.69	--	4	5076	买盘
14:23:12	12.69	--	10	12690	买盘
14:23:09	12.69	0.01	21	26649	买盘
14:23:00	12.68	-0.01	25	31700	卖盘
14:22:54	12.69	0.01	5	6345	买盘
14:22:51	12.68	-0.01	10	12680	卖盘
14:22:48	12.69	--	19	24111	买盘
14:22:42	12.69	--	2	2538	买盘
14:22:39	12.69	--	10	12690	卖盘
14:22:33	12.69	--	1	1269	卖盘
14:22:27	12.69	-0.01	11	13959	卖盘
14:22:24	12.7	0.01	24	30480	买盘
14:22:21	12.69	--	100	126900	卖盘
14:22:12	12.69	--	24	30456	卖盘
14:22:06	12.69	--	25	31725	卖盘
14:22:00	12.69	-0.01	21	26649	卖盘
14:21:54	12.7	0.01	131	166370	买盘
14:21:51	12.69	--	5	6345	卖盘
14:21:48	12.69	-0.01	5	6345	卖盘
14:21:45	12.7	0.01	20	25400	买盘
14:21:33	12.69	--	16	20304	卖盘
14:21:18	12.69	--	30	38070	卖盘
14:21:15	12.69	-0.01	32	40608	卖盘
14:21:03	12.7	0.01	65	82550	买盘
14:20:51	12.69	--	19	24111	买盘
14:20:48	12.69	--	9	11421	买盘
14:20:45	12.69	--	27	34263	买盘
14:20:33	12.69	0.01	50	63450	买盘
14:20:27	12.68	-0.01	6	7608	卖盘
14:20:03	12.69	0.01	10	12690	买盘
14:19:57	12.68	--	23	29164	卖盘
14:19:54	12.68	-0.01	11	13948	卖盘
14:19:45	12.69	0.01	4	5076	买盘
14:19:36	12.68	-0.01	5	6340	卖盘
14:19:33	12.69	0.01	105	133245	买盘
14:19:30	12.68	-0.01	5	6340	卖盘
14:19:27	12.69	0.01	10	12690	买盘
14:19:24	12.68	-0.01	22	27896	卖盘
14:19:12	12.69	--	50	63450	买盘
14:18:54	12.69	--	10	12690	买盘
14:18:45	12.69	0.01	7	8883	买盘
14:18:42	12.68	--	3	3804	卖盘
14:18:36	12.68	-0.01	8	10144	卖盘
14:18:33	12.69	0.01	10	12690	买盘
14:18:30	12.68	-0.01	5	6340	卖盘
14:18:27	12.69	--	10	12690	买盘
14:18:24	12.69	0.01	5	6345	买盘
14:18:21	12.68	-0.01	10	12680	卖盘
14:18:12	12.69	0.01	1	1269	买盘
14:18:09	12.68	--	36	45648	卖盘
14:17:57	12.68	-0.01	20	25360	卖盘
14:17:51	12.69	--	1	1269	买盘
14:17:45	12.69	0.01	9	11421	买盘
14:17:42	12.68	0.01	21	26628	买盘
14:17:36	12.67	-0.01	20	25340	卖盘
14:17:30	12.68	--	10	12680	买盘
14:17:27	12.68	--	17	21556	买盘
14:17:24	12.68	--	90	114120	卖盘
14:17:03	12.68	-0.01	50	63400	卖盘
14:16:54	12.69	--	50	63450	买盘
14:16:39	12.69	0.01	25	31725	买盘
14:16:36	12.68	-0.01	154	195272	卖盘
14:16:27	12.69	0.01	4	5076	买盘
14:16:24	12.68	--	12	15216	卖盘
14:16:21	12.68	-0.01	5	6340	卖盘
14:16:15	12.69	--	2	2538	买盘
14:15:57	12.69	0.01	10	12690	买盘
14:15:54	12.68	--	15	19020	卖盘
14:15:45	12.68	-0.01	1	1268	卖盘
14:15:42	12.69	--	1	1269	买盘
14:15:39	12.69	--	105	133245	买盘
14:15:33	12.69	--	27	34263	买盘
14:15:15	12.69	--	10	12690	买盘
14:14:54	12.69	-0.01	8	10152	卖盘
14:14:51	12.7	0.01	20	25400	买盘
14:14:36	12.69	--	1	1269	卖盘
14:14:30	12.69	0.01	192	243648	买盘
14:14:24	12.68	-0.01	12	15216	卖盘
14:14:21	12.69	0.01	7	8883	买盘
14:14:15	12.68	--	18	22824	卖盘
14:14:12	12.68	--	43	54524	卖盘
14:13:42	12.68	--	50	63400	卖盘
14:13:24	12.68	--	4	5072	卖盘
14:13:21	12.68	--	3	3804	卖盘
14:13:18	12.68	--	20	25360	卖盘
14:13:03	12.68	--	2	2536	卖盘
14:12:54	12.68	--	4	5072	卖盘
14:12:42	12.68	--	64	81152	卖盘
14:12:12	12.68	--	14	17752	卖盘
14:12:06	12.68	0.01	75	95100	买盘
14:11:48	12.67	-0.01	4	5068	卖盘
14:11:45	12.68	--	39	49452	买盘
14:11:36	12.68	0.01	2	2536	买盘
14:11:33	12.67	-0.01	14	17738	卖盘
14:11:30	12.68	0.01	3	3804	买盘
14:11:27	12.67	--	20	25340	卖盘
14:11:21	12.67	-0.01	4	5068	卖盘
14:11:18	12.68	--	14	17752	买盘
14:11:00	12.68	--	11	13948	卖盘
14:10:54	12.68	--	4	5072	卖盘
14:10:42	12.68	0.01	10	12680	买盘
14:10:39	12.67	-0.01	3	3801	卖盘
14:10:33	12.68	0.01	1	1268	中性盘
14:10:03	12.67	-0.01	119	150773	卖盘
14:10:00	12.68	--	6	7608	买盘
14:09:57	12.68	--	46	58328	卖盘
14:09:54	12.68	--	3	3804	卖盘
14:09:42	12.68	-0.01	20	25360	卖盘
14:09:36	12.69	--	67	85023	卖盘
14:09:33	12.69	--	17	21573	卖盘
14:09:30	12.69	--	8	10152	卖盘
14:09:27	12.69	0.01	18	22842	买盘
14:09:24	12.68	--	12	15216	卖盘
14:09:21	12.68	--	200	253600	卖盘
14:09:15	12.68	-0.01	20	25360	卖盘
14:09:12	12.69	--	48	60912	买盘
14:09:06	12.69	--	5	6345	卖盘
14:08:54	12.69	--	6	7614	中性盘
14:08:42	12.69	-0.01	4	5076	卖盘
14:08:39	12.7	0.01	1	1270	买盘
14:08:36	12.69	--	1	1269	卖盘
14:08:27	12.69	--	29	36801	买盘
14:08:15	12.69	--	44	55836	买盘
14:08:00	12.69	--	5	6345	买盘
14:07:57	12.69	--	4	5076	买盘
14:07:51	12.69	--	10	12690	买盘
14:07:45	12.69	--	20	25380	买盘
14:07:27	12.69	0.01	4	5076	买盘
14:07:24	12.68	-0.01	20	25360	卖盘
14:07:12	12.69	--	20	25380	买盘
14:07:03	12.69	--	10	12690	买盘
14:06:57	12.69	0.01	10	12690	买盘
14:06:51	12.68	--	10	12680	卖盘
14:06:48	12.68	--	6	7608	卖盘
14:06:42	12.68	0.01	36	45648	买盘
14:06:39	12.67	--	50	63350	卖盘
14:06:36	12.67	--	2	2534	卖盘
14:06:33	12.67	--	8	10136	卖盘
14:06:24	12.67	--	100	126700	卖盘
14:06:18	12.67	-0.01	10	12670	卖盘
14:06:12	12.68	0.01	12	15216	买盘
14:06:03	12.67	-0.01	50	63350	卖盘
14:06:00	12.68	0.01	9	11412	买盘
14:05:54	12.67	-0.01	60	76020	卖盘
14:05:51	12.68	--	5	6340	卖盘
14:05:48	12.68	--	10	12680	卖盘
14:05:42	12.68	--	28	35504	卖盘
14:05:36	12.68	--	30	38040	卖盘
14:05:30	12.68	0.01	29	36772	买盘
14:05:27	12.67	-0.01	150	190050	卖盘
14:05:18	12.68	0.01	46	58328	买盘
14:05:03	12.67	--	100	126700	卖盘
14:04:57	12.67	-0.01	10	12670	卖盘
14:04:54	12.68	0.01	1	1268	买盘
14:04:45	12.67	-0.01	20	25340	卖盘
14:04:18	12.68	-0.01	23	29164	卖盘
14:04:15	12.69	0.01	8	10152	买盘
14:04:09	12.68	--	21	26628	卖盘
14:04:06	12.68	--	121	153428	卖盘
14:03:57	12.68	-0.01	100	126800	卖盘
14:03:54	12.69	0.01	61	77409	买盘
14:03:51	12.68	--	15	19020	卖盘
14:03:42	12.68	--	6	7608	卖盘
14:03:36	12.68	--	15	19020	卖盘
14:03:24	12.68	--	50	63400	卖盘
14:03:18	12.68	-0.01	15	19020	卖盘
14:02:54	12.69	--	1	1269	买盘
14:02:51	12.69	--	5	6345	买盘
14:02:42	12.69	--	47	59643	买盘
14:02:33	12.69	0.01	20	25380	买盘
14:02:21	12.68	--	1	1268	卖盘
14:02:15	12.68	--	141	178788	卖盘
14:02:09	12.68	--	30	38040	卖盘
14:02:00	12.68	-0.01	4	5072	卖盘
14:01:54	12.69	--	26	32994	买盘
14:01:42	12.69	--	92	116748	买盘
14:01:39	12.69	-0.01	14	17766	卖盘
14:01:36	12.7	0.01	2	2540	买盘
14:01:33	12.69	-0.01	9	11421	卖盘
14:01:27	12.7	--	2	2540	买盘
14:01:00	12.7	--	85	108318	卖盘
14:00:57	12.7	--	55	69850	卖盘
14:00:54	12.7	--	19	24130	卖盘
14:00:48	12.7	-0.01	20	25400	卖盘
14:00:24	12.71	--	45	57195	买盘
14:00:21	12.71	--	10	12710	买盘
14:00:18	12.71	--	17	21607	买盘
14:00:12	12.71	--	3	3813	买盘
14:00:06	12.71	--	58	73718	卖盘
14:00:00	12.71	-0.01	105	133455	卖盘
13:59:57	12.72	0.01	6	7632	买盘
13:59:51	12.71	-0.01	50	63550	卖盘
13:59:48	12.72	--	16	20352	买盘
13:59:45	12.72	0.01	8	10176	买盘
13:59:42	12.71	--	16	20336	卖盘
13:59:33	12.71	--	10	12710	卖盘
13:59:30	12.71	--	322	409262	买盘
13:59:27	12.71	0.01	5	6355	买盘
13:59:18	12.7	--	21	26670	卖盘
13:59:09	12.7	--	2	2540	卖盘
13:59:06	12.7	--	296	376821	买盘
13:59:03	12.7	0.01	3	3810	买盘
13:59:00	12.69	--	2	2538	卖盘
13:58:51	12.69	0.01	25	31725	中性盘
13:58:48	12.68	-0.01	40	50720	卖盘
13:58:36	12.69	0.01	22	27918	买盘
13:58:30	12.68	--	5	6340	卖盘
13:58:27	12.68	--	10	12680	卖盘
13:58:21	12.68	--	57	72276	买盘
13:58:09	12.68	--	2	2536	买盘
13:58:06	12.68	--	8	10144	卖盘
13:58:03	12.68	--	6	7608	卖盘
13:58:00	12.68	--	5	6340	卖盘
13:57:51	12.68	--	11	13948	卖盘
13:57:48	12.68	--	5	6340	卖盘
13:57:42	12.68	--	30	38040	卖盘
13:57:24	12.68	--	20	25360	卖盘
13:57:21	12.68	--	5	6340	卖盘
13:57:15	12.68	--	3	3804	卖盘
13:57:06	12.68	0.02	7	8876	买盘
13:57:00	12.66	-0.01	140	177240	卖盘
13:56:57	12.67	-0.01	10	12670	卖盘
13:56:42	12.68	--	20	25360	买盘
13:56:36	12.68	--	10	12680	买盘
13:56:33	12.68	0.01	20	25360	买盘
13:56:30	12.67	-0.01	65	82355	卖盘
13:56:24	12.68	--	19	24092	买盘
13:56:18	12.68	--	3	3804	卖盘
13:56:15	12.68	--	10	12680	卖盘
13:56:06	12.68	--	5	6340	卖盘
13:56:00	12.68	--	80	101440	卖盘
13:55:57	12.68	--	17	21556	卖盘
13:55:51	12.68	--	10	12680	中性盘
13:55:42	12.68	0.01	20	25360	中性盘
13:55:36	12.67	-0.01	28	35476	卖盘
13:55:27	12.68	--	8	10144	买盘
13:55:24	12.68	--	50	63400	买盘
13:55:15	12.68	--	35	44380	买盘
13:55:12	12.68	--	4	5072	买盘
13:55:06	12.68	--	3	3804	买盘
13:55:03	12.68	--	30	38040	买盘
13:54:51	12.68	0.01	10	12680	买盘
13:54:39	12.67	--	8	10465	买盘
13:54:36	12.67	--	20	25340	买盘
13:54:30	12.67	--	30	38010	买盘
13:54:27	12.67	--	10	12670	买盘
13:54:24	12.67	--	41	51947	买盘
13:54:18	12.67	0.01	20	25340	买盘
13:54:15	12.66	-0.01	10	12660	卖盘
13:54:12	12.67	--	25	31675	买盘
13:54:09	12.67	--	16	20272	买盘
13:53:51	12.67	0.01	10	12670	买盘
13:53:42	12.66	-0.01	6	7596	中性盘
13:53:36	12.67	0.01	56	70952	买盘
13:53:30	12.66	--	17	21522	买盘
13:53:24	12.66	--	49	62034	卖盘
13:53:00	12.66	--	154	194964	卖盘
13:52:57	12.66	-0.01	29	36714	卖盘
13:52:54	12.67	0.01	58	73486	买盘
13:52:48	12.66	-0.01	1	1266	卖盘
13:52:45	12.67	0.01	5	6335	买盘
13:52:39	12.66	-0.01	19	24054	卖盘
13:52:33	12.67	--	10	12670	买盘
13:52:27	12.67	--	16	20272	买盘
13:52:21	12.67	--	20	25340	买盘
13:52:15	12.67	--	23	29141	买盘
13:52:12	12.67	--	10	12670	买盘
13:52:09	12.67	--	50	63350	买盘
13:51:48	12.67	0.02	18	22806	买盘
13:51:45	12.65	--	53	67045	卖盘
13:51:39	12.65	--	21	26565	卖盘
13:51:36	12.65	--	48	60720	买盘
13:51:33	12.65	--	131	165715	买盘
13:51:30	12.65	0.01	5	6325	买盘
13:51:27	12.64	-0.01	5	6320	卖盘
13:51:21	12.65	0.01	12	15180	买盘
13:51:18	12.64	-0.01	4	5056	卖盘
13:51:15	12.65	--	10	12650	买盘
13:51:09	12.65	0.01	12	15180	买盘
13:51:06	12.64	-0.01	3	3792	卖盘
13:51:00	12.65	--	40	50600	买盘
13:50:51	12.65	0.01	34	43010	买盘
13:50:42	12.64	--	2	2528	买盘
13:50:39	12.64	--	14	17696	买盘
13:50:36	12.64	--	3	3792	买盘
13:50:33	12.64	--	16	20224	买盘
13:50:30	12.64	0.01	2	2528	买盘
13:50:27	12.63	-0.01	50	63150	卖盘
13:50:24	12.64	0.01	3	3792	买盘
13:50:21	12.63	--	5	6315	卖盘
13:50:09	12.63	--	1	1263	买盘
13:50:06	12.63	--	2	2526	买盘
13:50:03	12.63	--	8	10104	买盘
13:50:00	12.63	--	3	3789	买盘
13:49:54	12.63	--	10	12630	买盘
13:49:51	12.63	--	3	3789	买盘
13:49:33	12.63	0.01	10	12630	买盘
13:49:30	12.62	-0.01	99	124937	卖盘
13:49:27	12.63	0.01	10	12630	买盘
13:49:24	12.62	--	44	55528	卖盘
13:49:18	12.62	-0.01	48	60575	卖盘
13:49:06	12.63	--	14	17682	卖盘
13:49:03	12.63	--	5	6315	卖盘
13:48:57	12.63	--	44	55572	卖盘
13:48:54	12.63	-0.01	6	7578	卖盘
13:48:39	12.64	-0.01	35	44240	卖盘
13:48:27	12.65	--	150	189750	卖盘
13:48:21	12.65	--	10	12650	卖盘
13:48:18	12.65	--	31	39215	卖盘
13:48:15	12.65	--	160	202400	卖盘
13:48:06	12.65	-0.01	283	357995	卖盘
13:48:00	12.66	--	171	216486	卖盘
13:47:54	12.66	--	40	50640	卖盘
13:47:48	12.66	-0.01	5	6330	卖盘
13:47:45	12.67	0.01	1	1267	买盘
13:47:42	12.66	--	105	132930	卖盘
13:47:39	12.66	--	10	12660	卖盘
13:47:36	12.66	-0.01	54	68364	卖盘
13:47:09	12.67	--	20	25340	买盘
13:47:06	12.67	--	2	3471	卖盘
13:47:03	12.67	--	2	2534	卖盘
13:46:57	12.67	--	200	253400	卖盘
13:46:51	12.67	--	15	19005	卖盘
13:46:45	12.67	--	13	16471	卖盘
13:46:30	12.67	--	5	6335	卖盘
13:46:06	12.67	-0.01	3	3801	卖盘
13:45:54	12.68	--	2	2536	卖盘
13:45:51	12.68	--	8	10144	买盘
13:45:48	12.68	--	8	10144	买盘
13:45:39	12.68	-0.01	5	6340	中性盘
13:45:21	12.69	--	3	3807	买盘
13:45:15	12.69	--	55	69795	买盘
13:44:54	12.69	-0.01	133	168777	卖盘
13:44:51	12.7	--	3	3810	买盘
13:44:45	12.7	--	36	46088	卖盘
13:44:39	12.7	-0.01	7	8890	卖盘
13:44:33	12.71	0.01	3	3813	买盘
13:44:24	12.7	-0.01	10	12700	卖盘
13:44:21	12.71	--	10	12710	买盘
13:44:15	12.71	0.01	1	1271	买盘
13:44:12	12.7	-0.01	50	63500	卖盘
13:44:09	12.71	0.01	5	6355	买盘
13:44:03	12.7	--	3	4711	卖盘
13:43:57	12.7	0.01	157	199390	买盘
13:43:42	12.69	--	3	3807	卖盘
13:43:36	12.69	0.01	73	92637	买盘
13:43:21	12.68	--	33	41844	卖盘
13:43:18	12.68	--	49	62132	买盘
13:43:06	12.68	0.01	26	32968	买盘
13:43:00	12.67	-0.01	37	46879	卖盘
13:42:57	12.68	--	15	19020	买盘
13:42:48	12.68	--	20	25360	买盘
13:42:42	12.68	0.01	102	129336	买盘
13:42:39	12.67	--	5	6335	卖盘
13:42:36	12.67	-0.01	28	35476	卖盘
13:42:33	12.68	0.01	119	150892	买盘
13:42:27	12.67	--	27	34209	卖盘
13:42:18	12.67	--	1	1267	卖盘
13:42:12	12.67	--	103	130501	卖盘
13:42:09	12.67	--	5	6335	卖盘
13:42:03	12.67	--	12	15533	买盘
13:42:00	12.67	--	5	6335	买盘
13:41:57	12.67	--	62	79491	卖盘
13:41:51	12.67	--	6	7602	卖盘
13:41:48	12.67	--	33	41811	卖盘
13:41:42	12.67	--	29	36743	卖盘
13:41:39	12.67	--	7	8869	卖盘
13:41:36	12.67	-0.01	1	1267	卖盘
13:41:33	12.68	0.01	50	63400	买盘
13:41:30	12.67	--	10	12670	卖盘
13:41:24	12.67	--	12	15204	卖盘
13:41:03	12.67	-0.01	52	65884	卖盘
13:41:00	12.68	0.01	46	58657	买盘
13:40:54	12.67	--	1	1267	卖盘
13:40:48	12.67	-0.01	3	3801	卖盘
13:40:39	12.68	--	121	153428	卖盘
13:40:36	12.68	--	4	5072	卖盘
13:40:33	12.68	--	4	5072	卖盘
13:40:27	12.68	--	11	13948	卖盘
13:40:24	12.68	-0.01	10	12680	卖盘
13:40:09	12.69	--	42	53298	卖盘
13:40:06	12.69	--	8	10152	卖盘
13:39:57	12.69	-0.01	2	2538	卖盘
13:39:45	12.7	0.01	5	6350	买盘
13:39:39	12.69	--	10	12690	卖盘
13:39:36	12.69	-0.01	11	13959	卖盘
13:39:33	12.7	--	10	12700	买盘
13:39:30	12.7	0.01	20	25400	买盘
13:39:24	12.69	-0.01	33	41877	卖盘
13:39:21	12.7	--	12	15240	买盘
13:39:15	12.7	--	3	3810	买盘
13:39:12	12.7	--	5	6350	买盘
13:39:09	12.7	--	29	36830	卖盘
13:39:06	12.7	--	6	7620	卖盘
13:39:03	12.7	--	11	13970	卖盘
13:39:00	12.7	--	25	31750	卖盘
13:38:57	12.7	--	37	46990	卖盘
13:38:45	12.7	-0.01	113	143510	卖盘
13:38:36	12.71	--	5	6355	买盘
13:38:33	12.71	--	15	19065	买盘
13:38:27	12.71	--	51	64821	买盘
13:38:24	12.71	-0.01	457	580847	中性盘
13:38:15	12.72	0.01	39	49608	买盘
13:38:12	12.71	--	8	10168	卖盘
13:38:09	12.71	--	17	21607	卖盘
13:38:03	12.71	--	11	13981	买盘
13:38:00	12.71	--	9	11439	卖盘
13:37:57	12.71	-0.01	150	190650	卖盘
13:37:42	12.72	0.01	40	50880	买盘
13:37:39	12.71	--	17	21607	卖盘
13:37:36	12.71	--	2	2542	卖盘
13:37:30	12.71	--	20	25420	卖盘
13:37:27	12.71	--	10	12710	卖盘
13:37:15	12.71	--	20	25420	卖盘
13:37:12	12.71	--	4	5084	卖盘
13:37:06	12.71	--	20	25420	中性盘
13:36:45	12.71	0.01	53	67363	买盘
13:36:42	12.7	-0.01	2	2540	卖盘
13:36:36	12.71	0.01	26	33046	买盘
13:36:33	12.7	--	3	3810	卖盘
13:36:30	12.7	-0.01	14	17780	卖盘
13:36:27	12.71	0.01	30	38130	买盘
13:36:21	12.7	--	13	16510	卖盘
13:36:15	12.7	-0.01	3	3810	卖盘
13:36:12	12.71	0.01	25	31775	买盘
13:36:09	12.7	-0.01	8	10160	卖盘
13:36:06	12.71	--	5	6355	买盘
13:35:45	12.71	--	10	12710	买盘
13:35:42	12.71	--	9	11439	卖盘
13:35:39	12.71	--	31	39401	卖盘
13:35:36	12.71	--	5	6355	卖盘
13:35:33	12.71	-0.01	20	25420	卖盘
13:35:30	12.72	0.01	32	40704	买盘
13:35:27	12.71	--	33	41943	卖盘
13:35:24	12.71	--	8	10168	买盘
13:35:18	12.71	--	22	27962	卖盘
13:35:15	12.71	--	55	69905	卖盘
13:35:06	12.71	0.01	29	36859	中性盘
13:35:00	12.7	--	38	48260	买盘
13:34:54	12.7	--	33	41910	买盘
13:34:45	12.7	-0.02	14	17780	卖盘
13:34:42	12.72	--	20	25440	买盘
13:34:39	12.72	--	102	129744	买盘
13:34:36	12.72	0.02	80	101760	买盘
13:34:30	12.7	--	5	6350	卖盘
13:34:21	12.7	-0.02	200	254000	卖盘
13:34:18	12.72	--	4	5088	卖盘
13:34:09	12.72	--	43	54696	买盘
13:33:57	12.72	--	13	16536	卖盘
13:33:54	12.72	--	7	8904	卖盘
13:33:51	12.72	--	44	55968	卖盘
13:33:48	12.72	--	30	38160	卖盘
13:33:45	12.72	-0.01	2	2544	卖盘
13:33:42	12.73	0.01	3	3819	买盘
13:33:39	12.72	--	46	58512	卖盘
13:33:33	12.72	--	5	6360	卖盘
13:33:30	12.72	--	5	6360	卖盘
13:33:24	12.72	-0.01	30	38160	卖盘
13:33:15	12.73	0.01	9	11457	买盘
13:33:12	12.72	-0.01	40	50880	卖盘
13:33:06	12.73	--	25	31825	买盘
13:32:48	12.73	--	12	15276	卖盘
13:32:45	12.73	--	10	12730	卖盘
13:32:39	12.73	-0.01	5	6365	卖盘
13:32:33	12.74	0.01	8	10192	中性盘
13:32:21	12.73	-0.02	59	75107	卖盘
13:32:18	12.75	0.02	5	6375	买盘
13:32:15	12.73	--	10	12730	卖盘
13:32:12	12.73	-0.02	69	87837	卖盘
13:32:09	12.75	0.02	49	62475	买盘
13:32:06	12.73	-0.01	20	25460	卖盘
13:32:03	12.74	--	5	6370	买盘
13:32:00	12.74	-0.01	60	77688	卖盘
13:31:57	12.75	--	40	51000	卖盘
13:31:54	12.75	--	14	17875	买盘
13:31:51	12.75	0.01	60	76500	买盘
13:31:48	12.74	--	17	21658	卖盘
13:31:45	12.74	--	107	136318	卖盘
13:31:42	12.74	--	101	128674	卖盘
13:31:39	12.74	-0.01	12	15288	卖盘
13:31:36	12.75	--	8	10200	买盘
13:31:33	12.75	--	10	12750	买盘
13:31:27	12.75	--	19	24225	卖盘
13:31:21	12.75	--	122	155550	买盘
13:31:18	12.75	--	6	7650	中性盘
13:31:12	12.75	-0.01	12	15300	买盘
13:31:09	12.76	0.01	110	140360	买盘
13:31:06	12.75	--	23	29325	买盘
13:31:03	12.75	--	9	11475	卖盘
13:31:00	12.75	-0.01	37	47175	卖盘
13:30:57	12.76	0.01	61	77836	买盘
13:30:54	12.75	--	5	6375	买盘
13:30:51	12.75	0.01	10	12750	中性盘
13:30:42	12.74	-0.02	63	80262	中性盘
13:30:36	12.76	0.02	321	409596	买盘
13:30:33	12.74	--	38	48412	买盘
13:30:30	12.74	--	49	62426	买盘
13:30:24	12.74	--	35	44590	买盘
13:30:21	12.74	0.01	129	164346	买盘
13:30:15	12.73	--	15	19095	卖盘
13:30:12	12.73	0.01	748	952204	买盘
13:30:09	12.72	--	45	57240	卖盘
13:30:06	12.72	-0.01	52	66144	卖盘
13:30:00	12.73	0.01	2	2546	买盘
13:29:57	12.72	--	2	2544	卖盘
13:29:54	12.72	--	114	145008	卖盘
13:29:51	12.72	0.01	105	133560	买盘
13:29:45	12.71	--	1	1271	卖盘
13:29:42	12.71	-0.01	5	6355	卖盘
13:29:39	12.72	0.01	20	25440	买盘
13:29:33	12.71	--	67	85157	买盘
13:29:27	12.71	0.01	35	44485	卖盘
13:29:24	12.7	-0.01	71	90170	卖盘
13:29:21	12.71	--	15	19065	买盘
13:29:18	12.71	--	5	6355	买盘
13:29:15	12.71	-0.02	31	39401	卖盘
13:29:12	12.73	0.02	6	7638	买盘
13:29:09	12.71	-0.02	6	7626	卖盘
13:29:06	12.73	0.02	15	19095	买盘
13:29:03	12.71	--	1	1271	卖盘
13:29:00	12.71	--	63	80073	卖盘
13:28:57	12.71	-0.02	5	6355	卖盘
13:28:54	12.73	0.02	2	2546	买盘
13:28:51	12.71	--	28	35588	卖盘
13:28:45	12.71	--	42	53382	卖盘
13:28:39	12.71	-0.02	7	8897	卖盘
13:28:36	12.73	--	105	133665	买盘
13:28:33	12.73	-0.01	43	54739	卖盘
13:28:30	12.74	0.01	166	211484	买盘
13:28:27	12.73	--	10	12730	卖盘
13:28:24	12.73	-0.01	53	67469	卖盘
13:28:21	12.74	0.01	2	2548	买盘
13:28:18	12.73	-0.01	36	45828	卖盘
13:28:15	12.74	-0.01	5	6370	中性盘
13:28:12	12.75	0.01	15	19125	买盘
13:28:09	12.74	-0.01	28	35672	卖盘
13:28:06	12.75	0.01	9	11475	买盘
13:28:03	12.74	-0.01	27	34398	卖盘
13:28:00	12.75	--	16	20400	买盘
13:27:57	12.75	0.01	23	29325	买盘
13:27:54	12.74	-0.02	9	11466	卖盘
13:27:51	12.76	0.01	67	85492	买盘
13:27:48	12.75	-0.01	29	36975	卖盘
13:27:45	12.76	--	7	8932	买盘
13:27:42	12.76	--	30	38280	卖盘
13:27:39	12.76	--	58	74008	卖盘
13:27:36	12.76	--	151	192676	卖盘
13:27:33	12.76	--	12	15312	卖盘
13:27:30	12.76	--	26	33176	卖盘
13:27:27	12.76	-0.01	207	264132	卖盘
13:27:24	12.77	0.01	174	222198	买盘
13:27:21	12.76	--	49	62524	卖盘
13:27:18	12.76	-0.01	18	22968	卖盘
13:27:15	12.77	0.01	89	113653	中性盘
13:27:12	12.76	-0.01	165	210540	卖盘
13:27:09	12.77	0.01	130	166010	买盘
13:27:06	12.76	-0.01	136	173536	卖盘
13:27:03	12.77	0.01	5	6385	买盘
13:27:00	12.76	--	50	63800	买盘
13:26:57	12.76	0.02	24	30624	买盘
13:26:54	12.74	-0.02	44	56056	卖盘
13:26:51	12.76	--	150	191400	卖盘
13:26:48	12.76	--	78	99528	卖盘
13:26:45	12.76	--	11	14036	卖盘
13:26:42	12.76	0.01	484	617584	买盘
13:26:39	12.75	0.01	72	91800	买盘
13:26:36	12.74	0.02	72	91728	买盘
13:26:33	12.72	--	69	87768	卖盘
13:26:30	12.72	--	10	12720	卖盘
13:26:21	12.72	0.03	643	818659	买盘
13:26:18	12.69	-0.01	22	27918	买盘
13:26:15	12.7	0.02	20	25400	买盘
13:26:12	12.68	-0.01	117	148356	卖盘
13:26:09	12.69	-0.01	58	73602	卖盘
13:26:00	12.7	0.01	54	68580	买盘
13:25:57	12.69	-0.01	3	3807	卖盘
13:25:54	12.7	--	8	10160	买盘
13:25:51	12.7	--	72	91440	买盘
13:25:48	12.7	--	14	17780	买盘
13:25:45	12.7	--	20	25400	买盘
13:25:42	12.7	--	139	176530	买盘
13:25:36	12.7	-0.01	3	3810	买盘
13:25:30	12.71	0.01	50	63550	买盘
13:25:24	12.7	--	104	132588	卖盘
13:25:21	12.7	-0.01	98	124460	卖盘
13:25:18	12.71	0.01	15	19065	买盘
13:25:15	12.7	-0.01	186	236220	卖盘
13:25:12	12.71	--	78	99138	买盘
13:25:06	12.71	0.01	2	2542	买盘
13:24:57	12.7	0.04	1293	1642872	买盘
13:24:48	12.66	0.01	55	69630	买盘
13:24:42	12.65	-0.01	18	22770	卖盘
13:24:36	12.66	--	3	3798	买盘
13:24:24	12.66	0.02	100	126600	买盘
13:24:21	12.64	--	64	80896	买盘
13:24:18	12.64	--	188	237632	卖盘
13:24:15	12.64	--	10	12640	卖盘
13:24:12	12.64	-0.01	10	12640	卖盘
13:24:09	12.65	--	25	31625	买盘
13:24:06	12.65	--	7	8855	买盘
13:24:03	12.65	--	10	12650	买盘
13:23:54	12.65	--	50	63250	买盘
13:23:51	12.65	--	143	180895	买盘
13:23:48	12.65	-0.01	218	275770	卖盘
13:23:33	12.66	--	2	2532	买盘
13:23:27	12.66	0.01	12	15192	买盘
13:23:24	12.65	--	25	31625	卖盘
13:23:18	12.65	-0.01	5	6325	卖盘
13:23:15	12.66	0.01	100	126600	买盘
13:23:12	12.65	--	25	31625	卖盘
13:23:09	12.65	--	5	6325	卖盘
13:23:00	12.65	--	52	65780	卖盘
13:22:57	12.65	--	3	3795	卖盘
13:22:51	12.65	0.01	63	79695	买盘
13:22:45	12.64	-0.01	6	7584	卖盘
13:22:30	12.65	--	2	2530	买盘
13:22:27	12.65	--	52	65780	买盘
13:22:12	12.65	--	17	21505	买盘
13:22:09	12.65	--	3	3795	买盘
13:22:06	12.65	--	1	1265	买盘
13:22:03	12.65	--	188	237820	卖盘
13:22:00	12.65	--	13	16445	卖盘
13:21:57	12.65	-0.01	11	13915	卖盘
13:21:51	12.66	0.01	3	3798	买盘
13:21:45	12.65	--	1	1265	卖盘
13:21:42	12.65	--	50	63250	卖盘
13:21:39	12.65	-0.01	18	22770	卖盘
13:21:36	12.66	0.01	10	12660	买盘
13:21:33	12.65	-0.01	1	1265	卖盘
13:21:30	12.66	0.01	21	26586	买盘
13:21:27	12.65	--	30	37950	买盘
13:21:21	12.65	0.01	30	37950	买盘
13:21:15	12.64	-0.01	20	25280	卖盘
13:21:09	12.65	--	2	2530	买盘
13:21:03	12.65	--	88	111320	卖盘
13:21:00	12.65	-0.01	34	43010	卖盘
13:20:51	12.66	0.01	1	1266	买盘
13:20:36	12.65	--	38	48070	买盘
13:20:27	12.65	--	50	63250	卖盘
13:20:24	12.65	--	1	1265	卖盘
13:20:18	12.65	0.01	20	25300	中性盘
13:20:12	12.64	-0.01	3	3792	卖盘
13:20:09	12.65	--	28	35420	卖盘
13:20:06	12.65	-0.01	5	6325	卖盘
13:20:03	12.66	0.01	5	6330	买盘
13:20:00	12.65	-0.01	20	25300	卖盘
13:19:57	12.66	--	100	126600	买盘
13:19:54	12.66	0.01	22	27852	买盘
13:19:51	12.65	--	4	5060	卖盘
13:19:48	12.65	--	26	32890	卖盘
13:19:45	12.65	--	5	6325	卖盘
13:19:39	12.65	--	20	25300	卖盘
13:19:36	12.65	--	30	37950	卖盘
13:19:33	12.65	--	10	12650	卖盘
13:19:30	12.65	--	96	121440	买盘
13:19:24	12.65	--	15	18975	买盘
13:19:21	12.65	--	20	25300	买盘
13:19:18	12.65	--	7	8855	买盘
13:19:12	12.65	0.01	50	63250	买盘
13:19:00	12.64	-0.01	4	5056	卖盘
13:18:57	12.65	--	3	3795	买盘
13:18:54	12.65	0.01	35	44275	买盘
13:18:51	12.64	--	10	12640	卖盘
13:18:42	12.64	-0.01	2	2528	卖盘
13:18:30	12.65	--	23	29095	卖盘
13:18:27	12.65	--	18	22770	卖盘
13:18:24	12.65	-0.01	80	101200	卖盘
13:18:21	12.66	0.01	5	6330	买盘
13:18:18	12.65	--	103	130295	买盘
13:18:15	12.65	-0.01	36	45540	卖盘
13:18:12	12.66	--	10	12660	买盘
13:18:09	12.66	--	110	139260	买盘
13:18:06	12.66	--	5	6330	买盘
13:18:03	12.66	--	165	208890	买盘
13:18:00	12.66	--	134	169644	卖盘
13:17:57	12.66	-0.01	27	34182	卖盘
13:17:54	12.67	0.01	12	15204	买盘
13:17:51	12.66	-0.02	18	22788	卖盘
13:17:48	12.68	0.01	60	76080	买盘
13:17:45	12.67	0.01	20	25340	买盘
13:17:42	12.66	-0.01	5	6330	卖盘
13:17:39	12.67	--	30	38010	卖盘
13:17:36	12.67	--	36	45612	卖盘
13:17:33	12.67	--	11	13937	买盘
13:17:27	12.67	0.01	12	15204	买盘
13:17:24	12.66	--	170	215220	卖盘
13:17:21	12.66	--	17	21522	卖盘
13:17:18	12.66	--	8	10128	卖盘
13:17:15	12.66	--	5	6330	卖盘
13:17:03	12.66	0.01	8	10128	买盘
13:17:00	12.65	-0.01	1	1265	卖盘
13:16:57	12.66	--	5	6330	买盘
13:16:54	12.66	--	5	6330	买盘
13:16:51	12.66	0.02	12	15192	买盘
13:16:48	12.64	-0.04	45	56880	中性盘
13:16:45	12.68	0.02	12	15216	买盘
13:16:39	12.66	-0.02	11	13926	中性盘
13:16:36	12.68	0.03	1465	1857620	买盘
13:16:33	12.65	0.01	35	44275	买盘
13:16:30	12.64	-0.01	22	27808	卖盘
13:16:27	12.65	-0.01	75	95381	卖盘
13:16:24	12.66	--	34	43044	买盘
13:16:21	12.66	--	21	26586	买盘
13:16:18	12.66	--	40	50640	买盘
13:16:15	12.66	-0.01	5	6330	买盘
13:16:12	12.67	0.01	130	164710	买盘
13:16:09	12.66	--	86	108876	卖盘
13:16:06	12.66	--	24	30384	卖盘
13:16:03	12.66	--	15	18990	卖盘
13:16:00	12.66	--	213	269658	买盘
13:15:48	12.66	0.01	5	6330	买盘
13:15:45	12.65	-0.01	66	83490	卖盘
13:15:42	12.66	--	37	46842	买盘
13:15:39	12.66	0.01	4	5064	买盘
13:15:36	12.65	--	43	54395	卖盘
13:15:27	12.65	0.05	1080	1366959	买盘
13:15:24	12.6	--	13	16380	卖盘
13:15:12	12.6	--	21	26460	卖盘
13:15:03	12.6	--	5	6300	买盘
13:15:00	12.6	--	20	25200	买盘
13:14:57	12.6	--	4	5040	买盘
13:14:54	12.6	--	4	5040	买盘
13:14:51	12.6	--	14	17640	买盘
13:14:48	12.6	0.01	10	12600	买盘
13:14:36	12.59	--	6	7554	卖盘
13:14:30	12.59	--	21	26439	卖盘
13:14:24	12.59	-0.01	16	20144	卖盘
13:14:21	12.6	--	5	6300	买盘
13:14:18	12.6	0.01	16	20160	买盘
13:14:15	12.59	--	50	62950	卖盘
13:14:06	12.59	--	2	2518	卖盘
13:14:03	12.59	-0.01	21	26439	卖盘
13:14:00	12.6	0.01	50	63000	买盘
13:13:54	12.59	--	2	2518	卖盘
13:13:45	12.59	0.01	8	10072	买盘
13:13:42	12.58	-0.01	21	26418	卖盘
13:13:33	12.59	-0.01	2	2518	中性盘
13:13:24	12.6	0.03	60	75600	买盘
13:13:15	12.57	--	21	26397	卖盘
13:13:00	12.57	--	10	12570	卖盘
13:12:42	12.57	-0.03	2	2514	卖盘
13:12:21	12.6	--	27	34020	买盘
13:12:18	12.6	--	100	126000	买盘
13:12:00	12.6	--	20	25200	买盘
13:11:51	12.6	0.04	3	3780	买盘
13:11:45	12.56	--	16	20096	卖盘
13:11:30	12.56	-0.04	16	20096	卖盘
13:11:24	12.6	0.04	228	287280	买盘
13:11:00	12.56	--	50	62800	买盘
13:10:51	12.56	--	3	3768	买盘
13:10:48	12.56	--	17	21352	中性盘
13:10:39	12.56	--	26	32656	卖盘
13:09:57	12.56	--	10	12560	卖盘
13:09:51	12.56	0.01	10	12560	中性盘
13:09:33	12.55	--	20	25100	卖盘
13:09:27	12.55	0.01	52	65260	买盘
13:09:21	12.54	-0.01	10	12540	卖盘
13:09:06	12.55	0.01	70	87850	买盘
13:09:03	12.54	-0.01	33	41382	卖盘
13:08:51	12.55	--	55	69025	买盘
13:08:39	12.55	--	10	12550	买盘
13:08:24	12.55	--	1	1255	买盘
13:08:09	12.55	--	5	6275	买盘
13:08:06	12.55	-0.03	80	100400	中性盘
13:07:30	12.58	0.03	42	52836	买盘
13:07:21	12.55	--	26	32630	卖盘
13:07:09	12.55	--	18	22590	买盘
13:07:06	12.55	--	10	12550	买盘
13:06:57	12.55	0.01	23	28865	买盘
13:06:51	12.54	-0.01	1	1254	卖盘
13:06:48	12.55	0.01	5	6275	买盘
13:06:33	12.54	-0.01	5	6270	卖盘
13:06:27	12.55	0.01	5	6275	买盘
13:06:24	12.54	--	6	7523	卖盘
13:06:21	12.54	--	15	18810	卖盘
13:06:09	12.54	--	20	25080	卖盘
13:06:00	12.54	0.01	4	5016	买盘
13:05:45	12.53	-0.01	5	6265	卖盘
13:05:30	12.54	-0.01	13	16301	卖盘
13:05:27	12.55	0.01	13	16315	买盘
13:05:18	12.54	--	4	5016	卖盘
13:05:15	12.54	-0.01	10	12540	卖盘
13:05:12	12.55	0.01	1	1255	买盘
13:05:06	12.54	-0.01	20	25080	卖盘
13:04:57	12.55	--	16	20080	买盘
13:04:45	12.55	-0.01	116	145580	卖盘
13:04:42	12.56	--	1	1256	买盘
13:04:39	12.56	--	20	25120	买盘
13:04:21	12.56	--	10	12560	卖盘
13:04:18	12.56	-0.01	4	5024	卖盘
13:04:06	12.57	0.01	15	18855	买盘
13:03:39	12.56	--	19	23864	卖盘
13:03:27	12.56	-0.01	14	17584	卖盘
13:03:12	12.57	0.01	1	1257	买盘
13:03:09	12.56	-0.01	4	5024	卖盘
13:02:45	12.57	0.01	21	26397	买盘
13:02:30	12.56	--	33	41448	买盘
13:02:27	12.56	0.01	10	12560	买盘
13:02:24	12.55	--	9	11295	卖盘
13:02:21	12.55	--	20	25100	卖盘
13:02:15	12.55	--	10	12550	卖盘
13:02:09	12.55	-0.01	60	75300	卖盘
13:02:03	12.56	--	10	12560	买盘
13:01:57	12.56	-0.01	81	101736	卖盘
13:01:48	12.57	--	2	2514	买盘
13:01:45	12.57	--	2	2514	买盘
13:01:21	12.57	--	1	1257	买盘
13:01:09	12.57	-0.03	18	22626	卖盘
13:01:06	12.6	0.03	32	40320	买盘
13:00:51	12.57	--	10	12570	卖盘
13:00:12	12.57	--	21	26397	买盘
13:00:09	12.57	-0.03	11	13827	中性盘
13:00:06	12.6	0.02	157	197820	买盘
13:00:03	12.58	--	376	473008	买盘
13:00:00	12.58	--	0	0	买盘
11:30:00	12.58	--	0	0	买盘
11:29:51	12.58	0.05	11	13838	买盘
11:29:39	12.53	-0.05	281	352093	卖盘
11:29:30	12.58	0.03	17	21386	买盘
11:29:24	12.55	-0.03	4	5020	中性盘
11:29:12	12.58	0.04	24	30192	买盘
11:29:06	12.54	--	13	16301	卖盘
11:28:57	12.54	-0.02	8	10032	卖盘
11:28:45	12.56	--	3	3768	买盘
11:28:39	12.56	-0.01	46	57776	卖盘
11:28:36	12.57	--	21	26397	卖盘
11:28:30	12.57	-0.01	10	12570	卖盘
11:28:24	12.58	0.01	80	100640	买盘
11:28:18	12.57	--	55	69135	卖盘
11:28:09	12.57	-0.01	2	2514	中性盘
11:28:00	12.58	0.01	11	13838	买盘
11:27:57	12.57	0.01	10	12570	买盘
11:27:48	12.56	-0.01	50	62800	卖盘
11:27:42	12.57	--	8	10056	买盘
11:27:36	12.57	--	39	49023	买盘
11:27:27	12.57	0.01	17	21369	买盘
11:27:21	12.56	--	15	18840	卖盘
11:27:15	12.56	0.02	96	120576	买盘
11:27:09	12.54	0.01	50	62699	中性盘
11:25:57	12.53	--	4	5012	卖盘
11:25:54	12.53	-0.03	10	12530	卖盘
11:25:48	12.56	0.01	3	3768	买盘
11:25:42	12.55	-0.01	2	2510	卖盘
11:25:33	12.56	0.03	74	92944	买盘
11:25:15	12.53	-0.02	8	10024	卖盘
11:25:12	12.55	--	4	5020	买盘
11:25:06	12.55	0.02	11	13805	买盘
11:24:48	12.53	-0.02	2	2506	卖盘
11:24:39	12.55	0.02	2	2510	买盘
11:24:21	12.53	--	5	6265	卖盘
11:24:15	12.53	--	4	5012	卖盘
11:24:09	12.53	--	10	12530	卖盘
11:24:00	12.53	--	5	6265	卖盘
11:23:54	12.53	--	16	20048	卖盘
11:23:48	12.53	--	6	7518	卖盘
11:23:45	12.53	--	3	3759	卖盘
11:23:33	12.53	-0.02	20	25060	卖盘
11:23:30	12.55	0.02	21	26355	买盘
11:23:27	12.53	--	20	25060	卖盘
11:23:24	12.53	--	10	12530	卖盘
11:23:03	12.53	-0.02	59	73927	卖盘
11:22:54	12.55	0.02	52	65260	买盘
11:22:30	12.53	--	12	15036	买盘
11:22:18	12.53	--	3	3759	卖盘
11:22:06	12.53	-0.01	50	62650	卖盘
11:21:54	12.54	0.01	8	10032	买盘
11:21:12	12.53	--	7	8771	买盘
11:21:09	12.53	-0.01	5	6265	中性盘
11:21:06	12.54	0.01	56	70224	买盘
11:21:00	12.53	--	1	1253	买盘
11:20:51	12.53	--	20	25060	买盘
11:20:48	12.53	--	36	45108	买盘
11:20:42	12.53	--	10	12530	买盘
11:20:39	12.53	--	11	13783	买盘
11:20:30	12.53	--	15	18795	买盘
11:20:27	12.53	--	1	1253	买盘
11:20:12	12.53	0.01	106	132818	买盘
11:20:09	12.52	-0.01	10	12520	卖盘
11:20:03	12.53	--	156	195468	买盘
11:19:54	12.53	0.01	3	3759	买盘
11:19:51	12.52	-0.01	70	87640	卖盘
11:19:48	12.53	--	2	2506	卖盘
11:19:27	12.53	--	25	31325	买盘
11:19:12	12.53	0.01	10	12530	买盘
11:19:06	12.52	-0.01	64	80128	卖盘
11:19:03	12.53	--	30	37590	买盘
11:18:21	12.53	--	6	7518	卖盘
11:18:12	12.53	--	5	6265	卖盘
11:18:09	12.53	-0.01	5	6265	卖盘
11:17:51	12.54	--	21	26334	卖盘
11:17:45	12.54	--	103	129161	卖盘
11:17:42	12.54	-0.01	10	12540	卖盘
11:17:36	12.55	0.01	5	6275	买盘
11:17:33	12.54	--	10	12540	卖盘
11:17:30	12.54	--	30	37620	卖盘
11:17:21	12.54	--	42	52668	卖盘
11:17:15	12.54	--	24	30095	卖盘
11:17:09	12.54	-0.01	3	3761	卖盘
11:17:06	12.55	--	1	1255	买盘
11:16:54	12.55	--	3	3765	买盘
11:16:45	12.55	--	13	16315	买盘
11:16:42	12.55	0.01	36	45180	买盘
11:16:36	12.54	-0.01	1	1254	卖盘
11:16:24	12.55	--	11	13805	买盘
11:16:21	12.55	--	10	12550	买盘
11:16:15	12.55	--	12	15060	买盘
11:15:48	12.55	0.01	3	3765	买盘
11:15:45	12.54	-0.01	5	6270	卖盘
11:15:42	12.55	--	11	13805	买盘
11:15:24	12.55	--	10	12550	买盘
11:15:15	12.55	0.01	2	2510	买盘
11:14:39	12.54	-0.01	20	25080	卖盘
11:14:36	12.55	--	6	7530	买盘
11:14:30	12.55	--	24	30120	买盘
11:14:24	12.55	0.01	1	1255	买盘
11:14:12	12.54	-0.01	29	36366	卖盘
11:14:03	12.55	0.01	7	8785	买盘
11:14:00	12.54	-0.01	9	11286	卖盘
11:13:57	12.55	--	23	28865	买盘
11:13:51	12.55	--	22	27610	买盘
11:13:33	12.55	0.01	36	45180	买盘
11:13:24	12.54	0.01	11	13793	买盘
11:13:21	12.53	--	123	154119	卖盘
11:13:15	12.53	--	20	25060	卖盘
11:13:00	12.53	--	13	16289	卖盘
11:12:48	12.53	-0.01	117	146601	卖盘
11:12:36	12.54	--	8	10032	卖盘
11:12:33	12.54	--	12	15047	买盘
11:12:27	12.54	--	3	3761	买盘
11:12:15	12.54	--	1	1254	买盘
11:12:12	12.54	--	3	3761	买盘
11:12:09	12.54	--	2	2508	买盘
11:12:06	12.54	--	10	12540	买盘
11:12:03	12.54	--	1	1254	卖盘
11:12:00	12.54	--	6	7523	卖盘
11:11:51	12.54	--	25	31349	卖盘
11:11:42	12.54	--	14	17556	卖盘
11:11:33	12.54	0.01	11	13793	买盘
11:11:15	12.53	--	67	83951	卖盘
11:11:09	12.53	--	1	1253	卖盘
11:10:48	12.53	-0.02	10	12530	卖盘
11:10:45	12.55	0.03	34	42670	买盘
11:10:39	12.52	-0.01	1	1252	卖盘
11:10:36	12.53	0.01	66	82698	买盘
11:10:33	12.52	0.01	13	16276	中性盘
11:10:24	12.51	--	20	25020	卖盘
11:10:15	12.51	-0.01	50	62550	卖盘
11:10:12	12.52	--	1	1252	买盘
11:10:09	12.52	--	4	5008	中性盘
11:10:06	12.52	0.01	10	12520	买盘
11:10:00	12.51	--	6	7506	卖盘
11:09:57	12.51	-0.01	30	37530	卖盘
11:09:54	12.52	0.01	38	47576	买盘
11:09:51	12.51	-0.01	1	1251	卖盘
11:09:48	12.52	0.01	5	6260	买盘
11:09:45	12.51	-0.01	40	50040	卖盘
11:09:42	12.52	0.01	21	26292	买盘
11:09:39	12.51	--	37	46287	买盘
11:09:36	12.51	--	67	83817	卖盘
11:09:27	12.51	--	17	21267	卖盘
11:09:24	12.51	--	80	100080	卖盘
11:09:12	12.51	--	5	6255	卖盘
11:09:03	12.51	0.01	4	5004	买盘
11:09:00	12.5	--	3	3750	卖盘
11:08:57	12.5	-0.01	10	12500	卖盘
11:08:51	12.51	--	26	32526	买盘
11:08:45	12.51	--	10	12510	买盘
11:08:39	12.51	--	58	72558	卖盘
11:08:36	12.51	--	8	10008	卖盘
11:08:30	12.51	-0.01	28	35028	卖盘
11:08:24	12.52	--	10	12520	买盘
11:08:18	12.52	--	42	52584	卖盘
11:08:15	12.52	-0.01	17	21284	卖盘
11:08:03	12.53	--	23	28819	卖盘
11:07:57	12.53	--	5	6265	卖盘
11:07:54	12.53	--	6	7518	卖盘
11:07:51	12.53	--	10	12530	卖盘
11:07:48	12.53	0.01	21	26313	中性盘
11:07:45	12.52	-0.01	20	25040	卖盘
11:07:42	12.53	--	50	62650	买盘
11:07:39	12.53	--	36	45108	买盘
11:07:27	12.53	--	18	22554	卖盘
11:07:15	12.53	-0.01	16	20048	卖盘
11:07:09	12.54	--	10	12540	卖盘
11:06:57	12.54	--	29	36366	卖盘
11:06:42	12.54	-0.01	9	11286	卖盘
11:06:39	12.55	--	70	87850	买盘
11:06:15	12.55	--	1	1255	卖盘
11:06:09	12.55	--	5	6275	卖盘
11:06:03	12.55	--	60	75300	卖盘
11:05:45	12.55	-0.01	4	5020	卖盘
11:05:39	12.56	0.01	36	45216	买盘
11:05:36	12.55	0.01	110	138050	买盘
11:05:24	12.54	0.01	5	6270	买盘
11:05:18	12.53	-0.02	5	6265	卖盘
11:05:03	12.55	0.02	10	12550	中性盘
11:04:48	12.53	-0.03	250	313250	卖盘
11:04:45	12.56	0.01	37	46472	买盘
11:04:42	12.55	--	36	45180	买盘
11:04:36	12.55	--	30	37650	买盘
11:04:15	12.55	-0.01	37	46435	卖盘
11:03:42	12.56	0.01	37	46472	买盘
11:03:30	12.55	-0.01	10	12550	卖盘
11:02:57	12.56	0.01	23	28888	买盘
11:02:54	12.55	-0.01	3	3765	中性盘
11:02:48	12.56	--	126	158256	买盘
11:02:45	12.56	0.01	36	45216	买盘
11:02:39	12.55	--	213	267315	买盘
11:02:27	12.55	0.01	10	12550	买盘
11:02:24	12.54	--	63	79002	卖盘
11:02:21	12.54	--	13	16301	卖盘
11:02:18	12.54	--	1	1254	卖盘
11:02:12	12.54	--	20	25080	卖盘
11:02:03	12.54	--	10	12540	卖盘
11:01:54	12.54	-0.01	17	21318	卖盘
11:01:45	12.55	0.01	37	46435	买盘
11:01:33	12.54	--	1	1254	卖盘
11:01:30	12.54	--	27	33858	卖盘
11:01:24	12.54	--	5	6270	卖盘
11:01:21	12.54	--	64	80256	卖盘
11:01:03	12.54	-0.01	33	41382	卖盘
11:00:48	12.55	0.01	36	45180	买盘
11:00:39	12.54	0.01	22	27587	中性盘
11:00:30	12.53	0.01	122	152866	买盘
11:00:27	12.52	--	20	25040	卖盘
11:00:15	12.52	-0.03	8	10016	中性盘
10:59:57	12.55	--	10	12550	卖盘
10:59:51	12.55	--	7	8785	卖盘
10:59:48	12.55	0.04	109	136795	买盘
10:59:36	12.51	--	9	11259	卖盘
10:59:30	12.51	0.01	16	20016	买盘
10:59:27	12.5	--	6	7500	卖盘
10:59:21	12.5	-0.01	29	36250	卖盘
10:59:15	12.51	--	15	18765	买盘
10:59:12	12.51	--	10	12510	买盘
10:59:09	12.51	--	16	20016	买盘
10:59:03	12.51	--	20	25020	买盘
10:59:00	12.51	-0.03	244	305244	卖盘
10:58:57	12.54	0.01	2	2508	中性盘
10:58:48	12.53	-0.01	58	72674	卖盘
10:58:39	12.54	--	17	21318	买盘
10:58:36	12.54	--	1	1254	买盘
10:58:24	12.54	-0.01	122	152988	卖盘
10:58:09	12.55	0.02	25	31375	买盘
10:58:03	12.53	--	20	25060	卖盘
10:57:48	12.53	--	8	10024	买盘
10:57:42	12.53	-0.03	12	15036	卖盘
10:57:15	12.56	--	18	22608	卖盘
10:57:12	12.56	--	3	3768	卖盘
10:57:09	12.56	0.04	18	22608	买盘
10:57:00	12.52	-0.03	200	250400	卖盘
10:56:51	12.55	-0.01	5	6275	卖盘
10:56:48	12.56	0.01	37	46472	买盘
10:56:42	12.55	-0.01	3	3765	卖盘
10:56:39	12.56	--	8	10048	卖盘
10:56:36	12.56	--	4	5024	卖盘
10:56:33	12.56	-0.01	1	1256	卖盘
10:56:30	12.57	-0.01	93	116901	卖盘
10:56:27	12.58	--	19	23902	卖盘
10:56:24	12.58	--	57	71706	卖盘
10:56:21	12.58	-0.01	10	12580	卖盘
10:56:15	12.59	--	18	22662	卖盘
10:56:12	12.59	--	3	3777	卖盘
10:56:09	12.59	--	20	25180	卖盘
10:56:06	12.59	--	58	73022	卖盘
10:56:03	12.59	--	11	13849	卖盘
10:56:00	12.59	--	20	25180	卖盘
10:55:57	12.59	--	8	10072	卖盘
10:55:54	12.59	-0.01	75	94425	卖盘
10:55:51	12.6	0.01	37	46620	买盘
10:55:48	12.59	--	50	62950	卖盘
10:55:39	12.59	--	50	62950	卖盘
10:55:33	12.59	--	10	12590	卖盘
10:55:30	12.59	--	50	62950	卖盘
10:55:18	12.59	-0.01	18	22662	卖盘
10:55:15	12.6	0.01	62	78120	买盘
10:54:54	12.59	-0.01	2	2518	卖盘
10:54:51	12.6	0.01	36	45360	买盘
10:54:45	12.59	--	95	119605	卖盘
10:54:21	12.59	--	10	12590	卖盘
10:54:15	12.59	--	14	17626	卖盘
10:54:12	12.59	--	112	141008	买盘
10:53:54	12.59	--	36	45324	买盘
10:53:48	12.59	-0.01	175	220325	卖盘
10:53:39	12.6	0.01	42	52920	买盘
10:53:33	12.59	--	3	3777	卖盘
10:53:30	12.59	-0.01	105	132195	卖盘
10:53:27	12.6	0.01	32	40320	买盘
10:53:24	12.59	-0.01	5	6295	卖盘
10:53:21	12.6	0.01	27	34020	买盘
10:53:15	12.59	--	10	12590	卖盘
10:53:12	12.59	--	2	2518	卖盘
10:53:00	12.59	--	15	18885	卖盘
10:52:54	12.59	-0.01	16	20144	卖盘
10:52:51	12.6	0.01	37	46620	买盘
10:52:48	12.59	--	23	28957	卖盘
10:52:42	12.59	--	100	125900	卖盘
10:52:27	12.59	--	10	12590	卖盘
10:52:18	12.59	--	5	6295	卖盘
10:52:12	12.59	-0.01	1	1259	卖盘
10:52:09	12.6	--	10	12600	买盘
10:52:00	12.6	--	36	45360	买盘
10:51:54	12.6	0.01	74	93240	买盘
10:51:48	12.59	--	3	3777	卖盘
10:51:39	12.59	-0.01	5	6295	卖盘
10:51:36	12.6	--	1	1260	买盘
10:51:33	12.6	--	15	18900	卖盘
10:51:30	12.6	--	50	63000	卖盘
10:51:27	12.6	--	10	12600	卖盘
10:51:24	12.6	--	10	12600	卖盘
10:51:00	12.6	-0.01	63	79380	卖盘
10:50:54	12.61	0.01	102	128622	买盘
10:50:51	12.6	-0.01	5	6300	卖盘
10:50:48	12.61	0.01	2	2522	买盘
10:50:45	12.6	--	10	12600	卖盘
10:50:42	12.6	--	10	12600	卖盘
10:50:39	12.6	--	6	7560	卖盘
10:50:30	12.6	-0.01	10	12600	卖盘
10:50:27	12.61	--	43	54223	买盘
10:50:18	12.61	0.01	20	25220	买盘
10:50:12	12.6	--	39	49140	卖盘
10:50:06	12.6	-0.01	10	12600	卖盘
10:50:03	12.61	--	45	56745	买盘
10:50:00	12.61	--	25	31525	买盘
10:49:57	12.61	0.01	37	46657	买盘
10:49:54	12.6	--	10	12600	卖盘
10:49:51	12.6	-0.01	25	31500	卖盘
10:49:48	12.61	--	27	34047	买盘
10:49:45	12.61	0.01	1	1261	买盘
10:49:42	12.6	-0.01	6	7560	卖盘
10:49:39	12.61	0.01	20	25220	买盘
10:49:36	12.6	-0.01	26	32760	卖盘
10:49:30	12.61	0.01	10	12610	买盘
10:49:27	12.6	--	1	1260	卖盘
10:49:24	12.6	-0.01	21	26460	卖盘
10:49:21	12.61	0.01	1	1261	买盘
10:49:18	12.6	-0.01	50	63000	卖盘
10:49:15	12.61	0.01	23	29003	买盘
10:49:12	12.6	-0.01	20	25200	卖盘
10:49:09	12.61	0.01	13	16393	买盘
10:49:00	12.6	0.01	107	134820	买盘
10:48:57	12.59	--	47	59173	卖盘
10:48:45	12.59	--	8	10072	卖盘
10:48:42	12.59	0.01	80	100720	买盘
10:48:30	12.58	--	8	10064	卖盘
10:48:21	12.58	--	36	45288	买盘
10:48:15	12.58	--	3	3774	买盘
10:48:12	12.58	--	30	37740	买盘
10:48:00	12.58	0.01	36	45288	买盘
10:47:54	12.57	--	9	11313	卖盘
10:47:51	12.57	-0.01	49	61593	卖盘
10:47:45	12.58	0.01	3	3774	买盘
10:47:42	12.57	-0.01	10	12570	卖盘
10:47:33	12.58	0.01	1	1258	买盘
10:47:21	12.57	--	21	26397	卖盘
10:47:09	12.57	--	55	69135	卖盘
10:47:06	12.57	--	4	5028	卖盘
10:47:03	12.57	--	36	45252	买盘
10:47:00	12.57	--	37	46509	买盘
10:46:51	12.57	--	11	13827	买盘
10:46:48	12.57	-0.01	101	126957	卖盘
10:46:42	12.58	0.01	259	325822	买盘
10:46:39	12.57	-0.01	43	54051	卖盘
10:46:36	12.58	0.01	8	10064	买盘
10:46:33	12.57	--	12	15084	卖盘
10:46:00	12.57	--	45	56565	卖盘
10:45:57	12.57	--	5	6285	卖盘
10:45:48	12.57	-0.01	10	12570	卖盘
10:45:45	12.58	0.01	7	8806	买盘
10:45:42	12.57	-0.01	10	12570	卖盘
10:45:36	12.58	0.01	31	38998	买盘
10:45:30	12.57	--	11	13827	卖盘
10:45:15	12.57	-0.01	49	61593	卖盘
10:45:12	12.58	--	23	28934	卖盘
10:45:09	12.58	--	2	2516	买盘
10:45:03	12.58	--	36	45288	买盘
10:44:54	12.58	0.01	10	12580	买盘
10:44:42	12.57	-0.01	22	27654	卖盘
10:44:27	12.58	--	10	12580	买盘
10:44:21	12.58	-0.02	5	6290	卖盘
10:44:18	12.6	0.02	468	589680	买盘
10:44:15	12.58	--	2	2516	卖盘
10:44:12	12.58	--	23	28934	卖盘
10:44:09	12.58	--	1	1258	卖盘
10:44:06	12.58	--	75	94350	卖盘
10:44:03	12.58	--	93	116994	卖盘
10:43:57	12.58	-0.01	16	20128	卖盘
10:43:48	12.59	--	10	12590	买盘
10:43:45	12.59	0.01	7	8813	买盘
10:43:42	12.58	-0.01	2	2516	卖盘
10:43:39	12.59	--	39	49101	买盘
10:43:36	12.59	--	20	25180	买盘
10:43:30	12.59	--	23	28957	买盘
10:43:24	12.59	--	40	50360	买盘
10:43:09	12.59	--	1	1259	买盘
10:43:03	12.59	0.01	36	45324	买盘
10:42:51	12.58	-0.01	20	25160	卖盘
10:42:39	12.59	--	47	59173	卖盘
10:42:36	12.59	-0.01	23	28957	卖盘
10:42:30	12.6	0.02	4	5040	买盘
10:42:09	12.58	-0.02	10	12580	卖盘
10:42:06	12.6	--	37	46620	买盘
10:42:03	12.6	--	76	95760	买盘
10:41:57	12.6	--	131	165060	买盘
10:41:54	12.6	0.01	5	6300	买盘
10:41:51	12.59	-0.01	2	2518	买盘
10:41:48	12.6	0.02	10	12600	买盘
10:41:45	12.58	--	1	1258	卖盘
10:41:42	12.58	-0.02	28	35224	卖盘
10:41:39	12.6	--	9	11340	买盘
10:41:33	12.6	--	4	5040	买盘
10:41:30	12.6	--	10	12600	买盘
10:41:27	12.6	--	7	8820	卖盘
10:41:24	12.6	--	8	10080	卖盘
10:41:21	12.6	-0.01	2	2520	卖盘
10:41:18	12.61	0.01	11	13871	买盘
10:41:12	12.6	-0.01	20	25200	卖盘
10:41:06	12.61	0.01	36	45396	中性盘
10:41:00	12.6	-0.02	10	12600	买盘
10:40:57	12.62	0.04	130	164060	买盘
10:40:54	12.58	0.03	10	12580	中性盘
10:40:42	12.55	--	11	13805	卖盘
10:40:39	12.55	-0.05	10	12550	卖盘
10:40:21	12.6	--	20	25200	买盘
10:40:15	12.6	-0.01	8	10584	卖盘
10:40:12	12.61	0.01	30	37830	买盘
10:40:09	12.6	--	90	113400	卖盘
10:40:06	12.6	--	106	133560	卖盘
10:40:03	12.6	--	5	6300	卖盘
10:40:00	12.6	--	5	6300	卖盘
10:39:57	12.6	--	60	75600	卖盘
10:39:54	12.6	--	5	6300	卖盘
10:39:45	12.6	--	4	5040	卖盘
10:39:42	12.6	--	1	1260	卖盘
10:39:39	12.6	0.07	1077	1357776	买盘
10:39:24	12.53	-0.02	10	12530	卖盘
10:39:18	12.55	--	40	50200	买盘
10:39:12	12.55	--	5	6275	买盘
10:39:09	12.55	--	47	58985	买盘
10:39:00	12.55	--	10	12550	买盘
10:38:18	12.55	--	84	105420	买盘
10:38:12	12.55	-0.01	10	13052	卖盘
10:38:09	12.56	0.01	49	61544	买盘
10:38:03	12.55	--	11	13805	卖盘
10:37:57	12.55	--	35	43925	卖盘
10:37:54	12.55	--	4	5020	卖盘
10:37:51	12.55	--	10	12550	卖盘
10:37:48	12.55	--	61	76555	卖盘
10:37:45	12.55	--	50	62750	卖盘
10:37:39	12.55	--	100	125500	卖盘
10:37:36	12.55	--	13	16315	卖盘
10:37:33	12.55	--	19	23845	卖盘
10:37:30	12.55	--	1	1255	卖盘
10:37:27	12.55	0.01	224	281873	买盘
10:37:24	12.54	--	2	2508	卖盘
10:37:21	12.54	-0.01	10	12540	卖盘
10:37:12	12.55	0.01	41	51455	买盘
10:37:09	12.54	--	10	12540	卖盘
10:37:06	12.54	--	1	1254	卖盘
10:37:03	12.54	--	1	1254	卖盘
10:37:00	12.54	--	3	3761	卖盘
10:36:57	12.54	-0.01	1	1254	卖盘
10:36:51	12.55	--	39	49447	卖盘
10:36:48	12.55	--	23	28865	卖盘
10:36:45	12.55	--	10	12550	卖盘
10:36:42	12.55	-0.01	35	43925	卖盘
10:36:33	12.56	--	13	16328	卖盘
10:36:30	12.56	0.01	71	89176	买盘
10:36:27	12.55	-0.01	24	30120	卖盘
10:36:24	12.56	0.01	50	62800	买盘
10:36:21	12.55	--	11	13805	卖盘
10:36:18	12.55	--	50	62750	卖盘
10:36:15	12.55	-0.01	113	141815	卖盘
10:36:12	12.56	0.01	49	61544	买盘
10:36:09	12.55	--	10	12550	卖盘
10:35:57	12.55	0.01	259	325798	买盘
10:35:51	12.54	0.02	30	37620	买盘
10:35:48	12.52	--	16	20032	卖盘
10:35:39	12.52	--	51	63852	卖盘
10:35:36	12.52	-0.03	3	3756	卖盘
10:35:21	12.55	0.01	115	144325	买盘
10:35:15	12.54	--	20	25080	卖盘
10:35:12	12.54	0.02	19	23826	买盘
10:35:09	12.52	--	41	51332	卖盘
10:35:03	12.52	-0.03	12	15024	中性盘
10:34:54	12.55	0.05	600	753000	买盘
10:34:39	12.5	-0.03	10	12500	卖盘
10:34:24	12.53	0.03	10	12530	买盘
10:34:18	12.5	--	2	2500	卖盘
10:34:15	12.5	--	22	27500	卖盘
10:34:12	12.5	-0.03	4	5000	中性盘
10:34:00	12.53	0.03	600	751800	买盘
10:33:57	12.5	0.01	50	62500	买盘
10:33:54	12.49	--	1	1249	卖盘
10:33:51	12.49	-0.01	6	7494	卖盘
10:33:45	12.5	--	16	20000	卖盘
10:33:42	12.5	--	200	250000	卖盘
10:33:39	12.5	--	162	202500	卖盘
10:33:36	12.5	--	2	2500	卖盘
10:33:24	12.5	-0.01	18	22500	卖盘
10:33:18	12.51	--	529	661779	买盘
10:33:12	12.51	--	37	46287	买盘
10:33:06	12.51	--	3	3753	买盘
10:33:03	12.51	--	11	13761	卖盘
10:32:48	12.51	--	4	5004	买盘
10:32:45	12.51	0.01	98	122598	买盘
10:32:36	12.5	-0.01	2	2500	卖盘
10:32:33	12.51	0.01	15	18765	买盘
10:32:27	12.5	--	3	3750	卖盘
10:32:18	12.5	-0.01	9	11250	卖盘
10:32:12	12.51	0.01	36	45036	买盘
10:32:06	12.5	-0.01	2	2500	卖盘
10:32:03	12.51	0.01	20	25020	买盘
10:32:00	12.5	--	34	42500	卖盘
10:31:51	12.5	--	2	2500	卖盘
10:31:48	12.5	-0.01	30	37500	卖盘
10:31:45	12.51	0.01	66	82566	买盘
10:31:36	12.5	--	2	2500	卖盘
10:31:33	12.5	--	30	37500	卖盘
10:31:27	12.5	-0.01	5	6250	卖盘
10:31:21	12.51	--	30	37530	买盘
10:31:18	12.51	--	43	53793	卖盘
10:31:12	12.51	--	6	7506	卖盘
10:30:57	12.51	-0.01	230	287730	卖盘
10:30:54	12.52	--	8	10016	卖盘
10:30:48	12.52	0.01	52	65104	买盘
10:30:39	12.51	--	10	12510	卖盘
10:30:36	12.51	-0.01	5	6255	卖盘
10:30:30	12.52	0.01	14	17528	买盘
10:30:27	12.51	--	75	93825	卖盘
10:30:24	12.51	--	29	36279	卖盘
10:30:18	12.51	--	46	57546	卖盘
10:30:09	12.51	-0.01	3	3753	卖盘
10:30:00	12.52	--	9	11268	买盘
10:29:54	12.52	--	16	20032	卖盘
10:29:51	12.52	--	17	21284	卖盘
10:29:48	12.52	--	94	117688	卖盘
10:29:42	12.52	--	68	85136	卖盘
10:29:36	12.52	--	49	61348	买盘
10:29:33	12.52	--	20	25040	买盘
10:29:24	12.52	-0.01	21	26292	卖盘
10:29:21	12.53	--	13	16289	买盘
10:29:18	12.53	--	36	45108	买盘
10:29:06	12.53	--	6	7518	买盘
10:29:03	12.53	--	20	25060	买盘
10:29:00	12.53	--	39	48867	卖盘
10:28:57	12.53	--	5	6265	卖盘
10:28:51	12.53	--	14	17542	卖盘
10:28:48	12.53	--	10	12530	卖盘
10:28:45	12.53	--	7	8771	卖盘
10:28:39	12.53	--	53	66409	卖盘
10:28:36	12.53	--	3	3759	卖盘
10:28:33	12.53	0.01	182	228046	买盘
10:28:30	12.52	0.01	5	6260	买盘
10:28:27	12.51	--	5	6255	卖盘
10:28:24	12.51	--	1	1251	卖盘
10:28:18	12.51	0.01	22	27522	买盘
10:28:15	12.5	--	2	2500	卖盘
10:28:12	12.5	-0.01	10	12500	卖盘
10:28:09	12.51	--	1	1251	买盘
10:28:00	12.51	0.01	4	5004	买盘
10:27:51	12.5	--	4	5000	卖盘
10:27:45	12.5	-0.01	1	1250	卖盘
10:27:42	12.51	--	108	135108	买盘
10:27:36	12.51	--	5	6255	买盘
10:27:33	12.51	--	2	2502	买盘
10:27:30	12.51	--	20	25020	中性盘
10:27:21	12.51	--	37	46287	买盘
10:27:15	12.51	--	26	32526	买盘
10:27:06	12.51	--	24	30024	卖盘
10:27:03	12.51	-0.01	75	93825	卖盘
10:27:00	12.52	0.01	7	8764	买盘
10:26:57	12.51	-0.01	21	26271	卖盘
10:26:48	12.52	--	15	18780	买盘
10:26:45	12.52	--	11	13772	买盘
10:26:39	12.52	--	17	21284	卖盘
10:26:36	12.52	--	21	26292	卖盘
10:26:33	12.52	-0.01	68	85136	卖盘
10:26:30	12.53	--	4	5012	买盘
10:26:24	12.53	--	10	12530	买盘
10:26:21	12.53	--	1	1253	卖盘
10:26:18	12.53	0.02	40	50120	买盘
10:26:15	12.51	-0.01	26	32526	卖盘
10:26:12	12.52	0.01	73	91396	买盘
10:26:09	12.51	--	27	33777	卖盘
10:26:00	12.51	--	38	47538	买盘
10:25:57	12.51	--	162	202662	买盘
10:25:54	12.51	0.01	5	6255	买盘
10:25:51	12.5	--	10	12500	卖盘
10:25:48	12.5	-0.01	21	26250	卖盘
10:25:45	12.51	0.01	23	28773	买盘
10:25:42	12.5	--	5	6250	卖盘
10:25:39	12.5	--	4	5000	卖盘
10:25:36	12.5	0.02	1169	1461250	买盘
10:25:30	12.48	--	5	6240	买盘
10:25:21	12.48	--	36	44928	买盘
10:25:15	12.48	--	5	6240	买盘
10:24:57	12.48	--	1	1248	买盘
10:24:39	12.48	--	29	36192	卖盘
10:24:30	12.48	0.03	372	464256	买盘
10:24:27	12.45	--	19	23655	卖盘
10:24:21	12.45	0.01	14	17430	买盘
10:24:15	12.44	0.01	43	53492	买盘
10:24:12	12.43	--	2	2486	卖盘
10:24:03	12.43	-0.01	4	4972	卖盘
10:23:54	12.44	--	1	1244	买盘
10:23:51	12.44	--	59	73396	卖盘
10:23:36	12.44	--	60	74640	卖盘
10:23:30	12.44	--	10	12440	卖盘
10:23:27	12.44	--	14	17416	卖盘
10:23:24	12.44	-0.01	59	73396	卖盘
10:23:21	12.45	0.01	17	21165	买盘
10:23:03	12.44	-0.01	13	16172	卖盘
10:23:00	12.45	--	11	13695	卖盘
10:22:54	12.45	--	6	7470	卖盘
10:22:48	12.45	--	4	4980	买盘
10:22:45	12.45	--	12	14940	买盘
10:22:36	12.45	--	118	146910	买盘
10:22:33	12.45	0.01	5	6225	买盘
10:22:30	12.44	-0.01	30	37320	卖盘
10:22:24	12.45	--	102	126990	买盘
10:22:09	12.45	--	2	2490	买盘
10:22:06	12.45	--	10	12450	买盘
10:22:03	12.45	--	11	13695	卖盘
10:22:00	12.45	--	64	79680	卖盘
10:21:57	12.45	-0.01	9	11205	卖盘
10:21:54	12.46	0.01	5	6230	买盘
10:21:48	12.45	--	3	3735	卖盘
10:21:45	12.45	0.01	25	31125	买盘
10:21:42	12.44	-0.01	7	8708	卖盘
10:21:30	12.45	--	13	16184	中性盘
10:21:27	12.45	--	10	12450	卖盘
10:21:24	12.45	0.01	51	63495	买盘
10:21:12	12.44	-0.01	12	14928	卖盘
10:21:09	12.45	-0.01	84	104580	卖盘
10:21:06	12.46	--	18	22428	买盘
10:20:54	12.46	--	10	12460	买盘
10:20:51	12.46	0.01	13	16198	买盘
10:20:48	12.45	--	47	58515	卖盘
10:20:45	12.45	-0.01	21	26145	卖盘
10:20:39	12.46	--	7	8722	买盘
10:20:33	12.46	--	84	104664	卖盘
10:20:30	12.46	--	20	24920	卖盘
10:20:27	12.46	--	37	46102	卖盘
10:20:24	12.46	--	27	33642	卖盘
10:20:21	12.46	0.01	14	17444	买盘
10:20:18	12.45	-0.01	9	11205	卖盘
10:20:12	12.46	--	6	7476	买盘
10:20:06	12.46	0.01	15	18690	中性盘
10:19:54	12.45	-0.01	57	70965	卖盘
10:19:48	12.46	--	7	8722	买盘
10:19:45	12.46	--	12	14952	买盘
10:19:39	12.46	0.01	1	1246	买盘
10:19:33	12.45	--	20	24900	卖盘
10:19:30	12.45	-0.01	23	28635	卖盘
10:19:27	12.46	--	47	58562	买盘
10:19:24	12.46	--	10	12460	买盘
10:19:18	12.46	--	8	9968	买盘
10:19:15	12.46	--	10	12460	买盘
10:19:03	12.46	0.01	10	12460	买盘
10:18:57	12.45	--	20	24900	卖盘
10:18:54	12.45	--	15	18675	卖盘
10:18:48	12.45	--	101	125745	买盘
10:18:45	12.45	0.03	10	12450	买盘
10:18:39	12.42	-0.03	20	24840	卖盘
10:18:33	12.45	0.03	85	105825	卖盘
10:18:30	12.42	-0.03	100	124200	卖盘
10:18:27	12.45	0.01	83	103335	买盘
10:18:24	12.44	--	14	17416	卖盘
10:18:15	12.44	--	13	16172	卖盘
10:18:12	12.44	-0.01	15	18660	卖盘
10:18:03	12.45	--	23	28635	买盘
10:18:00	12.45	0.01	10	12450	买盘
10:17:51	12.44	0.01	23	28612	买盘
10:17:45	12.43	-0.01	7	8701	卖盘
10:17:42	12.44	0.01	2	2488	买盘
10:17:39	12.43	--	23	28589	卖盘
10:17:30	12.43	-0.01	20	24860	卖盘
10:17:27	12.44	0.01	76	94544	买盘
10:17:24	12.43	0.01	11	13673	买盘
10:17:21	12.42	-0.01	10	12420	卖盘
10:17:18	12.43	--	38	47234	买盘
10:17:15	12.43	0.01	5	6215	买盘
10:17:06	12.42	--	47	58995	买盘
10:17:00	12.42	0.01	6	7452	买盘
10:16:57	12.41	0.01	402	498882	买盘
10:16:54	12.4	--	283	350920	买盘
10:16:51	12.4	--	26	32240	买盘
10:16:48	12.4	0.01	10	12400	买盘
10:16:45	12.39	-0.01	5	6195	卖盘
10:16:39	12.4	0.01	5	6200	买盘
10:16:36	12.39	-0.01	22	27258	卖盘
10:16:30	12.4	0.01	37	45880	买盘
10:16:18	12.39	--	5	6195	卖盘
10:16:09	12.39	--	20	24780	卖盘
10:16:06	12.39	--	14	17346	卖盘
10:16:03	12.39	--	85	106145	买盘
10:16:00	12.39	--	206	255234	买盘
10:15:57	12.39	0.01	35	43365	买盘
10:15:54	12.38	-0.01	19	23522	卖盘
10:15:48	12.39	0.01	30	37170	买盘
10:15:42	12.38	-0.01	14	17332	卖盘
10:15:39	12.39	--	37	45843	买盘
10:15:33	12.39	0.02	29	35931	买盘
10:15:30	12.37	-0.01	37	45769	卖盘
10:15:27	12.38	--	1	1238	买盘
10:15:24	12.38	-0.01	98	121324	卖盘
10:15:21	12.39	0.01	2	2478	买盘
10:15:15	12.38	--	23	28474	卖盘
10:15:12	12.38	-0.01	39	48282	卖盘
10:15:09	12.39	--	13	16107	买盘
10:15:00	12.39	0.01	2	2478	买盘
10:14:57	12.38	-0.01	10	12380	卖盘
10:14:54	12.39	0.01	63	78057	买盘
10:14:51	12.38	--	109	134942	卖盘
10:14:36	12.38	0.01	5	6190	买盘
10:14:33	12.37	-0.01	6	7421	卖盘
10:14:30	12.38	--	34	42092	买盘
10:14:27	12.38	0.02	10	12380	买盘
10:14:21	12.36	-0.02	102	126072	卖盘
10:14:18	12.38	--	12	14856	买盘
10:14:12	12.38	--	68	84184	买盘
10:14:09	12.38	0.02	11	13618	买盘
10:14:00	12.36	--	7	8652	买盘
10:13:57	12.36	--	113	139668	卖盘
10:13:51	12.36	-0.01	58	71688	卖盘
10:13:48	12.37	0.01	20	24740	中性盘
10:13:45	12.36	--	30	37080	卖盘
10:13:42	12.36	--	33	40788	卖盘
10:13:36	12.36	--	27	33372	卖盘
10:13:33	12.36	0.01	60	74160	卖盘
10:13:30	12.35	-0.01	510	629850	卖盘
10:13:27	12.36	--	13	16068	卖盘
10:13:24	12.36	-0.01	124	153264	卖盘
10:13:21	12.37	-0.01	5	6185	买盘
10:13:18	12.38	0.01	5	6190	买盘
10:13:12	12.37	--	8	9896	卖盘
10:13:09	12.37	-0.02	14	17318	卖盘
10:13:06	12.39	--	1	1239	买盘
10:13:03	12.39	0.01	33	40887	买盘
10:13:00	12.38	--	2	2476	买盘
10:12:57	12.38	-0.01	137	169606	卖盘
10:12:54	12.39	0.01	37	45843	买盘
10:12:48	12.38	-0.01	118	146084	卖盘
10:12:45	12.39	--	19	23541	买盘
10:12:39	12.39	--	54	66906	卖盘
10:12:36	12.39	--	9	11151	卖盘
10:12:33	12.39	0.03	3	3717	买盘
10:12:30	12.36	-0.03	1308	1616688	卖盘
10:12:27	12.39	--	6	7434	买盘
10:12:21	12.39	--	46	56994	买盘
10:12:18	12.39	-0.01	15	18585	卖盘
10:12:15	12.4	0.01	20	24800	买盘
10:12:12	12.39	--	11	13629	卖盘
10:12:06	12.39	-0.01	10	12390	卖盘
10:12:00	12.4	--	11	13640	买盘
10:11:57	12.4	0.02	3	3720	买盘
10:11:51	12.38	-0.02	22	27236	卖盘
10:11:48	12.4	--	520	644800	买盘
10:11:45	12.4	--	33	40920	买盘
10:11:42	12.4	0.01	20	24800	买盘
10:11:39	12.39	-0.01	8	9912	卖盘
10:11:36	12.4	--	37	45880	买盘
10:11:33	12.4	0.01	3	3720	买盘
10:11:30	12.39	--	10	12390	卖盘
10:11:27	12.39	-0.01	15	18585	卖盘
10:11:24	12.4	--	10	12400	买盘
10:11:21	12.4	0.01	9	11160	买盘
10:11:15	12.39	--	4	4956	卖盘
10:11:06	12.39	--	25	30975	卖盘
10:11:00	12.39	--	3	3717	卖盘
10:10:57	12.39	--	4	4956	中性盘
10:10:51	12.39	-0.01	1	1239	卖盘
10:10:45	12.4	0.01	515	638600	买盘
10:10:42	12.39	--	63	78057	卖盘
10:10:39	12.39	-0.01	96	118944	卖盘
10:10:36	12.4	--	6	7440	买盘
10:10:33	12.4	0.03	34	42160	买盘
10:10:30	12.37	-0.02	520	643240	卖盘
10:10:27	12.39	--	20	24780	卖盘
10:10:24	12.39	-0.01	30	37170	卖盘
10:10:21	12.4	0.01	5	6200	买盘
10:10:15	12.39	-0.01	45	55755	中性盘
10:10:06	12.4	0.02	13	16120	买盘
10:10:03	12.38	--	4	4952	卖盘
10:10:00	12.38	-0.01	41	50758	卖盘
10:09:57	12.39	0.01	38	47082	买盘
10:09:51	12.38	0.01	26	32188	中性盘
10:09:45	12.37	-0.03	17	21029	卖盘
10:09:42	12.4	0.02	11	13640	买盘
10:09:39	12.38	0.02	10	12380	中性盘
10:09:36	12.36	-0.02	304	375744	卖盘
10:09:18	12.38	-0.01	83	102754	卖盘
10:09:15	12.39	--	15	18585	买盘
10:09:12	12.39	--	10	12390	买盘
10:09:09	12.39	0.01	55	68145	买盘
10:09:06	12.38	-0.01	140	173320	卖盘
10:09:03	12.39	--	27	33453	买盘
10:09:00	12.39	--	5	6195	买盘
10:08:57	12.39	0.01	13	16107	买盘
10:08:54	12.38	-0.01	50	61900	卖盘
10:08:51	12.39	--	15	18585	卖盘
10:08:48	12.39	--	31	38409	卖盘
10:08:45	12.39	--	75	92925	卖盘
10:08:42	12.39	--	47	58233	卖盘
10:08:39	12.39	--	10	12390	卖盘
10:08:36	12.39	--	106	131334	卖盘
10:08:33	12.39	--	10	12390	卖盘
10:08:30	12.39	--	13	16107	卖盘
10:08:27	12.39	-0.01	40	49560	卖盘
10:08:24	12.4	-0.01	136	168801	卖盘
10:08:21	12.41	0.01	22	27302	买盘
10:08:15	12.4	--	240	297600	卖盘
10:08:12	12.4	--	46	57040	卖盘
10:08:09	12.4	--	200	248000	卖盘
10:08:06	12.4	--	14	17360	卖盘
10:08:03	12.4	--	172	213280	卖盘
10:08:00	12.4	-0.01	34	42160	卖盘
10:07:57	12.41	0.01	27	33507	买盘
10:07:51	12.4	-0.01	63	78120	卖盘
10:07:45	12.41	--	64	79424	卖盘
10:07:42	12.41	--	13	16133	卖盘
10:07:39	12.41	-0.01	72	89352	卖盘
10:07:36	12.42	0.01	29	36018	买盘
10:07:33	12.41	-0.01	22	27302	卖盘
10:07:30	12.42	0.01	18	22356	买盘
10:07:27	12.41	-0.01	15	18615	卖盘
10:07:24	12.42	--	38	47196	买盘
10:07:21	12.42	--	27	33534	买盘
10:07:18	12.42	--	10	12420	买盘
10:07:15	12.42	0.01	28	34776	买盘
10:07:12	12.41	-0.01	16	19856	卖盘
10:07:09	12.42	--	40	49680	买盘
10:07:03	12.42	--	2	2484	买盘
10:07:00	12.42	--	49	61479	卖盘
10:06:57	12.42	--	7	8694	卖盘
10:06:54	12.42	--	3	3726	卖盘
10:06:51	12.42	-0.01	205	254610	卖盘
10:06:48	12.43	0.01	69	85767	中性盘
10:06:42	12.42	--	15	18630	卖盘
10:06:39	12.42	--	186	231012	卖盘
10:06:33	12.42	--	55	68310	卖盘
10:06:30	12.42	--	34	42228	卖盘
10:06:27	12.42	--	50	62100	卖盘
10:06:24	12.42	--	2	2484	卖盘
10:06:21	12.42	--	10	12420	卖盘
10:06:12	12.42	--	3	3726	卖盘
10:06:09	12.42	-0.01	1	1242	卖盘
10:06:03	12.43	--	5	6215	买盘
10:06:00	12.43	--	109	135487	卖盘
10:05:54	12.43	0.01	26	32318	买盘
10:05:48	12.42	--	5	6210	卖盘
10:05:45	12.42	-0.02	72	89424	卖盘
10:05:42	12.44	0.01	15	18660	买盘
10:05:39	12.43	--	24	30453	买盘
10:05:36	12.43	--	5	6215	买盘
10:05:33	12.43	--	10	12430	买盘
10:05:30	12.43	--	58	72715	卖盘
10:05:27	12.43	--	10	12430	卖盘
10:05:24	12.43	--	14	17402	卖盘
10:05:18	12.43	-0.01	15	18645	卖盘
10:05:15	12.44	0.01	46	57224	买盘
10:05:09	12.43	--	207	257922	卖盘
10:05:03	12.43	-0.01	9	11187	卖盘
10:04:57	12.44	--	10	12440	买盘
10:04:54	12.44	0.01	20	24880	买盘
10:04:51	12.43	-0.01	100	124300	卖盘
10:04:48	12.44	--	12	14928	买盘
10:04:42	12.44	--	258	320952	买盘
10:04:39	12.44	0.01	5	6220	买盘
10:04:30	12.43	-0.01	15	18645	卖盘
10:04:27	12.44	0.01	10	12440	买盘
10:04:24	12.43	--	60	74580	卖盘
10:04:15	12.43	-0.01	66	82038	卖盘
10:04:12	12.44	--	20	24880	买盘
10:04:09	12.44	--	120	149280	买盘
10:04:06	12.44	0.01	24	29856	买盘
10:04:00	12.43	--	1	1243	卖盘
10:03:57	12.43	-0.01	18	22374	卖盘
10:03:54	12.44	0.01	13	16172	买盘
10:03:48	12.43	-0.01	25	31075	卖盘
10:03:45	12.44	-0.01	62	77128	卖盘
10:03:42	12.45	--	77	95865	买盘
10:03:39	12.45	--	10	12450	买盘
10:03:36	12.45	0.01	50	62250	买盘
10:03:27	12.44	-0.01	11	13684	卖盘
10:03:21	12.45	--	14	17430	买盘
10:03:15	12.45	--	20	24900	买盘
10:03:12	12.45	0.01	63	78435	买盘
10:03:06	12.44	0.01	80	99520	买盘
10:03:03	12.43	--	1	1243	卖盘
10:03:00	12.43	-0.02	36	44748	卖盘
10:02:57	12.45	0.01	14	17430	买盘
10:02:54	12.44	--	4	4976	卖盘
10:02:51	12.44	--	10	12440	卖盘
10:02:48	12.44	--	47	58468	卖盘
10:02:45	12.44	--	56	69664	买盘
10:02:42	12.44	--	210	261240	买盘
10:02:39	12.44	--	6	7464	买盘
10:02:36	12.44	--	2	2488	买盘
10:02:30	12.44	0.01	4	4976	买盘
10:02:27	12.43	-0.01	23	28589	卖盘
10:02:24	12.44	--	7	8708	买盘
10:02:21	12.44	0.01	12	14928	买盘
10:02:18	12.43	-0.01	1	1243	卖盘
10:02:15	12.44	--	9	11196	买盘
10:02:12	12.44	-0.01	36	44784	卖盘
10:02:09	12.45	0.01	204	253980	买盘
10:02:06	12.44	--	21	26124	买盘
10:02:03	12.44	--	20	24880	买盘
10:01:57	12.44	--	39	48516	买盘
10:01:54	12.44	--	25	31100	卖盘
10:01:51	12.44	--	3	3732	卖盘
10:01:48	12.44	--	20	24880	买盘
10:01:45	12.44	--	6	7464	买盘
10:01:42	12.44	--	157	195308	买盘
10:01:39	12.44	--	25	31100	买盘
10:01:36	12.44	--	31	38564	买盘
10:01:33	12.44	0.01	15	18660	买盘
10:01:27	12.43	-0.01	6	7458	卖盘
10:01:24	12.44	--	7	8708	买盘
10:01:21	12.44	0.01	11	13684	买盘
10:01:18	12.43	--	23	28589	卖盘
10:01:12	12.43	0.01	9	11187	中性盘
10:01:06	12.42	--	51	63342	卖盘
10:01:00	12.42	--	74	91908	卖盘
10:00:57	12.42	--	5	6210	卖盘
10:00:51	12.42	--	23	28566	卖盘
10:00:48	12.42	-0.01	16	19872	卖盘
10:00:45	12.43	0.01	36	44748	买盘
10:00:42	12.42	--	1	1242	卖盘
10:00:39	12.42	--	101	125442	卖盘
10:00:33	12.42	--	32	39744	买盘
10:00:30	12.42	--	48	59616	卖盘
10:00:27	12.42	0.02	4	4968	卖盘
10:00:21	12.4	-0.02	1500	1860000	卖盘
10:00:18	12.42	--	25	32130	买盘
10:00:15	12.42	--	47	58535	卖盘
10:00:12	12.42	--	27	33534	卖盘
10:00:09	12.42	--	15	18630	卖盘
10:00:03	12.42	--	77	95634	卖盘
10:00:00	12.42	--	29	37098	买盘
09:59:54	12.42	--	113	140507	卖盘
09:59:51	12.42	--	7	8694	卖盘
09:59:48	12.42	--	9	11178	卖盘
09:59:45	12.42	--	157	194994	卖盘
09:59:42	12.42	-0.01	92	114264	卖盘
09:59:39	12.43	--	51	63393	买盘
09:59:36	12.43	--	55	68365	买盘
09:59:33	12.43	--	33	41019	买盘
09:59:30	12.43	0.01	1	1243	买盘
09:59:27	12.42	-0.01	357	443394	卖盘
09:59:24	12.43	-0.01	18	22374	卖盘
09:59:21	12.44	0.01	28	34832	买盘
09:59:15	12.43	-0.01	9	11187	卖盘
09:59:12	12.44	--	23	28612	买盘
09:59:09	12.44	0.01	65	80860	买盘
09:59:06	12.43	--	17	21131	卖盘
09:59:00	12.43	-0.01	176	218768	卖盘
09:58:57	12.44	--	34	42296	买盘
09:58:51	12.44	--	134	166696	买盘
09:58:48	12.44	0.01	56	69664	买盘
09:58:42	12.43	-0.01	2	2486	卖盘
09:58:39	12.44	0.01	20	24880	买盘
09:58:36	12.43	-0.01	41	52044	卖盘
09:58:33	12.44	0.01	50	62200	买盘
09:58:30	12.43	-0.01	108	134244	卖盘
09:58:27	12.44	--	25	31100	卖盘
09:58:24	12.44	--	86	106984	卖盘
09:58:21	12.44	--	5	6220	卖盘
09:58:18	12.44	--	26	32344	卖盘
09:58:15	12.44	--	205	255020	卖盘
09:58:12	12.44	-0.01	60	74640	卖盘
09:58:03	12.45	--	148	184260	卖盘
09:58:00	12.45	--	78	97110	卖盘
09:57:57	12.45	--	1	1245	卖盘
09:57:51	12.45	--	74	92130	中性盘
09:57:45	12.45	--	11	13695	买盘
09:57:42	12.45	0.01	8	9960	买盘
09:57:39	12.44	-0.01	86	106984	卖盘
09:57:36	12.45	--	67	83415	买盘
09:57:30	12.45	--	39	48555	买盘
09:57:27	12.45	--	1	1245	买盘
09:57:21	12.45	--	11	13695	买盘
09:57:12	12.45	--	3	3735	买盘
09:57:09	12.45	--	28	34860	卖盘
09:57:06	12.45	--	10	12450	卖盘
09:57:03	12.45	--	1	1245	卖盘
09:57:00	12.45	--	38	47310	卖盘
09:56:54	12.45	--	100	124500	卖盘
09:56:51	12.45	--	30	37350	买盘
09:56:45	12.45	--	21	26145	卖盘
09:56:39	12.45	--	78	97110	卖盘
09:56:27	12.45	--	11	13695	卖盘
09:56:24	12.45	--	69	85905	卖盘
09:56:21	12.45	--	50	62250	卖盘
09:56:18	12.45	--	5	6225	卖盘
09:56:15	12.45	-0.02	1	1245	卖盘
09:56:06	12.47	0.02	120	149640	买盘
09:56:03	12.45	-0.01	14	17430	卖盘
09:56:00	12.46	--	68	84728	买盘
09:55:54	12.46	0.01	36	44856	卖盘
09:55:51	12.45	-0.01	66	82170	卖盘
09:55:48	12.46	--	47	58562	买盘
09:55:45	12.46	--	5	6230	买盘
09:55:42	12.46	--	31	38626	卖盘
09:55:36	12.46	--	10	12460	卖盘
09:55:33	12.46	--	86	107156	买盘
09:55:27	12.46	--	55	68530	买盘
09:55:24	12.46	--	8	9968	买盘
09:55:21	12.46	--	135	168210	买盘
09:55:15	12.46	--	2	2492	买盘
09:55:12	12.46	--	66	82236	卖盘
09:55:09	12.46	--	6	7476	卖盘
09:55:06	12.46	--	16	19936	卖盘
09:55:03	12.46	--	13	16198	卖盘
09:54:57	12.46	-0.02	14	17444	卖盘
09:54:54	12.48	--	36	44928	买盘
09:54:51	12.48	0.02	5	6240	买盘
09:54:39	12.46	--	18	22428	买盘
09:54:30	12.46	-0.02	187	233002	卖盘
09:54:27	12.48	--	35	43680	卖盘
09:54:24	12.48	--	33	41184	卖盘
09:54:18	12.48	--	1	1248	卖盘
09:54:15	12.48	0.02	58	72384	买盘
09:54:09	12.46	--	84	104664	卖盘
09:54:06	12.46	-0.02	10	12460	卖盘
09:54:03	12.48	0.02	14	17472	买盘
09:53:57	12.46	--	30	37380	卖盘
09:53:54	12.46	0.01	51	63546	买盘
09:53:48	12.45	-0.01	25	31125	卖盘
09:53:42	12.46	0.01	1	1246	买盘
09:53:39	12.45	-0.01	85	105825	卖盘
09:53:36	12.46	0.01	26	32396	买盘
09:53:33	12.45	-0.01	67	83415	卖盘
09:53:30	12.46	0.01	78	97188	买盘
09:53:27	12.45	-0.01	7	8715	卖盘
09:53:24	12.46	--	137	170702	卖盘
09:53:21	12.46	--	1	1246	卖盘
09:53:15	12.46	--	32	39872	卖盘
09:53:12	12.46	--	5	6230	卖盘
09:53:06	12.46	0.01	84	104664	买盘
09:53:03	12.45	-0.01	14	17430	卖盘
09:52:57	12.46	--	77	95942	买盘
09:52:54	12.46	--	5	6230	买盘
09:52:51	12.46	--	36	44856	买盘
09:52:45	12.46	0.01	8	9968	买盘
09:52:39	12.45	--	96	119520	卖盘
09:52:33	12.45	--	10	12450	卖盘
09:52:30	12.45	--	21	26145	卖盘
09:52:24	12.45	--	4	4980	卖盘
09:52:21	12.45	--	20	24900	买盘
09:52:18	12.45	0.01	32	39840	买盘
09:52:15	12.44	-0.01	70	87080	卖盘
09:52:12	12.45	0.01	23	28635	中性盘
09:52:03	12.44	-0.01	125	155500	卖盘
09:52:00	12.45	--	85	105825	卖盘
09:51:54	12.45	-0.01	46	57270	卖盘
09:51:51	12.46	0.01	510	635460	买盘
09:51:48	12.45	--	11	13695	卖盘
09:51:45	12.45	--	126	156870	卖盘
09:51:42	12.45	--	8	9960	卖盘
09:51:36	12.45	-0.01	9	11205	卖盘
09:51:30	12.46	-0.02	1	1246	中性盘
09:51:27	12.48	0.02	36	44928	买盘
09:51:18	12.46	0.01	29	36134	买盘
09:51:12	12.45	-0.01	69	85905	卖盘
09:51:09	12.46	--	5	6230	买盘
09:51:03	12.46	--	24	29904	买盘
09:51:00	12.46	--	48	59808	卖盘
09:50:57	12.46	-0.01	105	130830	卖盘
09:50:54	12.47	0.01	37	46139	买盘
09:50:51	12.46	--	86	107156	卖盘
09:50:39	12.46	-0.01	40	49840	卖盘
09:50:36	12.47	--	3	3741	买盘
09:50:33	12.47	0.01	15	18705	买盘
09:50:30	12.46	--	97	120862	卖盘
09:50:27	12.46	--	26	32396	卖盘
09:50:24	12.46	-0.01	19	23674	卖盘
09:50:21	12.47	0.01	4	4988	买盘
09:50:18	12.46	--	13	16198	卖盘
09:50:15	12.46	-0.01	28	34888	卖盘
09:50:12	12.47	--	44	54868	卖盘
09:50:09	12.47	--	15	18705	卖盘
09:49:57	12.47	-0.01	163	203261	卖盘
09:49:51	12.48	-0.01	1	1248	买盘
09:49:48	12.49	0.01	160	199840	买盘
09:49:42	12.48	-0.01	10	12480	卖盘
09:49:39	12.49	0.01	3	3747	买盘
09:49:36	12.48	--	4	4992	卖盘
09:49:27	12.48	--	5	6240	卖盘
09:49:15	12.48	-0.02	56	69888	卖盘
09:49:12	12.5	0.01	3	3750	买盘
09:49:03	12.49	--	37	46213	卖盘
09:49:00	12.49	-0.01	1	1249	卖盘
09:48:57	12.5	0.01	91	113750	买盘
09:48:54	12.49	--	72	89928	卖盘
09:48:51	12.49	--	37	46213	卖盘
09:48:45	12.49	--	30	37470	卖盘
09:48:42	12.49	0.01	289	360961	买盘
09:48:36	12.48	--	87	108576	卖盘
09:48:33	12.48	--	5	6240	卖盘
09:48:30	12.48	--	21	26208	卖盘
09:48:24	12.48	--	5	6240	卖盘
09:48:21	12.48	-0.01	13	16224	卖盘
09:48:18	12.49	0.01	37	46213	买盘
09:48:15	12.48	--	10	12480	卖盘
09:48:12	12.48	-0.01	30	37440	卖盘
09:48:09	12.49	--	20	24980	买盘
09:48:06	12.49	--	18	22482	卖盘
09:48:03	12.49	--	4	4996	卖盘
09:48:00	12.49	--	67	83683	卖盘
09:47:57	12.49	--	15	18735	卖盘
09:47:54	12.49	--	9	11241	卖盘
09:47:48	12.49	-0.01	13	16237	卖盘
09:47:45	12.5	--	10	12500	买盘
09:47:39	12.5	--	15	18750	买盘
09:47:33	12.5	--	101	126250	卖盘
09:47:27	12.5	--	15	18750	卖盘
09:47:24	12.5	--	109	136250	卖盘
09:47:15	12.5	0.01	12	15000	买盘
09:47:12	12.49	-0.01	106	132394	卖盘
09:47:09	12.5	-0.02	323	403750	卖盘
09:47:03	12.52	--	10	12520	买盘
09:47:00	12.52	0.01	36	45072	买盘
09:46:57	12.51	-0.01	56	70056	卖盘
09:46:54	12.52	--	1	1252	卖盘
09:46:51	12.52	--	12	15024	卖盘
09:46:48	12.52	--	80	100160	卖盘
09:46:45	12.52	--	14	17528	卖盘
09:46:39	12.52	--	1	1252	卖盘
09:46:36	12.52	0.01	6	7512	买盘
09:46:30	12.51	-0.01	40	50040	卖盘
09:46:27	12.52	0.01	90	112680	买盘
09:46:24	12.51	--	13	16263	买盘
09:46:21	12.51	--	65	81315	卖盘
09:46:15	12.51	--	106	132606	卖盘
09:46:09	12.51	--	7	8757	买盘
09:46:06	12.51	0.01	12	15012	买盘
09:46:03	12.5	0.01	21	26250	卖盘
09:46:00	12.49	-0.02	20	24980	卖盘
09:45:57	12.51	0.01	214	267714	买盘
09:45:51	12.5	--	37	46250	卖盘
09:45:48	12.5	0.01	32	40000	买盘
09:45:45	12.49	-0.01	97	121153	卖盘
09:45:42	12.5	-0.01	42	52500	卖盘
09:45:39	12.51	--	118	147618	买盘
09:45:33	12.51	0.01	112	140112	买盘
09:45:30	12.5	-0.01	66	82500	卖盘
09:45:27	12.51	0.01	25	31275	买盘
09:45:24	12.5	-0.01	3	3750	卖盘
09:45:21	12.51	--	6	7506	买盘
09:45:18	12.51	--	29	36279	买盘
09:45:15	12.51	0.01	20	25020	买盘
09:45:09	12.5	-0.01	9	11250	卖盘
09:45:03	12.51	--	3	3753	卖盘
09:45:00	12.51	--	45	56295	买盘
09:44:54	12.51	-0.01	5	6255	中性盘
09:44:45	12.52	0.02	11	13772	买盘
09:44:42	12.5	--	45	56250	卖盘
09:44:27	12.5	-0.01	20	25000	卖盘
09:44:24	12.51	--	34	42534	买盘
09:44:21	12.51	0.01	5	6255	买盘
09:44:09	12.5	-0.01	6	7500	卖盘
09:44:06	12.51	0.01	12	15012	买盘
09:44:03	12.5	0.01	10	12500	买盘
09:43:57	12.49	--	20	24980	卖盘
09:43:51	12.49	-0.01	164	204836	卖盘
09:43:48	12.5	--	5	6250	卖盘
09:43:42	12.5	0.01	2	2500	中性盘
09:43:36	12.49	-0.01	55	68695	卖盘
09:43:33	12.5	--	20	25000	买盘
09:43:21	12.5	-0.01	35	43750	卖盘
09:43:18	12.51	--	10	12510	卖盘
09:43:12	12.51	0.01	49	61299	买盘
09:43:06	12.5	--	10	12500	卖盘
09:43:03	12.5	--	35	43750	买盘
09:42:57	12.5	--	4	5000	买盘
09:42:54	12.5	--	49	61250	卖盘
09:42:51	12.5	-0.01	16	20000	卖盘
09:42:42	12.51	0.02	10	12510	买盘
09:42:30	12.49	--	96	119904	卖盘
09:42:27	12.49	--	73	91177	买盘
09:42:24	12.49	-0.01	15	18735	卖盘
09:42:21	12.5	0.01	11	13750	买盘
09:42:18	12.49	--	6	7494	买盘
09:42:15	12.49	-0.02	11	13739	卖盘
09:42:12	12.51	0.01	138	172638	买盘
09:42:09	12.5	--	5	6250	买盘
09:42:06	12.5	--	15	18750	买盘
09:42:03	12.5	0.01	39	48750	买盘
09:42:00	12.49	--	19	23731	卖盘
09:41:57	12.49	-0.01	20	24980	卖盘
09:41:54	12.5	-0.01	35	43750	中性盘
09:41:51	12.51	0.02	15	18765	买盘
09:41:48	12.49	-0.01	25	31225	卖盘
09:41:42	12.5	0.01	9	11250	中性盘
09:41:30	12.49	--	7	8743	卖盘
09:41:27	12.49	-0.02	192	239808	卖盘
09:41:24	12.51	--	3	3753	卖盘
09:41:21	12.51	0.01	6	7506	买盘
09:41:15	12.5	--	25	31250	卖盘
09:41:12	12.5	0.01	92	115000	买盘
09:41:09	12.49	--	10	12490	卖盘
09:41:06	12.49	0.01	30	37470	买盘
09:41:03	12.48	-0.01	52	64896	中性盘
09:41:00	12.49	0.01	47	58703	买盘
09:40:54	12.48	0.01	16	19968	买盘
09:40:51	12.47	--	2	2494	卖盘
09:40:48	12.47	--	2	2494	卖盘
09:40:45	12.47	--	206	256882	买盘
09:40:42	12.47	0.01	311	387817	买盘
09:40:39	12.46	--	16	19936	买盘
09:40:36	12.46	0.01	10	12460	买盘
09:40:27	12.45	--	55	68475	卖盘
09:40:24	12.45	--	15	18675	买盘
09:40:21	12.45	--	37	46065	买盘
09:40:18	12.45	--	23	28635	买盘
09:40:15	12.45	--	21	26145	买盘
09:40:12	12.45	--	62	77190	卖盘
09:40:09	12.45	-0.02	35	43575	卖盘
09:40:06	12.47	0.02	149	185803	买盘
09:40:03	12.45	--	39	48555	买盘
09:40:00	12.45	--	24	29880	卖盘
09:39:54	12.45	0.01	19	23655	买盘
09:39:48	12.44	--	33	41052	卖盘
09:39:45	12.44	0.01	60	74640	中性盘
09:39:39	12.43	--	43	53449	卖盘
09:39:36	12.43	-0.02	120	149160	卖盘
09:39:33	12.45	0.01	75	93375	买盘
09:39:30	12.44	0.01	10	12440	中性盘
09:39:27	12.43	-0.01	30	37290	卖盘
09:39:24	12.44	-0.01	14	17416	买盘
09:39:21	12.45	0.01	10	12450	买盘
09:39:18	12.44	0.01	59	73396	买盘
09:39:15	12.43	--	121	150403	卖盘
09:39:12	12.43	-0.01	204	253572	卖盘
09:39:09	12.44	--	58	72152	卖盘
09:39:06	12.44	-0.01	10	12440	卖盘
09:39:03	12.45	0.01	400	498000	买盘
09:39:00	12.44	--	35	43540	买盘
09:38:57	12.44	0.03	51	63444	买盘
09:38:54	12.41	-0.03	1010	1253410	卖盘
09:38:51	12.44	-0.01	44	54736	卖盘
09:38:45	12.45	0.01	32	39840	买盘
09:38:42	12.44	-0.01	63	78372	卖盘
09:38:39	12.45	0.02	155	192975	买盘
09:38:36	12.43	-0.01	53	65879	卖盘
09:38:33	12.44	0.01	25	31100	中性盘
09:38:30	12.43	-0.01	196	243628	卖盘
09:38:24	12.44	-0.01	63	78372	卖盘
09:38:21	12.45	0.01	36	44820	买盘
09:38:15	12.44	--	50	62200	卖盘
09:38:12	12.44	0.01	23	28612	卖盘
09:38:09	12.43	-0.02	90	111870	卖盘
09:38:06	12.45	0.01	71	88395	买盘
09:38:03	12.44	--	15	18660	卖盘
09:38:00	12.44	--	260	323440	买盘
09:37:57	12.44	0.01	5	6220	买盘
09:37:51	12.43	--	14	17402	卖盘
09:37:48	12.43	0.01	6	7458	买盘
09:37:45	12.42	-0.03	60	74520	卖盘
09:37:42	12.45	--	27	33615	买盘
09:37:39	12.45	0.03	72	89640	买盘
09:37:36	12.42	-0.04	31	38502	卖盘
09:37:33	12.46	--	388	483448	买盘
09:37:27	12.46	--	24	29904	买盘
09:37:24	12.46	--	351	437346	卖盘
09:37:21	12.46	--	40	49840	卖盘
09:37:18	12.46	--	114	142044	卖盘
09:37:15	12.46	--	25	31150	卖盘
09:37:12	12.46	-0.01	67	83482	卖盘
09:37:09	12.47	--	100	124700	买盘
09:37:06	12.47	--	64	79808	卖盘
09:37:03	12.47	--	66	82302	卖盘
09:37:00	12.47	-0.01	66	82302	卖盘
09:36:51	12.48	--	7	8736	买盘
09:36:48	12.48	-0.01	192	239616	卖盘
09:36:45	12.49	0.01	10	12490	买盘
09:36:39	12.48	-0.01	7	8736	卖盘
09:36:36	12.49	--	47	58703	买盘
09:36:33	12.49	--	29	36221	买盘
09:36:30	12.49	0.01	34	42466	买盘
09:36:27	12.48	-0.01	131	163488	卖盘
09:36:24	12.49	-0.01	4	4996	买盘
09:36:21	12.5	0.02	103	128750	买盘
09:36:18	12.48	-0.01	40	49920	卖盘
09:36:15	12.49	0.01	39	48711	中性盘
09:36:12	12.48	-0.01	140	174720	卖盘
09:36:09	12.49	-0.01	66	82434	卖盘
09:36:06	12.5	0.01	97	121250	买盘
09:36:03	12.49	-0.01	2	2498	卖盘
09:35:51	12.5	--	193	241250	卖盘
09:35:48	12.5	--	36	45000	卖盘
09:35:45	12.5	--	23	28750	卖盘
09:35:42	12.5	--	14	17500	卖盘
09:35:39	12.5	--	18	22500	卖盘
09:35:36	12.5	--	5	6250	卖盘
09:35:33	12.5	0.02	378	472500	买盘
09:35:27	12.48	-0.02	2	2496	卖盘
09:35:24	12.5	--	8	10000	买盘
09:35:21	12.5	--	100	125000	买盘
09:35:18	12.5	0.01	90	112500	买盘
09:35:15	12.49	--	89	111161	卖盘
09:35:12	12.49	--	84	104916	卖盘
09:35:06	12.49	-0.01	101	126149	卖盘
09:35:03	12.5	--	25	31250	买盘
09:35:00	12.5	-0.01	231	288750	卖盘
09:34:57	12.51	--	17	21267	卖盘
09:34:54	12.51	0.01	6	7506	卖盘
09:34:42	12.5	-0.01	50	62500	卖盘
09:34:39	12.51	--	1	1251	卖盘
09:34:36	12.51	--	34	42534	买盘
09:34:33	12.51	0.01	1	1251	买盘
09:34:27	12.5	--	1	1250	卖盘
09:34:24	12.5	0.01	7	8750	买盘
09:34:18	12.49	-0.01	7	8743	卖盘
09:34:15	12.5	0.01	48	60000	买盘
09:34:12	12.49	0.01	1	1249	卖盘
09:34:06	12.48	-0.01	117	146016	卖盘
09:34:03	12.49	0.01	186	232314	买盘
09:34:00	12.48	--	130	162240	卖盘
09:33:57	12.48	-0.01	49	61152	卖盘
09:33:54	12.49	--	27	33723	买盘
09:33:51	12.49	--	12	14988	买盘
09:33:48	12.49	-0.01	151	188599	卖盘
09:33:45	12.5	--	56	70000	买盘
09:33:42	12.5	0.01	30	37500	买盘
09:33:39	12.49	--	86	107414	卖盘
09:33:36	12.49	--	17	21233	卖盘
09:33:33	12.49	--	9	11241	买盘
09:33:30	12.49	0.01	53	66197	买盘
09:33:27	12.48	0.01	12	14976	卖盘
09:33:24	12.47	-0.01	70	87290	卖盘
09:33:21	12.48	--	68	84864	买盘
09:33:18	12.48	--	32	39936	买盘
09:33:15	12.48	--	117	146016	卖盘
09:33:12	12.48	--	42	52416	买盘
09:33:09	12.48	--	69	86112	卖盘
09:33:03	12.48	--	120	149760	卖盘
09:33:00	12.48	--	60	74880	卖盘
09:32:57	12.48	-0.01	29	36192	卖盘
09:32:54	12.49	--	23	28727	买盘
09:32:51	12.49	0.01	14	17486	买盘
09:32:48	12.48	0.01	39	48672	卖盘
09:32:45	12.47	-0.02	80	99760	卖盘
09:32:42	12.49	--	55	68695	卖盘
09:32:39	12.49	--	5	6245	卖盘
09:32:36	12.49	0.01	33	41217	买盘
09:32:33	12.48	--	223	278304	卖盘
09:32:24	12.48	-0.02	125	156000	卖盘
09:32:21	12.5	--	4	5000	卖盘
09:32:18	12.5	0.01	50	62500	买盘
09:32:15	12.49	--	18	22482	买盘
09:32:12	12.49	-0.01	33	41217	卖盘
09:32:09	12.5	--	146	182500	买盘
09:32:06	12.5	0.01	8	10000	买盘
09:32:03	12.49	-0.01	5	6245	卖盘
09:32:00	12.5	--	15	18750	买盘
09:31:57	12.5	--	45	56250	买盘
09:31:51	12.5	-0.01	70	87500	卖盘
09:31:48	12.51	--	4	5004	卖盘
09:31:45	12.51	--	24	30024	买盘
09:31:42	12.51	0.01	14	17514	买盘
09:31:39	12.5	-0.01	85	106250	卖盘
09:31:36	12.51	0.01	86	107586	买盘
09:31:33	12.5	-0.01	14	17500	卖盘
09:31:30	12.51	-0.01	32	40032	卖盘
09:31:27	12.52	--	18	22536	买盘
09:31:24	12.52	--	80	100160	买盘
09:31:21	12.52	-0.01	5	6260	买盘
09:31:18	12.53	--	27	33831	卖盘
09:31:15	12.53	--	3	3759	卖盘
09:31:12	12.53	--	22	27566	卖盘
09:31:09	12.53	0.01	56	70168	买盘
09:31:06	12.52	0.01	13	16276	买盘
09:31:03	12.51	-0.02	200	250200	卖盘
09:31:00	12.53	--	26	32578	卖盘
09:30:57	12.53	0.01	40	50120	中性盘
09:30:51	12.52	-0.03	25	31300	卖盘
09:30:45	12.55	--	15	18825	买盘
09:30:39	12.55	0.03	10	12550	买盘
09:30:33	12.52	-0.04	10	12520	卖盘
09:30:24	12.56	0.01	5	6280	买盘
09:30:21	12.55	--	24	30120	卖盘
09:30:18	12.55	--	9	11295	卖盘
09:30:09	12.55	-0.03	106	133030	卖盘
09:30:06	12.58	0.02	8	10064	买盘
09:30:03	12.56	-0.03	56	70336	卖盘
09:30:00	12.59	--	0	0	买盘
09:25:03	12.59	12.59	286	360074	买盘
