成交时间	成交价	价格变动	成交量(手)	成交额(元)	性质
15:00:03	8.39	--	3050	2559252	卖盘
14:57:00	8.39	--	0	0	卖盘
14:56:57	8.39	--	12	10068	卖盘
14:56:51	8.39	-0.01	36	30204	卖盘
14:56:48	8.4	--	41	34440	买盘
14:56:45	8.4	0.01	56	47040	买盘
14:56:42	8.39	--	10	8390	卖盘
14:56:36	8.39	--	8	6712	卖盘
14:56:33	8.39	--	639	536121	卖盘
14:56:30	8.39	--	22	18458	卖盘
14:56:27	8.39	-0.01	46	38594	卖盘
14:56:24	8.4	--	39	32760	买盘
14:56:21	8.4	0.01	317	266280	买盘
14:56:15	8.39	--	20	16780	卖盘
14:56:09	8.39	-0.01	10	8390	卖盘
14:56:06	8.4	--	804	675360	买盘
14:56:03	8.4	0.01	19	15960	买盘
14:56:00	8.39	--	50	41950	卖盘
14:55:57	8.39	--	53	44467	卖盘
14:55:54	8.39	--	28	23492	卖盘
14:55:51	8.39	--	177	149039	买盘
14:55:45	8.39	--	20	16780	买盘
14:55:42	8.39	--	73	61247	买盘
14:55:36	8.39	--	4	3356	买盘
14:55:33	8.39	--	6	5034	买盘
14:55:30	8.39	--	66	55374	买盘
14:55:24	8.39	--	27	22653	买盘
14:55:15	8.39	--	5	4195	买盘
14:55:12	8.39	--	30	25170	买盘
14:55:09	8.39	--	6	5034	买盘
14:55:06	8.39	--	425	356877	卖盘
14:55:03	8.39	-0.01	33	27687	卖盘
14:54:57	8.4	--	2	1680	买盘
14:54:54	8.4	0.01	39	32760	买盘
14:54:42	8.39	-0.01	2	1678	卖盘
14:54:39	8.4	0.01	1	840	买盘
14:54:36	8.39	--	14	11746	卖盘
14:54:27	8.39	--	163	137293	买盘
14:54:24	8.39	--	35	29365	买盘
14:54:21	8.39	--	21	17619	买盘
14:54:18	8.39	--	6	5034	买盘
14:54:15	8.39	--	11	9229	买盘
14:54:12	8.39	--	19	15941	买盘
14:54:09	8.39	--	9	7551	买盘
14:54:06	8.39	-0.01	2752	2309230	卖盘
14:54:03	8.4	--	127	106680	买盘
14:54:00	8.4	--	50	42000	买盘
14:53:57	8.4	0.01	12	10080	买盘
14:53:54	8.39	-0.01	39	32721	卖盘
14:53:51	8.4	--	50	42000	买盘
14:53:48	8.4	--	300	252000	买盘
14:53:45	8.4	--	16	13440	买盘
14:53:36	8.4	--	21	17640	买盘
14:53:33	8.4	0.01	117	98280	买盘
14:53:27	8.39	-0.01	14	11746	卖盘
14:53:24	8.4	0.01	36	30240	买盘
14:53:18	8.39	-0.01	50	41950	卖盘
14:53:15	8.4	0.01	74	62160	买盘
14:53:12	8.39	-0.01	60	50340	卖盘
14:53:09	8.4	--	11	9240	买盘
14:53:03	8.4	--	22	18480	买盘
14:52:54	8.4	0.01	30	25200	买盘
14:52:51	8.39	--	24	20136	卖盘
14:52:45	8.39	-0.01	6	5034	卖盘
14:52:42	8.4	0.01	36	30240	买盘
14:52:33	8.39	-0.01	2	1678	卖盘
14:52:18	8.4	0.01	9	7560	买盘
14:52:15	8.39	-0.01	1	839	卖盘
14:52:12	8.4	0.01	78	65520	买盘
14:52:09	8.39	--	1	839	卖盘
14:52:06	8.39	-0.01	6	5034	卖盘
14:52:03	8.4	0.01	17	14280	买盘
14:51:54	8.39	--	49	41111	卖盘
14:51:39	8.39	--	3	2517	卖盘
14:51:36	8.39	--	2	1678	卖盘
14:51:33	8.39	--	43	36077	卖盘
14:51:30	8.39	--	1	839	卖盘
14:51:27	8.39	--	11	9229	卖盘
14:51:15	8.39	--	5	4195	卖盘
14:51:12	8.39	--	4	3356	卖盘
14:51:09	8.39	-0.01	16	13424	卖盘
14:51:06	8.4	0.01	100	84000	买盘
14:51:00	8.39	--	20	16780	卖盘
14:50:54	8.39	-0.01	15	12585	卖盘
14:50:51	8.4	0.01	27	23217	买盘
14:50:48	8.39	--	683	573339	卖盘
14:50:45	8.39	--	10	8390	卖盘
14:50:36	8.39	-0.01	2	1678	卖盘
14:50:27	8.4	0.01	15	12600	买盘
14:50:15	8.39	--	12	10068	卖盘
14:50:12	8.39	--	10	8390	卖盘
14:50:06	8.39	-0.01	10	8390	卖盘
14:50:00	8.4	--	10	8400	买盘
14:49:57	8.4	0.01	20	16800	买盘
14:49:54	8.39	--	10	8390	卖盘
14:49:51	8.39	--	4	3356	卖盘
14:49:45	8.39	--	7	5873	卖盘
14:49:42	8.39	-0.01	91	76349	卖盘
14:49:33	8.4	--	5	4200	买盘
14:49:24	8.4	0.01	7	5880	买盘
14:49:21	8.39	--	10	8390	卖盘
14:49:15	8.39	--	9	7551	卖盘
14:49:06	8.39	--	2817	2363999	买盘
14:49:03	8.39	--	11	9229	买盘
14:48:57	8.39	--	34	28526	买盘
14:48:51	8.39	--	3	2517	买盘
14:48:48	8.39	--	129	108231	买盘
14:48:39	8.39	0.01	20	16780	买盘
14:48:33	8.38	-0.01	4	3352	卖盘
14:48:24	8.39	--	10	8390	买盘
14:48:12	8.39	0.01	55	46145	买盘
14:48:06	8.38	-0.01	10	8380	卖盘
14:48:03	8.39	--	5	4195	买盘
14:47:57	8.39	--	20	16780	买盘
14:47:54	8.39	--	30	25170	买盘
14:47:48	8.39	--	17	14263	买盘
14:47:45	8.39	--	10	8390	买盘
14:47:33	8.39	--	20	16780	买盘
14:47:30	8.39	--	11	9229	买盘
14:47:24	8.39	--	315	264285	买盘
14:47:18	8.39	--	1	839	买盘
14:47:12	8.39	--	11	9229	买盘
14:47:06	8.39	--	702	589280	卖盘
14:47:00	8.39	--	5	4195	卖盘
14:46:57	8.39	-0.01	10	8390	卖盘
14:46:51	8.4	--	20	16800	买盘
14:46:48	8.4	0.01	2	1680	买盘
14:46:36	8.39	-0.01	157	131723	卖盘
14:46:24	8.4	0.01	13	10920	买盘
14:46:21	8.39	--	12	10068	卖盘
14:46:15	8.39	--	97	81383	卖盘
14:46:12	8.39	-0.01	6	5034	卖盘
14:46:09	8.4	--	210	176400	买盘
14:46:00	8.4	--	3	2520	买盘
14:45:51	8.4	0.01	200	168000	买盘
14:45:36	8.39	-0.01	30	25170	卖盘
14:45:33	8.4	--	2	1680	买盘
14:45:27	8.4	0.01	1	840	买盘
14:45:24	8.39	--	26	21814	卖盘
14:45:18	8.39	-0.01	638	535282	卖盘
14:45:03	8.4	--	5	4200	买盘
14:45:00	8.4	--	8	6720	买盘
14:44:57	8.4	0.01	127	106680	买盘
14:44:45	8.39	-0.01	1	839	卖盘
14:44:39	8.4	0.01	120	100800	买盘
14:44:36	8.39	--	33	27687	卖盘
14:44:30	8.39	-0.01	32	26848	卖盘
14:44:18	8.4	0.01	30	25200	买盘
14:44:12	8.39	-0.01	18	15102	卖盘
14:44:00	8.4	0.01	1	840	买盘
14:43:51	8.39	--	1	839	卖盘
14:43:45	8.39	--	200	167800	卖盘
14:43:33	8.39	--	538	451382	卖盘
14:43:30	8.39	--	50	41950	卖盘
14:43:06	8.39	-0.01	2	1678	卖盘
14:43:03	8.4	--	30	25200	买盘
14:42:51	8.4	--	20	16800	买盘
14:42:42	8.4	--	10	8400	买盘
14:42:33	8.4	0.01	22	18480	买盘
14:42:27	8.39	--	4	3356	卖盘
14:42:09	8.39	-0.01	50	41950	卖盘
14:42:03	8.4	--	47	39480	买盘
14:42:00	8.4	--	5	4200	买盘
14:41:39	8.4	--	11	9240	买盘
14:41:27	8.4	--	5	4200	买盘
14:41:24	8.4	--	3	2520	买盘
14:41:09	8.4	--	79	66360	卖盘
14:40:54	8.4	--	59	49560	买盘
14:40:48	8.4	--	2	1680	买盘
14:40:39	8.4	--	39	32760	卖盘
14:40:36	8.4	--	30	25200	卖盘
14:40:33	8.4	--	29	24360	卖盘
14:40:30	8.4	--	50	42000	卖盘
14:40:24	8.4	--	4	3360	卖盘
14:40:21	8.4	--	58	48720	买盘
14:40:18	8.4	--	10	8400	买盘
14:40:12	8.4	--	31	26040	买盘
14:40:03	8.4	--	347	291480	卖盘
14:39:36	8.4	--	305	256200	买盘
14:39:30	8.4	--	20	16800	买盘
14:39:21	8.4	--	98	82320	买盘
14:39:12	8.4	--	10	8400	买盘
14:39:00	8.4	0.01	10	8400	买盘
14:38:57	8.39	-0.01	11	9229	卖盘
14:38:48	8.4	--	5	4200	买盘
14:38:45	8.4	--	27	22680	买盘
14:38:42	8.4	--	6	5040	买盘
14:38:39	8.4	--	57	47880	买盘
14:38:30	8.4	--	40	33600	买盘
14:38:21	8.4	--	124	104160	买盘
14:38:12	8.4	--	20	16800	买盘
14:38:03	8.4	--	10	8400	买盘
14:38:00	8.4	--	10	8400	买盘
14:37:48	8.4	--	2	1680	买盘
14:37:45	8.4	--	403	338520	买盘
14:37:42	8.4	0.01	10	8400	买盘
14:37:39	8.39	-0.01	9	7551	卖盘
14:37:27	8.4	--	2	1680	卖盘
14:37:24	8.4	--	15	12600	卖盘
14:37:21	8.4	--	14	11760	卖盘
14:37:18	8.4	--	26	21840	卖盘
14:37:15	8.4	--	7	5880	卖盘
14:37:12	8.4	--	116	97440	买盘
14:37:09	8.4	--	10	8400	买盘
14:37:06	8.4	0.01	30	25200	买盘
14:36:45	8.39	--	2	1678	卖盘
14:36:27	8.39	-0.01	10	8390	卖盘
14:36:24	8.4	--	10	8400	买盘
14:36:21	8.4	0.01	4	3360	中性盘
14:36:15	8.39	-0.01	4	3356	卖盘
14:36:12	8.4	--	15	12600	卖盘
14:36:09	8.4	--	96	81177	买盘
14:35:54	8.4	--	28	23822	卖盘
14:35:48	8.4	--	6	5040	卖盘
14:35:45	8.4	--	2800	2352000	卖盘
14:35:39	8.4	-0.01	32	26880	卖盘
14:35:33	8.41	0.01	20	16820	买盘
14:35:27	8.4	--	10	8400	卖盘
14:35:24	8.4	--	101	84840	卖盘
14:35:21	8.4	-0.01	1	840	卖盘
14:35:15	8.41	--	12	10092	买盘
14:35:03	8.41	--	20	16820	买盘
14:35:00	8.41	--	16	13456	买盘
14:34:57	8.41	0.01	5	4205	买盘
14:34:54	8.4	-0.01	10	8400	卖盘
14:34:48	8.41	0.01	20	16820	买盘
14:34:42	8.4	-0.01	10	8400	卖盘
14:34:36	8.41	--	2	1682	买盘
14:34:24	8.41	0.01	64	53824	买盘
14:34:18	8.4	--	30	25200	卖盘
14:34:03	8.4	--	45	37800	卖盘
14:34:00	8.4	--	33	27720	卖盘
14:33:57	8.4	--	10	8400	卖盘
14:33:51	8.4	-0.01	70	58800	卖盘
14:33:48	8.41	0.01	20	16820	买盘
14:33:33	8.4	-0.01	10	8400	卖盘
14:33:30	8.41	--	6	5046	买盘
14:33:27	8.41	0.01	31	26071	买盘
14:33:24	8.4	-0.01	270	226800	卖盘
14:33:18	8.41	--	108	90828	买盘
14:33:06	8.41	--	3	2523	买盘
14:32:42	8.41	--	6	5046	买盘
14:32:15	8.41	--	10	8410	买盘
14:32:03	8.41	--	10	8410	买盘
14:31:57	8.41	0.01	28	23548	买盘
14:31:54	8.4	-0.01	53	44520	卖盘
14:31:51	8.41	--	5	4205	买盘
14:31:39	8.41	0.01	33	27753	买盘
14:31:36	8.4	-0.01	3	2520	卖盘
14:31:18	8.41	0.01	23	19343	买盘
14:31:09	8.4	-0.01	27	22680	卖盘
14:31:00	8.41	--	22	18502	买盘
14:30:54	8.41	--	49	41209	买盘
14:30:33	8.41	--	100	84100	买盘
14:30:24	8.41	0.01	50	42050	买盘
14:30:21	8.4	-0.01	25	21000	卖盘
14:30:06	8.41	0.01	20	16820	买盘
14:30:00	8.4	-0.01	112	94080	卖盘
14:29:51	8.41	0.01	30	25230	买盘
14:29:45	8.4	-0.01	40	33600	卖盘
14:29:42	8.41	--	10	8410	买盘
14:29:36	8.41	0.01	73	61393	买盘
14:29:30	8.4	-0.01	1	840	卖盘
14:29:18	8.41	--	22	18502	买盘
14:29:15	8.41	0.01	40	33640	买盘
14:29:12	8.4	-0.01	15	12600	卖盘
14:28:54	8.41	--	100	84100	买盘
14:28:48	8.41	0.01	5	4205	买盘
14:28:42	8.4	-0.01	3	2520	卖盘
14:28:39	8.41	--	7	5887	买盘
14:28:33	8.41	--	20	16820	买盘
14:28:21	8.41	--	34	28594	买盘
14:28:18	8.41	--	35	29435	买盘
14:28:12	8.41	--	30	25230	买盘
14:27:42	8.41	--	2	1682	买盘
14:27:27	8.41	--	10	8410	买盘
14:27:09	8.41	--	40	33640	买盘
14:27:03	8.41	-0.01	1040	874640	卖盘
14:26:54	8.42	0.01	14	11788	买盘
14:26:51	8.41	--	35	29435	卖盘
14:26:39	8.41	-0.01	29	24389	卖盘
14:26:27	8.42	--	25	21050	买盘
14:26:15	8.42	0.01	10	8420	买盘
14:26:06	8.41	-0.01	3	2523	卖盘
14:25:48	8.42	--	10	8420	买盘
14:25:27	8.42	--	5	4210	买盘
14:25:24	8.42	--	104	87568	买盘
14:25:12	8.42	0.01	50	42100	买盘
14:25:00	8.41	--	10	8410	卖盘
14:24:45	8.41	-0.01	31	26071	卖盘
14:24:39	8.42	--	11	9262	买盘
14:24:36	8.42	--	23	19366	买盘
14:24:21	8.42	0.01	24	20208	买盘
14:24:15	8.41	--	170	142970	卖盘
14:24:12	8.41	--	16	13456	卖盘
14:24:03	8.41	-0.01	34	28594	卖盘
14:23:42	8.42	--	17	14314	买盘
14:23:36	8.42	0.01	25	21050	买盘
14:23:33	8.41	--	28	23548	卖盘
14:23:30	8.41	-0.01	23	19343	卖盘
14:23:18	8.42	--	2	1684	买盘
14:23:12	8.42	--	10	8420	买盘
14:22:54	8.42	--	1	842	买盘
14:22:48	8.42	--	214	180188	买盘
14:22:42	8.42	--	10	8420	买盘
14:22:30	8.42	--	10	8420	买盘
14:22:27	8.42	--	75	63150	买盘
14:22:24	8.42	--	20	16840	买盘
14:22:21	8.42	--	5	4210	买盘
14:22:18	8.42	--	20	16840	买盘
14:22:15	8.42	--	10	8420	买盘
14:22:06	8.42	--	6	5052	买盘
14:22:03	8.42	--	60	50520	买盘
14:22:00	8.42	--	3	2526	买盘
14:21:51	8.42	0.01	5	4210	买盘
14:21:12	8.41	--	71	59711	卖盘
14:21:09	8.41	--	57	47937	卖盘
14:21:03	8.41	-0.01	12	10092	卖盘
14:20:57	8.42	0.01	11	9262	买盘
14:20:54	8.41	-0.01	30	25230	卖盘
14:20:45	8.42	--	1	842	买盘
14:20:09	8.42	0.01	1	842	买盘
14:20:06	8.41	--	40	33640	卖盘
14:20:03	8.41	-0.01	46	38686	卖盘
14:19:57	8.42	--	100	84200	买盘
14:19:54	8.42	--	1	842	买盘
14:19:48	8.42	--	20	16840	买盘
14:19:39	8.42	--	68	57256	买盘
14:19:30	8.42	--	20	16840	买盘
14:19:27	8.42	--	10	8420	买盘
14:19:12	8.42	--	50	42100	买盘
14:19:06	8.42	--	5	4210	买盘
14:19:00	8.42	--	1000	842000	买盘
14:18:54	8.42	--	2	1684	买盘
14:18:51	8.42	0.01	36	30312	买盘
14:18:36	8.41	-0.01	33	27753	卖盘
14:18:33	8.42	--	32	26944	买盘
14:18:30	8.42	--	10	8420	买盘
14:18:27	8.42	--	42	35364	买盘
14:18:21	8.42	--	5	4210	买盘
14:18:15	8.42	--	10	8420	买盘
14:18:06	8.42	0.01	20	16840	买盘
14:17:57	8.41	--	10	8410	买盘
14:17:54	8.41	--	10	8410	买盘
14:17:51	8.41	--	1003	843523	买盘
14:17:48	8.41	0.01	177	148857	买盘
14:17:36	8.4	--	31	26040	卖盘
14:17:24	8.4	--	5	4200	卖盘
14:17:06	8.4	-0.01	10	8400	卖盘
14:16:54	8.41	--	10	8410	买盘
14:16:51	8.41	--	2	1682	买盘
14:16:48	8.41	--	30	25230	买盘
14:16:42	8.41	0.01	10	8410	买盘
14:16:36	8.4	-0.01	3	2520	卖盘
14:16:30	8.41	--	10	8410	买盘
14:16:27	8.41	--	20	16820	买盘
14:16:24	8.41	--	85	71485	买盘
14:16:09	8.41	0.01	1	841	买盘
14:16:06	8.4	-0.01	9	7560	卖盘
14:16:03	8.41	--	2	1682	买盘
14:16:00	8.41	--	2	1682	买盘
14:15:57	8.41	--	1	841	买盘
14:15:51	8.41	0.01	74	62234	买盘
14:15:42	8.4	--	50	42000	卖盘
14:15:39	8.4	--	303	255057	买盘
14:15:36	8.4	--	6	5040	买盘
14:15:33	8.4	--	64	53760	买盘
14:15:30	8.4	--	576	483840	买盘
14:15:27	8.4	0.01	35	29400	买盘
14:15:24	8.39	-0.01	4	3356	卖盘
14:15:21	8.4	--	615	516600	买盘
14:15:18	8.4	--	55	46200	买盘
14:15:15	8.4	--	251	210840	买盘
14:15:03	8.4	--	3	2520	买盘
14:15:00	8.4	--	11	9240	买盘
14:14:57	8.4	--	20	16800	买盘
14:14:51	8.4	--	49	41160	买盘
14:14:48	8.4	--	2	1680	买盘
14:14:45	8.4	0.01	45	37800	买盘
14:14:42	8.39	-0.01	179	150181	卖盘
14:14:39	8.4	--	5	4200	买盘
14:14:33	8.4	0.01	100	84000	买盘
14:14:21	8.39	-0.01	6	5034	卖盘
14:14:15	8.4	0.01	1	840	买盘
14:14:12	8.39	-0.01	100	83900	卖盘
14:14:09	8.4	--	19	15960	买盘
14:14:03	8.4	--	51	42840	买盘
14:13:54	8.4	--	2	1680	买盘
14:13:48	8.4	--	100	84000	买盘
14:13:39	8.4	--	4	3360	买盘
14:13:33	8.4	--	5	4200	买盘
14:13:06	8.4	0.01	10	8400	买盘
14:13:00	8.39	--	2	1678	卖盘
14:12:48	8.39	--	2	1678	卖盘
14:12:03	8.39	-0.01	30	25170	卖盘
14:11:21	8.4	--	9	7560	买盘
14:11:12	8.4	--	58	48720	买盘
14:10:48	8.4	0.01	13	10920	买盘
14:10:30	8.39	-0.01	50	41950	卖盘
14:10:27	8.4	0.01	2	1680	买盘
14:10:18	8.39	--	7	5873	卖盘
14:10:09	8.39	--	64	53696	卖盘
14:10:06	8.39	--	111	93129	卖盘
14:09:54	8.39	--	4	3356	卖盘
14:09:42	8.39	-0.01	31	26009	卖盘
14:09:36	8.4	0.01	10	8400	买盘
14:09:24	8.39	--	300	251700	卖盘
14:09:18	8.39	-0.01	5	4195	卖盘
14:08:54	8.4	--	7	5880	买盘
14:08:45	8.4	0.01	3	2520	买盘
14:08:42	8.39	-0.01	30	25170	卖盘
14:08:18	8.4	0.01	15	12600	买盘
14:08:12	8.39	-0.01	2	1678	卖盘
14:08:06	8.4	--	1	840	买盘
14:08:00	8.4	--	10	8400	买盘
14:07:33	8.4	--	901	756840	卖盘
14:07:18	8.4	-0.01	5	4200	卖盘
14:07:06	8.41	0.01	5	4205	买盘
14:07:03	8.4	--	1	840	卖盘
14:06:57	8.4	--	10	8400	卖盘
14:06:45	8.4	-0.01	40	33600	卖盘
14:06:30	8.41	--	10	8410	买盘
14:06:12	8.41	--	21	17661	买盘
14:06:09	8.41	--	1	841	买盘
14:05:54	8.41	--	20	16820	买盘
14:05:42	8.41	--	1	841	买盘
14:05:39	8.41	--	161	135401	卖盘
14:05:30	8.41	--	10	8410	卖盘
14:05:24	8.41	--	53	44573	卖盘
14:04:57	8.41	--	20	16820	卖盘
14:04:51	8.41	--	16	13456	卖盘
14:04:48	8.41	--	100	84100	卖盘
14:04:45	8.41	--	30	25230	卖盘
14:04:33	8.41	--	50	42050	卖盘
14:04:27	8.41	--	6	5046	卖盘
14:04:24	8.41	--	37	31117	卖盘
14:04:06	8.41	--	157	132037	买盘
14:04:00	8.41	--	100	84100	买盘
14:03:42	8.41	0.01	82	68962	买盘
14:03:39	8.4	--	4	3360	卖盘
14:03:18	8.4	-0.01	6	5040	卖盘
14:03:12	8.41	0.01	40	33640	买盘
14:02:42	8.4	--	25	21000	买盘
14:02:36	8.4	--	530	445200	买盘
14:02:27	8.4	--	100	84000	买盘
14:02:24	8.4	--	50	42000	买盘
14:02:18	8.4	--	1	840	买盘
14:02:15	8.4	--	23	19320	买盘
14:02:09	8.4	0.01	680	571200	买盘
14:02:06	8.39	--	19	15941	卖盘
14:01:48	8.39	-0.01	4	3356	卖盘
14:01:45	8.4	--	50	42000	买盘
14:01:39	8.4	0.01	56	47040	买盘
14:01:09	8.39	-0.01	35	29365	卖盘
14:01:06	8.4	0.01	10	8400	买盘
14:01:03	8.39	-0.01	2	1678	卖盘
14:00:57	8.4	--	2	1680	买盘
14:00:54	8.4	--	10	8400	买盘
14:00:39	8.4	0.01	9	7560	买盘
14:00:33	8.39	-0.01	49	41111	卖盘
14:00:27	8.4	--	10	8400	买盘
14:00:21	8.4	--	1	840	买盘
14:00:06	8.4	--	451	378840	买盘
13:59:57	8.4	0.01	2	1680	买盘
13:59:42	8.39	-0.01	17	14263	卖盘
13:59:18	8.4	0.01	15	12600	买盘
13:58:48	8.39	-0.01	3	2517	卖盘
13:58:36	8.4	--	8	6720	买盘
13:58:24	8.4	--	7	5880	买盘
13:58:21	8.4	0.01	20	16800	买盘
13:58:00	8.39	0.01	73	61247	买盘
13:57:57	8.38	-0.01	15	12570	卖盘
13:57:51	8.39	--	8	6712	买盘
13:57:48	8.39	--	5	4195	买盘
13:57:45	8.39	--	50	41950	买盘
13:57:39	8.39	--	19	15941	买盘
13:57:24	8.39	--	38	31882	买盘
13:57:21	8.39	--	19	15941	卖盘
13:57:09	8.39	--	10	8390	卖盘
13:57:00	8.39	-0.01	25	20975	卖盘
13:56:57	8.4	--	6	5040	买盘
13:56:33	8.4	0.02	5	4200	买盘
13:56:15	8.38	-0.01	100	83800	卖盘
13:56:12	8.39	--	4	3356	卖盘
13:56:03	8.39	--	26	21814	买盘
13:56:00	8.39	--	51	42789	买盘
13:55:57	8.39	--	56	46984	买盘
13:55:42	8.39	--	1	839	买盘
13:55:36	8.39	--	1	839	买盘
13:55:33	8.39	--	11	9229	买盘
13:55:30	8.39	--	10	8390	买盘
13:55:03	8.39	--	2	1678	买盘
13:54:51	8.39	--	5	4195	买盘
13:54:33	8.39	--	80	67120	卖盘
13:54:18	8.39	--	6	5034	卖盘
13:54:15	8.39	--	10	8390	卖盘
13:54:03	8.39	--	19	15941	买盘
13:53:30	8.39	-0.01	1	839	卖盘
13:53:24	8.4	0.01	109	91560	买盘
13:53:12	8.39	--	1	839	买盘
13:53:09	8.39	--	5	4195	买盘
13:53:03	8.39	0.01	4	3356	买盘
13:52:57	8.38	-0.01	20	16760	卖盘
13:52:54	8.39	--	18	15102	买盘
13:52:45	8.39	--	5	4195	卖盘
13:52:42	8.39	--	30	25170	卖盘
13:52:30	8.39	-0.01	200	167800	卖盘
13:52:18	8.4	--	2	1680	买盘
13:52:03	8.4	--	2	1680	买盘
13:51:42	8.4	0.01	5	4200	买盘
13:51:39	8.39	--	29	24331	卖盘
13:51:30	8.39	--	19	15941	卖盘
13:51:12	8.39	--	1	839	卖盘
13:51:06	8.39	-0.01	203	170317	卖盘
13:51:03	8.4	0.01	17	14280	买盘
13:50:57	8.39	--	1	839	卖盘
13:50:54	8.39	--	7	5873	卖盘
13:50:45	8.39	--	6	5034	卖盘
13:50:06	8.39	--	10	8390	卖盘
13:50:00	8.39	--	10	8390	卖盘
13:49:57	8.39	--	20	16780	卖盘
13:49:54	8.39	--	2	1678	卖盘
13:49:48	8.39	--	16	13424	卖盘
13:49:24	8.39	--	20	16780	卖盘
13:49:18	8.39	--	50	41950	卖盘
13:49:15	8.39	--	1	839	卖盘
13:48:39	8.39	--	76	63764	买盘
13:48:27	8.39	--	1	839	买盘
13:48:21	8.39	0.01	9	7551	买盘
13:48:18	8.38	--	30	25140	卖盘
13:47:42	8.38	--	1	838	卖盘
13:47:39	8.38	-0.01	12	10056	卖盘
13:47:33	8.39	--	53	44467	买盘
13:47:18	8.39	--	184	154376	买盘
13:47:06	8.39	--	1	839	买盘
13:46:51	8.39	--	4	3356	买盘
13:46:39	8.39	--	13	10907	买盘
13:46:33	8.39	0.01	10	8390	买盘
13:46:27	8.38	-0.01	20	16760	卖盘
13:46:06	8.39	0.01	10	8390	买盘
13:45:51	8.38	-0.01	10	8380	卖盘
13:45:48	8.39	--	120	100680	买盘
13:45:45	8.39	--	20	16780	买盘
13:45:42	8.39	--	24	20136	买盘
13:45:36	8.39	0.01	10	8390	买盘
13:45:30	8.38	-0.01	1	838	卖盘
13:45:15	8.39	0.01	10	8390	买盘
13:45:09	8.38	-0.01	19	15922	卖盘
13:44:42	8.39	0.01	9	7551	买盘
13:44:39	8.38	-0.01	4	3352	卖盘
13:44:36	8.39	--	41	34399	买盘
13:44:09	8.39	0.01	10	8390	买盘
13:44:06	8.38	-0.01	1	838	卖盘
13:43:39	8.39	--	37	31043	卖盘
13:43:30	8.39	--	105	88095	卖盘
13:43:12	8.39	--	10	8390	卖盘
13:42:48	8.39	--	20	16780	卖盘
13:42:45	8.39	--	45	37755	卖盘
13:42:42	8.39	--	10	8390	卖盘
13:42:27	8.39	--	1	839	卖盘
13:42:24	8.39	--	174	145986	买盘
13:42:21	8.39	--	1	839	买盘
13:42:18	8.39	--	16	13424	买盘
13:42:12	8.39	0.01	1	839	买盘
13:42:09	8.38	--	2	1676	卖盘
13:41:57	8.38	--	7	5866	卖盘
13:41:45	8.38	-0.01	68	56984	卖盘
13:41:33	8.39	0.01	55	46145	买盘
13:41:27	8.38	-0.01	20	16760	卖盘
13:41:12	8.39	--	37	31043	买盘
13:41:00	8.39	--	20	16780	买盘
13:40:57	8.39	-0.01	67	56213	中性盘
13:40:39	8.4	0.02	6	5040	买盘
13:40:27	8.38	-0.02	3799	3183562	卖盘
13:40:15	8.4	--	2	1680	买盘
13:40:03	8.4	--	84	70560	买盘
13:39:57	8.4	--	2	1680	买盘
13:39:54	8.4	0.01	100	84000	买盘
13:39:36	8.39	-0.01	22	18458	卖盘
13:39:33	8.4	0.01	220	184800	买盘
13:39:30	8.39	-0.01	65	54535	卖盘
13:39:24	8.4	--	211	177240	买盘
13:39:18	8.4	--	2	1680	买盘
13:39:15	8.4	--	9	7560	买盘
13:39:09	8.4	0.01	200	168000	买盘
13:39:06	8.39	-0.01	8	6712	卖盘
13:38:57	8.4	--	5	4200	买盘
13:38:45	8.4	--	150	126000	买盘
13:38:21	8.4	0.01	5	4200	买盘
13:38:15	8.39	-0.01	12	10068	卖盘
13:38:09	8.4	--	201	168840	买盘
13:38:00	8.4	-0.01	163	136920	卖盘
13:37:48	8.41	--	6	5046	买盘
13:37:36	8.41	0.01	9	7569	买盘
13:37:33	8.4	--	1	840	卖盘
13:37:30	8.4	-0.01	5	4200	卖盘
13:37:18	8.41	--	32	26912	买盘
13:37:06	8.41	--	2	1682	买盘
13:36:51	8.41	0.01	20	16820	买盘
13:36:24	8.4	--	2	1680	卖盘
13:35:54	8.4	--	114	95760	买盘
13:35:36	8.4	--	10	8400	买盘
13:35:21	8.4	0.01	5	4200	买盘
13:35:12	8.39	-0.01	55	46145	卖盘
13:35:09	8.4	--	20	16800	买盘
13:35:06	8.4	--	9	7560	买盘
13:35:00	8.4	--	6	5040	买盘
13:34:48	8.4	-0.01	424	356160	卖盘
13:34:42	8.41	--	68	57188	买盘
13:34:39	8.41	--	20	16820	买盘
13:34:27	8.41	--	7	5887	买盘
13:34:24	8.41	0.01	25	21025	买盘
13:34:15	8.4	--	6	5040	卖盘
13:33:33	8.4	--	1	840	卖盘
13:33:30	8.4	--	5	4200	卖盘
13:33:00	8.4	--	20	16800	卖盘
13:32:51	8.4	--	28	23520	卖盘
13:32:03	8.4	--	151	126840	卖盘
13:32:00	8.4	--	5	4200	卖盘
13:31:33	8.4	--	16	13440	卖盘
13:31:30	8.4	-0.01	116	97440	卖盘
13:31:24	8.41	0.01	18	15138	买盘
13:31:12	8.4	--	5	4200	卖盘
13:31:06	8.4	-0.01	12	10080	卖盘
13:30:30	8.41	--	28	23548	卖盘
13:30:18	8.41	--	134	112694	卖盘
13:29:51	8.41	--	42	35322	卖盘
13:29:42	8.41	--	20	16820	卖盘
13:29:33	8.41	--	76	63916	卖盘
13:29:21	8.41	--	50	42050	卖盘
13:29:06	8.41	--	10	8410	卖盘
13:28:33	8.41	-0.01	12	10092	卖盘
13:28:27	8.42	--	3	2526	买盘
13:28:06	8.42	--	28	23576	买盘
13:27:45	8.42	--	1	842	买盘
13:27:42	8.42	--	5	4210	买盘
13:27:27	8.42	--	20	16840	买盘
13:27:24	8.42	--	8	6736	买盘
13:26:57	8.42	--	20	16840	买盘
13:26:54	8.42	0.01	10	8420	买盘
13:26:51	8.41	--	5	4205	卖盘
13:26:42	8.41	--	17	14297	卖盘
13:26:24	8.41	--	3	2523	卖盘
13:26:18	8.41	--	34	28594	买盘
13:26:06	8.41	--	50	42050	买盘
13:25:51	8.41	--	100	84100	买盘
13:25:39	8.41	--	13	10933	买盘
13:25:33	8.41	--	4	3364	买盘
13:24:51	8.41	--	117	98397	买盘
13:24:42	8.41	0.01	10	8410	买盘
13:24:33	8.4	--	10	8400	卖盘
13:24:30	8.4	--	7	5880	卖盘
13:24:24	8.4	-0.01	1	840	卖盘
13:24:21	8.41	--	30	25230	买盘
13:23:54	8.41	0.01	24	20184	买盘
13:23:21	8.4	--	10	8400	卖盘
13:23:18	8.4	-0.01	8	6720	卖盘
13:23:06	8.41	--	50	42050	买盘
13:22:57	8.41	--	7	5887	买盘
13:22:27	8.41	0.01	22	18502	买盘
13:21:42	8.4	-0.01	7	5880	卖盘
13:21:21	8.41	--	4	3364	买盘
13:21:09	8.41	--	2	1682	买盘
13:21:03	8.41	0.01	17	14297	买盘
13:20:42	8.4	--	3	2520	卖盘
13:20:15	8.4	--	4	3360	卖盘
13:20:06	8.4	--	5	4200	卖盘
13:19:45	8.4	-0.01	17	14280	卖盘
13:19:39	8.41	--	16	13456	买盘
13:19:06	8.41	0.01	11	9251	买盘
13:18:57	8.4	-0.01	20	16800	卖盘
13:18:54	8.41	--	2	1682	买盘
13:18:48	8.41	--	94	79054	买盘
13:18:36	8.41	--	30	25230	买盘
13:18:21	8.41	--	3	2523	买盘
13:18:12	8.41	--	22	18502	买盘
13:18:00	8.41	--	18	15138	买盘
13:17:54	8.41	--	6	5046	买盘
13:17:39	8.41	--	3	2523	买盘
13:17:24	8.41	0.01	5	4205	买盘
13:17:18	8.4	--	60	50400	卖盘
13:17:12	8.4	--	5	4200	卖盘
13:16:42	8.4	--	100	84000	卖盘
13:16:33	8.4	-0.01	3	2520	卖盘
13:16:30	8.41	--	4	3364	买盘
13:16:09	8.41	--	30	25230	买盘
13:16:03	8.41	--	30	25230	买盘
13:16:00	8.41	0.01	6	5046	买盘
13:15:54	8.4	--	52	43680	卖盘
13:15:45	8.4	-0.01	12	10080	卖盘
13:15:39	8.41	0.01	9	7569	买盘
13:15:18	8.4	--	20	16800	卖盘
13:15:12	8.4	--	7	5880	卖盘
13:15:03	8.4	--	40	33600	卖盘
13:14:36	8.4	0.01	37	31080	买盘
13:14:30	8.39	-0.01	20	16780	卖盘
13:14:27	8.4	--	22	18480	买盘
13:14:18	8.4	--	50	42000	买盘
13:14:03	8.4	--	4	3360	买盘
13:13:57	8.4	--	17	14280	买盘
13:13:54	8.4	--	5	4200	买盘
13:13:51	8.4	--	40	33600	买盘
13:13:48	8.4	0.01	211	177240	买盘
13:13:42	8.39	-0.01	1	839	卖盘
13:13:39	8.4	--	28	23520	买盘
13:13:33	8.4	--	1	840	买盘
13:13:30	8.4	0.01	45	37800	买盘
13:13:21	8.39	--	32	26848	卖盘
13:13:12	8.39	--	5	4195	卖盘
13:13:09	8.39	--	10	8390	卖盘
13:12:45	8.39	-0.01	123	103197	卖盘
13:12:36	8.4	0.01	1	840	买盘
13:12:24	8.39	-0.01	1	839	卖盘
13:12:15	8.4	--	6	5040	买盘
13:12:09	8.4	--	42	35280	买盘
13:11:48	8.4	--	143	120120	买盘
13:11:39	8.4	0.01	1	840	买盘
13:11:15	8.39	-0.01	63	52857	卖盘
13:10:51	8.4	0.01	11	9240	买盘
13:10:48	8.39	-0.01	1	839	卖盘
13:10:39	8.4	0.01	161	135240	买盘
13:10:36	8.39	--	108	90612	卖盘
13:10:30	8.39	-0.01	1	839	卖盘
13:10:27	8.4	0.01	10	8400	买盘
13:10:24	8.39	--	1	839	卖盘
13:09:39	8.39	-0.01	14	11746	卖盘
13:09:30	8.4	--	3	2520	买盘
13:09:27	8.4	--	8	6720	买盘
13:09:18	8.4	0.01	76	63840	买盘
13:09:12	8.39	-0.01	30	25170	卖盘
13:09:09	8.4	--	30	25200	买盘
13:08:54	8.4	--	1	840	买盘
13:08:36	8.4	0.01	3	2520	买盘
13:08:33	8.39	-0.01	10	8390	卖盘
13:08:27	8.4	--	10	8400	买盘
13:08:15	8.4	--	5	4200	买盘
13:08:12	8.4	--	16	13440	买盘
13:08:09	8.4	--	34	28560	买盘
13:07:57	8.4	0.01	20	16800	买盘
13:07:42	8.39	-0.01	52	43628	卖盘
13:07:15	8.4	0.01	32	26880	买盘
13:07:12	8.39	-0.01	3	2517	卖盘
13:07:03	8.4	0.01	48	40320	买盘
13:07:00	8.39	-0.01	12	10068	卖盘
13:06:54	8.4	0.01	16	13440	买盘
13:06:42	8.39	-0.01	110	92290	卖盘
13:06:36	8.4	0.01	50	42000	买盘
13:06:33	8.39	-0.01	10	8390	卖盘
13:06:21	8.4	--	7	5880	买盘
13:06:06	8.4	--	2	1680	买盘
13:05:57	8.4	--	10	8400	买盘
13:05:39	8.4	0.01	3	2520	买盘
13:05:33	8.39	-0.01	20	16780	卖盘
13:05:21	8.4	0.01	4	3360	买盘
13:04:39	8.39	--	20	16780	卖盘
13:04:30	8.39	--	8	6712	卖盘
13:04:24	8.39	--	1	839	卖盘
13:03:24	8.39	--	114	95646	卖盘
13:02:57	8.39	-0.01	24	20136	卖盘
13:02:18	8.4	0.01	1	840	买盘
13:01:36	8.39	--	121	101519	卖盘
13:01:09	8.39	--	30	25170	卖盘
13:00:36	8.39	--	1	839	卖盘
13:00:09	8.39	--	30	25170	卖盘
13:00:06	8.39	-0.01	60	50340	卖盘
13:00:03	8.4	0.01	96	80640	买盘
13:00:00	8.39	--	0	0	卖盘
11:30:00	8.39	--	0	0	卖盘
11:29:45	8.39	--	20	16780	卖盘
11:29:39	8.39	-0.01	1	839	卖盘
11:29:03	8.4	0.01	1	840	买盘
11:28:33	8.39	--	12	10068	买盘
11:28:30	8.39	--	13	10907	买盘
11:28:27	8.39	--	10	8390	买盘
11:28:15	8.39	--	12	10068	买盘
11:28:09	8.39	--	6	5034	买盘
11:28:00	8.39	--	5	4195	买盘
11:27:48	8.39	--	19	15941	买盘
11:27:39	8.39	--	10	8390	买盘
11:27:21	8.39	--	22	18458	卖盘
11:27:06	8.39	--	10	8390	卖盘
11:27:03	8.39	--	8	6712	买盘
11:26:54	8.39	--	20	16780	买盘
11:26:51	8.39	--	60	50340	买盘
11:26:48	8.39	0.01	7	5873	买盘
11:26:45	8.38	-0.01	6	5028	卖盘
11:26:33	8.39	--	123	103197	卖盘
11:26:21	8.39	--	82	68798	买盘
11:26:18	8.39	--	1	839	买盘
11:26:12	8.39	--	20	16780	买盘
11:26:09	8.39	--	1	839	买盘
11:26:00	8.39	--	10	8390	买盘
11:25:51	8.39	--	10	8390	买盘
11:25:39	8.39	--	3	2517	买盘
11:25:36	8.39	--	5	4195	卖盘
11:25:33	8.39	--	23	19297	买盘
11:25:30	8.39	--	33	27687	买盘
11:25:24	8.39	0.01	7	5873	买盘
11:25:21	8.38	-0.01	3	2514	卖盘
11:24:57	8.39	0.01	10	8390	买盘
11:24:51	8.38	-0.01	6	5028	卖盘
11:24:45	8.39	--	8	6712	买盘
11:24:42	8.39	-0.01	11	9229	买盘
11:24:39	8.4	--	1	840	买盘
11:24:36	8.4	0.01	3	2520	买盘
11:24:33	8.39	--	8	6712	卖盘
11:24:30	8.39	--	3	2517	买盘
11:24:18	8.39	--	10	8390	买盘
11:24:06	8.39	0.01	10	8390	买盘
11:24:00	8.38	-0.01	60	50280	卖盘
11:23:51	8.39	--	10	8390	买盘
11:23:48	8.39	0.01	57	47823	买盘
11:23:39	8.38	-0.01	34	28492	卖盘
11:23:33	8.39	--	12	10068	买盘
11:23:30	8.39	0.01	23	19297	买盘
11:23:24	8.38	-0.01	20	16760	卖盘
11:23:21	8.39	--	1	839	买盘
11:23:15	8.39	--	1	839	买盘
11:23:06	8.39	0.01	3	2517	买盘
11:23:03	8.38	--	20	16760	卖盘
11:23:00	8.38	--	7	5866	卖盘
11:22:48	8.38	--	35	29330	卖盘
11:22:42	8.38	-0.01	20	16760	卖盘
11:22:36	8.39	0.01	12	10068	买盘
11:22:18	8.38	--	5	4190	卖盘
11:22:09	8.38	-0.01	30	25140	卖盘
11:22:03	8.39	0.01	12	10068	买盘
11:21:39	8.38	--	4	3352	卖盘
11:21:33	8.38	--	10	8380	卖盘
11:21:30	8.38	-0.01	48	40224	卖盘
11:21:03	8.39	0.01	1	839	买盘
11:20:57	8.38	--	42	35196	卖盘
11:20:42	8.38	-0.01	5	4190	卖盘
11:20:12	8.39	--	6	5034	卖盘
11:20:06	8.39	--	13	10907	卖盘
11:20:00	8.39	-0.01	150	125850	卖盘
11:19:48	8.4	0.01	2	1680	买盘
11:19:45	8.39	--	145	121655	卖盘
11:19:06	8.39	-0.01	4	3356	卖盘
11:18:54	8.4	--	2	1680	买盘
11:18:51	8.4	0.01	35	29400	买盘
11:18:24	8.39	-0.01	8	6712	卖盘
11:18:15	8.4	--	2	1680	买盘
11:18:00	8.4	0.01	10	8400	买盘
11:17:33	8.39	-0.01	200	167800	卖盘
11:17:21	8.4	0.01	2	1680	买盘
11:17:18	8.39	--	20	16780	卖盘
11:17:09	8.39	-0.01	100	83900	卖盘
11:17:00	8.4	--	10	8400	买盘
11:16:48	8.4	--	46	38640	买盘
11:16:39	8.4	--	26	21840	买盘
11:16:36	8.4	--	17	14280	买盘
11:16:15	8.4	--	2	1680	买盘
11:16:12	8.4	0.01	20	16800	买盘
11:16:00	8.39	-0.01	1	839	卖盘
11:15:18	8.4	0.01	2	1680	买盘
11:15:15	8.39	--	400	335600	卖盘
11:14:51	8.39	-0.01	100	83900	卖盘
11:14:48	8.4	--	13	10920	买盘
11:14:42	8.4	--	1	840	买盘
11:14:39	8.4	--	0	604	卖盘
11:14:36	8.4	--	19	16195	买盘
11:14:30	8.4	--	94	78960	买盘
11:14:24	8.4	--	106	89644	卖盘
11:14:21	8.4	-0.01	2	1680	卖盘
11:14:18	8.41	0.01	2	1682	买盘
11:14:15	8.4	-0.01	17	14280	卖盘
11:14:09	8.41	--	2	1682	买盘
11:14:03	8.41	0.01	11	9251	买盘
11:13:54	8.4	-0.01	20	16800	卖盘
11:13:48	8.41	--	4	3364	买盘
11:13:42	8.41	0.01	2	1682	买盘
11:13:39	8.4	--	100	84000	卖盘
11:13:27	8.4	--	6	5040	卖盘
11:13:21	8.4	--	4	3360	卖盘
11:13:18	8.4	-0.01	200	168000	卖盘
11:13:15	8.41	--	2	1682	买盘
11:13:09	8.41	0.01	8	6728	买盘
11:13:06	8.4	-0.01	47	39480	卖盘
11:13:00	8.41	--	1	841	买盘
11:12:57	8.41	0.01	1	841	买盘
11:12:48	8.4	--	18	15120	卖盘
11:12:45	8.4	-0.01	20	16800	卖盘
11:12:42	8.41	0.01	10	8410	买盘
11:12:39	8.4	-0.01	213	178920	卖盘
11:12:36	8.41	0.01	7	5887	买盘
11:12:30	8.4	--	70	58800	卖盘
11:12:27	8.4	--	26	21840	卖盘
11:12:24	8.4	--	60	50400	卖盘
11:12:21	8.4	--	20	16800	卖盘
11:12:15	8.4	--	10	8400	卖盘
11:12:12	8.4	--	13	10920	卖盘
11:12:06	8.4	--	84	70560	卖盘
11:12:03	8.4	--	3	2520	卖盘
11:11:57	8.4	--	50	42000	卖盘
11:11:51	8.4	--	703	590755	卖盘
11:11:45	8.4	--	50	42000	卖盘
11:11:36	8.4	--	360	302400	卖盘
11:11:30	8.4	--	102	85680	卖盘
11:11:27	8.4	--	40	33600	卖盘
11:11:21	8.4	--	60	50400	卖盘
11:11:18	8.4	--	6	5040	卖盘
11:11:15	8.4	--	132	110880	卖盘
11:11:06	8.4	--	100	84000	卖盘
11:11:00	8.4	--	55	46200	卖盘
11:10:57	8.4	-0.01	100	84000	卖盘
11:10:27	8.41	--	13	10933	买盘
11:10:24	8.41	--	10	8410	买盘
11:10:18	8.41	--	2	1682	买盘
11:10:09	8.41	--	53	44573	买盘
11:09:57	8.41	--	13	10933	卖盘
11:09:33	8.41	--	6	5046	买盘
11:09:06	8.41	--	2	1682	买盘
11:09:03	8.41	-0.01	12	10092	中性盘
11:08:39	8.42	0.01	8	6736	买盘
11:08:33	8.41	--	16	13456	卖盘
11:08:30	8.41	--	128	107648	卖盘
11:08:27	8.41	--	150	126150	卖盘
11:08:24	8.41	--	12	10092	卖盘
11:08:21	8.41	-0.01	35	29435	卖盘
11:08:06	8.42	--	3	2526	买盘
11:08:00	8.42	0.01	52	43784	买盘
11:07:57	8.41	--	17	14297	卖盘
11:07:48	8.41	--	50	42050	卖盘
11:07:45	8.41	--	24	20184	卖盘
11:07:36	8.41	--	2	1682	卖盘
11:07:03	8.41	-0.01	2	1682	卖盘
11:06:48	8.42	0.01	2	1684	买盘
11:06:45	8.41	--	4	3364	卖盘
11:06:36	8.41	--	2	1682	卖盘
11:06:27	8.41	--	75	63075	卖盘
11:06:18	8.41	--	2	1682	卖盘
11:06:15	8.41	--	10	8410	卖盘
11:06:06	8.41	--	55	46255	卖盘
11:05:45	8.41	-0.01	15	12615	卖盘
11:05:42	8.42	--	3	2526	买盘
11:05:39	8.42	--	2	1684	买盘
11:05:15	8.42	--	30	25260	买盘
11:05:06	8.42	--	5	4210	买盘
11:04:24	8.42	--	4	3368	买盘
11:03:36	8.42	--	16	13472	买盘
11:03:15	8.42	--	3	2526	买盘
11:03:12	8.42	--	2	1684	买盘
11:03:09	8.42	0.01	7	5894	买盘
11:02:57	8.41	-0.01	3	2523	卖盘
11:02:54	8.42	--	146	122932	买盘
11:02:00	8.42	--	2	1684	买盘
11:01:57	8.42	--	10	8420	买盘
11:01:36	8.42	0.01	5	4210	买盘
11:01:33	8.41	-0.01	30	25230	卖盘
11:01:21	8.42	--	16	13472	买盘
11:01:15	8.42	--	1	842	买盘
11:00:51	8.42	--	20	16840	买盘
10:59:54	8.42	0.01	12	10104	买盘
10:59:51	8.41	-0.01	72	60552	卖盘
10:59:39	8.42	--	2	1684	买盘
10:59:24	8.42	0.01	10	8420	买盘
10:59:18	8.41	--	15	12615	卖盘
10:59:15	8.41	-0.01	50	42050	卖盘
10:59:09	8.42	--	4	3368	买盘
10:58:51	8.42	0.01	13	10946	买盘
10:58:45	8.41	-0.01	70	58870	卖盘
10:58:27	8.42	0.01	2	1684	买盘
10:58:24	8.41	--	10	8410	卖盘
10:58:12	8.41	-0.01	5	4205	卖盘
10:58:00	8.42	--	3	2526	买盘
10:57:33	8.42	--	1	842	买盘
10:57:30	8.42	--	1	842	买盘
10:57:18	8.42	0.01	2	1684	买盘
10:57:15	8.41	-0.01	5	4205	卖盘
10:56:18	8.42	--	136	114512	买盘
10:56:12	8.42	--	2	1684	买盘
10:56:00	8.42	--	36	30312	买盘
10:55:33	8.42	0.01	61	51362	买盘
10:55:24	8.41	-0.01	5	4205	卖盘
10:55:00	8.42	0.01	2	1684	买盘
10:54:57	8.41	--	7	5887	卖盘
10:54:30	8.41	--	3	2523	卖盘
10:54:27	8.41	-0.01	12	10092	卖盘
10:54:12	8.42	0.01	15	12630	买盘
10:53:57	8.41	--	3	2523	卖盘
10:53:54	8.41	-0.01	3	2523	卖盘
10:53:48	8.42	0.01	2	1684	买盘
10:53:45	8.41	--	4	3364	卖盘
10:53:39	8.41	--	24	20184	买盘
10:53:33	8.41	--	179	150539	买盘
10:53:30	8.41	--	162	136242	买盘
10:53:09	8.41	0.01	100	84100	买盘
10:53:00	8.4	-0.01	54	45360	卖盘
10:52:57	8.41	0.01	1	841	买盘
10:52:39	8.4	--	65	54600	卖盘
10:52:36	8.4	--	4	3360	卖盘
10:52:33	8.4	-0.01	1	840	卖盘
10:52:30	8.41	0.01	4	3364	买盘
10:52:03	8.4	-0.01	15	12600	卖盘
10:51:48	8.41	--	50	42050	买盘
10:51:33	8.41	--	4	3364	买盘
10:51:24	8.41	0.01	22	18502	买盘
10:51:21	8.4	-0.01	10	8400	卖盘
10:51:12	8.41	0.01	15	12615	买盘
10:51:09	8.4	--	12	10080	卖盘
10:50:54	8.4	-0.01	403	338520	卖盘
10:50:51	8.41	--	5	4205	买盘
10:50:33	8.41	0.01	50	42050	买盘
10:50:27	8.4	-0.01	300	252000	卖盘
10:50:15	8.41	--	4	3364	买盘
10:49:54	8.41	--	20	16820	买盘
10:49:48	8.41	--	28	23548	买盘
10:49:45	8.41	--	1	841	买盘
10:49:36	8.41	--	6	5046	买盘
10:49:30	8.41	--	2	1682	买盘
10:49:15	8.41	-0.01	114	95874	卖盘
10:49:03	8.42	--	2	1684	买盘
10:49:00	8.42	0.01	73	61466	买盘
10:48:54	8.41	-0.01	200	168200	卖盘
10:48:51	8.42	--	10	8420	买盘
10:48:42	8.42	--	50	42100	买盘
10:47:57	8.42	--	2	1684	买盘
10:47:54	8.42	0.01	12	10104	买盘
10:47:39	8.41	-0.01	1	841	卖盘
10:47:03	8.42	0.01	301	253442	买盘
10:46:57	8.41	-0.01	6	5046	卖盘
10:46:45	8.42	0.01	2	1684	买盘
10:46:36	8.41	--	21	17661	卖盘
10:46:21	8.41	-0.01	15	12615	卖盘
10:46:00	8.42	0.01	5	4210	买盘
10:45:51	8.41	-0.01	315	264915	卖盘
10:45:30	8.42	0.01	2	1684	买盘
10:45:27	8.41	-0.01	37	31117	卖盘
10:45:24	8.42	0.01	25	21050	买盘
10:45:15	8.41	--	4	3364	卖盘
10:45:06	8.41	--	40	33640	卖盘
10:44:42	8.41	-0.01	100	84100	卖盘
10:44:30	8.42	--	50	42100	买盘
10:44:27	8.42	--	2	1684	买盘
10:44:15	8.42	--	10	8420	卖盘
10:44:06	8.42	--	50	42100	卖盘
10:44:03	8.42	-0.01	366	308172	卖盘
10:44:00	8.43	0.01	3	2529	买盘
10:43:54	8.42	--	358	301436	卖盘
10:43:51	8.42	--	19	15998	卖盘
10:43:42	8.42	--	7	5894	卖盘
10:43:33	8.42	--	150	126300	卖盘
10:43:24	8.42	-0.01	5	4210	卖盘
10:43:15	8.43	--	42	35406	买盘
10:43:12	8.43	0.01	14	11802	买盘
10:43:03	8.42	-0.01	81	68202	卖盘
10:42:57	8.43	--	12	10116	买盘
10:42:48	8.43	0.01	21	17703	买盘
10:42:39	8.42	--	2	1684	卖盘
10:42:21	8.42	--	33	27786	卖盘
10:42:15	8.42	-0.01	5	4210	卖盘
10:42:12	8.43	--	10	8430	买盘
10:42:09	8.43	--	20	16860	买盘
10:42:03	8.43	--	2	1686	买盘
10:41:36	8.43	0.01	8	6744	买盘
10:41:30	8.42	-0.01	60	50520	卖盘
10:41:27	8.43	0.01	1	843	买盘
10:41:24	8.42	-0.01	3	2526	卖盘
10:41:21	8.43	0.01	1	843	买盘
10:41:18	8.42	-0.01	100	84200	卖盘
10:41:03	8.43	0.01	2	1686	买盘
10:40:54	8.42	--	13	10946	卖盘
10:40:51	8.42	--	250	210500	卖盘
10:40:48	8.42	--	22	18524	卖盘
10:40:33	8.42	--	10	8420	卖盘
10:40:24	8.42	--	110	92620	卖盘
10:40:12	8.42	--	6	5052	卖盘
10:40:03	8.42	--	5	4210	卖盘
10:39:54	8.42	-0.01	2	1684	卖盘
10:39:39	8.43	--	20	16860	买盘
10:39:36	8.43	0.01	77	64911	买盘
10:39:33	8.42	--	50	42100	卖盘
10:39:30	8.42	-0.01	10	8420	卖盘
10:39:27	8.43	0.01	15	12645	买盘
10:39:21	8.42	--	5	4210	卖盘
10:39:00	8.42	--	16	13472	卖盘
10:38:51	8.42	-0.01	50	42100	卖盘
10:38:45	8.43	--	2	1686	买盘
10:38:27	8.43	--	174	146682	卖盘
10:38:12	8.43	-0.01	63	53109	卖盘
10:38:09	8.44	0.01	10	8440	买盘
10:38:06	8.43	--	59	49737	卖盘
10:37:57	8.43	--	70	59010	卖盘
10:37:54	8.43	--	10	8430	卖盘
10:37:51	8.43	--	7	5901	卖盘
10:37:48	8.43	--	80	67440	卖盘
10:37:33	8.43	--	120	101160	卖盘
10:37:27	8.43	--	30	25290	卖盘
10:37:18	8.43	-0.01	5	4215	卖盘
10:37:15	8.44	0.01	2	1688	买盘
10:37:12	8.43	--	2	1686	卖盘
10:36:45	8.43	--	20	16860	卖盘
10:36:42	8.43	--	20	16860	卖盘
10:36:21	8.43	-0.01	30	25290	卖盘
10:36:12	8.44	0.01	2	1688	买盘
10:35:48	8.43	--	12	10116	卖盘
10:35:21	8.43	--	50	42150	卖盘
10:35:12	8.43	--	13	10959	卖盘
10:35:09	8.43	--	60	50580	卖盘
10:35:06	8.43	-0.01	19	16017	卖盘
10:35:03	8.44	--	15	12660	买盘
10:35:00	8.44	0.01	2	1688	买盘
10:34:57	8.43	--	31	26133	卖盘
10:34:48	8.43	--	10	8430	卖盘
10:34:45	8.43	--	5	4215	卖盘
10:34:21	8.43	--	5	4215	卖盘
10:34:15	8.43	--	15	12645	卖盘
10:33:57	8.43	--	3	2529	卖盘
10:33:54	8.43	-0.01	20	16860	卖盘
10:33:48	8.44	0.01	2	1688	买盘
10:33:45	8.43	--	135	113805	卖盘
10:33:33	8.43	--	6	5058	卖盘
10:33:27	8.43	--	385	324555	卖盘
10:33:18	8.43	-0.01	3	2529	卖盘
10:33:09	8.44	--	2	1688	中性盘
10:32:42	8.44	--	2	1688	卖盘
10:32:36	8.44	-0.01	20	16880	卖盘
10:32:33	8.45	0.01	2	1689	买盘
10:32:15	8.44	--	45	37980	卖盘
10:32:06	8.44	--	10	8440	卖盘
10:32:03	8.44	--	143	120692	买盘
10:31:57	8.44	0.01	10	8440	买盘
10:31:54	8.43	-0.01	10	8430	卖盘
10:31:51	8.44	--	1	844	买盘
10:31:48	8.44	--	141	119004	卖盘
10:31:42	8.44	--	20	16880	卖盘
10:31:39	8.44	--	191	161204	买盘
10:31:24	8.44	--	3	2532	买盘
10:31:21	8.44	0.01	9	7596	买盘
10:31:18	8.43	-0.01	10	8430	卖盘
10:31:06	8.44	--	300	253199	买盘
10:30:51	8.44	0.01	6	5064	买盘
10:30:36	8.43	-0.01	3	2529	卖盘
10:30:21	8.44	--	1	844	买盘
10:30:15	8.44	--	2	1688	买盘
10:30:12	8.44	--	248	209312	卖盘
10:30:03	8.44	--	200	168800	卖盘
10:30:00	8.44	--	119	100436	卖盘
10:29:57	8.44	--	6	5064	卖盘
10:29:48	8.44	--	10	8440	卖盘
10:29:45	8.44	--	60	50640	卖盘
10:29:18	8.44	--	5	4220	卖盘
10:29:03	8.44	--	12	10128	卖盘
10:29:00	8.44	-0.01	30	25320	卖盘
10:28:48	8.45	0.01	1	844	买盘
10:28:39	8.44	-0.01	200	168800	卖盘
10:28:18	8.45	--	30	25349	买盘
10:28:12	8.45	--	2	1689	买盘
10:28:09	8.45	--	64	54079	买盘
10:28:03	8.45	--	10	8450	买盘
10:27:54	8.45	--	277	234064	卖盘
10:27:51	8.45	--	70	59149	卖盘
10:27:45	8.45	--	10	8450	卖盘
10:27:33	8.45	--	57	48164	卖盘
10:27:30	8.45	--	45	38025	卖盘
10:27:27	8.45	--	7	5914	卖盘
10:27:24	8.45	-0.01	20	16900	卖盘
10:27:21	8.46	0.01	30	25380	买盘
10:27:09	8.45	--	10	8450	卖盘
10:27:06	8.45	--	224	189279	买盘
10:27:03	8.45	--	10	8450	买盘
10:27:00	8.45	--	60	50699	买盘
10:26:51	8.45	--	37	31264	买盘
10:26:48	8.45	--	1	844	买盘
10:26:45	8.45	--	35	29574	买盘
10:26:42	8.45	--	42	35490	买盘
10:26:30	8.45	--	34	28729	买盘
10:26:15	8.45	--	10	8450	买盘
10:26:12	8.45	--	49	41405	买盘
10:26:03	8.45	--	142	119989	买盘
10:26:00	8.45	0.01	10	8450	买盘
10:25:54	8.44	--	1	844	卖盘
10:25:51	8.44	-0.01	13	10972	卖盘
10:25:39	8.45	--	27	22814	买盘
10:25:30	8.45	--	33	27884	买盘
10:25:27	8.45	--	4	3379	买盘
10:25:00	8.45	--	41	34645	买盘
10:24:51	8.45	0.01	50	42250	买盘
10:24:48	8.44	-0.01	1	844	卖盘
10:24:42	8.45	0.01	91	76895	买盘
10:24:36	8.44	-0.01	4	3376	卖盘
10:24:27	8.45	--	6	5070	买盘
10:24:21	8.45	--	2	1689	买盘
10:24:18	8.45	0.01	33	27884	买盘
10:24:09	8.44	-0.01	10	8440	卖盘
10:24:00	8.45	--	1	844	买盘
10:23:45	8.45	0.01	105	88724	买盘
10:23:33	8.44	--	5	4220	卖盘
10:23:30	8.44	--	25	21100	卖盘
10:23:24	8.44	--	14	11816	卖盘
10:23:15	8.44	-0.01	15	12660	卖盘
10:23:06	8.45	0.01	3	2535	买盘
10:23:03	8.44	--	120	101280	卖盘
10:22:51	8.44	--	86	72584	卖盘
10:22:48	8.44	--	15	12660	卖盘
10:22:42	8.44	--	40	33760	卖盘
10:22:39	8.44	--	1	844	卖盘
10:22:36	8.44	--	10	8440	卖盘
10:22:33	8.44	--	5	4220	卖盘
10:22:30	8.44	--	5	4220	卖盘
10:22:21	8.44	--	105	88620	买盘
10:22:18	8.44	--	5	4220	买盘
10:22:15	8.44	0.01	84	70896	买盘
10:22:12	8.43	-0.01	13	10959	卖盘
10:22:09	8.44	--	6	5064	买盘
10:22:06	8.44	--	10	8440	买盘
10:22:00	8.44	--	12	10128	买盘
10:21:48	8.44	0.01	6	5064	买盘
10:21:21	8.43	--	10	8430	卖盘
10:21:12	8.43	-0.01	8	6744	卖盘
10:21:06	8.44	--	5	4220	买盘
10:20:51	8.44	--	12	10128	买盘
10:20:45	8.44	0.01	4	3376	买盘
10:20:42	8.43	-0.01	50	42150	卖盘
10:20:36	8.44	--	2	1688	买盘
10:20:27	8.44	0.01	100	84400	买盘
10:20:24	8.43	-0.01	100	84300	卖盘
10:20:18	8.44	--	34	28696	买盘
10:20:15	8.44	--	1	844	买盘
10:20:12	8.44	--	55	46420	买盘
10:19:54	8.44	--	10	8440	买盘
10:19:45	8.44	--	25	21100	买盘
10:19:42	8.44	--	20	16880	买盘
10:19:36	8.44	--	19	16035	买盘
10:19:33	8.44	--	14	11816	买盘
10:19:24	8.44	--	3	2532	买盘
10:19:18	8.44	--	500	422000	买盘
10:19:09	8.44	--	7	5908	买盘
10:19:06	8.44	0.01	10	8440	买盘
10:19:00	8.43	-0.01	10	8430	卖盘
10:18:51	8.44	--	5	4220	买盘
10:18:42	8.44	0.01	32	27008	买盘
10:18:39	8.43	-0.01	10	8430	卖盘
10:18:27	8.44	--	153	129131	买盘
10:18:24	8.44	--	2	1688	买盘
10:18:21	8.44	--	13	10972	买盘
10:18:18	8.44	--	23	19412	买盘
10:18:15	8.44	--	15	12660	买盘
10:18:12	8.44	--	10	8440	买盘
10:18:06	8.44	0.01	100	84400	买盘
10:18:03	8.43	-0.01	35	29505	卖盘
10:17:54	8.44	0.01	19	16035	买盘
10:17:45	8.43	--	20	16860	卖盘
10:17:39	8.43	-0.01	40	33720	卖盘
10:17:36	8.44	--	43	36292	买盘
10:17:30	8.44	--	3	2532	买盘
10:17:27	8.44	--	42	35448	买盘
10:17:21	8.44	--	10	8440	买盘
10:17:15	8.44	--	12	10128	买盘
10:17:12	8.44	--	10	8440	买盘
10:17:09	8.44	-0.01	30	25320	卖盘
10:17:00	8.45	--	429	362504	买盘
10:16:54	8.45	0.01	73	61684	买盘
10:16:45	8.44	-0.01	3	2532	卖盘
10:16:42	8.45	0.01	100	84500	买盘
10:16:36	8.44	--	8	6752	卖盘
10:16:27	8.44	--	5	4220	卖盘
10:16:21	8.44	--	10	8440	卖盘
10:16:18	8.44	--	4	3376	卖盘
10:16:06	8.44	0.01	468	394992	买盘
10:16:03	8.43	-0.01	2	1686	中性盘
10:16:00	8.44	0.02	14	11816	买盘
10:15:48	8.42	-0.02	68	57256	卖盘
10:15:42	8.44	--	10	8440	买盘
10:15:36	8.44	0.01	350	295400	买盘
10:15:33	8.43	--	13	10959	卖盘
10:15:30	8.43	-0.01	25	21075	卖盘
10:15:18	8.44	0.01	6	5064	买盘
10:15:15	8.43	--	14	11802	卖盘
10:15:12	8.43	--	300	252900	卖盘
10:15:09	8.43	--	10	8430	卖盘
10:15:06	8.43	-0.01	57	48051	卖盘
10:14:54	8.44	0.01	12	10128	买盘
10:14:42	8.43	--	30	25290	卖盘
10:14:36	8.43	-0.01	5	4215	卖盘
10:14:27	8.44	0.01	10	8440	买盘
10:14:15	8.43	-0.01	6	5058	卖盘
10:14:06	8.44	--	12	10128	买盘
10:13:42	8.44	0.01	3	2532	买盘
10:13:39	8.43	-0.01	28	23604	卖盘
10:13:36	8.44	--	10	8440	买盘
10:13:33	8.44	--	182	153608	买盘
10:13:27	8.44	--	4	3376	买盘
10:13:24	8.44	--	6	5064	买盘
10:13:15	8.44	--	44	37136	买盘
10:13:12	8.44	-0.01	71	59924	卖盘
10:13:09	8.45	0.01	2	1689	买盘
10:13:06	8.44	-0.01	78	65832	卖盘
10:13:03	8.45	0.01	2	1689	买盘
10:13:00	8.44	--	40	33760	卖盘
10:12:57	8.44	-0.01	5	4220	卖盘
10:12:54	8.45	0.01	50	42250	买盘
10:12:51	8.44	-0.01	60	50640	卖盘
10:12:48	8.45	0.01	52	43939	买盘
10:12:45	8.44	--	90	75960	卖盘
10:12:39	8.44	-0.01	30	25320	卖盘
10:12:36	8.45	0.01	32	27039	买盘
10:12:33	8.44	-0.01	50	42200	卖盘
10:12:30	8.45	--	6	5070	买盘
10:12:27	8.45	0.01	10	8450	买盘
10:12:21	8.44	--	41	34604	卖盘
10:12:18	8.44	-0.01	65	54860	卖盘
10:12:15	8.45	0.01	33	27884	买盘
10:12:09	8.44	--	10	8440	卖盘
10:12:06	8.44	--	118	99592	买盘
10:12:03	8.44	--	10	8440	买盘
10:12:00	8.44	--	4	3376	卖盘
10:11:57	8.44	--	110	92840	卖盘
10:11:54	8.44	--	10	8440	卖盘
10:11:51	8.44	--	20	16880	卖盘
10:11:48	8.44	--	10	8440	卖盘
10:11:45	8.44	--	43	36292	买盘
10:11:42	8.44	--	200	168800	买盘
10:11:36	8.44	--	46	38824	卖盘
10:11:33	8.44	--	177	149388	买盘
10:11:27	8.44	0.01	211	178084	买盘
10:11:21	8.43	-0.01	14	11802	卖盘
10:11:18	8.44	--	5	4220	买盘
10:11:15	8.44	--	66	55704	买盘
10:11:12	8.44	0.01	50	42200	买盘
10:11:09	8.43	-0.01	4	3372	卖盘
10:11:00	8.44	0.01	200	168800	买盘
10:10:57	8.43	-0.01	10	8430	买盘
10:10:51	8.44	0.01	23	19412	买盘
10:10:48	8.43	--	20	16860	买盘
10:10:45	8.43	-0.01	5	4215	卖盘
10:10:33	8.44	--	7	5908	买盘
10:10:30	8.44	--	24	20256	买盘
10:10:27	8.44	--	23	19412	买盘
10:10:21	8.44	0.01	110	92840	买盘
10:10:18	8.43	-0.01	7	5901	卖盘
10:10:12	8.44	0.01	2	1688	买盘
10:10:09	8.43	--	28	23604	买盘
10:10:03	8.43	--	20	16860	买盘
10:10:00	8.43	--	14	11802	买盘
10:09:57	8.43	--	69	58167	买盘
10:09:54	8.43	--	38	32034	买盘
10:09:51	8.43	--	33	27819	买盘
10:09:45	8.43	--	106	89358	买盘
10:09:42	8.43	--	8	6744	买盘
10:09:39	8.43	--	21	17703	买盘
10:09:36	8.43	--	30	25290	买盘
10:09:33	8.43	0.01	18	15174	买盘
10:09:30	8.42	--	5	4210	卖盘
10:09:21	8.42	--	41	34522	买盘
10:09:18	8.42	--	10	8420	买盘
10:09:12	8.42	--	4	3368	买盘
10:09:06	8.42	--	135	113670	买盘
10:09:03	8.42	--	63	53046	买盘
10:09:00	8.42	0.01	22	18524	买盘
10:08:57	8.41	-0.01	10	8410	卖盘
10:08:42	8.42	--	8	6736	买盘
10:08:39	8.42	0.01	10	8420	买盘
10:08:21	8.41	--	54	45414	卖盘
10:08:15	8.41	--	9	7569	卖盘
10:08:06	8.41	--	126	105966	买盘
10:08:03	8.41	0.01	150	126150	买盘
10:07:57	8.4	-0.01	5	4200	卖盘
10:07:51	8.41	--	6	5046	买盘
10:07:48	8.41	0.01	2	1682	买盘
10:07:42	8.4	-0.01	5	4200	卖盘
10:07:27	8.41	--	2	1682	买盘
10:07:18	8.41	--	300	252300	买盘
10:07:06	8.41	--	20	16820	买盘
10:07:00	8.41	--	5	4205	买盘
10:06:57	8.41	--	2	1682	买盘
10:06:54	8.41	--	1	841	买盘
10:06:48	8.41	--	2	1682	买盘
10:06:36	8.41	--	2	1682	买盘
10:06:33	8.41	0.01	5	4205	买盘
10:06:30	8.4	--	1	840	卖盘
10:06:24	8.4	-0.01	100	84000	卖盘
10:06:18	8.41	--	24	20184	卖盘
10:06:15	8.41	--	20	16820	卖盘
10:06:12	8.41	--	21	17661	买盘
10:06:09	8.41	--	9	7569	买盘
10:06:06	8.41	--	44	37004	买盘
10:06:03	8.41	--	58	48778	买盘
10:05:57	8.41	--	20	16820	买盘
10:05:51	8.41	--	500	420500	买盘
10:05:42	8.41	--	32	26912	买盘
10:05:33	8.41	--	46	38686	买盘
10:05:30	8.41	--	45	37845	买盘
10:05:27	8.41	--	2	1682	买盘
10:05:15	8.41	--	31	26071	买盘
10:05:12	8.41	--	3	2523	买盘
10:05:00	8.41	--	500	420500	买盘
10:04:54	8.41	--	40	33640	买盘
10:04:51	8.41	--	1	841	买盘
10:04:39	8.41	--	10	8410	买盘
10:04:18	8.41	--	3	2523	买盘
10:04:15	8.41	--	2	1682	买盘
10:04:12	8.41	0.01	5	4205	买盘
10:04:06	8.4	-0.01	10	8400	卖盘
10:04:03	8.41	0.01	1	841	买盘
10:03:12	8.4	-0.01	10	8400	卖盘
10:03:06	8.41	0.01	2	1682	买盘
10:03:03	8.4	-0.01	15	12600	卖盘
10:03:00	8.41	--	150	126150	买盘
10:02:57	8.41	--	29	24389	买盘
10:02:54	8.41	--	8	6728	买盘
10:02:39	8.41	--	353	296873	买盘
10:02:33	8.41	0.01	40	33640	买盘
10:02:18	8.4	-0.01	44	36960	卖盘
10:02:15	8.41	--	30	25230	买盘
10:02:12	8.41	--	14	11774	买盘
10:02:09	8.41	--	15	12615	买盘
10:02:03	8.41	0.01	93	78213	买盘
10:02:00	8.4	-0.01	10	8400	卖盘
10:01:57	8.41	--	50	42050	买盘
10:01:54	8.41	0.01	37	31117	买盘
10:01:51	8.4	-0.01	98	82320	卖盘
10:01:42	8.41	0.01	2	1682	买盘
10:01:39	8.4	--	3	2520	卖盘
10:01:30	8.4	-0.01	20	16800	卖盘
10:01:27	8.41	--	11	9251	买盘
10:01:24	8.41	--	3	2523	买盘
10:01:03	8.41	0.01	5	4205	买盘
10:01:00	8.4	--	1	840	卖盘
10:00:57	8.4	--	54	45360	买盘
10:00:54	8.4	--	2	1680	买盘
10:00:51	8.4	--	5	4200	买盘
10:00:39	8.4	-0.01	247	207480	卖盘
10:00:33	8.41	0.01	10	8410	买盘
10:00:12	8.4	--	10	8400	卖盘
09:59:51	8.4	-0.01	95	79800	卖盘
09:59:42	8.41	--	29	24389	买盘
09:59:39	8.41	0.01	2	1682	买盘
09:59:36	8.4	--	26	21840	卖盘
09:59:12	8.4	--	15	12600	卖盘
09:59:06	8.4	-0.01	20	16800	卖盘
09:59:03	8.41	0.01	5	4205	买盘
09:58:57	8.4	--	5	4200	卖盘
09:58:45	8.4	--	100	84000	卖盘
09:58:30	8.4	-0.01	140	117600	卖盘
09:58:27	8.41	0.01	17	14297	买盘
09:58:24	8.4	0.01	595	499800	买盘
09:58:15	8.39	0.01	108	90612	买盘
09:58:12	8.38	--	12	10056	卖盘
09:57:54	8.38	--	11	9218	卖盘
09:57:30	8.38	--	40	33520	卖盘
09:57:27	8.38	-0.01	300	251400	卖盘
09:57:24	8.39	--	2	1678	买盘
09:57:18	8.39	--	2	1678	买盘
09:57:06	8.39	0.01	4	3356	买盘
09:57:03	8.38	--	50	41900	卖盘
09:56:57	8.38	--	10	8380	卖盘
09:56:51	8.38	--	6	5028	卖盘
09:56:48	8.38	--	50	41900	卖盘
09:56:45	8.38	-0.01	83	69554	卖盘
09:56:39	8.39	--	9	7551	买盘
09:56:27	8.39	--	1	839	买盘
09:56:18	8.39	--	8	6712	买盘
09:56:03	8.39	0.01	2	1678	买盘
09:56:00	8.38	--	5	4190	卖盘
09:55:54	8.38	-0.01	9	7542	卖盘
09:55:51	8.39	--	77	64603	买盘
09:55:48	8.39	--	10	8390	买盘
09:55:33	8.39	--	1	839	买盘
09:55:30	8.39	--	75	62925	买盘
09:54:54	8.39	0.01	2	1678	买盘
09:54:45	8.38	-0.01	10	8380	卖盘
09:54:36	8.39	0.01	102	85578	买盘
09:54:33	8.38	--	20	16760	卖盘
09:54:21	8.38	--	200	167600	卖盘
09:54:18	8.38	0.01	46	38548	买盘
09:54:15	8.37	-0.01	2	1673	卖盘
09:54:12	8.38	--	5	4190	买盘
09:54:09	8.38	0.01	6	5028	买盘
09:54:06	8.37	-0.01	11	9207	卖盘
09:54:00	8.38	0.01	26	21788	买盘
09:53:48	8.37	--	50	41849	卖盘
09:53:45	8.37	--	49	41749	卖盘
09:53:42	8.37	-0.01	20	16740	卖盘
09:53:39	8.38	--	2	1676	买盘
09:53:36	8.38	0.01	100	83800	买盘
09:53:33	8.37	--	5	4185	卖盘
09:53:30	8.37	-0.01	1	836	卖盘
09:53:27	8.38	0.01	5	4190	买盘
09:53:18	8.37	-0.01	5	4185	卖盘
09:53:12	8.38	0.01	6	5028	买盘
09:53:09	8.37	--	31	25946	卖盘
09:53:03	8.37	--	10	8370	卖盘
09:52:45	8.37	--	26	21761	卖盘
09:52:36	8.37	-0.01	3	2510	卖盘
09:52:24	8.38	--	30	25140	买盘
09:52:12	8.38	--	30	25140	买盘
09:52:06	8.38	--	206	172628	卖盘
09:52:03	8.38	--	19	15922	卖盘
09:52:00	8.38	--	30	25140	卖盘
09:51:51	8.38	--	5	4190	卖盘
09:51:45	8.38	--	8	6704	卖盘
09:51:30	8.38	--	35	29330	卖盘
09:51:24	8.38	-0.01	20	16760	卖盘
09:51:21	8.39	--	31	26009	买盘
09:51:12	8.39	0.01	7	5873	买盘
09:51:09	8.38	--	30	25140	卖盘
09:51:06	8.38	--	64	53632	卖盘
09:51:00	8.38	-0.01	50	41900	卖盘
09:50:57	8.39	0.01	113	94807	买盘
09:50:54	8.38	-0.01	24	20112	卖盘
09:50:51	8.39	--	7	5873	买盘
09:50:30	8.39	--	5	4195	买盘
09:50:18	8.39	--	32	26848	卖盘
09:50:15	8.39	--	30	25170	卖盘
09:50:12	8.39	-0.01	150	125850	卖盘
09:50:09	8.4	0.01	217	182280	买盘
09:50:03	8.39	--	3	2517	卖盘
09:49:57	8.39	--	72	60408	卖盘
09:49:21	8.39	--	1	839	卖盘
09:49:18	8.39	-0.01	50	41950	卖盘
09:49:09	8.4	0.01	3	2520	买盘
09:49:03	8.39	-0.01	10	8390	卖盘
09:49:00	8.4	--	20	16800	买盘
09:48:57	8.4	--	2	1680	买盘
09:48:54	8.4	0.01	34	28560	买盘
09:48:48	8.39	-0.01	10	8390	卖盘
09:48:45	8.4	--	5	4200	买盘
09:48:39	8.4	0.01	25	21000	买盘
09:48:36	8.39	-0.01	20	16780	卖盘
09:48:33	8.4	--	20	16800	买盘
09:48:27	8.4	0.01	1	840	买盘
09:48:15	8.39	-0.01	1	839	卖盘
09:48:12	8.4	0.01	1	840	买盘
09:47:48	8.39	-0.01	8	6712	卖盘
09:47:45	8.4	--	4	3360	买盘
09:47:42	8.4	--	9	7560	卖盘
09:47:39	8.4	--	11	9240	买盘
09:47:36	8.4	--	45	37800	买盘
09:47:33	8.4	--	20	16800	买盘
09:47:30	8.4	--	17	14280	买盘
09:47:24	8.4	--	50	42000	买盘
09:47:18	8.4	--	10	8400	买盘
09:47:12	8.4	--	50	42000	买盘
09:47:09	8.4	--	10	8400	买盘
09:47:06	8.4	0.01	2	1680	买盘
09:47:03	8.39	--	33	27687	卖盘
09:46:57	8.39	-0.01	131	109909	卖盘
09:46:42	8.4	--	12	10080	买盘
09:46:39	8.4	0.01	2	1680	买盘
09:46:36	8.39	--	30	25170	卖盘
09:46:27	8.39	--	1	839	卖盘
09:46:18	8.39	-0.01	297	249183	卖盘
09:46:03	8.4	0.01	10	8400	买盘
09:46:00	8.39	--	5	4195	卖盘
09:45:57	8.39	--	8	6712	卖盘
09:45:33	8.39	-0.01	70	58730	卖盘
09:45:27	8.4	--	2	1680	买盘
09:45:09	8.4	--	1	840	买盘
09:45:03	8.4	--	8	6720	买盘
09:44:36	8.4	--	20	16800	买盘
09:44:33	8.4	--	50	42000	买盘
09:44:27	8.4	--	9	7560	买盘
09:44:24	8.4	0.01	3	2520	买盘
09:44:18	8.39	-0.01	5	4195	卖盘
09:44:15	8.4	--	3	2520	买盘
09:44:12	8.4	--	31	26040	买盘
09:44:03	8.4	--	5	4200	买盘
09:43:51	8.4	--	16	13440	买盘
09:43:42	8.4	--	31	26040	卖盘
09:43:39	8.4	--	10	8400	卖盘
09:43:33	8.4	--	15	12600	卖盘
09:43:27	8.4	--	13	10920	卖盘
09:43:24	8.4	--	2	1680	卖盘
09:43:15	8.4	0.01	23	19320	中性盘
09:43:09	8.39	-0.01	10	8390	卖盘
09:43:06	8.4	-0.01	16	13440	卖盘
09:43:03	8.41	--	12	10092	买盘
09:43:00	8.41	0.02	30	25230	买盘
09:42:48	8.39	--	600	503400	卖盘
09:42:33	8.39	-0.01	548	459772	卖盘
09:42:27	8.4	--	2	1680	卖盘
09:42:24	8.4	--	27	22680	买盘
09:42:09	8.4	0.01	52	43680	买盘
09:42:03	8.39	-0.01	3	2517	卖盘
09:41:54	8.4	--	2	1680	买盘
09:41:48	8.4	--	1	840	买盘
09:41:24	8.4	--	9	7560	卖盘
09:41:21	8.4	--	13	10920	买盘
09:41:18	8.4	--	10	8400	买盘
09:41:15	8.4	0.01	7	5880	买盘
09:41:12	8.39	--	30	25170	卖盘
09:41:09	8.39	-0.01	10	8390	卖盘
09:41:00	8.4	--	10	8400	买盘
09:40:48	8.4	--	9	7560	买盘
09:40:42	8.4	--	123	103320	买盘
09:40:39	8.4	0.01	3	2520	买盘
09:40:36	8.39	-0.01	30	25170	卖盘
09:40:33	8.4	0.01	120	100800	买盘
09:40:27	8.39	-0.01	6	5034	卖盘
09:40:21	8.4	--	100	84000	买盘
09:40:18	8.4	--	10	8400	买盘
09:40:03	8.4	--	13	10920	买盘
09:40:00	8.4	--	10	8400	买盘
09:39:54	8.4	--	12	10080	买盘
09:39:51	8.4	--	2	1680	买盘
09:39:42	8.4	--	2	1680	买盘
09:39:09	8.4	--	2	1680	买盘
09:38:57	8.4	--	332	278880	卖盘
09:38:48	8.4	--	177	148680	卖盘
09:38:36	8.4	--	100	84000	卖盘
09:38:33	8.4	--	428	359520	买盘
09:38:27	8.4	0.01	2	1680	买盘
09:38:15	8.39	-0.01	20	16780	卖盘
09:38:12	8.4	--	18	15120	买盘
09:38:09	8.4	--	6	5040	买盘
09:38:06	8.4	0.01	5	4200	买盘
09:38:03	8.39	-0.01	101	84739	卖盘
09:38:00	8.4	--	8	6720	买盘
09:37:54	8.4	0.01	8	6720	买盘
09:37:51	8.39	-0.01	81	67959	卖盘
09:37:48	8.4	0.01	53	44520	买盘
09:37:42	8.39	-0.01	50	41950	卖盘
09:37:39	8.4	--	1	840	买盘
09:37:33	8.4	--	5	4200	买盘
09:37:30	8.4	0.01	11	9240	买盘
09:37:21	8.39	-0.01	66	55374	卖盘
09:37:18	8.4	--	18	15120	买盘
09:37:15	8.4	--	2	1680	买盘
09:37:12	8.4	--	50	42000	买盘
09:37:00	8.4	0.01	30	25200	中性盘
09:36:57	8.39	-0.01	20	16780	卖盘
09:36:48	8.4	--	11	9500	买盘
09:36:42	8.4	--	48	40899	卖盘
09:36:39	8.4	--	20	16800	卖盘
09:36:33	8.4	--	30	25460	买盘
09:36:09	8.4	--	285	239400	买盘
09:36:06	8.4	0.01	1	840	买盘
09:36:00	8.39	--	10	8390	买盘
09:35:57	8.39	-0.01	126	105714	卖盘
09:35:36	8.4	0.01	5	4200	买盘
09:35:33	8.39	--	5	4195	卖盘
09:35:27	8.39	--	49	41111	卖盘
09:35:24	8.39	--	10	8390	卖盘
09:35:12	8.39	--	30	25170	卖盘
09:35:00	8.39	-0.01	4	3356	卖盘
09:34:51	8.4	--	4	3360	买盘
09:34:48	8.4	--	23	19320	买盘
09:34:39	8.4	--	30	25200	买盘
09:34:18	8.4	--	5	4200	买盘
09:34:15	8.4	--	1	840	买盘
09:34:06	8.4	0.01	2	1680	买盘
09:34:03	8.39	-0.01	82	68798	卖盘
09:33:42	8.4	0.01	18	15120	买盘
09:33:27	8.39	--	20	16780	卖盘
09:33:24	8.39	--	12	10068	卖盘
09:33:09	8.39	0.01	67	56213	买盘
09:33:06	8.38	-0.01	5	4190	卖盘
09:32:57	8.39	0.01	9	7551	中性盘
09:32:48	8.38	--	34	28492	买盘
09:32:42	8.38	--	5	4190	买盘
09:32:39	8.38	0.01	13	10894	买盘
09:32:36	8.37	-0.01	90	75330	卖盘
09:32:30	8.38	--	19	15922	买盘
09:32:27	8.38	-0.01	179	150002	卖盘
09:32:12	8.39	-0.01	60	50340	卖盘
09:32:09	8.4	--	24	20160	买盘
09:32:03	8.4	--	58	48720	卖盘
09:32:00	8.4	--	48	40320	卖盘
09:31:57	8.4	--	64	53760	卖盘
09:31:48	8.4	--	1	840	卖盘
09:31:45	8.4	--	6	5040	卖盘
09:31:42	8.4	--	10	8400	卖盘
09:31:33	8.4	-0.01	1	840	卖盘
09:31:30	8.41	--	5	4205	买盘
09:31:15	8.41	--	2	1682	买盘
09:31:12	8.41	0.01	5	4205	买盘
09:31:09	8.4	-0.01	30	25200	卖盘
09:31:06	8.41	--	70	58870	买盘
09:31:00	8.41	--	51	42891	买盘
09:30:54	8.41	-0.01	13	10933	卖盘
09:30:42	8.42	--	48	40416	卖盘
09:30:39	8.42	--	60	50520	卖盘
09:30:36	8.42	--	6	5052	卖盘
09:30:27	8.42	-0.01	30	25260	卖盘
09:30:24	8.43	--	9	7587	卖盘
09:30:21	8.43	0.01	18	15174	买盘
09:30:18	8.42	-0.01	53	44626	卖盘
09:30:15	8.43	--	20	16860	卖盘
09:30:09	8.43	--	5	4215	卖盘
09:30:06	8.43	--	71	59853	卖盘
09:30:03	8.43	0.01	353	297579	买盘
09:30:00	8.42	--	0	0	卖盘
09:25:03	8.42	8.42	53	44626	买盘
