成交时间	成交价	价格变动	成交量(手)	成交额(元)	性质
15:00:03	32.12	0.02	173	555676	买盘
14:57:00	32.1	0.01	2	6420	买盘
14:56:57	32.09	--	6	19254	卖盘
14:56:54	32.09	--	1	3209	卖盘
14:56:45	32.09	--	5	16045	卖盘
14:56:42	32.09	0.01	12	38508	买盘
14:56:33	32.08	-0.01	9	28872	卖盘
14:56:21	32.09	--	6	19254	卖盘
14:56:15	32.09	--	10	32090	卖盘
14:56:09	32.09	--	1	3209	买盘
14:55:57	32.09	0.01	10	32090	买盘
14:55:54	32.08	-0.02	20	64160	卖盘
14:55:42	32.1	0.01	13	41730	买盘
14:55:36	32.09	-0.01	15	48135	卖盘
14:55:30	32.1	0.01	8	25680	买盘
14:55:24	32.09	--	3	9627	卖盘
14:55:18	32.09	--	10	32090	卖盘
14:55:12	32.09	-0.01	20	64180	卖盘
14:55:09	32.1	0.01	23	73830	买盘
14:55:06	32.09	-0.01	15	48135	卖盘
14:55:03	32.1	--	10	32100	买盘
14:54:54	32.1	--	74	237540	卖盘
14:54:51	32.1	0.01	5	16050	买盘
14:54:48	32.09	-0.01	50	160450	卖盘
14:54:45	32.1	--	23	73830	买盘
14:54:30	32.1	--	1	3210	买盘
14:54:24	32.1	--	5	16050	买盘
14:54:21	32.1	--	8	25680	卖盘
14:54:15	32.1	-0.01	4	12840	卖盘
14:54:12	32.11	0.01	1	3211	中性盘
14:54:06	32.1	--	2	6420	卖盘
14:54:00	32.1	--	4	12840	卖盘
14:53:51	32.1	--	2	6420	卖盘
14:53:24	32.1	-0.02	30	96300	卖盘
14:53:18	32.12	--	1	3211	卖盘
14:53:15	32.12	--	2	6423	卖盘
14:53:12	32.12	--	7	22484	买盘
14:53:03	32.12	--	6	19272	买盘
14:52:57	32.12	--	20	64239	买盘
14:52:42	32.12	--	9	28907	卖盘
14:52:33	32.12	--	6	19272	买盘
14:52:24	32.12	--	15	48179	买盘
14:52:21	32.12	0.02	4	12847	买盘
14:52:15	32.1	--	1	3210	卖盘
14:52:09	32.1	--	1	3210	卖盘
14:51:51	32.1	0.01	71	227910	买盘
14:51:33	32.09	--	1	3209	卖盘
14:51:21	32.09	-0.01	1	3209	卖盘
14:51:12	32.1	0.01	16	51360	买盘
14:51:00	32.09	--	14	44926	卖盘
14:50:57	32.09	--	10	32090	卖盘
14:50:54	32.09	--	11	35299	买盘
14:50:48	32.09	--	39	125151	买盘
14:50:45	32.09	--	2	6418	买盘
14:50:42	32.09	--	8	25672	买盘
14:50:30	32.09	0.01	5	16045	买盘
14:50:21	32.08	--	10	32080	卖盘
14:50:12	32.08	0.01	1	3208	卖盘
14:50:06	32.07	--	33	105831	买盘
14:50:00	32.07	0.01	20	64140	买盘
14:49:57	32.06	-0.01	1	3206	卖盘
14:49:33	32.07	--	7	22449	卖盘
14:49:12	32.07	--	3	9621	卖盘
14:49:00	32.07	-0.04	3	9621	卖盘
14:48:45	32.11	-0.01	270	866970	卖盘
14:48:42	32.12	--	5	16059	卖盘
14:48:33	32.12	-0.01	2	6423	买盘
14:48:18	32.13	--	5	16065	买盘
14:47:48	32.13	--	7	22491	买盘
14:47:45	32.13	--	63	202419	买盘
14:47:30	32.13	0.02	100	321300	买盘
14:47:15	32.11	0.02	101	324311	买盘
14:47:06	32.09	0.02	1	3209	买盘
14:47:00	32.07	-0.02	2	6414	卖盘
14:46:57	32.09	0.02	8	25672	买盘
14:46:51	32.07	0.01	19	60933	买盘
14:46:45	32.06	-0.01	18	57708	卖盘
14:46:30	32.07	-0.02	103	330321	卖盘
14:46:24	32.09	--	18	57762	卖盘
14:46:09	32.09	--	10	32090	卖盘
14:45:57	32.09	--	2	6418	卖盘
14:45:48	32.09	0.01	1	3209	中性盘
14:45:15	32.08	--	51	163608	买盘
14:44:54	32.08	0.01	7	22456	买盘
14:44:06	32.07	-0.01	4	12828	卖盘
14:43:51	32.08	-0.02	133	426664	卖盘
14:43:48	32.1	--	10	32100	卖盘
14:43:39	32.1	--	8	25680	买盘
14:43:30	32.1	0.02	8	25680	买盘
14:43:24	32.08	--	21	67368	卖盘
14:43:00	32.08	-0.02	20	64160	卖盘
14:42:57	32.1	--	31	99510	买盘
14:42:54	32.1	0.02	4	12840	买盘
14:42:24	32.08	-0.01	19	60952	卖盘
14:42:12	32.09	0.01	6	19254	买盘
14:42:09	32.08	--	2	6416	卖盘
14:42:00	32.08	--	4	12832	买盘
14:41:39	32.08	0.01	28	89824	买盘
14:41:21	32.07	0.01	2	6414	买盘
14:41:18	32.06	--	1	3206	卖盘
14:41:00	32.06	-0.01	10	32060	中性盘
14:40:42	32.07	-0.01	2	6414	卖盘
14:40:36	32.08	0.01	4	12832	买盘
14:40:24	32.07	--	10	32070	卖盘
14:40:21	32.07	-0.01	20	64140	卖盘
14:40:18	32.08	--	10	32080	买盘
14:39:54	32.08	--	24	76992	卖盘
14:39:51	32.08	--	36	115488	买盘
14:39:42	32.08	--	9	28872	卖盘
14:39:39	32.08	--	7	22456	卖盘
14:39:33	32.08	--	8	25664	卖盘
14:39:24	32.08	--	21	67368	卖盘
14:39:15	32.08	--	3	9624	卖盘
14:39:06	32.08	-0.02	2	6416	卖盘
14:39:00	32.1	--	17	54570	卖盘
14:38:51	32.1	--	20	64200	卖盘
14:38:42	32.1	--	8	25680	卖盘
14:38:39	32.1	-0.01	4	12840	卖盘
14:38:30	32.11	--	29	93119	卖盘
14:38:18	32.11	--	2	6422	卖盘
14:38:15	32.11	--	22	70642	卖盘
14:38:09	32.11	--	10	32110	卖盘
14:38:06	32.11	--	1	3211	卖盘
14:37:57	32.11	--	20	64220	卖盘
14:37:36	32.11	-0.02	36	115596	卖盘
14:37:24	32.13	--	56	179928	卖盘
14:37:21	32.13	--	40	128520	卖盘
14:37:09	32.13	--	10	32130	卖盘
14:37:03	32.13	--	5	16065	卖盘
14:36:39	32.13	--	28	89964	卖盘
14:36:30	32.13	--	3	9639	卖盘
14:36:24	32.13	--	10	32130	卖盘
14:36:18	32.13	-0.01	10	32130	卖盘
14:35:51	32.14	0.01	3	9642	买盘
14:35:48	32.13	--	40	128520	卖盘
14:35:21	32.13	--	1	3213	卖盘
14:34:54	32.13	--	2	6426	卖盘
14:34:48	32.13	0.01	2	6426	买盘
14:34:45	32.12	--	5	16059	卖盘
14:34:39	32.12	-0.01	5	16059	卖盘
14:34:33	32.13	--	10	32130	买盘
14:33:54	32.13	--	8	25704	卖盘
14:33:21	32.13	--	10	32130	卖盘
14:33:18	32.13	0.01	3	9639	买盘
14:32:48	32.12	--	22	70664	买盘
14:32:45	32.12	0.01	4	12847	买盘
14:32:30	32.11	-0.01	10	32110	卖盘
14:32:15	32.12	--	13	41756	卖盘
14:32:09	32.12	-0.01	1	3211	卖盘
14:32:03	32.13	--	8	25704	买盘
14:31:39	32.13	-0.01	10	32130	卖盘
14:31:33	32.14	--	2	6428	买盘
14:31:06	32.14	-0.01	1	3214	买盘
14:31:00	32.15	-0.01	53	170395	卖盘
14:30:54	32.16	0.01	5	16079	买盘
14:30:42	32.15	-0.01	10	32150	卖盘
14:30:27	32.16	0.01	5	16079	买盘
14:30:24	32.15	-0.01	1	3215	卖盘
14:29:57	32.16	--	1	3215	卖盘
14:29:42	32.16	--	4	12863	卖盘
14:29:33	32.16	--	6	19295	卖盘
14:29:27	32.16	--	5	16079	卖盘
14:29:21	32.16	--	1	3215	卖盘
14:28:21	32.16	-0.02	1	3215	卖盘
14:28:03	32.18	--	4	12872	买盘
14:27:51	32.18	--	5	16090	买盘
14:27:30	32.18	--	3	9654	卖盘
14:27:12	32.18	--	9	28962	买盘
14:26:57	32.18	--	1	3218	卖盘
14:26:51	32.18	--	14	45052	买盘
14:26:18	32.18	0.02	7	22526	买盘
14:25:51	32.16	--	15	48239	卖盘
14:24:36	32.16	--	18	57887	卖盘
14:24:15	32.16	--	5	16079	卖盘
14:23:57	32.16	-0.02	3	9647	卖盘
14:23:39	32.18	--	10	32180	买盘
14:23:18	32.18	-0.02	1	3218	卖盘
14:23:00	32.2	--	9	28980	买盘
14:22:30	32.2	0.01	2	6440	买盘
14:22:09	32.19	--	1	3219	卖盘
14:21:54	32.19	-0.01	10	32189	卖盘
14:21:39	32.2	--	5	16100	买盘
14:21:24	32.2	0.01	13	41860	买盘
14:21:15	32.19	--	3	9657	卖盘
14:20:54	32.19	-0.01	2	6438	卖盘
14:20:39	32.2	--	3	9660	卖盘
14:20:36	32.2	--	2	6440	中性盘
14:20:27	32.2	-0.01	1	3220	卖盘
14:20:15	32.21	0.01	2	6442	买盘
14:20:03	32.2	--	5	16100	卖盘
14:19:51	32.2	--	5	16100	卖盘
14:19:27	32.2	--	1	3220	卖盘
14:18:54	32.2	-0.01	5	16100	中性盘
14:18:24	32.21	0.02	20	64420	买盘
14:18:18	32.19	-0.01	5	16094	卖盘
14:18:09	32.2	--	1	3220	卖盘
14:18:00	32.2	--	10	32200	买盘
14:17:36	32.2	-0.01	3	9660	卖盘
14:17:33	32.21	0.01	50	161050	买盘
14:17:06	32.2	--	4	12880	卖盘
14:16:57	32.2	0.01	15	48300	买盘
14:16:45	32.19	-0.01	10	32189	卖盘
14:16:33	32.2	0.01	3	9660	买盘
14:16:21	32.19	0.07	267	859472	买盘
14:16:00	32.12	--	7	22484	买盘
14:15:54	32.12	--	20	64239	买盘
14:15:21	32.12	--	46	147752	买盘
14:14:18	32.12	--	4	12847	买盘
14:14:12	32.12	--	10	32119	买盘
14:13:54	32.12	0.01	2	6423	买盘
14:13:15	32.11	--	5	16055	卖盘
14:13:03	32.11	-0.01	10	32110	卖盘
14:13:00	32.12	0.01	1	3211	买盘
14:12:54	32.11	-0.01	5	16055	卖盘
14:11:54	32.12	--	8	25695	卖盘
14:11:48	32.12	-0.01	2	6423	卖盘
14:11:12	32.13	--	3	9639	买盘
14:10:42	32.13	-0.02	16	51408	卖盘
14:10:33	32.15	0.03	10	32150	买盘
14:10:09	32.12	-0.01	3	9636	卖盘
14:09:51	32.13	--	10	32130	卖盘
14:09:48	32.13	--	5	16065	卖盘
14:09:24	32.13	--	3	9639	买盘
14:08:36	32.13	0.02	2	6426	买盘
14:08:33	32.11	-0.02	1	3211	卖盘
14:08:06	32.13	--	6	19278	买盘
14:08:00	32.13	--	28	89964	买盘
14:07:42	32.13	-0.02	11	35343	卖盘
14:07:39	32.15	--	15	48225	中性盘
14:06:57	32.15	--	1	3215	卖盘
14:06:30	32.15	--	3	9645	卖盘
14:06:15	32.15	--	3	9645	卖盘
14:05:00	32.15	-0.03	5	16075	卖盘
14:04:45	32.18	--	25	80450	卖盘
14:04:39	32.18	0.03	25	80450	买盘
14:04:30	32.15	--	4	12860	卖盘
14:04:15	32.15	--	5	16075	卖盘
14:04:09	32.15	0.02	6	19290	卖盘
14:03:54	32.13	-0.05	62	199206	卖盘
14:03:48	32.18	0.02	1	3218	买盘
14:03:45	32.16	--	4	12863	卖盘
14:03:42	32.16	--	1	3215	卖盘
14:03:33	32.16	--	7	22511	卖盘
14:03:09	32.16	--	5	16079	卖盘
14:02:57	32.16	-0.02	30	96479	卖盘
14:02:27	32.18	--	10	32180	买盘
14:02:09	32.18	-0.02	114	366852	卖盘
14:02:03	32.2	--	10	32200	买盘
14:01:57	32.2	--	13	41860	卖盘
14:01:54	32.2	--	9	28980	卖盘
14:01:45	32.2	-0.01	4	12880	卖盘
14:01:42	32.21	0.01	10	32210	买盘
14:01:39	32.2	--	50	161000	卖盘
14:01:33	32.2	--	1	3220	卖盘
14:01:24	32.2	--	2	6440	卖盘
14:01:21	32.2	-0.01	2	6440	中性盘
14:00:54	32.21	--	2	6442	买盘
14:00:51	32.21	-0.01	23	74083	卖盘
14:00:45	32.22	0.01	10	32220	买盘
14:00:33	32.21	--	1	3221	卖盘
14:00:12	32.21	-0.01	4	12884	卖盘
14:00:00	32.22	--	6	19332	买盘
13:59:51	32.22	--	9	28998	买盘
13:59:09	32.22	0.01	10	32220	买盘
13:59:03	32.21	--	15	48315	卖盘
13:59:00	32.21	--	7	22547	卖盘
13:58:54	32.21	--	2	6442	卖盘
13:58:51	32.21	--	2	6442	卖盘
13:58:45	32.21	-0.01	2	6442	卖盘
13:58:36	32.22	--	1	3222	买盘
13:58:33	32.22	--	1	3222	买盘
13:58:24	32.22	-0.01	3	9666	卖盘
13:58:09	32.23	0.02	5	16114	中性盘
13:57:21	32.21	-0.06	4	12884	卖盘
13:57:00	32.27	0.06	230	742210	买盘
13:56:45	32.21	--	5	16105	卖盘
13:56:42	32.21	--	3	9663	卖盘
13:56:39	32.21	--	21	67641	卖盘
13:56:30	32.21	0.01	8	25768	买盘
13:56:18	32.2	--	2	6440	买盘
13:56:00	32.2	-0.01	8	25760	中性盘
13:55:42	32.21	0.02	1	3221	买盘
13:55:39	32.19	--	3	9657	卖盘
13:55:33	32.19	-0.07	5	16094	卖盘
13:55:15	32.26	0.01	23	74198	买盘
13:54:45	32.25	-0.01	12	38700	买盘
13:54:33	32.26	--	3	9678	卖盘
13:54:30	32.26	--	8	25808	卖盘
13:54:27	32.26	0.08	18	58068	买盘
13:54:24	32.18	-0.07	469	1509242	卖盘
13:54:15	32.25	0.01	23	74175	买盘
13:54:06	32.24	-0.01	15	48360	中性盘
13:54:03	32.25	0.01	54	174150	买盘
13:53:48	32.24	--	10	32240	买盘
13:53:45	32.24	0.05	64	206336	买盘
13:53:42	32.19	-0.05	10	32189	中性盘
13:53:33	32.24	0.05	240	773760	买盘
13:53:18	32.19	--	13	41847	买盘
13:53:15	32.19	--	30	96570	买盘
13:53:06	32.19	0.01	10	32189	买盘
13:52:54	32.18	0.04	352	1132736	买盘
13:52:39	32.14	--	2	6428	卖盘
13:52:21	32.14	-0.01	1	3214	卖盘
13:52:15	32.15	--	4	12860	买盘
13:52:12	32.15	--	24	77160	买盘
13:52:03	32.15	--	7	22505	买盘
13:52:00	32.15	--	19	61085	买盘
13:51:57	32.15	--	1	3215	买盘
13:51:45	32.15	0.01	10	32150	买盘
13:51:18	32.14	0.04	19	61066	买盘
13:51:12	32.1	--	48	154080	卖盘
13:51:00	32.1	-0.01	6	19260	卖盘
13:50:39	32.11	-0.01	61	195871	卖盘
13:50:33	32.12	0.01	1	3211	买盘
13:50:03	32.11	0.02	10	32110	买盘
13:49:45	32.09	--	2	6418	卖盘
13:49:30	32.09	--	2	6418	买盘
13:49:15	32.09	--	8	25672	卖盘
13:49:00	32.09	0.01	3	9627	中性盘
13:47:48	32.08	--	31	99448	买盘
13:47:27	32.08	--	1	3208	买盘
13:47:18	32.08	-0.05	18	57744	卖盘
13:47:06	32.13	0.05	6	19278	买盘
13:46:54	32.08	-0.04	200	641600	卖盘
13:46:39	32.12	--	10	32119	卖盘
13:46:24	32.12	--	1	3211	卖盘
13:46:15	32.12	-0.01	10	32119	卖盘
13:45:57	32.13	0.01	4	12852	买盘
13:45:36	32.12	0.01	82	263384	买盘
13:44:06	32.11	0.01	25	80275	买盘
13:42:39	32.1	--	5	16050	卖盘
13:42:27	32.1	--	5	16050	卖盘
13:42:15	32.1	--	4	12840	卖盘
13:41:30	32.1	--	10	32100	卖盘
13:41:18	32.1	--	15	48150	买盘
13:40:57	32.1	--	2	6420	买盘
13:40:51	32.1	0.02	7	22470	买盘
13:40:39	32.08	--	4	12832	卖盘
13:40:33	32.08	-0.02	10	32080	中性盘
13:39:54	32.1	-0.02	229	735090	卖盘
13:39:48	32.12	-0.01	5	16059	卖盘
13:39:33	32.13	--	3	9639	卖盘
13:39:30	32.13	--	15	48195	卖盘
13:39:03	32.13	--	3	9639	卖盘
13:38:42	32.13	--	3	9639	买盘
13:38:33	32.13	--	4	12852	卖盘
13:38:30	32.13	--	3	9639	卖盘
13:38:03	32.13	--	1	3213	卖盘
13:37:45	32.13	-0.01	30	96390	买盘
13:37:36	32.14	0.01	10	32140	买盘
13:37:27	32.13	--	9	28917	卖盘
13:36:57	32.13	--	1	3213	买盘
13:36:27	32.13	-0.02	1	3213	卖盘
13:36:00	32.15	--	25	80375	买盘
13:35:39	32.15	0.02	58	186470	买盘
13:35:18	32.13	0.02	2	6426	买盘
13:35:15	32.11	0.01	2	6422	买盘
13:35:06	32.1	--	20	64200	卖盘
13:34:54	32.1	0.02	3	9630	卖盘
13:34:42	32.08	-0.02	3	9624	买盘
13:34:33	32.1	--	2	6420	卖盘
13:34:30	32.1	--	4	12840	卖盘
13:34:27	32.1	--	26	83460	买盘
13:34:09	32.1	0.03	4	12840	买盘
13:33:48	32.07	-0.03	2	6414	卖盘
13:33:30	32.1	0.03	1	3210	买盘
13:33:06	32.07	-0.03	3	9621	卖盘
13:33:03	32.1	--	11	35310	买盘
13:32:54	32.1	--	4	12840	买盘
13:32:27	32.1	0.04	10	32100	买盘
13:32:12	32.06	--	7	22442	买盘
13:32:09	32.06	--	1	3206	买盘
13:32:00	32.06	--	1	3206	买盘
13:31:54	32.06	--	3	9618	买盘
13:31:51	32.06	--	1	3206	买盘
13:31:42	32.06	--	3	9618	买盘
13:31:36	32.06	-0.04	1	3206	中性盘
13:30:39	32.1	-0.03	44	141240	卖盘
13:30:33	32.13	--	2	6426	中性盘
13:29:57	32.13	-0.01	1	3213	卖盘
13:29:27	32.14	-0.01	4	12856	中性盘
13:29:12	32.15	--	1	3215	卖盘
13:29:09	32.15	-0.01	20	64300	卖盘
13:29:03	32.16	0.01	5	16079	买盘
13:29:00	32.15	--	3	9645	卖盘
13:28:57	32.15	--	9	28935	卖盘
13:28:51	32.15	--	20	64300	卖盘
13:28:45	32.15	-0.01	5	16075	卖盘
13:28:42	32.16	0.01	2	6431	买盘
13:28:36	32.15	--	10	32150	卖盘
13:28:30	32.15	--	2	6430	卖盘
13:28:24	32.15	--	22	70730	卖盘
13:28:15	32.15	--	6	19290	卖盘
13:28:03	32.15	-0.02	41	131815	卖盘
13:27:24	32.17	0.02	50	160850	买盘
13:27:21	32.15	--	1	3215	卖盘
13:27:06	32.15	--	2	6430	卖盘
13:26:54	32.15	--	7	22505	卖盘
13:26:51	32.15	--	1	3215	卖盘
13:26:36	32.15	-0.01	19	61085	卖盘
13:26:33	32.16	--	17	54671	买盘
13:26:21	32.16	--	1	3215	卖盘
13:26:15	32.16	--	4	12863	卖盘
13:26:03	32.16	--	2	6431	买盘
13:25:57	32.16	--	3	9647	买盘
13:25:36	32.16	--	8	25727	卖盘
13:25:33	32.16	--	5	16079	卖盘
13:25:15	32.16	0.01	32	102911	买盘
13:25:09	32.15	--	1	3215	卖盘
13:24:57	32.15	--	7	22505	卖盘
13:24:51	32.15	--	16	51440	卖盘
13:24:45	32.15	--	20	64300	卖盘
13:24:27	32.15	--	12	38580	买盘
13:23:54	32.15	--	1	3215	卖盘
13:23:51	32.15	--	3	9645	卖盘
13:23:48	32.15	--	1	3215	卖盘
13:23:45	32.15	--	20	64300	卖盘
13:23:39	32.15	--	5	16075	卖盘
13:23:36	32.15	--	10	32150	卖盘
13:23:30	32.15	--	10	32150	卖盘
13:23:24	32.15	--	3	9645	卖盘
13:23:21	32.15	--	20	64300	卖盘
13:23:18	32.15	--	27	86805	买盘
13:23:09	32.15	--	37	118955	卖盘
13:23:06	32.15	--	5	16075	卖盘
13:23:00	32.15	--	5	16075	卖盘
13:22:54	32.15	--	4	12860	买盘
13:22:45	32.15	0.05	1	3215	买盘
13:22:06	32.1	0.1	10	32100	中性盘
13:21:45	32.0	--	63	201600	买盘
13:21:42	32.0	--	6	19200	买盘
13:21:39	32.0	--	11	35200	买盘
13:21:33	32.0	-0.18	420	1344000	卖盘
13:21:03	32.18	--	50	160900	买盘
13:20:51	32.18	0.18	3	9654	买盘
13:20:45	32.0	-0.18	500	1600000	卖盘
13:20:42	32.18	--	5	16090	买盘
13:20:18	32.18	0.18	806	2593708	中性盘
13:19:57	32.0	-0.2	400	1280000	卖盘
13:19:45	32.2	0.02	470	1513400	买盘
13:19:36	32.18	0.18	2	6436	买盘
13:19:27	32.0	--	42	134400	买盘
13:19:24	32.0	--	17	54400	买盘
13:19:18	32.0	--	25	80000	买盘
13:19:12	32.0	-0.2	716	2291200	卖盘
13:18:51	32.2	0.02	199	640780	买盘
13:18:30	32.18	--	1	3218	买盘
13:18:27	32.18	-0.01	1	3218	中性盘
13:18:21	32.19	-0.01	10	32189	中性盘
13:18:03	32.2	0.01	12	38640	买盘
13:17:51	32.19	-0.01	20	64379	卖盘
13:17:45	32.2	--	3	9660	买盘
13:17:42	32.2	0.01	397	1278340	买盘
13:17:39	32.19	--	10	32189	卖盘
13:17:30	32.19	--	5	16094	卖盘
13:17:21	32.19	0.02	169	544011	买盘
13:17:12	32.17	--	6	19302	买盘
13:16:54	32.17	0.05	20	64340	买盘
13:16:45	32.12	-0.05	50	160600	卖盘
13:16:33	32.17	-0.01	10	32170	中性盘
13:16:18	32.18	--	4	12872	买盘
13:16:03	32.18	--	6	19308	卖盘
13:15:57	32.18	--	9	28962	买盘
13:15:54	32.18	--	1	3218	买盘
13:15:45	32.18	0.03	270	868860	买盘
13:15:36	32.15	0.03	10	32150	买盘
13:15:24	32.12	0.02	4	12847	中性盘
13:15:09	32.1	-0.02	128	410880	卖盘
13:15:03	32.12	--	8	25695	买盘
13:15:00	32.12	0.02	4	12847	买盘
13:14:57	32.1	-0.04	5	16050	中性盘
13:14:21	32.14	-0.01	5	16070	卖盘
13:14:15	32.15	--	3	9645	卖盘
13:14:00	32.15	0.15	55	176825	买盘
13:13:42	32.0	-0.1	134	428800	卖盘
13:13:39	32.1	0.1	10	32100	买盘
13:13:36	32.0	--	156	499200	买盘
13:13:33	32.0	--	45	144000	买盘
13:13:30	32.0	--	20	64000	买盘
13:13:21	32.0	--	279	892800	卖盘
13:13:12	32.0	--	4	12800	卖盘
13:13:03	32.0	--	321	1027200	买盘
13:13:00	32.0	--	2	6400	买盘
13:12:42	32.0	--	15	48000	买盘
13:12:36	32.0	--	9	28800	买盘
13:12:33	32.0	--	5	16000	买盘
13:12:24	32.0	0.02	21	67200	买盘
13:12:21	31.98	-0.02	57	182286	卖盘
13:11:39	32.0	--	150	480000	买盘
13:11:33	32.0	--	22	70400	买盘
13:11:30	32.0	--	65	208000	买盘
13:11:24	32.0	--	35	112000	买盘
13:11:18	32.0	--	217	694400	买盘
13:11:15	32.0	--	16	51200	买盘
13:11:12	32.0	--	18	57600	买盘
13:11:03	32.0	--	58	185600	买盘
13:10:51	32.0	--	5	16000	买盘
13:10:45	32.0	--	56	179200	卖盘
13:10:30	32.0	0.02	159	508800	买盘
13:10:27	31.98	-0.02	6	19188	卖盘
13:10:24	32.0	--	10	32000	买盘
13:10:18	32.0	--	78	249600	买盘
13:10:15	32.0	--	2	6400	买盘
13:10:12	32.0	-0.14	101	323200	卖盘
13:09:54	32.14	0.14	9	28926	买盘
13:09:51	32.0	--	73	233600	买盘
13:09:48	32.0	--	43	137600	买盘
13:09:42	32.0	--	10	32000	买盘
13:09:33	32.0	--	111	355200	买盘
13:09:27	32.0	--	54	172800	买盘
13:09:24	32.0	--	3	9600	买盘
13:09:21	32.0	--	47	150400	买盘
13:09:18	32.0	--	14	44800	买盘
13:09:12	32.0	--	81	259200	买盘
13:09:03	32.0	--	1	3200	买盘
13:09:00	32.0	0.04	5	16000	买盘
13:08:57	31.96	-0.04	6	19176	卖盘
13:08:51	32.0	--	7	22400	买盘
13:08:48	32.0	--	10	32000	买盘
13:08:45	32.0	--	1	3200	买盘
13:08:42	32.0	--	4	12800	买盘
13:08:39	32.0	--	24	76800	买盘
13:08:33	32.0	--	4	12800	买盘
13:08:30	32.0	--	2	6400	买盘
13:08:27	32.0	-0.17	116	371200	卖盘
13:08:18	32.17	0.17	5	16085	买盘
13:08:15	32.0	--	128	409600	买盘
13:08:12	32.0	-0.17	72	230400	卖盘
13:08:06	32.17	0.17	4	12868	买盘
13:08:00	32.0	-0.18	200	640000	卖盘
13:07:51	32.18	--	5	16090	买盘
13:07:48	32.18	--	51	164118	买盘
13:07:33	32.18	0.18	42	135156	买盘
13:07:27	32.0	-0.18	200	640000	卖盘
13:07:18	32.18	-0.01	5	16090	买盘
13:07:00	32.19	--	12	38628	买盘
13:06:57	32.19	--	10	32189	买盘
13:06:48	32.19	--	7	22533	买盘
13:06:42	32.19	--	6	19314	卖盘
13:06:39	32.19	-0.01	10	32189	卖盘
13:06:33	32.2	0.02	44	141680	买盘
13:06:30	32.18	0.18	45	144810	买盘
13:06:27	32.0	--	7	22400	买盘
13:06:24	32.0	--	18	57600	买盘
13:06:21	32.0	-0.18	134	428800	卖盘
13:06:15	32.18	-0.02	206	662908	中性盘
13:06:03	32.2	0.2	13	41860	买盘
13:05:48	32.0	--	8	25600	买盘
13:05:45	32.0	--	3	9600	买盘
13:05:42	32.0	--	66	211200	买盘
13:05:39	32.0	--	25	80000	买盘
13:05:36	32.0	--	35	112000	买盘
13:05:33	32.0	--	8	25600	买盘
13:05:30	32.0	--	60	192000	卖盘
13:05:27	32.0	-0.25	205	656000	卖盘
13:05:24	32.25	0.25	38	122550	买盘
13:05:21	32.0	--	107	342400	买盘
13:05:18	32.0	--	10	32000	买盘
13:05:15	32.0	-0.23	81	259200	卖盘
13:05:06	32.23	0.18	211	680052	买盘
13:05:00	32.05	0.03	210	673049	中性盘
13:04:54	32.02	--	205	656410	卖盘
13:04:45	32.02	-0.24	105	336210	卖盘
13:04:39	32.26	0.18	162	522611	买盘
13:04:36	32.08	-0.12	111	356088	卖盘
13:04:30	32.2	--	33	106260	卖盘
13:04:27	32.2	0.18	32	103040	买盘
13:04:21	32.02	-0.16	131	419462	卖盘
13:04:18	32.18	0.07	36	115848	买盘
13:04:15	32.11	-0.07	104	333944	买盘
13:04:12	32.18	0.17	17	54706	买盘
13:03:57	32.01	-0.17	101	323301	卖盘
13:03:48	32.18	0.08	103	331454	买盘
13:03:42	32.1	-0.1	100	321000	卖盘
13:03:39	32.2	--	33	106260	买盘
13:03:36	32.2	--	15	48300	买盘
13:03:27	32.2	-0.01	8	25760	买盘
13:03:12	32.21	0.16	22	70862	买盘
13:03:09	32.05	-0.15	3	9615	卖盘
13:03:00	32.2	--	35	112700	买盘
13:02:54	32.2	0.21	98	315560	买盘
13:02:51	31.99	-0.01	7	22393	中性盘
13:02:42	32.0	-0.13	55	176000	卖盘
13:02:36	32.13	-0.08	3	9639	中性盘
13:02:21	32.21	-0.07	41	132061	卖盘
13:02:18	32.28	--	18	58104	买盘
13:02:15	32.28	0.02	11	35508	买盘
13:02:12	32.26	0.05	15	48390	中性盘
13:02:09	32.21	-0.01	41	132061	卖盘
13:02:06	32.22	0.01	1	3222	买盘
13:02:03	32.21	--	3	9663	卖盘
13:02:00	32.21	0.08	245	789145	买盘
13:01:57	32.13	--	61	195993	卖盘
13:01:54	32.13	--	5	16065	卖盘
13:01:51	32.13	-0.02	20	64260	卖盘
13:01:45	32.15	0.05	33	106095	买盘
13:01:42	32.1	-0.05	63	202230	卖盘
13:01:36	32.15	-0.03	69	221835	卖盘
13:01:33	32.18	0.03	10	32180	买盘
13:01:24	32.15	0.03	267	858405	买盘
13:01:21	32.12	0.02	2	6423	买盘
13:01:15	32.1	-0.03	24	77040	卖盘
13:01:12	32.13	--	128	411264	买盘
13:01:06	32.13	0.1	21	67473	买盘
13:01:03	32.03	-0.1	5	16015	中性盘
13:01:00	32.13	0.07	1029	3306177	买盘
13:00:57	32.06	0.06	30	96180	买盘
13:00:39	32.0	--	10	32000	卖盘
13:00:36	32.0	--	2	6400	卖盘
13:00:24	32.0	0.04	183	585600	买盘
13:00:18	31.96	--	2	6392	买盘
13:00:15	31.96	0.05	120	383520	买盘
13:00:06	31.91	0.01	4	12764	买盘
13:00:03	31.9	--	5	15950	卖盘
13:00:00	31.9	0.11	1119	3569610	买盘
11:30:00	31.79	--	0	540	买盘
11:29:09	31.79	--	9	28611	买盘
11:28:54	31.79	0.01	12	38148	买盘
11:28:51	31.78	-0.01	16	50848	卖盘
11:28:39	31.79	-0.01	7	22253	卖盘
11:28:21	31.8	--	5	15900	买盘
11:28:15	31.8	--	31	98580	买盘
11:27:42	31.8	0.01	5	15900	买盘
11:27:24	31.79	0.01	1	3179	买盘
11:27:09	31.78	--	8	25424	买盘
11:27:03	31.78	0.01	5	15890	买盘
11:26:45	31.77	-0.01	0	1207	卖盘
11:26:06	31.78	--	32	101696	卖盘
11:23:36	31.78	--	2	6356	卖盘
11:22:36	31.78	-0.02	18	57204	卖盘
11:22:24	31.8	--	5	15900	买盘
11:21:54	31.8	0.02	5	15900	买盘
11:21:33	31.78	-0.02	15	47670	卖盘
11:20:39	31.8	--	12	38160	买盘
11:20:03	31.8	--	3	9540	买盘
11:19:48	31.8	0.01	20	63600	买盘
11:19:06	31.79	0.02	10	31790	买盘
11:18:45	31.77	-0.02	5	15885	卖盘
11:17:12	31.79	--	8	25432	买盘
11:17:09	31.79	--	5	15895	买盘
11:16:39	31.79	0.03	19	60401	买盘
11:15:51	31.76	--	2	6352	卖盘
11:15:33	31.76	--	11	34936	买盘
11:15:27	31.76	--	12	38112	买盘
11:15:09	31.76	-0.03	27	85752	卖盘
11:14:09	31.79	0.02	8	25432	买盘
11:14:00	31.77	--	5	15885	买盘
11:13:54	31.77	0.01	8	25416	中性盘
11:12:24	31.76	0.02	3	9528	中性盘
11:11:00	31.74	0.01	10	31740	中性盘
11:10:18	31.73	--	5	15865	中性盘
11:09:48	31.73	-0.01	9	28557	卖盘
11:09:39	31.74	--	30	95220	卖盘
11:09:33	31.74	-0.01	4	12696	卖盘
11:09:27	31.75	--	6	19050	买盘
11:09:21	31.75	--	10	31750	买盘
11:09:15	31.75	0.01	1	3175	买盘
11:09:09	31.74	--	6	19044	卖盘
11:09:06	31.74	--	1	3174	卖盘
11:09:03	31.74	-0.01	6	19044	卖盘
11:08:45	31.75	-0.03	119	377825	卖盘
11:08:42	31.78	--	3	9534	卖盘
11:08:21	31.78	--	10	31780	卖盘
11:08:18	31.78	--	6	19068	卖盘
11:08:12	31.78	-0.02	10	31780	卖盘
11:07:51	31.8	--	7	24899	卖盘
11:07:39	31.8	--	30	95400	卖盘
11:07:30	31.8	--	2	6360	卖盘
11:07:12	31.8	--	20	63600	卖盘
11:05:54	31.8	--	5	15900	卖盘
11:05:03	31.8	-0.01	20	63600	卖盘
11:03:45	31.81	0.01	10	31810	买盘
11:03:42	31.8	--	3	9540	卖盘
11:03:36	31.8	--	2	6360	卖盘
11:03:15	31.8	--	2	6360	卖盘
11:03:09	31.8	--	7	22260	卖盘
11:03:00	31.8	--	21	66780	卖盘
11:02:48	31.8	--	17	54060	卖盘
11:02:12	31.8	-0.01	50	159000	卖盘
11:01:54	31.81	--	10	34959	卖盘
11:00:39	31.81	--	0	31	买盘
11:00:15	31.81	--	3	12692	卖盘
10:59:24	31.81	--	10	31810	卖盘
10:59:18	31.81	0.01	5	15936	买盘
10:59:06	31.8	-0.01	9	28620	卖盘
10:58:48	31.81	--	1	3181	买盘
10:58:33	31.81	--	13	44502	卖盘
10:58:24	31.81	-0.02	2	6362	卖盘
10:58:12	31.83	--	128	407424	卖盘
10:58:09	31.83	-0.01	2	6366	卖盘
10:58:03	31.84	--	9	28656	买盘
10:57:48	31.84	0.01	106	337504	买盘
10:57:33	31.83	0.02	31	98673	买盘
10:56:57	31.81	0.01	1	3212	买盘
10:56:48	31.8	-0.01	4	12720	卖盘
10:56:24	31.81	--	58	187647	卖盘
10:56:00	31.81	-0.02	3	9543	卖盘
10:55:15	31.83	0.02	13	41379	买盘
10:54:30	31.81	--	5	15905	卖盘
10:54:21	31.81	--	20	63620	卖盘
10:53:51	31.81	-0.02	120	381720	卖盘
10:53:24	31.83	-0.01	0	31	卖盘
10:53:18	31.84	0.01	1	3184	买盘
10:52:21	31.83	--	4	12732	卖盘
10:51:33	31.83	-0.01	8	25464	卖盘
10:51:15	31.84	--	1	3184	买盘
10:51:12	31.84	0.01	6	19104	买盘
10:50:57	31.83	-0.01	2	6366	卖盘
10:50:42	31.84	0.01	1	3184	买盘
10:50:33	31.83	-0.01	25	79575	卖盘
10:50:03	31.84	0.01	17	54128	买盘
10:49:57	31.83	--	2	6366	卖盘
10:49:51	31.83	--	2	6366	卖盘
10:49:18	31.83	-0.01	5	15915	卖盘
10:48:42	31.84	-0.01	4	12736	卖盘
10:48:06	31.85	--	14	44590	买盘
10:47:27	31.85	--	1	3185	买盘
10:47:18	31.85	0.01	50	159250	买盘
10:46:48	31.84	-0.01	7	22288	卖盘
10:46:00	31.85	--	35	111475	买盘
10:45:48	31.85	--	34	108290	买盘
10:45:00	31.85	--	31	98735	买盘
10:44:54	31.85	--	26	82810	买盘
10:44:00	31.85	0.02	9	28665	买盘
10:43:54	31.83	-0.02	1	3183	卖盘
10:43:12	31.85	--	5	15925	买盘
10:43:09	31.85	--	34	108290	买盘
10:43:00	31.85	--	2	6370	买盘
10:42:57	31.85	--	11	35035	买盘
10:42:51	31.85	-0.04	5	15925	卖盘
10:42:30	31.89	--	2	6378	买盘
10:42:00	31.89	--	2	6378	买盘
10:41:45	31.89	0.01	1	3189	买盘
10:41:36	31.88	--	42	133896	买盘
10:41:30	31.88	--	31	98828	买盘
10:41:21	31.88	0.07	23	73324	买盘
10:41:15	31.81	-0.02	20	63620	卖盘
10:41:12	31.83	-0.05	1	3183	卖盘
10:41:03	31.88	0.07	160	510080	买盘
10:40:39	31.81	--	56	178136	买盘
10:40:30	31.81	--	16	50896	买盘
10:40:24	31.81	--	10	31810	买盘
10:40:15	31.81	--	2	6362	买盘
10:40:03	31.81	--	5	15905	买盘
10:39:57	31.81	--	10	31810	买盘
10:39:54	31.81	--	3	9543	买盘
10:39:51	31.81	--	20	63620	买盘
10:39:48	31.81	--	3	9543	卖盘
10:39:45	31.81	--	7	22267	买盘
10:39:30	31.81	0.01	400	1272400	买盘
10:39:00	31.8	-0.01	1	3180	卖盘
10:38:57	31.81	0.01	33	104973	中性盘
10:38:51	31.8	-0.01	100	318000	卖盘
10:38:48	31.81	--	60	190860	卖盘
10:38:36	31.81	0.01	50	159050	中性盘
10:37:54	31.8	--	70	222600	卖盘
10:37:24	31.8	-0.01	12	38160	卖盘
10:37:03	31.81	-0.02	53	168593	卖盘
10:36:51	31.83	--	10	31830	买盘
10:36:18	31.83	-0.01	15	47745	卖盘
10:36:06	31.84	-0.04	97	308848	卖盘
10:34:00	31.88	0.04	32	102016	买盘
10:33:54	31.84	--	1	3184	卖盘
10:33:30	31.84	--	4	12736	买盘
10:33:21	31.84	-0.05	6	19104	卖盘
10:33:12	31.89	0.01	50	159450	买盘
10:32:42	31.88	0.04	19	60572	买盘
10:32:06	31.84	-0.04	70	222880	中性盘
10:31:45	31.88	--	9	28692	卖盘
10:31:39	31.88	-0.01	70	223160	卖盘
10:31:36	31.89	0.01	8	25512	买盘
10:31:18	31.88	--	2	6376	买盘
10:31:12	31.88	-0.02	8	25504	中性盘
10:30:09	31.9	--	1	3190	卖盘
10:29:54	31.9	--	2	6380	买盘
10:29:48	31.9	--	280	893200	卖盘
10:29:27	31.9	0.04	101	322190	买盘
10:29:18	31.86	--	36	114696	卖盘
10:29:15	31.86	--	1	3186	卖盘
10:29:06	31.86	--	20	63720	卖盘
10:29:03	31.86	0.06	98	312228	买盘
10:28:09	31.8	--	12	38160	卖盘
10:27:51	31.8	--	27	86400	买盘
10:27:48	31.8	--	1	3180	买盘
10:27:24	31.8	-0.05	131	416580	卖盘
10:27:18	31.85	0.04	132	420420	买盘
10:26:57	31.81	-0.01	20	63620	中性盘
10:26:24	31.82	-0.03	10	31820	中性盘
10:25:39	31.85	0.05	145	461825	买盘
10:24:45	31.8	--	5	15900	卖盘
10:24:21	31.8	--	18	57240	卖盘
10:23:51	31.8	-0.01	23	73140	卖盘
10:23:12	31.81	--	1	3181	卖盘
10:23:03	31.81	--	3	9543	买盘
10:22:57	31.81	--	2	6362	卖盘
10:22:06	31.81	--	20	63620	卖盘
10:21:45	31.81	--	4	12724	买盘
10:21:39	31.81	--	1	3181	买盘
10:21:30	31.81	--	3	9543	买盘
10:20:21	31.81	0.01	1	3181	买盘
10:20:15	31.8	-0.01	1	3180	卖盘
10:20:03	31.81	-0.02	19	60439	卖盘
10:20:00	31.83	--	10	31830	买盘
10:19:09	31.83	--	3	9549	买盘
10:18:39	31.83	--	7	22281	买盘
10:18:30	31.83	0.01	103	327849	买盘
10:18:12	31.82	--	358	1139156	卖盘
10:17:54	31.82	--	32	101824	卖盘
10:17:48	31.82	-0.01	10	31820	中性盘
10:17:00	31.83	0.01	5	15915	买盘
10:16:51	31.82	--	7	22274	卖盘
10:16:45	31.82	--	15	47730	卖盘
10:16:42	31.82	-0.01	1	3182	卖盘
10:16:30	31.83	--	20	63660	卖盘
10:16:27	31.83	-0.01	18	57294	卖盘
10:16:21	31.84	--	3	9552	买盘
10:16:18	31.84	0.01	5	15920	买盘
10:15:51	31.83	0.01	21	66843	买盘
10:15:33	31.82	--	3	9546	卖盘
10:15:15	31.82	-0.01	6	19092	卖盘
10:14:42	31.83	-0.01	5	15915	中性盘
10:14:24	31.84	0.02	182	579488	买盘
10:14:15	31.82	--	1	3182	卖盘
10:14:06	31.82	--	1	3182	卖盘
10:13:39	31.82	--	2	6364	卖盘
10:13:36	31.82	0.07	27	85914	买盘
10:12:54	31.75	-0.03	88	279400	卖盘
10:11:48	31.78	--	7	22246	买盘
10:11:27	31.78	--	3	9534	中性盘
10:11:03	31.78	0.01	10	31780	买盘
10:10:54	31.77	-0.01	4	12708	卖盘
10:10:45	31.78	--	1	3178	买盘
10:10:42	31.78	0.01	1	3178	买盘
10:10:27	31.77	-0.01	1	3177	卖盘
10:10:15	31.78	0.01	3	9534	中性盘
10:09:36	31.77	--	1	3177	卖盘
10:07:54	31.77	--	3	9531	买盘
10:07:30	31.77	--	16	50832	买盘
10:07:03	31.77	-0.05	71	225567	卖盘
10:06:57	31.82	--	3	9546	卖盘
10:06:54	31.82	--	1	3182	卖盘
10:06:48	31.82	--	10	31820	卖盘
10:06:42	31.82	--	7	22274	买盘
10:06:39	31.82	--	1	3182	买盘
10:06:12	31.82	0.02	4	12728	买盘
10:05:54	31.8	-0.04	42	133560	卖盘
10:04:27	31.84	0.02	10	31840	买盘
10:04:18	31.82	--	5	15910	卖盘
10:04:00	31.82	--	4	12728	卖盘
10:03:57	31.82	--	26	82732	卖盘
10:03:54	31.82	--	9	28638	买盘
10:03:06	31.82	0.02	10	31820	买盘
10:02:42	31.8	--	10	31800	卖盘
10:02:09	31.8	--	5	15900	买盘
10:02:03	31.8	--	5	15900	买盘
10:02:00	31.8	--	10	31800	买盘
10:01:57	31.8	--	10	31800	买盘
10:01:42	31.8	0.02	8	25440	买盘
10:01:03	31.78	--	13	41314	买盘
10:01:00	31.78	--	2	6356	卖盘
10:00:54	31.78	--	7	22246	买盘
10:00:45	31.78	--	3	9534	卖盘
10:00:33	31.78	--	1	3178	卖盘
10:00:30	31.78	--	15	47670	卖盘
09:59:48	31.78	--	2	6356	买盘
09:59:45	31.78	-0.03	18	57204	卖盘
09:59:06	31.81	0.03	20	63620	中性盘
09:58:42	31.78	-0.04	2	6356	卖盘
09:58:21	31.82	-0.02	14	44548	卖盘
09:57:24	31.84	--	15	47760	买盘
09:56:51	31.84	0.01	6	19104	买盘
09:56:42	31.83	--	4	12732	卖盘
09:56:33	31.83	--	25	79575	买盘
09:56:27	31.83	--	4	12732	卖盘
09:56:18	31.83	--	1	3183	卖盘
09:55:54	31.83	0.01	2	6366	中性盘
09:54:45	31.82	--	1	3182	卖盘
09:54:30	31.82	-0.03	1	3182	卖盘
09:54:21	31.85	--	10	31850	买盘
09:54:06	31.85	--	14	44590	卖盘
09:54:00	31.85	--	6	19110	卖盘
09:53:54	31.85	--	16	50960	卖盘
09:53:33	31.85	--	1	3185	卖盘
09:53:18	31.85	--	34	108290	买盘
09:53:03	31.85	0.01	20	63700	买盘
09:52:42	31.84	--	1	3184	卖盘
09:52:36	31.84	0.02	18	57312	买盘
09:52:06	31.82	--	5	15910	卖盘
09:51:39	31.82	--	2	6364	卖盘
09:51:36	31.82	--	5	15910	买盘
09:50:57	31.82	0.01	7	22274	中性盘
09:50:51	31.81	--	29	92249	卖盘
09:50:42	31.81	0.04	68	216308	买盘
09:50:27	31.77	--	2	6354	卖盘
09:49:42	31.77	-0.03	8	25416	卖盘
09:49:39	31.8	--	1	3180	买盘
09:49:15	31.8	0.03	9	28620	买盘
09:49:12	31.77	-0.03	5	15885	卖盘
09:49:09	31.8	-0.01	6	19080	卖盘
09:48:51	31.81	--	17	54077	卖盘
09:48:30	31.81	--	8	25448	卖盘
09:48:15	31.81	-0.04	5	15905	中性盘
09:47:24	31.85	--	10	31850	买盘
09:47:21	31.85	-0.02	6	19110	中性盘
09:47:00	31.87	0.02	10	31870	买盘
09:46:54	31.85	--	2	6370	卖盘
09:46:45	31.85	0.05	17	54145	买盘
09:46:42	31.8	-0.06	30	95400	卖盘
09:46:33	31.86	--	7	22302	买盘
09:46:24	31.86	--	57	181602	买盘
09:46:15	31.86	--	20	63720	买盘
09:46:06	31.86	--	15	47790	卖盘
09:46:03	31.86	-0.03	16	50976	卖盘
09:46:00	31.89	--	30	95670	买盘
09:45:45	31.89	--	3	9567	买盘
09:45:36	31.89	0.04	10	31890	买盘
09:45:33	31.85	--	8	25480	买盘
09:45:27	31.85	0.01	2	6370	买盘
09:45:24	31.84	--	2	6368	买盘
09:45:18	31.84	0.01	8	25472	买盘
09:45:06	31.83	0.03	13	41379	买盘
09:44:51	31.8	--	6	19080	买盘
09:44:45	31.8	--	6	19080	买盘
09:44:36	31.8	0.08	2	6360	买盘
09:44:33	31.72	-0.08	10	31720	卖盘
09:44:21	31.8	0.08	8	25440	买盘
09:44:12	31.72	--	1	3172	卖盘
09:44:03	31.72	--	19	60268	买盘
09:43:54	31.72	--	10	31720	买盘
09:43:42	31.72	--	50	158600	卖盘
09:43:39	31.72	-0.04	11	34892	卖盘
09:43:36	31.76	--	10	31760	买盘
09:43:15	31.76	-0.01	2	6352	中性盘
09:42:51	31.77	0.03	13	41301	买盘
09:42:30	31.74	-0.01	10	31740	卖盘
09:41:54	31.75	--	10	31750	卖盘
09:41:51	31.75	--	15	47625	卖盘
09:41:45	31.75	--	2	6350	买盘
09:41:33	31.75	0.01	5	15875	买盘
09:41:24	31.74	-0.01	47	149178	卖盘
09:41:21	31.75	0.01	3	9525	买盘
09:41:18	31.74	--	3	9522	卖盘
09:41:12	31.74	0.05	10	31740	买盘
09:41:03	31.69	-0.01	2	6338	卖盘
09:41:00	31.7	0.01	2	6340	买盘
09:40:51	31.69	--	24	76056	买盘
09:40:45	31.69	--	27	85563	买盘
09:40:39	31.69	--	42	133098	买盘
09:40:24	31.69	-0.01	22	69718	卖盘
09:40:15	31.7	0.01	4	12680	买盘
09:40:03	31.69	--	14	44366	买盘
09:39:57	31.69	--	38	120422	买盘
09:39:51	31.69	--	10	31690	买盘
09:39:42	31.69	--	10	31690	买盘
09:39:27	31.69	-0.01	24	76056	卖盘
09:39:21	31.7	--	11	34870	买盘
09:39:18	31.7	--	14	44380	卖盘
09:39:12	31.7	0.01	6	19020	卖盘
09:38:54	31.69	--	1	3169	卖盘
09:38:45	31.69	--	6	19014	买盘
09:38:30	31.69	--	10	31690	买盘
09:38:15	31.69	0.03	4	12676	买盘
09:38:12	31.66	--	15	47490	买盘
09:38:09	31.66	--	10	31660	买盘
09:38:00	31.66	0.01	2	6332	买盘
09:37:54	31.65	-0.01	1	3165	卖盘
09:37:51	31.66	--	15	47490	买盘
09:37:48	31.66	0.01	2	6332	买盘
09:37:21	31.65	--	13	41145	卖盘
09:37:03	31.65	--	3	9495	卖盘
09:37:00	31.65	-0.01	6	18990	卖盘
09:36:54	31.66	--	4	12664	卖盘
09:36:42	31.66	--	2	6332	卖盘
09:36:30	31.66	0.01	18	56988	买盘
09:36:27	31.65	--	8	25320	买盘
09:36:18	31.65	0.02	3	9495	买盘
09:36:09	31.63	--	5	15815	卖盘
09:35:54	31.63	--	20	63260	卖盘
09:35:45	31.63	--	10	31630	卖盘
09:35:42	31.63	0.02	13	41119	买盘
09:35:39	31.61	--	11	34771	卖盘
09:35:36	31.61	--	29	91669	卖盘
09:35:33	31.61	--	10	31610	卖盘
09:35:27	31.61	-0.02	19	60059	卖盘
09:35:24	31.63	-0.01	19	60097	卖盘
09:35:18	31.64	-0.01	2	6328	中性盘
09:35:00	31.65	--	10	31650	买盘
09:34:57	31.65	-0.01	80	253200	卖盘
09:34:54	31.66	--	10	31660	买盘
09:34:51	31.66	--	5	15830	买盘
09:34:48	31.66	--	1	3166	买盘
09:34:39	31.66	-0.01	6	18996	卖盘
09:34:27	31.67	--	1	3167	买盘
09:34:24	31.67	0.02	16	50672	中性盘
09:34:12	31.65	-0.02	50	158250	卖盘
09:34:09	31.67	--	5	15835	买盘
09:34:06	31.67	--	43	136181	卖盘
09:33:48	31.67	-0.01	18	57006	卖盘
09:33:36	31.68	--	6	19008	买盘
09:33:33	31.68	--	3	9504	买盘
09:33:30	31.68	--	15	47520	卖盘
09:33:24	31.68	-0.01	3	9504	卖盘
09:33:12	31.69	-0.06	8	25352	卖盘
09:32:57	31.75	-0.01	14	44450	卖盘
09:32:36	31.76	--	10	31760	卖盘
09:32:00	31.76	0.01	20	63520	买盘
09:31:57	31.75	-0.01	3	9525	卖盘
09:31:48	31.76	--	1	3176	买盘
09:31:45	31.76	--	9	28584	买盘
09:31:36	31.76	--	9	28584	卖盘
09:31:21	31.76	--	5	15880	卖盘
09:30:57	31.76	--	14	44464	卖盘
09:30:51	31.76	--	2	6352	卖盘
09:30:45	31.76	--	1	3176	卖盘
09:30:42	31.76	-0.01	2	6352	卖盘
09:30:36	31.77	--	49	155673	卖盘
09:30:18	31.77	-0.03	1	3177	卖盘
09:30:06	31.8	--	5	15900	卖盘
09:30:03	31.8	31.8	26	82680	买盘
