成交时间	成交价	价格变动	成交量(手)	成交额(元)	性质
15:00:03	7.8	--	314	244920	卖盘
14:57:00	7.8	--	0	0	卖盘
14:56:57	7.8	--	40	31200	卖盘
14:56:54	7.8	--	15	11700	卖盘
14:56:42	7.8	0.01	152	118950	买盘
14:56:39	7.79	-0.01	10	7790	卖盘
14:56:33	7.8	0.01	20	15600	买盘
14:56:30	7.79	-0.01	3	2337	卖盘
14:56:27	7.8	--	35	27300	买盘
14:56:24	7.8	0.01	1	780	买盘
14:56:21	7.79	-0.01	10	7790	卖盘
14:56:06	7.8	--	30	23400	买盘
14:56:00	7.8	0.01	50	39000	买盘
14:55:51	7.79	-0.01	3	2337	卖盘
14:55:42	7.8	0.01	12	9360	买盘
14:55:36	7.79	-0.01	22	17138	卖盘
14:55:30	7.8	--	15	11700	买盘
14:55:21	7.8	--	5	3900	买盘
14:55:15	7.8	0.01	2	1560	买盘
14:55:12	7.79	-0.01	25	19475	卖盘
14:55:09	7.8	--	191	148980	买盘
14:55:00	7.8	--	25	19500	买盘
14:54:57	7.8	--	15	11700	买盘
14:54:48	7.8	--	83	64740	买盘
14:54:39	7.8	--	1	780	买盘
14:54:36	7.8	0.01	11	8580	买盘
14:54:27	7.79	-0.01	8	6232	卖盘
14:54:24	7.8	--	10	7800	买盘
14:54:15	7.8	--	48	37830	卖盘
14:54:09	7.8	--	50	39000	卖盘
14:54:06	7.8	--	40	31200	卖盘
14:54:03	7.8	--	10	7800	卖盘
14:54:00	7.8	--	10	7800	卖盘
14:53:54	7.8	--	112	87360	卖盘
14:53:24	7.8	--	89	69420	卖盘
14:53:18	7.8	--	40	31200	卖盘
14:53:12	7.8	--	30	23400	卖盘
14:53:03	7.8	--	39	30420	卖盘
14:53:00	7.8	0.01	96	75270	买盘
14:52:57	7.79	-0.01	10	7790	卖盘
14:52:54	7.8	--	83	64740	买盘
14:52:36	7.8	0.01	75	58500	买盘
14:52:30	7.79	-0.01	30	23370	卖盘
14:52:24	7.8	0.01	1	780	买盘
14:52:18	7.79	--	73	57256	卖盘
14:52:03	7.79	--	10	7790	卖盘
14:51:51	7.79	--	7	5453	卖盘
14:51:45	7.79	-0.01	170	132430	卖盘
14:51:36	7.8	0.01	22	17160	买盘
14:51:30	7.79	--	2	1558	卖盘
14:51:27	7.79	-0.01	36	28044	卖盘
14:50:57	7.8	--	19	15210	卖盘
14:50:51	7.8	--	19	15210	卖盘
14:50:39	7.8	0.01	13	10140	买盘
14:50:33	7.79	-0.02	42	32718	卖盘
14:50:30	7.81	0.01	78	60918	买盘
14:50:27	7.8	--	21	16380	买盘
14:50:18	7.8	--	27	21060	卖盘
14:49:57	7.8	-0.01	41	31980	卖盘
14:49:48	7.81	--	30	23430	买盘
14:49:39	7.81	0.01	10	7810	买盘
14:49:36	7.8	--	182	141960	卖盘
14:49:33	7.8	-0.01	48	37440	卖盘
14:49:30	7.81	0.01	74	57794	买盘
14:49:27	7.8	--	25	19500	卖盘
14:49:09	7.8	-0.01	16	12480	卖盘
14:49:06	7.81	--	20	15620	买盘
14:49:00	7.81	--	50	39050	买盘
14:48:54	7.81	0.01	31	24211	买盘
14:48:48	7.8	--	15	11700	卖盘
14:48:45	7.8	--	5	3900	卖盘
14:48:30	7.8	--	2	1560	卖盘
14:48:24	7.8	--	39	30420	卖盘
14:48:15	7.8	0.01	145	113100	买盘
14:48:06	7.79	-0.01	10	7790	卖盘
14:47:51	7.8	--	31	24180	买盘
14:47:33	7.8	--	88	68640	买盘
14:47:24	7.8	0.01	3	2340	买盘
14:47:12	7.79	--	3	2337	卖盘
14:47:06	7.79	-0.01	5	3895	卖盘
14:46:57	7.8	0.01	5	3900	买盘
14:46:45	7.79	--	2	1558	卖盘
14:46:42	7.79	-0.01	16	12464	卖盘
14:46:27	7.8	0.01	3	2340	中性盘
14:46:09	7.79	--	3	2337	卖盘
14:46:06	7.79	--	3	2337	卖盘
14:45:42	7.79	-0.01	1	779	卖盘
14:45:33	7.8	0.01	19	14820	买盘
14:45:09	7.79	--	3	2337	卖盘
14:45:06	7.79	-0.01	3	2337	卖盘
14:45:00	7.8	--	3	2340	买盘
14:44:57	7.8	--	13	10140	买盘
14:44:54	7.8	--	35	27300	卖盘
14:44:51	7.8	-0.01	5	3900	卖盘
14:44:48	7.81	0.01	4	3124	买盘
14:44:27	7.8	--	38	29640	卖盘
14:44:21	7.8	--	35	27300	卖盘
14:44:15	7.8	--	100	78000	卖盘
14:44:09	7.8	--	4	3120	卖盘
14:44:06	7.8	--	3	2340	卖盘
14:43:33	7.8	-0.01	20	15600	卖盘
14:43:27	7.81	0.01	5	3905	买盘
14:43:09	7.8	--	3	2340	卖盘
14:43:06	7.8	-0.01	3	2340	卖盘
14:42:51	7.81	0.01	6	4686	买盘
14:42:42	7.8	--	10	7800	卖盘
14:42:18	7.8	-0.01	14	10920	卖盘
14:42:15	7.81	0.01	6	4686	买盘
14:42:09	7.8	--	3	2340	卖盘
14:42:06	7.8	--	2	1560	卖盘
14:42:03	7.8	--	30	23400	卖盘
14:41:51	7.8	--	31	24180	卖盘
14:41:36	7.8	-0.01	10	7800	卖盘
14:41:27	7.81	0.01	2	1562	买盘
14:41:21	7.8	--	25	19890	卖盘
14:41:09	7.8	--	2	1560	卖盘
14:41:06	7.8	--	3	2340	卖盘
14:41:03	7.8	--	2	1560	卖盘
14:41:00	7.8	-0.01	6	4680	卖盘
14:40:36	7.81	0.01	64	49984	买盘
14:40:09	7.8	--	2	1560	卖盘
14:40:06	7.8	--	193	150540	卖盘
14:40:00	7.8	--	5	3900	卖盘
14:39:57	7.8	--	1	780	卖盘
14:39:54	7.8	--	7	5460	卖盘
14:39:45	7.8	--	37	29250	卖盘
14:39:27	7.8	--	38	29640	卖盘
14:39:24	7.8	-0.01	10	7800	卖盘
14:39:21	7.81	0.01	15	11715	买盘
14:39:18	7.8	--	16	12480	卖盘
14:39:09	7.8	--	2	1560	卖盘
14:39:06	7.8	--	2	1560	卖盘
14:39:03	7.8	-0.01	1	780	卖盘
14:39:00	7.81	--	1	781	买盘
14:38:42	7.81	--	2	1562	买盘
14:38:39	7.81	--	100	78100	买盘
14:38:36	7.81	--	21	16401	买盘
14:38:27	7.81	--	392	306152	卖盘
14:38:24	7.81	--	71	55451	卖盘
14:38:09	7.81	--	4	3124	卖盘
14:38:06	7.81	--	3	2343	卖盘
14:37:48	7.81	--	10	7810	卖盘
14:37:42	7.81	--	10	7810	卖盘
14:37:27	7.81	--	10	7810	卖盘
14:37:24	7.81	0.01	19	14839	买盘
14:37:12	7.8	--	1	780	卖盘
14:37:09	7.8	--	3	2340	卖盘
14:37:06	7.8	--	3	2340	卖盘
14:36:54	7.8	-0.01	141	109980	卖盘
14:36:39	7.81	--	14	10934	卖盘
14:36:24	7.81	--	6	4686	买盘
14:36:12	7.81	0.01	20	15620	买盘
14:36:09	7.8	--	2	1560	卖盘
14:36:06	7.8	--	3	2340	卖盘
14:36:03	7.8	-0.01	210	163800	卖盘
14:35:48	7.81	0.01	10	7810	买盘
14:35:42	7.8	--	60	46800	卖盘
14:35:15	7.8	-0.01	7	5460	卖盘
14:35:12	7.81	0.01	30	23430	买盘
14:35:09	7.8	--	4	3120	卖盘
14:35:06	7.8	-0.01	3	2340	卖盘
14:34:54	7.81	--	30	23430	买盘
14:34:48	7.81	--	11	8591	卖盘
14:34:42	7.81	-0.01	1	1171	卖盘
14:34:36	7.82	0.01	3	2346	买盘
14:34:27	7.81	--	1	1171	卖盘
14:34:24	7.81	--	20	15620	卖盘
14:34:21	7.81	--	38	29678	卖盘
14:34:18	7.81	--	60	46860	卖盘
14:34:09	7.81	--	2	1562	卖盘
14:34:06	7.81	--	3	2343	卖盘
14:34:00	7.81	--	1	781	卖盘
14:33:57	7.81	--	2	1562	卖盘
14:33:36	7.81	-0.01	100	78100	卖盘
14:33:24	7.82	--	12	9384	卖盘
14:33:09	7.82	0.01	43	33626	买盘
14:33:06	7.81	-0.01	2	1562	卖盘
14:33:03	7.82	--	98	76636	买盘
14:32:51	7.82	0.01	6	4692	买盘
14:32:42	7.81	-0.01	1	781	卖盘
14:32:39	7.82	-0.01	10	7820	卖盘
14:32:21	7.83	0.01	2	1566	买盘
14:32:09	7.82	--	2	1564	卖盘
14:32:06	7.82	--	3	2346	卖盘
14:32:00	7.82	--	60	46920	买盘
14:31:27	7.82	--	29	22678	买盘
14:31:24	7.82	--	17	13294	卖盘
14:31:21	7.82	--	11	8602	卖盘
14:31:12	7.82	--	1	782	卖盘
14:31:09	7.82	--	73	57086	卖盘
14:31:06	7.82	-0.01	3	2346	卖盘
14:30:51	7.83	0.01	9	7047	买盘
14:30:48	7.82	-0.01	5	3910	卖盘
14:30:33	7.83	--	5	3915	买盘
14:30:21	7.83	--	21	16443	卖盘
14:30:09	7.83	--	2	1566	卖盘
14:30:06	7.83	--	2	1566	卖盘
14:30:03	7.83	--	1	783	卖盘
14:30:00	7.83	--	1	783	卖盘
14:29:57	7.83	0.01	28	21924	买盘
14:29:42	7.82	--	11	8602	卖盘
14:29:36	7.82	--	25	19550	买盘
14:29:33	7.82	--	50	39100	买盘
14:29:30	7.82	--	17	13294	买盘
14:29:27	7.82	--	16	12512	买盘
14:29:21	7.82	--	18	14076	买盘
14:29:15	7.82	0.01	7	5474	买盘
14:29:09	7.81	--	2	1562	卖盘
14:29:06	7.81	--	3	2343	卖盘
14:29:03	7.81	-0.01	20	15620	卖盘
14:28:57	7.82	0.01	63	49266	买盘
14:28:36	7.81	--	34	26554	卖盘
14:28:21	7.81	--	1	781	卖盘
14:28:18	7.81	--	10	7810	买盘
14:28:09	7.81	--	42	32802	卖盘
14:28:06	7.81	--	2	1562	卖盘
14:28:00	7.81	--	16	12496	卖盘
14:27:54	7.81	--	10	7810	卖盘
14:27:39	7.81	--	4	3124	卖盘
14:27:36	7.81	--	15	11715	卖盘
14:27:27	7.81	--	19	14839	卖盘
14:27:18	7.81	--	6	4686	卖盘
14:27:12	7.81	--	12	9372	卖盘
14:27:09	7.81	--	3	2343	卖盘
14:27:06	7.81	0.01	2	1562	卖盘
14:26:36	7.8	--	211	164580	卖盘
14:26:24	7.8	--	165	128700	卖盘
14:26:15	7.8	--	2	1560	卖盘
14:26:09	7.8	--	1	780	卖盘
14:26:06	7.8	--	3	2340	卖盘
14:26:00	7.8	-0.02	100	78000	卖盘
14:25:57	7.82	0.02	6	4692	买盘
14:25:27	7.8	--	1	780	卖盘
14:25:24	7.8	--	1	780	卖盘
14:25:09	7.8	-0.02	3	2340	卖盘
14:25:06	7.82	0.02	13	10166	买盘
14:24:54	7.8	-0.01	33	25740	卖盘
14:24:51	7.81	-0.01	9	7029	卖盘
14:24:45	7.82	--	4	3128	卖盘
14:24:39	7.82	-0.01	9	7038	卖盘
14:24:18	7.83	0.01	61	47763	买盘
14:24:09	7.82	0.01	2	1564	卖盘
14:24:06	7.81	--	3	2343	卖盘
14:24:03	7.81	-0.02	43	33583	卖盘
14:23:57	7.83	-0.01	20	15660	中性盘
14:23:51	7.84	0.01	107	83888	买盘
14:23:48	7.83	--	2	1566	卖盘
14:23:39	7.83	--	4	3132	卖盘
14:23:27	7.83	--	5	3915	卖盘
14:23:21	7.83	--	73	57159	买盘
14:23:09	7.83	0.01	13	10179	买盘
14:23:06	7.82	--	15	11730	卖盘
14:23:03	7.82	-0.01	20	15640	卖盘
14:22:42	7.83	0.01	10	7830	买盘
14:22:33	7.82	0.02	463	362457	买盘
14:22:12	7.8	--	1	780	卖盘
14:22:09	7.8	--	2	1560	卖盘
14:22:06	7.8	-0.02	2	1560	卖盘
14:22:00	7.82	0.02	100	78200	买盘
14:21:54	7.8	--	5	3900	卖盘
14:21:39	7.8	-0.02	22	17160	卖盘
14:21:36	7.82	0.02	38	29716	买盘
14:21:09	7.8	--	3	2340	卖盘
14:21:06	7.8	-0.02	3	2340	卖盘
14:21:00	7.82	--	1	782	买盘
14:20:48	7.82	0.01	100	78200	买盘
14:20:42	7.81	--	101	78881	卖盘
14:20:39	7.81	--	41	32021	卖盘
14:20:36	7.81	-0.01	1	781	卖盘
14:20:27	7.82	--	10	7820	买盘
14:20:18	7.82	--	1	1173	卖盘
14:20:09	7.82	--	2	1564	卖盘
14:20:06	7.82	--	3	2346	卖盘
14:20:00	7.82	-0.01	7	5865	卖盘
14:19:57	7.83	0.02	2	1566	买盘
14:19:45	7.81	-0.01	2	1562	卖盘
14:19:15	7.82	0.01	1	782	买盘
14:19:09	7.81	--	2	1562	卖盘
14:19:06	7.81	-0.03	2	1562	中性盘
14:18:51	7.84	0.04	501	392784	买盘
14:18:48	7.8	-0.02	81	63180	卖盘
14:18:12	7.82	0.02	8	6256	买盘
14:18:09	7.8	--	2	1560	卖盘
14:18:03	7.8	-0.02	3	2340	卖盘
14:17:45	7.82	0.01	200	156400	买盘
14:17:24	7.81	--	3	2343	买盘
14:17:21	7.81	--	11	8591	买盘
14:17:18	7.81	0.02	30	23430	买盘
14:17:09	7.79	-0.02	2	1558	卖盘
14:17:06	7.81	--	3	2343	买盘
14:17:03	7.81	--	6	4686	买盘
14:16:51	7.81	0.02	9	7029	买盘
14:16:48	7.79	-0.01	40	31160	卖盘
14:16:12	7.8	--	3	2340	卖盘
14:16:09	7.8	--	4	3510	买盘
14:16:06	7.8	--	20	15600	买盘
14:16:03	7.8	--	47	36660	买盘
14:15:54	7.8	--	34	26520	买盘
14:15:45	7.8	--	11	8580	买盘
14:15:33	7.8	0.01	20	15600	买盘
14:15:12	7.79	-0.01	8	6232	卖盘
14:15:09	7.8	0.01	19	14820	买盘
14:15:03	7.79	--	3	2710	卖盘
14:15:00	7.79	0.01	68	52972	买盘
14:14:57	7.78	-0.01	1	778	卖盘
14:14:54	7.79	0.01	50	38950	买盘
14:14:33	7.78	--	0	373	卖盘
14:14:24	7.78	--	81	63018	卖盘
14:14:12	7.78	--	8	6224	卖盘
14:14:09	7.78	--	2	1556	卖盘
14:14:03	7.78	-0.01	2	1556	卖盘
14:13:57	7.79	--	28	21812	买盘
14:13:30	7.79	0.01	10	7790	买盘
14:13:12	7.78	--	8	6224	卖盘
14:13:09	7.78	--	2	1556	卖盘
14:13:03	7.78	--	2	1556	卖盘
14:12:57	7.78	-0.01	1	778	卖盘
14:12:54	7.79	--	5	3895	买盘
14:12:36	7.79	0.01	6	4674	买盘
14:12:30	7.78	-0.01	5	3890	卖盘
14:12:27	7.79	--	1	779	买盘
14:12:21	7.79	0.01	39	30381	买盘
14:12:18	7.78	--	45	35010	卖盘
14:12:12	7.78	--	8	6224	卖盘
14:12:06	7.78	--	2	1556	卖盘
14:12:03	7.78	--	3	2334	卖盘
14:11:33	7.78	--	30	23340	卖盘
14:11:12	7.78	--	8	6262	卖盘
14:11:09	7.78	--	2	1556	卖盘
14:11:06	7.78	--	28	21784	卖盘
14:11:03	7.78	--	2	1556	卖盘
14:10:24	7.78	--	27	21006	卖盘
14:10:21	7.78	--	29	22562	卖盘
14:10:12	7.78	--	8	6224	卖盘
14:10:09	7.78	--	2	1556	卖盘
14:10:03	7.78	--	2	1556	卖盘
14:09:45	7.78	0.01	6	5002	买盘
14:09:12	7.77	--	8	6985	卖盘
14:09:06	7.77	--	2	1554	卖盘
14:09:03	7.77	--	2	1554	卖盘
14:09:00	7.77	-0.01	1	777	卖盘
14:08:33	7.78	0.01	5	3890	买盘
14:08:18	7.77	--	1	777	卖盘
14:08:12	7.77	--	8	6216	卖盘
14:08:06	7.77	--	3	2331	卖盘
14:08:03	7.77	--	3	2331	卖盘
14:07:54	7.77	--	5	3885	卖盘
14:07:30	7.77	-0.01	0	248	卖盘
14:07:18	7.78	--	13	10557	卖盘
14:07:12	7.78	--	10	7780	卖盘
14:07:06	7.78	--	1	778	卖盘
14:07:03	7.78	-0.01	2	1556	卖盘
14:06:51	7.79	--	20	15580	买盘
14:06:30	7.79	0.01	2	1558	买盘
14:06:24	7.78	--	0	334	卖盘
14:06:21	7.78	--	5	3890	卖盘
14:06:12	7.78	0.01	2	1556	中性盘
14:06:03	7.77	--	3	2331	卖盘
14:05:33	7.77	--	1	777	卖盘
14:05:30	7.77	--	7	5439	卖盘
14:05:12	7.77	-0.02	2	1554	卖盘
14:05:03	7.79	--	8	6232	买盘
14:04:45	7.79	0.02	10	7790	买盘
14:04:39	7.77	--	1	777	卖盘
14:04:30	7.77	-0.01	7	5439	卖盘
14:04:21	7.78	0.01	3	2334	买盘
14:04:15	7.77	--	0	388	卖盘
14:04:12	7.77	--	2	1554	卖盘
14:04:03	7.77	-0.01	3	2331	卖盘
14:04:00	7.78	--	1	778	买盘
14:03:57	7.78	0.01	5	3890	买盘
14:03:51	7.77	--	1	777	卖盘
14:03:48	7.77	--	5	3885	卖盘
14:03:30	7.77	--	7	5439	卖盘
14:03:15	7.77	--	1	777	卖盘
14:03:12	7.77	--	4	3108	卖盘
14:03:03	7.77	-0.01	3	2331	卖盘
14:03:00	7.78	--	2	1556	买盘
14:02:48	7.78	-0.01	23	17894	卖盘
14:02:42	7.79	0.01	3	2337	买盘
14:02:33	7.78	--	1	778	卖盘
14:02:30	7.78	--	7	5446	卖盘
14:02:12	7.78	--	1	778	卖盘
14:02:09	7.78	--	1	778	卖盘
14:02:03	7.78	--	1	778	卖盘
14:01:57	7.78	0.01	2	1556	中性盘
14:01:30	7.77	--	7	5439	卖盘
14:01:12	7.77	--	12	9324	卖盘
14:01:03	7.77	--	5	3885	卖盘
14:00:30	7.77	-0.02	7	5439	卖盘
14:00:21	7.79	0.01	8	6232	买盘
14:00:12	7.78	--	12	9336	卖盘
14:00:03	7.78	--	21	16338	卖盘
13:59:42	7.78	--	19	14782	买盘
13:59:33	7.78	0.01	5	3890	买盘
13:59:30	7.77	--	7	5439	卖盘
13:59:15	7.77	--	3	2331	卖盘
13:59:06	7.77	--	3	2331	卖盘
13:59:03	7.77	--	2	1554	卖盘
13:58:51	7.77	--	2	1616	买盘
13:58:45	7.77	--	20	15540	买盘
13:58:36	7.77	--	5	3885	买盘
13:58:24	7.77	--	59	46557	卖盘
13:58:21	7.77	--	48	37296	卖盘
13:58:06	7.77	--	2	1554	卖盘
13:58:03	7.77	-0.01	2	1554	卖盘
13:57:30	7.78	--	7	5446	卖盘
13:57:27	7.78	0.01	65	50570	买盘
13:57:09	7.77	--	1	777	卖盘
13:57:06	7.77	-0.01	2	1554	卖盘
13:57:03	7.78	--	4	3112	买盘
13:56:48	7.78	0.01	5	3890	买盘
13:56:30	7.77	--	7	5439	卖盘
13:56:21	7.77	--	66	51282	卖盘
13:56:09	7.77	--	2	1554	卖盘
13:56:06	7.77	--	2	1554	卖盘
13:55:18	7.77	--	10	7770	卖盘
13:55:15	7.77	--	1	777	卖盘
13:55:12	7.77	--	1	777	卖盘
13:55:09	7.77	--	3	2331	卖盘
13:55:06	7.77	--	3	2331	卖盘
13:54:54	7.77	--	20	15540	卖盘
13:54:09	7.77	-0.02	13	10101	卖盘
13:54:06	7.79	0.01	38	29602	买盘
13:53:45	7.78	--	58	45124	卖盘
13:53:42	7.78	--	20	15560	卖盘
13:53:09	7.78	--	3	2334	卖盘
13:53:06	7.78	--	2	1556	卖盘
13:52:21	7.78	--	2	1556	卖盘
13:52:09	7.78	--	2	1556	卖盘
13:52:06	7.78	-0.01	1	778	卖盘
13:51:30	7.79	0.01	1	779	买盘
13:51:27	7.78	--	1	778	卖盘
13:51:24	7.78	--	2	1556	卖盘
13:51:12	7.78	--	1	778	卖盘
13:51:09	7.78	--	2	1556	卖盘
13:51:06	7.78	--	1	778	卖盘
13:50:57	7.78	--	1	778	卖盘
13:50:48	7.78	--	71	55238	卖盘
13:50:42	7.78	--	5	3890	卖盘
13:50:36	7.78	--	1	778	卖盘
13:50:33	7.78	--	6	4668	卖盘
13:50:27	7.78	--	10	7780	卖盘
13:50:12	7.78	--	1	778	卖盘
13:50:09	7.78	--	3	2334	卖盘
13:50:06	7.78	--	1	778	卖盘
13:50:03	7.78	--	3	2334	卖盘
13:49:51	7.78	--	3	2334	卖盘
13:49:30	7.78	-0.01	1	778	卖盘
13:49:27	7.79	0.01	16	12464	买盘
13:49:12	7.78	--	10	7780	卖盘
13:49:09	7.78	--	1	778	卖盘
13:49:06	7.78	--	1	778	卖盘
13:49:03	7.78	--	3	2334	卖盘
13:48:57	7.78	0.01	166	129148	买盘
13:48:15	7.77	--	3	2331	卖盘
13:48:09	7.77	--	2	1554	卖盘
13:48:06	7.77	--	2	1554	卖盘
13:48:03	7.77	--	4	3108	卖盘
13:47:06	7.77	--	4	3108	卖盘
13:47:03	7.77	--	3	2331	卖盘
13:46:48	7.77	-0.01	4	3108	卖盘
13:46:33	7.78	0.01	5	3890	买盘
13:46:06	7.77	--	4	3108	卖盘
13:46:03	7.77	--	1	777	卖盘
13:46:00	7.77	-0.01	3	2331	卖盘
13:45:42	7.78	--	6	4668	买盘
13:45:12	7.78	0.01	15	11670	中性盘
13:45:06	7.77	--	3	2331	卖盘
13:45:00	7.77	--	3	2331	卖盘
13:44:18	7.77	--	25	19425	卖盘
13:44:09	7.77	--	20	15540	卖盘
13:44:06	7.77	--	4	3108	卖盘
13:44:03	7.77	--	1	777	卖盘
13:44:00	7.77	--	3	2331	卖盘
13:43:33	7.77	-0.01	10	7770	卖盘
13:43:24	7.78	0.01	8	6255	买盘
13:43:12	7.77	--	3	2331	卖盘
13:43:06	7.77	--	3	2331	卖盘
13:43:00	7.77	-0.01	3	2331	卖盘
13:42:54	7.78	--	5	4636	卖盘
13:42:27	7.78	--	10	7780	卖盘
13:42:21	7.78	--	13	10114	卖盘
13:42:12	7.78	--	2	1556	卖盘
13:42:06	7.78	--	37	28786	卖盘
13:42:03	7.78	--	1	778	卖盘
13:42:00	7.78	--	73	56794	卖盘
13:41:21	7.78	--	30	23340	卖盘
13:41:12	7.78	--	1	778	卖盘
13:41:06	7.78	--	2	1556	卖盘
13:40:45	7.78	0.01	45	35041	买盘
13:40:12	7.77	--	2	1554	卖盘
13:40:06	7.77	-0.01	2	1554	卖盘
13:39:57	7.78	0.01	50	38900	买盘
13:39:48	7.77	--	6	4662	卖盘
13:39:45	7.77	--	1	777	卖盘
13:39:42	7.77	-0.01	40	31080	卖盘
13:39:30	7.78	0.01	6	4668	买盘
13:39:27	7.77	-0.01	0	326	卖盘
13:39:12	7.78	--	21	16338	买盘
13:39:09	7.78	0.01	11	8558	买盘
13:39:06	7.77	--	2	1554	卖盘
13:38:12	7.77	--	2	1554	卖盘
13:38:09	7.77	--	40	31080	卖盘
13:38:06	7.77	-0.01	2	1554	卖盘
13:37:57	7.78	0.01	10	7780	买盘
13:37:54	7.77	--	0	271	卖盘
13:37:51	7.77	--	0	466	卖盘
13:37:45	7.77	--	1	777	卖盘
13:37:42	7.77	--	8	6216	卖盘
13:37:21	7.77	--	0	139	卖盘
13:37:15	7.77	--	40	31080	卖盘
13:37:12	7.77	--	2	1554	卖盘
13:37:06	7.77	--	2	1554	卖盘
13:36:48	7.77	--	0	194	卖盘
13:36:12	7.77	--	2	1554	卖盘
13:36:06	7.77	--	5	3885	卖盘
13:36:03	7.77	--	1	1437	卖盘
13:36:00	7.77	--	2	1554	卖盘
13:35:57	7.77	--	0	303	买盘
13:35:54	7.77	--	10	7770	买盘
13:35:33	7.77	--	16	12905	卖盘
13:35:12	7.77	--	2	1554	卖盘
13:35:06	7.77	-0.01	2	1554	卖盘
13:35:00	7.78	--	9	7764	买盘
13:34:54	7.78	--	13	10191	买盘
13:34:42	7.78	0.01	4	3112	买盘
13:34:33	7.77	-0.01	1	777	卖盘
13:34:30	7.78	0.01	10	7780	买盘
13:34:18	7.77	0.01	11	8787	买盘
13:34:15	7.76	--	30	23280	卖盘
13:34:09	7.76	--	1	776	卖盘
13:33:51	7.76	-0.01	9	7573	卖盘
13:33:48	7.77	0.01	7	5439	买盘
13:33:45	7.76	--	90	69840	卖盘
13:33:24	7.76	--	2	1552	卖盘
13:33:06	7.76	--	2	1552	卖盘
13:32:48	7.76	-0.01	1	776	卖盘
13:32:45	7.77	--	16	12432	卖盘
13:32:06	7.77	-0.01	6	4662	卖盘
13:31:45	7.78	--	42	32691	卖盘
13:31:18	7.78	--	1	778	卖盘
13:31:15	7.78	--	10	7780	卖盘
13:31:09	7.78	--	1	778	卖盘
13:31:06	7.78	--	4	3112	卖盘
13:30:45	7.78	0.01	0	762	中性盘
13:30:15	7.77	-0.01	108	83916	卖盘
13:30:09	7.78	--	1	778	卖盘
13:30:06	7.78	-0.01	3	2334	卖盘
13:29:09	7.79	0.01	50	38950	买盘
13:29:06	7.78	-0.01	1	778	卖盘
13:28:18	7.79	0.01	6	4674	买盘
13:28:09	7.78	--	17	13226	卖盘
13:28:06	7.78	--	2	1556	卖盘
13:28:00	7.78	--	1	778	卖盘
13:27:51	7.78	--	0	342	卖盘
13:27:48	7.78	--	1	778	卖盘
13:27:45	7.78	--	10	7780	卖盘
13:27:24	7.78	--	20	16065	卖盘
13:27:15	7.78	0.01	6	4668	买盘
13:27:06	7.77	--	4	3108	卖盘
13:27:00	7.77	--	2	2276	卖盘
13:26:12	7.77	0.01	0	753	买盘
13:26:06	7.76	-0.01	3	2351	卖盘
13:25:51	7.77	--	1	777	卖盘
13:25:48	7.77	--	0	93	卖盘
13:25:24	7.77	--	0	660	卖盘
13:25:06	7.77	--	3	2331	卖盘
13:25:03	7.77	--	21	16814	买盘
13:24:51	7.77	0.01	3	2331	买盘
13:24:30	7.76	--	0	372	卖盘
13:24:21	7.76	--	1	776	卖盘
13:24:09	7.76	--	3	2328	卖盘
13:24:06	7.76	--	1	776	卖盘
13:23:54	7.76	-0.01	1	776	卖盘
13:23:51	7.77	--	1	777	买盘
13:23:15	7.77	0.01	9	6993	买盘
13:23:06	7.76	-0.01	151	117176	卖盘
13:22:36	7.77	--	94	73317	卖盘
13:22:09	7.77	--	2	1554	卖盘
13:22:06	7.77	--	2	1554	卖盘
13:21:57	7.77	-0.01	1	777	卖盘
13:21:54	7.78	0.01	12	9336	买盘
13:21:09	7.77	--	2	1554	卖盘
13:21:06	7.77	--	2	1554	卖盘
13:21:03	7.77	--	0	473	卖盘
13:21:00	7.77	--	44	34188	卖盘
13:20:18	7.77	--	7	5439	卖盘
13:20:09	7.77	--	2	1554	卖盘
13:20:06	7.77	--	2	1554	卖盘
13:20:03	7.77	-0.01	1	777	卖盘
13:20:00	7.78	0.01	10	7780	买盘
13:19:51	7.77	--	0	590	卖盘
13:19:18	7.77	0.01	2	1763	买盘
13:19:09	7.76	--	1	776	卖盘
13:19:06	7.76	-0.01	1	1342	卖盘
13:18:51	7.77	--	1	777	卖盘
13:18:33	7.77	--	0	637	卖盘
13:18:30	7.77	--	33	25990	买盘
13:18:24	7.77	--	1	777	买盘
13:18:21	7.77	--	5	3885	买盘
13:18:09	7.77	0.01	47	36519	买盘
13:18:06	7.76	--	2	1552	卖盘
13:18:03	7.76	--	20	15520	卖盘
13:17:48	7.76	-0.01	0	201	卖盘
13:17:36	7.77	0.01	2	1554	买盘
13:17:18	7.76	--	0	225	卖盘
13:17:09	7.76	--	9	6984	卖盘
13:17:06	7.76	--	1	776	卖盘
13:16:33	7.76	--	1	776	卖盘
13:16:27	7.76	--	1	776	卖盘
13:16:24	7.76	-0.01	20	15520	卖盘
13:15:51	7.77	--	20	16293	卖盘
13:15:09	7.77	--	2	1554	卖盘
13:15:06	7.77	--	1	777	卖盘
13:14:45	7.77	-0.01	0	23	卖盘
13:14:36	7.78	--	1	778	买盘
13:14:27	7.78	0.01	10	7780	买盘
13:14:09	7.77	0.01	5	3885	买盘
13:14:06	7.76	--	1	776	卖盘
13:13:33	7.76	0.01	12	9312	买盘
13:13:30	7.75	--	10	7750	卖盘
13:13:21	7.75	-0.01	35	27125	卖盘
13:13:18	7.76	0.01	3	2328	买盘
13:13:15	7.75	--	4	3100	卖盘
13:13:06	7.75	-0.01	13	10075	卖盘
13:13:03	7.76	--	6	4656	买盘
13:12:57	7.76	--	36	27936	买盘
13:12:54	7.76	--	8	6208	买盘
13:12:51	7.76	--	5	3880	买盘
13:12:45	7.76	--	65	50440	卖盘
13:12:39	7.76	--	6	4656	卖盘
13:12:24	7.76	--	1	776	卖盘
13:12:15	7.76	--	10	7760	卖盘
13:12:09	7.76	--	1	776	卖盘
13:12:06	7.76	-0.01	2	1552	卖盘
13:11:57	7.77	--	1	777	买盘
13:11:48	7.77	--	10	7770	买盘
13:11:39	7.77	--	7	5827	卖盘
13:11:36	7.77	--	15	11655	卖盘
13:11:09	7.77	--	2	1554	卖盘
13:11:03	7.77	--	1	777	卖盘
13:11:00	7.77	--	0	388	卖盘
13:10:24	7.77	--	1	777	卖盘
13:10:09	7.77	--	1	777	卖盘
13:09:51	7.77	-0.01	30	23310	卖盘
13:09:12	7.78	0.01	50	38900	买盘
13:09:06	7.77	--	2	1554	卖盘
13:09:03	7.77	--	2	1554	卖盘
13:09:00	7.77	--	13	10101	卖盘
13:08:57	7.77	--	25	19425	卖盘
13:08:54	7.77	--	20	15540	卖盘
13:08:12	7.77	--	42	32634	卖盘
13:08:06	7.77	0.01	10	7770	买盘
13:07:42	7.76	--	56	43456	卖盘
13:07:09	7.76	--	1	776	卖盘
13:07:06	7.76	--	1	776	卖盘
13:07:03	7.76	--	1	776	卖盘
13:06:36	7.76	--	1	776	卖盘
13:06:33	7.76	--	11	8536	卖盘
13:06:06	7.76	--	11	8536	卖盘
13:06:03	7.76	--	1	776	卖盘
13:05:06	7.76	--	2	1552	卖盘
13:04:48	7.76	0.01	12	9700	买盘
13:04:33	7.75	--	1	775	卖盘
13:04:30	7.75	--	376	291400	卖盘
13:04:24	7.75	-0.01	8	6200	卖盘
13:04:18	7.76	0.01	10	7760	买盘
13:04:09	7.75	--	4	3100	卖盘
13:04:06	7.75	--	1	775	卖盘
13:04:03	7.75	-0.01	1	775	卖盘
13:03:18	7.76	--	10	7760	买盘
13:03:15	7.76	0.01	2	1552	买盘
13:03:09	7.75	--	6	4650	卖盘
13:03:06	7.75	-0.01	1	775	卖盘
13:02:57	7.76	0.01	1	776	买盘
13:02:51	7.75	-0.01	1	775	卖盘
13:02:48	7.76	--	1	776	买盘
13:02:21	7.76	--	3	2328	买盘
13:02:09	7.76	0.01	2	1552	买盘
13:02:06	7.75	-0.01	1	775	卖盘
13:01:57	7.76	--	12	9312	买盘
13:01:54	7.76	--	10	7760	买盘
13:01:45	7.76	--	11	8536	买盘
13:01:36	7.76	--	66	51604	卖盘
13:01:30	7.76	--	50	38800	卖盘
13:01:06	7.76	-0.02	1	776	卖盘
13:01:00	7.78	0.02	10	7780	买盘
13:00:42	7.76	--	1	776	卖盘
13:00:39	7.76	--	1	776	卖盘
13:00:09	7.76	--	55	43068	卖盘
13:00:06	7.76	--	45	34920	卖盘
13:00:03	7.76	--	80	62080	卖盘
13:00:00	7.76	--	0	0	卖盘
11:30:00	7.76	--	0	0	卖盘
11:29:24	7.76	-0.01	10	7760	卖盘
11:29:09	7.77	--	1	777	卖盘
11:29:06	7.77	--	1	777	卖盘
11:28:54	7.77	0.01	1	777	买盘
11:28:45	7.76	-0.01	5	3880	卖盘
11:28:24	7.77	0.01	1	777	买盘
11:28:09	7.76	-0.01	50	38800	卖盘
11:28:03	7.77	0.01	13	10101	买盘
11:27:18	7.76	--	55	42680	买盘
11:27:15	7.76	0.01	1	776	买盘
11:27:12	7.75	--	37	28675	卖盘
11:27:09	7.75	--	1	775	卖盘
11:27:06	7.75	--	1	775	卖盘
11:27:00	7.75	--	22	17437	卖盘
11:26:57	7.75	-0.01	6	4650	卖盘
11:26:54	7.76	0.01	1	776	买盘
11:26:12	7.75	--	1	775	卖盘
11:26:09	7.75	--	1	775	卖盘
11:26:06	7.75	--	1	775	卖盘
11:25:57	7.75	-0.01	50	38750	卖盘
11:25:51	7.76	--	2	1552	买盘
11:25:36	7.76	0.01	8	6208	买盘
11:25:21	7.75	--	4	3100	卖盘
11:25:12	7.75	--	1	775	卖盘
11:25:06	7.75	-0.01	30	23250	卖盘
11:24:54	7.76	0.01	20	15520	买盘
11:24:51	7.75	-0.01	1	775	卖盘
11:24:48	7.76	--	6	4656	买盘
11:24:36	7.76	--	2	1552	买盘
11:24:27	7.76	--	29	22504	买盘
11:24:24	7.76	0.01	28	21728	买盘
11:24:21	7.75	--	5	3875	卖盘
11:24:06	7.75	-0.01	1	775	卖盘
11:23:54	7.76	0.01	50	38800	买盘
11:23:51	7.75	--	10	7750	卖盘
11:23:48	7.75	--	200	155000	卖盘
11:23:42	7.75	-0.01	10	7750	卖盘
11:23:39	7.76	--	6	4656	买盘
11:23:33	7.76	0.01	13	10088	买盘
11:23:21	7.75	-0.01	5	3875	卖盘
11:23:15	7.76	0.01	5	3880	买盘
11:23:12	7.75	--	1	775	卖盘
11:23:09	7.75	--	1	775	卖盘
11:23:06	7.75	--	1	775	卖盘
11:22:21	7.75	-0.01	5	3875	卖盘
11:22:18	7.76	0.01	1	776	买盘
11:21:48	7.75	--	1	775	卖盘
11:21:45	7.75	--	1	775	卖盘
11:21:18	7.75	--	5	3875	卖盘
11:21:15	7.75	--	15	11625	卖盘
11:21:12	7.75	--	1	775	卖盘
11:21:06	7.75	-0.01	250	193750	卖盘
11:20:21	7.76	0.01	80	62080	买盘
11:20:18	7.75	--	5	3875	卖盘
11:20:12	7.75	--	1	775	卖盘
11:20:09	7.75	--	150	116250	卖盘
11:19:39	7.75	--	4	3100	卖盘
11:19:30	7.75	--	10	7750	卖盘
11:19:18	7.75	--	5	3875	卖盘
11:19:12	7.75	-0.01	1	775	卖盘
11:19:09	7.76	0.01	10	7760	买盘
11:19:00	7.75	--	5	3875	卖盘
11:18:45	7.75	--	10	7750	卖盘
11:18:36	7.75	--	250	193750	卖盘
11:18:18	7.75	--	5	3875	卖盘
11:18:15	7.75	--	26	20150	卖盘
11:18:06	7.75	--	1	775	卖盘
11:18:00	7.75	--	18	14337	买盘
11:17:57	7.75	--	2	1550	买盘
11:17:48	7.75	--	58	45337	卖盘
11:17:39	7.75	--	161	124775	卖盘
11:17:36	7.75	-0.01	148	115087	卖盘
11:17:24	7.76	--	9	6984	卖盘
11:17:18	7.76	--	5	3880	卖盘
11:17:06	7.76	--	1	776	卖盘
11:16:54	7.76	0.01	77	59752	买盘
11:16:51	7.75	--	300	232500	卖盘
11:16:42	7.75	-0.01	3	2325	卖盘
11:16:36	7.76	--	10	7760	买盘
11:16:30	7.76	0.01	20	15520	买盘
11:16:18	7.75	-0.01	5	3875	卖盘
11:16:03	7.76	0.01	2	1552	买盘
11:16:00	7.75	-0.01	1	775	卖盘
11:15:45	7.76	--	50	38800	买盘
11:15:30	7.76	0.01	41	32204	买盘
11:15:24	7.75	--	1	775	卖盘
11:15:21	7.75	--	1	775	卖盘
11:15:18	7.75	--	5	3875	卖盘
11:15:06	7.75	--	1	775	卖盘
11:15:03	7.75	--	9	6975	卖盘
11:15:00	7.75	--	100	77500	卖盘
11:14:51	7.75	-0.01	1	775	卖盘
11:14:48	7.76	0.01	10	7760	买盘
11:14:42	7.75	--	1	775	卖盘
11:14:33	7.75	-0.01	200	155000	卖盘
11:14:24	7.76	--	5	3880	买盘
11:14:12	7.76	--	67	52380	卖盘
11:13:39	7.76	-0.01	20	15520	卖盘
11:13:30	7.77	0.01	2	1942	买盘
11:13:21	7.76	--	5	3880	卖盘
11:13:18	7.76	--	6	4656	卖盘
11:13:15	7.76	0.01	1	776	中性盘
11:13:00	7.75	-0.02	300	232500	卖盘
11:12:42	7.77	--	20	15540	买盘
11:12:33	7.77	--	1	777	买盘
11:12:30	7.77	0.01	24	18648	买盘
11:12:24	7.76	--	6	4656	卖盘
11:12:18	7.76	--	5	3880	卖盘
11:12:15	7.76	--	4	3104	卖盘
11:12:12	7.76	--	10	7760	卖盘
11:12:06	7.76	--	26	20176	卖盘
11:12:03	7.76	-0.01	338	262676	卖盘
11:11:57	7.77	0.01	11	8935	买盘
11:11:51	7.76	--	119	92344	卖盘
11:11:48	7.76	--	12	9700	卖盘
11:11:24	7.76	-0.01	20	15520	卖盘
11:11:18	7.77	--	2	1942	卖盘
11:11:15	7.77	--	10	7770	卖盘
11:11:09	7.77	--	1	777	卖盘
11:11:06	7.77	0.01	7	5827	买盘
11:11:03	7.76	--	1	776	卖盘
11:11:00	7.76	-0.01	10	7760	卖盘
11:10:54	7.77	--	15	11655	买盘
11:10:48	7.77	--	2	1942	卖盘
11:10:45	7.77	--	180	139860	卖盘
11:10:39	7.77	--	31	24475	卖盘
11:10:21	7.77	--	30	23310	卖盘
11:10:18	7.77	-0.01	5	3885	卖盘
11:09:51	7.78	-0.01	86	66908	卖盘
11:09:27	7.79	0.01	4	3116	买盘
11:09:18	7.78	-0.01	5	3890	卖盘
11:08:57	7.79	0.01	2	1558	买盘
11:08:54	7.78	-0.01	1	778	卖盘
11:08:51	7.79	--	20	15580	买盘
11:08:39	7.79	--	29	22591	卖盘
11:08:24	7.79	--	70	54530	卖盘
11:08:18	7.79	--	5	3895	卖盘
11:08:15	7.79	0.01	74	57646	买盘
11:08:12	7.78	--	120	93360	卖盘
11:07:57	7.78	0.01	45	35010	买盘
11:07:51	7.77	--	372	289432	卖盘
11:07:30	7.77	--	20	15540	卖盘
11:07:18	7.77	--	5	3885	卖盘
11:07:09	7.77	-0.01	1	777	卖盘
11:07:06	7.78	--	40	31120	买盘
11:06:42	7.78	--	10	7780	买盘
11:06:36	7.78	0.01	4	3112	买盘
11:06:18	7.77	--	5	3885	卖盘
11:05:18	7.77	--	5	3885	卖盘
11:05:09	7.77	-0.01	2	1554	卖盘
11:05:06	7.78	--	3	2334	买盘
11:05:03	7.78	0.01	20	15560	买盘
11:04:48	7.77	-0.01	1	777	卖盘
11:04:45	7.78	--	5	3890	买盘
11:04:30	7.78	--	45	35010	卖盘
11:04:18	7.78	-0.01	5	3890	卖盘
11:03:48	7.79	--	2	1558	买盘
11:02:54	7.79	0.02	6	4674	买盘
11:02:42	7.77	-0.01	169	131313	卖盘
11:02:39	7.78	-0.01	1	778	卖盘
11:02:36	7.79	--	10	7790	买盘
11:02:09	7.79	0.01	50	38950	买盘
11:02:00	7.78	--	200	155600	卖盘
11:01:15	7.78	--	10	7780	卖盘
11:00:51	7.78	-0.01	24	18672	卖盘
11:00:39	7.79	0.01	1	779	买盘
11:00:12	7.78	--	1	778	卖盘
11:00:09	7.78	-0.01	30	23340	卖盘
10:59:54	7.79	--	19	14801	卖盘
10:58:51	7.79	--	30	23370	卖盘
10:58:30	7.79	--	30	23370	卖盘
10:58:21	7.79	-0.01	1	779	卖盘
10:57:15	7.8	-0.01	15	12090	卖盘
10:57:12	7.81	0.01	15	11715	买盘
10:56:57	7.8	-0.01	150	117000	卖盘
10:56:12	7.81	0.01	43	33583	买盘
10:56:00	7.8	-0.01	3	2340	卖盘
10:55:57	7.81	0.01	38	29678	买盘
10:55:24	7.8	--	10	7800	卖盘
10:55:06	7.8	0.01	0	390	买盘
10:54:54	7.79	-0.01	9	7011	卖盘
10:54:39	7.8	0.01	13	10140	买盘
10:54:36	7.79	--	1	779	卖盘
10:54:33	7.79	--	30	23370	卖盘
10:54:06	7.79	-0.01	4	3505	卖盘
10:54:00	7.8	0.01	152	118560	买盘
10:53:33	7.79	0.01	2	1558	买盘
10:53:30	7.78	-0.01	12	9336	卖盘
10:53:27	7.79	--	12	9348	买盘
10:53:06	7.79	--	10	7790	买盘
10:52:51	7.79	0.01	9	7011	买盘
10:52:42	7.78	-0.01	1	778	卖盘
10:52:39	7.79	0.01	3	2337	买盘
10:51:06	7.78	-0.01	1	778	卖盘
10:51:03	7.79	0.01	4	3116	买盘
10:49:39	7.78	--	7	5446	卖盘
10:49:27	7.78	-0.01	1	778	卖盘
10:49:03	7.79	0.01	16	12464	买盘
10:47:57	7.78	--	30	23340	卖盘
10:47:39	7.78	--	1	778	卖盘
10:47:36	7.78	0.01	40	31120	买盘
10:46:51	7.77	--	4	3108	卖盘
10:46:45	7.77	-0.01	10	7770	卖盘
10:46:21	7.78	0.01	10	7780	买盘
10:46:18	7.77	--	14	10878	卖盘
10:46:15	7.77	--	24	18648	卖盘
10:45:12	7.77	-0.01	0	388	卖盘
10:45:03	7.78	0.01	80	62240	买盘
10:44:48	7.77	--	1	777	卖盘
10:44:45	7.77	-0.01	8	6216	卖盘
10:44:24	7.78	--	5	3890	买盘
10:44:18	7.78	--	20	15560	买盘
10:44:15	7.78	--	4	3112	买盘
10:44:12	7.78	0.01	1	778	买盘
10:44:03	7.77	-0.01	5	3885	卖盘
10:43:51	7.78	0.01	1	778	买盘
10:43:21	7.77	--	1	777	卖盘
10:43:18	7.77	--	2	1554	卖盘
10:42:57	7.77	--	2	1554	卖盘
10:42:36	7.77	-0.01	100	77700	卖盘
10:42:15	7.78	0.01	5	3890	买盘
10:42:03	7.77	-0.01	1	777	卖盘
10:42:00	7.78	--	24	18672	买盘
10:41:12	7.78	--	16	12448	买盘
10:41:00	7.78	0.01	31	24118	买盘
10:40:57	7.77	--	40	31080	卖盘
10:40:39	7.77	--	10	7770	卖盘
10:40:09	7.77	-0.01	50	38850	卖盘
10:39:36	7.78	0.01	57	44346	买盘
10:39:18	7.77	--	35	27195	卖盘
10:39:09	7.77	--	3	2331	卖盘
10:39:06	7.77	--	80	62160	卖盘
10:38:15	7.77	-0.01	1	777	卖盘
10:38:12	7.78	--	258	201113	卖盘
10:38:00	7.78	--	4	3112	卖盘
10:37:45	7.78	-0.01	218	169604	卖盘
10:37:00	7.79	--	17	13243	卖盘
10:36:06	7.79	--	4	3116	买盘
10:36:00	7.79	--	96	74784	卖盘
10:35:54	7.79	--	10	7790	卖盘
10:35:39	7.79	-0.01	4	3116	卖盘
10:35:06	7.8	--	21	16380	买盘
10:35:03	7.8	0.01	12	9360	买盘
10:34:33	7.79	--	10	7790	卖盘
10:34:27	7.79	--	12	9348	卖盘
10:33:57	7.79	-0.01	10	8179	卖盘
10:33:45	7.8	--	18	14430	买盘
10:33:09	7.8	--	7	5460	买盘
10:33:06	7.8	--	17	13260	卖盘
10:33:00	7.8	--	0	390	卖盘
10:32:36	7.8	--	38	30030	买盘
10:32:03	7.8	--	10	7800	买盘
10:31:33	7.8	--	9	7020	买盘
10:31:18	7.8	--	4	3510	卖盘
10:30:24	7.8	--	1	1170	卖盘
10:30:15	7.8	--	20	15600	卖盘
10:30:06	7.8	-0.01	1	780	卖盘
10:29:57	7.81	--	1	781	买盘
10:29:42	7.81	--	3	2343	买盘
10:29:30	7.81	0.01	33	25773	买盘
10:29:24	7.8	-0.01	1	780	卖盘
10:29:18	7.81	0.01	1	781	中性盘
10:29:06	7.8	--	3	2340	卖盘
10:28:54	7.8	-0.02	2	1560	卖盘
10:28:36	7.82	--	6	4692	买盘
10:27:54	7.82	0.04	10	7820	买盘
10:27:18	7.78	--	180	140040	卖盘
10:27:00	7.78	--	4	3501	卖盘
10:26:39	7.78	-0.01	10	7780	卖盘
10:26:09	7.79	--	10	7790	买盘
10:26:00	7.79	--	20	15580	买盘
10:25:57	7.79	--	4	3116	买盘
10:25:36	7.79	--	20	15580	买盘
10:25:21	7.79	0.01	1	779	买盘
10:25:15	7.78	-0.01	1	778	卖盘
10:25:03	7.79	-0.01	49	38171	中性盘
10:23:51	7.8	--	36	28080	卖盘
10:23:27	7.8	--	2	1560	买盘
10:23:21	7.8	--	18	14040	卖盘
10:23:06	7.8	--	54	42120	买盘
10:22:48	7.8	0.03	8	6240	买盘
10:22:12	7.77	-0.01	159	123543	卖盘
10:22:00	7.78	0.01	10	7780	买盘
10:21:27	7.77	-0.01	20	15540	卖盘
10:21:24	7.78	0.01	133	103474	买盘
10:21:09	7.77	-0.01	25	19425	卖盘
10:21:06	7.78	0.01	1	778	买盘
10:20:00	7.77	--	1	777	卖盘
10:19:24	7.77	-0.01	20	15540	卖盘
10:18:42	7.78	--	15	11670	买盘
10:18:39	7.78	--	50	38900	买盘
10:18:24	7.78	--	218	169993	卖盘
10:17:39	7.78	--	53	41234	卖盘
10:17:36	7.78	--	22	17116	卖盘
10:16:57	7.78	-0.01	51	39678	卖盘
10:16:51	7.79	--	57	44403	卖盘
10:16:48	7.79	0.01	14	10906	买盘
10:16:21	7.78	--	10	7780	卖盘
10:16:18	7.78	--	0	389	买盘
10:16:15	7.78	-0.01	37	29175	卖盘
10:16:09	7.79	0.01	5	3895	买盘
10:15:48	7.78	--	5	3890	卖盘
10:15:45	7.78	--	0	389	买盘
10:15:39	7.78	-0.01	57	44735	卖盘
10:15:12	7.79	0.01	12	9348	买盘
10:15:09	7.78	-0.01	34	26841	卖盘
10:15:06	7.79	0.01	10	7790	买盘
10:14:33	7.78	--	10	7780	卖盘
10:13:57	7.78	--	14	10892	卖盘
10:13:48	7.78	--	6	4668	卖盘
10:13:21	7.78	-0.01	2	1556	卖盘
10:12:54	7.79	--	10	7790	买盘
10:12:36	7.79	--	4	3116	买盘
10:12:15	7.79	0.01	5	3895	买盘
10:12:12	7.78	--	14	10892	买盘
10:11:57	7.78	--	50	38900	买盘
10:11:54	7.78	--	3	2334	买盘
10:11:45	7.78	--	12	9336	买盘
10:11:30	7.78	0.01	50	38900	买盘
10:11:27	7.77	--	1	777	卖盘
10:11:24	7.77	--	13	10101	卖盘
10:11:18	7.77	--	63	48951	卖盘
10:10:30	7.77	--	1	777	卖盘
10:10:24	7.77	--	70	54390	卖盘
10:10:18	7.77	-0.01	20	15540	卖盘
10:09:57	7.78	0.01	6	4668	买盘
10:09:54	7.77	--	10	7770	卖盘
10:09:36	7.77	-0.01	9	6993	卖盘
10:09:33	7.78	--	10	7780	买盘
10:09:27	7.78	--	10	7780	买盘
10:09:09	7.78	--	1	778	买盘
10:09:06	7.78	--	10	7780	买盘
10:08:54	7.78	--	24	18672	买盘
10:08:45	7.78	--	13	10114	买盘
10:08:42	7.78	0.01	1	778	买盘
10:08:33	7.77	-0.01	10	7770	卖盘
10:08:27	7.78	0.01	30	23340	买盘
10:08:24	7.77	-0.01	15	11655	卖盘
10:08:21	7.78	0.01	1	778	买盘
10:08:12	7.77	-0.01	20	15540	卖盘
10:07:54	7.78	0.01	11	8558	买盘
10:07:45	7.77	--	7	5439	卖盘
10:07:15	7.77	--	13	10101	卖盘
10:07:12	7.77	--	40	31080	卖盘
10:07:06	7.77	--	12	9324	卖盘
10:07:00	7.77	--	10	7770	卖盘
10:06:45	7.77	--	1	777	卖盘
10:06:42	7.77	--	7	5439	卖盘
10:06:39	7.77	--	25	19425	卖盘
10:06:36	7.77	--	29	22533	卖盘
10:06:00	7.77	-0.01	55	42735	卖盘
10:05:51	7.78	0.01	10	7780	买盘
10:05:30	7.77	-0.01	14	10878	卖盘
10:04:57	7.78	--	1	778	买盘
10:04:45	7.78	--	2	1556	买盘
10:04:12	7.78	-0.01	15	11670	卖盘
10:04:06	7.79	0.01	17	13243	买盘
10:03:27	7.78	--	6	4668	买盘
10:03:18	7.78	0.01	19	14782	买盘
10:03:09	7.77	--	14	10878	卖盘
10:02:39	7.77	--	4	3108	卖盘
10:02:21	7.77	--	5	3885	卖盘
10:01:48	7.77	-0.01	2	1554	卖盘
10:01:36	7.78	--	10	7780	买盘
10:01:27	7.78	--	5	3890	买盘
10:01:12	7.78	0.01	6	4668	买盘
10:01:03	7.77	--	3	2331	卖盘
10:00:57	7.77	--	18	13986	卖盘
10:00:45	7.77	-0.01	25	19425	卖盘
10:00:24	7.78	--	200	155600	买盘
10:00:18	7.78	0.01	56	43568	买盘
10:00:15	7.77	--	2	1554	卖盘
10:00:12	7.77	--	48	37296	卖盘
10:00:06	7.77	--	4	3108	卖盘
09:59:54	7.77	-0.01	69	53613	卖盘
09:59:48	7.78	0.01	51	39678	买盘
09:59:45	7.77	-0.01	4	3108	卖盘
09:59:39	7.78	0.01	11	8558	买盘
09:59:36	7.77	--	2	1554	卖盘
09:59:15	7.77	--	0	388	卖盘
09:59:00	7.77	--	227	176379	卖盘
09:58:51	7.77	--	7	5439	卖盘
09:58:27	7.77	-0.01	1	777	卖盘
09:58:18	7.78	--	20	15560	买盘
09:58:03	7.78	--	59	45902	买盘
09:58:00	7.78	--	4	3112	买盘
09:57:45	7.78	0.01	59	45902	买盘
09:57:42	7.77	--	30	23310	卖盘
09:57:39	7.77	--	21	16317	卖盘
09:57:27	7.77	--	44	34188	卖盘
09:57:21	7.77	--	127	98679	卖盘
09:57:12	7.77	-0.01	9	6993	卖盘
09:57:09	7.78	0.01	10	7780	买盘
09:57:06	7.77	-0.01	150	116550	卖盘
09:56:45	7.78	--	55	42790	卖盘
09:56:42	7.78	--	18	14004	卖盘
09:56:36	7.78	--	2	1556	卖盘
09:56:30	7.78	--	120	93360	卖盘
09:56:24	7.78	--	28	21784	卖盘
09:56:21	7.78	--	50	38900	卖盘
09:56:06	7.78	-0.01	14	10892	卖盘
09:56:03	7.79	--	23	17917	卖盘
09:55:51	7.79	0.01	8	6232	中性盘
09:55:12	7.78	--	14	10892	卖盘
09:55:06	7.78	-0.01	5	3890	卖盘
09:55:00	7.79	--	5	3895	买盘
09:54:51	7.79	--	11	8569	卖盘
09:54:42	7.79	0.01	1	779	中性盘
09:54:18	7.78	-0.01	100	77800	卖盘
09:53:57	7.79	--	9	7011	买盘
09:53:33	7.79	--	1	779	买盘
09:53:00	7.79	--	26	20254	买盘
09:52:45	7.79	0.01	87	67773	买盘
09:52:30	7.78	--	34	26452	买盘
09:52:27	7.78	--	25	19450	买盘
09:52:24	7.78	0.01	41	31898	买盘
09:51:51	7.77	--	1	777	买盘
09:51:45	7.77	--	9	6993	卖盘
09:51:24	7.77	--	30	23310	卖盘
09:51:12	7.77	-0.02	75	58275	卖盘
09:50:51	7.79	0.02	125	97375	买盘
09:50:42	7.77	-0.02	48	37296	卖盘
09:50:33	7.79	0.02	5	3895	买盘
09:50:30	7.77	-0.02	1	777	中性盘
09:50:24	7.79	0.02	130	101270	买盘
09:50:21	7.77	--	30	23310	卖盘
09:49:54	7.77	--	10	7770	卖盘
09:49:48	7.77	-0.03	953	740481	卖盘
09:49:30	7.8	--	71	55770	卖盘
09:49:27	7.8	--	28	21840	卖盘
09:49:21	7.8	--	28	21840	卖盘
09:49:15	7.8	--	1	780	卖盘
09:49:09	7.8	-0.01	1	780	卖盘
09:49:03	7.81	0.01	5	3905	买盘
09:48:51	7.8	--	2	1560	卖盘
09:48:42	7.8	--	13	10140	卖盘
09:48:30	7.8	--	50	39000	卖盘
09:48:24	7.8	-0.01	30	23400	卖盘
09:48:18	7.81	--	20	15620	买盘
09:48:06	7.81	--	20	15620	买盘
09:47:48	7.81	--	8	6248	卖盘
09:47:39	7.81	0.01	42	32802	买盘
09:47:27	7.8	--	21	16770	买盘
09:47:18	7.8	--	2	1560	买盘
09:47:00	7.8	--	10	7800	买盘
09:46:54	7.8	--	51	39780	买盘
09:46:48	7.8	--	16	12480	卖盘
09:46:42	7.8	--	14	10920	卖盘
09:46:36	7.8	-0.01	10	7800	卖盘
09:46:30	7.81	--	2	1562	买盘
09:46:27	7.81	0.02	8	6248	买盘
09:46:21	7.79	-0.02	20	15580	卖盘
09:46:15	7.81	0.01	3	2343	买盘
09:46:09	7.8	--	1	780	买盘
09:46:06	7.8	0.01	3	2340	买盘
09:45:51	7.79	--	4	3116	卖盘
09:45:48	7.79	0.01	3	2337	买盘
09:45:45	7.78	--	11	8558	卖盘
09:45:36	7.78	--	6	4668	卖盘
09:45:21	7.78	0.01	5	3890	卖盘
09:45:15	7.77	--	574	445998	卖盘
09:45:12	7.77	-0.01	19	14763	卖盘
09:45:09	7.78	--	41	31898	买盘
09:45:06	7.78	--	5	3890	买盘
09:45:00	7.78	-0.02	491	381998	卖盘
09:44:54	7.8	0.02	93	72540	买盘
09:44:27	7.78	-0.01	134	104252	卖盘
09:44:24	7.79	--	20	15580	买盘
09:44:21	7.79	0.01	4	3116	买盘
09:44:18	7.78	-0.01	40	31120	卖盘
09:44:12	7.79	--	10	7790	买盘
09:44:09	7.79	-0.01	110	85690	卖盘
09:43:57	7.8	--	5	3900	卖盘
09:43:45	7.8	-0.01	675	527108	卖盘
09:43:27	7.81	--	177	138237	卖盘
09:43:06	7.81	--	10	7810	卖盘
09:43:03	7.81	--	119	92939	买盘
09:42:57	7.81	--	30	23430	卖盘
09:42:36	7.81	--	10	7810	中性盘
09:42:12	7.81	--	143	111683	卖盘
09:42:03	7.81	0.01	27	21087	买盘
09:41:54	7.8	--	12	9360	卖盘
09:41:51	7.8	-0.01	11	8580	卖盘
09:41:48	7.81	--	3	2343	买盘
09:41:42	7.81	--	50	39050	买盘
09:41:36	7.81	--	5	3905	买盘
09:41:30	7.81	--	13	10153	买盘
09:41:03	7.81	-0.02	128	99968	卖盘
09:41:00	7.83	0.01	4	3132	买盘
09:40:48	7.82	-0.02	6	4692	卖盘
09:40:45	7.84	--	1	784	买盘
09:40:27	7.84	--	6	4704	卖盘
09:40:24	7.84	--	14	10976	卖盘
09:40:18	7.84	0.02	30	23520	买盘
09:40:06	7.82	-0.02	8	6256	卖盘
09:39:54	7.84	--	16	12544	卖盘
09:39:51	7.84	0.03	14	10976	中性盘
09:38:39	7.81	--	100	78100	卖盘
09:38:36	7.81	--	10	7810	卖盘
09:38:30	7.81	--	5	3905	卖盘
09:38:15	7.81	0.01	123	96063	买盘
09:38:12	7.8	-0.01	18	14040	卖盘
09:38:09	7.81	--	212	165572	买盘
09:38:06	7.81	--	283	221023	买盘
09:38:03	7.81	--	10	7810	买盘
09:38:00	7.81	--	1	781	买盘
09:37:57	7.81	--	24	18744	买盘
09:37:54	7.81	--	6	4686	买盘
09:37:48	7.81	--	50	39050	买盘
09:37:45	7.81	0.01	10	7810	买盘
09:37:42	7.8	-0.01	5	3900	卖盘
09:37:39	7.81	--	10	7810	买盘
09:37:36	7.81	--	35	27335	买盘
09:37:33	7.81	0.01	16	12496	买盘
09:37:27	7.8	-0.01	28	21840	卖盘
09:37:24	7.81	--	10	7810	买盘
09:37:18	7.81	--	60	46860	买盘
09:37:15	7.81	--	23	17963	买盘
09:37:09	7.81	--	24	18744	买盘
09:37:06	7.81	--	20	15620	买盘
09:37:00	7.81	--	87	67947	买盘
09:36:57	7.81	--	185	144485	卖盘
09:36:54	7.81	--	5	3905	卖盘
09:36:42	7.81	0.01	20	15620	中性盘
09:36:18	7.8	--	10	7800	卖盘
09:36:15	7.8	-0.03	259	202020	卖盘
09:35:57	7.83	0.02	4	3132	买盘
09:35:54	7.81	-0.02	105	82005	卖盘
09:35:45	7.83	--	1	783	买盘
09:35:39	7.83	--	1	783	卖盘
09:35:18	7.83	-0.02	7	5481	卖盘
09:35:09	7.85	0.02	3	2355	买盘
09:35:03	7.83	-0.02	1	783	卖盘
09:35:00	7.85	0.02	27	21195	买盘
09:34:51	7.83	-0.02	1	783	卖盘
09:34:36	7.85	0.02	1	785	买盘
09:34:15	7.83	-0.02	10	7830	中性盘
09:33:27	7.85	0.05	3	2355	买盘
09:33:24	7.8	--	62	48360	卖盘
09:33:12	7.8	--	25	19500	卖盘
09:33:09	7.8	-0.01	70	54600	卖盘
09:33:00	7.81	0.01	96	74976	买盘
09:32:57	7.8	-0.01	36	28080	卖盘
09:32:54	7.81	--	76	59356	买盘
09:32:48	7.81	--	46	35926	买盘
09:32:42	7.81	--	63	49203	买盘
09:32:36	7.81	--	29	22649	买盘
09:32:33	7.81	--	12	9372	买盘
09:32:30	7.81	--	6	4686	买盘
09:32:24	7.81	-0.04	172	134332	卖盘
09:32:12	7.85	--	6	4710	卖盘
09:32:03	7.85	0.03	44	34540	买盘
09:31:42	7.82	-0.01	21	16422	中性盘
09:31:18	7.83	--	33	25839	卖盘
09:31:12	7.83	--	10	7830	卖盘
09:31:03	7.83	-0.01	23	18009	卖盘
09:30:42	7.84	-0.01	1	784	卖盘
09:30:27	7.85	-0.02	5	3925	中性盘
09:30:03	7.87	0.02	148	117223	买盘
09:30:00	7.85	--	0	0	卖盘
09:25:03	7.85	7.85	29	22804	买盘
