成交时间	成交价	价格变动	成交量(手)	成交额(元)	性质
15:00:03	45.79	0.01	1377	6306473	卖盘
14:57:00	45.78	-0.02	79	361662	卖盘
14:56:57	45.8	-0.01	35	160300	卖盘
14:56:54	45.81	--	8	36648	买盘
14:56:48	45.81	-0.01	31	142011	卖盘
14:56:45	45.82	0.01	33	151206	买盘
14:56:42	45.81	-0.01	10	45810	卖盘
14:56:39	45.82	--	61	279502	买盘
14:56:36	45.82	--	5	22910	买盘
14:56:33	45.82	--	47	216728	卖盘
14:56:30	45.82	--	16	73312	卖盘
14:56:27	45.82	--	371	1699922	卖盘
14:56:24	45.82	--	28	128296	卖盘
14:56:21	45.82	--	42	192444	卖盘
14:56:18	45.82	--	87	398634	卖盘
14:56:15	45.82	--	56	256592	卖盘
14:56:12	45.82	--	42	192444	卖盘
14:56:09	45.82	--	12	54984	卖盘
14:56:06	45.82	--	38	174116	卖盘
14:56:03	45.82	--	54	247428	卖盘
14:56:00	45.82	--	12	54984	卖盘
14:55:57	45.82	--	5	22910	卖盘
14:55:54	45.82	--	7	32074	卖盘
14:55:51	45.82	--	26	119132	卖盘
14:55:48	45.82	--	30	137460	卖盘
14:55:45	45.82	--	4	18328	卖盘
14:55:42	45.82	--	5	22910	卖盘
14:55:39	45.82	--	8	36656	卖盘
14:55:36	45.82	--	15	68730	卖盘
14:55:33	45.82	--	6395	29305097	卖盘
14:55:30	45.82	--	16	73312	卖盘
14:55:21	45.82	--	8	36656	卖盘
14:55:18	45.82	--	2	9164	卖盘
14:55:15	45.82	--	3	13746	卖盘
14:55:12	45.82	--	1	4582	卖盘
14:55:03	45.82	--	1	4582	卖盘
14:54:57	45.82	--	11	50402	卖盘
14:54:51	45.82	--	4	18328	卖盘
14:54:48	45.82	--	12	54984	卖盘
14:54:42	45.82	--	5	22910	卖盘
14:54:33	45.82	--	8	36656	卖盘
14:54:30	45.82	--	1	4582	卖盘
14:54:21	45.82	--	10	45820	卖盘
14:54:18	45.82	--	1	4582	卖盘
14:54:12	45.82	--	26	119132	卖盘
14:54:00	45.82	--	4	18328	卖盘
14:53:57	45.82	--	10	45820	卖盘
14:53:54	45.82	--	17	77894	卖盘
14:53:51	45.82	--	2	9164	卖盘
14:53:39	45.82	--	6	27492	卖盘
14:53:36	45.82	--	1	4582	卖盘
14:53:30	45.82	--	5	22910	卖盘
14:53:27	45.82	--	12	54984	卖盘
14:53:15	45.82	--	14	64148	卖盘
14:53:09	45.82	--	21	96222	卖盘
14:53:06	45.82	--	7	32074	卖盘
14:53:03	45.82	--	2	9164	卖盘
14:53:00	45.82	--	2	9164	卖盘
14:52:57	45.82	--	69	316158	卖盘
14:52:54	45.82	--	5	22910	卖盘
14:52:51	45.82	--	30	137460	卖盘
14:52:48	45.82	--	131	600242	卖盘
14:52:45	45.82	--	13	59566	卖盘
14:52:42	45.82	--	16	73312	卖盘
14:52:33	45.82	--	2	9164	卖盘
14:52:27	45.82	--	1	4582	卖盘
14:52:24	45.82	--	9	41238	卖盘
14:52:21	45.82	--	27	123714	卖盘
14:52:18	45.82	--	6	27492	卖盘
14:52:12	45.82	--	2	9164	卖盘
14:52:09	45.82	--	2	9164	卖盘
14:52:06	45.82	--	2	9164	卖盘
14:52:03	45.82	--	9	41238	卖盘
14:52:00	45.82	--	1	4582	卖盘
14:51:54	45.82	--	1	4582	卖盘
14:51:51	45.82	--	12	54984	卖盘
14:51:48	45.82	--	5	22910	卖盘
14:51:42	45.82	--	27	123714	卖盘
14:51:39	45.82	--	7	32074	卖盘
14:51:36	45.82	--	2	9164	卖盘
14:51:33	45.82	--	4	18328	卖盘
14:51:30	45.82	--	7	32074	卖盘
14:51:27	45.82	--	17	77894	卖盘
14:51:24	45.82	--	35	160370	卖盘
14:51:21	45.82	--	2	9164	卖盘
14:51:18	45.82	--	16	73312	卖盘
14:51:15	45.82	--	5	22910	卖盘
14:51:09	45.82	--	2	9164	卖盘
14:51:06	45.82	--	12	54984	卖盘
14:51:03	45.82	--	2	9164	卖盘
14:51:00	45.82	--	8	36656	卖盘
14:50:54	45.82	--	33	151206	卖盘
14:50:48	45.82	--	1	4582	卖盘
14:50:45	45.82	--	19	87058	卖盘
14:50:42	45.82	--	62	284084	卖盘
14:50:39	45.82	--	90	412380	卖盘
14:50:33	45.82	--	15	68730	卖盘
14:50:30	45.82	--	26	119132	卖盘
14:50:27	45.82	--	14	64148	卖盘
14:50:24	45.82	--	2	9164	卖盘
14:50:18	45.82	--	37	169534	卖盘
14:50:12	45.82	--	11	50402	卖盘
14:50:09	45.82	--	47	215354	卖盘
14:50:06	45.82	--	3	13746	卖盘
14:50:03	45.82	--	7	32074	卖盘
14:50:00	45.82	--	1	4582	卖盘
14:49:57	45.82	--	11	50402	卖盘
14:49:54	45.82	--	5	22910	卖盘
14:49:51	45.82	--	2	9164	卖盘
14:49:45	45.82	--	4	18328	卖盘
14:49:42	45.82	--	66	302412	卖盘
14:49:39	45.82	--	1	4582	卖盘
14:49:36	45.82	--	22	100804	卖盘
14:49:33	45.82	--	38	174116	卖盘
14:49:30	45.82	--	52	238264	卖盘
14:49:27	45.82	--	22	100804	卖盘
14:49:24	45.82	--	5	22910	卖盘
14:49:21	45.82	--	396	1814472	卖盘
14:49:18	45.82	--	30	137460	卖盘
14:49:15	45.82	--	334	1530388	卖盘
14:49:12	45.82	--	109	499438	卖盘
14:49:09	45.82	--	1012	4636984	卖盘
14:49:06	45.82	--	15	68730	卖盘
14:49:03	45.82	--	117	536094	卖盘
14:49:00	45.82	--	100	458200	卖盘
14:48:57	45.82	--	147	673554	卖盘
14:48:54	45.82	--	59	270338	卖盘
14:48:51	45.82	--	136	623152	卖盘
14:48:48	45.82	--	35	160370	卖盘
14:48:45	45.82	--	37	169534	卖盘
14:48:42	45.82	--	36	164952	卖盘
14:48:39	45.82	--	79	361978	卖盘
14:48:36	45.82	--	23	105386	卖盘
14:48:33	45.82	--	31	142042	卖盘
14:48:30	45.82	--	103	471946	卖盘
14:48:27	45.82	--	90	412380	卖盘
14:48:24	45.82	--	47	215354	卖盘
14:48:21	45.82	--	24	109968	卖盘
14:48:18	45.82	--	38	174116	卖盘
14:48:15	45.82	--	16	73312	卖盘
14:48:12	45.82	--	80	366560	卖盘
14:48:09	45.82	--	148	678136	卖盘
14:48:06	45.82	--	19	87058	卖盘
14:48:03	45.82	--	71	325322	卖盘
14:48:00	45.82	--	51	237118	卖盘
14:47:57	45.82	--	75	343650	卖盘
14:47:54	45.82	--	127	581914	卖盘
14:47:51	45.82	--	157	719374	卖盘
14:47:48	45.82	--	117	536094	卖盘
14:47:45	45.82	--	384	1762695	卖盘
14:47:42	45.82	--	321	1470822	买盘
14:47:39	45.82	0.01	116	531512	买盘
14:47:36	45.81	--	76	348156	买盘
14:47:33	45.81	0.03	193	884133	买盘
14:47:30	45.78	--	150	686700	卖盘
14:47:27	45.78	0.26	16	73248	买盘
14:47:24	45.52	--	61	277672	卖盘
14:47:21	45.52	--	117	532584	买盘
14:47:18	45.52	0.02	28	127456	买盘
14:47:15	45.5	0.04	43	195650	买盘
14:47:12	45.46	0.07	40	181840	中性盘
14:47:09	45.39	0.2	12	54468	买盘
14:47:06	45.19	-0.17	47	212393	中性盘
14:47:03	45.36	0.2	11	49896	中性盘
14:47:00	45.16	0.05	5	22580	卖盘
14:46:57	45.11	0.01	53	239083	买盘
14:46:54	45.1	--	7	32832	卖盘
14:46:51	45.1	0.08	17	76670	买盘
14:46:48	45.02	0.02	152	684304	买盘
14:46:45	45.0	--	56	252000	买盘
14:46:42	45.0	0.01	59	265500	买盘
14:46:39	44.99	0.04	42	188958	买盘
14:46:36	44.95	0.03	10	44950	买盘
14:46:33	44.92	-0.03	37	166204	卖盘
14:46:30	44.95	0.08	27	121365	买盘
14:46:27	44.87	0.07	33	148071	买盘
14:46:24	44.8	-0.05	24	107520	卖盘
14:46:21	44.85	0.05	19	85215	买盘
14:46:18	44.8	0.02	26	116479	买盘
14:46:15	44.78	0.1	10	44780	买盘
14:46:12	44.68	0.09	60	268080	买盘
14:46:09	44.59	0.01	37	164983	买盘
14:46:06	44.58	--	16	71328	卖盘
14:46:03	44.58	0.08	68	303188	买盘
14:46:00	44.5	--	92	409400	买盘
14:45:57	44.5	--	3	13350	买盘
14:45:54	44.5	--	28	124600	买盘
14:45:51	44.5	0.09	82	364900	买盘
14:45:48	44.41	0.05	29	128788	买盘
14:45:45	44.36	-0.04	18	79848	卖盘
14:45:42	44.4	0.07	21	93240	买盘
14:45:39	44.33	0.04	16	70928	中性盘
14:45:36	44.29	-0.01	92	407468	卖盘
14:45:33	44.3	0.02	18	79740	买盘
14:45:30	44.28	0.02	27	119556	买盘
14:45:27	44.26	0.05	9	39834	买盘
14:45:24	44.21	0.01	115	508415	买盘
14:45:21	44.2	0.03	60	265200	买盘
14:45:18	44.17	-0.01	32	141344	卖盘
14:45:15	44.18	0.03	18	79524	买盘
14:45:12	44.15	0.05	15	66225	买盘
14:45:09	44.1	0.06	231	1018710	买盘
14:45:06	44.04	0.04	49	215796	买盘
14:45:03	44.0	--	14	61600	卖盘
14:45:00	44.0	-0.01	5	22000	卖盘
14:44:57	44.01	0.01	59	259659	买盘
14:44:54	44.0	0.04	25	110000	买盘
14:44:51	43.96	-0.03	802	3525592	卖盘
14:44:48	43.99	0.03	115	505885	买盘
14:44:42	43.96	0.01	5	21980	买盘
14:44:39	43.95	--	7	30765	买盘
14:44:36	43.95	0.05	6	26370	买盘
14:44:33	43.9	0.05	21	93155	买盘
14:44:24	43.85	--	170	745450	买盘
14:44:18	43.85	0.04	20	87700	买盘
14:44:12	43.81	--	2	8762	卖盘
14:44:06	43.81	0.01	3	13143	买盘
14:44:03	43.8	--	2	8760	卖盘
14:44:00	43.8	0.06	141	617580	买盘
14:43:57	43.74	--	27	118098	卖盘
14:43:51	43.74	-0.01	3	13122	买盘
14:43:48	43.75	--	26	113750	买盘
14:43:45	43.75	0.05	22	96250	买盘
14:43:39	43.7	0.03	23	100510	买盘
14:43:33	43.67	0.04	7	30569	买盘
14:43:30	43.63	--	2	8726	卖盘
14:43:27	43.63	--	130	567190	买盘
14:43:24	43.63	--	3	13089	买盘
14:43:21	43.63	--	76	331588	卖盘
14:43:18	43.63	-0.07	5	21815	卖盘
14:43:15	43.7	0.03	50	218500	买盘
14:43:12	43.67	--	1	4367	买盘
14:43:03	43.67	0.03	23	100441	买盘
14:42:57	43.64	-0.03	1	4364	中性盘
14:42:48	43.67	0.03	10	43670	买盘
14:42:39	43.64	--	2	8728	卖盘
14:42:24	43.64	-0.03	4	17456	卖盘
14:42:21	43.67	0.03	2	8734	买盘
14:42:18	43.64	--	20	87280	卖盘
14:42:09	43.64	--	10	43640	卖盘
14:42:06	43.64	--	4	17456	卖盘
14:42:00	43.64	0.01	8	34912	中性盘
14:41:57	43.63	--	22	95986	买盘
14:41:51	43.63	-0.05	3	13089	买盘
14:41:48	43.68	--	7	30576	买盘
14:41:42	43.68	0.05	13	56784	买盘
14:41:39	43.63	--	9	39267	卖盘
14:41:36	43.63	--	1	4363	卖盘
14:41:33	43.63	--	3	13089	卖盘
14:41:27	43.63	--	6	26178	卖盘
14:41:24	43.63	--	2	8726	卖盘
14:41:18	43.63	--	1	4363	卖盘
14:41:15	43.63	0.01	44	191972	买盘
14:41:12	43.62	-0.01	3	13086	买盘
14:41:09	43.63	--	3	13089	买盘
14:41:06	43.63	0.01	30	130890	买盘
14:41:03	43.62	--	1	4362	卖盘
14:40:57	43.62	--	1	4362	买盘
14:40:54	43.62	0.11	20	87240	买盘
14:40:45	43.51	--	4	17404	卖盘
14:40:42	43.51	-0.11	10	43510	卖盘
14:40:39	43.62	0.02	47	205014	买盘
14:40:30	43.6	0.1	70	305200	买盘
14:40:24	43.5	-0.1	2	8700	卖盘
14:40:21	43.6	0.1	45	196200	买盘
14:40:18	43.5	--	1	4350	卖盘
14:40:12	43.5	--	65	282750	卖盘
14:40:09	43.5	--	32	139200	卖盘
14:40:06	43.5	--	2	8700	卖盘
14:40:00	43.5	--	73	317550	卖盘
14:39:57	43.5	-0.01	50	217500	卖盘
14:39:54	43.51	0.01	2	8702	中性盘
14:39:51	43.5	--	17	73950	卖盘
14:39:48	43.5	--	10	43500	卖盘
14:39:45	43.5	--	2	8700	卖盘
14:39:36	43.5	--	1	4350	卖盘
14:39:33	43.5	--	15	65250	卖盘
14:39:30	43.5	--	2	8700	卖盘
14:39:21	43.5	--	5	21750	卖盘
14:39:18	43.5	--	7	30450	卖盘
14:38:51	43.5	-0.1	18	78300	卖盘
14:38:48	43.6	0.1	10	43600	买盘
14:38:36	43.5	--	10	43500	买盘
14:38:33	43.5	-0.09	90	391500	卖盘
14:38:27	43.59	0.07	11	47949	买盘
14:38:21	43.52	0.01	5	21760	中性盘
14:38:06	43.51	0.01	60	261060	卖盘
14:38:03	43.5	-0.06	12	52200	卖盘
14:38:00	43.56	0.06	12	52272	买盘
14:37:51	43.5	--	2	8700	卖盘
14:37:45	43.5	-0.01	123	535050	卖盘
14:37:42	43.51	-0.01	8	34808	卖盘
14:37:39	43.52	--	6	26112	卖盘
14:37:36	43.52	0.01	2	8704	中性盘
14:37:33	43.51	--	1	4351	卖盘
14:37:30	43.51	-0.05	37	160987	卖盘
14:37:27	43.56	--	2	8712	买盘
14:37:24	43.56	--	1	4356	买盘
14:37:21	43.56	--	2	8712	中性盘
14:37:00	43.56	--	4	17424	卖盘
14:36:39	43.56	-0.06	6	26136	中性盘
14:36:36	43.62	0.06	31	135222	买盘
14:36:33	43.56	0.06	30	130680	买盘
14:36:30	43.5	--	2	8700	卖盘
14:36:27	43.5	--	2	8700	卖盘
14:36:21	43.5	--	10	43500	卖盘
14:36:12	43.5	--	48	208800	卖盘
14:36:09	43.5	--	15	65250	卖盘
14:36:00	43.5	--	9	39150	卖盘
14:35:57	43.5	0.05	24	104400	买盘
14:35:54	43.45	0.01	101	438845	中性盘
14:35:48	43.44	-0.06	6	26064	卖盘
14:35:42	43.5	0.06	2	8700	买盘
14:35:33	43.44	-0.04	12	52128	卖盘
14:35:30	43.48	--	2	8696	卖盘
14:35:24	43.48	--	3	13043	卖盘
14:35:12	43.48	--	5	21740	卖盘
14:35:03	43.48	-0.02	4	17392	卖盘
14:34:48	43.5	-0.06	3	13050	卖盘
14:34:45	43.56	0.06	5	21780	买盘
14:34:36	43.5	-0.06	5	21750	卖盘
14:34:33	43.56	--	13	56628	买盘
14:34:27	43.56	-0.04	149	649044	卖盘
14:34:15	43.6	--	14	61040	卖盘
14:34:12	43.6	--	5	21800	卖盘
14:33:51	43.6	-0.02	12	52320	卖盘
14:33:45	43.62	--	3	13086	买盘
14:33:42	43.62	--	13	56706	卖盘
14:33:30	43.62	-0.01	2	8724	卖盘
14:33:24	43.63	0.01	5	21815	买盘
14:33:12	43.62	-0.01	5	21810	卖盘
14:33:09	43.63	--	8	34904	买盘
14:33:00	43.63	0.01	12	52356	买盘
14:32:48	43.62	--	18	78516	卖盘
14:32:39	43.62	--	1	4362	卖盘
14:32:33	43.62	--	69	300978	卖盘
14:32:21	43.62	--	3	13086	卖盘
14:32:06	43.62	--	19	82878	买盘
14:31:57	43.62	--	1	4362	买盘
14:31:54	43.62	--	6	26172	买盘
14:31:42	43.62	-0.06	24	104688	卖盘
14:31:39	43.68	--	20	87360	买盘
14:31:36	43.68	0.06	21	91728	买盘
14:31:30	43.62	0.02	2	8724	买盘
14:31:27	43.6	--	23	100280	卖盘
14:31:24	43.6	--	12	52320	卖盘
14:31:18	43.6	--	3	13080	卖盘
14:31:09	43.6	--	1	4360	中性盘
14:30:57	43.6	--	2	8720	买盘
14:30:36	43.6	--	12	52320	买盘
14:30:33	43.6	--	20	87200	买盘
14:30:27	43.6	--	8	34880	买盘
14:30:21	43.6	0.01	4	17440	买盘
14:30:12	43.59	0.02	5	21795	卖盘
14:30:03	43.57	--	4	17428	卖盘
14:29:54	43.57	--	1	4357	卖盘
14:29:48	43.57	--	4	17428	卖盘
14:29:45	43.57	-0.02	57	248349	卖盘
14:29:39	43.59	--	3	13077	买盘
14:29:36	43.59	0.02	10	43590	买盘
14:29:30	43.57	--	3	13071	卖盘
14:29:03	43.57	-0.03	3	13071	卖盘
14:28:57	43.6	0.01	9	39240	买盘
14:28:54	43.59	--	5	21795	买盘
14:28:45	43.59	0.03	2	8718	中性盘
14:28:42	43.56	-0.03	12	52272	卖盘
14:28:36	43.59	0.04	2	8718	买盘
14:28:30	43.55	--	5	21775	卖盘
14:28:24	43.55	-0.04	7	30484	卖盘
14:28:21	43.59	0.04	10	43590	买盘
14:28:18	43.55	--	1	4355	卖盘
14:28:15	43.55	--	9	39195	卖盘
14:28:09	43.55	0.05	10	43550	卖盘
14:28:03	43.5	--	3	13050	买盘
14:28:00	43.5	-0.04	17	73950	卖盘
14:27:54	43.54	0.01	2	8708	买盘
14:27:51	43.53	--	41	178473	卖盘
14:27:45	43.53	-0.02	20	87060	卖盘
14:27:42	43.55	--	15	65324	卖盘
14:27:39	43.55	0.01	31	135005	买盘
14:27:36	43.54	-0.01	2	8708	中性盘
14:27:24	43.55	--	25	108875	买盘
14:27:21	43.55	-0.05	13	56614	卖盘
14:27:12	43.6	--	15	65400	卖盘
14:27:09	43.6	--	50	218000	卖盘
14:26:57	43.6	-0.05	50	218000	卖盘
14:26:48	43.65	--	1	4365	卖盘
14:26:33	43.65	-0.02	10	43650	卖盘
14:26:24	43.67	--	2	8734	卖盘
14:26:12	43.67	--	30	131010	卖盘
14:26:06	43.67	-0.01	26	113542	卖盘
14:25:57	43.68	--	6	26208	卖盘
14:25:51	43.68	--	50	218400	卖盘
14:25:45	43.68	-0.01	1	4368	卖盘
14:25:36	43.69	--	2	8738	买盘
14:25:33	43.69	--	7	30583	卖盘
14:25:30	43.69	-0.01	20	87380	卖盘
14:25:24	43.7	0.01	18	78660	买盘
14:25:18	43.69	-0.01	5	21845	卖盘
14:25:12	43.7	--	5	21850	买盘
14:24:57	43.7	0.01	2	8740	买盘
14:24:54	43.69	-0.01	4	17476	卖盘
14:24:45	43.7	-0.01	28	122360	卖盘
14:24:42	43.71	--	1	4371	买盘
14:24:27	43.71	--	6	26226	卖盘
14:24:03	43.71	--	10	43710	中性盘
14:23:39	43.71	-0.01	24	104904	卖盘
14:23:33	43.72	--	3	13116	买盘
14:23:30	43.72	0.01	1	4372	买盘
14:23:27	43.71	--	7	30597	卖盘
14:22:51	43.71	--	7	30597	买盘
14:22:42	43.71	-0.01	3	13113	卖盘
14:22:27	43.72	--	4	17488	买盘
14:22:24	43.72	--	17	74324	买盘
14:22:21	43.72	-0.03	16	69952	中性盘
14:22:09	43.75	--	20	87500	买盘
14:21:57	43.75	--	2	8750	买盘
14:21:48	43.75	-0.05	2	8750	中性盘
14:21:42	43.8	--	1	4380	买盘
14:21:33	43.8	--	2	8760	买盘
14:21:30	43.8	0.05	5	21900	买盘
14:21:24	43.75	--	7	30625	买盘
14:21:21	43.75	--	4	17500	卖盘
14:21:12	43.75	--	2	8750	卖盘
14:21:09	43.75	0.06	144	630000	买盘
14:20:51	43.69	-0.04	14	61166	卖盘
14:20:45	43.73	0.05	1	4373	买盘
14:20:39	43.68	-0.05	5	21840	卖盘
14:20:36	43.73	--	23	100579	买盘
14:20:27	43.73	--	14	61221	买盘
14:20:15	43.73	0.05	65	284245	买盘
14:20:06	43.68	-0.05	1	4368	卖盘
14:20:03	43.73	0.05	10	43730	买盘
14:20:00	43.68	--	5	21840	卖盘
14:19:36	43.68	0.01	2	8736	买盘
14:19:30	43.67	--	5	21835	卖盘
14:19:24	43.67	--	17	74239	买盘
14:19:21	43.67	0.01	7	30569	中性盘
14:18:51	43.66	-0.04	2	8732	卖盘
14:18:42	43.7	0.04	3	13110	买盘
14:18:33	43.66	-0.01	6	26195	卖盘
14:18:27	43.67	--	5	21835	中性盘
14:18:21	43.67	--	2	8734	买盘
14:18:15	43.67	-0.03	7	30569	卖盘
14:18:12	43.7	0.03	1	4370	买盘
14:18:03	43.67	--	2	8734	卖盘
14:17:51	43.67	-0.03	6	26202	卖盘
14:17:45	43.7	--	2	8740	买盘
14:17:33	43.7	-0.03	13	56810	卖盘
14:17:21	43.73	0.01	21	91833	买盘
14:17:12	43.72	0.02	6	26232	中性盘
14:16:57	43.7	-0.03	7	30590	卖盘
14:16:54	43.73	--	21	91833	买盘
14:16:48	43.73	--	21	91833	买盘
14:16:45	43.73	0.02	26	113697	买盘
14:16:27	43.71	--	5	21855	卖盘
14:16:24	43.71	--	6	26226	卖盘
14:16:09	43.71	--	10	43710	卖盘
14:16:00	43.71	--	21	91791	卖盘
14:15:54	43.71	--	1	4371	卖盘
14:15:51	43.71	-0.02	13	56823	卖盘
14:15:48	43.73	0.02	4	17492	买盘
14:15:39	43.71	-0.02	2	8742	卖盘
14:15:30	43.73	--	6	26237	买盘
14:15:21	43.73	0.02	1	4373	买盘
14:15:18	43.71	--	2	8742	卖盘
14:15:12	43.71	-0.01	5	21855	卖盘
14:15:03	43.72	--	4	17488	卖盘
14:14:54	43.72	--	5	21860	买盘
14:14:45	43.72	--	5	21860	买盘
14:14:21	43.72	--	1	4372	买盘
14:14:18	43.72	--	8	34976	买盘
14:14:06	43.72	--	9	39348	卖盘
14:14:03	43.72	-0.01	2	8744	卖盘
14:13:57	43.73	--	3	13118	买盘
14:13:48	43.73	--	52	227395	卖盘
14:13:45	43.73	--	3	13118	卖盘
14:13:39	43.73	--	5	21865	卖盘
14:13:06	43.73	0.01	5	21865	中性盘
14:12:51	43.72	--	4	19805	中性盘
14:12:48	43.72	-0.06	1	4372	卖盘
14:12:45	43.78	0.07	1	4378	买盘
14:12:30	43.71	--	13	56823	卖盘
14:12:27	43.71	-0.07	20	87420	卖盘
14:12:24	43.78	--	23	100694	买盘
14:12:06	43.78	-0.01	5	21890	中性盘
14:11:51	43.79	-0.01	3	13137	卖盘
14:11:36	43.8	--	1	4380	买盘
14:11:33	43.8	--	4	17520	买盘
14:11:18	43.8	--	5	21900	买盘
14:11:12	43.8	--	1	6438	卖盘
14:11:09	43.8	--	1	4380	卖盘
14:10:57	43.8	--	4	17520	卖盘
14:10:54	43.8	-0.01	29	127019	卖盘
14:10:42	43.81	--	16	70096	卖盘
14:10:33	43.81	--	23	100763	卖盘
14:10:27	43.81	--	12	52572	卖盘
14:10:21	43.81	-0.01	11	48191	卖盘
14:10:06	43.82	--	1	4382	卖盘
14:10:03	43.82	-0.01	3	13146	卖盘
14:09:48	43.83	-0.02	6	26298	卖盘
14:09:45	43.85	--	11	48235	买盘
14:09:33	43.85	0.02	2	8770	买盘
14:09:30	43.83	-0.02	1	4383	卖盘
14:09:27	43.85	--	2	8770	买盘
14:09:24	43.85	--	3	13155	买盘
14:09:12	43.85	--	1	4385	买盘
14:08:48	43.85	--	1	4385	买盘
14:08:39	43.85	--	2	8770	买盘
14:08:30	43.85	0.04	42	184170	买盘
14:08:27	43.81	0.01	3	13143	中性盘
14:08:15	43.8	--	4	17520	卖盘
14:08:12	43.8	0.09	27	120581	买盘
14:08:03	43.71	--	9	39339	买盘
14:08:00	43.71	--	3	13113	卖盘
14:07:51	43.71	0.03	10	43710	卖盘
14:07:45	43.68	-0.03	71	310128	卖盘
14:07:42	43.71	0.03	2	8742	中性盘
14:07:36	43.68	--	8	34944	卖盘
14:07:33	43.68	-0.1	26	113568	卖盘
14:07:30	43.78	0.1	12	52536	中性盘
14:07:24	43.68	-0.03	10	43680	卖盘
14:07:18	43.71	--	41	179211	买盘
14:07:15	43.71	0.03	2	8742	买盘
14:07:12	43.68	-0.03	5	21840	卖盘
14:07:09	43.71	--	1	4371	买盘
14:07:03	43.71	--	2	8742	买盘
14:07:00	43.71	-0.09	63	275373	卖盘
14:06:54	43.8	0.03	7	30659	买盘
14:06:51	43.77	--	10	43770	买盘
14:06:45	43.77	-0.03	51	223227	卖盘
14:06:39	43.8	0.02	18	78840	买盘
14:06:33	43.78	-0.02	3	13134	卖盘
14:06:24	43.8	--	4	17520	买盘
14:06:09	43.8	--	0	2058	卖盘
14:06:03	43.8	--	10	46121	买盘
14:05:51	43.8	--	1	6438	卖盘
14:05:45	43.8	--	2	8760	卖盘
14:05:24	43.8	--	6	26280	卖盘
14:05:15	43.8	--	8	35040	卖盘
14:05:03	43.8	-0.06	5	21900	卖盘
14:05:00	43.86	-0.04	1	4386	卖盘
14:04:39	43.9	-0.03	6	26340	卖盘
14:04:36	43.93	0.03	21	92253	买盘
14:04:33	43.9	--	5	21950	卖盘
14:04:24	43.9	-0.03	5	21950	卖盘
14:04:12	43.93	--	6	26358	卖盘
14:04:09	43.93	--	1	4393	卖盘
14:04:03	43.93	-0.04	10	43930	卖盘
14:04:00	43.97	--	9	39573	卖盘
14:03:57	43.97	--	23	101131	卖盘
14:03:54	43.97	-0.01	31	136307	卖盘
14:03:51	43.98	0.01	7	30785	买盘
14:03:45	43.97	-0.02	10	43970	卖盘
14:03:33	43.99	--	70	307930	卖盘
14:03:30	43.99	--	10	43990	卖盘
14:03:27	43.99	--	4	17596	卖盘
14:03:24	43.99	-0.01	24	105576	卖盘
14:03:21	44.0	--	7	30800	买盘
14:03:18	44.0	--	6	26400	买盘
14:03:15	44.0	--	50	220000	买盘
14:03:06	44.0	--	12	52800	买盘
14:03:03	44.0	--	5	22000	买盘
14:03:00	44.0	--	9	39600	买盘
14:02:57	44.0	--	18	79200	买盘
14:02:54	44.0	--	16	70400	买盘
14:02:48	44.0	--	1	4400	买盘
14:02:45	44.0	--	10	44000	买盘
14:02:39	44.0	--	5	22000	买盘
14:02:36	44.0	--	30	132000	买盘
14:02:33	44.0	--	23	101200	买盘
14:02:30	44.0	--	11	48400	买盘
14:02:27	44.0	--	49	215600	买盘
14:02:24	44.0	--	19	83600	买盘
14:02:21	44.0	--	11	48400	买盘
14:02:18	44.0	--	13	57200	买盘
14:02:15	44.0	--	18	79200	买盘
14:02:12	44.0	--	3	13200	买盘
14:02:09	44.0	--	7	30800	买盘
14:02:06	44.0	0.01	110	484000	买盘
14:02:03	43.99	--	13	57187	买盘
14:02:00	43.99	--	53	233147	买盘
14:01:57	43.99	--	35	153965	买盘
14:01:54	43.99	0.01	18	79182	买盘
14:01:51	43.98	-0.01	1	4398	卖盘
14:01:48	43.99	0.01	2	8798	买盘
14:01:45	43.98	-0.01	10	43980	卖盘
14:01:42	43.99	--	5	21995	买盘
14:01:39	43.99	0.01	14	61586	买盘
14:01:33	43.98	--	81	356238	买盘
14:01:27	43.98	0.01	3	13193	买盘
14:01:24	43.97	-0.01	2	8794	卖盘
14:01:21	43.98	--	6	26387	买盘
14:01:18	43.98	0.01	2	8796	买盘
14:01:15	43.97	-0.01	53	233041	卖盘
14:01:12	43.98	0.02	5	21990	买盘
14:01:06	43.96	-0.01	7	30772	卖盘
14:01:03	43.97	-0.01	15	65955	卖盘
14:01:00	43.98	--	6	26387	买盘
14:00:57	43.98	--	2	8796	买盘
14:00:54	43.98	0.01	4	17592	买盘
14:00:45	43.97	0.01	10	43970	买盘
14:00:39	43.96	--	6	26376	卖盘
14:00:36	43.96	--	153	672588	买盘
14:00:33	43.96	--	1	4396	买盘
14:00:30	43.96	0.03	5	21980	买盘
14:00:27	43.93	-0.03	5	21965	卖盘
14:00:24	43.96	--	10	43960	买盘
14:00:21	43.96	--	16	70336	买盘
14:00:18	43.96	--	10	43960	买盘
14:00:15	43.96	0.03	8	35168	买盘
14:00:12	43.93	-0.03	1	4393	卖盘
14:00:09	43.96	--	21	92316	买盘
14:00:03	43.96	0.01	10	43960	买盘
14:00:00	43.95	-0.01	20	87900	卖盘
13:59:57	43.96	--	5	21980	买盘
13:59:54	43.96	--	2	8792	买盘
13:59:51	43.96	0.02	40	175840	买盘
13:59:48	43.94	-0.02	4	17576	卖盘
13:59:45	43.96	0.02	5	21980	买盘
13:59:42	43.94	-0.02	1	4394	中性盘
13:59:39	43.96	0.05	100	439600	买盘
13:59:36	43.91	0.01	1	4391	买盘
13:59:27	43.9	--	7	30730	买盘
13:59:24	43.9	0.01	4	17560	买盘
13:59:21	43.89	-0.01	3	13167	买盘
13:59:18	43.9	--	35	153650	买盘
13:59:06	43.9	0.05	41	179990	买盘
13:58:57	43.85	--	5	25433	买盘
13:58:54	43.85	--	6	26310	买盘
13:58:48	43.85	--	14	61390	买盘
13:58:45	43.85	--	6	26310	买盘
13:58:42	43.85	--	5	21925	买盘
13:58:39	43.85	--	18	78930	买盘
13:58:36	43.85	--	3	13155	买盘
13:58:33	43.85	--	13	57005	买盘
13:58:30	43.85	0.01	70	306950	买盘
13:58:24	43.84	0.01	14	61376	买盘
13:58:18	43.83	--	2	8766	卖盘
13:58:12	43.83	0.02	5	21915	买盘
13:58:09	43.81	--	10	43810	卖盘
13:58:03	43.81	--	3	13143	中性盘
13:57:48	43.81	--	3	13143	卖盘
13:57:42	43.81	--	3	13143	卖盘
13:57:36	43.81	0.01	43	188383	买盘
13:57:24	43.8	-0.01	3	13140	卖盘
13:57:15	43.81	--	1	4381	买盘
13:57:06	43.81	--	16	70096	卖盘
13:57:03	43.81	--	10	43810	卖盘
13:56:57	43.81	-0.01	54	236574	卖盘
13:56:54	43.82	--	3	13146	买盘
13:56:51	43.82	0.01	5	21910	买盘
13:56:48	43.81	--	2	8762	卖盘
13:56:36	43.81	--	15	65715	买盘
13:56:30	43.81	0.01	26	113906	买盘
13:56:27	43.8	-0.01	5	21900	卖盘
13:56:24	43.81	--	3	13143	买盘
13:56:21	43.81	--	3	13143	买盘
13:56:18	43.81	--	1	4381	买盘
13:56:12	43.81	0.01	30	131430	买盘
13:56:09	43.8	-0.01	1	4380	卖盘
13:56:06	43.81	--	1	4381	买盘
13:56:03	43.81	0.01	20	87620	买盘
13:56:00	43.8	--	11	48180	卖盘
13:55:57	43.8	--	25	109500	卖盘
13:55:51	43.8	0.01	95	418421	买盘
13:55:48	43.79	--	5	21895	买盘
13:55:42	43.79	--	4	17516	买盘
13:55:39	43.79	0.01	27	118233	买盘
13:55:36	43.78	-0.01	16	70048	卖盘
13:55:30	43.79	0.01	17	74443	买盘
13:55:24	43.78	-0.01	2	8756	卖盘
13:55:18	43.79	--	21	91959	买盘
13:54:45	43.79	0.01	2	8758	买盘
13:54:24	43.78	0.01	6	26268	买盘
13:54:09	43.77	--	1	4377	卖盘
13:54:03	43.77	--	1	4377	买盘
13:53:45	43.77	0.01	39	170703	买盘
13:53:39	43.76	0.01	2	8752	买盘
13:53:36	43.75	--	2	8750	卖盘
13:53:33	43.75	-0.01	3	13125	卖盘
13:53:21	43.76	--	6	26256	卖盘
13:53:15	43.76	-0.01	7	30632	卖盘
13:52:57	43.77	--	59	258243	卖盘
13:52:48	43.77	--	6	26262	卖盘
13:52:39	43.77	--	8	35016	卖盘
13:52:12	43.77	-0.02	9	39393	卖盘
13:52:06	43.79	0.01	1	4379	买盘
13:52:03	43.78	0.01	10	43780	中性盘
13:51:57	43.77	-0.01	8	35016	卖盘
13:51:54	43.78	--	8	35024	卖盘
13:51:45	43.78	0.02	1	4378	买盘
13:51:36	43.76	--	1	4376	中性盘
13:51:27	43.76	-0.02	7	30632	卖盘
13:51:18	43.78	0.02	8	35024	买盘
13:51:15	43.76	--	2	8752	卖盘
13:51:06	43.76	-0.02	8	35008	卖盘
13:51:03	43.78	0.02	2	8756	买盘
13:51:00	43.76	--	4	17504	卖盘
13:50:57	43.76	0.01	1	4376	中性盘
13:50:45	43.75	-0.01	3	13125	卖盘
13:50:39	43.76	--	47	205672	买盘
13:50:30	43.76	--	1	4376	买盘
13:50:18	43.76	--	6	26256	卖盘
13:50:15	43.76	-0.02	7	30632	卖盘
13:50:03	43.78	--	2	8756	买盘
13:50:00	43.78	--	1	4378	买盘
13:49:57	43.78	--	18	78804	卖盘
13:49:33	43.78	-0.01	1	4378	卖盘
13:49:21	43.79	-0.01	25	111533	卖盘
13:49:09	43.8	0.01	20	87600	买盘
13:49:06	43.79	-0.01	10	43790	卖盘
13:48:57	43.8	--	3	13140	卖盘
13:48:54	43.8	--	11	48180	卖盘
13:48:48	43.8	--	7	30659	卖盘
13:48:45	43.8	--	2	8760	卖盘
13:48:42	43.8	--	1	4380	卖盘
13:48:39	43.8	--	6	26280	卖盘
13:48:30	43.8	--	2	8760	卖盘
13:48:27	43.8	0.01	3	13140	买盘
13:48:24	43.79	--	1	4379	卖盘
13:48:15	43.79	--	2	11078	买盘
13:48:12	43.79	--	3	13137	买盘
13:48:03	43.79	-0.02	24	107154	卖盘
13:47:57	43.81	0.02	47	208228	买盘
13:47:54	43.79	--	10	43790	卖盘
13:47:48	43.79	-0.01	10	43790	卖盘
13:47:45	43.8	-0.01	4	17520	卖盘
13:47:42	43.81	--	3	13143	买盘
13:47:33	43.81	0.02	3	13143	买盘
13:47:30	43.79	-0.01	20	87580	卖盘
13:47:27	43.8	--	7	30659	卖盘
13:47:24	43.8	--	45	197100	买盘
13:47:15	43.8	--	1	4380	买盘
13:47:09	43.8	--	6	26280	买盘
13:47:03	43.8	--	8	35040	买盘
13:46:57	43.8	0.01	4	17520	买盘
13:46:48	43.79	-0.01	3	13137	卖盘
13:46:45	43.8	--	12	52560	买盘
13:46:39	43.8	0.01	2	8760	买盘
13:46:36	43.79	-0.01	2	8758	卖盘
13:46:30	43.8	0.01	2	8760	买盘
13:46:24	43.79	--	2	8758	卖盘
13:46:21	43.79	-0.01	2	8758	卖盘
13:46:18	43.8	--	1	4380	买盘
13:46:06	43.8	0.02	3	13140	买盘
13:45:57	43.78	-0.02	1	4378	卖盘
13:45:51	43.8	--	10	43800	买盘
13:45:48	43.8	0.02	40	175200	买盘
13:45:42	43.78	0.01	2	8756	买盘
13:45:33	43.77	--	4	17508	卖盘
13:45:30	43.77	--	3	13131	卖盘
13:45:27	43.77	0.01	45	196965	买盘
13:45:24	43.76	-0.01	5	21880	卖盘
13:45:21	43.77	0.01	1	4377	买盘
13:45:15	43.76	-0.01	6	26256	卖盘
13:45:12	43.77	0.01	2	8754	买盘
13:45:06	43.76	--	15	65640	买盘
13:45:03	43.76	--	3	13128	买盘
13:44:54	43.76	--	5	21880	买盘
13:44:45	43.76	--	24	105024	买盘
13:44:39	43.76	--	85	371960	买盘
13:44:06	43.76	0.02	113	494488	买盘
13:44:03	43.74	--	2	8748	买盘
13:43:45	43.74	0.03	5	21870	买盘
13:43:27	43.71	0.01	4	17484	买盘
13:43:21	43.7	0.03	7	30590	买盘
13:43:03	43.67	0.02	5	21835	买盘
13:42:54	43.65	--	1	4365	卖盘
13:42:51	43.65	--	1	4365	买盘
13:42:30	43.65	-0.02	1	4365	卖盘
13:42:18	43.67	--	1	4367	买盘
13:42:03	43.67	--	2	8734	买盘
13:41:51	43.67	-0.03	22	96074	中性盘
13:41:42	43.7	--	19	83030	买盘
13:41:33	43.7	--	10	43700	中性盘
13:41:24	43.7	--	5	21850	买盘
13:41:21	43.7	--	1	4370	卖盘
13:41:15	43.7	--	4	17480	买盘
13:41:12	43.7	--	12	52440	买盘
13:40:51	43.7	0.09	21	91770	买盘
13:40:48	43.61	--	12	52332	买盘
13:40:42	43.61	--	3	13083	买盘
13:40:36	43.61	--	5	21805	买盘
13:40:27	43.61	--	3	13083	卖盘
13:40:15	43.61	--	3	13083	卖盘
13:40:09	43.61	0.01	4	17444	中性盘
13:39:39	43.6	-0.05	18	78480	卖盘
13:39:33	43.65	0.04	1	4365	买盘
13:39:30	43.61	--	10	43610	卖盘
13:39:24	43.61	--	1	4361	卖盘
13:38:57	43.61	0.01	5	21805	卖盘
13:38:51	43.6	-0.01	52	226720	卖盘
13:38:48	43.61	--	9	39249	买盘
13:38:42	43.61	--	10	43610	买盘
13:38:36	43.61	--	35	152635	卖盘
13:38:18	43.61	0.01	1	4361	卖盘
13:38:15	43.6	-0.03	12	52320	卖盘
13:38:12	43.63	--	2	8726	买盘
13:38:09	43.63	0.03	8	34904	买盘
13:37:54	43.6	-0.01	9	39240	卖盘
13:37:39	43.61	0.01	2	8722	中性盘
13:37:36	43.6	--	14	61040	卖盘
13:37:15	43.6	-0.05	1	4360	卖盘
13:36:57	43.65	--	5	21825	卖盘
13:36:51	43.65	-0.01	1	4365	卖盘
13:36:39	43.66	-0.03	2	8732	卖盘
13:36:36	43.69	-0.01	1	4369	卖盘
13:36:33	43.7	--	1	4370	买盘
13:36:30	43.7	--	10	43700	买盘
13:36:24	43.7	--	2	8740	买盘
13:36:21	43.7	-0.03	57	249090	卖盘
13:36:15	43.73	0.01	2	8746	买盘
13:36:06	43.72	-0.01	1	4372	卖盘
13:35:45	43.73	--	3	13118	买盘
13:35:30	43.73	-0.01	1	4373	卖盘
13:35:27	43.74	-0.01	2	8748	卖盘
13:35:15	43.75	--	2	8750	买盘
13:35:00	43.75	--	7	30625	卖盘
13:34:57	43.75	-0.01	1	4375	中性盘
13:34:45	43.76	0.01	2	8752	买盘
13:34:42	43.75	--	1	4375	买盘
13:34:39	43.75	--	3	13125	卖盘
13:34:33	43.75	--	93	406875	卖盘
13:34:30	43.75	--	15	65625	卖盘
13:34:27	43.75	-0.01	1	4375	卖盘
13:34:18	43.76	0.01	5	21880	买盘
13:34:15	43.75	--	1	4375	卖盘
13:34:12	43.75	--	10	43750	卖盘
13:34:09	43.75	-0.01	1	4375	卖盘
13:34:06	43.76	--	1	4376	买盘
13:34:00	43.76	--	20	87520	买盘
13:33:42	43.76	--	26	113776	买盘
13:33:33	43.76	--	3	13128	买盘
13:33:30	43.76	0.01	25	109400	买盘
13:33:27	43.75	-0.01	6	26250	卖盘
13:33:21	43.76	--	10	43760	买盘
13:33:15	43.76	--	3	13128	买盘
13:33:09	43.76	--	1	4376	买盘
13:33:03	43.76	0.01	30	131280	买盘
13:33:00	43.75	--	5	21875	卖盘
13:32:39	43.75	--	26	113750	卖盘
13:32:36	43.75	-0.01	2	8750	卖盘
13:32:30	43.76	--	10	43760	买盘
13:32:24	43.76	0.01	1	4376	买盘
13:31:33	43.75	--	8	35000	卖盘
13:31:27	43.75	--	3	13125	中性盘
13:31:00	43.75	--	2	8750	卖盘
13:30:57	43.75	--	1	4375	卖盘
13:30:45	43.75	--	13	56875	买盘
13:30:42	43.75	--	4	17500	买盘
13:30:33	43.75	--	14	61250	买盘
13:30:15	43.75	--	12	52500	买盘
13:30:03	43.75	0.01	13	56875	买盘
13:29:57	43.74	-0.01	4	17496	卖盘
13:29:42	43.75	--	7	30625	买盘
13:29:36	43.75	0.02	13	56875	买盘
13:29:27	43.73	--	3	13118	卖盘
13:29:21	43.73	-0.02	3	13118	卖盘
13:29:18	43.75	--	1	4375	买盘
13:29:15	43.75	--	4	17500	买盘
13:29:09	43.75	--	2	8750	买盘
13:29:06	43.75	--	1	4375	买盘
13:29:03	43.75	--	1	4375	买盘
13:28:48	43.75	--	6	26250	卖盘
13:28:42	43.75	-0.01	2	8750	卖盘
13:28:27	43.76	--	1	4376	买盘
13:28:21	43.76	--	6	26256	卖盘
13:28:18	43.76	-0.01	12	52512	卖盘
13:28:09	43.77	--	1	4377	买盘
13:28:06	43.77	--	23	100671	买盘
13:28:03	43.77	--	2	8754	买盘
13:27:57	43.77	-0.04	26	113802	卖盘
13:27:51	43.81	--	19	83239	买盘
13:27:48	43.81	--	7	30667	买盘
13:27:39	43.81	--	10	43810	买盘
13:27:33	43.81	--	7	30667	买盘
13:27:18	43.81	--	3	13143	买盘
13:27:15	43.81	--	2	8762	买盘
13:27:03	43.81	--	10	43810	买盘
13:27:00	43.81	--	5	21905	买盘
13:26:51	43.81	--	12	52572	买盘
13:26:45	43.81	--	5	21905	买盘
13:26:36	43.81	-0.01	23	100763	卖盘
13:26:33	43.82	--	10	43820	买盘
13:26:30	43.82	--	4	17528	买盘
13:26:24	43.82	0.01	8	35056	买盘
13:26:15	43.81	-0.01	1	4381	卖盘
13:26:12	43.82	--	15	65730	买盘
13:26:09	43.82	0.01	1	4382	买盘
13:26:03	43.81	-0.01	3	13143	中性盘
13:25:54	43.82	0.02	28	122696	买盘
13:25:51	43.8	-0.01	1	4380	中性盘
13:25:36	43.81	0.06	50	219050	买盘
13:25:30	43.75	-0.01	1	4375	卖盘
13:25:27	43.76	0.01	4	17504	中性盘
13:25:12	43.75	-0.05	7	30625	卖盘
13:25:06	43.8	0.06	3	13140	买盘
13:24:54	43.74	-0.01	1	4374	中性盘
13:24:45	43.75	--	10	43750	卖盘
13:24:39	43.75	0.02	6	26250	买盘
13:24:27	43.73	--	1	4373	买盘
13:24:12	43.73	0.01	5	21865	买盘
13:24:09	43.72	-0.01	15	65580	卖盘
13:24:06	43.73	0.01	2	8746	买盘
13:23:57	43.72	--	46	201112	卖盘
13:23:54	43.72	-0.01	1	4372	卖盘
13:23:33	43.73	--	1	4373	买盘
13:23:27	43.73	-0.02	10	43730	卖盘
13:23:24	43.75	--	2	8750	买盘
13:23:18	43.75	--	1	4375	中性盘
13:23:09	43.75	--	7	30625	买盘
13:22:51	43.75	--	5	21875	买盘
13:22:48	43.75	-0.06	1	4375	卖盘
13:22:45	43.81	--	3	13143	买盘
13:22:39	43.81	0.06	5	21905	买盘
13:22:36	43.75	-0.06	5	21875	卖盘
13:22:30	43.81	0.01	13	56953	买盘
13:22:24	43.8	0.05	99	433620	买盘
13:22:06	43.75	--	21	91875	买盘
13:22:03	43.75	--	1	4375	买盘
13:21:45	43.75	-0.03	5	21875	卖盘
13:21:42	43.78	--	1	4378	买盘
13:21:36	43.78	0.03	3	13134	买盘
13:21:33	43.75	-0.03	5	21875	卖盘
13:21:30	43.78	--	1	4378	买盘
13:21:24	43.78	--	21	91938	卖盘
13:21:06	43.78	0.02	17	74426	买盘
13:21:03	43.76	--	2	8752	买盘
13:20:48	43.76	-0.03	16	70016	卖盘
13:20:33	43.79	0.03	1	4379	买盘
13:20:30	43.76	-0.01	1	4376	卖盘
13:20:27	43.77	0.01	14	61278	买盘
13:20:21	43.76	0.04	5	21880	买盘
13:20:12	43.72	--	16	69952	卖盘
13:19:57	43.72	-0.03	4	17488	卖盘
13:19:54	43.75	0.01	14	61250	买盘
13:19:48	43.74	--	2	8748	买盘
13:19:36	43.74	0.02	13	56862	买盘
13:19:33	43.72	--	5	21860	卖盘
13:19:27	43.72	--	5	21860	卖盘
13:19:24	43.72	--	1	4372	卖盘
13:19:21	43.72	0.01	18	78696	买盘
13:19:18	43.71	--	7	30597	卖盘
13:18:39	43.71	--	12	52452	卖盘
13:18:24	43.71	--	2	8742	卖盘
13:18:18	43.71	-0.03	3	13113	卖盘
13:18:09	43.74	--	2	8748	买盘
13:17:51	43.74	--	1	4374	卖盘
13:17:48	43.74	--	8	34992	卖盘
13:17:39	43.74	-0.02	10	43740	卖盘
13:17:33	43.76	0.01	21	91896	买盘
13:17:18	43.75	--	3	13125	买盘
13:17:09	43.75	-0.02	19	83125	卖盘
13:16:57	43.77	--	3	13131	卖盘
13:16:51	43.77	--	1	4377	卖盘
13:16:42	43.77	-0.01	1	4377	卖盘
13:16:33	43.78	--	8	35024	卖盘
13:16:24	43.78	--	1	4378	卖盘
13:16:21	43.78	-0.01	2	8756	卖盘
13:16:15	43.79	--	5	21895	买盘
13:16:09	43.79	-0.01	5	21895	卖盘
13:16:06	43.8	0.01	30	131400	买盘
13:16:00	43.79	-0.01	1	4379	卖盘
13:15:57	43.8	--	8	35040	买盘
13:15:51	43.8	--	2	8760	买盘
13:15:36	43.8	0.01	1	4380	买盘
13:15:30	43.79	-0.01	5	21895	卖盘
13:15:27	43.8	0.01	15	65700	买盘
13:15:24	43.79	-0.01	31	135749	卖盘
13:15:21	43.8	0.01	3	13140	买盘
13:15:15	43.79	--	3	13137	卖盘
13:15:12	43.79	0.01	1	4379	卖盘
13:15:09	43.78	-0.01	2	8756	卖盘
13:15:06	43.79	--	2	8758	买盘
13:15:00	43.79	0.01	7	30653	买盘
13:14:54	43.78	0.01	7	30646	买盘
13:14:51	43.77	-0.02	12	52524	卖盘
13:14:39	43.79	-0.01	1	4379	中性盘
13:14:33	43.8	0.03	77	337260	买盘
13:14:24	43.77	-0.02	2	8754	卖盘
13:14:21	43.79	--	1	4379	买盘
13:14:18	43.79	0.01	6	26274	买盘
13:14:15	43.78	0.01	2	8756	买盘
13:14:12	43.77	--	5	21885	卖盘
13:14:03	43.77	0.03	23	100671	买盘
13:14:00	43.74	-0.01	7	30618	卖盘
13:13:54	43.75	--	1	4375	卖盘
13:13:48	43.75	0.01	6	26250	买盘
13:13:42	43.74	-0.01	10	43740	卖盘
13:13:39	43.75	--	30	131250	买盘
13:13:36	43.75	0.01	3	13125	买盘
13:13:33	43.74	-0.01	2	8748	卖盘
13:13:30	43.75	0.01	27	118125	买盘
13:13:27	43.74	--	1	4374	卖盘
13:13:21	43.74	-0.01	10	43740	卖盘
13:13:18	43.75	--	6	26250	买盘
13:13:15	43.75	--	9	39375	买盘
13:13:12	43.75	0.01	5	21875	卖盘
13:13:06	43.74	-0.01	17	74358	卖盘
13:13:03	43.75	0.01	24	105000	买盘
13:12:57	43.74	-0.01	3	13122	卖盘
13:12:54	43.75	--	1	4375	买盘
13:12:48	43.75	--	4	17500	卖盘
13:12:39	43.75	-0.03	2	8750	卖盘
13:12:30	43.78	--	1	4378	买盘
13:12:09	43.78	0.03	17	74426	买盘
13:12:00	43.75	--	2	8750	买盘
13:11:57	43.75	-0.03	5	21875	卖盘
13:11:54	43.78	--	50	218900	买盘
13:11:51	43.78	-0.01	6	26268	卖盘
13:11:36	43.79	--	2	8758	卖盘
13:11:27	43.79	-0.01	19	83201	卖盘
13:11:15	43.8	--	2	8760	买盘
13:11:12	43.8	0.01	38	166440	买盘
13:11:09	43.79	-0.01	1	4379	卖盘
13:11:00	43.8	--	3	13140	买盘
13:10:57	43.8	--	1	4380	买盘
13:10:54	43.8	--	5	21900	买盘
13:10:51	43.8	--	1	4380	买盘
13:10:48	43.8	--	5	21900	买盘
13:10:36	43.8	0.01	8	35040	买盘
13:10:33	43.79	-0.01	32	140128	卖盘
13:10:30	43.8	--	14	61319	买盘
13:10:27	43.8	--	30	131400	买盘
13:10:24	43.8	0.01	2	8760	买盘
13:10:21	43.79	--	26	113854	卖盘
13:10:18	43.79	--	13	56927	卖盘
13:10:15	43.79	--	11	48169	卖盘
13:10:09	43.79	--	1	4379	买盘
13:10:06	43.79	0.01	14	61306	中性盘
13:10:03	43.78	-0.02	23	100694	卖盘
13:10:00	43.8	0.02	10	43800	买盘
13:09:54	43.78	-0.04	5	21890	卖盘
13:09:45	43.82	0.07	5	21910	买盘
13:09:42	43.75	-0.03	13	56875	卖盘
13:09:36	43.78	-0.01	2	8756	中性盘
13:09:27	43.79	--	13	56927	买盘
13:09:24	43.79	--	5	21895	买盘
13:09:21	43.79	-0.03	4	17516	卖盘
13:09:18	43.82	--	10	43820	卖盘
13:09:12	43.82	--	10	43820	卖盘
13:09:09	43.82	--	9	39438	卖盘
13:09:06	43.82	0.03	70	306740	买盘
13:09:03	43.79	-0.01	4	17516	卖盘
13:08:57	43.8	--	1	4380	买盘
13:08:48	43.8	--	1	4380	卖盘
13:08:45	43.8	-0.05	3	13140	卖盘
13:08:36	43.85	--	73	320105	买盘
13:08:30	43.85	-0.02	8	35080	卖盘
13:08:21	43.87	-0.01	2	8774	卖盘
13:08:18	43.88	--	9	39492	卖盘
13:08:15	43.88	--	2	8776	卖盘
13:08:12	43.88	-0.02	14	61432	卖盘
13:08:03	43.9	--	24	105360	买盘
13:08:00	43.9	--	1	4390	买盘
13:07:57	43.9	--	15	65850	卖盘
13:07:54	43.9	-0.04	1	4390	卖盘
13:07:51	43.94	--	10	43940	买盘
13:07:45	43.94	--	3	13182	买盘
13:07:36	43.94	-0.01	5	21970	卖盘
13:07:33	43.95	--	24	105480	买盘
13:07:30	43.95	--	6	26370	买盘
13:07:27	43.95	--	1	4395	买盘
13:07:24	43.95	0.01	25	109875	买盘
13:07:21	43.94	--	1	4394	买盘
13:07:18	43.94	-0.01	3	13182	卖盘
13:07:15	43.95	--	19	83505	卖盘
13:07:12	43.95	--	8	35160	卖盘
13:07:09	43.95	--	2	8790	卖盘
13:07:03	43.95	--	9	39555	买盘
13:07:00	43.95	--	6	26370	卖盘
13:06:57	43.95	--	22	96690	卖盘
13:06:54	43.95	-0.01	32	140640	卖盘
13:06:51	43.96	--	23	101108	买盘
13:06:45	43.96	--	33	145068	买盘
13:06:42	43.96	0.01	5	21980	买盘
13:06:39	43.95	-0.02	31	136245	卖盘
13:06:36	43.97	-0.01	10	43970	中性盘
13:06:33	43.98	--	1	4398	买盘
13:06:30	43.98	0.03	14	61571	买盘
13:06:27	43.95	-0.02	5	21975	卖盘
13:06:24	43.97	--	5	21985	买盘
13:06:21	43.97	--	51	224247	买盘
13:06:18	43.97	0.01	2	8794	买盘
13:06:15	43.96	--	3	13188	买盘
13:06:12	43.96	0.01	7	30772	买盘
13:06:09	43.95	0.01	18	79110	买盘
13:06:03	43.94	--	1	4394	买盘
13:06:00	43.94	0.04	7	30758	买盘
13:05:57	43.9	--	17	74630	买盘
13:05:54	43.9	0.01	8	35120	买盘
13:05:51	43.89	0.02	28	122892	买盘
13:05:48	43.87	--	2	8774	买盘
13:05:45	43.87	0.01	23	100901	买盘
13:05:39	43.86	0.01	9	39474	买盘
13:05:36	43.85	--	10	43850	买盘
13:05:33	43.85	0.01	3	13155	买盘
13:05:30	43.84	--	4	17536	买盘
13:05:27	43.84	0.01	1	4384	买盘
13:05:24	43.83	0.01	1	4383	买盘
13:05:18	43.82	--	8	35056	卖盘
13:05:15	43.82	0.02	20	87640	买盘
13:05:12	43.8	--	5	21900	卖盘
13:05:09	43.8	--	7	30659	买盘
13:05:06	43.8	--	1	4380	买盘
13:05:03	43.8	--	15	65700	买盘
13:05:00	43.8	--	759	3324420	买盘
13:04:57	43.8	0.02	33	144540	买盘
13:04:54	43.78	-0.01	2	8756	卖盘
13:04:51	43.79	--	6	26274	买盘
13:04:48	43.79	0.01	20	87580	买盘
13:04:45	43.78	-0.01	17	74426	卖盘
13:04:42	43.79	0.01	10	43790	买盘
13:04:39	43.78	-0.01	10	43780	卖盘
13:04:36	43.79	0.02	100	437900	买盘
13:04:33	43.77	--	8	35016	卖盘
13:04:30	43.77	--	1	4377	买盘
13:04:24	43.77	0.01	20	87540	买盘
13:04:21	43.76	--	2	8752	买盘
13:04:18	43.76	-0.01	7	30632	卖盘
13:04:12	43.77	0.02	20	87540	买盘
13:04:09	43.75	0.01	1	4375	买盘
13:04:06	43.74	-0.02	1	4374	中性盘
13:03:57	43.76	--	27	118152	中性盘
13:03:48	43.76	0.05	10	43760	买盘
13:03:45	43.71	--	21	91791	卖盘
13:03:33	43.71	-0.05	26	113646	卖盘
13:03:30	43.76	0.06	20	87520	买盘
13:03:27	43.7	-0.01	1	4370	卖盘
13:03:24	43.71	-0.05	5	21855	卖盘
13:03:21	43.76	0.01	70	306320	买盘
13:03:15	43.75	-0.01	1	4375	中性盘
13:03:09	43.76	0.01	21	91896	买盘
13:03:06	43.75	0.04	12	52500	买盘
13:03:03	43.71	--	2	8742	卖盘
13:02:57	43.71	-0.04	8	34968	卖盘
13:02:54	43.75	0.05	29	126875	买盘
13:02:51	43.7	-0.03	36	157320	卖盘
13:02:42	43.73	0.04	20	87460	买盘
13:02:39	43.69	-0.02	19	83011	卖盘
13:02:36	43.71	0.01	37	162207	买盘
13:02:33	43.7	--	22	100029	卖盘
13:02:24	43.7	--	10	43700	卖盘
13:02:21	43.7	--	64	280160	买盘
13:02:15	43.7	--	5	21850	买盘
13:02:09	43.7	--	25	109250	买盘
13:01:57	43.7	--	20	87400	买盘
13:01:54	43.7	0.04	15	65550	买盘
13:01:51	43.66	-0.04	13	56757	卖盘
13:01:48	43.7	--	6	26220	买盘
13:01:42	43.7	--	20	87400	买盘
13:01:33	43.7	0.02	101	441370	买盘
13:01:30	43.68	0.04	4	17472	买盘
13:01:24	43.64	-0.03	50	218200	卖盘
13:01:21	43.67	0.02	22	96074	买盘
13:01:18	43.65	--	25	109125	买盘
13:01:12	43.65	--	7	30555	买盘
13:01:09	43.65	--	20	87300	买盘
13:01:06	43.65	--	16	69840	买盘
13:01:03	43.65	--	8	34920	买盘
13:00:57	43.65	--	11	48015	买盘
13:00:54	43.65	0.01	12	52380	买盘
13:00:51	43.64	-0.01	10	43640	卖盘
13:00:48	43.65	--	4	17460	买盘
13:00:45	43.65	0.01	6	26190	买盘
13:00:42	43.64	--	5	21820	买盘
13:00:39	43.64	--	22	96008	卖盘
13:00:30	43.64	0.02	10	43640	买盘
13:00:21	43.62	--	10	43620	买盘
13:00:18	43.62	--	3	13086	买盘
13:00:15	43.62	0.03	40	174480	买盘
13:00:12	43.59	--	6	26154	买盘
13:00:09	43.59	0.07	31	135129	买盘
13:00:06	43.52	0.02	6	26112	买盘
13:00:03	43.5	--	42	182700	卖盘
13:00:00	43.5	0.07	223	970050	买盘
11:30:00	43.43	0.03	10	43430	买盘
11:29:51	43.4	0.03	87	377580	买盘
11:29:45	43.37	-0.01	8	34696	卖盘
11:29:36	43.38	--	5	21690	买盘
11:29:33	43.38	--	8	34704	买盘
11:29:24	43.38	--	22	95436	卖盘
11:29:21	43.38	-0.02	5	21690	卖盘
11:29:15	43.4	0.02	2	8680	买盘
11:29:12	43.38	--	3	13014	中性盘
11:28:45	43.38	--	1	4338	买盘
11:28:39	43.38	--	6	26028	买盘
11:28:27	43.38	--	10	43380	买盘
11:28:21	43.38	--	5	21690	买盘
11:28:18	43.38	0.01	22	95436	买盘
11:28:03	43.37	--	2	8674	买盘
11:28:00	43.37	-0.01	1	4337	卖盘
11:27:48	43.38	--	7	30366	买盘
11:27:45	43.38	--	56	242928	买盘
11:27:39	43.38	0.01	1	4338	买盘
11:27:30	43.37	--	4	17348	买盘
11:27:15	43.37	0.07	15	65054	买盘
11:27:12	43.3	--	2	8660	卖盘
11:27:06	43.3	-0.1	2	8660	卖盘
11:26:54	43.4	--	15	65100	买盘
11:26:42	43.4	0.17	5	21700	买盘
11:26:15	43.23	--	20	86460	卖盘
11:26:12	43.23	-0.17	2	8646	卖盘
11:26:09	43.4	--	15	65100	买盘
11:25:57	43.4	0.18	15	65100	买盘
11:25:21	43.22	-0.01	12	51864	卖盘
11:25:18	43.23	0.02	4	17292	中性盘
11:24:45	43.21	--	22	95062	卖盘
11:24:24	43.21	--	43	185803	卖盘
11:24:00	43.21	-0.19	3	12963	卖盘
11:23:45	43.4	--	3	13020	买盘
11:23:36	43.4	0.2	11	47740	买盘
11:23:30	43.2	--	9	38880	买盘
11:23:27	43.2	-0.07	51	220320	卖盘
11:23:15	43.27	0.02	13	56251	买盘
11:23:09	43.25	-0.01	2	8650	中性盘
11:22:15	43.26	-0.01	3	12978	中性盘
11:21:45	43.27	--	4	17308	买盘
11:21:30	43.27	--	12	51924	卖盘
11:21:09	43.27	-0.13	1	4327	卖盘
11:20:57	43.4	--	5	21700	买盘
11:20:48	43.4	--	36	156240	卖盘
11:20:45	43.4	--	2	8680	卖盘
11:20:42	43.4	--	3	13020	卖盘
11:20:39	43.4	--	14	60760	买盘
11:20:00	43.4	--	13	56420	卖盘
11:19:54	43.4	--	3	13020	卖盘
11:19:51	43.4	--	30	130200	卖盘
11:19:42	43.4	0.13	48	208320	买盘
11:19:33	43.27	--	19	82213	卖盘
11:19:15	43.27	--	5	21635	买盘
11:19:12	43.27	-0.13	6	25962	卖盘
11:19:09	43.4	--	1	4340	买盘
11:18:57	43.4	0.12	60	260400	买盘
11:18:36	43.28	0.01	61	264008	买盘
11:18:30	43.27	-0.01	3	12981	卖盘
11:18:27	43.28	0.01	1	4328	买盘
11:18:15	43.27	--	12	51924	买盘
11:18:12	43.27	-0.01	1	4327	买盘
11:18:03	43.28	--	1	4328	买盘
11:17:57	43.28	0.02	10	43280	买盘
11:17:54	43.26	-0.01	14	60564	卖盘
11:17:51	43.27	--	3	12981	买盘
11:17:48	43.27	0.01	10	43270	买盘
11:17:42	43.26	--	1	4326	卖盘
11:17:24	43.26	-0.01	4	17304	中性盘
11:17:00	43.27	0.02	4	17308	买盘
11:16:57	43.25	--	5	21625	卖盘
11:16:48	43.25	-0.02	5	21625	卖盘
11:16:45	43.27	0.02	2	8654	买盘
11:16:36	43.25	--	1	4325	卖盘
11:16:30	43.25	0.01	11	47575	买盘
11:16:03	43.24	-0.01	2	8648	中性盘
11:15:39	43.25	0.05	3	12975	买盘
11:15:24	43.2	-0.05	3	12960	中性盘
11:15:09	43.25	--	1	4325	买盘
11:15:06	43.25	--	2	8650	买盘
11:14:48	43.25	0.03	10	43250	买盘
11:14:39	43.22	-0.04	12	51864	卖盘
11:14:33	43.26	0.01	6	25956	买盘
11:14:30	43.25	--	1	4325	买盘
11:14:27	43.25	--	1	4325	买盘
11:14:21	43.25	-0.01	13	56225	卖盘
11:14:18	43.26	0.01	3	12978	买盘
11:14:15	43.25	-0.01	3	12975	卖盘
11:14:09	43.26	--	3	12978	买盘
11:14:06	43.26	--	3	12978	买盘
11:13:57	43.26	--	3	12978	买盘
11:13:54	43.26	--	6	25956	买盘
11:13:48	43.26	--	9	38934	买盘
11:13:42	43.26	0.09	43	186018	买盘
11:13:33	43.17	--	1	4317	卖盘
11:13:27	43.17	0.07	1	4317	买盘
11:13:18	43.1	--	1	4310	卖盘
11:13:15	43.1	--	3	14654	买盘
11:13:03	43.1	0.02	3	12930	买盘
11:13:00	43.08	--	1	4308	买盘
11:12:54	43.08	0.08	45	193860	买盘
11:12:45	43.0	--	4	17200	买盘
11:12:42	43.0	0.01	6	25800	买盘
11:12:30	42.99	0.01	2	10403	买盘
11:12:21	42.98	0.01	1	4298	买盘
11:12:15	42.97	0.01	5	21485	买盘
11:12:06	42.96	--	27	115992	买盘
11:12:03	42.96	--	10	42960	买盘
11:12:00	42.96	0.01	1	4296	买盘
11:11:57	42.95	--	2	8590	买盘
11:11:54	42.95	0.01	9	38655	买盘
11:11:51	42.94	-0.02	11	47234	卖盘
11:11:45	42.96	--	3	12888	买盘
11:11:42	42.96	--	2	8592	买盘
11:11:39	42.96	--	22	94512	买盘
11:11:33	42.96	--	8	34368	买盘
11:11:30	42.96	--	3	12888	买盘
11:11:27	42.96	--	2	8592	买盘
11:11:24	42.96	--	4	17184	买盘
11:11:21	42.96	--	5	21480	买盘
11:11:18	42.96	-0.01	1	4296	卖盘
11:11:15	42.97	--	5	21485	买盘
11:11:12	42.97	--	1	4297	买盘
11:10:54	42.97	--	1	4297	买盘
11:10:48	42.97	-0.02	5	21485	卖盘
11:10:45	42.99	0.01	2	8598	买盘
11:10:42	42.98	-0.01	3	12893	中性盘
11:10:39	42.99	0.06	1	4299	买盘
11:10:36	42.93	-0.06	33	141669	卖盘
11:10:30	42.99	--	2	8598	买盘
11:10:27	42.99	0.02	23	98877	买盘
11:10:24	42.97	-0.02	6	25782	卖盘
11:10:21	42.99	--	1	4299	买盘
11:10:18	42.99	--	3	12897	买盘
11:10:15	42.99	-0.02	5	21495	卖盘
11:10:12	43.01	0.01	2	8602	买盘
11:10:09	43.0	-0.01	11	47300	卖盘
11:10:03	43.01	-0.01	3	12903	卖盘
11:09:54	43.02	-0.08	8	34416	卖盘
11:09:39	43.1	-0.08	151	653396	卖盘
11:09:36	43.18	--	16	69088	买盘
11:09:30	43.18	--	3	12954	卖盘
11:09:27	43.18	-0.08	2	8636	卖盘
11:09:18	43.26	0.06	24	103824	买盘
11:09:15	43.2	-0.05	13	56160	卖盘
11:09:12	43.25	0.05	1	4325	买盘
11:09:06	43.2	-0.06	4	17280	卖盘
11:09:03	43.26	--	23	99498	买盘
11:08:57	43.26	0.06	24	103824	买盘
11:08:54	43.2	-0.05	12	51840	卖盘
11:08:45	43.25	--	1	4325	卖盘
11:08:42	43.25	--	10	43250	卖盘
11:08:39	43.25	--	1	4325	卖盘
11:08:36	43.25	--	2	8650	卖盘
11:08:30	43.25	--	2	8650	卖盘
11:08:24	43.25	--	6	25950	卖盘
11:08:21	43.25	--	25	108125	卖盘
11:08:12	43.25	-0.05	7	30275	卖盘
11:08:06	43.3	--	5	21650	卖盘
11:08:00	43.3	-0.01	1	4330	卖盘
11:07:57	43.31	--	5	24166	卖盘
11:07:48	43.31	--	8	34648	卖盘
11:07:39	43.31	-0.04	12	51972	卖盘
11:07:30	43.35	--	2	8670	买盘
11:07:27	43.35	--	5	21675	买盘
11:07:24	43.35	--	2	8670	卖盘
11:07:18	43.35	-0.02	6	26010	卖盘
11:07:15	43.37	--	2	8674	买盘
11:07:06	43.37	-0.02	16	69392	中性盘
11:06:45	43.39	0.03	35	151865	买盘
11:06:42	43.36	-0.01	5	21680	卖盘
11:06:39	43.37	0.02	1	4337	买盘
11:06:36	43.35	--	9	39015	卖盘
11:06:21	43.35	-0.01	11	47685	卖盘
11:06:18	43.36	-0.04	8	34688	卖盘
11:05:57	43.4	0.04	2	8680	买盘
11:05:48	43.36	0.01	2	8672	中性盘
11:05:27	43.35	-0.05	10	43350	卖盘
11:05:03	43.4	--	1	4340	买盘
11:05:00	43.4	-0.03	1	4340	卖盘
11:04:57	43.43	--	2	8686	买盘
11:04:42	43.43	0.08	6	26058	卖盘
11:04:30	43.35	-0.08	19	82365	卖盘
11:04:27	43.43	--	3	13029	卖盘
11:04:24	43.43	-0.02	5	21715	卖盘
11:04:21	43.45	--	6	26070	买盘
11:04:18	43.45	0.05	1	4345	中性盘
11:04:06	43.4	-0.05	15	65100	卖盘
11:03:57	43.45	0.02	52	225940	买盘
11:03:48	43.43	--	2	8686	买盘
11:03:45	43.43	-0.02	13	56459	卖盘
11:03:42	43.45	--	30	130350	买盘
11:03:30	43.45	--	20	86900	买盘
11:03:27	43.45	0.02	7	30415	买盘
11:03:21	43.43	-0.02	2	8686	卖盘
11:03:18	43.45	--	5	21725	买盘
11:03:15	43.45	--	4	17380	买盘
11:03:12	43.45	0.02	34	147730	买盘
11:03:06	43.43	--	11	47773	卖盘
11:03:03	43.43	--	1	4343	卖盘
11:03:00	43.43	--	3	13029	卖盘
11:02:57	43.43	--	7	30401	卖盘
11:02:51	43.43	--	42	182406	买盘
11:02:48	43.43	0.02	6	26058	买盘
11:02:45	43.41	--	4	17364	卖盘
11:02:42	43.41	-0.02	1	4341	卖盘
11:02:36	43.43	-0.01	25	108575	卖盘
11:02:30	43.44	0.02	13	56472	买盘
11:02:27	43.42	-0.01	3	13026	卖盘
11:02:24	43.43	-0.01	1	4343	中性盘
11:02:15	43.44	0.01	1	4344	中性盘
11:02:12	43.43	--	2	8686	卖盘
11:02:06	43.43	-0.01	9	39087	卖盘
11:02:03	43.44	-0.02	2	8688	买盘
11:01:57	43.46	0.01	10	43460	买盘
11:01:51	43.45	0.01	4	17380	买盘
11:01:48	43.44	--	1	4344	买盘
11:01:45	43.44	--	1	4344	买盘
11:01:39	43.44	--	4	17376	买盘
11:01:36	43.44	--	6	26064	买盘
11:01:30	43.44	0.04	5	21720	买盘
11:01:24	43.4	--	22	95480	买盘
11:01:21	43.4	--	3	13020	买盘
11:01:09	43.4	0.09	35	151900	买盘
11:01:03	43.31	-0.02	7	32136	卖盘
11:01:00	43.33	--	1	4333	买盘
11:00:57	43.33	0.02	13	56329	买盘
11:00:48	43.31	0.03	26	112606	买盘
11:00:45	43.28	-0.03	9	38952	卖盘
11:00:42	43.31	--	11	47641	买盘
11:00:30	43.31	0.05	21	90951	买盘
11:00:24	43.26	-0.04	1	4326	卖盘
11:00:21	43.3	0.05	10	43300	买盘
11:00:03	43.25	--	1	4325	卖盘
11:00:00	43.25	--	5	21625	卖盘
10:59:54	43.25	--	3	12975	卖盘
10:59:48	43.25	0.02	59	255175	买盘
10:59:42	43.23	-0.02	1	4323	卖盘
10:59:39	43.25	--	10	43250	买盘
10:59:33	43.25	--	1	4325	买盘
10:59:30	43.25	--	10	43250	买盘
10:59:27	43.25	--	1	4325	买盘
10:59:24	43.25	0.05	3	12975	买盘
10:59:18	43.2	--	1	4320	卖盘
10:59:12	43.2	--	15	64800	卖盘
10:59:06	43.2	--	33	142560	卖盘
10:59:03	43.2	--	3	12960	卖盘
10:59:00	43.2	--	4	17280	卖盘
10:58:54	43.2	--	9	38880	买盘
10:58:45	43.2	--	4	17280	卖盘
10:58:36	43.2	0.02	7	30240	买盘
10:58:33	43.18	--	3	12954	卖盘
10:58:30	43.18	-0.02	12	51816	卖盘
10:58:27	43.2	--	10	43200	卖盘
10:58:24	43.2	0.02	8	34560	买盘
10:58:18	43.18	-0.02	5	21590	卖盘
10:58:06	43.2	-0.05	13	56160	卖盘
10:58:03	43.25	--	8	34600	买盘
10:57:45	43.25	--	6	25950	卖盘
10:57:39	43.25	-0.05	3	12975	卖盘
10:57:36	43.3	--	2	8660	买盘
10:57:33	43.3	0.05	1	4330	买盘
10:57:15	43.25	--	4	17300	卖盘
10:57:12	43.25	--	2	8650	买盘
10:57:06	43.25	--	1	4325	买盘
10:56:51	43.25	0.07	6	25950	买盘
10:56:42	43.18	--	12	51816	卖盘
10:56:39	43.18	--	5	21590	卖盘
10:56:33	43.18	0.01	6	25908	卖盘
10:56:24	43.17	--	1	4317	卖盘
10:56:21	43.17	--	2	10360	买盘
10:56:18	43.17	-0.03	4	17268	买盘
10:56:12	43.2	0.03	2	11232	卖盘
10:56:06	43.17	--	2	10360	买盘
10:56:03	43.17	--	0	2590	卖盘
10:56:00	43.17	-0.03	1	4317	卖盘
10:55:57	43.2	0.03	1	4320	买盘
10:55:54	43.17	--	5	21585	卖盘
10:55:42	43.17	--	1	4317	卖盘
10:55:27	43.17	--	5	23311	买盘
10:55:21	43.17	--	2	8634	买盘
10:55:18	43.17	--	18	80296	卖盘
10:55:03	43.17	--	6	25902	卖盘
10:55:00	43.17	-0.01	34	148504	卖盘
10:54:48	43.18	-0.02	13	56134	卖盘
10:54:45	43.2	--	5	21600	买盘
10:54:30	43.2	--	1	4320	买盘
10:54:24	43.2	--	17	76032	卖盘
10:54:18	43.2	-0.01	1	4320	卖盘
10:54:15	43.21	--	3	12963	买盘
10:54:06	43.21	--	1	4321	买盘
10:53:51	43.21	--	6	25926	买盘
10:53:48	43.21	--	7	32753	卖盘
10:53:39	43.21	-0.01	16	69136	卖盘
10:53:33	43.22	0.01	2	8644	买盘
10:53:30	43.21	--	1	4321	卖盘
10:53:27	43.21	--	2	8642	卖盘
10:53:15	43.21	-0.09	30	131444	卖盘
10:53:12	43.3	0.09	16	69280	买盘
10:53:06	43.21	--	1	4321	卖盘
10:52:57	43.21	0.01	1	4321	卖盘
10:52:51	43.2	--	30	129600	卖盘
10:52:36	43.2	-0.1	9	38880	卖盘
10:52:27	43.3	0.05	6	25980	买盘
10:52:21	43.25	--	1	4325	买盘
10:52:18	43.25	--	10	43250	买盘
10:52:15	43.25	--	2	8650	买盘
10:52:12	43.25	--	2	8650	卖盘
10:52:00	43.25	-0.05	1	4325	卖盘
10:51:57	43.3	--	2	8660	买盘
10:51:45	43.3	-0.01	4	19831	卖盘
10:51:30	43.31	0.01	17	73627	买盘
10:51:21	43.3	--	1	4330	卖盘
10:51:15	43.3	--	28	121239	卖盘
10:51:06	43.3	--	1	4330	卖盘
10:51:03	43.3	-0.01	1	4330	卖盘
10:50:57	43.31	--	12	51972	卖盘
10:50:54	43.31	--	5	21655	卖盘
10:50:51	43.31	-0.02	2	8662	卖盘
10:50:48	43.33	--	5	21665	买盘
10:50:42	43.33	--	1	4333	买盘
10:50:39	43.33	0.02	5	21665	买盘
10:50:36	43.31	--	2	8662	卖盘
10:50:33	43.31	--	5	21655	卖盘
10:50:27	43.31	-0.04	1	4331	卖盘
10:50:03	43.35	-0.05	5	21675	卖盘
10:49:39	43.4	--	117	507780	卖盘
10:49:33	43.4	--	6	26040	卖盘
10:49:30	43.4	-0.02	9	39060	卖盘
10:49:18	43.42	--	3	13026	买盘
10:49:12	43.42	--	11	47762	买盘
10:49:06	43.42	--	1	4342	卖盘
10:49:03	43.42	--	1	4342	卖盘
10:48:57	43.42	--	12	52104	卖盘
10:48:48	43.42	-0.01	19	82498	卖盘
10:48:39	43.43	--	3	13029	买盘
10:48:33	43.43	-0.01	35	152005	卖盘
10:48:24	43.44	--	13	56472	买盘
10:48:18	43.44	--	3	13032	卖盘
10:48:12	43.44	-0.02	16	69504	卖盘
10:48:06	43.46	--	6	26076	卖盘
10:48:03	43.46	0.01	8	34768	买盘
10:48:00	43.45	-0.01	2	8690	卖盘
10:47:57	43.46	0.01	4	17384	买盘
10:47:51	43.45	--	30	130350	卖盘
10:47:48	43.45	--	13	56485	卖盘
10:47:45	43.45	--	19	82555	卖盘
10:47:39	43.45	-0.01	2	8690	卖盘
10:47:36	43.46	0.01	4	17384	买盘
10:47:30	43.45	-0.01	2	8690	卖盘
10:47:27	43.46	0.01	36	156456	买盘
10:47:24	43.45	0.02	10	43450	买盘
10:47:21	43.43	--	10	43430	买盘
10:47:18	43.43	-0.02	16	69488	卖盘
10:47:15	43.45	--	4	17380	买盘
10:47:12	43.45	0.02	1	4345	买盘
10:47:09	43.43	-0.02	100	434300	卖盘
10:47:06	43.45	0.01	4	17380	买盘
10:47:00	43.44	-0.01	6	26064	卖盘
10:46:57	43.45	0.02	21	91245	买盘
10:46:42	43.43	-0.02	13	56459	卖盘
10:46:36	43.45	--	1	4345	买盘
10:46:33	43.45	0.03	5	21725	买盘
10:46:30	43.42	-0.03	31	134602	卖盘
10:46:24	43.45	0.02	23	99935	买盘
10:46:18	43.43	--	7	30401	卖盘
10:46:15	43.43	--	4	17372	卖盘
10:46:09	43.43	--	9	39087	卖盘
10:46:00	43.43	-0.02	1	4343	卖盘
10:45:54	43.45	0.02	10	43450	买盘
10:45:51	43.43	-0.01	1	4343	卖盘
10:45:48	43.44	-0.01	1	4344	中性盘
10:45:30	43.45	--	4	17380	卖盘
10:45:21	43.45	--	1	4345	卖盘
10:45:18	43.45	-0.02	1	4345	卖盘
10:45:00	43.47	-0.03	6	26082	卖盘
10:44:48	43.5	--	2	8700	卖盘
10:44:45	43.5	--	3	13050	卖盘
10:44:42	43.5	-0.03	3	13050	卖盘
10:44:36	43.53	--	50	217650	买盘
10:44:33	43.53	--	6	26118	买盘
10:44:27	43.53	--	19	82707	买盘
10:44:24	43.53	0.03	27	117531	买盘
10:44:12	43.5	-0.01	42	182700	卖盘
10:44:09	43.51	--	10	43510	卖盘
10:44:03	43.51	-0.01	27	117477	卖盘
10:44:00	43.52	-0.01	10	43520	卖盘
10:43:48	43.53	-0.06	8	34824	卖盘
10:43:45	43.59	--	15	65385	买盘
10:43:39	43.59	--	5	21795	买盘
10:43:36	43.59	0.01	5	21795	买盘
10:43:30	43.58	-0.01	6	26148	卖盘
10:43:27	43.59	-0.06	8	34872	中性盘
10:43:21	43.65	--	59	257535	买盘
10:43:15	43.65	--	1	4365	买盘
10:43:12	43.65	0.04	1	4365	买盘
10:43:09	43.61	-0.04	3	13083	卖盘
10:43:06	43.65	--	3	13095	买盘
10:43:03	43.65	-0.01	33	144045	卖盘
10:43:00	43.66	0.01	3	13097	买盘
10:42:54	43.65	0.01	19	82935	买盘
10:42:51	43.64	--	5	21820	卖盘
10:42:48	43.64	--	52	226928	卖盘
10:42:45	43.64	--	2	8728	卖盘
10:42:42	43.64	--	14	61096	买盘
10:42:39	43.64	0.04	23	100372	买盘
10:42:36	43.6	--	90	392400	卖盘
10:42:33	43.6	--	13	56680	买盘
10:42:30	43.6	0.09	41	178760	买盘
10:42:27	43.51	-0.04	30	130530	卖盘
10:42:24	43.55	0.04	5	21775	中性盘
10:42:18	43.51	--	6	26106	卖盘
10:42:15	43.51	--	3	13053	卖盘
10:42:12	43.51	--	46	200146	卖盘
10:41:57	43.51	--	150	652650	买盘
10:41:54	43.51	--	16	69616	买盘
10:41:51	43.51	--	8	34808	买盘
10:41:45	43.51	--	3	13053	买盘
10:41:42	43.51	-0.09	58	252358	卖盘
10:41:39	43.6	0.05	33	143880	买盘
10:41:36	43.55	-0.04	36	156780	卖盘
10:41:33	43.59	0.08	3	13077	买盘
10:41:27	43.51	0.01	4	17404	卖盘
10:41:21	43.5	-0.02	56	243600	卖盘
10:41:18	43.52	0.01	1	4352	中性盘
10:41:15	43.51	-0.09	5	21755	卖盘
10:41:12	43.6	0.09	17	74120	买盘
10:41:09	43.51	--	5	21755	卖盘
10:41:06	43.51	--	2	8702	卖盘
10:41:03	43.51	--	10	43510	卖盘
10:41:00	43.51	--	7	30457	卖盘
10:40:57	43.51	--	2	8702	卖盘
10:40:54	43.51	--	1	4351	卖盘
10:40:51	43.51	-0.09	1	4351	卖盘
10:40:45	43.6	--	3	13080	卖盘
10:40:42	43.6	-0.05	1	4360	卖盘
10:40:39	43.65	0.05	1	4365	中性盘
10:40:36	43.6	-0.05	9	39240	卖盘
10:40:30	43.65	--	9	39285	卖盘
10:40:27	43.65	-0.03	18	78570	卖盘
10:40:18	43.68	0.03	2	8736	买盘
10:40:15	43.65	-0.05	20	87300	卖盘
10:40:09	43.7	-0.03	1	4370	卖盘
10:40:03	43.73	0.04	10	43730	买盘
10:40:00	43.69	-0.03	9	39321	卖盘
10:39:57	43.72	-0.03	7	30604	卖盘
10:39:54	43.75	0.02	13	56875	买盘
10:39:51	43.73	--	12	52475	卖盘
10:39:48	43.73	-0.01	6	26237	卖盘
10:39:45	43.74	--	1	4374	买盘
10:39:42	43.74	-0.01	2	8748	买盘
10:39:39	43.75	-0.02	48	210000	卖盘
10:39:36	43.77	0.01	7	30639	买盘
10:39:33	43.76	0.02	28	122528	买盘
10:39:30	43.74	-0.05	6	26244	卖盘
10:39:27	43.79	0.04	30	131370	买盘
10:39:24	43.75	-0.04	14	61250	卖盘
10:39:21	43.79	0.04	149	652471	买盘
10:39:18	43.75	-0.05	23	100625	卖盘
10:39:15	43.8	--	4	17520	买盘
10:39:12	43.8	0.01	45	197100	买盘
10:39:09	43.79	0.03	45	197055	买盘
10:39:06	43.76	--	30	131280	卖盘
10:39:03	43.76	-0.03	87	380712	中性盘
10:39:00	43.79	0.03	28	122612	买盘
10:38:57	43.76	-0.03	19	83144	中性盘
10:38:54	43.79	0.03	121	529859	买盘
10:38:51	43.76	--	30	131280	买盘
10:38:48	43.76	--	19	83144	买盘
10:38:45	43.76	--	21	91896	买盘
10:38:42	43.76	--	107	468232	买盘
10:38:39	43.76	0.04	85	371960	买盘
10:38:36	43.72	--	4	17488	卖盘
10:38:33	43.72	-0.01	12	52464	卖盘
10:38:30	43.73	0.01	43	188039	买盘
10:38:21	43.72	0.07	26	113672	买盘
10:38:18	43.65	-0.03	33	144045	卖盘
10:38:15	43.68	--	1	4368	卖盘
10:38:12	43.68	0.03	78	340704	买盘
10:38:09	43.65	0.01	1	4365	买盘
10:38:06	43.64	--	2	8728	卖盘
10:38:03	43.64	0.06	2	8728	买盘
10:38:00	43.58	0.08	18	78444	中性盘
10:37:57	43.5	--	10	43500	买盘
10:37:54	43.5	-0.02	141	613350	卖盘
10:37:51	43.52	0.01	7	30464	买盘
10:37:48	43.51	0.02	31	134881	买盘
10:37:45	43.49	-0.01	9	39141	卖盘
10:37:42	43.5	--	1	4350	买盘
10:37:39	43.5	--	29	126150	卖盘
10:37:36	43.5	--	47	204450	买盘
10:37:33	43.5	--	62	269700	买盘
10:37:30	43.5	--	19	82650	买盘
10:37:27	43.5	--	109	474150	买盘
10:37:24	43.5	--	85	369750	买盘
10:37:21	43.5	0.01	34	147900	买盘
10:37:18	43.49	--	23	100027	买盘
10:37:15	43.49	--	16	69584	中性盘
10:37:09	43.49	0.09	56	243544	买盘
10:37:06	43.4	--	8	34720	卖盘
10:37:03	43.4	0.01	347	1505980	买盘
10:37:00	43.39	0.01	5	21695	买盘
10:36:57	43.38	-0.01	50	216900	中性盘
10:36:54	43.39	0.04	17	73763	买盘
10:36:51	43.35	-0.01	65	281775	卖盘
10:36:48	43.36	--	2	8672	买盘
10:36:45	43.36	0.01	94	407584	买盘
10:36:42	43.35	0.04	24	104040	买盘
10:36:39	43.31	--	9	38979	卖盘
10:36:36	43.31	0.01	21	90951	买盘
10:36:33	43.3	--	10	43300	卖盘
10:36:30	43.3	--	170	737918	买盘
10:36:27	43.3	--	13	56289	买盘
10:36:24	43.3	--	32	138560	买盘
10:36:18	43.3	--	64	277120	买盘
10:36:15	43.3	--	11	47630	买盘
10:36:12	43.3	--	179	775070	买盘
10:36:09	43.3	--	5	21650	买盘
10:36:03	43.3	0.08	89	385370	买盘
10:36:00	43.22	0.02	5	21610	买盘
10:35:57	43.2	--	3	14688	买盘
10:35:54	43.2	--	4	17280	买盘
10:35:51	43.2	--	16	69120	买盘
10:35:48	43.2	--	35	151200	买盘
10:35:45	43.2	--	24	103680	买盘
10:35:42	43.2	--	11	47520	买盘
10:35:39	43.2	--	2	8640	买盘
10:35:36	43.2	0.01	94	406080	买盘
10:35:33	43.19	0.01	4	17276	买盘
10:35:27	43.18	0.02	7	30226	买盘
10:35:24	43.16	--	9	38844	买盘
10:35:18	43.16	0.06	20	86320	买盘
10:35:12	43.1	-0.05	1	4310	卖盘
10:35:03	43.15	0.05	9	38835	买盘
10:35:00	43.1	--	14	60340	买盘
10:34:54	43.1	--	7	30170	买盘
10:34:51	43.1	--	1	4310	买盘
10:34:48	43.1	--	10	43100	卖盘
10:34:45	43.1	-0.02	39	168090	卖盘
10:34:42	43.12	0.01	2	8624	买盘
10:34:39	43.11	0.06	1	4311	买盘
10:34:33	43.05	--	10	43050	买盘
10:34:30	43.05	--	8	34440	买盘
10:34:27	43.05	--	9	38745	买盘
10:34:24	43.05	--	10	43050	买盘
10:34:21	43.05	-0.06	68	292740	卖盘
10:34:15	43.11	0.01	6	25866	买盘
10:34:12	43.1	0.02	38	163780	买盘
10:34:09	43.08	0.03	6	25848	买盘
10:34:06	43.05	0.02	2	8610	买盘
10:33:51	43.03	0.02	55	236665	买盘
10:33:48	43.01	0.01	7	30107	卖盘
10:33:45	43.0	-0.02	5	21500	卖盘
10:33:42	43.02	0.02	50	215100	买盘
10:33:39	43.0	--	1	4300	卖盘
10:33:36	43.0	--	2	8600	卖盘
10:33:33	43.0	--	44	192468	买盘
10:33:30	43.0	--	10	43000	买盘
10:33:27	43.0	--	12	51600	买盘
10:33:24	43.0	--	3	12900	买盘
10:33:21	43.0	--	7	30100	买盘
10:33:18	43.0	--	1	4300	买盘
10:33:15	43.0	--	214	920200	买盘
10:33:12	43.0	--	2	8600	买盘
10:33:09	43.0	--	11	47300	买盘
10:33:06	43.0	--	19	81700	买盘
10:33:03	43.0	--	36	154800	买盘
10:33:00	43.0	--	10	43000	买盘
10:32:57	43.0	--	29	124700	买盘
10:32:54	43.0	--	27	116100	买盘
10:32:51	43.0	--	10	43000	买盘
10:32:48	43.0	--	10	43000	买盘
10:32:45	43.0	--	13	55900	买盘
10:32:42	43.0	--	105	451500	买盘
10:32:36	43.0	--	25	107500	买盘
10:32:33	43.0	--	20	86000	买盘
10:32:30	43.0	0.01	66	283800	买盘
10:32:27	42.99	0.05	4	17196	买盘
10:32:18	42.94	-0.04	3	12882	卖盘
10:32:15	42.98	0.04	37	159026	买盘
10:32:09	42.94	0.01	2	8588	买盘
10:32:03	42.93	--	1	4293	卖盘
10:32:00	42.93	0.01	65	279045	买盘
10:31:57	42.92	--	104	446368	买盘
10:31:54	42.92	--	30	128760	买盘
10:31:51	42.92	--	2	8584	买盘
10:31:21	42.92	0.01	2	8584	买盘
10:31:15	42.91	--	3	12872	买盘
10:31:09	42.91	0.01	3	12872	买盘
10:31:03	42.9	-0.01	1	4290	卖盘
10:31:00	42.91	--	3	12872	买盘
10:30:54	42.91	0.01	2	8582	买盘
10:30:48	42.9	-0.02	2	8580	卖盘
10:30:27	42.92	0.02	2	8584	买盘
10:30:24	42.9	-0.02	59	253110	卖盘
10:30:18	42.92	0.02	3	12876	买盘
10:30:12	42.9	--	1	4290	卖盘
10:30:09	42.9	--	129	553410	卖盘
10:30:03	42.9	--	2	8580	卖盘
10:30:00	42.9	-0.01	2	8580	卖盘
10:29:57	42.91	-0.01	1	4291	中性盘
10:29:54	42.92	0.02	1	4292	买盘
10:29:36	42.9	-0.02	2	8580	卖盘
10:29:24	42.92	0.01	11	47212	买盘
10:29:21	42.91	--	4	17164	卖盘
10:29:15	42.91	--	13	55782	买盘
10:29:09	42.91	0.01	2	8582	买盘
10:28:57	42.9	--	5	21450	卖盘
10:28:54	42.9	-0.01	1	4290	卖盘
10:28:51	42.91	--	4	17164	买盘
10:28:42	42.91	0.01	7	30036	买盘
10:28:39	42.9	-0.01	12	51480	卖盘
10:28:36	42.91	--	3	12872	买盘
10:28:24	42.91	--	9	38619	买盘
10:28:21	42.91	0.01	13	55782	买盘
10:28:18	42.9	-0.02	53	227370	卖盘
10:27:48	42.92	--	2	8584	买盘
10:27:30	42.92	--	22	94424	卖盘
10:27:27	42.92	-0.01	1	4292	卖盘
10:27:12	42.93	-0.02	4	17172	中性盘
10:27:06	42.95	0.02	5	21475	买盘
10:27:03	42.93	-0.01	1	4293	卖盘
10:26:57	42.94	--	2	8588	卖盘
10:26:48	42.94	0.02	3	12882	买盘
10:26:45	42.92	-0.01	1	4292	卖盘
10:26:24	42.93	0.01	9	38637	买盘
10:26:21	42.92	-0.01	3	12876	卖盘
10:26:15	42.93	--	20	85860	买盘
10:26:09	42.93	--	8	34344	买盘
10:26:06	42.93	-0.06	165	708345	卖盘
10:25:54	42.99	--	19	81681	买盘
10:25:51	42.99	0.01	1	4299	买盘
10:25:42	42.98	--	8	34384	卖盘
10:25:24	42.98	0.02	33	141834	买盘
10:25:21	42.96	-0.02	2	8592	中性盘
10:24:57	42.98	0.02	11	47278	买盘
10:24:51	42.96	-0.02	5	21480	卖盘
10:24:48	42.98	--	6	25787	中性盘
10:24:30	42.98	--	6	25787	买盘
10:24:21	42.98	--	5	21490	买盘
10:24:15	42.98	0.02	32	137536	买盘
10:24:12	42.96	-0.02	5	21480	卖盘
10:24:06	42.98	--	4	17192	买盘
10:23:57	42.98	0.02	4	17192	买盘
10:23:36	42.96	0.01	3	12888	卖盘
10:23:24	42.95	-0.04	6	25770	卖盘
10:23:12	42.99	--	2	8598	买盘
10:23:09	42.99	0.04	37	159063	买盘
10:23:03	42.95	-0.04	1	4295	卖盘
10:22:51	42.99	0.04	49	210651	买盘
10:22:45	42.95	-0.03	236	1013620	卖盘
10:22:42	42.98	--	12	51575	卖盘
10:22:30	42.98	--	4	17192	卖盘
10:22:27	42.98	0.01	21	90258	买盘
10:22:24	42.97	-0.01	14	60158	卖盘
10:22:21	42.98	--	1	4298	买盘
10:22:12	42.98	0.01	11	47278	买盘
10:22:09	42.97	0.01	6	25782	中性盘
10:21:51	42.96	--	1	4296	卖盘
10:21:48	42.96	0.01	10	42960	中性盘
10:21:39	42.95	-0.02	29	124555	卖盘
10:21:33	42.97	-0.02	1	4297	卖盘
10:21:30	42.99	--	2	8598	买盘
10:21:24	42.99	--	3	12897	买盘
10:21:18	42.99	--	1	4299	买盘
10:21:15	42.99	--	2	8598	买盘
10:21:12	42.99	--	7	30093	买盘
10:21:09	42.99	0.03	5	21495	买盘
10:21:06	42.96	-0.03	57	244872	中性盘
10:21:03	42.99	--	1	4299	买盘
10:21:00	42.99	--	2	8598	买盘
10:20:57	42.99	--	3	12897	买盘
10:20:54	42.99	--	25	107475	买盘
10:20:42	42.99	--	6	25794	买盘
10:20:39	42.99	--	1	4299	买盘
10:20:33	42.99	0.04	2	8598	买盘
10:20:30	42.95	--	2	8590	卖盘
10:20:27	42.95	0.01	24	103080	买盘
10:20:15	42.94	--	1	4294	买盘
10:20:09	42.94	--	1	4294	买盘
10:20:06	42.94	0.02	1	4294	买盘
10:20:03	42.92	--	13	55796	卖盘
10:20:00	42.92	--	37	158804	买盘
10:19:54	42.92	0.01	10	42920	买盘
10:19:51	42.91	--	23	98692	卖盘
10:19:45	42.91	--	1	4291	卖盘
10:19:42	42.91	--	130	557872	买盘
10:19:39	42.91	0.01	2	8582	买盘
10:19:36	42.9	-0.01	15	64350	卖盘
10:19:33	42.91	--	19	81529	买盘
10:19:30	42.91	0.01	22	94401	买盘
10:19:27	42.9	-0.01	22	94380	卖盘
10:19:21	42.91	--	26	111565	买盘
10:19:18	42.91	--	2	8582	买盘
10:19:15	42.91	--	5	21455	买盘
10:19:00	42.91	0.01	400	1716399	买盘
10:18:54	42.9	--	12	51480	买盘
10:18:51	42.9	0.01	5	21450	买盘
10:18:36	42.89	0.01	12	51468	中性盘
10:18:30	42.88	--	1	4288	买盘
10:18:24	42.88	0.01	4	17152	买盘
10:18:18	42.87	-0.01	7	30009	卖盘
10:18:15	42.88	--	41	175808	买盘
10:18:12	42.88	0.01	5	21440	买盘
10:18:09	42.87	--	15	64304	卖盘
10:18:06	42.87	-0.01	3	12861	卖盘
10:18:03	42.88	0.01	6	25728	买盘
10:18:00	42.87	--	14	60018	卖盘
10:17:57	42.87	--	5	21435	卖盘
10:17:48	42.87	--	2	8574	买盘
10:17:42	42.87	--	7	30009	买盘
10:17:36	42.87	--	1	4287	买盘
10:17:33	42.87	-0.01	1	4287	中性盘
10:17:24	42.88	0.01	37	158656	买盘
10:17:18	42.87	-0.01	1	4287	卖盘
10:17:15	42.88	--	26	114661	卖盘
10:17:09	42.88	--	2	8576	卖盘
10:17:03	42.88	-0.02	10	42880	卖盘
10:16:54	42.9	0.02	3	12870	买盘
10:16:51	42.88	-0.02	20	85760	卖盘
10:16:36	42.9	--	1	4290	买盘
10:16:33	42.9	--	21	90090	买盘
10:16:30	42.9	--	99	428957	卖盘
10:16:21	42.9	--	2	8580	卖盘
10:16:12	42.9	-0.01	13	55770	卖盘
10:16:09	42.91	--	5	21455	买盘
10:15:57	42.91	-0.01	38	163058	卖盘
10:15:48	42.92	0.01	1	4292	买盘
10:15:45	42.91	--	1	4291	卖盘
10:15:33	42.91	--	9	38619	卖盘
10:15:30	42.91	-0.02	6	25745	卖盘
10:15:21	42.93	0.01	5	21465	买盘
10:15:18	42.92	-0.01	2	8584	卖盘
10:15:15	42.93	0.01	2	8586	买盘
10:15:09	42.92	-0.01	3	12876	卖盘
10:14:54	42.93	--	2	8586	卖盘
10:14:51	42.93	--	5	21465	卖盘
10:14:48	42.93	-0.02	4	17172	卖盘
10:14:39	42.95	--	34	146030	买盘
10:14:24	42.95	-0.02	11	47245	卖盘
10:14:06	42.97	-0.03	1	4297	卖盘
10:13:57	43.0	0.05	22	94600	买盘
10:13:48	42.95	-0.05	19	81605	卖盘
10:13:45	43.0	--	1	4300	买盘
10:13:36	43.0	--	8	34400	买盘
10:13:27	43.0	--	3	12900	卖盘
10:13:24	43.0	--	3	12900	卖盘
10:13:18	43.0	--	38	163400	买盘
10:13:12	43.0	--	53	227900	买盘
10:13:06	43.0	0.01	36	154800	买盘
10:13:03	42.99	--	4	17196	卖盘
10:12:48	42.99	0.03	1	4299	买盘
10:12:30	42.96	-0.04	10	42960	卖盘
10:12:21	43.0	0.02	54	232200	买盘
10:12:09	42.98	--	10	42980	买盘
10:11:54	42.98	--	5	21490	买盘
10:11:51	42.98	0.06	2	8596	买盘
10:11:45	42.92	0.01	21	90132	买盘
10:11:42	42.91	--	2	8582	买盘
10:11:39	42.91	--	9	38619	买盘
10:11:33	42.91	0.01	2	8582	买盘
10:11:30	42.9	-0.01	6	25740	卖盘
10:11:24	42.91	--	3	12872	买盘
10:11:18	42.91	--	5	21455	买盘
10:11:15	42.91	--	5	21455	买盘
10:11:09	42.91	0.01	15	64364	买盘
10:10:57	42.9	0.02	16	68682	买盘
10:10:51	42.88	0.03	2	9690	买盘
10:10:48	42.85	-0.03	49	209965	卖盘
10:10:45	42.88	--	2	8576	买盘
10:10:39	42.88	--	2	11749	卖盘
10:10:36	42.88	0.03	9	39706	买盘
10:10:33	42.85	-0.01	122	522770	卖盘
10:10:30	42.86	-0.02	5	21430	卖盘
10:10:18	42.88	--	10	42880	买盘
10:10:15	42.88	0.02	11	47168	买盘
10:10:09	42.86	-0.02	5	21430	卖盘
10:10:06	42.88	0.03	7	30016	买盘
10:10:03	42.85	--	36	154260	卖盘
10:09:57	42.85	-0.03	19	81415	卖盘
10:09:48	42.88	--	6	25728	买盘
10:09:42	42.88	--	8	34304	买盘
10:09:33	42.88	0.03	32	137216	买盘
10:09:30	42.85	-0.01	27	115695	卖盘
10:09:24	42.86	--	2	8572	买盘
10:09:18	42.86	--	10	42860	卖盘
10:09:12	42.86	--	8	34288	卖盘
10:09:03	42.86	--	1	4286	卖盘
10:09:00	42.86	-0.02	3	12858	卖盘
10:08:57	42.88	--	1	4288	买盘
10:08:54	42.88	--	2	8576	买盘
10:08:51	42.88	--	1	4288	买盘
10:08:45	42.88	-0.02	37	161829	卖盘
10:08:27	42.9	--	5	21450	买盘
10:08:18	42.9	--	3	17117	卖盘
10:08:15	42.9	--	1	4290	卖盘
10:08:12	42.9	--	4	17160	卖盘
10:08:06	42.9	-0.01	10	42900	卖盘
10:08:03	42.91	0.01	54	231713	买盘
10:08:00	42.9	--	4	17160	卖盘
10:07:57	42.9	-0.01	48	205962	卖盘
10:07:48	42.91	--	6	25745	买盘
10:07:42	42.91	-0.01	59	253168	卖盘
10:07:33	42.92	-0.06	71	304732	卖盘
10:07:27	42.98	0.06	1	4298	中性盘
10:07:15	42.92	-0.06	100	429200	卖盘
10:07:06	42.98	--	4	17192	卖盘
10:07:03	42.98	--	16	68768	卖盘
10:07:00	42.98	--	1	4298	卖盘
10:06:57	42.98	--	5	21490	卖盘
10:06:42	42.98	--	132	567336	买盘
10:06:39	42.98	--	3	12893	买盘
10:06:36	42.98	0.04	4	17192	买盘
10:06:30	42.94	-0.04	2	8588	卖盘
10:06:15	42.98	--	11	47278	买盘
10:06:00	42.98	-0.02	9	38682	卖盘
10:05:57	43.0	--	2	8600	买盘
10:05:51	43.0	--	8	34400	买盘
10:05:45	43.0	--	1	4300	买盘
10:05:42	43.0	--	8	34400	买盘
10:05:39	43.0	--	12	51600	买盘
10:05:30	43.0	0.02	102	438600	买盘
10:05:27	42.98	--	2	8596	买盘
10:05:09	42.98	-0.01	2	8596	中性盘
10:05:00	42.99	0.07	23	98877	中性盘
10:04:48	42.92	-0.08	1	4292	卖盘
10:04:45	43.0	0.02	5	21500	买盘
10:04:36	42.98	0.07	1	4298	买盘
10:04:33	42.91	--	29	124438	卖盘
10:04:27	42.91	--	5	21455	卖盘
10:04:15	42.91	--	4	17164	卖盘
10:04:09	42.91	-0.08	42	180222	卖盘
10:03:57	42.99	-0.01	25	107475	中性盘
10:03:54	43.0	--	1	4300	买盘
10:03:51	43.0	--	57	245100	买盘
10:03:48	43.0	--	5	21500	买盘
10:03:42	43.0	--	32	137600	卖盘
10:03:36	43.0	--	1	4300	卖盘
10:03:33	43.0	--	21	90300	买盘
10:03:24	43.0	--	5	21500	卖盘
10:03:21	43.0	--	1	4300	买盘
10:03:12	43.0	--	4	17200	买盘
10:03:09	43.0	--	10	43000	买盘
10:03:06	43.0	--	31	133300	买盘
10:02:57	43.0	--	19	81700	买盘
10:02:54	43.0	--	3	12900	买盘
10:02:42	43.0	--	16	68800	买盘
10:02:33	43.0	--	11	47300	买盘
10:02:27	43.0	--	41	176300	买盘
10:02:24	43.0	--	24	103200	买盘
10:02:21	43.0	--	70	301000	买盘
10:02:18	43.0	--	11	47300	买盘
10:02:15	43.0	--	10	43000	买盘
10:02:12	43.0	0.01	4	17200	买盘
10:02:09	42.99	-0.01	10	42990	卖盘
10:02:03	43.0	--	9	38700	买盘
10:02:00	43.0	0.01	89	382700	买盘
10:01:57	42.99	-0.01	55	236445	卖盘
10:01:54	43.0	--	141	606300	买盘
10:01:51	43.0	--	7	30100	买盘
10:01:48	43.0	--	6	25800	买盘
10:01:45	43.0	--	10	43000	买盘
10:01:42	43.0	0.01	48	206400	买盘
10:01:36	42.99	-0.01	3	12897	卖盘
10:01:33	43.0	0.01	2	8600	买盘
10:01:27	42.99	--	60	257940	买盘
10:01:18	42.99	0.04	25	107475	买盘
10:01:12	42.95	--	2	8590	买盘
10:01:09	42.95	0.02	6	25770	买盘
10:01:06	42.93	0.01	10	42930	卖盘
10:00:57	42.92	--	28	120176	买盘
10:00:51	42.92	0.02	5	21460	买盘
10:00:39	42.9	-0.01	24	102960	卖盘
10:00:36	42.91	--	12	51491	买盘
10:00:30	42.91	--	17	72947	买盘
10:00:24	42.91	0.01	1	4291	买盘
10:00:18	42.9	-0.01	4	17160	卖盘
10:00:15	42.91	--	4	17164	买盘
10:00:12	42.91	0.01	2	8582	买盘
09:59:51	42.9	--	1	4290	卖盘
09:59:48	42.9	--	12	51480	买盘
09:59:42	42.9	--	3	12870	买盘
09:59:39	42.9	--	4	17160	卖盘
09:59:36	42.9	--	1	4290	卖盘
09:59:27	42.9	--	5	21450	卖盘
09:59:24	42.9	--	1	4290	卖盘
09:59:18	42.9	--	14	60060	买盘
09:59:12	42.9	--	21	90090	买盘
09:58:54	42.9	--	8	34320	卖盘
09:58:48	42.9	--	10	42900	卖盘
09:58:45	42.9	-0.01	2	8580	卖盘
09:58:39	42.91	-0.01	8	34328	卖盘
09:58:36	42.92	-0.03	2	8584	买盘
09:58:33	42.95	0.01	2	8590	卖盘
09:58:30	42.94	-0.01	8	34352	买盘
09:58:24	42.95	--	14	60130	卖盘
09:58:12	42.95	-0.05	1	4295	卖盘
09:58:09	43.0	--	2	8600	买盘
09:58:06	43.0	0.05	1	4300	买盘
09:58:03	42.95	-0.05	4	17180	卖盘
09:58:00	43.0	--	1	4300	卖盘
09:57:57	43.0	--	7	30100	卖盘
09:57:54	43.0	--	18	77400	卖盘
09:57:51	43.0	--	6	25800	卖盘
09:57:48	43.0	--	50	215000	买盘
09:57:42	43.0	--	12	51600	买盘
09:57:36	43.0	--	4	17200	买盘
09:57:33	43.0	--	2	8600	买盘
09:57:27	43.0	--	1	4300	买盘
09:57:21	43.0	--	12	51600	买盘
09:57:18	43.0	-0.02	36	154800	卖盘
09:57:15	43.02	0.02	6	25812	买盘
09:57:09	43.0	-0.01	30	129000	卖盘
09:57:06	43.01	-0.01	8	34408	中性盘
09:57:03	43.02	0.02	6	25812	买盘
09:57:00	43.0	-0.01	26	111800	卖盘
09:56:57	43.01	--	2	8602	买盘
09:56:51	43.01	--	7	30107	买盘
09:56:42	43.01	0.01	2	8602	买盘
09:56:36	43.0	0.05	129	554700	买盘
09:56:33	42.95	0.07	4	17180	买盘
09:56:30	42.88	-0.07	45	192960	卖盘
09:56:24	42.95	0.01	5	21475	买盘
09:56:21	42.94	--	19	81586	卖盘
09:56:18	42.94	-0.01	10	42940	卖盘
09:56:15	42.95	--	3	12885	买盘
09:56:12	42.95	--	10	42950	买盘
09:56:06	42.95	0.01	3	12885	买盘
09:56:03	42.94	0.04	7	30058	卖盘
09:56:00	42.9	-0.05	76	326040	卖盘
09:55:57	42.95	0.01	4	17180	买盘
09:55:54	42.94	0.01	20	85880	买盘
09:55:51	42.93	-0.01	9	38637	卖盘
09:55:48	42.94	--	5	21470	买盘
09:55:45	42.94	0.02	3	12882	买盘
09:55:36	42.92	--	4	17168	卖盘
09:55:33	42.92	0.02	11	47212	买盘
09:55:27	42.9	--	20	85800	买盘
09:55:21	42.9	--	4	17160	买盘
09:55:18	42.9	--	19	81510	买盘
09:55:15	42.9	--	2	8580	买盘
09:55:12	42.9	--	3	12870	买盘
09:55:09	42.9	--	2	8580	买盘
09:55:06	42.9	--	42	180180	买盘
09:55:03	42.9	--	5	21450	卖盘
09:54:54	42.9	0.02	5	21450	买盘
09:54:51	42.88	-0.02	1	4288	卖盘
09:54:48	42.9	0.02	9	38610	买盘
09:54:45	42.88	--	22	95450	买盘
09:54:42	42.88	--	9	38592	买盘
09:54:39	42.88	--	18	77184	买盘
09:54:36	42.88	--	4	17152	买盘
09:54:33	42.88	--	26	111488	买盘
09:54:30	42.88	--	4	17152	买盘
09:54:24	42.88	0.03	7	30016	买盘
09:54:21	42.85	-0.03	21	89985	卖盘
09:54:18	42.88	0.03	9	38592	买盘
09:54:15	42.85	-0.03	6	25710	卖盘
09:54:12	42.88	0.03	22	94336	买盘
09:54:09	42.85	0.01	12	51420	买盘
09:54:06	42.84	-0.01	42	179928	卖盘
09:54:03	42.85	-0.03	20	85700	卖盘
09:53:54	42.88	0.04	13	55744	买盘
09:53:51	42.84	-0.01	5	21420	卖盘
09:53:45	42.85	--	62	265670	买盘
09:53:42	42.85	--	2	8570	买盘
09:53:39	42.85	0.02	3	12855	买盘
09:53:33	42.83	--	36	154188	买盘
09:53:30	42.83	--	5	21415	买盘
09:53:27	42.83	--	6	25698	买盘
09:53:24	42.83	0.03	10	42830	买盘
09:53:18	42.8	-0.01	14	59919	买盘
09:53:15	42.81	-0.02	10	42810	卖盘
09:53:09	42.83	0.03	6	25698	中性盘
09:53:03	42.8	--	7	29959	买盘
09:53:00	42.8	--	13	55639	卖盘
09:52:57	42.8	-0.05	21	89880	卖盘
09:52:54	42.85	0.03	6	25710	买盘
09:52:51	42.82	-0.03	19	81358	卖盘
09:52:48	42.85	--	9	38565	买盘
09:52:45	42.85	--	3	12855	买盘
09:52:39	42.85	0.02	2	8570	买盘
09:52:36	42.83	-0.02	14	59962	卖盘
09:52:33	42.85	--	2	8570	买盘
09:52:30	42.85	--	4	17140	卖盘
09:52:27	42.85	--	19	81415	卖盘
09:52:21	42.85	-0.01	3	12855	卖盘
09:52:18	42.86	0.01	2	8572	中性盘
09:52:12	42.85	-0.03	1	4285	卖盘
09:52:09	42.88	--	2	8576	买盘
09:52:06	42.88	--	2	8576	买盘
09:52:03	42.88	--	1	4288	买盘
09:52:00	42.88	-0.01	103	441664	卖盘
09:51:57	42.89	--	7	30023	买盘
09:51:54	42.89	-0.02	13	55757	卖盘
09:51:51	42.91	0.01	4	17164	买盘
09:51:48	42.9	-0.01	8	34320	中性盘
09:51:36	42.91	-0.02	3	12872	卖盘
09:51:33	42.93	--	1	4293	买盘
09:51:30	42.93	--	1	4293	买盘
09:51:27	42.93	--	3	12879	买盘
09:51:24	42.93	-0.01	15	64395	卖盘
09:51:21	42.94	--	2	8588	卖盘
09:51:18	42.94	-0.01	5	21470	卖盘
09:51:12	42.95	0.01	7	30065	买盘
09:51:09	42.94	--	7	30058	卖盘
09:51:06	42.94	--	9	38646	卖盘
09:51:03	42.94	-0.02	2	8588	卖盘
09:51:00	42.96	0.02	5	21480	买盘
09:50:57	42.94	-0.02	5	21470	卖盘
09:50:54	42.96	--	24	103104	买盘
09:50:51	42.96	--	18	77328	买盘
09:50:48	42.96	--	30	128880	卖盘
09:50:45	42.96	--	10	42960	卖盘
09:50:42	42.96	--	24	103104	卖盘
09:50:39	42.96	--	34	146064	卖盘
09:50:30	42.96	--	26	111696	卖盘
09:50:27	42.96	--	9	38664	卖盘
09:50:21	42.96	--	13	55848	卖盘
09:50:15	42.96	-0.03	1	4296	卖盘
09:50:09	42.99	--	10	42990	中性盘
09:49:57	42.99	--	4	17196	卖盘
09:49:42	42.99	-0.02	20	85980	卖盘
09:49:39	43.01	0.01	9	38709	买盘
09:49:36	43.0	-0.01	7	30100	卖盘
09:49:33	43.01	--	10	43010	买盘
09:49:27	43.01	0.01	17	73117	买盘
09:49:24	43.0	-0.02	55	236500	卖盘
09:49:21	43.02	--	1	4302	买盘
09:49:18	43.02	0.01	22	94644	买盘
09:49:15	43.01	--	1	4301	卖盘
09:49:12	43.01	--	5	21505	卖盘
09:49:06	43.01	-0.02	14	60214	卖盘
09:49:03	43.03	0.03	3	12909	中性盘
09:48:54	43.0	--	3	12900	卖盘
09:48:51	43.0	-0.08	1	4300	卖盘
09:48:48	43.08	0.03	59	254172	买盘
09:48:42	43.05	--	2	8610	买盘
09:48:36	43.05	--	4	17220	买盘
09:48:33	43.05	--	73	314265	买盘
09:48:30	43.05	--	20	86100	买盘
09:48:27	43.05	-0.04	33	142065	卖盘
09:48:24	43.09	--	2	8618	买盘
09:48:21	43.09	-0.01	1	4309	买盘
09:48:15	43.1	--	143	616330	买盘
09:48:12	43.1	0.01	1	4310	买盘
09:48:09	43.09	-0.01	10	43090	卖盘
09:48:06	43.1	--	5	21550	买盘
09:48:00	43.1	-0.05	5	21550	中性盘
09:47:57	43.15	--	28	120820	买盘
09:47:54	43.15	--	7	30205	买盘
09:47:51	43.15	--	3	12945	买盘
09:47:48	43.15	--	1	4315	买盘
09:47:45	43.15	--	6	25890	买盘
09:47:42	43.15	-0.05	49	211435	卖盘
09:47:39	43.2	--	9	38880	买盘
09:47:36	43.2	0.05	6	25920	买盘
09:47:33	43.15	-0.05	14	60410	卖盘
09:47:27	43.2	0.03	44	190080	买盘
09:47:21	43.17	-0.03	4	17268	卖盘
09:47:18	43.2	--	16	69120	买盘
09:47:15	43.2	--	4	17280	买盘
09:47:12	43.2	0.05	51	220320	买盘
09:47:09	43.15	-0.05	40	172600	卖盘
09:47:06	43.2	0.05	50	216000	买盘
09:47:03	43.15	-0.02	79	340885	卖盘
09:47:00	43.17	0.02	10	43170	买盘
09:46:57	43.15	--	34	146710	卖盘
09:46:54	43.15	0.06	76	327940	买盘
09:46:51	43.09	-0.04	25	107725	卖盘
09:46:48	43.13	0.04	6	25878	买盘
09:46:45	43.09	-0.01	31	133579	卖盘
09:46:42	43.1	--	12	51720	卖盘
09:46:39	43.1	--	13	56030	卖盘
09:46:36	43.1	--	3	12930	买盘
09:46:33	43.1	--	28	120680	买盘
09:46:30	43.1	0.01	9	38790	买盘
09:46:27	43.09	--	50	215450	卖盘
09:46:24	43.09	0.09	141	607569	买盘
09:46:21	43.0	--	12	51600	买盘
09:46:18	43.0	--	9	38700	买盘
09:46:15	43.0	--	17	73100	买盘
09:46:12	43.0	0.01	6	25800	买盘
09:46:09	42.99	--	12	53737	买盘
09:46:06	42.99	--	9	38691	买盘
09:46:03	42.99	-0.01	30	131119	卖盘
09:45:57	43.0	--	26	111800	卖盘
09:45:54	43.0	--	41	176300	买盘
09:45:48	43.0	--	60	258000	买盘
09:45:45	43.0	0.01	1	4300	买盘
09:45:42	42.99	-0.06	157	674943	卖盘
09:45:39	43.05	-0.04	11	49507	卖盘
09:45:36	43.09	-0.06	5	21545	卖盘
09:45:33	43.15	--	6	25890	买盘
09:45:30	43.15	--	1	4315	买盘
09:45:27	43.15	--	6	25890	买盘
09:45:24	43.15	-0.03	14	60410	卖盘
09:45:21	43.18	--	7	30226	买盘
09:45:15	43.18	--	11	50088	卖盘
09:45:12	43.18	-0.06	22	94996	卖盘
09:45:09	43.24	0.06	36	157393	买盘
09:45:06	43.18	-0.02	80	345440	卖盘
09:45:03	43.2	-0.05	1	4320	中性盘
09:44:57	43.25	-0.01	75	324375	中性盘
09:44:51	43.26	-0.01	8	34608	买盘
09:44:48	43.27	--	5	21635	买盘
09:44:45	43.27	0.01	39	168753	买盘
09:44:42	43.26	-0.03	14	60564	卖盘
09:44:39	43.29	0.01	80	346320	买盘
09:44:36	43.28	--	17	73576	卖盘
09:44:33	43.28	--	38	164464	卖盘
09:44:30	43.28	--	123	532344	卖盘
09:44:27	43.28	--	24	103872	买盘
09:44:24	43.28	-0.02	27	116856	卖盘
09:44:21	43.3	--	37	160210	买盘
09:44:18	43.3	--	1	4330	买盘
09:44:15	43.3	--	30	129899	卖盘
09:44:12	43.3	--	46	199180	卖盘
09:44:09	43.3	--	6	25980	卖盘
09:44:06	43.3	0.01	89	385370	买盘
09:44:03	43.29	0.01	4	17316	买盘
09:44:00	43.28	-0.01	1	4328	卖盘
09:43:57	43.29	-0.01	13	56277	中性盘
09:43:54	43.3	--	97	420010	买盘
09:43:51	43.3	--	80	346400	买盘
09:43:48	43.3	0.01	23	99590	买盘
09:43:45	43.29	--	70	303030	卖盘
09:43:42	43.29	0.04	158	683982	买盘
09:43:39	43.25	--	29	125425	卖盘
09:43:36	43.25	--	12	51900	卖盘
09:43:33	43.25	--	14	60550	买盘
09:43:30	43.25	-0.01	30	129750	卖盘
09:43:27	43.26	--	8	34608	买盘
09:43:24	43.26	-0.02	6	25956	买盘
09:43:21	43.28	0.03	13	56264	中性盘
09:43:18	43.25	-0.05	3	12975	卖盘
09:43:15	43.3	0.12	31	134230	买盘
09:43:12	43.18	--	8	34544	买盘
09:43:09	43.18	-0.03	4	17272	中性盘
09:43:06	43.21	0.03	38	164198	买盘
09:43:03	43.18	0.03	21	90678	买盘
09:43:00	43.15	0.02	31	133765	买盘
09:42:57	43.13	0.03	5	21565	买盘
09:42:54	43.1	0.04	18	77580	买盘
09:42:51	43.06	--	27	116262	卖盘
09:42:48	43.06	0.05	59	254054	买盘
09:42:45	43.01	0.01	3	12903	买盘
09:42:42	43.0	--	115	494500	买盘
09:42:39	43.0	--	113	485900	买盘
09:42:36	43.0	--	43	184900	买盘
09:42:33	43.0	0.01	180	774000	买盘
09:42:30	42.99	--	13	55887	买盘
09:42:27	42.99	--	37	159063	买盘
09:42:24	42.99	0.03	252	1083348	买盘
09:42:21	42.96	0.05	41	176136	买盘
09:42:18	42.91	-0.03	25	107274	卖盘
09:42:15	42.94	0.03	14	60116	买盘
09:42:12	42.91	0.03	123	527793	买盘
09:42:06	42.88	0.08	117	501696	买盘
09:42:00	42.8	0.05	179	766120	买盘
09:41:57	42.75	--	14	59850	买盘
09:41:54	42.75	0.03	10	42750	买盘
09:41:51	42.72	0.04	84	358848	买盘
09:41:48	42.68	-0.02	9	38412	中性盘
09:41:39	42.7	0.07	40	170800	买盘
09:41:36	42.63	-0.05	1	4263	卖盘
09:41:33	42.68	0.06	5	21340	买盘
09:41:27	42.62	0.01	13	55406	中性盘
09:41:24	42.61	-0.01	7	29827	卖盘
09:41:21	42.62	-0.01	207	882234	卖盘
09:41:15	42.63	--	3	12789	买盘
09:41:12	42.63	0.01	44	187572	买盘
09:41:09	42.62	--	3	12786	卖盘
09:41:06	42.62	--	11	46882	卖盘
09:41:03	42.62	--	28	119336	买盘
09:41:00	42.62	--	7	29834	买盘
09:40:57	42.62	--	2	8524	买盘
09:40:54	42.62	0.02	42	179004	买盘
09:40:42	42.6	--	53	228975	买盘
09:40:39	42.6	0.05	44	187440	买盘
09:40:27	42.55	0.03	2	8510	中性盘
09:40:18	42.52	--	13	55276	卖盘
09:40:15	42.52	--	1	4252	卖盘
09:40:12	42.52	-0.08	1	4252	买盘
09:40:09	42.6	0.08	10	42600	买盘
09:40:06	42.52	-0.07	11	46772	卖盘
09:40:03	42.59	0.07	5	21295	买盘
09:40:00	42.52	--	6	25512	买盘
09:39:54	42.52	-0.07	4	17008	卖盘
09:39:51	42.59	--	6	25554	买盘
09:39:48	42.59	--	5	21295	买盘
09:39:45	42.59	0.07	24	102216	买盘
09:39:42	42.52	-0.08	77	327404	卖盘
09:39:39	42.6	--	24	102240	买盘
09:39:36	42.6	--	24	102240	买盘
09:39:33	42.6	0.01	20	85200	买盘
09:39:30	42.59	-0.01	10	42590	卖盘
09:39:27	42.6	--	25	106500	买盘
09:39:24	42.6	--	10	42600	买盘
09:39:21	42.6	--	18	76680	买盘
09:39:18	42.6	0.1	30	127800	买盘
09:39:15	42.5	-0.08	9	38250	卖盘
09:39:12	42.58	0.06	150	638700	买盘
09:39:06	42.52	0.01	15	63780	买盘
09:39:03	42.51	--	6	25506	卖盘
09:38:54	42.51	-0.04	47	199797	卖盘
09:38:48	42.55	0.03	10	42550	买盘
09:38:42	42.52	-0.06	30	127560	卖盘
09:38:39	42.58	--	35	149030	买盘
09:38:33	42.58	0.03	4	17032	买盘
09:38:30	42.55	-0.04	6	25530	卖盘
09:38:21	42.59	-0.01	5	21295	中性盘
09:38:18	42.6	--	42	178920	买盘
09:38:15	42.6	0.02	26	110760	买盘
09:38:12	42.58	-0.02	1	4258	卖盘
09:38:09	42.6	-0.01	3	12780	买盘
09:38:06	42.61	-0.01	2	8522	中性盘
09:38:03	42.62	--	4	17048	买盘
09:38:00	42.62	--	41	174742	买盘
09:37:57	42.62	0.01	14	59668	买盘
09:37:54	42.61	--	18	76698	中性盘
09:37:51	42.61	--	41	174701	卖盘
09:37:48	42.61	--	12	51132	买盘
09:37:45	42.61	--	2	8522	买盘
09:37:42	42.61	-0.01	9	38349	卖盘
09:37:39	42.62	0.02	76	323912	买盘
09:37:36	42.6	-0.05	2	8520	卖盘
09:37:33	42.65	0.05	29	123685	买盘
09:37:30	42.6	-0.04	5	21300	卖盘
09:37:27	42.64	0.03	14	59696	买盘
09:37:24	42.61	-0.01	31	132091	卖盘
09:37:21	42.62	0.04	9	38358	中性盘
09:37:18	42.58	-0.07	6	25548	卖盘
09:37:15	42.65	0.02	4	17060	卖盘
09:37:12	42.63	0.01	51	217413	买盘
09:37:09	42.62	-0.02	20	85240	卖盘
09:37:06	42.64	--	12	51168	买盘
09:37:03	42.64	0.01	34	144976	买盘
09:36:57	42.63	0.01	167	711921	买盘
09:36:54	42.62	--	10	42620	买盘
09:36:51	42.62	--	23	98026	卖盘
09:36:48	42.62	--	22	93764	卖盘
09:36:42	42.62	0.04	18	76716	买盘
09:36:39	42.58	0.06	5	21290	卖盘
09:36:36	42.52	-0.1	25	106300	卖盘
09:36:33	42.62	0.02	65	277030	买盘
09:36:30	42.6	0.1	12	51120	买盘
09:36:27	42.5	-0.1	15	63750	卖盘
09:36:21	42.6	0.02	18	76680	中性盘
09:36:18	42.58	-0.02	1	4258	卖盘
09:36:15	42.6	--	15	63900	买盘
09:36:12	42.6	--	2	8520	买盘
09:36:09	42.6	0.12	4	17040	中性盘
09:36:06	42.48	--	6	25487	卖盘
09:36:03	42.48	--	21	89208	卖盘
09:36:00	42.48	--	5	21240	卖盘
09:35:57	42.48	--	15	63719	卖盘
09:35:48	42.48	-0.14	94	399311	卖盘
09:35:45	42.62	-0.02	14	59668	卖盘
09:35:39	42.64	--	9	38376	卖盘
09:35:36	42.64	--	16	68224	买盘
09:35:33	42.64	--	16	68224	卖盘
09:35:30	42.64	-0.04	3	12792	卖盘
09:35:27	42.68	-0.02	27	115236	卖盘
09:35:24	42.7	--	18	76860	买盘
09:35:21	42.7	-0.02	99	422730	卖盘
09:35:18	42.72	--	51	217872	买盘
09:35:15	42.72	--	18	76896	中性盘
09:35:09	42.72	--	5	21360	卖盘
09:35:06	42.72	-0.06	20	85440	卖盘
09:35:03	42.78	0.02	143	611754	买盘
09:35:00	42.76	0.02	3	12828	买盘
09:34:57	42.74	0.04	21	89754	买盘
09:34:54	42.7	-0.01	10	42700	卖盘
09:34:51	42.71	0.01	7	29897	中性盘
09:34:48	42.7	--	3	12810	卖盘
09:34:45	42.7	--	129	550830	卖盘
09:34:42	42.7	--	22	93940	买盘
09:34:39	42.7	0.02	17	72590	买盘
09:34:36	42.68	-0.1	50	213400	卖盘
09:34:33	42.78	0.1	18	77004	买盘
09:34:30	42.68	-0.02	22	93896	卖盘
09:34:27	42.7	--	11	46970	买盘
09:34:24	42.7	-0.08	30	128100	卖盘
09:34:21	42.78	0.08	2	8556	买盘
09:34:18	42.7	--	5	21350	卖盘
09:34:15	42.7	--	28	119560	买盘
09:34:12	42.7	0.08	39	166530	买盘
09:34:09	42.62	-0.04	66	281292	卖盘
09:34:06	42.66	0.04	9	38394	买盘
09:34:03	42.62	0.02	59	253418	买盘
09:34:00	42.6	-0.01	9	38340	卖盘
09:33:57	42.61	0.01	8	34088	买盘
09:33:54	42.6	0.1	56	238560	买盘
09:33:51	42.5	0.07	28	119000	买盘
09:33:48	42.43	-0.07	13	55159	卖盘
09:33:45	42.5	--	20	85000	买盘
09:33:42	42.5	--	23	97750	买盘
09:33:39	42.5	0.07	17	72250	买盘
09:33:36	42.43	-0.07	6	25458	卖盘
09:33:33	42.5	0.02	26	110500	买盘
09:33:30	42.48	--	10	42480	买盘
09:33:27	42.48	0.08	47	199655	买盘
09:33:24	42.4	--	5	21200	卖盘
09:33:21	42.4	-0.04	24	101760	中性盘
09:33:15	42.44	0.24	11	46684	买盘
09:33:09	42.2	-0.1	37	156140	卖盘
09:33:06	42.3	0.06	3	12690	中性盘
09:33:03	42.24	--	17	71808	买盘
09:33:00	42.24	0.03	6	25344	买盘
09:32:57	42.21	0.01	2	8442	买盘
09:32:54	42.2	0.2	35	147700	买盘
09:32:48	42.0	-0.02	22	92400	卖盘
09:32:45	42.02	0.02	3	12606	买盘
09:32:42	42.0	0.09	256	1075200	买盘
09:32:39	41.91	--	8	33528	买盘
09:32:36	41.91	-0.06	9	37719	卖盘
09:32:33	41.97	0.06	13	54561	买盘
09:32:30	41.91	-0.06	2	8382	卖盘
09:32:27	41.97	--	9	37773	买盘
09:32:24	41.97	--	2	8394	买盘
09:32:21	41.97	--	2	8394	买盘
09:32:18	41.97	--	25	104925	买盘
09:32:15	41.97	-0.02	118	495246	卖盘
09:32:12	41.99	0.01	12	50388	买盘
09:32:09	41.98	-0.01	16	67168	卖盘
09:32:06	41.99	0.01	17	71383	买盘
09:32:03	41.98	-0.01	5	20990	卖盘
09:32:00	41.99	--	13	54587	买盘
09:31:54	41.99	-0.01	1	4199	买盘
09:31:51	42.0	0.02	22	92400	买盘
09:31:48	41.98	--	9	37782	买盘
09:31:45	41.98	--	21	88158	买盘
09:31:39	41.98	0.01	11	46178	买盘
09:31:36	41.97	--	4	16788	卖盘
09:31:33	41.97	0.07	17	71349	买盘
09:31:27	41.9	0.1	6	25140	买盘
09:31:18	41.8	0.03	8	33440	买盘
09:31:15	41.77	-0.03	9	37593	中性盘
09:31:09	41.8	0.05	1	4180	买盘
09:31:06	41.75	-0.05	4	16700	卖盘
09:31:03	41.8	0.05	15	62699	买盘
09:30:57	41.75	--	3	12525	买盘
09:30:51	41.75	0.05	3	12525	买盘
09:30:42	41.7	--	2	8340	买盘
09:30:33	41.7	--	1	4170	买盘
09:30:30	41.7	--	1	4170	买盘
09:30:24	41.7	--	3	12510	买盘
09:30:18	41.7	--	2	8340	买盘
09:30:15	41.7	--	2	8340	买盘
09:30:12	41.7	--	3	12510	买盘
09:30:09	41.7	--	4	16680	买盘
09:30:06	41.7	0.04	28	116760	买盘
09:30:03	41.66	--	77	320782	卖盘
09:30:00	41.66	--	0	0	卖盘
09:25:03	41.66	41.66	6	24995	买盘
