成交时间	成交价	价格变动	成交量(手)	成交额(元)	性质
15:00:03	24.15	-0.03	4044	9767467	卖盘
14:57:03	24.18	--	10	24180	卖盘
14:57:00	24.18	-0.01	336	812448	买盘
14:56:57	24.19	0.02	150	362850	买盘
14:56:54	24.17	--	64	154688	买盘
14:56:51	24.17	-0.01	249	603041	卖盘
14:56:48	24.18	-0.01	211	511407	卖盘
14:56:45	24.19	0.01	62	149978	买盘
14:56:42	24.18	-0.01	70	169260	中性盘
14:56:39	24.19	0.01	598	1446562	买盘
14:56:36	24.18	0.01	132	319176	买盘
14:56:33	24.17	--	20	48340	卖盘
14:56:30	24.17	-0.01	25	60425	卖盘
14:56:27	24.18	--	25	60450	买盘
14:56:24	24.18	0.01	28	67704	买盘
14:56:21	24.17	--	177	427809	卖盘
14:56:18	24.17	--	143	346646	买盘
14:56:15	24.17	0.02	218	527824	买盘
14:56:12	24.15	-0.01	60	144900	卖盘
14:56:09	24.16	--	8	19328	买盘
14:56:06	24.16	--	82	198112	买盘
14:56:03	24.16	--	31	74896	买盘
14:56:00	24.16	-0.02	121	294027	卖盘
14:55:57	24.18	0.01	416	1006903	买盘
14:55:54	24.17	--	29	70093	卖盘
14:55:51	24.17	0.01	12	29004	中性盘
14:55:48	24.16	-0.01	101	244016	卖盘
14:55:45	24.17	0.01	298	720266	买盘
14:55:42	24.16	-0.01	196	473536	卖盘
14:55:39	24.17	0.01	27	65259	买盘
14:55:36	24.16	--	271	654736	卖盘
14:55:33	24.16	--	16	38656	卖盘
14:55:30	24.16	--	26	62816	卖盘
14:55:27	24.16	--	82	198112	卖盘
14:55:24	24.16	--	40	96640	卖盘
14:55:21	24.16	0.01	48	118094	买盘
14:55:18	24.15	--	49	118335	卖盘
14:55:15	24.15	--	48	115920	卖盘
14:55:12	24.15	-0.01	181	437115	卖盘
14:55:09	24.16	--	20	48320	买盘
14:55:06	24.16	0.01	121	292336	买盘
14:55:03	24.15	--	29	70035	卖盘
14:55:00	24.15	--	61	147315	卖盘
14:54:57	24.15	--	27	65204	卖盘
14:54:54	24.15	--	8	19320	卖盘
14:54:51	24.15	--	27	66412	卖盘
14:54:48	24.15	--	54	130409	买盘
14:54:45	24.15	--	1	2415	买盘
14:54:42	24.15	--	72	173880	买盘
14:54:39	24.15	--	20	48300	买盘
14:54:36	24.15	--	2	4830	买盘
14:54:33	24.15	--	17	41055	买盘
14:54:30	24.15	--	38	91770	买盘
14:54:27	24.15	--	233	562695	卖盘
14:54:24	24.15	--	273	659295	卖盘
14:54:21	24.15	-0.01	382	922530	卖盘
14:54:18	24.16	0.01	27	65232	买盘
14:54:15	24.15	--	72	173880	卖盘
14:54:12	24.15	--	24	57960	卖盘
14:54:06	24.15	--	59	142485	卖盘
14:54:03	24.15	--	33	79695	卖盘
14:54:00	24.15	--	27	65204	卖盘
14:53:57	24.15	-0.01	22	53130	卖盘
14:53:54	24.16	0.01	146	352736	买盘
14:53:51	24.15	--	49	118335	卖盘
14:53:48	24.15	--	5	12075	卖盘
14:53:45	24.15	--	39	94185	中性盘
14:53:42	24.15	--	29	70035	买盘
14:53:39	24.15	0.01	42	101430	买盘
14:53:36	24.14	--	27	65178	卖盘
14:53:33	24.14	-0.02	111	267954	卖盘
14:53:30	24.16	-0.01	54	130464	卖盘
14:53:27	24.17	0.01	34	82178	买盘
14:53:24	24.16	0.01	189	456624	买盘
14:53:21	24.15	--	17	41055	卖盘
14:53:18	24.15	--	70	169050	卖盘
14:53:15	24.15	--	78	188370	买盘
14:53:12	24.15	0.01	137	330855	买盘
14:53:09	24.14	--	82	197948	卖盘
14:53:06	24.14	--	10	24140	卖盘
14:53:03	24.14	0.01	76	183464	买盘
14:53:00	24.13	--	21	50673	卖盘
14:52:57	24.13	-0.03	14	33782	中性盘
14:52:54	24.16	0.04	512	1239118	买盘
14:52:51	24.12	-0.01	245	590940	卖盘
14:52:48	24.13	--	8	19304	卖盘
14:52:45	24.13	-0.01	82	197866	卖盘
14:52:42	24.14	0.01	27	65178	买盘
14:52:39	24.13	0.01	51	123063	买盘
14:52:36	24.12	--	37	89244	卖盘
14:52:33	24.12	-0.02	495	1193940	卖盘
14:52:30	24.14	0.01	79	190706	买盘
14:52:27	24.13	--	43	103759	卖盘
14:52:24	24.13	--	71	171323	卖盘
14:52:21	24.13	--	15	36195	卖盘
14:52:18	24.13	--	10	24130	卖盘
14:52:15	24.13	-0.01	6	14478	卖盘
14:52:12	24.14	--	58	140012	买盘
14:52:09	24.14	--	189	456246	买盘
14:52:06	24.14	0.01	18	43452	中性盘
14:52:03	24.13	-0.01	50	120650	卖盘
14:52:00	24.14	--	68	164152	卖盘
14:51:57	24.14	--	39	94146	卖盘
14:51:54	24.14	-0.01	32	77248	卖盘
14:51:51	24.15	0.01	9	21735	买盘
14:51:48	24.14	--	16	38624	卖盘
14:51:45	24.14	--	24	57936	卖盘
14:51:42	24.14	0.01	96	231744	中性盘
14:51:39	24.13	--	52	125476	卖盘
14:51:36	24.13	--	34	82042	卖盘
14:51:33	24.13	-0.04	6	14478	卖盘
14:51:30	24.17	0.02	30	72510	买盘
14:51:27	24.15	0.03	7	16905	买盘
14:51:24	24.12	-0.03	90	217080	卖盘
14:51:21	24.15	0.02	10	26226	买盘
14:51:18	24.13	0.01	62	149606	买盘
14:51:15	24.12	--	12	28944	卖盘
14:51:12	24.12	-0.01	49	118188	卖盘
14:51:09	24.13	--	145	349885	买盘
14:51:06	24.13	-0.04	1488	3590881	卖盘
14:51:03	24.17	--	13	31421	卖盘
14:51:00	24.17	--	11	26587	中性盘
14:50:57	24.17	0.02	14	33838	买盘
14:50:54	24.15	-0.02	233	562695	卖盘
14:50:51	24.17	-0.01	61	148911	卖盘
14:50:48	24.18	0.01	30	72540	买盘
14:50:45	24.17	--	100	241700	卖盘
14:50:42	24.17	-0.01	33	79761	卖盘
14:50:39	24.18	--	105	253890	买盘
14:50:33	24.18	0.01	620	1499160	买盘
14:50:30	24.17	-0.01	7	16919	卖盘
14:50:27	24.18	--	15	36270	卖盘
14:50:24	24.18	--	35	84630	卖盘
14:50:21	24.18	0.01	23	55614	中性盘
14:50:18	24.17	-0.02	30	72510	卖盘
14:50:15	24.19	0.01	16	38704	买盘
14:50:12	24.18	--	22	54405	卖盘
14:50:09	24.18	--	24	58032	卖盘
14:50:06	24.18	0.01	100	243009	买盘
14:50:03	24.17	-0.01	101	245325	卖盘
14:50:00	24.18	--	124	299832	买盘
14:49:57	24.18	0.01	296	715728	买盘
14:49:54	24.17	-0.01	65	157105	卖盘
14:49:51	24.18	0.01	31	74958	买盘
14:49:48	24.17	-0.01	154	372218	卖盘
14:49:45	24.18	0.01	19	45942	买盘
14:49:42	24.17	--	14	33838	卖盘
14:49:39	24.17	--	2	4834	卖盘
14:49:36	24.17	-0.01	16	38672	卖盘
14:49:33	24.18	--	5	12090	买盘
14:49:30	24.18	--	16	38688	买盘
14:49:27	24.18	0.01	5	12090	买盘
14:49:24	24.17	-0.01	146	354090	卖盘
14:49:21	24.18	--	100	241800	买盘
14:49:18	24.18	--	255	617799	卖盘
14:49:15	24.18	--	52	125736	卖盘
14:49:12	24.18	--	24	59241	买盘
14:49:09	24.18	--	27	65286	卖盘
14:49:06	24.18	--	82	198276	卖盘
14:49:03	24.18	-0.01	10	24180	卖盘
14:49:00	24.19	0.01	83	200777	买盘
14:48:57	24.18	--	14	33852	买盘
14:48:54	24.18	--	126	304668	卖盘
14:48:51	24.18	-0.01	60	145080	卖盘
14:48:48	24.19	--	22	53218	买盘
14:48:45	24.19	0.01	34	82246	买盘
14:48:42	24.18	--	15	36270	卖盘
14:48:39	24.18	--	57	137826	卖盘
14:48:36	24.18	--	51	124527	卖盘
14:48:30	24.18	--	24	58032	卖盘
14:48:27	24.18	--	26	62868	卖盘
14:48:24	24.18	-0.01	36	87048	卖盘
14:48:21	24.19	0.01	253	612007	买盘
14:48:18	24.18	--	1	2418	卖盘
14:48:15	24.18	--	35	84630	卖盘
14:48:12	24.18	-0.01	11	26598	卖盘
14:48:09	24.19	0.01	19	45961	买盘
14:48:06	24.18	--	20	48360	卖盘
14:48:03	24.18	-0.01	69	168051	卖盘
14:47:57	24.19	--	2	4838	买盘
14:47:54	24.19	--	27	65313	买盘
14:47:51	24.19	--	59	142721	买盘
14:47:45	24.19	--	82	198648	卖盘
14:47:42	24.19	-0.01	66	159654	卖盘
14:47:39	24.2	0.01	70	169400	买盘
14:47:36	24.19	--	34	84374	卖盘
14:47:33	24.19	--	3	7257	卖盘
14:47:30	24.19	-0.01	1	2419	卖盘
14:47:27	24.2	0.01	80	193600	买盘
14:47:24	24.19	--	77	186263	卖盘
14:47:21	24.19	--	24	58056	卖盘
14:47:18	24.19	--	47	113693	卖盘
14:47:15	24.19	--	6	14514	卖盘
14:47:12	24.19	--	145	350755	卖盘
14:47:09	24.19	--	8	19352	卖盘
14:47:06	24.19	--	8	19352	卖盘
14:47:03	24.19	--	122	295118	卖盘
14:47:00	24.19	-0.01	42	101598	卖盘
14:46:57	24.2	0.01	109	263780	买盘
14:46:54	24.19	--	32	77408	买盘
14:46:51	24.19	--	511	1236109	买盘
14:46:48	24.19	-0.01	10	24190	中性盘
14:46:45	24.2	0.01	221	534820	买盘
14:46:42	24.19	0.01	83	200777	买盘
14:46:39	24.18	-0.01	270	654069	卖盘
14:46:36	24.19	--	18	43542	卖盘
14:46:33	24.19	--	23	56846	卖盘
14:46:30	24.19	--	39	94341	卖盘
14:46:27	24.19	--	17	41123	卖盘
14:46:24	24.19	0.01	28	67732	卖盘
14:46:21	24.18	-0.01	133	321594	卖盘
14:46:18	24.19	--	20	48380	卖盘
14:46:15	24.19	0.01	33	79827	买盘
14:46:12	24.18	--	32	77376	卖盘
14:46:09	24.18	--	10	24180	卖盘
14:46:06	24.18	-0.01	51	123318	卖盘
14:46:03	24.19	0.01	48	116112	买盘
14:46:00	24.18	--	47	113646	卖盘
14:45:57	24.18	-0.01	54	130572	卖盘
14:45:54	24.19	--	44	106436	买盘
14:45:51	24.19	--	13	31447	买盘
14:45:48	24.19	0.01	56	135464	买盘
14:45:45	24.18	-0.01	24	58032	卖盘
14:45:42	24.19	--	99	239481	卖盘
14:45:36	24.19	--	1	2419	卖盘
14:45:33	24.19	0.01	4	9676	买盘
14:45:30	24.18	--	11	26598	卖盘
14:45:27	24.18	--	5	12090	卖盘
14:45:24	24.18	-0.01	109	263562	卖盘
14:45:21	24.19	0.01	7	16933	买盘
14:45:18	24.18	--	16	38688	卖盘
14:45:15	24.18	-0.01	32	77376	卖盘
14:45:12	24.19	0.01	27	65313	买盘
14:45:09	24.18	-0.01	18	43524	卖盘
14:45:06	24.19	0.01	8	19352	买盘
14:45:03	24.18	--	32	77376	卖盘
14:45:00	24.18	-0.01	29	70122	卖盘
14:44:57	24.19	--	40	96760	买盘
14:44:54	24.19	--	19	45961	买盘
14:44:51	24.19	0.01	38	91922	中性盘
14:44:48	24.18	-0.01	181	437658	卖盘
14:44:45	24.19	--	18	43542	卖盘
14:44:42	24.19	--	24	58056	卖盘
14:44:39	24.19	--	10	24190	卖盘
14:44:36	24.19	--	91	220129	卖盘
14:44:33	24.19	--	23	55637	卖盘
14:44:30	24.19	--	29	70151	卖盘
14:44:24	24.19	-0.01	30	72570	卖盘
14:44:21	24.2	--	27	65340	买盘
14:44:18	24.2	--	179	434341	卖盘
14:44:15	24.2	--	16	38720	卖盘
14:44:12	24.2	--	5	12100	卖盘
14:44:09	24.2	--	29	70180	卖盘
14:44:06	24.2	--	13	31460	卖盘
14:44:03	24.2	--	19	45980	卖盘
14:44:00	24.2	-0.01	10	24200	卖盘
14:43:57	24.21	0.01	40	96840	买盘
14:43:54	24.2	-0.01	227	549340	卖盘
14:43:48	24.21	--	36	87156	卖盘
14:43:45	24.21	--	18	43578	卖盘
14:43:42	24.21	--	68	164628	卖盘
14:43:39	24.21	--	83	200943	卖盘
14:43:36	24.21	--	50	121050	卖盘
14:43:33	24.21	--	12	29052	卖盘
14:43:27	24.21	--	10	24210	卖盘
14:43:24	24.21	--	36	87156	卖盘
14:43:21	24.21	--	13	31473	卖盘
14:43:18	24.21	-0.01	26	62946	卖盘
14:43:15	24.22	--	30	72660	买盘
14:43:12	24.22	0.01	30	72660	买盘
14:43:09	24.21	--	24	58104	卖盘
14:43:06	24.21	-0.01	11	26631	卖盘
14:43:03	24.22	--	30	72660	买盘
14:42:57	24.22	--	54	130788	卖盘
14:42:54	24.22	--	129	312438	卖盘
14:42:51	24.22	-0.01	23	55706	卖盘
14:42:48	24.23	--	20	48460	买盘
14:42:45	24.23	--	8	19384	买盘
14:42:39	24.23	--	40	96920	买盘
14:42:36	24.23	--	194	471006	卖盘
14:42:33	24.23	--	100	242300	卖盘
14:42:27	24.23	--	20	48460	卖盘
14:42:24	24.23	-0.01	37	89651	卖盘
14:42:21	24.24	0.01	15	36360	买盘
14:42:18	24.23	-0.01	18	43614	卖盘
14:42:15	24.24	--	7	16968	中性盘
14:42:09	24.24	--	5	12120	卖盘
14:42:06	24.24	0.01	18	43632	中性盘
14:42:03	24.23	-0.01	39	94497	卖盘
14:42:00	24.24	--	13	31511	卖盘
14:41:57	24.24	--	149	361176	卖盘
14:41:54	24.24	--	132	319968	买盘
14:41:51	24.24	0.01	14	33936	买盘
14:41:48	24.23	--	86	208741	卖盘
14:41:45	24.23	-0.01	10	24230	卖盘
14:41:42	24.24	0.01	73	176952	买盘
14:41:39	24.23	-0.02	28	67844	卖盘
14:41:33	24.25	0.01	216	523800	买盘
14:41:30	24.24	--	14	33936	卖盘
14:41:27	24.24	--	86	208464	卖盘
14:41:24	24.24	-0.01	113	273912	卖盘
14:41:21	24.25	--	58	140650	买盘
14:41:18	24.25	--	40	97000	买盘
14:41:15	24.25	--	29	70325	买盘
14:41:09	24.25	--	0	1406	卖盘
14:41:06	24.25	--	66	160050	卖盘
14:41:03	24.25	--	67	163687	卖盘
14:41:00	24.25	--	50	121250	卖盘
14:40:57	24.25	--	84	203700	卖盘
14:40:54	24.25	--	18	44862	卖盘
14:40:48	24.25	--	324	785700	卖盘
14:40:45	24.25	--	6	14550	卖盘
14:40:42	24.25	-0.01	39	94575	卖盘
14:40:39	24.26	0.01	28	67928	买盘
14:40:36	24.25	--	15	36375	卖盘
14:40:33	24.25	--	16	38800	卖盘
14:40:30	24.25	--	3	7275	卖盘
14:40:24	24.25	-0.01	59	143075	卖盘
14:40:18	24.26	0.01	5	12130	买盘
14:40:15	24.25	-0.01	15	36375	卖盘
14:40:12	24.26	--	104	252304	卖盘
14:40:09	24.26	--	5	12130	卖盘
14:40:06	24.26	-0.01	130	315380	卖盘
14:40:03	24.27	0.01	21	50967	买盘
14:40:00	24.26	-0.01	6	14556	卖盘
14:39:57	24.27	--	261	633447	买盘
14:39:54	24.27	--	43	104361	买盘
14:39:48	24.27	0.01	13	31551	买盘
14:39:42	24.26	-0.01	5	12130	卖盘
14:39:39	24.27	--	21	50967	买盘
14:39:36	24.27	0.01	11	26697	买盘
14:39:30	24.26	-0.01	53	128578	卖盘
14:39:27	24.27	0.01	35	84945	买盘
14:39:24	24.26	-0.01	18	43668	卖盘
14:39:21	24.27	--	44	106788	买盘
14:39:18	24.27	--	19	46113	买盘
14:39:15	24.27	0.01	17	41259	买盘
14:39:09	24.26	-0.01	58	140708	卖盘
14:39:06	24.27	--	70	169890	买盘
14:39:00	24.27	--	44	106788	买盘
14:38:57	24.27	0.01	40	97080	买盘
14:38:54	24.26	-0.01	120	291120	卖盘
14:38:51	24.27	--	13	31551	买盘
14:38:48	24.27	-0.01	120	292453	卖盘
14:38:45	24.28	0.01	41	99548	买盘
14:38:42	24.27	-0.01	95	230565	卖盘
14:38:39	24.28	0.01	124	301072	买盘
14:38:36	24.27	-0.01	55	133485	卖盘
14:38:33	24.28	0.01	10	24280	买盘
14:38:30	24.27	--	5	12135	卖盘
14:38:24	24.27	-0.01	40	97080	卖盘
14:38:18	24.28	0.01	4	9712	买盘
14:38:15	24.27	--	262	637087	买盘
14:38:12	24.27	0.01	10	24270	买盘
14:38:09	24.26	-0.01	14	33964	卖盘
14:38:06	24.27	--	9	21843	买盘
14:38:03	24.27	0.01	3	7281	买盘
14:38:00	24.26	--	7	16982	卖盘
14:37:57	24.26	--	67	162542	卖盘
14:37:54	24.26	--	22	53372	卖盘
14:37:51	24.26	--	18	43668	卖盘
14:37:48	24.26	--	2	4852	卖盘
14:37:45	24.26	--	57	138282	卖盘
14:37:42	24.26	--	32	77632	卖盘
14:37:39	24.26	0.01	171	415864	买盘
14:37:36	24.25	0.01	20	48500	中性盘
14:37:30	24.24	-0.02	208	504191	卖盘
14:37:27	24.26	0.01	30	72780	买盘
14:37:24	24.25	--	62	150350	卖盘
14:37:21	24.25	--	10	24250	卖盘
14:37:18	24.25	--	2	4850	卖盘
14:37:15	24.25	--	10	24250	卖盘
14:37:12	24.25	0.01	32	77600	买盘
14:37:09	24.24	-0.01	47	113927	卖盘
14:37:06	24.25	--	40	97000	买盘
14:37:00	24.25	--	36	87300	买盘
14:36:57	24.25	0.01	39	94575	买盘
14:36:54	24.24	-0.01	23	55752	卖盘
14:36:51	24.25	--	5	12125	买盘
14:36:45	24.25	--	50	121250	买盘
14:36:42	24.25	0.01	2	4850	买盘
14:36:39	24.24	--	24	58175	卖盘
14:36:36	24.24	--	20	48480	卖盘
14:36:27	24.24	0.01	1	2424	中性盘
14:36:24	24.23	-0.02	44	106612	卖盘
14:36:21	24.25	--	14	33950	买盘
14:36:15	24.25	--	74	180662	卖盘
14:36:12	24.25	-0.01	77	186725	卖盘
14:36:09	24.26	--	11	26686	买盘
14:36:03	24.26	0.01	165	400290	买盘
14:36:00	24.25	--	218	528650	卖盘
14:35:57	24.25	-0.01	142	344350	卖盘
14:35:54	24.26	--	34	82484	卖盘
14:35:51	24.26	-0.01	5	12130	卖盘
14:35:45	24.27	0.01	28	67956	买盘
14:35:42	24.26	0.01	25	60650	中性盘
14:35:36	24.25	-0.02	1004	2434700	卖盘
14:35:33	24.27	0.01	77	186879	买盘
14:35:30	24.26	--	16	38816	卖盘
14:35:27	24.26	--	11	26686	卖盘
14:35:24	24.26	-0.01	202	490052	卖盘
14:35:21	24.27	0.01	4	9708	买盘
14:35:18	24.26	--	67	162542	卖盘
14:35:15	24.26	--	15	36390	卖盘
14:35:12	24.26	-0.01	10	24260	卖盘
14:35:09	24.27	0.01	52	126204	买盘
14:35:06	24.26	--	1	2426	卖盘
14:35:03	24.26	-0.01	12	29112	卖盘
14:35:00	24.27	--	52	126204	买盘
14:34:57	24.27	0.01	68	165036	买盘
14:34:54	24.26	-0.01	18	43668	卖盘
14:34:51	24.27	0.01	35	84945	买盘
14:34:45	24.26	--	59	143134	卖盘
14:34:42	24.26	-0.01	21	50946	卖盘
14:34:39	24.27	0.01	69	167463	买盘
14:34:36	24.26	-0.01	13	31538	卖盘
14:34:33	24.27	0.01	19	46113	买盘
14:34:30	24.26	--	21	50946	卖盘
14:34:27	24.26	-0.01	1	2426	卖盘
14:34:24	24.27	0.01	71	172317	买盘
14:34:21	24.26	-0.01	15	36390	卖盘
14:34:18	24.27	--	30	72810	买盘
14:34:15	24.27	--	44	106788	买盘
14:34:12	24.27	0.02	13	31551	买盘
14:34:09	24.25	-0.02	30	72750	卖盘
14:34:06	24.27	--	3	7281	买盘
14:34:03	24.27	--	192	467197	卖盘
14:34:00	24.27	--	170	412590	卖盘
14:33:57	24.27	0.02	137	333712	买盘
14:33:54	24.25	-0.02	213	517737	卖盘
14:33:51	24.27	--	33	80091	买盘
14:33:48	24.27	--	218	529086	买盘
14:33:45	24.27	0.01	20	48540	买盘
14:33:39	24.26	-0.01	5	12130	卖盘
14:33:36	24.27	--	3	7281	买盘
14:33:30	24.27	--	46	111642	买盘
14:33:27	24.27	--	149	361623	买盘
14:33:24	24.27	--	63	152901	买盘
14:33:21	24.27	--	3	7281	买盘
14:33:18	24.27	-0.01	134	325218	卖盘
14:33:15	24.28	0.01	147	356916	买盘
14:33:12	24.27	0.01	29	70383	中性盘
14:33:09	24.26	-0.02	14	33964	卖盘
14:33:06	24.28	0.01	160	388480	买盘
14:33:03	24.27	0.01	5	12135	买盘
14:32:57	24.26	--	241	584666	卖盘
14:32:54	24.26	-0.01	18	43668	卖盘
14:32:51	24.27	0.02	51	124990	买盘
14:32:48	24.25	-0.01	140	339500	卖盘
14:32:45	24.26	0.01	339	822414	买盘
14:32:39	24.25	--	719	1744787	买盘
14:32:36	24.25	0.01	58	140650	买盘
14:32:33	24.24	--	53	128471	卖盘
14:32:30	24.24	--	42	101808	卖盘
14:32:27	24.24	--	1	2424	卖盘
14:32:24	24.24	-0.01	68	164832	卖盘
14:32:21	24.25	0.02	163	395275	买盘
14:32:18	24.23	-0.01	63	152649	卖盘
14:32:15	24.24	--	110	266640	买盘
14:32:12	24.24	0.01	199	482375	买盘
14:32:09	24.23	0.01	308	747398	买盘
14:32:06	24.22	--	55	134421	买盘
14:32:03	24.22	--	199	481978	买盘
14:32:00	24.22	--	80	193760	买盘
14:31:57	24.22	0.01	255	618699	买盘
14:31:54	24.21	--	107	259047	卖盘
14:31:51	24.21	--	13	31473	卖盘
14:31:48	24.21	--	63	152523	买盘
14:31:45	24.21	--	185	447885	买盘
14:31:42	24.21	--	48	116208	买盘
14:31:39	24.21	--	20	48420	买盘
14:31:36	24.21	-0.01	281	680301	卖盘
14:31:33	24.22	0.01	246	595812	买盘
14:31:30	24.21	--	10	24210	买盘
14:31:27	24.21	--	45	108945	卖盘
14:31:24	24.21	--	32	77472	卖盘
14:31:21	24.21	--	2	4842	卖盘
14:31:18	24.21	--	22	53262	卖盘
14:31:15	24.21	-0.01	16	38736	卖盘
14:31:09	24.22	0.01	1	2422	买盘
14:31:06	24.21	--	31	75051	卖盘
14:31:03	24.21	--	20	48420	卖盘
14:31:00	24.21	-0.01	149	360729	中性盘
14:30:57	24.22	0.02	40	96880	买盘
14:30:54	24.2	--	18	43560	卖盘
14:30:51	24.2	-0.01	27	65340	卖盘
14:30:48	24.21	0.01	101	244521	买盘
14:30:45	24.2	-0.01	119	287980	卖盘
14:30:42	24.21	0.01	3	7263	买盘
14:30:36	24.2	-0.01	2	4840	卖盘
14:30:33	24.21	0.01	2	4842	中性盘
14:30:24	24.2	-0.01	47	113740	卖盘
14:30:18	24.21	-0.01	8	19368	卖盘
14:30:15	24.22	0.01	29	70238	买盘
14:30:09	24.21	--	4	9684	卖盘
14:30:03	24.21	--	3	7263	卖盘
14:29:57	24.21	--	43	104103	卖盘
14:29:54	24.21	-0.01	32	77472	卖盘
14:29:51	24.22	--	26	62972	买盘
14:29:45	24.22	0.01	120	290640	买盘
14:29:42	24.21	--	51	123471	卖盘
14:29:39	24.21	-0.01	5	12105	卖盘
14:29:33	24.22	0.01	10	24220	买盘
14:29:30	24.21	-0.01	6	14526	卖盘
14:29:27	24.22	0.02	15	36330	买盘
14:29:24	24.2	--	17	41140	卖盘
14:29:21	24.2	-0.01	250	605000	卖盘
14:29:15	24.21	-0.01	79	192469	卖盘
14:29:12	24.22	--	5	12110	卖盘
14:29:09	24.22	--	11	26642	卖盘
14:29:06	24.22	0.01	154	374199	买盘
14:29:03	24.21	--	47	113787	买盘
14:28:57	24.21	0.01	70	169470	买盘
14:28:54	24.2	-0.01	111	268620	卖盘
14:28:51	24.21	-0.01	38	91998	卖盘
14:28:48	24.22	0.01	65	157430	买盘
14:28:45	24.21	-0.01	45	108945	卖盘
14:28:42	24.22	0.01	172	416584	买盘
14:28:39	24.21	--	102	246942	卖盘
14:28:36	24.21	--	33	79893	卖盘
14:28:30	24.21	--	13	31473	卖盘
14:28:27	24.21	--	1	2421	卖盘
14:28:24	24.21	--	19	45999	卖盘
14:28:21	24.21	--	2	4842	卖盘
14:28:18	24.21	--	5	12105	卖盘
14:28:15	24.21	--	14	33894	卖盘
14:28:09	24.21	-0.01	157	380097	卖盘
14:28:06	24.22	0.01	27	65394	中性盘
14:28:00	24.21	-0.02	43	104103	卖盘
14:27:57	24.23	0.01	40	96920	买盘
14:27:54	24.22	--	18	43596	卖盘
14:27:51	24.22	-0.01	3	7266	卖盘
14:27:48	24.23	0.02	4	9692	买盘
14:27:45	24.21	-0.02	9	21789	卖盘
14:27:36	24.23	--	23	55729	买盘
14:27:33	24.23	--	24	58152	卖盘
14:27:24	24.23	-0.01	20	48460	卖盘
14:27:21	24.24	0.01	5	12120	买盘
14:27:18	24.23	-0.01	30	72690	卖盘
14:27:15	24.24	-0.01	37	89688	卖盘
14:27:09	24.25	--	11	26675	买盘
14:27:06	24.25	0.02	26	63050	买盘
14:27:03	24.23	-0.01	50	121150	卖盘
14:27:00	24.24	--	8	19392	买盘
14:26:57	24.24	0.01	45	109080	买盘
14:26:54	24.23	-0.02	20	48460	卖盘
14:26:51	24.25	0.02	30	72750	买盘
14:26:48	24.23	-0.02	4	9692	卖盘
14:26:45	24.25	--	11	26675	买盘
14:26:42	24.25	0.02	15	36375	买盘
14:26:39	24.23	--	3	7269	卖盘
14:26:36	24.23	-0.02	15	36345	中性盘
14:26:33	24.25	0.02	168	407400	买盘
14:26:30	24.23	--	3	7269	买盘
14:26:27	24.23	0.02	1	2423	买盘
14:26:24	24.21	-0.02	46	111366	卖盘
14:26:18	24.23	--	12	29076	卖盘
14:26:15	24.23	--	13	31499	卖盘
14:26:12	24.23	0.02	213	516099	买盘
14:26:09	24.21	--	9	21789	卖盘
14:26:03	24.21	-0.03	34	82314	卖盘
14:25:57	24.24	0.03	43	104232	买盘
14:25:54	24.21	-0.01	29	70209	卖盘
14:25:51	24.22	0.01	75	181650	买盘
14:25:48	24.21	-0.01	30	72630	卖盘
14:25:45	24.22	--	10	24220	买盘
14:25:42	24.22	-0.01	75	181650	卖盘
14:25:39	24.23	--	516	1250268	买盘
14:25:36	24.23	--	29	70267	买盘
14:25:33	24.23	0.01	26	62998	买盘
14:25:30	24.22	-0.01	44	106568	卖盘
14:25:27	24.23	0.01	19	46037	买盘
14:25:24	24.22	-0.01	48	116256	卖盘
14:25:18	24.23	--	112	271376	卖盘
14:25:15	24.23	--	53	128419	卖盘
14:25:12	24.23	-0.01	54	130842	卖盘
14:25:09	24.24	0.01	13	31511	买盘
14:25:06	24.23	-0.01	69	167187	卖盘
14:25:03	24.24	0.01	16	38784	买盘
14:25:00	24.23	--	45	109035	卖盘
14:24:57	24.23	--	43	104189	卖盘
14:24:54	24.23	-0.01	54	130842	卖盘
14:24:51	24.24	--	53	128471	买盘
14:24:48	24.24	0.01	35	84840	买盘
14:24:45	24.23	-0.01	10	24230	卖盘
14:24:42	24.24	0.01	40	96960	买盘
14:24:39	24.23	-0.02	3	7269	卖盘
14:24:36	24.25	0.02	90	219462	买盘
14:24:33	24.23	--	100	242300	卖盘
14:24:30	24.23	-0.02	21	50883	卖盘
14:24:27	24.25	0.02	5	12125	买盘
14:24:24	24.23	--	38	92074	卖盘
14:24:21	24.23	-0.02	19	46037	卖盘
14:24:18	24.25	--	37	89725	买盘
14:24:15	24.25	0.02	47	113975	买盘
14:24:12	24.23	--	32	77536	卖盘
14:24:09	24.23	-0.01	4	9692	卖盘
14:24:06	24.24	-0.01	105	254519	中性盘
14:24:00	24.25	--	28	67900	买盘
14:23:57	24.25	0.02	55	133375	买盘
14:23:54	24.23	-0.02	21	50883	卖盘
14:23:48	24.25	0.02	96	232800	买盘
14:23:45	24.23	-0.02	17	41191	卖盘
14:23:42	24.25	0.01	255	618375	买盘
14:23:39	24.24	--	3	7271	卖盘
14:23:36	24.24	--	37	89688	卖盘
14:23:33	24.24	-0.01	1	3635	卖盘
14:23:30	24.25	--	8	19400	买盘
14:23:27	24.25	0.02	1	2425	买盘
14:23:24	24.23	-0.02	60	145380	卖盘
14:23:21	24.25	--	5	12125	买盘
14:23:18	24.25	--	12	29100	卖盘
14:23:15	24.25	0.02	14	33950	买盘
14:23:12	24.23	-0.02	56	135688	卖盘
14:23:09	24.25	-0.01	31	75175	买盘
14:23:06	24.26	0.01	338	819988	买盘
14:23:03	24.25	--	22	53350	买盘
14:23:00	24.25	--	34	82450	买盘
14:22:57	24.25	--	58	140650	买盘
14:22:54	24.25	0.01	32	77600	买盘
14:22:51	24.24	-0.01	29	70296	卖盘
14:22:48	24.25	--	35	84875	买盘
14:22:45	24.25	--	27	65475	买盘
14:22:42	24.25	--	15	36375	买盘
14:22:39	24.25	--	1	2425	买盘
14:22:36	24.25	--	53	128525	买盘
14:22:33	24.25	0.01	16	38800	买盘
14:22:30	24.24	-0.02	25	60599	卖盘
14:22:24	24.26	0.01	327	793302	买盘
14:22:21	24.25	--	106	257050	卖盘
14:22:18	24.25	--	3	7275	卖盘
14:22:15	24.25	--	55	133375	卖盘
14:22:12	24.25	0.02	263	637775	买盘
14:22:09	24.23	-0.01	85	205955	卖盘
14:22:06	24.24	--	12	29087	买盘
14:22:03	24.24	--	969	2348856	买盘
14:22:00	24.24	--	82	198768	买盘
14:21:57	24.24	0.02	54	130895	买盘
14:21:54	24.22	--	47	113834	卖盘
14:21:51	24.22	-0.01	47	113834	卖盘
14:21:48	24.23	--	146	353758	买盘
14:21:45	24.23	0.01	216	523368	中性盘
14:21:39	24.22	-0.01	27	65394	卖盘
14:21:36	24.23	--	230	557290	买盘
14:21:30	24.23	0.01	147	356181	买盘
14:21:27	24.22	--	10	24220	卖盘
14:21:24	24.22	--	49	118678	卖盘
14:21:21	24.22	--	25	60550	卖盘
14:21:18	24.22	--	10	24220	卖盘
14:21:15	24.22	0.01	132	319704	买盘
14:21:12	24.21	--	5	12105	卖盘
14:21:09	24.21	--	9	21789	卖盘
14:21:06	24.21	0.01	34	82314	卖盘
14:21:03	24.2	0.01	75	182758	买盘
14:21:00	24.19	--	12	29028	买盘
14:20:57	24.19	--	113	274508	卖盘
14:20:54	24.19	--	39	95598	卖盘
14:20:48	24.19	-0.01	55	133045	卖盘
14:20:45	24.2	0.01	29	70180	中性盘
14:20:42	24.19	-0.02	45	108855	卖盘
14:20:39	24.21	0.01	214	518094	买盘
14:20:36	24.2	0.01	17	41140	中性盘
14:20:30	24.19	-0.01	47	113693	卖盘
14:20:24	24.2	0.01	24	58080	中性盘
14:20:21	24.19	-0.01	8	19352	卖盘
14:20:18	24.2	-0.01	2	4840	卖盘
14:20:15	24.21	0.01	513	1241973	买盘
14:20:12	24.2	0.01	28	67760	买盘
14:20:09	24.19	--	50	120950	卖盘
14:20:06	24.19	--	10	24190	卖盘
14:20:03	24.19	-0.01	6	14514	中性盘
14:20:00	24.2	0.01	22	53240	买盘
14:19:57	24.19	0.01	45	108855	买盘
14:19:54	24.18	-0.01	19	45942	卖盘
14:19:51	24.19	0.01	19	45961	中性盘
14:19:48	24.18	--	62	149916	卖盘
14:19:45	24.18	-0.01	10	24180	卖盘
14:19:42	24.19	0.01	2	4838	中性盘
14:19:39	24.18	-0.02	1	2418	卖盘
14:19:36	24.2	0.02	198	479160	买盘
14:19:33	24.18	--	13	31434	卖盘
14:19:30	24.18	--	479	1158222	买盘
14:19:27	24.18	0.02	2	4836	买盘
14:19:24	24.16	-0.02	33	79728	卖盘
14:19:18	24.18	0.01	11	26598	买盘
14:19:15	24.17	-0.01	20	48340	中性盘
14:19:12	24.18	--	47	113646	买盘
14:19:09	24.18	--	1	2418	买盘
14:19:06	24.18	0.01	53	129363	买盘
14:19:03	24.17	-0.02	8	19336	卖盘
14:19:00	24.19	--	279	674901	买盘
14:18:57	24.19	0.01	41	99179	买盘
14:18:54	24.18	--	30	72540	卖盘
14:18:51	24.18	--	11	26598	卖盘
14:18:48	24.18	--	5	12090	卖盘
14:18:45	24.18	--	31	74958	卖盘
14:18:42	24.18	0.01	43	105183	买盘
14:18:39	24.17	-0.01	2	4834	卖盘
14:18:36	24.18	0.01	33	79794	买盘
14:18:33	24.17	--	10	24170	卖盘
14:18:30	24.17	0.01	23	55591	中性盘
14:18:24	24.16	-0.01	54	130464	卖盘
14:18:21	24.17	-0.01	1	2417	买盘
14:18:18	24.18	0.01	33	81003	买盘
14:18:15	24.17	--	20	48340	卖盘
14:18:12	24.17	--	51	123267	卖盘
14:18:09	24.17	--	7	18127	卖盘
14:18:06	24.17	--	17	41089	卖盘
14:18:03	24.17	--	53	128101	卖盘
14:18:00	24.17	--	109	263453	卖盘
14:17:57	24.17	--	43	103931	卖盘
14:17:54	24.17	--	18	43506	卖盘
14:17:51	24.17	--	50	120850	卖盘
14:17:48	24.17	0.01	8	19336	买盘
14:17:45	24.16	--	64	154624	卖盘
14:17:42	24.16	--	5	12080	卖盘
14:17:39	24.16	-0.01	8	19328	卖盘
14:17:36	24.17	0.01	23	55591	买盘
14:17:33	24.16	-0.01	17	41072	卖盘
14:17:30	24.17	-0.01	5	12085	中性盘
14:17:27	24.18	0.02	23	55614	买盘
14:17:24	24.16	-0.02	57	137712	卖盘
14:17:18	24.18	--	15	36270	卖盘
14:17:15	24.18	-0.01	10	24180	卖盘
14:17:12	24.19	0.01	24	58056	买盘
14:17:09	24.18	--	11	26598	卖盘
14:17:06	24.18	--	8	19344	卖盘
14:17:03	24.18	--	9	21762	卖盘
14:17:00	24.18	0.01	19	45942	买盘
14:16:57	24.17	--	47	113599	卖盘
14:16:54	24.17	--	47	113599	卖盘
14:16:51	24.17	-0.01	1	2417	卖盘
14:16:48	24.18	0.02	88	212784	买盘
14:16:45	24.16	-0.01	27	65232	卖盘
14:16:42	24.17	0.01	5	12085	中性盘
14:16:39	24.16	--	38	91808	卖盘
14:16:36	24.16	--	38	91808	卖盘
14:16:33	24.16	--	27	65232	卖盘
14:16:30	24.16	--	10	24160	卖盘
14:16:24	24.16	0.02	154	372064	买盘
14:16:21	24.14	--	5	12070	卖盘
14:16:18	24.14	--	19	45866	卖盘
14:16:15	24.14	--	10	24140	卖盘
14:16:12	24.14	-0.01	44	106216	卖盘
14:16:09	24.15	--	35	84525	卖盘
14:16:06	24.15	-0.01	22	53130	卖盘
14:16:03	24.16	0.01	14	33824	卖盘
14:16:00	24.15	-0.03	1	2415	中性盘
14:15:57	24.18	0.04	40	96720	买盘
14:15:54	24.14	--	38	91732	卖盘
14:15:51	24.14	-0.02	20	48280	卖盘
14:15:48	24.16	0.01	23	55568	买盘
14:15:45	24.15	--	81	195615	买盘
14:15:42	24.15	--	11	26565	买盘
14:15:39	24.15	--	3	7245	买盘
14:15:36	24.15	-0.02	535	1294391	卖盘
14:15:33	24.17	--	2	4834	卖盘
14:15:30	24.17	0.01	9	21753	买盘
14:15:27	24.16	--	16	38656	卖盘
14:15:24	24.16	--	58	140128	卖盘
14:15:21	24.16	--	3	7248	卖盘
14:15:18	24.16	--	5	12080	卖盘
14:15:15	24.16	--	29	70064	卖盘
14:15:12	24.16	0.01	179	432464	买盘
14:15:09	24.15	-0.01	25	60375	卖盘
14:15:06	24.16	0.01	38	91808	买盘
14:15:03	24.15	-0.01	53	127994	卖盘
14:15:00	24.16	--	30	72480	买盘
14:14:57	24.16	0.01	40	96640	买盘
14:14:54	24.15	-0.02	331	799365	卖盘
14:14:51	24.17	--	20	48340	买盘
14:14:48	24.17	0.01	44	106348	买盘
14:14:45	24.16	-0.01	110	265760	卖盘
14:14:42	24.17	--	39	94263	卖盘
14:14:39	24.17	-0.01	2	4834	卖盘
14:14:36	24.18	0.01	34	82212	买盘
14:14:33	24.17	0.01	29	70093	买盘
14:14:30	24.16	--	23	55568	卖盘
14:14:27	24.16	-0.01	168	405888	卖盘
14:14:24	24.17	--	32	77344	卖盘
14:14:21	24.17	--	10	24170	卖盘
14:14:18	24.17	--	5	12085	买盘
14:14:15	24.17	0.01	420	1015140	买盘
14:14:12	24.16	-0.01	110	265760	卖盘
14:14:06	24.17	0.01	17	41089	买盘
14:14:00	24.16	-0.02	41	99056	卖盘
14:13:57	24.18	0.02	43	103974	中性盘
14:13:54	24.16	-0.02	36	86976	卖盘
14:13:51	24.18	-0.01	1	3627	卖盘
14:13:48	24.19	0.01	12	29028	买盘
14:13:45	24.18	-0.01	22	53196	卖盘
14:13:42	24.19	--	106	256414	卖盘
14:13:39	24.19	-0.01	15	36285	卖盘
14:13:36	24.2	0.02	14	33880	买盘
14:13:33	24.18	--	22	53196	买盘
14:13:30	24.18	0.03	25	60450	中性盘
14:13:27	24.15	-0.03	500	1207500	卖盘
14:13:24	24.18	-0.01	24	58032	卖盘
14:13:21	24.19	0.01	155	374945	买盘
14:13:18	24.18	0.02	38	91884	买盘
14:13:15	24.16	-0.01	19	45904	卖盘
14:13:12	24.17	0.01	16	38672	中性盘
14:13:09	24.16	-0.02	50	120800	卖盘
14:13:06	24.18	0.02	49	118482	买盘
14:13:00	24.16	--	17	41072	卖盘
14:12:57	24.16	--	50	120800	卖盘
14:12:54	24.16	-0.01	50	120800	卖盘
14:12:51	24.17	-0.01	50	120850	卖盘
14:12:48	24.18	0.01	11	26598	买盘
14:12:45	24.17	-0.02	9	21753	卖盘
14:12:42	24.19	0.02	40	96760	买盘
14:12:39	24.17	-0.02	13	31421	卖盘
14:12:36	24.19	--	13	31447	买盘
14:12:30	24.19	--	66	159654	买盘
14:12:27	24.19	0.03	3	7257	买盘
14:12:24	24.16	-0.03	52	125632	卖盘
14:12:21	24.19	--	5	12095	买盘
14:12:18	24.19	--	17	41123	买盘
14:12:15	24.19	-0.01	17	42332	卖盘
14:12:12	24.2	--	24	59290	买盘
14:12:06	24.2	--	516	1248720	买盘
14:12:03	24.2	0.01	2	4840	买盘
14:12:00	24.19	-0.03	1	2419	卖盘
14:11:57	24.22	0.03	50	121100	买盘
14:11:54	24.19	-0.02	17	41123	卖盘
14:11:51	24.21	--	19	45999	卖盘
14:11:48	24.21	0.02	23	55683	买盘
14:11:45	24.19	0.03	3	7257	买盘
14:11:42	24.16	-0.04	522	1261152	卖盘
14:11:39	24.2	--	13	31460	卖盘
14:11:36	24.2	0.04	35	84700	买盘
14:11:33	24.16	-0.04	17	41072	卖盘
14:11:30	24.2	0.01	31	75020	买盘
14:11:24	24.19	-0.01	17	41123	中性盘
14:11:21	24.2	--	3	7260	买盘
14:11:18	24.2	0.01	531	1285020	买盘
14:11:12	24.19	-0.01	13	31447	卖盘
14:11:09	24.2	-0.02	101	244420	卖盘
14:11:06	24.22	--	13	31486	卖盘
14:11:03	24.22	0.01	110	266420	买盘
14:11:00	24.21	-0.01	13	31473	卖盘
14:10:57	24.22	0.04	49	118678	买盘
14:10:54	24.18	-0.05	42	101556	卖盘
14:10:48	24.23	0.01	8	19384	买盘
14:10:45	24.22	0.01	503	1218266	买盘
14:10:42	24.21	-0.02	37	89577	卖盘
14:10:39	24.23	0.03	33	79959	买盘
14:10:36	24.2	--	110	266200	卖盘
14:10:33	24.2	-0.03	2	4840	卖盘
14:10:30	24.23	--	43	104189	买盘
14:10:27	24.23	0.03	1	2423	买盘
14:10:24	24.2	-0.03	44	106480	卖盘
14:10:18	24.23	0.01	18	43614	买盘
14:10:15	24.22	--	1	2422	卖盘
14:10:12	24.22	0.01	24	58128	中性盘
14:10:09	24.21	-0.01	124	300204	卖盘
14:10:06	24.22	--	35	84770	卖盘
14:10:03	24.22	--	27	65394	卖盘
14:10:00	24.22	--	42	101724	买盘
14:09:57	24.22	--	66	159852	买盘
14:09:54	24.22	0.01	28	67816	买盘
14:09:48	24.21	--	20	48420	卖盘
14:09:42	24.21	-0.01	17	41157	卖盘
14:09:39	24.22	--	19	46018	买盘
14:09:36	24.22	--	112	271264	卖盘
14:09:30	24.22	--	6	14532	卖盘
14:09:27	24.22	--	18	43596	卖盘
14:09:24	24.22	--	21	50862	卖盘
14:09:18	24.22	--	6	14532	卖盘
14:09:15	24.22	0.01	9	21798	买盘
14:09:12	24.21	--	10	24210	卖盘
14:09:09	24.21	-0.01	3	7263	卖盘
14:09:06	24.22	0.01	1	2422	中性盘
14:09:03	24.21	-0.04	9	21789	买盘
14:08:57	24.25	0.05	651	1578675	买盘
14:08:54	24.2	-0.03	114	277090	卖盘
14:08:48	24.23	--	7	16961	卖盘
14:08:45	24.23	--	1	2423	卖盘
14:08:42	24.23	0.02	233	564559	买盘
14:08:39	24.21	--	19	45999	卖盘
14:08:33	24.21	--	7	16947	卖盘
14:08:30	24.21	--	118	286888	卖盘
14:08:24	24.21	--	27	65367	卖盘
14:08:18	24.21	--	2	4842	卖盘
14:08:15	24.21	--	13	31473	卖盘
14:08:12	24.21	--	21	50841	卖盘
14:08:06	24.21	-0.01	4	9684	卖盘
14:08:00	24.22	0.02	20	48440	买盘
14:07:57	24.2	--	47	113740	卖盘
14:07:54	24.2	--	43	104060	卖盘
14:07:51	24.2	-0.01	10	24200	卖盘
14:07:48	24.21	--	2	4842	买盘
14:07:45	24.21	0.01	3	7263	买盘
14:07:42	24.2	--	9	21780	卖盘
14:07:39	24.2	--	13	31460	卖盘
14:07:36	24.2	-0.01	26	62920	卖盘
14:07:33	24.21	--	50	121050	买盘
14:07:30	24.21	0.01	100	242100	买盘
14:07:24	24.2	--	30	72600	卖盘
14:07:21	24.2	--	43	104060	卖盘
14:07:18	24.2	--	21	50820	卖盘
14:07:12	24.2	-0.01	110	266200	卖盘
14:07:09	24.21	0.01	30	72630	买盘
14:07:06	24.2	--	5	12100	卖盘
14:07:00	24.2	--	1	2420	卖盘
14:06:57	24.2	--	73	176660	卖盘
14:06:54	24.2	-0.01	33	79860	卖盘
14:06:48	24.21	0.01	7	18157	买盘
14:06:42	24.2	--	14	33880	卖盘
14:06:39	24.2	--	13	31460	卖盘
14:06:36	24.2	-0.01	20	49610	卖盘
14:06:33	24.21	--	1	2421	买盘
14:06:30	24.21	--	41	99261	买盘
14:06:27	24.21	0.01	12	29052	买盘
14:06:24	24.2	-0.01	86	208120	卖盘
14:06:21	24.21	--	11	26631	买盘
14:06:15	24.21	--	5	12105	买盘
14:06:09	24.21	--	18	44788	卖盘
14:06:06	24.21	--	115	278415	卖盘
14:06:00	24.21	-0.02	37	90787	卖盘
14:05:57	24.23	0.02	40	96920	买盘
14:05:54	24.21	-0.01	20	48420	卖盘
14:05:48	24.22	--	4	9688	买盘
14:05:45	24.22	--	91	221613	卖盘
14:05:42	24.22	--	15	36330	卖盘
14:05:36	24.22	-0.01	12	30275	卖盘
14:05:33	24.23	0.01	3	7269	买盘
14:05:30	24.22	--	28	67816	卖盘
14:05:27	24.22	--	24	58128	卖盘
14:05:24	24.22	0.01	62	150164	中性盘
14:05:12	24.21	-0.01	18	43578	卖盘
14:05:09	24.22	-0.01	3	7266	卖盘
14:05:06	24.23	0.02	9	21807	买盘
14:05:03	24.21	-0.01	36	87156	卖盘
14:05:00	24.22	--	8	19376	买盘
14:04:57	24.22	0.01	41	99302	买盘
14:04:54	24.21	--	20	48420	卖盘
14:04:51	24.21	-0.01	7	16947	卖盘
14:04:48	24.22	--	3	7266	中性盘
14:04:42	24.22	0.01	33	79926	买盘
14:04:39	24.21	--	30	72630	卖盘
14:04:36	24.21	-0.01	2	4842	卖盘
14:04:33	24.22	0.01	3	7266	中性盘
14:04:27	24.21	-0.01	70	169470	卖盘
14:04:24	24.22	-0.01	33	79926	买盘
14:04:18	24.23	0.01	93	225339	买盘
14:04:15	24.22	-0.01	22	53284	卖盘
14:04:12	24.23	0.01	19	46037	买盘
14:04:09	24.22	--	15	36330	卖盘
14:04:03	24.22	0.01	2	4844	卖盘
14:04:00	24.21	-0.02	14	33894	卖盘
14:03:57	24.23	0.02	74	179302	买盘
14:03:54	24.21	-0.02	17	41157	卖盘
14:03:51	24.23	-0.01	6	14538	买盘
14:03:48	24.24	0.01	50	121199	买盘
14:03:45	24.23	--	69	167187	买盘
14:03:42	24.23	-0.01	13	31499	卖盘
14:03:39	24.24	--	16	38784	买盘
14:03:33	24.24	0.01	171	414504	买盘
14:03:30	24.23	--	5	12115	买盘
14:03:27	24.23	-0.01	7	16961	买盘
14:03:24	24.24	0.01	42	101808	买盘
14:03:21	24.23	-0.01	21	50883	卖盘
14:03:18	24.24	0.01	51	123623	买盘
14:03:12	24.23	--	27	65421	卖盘
14:03:06	24.23	--	71	173244	买盘
14:03:00	24.23	0.03	23	55729	买盘
14:02:57	24.2	--	63	152460	卖盘
14:02:54	24.2	-0.02	21	50820	卖盘
14:02:51	24.22	0.02	3	7266	买盘
14:02:48	24.2	--	104	251680	卖盘
14:02:45	24.2	0.01	130	314600	买盘
14:02:42	24.19	--	13	31447	卖盘
14:02:36	24.19	--	17	41123	卖盘
14:02:30	24.19	0.01	2	4838	中性盘
14:02:24	24.18	-0.05	27	65286	卖盘
14:02:21	24.23	--	13	31499	买盘
14:02:15	24.23	0.05	954	2311542	买盘
14:02:12	24.18	--	9	21762	卖盘
14:02:09	24.18	--	1	2418	卖盘
14:02:00	24.18	-0.01	5	12090	卖盘
14:01:57	24.19	0.01	42	101598	买盘
14:01:54	24.18	-0.01	70	169260	卖盘
14:01:51	24.19	0.01	11	26609	买盘
14:01:48	24.18	--	17	41106	卖盘
14:01:45	24.18	--	1	2418	卖盘
14:01:42	24.18	-0.01	9	21762	卖盘
14:01:39	24.19	--	1	2419	买盘
14:01:33	24.19	0.01	2	4838	买盘
14:01:24	24.18	-0.01	79	191022	卖盘
14:01:21	24.19	--	1	2419	卖盘
14:01:18	24.19	-0.01	5	12095	卖盘
14:01:15	24.2	0.01	2	4840	买盘
14:01:12	24.19	--	111	268509	卖盘
14:01:06	24.19	--	25	60475	卖盘
14:01:00	24.19	--	10	24190	卖盘
14:00:57	24.19	0.01	78	188682	中性盘
14:00:54	24.18	-0.01	17	41106	卖盘
14:00:51	24.19	--	3	7257	买盘
14:00:42	24.19	-0.03	8	19352	中性盘
14:00:36	24.22	0.03	302	731444	买盘
14:00:33	24.19	--	99	239481	卖盘
14:00:30	24.19	-0.01	30	72570	卖盘
14:00:27	24.2	--	75	181500	买盘
14:00:24	24.2	0.01	47	113740	买盘
14:00:21	24.19	-0.01	75	181425	卖盘
14:00:18	24.2	0.01	1	2420	买盘
14:00:15	24.19	--	5	12095	卖盘
14:00:12	24.19	-0.01	43	104017	卖盘
14:00:09	24.2	--	7	16940	买盘
14:00:06	24.2	--	98	237160	买盘
13:59:57	24.2	0.02	54	130680	买盘
13:59:54	24.18	-0.02	17	41106	卖盘
13:59:51	24.2	0.02	133	321860	买盘
13:59:48	24.18	--	5	12090	卖盘
13:59:45	24.18	--	5	12090	卖盘
13:59:42	24.18	-0.01	22	53196	卖盘
13:59:39	24.19	--	10	24190	买盘
13:59:36	24.19	0.01	15	36285	买盘
13:59:33	24.18	--	54	130572	卖盘
13:59:30	24.18	--	20	49569	中性盘
13:59:24	24.18	--	18	43524	卖盘
13:59:21	24.18	0.01	6	14508	中性盘
13:59:18	24.17	-0.01	213	514821	卖盘
13:59:15	24.18	--	16	38688	买盘
13:59:12	24.18	--	86	207948	买盘
13:59:09	24.18	0.01	10	24180	买盘
13:59:06	24.17	--	5	12085	卖盘
13:59:03	24.17	-0.01	49	118433	中性盘
13:59:00	24.18	--	10	24180	买盘
13:58:57	24.18	0.02	40	96720	买盘
13:58:54	24.16	-0.01	17	41072	卖盘
13:58:51	24.17	-0.01	54	130518	卖盘
13:58:48	24.18	0.01	3	7254	买盘
13:58:45	24.17	--	2	4834	卖盘
13:58:42	24.17	0.01	61	147437	中性盘
13:58:36	24.16	-0.02	8	19328	卖盘
13:58:33	24.18	0.02	65	157170	买盘
13:58:24	24.16	--	17	41072	卖盘
13:58:21	24.16	--	16	38656	卖盘
13:58:18	24.16	--	4	9664	卖盘
13:58:15	24.16	--	58	140128	卖盘
13:58:12	24.16	--	11	26576	卖盘
13:58:09	24.16	--	5	12080	卖盘
13:58:06	24.16	--	60	144960	卖盘
13:57:57	24.16	--	48	115968	卖盘
13:57:54	24.16	--	26	62816	卖盘
13:57:51	24.16	-0.01	40	96640	卖盘
13:57:48	24.17	0.01	51	123267	买盘
13:57:45	24.16	0.01	5	12080	买盘
13:57:42	24.15	-0.01	13	31394	卖盘
13:57:36	24.16	--	61	147376	买盘
13:57:30	24.16	--	201	486824	卖盘
13:57:24	24.16	--	20	48320	卖盘
13:57:18	24.16	-0.01	42	102680	卖盘
13:57:15	24.17	--	10	24170	卖盘
13:57:12	24.17	--	19	45923	卖盘
13:57:09	24.17	0.01	29	71301	买盘
13:57:06	24.16	-0.02	20	49528	卖盘
13:57:00	24.18	0.02	116	280488	买盘
13:56:57	24.16	--	145	350320	卖盘
13:56:54	24.16	--	64	154624	卖盘
13:56:48	24.16	-0.01	83	200528	卖盘
13:56:45	24.17	0.01	21	50757	买盘
13:56:42	24.16	--	134	323744	卖盘
13:56:36	24.16	--	7	16912	卖盘
13:56:33	24.16	-0.01	33	79728	卖盘
13:56:30	24.17	-0.01	11	26587	买盘
13:56:27	24.18	0.02	8	19344	买盘
13:56:24	24.16	-0.01	42	101472	卖盘
13:56:12	24.17	-0.01	21	50757	卖盘
13:56:09	24.18	-0.02	7	16926	卖盘
13:56:03	24.2	0.04	85	205700	买盘
13:55:57	24.16	-0.04	1050	2536800	卖盘
13:55:54	24.2	0.01	67	162140	买盘
13:55:51	24.19	0.01	5	12095	卖盘
13:55:48	24.18	-0.01	68	164424	卖盘
13:55:45	24.19	--	14	33866	卖盘
13:55:42	24.19	--	11	26609	卖盘
13:55:39	24.19	--	3	8466	卖盘
13:55:36	24.19	--	8	19352	卖盘
13:55:33	24.19	--	62	149978	卖盘
13:55:30	24.19	-0.01	20	48380	卖盘
13:55:27	24.2	0.01	2	4840	买盘
13:55:24	24.19	--	24	58056	卖盘
13:55:18	24.19	-0.02	10	24190	卖盘
13:55:15	24.21	0.02	66	159786	买盘
13:55:12	24.19	-0.01	16	38704	卖盘
13:55:06	24.2	--	412	997040	卖盘
13:55:03	24.2	--	21	50820	卖盘
13:55:00	24.2	-0.01	34	82280	卖盘
13:54:57	24.21	0.01	71	171891	买盘
13:54:54	24.2	-0.01	25	60500	卖盘
13:54:51	24.21	--	52	125892	买盘
13:54:48	24.21	0.01	22	53262	买盘
13:54:45	24.2	--	61	147620	卖盘
13:54:42	24.2	--	29	70180	卖盘
13:54:39	24.2	--	2	4840	卖盘
13:54:36	24.2	--	37	89540	买盘
13:54:33	24.2	-0.01	2	4840	卖盘
13:54:30	24.21	0.02	48	116208	买盘
13:54:27	24.19	--	8	19352	卖盘
13:54:24	24.19	-0.01	49	119740	卖盘
13:54:21	24.2	--	69	168190	卖盘
13:54:18	24.2	--	9	21780	卖盘
13:54:15	24.2	--	25	60500	卖盘
13:54:12	24.2	0.01	34	83490	买盘
13:54:09	24.19	-0.01	54	131835	卖盘
13:54:03	24.2	--	4	9680	卖盘
13:54:00	24.2	0.01	292	707850	买盘
13:53:57	24.19	0.01	70	169330	买盘
13:53:54	24.18	-0.01	30	72540	卖盘
13:53:51	24.19	--	25	60475	卖盘
13:53:48	24.19	--	37	89503	卖盘
13:53:45	24.19	0.02	100	243109	买盘
13:53:42	24.17	-0.01	20	48340	卖盘
13:53:39	24.18	--	26	62868	卖盘
13:53:36	24.18	--	320	773760	卖盘
13:53:33	24.18	--	27	65286	卖盘
13:53:27	24.18	--	15	36270	卖盘
13:53:24	24.18	--	17	41106	卖盘
13:53:21	24.18	--	1	2418	卖盘
13:53:18	24.18	--	17	41106	卖盘
13:53:15	24.18	--	114	275652	买盘
13:53:12	24.18	0.01	117	282906	买盘
13:53:09	24.17	-0.01	26	62842	卖盘
13:53:06	24.18	0.01	16	38688	买盘
13:53:03	24.17	-0.01	16	38672	卖盘
13:53:00	24.18	--	2	4836	买盘
13:52:57	24.18	0.01	64	154752	买盘
13:52:54	24.17	--	33	79761	卖盘
13:52:51	24.17	--	11	27795	卖盘
13:52:48	24.17	--	2	4834	卖盘
13:52:45	24.17	0.01	69	166773	买盘
13:52:42	24.16	-0.01	85	205360	卖盘
13:52:39	24.17	0.01	162	391554	买盘
13:52:36	24.16	--	54	130464	卖盘
13:52:33	24.16	--	25	60400	卖盘
13:52:30	24.16	--	11	26576	卖盘
13:52:27	24.16	--	10	24160	卖盘
13:52:24	24.16	0.01	84	202944	买盘
13:52:21	24.15	-0.01	108	262075	卖盘
13:52:18	24.16	0.01	29	70064	买盘
13:52:15	24.15	--	24	57960	卖盘
13:52:12	24.15	-0.01	19	45885	卖盘
13:52:09	24.16	--	10	24160	买盘
13:52:00	24.16	0.01	10	24160	中性盘
13:51:57	24.15	-0.01	243	586845	卖盘
13:51:54	24.16	--	17	41072	卖盘
13:51:51	24.16	-0.01	20	48320	卖盘
13:51:48	24.17	0.01	9	21753	买盘
13:51:45	24.16	--	4	9664	卖盘
13:51:42	24.16	-0.02	19	45904	卖盘
13:51:39	24.18	--	43	103974	买盘
13:51:36	24.18	0.01	5	12090	中性盘
13:51:27	24.17	-0.01	147	355299	卖盘
13:51:24	24.18	-0.01	18	43524	卖盘
13:51:21	24.19	0.01	10	24190	买盘
13:51:18	24.18	-0.01	122	294996	卖盘
13:51:15	24.19	--	11	26609	卖盘
13:51:12	24.19	--	146	353174	卖盘
13:51:09	24.19	-0.01	67	162073	卖盘
13:51:06	24.2	0.01	2	4840	买盘
13:51:03	24.19	--	6	14514	卖盘
13:51:00	24.19	-0.01	18	43542	卖盘
13:50:57	24.2	--	50	122161	卖盘
13:50:54	24.2	--	132	319440	卖盘
13:50:51	24.2	--	1	2420	卖盘
13:50:42	24.2	--	19	45980	卖盘
13:50:39	24.2	-0.01	3	7260	卖盘
13:50:36	24.21	--	103	249363	卖盘
13:50:30	24.21	--	23	55683	卖盘
13:50:27	24.21	--	31	75051	卖盘
13:50:24	24.21	-0.01	67	162207	卖盘
13:50:21	24.22	--	4	9688	买盘
13:50:18	24.22	0.01	53	128366	买盘
13:50:12	24.21	-0.01	20	48420	卖盘
13:50:09	24.22	0.01	63	152586	买盘
13:50:06	24.21	-0.01	96	233626	卖盘
13:50:03	24.22	-0.01	200	484400	卖盘
13:50:00	24.23	0.01	34	83593	买盘
13:49:57	24.22	--	58	140476	卖盘
13:49:54	24.22	--	25	60550	卖盘
13:49:51	24.22	--	103	249466	卖盘
13:49:48	24.22	--	14	33908	卖盘
13:49:45	24.22	--	39	94458	卖盘
13:49:42	24.22	--	40	96880	卖盘
13:49:39	24.22	--	8	19376	卖盘
13:49:36	24.22	--	5	12110	卖盘
13:49:30	24.22	--	47	113834	卖盘
13:49:27	24.22	--	28	67816	卖盘
13:49:24	24.22	-0.01	60	145320	卖盘
13:49:18	24.23	0.01	32	77536	买盘
13:49:15	24.22	-0.01	1	2422	卖盘
13:49:12	24.23	-0.02	10	24230	中性盘
13:49:03	24.25	--	80	194000	买盘
13:49:00	24.25	--	23	55775	买盘
13:48:57	24.25	0.02	40	97000	买盘
13:48:54	24.23	-0.02	17	41191	卖盘
13:48:51	24.25	0.02	21	50925	买盘
13:48:48	24.23	-0.01	13	31499	卖盘
13:48:45	24.24	--	13	31511	卖盘
13:48:42	24.24	-0.01	22	53328	卖盘
13:48:39	24.25	--	55	133375	卖盘
13:48:36	24.25	--	53	128525	卖盘
13:48:33	24.25	--	43	104275	卖盘
13:48:30	24.25	--	32	77600	卖盘
13:48:27	24.25	--	113	274025	卖盘
13:48:24	24.25	--	41	99425	卖盘
13:48:21	24.25	--	25	60625	卖盘
13:48:18	24.25	--	6	14550	卖盘
13:48:15	24.25	--	11	26675	卖盘
13:48:12	24.25	-0.01	29	70325	卖盘
13:48:09	24.26	--	22	53372	买盘
13:48:03	24.26	0.01	2	4852	买盘
13:48:00	24.25	--	13	31525	卖盘
13:47:57	24.25	-0.01	47	115308	卖盘
13:47:54	24.26	--	51	123726	卖盘
13:47:51	24.26	--	14	33964	卖盘
13:47:48	24.26	--	112	271712	卖盘
13:47:45	24.26	--	39	94614	卖盘
13:47:42	24.26	--	15	36390	卖盘
13:47:39	24.26	--	10	24260	卖盘
13:47:36	24.26	--	31	75206	卖盘
13:47:33	24.26	--	48	116448	卖盘
13:47:30	24.26	--	13	31538	卖盘
13:47:27	24.26	--	195	473070	卖盘
13:47:24	24.26	--	60	145560	卖盘
13:47:21	24.26	-0.01	13	31538	卖盘
13:47:18	24.27	--	4	9708	买盘
13:47:15	24.27	0.01	6	14562	买盘
13:47:12	24.26	--	18	43668	卖盘
13:47:06	24.26	-0.01	30	72780	卖盘
13:47:03	24.27	--	1	2427	卖盘
13:47:00	24.27	-0.01	14	33978	卖盘
13:46:57	24.28	0.01	82	199096	买盘
13:46:54	24.27	--	50	121350	卖盘
13:46:48	24.27	--	29	70383	卖盘
13:46:45	24.27	--	13	31551	卖盘
13:46:42	24.27	0.01	149	362836	买盘
13:46:39	24.26	-0.01	43	104318	卖盘
13:46:36	24.27	0.01	16	38832	买盘
13:46:33	24.26	--	1	2426	卖盘
13:46:30	24.26	-0.01	2	4852	卖盘
13:46:27	24.27	0.01	7	16989	买盘
13:46:24	24.26	--	19	46094	卖盘
13:46:18	24.26	-0.01	26	63076	卖盘
13:46:15	24.27	0.01	6	14562	买盘
13:46:12	24.26	--	10	24260	卖盘
13:46:06	24.26	-0.02	12	29112	卖盘
13:46:03	24.28	0.02	25	60700	买盘
13:46:00	24.26	--	10	24260	卖盘
13:45:57	24.26	--	55	133430	卖盘
13:45:54	24.26	--	17	41242	卖盘
13:45:51	24.26	0.01	17	42333	买盘
13:45:48	24.25	--	37	89725	卖盘
13:45:42	24.25	-0.01	86	208550	卖盘
13:45:36	24.26	--	22	53372	买盘
13:45:33	24.26	--	10	24260	买盘
13:45:27	24.26	--	8	20742	卖盘
13:45:24	24.26	--	17	41242	卖盘
13:45:21	24.26	--	5	13221	卖盘
13:45:18	24.26	--	5	12130	卖盘
13:45:15	24.26	--	32	77632	卖盘
13:45:12	24.26	-0.02	15	36390	卖盘
13:45:09	24.28	0.02	173	420044	买盘
13:45:06	24.26	--	22	53372	卖盘
13:45:03	24.26	--	126	305676	卖盘
13:44:57	24.26	-0.02	84	203784	卖盘
13:44:54	24.28	0.02	51	123828	买盘
13:44:48	24.26	--	3	7278	卖盘
13:44:45	24.26	-0.02	5	12130	卖盘
13:44:42	24.28	--	80	194240	买盘
13:44:33	24.28	--	33	80124	买盘
13:44:30	24.28	--	12	29136	卖盘
13:44:27	24.28	0.02	2	4856	卖盘
13:44:24	24.26	--	41	99466	卖盘
13:44:21	24.26	-0.02	30	72780	卖盘
13:44:18	24.28	--	120	291360	买盘
13:44:15	24.28	0.02	68	165104	买盘
13:44:12	24.26	-0.02	9	21834	卖盘
13:44:09	24.28	--	50	121400	买盘
13:44:06	24.28	0.02	68	165104	买盘
13:44:00	24.26	-0.02	10	24260	卖盘
13:43:57	24.28	--	3	7284	买盘
13:43:54	24.28	0.02	67	162676	买盘
13:43:51	24.26	--	15	36390	卖盘
13:43:48	24.26	0.01	12	29112	中性盘
13:43:42	24.25	--	35	84875	卖盘
13:43:39	24.25	-0.03	40	97000	卖盘
13:43:36	24.28	--	50	121400	买盘
13:43:33	24.28	--	156	378768	卖盘
13:43:30	24.28	0.03	10	24280	中性盘
13:43:27	24.25	-0.04	13	31525	卖盘
13:43:24	24.29	0.01	127	308483	买盘
13:43:21	24.28	0.02	9	21852	卖盘
13:43:18	24.26	0.01	410	994660	买盘
13:43:12	24.25	--	37	90937	卖盘
13:43:09	24.25	-0.01	44	107912	卖盘
13:43:06	24.26	--	77	186802	买盘
13:43:03	24.26	0.03	100	242600	买盘
13:43:00	24.23	-0.02	34	82382	卖盘
13:42:57	24.25	--	13	31525	卖盘
13:42:54	24.25	0.02	330	800250	买盘
13:42:51	24.23	--	4	9692	卖盘
13:42:48	24.23	-0.02	2	4846	卖盘
13:42:45	24.25	0.02	20	48500	买盘
13:42:42	24.23	-0.02	26	62998	卖盘
13:42:39	24.25	0.02	89	215825	买盘
13:42:36	24.23	--	7	16961	卖盘
13:42:33	24.23	--	7	16961	中性盘
13:42:27	24.23	--	380	920740	卖盘
13:42:24	24.23	--	42	101766	卖盘
13:42:21	24.23	--	16	38768	卖盘
13:42:15	24.23	--	20	48460	买盘
13:42:12	24.23	0.01	51	123573	买盘
13:42:09	24.22	--	22	53284	卖盘
13:42:06	24.22	--	59	142898	卖盘
13:42:03	24.22	-0.01	103	249466	卖盘
13:42:00	24.23	--	175	424025	买盘
13:41:54	24.23	0.01	77	186571	买盘
13:41:51	24.22	--	4	9688	卖盘
13:41:45	24.22	-0.01	242	586124	卖盘
13:41:42	24.23	--	12	29076	卖盘
13:41:39	24.23	--	337	816551	买盘
13:41:36	24.23	--	6	14538	买盘
13:41:33	24.23	--	25	61786	卖盘
13:41:30	24.23	0.01	124	301663	买盘
13:41:27	24.22	--	77	186494	卖盘
13:41:24	24.22	-0.01	44	106568	卖盘
13:41:18	24.23	--	13	31499	买盘
13:41:12	24.23	--	17	41191	买盘
13:41:09	24.23	0.01	4	9692	买盘
13:41:03	24.22	-0.01	137	331814	卖盘
13:41:00	24.23	--	7	18172	卖盘
13:40:54	24.23	--	17	41191	卖盘
13:40:51	24.23	-0.01	50	121150	卖盘
13:40:48	24.24	--	14	33936	买盘
13:40:45	24.24	-0.01	9	21816	买盘
13:40:42	24.25	0.02	44	106700	买盘
13:40:39	24.23	-0.02	50	121150	卖盘
13:40:36	24.25	0.01	324	785700	买盘
13:40:33	24.24	0.01	97	235127	买盘
13:40:27	24.23	--	15	37556	卖盘
13:40:24	24.23	--	43	104189	卖盘
13:40:21	24.23	--	51	123573	卖盘
13:40:18	24.23	--	20	48460	卖盘
13:40:15	24.23	0.02	28	67844	中性盘
13:40:12	24.21	-0.01	15	36315	卖盘
13:40:09	24.22	-0.01	316	765352	卖盘
13:40:06	24.23	0.01	57	138111	买盘
13:40:03	24.22	-0.01	9	21798	中性盘
13:40:00	24.23	0.01	103	249569	买盘
13:39:57	24.22	-0.01	83	201026	卖盘
13:39:54	24.23	--	20	48460	买盘
13:39:51	24.23	0.01	50	121150	买盘
13:39:45	24.22	--	11	26642	卖盘
13:39:42	24.22	--	9	21798	卖盘
13:39:39	24.22	--	3	7266	卖盘
13:39:36	24.22	0.01	35	84770	买盘
13:39:33	24.21	-0.01	28	67788	卖盘
13:39:30	24.22	0.01	10	24220	买盘
13:39:27	24.21	--	20	48420	卖盘
13:39:24	24.21	-0.01	35	84735	卖盘
13:39:21	24.22	--	14	33908	买盘
13:39:15	24.22	--	10	24220	买盘
13:39:12	24.22	--	51	123522	买盘
13:39:09	24.22	0.01	70	169540	买盘
13:39:06	24.21	--	20	48420	买盘
13:39:00	24.21	0.01	24	58104	买盘
13:38:54	24.2	-0.01	36	87120	卖盘
13:38:51	24.21	0.01	122	296620	买盘
13:38:45	24.2	0.01	408	987360	买盘
13:38:42	24.19	--	19	45961	卖盘
13:38:39	24.19	-0.01	119	287861	卖盘
13:38:36	24.2	0.01	10	24200	买盘
13:38:33	24.19	--	4	9676	卖盘
13:38:27	24.19	--	10	24190	卖盘
13:38:24	24.19	0.01	90	218919	买盘
13:38:21	24.18	--	2	4836	卖盘
13:38:15	24.18	-0.01	1	2418	卖盘
13:38:12	24.19	0.01	24	58056	买盘
13:38:09	24.18	--	10	24180	卖盘
13:38:06	24.18	--	52	125736	买盘
13:38:03	24.18	0.01	283	684559	买盘
13:37:57	24.17	--	106	256202	卖盘
13:37:54	24.17	--	44	106348	卖盘
13:37:51	24.17	--	11	26587	卖盘
13:37:48	24.17	--	3	7251	买盘
13:37:45	24.17	0.01	46	111182	买盘
13:37:42	24.16	-0.01	13	31408	卖盘
13:37:39	24.17	0.01	26	62842	买盘
13:37:36	24.16	-0.01	50	120800	卖盘
13:37:33	24.17	0.01	63	152271	买盘
13:37:30	24.16	--	41	99056	卖盘
13:37:24	24.16	--	20	48320	卖盘
13:37:21	24.16	-0.01	76	183616	卖盘
13:37:18	24.17	-0.01	13	31421	卖盘
13:37:15	24.18	0.02	30	72540	买盘
13:37:12	24.16	--	10	24160	卖盘
13:37:09	24.16	--	228	550848	卖盘
13:37:06	24.16	-0.01	12	28992	卖盘
13:37:03	24.17	0.01	36	87012	买盘
13:37:00	24.16	-0.01	12	28992	卖盘
13:36:57	24.17	0.01	29	70093	买盘
13:36:54	24.16	--	21	50736	买盘
13:36:51	24.16	--	17	41072	卖盘
13:36:48	24.16	--	89	215024	卖盘
13:36:42	24.16	--	9	21744	卖盘
13:36:39	24.16	0.01	69	166704	买盘
13:36:36	24.15	--	48	115920	卖盘
13:36:33	24.15	--	11	26565	买盘
13:36:30	24.15	0.01	5	12075	买盘
13:36:27	24.14	--	15	36210	卖盘
13:36:24	24.14	--	34	83886	卖盘
13:36:21	24.14	-0.01	54	131563	卖盘
13:36:18	24.15	0.01	18	43470	买盘
13:36:15	24.14	0.01	36	86904	中性盘
13:36:12	24.13	-0.01	126	304038	卖盘
13:36:09	24.14	--	5	12070	卖盘
13:36:06	24.14	0.01	29	70006	买盘
13:36:03	24.13	--	296	714248	卖盘
13:36:00	24.13	--	51	123063	卖盘
13:35:57	24.13	--	5	12065	卖盘
13:35:54	24.13	--	31	74803	卖盘
13:35:51	24.13	--	30	72390	卖盘
13:35:48	24.13	--	6	14478	卖盘
13:35:45	24.13	0.01	40	96520	买盘
13:35:42	24.12	--	23	55476	卖盘
13:35:39	24.12	-0.01	50	120600	卖盘
13:35:36	24.13	-0.01	12	28956	卖盘
13:35:33	24.14	0.01	23	55522	买盘
13:35:30	24.13	--	41	98933	买盘
13:35:27	24.13	0.01	57	137541	买盘
13:35:24	24.12	-0.01	17	41004	卖盘
13:35:21	24.13	--	50	120650	买盘
13:35:18	24.13	--	121	291973	卖盘
13:35:15	24.13	--	22	53086	买盘
13:35:12	24.13	-0.02	38	91694	卖盘
13:35:09	24.15	0.02	11	26565	买盘
13:35:06	24.13	-0.02	52	125476	卖盘
13:35:03	24.15	--	10	24150	买盘
13:35:00	24.15	--	45	108675	买盘
13:34:57	24.15	0.02	5	12075	买盘
13:34:54	24.13	-0.02	105	253365	卖盘
13:34:51	24.15	-0.01	42	101430	卖盘
13:34:48	24.16	--	37	89392	买盘
13:34:45	24.16	0.01	24	57984	买盘
13:34:42	24.15	-0.01	9	21735	卖盘
13:34:39	24.16	--	22	54360	卖盘
13:34:33	24.16	--	57	138920	卖盘
13:34:30	24.16	--	57	137712	卖盘
13:34:27	24.16	--	30	72480	卖盘
13:34:24	24.16	-0.01	46	111136	卖盘
13:34:18	24.17	--	5	12085	买盘
13:34:15	24.17	--	31	74927	卖盘
13:34:12	24.17	--	41	99097	卖盘
13:34:06	24.17	-0.01	32	77344	卖盘
13:34:03	24.18	0.01	10	24180	买盘
13:34:00	24.17	-0.01	14	33838	卖盘
13:33:57	24.18	0.01	2	4836	买盘
13:33:54	24.17	-0.01	32	77344	卖盘
13:33:48	24.18	-0.01	45	108810	中性盘
13:33:45	24.19	--	15	36285	买盘
13:33:42	24.19	0.01	48	116112	买盘
13:33:39	24.18	--	14	33852	卖盘
13:33:36	24.18	--	3	7254	卖盘
13:33:33	24.18	--	101	244218	卖盘
13:33:30	24.18	--	77	186186	卖盘
13:33:24	24.18	-0.01	27	65286	卖盘
13:33:21	24.19	0.01	40	96760	买盘
13:33:18	24.18	--	40	96720	卖盘
13:33:15	24.18	--	3	7254	卖盘
13:33:12	24.18	--	9	21762	卖盘
13:33:09	24.18	-0.01	45	108810	卖盘
13:33:03	24.19	--	52	125788	卖盘
13:33:00	24.19	--	13	31447	卖盘
13:32:57	24.19	--	13	31447	卖盘
13:32:54	24.19	--	42	101598	卖盘
13:32:45	24.19	--	9	21771	卖盘
13:32:42	24.19	-0.01	19	45961	中性盘
13:32:36	24.2	0.01	77	186340	买盘
13:32:33	24.19	--	29	70151	买盘
13:32:30	24.19	--	1	2419	买盘
13:32:24	24.19	--	27	65313	买盘
13:32:21	24.19	-0.01	45	110016	卖盘
13:32:18	24.2	0.01	17	41140	买盘
13:32:15	24.19	-0.01	106	256414	卖盘
13:32:12	24.2	0.01	15	36300	买盘
13:32:09	24.19	-0.02	13	31447	卖盘
13:32:06	24.21	0.01	312	755352	买盘
13:31:57	24.2	0.01	3	7260	买盘
13:31:54	24.19	-0.01	20	48380	卖盘
13:31:51	24.2	--	60	145200	买盘
13:31:45	24.2	--	61	147620	买盘
13:31:42	24.2	-0.01	95	229900	卖盘
13:31:39	24.21	0.01	2	4842	买盘
13:31:36	24.2	-0.01	19	45980	卖盘
13:31:33	24.21	0.01	22	53262	买盘
13:31:30	24.2	-0.01	4	9680	卖盘
13:31:27	24.21	0.01	13	31473	买盘
13:31:24	24.2	-0.01	17	41140	卖盘
13:31:21	24.21	0.01	1	2421	买盘
13:31:18	24.2	--	158	382360	卖盘
13:31:15	24.2	--	6	14520	卖盘
13:31:12	24.2	-0.01	14	33880	卖盘
13:31:09	24.21	0.01	24	58104	买盘
13:31:06	24.2	--	10	24200	卖盘
13:30:57	24.2	-0.01	104	251680	卖盘
13:30:54	24.21	0.01	62	150102	买盘
13:30:51	24.2	--	1	2420	卖盘
13:30:48	24.2	--	30	72600	卖盘
13:30:45	24.2	-0.01	35	84700	卖盘
13:30:42	24.21	--	10	24210	买盘
13:30:39	24.21	0.01	10	24210	买盘
13:30:36	24.2	-0.02	6	14520	卖盘
13:30:30	24.22	--	5	12110	买盘
13:30:27	24.22	0.02	138	334236	买盘
13:30:24	24.2	-0.01	28	67760	卖盘
13:30:21	24.21	-0.01	28	68393	卖盘
13:30:18	24.22	0.01	41	99302	买盘
13:30:15	24.21	--	1	2421	卖盘
13:30:12	24.21	--	30	72630	卖盘
13:30:09	24.21	--	55	133155	卖盘
13:30:06	24.21	--	66	160996	卖盘
13:30:03	24.21	--	111	268731	卖盘
13:30:00	24.21	--	30	72630	卖盘
13:29:57	24.21	--	0	1815	卖盘
13:29:54	24.21	-0.01	18	43578	卖盘
13:29:51	24.22	0.01	2	4844	买盘
13:29:45	24.21	--	11	26631	卖盘
13:29:42	24.21	0.01	66	160996	买盘
13:29:39	24.2	--	29	70180	卖盘
13:29:36	24.2	--	100	242000	卖盘
13:29:33	24.2	--	53	128260	卖盘
13:29:30	24.2	--	178	430760	卖盘
13:29:27	24.2	--	16	38720	卖盘
13:29:24	24.2	--	22	53240	卖盘
13:29:21	24.2	--	93	225060	买盘
13:29:18	24.2	--	35	84700	卖盘
13:29:15	24.2	--	6	14520	卖盘
13:29:12	24.2	--	20	48400	卖盘
13:29:09	24.2	--	14	33880	卖盘
13:29:06	24.2	--	10	24248	卖盘
13:29:03	24.2	0.01	54	130680	买盘
13:29:00	24.19	--	10	24190	卖盘
13:28:57	24.19	--	16	38704	卖盘
13:28:54	24.19	-0.01	23	55637	卖盘
13:28:51	24.2	--	241	584430	买盘
13:28:48	24.2	--	47	114950	卖盘
13:28:45	24.2	--	64	154880	卖盘
13:28:42	24.2	--	22	53240	卖盘
13:28:39	24.2	--	14	33880	卖盘
13:28:36	24.2	--	24	58080	卖盘
13:28:33	24.2	--	11	26620	卖盘
13:28:30	24.2	-0.01	26	62920	卖盘
13:28:27	24.21	0.01	59	142839	买盘
13:28:24	24.2	--	26	62920	卖盘
13:28:21	24.2	-0.01	3	7260	卖盘
13:28:18	24.21	--	20	48420	买盘
13:28:15	24.21	--	3	7263	买盘
13:28:12	24.21	--	11	26631	买盘
13:28:06	24.21	--	35	84735	买盘
13:28:03	24.21	--	254	616144	卖盘
13:28:00	24.21	--	12	29052	卖盘
13:27:57	24.21	-0.01	55	133155	卖盘
13:27:54	24.22	--	17	41174	卖盘
13:27:51	24.22	--	9	21798	买盘
13:27:48	24.22	0.01	8	19376	中性盘
13:27:45	24.21	--	80	194890	卖盘
13:27:42	24.21	-0.01	10	24210	卖盘
13:27:39	24.22	0.01	11	26642	中性盘
13:27:36	24.21	-0.01	48	116208	卖盘
13:27:33	24.22	--	38	92036	卖盘
13:27:30	24.22	--	18	43596	卖盘
13:27:27	24.22	0.01	200	484400	买盘
13:27:24	24.21	--	44	106524	卖盘
13:27:21	24.21	-0.01	31	75051	卖盘
13:27:18	24.22	--	15	36330	买盘
13:27:15	24.22	0.01	6	14532	买盘
13:27:12	24.21	-0.01	26	62946	卖盘
13:27:09	24.22	--	112	271264	买盘
13:27:06	24.22	0.01	50	121100	买盘
13:27:03	24.21	-0.01	73	176733	卖盘
13:27:00	24.22	0.01	14	33908	买盘
13:26:57	24.21	--	437	1057977	卖盘
13:26:54	24.21	-0.01	52	125892	卖盘
13:26:51	24.22	--	142	343924	买盘
13:26:48	24.22	0.01	103	249466	买盘
13:26:45	24.21	--	1	2421	卖盘
13:26:42	24.21	--	10	24210	卖盘
13:26:39	24.21	--	5	12105	卖盘
13:26:36	24.21	--	87	210627	买盘
13:26:33	24.21	--	7	16947	买盘
13:26:30	24.21	0.01	91	220311	买盘
13:26:27	24.2	-0.01	36	87120	卖盘
13:26:24	24.21	--	98	237258	买盘
13:26:21	24.21	--	83	200943	买盘
13:26:18	24.21	0.01	104	251784	买盘
13:26:15	24.2	-0.01	64	154880	卖盘
13:26:12	24.21	0.01	91	220311	中性盘
13:26:09	24.2	-0.01	83	202070	卖盘
13:26:06	24.21	0.01	93	225153	买盘
13:26:03	24.2	--	75	181500	卖盘
13:26:00	24.2	--	44	106480	卖盘
13:25:57	24.2	--	41	99220	卖盘
13:25:54	24.2	--	41	99220	卖盘
13:25:51	24.2	--	23	55660	卖盘
13:25:48	24.2	-0.01	20	48400	买盘
13:25:45	24.21	0.01	39	94419	买盘
13:25:42	24.2	-0.01	36	87120	中性盘
13:25:39	24.21	0.01	92	222732	买盘
13:25:36	24.2	--	36	87120	买盘
13:25:33	24.2	-0.02	43	104060	卖盘
13:25:30	24.22	0.02	445	1077790	买盘
13:25:27	24.2	-0.01	50	121000	卖盘
13:25:24	24.21	0.01	120	290520	中性盘
13:25:21	24.2	-0.01	121	292820	卖盘
13:25:18	24.21	0.01	23	55683	买盘
13:25:15	24.2	--	36	87120	卖盘
13:25:12	24.2	--	53	128260	卖盘
13:25:09	24.2	--	148	358160	卖盘
13:25:06	24.2	--	253	612260	卖盘
13:25:03	24.2	--	42	101640	卖盘
13:25:00	24.2	--	44	106480	卖盘
13:24:57	24.2	--	13	31460	卖盘
13:24:54	24.2	-0.01	64	154880	卖盘
13:24:51	24.21	0.01	70	169470	买盘
13:24:48	24.2	-0.01	96	232320	卖盘
13:24:45	24.21	--	11	26631	买盘
13:24:42	24.21	--	108	261468	卖盘
13:24:36	24.21	--	5	12105	卖盘
13:24:33	24.21	--	20	48420	卖盘
13:24:30	24.21	--	42	101682	卖盘
13:24:27	24.21	-0.01	50	121050	卖盘
13:24:24	24.22	--	75	181650	买盘
13:24:21	24.22	0.01	58	140476	买盘
13:24:18	24.21	-0.01	138	334098	卖盘
13:24:15	24.22	-0.01	6	14532	卖盘
13:24:12	24.23	--	39	94497	买盘
13:24:09	24.23	0.01	13	31499	买盘
13:24:06	24.22	-0.01	190	460180	卖盘
13:24:03	24.23	--	35	84805	卖盘
13:24:00	24.23	--	18	43614	买盘
13:23:54	24.23	--	21	50883	卖盘
13:23:51	24.23	--	99	239877	卖盘
13:23:48	24.23	--	19	46037	卖盘
13:23:45	24.23	--	25	60575	卖盘
13:23:42	24.23	--	74	179302	卖盘
13:23:39	24.23	-0.02	4	9692	卖盘
13:23:36	24.25	0.01	220	533500	买盘
13:23:30	24.24	--	10	24240	买盘
13:23:27	24.24	-0.01	431	1044743	卖盘
13:23:24	24.25	--	30	72750	卖盘
13:23:21	24.25	-0.01	38	92150	卖盘
13:23:18	24.26	-0.01	130	315380	买盘
13:23:12	24.27	0.01	209	507243	买盘
13:23:06	24.26	--	3	8491	卖盘
13:23:03	24.26	--	280	679280	卖盘
13:23:00	24.26	-0.01	18	43668	卖盘
13:22:57	24.27	0.01	344	834888	买盘
13:22:54	24.26	--	191	463366	卖盘
13:22:51	24.26	--	74	179524	卖盘
13:22:48	24.26	--	5	12130	卖盘
13:22:45	24.26	--	28	67928	卖盘
13:22:42	24.26	--	20	48520	卖盘
13:22:39	24.26	--	226	548276	卖盘
13:22:36	24.26	--	25	60650	卖盘
13:22:33	24.26	-0.01	9	21834	卖盘
13:22:30	24.27	--	213	516951	买盘
13:22:27	24.27	0.01	1	2427	买盘
13:22:24	24.26	--	21	50946	卖盘
13:22:21	24.26	-0.01	53	128578	卖盘
13:22:18	24.27	--	31	75237	卖盘
13:22:15	24.27	--	40	97080	卖盘
13:22:12	24.27	--	264	640728	买盘
13:22:09	24.27	0.01	20	48540	买盘
13:22:06	24.26	--	20	48520	卖盘
13:22:03	24.26	--	15	36390	卖盘
13:22:00	24.26	-0.01	26	63076	卖盘
13:21:57	24.27	0.01	3	7281	买盘
13:21:54	24.26	--	34	82484	卖盘
13:21:51	24.26	-0.01	2007	4868982	卖盘
13:21:48	24.27	--	25	60675	买盘
13:21:45	24.27	--	42	101934	买盘
13:21:42	24.27	--	147	356769	卖盘
13:21:39	24.27	--	38	92226	卖盘
13:21:36	24.27	--	65	157755	卖盘
13:21:33	24.27	--	61	148047	卖盘
13:21:30	24.27	--	58	140766	卖盘
13:21:27	24.27	0.01	195	473265	买盘
13:21:24	24.26	-0.01	67	162542	卖盘
13:21:21	24.27	0.01	135	327645	买盘
13:21:18	24.26	--	530	1285780	卖盘
13:21:15	24.26	-0.01	162	393012	卖盘
13:21:12	24.27	0.01	30	72810	买盘
13:21:09	24.26	--	95	230470	卖盘
13:21:06	24.26	--	6	14556	卖盘
13:21:03	24.26	-0.01	70	169820	卖盘
13:20:54	24.27	--	88	213576	卖盘
13:20:51	24.27	--	10	24270	卖盘
13:20:45	24.27	-0.01	122	296094	卖盘
13:20:42	24.28	--	110	267080	买盘
13:20:39	24.28	0.01	62	150536	买盘
13:20:36	24.27	--	16	38832	卖盘
13:20:33	24.27	--	26	63102	卖盘
13:20:30	24.27	-0.01	57	138339	卖盘
13:20:27	24.28	0.01	22	53416	买盘
13:20:24	24.27	--	132	320364	卖盘
13:20:21	24.27	-0.01	14	33978	卖盘
13:20:18	24.28	--	14	33992	买盘
13:20:15	24.28	0.01	1	2428	买盘
13:20:12	24.27	-0.01	30	72810	卖盘
13:20:09	24.28	-0.01	1	2428	买盘
13:20:06	24.29	--	2	4858	买盘
13:20:00	24.29	--	106	257474	买盘
13:19:57	24.29	0.01	101	246543	买盘
13:19:54	24.28	-0.01	31	75268	卖盘
13:19:51	24.29	0.01	12	29148	买盘
13:19:48	24.28	--	14	33992	卖盘
13:19:45	24.28	-0.01	33	80124	卖盘
13:19:42	24.29	0.01	46	112948	中性盘
13:19:36	24.28	-0.01	185	449180	卖盘
13:19:33	24.29	--	17	41293	买盘
13:19:30	24.29	--	26	63154	买盘
13:19:27	24.29	--	7	17003	买盘
13:19:24	24.29	--	96	233184	买盘
13:19:21	24.29	--	45	109305	买盘
13:19:18	24.29	--	7	17003	买盘
13:19:12	24.29	--	17	41293	买盘
13:19:09	24.29	--	100	242900	卖盘
13:19:06	24.29	--	12	29148	卖盘
13:19:03	24.29	-0.01	24	58296	卖盘
13:19:00	24.3	0.01	28	68040	买盘
13:18:57	24.29	-0.01	8	19432	卖盘
13:18:54	24.3	--	42	102060	买盘
13:18:51	24.3	--	20	48600	买盘
13:18:48	24.3	0.01	73	177390	买盘
13:18:45	24.29	-0.01	64	155456	卖盘
13:18:42	24.3	0.01	11	26730	买盘
13:18:39	24.29	--	14	34006	卖盘
13:18:36	24.29	--	60	145740	卖盘
13:18:33	24.29	0.01	52	126308	买盘
13:18:30	24.28	-0.01	24	58272	卖盘
13:18:27	24.29	0.01	60	145740	买盘
13:18:24	24.28	--	61	148108	卖盘
13:18:21	24.28	--	39	94692	卖盘
13:18:18	24.28	--	22	53416	卖盘
13:18:15	24.28	--	41	99548	卖盘
13:18:12	24.28	--	130	315640	买盘
13:18:09	24.28	0.01	135	327780	买盘
13:18:06	24.27	--	67	162609	卖盘
13:18:03	24.27	--	10	24270	卖盘
13:18:00	24.27	--	39	95866	卖盘
13:17:57	24.27	--	39	94653	卖盘
13:17:51	24.27	0.01	83	202654	买盘
13:17:48	24.26	-0.01	27	66715	卖盘
13:17:45	24.27	0.01	4	9708	买盘
13:17:42	24.26	--	27	65502	卖盘
13:17:39	24.26	0.01	349	846674	买盘
13:17:36	24.25	0.01	126	305550	买盘
13:17:33	24.24	--	63	152712	卖盘
13:17:30	24.24	-0.01	5	12120	卖盘
13:17:27	24.25	0.01	118	286150	买盘
13:17:24	24.24	-0.03	32	77568	卖盘
13:17:21	24.27	--	58	140766	买盘
13:17:18	24.27	0.03	101	245127	买盘
13:17:15	24.24	-0.03	111	269064	卖盘
13:17:12	24.27	0.01	52	126204	买盘
13:17:09	24.26	--	11	26686	卖盘
13:17:06	24.26	--	33	80058	卖盘
13:17:03	24.26	0.01	289	702327	买盘
13:17:00	24.25	-0.01	216	523800	卖盘
13:16:57	24.26	0.01	9	21834	买盘
13:16:54	24.25	-0.01	79	191575	卖盘
13:16:51	24.26	0.01	16	38816	买盘
13:16:48	24.25	--	197	477725	卖盘
13:16:45	24.25	0.01	73	178237	买盘
13:16:42	24.24	-0.02	38	93324	卖盘
13:16:39	24.26	0.01	126	306889	买盘
13:16:36	24.25	--	24	58200	卖盘
13:16:33	24.25	--	13	31525	卖盘
13:16:30	24.25	0.01	92	223100	买盘
13:16:27	24.24	--	23	55752	卖盘
13:16:24	24.24	--	17	41208	卖盘
13:16:21	24.24	--	14	33936	卖盘
13:16:18	24.24	--	23	55752	卖盘
13:16:15	24.24	0.01	27	66660	买盘
13:16:12	24.23	-0.01	19	46037	卖盘
13:16:09	24.24	--	39	94536	买盘
13:16:06	24.24	--	74	180588	卖盘
13:16:03	24.24	--	43	104232	卖盘
13:16:00	24.24	-0.01	15	37572	中性盘
13:15:57	24.25	0.01	47	113975	买盘
13:15:54	24.24	--	10	24240	卖盘
13:15:51	24.24	--	108	261791	卖盘
13:15:48	24.24	--	285	690840	卖盘
13:15:45	24.24	0.01	102	247247	买盘
13:15:42	24.23	-0.01	10	24230	卖盘
13:15:39	24.24	--	132	319968	买盘
13:15:36	24.24	--	26	63023	买盘
13:15:33	24.24	--	755	1830119	卖盘
13:15:30	24.24	-0.01	47	113927	卖盘
13:15:27	24.25	--	52	126100	买盘
13:15:21	24.25	--	40	97000	买盘
13:15:18	24.25	--	100	242500	买盘
13:15:15	24.25	--	60	145500	买盘
13:15:12	24.25	--	42	101850	卖盘
13:15:09	24.25	--	124	300700	卖盘
13:15:06	24.25	--	15	36375	卖盘
13:15:00	24.25	--	125	303125	卖盘
13:14:51	24.25	-0.01	82	200062	卖盘
13:14:48	24.26	--	32	77632	卖盘
13:14:45	24.26	--	91	220766	卖盘
13:14:42	24.26	--	19	46094	卖盘
13:14:39	24.26	--	2	4852	卖盘
13:14:36	24.26	-0.01	126	305676	卖盘
13:14:33	24.27	--	13	31551	卖盘
13:14:30	24.27	--	53	128631	卖盘
13:14:27	24.27	--	15	36405	卖盘
13:14:24	24.27	-0.02	280	679560	卖盘
13:14:21	24.29	0.01	79	191891	买盘
13:14:18	24.28	-0.01	60	145680	卖盘
13:14:15	24.29	0.01	6	14574	买盘
13:14:12	24.28	--	40	97120	卖盘
13:14:09	24.28	-0.02	70	170785	卖盘
13:14:06	24.3	0.01	84	204120	买盘
13:14:00	24.29	-0.01	1	2429	卖盘
13:13:57	24.3	--	46	111780	买盘
13:13:51	24.3	--	191	464130	买盘
13:13:48	24.3	--	41	99630	卖盘
13:13:45	24.3	--	128	311040	卖盘
13:13:42	24.3	-0.01	76	184680	卖盘
13:13:33	24.31	--	157	382882	卖盘
13:13:30	24.31	-0.01	57	138567	卖盘
13:13:27	24.32	0.01	38	92416	买盘
13:13:24	24.31	-0.01	0	1215	卖盘
13:13:21	24.32	--	50	121600	买盘
13:13:18	24.32	--	20	48640	买盘
13:13:15	24.32	--	1	2432	卖盘
13:13:12	24.32	-0.01	99	240768	卖盘
13:13:09	24.33	--	42	102186	买盘
13:13:06	24.33	0.01	35	85155	买盘
13:13:03	24.32	-0.01	24	58368	卖盘
13:13:00	24.33	--	59	143547	买盘
13:12:57	24.33	-0.01	35	85155	买盘
13:12:54	24.34	0.02	400	973600	买盘
13:12:51	24.32	--	55	133760	卖盘
13:12:48	24.32	--	38	92416	卖盘
13:12:45	24.32	-0.01	40	97280	中性盘
13:12:42	24.33	--	61	148413	买盘
13:12:39	24.33	0.01	48	116783	买盘
13:12:36	24.32	0.01	5	12160	卖盘
13:12:33	24.31	-0.01	13	31603	卖盘
13:12:30	24.32	-0.01	12	29184	卖盘
13:12:27	24.33	0.01	1	2433	中性盘
13:12:21	24.32	-0.01	128	311296	卖盘
13:12:18	24.33	-0.01	68	165444	卖盘
13:12:15	24.34	0.01	179	435686	买盘
13:12:12	24.33	--	111	270063	卖盘
13:12:09	24.33	--	84	204372	卖盘
13:12:06	24.33	--	47	114350	卖盘
13:12:03	24.33	--	268	652044	卖盘
13:12:00	24.33	--	26	63257	卖盘
13:11:57	24.33	--	19	46227	卖盘
13:11:54	24.33	--	111	271279	卖盘
13:11:51	24.33	0.01	428	1042540	买盘
13:11:48	24.32	0.01	8	19456	买盘
13:11:45	24.31	--	160	388960	卖盘
13:11:42	24.31	--	113	274703	卖盘
13:11:39	24.31	--	17	41327	卖盘
13:11:36	24.31	-0.01	86	209066	卖盘
13:11:33	24.32	--	25	60800	买盘
13:11:30	24.32	--	65	158080	买盘
13:11:27	24.32	--	40	97280	买盘
13:11:24	24.32	--	3	7296	买盘
13:11:21	24.32	0.01	18	43776	买盘
13:11:18	24.31	-0.02	5	13370	卖盘
13:11:15	24.33	0.01	124	301692	买盘
13:11:12	24.32	--	295	717440	卖盘
13:11:09	24.32	--	26	63232	卖盘
13:11:06	24.32	--	16	38912	卖盘
13:11:03	24.32	--	89	216448	卖盘
13:11:00	24.32	--	62	150784	卖盘
13:10:57	24.32	--	19	46208	卖盘
13:10:54	24.32	--	141	342912	买盘
13:10:51	24.32	--	67	162944	买盘
13:10:48	24.32	-0.01	19	46208	卖盘
13:10:45	24.33	--	101	245732	买盘
13:10:42	24.33	0.02	24	58391	买盘
13:10:39	24.31	-0.01	130	316030	卖盘
13:10:36	24.32	--	9	21888	卖盘
13:10:33	24.32	--	8	19456	卖盘
13:10:30	24.32	-0.02	8	19456	卖盘
13:10:27	24.34	0.03	10	24340	买盘
13:10:21	24.31	--	51	125196	卖盘
13:10:18	24.31	--	10	24310	卖盘
13:10:15	24.31	--	11	26741	卖盘
13:10:12	24.31	-0.03	10	24310	卖盘
13:10:09	24.34	0.03	42	102228	买盘
13:10:06	24.31	-0.03	20	48620	卖盘
13:09:57	24.34	--	134	326156	买盘
13:09:54	24.34	-0.01	148	361449	卖盘
13:09:51	24.35	--	37	90095	卖盘
13:09:48	24.35	--	30	73050	卖盘
13:09:45	24.35	--	33	80355	卖盘
13:09:42	24.35	0.05	820	1997917	买盘
13:09:39	24.3	--	5	12150	买盘
13:09:36	24.3	0.01	50	121500	中性盘
13:09:33	24.29	-0.03	554	1345666	卖盘
13:09:30	24.32	0.01	511	1242752	买盘
13:09:27	24.31	--	30	72930	买盘
13:09:24	24.31	--	47	114257	买盘
13:09:21	24.31	--	33	80223	卖盘
13:09:18	24.31	--	83	201773	卖盘
13:09:15	24.31	--	104	252824	卖盘
13:09:12	24.31	--	48	116688	买盘
13:09:09	24.31	--	37	89947	买盘
13:09:06	24.31	0.01	28	68068	买盘
13:09:03	24.3	-0.01	34	82620	卖盘
13:09:00	24.31	-0.01	2	4862	买盘
13:08:57	24.32	--	51	124032	买盘
13:08:54	24.32	0.01	18	43776	买盘
13:08:51	24.31	-0.01	17	41327	卖盘
13:08:48	24.32	--	24	58368	买盘
13:08:45	24.32	0.01	272	661504	买盘
13:08:42	24.31	-0.01	160	388960	卖盘
13:08:39	24.32	0.01	75	182400	买盘
13:08:36	24.31	-0.01	21	52266	卖盘
13:08:33	24.32	--	101	245632	买盘
13:08:30	24.32	0.01	30	72960	买盘
13:08:27	24.31	--	30	74145	卖盘
13:08:24	24.31	-0.01	121	294151	卖盘
13:08:21	24.32	0.02	241	586112	买盘
13:08:18	24.3	-0.01	85	206550	卖盘
13:08:15	24.31	-0.01	20	48620	中性盘
13:08:12	24.32	--	33	80256	买盘
13:08:09	24.32	0.02	12	29184	中性盘
13:08:06	24.3	-0.01	778	1892143	卖盘
13:08:03	24.31	-0.01	4	9724	卖盘
13:08:00	24.32	--	26	65274	卖盘
13:07:57	24.32	--	9	21888	卖盘
13:07:54	24.32	--	46	112261	买盘
13:07:51	24.32	0.02	80	194560	买盘
13:07:48	24.3	0.02	275	668250	买盘
13:07:45	24.28	-0.01	16	38848	卖盘
13:07:42	24.29	-0.03	20	48580	中性盘
13:07:39	24.32	0.03	60	145920	买盘
13:07:36	24.29	--	66	160314	买盘
13:07:33	24.29	--	25	60725	买盘
13:07:30	24.29	-0.01	86	208894	卖盘
13:07:27	24.3	-0.02	88	213840	中性盘
13:07:24	24.32	0.04	56	136192	买盘
13:07:21	24.28	-0.04	110	269119	卖盘
13:07:18	24.32	0.02	54	131328	买盘
13:07:15	24.3	-0.02	11	26730	卖盘
13:07:12	24.32	0.02	146	355072	买盘
13:07:09	24.3	--	308	748828	买盘
13:07:06	24.3	0.01	170	413100	买盘
13:07:03	24.29	--	4	9716	卖盘
13:07:00	24.29	-0.01	37	89873	中性盘
13:06:57	24.3	0.02	214	520020	买盘
13:06:54	24.28	--	33	80124	买盘
13:06:51	24.28	--	9	21852	买盘
13:06:48	24.28	-0.01	27	65556	卖盘
13:06:45	24.29	0.01	57	138453	买盘
13:06:42	24.28	0.01	57	139610	买盘
13:06:39	24.27	-0.01	5	12135	卖盘
13:06:36	24.28	--	3	7284	买盘
13:06:33	24.28	0.02	10	24280	买盘
13:06:30	24.26	--	27	65502	卖盘
13:06:27	24.26	0.01	2	4852	买盘
13:06:24	24.25	--	23	55775	买盘
13:06:21	24.25	-0.01	52	126100	卖盘
13:06:18	24.26	-0.02	4	9704	卖盘
13:06:15	24.28	0.02	3	7284	买盘
13:06:12	24.26	0.01	120	291120	买盘
13:06:09	24.25	--	10	24250	卖盘
13:06:06	24.25	--	22	53350	卖盘
13:06:03	24.25	0.01	31	75175	买盘
13:06:00	24.24	-0.01	6	14543	卖盘
13:05:57	24.25	0.01	57	139437	买盘
13:05:54	24.24	-0.01	67	163620	卖盘
13:05:51	24.25	0.01	33	80025	买盘
13:05:48	24.24	-0.01	63	152712	卖盘
13:05:45	24.25	--	43	104275	买盘
13:05:42	24.25	--	38	92150	卖盘
13:05:39	24.25	0.01	23	55775	中性盘
13:05:36	24.24	-0.01	114	276336	卖盘
13:05:33	24.25	--	15	36375	卖盘
13:05:30	24.25	0.01	27	65475	中性盘
13:05:27	24.24	--	2207	5349768	卖盘
13:05:24	24.24	--	11	26664	卖盘
13:05:21	24.24	--	31	75144	卖盘
13:05:18	24.24	-0.01	35	84840	卖盘
13:05:15	24.25	0.01	3	7275	买盘
13:05:12	24.24	--	32	77568	卖盘
13:05:09	24.24	-0.01	41	99384	卖盘
13:05:06	24.25	0.01	11	26675	买盘
13:05:03	24.24	--	2	4848	卖盘
13:05:00	24.24	--	46	111504	卖盘
13:04:57	24.24	-0.01	63	153924	卖盘
13:04:54	24.25	--	48	116400	买盘
13:04:51	24.25	0.01	19	46075	买盘
13:04:48	24.24	--	240	581760	卖盘
13:04:45	24.24	--	25	60599	卖盘
13:04:42	24.24	--	42	101808	卖盘
13:04:39	24.24	-0.01	53	128471	卖盘
13:04:36	24.25	0.01	54	130950	买盘
13:04:33	24.24	-0.01	5	12120	卖盘
13:04:30	24.25	--	2	4850	买盘
13:04:21	24.25	--	121	293425	买盘
13:04:18	24.25	--	50	121250	买盘
13:04:15	24.25	--	5	12125	买盘
13:04:12	24.25	-0.01	9	21825	卖盘
13:04:09	24.26	0.01	33	80058	买盘
13:04:06	24.25	-0.02	2	4850	卖盘
13:04:03	24.27	0.02	85	206295	买盘
13:04:00	24.25	--	18	43650	卖盘
13:03:57	24.25	-0.02	21	50925	卖盘
13:03:54	24.27	0.02	33	80091	买盘
13:03:51	24.25	-0.02	4	9700	卖盘
13:03:42	24.27	0.02	43	104361	买盘
13:03:39	24.25	--	75	181875	卖盘
13:03:36	24.25	-0.02	160	388000	卖盘
13:03:33	24.27	--	3	7281	买盘
13:03:30	24.27	--	50	121350	买盘
13:03:24	24.27	--	733	1778991	卖盘
13:03:21	24.27	--	39	94653	卖盘
13:03:18	24.27	-0.01	80	194160	卖盘
13:03:15	24.28	--	11	26708	买盘
13:03:12	24.28	--	98	237944	买盘
13:03:09	24.28	--	39	94692	买盘
13:03:06	24.28	--	11	26708	买盘
13:03:03	24.28	0.01	2	4856	买盘
13:03:00	24.27	-0.01	32	77664	卖盘
13:02:57	24.28	--	47	114116	卖盘
13:02:54	24.28	--	128	310784	卖盘
13:02:51	24.28	--	18	43704	卖盘
13:02:48	24.28	0.01	19	46132	买盘
13:02:45	24.27	-0.01	136	330072	卖盘
13:02:42	24.28	0.02	50	121400	买盘
13:02:39	24.26	--	7	16982	卖盘
13:02:36	24.26	-0.02	18	43668	卖盘
13:02:33	24.28	-0.01	39	94692	买盘
13:02:30	24.29	0.01	100	242900	买盘
13:02:27	24.28	0.02	18	43704	买盘
13:02:24	24.26	-0.02	23	55798	卖盘
13:02:21	24.28	--	210	509880	买盘
13:02:18	24.28	0.01	15	36420	买盘
13:02:15	24.27	--	37	89799	卖盘
13:02:12	24.27	-0.01	9	21843	卖盘
13:02:09	24.28	--	17	41276	卖盘
13:02:03	24.28	-0.01	26	63128	中性盘
13:01:57	24.29	0.01	21	51009	买盘
13:01:54	24.28	--	11	26708	买盘
13:01:51	24.28	--	41	99548	卖盘
13:01:48	24.28	--	206	500168	买盘
13:01:45	24.28	--	229	556012	买盘
13:01:42	24.28	0.01	121	293788	买盘
13:01:39	24.27	-0.01	23	55821	中性盘
13:01:36	24.28	0.01	53	128684	买盘
13:01:33	24.27	--	65	157755	买盘
13:01:30	24.27	-0.01	97	235419	卖盘
13:01:27	24.28	--	187	454036	卖盘
13:01:24	24.28	--	114	276792	卖盘
13:01:21	24.28	--	593	1439804	卖盘
13:01:18	24.28	0.01	11	26708	卖盘
13:01:15	24.27	-0.01	10	24270	卖盘
13:01:12	24.28	0.01	40	97120	买盘
13:01:09	24.27	-0.01	172	417444	卖盘
13:01:06	24.28	--	616	1495648	买盘
13:01:03	24.28	0.01	31	75268	买盘
13:01:00	24.27	--	37	89799	卖盘
13:00:57	24.27	--	49	118923	卖盘
13:00:51	24.27	--	15	36405	卖盘
13:00:48	24.27	--	8	19416	买盘
13:00:45	24.27	-0.01	24	58248	买盘
13:00:42	24.28	0.01	122	296216	买盘
13:00:39	24.27	-0.01	161	390747	卖盘
13:00:36	24.28	0.01	14	33992	买盘
13:00:30	24.27	0.01	24	58248	买盘
13:00:27	24.26	-0.01	175	424550	卖盘
13:00:24	24.27	--	67	162609	买盘
13:00:21	24.27	0.01	29	70383	买盘
13:00:18	24.26	-0.01	5	12130	中性盘
13:00:12	24.27	0.02	214	519378	买盘
13:00:09	24.25	0.02	251	608675	中性盘
13:00:06	24.23	0.03	2485	6023093	买盘
13:00:03	24.2	--	0	0	买盘
11:30:03	24.2	-0.01	180	435600	卖盘
11:30:00	24.21	--	104	251784	卖盘
11:29:57	24.21	0.01	537	1300077	买盘
11:29:54	24.2	--	29	70180	卖盘
11:29:51	24.2	--	78	188760	卖盘
11:29:48	24.2	-0.02	19	45980	卖盘
11:29:45	24.22	0.02	20	48440	买盘
11:29:42	24.2	--	31	75020	卖盘
11:29:39	24.2	0.01	29	70180	卖盘
11:29:36	24.19	--	41	99179	卖盘
11:29:33	24.19	--	716	1733213	卖盘
11:29:27	24.19	--	20	48380	卖盘
11:29:24	24.19	0.01	198	478962	买盘
11:29:21	24.18	--	127	307086	买盘
11:29:18	24.18	0.01	17	41106	中性盘
11:29:15	24.17	-0.02	10	24170	卖盘
11:29:12	24.19	--	23	55637	买盘
11:29:09	24.19	0.02	15	36285	买盘
11:29:06	24.17	-0.02	5	12085	卖盘
11:29:03	24.19	0.02	61	147559	买盘
11:29:00	24.17	0.01	215	519655	买盘
11:28:57	24.16	-0.01	122	294752	卖盘
11:28:54	24.17	--	1	2417	买盘
11:28:51	24.17	--	81	195777	买盘
11:28:48	24.17	--	50	120850	买盘
11:28:42	24.17	-0.03	1084	2620028	卖盘
11:28:39	24.2	--	55	133100	买盘
11:28:36	24.2	0.01	35	84700	买盘
11:28:33	24.19	--	5	12095	卖盘
11:28:30	24.19	-0.01	25	60475	卖盘
11:28:27	24.2	0.01	119	287980	买盘
11:28:24	24.19	--	100	241900	买盘
11:28:21	24.19	-0.01	68	164492	卖盘
11:28:18	24.2	--	511	1236620	买盘
11:28:15	24.2	0.01	80	193600	买盘
11:28:12	24.19	-0.01	34	82246	卖盘
11:28:09	24.2	-0.02	46	111320	中性盘
11:28:06	24.22	0.02	204	494088	买盘
11:28:03	24.2	--	150	363000	买盘
11:28:00	24.2	--	185	447700	买盘
11:27:57	24.2	--	81	196020	买盘
11:27:54	24.2	--	161	389620	买盘
11:27:51	24.2	--	57	137940	买盘
11:27:48	24.2	0.01	22	53240	买盘
11:27:45	24.19	-0.01	16	38704	卖盘
11:27:42	24.2	-0.01	51	123420	中性盘
11:27:39	24.21	0.01	70	169470	买盘
11:27:36	24.2	-0.02	85	205700	卖盘
11:27:33	24.22	0.02	252	612039	买盘
11:27:30	24.2	--	116	280720	卖盘
11:27:27	24.2	-0.02	301	728420	卖盘
11:27:24	24.22	0.02	17	41174	买盘
11:27:21	24.2	--	46	111320	卖盘
11:27:18	24.2	--	39	94380	卖盘
11:27:15	24.2	-0.02	142	343640	卖盘
11:27:12	24.22	0.06	1142	2766650	买盘
11:27:09	24.16	--	4	9664	卖盘
11:27:06	24.16	-0.04	206	497696	卖盘
11:27:03	24.2	0.02	185	447700	买盘
11:27:00	24.18	-0.02	20	48360	中性盘
11:26:57	24.2	0.05	383	926860	买盘
11:26:54	24.15	-0.05	45	108675	卖盘
11:26:51	24.2	--	279	675180	买盘
11:26:48	24.2	0.05	100	242000	买盘
11:26:45	24.15	-0.05	4	9660	中性盘
11:26:42	24.2	0.07	35	84700	买盘
11:26:39	24.13	--	8	19304	卖盘
11:26:36	24.13	0.03	2	4826	中性盘
11:26:33	24.1	--	5184	12493440	卖盘
11:26:30	24.1	--	113	272330	卖盘
11:26:27	24.1	--	206	496460	卖盘
11:26:24	24.1	--	55	132550	卖盘
11:26:21	24.1	--	5	12050	卖盘
11:26:18	24.1	--	605	1458050	卖盘
11:26:15	24.1	--	74	178340	卖盘
11:26:12	24.1	--	39	93990	卖盘
11:26:09	24.1	0.04	725	1748455	买盘
11:26:06	24.06	--	36	86616	买盘
11:26:03	24.06	-0.02	25	60150	卖盘
11:25:57	24.08	--	12	28895	买盘
11:25:54	24.08	--	64	154112	买盘
11:25:51	24.08	0.01	11	26487	买盘
11:25:48	24.07	-0.01	3	7221	卖盘
11:25:45	24.08	--	14	33712	买盘
11:25:42	24.08	-0.01	9	21672	买盘
11:25:39	24.09	--	36	87928	卖盘
11:25:36	24.09	-0.01	20	48180	卖盘
11:25:33	24.1	0.01	7	16870	买盘
11:25:30	24.09	--	13	31317	卖盘
11:25:24	24.09	--	42	101178	卖盘
11:25:21	24.09	0.01	168	405916	买盘
11:25:18	24.08	-0.02	323	778988	卖盘
11:25:15	24.1	0.01	217	522970	买盘
11:25:12	24.09	0.01	20	48180	中性盘
11:25:09	24.08	-0.01	220	529760	卖盘
11:25:06	24.09	--	36	86724	卖盘
11:25:03	24.09	--	348	838332	买盘
11:25:00	24.09	0.01	10	25294	买盘
11:24:57	24.08	-0.01	36	86688	卖盘
11:24:54	24.09	0.02	90	216810	买盘
11:24:51	24.07	-0.01	260	625820	卖盘
11:24:48	24.08	--	149	358792	卖盘
11:24:45	24.08	--	105	252839	买盘
11:24:42	24.08	--	62	149296	买盘
11:24:33	24.08	0.02	14	33712	买盘
11:24:30	24.06	0.01	1	2406	卖盘
11:24:21	24.05	--	10	24050	卖盘
11:24:15	24.05	--	7	16835	卖盘
11:24:12	24.05	--	85	204425	卖盘
11:24:09	24.05	0.01	7	16835	中性盘
11:24:06	24.04	-0.01	24	57696	卖盘
11:24:03	24.05	--	160	384800	买盘
11:24:00	24.05	0.01	82	197210	买盘
11:23:57	24.04	--	64	153856	卖盘
11:23:51	24.04	--	18	43272	卖盘
11:23:45	24.04	0.01	16	38464	买盘
11:23:42	24.03	--	24	57672	卖盘
11:23:39	24.03	-0.01	1	2403	卖盘
11:23:36	24.04	--	5	12020	买盘
11:23:33	24.04	--	5	12020	买盘
11:23:30	24.04	--	24	57696	买盘
11:23:27	24.04	--	30	72120	中性盘
11:23:24	24.04	-0.01	3	7212	卖盘
11:23:21	24.05	0.02	53	127465	买盘
11:23:18	24.03	--	3	7209	卖盘
11:23:15	24.03	-0.02	36	86508	卖盘
11:23:06	24.05	--	2	4810	卖盘
11:23:03	24.05	--	4	9620	卖盘
11:23:00	24.05	--	6	14430	卖盘
11:22:57	24.05	-0.02	508	1221740	卖盘
11:22:54	24.07	-0.01	7	16849	买盘
11:22:45	24.08	0.01	52	125215	买盘
11:22:42	24.07	-0.01	13	31291	卖盘
11:22:39	24.08	--	10	24080	买盘
11:22:36	24.08	--	34	81872	买盘
11:22:30	24.08	--	60	144480	买盘
11:22:27	24.08	0.01	3	7223	买盘
11:22:24	24.07	--	30	72210	卖盘
11:22:21	24.07	-0.02	10	24070	卖盘
11:22:18	24.09	--	18	43362	买盘
11:22:15	24.09	0.02	27	65043	买盘
11:22:12	24.07	--	19	45733	卖盘
11:22:09	24.07	-0.02	509	1225163	卖盘
11:22:06	24.09	--	4	9636	买盘
11:22:03	24.09	--	60	144540	买盘
11:21:51	24.09	0.07	10	24090	买盘
11:21:45	24.02	-0.08	18	43236	卖盘
11:21:42	24.1	-0.01	41	98810	买盘
11:21:39	24.11	0.01	48	115728	买盘
11:21:36	24.1	-0.01	4	9640	中性盘
11:21:33	24.11	--	63	151893	买盘
11:21:30	24.11	0.01	80	192880	买盘
11:21:27	24.1	-0.01	14	33740	卖盘
11:21:24	24.11	--	10	24110	买盘
11:21:21	24.11	0.01	2082	5019702	买盘
11:21:18	24.1	-0.01	10	24100	卖盘
11:21:15	24.11	--	116	279676	卖盘
11:21:12	24.11	--	93	224223	卖盘
11:21:09	24.11	-0.01	71	171181	卖盘
11:21:06	24.12	0.02	277	668124	买盘
11:21:03	24.1	-0.01	7	16870	卖盘
11:21:00	24.11	--	4	9644	买盘
11:20:57	24.11	0.01	14	33754	买盘
11:20:54	24.1	-0.01	26	62660	卖盘
11:20:51	24.11	-0.01	30	72330	卖盘
11:20:48	24.12	0.02	136	328032	买盘
11:20:45	24.1	--	204	491640	卖盘
11:20:42	24.1	-0.01	142	342220	卖盘
11:20:39	24.11	0.01	5	12055	买盘
11:20:36	24.1	0.01	62	149420	买盘
11:20:33	24.09	-0.02	206	496254	卖盘
11:20:30	24.11	0.01	43	103673	买盘
11:20:27	24.1	-0.02	111	267510	买盘
11:20:24	24.12	0.02	28	67536	买盘
11:20:21	24.1	-0.01	58	139780	卖盘
11:20:18	24.11	-0.01	28	67508	卖盘
11:20:15	24.12	0.01	16	38592	买盘
11:20:12	24.11	--	14	33754	卖盘
11:20:09	24.11	--	35	84385	卖盘
11:20:06	24.11	0.03	330	795630	买盘
11:20:03	24.08	-0.03	2	4816	卖盘
11:20:00	24.11	0.03	6	14466	买盘
11:19:57	24.08	-0.01	3024	7281791	中性盘
11:19:54	24.09	0.01	12	28908	买盘
11:19:51	24.08	0.01	53	127623	买盘
11:19:48	24.07	--	28	67396	卖盘
11:19:45	24.07	-0.02	12	30087	卖盘
11:19:42	24.09	0.02	761	1833249	买盘
11:19:39	24.07	--	44	105908	买盘
11:19:36	24.07	--	39	93873	买盘
11:19:33	24.07	0.01	68	163676	买盘
11:19:30	24.06	--	4	9624	卖盘
11:19:27	24.06	-0.01	35	84210	卖盘
11:19:24	24.07	--	237	570459	买盘
11:19:21	24.07	0.02	48	115536	买盘
11:19:18	24.05	--	22	52910	卖盘
11:19:15	24.05	--	231	555555	卖盘
11:19:12	24.05	--	77	185185	卖盘
11:19:09	24.05	--	41	99807	买盘
11:19:06	24.05	--	99	238095	买盘
11:19:03	24.05	0.01	241	579605	买盘
11:19:00	24.04	--	123	295692	卖盘
11:18:57	24.04	0.01	2	4808	中性盘
11:18:54	24.03	-0.01	30	72090	卖盘
11:18:51	24.04	-0.01	8	19232	中性盘
11:18:45	24.05	0.02	109	262145	买盘
11:18:39	24.03	0.01	137	329211	买盘
11:18:36	24.02	-0.01	44	105688	买盘
11:18:30	24.03	0.03	71	170613	买盘
11:18:27	24.0	-0.01	87	208800	卖盘
11:18:24	24.01	0.01	51	122451	卖盘
11:18:21	24.0	--	80	192000	卖盘
11:18:18	24.0	--	28	67200	卖盘
11:18:15	24.0	-0.01	3	7200	卖盘
11:18:12	24.01	--	44	105644	买盘
11:18:09	24.01	0.01	17	40817	买盘
11:18:03	24.0	--	233	559200	买盘
11:18:00	24.0	--	65	156000	买盘
11:17:57	24.0	--	16	38400	买盘
11:17:54	24.0	--	120	288000	买盘
11:17:51	24.0	--	184	441600	买盘
11:17:48	24.0	0.01	117	280800	买盘
11:17:45	23.99	--	10	23990	卖盘
11:17:39	23.99	--	37	88763	卖盘
11:17:36	23.99	--	11	26389	卖盘
11:17:33	23.99	--	3	7196	卖盘
11:17:27	23.99	--	15	35985	卖盘
11:17:24	23.99	--	125	299875	买盘
11:17:21	23.99	0.01	20	47980	买盘
11:17:18	23.98	-0.01	14	33572	卖盘
11:17:15	23.99	0.01	10	23990	买盘
11:17:12	23.98	--	3	7194	卖盘
11:17:09	23.98	-0.01	4	9592	卖盘
11:17:06	23.99	0.01	39	93561	买盘
11:17:03	23.98	--	27	65945	卖盘
11:17:00	23.98	-0.01	5	11990	卖盘
11:16:57	23.99	0.01	15	35985	买盘
11:16:54	23.98	-0.01	6	14388	卖盘
11:16:51	23.99	-0.01	5	11995	买盘
11:16:48	24.0	0.02	75	180000	买盘
11:16:42	23.98	-0.01	25	59950	卖盘
11:16:36	23.99	--	16	38384	买盘
11:16:27	23.99	-0.01	10	23990	中性盘
11:16:21	24.0	0.01	151	362400	买盘
11:16:18	23.99	-0.01	25	59974	卖盘
11:16:15	24.0	--	103	247200	买盘
11:16:09	24.0	0.01	60	144000	买盘
11:16:03	23.99	-0.01	71	170329	卖盘
11:16:00	24.0	--	27	64800	买盘
11:15:57	24.0	--	55	132000	买盘
11:15:54	24.0	--	14	33600	买盘
11:15:51	24.0	--	32	76800	买盘
11:15:48	24.0	--	81	194400	买盘
11:15:45	24.0	--	30	72000	买盘
11:15:33	24.0	--	10	24000	买盘
11:15:30	24.0	--	2	4800	买盘
11:15:27	24.0	--	35	84000	卖盘
11:15:24	24.0	--	10	24000	卖盘
11:15:18	24.0	-0.01	7	16800	卖盘
11:15:15	24.01	--	13	31213	买盘
11:15:12	24.01	0.01	2	4802	买盘
11:15:03	24.0	-0.01	5	12000	买盘
11:15:00	24.01	--	77	184877	买盘
11:14:57	24.01	0.01	5	12005	买盘
11:14:54	24.0	--	30	72000	买盘
11:14:45	24.0	--	35	84000	卖盘
11:14:42	24.0	--	15	36000	买盘
11:14:39	24.0	--	13	31200	卖盘
11:14:36	24.0	0.01	1	2400	中性盘
11:14:33	23.99	-0.01	28	67172	卖盘
11:14:30	24.0	--	15	36000	卖盘
11:14:27	24.0	--	5	12000	卖盘
11:14:24	24.0	-0.01	5	12000	卖盘
11:14:21	24.01	0.01	95	228095	买盘
11:14:18	24.0	0.01	148	355200	买盘
11:14:15	23.99	--	7	16793	卖盘
11:14:12	23.99	--	3	7196	卖盘
11:14:09	23.99	-0.01	5	11995	中性盘
11:14:03	24.0	0.01	289	693600	买盘
11:14:00	23.99	--	11	26389	买盘
11:13:57	23.99	--	32	76768	买盘
11:13:54	23.99	--	18	43182	卖盘
11:13:51	23.99	-0.01	31	74369	卖盘
11:13:48	24.0	0.01	29	69600	买盘
11:13:45	23.99	--	7	16793	卖盘
11:13:42	23.99	--	6	14393	卖盘
11:13:39	23.99	-0.01	49	117550	卖盘
11:13:36	24.0	--	36	86400	买盘
11:13:33	24.0	0.01	1	2400	买盘
11:13:30	23.99	-0.01	1	2399	卖盘
11:13:21	24.0	--	55	132000	买盘
11:13:18	24.0	0.01	17	40800	买盘
11:13:15	23.99	-0.01	10	23990	卖盘
11:13:12	24.0	--	13	31200	买盘
11:13:09	24.0	--	7	16800	买盘
11:13:06	24.0	--	8	19200	买盘
11:13:03	24.0	--	10	24000	买盘
11:13:00	24.0	0.01	18	43200	买盘
11:12:57	23.99	-0.01	1	2399	卖盘
11:12:54	24.0	--	18	43200	买盘
11:12:51	24.0	--	13	31200	买盘
11:12:48	24.0	--	29	69600	买盘
11:12:45	24.0	0.01	13	31200	买盘
11:12:42	23.99	--	27	64772	卖盘
11:12:39	23.99	--	10	23990	卖盘
11:12:36	23.99	0.01	39	93561	买盘
11:12:33	23.98	-0.01	25	59950	卖盘
11:12:30	23.99	--	123	295077	买盘
11:12:27	23.99	0.01	35	83965	买盘
11:12:24	23.98	--	32	76736	卖盘
11:12:21	23.98	--	19	45562	卖盘
11:12:18	23.98	--	1	2398	卖盘
11:12:15	23.98	--	30	71940	买盘
11:12:12	23.98	--	4	9592	买盘
11:12:09	23.98	0.01	13	31174	买盘
11:12:06	23.97	--	20	47940	卖盘
11:12:03	23.97	-0.01	24	57528	卖盘
11:12:00	23.98	0.01	45	107910	买盘
11:11:57	23.97	--	6	14382	卖盘
11:11:51	23.97	--	4	9588	卖盘
11:11:48	23.97	--	154	369138	卖盘
11:11:45	23.97	--	75	179775	买盘
11:11:42	23.97	0.01	3	7191	买盘
11:11:39	23.96	-0.01	9	21564	卖盘
11:11:36	23.97	-0.01	111	266067	中性盘
11:11:33	23.98	0.01	10	23980	买盘
11:11:30	23.97	--	10	23970	卖盘
11:11:24	23.97	-0.01	10	23970	卖盘
11:11:21	23.98	0.01	76	182248	买盘
11:11:18	23.97	--	32	76704	卖盘
11:11:15	23.97	--	56	134232	卖盘
11:11:12	23.97	--	8	19176	卖盘
11:11:09	23.97	0.01	266	638968	买盘
11:11:06	23.96	--	6	14376	卖盘
11:11:03	23.96	--	7	16772	卖盘
11:11:00	23.96	--	43	103028	卖盘
11:10:57	23.96	--	135	323460	卖盘
11:10:54	23.96	0.01	122	292312	买盘
11:10:51	23.95	-0.01	34	81430	卖盘
11:10:48	23.96	0.01	20	47920	买盘
11:10:45	23.95	-0.01	64	153280	卖盘
11:10:42	23.96	--	23	55108	买盘
11:10:39	23.96	--	26	62296	买盘
11:10:36	23.96	--	13	31148	买盘
11:10:33	23.96	--	6	14376	中性盘
11:10:30	23.96	-0.01	4	9584	卖盘
11:10:27	23.97	--	5	11985	买盘
11:10:24	23.97	0.01	6	14382	买盘
11:10:21	23.96	--	42	100632	卖盘
11:10:18	23.96	-0.02	8	19168	卖盘
11:10:15	23.98	0.01	9	21582	买盘
11:10:09	23.97	--	3	7191	卖盘
11:10:06	23.97	0.01	76	182172	中性盘
11:10:03	23.96	-0.01	44	105424	卖盘
11:10:00	23.97	--	53	127041	卖盘
11:09:57	23.97	--	14	33558	卖盘
11:09:54	23.97	--	30	71910	卖盘
11:09:51	23.97	--	10	23970	中性盘
11:09:45	23.97	--	82	196554	买盘
11:09:42	23.97	--	39	93483	买盘
11:09:39	23.97	--	192	460224	卖盘
11:09:36	23.97	--	17	40749	卖盘
11:09:33	23.97	-0.01	31	74307	卖盘
11:09:30	23.98	0.01	1	2398	买盘
11:09:27	23.97	-0.01	63	151011	卖盘
11:09:24	23.98	0.01	123	294954	买盘
11:09:18	23.97	-0.01	110	263670	卖盘
11:09:15	23.98	--	71	170258	卖盘
11:09:12	23.98	-0.01	66	158268	卖盘
11:09:09	23.99	0.01	104	249495	买盘
11:09:06	23.98	--	4	9592	卖盘
11:09:03	23.98	--	5	11990	卖盘
11:09:00	23.98	--	46	110308	卖盘
11:08:54	23.98	-0.01	40	95920	卖盘
11:08:51	23.99	0.01	15	35985	买盘
11:08:48	23.98	-0.01	4	9592	卖盘
11:08:45	23.99	--	10	23990	买盘
11:08:42	23.99	-0.01	506	1214925	卖盘
11:08:39	24.0	--	124	297600	卖盘
11:08:36	24.0	--	10	24000	卖盘
11:08:33	24.0	--	6	14400	卖盘
11:08:30	24.0	--	22	52800	卖盘
11:08:27	24.0	--	47	112800	卖盘
11:08:24	24.0	--	10	24000	卖盘
11:08:21	24.0	--	5	12000	卖盘
11:08:18	24.0	--	36	86400	卖盘
11:08:15	24.0	--	13	31200	卖盘
11:08:12	24.0	--	10	24000	卖盘
11:08:09	24.0	--	202	484800	卖盘
11:08:06	24.0	--	29	69600	卖盘
11:08:03	24.0	--	14	33600	卖盘
11:08:00	24.0	--	41	98400	卖盘
11:07:57	24.0	-0.01	5	12000	卖盘
11:07:54	24.01	0.01	3	7203	买盘
11:07:51	24.0	--	29	69600	卖盘
11:07:48	24.0	--	14	33600	卖盘
11:07:45	24.0	--	74	177600	卖盘
11:07:42	24.0	-0.01	69	165600	卖盘
11:07:39	24.01	--	10	24010	卖盘
11:07:36	24.01	0.01	486	1168254	买盘
11:07:33	24.0	0.01	16	38400	买盘
11:07:27	23.99	-0.01	20	47980	卖盘
11:07:24	24.0	0.01	118	283200	买盘
11:07:21	23.99	-0.01	4	9596	卖盘
11:07:18	24.0	--	20	48000	买盘
11:07:15	24.0	-0.01	50	120000	卖盘
11:07:12	24.01	0.01	149	357749	买盘
11:07:09	24.0	--	34	81600	卖盘
11:07:06	24.0	-0.01	82	196800	卖盘
11:07:03	24.01	0.01	1	2401	买盘
11:07:00	24.0	--	55	132000	买盘
11:06:54	24.0	--	43	103200	卖盘
11:06:51	24.0	--	39	93600	卖盘
11:06:48	24.0	-0.01	37	88800	卖盘
11:06:45	24.01	0.01	23	55223	买盘
11:06:42	24.0	--	17	40800	卖盘
11:06:39	24.0	--	25	60000	卖盘
11:06:36	24.0	--	58	139200	卖盘
11:06:27	24.0	--	33	79200	卖盘
11:06:24	24.0	--	220	528000	卖盘
11:06:21	24.0	0.01	227	544800	买盘
11:06:18	23.99	-0.01	7	16793	卖盘
11:06:15	24.0	--	9	21600	买盘
11:06:12	24.0	--	12	28800	买盘
11:06:09	24.0	-0.01	31	74400	买盘
11:06:06	24.01	0.01	50	120050	买盘
11:06:03	24.0	--	24	57600	买盘
11:05:57	24.0	--	34	81600	卖盘
11:05:54	24.0	-0.01	40	96000	卖盘
11:05:51	24.01	0.01	12	28812	买盘
11:05:48	24.0	--	24	57600	卖盘
11:05:45	24.0	--	54	129600	卖盘
11:05:42	24.0	--	24	57600	卖盘
11:05:39	24.0	--	22	52800	卖盘
11:05:36	24.0	--	10	24000	卖盘
11:05:33	24.0	--	4	9600	卖盘
11:05:30	24.0	--	6	14400	卖盘
11:05:27	24.0	--	26	62400	卖盘
11:05:24	24.0	-0.02	12	28800	卖盘
11:05:18	24.02	0.02	34	81668	买盘
11:05:15	24.0	--	5	12000	买盘
11:05:12	24.0	-0.01	162	388800	卖盘
11:05:09	24.01	0.01	40	96040	中性盘
11:05:06	24.0	--	20	48000	卖盘
11:05:03	24.0	--	20	48000	卖盘
11:05:00	24.0	--	20	48000	卖盘
11:04:57	24.0	--	30	72000	卖盘
11:04:54	24.0	--	27	64800	卖盘
11:04:48	24.0	--	38	91200	买盘
11:04:42	24.0	--	4	9600	买盘
11:04:39	24.0	--	36	86400	卖盘
11:04:36	24.0	--	2	4800	卖盘
11:04:33	24.0	-0.03	6	14400	卖盘
11:04:30	24.03	--	6	14418	买盘
11:04:24	24.03	0.03	255	612765	买盘
11:04:18	24.0	--	79	189600	买盘
11:04:15	24.0	-0.02	550	1320000	卖盘
11:04:09	24.02	--	10	24020	卖盘
11:04:06	24.02	--	16	38432	卖盘
11:04:03	24.02	-0.01	22	52844	卖盘
11:03:57	24.03	0.01	68	163404	买盘
11:03:51	24.02	--	30	72060	卖盘
11:03:48	24.02	-0.01	15	36030	卖盘
11:03:45	24.03	--	58	139374	买盘
11:03:42	24.03	0.01	27	64881	买盘
11:03:39	24.02	-0.01	5	12010	卖盘
11:03:36	24.03	--	7	17854	卖盘
11:03:33	24.03	--	13	31239	卖盘
11:03:30	24.03	0.02	49	119116	买盘
11:03:27	24.01	--	25	60025	卖盘
11:03:24	24.01	-0.02	90	216090	卖盘
11:03:21	24.03	0.01	274	658422	买盘
11:03:18	24.02	--	67	160934	买盘
11:03:15	24.02	-0.01	80	192160	买盘
11:03:12	24.03	0.01	341	819423	买盘
11:03:09	24.02	--	85	205371	卖盘
11:03:06	24.02	--	15	36030	卖盘
11:03:03	24.02	-0.01	49	117698	卖盘
11:03:00	24.03	0.01	11	26433	买盘
11:02:57	24.02	--	14	34829	卖盘
11:02:54	24.02	--	71	170542	卖盘
11:02:48	24.02	-0.01	120	288240	卖盘
11:02:45	24.03	--	17	40851	买盘
11:02:42	24.03	--	17	40851	买盘
11:02:39	24.03	0.01	24	57672	买盘
11:02:36	24.02	--	14	33628	卖盘
11:02:33	24.02	-0.01	15	36030	卖盘
11:02:30	24.03	-0.01	12	28836	卖盘
11:02:27	24.04	--	32	76928	买盘
11:02:24	24.04	0.02	17	40868	买盘
11:02:18	24.02	-0.01	202	485204	卖盘
11:02:15	24.03	-0.01	29	69687	卖盘
11:02:09	24.04	--	53	127412	买盘
11:02:06	24.04	0.01	62	149048	买盘
11:02:03	24.03	-0.01	10	24030	卖盘
11:02:00	24.04	--	3	7212	买盘
11:01:57	24.04	0.02	126	302904	买盘
11:01:54	24.02	--	11	26422	买盘
11:01:48	24.02	--	20	48040	买盘
11:01:45	24.02	-0.02	10	24020	中性盘
11:01:42	24.04	--	61	146644	买盘
11:01:39	24.04	--	10	24040	买盘
11:01:36	24.04	--	33	79332	买盘
11:01:33	24.04	--	44	105776	买盘
11:01:30	24.04	0.02	12	28848	买盘
11:01:27	24.02	-0.02	13	31226	卖盘
11:01:24	24.04	--	18	43272	买盘
11:01:21	24.04	--	12	28848	买盘
11:01:18	24.04	--	72	173088	买盘
11:01:12	24.04	0.02	3	7212	买盘
11:01:09	24.02	--	50	120100	卖盘
11:01:06	24.02	-0.01	108	259416	卖盘
11:01:03	24.03	-0.01	14	33642	卖盘
11:01:00	24.04	0.02	23	55292	买盘
11:00:57	24.02	-0.02	70	168140	卖盘
11:00:54	24.04	0.02	1	2404	买盘
11:00:51	24.02	-0.02	19	45638	卖盘
11:00:48	24.04	--	58	139432	买盘
11:00:45	24.04	--	29	69716	买盘
11:00:42	24.04	0.02	25	60100	买盘
11:00:36	24.02	--	8	19216	卖盘
11:00:33	24.02	--	64	153728	买盘
11:00:30	24.02	--	71	170542	买盘
11:00:27	24.02	--	66	158532	买盘
11:00:24	24.02	--	27	64854	买盘
11:00:21	24.02	--	18	43236	买盘
11:00:18	24.02	--	17	40834	买盘
11:00:15	24.02	--	13	32427	卖盘
11:00:12	24.02	--	3	8407	卖盘
11:00:09	24.02	-0.03	54	129708	卖盘
11:00:06	24.05	0.01	11	26455	买盘
11:00:00	24.04	0.02	13	31252	买盘
10:59:57	24.02	0.01	9	21618	买盘
10:59:54	24.01	-0.01	22	52822	卖盘
10:59:51	24.02	0.02	25	60050	中性盘
10:59:45	24.0	--	20	48000	卖盘
10:59:42	24.0	-0.05	11	26400	卖盘
10:59:39	24.05	0.05	22	52910	买盘
10:59:36	24.0	-0.01	10	24000	卖盘
10:59:33	24.01	--	14	33614	买盘
10:59:30	24.01	-0.01	113	271313	卖盘
10:59:27	24.02	0.02	15	36030	中性盘
10:59:24	24.0	--	604	1449600	卖盘
10:59:21	24.0	--	1	2400	卖盘
10:59:18	24.0	--	41	98400	卖盘
10:59:12	24.0	-0.02	2	4800	卖盘
10:59:09	24.02	--	40	96080	买盘
10:59:06	24.02	0.02	51	122502	买盘
10:59:03	24.0	-0.02	31	74400	卖盘
10:59:00	24.02	0.02	5	12010	买盘
10:58:57	24.0	-0.02	39	93600	卖盘
10:58:51	24.02	--	5	12010	买盘
10:58:48	24.02	0.01	5	12010	买盘
10:58:45	24.01	--	2	4802	卖盘
10:58:42	24.01	0.01	8	19208	中性盘
10:58:39	24.0	--	19	45600	买盘
10:58:36	24.0	--	26	62400	买盘
10:58:33	24.0	--	42	100800	买盘
10:58:30	24.0	--	11	26400	买盘
10:58:27	24.0	-0.02	163	391200	卖盘
10:58:24	24.02	0.02	41	98482	买盘
10:58:21	24.0	--	35	84000	卖盘
10:58:18	24.0	-0.02	2	4800	卖盘
10:58:15	24.02	0.02	22	52844	买盘
10:58:12	24.0	-0.02	17	40800	卖盘
10:58:09	24.02	0.02	32	76864	买盘
10:58:06	24.0	-0.02	67	160800	卖盘
10:58:00	24.02	0.02	6	14412	买盘
10:57:57	24.0	0.01	44	105600	买盘
10:57:54	23.99	-0.01	5	11995	卖盘
10:57:51	24.0	--	37	88800	卖盘
10:57:48	24.0	-0.01	5	12000	中性盘
10:57:45	24.01	0.01	213	511413	买盘
10:57:42	24.0	0.01	57	136800	买盘
10:57:39	23.99	-0.01	33	79167	卖盘
10:57:36	24.0	--	1	2400	买盘
10:57:33	24.0	--	11	26400	买盘
10:57:30	24.0	--	70	168000	卖盘
10:57:27	24.0	--	29	69600	卖盘
10:57:24	24.0	--	11	26400	卖盘
10:57:21	24.0	--	110	264000	卖盘
10:57:18	24.0	--	6	14400	卖盘
10:57:15	24.0	--	359	861600	买盘
10:57:12	24.0	0.01	101	242400	买盘
10:57:09	23.99	-0.01	21	50379	卖盘
10:57:06	24.0	--	15	36000	买盘
10:57:03	24.0	--	227	544800	卖盘
10:57:00	24.0	0.01	50	120000	买盘
10:56:57	23.99	--	10	23990	卖盘
10:56:54	23.99	--	28	67172	卖盘
10:56:51	23.99	-0.01	58	139142	卖盘
10:56:48	24.0	0.01	40	96000	卖盘
10:56:45	23.99	-0.01	10	23990	卖盘
10:56:42	24.0	--	52	124800	买盘
10:56:39	24.0	--	18	43200	买盘
10:56:36	24.0	--	15	36000	买盘
10:56:33	24.0	--	23	55200	买盘
10:56:30	24.0	--	63	151200	买盘
10:56:27	24.0	--	19	45600	买盘
10:56:21	24.0	0.01	104	249600	买盘
10:56:18	23.99	--	102	244697	买盘
10:56:15	23.99	-0.01	37	88763	卖盘
10:56:12	24.0	0.01	8	19200	中性盘
10:56:09	23.99	--	67	160733	卖盘
10:56:06	23.99	-0.01	69	165531	卖盘
10:56:03	24.0	--	18	43200	买盘
10:56:00	24.0	0.01	25	60000	买盘
10:55:57	23.99	-0.02	19	45581	卖盘
10:55:54	24.01	--	96	230496	买盘
10:55:51	24.01	0.01	17	40817	买盘
10:55:48	24.0	0.01	4	9600	中性盘
10:55:45	23.99	-0.01	124	297476	卖盘
10:55:42	24.0	--	37	88800	卖盘
10:55:39	24.0	--	26	62400	买盘
10:55:36	24.0	--	14	33600	买盘
10:55:33	24.0	-0.01	16	38400	卖盘
10:55:30	24.01	--	31	74431	卖盘
10:55:27	24.01	-0.01	107	256907	卖盘
10:55:24	24.02	0.02	57	136914	买盘
10:55:21	24.0	--	39	93600	卖盘
10:55:18	24.0	--	36	86400	买盘
10:55:15	24.0	--	6	14400	买盘
10:55:09	24.0	-0.01	4	9600	中性盘
10:55:06	24.01	-0.01	3	7203	中性盘
10:55:03	24.02	--	229	550058	买盘
10:55:00	24.02	0.02	17	40834	买盘
10:54:57	24.0	-0.02	28	67200	卖盘
10:54:54	24.02	--	6	14412	买盘
10:54:51	24.02	0.03	26	62452	买盘
10:54:45	23.99	-0.05	48	115151	卖盘
10:54:42	24.04	0.04	49	117796	买盘
10:54:39	24.0	-0.02	1004	2409600	卖盘
10:54:36	24.02	--	19	45638	卖盘
10:54:33	24.02	-0.01	80	192160	卖盘
10:54:27	24.03	--	38	91314	买盘
10:54:24	24.03	--	33	79299	买盘
10:54:21	24.03	0.01	25	60075	买盘
10:54:18	24.02	-0.01	22	52844	卖盘
10:54:15	24.03	-0.01	30	72090	卖盘
10:54:12	24.04	0.01	46	110584	买盘
10:54:09	24.03	-0.01	124	297972	卖盘
10:54:06	24.04	0.01	14	33656	买盘
10:54:03	24.03	-0.01	47	112941	卖盘
10:54:00	24.04	0.01	58	139432	买盘
10:53:57	24.03	-0.01	9	21627	卖盘
10:53:54	24.04	--	2	4808	买盘
10:53:51	24.04	0.01	55	132220	买盘
10:53:48	24.03	-0.01	13	31239	卖盘
10:53:45	24.04	--	96	230784	卖盘
10:53:42	24.04	-0.02	20	48080	卖盘
10:53:39	24.06	-0.01	3	7218	中性盘
10:53:36	24.07	0.03	74	178118	买盘
10:53:33	24.04	-0.02	101	242804	卖盘
10:53:30	24.06	--	123	295938	卖盘
10:53:27	24.06	--	77	185262	卖盘
10:53:24	24.06	--	181	435486	卖盘
10:53:21	24.06	--	32	76992	卖盘
10:53:18	24.06	-0.01	394	947964	卖盘
10:53:15	24.07	0.01	123	296061	买盘
10:53:12	24.06	--	80	192480	卖盘
10:53:09	24.06	-0.01	3	7218	卖盘
10:53:06	24.07	0.01	237	570459	买盘
10:53:03	24.06	-0.01	31	74586	卖盘
10:53:00	24.07	--	14	33698	买盘
10:52:57	24.07	0.01	79	190153	买盘
10:52:54	24.06	--	15	36090	卖盘
10:52:51	24.06	-0.02	69	166014	卖盘
10:52:48	24.08	0.01	95	228759	中性盘
10:52:45	24.07	-0.02	18	43326	卖盘
10:52:42	24.09	0.02	95	228855	买盘
10:52:39	24.07	0.01	40	96280	卖盘
10:52:36	24.06	-0.02	161	387366	卖盘
10:52:33	24.08	-0.02	63	151704	中性盘
10:52:30	24.1	--	31	74710	买盘
10:52:27	24.1	0.04	25	60250	买盘
10:52:24	24.06	-0.04	156	375336	卖盘
10:52:21	24.1	--	115	277150	买盘
10:52:18	24.1	-0.01	344	829040	卖盘
10:52:15	24.11	0.01	126	303786	买盘
10:52:12	24.1	-0.01	104	250640	卖盘
10:52:09	24.11	--	30	72330	买盘
10:52:06	24.11	--	225	542475	买盘
10:52:03	24.11	0.01	752	1813072	买盘
10:52:00	24.1	--	48	116885	卖盘
10:51:57	24.1	--	208	501280	卖盘
10:51:54	24.1	--	1013	2442535	买盘
10:51:51	24.1	0.02	90	216900	买盘
10:51:48	24.08	--	50	120399	卖盘
10:51:45	24.08	--	244	587552	卖盘
10:51:42	24.08	--	10	24080	卖盘
10:51:39	24.08	0.02	2241	5396328	买盘
10:51:36	24.06	0.01	67	161202	买盘
10:51:33	24.05	-0.01	171	411255	卖盘
10:51:30	24.06	--	73	175638	买盘
10:51:27	24.06	0.01	98	235788	买盘
10:51:24	24.05	--	15	36075	卖盘
10:51:21	24.05	-0.01	14	33670	中性盘
10:51:18	24.06	0.01	108	259848	买盘
10:51:15	24.05	0.03	704	1693120	买盘
10:51:12	24.02	-0.02	269	646138	卖盘
10:51:09	24.04	0.02	219	526476	买盘
10:51:06	24.02	--	244	586088	买盘
10:51:03	24.02	0.02	73	175346	买盘
10:51:00	24.0	--	42	102000	卖盘
10:50:57	24.0	--	227	544800	买盘
10:50:54	24.0	--	85	204000	买盘
10:50:51	24.0	0.03	175	420000	买盘
10:50:48	23.97	--	1555	3727335	卖盘
10:50:45	23.97	--	204	488988	卖盘
10:50:42	23.97	--	42	100674	卖盘
10:50:39	23.97	-0.01	23	55131	中性盘
10:50:36	23.98	0.03	481	1153438	买盘
10:50:33	23.95	--	15	35925	卖盘
10:50:30	23.95	--	117	280215	卖盘
10:50:27	23.95	0.01	222	531690	买盘
10:50:24	23.94	-0.01	25	59850	卖盘
10:50:21	23.95	--	130	311350	买盘
10:50:18	23.95	--	50	119750	买盘
10:50:15	23.95	--	24	57480	买盘
10:50:09	23.95	0.01	78	186810	买盘
10:50:06	23.94	--	134	320796	买盘
10:50:03	23.94	-0.01	80	191520	卖盘
10:50:00	23.95	--	24	57480	买盘
10:49:57	23.95	--	10	23950	买盘
10:49:54	23.95	--	50	119750	买盘
10:49:51	23.95	-0.01	219	525702	卖盘
10:49:48	23.96	--	23	55108	中性盘
10:49:45	23.96	--	1	2396	买盘
10:49:42	23.96	0.01	57	136572	买盘
10:49:39	23.95	-0.01	14	33530	卖盘
10:49:33	23.96	-0.01	9	22762	中性盘
10:49:30	23.97	0.02	72	172584	买盘
10:49:27	23.95	-0.01	27	64665	卖盘
10:49:24	23.96	--	39	93444	卖盘
10:49:21	23.96	0.01	91	218036	买盘
10:49:18	23.95	-0.01	8	19160	卖盘
10:49:15	23.96	--	34	81464	卖盘
10:49:12	23.96	--	70	167720	卖盘
10:49:09	23.96	0.03	189	452844	买盘
10:49:06	23.93	-0.02	199	476207	卖盘
10:49:03	23.95	--	41	98195	卖盘
10:49:00	23.95	-0.01	6	14370	卖盘
10:48:57	23.96	0.01	31	74276	买盘
10:48:54	23.95	0.02	10	23950	买盘
10:48:51	23.93	-0.02	17	40681	卖盘
10:48:48	23.95	-0.01	11	26345	卖盘
10:48:45	23.96	0.01	115	275540	买盘
10:48:42	23.95	0.01	85	203575	买盘
10:48:39	23.94	--	6	14364	买盘
10:48:36	23.94	-0.01	56	134064	卖盘
10:48:33	23.95	--	91	217945	卖盘
10:48:30	23.95	--	11	26345	卖盘
10:48:27	23.95	--	65	155675	卖盘
10:48:24	23.95	--	7	16765	卖盘
10:48:21	23.95	-0.02	179	428705	卖盘
10:48:18	23.97	--	70	167790	买盘
10:48:15	23.97	0.01	47	112659	买盘
10:48:12	23.96	--	65	155740	买盘
10:48:09	23.96	0.01	24	57504	买盘
10:48:06	23.95	-0.01	32	76640	卖盘
10:48:03	23.96	0.01	63	150948	买盘
10:48:00	23.95	--	32	76640	卖盘
10:47:57	23.95	-0.02	13	31135	卖盘
10:47:54	23.97	0.02	21	50337	买盘
10:47:51	23.95	-0.02	55	131725	卖盘
10:47:48	23.97	--	33	79101	买盘
10:47:45	23.97	--	41	98277	买盘
10:47:42	23.97	0.01	60	143820	买盘
10:47:39	23.96	--	172	413310	卖盘
10:47:36	23.96	-0.01	174	416904	卖盘
10:47:33	23.97	0.01	70	167790	买盘
10:47:27	23.96	-0.01	61	146156	卖盘
10:47:24	23.97	-0.01	35	83895	卖盘
10:47:21	23.98	0.01	48	115104	买盘
10:47:18	23.97	-0.01	18	43146	卖盘
10:47:15	23.98	--	157	376486	买盘
10:47:12	23.98	--	8	19184	买盘
10:47:09	23.98	--	54	129492	买盘
10:47:06	23.98	--	41	98318	卖盘
10:47:03	23.98	--	15	35970	卖盘
10:47:00	23.98	--	132	316536	卖盘
10:46:57	23.98	0.01	121	290158	买盘
10:46:51	23.97	0.01	8	19176	中性盘
10:46:48	23.96	-0.02	104	250382	卖盘
10:46:45	23.98	0.01	146	350108	买盘
10:46:42	23.97	0.01	42	100674	买盘
10:46:39	23.96	--	11	26356	卖盘
10:46:36	23.96	-0.01	15	35940	卖盘
10:46:33	23.97	--	2	4794	买盘
10:46:30	23.97	0.02	16	38352	买盘
10:46:27	23.95	-0.03	11	26345	卖盘
10:46:24	23.98	--	33	79134	买盘
10:46:21	23.98	0.01	250	599500	买盘
10:46:18	23.97	-0.01	19	45543	卖盘
10:46:15	23.98	--	34	81532	买盘
10:46:12	23.98	0.01	391	937618	买盘
10:46:09	23.97	--	21	50337	买盘
10:46:06	23.97	-0.01	122	292434	中性盘
10:46:03	23.98	0.01	293	702614	买盘
10:46:00	23.97	-0.01	87	208539	中性盘
10:45:57	23.98	--	78	188243	卖盘
10:45:54	23.98	0.02	137	329725	买盘
10:45:51	23.96	-0.02	10	23960	卖盘
10:45:48	23.98	--	21	50358	买盘
10:45:45	23.98	0.02	11	26378	买盘
10:45:42	23.96	-0.02	2	4792	卖盘
10:45:39	23.98	-0.01	15	35970	卖盘
10:45:36	23.99	--	2	4798	卖盘
10:45:33	23.99	0.03	85	203915	买盘
10:45:30	23.96	0.01	322	771512	买盘
10:45:27	23.95	-0.05	26	62270	卖盘
10:45:24	24.0	0.04	129	309600	买盘
10:45:21	23.96	-0.02	208	498368	卖盘
10:45:18	23.98	-0.01	181	434038	买盘
10:45:15	23.99	0.03	603	1446597	买盘
10:45:12	23.96	--	50	119800	卖盘
10:45:09	23.96	--	38	91048	卖盘
10:45:06	23.96	--	112	268352	卖盘
10:45:03	23.96	--	229	548684	卖盘
10:45:00	23.96	--	96	230016	卖盘
10:44:57	23.96	-0.01	146	349816	卖盘
10:44:54	23.97	--	40	95880	买盘
10:44:51	23.97	0.01	1	2397	买盘
10:44:48	23.96	-0.02	10	23960	卖盘
10:44:45	23.98	0.01	160	383680	买盘
10:44:42	23.97	-0.01	114	273258	卖盘
10:44:39	23.98	0.01	88	211024	买盘
10:44:36	23.97	--	7	16779	卖盘
10:44:33	23.97	-0.01	30	71910	卖盘
10:44:30	23.98	--	206	493988	买盘
10:44:27	23.98	-0.01	187	448426	卖盘
10:44:21	23.99	--	89	213511	买盘
10:44:18	23.99	--	274	658525	卖盘
10:44:15	23.99	--	92	220708	卖盘
10:44:12	23.99	--	91	218309	卖盘
10:44:09	23.99	-0.01	8	19192	卖盘
10:44:06	24.0	--	22	52800	买盘
10:44:03	24.0	--	121	290400	买盘
10:44:00	24.0	--	4	9600	买盘
10:43:57	24.0	--	61	146400	卖盘
10:43:54	24.0	--	79	189600	卖盘
10:43:51	24.0	-0.02	77	184800	卖盘
10:43:48	24.02	0.02	44	105688	买盘
10:43:45	24.0	--	139	333600	卖盘
10:43:42	24.0	--	83	199200	卖盘
10:43:39	24.0	-0.03	7	16800	中性盘
10:43:36	24.03	0.03	336	807408	买盘
10:43:33	24.0	-0.02	36	86400	卖盘
10:43:30	24.02	0.03	102	245004	买盘
10:43:27	23.99	-0.01	298	714902	卖盘
10:43:24	24.0	-0.04	1122	2692800	卖盘
10:43:21	24.04	0.01	67	161068	买盘
10:43:18	24.03	0.03	561	1348083	买盘
10:43:15	24.0	-0.04	72	172800	卖盘
10:43:12	24.04	--	137	329348	买盘
10:43:09	24.04	--	175	420700	买盘
10:43:06	24.04	--	128	307712	买盘
10:43:03	24.04	--	233	560132	卖盘
10:43:00	24.04	-0.02	265	637060	卖盘
10:42:57	24.06	--	127	305562	卖盘
10:42:54	24.06	--	225	541350	卖盘
10:42:51	24.06	0.06	959	2309495	买盘
10:42:48	24.0	-0.01	1764	4235064	卖盘
10:42:45	24.01	--	200	480200	卖盘
10:42:42	24.01	--	83	199283	卖盘
10:42:39	24.01	--	222	533022	卖盘
10:42:36	24.01	0.03	4659	11187195	买盘
10:42:33	23.98	0.02	1356	3251688	买盘
10:42:30	23.96	--	30	71880	卖盘
10:42:27	23.96	0.01	1134	2717064	买盘
10:42:24	23.95	-0.01	161	385595	卖盘
10:42:21	23.96	--	102	244392	买盘
10:42:18	23.96	--	44	105424	买盘
10:42:15	23.96	0.01	26	62296	买盘
10:42:12	23.95	-0.01	6	14370	中性盘
10:42:09	23.96	0.03	634	1519064	买盘
10:42:06	23.93	-0.02	207	495351	卖盘
10:42:03	23.95	--	46	110170	买盘
10:42:00	23.95	0.03	5	11975	买盘
10:41:57	23.92	--	38	90896	卖盘
10:41:54	23.92	--	792	1894464	买盘
10:41:51	23.92	0.02	104	248768	买盘
10:41:48	23.9	0.03	1388	3317320	买盘
10:41:45	23.87	0.01	226	540655	买盘
10:41:42	23.86	--	10	23860	卖盘
10:41:39	23.86	0.03	368	879241	买盘
10:41:36	23.83	--	13	30978	卖盘
10:41:33	23.83	--	50	119149	卖盘
10:41:30	23.83	--	5	11915	买盘
10:41:27	23.83	-0.02	12	28595	卖盘
10:41:24	23.85	0.01	114	271890	买盘
10:41:21	23.84	0.01	70	166880	中性盘
10:41:15	23.83	--	449	1069967	卖盘
10:41:12	23.83	--	28	66724	卖盘
10:41:09	23.83	--	152	362216	买盘
10:41:06	23.83	--	35	83405	买盘
10:41:03	23.83	--	129	307407	买盘
10:41:00	23.83	0.02	155	369365	买盘
10:40:57	23.81	-0.02	11	26191	卖盘
10:40:51	23.83	--	7	16681	买盘
10:40:45	23.83	0.02	20	47660	买盘
10:40:42	23.81	-0.02	263	626203	卖盘
10:40:39	23.83	0.01	2	4766	买盘
10:40:36	23.82	-0.02	21	50022	卖盘
10:40:33	23.84	0.03	43	102512	买盘
10:40:30	23.81	--	42	100002	卖盘
10:40:27	23.81	-0.01	13	30953	卖盘
10:40:24	23.82	0.01	16	38112	中性盘
10:40:21	23.81	--	340	809540	卖盘
10:40:18	23.81	--	105	250005	卖盘
10:40:15	23.81	--	13	30953	卖盘
10:40:12	23.81	-0.01	29	69049	卖盘
10:40:09	23.82	--	18	42876	买盘
10:39:57	23.82	-0.01	4	9528	卖盘
10:39:54	23.83	--	6	14297	卖盘
10:39:51	23.83	0.03	32	76256	买盘
10:39:48	23.8	-0.03	309	735420	卖盘
10:39:45	23.83	--	17	40511	买盘
10:39:42	23.83	0.01	7	16681	买盘
10:39:39	23.82	-0.02	12	28584	卖盘
10:39:36	23.84	0.04	61	145424	买盘
10:39:33	23.8	-0.03	30	71400	卖盘
10:39:30	23.83	-0.01	20	47660	买盘
10:39:27	23.84	--	146	348064	买盘
10:39:24	23.84	0.01	53	126352	买盘
10:39:21	23.83	--	6	14297	卖盘
10:39:18	23.83	--	16	38128	卖盘
10:39:15	23.83	0.03	33	78639	中性盘
10:39:12	23.8	-0.01	105	249900	卖盘
10:39:09	23.81	-0.03	738	1757178	卖盘
10:39:06	23.84	0.01	129	307536	买盘
10:39:03	23.83	--	47	112000	买盘
10:39:00	23.83	--	80	190640	买盘
10:38:57	23.83	-0.02	185	442046	卖盘
10:38:54	23.85	0.02	184	438840	买盘
10:38:51	23.83	-0.01	10	23830	卖盘
10:38:48	23.84	--	6	14304	买盘
10:38:45	23.84	-0.01	25	59600	卖盘
10:38:42	23.85	--	88	209880	卖盘
10:38:39	23.85	--	66	157410	买盘
10:38:36	23.85	--	69	164565	买盘
10:38:33	23.85	--	2	4770	买盘
10:38:30	23.85	0.01	23	56047	买盘
10:38:27	23.84	-0.01	10	25032	卖盘
10:38:24	23.85	-0.01	24	57240	中性盘
10:38:21	23.86	--	68	162248	买盘
10:38:18	23.86	--	14	33404	买盘
10:38:15	23.86	0.01	7	16702	买盘
10:38:12	23.85	0.01	10	23850	买盘
10:38:09	23.84	-0.01	30	71520	卖盘
10:38:06	23.85	--	187	447187	买盘
10:38:03	23.85	0.01	1	2385	买盘
10:38:00	23.84	--	10	23840	卖盘
10:37:57	23.84	--	86	205024	买盘
10:37:51	23.84	0.01	43	102512	买盘
10:37:48	23.83	--	254	605282	买盘
10:37:42	23.83	0.02	184	438471	买盘
10:37:39	23.81	-0.01	43	102383	卖盘
10:37:36	23.82	--	13	30966	买盘
10:37:33	23.82	0.01	51	121482	买盘
10:37:30	23.81	-0.01	109	259529	卖盘
10:37:27	23.82	0.01	132	314424	买盘
10:37:24	23.81	0.01	28	66668	买盘
10:37:21	23.8	--	22	52360	卖盘
10:37:18	23.8	--	62	148750	买盘
10:37:15	23.8	--	53	126140	买盘
10:37:12	23.8	--	150	357000	买盘
10:37:09	23.8	0.02	29	69020	买盘
10:37:06	23.78	-0.01	28	67773	卖盘
10:37:03	23.79	0.01	59	140361	买盘
10:37:00	23.78	-0.02	6	14268	卖盘
10:36:57	23.8	0.03	66	157080	买盘
10:36:54	23.77	--	23	54671	卖盘
10:36:51	23.77	--	52	123604	卖盘
10:36:48	23.77	--	25	59425	卖盘
10:36:45	23.77	--	5	11885	卖盘
10:36:42	23.77	--	97	230569	买盘
10:36:39	23.77	0.01	21	49917	买盘
10:36:36	23.76	--	5	11880	卖盘
10:36:27	23.76	-0.01	9	21384	卖盘
10:36:24	23.77	-0.01	93	221061	卖盘
10:36:21	23.78	--	15	35670	买盘
10:36:12	23.78	-0.01	19	45182	卖盘
10:36:09	23.79	-0.01	4	9516	卖盘
10:36:03	23.8	--	7	16660	买盘
10:36:00	23.8	--	24	58310	卖盘
10:35:57	23.8	--	74	176120	卖盘
10:35:54	23.8	--	40	95200	卖盘
10:35:51	23.8	--	7	16660	卖盘
10:35:48	23.8	--	40	95200	卖盘
10:35:45	23.8	-0.01	6	14280	卖盘
10:35:42	23.81	--	12	28572	买盘
10:35:39	23.81	0.01	5	11905	买盘
10:35:36	23.8	-0.01	6	14280	卖盘
10:35:33	23.81	--	10	23810	卖盘
10:35:30	23.81	-0.01	39	92859	卖盘
10:35:27	23.82	0.01	70	166740	买盘
10:35:24	23.81	--	8	19048	卖盘
10:35:21	23.81	--	88	209528	卖盘
10:35:18	23.81	--	69	164289	卖盘
10:35:15	23.81	0.01	136	325006	买盘
10:35:09	23.8	--	237	564060	卖盘
10:35:06	23.8	-0.01	6	14280	卖盘
10:35:03	23.81	--	11	26191	买盘
10:35:00	23.81	--	40	95240	卖盘
10:34:57	23.81	-0.01	53	126193	卖盘
10:34:54	23.82	--	128	304896	买盘
10:34:51	23.82	0.01	17	40494	买盘
10:34:48	23.81	--	7	16667	卖盘
10:34:45	23.81	-0.02	115	273815	卖盘
10:34:42	23.83	0.01	11	26212	买盘
10:34:39	23.82	--	33	78606	卖盘
10:34:36	23.82	0.01	25	59550	买盘
10:34:33	23.81	--	87	207147	买盘
10:34:30	23.81	-0.02	62	147622	卖盘
10:34:27	23.83	-0.02	6	14297	中性盘
10:34:24	23.85	0.03	43	103747	买盘
10:34:21	23.82	-0.03	3	7146	中性盘
10:34:18	23.85	-0.02	3	7155	买盘
10:34:15	23.87	0.06	14	33418	买盘
10:34:12	23.81	-0.06	21	50001	卖盘
10:34:09	23.87	--	206	491722	买盘
10:34:06	23.87	--	183	436821	卖盘
10:34:03	23.87	--	51	121737	卖盘
10:34:00	23.87	--	31	73997	卖盘
10:33:57	23.87	--	48	114576	卖盘
10:33:54	23.87	0.02	154	367598	买盘
10:33:51	23.85	--	203	484155	卖盘
10:33:48	23.85	--	61	145485	卖盘
10:33:45	23.85	-0.01	76	181260	卖盘
10:33:42	23.86	--	73	174178	卖盘
10:33:39	23.86	0.01	238	569061	买盘
10:33:36	23.85	--	13	31005	买盘
10:33:33	23.85	--	15	35775	买盘
10:33:30	23.85	0.01	134	319590	买盘
10:33:27	23.84	-0.02	42	100128	卖盘
10:33:24	23.86	0.01	31	73966	买盘
10:33:21	23.85	--	14	33390	卖盘
10:33:18	23.85	--	68	162180	卖盘
10:33:15	23.85	-0.01	1	2385	卖盘
10:33:12	23.86	0.02	268	639448	买盘
10:33:09	23.84	--	80	190720	卖盘
10:33:06	23.84	--	32	76288	卖盘
10:33:03	23.84	--	55	131120	卖盘
10:33:00	23.84	--	33	78672	卖盘
10:32:57	23.84	--	137	326608	卖盘
10:32:54	23.84	--	66	157344	卖盘
10:32:51	23.84	-0.01	58	138272	卖盘
10:32:48	23.85	0.01	22	52470	买盘
10:32:45	23.84	--	26	61984	买盘
10:32:42	23.84	--	24	57216	买盘
10:32:39	23.84	--	1	2384	买盘
10:32:36	23.84	-0.01	9	21456	卖盘
10:32:33	23.85	--	27	64395	买盘
10:32:30	23.85	--	27	64395	买盘
10:32:27	23.85	--	43	102555	买盘
10:32:24	23.85	--	415	989775	买盘
10:32:21	23.85	--	19	46507	卖盘
10:32:18	23.85	--	21	50085	卖盘
10:32:15	23.85	-0.01	80	190800	卖盘
10:32:12	23.86	--	53	126458	买盘
10:32:09	23.86	0.01	27	64422	买盘
10:32:06	23.85	--	39	93015	卖盘
10:32:03	23.85	-0.01	31	73935	卖盘
10:32:00	23.86	0.01	29	69194	买盘
10:31:57	23.85	--	115	274275	卖盘
10:31:54	23.85	--	62	147870	卖盘
10:31:51	23.85	0.01	270	645142	买盘
10:31:48	23.84	-0.01	25	59600	卖盘
10:31:45	23.85	0.01	314	748890	买盘
10:31:42	23.84	0.02	10	23840	中性盘
10:31:36	23.82	-0.03	3	7146	卖盘
10:31:33	23.85	--	31	73935	买盘
10:31:30	23.85	--	99	236115	卖盘
10:31:27	23.85	--	151	360135	卖盘
10:31:24	23.85	--	24	57240	卖盘
10:31:21	23.85	--	93	221805	买盘
