成交时间	成交价	价格变动	成交量(手)	成交额(元)	性质
15:00:03	21.67	0.03	606	1313202	买盘
14:57:00	21.64	-0.02	15	32460	卖盘
14:56:57	21.66	0.02	5	10830	中性盘
14:56:51	21.64	-0.02	9	19476	卖盘
14:56:45	21.66	--	8	17328	买盘
14:56:36	21.66	--	4	8664	买盘
14:56:33	21.66	0.03	8	17328	买盘
14:56:27	21.63	--	7	15141	卖盘
14:56:18	21.63	--	40	86520	卖盘
14:56:15	21.63	-0.03	10	21630	卖盘
14:56:09	21.66	--	13	28158	卖盘
14:56:06	21.66	--	22	48453	买盘
14:56:00	21.66	0.03	552	1195632	买盘
14:55:54	21.63	-0.03	6	12978	卖盘
14:55:42	21.66	0.03	27	58482	买盘
14:55:39	21.63	0.01	17	36771	中性盘
14:55:33	21.62	-0.01	28	60536	卖盘
14:55:30	21.63	--	10	21630	买盘
14:55:24	21.63	--	23	49749	买盘
14:55:18	21.63	--	21	45423	买盘
14:55:15	21.63	0.01	301	651063	买盘
14:55:09	21.62	--	10	21620	中性盘
14:55:03	21.62	--	18	38916	卖盘
14:55:00	21.62	-0.01	1	2162	卖盘
14:54:57	21.63	--	1	2163	买盘
14:54:51	21.63	--	9	19467	买盘
14:54:48	21.63	-0.03	474	1025262	卖盘
14:54:42	21.66	--	22	47652	买盘
14:54:39	21.66	0.01	33	71478	买盘
14:54:36	21.65	-0.01	40	86600	卖盘
14:54:30	21.66	0.01	13	28158	买盘
14:54:27	21.65	--	10	21650	卖盘
14:54:24	21.65	-0.01	7	15154	卖盘
14:54:21	21.66	--	5	10830	卖盘
14:54:18	21.66	-0.03	22	47652	卖盘
14:54:15	21.69	0.04	3	6507	买盘
14:54:06	21.65	-0.01	113	244644	卖盘
14:54:03	21.66	--	1	2166	卖盘
14:53:54	21.66	--	16	34656	卖盘
14:53:45	21.66	0.01	7	15162	买盘
14:53:42	21.65	-0.04	24	51960	卖盘
14:53:39	21.69	0.03	116	251604	买盘
14:53:36	21.66	--	5	10830	买盘
14:53:33	21.66	--	24	51984	卖盘
14:53:27	21.66	-0.01	17	36822	卖盘
14:53:21	21.67	-0.02	38	82346	卖盘
14:53:15	21.69	--	9	19521	卖盘
14:53:12	21.69	-0.01	5	10845	卖盘
14:53:09	21.7	0.01	30	65100	买盘
14:53:06	21.69	-0.01	10	21690	卖盘
14:53:03	21.7	--	3	6510	买盘
14:53:00	21.7	--	10	21700	买盘
14:52:54	21.7	-0.01	171	371070	卖盘
14:52:51	21.71	-0.02	1	2171	卖盘
14:52:42	21.73	--	31	67363	卖盘
14:52:36	21.73	--	8	17384	卖盘
14:52:33	21.73	-0.01	110	239030	卖盘
14:52:27	21.74	--	15	32609	卖盘
14:52:24	21.74	--	20	43480	卖盘
14:52:21	21.74	--	15	32609	卖盘
14:52:18	21.74	-0.01	15	32609	卖盘
14:52:06	21.75	--	20	43500	卖盘
14:52:03	21.75	--	30	65250	卖盘
14:52:00	21.75	-0.01	50	108750	卖盘
14:51:54	21.76	0.01	3	6528	买盘
14:51:45	21.75	--	6	13050	卖盘
14:51:42	21.75	-0.01	2	4350	卖盘
14:51:39	21.76	--	18	39168	卖盘
14:51:33	21.76	--	60	130560	卖盘
14:51:30	21.76	--	13	28288	卖盘
14:51:24	21.76	--	36	78336	卖盘
14:51:21	21.76	--	1	2176	卖盘
14:51:18	21.76	--	3	6528	卖盘
14:51:09	21.76	--	10	21760	卖盘
14:51:06	21.76	--	16	34816	卖盘
14:51:03	21.76	--	4	8704	卖盘
14:50:54	21.76	--	10	21760	卖盘
14:50:51	21.76	--	1	2176	卖盘
14:50:48	21.76	--	7	15232	卖盘
14:50:45	21.76	--	2	4352	卖盘
14:50:39	21.76	--	25	54400	卖盘
14:50:33	21.76	--	43	93568	买盘
14:50:27	21.76	-0.01	4	8704	卖盘
14:50:12	21.77	0.02	7	15239	买盘
14:50:09	21.75	--	10	21750	卖盘
14:50:03	21.75	--	52	113100	卖盘
14:49:54	21.75	-0.01	4	8700	卖盘
14:49:45	21.76	--	31	67456	卖盘
14:49:42	21.76	--	3	6528	卖盘
14:49:39	21.76	--	3	6528	卖盘
14:49:36	21.76	--	20	43520	卖盘
14:49:30	21.76	--	1	2176	卖盘
14:49:21	21.76	-0.01	2	4352	卖盘
14:49:18	21.77	0.01	50	108850	买盘
14:49:15	21.76	--	109	237184	买盘
14:49:03	21.76	--	123	267648	卖盘
14:48:54	21.76	--	18	39168	卖盘
14:48:51	21.76	-0.01	2	4352	卖盘
14:48:45	21.77	0.01	2	4354	买盘
14:48:42	21.76	-0.01	1	2176	卖盘
14:48:39	21.77	--	10	21770	买盘
14:48:33	21.77	--	37	80549	卖盘
14:48:30	21.77	-0.03	5	10885	卖盘
14:48:24	21.8	0.01	365	795700	买盘
14:48:18	21.79	--	20	43580	买盘
14:48:09	21.79	0.02	20	43580	买盘
14:48:06	21.77	--	5	10885	卖盘
14:48:03	21.77	--	37	80549	卖盘
14:48:00	21.77	-0.01	10	21770	卖盘
14:47:57	21.78	0.01	13	28314	买盘
14:47:54	21.77	--	3	6531	卖盘
14:47:51	21.77	--	1	2177	卖盘
14:47:45	21.77	0.01	11	23947	买盘
14:47:42	21.76	--	1	2176	卖盘
14:47:36	21.76	--	2	4352	卖盘
14:47:30	21.76	--	7	15232	卖盘
14:47:21	21.76	0.01	25	54400	买盘
14:47:09	21.75	--	4	8700	卖盘
14:47:06	21.75	--	1	2175	卖盘
14:47:00	21.75	-0.01	100	217500	卖盘
14:46:57	21.76	--	1	2176	买盘
14:46:45	21.76	0.01	50	108800	买盘
14:46:42	21.75	0.01	50	108750	中性盘
14:46:24	21.74	--	1	2174	卖盘
14:46:21	21.74	-0.01	16	34784	卖盘
14:46:18	21.75	--	2	4350	买盘
14:46:12	21.75	0.01	26	56550	买盘
14:46:09	21.74	--	63	136962	卖盘
14:46:00	21.74	--	1	2174	买盘
14:45:54	21.74	--	2	4348	买盘
14:45:51	21.74	--	5	10870	卖盘
14:45:45	21.74	--	5	10870	卖盘
14:45:36	21.74	--	17	36958	买盘
14:45:15	21.74	--	1	2174	卖盘
14:45:06	21.74	-0.01	2	4348	卖盘
14:45:03	21.75	0.01	3	6525	买盘
14:44:57	21.74	--	1	2174	卖盘
14:44:54	21.74	0.01	13	28261	买盘
14:44:45	21.73	--	15	32595	买盘
14:44:33	21.73	--	1	2173	卖盘
14:44:30	21.73	-0.02	3	6519	卖盘
14:44:09	21.75	--	10	21750	卖盘
14:44:00	21.75	-0.01	2	4350	中性盘
14:43:51	21.76	0.01	20	43520	中性盘
14:43:48	21.75	-0.02	20	43500	卖盘
14:43:39	21.77	--	131	285187	买盘
14:43:36	21.77	0.02	5	10885	买盘
14:43:33	21.75	-0.02	11	23925	卖盘
14:43:30	21.77	--	25	54425	买盘
14:43:24	21.77	--	13	28301	买盘
14:43:21	21.77	--	62	134974	买盘
14:43:18	21.77	-0.03	166	361382	卖盘
14:43:15	21.8	-0.05	85	185300	卖盘
14:43:09	21.85	0.04	331	723235	买盘
14:43:06	21.81	--	20	43620	卖盘
14:43:00	21.81	0.01	2	4362	买盘
14:42:54	21.8	--	24	52320	卖盘
14:42:45	21.8	--	2	4360	卖盘
14:42:42	21.8	--	40	87200	买盘
14:42:36	21.8	--	64	139520	买盘
14:42:33	21.8	0.03	20	43600	买盘
14:42:30	21.77	-0.03	1	2177	卖盘
14:42:27	21.8	0.03	9	19620	买盘
14:42:15	21.77	--	87	189399	卖盘
14:42:12	21.77	--	3	6531	卖盘
14:42:09	21.77	0.01	38	82726	买盘
14:42:06	21.76	0.02	17	36992	买盘
14:41:54	21.74	-0.01	2	4348	卖盘
14:41:48	21.75	0.01	35	76125	买盘
14:41:45	21.74	--	10	21740	卖盘
14:41:39	21.74	--	8	18565	买盘
14:41:36	21.74	--	8	17392	买盘
14:41:30	21.74	--	5	10870	买盘
14:41:24	21.74	--	16	34784	买盘
14:41:15	21.74	--	12	26087	买盘
14:41:00	21.74	0.01	8	17392	买盘
14:40:57	21.73	-0.01	10	21730	中性盘
14:40:42	21.74	--	3	6521	买盘
14:40:39	21.74	0.02	2	4348	买盘
14:40:33	21.72	-0.01	200	434400	卖盘
14:40:27	21.73	0.01	4	8692	买盘
14:40:21	21.72	-0.01	3	6516	卖盘
14:40:12	21.73	0.01	29	63017	买盘
14:40:09	21.72	-0.01	1	2172	卖盘
14:40:03	21.73	0.01	18	39114	买盘
14:39:54	21.72	0.02	26	56472	买盘
14:39:45	21.7	--	28	60760	卖盘
14:39:42	21.7	-0.02	6	13020	卖盘
14:39:27	21.72	0.02	4	8688	买盘
14:39:21	21.7	--	1	2170	卖盘
14:39:12	21.7	--	43	93310	买盘
14:39:03	21.7	--	13	28210	买盘
14:39:00	21.7	--	5	10850	买盘
14:38:54	21.7	0.01	22	47740	买盘
14:38:51	21.69	--	3	6507	卖盘
14:38:45	21.69	-0.01	5	10845	卖盘
14:38:39	21.7	0.02	1	2170	买盘
14:38:24	21.68	-0.02	16	34688	卖盘
14:38:00	21.7	--	12	26040	买盘
14:37:54	21.7	--	5	10850	买盘
14:37:48	21.7	--	2	4340	买盘
14:37:12	21.7	0.03	100	217000	买盘
14:37:00	21.67	--	1	2167	买盘
14:36:48	21.67	--	16	34672	买盘
14:36:33	21.67	--	1	2167	买盘
14:36:18	21.67	0.01	5	10835	买盘
14:36:12	21.66	-0.01	2	4332	卖盘
14:36:06	21.67	--	3	6501	买盘
14:35:54	21.67	--	16	34672	卖盘
14:35:30	21.67	--	8	17336	买盘
14:35:27	21.67	--	7	15169	买盘
14:35:24	21.67	--	5	10835	卖盘
14:35:21	21.67	0.01	5	10835	买盘
14:35:15	21.66	--	1	2166	卖盘
14:34:57	21.66	--	4	8664	买盘
14:34:18	21.66	--	3	6498	卖盘
14:34:12	21.66	--	15	32490	卖盘
14:34:09	21.66	--	14	30324	卖盘
14:34:03	21.66	--	7	15162	买盘
14:33:30	21.66	--	1	2166	买盘
14:33:21	21.66	0.01	10	21660	买盘
14:33:18	21.65	-0.01	5	10825	卖盘
14:33:09	21.66	--	14	30324	买盘
14:33:06	21.66	--	3	6498	买盘
14:32:57	21.66	--	15	32490	买盘
14:32:45	21.66	-0.02	44	95304	卖盘
14:32:42	21.68	--	15	32520	买盘
14:32:30	21.68	0.02	25	54200	买盘
14:32:27	21.66	-0.02	2	4332	卖盘
14:32:09	21.68	--	1	2168	买盘
14:31:51	21.68	--	29	62872	卖盘
14:31:45	21.68	-0.02	2	4336	卖盘
14:31:24	21.7	--	1	2170	买盘
14:31:12	21.7	-0.03	115	249550	卖盘
14:30:45	21.73	--	4	8692	买盘
14:30:33	21.73	-0.01	10	21730	中性盘
14:30:24	21.74	0.04	20	43480	买盘
14:30:18	21.7	--	2	4340	卖盘
14:30:12	21.7	-0.04	3	6510	卖盘
14:30:03	21.74	-0.02	3	6521	买盘
14:29:51	21.76	0.05	90	195840	买盘
14:29:33	21.71	0.01	4	8684	买盘
14:29:27	21.7	-0.03	1	2170	卖盘
14:29:18	21.73	--	15	33594	卖盘
14:29:15	21.73	--	7	15211	卖盘
14:29:12	21.73	0.03	277	603094	买盘
14:29:06	21.7	-0.01	5	10850	卖盘
14:29:00	21.71	--	35	75985	买盘
14:28:54	21.71	-0.01	3	6513	卖盘
14:28:51	21.72	--	2	4344	买盘
14:28:36	21.72	-0.05	11	23892	卖盘
14:28:24	21.77	--	11	23947	卖盘
14:28:21	21.77	0.03	314	683578	买盘
14:28:15	21.74	--	170	369580	卖盘
14:28:12	21.74	-0.01	3	6521	卖盘
14:28:03	21.75	--	1	2175	买盘
14:27:51	21.75	-0.01	46	100050	卖盘
14:27:33	21.76	--	5	10880	买盘
14:27:24	21.76	--	2	4352	买盘
14:27:21	21.76	0.01	26	56576	买盘
14:27:15	21.75	0.01	1	2175	卖盘
14:27:12	21.74	-0.01	22	47828	卖盘
14:27:09	21.75	--	2	4350	买盘
14:27:03	21.75	0.01	31	67425	买盘
14:26:39	21.74	-0.01	30	65219	卖盘
14:26:36	21.75	--	49	106575	买盘
14:26:33	21.75	0.01	31	67425	买盘
14:26:27	21.74	--	11	23914	卖盘
14:26:21	21.74	--	5	10870	卖盘
14:26:18	21.74	0.01	12	26087	买盘
14:26:00	21.73	-0.01	4	8692	卖盘
14:25:57	21.74	0.01	5	10870	买盘
14:25:54	21.73	-0.01	1	2173	卖盘
14:25:36	21.74	0.01	3	6521	买盘
14:25:06	21.73	0.03	6	13038	买盘
14:24:57	21.7	--	11	23870	卖盘
14:24:42	21.7	-0.01	1	2170	卖盘
14:24:27	21.71	0.01	5	10855	买盘
14:24:18	21.7	0.02	53	115010	买盘
14:24:03	21.68	--	2	4336	卖盘
14:24:00	21.68	0.01	21	45528	买盘
14:23:48	21.67	--	2	4334	买盘
14:23:42	21.67	--	9	19503	卖盘
14:23:39	21.67	--	17	36839	卖盘
14:23:30	21.67	--	4	8668	卖盘
14:23:27	21.67	--	6	13002	卖盘
14:23:18	21.67	0.01	5	10835	买盘
14:23:12	21.66	0.01	5	10830	卖盘
14:23:03	21.65	--	38	82270	卖盘
14:22:57	21.65	-0.01	4	8660	卖盘
14:22:51	21.66	0.01	1	2166	买盘
14:22:48	21.65	-0.01	7	15154	卖盘
14:22:42	21.66	--	10	21660	买盘
14:22:24	21.66	--	16	34656	买盘
14:22:18	21.66	0.01	12	25992	买盘
14:22:15	21.65	--	8	17320	买盘
14:22:06	21.65	--	17	36805	卖盘
14:21:57	21.65	--	4	8660	买盘
14:21:54	21.65	--	20	43300	买盘
14:21:48	21.65	0.01	5	10825	买盘
14:21:30	21.64	-0.01	7	15148	卖盘
14:21:18	21.65	0.01	14	30309	买盘
14:21:00	21.64	0.01	11	23804	买盘
14:20:48	21.63	0.01	35	75705	买盘
14:20:21	21.62	0.02	10	21620	买盘
14:20:18	21.6	--	2	4320	卖盘
14:20:15	21.6	--	20	43200	卖盘
14:20:12	21.6	--	12	26330	卖盘
14:20:06	21.6	-0.03	9	19440	卖盘
14:20:00	21.63	0.01	10	21630	买盘
14:19:51	21.62	0.03	27	58374	买盘
14:19:42	21.59	--	4	8636	卖盘
14:19:39	21.59	--	3	6477	卖盘
14:19:12	21.59	-0.03	76	165832	卖盘
14:19:06	21.62	0.02	16	34592	中性盘
14:18:45	21.6	-0.02	80	172800	卖盘
14:18:42	21.62	-0.01	80	172960	卖盘
14:18:33	21.63	--	10	21630	买盘
14:18:30	21.63	--	4	8652	买盘
14:18:21	21.63	0.01	5	10815	买盘
14:18:18	21.62	--	10	21620	卖盘
14:18:12	21.62	--	10	21620	卖盘
14:18:09	21.62	--	10	21620	卖盘
14:18:06	21.62	0.02	139	300518	买盘
14:18:03	21.6	--	3	6480	卖盘
14:18:00	21.6	--	53	114480	卖盘
14:17:57	21.6	-0.02	16	34560	卖盘
14:17:51	21.62	--	14	30268	买盘
14:17:45	21.62	-0.01	10	21620	卖盘
14:17:42	21.63	-0.01	44	95172	卖盘
14:17:39	21.64	--	2	4328	卖盘
14:17:30	21.64	0.01	1	2164	买盘
14:17:21	21.63	0.03	15	32445	买盘
14:17:15	21.6	-0.02	80	172800	卖盘
14:17:00	21.62	0.01	10	21620	买盘
14:16:51	21.61	0.01	3	6677	买盘
14:16:45	21.6	--	23	49680	卖盘
14:16:42	21.6	--	13	28080	卖盘
14:16:39	21.6	-0.01	364	786240	卖盘
14:16:36	21.61	0.03	154	332794	买盘
14:16:33	21.58	--	1	2158	买盘
14:16:30	21.58	--	76	164008	买盘
14:16:27	21.58	--	5	10790	买盘
14:16:24	21.58	--	4	8632	买盘
14:16:21	21.58	0.02	15	32369	买盘
14:16:18	21.56	--	65	140140	卖盘
14:16:12	21.56	--	5	10780	卖盘
14:16:09	21.56	--	20	43120	卖盘
14:16:03	21.56	--	1	2156	卖盘
14:16:00	21.56	0.04	143	308308	买盘
14:15:54	21.52	--	4	8608	卖盘
14:15:51	21.52	--	2	4304	买盘
14:15:48	21.52	0.01	18	38736	卖盘
14:15:45	21.51	-0.01	80	172080	卖盘
14:15:42	21.52	-0.03	100	215200	卖盘
14:15:39	21.55	-0.01	15	32325	买盘
14:15:27	21.56	0.05	21	45276	买盘
14:15:24	21.51	-0.04	15	32265	卖盘
14:15:21	21.55	-0.01	4	8620	卖盘
14:15:18	21.56	0.05	10	21560	买盘
14:15:12	21.51	-0.04	80	172080	卖盘
14:15:09	21.55	--	10	21550	卖盘
14:15:06	21.55	-0.02	2	4310	卖盘
14:15:03	21.57	--	10	21570	买盘
14:15:00	21.57	0.01	7	15099	买盘
14:14:57	21.56	--	14	30184	卖盘
14:14:54	21.56	-0.01	1	2156	卖盘
14:14:48	21.57	--	4	8628	买盘
14:14:42	21.57	-0.03	77	166283	卖盘
14:14:39	21.6	--	9	21211	卖盘
14:14:36	21.6	--	75	162000	卖盘
14:14:33	21.6	--	12	25920	卖盘
14:14:24	21.6	--	2	4320	卖盘
14:14:21	21.6	--	6	12960	卖盘
14:14:18	21.6	--	6	12960	卖盘
14:14:15	21.6	--	188	406080	卖盘
14:14:12	21.6	-0.01	25	54000	卖盘
14:14:06	21.61	--	24	51864	卖盘
14:13:54	21.61	0.01	20	43220	买盘
14:13:51	21.6	-0.02	268	578880	卖盘
14:13:48	21.62	0.02	35	75670	买盘
14:13:45	21.6	-0.02	161	347760	卖盘
14:13:42	21.62	--	28	60536	买盘
14:13:27	21.62	--	37	79994	买盘
14:13:18	21.62	--	2	4324	买盘
14:13:12	21.62	--	81	175122	买盘
14:13:09	21.62	-0.01	13	28106	卖盘
14:13:00	21.63	0.01	17	36771	买盘
14:12:54	21.62	-0.01	2	4324	中性盘
14:12:48	21.63	--	18	38934	买盘
14:12:42	21.63	0.02	90	194670	买盘
14:12:39	21.61	-0.02	80	172880	卖盘
14:12:36	21.63	--	11	23793	买盘
14:12:21	21.63	0.02	14	30282	中性盘
14:12:12	21.61	-0.02	160	345760	卖盘
14:11:57	21.63	--	31	67053	买盘
14:11:54	21.63	-0.02	53	115958	卖盘
14:11:48	21.65	0.01	15	32474	卖盘
14:11:24	21.64	-0.01	95	206142	卖盘
14:11:09	21.65	0.01	17	36805	中性盘
14:10:54	21.64	--	89	192877	卖盘
14:10:51	21.64	--	5	10820	卖盘
14:10:45	21.64	--	16	34624	卖盘
14:10:39	21.64	--	5	10820	卖盘
14:10:36	21.64	--	7	15148	买盘
14:10:27	21.64	0.01	10	21640	买盘
14:10:24	21.63	-0.01	12	25956	卖盘
14:10:21	21.64	0.01	9	19476	买盘
14:10:15	21.63	0.01	7	15141	中性盘
14:10:06	21.62	--	6	12972	卖盘
14:10:00	21.62	--	3	6486	买盘
14:09:54	21.62	0.01	35	75670	买盘
14:09:51	21.61	--	12	25932	卖盘
14:09:42	21.61	-0.01	3	6483	卖盘
14:09:39	21.62	-0.01	10	21620	中性盘
14:09:33	21.63	--	82	177366	买盘
14:09:21	21.63	--	36	77868	卖盘
14:09:15	21.63	-0.01	30	64890	卖盘
14:09:12	21.64	--	2	4328	买盘
14:09:09	21.64	-0.01	34	73576	卖盘
14:09:06	21.65	--	7	15154	买盘
14:08:57	21.65	--	50	108250	买盘
14:08:54	21.65	-0.01	268	580220	卖盘
14:08:39	21.66	-0.02	21	45486	卖盘
14:08:36	21.68	0.02	20	43360	买盘
14:08:24	21.66	--	31	67146	买盘
14:08:18	21.66	--	5	10830	买盘
14:08:15	21.66	0.01	10	21660	买盘
14:08:12	21.65	-0.01	10	21650	卖盘
14:08:03	21.66	--	4	8664	买盘
14:07:57	21.66	-0.02	451	976866	卖盘
14:07:45	21.68	--	5	10840	卖盘
14:07:39	21.68	--	9	19512	卖盘
14:07:33	21.68	-0.01	25	54200	卖盘
14:07:27	21.69	--	5	10845	卖盘
14:07:24	21.69	--	15	32535	买盘
14:07:21	21.69	0.01	3	6507	买盘
14:07:15	21.68	-0.01	11	23848	卖盘
14:07:06	21.69	0.01	2	4338	买盘
14:07:00	21.68	--	10	21680	卖盘
14:06:57	21.68	-0.02	18	39024	卖盘
14:06:39	21.7	0.01	5	10850	买盘
14:06:36	21.69	--	1	2169	买盘
14:06:33	21.69	0.01	20	43380	买盘
14:06:27	21.68	--	41	88888	卖盘
14:06:24	21.68	-0.01	9	19512	卖盘
14:06:15	21.69	--	15	32535	买盘
14:05:48	21.69	--	6	13014	买盘
14:05:21	21.69	0.01	15	32535	买盘
14:05:12	21.68	--	2	4336	卖盘
14:05:06	21.68	-0.01	12	26016	卖盘
14:04:51	21.69	--	8	17352	卖盘
14:04:48	21.69	-0.01	1	2169	卖盘
14:04:45	21.7	0.01	5	10850	买盘
14:04:39	21.69	--	3	6507	卖盘
14:04:33	21.69	--	11	23859	卖盘
14:04:18	21.69	-0.01	19	41211	卖盘
14:04:00	21.7	0.01	10	21700	买盘
14:03:57	21.69	--	53	114957	卖盘
14:03:42	21.69	--	18	39042	卖盘
14:03:33	21.69	-0.01	17	36873	中性盘
14:03:27	21.7	--	63	136710	买盘
14:02:57	21.7	0.04	5	10850	买盘
14:02:48	21.66	-0.04	200	433200	卖盘
14:02:45	21.7	0.02	4	8680	买盘
14:02:36	21.68	-0.02	58	125744	卖盘
14:02:27	21.7	--	5	10850	买盘
14:02:12	21.7	--	5	10850	买盘
14:02:09	21.7	--	126	273420	买盘
14:02:00	21.7	--	20	43400	买盘
14:01:54	21.7	--	1	2170	买盘
14:01:36	21.7	0.01	6	13020	买盘
14:01:24	21.69	--	9	19521	卖盘
14:01:18	21.69	--	4	8676	买盘
14:01:15	21.69	--	6	13014	卖盘
14:01:12	21.69	--	5	10845	卖盘
14:01:09	21.69	0.01	2	4338	中性盘
14:01:03	21.68	-0.01	25	54200	卖盘
14:01:00	21.69	--	1	2169	买盘
14:00:42	21.69	-0.01	4	8676	中性盘
14:00:18	21.7	0.01	30	65100	买盘
14:00:15	21.69	-0.01	77	167013	卖盘
14:00:09	21.7	0.01	2	4340	买盘
14:00:06	21.69	--	30	65070	卖盘
14:00:03	21.69	-0.01	10	21690	卖盘
13:59:42	21.7	0.01	10	21700	买盘
13:59:33	21.69	-0.01	2	4338	卖盘
13:59:21	21.7	--	3	6510	买盘
13:59:15	21.7	0.01	5	10850	买盘
13:59:12	21.69	--	5	10845	卖盘
13:59:09	21.69	-0.01	3	6507	卖盘
13:59:00	21.7	0.01	5	10850	买盘
13:58:57	21.69	--	22	47718	卖盘
13:58:48	21.69	--	20	43380	卖盘
13:58:36	21.69	--	14	30366	卖盘
13:58:30	21.69	--	13	28197	卖盘
13:58:27	21.69	--	6	13014	卖盘
13:58:18	21.69	--	10	21690	卖盘
13:58:12	21.69	-0.01	40	86760	卖盘
13:58:03	21.7	--	10	21700	买盘
13:57:57	21.7	--	12	26040	买盘
13:57:54	21.7	-0.02	280	608576	卖盘
13:57:51	21.72	0.01	41	89616	买盘
13:57:21	21.71	--	20	43420	卖盘
13:57:15	21.71	-0.01	15	32565	卖盘
13:57:12	21.72	0.01	10	21720	买盘
13:56:42	21.71	-0.01	3	6513	卖盘
13:56:39	21.72	0.01	5	10860	买盘
13:56:21	21.71	-0.01	53	115063	卖盘
13:56:12	21.72	--	1	2172	买盘
13:56:09	21.72	0.01	2	4344	买盘
13:56:03	21.71	0.01	5	10855	中性盘
13:55:45	21.7	--	4	8680	卖盘
13:55:42	21.7	--	10	21700	卖盘
13:55:24	21.7	-0.02	10	21700	卖盘
13:55:21	21.72	0.02	25	54300	买盘
13:55:18	21.7	-0.01	4	8680	卖盘
13:55:15	21.71	0.01	10	21710	买盘
13:55:12	21.7	--	5	10850	卖盘
13:55:09	21.7	--	64	138880	卖盘
13:55:03	21.7	-0.01	4	8680	卖盘
13:54:57	21.71	0.01	5	10855	买盘
13:54:54	21.7	-0.01	10	21700	卖盘
13:54:42	21.71	--	139	303375	卖盘
13:54:27	21.71	-0.01	1	2171	卖盘
13:54:18	21.72	0.01	1	2172	买盘
13:54:00	21.71	--	13	28223	卖盘
13:53:30	21.71	--	4	8684	卖盘
13:53:21	21.71	-0.04	507	1100697	卖盘
13:52:45	21.75	0.01	70	152250	买盘
13:52:33	21.74	--	42	91308	卖盘
13:52:24	21.74	--	5	10870	卖盘
13:52:21	21.74	-0.01	2	4348	卖盘
13:52:15	21.75	--	10	21750	买盘
13:52:12	21.75	--	10	21750	买盘
13:52:03	21.75	0.01	1	2175	买盘
13:52:00	21.74	--	2	4348	卖盘
13:51:45	21.74	0.01	34	73916	买盘
13:51:24	21.73	0.01	5	10865	买盘
13:51:12	21.72	-0.02	8	17376	卖盘
13:50:48	21.74	0.01	13	28261	买盘
13:50:42	21.73	-0.01	9	19557	卖盘
13:50:33	21.74	0.01	26	56523	买盘
13:50:21	21.73	-0.01	16	34768	卖盘
13:50:15	21.74	--	14	30435	卖盘
13:50:12	21.74	--	8	17392	卖盘
13:50:09	21.74	--	20	43480	卖盘
13:50:06	21.74	--	10	21740	卖盘
13:50:03	21.74	--	8	17392	卖盘
13:49:54	21.74	--	2	4348	卖盘
13:49:45	21.74	--	10	21740	卖盘
13:49:42	21.74	--	23	50002	买盘
13:49:39	21.74	--	11	23914	买盘
13:49:36	21.74	--	2	4348	买盘
13:49:21	21.74	-0.01	25	54349	卖盘
13:49:09	21.75	--	5	10875	买盘
13:49:06	21.75	--	3	6525	买盘
13:48:57	21.75	0.01	1	2175	买盘
13:48:48	21.74	--	5	10870	卖盘
13:48:45	21.74	-0.01	5	10870	卖盘
13:48:42	21.75	--	186	404550	买盘
13:48:24	21.75	--	26	56550	买盘
13:48:18	21.75	0.01	5	10875	买盘
13:48:09	21.74	--	4	8696	卖盘
13:47:57	21.74	0.01	55	119569	买盘
13:47:54	21.73	-0.01	25	54325	卖盘
13:47:48	21.74	0.01	5	10870	中性盘
13:47:36	21.73	-0.02	220	478060	卖盘
13:47:33	21.75	0.01	2	4350	买盘
13:47:27	21.74	-0.01	13	28261	中性盘
13:47:12	21.75	0.01	10	21750	买盘
13:47:09	21.74	--	2	4348	卖盘
13:47:03	21.74	--	20	43480	卖盘
13:47:00	21.74	--	20	43480	卖盘
13:46:57	21.74	-0.01	2	4348	卖盘
13:46:48	21.75	0.01	5	10875	买盘
13:46:39	21.74	--	1	2174	卖盘
13:46:36	21.74	--	1	2174	卖盘
13:46:33	21.74	--	37	80438	卖盘
13:46:30	21.74	--	11	23914	卖盘
13:46:21	21.74	--	10	21740	卖盘
13:46:06	21.74	--	3	6521	卖盘
13:46:03	21.74	0.01	24	52175	中性盘
13:46:00	21.73	--	2	4346	卖盘
13:45:42	21.73	--	3	6519	卖盘
13:45:39	21.73	--	2	4346	卖盘
13:45:21	21.73	--	19	41287	卖盘
13:45:18	21.73	-0.02	34	73882	卖盘
13:45:06	21.75	--	50	108750	买盘
13:45:00	21.75	--	12	26100	买盘
13:44:57	21.75	--	25	54375	买盘
13:44:39	21.75	-0.01	174	378450	卖盘
13:44:30	21.76	--	2	4352	买盘
13:44:24	21.76	0.01	2	4352	买盘
13:44:21	21.75	-0.01	11	23925	卖盘
13:44:15	21.76	--	38	82688	买盘
13:44:12	21.76	--	9	19584	买盘
13:44:03	21.76	-0.03	85	184960	卖盘
13:43:51	21.79	0.03	19	41401	买盘
13:43:39	21.76	-0.02	50	108800	卖盘
13:43:21	21.78	--	7	15246	卖盘
13:43:00	21.78	0.01	29	63162	中性盘
13:42:54	21.77	--	4	8708	买盘
13:42:39	21.77	0.02	25	54425	中性盘
13:42:27	21.75	--	1	2175	卖盘
13:42:15	21.75	0.03	3	6525	卖盘
13:42:12	21.72	--	7	15204	卖盘
13:42:09	21.72	--	1	2172	卖盘
13:42:03	21.72	--	10	21720	卖盘
13:41:48	21.72	-0.06	10	21720	卖盘
13:41:42	21.78	0.03	31	67518	买盘
13:41:18	21.75	--	4	8700	中性盘
13:41:15	21.75	--	5	10875	买盘
13:41:12	21.75	--	16	34800	卖盘
13:41:06	21.75	0.04	79	171825	买盘
13:41:03	21.71	-0.04	119	258349	卖盘
13:40:51	21.75	--	10	21750	买盘
13:40:36	21.75	--	4	8700	卖盘
13:40:30	21.75	--	3	6525	卖盘
13:40:24	21.75	-0.01	59	128325	卖盘
13:40:09	21.76	--	11	23936	卖盘
13:40:03	21.76	--	10	21760	卖盘
13:39:51	21.76	--	2	4352	买盘
13:39:27	21.76	--	5	10880	买盘
13:39:18	21.76	--	10	21760	买盘
13:39:09	21.76	--	2	4352	卖盘
13:38:51	21.76	0.01	1	2176	中性盘
13:38:39	21.75	--	38	82650	买盘
13:38:36	21.75	--	5	10875	买盘
13:38:27	21.75	-0.03	16	34800	卖盘
13:38:24	21.78	--	2	4356	卖盘
13:38:18	21.78	--	4	8712	卖盘
13:38:15	21.78	--	2	4356	卖盘
13:38:12	21.78	--	1	2178	卖盘
13:38:03	21.78	--	1	2178	卖盘
13:38:00	21.78	-0.01	2	4356	中性盘
13:37:18	21.79	--	6	13074	卖盘
13:37:15	21.79	--	5	10895	卖盘
13:37:06	21.79	--	12	26148	卖盘
13:37:00	21.79	--	8	17432	买盘
13:36:51	21.79	0.06	1	2179	买盘
13:36:45	21.73	0.02	9	19557	中性盘
13:36:36	21.71	-0.02	13	29742	卖盘
13:36:27	21.73	0.02	1	2173	买盘
13:36:24	21.71	--	8	18583	买盘
13:36:21	21.71	--	10	21710	买盘
13:36:18	21.71	0.01	25	54275	买盘
13:36:15	21.7	-0.09	23	49910	卖盘
13:36:09	21.79	0.09	45	98055	买盘
13:36:03	21.7	-0.02	324	703080	卖盘
13:35:54	21.72	-0.01	185	401820	卖盘
13:35:51	21.73	-0.01	21	45633	卖盘
13:35:48	21.74	--	10	21740	买盘
13:35:45	21.74	--	6	13043	买盘
13:35:42	21.74	0.01	5	10870	买盘
13:35:39	21.73	--	4	8692	卖盘
13:35:36	21.73	-0.01	54	118059	卖盘
13:35:33	21.74	--	52	113047	买盘
13:35:27	21.74	0.02	20	43480	买盘
13:35:06	21.72	-0.01	37	81406	卖盘
13:35:00	21.73	-0.06	300	651900	卖盘
13:34:57	21.79	0.05	3	6537	买盘
13:34:36	21.74	-0.05	73	160658	卖盘
13:34:27	21.79	-0.01	7	15253	卖盘
13:34:24	21.8	--	50	109000	卖盘
13:34:18	21.8	--	53	115540	卖盘
13:34:12	21.8	--	2	4360	卖盘
13:34:09	21.8	0.06	67	146147	买盘
13:33:48	21.74	--	16	35957	买盘
13:33:39	21.74	--	4	8696	买盘
13:33:36	21.74	-0.06	41	89134	卖盘
13:33:27	21.8	-0.03	4	8720	中性盘
13:32:33	21.83	0.02	3	6548	买盘
13:32:30	21.81	0.1	1	2181	卖盘
13:32:21	21.71	-0.13	434	942214	卖盘
13:32:12	21.84	0.04	2	4368	买盘
13:32:06	21.8	--	1	2180	卖盘
13:32:00	21.8	0.02	96	209280	买盘
13:31:57	21.78	0.01	7	15246	买盘
13:31:54	21.77	-0.01	20	43540	卖盘
13:31:39	21.78	-0.02	9	19602	中性盘
13:31:15	21.8	--	7	15260	卖盘
13:31:12	21.8	--	5	10900	卖盘
13:30:54	21.8	0.02	75	163500	买盘
13:30:51	21.78	-0.02	1	2178	中性盘
13:30:45	21.8	0.02	60	130800	买盘
13:30:39	21.78	--	2	4356	卖盘
13:30:27	21.78	-0.09	72	156816	卖盘
13:30:15	21.87	--	5	10935	买盘
13:30:12	21.87	--	96	209952	卖盘
13:30:09	21.87	--	10	21870	卖盘
13:30:00	21.87	--	17	37179	卖盘
13:29:57	21.87	--	10	21870	卖盘
13:29:48	21.87	-0.01	9	19683	卖盘
13:29:45	21.88	0.01	43	94084	买盘
13:29:39	21.87	-0.01	4	8748	卖盘
13:29:33	21.88	--	14	30632	买盘
13:29:24	21.88	--	2	4376	买盘
13:29:21	21.88	0.01	115	251620	买盘
13:29:12	21.87	0.07	45	98415	买盘
13:29:06	21.8	-0.05	20	43600	卖盘
13:29:00	21.85	--	113	246905	买盘
13:28:57	21.85	--	10	21850	买盘
13:28:45	21.85	0.01	7	15295	买盘
13:28:39	21.84	-0.01	2	4368	卖盘
13:28:36	21.85	0.01	41	89585	买盘
13:28:27	21.84	0.04	3	6552	中性盘
13:28:18	21.8	-0.05	8	17440	卖盘
13:28:12	21.85	0.05	9	19665	买盘
13:28:03	21.8	0.02	20	43600	买盘
13:28:00	21.78	--	10	21780	卖盘
13:27:48	21.78	-0.07	20	43560	卖盘
13:27:30	21.85	0.05	306	669615	买盘
13:27:15	21.8	--	17	37060	卖盘
13:27:03	21.8	-0.06	8	17440	卖盘
13:26:54	21.86	0.07	3	6558	买盘
13:26:51	21.79	-0.01	20	43580	卖盘
13:26:48	21.8	-0.03	10	21800	卖盘
13:26:42	21.83	0.03	4	8732	买盘
13:26:39	21.8	--	132	287760	卖盘
13:26:36	21.8	--	15	32700	买盘
13:26:33	21.8	--	26	56680	买盘
13:26:30	21.8	0.02	5	10900	买盘
13:26:21	21.78	--	3	6534	卖盘
13:26:12	21.78	-0.02	8	17424	卖盘
13:26:06	21.8	0.03	23	50140	买盘
13:26:03	21.77	--	29	63133	卖盘
13:25:51	21.77	--	23	50071	买盘
13:25:48	21.77	--	33	71841	买盘
13:25:45	21.77	--	5	10885	买盘
13:25:39	21.77	--	4	8708	买盘
13:25:36	21.77	-0.03	96	208992	卖盘
13:25:33	21.8	--	84	183120	买盘
13:25:27	21.8	--	20	43600	买盘
13:25:21	21.8	0.02	14	30520	买盘
13:25:18	21.78	0.01	1	2178	中性盘
13:25:15	21.77	-0.01	20	43540	卖盘
13:25:12	21.78	-0.02	5	10890	中性盘
13:24:57	21.8	--	5	10900	买盘
13:24:51	21.8	--	91	198380	卖盘
13:24:48	21.8	--	18	39240	卖盘
13:24:45	21.8	--	5	10900	卖盘
13:24:39	21.8	--	2	4360	卖盘
13:24:36	21.8	--	7	15260	卖盘
13:24:27	21.8	--	2	4360	卖盘
13:24:18	21.8	-0.01	2	4360	卖盘
13:24:12	21.81	-0.01	10	21810	中性盘
13:24:06	21.82	--	25	54550	买盘
13:23:54	21.82	--	4	8728	卖盘
13:23:42	21.82	0.01	16	34912	买盘
13:23:36	21.81	-0.01	1	2181	中性盘
13:23:12	21.82	--	6	13092	买盘
13:23:03	21.82	--	3	6546	卖盘
13:22:51	21.82	-0.01	5	10910	卖盘
13:22:48	21.83	--	15	32744	买盘
13:22:36	21.83	--	3	6548	买盘
13:22:24	21.83	-0.03	88	192103	卖盘
13:22:09	21.86	0.01	12	26232	买盘
13:22:06	21.85	-0.01	1	2185	中性盘
13:22:03	21.86	--	21	45906	买盘
13:21:45	21.86	--	7	15302	买盘
13:21:36	21.86	0.01	2	4372	买盘
13:21:27	21.85	--	2	4370	中性盘
13:20:48	21.85	-0.03	47	102695	卖盘
13:20:36	21.88	--	1	2188	买盘
13:20:33	21.88	-0.02	206	450728	卖盘
13:20:27	21.9	0.01	50	109500	买盘
13:20:21	21.89	--	1	2189	卖盘
13:20:18	21.89	--	4	8756	买盘
13:20:03	21.89	0.01	3	6567	中性盘
13:19:57	21.88	-0.01	67	146596	卖盘
13:19:54	21.89	0.03	17	37213	中性盘
13:19:30	21.86	-0.04	4	8744	卖盘
13:19:27	21.9	--	7	15329	买盘
13:19:15	21.9	--	1	2190	卖盘
13:19:12	21.9	--	4	8760	卖盘
13:19:09	21.9	--	7	15329	卖盘
13:18:42	21.9	-0.01	8	17520	卖盘
13:18:39	21.91	--	6	13146	卖盘
13:18:33	21.91	--	7	15337	卖盘
13:18:30	21.91	--	1	2191	卖盘
13:18:27	21.91	-0.02	4	8764	卖盘
13:18:15	21.93	0.02	23	50439	买盘
13:18:12	21.91	--	10	21910	卖盘
13:18:06	21.91	--	10	21910	卖盘
13:18:00	21.91	--	4	8764	卖盘
13:17:54	21.91	0.01	16	35056	买盘
13:17:45	21.9	--	13	28469	卖盘
13:17:36	21.9	0.05	34	74460	买盘
13:17:33	21.85	0.02	3	6555	中性盘
13:17:24	21.83	-0.01	30	65489	卖盘
13:17:21	21.84	--	19	41496	买盘
13:17:18	21.84	--	19	41496	买盘
13:17:15	21.84	--	10	21840	买盘
13:17:12	21.84	--	30	65520	买盘
13:17:06	21.84	-0.01	32	69888	买盘
13:17:00	21.85	0.02	10	21850	中性盘
13:16:57	21.83	-0.06	2	4366	卖盘
13:16:45	21.89	-0.02	26	56914	卖盘
13:16:27	21.91	0.01	4	8764	卖盘
13:16:12	21.9	-0.04	8	17520	中性盘
13:16:00	21.94	--	61	133834	买盘
13:15:54	21.94	0.04	74	162356	买盘
13:15:48	21.9	-0.04	2	4380	卖盘
13:15:36	21.94	--	48	105312	买盘
13:15:15	21.94	-0.01	47	103118	中性盘
13:15:00	21.95	-0.01	223	489485	卖盘
13:14:57	21.96	--	4	8784	买盘
13:14:54	21.96	0.01	65	142740	买盘
13:14:51	21.95	--	1	2195	卖盘
13:14:48	21.95	-0.01	15	32925	中性盘
13:14:39	21.96	--	10	21960	买盘
13:14:36	21.96	--	52	114192	买盘
13:14:33	21.96	--	9	19764	买盘
13:14:30	21.96	--	52	114192	卖盘
13:14:18	21.96	-0.04	81	177876	卖盘
13:14:15	22.0	--	48	105600	买盘
13:14:09	22.0	--	97	213400	买盘
13:14:06	22.0	0.02	55	121000	买盘
13:14:03	21.98	-0.02	50	109900	中性盘
13:13:54	22.0	--	50	110000	买盘
13:13:48	22.0	0.05	114	250800	买盘
13:13:45	21.95	-0.03	7	15365	卖盘
13:13:42	21.98	0.02	97	213206	买盘
13:13:39	21.96	--	17	37332	买盘
13:13:36	21.96	0.01	53	116388	买盘
13:13:30	21.95	0.02	686	1505770	买盘
13:13:27	21.93	--	23	50439	卖盘
13:13:15	21.93	--	26	57018	买盘
13:13:12	21.93	--	40	87720	买盘
13:12:54	21.93	0.05	67	146931	买盘
13:12:39	21.88	-0.02	32	70016	卖盘
13:12:36	21.9	0.02	34	75117	买盘
13:12:33	21.88	--	2	4376	卖盘
13:12:15	21.88	0.02	3	6564	买盘
13:12:09	21.86	-0.03	1	2186	卖盘
13:11:54	21.89	--	48	105072	买盘
13:11:36	21.89	0.01	47	102883	买盘
13:11:21	21.88	--	1	2188	买盘
13:11:18	21.88	-0.01	38	83144	卖盘
13:11:15	21.89	0.01	126	275814	买盘
13:11:09	21.88	--	2	4376	卖盘
13:11:00	21.88	--	2	4376	卖盘
13:10:54	21.88	0.05	6	13128	中性盘
13:10:48	21.83	--	4	9932	买盘
13:10:42	21.83	-0.05	36	79570	卖盘
13:10:39	21.88	--	5	10940	卖盘
13:10:36	21.88	0.01	31	69031	买盘
13:10:33	21.87	-0.01	5	10935	买盘
13:10:27	21.88	0.01	137	299756	买盘
13:10:24	21.87	--	2	4374	买盘
13:10:15	21.87	-0.01	47	102789	中性盘
13:09:57	21.88	--	5	10940	买盘
13:09:54	21.88	--	85	185980	买盘
13:09:36	21.88	--	48	105024	买盘
13:09:33	21.88	-0.01	48	105024	卖盘
13:09:18	21.89	-0.03	118	260053	卖盘
13:09:15	21.92	0.02	17	37702	买盘
13:09:09	21.9	0.01	42	91980	买盘
13:09:06	21.89	--	8	17512	卖盘
13:08:57	21.89	-0.03	24	54287	卖盘
13:08:54	21.92	0.02	28	61814	买盘
13:08:51	21.9	--	4	8760	买盘
13:08:42	21.9	-0.02	1	2190	买盘
13:08:36	21.92	0.01	48	105216	买盘
13:08:33	21.91	--	1	2191	买盘
13:08:30	21.91	0.01	21	46011	买盘
13:08:27	21.9	-0.01	5	10950	买盘
13:08:24	21.91	--	17	37247	买盘
13:08:15	21.91	0.03	48	105168	买盘
13:08:03	21.88	-0.02	30	65640	卖盘
13:07:54	21.9	0.01	47	102930	买盘
13:07:51	21.89	--	12	26268	卖盘
13:07:42	21.89	--	8	17512	卖盘
13:07:39	21.89	-0.01	8	17512	卖盘
13:07:36	21.9	--	3	6570	买盘
13:07:33	21.9	0.01	57	124829	买盘
13:07:30	21.89	-0.01	1	2189	卖盘
13:07:24	21.9	--	21	45990	买盘
13:07:15	21.9	--	59	129209	买盘
13:07:09	21.9	0.01	1	2190	买盘
13:07:06	21.89	--	4	8756	卖盘
13:07:03	21.89	-0.01	9	19701	卖盘
13:07:00	21.9	0.01	16	35040	买盘
13:06:54	21.89	0.01	5	10945	买盘
13:06:51	21.88	--	13	28444	买盘
13:06:36	21.88	-0.02	10	21880	卖盘
13:06:33	21.9	--	47	102930	买盘
13:06:15	21.9	--	48	105120	买盘
13:06:12	21.9	--	200	438000	买盘
13:06:09	21.9	0.02	500	1095000	买盘
13:06:06	21.88	--	10	21880	买盘
13:06:00	21.88	-0.01	10	21880	卖盘
13:05:54	21.89	--	48	105072	买盘
13:05:51	21.89	--	10	21890	买盘
13:05:42	21.89	0.01	15	32835	买盘
13:05:39	21.88	-0.01	13	28444	卖盘
13:05:33	21.89	0.01	48	105072	买盘
13:05:30	21.88	-0.01	3	6564	卖盘
13:05:24	21.89	--	4	8756	买盘
13:05:21	21.89	--	30	65670	买盘
13:05:18	21.89	--	2	4378	买盘
13:05:15	21.89	0.01	47	102883	买盘
13:05:12	21.88	--	12	26256	买盘
13:05:03	21.88	0.03	34	74392	买盘
13:04:54	21.85	0.03	38	83030	买盘
13:04:39	21.82	0.04	232	506224	买盘
13:04:33	21.78	0.04	39	84942	买盘
13:04:30	21.74	-0.04	4	8696	卖盘
13:04:27	21.78	--	41	89298	买盘
13:04:06	21.78	0.04	500	1089000	买盘
13:03:54	21.74	0.01	32	69568	买盘
13:03:48	21.73	-0.01	6	13038	卖盘
13:03:30	21.74	--	9	19566	卖盘
13:03:27	21.74	--	18	39132	买盘
13:03:21	21.74	--	3	6521	买盘
13:03:12	21.74	--	5	10870	买盘
13:03:00	21.74	--	40	86960	买盘
13:02:57	21.74	--	8	17392	买盘
13:02:54	21.74	0.01	1	2174	买盘
13:02:39	21.73	0.01	176	382448	买盘
13:02:21	21.72	--	10	21720	卖盘
13:02:18	21.72	--	84	182448	卖盘
13:02:15	21.72	--	41	89052	买盘
13:02:12	21.72	--	4	8688	买盘
13:01:21	21.72	0.01	120	260640	买盘
13:01:18	21.71	--	25	54275	买盘
13:00:48	21.71	-0.01	112	243152	卖盘
13:00:42	21.72	--	80	173760	买盘
13:00:39	21.72	0.01	15	32580	买盘
13:00:36	21.71	-0.01	1	2171	卖盘
13:00:12	21.72	0.01	9	19548	买盘
13:00:09	21.71	--	51	110721	卖盘
13:00:06	21.71	--	34	73814	卖盘
13:00:03	21.71	--	211	458081	卖盘
13:00:00	21.71	--	0	0	卖盘
11:30:00	21.71	--	0	0	卖盘
11:29:54	21.71	--	1	2171	卖盘
11:29:51	21.71	--	7	15197	卖盘
11:29:48	21.71	-0.01	2	4342	卖盘
11:29:24	21.72	0.01	15	32580	买盘
11:29:15	21.71	--	1	2171	卖盘
11:29:09	21.71	--	229	497159	卖盘
11:29:00	21.71	0.01	1	2171	中性盘
11:28:51	21.7	-0.01	160	347200	卖盘
11:28:36	21.71	--	4	8684	买盘
11:28:27	21.71	-0.01	16	34736	卖盘
11:28:21	21.72	0.01	4	8688	买盘
11:28:15	21.71	--	13	28223	卖盘
11:28:12	21.71	--	30	65130	卖盘
11:28:09	21.71	-0.01	2	4342	卖盘
11:27:57	21.72	--	207	449604	买盘
11:27:54	21.72	--	27	58644	买盘
11:27:48	21.72	--	4	8688	买盘
11:27:39	21.72	0.01	12	26064	买盘
11:27:27	21.71	--	65	141115	买盘
11:27:24	21.71	--	30	65130	买盘
11:27:09	21.71	--	9	19539	买盘
11:27:06	21.71	--	10	21710	买盘
11:27:00	21.71	--	1	2171	买盘
11:26:45	21.71	0.02	10	21710	买盘
11:26:36	21.69	-0.01	20	43380	卖盘
11:26:30	21.7	--	44	95480	买盘
11:26:27	21.7	--	14	30380	买盘
11:26:21	21.7	--	11	23870	买盘
11:26:18	21.7	--	5	10850	买盘
11:26:15	21.7	--	4	8680	买盘
11:26:09	21.7	0.01	50	108500	买盘
11:26:06	21.69	0.01	4	8676	买盘
11:26:03	21.68	--	7	15176	卖盘
11:26:00	21.68	-0.01	19	41192	卖盘
11:25:57	21.69	--	5	10845	买盘
11:25:54	21.69	--	7	15183	买盘
11:25:45	21.69	0.01	5	10845	买盘
11:25:33	21.68	-0.01	4	8672	卖盘
11:25:30	21.69	0.01	24	52056	买盘
11:25:27	21.68	-0.01	23	49864	卖盘
11:25:12	21.69	--	24	52056	买盘
11:25:09	21.69	0.01	45	97605	买盘
11:24:57	21.68	--	38	82384	卖盘
11:24:48	21.68	-0.01	17	36856	卖盘
11:24:45	21.69	--	2	4338	买盘
11:24:39	21.69	0.01	1	2169	买盘
11:24:36	21.68	-0.01	100	216800	卖盘
11:24:30	21.69	-0.01	64	138816	卖盘
11:24:24	21.7	--	11	23870	买盘
11:24:15	21.7	0.02	10	21700	买盘
11:24:06	21.68	-0.02	13	28184	卖盘
11:24:03	21.7	0.02	170	368900	买盘
11:23:27	21.68	-0.01	37	80216	卖盘
11:23:24	21.69	-0.01	25	54225	中性盘
11:23:18	21.7	--	23	49910	买盘
11:23:12	21.7	--	1	2170	买盘
11:23:06	21.7	--	10	21700	买盘
11:23:00	21.7	--	3	6510	买盘
11:22:54	21.7	--	1	2170	买盘
11:22:48	21.7	--	5	10850	买盘
11:22:45	21.7	--	61	132370	买盘
11:22:42	21.7	--	8	17360	买盘
11:22:39	21.7	-0.01	179	388430	卖盘
11:22:27	21.71	--	56	121576	卖盘
11:22:24	21.71	--	2	4342	卖盘
11:22:18	21.71	--	5	10855	卖盘
11:22:15	21.71	--	37	80327	买盘
11:22:09	21.71	--	36	78156	买盘
11:22:06	21.71	--	1	2171	买盘
11:22:03	21.71	--	10	21710	买盘
11:21:51	21.71	-0.01	12	26052	卖盘
11:21:36	21.72	0.01	3	6516	买盘
11:21:33	21.71	--	14	30394	卖盘
11:21:30	21.71	-0.01	11	23881	卖盘
11:21:15	21.72	0.01	2	4344	买盘
11:21:06	21.71	-0.01	2	4342	卖盘
11:21:03	21.72	--	1	2172	买盘
11:20:51	21.72	-0.03	132	286704	卖盘
11:20:48	21.75	--	17	36975	买盘
11:20:45	21.75	-0.02	19	41325	卖盘
11:20:39	21.77	--	12	26124	买盘
11:20:30	21.77	--	3	6531	卖盘
11:20:24	21.77	--	115	250355	买盘
11:20:15	21.77	-0.01	14	30478	卖盘
11:20:06	21.78	-0.01	46	100188	卖盘
11:20:03	21.79	0.01	10	21790	买盘
11:19:54	21.78	-0.01	5	10890	卖盘
11:19:48	21.79	0.02	1	2179	买盘
11:19:39	21.77	-0.02	22	47894	卖盘
11:19:33	21.79	--	20	43580	买盘
11:19:18	21.79	0.01	5	10895	买盘
11:19:15	21.78	--	4	8712	卖盘
11:19:12	21.78	--	7	15246	卖盘
11:19:06	21.78	0.02	3	6534	买盘
11:19:00	21.76	-0.01	5	10880	卖盘
11:18:51	21.77	--	18	39186	买盘
11:18:42	21.77	0.01	10	21770	买盘
11:18:39	21.76	-0.01	2	4352	卖盘
11:18:27	21.77	--	51	111027	买盘
11:18:12	21.77	-0.02	25	54425	卖盘
11:17:57	21.79	0.01	7	15253	买盘
11:17:48	21.78	0.01	2	4356	买盘
11:17:39	21.77	--	1	2177	买盘
11:17:36	21.77	--	58	126266	买盘
11:17:33	21.77	0.02	11	23947	买盘
11:17:27	21.75	-0.02	5	10875	卖盘
11:17:18	21.77	0.02	7	15239	买盘
11:17:12	21.75	-0.02	13	28275	卖盘
11:17:09	21.77	--	10	21770	买盘
11:17:00	21.77	0.01	531	1155987	买盘
11:16:51	21.76	--	2	4352	卖盘
11:16:45	21.76	--	10	21760	卖盘
11:16:33	21.76	--	36	78336	中性盘
11:16:18	21.76	--	1	2176	卖盘
11:16:09	21.76	--	11	23936	卖盘
11:16:03	21.76	--	3	6528	卖盘
11:15:48	21.76	0.01	1	2176	买盘
11:15:30	21.75	--	6	13050	买盘
11:15:21	21.75	--	22	47850	买盘
11:15:15	21.75	--	24	52200	买盘
11:15:09	21.75	--	10	21750	买盘
11:15:06	21.75	--	97	210975	买盘
11:14:51	21.75	0.01	88	191400	买盘
11:14:48	21.74	--	36	78264	卖盘
11:14:39	21.74	--	7	15217	卖盘
11:14:36	21.74	-0.01	20	43480	卖盘
11:14:33	21.75	--	1	2175	买盘
11:14:27	21.75	--	2	4350	买盘
11:14:24	21.75	--	5	10875	买盘
11:14:18	21.75	0.01	6	13050	买盘
11:14:00	21.74	--	3	6521	卖盘
11:13:45	21.74	-0.01	5	10870	卖盘
11:13:42	21.75	--	5	10875	买盘
11:13:27	21.75	--	159	345825	卖盘
11:13:12	21.75	--	105	228375	买盘
11:13:06	21.75	0.01	10	21750	买盘
11:12:51	21.74	--	1	2174	卖盘
11:12:42	21.74	--	6	13043	卖盘
11:12:36	21.74	-0.01	24	52175	卖盘
11:12:18	21.75	-0.01	85	184875	卖盘
11:11:57	21.76	-0.01	4	8704	卖盘
11:11:54	21.77	0.01	2	4354	买盘
11:11:48	21.76	--	5	10880	卖盘
11:11:42	21.76	--	10	21760	卖盘
11:11:39	21.76	0.01	17	36992	买盘
11:11:27	21.75	--	9	19575	买盘
11:11:21	21.75	--	12	26100	买盘
11:11:18	21.75	--	4	8700	卖盘
11:11:03	21.75	--	54	117450	买盘
11:11:00	21.75	--	58	126150	买盘
11:10:39	21.75	0.01	10	21750	买盘
11:10:36	21.74	--	10	21740	卖盘
11:10:24	21.74	--	41	89134	买盘
11:10:06	21.74	0.02	10	21740	买盘
11:09:54	21.72	-0.03	5	10860	卖盘
11:09:21	21.75	0.03	20	43500	买盘
11:09:03	21.72	-0.01	16	34752	卖盘
11:08:54	21.73	-0.01	25	54325	卖盘
11:08:51	21.74	--	12	26087	卖盘
11:08:45	21.74	--	7	15217	卖盘
11:08:21	21.74	-0.01	10	21740	卖盘
11:08:18	21.75	-0.01	10	21750	卖盘
11:08:15	21.76	0.01	40	87040	买盘
11:08:09	21.75	--	4	8700	卖盘
11:08:06	21.75	--	17	36975	卖盘
11:07:51	21.75	--	1	2175	卖盘
11:07:48	21.75	--	12	26100	买盘
11:07:36	21.75	0.01	30	65250	买盘
11:07:30	21.74	--	16	34784	卖盘
11:07:21	21.74	--	1	2174	卖盘
11:07:15	21.74	--	10	21740	卖盘
11:07:06	21.74	0.01	1	2174	买盘
11:07:03	21.73	-0.02	21	45633	卖盘
11:06:51	21.75	0.01	5	10875	买盘
11:06:48	21.74	-0.01	9	19566	卖盘
11:06:30	21.75	--	7	15225	买盘
11:06:12	21.75	0.01	14	30450	买盘
11:06:09	21.74	-0.01	3	6521	卖盘
11:06:06	21.75	0.01	10	21750	买盘
11:06:03	21.74	0.01	4	8696	中性盘
11:05:48	21.73	0.01	10	21730	中性盘
11:05:33	21.72	-0.03	2	4344	卖盘
11:05:30	21.75	--	2	4350	买盘
11:05:24	21.75	--	1	2175	买盘
11:05:00	21.75	0.03	87	189225	买盘
11:04:51	21.72	--	200	434400	买盘
11:04:39	21.72	--	60	130320	买盘
11:04:30	21.72	0.02	160	347520	买盘
11:04:18	21.7	--	1	2170	卖盘
11:04:15	21.7	--	3	6510	卖盘
11:04:06	21.7	--	7	15190	买盘
11:04:00	21.7	--	5	10850	买盘
11:03:57	21.7	0.01	6	13020	买盘
11:03:54	21.69	-0.01	29	62901	卖盘
11:03:27	21.7	--	4	8680	买盘
11:03:24	21.7	-0.02	2	4340	卖盘
11:03:21	21.72	0.02	5	10860	买盘
11:03:09	21.7	0.02	3	6510	中性盘
11:02:54	21.68	-0.01	66	143088	卖盘
11:02:45	21.69	-0.03	3	6507	中性盘
11:02:18	21.72	0.04	8	17376	买盘
11:02:09	21.68	-0.02	15	32520	卖盘
11:02:03	21.7	0.02	30	65100	买盘
11:02:00	21.68	-0.01	193	418424	卖盘
11:01:45	21.69	-0.01	22	47718	卖盘
11:01:42	21.7	--	1	2170	买盘
11:01:39	21.7	--	1	2170	卖盘
11:01:33	21.7	-0.01	4	8680	卖盘
11:01:30	21.71	0.01	1	2171	买盘
11:01:24	21.7	--	2	4340	买盘
11:01:21	21.7	-0.01	5	10850	卖盘
11:01:18	21.71	--	19	41249	卖盘
11:01:09	21.71	--	30	65130	卖盘
11:01:00	21.71	-0.01	16	34736	卖盘
11:00:54	21.72	--	9	19548	卖盘
11:00:48	21.72	-0.02	32	69504	卖盘
11:00:42	21.74	0.02	19	41306	买盘
11:00:39	21.72	--	1	2172	卖盘
11:00:30	21.72	-0.02	9	19548	卖盘
11:00:24	21.74	0.02	10	21740	买盘
11:00:09	21.72	--	8	17376	卖盘
11:00:06	21.72	--	12	26064	卖盘
10:59:57	21.72	-0.01	200	434400	卖盘
10:59:54	21.73	--	2	4346	中性盘
10:59:48	21.73	-0.01	20	43460	卖盘
10:59:45	21.74	0.02	5	10870	买盘
10:59:36	21.72	-0.02	50	108600	卖盘
10:59:27	21.74	--	10	21740	买盘
10:59:24	21.74	--	10	21740	买盘
10:58:54	21.74	0.02	20	43480	买盘
10:58:45	21.72	-0.01	20	43440	卖盘
10:58:39	21.73	--	1	2173	卖盘
10:57:57	21.73	0.02	1	2173	买盘
10:57:48	21.71	--	3	6513	卖盘
10:57:42	21.71	-0.02	5	10855	卖盘
10:57:39	21.73	0.03	30	65190	买盘
10:57:12	21.7	0.01	38	82460	买盘
10:57:09	21.69	-0.01	6	13014	卖盘
10:56:45	21.7	--	5	10850	卖盘
10:56:39	21.7	--	13	28210	卖盘
10:56:36	21.7	--	1	2170	卖盘
10:56:15	21.7	--	16	34720	买盘
10:56:09	21.7	--	50	108500	买盘
10:56:03	21.7	--	15	32550	买盘
10:55:48	21.7	--	10	21700	买盘
10:55:45	21.7	0.01	10	21700	买盘
10:55:33	21.69	-0.01	1	2169	卖盘
10:55:24	21.7	--	10	21700	买盘
10:55:15	21.7	--	28	60760	卖盘
10:55:09	21.7	--	14	30380	卖盘
10:55:06	21.7	--	1	2170	卖盘
10:55:00	21.7	--	12	26040	卖盘
10:54:54	21.7	--	11	23870	卖盘
10:54:24	21.7	--	2	4340	卖盘
10:54:15	21.7	--	1	2170	中性盘
10:54:00	21.7	-0.03	16	34720	卖盘
10:53:51	21.73	0.03	7	15211	买盘
10:53:48	21.7	--	10	21700	卖盘
10:53:39	21.7	0.01	13	28210	中性盘
10:53:00	21.69	--	20	43380	卖盘
10:52:57	21.69	-0.04	2	4338	卖盘
10:52:45	21.73	0.06	5	10865	中性盘
10:52:00	21.67	-0.06	100	216700	卖盘
10:51:57	21.73	--	1	2173	中性盘
10:51:51	21.73	--	6	13038	卖盘
10:51:48	21.73	-0.03	8	17384	卖盘
10:51:45	21.76	0.02	5	10880	买盘
10:51:36	21.74	--	1	2174	卖盘
10:51:33	21.74	-0.02	1	2174	卖盘
10:51:24	21.76	-0.01	2	4352	卖盘
10:51:09	21.77	0.01	20	43540	买盘
10:50:57	21.76	0.03	18	39168	买盘
10:50:51	21.73	0.01	3	6519	买盘
10:50:42	21.72	--	5	10860	买盘
10:50:36	21.72	0.02	13	28236	买盘
10:50:24	21.7	--	1	2170	卖盘
10:50:18	21.7	--	19	41230	买盘
10:50:03	21.7	0.01	7	15190	买盘
10:49:57	21.69	--	9	19521	买盘
10:49:51	21.69	--	2	4338	买盘
10:49:48	21.69	0.01	1	2169	买盘
10:49:45	21.68	--	17	36856	买盘
10:49:42	21.68	--	2	4336	买盘
10:49:39	21.68	0.01	1	2168	中性盘
10:49:30	21.67	-0.01	40	86680	卖盘
10:49:18	21.68	0.01	8	17344	买盘
10:49:15	21.67	-0.01	3	6501	卖盘
10:49:09	21.68	--	5	10840	买盘
10:49:06	21.68	--	12	26016	买盘
10:48:54	21.68	--	8	17344	卖盘
10:48:51	21.68	--	8	17344	卖盘
10:48:48	21.68	-0.01	10	21680	卖盘
10:48:33	21.69	-0.01	6	13014	中性盘
10:48:24	21.7	--	10	21700	买盘
10:48:21	21.7	--	23	49910	卖盘
10:48:15	21.7	-0.01	14	30380	卖盘
10:48:09	21.71	--	10	21710	买盘
10:48:06	21.71	--	3	6513	买盘
10:47:57	21.71	--	2	4342	卖盘
10:47:48	21.71	--	3	6513	卖盘
10:47:42	21.71	-0.01	23	49933	卖盘
10:47:39	21.72	--	1	2172	买盘
10:47:24	21.72	--	3	6516	卖盘
10:47:21	21.72	-0.01	8	17376	卖盘
10:47:18	21.73	--	6	13038	买盘
10:47:00	21.73	-0.02	13	28249	卖盘
10:46:27	21.75	--	6	13050	卖盘
10:46:18	21.75	-0.01	4	8700	卖盘
10:46:15	21.76	-0.01	1	2176	卖盘
10:46:12	21.77	-0.02	140	304780	卖盘
10:46:03	21.79	0.01	8	17432	买盘
10:46:00	21.78	-0.01	1	2178	卖盘
10:45:51	21.79	0.01	22	47938	中性盘
10:45:39	21.78	-0.02	10	21780	卖盘
10:45:09	21.8	--	18	39240	卖盘
10:45:06	21.8	--	30	65400	卖盘
10:45:00	21.8	--	43	93740	卖盘
10:44:57	21.8	--	2	4360	卖盘
10:44:54	21.8	--	42	91560	买盘
10:44:30	21.8	--	1	2180	买盘
10:44:03	21.8	--	4	8720	卖盘
10:44:00	21.8	--	15	32700	卖盘
10:43:51	21.8	--	1	2180	卖盘
10:43:39	21.8	-0.01	10	21800	卖盘
10:43:33	21.81	0.01	10	21810	买盘
10:43:27	21.8	-0.01	6	13080	卖盘
10:43:18	21.81	0.01	4	8724	买盘
10:42:54	21.8	-0.01	25	54500	卖盘
10:42:51	21.81	0.01	28	61068	买盘
10:42:48	21.8	--	2	4360	卖盘
10:42:33	21.8	0.02	13	28340	买盘
10:42:27	21.78	-0.02	2	4356	卖盘
10:42:21	21.8	--	2	4360	买盘
10:42:12	21.8	0.02	18	39240	买盘
10:42:00	21.78	--	10	21780	卖盘
10:41:45	21.78	--	8	17424	卖盘
10:41:39	21.78	--	5	10890	卖盘
10:41:21	21.78	-0.02	5	10890	卖盘
10:41:18	21.8	0.02	45	98100	买盘
10:41:12	21.78	-0.02	3	6534	卖盘
10:41:03	21.8	--	11	23980	买盘
10:40:51	21.8	0.02	4	8720	买盘
10:40:36	21.78	-0.02	10	21780	卖盘
10:40:21	21.8	-0.02	5	10900	中性盘
10:40:15	21.82	--	5	10910	买盘
10:40:03	21.82	--	20	43640	买盘
10:39:51	21.82	--	1	2182	买盘
10:39:45	21.82	--	7	15274	买盘
10:39:36	21.82	--	17	37094	买盘
10:39:21	21.82	-0.06	35	76370	卖盘
10:39:15	21.88	0.06	100	218800	买盘
10:39:12	21.82	--	6	13092	卖盘
10:38:54	21.82	--	6	13092	买盘
10:38:45	21.82	-0.05	1	2182	中性盘
10:38:42	21.87	--	43	94041	买盘
10:38:33	21.87	--	6	13122	买盘
10:38:15	21.87	0.06	20	43740	买盘
10:38:12	21.81	-0.02	11	23991	卖盘
10:38:06	21.83	0.06	4	8732	中性盘
10:37:57	21.77	-0.04	51	111027	卖盘
10:37:48	21.81	--	1	2181	卖盘
10:37:39	21.81	--	7	15267	买盘
10:37:36	21.81	0.01	3	6543	买盘
10:37:33	21.8	--	1	3815	买盘
10:37:30	21.8	--	22	47960	买盘
10:37:27	21.8	--	15	32700	买盘
10:37:15	21.8	0.02	10	21800	中性盘
10:36:54	21.78	--	1	2178	卖盘
10:36:48	21.78	-0.02	7	15246	卖盘
10:36:45	21.8	0.02	7	15260	卖盘
10:36:42	21.78	0.02	2	4356	买盘
10:36:39	21.76	-0.02	5	10880	卖盘
10:36:24	21.78	0.02	7	15246	买盘
10:36:21	21.76	--	1	2176	卖盘
10:36:18	21.76	--	16	34816	卖盘
10:36:12	21.76	0.04	5	10880	买盘
10:36:06	21.72	-0.02	26	56472	卖盘
10:36:03	21.74	-0.02	5	10870	卖盘
10:36:00	21.76	0.02	1	2176	买盘
10:35:57	21.74	-0.02	2	4348	卖盘
10:35:51	21.76	--	5	10880	买盘
10:35:45	21.76	-0.01	3	6528	卖盘
10:35:42	21.77	0.01	10	21770	买盘
10:35:30	21.76	-0.02	30	65280	卖盘
10:35:21	21.78	--	32	70240	卖盘
10:35:15	21.78	--	15	32670	卖盘
10:35:06	21.78	--	35	76230	卖盘
10:34:57	21.78	-0.04	79	172062	卖盘
10:34:51	21.82	-0.04	13	28366	买盘
10:34:45	21.86	-0.01	5	10930	卖盘
10:34:33	21.87	-0.01	36	78732	中性盘
10:34:27	21.88	0.09	34	74392	买盘
10:34:21	21.79	0.01	2	4358	卖盘
10:34:18	21.78	-0.09	2	4356	卖盘
10:34:09	21.87	--	48	104976	买盘
10:34:03	21.87	--	4	10497	卖盘
10:33:57	21.87	--	17	37616	卖盘
10:33:51	21.87	--	3	6561	卖盘
10:33:48	21.87	0.09	50	109350	买盘
10:33:39	21.78	--	5	10890	卖盘
10:33:36	21.78	-0.03	40	88753	卖盘
10:33:27	21.81	--	75	163575	买盘
10:33:24	21.81	-0.07	27	58887	卖盘
10:33:21	21.88	--	3	6564	买盘
10:33:09	21.88	0.06	75	164100	买盘
10:33:06	21.82	-0.06	40	87280	卖盘
10:33:03	21.88	0.01	25	54700	买盘
10:33:00	21.87	-0.01	1	2187	卖盘
10:32:57	21.88	0.01	22	48136	买盘
10:32:48	21.87	0.05	43	94041	买盘
10:32:45	21.82	-0.01	10	21820	卖盘
10:32:42	21.83	-0.03	6	13097	卖盘
10:32:39	21.86	0.03	24	52464	买盘
10:32:33	21.83	--	17	37111	买盘
10:32:30	21.83	--	82	179006	买盘
10:32:27	21.83	--	10	21830	买盘
10:32:09	21.83	0.03	75	163725	买盘
10:32:00	21.8	--	127	276860	买盘
10:31:51	21.8	--	100	218000	买盘
10:31:48	21.8	0.04	75	163500	买盘
10:31:39	21.76	--	24	52224	买盘
10:31:36	21.76	--	2	4352	买盘
10:31:27	21.76	--	75	163200	买盘
10:31:21	21.76	--	20	43520	买盘
10:31:12	21.76	--	2	4352	买盘
10:31:09	21.76	--	85	184960	买盘
10:31:06	21.76	--	1	2176	买盘
10:31:00	21.76	--	69	150144	买盘
10:30:54	21.76	--	15	32640	买盘
10:30:51	21.76	--	2	4352	买盘
10:30:48	21.76	--	82	178432	买盘
10:30:45	21.76	--	2	4352	买盘
10:30:42	21.76	--	34	73984	买盘
10:30:36	21.76	-0.03	2	4352	买盘
10:30:30	21.79	--	80	174320	卖盘
10:30:24	21.79	0.05	9	19611	买盘
10:30:18	21.74	-0.02	2	4348	卖盘
10:30:15	21.76	--	11	23936	卖盘
10:30:12	21.76	--	10	21760	卖盘
10:30:09	21.76	0.02	54	117504	买盘
10:30:03	21.74	--	7	15217	买盘
10:29:57	21.74	--	22	47828	买盘
10:29:48	21.74	0.01	78	169572	买盘
10:29:45	21.73	0.01	2	4346	买盘
10:29:39	21.72	-0.01	111	241092	中性盘
10:29:27	21.73	0.01	77	167321	买盘
10:29:24	21.72	-0.01	100	217200	卖盘
10:29:21	21.73	--	100	217300	买盘
10:29:15	21.73	--	30	65190	买盘
10:29:12	21.73	-0.03	28	60844	卖盘
10:29:09	21.76	0.02	76	165376	买盘
10:29:03	21.74	--	6	13043	卖盘
10:29:00	21.74	-0.02	11	23914	卖盘
10:28:48	21.76	0.02	75	163200	买盘
10:28:45	21.74	0.01	16	34784	中性盘
10:28:42	21.73	-0.03	9	19557	卖盘
10:28:39	21.76	--	3	6528	买盘
10:28:33	21.76	0.02	5	10880	买盘
10:28:30	21.74	-0.02	10	21740	卖盘
10:28:27	21.76	0.01	75	163200	买盘
10:28:24	21.75	--	3	6525	买盘
10:28:18	21.75	--	6	13050	买盘
10:28:15	21.75	--	150	326250	卖盘
10:28:12	21.75	--	14	30450	卖盘
10:28:09	21.75	-0.01	76	165300	卖盘
10:28:03	21.76	--	35	76160	买盘
10:28:00	21.76	--	5	10880	买盘
10:27:54	21.76	--	13	28288	买盘
10:27:51	21.76	-0.07	112	243712	卖盘
10:27:48	21.83	0.04	75	163725	买盘
10:27:42	21.79	--	66	143814	卖盘
10:27:33	21.79	-0.03	100	217900	卖盘
10:27:27	21.82	0.02	23	50186	买盘
10:27:24	21.8	0.01	5	10900	买盘
10:27:21	21.79	--	4	8716	卖盘
10:27:12	21.79	-0.04	6	13074	卖盘
10:27:09	21.83	0.04	80	174640	买盘
10:27:06	21.79	-0.01	1	2179	卖盘
10:27:03	21.8	--	5	10900	买盘
10:27:00	21.8	-0.04	15	32700	卖盘
10:26:57	21.84	-0.02	5	10920	中性盘
10:26:48	21.86	0.02	75	163950	买盘
10:26:27	21.84	--	75	163800	买盘
10:26:24	21.84	--	4	8736	卖盘
10:26:21	21.84	--	1	2184	卖盘
10:26:18	21.84	0.04	17	37128	买盘
10:26:15	21.8	--	96	209280	卖盘
10:26:12	21.8	-0.06	50	109000	卖盘
10:26:09	21.86	--	75	163950	买盘
10:26:03	21.86	0.02	10	21860	买盘
10:26:00	21.84	-0.02	5	10920	卖盘
10:25:57	21.86	--	9	19674	卖盘
10:25:54	21.86	--	1	2186	卖盘
10:25:48	21.86	-0.01	140	306040	卖盘
10:25:45	21.87	--	2	4374	卖盘
10:25:30	21.87	-0.01	7	15309	卖盘
10:25:27	21.88	--	75	164100	买盘
10:25:24	21.88	0.01	19	41572	买盘
10:25:21	21.87	-0.01	11	24057	卖盘
10:25:18	21.88	-0.01	28	61264	卖盘
10:25:15	21.89	0.01	3	6567	买盘
10:25:09	21.88	-0.01	84	183792	卖盘
10:25:06	21.89	--	3	6567	买盘
10:25:03	21.89	--	4	8756	买盘
10:24:54	21.89	--	5	10945	买盘
10:24:48	21.89	--	75	164175	买盘
10:24:42	21.89	0.03	10	21890	买盘
10:24:39	21.86	--	34	74324	卖盘
10:24:36	21.86	--	2	4372	卖盘
10:24:33	21.86	-0.03	9	19674	卖盘
10:24:27	21.89	0.03	83	181687	买盘
10:24:24	21.86	--	2	4372	卖盘
10:24:21	21.86	--	28	61208	卖盘
10:24:18	21.86	--	10	21860	卖盘
10:24:15	21.86	-0.03	17	37162	卖盘
10:24:09	21.89	0.03	76	166364	买盘
10:24:06	21.86	-0.02	49	107114	卖盘
10:24:03	21.88	0.02	25	54700	买盘
10:23:57	21.86	--	20	43720	卖盘
10:23:45	21.86	0.01	30	65580	买盘
10:23:42	21.85	-0.01	1	2185	卖盘
10:23:39	21.86	-0.03	10	21860	中性盘
10:23:27	21.89	0.04	75	164175	买盘
10:23:24	21.85	-0.03	16	34960	卖盘
10:23:21	21.88	0.02	234	511992	买盘
10:23:18	21.86	--	26	56836	卖盘
10:23:15	21.86	--	35	76510	卖盘
10:23:09	21.86	0.02	14	30604	买盘
10:23:06	21.84	--	5	10920	卖盘
10:23:03	21.84	--	30	65520	买盘
10:22:57	21.84	-0.03	5	10920	中性盘
10:22:51	21.87	--	15	32805	买盘
10:22:48	21.87	0.06	75	164025	买盘
10:22:45	21.81	0.01	1	2181	中性盘
10:22:39	21.8	-0.07	5	10900	卖盘
10:22:27	21.87	0.07	82	179334	买盘
10:22:18	21.8	-0.04	100	218000	卖盘
10:22:15	21.84	--	3	6552	买盘
10:22:09	21.84	-0.04	81	176904	卖盘
10:21:57	21.88	0.03	8	17504	买盘
10:21:54	21.85	--	22	48070	卖盘
10:21:51	21.85	-0.03	17	37145	卖盘
10:21:48	21.88	0.03	75	164100	买盘
10:21:42	21.85	0.01	29	63365	买盘
10:21:39	21.84	--	4	8736	买盘
10:21:36	21.84	-0.01	15	32760	卖盘
10:21:33	21.85	0.01	13	28405	买盘
10:21:30	21.84	-0.04	12	26208	卖盘
10:21:27	21.88	0.04	75	164100	买盘
10:21:24	21.84	-0.04	5	10920	卖盘
10:21:18	21.88	--	12	26256	买盘
10:21:09	21.88	0.04	105	229740	买盘
10:21:00	21.84	--	18	39312	卖盘
10:20:57	21.84	-0.04	17	37128	卖盘
10:20:54	21.88	-0.01	1	2188	中性盘
10:20:51	21.89	--	50	109450	买盘
10:20:48	21.89	0.01	76	166364	买盘
10:20:45	21.88	--	12	26256	买盘
10:20:42	21.88	-0.01	23	50324	卖盘
10:20:39	21.89	0.01	54	118206	买盘
10:20:36	21.88	-0.01	46	100648	卖盘
10:20:33	21.89	--	30	65670	买盘
10:20:30	21.89	--	3	6567	买盘
10:20:27	21.89	--	111	242979	买盘
10:20:24	21.89	--	29	63481	买盘
10:20:21	21.89	-0.07	580	1269620	卖盘
10:20:18	21.96	0.06	153	335988	买盘
10:20:15	21.9	--	44	96360	卖盘
10:20:12	21.9	-0.05	43	94170	卖盘
10:20:09	21.95	0.06	212	465340	买盘
10:20:06	21.89	-0.04	13	28457	卖盘
10:20:03	21.93	0.04	25	54825	买盘
10:20:00	21.89	-0.02	221	485082	卖盘
10:19:57	21.91	--	52	113932	卖盘
10:19:54	21.91	-0.03	18	40314	卖盘
10:19:51	21.94	0.01	85	187806	买盘
10:19:48	21.93	0.02	89	195177	中性盘
10:19:45	21.91	0.01	32	70112	中性盘
10:19:42	21.9	--	38	83220	卖盘
10:19:39	21.9	--	20	43800	卖盘
10:19:36	21.9	-0.01	89	194910	卖盘
10:19:33	21.91	-0.03	1	2191	中性盘
10:19:27	21.94	0.01	77	168938	买盘
10:19:24	21.93	0.02	41	89913	买盘
10:19:21	21.91	0.01	6	13146	买盘
10:19:18	21.9	0.01	42	91980	买盘
10:19:09	21.89	0.01	32	70048	买盘
10:19:06	21.88	--	24	52512	买盘
10:19:03	21.88	--	4	8752	买盘
10:19:00	21.88	--	1	2188	买盘
10:18:57	21.88	0.04	6	13128	买盘
10:18:54	21.84	-0.04	41	89544	卖盘
10:18:51	21.88	0.03	13	28444	买盘
10:18:48	21.85	0.02	103	225055	买盘
10:18:42	21.83	0.05	68	148444	买盘
10:18:39	21.78	-0.01	120	261360	卖盘
10:18:33	21.79	-0.01	1	2179	中性盘
10:18:30	21.8	0.01	359	782620	买盘
10:18:27	21.79	0.04	75	163425	买盘
10:18:24	21.75	-0.04	54	117450	卖盘
10:18:21	21.79	0.01	96	209184	买盘
10:18:18	21.78	0.03	3	6534	买盘
10:18:12	21.75	--	49	106575	卖盘
10:18:09	21.75	--	10	21750	卖盘
10:18:06	21.75	0.01	7	15225	买盘
10:18:03	21.74	-0.04	65	141310	卖盘
10:18:00	21.78	0.04	30	65340	买盘
10:17:57	21.74	--	6	13043	卖盘
10:17:48	21.74	0.01	21	45654	买盘
10:17:45	21.73	0.03	38	82574	买盘
10:17:42	21.7	--	2	4340	买盘
10:17:39	21.7	0.01	48	104160	买盘
10:17:36	21.69	-0.01	66	143154	卖盘
10:17:33	21.7	--	130	282100	买盘
10:17:30	21.7	--	60	130200	买盘
10:17:27	21.7	--	89	193130	买盘
10:17:24	21.7	-0.03	45	97650	卖盘
10:17:21	21.73	0.02	67	145591	买盘
10:17:18	21.71	0.01	49	106379	买盘
10:17:09	21.7	0.01	80	173600	买盘
10:17:00	21.69	0.03	2	4338	买盘
10:16:57	21.66	0.01	4	8664	买盘
10:16:48	21.65	0.02	34	73610	买盘
10:16:45	21.63	--	6	12978	买盘
10:16:42	21.63	0.01	14	30282	买盘
10:16:39	21.62	--	3	6486	买盘
10:16:36	21.62	0.01	3	6486	买盘
10:16:33	21.61	0.01	1	2161	买盘
10:16:30	21.6	0.01	906	1957154	买盘
10:16:27	21.59	0.01	75	161925	买盘
10:16:15	21.58	-0.01	1	2158	中性盘
10:16:06	21.59	0.01	75	161925	买盘
10:16:03	21.58	--	15	32369	买盘
10:16:00	21.58	--	10	21580	卖盘
10:15:57	21.58	-0.01	27	58265	卖盘
10:15:48	21.59	0.01	76	164084	买盘
10:15:36	21.58	--	14	30211	买盘
10:15:30	21.58	--	5	10790	买盘
10:15:27	21.58	--	80	172640	买盘
10:15:21	21.58	0.02	10	21580	买盘
10:15:12	21.56	-0.02	5	10780	卖盘
10:15:09	21.58	0.03	75	161850	买盘
10:15:03	21.55	0.03	2	4310	买盘
10:15:00	21.52	-0.06	1	2152	卖盘
10:14:54	21.58	--	2	4316	买盘
10:14:48	21.58	0.02	75	161850	买盘
10:14:45	21.56	-0.01	8	17248	卖盘
10:14:39	21.57	0.01	10	21570	买盘
10:14:33	21.56	0.01	62	133672	买盘
10:14:30	21.55	-0.01	28	60340	卖盘
10:14:27	21.56	--	75	161700	买盘
10:14:21	21.56	--	11	23716	买盘
10:14:18	21.56	--	10	21560	买盘
10:14:15	21.56	0.01	2	4312	买盘
10:14:12	21.55	-0.01	3	6465	卖盘
10:14:06	21.56	--	76	163856	买盘
10:14:03	21.56	--	10	21560	买盘
10:14:00	21.56	--	4	8624	买盘
10:13:57	21.56	--	23	49588	买盘
10:13:48	21.56	0.01	75	161700	买盘
10:13:45	21.55	--	6	12930	买盘
10:13:27	21.55	0.04	85	183175	买盘
10:13:24	21.51	--	14	30114	卖盘
10:13:09	21.51	--	10	21510	卖盘
10:13:03	21.51	--	21	45171	卖盘
10:12:57	21.51	--	38	81738	买盘
10:12:54	21.51	--	184	395784	卖盘
10:12:48	21.51	-0.01	3	6453	卖盘
10:12:30	21.52	-0.02	9	19368	卖盘
10:12:24	21.54	--	1	2154	买盘
10:12:12	21.54	--	5	10770	买盘
10:12:09	21.54	--	11	23694	买盘
10:12:06	21.54	--	27	58158	买盘
10:12:03	21.54	--	4	8616	买盘
10:11:57	21.54	--	4	8616	买盘
10:11:54	21.54	--	41	88314	买盘
10:11:45	21.54	--	22	47388	买盘
10:11:39	21.54	0.01	44	94776	买盘
10:11:30	21.53	-0.01	3	6459	中性盘
10:11:21	21.54	0.03	169	364026	买盘
10:11:18	21.51	-0.02	6	12906	卖盘
10:11:12	21.53	--	7	15071	买盘
10:11:03	21.53	--	26	55978	买盘
10:10:54	21.53	0.02	3	6459	买盘
10:10:51	21.51	-0.02	3	6453	卖盘
10:10:48	21.53	--	6	12918	买盘
10:10:39	21.53	--	14	30142	买盘
10:10:33	21.53	-0.01	80	172240	卖盘
10:10:30	21.54	--	5	10770	买盘
10:10:27	21.54	-0.01	7	15078	卖盘
10:10:24	21.55	0.01	14	30170	买盘
10:10:21	21.54	--	37	79698	卖盘
10:10:09	21.54	--	17	36618	卖盘
10:10:00	21.54	0.01	19	40926	买盘
10:09:54	21.53	--	19	40907	买盘
10:09:51	21.53	--	16	34448	买盘
10:09:48	21.53	--	3	6459	买盘
10:09:45	21.53	--	9	19377	买盘
10:09:39	21.53	--	3	6459	买盘
10:09:30	21.53	0.01	7	15071	买盘
10:09:24	21.52	--	9	19368	买盘
10:09:12	21.52	--	7	15064	买盘
10:09:09	21.52	-0.01	4	8608	卖盘
10:09:06	21.53	0.01	9	19377	买盘
10:08:54	21.52	--	2	4304	卖盘
10:08:51	21.52	--	25	53800	买盘
10:08:48	21.52	--	2	4304	买盘
10:08:36	21.52	0.02	9	19368	买盘
10:08:27	21.5	-0.01	1	2150	卖盘
10:08:24	21.51	--	2	4302	买盘
10:08:18	21.51	0.01	49	105399	买盘
10:08:15	21.5	--	2	4300	卖盘
10:08:09	21.5	--	13	27950	卖盘
10:07:51	21.5	-0.01	11	23650	卖盘
10:07:36	21.51	-0.01	14	30114	中性盘
10:07:21	21.52	--	2	4304	买盘
10:07:15	21.52	-0.01	5	10760	卖盘
10:07:06	21.53	--	10	21530	买盘
10:06:57	21.53	0.03	7	15071	买盘
10:06:48	21.5	-0.03	30	64500	卖盘
10:06:42	21.53	-0.01	5	10765	卖盘
10:06:33	21.54	--	41	88314	买盘
10:06:21	21.54	0.01	1	2154	买盘
10:06:18	21.53	--	2	4306	卖盘
10:06:12	21.53	-0.01	20	43060	卖盘
10:06:09	21.54	0.01	20	43080	买盘
10:06:06	21.53	--	5	10765	卖盘
10:06:03	21.53	--	15	32295	卖盘
10:06:00	21.53	--	14	30142	卖盘
10:05:57	21.53	--	10	21530	卖盘
10:05:51	21.53	-0.01	41	88273	卖盘
10:05:48	21.54	--	5	10770	卖盘
10:05:45	21.54	--	31	66774	卖盘
10:05:42	21.54	--	10	21540	卖盘
10:05:33	21.54	-0.01	139	299406	卖盘
10:05:24	21.55	--	10	21550	卖盘
10:05:21	21.55	-0.01	6	12930	卖盘
10:05:18	21.56	--	12	25872	买盘
10:05:15	21.56	0.01	4	8624	买盘
10:05:12	21.55	-0.01	1	2155	卖盘
10:05:03	21.56	--	2	4312	卖盘
10:05:00	21.56	0.01	13	28028	买盘
10:04:54	21.55	--	9	19395	卖盘
10:04:45	21.55	-0.01	3	6465	卖盘
10:04:42	21.56	0.01	5	10780	买盘
10:04:39	21.55	--	20	43100	卖盘
10:04:33	21.55	0.02	10	21550	卖盘
10:04:27	21.53	--	2	4306	卖盘
10:04:24	21.53	--	15	32295	卖盘
10:04:21	21.53	--	5	10765	卖盘
10:04:15	21.53	0.03	37	79661	买盘
10:03:54	21.5	--	8	17200	卖盘
10:03:51	21.5	0.05	69	148350	买盘
10:03:48	21.45	--	30	64350	卖盘
10:03:42	21.45	--	40	85800	卖盘
10:03:39	21.45	--	2	4290	卖盘
10:03:36	21.45	--	10	21450	卖盘
10:03:27	21.45	--	18	38610	卖盘
10:03:09	21.45	-0.05	200	429000	卖盘
10:03:06	21.5	--	21	45150	买盘
10:03:03	21.5	0.03	60	129000	买盘
10:02:54	21.47	-0.02	10	21470	卖盘
10:02:42	21.49	0.02	5	10745	买盘
10:02:39	21.47	--	4	8588	卖盘
10:02:36	21.47	-0.02	21	45087	卖盘
10:02:12	21.49	--	23	49427	买盘
10:01:54	21.49	--	5	10745	买盘
10:01:45	21.49	0.02	7	15042	买盘
10:01:39	21.47	--	8	17176	买盘
10:01:36	21.47	--	1	2147	买盘
10:01:27	21.47	-0.03	29	62263	卖盘
10:01:24	21.5	--	5	10750	买盘
10:01:21	21.5	--	6	12900	买盘
10:01:18	21.5	--	9	19350	买盘
10:01:00	21.5	0.03	61	131150	买盘
10:00:57	21.47	-0.03	5	10735	卖盘
10:00:48	21.5	0.04	10	21500	买盘
10:00:45	21.46	-0.04	13	27898	卖盘
10:00:42	21.5	--	22	47300	买盘
10:00:27	21.5	0.03	25	53750	买盘
10:00:21	21.47	-0.03	1	2147	中性盘
10:00:18	21.5	--	12	25800	买盘
10:00:06	21.5	0.03	50	107500	买盘
10:00:03	21.47	0.01	2	4294	买盘
10:00:00	21.46	-0.04	12	25752	卖盘
09:59:51	21.5	0.02	150	322500	买盘
09:59:42	21.48	0.02	15	32220	买盘
09:59:21	21.46	0.02	115	246790	买盘
09:59:18	21.44	--	22	47168	卖盘
09:59:15	21.44	-0.01	5	10720	卖盘
09:59:12	21.45	0.01	7	15015	买盘
09:59:09	21.44	-0.02	30	64320	卖盘
09:59:06	21.46	--	1	2146	买盘
09:59:03	21.46	0.02	3	6438	买盘
09:59:00	21.44	--	13	27872	卖盘
09:58:54	21.44	--	2	4288	卖盘
09:58:36	21.44	--	5	10720	卖盘
09:58:33	21.44	-0.02	10	21440	卖盘
09:58:27	21.46	0.02	8	17168	买盘
09:58:24	21.44	-0.02	76	162944	卖盘
09:58:15	21.46	--	79	169534	卖盘
09:58:09	21.46	-0.03	16	34336	卖盘
09:58:06	21.49	0.01	10	21490	买盘
09:58:03	21.48	--	1	2148	买盘
09:58:00	21.48	-0.02	61	131028	卖盘
09:57:57	21.5	-0.03	30	64500	买盘
09:57:48	21.53	0.04	4	8612	买盘
09:57:45	21.49	0.01	5	10745	中性盘
09:57:30	21.48	--	15	32220	卖盘
09:57:18	21.48	-0.02	70	150360	卖盘
09:57:15	21.5	--	74	159100	卖盘
09:57:03	21.5	-0.06	3	6450	卖盘
09:57:00	21.56	0.06	1	2156	买盘
09:56:51	21.5	--	8	17200	卖盘
09:56:45	21.5	-0.04	80	172000	卖盘
09:56:36	21.54	-0.02	6	12924	中性盘
09:56:33	21.56	--	1	2156	买盘
09:56:27	21.56	0.06	4	8624	买盘
09:56:18	21.5	--	3	6450	卖盘
09:56:12	21.5	0.01	3	6450	买盘
09:56:06	21.49	--	3	6446	卖盘
09:56:00	21.49	--	2	4298	卖盘
09:55:54	21.49	0.01	8	17192	买盘
09:55:48	21.48	--	30	64440	卖盘
09:55:45	21.48	--	58	124584	买盘
09:55:42	21.48	0.02	60	128880	买盘
09:55:39	21.46	--	2	4292	卖盘
09:55:24	21.46	0.01	4	8584	卖盘
09:55:21	21.45	--	35	75075	买盘
09:55:15	21.45	--	12	25740	买盘
09:55:12	21.45	--	26	55770	卖盘
09:55:06	21.45	-0.01	1	2145	卖盘
09:54:57	21.46	--	40	85840	买盘
09:54:51	21.46	0.01	67	143782	买盘
09:54:42	21.45	-0.01	17	36465	卖盘
09:54:39	21.46	0.01	3	6438	买盘
09:54:33	21.45	--	1	2145	买盘
09:54:30	21.45	--	1	2145	买盘
09:54:24	21.45	--	18	38610	卖盘
09:54:15	21.45	--	2	4290	卖盘
09:54:12	21.45	-0.01	20	42900	卖盘
09:54:09	21.46	0.01	10	21460	买盘
09:54:06	21.45	-0.01	13	27885	卖盘
09:54:03	21.46	--	10	21460	买盘
09:54:00	21.46	0.01	5	10730	买盘
09:53:57	21.45	-0.01	8	17160	卖盘
09:53:51	21.46	0.01	8	17168	买盘
09:53:48	21.45	--	31	66495	卖盘
09:53:45	21.45	--	10	21450	卖盘
09:53:42	21.45	-0.01	5	10725	卖盘
09:53:39	21.46	--	1	2146	买盘
09:53:36	21.46	--	4	8584	买盘
09:53:33	21.46	0.02	21	45066	买盘
09:53:30	21.44	-0.01	50	107200	卖盘
09:53:27	21.45	-0.01	6	12870	卖盘
09:53:24	21.46	0.02	15	32190	买盘
09:53:21	21.44	-0.02	30	64320	卖盘
09:53:18	21.46	--	15	32190	买盘
09:53:15	21.46	0.01	17	36482	中性盘
09:53:12	21.45	-0.01	10	21450	卖盘
09:53:06	21.46	--	10	21460	买盘
09:53:03	21.46	--	2	4292	买盘
09:53:00	21.46	--	2	4292	买盘
09:52:57	21.46	--	30	64380	买盘
09:52:54	21.46	0.02	1	2146	买盘
09:52:51	21.44	--	23	49312	卖盘
09:52:42	21.44	-0.01	31	66464	中性盘
09:52:39	21.45	0.02	2	4290	买盘
09:52:27	21.43	-0.02	14	30002	卖盘
09:52:12	21.45	-0.02	5	10725	卖盘
09:52:09	21.47	--	10	21470	买盘
09:52:06	21.47	--	2	4294	卖盘
09:52:03	21.47	-0.01	13	27911	卖盘
09:51:51	21.48	--	4	8592	买盘
09:51:48	21.48	0.01	5	10740	买盘
09:51:45	21.47	-0.02	29	62263	卖盘
09:51:42	21.49	0.01	97	208452	买盘
09:51:39	21.48	--	6	12888	卖盘
09:51:36	21.48	-0.01	3	6444	卖盘
09:51:30	21.49	-0.01	51	109598	卖盘
09:51:27	21.5	--	12	25800	卖盘
09:51:24	21.5	0.02	9	19350	买盘
09:51:21	21.48	--	36	77328	卖盘
09:51:18	21.48	-0.02	50	107400	卖盘
09:51:15	21.5	--	1	2150	买盘
09:51:09	21.5	--	2	4300	买盘
09:51:06	21.5	0.02	5	10750	中性盘
09:51:03	21.48	-0.02	25	53700	卖盘
09:51:00	21.5	--	16	34400	卖盘
09:50:54	21.5	-0.1	8	17200	中性盘
09:50:51	21.6	0.1	600	1296000	买盘
09:50:48	21.5	--	1	2150	买盘
09:50:45	21.5	--	2	4300	买盘
09:50:42	21.5	--	8	19156	卖盘
09:50:39	21.5	--	4	8600	卖盘
09:50:36	21.5	--	90	193500	卖盘
09:50:33	21.5	-0.09	7	15050	卖盘
09:50:30	21.59	0.09	7	15113	买盘
09:50:27	21.5	--	3	6450	卖盘
09:50:24	21.5	--	55	118250	卖盘
09:50:18	21.5	-0.1	5	10750	卖盘
09:50:15	21.6	0.1	75	162000	买盘
09:50:12	21.5	--	4	8600	卖盘
09:50:09	21.5	-0.01	199	427850	卖盘
09:50:06	21.51	-0.09	693	1490643	卖盘
09:50:03	21.6	--	19	41040	卖盘
09:50:00	21.6	-0.02	231	498960	卖盘
09:49:57	21.62	0.01	16	34592	买盘
09:49:54	21.61	-0.01	231	499191	卖盘
09:49:48	21.62	-0.03	63	136206	卖盘
09:49:45	21.65	0.01	11	23815	买盘
09:49:42	21.64	--	2	4328	买盘
09:49:36	21.64	--	39	85672	买盘
09:49:33	21.64	--	15	32460	买盘
09:49:30	21.64	0.02	16	34624	买盘
09:49:27	21.62	-0.02	50	108100	卖盘
09:49:15	21.64	0.02	13	28132	买盘
09:49:12	21.62	-0.02	52	112424	卖盘
09:48:57	21.64	-0.01	1	2164	中性盘
09:48:54	21.65	-0.01	21	45465	买盘
09:48:42	21.66	0.01	5	10830	买盘
09:48:39	21.65	-0.01	10	21650	卖盘
09:48:36	21.66	--	4	8664	买盘
09:48:33	21.66	--	7	15162	卖盘
09:48:30	21.66	--	11	23826	卖盘
09:48:27	21.66	0.01	4	8664	中性盘
09:48:18	21.65	--	2	4330	卖盘
09:48:15	21.65	-0.01	17	36805	卖盘
09:48:09	21.66	--	20	43320	卖盘
09:48:06	21.66	--	5	10830	卖盘
09:48:03	21.66	--	29	62814	卖盘
09:48:00	21.66	0.05	23	49818	买盘
09:47:57	21.61	--	11	23771	卖盘
09:47:54	21.61	-0.04	2	4322	卖盘
09:47:51	21.65	0.04	1	2165	买盘
09:47:45	21.61	-0.03	50	108050	卖盘
09:47:42	21.64	0.04	10	21640	买盘
09:47:39	21.6	-0.01	15	32400	卖盘
09:47:36	21.61	-0.02	10	21610	卖盘
09:47:30	21.63	0.03	5	10815	买盘
09:47:27	21.6	-0.02	3	6480	卖盘
09:47:24	21.62	0.02	2	4324	买盘
09:47:21	21.6	--	71	153360	卖盘
09:47:18	21.6	--	13	28080	卖盘
09:47:15	21.6	-0.01	3	6480	卖盘
09:47:12	21.61	--	10	21610	买盘
09:47:09	21.61	0.01	8	17288	买盘
09:47:06	21.6	-0.01	21	45360	卖盘
09:47:03	21.61	0.01	25	54025	中性盘
09:46:57	21.6	-0.01	168	363960	卖盘
09:46:54	21.61	-0.02	32	69152	中性盘
09:46:42	21.63	-0.01	12	25956	卖盘
09:46:30	21.64	--	67	144988	买盘
09:46:27	21.64	--	31	67084	买盘
09:46:21	21.64	-0.03	11	23804	卖盘
09:46:15	21.67	0.02	100	216700	买盘
09:46:12	21.65	0.01	1	2165	买盘
09:46:09	21.64	-0.01	21	45444	卖盘
09:46:06	21.65	0.01	3	6495	中性盘
09:46:03	21.64	-0.03	8	17312	卖盘
09:46:00	21.67	0.02	111	240537	买盘
09:45:57	21.65	--	29	62784	卖盘
09:45:54	21.65	-0.02	3	6495	卖盘
09:45:51	21.67	0.02	31	67177	买盘
09:45:48	21.65	--	16	34640	卖盘
09:45:45	21.65	-0.02	4	8660	卖盘
09:45:42	21.67	-0.02	283	613261	卖盘
09:45:36	21.69	0.02	5	10845	买盘
09:45:33	21.67	--	23	49841	中性盘
09:45:30	21.67	--	6	13002	买盘
09:45:27	21.67	--	23	49841	买盘
09:45:24	21.67	--	3	6501	买盘
09:45:15	21.67	--	20	43340	买盘
09:45:12	21.67	-0.02	19	41173	卖盘
09:45:09	21.69	--	10	21690	买盘
09:45:00	21.69	0.01	49	106281	买盘
09:44:57	21.68	-0.01	12	26016	卖盘
09:44:54	21.69	--	53	114957	买盘
09:44:51	21.69	--	31	67239	买盘
09:44:48	21.69	0.01	3	6507	中性盘
09:44:39	21.68	-0.01	20	43360	卖盘
09:44:36	21.69	0.01	80	173520	买盘
09:44:30	21.68	0.01	1	2168	买盘
09:44:27	21.67	--	36	78012	卖盘
09:44:24	21.67	0.02	100	216700	买盘
09:44:15	21.65	--	3	6495	买盘
09:44:12	21.65	--	5	10825	买盘
09:44:09	21.65	--	50	108250	买盘
09:44:06	21.65	0.02	9	19485	买盘
09:44:03	21.63	--	4	8652	卖盘
09:43:57	21.63	0.01	22	47586	买盘
09:43:51	21.62	--	23	49726	卖盘
09:43:48	21.62	--	4	8648	卖盘
09:43:45	21.62	--	9	19458	卖盘
09:43:39	21.62	0.01	40	86480	买盘
09:43:36	21.61	--	22	47542	卖盘
09:43:33	21.61	-0.01	11	23771	卖盘
09:43:30	21.62	0.02	1	2162	买盘
09:43:24	21.6	-0.01	12	25920	卖盘
09:43:15	21.61	--	1	2161	买盘
09:43:06	21.61	--	3	6483	买盘
09:43:03	21.61	--	1	2161	卖盘
09:43:00	21.61	0.01	17	36737	中性盘
09:42:48	21.6	-0.01	35	75600	卖盘
09:42:39	21.61	--	28	60508	卖盘
09:42:33	21.61	--	37	79957	买盘
09:42:30	21.61	0.01	18	38898	中性盘
09:42:21	21.6	-0.01	43	92880	卖盘
09:42:18	21.61	--	51	110211	卖盘
09:42:15	21.61	0.01	26	56186	买盘
09:42:12	21.6	0.01	0	1641	买盘
09:42:09	21.59	--	4	8636	买盘
09:42:06	21.59	-0.01	6	12954	卖盘
09:42:03	21.6	--	21	45360	买盘
09:41:57	21.6	0.01	10	21600	买盘
09:41:54	21.59	-0.01	5	10795	买盘
09:41:51	21.6	0.01	3	6998	卖盘
09:41:48	21.59	--	30	64770	卖盘
09:41:45	21.59	-0.01	23	49657	卖盘
09:41:42	21.6	0.01	4	8640	中性盘
09:41:36	21.59	-0.01	43	92837	卖盘
09:41:33	21.6	0.01	70	151200	买盘
09:41:27	21.59	--	4	8636	卖盘
09:41:24	21.59	--	3	6477	卖盘
09:41:18	21.59	0.01	28	62092	买盘
09:41:15	21.58	-0.01	7	15105	卖盘
09:41:12	21.59	0.01	18	38862	买盘
09:41:06	21.58	--	8	17264	卖盘
09:41:03	21.58	-0.01	5	10790	卖盘
09:41:00	21.59	0.01	18	38862	买盘
09:40:57	21.58	-0.01	77	166166	卖盘
09:40:51	21.59	--	0	518	卖盘
09:40:48	21.59	-0.01	55	118745	卖盘
09:40:45	21.6	-0.02	33	71280	卖盘
09:40:36	21.62	--	4	8648	买盘
09:40:30	21.62	--	50	108100	卖盘
09:40:24	21.62	--	54	116748	卖盘
09:40:21	21.62	-0.02	1	2162	卖盘
09:40:18	21.64	0.02	5	10820	买盘
09:40:15	21.62	0.02	110	237820	中性盘
09:40:06	21.6	-0.02	51	110160	卖盘
09:40:03	21.62	--	10	21620	买盘
09:39:57	21.62	--	12	25944	中性盘
09:39:54	21.62	-0.02	1	2162	卖盘
09:39:48	21.64	0.02	5	10820	买盘
09:39:45	21.62	-0.04	2	4324	买盘
09:39:42	21.66	0.02	4	8664	买盘
09:39:39	21.64	-0.02	10	21640	卖盘
09:39:33	21.66	0.02	4	8664	买盘
09:39:30	21.64	--	1	2164	卖盘
09:39:27	21.64	-0.02	6	12984	中性盘
09:39:24	21.66	0.02	30	64980	买盘
09:39:21	21.64	-0.03	3	6492	中性盘
09:39:12	21.67	0.01	9	19503	买盘
09:39:09	21.66	--	16	34656	卖盘
09:39:03	21.66	0.06	35	75810	买盘
09:39:00	21.6	-0.05	12	25920	卖盘
09:38:57	21.65	--	5	10825	卖盘
09:38:54	21.65	0.02	144	313405	买盘
09:38:51	21.63	0.05	22	47586	买盘
09:38:48	21.58	-0.05	26	56625	卖盘
09:38:45	21.63	0.03	150	324450	买盘
09:38:39	21.6	--	8	17280	卖盘
09:38:36	21.6	--	6	12960	卖盘
09:38:33	21.6	-0.03	18	38880	卖盘
09:38:30	21.63	0.03	7	15141	买盘
09:38:27	21.6	--	9	19440	卖盘
09:38:21	21.6	-0.03	10	21600	卖盘
09:38:18	21.63	--	2	4326	买盘
09:38:15	21.63	-0.02	151	326613	卖盘
09:38:12	21.65	0.02	24	51960	买盘
09:38:00	21.63	0.01	8	17304	买盘
09:37:57	21.62	--	2	4324	卖盘
09:37:51	21.62	0.01	71	153502	买盘
09:37:48	21.61	-0.01	6	12966	卖盘
09:37:45	21.62	0.01	53	114586	买盘
09:37:42	21.61	--	11	23771	买盘
09:37:39	21.61	--	2	4322	买盘
09:37:36	21.61	--	1	2161	买盘
09:37:33	21.61	-0.01	94	203134	卖盘
09:37:30	21.62	--	3	6486	买盘
09:37:24	21.62	--	48	103776	买盘
09:37:21	21.62	--	5	10810	买盘
09:37:18	21.62	--	32	69184	买盘
09:37:15	21.62	0.02	5	10810	买盘
09:37:12	21.6	-0.01	156	336960	卖盘
09:37:09	21.61	--	2	4322	卖盘
09:37:06	21.61	0.01	10	21610	卖盘
09:37:03	21.6	-0.01	90	196041	卖盘
09:37:00	21.61	--	23	49703	买盘
09:36:57	21.61	--	50	108050	买盘
09:36:54	21.61	--	6	12966	买盘
09:36:51	21.61	--	24	51864	卖盘
09:36:48	21.61	-0.02	48	103728	卖盘
09:36:45	21.63	0.01	100	216300	买盘
09:36:42	21.62	0.01	8	17296	中性盘
09:36:39	21.61	--	2	4322	卖盘
09:36:36	21.61	--	46	99406	买盘
09:36:33	21.61	-0.02	77	166397	卖盘
09:36:30	21.63	--	10	21630	买盘
09:36:27	21.63	--	53	114639	买盘
09:36:24	21.63	--	84	181692	买盘
09:36:21	21.63	--	24	51912	买盘
09:36:18	21.63	--	291	629433	买盘
09:36:15	21.63	--	7	15141	买盘
09:36:12	21.63	--	22	47586	买盘
09:36:09	21.63	-0.05	21	45423	卖盘
09:36:06	21.68	0.05	43	93224	中性盘
09:36:03	21.63	-0.02	81	175203	卖盘
09:36:00	21.65	-0.03	65	140725	卖盘
09:35:57	21.68	--	7	15176	买盘
09:35:54	21.68	--	18	39024	买盘
09:35:51	21.68	--	89	192952	买盘
09:35:48	21.68	--	10	21680	买盘
09:35:45	21.68	0.03	259	561512	买盘
09:35:42	21.65	--	8	17320	买盘
09:35:39	21.65	0.05	36	77940	买盘
09:35:36	21.6	-0.08	44	95040	卖盘
09:35:33	21.68	--	6	13008	买盘
09:35:30	21.68	--	43	93224	买盘
09:35:27	21.68	--	27	58536	买盘
09:35:24	21.68	-0.02	123	266664	卖盘
09:35:21	21.7	-0.08	87	188790	卖盘
09:35:18	21.78	-0.02	39	84942	买盘
09:35:15	21.8	0.1	12	26160	买盘
09:35:12	21.7	--	11	23870	卖盘
09:35:09	21.7	-0.11	8	17360	中性盘
09:35:06	21.81	-0.02	41	89421	中性盘
09:35:00	21.83	0.16	17	37111	买盘
09:34:57	21.67	--	15	32505	卖盘
09:34:54	21.67	--	209	452903	卖盘
09:34:51	21.67	--	50	108350	卖盘
09:34:48	21.67	--	107	231869	买盘
09:34:45	21.67	--	5	10835	买盘
09:34:39	21.67	0.07	50	108350	买盘
09:34:36	21.6	-0.08	5	10800	卖盘
09:34:30	21.68	0.2	25	54200	买盘
09:34:21	21.48	-0.2	42	90216	中性盘
09:34:18	21.68	0.21	317	687256	买盘
09:34:12	21.47	--	29	62263	买盘
09:34:09	21.47	--	10	21470	买盘
09:34:06	21.47	--	31	66557	买盘
09:34:03	21.47	--	85	182495	买盘
09:33:57	21.47	--	47	100909	买盘
09:33:54	21.47	--	60	128820	买盘
09:33:51	21.47	0.01	13	27911	买盘
09:33:45	21.46	0.01	42	90132	买盘
09:33:39	21.45	--	42	90090	买盘
09:33:36	21.45	0.05	1	2145	买盘
09:33:27	21.4	-0.01	62	132680	卖盘
09:33:24	21.41	--	3	6423	买盘
09:33:21	21.41	--	4	8564	买盘
09:33:18	21.41	0.01	6	12846	中性盘
09:33:15	21.4	--	5	10700	中性盘
09:33:03	21.4	--	5	10700	买盘
09:33:00	21.4	0.1	34	72760	买盘
09:32:57	21.3	--	39	85093	卖盘
09:32:54	21.3	-0.15	10	21300	卖盘
09:32:45	21.45	-0.02	262	561990	卖盘
09:32:42	21.47	--	101	216847	卖盘
09:32:39	21.47	--	238	510986	卖盘
09:32:36	21.47	-0.01	19	40793	卖盘
09:32:30	21.48	-0.03	182	390936	卖盘
09:32:27	21.51	-0.01	142	305442	卖盘
09:32:24	21.52	--	9	19368	买盘
09:32:21	21.52	--	4	8608	买盘
09:32:18	21.52	--	125	269000	买盘
09:32:15	21.52	--	15	32280	买盘
09:32:12	21.52	-0.03	109	234568	卖盘
09:32:09	21.55	0.02	75	161625	买盘
09:32:06	21.53	-0.01	24	51672	卖盘
09:32:03	21.54	0.01	7	15078	买盘
09:32:00	21.53	-0.01	23	49519	卖盘
09:31:57	21.54	--	5	10770	买盘
09:31:54	21.54	--	9	19386	买盘
09:31:51	21.54	0.02	69	148626	中性盘
09:31:48	21.52	--	2	4304	卖盘
09:31:45	21.52	0.01	16	34432	卖盘
09:31:42	21.51	--	245	526995	买盘
09:31:39	21.51	-0.01	17	36567	卖盘
09:31:36	21.52	0.01	6	12912	买盘
09:31:33	21.51	-0.01	4	8604	中性盘
09:31:30	21.52	0.01	205	441160	买盘
09:31:27	21.51	0.01	3	6453	买盘
09:31:24	21.5	-0.01	49	105350	卖盘
09:31:18	21.51	--	1	2151	中性盘
09:31:12	21.51	0.01	19	40869	买盘
09:31:09	21.5	--	10	21500	买盘
09:31:03	21.5	-0.02	32	68800	卖盘
09:31:00	21.52	-0.03	5	10760	中性盘
09:30:57	21.55	0.03	206	443930	买盘
09:30:54	21.52	0.02	281	604712	买盘
09:30:51	21.5	-0.02	8	17200	卖盘
09:30:48	21.52	--	205	441160	买盘
09:30:45	21.52	-0.03	199	428248	卖盘
09:30:42	21.55	-0.03	137	295235	卖盘
09:30:36	21.58	--	5	10790	买盘
09:30:33	21.58	--	35	75530	买盘
09:30:30	21.58	--	35	75530	买盘
09:30:27	21.58	0.03	32	69056	买盘
09:30:21	21.55	-0.03	3	6465	买盘
09:30:18	21.58	--	10	21580	买盘
09:30:15	21.58	--	23	49633	买盘
09:30:12	21.58	--	9	19422	买盘
09:30:06	21.58	0.04	186	401387	买盘
09:30:03	21.54	--	762	1641348	买盘
09:30:00	21.54	--	4	8616	买盘
09:25:03	21.54	21.54	488	1051152	买盘
