成交时间	成交价	价格变动	成交量(手)	成交额(元)	性质
15:00:03	41.07	-0.01	1445	5934615	卖盘
14:57:00	41.08	--	12	49296	买盘
14:56:57	41.08	-0.02	75	308100	卖盘
14:56:54	41.1	0.02	85	349350	买盘
14:56:51	41.08	-0.02	6	24648	卖盘
14:56:48	41.1	--	36	147960	买盘
14:56:45	41.1	0.04	43	176730	买盘
14:56:42	41.06	-0.04	17	69802	卖盘
14:56:39	41.1	0.02	39	160290	买盘
14:56:36	41.08	--	31	127348	买盘
14:56:33	41.08	--	35	143780	卖盘
14:56:30	41.08	--	71	291873	卖盘
14:56:27	41.08	--	63	258804	卖盘
14:56:24	41.08	--	3	12324	卖盘
14:56:21	41.08	0.02	75	308100	买盘
14:56:18	41.06	--	20	85158	卖盘
14:56:15	41.06	-0.04	11	45166	卖盘
14:56:12	41.1	0.04	21	86310	买盘
14:56:09	41.06	0.01	29	119074	买盘
14:56:06	41.05	-0.01	66	270930	卖盘
14:56:03	41.06	0.01	8	32848	买盘
14:56:00	41.05	-0.01	27	110834	卖盘
14:55:57	41.06	0.01	3	12318	买盘
14:55:54	41.05	-0.01	3	13177	卖盘
14:55:51	41.06	0.01	4	16424	卖盘
14:55:48	41.05	-0.01	23	94415	卖盘
14:55:45	41.06	0.01	2	8212	卖盘
14:55:42	41.05	-0.01	28	114939	中性盘
14:55:39	41.06	0.01	32	131392	买盘
14:55:36	41.05	--	3	12315	卖盘
14:55:33	41.05	-0.04	55	225774	卖盘
14:55:30	41.09	0.04	16	65744	买盘
14:55:27	41.05	0.02	2	8210	卖盘
14:55:21	41.03	-0.07	2	8206	买盘
14:55:18	41.1	0.08	52	213720	买盘
14:55:15	41.02	-0.02	251	1029602	卖盘
14:55:12	41.04	-0.05	37	151848	中性盘
14:55:09	41.09	-0.01	11	45199	中性盘
14:55:06	41.1	--	15	61650	买盘
14:55:00	41.1	--	21	86310	买盘
14:54:57	41.1	0.07	17	69870	买盘
14:54:54	41.03	-0.07	374	1534522	卖盘
14:54:51	41.1	--	6	24660	卖盘
14:54:48	41.1	--	13	53430	卖盘
14:54:45	41.1	--	4	16440	卖盘
14:54:42	41.1	0.01	57	234270	买盘
14:54:39	41.09	-0.01	17	69853	卖盘
14:54:36	41.1	--	8	32880	买盘
14:54:33	41.1	0.01	37	152070	买盘
14:54:30	41.09	--	1	4109	卖盘
14:54:27	41.09	0.01	3	12327	买盘
14:54:24	41.08	-0.02	24	98592	卖盘
14:54:21	41.1	--	11	45210	买盘
14:54:18	41.1	0.02	7	28770	买盘
14:54:15	41.08	-0.02	30	123240	卖盘
14:54:12	41.1	0.02	92	378120	买盘
14:54:09	41.08	0.01	13	53404	买盘
14:54:06	41.07	--	7	28749	买盘
14:54:03	41.07	0.02	72	295704	买盘
14:54:00	41.05	--	17	69785	卖盘
14:53:57	41.05	--	3	12315	卖盘
14:53:54	41.05	-0.02	132	541860	卖盘
14:53:51	41.07	0.01	8	32856	买盘
14:53:48	41.06	0.01	5	22295	买盘
14:53:45	41.05	-0.01	21	86205	卖盘
14:53:42	41.06	0.01	19	78014	中性盘
14:53:39	41.05	-0.02	16	65680	卖盘
14:53:36	41.07	--	10	41070	卖盘
14:53:33	41.07	0.03	24	98568	买盘
14:53:30	41.04	-0.01	3	12312	卖盘
14:53:27	41.05	--	172	706060	卖盘
14:53:24	41.05	-0.01	15	61574	卖盘
14:53:21	41.06	--	2	8212	买盘
14:53:18	41.06	--	43	176558	买盘
14:53:12	41.06	--	20	82120	买盘
14:53:09	41.06	0.01	51	209406	买盘
14:53:06	41.05	-0.01	2	8210	卖盘
14:53:03	41.06	--	17	69802	买盘
14:53:00	41.06	0.01	2	8212	买盘
14:52:57	41.05	-0.01	5	20525	卖盘
14:52:54	41.06	-0.01	13	53378	卖盘
14:52:51	41.07	0.01	10	41070	中性盘
14:52:48	41.06	--	11	45166	卖盘
14:52:45	41.06	0.01	30	123180	买盘
14:52:42	41.05	--	4	16420	买盘
14:52:39	41.05	--	10	41050	买盘
14:52:36	41.05	--	18	73890	卖盘
14:52:33	41.05	--	64	262720	卖盘
14:52:30	41.05	-0.01	7	28734	卖盘
14:52:27	41.06	--	49	201194	买盘
14:52:24	41.06	--	23	94438	卖盘
14:52:21	41.06	-0.01	24	98544	卖盘
14:52:18	41.07	0.01	69	283383	买盘
14:52:15	41.06	--	7	28742	卖盘
14:52:12	41.06	-0.01	34	139604	卖盘
14:52:09	41.07	--	26	106782	买盘
14:52:06	41.07	-0.01	47	193029	卖盘
14:52:03	41.08	--	48	197184	卖盘
14:52:00	41.08	-0.02	60	246480	卖盘
14:51:54	41.1	0.02	168	690480	买盘
14:51:51	41.08	--	14	57512	卖盘
14:51:48	41.08	0.01	31	127348	买盘
14:51:42	41.07	-0.01	4	16428	卖盘
14:51:39	41.08	--	17	69836	买盘
14:51:36	41.08	--	13	53404	买盘
14:51:33	41.08	--	31	127348	买盘
14:51:30	41.08	0.02	5	20540	买盘
14:51:27	41.06	--	21	86226	卖盘
14:51:24	41.06	--	16	65696	卖盘
14:51:18	41.06	--	60	246360	卖盘
14:51:15	41.06	--	17	69802	卖盘
14:51:12	41.06	--	1	4106	卖盘
14:51:09	41.06	--	7	28742	卖盘
14:51:06	41.06	-0.02	4	16424	卖盘
14:51:03	41.08	0.05	22	90376	买盘
14:51:00	41.03	-0.03	13	53339	卖盘
14:50:57	41.06	0.01	5	20530	买盘
14:50:54	41.05	--	12	49260	买盘
14:50:51	41.05	0.02	6	24630	买盘
14:50:48	41.03	--	1	4103	卖盘
14:50:45	41.03	-0.03	24	98472	卖盘
14:50:42	41.06	-0.02	5	20530	卖盘
14:50:39	41.08	--	5	20540	中性盘
14:50:33	41.08	--	18	73944	卖盘
14:50:30	41.08	-0.02	8	32864	卖盘
14:50:27	41.1	--	10	41100	买盘
14:50:24	41.1	--	1	4110	买盘
14:50:21	41.1	--	22	90420	买盘
14:50:18	41.1	-0.03	124	509640	卖盘
14:50:15	41.13	0.03	45	185085	买盘
14:50:12	41.1	-0.02	66	271260	卖盘
14:50:06	41.12	-0.01	19	78128	卖盘
14:50:00	41.13	-0.02	6	24678	卖盘
14:49:57	41.15	--	1	4115	买盘
14:49:54	41.15	--	3	12345	买盘
14:49:51	41.15	-0.01	39	160485	卖盘
14:49:48	41.16	--	4	16464	买盘
14:49:45	41.16	--	1	4116	买盘
14:49:42	41.16	-0.01	19	78204	卖盘
14:49:39	41.17	--	29	119393	买盘
14:49:36	41.17	--	17	69989	买盘
14:49:30	41.17	-0.02	13	53521	卖盘
14:49:27	41.19	0.01	16	65904	买盘
14:49:24	41.18	--	4	16472	卖盘
14:49:21	41.18	-0.01	3	12354	卖盘
14:49:18	41.19	--	22	90618	卖盘
14:49:15	41.19	--	44	181236	卖盘
14:49:12	41.19	-0.01	5	20595	卖盘
14:49:06	41.2	-0.02	28	115360	卖盘
14:49:03	41.22	--	5	20610	卖盘
14:49:00	41.22	--	18	74196	卖盘
14:48:57	41.22	-0.01	10	41220	卖盘
14:48:51	41.23	-0.02	28	115443	中性盘
14:48:45	41.25	--	12	49500	买盘
14:48:39	41.25	--	12	49500	买盘
14:48:36	41.25	--	5	20625	买盘
14:48:33	41.25	--	39	160875	买盘
14:48:27	41.25	0.02	30	123750	买盘
14:48:24	41.23	-0.01	11	45353	卖盘
14:48:18	41.24	--	7	28868	买盘
14:48:15	41.24	0.01	34	140216	买盘
14:48:09	41.23	--	51	210272	买盘
14:48:06	41.23	0.01	3	12368	买盘
14:48:00	41.22	--	5	20610	卖盘
14:47:57	41.22	--	3	12366	买盘
14:47:54	41.22	0.01	97	399834	买盘
14:47:51	41.21	0.01	15	61815	买盘
14:47:48	41.2	-0.01	10	41200	卖盘
14:47:45	41.21	0.02	5	20605	买盘
14:47:42	41.19	--	93	383067	卖盘
14:47:39	41.19	--	179	737301	卖盘
14:47:36	41.19	--	8	32952	卖盘
14:47:33	41.19	-0.01	2	8238	卖盘
14:47:30	41.2	0.01	32	131840	买盘
14:47:27	41.19	--	31	127689	卖盘
14:47:24	41.19	--	11	45309	买盘
14:47:21	41.19	--	36	148284	卖盘
14:47:18	41.19	0.01	97	399543	买盘
14:47:15	41.18	--	32	131776	卖盘
14:47:12	41.18	--	12	49416	卖盘
14:47:06	41.18	-0.01	15	61770	卖盘
14:47:03	41.19	--	66	271854	买盘
14:47:00	41.19	--	12	49428	买盘
14:46:54	41.19	0.01	70	288330	买盘
14:46:51	41.18	--	33	135894	买盘
14:46:48	41.18	--	8	32944	买盘
14:46:45	41.18	0.02	37	152366	买盘
14:46:42	41.16	-0.02	2	8232	卖盘
14:46:39	41.18	--	3	12354	买盘
14:46:36	41.18	0.01	70	288260	买盘
14:46:30	41.17	0.01	62	255254	买盘
14:46:27	41.16	0.01	17	69972	买盘
14:46:24	41.15	--	8	32920	中性盘
14:46:18	41.15	--	87	358005	买盘
14:46:15	41.15	0.02	3	12345	买盘
14:46:09	41.13	-0.01	39	160407	卖盘
14:46:06	41.14	-0.01	4	16456	卖盘
14:46:03	41.15	0.02	4	16460	买盘
14:45:57	41.13	-0.01	20	82260	卖盘
14:45:54	41.14	-0.01	10	41140	中性盘
14:45:51	41.15	0.02	29	119335	买盘
14:45:45	41.13	--	9	37017	卖盘
14:45:42	41.13	--	1	4113	卖盘
14:45:39	41.13	0.01	5	20565	买盘
14:45:33	41.12	0.01	11	45232	卖盘
14:45:30	41.11	-0.01	11	45221	卖盘
14:45:27	41.12	0.01	24	98688	买盘
14:45:24	41.11	-0.01	2	8222	卖盘
14:45:18	41.12	--	1	4112	买盘
14:45:15	41.12	--	5	20560	卖盘
14:45:12	41.12	-0.01	3	12336	卖盘
14:45:09	41.13	0.01	6	24678	中性盘
14:45:06	41.12	--	2	8224	买盘
14:45:03	41.12	-0.02	13	53456	中性盘
14:45:00	41.14	0.02	13	53482	买盘
14:44:57	41.12	--	4	16448	卖盘
14:44:54	41.12	-0.02	40	164480	卖盘
14:44:51	41.14	--	13	53482	买盘
14:44:45	41.14	0.03	35	143990	买盘
14:44:42	41.11	-0.03	17	69887	卖盘
14:44:39	41.14	--	25	102850	买盘
14:44:36	41.14	0.03	7	28798	买盘
14:44:30	41.11	--	8	32888	买盘
14:44:27	41.11	-0.01	5	20555	中性盘
14:44:21	41.12	0.02	30	123359	中性盘
14:44:15	41.1	--	23	94530	买盘
14:44:12	41.1	0.04	14	57540	买盘
14:44:09	41.06	-0.04	9	36954	卖盘
14:44:06	41.1	--	15	61650	卖盘
14:44:03	41.1	-0.05	24	98640	卖盘
14:44:00	41.15	0.05	20	82300	买盘
14:43:57	41.1	--	4	16440	卖盘
14:43:54	41.1	--	4	16440	卖盘
14:43:48	41.1	--	69	283590	卖盘
14:43:45	41.1	--	12	49320	买盘
14:43:36	41.1	0.07	3	12330	买盘
14:43:30	41.03	-0.07	1	4103	卖盘
14:43:27	41.1	-0.06	1	4110	中性盘
14:43:24	41.16	0.06	20	82320	买盘
14:43:21	41.1	--	2	8220	卖盘
14:43:18	41.1	--	7	28770	卖盘
14:43:15	41.1	0.07	69	283590	买盘
14:43:12	41.03	0.02	11	45133	买盘
14:43:09	41.01	-0.02	6	24606	卖盘
14:43:00	41.03	--	64	262592	买盘
14:42:57	41.03	0.03	12	49236	买盘
14:42:54	41.0	--	13	53300	卖盘
14:42:51	41.0	-0.05	131	537100	卖盘
14:42:48	41.05	0.01	1	4105	买盘
14:42:45	41.04	0.01	21	86184	中性盘
14:42:39	41.03	-0.04	34	139502	卖盘
14:42:36	41.07	0.03	5	20535	买盘
14:42:33	41.04	-0.01	11	45144	卖盘
14:42:30	41.05	-0.02	22	90310	中性盘
14:42:21	41.07	--	13	53391	买盘
14:42:12	41.07	-0.01	28	114996	中性盘
14:42:09	41.08	--	13	53404	买盘
14:42:06	41.08	0.05	4	16432	买盘
14:42:03	41.03	-0.02	12	49236	卖盘
14:41:57	41.05	0.02	1	4105	买盘
14:41:54	41.03	-0.02	23	94369	卖盘
14:41:45	41.05	--	9	36945	卖盘
14:41:42	41.05	--	5	20525	卖盘
14:41:39	41.05	-0.03	3	12315	卖盘
14:41:36	41.08	0.02	1	4108	中性盘
14:41:27	41.06	-0.04	20	82120	卖盘
14:41:24	41.1	--	1	4110	卖盘
14:41:15	41.1	-0.08	35	143850	卖盘
14:41:12	41.18	0.02	8	32944	买盘
14:41:09	41.16	--	1	4116	卖盘
14:41:06	41.16	-0.02	3	12347	卖盘
14:41:03	41.18	--	11	45298	买盘
14:41:00	41.18	0.02	4	16472	买盘
14:40:57	41.16	-0.02	2	8232	卖盘
14:40:54	41.18	-0.01	25	102950	卖盘
14:40:45	41.19	--	41	168879	买盘
14:40:42	41.19	-0.01	11	45309	卖盘
14:40:39	41.2	0.01	11	45320	买盘
14:40:30	41.19	-0.01	9	37071	卖盘
14:40:27	41.2	0.02	3	12360	买盘
14:40:24	41.18	-0.02	8	32944	卖盘
14:40:18	41.2	0.01	54	222480	买盘
14:40:15	41.19	--	3	12357	买盘
14:40:12	41.19	-0.01	4	16476	卖盘
14:40:09	41.2	--	7	28840	买盘
14:40:06	41.2	0.01	17	70040	买盘
14:40:03	41.19	-0.01	1	4119	卖盘
14:40:00	41.2	0.02	11	45320	买盘
14:39:57	41.18	-0.01	6	24708	卖盘
14:39:51	41.19	--	7	28833	卖盘
14:39:48	41.19	-0.01	3	12357	卖盘
14:39:45	41.2	--	9	37080	买盘
14:39:42	41.2	--	9	37080	买盘
14:39:39	41.2	--	72	296640	卖盘
14:39:36	41.2	--	8	32960	卖盘
14:39:33	41.2	--	19	78280	卖盘
14:39:24	41.2	-0.02	20	82400	卖盘
14:39:21	41.22	0.01	18	74196	买盘
14:39:18	41.21	-0.01	1	4121	卖盘
14:39:15	41.22	--	16	65952	买盘
14:39:12	41.22	0.02	10	41220	买盘
14:39:06	41.2	--	2	8240	卖盘
14:39:03	41.2	-0.02	2	8240	卖盘
14:39:00	41.22	--	17	70074	买盘
14:38:57	41.22	0.02	12	49464	买盘
14:38:54	41.2	--	27	111240	卖盘
14:38:48	41.2	--	21	86520	买盘
14:38:45	41.2	0.01	4	16480	买盘
14:38:36	41.19	-0.01	2	8238	中性盘
14:38:33	41.2	0.02	30	123600	买盘
14:38:27	41.18	0.04	1	4118	卖盘
14:38:24	41.14	-0.05	2	8228	卖盘
14:38:18	41.19	0.01	37	152403	买盘
14:38:15	41.18	0.05	20	82360	买盘
14:38:09	41.13	--	14	57582	卖盘
14:38:06	41.13	--	41	168633	卖盘
14:38:03	41.13	-0.03	2	8226	卖盘
14:38:00	41.16	0.01	10	41160	买盘
14:37:57	41.15	0.02	2	8230	买盘
14:37:51	41.13	0.01	4	16452	买盘
14:37:48	41.12	0.02	1	4112	买盘
14:37:42	41.1	--	21	86310	卖盘
14:37:39	41.1	0.04	7	28770	买盘
14:37:36	41.06	--	2	8212	卖盘
14:37:33	41.06	--	5	20530	买盘
14:37:30	41.06	0.02	2	8212	买盘
14:37:27	41.04	--	5	20520	卖盘
14:37:24	41.04	--	116	476064	买盘
14:37:18	41.04	0.02	69	283176	买盘
14:37:15	41.02	--	94	385588	卖盘
14:37:12	41.02	--	71	291242	卖盘
14:37:09	41.02	--	5	20510	卖盘
14:37:06	41.02	--	5	20510	买盘
14:37:03	41.02	0.01	1	4102	买盘
14:37:00	41.01	--	2	8202	卖盘
14:36:57	41.01	-0.01	7	28707	卖盘
14:36:51	41.02	0.01	6	24612	买盘
14:36:48	41.01	-0.01	16	65616	卖盘
14:36:45	41.02	-0.01	10	41020	卖盘
14:36:42	41.03	--	5	20515	买盘
14:36:36	41.03	0.02	8	32824	买盘
14:36:30	41.01	--	6	24606	卖盘
14:36:27	41.01	0.01	28	114828	卖盘
14:36:24	41.0	-0.01	1	4100	卖盘
14:36:21	41.01	--	3	12303	买盘
14:36:18	41.01	--	46	188646	买盘
14:36:15	41.01	--	5	20505	买盘
14:36:12	41.01	--	8	32808	买盘
14:36:09	41.01	--	10	41010	买盘
14:36:06	41.01	--	8	32808	买盘
14:36:00	41.01	-0.01	25	102525	卖盘
14:35:54	41.02	-0.02	17	69734	卖盘
14:35:45	41.04	0.02	11	45144	买盘
14:35:42	41.02	0.02	1	4102	买盘
14:35:39	41.0	-0.04	53	217300	卖盘
14:35:36	41.04	0.03	1	4104	买盘
14:35:33	41.01	-0.03	13	53313	卖盘
14:35:30	41.04	0.03	3	12312	买盘
14:35:27	41.01	-0.01	56	229656	卖盘
14:35:24	41.02	--	1	4102	卖盘
14:35:18	41.02	--	2	8204	中性盘
14:35:15	41.02	--	3	12306	卖盘
14:35:12	41.02	-0.02	1	4102	卖盘
14:35:09	41.04	--	24	98496	买盘
14:35:06	41.04	--	4	16416	买盘
14:35:03	41.04	--	30	123120	卖盘
14:34:54	41.04	-0.02	25	102600	卖盘
14:34:48	41.06	-0.02	7	28742	卖盘
14:34:42	41.08	--	10	41080	买盘
14:34:39	41.08	-0.02	11	47529	卖盘
14:34:36	41.1	--	7	28770	买盘
14:34:27	41.1	--	2	8220	买盘
14:34:24	41.1	--	10	41100	卖盘
14:34:21	41.1	-0.03	9	36990	卖盘
14:34:18	41.13	0.02	7	28791	买盘
14:34:15	41.11	--	3	12333	买盘
14:34:12	41.11	0.01	41	168551	卖盘
14:34:03	41.1	-0.03	26	106860	卖盘
14:33:57	41.13	-0.03	10	41130	卖盘
14:33:45	41.16	0.04	1	4116	买盘
14:33:39	41.12	-0.04	3	12336	卖盘
14:33:36	41.16	-0.02	2	8232	中性盘
14:33:33	41.18	--	1	4118	中性盘
14:33:30	41.18	--	1	4118	卖盘
14:33:27	41.18	-0.01	5	20590	中性盘
14:33:21	41.19	-0.01	8	32952	中性盘
14:33:15	41.2	0.1	30	123600	买盘
14:33:09	41.1	-0.1	16	65760	卖盘
14:33:06	41.2	--	2	8240	买盘
14:33:00	41.2	-0.08	1	4120	卖盘
14:32:57	41.28	0.08	144	594432	买盘
14:32:51	41.2	--	15	61800	卖盘
14:32:48	41.2	--	2	8240	卖盘
14:32:45	41.2	--	1	4120	卖盘
14:32:42	41.2	-0.01	7	28840	中性盘
14:32:36	41.21	--	0	4079	卖盘
14:32:33	41.21	0.01	27	111308	买盘
14:32:30	41.2	-0.01	72	296640	卖盘
14:32:24	41.21	-0.02	2	8242	卖盘
14:32:21	41.23	--	1	4123	卖盘
14:32:18	41.23	--	1	4123	买盘
14:32:12	41.23	0.01	2	8246	买盘
14:32:09	41.22	0.01	2	8244	买盘
14:32:06	41.21	-0.01	48	197808	卖盘
14:32:03	41.22	--	1	4122	买盘
14:32:00	41.22	-0.01	28	115416	卖盘
14:31:54	41.23	0.01	5	20615	买盘
14:31:48	41.22	-0.02	2	8244	卖盘
14:31:45	41.24	0.02	33	136092	买盘
14:31:42	41.22	--	5	20610	卖盘
14:31:39	41.22	0.01	6	24732	卖盘
14:31:36	41.21	-0.01	16	65936	卖盘
14:31:33	41.22	-0.01	2	8244	卖盘
14:31:30	41.23	0.01	5	20615	买盘
14:31:27	41.22	--	6	24732	买盘
14:31:24	41.22	0.01	46	189612	买盘
14:31:21	41.21	--	8	32968	卖盘
14:31:18	41.21	--	1	4121	卖盘
14:31:15	41.21	--	18	74178	卖盘
14:31:12	41.21	--	5	20605	卖盘
14:31:09	41.21	--	22	90662	卖盘
14:31:06	41.21	--	18	74178	买盘
14:31:00	41.21	0.01	1	4121	买盘
14:30:54	41.2	-0.01	1	4120	卖盘
14:30:51	41.21	--	11	45331	买盘
14:30:48	41.21	-0.01	17	70057	卖盘
14:30:45	41.22	0.01	9	37098	买盘
14:30:42	41.21	-0.01	13	53573	卖盘
14:30:39	41.22	--	5	20610	买盘
14:30:36	41.22	--	6	24732	卖盘
14:30:30	41.22	--	2	8244	中性盘
14:30:15	41.22	--	9	37098	卖盘
14:30:09	41.22	-0.03	35	144270	卖盘
14:30:03	41.25	--	2	8250	买盘
14:30:00	41.25	-0.01	8	33000	卖盘
14:29:54	41.26	--	44	181544	卖盘
14:29:51	41.26	--	8	33008	卖盘
14:29:45	41.26	-0.02	8	33008	卖盘
14:29:39	41.28	0.01	11	45408	买盘
14:29:36	41.27	-0.01	1	4127	卖盘
14:29:33	41.28	-0.01	2	8256	卖盘
14:29:30	41.29	--	1	4129	买盘
14:29:18	41.29	--	3	12387	买盘
14:29:15	41.29	0.02	1	4129	买盘
14:29:09	41.27	0.01	2	8254	中性盘
14:29:03	41.26	-0.02	47	193922	卖盘
14:28:54	41.28	--	5	20640	买盘
14:28:51	41.28	--	4	16512	买盘
14:28:42	41.28	--	10	41280	买盘
14:28:39	41.28	--	1	4128	买盘
14:28:33	41.28	0.01	84	346752	买盘
14:28:30	41.27	--	14	57778	买盘
14:28:27	41.27	--	1	4127	买盘
14:28:21	41.27	-0.01	6	24762	卖盘
14:28:18	41.28	--	101	416928	买盘
14:28:09	41.28	0.01	3	12384	买盘
14:28:03	41.27	--	5	20635	卖盘
14:28:00	41.27	-0.01	2	8254	卖盘
14:27:54	41.28	0.01	21	86688	买盘
14:27:51	41.27	-0.01	9	37143	卖盘
14:27:42	41.28	0.02	9	37152	买盘
14:27:39	41.26	--	29	119654	卖盘
14:27:33	41.26	--	7	28882	卖盘
14:27:30	41.26	--	9	37134	卖盘
14:27:27	41.26	--	1	4126	卖盘
14:27:24	41.26	-0.02	14	57764	卖盘
14:27:21	41.28	--	7	28896	买盘
14:27:15	41.28	--	1	4128	买盘
14:27:12	41.28	-0.01	8	33024	买盘
14:27:09	41.29	--	1	4129	买盘
14:27:06	41.29	--	5	20645	买盘
14:27:03	41.29	0.03	9	37161	买盘
14:27:00	41.26	-0.02	75	309450	卖盘
14:26:54	41.28	--	14	57792	买盘
14:26:51	41.28	0.01	6	24768	买盘
14:26:48	41.27	0.01	2	8254	买盘
14:26:45	41.26	--	10	41260	卖盘
14:26:42	41.26	--	4	16504	卖盘
14:26:36	41.26	0.01	23	94898	买盘
14:26:33	41.25	--	4	16500	买盘
14:26:30	41.25	-0.01	5	20625	中性盘
14:26:24	41.26	--	5	20630	买盘
14:26:21	41.26	0.05	3	12378	买盘
14:26:15	41.21	--	10	41210	卖盘
14:26:12	41.21	-0.05	6	24726	卖盘
14:26:09	41.26	0.05	1	4126	买盘
14:26:03	41.21	0.01	2	8242	中性盘
14:26:00	41.2	--	5	20600	卖盘
14:25:57	41.2	--	19	78280	买盘
14:25:54	41.2	-0.09	7	28840	卖盘
14:25:51	41.29	0.09	180	743220	买盘
14:25:39	41.2	--	17	70040	卖盘
14:25:36	41.2	-0.01	1	4120	卖盘
14:25:33	41.21	0.01	4	16484	买盘
14:25:30	41.2	-0.03	11	45320	卖盘
14:25:24	41.23	-0.02	11	45353	买盘
14:25:18	41.25	-0.03	15	61875	卖盘
14:25:15	41.28	--	11	45408	买盘
14:25:12	41.28	--	2	8256	买盘
14:25:09	41.28	-0.01	1	4128	买盘
14:25:06	41.29	--	211	871219	买盘
14:25:03	41.29	--	3	12387	买盘
14:25:00	41.29	-0.01	7	28903	卖盘
14:24:54	41.3	--	2	8260	买盘
14:24:51	41.3	--	2	8260	买盘
14:24:45	41.3	-0.01	38	156940	卖盘
14:24:42	41.31	-0.03	2	8262	卖盘
14:24:39	41.34	0.03	5	20670	买盘
14:24:36	41.31	-0.01	5	20655	卖盘
14:24:33	41.32	-0.02	2	8264	卖盘
14:24:27	41.34	0.01	7	28938	买盘
14:24:24	41.33	-0.01	1	4133	中性盘
14:24:21	41.34	--	2	8268	卖盘
14:24:18	41.34	0.03	16	66144	买盘
14:24:15	41.31	-0.03	17	70227	卖盘
14:24:12	41.34	--	5	20670	买盘
14:24:03	41.34	-0.02	3	12402	卖盘
14:24:00	41.36	--	5	20680	买盘
14:23:51	41.36	--	1	4136	买盘
14:23:48	41.36	0.02	1	4136	买盘
14:23:45	41.34	-0.02	1	4134	卖盘
14:23:42	41.36	0.01	5	20680	卖盘
14:23:39	41.35	-0.06	60	248100	中性盘
14:23:36	41.41	0.05	202	836481	买盘
14:23:33	41.36	--	10	41360	买盘
14:23:30	41.36	0.05	2	8272	买盘
14:23:24	41.31	-0.05	40	165240	卖盘
14:23:21	41.36	--	7	28952	卖盘
14:23:18	41.36	-0.01	16	66176	卖盘
14:23:12	41.37	-0.01	7	28959	卖盘
14:23:00	41.38	-0.02	23	95174	卖盘
14:22:57	41.4	0.02	43	178020	买盘
14:22:54	41.38	-0.03	34	140692	卖盘
14:22:51	41.41	0.01	1	4141	买盘
14:22:48	41.4	--	92	380880	卖盘
14:22:45	41.4	-0.01	5	20700	卖盘
14:22:42	41.41	--	3	12422	买盘
14:22:39	41.41	--	5	20705	买盘
14:22:36	41.41	0.01	33	136653	买盘
14:22:33	41.4	-0.01	50	207000	卖盘
14:22:30	41.41	--	3	12422	买盘
14:22:27	41.41	-0.02	17	70397	卖盘
14:22:24	41.43	--	3	12429	买盘
14:22:12	41.43	-0.02	43	182250	卖盘
14:22:09	41.45	-0.03	13	53926	中性盘
14:22:03	41.48	0.05	1	4148	买盘
14:21:57	41.43	-0.05	6	24858	卖盘
14:21:51	41.48	0.05	2	8296	买盘
14:21:48	41.43	--	4	16572	买盘
14:21:45	41.43	--	2	8286	卖盘
14:21:42	41.43	--	5	20715	卖盘
14:21:39	41.43	--	2	8286	卖盘
14:21:30	41.43	--	1	4143	卖盘
14:21:21	41.43	--	19	78717	买盘
14:21:18	41.43	--	3	12429	买盘
14:21:12	41.43	--	5	20715	买盘
14:21:06	41.43	--	8	33144	卖盘
14:21:00	41.43	--	9	37287	买盘
14:20:51	41.43	0.05	1	4143	中性盘
14:20:36	41.38	-0.05	49	202762	卖盘
14:20:30	41.43	0.04	7	29001	买盘
14:20:27	41.39	--	3	12417	买盘
14:20:24	41.39	0.01	6	24834	买盘
14:20:18	41.38	-0.01	5	20690	卖盘
14:20:15	41.39	--	12	49668	买盘
14:20:12	41.39	-0.11	2	8278	中性盘
14:20:09	41.5	0.1	103	427450	买盘
14:20:06	41.4	--	23	95220	买盘
14:20:03	41.4	--	1	4140	买盘
14:20:00	41.4	--	2	8280	买盘
14:19:57	41.4	--	10	41400	买盘
14:19:51	41.4	--	50	207000	买盘
14:19:48	41.4	--	20	82800	卖盘
14:19:45	41.4	--	1	4140	卖盘
14:19:42	41.4	--	6	24840	卖盘
14:19:39	41.4	--	39	161460	卖盘
14:19:36	41.4	--	1	4140	卖盘
14:19:33	41.4	--	3	12420	卖盘
14:19:30	41.4	--	3	12420	卖盘
14:19:27	41.4	--	10	41400	卖盘
14:19:24	41.4	--	25	103500	卖盘
14:19:18	41.4	--	4	16560	买盘
14:19:15	41.4	0.01	1	4140	买盘
14:19:12	41.39	-0.01	6	24834	卖盘
14:19:09	41.4	--	6	24840	卖盘
14:19:06	41.4	--	9	37260	卖盘
14:19:00	41.4	--	2	8280	卖盘
14:18:57	41.4	--	16	66240	买盘
14:18:45	41.4	-0.1	4	16560	卖盘
14:18:42	41.5	0.05	205	850750	买盘
14:18:39	41.45	-0.04	12	49740	卖盘
14:18:36	41.49	--	2	8298	买盘
14:18:33	41.49	--	2	8298	买盘
14:18:27	41.49	-0.01	14	58086	卖盘
14:18:24	41.5	-0.01	10	41500	卖盘
14:18:21	41.51	--	15	62265	买盘
14:18:12	41.51	--	7	29057	卖盘
14:18:09	41.51	--	13	53963	卖盘
14:18:06	41.51	--	2	8302	卖盘
14:18:03	41.51	-0.03	1	4151	卖盘
14:18:00	41.54	0.03	20	83080	买盘
14:17:57	41.51	--	2	8302	卖盘
14:17:54	41.51	-0.04	5	20755	卖盘
14:17:51	41.55	0.04	1	4155	买盘
14:17:45	41.51	-0.05	12	49812	卖盘
14:17:42	41.56	--	25	103900	买盘
14:17:39	41.56	-0.04	24	99744	卖盘
14:17:36	41.6	0.04	2	8320	买盘
14:17:33	41.56	-0.03	19	78964	卖盘
14:17:30	41.59	-0.01	1	4159	卖盘
14:17:27	41.6	--	11	45760	买盘
14:17:24	41.6	--	1	4160	买盘
14:17:21	41.6	-0.03	12	49920	卖盘
14:17:18	41.63	--	8	33304	买盘
14:17:15	41.63	--	103	428789	买盘
14:17:12	41.63	0.03	5	20815	买盘
14:17:09	41.6	-0.04	70	291200	卖盘
14:17:06	41.64	0.01	12	49968	买盘
14:17:03	41.63	-0.01	2	8326	卖盘
14:17:00	41.64	--	31	129084	买盘
14:16:57	41.64	0.01	8	33312	买盘
14:16:54	41.63	-0.01	17	70771	卖盘
14:16:51	41.64	-0.05	20	83280	卖盘
14:16:48	41.69	0.04	41	170929	买盘
14:16:45	41.65	--	74	308210	买盘
14:16:42	41.65	--	1	4165	买盘
14:16:39	41.65	--	4	16660	买盘
14:16:36	41.65	-0.05	56	233240	卖盘
14:16:33	41.7	0.01	13	54210	买盘
14:16:30	41.69	-0.01	5	20845	买盘
14:16:27	41.7	0.05	55	229350	买盘
14:16:24	41.65	-0.04	23	95795	卖盘
14:16:21	41.69	0.01	192	800448	卖盘
14:16:18	41.68	-0.01	81	337608	中性盘
14:16:15	41.69	--	2	8338	买盘
14:16:12	41.69	0.04	12	50028	买盘
14:16:09	41.65	-0.05	45	187425	卖盘
14:16:06	41.7	0.05	129	537930	买盘
14:16:03	41.65	-0.01	56	233240	卖盘
14:16:00	41.66	0.01	25	104149	买盘
14:15:57	41.65	--	2	8330	买盘
14:15:54	41.65	--	11	45815	买盘
14:15:51	41.65	--	10	41650	买盘
14:15:48	41.65	-0.05	26	108290	卖盘
14:15:45	41.7	0.05	508	2118360	买盘
14:15:42	41.65	0.03	9	37485	买盘
14:15:39	41.62	-0.01	6	24972	卖盘
14:15:36	41.63	0.01	1	4163	买盘
14:15:33	41.62	--	1	4162	卖盘
14:15:30	41.62	0.02	21	87402	买盘
14:15:27	41.6	--	61	253760	买盘
14:15:24	41.6	--	68	282880	买盘
14:15:18	41.6	0.02	35	145600	买盘
14:15:12	41.58	0.07	105	436590	买盘
14:15:09	41.51	-0.04	3	12453	卖盘
14:15:06	41.55	0.02	17	70635	买盘
14:15:03	41.53	0.02	1	4153	中性盘
14:15:00	41.51	--	9	37359	卖盘
14:14:57	41.51	0.01	4	16604	买盘
14:14:54	41.5	--	12	49800	卖盘
14:14:51	41.5	-0.01	3	12450	卖盘
14:14:48	41.51	0.01	1	4151	买盘
14:14:45	41.5	--	156	647400	买盘
14:14:42	41.5	0.01	58	240700	买盘
14:14:39	41.49	--	21	87129	买盘
14:14:36	41.49	0.01	32	132768	买盘
14:14:30	41.48	--	7	29035	卖盘
14:14:27	41.48	--	8	33184	买盘
14:14:24	41.48	0.06	7	29035	买盘
14:14:21	41.42	-0.05	10	41420	卖盘
14:14:18	41.47	0.03	2	8294	买盘
14:14:15	41.44	0.02	11	45584	中性盘
14:14:12	41.42	-0.02	20	82840	卖盘
14:14:09	41.44	0.02	11	45584	买盘
14:14:03	41.42	0.02	55	227810	买盘
14:14:00	41.4	--	36	149040	买盘
14:13:54	41.4	--	15	62100	买盘
14:13:51	41.4	0.01	4	16560	中性盘
14:13:48	41.39	--	155	641545	卖盘
14:13:45	41.39	--	15	62085	买盘
14:13:42	41.39	0.01	5	20695	买盘
14:13:39	41.38	--	25	103450	卖盘
14:13:36	41.38	--	9	37242	卖盘
14:13:33	41.38	--	18	74484	买盘
14:13:30	41.38	0.01	2	8276	买盘
14:13:27	41.37	-0.01	1	4137	卖盘
14:13:24	41.38	--	7	28966	买盘
14:13:21	41.38	0.01	3	12414	买盘
14:13:18	41.37	--	44	182028	卖盘
14:13:15	41.37	--	1	4137	卖盘
14:13:12	41.37	0.01	13	53781	买盘
14:13:09	41.36	--	20	82720	卖盘
14:13:06	41.36	--	1	4136	卖盘
14:13:03	41.36	--	10	41360	买盘
14:13:00	41.36	0.03	13	53768	买盘
14:12:57	41.33	-0.02	44	181852	卖盘
14:12:54	41.35	--	24	99240	买盘
14:12:51	41.35	0.01	12	49620	买盘
14:12:48	41.34	-0.01	34	140556	卖盘
14:12:45	41.35	0.01	13	53755	买盘
14:12:42	41.34	--	5	20670	卖盘
14:12:39	41.34	--	5	20670	卖盘
14:12:36	41.34	0.02	23	95082	买盘
14:12:33	41.32	-0.01	2	8264	卖盘
14:12:24	41.33	--	6	24798	买盘
14:12:18	41.33	--	2	8266	买盘
14:12:15	41.33	-0.02	17	70261	卖盘
14:12:12	41.35	--	4	16540	买盘
14:12:09	41.35	--	12	49620	买盘
14:12:06	41.35	--	22	90970	买盘
14:12:03	41.35	0.03	48	198480	买盘
14:11:57	41.32	0.02	5	20660	卖盘
14:11:54	41.3	--	13	53689	卖盘
14:11:45	41.3	--	3	12390	卖盘
14:11:42	41.3	--	17	70210	买盘
14:11:39	41.3	--	6	24780	买盘
14:11:36	41.3	--	2	8260	买盘
14:11:33	41.3	--	19	78470	买盘
14:11:30	41.3	0.01	2	8260	买盘
14:11:27	41.29	0.01	22	90838	买盘
14:11:24	41.28	0.03	8	33024	买盘
14:11:21	41.25	-0.03	20	82500	卖盘
14:11:18	41.28	--	30	123840	买盘
14:11:15	41.28	--	2	8256	买盘
14:11:12	41.28	0.02	16	66048	买盘
14:11:06	41.26	--	1	4126	买盘
14:11:03	41.26	0.01	1	4126	买盘
14:11:00	41.25	-0.03	5	20625	卖盘
14:10:57	41.28	0.03	1	4128	买盘
14:10:48	41.25	--	2	8250	卖盘
14:10:45	41.25	--	5	20625	卖盘
14:10:42	41.25	-0.03	22	90750	中性盘
14:10:39	41.28	0.06	5	20640	买盘
14:10:33	41.22	--	1	4122	卖盘
14:10:21	41.22	0.01	55	226710	买盘
14:10:18	41.21	-0.01	3	12363	中性盘
14:10:15	41.22	0.01	1	4122	买盘
14:10:09	41.21	--	1	4121	中性盘
14:10:03	41.21	-0.01	16	65936	卖盘
14:10:00	41.22	--	38	156636	卖盘
14:09:57	41.22	--	2	8244	卖盘
14:09:54	41.22	0.01	9	37098	买盘
14:09:51	41.21	-0.01	7	28847	中性盘
14:09:45	41.22	0.01	24	98928	买盘
14:09:42	41.21	--	1	4121	买盘
14:09:39	41.21	-0.01	59	243139	卖盘
14:09:36	41.22	0.01	7	28854	买盘
14:09:33	41.21	-0.01	21	86541	卖盘
14:09:27	41.22	--	3	12366	买盘
14:09:24	41.22	--	16	65952	卖盘
14:09:21	41.22	--	3	12366	卖盘
14:09:15	41.22	-0.08	11	45342	中性盘
14:09:00	41.3	0.08	4	16520	买盘
14:08:57	41.22	-0.08	3	12366	卖盘
14:08:51	41.3	--	5	20650	买盘
14:08:42	41.3	--	2	8260	买盘
14:08:39	41.3	-0.02	10	41300	卖盘
14:08:36	41.32	0.02	15	61980	中性盘
14:08:33	41.3	--	33	136290	卖盘
14:08:30	41.3	--	24	99120	卖盘
14:08:27	41.3	-0.02	102	421260	卖盘
14:08:24	41.32	0.01	25	103300	买盘
14:08:21	41.31	--	3	12393	买盘
14:08:18	41.31	0.01	3	12393	买盘
14:08:15	41.3	-0.01	15	61949	中性盘
14:08:09	41.31	--	6	24786	买盘
14:08:06	41.31	--	10	41310	买盘
14:08:03	41.31	-0.01	11	45441	卖盘
14:08:00	41.32	--	5	20660	卖盘
14:07:57	41.32	--	4	16528	卖盘
14:07:51	41.32	-0.03	5	20660	卖盘
14:07:48	41.35	--	57	235695	买盘
14:07:42	41.35	-0.01	15	62025	买盘
14:07:39	41.36	--	8	33088	卖盘
14:07:36	41.36	--	2	8272	卖盘
14:07:33	41.36	--	5	20680	卖盘
14:07:30	41.36	0.02	11	45496	中性盘
14:07:24	41.34	-0.06	8	33072	卖盘
14:07:15	41.4	--	7	28980	买盘
14:07:09	41.4	--	6	24840	卖盘
14:07:06	41.4	--	29	120060	卖盘
14:07:00	41.4	--	43	178020	卖盘
14:06:57	41.4	--	16	66240	买盘
14:06:54	41.4	-0.01	2	8280	买盘
14:06:51	41.41	-0.01	4	16564	买盘
14:06:48	41.42	--	68	281656	买盘
14:06:45	41.42	0.01	23	95266	买盘
14:06:42	41.41	--	1	4141	买盘
14:06:39	41.41	--	14	57973	卖盘
14:06:36	41.41	-0.01	13	53832	卖盘
14:06:33	41.42	0.01	2	8284	买盘
14:06:27	41.41	0.08	77	318857	买盘
14:06:18	41.33	-0.07	2	8266	卖盘
14:06:15	41.4	0.07	1	4140	中性盘
14:06:09	41.33	-0.08	3	12399	卖盘
14:06:06	41.41	--	6	24845	买盘
14:06:00	41.41	-0.01	38	157358	卖盘
14:05:57	41.42	--	3	12426	卖盘
14:05:54	41.42	--	5	20710	卖盘
14:05:51	41.42	-0.01	14	57988	卖盘
14:05:48	41.43	-0.06	14	58002	卖盘
14:05:45	41.49	0.04	37	153513	买盘
14:05:42	41.45	-0.04	4	16580	买盘
14:05:39	41.49	0.03	87	360963	买盘
14:05:36	41.46	-0.05	10	41460	中性盘
14:05:33	41.51	0.01	10	41510	买盘
14:05:30	41.5	--	1	4150	买盘
14:05:27	41.5	--	25	103750	买盘
14:05:24	41.5	-0.01	33	136950	卖盘
14:05:21	41.51	0.01	15	62265	卖盘
14:05:18	41.5	-0.05	60	249000	卖盘
14:05:15	41.55	0.05	12	49860	买盘
14:05:12	41.5	-0.05	5	20750	卖盘
14:05:09	41.55	0.06	62	257609	买盘
14:05:06	41.49	-0.06	15	62235	卖盘
14:05:03	41.55	0.04	14	58169	买盘
14:05:00	41.51	-0.09	16	66416	中性盘
14:04:57	41.6	0.12	456	1896960	买盘
14:04:54	41.48	-0.01	83	344284	卖盘
14:04:51	41.49	-0.01	80	331920	中性盘
14:04:48	41.5	0.04	61	253150	买盘
14:04:45	41.46	-0.02	3	12438	卖盘
14:04:42	41.48	0.03	17	70516	买盘
14:04:39	41.45	0.01	14	58030	买盘
14:04:36	41.44	0.01	14	58016	卖盘
14:04:33	41.43	0.01	14	58002	买盘
14:04:30	41.42	0.12	48	198816	买盘
14:04:24	41.3	-0.11	10	41300	中性盘
14:04:21	41.41	0.12	405	1677104	买盘
14:04:18	41.29	0.01	4	16516	卖盘
14:04:15	41.28	--	25	103200	买盘
14:04:12	41.28	0.01	14	57792	买盘
14:04:09	41.27	--	1	4127	卖盘
14:04:06	41.27	--	25	103175	买盘
14:04:00	41.27	0.04	78	321906	买盘
14:03:57	41.23	0.01	1	4123	买盘
14:03:54	41.22	0.04	240	991753	买盘
14:03:48	41.18	0.04	116	477688	买盘
14:03:45	41.14	0.01	3	12342	买盘
14:03:42	41.13	0.01	2	8226	买盘
14:03:36	41.12	0.02	41	168592	买盘
14:03:33	41.1	--	16	65760	买盘
14:03:30	41.1	--	15	61650	买盘
14:03:24	41.1	0.01	1	4110	买盘
14:03:21	41.09	0.01	1	4109	卖盘
14:03:18	41.08	-0.01	20	82160	卖盘
14:03:15	41.09	--	16	65744	买盘
14:03:12	41.09	0.01	6	24654	买盘
14:03:03	41.08	--	30	125006	买盘
14:03:00	41.08	0.05	4	16432	买盘
14:02:54	41.03	-0.05	31	127193	卖盘
14:02:51	41.08	--	13	53404	买盘
14:02:48	41.08	--	6	24648	买盘
14:02:45	41.08	--	17	72177	卖盘
14:02:42	41.08	--	16	67494	买盘
14:02:36	41.08	0.01	3	12324	买盘
14:02:33	41.07	0.03	1	4107	买盘
14:02:27	41.04	0.01	10	41040	中性盘
14:02:24	41.03	0.01	10	41030	买盘
14:02:21	41.02	-0.01	5	20510	中性盘
14:02:15	41.03	0.02	6	24618	买盘
14:02:12	41.01	--	8	32808	买盘
14:02:09	41.01	--	224	918624	买盘
14:02:06	41.01	--	54	221454	买盘
14:02:03	41.01	--	26	106626	买盘
14:02:00	41.01	--	6	24606	买盘
14:01:57	41.01	--	28	114828	买盘
14:01:51	41.01	--	3	12303	买盘
14:01:48	41.01	0.01	1	4101	买盘
14:01:45	41.0	-0.01	1	4100	卖盘
14:01:42	41.01	--	10	41010	买盘
14:01:39	41.01	0.02	206	844806	买盘
14:01:36	40.99	-0.02	17	69683	卖盘
14:01:33	41.01	--	34	139434	买盘
14:01:27	41.01	0.01	33	135333	买盘
14:01:21	41.0	--	10	41000	卖盘
14:01:18	41.0	-0.01	10	41000	卖盘
14:01:15	41.01	0.01	3	12303	买盘
14:01:09	41.0	--	12	49200	买盘
14:01:06	41.0	--	20	82000	买盘
14:01:03	41.0	--	13	53300	买盘
14:01:00	41.0	--	47	192700	买盘
14:00:54	41.0	--	6	24600	买盘
14:00:51	41.0	0.03	16	65600	买盘
14:00:48	40.97	-0.03	503	2060791	卖盘
14:00:45	41.0	--	2	8200	买盘
14:00:42	41.0	--	2	8200	买盘
14:00:39	41.0	--	12	49200	买盘
14:00:27	41.0	0.02	1	4100	买盘
14:00:24	40.98	0.01	6	24587	卖盘
14:00:18	40.97	-0.01	19	77843	卖盘
14:00:12	40.98	0.01	1	4098	买盘
14:00:09	40.97	--	2	8194	卖盘
14:00:03	40.97	0.01	5	20485	买盘
14:00:00	40.96	-0.01	6	24576	中性盘
13:59:57	40.97	0.02	32	131104	买盘
13:59:54	40.95	-0.01	12	49140	买盘
13:59:42	40.96	-0.01	34	139264	卖盘
13:59:36	40.97	--	7	28679	卖盘
13:59:33	40.97	-0.01	5	20485	卖盘
13:59:24	40.98	--	5	20490	买盘
13:59:18	40.98	--	14	57371	卖盘
13:59:12	40.98	-0.01	40	163920	卖盘
13:59:09	40.99	0.01	10	40990	买盘
13:59:03	40.98	-0.01	11	45078	卖盘
13:59:00	40.99	0.01	25	102475	买盘
13:58:57	40.98	--	31	127037	卖盘
13:58:51	40.98	--	1	4098	卖盘
13:58:48	40.98	--	20	81960	卖盘
13:58:45	40.98	-0.01	3	12293	卖盘
13:58:39	40.99	0.01	8	32792	中性盘
13:58:30	40.98	--	1	4098	卖盘
13:58:24	40.98	--	47	192605	买盘
13:58:21	40.98	--	11	45078	买盘
13:58:18	40.98	--	1	4098	买盘
13:58:09	40.98	-0.02	4	16392	卖盘
13:57:57	41.0	-0.01	38	155800	卖盘
13:57:54	41.01	--	4	16404	买盘
13:57:45	41.01	--	20	82020	买盘
13:57:36	41.01	--	11	45111	卖盘
13:57:30	41.01	-0.02	1	4101	卖盘
13:57:27	41.03	0.02	2	8206	买盘
13:57:24	41.01	--	1	4101	卖盘
13:57:18	41.01	--	11	45111	买盘
13:57:12	41.01	--	6	24606	买盘
13:57:06	41.01	--	8	32808	卖盘
13:56:57	41.01	-0.02	5	20505	卖盘
13:56:54	41.03	-0.05	2	8206	买盘
13:56:51	41.08	0.08	33	135564	买盘
13:56:48	41.0	--	1	4100	买盘
13:56:42	41.0	-0.01	9	36900	卖盘
13:56:39	41.01	-0.07	82	338619	卖盘
13:56:36	41.08	0.05	1	4108	买盘
13:56:33	41.03	--	5	22279	买盘
13:56:30	41.03	0.02	3	12309	买盘
13:56:27	41.01	-0.02	10	41010	中性盘
13:56:24	41.03	0.03	11	45133	买盘
13:56:21	41.0	--	11	45100	卖盘
13:56:09	41.0	--	2	8200	买盘
13:56:06	41.0	-0.01	49	200900	卖盘
13:56:03	41.01	--	6	24606	买盘
13:56:00	41.01	0.01	1	4101	买盘
13:55:54	41.0	--	3	12300	卖盘
13:55:51	41.0	0.04	49	200900	买盘
13:55:48	40.96	--	12	49152	卖盘
13:55:42	40.96	-0.02	44	180224	卖盘
13:55:39	40.98	0.02	46	188508	买盘
13:55:36	40.96	-0.01	2	8192	卖盘
13:55:33	40.97	0.01	14	57358	买盘
13:55:30	40.96	-0.01	5	20480	卖盘
13:55:27	40.97	--	2	8194	买盘
13:55:18	40.97	--	2	8194	买盘
13:55:12	40.97	0.01	15	61455	买盘
13:55:09	40.96	--	3	12288	买盘
13:55:06	40.96	--	1	4096	买盘
13:55:03	40.96	-0.01	65	266240	卖盘
13:55:00	40.97	0.01	4	16388	买盘
13:54:57	40.96	--	1	4096	卖盘
13:54:54	40.96	--	2	8192	卖盘
13:54:45	40.96	-0.01	1	4096	卖盘
13:54:33	40.97	0.01	1	4097	买盘
13:54:30	40.96	-0.01	5	20480	卖盘
13:54:27	40.97	0.01	3	12291	买盘
13:54:24	40.96	--	5	20480	买盘
13:53:57	40.96	--	4	16384	卖盘
13:53:51	40.96	-0.01	1	4096	卖盘
13:53:48	40.97	--	36	147492	买盘
13:53:36	40.97	--	4	16388	买盘
13:53:33	40.97	--	20	81940	买盘
13:53:21	40.97	--	4	16388	买盘
13:53:18	40.97	-0.01	6	24582	中性盘
13:53:06	40.98	--	1	4098	买盘
13:53:03	40.98	--	4	16392	买盘
13:52:54	40.98	0.01	2	8196	买盘
13:52:45	40.97	--	1	4097	买盘
13:52:42	40.97	0.12	1	4097	买盘
13:52:39	40.85	-0.13	20	81700	卖盘
13:52:27	40.98	0.11	14	57371	买盘
13:52:24	40.87	--	15	61304	卖盘
13:52:18	40.87	0.03	7	28609	买盘
13:52:15	40.84	-0.01	31	126604	卖盘
13:52:09	40.85	--	7	28595	卖盘
13:52:06	40.85	--	60	245100	买盘
13:52:03	40.85	--	6	24510	买盘
13:52:00	40.85	--	6	24510	买盘
13:51:57	40.85	0.01	3	12255	买盘
13:51:54	40.84	-0.01	30	122520	卖盘
13:51:48	40.85	--	1	4085	买盘
13:51:42	40.85	-0.05	21	85785	卖盘
13:51:39	40.9	0.02	2	8180	买盘
13:51:33	40.88	--	14	57232	卖盘
13:51:27	40.88	--	1	4088	卖盘
13:51:24	40.88	0.03	6	24528	买盘
13:51:18	40.85	-0.03	4	16340	中性盘
13:51:15	40.88	0.03	31	126728	买盘
13:51:12	40.85	--	1	4085	卖盘
13:51:09	40.85	0.02	40	163400	买盘
13:51:03	40.83	--	19	77577	卖盘
13:51:00	40.83	0.01	19	77577	买盘
13:50:57	40.82	-0.01	9	36738	卖盘
13:50:54	40.83	0.01	1	4083	买盘
13:50:51	40.82	-0.01	1	4082	卖盘
13:50:48	40.83	-0.01	64	261312	卖盘
13:50:45	40.84	-0.01	1	4084	中性盘
13:50:30	40.85	--	3	12255	卖盘
13:50:24	40.85	-0.01	9	36765	卖盘
13:50:21	40.86	0.01	3	12258	买盘
13:50:18	40.85	--	4	16340	卖盘
13:50:15	40.85	-0.03	4	16340	卖盘
13:50:09	40.88	0.01	32	130816	买盘
13:50:06	40.87	0.01	9	36783	买盘
13:50:03	40.86	-0.03	9	36774	卖盘
13:50:00	40.89	0.01	2	8178	买盘
13:49:57	40.88	-0.01	4	16352	卖盘
13:49:54	40.89	--	2	8178	买盘
13:49:48	40.89	-0.08	30	122670	卖盘
13:49:39	40.97	0.07	1	4097	中性盘
13:49:30	40.9	-0.05	12	49080	卖盘
13:49:27	40.95	0.02	1	4095	中性盘
13:49:21	40.93	-0.05	15	61395	卖盘
13:49:15	40.98	--	1	4098	买盘
13:49:12	40.98	--	1	4098	买盘
13:49:09	40.98	-0.03	282	1155636	卖盘
13:49:06	41.01	0.01	1	4101	买盘
13:49:03	41.0	--	4	16400	卖盘
13:49:00	41.0	-0.01	25	102500	卖盘
13:48:57	41.01	--	15	61515	买盘
13:48:54	41.01	0.01	5	20505	买盘
13:48:51	41.0	--	24	98400	卖盘
13:48:27	41.0	-0.01	71	291100	卖盘
13:48:15	41.01	--	7	28707	卖盘
13:48:06	41.01	--	6	24606	卖盘
13:48:03	41.01	--	10	41010	卖盘
13:47:57	41.01	--	17	69717	卖盘
13:47:54	41.01	-0.01	2	8202	卖盘
13:47:51	41.02	-0.01	9	36918	卖盘
13:47:45	41.03	0.01	3	12309	买盘
13:47:42	41.02	--	3	12306	买盘
13:47:39	41.02	-0.01	8	32816	卖盘
13:47:27	41.03	--	6	24618	卖盘
13:47:21	41.03	-0.01	10	41030	卖盘
13:47:15	41.04	0.01	1	4104	买盘
13:47:09	41.03	--	2	8206	卖盘
13:47:00	41.03	-0.01	5	20515	卖盘
13:46:57	41.04	0.01	2	8208	买盘
13:46:51	41.03	--	5	20515	卖盘
13:46:48	41.03	0.01	3	12309	卖盘
13:46:45	41.02	--	77	315854	买盘
13:46:42	41.02	0.01	6	24612	买盘
13:46:39	41.01	-0.01	3	12303	卖盘
13:46:36	41.02	--	56	229712	买盘
13:46:33	41.02	--	1	4102	中性盘
13:46:21	41.02	0.01	1	4102	买盘
13:46:18	41.01	-0.01	1	4101	中性盘
13:46:15	41.02	0.02	9	36918	买盘
13:46:12	41.0	-0.01	25	102500	卖盘
13:46:09	41.01	--	10	41010	卖盘
13:46:06	41.01	-0.01	18	73818	卖盘
13:46:03	41.02	--	1	4102	买盘
13:46:00	41.02	-0.01	5	20510	卖盘
13:45:57	41.03	--	2	8206	买盘
13:45:51	41.03	0.01	6	24618	买盘
13:45:42	41.02	-0.02	13	53326	卖盘
13:45:39	41.04	--	3	12312	买盘
13:45:27	41.04	--	2	8208	卖盘
13:45:24	41.04	--	5	20520	卖盘
13:45:15	41.04	0.03	1	4104	卖盘
13:45:06	41.01	-0.03	5	20505	卖盘
13:45:03	41.04	--	17	69768	买盘
13:45:00	41.04	0.04	1	4104	买盘
13:44:57	41.0	-0.04	8	32800	卖盘
13:44:54	41.04	0.04	2	8208	买盘
13:44:51	41.0	--	11	45100	卖盘
13:44:48	41.0	--	6	24600	买盘
13:44:45	41.0	0.02	45	184500	买盘
13:44:42	40.98	-0.02	12	49175	卖盘
13:44:39	41.0	--	31	127100	买盘
13:44:36	41.0	0.02	30	123000	买盘
13:44:33	40.98	--	7	28685	卖盘
13:44:27	40.98	0.03	15	61469	买盘
13:44:18	40.95	-0.01	17	69615	卖盘
13:44:15	40.96	-0.02	9	36864	卖盘
13:44:09	40.98	--	6	24587	卖盘
13:44:06	40.98	-0.02	15	61469	卖盘
13:44:03	41.0	0.02	2	8200	买盘
13:44:00	40.98	--	2	8196	卖盘
13:43:57	40.98	-0.02	2	8196	卖盘
13:43:48	41.0	--	17	69700	卖盘
13:43:45	41.0	-0.04	5	20500	卖盘
13:43:39	41.04	--	6	24624	卖盘
13:43:36	41.04	-0.01	1	4104	卖盘
13:43:33	41.05	--	8	32840	买盘
13:43:30	41.05	--	9	36945	买盘
13:43:27	41.05	--	19	77995	卖盘
13:43:24	41.05	-0.03	1	4105	卖盘
13:43:06	41.08	--	10	41080	卖盘
13:43:00	41.08	--	7	28756	卖盘
13:42:57	41.08	--	37	151996	卖盘
13:42:54	41.08	-0.02	1	4108	卖盘
13:42:51	41.1	--	13	53430	买盘
13:42:48	41.1	0.02	5	20550	买盘
13:42:42	41.08	-0.02	15	61620	卖盘
13:42:39	41.1	-0.02	85	349350	卖盘
13:42:33	41.12	0.02	7	28784	买盘
13:42:30	41.1	-0.03	4	16440	卖盘
13:42:27	41.13	0.03	5	20565	买盘
13:42:24	41.1	-0.02	20	82200	卖盘
13:42:21	41.12	-0.01	5	20560	卖盘
13:42:15	41.13	--	1	4113	卖盘
13:42:09	41.13	-0.03	20	82260	卖盘
13:42:00	41.16	-0.01	26	110267	卖盘
13:41:57	41.17	0.01	1	4117	买盘
13:41:54	41.16	-0.01	20	83184	卖盘
13:41:39	41.17	-0.02	9	37053	卖盘
13:41:33	41.19	0.01	10	41190	买盘
13:41:27	41.18	-0.01	7	28826	卖盘
13:41:12	41.19	--	49	201831	卖盘
13:41:09	41.19	-0.01	1	4119	卖盘
13:41:03	41.2	--	20	82400	卖盘
13:41:00	41.2	-0.01	50	206000	卖盘
13:40:57	41.21	--	1	4121	买盘
13:40:54	41.21	--	5	20605	买盘
13:40:51	41.21	--	5	20605	卖盘
13:40:45	41.21	-0.01	4	16484	卖盘
13:40:42	41.22	--	2	8244	买盘
13:40:39	41.22	0.02	33	136026	买盘
13:40:36	41.2	--	32	131840	卖盘
13:40:30	41.2	-0.01	10	41200	卖盘
13:40:27	41.21	0.02	15	61815	买盘
13:40:21	41.19	--	10	41190	中性盘
13:40:18	41.19	0.01	16	65904	买盘
13:40:03	41.18	0.05	34	140012	买盘
13:39:57	41.13	--	3	12339	卖盘
13:39:54	41.13	0.01	2	8226	中性盘
13:39:45	41.12	0.01	3	12336	中性盘
13:39:33	41.11	0.01	34	139774	买盘
13:39:27	41.1	--	6	24660	买盘
13:39:21	41.1	0.01	31	127410	买盘
13:39:18	41.09	-0.01	3	12327	中性盘
13:39:06	41.1	-0.01	25	102750	卖盘
13:38:54	41.11	0.01	5	20555	买盘
13:38:51	41.1	--	20	82200	卖盘
13:38:48	41.1	-0.01	15	61650	卖盘
13:38:42	41.11	--	9	36999	卖盘
13:38:27	41.11	-0.05	67	275437	卖盘
13:38:24	41.16	-0.02	2	8232	卖盘
13:38:21	41.18	--	2	8236	买盘
13:38:18	41.18	--	2	8236	买盘
13:38:12	41.18	-0.02	5	20590	卖盘
13:38:06	41.2	--	2	8240	买盘
13:38:03	41.2	--	8	32960	买盘
13:38:00	41.2	--	13	53560	买盘
13:37:54	41.2	--	6	24720	买盘
13:37:51	41.2	--	33	135960	卖盘
13:37:48	41.2	-0.01	34	140080	卖盘
13:37:36	41.21	-0.01	17	70057	卖盘
13:37:30	41.22	--	4	16488	买盘
13:37:27	41.22	-0.04	211	869742	卖盘
13:37:24	41.26	0.01	5	20630	买盘
13:37:21	41.25	--	8	33000	卖盘
13:37:18	41.25	--	6	24750	买盘
13:37:15	41.25	0.02	10	41250	中性盘
13:37:12	41.23	-0.02	10	41230	卖盘
13:37:09	41.25	--	7	28875	卖盘
13:37:06	41.25	--	3	12375	卖盘
13:37:03	41.25	--	2	8250	卖盘
13:37:00	41.25	0.02	38	156750	买盘
13:36:57	41.23	-0.02	2	8246	卖盘
13:36:54	41.25	0.02	10	41250	买盘
13:36:48	41.23	-0.02	35	144305	卖盘
13:36:45	41.25	0.02	20	82500	买盘
13:36:42	41.23	--	1	4123	买盘
13:36:33	41.23	--	1	4123	买盘
13:36:30	41.23	-0.02	5	20615	卖盘
13:36:27	41.25	--	1	4125	卖盘
13:36:21	41.25	-0.01	1	4125	卖盘
13:36:18	41.26	0.01	2	8252	买盘
13:36:15	41.25	-0.01	20	82500	卖盘
13:36:12	41.26	0.01	11	45386	买盘
13:36:06	41.25	--	15	61875	买盘
13:36:03	41.25	--	1	4125	买盘
13:36:00	41.25	0.03	15	61875	买盘
13:35:54	41.22	--	41	169002	买盘
13:35:51	41.22	--	14	57708	买盘
13:35:48	41.22	--	10	41220	买盘
13:35:45	41.22	-0.03	136	560592	卖盘
13:35:42	41.25	--	3	12375	买盘
13:35:36	41.25	0.01	25	103125	买盘
13:35:30	41.24	--	1	4124	买盘
13:35:27	41.24	0.01	25	103100	买盘
13:35:21	41.23	0.01	17	70091	买盘
13:35:18	41.22	--	6	24732	卖盘
13:35:15	41.22	0.02	59	243198	买盘
13:35:12	41.2	-0.02	67	276040	卖盘
13:35:09	41.22	0.02	2	8244	买盘
13:35:06	41.2	--	40	164800	卖盘
13:35:03	41.2	--	12	49440	卖盘
13:34:57	41.2	--	10	41200	卖盘
13:34:54	41.2	--	8	32960	买盘
13:34:51	41.2	--	26	107120	买盘
13:34:45	41.2	--	1	4120	买盘
13:34:42	41.2	--	9	37080	买盘
13:34:39	41.2	--	6	24720	买盘
13:34:36	41.2	--	5	20600	买盘
13:34:24	41.2	0.05	40	164800	买盘
13:34:15	41.15	--	1	4115	买盘
13:34:09	41.15	--	3	12345	买盘
13:34:06	41.15	-0.02	1	4115	卖盘
13:33:57	41.17	--	5	20585	卖盘
13:33:51	41.17	0.06	95	391115	买盘
13:33:48	41.11	-0.05	3	12333	卖盘
13:33:45	41.16	0.05	30	123479	买盘
13:33:42	41.11	--	2	8222	卖盘
13:33:39	41.11	-0.04	6	24666	卖盘
13:33:33	41.15	--	6	24690	卖盘
13:33:30	41.15	0.04	18	74070	买盘
13:33:27	41.11	-0.02	20	82220	卖盘
13:33:24	41.13	0.01	13	53469	买盘
13:33:21	41.12	-0.01	24	98688	中性盘
13:33:15	41.13	0.02	13	53469	买盘
13:33:12	41.11	-0.01	8	32888	卖盘
13:33:06	41.12	--	11	45232	卖盘
13:33:03	41.12	--	5	20560	卖盘
13:32:54	41.12	--	12	49344	买盘
13:32:51	41.12	0.01	5	20560	买盘
13:32:48	41.11	-0.01	30	123330	卖盘
13:32:45	41.12	--	3	12336	买盘
13:32:42	41.12	0.01	1	4112	买盘
13:32:39	41.11	-0.01	1	4111	卖盘
13:32:36	41.12	--	1	4112	买盘
13:32:30	41.12	--	2	8224	买盘
13:32:24	41.12	0.01	1	4112	中性盘
13:32:12	41.11	-0.01	34	139774	卖盘
13:31:57	41.12	-0.01	45	185040	卖盘
13:31:54	41.13	0.01	1	4113	中性盘
13:31:51	41.12	--	4	16448	卖盘
13:31:45	41.12	0.02	3	12336	卖盘
13:31:39	41.1	-0.07	36	147960	卖盘
13:31:33	41.17	0.06	22	90574	买盘
13:31:30	41.11	-0.06	20	82220	卖盘
13:31:27	41.17	0.07	20	82340	买盘
13:31:24	41.1	--	5	20550	卖盘
13:31:21	41.1	--	3	12330	卖盘
13:31:09	41.1	-0.05	1	4110	卖盘
13:31:06	41.15	0.05	1	4115	中性盘
13:31:00	41.1	-0.07	31	127410	卖盘
13:30:57	41.17	0.01	1	4117	买盘
13:30:48	41.16	-0.01	4	16464	中性盘
13:30:39	41.17	--	2	8234	买盘
13:30:30	41.17	0.07	1	4117	买盘
13:30:12	41.1	-0.07	9	36990	中性盘
13:30:09	41.17	-0.04	6	24702	中性盘
13:29:54	41.21	0.04	40	164840	买盘
13:29:51	41.17	-0.03	1	4117	中性盘
13:29:42	41.2	0.02	13	53560	买盘
13:29:39	41.18	-0.04	11	45298	中性盘
13:29:27	41.22	0.02	17	70074	买盘
13:29:24	41.2	-0.02	10	41200	卖盘
13:29:21	41.22	--	39	160758	卖盘
13:29:18	41.22	--	11	45342	卖盘
13:29:15	41.22	0.01	24	98928	买盘
13:29:12	41.21	-0.02	36	148356	卖盘
13:29:06	41.23	0.03	4	16492	买盘
13:29:03	41.2	--	20	82400	卖盘
13:29:00	41.2	-0.02	39	160680	卖盘
13:28:54	41.22	--	5	20610	买盘
13:28:51	41.22	--	3	12366	卖盘
13:28:48	41.22	--	6	24732	买盘
13:28:45	41.22	0.02	5	20610	买盘
13:28:39	41.2	--	7	28840	买盘
13:28:36	41.2	--	7	28840	买盘
13:28:33	41.2	--	1	4120	买盘
13:28:30	41.2	--	14	57680	买盘
13:28:27	41.2	0.01	16	65920	买盘
13:28:24	41.19	-0.01	4	16476	卖盘
13:28:21	41.2	--	20	82400	买盘
13:28:18	41.2	0.01	34	140080	买盘
13:28:15	41.19	--	6	24714	卖盘
13:28:12	41.19	--	7	28833	买盘
13:28:06	41.19	0.03	3	12357	买盘
13:28:03	41.16	0.01	4	16464	买盘
13:27:57	41.15	0.01	87	358005	买盘
13:27:54	41.14	0.01	4	16456	买盘
13:27:51	41.13	--	11	45243	买盘
13:27:48	41.13	0.03	23	94599	买盘
13:27:45	41.1	--	2	8220	卖盘
13:27:42	41.1	--	2	8220	买盘
13:27:39	41.1	0.02	1	4110	买盘
13:27:33	41.08	--	4	16432	卖盘
13:27:30	41.08	--	14	57512	买盘
13:27:21	41.08	0.02	1	4108	买盘
13:27:15	41.06	--	3	12318	卖盘
13:27:12	41.06	0.01	12	49272	买盘
13:27:00	41.05	--	1	7183	卖盘
13:26:57	41.05	0.02	25	102625	买盘
13:26:48	41.03	--	20	82060	卖盘
13:26:45	41.03	--	5	20515	中性盘
13:26:39	41.03	--	9	36927	买盘
13:26:33	41.03	--	3	12309	买盘
13:26:30	41.03	0.03	2	8206	买盘
13:26:27	41.0	-0.03	5	20500	卖盘
13:26:24	41.03	0.03	2	8206	买盘
13:26:18	41.0	0.01	1	4100	卖盘
13:26:12	40.99	0.02	5	20495	买盘
13:26:00	40.97	--	7	28679	卖盘
13:25:57	40.97	--	6	24582	买盘
13:25:54	40.97	--	10	40970	买盘
13:25:51	40.97	0.07	3	12291	买盘
13:25:48	40.9	-0.01	26	106340	卖盘
13:25:45	40.91	0.01	3	12272	中性盘
13:25:33	40.9	--	13	53170	中性盘
13:25:24	40.9	0.01	2	8180	买盘
13:25:21	40.89	--	19	77691	卖盘
13:25:18	40.89	--	1	4089	卖盘
13:25:00	40.89	-0.08	21	85869	卖盘
13:24:57	40.97	--	5	20485	卖盘
13:24:54	40.97	-0.01	1	4097	卖盘
13:24:51	40.98	0.01	7	28685	买盘
13:24:48	40.97	0.07	4	16388	买盘
13:24:33	40.9	-0.07	100	409000	卖盘
13:24:27	40.97	--	3	12291	卖盘
13:24:21	40.97	-0.03	6	24582	中性盘
13:24:12	41.0	--	4	16400	买盘
13:24:03	41.0	--	5	20500	买盘
13:24:00	41.0	-0.03	82	336200	卖盘
13:23:57	41.03	0.02	1	4103	买盘
13:23:54	41.01	-0.04	10	41010	卖盘
13:23:45	41.05	--	25	102625	买盘
13:23:39	41.05	--	13	53364	卖盘
13:23:30	41.05	--	13	53364	卖盘
13:23:27	41.05	-0.01	1	4105	卖盘
13:23:15	41.06	0.01	2	8212	中性盘
13:23:12	41.05	-0.03	36	147780	卖盘
13:23:09	41.08	--	1	4108	买盘
13:23:06	41.08	--	3	12324	买盘
13:23:03	41.08	--	14	57512	卖盘
13:23:00	41.08	--	5	20540	卖盘
13:22:54	41.08	--	20	82160	卖盘
13:22:51	41.08	-0.01	6	24648	卖盘
13:22:48	41.09	0.01	6	24654	买盘
13:22:45	41.08	--	1	4108	卖盘
13:22:42	41.08	-0.02	60	246480	卖盘
13:22:36	41.1	--	21	86310	买盘
13:22:33	41.1	--	1	4110	买盘
13:22:24	41.1	--	16	65760	卖盘
13:22:21	41.1	-0.01	13	53430	卖盘
13:22:06	41.11	-0.04	22	90442	卖盘
13:22:00	41.15	0.02	4	16460	买盘
13:21:54	41.13	-0.02	5	20565	卖盘
13:21:51	41.15	0.02	8	32920	买盘
13:21:48	41.13	-0.03	1	4113	卖盘
13:21:45	41.16	0.01	8	32928	买盘
13:21:42	41.15	--	2	8230	买盘
13:21:36	41.15	-0.01	1	4115	卖盘
13:21:30	41.16	0.01	2	8232	买盘
13:21:27	41.15	--	15	61725	卖盘
13:21:24	41.15	-0.01	1	4115	卖盘
13:21:15	41.16	-0.03	76	312816	卖盘
13:21:09	41.19	0.02	167	687873	买盘
13:21:06	41.17	-0.02	28	115276	卖盘
13:21:03	41.19	--	11	45309	卖盘
13:20:57	41.19	-0.01	4	16476	卖盘
13:20:48	41.2	0.01	3	12360	买盘
13:20:45	41.19	--	9	37071	买盘
13:20:39	41.19	--	1	4119	买盘
13:20:36	41.19	0.01	11	45309	买盘
13:20:33	41.18	-0.01	10	41180	卖盘
13:20:24	41.19	--	3	12357	买盘
13:20:18	41.19	-0.04	8	32952	卖盘
13:20:12	41.23	--	35	144305	买盘
13:20:00	41.23	0.01	32	131936	买盘
13:19:57	41.22	--	1	4122	卖盘
13:19:54	41.22	--	5	20610	卖盘
13:19:45	41.22	0.02	31	127782	买盘
13:19:39	41.2	--	7	28840	买盘
13:19:33	41.2	--	4	16480	卖盘
13:19:30	41.2	--	14	57680	买盘
13:19:27	41.2	--	2	8240	买盘
13:19:24	41.2	--	11	45320	买盘
13:19:15	41.2	--	8	32960	买盘
13:19:12	41.2	--	3	12360	买盘
13:19:09	41.2	--	1	4120	买盘
13:19:06	41.2	--	3	12360	买盘
13:19:00	41.2	--	7	28840	卖盘
13:18:57	41.2	--	3	12360	买盘
13:18:54	41.2	--	5	20600	买盘
13:18:51	41.2	0.02	5	20600	买盘
13:18:48	41.18	-0.02	15	61770	卖盘
13:18:45	41.2	0.01	33	135960	买盘
13:18:39	41.19	-0.01	1	4119	卖盘
13:18:36	41.2	--	1	4120	买盘
13:18:33	41.2	0.01	3	12360	买盘
13:18:30	41.19	-0.01	14	57666	卖盘
13:18:15	41.2	--	51	210120	买盘
13:18:09	41.2	0.02	3	12360	买盘
13:17:57	41.18	--	43	177074	卖盘
13:17:54	41.18	-0.01	14	57652	卖盘
13:17:51	41.19	0.01	2	8238	买盘
13:17:45	41.18	--	11	45298	买盘
13:17:42	41.18	--	5	20590	买盘
13:17:39	41.18	--	6	24708	买盘
13:17:36	41.18	--	1	4118	买盘
13:17:33	41.18	--	1	4118	买盘
13:17:27	41.18	--	1	4118	买盘
13:17:21	41.18	--	13	53534	卖盘
13:17:12	41.18	-0.01	13	53534	卖盘
13:17:09	41.19	0.01	5	20595	买盘
13:17:06	41.18	-0.01	2	8236	卖盘
13:17:00	41.19	--	9	37071	买盘
13:16:51	41.19	0.01	2	8238	卖盘
13:16:48	41.18	0.02	9	37062	买盘
13:16:42	41.16	-0.03	13	53507	卖盘
13:16:39	41.19	0.01	9	37071	买盘
13:16:33	41.18	0.02	2	8236	买盘
13:16:24	41.16	-0.02	14	57623	卖盘
13:16:21	41.18	0.03	12	49416	买盘
13:16:18	41.15	-0.01	22	90530	卖盘
13:16:15	41.16	0.01	23	94667	买盘
13:16:12	41.15	-0.01	17	69955	卖盘
13:16:03	41.16	--	12	49391	买盘
13:16:00	41.16	-0.02	25	102899	卖盘
13:15:51	41.18	0.02	14	57652	买盘
13:15:48	41.16	--	1	4116	卖盘
13:15:42	41.16	0.01	1	4116	买盘
13:15:36	41.15	--	6	24690	卖盘
13:15:33	41.15	--	4	16460	卖盘
13:15:30	41.15	0.03	38	156370	买盘
13:15:27	41.12	0.02	10	41120	买盘
13:15:24	41.1	-0.01	6	24660	卖盘
13:15:21	41.11	--	3	12333	卖盘
13:15:18	41.11	0.01	15	61665	买盘
13:15:09	41.1	--	93	382230	卖盘
13:15:06	41.1	--	6	24660	卖盘
13:15:00	41.1	--	9	36990	卖盘
13:14:51	41.1	0.01	5	20550	买盘
13:14:48	41.09	-0.01	10	41090	卖盘
13:14:45	41.1	0.01	14	57540	买盘
13:14:42	41.09	--	4	16436	卖盘
13:14:39	41.09	-0.01	1	4109	卖盘
13:14:36	41.1	0.01	22	90420	买盘
13:14:33	41.09	-0.01	1	4109	卖盘
13:14:30	41.1	--	1	4110	买盘
13:14:27	41.1	0.01	2	8220	买盘
13:14:24	41.09	--	4	16436	卖盘
13:14:18	41.09	-0.01	1	4109	卖盘
13:14:15	41.1	--	2	8220	买盘
13:14:12	41.1	-0.03	26	106860	卖盘
13:14:03	41.13	-0.01	4	16452	卖盘
13:14:00	41.14	-0.01	4	16456	卖盘
13:13:57	41.15	--	9	37035	买盘
13:13:54	41.15	--	6	24690	买盘
13:13:48	41.15	--	25	102875	卖盘
13:13:45	41.15	-0.03	2	8230	卖盘
13:13:42	41.18	--	1	4118	卖盘
13:13:36	41.18	0.03	6	24708	买盘
13:13:27	41.15	--	3	12345	卖盘
13:13:24	41.15	-0.03	2	8230	卖盘
13:13:18	41.18	-0.02	7	28826	卖盘
13:13:06	41.2	-0.01	8	32960	卖盘
13:12:57	41.21	-0.02	2	8242	卖盘
13:12:54	41.23	0.02	2	8246	买盘
13:12:51	41.21	-0.02	4	16484	卖盘
13:12:45	41.23	-0.01	8	32984	卖盘
13:12:42	41.24	0.01	4	16496	中性盘
13:12:39	41.23	-0.02	5	20615	卖盘
13:12:36	41.25	--	23	94875	买盘
13:12:30	41.25	--	21	86625	买盘
13:12:24	41.25	0.01	31	127875	买盘
13:12:18	41.24	-0.01	1	4124	卖盘
13:12:15	41.25	0.01	8	33000	卖盘
13:12:12	41.24	--	21	86604	卖盘
13:12:09	41.24	-0.01	5	20620	卖盘
13:12:06	41.25	-0.02	4	16500	中性盘
13:11:57	41.27	0.03	10	41270	买盘
13:11:54	41.24	-0.03	6	24744	卖盘
13:11:48	41.27	0.03	5	20635	买盘
13:11:45	41.24	--	4	16496	卖盘
13:11:42	41.24	--	6	24744	卖盘
13:11:39	41.24	-0.03	11	45364	卖盘
13:11:36	41.27	0.03	18	74286	买盘
13:11:33	41.24	--	5	20620	卖盘
13:11:30	41.24	-0.03	2	8248	卖盘
13:11:21	41.27	--	3	12381	买盘
13:11:03	41.27	--	10	41270	买盘
13:10:57	41.27	-0.01	24	99048	卖盘
13:10:54	41.28	--	20	82560	买盘
13:10:48	41.28	--	15	61920	买盘
13:10:39	41.28	--	6	24768	卖盘
13:10:36	41.28	--	2	8256	卖盘
13:10:33	41.28	0.01	1	4128	卖盘
13:10:27	41.27	-0.01	20	82540	卖盘
13:10:21	41.28	--	2	8256	买盘
13:10:18	41.28	--	12	49536	买盘
13:10:12	41.28	-0.02	11	45408	卖盘
13:10:06	41.3	--	8	33040	买盘
13:10:03	41.3	--	1	4130	买盘
13:09:57	41.3	--	1	4130	买盘
13:09:51	41.3	-0.01	1	4130	中性盘
13:09:48	41.31	0.01	2	8262	买盘
13:09:45	41.3	--	8	33040	中性盘
13:09:42	41.3	-0.02	41	169330	卖盘
13:09:36	41.32	--	13	53716	买盘
13:09:33	41.32	--	15	61980	买盘
13:09:30	41.32	--	11	45452	买盘
13:09:24	41.32	--	2	8264	买盘
13:09:21	41.32	--	11	45452	卖盘
13:09:18	41.32	-0.01	1	4132	卖盘
13:09:15	41.33	--	1	4133	买盘
13:09:09	41.33	0.01	2	8266	中性盘
13:08:57	41.32	--	8	33056	买盘
13:08:51	41.32	0.02	1	4132	买盘
13:08:48	41.3	--	43	177590	买盘
13:08:45	41.3	--	5	20650	买盘
13:08:42	41.3	--	17	70210	买盘
13:08:39	41.3	--	21	86730	买盘
13:08:36	41.3	--	8	33040	买盘
13:08:33	41.3	0.01	1	4130	买盘
13:08:30	41.29	0.02	3	12387	中性盘
13:08:27	41.27	-0.02	10	41270	卖盘
13:08:24	41.29	--	2	8258	买盘
13:08:15	41.29	0.02	3	12387	买盘
13:08:12	41.27	--	8	33016	卖盘
13:08:06	41.27	0.01	1	4127	买盘
13:07:57	41.26	--	16	66016	卖盘
13:07:54	41.26	0.01	82	338332	买盘
13:07:48	41.25	--	11	45375	买盘
13:07:45	41.25	--	5	20625	中性盘
13:07:42	41.25	--	4	16500	买盘
13:07:36	41.25	0.01	3	12375	卖盘
13:07:33	41.24	-0.02	3	12372	卖盘
13:07:30	41.26	0.01	35	144410	买盘
13:07:21	41.25	--	3	12375	买盘
13:07:06	41.25	0.02	10	41250	买盘
13:07:03	41.23	-0.02	6	24737	卖盘
13:07:00	41.25	--	2	8250	买盘
13:06:57	41.25	--	9	37125	买盘
13:06:54	41.25	--	4	16500	买盘
13:06:51	41.25	0.02	3	12375	买盘
13:06:45	41.23	--	16	65968	买盘
13:06:39	41.23	-0.03	7	28860	中性盘
13:06:30	41.26	--	3	12378	买盘
13:06:27	41.26	0.01	50	206300	买盘
13:06:18	41.25	0.03	9	37125	买盘
13:06:15	41.22	--	11	45342	卖盘
13:06:03	41.22	0.01	3	12366	买盘
13:06:00	41.21	--	1	4121	卖盘
13:05:57	41.21	-0.01	1	4121	卖盘
13:05:54	41.22	--	8	32976	买盘
13:05:48	41.22	-0.03	1	4122	中性盘
13:05:45	41.25	0.04	3	12375	买盘
13:05:36	41.21	-0.03	8	32968	卖盘
13:05:33	41.24	--	1	4124	卖盘
13:05:30	41.24	-0.01	1	4124	卖盘
13:05:27	41.25	0.04	8	33000	买盘
13:05:24	41.21	--	15	61815	买盘
13:05:21	41.21	-0.05	9	37089	卖盘
13:05:18	41.26	0.05	8	33008	买盘
13:05:12	41.21	-0.05	25	103025	卖盘
13:05:09	41.26	0.02	36	148536	买盘
13:05:06	41.24	-0.02	2	8248	卖盘
13:04:54	41.26	--	1	4126	买盘
13:04:51	41.26	-0.03	31	127906	卖盘
13:04:45	41.29	-0.01	26	107354	买盘
13:04:42	41.3	--	12	49560	买盘
13:04:39	41.3	--	47	194110	买盘
13:04:36	41.3	--	2	8260	买盘
13:04:33	41.3	--	5	20650	买盘
13:04:24	41.3	--	27	111509	卖盘
13:04:21	41.3	-0.02	5	20650	卖盘
13:04:15	41.32	0.02	40	165280	买盘
13:04:12	41.3	--	22	90860	卖盘
13:04:06	41.3	-0.05	49	202370	卖盘
13:04:03	41.35	--	5	20675	买盘
13:04:00	41.35	0.01	7	28945	买盘
13:03:57	41.34	-0.01	1	4134	卖盘
13:03:54	41.35	0.01	19	78565	中性盘
13:03:48	41.34	-0.01	61	252174	卖盘
13:03:45	41.35	--	3	12405	卖盘
13:03:42	41.35	-0.02	5	20675	卖盘
13:03:39	41.37	--	69	285453	卖盘
13:03:36	41.37	-0.01	77	318549	卖盘
13:03:33	41.38	--	1	4138	买盘
13:03:30	41.38	--	3	12414	买盘
13:03:27	41.38	-0.01	10	41380	卖盘
13:03:24	41.39	--	2	8278	中性盘
13:03:21	41.39	0.01	5	20695	买盘
13:03:18	41.38	-0.01	10	41380	卖盘
13:03:15	41.39	-0.01	65	269035	卖盘
13:03:12	41.4	0.01	2	8280	买盘
13:03:09	41.39	-0.01	9	37251	卖盘
13:03:03	41.4	--	49	202860	卖盘
13:03:00	41.4	--	25	103500	卖盘
13:02:57	41.4	--	5	20700	卖盘
13:02:54	41.4	0.01	15	62100	卖盘
13:02:51	41.39	--	114	471846	买盘
13:02:48	41.39	--	23	95197	买盘
13:02:42	41.39	--	7	28973	买盘
13:02:39	41.39	-0.01	16	66224	卖盘
13:02:36	41.4	0.01	11	45540	买盘
13:02:33	41.39	-0.01	25	103475	卖盘
13:02:30	41.4	0.01	5	20700	买盘
13:02:24	41.39	0.01	10	41390	买盘
13:02:21	41.38	-0.01	7	28966	中性盘
13:02:18	41.39	0.02	22	91058	买盘
13:02:15	41.37	--	3	12411	卖盘
13:02:12	41.37	0.01	5	20685	卖盘
13:02:09	41.36	0.02	30	124080	买盘
13:02:06	41.34	--	2	8268	买盘
13:02:03	41.34	--	10	41340	买盘
13:02:00	41.34	0.01	17	70278	买盘
13:01:57	41.33	-0.01	6	24798	卖盘
13:01:54	41.34	0.03	18	74412	买盘
13:01:51	41.31	--	2	8262	卖盘
13:01:48	41.31	0.05	28	115668	买盘
13:01:45	41.26	--	1	4126	卖盘
13:01:42	41.26	-0.04	16	66016	卖盘
13:01:39	41.3	0.06	25	103250	买盘
13:01:30	41.24	-0.02	41	169084	卖盘
13:01:27	41.26	0.02	13	53638	买盘
13:01:18	41.24	0.03	1	4124	卖盘
13:01:12	41.21	0.01	9	37089	买盘
13:01:09	41.2	-0.02	14	57680	卖盘
13:01:06	41.22	0.01	8	32976	中性盘
13:01:03	41.21	--	5	20605	卖盘
13:01:00	41.21	--	4	16484	买盘
13:00:54	41.21	0.01	29	119509	买盘
13:00:51	41.2	--	18	74160	买盘
13:00:48	41.2	--	3	12360	买盘
13:00:45	41.2	-0.01	23	94760	卖盘
13:00:42	41.21	0.01	8	32968	买盘
13:00:39	41.2	--	10	41200	卖盘
13:00:36	41.2	--	1	4120	买盘
13:00:33	41.2	--	1	4120	买盘
13:00:30	41.2	--	8	32960	买盘
13:00:21	41.2	0.04	10	41200	买盘
13:00:09	41.16	0.01	86	353975	卖盘
13:00:06	41.15	-0.03	83	341545	卖盘
13:00:03	41.18	0.04	420	1729560	买盘
13:00:00	41.14	--	0	0	买盘
11:30:00	41.14	0.01	1	4114	买盘
11:29:57	41.13	0.01	22	90486	买盘
11:29:54	41.12	--	15	61679	卖盘
11:29:51	41.12	-0.01	15	61679	卖盘
11:29:48	41.13	--	16	65808	卖盘
11:29:45	41.13	0.01	16	65808	买盘
11:29:42	41.12	--	5	20560	卖盘
11:29:39	41.12	--	15	61679	买盘
11:29:33	41.12	--	8	32896	卖盘
11:29:30	41.12	--	9	37008	卖盘
11:29:27	41.12	0.06	1	4112	中性盘
11:29:09	41.06	-0.02	203	833518	卖盘
11:29:00	41.08	--	21	86268	卖盘
11:28:57	41.08	-0.01	1	4108	卖盘
11:28:48	41.09	--	5	20545	买盘
11:28:45	41.09	--	3	12327	卖盘
11:28:42	41.09	-0.01	10	41090	卖盘
11:28:39	41.1	--	9	36990	买盘
11:28:30	41.1	--	11	45210	卖盘
11:28:27	41.1	-0.01	68	279480	卖盘
11:28:24	41.11	0.01	31	127441	买盘
11:28:18	41.1	-0.01	24	98640	卖盘
11:28:12	41.11	--	1	4111	中性盘
11:28:06	41.11	--	5	20555	卖盘
11:28:03	41.11	--	2	8222	卖盘
11:28:00	41.11	-0.04	4	16444	卖盘
11:27:54	41.15	--	7	28805	买盘
11:27:51	41.15	--	4	16460	买盘
11:27:42	41.15	0.04	86	353890	买盘
11:27:39	41.11	-0.03	7	28777	卖盘
11:27:36	41.14	-0.01	38	156332	卖盘
11:27:33	41.15	0.01	1	4115	买盘
11:27:27	41.14	0.03	24	98736	买盘
11:27:24	41.11	--	1	4111	卖盘
11:27:21	41.11	0.01	5	20555	中性盘
11:27:18	41.1	-0.02	30	123300	卖盘
11:27:15	41.12	0.02	3	12336	买盘
11:27:12	41.1	--	5	20550	卖盘
11:27:09	41.1	--	32	131520	买盘
11:27:06	41.1	--	13	53430	买盘
11:27:03	41.1	--	2	8220	买盘
11:27:00	41.1	--	15	61650	买盘
11:26:57	41.1	--	3	12330	买盘
11:26:51	41.1	0.02	2	8220	买盘
11:26:48	41.08	-0.02	10	41080	卖盘
11:26:45	41.1	0.02	24	98640	买盘
11:26:42	41.08	--	2	8216	卖盘
11:26:39	41.08	--	3	12324	卖盘
11:26:36	41.08	0.02	10	41080	买盘
11:26:33	41.06	-0.02	21	86226	卖盘
11:26:30	41.08	0.02	1	4108	买盘
11:26:27	41.06	-0.04	2	8212	卖盘
11:26:21	41.1	0.04	23	94530	买盘
11:26:18	41.06	-0.01	5	20530	卖盘
11:26:15	41.07	0.01	12	49284	买盘
11:26:12	41.06	--	29	119074	买盘
11:26:09	41.06	--	2	8212	买盘
11:26:03	41.06	0.01	7	28742	买盘
11:26:00	41.05	-0.01	2	8210	卖盘
11:25:57	41.06	0.01	1	4106	买盘
11:25:54	41.05	0.01	27	110834	买盘
11:25:51	41.04	-0.01	13	53352	卖盘
11:25:45	41.05	0.03	1	4105	买盘
11:25:33	41.02	--	14	57428	买盘
11:25:30	41.02	--	8	32816	买盘
11:25:27	41.02	--	5	20510	买盘
11:25:21	41.02	--	3	12306	卖盘
11:25:18	41.02	--	33	135366	买盘
11:25:15	41.02	--	2	8204	买盘
11:25:12	41.02	--	3	12306	买盘
11:25:09	41.02	0.01	1	4102	买盘
11:25:03	41.01	0.01	3	12303	买盘
11:25:00	41.0	--	3	12300	卖盘
11:24:51	41.0	--	21	86100	买盘
11:24:48	41.0	--	13	53300	买盘
11:24:45	41.0	0.02	26	106600	买盘
11:24:42	40.98	-0.02	6	24587	卖盘
11:24:39	41.0	--	23	94300	买盘
11:24:36	41.0	0.02	1	4100	买盘
11:24:33	40.98	--	2	8196	买盘
11:24:30	40.98	0.02	8	32784	买盘
11:24:27	40.96	--	1	4096	卖盘
11:24:18	40.96	0.01	1	4096	买盘
11:24:15	40.95	--	16	65520	买盘
11:24:12	40.95	--	26	106470	买盘
11:24:09	40.95	--	4	16380	买盘
11:24:06	40.95	--	70	286650	买盘
11:24:03	40.95	--	13	53235	买盘
11:24:00	40.95	--	17	69615	中性盘
11:23:54	40.95	0.02	2	8190	买盘
11:23:45	40.93	0.02	37	151441	买盘
11:23:42	40.91	-0.01	10	40910	卖盘
11:23:39	40.92	--	17	69564	买盘
11:23:36	40.92	0.01	22	90024	买盘
11:23:33	40.91	0.01	26	106365	买盘
11:23:30	40.9	0.01	15	61350	买盘
11:23:27	40.89	--	7	28623	卖盘
11:23:24	40.89	--	34	139026	卖盘
11:23:21	40.89	0.01	11	44979	买盘
11:23:18	40.88	--	12	49056	卖盘
11:23:12	40.88	0.03	25	102200	买盘
11:23:09	40.85	--	4	16340	卖盘
11:23:06	40.85	--	30	122550	中性盘
11:23:03	40.85	--	9	36765	卖盘
11:22:54	40.85	-0.04	23	93955	卖盘
11:22:48	40.89	--	4	16356	卖盘
11:22:42	40.89	-0.01	30	122670	卖盘
11:22:39	40.9	--	10	40900	卖盘
11:22:36	40.9	--	18	73620	卖盘
11:22:33	40.9	-0.01	12	49080	卖盘
11:22:24	40.91	--	10	40910	卖盘
11:22:21	40.91	--	38	155458	卖盘
11:22:18	40.91	-0.01	5	20455	卖盘
11:22:09	40.92	--	2	8184	买盘
11:22:06	40.92	-0.01	3	12276	卖盘
11:22:03	40.93	0.01	11	45023	买盘
11:22:00	40.92	--	8	32736	卖盘
11:21:57	40.92	-0.01	4	16368	卖盘
11:21:51	40.93	--	2	8186	买盘
11:21:48	40.93	-0.01	1	4093	买盘
11:21:45	40.94	0.01	13	53222	买盘
11:21:42	40.93	--	11	45023	卖盘
11:21:39	40.93	-0.01	20	81860	卖盘
11:21:36	40.94	0.01	3	12282	买盘
11:21:30	40.93	--	3	12279	卖盘
11:21:24	40.93	-0.01	1	4093	卖盘
11:21:21	40.94	--	1	4094	买盘
11:21:15	40.94	-0.01	15	61410	卖盘
11:21:12	40.95	--	29	118755	买盘
11:21:09	40.95	--	2	8190	买盘
11:21:06	40.95	--	1	4095	买盘
11:21:03	40.95	-0.01	13	53235	卖盘
11:21:00	40.96	0.01	1	4096	买盘
11:20:57	40.95	-0.02	1	4095	卖盘
11:20:54	40.97	0.01	34	139298	买盘
11:20:51	40.96	-0.01	1	4096	卖盘
11:20:39	40.97	--	15	61455	买盘
11:20:36	40.97	--	11	45067	卖盘
11:20:33	40.97	--	7	28679	卖盘
11:20:30	40.97	--	5	20485	卖盘
11:20:27	40.97	--	15	61455	卖盘
11:20:21	40.97	--	8	32776	卖盘
11:20:18	40.97	0.01	54	221238	买盘
11:20:15	40.96	0.01	2	8192	买盘
11:20:12	40.95	-0.01	2	8190	卖盘
11:20:09	40.96	--	2	8192	买盘
11:20:06	40.96	-0.02	2	8192	卖盘
11:20:00	40.98	0.02	1	4098	买盘
11:19:57	40.96	-0.01	8	32768	卖盘
11:19:54	40.97	--	1	4097	买盘
11:19:51	40.97	-0.01	2	8194	买盘
11:19:45	40.98	-0.02	64	262272	卖盘
11:19:42	41.0	--	2	8200	卖盘
11:19:39	41.0	-0.01	12	49200	卖盘
11:19:33	41.01	--	2	8202	卖盘
11:19:30	41.01	0.01	6	24606	买盘
11:19:27	41.0	--	5	20500	卖盘
11:19:24	41.0	--	1	4100	卖盘
11:19:21	41.0	0.02	36	147600	买盘
11:19:18	40.98	-0.02	9	36882	卖盘
11:19:12	41.0	--	3	12300	买盘
11:19:06	41.0	--	50	205000	买盘
11:19:03	41.0	--	8	32800	卖盘
11:19:00	41.0	-0.01	107	438700	卖盘
11:18:57	41.01	0.01	16	65616	买盘
11:18:51	41.0	--	19	77900	卖盘
11:18:48	41.0	-0.01	31	127100	卖盘
11:18:45	41.01	--	3	12303	买盘
11:18:42	41.01	--	5	20505	买盘
11:18:39	41.01	-0.05	1	4101	中性盘
11:18:33	41.06	0.05	1	4106	卖盘
11:18:30	41.01	--	10	41010	卖盘
11:18:27	41.01	-0.05	25	102525	卖盘
11:18:18	41.06	0.01	4	16424	买盘
11:18:15	41.05	0.03	10	41050	买盘
11:18:09	41.02	-0.04	12	49224	卖盘
11:18:06	41.06	0.05	1	4106	卖盘
11:18:03	41.01	--	3	12303	卖盘
11:18:00	41.01	-0.02	20	82020	卖盘
11:17:57	41.03	-0.05	2	8206	卖盘
11:17:54	41.08	0.07	6	24648	买盘
11:17:48	41.01	-0.01	21	86121	卖盘
11:17:42	41.02	0.01	3	12306	中性盘
11:17:39	41.01	--	25	102525	卖盘
11:17:33	41.01	0.01	30	123030	买盘
11:17:30	41.0	--	30	123000	卖盘
11:17:27	41.0	-0.01	11	45100	卖盘
11:17:24	41.01	--	11	45111	买盘
11:17:21	41.01	0.01	1	4101	买盘
11:17:18	41.0	-0.02	23	94300	卖盘
11:17:15	41.02	--	5	20510	买盘
11:17:09	41.02	0.02	21	86142	买盘
11:17:06	41.0	--	42	172200	卖盘
11:17:03	41.0	0.01	8	32800	买盘
11:17:00	40.99	--	1	4099	买盘
11:16:57	40.99	-0.01	6	24594	买盘
11:16:54	41.0	0.01	9	36900	买盘
11:16:51	40.99	-0.01	5	20495	中性盘
11:16:48	41.0	0.01	63	258300	买盘
11:16:45	40.99	--	8	32792	卖盘
11:16:42	40.99	--	8	32792	卖盘
11:16:39	40.99	0.02	17	69683	买盘
11:16:36	40.97	--	2	8194	卖盘
11:16:30	40.97	0.01	4	16388	买盘
11:16:27	40.96	-0.01	5	20480	卖盘
11:16:21	40.97	-0.03	1	4097	买盘
11:16:18	41.0	0.03	10	41000	买盘
11:16:15	40.97	0.05	1	4097	卖盘
11:16:12	40.92	-0.05	8	32736	卖盘
11:16:09	40.97	-0.03	9	36873	卖盘
11:16:06	41.0	0.03	10	41000	买盘
11:16:03	40.97	0.05	14	57358	买盘
11:16:00	40.92	--	3	12276	买盘
11:15:57	40.92	--	2	8184	买盘
11:15:54	40.92	-0.07	3	12276	卖盘
11:15:48	40.99	0.02	11	45089	买盘
11:15:45	40.97	-0.03	3	12291	卖盘
11:15:39	41.0	--	1	4100	买盘
11:15:30	41.0	--	3	12300	卖盘
11:15:27	41.0	-0.02	17	69700	卖盘
11:15:21	41.02	0.02	3	12306	买盘
11:15:18	41.0	-0.02	38	155800	卖盘
11:15:15	41.02	--	4	16408	买盘
11:15:12	41.02	--	43	176386	卖盘
11:15:09	41.02	--	17	69734	卖盘
11:15:06	41.02	-0.01	1	4102	卖盘
11:15:03	41.03	0.01	25	102575	中性盘
11:15:00	41.02	-0.04	4	16408	卖盘
11:14:51	41.06	0.03	3	12318	买盘
11:14:45	41.03	-0.03	11	45133	卖盘
11:14:42	41.06	0.03	11	45166	买盘
11:14:39	41.03	-0.03	5	20515	卖盘
11:14:36	41.06	0.01	10	41060	买盘
11:14:33	41.05	-0.01	3	12315	卖盘
11:14:30	41.06	--	8	32848	买盘
11:14:24	41.06	--	4	16424	买盘
11:14:21	41.06	0.03	2	8212	买盘
11:14:18	41.03	-0.08	36	147708	卖盘
11:14:15	41.11	-0.01	5	20555	买盘
11:14:12	41.12	0.01	26	106912	买盘
11:14:09	41.11	0.01	10	41110	卖盘
11:14:06	41.1	-0.01	12	49320	卖盘
11:14:03	41.11	0.01	3	12333	中性盘
11:13:57	41.1	--	10	41100	卖盘
11:13:54	41.1	--	1	4110	卖盘
11:13:51	41.1	-0.05	35	143850	卖盘
11:13:48	41.15	--	1	4115	卖盘
11:13:45	41.15	--	10	41150	卖盘
11:13:42	41.15	0.12	60	246900	买盘
11:13:39	41.03	-0.06	1	4103	中性盘
11:13:36	41.09	-0.01	3	12327	中性盘
11:13:33	41.1	--	33	135630	买盘
11:13:30	41.1	--	41	168510	买盘
11:13:21	41.1	-0.05	39	160290	卖盘
11:13:18	41.15	0.05	37	152255	买盘
11:13:15	41.1	--	5	20550	卖盘
11:13:12	41.1	--	13	53430	卖盘
11:13:09	41.1	--	12	49320	卖盘
11:13:06	41.1	-0.04	8	32880	卖盘
11:13:03	41.14	-0.01	16	65824	中性盘
11:13:00	41.15	0.05	8	32920	买盘
11:12:57	41.1	-0.05	11	45210	卖盘
11:12:54	41.15	0.05	6	24690	买盘
11:12:51	41.1	--	5	20550	卖盘
11:12:48	41.1	--	10	41100	卖盘
11:12:45	41.1	--	9	36990	卖盘
11:12:42	41.1	0.08	4	16440	买盘
11:12:39	41.02	0.02	10	41020	卖盘
11:12:36	41.0	-0.05	5	20500	卖盘
11:12:33	41.05	0.05	36	147780	买盘
11:12:30	41.0	--	10	41000	卖盘
11:12:27	41.0	--	2	8200	卖盘
11:12:24	41.0	0.09	60	246000	买盘
11:12:18	40.91	--	23	94092	买盘
11:12:12	40.91	0.01	12	49091	买盘
11:12:09	40.9	0.02	8	32720	买盘
11:12:06	40.88	0.06	27	110376	买盘
11:12:03	40.82	--	20	81640	卖盘
11:12:00	40.82	-0.03	120	493513	卖盘
11:11:57	40.85	--	6	24510	买盘
11:11:54	40.85	0.02	15	61275	买盘
11:11:51	40.83	-0.05	10	40830	卖盘
11:11:48	40.88	0.02	13	53144	卖盘
11:11:45	40.86	-0.02	7	28602	卖盘
11:11:39	40.88	-0.02	7	28616	买盘
11:11:36	40.9	0.08	1	4090	买盘
11:11:33	40.82	-0.09	10	40820	卖盘
11:11:27	40.91	--	5	20455	卖盘
11:11:24	40.91	-0.09	7	28636	卖盘
11:11:21	41.0	--	9	36900	买盘
11:11:18	41.0	--	34	139400	买盘
11:11:15	41.0	--	46	188600	卖盘
11:11:12	41.0	--	20	82000	卖盘
11:11:09	41.0	-0.09	22	90200	卖盘
11:11:06	41.09	0.09	1	4109	中性盘
11:11:03	41.0	-0.04	14	57400	卖盘
11:11:00	41.04	-0.16	15	61560	中性盘
11:10:57	41.2	0.19	10	41200	买盘
11:10:54	41.01	-0.2	12	49212	卖盘
11:10:48	41.21	0.12	34	140114	买盘
11:10:45	41.09	-0.11	50	205450	卖盘
11:10:42	41.2	-0.01	20	82400	卖盘
11:10:39	41.21	-0.01	4	16484	卖盘
11:10:36	41.22	--	5	20610	卖盘
11:10:33	41.22	--	6	24732	卖盘
11:10:27	41.22	-0.07	24	98928	卖盘
11:10:24	41.29	-0.01	1	4129	中性盘
11:10:21	41.3	--	55	227149	买盘
11:10:18	41.3	-0.03	116	479079	卖盘
11:10:15	41.33	--	59	243847	买盘
11:10:12	41.33	-0.01	11	45463	卖盘
11:10:09	41.34	--	2	8268	卖盘
11:10:06	41.34	-0.01	15	62010	卖盘
11:10:03	41.35	-0.04	19	78978	卖盘
11:10:00	41.39	--	13	53807	卖盘
11:09:57	41.39	--	14	57946	卖盘
11:09:54	41.39	0.04	27	115478	买盘
11:09:51	41.35	0.01	11	45485	买盘
11:09:48	41.34	-0.01	3	12402	卖盘
11:09:45	41.35	-0.04	42	174083	卖盘
11:09:42	41.39	0.04	4	16556	中性盘
11:09:39	41.35	-0.03	113	470976	卖盘
11:09:36	41.38	--	12	49656	买盘
11:09:33	41.38	--	18	74484	买盘
11:09:30	41.38	--	3	12414	买盘
11:09:27	41.38	--	11	45518	卖盘
11:09:24	41.38	0.03	11	45518	中性盘
11:09:21	41.35	-0.03	59	243965	卖盘
11:09:18	41.38	0.03	3	12414	买盘
11:09:12	41.35	0.03	2	8270	买盘
11:09:09	41.32	-0.03	5	20660	卖盘
11:09:06	41.35	--	4	16540	买盘
11:09:03	41.35	0.03	5	20675	买盘
11:09:00	41.32	--	13	53716	卖盘
11:08:57	41.32	--	27	111564	买盘
11:08:54	41.32	0.02	21	86772	买盘
11:08:51	41.3	-0.02	3	12390	卖盘
11:08:48	41.32	0.02	24	99168	买盘
11:08:45	41.3	--	3	12390	买盘
11:08:42	41.3	0.01	2	8260	买盘
11:08:36	41.29	--	7	28903	买盘
11:08:33	41.29	0.03	49	202321	买盘
11:08:30	41.26	--	8	33008	买盘
11:08:27	41.26	0.03	10	41260	买盘
11:08:24	41.23	-0.03	13	53598	卖盘
11:08:21	41.26	0.05	62	255812	买盘
11:08:18	41.21	-0.01	13	53573	卖盘
11:08:15	41.22	0.02	4	16488	买盘
11:08:12	41.2	--	22	90640	卖盘
11:08:09	41.2	-0.01	20	82400	卖盘
11:08:06	41.21	0.01	11	45331	买盘
11:08:03	41.2	0.05	124	510880	买盘
11:08:00	41.15	0.02	38	156370	买盘
11:07:57	41.13	--	23	94599	卖盘
11:07:54	41.13	--	56	230328	卖盘
11:07:48	41.13	-0.01	2	8226	卖盘
11:07:45	41.14	--	11	45254	买盘
11:07:42	41.14	--	35	143990	卖盘
11:07:39	41.14	--	8	32912	卖盘
11:07:36	41.14	-0.01	16	65824	卖盘
11:07:33	41.15	--	7	28805	买盘
11:07:30	41.15	-0.01	12	49380	中性盘
11:07:27	41.16	--	18	74088	买盘
11:07:24	41.16	0.01	91	374555	买盘
11:07:21	41.15	-0.01	4	16460	卖盘
11:07:18	41.16	--	21	86436	买盘
11:07:15	41.16	-0.05	40	164640	卖盘
11:07:12	41.21	0.01	14	57694	买盘
11:07:09	41.2	--	22	90640	买盘
11:07:06	41.2	--	9	37080	买盘
11:07:03	41.2	--	45	185400	买盘
11:06:54	41.2	-0.01	6	24720	中性盘
11:06:51	41.21	--	47	193687	买盘
11:06:48	41.21	0.01	4	16484	买盘
11:06:45	41.2	-0.01	2	8240	卖盘
11:06:42	41.21	-0.01	8	32968	卖盘
11:06:39	41.22	0.02	1	4122	买盘
11:06:36	41.2	-0.03	79	325480	卖盘
11:06:33	41.23	0.01	10	41230	中性盘
11:06:30	41.22	-0.01	14	57708	卖盘
11:06:27	41.23	--	3	12368	卖盘
11:06:24	41.23	0.01	1	4123	中性盘
11:06:21	41.22	--	14	57708	卖盘
11:06:18	41.22	--	18	74196	卖盘
11:06:15	41.22	-0.03	5	20610	卖盘
11:06:12	41.25	-0.01	12	49500	买盘
11:06:09	41.26	0.01	25	103150	买盘
11:06:06	41.25	-0.04	10	41250	卖盘
11:06:03	41.29	--	17	70193	买盘
11:06:00	41.29	0.01	9	37161	买盘
11:05:57	41.28	-0.01	25	103200	卖盘
11:05:54	41.29	-0.01	3	12387	卖盘
11:05:51	41.3	--	9	37170	买盘
11:05:45	41.3	-0.02	41	169330	卖盘
11:05:42	41.32	--	4	16528	买盘
11:05:39	41.32	--	2	8264	买盘
11:05:36	41.32	-0.01	32	132224	卖盘
11:05:33	41.33	--	4	16532	买盘
11:05:30	41.33	--	4	16532	买盘
11:05:27	41.33	--	4	16532	卖盘
11:05:24	41.33	--	16	66128	卖盘
11:05:21	41.33	-0.02	18	74394	卖盘
11:05:18	41.35	0.03	2	8270	买盘
11:05:15	41.32	0.02	15	61980	买盘
11:05:12	41.3	--	10	41300	卖盘
11:05:09	41.3	-0.08	49	202370	卖盘
11:05:06	41.38	0.05	27	111726	买盘
11:05:03	41.33	--	12	49596	买盘
11:05:00	41.33	--	42	173586	买盘
11:04:57	41.33	-0.05	70	289310	卖盘
11:04:54	41.38	0.03	11	45518	中性盘
11:04:51	41.35	-0.03	29	119915	卖盘
11:04:45	41.38	-0.02	6	24828	卖盘
11:04:42	41.4	-0.01	40	166014	卖盘
11:04:39	41.41	-0.01	4	16564	卖盘
11:04:36	41.42	0.01	47	194674	买盘
11:04:33	41.41	0.01	122	505201	中性盘
11:04:30	41.4	-0.05	44	182160	卖盘
11:04:27	41.45	0.04	2	8290	买盘
11:04:24	41.41	--	27	111806	卖盘
11:04:21	41.41	--	27	111806	卖盘
11:04:18	41.41	0.01	26	107665	中性盘
11:04:15	41.4	--	40	165600	卖盘
11:04:12	41.4	--	137	567180	卖盘
11:04:09	41.4	-0.01	195	807300	卖盘
11:04:06	41.41	--	134	554894	买盘
11:04:03	41.41	--	2	8282	买盘
11:04:00	41.41	--	8	33128	买盘
11:03:57	41.41	-0.05	65	269165	卖盘
11:03:54	41.46	-0.02	62	257052	卖盘
11:03:51	41.48	0.08	1	4148	卖盘
11:03:48	41.4	-0.01	138	571320	卖盘
11:03:45	41.41	--	27	111806	卖盘
11:03:42	41.41	0.01	88	364407	中性盘
11:03:39	41.4	-0.07	215	890100	卖盘
11:03:36	41.47	--	1	4147	卖盘
11:03:33	41.47	0.06	114	472758	中性盘
11:03:30	41.41	-0.07	23	95242	卖盘
11:03:27	41.48	0.03	78	323544	买盘
11:03:24	41.45	-0.02	12	49740	卖盘
11:03:21	41.47	0.05	6	24882	买盘
11:03:18	41.42	0.02	145	604317	买盘
11:03:15	41.4	--	21	86940	卖盘
11:03:12	41.4	0.08	68	281520	买盘
11:03:09	41.32	--	41	169412	买盘
11:03:06	41.32	-0.16	80	330560	卖盘
11:03:03	41.48	0.08	53	219843	买盘
11:02:57	41.4	--	9	37260	卖盘
11:02:54	41.4	-0.08	4	16560	卖盘
11:02:51	41.48	0.04	4	16592	买盘
11:02:48	41.44	-0.06	15	62160	卖盘
11:02:42	41.5	-0.03	6	24900	中性盘
11:02:39	41.53	0.03	7	29071	买盘
11:02:36	41.5	-0.01	35	145250	卖盘
11:02:33	41.51	-0.06	15	62265	卖盘
11:02:30	41.57	0.01	76	315932	买盘
11:02:27	41.56	-0.01	102	423912	卖盘
11:02:24	41.57	--	36	149652	卖盘
11:02:21	41.57	-0.01	27	112239	卖盘
11:02:18	41.58	-0.01	2	8316	卖盘
11:02:15	41.59	--	8	33272	买盘
11:02:12	41.59	-0.01	53	220427	卖盘
11:02:09	41.6	-0.08	115	478400	买盘
11:02:06	41.68	0.07	80	333440	买盘
11:02:03	41.61	-0.07	22	91542	中性盘
11:02:00	41.68	0.08	39	162552	中性盘
11:01:57	41.6	-0.01	14	58240	卖盘
11:01:54	41.61	-0.08	9	37449	中性盘
11:01:51	41.69	-0.03	62	258478	卖盘
11:01:48	41.72	0.01	32	133504	买盘
11:01:45	41.71	0.12	91	379561	买盘
11:01:42	41.59	-0.18	39	162201	卖盘
11:01:39	41.77	0.06	10	41770	买盘
11:01:36	41.71	--	38	158498	买盘
11:01:33	41.71	-0.06	36	150156	买盘
11:01:30	41.77	0.06	91	380107	买盘
11:01:27	41.71	-0.08	15	62565	中性盘
11:01:24	41.79	--	84	351036	买盘
11:01:21	41.79	--	18	75222	买盘
11:01:18	41.79	-0.01	38	158802	卖盘
11:01:15	41.8	--	24	100320	买盘
11:01:12	41.8	0.01	7	29259	买盘
11:01:09	41.79	-0.11	35	146682	卖盘
11:01:06	41.9	--	166	695540	卖盘
11:01:03	41.9	0.2	559	2345981	买盘
11:01:00	41.7	-0.1	52	216840	卖盘
11:00:57	41.8	0.19	33	137940	买盘
11:00:54	41.61	-0.18	221	919581	卖盘
11:00:51	41.79	-0.01	100	417900	中性盘
11:00:48	41.8	0.17	113	472339	买盘
11:00:45	41.63	-0.17	58	241454	卖盘
11:00:42	41.8	0.19	51	213180	买盘
11:00:39	41.61	-0.02	112	466032	中性盘
11:00:36	41.63	0.03	40	166520	买盘
11:00:33	41.6	0.01	144	599040	买盘
11:00:30	41.59	-0.01	46	191314	中性盘
11:00:27	41.6	0.09	226	940160	买盘
11:00:24	41.51	0.01	91	377741	买盘
11:00:21	41.5	--	129	535350	卖盘
11:00:18	41.5	0.09	367	1523050	买盘
11:00:15	41.41	0.01	20	82820	中性盘
11:00:12	41.4	-0.01	33	136620	卖盘
11:00:09	41.41	0.06	109	451368	买盘
11:00:06	41.35	--	46	190210	卖盘
11:00:03	41.35	0.04	53	219155	买盘
11:00:00	41.31	0.05	43	177633	买盘
10:59:57	41.26	-0.04	28	115528	卖盘
10:59:54	41.3	0.15	309	1276170	买盘
10:59:51	41.15	--	165	678975	卖盘
10:59:48	41.15	0.01	367	1511851	买盘
10:59:45	41.14	0.01	29	119306	买盘
10:59:42	41.13	0.04	29	119277	买盘
10:59:39	41.09	-0.01	374	1536766	卖盘
10:59:36	41.1	--	23	94530	买盘
10:59:33	41.1	0.01	131	538410	买盘
10:59:30	41.09	--	38	156142	买盘
10:59:27	41.09	0.06	123	505407	买盘
10:59:24	41.03	--	8	32824	卖盘
10:59:21	41.03	0.03	55	225665	买盘
10:59:18	41.0	0.05	82	336200	买盘
10:59:15	40.95	--	11	45045	买盘
10:59:12	40.95	-0.01	3	12285	卖盘
10:59:09	40.96	0.05	16	65536	买盘
10:59:06	40.91	--	9	36819	卖盘
10:59:03	40.91	-0.01	15	61364	卖盘
10:59:00	40.92	0.01	5	20460	中性盘
10:58:57	40.91	0.01	38	155458	买盘
10:58:54	40.9	--	10	40900	卖盘
10:58:51	40.9	--	71	290390	买盘
10:58:48	40.9	--	12	49080	买盘
10:58:45	40.9	--	27	110430	买盘
10:58:42	40.9	--	20	81800	买盘
10:58:36	40.9	--	326	1333340	买盘
10:58:33	40.9	--	26	106340	买盘
10:58:30	40.9	--	72	294480	卖盘
10:58:27	40.9	-0.01	38	155420	卖盘
10:58:21	40.91	0.01	7	28636	卖盘
10:58:15	40.9	-0.07	29	118610	卖盘
10:58:12	40.97	0.06	3	12291	中性盘
10:58:09	40.91	-0.07	104	425463	卖盘
10:58:06	40.98	-0.01	16	65568	卖盘
10:58:03	40.99	--	3	12297	买盘
10:58:00	40.99	--	1	4099	买盘
10:57:57	40.99	-0.01	63	258237	卖盘
10:57:54	41.0	--	40	164000	卖盘
10:57:51	41.0	-0.09	70	287000	中性盘
10:57:48	41.09	--	42	172578	买盘
10:57:45	41.09	0.05	130	534170	买盘
10:57:42	41.04	-0.01	44	180576	买盘
10:57:39	41.05	-0.02	1	4105	中性盘
10:57:36	41.07	-0.02	38	156066	卖盘
10:57:33	41.09	--	215	883435	买盘
10:57:30	41.09	-0.01	200	821800	卖盘
10:57:27	41.1	--	62	254820	卖盘
10:57:24	41.1	--	73	300030	卖盘
10:57:21	41.1	0.01	101	415110	卖盘
10:57:18	41.09	--	135	554715	卖盘
10:57:15	41.09	--	27	110943	卖盘
10:57:12	41.09	0.02	30	123270	中性盘
10:57:09	41.07	-0.03	29	119103	卖盘
10:57:06	41.1	0.01	5	20550	买盘
10:57:03	41.09	0.08	107	439663	买盘
10:57:00	41.01	--	43	176343	买盘
10:56:57	41.01	0.02	24	98424	买盘
10:56:54	40.99	-0.01	44	180356	卖盘
10:56:51	41.0	0.01	208	852800	买盘
10:56:48	40.99	0.06	23	94277	买盘
10:56:45	40.93	-0.06	6	24558	中性盘
10:56:42	40.99	0.09	33	135267	买盘
10:56:39	40.9	--	42	171780	卖盘
10:56:36	40.9	--	4	16360	卖盘
10:56:33	40.9	--	25	102250	卖盘
10:56:30	40.9	--	252	1030680	买盘
10:56:27	40.9	--	86	351740	买盘
10:56:24	40.9	--	23	94070	买盘
10:56:21	40.9	0.02	59	241310	买盘
10:56:18	40.88	-0.01	41	167608	卖盘
10:56:15	40.89	--	10	40890	买盘
10:56:12	40.89	0.01	24	98136	买盘
10:56:09	40.88	-0.02	31	126728	卖盘
10:56:06	40.9	0.01	16	65440	买盘
10:56:03	40.89	--	151	617439	买盘
10:56:00	40.89	--	19	77691	卖盘
10:55:57	40.89	-0.01	53	216717	卖盘
10:55:54	40.9	--	43	175870	卖盘
10:55:51	40.9	0.01	47	192230	买盘
10:55:48	40.89	-0.01	7	28623	卖盘
10:55:45	40.9	0.01	1	4090	卖盘
10:55:42	40.89	--	16	65424	卖盘
10:55:39	40.89	-0.09	15	61335	卖盘
10:55:36	40.98	0.04	27	110645	买盘
10:55:33	40.94	-0.04	7	28658	卖盘
10:55:30	40.98	--	12	49175	买盘
10:55:27	40.98	--	4	16392	买盘
10:55:24	40.98	-0.01	5	20490	买盘
10:55:21	40.99	--	31	127069	卖盘
10:55:18	40.99	-0.01	7	28693	卖盘
10:55:15	41.0	--	17	69700	买盘
10:55:12	41.0	-0.01	86	352600	卖盘
10:55:06	41.01	-0.09	29	118929	卖盘
10:55:03	41.1	-0.05	52	213720	卖盘
10:55:00	41.15	--	155	637825	买盘
10:54:57	41.15	--	68	279820	买盘
10:54:54	41.15	-0.02	58	238670	卖盘
10:54:51	41.17	--	100	411700	买盘
10:54:48	41.17	0.02	225	926325	中性盘
10:54:45	41.15	-0.02	53	218095	卖盘
10:54:42	41.17	--	81	333477	卖盘
10:54:39	41.17	-0.01	31	127627	中性盘
10:54:36	41.18	0.07	59	242962	买盘
10:54:33	41.11	-0.06	68	279548	中性盘
10:54:30	41.17	0.04	73	300541	买盘
10:54:27	41.13	0.13	16	65808	买盘
10:54:24	41.0	-0.1	110	451000	卖盘
10:54:21	41.1	0.1	133	546630	买盘
10:54:18	41.0	--	161	660100	买盘
10:54:15	41.0	--	63	258300	买盘
10:54:12	41.0	0.01	1810	7421000	买盘
10:54:09	40.99	--	46	188554	买盘
10:54:06	40.99	0.08	261	1069839	买盘
10:54:03	40.91	0.01	38	155458	中性盘
10:54:00	40.9	0.02	80	327200	买盘
10:53:57	40.88	0.03	160	654080	买盘
10:53:54	40.85	-0.03	54	220590	卖盘
10:53:51	40.88	0.06	36	147168	买盘
10:53:48	40.82	--	62	253084	卖盘
10:53:45	40.82	--	16	65312	买盘
10:53:42	40.82	0.02	11	44902	买盘
10:53:39	40.8	--	65	265200	卖盘
10:53:36	40.8	0.12	321	1309680	买盘
10:53:33	40.68	0.07	13	52884	买盘
10:53:30	40.61	0.04	44	180105	中性盘
10:53:27	40.57	-0.03	123	501648	卖盘
10:53:24	40.6	--	72	292320	卖盘
10:53:21	40.6	--	44	180061	买盘
10:53:18	40.6	0.1	72	292320	买盘
10:53:15	40.5	-0.08	165	668250	卖盘
10:53:12	40.58	--	5	20290	买盘
10:53:09	40.58	0.08	322	1306676	买盘
10:53:06	40.5	--	46	186300	买盘
10:53:03	40.5	--	57	230850	买盘
10:53:00	40.5	0.02	57	230850	买盘
10:52:57	40.48	0.01	8	32383	买盘
10:52:54	40.47	0.03	111	449217	买盘
10:52:51	40.44	0.04	66	266904	买盘
10:52:48	40.4	0.05	13	52520	买盘
10:52:45	40.35	--	217	875595	买盘
10:52:42	40.35	--	14	56490	买盘
10:52:39	40.35	0.03	6	24210	买盘
10:52:36	40.32	0.02	40	161280	买盘
10:52:33	40.3	--	75	302250	买盘
10:52:30	40.3	0.02	230	926899	买盘
10:52:27	40.28	0.06	111	447108	买盘
10:52:24	40.22	--	166	667652	卖盘
10:52:21	40.22	--	40	160880	卖盘
10:52:18	40.22	0.02	247	993434	买盘
10:52:15	40.2	0.01	500	2010000	买盘
10:52:12	40.19	0.07	72	289368	买盘
10:52:09	40.12	0.02	8	32095	中性盘
10:52:06	40.1	-0.07	3	12030	买盘
10:52:03	40.17	0.05	12	48204	买盘
10:52:00	40.12	--	67	268804	卖盘
10:51:57	40.12	0.05	125	501499	买盘
10:51:54	40.07	-0.08	8	32056	卖盘
10:51:51	40.15	0.05	500	2007500	买盘
10:51:45	40.1	--	58	232580	买盘
10:51:42	40.1	--	16	64160	买盘
10:51:39	40.1	--	4	16040	卖盘
10:51:36	40.1	--	2	8020	卖盘
10:51:33	40.1	0.03	25	100250	买盘
10:51:30	40.07	-0.01	12	48084	卖盘
10:51:27	40.08	--	4	16032	买盘
10:51:24	40.08	--	1	4008	买盘
10:51:21	40.08	-0.02	1	4008	中性盘
10:51:18	40.1	--	19	76190	买盘
10:51:15	40.1	--	5	20050	买盘
10:51:12	40.1	-0.02	65	260650	卖盘
10:51:06	40.12	--	13	52156	买盘
10:51:03	40.12	0.02	25	100300	买盘
10:50:57	40.1	-0.01	3	12030	中性盘
10:50:54	40.11	0.04	14	56154	买盘
10:50:51	40.07	--	11	44077	买盘
10:50:45	40.07	-0.01	20	80140	买盘
10:50:42	40.08	-0.02	60	240480	卖盘
10:50:39	40.1	0.01	142	569420	买盘
10:50:36	40.09	0.01	9	36081	买盘
10:50:33	40.08	0.03	18	72144	买盘
10:50:30	40.05	0.01	14	56069	买盘
10:50:27	40.04	--	5	20020	买盘
10:50:21	40.04	-0.01	9	36036	中性盘
10:50:18	40.05	0.02	37	148185	买盘
10:50:15	40.03	-0.01	15	60045	卖盘
10:50:12	40.04	0.01	2	8008	买盘
10:50:09	40.03	--	1	4003	买盘
10:50:06	40.03	-0.01	1	4003	中性盘
10:50:03	40.04	0.01	10	40040	买盘
10:50:00	40.03	--	1	4003	买盘
10:49:57	40.03	-0.02	2	8006	买盘
10:49:54	40.05	0.07	22	88110	买盘
10:49:51	39.98	-0.07	45	179910	卖盘
10:49:48	40.05	0.02	12	48060	买盘
10:49:42	40.03	0.03	6	24018	买盘
10:49:39	40.0	--	11	44000	买盘
10:49:36	40.0	--	5	20000	买盘
10:49:33	40.0	0.02	13	52000	买盘
10:49:30	39.98	--	9	35982	买盘
10:49:27	39.98	--	29	115941	卖盘
10:49:24	39.98	-0.02	2	7995	中性盘
10:49:15	40.0	0.02	5	20000	买盘
10:49:09	39.98	-0.02	1	3997	卖盘
10:49:06	40.0	0.04	14	56000	买盘
10:49:00	39.96	--	35	139860	卖盘
10:48:51	39.96	--	22	87912	卖盘
10:48:39	39.96	--	103	411588	买盘
10:48:36	39.96	0.02	44	175824	买盘
10:48:33	39.94	--	4	15976	卖盘
10:48:24	39.94	0.04	36	143784	买盘
10:48:21	39.9	-0.04	5	19950	卖盘
10:48:18	39.94	--	10	39940	买盘
10:48:15	39.94	-0.06	39	155766	卖盘
10:48:06	40.0	0.06	12	48000	买盘
10:48:03	39.94	-0.06	14	55916	卖盘
10:48:00	40.0	-0.04	4	16000	买盘
10:47:57	40.04	0.04	91	364364	买盘
10:47:48	40.0	--	15	60000	卖盘
10:47:42	40.0	-0.02	2	8000	卖盘
10:47:39	40.02	--	3	12006	买盘
10:47:33	40.02	-0.02	2	8004	卖盘
10:47:30	40.04	-0.01	4	16016	买盘
10:47:27	40.05	0.03	2	8009	买盘
10:47:24	40.02	-0.03	27	108054	卖盘
10:47:21	40.05	--	11	44055	买盘
10:47:18	40.05	-0.05	28	113141	卖盘
10:47:15	40.1	--	2	8020	买盘
10:47:12	40.1	--	10	40100	买盘
10:47:09	40.1	0.02	4	16040	买盘
10:47:06	40.08	--	3	12024	卖盘
10:47:03	40.08	0.02	6	24048	卖盘
10:47:00	40.06	--	14	56084	买盘
10:46:57	40.06	-0.04	6	24036	买盘
10:46:54	40.1	0.04	74	296740	买盘
10:46:51	40.06	--	10	40060	卖盘
10:46:48	40.06	-0.02	16	64096	卖盘
10:46:45	40.08	0.02	41	164328	买盘
10:46:39	40.06	-0.01	16	64096	卖盘
10:46:36	40.07	--	11	44077	卖盘
10:46:33	40.07	-0.02	1	4007	卖盘
10:46:30	40.09	--	1	4009	买盘
10:46:27	40.09	0.01	6	24054	买盘
10:46:24	40.08	--	5	20040	卖盘
10:46:21	40.08	-0.03	7	28056	卖盘
10:46:18	40.11	--	30	120330	买盘
10:46:12	40.11	--	8	32088	买盘
10:46:06	40.11	--	8	32088	买盘
10:46:03	40.11	--	5	20055	卖盘
10:46:00	40.11	--	9	36099	买盘
10:45:57	40.11	-0.01	10	40110	买盘
10:45:51	40.12	0.05	64	256767	买盘
10:45:48	40.07	-0.05	50	200350	卖盘
10:45:45	40.12	--	2	8023	卖盘
10:45:42	40.12	--	10	40120	买盘
10:45:39	40.12	--	16	64191	买盘
10:45:33	40.12	--	1	4011	买盘
10:45:30	40.12	-0.02	19	76228	卖盘
10:45:27	40.14	0.01	20	80280	买盘
10:45:24	40.13	--	11	44143	卖盘
10:45:21	40.13	0.06	110	441430	卖盘
10:45:18	40.07	-0.06	19	76133	卖盘
10:45:15	40.13	-0.01	20	80260	卖盘
10:45:12	40.14	-0.01	2	8028	中性盘
10:45:09	40.15	--	39	156585	买盘
10:45:06	40.15	0.04	14	56210	买盘
10:45:03	40.11	-0.04	4	16044	中性盘
10:45:00	40.15	0.02	82	329230	买盘
10:44:57	40.13	-0.02	5	20065	中性盘
10:44:54	40.15	--	1	4015	买盘
10:44:51	40.15	0.02	15	60225	买盘
10:44:48	40.13	-0.02	77	310044	卖盘
10:44:45	40.15	--	2	8030	卖盘
10:44:42	40.15	0.01	13	55166	买盘
10:44:39	40.14	--	10	40140	卖盘
10:44:36	40.14	0.01	28	112392	买盘
10:44:33	40.13	--	17	68221	卖盘
10:44:30	40.13	--	101	405313	卖盘
10:44:27	40.13	-0.02	40	160520	买盘
10:44:21	40.15	0.05	200	803000	买盘
10:44:18	40.1	-0.03	87	349912	卖盘
10:44:15	40.13	0.01	11	44143	买盘
10:44:12	40.12	0.01	38	154742	买盘
10:44:09	40.11	--	35	140385	卖盘
10:44:06	40.11	--	21	84231	卖盘
10:44:03	40.11	--	13	52824	买盘
10:44:00	40.11	0.01	24	99593	买盘
10:43:57	40.1	-0.01	101	405010	卖盘
10:43:54	40.11	0.01	3	12033	买盘
10:43:51	40.1	--	7	28070	卖盘
10:43:48	40.1	0.04	64	257321	买盘
10:43:45	40.06	-0.04	37	148222	卖盘
10:43:42	40.1	0.04	220	882200	买盘
10:43:39	40.06	0.01	12	48072	卖盘
10:43:36	40.05	--	54	216269	卖盘
10:43:30	40.05	-0.04	1	4004	卖盘
10:43:27	40.09	0.04	111	444999	买盘
10:43:24	40.05	--	2	8009	卖盘
10:43:21	40.05	0.01	29	119148	买盘
10:43:18	40.04	-0.01	19	76076	卖盘
10:43:15	40.05	--	14	56069	买盘
10:43:12	40.05	0.01	16	64079	买盘
10:43:09	40.04	--	8	32032	卖盘
10:43:06	40.04	--	43	172172	买盘
10:43:03	40.04	--	5	20020	买盘
10:43:00	40.04	0.02	41	164164	买盘
10:42:57	40.02	-0.02	10	40020	卖盘
10:42:54	40.04	0.02	58	232232	买盘
10:42:51	40.02	--	9	36018	买盘
10:42:45	40.02	0.02	34	136068	买盘
10:42:42	40.0	--	53	213000	卖盘
10:42:36	40.0	0.05	246	987000	买盘
10:42:33	39.95	0.02	4	15980	买盘
10:42:30	39.93	--	15	59895	卖盘
10:42:24	39.93	0.03	41	163713	买盘
10:42:18	39.9	--	29	115710	买盘
10:42:15	39.9	0.01	2	7980	买盘
10:42:12	39.89	--	10	39890	卖盘
10:42:09	39.89	--	40	159560	买盘
10:42:06	39.89	0.01	4	15956	买盘
10:42:03	39.88	--	3	11964	卖盘
10:41:57	39.88	0.01	116	462608	买盘
10:41:54	39.87	-0.01	33	131571	卖盘
10:41:51	39.88	0.01	20	79760	买盘
10:41:48	39.87	0.01	4	15947	卖盘
10:41:42	39.86	-0.02	5	19930	卖盘
10:41:39	39.88	0.01	87	346956	买盘
10:41:33	39.87	0.01	13	51831	买盘
10:41:30	39.86	-0.01	2	7972	卖盘
10:41:27	39.87	0.01	7	27909	中性盘
10:41:18	39.86	-0.02	5	19930	卖盘
10:41:15	39.88	--	19	75772	买盘
10:41:12	39.88	--	2	7976	买盘
10:41:09	39.88	0.02	2	7976	买盘
10:41:06	39.86	--	1	3986	卖盘
10:41:03	39.86	-0.01	2	7972	卖盘
10:41:00	39.87	0.01	5	19935	卖盘
10:40:57	39.86	--	11	43846	买盘
10:40:54	39.86	0.03	1	3986	买盘
10:40:51	39.83	-0.03	10	39830	卖盘
10:40:48	39.86	--	3	11958	买盘
10:40:42	39.86	0.03	7	27902	买盘
10:40:39	39.83	--	12	47796	卖盘
10:40:36	39.83	0.02	28	111524	买盘
10:40:30	39.81	--	10	39810	买盘
10:40:27	39.81	0.01	10	39810	买盘
10:40:21	39.8	--	10	39800	卖盘
10:40:15	39.8	--	5	19900	卖盘
10:40:09	39.8	0.01	48	191040	买盘
10:40:06	39.79	--	10	39790	买盘
10:40:03	39.79	-0.01	12	47748	卖盘
10:40:00	39.8	--	5	19900	买盘
10:39:57	39.8	--	11	43780	买盘
10:39:54	39.8	-0.01	11	43780	买盘
10:39:48	39.81	-0.01	17	67677	中性盘
10:39:42	39.82	0.02	2	7964	买盘
10:39:39	39.8	--	11	43780	卖盘
10:39:36	39.8	0.02	1	3979	买盘
10:39:33	39.78	--	7	27846	卖盘
10:39:27	39.78	-0.04	7	27846	卖盘
10:39:24	39.82	0.04	2	7964	买盘
10:39:21	39.78	--	1	3978	卖盘
10:39:18	39.78	--	4	15912	卖盘
10:39:15	39.78	--	7	27846	卖盘
10:39:12	39.78	0.06	3	11934	中性盘
10:39:06	39.72	-0.03	50	198600	卖盘
10:39:03	39.75	-0.07	6	23850	中性盘
10:38:57	39.82	0.08	19	75658	买盘
10:38:54	39.74	--	10	39740	卖盘
10:38:51	39.74	--	2	7948	卖盘
10:38:48	39.74	0.01	24	95376	买盘
10:38:45	39.73	0.01	2	7945	买盘
10:38:42	39.72	-0.02	235	933420	卖盘
10:38:39	39.74	--	2	7948	买盘
10:38:36	39.74	--	7	27818	卖盘
10:38:33	39.74	-0.02	45	178830	中性盘
10:38:30	39.76	0.02	32	127232	买盘
10:38:27	39.74	--	7	27818	卖盘
10:38:24	39.74	--	14	55636	卖盘
10:38:21	39.74	0.01	32	127168	卖盘
10:38:15	39.73	-0.03	10	39730	卖盘
10:38:12	39.76	--	3	11928	买盘
10:38:09	39.76	--	3	11928	买盘
10:38:03	39.76	--	6	23856	买盘
10:38:00	39.76	-0.01	34	135184	卖盘
10:37:57	39.77	0.01	3	11931	买盘
10:37:54	39.76	-0.01	19	75544	卖盘
10:37:51	39.77	0.01	55	218735	买盘
10:37:48	39.76	--	1	3976	卖盘
10:37:45	39.76	--	10	39760	卖盘
10:37:42	39.76	-0.02	22	87472	卖盘
10:37:39	39.78	0.02	2	7956	买盘
10:37:36	39.76	-0.02	24	95424	卖盘
10:37:33	39.78	0.01	37	147186	买盘
10:37:30	39.77	-0.01	21	83517	卖盘
10:37:27	39.78	-0.02	3	11934	卖盘
10:37:24	39.8	0.02	28	111439	买盘
10:37:21	39.78	-0.02	1	3978	卖盘
10:37:15	39.8	--	1	3979	买盘
10:37:12	39.8	--	2	7959	买盘
10:37:09	39.8	-0.01	71	282580	卖盘
10:37:06	39.81	--	15	59715	卖盘
10:37:03	39.81	--	10	39810	卖盘
10:37:00	39.81	-0.01	23	91563	卖盘
10:36:54	39.82	-0.02	31	123442	卖盘
10:36:42	39.84	--	26	103584	卖盘
10:36:36	39.84	-0.02	1	3984	卖盘
10:36:33	39.86	0.01	3	11958	买盘
10:36:30	39.85	-0.01	5	19925	中性盘
10:36:27	39.86	0.02	7	27902	买盘
10:36:24	39.84	--	5	19920	买盘
10:36:21	39.84	-0.03	3	11952	卖盘
10:36:18	39.87	0.02	1	3986	买盘
10:36:15	39.85	--	9	35865	买盘
10:36:12	39.85	--	8	31880	卖盘
10:36:06	39.85	-0.02	33	131505	卖盘
10:36:03	39.87	--	3	11961	买盘
10:36:00	39.87	-0.02	19	75753	卖盘
10:35:51	39.89	--	5	19945	卖盘
10:35:48	39.89	0.01	5	19945	买盘
10:35:45	39.88	--	3	11964	卖盘
10:35:42	39.88	-0.01	2	7976	卖盘
10:35:36	39.89	0.01	6	23934	买盘
10:35:33	39.88	-0.02	14	55832	卖盘
10:35:27	39.9	--	5	19950	卖盘
10:35:24	39.9	--	2	7980	卖盘
10:35:21	39.9	0.01	5	19950	买盘
10:35:15	39.89	-0.02	7	27923	卖盘
10:35:09	39.91	0.01	65	259414	买盘
10:35:06	39.9	--	20	79800	买盘
10:35:03	39.9	-0.01	5	19950	中性盘
10:34:54	39.91	--	2	7981	买盘
10:34:51	39.91	--	99	395108	卖盘
10:34:48	39.91	--	15	59864	卖盘
10:34:45	39.91	--	2	7981	卖盘
10:34:42	39.91	--	9	35919	卖盘
10:34:39	39.91	0.01	1	3990	中性盘
10:34:30	39.9	-0.02	9	35910	卖盘
10:34:27	39.92	0.02	7	27944	买盘
10:34:21	39.9	--	2	7980	卖盘
10:34:18	39.9	-0.02	1	3990	卖盘
10:34:15	39.92	0.02	4	15968	买盘
10:34:09	39.9	-0.02	33	131670	卖盘
10:34:03	39.92	0.02	7	27944	买盘
10:34:00	39.9	--	2	7980	卖盘
10:33:57	39.9	--	5	19950	卖盘
10:33:54	39.9	-0.03	9	35910	卖盘
10:33:51	39.93	--	10	39930	买盘
10:33:48	39.93	0.02	8	31944	买盘
10:33:45	39.91	-0.02	20	79820	中性盘
10:33:36	39.93	--	10	39930	买盘
10:33:33	39.93	0.02	33	131769	买盘
10:33:30	39.91	-0.02	47	187576	卖盘
10:33:27	39.93	--	1	3993	买盘
10:33:21	39.93	0.03	2	7986	买盘
10:33:18	39.9	-0.03	20	79800	卖盘
10:33:15	39.93	-0.02	23	91839	卖盘
10:33:12	39.95	0.01	24	95880	买盘
10:33:09	39.94	-0.01	3	11982	卖盘
10:33:06	39.95	--	5	19975	买盘
10:32:57	39.95	--	10	39950	买盘
10:32:51	39.95	--	5	19975	中性盘
10:32:39	39.95	--	13	51935	买盘
10:32:33	39.95	--	2	7990	卖盘
10:32:30	39.95	--	3	11985	买盘
10:32:27	39.95	--	6	23970	卖盘
10:32:24	39.95	--	3	11985	买盘
10:32:21	39.95	0.01	10	39950	买盘
10:32:15	39.94	--	2	7988	卖盘
10:32:12	39.94	--	3	11982	卖盘
10:32:09	39.94	--	3	11982	买盘
10:32:03	39.94	0.01	4	15976	买盘
10:32:00	39.93	--	5	19965	卖盘
10:31:57	39.93	--	4	15972	卖盘
10:31:51	39.93	-0.03	10	39930	卖盘
10:31:45	39.96	--	3	11988	买盘
10:31:33	39.96	0.02	5	19980	买盘
10:31:27	39.94	--	10	39940	卖盘
10:31:24	39.94	-0.02	3	11982	卖盘
10:31:21	39.96	0.02	8	31968	买盘
10:31:18	39.94	-0.02	5	19970	卖盘
10:31:15	39.96	0.02	1	3996	买盘
10:31:06	39.94	-0.02	33	131802	卖盘
10:31:03	39.96	0.02	1	3996	买盘
10:31:00	39.94	-0.02	7	27958	卖盘
10:30:51	39.96	-0.02	6	23976	中性盘
10:30:45	39.98	--	23	91954	买盘
10:30:39	39.98	0.03	18	71964	买盘
10:30:36	39.95	0.02	1	3995	中性盘
10:30:24	39.93	-0.07	2	7986	卖盘
10:30:21	40.0	0.02	200	800000	买盘
10:30:15	39.98	-0.01	6	23987	卖盘
10:30:09	39.99	-0.01	5	19995	买盘
10:30:00	40.0	0.01	6	25000	买盘
10:29:57	39.99	--	17	70982	卖盘
10:29:54	39.99	--	11	43989	买盘
10:29:51	39.99	--	210	839790	买盘
10:29:48	39.99	-0.01	12	47988	卖盘
10:29:45	40.0	0.01	12	48000	买盘
10:29:42	39.99	--	2	7998	卖盘
10:29:39	39.99	0.01	14	55986	买盘
10:29:36	39.98	-0.01	10	39980	卖盘
10:29:33	39.99	-0.01	6	23994	卖盘
10:29:30	40.0	0.01	5	20000	买盘
10:29:24	39.99	--	27	107973	买盘
10:29:21	39.99	--	20	79980	买盘
10:29:18	39.99	0.01	5	19995	买盘
10:29:12	39.98	--	4	15991	卖盘
10:29:09	39.98	0.01	14	55971	买盘
10:29:06	39.97	--	3	11991	买盘
10:29:03	39.97	-0.01	4	15988	卖盘
10:29:00	39.98	0.01	26	103947	买盘
10:28:57	39.97	--	24	95928	卖盘
10:28:54	39.97	--	1	3997	卖盘
10:28:51	39.97	--	30	119910	卖盘
10:28:48	39.97	--	2	7994	卖盘
10:28:42	39.97	-0.01	7	27979	卖盘
10:28:39	39.98	--	13	51973	卖盘
10:28:33	39.98	-0.01	5	19990	卖盘
10:28:30	39.99	-0.01	24	95976	卖盘
10:28:24	40.0	--	2	8000	买盘
10:28:21	40.0	--	30	120000	买盘
10:28:18	40.0	-0.01	56	224000	卖盘
10:28:15	40.01	--	14	56014	卖盘
10:28:12	40.01	-0.01	27	108027	卖盘
10:28:09	40.02	--	164	656328	买盘
10:28:06	40.02	--	7	28014	买盘
10:28:03	40.02	--	3	12006	买盘
10:28:00	40.02	--	25	100050	买盘
10:27:57	40.02	--	23	92046	卖盘
10:27:54	40.02	-0.01	10	40020	卖盘
10:27:51	40.03	--	36	144108	卖盘
10:27:48	40.03	--	2	8006	卖盘
10:27:45	40.03	0.01	1	4003	买盘
10:27:42	40.02	--	1	4002	买盘
10:27:39	40.02	-0.01	4	16008	卖盘
10:27:36	40.03	0.01	1	4003	中性盘
10:27:30	40.02	-0.01	19	76038	卖盘
10:27:27	40.03	--	24	96072	买盘
10:27:24	40.03	0.02	15	60045	买盘
10:27:21	40.01	-0.02	5	20005	卖盘
10:27:15	40.03	-0.02	18	72054	卖盘
10:27:12	40.05	0.02	36	144180	买盘
10:27:09	40.03	0.03	12	48036	中性盘
10:27:03	40.0	-0.05	2	8000	卖盘
10:27:00	40.05	0.05	29	116144	买盘
10:26:57	40.0	--	2	8000	买盘
10:26:54	40.0	-0.02	1	4000	中性盘
10:26:51	40.02	0.01	46	184092	买盘
10:26:48	40.01	0.02	10	40010	买盘
10:26:45	39.99	-0.01	2	7998	中性盘
10:26:42	40.0	--	12	48000	卖盘
10:26:39	40.0	--	136	544000	卖盘
10:26:36	40.0	0.01	141	564000	买盘
10:26:33	39.99	--	36	143964	买盘
10:26:30	39.99	0.01	5	19995	买盘
10:26:27	39.98	-0.01	1	3997	卖盘
10:26:24	39.99	--	2	7998	买盘
10:26:21	39.99	0.01	14	55986	买盘
10:26:18	39.98	--	1	3997	卖盘
10:26:12	39.98	--	9	35982	买盘
10:26:09	39.98	0.01	1	3997	买盘
10:26:03	39.97	--	1	3997	买盘
10:26:00	39.97	0.01	2	7994	买盘
10:25:57	39.96	-0.01	7	27972	卖盘
10:25:54	39.97	-0.01	3	11991	买盘
10:25:48	39.98	0.02	36	143928	买盘
10:25:45	39.96	--	1	3996	买盘
10:25:42	39.96	0.03	4	15984	买盘
10:25:39	39.93	0.03	7	27951	买盘
10:25:33	39.9	-0.03	10	39900	卖盘
10:25:30	39.93	--	16	63888	卖盘
10:25:27	39.93	--	2	7986	卖盘
10:25:24	39.93	--	19	75867	买盘
10:25:21	39.93	0.03	13	51909	买盘
10:25:12	39.9	-0.02	1	3990	中性盘
10:25:09	39.92	0.02	7	27944	买盘
10:25:06	39.9	0.01	37	147630	买盘
10:25:00	39.89	0.02	7	27923	卖盘
10:24:57	39.87	--	13	51831	买盘
10:24:54	39.87	--	6	23922	买盘
10:24:51	39.87	0.02	14	55818	买盘
10:24:48	39.85	-0.02	4	15940	卖盘
10:24:45	39.87	0.01	6	23922	买盘
10:24:42	39.86	0.01	5	19930	买盘
10:24:39	39.85	--	4	15940	买盘
10:24:36	39.85	0.01	6	23910	买盘
10:24:33	39.84	--	3	11952	买盘
10:24:27	39.84	--	16	63744	卖盘
10:24:24	39.84	--	2	7968	买盘
10:24:21	39.84	--	7	27888	买盘
10:24:18	39.84	--	24	95616	买盘
10:24:06	39.84	--	2	7968	买盘
10:24:03	39.84	--	8	31872	中性盘
10:23:54	39.84	--	3	11952	卖盘
10:23:45	39.84	0.04	2	7968	卖盘
10:23:42	39.8	--	1	3979	卖盘
10:23:39	39.8	0.01	13	51739	买盘
10:23:36	39.79	-0.01	9	35811	中性盘
10:23:33	39.8	--	8	31839	买盘
10:23:30	39.8	--	15	59699	买盘
10:23:27	39.8	--	1	3979	买盘
10:23:24	39.8	-0.07	107	425859	卖盘
10:23:18	39.87	0.01	2	7973	买盘
10:23:09	39.86	-0.01	5	19930	买盘
10:23:03	39.87	0.03	10	39870	买盘
10:22:57	39.84	-0.03	105	418320	卖盘
10:22:54	39.87	0.01	1	3986	买盘
10:22:51	39.86	--	14	55804	卖盘
10:22:48	39.86	-0.01	10	39860	卖盘
10:22:45	39.87	--	2	7973	买盘
10:22:42	39.87	--	30	119609	卖盘
10:22:39	39.87	-0.01	3	11961	卖盘
10:22:33	39.88	--	3	11964	买盘
10:22:30	39.88	--	8	31904	买盘
10:22:27	39.88	--	1	3988	买盘
10:22:24	39.88	-0.02	57	227316	卖盘
10:22:21	39.9	--	20	79800	卖盘
10:22:15	39.9	--	8	31920	买盘
10:22:12	39.9	--	15	59850	买盘
10:22:09	39.9	--	9	35910	买盘
10:22:06	39.9	-0.06	389	1552110	卖盘
10:22:03	39.96	--	21	83916	中性盘
10:22:00	39.96	0.05	5	19980	买盘
10:21:57	39.91	--	3	11972	卖盘
10:21:54	39.91	-0.05	7	27936	卖盘
10:21:51	39.96	0.06	16	63936	买盘
10:21:48	39.9	--	33	131670	卖盘
10:21:45	39.9	--	53	211470	卖盘
10:21:42	39.9	--	1	3990	卖盘
10:21:39	39.9	--	56	223440	买盘
10:21:36	39.9	--	4	15960	买盘
10:21:33	39.9	0.01	20	79800	买盘
10:21:30	39.89	--	6	23934	买盘
10:21:27	39.89	0.01	1	3989	买盘
10:21:24	39.88	-0.02	8	31904	卖盘
10:21:21	39.9	0.02	21	83790	买盘
10:21:18	39.88	-0.02	29	115652	卖盘
10:21:12	39.9	--	28	111720	买盘
10:21:03	39.9	0.02	13	51870	买盘
10:21:00	39.88	--	13	51844	卖盘
10:20:57	39.88	--	3	11964	买盘
10:20:51	39.88	0.02	3	11964	买盘
10:20:45	39.86	-0.04	29	115594	卖盘
10:20:42	39.9	--	16	63840	买盘
10:20:39	39.9	--	12	47880	买盘
10:20:36	39.9	--	3	11970	买盘
10:20:33	39.9	--	3	11970	买盘
10:20:27	39.9	--	12	47880	卖盘
10:20:24	39.9	-0.02	1	3990	卖盘
10:20:21	39.92	--	43	171656	买盘
10:20:12	39.92	-0.04	21	83832	卖盘
10:20:06	39.96	0.01	11	44955	买盘
10:20:03	39.95	-0.01	10	39950	卖盘
10:20:00	39.96	-0.01	27	107892	卖盘
10:19:57	39.97	--	14	55958	买盘
10:19:54	39.97	0.01	37	147889	买盘
10:19:51	39.96	-0.01	10	39960	卖盘
10:19:45	39.97	-0.01	1	3997	卖盘
10:19:42	39.98	-0.02	60	239879	卖盘
10:19:39	40.0	--	11	44000	买盘
10:19:36	40.0	--	4	16000	买盘
10:19:33	40.0	--	77	308000	卖盘
10:19:30	40.0	-0.02	54	216000	卖盘
10:19:27	40.02	--	55	220110	买盘
10:19:24	40.02	0.02	14	56028	买盘
10:19:21	40.0	-0.02	37	149000	卖盘
10:19:18	40.02	--	23	92046	卖盘
10:19:15	40.02	--	38	152076	买盘
10:19:12	40.02	--	11	44022	卖盘
10:19:09	40.02	--	5	20010	卖盘
10:19:06	40.02	--	7	28014	卖盘
10:19:03	40.02	0.01	20	80040	卖盘
10:19:00	40.01	-0.03	2	8002	卖盘
10:18:57	40.04	0.02	23	95095	买盘
10:18:54	40.02	0.01	21	85042	买盘
10:18:51	40.01	--	11	47011	卖盘
10:18:48	40.01	--	19	76019	买盘
10:18:45	40.01	0.01	15	60015	买盘
10:18:42	40.0	--	5	20000	卖盘
10:18:36	40.0	0.01	55	220000	买盘
10:18:33	39.99	0.01	6	23994	买盘
10:18:30	39.98	--	13	51973	买盘
10:18:27	39.98	0.01	15	59969	买盘
10:18:24	39.97	--	118	471646	买盘
10:18:21	39.97	0.01	2	7994	中性盘
10:18:18	39.96	-0.02	11	43956	卖盘
10:18:15	39.98	0.01	23	91954	买盘
10:18:12	39.97	0.01	25	99925	中性盘
10:18:09	39.96	--	27	110889	买盘
10:18:06	39.96	--	22	87912	买盘
10:18:03	39.96	-0.02	86	343656	卖盘
10:18:00	39.98	0.01	14	55971	买盘
10:17:57	39.97	--	16	63952	买盘
10:17:54	39.97	--	6	23982	买盘
10:17:51	39.97	0.02	4	15988	买盘
10:17:45	39.95	0.03	41	163795	买盘
10:17:42	39.92	-0.03	29	115768	中性盘
10:17:39	39.95	--	16	63920	买盘
10:17:36	39.95	0.05	9	35955	买盘
10:17:27	39.9	0.05	47	187530	买盘
10:17:24	39.85	0.03	2	7970	中性盘
10:17:18	39.82	-0.03	6	25883	卖盘
10:17:15	39.85	0.04	6	23910	买盘
10:17:12	39.81	-0.01	6	23886	卖盘
10:17:09	39.82	0.01	5	19910	买盘
10:17:06	39.81	0.01	12	47772	买盘
10:17:03	39.8	--	3	11940	买盘
10:17:00	39.8	--	20	79600	买盘
10:16:57	39.8	--	12	47760	中性盘
10:16:54	39.8	-0.01	3	11940	中性盘
10:16:51	39.81	--	12	47772	买盘
10:16:48	39.81	0.01	45	179145	买盘
10:16:45	39.8	--	5	19900	卖盘
10:16:42	39.8	0.04	34	135320	卖盘
10:16:39	39.76	-0.05	16	63616	卖盘
10:16:36	39.81	0.05	12	47772	买盘
10:16:33	39.76	--	4	15904	买盘
10:16:30	39.76	-0.05	3	11928	卖盘
10:16:24	39.81	0.01	45	179145	买盘
10:16:21	39.8	--	5	19900	卖盘
10:16:18	39.8	-0.04	19	75620	卖盘
10:16:12	39.84	-0.01	3	11952	卖盘
10:16:09	39.85	-0.05	10	39850	卖盘
10:16:06	39.9	--	8	31920	买盘
10:16:03	39.9	--	10	39900	买盘
10:15:57	39.9	-0.06	45	179550	卖盘
10:15:54	39.96	-0.03	16	63936	卖盘
10:15:51	39.99	--	4	15996	买盘
10:15:48	39.99	0.01	10	39990	买盘
10:15:45	39.98	--	2	7995	卖盘
10:15:42	39.98	-0.03	16	63967	卖盘
10:15:39	40.01	--	19	76019	买盘
10:15:36	40.01	0.02	11	44011	买盘
10:15:33	39.99	-0.01	12	47988	中性盘
10:15:30	40.0	--	34	136000	卖盘
10:15:24	40.0	-0.01	52	208000	卖盘
10:15:21	40.01	--	85	340085	买盘
10:15:18	40.01	0.01	24	96024	卖盘
10:15:15	40.0	--	116	464000	卖盘
10:15:12	40.0	--	39	156000	卖盘
10:15:09	40.0	-0.01	19	76000	卖盘
10:15:06	40.01	--	23	92023	卖盘
10:15:00	40.01	--	4	16004	卖盘
10:14:57	40.01	-0.05	4	16004	卖盘
10:14:54	40.06	0.04	30	120180	买盘
10:14:51	40.02	-0.04	8	32016	卖盘
10:14:48	40.06	0.01	13	52078	买盘
10:14:45	40.05	-0.01	18	72090	卖盘
10:14:42	40.06	--	28	112168	卖盘
10:14:39	40.06	-0.01	27	108162	卖盘
10:14:33	40.07	--	237	952984	卖盘
10:14:30	40.07	--	4	16028	卖盘
10:14:27	40.07	--	12	48084	卖盘
10:14:21	40.07	-0.01	51	205038	卖盘
10:14:18	40.08	0.01	10	40080	买盘
10:14:15	40.07	--	44	176308	买盘
10:14:12	40.07	-0.01	23	92161	中性盘
10:14:09	40.08	0.01	151	605208	买盘
10:14:06	40.07	-0.01	44	176308	卖盘
10:14:03	40.08	0.01	12	48096	买盘
10:14:00	40.07	--	16	64112	卖盘
10:13:57	40.07	--	9	36063	卖盘
10:13:54	40.07	--	4	16028	卖盘
10:13:51	40.07	-0.02	74	296518	卖盘
10:13:48	40.09	0.02	42	168378	买盘
10:13:45	40.07	--	24	96168	卖盘
10:13:42	40.07	-0.01	15	60105	卖盘
10:13:39	40.08	0.01	30	120240	买盘
10:13:36	40.07	--	14	56098	买盘
10:13:33	40.07	--	15	60105	买盘
10:13:30	40.07	--	25	100175	买盘
10:13:27	40.07	0.01	5	20035	中性盘
10:13:24	40.06	-0.01	63	252378	卖盘
10:13:21	40.07	-0.01	69	276483	买盘
10:13:18	40.08	0.02	22	88176	买盘
10:13:15	40.06	-0.02	55	220330	卖盘
10:13:12	40.08	0.03	62	248496	买盘
10:13:09	40.05	-0.02	77	308385	卖盘
10:13:06	40.07	--	6	24042	卖盘
10:13:03	40.07	-0.01	5	20035	卖盘
10:13:00	40.08	0.03	20	80160	买盘
10:12:57	40.05	--	12	48060	卖盘
10:12:54	40.05	-0.03	9	36045	卖盘
10:12:51	40.08	0.03	4	16032	买盘
10:12:48	40.05	-0.02	11	44055	卖盘
10:12:45	40.07	0.02	13	52091	买盘
10:12:42	40.05	0.03	25	100125	买盘
10:12:39	40.02	0.01	21	84042	买盘
10:12:36	40.01	--	28	112028	卖盘
10:12:33	40.01	--	17	68017	买盘
10:12:30	40.01	0.01	3	12003	买盘
10:12:27	40.0	--	3	12000	卖盘
10:12:24	40.0	0.01	47	188000	买盘
10:12:21	39.99	--	65	259935	买盘
10:12:18	39.99	--	1	3999	买盘
10:12:15	39.99	0.04	51	203949	买盘
10:12:12	39.95	--	26	103870	卖盘
10:12:09	39.95	-0.04	4	15980	卖盘
10:12:06	39.99	--	3	11997	买盘
10:12:03	39.99	0.04	11	43989	买盘
10:12:00	39.95	--	10	39950	中性盘
10:11:57	39.95	--	26	103870	买盘
10:11:54	39.95	--	7	27965	买盘
10:11:51	39.95	--	12	47940	买盘
10:11:48	39.95	--	10	39950	买盘
10:11:45	39.95	--	9	35955	买盘
10:11:42	39.95	--	4	15980	卖盘
10:11:39	39.95	-0.04	15	59925	卖盘
10:11:36	39.99	-0.01	4	15996	中性盘
10:11:33	40.0	0.01	28	112000	买盘
10:11:30	39.99	-0.01	20	79980	卖盘
10:11:27	40.0	--	10	40000	买盘
10:11:24	40.0	--	4	16000	买盘
10:11:21	40.0	-0.02	16	64000	卖盘
10:11:18	40.02	--	62	248124	买盘
10:11:15	40.02	-0.01	45	180090	买盘
10:11:12	40.03	0.03	12	48036	中性盘
10:11:09	40.0	-0.05	129	516000	卖盘
10:11:06	40.05	0.03	7	28034	买盘
10:11:03	40.02	-0.03	12	48024	卖盘
10:11:00	40.05	-0.04	28	112139	卖盘
10:10:57	40.09	0.02	16	64144	买盘
10:10:54	40.07	-0.03	17	68119	卖盘
10:10:51	40.1	-0.02	17	68170	中性盘
10:10:48	40.12	0.05	52	208624	买盘
10:10:45	40.07	-0.04	38	152266	卖盘
10:10:42	40.11	0.01	116	465276	买盘
10:10:39	40.1	-0.02	40	160400	卖盘
10:10:36	40.12	--	68	272816	买盘
10:10:33	40.12	0.02	23	92276	买盘
10:10:30	40.1	-0.04	53	212530	卖盘
10:10:27	40.14	-0.01	7	28098	买盘
10:10:24	40.15	--	56	224840	买盘
10:10:21	40.15	-0.01	80	321200	中性盘
10:10:18	40.16	0.01	19	76304	买盘
10:10:15	40.15	-0.04	81	325215	卖盘
10:10:12	40.19	0.01	176	707344	买盘
10:10:09	40.18	-0.02	134	538412	卖盘
10:10:06	40.2	--	95	381900	买盘
10:10:03	40.2	--	100	402000	买盘
10:10:00	40.2	--	22	88440	买盘
10:09:57	40.2	0.02	62	249240	买盘
10:09:54	40.18	-0.01	33	132594	卖盘
10:09:51	40.19	0.07	163	655097	买盘
10:09:48	40.12	-0.02	139	557668	卖盘
10:09:45	40.14	--	36	144504	卖盘
10:09:42	40.14	0.02	19	76266	中性盘
10:09:39	40.12	--	38	152456	卖盘
10:09:36	40.12	0.02	33	132396	买盘
10:09:33	40.1	--	22	88220	买盘
10:09:30	40.1	0.05	32	128320	买盘
10:09:27	40.05	0.01	135	540675	买盘
10:09:24	40.04	--	27	108108	卖盘
10:09:21	40.04	0.05	387	1549548	买盘
10:09:18	39.99	--	16	63984	卖盘
10:09:15	39.99	-0.01	80	319920	卖盘
10:09:12	40.0	0.01	26	104000	买盘
10:09:09	39.99	--	68	271932	买盘
10:09:06	39.99	0.01	268	1071732	买盘
10:09:03	39.98	-0.01	55	219889	卖盘
10:09:00	39.99	0.02	97	387903	买盘
10:08:57	39.97	--	49	195853	卖盘
10:08:54	39.97	--	57	227829	买盘
10:08:51	39.97	--	66	263802	买盘
10:08:48	39.97	--	93	371721	买盘
10:08:45	39.97	0.02	20	79940	买盘
10:08:42	39.95	--	96	383520	买盘
10:08:39	39.95	0.04	93	371535	买盘
10:08:36	39.91	-0.01	246	981785	卖盘
10:08:33	39.92	--	36	143712	卖盘
10:08:30	39.92	--	40	159680	卖盘
10:08:27	39.92	--	52	207584	买盘
10:08:24	39.92	0.01	42	167664	买盘
10:08:21	39.91	0.01	67	267397	买盘
10:08:18	39.9	0.04	58	231420	买盘
10:08:15	39.86	0.01	64	255104	中性盘
10:08:12	39.85	-0.01	22	87670	卖盘
10:08:09	39.86	0.03	23	91678	买盘
10:08:06	39.83	-0.01	50	199150	卖盘
10:08:03	39.84	0.02	37	147408	买盘
10:08:00	39.82	0.02	30	119460	买盘
10:07:57	39.8	-0.02	62	246759	卖盘
10:07:54	39.82	--	11	43802	买盘
10:07:51	39.82	0.02	226	899932	买盘
10:07:48	39.8	0.04	48	191040	买盘
10:07:45	39.76	--	21	83496	卖盘
10:07:42	39.76	-0.02	2	7952	卖盘
10:07:39	39.78	0.02	1	3978	中性盘
10:07:36	39.76	0.01	116	461216	买盘
10:07:33	39.75	-0.01	29	115275	卖盘
10:07:30	39.76	0.01	11	43736	买盘
10:07:27	39.75	0.01	9	35775	买盘
10:07:24	39.74	--	20	79480	卖盘
10:07:21	39.74	-0.01	12	47688	卖盘
10:07:18	39.75	--	2	7950	买盘
10:07:15	39.75	0.02	30	119250	买盘
10:07:12	39.73	0.01	15	59594	中性盘
10:07:09	39.72	-0.01	5	19860	卖盘
10:07:06	39.73	0.01	9	35757	买盘
10:07:03	39.72	0.02	21	83412	中性盘
10:07:00	39.7	--	51	206162	卖盘
10:06:57	39.7	--	10	39700	买盘
10:06:54	39.7	0.03	9	35730	买盘
10:06:51	39.67	-0.03	37	146779	卖盘
10:06:45	39.7	0.03	53	210410	买盘
10:06:42	39.67	--	29	115043	买盘
10:06:39	39.67	0.01	17	67439	买盘
10:06:36	39.66	--	5	19830	卖盘
10:06:33	39.66	--	14	55523	卖盘
10:06:30	39.66	--	46	182435	卖盘
10:06:27	39.66	--	8	31727	卖盘
10:06:24	39.66	-0.01	101	400565	卖盘
10:06:21	39.67	0.02	10	39709	买盘
10:06:18	39.65	--	41	162565	卖盘
10:06:15	39.65	--	89	352885	卖盘
10:06:12	39.65	--	18	71370	卖盘
10:06:09	39.65	-0.01	13	51545	卖盘
10:06:06	39.66	0.01	3	11897	买盘
10:06:03	39.65	-0.03	16	63440	卖盘
10:06:00	39.68	0.01	22	87296	买盘
10:05:57	39.67	0.01	92	364964	买盘
10:05:54	39.66	-0.01	28	111047	卖盘
10:05:51	39.67	0.01	14	55538	中性盘
10:05:48	39.66	-0.01	30	118979	卖盘
10:05:45	39.67	-0.01	16	63472	卖盘
10:05:42	39.68	--	4	15872	买盘
10:05:39	39.68	--	2	7936	买盘
10:05:36	39.68	-0.02	12	47616	卖盘
10:05:30	39.7	--	15	59550	中性盘
10:05:27	39.7	--	6	23820	卖盘
10:05:24	39.7	--	2	7940	卖盘
10:05:21	39.7	-0.05	18	71460	卖盘
10:05:18	39.75	0.05	3	11925	买盘
10:05:15	39.7	-0.05	10	39700	卖盘
10:05:12	39.75	--	5	19875	买盘
10:05:09	39.75	--	17	67575	买盘
10:05:06	39.75	-0.05	3	11925	买盘
10:05:03	39.8	0.04	109	433819	买盘
10:05:00	39.76	-0.02	1	3976	中性盘
10:04:57	39.78	0.03	46	182988	买盘
10:04:54	39.75	-0.05	5	19875	卖盘
10:04:51	39.8	0.1	11	43780	买盘
10:04:48	39.7	-0.09	150	595500	卖盘
10:04:45	39.79	0.02	24	95496	买盘
10:04:42	39.77	-0.03	21	83517	卖盘
10:04:39	39.8	0.04	44	175120	买盘
10:04:36	39.76	--	49	194824	卖盘
10:04:33	39.76	-0.01	31	123256	卖盘
10:04:30	39.77	-0.03	78	310206	卖盘
10:04:27	39.8	--	49	195020	买盘
10:04:24	39.8	--	36	143280	买盘
10:04:21	39.8	0.02	92	366160	买盘
10:04:18	39.78	0.02	53	210834	中性盘
10:04:15	39.76	0.01	5	19880	卖盘
10:04:12	39.75	-0.01	33	131175	卖盘
10:04:09	39.76	0.01	35	139160	买盘
10:04:06	39.75	-0.05	42	166950	卖盘
10:04:03	39.8	0.05	99	394020	买盘
10:04:00	39.75	-0.05	63	250425	卖盘
10:03:57	39.8	--	22	87560	买盘
10:03:54	39.8	0.04	33	131340	买盘
10:03:51	39.76	-0.04	32	127232	卖盘
10:03:48	39.8	-0.01	55	218899	卖盘
10:03:45	39.81	-0.03	132	525492	卖盘
10:03:42	39.84	-0.01	128	509952	卖盘
10:03:39	39.85	-0.01	294	1171590	卖盘
10:03:36	39.86	--	18	71748	买盘
10:03:33	39.86	0.02	46	183356	中性盘
10:03:30	39.84	-0.02	30	119520	卖盘
10:03:27	39.86	0.04	2	7972	中性盘
10:03:24	39.82	-0.01	63	250866	卖盘
10:03:21	39.83	0.03	73	290759	买盘
10:03:18	39.8	--	48	191040	买盘
10:03:15	39.8	--	213	847739	买盘
10:03:12	39.8	--	46	183080	买盘
10:03:09	39.8	--	22	87560	买盘
10:03:06	39.8	0.06	36	143280	买盘
10:03:03	39.74	-0.04	116	460984	卖盘
10:03:00	39.78	0.06	18	71604	买盘
10:02:57	39.72	0.02	56	222432	买盘
10:02:54	39.7	0.02	36	142920	买盘
10:02:51	39.68	0.03	84	333312	买盘
10:02:48	39.65	0.04	28	111020	买盘
10:02:45	39.61	-0.02	14	55454	卖盘
10:02:42	39.63	0.02	2	7926	买盘
10:02:39	39.61	0.01	31	122791	买盘
10:02:36	39.6	0.1	83	328680	买盘
10:02:33	39.5	-0.05	18	71100	卖盘
10:02:30	39.55	0.01	23	90965	买盘
10:02:27	39.54	0.04	197	778938	买盘
10:02:24	39.5	0.01	52	205400	买盘
10:02:21	39.49	-0.01	84	331716	卖盘
10:02:18	39.5	--	69	272550	买盘
10:02:15	39.5	0.03	90	355500	买盘
10:02:12	39.47	-0.02	1	3947	卖盘
10:02:09	39.49	0.03	167	661733	买盘
10:02:06	39.46	-0.01	64	252544	卖盘
10:02:03	39.47	0.01	118	465746	买盘
10:02:00	39.46	--	120	473520	买盘
10:01:57	39.46	0.02	37	146002	买盘
10:01:54	39.44	--	118	465392	卖盘
10:01:51	39.44	--	133	524552	卖盘
10:01:48	39.44	--	38	149872	买盘
10:01:45	39.44	--	27	106488	买盘
10:01:42	39.44	--	41	161704	买盘
10:01:39	39.44	0.02	44	173536	买盘
10:01:36	39.42	--	52	204984	卖盘
10:01:33	39.42	-0.02	44	173448	中性盘
10:01:30	39.44	0.02	36	141984	买盘
10:01:27	39.42	-0.02	24	94608	中性盘
10:01:24	39.44	0.03	72	283968	买盘
10:01:21	39.41	0.01	20	78820	买盘
10:01:18	39.4	-0.01	7	27580	卖盘
10:01:15	39.41	0.01	51	200990	买盘
10:01:12	39.4	0.01	37	145780	买盘
10:01:09	39.39	-0.01	12	47268	买盘
10:01:06	39.4	0.02	59	232460	买盘
10:01:03	39.38	-0.02	3	11814	卖盘
10:01:00	39.4	0.02	11	43340	买盘
10:00:57	39.38	--	31	124322	买盘
10:00:54	39.38	--	12	47256	买盘
10:00:51	39.38	0.01	6	23628	买盘
10:00:48	39.37	-0.05	17	66929	卖盘
10:00:45	39.42	0.05	12	47304	买盘
10:00:42	39.37	0.02	12	47244	中性盘
10:00:39	39.35	-0.02	258	1015230	卖盘
10:00:36	39.37	--	31	122046	买盘
10:00:33	39.37	-0.01	62	244093	卖盘
10:00:30	39.38	--	70	275660	买盘
10:00:27	39.38	0.01	37	145706	买盘
10:00:24	39.37	-0.01	18	70866	卖盘
10:00:21	39.38	0.01	4	15752	买盘
10:00:18	39.37	-0.01	13	51181	卖盘
10:00:15	39.38	0.04	13	51194	买盘
10:00:12	39.34	-0.03	33	129822	卖盘
10:00:09	39.37	--	9	35433	买盘
10:00:06	39.37	--	11	43307	买盘
10:00:03	39.37	0.07	21	82677	买盘
10:00:00	39.3	-0.07	28	110039	卖盘
09:59:57	39.37	-0.01	15	59054	卖盘
09:59:54	39.38	0.01	27	106326	买盘
09:59:51	39.37	--	2	7873	卖盘
09:59:48	39.37	-0.01	44	173228	买盘
09:59:45	39.38	--	20	78760	买盘
09:59:42	39.38	--	19	74822	中性盘
09:59:39	39.38	--	37	145706	卖盘
09:59:36	39.38	-0.02	11	43318	卖盘
09:59:33	39.4	--	88	346720	买盘
09:59:30	39.4	-0.02	10	39400	买盘
09:59:27	39.42	--	124	488808	中性盘
09:59:24	39.42	-0.03	15	59130	卖盘
09:59:21	39.45	--	50	197250	买盘
09:59:18	39.45	0.02	44	173580	买盘
09:59:15	39.43	-0.02	56	220808	卖盘
09:59:12	39.45	0.02	87	343215	买盘
09:59:09	39.43	-0.03	27	106461	卖盘
09:59:06	39.46	0.01	55	217030	买盘
09:59:03	39.45	--	20	78900	卖盘
09:59:00	39.45	--	65	256425	买盘
09:58:57	39.45	0.01	11	43395	买盘
09:58:54	39.44	0.04	1	3944	中性盘
09:58:51	39.4	-0.05	17	66980	卖盘
09:58:48	39.45	0.06	46	181470	买盘
09:58:45	39.39	-0.01	86	338754	卖盘
09:58:42	39.4	0.01	40	157600	买盘
09:58:39	39.39	0.01	81	319059	买盘
09:58:36	39.38	0.01	46	181148	买盘
09:58:33	39.37	0.07	25	98425	买盘
09:58:30	39.3	-0.02	35	137550	卖盘
09:58:27	39.32	0.02	27	106164	买盘
09:58:24	39.3	--	80	314400	买盘
09:58:21	39.3	--	2	7859	买盘
09:58:18	39.3	0.02	28	110039	买盘
09:58:15	39.28	--	47	184616	买盘
09:58:12	39.28	0.15	12	47136	买盘
