成交时间	成交价	价格变动	成交量(手)	成交额(元)	性质
15:00:03	7.99	--	345	275655	买盘
14:57:00	7.99	--	0	0	买盘
14:56:51	7.99	0.01	20	15980	买盘
14:56:42	7.98	-0.01	21	16758	卖盘
14:56:39	7.99	--	10	7990	买盘
14:56:27	7.99	--	57	45543	买盘
14:56:24	7.99	--	56	44744	买盘
14:56:21	7.99	0.01	5	3995	买盘
14:56:18	7.98	--	115	91770	卖盘
14:56:12	7.98	-0.01	50	39900	卖盘
14:56:06	7.99	--	3	2397	买盘
14:55:48	7.99	--	16	12784	买盘
14:55:33	7.99	--	2	1598	买盘
14:55:30	7.99	--	18	14382	买盘
14:55:27	7.99	--	2	1598	买盘
14:55:24	7.99	--	5	3995	买盘
14:55:12	7.99	--	6	4794	买盘
14:55:09	7.99	--	179	143580	卖盘
14:54:54	7.99	--	7	5593	卖盘
14:54:48	7.99	--	10	7990	卖盘
14:54:36	7.99	--	98	78302	卖盘
14:54:33	7.99	--	10	7990	卖盘
14:54:12	7.99	--	100	79900	卖盘
14:53:42	7.99	-0.01	50	39950	卖盘
14:53:24	8.0	--	50	40000	买盘
14:53:21	8.0	0.01	3	2400	买盘
14:53:15	7.99	-0.01	22	17578	卖盘
14:53:12	8.0	0.01	14	11200	买盘
14:53:06	7.99	-0.01	118	94282	卖盘
14:53:03	8.0	0.01	10	8000	买盘
14:52:36	7.99	-0.01	16	12784	卖盘
14:52:30	8.0	0.01	8	6400	买盘
14:52:21	7.99	-0.01	9	7191	卖盘
14:52:12	8.0	--	9	7200	买盘
14:52:06	8.0	0.01	119	95200	买盘
14:51:51	7.99	--	15	11985	卖盘
14:51:48	7.99	-0.01	278	222122	卖盘
14:51:42	8.0	0.01	6	4800	买盘
14:51:39	7.99	-0.01	8	6392	卖盘
14:51:36	8.0	0.01	7	5600	买盘
14:51:27	7.99	--	15	11985	卖盘
14:51:24	7.99	--	41	32759	卖盘
14:51:15	7.99	-0.01	100	79900	卖盘
14:51:06	8.0	0.01	2	1600	买盘
14:50:57	7.99	--	18	14382	卖盘
14:50:42	7.99	--	292	233308	卖盘
14:50:36	7.99	-0.01	39	31161	卖盘
14:50:30	8.0	0.01	25	20000	买盘
14:50:27	7.99	--	5	3995	卖盘
14:50:24	7.99	--	1	799	卖盘
14:50:06	7.99	-0.01	5	3995	卖盘
14:50:00	8.0	0.01	20	16000	买盘
14:49:48	7.99	--	3	2397	卖盘
14:49:21	7.99	--	4	3196	卖盘
14:49:15	7.99	--	40	31960	卖盘
14:49:12	7.99	-0.01	177	141423	卖盘
14:49:03	8.0	--	10	8000	买盘
14:49:00	8.0	0.01	10	8000	买盘
14:48:57	7.99	--	4	3196	卖盘
14:48:42	7.99	--	50	39950	卖盘
14:48:33	7.99	-0.01	30	23970	卖盘
14:48:30	8.0	0.01	7	5600	买盘
14:48:24	7.99	--	5	3995	卖盘
14:48:21	7.99	--	45	35955	卖盘
14:48:18	7.99	--	10	7990	卖盘
14:48:15	7.99	-0.01	3	2397	卖盘
14:48:12	8.0	--	2	1600	买盘
14:47:57	8.0	0.01	10	8000	买盘
14:47:30	7.99	-0.01	17	13583	卖盘
14:47:27	8.0	--	10	8000	买盘
14:47:21	8.0	--	6	4800	买盘
14:47:00	8.0	--	2	1600	买盘
14:46:57	8.0	0.01	15	12000	买盘
14:46:33	7.99	--	10	7990	卖盘
14:46:21	7.99	--	47	37553	卖盘
14:46:03	7.99	--	200	159800	卖盘
14:45:51	7.99	--	13	10387	卖盘
14:45:48	7.99	-0.01	4	3196	卖盘
14:45:39	8.0	--	23	18400	买盘
14:45:33	8.0	--	41	32800	买盘
14:45:03	8.0	0.01	3	2400	买盘
14:45:00	7.99	-0.01	3	2397	卖盘
14:44:45	8.0	--	4	3200	卖盘
14:44:39	8.0	--	86	68800	卖盘
14:44:36	8.0	-0.01	40	32000	卖盘
14:44:33	8.01	0.01	15	12015	买盘
14:44:30	8.0	--	13	10400	卖盘
14:44:27	8.0	--	64	51200	买盘
14:44:24	8.0	0.01	6	4800	买盘
14:44:15	7.99	-0.01	3	2397	卖盘
14:44:00	8.0	0.01	15	12000	中性盘
14:43:48	7.99	-0.01	10	7990	卖盘
14:43:33	8.0	--	18	14640	买盘
14:43:18	8.0	-0.01	1	1360	卖盘
14:43:15	8.01	0.01	30	24030	买盘
14:43:12	8.0	--	20	16000	卖盘
14:43:00	8.0	--	4	3200	卖盘
14:42:51	8.0	--	10	8000	卖盘
14:42:48	8.0	--	6	4800	卖盘
14:42:39	8.0	--	16	12800	卖盘
14:42:36	8.0	--	23	18400	卖盘
14:42:33	8.0	--	5	4000	卖盘
14:42:30	8.0	--	43	34400	卖盘
14:42:18	8.0	--	12	9600	卖盘
14:42:15	8.0	--	10	8000	卖盘
14:42:12	8.0	--	20	16000	卖盘
14:42:06	8.0	--	8	6400	卖盘
14:42:03	8.0	--	30	24000	卖盘
14:42:00	8.0	--	6	4800	卖盘
14:41:57	8.0	--	7	5600	卖盘
14:41:54	8.0	--	23	18640	买盘
14:41:51	8.0	--	8	6960	卖盘
14:41:48	8.0	--	5	4000	卖盘
14:41:36	8.0	--	7	5600	卖盘
14:41:33	8.0	--	1	800	卖盘
14:41:27	8.0	--	6	4800	卖盘
14:41:15	8.0	--	10	8240	买盘
14:41:09	8.0	--	3	2400	买盘
14:41:06	8.0	0.01	19	15200	买盘
14:41:00	7.99	-0.01	1	799	卖盘
14:40:54	8.0	--	6	4800	买盘
14:40:51	8.0	0.01	5	4000	买盘
14:40:45	7.99	--	1	799	卖盘
14:40:39	7.99	-0.01	13	10387	卖盘
14:40:36	8.0	--	116	92800	买盘
14:40:30	8.0	--	22	17600	买盘
14:40:12	8.0	--	10	8000	买盘
14:40:06	8.0	0.01	36	28800	买盘
14:40:00	7.99	-0.01	6	4794	卖盘
14:39:57	8.0	0.01	1	800	买盘
14:39:51	7.99	-0.01	17	13583	卖盘
14:39:12	8.0	--	147	117600	卖盘
14:39:03	8.0	--	7	5600	买盘
14:38:54	8.0	--	8	6400	买盘
14:38:51	8.0	--	50	40000	卖盘
14:38:42	8.0	--	46	36800	卖盘
14:38:33	8.0	--	44	35200	卖盘
14:38:24	8.0	--	9	7200	卖盘
14:38:21	8.0	--	10	8000	卖盘
14:38:12	8.0	--	25	20000	卖盘
14:38:09	8.0	-0.01	3	2400	卖盘
14:38:06	8.01	0.01	2	1602	买盘
14:37:54	8.0	-0.01	2	1600	卖盘
14:37:42	8.01	0.01	21	16821	买盘
14:37:39	8.0	--	1	800	卖盘
14:37:15	8.0	--	34	27200	卖盘
14:37:12	8.0	--	13	10400	卖盘
14:37:03	8.0	--	28	22400	卖盘
14:36:45	8.0	--	4	3200	卖盘
14:36:15	8.0	0.01	46	36800	买盘
14:36:12	7.99	--	30	23970	卖盘
14:35:57	7.99	-0.01	54	43146	卖盘
14:35:51	8.0	--	9	7200	卖盘
14:35:48	8.0	--	1	800	卖盘
14:35:45	8.0	--	17	13600	卖盘
14:35:39	8.0	-0.02	10	8000	卖盘
14:35:24	8.02	0.02	22	17644	买盘
14:35:21	8.0	--	2	1600	买盘
14:35:18	8.0	-0.02	20	16000	卖盘
14:35:00	8.02	0.02	67	53734	买盘
14:34:54	8.0	--	22	17600	卖盘
14:34:51	8.0	--	17	13600	买盘
14:34:48	8.0	-0.02	33	26400	卖盘
14:34:24	8.02	0.02	21	16842	买盘
14:34:00	8.0	-0.01	17	13600	卖盘
14:33:48	8.01	--	2	1602	买盘
14:33:33	8.01	--	16	12816	买盘
14:33:27	8.01	0.01	21	16821	买盘
14:33:15	8.0	--	4	3200	卖盘
14:33:06	8.0	--	7	5600	卖盘
14:33:00	8.0	--	10	8000	买盘
14:32:54	8.0	-0.01	10	8000	卖盘
14:32:48	8.01	--	1	801	买盘
14:32:36	8.01	-0.01	3	2403	中性盘
14:32:27	8.02	--	25	20050	买盘
14:32:24	8.02	0.03	26	20852	买盘
14:32:09	7.99	-0.03	17	13583	卖盘
14:32:06	8.02	--	4	3208	买盘
14:32:03	8.02	0.02	11	8822	买盘
14:31:57	8.0	--	80	64000	卖盘
14:31:42	8.0	--	19	15200	买盘
14:31:36	8.0	--	4	3200	买盘
14:31:30	8.0	-0.02	30	24000	卖盘
14:31:27	8.02	0.01	21	16842	买盘
14:31:12	8.01	0.01	1	801	买盘
14:31:09	8.0	-0.01	5	4000	卖盘
14:31:06	8.01	--	4	3204	买盘
14:30:57	8.01	-0.01	12	9612	中性盘
14:30:36	8.02	--	4	3208	买盘
14:30:27	8.02	0.02	38	30476	买盘
14:30:03	8.0	-0.02	1	800	卖盘
14:29:54	8.02	--	28	22456	买盘
14:29:51	8.02	0.03	5	4010	买盘
14:29:39	7.99	-0.01	38	30362	卖盘
14:29:30	8.0	-0.02	31	24800	卖盘
14:29:24	8.02	--	21	16842	买盘
14:29:06	8.02	--	5	4010	买盘
14:28:57	8.02	0.02	52	41704	买盘
14:28:54	8.0	-0.01	52	41600	卖盘
14:28:42	8.01	--	22	17622	卖盘
14:28:27	8.01	--	41	32841	买盘
14:28:24	8.01	0.01	21	16821	买盘
14:28:06	8.0	-0.01	22	17600	卖盘
14:28:03	8.01	0.01	50	40050	买盘
14:27:51	8.0	--	9	7200	卖盘
14:27:45	8.0	--	6	4800	卖盘
14:27:36	8.0	--	20	16000	卖盘
14:27:33	8.0	-0.01	20	16000	卖盘
14:27:27	8.01	0.01	21	16821	买盘
14:27:21	8.0	--	10	8000	卖盘
14:27:15	8.0	0.01	160	128000	买盘
14:26:51	7.99	--	8	6392	卖盘
14:26:45	7.99	-0.01	2	1598	卖盘
14:26:42	8.0	--	20	16000	买盘
14:26:27	8.0	0.01	21	16800	买盘
14:26:12	7.99	--	9	7191	卖盘
14:26:03	7.99	-0.01	1	799	中性盘
14:25:30	8.0	--	20	16000	买盘
14:25:24	8.0	--	22	17600	买盘
14:25:15	8.0	--	12	9600	买盘
14:24:51	8.0	--	143	114400	卖盘
14:24:39	8.0	--	74	59200	买盘
14:24:36	8.0	--	60	48000	买盘
14:24:27	8.0	0.01	21	16800	买盘
14:23:54	7.99	0.01	10	7990	中性盘
14:23:30	7.98	-0.02	7	5586	卖盘
14:23:24	8.0	0.02	63	50400	买盘
14:23:21	7.98	--	20	15960	卖盘
14:23:18	7.98	--	5	3990	卖盘
14:23:12	7.98	--	9	7182	卖盘
14:23:03	7.98	--	45	35910	卖盘
14:22:51	7.98	--	38	30324	卖盘
14:22:45	7.98	--	5	3990	卖盘
14:22:42	7.98	--	5	3990	卖盘
14:22:36	7.98	--	10	7980	卖盘
14:22:30	7.98	--	23	18354	卖盘
14:22:27	7.98	--	10	7980	卖盘
14:22:24	7.98	--	59	47082	卖盘
14:22:18	7.98	-0.01	32	25536	卖盘
14:22:09	7.99	--	25	19975	卖盘
14:22:06	7.99	--	38	30362	卖盘
14:22:03	7.99	--	16	12784	卖盘
14:21:57	7.99	--	10	7990	卖盘
14:21:51	7.99	--	47	37553	卖盘
14:21:48	7.99	--	12	9588	卖盘
14:21:45	7.99	--	75	59925	卖盘
14:21:42	7.99	--	17	13583	卖盘
14:21:39	7.99	--	40	31960	卖盘
14:21:33	7.99	-0.02	61	48739	卖盘
14:21:24	8.01	0.02	24	19224	买盘
14:21:21	7.99	--	10	7990	卖盘
14:21:18	7.99	--	40	31960	卖盘
14:21:12	7.99	--	17	13583	卖盘
14:20:45	7.99	--	13	10387	卖盘
14:20:42	7.99	--	5	3995	卖盘
14:20:39	7.99	--	9	7191	卖盘
14:20:33	7.99	-0.01	123	98277	卖盘
14:20:27	8.0	-0.01	2	1600	卖盘
14:20:24	8.01	--	27	21627	买盘
14:20:18	8.01	0.01	9	7209	买盘
14:20:15	8.0	-0.01	28	22400	卖盘
14:19:57	8.01	-0.01	19	15219	卖盘
14:19:54	8.02	--	3	2406	买盘
14:19:39	8.02	0.01	51	40902	买盘
14:19:36	8.01	-0.01	60	48060	卖盘
14:19:24	8.02	0.01	21	16842	买盘
14:19:12	8.01	--	41	32841	卖盘
14:19:09	8.01	0.01	56	44856	买盘
14:19:03	8.0	--	5	4000	卖盘
14:19:00	8.0	-0.01	16	12800	卖盘
14:18:54	8.01	--	6	4806	买盘
14:18:51	8.01	0.01	5	4005	买盘
14:18:45	8.0	-0.01	10	8000	卖盘
14:18:27	8.01	0.02	21	16821	买盘
14:18:15	7.99	--	7	5593	卖盘
14:18:00	7.99	-0.01	309	246891	卖盘
14:17:54	8.0	--	18	14400	买盘
14:17:48	8.0	--	4	3200	买盘
14:17:45	8.0	--	5	4000	买盘
14:17:36	8.0	--	3	2400	卖盘
14:17:30	8.0	-0.01	45	36000	卖盘
14:17:24	8.01	0.01	34	27234	买盘
14:17:21	8.0	-0.01	3	2400	卖盘
14:17:18	8.01	0.01	51	40851	买盘
14:17:12	8.0	-0.01	1	800	卖盘
14:17:03	8.01	--	12	9612	买盘
14:16:54	8.01	--	85	68085	卖盘
14:16:45	8.01	--	35	28035	卖盘
14:16:42	8.01	-0.01	20	16020	卖盘
14:16:27	8.02	--	135	108270	卖盘
14:16:24	8.02	--	31	24862	卖盘
14:16:15	8.02	--	100	80200	卖盘
14:16:12	8.02	--	27	21654	卖盘
14:16:09	8.02	--	10	8020	卖盘
14:16:06	8.02	--	25	20050	卖盘
14:16:03	8.02	--	11	8822	卖盘
14:16:00	8.02	--	12	9624	卖盘
14:15:57	8.02	--	10	8020	卖盘
14:15:51	8.02	--	1	802	卖盘
14:15:48	8.02	--	2	1604	卖盘
14:15:42	8.02	-0.01	5	4010	卖盘
14:15:24	8.03	--	21	16863	买盘
14:14:51	8.03	-0.01	19	15256	中性盘
14:14:36	8.04	0.01	130	104519	买盘
14:14:33	8.03	--	20	16059	卖盘
14:14:30	8.03	--	102	81906	卖盘
14:14:27	8.03	-0.01	5	4014	卖盘
14:14:24	8.04	0.01	21	16884	买盘
14:14:06	8.03	--	4	3211	卖盘
14:14:00	8.03	--	2	1605	卖盘
14:13:39	8.03	--	1	802	卖盘
14:13:27	8.03	--	153	122858	卖盘
14:13:00	8.03	--	5	4014	卖盘
14:12:51	8.03	-0.01	50	40150	卖盘
14:12:24	8.04	0.01	21	16884	买盘
14:12:21	8.03	--	11	8833	卖盘
14:12:12	8.03	-0.01	20	16059	卖盘
14:12:00	8.04	0.01	47	37787	买盘
14:11:51	8.03	--	3	2409	卖盘
14:11:39	8.03	--	10	8029	卖盘
14:11:33	8.03	--	30	24089	卖盘
14:11:30	8.03	-0.01	20	16059	卖盘
14:11:24	8.04	0.01	21	16884	买盘
14:11:12	8.03	-0.01	10	8029	卖盘
14:11:09	8.04	0.01	53	42611	买盘
14:10:57	8.03	--	11	8833	卖盘
14:10:51	8.03	--	30	24089	卖盘
14:10:39	8.03	--	18	14453	卖盘
14:10:36	8.03	-0.01	3	2409	卖盘
14:10:33	8.04	0.01	89	71555	买盘
14:10:30	8.03	--	71	57012	买盘
14:10:27	8.03	0.01	50	40150	买盘
14:10:24	8.02	-0.01	128	102656	卖盘
14:10:21	8.03	--	30	24089	买盘
14:10:15	8.03	--	6	4818	买盘
14:10:06	8.03	--	106	85118	买盘
14:10:03	8.03	--	29	23286	买盘
14:09:42	8.03	--	16	12847	买盘
14:09:39	8.03	--	33	26498	买盘
14:09:36	8.03	--	5	4014	买盘
14:09:24	8.03	--	21	16863	买盘
14:09:06	8.03	0.01	5	4014	买盘
14:08:57	8.02	-0.01	6	4812	卖盘
14:08:51	8.03	--	4	3211	买盘
14:08:48	8.03	--	10	8029	买盘
14:08:45	8.03	--	40	32119	买盘
14:08:33	8.03	--	5	4014	买盘
14:08:27	8.03	-0.01	112	89936	卖盘
14:08:24	8.04	0.01	28	22511	买盘
14:08:18	8.03	--	15	12044	卖盘
14:08:15	8.03	-0.01	8	6423	卖盘
14:08:12	8.04	0.01	44	35375	买盘
14:08:09	8.03	--	50	40150	卖盘
14:08:03	8.03	-0.01	16	12847	卖盘
14:07:54	8.04	--	6	4823	买盘
14:07:51	8.04	0.01	5	4019	买盘
14:07:39	8.03	-0.01	10	8029	卖盘
14:07:36	8.04	--	50	40199	买盘
14:07:27	8.04	--	50	40199	买盘
14:07:24	8.04	0.01	23	18491	买盘
14:07:18	8.03	-0.01	10	8029	卖盘
14:07:12	8.04	0.01	6	4823	买盘
14:07:09	8.03	-0.01	10	8029	卖盘
14:07:06	8.04	--	2	1607	买盘
14:06:54	8.04	--	2	1607	买盘
14:06:51	8.04	0.01	5	4019	买盘
14:06:48	8.03	--	10	8029	卖盘
14:06:42	8.03	-0.01	11	8833	卖盘
14:06:39	8.04	0.01	20	16079	买盘
14:06:33	8.03	-0.01	10	8029	卖盘
14:06:30	8.04	--	30	24119	买盘
14:06:27	8.04	0.01	12	9647	买盘
14:06:24	8.03	-0.01	5	4014	卖盘
14:06:21	8.04	--	11	8843	买盘
14:06:09	8.04	0.01	255	205019	买盘
14:06:03	8.03	--	36	28907	买盘
14:05:57	8.03	--	28	22484	买盘
14:05:54	8.03	--	337	270611	买盘
14:05:39	8.03	--	60	48179	买盘
14:05:36	8.03	0.01	5	4014	买盘
14:05:30	8.02	-0.01	150	120300	卖盘
14:05:24	8.03	0.01	31	24892	买盘
14:05:21	8.02	-0.01	30	24060	卖盘
14:05:06	8.03	0.01	2	1605	买盘
14:04:51	8.02	-0.01	19	15238	卖盘
14:04:48	8.03	--	6	4818	买盘
14:04:45	8.03	--	2	1605	买盘
14:04:39	8.03	0.01	3	2409	买盘
14:04:36	8.02	--	6	4812	卖盘
14:04:27	8.02	-0.01	206	165212	卖盘
14:04:24	8.03	0.01	31	24892	买盘
14:04:18	8.02	--	17	13634	卖盘
14:04:15	8.02	--	100	80200	卖盘
14:04:09	8.02	--	20	16040	卖盘
14:04:03	8.02	-0.01	2	1604	卖盘
14:03:39	8.03	--	40	32119	卖盘
14:03:33	8.03	--	1	802	卖盘
14:03:30	8.03	--	27	21681	卖盘
14:03:27	8.03	--	103	82709	卖盘
14:03:24	8.03	0.01	95	76285	买盘
14:03:21	8.02	-0.01	2	1604	卖盘
14:03:18	8.03	--	45	36135	买盘
14:03:15	8.03	--	2	1605	买盘
14:03:09	8.03	--	37	29710	买盘
14:03:06	8.03	--	73	58618	买盘
14:03:00	8.03	--	2	1605	买盘
14:02:45	8.03	0.01	130	104389	买盘
14:02:39	8.02	-0.01	100	80200	卖盘
14:02:33	8.03	--	13	10439	买盘
14:02:27	8.03	0.01	10	8029	买盘
14:02:24	8.02	--	7	5614	卖盘
14:02:15	8.02	--	50	40100	卖盘
14:02:12	8.02	-0.01	83	66566	卖盘
14:02:06	8.03	0.01	10	8029	买盘
14:02:03	8.02	--	5	4010	卖盘
14:02:00	8.02	--	50	40100	卖盘
14:01:54	8.02	--	143	114686	买盘
14:01:48	8.02	0.01	210	168420	买盘
14:01:39	8.01	--	50	40050	卖盘
14:01:33	8.01	-0.01	5	4005	卖盘
14:01:24	8.02	0.01	33	26466	买盘
14:01:21	8.01	--	30	24030	买盘
14:01:12	8.01	0.01	32	25632	买盘
14:01:03	8.0	--	111	88800	卖盘
14:00:51	8.0	0.01	393	314800	买盘
14:00:45	7.99	--	100	79900	卖盘
14:00:33	7.99	--	206	164594	买盘
14:00:27	7.99	--	29	23171	买盘
14:00:24	7.99	0.01	30	23970	买盘
14:00:18	7.98	-0.01	7	5586	卖盘
14:00:15	7.99	--	20	15980	买盘
14:00:12	7.99	--	16	12784	买盘
13:59:54	7.99	--	5	3995	买盘
13:59:51	7.99	--	2	1598	买盘
13:59:45	7.99	-0.01	9	7191	中性盘
13:59:36	8.0	--	2	1600	买盘
13:58:57	8.0	0.03	30	24000	买盘
13:58:48	7.97	0.01	3	2391	买盘
13:58:45	7.96	-0.01	7	5572	卖盘
13:58:39	7.97	--	20	15940	买盘
13:58:33	7.97	--	4	3188	买盘
13:58:30	7.97	-0.01	885	705568	卖盘
13:58:27	7.98	0.01	1	798	买盘
13:58:15	7.97	-0.01	30	23910	卖盘
13:58:00	7.98	-0.01	119	95057	卖盘
13:57:57	7.99	--	2	1598	买盘
13:57:51	7.99	--	10	7990	买盘
13:57:45	7.99	--	2	1598	买盘
13:57:42	7.99	-0.01	30	23970	卖盘
13:57:36	8.0	--	6	4800	买盘
13:57:30	8.0	--	2	1600	买盘
13:57:24	8.0	--	5	4000	买盘
13:57:18	8.0	--	12	9600	买盘
13:57:15	8.0	--	15	12000	买盘
13:57:06	8.0	--	1	800	买盘
13:57:03	8.0	--	3	2400	买盘
13:56:54	8.0	--	6	4800	买盘
13:56:51	8.0	--	62	49600	买盘
13:56:33	8.0	--	7	5600	买盘
13:56:27	8.0	0.02	57	45600	买盘
13:56:06	7.98	-0.01	36	28728	卖盘
13:55:54	7.99	0.01	5	3995	买盘
13:55:51	7.98	--	81	65340	买盘
13:55:48	7.98	--	57	45486	买盘
13:55:39	7.98	--	17	13566	买盘
13:55:12	7.98	-0.01	60	47975	卖盘
13:55:03	7.99	0.01	12	9588	买盘
13:55:00	7.98	-0.01	6	4788	卖盘
13:54:54	7.99	--	52	41548	卖盘
13:54:51	7.99	--	30	23970	卖盘
13:54:45	7.99	--	24	19176	卖盘
13:54:39	7.99	--	23	18377	买盘
13:54:30	7.99	--	37	29563	买盘
13:54:15	7.99	--	30	23970	买盘
13:54:06	7.99	0.01	2	1598	买盘
13:53:54	7.98	--	64	51072	卖盘
13:53:39	7.98	--	300	239400	卖盘
13:53:36	7.98	-0.01	18	14364	卖盘
13:53:18	7.99	0.01	56	44744	买盘
13:53:03	7.98	-0.01	1	798	卖盘
13:52:54	7.99	--	6	4794	买盘
13:52:51	7.99	--	22	17578	买盘
13:52:15	7.99	--	9	7191	买盘
13:52:12	7.99	--	28	22372	买盘
13:52:06	7.99	-0.01	108	86292	卖盘
13:52:03	8.0	0.01	30	24000	买盘
13:52:00	7.99	-0.01	20	15980	卖盘
13:51:42	8.0	--	37	29600	买盘
13:51:33	8.0	--	100	80000	买盘
13:51:24	8.0	--	33	26400	买盘
13:51:15	8.0	--	56	44800	买盘
13:51:12	8.0	0.01	128	102400	买盘
13:51:03	7.99	--	3	2397	卖盘
13:51:00	7.99	--	5	3995	卖盘
13:50:57	7.99	--	25	19975	卖盘
13:50:51	7.99	--	20	15980	卖盘
13:50:27	7.99	-0.01	11	8789	卖盘
13:50:24	8.0	0.01	2	1600	买盘
13:50:09	7.99	--	46	36754	买盘
13:50:06	7.99	--	10	7990	买盘
13:50:00	7.99	--	61	48739	买盘
13:49:51	7.99	--	89	71111	买盘
13:49:33	7.99	--	12	9588	买盘
13:48:51	7.99	0.01	31	24769	买盘
13:48:45	7.98	--	20	15960	卖盘
13:48:42	7.98	--	14	11172	卖盘
13:48:36	7.98	--	13	10374	卖盘
13:48:24	7.98	-0.01	20	15960	卖盘
13:48:21	7.99	0.01	10	7990	买盘
13:48:15	7.98	--	3	2394	卖盘
13:48:06	7.98	-0.01	25	19950	卖盘
13:48:00	7.99	--	20	15980	买盘
13:47:51	7.99	--	22	17578	买盘
13:47:42	7.99	0.01	2	1598	买盘
13:47:36	7.98	-0.01	18	14364	卖盘
13:47:06	7.99	--	1	799	买盘
13:47:03	7.99	--	60	47940	买盘
13:46:51	7.99	-0.01	37	29563	卖盘
13:46:45	8.0	0.01	2	1600	买盘
13:46:42	7.99	-0.01	1	799	卖盘
13:46:36	8.0	--	34	27200	买盘
13:46:27	8.0	--	53	42400	买盘
13:46:06	8.0	--	52	41600	买盘
13:45:57	8.0	0.02	53	42400	买盘
13:45:54	7.98	-0.02	66	52668	卖盘
13:45:51	8.0	0.01	5	4000	买盘
13:45:48	7.99	--	5	3995	卖盘
13:45:45	7.99	--	14	11186	卖盘
13:45:42	7.99	--	35	27965	卖盘
13:45:36	7.99	--	66	52734	买盘
13:45:33	7.99	--	20	15980	买盘
13:45:18	7.99	0.01	60	47940	买盘
13:45:15	7.98	--	28	22344	卖盘
13:45:03	7.98	-0.01	40	31920	卖盘
13:45:00	7.99	0.01	30	23970	买盘
13:44:57	7.98	-0.01	20	15960	卖盘
13:44:54	7.99	0.01	2	1598	买盘
13:44:51	7.98	-0.01	1	798	卖盘
13:44:48	7.99	--	44	35156	买盘
13:44:42	7.99	--	6	4794	买盘
13:44:39	7.99	--	5	3995	买盘
13:44:33	7.99	0.01	5	3995	买盘
13:44:30	7.98	--	15	11970	卖盘
13:44:24	7.98	-0.02	71	56658	卖盘
13:44:21	8.0	0.01	130	104000	买盘
13:44:18	7.99	--	5	3995	买盘
13:44:12	7.99	0.01	12	9588	买盘
13:44:09	7.98	-0.01	37	29526	卖盘
13:44:06	7.99	0.01	15	11985	买盘
13:44:00	7.98	-0.01	18	14364	卖盘
13:43:57	7.99	0.01	10	7990	买盘
13:43:54	7.98	-0.01	50	39900	卖盘
13:43:48	7.99	0.01	20	15980	买盘
13:43:42	7.98	--	9	7182	卖盘
13:43:36	7.98	--	5	3990	卖盘
13:43:33	7.98	--	19	15162	卖盘
13:43:27	7.98	--	5	3990	卖盘
13:43:12	7.98	--	130	103740	卖盘
13:43:09	7.98	-0.01	93	74214	卖盘
13:43:06	7.99	0.01	2	1598	买盘
13:42:57	7.98	-0.01	16	12768	卖盘
13:42:51	7.99	0.01	1	799	买盘
13:42:48	7.98	--	5	3990	卖盘
13:42:39	7.98	--	4	3192	卖盘
13:42:27	7.98	-0.01	13	10374	卖盘
13:42:15	7.99	--	398	318002	卖盘
13:42:06	7.99	--	117	93483	卖盘
13:41:57	7.99	-0.01	15	11985	卖盘
13:41:15	8.0	0.01	2	1600	买盘
13:41:00	7.99	-0.01	20	15980	卖盘
13:40:54	8.0	--	6	4800	买盘
13:40:39	8.0	--	46	36800	买盘
13:40:27	8.0	--	29	23200	买盘
13:40:09	8.0	--	5	4000	买盘
13:40:06	8.0	0.01	36	28800	买盘
13:39:48	7.99	--	3	2397	卖盘
13:39:33	7.99	-0.01	10	7990	卖盘
13:39:24	8.0	--	2	1600	买盘
13:39:12	8.0	0.01	200	160000	买盘
13:39:09	7.99	--	5	3995	卖盘
13:39:00	7.99	--	22	17578	卖盘
13:38:51	7.99	-0.01	50	39950	卖盘
13:38:48	8.0	--	8	6400	买盘
13:38:33	8.0	--	12	9600	买盘
13:38:30	8.0	--	52	41600	买盘
13:38:12	8.0	--	10	8000	买盘
13:37:57	8.0	--	52	41600	买盘
13:37:54	8.0	--	5	4000	买盘
13:37:51	8.0	--	53	42400	买盘
13:37:48	8.0	--	51	40800	买盘
13:37:42	8.0	0.01	180	144000	买盘
13:37:39	7.99	-0.01	3	2397	卖盘
13:37:36	8.0	0.01	2	1600	买盘
13:37:33	7.99	-0.01	30	23970	卖盘
13:37:30	8.0	--	2	1600	买盘
13:37:27	8.0	--	44	35200	买盘
13:37:24	8.0	0.01	32	25600	买盘
13:37:18	7.99	--	44	35156	买盘
13:37:15	7.99	--	10	7990	买盘
13:37:12	7.99	--	100	79900	买盘
13:37:09	7.99	--	120	95880	买盘
13:37:03	7.99	--	62	49538	买盘
13:37:00	7.99	--	100	79900	买盘
13:36:39	7.99	0.01	2	1598	买盘
13:36:36	7.98	-0.01	27	21546	卖盘
13:36:27	7.99	0.01	57	45543	买盘
13:36:12	7.98	-0.01	40	31920	卖盘
13:36:09	7.99	0.01	47	37553	买盘
13:36:03	7.98	--	10	7980	卖盘
13:35:54	7.98	-0.01	16	12768	卖盘
13:35:45	7.99	--	2	1598	买盘
13:35:39	7.99	0.01	40	31960	买盘
13:35:27	7.98	--	18	14364	卖盘
13:35:24	7.98	-0.01	9	7182	卖盘
13:35:18	7.99	--	21	16779	买盘
13:35:15	7.99	--	12	9588	买盘
13:35:09	7.99	0.01	7	5593	买盘
13:34:54	7.98	-0.01	12	9576	卖盘
13:34:51	7.99	--	5	3995	买盘
13:34:48	7.99	0.01	30	23970	买盘
13:34:42	7.98	--	7	5586	卖盘
13:34:39	7.98	--	45	35910	卖盘
13:34:33	7.98	--	13	10374	卖盘
13:34:30	7.98	--	23	18354	卖盘
13:34:15	7.98	--	20	15960	卖盘
13:34:09	7.98	--	30	23940	卖盘
13:34:06	7.98	--	2	1596	卖盘
13:34:03	7.98	-0.01	11	8778	卖盘
13:33:54	7.99	0.01	2	1598	买盘
13:33:51	7.98	--	6	4788	卖盘
13:33:45	7.98	--	3	2394	卖盘
13:33:42	7.98	--	186	148428	卖盘
13:33:36	7.98	--	9	7182	卖盘
13:32:51	7.98	-0.01	6	4788	卖盘
13:32:42	7.99	0.01	20	15980	买盘
13:32:21	7.98	-0.01	25	19950	卖盘
13:32:15	7.99	--	5	3995	买盘
13:32:03	7.99	0.01	2	1598	买盘
13:32:00	7.98	-0.01	21	16758	卖盘
13:31:57	7.99	--	92	73508	买盘
13:31:54	7.99	--	6	4794	卖盘
13:31:51	7.99	--	16	12784	卖盘
13:31:39	7.99	-0.01	10	7990	卖盘
13:31:30	8.0	0.01	4	3200	买盘
13:31:27	7.99	--	102	81498	卖盘
13:31:24	7.99	--	3	2397	卖盘
13:31:15	7.99	-0.01	4	3196	卖盘
13:31:09	8.0	0.01	1	800	买盘
13:31:06	7.99	--	1	799	卖盘
13:31:03	7.99	-0.01	6	4794	卖盘
13:31:00	8.0	0.01	16	12800	买盘
13:30:57	7.99	--	17	13583	卖盘
13:30:51	7.99	--	60	47940	卖盘
13:30:42	7.99	--	40	31960	卖盘
13:30:39	7.99	--	4	3196	卖盘
13:30:27	7.99	--	66	52734	卖盘
13:30:21	7.99	--	100	79900	卖盘
13:30:15	7.99	--	7	5593	卖盘
13:30:09	7.99	0.01	41	32759	买盘
13:29:57	7.98	-0.01	6	4788	卖盘
13:29:48	7.99	0.01	25	19975	买盘
13:29:27	7.98	-0.01	1	798	卖盘
13:29:18	7.99	0.01	1	799	买盘
13:29:15	7.98	--	5	3990	卖盘
13:29:03	7.98	-0.01	50	39900	卖盘
13:28:57	7.99	--	4	3196	买盘
13:28:27	7.99	--	4	3196	买盘
13:28:24	7.99	0.01	2	1598	买盘
13:28:12	7.98	-0.02	5	3990	卖盘
13:27:57	8.0	0.01	72	57600	买盘
13:27:51	7.99	-0.01	12	9588	卖盘
13:27:33	8.0	--	12	9600	买盘
13:27:30	8.0	--	8	6400	买盘
13:27:27	8.0	0.01	214	171200	买盘
13:27:15	7.99	--	18	14382	卖盘
13:27:12	7.99	-0.01	5	3995	卖盘
13:27:06	8.0	0.01	45	36000	买盘
13:27:03	7.99	--	16	12784	卖盘
13:26:57	7.99	--	2	1598	卖盘
13:26:51	7.99	--	17	13583	卖盘
13:26:45	7.99	--	5	3995	卖盘
13:26:42	7.99	--	12	9588	卖盘
13:26:39	7.99	--	16	12784	买盘
13:26:36	7.99	--	5	3995	买盘
13:26:33	7.99	--	4	3196	买盘
13:26:30	7.99	--	21	16779	买盘
13:26:18	7.99	0.01	80	63920	买盘
13:26:12	7.98	-0.01	5	3990	卖盘
13:25:57	7.99	--	26	20774	买盘
13:25:48	7.99	--	10	7990	买盘
13:25:36	7.99	--	31	24769	买盘
13:25:27	7.99	--	6	4794	买盘
13:25:18	7.99	--	15	11985	买盘
13:25:12	7.99	0.01	7	5593	买盘
13:25:06	7.98	-0.01	64	51072	卖盘
13:24:45	7.99	--	2	1598	买盘
13:24:36	7.99	--	10	7990	买盘
13:24:21	7.99	0.01	6	4794	买盘
13:24:12	7.98	--	10	7980	卖盘
13:24:09	7.98	-0.01	5	3990	卖盘
13:23:54	7.99	--	6	4794	买盘
13:23:51	7.99	0.01	5	3995	买盘
13:23:15	7.98	--	5	3990	卖盘
13:23:09	7.98	-0.01	5	3990	卖盘
13:22:54	7.99	--	2	1598	买盘
13:22:42	7.99	--	45	35955	买盘
13:22:36	7.99	--	10	7990	买盘
13:22:21	7.99	--	61	48739	卖盘
13:22:18	7.99	--	2	1598	卖盘
13:22:09	7.99	--	5	3995	卖盘
13:22:03	7.99	--	50	39950	卖盘
13:21:39	7.99	-0.01	20	15980	卖盘
13:21:30	8.0	0.01	38	30400	买盘
13:21:27	7.99	-0.01	86	68714	卖盘
13:21:09	8.0	--	25	20000	买盘
13:21:03	8.0	--	2	1600	买盘
13:20:51	8.0	--	7	5600	买盘
13:20:48	8.0	0.01	2	1600	买盘
13:20:45	7.99	--	50	39950	卖盘
13:20:15	7.99	--	17	13583	卖盘
13:20:09	7.99	-0.01	5	3995	卖盘
13:19:57	8.0	--	11	8800	买盘
13:19:21	8.0	--	4	3200	买盘
13:19:15	8.0	--	2	1600	买盘
13:19:09	8.0	0.01	23	18400	买盘
13:19:06	7.99	--	5	3995	卖盘
13:18:36	7.99	0.01	29	23171	买盘
13:18:33	7.98	--	8	6384	卖盘
13:18:06	7.98	--	5	3990	卖盘
13:17:51	7.98	-0.01	5	3990	卖盘
13:17:42	7.99	--	38	30362	买盘
13:17:39	7.99	0.01	20	15980	买盘
13:17:33	7.98	-0.01	1	798	卖盘
13:17:24	7.99	0.01	2	1598	买盘
13:17:06	7.98	--	8	6384	卖盘
13:16:57	7.98	-0.01	1	798	卖盘
13:16:45	7.99	0.01	4	3196	买盘
13:16:42	7.98	-0.01	29	23142	卖盘
13:16:36	7.99	--	10	7990	买盘
13:16:33	7.99	0.01	12	9588	买盘
13:16:30	7.98	--	4	3192	卖盘
13:15:57	7.98	-0.01	130	103740	卖盘
13:15:54	7.99	--	18	14382	买盘
13:15:45	7.99	--	10	7990	买盘
13:15:39	7.99	--	10	7990	买盘
13:15:33	7.99	--	56	44744	卖盘
13:15:21	7.99	--	1	799	卖盘
13:15:12	7.99	--	5	3995	卖盘
13:15:06	7.99	--	8	6392	卖盘
13:14:54	7.99	-0.01	2	1598	卖盘
13:14:51	8.0	0.01	50	40000	买盘
13:14:33	7.99	-0.01	1	799	卖盘
13:14:30	8.0	0.01	18	14400	买盘
13:14:24	7.99	--	50	39950	卖盘
13:14:12	7.99	-0.01	5	3995	中性盘
13:14:03	8.0	--	10	8000	买盘
13:14:00	8.0	0.01	80	64000	买盘
13:13:57	7.99	-0.01	10	7990	卖盘
13:13:45	8.0	0.01	2	1600	买盘
13:13:33	7.99	--	30	23970	卖盘
13:13:09	7.99	--	82	65518	卖盘
13:13:03	7.99	--	7	5593	卖盘
13:13:00	7.99	-0.01	3	2397	卖盘
13:12:54	8.0	--	6	4800	买盘
13:12:51	8.0	0.01	5	4000	买盘
13:12:36	7.99	--	14	11186	卖盘
13:12:03	7.99	--	5	3995	卖盘
13:12:00	7.99	-0.01	1	799	卖盘
13:11:54	8.0	--	2	1600	买盘
13:11:48	8.0	0.01	50	40000	买盘
13:11:45	7.99	--	100	79900	买盘
13:11:39	7.99	--	88	70312	卖盘
13:11:30	7.99	-0.01	1	799	卖盘
13:11:12	8.0	--	10	8000	买盘
13:11:06	8.0	--	9	7200	买盘
13:11:03	8.0	--	3	2400	买盘
13:10:24	8.0	--	5	4000	买盘
13:10:03	8.0	0.01	2	1600	买盘
13:09:33	7.99	--	2	1598	卖盘
13:09:15	7.99	--	10	7990	卖盘
13:08:48	7.99	-0.01	10	7990	卖盘
13:08:15	8.0	0.01	2	1600	买盘
13:08:06	7.99	0.01	20	15980	卖盘
13:07:45	7.98	-0.02	22	17556	卖盘
13:07:39	8.0	--	17	13600	买盘
13:07:30	8.0	0.01	10	8000	买盘
13:07:27	7.99	--	19	15181	卖盘
13:07:21	7.99	-0.01	50	39950	卖盘
13:07:15	8.0	--	20	16000	买盘
13:06:30	8.0	--	3	2400	买盘
13:06:24	8.0	0.01	2	1600	买盘
13:06:06	7.99	-0.01	36	28764	卖盘
13:05:45	8.0	0.01	39	31200	买盘
13:05:30	7.99	--	4	3196	卖盘
13:05:27	7.99	--	30	23970	卖盘
13:05:21	7.99	--	1	799	卖盘
13:05:15	7.99	0.01	94	75809	买盘
13:05:03	7.98	-0.01	30	23940	卖盘
13:04:57	7.99	--	6	4794	买盘
13:04:54	7.99	--	140	111860	买盘
13:04:48	7.99	0.01	15	11985	买盘
13:04:45	7.98	-0.01	30	23940	卖盘
13:04:33	7.99	0.01	2	1598	买盘
13:04:27	7.98	--	30	23940	中性盘
13:04:18	7.98	--	20	15960	买盘
13:04:09	7.98	-0.01	5	3990	卖盘
13:04:06	7.99	--	8	6392	买盘
13:03:48	7.99	0.01	5	3995	买盘
13:03:42	7.98	--	10	7980	卖盘
13:03:27	7.98	--	16	12768	卖盘
13:03:18	7.98	--	50	39900	卖盘
13:03:12	7.98	--	8	6384	卖盘
13:02:45	7.98	--	36	28728	买盘
13:02:24	7.98	--	2	1596	买盘
13:02:18	7.98	--	10	7980	买盘
13:01:54	7.98	--	6	4788	买盘
13:01:51	7.98	--	27	21546	买盘
13:01:39	7.98	0.01	2	1596	买盘
13:01:36	7.97	--	10	7970	卖盘
13:01:33	7.97	-0.01	1	797	卖盘
13:01:24	7.98	--	10	7980	买盘
13:01:15	7.98	0.01	5	3990	买盘
13:01:09	7.97	--	8	6376	卖盘
13:00:54	7.97	--	50	39850	卖盘
13:00:51	7.97	--	17	13549	卖盘
13:00:48	7.97	-0.01	17	13549	卖盘
13:00:42	7.98	0.01	4	3192	买盘
13:00:39	7.97	--	25	19925	卖盘
13:00:21	7.97	--	23	18331	卖盘
13:00:09	7.97	-0.02	79	62963	卖盘
13:00:06	7.99	--	27	21573	买盘
13:00:03	7.99	0.02	179	143021	买盘
13:00:00	7.97	--	0	0	卖盘
11:30:00	7.97	-0.02	8	6376	卖盘
11:29:15	7.99	--	10	7990	买盘
11:29:12	7.99	--	2	1598	买盘
11:29:09	7.99	--	20	15980	买盘
11:28:33	7.99	--	10	7990	买盘
11:28:27	7.99	0.02	7	5593	买盘
11:28:24	7.97	--	1	797	卖盘
11:28:12	7.97	--	2	1594	卖盘
11:28:06	7.97	--	20	15940	卖盘
11:27:42	7.97	--	100	79700	卖盘
11:27:36	7.97	--	40	32453	卖盘
11:27:24	7.97	--	41	32677	卖盘
11:27:15	7.97	--	19	15143	卖盘
11:27:12	7.97	--	39	31083	卖盘
11:27:03	7.97	-0.02	39	31083	卖盘
11:26:48	7.99	0.02	10	7990	买盘
11:26:33	7.97	-0.02	12	9564	卖盘
11:26:27	7.99	0.02	106	84694	买盘
11:26:18	7.97	-0.01	7	5579	卖盘
11:26:06	7.98	--	3	2394	卖盘
11:26:00	7.98	--	10	7980	卖盘
11:25:51	7.98	--	1	798	卖盘
11:25:48	7.98	--	1	798	卖盘
11:25:45	7.98	--	3	2394	中性盘
11:25:33	7.98	--	2	1596	买盘
11:25:30	7.98	--	13	10374	买盘
11:25:24	7.98	--	4	3192	买盘
11:25:03	7.98	--	10	7980	买盘
11:24:51	7.98	--	11	8778	买盘
11:24:45	7.98	--	5	3990	买盘
11:24:39	7.98	--	2	1596	买盘
11:24:30	7.98	--	8	6384	买盘
11:24:12	7.98	--	31	24738	卖盘
11:24:09	7.98	--	12	9576	卖盘
11:23:48	7.98	-0.01	1	798	中性盘
11:23:42	7.99	0.01	41	32759	买盘
11:23:36	7.98	--	2	1596	买盘
11:23:27	7.98	--	13	10374	卖盘
11:23:18	7.98	0.01	7	5586	卖盘
11:23:09	7.97	-0.01	39	31083	卖盘
11:23:03	7.98	--	3	2394	买盘
11:22:57	7.98	--	26	20748	买盘
11:22:45	7.98	--	34	27132	卖盘
11:22:24	7.98	--	5	3990	卖盘
11:22:15	7.98	--	17	13893	卖盘
11:22:12	7.98	0.01	10	7980	中性盘
11:22:00	7.97	--	32	25504	卖盘
11:21:54	7.97	--	12	9564	卖盘
11:21:42	7.97	-0.01	356	283732	卖盘
11:21:30	7.98	0.01	42	33516	买盘
11:21:27	7.97	-0.01	10	7970	卖盘
11:21:24	7.98	0.01	40	31920	买盘
11:20:57	7.97	--	10	7970	买盘
11:20:54	7.97	--	6	4782	买盘
11:20:51	7.97	--	5	3985	买盘
11:20:45	7.97	--	3	2391	卖盘
11:20:24	7.97	0.01	47	37459	买盘
11:20:21	7.96	-0.01	3	2388	卖盘
11:20:15	7.97	--	33	26301	卖盘
11:20:06	7.97	--	19	15143	买盘
11:20:03	7.97	--	12	9564	买盘
11:19:57	7.97	--	13	10361	买盘
11:19:51	7.97	0.01	3	2391	买盘
11:19:48	7.96	-0.01	3	2388	卖盘
11:19:36	7.97	--	2	1594	买盘
11:19:27	7.97	0.01	163	129911	中性盘
11:18:51	7.96	--	2	1592	卖盘
11:18:48	7.96	-0.03	622	495112	卖盘
11:18:39	7.99	--	2	1598	买盘
11:18:33	7.99	--	3	2397	买盘
11:18:12	7.99	0.03	2	1598	买盘
11:18:09	7.96	-0.01	83	66068	卖盘
11:18:06	7.97	--	41	32677	买盘
11:18:03	7.97	--	4	3188	买盘
11:17:57	7.97	-0.01	37	29504	卖盘
11:17:54	7.98	0.01	0	782	买盘
11:17:45	7.97	--	122	97234	卖盘
11:17:39	7.97	-0.01	39	31083	卖盘
11:17:33	7.98	0.01	93	74214	买盘
11:17:27	7.97	-0.01	43	34271	卖盘
11:17:24	7.98	0.01	129	102942	买盘
11:17:21	7.97	--	122	97234	卖盘
11:17:15	7.97	--	9	7173	卖盘
11:17:09	7.97	-0.01	39	31083	中性盘
11:17:03	7.98	0.01	120	95760	买盘
11:16:57	7.97	--	32	25504	卖盘
11:16:51	7.97	--	42	33474	卖盘
11:16:33	7.97	--	39	31083	卖盘
11:16:30	7.97	-0.01	12	9564	卖盘
11:16:24	7.98	--	2	1596	买盘
11:16:12	7.98	0.02	1	798	买盘
11:15:54	7.96	-0.01	134	106664	卖盘
11:15:39	7.97	--	4	3188	买盘
11:15:24	7.97	--	12	9564	卖盘
11:15:21	7.97	--	46	36662	卖盘
11:15:12	7.97	--	43	34271	买盘
11:15:00	7.97	--	1	797	买盘
11:14:48	7.97	0.01	13	10361	买盘
11:14:36	7.96	-0.01	30	23880	卖盘
11:14:33	7.97	--	22	17534	买盘
11:14:27	7.97	--	62	49414	买盘
11:14:24	7.97	--	13	10361	买盘
11:13:57	7.97	0.01	61	48617	买盘
11:13:51	7.96	--	20	15920	卖盘
11:13:30	7.96	--	10	7960	卖盘
11:13:24	7.96	-0.01	86	68456	卖盘
11:13:00	7.97	-0.01	36	28899	卖盘
11:12:42	7.98	0.01	2	1596	买盘
11:12:33	7.97	--	39	31083	卖盘
11:12:24	7.97	--	3	2391	卖盘
11:12:18	7.97	--	39	31083	卖盘
11:12:03	7.97	--	43	34271	卖盘
11:12:00	7.97	--	12	9564	卖盘
11:11:54	7.97	--	20	15940	卖盘
11:11:45	7.97	--	39	31083	卖盘
11:11:42	7.97	--	50	39850	卖盘
11:11:39	7.97	--	5	3985	卖盘
11:11:36	7.97	--	5	3985	卖盘
11:11:18	7.97	--	1	797	卖盘
11:11:06	7.97	-0.01	50	39850	卖盘
11:10:54	7.98	0.01	2	1596	买盘
11:10:27	7.97	--	1	797	卖盘
11:10:06	7.97	--	4	3188	卖盘
11:10:03	7.97	-0.01	100	79700	卖盘
11:09:54	7.98	--	6	4788	买盘
11:09:51	7.98	--	5	3990	买盘
11:09:36	7.98	0.01	3	2394	买盘
11:09:33	7.97	--	5	3985	卖盘
11:09:24	7.97	-0.01	1	797	卖盘
11:09:03	7.98	--	2	1596	买盘
11:08:51	7.98	--	13	10374	买盘
11:08:42	7.98	--	6	4788	买盘
11:08:39	7.98	--	48	38304	买盘
11:08:21	7.98	0.01	37	29526	买盘
11:08:15	7.97	-0.01	37	29489	卖盘
11:08:12	7.98	--	39	31521	卖盘
11:08:09	7.98	--	51	40698	卖盘
11:08:00	7.98	--	39	31122	卖盘
11:07:42	7.98	-0.01	39	31122	卖盘
11:07:24	7.99	--	1	799	买盘
11:07:12	7.99	0.01	2	1598	买盘
11:07:09	7.98	--	13	10374	卖盘
11:06:57	7.98	--	38	30324	卖盘
11:06:51	7.98	--	10	7980	卖盘
11:06:30	7.98	0.01	77	61446	买盘
11:06:27	7.97	-0.01	3	2391	卖盘
11:05:57	7.98	--	50	39900	买盘
11:05:36	7.98	--	1	798	买盘
11:05:24	7.98	0.01	2	1596	买盘
11:04:24	7.97	-0.01	46	37339	卖盘
11:04:18	7.98	0.01	1	798	买盘
11:04:15	7.97	-0.01	339	270390	卖盘
11:03:54	7.98	--	1	798	买盘
11:03:45	7.98	--	4	3192	买盘
11:03:33	7.98	0.01	2	1596	买盘
11:03:21	7.97	-0.01	15	11955	卖盘
11:03:18	7.98	-0.01	50	39900	中性盘
11:02:57	7.99	--	11	8789	买盘
11:02:48	7.99	0.02	53	42347	买盘
11:02:45	7.97	--	5	3985	卖盘
11:02:36	7.97	--	10	7970	卖盘
11:02:30	7.97	--	1	797	卖盘
11:02:24	7.97	--	200	159400	卖盘
11:01:57	7.97	-0.02	9	7173	卖盘
11:01:54	7.99	0.02	19	15181	买盘
11:01:51	7.97	-0.01	28	22316	卖盘
11:01:42	7.98	--	2	1596	买盘
11:01:39	7.98	--	47	37506	买盘
11:01:33	7.98	--	40	31920	卖盘
11:01:30	7.98	0.01	59	47082	中性盘
11:01:12	7.97	--	60	47820	卖盘
11:01:03	7.97	--	36	28692	卖盘
11:00:54	7.97	--	9	7276	卖盘
11:00:09	7.97	--	1	797	卖盘
10:59:57	7.97	-0.02	38	30286	卖盘
10:59:54	7.99	--	2	1598	买盘
10:59:36	7.99	0.01	67	53533	买盘
10:59:33	7.98	--	1	798	买盘
10:59:27	7.98	0.01	10	7980	中性盘
10:59:21	7.97	-0.01	37	29489	卖盘
10:59:18	7.98	--	36	28728	卖盘
10:59:12	7.98	--	89	71022	卖盘
10:59:09	7.98	--	89	71022	卖盘
10:59:03	7.98	--	7	5586	卖盘
10:59:00	7.98	--	24	19152	卖盘
10:58:57	7.98	-0.01	60	47880	卖盘
10:58:54	7.99	0.01	6	4794	买盘
10:58:51	7.98	--	10	7980	卖盘
10:58:39	7.98	--	44	35112	卖盘
10:58:18	7.98	--	10	7980	卖盘
10:58:15	7.98	--	37	29526	卖盘
10:58:06	7.98	0.01	114	90972	买盘
10:58:03	7.97	--	14	11158	卖盘
10:57:57	7.97	--	3	2391	卖盘
10:57:12	7.97	--	6	4782	卖盘
10:57:06	7.97	-0.01	41	32677	卖盘
10:57:03	7.98	0.01	4	3192	买盘
10:57:00	7.97	--	16	12752	卖盘
10:56:54	7.97	--	46	36662	卖盘
10:56:51	7.97	-0.01	9	7173	卖盘
10:56:12	7.98	0.01	5	3990	买盘
10:55:51	7.97	--	50	39850	卖盘
10:55:09	7.97	-0.01	86	68542	卖盘
10:54:45	7.98	--	14	11172	买盘
10:54:36	7.98	-0.01	21	16758	卖盘
10:54:21	7.99	0.01	2	1598	买盘
10:54:06	7.98	--	5	3990	卖盘
10:53:57	7.98	0.01	16	12768	中性盘
10:53:45	7.97	--	47	37459	卖盘
10:53:30	7.97	-0.01	45	35865	卖盘
10:53:18	7.98	--	1	798	买盘
10:53:15	7.98	--	1	798	买盘
10:52:33	7.98	0.01	2	1596	买盘
10:52:21	7.97	--	13	10361	卖盘
10:52:18	7.97	--	44	35068	卖盘
10:52:12	7.97	--	10	7970	卖盘
10:51:42	7.97	-0.01	47	37459	卖盘
10:51:39	7.98	--	10	7980	买盘
10:51:09	7.98	--	45	35910	买盘
10:51:06	7.98	0.01	33	26334	买盘
10:51:03	7.97	-0.01	8	6376	卖盘
10:50:42	7.98	--	2	1596	买盘
10:50:36	7.98	--	28	22344	买盘
10:50:30	7.98	--	2	1596	买盘
10:50:24	7.98	--	1	798	买盘
10:50:12	7.98	--	1	798	买盘
10:50:06	7.98	--	16	12768	买盘
10:49:15	7.98	--	100	79800	买盘
10:48:51	7.98	0.01	2	1596	买盘
10:48:45	7.97	--	10	7970	买盘
10:48:42	7.97	--	3	2391	买盘
10:48:39	7.97	-0.01	37	29489	卖盘
10:48:36	7.98	--	27	21546	买盘
10:48:06	7.98	0.02	12	9576	买盘
10:47:57	7.96	-0.02	16	12736	卖盘
10:47:54	7.98	--	6	4788	买盘
10:47:51	7.98	--	5	3990	买盘
10:47:39	7.98	--	3	2394	买盘
10:47:36	7.98	0.02	15	11970	买盘
10:47:27	7.96	-0.02	40	31840	卖盘
10:47:15	7.98	--	12	9576	买盘
10:47:03	7.98	--	27	21546	买盘
10:46:42	7.98	0.01	60	47880	买盘
10:46:15	7.97	--	5	3985	卖盘
10:46:09	7.97	--	12	9564	卖盘
10:45:45	7.97	--	8	6376	买盘
10:45:39	7.97	-0.01	109	86873	卖盘
10:45:12	7.98	0.01	2	1596	买盘
10:45:06	7.97	--	2	1594	卖盘
10:45:03	7.97	0.01	10	7970	买盘
10:44:54	7.96	--	3	2388	卖盘
10:44:27	7.96	-0.01	50	39800	卖盘
10:44:21	7.97	--	28	22316	买盘
10:44:09	7.97	0.01	8	6376	中性盘
10:43:30	7.96	-0.02	100	79600	卖盘
10:43:21	7.98	0.01	3	2394	买盘
10:43:15	7.97	0.01	2	1594	买盘
10:43:12	7.96	-0.01	5	3980	卖盘
10:43:09	7.97	--	24	19128	买盘
10:42:57	7.97	-0.01	2	1594	中性盘
10:42:48	7.98	0.02	10	7980	买盘
10:42:45	7.96	--	40	31840	卖盘
10:42:42	7.96	--	0	39	卖盘
10:42:33	7.96	--	1	796	卖盘
10:42:27	7.96	--	3	2388	卖盘
10:42:12	7.96	--	10	7960	卖盘
10:42:03	7.96	--	183	145668	卖盘
10:41:57	7.96	-0.02	6	4776	卖盘
10:41:39	7.98	0.01	15	11970	买盘
10:41:33	7.97	-0.01	22	17534	中性盘
10:41:09	7.98	0.01	9	7182	买盘
10:41:06	7.97	-0.01	61	48617	中性盘
10:40:15	7.98	0.02	97	77406	买盘
10:40:06	7.96	-0.01	6	4776	卖盘
10:40:03	7.97	0.01	4	3188	买盘
10:40:00	7.96	-0.01	100	79600	卖盘
10:39:57	7.97	--	20	15940	买盘
10:39:42	7.97	--	99	78903	买盘
10:39:27	7.97	0.01	1	797	买盘
10:39:24	7.96	--	10	7960	卖盘
10:39:09	7.96	-0.01	16	12736	卖盘
10:39:03	7.97	--	57	45429	买盘
10:39:00	7.97	0.01	108	86076	买盘
10:38:51	7.96	0.01	45	35820	买盘
10:38:30	7.95	-0.01	31	24645	卖盘
10:38:27	7.96	--	20	15920	买盘
10:38:24	7.96	0.01	56	44576	买盘
10:38:18	7.95	--	43	34185	卖盘
10:38:15	7.95	--	20	15900	卖盘
10:38:12	7.95	--	2	1590	卖盘
10:38:03	7.95	--	5	3975	卖盘
10:38:00	7.95	--	54	42930	卖盘
10:37:54	7.95	-0.01	10	7950	卖盘
10:37:51	7.96	0.01	13	10348	买盘
10:37:39	7.95	--	5	3975	卖盘
10:37:27	7.95	-0.01	5	3975	卖盘
10:37:18	7.96	0.01	100	79600	买盘
10:37:12	7.95	-0.01	12	9540	卖盘
10:37:00	7.96	--	156	124176	卖盘
10:36:54	7.96	-0.01	44	35024	卖盘
10:36:51	7.97	0.01	5	3985	买盘
10:36:48	7.96	--	20	15920	卖盘
10:36:42	7.96	--	69	54924	卖盘
10:36:30	7.96	-0.01	50	39800	卖盘
10:36:12	7.97	0.01	3	2391	买盘
10:36:03	7.96	-0.01	12	9552	卖盘
10:36:00	7.97	--	53	42241	买盘
10:35:42	7.97	--	4	3188	买盘
10:35:39	7.97	0.01	17	13549	买盘
10:35:36	7.96	--	16	12736	买盘
10:35:33	7.96	--	19	15124	买盘
10:35:12	7.96	--	4	3184	买盘
10:35:09	7.96	--	148	117808	买盘
10:34:45	7.96	--	54	42984	买盘
10:34:36	7.96	--	11	8756	买盘
10:34:30	7.96	--	10	7960	买盘
10:34:18	7.96	--	7	5572	买盘
10:34:15	7.96	--	1	796	买盘
10:34:12	7.96	--	2	1592	买盘
10:34:06	7.96	--	229	182284	卖盘
10:33:48	7.96	--	81	64476	买盘
10:33:36	7.96	-0.01	49	39004	卖盘
10:33:27	7.97	--	1	797	买盘
10:33:09	7.97	0.01	30	23910	买盘
10:33:03	7.96	--	7	5572	卖盘
10:33:00	7.96	-0.01	11	8756	卖盘
10:32:57	7.97	0.01	61	48617	买盘
10:32:39	7.96	--	2	1592	卖盘
10:32:33	7.96	--	28	22288	买盘
10:32:21	7.96	0.01	2	1592	买盘
10:32:15	7.95	-0.01	26	20670	卖盘
10:32:09	7.96	--	36	28656	买盘
10:31:57	7.96	--	31	24676	买盘
10:31:45	7.96	0.01	10	7960	买盘
10:31:42	7.95	-0.01	12	9540	卖盘
10:31:36	7.96	0.01	3	2388	买盘
10:31:24	7.95	-0.01	14	11130	卖盘
10:31:21	7.96	--	12	9552	买盘
10:31:18	7.96	--	8	6368	买盘
10:30:54	7.96	0.01	6	4776	买盘
10:30:42	7.95	-0.01	10	7950	卖盘
10:30:39	7.96	--	35	27860	买盘
10:30:33	7.96	--	5	3980	买盘
10:30:12	7.96	0.01	2	1592	买盘
10:30:09	7.95	-0.01	10	7950	卖盘
10:30:06	7.96	0.01	24	19104	买盘
10:30:03	7.95	-0.01	10	7950	卖盘
10:30:00	7.96	0.01	20	15920	买盘
10:29:45	7.95	-0.01	14	11130	卖盘
10:29:42	7.96	0.01	5	3980	买盘
10:29:27	7.95	-0.01	43	34185	卖盘
10:29:12	7.96	0.01	1	796	买盘
10:29:06	7.95	-0.01	11	8745	卖盘
10:29:03	7.96	--	20	15920	买盘
10:29:00	7.96	0.01	50	39800	买盘
10:28:57	7.95	-0.01	4	3180	卖盘
10:28:54	7.96	0.01	2	1592	买盘
10:28:48	7.95	-0.01	23	18285	卖盘
10:28:42	7.96	--	2	1592	买盘
10:28:27	7.96	--	10	7960	买盘
10:28:18	7.96	--	191	152036	卖盘
10:28:15	7.96	-0.01	21	16716	卖盘
10:27:45	7.97	0.01	10	7970	买盘
10:27:30	7.96	-0.01	24	19104	卖盘
10:26:51	7.97	0.01	2	1594	买盘
10:26:45	7.96	-0.01	11	8756	卖盘
10:26:27	7.97	0.01	39	31083	买盘
10:26:24	7.96	-0.01	10	7960	卖盘
10:25:54	7.97	--	6	4782	买盘
10:25:51	7.97	0.01	5	3985	买盘
10:25:39	7.96	--	80	63680	买盘
10:25:36	7.96	--	5	3980	买盘
10:25:27	7.96	--	10	7960	买盘
10:25:18	7.96	--	53	42188	买盘
10:25:03	7.96	--	7	5572	买盘
10:25:00	7.96	0.01	15	11940	买盘
10:24:57	7.95	-0.01	4	3180	卖盘
10:24:51	7.96	--	5	3980	买盘
10:24:48	7.96	0.01	7	5572	买盘
10:24:36	7.95	-0.01	4	3180	卖盘
10:24:30	7.96	--	9	7164	买盘
10:24:27	7.96	0.01	4	3184	买盘
10:24:24	7.95	--	19	15144	卖盘
10:24:21	7.95	--	100	79500	卖盘
10:24:18	7.95	--	2	1590	卖盘
10:24:15	7.95	-0.01	400	318000	卖盘
10:24:12	7.96	--	20	15920	买盘
10:24:03	7.96	--	2	1592	买盘
10:24:00	7.96	0.01	45	35820	卖盘
10:23:54	7.95	-0.01	400	318000	卖盘
10:23:48	7.96	--	20	15920	卖盘
10:23:45	7.96	-0.01	25	19900	卖盘
10:23:42	7.97	0.01	328	261416	买盘
10:23:39	7.96	--	5	3980	卖盘
10:23:36	7.96	--	11	8756	卖盘
10:23:15	7.96	-0.01	1	796	卖盘
10:23:12	7.97	--	2	1594	买盘
10:23:03	7.97	0.01	12	9564	买盘
10:22:51	7.96	-0.01	18	14328	卖盘
10:22:42	7.97	--	10	7970	中性盘
10:22:33	7.97	0.01	6	4782	买盘
10:22:18	7.96	-0.01	2	1592	卖盘
10:22:15	7.97	--	4	3188	卖盘
10:21:45	7.97	0.01	1	797	中性盘
10:21:30	7.96	-0.02	20	15920	卖盘
10:21:21	7.98	0.01	12	9576	买盘
10:21:06	7.97	--	5	3985	买盘
10:21:00	7.97	--	58	46226	卖盘
10:20:54	7.97	--	5	3985	卖盘
10:20:33	7.97	--	7	5579	卖盘
10:20:27	7.97	--	1	797	卖盘
10:20:00	7.97	--	5	3985	卖盘
10:19:57	7.97	--	20	15940	卖盘
10:19:54	7.97	--	10	7970	卖盘
10:19:42	7.97	--	15	11955	卖盘
10:19:36	7.97	--	6	4782	卖盘
10:19:33	7.97	-0.01	5	3985	卖盘
10:19:30	7.98	0.01	10	7980	买盘
10:19:06	7.97	--	10	7970	卖盘
10:18:57	7.97	--	12	9564	卖盘
10:18:48	7.97	0.01	36	28692	买盘
10:18:24	7.96	--	233	185468	卖盘
10:18:21	7.96	--	25	19900	卖盘
10:18:18	7.96	--	2	1592	卖盘
10:18:12	7.96	--	66	52536	卖盘
10:17:54	7.96	--	5	3980	卖盘
10:17:51	7.96	--	5	3980	卖盘
10:17:48	7.96	-0.01	200	159200	卖盘
10:17:45	7.97	--	2	1594	买盘
10:17:42	7.97	--	2	1594	买盘
10:17:27	7.97	0.01	10	7970	买盘
10:17:24	7.96	-0.01	48	38208	卖盘
10:17:21	7.97	0.01	3	2391	买盘
10:17:18	7.96	-0.01	96	76416	卖盘
10:17:03	7.97	0.01	11	8767	买盘
10:16:57	7.96	-0.01	1	796	卖盘
10:16:54	7.97	--	3	2391	买盘
10:16:51	7.97	0.01	7	5579	买盘
10:16:48	7.96	-0.01	19	15124	卖盘
10:16:21	7.97	0.01	4	3188	买盘
10:16:18	7.96	--	6	4776	卖盘
10:16:06	7.96	-0.01	24	19104	卖盘
10:16:00	7.97	0.01	1	797	买盘
10:15:57	7.96	-0.01	190	151240	卖盘
10:15:51	7.97	--	3	2391	买盘
10:15:42	7.97	0.01	3	2391	买盘
10:15:21	7.96	--	18	14328	卖盘
10:15:09	7.96	-0.01	2	1592	卖盘
10:14:54	7.97	--	6	4782	买盘
10:14:51	7.97	--	6	4782	买盘
10:14:39	7.97	0.01	11	8767	买盘
10:14:12	7.96	-0.01	1	796	卖盘
10:14:03	7.97	--	6	4782	买盘
10:14:00	7.97	--	2	1594	买盘
10:13:57	7.97	--	65	51805	买盘
10:13:51	7.97	--	65	51805	买盘
10:13:45	7.97	0.01	1	797	买盘
10:13:42	7.96	-0.01	10	7960	卖盘
10:13:36	7.97	--	9	7173	卖盘
10:13:27	7.97	-0.01	31	24707	卖盘
10:13:24	7.98	0.01	6	4788	买盘
10:13:09	7.97	--	6	4782	买盘
10:13:03	7.97	0.01	3	2391	买盘
10:13:00	7.96	-0.01	10	7960	卖盘
10:12:54	7.97	--	5	3985	买盘
10:12:48	7.97	--	43	34271	卖盘
10:12:45	7.97	--	5	3985	卖盘
10:12:39	7.97	--	39	31083	买盘
10:12:33	7.97	--	4	3188	买盘
10:12:18	7.97	0.01	5	3985	买盘
10:12:12	7.96	--	23	18308	卖盘
10:12:06	7.96	--	3	2388	卖盘
10:12:03	7.96	-0.01	21	16716	卖盘
10:11:57	7.97	--	7	5579	买盘
10:11:54	7.97	--	10	7970	买盘
10:11:51	7.97	--	12	9564	买盘
10:11:42	7.97	-0.02	7	5579	卖盘
10:11:33	7.99	0.03	10	7990	买盘
10:11:18	7.96	-0.03	14	11144	卖盘
10:11:06	7.99	0.03	46	36754	买盘
10:11:03	7.96	-0.03	16	12736	卖盘
10:11:00	7.99	0.01	38	30362	买盘
10:10:45	7.98	--	51	40698	买盘
10:10:21	7.98	--	2	1596	买盘
10:10:15	7.98	--	100	79800	买盘
10:10:12	7.98	0.01	17	13566	买盘
10:10:09	7.97	-0.01	37	29489	卖盘
10:10:03	7.98	0.01	57	45486	买盘
10:10:00	7.97	--	4	3188	卖盘
10:09:51	7.97	--	15	11955	买盘
10:09:48	7.97	--	10	7970	买盘
10:09:45	7.97	--	35	27895	买盘
10:09:42	7.97	--	29	23113	买盘
10:09:39	7.97	--	61	48617	买盘
10:09:30	7.97	0.01	24	19128	买盘
10:09:24	7.96	-0.01	2	1592	卖盘
10:09:21	7.97	--	5	3985	买盘
10:09:12	7.97	0.01	38	30286	买盘
10:09:03	7.96	--	22	17512	卖盘
10:09:00	7.96	0.01	25	19900	中性盘
10:08:54	7.95	--	30	23850	卖盘
10:08:51	7.95	-0.01	122	96990	卖盘
10:08:48	7.96	0.01	25	19900	买盘
10:08:39	7.95	-0.01	4	3180	卖盘
10:08:36	7.96	0.01	7	5572	买盘
10:08:33	7.95	-0.01	1	795	卖盘
10:08:30	7.96	-0.01	2	1592	买盘
10:08:27	7.97	0.01	201	160197	买盘
10:08:24	7.96	--	5	3980	买盘
10:08:18	7.96	--	74	58904	卖盘
10:08:15	7.96	-0.01	77	61292	卖盘
10:08:09	7.97	0.01	6	4782	买盘
10:08:06	7.96	--	20	15920	卖盘
10:07:48	7.96	--	109	86764	卖盘
10:07:45	7.96	-0.01	34	27064	卖盘
10:07:42	7.97	--	15	11955	买盘
10:07:39	7.97	0.01	9	7173	买盘
10:07:36	7.96	--	80	63680	卖盘
10:07:30	7.96	--	18	14328	卖盘
10:07:15	7.96	-0.01	22	17512	卖盘
10:07:09	7.97	--	50	39850	买盘
10:07:06	7.97	0.01	9	7173	买盘
10:07:00	7.96	--	7	5572	卖盘
10:06:54	7.96	-0.01	313	249148	卖盘
10:06:51	7.97	--	8	6376	买盘
10:06:42	7.97	--	24	19223	卖盘
10:06:39	7.97	-0.01	11	8767	卖盘
10:06:36	7.98	0.01	9	7182	买盘
10:06:33	7.97	--	81	64557	卖盘
10:06:24	7.97	--	76	60572	卖盘
10:06:09	7.97	-0.01	11	8767	卖盘
10:06:06	7.98	0.01	9	7182	买盘
10:06:00	7.97	--	5	3985	卖盘
10:05:48	7.97	--	7	6280	买盘
10:05:42	7.97	--	130	103610	买盘
10:05:36	7.97	--	12	9564	买盘
10:05:27	7.97	--	10	7970	买盘
10:05:24	7.97	--	10	7970	买盘
10:05:18	7.97	--	100	79700	买盘
10:05:12	7.97	--	10	7970	买盘
10:05:09	7.97	--	6	4782	买盘
10:05:06	7.97	--	9	7173	买盘
10:04:51	7.97	--	2	1594	买盘
10:04:36	7.97	0.01	23	18331	买盘
10:04:33	7.96	-0.01	89	70844	卖盘
10:04:21	7.97	--	12	9564	买盘
10:04:06	7.97	--	9	7173	买盘
10:04:03	7.97	--	6	4782	买盘
10:04:00	7.97	0.01	25	19925	买盘
10:03:57	7.96	-0.01	15	11940	卖盘
10:03:54	7.97	0.01	6	4782	买盘
10:03:48	7.96	--	43	34228	卖盘
10:03:45	7.96	-0.01	2	1592	卖盘
10:03:36	7.97	0.01	9	7173	买盘
10:03:33	7.96	-0.01	25	19900	卖盘
10:03:27	7.97	--	10	7970	买盘
10:03:09	7.97	-0.01	60	47915	卖盘
10:03:06	7.98	0.01	9	7182	买盘
10:03:03	7.97	--	63	50211	卖盘
10:03:00	7.97	--	0	701	卖盘
10:02:57	7.97	--	200	159400	卖盘
10:02:54	7.97	--	1	797	卖盘
10:02:45	7.97	--	140	111580	卖盘
10:02:39	7.97	--	10	7970	卖盘
10:02:27	7.97	-0.01	37	29489	卖盘
10:02:21	7.98	0.01	36	28728	买盘
10:02:15	7.97	--	27	21519	卖盘
10:02:09	7.97	--	4	3188	卖盘
10:02:06	7.97	--	28	22316	卖盘
10:01:48	7.97	--	64	51008	卖盘
10:01:45	7.97	-0.01	5	3985	卖盘
10:01:39	7.98	0.01	20	15960	买盘
10:01:36	7.97	-0.01	20	15940	卖盘
10:01:18	7.98	--	20	15960	买盘
10:01:09	7.98	--	7	5586	买盘
10:00:51	7.98	0.01	10	7980	买盘
10:00:48	7.97	-0.01	30	23910	卖盘
10:00:39	7.98	--	158	126084	卖盘
10:00:36	7.98	--	22	17556	卖盘
10:00:18	7.98	--	4	3192	卖盘
10:00:06	7.98	-0.01	26	20748	卖盘
09:59:57	7.99	0.01	4	3196	买盘
09:59:51	7.98	--	76	60648	卖盘
09:59:48	7.98	--	39	31122	卖盘
09:59:45	7.98	--	55	43890	卖盘
09:59:39	7.98	--	6	4788	卖盘
09:59:24	7.98	--	5	3990	卖盘
09:59:18	7.98	--	6	4788	卖盘
09:59:09	7.98	--	15	11970	卖盘
09:59:00	7.98	--	10	7980	卖盘
09:58:51	7.98	--	53	42294	卖盘
09:58:39	7.98	--	7	5586	卖盘
09:58:36	7.98	--	5	3990	卖盘
09:58:30	7.98	--	12	9576	卖盘
09:58:06	7.98	-0.01	33	26334	卖盘
09:58:03	7.99	--	6	4794	买盘
09:58:00	7.99	--	16	12784	买盘
09:57:51	7.99	--	20	15980	买盘
09:57:45	7.99	0.01	5	3995	买盘
09:57:42	7.98	--	10	7980	卖盘
09:57:21	7.98	-0.01	5	3990	卖盘
09:57:15	7.99	--	2	1598	买盘
09:57:09	7.99	0.01	10	7990	买盘
09:57:06	7.98	-0.01	25	19950	卖盘
09:57:00	7.99	0.01	4	3196	买盘
09:56:51	7.98	--	10	7980	卖盘
09:56:45	7.98	--	11	8778	卖盘
09:56:36	7.98	--	34	27132	卖盘
09:56:06	7.98	-0.01	10	7980	卖盘
09:56:00	7.99	--	6	4794	买盘
09:55:54	7.99	0.01	57	45543	买盘
09:55:42	7.98	--	23	18354	卖盘
09:55:36	7.98	-0.01	70	55860	卖盘
09:55:33	7.99	0.01	57	45543	买盘
09:55:24	7.98	--	7	5586	卖盘
09:55:18	7.98	-0.01	311	248178	卖盘
09:55:15	7.99	0.01	2	1598	买盘
09:55:03	7.98	--	13	10374	卖盘
09:55:00	7.98	-0.01	10	7980	卖盘
09:54:54	7.99	0.01	21	16779	买盘
09:54:48	7.98	-0.01	14	11172	卖盘
09:54:45	7.99	0.01	6	4794	买盘
09:54:33	7.98	-0.01	12	9576	中性盘
09:54:03	7.99	0.02	5	3995	买盘
09:53:45	7.97	-0.02	100	79700	卖盘
09:53:36	7.99	0.01	48	38352	买盘
09:53:27	7.98	--	17	13566	卖盘
09:53:24	7.98	--	15	11970	卖盘
09:53:15	7.98	--	18	14364	卖盘
09:52:57	7.98	--	39	31122	卖盘
09:52:48	7.98	--	15	11970	卖盘
09:52:42	7.98	-0.01	6	4788	卖盘
09:52:39	7.99	--	200	159800	买盘
09:52:36	7.99	0.01	6	4794	买盘
09:52:33	7.98	--	35	27930	卖盘
09:52:27	7.98	--	3	2394	卖盘
09:52:12	7.98	--	150	119700	卖盘
09:52:06	7.98	--	23	18354	卖盘
09:52:00	7.98	--	6	4788	卖盘
09:51:57	7.98	--	4	3192	卖盘
09:51:51	7.98	--	30	23940	卖盘
09:51:27	7.98	--	1	798	卖盘
09:51:24	7.98	-0.01	1	798	卖盘
09:51:12	7.99	--	9	7191	买盘
09:51:09	7.99	--	4	3196	买盘
09:51:00	7.99	0.01	17	13583	买盘
09:50:45	7.98	--	76	60648	买盘
09:50:42	7.98	--	72	57456	买盘
09:50:39	7.98	-0.01	482	384636	卖盘
09:50:30	7.99	--	48	38352	卖盘
09:50:18	7.99	-0.01	43	34357	卖盘
09:50:15	8.0	0.01	3	2400	买盘
09:50:12	7.99	--	31	24769	买盘
09:50:00	7.99	--	10	7990	卖盘
09:49:57	7.99	--	5	3995	卖盘
09:49:54	7.99	--	23	18377	卖盘
09:49:51	7.99	--	1	799	卖盘
09:49:45	7.99	--	71	56729	买盘
09:49:39	7.99	--	96	76704	买盘
09:49:36	7.99	0.01	50	39950	买盘
09:49:27	7.98	-0.01	1	798	卖盘
09:49:18	7.99	0.01	10	7990	买盘
09:49:12	7.98	-0.01	200	159600	卖盘
09:49:06	7.99	0.01	22	17578	买盘
09:49:00	7.98	--	15	11970	卖盘
09:48:57	7.98	--	10	7980	卖盘
09:48:54	7.98	--	5	3990	卖盘
09:48:48	7.98	--	9	7182	卖盘
09:48:42	7.98	--	20	15960	卖盘
09:48:39	7.98	-0.01	30	23940	卖盘
09:48:27	7.99	--	10	7990	买盘
09:48:24	7.99	--	1	799	买盘
09:48:21	7.99	--	4	3196	买盘
09:48:18	7.99	0.01	16	12784	买盘
09:48:15	7.98	--	30	23940	卖盘
09:48:06	7.98	-0.01	4	3192	卖盘
09:48:00	7.99	--	20	15980	买盘
09:47:57	7.99	0.01	16	12784	买盘
09:47:39	7.98	-0.01	10	7980	卖盘
09:47:36	7.99	-0.01	2	1598	卖盘
09:47:33	8.0	0.02	11	8800	买盘
09:47:27	7.98	-0.01	10	7980	卖盘
09:47:18	7.99	0.01	61	48739	买盘
09:47:12	7.98	--	5	3990	卖盘
09:47:06	7.98	-0.02	1	798	卖盘
09:47:03	8.0	0.02	9	7200	买盘
09:47:00	7.98	-0.02	36	28728	卖盘
09:46:57	8.0	0.01	5	4000	买盘
09:46:51	7.99	--	35	27965	卖盘
09:46:48	7.99	-0.01	3	2397	卖盘
09:46:45	8.0	0.01	65	52000	买盘
09:46:42	7.99	-0.01	5	3995	中性盘
09:46:33	8.0	--	9	7200	买盘
09:46:30	8.0	0.01	11	8800	买盘
09:46:18	7.99	--	20	15980	卖盘
09:46:15	7.99	--	2	1598	卖盘
09:46:12	7.99	--	5	3995	卖盘
09:46:09	7.99	--	22	17578	卖盘
09:46:06	7.99	-0.01	14	11186	中性盘
09:46:03	8.0	0.02	9	7200	买盘
09:45:57	7.98	-0.02	38	30324	卖盘
09:45:51	8.0	0.02	20	16000	买盘
09:45:48	7.98	-0.01	58	46284	卖盘
09:45:42	7.99	0.01	50	39950	买盘
09:45:36	7.98	--	37	29526	卖盘
09:45:33	7.98	--	16	12768	卖盘
09:45:30	7.98	-0.02	20	15960	卖盘
09:45:27	8.0	0.02	74	59200	买盘
09:45:24	7.98	--	22	17556	卖盘
09:45:15	7.98	--	25	19950	卖盘
09:45:12	7.98	-0.01	54	43092	卖盘
09:45:09	7.99	--	6	4794	买盘
09:45:06	7.99	0.01	4	3196	买盘
09:45:03	7.98	--	50	39900	卖盘
09:45:00	7.98	-0.01	23	18354	卖盘
09:44:54	7.99	-0.01	63	50337	卖盘
09:44:51	8.0	--	30	24000	卖盘
09:44:48	8.0	0.01	47	37600	买盘
09:44:45	7.99	--	18	14382	卖盘
09:44:39	7.99	-0.01	8	6392	卖盘
09:44:33	8.0	--	59	47200	买盘
09:44:27	8.0	0.01	11	8800	买盘
09:44:21	7.99	--	25	19975	卖盘
09:44:15	7.99	--	5	3995	卖盘
09:44:12	7.99	--	37	29563	买盘
09:44:09	7.99	--	4	3196	买盘
09:44:06	7.99	-0.01	29	23171	卖盘
09:44:03	8.0	--	9	7200	买盘
09:43:57	8.0	0.01	4	3200	买盘
09:43:54	7.99	-0.01	13	10387	卖盘
09:43:42	8.0	--	4	3200	买盘
09:43:36	8.0	0.01	53	42400	买盘
09:43:33	7.99	0.02	9	7191	买盘
09:43:27	7.97	-0.02	10	7970	卖盘
09:43:21	7.99	0.02	13	10387	买盘
09:43:15	7.97	-0.02	5	3985	卖盘
09:43:12	7.99	--	4	3196	买盘
09:43:03	7.99	0.02	9	7191	买盘
09:42:57	7.97	-0.02	20	15940	卖盘
09:42:51	7.99	--	44	35156	买盘
09:42:42	7.99	0.03	46	36754	买盘
09:42:39	7.96	--	8	6368	卖盘
09:42:33	7.96	-0.03	19	15124	卖盘
09:42:30	7.99	0.02	20	15980	买盘
09:42:24	7.97	--	32	25504	买盘
09:42:21	7.97	0.01	10	7970	买盘
09:42:15	7.96	--	25	19900	卖盘
09:42:12	7.96	--	10	7960	卖盘
09:42:09	7.96	--	93	74028	卖盘
09:42:06	7.96	--	29	23084	卖盘
09:42:00	7.96	--	5	3980	卖盘
09:41:57	7.96	--	21	16716	卖盘
09:41:51	7.96	-0.01	86	68456	卖盘
09:41:48	7.97	0.01	40	31880	买盘
09:41:45	7.96	-0.01	1	796	卖盘
09:41:42	7.97	--	20	15940	买盘
09:41:39	7.97	--	10	7970	买盘
09:41:27	7.97	--	2	1594	买盘
09:41:24	7.97	-0.01	120	95640	卖盘
09:41:21	7.98	0.01	10	7980	买盘
09:41:15	7.97	--	44	35068	卖盘
09:41:12	7.97	-0.01	17	13549	卖盘
09:41:09	7.98	0.01	45	35910	买盘
09:41:06	7.97	--	79	62963	卖盘
09:41:03	7.97	--	14	11158	卖盘
09:40:57	7.97	--	23	18331	卖盘
09:40:51	7.97	--	24	19128	卖盘
09:40:45	7.97	0.01	32	25504	买盘
09:40:42	7.96	--	5	3980	卖盘
09:40:36	7.96	--	64	50944	卖盘
09:40:33	7.96	--	10	7960	卖盘
09:40:30	7.96	-0.01	36	28656	卖盘
09:40:27	7.97	0.01	16	12752	中性盘
09:40:18	7.96	-0.01	109	86764	卖盘
09:40:15	7.97	--	5	3985	卖盘
09:40:06	7.97	-0.01	53	42241	卖盘
09:40:03	7.98	0.01	21	16758	买盘
09:40:00	7.97	-0.02	10	7970	卖盘
09:39:57	7.99	0.02	228	182172	买盘
09:39:51	7.97	--	36	28692	卖盘
09:39:48	7.97	--	23	18331	卖盘
09:39:45	7.97	--	88	70136	卖盘
09:39:39	7.97	--	140	111580	卖盘
09:39:36	7.97	--	5	3985	卖盘
09:39:33	7.97	--	20	15940	卖盘
09:39:30	7.97	--	24	19128	卖盘
09:39:27	7.97	--	47	37459	卖盘
09:39:24	7.97	--	8	6376	卖盘
09:39:15	7.97	-0.01	19	15143	卖盘
09:39:12	7.98	-0.01	65	51870	卖盘
09:39:09	7.99	0.01	75	59925	买盘
09:39:06	7.98	--	21	16758	卖盘
09:39:03	7.98	--	39	31122	卖盘
09:39:00	7.98	--	17	13566	卖盘
09:38:57	7.98	--	23	18354	卖盘
09:38:54	7.98	--	17	13566	卖盘
09:38:45	7.98	--	12	9576	卖盘
09:38:39	7.98	--	22	17556	卖盘
09:38:36	7.98	--	50	39900	卖盘
09:38:21	7.98	-0.01	62	49476	卖盘
09:38:18	7.99	0.01	20	15980	买盘
09:38:15	7.98	-0.01	5	3990	卖盘
09:38:09	7.99	--	50	39950	买盘
09:38:06	7.99	0.01	20	15980	买盘
09:38:03	7.98	-0.02	26	20748	卖盘
09:38:00	8.0	0.02	56	44800	买盘
09:37:57	7.98	-0.01	1	798	卖盘
09:37:54	7.99	--	23	18377	卖盘
09:37:51	7.99	--	50	39950	卖盘
09:37:45	7.99	--	30	23970	卖盘
09:37:42	7.99	0.01	4	3196	买盘
09:37:39	7.98	--	11	8778	卖盘
09:37:36	7.98	--	14	11172	卖盘
09:37:27	7.98	-0.01	7	5586	卖盘
09:37:21	7.99	--	6	4794	买盘
09:37:15	7.99	0.01	29	23171	买盘
09:37:12	7.98	--	31	24738	卖盘
09:37:09	7.98	--	42	33516	卖盘
09:37:06	7.98	--	30	23940	卖盘
09:37:03	7.98	--	2	1596	卖盘
09:37:00	7.98	-0.01	60	47880	卖盘
09:36:57	7.99	0.01	10	7990	买盘
09:36:54	7.98	-0.01	16	12768	卖盘
09:36:51	7.99	0.01	6	4794	买盘
09:36:48	7.98	-0.01	20	15960	卖盘
09:36:45	7.99	--	2	1598	卖盘
09:36:42	7.99	--	22	17578	卖盘
09:36:36	7.99	0.01	34	27166	买盘
09:36:30	7.98	--	14	11172	卖盘
09:36:27	7.98	--	38	30324	卖盘
09:36:24	7.98	-0.01	51	40698	卖盘
09:36:15	7.99	0.01	5	3995	买盘
09:36:12	7.98	-0.01	33	26334	卖盘
09:36:09	7.99	--	46	36754	买盘
09:36:03	7.99	--	4	3196	买盘
09:36:00	7.99	--	3	2397	买盘
09:35:57	7.99	--	59	47141	卖盘
09:35:54	7.99	--	27	21573	卖盘
09:35:45	7.99	-0.01	26	20774	卖盘
09:35:42	8.0	--	2	1600	买盘
09:35:39	8.0	--	10	8000	买盘
09:35:33	8.0	--	20	16000	卖盘
09:35:30	8.0	--	10	8000	卖盘
09:35:27	8.0	--	77	61600	卖盘
09:35:24	8.0	--	2	1600	卖盘
09:35:21	8.0	-0.01	23	18400	卖盘
09:35:18	8.01	0.01	6	4806	买盘
09:35:15	8.0	--	5	4000	卖盘
09:35:12	8.0	--	13	10400	卖盘
09:35:09	8.0	--	28	22400	卖盘
09:35:03	8.0	--	6	4800	卖盘
09:34:54	8.0	-0.01	6	4800	卖盘
09:34:48	8.01	0.01	100	80100	买盘
09:34:39	8.0	--	81	64800	卖盘
09:34:36	8.0	-0.01	17	13600	卖盘
09:34:33	8.01	0.01	61	48861	买盘
09:34:30	8.0	-0.01	16	12800	卖盘
09:34:27	8.01	--	1	801	买盘
09:34:24	8.01	--	107	85707	买盘
09:34:21	8.01	0.01	5	4005	买盘
09:34:15	8.0	0.01	51	40800	中性盘
09:34:12	7.99	-0.02	540	431460	卖盘
09:34:03	8.01	-0.01	156	124956	卖盘
09:34:00	8.02	--	57	45714	买盘
09:33:57	8.02	--	20	16040	买盘
09:33:45	8.02	0.02	48	38496	买盘
09:33:42	8.0	-0.01	4	3200	卖盘
09:33:39	8.01	--	1	801	卖盘
09:33:36	8.01	0.01	90	72090	买盘
09:33:33	8.0	--	17	13600	卖盘
09:33:30	8.0	--	25	20000	买盘
09:33:27	8.0	--	5	4000	买盘
09:33:15	8.0	0.01	7	5600	中性盘
09:33:06	7.99	-0.01	100	79900	卖盘
09:33:03	8.0	--	27	21600	买盘
09:33:00	8.0	0.01	3	2400	买盘
09:32:57	7.99	-0.01	77	61523	卖盘
09:32:51	8.0	0.01	42	33600	买盘
09:32:48	7.99	-0.01	50	39950	卖盘
09:32:36	8.0	--	18	14400	买盘
09:32:33	8.0	0.01	18	14400	买盘
09:32:30	7.99	--	32	25568	卖盘
09:32:27	7.99	--	37	29563	卖盘
09:32:24	7.99	--	44	35156	卖盘
09:32:21	7.99	--	2	1598	卖盘
09:32:18	7.99	--	59	47141	卖盘
09:32:15	7.99	--	18	14382	卖盘
09:32:12	7.99	--	10	7990	卖盘
09:32:03	7.99	--	7	5593	卖盘
09:32:00	7.99	--	3	2397	卖盘
09:31:57	7.99	-0.01	15	11985	卖盘
09:31:54	8.0	0.01	47	37600	买盘
09:31:51	7.99	0.01	8	6392	买盘
09:31:48	7.98	--	22	17556	卖盘
09:31:42	7.98	--	35	27930	卖盘
09:31:39	7.98	--	24	19152	卖盘
09:31:33	7.98	--	3	2394	卖盘
09:31:30	7.98	-0.01	28	22344	卖盘
09:31:27	7.99	--	91	72709	卖盘
09:31:24	7.99	0.01	2	1598	中性盘
09:31:15	7.98	-0.02	20	15960	卖盘
09:31:12	8.0	0.01	160	128000	买盘
09:31:03	7.99	-0.01	15	11985	卖盘
09:30:51	8.0	-0.01	32	25600	卖盘
09:30:39	8.01	-0.01	23	18423	卖盘
09:30:30	8.02	--	10	8020	买盘
09:30:18	8.02	0.01	2	1604	买盘
09:30:15	8.01	--	1	801	卖盘
09:30:09	8.01	-0.01	1	801	卖盘
09:30:06	8.02	--	10	8020	买盘
09:30:03	8.02	--	51	40902	卖盘
09:30:00	8.02	--	0	0	卖盘
09:25:03	8.02	8.02	126	101052	买盘
