成交时间	成交价	价格变动	成交量(手)	成交额(元)	性质
15:00:03	39.46	0.06	730	2882355	买盘
14:57:03	39.4	--	80	315200	买盘
14:57:00	39.4	0.02	5	19700	买盘
14:56:54	39.38	-0.01	66	263294	卖盘
14:56:51	39.39	--	3	11817	买盘
14:56:48	39.39	0.01	40	157560	买盘
14:56:45	39.38	--	11	43318	买盘
14:56:42	39.38	--	13	51194	买盘
14:56:39	39.38	-0.01	20	78760	卖盘
14:56:36	39.39	--	12	47268	买盘
14:56:33	39.39	--	63	248157	买盘
14:56:30	39.39	--	20	78780	买盘
14:56:27	39.39	--	46	181194	卖盘
14:56:21	39.39	--	6	23634	卖盘
14:56:18	39.39	0.03	1	3939	买盘
14:56:15	39.36	-0.03	22	86592	卖盘
14:56:12	39.39	0.04	4	15756	买盘
14:56:09	39.35	-0.01	92	362020	卖盘
14:56:06	39.36	-0.03	20	78720	卖盘
14:56:03	39.39	0.04	1	3939	中性盘
14:56:00	39.35	-0.03	131	515485	卖盘
14:55:57	39.38	0.03	19	74822	买盘
14:55:54	39.35	--	58	228230	卖盘
14:55:51	39.35	-0.03	13	51155	卖盘
14:55:48	39.38	--	1	3938	买盘
14:55:45	39.38	--	8	31504	买盘
14:55:42	39.38	0.03	4	15752	买盘
14:55:39	39.35	-0.01	96	377760	卖盘
14:55:36	39.36	0.01	1	3936	买盘
14:55:33	39.35	--	9	35415	中性盘
14:55:30	39.35	--	33	129855	买盘
14:55:27	39.35	0.01	17	66895	买盘
14:55:24	39.34	-0.01	39	153426	卖盘
14:55:21	39.35	--	52	204620	买盘
14:55:18	39.35	--	35	137725	买盘
14:55:15	39.35	0.01	5	19675	买盘
14:55:12	39.34	-0.01	36	141624	卖盘
14:55:06	39.35	-0.03	49	192815	卖盘
14:55:03	39.38	0.03	72	283536	买盘
14:55:00	39.35	-0.03	6	23610	中性盘
14:54:57	39.38	0.03	4	15752	买盘
14:54:54	39.35	--	22	86570	买盘
14:54:51	39.35	0.02	2	7870	买盘
14:54:48	39.33	--	23	90459	卖盘
14:54:45	39.33	-0.02	16	62928	卖盘
14:54:42	39.35	-0.03	15	59025	中性盘
14:54:39	39.38	0.05	31	122078	买盘
14:54:36	39.33	-0.05	31	121923	卖盘
14:54:33	39.38	0.04	18	70884	买盘
14:54:30	39.34	-0.01	186	731724	中性盘
14:54:27	39.35	0.01	36	141660	买盘
14:54:24	39.34	-0.01	4	15736	卖盘
14:54:21	39.35	--	9	35415	买盘
14:54:18	39.35	0.01	14	55090	中性盘
14:54:15	39.34	--	3	11802	卖盘
14:54:12	39.34	-0.04	16	62944	卖盘
14:54:09	39.38	--	31	122078	卖盘
14:54:06	39.38	0.03	10	39380	卖盘
14:54:03	39.35	-0.05	36	144926	卖盘
14:54:00	39.4	--	14	55160	买盘
14:53:57	39.4	--	60	236400	买盘
14:53:54	39.4	-0.03	35	140067	卖盘
14:53:51	39.43	0.03	25	98575	买盘
14:53:48	39.4	-0.03	29	116033	中性盘
14:53:45	39.43	0.03	46	181378	买盘
14:53:42	39.4	--	11	43340	买盘
14:53:39	39.4	--	35	137900	卖盘
14:53:36	39.4	--	39	153660	买盘
14:53:33	39.4	--	11	43340	买盘
14:53:30	39.4	--	3	11820	买盘
14:53:27	39.4	--	6	23640	卖盘
14:53:24	39.4	--	9	35460	卖盘
14:53:21	39.4	-0.02	13	51220	卖盘
14:53:15	39.42	0.02	26	102492	买盘
14:53:12	39.4	--	14	55160	卖盘
14:53:09	39.4	-0.02	5	19700	卖盘
14:53:06	39.42	-0.02	1	3942	中性盘
14:53:03	39.44	--	45	177480	买盘
14:53:00	39.44	--	2	7888	买盘
14:52:57	39.44	--	3	11832	买盘
14:52:54	39.44	-0.01	28	111102	卖盘
14:52:51	39.45	-0.01	11	43395	卖盘
14:52:48	39.46	--	3	11838	买盘
14:52:45	39.46	0.01	11	43406	中性盘
14:52:42	39.45	-0.03	49	193305	卖盘
14:52:36	39.48	0.02	12	47375	买盘
14:52:33	39.46	--	3	11838	卖盘
14:52:30	39.46	-0.03	13	53468	卖盘
14:52:27	39.49	0.01	28	110572	买盘
14:52:24	39.48	--	0	1776	卖盘
14:52:21	39.48	0.01	18	71064	中性盘
14:52:18	39.47	-0.01	61	240767	卖盘
14:52:15	39.48	--	14	55271	买盘
14:52:12	39.48	0.01	2	7895	中性盘
14:52:09	39.47	-0.02	10	39470	卖盘
14:52:06	39.49	--	8	31592	买盘
14:52:03	39.49	--	10	39490	买盘
14:52:00	39.49	-0.01	22	86878	卖盘
14:51:57	39.5	0.01	109	430550	买盘
14:51:54	39.49	--	5	19745	卖盘
14:51:51	39.49	--	5	19745	卖盘
14:51:45	39.49	--	7	27643	卖盘
14:51:42	39.49	--	5	19745	卖盘
14:51:39	39.49	0.01	44	173756	买盘
14:51:36	39.48	0.01	179	706692	买盘
14:51:33	39.47	-0.01	30	118410	买盘
14:51:30	39.48	0.03	4	15791	中性盘
14:51:27	39.45	-0.03	139	548355	卖盘
14:51:24	39.48	--	29	117768	卖盘
14:51:21	39.48	-0.01	12	47375	中性盘
14:51:15	39.49	0.01	20	78980	买盘
14:51:06	39.48	-0.03	100	394799	卖盘
14:51:03	39.51	0.01	39	154089	买盘
14:51:00	39.5	--	23	90850	买盘
14:50:57	39.5	-0.01	40	158000	卖盘
14:50:54	39.51	0.01	35	138285	买盘
14:50:51	39.5	-0.01	100	395000	卖盘
14:50:48	39.51	--	30	118530	买盘
14:50:45	39.51	--	5	19755	买盘
14:50:42	39.51	--	1	3951	买盘
14:50:39	39.51	-0.04	56	221256	卖盘
14:50:36	39.55	-0.01	1	3954	中性盘
14:50:24	39.56	--	134	530104	卖盘
14:50:21	39.56	--	11	43516	卖盘
14:50:18	39.56	--	5	19780	卖盘
14:50:15	39.56	--	1	3956	卖盘
14:50:12	39.56	--	13	51428	卖盘
14:50:09	39.56	0.05	30	118680	买盘
14:50:06	39.51	-0.04	119	470169	卖盘
14:50:03	39.55	0.01	3	11865	买盘
14:50:00	39.54	--	14	55356	买盘
14:49:54	39.54	0.01	5	19770	买盘
14:49:51	39.53	--	5	19765	买盘
14:49:48	39.53	-0.03	64	252992	卖盘
14:49:45	39.56	0.02	16	63296	买盘
14:49:42	39.54	-0.03	10	39540	卖盘
14:49:39	39.57	--	10	39570	买盘
14:49:36	39.57	--	1	3957	买盘
14:49:33	39.57	0.01	1	3957	买盘
14:49:30	39.56	-0.01	14	55384	卖盘
14:49:27	39.57	0.01	4	15828	买盘
14:49:24	39.56	0.01	6	23736	卖盘
14:49:21	39.55	-0.01	5	19775	卖盘
14:49:18	39.56	--	5	19780	卖盘
14:49:15	39.56	--	37	146372	卖盘
14:49:12	39.56	--	15	59340	中性盘
14:49:09	39.56	--	5	19780	买盘
14:49:06	39.56	--	18	71208	卖盘
14:49:03	39.56	--	5	19780	卖盘
14:49:00	39.56	-0.01	10	39560	卖盘
14:48:57	39.57	--	11	43527	买盘
14:48:54	39.57	--	2	7914	买盘
14:48:51	39.57	--	11	43527	买盘
14:48:48	39.57	0.01	11	43527	买盘
14:48:45	39.56	-0.01	13	51428	卖盘
14:48:42	39.57	--	5	19785	买盘
14:48:39	39.57	0.01	5	19785	买盘
14:48:36	39.56	-0.01	2	7912	卖盘
14:48:30	39.57	--	26	102882	卖盘
14:48:21	39.57	-0.04	1	3957	卖盘
14:48:18	39.61	0.01	8	31688	买盘
14:48:15	39.6	0.02	40	158400	买盘
14:48:12	39.58	--	33	130614	买盘
14:48:09	39.58	0.01	9	35622	中性盘
14:48:06	39.57	-0.04	66	261162	卖盘
14:48:03	39.61	--	16	63376	卖盘
14:48:00	39.61	0.01	57	225777	买盘
14:47:57	39.6	--	13	51480	卖盘
14:47:54	39.6	-0.03	7	27720	卖盘
14:47:45	39.63	-0.01	20	79260	中性盘
14:47:42	39.64	0.01	105	416220	买盘
14:47:36	39.63	--	7	27741	买盘
14:47:33	39.63	--	4	15852	卖盘
14:47:30	39.63	--	2	7926	卖盘
14:47:27	39.63	-0.01	85	336855	卖盘
14:47:24	39.64	--	34	134776	卖盘
14:47:21	39.64	--	5	19820	卖盘
14:47:18	39.64	--	2	7928	卖盘
14:47:12	39.64	--	22	87208	卖盘
14:47:09	39.64	-0.01	25	99100	卖盘
14:47:06	39.65	--	9	35685	卖盘
14:47:03	39.65	0.01	1	3965	中性盘
14:47:00	39.64	-0.01	19	75316	买盘
14:46:57	39.65	--	2	7930	买盘
14:46:54	39.65	0.01	75	297375	买盘
14:46:51	39.64	-0.01	23	91172	卖盘
14:46:48	39.65	--	7	27755	买盘
14:46:42	39.65	-0.01	47	186355	卖盘
14:46:39	39.66	0.01	13	51557	买盘
14:46:33	39.65	--	12	47580	卖盘
14:46:27	39.65	-0.01	5	19825	卖盘
14:46:24	39.66	0.02	21	83286	买盘
14:46:21	39.64	-0.04	32	126848	卖盘
14:46:18	39.68	0.04	54	214272	买盘
14:46:15	39.64	-0.03	79	313156	卖盘
14:46:12	39.67	-0.01	12	47604	买盘
14:46:09	39.68	--	6	23808	买盘
14:46:06	39.68	--	15	59520	买盘
14:46:03	39.68	--	2	7936	买盘
14:46:00	39.68	--	27	107136	买盘
14:45:57	39.68	0.04	20	79360	买盘
14:45:54	39.64	-0.05	36	142704	卖盘
14:45:51	39.69	0.01	9	35721	买盘
14:45:48	39.68	-0.01	3	11904	卖盘
14:45:45	39.69	0.01	101	400869	买盘
14:45:42	39.68	0.03	20	79360	买盘
14:45:39	39.65	--	13	51545	卖盘
14:45:36	39.65	--	15	59475	卖盘
14:45:33	39.65	--	11	43615	卖盘
14:45:30	39.65	0.02	29	114985	买盘
14:45:24	39.63	--	43	170409	卖盘
14:45:21	39.63	0.03	35	138705	买盘
14:45:18	39.6	--	9	35640	卖盘
14:45:15	39.6	--	20	79200	卖盘
14:45:09	39.6	--	3	11880	卖盘
14:45:03	39.6	0.01	9	35640	买盘
14:45:00	39.59	-0.01	1	3959	卖盘
14:44:54	39.6	--	5	19800	买盘
14:44:51	39.6	0.02	12	47520	买盘
14:44:48	39.58	--	1	3958	卖盘
14:44:45	39.58	0.01	13	51454	买盘
14:44:39	39.57	0.01	43	170151	买盘
14:44:33	39.56	-0.01	4	15824	卖盘
14:44:24	39.57	0.02	51	201807	买盘
14:44:21	39.55	0.02	1	3954	买盘
14:44:18	39.53	-0.02	21	83013	卖盘
14:44:15	39.55	0.02	3	11865	中性盘
14:44:09	39.53	--	1	3953	卖盘
14:44:06	39.53	--	21	83013	买盘
14:44:03	39.53	0.01	6	23718	买盘
14:44:00	39.52	--	25	98800	卖盘
14:43:57	39.52	--	1	3952	卖盘
14:43:54	39.52	0.02	25	98800	买盘
14:43:51	39.5	--	1	3950	卖盘
14:43:48	39.5	--	6	23700	卖盘
14:43:45	39.5	--	5	19750	卖盘
14:43:42	39.5	0.03	41	161950	买盘
14:43:39	39.47	-0.02	5	19735	卖盘
14:43:36	39.49	0.03	10	39490	买盘
14:43:24	39.46	-0.01	5	19730	买盘
14:43:21	39.47	--	53	209191	卖盘
14:43:18	39.47	--	5	19735	买盘
14:43:15	39.47	0.01	1	3947	买盘
14:43:12	39.46	--	11	43406	卖盘
14:43:09	39.46	--	24	94704	卖盘
14:43:03	39.46	0.01	10	39460	买盘
14:43:00	39.45	--	32	126240	卖盘
14:42:57	39.45	0.01	3	11835	中性盘
14:42:51	39.44	-0.01	15	59160	卖盘
14:42:48	39.45	0.01	7	27615	买盘
14:42:45	39.44	-0.01	8	31552	卖盘
14:42:42	39.45	0.01	21	82845	买盘
14:42:33	39.44	0.04	1	3944	中性盘
14:42:27	39.4	0.07	15	59100	买盘
14:42:24	39.33	-0.05	8	31464	卖盘
14:42:21	39.38	--	2	7876	买盘
14:42:18	39.38	--	12	47256	买盘
14:42:15	39.38	--	1	3938	买盘
14:42:12	39.38	0.07	4	15752	中性盘
14:42:09	39.31	-0.08	79	310549	卖盘
14:42:03	39.39	--	3	11817	买盘
14:42:00	39.39	--	4	15756	买盘
14:41:57	39.39	0.08	12	47268	买盘
14:41:54	39.31	0.01	23	90413	卖盘
14:41:51	39.3	-0.05	26	102179	卖盘
14:41:48	39.35	0.04	2	7870	买盘
14:41:45	39.31	--	57	225442	买盘
14:41:42	39.31	--	16	62896	买盘
14:41:39	39.31	--	15	58965	买盘
14:41:36	39.31	0.01	17	66827	买盘
14:41:33	39.3	-0.01	14	55019	卖盘
14:41:30	39.31	--	8	31448	买盘
14:41:27	39.31	--	41	161171	买盘
14:41:24	39.31	--	32	125792	买盘
14:41:21	39.31	--	15	58965	买盘
14:41:18	39.31	--	3	11793	买盘
14:41:12	39.31	0.02	6	23586	买盘
14:41:09	39.29	-0.01	34	133586	卖盘
14:41:06	39.3	--	18	70740	买盘
14:41:03	39.3	-0.01	16	62879	卖盘
14:41:00	39.31	--	38	149378	买盘
14:40:57	39.31	0.03	102	400962	买盘
14:40:54	39.28	0.05	7	27496	卖盘
14:40:51	39.23	--	11	43153	卖盘
14:40:48	39.23	--	100	392299	卖盘
14:40:45	39.23	-0.05	38	149074	卖盘
14:40:42	39.28	0.08	18	70704	买盘
14:40:33	39.2	-0.03	23	90160	卖盘
14:40:27	39.23	-0.07	15	58844	卖盘
14:40:21	39.3	0.1	35	137550	买盘
14:40:18	39.2	--	10	39200	买盘
14:40:15	39.2	-0.06	54	211680	卖盘
14:40:12	39.26	-0.04	3	11778	中性盘
14:40:09	39.3	0.1	97	381210	买盘
14:40:06	39.2	-0.04	5	19600	中性盘
14:40:00	39.24	--	49	194355	卖盘
14:39:57	39.24	-0.06	2	7848	卖盘
14:39:54	39.3	0.02	106	416579	买盘
14:39:51	39.28	-0.02	31	121768	卖盘
14:39:48	39.3	--	19	74670	卖盘
14:39:45	39.3	--	1	3929	卖盘
14:39:42	39.3	0.06	11	43230	买盘
14:39:39	39.24	-0.06	2	7848	卖盘
14:39:36	39.3	--	8	31439	买盘
14:39:33	39.3	--	37	145410	买盘
14:39:30	39.3	-0.02	10	39300	中性盘
14:39:27	39.32	0.12	55	218108	买盘
14:39:24	39.2	-0.15	303	1187760	卖盘
14:39:18	39.35	0.01	4	15740	中性盘
14:39:15	39.34	-0.02	281	1105454	卖盘
14:39:12	39.36	0.01	16	62976	买盘
14:39:09	39.35	-0.01	5	19675	卖盘
14:39:06	39.36	--	5	19680	买盘
14:39:03	39.36	-0.03	15	59040	卖盘
14:39:00	39.39	-0.01	11	43329	卖盘
14:38:57	39.4	-0.05	5	19700	买盘
14:38:54	39.45	0.04	14	55230	买盘
14:38:51	39.41	0.02	76	299516	买盘
14:38:48	39.39	-0.06	136	535704	卖盘
14:38:45	39.45	--	1	3945	买盘
14:38:42	39.45	0.04	7	27615	买盘
14:38:39	39.41	-0.08	65	256164	卖盘
14:38:30	39.49	0.03	11	43439	买盘
14:38:27	39.46	-0.03	10	39460	卖盘
14:38:24	39.49	0.09	4	15796	中性盘
14:38:21	39.4	-0.1	19	74860	卖盘
14:38:15	39.5	-0.06	342	1350900	卖盘
14:38:12	39.56	--	9	35604	卖盘
14:38:09	39.56	-0.01	2	7912	卖盘
14:38:06	39.57	0.01	65	257205	中性盘
14:38:03	39.56	-0.01	8	31648	卖盘
14:38:00	39.57	-0.01	3	11871	卖盘
14:37:57	39.58	-0.02	38	150404	卖盘
14:37:54	39.6	0.02	22	87120	买盘
14:37:51	39.58	-0.02	1	3958	卖盘
14:37:48	39.6	--	74	293040	买盘
14:37:42	39.6	--	36	142560	买盘
14:37:39	39.6	--	71	281160	买盘
14:37:36	39.6	-0.02	428	1694880	卖盘
14:37:33	39.62	-0.01	35	138670	卖盘
14:37:24	39.63	0.01	47	186261	买盘
14:37:21	39.62	--	4	15847	买盘
14:37:15	39.62	--	1	3961	买盘
14:37:12	39.62	--	35	138670	卖盘
14:37:09	39.62	-0.02	31	122821	卖盘
14:37:06	39.64	0.01	19	75316	买盘
14:37:03	39.63	-0.01	33	130779	卖盘
14:37:00	39.64	0.01	18	71352	买盘
14:36:57	39.63	--	10	39630	买盘
14:36:54	39.63	--	2	7926	卖盘
14:36:51	39.63	--	13	51519	卖盘
14:36:45	39.63	-0.01	3	11889	卖盘
14:36:42	39.64	--	24	95136	卖盘
14:36:39	39.64	--	8	31712	卖盘
14:36:36	39.64	--	4	15856	卖盘
14:36:30	39.64	--	16	63424	卖盘
14:36:27	39.64	--	32	126848	卖盘
14:36:24	39.64	0.02	15	59460	中性盘
14:36:21	39.62	-0.01	10	39620	卖盘
14:36:15	39.63	--	5	19815	卖盘
14:36:12	39.63	0.01	3	11889	中性盘
14:36:03	39.62	-0.01	19	75278	卖盘
14:36:00	39.63	--	5	19815	买盘
14:35:54	39.63	--	2	7926	卖盘
14:35:51	39.63	-0.01	127	503301	卖盘
14:35:48	39.64	0.01	37	146668	中性盘
14:35:42	39.63	-0.02	23	91149	卖盘
14:35:33	39.65	0.01	100	396500	买盘
14:35:30	39.64	--	13	51532	买盘
14:35:24	39.64	-0.01	55	218020	卖盘
14:35:21	39.65	--	5	19825	买盘
14:35:18	39.65	--	9	35685	买盘
14:35:15	39.65	--	2	7930	买盘
14:35:12	39.65	--	2	7930	买盘
14:35:09	39.65	0.01	3	11895	中性盘
14:35:03	39.64	-0.01	7	27748	卖盘
14:35:00	39.65	0.01	12	47580	中性盘
14:34:57	39.64	--	15	59460	中性盘
14:34:54	39.64	0.01	10	39640	中性盘
14:34:51	39.63	-0.01	13	51519	卖盘
14:34:45	39.64	0.01	3	11892	买盘
14:34:42	39.63	--	1	3963	卖盘
14:34:33	39.63	0.01	15	59445	买盘
14:34:30	39.62	-0.02	9	35658	卖盘
14:34:27	39.64	-0.02	7	27748	中性盘
14:34:21	39.66	0.01	14	55523	买盘
14:34:18	39.65	-0.01	62	245830	卖盘
14:34:09	39.66	0.01	110	436259	买盘
14:34:03	39.65	--	1	3965	卖盘
14:34:00	39.65	0.02	10	39650	买盘
14:33:57	39.63	-0.01	15	59445	卖盘
14:33:54	39.64	0.01	10	39640	中性盘
14:33:51	39.63	--	5	19815	卖盘
14:33:48	39.63	--	31	122853	卖盘
14:33:45	39.63	0.01	34	134742	卖盘
14:33:42	39.62	--	16	63391	卖盘
14:33:39	39.62	-0.01	5	19810	卖盘
14:33:36	39.63	--	3	11889	卖盘
14:33:33	39.63	--	3	11889	买盘
14:33:30	39.63	0.01	7	27741	买盘
14:33:27	39.62	--	36	142632	卖盘
14:33:24	39.62	-0.02	5	19810	卖盘
14:33:21	39.64	0.02	14	55496	买盘
14:33:18	39.62	-0.02	14	55468	卖盘
14:33:15	39.64	0.02	9	35676	买盘
14:33:12	39.62	--	46	182252	卖盘
14:33:03	39.62	--	7	27734	卖盘
14:33:00	39.62	-0.02	9	35658	卖盘
14:32:57	39.64	0.03	2	7928	中性盘
14:32:51	39.61	-0.04	114	451554	卖盘
14:32:48	39.65	-0.01	13	51545	卖盘
14:32:45	39.66	--	5	19830	买盘
14:32:42	39.66	--	15	59489	买盘
14:32:39	39.66	--	21	83286	买盘
14:32:36	39.66	--	13	51557	买盘
14:32:30	39.66	--	2	7931	买盘
14:32:27	39.66	--	6	23795	买盘
14:32:24	39.66	-0.02	28	111047	卖盘
14:32:21	39.68	0.02	3	11904	买盘
14:32:15	39.66	-0.02	18	71388	卖盘
14:32:12	39.68	--	37	146816	卖盘
14:32:09	39.68	-0.01	17	67456	卖盘
14:32:06	39.69	--	41	162729	买盘
14:31:57	39.69	--	5	19845	买盘
14:31:54	39.69	-0.01	30	119070	卖盘
14:31:45	39.7	-0.01	4	15880	买盘
14:31:39	39.71	--	32	127072	买盘
14:31:36	39.71	0.01	12	47652	买盘
14:31:33	39.7	--	24	95280	卖盘
14:31:30	39.7	-0.01	81	321570	卖盘
14:31:27	39.71	0.01	6	23826	买盘
14:31:24	39.7	--	15	59550	卖盘
14:31:21	39.7	-0.01	10	39700	卖盘
14:31:18	39.71	-0.01	1	3971	买盘
14:31:15	39.72	0.01	13	51636	买盘
14:31:12	39.71	--	6	23826	买盘
14:31:09	39.71	--	30	119130	卖盘
14:31:06	39.71	--	6	23826	卖盘
14:31:03	39.71	--	15	59565	卖盘
14:31:00	39.71	--	1	3971	卖盘
14:30:57	39.71	--	7	27797	卖盘
14:30:54	39.71	--	17	67507	卖盘
14:30:51	39.71	--	9	35739	卖盘
14:30:48	39.71	-0.01	11	43681	卖盘
14:30:42	39.72	--	3	11916	买盘
14:30:39	39.72	-0.02	32	127104	卖盘
14:30:36	39.74	0.01	1	3974	买盘
14:30:33	39.73	0.01	9	35757	买盘
14:30:24	39.72	--	16	63552	卖盘
14:30:21	39.72	-0.01	8	31776	卖盘
14:30:18	39.73	--	1	3972	买盘
14:30:15	39.73	-0.01	6	23837	中性盘
14:30:06	39.74	--	8	31792	买盘
14:30:03	39.74	--	4	15896	买盘
14:29:57	39.74	--	1	3974	买盘
14:29:54	39.74	-0.01	69	274206	卖盘
14:29:48	39.75	0.01	1	3975	买盘
14:29:39	39.74	--	4	15896	买盘
14:29:36	39.74	--	2	7948	买盘
14:29:33	39.74	0.01	1	3974	买盘
14:29:27	39.73	--	4	15891	卖盘
14:29:24	39.73	-0.01	13	51648	卖盘
14:29:21	39.74	0.01	7	27818	买盘
14:29:18	39.73	-0.01	9	35757	卖盘
14:29:15	39.74	0.03	5	19870	买盘
14:29:12	39.71	--	8	31768	卖盘
14:29:09	39.71	--	5	19855	卖盘
14:29:06	39.71	--	116	460636	卖盘
14:29:03	39.71	--	5	19855	卖盘
14:29:00	39.71	0.01	12	47652	买盘
14:28:57	39.7	--	14	55580	卖盘
14:28:54	39.7	--	21	83370	卖盘
14:28:51	39.7	-0.01	4	15880	卖盘
14:28:45	39.71	0.03	52	206492	买盘
14:28:42	39.68	--	28	111104	卖盘
14:28:39	39.68	-0.05	25	99200	卖盘
14:28:36	39.73	0.03	3	11918	卖盘
14:28:33	39.7	--	7	27790	买盘
14:28:30	39.7	-0.01	130	516100	卖盘
14:28:24	39.71	-0.02	2	7942	卖盘
14:28:21	39.73	--	14	55621	卖盘
14:28:18	39.73	-0.02	2	7945	卖盘
14:28:12	39.75	--	1	3975	买盘
14:28:09	39.75	--	47	187381	卖盘
14:28:06	39.75	--	11	43725	卖盘
14:28:00	39.75	--	4	15900	卖盘
14:27:57	39.75	--	4	15900	卖盘
14:27:54	39.75	-0.04	51	202725	卖盘
14:27:51	39.79	--	14	55706	卖盘
14:27:48	39.79	--	5	19895	卖盘
14:27:45	39.79	--	9	35811	卖盘
14:27:42	39.79	0.02	28	111412	买盘
14:27:36	39.77	-0.01	15	59655	卖盘
14:27:33	39.78	--	68	270504	卖盘
14:27:30	39.78	--	9	35802	卖盘
14:27:27	39.78	--	22	87516	卖盘
14:27:24	39.78	--	30	119340	卖盘
14:27:21	39.78	-0.02	5	19890	卖盘
14:27:18	39.8	-0.01	17	67660	买盘
14:27:15	39.81	--	50	199050	买盘
14:27:12	39.81	0.01	1	3981	买盘
14:27:09	39.8	-0.01	114	453719	卖盘
14:27:06	39.81	0.01	2	7962	买盘
14:26:57	39.8	--	6	23880	卖盘
14:26:54	39.8	--	10	39800	卖盘
14:26:51	39.8	--	4	15919	卖盘
14:26:48	39.8	-0.01	2	7959	卖盘
14:26:39	39.81	--	4	15924	卖盘
14:26:36	39.81	-0.01	8	31848	卖盘
14:26:24	39.82	-0.02	47	187154	卖盘
14:26:18	39.84	-0.01	15	59760	卖盘
14:26:15	39.85	--	2	7970	买盘
14:26:12	39.85	--	6	23910	买盘
14:26:06	39.85	--	10	39850	买盘
14:25:57	39.85	-0.02	2	7970	买盘
14:25:51	39.87	0.02	1	3986	卖盘
14:25:48	39.85	--	33	131505	卖盘
14:25:45	39.85	--	20	79700	卖盘
14:25:39	39.85	--	21	83685	卖盘
14:25:27	39.85	-0.01	12	47820	卖盘
14:25:24	39.86	-0.01	3	11958	卖盘
14:25:15	39.87	--	1	3986	买盘
14:25:12	39.87	-0.04	177	705699	卖盘
14:25:00	39.91	-0.02	3	11972	卖盘
14:24:57	39.93	0.02	36	143748	中性盘
14:24:48	39.91	--	2	7981	卖盘
14:24:42	39.91	--	6	23945	卖盘
14:24:39	39.91	--	9	35919	卖盘
14:24:33	39.91	--	14	55873	卖盘
14:24:27	39.91	--	1	3990	卖盘
14:24:24	39.91	-0.04	54	216910	卖盘
14:24:15	39.95	--	1	3995	买盘
14:24:12	39.95	--	13	51935	卖盘
14:24:09	39.95	-0.03	40	159800	卖盘
14:24:06	39.98	--	8	31983	买盘
14:23:54	39.98	0.04	5	19990	买盘
14:23:51	39.94	-0.01	3	11982	卖盘
14:23:48	39.95	-0.04	1	3995	卖盘
14:23:39	39.99	--	3	11997	卖盘
14:23:36	39.99	0.04	97	387903	买盘
14:23:30	39.95	-0.01	1	3995	买盘
14:23:24	39.96	0.02	15	59940	买盘
14:23:21	39.94	-0.01	2	7988	卖盘
14:23:18	39.95	0.01	7	27965	卖盘
14:23:15	39.94	--	12	47928	卖盘
14:23:12	39.94	-0.01	4	15976	卖盘
14:23:09	39.95	0.01	10	39950	买盘
14:23:06	39.94	-0.01	2	7988	卖盘
14:23:03	39.95	0.01	9	35955	买盘
14:23:00	39.94	-0.01	8	31952	卖盘
14:22:57	39.95	0.02	20	79900	买盘
14:22:54	39.93	-0.02	10	39930	卖盘
14:22:51	39.95	0.02	75	299625	买盘
14:22:48	39.93	--	13	51909	卖盘
14:22:45	39.93	--	1	3993	卖盘
14:22:42	39.93	--	89	357972	买盘
14:22:39	39.93	--	4	15972	买盘
14:22:36	39.93	0.01	3	11979	买盘
14:22:33	39.92	--	36	143712	卖盘
14:22:30	39.92	--	6	23952	卖盘
14:22:27	39.92	--	4	15968	卖盘
14:22:24	39.92	-0.01	15	59880	中性盘
14:22:18	39.93	0.02	3	11979	买盘
14:22:12	39.91	--	5	19955	卖盘
14:22:06	39.91	--	1	3990	卖盘
14:21:54	39.91	--	22	87801	买盘
14:21:51	39.91	0.02	59	235468	买盘
14:21:48	39.89	-0.02	1	3989	卖盘
14:21:36	39.91	0.02	13	51882	买盘
14:21:33	39.89	-0.01	13	51857	卖盘
14:21:27	39.9	--	3	11970	卖盘
14:21:24	39.9	-0.01	1	3990	卖盘
14:21:21	39.91	--	19	75829	买盘
14:21:18	39.91	0.01	1	3990	买盘
14:21:15	39.9	--	3	11970	卖盘
14:21:12	39.9	--	6	23940	卖盘
14:21:09	39.9	--	12	47880	卖盘
14:20:54	39.9	-0.01	2	7980	卖盘
14:20:45	39.91	-0.02	7	27936	卖盘
14:20:42	39.93	0.02	5	19965	买盘
14:20:39	39.91	--	1	3990	卖盘
14:20:36	39.91	--	1	3990	卖盘
14:20:33	39.91	--	2	7981	卖盘
14:20:30	39.91	-0.03	17	67847	卖盘
14:20:21	39.94	0.01	6	23964	买盘
14:20:18	39.93	--	1	3993	卖盘
14:20:15	39.93	0.01	21	83853	买盘
14:20:09	39.92	--	9	35928	卖盘
14:20:00	39.92	0.01	2	7984	买盘
14:19:57	39.91	--	6	23945	卖盘
14:19:51	39.91	--	2	7981	买盘
14:19:45	39.91	--	13	51882	买盘
14:19:42	39.91	-0.01	15	59864	卖盘
14:19:39	39.92	-0.01	1	3992	中性盘
14:19:30	39.93	--	7	27951	买盘
14:19:27	39.93	0.02	1	3993	买盘
14:19:24	39.91	-0.02	6	23945	卖盘
14:19:21	39.93	--	10	39930	买盘
14:19:15	39.93	0.02	11	43923	买盘
14:19:12	39.91	0.01	2	7981	中性盘
14:19:09	39.9	-0.01	8	31920	卖盘
14:19:06	39.91	--	1	3990	买盘
14:19:00	39.91	--	16	63855	买盘
14:18:51	39.91	0.03	4	15963	买盘
14:18:48	39.88	-0.03	3	11964	卖盘
14:18:45	39.91	0.04	14	55873	买盘
14:18:36	39.87	-0.04	4	15947	卖盘
14:18:30	39.91	0.05	36	143676	买盘
14:18:21	39.86	-0.01	52	207272	卖盘
14:18:18	39.87	-0.03	24	95688	卖盘
14:18:15	39.9	--	14	55860	买盘
14:18:12	39.9	0.03	1	3990	买盘
14:18:09	39.87	-0.01	8	31895	卖盘
14:18:03	39.88	0.01	6	23928	买盘
14:18:00	39.87	--	32	127583	买盘
14:17:57	39.87	-0.03	20	79740	卖盘
14:17:54	39.9	--	5	19950	买盘
14:17:48	39.9	0.03	17	67830	买盘
14:17:45	39.87	-0.03	15	59804	卖盘
14:17:39	39.9	--	30	119700	买盘
14:17:30	39.9	0.03	2	7980	买盘
14:17:24	39.87	-0.03	5	19935	卖盘
14:17:15	39.9	0.03	9	35910	买盘
14:17:09	39.87	-0.03	6	23922	卖盘
14:17:00	39.9	0.03	10	39900	买盘
14:16:54	39.87	-0.03	1	3986	中性盘
14:16:42	39.9	0.04	4	15960	买盘
14:16:36	39.86	-0.01	25	99650	卖盘
14:16:27	39.87	-0.03	21	83727	卖盘
14:16:21	39.9	-0.03	1	3990	中性盘
14:16:06	39.93	--	26	103818	买盘
14:15:27	39.93	--	30	119790	卖盘
14:15:18	39.93	--	145	578985	卖盘
14:15:15	39.93	--	7	27951	卖盘
14:15:12	39.93	-0.01	18	71874	中性盘
14:14:48	39.94	0.08	104	415376	买盘
14:14:45	39.86	-0.08	1	3986	卖盘
14:14:24	39.94	--	31	123814	卖盘
14:14:21	39.94	--	30	119820	卖盘
14:14:18	39.94	--	10	39940	卖盘
14:14:12	39.94	--	5	19970	卖盘
14:14:09	39.94	--	8	31952	卖盘
14:14:03	39.94	--	12	47928	卖盘
14:14:00	39.94	--	42	167748	买盘
14:13:51	39.94	0.03	46	183724	买盘
14:13:48	39.91	-0.04	3	11972	卖盘
14:13:36	39.95	--	1	3995	买盘
14:13:30	39.95	--	20	79900	买盘
14:13:27	39.95	--	13	51935	买盘
14:13:18	39.95	0.01	13	51935	买盘
14:13:15	39.94	-0.01	2	7988	卖盘
14:13:12	39.95	0.01	17	67915	买盘
14:13:09	39.94	--	25	99850	卖盘
14:13:00	39.94	0.02	23	91862	买盘
14:12:57	39.92	-0.02	7	27944	中性盘
14:12:54	39.94	0.03	7	27958	中性盘
14:12:42	39.91	--	4	15963	卖盘
14:12:39	39.91	0.01	17	67847	买盘
14:12:36	39.9	--	5	19950	卖盘
14:12:24	39.9	0.02	23	91770	买盘
14:12:21	39.88	-0.02	14	55832	卖盘
14:12:18	39.9	0.02	2	7980	买盘
14:12:09	39.88	--	197	785636	买盘
14:12:06	39.88	0.03	8	31904	买盘
14:12:03	39.85	-0.02	165	657525	卖盘
14:11:45	39.87	--	9	35883	卖盘
14:11:42	39.87	--	6	23922	卖盘
14:11:39	39.87	0.01	23	91701	买盘
14:11:30	39.86	0.01	7	27902	买盘
14:11:27	39.85	-0.01	30	119550	卖盘
14:11:12	39.86	0.01	1	3986	中性盘
14:11:00	39.85	-0.02	5	19925	卖盘
14:10:57	39.87	-0.01	2	7973	卖盘
14:10:54	39.88	0.01	19	75772	买盘
14:10:36	39.87	--	4	15947	买盘
14:10:33	39.87	0.03	2	7973	买盘
14:10:27	39.84	0.01	13	51792	中性盘
14:10:09	39.83	-0.01	9	35847	卖盘
14:10:06	39.84	0.04	6	23904	买盘
14:10:00	39.8	--	18	71640	卖盘
14:09:57	39.8	--	36	143280	买盘
14:09:54	39.8	--	11	43780	买盘
14:09:51	39.8	--	11	43780	买盘
14:09:48	39.8	--	2	7959	买盘
14:09:42	39.8	--	24	95520	买盘
14:09:39	39.8	-0.01	44	175120	卖盘
14:09:33	39.81	--	8	31848	买盘
14:09:27	39.81	0.01	2	7962	买盘
14:09:21	39.8	--	3	11940	卖盘
14:09:18	39.8	--	9	35820	卖盘
14:09:15	39.8	0.02	30	119399	买盘
14:09:12	39.78	--	5	19890	买盘
14:09:09	39.78	--	25	99450	买盘
14:09:03	39.78	--	10	39780	买盘
14:08:57	39.78	--	52	206856	买盘
14:08:54	39.78	--	2	7956	买盘
14:08:51	39.78	-0.01	48	190944	卖盘
14:08:48	39.79	--	4	15916	买盘
14:08:45	39.79	--	2	7958	买盘
14:08:42	39.79	0.01	3	11937	买盘
14:08:39	39.78	0.01	5	19890	中性盘
14:08:27	39.77	0.01	10	39770	买盘
14:08:24	39.76	-0.01	1	3976	卖盘
14:08:21	39.77	--	14	55678	买盘
14:08:18	39.77	--	21	83517	买盘
14:08:15	39.77	--	11	43747	买盘
14:08:12	39.77	--	48	190896	买盘
14:08:09	39.77	--	51	202827	买盘
14:08:06	39.77	--	10	39770	买盘
14:08:03	39.77	0.01	32	127264	买盘
14:08:00	39.76	--	13	51688	卖盘
14:07:57	39.76	-0.04	47	186872	卖盘
14:07:54	39.8	0.03	13	51739	买盘
14:07:51	39.77	0.01	302	1201054	中性盘
14:07:48	39.76	-0.01	17	67592	卖盘
14:07:39	39.77	0.01	16	63632	中性盘
14:07:30	39.76	--	3	11928	卖盘
14:07:18	39.76	-0.03	2	7952	卖盘
14:07:15	39.79	-0.02	2	7958	中性盘
14:07:12	39.81	0.03	455	1814778	买盘
14:07:09	39.78	-0.02	23	91494	卖盘
14:07:03	39.8	0.01	30	119399	买盘
14:07:00	39.79	--	10	39790	卖盘
14:06:54	39.79	-0.02	11	43769	卖盘
14:06:39	39.81	0.02	74	294594	买盘
14:06:36	39.79	-0.01	35	139265	卖盘
14:06:33	39.8	--	102	405960	卖盘
14:06:27	39.8	-0.01	18	71640	卖盘
14:06:24	39.81	--	2	7962	买盘
14:06:21	39.81	--	2	7962	买盘
14:06:12	39.81	--	29	115449	卖盘
14:06:09	39.81	--	12	47772	卖盘
14:06:06	39.81	-0.01	1	3981	卖盘
14:06:03	39.82	0.01	10	39820	买盘
14:06:00	39.81	--	14	55734	卖盘
14:05:57	39.81	-0.01	10	39810	卖盘
14:05:54	39.82	--	26	103532	买盘
14:05:51	39.82	--	10	39820	买盘
14:05:48	39.82	--	7	27874	买盘
14:05:45	39.82	--	1	3982	买盘
14:05:42	39.82	0.01	25	99550	买盘
14:05:39	39.81	--	8	31848	卖盘
14:05:36	39.81	-0.01	3	11943	卖盘
14:05:30	39.82	0.01	19	75658	买盘
14:05:27	39.81	--	13	51753	卖盘
14:05:24	39.81	--	10	39810	卖盘
14:05:18	39.81	-0.01	5	19905	卖盘
14:05:15	39.82	-0.01	5	19910	卖盘
14:05:09	39.83	--	9	35847	卖盘
14:05:06	39.83	--	1	3983	卖盘
14:05:03	39.83	--	3	11949	卖盘
14:04:51	39.83	0.01	35	139405	买盘
14:04:48	39.82	-0.01	67	266794	卖盘
14:04:42	39.83	0.01	78	310674	买盘
14:04:39	39.82	-0.02	2	7964	卖盘
14:04:33	39.84	--	5	19920	买盘
14:04:24	39.84	--	15	59760	买盘
14:04:21	39.84	-0.04	7	27888	中性盘
14:04:12	39.88	0.01	208	829504	买盘
14:04:09	39.87	0.03	1	3986	中性盘
14:04:06	39.84	-0.04	2	7968	卖盘
14:04:03	39.88	0.06	3	11964	买盘
14:03:57	39.82	-0.03	10	39820	卖盘
14:03:54	39.85	0.01	10	39850	卖盘
14:03:51	39.84	0.02	30	119520	买盘
14:03:48	39.82	-0.01	38	151316	卖盘
14:03:39	39.83	-0.01	15	59745	卖盘
14:03:33	39.84	-0.01	2	7968	卖盘
14:03:24	39.85	--	1	3985	买盘
14:03:21	39.85	--	11	43835	卖盘
14:03:15	39.85	-0.05	23	91655	卖盘
14:03:09	39.9	0.05	10	39900	买盘
14:03:06	39.85	-0.03	20	79700	卖盘
14:03:00	39.88	-0.02	4	15952	卖盘
14:02:57	39.9	--	2	7980	买盘
14:02:48	39.9	-0.03	164	654360	卖盘
14:02:45	39.93	0.03	52	207636	买盘
14:02:39	39.9	0.02	31	123690	中性盘
14:02:24	39.88	-0.02	5	19940	卖盘
14:02:18	39.9	--	31	123690	卖盘
14:02:15	39.9	0.01	34	135660	买盘
14:02:12	39.89	-0.03	20	79780	卖盘
14:02:09	39.92	0.02	69	275448	买盘
14:02:06	39.9	--	3	11970	买盘
14:02:03	39.9	--	3	11970	中性盘
14:01:57	39.9	-0.01	63	251370	卖盘
14:01:51	39.91	0.01	3	11972	买盘
14:01:48	39.9	--	3	11970	卖盘
14:01:45	39.9	--	2	7980	买盘
14:01:42	39.9	-0.02	12	47880	卖盘
14:01:39	39.92	--	5	19960	买盘
14:01:36	39.92	--	11	43912	卖盘
14:01:30	39.92	-0.01	2	7984	卖盘
14:01:24	39.93	--	18	71874	买盘
14:01:18	39.93	-0.02	18	71874	卖盘
14:01:09	39.95	0.02	30	119850	买盘
14:01:06	39.93	--	1	3993	卖盘
14:01:03	39.93	-0.02	1	3993	卖盘
14:00:48	39.95	-0.01	11	43945	卖盘
14:00:45	39.96	0.01	29	115884	买盘
14:00:39	39.95	-0.01	2	7990	卖盘
14:00:33	39.96	-0.01	17	67932	卖盘
14:00:09	39.97	-0.02	2	9872	卖盘
13:59:57	39.99	0.02	17	67983	买盘
13:59:54	39.97	-0.01	7	27979	卖盘
13:59:48	39.98	0.01	16	66086	买盘
13:59:39	39.97	--	8	31976	卖盘
13:59:36	39.97	--	17	67949	卖盘
13:59:12	39.97	0.01	15	59955	买盘
13:59:06	39.96	-0.01	28	111888	卖盘
13:59:03	39.97	0.01	1	3997	卖盘
13:59:00	39.96	-0.01	25	99900	卖盘
13:58:57	39.97	--	4	15988	买盘
13:58:51	39.97	0.01	4	15988	买盘
13:58:48	39.96	--	5	19980	卖盘
13:58:42	39.96	-0.03	4	15984	卖盘
13:58:24	39.99	--	2	9877	卖盘
13:58:21	39.99	-0.01	2	7998	卖盘
13:58:18	40.0	0.01	1	4000	买盘
13:58:06	39.99	-0.01	72	287928	卖盘
13:58:03	40.0	--	1	4000	卖盘
13:58:00	40.0	--	29	116000	卖盘
13:57:54	40.0	-0.02	20	80000	卖盘
13:57:48	40.02	0.01	80	322281	买盘
13:57:36	40.01	--	3	12003	卖盘
13:57:27	40.01	--	10	40010	卖盘
13:57:24	40.01	--	37	148037	买盘
13:57:09	40.01	--	13	52013	卖盘
13:57:06	40.01	-0.01	24	96024	卖盘
13:56:57	40.02	--	9	36018	卖盘
13:56:54	40.02	-0.01	2	8004	卖盘
13:56:51	40.03	--	6	24018	卖盘
13:56:45	40.03	0.01	22	88066	卖盘
13:56:42	40.02	-0.01	10	40020	卖盘
13:56:39	40.03	0.01	11	44033	买盘
13:56:36	40.02	--	2	8004	卖盘
13:56:33	40.02	--	2	8004	卖盘
13:56:27	40.02	-0.01	20	80040	卖盘
13:56:24	40.03	--	1	4003	卖盘
13:56:21	40.03	-0.03	12	48036	中性盘
13:56:18	40.06	0.04	30	120180	买盘
13:56:15	40.02	-0.04	2	8004	卖盘
13:56:06	40.06	--	12	48072	买盘
13:55:57	40.06	-0.01	33	132198	卖盘
13:55:54	40.07	0.01	10	40070	买盘
13:55:51	40.06	--	22	88132	卖盘
13:55:48	40.06	--	8	32048	卖盘
13:55:39	40.06	--	8	32048	卖盘
13:55:36	40.06	--	7	28042	买盘
13:55:33	40.06	0.04	22	88132	买盘
13:55:30	40.02	-0.03	57	228114	卖盘
13:55:27	40.05	--	10	40050	卖盘
13:55:18	40.05	0.04	28	112139	中性盘
13:55:06	40.01	-0.06	4	16004	中性盘
13:55:00	40.07	0.07	19	76133	买盘
13:54:54	40.0	-0.05	51	204000	卖盘
13:54:51	40.05	--	3	12015	中性盘
13:54:48	40.05	0.05	7	28034	买盘
13:54:39	40.0	-0.05	190	760000	卖盘
13:54:36	40.05	--	5	20025	卖盘
13:54:30	40.05	-0.03	1	4004	卖盘
13:54:24	40.08	0.03	1	4008	买盘
13:54:21	40.05	0.01	1	4004	卖盘
13:54:18	40.04	--	2	8008	买盘
13:54:15	40.04	-0.05	19	76076	卖盘
13:54:12	40.09	-0.01	20	80180	中性盘
13:54:06	40.1	--	45	180450	买盘
13:54:03	40.1	--	13	52130	买盘
13:53:57	40.1	--	20	80200	买盘
13:53:51	40.1	--	4	16040	买盘
13:53:48	40.1	-0.02	27	109673	卖盘
13:53:45	40.12	0.02	10	40120	买盘
13:53:42	40.1	--	106	427666	卖盘
13:53:39	40.1	--	180	721800	买盘
13:53:33	40.1	--	105	421050	买盘
13:53:30	40.1	0.07	48	192480	买盘
13:53:21	40.03	-0.07	2	8006	卖盘
13:53:12	40.1	0.08	50	200500	买盘
13:53:00	40.02	-0.08	25	100050	卖盘
13:52:57	40.1	0.07	158	633580	买盘
13:52:54	40.03	0.03	26	104078	买盘
13:52:48	40.0	--	1	4000	卖盘
13:52:45	40.0	-0.01	3	12000	卖盘
13:52:42	40.01	0.01	29	116029	买盘
13:52:39	40.0	--	91	364000	买盘
13:52:36	40.0	--	96	384000	买盘
13:52:33	40.0	--	6	24000	买盘
13:52:30	40.0	--	5	20000	买盘
13:52:27	40.0	0.01	24	96000	买盘
13:52:24	39.99	--	15	59985	卖盘
13:52:15	39.99	--	10	39990	卖盘
13:52:09	39.99	--	39	155961	买盘
13:52:06	39.99	0.04	32	127968	买盘
13:52:03	39.95	0.01	9	35955	买盘
13:51:48	39.94	0.05	15	59910	买盘
13:51:39	39.89	--	8	31912	卖盘
13:51:36	39.89	-0.01	20	79780	卖盘
13:51:33	39.9	--	2	7980	买盘
13:51:30	39.9	0.01	5	19950	买盘
13:51:27	39.89	--	2	7978	卖盘
13:51:18	39.89	0.04	20	79780	买盘
13:51:09	39.85	-0.02	8	31880	卖盘
13:51:06	39.87	0.01	17	67779	买盘
13:51:03	39.86	--	1	3986	买盘
13:51:00	39.86	--	1	3986	买盘
13:50:57	39.86	--	2	7972	买盘
13:50:51	39.86	0.03	2	7972	买盘
13:50:48	39.83	-0.02	3	11949	卖盘
13:50:45	39.85	0.02	4	15940	买盘
13:50:39	39.83	-0.04	30	119490	卖盘
13:50:30	39.87	0.02	52	207324	买盘
13:50:15	39.85	0.02	2	7970	买盘
13:50:09	39.83	-0.02	10	39830	卖盘
13:50:06	39.85	0.02	40	159400	买盘
13:49:54	39.83	--	4	15932	卖盘
13:49:51	39.83	--	2	7966	卖盘
13:49:48	39.83	--	6	23898	买盘
13:49:39	39.83	-0.01	2	7966	卖盘
13:49:36	39.84	0.02	2	7968	买盘
13:49:33	39.82	-0.01	15	59730	卖盘
13:49:24	39.83	0.01	1	3983	卖盘
13:49:21	39.82	-0.01	13	51766	卖盘
13:49:18	39.83	0.01	4	15932	买盘
13:49:15	39.82	--	1	3982	卖盘
13:49:09	39.82	-0.01	8	31856	卖盘
13:49:06	39.83	0.01	7	27881	买盘
13:49:00	39.82	-0.01	5	19910	卖盘
13:48:57	39.83	0.01	14	55762	买盘
13:48:54	39.82	--	10	39820	卖盘
13:48:51	39.82	-0.01	13	51766	卖盘
13:48:48	39.83	0.01	1	3983	买盘
13:48:45	39.82	--	1	3982	卖盘
13:48:39	39.82	--	14	55748	卖盘
13:48:36	39.82	-0.01	3	11946	买盘
13:48:33	39.83	0.02	5	19915	买盘
13:48:24	39.81	-0.02	6	23886	卖盘
13:48:18	39.83	0.02	3	11949	买盘
13:48:12	39.81	-0.03	24	95544	卖盘
13:48:06	39.84	0.02	14	55776	买盘
13:48:03	39.82	--	4	15928	卖盘
13:47:57	39.82	0.01	2	7964	买盘
13:47:54	39.81	-0.02	10	39810	卖盘
13:47:51	39.83	0.02	13	51779	买盘
13:47:45	39.81	--	5	19905	卖盘
13:47:42	39.81	--	17	67677	卖盘
13:47:36	39.81	-0.03	22	87582	卖盘
13:47:33	39.84	0.02	10	39840	买盘
13:47:24	39.82	-0.01	1	3982	买盘
13:47:21	39.83	--	1	3983	卖盘
13:47:09	39.83	0.01	28	111524	买盘
13:47:06	39.82	-0.01	7	27874	卖盘
13:47:03	39.83	0.01	42	167286	买盘
13:47:00	39.82	--	12	47784	卖盘
13:46:54	39.82	--	12	47784	卖盘
13:46:51	39.82	-0.01	14	55748	卖盘
13:46:48	39.83	0.01	2	7966	买盘
13:46:42	39.82	-0.01	29	115478	卖盘
13:46:33	39.83	-0.02	1	3983	卖盘
13:46:30	39.85	0.02	3	11955	买盘
13:46:24	39.83	-0.04	13	51779	卖盘
13:46:12	39.87	--	15	59804	买盘
13:46:09	39.87	-0.01	1	3986	卖盘
13:46:00	39.88	--	32	127616	卖盘
13:45:54	39.88	--	15	59820	卖盘
13:45:42	39.88	0.01	21	83748	买盘
13:45:39	39.87	--	9	35883	卖盘
13:45:30	39.87	--	2	7973	卖盘
13:45:18	39.87	-0.01	2	7973	卖盘
13:45:15	39.88	0.02	2	7976	买盘
13:45:09	39.86	-0.01	21	83706	卖盘
13:45:06	39.87	0.01	8	31895	中性盘
13:44:48	39.86	0.02	6	23916	买盘
13:44:39	39.84	-0.03	18	71712	卖盘
13:44:36	39.87	--	5	19935	卖盘
13:44:33	39.87	--	16	63791	买盘
13:44:30	39.87	0.04	3	11961	买盘
13:44:27	39.83	0.01	7	27881	中性盘
13:44:18	39.82	--	7	27874	卖盘
13:44:15	39.82	0.02	16	63712	买盘
13:44:06	39.8	-0.02	31	123379	卖盘
13:43:54	39.82	-0.07	94	374308	卖盘
13:43:51	39.89	--	4	15956	买盘
13:43:48	39.89	--	5	19945	买盘
13:43:45	39.89	--	1	3989	买盘
13:43:39	39.89	--	43	171527	卖盘
13:43:33	39.89	--	5	19945	卖盘
13:43:24	39.89	-0.02	17	67813	卖盘
13:43:21	39.91	0.01	28	111747	买盘
13:43:15	39.9	--	2	7980	卖盘
13:43:09	39.9	-0.01	50	199500	卖盘
13:43:06	39.91	--	2	7981	卖盘
13:43:00	39.91	-0.01	33	131703	卖盘
13:42:57	39.92	--	7	27944	买盘
13:42:54	39.92	0.01	48	191616	买盘
13:42:51	39.91	--	23	91792	卖盘
13:42:45	39.91	-0.01	39	155649	卖盘
13:42:42	39.92	--	9	35928	买盘
13:42:39	39.92	0.01	2	7984	中性盘
13:42:36	39.91	-0.01	32	127711	卖盘
13:42:30	39.92	--	16	63872	卖盘
13:42:27	39.92	--	4	15968	卖盘
13:42:24	39.92	--	2	7984	卖盘
13:42:18	39.92	--	34	135728	卖盘
13:42:15	39.92	--	150	598800	买盘
13:42:12	39.92	0.01	7	27944	中性盘
13:42:03	39.91	--	30	119729	卖盘
13:41:57	39.91	-0.01	13	51882	卖盘
13:41:54	39.92	--	34	135728	卖盘
13:41:51	39.92	--	60	239520	买盘
13:41:39	39.92	--	8	31936	买盘
13:41:36	39.92	-0.02	17	67864	卖盘
13:41:30	39.94	0.02	3	11982	买盘
13:41:27	39.92	--	22	87824	卖盘
13:41:24	39.92	-0.03	5	19960	卖盘
13:41:21	39.95	0.01	2	7990	买盘
13:41:15	39.94	-0.01	4	15976	中性盘
13:41:03	39.95	--	18	71910	卖盘
13:41:00	39.95	--	2	7990	中性盘
13:40:51	39.95	-0.01	8	31960	卖盘
13:40:36	39.96	-0.02	5	19980	卖盘
13:40:33	39.98	--	17	67966	卖盘
13:40:27	39.98	-0.01	8	31983	中性盘
13:40:24	39.99	0.01	10	39990	买盘
13:40:12	39.98	-0.01	5	19990	中性盘
13:39:54	39.99	-0.01	4	15996	卖盘
13:39:42	40.0	0.01	10	40000	买盘
13:39:36	39.99	-0.01	52	207948	卖盘
13:39:33	40.0	--	2	8000	卖盘
13:39:27	40.0	--	2	8000	卖盘
13:39:18	40.0	--	19	76000	买盘
13:39:09	40.0	--	11	44000	买盘
13:39:06	40.0	--	100	400000	买盘
13:39:03	40.0	0.01	7	28000	买盘
13:38:57	39.99	-0.01	8	31992	买盘
13:38:36	40.0	0.05	8	32000	买盘
13:38:27	39.95	--	29	115855	卖盘
13:38:18	39.95	-0.01	13	51935	卖盘
13:38:15	39.96	-0.04	10	39960	卖盘
13:38:09	40.0	--	10	40000	卖盘
13:38:06	40.0	--	35	140000	卖盘
13:38:03	40.0	0.04	26	104000	买盘
13:38:00	39.96	0.01	1	3996	买盘
13:37:54	39.95	-0.01	3	11985	卖盘
13:37:51	39.96	--	21	83916	买盘
13:37:48	39.96	-0.04	66	263736	卖盘
13:37:45	40.0	0.03	55	220000	买盘
13:37:42	39.97	0.01	4	15988	买盘
13:37:39	39.96	-0.01	3	11988	卖盘
13:37:36	39.97	--	47	187859	卖盘
13:37:27	39.97	-0.01	4	15988	卖盘
13:37:18	39.98	-0.02	2	7995	中性盘
13:36:54	40.0	--	13	52000	卖盘
13:36:51	40.0	0.03	66	264000	买盘
13:36:42	39.97	-0.03	15	59955	卖盘
13:36:39	40.0	0.01	1	4000	买盘
13:36:36	39.99	-0.01	32	127968	卖盘
13:36:33	40.0	--	4	16000	买盘
13:36:27	40.0	--	4	16000	卖盘
13:36:24	40.0	-0.02	30	120000	卖盘
13:36:21	40.02	0.02	2	8004	中性盘
13:36:15	40.0	--	21	84000	卖盘
13:36:12	40.0	-0.03	17	68000	卖盘
13:36:03	40.03	--	10	40030	买盘
13:36:00	40.03	--	20	80060	买盘
13:35:57	40.03	-0.02	2	8006	买盘
13:35:54	40.05	-0.04	78	312390	卖盘
13:35:48	40.09	0.01	2	8018	买盘
13:35:45	40.08	0.02	7	28056	买盘
13:35:42	40.06	-0.02	2	8012	中性盘
13:35:39	40.08	0.01	11	44088	买盘
13:35:36	40.07	0.02	6	24042	买盘
13:35:27	40.05	-0.03	9	36045	卖盘
13:35:24	40.08	0.02	7	28056	买盘
13:35:21	40.06	0.01	3	12018	买盘
13:35:15	40.05	--	1	4004	卖盘
13:35:09	40.05	0.01	58	232289	买盘
13:35:06	40.04	--	33	132132	卖盘
13:35:03	40.04	--	1	4004	卖盘
13:35:00	40.04	--	2	8008	卖盘
13:34:57	40.04	0.07	19	76076	买盘
13:34:51	39.97	-0.03	5	19985	卖盘
13:34:48	40.0	--	5	20000	买盘
13:34:45	40.0	--	74	296000	买盘
13:34:30	40.0	0.04	200	800000	买盘
13:34:27	39.96	0.01	1	3996	中性盘
13:34:24	39.95	-0.01	14	55930	卖盘
13:34:18	39.96	-0.01	20	79920	卖盘
13:34:15	39.97	0.01	38	151886	买盘
13:34:06	39.96	0.01	15	59940	买盘
13:34:03	39.95	--	12	47940	卖盘
13:33:57	39.95	--	2	7990	卖盘
13:33:54	39.95	--	7	27965	卖盘
13:33:51	39.95	0.02	91	363545	买盘
13:33:45	39.93	-0.02	106	423258	卖盘
13:33:39	39.95	0.01	11	43945	买盘
13:33:36	39.94	-0.02	29	115826	卖盘
13:33:33	39.96	0.02	41	163836	买盘
13:33:30	39.94	--	2	7988	卖盘
13:33:24	39.94	-0.01	7	27958	卖盘
13:33:21	39.95	--	8	31960	买盘
13:33:18	39.95	--	19	75905	买盘
13:33:15	39.95	--	5	19975	买盘
13:33:09	39.95	-0.01	35	139825	卖盘
13:33:00	39.96	0.01	5	19980	买盘
13:32:57	39.95	--	22	87890	卖盘
13:32:54	39.95	-0.01	11	43945	卖盘
13:32:48	39.96	--	3	11988	买盘
13:32:45	39.96	0.01	2	7992	买盘
13:32:42	39.95	--	3	11985	卖盘
13:32:39	39.95	--	11	43945	卖盘
13:32:36	39.95	--	1	3995	卖盘
13:32:33	39.95	0.04	40	159800	买盘
13:32:30	39.91	--	10	39910	卖盘
13:32:27	39.91	-0.01	8	31927	卖盘
13:32:21	39.92	--	13	51896	卖盘
13:32:18	39.92	0.01	1	3992	卖盘
13:32:09	39.91	-0.01	9	35919	卖盘
13:32:06	39.92	0.01	10	39920	买盘
13:31:57	39.91	-0.01	10	39910	卖盘
13:31:54	39.92	--	22	87824	买盘
13:31:42	39.92	--	21	83832	买盘
13:31:39	39.92	--	3	11976	买盘
13:31:36	39.92	-0.03	1	3992	卖盘
13:31:33	39.95	--	5	19975	买盘
13:31:30	39.95	0.04	4	15980	买盘
13:31:24	39.91	-0.04	7	27936	卖盘
13:31:21	39.95	--	11	43945	买盘
13:31:18	39.95	0.04	10	39950	买盘
13:31:15	39.91	--	74	295334	卖盘
13:31:09	39.91	-0.01	5	19955	卖盘
13:31:06	39.92	0.01	5	19960	中性盘
13:31:03	39.91	-0.02	5	19955	卖盘
13:30:54	39.93	0.01	5	19965	买盘
13:30:51	39.92	--	2	7984	卖盘
13:30:48	39.92	--	31	123752	卖盘
13:30:42	39.92	--	1	3992	卖盘
13:30:39	39.92	0.01	5	19960	买盘
13:30:36	39.91	-0.01	28	111747	卖盘
13:30:33	39.92	--	10	39920	买盘
13:30:30	39.92	--	5	19960	买盘
13:30:21	39.92	0.02	5	19960	买盘
13:30:15	39.9	--	26	103740	买盘
13:30:12	39.9	-0.02	20	79800	卖盘
13:30:09	39.92	--	12	47904	买盘
13:30:06	39.92	-0.01	2	7984	中性盘
13:29:54	39.93	--	10	39930	买盘
13:29:48	39.93	-0.01	7	27951	卖盘
13:29:45	39.94	--	1	3994	买盘
13:29:42	39.94	-0.01	17	67898	中性盘
13:29:30	39.95	0.01	57	227715	买盘
13:29:21	39.94	-0.01	24	95856	卖盘
13:29:18	39.95	0.01	13	51935	买盘
13:29:15	39.94	--	20	79880	卖盘
13:29:12	39.94	0.01	51	203694	买盘
13:29:06	39.93	-0.01	3	11979	中性盘
13:28:54	39.94	--	26	103844	买盘
13:28:48	39.94	--	17	67898	买盘
13:28:45	39.94	--	2	7988	买盘
13:28:42	39.94	-0.01	37	147778	中性盘
13:28:30	39.95	0.02	8	31960	买盘
13:28:21	39.93	--	3	11979	买盘
13:28:18	39.93	-0.01	13	51909	买盘
13:28:15	39.94	--	20	79880	卖盘
13:28:09	39.94	0.01	38	151772	买盘
13:28:06	39.93	-0.01	8	31944	中性盘
13:28:03	39.94	--	5	19970	买盘
13:27:54	39.94	0.03	4	15976	买盘
13:27:51	39.91	--	4	15963	卖盘
13:27:45	39.91	0.02	150	598650	买盘
13:27:42	39.89	--	3	11967	买盘
13:27:36	39.89	-0.01	7	27923	卖盘
13:27:33	39.9	--	1	3990	买盘
13:27:30	39.9	--	92	367080	买盘
13:27:24	39.9	--	6	23940	卖盘
13:27:21	39.9	-0.01	64	255360	卖盘
13:27:18	39.91	0.01	65	259414	买盘
13:27:12	39.9	-0.05	31	123690	卖盘
13:27:06	39.95	0.03	10	39950	买盘
13:27:03	39.92	--	5	19960	卖盘
13:27:00	39.92	0.01	4	15968	买盘
13:26:57	39.91	-0.01	4	15963	卖盘
13:26:54	39.92	0.01	50	199600	买盘
13:26:51	39.91	--	6	23945	卖盘
13:26:48	39.91	--	5	19955	卖盘
13:26:45	39.91	-0.01	18	71838	卖盘
13:26:42	39.92	0.02	48	191616	买盘
13:26:39	39.9	--	7	27930	中性盘
13:26:30	39.9	--	4	15960	买盘
13:26:27	39.9	0.02	4	15960	买盘
13:26:24	39.88	-0.02	1	3988	卖盘
13:26:18	39.9	--	5	19950	买盘
13:26:15	39.9	--	26	103740	卖盘
13:26:09	39.9	-0.04	3	11970	卖盘
13:26:06	39.94	0.04	17	67898	买盘
13:26:03	39.9	-0.03	40	159600	卖盘
13:25:57	39.93	--	14	55902	买盘
13:25:54	39.93	-0.01	3	11979	买盘
13:25:45	39.94	--	6	23964	买盘
13:25:42	39.94	0.03	13	51922	买盘
13:25:39	39.91	-0.02	20	79820	卖盘
13:25:36	39.93	-0.01	8	31944	卖盘
13:25:30	39.94	-0.02	2	11862	卖盘
13:25:27	39.96	0.02	3	11988	买盘
13:25:24	39.94	--	28	111832	卖盘
13:25:21	39.94	-0.02	61	243634	卖盘
13:25:18	39.96	0.02	50	199800	买盘
13:25:15	39.94	-0.03	8	31952	卖盘
13:25:06	39.97	0.03	1	3997	买盘
13:25:03	39.94	-0.03	27	107838	卖盘
13:25:00	39.97	-0.01	8	31976	卖盘
13:24:54	39.98	--	61	243877	买盘
13:24:51	39.98	0.01	3	11993	买盘
13:24:48	39.97	-0.01	7	27979	卖盘
13:24:45	39.98	-0.01	106	423787	卖盘
13:24:42	39.99	0.01	39	155961	买盘
13:24:39	39.98	-0.02	210	839579	卖盘
13:24:36	40.0	0.01	20	80000	买盘
13:24:33	39.99	-0.01	5	19995	卖盘
13:24:30	40.0	--	63	252000	买盘
13:24:27	40.0	--	52	208000	买盘
13:24:24	40.0	--	18	72000	卖盘
13:24:21	40.0	--	57	228000	卖盘
13:24:18	40.0	--	10	40000	卖盘
13:24:09	40.0	--	2	8000	卖盘
13:24:06	40.0	--	95	380000	卖盘
13:24:03	40.0	--	40	160000	卖盘
13:24:00	40.0	--	2	8000	卖盘
13:23:51	40.0	-0.01	1	4000	卖盘
13:23:45	40.01	--	30	120030	买盘
13:23:39	40.01	0.01	1	4001	买盘
13:23:36	40.0	-0.05	28	112000	卖盘
13:23:27	40.05	0.01	12	48060	买盘
13:23:21	40.04	--	7	28028	买盘
13:23:18	40.04	0.03	1	4004	买盘
13:23:15	40.01	0.01	1	4001	中性盘
13:22:57	40.0	--	16	64000	买盘
13:22:54	40.0	--	13	52000	买盘
13:22:51	40.0	--	49	196000	卖盘
13:22:42	40.0	--	11	44000	买盘
13:22:39	40.0	0.01	17	68000	卖盘
13:22:36	39.99	--	26	103974	卖盘
13:22:30	39.99	-0.02	17	67983	卖盘
13:22:21	40.01	0.03	46	184046	买盘
13:22:18	39.98	-0.02	5	19990	卖盘
13:22:15	40.0	--	7	28000	买盘
13:22:06	40.0	--	5	20000	卖盘
13:22:03	40.0	0.02	5	20000	买盘
13:22:00	39.98	--	1	3997	卖盘
13:21:54	39.98	--	5	19990	卖盘
13:21:51	39.98	-0.02	5	19990	卖盘
13:21:48	40.0	0.02	21	84000	买盘
13:21:45	39.98	--	8	31983	买盘
13:21:42	39.98	0.01	2	7995	买盘
13:21:39	39.97	--	3	11991	卖盘
13:21:36	39.97	--	11	43967	卖盘
13:21:33	39.97	0.01	81	323757	买盘
13:21:30	39.96	--	23	91908	买盘
13:21:27	39.96	--	20	79920	买盘
13:21:24	39.96	-0.01	78	311688	卖盘
13:21:21	39.97	--	29	115913	买盘
13:21:18	39.97	--	12	47964	买盘
13:21:06	39.97	--	15	59955	卖盘
13:21:03	39.97	-0.01	13	51961	卖盘
13:21:00	39.98	0.01	1	3997	买盘
13:20:57	39.97	--	2	7994	中性盘
13:20:48	39.97	0.01	5	19985	买盘
13:20:45	39.96	--	20	79920	卖盘
13:20:42	39.96	-0.04	7	27972	卖盘
13:20:39	40.0	0.02	12	48000	买盘
13:20:36	39.98	-0.02	2	7995	中性盘
13:20:30	40.0	0.02	10	40000	买盘
13:20:27	39.98	-0.02	1	3997	卖盘
13:20:24	40.0	--	9	36000	买盘
13:20:21	40.0	--	14	56000	买盘
13:20:18	40.0	--	59	236000	买盘
13:20:15	40.0	-0.01	21	84000	买盘
13:20:12	40.01	0.01	195	780195	买盘
13:20:09	40.0	--	62	250000	卖盘
13:20:06	40.0	-0.01	109	436000	卖盘
13:20:03	40.01	0.01	15	60015	买盘
13:20:00	40.0	--	127	508000	卖盘
13:19:57	40.0	--	118	472000	卖盘
13:19:54	40.0	--	1	4000	卖盘
13:19:51	40.0	-0.01	117	468000	卖盘
13:19:48	40.01	--	12	48012	买盘
13:19:42	40.01	0.01	1	4001	买盘
13:19:36	40.0	-0.01	53	212000	卖盘
13:19:33	40.01	--	16	64016	卖盘
13:19:30	40.01	--	14	56014	卖盘
13:19:21	40.01	--	8	32008	卖盘
13:19:18	40.01	--	4	16004	卖盘
13:19:15	40.01	0.01	29	116029	中性盘
13:19:12	40.0	-0.02	88	352000	卖盘
13:19:09	40.02	--	21	84042	中性盘
13:18:57	40.02	--	9	36018	买盘
13:18:54	40.02	-0.03	33	132066	卖盘
13:18:48	40.05	--	4	16019	卖盘
13:18:42	40.05	-0.01	1	4004	卖盘
13:18:36	40.06	--	3	12018	买盘
13:18:33	40.06	-0.02	2	8012	卖盘
13:18:27	40.08	-0.02	8	32064	卖盘
13:18:24	40.1	0.01	47	188470	买盘
13:18:21	40.09	--	4	16036	买盘
13:18:18	40.09	--	9	36081	卖盘
13:18:12	40.09	--	4	16036	卖盘
13:18:09	40.09	--	2	8018	卖盘
13:18:06	40.09	-0.01	10	40090	卖盘
13:18:03	40.1	0.01	21	84210	买盘
13:18:00	40.09	--	4	16036	卖盘
13:17:54	40.09	0.01	7	28063	买盘
13:17:51	40.08	--	11	44088	卖盘
13:17:45	40.08	--	4	16032	卖盘
13:17:42	40.08	--	5	20040	买盘
13:17:39	40.08	0.03	5	20040	中性盘
13:17:33	40.05	-0.05	75	300375	卖盘
13:17:30	40.1	0.02	44	176440	买盘
13:17:27	40.08	--	51	204408	卖盘
13:17:24	40.08	-0.02	9	36072	中性盘
13:17:15	40.1	0.03	46	184460	买盘
13:17:12	40.07	--	4	16028	卖盘
13:17:06	40.07	--	11	44077	卖盘
13:17:03	40.07	-0.03	6	24042	卖盘
13:17:00	40.1	--	15	60150	买盘
13:16:57	40.1	--	8	32080	买盘
13:16:54	40.1	--	50	200500	买盘
13:16:51	40.1	--	86	344860	买盘
13:16:48	40.1	--	21	84210	买盘
13:16:45	40.1	-0.07	92	371927	卖盘
13:16:42	40.17	0.02	7	28119	买盘
13:16:36	40.15	-0.03	1	4015	卖盘
13:16:33	40.18	--	6	24108	买盘
13:16:30	40.18	--	31	124558	买盘
13:16:27	40.18	-0.01	35	140630	卖盘
13:16:24	40.19	-0.01	2	8038	卖盘
13:16:21	40.2	-0.01	30	120600	卖盘
13:16:15	40.21	0.01	100	402100	买盘
13:16:12	40.2	-0.02	1	4020	卖盘
13:16:06	40.22	0.01	37	148814	买盘
13:16:03	40.21	-0.01	19	76399	卖盘
13:15:57	40.22	--	11	44242	买盘
13:15:54	40.22	--	1	4022	买盘
13:15:45	40.22	--	4	16088	买盘
13:15:42	40.22	--	24	96528	买盘
13:15:39	40.22	0.01	3	12066	买盘
13:15:36	40.21	--	16	64336	卖盘
13:15:33	40.21	-0.01	41	164861	中性盘
13:15:30	40.22	--	30	120660	买盘
13:15:27	40.22	--	1	4022	买盘
13:15:24	40.22	--	88	353936	买盘
13:15:21	40.22	0.02	6	24132	买盘
13:15:18	40.2	--	57	229140	卖盘
13:15:15	40.2	--	1	4020	卖盘
13:15:12	40.2	0.01	198	795960	买盘
13:15:09	40.19	-0.01	6	24114	买盘
13:15:06	40.2	0.02	77	309540	买盘
13:15:03	40.18	-0.01	101	405818	卖盘
13:15:00	40.19	-0.01	5	20095	卖盘
13:14:57	40.2	0.02	20	80400	买盘
13:14:54	40.18	--	5	20090	买盘
13:14:51	40.18	0.01	9	36162	买盘
13:14:45	40.17	0.02	21	84357	买盘
13:14:42	40.15	0.03	6	24090	卖盘
13:14:39	40.12	-0.03	91	365092	卖盘
13:14:36	40.15	0.02	45	180675	买盘
13:14:30	40.13	--	1	4013	买盘
13:14:27	40.13	0.01	6	24078	买盘
13:14:21	40.12	--	12	48144	卖盘
13:14:15	40.12	0.01	1	4011	卖盘
13:14:12	40.11	--	26	105288	买盘
13:14:09	40.11	--	7	28077	买盘
13:14:06	40.11	--	13	52143	买盘
13:14:03	40.11	--	1	4011	买盘
13:14:00	40.11	0.01	7	28077	买盘
13:13:57	40.1	-0.02	107	432077	卖盘
13:13:54	40.12	--	9	36108	卖盘
13:13:51	40.12	--	40	161483	买盘
13:13:48	40.12	0.02	30	120359	买盘
13:13:45	40.1	0.01	25	100250	买盘
13:13:42	40.09	-0.01	7	28063	卖盘
13:13:39	40.1	0.01	2	8020	买盘
13:13:36	40.09	-0.01	8	32072	卖盘
13:13:30	40.1	0.04	8	32080	买盘
13:13:27	40.06	-0.03	6	24036	卖盘
13:13:21	40.09	-0.01	5	20045	中性盘
13:13:15	40.1	0.03	98	392980	买盘
13:13:12	40.07	0.02	3	12021	买盘
13:13:09	40.05	-0.02	1	4004	卖盘
13:13:06	40.07	0.02	5	20035	中性盘
13:13:03	40.05	-0.01	14	56069	中性盘
13:12:54	40.06	0.03	74	296444	买盘
13:12:51	40.03	--	2	8006	卖盘
13:12:48	40.03	0.01	53	215241	买盘
13:12:45	40.02	--	5	20010	买盘
13:12:39	40.02	--	2	8004	买盘
13:12:36	40.02	--	29	116058	卖盘
13:12:33	40.02	--	2	8004	卖盘
13:12:30	40.02	--	5	20010	卖盘
13:12:24	40.02	--	8	32016	卖盘
13:12:18	40.02	0.01	1	4002	卖盘
13:12:12	40.01	--	10	40010	买盘
13:12:09	40.01	0.01	2	8002	买盘
13:12:06	40.0	-0.01	9	36000	卖盘
13:12:00	40.01	0.01	5	20005	买盘
13:11:57	40.0	-0.01	2	8000	卖盘
13:11:54	40.01	--	19	76019	卖盘
13:11:51	40.01	--	4	16004	卖盘
13:11:48	40.01	-0.02	1	4001	卖盘
13:11:45	40.03	0.01	5	20015	买盘
13:11:42	40.02	-0.01	6	24012	中性盘
13:11:27	40.03	0.03	2	8006	买盘
13:11:12	40.0	-0.03	13	52000	卖盘
13:11:06	40.03	--	6	24018	买盘
13:11:03	40.03	-0.02	20	80060	卖盘
13:11:00	40.05	--	6	24030	卖盘
13:10:57	40.05	0.01	10	40050	买盘
13:10:54	40.04	--	9	36036	卖盘
13:10:51	40.04	0.04	1	4004	中性盘
13:10:48	40.0	-0.03	286	1144000	卖盘
13:10:45	40.03	--	3	12009	卖盘
13:10:42	40.03	--	5	20015	卖盘
13:10:36	40.03	0.02	80	320240	买盘
13:10:33	40.01	--	1	4001	买盘
13:10:30	40.01	--	3	12003	买盘
13:10:27	40.01	-0.02	106	424106	卖盘
13:10:24	40.03	0.01	12	48036	买盘
13:10:18	40.02	-0.01	2	8004	中性盘
13:10:12	40.03	0.02	65	260195	买盘
13:10:00	40.01	--	1	4001	卖盘
13:09:57	40.01	-0.03	11	44011	卖盘
13:09:51	40.04	0.02	8	32032	买盘
13:09:48	40.02	--	2	8004	买盘
13:09:45	40.02	-0.02	3	12006	中性盘
13:09:42	40.04	--	9	36036	卖盘
13:09:39	40.04	--	1	4004	卖盘
13:09:36	40.04	--	3	12012	卖盘
13:09:33	40.04	0.02	10	40040	卖盘
13:09:30	40.02	-0.02	30	120060	买盘
13:09:27	40.04	-0.04	23	92092	卖盘
13:09:24	40.08	--	5	20040	卖盘
13:09:21	40.08	0.04	219	877752	买盘
13:09:18	40.04	--	3	12012	买盘
13:09:15	40.04	0.01	8	32032	买盘
13:09:12	40.03	-0.01	10	40030	卖盘
13:09:09	40.04	-0.01	7	28028	买盘
13:09:06	40.05	--	65	260324	卖盘
13:09:00	40.05	--	2	8009	买盘
13:08:54	40.05	--	55	220274	买盘
13:08:51	40.05	--	10	40050	买盘
13:08:48	40.05	--	184	736920	卖盘
13:08:45	40.05	--	1	4004	卖盘
13:08:42	40.05	--	53	212264	卖盘
13:08:39	40.05	--	59	236294	卖盘
13:08:36	40.05	--	6	24030	卖盘
13:08:33	40.05	--	7	28034	卖盘
13:08:30	40.05	0.02	29	116144	买盘
13:08:27	40.03	-0.02	1	4003	中性盘
13:08:18	40.05	0.02	5	20025	买盘
13:08:15	40.03	-0.02	9	36027	卖盘
13:08:12	40.05	0.02	9	36045	买盘
13:08:09	40.03	0.01	4	16012	中性盘
13:08:06	40.02	-0.03	4	16008	卖盘
13:08:03	40.05	--	12	48060	买盘
13:08:00	40.05	--	5	20025	买盘
13:07:57	40.05	0.02	4	16019	买盘
13:07:54	40.03	-0.01	5	20015	卖盘
13:07:48	40.04	-0.01	4	16016	中性盘
13:07:45	40.05	0.01	6	24030	买盘
13:07:42	40.04	0.01	33	132132	买盘
13:07:39	40.03	-0.01	20	80060	卖盘
13:07:36	40.04	0.01	14	56056	买盘
13:07:33	40.03	-0.01	12	48036	卖盘
13:07:27	40.04	--	5	20020	买盘
13:07:24	40.04	0.01	1	4004	买盘
13:07:18	40.03	--	27	108081	卖盘
13:07:15	40.03	--	3	12009	卖盘
13:07:12	40.03	0.01	26	104078	买盘
13:07:09	40.02	-0.01	92	368184	买盘
13:07:06	40.03	0.02	10	40030	买盘
13:07:03	40.01	--	7	28007	卖盘
13:06:57	40.01	--	21	84021	买盘
13:06:54	40.01	0.01	40	160040	买盘
13:06:51	40.0	-0.01	317	1268000	卖盘
13:06:45	40.01	-0.02	238	952238	卖盘
13:06:36	40.03	--	9	36027	卖盘
13:06:33	40.03	-0.01	13	52039	卖盘
13:06:30	40.04	--	23	92092	买盘
13:06:24	40.04	--	2	8008	买盘
13:06:21	40.04	--	1	4004	买盘
13:06:15	40.04	-0.01	27	108108	卖盘
13:06:12	40.05	--	7	28034	卖盘
13:06:09	40.05	-0.03	10	40050	卖盘
13:06:06	40.08	0.05	6	24048	中性盘
13:06:00	40.03	-0.01	52	208156	卖盘
13:05:48	40.04	-0.01	20	80080	卖盘
13:05:45	40.05	-0.04	1	4004	中性盘
13:05:39	40.09	0.05	48	195839	买盘
13:05:36	40.04	-0.01	12	48048	卖盘
13:05:30	40.05	--	7	28034	买盘
13:05:24	40.05	--	39	156795	卖盘
13:05:18	40.05	-0.04	10	40050	卖盘
13:05:09	40.09	--	10	40090	买盘
13:05:06	40.09	0.04	35	140315	卖盘
13:05:03	40.05	-0.04	13	52064	卖盘
13:05:00	40.09	--	2	8018	卖盘
13:04:57	40.09	0.01	29	116261	买盘
13:04:48	40.08	-0.01	3	12024	卖盘
13:04:45	40.09	--	4	16036	买盘
13:04:42	40.09	--	8	32072	买盘
13:04:39	40.09	--	2	8018	卖盘
13:04:36	40.09	-0.01	13	52117	卖盘
13:04:33	40.1	-0.02	24	96240	中性盘
13:04:27	40.12	0.02	6	24072	买盘
13:04:24	40.1	--	6	24060	买盘
13:04:12	40.1	-0.01	34	136340	卖盘
13:04:09	40.11	0.01	10	40110	买盘
13:04:06	40.1	--	4	16040	卖盘
13:04:00	40.1	--	43	172430	买盘
13:03:57	40.1	--	104	417040	买盘
13:03:54	40.1	0.01	12	48120	买盘
13:03:51	40.09	--	6	24054	卖盘
13:03:48	40.09	-0.01	11	44099	卖盘
13:03:45	40.1	0.01	1	4010	买盘
13:03:42	40.09	--	10	40090	卖盘
13:03:39	40.09	0.01	3	15434	买盘
13:03:36	40.08	-0.01	48	192384	卖盘
13:03:33	40.09	--	32	128288	买盘
13:03:30	40.09	0.01	11	44099	买盘
13:03:27	40.08	0.01	7	28056	卖盘
13:03:24	40.07	-0.02	12	48084	卖盘
13:03:21	40.09	0.01	4	16036	买盘
13:03:09	40.08	0.01	4	16032	买盘
13:03:06	40.07	0.02	10	40070	买盘
13:03:03	40.05	0.01	4	16019	中性盘
13:02:57	40.04	--	16	64064	卖盘
13:02:54	40.04	--	2	8008	卖盘
13:02:51	40.04	-0.04	35	140140	卖盘
13:02:48	40.08	0.03	25	100200	买盘
13:02:45	40.05	-0.03	2	8009	中性盘
13:02:42	40.08	--	41	164328	买盘
13:02:39	40.08	0.04	5	20040	中性盘
13:02:36	40.04	-0.05	39	156156	卖盘
13:02:33	40.09	--	8	32072	买盘
13:02:27	40.09	0.01	5	20045	买盘
13:02:21	40.08	-0.01	2	8016	卖盘
13:02:18	40.09	0.06	16	64144	买盘
13:02:15	40.03	-0.06	54	216162	卖盘
13:02:12	40.09	--	40	160360	买盘
13:02:09	40.09	-0.03	34	136907	卖盘
13:02:06	40.12	-0.03	10	40120	买盘
13:02:03	40.15	-0.02	13	52195	卖盘
13:02:00	40.17	0.02	143	574431	买盘
13:01:57	40.15	-0.02	110	441650	买盘
13:01:54	40.17	0.08	18	72306	买盘
13:01:51	40.09	-0.08	604	2421436	卖盘
13:01:48	40.17	--	102	409734	买盘
13:01:45	40.17	0.01	2	8034	买盘
13:01:42	40.16	-0.01	8	32127	中性盘
13:01:39	40.17	-0.01	10	40170	买盘
13:01:36	40.18	--	1	4018	卖盘
13:01:33	40.18	--	4	16072	卖盘
13:01:30	40.18	0.01	88	353584	买盘
13:01:27	40.17	-0.01	23	92391	卖盘
13:01:21	40.18	--	3	12054	买盘
13:01:18	40.18	--	11	44198	买盘
13:01:15	40.18	--	12	48216	买盘
13:01:12	40.18	-0.02	12	48216	卖盘
13:01:09	40.2	--	15	60300	买盘
13:01:06	40.2	-0.03	68	273360	卖盘
13:01:03	40.23	-0.01	5	20115	买盘
13:01:00	40.24	0.02	56	225344	买盘
13:00:57	40.22	--	30	120660	买盘
13:00:54	40.22	-0.02	31	124682	中性盘
13:00:51	40.24	--	80	321920	买盘
13:00:48	40.24	--	17	68408	买盘
13:00:45	40.24	--	42	169008	买盘
13:00:42	40.24	-0.01	38	152912	卖盘
13:00:39	40.25	--	1	4025	卖盘
13:00:36	40.25	-0.03	18	72450	卖盘
13:00:33	40.28	0.08	88	354464	买盘
13:00:30	40.2	-0.05	25	100500	卖盘
13:00:27	40.25	0.04	17	68425	买盘
13:00:24	40.21	0.01	47	188987	买盘
13:00:18	40.2	0.05	367	1475340	买盘
13:00:15	40.15	-0.02	5	20075	卖盘
13:00:12	40.17	0.02	20	80340	买盘
13:00:09	40.15	-0.01	97	392867	卖盘
13:00:06	40.16	0.04	842	3381471	买盘
13:00:03	40.12	0.03	30	120359	买盘
11:30:03	40.09	-0.01	23	92207	卖盘
11:30:00	40.1	0.01	102	409020	买盘
11:29:57	40.09	0.02	76	304684	买盘
11:29:54	40.07	-0.03	33	132231	卖盘
11:29:51	40.1	0.01	528	2117280	买盘
11:29:48	40.09	--	24	96216	买盘
11:29:45	40.09	-0.01	110	440990	卖盘
11:29:42	40.1	--	50	200500	买盘
11:29:39	40.1	--	36	144360	买盘
11:29:36	40.1	0.01	75	300750	买盘
11:29:33	40.09	--	18	72162	卖盘
11:29:30	40.09	-0.01	7	28063	卖盘
11:29:27	40.1	0.01	50	200500	买盘
11:29:24	40.09	0.02	94	376846	买盘
11:29:21	40.07	0.01	127	508889	买盘
11:29:18	40.06	0.04	40	160240	买盘
11:29:15	40.02	-0.01	9	36018	买盘
11:29:12	40.03	-0.03	55	220165	卖盘
11:29:09	40.06	-0.01	16	64096	卖盘
11:29:06	40.07	0.01	10	40070	买盘
11:29:03	40.06	--	13	52078	买盘
11:29:00	40.06	--	33	132198	买盘
11:28:57	40.06	0.04	26	104156	买盘
11:28:54	40.02	-0.04	2	8004	卖盘
11:28:48	40.06	0.12	512	2053075	买盘
11:28:45	39.94	-0.01	18	71892	卖盘
11:28:42	39.95	--	172	687140	买盘
11:28:39	39.95	--	22	87890	买盘
11:28:36	39.95	--	10	39950	买盘
11:28:33	39.95	--	48	191760	买盘
11:28:30	39.95	--	73	291635	买盘
11:28:27	39.95	0.01	92	367540	买盘
11:28:24	39.94	-0.01	1	3994	卖盘
11:28:21	39.95	0.01	382	1526090	买盘
11:28:15	39.94	--	24	95856	卖盘
11:28:12	39.94	0.04	85	339609	买盘
11:28:09	39.9	--	6	23940	买盘
11:28:06	39.9	--	37	147630	买盘
11:28:03	39.9	0.01	30	119700	买盘
11:27:57	39.89	0.01	80	319120	买盘
11:27:54	39.88	--	1	3988	卖盘
11:27:51	39.88	0.03	568	2265184	买盘
11:27:45	39.85	--	2	7970	卖盘
11:27:42	39.85	0.04	165	657525	买盘
11:27:39	39.81	0.01	39	155259	中性盘
11:27:30	39.8	-0.01	65	258699	卖盘
11:27:27	39.81	--	5	19905	卖盘
11:27:24	39.81	--	11	43791	卖盘
11:27:21	39.81	0.01	5	19905	买盘
11:27:18	39.8	-0.01	3	11940	卖盘
11:27:15	39.81	0.01	2	7962	买盘
11:27:12	39.8	--	20	79600	卖盘
11:27:06	39.8	-0.01	133	529340	卖盘
11:27:03	39.81	--	125	497625	买盘
11:26:57	39.81	--	5	19905	买盘
11:26:51	39.81	-0.02	58	230898	卖盘
11:26:48	39.83	-0.05	3	11949	卖盘
11:26:33	39.88	--	74	295112	买盘
11:26:24	39.88	--	42	167496	卖盘
11:26:21	39.88	--	27	107676	卖盘
11:26:18	39.88	--	11	43868	卖盘
11:26:12	39.88	--	74	295112	买盘
11:26:09	39.88	0.06	12	47856	买盘
11:26:03	39.82	-0.06	14	55748	卖盘
11:26:00	39.88	--	2	7976	买盘
11:25:57	39.88	--	233	929204	买盘
11:25:54	39.88	0.06	10	39880	买盘
11:25:51	39.82	-0.06	12	47784	卖盘
11:25:48	39.88	0.07	20	79760	买盘
11:25:45	39.81	-0.07	230	915630	卖盘
11:25:36	39.88	0.05	52	207376	买盘
11:25:33	39.83	--	4	15932	买盘
11:25:27	39.83	-0.02	19	75677	卖盘
11:25:24	39.85	-0.02	20	79700	卖盘
11:25:21	39.87	0.04	15	59804	买盘
11:25:15	39.83	--	2	7966	卖盘
11:25:09	39.83	0.02	7	27881	中性盘
11:25:06	39.81	--	4	15924	卖盘
11:25:03	39.81	-0.06	13	51753	卖盘
11:25:00	39.87	0.06	1	3986	中性盘
11:24:51	39.81	-0.07	20	79620	卖盘
11:24:48	39.88	-0.02	31	123628	卖盘
11:24:45	39.9	--	8	31920	买盘
11:24:42	39.9	--	62	251250	卖盘
11:24:39	39.9	-0.05	7	27930	卖盘
11:24:36	39.95	--	14	55930	买盘
11:24:33	39.95	0.01	85	339575	买盘
11:24:30	39.94	0.04	7	27958	买盘
11:24:27	39.9	-0.04	4	15960	卖盘
11:24:24	39.94	-0.01	3	11982	卖盘
11:24:21	39.95	--	86	343570	买盘
11:24:18	39.95	0.02	144	575280	买盘
11:24:15	39.93	--	8	31944	卖盘
11:24:12	39.93	-0.01	5	19965	卖盘
11:24:09	39.94	0.01	14	55916	卖盘
11:24:06	39.93	--	55	219615	买盘
11:24:03	39.93	0.03	18	71874	买盘
11:24:00	39.9	-0.03	36	143640	卖盘
11:23:57	39.93	--	15	59895	买盘
11:23:54	39.93	--	2	7986	买盘
11:23:51	39.93	0.01	3	11979	买盘
11:23:48	39.92	-0.03	2	7984	中性盘
11:23:45	39.95	0.01	56	223720	买盘
11:23:39	39.94	--	5	19970	买盘
11:23:36	39.94	0.02	103	411382	买盘
11:23:33	39.92	-0.03	14	55888	中性盘
11:23:30	39.95	--	8	31960	买盘
11:23:27	39.95	0.01	14	55930	买盘
11:23:24	39.94	-0.01	1	3994	中性盘
11:23:21	39.95	--	3	11985	买盘
11:23:18	39.95	--	14	55930	买盘
11:23:15	39.95	--	54	215730	卖盘
11:23:09	39.95	-0.05	15	59925	买盘
11:23:06	40.0	0.06	1016	4064000	买盘
11:23:03	39.94	0.02	14	55916	买盘
11:23:00	39.92	-0.03	1	3992	卖盘
11:22:57	39.95	0.04	1	3995	买盘
11:22:54	39.91	-0.01	53	211522	卖盘
11:22:45	39.92	-0.01	14	55888	卖盘
11:22:42	39.93	--	8	31944	卖盘
11:22:36	39.93	--	16	63888	卖盘
11:22:33	39.93	0.03	20	79979	买盘
11:22:30	39.9	-0.03	8	31920	卖盘
11:22:27	39.93	0.03	30	119790	买盘
11:22:21	39.9	--	20	79800	卖盘
11:22:15	39.9	0.01	76	303240	买盘
11:22:09	39.89	0.08	11	43879	中性盘
11:22:06	39.81	-0.07	209	832029	卖盘
11:22:03	39.88	-0.02	1	3988	中性盘
11:21:57	39.9	0.01	22	87780	买盘
11:21:54	39.89	0.08	98	390922	买盘
11:21:51	39.81	-0.06	169	672789	卖盘
11:21:48	39.87	-0.02	15	59804	卖盘
11:21:45	39.89	-0.01	2	7978	卖盘
11:21:42	39.9	0.01	10	39900	买盘
11:21:39	39.89	-0.01	1	3989	卖盘
11:21:36	39.9	0.03	34	135660	买盘
11:21:33	39.87	-0.02	40	159480	卖盘
11:21:30	39.89	--	43	171527	买盘
11:21:27	39.89	--	33	131637	买盘
11:21:24	39.89	0.01	4	15956	买盘
11:21:21	39.88	--	3	11964	卖盘
11:21:18	39.88	-0.01	37	147556	卖盘
11:21:15	39.89	--	2	7978	买盘
11:21:12	39.89	0.01	2	7978	买盘
11:21:06	39.88	--	9	35892	卖盘
11:21:03	39.88	-0.01	13	51844	卖盘
11:21:00	39.89	0.02	17	67813	买盘
11:20:57	39.87	0.01	10	39989	买盘
11:20:51	39.86	--	1	3986	买盘
11:20:45	39.86	--	6	23916	买盘
11:20:42	39.86	0.01	3	11958	买盘
11:20:39	39.85	--	42	167370	卖盘
11:20:36	39.85	--	9	35865	卖盘
11:20:33	39.85	--	3	11955	卖盘
11:20:30	39.85	--	10	39850	卖盘
11:20:27	39.85	0.04	81	324976	买盘
11:20:21	39.81	-0.01	1	3981	卖盘
11:20:18	39.82	0.01	1	3982	买盘
11:20:15	39.81	--	2	7962	卖盘
11:20:12	39.81	--	14	55813	买盘
11:20:09	39.81	--	1	3981	买盘
11:20:06	39.81	--	14	55734	买盘
11:20:03	39.81	--	2	7962	买盘
11:20:00	39.81	0.01	30	119430	买盘
11:19:57	39.8	--	40	159200	买盘
11:19:54	39.8	--	21	83580	买盘
11:19:51	39.8	--	1	3979	买盘
11:19:48	39.8	--	10	39800	买盘
11:19:45	39.8	--	36	143280	买盘
11:19:42	39.8	0.01	57	226859	买盘
11:19:39	39.79	--	6	23874	买盘
11:19:36	39.79	--	10	39790	买盘
11:19:33	39.79	--	42	167118	买盘
11:19:30	39.79	--	1	3979	买盘
11:19:27	39.79	--	10	39790	买盘
11:19:24	39.79	--	5	19895	买盘
11:19:21	39.79	--	1	3979	买盘
11:19:12	39.79	--	1	3979	买盘
11:19:09	39.79	0.04	10	39790	买盘
11:19:06	39.75	-0.04	6	23850	卖盘
11:19:03	39.79	0.04	15	59685	买盘
11:18:57	39.75	-0.04	2	7950	卖盘
11:18:51	39.79	0.04	22	87538	买盘
11:18:48	39.75	--	20	79500	买盘
11:18:42	39.75	0.01	46	182850	买盘
11:18:39	39.74	0.01	51	202674	中性盘
11:18:36	39.73	-0.01	9	35757	卖盘
11:18:30	39.74	0.01	3	11922	买盘
11:18:24	39.73	0.01	7	27810	买盘
11:18:21	39.72	--	1	3972	卖盘
11:18:18	39.72	--	24	95328	买盘
11:18:15	39.72	--	3	11916	买盘
11:18:12	39.72	0.01	72	285984	买盘
11:18:09	39.71	--	15	59565	卖盘
11:18:06	39.71	--	9	35739	卖盘
11:18:00	39.71	--	13	51623	买盘
11:17:57	39.71	0.01	1	3971	买盘
11:17:54	39.7	--	13	51610	卖盘
11:17:51	39.7	0.04	14	55580	买盘
11:17:42	39.66	-0.04	50	198299	卖盘
11:17:39	39.7	0.04	17	67490	买盘
11:17:36	39.66	0.01	6	23795	卖盘
11:17:33	39.65	-0.01	70	277550	卖盘
11:17:27	39.66	--	16	63455	卖盘
11:17:18	39.66	--	1	3965	卖盘
11:17:15	39.66	-0.02	5	19830	卖盘
11:17:12	39.68	--	5	19840	卖盘
11:17:06	39.68	--	1	3968	买盘
11:17:03	39.68	0.03	38	150784	买盘
11:17:00	39.65	-0.03	1	3965	卖盘
11:16:57	39.68	--	12	47616	买盘
11:16:54	39.68	0.05	15	59520	买盘
11:16:51	39.63	-0.02	26	103038	卖盘
11:16:48	39.65	-0.01	25	99125	卖盘
11:16:42	39.66	0.01	2	7931	中性盘
11:16:39	39.65	--	16	63440	卖盘
11:16:36	39.65	--	32	126880	卖盘
11:16:33	39.65	-0.03	11	43615	卖盘
11:16:30	39.68	--	19	75392	买盘
11:16:27	39.68	0.03	39	154752	买盘
11:16:24	39.65	-0.03	36	142740	卖盘
11:16:21	39.68	0.03	27	107136	买盘
11:16:18	39.65	--	26	103090	卖盘
11:16:15	39.65	-0.03	13	51545	卖盘
11:16:12	39.68	0.03	2	7936	中性盘
11:16:09	39.65	-0.03	18	71370	卖盘
11:16:06	39.68	--	109	432512	卖盘
11:16:03	39.68	--	9	35712	卖盘
11:16:00	39.68	--	4	15872	卖盘
11:15:57	39.68	--	3	11904	卖盘
11:15:51	39.68	-0.02	33	130944	卖盘
11:15:48	39.7	--	10	39700	买盘
11:15:45	39.7	-0.02	32	127040	卖盘
11:15:42	39.72	--	78	309816	卖盘
11:15:39	39.72	--	1	3972	中性盘
11:15:36	39.72	0.01	105	417060	中性盘
11:15:33	39.71	-0.01	9	35739	卖盘
11:15:30	39.72	-0.02	8	31776	卖盘
11:15:27	39.74	0.02	1	3974	中性盘
11:15:18	39.72	-0.03	46	182712	卖盘
11:15:15	39.75	--	6	23850	卖盘
11:15:12	39.75	-0.01	6	23850	卖盘
11:15:09	39.76	-0.02	27	107352	买盘
11:15:06	39.78	--	11	43758	买盘
11:15:03	39.78	--	5	19890	买盘
11:14:57	39.78	-0.02	24	95472	卖盘
11:14:51	39.8	0.01	8	31839	买盘
11:14:48	39.79	0.01	5	19895	中性盘
11:14:45	39.78	--	8	31824	卖盘
11:14:42	39.78	-0.02	3	11934	卖盘
11:14:36	39.8	0.04	19	75620	买盘
11:14:33	39.76	-0.04	9	35784	卖盘
11:14:30	39.8	--	10	39800	买盘
11:14:27	39.8	--	3	11940	买盘
11:14:24	39.8	0.06	16	63679	买盘
11:14:21	39.74	-0.06	238	949706	卖盘
11:14:18	39.8	0.01	36	143280	买盘
11:14:15	39.79	-0.01	2	8037	卖盘
11:14:12	39.8	--	19	75620	买盘
11:14:09	39.8	0.02	1	3979	买盘
11:14:06	39.78	--	8	31824	卖盘
11:14:03	39.78	-0.01	92	365976	卖盘
11:13:57	39.79	--	1	3979	买盘
11:13:54	39.79	--	18	71622	买盘
11:13:48	39.79	--	13	51727	买盘
11:13:45	39.79	--	1	3979	买盘
11:13:42	39.79	-0.01	14	55706	卖盘
11:13:39	39.8	0.01	28	111439	买盘
11:13:36	39.79	-0.04	5	19895	卖盘
11:13:33	39.83	0.03	49	195167	买盘
11:13:30	39.8	-0.01	13	51739	卖盘
11:13:27	39.81	-0.02	147	585207	卖盘
11:13:24	39.83	0.02	3	11949	买盘
11:13:21	39.81	-0.02	9	35829	卖盘
11:13:18	39.83	0.03	49	195167	买盘
11:13:15	39.8	--	5	19900	买盘
11:13:09	39.8	0.02	8	31839	买盘
11:13:06	39.78	-0.02	19	75582	卖盘
11:13:03	39.8	0.02	111	441779	买盘
11:13:00	39.78	-0.04	131	521118	卖盘
11:12:57	39.82	0.02	45	179190	买盘
11:12:54	39.8	--	85	342081	卖盘
11:12:51	39.8	--	111	441779	卖盘
11:12:48	39.8	--	4	15919	卖盘
11:12:45	39.8	--	4	15919	卖盘
11:12:42	39.8	--	52	207158	买盘
11:12:39	39.8	--	18	71640	买盘
11:12:36	39.8	0.02	260	1034799	买盘
11:12:33	39.78	-0.01	109	433602	卖盘
11:12:30	39.79	-0.01	2	7958	中性盘
11:12:27	39.8	0.01	9	35820	买盘
11:12:24	39.79	0.02	34	135286	买盘
11:12:21	39.77	0.01	111	441447	中性盘
11:12:18	39.76	--	17	67592	卖盘
11:12:15	39.76	--	6	23856	中性盘
11:12:12	39.76	-0.02	37	147112	卖盘
11:12:09	39.78	0.03	11	43758	中性盘
11:12:03	39.75	-0.04	10	39750	卖盘
11:12:00	39.79	0.04	4	15916	买盘
11:11:54	39.75	-0.05	11	43725	卖盘
11:11:51	39.8	0.03	25	99500	买盘
11:11:48	39.77	0.02	9	35793	买盘
11:11:45	39.75	-0.05	120	477000	卖盘
11:11:42	39.8	--	30	119399	买盘
11:11:39	39.8	0.02	11	43780	买盘
11:11:36	39.78	-0.02	23	91494	卖盘
11:11:33	39.8	--	36	143280	卖盘
11:11:30	39.8	--	4	15919	卖盘
11:11:27	39.8	--	37	147260	卖盘
11:11:24	39.8	--	54	214919	买盘
11:11:21	39.8	--	16	63679	买盘
11:11:18	39.8	--	1	3979	卖盘
11:11:15	39.8	-0.03	2	7959	卖盘
11:11:09	39.83	0.02	130	517790	买盘
11:11:06	39.81	0.01	61	242841	中性盘
11:11:03	39.8	-0.02	30	119399	卖盘
11:11:00	39.82	--	6	23892	买盘
11:10:57	39.82	-0.01	23	91586	中性盘
11:10:51	39.83	-0.01	86	344609	卖盘
11:10:48	39.84	--	41	163344	卖盘
11:10:45	39.84	--	23	91632	卖盘
11:10:42	39.84	0.02	178	711064	买盘
11:10:39	39.82	-0.02	9	35838	卖盘
11:10:36	39.84	0.01	7	27888	买盘
11:10:33	39.83	--	23	91609	卖盘
11:10:30	39.83	-0.01	20	79660	卖盘
11:10:27	39.84	0.01	6	23904	买盘
11:10:24	39.83	-0.06	40	159320	卖盘
11:10:21	39.89	0.06	6	23934	买盘
11:10:18	39.83	0.01	10	39830	卖盘
11:10:15	39.82	-0.06	117	465894	卖盘
11:10:12	39.88	-0.02	47	187436	卖盘
11:10:09	39.9	0.01	12	47880	买盘
11:10:03	39.89	-0.01	3	11967	买盘
11:10:00	39.9	-0.03	58	234492	卖盘
11:09:57	39.93	-0.06	40	159720	卖盘
11:09:54	39.99	0.03	535	2139465	买盘
11:09:51	39.96	0.04	53	214705	买盘
11:09:48	39.92	-0.01	86	343312	卖盘
11:09:45	39.93	--	22	87846	买盘
11:09:42	39.93	--	5	19965	买盘
11:09:39	39.93	--	86	343398	买盘
11:09:36	39.93	-0.01	60	239580	卖盘
11:09:33	39.94	-0.03	44	175736	中性盘
11:09:30	39.97	--	81	323757	买盘
11:09:27	39.97	0.04	31	123907	买盘
11:09:24	39.93	-0.06	27	107811	卖盘
11:09:21	39.99	--	97	387903	买盘
11:09:18	39.99	0.06	58	231942	买盘
11:09:15	39.93	0.03	32	129772	买盘
11:09:12	39.9	-0.01	62	247380	中性盘
11:09:09	39.91	0.01	71	283361	买盘
11:09:03	39.9	--	9	35910	卖盘
11:09:00	39.9	0.09	87	347130	买盘
11:08:57	39.81	0.04	94	374214	买盘
11:08:54	39.77	-0.04	14	55678	卖盘
11:08:51	39.81	0.01	13	51753	买盘
11:08:48	39.8	0.04	92	368150	买盘
11:08:45	39.76	--	24	95424	卖盘
11:08:42	39.76	0.01	7	27832	买盘
11:08:39	39.75	0.03	18	71550	买盘
11:08:36	39.72	-0.01	20	79440	卖盘
11:08:33	39.73	-0.02	47	186730	卖盘
11:08:30	39.75	--	9	35775	卖盘
11:08:27	39.75	0.03	263	1045425	买盘
11:08:24	39.72	0.01	10	39720	买盘
11:08:21	39.71	-0.02	11	43681	卖盘
11:08:18	39.73	--	87	345651	买盘
11:08:15	39.73	-0.02	63	250298	中性盘
11:08:12	39.75	--	2	7950	买盘
11:08:09	39.75	--	33	131175	买盘
11:08:06	39.75	--	141	560475	买盘
11:08:03	39.75	-0.15	53	210675	卖盘
11:08:00	39.9	--	39	155610	卖盘
11:07:57	39.9	-0.01	22	87780	卖盘
11:07:54	39.91	0.07	94	375153	买盘
11:07:51	39.84	-0.06	27	107568	卖盘
11:07:48	39.9	-0.07	17	67830	卖盘
11:07:45	39.97	--	108	431676	买盘
11:07:42	39.97	0.04	29	115913	买盘
11:07:39	39.93	--	71	283503	买盘
11:07:36	39.93	-0.07	95	379335	卖盘
11:07:33	40.0	-0.02	11	44000	中性盘
11:07:30	40.02	0.02	63	252126	中性盘
11:07:27	40.0	-0.07	69	276000	卖盘
11:07:24	40.07	--	73	292511	买盘
11:07:21	40.07	--	67	268469	买盘
11:07:18	40.07	0.01	68	272476	买盘
11:07:15	40.06	-0.04	71	284426	卖盘
11:07:12	40.1	--	55	220550	买盘
11:07:09	40.1	--	44	176440	买盘
11:07:06	40.1	--	59	236590	买盘
11:07:03	40.1	-0.05	44	176440	卖盘
11:07:00	40.15	0.05	77	309155	买盘
11:06:57	40.1	--	68	272680	卖盘
11:06:54	40.1	--	4	16040	卖盘
11:06:51	40.1	--	38	152380	卖盘
11:06:48	40.1	0.08	141	565410	买盘
11:06:45	40.02	0.02	29	116058	中性盘
11:06:42	40.0	0.02	113	452000	买盘
11:06:39	39.98	-0.02	126	503747	卖盘
11:06:36	40.0	0.01	31	124000	买盘
11:06:33	39.99	-0.03	60	239940	卖盘
11:06:30	40.02	0.02	157	628314	买盘
11:06:27	40.0	--	60	240000	买盘
11:06:24	40.0	0.01	320	1280000	买盘
11:06:21	39.99	--	191	763809	卖盘
11:06:18	39.99	--	171	683829	卖盘
11:06:15	39.99	0.01	85	339915	买盘
11:06:12	39.98	-0.01	45	179910	买盘
11:06:09	39.99	--	99	395901	卖盘
11:06:06	39.99	0.01	179	715821	买盘
11:06:03	39.98	--	126	503747	卖盘
11:06:00	39.98	0.02	96	383807	买盘
11:05:57	39.96	0.01	58	231768	买盘
11:05:54	39.95	0.02	70	279650	买盘
11:05:51	39.93	-0.02	10	39930	卖盘
11:05:48	39.95	0.02	35	139825	买盘
11:05:45	39.93	0.03	231	922383	买盘
11:05:42	39.9	0.02	108	430920	买盘
11:05:39	39.88	--	25	99700	卖盘
11:05:36	39.88	0.04	127	506476	买盘
11:05:33	39.84	-0.01	50	199200	卖盘
11:05:30	39.85	0.04	435	1736344	买盘
11:05:27	39.81	-0.01	62	246822	卖盘
11:05:24	39.82	0.02	23	91586	买盘
11:05:21	39.8	--	109	433819	卖盘
11:05:18	39.8	--	43	171140	卖盘
11:05:15	39.8	0.09	563	2240740	买盘
11:05:12	39.71	--	49	194579	卖盘
11:05:09	39.71	0.01	3	11913	买盘
11:05:06	39.7	--	12	47640	卖盘
11:05:03	39.7	--	9	35730	卖盘
11:05:00	39.7	0.01	148	587560	买盘
11:04:57	39.69	--	9	35721	买盘
11:04:54	39.69	0.03	61	242109	买盘
11:04:51	39.66	--	31	122945	卖盘
11:04:48	39.66	-0.02	54	214163	卖盘
11:04:45	39.68	--	37	146816	买盘
11:04:42	39.68	0.02	41	162688	买盘
11:04:39	39.66	0.01	64	253823	买盘
11:04:36	39.65	-0.01	36	142740	卖盘
11:04:33	39.66	0.01	33	130877	买盘
11:04:30	39.65	-0.01	10	39650	卖盘
11:04:27	39.66	0.02	61	241925	买盘
11:04:24	39.64	--	44	174416	卖盘
11:04:21	39.64	-0.01	18	71352	卖盘
11:04:18	39.65	--	25	99125	买盘
11:04:15	39.65	0.01	20	79300	买盘
11:04:12	39.64	-0.01	18	71352	卖盘
11:04:09	39.65	0.01	95	376675	买盘
11:04:06	39.64	--	66	261624	买盘
11:04:03	39.64	--	29	114956	买盘
11:04:00	39.64	0.02	62	245768	买盘
11:03:57	39.62	--	20	79240	卖盘
11:03:54	39.62	-0.02	34	134708	卖盘
11:03:51	39.64	0.02	7	27748	买盘
11:03:48	39.62	--	16	63391	买盘
11:03:45	39.62	--	136	538832	买盘
11:03:42	39.62	0.02	58	229795	买盘
11:03:39	39.6	--	17	67320	买盘
11:03:36	39.6	--	13	51480	买盘
11:03:33	39.6	--	25	99000	买盘
11:03:30	39.6	0.01	363	1437480	买盘
11:03:27	39.59	--	37	146483	买盘
11:03:24	39.59	0.01	119	471121	买盘
11:03:21	39.58	0.01	10	39580	买盘
11:03:18	39.57	-0.01	3	11871	卖盘
11:03:15	39.58	0.03	41	162278	买盘
11:03:12	39.55	--	28	110739	卖盘
11:03:09	39.55	--	15	59324	卖盘
11:03:06	39.55	0.06	275	1087625	买盘
11:03:03	39.49	--	162	639738	卖盘
11:03:00	39.49	--	192	758208	卖盘
11:02:57	39.49	0.02	36	142164	买盘
11:02:54	39.47	-0.02	20	78940	卖盘
11:02:51	39.49	--	61	240889	买盘
11:02:48	39.49	0.01	44	173756	买盘
11:02:45	39.48	-0.01	42	165816	买盘
11:02:42	39.49	0.02	30	118470	买盘
11:02:39	39.47	--	14	55258	买盘
11:02:36	39.47	0.02	108	426276	买盘
11:02:33	39.45	-0.02	9	35505	卖盘
11:02:30	39.47	0.01	29	114463	买盘
11:02:24	39.46	0.01	21	82866	买盘
11:02:21	39.45	0.04	210	828450	买盘
11:02:18	39.41	-0.02	3	11822	卖盘
11:02:12	39.43	0.02	40	157720	买盘
11:02:06	39.41	--	84	331044	卖盘
11:02:03	39.41	-0.02	9	35469	卖盘
11:02:00	39.43	0.02	13	51259	中性盘
11:01:57	39.41	--	9	35469	卖盘
11:01:54	39.41	-0.01	21	82761	卖盘
11:01:51	39.42	--	22	86724	卖盘
11:01:48	39.42	--	1	3942	卖盘
11:01:45	39.42	-0.01	8	31536	中性盘
11:01:42	39.43	0.02	12	47316	买盘
11:01:39	39.41	--	1	3940	卖盘
11:01:36	39.41	--	5	19705	卖盘
11:01:33	39.41	--	59	232518	卖盘
11:01:30	39.41	0.01	138	543858	买盘
11:01:27	39.4	--	5	19700	买盘
11:01:24	39.4	--	11	43340	买盘
11:01:21	39.4	0.01	7	27580	买盘
11:01:18	39.39	--	13	51207	买盘
11:01:15	39.39	-0.01	19	74841	卖盘
11:01:12	39.4	--	7	27580	买盘
11:01:09	39.4	--	10	39400	买盘
11:01:06	39.4	0.01	4	15760	买盘
11:01:03	39.39	0.02	9	35451	中性盘
11:00:57	39.37	0.02	7	27559	中性盘
11:00:54	39.35	-0.05	5	19675	卖盘
11:00:51	39.4	0.05	40	157600	买盘
11:00:48	39.35	-0.02	11	43285	卖盘
11:00:45	39.37	0.02	3	11811	买盘
11:00:42	39.35	0.01	14	55090	买盘
11:00:39	39.34	--	12	47208	卖盘
11:00:30	39.34	--	13	51142	卖盘
11:00:24	39.34	--	11	43274	卖盘
11:00:21	39.34	0.01	14	55076	买盘
11:00:12	39.33	--	2	7866	买盘
11:00:09	39.33	0.03	18	70794	买盘
11:00:06	39.3	-0.03	4	15719	卖盘
11:00:03	39.33	0.03	21	82593	买盘
11:00:00	39.3	--	1	3929	卖盘
10:59:57	39.3	-0.03	16	62879	卖盘
10:59:51	39.33	0.02	25	98325	买盘
10:59:48	39.31	--	2	7862	中性盘
10:59:45	39.31	-0.01	1	3931	卖盘
10:59:42	39.32	0.03	16	62912	买盘
10:59:39	39.29	--	9	35361	卖盘
10:59:36	39.29	-0.01	5	19645	卖盘
10:59:33	39.3	0.01	5	19650	买盘
10:59:30	39.29	-0.06	10	39290	卖盘
10:59:24	39.35	0.06	3	11805	买盘
10:59:21	39.29	--	15	58935	卖盘
10:59:09	39.29	-0.08	43	170007	卖盘
10:59:06	39.37	0.02	219	862203	买盘
10:59:03	39.35	--	6	23610	卖盘
10:59:00	39.35	--	100	393500	卖盘
10:58:57	39.35	-0.02	7	27545	卖盘
10:58:48	39.37	-0.03	6	23622	买盘
10:58:45	39.4	--	29	114260	买盘
10:58:42	39.4	--	13	51220	买盘
10:58:39	39.4	--	20	78800	买盘
10:58:36	39.4	0.02	54	212760	买盘
10:58:33	39.38	-0.02	24	94512	卖盘
10:58:30	39.4	0.01	8	31520	买盘
10:58:27	39.39	-0.01	10	39390	中性盘
10:58:24	39.4	0.05	33	130020	买盘
10:58:21	39.35	-0.05	90	354150	卖盘
10:58:18	39.4	--	11	43340	买盘
10:58:15	39.4	0.03	11	43340	买盘
10:58:12	39.37	--	8	31495	卖盘
10:58:09	39.37	--	9	35433	卖盘
10:58:06	39.37	-0.03	11	43307	卖盘
10:58:03	39.4	--	4	15760	买盘
10:58:00	39.4	-0.02	124	488560	卖盘
10:57:57	39.42	0.01	24	94608	买盘
10:57:54	39.41	--	24	94583	买盘
10:57:51	39.41	--	3	11822	买盘
10:57:48	39.41	--	17	66997	买盘
10:57:42	39.41	-0.01	31	122170	卖盘
10:57:39	39.42	0.01	11	43362	中性盘
10:57:36	39.41	--	132	520211	卖盘
10:57:33	39.41	--	50	197049	卖盘
10:57:30	39.41	--	27	106406	卖盘
10:57:27	39.41	--	6	23645	卖盘
10:57:24	39.41	--	2	7881	卖盘
10:57:21	39.41	-0.03	2	7881	卖盘
10:57:18	39.44	0.02	95	374680	买盘
10:57:15	39.42	--	50	197100	卖盘
10:57:12	39.42	--	7	27594	卖盘
10:57:09	39.42	--	22	86724	卖盘
10:57:06	39.42	-0.01	8	31536	卖盘
10:57:03	39.43	0.02	16	63088	买盘
10:57:00	39.41	--	36	141876	卖盘
10:56:57	39.41	-0.02	33	130052	卖盘
10:56:54	39.43	0.02	43	169549	买盘
10:56:51	39.41	-0.01	10	39410	卖盘
10:56:48	39.42	--	2	7884	买盘
10:56:45	39.42	0.02	6	23652	中性盘
10:56:42	39.4	-0.03	15	59100	卖盘
10:56:39	39.43	-0.01	9	35487	卖盘
10:56:33	39.44	-0.01	56	220864	卖盘
10:56:30	39.45	--	14	55230	买盘
10:56:27	39.45	-0.01	22	86790	卖盘
10:56:24	39.46	-0.01	81	319626	卖盘
10:56:21	39.47	0.02	14	55258	买盘
10:56:18	39.45	--	33	130185	卖盘
10:56:15	39.45	-0.01	5	19725	卖盘
10:56:12	39.46	-0.02	30	118380	卖盘
10:56:09	39.48	--	53	209243	卖盘
10:56:06	39.48	--	39	153972	买盘
10:56:03	39.48	0.03	54	213191	买盘
10:56:00	39.45	-0.01	21	82845	卖盘
10:55:57	39.46	--	4	15784	卖盘
10:55:54	39.46	--	174	686604	买盘
10:55:51	39.46	-0.01	8	31568	买盘
10:55:48	39.47	0.02	32	126304	买盘
10:55:45	39.45	--	27	106515	卖盘
10:55:42	39.45	--	107	422115	卖盘
10:55:39	39.45	--	33	130185	卖盘
10:55:36	39.45	--	86	339270	买盘
10:55:33	39.45	0.02	32	126240	买盘
10:55:30	39.43	0.03	2	7886	卖盘
10:55:27	39.4	-0.02	80	315200	中性盘
10:55:21	39.42	0.02	38	149796	买盘
10:55:18	39.4	0.02	140	551600	买盘
10:55:15	39.38	-0.02	2	7876	买盘
10:55:12	39.4	0.03	20	78800	买盘
10:55:09	39.37	-0.02	13	51181	卖盘
10:55:06	39.39	0.01	134	527826	买盘
10:55:03	39.38	0.01	1	3938	买盘
10:55:00	39.37	--	25	98425	卖盘
10:54:54	39.37	0.01	2	10748	买盘
10:54:51	39.36	--	2	7872	卖盘
10:54:48	39.36	--	156	614016	卖盘
10:54:45	39.36	--	5	19680	卖盘
10:54:42	39.36	--	2	7872	卖盘
10:54:39	39.36	0.01	26	102336	买盘
10:54:33	39.35	--	3	11805	卖盘
10:54:30	39.35	--	18	70830	卖盘
10:54:27	39.35	--	1	3935	卖盘
10:54:24	39.35	--	11	43285	卖盘
10:54:21	39.35	--	34	133790	卖盘
10:54:18	39.35	--	1	3935	卖盘
10:54:15	39.35	0.06	49	192815	买盘
10:54:09	39.29	-0.01	9	35361	卖盘
10:54:06	39.3	--	2	7859	卖盘
10:53:57	39.3	-0.02	3	11790	卖盘
10:53:51	39.32	0.03	5	19660	买盘
10:53:48	39.29	-0.01	50	196450	卖盘
10:53:45	39.3	--	1	3929	卖盘
10:53:39	39.3	--	56	220079	买盘
10:53:33	39.3	0.01	28	110039	买盘
10:53:27	39.29	--	1	3929	卖盘
10:53:24	39.29	0.01	20	78580	买盘
10:53:21	39.28	0.02	87	341736	买盘
10:53:09	39.26	--	95	372970	买盘
10:52:54	39.26	-0.02	52	204152	卖盘
10:52:39	39.28	--	7	27496	卖盘
10:52:36	39.28	-0.02	5	19640	卖盘
10:52:33	39.3	-0.01	1	3929	买盘
10:52:27	39.31	-0.01	3	11793	卖盘
10:52:21	39.32	--	4	15728	买盘
10:52:18	39.32	--	25	98300	买盘
10:52:15	39.32	0.02	1	3932	买盘
10:52:12	39.3	-0.01	12	47160	卖盘
10:52:09	39.31	-0.01	11	43241	中性盘
10:52:03	39.32	0.02	3	11796	买盘
10:52:00	39.3	-0.02	2	7859	卖盘
10:51:57	39.32	-0.03	1	3932	卖盘
10:51:54	39.35	-0.01	58	228230	卖盘
10:51:51	39.36	0.01	22	86592	买盘
10:51:45	39.35	--	100	393500	卖盘
10:51:39	39.35	0.01	13	51155	中性盘
10:51:36	39.34	-0.03	54	212436	卖盘
10:51:33	39.37	0.02	17	66929	买盘
10:51:30	39.35	-0.02	4	15740	卖盘
10:51:27	39.37	0.02	17	66929	买盘
10:51:24	39.35	--	22	86570	卖盘
10:51:21	39.35	--	15	59025	卖盘
10:51:15	39.35	-0.03	17	66895	卖盘
10:51:12	39.38	--	14	55132	买盘
10:51:09	39.38	--	16	63008	买盘
10:51:06	39.38	--	12	47256	买盘
10:50:57	39.38	--	37	145706	中性盘
10:50:54	39.38	-0.02	5	19690	卖盘
10:50:51	39.4	--	88	346720	买盘
10:50:48	39.4	--	12	47280	买盘
10:50:45	39.4	--	9	35460	买盘
10:50:42	39.4	-0.03	34	133960	卖盘
10:50:39	39.43	--	20	78860	买盘
10:50:36	39.43	--	8	31544	买盘
10:50:33	39.43	--	1	3943	买盘
10:50:30	39.43	-0.02	40	157720	卖盘
10:50:27	39.45	--	73	287985	买盘
10:50:24	39.45	0.01	55	216975	买盘
10:50:21	39.44	0.01	19	74936	买盘
10:50:18	39.43	--	42	165606	买盘
10:50:15	39.43	-0.01	55	216865	卖盘
10:50:12	39.44	-0.01	25	98600	中性盘
10:50:09	39.45	0.02	51	201195	买盘
10:50:06	39.43	-0.01	9	35487	卖盘
10:50:03	39.44	--	19	74936	卖盘
10:50:00	39.44	0.08	167	658648	买盘
10:49:57	39.36	--	10	39360	买盘
10:49:54	39.36	-0.04	90	354240	卖盘
10:49:48	39.4	0.04	40	157600	买盘
10:49:45	39.36	-0.04	5	19680	卖盘
10:49:42	39.4	0.04	95	374300	买盘
10:49:39	39.36	--	12	47232	卖盘
10:49:36	39.36	-0.04	18	70848	卖盘
10:49:33	39.4	0.05	113	445220	买盘
10:49:30	39.35	0.02	33	129855	买盘
10:49:24	39.33	--	5	19665	买盘
10:49:21	39.33	-0.02	345	1356885	卖盘
10:49:18	39.35	--	21	82635	买盘
10:49:09	39.35	--	11	43285	买盘
10:49:06	39.35	--	70	275450	卖盘
10:49:03	39.35	--	13	51155	卖盘
10:49:00	39.35	--	11	43285	卖盘
10:48:57	39.35	0.03	48	188880	买盘
10:48:51	39.32	-0.01	25	98300	卖盘
10:48:48	39.33	-0.01	42	165186	中性盘
10:48:45	39.34	0.02	13	51142	买盘
10:48:42	39.32	--	5	19660	卖盘
10:48:39	39.32	0.01	12	47184	买盘
10:48:36	39.31	--	16	62896	卖盘
10:48:33	39.31	0.01	21	82551	买盘
10:48:30	39.3	--	20	78600	卖盘
10:48:27	39.3	--	12	47160	买盘
10:48:24	39.3	0.01	147	577710	买盘
10:48:21	39.29	0.01	14	55006	买盘
10:48:15	39.28	--	3	11784	卖盘
10:48:09	39.28	-0.01	10	39280	卖盘
10:48:06	39.29	0.03	53	208237	买盘
10:47:54	39.26	--	23	90298	卖盘
10:47:48	39.26	--	13	51038	卖盘
10:47:45	39.26	0.04	148	581048	买盘
10:47:42	39.22	-0.02	50	196100	卖盘
10:47:39	39.24	0.01	19	74556	买盘
10:47:36	39.23	--	16	62767	卖盘
10:47:33	39.23	--	5	19615	卖盘
10:47:30	39.23	0.01	5	19615	买盘
10:47:27	39.22	-0.01	45	176490	卖盘
10:47:24	39.23	--	3	11768	买盘
10:47:18	39.23	0.03	3	11768	中性盘
10:47:06	39.2	-0.06	10	39200	卖盘
10:47:03	39.26	0.02	10	39260	买盘
10:47:00	39.24	--	10	39240	卖盘
10:46:57	39.24	--	1	3924	卖盘
10:46:51	39.24	-0.03	4	15696	买盘
10:46:39	39.27	--	8	31416	卖盘
10:46:36	39.27	0.07	10	39270	买盘
10:46:33	39.2	-0.07	24	94080	卖盘
10:46:30	39.27	0.07	8	31416	买盘
10:46:18	39.2	--	1	3920	卖盘
10:46:09	39.2	0.01	9	35280	卖盘
10:46:06	39.19	0.01	12	47028	卖盘
10:46:03	39.18	--	3	11754	买盘
10:46:00	39.18	--	10	39180	买盘
10:45:57	39.18	--	1	3918	买盘
10:45:51	39.18	-0.02	272	1065696	卖盘
10:45:48	39.2	0.01	13	50960	买盘
10:45:45	39.19	--	11	43109	买盘
10:45:42	39.19	0.01	10	39190	买盘
10:45:39	39.18	--	39	152802	卖盘
10:45:36	39.18	--	19	74442	卖盘
10:45:30	39.18	--	3	11754	卖盘
10:45:27	39.18	0.01	6	23508	中性盘
10:45:18	39.17	-0.02	49	191933	卖盘
10:45:15	39.19	0.02	1	3919	中性盘
10:45:09	39.17	-0.08	2	7834	卖盘
10:45:00	39.25	0.03	2	7850	买盘
10:44:57	39.22	--	2	7844	卖盘
10:44:54	39.22	0.08	9	35298	买盘
10:44:51	39.14	-0.06	1	3914	卖盘
10:44:39	39.2	--	6	23520	卖盘
10:44:36	39.2	-0.05	7	27440	中性盘
10:44:33	39.25	0.13	30	117750	买盘
10:44:27	39.12	-0.08	17	66504	卖盘
10:44:24	39.2	-0.02	6	23520	中性盘
10:44:21	39.22	-0.03	6	23532	中性盘
10:44:15	39.25	0.03	100	392500	买盘
10:44:12	39.22	-0.03	35	137270	卖盘
10:44:09	39.25	0.15	14	54950	买盘
10:44:03	39.1	-0.12	5	19550	卖盘
10:44:00	39.22	0.12	1	3922	中性盘
10:43:54	39.1	-0.12	22	86020	中性盘
10:43:48	39.22	-0.05	1	3922	中性盘
10:43:42	39.27	-0.03	11	43197	中性盘
10:43:36	39.3	--	12	47160	买盘
10:43:30	39.3	--	115	451949	买盘
10:43:27	39.3	--	1	3929	买盘
10:43:24	39.3	--	8	31439	卖盘
10:43:21	39.3	--	39	153270	卖盘
10:43:18	39.3	--	8	31439	卖盘
10:43:15	39.3	--	101	396930	卖盘
10:43:12	39.3	-0.01	31	121829	卖盘
10:43:09	39.31	--	23	90413	买盘
10:43:06	39.31	0.01	24	94344	买盘
10:43:03	39.3	-0.01	12	47160	卖盘
10:43:00	39.31	0.01	2	7862	买盘
10:42:57	39.3	--	1	3929	卖盘
10:42:54	39.3	-0.03	29	113969	卖盘
10:42:51	39.33	0.03	22	86526	买盘
10:42:48	39.3	-0.02	66	259379	卖盘
10:42:45	39.32	-0.01	5	19660	中性盘
10:42:42	39.33	0.01	2	7866	买盘
10:42:39	39.32	-0.03	26	102232	中性盘
10:42:36	39.35	0.03	50	196750	买盘
10:42:33	39.32	-0.02	11	43252	中性盘
10:42:27	39.34	0.03	63	247842	买盘
10:42:24	39.31	-0.01	18	70758	卖盘
10:42:18	39.32	-0.03	7	27524	中性盘
10:42:09	39.35	--	13	51155	买盘
10:42:06	39.35	--	15	59025	买盘
10:42:03	39.35	--	37	145595	买盘
10:42:00	39.35	-0.02	21	82635	卖盘
10:41:57	39.37	--	18	70866	买盘
10:41:54	39.37	-0.01	20	78740	卖盘
10:41:51	39.38	0.01	28	110264	买盘
10:41:48	39.37	--	34	133858	卖盘
10:41:45	39.37	0.02	11	43307	买盘
10:41:42	39.35	--	18	70830	卖盘
10:41:39	39.35	--	14	55090	卖盘
10:41:36	39.35	-0.02	4	15740	卖盘
10:41:33	39.37	--	3	11811	买盘
10:41:30	39.37	0.02	11	43307	买盘
10:41:27	39.35	0.03	14	55090	买盘
10:41:24	39.32	-0.01	2	7864	卖盘
10:41:21	39.33	--	3	11799	卖盘
10:41:15	39.33	0.03	46	180918	买盘
10:41:09	39.3	--	9	35370	卖盘
10:41:06	39.3	0.15	368	1446240	买盘
10:41:00	39.15	0.03	13	53948	买盘
10:40:57	39.12	0.02	15	58679	买盘
10:40:54	39.1	-0.03	10	39960	卖盘
10:40:51	39.13	0.01	3	11739	买盘
10:40:48	39.12	--	10	42171	买盘
10:40:45	39.12	--	10	39120	买盘
10:40:39	39.12	0.01	80	312960	买盘
10:40:36	39.11	-0.01	1	3911	卖盘
10:40:30	39.12	0.02	20	78240	买盘
10:40:27	39.1	--	15	58650	卖盘
10:40:24	39.1	--	5	19550	卖盘
10:40:21	39.1	--	5	19550	卖盘
10:40:18	39.1	-0.01	10	39100	卖盘
10:40:15	39.11	--	8	31288	买盘
10:40:12	39.11	0.01	4	15644	买盘
10:40:09	39.1	--	39	152490	卖盘
10:39:57	39.1	-0.01	1	3910	卖盘
10:39:51	39.11	--	30	117330	卖盘
10:39:48	39.11	-0.01	15	58665	卖盘
10:39:39	39.12	--	36	140832	卖盘
10:39:33	39.12	--	9	35208	卖盘
10:39:30	39.12	--	30	117359	卖盘
10:39:27	39.12	-0.01	12	46944	卖盘
10:39:21	39.13	-0.02	2	7826	卖盘
10:39:12	39.15	0.02	2	7830	买盘
10:39:09	39.13	-0.02	18	70434	卖盘
10:39:03	39.15	-0.01	1	3915	卖盘
10:39:00	39.16	--	1	3915	卖盘
10:38:57	39.16	-0.01	3	11747	卖盘
10:38:54	39.17	0.01	10	39170	买盘
10:38:51	39.16	-0.01	1	3915	卖盘
10:38:48	39.17	--	19	74423	买盘
10:38:45	39.17	-0.01	26	101842	买盘
10:38:39	39.18	--	28	109704	卖盘
10:38:36	39.18	-0.02	15	58770	中性盘
10:38:33	39.2	0.02	130	509600	买盘
10:38:30	39.18	--	4	15672	买盘
10:38:27	39.18	-0.02	69	270342	卖盘
10:38:24	39.2	0.02	45	176400	买盘
10:38:21	39.18	-0.02	26	101868	卖盘
10:38:18	39.2	0.01	22	86240	买盘
10:38:15	39.19	-0.01	15	58785	卖盘
10:38:12	39.2	--	10	39200	买盘
10:38:09	39.2	--	88	344960	买盘
10:38:06	39.2	0.01	24	94080	买盘
10:38:03	39.19	--	1	3919	卖盘
10:38:00	39.19	-0.01	15	58785	卖盘
10:37:57	39.2	0.01	36	141120	买盘
10:37:54	39.19	-0.01	29	113651	卖盘
10:37:51	39.2	--	17	66640	卖盘
10:37:48	39.2	0.01	23	90160	买盘
10:37:45	39.19	--	54	211626	卖盘
10:37:39	39.19	--	42	164598	卖盘
10:37:36	39.19	0.01	17	66623	买盘
10:37:33	39.18	-0.01	26	101868	卖盘
10:37:30	39.19	--	21	82299	买盘
10:37:27	39.19	-0.01	6	23514	中性盘
10:37:21	39.2	0.05	19	74480	买盘
10:37:15	39.15	0.01	5	19575	卖盘
10:37:12	39.14	-0.02	2	7828	买盘
10:37:09	39.16	-0.02	7	27411	卖盘
10:37:06	39.18	0.04	11	43098	买盘
10:37:03	39.14	-0.02	36	140904	卖盘
10:37:00	39.16	0.04	8	34578	买盘
10:36:57	39.12	--	4	16313	卖盘
10:36:54	39.12	0.03	15	61926	买盘
10:36:51	39.09	0.01	5	19545	中性盘
10:36:45	39.08	-0.02	20	78160	卖盘
10:36:42	39.1	0.01	35	136850	买盘
10:36:39	39.09	-0.03	44	171996	中性盘
10:36:33	39.12	0.02	110	430320	买盘
10:36:30	39.1	0.02	2	7820	买盘
10:36:27	39.08	-0.02	4	15632	买盘
10:36:21	39.1	0.02	192	750720	买盘
10:36:18	39.08	0.01	9	35172	买盘
10:36:15	39.07	0.02	4	15628	买盘
10:36:12	39.05	--	38	148390	卖盘
10:36:09	39.05	--	9	35145	卖盘
10:36:03	39.05	--	19	74195	买盘
10:36:00	39.05	--	1	3904	买盘
10:35:54	39.05	-0.02	28	109339	买盘
10:35:51	39.07	0.05	1	3907	买盘
10:35:48	39.02	-0.04	1	3902	卖盘
10:35:42	39.06	0.04	10	39060	中性盘
10:35:36	39.02	--	10	39020	卖盘
10:35:27	39.02	--	17	66334	卖盘
10:35:24	39.02	--	69	269238	买盘
10:35:21	39.02	--	2	7804	买盘
10:35:18	39.02	--	4	15608	买盘
10:35:12	39.02	--	3	11706	买盘
10:35:09	39.02	-0.06	49	191198	卖盘
10:35:03	39.08	0.06	26	101608	买盘
10:35:00	39.02	--	6	23412	卖盘
10:34:51	39.02	-0.03	34	132668	卖盘
10:34:48	39.05	0.01	1	3904	卖盘
10:34:45	39.04	-0.04	3	11712	买盘
10:34:42	39.08	0.03	50	195400	买盘
10:34:39	39.05	0.03	21	82005	买盘
10:34:36	39.02	-0.02	12	46824	卖盘
10:34:33	39.04	-0.02	9	35136	中性盘
10:34:27	39.06	0.04	18	70308	买盘
10:34:24	39.02	-0.03	43	167786	卖盘
10:34:21	39.05	--	5	19525	卖盘
10:34:18	39.05	0.01	9	35145	买盘
10:34:15	39.04	0.01	28	109312	买盘
10:34:12	39.03	-0.02	28	109284	卖盘
10:34:09	39.05	0.01	23	89815	买盘
10:34:06	39.04	--	40	156160	买盘
10:34:03	39.04	0.02	10	39040	买盘
10:34:00	39.02	-0.02	5	19510	卖盘
10:33:57	39.04	0.02	51	199104	中性盘
10:33:54	39.02	-0.03	30	117060	卖盘
10:33:51	39.05	0.01	63	246014	买盘
10:33:48	39.04	-0.01	8	31232	卖盘
10:33:45	39.05	-0.01	30	117149	中性盘
10:33:42	39.06	0.03	24	93744	买盘
10:33:39	39.03	-0.03	5	19515	中性盘
10:33:36	39.06	0.01	23	89838	买盘
10:33:33	39.05	--	3	11715	卖盘
10:33:30	39.05	-0.01	10	39050	卖盘
10:33:27	39.06	0.01	7	27342	买盘
10:33:24	39.05	0.04	32	124959	中性盘
10:33:21	39.01	-0.04	110	429110	卖盘
10:33:18	39.05	--	62	242109	买盘
10:33:12	39.05	--	28	109339	买盘
10:33:09	39.05	--	10	39050	买盘
10:33:03	39.05	0.04	3	11715	买盘
10:33:00	39.01	0.01	10	39010	卖盘
10:32:51	39.0	0.15	147	573300	买盘
10:32:45	38.85	--	1	3885	卖盘
10:32:39	38.85	--	9	34965	卖盘
10:32:36	38.85	--	1	3885	卖盘
10:32:33	38.85	0.02	46	178710	买盘
10:32:24	38.83	0.03	9	34947	买盘
10:32:21	38.8	--	48	186240	卖盘
10:32:18	38.8	0.01	29	112519	中性盘
10:32:12	38.79	-0.06	1	3879	中性盘
10:31:45	38.85	0.06	79	308857	买盘
10:31:42	38.79	0.09	193	748647	买盘
10:31:39	38.7	0.02	247	955890	买盘
10:31:36	38.68	-0.02	4	15472	卖盘
10:31:27	38.7	--	5	19350	买盘
10:31:24	38.7	--	13	50310	买盘
10:31:15	38.7	--	18	69660	卖盘
10:31:12	38.7	--	10	38700	卖盘
10:31:09	38.7	--	22	85140	买盘
10:31:06	38.7	0.02	3	11610	买盘
10:31:00	38.68	-0.02	1	3868	卖盘
10:30:51	38.7	0.05	4	15480	中性盘
10:30:45	38.65	-0.06	32	123680	卖盘
10:30:42	38.71	--	3	11613	买盘
10:30:39	38.71	-0.03	4	15484	中性盘
10:30:24	38.74	0.04	40	154960	买盘
10:30:15	38.7	--	3	11610	买盘
10:30:12	38.7	0.05	8	30960	买盘
10:30:09	38.65	-0.05	40	154600	卖盘
10:30:06	38.7	--	13	50310	卖盘
10:30:03	38.7	--	6	23220	卖盘
10:29:45	38.7	0.03	1	3870	买盘
10:29:39	38.67	--	22	85074	卖盘
10:29:27	38.67	0.03	29	112143	买盘
10:29:21	38.64	-0.03	1	3864	卖盘
10:29:18	38.67	0.01	8	30936	买盘
10:29:15	38.66	0.02	13	50257	买盘
10:29:12	38.64	0.01	1	3864	中性盘
10:29:00	38.63	0.01	3	11589	中性盘
10:28:57	38.62	-0.04	31	119721	卖盘
10:28:54	38.66	--	4	15463	中性盘
10:28:51	38.66	0.03	1	3865	买盘
10:28:42	38.63	-0.07	23	88849	卖盘
10:28:36	38.7	--	3	11610	买盘
10:28:33	38.7	0.04	2	7740	买盘
10:28:30	38.66	0.03	1	3865	中性盘
10:28:24	38.63	-0.07	29	112027	卖盘
10:28:18	38.7	0.07	20	77400	买盘
10:28:06	38.63	--	1	3863	卖盘
10:28:03	38.63	--	16	61808	卖盘
10:27:51	38.63	-0.07	29	112027	卖盘
10:27:45	38.7	--	1	3870	买盘
10:27:39	38.7	-0.01	25	96750	卖盘
10:27:33	38.71	-0.01	7	27097	卖盘
10:27:30	38.72	-0.05	12	46464	卖盘
10:27:24	38.77	0.05	2	7754	买盘
10:27:18	38.72	-0.02	30	116160	卖盘
10:27:15	38.74	--	36	139464	卖盘
10:27:12	38.74	-0.06	1	3874	卖盘
10:27:00	38.8	--	9	34920	买盘
10:26:54	38.8	--	344	1334720	卖盘
10:26:48	38.8	--	5	19400	卖盘
10:26:45	38.8	--	26	100879	卖盘
10:26:42	38.8	--	5	19400	卖盘
10:26:39	38.8	-0.02	10	38800	卖盘
10:26:36	38.82	0.02	1	3882	买盘
10:26:30	38.8	--	11	42680	卖盘
10:26:24	38.8	--	1	3879	卖盘
10:26:21	38.8	--	78	302640	卖盘
10:26:15	38.8	--	31	120279	卖盘
10:26:09	38.8	-0.02	87	337560	卖盘
10:26:06	38.82	-0.03	8	31056	卖盘
10:26:03	38.85	--	1	3885	买盘
10:26:00	38.85	0.02	3	11655	买盘
10:25:54	38.83	-0.02	16	64069	卖盘
10:25:48	38.85	0.02	2	7770	买盘
10:25:45	38.83	-0.02	43	166969	卖盘
10:25:39	38.85	0.02	11	42735	买盘
10:25:27	38.83	--	17	66011	卖盘
10:25:24	38.83	--	3	11649	卖盘
10:25:21	38.83	0.01	5	21356	买盘
10:25:18	38.82	-0.01	2	7764	卖盘
10:25:15	38.83	--	10	38830	买盘
10:25:12	38.83	0.01	2	7766	买盘
10:25:09	38.82	--	9	34938	卖盘
10:25:06	38.82	-0.02	37	145575	卖盘
10:25:03	38.84	0.01	2	9710	买盘
10:25:00	38.83	--	17	66011	卖盘
10:24:54	38.83	0.01	15	58245	买盘
10:24:48	38.82	--	2	7764	卖盘
10:24:45	38.82	--	8	31056	卖盘
10:24:39	38.82	0.02	24	93168	买盘
10:24:36	38.8	-0.01	27	104759	卖盘
10:24:33	38.81	-0.01	6	23286	卖盘
10:24:30	38.82	0.02	2	7764	买盘
10:24:24	38.8	-0.02	8	31039	卖盘
10:24:15	38.82	0.02	3	11646	买盘
10:24:09	38.8	--	11	42680	卖盘
10:24:06	38.8	-0.02	29	112519	卖盘
10:24:03	38.82	0.01	28	108696	买盘
10:24:00	38.81	-0.01	1	3881	卖盘
10:23:45	38.82	0.01	2	7764	买盘
10:23:42	38.81	-0.01	8	31048	卖盘
10:23:39	38.82	0.01	14	54348	中性盘
10:23:33	38.81	-0.02	27	104787	卖盘
10:23:27	38.83	0.01	10	38830	买盘
10:23:24	38.82	0.01	7	27174	买盘
10:23:21	38.81	--	8	31048	卖盘
10:23:18	38.81	-0.01	17	65977	卖盘
10:23:12	38.82	--	24	93168	卖盘
10:23:06	38.82	--	9	34938	卖盘
10:23:03	38.82	-0.02	27	104814	卖盘
10:23:00	38.84	0.01	14	54376	买盘
10:22:57	38.83	-0.01	5	19415	卖盘
10:22:51	38.84	--	2	7768	买盘
10:22:48	38.84	0.01	1	3884	买盘
10:22:45	38.83	--	5	19415	卖盘
10:22:39	38.83	--	17	66011	卖盘
10:22:33	38.83	-0.02	34	132022	卖盘
10:22:30	38.85	0.01	4	15540	买盘
10:22:27	38.84	0.01	4	15536	中性盘
10:22:15	38.83	-0.01	8	31064	卖盘
10:22:12	38.84	--	5	19420	买盘
10:22:09	38.84	-0.01	4	15536	卖盘
10:22:06	38.85	--	2	7770	卖盘
10:22:03	38.85	0.02	1	3885	中性盘
10:21:54	38.83	-0.02	27	104841	卖盘
10:21:51	38.85	0.02	1	3885	买盘
10:21:48	38.83	0.01	10	38830	卖盘
10:21:45	38.82	-0.03	1	3882	卖盘
10:21:39	38.85	0.03	3	11655	买盘
10:21:36	38.82	-0.01	11	42702	卖盘
10:21:33	38.83	0.01	1	3883	中性盘
10:21:24	38.82	-0.03	63	244566	卖盘
10:21:18	38.85	0.05	24	93240	买盘
10:21:12	38.8	--	5	19400	卖盘
10:21:00	38.8	0.06	107	415159	买盘
10:20:57	38.74	0.04	4	15496	买盘
10:20:51	38.7	-0.02	30	116100	卖盘
10:20:48	38.72	0.01	1	3872	卖盘
10:20:45	38.71	0.01	24	92904	中性盘
10:20:39	38.7	--	7	27090	卖盘
10:20:36	38.7	--	9	34830	卖盘
10:20:33	38.7	-0.02	2	7740	卖盘
10:20:30	38.72	0.02	36	139392	买盘
10:20:24	38.7	0.04	3	11610	买盘
10:20:21	38.66	-0.04	27	104381	卖盘
10:20:18	38.7	0.03	8	30960	买盘
10:20:15	38.67	--	6	23202	买盘
10:20:12	38.67	0.01	2	7734	买盘
10:20:09	38.66	--	5	19330	卖盘
10:20:03	38.66	0.02	1	3865	中性盘
10:20:00	38.64	--	16	61824	买盘
10:19:54	38.64	--	3	11592	买盘
10:19:51	38.64	-0.01	7	27048	卖盘
10:19:48	38.65	-0.03	18	69570	卖盘
10:19:45	38.68	0.07	8	30944	买盘
10:19:39	38.61	-0.09	23	88803	卖盘
10:19:36	38.7	0.05	30	116100	买盘
10:19:33	38.65	--	74	286010	买盘
10:19:30	38.65	0.05	5	19325	买盘
10:19:24	38.6	--	1	3860	卖盘
10:19:21	38.6	-0.01	27	104220	卖盘
10:19:18	38.61	0.01	42	162162	买盘
10:19:15	38.6	--	51	196860	买盘
10:19:12	38.6	--	86	331960	买盘
10:19:09	38.6	-0.01	210	810600	卖盘
10:19:06	38.61	--	11	42471	卖盘
10:19:03	38.61	--	5	19305	卖盘
10:19:00	38.61	--	15	57915	卖盘
10:18:57	38.61	--	18	69498	买盘
10:18:54	38.61	0.01	5	19305	买盘
10:18:51	38.6	--	94	362840	买盘
10:18:48	38.6	--	4	15440	买盘
10:18:45	38.6	--	9	34740	买盘
10:18:42	38.6	-0.03	66	254760	卖盘
10:18:39	38.63	0.03	30	115890	买盘
10:18:36	38.6	--	30	115800	买盘
10:18:33	38.6	-0.01	213	822180	卖盘
10:18:30	38.61	--	15	57915	卖盘
10:18:24	38.61	--	3	11583	卖盘
10:18:21	38.61	--	2	7722	卖盘
10:18:18	38.61	-0.02	7	27027	卖盘
10:18:15	38.63	--	4	15452	买盘
10:18:12	38.63	0.03	8	30904	买盘
10:18:06	38.6	-0.03	32	123520	卖盘
10:18:03	38.63	0.03	5	19315	买盘
10:17:51	38.6	-0.03	34	131240	卖盘
10:17:48	38.63	0.02	57	220191	买盘
10:17:45	38.61	0.01	1	3861	中性盘
10:17:42	38.6	-0.03	8	30880	卖盘
10:17:39	38.63	0.03	7	27041	买盘
10:17:36	38.6	-0.01	11	42460	卖盘
10:17:27	38.61	0.01	5	19305	卖盘
10:17:21	38.6	-0.03	30	115800	卖盘
10:17:18	38.63	--	1	3863	买盘
10:17:15	38.63	--	3	11589	买盘
10:17:12	38.63	-0.02	18	69534	卖盘
10:17:09	38.65	0.02	1	3865	中性盘
10:17:06	38.63	-0.02	11	42493	卖盘
10:17:03	38.65	--	2	7730	买盘
10:16:57	38.65	--	2	7730	买盘
10:16:54	38.65	-0.02	21	81165	买盘
10:16:51	38.67	0.02	4	15468	买盘
10:16:48	38.65	-0.05	3	11595	卖盘
10:16:45	38.7	0.05	4	15480	买盘
10:16:42	38.65	-0.02	1	3865	卖盘
10:16:39	38.67	-0.03	8	30936	中性盘
10:16:24	38.7	0.05	2	7740	买盘
10:16:21	38.65	-0.03	35	135275	卖盘
10:16:18	38.68	-0.03	37	143116	卖盘
10:16:15	38.71	0.02	6	23226	中性盘
10:16:06	38.69	-0.02	14	54166	卖盘
10:16:03	38.71	--	6	23226	卖盘
10:16:00	38.71	--	1	3871	卖盘
10:15:57	38.71	0.02	4	15484	买盘
10:15:54	38.69	-0.01	4	15476	卖盘
10:15:51	38.7	-0.01	4	15480	中性盘
10:15:48	38.71	0.03	5	19355	买盘
10:15:45	38.68	-0.03	30	116040	卖盘
10:15:42	38.71	--	2	7742	买盘
10:15:39	38.71	0.01	1	3871	中性盘
10:15:33	38.7	--	14	54180	卖盘
10:15:24	38.7	-0.02	2	7740	卖盘
10:15:21	38.72	0.02	26	100672	买盘
10:15:18	38.7	--	8	30960	买盘
10:15:12	38.7	-0.02	14	54180	卖盘
10:15:06	38.72	--	7	27104	卖盘
10:15:00	38.72	0.02	6	23232	买盘
10:14:57	38.7	0.02	25	96750	买盘
10:14:54	38.68	-0.02	24	92832	卖盘
10:14:51	38.7	--	16	61920	卖盘
10:14:48	38.7	--	3	11610	卖盘
10:14:42	38.7	--	27	104490	卖盘
10:14:36	38.7	--	14	54180	卖盘
10:14:27	38.7	--	20	77400	买盘
10:14:24	38.7	--	2	7740	买盘
10:14:18	38.7	0.02	2	7740	买盘
10:14:15	38.68	-0.02	1	3868	中性盘
10:14:12	38.7	0.02	30	116100	买盘
10:14:09	38.68	--	20	77360	中性盘
10:14:06	38.68	--	13	50284	卖盘
10:14:00	38.68	--	4	15472	卖盘
10:13:57	38.68	-0.02	6	23208	卖盘
10:13:54	38.7	0.01	45	174150	买盘
10:13:51	38.69	-0.01	9	34821	卖盘
10:13:48	38.7	0.01	11	42570	买盘
10:13:45	38.69	-0.01	2	7738	卖盘
10:13:42	38.7	0.01	71	274770	买盘
10:13:36	38.69	--	9	34821	卖盘
10:13:33	38.69	-0.01	6	23214	中性盘
10:13:30	38.7	0.01	52	201240	买盘
10:13:27	38.69	0.03	18	69642	买盘
10:13:21	38.66	-0.02	45	173969	卖盘
10:13:18	38.68	--	4	15472	买盘
10:13:15	38.68	0.02	80	309440	买盘
10:13:12	38.66	0.01	28	108247	中性盘
10:13:06	38.65	--	33	127545	卖盘
10:13:03	38.65	--	2	7730	卖盘
10:13:00	38.65	--	8	30920	卖盘
10:12:57	38.65	--	6	23190	买盘
10:12:48	38.65	0.04	6	23190	买盘
10:12:45	38.61	0.01	1	3861	卖盘
10:12:42	38.6	-0.01	43	165980	卖盘
10:12:36	38.61	--	10	38610	卖盘
10:12:30	38.61	0.05	8	30888	买盘
10:12:27	38.56	0.03	4	15424	中性盘
10:12:24	38.53	-0.04	470	1811025	卖盘
10:12:21	38.57	-0.04	29	111853	卖盘
10:12:18	38.61	0.01	1	3861	买盘
10:12:15	38.6	--	4	15440	买盘
10:12:12	38.6	0.05	5	19300	买盘
10:12:09	38.55	--	30	115649	卖盘
10:12:06	38.55	-0.02	23	88665	卖盘
10:12:03	38.57	--	10	38570	买盘
10:11:57	38.57	--	5	19285	买盘
10:11:54	38.57	-0.01	21	80997	中性盘
10:11:51	38.58	0.02	124	478392	买盘
10:11:48	38.56	-0.01	7	26992	卖盘
10:11:42	38.57	0.04	6	23142	买盘
10:11:39	38.53	--	7	26971	卖盘
10:11:36	38.53	--	54	208062	买盘
10:11:33	38.53	--	15	57795	买盘
10:11:30	38.53	0.01	8	30824	买盘
10:11:27	38.52	-0.01	23	88596	卖盘
10:11:24	38.53	0.01	167	643451	买盘
10:11:21	38.52	--	34	130968	买盘
10:11:18	38.52	--	224	862848	买盘
10:11:15	38.52	--	81	312012	买盘
10:11:12	38.52	--	71	273492	买盘
10:11:09	38.52	--	33	127116	买盘
10:11:06	38.52	-0.01	29	111708	卖盘
10:11:03	38.53	0.01	10	38530	买盘
10:11:00	38.52	--	13	50076	卖盘
10:10:57	38.52	-0.01	12	46224	卖盘
10:10:54	38.53	--	15	57795	买盘
10:10:51	38.53	0.02	189	728217	买盘
10:10:48	38.51	0.01	30	115530	买盘
10:10:45	38.5	-0.01	26	100100	卖盘
10:10:42	38.51	-0.03	78	302727	卖盘
10:10:39	38.54	-0.03	9	34686	买盘
10:10:36	38.57	0.06	37	142709	买盘
10:10:33	38.51	-0.06	39	150189	卖盘
10:10:30	38.57	0.05	42	163498	买盘
10:10:27	38.52	-0.08	92	356733	卖盘
10:10:24	38.6	0.05	10	40105	买盘
10:10:21	38.55	--	10	38550	买盘
10:10:18	38.55	-0.01	50	195101	卖盘
10:10:15	38.56	-0.01	14	55487	卖盘
10:10:12	38.57	-0.02	77	296989	中性盘
10:10:09	38.59	0.02	23	88757	买盘
10:10:06	38.57	-0.03	22	84854	卖盘
10:10:03	38.6	--	34	131240	买盘
10:10:00	38.6	--	11	42460	买盘
10:09:54	38.6	--	32	123520	卖盘
10:09:51	38.6	--	5	19300	卖盘
10:09:48	38.6	--	72	277920	卖盘
10:09:45	38.6	--	50	193000	卖盘
10:09:42	38.6	--	19	73340	卖盘
10:09:36	38.6	-0.03	20	77200	卖盘
10:09:33	38.63	-0.01	76	293588	卖盘
10:09:30	38.64	-0.01	24	92736	卖盘
10:09:27	38.65	--	79	305335	买盘
10:09:24	38.65	-0.05	291	1127729	卖盘
10:09:21	38.7	--	23	89010	买盘
10:09:18	38.7	--	12	46440	买盘
10:09:12	38.7	--	18	69660	买盘
10:09:09	38.7	--	10	38700	买盘
10:09:06	38.7	--	52	201240	卖盘
10:09:03	38.7	--	138	534060	卖盘
10:09:00	38.7	--	30	116100	卖盘
10:08:54	38.7	--	72	278640	卖盘
10:08:51	38.7	--	5	19350	卖盘
10:08:48	38.7	--	82	317340	买盘
10:08:45	38.7	0.01	21	81270	买盘
10:08:42	38.69	-0.01	6	23214	卖盘
10:08:39	38.7	0.01	11	42570	买盘
10:08:36	38.69	-0.01	9	34821	卖盘
10:08:30	38.7	--	160	619200	卖盘
10:08:27	38.7	--	6	23220	卖盘
10:08:24	38.7	0.02	145	561150	买盘
10:08:21	38.68	0.01	68	263874	买盘
10:08:18	38.67	-0.01	13	50271	卖盘
10:08:15	38.68	--	3	11604	买盘
10:08:12	38.68	--	3	11604	买盘
10:08:09	38.68	-0.03	91	355005	卖盘
10:08:06	38.71	0.01	15	58065	买盘
10:08:03	38.7	0.01	28	108360	中性盘
10:08:00	38.69	--	27	104463	卖盘
10:07:57	38.69	-0.01	7	27083	卖盘
10:07:54	38.7	-0.01	40	154800	卖盘
10:07:51	38.71	-0.01	5	19355	中性盘
10:07:48	38.72	0.02	58	225427	买盘
10:07:45	38.7	-0.01	118	459678	卖盘
10:07:42	38.71	--	24	92904	买盘
10:07:39	38.71	0.01	5	19355	买盘
10:07:36	38.7	--	11	42570	卖盘
10:07:33	38.7	-0.01	34	131580	卖盘
10:07:27	38.71	0.01	69	267099	中性盘
10:07:21	38.7	-0.02	100	387000	卖盘
10:07:18	38.72	--	13	50336	卖盘
10:07:15	38.72	0.01	52	201344	买盘
10:07:12	38.71	0.01	20	77420	中性盘
10:07:09	38.7	-0.01	126	488471	卖盘
10:07:06	38.71	--	31	120001	卖盘
10:07:03	38.71	-0.01	11	42581	卖盘
10:07:00	38.72	0.01	43	166496	买盘
10:06:57	38.71	-0.01	4	15484	卖盘
10:06:54	38.72	-0.02	21	81312	卖盘
10:06:48	38.74	0.02	14	54236	买盘
10:06:45	38.72	-0.01	25	96800	卖盘
10:06:42	38.73	-0.02	20	77460	卖盘
10:06:39	38.75	--	6	23250	买盘
10:06:36	38.75	0.01	16	62000	买盘
10:06:33	38.74	-0.01	70	271180	卖盘
10:06:30	38.75	--	26	100750	卖盘
10:06:27	38.75	--	67	259625	卖盘
10:06:24	38.75	--	5	19375	卖盘
10:06:21	38.75	-0.04	20	77500	卖盘
10:06:18	38.79	--	4	15516	买盘
10:06:15	38.79	-0.01	82	318078	卖盘
10:06:12	38.8	--	5	19400	买盘
10:06:09	38.8	--	9	34920	买盘
10:06:06	38.8	--	5	19400	买盘
10:06:03	38.8	--	23	89240	卖盘
10:06:00	38.8	-0.05	70	271600	卖盘
10:05:57	38.85	0.05	49	190365	买盘
10:05:54	38.8	--	206	799279	卖盘
10:05:48	38.8	-0.08	6	23280	卖盘
10:05:45	38.88	--	14	54432	买盘
10:05:42	38.88	0.08	2	7776	买盘
10:05:39	38.8	-0.09	517	2005959	卖盘
10:05:36	38.89	-0.01	9	35001	卖盘
10:05:33	38.9	0.02	5	19450	买盘
10:05:27	38.88	-0.02	26	101088	卖盘
10:05:24	38.9	0.01	1	3890	买盘
10:05:21	38.89	--	3	11667	卖盘
10:05:18	38.89	-0.01	12	46668	卖盘
10:05:12	38.9	-0.02	2	7780	卖盘
10:05:09	38.92	0.03	8	31136	买盘
10:05:06	38.89	--	10	38890	卖盘
10:05:03	38.89	--	1	3889	卖盘
10:05:00	38.89	-0.08	2	7778	卖盘
10:04:57	38.97	--	14	54558	卖盘
10:04:51	38.97	0.09	9	35073	买盘
10:04:48	38.88	-0.12	1	3888	中性盘
10:04:27	39.0	0.1	30	117000	买盘
10:04:24	38.9	0.03	26	101140	中性盘
10:04:21	38.87	-0.13	69	268203	卖盘
10:04:18	39.0	0.11	6	23400	买盘
10:04:15	38.89	--	8	31112	买盘
10:04:12	38.89	0.02	14	54446	买盘
10:04:09	38.87	-0.01	9	34983	卖盘
10:04:06	38.88	--	9	34992	卖盘
10:04:03	38.88	-0.01	1	3888	卖盘
10:04:00	38.89	0.02	2	7778	买盘
10:03:57	38.87	--	29	112722	卖盘
10:03:51	38.87	--	2	7773	卖盘
10:03:45	38.87	0.01	6	23322	买盘
10:03:36	38.86	-0.04	2	7772	卖盘
10:03:33	38.9	-0.02	1	3890	卖盘
10:03:30	38.92	0.06	6	23352	买盘
10:03:27	38.86	-0.04	10	38860	卖盘
10:03:24	38.9	--	30	116700	卖盘
10:03:21	38.9	--	3	11670	卖盘
10:03:18	38.9	--	5	19450	卖盘
10:03:12	38.9	--	2	7780	卖盘
10:03:09	38.9	--	5	19450	卖盘
10:03:06	38.9	--	46	178940	买盘
10:02:57	38.9	0.05	2	7780	买盘
10:02:51	38.85	--	41	159285	卖盘
10:02:48	38.85	-0.05	26	101010	卖盘
10:02:45	38.9	0.05	4	15560	中性盘
10:02:36	38.85	--	6	23310	卖盘
10:02:27	38.85	--	61	236985	买盘
10:02:24	38.85	0.02	19	73815	买盘
10:02:21	38.83	-0.02	2	7766	卖盘
10:02:18	38.85	--	54	209790	买盘
10:02:15	38.85	--	18	69930	买盘
10:02:12	38.85	-0.22	385	1495725	卖盘
10:02:06	39.07	0.07	51	199257	买盘
10:02:03	39.0	--	3	11700	卖盘
10:02:00	39.0	0.02	7	27300	买盘
10:01:48	38.98	0.03	2	7795	买盘
10:01:42	38.95	--	1	3895	卖盘
10:01:39	38.95	0.03	5	19475	买盘
10:01:36	38.92	--	9	35028	卖盘
10:01:33	38.92	--	18	70056	买盘
10:01:30	38.92	0.01	3	11676	买盘
10:01:27	38.91	--	11	42800	卖盘
10:01:21	38.91	--	2	7781	卖盘
10:01:18	38.91	--	15	58364	卖盘
10:01:15	38.91	0.03	16	62255	买盘
10:01:12	38.88	--	1	3888	卖盘
10:01:09	38.88	--	9	34992	买盘
10:01:06	38.88	-0.02	3	11664	卖盘
10:01:03	38.9	0.04	1	3890	中性盘
10:01:00	38.86	--	7	27202	卖盘
10:00:57	38.86	-0.02	39	151554	卖盘
10:00:54	38.88	0.01	35	136080	买盘
10:00:51	38.87	0.01	31	120535	中性盘
10:00:45	38.86	--	6	23316	卖盘
10:00:42	38.86	--	27	104922	卖盘
10:00:39	38.86	0.01	25	97150	买盘
10:00:36	38.85	--	21	81585	卖盘
10:00:33	38.85	--	51	198135	卖盘
10:00:30	38.85	--	36	139860	卖盘
10:00:27	38.85	--	16	62160	卖盘
10:00:24	38.85	0.03	29	112665	买盘
10:00:21	38.82	-0.01	31	120342	卖盘
10:00:18	38.83	-0.03	46	178618	卖盘
10:00:15	38.86	0.01	53	205958	买盘
10:00:12	38.85	-0.01	23	89355	卖盘
10:00:09	38.86	0.01	5	19430	买盘
10:00:06	38.85	-0.01	19	73815	卖盘
10:00:03	38.86	-0.02	6	23316	卖盘
10:00:00	38.88	--	4	15552	买盘
09:59:54	38.88	0.02	10	38880	买盘
09:59:51	38.86	-0.04	7	27202	卖盘
09:59:48	38.9	0.02	1	3890	买盘
09:59:45	38.88	-0.02	2	11625	卖盘
09:59:42	38.9	--	10	38900	买盘
09:59:39	38.9	0.02	3	11670	中性盘
09:59:36	38.88	-0.02	28	108864	卖盘
09:59:30	38.9	0.02	1	3890	卖盘
09:59:27	38.88	-0.02	31	120528	卖盘
09:59:24	38.9	0.02	11	42828	买盘
09:59:21	38.88	-0.02	49	190512	卖盘
09:59:18	38.9	0.02	26	101140	买盘
09:59:15	38.88	--	1	3888	卖盘
09:59:12	38.88	--	10	38880	卖盘
09:59:09	38.88	--	7	27216	卖盘
09:59:06	38.88	--	9	34992	卖盘
09:59:03	38.88	--	14	54432	买盘
09:59:00	38.88	0.03	1	3888	买盘
09:58:57	38.85	-0.03	9	34965	卖盘
09:58:48	38.88	-0.02	5	19440	中性盘
09:58:42	38.9	0.07	20	77800	买盘
09:58:36	38.83	--	9	34947	卖盘
09:58:33	38.83	--	7	27181	买盘
09:58:30	38.83	-0.05	3	11649	卖盘
09:58:27	38.88	-0.02	3	11664	中性盘
09:58:24	38.9	0.07	15	58350	买盘
09:58:21	38.83	-0.02	36	139788	卖盘
09:58:18	38.85	-0.03	11	42735	卖盘
09:58:12	38.88	0.03	2	7776	买盘
09:58:09	38.85	0.03	51	198135	中性盘
09:58:06	38.82	-0.03	18	69876	卖盘
09:58:03	38.85	0.03	7	27195	买盘
09:58:00	38.82	-0.03	20	77640	卖盘
09:57:57	38.85	0.04	13	50505	买盘
09:57:45	38.81	--	23	89263	卖盘
09:57:42	38.81	-0.07	5	19405	卖盘
09:57:39	38.88	0.08	8	31104	买盘
09:57:36	38.8	-0.01	28	108639	卖盘
09:57:33	38.81	0.01	46	178526	买盘
09:57:30	38.8	-0.01	10	38800	卖盘
09:57:24	38.81	--	12	46572	买盘
09:57:21	38.81	0.01	1	3881	买盘
09:57:18	38.8	-0.01	6	23280	卖盘
09:57:15	38.81	--	6	23286	卖盘
09:57:12	38.81	0.01	5	19405	中性盘
09:57:09	38.8	-0.01	22	85360	卖盘
09:57:03	38.81	0.01	11	42691	中性盘
09:57:00	38.8	--	100	388000	卖盘
09:56:54	38.8	--	17	65960	卖盘
09:56:51	38.8	--	1	3879	卖盘
09:56:48	38.8	-0.09	300	1164000	卖盘
09:56:45	38.89	-0.01	2	7778	卖盘
09:56:42	38.9	0.01	2	7780	买盘
09:56:36	38.89	-0.01	13	50557	卖盘
09:56:33	38.9	--	50	194500	买盘
09:56:30	38.9	0.01	9	35010	中性盘
09:56:27	38.89	-0.01	48	186672	卖盘
09:56:24	38.9	-0.01	21	81690	卖盘
09:56:21	38.91	--	3	11672	买盘
09:56:15	38.91	0.01	13	50582	买盘
09:56:06	38.9	-0.01	14	54460	卖盘
09:56:00	38.91	--	11	42800	卖盘
09:55:57	38.91	-0.01	10	38910	卖盘
09:55:54	38.92	--	3	11676	买盘
09:55:51	38.92	--	1	3892	买盘
09:55:48	38.92	0.01	5	19460	买盘
09:55:45	38.91	-0.01	11	42800	卖盘
09:55:42	38.92	-0.06	12	46704	卖盘
09:55:36	38.98	0.06	57	222185	中性盘
09:55:30	38.92	-0.08	20	77840	卖盘
09:55:24	39.0	0.08	5	19500	买盘
09:55:21	38.92	-0.04	3	11676	卖盘
09:55:18	38.96	-0.02	39	151944	卖盘
09:55:15	38.98	0.01	16	62367	买盘
09:55:09	38.97	0.01	3	11691	中性盘
09:55:06	38.96	-0.03	28	109088	卖盘
09:55:03	38.99	0.02	3	11697	买盘
09:54:57	38.97	--	6	23382	卖盘
09:54:48	38.97	--	18	70146	卖盘
09:54:45	38.97	0.06	5	19485	买盘
09:54:42	38.91	-0.05	21	81711	卖盘
09:54:36	38.96	--	24	93504	买盘
09:54:30	38.96	--	1	3896	买盘
09:54:27	38.96	--	47	183112	卖盘
09:54:24	38.96	--	12	46752	买盘
09:54:21	38.96	--	2	7792	买盘
09:54:18	38.96	-0.02	29	112984	卖盘
09:54:15	38.98	0.02	1	3897	中性盘
09:54:12	38.96	--	1	3896	卖盘
09:54:09	38.96	-0.01	22	85712	卖盘
09:54:06	38.97	-0.03	38	148086	卖盘
09:54:03	39.0	--	5	19500	卖盘
09:54:00	39.0	0.04	10	39000	买盘
09:53:57	38.96	--	14	54544	卖盘
09:53:54	38.96	--	21	81816	卖盘
09:53:51	38.96	--	33	128568	卖盘
09:53:48	38.96	--	21	81816	卖盘
09:53:42	38.96	-0.02	4	15584	卖盘
09:53:39	38.98	0.02	17	66266	中性盘
09:53:27	38.96	--	1	3896	卖盘
09:53:24	38.96	--	17	66232	买盘
09:53:15	38.96	0.04	8	31168	买盘
09:53:12	38.92	--	4	15568	买盘
09:53:09	38.92	0.02	62	241304	买盘
09:53:06	38.9	--	14	54460	卖盘
09:53:03	38.9	--	9	35010	买盘
09:53:00	38.9	--	9	35010	买盘
09:52:57	38.9	-0.15	1	3890	卖盘
09:52:54	39.05	0.15	50	195250	买盘
09:52:51	38.9	--	2	7780	卖盘
09:52:48	38.9	0.02	9	35010	中性盘
09:52:45	38.88	--	3	11664	卖盘
09:52:42	38.88	-0.02	14	54432	卖盘
09:52:39	38.9	0.02	8	31120	买盘
09:52:36	38.88	-0.04	45	174960	卖盘
09:52:30	38.92	0.04	8	31136	买盘
09:52:24	38.88	-0.04	8	31104	卖盘
09:52:21	38.92	0.04	47	182924	买盘
09:52:18	38.88	-0.02	26	101088	卖盘
09:52:15	38.9	0.02	4	15560	买盘
09:52:12	38.88	--	6	23328	卖盘
09:52:09	38.88	--	69	268272	卖盘
09:52:06	38.88	--	46	178848	买盘
09:52:03	38.88	--	18	69984	买盘
09:52:00	38.88	0.01	48	186624	买盘
09:51:57	38.87	-0.01	25	97175	卖盘
09:51:54	38.88	-0.01	66	256608	中性盘
09:51:45	38.89	0.05	6	23334	买盘
09:51:42	38.84	-0.03	3	11652	卖盘
09:51:39	38.87	0.07	18	69966	买盘
09:51:36	38.8	-0.01	1	3879	卖盘
09:51:30	38.81	-0.09	34	131954	卖盘
09:51:27	38.9	0.01	5	19450	买盘
09:51:24	38.89	0.09	25	97225	买盘
09:51:21	38.8	-0.04	1	3879	中性盘
09:51:18	38.84	0.05	7	27188	买盘
09:51:15	38.79	-0.08	3	11637	买盘
09:51:12	38.87	0.03	23	89401	买盘
09:51:09	38.84	0.04	19	73796	买盘
09:51:06	38.8	-0.07	9	34920	卖盘
09:51:03	38.87	--	21	81627	买盘
09:51:00	38.87	0.17	103	400361	买盘
09:50:57	38.7	--	43	166410	买盘
09:50:54	38.7	--	44	170280	卖盘
09:50:51	38.7	-0.1	145	561150	卖盘
09:50:48	38.8	0.1	13	50439	中性盘
09:50:42	38.7	-0.2	18	69660	卖盘
09:50:39	38.9	0.22	5	19450	买盘
09:50:36	38.68	-0.02	25	96700	卖盘
09:50:30	38.7	-0.22	299	1157130	卖盘
09:50:24	38.92	0.02	4	15568	卖盘
09:50:21	38.9	-0.02	10	38900	卖盘
09:50:18	38.92	0.02	10	38920	买盘
09:50:15	38.9	-0.02	2	7780	卖盘
09:50:12	38.92	--	10	38920	买盘
09:50:06	38.92	-0.07	1	3892	卖盘
09:50:03	38.99	-0.01	4	15596	中性盘
09:49:57	39.0	0.01	36	140400	买盘
09:49:54	38.99	-0.04	1	3899	卖盘
09:49:51	39.03	0.02	61	238083	买盘
09:49:48	39.01	-0.02	281	1096181	卖盘
09:49:45	39.03	--	17	66351	买盘
09:49:39	39.03	--	2	7806	买盘
09:49:36	39.03	--	14	54642	买盘
09:49:33	39.03	--	36	140508	卖盘
09:49:30	39.03	--	15	58545	卖盘
09:49:27	39.03	-0.01	50	195150	卖盘
09:49:24	39.04	--	35	136640	买盘
09:49:21	39.04	0.01	2	7808	买盘
09:49:18	39.03	--	31	120993	卖盘
09:49:15	39.03	-0.01	11	42933	卖盘
09:49:12	39.04	--	9	35136	卖盘
09:49:09	39.04	--	11	42944	卖盘
09:49:06	39.04	0.01	22	85888	卖盘
09:49:00	39.03	-0.05	26	101478	卖盘
09:48:57	39.08	-0.01	3	11724	买盘
09:48:54	39.09	--	108	422172	买盘
09:48:51	39.09	0.01	8	31272	买盘
09:48:48	39.08	0.02	10	39080	卖盘
09:48:45	39.06	-0.02	29	113274	卖盘
09:48:36	39.08	-0.02	9	35172	卖盘
09:48:30	39.1	--	45	175950	卖盘
09:48:21	39.1	-0.01	2	7820	卖盘
09:48:18	39.11	-0.01	4	15644	买盘
09:48:15	39.12	0.01	100	391200	买盘
09:48:12	39.11	--	42	164262	卖盘
09:48:09	39.11	--	18	70398	卖盘
09:48:06	39.11	-0.01	10	39110	卖盘
09:47:57	39.12	-0.01	131	512471	卖盘
09:47:54	39.13	--	4	15652	买盘
09:47:48	39.13	-0.01	30	117390	卖盘
09:47:45	39.14	--	12	46968	买盘
09:47:42	39.14	-0.01	9	35226	中性盘
09:47:39	39.15	0.01	2	7830	买盘
09:47:36	39.14	-0.02	14	54796	卖盘
