成交时间	成交价	价格变动	成交量(手)	成交额(元)	性质
15:00:03	18.78	-0.01	630	1183140	卖盘
14:57:00	18.79	--	30	56370	买盘
14:56:51	18.79	0.01	10	18790	买盘
14:56:45	18.78	-0.01	6	11268	卖盘
14:56:39	18.79	0.01	4	7516	买盘
14:56:36	18.78	--	13	24414	卖盘
14:56:33	18.78	--	8	15024	卖盘
14:56:30	18.78	-0.01	4	7512	卖盘
14:56:27	18.79	0.01	1	1879	买盘
14:56:24	18.78	-0.01	7	13146	卖盘
14:56:21	18.79	0.01	10	18790	买盘
14:56:18	18.78	--	23	43194	卖盘
14:56:15	18.78	-0.01	9	16902	卖盘
14:56:06	18.79	--	10	18790	买盘
14:55:45	18.79	--	1	1879	买盘
14:55:42	18.79	--	8	15032	买盘
14:55:39	18.79	0.01	6	11274	买盘
14:55:36	18.78	-0.01	20	37560	卖盘
14:55:30	18.79	--	15	28185	卖盘
14:55:27	18.79	--	11	20669	卖盘
14:55:24	18.79	0.01	14	26306	买盘
14:55:12	18.78	-0.01	7	13146	卖盘
14:54:57	18.79	-0.01	7	13153	卖盘
14:54:54	18.8	--	41	77080	买盘
14:54:48	18.8	-0.02	82	154742	卖盘
14:54:36	18.82	0.01	5	9410	买盘
14:54:33	18.81	-0.01	4	7523	中性盘
14:54:24	18.82	0.02	3	5646	买盘
14:54:18	18.8	-0.02	400	752000	卖盘
14:54:12	18.82	0.01	37	69634	买盘
14:54:09	18.81	--	2	3761	卖盘
14:54:03	18.81	--	48	90288	卖盘
14:53:54	18.81	--	90	169290	卖盘
14:53:51	18.81	--	43	80883	买盘
14:53:48	18.81	--	2	3761	买盘
14:53:42	18.81	--	1	1880	买盘
14:53:39	18.81	0.01	29	54548	中性盘
14:53:36	18.8	-0.02	50	94000	卖盘
14:53:27	18.82	0.01	34	63988	买盘
14:53:21	18.81	-0.01	6	11286	卖盘
14:53:18	18.82	--	11	20702	买盘
14:53:15	18.82	--	10	18820	买盘
14:53:12	18.82	--	10	18820	买盘
14:53:09	18.82	--	12	22584	买盘
14:53:03	18.82	--	20	37640	买盘
14:52:54	18.82	--	3	5646	买盘
14:52:45	18.82	0.01	9	16938	卖盘
14:52:33	18.81	--	1	1880	买盘
14:52:30	18.81	--	33	62072	卖盘
14:52:27	18.81	-0.01	50	94050	卖盘
14:52:24	18.82	--	21	39522	买盘
14:52:21	18.82	0.01	22	41404	买盘
14:52:15	18.81	-0.01	74	139194	卖盘
14:52:09	18.82	--	5	9410	买盘
14:52:06	18.82	-0.02	2	3764	卖盘
14:52:03	18.84	0.02	2	3768	买盘
14:52:00	18.82	--	56	105392	卖盘
14:51:48	18.82	--	15	28230	卖盘
14:51:42	18.82	--	10	18820	卖盘
14:51:39	18.82	-0.02	9	16938	卖盘
14:51:36	18.84	--	16	30144	买盘
14:51:33	18.84	0.03	20	37680	买盘
14:51:24	18.81	-0.01	14	26334	卖盘
14:51:18	18.82	--	19	35758	买盘
14:51:09	18.82	--	5	9410	买盘
14:51:00	18.82	--	11	20702	买盘
14:50:45	18.82	--	4	7528	中性盘
14:50:36	18.82	--	24	45168	买盘
14:50:33	18.82	--	24	45168	卖盘
14:50:30	18.82	--	18	33876	卖盘
14:50:15	18.82	--	15	28230	买盘
14:50:09	18.82	--	8	15056	买盘
14:50:00	18.82	--	2	3764	买盘
14:49:57	18.82	--	1	1882	买盘
14:49:39	18.82	--	2	3764	买盘
14:49:36	18.82	--	73	138327	卖盘
14:49:27	18.82	--	34	63988	卖盘
14:49:24	18.82	--	10	18820	卖盘
14:49:12	18.82	--	12	23525	买盘
14:49:03	18.82	--	5	9410	买盘
14:49:00	18.82	--	1	1882	买盘
14:48:57	18.82	--	24	45168	卖盘
14:48:54	18.82	--	2	3764	卖盘
14:48:30	18.82	--	9	16938	买盘
14:48:15	18.82	-0.02	3	5646	卖盘
14:47:48	18.84	--	5	9420	买盘
14:47:45	18.84	-0.01	1	1884	卖盘
14:47:39	18.85	0.01	53	99905	买盘
14:47:33	18.84	0.04	4	7536	买盘
14:47:27	18.8	-0.01	70	131600	卖盘
14:47:12	18.81	0.01	2	3761	中性盘
14:47:03	18.8	--	108	203040	卖盘
14:46:39	18.8	-0.01	90	169200	卖盘
14:46:33	18.81	-0.04	5	9405	卖盘
14:46:30	18.85	-0.02	1	1885	卖盘
14:46:24	18.87	0.02	4	7548	买盘
14:46:21	18.85	0.05	4	7540	中性盘
14:46:06	18.8	--	12	22560	卖盘
14:46:00	18.8	-0.01	100	188000	卖盘
14:45:54	18.81	-0.05	20	37620	卖盘
14:45:42	18.86	--	10	18860	买盘
14:45:36	18.86	0.06	6	11316	买盘
14:45:27	18.8	-0.06	400	752000	卖盘
14:45:21	18.86	-0.02	3	5658	卖盘
14:45:03	18.88	0.02	10	18880	卖盘
14:44:51	18.86	-0.02	100	188600	卖盘
14:44:39	18.88	--	10	18880	卖盘
14:44:33	18.88	0.03	2	3776	卖盘
14:44:15	18.85	-0.03	205	386425	卖盘
14:43:51	18.88	--	1	1888	买盘
14:43:42	18.88	--	2	3776	买盘
14:43:33	18.88	0.04	14	26432	买盘
14:43:24	18.84	-0.02	200	376800	卖盘
14:43:12	18.86	0.02	7	13202	买盘
14:42:57	18.84	-0.01	37	69708	卖盘
14:42:54	18.85	0.01	4	8840	买盘
14:42:36	18.84	-0.01	1	1884	卖盘
14:42:33	18.85	--	3	5655	买盘
14:42:15	18.85	0.01	1	1885	买盘
14:42:12	18.84	-0.01	15	28260	卖盘
14:41:51	18.85	-0.03	191	360619	卖盘
14:41:39	18.88	0.02	1	1888	买盘
14:41:03	18.86	--	53	99958	买盘
14:41:00	18.86	--	6	11316	买盘
14:40:54	18.86	--	2	3772	买盘
14:40:42	18.86	--	2	3772	买盘
14:40:36	18.86	--	1	1886	买盘
14:40:27	18.86	--	32	60352	卖盘
14:40:24	18.86	--	41	77326	买盘
14:40:12	18.86	--	2	3772	买盘
14:40:09	18.86	--	10	18860	买盘
14:40:03	18.86	0.01	3	5658	买盘
14:39:24	18.85	--	2	5070	买盘
14:39:18	18.85	--	50	94250	买盘
14:39:09	18.85	0.01	17	32045	买盘
14:39:06	18.84	-0.01	5	9420	卖盘
14:38:57	18.85	--	9	16965	卖盘
14:38:54	18.85	--	2	3770	卖盘
14:38:48	18.85	--	13	24505	卖盘
14:38:33	18.85	--	3	5655	买盘
14:38:27	18.85	--	5	9425	买盘
14:38:12	18.85	--	3	5655	买盘
14:38:09	18.85	--	5	9425	买盘
14:37:57	18.85	-0.01	4	7540	卖盘
14:37:54	18.86	0.01	2	3772	买盘
14:37:42	18.85	--	1	1885	买盘
14:37:39	18.85	--	4	7540	买盘
14:37:36	18.85	-0.01	74	139490	卖盘
14:37:27	18.86	--	1	1886	买盘
14:37:24	18.86	0.01	20	37720	买盘
14:37:15	18.85	-0.01	2	3770	卖盘
14:37:12	18.86	0.01	2	3772	买盘
14:36:57	18.85	-0.01	156	294060	卖盘
14:36:51	18.86	0.01	10	18860	买盘
14:36:45	18.85	--	10	18850	卖盘
14:36:24	18.85	-0.01	100	188500	卖盘
14:35:57	18.86	-0.02	5	9430	卖盘
14:35:48	18.88	0.01	39	73632	买盘
14:35:36	18.87	0.01	10	18870	买盘
14:35:18	18.86	0.01	13	24518	买盘
14:35:06	18.85	-0.01	13	24505	卖盘
14:35:03	18.86	--	14	26404	买盘
14:34:48	18.86	--	9	16974	卖盘
14:34:39	18.86	--	4	7544	买盘
14:34:30	18.86	--	9	16974	卖盘
14:34:15	18.86	--	7	13202	卖盘
14:34:06	18.86	--	25	47150	卖盘
14:33:51	18.86	--	9	16974	买盘
14:33:36	18.86	-0.01	1	1886	卖盘
14:33:33	18.87	0.01	6	11322	买盘
14:33:21	18.86	0.01	4	7544	买盘
14:33:06	18.85	--	7	13195	卖盘
14:33:00	18.85	--	8	15080	买盘
14:32:51	18.85	--	1	1885	买盘
14:32:36	18.85	0.01	12	22620	买盘
14:32:21	18.84	-0.01	5	9420	卖盘
14:32:12	18.85	--	7	13195	买盘
14:32:06	18.85	0.01	10	18850	买盘
14:31:57	18.84	-0.01	38	71592	卖盘
14:31:54	18.85	0.01	20	37700	买盘
14:31:51	18.84	-0.01	76	143184	卖盘
14:31:33	18.85	--	111	209235	卖盘
14:31:27	18.85	--	5	9425	卖盘
14:31:24	18.85	-0.01	40	75400	卖盘
14:31:15	18.86	0.01	30	56580	卖盘
14:30:57	18.85	--	20	37700	卖盘
14:30:36	18.85	--	13	24505	卖盘
14:30:21	18.85	--	5	9425	卖盘
14:30:06	18.85	0.01	3	5655	买盘
14:30:00	18.84	--	3	5652	卖盘
14:29:51	18.84	-0.01	100	188400	卖盘
14:29:45	18.85	--	7	13195	卖盘
14:29:42	18.85	--	4	7540	卖盘
14:29:36	18.85	--	3	5655	卖盘
14:29:27	18.85	--	3	5655	卖盘
14:29:15	18.85	--	4	7540	卖盘
14:29:12	18.85	-0.02	280	527800	卖盘
14:28:57	18.87	-0.01	8	15096	卖盘
14:28:45	18.88	-0.01	80	151040	卖盘
14:28:42	18.89	--	5	9445	买盘
14:28:36	18.89	--	7	13223	买盘
14:28:24	18.89	--	8	15112	买盘
14:28:21	18.89	0.01	5	9445	买盘
14:28:15	18.88	-0.01	51	96288	卖盘
14:28:09	18.89	--	333	629037	卖盘
14:28:03	18.89	--	35	66115	卖盘
14:27:57	18.89	--	12	22668	卖盘
14:27:54	18.89	-0.01	80	151120	卖盘
14:27:42	18.9	--	1	1889	买盘
14:27:33	18.9	--	5	9450	买盘
14:27:27	18.9	-0.03	14	26459	卖盘
14:27:24	18.93	0.03	10	18930	买盘
14:26:42	18.9	--	6	11340	买盘
14:26:39	18.9	--	26	49139	买盘
14:26:33	18.9	--	2	3779	买盘
14:26:27	18.9	--	10	18900	买盘
14:26:15	18.9	--	8	15119	买盘
14:26:00	18.9	--	7	13229	买盘
14:25:57	18.9	--	46	86940	卖盘
14:25:48	18.9	--	24	45360	买盘
14:25:36	18.9	0.01	3	5670	买盘
14:25:18	18.89	--	44	83116	买盘
14:25:15	18.89	0.01	4	7556	买盘
14:25:12	18.88	-0.01	9	16992	卖盘
14:24:54	18.89	--	1	1889	买盘
14:24:33	18.89	0.01	7	13223	买盘
14:24:30	18.88	-0.01	41	77408	卖盘
14:24:24	18.89	0.01	7	13223	买盘
14:24:18	18.88	-0.01	3	5664	卖盘
14:24:15	18.89	--	42	79338	买盘
14:24:06	18.89	0.01	4	7556	中性盘
14:23:39	18.88	--	25	47200	卖盘
14:23:27	18.88	0.01	4	7552	买盘
14:23:21	18.87	--	2	3774	卖盘
14:23:15	18.87	-0.01	2	3774	买盘
14:23:03	18.88	--	109	205792	买盘
14:22:39	18.88	0.01	2	3776	中性盘
14:22:33	18.87	-0.03	64	120768	卖盘
14:22:24	18.9	--	20	37800	买盘
14:22:21	18.9	-0.02	95	179550	卖盘
14:22:09	18.92	0.02	4	7568	买盘
14:22:06	18.9	-0.01	10	18900	卖盘
14:22:00	18.91	--	38	71858	卖盘
14:21:57	18.91	--	5	9455	卖盘
14:21:48	18.91	-0.01	100	189100	卖盘
14:21:42	18.92	--	17	32164	买盘
14:21:36	18.92	-0.01	39	73788	卖盘
14:21:27	18.93	--	10	18930	买盘
14:21:24	18.93	-0.01	35	66255	卖盘
14:21:09	18.94	--	111	210234	买盘
14:21:06	18.94	--	10	18940	买盘
14:20:54	18.94	-0.01	23	43562	卖盘
14:20:42	18.95	--	110	208450	买盘
14:20:33	18.95	--	5	9475	买盘
14:20:27	18.95	-0.01	48	90960	卖盘
14:20:12	18.96	0.01	34	64464	买盘
14:20:06	18.95	--	1	1895	卖盘
14:19:42	18.95	--	23	43585	卖盘
14:19:39	18.95	-0.01	2	3790	卖盘
14:19:24	18.96	0.01	1	1896	买盘
14:19:21	18.95	--	1	1895	卖盘
14:19:15	18.95	-0.01	2	3790	卖盘
14:19:12	18.96	0.01	15	28440	买盘
14:19:09	18.95	--	100	189500	卖盘
14:19:06	18.95	-0.01	10	18950	卖盘
14:19:03	18.96	0.01	2	3792	买盘
14:18:51	18.95	-0.01	1	1895	卖盘
14:18:48	18.96	0.02	3	5688	买盘
14:18:12	18.94	-0.01	5	9470	卖盘
14:18:09	18.95	--	1	1895	买盘
14:17:57	18.95	--	5	9475	买盘
14:17:33	18.95	--	5	9475	买盘
14:17:12	18.95	0.01	1	1895	买盘
14:16:45	18.94	-0.01	6	11364	卖盘
14:16:42	18.95	--	10	18950	买盘
14:16:24	18.95	--	7	13265	买盘
14:16:03	18.95	--	5	9475	买盘
14:15:57	18.95	--	3	5685	买盘
14:15:45	18.95	--	5	9475	卖盘
14:15:06	18.95	0.01	4	7580	买盘
14:14:45	18.94	-0.01	3	5682	中性盘
14:14:21	18.95	0.02	1	1895	买盘
14:14:09	18.93	-0.01	42	79506	卖盘
14:13:54	18.94	--	2	3788	卖盘
14:13:39	18.94	--	13	24622	卖盘
14:13:36	18.94	--	6	11364	卖盘
14:12:57	18.94	0.01	67	126898	买盘
14:12:39	18.93	-0.01	2	3786	卖盘
14:12:33	18.94	--	10	18940	买盘
14:12:21	18.94	-0.02	74	140156	卖盘
14:11:54	18.96	0.01	8	15168	买盘
14:11:33	18.95	-0.01	4	7580	卖盘
14:11:30	18.96	--	4	7584	买盘
14:10:51	18.96	0.02	5	9480	买盘
14:10:12	18.94	--	6	11364	卖盘
14:09:45	18.94	-0.02	4	7576	卖盘
14:09:12	18.96	--	14	26544	卖盘
14:08:57	18.96	--	6	11376	卖盘
14:08:51	18.96	-0.01	125	237000	卖盘
14:08:48	18.97	--	31	58807	买盘
14:08:45	18.97	0.01	1	1897	买盘
14:08:42	18.96	-0.01	65	123240	卖盘
14:08:39	18.97	--	5	9485	买盘
14:08:21	18.97	--	1	1897	卖盘
14:08:15	18.97	-0.01	11	20867	卖盘
14:08:09	18.98	0.01	10	18980	买盘
14:07:51	18.97	-0.01	5	9485	卖盘
14:07:09	18.98	--	33	62634	卖盘
14:07:03	18.98	--	22	41756	买盘
14:06:51	18.98	--	10	18980	买盘
14:06:42	18.98	0.02	30	56940	买盘
14:06:36	18.96	--	1	1896	卖盘
14:05:51	18.96	--	11	20856	卖盘
14:05:48	18.96	--	1	1896	卖盘
14:05:33	18.96	--	5	9480	卖盘
14:05:24	18.96	--	37	70152	买盘
14:05:12	18.96	--	5	9480	卖盘
14:05:09	18.96	--	1	1896	卖盘
14:04:51	18.96	--	3	5688	卖盘
14:04:42	18.96	--	11	20856	卖盘
14:04:18	18.96	-0.02	1	1896	卖盘
14:04:06	18.98	--	44	83512	卖盘
14:04:03	18.98	--	44	83512	卖盘
14:03:57	18.98	--	3	5694	卖盘
14:03:45	18.98	--	7	13286	卖盘
14:03:39	18.98	--	40	75920	卖盘
14:03:30	18.98	--	22	41756	卖盘
14:03:21	18.98	--	1	1898	卖盘
14:03:18	18.98	--	94	178412	卖盘
14:03:15	18.98	--	1	1898	卖盘
14:02:45	18.98	--	1	1898	卖盘
14:02:30	18.98	-0.01	25	47450	卖盘
14:02:12	18.99	0.01	4	7595	买盘
14:02:09	18.98	--	42	79716	卖盘
14:02:03	18.98	--	5	9490	卖盘
14:01:57	18.98	--	30	56940	卖盘
14:01:54	18.98	--	5	9490	卖盘
14:01:39	18.98	-0.01	23	43654	卖盘
14:01:09	18.99	--	4	7595	买盘
14:01:06	18.99	--	10	18990	买盘
14:00:57	18.99	--	20	37980	买盘
14:00:48	18.99	0.01	8	15191	买盘
14:00:36	18.98	-0.01	15	28470	卖盘
14:00:24	18.99	--	4	7595	买盘
14:00:12	18.99	0.01	29	55070	买盘
14:00:06	18.98	--	17	32266	卖盘
13:59:42	18.98	--	97	184106	买盘
13:59:39	18.98	--	10	18980	买盘
13:59:36	18.98	--	1	1898	买盘
13:59:09	18.98	--	4	7592	买盘
13:58:45	18.98	-0.01	17	32266	中性盘
13:58:09	18.99	0.03	13	24686	买盘
13:58:06	18.96	0.01	3	5688	中性盘
13:57:24	18.95	--	3	5685	卖盘
13:57:21	18.95	--	13	24635	买盘
13:57:06	18.95	--	13	24635	卖盘
13:56:15	18.95	--	10	18950	卖盘
13:56:06	18.95	-0.04	7	13265	卖盘
13:56:03	18.99	--	9	17091	买盘
13:55:57	18.99	0.04	1	1898	买盘
13:55:45	18.95	-0.04	16	30320	卖盘
13:55:39	18.99	--	20	37980	买盘
13:55:15	18.99	0.04	4	7595	买盘
13:54:45	18.95	--	4	7580	卖盘
13:54:27	18.95	--	7	13265	卖盘
13:54:12	18.95	-0.04	1	1895	卖盘
13:54:09	18.99	0.03	4	7595	买盘
13:53:21	18.96	--	1	1896	买盘
13:53:18	18.96	0.01	54	102384	中性盘
13:52:57	18.95	-0.01	23	43585	卖盘
13:52:51	18.96	--	14	26544	买盘
13:52:39	18.96	0.01	5	9480	买盘
13:52:03	18.95	--	48	90960	买盘
13:51:57	18.95	0.01	50	94750	买盘
13:51:33	18.94	0.02	1	1894	买盘
13:51:18	18.92	-0.02	4	7568	卖盘
13:51:09	18.94	0.02	6	11364	买盘
13:51:06	18.92	--	13	24596	卖盘
13:51:03	18.92	-0.01	39	73788	卖盘
13:51:00	18.93	0.01	10	18930	中性盘
13:50:42	18.92	-0.02	42	79464	卖盘
13:50:30	18.94	--	4	7576	买盘
13:50:12	18.94	--	5	9470	买盘
13:49:36	18.94	--	20	37880	买盘
13:49:15	18.94	--	4	7576	买盘
13:49:12	18.94	0.01	11	20834	买盘
13:49:00	18.93	--	3	5679	买盘
13:48:21	18.93	--	1	1893	买盘
13:47:57	18.93	--	45	85185	买盘
13:47:51	18.93	--	3	5679	买盘
13:47:39	18.93	--	10	18930	买盘
13:47:30	18.93	-0.01	44	83292	卖盘
13:47:09	18.94	--	30	56820	买盘
13:47:03	18.94	0.01	29	54926	买盘
13:46:57	18.93	--	8	15144	卖盘
13:46:45	18.93	-0.01	8	15144	卖盘
13:46:24	18.94	--	3	5682	买盘
13:46:21	18.94	0.01	3	5682	买盘
13:46:15	18.93	--	10	18930	卖盘
13:46:00	18.93	--	2	3786	卖盘
13:45:33	18.93	-0.01	6	11358	卖盘
13:45:24	18.94	0.01	5	9470	买盘
13:45:15	18.93	--	3	5679	卖盘
13:44:54	18.93	-0.01	56	106008	卖盘
13:44:48	18.94	0.01	5	9470	买盘
13:44:27	18.93	--	6	11358	卖盘
13:44:15	18.93	--	5	9465	卖盘
13:44:00	18.93	--	3	5679	卖盘
13:43:36	18.93	--	1	1893	卖盘
13:43:27	18.93	--	21	39753	卖盘
13:43:24	18.93	--	10	18930	卖盘
13:43:03	18.93	--	1	1893	卖盘
13:42:57	18.93	-0.01	5	9465	卖盘
13:42:36	18.94	--	5	9470	卖盘
13:42:24	18.94	--	20	37880	卖盘
13:42:15	18.94	--	44	83336	买盘
13:42:12	18.94	--	17	32198	买盘
13:41:30	18.94	0.01	1	1894	买盘
13:41:27	18.93	-0.01	5	9465	卖盘
13:41:24	18.94	--	1	1894	买盘
13:41:18	18.94	--	16	30304	卖盘
13:41:15	18.94	-0.01	4	7576	卖盘
13:41:06	18.95	0.01	3	5685	买盘
13:40:57	18.94	--	7	13258	卖盘
13:40:54	18.94	--	9	17046	卖盘
13:40:30	18.94	--	1	1894	卖盘
13:40:18	18.94	-0.01	5	9470	卖盘
13:40:06	18.95	0.01	12	22740	买盘
13:39:48	18.94	-0.01	5	9470	卖盘
13:39:18	18.95	--	7	13265	卖盘
13:39:06	18.95	--	5	9475	卖盘
13:38:18	18.95	--	2	3790	卖盘
13:38:06	18.95	--	10	18950	卖盘
13:37:51	18.95	--	16	30320	卖盘
13:37:45	18.95	0.01	12	22740	买盘
13:37:33	18.94	--	2	3788	卖盘
13:37:30	18.94	--	10	18940	卖盘
13:36:45	18.94	--	1	1894	买盘
13:36:24	18.94	--	10	18940	买盘
13:36:21	18.94	--	2	3788	买盘
13:36:15	18.94	--	1	1894	买盘
13:35:45	18.94	-0.01	287	543578	卖盘
13:35:33	18.95	--	4	7580	卖盘
13:35:12	18.95	--	4	7580	卖盘
13:35:03	18.95	--	6	11370	卖盘
13:34:54	18.95	--	1	1895	卖盘
13:33:48	18.95	--	2	3790	卖盘
13:33:36	18.95	--	1	1895	中性盘
13:33:03	18.95	0.01	6	11370	买盘
13:32:54	18.94	-0.01	5	9470	卖盘
13:32:51	18.95	--	5	9475	买盘
13:32:15	18.95	--	1	1895	卖盘
13:32:09	18.95	--	2	3790	卖盘
13:31:48	18.95	--	23	43585	卖盘
13:31:21	18.95	-0.01	30	56850	卖盘
13:31:03	18.96	0.01	1	1896	买盘
13:30:48	18.95	--	4	7580	卖盘
13:30:42	18.95	--	15	28425	卖盘
13:30:21	18.95	--	10	18950	卖盘
13:30:18	18.95	--	42	79590	卖盘
13:29:18	18.95	--	14	26530	卖盘
13:29:15	18.95	--	20	37900	卖盘
13:29:12	18.95	--	2	3790	卖盘
13:29:06	18.95	-0.01	152	288040	卖盘
13:28:45	18.96	--	26	49296	买盘
13:28:33	18.96	0.01	27	51192	买盘
13:28:21	18.95	-0.01	1	1895	卖盘
13:28:03	18.96	0.01	10	18960	买盘
13:27:51	18.95	-0.01	4	7580	卖盘
13:27:48	18.96	--	5	9480	买盘
13:27:33	18.96	--	27	51192	卖盘
13:27:27	18.96	--	13	24648	卖盘
13:26:54	18.96	--	17	32232	卖盘
13:26:48	18.96	-0.02	42	79632	卖盘
13:26:18	18.98	-0.01	2	3796	中性盘
13:25:54	18.99	0.03	23	43677	买盘
13:25:33	18.96	-0.03	20	37920	卖盘
13:25:30	18.99	0.03	17	32282	买盘
13:25:27	18.96	-0.03	2	3792	卖盘
13:24:54	18.99	0.03	3	5696	买盘
13:24:27	18.96	--	18	34128	买盘
13:24:24	18.96	--	2	3792	卖盘
13:23:12	18.96	--	4	7584	买盘
13:23:06	18.96	--	2	3792	卖盘
13:22:57	18.96	--	6	11376	卖盘
13:22:24	18.96	0.01	8	15168	买盘
13:22:15	18.95	-0.01	2	3790	卖盘
13:22:12	18.96	--	5	9480	买盘
13:21:57	18.96	--	1	1896	卖盘
13:21:33	18.96	0.01	5	9480	卖盘
13:21:18	18.95	-0.01	20	37900	卖盘
13:20:42	18.96	--	37	70246	买盘
13:20:39	18.96	--	17	32232	买盘
13:20:27	18.96	-0.03	44	85225	卖盘
13:20:03	18.99	0.03	7	13292	买盘
13:19:57	18.96	-0.03	10	19054	卖盘
13:19:42	18.99	--	30	56969	买盘
13:19:33	18.99	--	5	9495	买盘
13:19:09	18.99	--	1	1898	买盘
13:18:27	18.99	0.01	50	94949	买盘
13:18:09	18.98	--	83	157534	卖盘
13:17:45	18.98	--	17	32266	买盘
13:17:21	18.98	--	1	1898	买盘
13:17:12	18.98	--	10	18980	买盘
13:17:09	18.98	--	5	9490	买盘
13:16:57	18.98	--	3	5694	买盘
13:16:54	18.98	--	1	1898	买盘
13:16:18	18.98	--	8	15184	卖盘
13:16:09	18.98	--	4	7592	卖盘
13:15:48	18.98	--	10	18980	买盘
13:15:45	18.98	--	4	7592	买盘
13:15:33	18.98	--	5	9490	买盘
13:15:30	18.98	0.03	1	1898	买盘
13:15:21	18.95	--	13	24635	买盘
13:15:09	18.95	--	5	9475	买盘
13:15:00	18.95	0.01	5	9475	买盘
13:14:54	18.94	--	16	30304	卖盘
13:14:51	18.94	--	7	13258	买盘
13:14:27	18.94	0.01	1	1894	买盘
13:14:18	18.93	--	14	26502	买盘
13:13:57	18.93	0.01	5	9465	中性盘
13:12:42	18.92	-0.01	25	47300	卖盘
13:12:30	18.93	-0.01	52	98436	卖盘
13:12:27	18.94	0.01	10	18940	买盘
13:12:18	18.93	-0.01	16	30288	卖盘
13:12:15	18.94	--	6	11364	买盘
13:12:12	18.94	--	7	13258	卖盘
13:12:06	18.94	--	15	28410	买盘
13:12:03	18.94	--	42	79548	卖盘
13:11:57	18.94	--	1	1894	卖盘
13:11:30	18.94	--	16	30304	卖盘
13:11:00	18.94	--	7	13258	买盘
13:09:30	18.94	--	1	1894	卖盘
13:09:27	18.94	--	1	1894	买盘
13:09:21	18.94	-0.01	14	26516	卖盘
13:08:57	18.95	--	20	37900	买盘
13:08:51	18.95	0.01	2	3790	买盘
13:08:48	18.94	--	6	11364	卖盘
13:08:45	18.94	--	5	9470	卖盘
13:08:33	18.94	-0.01	5	9470	卖盘
13:08:27	18.95	--	4	7580	卖盘
13:08:24	18.95	--	3	5685	卖盘
13:08:21	18.95	--	25	47375	卖盘
13:08:06	18.95	-0.02	27	51165	卖盘
13:07:57	18.97	0.02	11	20867	买盘
13:07:42	18.95	-0.02	5	9475	卖盘
13:07:24	18.97	0.02	1	1897	买盘
13:07:21	18.95	-0.03	7	13265	卖盘
13:06:54	18.98	0.01	3	5694	买盘
13:06:21	18.97	-0.01	11	20867	卖盘
13:05:36	18.98	--	2	3796	买盘
13:05:12	18.98	0.01	18	34164	买盘
13:05:03	18.97	0.01	5	9485	买盘
13:04:51	18.96	0.01	17	32232	买盘
13:04:36	18.95	--	2	3790	买盘
13:04:33	18.95	0.01	1	1895	买盘
13:04:12	18.94	0.02	18	34092	买盘
13:03:54	18.92	0.01	7	13244	中性盘
13:03:27	18.91	--	31	58621	卖盘
13:03:18	18.91	-0.03	3	5673	卖盘
13:03:15	18.94	--	1	1894	买盘
13:03:12	18.94	--	1	1894	买盘
13:02:36	18.94	--	4	7576	买盘
13:02:33	18.94	0.03	5	9470	中性盘
13:02:15	18.91	--	50	94550	卖盘
13:01:39	18.91	--	31	58621	卖盘
13:01:27	18.91	-0.04	1	1891	卖盘
13:01:03	18.95	0.03	9	17055	买盘
13:00:12	18.92	--	16	30272	买盘
13:00:06	18.92	0.01	5	9460	买盘
13:00:03	18.91	-0.01	48	90768	卖盘
13:00:00	18.92	--	0	0	卖盘
11:30:00	18.92	--	0	0	卖盘
11:29:42	18.92	0.02	3	5676	买盘
11:29:36	18.9	-0.01	5	9450	卖盘
11:29:18	18.91	0.01	1	1891	中性盘
11:27:57	18.9	--	44	83934	卖盘
11:27:45	18.9	--	28	52919	买盘
11:26:54	18.9	--	1	1889	买盘
11:26:45	18.9	--	34	65375	卖盘
11:26:30	18.9	--	1	1889	卖盘
11:26:09	18.9	--	6	12114	买盘
11:26:03	18.9	--	28	52919	买盘
11:25:57	18.9	--	35	66150	买盘
11:25:24	18.9	0.03	5	9450	买盘
11:25:09	18.87	--	123	232101	买盘
11:24:54	18.87	--	29	54723	卖盘
11:24:45	18.87	--	14	26418	卖盘
11:24:42	18.87	--	10	18870	卖盘
11:24:39	18.87	--	30	56610	买盘
11:24:27	18.87	0.01	7	13209	中性盘
11:24:06	18.86	-0.01	73	137678	卖盘
11:24:00	18.87	--	8	15096	卖盘
11:23:36	18.87	--	2	3774	买盘
11:23:33	18.87	0.01	5	9435	买盘
11:23:27	18.86	-0.01	6	11316	卖盘
11:23:21	18.87	--	10	18870	买盘
11:23:15	18.87	0.01	1	1887	买盘
11:23:12	18.86	-0.01	2	3772	卖盘
11:23:00	18.87	0.01	9	16983	中性盘
11:22:09	18.86	-0.04	5	9430	卖盘
11:22:03	18.9	0.03	20	37800	买盘
11:21:51	18.87	--	1	1887	买盘
11:21:30	18.87	-0.03	9	16983	中性盘
11:21:12	18.9	0.04	9	17010	买盘
11:21:09	18.86	-0.04	14	26404	卖盘
11:21:06	18.9	0.04	45	85050	买盘
11:21:00	18.86	-0.01	14	26404	卖盘
11:20:51	18.87	-0.01	18	33966	卖盘
11:20:36	18.88	--	3	6777	卖盘
11:20:33	18.88	--	120	226560	卖盘
11:20:27	18.88	--	10	18880	卖盘
11:20:24	18.88	-0.01	10	18880	卖盘
11:19:33	18.89	-0.01	1	1889	卖盘
11:19:12	18.9	--	2	3779	卖盘
11:19:00	18.9	0.01	3	5670	买盘
11:18:54	18.89	-0.01	9	17001	卖盘
11:18:45	18.9	--	5	9450	买盘
11:18:39	18.9	0.01	15	28349	买盘
11:18:33	18.89	--	6	11334	卖盘
11:18:30	18.89	0.01	4	7556	中性盘
11:18:09	18.88	--	120	226560	卖盘
11:17:21	18.88	--	12	22656	卖盘
11:17:18	18.88	--	47	89510	买盘
11:17:15	18.88	--	8	16217	卖盘
11:16:45	18.88	--	1	2662	买盘
11:16:42	18.88	-0.01	24	46425	卖盘
11:16:39	18.89	--	4	7556	买盘
11:16:30	18.89	--	2	3778	买盘
11:16:24	18.89	0.01	1	1889	买盘
11:16:21	18.88	--	14	26432	卖盘
11:15:48	18.88	-0.01	7	13216	卖盘
11:15:45	18.89	--	5	9445	卖盘
11:15:30	18.89	--	2	3778	卖盘
11:15:27	18.89	-0.03	9	17001	卖盘
11:15:24	18.92	--	2	3784	中性盘
11:14:51	18.92	0.04	9	17028	买盘
11:14:18	18.88	-0.01	10	18880	卖盘
11:14:03	18.89	0.01	10	18890	买盘
11:13:57	18.88	-0.01	14	26432	卖盘
11:13:42	18.89	--	2	3778	买盘
11:13:39	18.89	--	8	15112	卖盘
11:12:57	18.89	0.01	2	3778	中性盘
11:12:45	18.88	--	62	117830	卖盘
11:12:30	18.88	--	12	22656	卖盘
11:12:27	18.88	--	7	13216	卖盘
11:12:24	18.88	--	20	37760	卖盘
11:12:18	18.88	--	4	7552	卖盘
11:11:39	18.88	-0.05	1	1888	卖盘
11:11:15	18.93	--	3	5679	买盘
11:10:51	18.93	--	5	9465	买盘
11:10:33	18.93	--	4	7572	卖盘
11:10:12	18.93	--	12	22716	卖盘
11:10:03	18.93	--	14	26502	卖盘
11:09:36	18.93	0.05	9	17037	买盘
11:09:30	18.88	--	14	26432	卖盘
11:09:24	18.88	--	5	9440	卖盘
11:09:03	18.88	--	5	9440	卖盘
11:08:06	18.88	--	7	13216	卖盘
11:08:00	18.88	--	13	24544	买盘
11:07:45	18.88	0.02	5	9440	买盘
11:07:42	18.86	--	5	9430	卖盘
11:07:27	18.86	-0.07	6	11316	卖盘
11:07:12	18.93	0.07	1	1893	买盘
11:07:03	18.86	--	50	94300	卖盘
11:06:57	18.86	-0.01	20	37720	卖盘
11:06:33	18.87	-0.07	16	30192	卖盘
11:06:03	18.94	0.08	1	1894	买盘
11:05:57	18.86	-0.01	27	50922	卖盘
11:05:51	18.87	--	9	16983	买盘
11:05:42	18.87	--	15	28305	卖盘
11:05:39	18.87	-0.04	3	5661	中性盘
11:05:12	18.91	0.05	24	45384	买盘
11:05:03	18.86	-0.05	3	5658	卖盘
11:05:00	18.91	0.07	5	9455	中性盘
11:03:21	18.84	-0.09	504	949536	卖盘
11:02:57	18.93	--	24	45432	卖盘
11:02:36	18.93	-0.01	1	1893	卖盘
11:02:33	18.94	--	44	83336	买盘
11:01:57	18.94	-0.02	11	20834	中性盘
11:01:24	18.96	0.04	10	18960	买盘
11:00:45	18.92	--	3	5676	卖盘
10:59:42	18.92	--	19	35948	买盘
10:59:39	18.92	--	10	18920	买盘
10:59:36	18.92	--	2	3784	买盘
10:59:30	18.92	--	1	1892	买盘
10:59:18	18.92	--	3	5676	卖盘
10:59:09	18.92	0.01	2	3784	中性盘
10:58:42	18.91	-0.02	176	332816	卖盘
10:58:33	18.93	--	1	1893	卖盘
10:58:24	18.93	--	20	37860	卖盘
10:58:06	18.93	--	6	11358	卖盘
10:57:42	18.93	-0.07	77	145761	卖盘
10:57:21	19.0	0.04	20	38000	买盘
10:57:18	18.96	--	2	4910	卖盘
10:57:00	18.96	-0.04	7	13272	卖盘
10:56:42	19.0	--	15	28500	买盘
10:56:33	19.0	--	8	15200	买盘
10:56:03	19.0	--	55	104500	买盘
10:55:48	19.0	--	3	5700	买盘
10:55:36	19.0	--	17	32300	买盘
10:55:24	19.0	--	6	11400	买盘
10:55:12	19.0	0.02	10	19000	买盘
10:55:09	18.98	-0.02	4	8370	卖盘
10:55:03	19.0	--	243	461700	买盘
10:54:42	19.0	-0.01	30	57000	卖盘
10:54:36	19.01	0.01	5	9505	买盘
10:54:24	19.0	--	15	28500	买盘
10:54:21	19.0	0.02	7	13300	买盘
10:54:18	18.98	-0.02	2	3796	卖盘
10:54:06	19.0	--	199	378100	买盘
10:53:51	19.0	-0.06	79	150100	卖盘
10:53:45	19.06	0.01	2	3811	卖盘
10:53:39	19.05	-0.02	25	47625	卖盘
10:53:33	19.07	--	89	169723	买盘
10:53:27	19.07	0.01	3	5721	买盘
10:53:15	19.06	0.01	3	5718	买盘
10:53:12	19.05	-0.01	9	18135	卖盘
10:53:06	19.06	0.01	34	64803	买盘
10:53:03	19.05	--	10	19050	卖盘
10:53:00	19.05	0.01	6	12344	买盘
10:52:51	19.04	-0.01	1	1904	卖盘
10:52:48	19.05	0.01	22	41910	买盘
10:52:45	19.04	-0.01	12	22848	中性盘
10:52:33	19.05	0.02	47	89535	买盘
10:52:15	19.03	0.02	20	38060	买盘
10:52:06	19.01	0.01	5	9505	买盘
10:51:57	19.0	--	2	3800	卖盘
10:51:51	19.0	--	5	9500	卖盘
10:51:45	19.0	--	1	1900	买盘
10:51:33	19.0	--	5	9500	买盘
10:51:27	19.0	0.06	30	57000	买盘
10:51:21	18.94	-0.06	1	1894	中性盘
10:51:06	19.0	--	234	444600	买盘
10:51:03	19.0	--	5	9500	买盘
10:50:45	19.0	0.01	8	15200	买盘
10:50:39	18.99	--	8	15191	卖盘
10:50:36	18.99	--	16	30383	买盘
10:50:21	18.99	-0.01	4	7595	中性盘
10:50:06	19.0	0.01	65	123500	买盘
10:49:36	18.99	--	1	1898	买盘
10:49:33	18.99	--	27	51272	买盘
10:49:30	18.99	0.08	1	1898	买盘
10:49:09	18.91	-0.08	5	9455	卖盘
10:49:03	18.99	--	5	9495	买盘
10:48:51	18.99	--	4	7595	卖盘
10:48:42	18.99	--	9	17091	买盘
10:48:36	18.99	--	81	153819	买盘
10:48:30	18.99	0.03	10	18990	中性盘
10:48:18	18.96	-0.04	12	22752	卖盘
10:48:15	19.0	--	7	13300	卖盘
10:48:12	19.0	--	23	43700	买盘
10:48:06	19.0	--	181	343900	买盘
10:47:39	19.0	-0.03	2	3800	卖盘
10:47:33	19.03	--	29	55187	买盘
10:47:27	19.03	--	20	38060	买盘
10:47:21	19.03	-0.01	6	11969	卖盘
10:47:18	19.04	--	10	19040	买盘
10:47:15	19.04	0.01	13	24752	买盘
10:47:06	19.03	0.01	21	41314	买盘
10:47:03	19.02	--	20	38040	买盘
10:47:00	19.02	--	1	1902	买盘
10:46:51	19.02	--	21	39942	卖盘
10:46:48	19.02	--	3	5706	卖盘
10:46:42	19.02	0.02	37	70374	买盘
10:46:36	19.0	--	9	17100	买盘
10:46:33	19.0	--	93	176700	买盘
10:46:30	19.0	--	3	5700	买盘
10:46:21	19.0	--	16	30400	买盘
10:46:18	19.0	--	7	13300	买盘
10:46:12	19.0	--	16	30400	买盘
10:46:06	19.0	0.01	13	24700	买盘
10:46:03	18.99	--	92	174708	买盘
10:45:57	18.99	0.01	15	28484	买盘
10:45:51	18.98	-0.01	1	1898	卖盘
10:45:48	18.99	0.01	50	94949	买盘
10:45:45	18.98	--	20	37960	卖盘
10:45:42	18.98	--	10	18980	卖盘
10:45:36	18.98	0.02	87	165126	买盘
10:45:30	18.96	--	10	18960	卖盘
10:45:24	18.96	--	1	3526	中性盘
10:45:12	18.96	-0.01	1	1896	中性盘
10:45:06	18.97	0.01	72	136584	买盘
10:45:00	18.96	--	10	18960	卖盘
10:44:57	18.96	-0.01	8	15168	卖盘
10:44:54	18.97	--	8	15176	买盘
10:44:48	18.97	--	5	9485	买盘
10:44:36	18.97	0.01	27	51219	买盘
10:44:33	18.96	-0.01	27	51192	卖盘
10:44:03	18.97	--	1	1897	买盘
10:43:42	18.97	--	12	22764	买盘
10:43:33	18.97	0.01	116	220052	买盘
10:43:30	18.96	--	9	17064	卖盘
10:43:24	18.96	--	7	13272	卖盘
10:43:15	18.96	--	4	7584	卖盘
10:43:12	18.96	--	10	18960	卖盘
10:43:09	18.96	--	1	1896	卖盘
10:43:06	18.96	0.01	41	77736	买盘
10:43:03	18.95	0.01	231	437745	买盘
10:42:54	18.94	--	7	13258	卖盘
10:42:51	18.94	-0.01	10	18940	卖盘
10:42:36	18.95	--	15	28425	买盘
10:42:33	18.95	0.01	25	47375	买盘
10:42:06	18.94	--	1	1894	买盘
10:42:03	18.94	-0.01	1	1894	中性盘
10:41:36	18.95	0.01	17	32215	买盘
10:41:33	18.94	--	17	32198	买盘
10:41:21	18.94	--	13	24622	卖盘
10:41:06	18.94	0.03	16	30304	买盘
10:41:03	18.91	--	29	54839	买盘
10:40:36	18.91	0.01	3	5673	买盘
10:40:33	18.9	--	3	5670	买盘
10:40:27	18.9	-0.04	4	7559	卖盘
10:40:21	18.94	--	1	1894	买盘
10:40:06	18.94	0.03	1	1894	买盘
10:40:03	18.91	0.01	1	1891	买盘
10:40:00	18.9	-0.01	4	7559	卖盘
10:39:36	18.91	--	8	15128	买盘
10:39:18	18.91	--	11	20801	卖盘
10:39:06	18.91	-0.03	102	192882	卖盘
10:38:42	18.94	-0.01	1	1894	买盘
10:38:36	18.95	0.01	18	34110	买盘
10:38:06	18.94	--	5	9470	买盘
10:38:00	18.94	0.03	5	9470	中性盘
10:37:36	18.91	--	1	1891	买盘
10:37:21	18.91	0.01	1	1891	买盘
10:37:06	18.9	0.01	1	1889	买盘
10:37:00	18.89	--	1	1889	买盘
10:36:36	18.89	0.02	2	3778	买盘
10:36:27	18.87	--	5	9435	卖盘
10:36:21	18.87	--	2	3774	卖盘
10:36:18	18.87	--	16	30192	买盘
10:36:09	18.87	-0.02	3	5661	中性盘
10:36:06	18.89	0.02	17	32113	买盘
10:36:03	18.87	--	5	9435	买盘
10:35:54	18.87	0.01	4	7548	中性盘
10:35:42	18.86	-0.01	15	28290	卖盘
10:35:39	18.87	--	1	1887	买盘
10:35:36	18.87	0.01	2	3774	买盘
10:35:33	18.86	-0.01	5	9430	卖盘
10:35:18	18.87	-0.02	10	18870	卖盘
10:35:06	18.89	0.02	1	1889	买盘
10:34:39	18.87	--	7	13209	买盘
10:34:36	18.87	0.01	16	30192	买盘
10:34:27	18.86	--	14	26404	买盘
10:34:24	18.86	--	20	37720	买盘
10:34:21	18.86	-0.01	48	90528	卖盘
10:34:09	18.87	-0.02	12	22644	卖盘
10:34:06	18.89	0.01	9	17001	买盘
10:34:03	18.88	--	20	37760	卖盘
10:34:00	18.88	0.01	8	15104	买盘
10:33:57	18.87	-0.01	6	11322	卖盘
10:33:48	18.88	-0.01	103	194464	卖盘
10:33:39	18.89	-0.03	26	49114	卖盘
10:33:36	18.92	0.02	1	1892	买盘
10:33:33	18.9	--	4	7559	中性盘
10:33:15	18.9	--	5	9450	卖盘
10:33:06	18.9	-0.01	9	17010	卖盘
10:32:42	18.91	-0.01	78	147498	卖盘
10:32:36	18.92	--	39	73788	买盘
10:32:24	18.92	-0.01	9	17028	卖盘
10:32:12	18.93	-0.03	1	1893	中性盘
10:32:06	18.96	0.01	11	20856	买盘
10:31:36	18.95	--	11	20845	买盘
10:31:06	18.95	-0.01	27	51165	卖盘
10:30:51	18.96	-0.01	6	11376	卖盘
10:30:36	18.97	-0.01	5	9485	中性盘
10:30:24	18.98	--	10	18980	买盘
10:30:18	18.98	--	2	3796	买盘
10:30:06	18.98	--	72	136656	买盘
10:30:00	18.98	--	20	37960	卖盘
10:29:54	18.98	--	20	37960	中性盘
10:29:36	18.98	0.02	1	1898	买盘
10:29:33	18.96	--	30	56880	卖盘
10:29:15	18.96	-0.02	6	11376	卖盘
10:29:06	18.98	--	2	3796	买盘
10:28:57	18.98	0.02	3	5694	买盘
10:28:36	18.96	-0.02	70	132720	卖盘
10:28:18	18.98	--	2	3796	买盘
10:28:06	18.98	0.02	40	75920	买盘
10:27:54	18.96	--	1	1896	卖盘
10:27:45	18.96	--	5	9480	卖盘
10:27:42	18.96	--	12	22752	卖盘
10:27:39	18.96	--	1	1896	买盘
10:27:36	18.96	0.05	9	17064	买盘
10:27:33	18.91	-0.05	4	7564	中性盘
10:27:06	18.96	0.05	1	1896	中性盘
10:26:39	18.91	--	3	5673	买盘
10:26:36	18.91	--	27	51057	买盘
10:26:30	18.91	-0.05	5	9455	卖盘
10:26:06	18.96	--	3	5688	买盘
10:25:36	18.96	0.06	9	17064	买盘
10:25:09	18.9	--	1	2381	买盘
10:25:06	18.9	0.01	13	24569	买盘
10:25:03	18.89	--	10	18890	卖盘
10:24:42	18.89	-0.01	1	1889	卖盘
10:24:36	18.9	--	130	245699	买盘
10:24:24	18.9	--	2	3779	买盘
10:24:21	18.9	--	10	18900	买盘
10:24:18	18.9	--	1	1889	买盘
10:24:15	18.9	-0.06	32	61878	卖盘
10:24:12	18.96	--	3	5688	卖盘
10:24:06	18.96	0.01	5	9972	买盘
10:23:48	18.95	-0.01	10	18950	中性盘
10:23:36	18.96	0.01	27	51192	买盘
10:23:33	18.95	0.07	15	28425	买盘
10:23:09	18.88	--	1	1888	买盘
10:23:06	18.88	--	18	33984	买盘
10:23:03	18.88	-0.07	1	1888	中性盘
10:22:48	18.95	0.1	30	56850	买盘
10:22:42	18.85	-0.1	200	377000	卖盘
10:22:36	18.95	--	12	22740	买盘
10:22:21	18.95	0.01	13	24635	买盘
10:22:18	18.94	--	8	17027	卖盘
10:22:15	18.94	--	7	13276	买盘
10:22:06	18.94	--	17	32198	买盘
10:22:00	18.94	0.02	16	30304	买盘
10:21:06	18.92	0.04	3	5676	买盘
10:20:36	18.88	0.03	5	9440	买盘
10:20:33	18.85	-0.01	43	81055	卖盘
10:20:27	18.86	--	5	9430	卖盘
10:20:15	18.86	--	16	30176	卖盘
10:20:09	18.86	-0.02	10	18860	卖盘
10:20:06	18.88	0.02	1	1888	买盘
10:19:51	18.86	--	2	3772	卖盘
10:19:42	18.86	-0.02	7	13202	卖盘
10:19:36	18.88	--	24	45312	买盘
10:19:09	18.88	-0.02	2	3776	卖盘
10:19:06	18.9	0.02	10	18900	买盘
10:19:03	18.88	--	5	9440	买盘
10:18:54	18.88	-0.02	5	9440	卖盘
10:18:36	18.9	0.05	28	52919	买盘
10:18:15	18.85	-0.05	100	188500	卖盘
10:18:09	18.9	-0.01	15	28349	卖盘
10:18:06	18.91	0.03	4	7564	中性盘
10:17:51	18.88	-0.03	20	37760	卖盘
10:17:36	18.91	0.03	20	37820	买盘
10:17:30	18.88	-0.02	35	66080	卖盘
10:17:24	18.9	--	18	34020	买盘
10:17:12	18.9	--	10	18900	买盘
10:17:06	18.9	0.02	35	66150	买盘
10:16:57	18.88	--	5	9440	卖盘
10:16:48	18.88	0.01	3	5664	中性盘
10:16:36	18.87	-0.01	112	211344	卖盘
10:16:33	18.88	0.01	5	9440	中性盘
10:16:21	18.87	-0.03	50	94350	卖盘
10:16:12	18.9	0.02	10	18900	买盘
10:16:06	18.88	--	36	67968	买盘
10:16:00	18.88	--	25	49069	卖盘
10:15:51	18.88	--	28	52864	卖盘
10:15:39	18.88	-0.03	36	67968	卖盘
10:15:36	18.91	0.01	29	54839	买盘
10:15:30	18.9	--	2	3779	卖盘
10:15:24	18.9	--	16	30239	卖盘
10:15:21	18.9	--	6	11358	卖盘
10:15:15	18.9	--	1	1889	卖盘
10:15:06	18.9	-0.01	54	102059	卖盘
10:15:03	18.91	0.01	10	18910	买盘
10:14:57	18.9	-0.01	3	5670	卖盘
10:14:51	18.91	--	7	13237	买盘
10:14:36	18.91	--	5	9455	买盘
10:14:30	18.91	--	1	1891	卖盘
10:14:18	18.91	--	4	7564	买盘
10:14:15	18.91	-0.03	19	35929	卖盘
10:14:12	18.94	--	6	11364	买盘
10:14:06	18.94	0.03	54	102276	买盘
10:13:51	18.91	--	10	18910	卖盘
10:13:42	18.91	-0.03	3	5673	卖盘
10:13:39	18.94	0.03	20	37880	买盘
10:13:36	18.91	--	5	9455	卖盘
10:13:30	18.91	0.01	24	45384	买盘
10:13:09	18.9	--	13	24569	卖盘
10:13:06	18.9	--	31	58589	卖盘
10:13:00	18.9	-0.01	17	32129	卖盘
10:12:36	18.91	--	11	20801	卖盘
10:12:24	18.91	--	1	1891	中性盘
10:12:18	18.91	-0.03	98	185318	卖盘
10:12:06	18.94	0.01	34	64396	买盘
10:12:00	18.93	--	17	32181	买盘
10:11:45	18.93	0.02	3	5679	买盘
10:11:36	18.91	--	26	49166	卖盘
10:11:33	18.91	-0.01	3	5673	卖盘
10:11:18	18.92	-0.01	15	28380	卖盘
10:11:15	18.93	0.01	3	5679	买盘
10:11:12	18.92	--	6	11352	卖盘
10:11:06	18.92	-0.02	13	24596	卖盘
10:10:33	18.94	0.03	9	17046	中性盘
10:10:06	18.91	-0.01	18	34038	卖盘
10:09:45	18.92	--	1	1892	卖盘
10:09:42	18.92	-0.02	1	1892	卖盘
10:09:36	18.94	0.03	12	22728	买盘
10:09:15	18.91	--	10	18910	卖盘
10:09:12	18.91	-0.03	6	11346	卖盘
10:09:09	18.94	-0.01	5	9470	中性盘
10:09:03	18.95	--	14	26530	买盘
10:08:51	18.95	--	2	3790	中性盘
10:08:36	18.95	0.04	11	20845	买盘
10:08:12	18.91	--	1	1891	卖盘
10:08:06	18.91	-0.04	13	24583	卖盘
10:07:54	18.95	0.04	2	3790	买盘
10:07:45	18.91	0.01	4	7564	中性盘
10:07:42	18.9	-0.01	17	32129	卖盘
10:07:36	18.91	--	32	60512	买盘
10:07:30	18.91	--	2	3782	买盘
10:07:21	18.91	--	4	7564	买盘
10:07:18	18.91	-0.05	6	11346	中性盘
10:07:03	18.96	--	10	18960	买盘
10:06:57	18.96	--	41	77736	买盘
10:06:54	18.96	--	2	5214	卖盘
10:06:45	18.96	--	7	13746	买盘
10:06:42	18.96	--	1	1896	买盘
10:06:36	18.96	--	39	73944	买盘
10:06:27	18.96	--	2	3792	买盘
10:06:24	18.96	--	20	37920	买盘
10:06:21	18.96	--	16	31758	卖盘
10:06:15	18.96	--	41	77736	卖盘
10:06:12	18.96	0.02	3	6162	买盘
10:06:06	18.94	-0.02	2	3788	卖盘
10:06:03	18.96	0.02	29	54984	买盘
10:05:57	18.94	--	2	3788	买盘
10:05:33	18.94	-0.02	18	34092	中性盘
10:05:06	18.96	0.08	1	1896	买盘
10:05:03	18.88	--	1	1888	买盘
10:04:57	18.88	-0.08	12	22656	卖盘
10:04:54	18.96	0.07	150	284400	买盘
10:04:51	18.89	0.01	20	37780	买盘
10:04:36	18.88	--	18	33984	买盘
10:04:30	18.88	--	28	52864	买盘
10:04:27	18.88	--	11	20768	买盘
10:04:15	18.88	0.02	2	3776	买盘
10:04:12	18.86	-0.03	7	13202	卖盘
10:04:03	18.89	0.03	15	28335	买盘
10:03:54	18.86	--	2	3772	卖盘
10:03:51	18.86	--	6	11316	卖盘
10:03:39	18.86	-0.02	10	18860	卖盘
10:03:36	18.88	0.02	26	49088	买盘
10:03:30	18.86	--	50	94300	卖盘
10:03:27	18.86	--	4	7544	卖盘
10:03:12	18.86	--	1	1886	买盘
10:03:03	18.86	0.01	4	7544	买盘
10:02:48	18.85	--	2	3770	卖盘
10:02:42	18.85	--	0	1602	买盘
10:02:36	18.85	--	13	24505	买盘
10:02:27	18.85	--	12	22620	买盘
10:02:21	18.85	--	301	567667	卖盘
10:02:18	18.85	-0.01	21	39585	卖盘
10:02:15	18.86	0.01	10	18860	中性盘
10:02:09	18.85	-0.03	18	33930	卖盘
10:02:06	18.88	0.02	5	9440	买盘
10:02:03	18.86	0.01	7	13202	买盘
10:01:36	18.85	--	22	41470	卖盘
10:01:24	18.85	--	50	94250	卖盘
10:01:21	18.85	-0.01	33	62205	卖盘
10:01:15	18.86	--	1	1886	卖盘
10:01:12	18.86	-0.01	5	9430	卖盘
10:01:09	18.87	--	10	18870	买盘
10:01:03	18.87	0.01	49	94066	买盘
10:00:57	18.86	--	1	1886	买盘
10:00:54	18.86	-0.01	29	54694	卖盘
10:00:51	18.87	--	5	9435	买盘
10:00:45	18.87	--	3	5661	买盘
10:00:42	18.87	0.01	14	26418	买盘
10:00:39	18.86	-0.01	26	49036	卖盘
10:00:36	18.87	--	29	54723	买盘
10:00:33	18.87	--	10	18870	买盘
10:00:30	18.87	-0.03	55	103785	卖盘
10:00:27	18.9	0.02	1	1889	买盘
10:00:21	18.88	0.01	14	26432	卖盘
10:00:15	18.87	0.01	15	28305	买盘
10:00:09	18.86	--	19	35834	买盘
10:00:06	18.86	--	83	156538	买盘
10:00:03	18.86	-0.01	95	179170	卖盘
09:59:57	18.87	--	25	47175	买盘
09:59:54	18.87	-0.02	122	230214	卖盘
09:59:51	18.89	0.02	10	18890	买盘
09:59:48	18.87	-0.01	7	13209	卖盘
09:59:42	18.88	0.01	24	45670	买盘
09:59:39	18.87	-0.01	10	18870	卖盘
09:59:33	18.88	0.01	7	13216	买盘
09:59:30	18.87	--	50	94350	买盘
09:59:27	18.87	--	10	18870	买盘
09:59:24	18.87	--	41	77367	买盘
09:59:21	18.87	--	11	20757	买盘
09:59:18	18.87	--	7	13209	买盘
09:59:12	18.87	-0.01	30	56610	卖盘
09:59:03	18.88	0.01	19	35872	买盘
09:58:57	18.87	--	4	7548	买盘
09:58:48	18.87	--	2	3774	买盘
09:58:45	18.87	0.01	7	13209	买盘
09:58:39	18.86	--	10	18860	卖盘
09:58:36	18.86	--	15	28290	买盘
09:58:33	18.86	0.01	134	252724	买盘
09:58:27	18.85	0.01	48	90480	买盘
09:58:21	18.84	-0.01	16	30144	卖盘
09:58:15	18.85	--	2	3770	买盘
09:58:12	18.85	0.01	16	30160	买盘
09:58:09	18.84	-0.01	7	13188	卖盘
09:58:06	18.85	--	251	473135	买盘
09:58:03	18.85	--	22	41470	买盘
09:58:00	18.85	--	8	15080	买盘
09:57:57	18.85	0.01	6	11310	买盘
09:57:54	18.84	-0.01	3	5652	中性盘
09:57:51	18.85	--	20	37700	买盘
09:57:48	18.85	0.01	535	1008475	买盘
09:57:39	18.84	--	12	22608	卖盘
09:57:36	18.84	--	4	7536	卖盘
09:57:33	18.84	--	3	5652	卖盘
09:57:24	18.84	0.01	14	26376	买盘
09:57:21	18.83	-0.01	10	18830	卖盘
09:57:18	18.84	--	105	197820	买盘
09:57:15	18.84	0.01	39	73476	买盘
09:57:12	18.83	-0.01	7	13180	卖盘
09:57:03	18.84	--	56	105504	买盘
09:56:54	18.84	--	2	3768	买盘
09:56:48	18.84	--	15	28260	买盘
09:56:45	18.84	0.01	4	7536	买盘
09:56:39	18.83	-0.01	1	1882	卖盘
09:56:36	18.84	-0.01	21	39564	卖盘
09:56:33	18.85	--	3	5655	买盘
09:56:30	18.85	0.02	6	11310	买盘
09:56:27	18.83	-0.02	123	231608	卖盘
09:56:24	18.85	--	7	13195	买盘
09:56:18	18.85	--	3	5655	买盘
09:56:15	18.85	0.02	17	32045	买盘
09:56:09	18.83	-0.02	86	161937	卖盘
09:56:03	18.85	0.01	47	88595	买盘
09:56:00	18.84	--	60	113040	卖盘
09:55:48	18.84	--	11	20724	买盘
09:55:42	18.84	--	4	7536	买盘
09:55:36	18.84	--	5	9420	买盘
09:55:33	18.84	--	80	150720	卖盘
09:55:30	18.84	-0.01	20	37680	卖盘
09:55:21	18.85	0.01	2	3770	买盘
09:55:18	18.84	0.01	2	3768	卖盘
09:55:12	18.83	--	2	3765	卖盘
09:55:09	18.83	-0.02	4	7531	卖盘
09:55:06	18.85	0.02	10	18850	买盘
09:55:00	18.83	-0.02	69	129926	卖盘
09:54:57	18.85	0.02	23	43355	买盘
09:54:51	18.83	-0.02	4	7531	卖盘
09:54:45	18.85	--	4	7540	买盘
09:54:39	18.85	--	1	1885	买盘
09:54:36	18.85	--	9	16965	卖盘
09:54:30	18.85	--	10	18850	卖盘
09:54:27	18.85	--	54	101790	卖盘
09:54:21	18.85	-0.01	17	32045	卖盘
09:54:12	18.86	0.01	39	73554	买盘
09:54:09	18.85	-0.01	3	5655	卖盘
09:54:06	18.86	--	8	15088	买盘
09:54:03	18.86	--	18	33948	卖盘
09:54:00	18.86	--	1	1886	卖盘
09:53:57	18.86	--	9	16974	卖盘
09:53:51	18.86	0.01	8	15088	买盘
09:53:48	18.85	-0.01	2	3770	卖盘
09:53:45	18.86	0.01	5	9430	买盘
09:53:42	18.85	--	3	5655	卖盘
09:53:39	18.85	--	15	28275	卖盘
09:53:36	18.85	--	9	16965	卖盘
09:53:30	18.85	-0.01	32	60320	卖盘
09:53:27	18.86	-0.01	46	86756	卖盘
09:53:24	18.87	--	1	1887	买盘
09:53:21	18.87	--	5	9435	买盘
09:53:15	18.87	-0.01	14	26418	卖盘
09:53:06	18.88	-0.01	34	64192	卖盘
09:53:03	18.89	0.01	5	9445	买盘
09:52:57	18.88	-0.01	34	64192	卖盘
09:52:54	18.89	--	10	18890	卖盘
09:52:48	18.89	-0.02	13	24557	卖盘
09:52:45	18.91	0.03	151	285541	买盘
09:52:42	18.88	-0.01	20	37760	卖盘
09:52:39	18.89	-0.01	3	5667	卖盘
09:52:27	18.9	--	3	5670	买盘
09:52:21	18.9	-0.01	16	30239	卖盘
09:52:12	18.91	--	5	9455	买盘
09:52:09	18.91	0.01	5	9455	买盘
09:52:06	18.9	-0.01	58	109619	卖盘
09:52:00	18.91	0.01	8	15128	买盘
09:51:57	18.9	-0.01	11	20790	卖盘
09:51:48	18.91	0.01	2	3782	买盘
09:51:39	18.9	-0.01	7	13229	卖盘
09:51:30	18.91	0.01	2	3782	买盘
09:51:24	18.9	--	5	9450	卖盘
09:51:21	18.9	--	14	26459	买盘
09:51:18	18.9	-0.01	6	11340	中性盘
09:51:12	18.91	0.01	10	18910	买盘
09:51:09	18.9	--	1	1889	买盘
09:51:06	18.9	-0.01	48	90720	卖盘
09:51:03	18.91	0.01	3	5673	买盘
09:51:00	18.9	--	15	28349	卖盘
09:50:54	18.9	-0.01	22	41580	卖盘
09:50:51	18.91	0.01	13	24583	中性盘
09:50:39	18.9	--	3	5670	卖盘
09:50:36	18.9	--	9	17010	卖盘
09:50:33	18.9	--	10	18900	卖盘
09:50:30	18.9	--	50	94500	卖盘
09:50:27	18.9	-0.01	40	75600	卖盘
09:50:24	18.91	--	10	18910	买盘
09:50:21	18.91	--	10	18910	买盘
09:50:18	18.91	--	10	18910	买盘
09:50:15	18.91	--	12	22692	买盘
09:50:06	18.91	--	23	43493	买盘
09:50:03	18.91	--	11	20801	卖盘
09:50:00	18.91	--	103	194773	卖盘
09:49:57	18.91	0.01	1	1891	卖盘
09:49:51	18.9	-0.03	41	77490	卖盘
09:49:48	18.93	0.03	18	34074	买盘
09:49:45	18.9	-0.01	52	98279	卖盘
09:49:42	18.91	-0.01	5	9455	卖盘
09:49:39	18.92	0.01	6	11352	中性盘
09:49:33	18.91	-0.02	30	56730	中性盘
09:49:18	18.93	0.03	15	28395	买盘
09:49:12	18.9	-0.03	50	94500	卖盘
09:49:06	18.93	-0.01	4	7572	卖盘
09:49:00	18.94	--	3	5682	买盘
09:48:57	18.94	-0.01	2	3788	卖盘
09:48:51	18.95	-0.01	8	15160	中性盘
09:48:33	18.96	0.02	10	18960	买盘
09:48:27	18.94	-0.01	7	13258	卖盘
09:48:24	18.95	--	50	94750	卖盘
09:48:12	18.95	--	5	9475	卖盘
09:48:06	18.95	--	50	94750	卖盘
09:48:00	18.95	-0.03	3	5685	卖盘
09:47:57	18.98	0.02	13	24674	买盘
09:47:54	18.96	-0.02	24	45504	卖盘
09:47:39	18.98	-0.01	34	64532	卖盘
09:47:33	18.99	--	17	32282	买盘
09:47:30	18.99	--	10	18990	买盘
09:47:21	18.99	--	23	43677	卖盘
09:47:12	18.99	-0.01	2	3797	卖盘
09:47:00	19.0	--	6	11400	买盘
09:46:51	19.0	0.01	10	19000	买盘
09:46:48	18.99	--	1	1898	卖盘
09:46:42	18.99	--	89	169011	买盘
09:46:36	18.99	--	25	47474	买盘
09:46:24	18.99	--	10	18990	买盘
09:46:21	18.99	--	21	39879	卖盘
09:46:18	18.99	-0.01	19	36081	卖盘
09:46:09	19.0	--	51	96900	买盘
09:46:03	19.0	--	6	11400	买盘
09:46:00	19.0	--	25	47500	买盘
09:45:57	19.0	--	1	1900	买盘
09:45:45	19.0	--	20	38000	卖盘
09:45:42	19.0	-0.02	10	19000	卖盘
09:45:39	19.02	0.02	1	1902	买盘
09:45:33	19.0	--	3	5700	买盘
09:45:27	19.0	0.01	5	9500	买盘
09:45:24	18.99	-0.04	37	70263	卖盘
09:45:12	19.03	--	2	3806	买盘
09:45:09	19.03	0.01	13	24739	买盘
09:45:03	19.02	--	2	3804	买盘
09:44:54	19.02	0.03	10	19020	中性盘
09:44:51	18.99	-0.01	7	13292	卖盘
09:44:45	19.0	-0.04	0	19	中性盘
09:44:39	19.04	0.03	60	114240	买盘
09:44:30	19.01	--	1	1901	买盘
09:44:24	19.01	0.01	7	13307	买盘
09:44:18	19.0	-0.05	15	28500	卖盘
09:44:09	19.05	0.06	16	30480	买盘
09:44:00	18.99	-0.01	3	5696	卖盘
09:43:48	19.0	--	3	5700	买盘
09:43:45	19.0	0.01	30	57000	买盘
09:43:42	18.99	--	4	7595	买盘
09:43:39	18.99	--	22	41778	买盘
09:43:36	18.99	-0.01	4	7595	卖盘
09:43:30	19.0	0.05	12	22800	买盘
09:43:24	18.95	-0.05	6	12999	卖盘
09:43:15	19.0	--	11	20900	买盘
09:43:09	19.0	--	16	30400	买盘
09:43:06	19.0	0.01	46	87400	买盘
09:43:03	18.99	--	4	7595	买盘
09:43:00	18.99	0.05	2	3797	中性盘
09:42:54	18.94	-0.01	6	11364	卖盘
09:42:51	18.95	--	4	7580	卖盘
09:42:48	18.95	-0.05	5	9475	卖盘
09:42:45	19.0	-0.05	2	3800	中性盘
09:42:39	19.05	0.07	455	866775	买盘
09:42:36	18.98	-0.02	11	20878	卖盘
09:42:27	19.0	--	41	77900	买盘
09:42:24	19.0	-0.05	53	100700	卖盘
09:42:18	19.05	--	24	45720	买盘
09:42:15	19.05	-0.01	13	24765	卖盘
09:42:12	19.06	-0.04	101	192506	卖盘
09:42:09	19.1	0.03	73	139430	买盘
09:42:06	19.07	0.01	60	114420	买盘
09:42:03	19.06	--	4	7623	卖盘
09:42:00	19.06	-0.01	119	226813	卖盘
09:41:54	19.07	--	19	36233	卖盘
09:41:51	19.07	--	60	114420	卖盘
09:41:45	19.07	-0.03	8	15256	卖盘
09:41:39	19.1	0.03	154	294140	买盘
09:41:36	19.07	-0.03	10	19070	卖盘
09:41:33	19.1	0.02	52	99320	买盘
09:41:21	19.08	-0.02	9	17172	中性盘
09:41:15	19.1	--	583	1113530	买盘
09:41:09	19.1	-0.02	45	85950	中性盘
09:40:51	19.12	0.02	5	9560	买盘
09:40:45	19.1	-0.02	7	13370	卖盘
09:40:39	19.12	0.02	54	103248	买盘
09:40:33	19.1	0.02	3	5730	买盘
09:40:27	19.08	-0.02	10	19080	卖盘
09:40:09	19.1	0.02	12	22920	中性盘
09:39:57	19.08	--	10	19080	卖盘
09:39:45	19.08	-0.02	37	70596	卖盘
09:39:42	19.1	--	13	24830	买盘
09:39:39	19.1	0.02	9	17190	买盘
09:39:36	19.08	-0.02	13	24803	卖盘
09:39:30	19.1	0.02	3	5730	中性盘
09:39:12	19.08	-0.02	10	19080	卖盘
09:39:09	19.1	--	12	22920	卖盘
09:39:00	19.1	--	1	1910	卖盘
09:38:51	19.1	--	16	30560	买盘
09:38:45	19.1	--	3	5730	卖盘
09:38:39	19.1	--	82	156620	买盘
09:38:33	19.1	--	15	28650	买盘
09:38:27	19.1	--	46	87860	买盘
09:38:21	19.1	--	4	7640	买盘
09:38:18	19.1	--	45	85950	中性盘
09:38:09	19.1	--	40	76400	卖盘
09:38:00	19.1	0.02	77	147070	买盘
09:37:57	19.08	--	3	5723	卖盘
09:37:42	19.08	--	7	13355	买盘
09:37:39	19.08	--	2	3815	买盘
09:37:33	19.08	-0.01	1	1907	卖盘
09:37:30	19.09	0.01	7	13363	中性盘
09:37:21	19.08	--	19	36252	卖盘
09:37:15	19.08	-0.01	32	61055	卖盘
09:37:12	19.09	--	5	9545	买盘
09:37:09	19.09	-0.02	14	26726	卖盘
09:37:00	19.11	-0.01	6	11466	中性盘
09:36:51	19.12	--	10	19120	买盘
09:36:48	19.12	--	36	70380	买盘
09:36:39	19.12	0.01	17	32504	买盘
09:36:36	19.11	0.01	10	19110	买盘
09:36:27	19.1	--	13	25192	买盘
09:36:21	19.1	0.01	30	57300	买盘
09:36:18	19.09	0.02	2	3818	中性盘
09:36:15	19.07	-0.02	3	5721	卖盘
09:36:09	19.09	0.01	26	49634	买盘
09:36:03	19.08	0.01	15	28619	买盘
09:35:57	19.07	--	5	9535	卖盘
09:35:54	19.07	--	16	30512	卖盘
09:35:48	19.07	--	14	26698	卖盘
09:35:39	19.07	--	177	337539	卖盘
09:35:36	19.07	--	34	64838	卖盘
09:35:33	19.07	-0.01	113	215491	卖盘
09:35:27	19.08	--	6	11447	买盘
09:35:24	19.08	0.01	12	22895	中性盘
09:35:09	19.07	-0.01	42	80094	卖盘
09:35:06	19.08	--	28	53423	买盘
09:35:03	19.08	-0.02	14	26711	中性盘
09:35:00	19.1	0.02	36	68760	买盘
09:34:57	19.08	0.01	16	30527	买盘
09:34:48	19.07	-0.01	2	3814	卖盘
09:34:45	19.08	0.01	22	41975	买盘
09:34:36	19.07	-0.01	30	57210	中性盘
09:34:30	19.08	0.01	4	7631	买盘
09:34:27	19.07	--	5	9535	卖盘
09:34:24	19.07	-0.01	8	15256	卖盘
09:34:21	19.08	--	4	7631	买盘
09:34:15	19.08	--	3	5723	买盘
09:34:12	19.08	-0.02	41	78228	卖盘
09:34:09	19.1	--	4	7640	买盘
09:34:06	19.1	-0.01	18	34380	卖盘
09:34:03	19.11	0.01	4	7644	中性盘
09:33:57	19.1	-0.03	1	1910	卖盘
09:33:54	19.13	0.01	7	13391	买盘
09:33:51	19.12	--	20	38240	买盘
09:33:48	19.12	--	40	76480	买盘
09:33:45	19.12	--	10	19120	买盘
09:33:42	19.12	0.01	1	1912	买盘
09:33:36	19.11	0.01	4	7644	卖盘
09:33:33	19.1	--	24	45840	卖盘
09:33:30	19.1	0.01	90	171900	买盘
09:33:27	19.09	--	1	1909	买盘
09:33:24	19.09	--	4	7636	买盘
09:33:21	19.09	--	4	7636	买盘
09:33:03	19.09	0.02	15	28635	买盘
09:32:54	19.07	--	7	13349	买盘
09:32:51	19.07	--	5	9535	买盘
09:32:48	19.07	--	72	137304	买盘
09:32:39	19.07	0.01	10	19070	买盘
09:32:33	19.06	0.05	34	64803	买盘
09:32:18	19.01	--	14	26614	买盘
09:32:15	19.01	--	1	1901	买盘
09:32:09	19.01	0.01	28	53228	买盘
09:31:48	19.0	0.01	6	11400	买盘
09:31:45	18.99	--	3	5696	卖盘
09:31:36	18.99	--	4	7595	买盘
09:31:30	18.99	--	22	41778	买盘
09:31:27	18.99	--	3	5696	买盘
09:31:21	18.99	0.01	11	20889	买盘
09:31:18	18.98	-0.01	12	22776	卖盘
09:31:12	18.99	0.01	5	9495	买盘
09:31:06	18.98	-0.01	25	47450	卖盘
09:30:54	18.99	--	1	1898	买盘
09:30:36	18.99	0.05	65	123434	买盘
09:30:09	18.94	--	96	181824	卖盘
09:30:03	18.94	--	24	45456	买盘
09:30:00	18.94	--	0	0	买盘
09:25:03	18.94	18.94	21	39774	买盘
