成交时间	成交价	价格变动	成交量(手)	成交额(元)	性质
15:00:03	28.83	--	323	931209	卖盘
14:57:03	28.83	--	21	60543	卖盘
14:57:00	28.83	-0.01	5	14415	卖盘
14:56:57	28.84	0.01	1	2884	中性盘
14:56:42	28.83	--	10	28830	卖盘
14:56:39	28.83	-0.02	8	23064	卖盘
14:56:36	28.85	0.02	5	14425	买盘
14:56:33	28.83	--	11	31712	卖盘
14:56:30	28.83	--	5	14415	卖盘
14:56:21	28.83	--	5	14415	卖盘
14:56:18	28.83	--	4	11532	卖盘
14:56:15	28.83	--	3	8649	卖盘
14:56:12	28.83	--	8	23064	卖盘
14:56:00	28.83	0.01	7	22660	买盘
14:55:48	28.82	-0.04	28	81099	卖盘
14:55:42	28.86	0.03	1	2886	买盘
14:55:39	28.83	--	6	17298	卖盘
14:55:36	28.83	--	3	8649	卖盘
14:55:33	28.83	--	90	261545	卖盘
14:55:30	28.83	0.01	33	95139	卖盘
14:55:24	28.82	--	14	40751	买盘
14:55:21	28.82	-0.03	85	247448	卖盘
14:55:15	28.85	0.02	5	14425	中性盘
14:54:51	28.83	-0.03	1	2883	中性盘
14:54:33	28.86	0.04	3	8658	买盘
14:54:30	28.82	--	2	5764	卖盘
14:54:27	28.82	--	2	6167	卖盘
14:54:24	28.82	--	12	34584	卖盘
14:54:12	28.82	-0.01	5	14410	卖盘
14:54:09	28.83	0.01	7	20181	买盘
14:54:00	28.82	-0.01	12	34584	卖盘
14:53:57	28.83	0.01	9	25947	买盘
14:53:51	28.82	--	2	5764	卖盘
14:53:48	28.82	--	7	20174	卖盘
14:53:45	28.82	0.01	7	20174	中性盘
14:53:39	28.81	--	8	23048	卖盘
14:53:36	28.81	--	10	28810	卖盘
14:53:33	28.81	--	2	5762	卖盘
14:53:30	28.81	-0.01	5	14405	卖盘
14:53:27	28.82	--	6	17292	卖盘
14:53:21	28.82	--	4	11528	买盘
14:53:18	28.82	0.01	5	14410	中性盘
14:53:15	28.81	-0.01	50	144280	卖盘
14:53:12	28.82	--	92	265144	卖盘
14:53:06	28.82	--	8	23056	卖盘
14:53:03	28.82	-0.01	22	63404	卖盘
14:53:00	28.83	0.02	89	256586	买盘
14:52:57	28.81	0.01	8	23048	中性盘
14:52:48	28.8	-0.01	204	587520	卖盘
14:52:45	28.81	-0.01	6	17286	卖盘
14:52:42	28.82	--	5	14410	买盘
14:52:33	28.82	--	3	8646	卖盘
14:52:30	28.82	--	20	57640	卖盘
14:52:27	28.82	--	5	14410	卖盘
14:52:15	28.82	--	7	20174	卖盘
14:52:03	28.82	--	17	48994	卖盘
14:51:51	28.82	--	6	17292	卖盘
14:51:48	28.82	-0.01	5	14410	卖盘
14:51:45	28.83	--	14	40362	买盘
14:51:42	28.83	0.01	2	5766	买盘
14:51:36	28.82	--	5	14410	卖盘
14:51:33	28.82	-0.01	1	2882	卖盘
14:51:30	28.83	-0.03	14	40362	卖盘
14:51:27	28.86	0.03	8	23088	卖盘
14:51:15	28.83	-0.03	7	20181	卖盘
14:51:09	28.86	--	4	11544	卖盘
14:51:03	28.86	0.01	25	72150	买盘
14:51:00	28.85	--	20	57700	买盘
14:50:57	28.85	-0.01	163	470255	卖盘
14:50:51	28.86	-0.02	5	14430	中性盘
14:50:45	28.88	0.02	91	262808	买盘
14:50:42	28.86	--	1	2886	卖盘
14:50:36	28.86	--	5	14430	卖盘
14:50:27	28.86	--	14	40404	卖盘
14:50:24	28.86	--	15	43290	卖盘
14:50:21	28.86	--	11	31746	卖盘
14:50:18	28.86	--	5	14430	卖盘
14:50:15	28.86	--	7	20202	卖盘
14:50:06	28.86	--	17	49062	卖盘
14:49:57	28.86	-0.02	5	14430	卖盘
14:49:54	28.88	0.02	19	54872	买盘
14:49:45	28.86	-0.02	6	17316	卖盘
14:49:39	28.88	0.01	26	75088	买盘
14:49:36	28.87	--	4	11548	买盘
14:49:27	28.87	0.01	5	14435	中性盘
14:49:15	28.86	-0.02	6	17316	卖盘
14:49:09	28.88	0.02	43	124184	买盘
14:49:06	28.86	--	4	11544	卖盘
14:48:57	28.86	--	5	14430	卖盘
14:48:45	28.86	-0.01	7	20202	卖盘
14:48:42	28.87	0.01	1	2887	买盘
14:48:39	28.86	-0.02	14	40404	卖盘
14:48:27	28.88	0.02	8	23104	中性盘
14:48:18	28.86	--	19	54834	卖盘
14:48:15	28.86	--	7	20202	卖盘
14:48:09	28.86	--	3	8658	卖盘
14:48:06	28.86	-0.01	1	2886	卖盘
14:48:03	28.87	-0.01	1	2887	买盘
14:47:57	28.88	--	1	2888	买盘
14:47:51	28.88	--	5	14440	买盘
14:47:48	28.88	--	2	5776	卖盘
14:47:45	28.88	-0.01	7	20216	卖盘
14:47:39	28.89	0.01	10	28890	买盘
14:47:36	28.88	--	5	14440	卖盘
14:47:27	28.88	0.01	11	31768	买盘
14:47:21	28.87	0.01	1	2887	买盘
14:47:18	28.86	--	5	14430	卖盘
14:47:15	28.86	--	6	17316	卖盘
14:47:09	28.86	0.01	22	63492	买盘
14:47:03	28.85	0.01	4	11540	买盘
14:46:57	28.84	--	5	14420	卖盘
14:46:48	28.84	--	4	11536	卖盘
14:46:45	28.84	0.01	10	28840	买盘
14:46:42	28.83	--	5	14415	卖盘
14:46:36	28.83	--	5	14415	卖盘
14:46:30	28.83	0.01	4	11532	中性盘
14:46:18	28.82	--	5	14410	卖盘
14:46:15	28.82	-0.01	11	31702	卖盘
14:46:12	28.83	0.02	1	2883	中性盘
14:45:45	28.81	-0.05	7	20167	卖盘
14:45:36	28.86	--	1	2886	卖盘
14:45:27	28.86	--	9	25974	卖盘
14:45:18	28.86	--	5	14430	卖盘
14:45:15	28.86	--	13	37518	买盘
14:45:12	28.86	0.01	5	14430	买盘
14:45:09	28.85	-0.01	4	11540	卖盘
14:45:06	28.86	--	5	14430	买盘
14:45:03	28.86	--	1	2886	买盘
14:44:54	28.86	--	3	8658	卖盘
14:44:48	28.86	--	4	11544	卖盘
14:44:45	28.86	--	9	25974	卖盘
14:44:15	28.86	-0.04	6	17316	卖盘
14:44:12	28.9	0.01	10	28900	买盘
14:44:06	28.89	-0.01	4	11556	卖盘
14:43:57	28.9	-0.01	4	11560	卖盘
14:43:51	28.91	0.01	30	86730	买盘
14:43:48	28.9	--	5	14450	卖盘
14:43:45	28.9	-0.01	6	17340	卖盘
14:43:39	28.91	-0.01	45	132754	卖盘
14:43:36	28.92	0.01	51	147492	买盘
14:43:33	28.91	-0.01	8	23128	卖盘
14:43:30	28.92	0.01	10	28920	买盘
14:43:27	28.91	--	27	78057	卖盘
14:43:24	28.91	--	6	17346	卖盘
14:43:18	28.91	--	5	14455	卖盘
14:43:15	28.91	--	7	20237	卖盘
14:43:09	28.91	--	5	14455	卖盘
14:42:57	28.91	--	5	14455	卖盘
14:42:48	28.91	--	6	17346	卖盘
14:42:45	28.91	--	13	37583	卖盘
14:42:42	28.91	--	5	14455	卖盘
14:42:36	28.91	--	5	14455	卖盘
14:42:27	28.91	--	5	14455	卖盘
14:42:18	28.91	--	5	14455	卖盘
14:42:15	28.91	-0.01	8	23128	卖盘
14:42:12	28.92	--	20	57840	买盘
14:42:09	28.92	0.01	1	2892	买盘
14:42:06	28.91	--	5	14455	卖盘
14:41:48	28.91	-0.01	5	14455	卖盘
14:41:45	28.92	--	16	46272	卖盘
14:41:42	28.92	--	4	11568	买盘
14:41:39	28.92	0.01	1	2892	买盘
14:41:36	28.91	--	5	14455	卖盘
14:41:27	28.91	--	15	43365	卖盘
14:41:18	28.91	--	5	14455	卖盘
14:41:15	28.91	--	7	20237	卖盘
14:41:09	28.91	-0.01	5	14455	卖盘
14:40:57	28.92	--	4	11568	卖盘
14:40:45	28.92	-0.02	6	17352	卖盘
14:40:36	28.94	-0.01	3	8682	卖盘
14:40:30	28.95	0.01	1	2895	买盘
14:40:27	28.94	--	5	14470	卖盘
14:40:15	28.94	-0.02	7	20258	卖盘
14:39:57	28.96	--	5	14480	卖盘
14:39:48	28.96	--	5	14480	卖盘
14:39:45	28.96	--	6	17376	卖盘
14:39:39	28.96	0.01	5	14480	买盘
14:39:36	28.95	-0.01	4	11580	卖盘
14:39:27	28.96	-0.01	3	8688	卖盘
14:39:24	28.97	0.01	1	2897	买盘
14:39:18	28.96	--	5	14480	卖盘
14:39:15	28.96	-0.01	6	17376	卖盘
14:39:06	28.97	--	3	8691	卖盘
14:39:00	28.97	--	2	5794	卖盘
14:38:57	28.97	--	5	14485	卖盘
14:38:54	28.97	0.01	4	11588	买盘
14:38:48	28.96	--	12	34752	卖盘
14:38:45	28.96	--	7	20272	卖盘
14:38:39	28.96	--	15	43440	卖盘
14:38:27	28.96	--	5	14480	卖盘
14:38:18	28.96	-0.01	5	14480	卖盘
14:38:15	28.97	-0.01	7	20279	中性盘
14:37:57	28.98	--	1	2898	卖盘
14:37:51	28.98	--	4	11592	买盘
14:37:48	28.98	--	1	2898	卖盘
14:37:45	28.98	--	7	20286	卖盘
14:37:42	28.98	-0.02	5	14490	卖盘
14:37:33	29.0	--	23	66700	买盘
14:37:30	29.0	0.02	16	46400	买盘
14:37:27	28.98	-0.02	87	252126	卖盘
14:37:24	29.0	0.01	2	5800	买盘
14:37:21	28.99	0.01	7	20293	买盘
14:37:18	28.98	--	5	14490	卖盘
14:37:15	28.98	--	6	17388	卖盘
14:37:12	28.98	--	15	43470	卖盘
14:37:09	28.98	-0.01	5	14490	卖盘
14:37:06	28.99	0.01	1	2899	买盘
14:36:57	28.98	--	6	17388	卖盘
14:36:51	28.98	-0.01	5	14490	卖盘
14:36:48	28.99	0.01	8	23192	买盘
14:36:45	28.98	--	7	20286	卖盘
14:36:27	28.98	-0.02	5	14490	卖盘
14:36:24	29.0	0.02	6	17400	买盘
14:36:15	28.98	-0.02	6	17388	卖盘
14:36:12	29.0	--	40	116000	买盘
14:36:03	29.0	--	2	5800	买盘
14:36:00	29.0	0.02	1	2900	买盘
14:35:57	28.98	-0.01	5	14490	卖盘
14:35:54	28.99	0.01	5	14495	中性盘
14:35:45	28.98	-0.02	7	20286	卖盘
14:35:42	29.0	--	25	72500	买盘
14:35:39	29.0	0.02	10	29000	买盘
14:35:36	28.98	--	5	14490	卖盘
14:35:33	28.98	-0.01	9	26082	卖盘
14:35:30	28.99	--	36	104364	卖盘
14:35:27	28.99	--	6	17394	卖盘
14:35:24	28.99	--	8	23192	卖盘
14:35:21	28.99	-0.01	92	266708	卖盘
14:35:18	29.0	0.01	55	159500	买盘
14:35:15	28.99	--	6	17394	卖盘
14:35:12	28.99	--	3	8697	卖盘
14:35:09	28.99	--	4	11596	卖盘
14:35:06	28.99	--	1	2899	卖盘
14:35:03	28.99	--	4	11596	卖盘
14:35:00	28.99	--	2	5798	卖盘
14:34:57	28.99	--	5	14495	卖盘
14:34:51	28.99	0.01	5	14495	买盘
14:34:48	28.98	--	5	14490	卖盘
14:34:45	28.98	--	7	20286	卖盘
14:34:42	28.98	--	6	17388	卖盘
14:34:33	28.98	--	45	130410	卖盘
14:34:27	28.98	-0.02	5	14490	卖盘
14:34:24	29.0	0.02	311	901900	买盘
14:34:21	28.98	0.01	5	14490	中性盘
14:34:15	28.97	-0.01	6	17382	卖盘
14:34:12	28.98	--	1	2898	卖盘
14:34:09	28.98	0.01	1	2898	买盘
14:34:06	28.97	--	9	26073	卖盘
14:34:03	28.97	--	2	5794	卖盘
14:33:57	28.97	--	6	17382	卖盘
14:33:51	28.97	0.01	5	14485	中性盘
14:33:45	28.96	--	10	28960	卖盘
14:33:36	28.96	-0.03	4	11584	卖盘
14:33:33	28.99	0.03	5	14495	买盘
14:33:30	28.96	-0.01	6	17376	卖盘
14:33:21	28.97	0.02	5	14485	买盘
14:33:18	28.95	--	1505	4356975	卖盘
14:33:15	28.95	--	7	20265	卖盘
14:33:12	28.95	--	10	28950	卖盘
14:33:06	28.95	-0.05	3	8685	卖盘
14:33:03	29.0	0.06	13	37700	买盘
14:32:51	28.94	--	3	8682	卖盘
14:32:48	28.94	--	5	14470	卖盘
14:32:45	28.94	--	506	1464364	卖盘
14:32:39	28.94	--	3	8682	卖盘
14:32:36	28.94	--	6	17364	卖盘
14:32:33	28.94	--	2	5788	卖盘
14:32:24	28.94	-0.01	47	136018	卖盘
14:32:21	28.95	0.01	46	133170	买盘
14:32:18	28.94	--	5	14470	卖盘
14:32:15	28.94	--	7	20258	卖盘
14:32:06	28.94	--	5	14470	卖盘
14:31:57	28.94	--	13	37622	卖盘
14:31:51	28.94	0.01	5	14470	买盘
14:31:48	28.93	--	5	14465	卖盘
14:31:45	28.93	--	8	23144	卖盘
14:31:42	28.93	--	1	2893	卖盘
14:31:39	28.93	--	5	14465	卖盘
14:31:27	28.93	0.01	2	5786	中性盘
14:31:18	28.92	--	1	2892	卖盘
14:31:15	28.92	-0.02	7	20244	卖盘
14:31:12	28.94	0.02	28	81263	买盘
14:31:06	28.92	--	1	2892	卖盘
14:31:00	28.92	0.01	50	144600	中性盘
14:30:45	28.91	-0.04	6	17346	卖盘
14:30:42	28.95	--	2	5790	卖盘
14:30:39	28.95	--	1	2895	卖盘
14:30:33	28.95	--	21	60795	卖盘
14:30:27	28.95	--	1	2895	卖盘
14:30:21	28.95	0.01	64	185280	买盘
14:30:18	28.94	--	1	2894	卖盘
14:30:15	28.94	--	7	20258	卖盘
14:30:06	28.94	--	3	8682	卖盘
14:30:03	28.94	--	40	115760	卖盘
14:29:57	28.94	--	3	8682	卖盘
14:29:54	28.94	-0.01	1	2894	卖盘
14:29:51	28.95	0.01	92	266340	买盘
14:29:48	28.94	--	5	14470	卖盘
14:29:45	28.94	-0.01	6	17364	卖盘
14:29:42	28.95	0.01	5	14475	买盘
14:29:39	28.94	--	1	2894	卖盘
14:29:36	28.94	-0.01	5	14470	卖盘
14:29:30	28.95	--	21	60795	卖盘
14:29:27	28.95	-0.01	10	28950	卖盘
14:29:21	28.96	0.01	87	251952	买盘
14:29:18	28.95	--	6	17370	卖盘
14:29:15	28.95	-0.01	6	17370	卖盘
14:29:12	28.96	0.01	1	2896	买盘
14:29:09	28.95	--	5	14475	卖盘
14:29:03	28.95	--	2	5790	卖盘
14:28:57	28.95	--	25	72375	卖盘
14:28:51	28.95	0.01	11	31845	买盘
14:28:48	28.94	--	5	14470	卖盘
14:28:45	28.94	-0.01	7	20258	卖盘
14:28:42	28.95	0.01	6	17370	买盘
14:28:39	28.94	--	1	2894	卖盘
14:28:36	28.94	--	6	17364	卖盘
14:28:27	28.94	--	5	14470	卖盘
14:28:21	28.94	0.01	26	75244	中性盘
14:28:15	28.93	--	6	17358	卖盘
14:28:06	28.93	-0.01	10	28930	卖盘
14:28:03	28.94	0.02	1	2894	中性盘
14:27:45	28.92	-0.04	7	20244	卖盘
14:27:33	28.96	--	9	26064	卖盘
14:27:30	28.96	--	3	8688	卖盘
14:27:27	28.96	--	5	14480	卖盘
14:27:21	28.96	0.05	11	31856	买盘
14:27:15	28.91	--	7	20237	卖盘
14:27:03	28.91	-0.07	24	69384	卖盘
14:26:57	28.98	0.05	1	2898	买盘
14:26:54	28.93	-0.04	257	743732	卖盘
14:26:51	28.97	0.01	119	344743	买盘
14:26:48	28.96	--	5	14480	卖盘
14:26:45	28.96	--	7	20272	卖盘
14:26:39	28.96	--	2	5792	卖盘
14:26:36	28.96	--	6	17376	卖盘
14:26:30	28.96	--	20	57920	卖盘
14:26:27	28.96	--	5	14480	卖盘
14:26:21	28.96	0.01	20	57920	买盘
14:26:18	28.95	--	6	17370	卖盘
14:26:15	28.95	--	6	17370	卖盘
14:26:09	28.95	--	2	5790	卖盘
14:25:57	28.95	-0.01	16	46320	卖盘
14:25:54	28.96	0.01	5	14480	买盘
14:25:51	28.95	-0.01	5	14475	买盘
14:25:48	28.96	0.02	1	2896	买盘
14:25:45	28.94	--	7	20258	卖盘
14:25:36	28.94	--	12	34728	卖盘
14:25:33	28.94	--	4	11576	卖盘
14:25:30	28.94	--	3	8682	卖盘
14:25:27	28.94	--	1	2894	卖盘
14:25:21	28.94	0.01	43	124442	买盘
14:25:18	28.93	--	6	17358	卖盘
14:25:15	28.93	-0.01	6	17358	卖盘
14:25:12	28.94	--	1	2894	买盘
14:25:06	28.94	--	10	28940	买盘
14:25:00	28.94	-0.01	77	222838	卖盘
14:24:57	28.95	--	6	17370	卖盘
14:24:54	28.95	0.01	20	57900	中性盘
14:24:45	28.94	-0.03	27	78138	卖盘
14:24:42	28.97	--	5	14485	买盘
14:24:39	28.97	0.03	1	2897	买盘
14:24:36	28.94	-0.04	5	14470	卖盘
14:24:33	28.98	--	20	57960	买盘
14:24:30	28.98	0.02	10	28980	买盘
14:24:27	28.96	-0.01	10	28960	中性盘
14:24:24	28.97	--	10	28970	买盘
14:24:21	28.97	--	87	252039	买盘
14:24:18	28.97	--	26	75322	卖盘
14:24:15	28.97	-0.01	26	75322	卖盘
14:24:12	28.98	0.01	2	5796	买盘
14:24:09	28.97	--	10	28970	卖盘
14:24:06	28.97	--	7	20279	卖盘
14:24:00	28.97	-0.01	1	2897	卖盘
14:23:57	28.98	--	4	11592	买盘
14:23:54	28.98	-0.01	5	14490	卖盘
14:23:51	28.99	0.01	87	252213	买盘
14:23:48	28.98	--	5	14490	卖盘
14:23:45	28.98	--	6	17388	卖盘
14:23:42	28.98	--	4	11592	卖盘
14:23:39	28.98	--	55	159390	卖盘
14:23:36	28.98	-0.01	1	2898	卖盘
14:23:30	28.99	0.01	1	2899	买盘
14:23:27	28.98	--	5	14490	卖盘
14:23:21	28.98	0.01	6	17388	中性盘
14:23:15	28.97	-0.02	8	23176	卖盘
14:23:12	28.99	--	1	2899	买盘
14:23:09	28.99	--	3	8697	卖盘
14:23:06	28.99	--	23	66677	卖盘
14:23:03	28.99	--	15	43485	卖盘
14:23:00	28.99	--	8	23192	卖盘
14:22:57	28.99	--	6	17394	卖盘
14:22:51	28.99	0.01	39	113061	买盘
14:22:48	28.98	--	7	20286	卖盘
14:22:45	28.98	-0.01	6	17388	卖盘
14:22:42	28.99	--	2	5798	买盘
14:22:33	28.99	--	2	5798	卖盘
14:22:27	28.99	-0.01	7	20293	卖盘
14:22:24	29.0	--	1	2900	买盘
14:22:21	29.0	0.01	92	266800	买盘
14:22:18	28.99	--	18	52182	卖盘
14:22:15	28.99	--	12	34788	卖盘
14:22:12	28.99	--	8	23192	卖盘
14:22:09	28.99	--	10	28990	卖盘
14:22:06	28.99	--	5	14495	卖盘
14:22:03	28.99	--	3	8697	卖盘
14:21:57	28.99	--	13	37687	卖盘
14:21:51	28.99	-0.01	8	23192	中性盘
14:21:45	29.0	--	63	182700	买盘
14:21:42	29.0	0.02	2	5800	买盘
14:21:39	28.98	-0.01	3	8694	卖盘
14:21:36	28.99	--	12	34788	卖盘
14:21:27	28.99	-0.01	5	14495	卖盘
14:21:24	29.0	--	48	139200	买盘
14:21:21	29.0	0.01	86	249400	买盘
14:21:18	28.99	-0.01	6	17394	卖盘
14:21:15	29.0	0.01	9	26100	买盘
14:21:12	28.99	--	52	150748	卖盘
14:21:06	28.99	--	10	28990	卖盘
14:21:03	28.99	--	3	8697	卖盘
14:20:57	28.99	-0.01	6	17394	中性盘
14:20:48	29.0	0.02	32	92800	买盘
14:20:45	28.98	-0.01	6	17388	卖盘
14:20:42	28.99	--	11	31889	卖盘
14:20:39	28.99	--	6	17394	卖盘
14:20:36	28.99	--	34	98566	卖盘
14:20:33	28.99	--	19	55081	卖盘
14:20:27	28.99	--	5	14495	卖盘
14:20:24	28.99	--	3	8697	卖盘
14:20:21	28.99	0.01	11	31889	买盘
14:20:15	28.98	-0.02	36	104328	卖盘
14:20:12	29.0	--	1	2900	买盘
14:20:09	29.0	--	3	8700	买盘
14:20:06	29.0	0.01	9	26100	买盘
14:20:03	28.99	--	7	20293	卖盘
14:19:57	28.99	-0.01	14	40586	卖盘
14:19:54	29.0	0.01	5	14500	买盘
14:19:51	28.99	0.01	30	86970	买盘
14:19:48	28.98	--	15	43470	卖盘
14:19:45	28.98	--	16	46368	卖盘
14:19:42	28.98	--	26	75348	买盘
14:19:39	28.98	0.01	16	46368	买盘
14:19:27	28.97	--	45	130365	卖盘
14:19:21	28.97	0.01	2	5794	买盘
14:19:18	28.96	--	6	17376	卖盘
14:19:15	28.96	-0.01	6	17376	卖盘
14:19:12	28.97	0.01	2	5794	买盘
14:19:09	28.96	--	4	11584	卖盘
14:19:06	28.96	-0.01	1	2896	卖盘
14:19:00	28.97	0.01	8	23176	买盘
14:18:57	28.96	--	6	17376	卖盘
14:18:54	28.96	--	1	2896	卖盘
14:18:51	28.96	0.01	19	55024	买盘
14:18:48	28.95	--	8	23160	卖盘
14:18:45	28.95	--	13	37635	卖盘
14:18:42	28.95	--	21	60795	卖盘
14:18:39	28.95	--	5	14475	卖盘
14:18:36	28.95	--	2	5790	卖盘
14:18:27	28.95	-0.01	4	11580	卖盘
14:18:21	28.96	0.02	76	220096	买盘
14:18:15	28.94	-0.01	6	17364	卖盘
14:18:12	28.95	--	61	176595	卖盘
14:18:06	28.95	--	5	14475	卖盘
14:18:03	28.95	--	3	8685	卖盘
14:17:57	28.95	-0.02	27	78165	卖盘
14:17:51	28.97	0.03	46	133262	买盘
14:17:48	28.94	--	10	28940	卖盘
14:17:45	28.94	-0.02	7	20258	卖盘
14:17:42	28.96	0.02	1	2896	中性盘
14:17:39	28.94	-0.03	2	5788	卖盘
14:17:36	28.97	-0.02	18	52146	中性盘
14:17:21	28.99	0.01	87	252213	买盘
14:17:18	28.98	-0.01	3	8694	卖盘
14:17:15	28.99	0.05	12	34788	买盘
14:17:06	28.94	--	10	28940	卖盘
14:16:57	28.94	0.01	21	60774	中性盘
14:16:45	28.93	-0.07	8	23144	卖盘
14:16:42	29.0	--	19	55100	卖盘
14:16:39	29.0	--	5	14500	卖盘
14:16:36	29.0	--	76	220400	卖盘
14:16:33	29.0	--	2	5800	卖盘
14:16:24	29.0	-0.01	6	17400	卖盘
14:16:21	29.01	--	95	275595	卖盘
14:16:18	29.01	--	32	92832	卖盘
14:16:15	29.01	-0.01	8	23208	买盘
14:16:12	29.02	0.01	2	5804	买盘
14:16:06	29.01	--	55	159555	卖盘
14:16:03	29.01	--	40	116040	卖盘
14:16:00	29.01	-0.01	30	87030	卖盘
14:15:57	29.02	0.01	58	168316	买盘
14:15:54	29.01	-0.01	3	8703	中性盘
14:15:48	29.02	0.01	9	26118	中性盘
14:15:45	29.01	-0.01	7	20307	卖盘
14:15:42	29.02	--	4	11608	卖盘
14:15:39	29.02	--	6	17412	卖盘
14:15:36	29.02	--	11	31922	卖盘
14:15:30	29.02	--	9	26118	卖盘
14:15:27	29.02	-0.01	5	14510	卖盘
14:15:21	29.03	--	122	354166	卖盘
14:15:18	29.03	--	36	104508	卖盘
14:15:15	29.03	-0.01	9	26127	卖盘
14:15:12	29.04	0.01	11	31944	买盘
14:15:09	29.03	--	1	2903	卖盘
14:15:06	29.03	--	15	43545	卖盘
14:15:00	29.03	--	1	2903	卖盘
14:14:57	29.03	0.01	5	14515	卖盘
14:14:51	29.02	--	7	20314	卖盘
14:14:48	29.02	--	7	20314	卖盘
14:14:45	29.02	-0.01	12	34824	卖盘
14:14:42	29.03	--	5	14515	买盘
14:14:39	29.03	-0.03	3	8709	中性盘
14:14:27	29.06	--	35	101710	卖盘
14:14:24	29.06	--	8	23248	卖盘
14:14:21	29.06	0.04	46	133676	买盘
14:14:18	29.02	-0.03	10	29020	卖盘
14:14:15	29.05	-0.01	47	136535	卖盘
14:14:12	29.06	0.04	1	2906	中性盘
14:13:54	29.02	-0.07	4	11608	卖盘
14:13:51	29.09	0.08	20	58180	买盘
14:13:45	29.01	-0.08	6	17406	卖盘
14:13:39	29.09	0.08	500	1454500	买盘
14:13:27	29.01	-0.06	25	72525	卖盘
14:13:24	29.07	--	20	58140	卖盘
14:13:21	29.07	0.01	74	215118	买盘
14:13:18	29.06	--	6	17436	卖盘
14:13:15	29.06	--	7	20342	卖盘
14:13:09	29.06	0.05	59	171454	买盘
14:13:06	29.01	-0.03	40	116040	卖盘
14:13:03	29.04	--	3	8712	卖盘
14:12:57	29.04	--	56	162624	卖盘
14:12:51	29.04	0.04	28	81312	买盘
14:12:48	29.0	--	3	8700	卖盘
14:12:45	29.0	-0.03	6	17400	卖盘
14:12:39	29.03	0.03	3	8709	中性盘
14:12:30	29.0	0.04	3	8700	中性盘
14:12:15	28.96	-0.1	7	20272	卖盘
14:12:12	29.06	-0.06	1	2906	中性盘
14:12:09	29.12	0.15	150	436800	买盘
14:12:06	28.97	--	8	23176	买盘
14:12:03	28.97	--	2	5794	买盘
14:12:00	28.97	0.01	72	208584	买盘
14:11:57	28.96	-0.11	6	17376	中性盘
14:11:48	29.07	0.12	500	1453500	买盘
14:11:45	28.95	-0.03	6	17370	卖盘
14:11:42	28.98	--	1	2898	买盘
14:11:39	28.98	0.01	8	23184	买盘
14:11:36	28.97	--	34	98498	卖盘
14:11:21	28.97	0.01	75	217275	中性盘
14:11:18	28.96	--	32	92672	卖盘
14:11:15	28.96	-0.04	7	20272	卖盘
14:11:09	29.0	0.04	13	37700	买盘
14:11:06	28.96	-0.04	8	23168	卖盘
14:11:03	29.0	--	5	14500	买盘
14:10:57	29.0	0.02	20	58000	买盘
14:10:54	28.98	0.03	5	14490	中性盘
14:10:45	28.95	-0.05	6	17370	卖盘
14:10:42	29.0	0.04	103	298700	买盘
14:10:36	28.96	-0.03	10	28960	卖盘
14:10:30	28.99	0.04	18	52182	中性盘
14:10:21	28.95	--	147	425565	卖盘
14:10:18	28.95	--	6	17370	卖盘
14:10:15	28.95	--	76	220020	买盘
14:10:12	28.95	0.01	2	5790	买盘
14:10:09	28.94	0.01	38	109972	买盘
14:10:06	28.93	--	5	14465	卖盘
14:10:03	28.93	-0.01	14	40502	卖盘
14:10:00	28.94	0.01	88	254672	买盘
14:09:57	28.93	--	7	20251	卖盘
14:09:54	28.93	0.01	42	121506	买盘
14:09:48	28.92	--	6	17352	卖盘
14:09:45	28.92	-0.01	6	17352	卖盘
14:09:42	28.93	0.01	1	2893	买盘
14:09:39	28.92	--	9	26028	卖盘
14:09:30	28.92	0.01	20	58129	买盘
14:09:27	28.91	--	11	31801	卖盘
14:09:18	28.91	-0.01	44	127204	卖盘
14:09:15	28.92	--	22	63624	买盘
14:09:12	28.92	0.01	1	2892	买盘
14:09:09	28.91	--	14	40474	卖盘
14:09:06	28.91	--	1	2891	卖盘
14:09:00	28.91	0.01	18	52038	买盘
14:08:57	28.9	-0.01	6	17340	卖盘
14:08:48	28.91	0.01	7	20237	买盘
14:08:45	28.9	-0.01	7	20230	卖盘
14:08:42	28.91	0.01	2	5782	买盘
14:08:39	28.9	--	1	2890	卖盘
14:08:36	28.9	0.01	84	242760	买盘
14:08:30	28.89	0.01	8	23112	买盘
14:08:27	28.88	-0.01	5	14440	卖盘
14:08:18	28.89	0.01	9	26001	买盘
14:08:15	28.88	--	16	46208	买盘
14:08:12	28.88	--	1	2888	买盘
14:08:09	28.88	--	3	8664	买盘
14:08:06	28.88	-0.01	1	2888	卖盘
14:08:00	28.89	0.01	87	251343	买盘
14:07:57	28.88	--	6	17328	卖盘
14:07:54	28.88	--	10	28880	卖盘
14:07:51	28.88	-0.01	5	14440	卖盘
14:07:48	28.89	0.01	155	447795	买盘
14:07:45	28.88	--	7	20216	卖盘
14:07:42	28.88	-0.01	7	20216	卖盘
14:07:39	28.89	0.01	2	5778	买盘
14:07:36	28.88	--	11	31768	卖盘
14:07:33	28.88	--	5	14440	卖盘
14:07:30	28.88	0.01	15	44042	买盘
14:07:27	28.87	-0.01	5	14435	卖盘
14:07:21	28.88	--	2	5776	卖盘
14:07:18	28.88	--	6	17328	卖盘
14:07:15	28.88	-0.01	26	75088	卖盘
14:07:12	28.89	0.01	23	66447	买盘
14:07:06	28.88	--	15	43320	卖盘
14:07:03	28.88	--	2	5776	卖盘
14:07:00	28.88	0.01	19	54872	买盘
14:06:57	28.87	--	6	17322	卖盘
14:06:54	28.87	--	12	34644	卖盘
14:06:51	28.87	-0.01	2	5774	卖盘
14:06:48	28.88	0.01	23	66424	买盘
14:06:45	28.87	-0.01	7	20209	卖盘
14:06:42	28.88	0.01	1	2888	买盘
14:06:36	28.87	--	9	25983	卖盘
14:06:33	28.87	--	35	101045	卖盘
14:06:30	28.87	0.01	47	135689	买盘
14:06:27	28.86	--	5	14430	卖盘
14:06:18	28.86	--	6	17316	卖盘
14:06:15	28.86	-0.01	6	17316	卖盘
14:06:12	28.87	--	2	5774	买盘
14:06:09	28.87	0.01	1	2887	买盘
14:06:06	28.86	-0.01	8	23088	卖盘
14:06:00	28.87	0.01	88	254056	买盘
14:05:57	28.86	-0.01	6	17316	卖盘
14:05:48	28.87	0.01	35	101045	买盘
14:05:45	28.86	-0.01	7	20202	卖盘
14:05:42	28.87	0.01	1	2887	买盘
14:05:36	28.86	--	11	31746	卖盘
14:05:33	28.86	--	4	11544	卖盘
14:05:30	28.86	0.01	10	28860	买盘
14:05:27	28.85	-0.01	16	46160	卖盘
14:05:24	28.86	0.01	1	2886	中性盘
14:05:15	28.85	-0.02	6	17310	卖盘
14:05:12	28.87	0.02	2	5774	买盘
14:05:06	28.85	-0.01	5	14425	卖盘
14:05:03	28.86	0.02	2	5772	买盘
14:04:57	28.84	--	10	28840	卖盘
14:04:54	28.84	--	4	11536	卖盘
14:04:48	28.84	--	4	11536	卖盘
14:04:45	28.84	-0.02	7	20188	卖盘
14:04:42	28.86	--	1	2886	买盘
14:04:39	28.86	-0.01	3	8658	卖盘
14:04:36	28.87	--	3	8661	买盘
14:04:30	28.87	0.01	88	254056	买盘
14:04:27	28.86	--	5	14430	卖盘
14:04:24	28.86	--	2	5772	卖盘
14:04:18	28.86	-0.01	6	17316	卖盘
14:04:15	28.87	0.01	7	20209	买盘
14:04:12	28.86	--	62	178932	卖盘
14:04:06	28.86	-0.01	5	14430	卖盘
14:04:03	28.87	-0.01	3	8661	中性盘
14:03:51	28.88	0.03	174	502512	买盘
14:03:45	28.85	-0.02	6	17310	卖盘
14:03:42	28.87	0.01	2	5774	买盘
14:03:39	28.86	--	2	5772	卖盘
14:03:36	28.86	--	6	17316	卖盘
14:03:33	28.86	0.01	80	230880	买盘
14:03:27	28.85	--	5	14425	卖盘
14:03:21	28.85	--	5	14425	卖盘
14:03:18	28.85	--	6	17310	卖盘
14:03:15	28.85	-0.01	7	20195	卖盘
14:03:12	28.86	0.01	1	2886	买盘
14:03:09	28.85	--	3	8655	卖盘
14:03:06	28.85	--	20	57700	卖盘
14:03:00	28.85	0.01	9	25965	买盘
14:02:57	28.84	--	6	17304	卖盘
14:02:48	28.84	--	5	14420	卖盘
14:02:45	28.84	-0.02	7	20188	卖盘
14:02:42	28.86	0.01	5	14430	买盘
14:02:39	28.85	-0.01	6	17310	卖盘
14:02:33	28.86	--	5	14430	买盘
14:02:30	28.86	0.01	88	253968	买盘
14:02:27	28.85	--	5	14425	卖盘
14:02:18	28.85	--	6	17310	卖盘
14:02:15	28.85	-0.01	7	20195	卖盘
14:02:12	28.86	0.01	1	2886	买盘
14:02:09	28.85	-0.01	5	14425	卖盘
14:02:06	28.86	0.01	3	8658	买盘
14:02:03	28.85	-0.01	16	46160	卖盘
14:02:00	28.86	0.01	89	256854	买盘
14:01:57	28.85	--	6	17310	卖盘
14:01:54	28.85	0.01	42	121170	买盘
14:01:48	28.84	--	5	14420	卖盘
14:01:45	28.84	-0.01	6	17304	卖盘
14:01:42	28.85	0.01	2	5770	买盘
14:01:39	28.84	-0.01	190	547960	卖盘
14:01:33	28.85	--	4	11540	买盘
14:01:30	28.85	0.01	97	279845	买盘
14:01:27	28.84	--	5	14420	卖盘
14:01:21	28.84	--	19	54796	卖盘
14:01:18	28.84	--	6	17304	卖盘
14:01:15	28.84	-0.01	7	20188	卖盘
14:01:12	28.85	--	104	300040	买盘
14:01:09	28.85	0.01	11	31735	买盘
14:01:06	28.84	--	5	14420	卖盘
14:01:03	28.84	--	19	54796	卖盘
14:01:00	28.84	0.01	21	60564	买盘
14:00:57	28.83	--	1	2883	卖盘
14:00:54	28.83	-0.01	5	14415	卖盘
14:00:51	28.84	0.01	7	20188	买盘
14:00:48	28.83	--	5	14415	卖盘
14:00:45	28.83	-0.01	6	17298	卖盘
14:00:42	28.84	0.01	1	2884	买盘
14:00:39	28.83	--	5	14415	卖盘
14:00:36	28.83	0.01	20	57660	中性盘
14:00:27	28.82	-0.01	5	14410	卖盘
14:00:24	28.83	0.01	6	17298	买盘
14:00:18	28.82	--	3	8646	卖盘
14:00:15	28.82	--	7	20174	卖盘
14:00:12	28.82	--	10	28820	卖盘
14:00:03	28.82	0.01	11	31702	买盘
13:59:57	28.81	--	6	17286	卖盘
13:59:51	28.81	--	2	5762	卖盘
13:59:48	28.81	--	5	14405	卖盘
13:59:45	28.81	-0.01	7	20167	卖盘
13:59:42	28.82	0.01	1	2882	买盘
13:59:39	28.81	--	6	17286	卖盘
13:59:30	28.81	0.01	24	69144	买盘
13:59:27	28.8	--	10	28800	卖盘
13:59:18	28.8	--	1	2880	卖盘
13:59:15	28.8	-0.02	6	17280	卖盘
13:59:12	28.82	-0.03	33	95106	卖盘
13:59:09	28.85	--	4	11540	卖盘
13:59:06	28.85	--	1	2885	卖盘
13:59:00	28.85	0.01	80	230800	买盘
13:58:57	28.84	--	6	17304	卖盘
13:58:45	28.84	-0.01	29	83636	卖盘
13:58:42	28.85	--	25	72125	卖盘
13:58:36	28.85	--	7	20195	卖盘
13:58:33	28.85	--	22	63470	卖盘
13:58:30	28.85	0.01	36	103860	买盘
13:58:27	28.84	-0.01	5	14420	卖盘
13:58:18	28.85	--	72	207720	卖盘
13:58:15	28.85	-0.01	6	17310	卖盘
13:58:12	28.86	0.01	1	2886	买盘
13:58:06	28.85	--	5	14425	卖盘
13:58:00	28.85	0.01	5	14425	买盘
13:57:57	28.84	--	6	17304	卖盘
13:57:48	28.84	--	5	14420	卖盘
13:57:45	28.84	-0.01	7	20188	卖盘
13:57:42	28.85	0.01	2	5770	买盘
13:57:39	28.84	--	6	17304	卖盘
13:57:30	28.84	--	9	25956	买盘
13:57:27	28.84	0.01	10	28840	买盘
13:57:18	28.83	--	6	17298	卖盘
13:57:15	28.83	-0.01	6	17298	卖盘
13:57:12	28.84	-0.01	1	2884	中性盘
13:57:00	28.85	0.02	88	253880	买盘
13:56:57	28.83	-0.01	73	210459	卖盘
13:56:48	28.84	--	6	17304	卖盘
13:56:45	28.84	-0.01	7	20188	卖盘
13:56:42	28.85	0.01	2	5770	买盘
13:56:36	28.84	--	6	17304	卖盘
13:56:30	28.84	0.01	9	25956	买盘
13:56:27	28.83	-0.01	9	25947	卖盘
13:56:21	28.84	0.01	1	2884	买盘
13:56:18	28.83	--	7	20181	卖盘
13:56:15	28.83	-0.01	6	17298	卖盘
13:56:12	28.84	0.01	1	2884	买盘
13:56:09	28.83	--	6	17298	卖盘
13:56:06	28.83	--	1	2883	卖盘
13:55:57	28.83	0.01	12	34596	买盘
13:55:48	28.82	--	8	23056	卖盘
13:55:45	28.82	-0.01	7	20174	卖盘
13:55:42	28.83	-0.01	1	2883	买盘
13:55:36	28.84	--	6	17304	卖盘
13:55:30	28.84	0.01	126	363384	买盘
13:55:27	28.83	--	6	17298	卖盘
13:55:18	28.83	--	6	17298	卖盘
13:55:15	28.83	-0.01	6	17298	卖盘
13:55:12	28.84	--	3	8652	买盘
13:55:03	28.84	--	1	2884	卖盘
13:55:00	28.84	0.01	87	250908	买盘
13:54:57	28.83	--	6	17298	卖盘
13:54:48	28.83	--	6	17298	卖盘
13:54:45	28.83	-0.01	7	20181	卖盘
13:54:42	28.84	0.01	1	2884	买盘
13:54:39	28.83	-0.01	7	20181	卖盘
13:54:33	28.84	0.01	3	8652	买盘
13:54:30	28.83	0.01	6	17298	买盘
13:54:27	28.82	--	6	17292	卖盘
13:54:15	28.82	-0.02	6	17292	卖盘
13:54:12	28.84	0.02	2	5768	中性盘
13:54:03	28.82	--	19	54758	卖盘
13:54:00	28.82	--	21	62193	买盘
13:53:57	28.82	--	15	43230	买盘
13:53:48	28.82	0.01	7	20174	买盘
13:53:45	28.81	-0.01	6	17286	卖盘
13:53:42	28.82	0.01	1	2882	买盘
13:53:36	28.81	--	5	14405	卖盘
13:53:33	28.81	--	1	2881	卖盘
13:53:30	28.81	0.01	6	17286	买盘
13:53:27	28.8	--	5	14400	卖盘
13:53:15	28.8	-0.02	7	20160	卖盘
13:53:12	28.82	0.02	1	2882	买盘
13:53:06	28.8	--	5	14400	卖盘
13:53:03	28.8	--	1	2880	卖盘
13:53:00	28.8	0.01	43	123840	买盘
13:52:57	28.79	-0.01	6	17274	卖盘
13:52:48	28.8	0.01	7	20160	买盘
13:52:45	28.79	-0.01	6	17274	卖盘
13:52:42	28.8	0.01	2	5760	买盘
13:52:39	28.79	--	5	14395	卖盘
13:52:33	28.79	--	1	2879	卖盘
13:52:30	28.79	0.01	6	17274	买盘
13:52:27	28.78	--	5	14390	卖盘
13:52:15	28.78	-0.01	7	20146	卖盘
13:52:12	28.79	0.01	1	2879	买盘
13:52:06	28.78	--	5	14390	卖盘
13:52:03	28.78	--	20	57560	卖盘
13:52:00	28.78	0.01	36	103608	买盘
13:51:57	28.77	-0.01	15	43155	卖盘
13:51:48	28.78	0.01	7	20146	买盘
13:51:45	28.77	-0.01	6	17262	卖盘
13:51:42	28.78	0.01	2	5756	买盘
13:51:36	28.77	--	9	25893	卖盘
13:51:33	28.77	--	1	2877	卖盘
13:51:30	28.77	0.01	5	14385	中性盘
13:51:18	28.76	--	6	17256	卖盘
13:51:15	28.76	--	11	31636	买盘
13:51:12	28.76	0.01	1	2876	买盘
13:51:06	28.75	--	25	71875	卖盘
13:51:03	28.75	--	1	2875	卖盘
13:51:00	28.75	0.01	6	17250	买盘
13:50:57	28.74	--	8	22992	卖盘
13:50:48	28.74	--	6	17244	卖盘
13:50:45	28.74	-0.01	6	17244	卖盘
13:50:42	28.75	--	2	5750	买盘
13:50:39	28.75	0.01	1	2875	买盘
13:50:36	28.74	--	5	14370	卖盘
13:50:33	28.74	--	3	8622	卖盘
13:50:30	28.74	--	21	60354	卖盘
13:50:27	28.74	--	5	14370	卖盘
13:50:24	28.74	0.01	3	8622	买盘
13:50:21	28.73	--	3	8619	卖盘
13:50:18	28.73	--	6	17238	卖盘
13:50:15	28.73	-0.01	7	20111	卖盘
13:50:12	28.74	0.01	1	2874	买盘
13:50:06	28.73	--	5	14365	卖盘
13:50:03	28.73	--	1	2873	卖盘
13:50:00	28.73	0.01	5	14365	买盘
13:49:57	28.72	--	11	31592	卖盘
13:49:51	28.72	0.01	6	17232	买盘
13:49:48	28.71	--	1	2871	卖盘
13:49:45	28.71	-0.02	51	146421	卖盘
13:49:42	28.73	0.01	1	2873	买盘
13:49:36	28.72	--	80	229760	卖盘
13:49:33	28.72	0.01	3	8616	中性盘
13:49:15	28.71	-0.07	11	31581	卖盘
13:49:03	28.78	--	324	932472	买盘
13:48:51	28.78	0.01	736	2118208	买盘
13:48:48	28.77	--	6	17262	卖盘
13:48:45	28.77	-0.01	7	20139	卖盘
13:48:42	28.78	0.01	1	2878	买盘
13:48:36	28.77	--	15	43155	卖盘
13:48:33	28.77	--	1	2877	卖盘
13:48:30	28.77	-0.01	27	77679	中性盘
13:48:24	28.78	0.02	1	2878	买盘
13:48:18	28.76	--	13	37388	卖盘
13:48:15	28.76	-0.01	7	20132	卖盘
13:48:12	28.77	0.01	2	5754	买盘
13:48:06	28.76	--	5	14380	卖盘
13:48:03	28.76	--	1	2876	卖盘
13:47:57	28.76	-0.01	5	14380	卖盘
13:47:54	28.77	0.01	10	28770	买盘
13:47:51	28.76	0.01	2	5752	买盘
13:47:48	28.75	--	6	17250	卖盘
13:47:45	28.75	-0.01	7	20125	卖盘
13:47:42	28.76	--	1	2876	买盘
13:47:36	28.76	0.01	11	31636	买盘
13:47:33	28.75	-0.01	1	2875	卖盘
13:47:30	28.76	0.01	90	258840	买盘
13:47:27	28.75	-0.01	5	14375	卖盘
13:47:24	28.76	--	6	17256	买盘
13:47:21	28.76	0.01	3	8628	买盘
13:47:18	28.75	-0.01	6	17250	卖盘
13:47:15	28.76	--	7	20132	买盘
13:47:12	28.76	0.01	14	40264	买盘
13:47:09	28.75	--	5	14375	卖盘
13:47:06	28.75	-0.01	13	37375	卖盘
13:47:03	28.76	--	4	11504	买盘
13:47:00	28.76	0.01	88	253088	买盘
13:46:57	28.75	--	5	14375	卖盘
13:46:48	28.75	--	6	17250	卖盘
13:46:45	28.75	-0.01	7	20125	卖盘
13:46:39	28.76	0.01	1	2876	买盘
13:46:36	28.75	--	16	46000	卖盘
13:46:33	28.75	--	4	11500	卖盘
13:46:30	28.75	0.01	6	17250	买盘
13:46:27	28.74	--	4	11496	卖盘
13:46:18	28.74	--	6	17244	卖盘
13:46:15	28.74	--	13	37362	买盘
13:46:12	28.74	--	1	2874	买盘
13:46:09	28.74	0.01	1	2874	买盘
13:46:06	28.73	--	5	14365	卖盘
13:46:03	28.73	0.01	1	2873	中性盘
13:45:57	28.72	-0.01	7	20104	卖盘
13:45:51	28.73	0.01	4	11492	买盘
13:45:48	28.72	--	6	17232	卖盘
13:45:45	28.72	-0.01	10	28720	卖盘
13:45:39	28.73	--	2	5746	中性盘
13:45:33	28.73	--	1	2873	卖盘
13:45:30	28.73	0.01	2	5746	买盘
13:45:27	28.72	--	5	14360	卖盘
13:45:24	28.72	--	1	2872	买盘
13:45:18	28.72	0.01	5	14360	中性盘
13:45:15	28.71	-0.02	10	28710	卖盘
13:45:09	28.73	--	8	22984	买盘
13:45:00	28.73	0.03	1	2873	买盘
13:44:57	28.7	--	46	132020	卖盘
13:44:51	28.7	--	20	57400	买盘
13:44:48	28.7	--	9	25830	买盘
13:44:45	28.7	--	14	40180	买盘
13:44:42	28.7	0.02	3	8610	买盘
13:44:39	28.68	-0.02	594	1703592	卖盘
13:44:36	28.7	0.01	5	14350	买盘
13:44:33	28.69	-0.01	1	2869	卖盘
13:44:30	28.7	0.01	193	553910	买盘
13:44:27	28.69	--	15	43035	卖盘
13:44:24	28.69	-0.01	13	37297	卖盘
13:44:21	28.7	--	39	111930	买盘
13:44:18	28.7	0.01	22	63140	买盘
13:44:15	28.69	-0.01	6	17214	卖盘
13:44:12	28.7	--	5	14350	买盘
13:44:09	28.7	0.01	8	22960	买盘
13:44:03	28.69	--	10	28690	卖盘
13:44:00	28.69	0.01	55	157795	买盘
13:43:57	28.68	-0.01	5	14340	卖盘
13:43:54	28.69	--	5	14345	买盘
13:43:51	28.69	--	11	31559	买盘
13:43:48	28.69	0.01	41	117629	买盘
13:43:45	28.68	-0.01	6	17208	卖盘
13:43:42	28.69	0.01	1	2869	买盘
13:43:39	28.68	--	3	8604	卖盘
13:43:36	28.68	--	5	14340	卖盘
13:43:33	28.68	--	1	2868	卖盘
13:43:30	28.68	0.01	2	5736	卖盘
13:43:27	28.67	-0.02	8	22936	卖盘
13:43:24	28.69	0.02	16	45904	买盘
13:43:21	28.67	--	17	48739	卖盘
13:43:18	28.67	--	47	134749	卖盘
13:43:15	28.67	-0.01	7	20069	卖盘
13:43:12	28.68	--	1	2868	买盘
13:43:09	28.68	0.01	4	11472	中性盘
13:43:03	28.67	-0.02	1	2867	卖盘
13:43:00	28.69	0.01	88	252472	买盘
13:42:57	28.68	-0.01	3	8604	卖盘
13:42:54	28.69	0.01	10	28690	买盘
13:42:48	28.68	-0.01	10	28680	卖盘
13:42:45	28.69	--	11	31559	买盘
13:42:42	28.69	-0.01	128	367232	卖盘
13:42:33	28.7	-0.05	305	875350	卖盘
13:42:30	28.75	0.01	3	8625	买盘
13:42:27	28.74	--	5	14370	卖盘
13:42:18	28.74	--	6	17244	卖盘
13:42:15	28.74	--	7	20118	卖盘
13:42:12	28.74	-0.01	24	68976	卖盘
13:42:09	28.75	0.01	2	5750	买盘
13:42:06	28.74	--	5	14370	卖盘
13:42:03	28.74	0.01	1	2874	中性盘
13:41:57	28.73	--	2	5746	卖盘
13:41:51	28.73	-0.02	41	117793	卖盘
13:41:48	28.75	0.02	83	238625	买盘
13:41:45	28.73	--	12	34476	卖盘
13:41:42	28.73	-0.01	15	43095	卖盘
13:41:39	28.74	--	6	17244	买盘
13:41:36	28.74	0.01	1	2874	买盘
13:41:33	28.73	--	1	2873	卖盘
13:41:30	28.73	0.01	29	83317	买盘
13:41:27	28.72	--	16	45952	卖盘
13:41:18	28.72	--	11	31592	卖盘
13:41:15	28.72	--	31	89032	卖盘
13:41:12	28.72	-0.01	5	14360	卖盘
13:41:09	28.73	0.01	1	2873	买盘
13:41:06	28.72	--	5	14360	卖盘
13:41:03	28.72	--	7	20104	卖盘
13:41:00	28.72	0.01	7	20104	买盘
13:40:57	28.71	--	5	14355	卖盘
13:40:45	28.71	-0.02	6	17226	卖盘
13:40:39	28.73	0.01	2	5746	买盘
13:40:36	28.72	--	5	14360	卖盘
13:40:33	28.72	-0.01	9	25848	卖盘
13:40:27	28.73	0.01	6	17238	买盘
13:40:21	28.72	--	2	5744	卖盘
13:40:15	28.72	-0.02	7	20104	卖盘
13:40:12	28.74	0.01	23	66102	买盘
13:40:09	28.73	0.01	1	2873	买盘
13:40:06	28.72	--	5	14360	卖盘
13:40:03	28.72	--	1	2872	卖盘
13:39:57	28.72	--	5	14360	卖盘
13:39:51	28.72	--	4	11488	卖盘
13:39:45	28.72	-0.02	6	17232	卖盘
13:39:39	28.74	0.02	7	20118	买盘
13:39:36	28.72	--	15	43080	卖盘
13:39:30	28.72	--	1	2872	卖盘
13:39:27	28.72	-0.01	5	14360	卖盘
13:39:21	28.73	0.01	1	2873	中性盘
13:39:15	28.72	-0.02	6	17232	卖盘
13:39:09	28.74	0.02	6	17244	买盘
13:39:06	28.72	--	7	20104	卖盘
13:39:03	28.72	--	1	2872	卖盘
13:38:57	28.72	--	5	14360	卖盘
13:38:48	28.72	--	6	17232	卖盘
13:38:45	28.72	0.01	7	20104	中性盘
13:38:42	28.71	-0.02	4	11484	卖盘
13:38:39	28.73	0.02	2	5746	买盘
13:38:36	28.71	-0.01	5	14355	卖盘
13:38:33	28.72	0.01	6	17232	买盘
13:38:27	28.71	--	5	14355	卖盘
13:38:15	28.71	-0.02	6	17226	卖盘
13:38:12	28.73	--	2	5746	买盘
13:38:09	28.73	0.02	27	77571	买盘
13:38:06	28.71	--	5	14355	卖盘
13:38:03	28.71	0.01	39	111969	买盘
13:38:00	28.7	-0.01	10	28700	卖盘
13:37:57	28.71	0.01	7	20097	买盘
13:37:54	28.7	--	2	5740	卖盘
13:37:48	28.7	--	6	17220	卖盘
13:37:45	28.7	--	7	20090	卖盘
13:37:42	28.7	-0.01	19	54530	卖盘
13:37:39	28.71	--	12	34452	买盘
13:37:33	28.71	0.01	15	43065	买盘
13:37:30	28.7	--	1	2870	卖盘
13:37:27	28.7	-0.01	5	14350	卖盘
13:37:24	28.71	0.01	3	8613	买盘
13:37:18	28.7	0.01	11	31570	买盘
13:37:15	28.69	-0.02	6	17214	卖盘
13:37:09	28.71	0.01	2	5742	买盘
13:37:06	28.7	-0.01	5	14350	卖盘
13:37:03	28.71	0.01	2	5742	买盘
13:36:57	28.7	--	5	14350	卖盘
13:36:48	28.7	--	6	17220	卖盘
13:36:45	28.7	--	13	37310	买盘
13:36:39	28.7	-0.01	1	2870	中性盘
13:36:33	28.71	0.01	50	143550	买盘
13:36:27	28.7	--	7	20090	卖盘
13:36:18	28.7	--	6	17220	卖盘
13:36:15	28.7	-0.01	6	17220	卖盘
13:36:09	28.71	0.01	2	5742	买盘
13:36:06	28.7	--	5	14350	卖盘
13:36:03	28.7	-0.01	1	2870	卖盘
13:36:00	28.71	--	10	28710	买盘
13:35:57	28.71	0.01	8	22968	买盘
13:35:54	28.7	-0.02	15	43050	卖盘
13:35:51	28.72	0.02	6	17232	买盘
13:35:48	28.7	--	6	17220	卖盘
13:35:45	28.7	-0.01	7	20090	卖盘
13:35:39	28.71	0.01	1	2871	买盘
13:35:36	28.7	--	5	14350	卖盘
13:35:33	28.7	--	1	2870	卖盘
13:35:30	28.7	0.01	1	2870	买盘
13:35:27	28.69	-0.01	5	14345	卖盘
13:35:24	28.7	0.01	5	14350	中性盘
13:35:15	28.69	-0.02	6	17214	卖盘
13:35:09	28.71	0.02	2	5742	买盘
13:35:06	28.69	-0.02	7	20083	卖盘
13:35:03	28.71	0.02	33	94743	买盘
13:34:57	28.69	-0.01	5	14345	卖盘
13:34:48	28.7	0.01	1	2870	中性盘
13:34:45	28.69	-0.02	7	20083	卖盘
13:34:39	28.71	0.01	6	17226	买盘
13:34:33	28.7	--	3	8610	买盘
13:34:30	28.7	0.01	2	5740	买盘
13:34:27	28.69	-0.01	5	14345	卖盘
13:34:21	28.7	0.01	2	5740	中性盘
13:34:15	28.69	-0.02	6	17214	卖盘
13:34:09	28.71	0.02	1	2871	买盘
13:34:06	28.69	--	6	17214	卖盘
13:34:03	28.69	--	3	8607	买盘
13:33:57	28.69	--	3	8607	卖盘
13:33:48	28.69	--	6	17214	卖盘
13:33:45	28.69	--	6	17214	卖盘
13:33:42	28.69	-0.01	2	5738	卖盘
13:33:39	28.7	0.01	3	8610	买盘
13:33:36	28.69	-0.01	5	14345	卖盘
13:33:33	28.7	0.01	2	5740	买盘
13:33:30	28.69	0.03	30	86070	卖盘
13:33:15	28.66	--	7	20062	卖盘
13:32:57	28.66	-0.03	189	541674	卖盘
13:32:45	28.69	-0.05	506	1451714	卖盘
13:32:42	28.74	--	3	8622	卖盘
13:32:39	28.74	-0.01	5	14370	中性盘
13:32:33	28.75	0.04	1	2875	中性盘
13:32:21	28.71	-0.01	22	63162	卖盘
13:32:18	28.72	--	2	5744	卖盘
13:32:15	28.72	-0.05	7	20104	卖盘
13:32:09	28.77	0.02	79	227283	中性盘
13:32:03	28.75	-0.03	38	109250	卖盘
13:31:57	28.78	--	107	307946	卖盘
13:31:48	28.78	--	7	20146	卖盘
13:31:45	28.78	-0.01	6	17268	卖盘
13:31:39	28.79	0.01	1	2879	买盘
13:31:36	28.78	--	5	14390	卖盘
13:31:30	28.78	--	1	2878	卖盘
13:31:27	28.78	--	5	14390	卖盘
13:31:24	28.78	--	13	37414	卖盘
13:31:21	28.78	--	22	63316	卖盘
13:31:18	28.78	--	6	17268	卖盘
13:31:15	28.78	-0.01	7	20146	卖盘
13:31:09	28.79	0.01	2	5758	买盘
13:31:06	28.78	--	5	14390	卖盘
13:31:03	28.78	--	1	2878	卖盘
13:30:57	28.78	--	27	77706	卖盘
13:30:51	28.78	--	2	5756	卖盘
13:30:48	28.78	0.02	11	31658	买盘
13:30:45	28.76	-0.02	6	17256	卖盘
13:30:39	28.78	0.02	28	80584	买盘
13:30:33	28.76	-0.01	27	77652	卖盘
13:30:27	28.77	0.01	37	106449	买盘
13:30:18	28.76	-0.01	6	17256	卖盘
13:30:15	28.77	--	8	23016	买盘
13:30:09	28.77	0.02	53	152481	买盘
13:30:06	28.75	-0.01	26	74750	卖盘
13:30:03	28.76	--	1	2876	卖盘
13:30:00	28.76	--	10	28760	卖盘
13:29:57	28.76	--	5	14380	卖盘
13:29:45	28.76	--	6	17256	卖盘
13:29:42	28.76	--	46	132296	卖盘
13:29:39	28.76	-0.02	54	155304	卖盘
13:29:36	28.78	--	35	100730	买盘
13:29:27	28.78	-0.01	33	94974	卖盘
13:29:18	28.79	0.01	9	25911	买盘
13:29:15	28.78	-0.01	6	17268	卖盘
13:29:09	28.79	0.01	3	8637	买盘
13:29:06	28.78	-0.02	5	14390	卖盘
13:28:51	28.8	0.01	9	25920	买盘
13:28:48	28.79	--	5	15517	卖盘
13:28:45	28.79	--	8	23032	卖盘
13:28:42	28.79	-0.01	22	63338	卖盘
13:28:39	28.8	0.01	1	2880	买盘
13:28:36	28.79	--	5	14395	卖盘
13:28:33	28.79	--	1	2879	卖盘
13:28:27	28.79	-0.02	5	14395	卖盘
13:28:09	28.81	0.01	39	112359	买盘
13:28:06	28.8	--	5	14400	卖盘
13:28:03	28.8	-0.01	3	8640	卖盘
13:28:00	28.81	--	1	2881	买盘
13:27:57	28.81	--	2	6972	卖盘
13:27:42	28.81	--	7	21837	买盘
13:27:39	28.81	0.01	2	8383	买盘
13:27:36	28.8	--	5	14400	卖盘
13:27:27	28.8	--	5	14400	卖盘
13:27:18	28.8	0.01	5	14400	中性盘
13:27:12	28.79	-0.01	26	74854	卖盘
13:27:09	28.8	--	1	2880	买盘
13:27:06	28.8	--	15	43200	买盘
13:27:00	28.8	-0.01	2	5760	卖盘
13:26:57	28.81	--	8	23048	买盘
13:26:51	28.81	--	8	23048	买盘
13:26:39	28.81	--	2	5762	买盘
13:26:09	28.81	--	8	23048	卖盘
13:26:06	28.81	--	1	2881	卖盘
13:25:51	28.81	-0.02	39	112359	卖盘
13:25:45	28.83	0.01	1	2883	买盘
13:25:42	28.82	-0.01	2	5764	卖盘
13:25:39	28.83	0.01	19	54777	买盘
13:25:36	28.82	-0.01	2	5764	卖盘
13:25:30	28.83	0.01	50	144150	买盘
13:25:21	28.82	-0.01	1	2882	卖盘
13:25:15	28.83	-0.02	3	8649	卖盘
13:25:09	28.85	0.03	2	5770	买盘
13:25:06	28.82	-0.01	32	92224	卖盘
13:25:00	28.83	--	63	181629	卖盘
13:24:54	28.83	-0.02	2	5766	卖盘
13:24:48	28.85	--	46	132710	卖盘
13:24:42	28.85	-0.01	26	75010	卖盘
13:24:39	28.86	--	6	17316	买盘
13:24:36	28.86	--	20	57720	卖盘
13:24:30	28.86	--	35	101010	卖盘
13:24:27	28.86	0.01	47	135642	买盘
13:24:24	28.85	-0.01	29	83665	卖盘
13:24:18	28.86	0.01	50	144300	买盘
13:24:15	28.85	--	10	28850	卖盘
13:24:12	28.85	-0.01	37	106745	卖盘
13:24:09	28.86	--	34	98124	卖盘
13:24:00	28.86	-0.01	60	173160	卖盘
13:23:54	28.87	0.01	5	14435	买盘
13:23:45	28.86	-0.01	22	63492	卖盘
13:23:39	28.87	--	4	11548	买盘
13:23:27	28.87	0.01	1	2887	买盘
13:23:24	28.86	-0.01	1	2886	中性盘
13:23:09	28.87	0.01	2	5774	买盘
13:22:39	28.86	0.01	1	2886	中性盘
13:22:24	28.85	-0.02	29	83665	卖盘
13:22:18	28.87	0.01	1	2887	买盘
13:22:12	28.86	-0.01	6	17316	卖盘
13:22:09	28.87	--	26	75062	买盘
13:22:00	28.87	-0.01	5	14435	中性盘
13:21:39	28.88	--	2	5776	买盘
13:21:12	28.88	--	1	2888	买盘
13:21:09	28.88	0.02	10	28880	买盘
13:21:00	28.86	--	23	66378	卖盘
13:20:54	28.86	-0.01	31	89466	卖盘
13:20:45	28.87	-0.01	5	14435	卖盘
13:20:42	28.88	--	50	144400	买盘
13:20:39	28.88	0.01	2	5776	买盘
13:20:27	28.87	--	3	8661	买盘
13:20:09	28.87	0.02	1	2887	买盘
13:20:06	28.85	-0.02	22	63470	卖盘
13:20:03	28.87	--	1	2887	买盘
13:20:00	28.87	0.02	21	60627	买盘
13:19:42	28.85	-0.02	4	11540	卖盘
13:19:39	28.87	0.02	1	2887	买盘
13:19:27	28.85	0.01	2	5770	中性盘
13:19:15	28.84	0.02	2	5768	中性盘
13:19:06	28.82	-0.05	6	17292	卖盘
13:18:57	28.87	0.05	1	2887	买盘
13:18:51	28.82	--	33	95106	卖盘
13:18:39	28.82	--	4	11528	卖盘
13:18:24	28.82	--	3	8646	卖盘
13:18:21	28.82	--	1	2882	卖盘
13:18:18	28.82	-0.02	4	11528	卖盘
13:18:12	28.84	0.02	1	2884	中性盘
13:17:57	28.82	--	3	8646	卖盘
13:17:54	28.82	-0.05	2	5764	卖盘
13:17:48	28.87	0.05	1	2887	买盘
13:17:45	28.82	--	3	8646	卖盘
13:17:36	28.82	--	5	14410	卖盘
13:17:24	28.82	--	1	2882	卖盘
13:17:12	28.82	--	3	8646	卖盘
13:17:00	28.82	--	2	5764	卖盘
13:16:54	28.82	--	9	25938	中性盘
13:16:39	28.82	0.01	2	5764	买盘
13:16:33	28.81	-0.01	2	5762	卖盘
13:16:30	28.82	0.01	5	14410	买盘
13:16:27	28.81	--	25	72025	卖盘
13:16:24	28.81	--	16	46096	卖盘
13:16:21	28.81	-0.01	2	5762	卖盘
13:16:09	28.82	-0.06	11	31702	卖盘
13:16:03	28.88	0.01	5	14440	买盘
13:16:00	28.87	--	46	132802	卖盘
13:15:57	28.87	--	22	63514	卖盘
13:15:51	28.87	--	61	176107	卖盘
13:15:48	28.87	--	20	57740	卖盘
13:15:42	28.87	--	3	8661	卖盘
13:15:39	28.87	--	31	89497	卖盘
13:15:36	28.87	--	3	8661	卖盘
13:15:33	28.87	0.02	116	334892	买盘
13:15:21	28.85	-0.01	8	23080	中性盘
13:15:12	28.86	0.05	9	25974	中性盘
13:15:03	28.81	-0.03	3	8643	卖盘
13:14:54	28.84	0.01	1	2884	中性盘
13:14:48	28.83	-0.04	1	2883	中性盘
13:14:24	28.87	0.07	6	17322	买盘
13:14:12	28.8	0.01	11	31680	中性盘
13:13:57	28.79	-0.02	41	118039	卖盘
13:13:54	28.81	-0.06	2	5762	卖盘
13:13:51	28.87	--	26	75062	卖盘
13:13:48	28.87	--	75	216525	卖盘
13:13:45	28.87	--	4	11548	卖盘
13:13:36	28.87	0.08	95	274265	买盘
13:13:30	28.79	-0.02	100	287900	卖盘
13:13:27	28.81	-0.06	43	123883	卖盘
13:13:21	28.87	0.05	300	866100	买盘
13:13:18	28.82	-0.03	3	8646	卖盘
13:13:15	28.85	--	1	2885	买盘
13:13:09	28.85	--	1	2885	买盘
13:12:48	28.85	0.03	2	5770	买盘
13:12:24	28.82	--	15	43230	卖盘
13:12:12	28.82	-0.04	30	86460	卖盘
13:12:09	28.86	0.02	8	23088	买盘
13:12:06	28.84	--	21	60564	卖盘
13:11:57	28.84	-0.01	3	8652	卖盘
13:11:48	28.85	--	17	49045	卖盘
13:11:42	28.85	--	53	152905	卖盘
13:11:39	28.85	--	23	66355	卖盘
13:11:33	28.85	-0.01	8	23080	卖盘
13:11:27	28.86	--	9	25974	买盘
13:11:09	28.86	--	2	5772	买盘
13:11:03	28.86	0.02	3	8658	买盘
13:10:57	28.84	-0.02	15	43260	卖盘
13:10:48	28.86	--	12	34632	卖盘
13:10:45	28.86	--	7	20202	卖盘
13:10:39	28.86	0.02	10	28860	买盘
13:10:24	28.84	-0.02	16	46144	卖盘
13:10:21	28.86	--	7	20202	买盘
13:10:15	28.86	--	5	14430	买盘
13:10:09	28.86	--	2	5772	买盘
13:10:00	28.86	0.02	2	5772	买盘
13:09:57	28.84	--	27	77868	卖盘
13:09:54	28.84	-0.02	1	2884	卖盘
13:09:51	28.86	0.01	52	150072	买盘
13:09:45	28.85	--	20	57700	买盘
13:09:39	28.85	0.01	1	2885	买盘
13:09:24	28.84	-0.01	10	28840	卖盘
13:09:12	28.85	0.01	5	14425	买盘
13:09:09	28.84	--	2	5768	买盘
13:09:03	28.84	0.02	1	2884	中性盘
13:08:33	28.82	--	2	5764	卖盘
13:08:30	28.82	--	3	8646	卖盘
13:08:27	28.82	-0.01	22	63404	卖盘
13:08:24	28.83	--	9	25947	卖盘
13:08:21	28.83	--	26	74958	买盘
13:08:09	28.83	0.02	1	2883	买盘
13:08:00	28.81	--	2	5762	卖盘
13:07:57	28.81	--	5	14405	卖盘
13:07:51	28.81	--	9	25929	卖盘
13:07:45	28.81	-0.01	9	25929	卖盘
13:07:42	28.82	-0.01	3	8646	卖盘
13:07:39	28.83	0.01	2	5766	中性盘
13:07:15	28.82	0.02	0	2017	中性盘
13:07:03	28.8	--	3	8640	卖盘
13:06:57	28.8	--	7	20160	买盘
13:06:45	28.8	-0.06	21	60480	卖盘
13:06:39	28.86	0.06	6	17316	买盘
13:06:36	28.8	-0.05	20	57600	卖盘
13:06:30	28.85	0.05	42	121170	买盘
13:06:06	28.8	--	41	118080	买盘
13:05:42	28.8	--	6	17280	买盘
13:05:39	28.8	0.01	2	5760	买盘
13:05:36	28.79	--	5	14395	买盘
13:05:33	28.79	0.01	1	2879	卖盘
13:05:27	28.78	-0.01	28	80584	卖盘
13:05:21	28.79	-0.01	26	74854	卖盘
13:05:09	28.8	0.01	1	2880	买盘
13:05:00	28.79	0.01	3	8637	买盘
13:04:48	28.78	-0.01	3	8634	卖盘
13:04:39	28.79	0.03	1	2879	买盘
13:04:12	28.76	0.01	8	23008	中性盘
13:03:42	28.75	--	7	20125	卖盘
13:03:30	28.75	-0.01	2	5750	卖盘
13:03:18	28.76	0.02	1	2876	中性盘
13:02:39	28.74	0.02	42	120708	买盘
13:02:36	28.72	--	3	8616	卖盘
13:02:30	28.72	--	12	34464	卖盘
13:02:15	28.72	0.03	24	68928	卖盘
13:02:12	28.69	--	2	5738	卖盘
13:02:09	28.69	-0.01	65	186485	卖盘
13:02:03	28.7	--	3	8610	卖盘
13:02:00	28.7	--	16	45920	卖盘
13:01:54	28.7	-0.01	26	74620	卖盘
13:01:51	28.71	--	11	31581	卖盘
13:01:48	28.71	-0.08	27	77517	卖盘
13:01:45	28.79	--	6	17274	卖盘
13:01:42	28.79	--	24	69096	卖盘
13:01:39	28.79	0.01	11	31669	卖盘
13:01:36	28.78	0.06	7	20146	买盘
13:01:33	28.72	--	15	43080	卖盘
13:01:27	28.72	-0.06	3	8616	卖盘
13:01:21	28.78	--	5	14390	卖盘
13:01:18	28.78	-0.02	2	5756	卖盘
13:01:09	28.8	0.02	3	8640	买盘
13:01:03	28.78	--	5	14390	卖盘
13:00:54	28.78	--	3	8634	卖盘
13:00:51	28.78	-0.02	1	2878	卖盘
13:00:39	28.8	0.02	2	5760	买盘
13:00:33	28.78	--	2	5756	卖盘
13:00:30	28.78	0.06	2	5756	买盘
13:00:27	28.72	--	6	17232	卖盘
13:00:15	28.72	-0.03	286	821392	卖盘
13:00:12	28.75	--	19	54625	卖盘
13:00:06	28.75	0.01	11	31625	中性盘
13:00:03	28.74	--	0	0	卖盘
11:30:03	28.74	0.01	9	25866	中性盘
11:29:54	28.73	-0.01	69	199788	卖盘
11:29:51	28.74	0.01	7	20118	中性盘
11:29:48	28.73	-0.01	15	43095	卖盘
11:29:39	28.74	--	23	66102	买盘
11:29:21	28.74	0.01	2	5748	买盘
11:29:15	28.73	-0.01	1	2873	卖盘
11:29:09	28.74	--	3	8622	买盘
11:29:06	28.74	--	1	2874	买盘
11:29:03	28.74	--	66	189684	买盘
11:28:57	28.74	--	5	14370	买盘
11:28:45	28.74	-0.04	538	1547534	卖盘
11:28:42	28.78	-0.02	3	8634	卖盘
11:28:39	28.8	0.02	1	2880	买盘
11:28:12	28.78	-0.02	20	57560	卖盘
11:28:09	28.8	0.02	2	5760	买盘
11:28:03	28.78	--	1	2878	卖盘
11:28:00	28.78	0.01	165	476424	买盘
11:27:54	28.77	0.02	6	17262	中性盘
11:27:48	28.75	-0.03	3	8625	卖盘
11:27:45	28.78	--	4	11512	买盘
11:27:39	28.78	--	10	28780	买盘
11:27:30	28.78	--	10	28780	买盘
11:27:27	28.78	--	2	5756	买盘
11:27:12	28.78	0.03	300	863400	买盘
11:27:09	28.75	--	2	5750	买盘
11:27:00	28.75	--	33	94875	卖盘
11:26:54	28.75	--	3	8625	卖盘
11:26:48	28.75	-0.03	7	20125	卖盘
11:26:45	28.78	0.01	1	2878	买盘
11:26:39	28.77	-0.01	2	5754	卖盘
11:26:21	28.78	--	2	5756	买盘
11:26:15	28.78	-0.02	1	2878	买盘
11:26:09	28.8	0.02	1	2880	买盘
11:26:06	28.78	--	4	11512	买盘
11:26:03	28.78	-0.02	298	858507	卖盘
11:25:57	28.8	--	395	1137600	卖盘
11:25:48	28.8	--	6	17280	卖盘
11:25:42	28.8	-0.06	500	1440000	卖盘
11:25:36	28.86	0.05	1	2886	买盘
11:25:30	28.81	--	7	20167	卖盘
11:25:06	28.81	--	3	8643	卖盘
11:25:03	28.81	--	2	5762	卖盘
11:24:57	28.81	--	9	25929	卖盘
11:24:51	28.81	--	18	51858	卖盘
11:24:45	28.81	--	3	8643	卖盘
11:24:27	28.81	-0.05	5	14405	卖盘
11:24:21	28.86	0.06	10	28860	买盘
11:24:09	28.8	--	57	164160	卖盘
11:24:00	28.8	--	40	115200	卖盘
11:23:57	28.8	--	3	8640	卖盘
11:23:54	28.8	--	6	17280	卖盘
11:23:45	28.8	--	18	51840	卖盘
11:23:42	28.8	--	4	11520	卖盘
11:23:36	28.8	--	3	8640	卖盘
11:23:27	28.8	--	37	106560	卖盘
11:23:21	28.8	-0.07	53	152640	卖盘
11:23:15	28.87	0.05	134	386858	买盘
11:23:09	28.82	0.02	2	5764	买盘
11:23:03	28.8	-0.03	4	11520	中性盘
11:22:54	28.83	0.03	4	11532	买盘
11:22:51	28.8	--	10	28800	卖盘
11:22:36	28.8	0.02	3	8640	卖盘
11:22:24	28.78	-0.01	7	20146	卖盘
11:22:09	28.79	--	5	14395	买盘
11:21:54	28.79	--	1	2879	卖盘
11:21:42	28.79	-0.04	32	92128	卖盘
11:21:39	28.83	0.01	1	2883	买盘
11:21:36	28.82	--	6	17292	卖盘
11:21:30	28.82	-0.01	45	129690	卖盘
11:21:27	28.83	--	1	2883	买盘
11:21:24	28.83	--	5	14415	买盘
11:21:18	28.83	0.01	4	11532	买盘
11:21:12	28.82	-0.01	1	2882	卖盘
11:21:09	28.83	--	2	5766	买盘
11:21:06	28.83	0.01	5	14415	买盘
11:21:03	28.82	-0.01	6	17292	卖盘
11:20:54	28.83	0.01	5	14415	买盘
11:20:51	28.82	--	10	28820	卖盘
11:20:45	28.82	--	11	31702	买盘
11:20:42	28.82	0.04	1	2882	买盘
11:20:27	28.78	-0.04	32	92096	卖盘
11:20:21	28.82	0.04	4	11528	买盘
11:20:15	28.78	-0.04	41	117998	卖盘
11:20:12	28.82	--	2	5764	买盘
11:20:09	28.82	0.02	1	2882	买盘
11:19:54	28.8	--	7	20160	卖盘
11:19:51	28.8	-0.02	6	17280	卖盘
11:19:39	28.82	0.02	2	5764	买盘
11:19:18	28.8	--	20	57600	卖盘
11:19:12	28.8	--	22	63360	卖盘
11:19:03	28.8	0.02	112	322560	买盘
11:19:00	28.78	--	34	97852	卖盘
11:18:57	28.78	--	40	115120	卖盘
11:18:51	28.78	--	13	37414	卖盘
11:18:45	28.78	-0.02	17	48926	卖盘
11:18:39	28.8	--	10	28800	买盘
11:18:27	28.8	--	24	69120	买盘
11:18:18	28.8	0.02	2	5760	卖盘
11:18:09	28.78	--	24	69072	卖盘
11:17:57	28.78	-0.02	43	123754	卖盘
11:17:54	28.8	-0.02	5	14400	卖盘
11:17:51	28.82	0.02	2	5764	中性盘
11:17:24	28.8	--	3	8640	卖盘
11:17:12	28.8	-0.02	1	2880	卖盘
11:17:09	28.82	0.02	1	2882	买盘
11:16:54	28.8	--	9	27936	买盘
11:16:48	28.8	--	12	35424	卖盘
11:16:45	28.8	--	38	111456	买盘
11:16:39	28.8	--	2	5760	买盘
11:16:36	28.8	--	200	576000	买盘
11:16:30	28.8	0.02	5	14400	买盘
11:16:21	28.78	-0.01	6	17268	卖盘
11:16:15	28.79	-0.01	43	123797	卖盘
11:16:09	28.8	--	2	5760	买盘
11:15:54	28.8	0.02	28	80640	买盘
11:15:51	28.78	-0.01	6	17268	卖盘
11:15:42	28.79	-0.01	1	2879	中性盘
11:15:39	28.8	--	1	2880	买盘
11:15:36	28.8	0.01	69	198720	买盘
11:15:27	28.79	--	27	77733	买盘
11:15:21	28.79	0.01	1	2879	买盘
11:15:12	28.78	-0.01	4	11512	卖盘
11:15:09	28.79	0.03	2	5758	买盘
11:14:57	28.76	-0.03	48	138048	卖盘
11:14:54	28.79	0.01	27	77733	买盘
11:14:51	28.78	0.02	1	2878	中性盘
11:14:30	28.76	-0.03	3	8628	卖盘
11:14:24	28.79	0.02	27	77733	买盘
11:14:15	28.77	0.02	1	2877	中性盘
11:13:57	28.75	--	2	5750	卖盘
11:13:51	28.75	--	6	17250	卖盘
11:13:48	28.75	0.02	14	40250	买盘
11:13:45	28.73	-0.02	41	117793	卖盘
11:13:39	28.75	0.02	1	2875	买盘
11:13:36	28.73	-0.02	2	5746	卖盘
11:13:24	28.75	0.02	27	77625	买盘
11:13:21	28.73	-0.02	13	37349	卖盘
11:13:09	28.75	--	2	5750	买盘
11:13:03	28.75	--	31	89125	卖盘
11:13:00	28.75	0.02	192	552000	买盘
11:12:54	28.73	--	70	201110	卖盘
11:12:51	28.73	--	7	20111	卖盘
11:12:48	28.73	-0.02	100	287300	卖盘
11:12:39	28.75	--	1	2875	买盘
11:12:36	28.75	0.02	2	5750	买盘
11:12:30	28.73	-0.02	5	14365	卖盘
11:12:24	28.75	--	27	77625	买盘
11:12:09	28.75	0.02	1	2875	买盘
11:12:00	28.73	--	2	5746	中性盘
11:11:57	28.73	--	4	11492	买盘
11:11:54	28.73	--	27	77571	买盘
11:11:51	28.73	--	16	45968	买盘
11:11:39	28.73	0.02	2	5746	买盘
11:11:33	28.71	-0.01	41	117711	卖盘
11:11:30	28.72	-0.03	3	8616	卖盘
11:11:27	28.75	--	22	63250	卖盘
11:11:24	28.75	--	6	17250	买盘
11:11:09	28.75	0.03	11	31625	买盘
11:11:06	28.72	-0.01	9	25848	卖盘
11:11:03	28.73	0.01	1	2873	中性盘
11:10:54	28.72	-0.01	33	94776	卖盘
11:10:51	28.73	0.02	2	5746	中性盘
11:10:27	28.71	-0.03	41	117711	卖盘
11:10:24	28.74	--	1	2874	卖盘
11:10:21	28.74	0.03	7	20118	买盘
11:10:12	28.71	--	3	8613	卖盘
11:10:09	28.71	--	15	43065	卖盘
11:10:03	28.71	--	21	60291	卖盘
11:10:00	28.71	--	6	17226	卖盘
11:09:57	28.71	--	30	86130	卖盘
11:09:51	28.71	--	9	25839	卖盘
11:09:48	28.71	-0.01	45	129195	卖盘
11:09:45	28.72	--	15	43080	卖盘
11:09:42	28.72	--	2	5744	卖盘
11:09:39	28.72	-0.01	44	126368	卖盘
11:09:33	28.73	0.01	3	8619	中性盘
11:09:18	28.72	--	53	152216	卖盘
11:08:51	28.72	-0.03	46	132112	卖盘
11:08:45	28.75	0.04	1	2875	中性盘
11:08:09	28.71	--	6	17226	卖盘
11:08:00	28.71	0.01	6	17226	中性盘
11:07:48	28.7	--	6	17220	卖盘
11:07:42	28.7	--	124	355880	买盘
11:07:39	28.7	0.01	178	510860	买盘
11:07:36	28.69	-0.01	46	131974	卖盘
11:07:30	28.7	-0.05	517	1483790	卖盘
11:07:24	28.75	0.02	57	163875	卖盘
11:07:21	28.73	0.02	30	86190	买盘
11:07:18	28.71	-0.01	4	11484	卖盘
11:07:12	28.72	-0.01	1	2872	卖盘
11:07:09	28.73	--	1	2873	中性盘
11:07:00	28.73	0.02	5	14365	买盘
11:06:51	28.71	-0.02	56	160776	卖盘
11:06:48	28.73	0.02	2	5746	中性盘
11:06:36	28.71	--	43	123453	卖盘
11:06:30	28.71	-0.01	123	353133	卖盘
11:06:27	28.72	--	11	31592	买盘
11:06:24	28.72	--	100	287200	买盘
11:06:09	28.72	--	1	2872	买盘
11:06:06	28.72	--	113	324536	卖盘
11:06:03	28.72	--	6	17232	卖盘
11:05:54	28.72	--	44	126368	卖盘
11:05:48	28.72	--	176	505472	卖盘
11:05:45	28.72	-0.01	6	17232	卖盘
11:05:42	28.73	--	1	2873	买盘
11:05:39	28.73	0.01	5	14365	买盘
11:05:36	28.72	--	1	2872	卖盘
11:05:21	28.72	--	3	8616	卖盘
11:05:12	28.72	-0.01	3	8616	卖盘
11:05:09	28.73	0.01	1	2873	买盘
11:05:06	28.72	-0.01	9	25848	卖盘
11:05:03	28.73	--	3	8619	卖盘
11:05:00	28.73	0.01	7	20111	买盘
11:04:57	28.72	--	40	114880	卖盘
11:04:51	28.72	--	3	8616	卖盘
11:04:48	28.72	-0.01	13	37336	卖盘
11:04:42	28.73	--	13	37349	买盘
11:04:39	28.73	0.01	1	2873	买盘
11:04:33	28.72	--	4	11488	卖盘
11:04:30	28.72	-0.01	12	34464	卖盘
11:04:27	28.73	--	10	28730	卖盘
11:04:24	28.73	0.01	53	152269	买盘
11:04:21	28.72	-0.01	17	48824	卖盘
11:04:12	28.73	0.01	5	14365	买盘
11:04:09	28.72	-0.01	63	180936	卖盘
11:04:06	28.73	--	7	20111	买盘
11:04:03	28.73	--	5	14365	中性盘
11:03:54	28.73	--	20	57460	买盘
11:03:51	28.73	0.01	10	28730	买盘
11:03:48	28.72	--	6	17232	卖盘
11:03:42	28.72	--	5	14360	卖盘
11:03:39	28.72	-0.01	61	175192	卖盘
11:03:36	28.73	--	20	57460	买盘
11:03:30	28.73	0.01	4	11492	买盘
11:03:27	28.72	-0.01	4	11488	卖盘
11:03:24	28.73	--	14	40222	买盘
11:03:12	28.73	--	6	17238	买盘
11:03:09	28.73	0.01	7	20111	买盘
11:03:03	28.72	-0.01	40	114880	卖盘
11:02:57	28.73	0.01	5	14365	买盘
11:02:48	28.72	-0.01	7	20104	卖盘
11:02:39	28.73	--	1	2873	买盘
11:02:36	28.73	--	6	17238	买盘
11:02:33	28.73	0.01	9	25857	买盘
11:02:30	28.72	-0.01	2	5744	卖盘
11:02:15	28.73	--	10	28730	买盘
11:02:09	28.73	0.01	2	5746	买盘
11:02:06	28.72	-0.01	18	51696	卖盘
11:02:00	28.73	--	23	66079	买盘
11:01:51	28.73	0.01	1	2873	买盘
11:01:48	28.72	-0.01	6	17232	卖盘
11:01:45	28.73	0.01	1	2873	买盘
11:01:39	28.72	--	18	51696	卖盘
11:01:18	28.72	--	22	63184	卖盘
11:01:15	28.72	--	4	11488	卖盘
11:01:09	28.72	--	2	5744	卖盘
11:00:48	28.72	-0.01	7	20104	卖盘
11:00:39	28.73	--	2	5746	买盘
11:00:33	28.73	0.01	15	43095	买盘
11:00:30	28.72	--	42	120624	卖盘
11:00:24	28.72	-0.01	38	109136	卖盘
11:00:12	28.73	--	8	22984	买盘
11:00:09	28.73	0.01	1	2873	买盘
10:59:48	28.72	-0.01	6	17232	卖盘
10:59:39	28.73	--	2	5746	买盘
10:59:36	28.73	0.01	1	2873	买盘
10:59:30	28.72	--	6	17232	卖盘
10:59:12	28.72	-0.01	6	17232	卖盘
10:59:09	28.73	0.01	1	2873	买盘
10:59:06	28.72	0.02	2	5744	中性盘
10:58:48	28.7	-0.02	50	143500	卖盘
10:58:45	28.72	--	1	2872	卖盘
10:58:42	28.72	--	165	473880	卖盘
10:58:39	28.72	-0.01	4	11488	卖盘
10:58:36	28.73	0.01	7	20111	买盘
10:58:24	28.72	--	13	37336	卖盘
10:58:21	28.72	--	28	80416	卖盘
10:58:18	28.72	-0.01	14	40208	卖盘
10:58:09	28.73	0.01	2	5746	买盘
10:58:00	28.72	--	6	17232	卖盘
10:57:51	28.72	--	44	126368	卖盘
10:57:48	28.72	--	14	40208	卖盘
10:57:45	28.72	--	12	34464	卖盘
10:57:42	28.72	--	30	86160	卖盘
10:57:39	28.72	0.02	110	315920	买盘
10:57:33	28.7	--	6	17220	卖盘
10:57:30	28.7	-0.03	46	132020	卖盘
10:57:24	28.73	0.03	9	25857	买盘
10:57:21	28.7	-0.02	9	25830	卖盘
10:57:15	28.72	0.02	21	60312	买盘
10:57:12	28.7	-0.02	5	14350	卖盘
10:57:09	28.72	0.02	3	8616	买盘
10:56:48	28.7	--	7	20090	卖盘
10:56:42	28.7	-0.02	5	14350	卖盘
10:56:39	28.72	0.02	11	31592	买盘
10:56:33	28.7	--	3	8610	卖盘
10:56:24	28.7	--	3	8610	卖盘
10:56:21	28.7	--	5	14350	卖盘
10:56:09	28.7	--	13	37310	卖盘
10:56:06	28.7	-0.02	44	126280	卖盘
10:56:00	28.72	0.02	162	465264	买盘
10:55:51	28.7	--	3	8610	卖盘
10:55:48	28.7	-0.02	6	17220	卖盘
10:55:45	28.72	0.01	2	5744	买盘
10:55:39	28.71	--	2	5742	买盘
10:55:36	28.71	--	1	2871	卖盘
10:55:30	28.71	-0.01	14	40194	卖盘
10:55:18	28.72	--	12	34464	买盘
10:55:09	28.72	0.02	1	2872	买盘
10:55:00	28.7	--	6	17220	卖盘
10:54:57	28.7	-0.02	8	22960	卖盘
10:54:48	28.72	--	16	45952	卖盘
10:54:42	28.72	0.02	5	14360	买盘
10:54:39	28.7	--	43	123410	卖盘
10:54:33	28.7	-0.02	12	34440	卖盘
10:54:30	28.72	0.02	80	229760	买盘
10:54:27	28.7	--	7	20090	卖盘
10:54:24	28.7	-0.02	10	28700	卖盘
10:54:12	28.72	0.02	2	5744	买盘
10:54:09	28.7	--	2	5740	卖盘
10:54:06	28.7	--	14	40180	卖盘
10:54:03	28.7	-0.02	8	22960	卖盘
10:53:57	28.72	0.02	4	11488	买盘
10:53:51	28.7	-0.02	11	31570	卖盘
10:53:45	28.72	-0.01	2	5744	买盘
10:53:39	28.73	-0.03	3	8619	中性盘
10:53:36	28.76	0.06	11	31636	买盘
10:53:21	28.7	-0.01	40	114800	卖盘
10:53:18	28.71	--	1	2871	卖盘
10:53:15	28.71	--	8	22968	卖盘
10:52:57	28.71	--	7	20097	卖盘
10:52:54	28.71	-0.01	9	25839	卖盘
10:52:51	28.72	--	13	37336	卖盘
10:52:48	28.72	--	8	22976	卖盘
10:52:42	28.72	--	4	11488	卖盘
10:52:39	28.72	--	14	40208	卖盘
10:52:33	28.72	-0.04	18	51696	卖盘
10:52:30	28.76	0.02	5	14380	买盘
10:52:21	28.74	-0.02	10	28740	中性盘
10:51:57	28.76	0.04	25	71900	买盘
10:51:51	28.72	-0.02	6	17232	中性盘
10:51:39	28.74	0.03	1	2874	买盘
10:51:33	28.71	-0.01	16	45936	卖盘
10:51:06	28.72	-0.04	1	2872	卖盘
10:51:03	28.76	0.05	3	8628	买盘
10:50:54	28.71	0.01	7	20097	中性盘
10:50:48	28.7	--	41	117670	卖盘
10:50:42	28.7	-0.06	16	45920	卖盘
10:50:36	28.76	0.06	2	5752	买盘
10:50:27	28.7	-0.06	3	8610	卖盘
10:49:54	28.76	0.06	1	2876	买盘
10:49:51	28.7	--	6	17220	卖盘
10:49:45	28.7	-0.06	42	120540	卖盘
10:49:39	28.76	0.06	6	17256	买盘
10:49:27	28.7	--	49	140630	买盘
10:49:15	28.7	0.01	23	66010	买盘
10:49:12	28.69	-0.01	1	2869	卖盘
10:49:09	28.7	--	32	91840	买盘
10:49:00	28.7	--	2	5740	买盘
10:48:54	28.7	0.01	1	2870	买盘
10:48:51	28.69	-0.01	7	20083	卖盘
10:48:48	28.7	0.01	16	45920	买盘
10:48:45	28.69	-0.01	50	143450	卖盘
10:48:39	28.7	0.01	2	5740	买盘
10:48:27	28.69	-0.01	8	22952	卖盘
10:48:21	28.7	0.01	10	28700	买盘
10:48:09	28.69	-0.01	31	88939	卖盘
10:48:06	28.7	0.01	50	143500	买盘
10:48:00	28.69	-0.01	9	25821	卖盘
10:47:54	28.7	--	20	57400	买盘
10:47:51	28.7	--	7	20090	买盘
10:47:45	28.7	--	3	8610	买盘
10:47:39	28.7	0.02	1	2870	中性盘
10:47:30	28.68	--	40	114720	卖盘
10:47:24	28.68	-0.02	2	5736	卖盘
10:47:21	28.7	--	23	66010	买盘
10:47:18	28.7	0.01	27	77490	买盘
10:47:12	28.69	-0.01	1	2869	卖盘
10:47:09	28.7	--	2	5740	买盘
10:47:06	28.7	0.01	3	8610	买盘
10:47:00	28.69	-0.01	1	2869	中性盘
10:46:57	28.7	--	311	892570	卖盘
10:46:54	28.7	0.01	189	542430	买盘
10:46:51	28.69	-0.01	6	17214	卖盘
10:46:48	28.7	0.01	1	2870	买盘
10:46:42	28.69	-0.01	10	28690	卖盘
10:46:39	28.7	0.01	1	2870	买盘
10:46:36	28.69	-0.01	1	2869	卖盘
10:46:30	28.7	--	3	8610	买盘
10:46:18	28.7	--	10	28700	买盘
10:46:12	28.7	--	18	51660	买盘
10:46:09	28.7	--	2	5740	买盘
10:46:06	28.7	--	12	34440	买盘
10:45:54	28.7	-0.03	849	2436630	卖盘
10:45:51	28.73	--	6	17238	卖盘
10:45:45	28.73	--	1	2873	卖盘
10:45:42	28.73	--	10	28730	卖盘
10:45:33	28.73	--	1	2873	卖盘
10:45:18	28.73	-0.02	4	11492	卖盘
10:45:12	28.75	--	1	2875	中性盘
10:44:51	28.75	-0.01	7	20125	卖盘
10:44:48	28.76	--	1	2876	买盘
10:44:45	28.76	--	1	2876	买盘
10:44:39	28.76	-0.01	3	8628	买盘
10:44:36	28.77	0.01	23	66171	买盘
10:44:33	28.76	--	8	23008	买盘
10:44:24	28.76	--	1	2876	买盘
10:44:21	28.76	--	1	2876	买盘
10:44:12	28.76	--	3	8628	买盘
10:44:09	28.76	0.03	3	8628	买盘
10:43:54	28.73	--	5	14365	买盘
10:43:51	28.73	0.02	1	2873	中性盘
10:43:30	28.71	-0.01	14	40194	卖盘
10:43:27	28.72	--	10	28720	买盘
10:43:24	28.72	--	10	28720	买盘
10:43:18	28.72	0.01	60	172320	买盘
10:43:12	28.71	-0.01	2	5742	卖盘
10:43:09	28.72	--	31	89032	买盘
10:43:03	28.72	--	11	31592	买盘
10:42:57	28.72	0.01	5	14360	买盘
10:42:54	28.71	-0.01	6	17226	卖盘
10:42:51	28.72	0.01	11	31592	买盘
10:42:48	28.71	-0.01	13	37323	卖盘
10:42:45	28.72	--	1	2872	买盘
10:42:39	28.72	--	2	5744	买盘
10:42:30	28.72	--	2	5744	买盘
10:42:27	28.72	--	6	17232	买盘
10:42:24	28.72	0.01	38	109136	买盘
10:42:21	28.71	-0.01	1	2871	卖盘
10:42:18	28.72	0.01	13	37336	买盘
10:42:09	28.71	-0.01	54	155034	卖盘
10:42:03	28.72	--	5	14360	买盘
10:42:00	28.72	--	1	2872	买盘
10:41:57	28.72	0.01	4	11488	买盘
10:41:51	28.71	--	1	2871	卖盘
10:41:48	28.71	--	6	17226	卖盘
10:41:39	28.71	-0.01	29	83259	卖盘
10:41:33	28.72	0.01	11	31592	买盘
10:41:24	28.71	-0.01	15	43065	卖盘
10:41:18	28.72	0.01	2	5744	买盘
10:41:15	28.71	--	4	11484	卖盘
10:41:12	28.71	-0.01	12	34452	卖盘
10:41:09	28.72	0.01	1	2872	买盘
10:41:06	28.71	-0.01	4	11484	卖盘
10:40:48	28.72	-0.05	1	2872	卖盘
10:40:39	28.77	0.06	1	2877	买盘
10:40:33	28.71	-0.04	2	5742	卖盘
10:40:21	28.75	0.03	15	43125	买盘
10:40:12	28.72	--	10	28720	卖盘
10:40:09	28.72	0.02	4	11488	中性盘
10:39:57	28.7	-0.02	5	14350	卖盘
10:39:54	28.72	--	4	11488	买盘
10:39:51	28.72	--	1	2872	买盘
10:39:48	28.72	0.02	1	2872	中性盘
10:39:27	28.7	-0.01	34	97580	卖盘
10:39:21	28.71	--	1	2871	卖盘
10:39:12	28.71	-0.02	2	5742	卖盘
10:39:09	28.73	--	2	5746	中性盘
10:38:54	28.73	--	9	25857	买盘
10:38:51	28.73	--	1	2873	买盘
10:38:48	28.73	0.01	1	2873	中性盘
10:38:15	28.72	-0.03	5	14360	卖盘
10:38:09	28.75	0.02	6	17250	买盘
10:38:06	28.73	-0.02	2	5746	卖盘
10:38:00	28.75	-0.02	4	11500	卖盘
10:37:57	28.77	--	81	233037	买盘
10:37:54	28.77	0.02	20	57540	买盘
10:37:51	28.75	--	13	37375	卖盘
10:37:48	28.75	-0.02	6	17250	卖盘
10:37:45	28.77	0.02	10	28770	买盘
10:37:42	28.75	-0.02	10	28750	卖盘
10:37:39	28.77	0.02	2	5754	买盘
10:37:24	28.75	-0.02	2	5750	卖盘
10:37:15	28.77	--	62	180387	卖盘
10:37:12	28.77	--	13	38264	买盘
10:37:09	28.77	--	1	2877	买盘
10:37:06	28.77	0.02	5	14385	买盘
10:36:48	28.75	--	7	20125	卖盘
10:36:45	28.75	-0.02	1	2875	卖盘
10:36:39	28.77	0.02	2	5754	买盘
10:36:33	28.75	--	2	5750	卖盘
10:36:21	28.75	-0.02	8	23000	卖盘
10:36:09	28.77	0.02	1	2877	买盘
10:35:51	28.75	--	4	11500	卖盘
10:35:48	28.75	--	8	23000	卖盘
10:35:39	28.75	--	8	23000	卖盘
10:35:30	28.75	-0.01	50	143750	卖盘
10:35:21	28.76	0.01	1	2876	买盘
10:35:15	28.75	-0.01	5	14375	卖盘
10:35:09	28.76	0.01	11	31636	买盘
10:35:06	28.75	-0.01	4	11500	卖盘
10:34:54	28.76	0.01	2	5752	买盘
10:34:48	28.75	-0.01	7	20125	卖盘
10:34:39	28.76	0.01	1	2876	买盘
10:34:36	28.75	-0.01	1	2875	卖盘
10:34:27	28.76	0.01	1	2876	买盘
10:34:24	28.75	--	2	5750	卖盘
10:34:18	28.75	-0.01	2	5750	卖盘
10:34:09	28.76	--	2	5752	买盘
10:33:54	28.76	0.01	2	5752	买盘
10:33:48	28.75	-0.01	6	17250	卖盘
10:33:39	28.76	0.01	1	2876	买盘
10:33:24	28.75	-0.01	5	14375	卖盘
10:33:18	28.76	0.01	1	2876	买盘
10:33:12	28.75	-0.01	4	11500	卖盘
10:33:06	28.76	0.01	2	5752	买盘
10:33:03	28.75	-0.01	5	14375	卖盘
10:32:54	28.76	0.01	1	2876	买盘
10:32:48	28.75	--	7	20125	卖盘
10:32:45	28.75	-0.01	4	11500	卖盘
10:32:36	28.76	--	12	34512	买盘
10:32:24	28.76	-0.01	112	322112	卖盘
10:32:12	28.77	--	2	5754	买盘
10:32:06	28.77	0.01	2	5754	买盘
10:32:00	28.76	-0.01	2	5752	卖盘
10:31:54	28.77	0.01	4	11508	买盘
10:31:48	28.76	-0.01	6	17256	卖盘
10:31:39	28.77	--	2	7767	卖盘
10:31:36	28.77	--	8	23879	买盘
10:31:18	28.77	--	8	23016	买盘
10:31:15	28.77	--	1	2877	买盘
10:31:09	28.77	-0.03	421	1213230	卖盘
10:30:48	28.8	--	37	106560	卖盘
10:30:39	28.8	--	76	218880	买盘
10:30:36	28.8	--	2	5760	买盘
10:30:30	28.8	--	1	2880	买盘
10:30:12	28.8	0.02	1	2880	买盘
10:30:09	28.78	-0.02	4	11512	卖盘
10:30:06	28.8	--	0	864	买盘
10:29:57	28.8	0.01	21	60480	买盘
10:29:45	28.79	-0.01	3	8637	卖盘
10:29:36	28.8	--	2	5760	买盘
10:29:18	28.8	--	4	11520	买盘
10:29:12	28.8	--	18	51840	买盘
10:29:06	28.8	0.02	2	5760	买盘
10:29:00	28.78	-0.02	8	23024	卖盘
10:28:54	28.8	0.02	300	864000	买盘
10:28:48	28.78	--	12	34536	卖盘
10:28:39	28.78	-0.02	18	51804	卖盘
10:28:36	28.8	0.01	1	2880	买盘
10:28:33	28.79	-0.01	6	17274	卖盘
10:28:27	28.8	--	4	11520	买盘
10:28:21	28.8	0.01	2	5760	买盘
10:28:12	28.79	-0.01	5	14395	卖盘
10:28:06	28.8	0.01	3	8640	买盘
10:28:00	28.79	--	1	2879	卖盘
10:27:48	28.79	-0.01	6	17274	卖盘
10:27:36	28.8	--	11	31680	买盘
10:27:30	28.8	0.01	5	14400	买盘
10:27:27	28.79	-0.01	1	2879	卖盘
10:27:06	28.8	-0.03	14	42336	卖盘
10:27:03	28.83	--	1	2883	买盘
10:27:00	28.83	0.01	2	5766	买盘
10:26:57	28.82	--	1	3746	买盘
10:26:48	28.82	-0.02	5	16427	卖盘
10:26:45	28.84	0.02	2	5768	买盘
10:26:39	28.82	-0.02	1	2882	卖盘
10:26:36	28.84	--	1	2884	买盘
10:26:33	28.84	0.02	8	23072	买盘
10:26:30	28.82	-0.02	21	60522	卖盘
10:26:27	28.84	0.02	3	8652	买盘
10:26:24	28.82	-0.01	2	5764	卖盘
10:26:09	28.83	-0.01	1	2883	卖盘
10:26:06	28.84	0.02	2	5768	买盘
10:25:48	28.82	-0.03	24	69168	卖盘
10:25:45	28.85	--	17	49045	买盘
10:25:42	28.85	0.03	1	2885	买盘
10:25:36	28.82	--	8	23056	卖盘
10:25:33	28.82	-0.03	5	14410	卖盘
10:25:30	28.85	0.03	11	31735	买盘
10:25:21	28.82	-0.03	3	8646	卖盘
10:25:18	28.85	--	4	11540	卖盘
10:25:09	28.85	--	4	11540	买盘
10:25:06	28.85	--	8	23080	买盘
10:25:00	28.85	0.03	4	11540	买盘
10:24:51	28.82	--	5	14410	卖盘
10:24:48	28.82	--	7	20174	卖盘
10:24:42	28.82	0.02	127	366878	买盘
10:24:36	28.8	0.01	2	5760	买盘
10:24:27	28.79	-0.01	5	14395	卖盘
10:24:24	28.8	--	3	8640	买盘
10:24:21	28.8	0.01	2	5760	买盘
10:24:12	28.79	--	1	2879	卖盘
10:24:09	28.79	-0.01	6	17274	卖盘
10:24:06	28.8	0.02	1	2880	买盘
10:23:57	28.78	--	12	34536	卖盘
10:23:51	28.78	-0.04	9	25902	卖盘
10:23:36	28.82	0.02	2	5764	买盘
10:23:30	28.8	--	4	11520	买盘
10:23:24	28.8	--	3	8640	买盘
10:23:21	28.8	--	5	14400	买盘
10:23:06	28.8	0.02	7	20160	买盘
10:23:00	28.78	--	10	28780	买盘
10:22:57	28.78	--	1	2878	买盘
10:22:54	28.78	0.01	1	2878	买盘
10:22:51	28.77	-0.01	7	20139	卖盘
10:22:39	28.78	--	2	5756	买盘
10:22:36	28.78	0.01	2	5756	买盘
10:22:18	28.77	--	1	2877	卖盘
10:22:15	28.77	--	6	17262	卖盘
10:22:09	28.77	0.01	52	149604	买盘
10:22:06	28.76	--	1	2876	买盘
10:22:03	28.76	-0.01	86	247336	卖盘
10:22:00	28.77	--	1	2877	买盘
10:21:57	28.77	0.01	1	2877	买盘
10:21:51	28.76	-0.01	6	17256	卖盘
10:21:36	28.77	--	1	2877	买盘
10:21:21	28.77	0.01	2	5754	买盘
10:21:18	28.76	-0.01	10	28760	中性盘
10:21:06	28.77	--	2	5754	买盘
10:20:57	28.77	-0.01	4	11508	卖盘
10:20:51	28.78	0.01	18	51804	买盘
10:20:48	28.77	0.02	8	23016	卖盘
10:20:39	28.75	-0.02	185	531875	卖盘
10:20:36	28.77	--	1	2877	买盘
10:20:27	28.77	--	1	2877	买盘
10:20:18	28.77	--	1	2877	买盘
10:20:09	28.77	--	1	2877	买盘
10:20:06	28.77	0.01	2	5754	买盘
10:20:03	28.76	--	20	57520	卖盘
10:19:51	28.76	--	6	17256	卖盘
10:19:48	28.76	-0.01	8	23008	卖盘
10:19:42	28.77	0.01	1	2877	买盘
10:19:39	28.76	-0.01	7	20132	卖盘
10:19:36	28.77	--	4	11508	买盘
10:19:33	28.77	0.01	2	5754	买盘
10:19:30	28.76	--	4	11504	卖盘
10:19:27	28.76	-0.01	3	8628	卖盘
10:19:21	28.77	0.01	12	34524	买盘
10:19:09	28.76	-0.01	3	8628	卖盘
10:19:06	28.77	0.01	1	2877	买盘
10:18:54	28.76	0.01	12	34512	买盘
10:18:51	28.75	-0.01	7	20125	卖盘
10:18:48	28.76	--	1	2876	买盘
10:18:39	28.76	--	2	5752	买盘
10:18:36	28.76	0.01	3	8628	买盘
10:18:33	28.75	--	5	14375	卖盘
10:18:27	28.75	-0.01	9	25875	卖盘
10:18:24	28.76	0.01	5	14380	买盘
10:18:15	28.75	-0.01	6	17250	卖盘
10:18:06	28.76	--	1	2876	买盘
10:18:03	28.76	--	10	28760	买盘
10:18:00	28.76	-0.01	2	5752	买盘
10:17:54	28.77	0.01	5	14385	买盘
10:17:51	28.76	-0.01	7	20132	卖盘
10:17:48	28.77	--	5	14385	买盘
10:17:45	28.77	0.01	17	48909	买盘
10:17:39	28.76	-0.01	8	23008	卖盘
10:17:36	28.77	0.01	1	2877	买盘
10:17:33	28.76	--	7	20132	买盘
10:17:30	28.76	0.01	3	8628	买盘
10:17:24	28.75	--	5	14375	卖盘
10:17:18	28.75	0.09	12	34500	买盘
10:17:12	28.66	--	1	2866	卖盘
10:17:09	28.66	-0.09	41	117506	卖盘
10:17:06	28.75	0.09	7	20125	买盘
10:17:03	28.66	--	3	8598	卖盘
10:17:00	28.66	0.04	339	971574	买盘
10:16:51	28.62	--	273	781326	买盘
10:16:45	28.62	--	11	31482	买盘
10:16:42	28.62	0.02	1	2862	买盘
10:16:39	28.6	-0.02	9	25740	卖盘
10:16:36	28.62	0.02	1	2862	买盘
10:16:33	28.6	0.05	5	14300	卖盘
10:16:30	28.55	0.04	25	71375	买盘
10:16:27	28.51	-0.04	225	641475	卖盘
10:16:24	28.55	-0.07	173	493915	卖盘
10:16:21	28.62	--	17	48654	买盘
10:16:18	28.62	--	30	85860	买盘
10:16:15	28.62	--	15	42930	买盘
10:16:12	28.62	--	50	143100	买盘
10:16:09	28.62	0.02	17	48654	买盘
10:16:06	28.6	-0.05	306	875160	卖盘
10:16:03	28.65	--	26	74490	卖盘
10:16:00	28.65	-0.01	127	363855	卖盘
10:15:57	28.66	--	33	94578	买盘
10:15:51	28.66	-0.06	153	438498	卖盘
10:15:48	28.72	-0.03	8	22976	卖盘
10:15:45	28.75	--	1	2875	买盘
10:15:42	28.75	--	5	14375	买盘
10:15:39	28.75	--	1505	4326875	买盘
10:15:36	28.75	--	1	2875	买盘
10:15:33	28.75	--	2	5750	买盘
10:15:30	28.75	--	1	2875	买盘
10:15:27	28.75	--	10	28750	买盘
10:15:24	28.75	--	5	14375	买盘
10:15:21	28.75	-0.01	4	11500	卖盘
10:15:15	28.76	0.02	7	20132	卖盘
10:15:12	28.74	-0.02	50	143700	卖盘
10:15:09	28.76	-0.01	16	46016	中性盘
10:15:06	28.77	0.02	13	37401	买盘
10:15:00	28.75	-0.02	67	192625	卖盘
10:14:57	28.77	--	6	17262	买盘
10:14:45	28.77	-0.05	215	618555	卖盘
10:14:42	28.82	--	10	28820	买盘
10:14:36	28.82	0.02	6	17292	买盘
10:14:33	28.8	-0.02	566	1630080	卖盘
10:14:27	28.82	-0.03	354	1022245	卖盘
10:14:12	28.85	-0.01	14	40390	卖盘
10:14:06	28.86	--	2	5772	买盘
10:14:03	28.86	--	5	14430	买盘
10:13:51	28.86	0.01	4	11544	买盘
10:13:48	28.85	-0.01	21	60585	卖盘
10:13:45	28.86	--	26	75036	买盘
10:13:36	28.86	--	4	11544	买盘
10:13:33	28.86	--	6	17316	买盘
10:13:30	28.86	0.01	6	17316	买盘
10:13:15	28.85	-0.01	5	14425	卖盘
10:13:12	28.86	--	14	40404	买盘
10:13:06	28.86	--	6	17316	买盘
10:13:00	28.86	--	2	5772	买盘
10:12:51	28.86	0.01	1	2886	买盘
10:12:48	28.85	-0.01	7	20195	卖盘
10:12:45	28.86	--	5	14430	买盘
10:12:36	28.86	0.01	3	8658	买盘
10:12:21	28.85	0.02	15	43275	买盘
10:12:15	28.83	-0.01	19	54777	卖盘
10:12:12	28.84	0.01	1	2884	中性盘
10:12:03	28.83	--	1	2883	买盘
10:12:00	28.83	0.01	21	60543	买盘
10:11:54	28.82	-0.03	25	72050	卖盘
10:11:48	28.85	--	2	5770	卖盘
10:11:42	28.85	-0.01	1	2885	卖盘
10:11:36	28.86	0.04	2	5772	买盘
10:11:15	28.82	-0.04	40	115280	卖盘
10:11:12	28.86	0.02	10	28860	买盘
10:11:09	28.84	-0.02	6	17304	卖盘
10:11:06	28.86	--	21	60606	买盘
10:11:00	28.86	0.02	55	158730	买盘
10:10:57	28.84	--	2	5768	卖盘
10:10:48	28.84	-0.02	12	34608	卖盘
10:10:42	28.86	--	4	11544	买盘
10:10:36	28.86	0.02	1	2886	买盘
10:10:15	28.84	--	2	5768	买盘
10:10:12	28.84	--	2	5768	买盘
10:10:06	28.84	0.01	3	9517	买盘
10:10:03	28.83	--	13	39497	卖盘
10:09:57	28.83	--	20	58524	买盘
10:09:54	28.83	--	52	149916	买盘
10:09:51	28.83	--	27	79859	卖盘
10:09:42	28.83	-0.03	100	288300	卖盘
10:09:39	28.86	--	17	49062	买盘
10:09:36	28.86	--	11	31746	买盘
10:09:33	28.86	0.02	1	2886	买盘
10:09:21	28.84	-0.02	25	72100	卖盘
10:09:18	28.86	0.02	9	25974	买盘
10:09:15	28.84	-0.02	6	17304	卖盘
10:09:09	28.86	0.01	5	14430	买盘
10:09:06	28.85	0.02	2	5770	买盘
10:08:48	28.83	-0.02	15	43245	卖盘
10:08:39	28.85	0.01	1	2885	买盘
10:08:36	28.84	0.01	1	2884	买盘
10:08:27	28.83	-0.02	3	8649	卖盘
10:08:24	28.85	--	3	8655	买盘
10:08:06	28.85	--	1	2885	买盘
10:07:54	28.85	--	1	2885	买盘
10:07:45	28.85	-0.01	74	213490	卖盘
10:07:36	28.86	--	2	5772	买盘
10:07:30	28.86	0.01	4	11544	买盘
10:07:24	28.85	-0.01	12	34620	卖盘
10:07:18	28.86	--	4	11544	买盘
10:07:12	28.86	--	1	2886	买盘
10:07:09	28.86	--	2	5772	买盘
10:07:06	28.86	0.01	4	11544	买盘
10:07:00	28.85	--	4	11540	卖盘
10:06:57	28.85	--	1	2885	卖盘
10:06:48	28.85	-0.01	15	43275	卖盘
10:06:42	28.86	--	1	2886	买盘
10:06:39	28.86	-0.01	49	141414	卖盘
10:06:36	28.87	0.02	53	153011	买盘
10:06:33	28.85	--	10	28850	卖盘
10:06:30	28.85	--	1	2885	卖盘
10:06:24	28.85	--	3	8655	卖盘
10:06:18	28.85	0.02	5	15290	买盘
10:06:15	28.83	-0.02	101	293201	卖盘
10:06:12	28.85	--	1	2885	买盘
10:06:06	28.85	0.02	1	2885	买盘
10:05:54	28.83	-0.01	103	296949	卖盘
10:05:51	28.84	-0.01	2	5768	中性盘
10:05:48	28.85	0.02	2	5770	中性盘
10:05:30	28.83	-0.03	20	57660	卖盘
10:05:27	28.86	0.03	10	28860	买盘
10:05:24	28.83	--	10	29550	卖盘
10:05:18	28.83	--	15	43245	卖盘
10:05:12	28.83	--	3	8649	卖盘
10:05:09	28.83	-0.02	4	11532	卖盘
10:05:06	28.85	0.02	1	2885	中性盘
10:04:48	28.83	--	7	20181	卖盘
10:04:45	28.83	0.01	9	26091	买盘
10:04:42	28.82	--	9	25938	卖盘
10:04:39	28.82	-0.01	27	77814	卖盘
10:04:36	28.83	--	6	17298	买盘
10:04:33	28.83	--	2	5766	买盘
10:04:30	28.83	--	28	80724	买盘
10:04:27	28.83	--	10	28830	买盘
10:04:24	28.83	-0.03	18	54632	卖盘
10:04:18	28.86	0.03	6	17316	买盘
10:04:15	28.83	--	0	144	买盘
10:04:06	28.83	--	8	23064	买盘
10:04:00	28.83	--	1	2883	买盘
10:03:57	28.83	--	5	14415	买盘
10:03:54	28.83	--	11	31712	买盘
10:03:48	28.83	--	15	43245	买盘
10:03:45	28.83	-0.03	59	172835	卖盘
10:03:42	28.86	-0.01	2	5772	卖盘
10:03:39	28.87	--	1	2887	买盘
10:03:36	28.87	0.01	1	2887	买盘
10:03:27	28.86	--	9	25974	卖盘
10:03:21	28.86	--	1	2886	卖盘
10:03:18	28.86	-0.01	2	5772	中性盘
10:03:15	28.87	0.04	108	311796	买盘
10:03:12	28.83	--	10	28830	卖盘
10:03:03	28.83	--	2	5766	卖盘
10:03:00	28.83	--	14	40362	卖盘
10:02:48	28.83	--	5	14415	卖盘
10:02:45	28.83	--	16	46272	买盘
10:02:36	28.83	--	5	14415	买盘
10:02:24	28.83	-0.04	163	472667	卖盘
10:02:21	28.87	--	7	20209	买盘
10:02:15	28.87	-0.02	107	308909	卖盘
10:02:09	28.89	--	16	46224	买盘
10:02:06	28.89	--	1	2889	买盘
10:02:00	28.89	0.01	1	2889	买盘
10:01:54	28.88	--	6	17328	卖盘
10:01:45	28.88	--	7	20216	卖盘
10:01:42	28.88	-0.01	10	28880	卖盘
10:01:36	28.89	0.01	2	5778	买盘
10:01:33	28.88	0.01	25	72200	买盘
10:01:30	28.87	-0.01	10	28870	中性盘
10:01:21	28.88	0.02	2	5776	买盘
10:01:18	28.86	--	5	14430	卖盘
10:01:15	28.86	-0.02	5	14430	卖盘
10:01:06	28.88	--	1	2888	买盘
10:01:03	28.88	--	2	5776	买盘
10:00:57	28.88	--	5	14440	买盘
10:00:54	28.88	0.02	1	2888	买盘
10:00:51	28.86	-0.02	3	8658	卖盘
10:00:48	28.88	--	2	5776	卖盘
10:00:45	28.88	--	7	20216	卖盘
10:00:39	28.88	-0.01	6	17328	卖盘
10:00:36	28.89	0.03	2	5778	买盘
10:00:09	28.86	-0.02	3	8658	卖盘
10:00:06	28.88	--	1	2888	买盘
10:00:00	28.88	--	3	8664	买盘
09:59:54	28.88	0.02	10	28880	买盘
09:59:48	28.86	--	2	5772	卖盘
09:59:45	28.86	--	7	20202	卖盘
09:59:42	28.86	--	21	60750	买盘
09:59:39	28.86	0.01	6	17316	买盘
09:59:36	28.85	--	3	8655	卖盘
09:59:24	28.85	-0.01	2	5770	卖盘
09:59:21	28.86	--	2	8513	卖盘
09:59:15	28.86	--	100	288600	卖盘
09:59:12	28.86	--	3	8658	卖盘
09:59:09	28.86	-0.02	20	57864	卖盘
09:59:06	28.88	0.01	1	2888	买盘
09:59:03	28.87	--	2	5774	卖盘
09:59:00	28.87	--	12	34644	卖盘
09:58:57	28.87	-0.02	127	366649	卖盘
09:58:54	28.89	0.01	3	8667	中性盘
09:58:51	28.88	--	16	46208	卖盘
09:58:48	28.88	--	47	135736	卖盘
09:58:45	28.88	-0.02	51	147288	卖盘
09:58:42	28.9	--	5	14450	买盘
09:58:39	28.9	--	8	23120	买盘
09:58:36	28.9	0.02	2	5780	买盘
09:58:33	28.88	-0.02	22	63536	卖盘
09:58:30	28.9	--	1	2890	买盘
09:58:21	28.9	--	30	86700	买盘
09:58:18	28.9	--	6	17340	买盘
09:58:15	28.9	--	55	158950	买盘
09:58:12	28.9	--	5	14450	买盘
09:58:09	28.9	-0.04	75	219495	卖盘
09:58:06	28.94	0.01	8	23152	买盘
09:57:54	28.93	0.03	10	28930	买盘
09:57:45	28.9	--	8	23120	卖盘
09:57:39	28.9	-0.02	178	514420	卖盘
09:57:36	28.92	-0.02	5	14460	卖盘
09:57:33	28.94	--	20	57880	买盘
09:57:27	28.94	--	371	1073674	卖盘
09:57:24	28.94	-0.01	13	37622	卖盘
09:57:15	28.95	--	2	5790	买盘
09:57:12	28.95	--	8	23160	买盘
09:57:09	28.95	--	40	115800	买盘
09:57:06	28.95	--	8	23160	买盘
09:57:00	28.95	--	1	2895	买盘
09:56:57	28.95	-0.01	27	80799	卖盘
09:56:54	28.96	0.01	6	17636	买盘
09:56:45	28.95	-0.01	12	34740	卖盘
09:56:42	28.96	--	3	8688	买盘
09:56:36	28.96	0.01	1	2896	买盘
09:56:30	28.95	--	6	17370	卖盘
09:56:24	28.95	--	4	11580	买盘
09:56:21	28.95	--	50	144750	买盘
09:56:15	28.95	--	5	14475	买盘
09:56:12	28.95	--	2	5790	买盘
09:56:06	28.95	0.01	3	8685	买盘
09:56:00	28.94	--	69	199686	卖盘
09:55:57	28.94	0.03	29	83926	买盘
09:55:54	28.91	-0.02	6	17346	卖盘
09:55:45	28.93	-0.01	3	8679	卖盘
09:55:42	28.94	0.03	1	2894	买盘
09:55:36	28.91	--	6	17346	卖盘
09:55:30	28.91	-0.03	84	242844	卖盘
09:55:27	28.94	-0.01	5	14470	卖盘
09:55:18	28.95	--	1	2895	买盘
09:55:15	28.95	--	1	2895	买盘
09:55:12	28.95	0.02	1	2895	买盘
09:55:09	28.93	-0.01	110	318230	卖盘
09:55:06	28.94	0.01	5	14470	中性盘
09:55:03	28.93	-0.02	9	26037	卖盘
09:55:00	28.95	0.01	5	14475	买盘
09:54:51	28.94	--	1	2894	卖盘
09:54:45	28.94	0.01	7	20258	中性盘
09:54:42	28.93	-0.01	27	78111	卖盘
09:54:36	28.94	--	3	8682	买盘
09:54:33	28.94	--	2	5788	买盘
09:54:30	28.94	--	3	8682	买盘
09:54:24	28.94	--	10	28940	买盘
09:54:21	28.94	--	3	8682	卖盘
09:54:12	28.94	--	6	17364	卖盘
09:54:09	28.94	--	2	5788	买盘
09:54:06	28.94	-0.01	2	5788	中性盘
09:53:36	28.95	0.02	1	2895	买盘
09:53:33	28.93	--	2	5786	卖盘
09:53:30	28.93	--	2	5786	卖盘
09:53:27	28.93	--	8	23288	买盘
09:53:21	28.93	--	4	11572	买盘
09:53:06	28.93	0.02	12	34716	买盘
09:53:00	28.91	0.01	8	23128	中性盘
09:52:57	28.9	-0.01	124	358360	卖盘
09:52:45	28.91	--	12	34692	买盘
09:52:42	28.91	--	11	31801	买盘
09:52:36	28.91	--	2	5782	买盘
09:52:33	28.91	0.01	1	2891	买盘
09:52:30	28.9	-0.01	2	5780	卖盘
09:52:27	28.91	--	1	2891	买盘
09:52:21	28.91	-0.04	103	297773	卖盘
09:52:18	28.95	-0.01	12	34740	卖盘
09:52:15	28.96	--	3	8688	买盘
09:52:12	28.96	--	3	11323	卖盘
09:52:09	28.96	--	27	78192	卖盘
09:52:06	28.96	--	49	142164	卖盘
09:51:57	28.96	0.01	21	60816	中性盘
09:51:54	28.95	--	1	2895	卖盘
09:51:51	28.95	--	1	2895	卖盘
09:51:48	28.95	-0.01	23	66585	卖盘
09:51:45	28.96	-0.02	27	78192	卖盘
09:51:42	28.98	-0.01	5	14490	卖盘
09:51:39	28.99	--	1	2899	买盘
09:51:36	28.99	0.01	4	11596	买盘
09:51:33	28.98	-0.01	1	2898	卖盘
09:51:18	28.99	--	13	40151	卖盘
09:51:15	28.99	-0.01	1	2899	卖盘
09:51:12	29.0	0.01	4	11600	买盘
09:51:09	28.99	--	1	2899	卖盘
09:51:06	28.99	-0.01	3	9131	卖盘
09:51:00	29.0	--	87	254939	卖盘
09:50:51	29.0	-0.01	201	585191	卖盘
09:50:48	29.01	-0.02	10	29010	卖盘
09:50:36	29.03	0.02	1	2903	买盘
09:50:30	29.01	-0.02	2	5802	卖盘
09:50:27	29.03	0.02	7	20321	买盘
09:50:24	29.01	-0.02	10	29010	卖盘
09:50:09	29.03	0.01	3	8709	买盘
09:50:06	29.02	--	3	8706	买盘
09:50:03	29.02	--	5	14510	买盘
09:49:57	29.02	--	15	43530	买盘
09:49:36	29.02	--	1	2902	买盘
09:49:33	29.02	-0.01	19	55138	卖盘
09:49:27	29.03	0.01	1	2903	买盘
09:49:21	29.02	-0.01	1	2902	卖盘
09:49:15	29.03	--	89	258367	买盘
09:49:06	29.03	--	2	5806	买盘
09:49:03	29.03	0.01	30	87090	买盘
09:48:57	29.02	--	70	203140	卖盘
09:48:54	29.02	-0.01	1	2902	卖盘
09:48:48	29.03	0.01	2	5806	买盘
09:48:42	29.02	-0.01	2	5804	卖盘
09:48:39	29.03	--	9	26127	买盘
09:48:36	29.03	--	3	8709	买盘
09:48:21	29.03	0.01	2	5806	买盘
09:48:18	29.02	-0.01	3	8706	卖盘
09:48:15	29.03	-0.01	4	11612	中性盘
09:48:06	29.04	0.02	2	5808	买盘
09:48:00	29.02	--	3	8706	卖盘
09:47:51	29.02	-0.01	2	5804	卖盘
09:47:48	29.03	-0.02	14	40642	卖盘
09:47:42	29.05	-0.01	1	2905	中性盘
09:47:36	29.06	0.03	6	17436	买盘
09:47:33	29.03	-0.03	4	11612	卖盘
09:47:30	29.06	0.03	1	2906	买盘
09:47:24	29.03	-0.03	3	8709	卖盘
09:46:57	29.06	--	3	8718	买盘
09:46:54	29.06	--	2	5812	买盘
09:46:45	29.06	0.03	2	5812	中性盘
09:46:33	29.03	0.01	18	52254	卖盘
09:46:27	29.02	--	7	20314	卖盘
09:46:21	29.02	-0.02	73	211846	卖盘
09:46:18	29.04	-0.03	15	43560	卖盘
09:46:12	29.07	0.03	2	5814	买盘
09:46:09	29.04	0.01	4	11616	卖盘
09:46:03	29.03	--	5	14515	卖盘
09:45:54	29.03	-0.04	5	14515	卖盘
09:45:48	29.07	0.02	4	11628	买盘
09:45:36	29.05	0.02	2	5810	买盘
09:45:33	29.03	-0.02	3	8709	卖盘
09:45:30	29.05	0.01	55	159775	买盘
09:45:27	29.04	-0.01	3	8712	卖盘
09:45:21	29.05	--	15	43575	买盘
09:45:12	29.05	0.03	3	8715	买盘
09:45:06	29.02	-0.03	3	8706	卖盘
09:45:00	29.05	--	7	20335	卖盘
09:44:57	29.05	--	4	11620	卖盘
09:44:51	29.05	--	62	180110	卖盘
09:44:48	29.05	--	7	20335	卖盘
09:44:30	29.05	--	5	14525	买盘
09:44:27	29.05	--	1	2905	买盘
09:44:24	29.05	--	4	11620	卖盘
09:44:21	29.05	--	3	8715	中性盘
09:44:09	29.05	0.01	4	11620	买盘
09:44:03	29.04	0.03	2	5808	中性盘
09:43:54	29.01	-0.04	109	316209	卖盘
09:43:51	29.05	--	15	43575	买盘
09:43:42	29.05	0.01	178	517090	买盘
09:43:39	29.04	-0.01	31	90024	卖盘
09:43:36	29.05	--	4	11620	买盘
09:43:30	29.05	--	22	63910	卖盘
09:43:27	29.05	--	4	11620	卖盘
09:43:24	29.05	--	6	17430	卖盘
09:43:15	29.05	--	26	75530	买盘
09:43:12	29.05	0.01	1	2905	买盘
09:43:06	29.04	--	6	17424	卖盘
09:43:00	29.04	--	3	8712	卖盘
09:42:42	29.04	-0.01	10	29040	卖盘
09:42:39	29.05	--	30	87150	卖盘
09:42:30	29.05	--	3	8715	卖盘
09:42:27	29.05	0.01	39	113295	买盘
09:42:21	29.04	--	13	37752	卖盘
09:42:15	29.04	--	2	5808	卖盘
09:42:12	29.04	-0.01	22	63888	卖盘
09:42:09	29.05	--	1	2905	买盘
09:42:06	29.05	0.01	3	8715	买盘
09:42:03	29.04	-0.01	19	55176	卖盘
09:41:36	29.05	0.01	1	2905	买盘
09:41:30	29.04	-0.01	4	11616	卖盘
09:41:27	29.05	0.01	20	58100	买盘
09:41:15	29.04	--	3	8712	卖盘
09:41:12	29.04	--	13	37752	卖盘
09:41:09	29.04	-0.01	4	11616	卖盘
09:41:06	29.05	--	2	5810	买盘
09:41:03	29.05	0.01	1	2905	买盘
09:40:57	29.04	-0.01	5	14520	卖盘
09:40:54	29.05	--	15	43575	买盘
09:40:51	29.05	--	12	34860	买盘
09:40:36	29.05	0.01	37	107485	买盘
09:40:33	29.04	--	5	14520	卖盘
09:40:27	29.04	--	5	14520	卖盘
09:40:24	29.04	-0.01	4	11616	卖盘
09:40:21	29.05	0.01	5	14525	卖盘
09:40:09	29.04	--	14	40656	卖盘
09:40:03	29.04	-0.01	31	90024	卖盘
09:40:00	29.05	0.01	1	2905	买盘
09:39:57	29.04	--	4	11616	卖盘
09:39:54	29.04	--	9	26136	卖盘
09:39:51	29.04	--	75	217800	卖盘
09:39:45	29.04	--	59	171336	卖盘
09:39:39	29.04	--	5	14520	卖盘
09:39:36	29.04	-0.04	157	456799	卖盘
09:39:27	29.08	-0.01	22	63975	卖盘
09:39:18	29.09	--	8	23272	卖盘
09:39:15	29.09	--	5	14545	卖盘
09:39:09	29.09	-0.01	6	17454	卖盘
09:39:06	29.1	0.01	1	2910	中性盘
09:39:00	29.09	-0.01	47	136723	卖盘
09:38:54	29.1	-0.02	5	14550	卖盘
09:38:51	29.12	--	74	215488	卖盘
09:38:39	29.12	--	5	14560	卖盘
09:38:21	29.12	--	1	2912	卖盘
09:38:18	29.12	-0.04	6	17472	卖盘
09:38:15	29.16	--	2	5832	买盘
09:38:09	29.16	0.03	1	2916	买盘
09:38:06	29.13	-0.03	1	2913	卖盘
09:37:57	29.16	--	1	2916	买盘
09:37:54	29.16	-0.02	145	422820	卖盘
09:37:51	29.18	0.02	10	29180	买盘
09:37:42	29.16	-0.02	3	8748	卖盘
09:37:36	29.18	0.02	2	5836	买盘
09:37:33	29.16	--	8	23328	卖盘
09:37:30	29.16	--	6	17496	卖盘
09:37:24	29.16	0.02	4	11664	买盘
09:37:09	29.14	0.02	1	2914	中性盘
09:36:57	29.12	--	29	84448	卖盘
09:36:51	29.12	--	2	5824	卖盘
09:36:48	29.12	-0.03	6	17472	卖盘
09:36:36	29.15	0.02	6	17490	买盘
09:36:33	29.13	--	21	61173	卖盘
09:36:24	29.13	--	8	23304	卖盘
09:36:18	29.13	--	6	17478	卖盘
09:36:15	29.13	-0.02	98	285474	卖盘
09:36:09	29.15	-0.01	6	17490	卖盘
09:36:06	29.16	0.02	12	34992	买盘
09:36:03	29.14	0.01	1	2914	中性盘
09:35:45	29.13	-0.03	5	14565	卖盘
09:35:42	29.16	0.03	2	5832	中性盘
09:35:36	29.13	-0.03	7	20391	卖盘
09:35:27	29.16	0.04	156	454896	买盘
09:35:24	29.12	--	4	11648	卖盘
09:35:18	29.12	-0.04	9	26208	卖盘
09:35:15	29.16	--	3	8748	买盘
09:35:12	29.16	0.04	5	14580	买盘
09:35:06	29.12	-0.07	42	122304	卖盘
09:35:03	29.19	0.03	1	2919	买盘
09:34:57	29.16	--	3	8748	卖盘
09:34:54	29.16	--	1	2916	卖盘
09:34:39	29.16	--	26	75816	买盘
09:34:36	29.16	--	1	2916	买盘
09:34:21	29.16	--	9	26244	卖盘
09:34:15	29.16	--	5	14580	卖盘
09:34:12	29.16	-0.04	4	11664	卖盘
09:34:09	29.2	0.05	2	5840	买盘
09:34:06	29.15	--	1	2915	卖盘
09:34:00	29.15	-0.01	20	58300	卖盘
09:33:54	29.16	-0.04	25	72900	卖盘
09:33:51	29.2	-0.01	2	5840	卖盘
09:33:48	29.21	0.01	8	23368	买盘
09:33:45	29.2	--	9	26280	卖盘
09:33:42	29.2	--	2	5840	卖盘
09:33:39	29.2	--	79	230680	买盘
09:33:36	29.2	0.04	10	29200	买盘
09:33:27	29.16	-0.04	32	93312	卖盘
09:33:24	29.2	--	5	14600	买盘
09:33:15	29.2	--	3	8760	买盘
09:33:12	29.2	--	5	14600	买盘
09:33:09	29.2	-0.01	21	61320	卖盘
09:33:06	29.21	--	1	2921	买盘
09:33:03	29.21	--	1	2921	买盘
09:33:00	29.21	0.01	4	11684	中性盘
09:32:51	29.2	--	11	32120	卖盘
09:32:48	29.2	--	1	2920	卖盘
09:32:42	29.2	0.1	68	198560	买盘
09:32:39	29.1	-0.05	53	154230	卖盘
09:32:36	29.15	0.04	1	2915	卖盘
09:32:33	29.11	--	1	2911	买盘
09:32:30	29.11	-0.07	4	11644	中性盘
09:32:27	29.18	--	0	291	卖盘
09:32:21	29.18	--	3	8754	卖盘
09:32:18	29.18	--	8	23344	卖盘
09:32:15	29.18	0.08	38	113510	买盘
09:32:12	29.1	--	24	69840	卖盘
09:32:03	29.1	--	5	14550	卖盘
09:31:48	29.1	--	3	8730	买盘
09:31:45	29.1	--	20	58200	买盘
09:31:39	29.1	--	27	78570	买盘
09:31:36	29.1	--	2	5820	买盘
09:31:30	29.1	--	23	66930	买盘
09:31:27	29.1	--	6	17460	买盘
09:31:18	29.1	0.02	100	291000	买盘
09:31:06	29.08	-0.1	1	2908	中性盘
09:30:51	29.18	0.1	7	20426	买盘
09:30:48	29.08	-0.1	50	145400	卖盘
09:30:42	29.18	0.1	42	122556	买盘
09:30:27	29.08	--	1	2908	卖盘
09:30:21	29.08	--	3	8724	卖盘
09:30:18	29.08	--	1	2908	卖盘
09:30:12	29.08	-0.1	1	2908	卖盘
09:30:09	29.18	0.1	8	23344	买盘
09:30:06	29.08	-0.1	85	247180	中性盘
09:30:03	29.18	--	0	0	买盘
09:25:03	29.18	29.18	38	110884	买盘
