成交时间	成交价	价格变动	成交量(手)	成交额(元)	性质
15:00:03	17.95	--	2009	3606155	卖盘
14:57:03	17.95	--	77	138215	卖盘
14:57:00	17.95	-0.01	115	206425	卖盘
14:56:57	17.96	--	64	114944	买盘
14:56:54	17.96	--	16	28736	买盘
14:56:51	17.96	--	125	224500	买盘
14:56:48	17.96	--	112	201152	买盘
14:56:45	17.96	0.01	12	21552	买盘
14:56:42	17.95	-0.01	16	28720	卖盘
14:56:39	17.96	0.01	7	12572	买盘
14:56:36	17.95	--	12	21540	卖盘
14:56:33	17.95	-0.01	36	64620	卖盘
14:56:30	17.96	0.01	117	210132	买盘
14:56:27	17.95	--	10	17950	卖盘
14:56:24	17.95	--	14	25130	买盘
14:56:21	17.95	--	26	46670	买盘
14:56:18	17.95	0.01	88	157960	买盘
14:56:15	17.94	-0.01	55	98670	卖盘
14:56:12	17.95	0.01	66	118470	买盘
14:56:09	17.94	--	31	55614	卖盘
14:56:06	17.94	--	34	60996	卖盘
14:56:03	17.94	--	266	477204	买盘
14:56:00	17.94	--	10	17940	买盘
14:55:57	17.94	0.01	24	43056	买盘
14:55:54	17.93	-0.01	42	75306	卖盘
14:55:51	17.94	--	103	184782	卖盘
14:55:48	17.94	--	22	39468	卖盘
14:55:45	17.94	0.01	52	93288	买盘
14:55:42	17.93	-0.01	22	39446	卖盘
14:55:39	17.94	--	47	84318	买盘
14:55:36	17.94	--	39	69966	买盘
14:55:33	17.94	--	25	44850	买盘
14:55:30	17.94	0.01	45	80730	买盘
14:55:27	17.93	-0.01	26	46618	卖盘
14:55:24	17.94	--	95	170430	买盘
14:55:18	17.94	--	44	78936	卖盘
14:55:15	17.94	0.01	82	147108	中性盘
14:55:12	17.93	-0.01	67	120131	卖盘
14:55:09	17.94	-0.01	128	229632	卖盘
14:55:06	17.95	0.01	51	91545	买盘
14:55:03	17.94	-0.01	272	487968	卖盘
14:55:00	17.95	--	23	41285	买盘
14:54:57	17.95	--	58	104110	买盘
14:54:54	17.95	0.01	87	156165	买盘
14:54:51	17.94	-0.01	7	12558	卖盘
14:54:48	17.95	--	1	1795	买盘
14:54:45	17.95	--	50	89750	买盘
14:54:42	17.95	--	7	12565	买盘
14:54:39	17.95	-0.01	1	1795	中性盘
14:54:36	17.96	0.01	140	252212	买盘
14:54:33	17.95	-0.01	2	3590	卖盘
14:54:30	17.96	0.01	146	262216	买盘
14:54:27	17.95	-0.01	26	46670	卖盘
14:54:24	17.96	0.01	59	105964	买盘
14:54:21	17.95	-0.01	27	48465	卖盘
14:54:18	17.96	--	91	163436	买盘
14:54:15	17.96	0.01	13	23348	买盘
14:54:09	17.95	-0.01	11	19745	卖盘
14:54:06	17.96	--	33	59268	买盘
14:54:03	17.96	--	89	159844	买盘
14:54:00	17.96	--	15	26940	买盘
14:53:57	17.96	--	49	88004	买盘
14:53:54	17.96	0.01	28	50288	买盘
14:53:51	17.95	-0.01	36	64620	卖盘
14:53:48	17.96	--	7	12572	买盘
14:53:45	17.96	--	39	70044	买盘
14:53:42	17.96	--	8	14368	买盘
14:53:39	17.96	--	12	21552	买盘
14:53:36	17.96	--	57	102372	卖盘
14:53:33	17.96	--	80	143680	卖盘
14:53:30	17.96	--	6	10776	卖盘
14:53:27	17.96	--	55	98780	卖盘
14:53:24	17.96	--	7	12572	卖盘
14:53:18	17.96	-0.01	65	116740	卖盘
14:53:12	17.97	0.01	67	120398	买盘
14:53:09	17.96	--	14	25144	卖盘
14:53:06	17.96	--	12	21552	卖盘
14:53:03	17.96	--	30	53880	卖盘
14:53:00	17.96	--	59	105964	卖盘
14:52:57	17.96	--	37	66452	卖盘
14:52:51	17.96	--	10	17960	卖盘
14:52:48	17.96	-0.01	7	12572	卖盘
14:52:42	17.97	0.01	27	48519	买盘
14:52:39	17.96	--	11	19756	卖盘
14:52:36	17.96	--	39	70044	卖盘
14:52:30	17.96	--	51	91596	卖盘
14:52:27	17.96	--	118	211928	卖盘
14:52:24	17.96	--	77	138292	卖盘
14:52:21	17.96	--	301	540596	买盘
14:52:18	17.96	--	91	163436	买盘
14:52:15	17.96	0.01	10	17960	买盘
14:52:12	17.95	--	95	170525	卖盘
14:52:09	17.95	-0.01	2	3590	卖盘
14:52:06	17.96	--	17	30532	买盘
14:52:03	17.96	--	201	360996	买盘
14:52:00	17.96	0.01	30	53880	买盘
14:51:57	17.95	--	29	52055	卖盘
14:51:54	17.95	-0.01	21	37695	卖盘
14:51:51	17.96	--	7	12572	买盘
14:51:48	17.96	--	48	86208	买盘
14:51:45	17.96	--	21	37716	买盘
14:51:42	17.96	0.01	28	50288	买盘
14:51:39	17.95	-0.02	509	913655	卖盘
14:51:36	17.97	--	10	17970	买盘
14:51:33	17.97	0.01	4	7188	买盘
14:51:30	17.96	--	130	233480	卖盘
14:51:27	17.96	--	12	21552	卖盘
14:51:24	17.96	-0.01	51	91596	卖盘
14:51:21	17.97	0.01	39	70083	买盘
14:51:18	17.96	-0.01	17	30532	卖盘
14:51:15	17.97	0.01	15	26955	买盘
14:51:12	17.96	-0.01	2	3592	卖盘
14:51:09	17.97	0.01	47	84459	买盘
14:51:06	17.96	-0.01	6	10776	卖盘
14:51:03	17.97	0.01	20	35940	中性盘
14:51:00	17.96	-0.01	126	226296	卖盘
14:50:57	17.97	--	8	14376	买盘
14:50:54	17.97	--	21	37737	买盘
14:50:51	17.97	--	23	41331	买盘
14:50:48	17.97	--	17	30548	买盘
14:50:45	17.97	--	264	474407	卖盘
14:50:42	17.97	--	293	526521	卖盘
14:50:39	17.97	--	13	23361	卖盘
14:50:36	17.97	--	2	3594	卖盘
14:50:30	17.97	--	135	242594	买盘
14:50:27	17.97	--	5	8985	买盘
14:50:24	17.97	--	55	98835	买盘
14:50:21	17.97	-0.01	58	104226	卖盘
14:50:18	17.98	0.01	9	16182	买盘
14:50:15	17.97	--	58	104226	卖盘
14:50:12	17.97	--	1	1797	卖盘
14:50:09	17.97	-0.01	13	23361	卖盘
14:50:06	17.98	0.01	13	23374	买盘
14:50:03	17.97	-0.01	37	66489	卖盘
14:50:00	17.98	0.01	13	23374	买盘
14:49:57	17.97	0.01	10	17970	卖盘
14:49:54	17.96	-0.01	26	47504	卖盘
14:49:51	17.97	--	15	26955	买盘
14:49:48	17.97	--	26	46722	买盘
14:49:42	17.97	--	43	77271	买盘
14:49:39	17.97	--	7	12579	买盘
14:49:36	17.97	--	65	116804	买盘
14:49:33	17.97	--	3	5391	买盘
14:49:30	17.97	--	7	12579	买盘
14:49:27	17.97	--	11	19767	买盘
14:49:24	17.97	--	48	86256	买盘
14:49:21	17.97	--	15	26955	买盘
14:49:18	17.97	--	23	41331	买盘
14:49:15	17.97	--	5	8985	买盘
14:49:12	17.97	0.01	105	188685	买盘
14:49:09	17.96	-0.01	16	28736	卖盘
14:49:06	17.97	--	15	26955	买盘
14:49:03	17.97	--	70	125789	买盘
14:49:00	17.97	0.01	11	19767	买盘
14:48:57	17.96	-0.01	30	53880	卖盘
14:48:54	17.97	--	5	8985	买盘
14:48:51	17.97	--	13	23361	买盘
14:48:48	17.97	-0.02	87	156339	卖盘
14:48:45	17.99	--	27	48572	卖盘
14:48:42	17.99	--	9	16190	卖盘
14:48:39	17.99	0.01	40	71960	买盘
14:48:36	17.98	--	3	5394	买盘
14:48:33	17.98	--	35	62930	买盘
14:48:30	17.98	--	23	41354	买盘
14:48:27	17.98	-0.01	30	53940	卖盘
14:48:24	17.99	0.01	8	14391	买盘
14:48:21	17.98	--	10	17980	买盘
14:48:18	17.98	--	64	115072	卖盘
14:48:15	17.98	--	35	62930	卖盘
14:48:12	17.98	--	12	21576	卖盘
14:48:06	17.98	--	6	10788	卖盘
14:48:03	17.98	--	13	23374	卖盘
14:48:00	17.98	0.02	2	3596	中性盘
14:47:54	17.96	-0.02	356	639376	卖盘
14:47:51	17.98	--	6	10788	卖盘
14:47:48	17.98	--	5	8990	卖盘
14:47:45	17.98	0.01	21	37758	卖盘
14:47:42	17.97	--	49	88053	卖盘
14:47:39	17.97	-0.01	8	14376	卖盘
14:47:36	17.98	--	8	14384	买盘
14:47:30	17.98	-0.01	41	73718	卖盘
14:47:27	17.99	0.01	17	30582	买盘
14:47:18	17.98	--	2	3596	买盘
14:47:15	17.98	--	51	91698	买盘
14:47:12	17.98	--	7	12586	买盘
14:47:06	17.98	--	10	17980	买盘
14:47:03	17.98	--	7	12586	卖盘
14:46:54	17.98	0.01	58	104284	买盘
14:46:51	17.97	-0.01	12	21564	中性盘
14:46:48	17.98	0.02	26	46748	买盘
14:46:45	17.96	-0.02	1	1796	卖盘
14:46:36	17.98	--	38	68324	买盘
14:46:33	17.98	--	2	3596	买盘
14:46:30	17.98	--	58	104284	买盘
14:46:24	17.98	--	10	17980	买盘
14:46:21	17.98	-0.02	15	26970	中性盘
14:46:18	18.0	0.01	643	1157400	买盘
14:46:15	17.99	--	32	57567	卖盘
14:46:12	17.99	--	1	1798	卖盘
14:46:09	17.99	--	4	7195	卖盘
14:46:06	17.99	-0.01	5	8995	卖盘
14:46:03	18.0	0.02	1	1800	买盘
14:46:00	17.98	-0.02	114	204972	卖盘
14:45:54	18.0	0.01	95	171000	买盘
14:45:51	17.99	0.01	7	12592	买盘
14:45:48	17.98	-0.01	30	53940	卖盘
14:45:45	17.99	--	56	100743	卖盘
14:45:42	17.99	--	55	98944	卖盘
14:45:39	17.99	-0.01	22	39578	卖盘
14:45:33	18.0	0.01	3	5400	买盘
14:45:30	17.99	--	160	287840	卖盘
14:45:27	17.99	-0.01	48	86351	卖盘
14:45:21	18.0	--	32	57600	买盘
14:45:18	18.0	0.01	3	5400	买盘
14:45:15	17.99	-0.01	244	438955	卖盘
14:45:12	18.0	-0.01	10	18000	中性盘
14:45:09	18.01	0.01	16	28816	买盘
14:45:03	18.0	--	26	46800	买盘
14:45:00	18.0	--	105	190098	卖盘
14:44:57	18.0	--	10	18000	卖盘
14:44:54	18.0	--	43	77400	卖盘
14:44:51	18.0	--	132	237600	卖盘
14:44:48	18.0	-0.01	176	316800	卖盘
14:44:45	18.01	0.01	67	120667	买盘
14:44:42	18.0	-0.01	31	55800	卖盘
14:44:39	18.01	0.01	10	18010	买盘
14:44:36	18.0	--	232	417600	卖盘
14:44:33	18.0	--	15	27000	卖盘
14:44:30	18.0	--	10	18000	卖盘
14:44:27	18.0	--	116	208800	卖盘
14:44:24	18.0	--	3	5400	卖盘
14:44:21	18.0	--	2	3600	卖盘
14:44:15	18.0	--	3	5400	卖盘
14:44:12	18.0	--	24	43200	卖盘
14:44:09	18.0	--	42	75600	卖盘
14:44:00	18.0	--	6	10800	卖盘
14:43:57	18.0	--	277	498600	卖盘
14:43:54	18.0	-0.01	26	46800	卖盘
14:43:51	18.01	--	12	21612	买盘
14:43:48	18.01	0.01	5	9005	买盘
14:43:45	18.0	-0.01	64	115200	卖盘
14:43:42	18.01	--	5	9005	买盘
14:43:39	18.01	--	54	97254	买盘
14:43:33	18.01	--	5	9005	买盘
14:43:30	18.01	--	212	381812	卖盘
14:43:27	18.01	-0.01	15	27015	卖盘
14:43:24	18.02	0.01	9	16218	买盘
14:43:21	18.01	--	62	111662	卖盘
14:43:18	18.01	--	31	55831	卖盘
14:43:15	18.01	--	5	9005	卖盘
14:43:12	18.01	-0.01	1	1801	卖盘
14:43:09	18.02	0.01	9	16218	买盘
14:43:06	18.01	--	3	5403	卖盘
14:43:00	18.01	-0.01	114	205314	卖盘
14:42:57	18.02	--	1	1802	买盘
14:42:48	18.02	--	7	12614	买盘
14:42:42	18.02	-0.01	11	19822	卖盘
14:42:33	18.03	--	25	45075	买盘
14:42:27	18.03	--	84	151452	卖盘
14:42:21	18.03	--	5	9015	卖盘
14:42:18	18.03	--	22	39666	卖盘
14:42:15	18.03	--	24	43272	买盘
14:42:12	18.03	--	7	12621	买盘
14:42:06	18.03	--	11	19833	买盘
14:42:03	18.03	--	343	618429	买盘
14:41:57	18.03	--	3	5409	卖盘
14:41:54	18.03	-0.01	28	50484	卖盘
14:41:51	18.04	--	25	45100	买盘
14:41:48	18.04	0.01	12	21648	买盘
14:41:45	18.03	--	11	19833	卖盘
14:41:36	18.03	--	1	1803	卖盘
14:41:33	18.03	--	48	86544	买盘
14:41:30	18.03	--	4	7212	买盘
14:41:27	18.03	-0.01	4	7212	卖盘
14:41:24	18.04	0.01	52	93808	买盘
14:41:18	18.03	--	86	155058	卖盘
14:41:15	18.03	--	18	32454	卖盘
14:41:12	18.03	--	8	14424	卖盘
14:41:09	18.03	--	81	146043	卖盘
14:41:06	18.03	0.01	58	104574	买盘
14:41:03	18.02	--	13	23426	卖盘
14:41:00	18.02	--	10	18020	卖盘
14:40:57	18.02	--	38	68476	卖盘
14:40:51	18.02	-0.01	53	95506	卖盘
14:40:48	18.03	--	12	21636	买盘
14:40:39	18.03	0.01	20	36060	买盘
14:40:36	18.02	--	82	147764	卖盘
14:40:27	18.02	-0.01	1	1802	卖盘
14:40:24	18.03	--	2	3606	卖盘
14:40:21	18.03	--	9	16227	卖盘
14:40:18	18.03	0.01	2	3606	中性盘
14:40:06	18.02	-0.01	5	9010	卖盘
14:40:03	18.03	0.01	10	18030	中性盘
14:39:57	18.02	--	30	54060	卖盘
14:39:48	18.02	--	1	1802	卖盘
14:39:45	18.02	-0.02	42	75684	卖盘
14:39:33	18.04	0.02	3	5412	买盘
14:39:30	18.02	--	31	55862	卖盘
14:39:21	18.02	-0.02	10	18020	卖盘
14:39:18	18.04	0.02	3	5412	买盘
14:39:15	18.02	-0.01	30	54060	卖盘
14:39:12	18.03	-0.01	1	1803	卖盘
14:39:09	18.04	--	10	18040	买盘
14:39:00	18.04	0.02	1	1804	买盘
14:38:57	18.02	--	1	1802	卖盘
14:38:51	18.02	--	1	1802	卖盘
14:38:48	18.02	-0.02	5	9010	卖盘
14:38:45	18.04	0.02	22	39688	买盘
14:38:42	18.02	--	1	1802	买盘
14:38:39	18.02	--	2	3604	买盘
14:38:36	18.02	-0.02	2	3604	卖盘
14:38:24	18.04	--	5	9020	买盘
14:38:21	18.04	0.03	102	184008	买盘
14:38:18	18.01	-0.01	101	181901	卖盘
14:38:12	18.02	-0.02	2	3604	卖盘
14:38:06	18.04	0.02	6	10824	买盘
14:38:03	18.02	-0.01	11	19822	卖盘
14:38:00	18.03	--	9	16227	买盘
14:37:57	18.03	--	1	1803	卖盘
14:37:51	18.03	0.01	104	187512	中性盘
14:37:48	18.02	--	30	54060	卖盘
14:37:39	18.02	-0.03	65	117130	卖盘
14:37:24	18.05	0.02	20	36100	买盘
14:37:18	18.03	--	5	9015	买盘
14:37:15	18.03	-0.02	27	48681	卖盘
14:37:09	18.05	0.02	22	39710	买盘
14:37:06	18.03	-0.02	30	54090	卖盘
14:37:03	18.05	--	3	5415	买盘
14:36:45	18.05	--	25	45125	卖盘
14:36:42	18.05	--	6	10830	卖盘
14:36:39	18.05	--	5	9025	卖盘
14:36:30	18.05	--	46	83030	卖盘
14:36:27	18.05	--	5	9025	卖盘
14:36:21	18.05	--	5	9025	卖盘
14:36:18	18.05	0.02	7	12635	买盘
14:36:15	18.03	--	2	3606	买盘
14:36:12	18.03	-0.02	4	7212	卖盘
14:36:03	18.05	0.02	6	10830	买盘
14:35:57	18.03	-0.02	1	1803	卖盘
14:35:54	18.05	0.03	1	1805	买盘
14:35:39	18.02	--	1	1802	卖盘
14:35:18	18.02	-0.04	4	7208	卖盘
14:35:12	18.06	0.03	300	541800	买盘
14:34:54	18.03	--	29	52287	卖盘
14:34:51	18.03	--	6	10818	卖盘
14:34:45	18.03	--	11	19833	买盘
14:34:42	18.03	-0.01	1	1803	中性盘
14:34:30	18.04	0.03	53	95612	买盘
14:34:27	18.01	-0.03	397	714997	卖盘
14:34:24	18.04	0.01	58	104632	买盘
14:34:12	18.03	--	3	5409	卖盘
14:34:06	18.03	--	3	5409	卖盘
14:34:03	18.03	--	2	3984	卖盘
14:33:57	18.03	--	15	27045	卖盘
14:33:54	18.03	--	33	59499	卖盘
14:33:51	18.03	--	1	1803	卖盘
14:33:39	18.03	--	6	10818	卖盘
14:33:36	18.03	--	20	36060	卖盘
14:33:33	18.03	--	10	18030	买盘
14:33:30	18.03	--	3	5409	买盘
14:33:24	18.03	--	2	3606	买盘
14:33:18	18.03	--	13	23439	买盘
14:33:09	18.03	--	54	97362	买盘
14:33:06	18.03	-0.02	58	104574	卖盘
14:33:03	18.05	0.02	3	5415	买盘
14:33:00	18.03	-0.01	42	75726	卖盘
14:32:57	18.04	--	5	9020	卖盘
14:32:51	18.04	--	9	16236	买盘
14:32:45	18.04	--	12	21648	买盘
14:32:42	18.04	--	11	19844	买盘
14:32:39	18.04	0.01	2	3608	买盘
14:32:36	18.03	--	8	14424	卖盘
14:32:33	18.03	-0.02	2	3606	卖盘
14:32:27	18.05	0.01	10	18050	买盘
14:32:18	18.04	-0.01	4	7216	卖盘
14:32:12	18.05	--	10	18050	买盘
14:32:06	18.05	--	58	106115	卖盘
14:32:00	18.05	-0.01	10	18050	卖盘
14:31:51	18.06	--	6	10836	买盘
14:31:45	18.06	--	27	48762	买盘
14:31:42	18.06	--	50	90300	买盘
14:31:33	18.06	--	69	124613	卖盘
14:31:30	18.06	--	10	18060	卖盘
14:31:27	18.06	-0.01	22	39732	卖盘
14:31:24	18.07	--	35	63245	买盘
14:31:21	18.07	0.01	7	12649	买盘
14:31:18	18.06	--	45	81270	卖盘
14:31:15	18.06	-0.01	36	65015	卖盘
14:31:09	18.07	0.01	7	12649	买盘
14:31:03	18.06	-0.01	10	18060	卖盘
14:30:57	18.07	0.02	34	61438	买盘
14:30:51	18.05	--	0	379	卖盘
14:30:48	18.05	0.03	10	18050	卖盘
14:30:45	18.02	-0.05	200	360400	卖盘
14:30:42	18.07	--	6	10842	买盘
14:30:39	18.07	0.02	25	45175	买盘
14:30:30	18.05	-0.01	30	54150	卖盘
14:30:21	18.06	0.02	23	41538	买盘
14:30:15	18.04	-0.01	13	23452	卖盘
14:30:06	18.05	0.01	1	1805	买盘
14:30:00	18.04	--	2	3608	卖盘
14:29:57	18.04	--	9	16236	卖盘
14:29:51	18.04	--	28	50512	卖盘
14:29:48	18.04	--	6	10824	卖盘
14:29:36	18.04	--	1	1804	卖盘
14:29:30	18.04	--	6	10824	卖盘
14:29:27	18.04	--	1	1804	卖盘
14:29:24	18.04	--	35	63140	买盘
14:29:18	18.04	0.02	5	9020	买盘
14:29:15	18.02	-0.02	347	625294	卖盘
14:29:03	18.04	--	1	1804	买盘
14:29:00	18.04	--	10	18040	买盘
14:28:57	18.04	--	8	14432	买盘
14:28:51	18.04	--	42	75768	卖盘
14:28:45	18.04	--	1	1804	卖盘
14:28:39	18.04	-0.02	31	55924	卖盘
14:28:36	18.06	0.01	1	1805	买盘
14:28:33	18.05	0.02	2	3610	中性盘
14:28:18	18.03	--	4	7212	卖盘
14:28:15	18.03	--	10	18030	卖盘
14:28:09	18.03	-0.04	10	18030	卖盘
14:27:57	18.07	0.04	13	23491	买盘
14:27:54	18.03	--	22	39666	卖盘
14:27:48	18.03	-0.02	0	504	卖盘
14:27:45	18.05	--	11	19855	中性盘
14:27:36	18.05	-0.03	7	12635	卖盘
14:27:33	18.08	0.03	44	79551	买盘
14:27:30	18.05	-0.02	2	3610	卖盘
14:27:27	18.07	--	20	36392	卖盘
14:27:24	18.07	--	8	14456	卖盘
14:27:18	18.07	0.01	41	75641	买盘
14:27:15	18.06	0.03	28	50568	买盘
14:27:12	18.03	-0.03	10	18030	中性盘
14:26:57	18.06	0.01	50	90300	买盘
14:26:51	18.05	--	10	18050	买盘
14:26:48	18.05	--	26	46930	买盘
14:26:45	18.05	0.04	2	3610	买盘
14:26:42	18.01	-0.05	222	400074	卖盘
14:26:39	18.06	--	11	19866	买盘
14:26:36	18.06	--	6	10836	买盘
14:26:33	18.06	--	2	3611	买盘
14:26:30	18.06	--	1	1805	买盘
14:26:27	18.06	0.01	2	3611	中性盘
14:26:18	18.05	-0.03	104	187720	卖盘
14:26:15	18.08	0.02	10	18080	买盘
14:26:12	18.06	-0.01	2	3611	卖盘
14:26:06	18.07	0.01	24	43368	买盘
14:25:48	18.06	--	12	21672	卖盘
14:25:45	18.06	--	3	5418	卖盘
14:25:42	18.06	0.01	91	164346	买盘
14:25:36	18.05	--	12	21660	卖盘
14:25:33	18.05	--	12	21660	卖盘
14:25:30	18.05	-0.01	10	18050	卖盘
14:25:27	18.06	--	25	45150	买盘
14:25:24	18.06	--	1	1805	买盘
14:25:18	18.06	--	10	18060	买盘
14:25:09	18.06	--	15	27089	卖盘
14:25:06	18.06	-0.01	12	21672	卖盘
14:25:00	18.07	0.01	10	18070	买盘
14:24:57	18.06	-0.01	10	18060	卖盘
14:24:54	18.07	0.01	36	65052	买盘
14:24:48	18.06	--	4	7223	卖盘
14:24:42	18.06	0.01	31	55985	买盘
14:24:39	18.05	--	294	531410	卖盘
14:24:36	18.05	-0.02	2	3610	卖盘
14:24:33	18.07	0.01	10	18070	买盘
14:24:27	18.06	--	57	102941	买盘
14:24:21	18.06	--	178	321468	卖盘
14:24:18	18.06	-0.01	5	9030	卖盘
14:24:12	18.07	--	5	9035	买盘
14:24:09	18.07	0.01	5	9035	买盘
14:24:06	18.06	-0.01	13	23478	卖盘
14:24:03	18.07	0.01	6	10842	买盘
14:24:00	18.06	-0.01	36	65015	卖盘
14:23:57	18.07	--	5	9035	买盘
14:23:54	18.07	--	3	5421	买盘
14:23:51	18.07	--	100	180700	买盘
14:23:48	18.07	--	25	45175	买盘
14:23:42	18.07	--	4	7228	买盘
14:23:36	18.07	-0.01	118	213226	卖盘
14:23:33	18.08	--	41	74128	卖盘
14:23:30	18.08	--	1	1807	中性盘
14:23:18	18.08	--	50	90399	买盘
14:23:15	18.08	--	12	21695	买盘
14:23:12	18.08	--	36	65087	卖盘
14:23:09	18.08	--	2	3615	卖盘
14:23:06	18.08	--	7	12655	卖盘
14:23:03	18.08	--	16	28927	卖盘
14:22:54	18.08	--	247	446575	买盘
14:22:45	18.08	0.01	19	34352	买盘
14:22:42	18.07	-0.01	2	3614	买盘
14:22:33	18.08	0.01	5	9040	买盘
14:22:30	18.07	-0.01	36	65052	卖盘
14:22:24	18.08	--	24	43391	买盘
14:22:21	18.08	0.01	12	21695	买盘
14:22:18	18.07	--	17	30719	卖盘
14:22:15	18.07	-0.01	4	7228	卖盘
14:22:12	18.08	--	69	124751	买盘
14:22:09	18.08	--	25	45199	买盘
14:22:06	18.08	--	2	3615	买盘
14:22:00	18.08	--	20	36160	买盘
14:21:57	18.08	-0.01	4	7231	卖盘
14:21:54	18.09	0.02	13	23517	买盘
14:21:42	18.07	-0.01	115	207805	卖盘
14:21:39	18.08	-0.01	10	18080	卖盘
14:21:36	18.09	0.01	26	47034	买盘
14:21:33	18.08	--	17	30735	买盘
14:21:30	18.08	-0.01	13	23503	卖盘
14:21:24	18.09	0.01	20	36180	买盘
14:21:21	18.08	--	10	18080	卖盘
14:21:18	18.08	-0.01	12	21695	卖盘
14:21:12	18.09	0.01	5	9045	买盘
14:21:09	18.08	--	120	216959	卖盘
14:21:06	18.08	--	10	18080	卖盘
14:21:03	18.08	-0.01	1	1807	卖盘
14:21:00	18.09	0.01	25	45225	买盘
14:20:57	18.08	--	2	3615	卖盘
14:20:54	18.08	-0.01	12	21695	卖盘
14:20:51	18.09	0.01	200	361800	买盘
14:20:48	18.08	--	55	99439	卖盘
14:20:42	18.08	--	46	83167	卖盘
14:20:36	18.08	--	1	1807	卖盘
14:20:33	18.08	0.01	10	18080	买盘
14:20:24	18.07	-0.02	20	36140	卖盘
14:20:21	18.09	0.01	20	36180	买盘
14:20:18	18.08	--	5	9040	买盘
14:20:12	18.08	0.01	1	1807	买盘
14:20:09	18.07	-0.01	14	25298	卖盘
14:20:06	18.08	-0.01	2	3615	中性盘
14:19:57	18.09	0.01	108	195372	买盘
14:19:54	18.08	--	5	9040	卖盘
14:19:51	18.08	-0.01	1	1807	卖盘
14:19:48	18.09	0.01	8	14472	买盘
14:19:45	18.08	-0.01	5	9040	卖盘
14:19:42	18.09	0.01	13	23517	买盘
14:19:36	18.08	--	30	54239	买盘
14:19:30	18.08	--	3	5423	买盘
14:19:24	18.08	-0.01	23	42759	卖盘
14:19:21	18.09	0.01	14	25326	买盘
14:19:18	18.08	-0.01	13	23503	卖盘
14:19:15	18.09	0.01	74	134661	买盘
14:19:12	18.08	--	69	124751	卖盘
14:19:09	18.08	--	10	18080	卖盘
14:19:06	18.08	--	116	209727	卖盘
14:19:00	18.08	--	50	90399	卖盘
14:18:57	18.08	-0.01	45	81359	卖盘
14:18:54	18.09	0.01	71	128439	买盘
14:18:51	18.08	-0.01	5	9040	卖盘
14:18:48	18.09	--	22	40612	买盘
14:18:45	18.09	0.01	1	1809	买盘
14:18:42	18.08	-0.01	8	14463	卖盘
14:18:39	18.09	--	14	25326	买盘
14:18:36	18.09	0.01	9	16281	买盘
14:18:30	18.08	-0.01	38	69535	卖盘
14:18:27	18.09	--	5	9045	买盘
14:18:21	18.09	--	112	204181	卖盘
14:18:18	18.09	--	31	56079	卖盘
14:18:15	18.09	-0.01	3	5427	卖盘
14:18:12	18.1	0.01	31	56110	买盘
14:18:09	18.09	--	15	27135	卖盘
14:18:06	18.09	--	160	289440	卖盘
14:18:03	18.09	--	51	93073	卖盘
14:18:00	18.09	--	101	183939	买盘
14:17:57	18.09	--	48	86832	买盘
14:17:54	18.09	--	8	14472	买盘
14:17:48	18.09	--	30	54270	买盘
14:17:45	18.09	--	82	148338	买盘
14:17:42	18.09	--	36	65124	买盘
14:17:39	18.09	--	11	19899	买盘
14:17:36	18.09	--	10	18090	买盘
14:17:33	18.09	--	6	10854	买盘
14:17:30	18.09	--	3	5427	买盘
14:17:21	18.09	0.01	117	211653	买盘
14:17:18	18.08	0.01	5	9040	买盘
14:17:09	18.07	0.01	52	93964	买盘
14:17:00	18.06	--	32	57791	买盘
14:16:57	18.06	0.01	1	1805	买盘
14:16:48	18.05	--	131	237267	买盘
14:16:45	18.05	--	38	68590	买盘
14:16:42	18.05	--	6	10830	买盘
14:16:39	18.05	--	71	128967	买盘
14:16:36	18.05	0.02	17	30685	买盘
14:16:27	18.03	-0.02	74	134233	卖盘
14:16:24	18.05	0.01	63	113715	买盘
14:16:15	18.04	0.01	100	180400	买盘
14:16:12	18.03	--	31	55893	买盘
14:16:09	18.03	--	15	27045	买盘
14:16:06	18.03	--	10	18030	买盘
14:16:03	18.03	0.01	30	54090	买盘
14:15:51	18.02	--	32	58474	买盘
14:15:48	18.02	--	118	213446	买盘
14:15:42	18.02	--	23	41446	买盘
14:15:39	18.02	--	19	34238	买盘
14:15:33	18.02	0.01	1	1802	买盘
14:15:27	18.01	-0.01	2	3602	中性盘
14:15:24	18.02	0.02	7	12614	买盘
14:15:21	18.0	-0.01	18	33210	卖盘
14:15:18	18.01	-0.01	5	9005	中性盘
14:15:15	18.02	0.01	50	90100	买盘
14:15:09	18.01	--	10	18010	买盘
14:15:00	18.01	--	2	3602	买盘
14:14:57	18.01	--	5	9005	买盘
14:14:54	18.01	-0.01	6	11796	卖盘
14:14:45	18.02	--	27	48654	买盘
14:14:15	18.02	--	37	66674	买盘
14:13:57	18.02	0.01	39	70278	买盘
14:13:51	18.01	--	7	12607	卖盘
14:13:45	18.01	--	5	9005	卖盘
14:13:39	18.01	--	10	18010	卖盘
14:13:36	18.01	0.01	115	207925	买盘
14:13:27	18.0	--	2	4590	卖盘
14:13:21	18.0	--	18	33210	卖盘
14:13:18	18.0	--	1	1800	卖盘
14:13:15	18.0	--	10	18000	卖盘
14:13:12	18.0	--	6	10800	卖盘
14:13:03	18.0	--	27	48600	买盘
14:12:57	18.0	0.01	50	90000	买盘
14:12:54	17.99	-0.01	40	71960	卖盘
14:12:51	18.0	--	15	27000	买盘
14:12:45	18.0	0.01	6	10800	买盘
14:12:39	17.99	--	10	17990	卖盘
14:12:24	17.99	--	5	8995	卖盘
14:12:21	17.99	--	9	16190	卖盘
14:12:12	17.99	-0.01	1	1798	卖盘
14:12:09	18.0	0.01	1	1800	买盘
14:11:54	17.99	-0.01	100	179899	卖盘
14:11:48	18.0	0.01	5	9000	买盘
14:11:39	17.99	-0.01	9	16190	卖盘
14:11:21	18.0	--	3	5400	买盘
14:11:18	18.0	--	1	1800	买盘
14:11:06	18.0	--	61	109800	买盘
14:11:03	18.0	--	47	84600	买盘
14:10:57	18.0	--	6	10800	买盘
14:10:51	18.0	0.01	3	5400	买盘
14:10:48	17.99	-0.01	10	17990	卖盘
14:10:45	18.0	--	30	54000	买盘
14:10:39	18.0	0.01	16	28800	买盘
14:10:36	17.99	-0.01	3	5396	卖盘
14:10:18	18.0	0.01	20	36000	买盘
14:10:12	17.99	--	3	5396	卖盘
14:10:03	17.99	--	1	1798	卖盘
14:09:54	17.99	--	5	8995	卖盘
14:09:51	17.99	-0.01	37	66563	卖盘
14:09:45	18.0	--	8	14400	买盘
14:09:39	18.0	0.01	9	16200	买盘
14:09:36	17.99	--	20	35980	卖盘
14:09:33	17.99	--	10	17990	卖盘
14:09:27	17.99	--	1	1798	卖盘
14:09:18	17.99	-0.01	15	26984	卖盘
14:09:15	18.0	0.01	8	14400	买盘
14:09:09	17.99	-0.01	10	17990	卖盘
14:09:03	18.0	--	3	5400	买盘
14:08:57	18.0	--	5	9000	买盘
14:08:54	18.0	--	20	36000	买盘
14:08:48	18.0	--	31	55800	卖盘
14:08:45	18.0	--	6	10800	卖盘
14:08:30	18.0	--	11	19800	卖盘
14:08:27	18.0	-0.01	8	14400	卖盘
14:08:24	18.01	0.01	1	1801	买盘
14:08:21	18.0	--	50	90000	卖盘
14:08:12	18.0	--	14	25200	卖盘
14:08:03	18.0	--	60	108000	卖盘
14:07:57	18.0	--	46	82800	卖盘
14:07:51	18.0	--	32	57600	卖盘
14:07:48	18.0	--	52	93600	卖盘
14:07:42	18.0	--	9	16200	卖盘
14:07:39	18.0	--	9	16200	卖盘
14:07:30	18.0	--	35	63000	卖盘
14:07:24	18.0	--	5	9000	卖盘
14:07:18	18.0	-0.01	6	10800	卖盘
14:07:09	18.01	--	11	19811	卖盘
14:07:06	18.01	0.01	35	63035	买盘
14:07:03	18.0	--	20	36000	卖盘
14:06:42	18.0	--	4	7200	卖盘
14:06:39	18.0	--	102	183600	买盘
14:06:36	18.0	--	25	45000	买盘
14:06:33	18.0	0.01	35	63000	买盘
14:06:30	17.99	--	16	28783	卖盘
14:06:24	17.99	-0.01	73	131327	卖盘
14:06:21	18.0	--	10	18000	买盘
14:06:15	18.0	0.01	10	18000	买盘
14:06:12	17.99	--	6	10793	卖盘
14:06:09	17.99	-0.01	9	16190	卖盘
14:05:51	18.0	--	9	16200	买盘
14:05:48	18.0	--	6	10800	买盘
14:05:45	18.0	--	10	18000	中性盘
14:05:27	18.0	--	5	9000	卖盘
14:05:24	18.0	--	8	14400	买盘
14:05:21	18.0	--	13	23400	卖盘
14:05:18	18.0	--	1	1800	卖盘
14:05:15	18.0	--	2	3600	卖盘
14:05:00	18.0	--	55	99000	卖盘
14:04:54	18.0	-0.01	10	18000	卖盘
14:04:42	18.01	--	2	3602	卖盘
14:04:15	18.01	--	12	21612	买盘
14:04:12	18.01	--	3	5403	买盘
14:04:09	18.01	0.01	1	1801	买盘
14:04:06	18.0	-0.01	19	34200	卖盘
14:04:00	18.01	--	27	48627	买盘
14:03:54	18.01	--	3	5403	中性盘
14:03:39	18.01	--	27	48627	卖盘
14:03:30	18.01	0.01	15	27015	买盘
14:03:27	18.0	-0.01	74	133200	卖盘
14:03:21	18.01	0.01	19	34219	买盘
14:03:15	18.0	-0.01	4	7200	卖盘
14:03:12	18.01	0.01	10	18010	买盘
14:03:09	18.0	--	5	9000	卖盘
14:03:03	18.0	--	20	36000	卖盘
14:02:54	18.0	-0.01	1	1800	卖盘
14:02:45	18.01	0.01	1	1801	买盘
14:02:39	18.0	--	4	7200	卖盘
14:02:36	18.0	--	54	97200	买盘
14:02:33	18.0	--	57	102600	买盘
14:02:24	18.0	--	50	90000	买盘
14:02:21	18.0	0.01	9	16200	买盘
14:02:18	17.99	-0.01	17	30582	卖盘
14:02:09	18.0	--	560	1008000	买盘
14:01:51	18.0	0.01	49	88200	买盘
14:01:48	17.99	--	4	7195	卖盘
14:01:42	17.99	--	17	30582	卖盘
14:01:36	17.99	-0.01	2	3597	卖盘
14:01:33	18.0	0.01	50	90000	买盘
14:01:30	17.99	--	13	23386	卖盘
14:01:18	17.99	-0.01	14	25185	卖盘
14:01:15	18.0	--	7	12600	买盘
14:01:12	18.0	0.01	5	9000	买盘
14:01:09	17.99	-0.01	11	19789	卖盘
14:01:00	18.0	--	11	19800	买盘
14:00:33	18.0	--	6	10800	买盘
14:00:24	18.0	--	1	1800	买盘
14:00:18	18.0	--	10	18000	买盘
14:00:12	18.0	--	5	9000	买盘
14:00:09	18.0	0.01	25	45000	买盘
14:00:06	17.99	-0.01	50	89949	卖盘
14:00:03	18.0	--	10	18000	买盘
14:00:00	18.0	--	11	19800	买盘
13:59:54	18.0	0.01	13	23400	买盘
13:59:48	17.99	--	1	1798	卖盘
13:59:39	17.99	-0.01	6	10793	卖盘
13:59:33	18.0	--	21	37800	买盘
13:59:30	18.0	--	22	39600	买盘
13:59:27	18.0	0.01	23	41400	买盘
13:59:21	17.99	--	10	17990	卖盘
13:59:15	17.99	--	62	111537	卖盘
13:59:09	17.99	0.01	3	5396	卖盘
13:59:03	17.98	-0.01	14	25172	卖盘
13:58:54	17.99	--	9	16190	卖盘
13:58:51	17.99	--	9	16190	买盘
13:58:33	17.99	--	2	3597	买盘
13:58:30	17.99	0.01	16	28783	买盘
13:58:21	17.98	-0.01	4	7192	卖盘
13:58:18	17.99	--	14	25185	买盘
13:58:15	17.99	--	15	26984	卖盘
13:58:06	17.99	0.01	15	26984	买盘
13:57:27	17.98	-0.01	4	7192	卖盘
13:57:21	17.99	--	8	14391	买盘
13:57:18	17.99	0.01	36	64763	买盘
13:57:15	17.98	-0.01	2	3596	卖盘
13:57:03	17.99	0.01	24	43175	买盘
13:56:54	17.98	-0.01	5	8990	卖盘
13:56:51	17.99	0.01	2	3597	买盘
13:56:42	17.98	-0.01	11	19778	卖盘
13:56:18	17.99	--	47	84552	卖盘
13:56:03	17.99	--	1	1798	卖盘
13:55:57	17.99	--	2	3597	买盘
13:55:54	17.99	--	15	26984	买盘
13:55:45	17.99	--	7	12592	买盘
13:55:39	17.99	--	8	14391	卖盘
13:55:33	17.99	--	12	21587	买盘
13:55:27	17.99	--	3	5396	卖盘
13:55:24	17.99	--	1	1798	卖盘
13:55:21	17.99	0.01	9	16190	买盘
13:55:18	17.98	-0.01	55	98890	卖盘
13:55:12	17.99	0.01	1	1798	买盘
13:55:06	17.98	-0.01	32	57536	卖盘
13:55:00	17.99	--	35	62964	买盘
13:54:54	17.99	--	6	10793	买盘
13:54:51	17.99	--	1	1798	买盘
13:54:48	17.99	0.01	1	1798	买盘
13:54:36	17.98	-0.01	7	12586	卖盘
13:54:33	17.99	-0.01	5	8995	中性盘
13:54:27	18.0	0.02	20	36000	买盘
13:54:18	17.98	-0.01	18	32364	卖盘
13:54:15	17.99	0.01	6	10793	中性盘
13:54:00	17.98	--	1	1798	卖盘
13:53:57	17.98	-0.01	4	7192	卖盘
13:53:54	17.99	--	1	1798	买盘
13:53:51	17.99	0.01	2	3597	买盘
13:53:42	17.98	--	7	12586	卖盘
13:53:39	17.98	--	3	5394	卖盘
13:53:36	17.98	--	1	1798	卖盘
13:53:33	17.98	--	16	28768	卖盘
13:53:30	17.98	--	8	14384	卖盘
13:53:21	17.98	--	14	25172	卖盘
13:53:18	17.98	--	28	50344	卖盘
13:53:06	17.98	--	2	3596	卖盘
13:53:03	17.98	--	3	5394	卖盘
13:53:00	17.98	--	3	5394	卖盘
13:52:57	17.98	0.01	137	246326	买盘
13:52:54	17.97	0.01	11	19767	买盘
13:52:45	17.96	-0.02	200	359200	卖盘
13:52:42	17.98	--	3	5394	买盘
13:52:30	17.98	0.01	2	3596	买盘
13:52:27	17.97	--	7	12579	卖盘
13:52:24	17.97	--	1	1797	卖盘
13:52:12	17.97	--	5	8985	卖盘
13:52:06	17.97	--	1	1797	卖盘
13:52:00	17.97	-0.01	25	44925	卖盘
13:51:54	17.98	--	1	1798	买盘
13:51:48	17.98	--	2	3596	买盘
13:51:42	17.98	0.01	20	35960	买盘
13:51:39	17.97	--	14	25158	卖盘
13:51:30	17.97	-0.01	11	19767	卖盘
13:51:27	17.98	--	1	1798	买盘
13:51:21	17.98	--	1	1798	买盘
13:51:15	17.98	--	5	8990	卖盘
13:51:09	17.98	--	2	3596	卖盘
13:50:54	17.98	--	27	48546	卖盘
13:50:51	17.98	--	9	16182	卖盘
13:50:45	17.98	--	10	17980	卖盘
13:50:42	17.98	--	4	7192	卖盘
13:50:36	17.98	--	10	17980	卖盘
13:50:33	17.98	--	8	14384	卖盘
13:50:21	17.98	--	40	71920	卖盘
13:50:15	17.98	--	13	23374	卖盘
13:50:06	17.98	--	87	156426	卖盘
13:49:57	17.98	-0.01	5	8990	卖盘
13:49:42	17.99	--	4	7195	卖盘
13:49:39	17.99	--	25	44974	卖盘
13:49:30	17.99	--	45	80955	卖盘
13:49:27	17.99	--	16	28783	卖盘
13:49:24	17.99	--	10	17990	卖盘
13:49:00	17.99	--	6	10793	卖盘
13:48:51	17.99	-0.01	8	14391	卖盘
13:48:48	18.0	0.01	4	7200	买盘
13:48:42	17.99	--	6	10793	卖盘
13:48:15	17.99	--	5	8995	买盘
13:48:12	17.99	--	1	1798	买盘
13:47:54	17.99	--	10	17990	买盘
13:47:51	17.99	--	5	8995	买盘
13:47:42	17.99	--	72	129527	买盘
13:47:33	17.99	0.01	130	233869	买盘
13:47:27	17.98	--	4	7192	卖盘
13:47:21	17.98	-0.01	8	14384	卖盘
13:47:12	17.99	--	1	1798	买盘
13:47:03	17.99	--	3	5396	买盘
13:46:30	17.99	0.01	14	25185	买盘
13:46:27	17.98	--	5	8990	卖盘
13:46:18	17.98	--	96	172608	卖盘
13:46:15	17.98	-0.01	10	17980	卖盘
13:46:09	17.99	--	1	1798	买盘
13:46:06	17.99	0.01	50	89949	买盘
13:46:03	17.98	-0.01	124	222952	卖盘
13:46:00	17.99	--	20	35980	买盘
13:45:57	17.99	0.01	5	8995	买盘
13:45:54	17.98	-0.01	36	64728	卖盘
13:45:42	17.99	--	4	7195	买盘
13:45:39	17.99	--	28	50371	买盘
13:45:30	17.99	--	10	17990	买盘
13:45:15	17.99	--	10	17990	买盘
13:45:06	17.99	0.01	5	8995	买盘
13:45:03	17.98	--	90	161820	卖盘
13:45:00	17.98	--	2	3596	卖盘
13:44:57	17.98	--	187	336226	卖盘
13:44:51	17.98	--	1	1798	卖盘
13:44:45	17.98	0.01	22	39556	买盘
13:44:42	17.97	-0.01	9	16388	卖盘
13:44:27	17.98	--	23	41354	买盘
13:44:21	17.98	--	65	116870	卖盘
13:44:09	17.98	--	13	23374	卖盘
13:44:06	17.98	--	10	17980	卖盘
13:44:03	17.98	--	5	8990	卖盘
13:43:51	17.98	--	9	16182	卖盘
13:43:45	17.98	--	114	204972	买盘
13:43:36	17.98	--	6	10788	买盘
13:43:30	17.98	-0.01	174	312852	卖盘
13:43:27	17.99	0.01	17	30582	买盘
13:43:18	17.98	--	15	26970	卖盘
13:43:06	17.98	--	15	26970	卖盘
13:43:00	17.98	--	50	89900	卖盘
13:42:45	17.98	--	3	5394	卖盘
13:42:36	17.98	-0.01	15	26970	卖盘
13:42:06	17.99	-0.02	33	59366	卖盘
13:42:00	18.01	0.02	10	18010	买盘
13:41:57	17.99	--	1	1798	卖盘
13:41:51	17.99	--	1	1798	卖盘
13:41:45	17.99	-0.02	12	21587	卖盘
13:41:42	18.01	--	5	9005	买盘
13:41:39	18.01	0.01	1	1801	买盘
13:41:36	18.0	0.01	10	18000	中性盘
13:41:33	17.99	-0.02	14	25185	卖盘
13:41:18	18.01	--	3	5403	买盘
13:41:15	18.01	0.01	50	90050	买盘
13:41:12	18.0	-0.01	34	61200	卖盘
13:41:09	18.01	0.01	23	41423	买盘
13:41:03	18.0	--	20	36000	卖盘
13:41:00	18.0	-0.01	10	18000	卖盘
13:40:54	18.01	0.01	1	1801	买盘
13:40:51	18.0	--	39	70200	卖盘
13:40:45	18.0	-0.01	4	7200	卖盘
13:40:42	18.01	--	48	86448	买盘
13:40:39	18.01	0.01	50	90050	买盘
13:40:33	18.0	--	41	73800	卖盘
13:40:27	18.0	--	18	32400	卖盘
13:40:21	18.0	--	17	30600	卖盘
13:40:18	18.0	--	20	36000	卖盘
13:40:15	18.0	-0.01	9	16200	卖盘
13:40:12	18.01	--	2	3602	买盘
13:40:03	18.01	--	1	1801	买盘
13:40:00	18.01	--	5	9005	卖盘
13:39:48	18.01	-0.01	2	3602	卖盘
13:39:45	18.02	--	1	1802	买盘
13:39:42	18.02	0.01	50	90100	买盘
13:39:39	18.01	-0.01	2	3602	卖盘
13:39:06	18.02	-0.01	6	10812	买盘
13:38:54	18.03	--	50	90150	买盘
13:38:51	18.03	0.03	2	3606	买盘
13:38:45	18.0	-0.01	29	52200	卖盘
13:38:39	18.01	-0.02	1	1801	中性盘
13:38:36	18.03	--	5	9015	买盘
13:38:33	18.03	0.03	1	1803	买盘
13:38:18	18.0	-0.03	6	10800	卖盘
13:38:06	18.03	0.01	10	18030	买盘
13:38:03	18.02	0.02	5	9010	中性盘
13:37:48	18.0	-0.03	20	36000	卖盘
13:37:39	18.03	--	1	1803	卖盘
13:37:36	18.03	0.04	3	5409	买盘
13:37:33	17.99	0.01	20	35980	中性盘
13:37:21	17.98	--	12	21576	卖盘
13:37:09	17.98	--	14	25172	买盘
13:37:06	17.98	--	53	95294	买盘
13:37:03	17.98	0.01	11	19778	买盘
13:37:00	17.97	-0.01	13	23361	卖盘
13:36:54	17.98	--	14	25172	买盘
13:36:51	17.98	--	3	5394	买盘
13:36:45	17.98	-0.06	588	1057224	卖盘
13:36:42	18.04	--	57	102828	卖盘
13:36:39	18.04	--	52	93808	卖盘
13:36:36	18.04	--	1	1804	卖盘
13:36:12	18.04	--	5	9020	卖盘
13:36:09	18.04	--	7	12628	卖盘
13:36:06	18.04	--	6	10824	买盘
13:36:00	18.04	--	30	54120	买盘
13:35:57	18.04	--	7	12628	卖盘
13:35:54	18.04	--	3	5412	买盘
13:35:48	18.04	--	20	36080	卖盘
13:35:42	18.04	--	3	5412	卖盘
13:35:33	18.04	--	95	171380	买盘
13:35:24	18.04	--	2	3608	买盘
13:35:21	18.04	0.01	26	46904	买盘
13:35:12	18.03	--	4	7212	卖盘
13:35:09	18.03	-0.01	8	14424	卖盘
13:35:03	18.04	0.01	17	30668	买盘
13:35:00	18.03	-0.01	22	39666	卖盘
13:34:54	18.04	0.01	10	18040	买盘
13:34:51	18.03	--	17	30651	卖盘
13:34:48	18.03	-0.01	1	1803	卖盘
13:34:45	18.04	0.01	4	7216	买盘
13:34:42	18.03	--	6	10818	卖盘
13:34:39	18.03	--	7	12621	卖盘
13:34:36	18.03	--	1	1803	卖盘
13:34:33	18.03	-0.01	20	36060	卖盘
13:34:30	18.04	--	11	19844	买盘
13:34:24	18.04	--	3	5412	买盘
13:34:21	18.04	--	1	1804	买盘
13:34:18	18.04	-0.01	8	14432	卖盘
13:34:15	18.05	0.01	5	9025	买盘
13:34:12	18.04	--	4	7216	卖盘
13:34:09	18.04	--	21	37884	卖盘
13:34:06	18.04	--	15	27060	卖盘
13:34:03	18.04	-0.01	27	48708	卖盘
13:34:00	18.05	0.01	9	16245	买盘
13:33:57	18.04	--	5	9020	卖盘
13:33:51	18.04	0.01	189	340956	买盘
13:33:48	18.03	--	5	9015	买盘
13:33:45	18.03	--	17	30651	买盘
13:33:36	18.03	--	1	1803	买盘
13:33:33	18.03	--	4	7212	中性盘
13:33:27	18.03	--	25	45075	买盘
13:33:24	18.03	--	58	104574	买盘
13:33:21	18.03	--	174	313722	卖盘
13:33:12	18.03	--	1	1803	卖盘
13:33:00	18.03	--	7	12621	卖盘
13:32:54	18.03	--	34	61302	买盘
13:32:48	18.03	0.01	30	54090	买盘
13:32:42	18.02	-0.01	5	9010	卖盘
13:32:36	18.03	0.02	9	16227	买盘
13:32:33	18.01	-0.01	8	14408	卖盘
13:32:30	18.02	--	4	7208	买盘
13:32:27	18.02	--	5	9010	买盘
13:32:24	18.02	--	2	3604	买盘
13:32:21	18.02	--	31	55862	买盘
13:32:18	18.02	--	5	9010	买盘
13:32:09	18.02	--	3	5406	买盘
13:32:03	18.02	--	1	1802	买盘
13:31:54	18.02	--	2	3604	买盘
13:31:51	18.02	--	5	9010	买盘
13:31:48	18.02	--	3	5406	买盘
13:31:42	18.02	0.01	3	5406	买盘
13:31:33	18.01	-0.01	5	9005	卖盘
13:31:30	18.02	0.01	5	9010	买盘
13:31:12	18.01	--	2	3602	卖盘
13:31:09	18.01	--	1	1801	买盘
13:31:03	18.01	--	2	3602	中性盘
13:30:57	18.01	--	7	12607	买盘
13:30:51	18.01	--	10	18010	买盘
13:30:45	18.01	0.01	10	18010	买盘
13:30:42	18.0	--	16	28800	卖盘
13:30:36	18.0	--	5	9000	卖盘
13:30:33	18.0	--	1	1800	买盘
13:30:27	18.0	--	12	21600	买盘
13:30:24	18.0	--	10	18000	买盘
13:30:21	18.0	--	34	61200	买盘
13:30:18	18.0	--	61	109800	买盘
13:30:15	18.0	--	4	7200	买盘
13:30:12	18.0	--	36	64800	买盘
13:29:54	18.0	0.01	126	226800	买盘
13:29:45	17.99	--	11	19789	买盘
13:29:36	17.99	--	5	8995	买盘
13:29:33	17.99	--	2	3597	买盘
13:29:12	17.99	--	37	66563	买盘
13:29:03	17.99	--	3	5396	买盘
13:28:45	17.99	0.01	10	17990	买盘
13:28:24	17.98	--	82	147436	买盘
13:28:21	17.98	0.01	1	1798	买盘
13:28:15	17.97	-0.01	40	71880	卖盘
13:28:09	17.98	--	20	35960	买盘
13:28:03	17.98	--	6	10788	买盘
13:27:57	17.98	0.01	6	10788	买盘
13:27:51	17.97	-0.01	1	1797	卖盘
13:27:45	17.98	0.01	10	17980	买盘
13:27:39	17.97	-0.01	15	26955	卖盘
13:27:36	17.98	--	4	7192	买盘
13:27:24	17.98	0.02	105	188790	买盘
13:27:21	17.96	--	12	21552	卖盘
13:27:12	17.96	--	2	3592	卖盘
13:27:06	17.96	-0.01	6	10776	卖盘
13:27:03	17.97	0.01	20	35940	买盘
13:27:00	17.96	--	55	98780	卖盘
13:26:48	17.96	--	64	114944	买盘
13:26:45	17.96	0.01	7	12572	买盘
13:26:42	17.95	-0.01	8	14360	卖盘
13:26:33	17.96	--	30	53880	买盘
13:26:27	17.96	0.01	8	14368	买盘
13:26:24	17.95	-0.01	12	21540	卖盘
13:26:06	17.96	0.01	3	5388	买盘
13:26:00	17.95	-0.01	46	82570	卖盘
13:25:45	17.96	--	4	7184	买盘
13:25:27	17.96	--	26	46696	买盘
13:25:24	17.96	--	2	3592	买盘
13:25:18	17.96	--	30	53880	买盘
13:25:03	17.96	--	1	1796	买盘
13:25:00	17.96	--	108	193968	买盘
13:24:57	17.96	--	3	5388	买盘
13:24:54	17.96	--	5	8980	买盘
13:24:51	17.96	0.01	8	14368	买盘
13:24:45	17.95	-0.01	6	10770	卖盘
13:24:36	17.96	--	70	125720	买盘
13:24:27	17.96	--	2	3592	买盘
13:24:21	17.96	--	10	17960	买盘
13:24:18	17.96	-0.01	11	19756	卖盘
13:24:06	17.97	--	1	1797	买盘
13:24:00	17.97	0.01	8	14376	买盘
13:23:57	17.96	--	5	8980	中性盘
13:23:36	17.96	-0.01	1	1796	卖盘
13:23:33	17.97	0.02	1	1797	买盘
13:23:27	17.95	-0.02	15	26925	卖盘
13:23:24	17.97	0.01	12	21564	买盘
13:23:21	17.96	-0.01	15	26940	卖盘
13:23:15	17.97	0.01	10	17970	买盘
13:23:12	17.96	--	1	1796	卖盘
13:23:03	17.96	-0.01	100	179600	卖盘
13:22:51	17.97	--	5	8985	买盘
13:22:45	17.97	--	25	44925	买盘
13:22:42	17.97	--	2	3594	买盘
13:22:39	17.97	0.01	2	3594	买盘
13:22:36	17.96	-0.01	4	7184	卖盘
13:22:33	17.97	--	18	32345	买盘
13:22:27	17.97	--	10	17970	买盘
13:22:24	17.97	0.01	200	359400	买盘
13:22:15	17.96	--	52	93392	卖盘
13:22:09	17.96	-0.01	59	105964	卖盘
13:22:06	17.97	0.01	5	8985	买盘
13:22:03	17.96	-0.01	3	5388	卖盘
13:21:57	17.97	--	26	46722	买盘
13:21:51	17.97	--	12	21564	买盘
13:21:42	17.97	--	7	12579	买盘
13:21:39	17.97	--	1	1797	买盘
13:21:33	17.97	--	10	17970	买盘
13:21:30	17.97	--	6	10782	买盘
13:21:24	17.97	--	3	5391	买盘
13:21:18	17.97	--	5	8985	买盘
13:21:09	17.97	--	1	1797	买盘
13:21:03	17.97	--	5	8985	买盘
13:21:00	17.97	0.01	5	8985	买盘
13:20:51	17.96	--	3	5388	卖盘
13:20:48	17.96	-0.01	61	109556	卖盘
13:20:45	17.97	--	13	23361	买盘
13:20:42	17.97	0.01	5	8985	买盘
13:20:39	17.96	-0.01	1	1796	卖盘
13:20:36	17.97	--	16	28752	买盘
13:20:24	17.97	0.01	3	5391	买盘
13:20:18	17.96	-0.01	9	16164	卖盘
13:20:12	17.97	0.01	6	10782	买盘
13:20:06	17.96	-0.01	16	28736	卖盘
13:20:00	17.97	--	3	5391	买盘
13:19:54	17.97	--	3	5391	买盘
13:19:51	17.97	--	7	12579	买盘
13:19:48	17.97	--	5	8985	买盘
13:19:42	17.97	--	14	25158	买盘
13:19:39	17.97	--	34	61097	买盘
13:19:36	17.97	--	5	8985	买盘
13:19:30	17.97	--	1	1797	买盘
13:19:27	17.97	0.01	2	3594	买盘
13:19:24	17.96	--	20	35920	卖盘
13:19:21	17.96	-0.01	2	3592	卖盘
13:19:09	17.97	0.01	7	12579	买盘
13:19:03	17.96	-0.01	18	32328	卖盘
13:19:00	17.97	--	6	10782	买盘
13:18:51	17.97	--	20	35940	买盘
13:18:48	17.97	0.01	3	5391	买盘
13:18:42	17.96	--	10	17960	卖盘
13:18:39	17.96	--	64	114944	卖盘
13:18:30	17.96	-0.01	1	1796	卖盘
13:18:27	17.97	--	2	3594	买盘
13:18:18	17.97	--	17	30548	买盘
13:18:15	17.97	0.02	5	8985	买盘
13:18:06	17.95	-0.02	5	8975	卖盘
13:18:03	17.97	0.01	70	125789	买盘
13:17:54	17.96	-0.01	21	37716	卖盘
13:17:48	17.97	0.01	7	12579	买盘
13:17:42	17.96	--	13	23348	卖盘
13:17:36	17.96	--	11	19756	卖盘
13:17:27	17.96	--	26	46696	卖盘
13:17:21	17.96	--	26	46696	卖盘
13:17:15	17.96	-0.01	42	75432	卖盘
13:17:12	17.97	0.01	10	17970	买盘
13:16:42	17.96	--	58	104168	买盘
13:16:39	17.96	--	2	3592	买盘
13:16:33	17.96	--	7	12572	买盘
13:16:30	17.96	--	4	7184	卖盘
13:16:27	17.96	-0.01	10	17960	卖盘
13:16:21	17.97	--	8	14376	买盘
13:16:18	17.97	0.01	6	10782	买盘
13:16:12	17.96	--	23	41308	卖盘
13:15:57	17.96	--	46	82616	买盘
13:15:54	17.96	--	9	16164	买盘
13:15:51	17.96	0.01	2	3592	买盘
13:15:48	17.95	-0.01	75	134625	卖盘
13:15:45	17.96	--	10	17960	买盘
13:15:39	17.96	0.01	10	17960	买盘
13:15:36	17.95	-0.01	10	17950	卖盘
13:15:30	17.96	--	1	1796	买盘
13:15:27	17.96	--	5	8980	买盘
13:15:24	17.96	--	64	114944	买盘
13:15:21	17.96	0.01	46	82616	买盘
13:15:15	17.95	-0.01	36	64620	卖盘
13:15:12	17.96	--	5	8980	买盘
13:15:09	17.96	--	3	5388	买盘
13:14:54	17.96	--	5	8980	买盘
13:14:51	17.96	--	12	21552	买盘
13:14:42	17.96	--	10	17960	买盘
13:14:39	17.96	--	5	8980	买盘
13:14:24	17.96	0.01	3	5388	买盘
13:14:18	17.95	-0.01	10	17950	卖盘
13:14:12	17.96	--	2	3592	买盘
13:14:06	17.96	--	10	17960	买盘
13:14:03	17.96	0.01	2	3592	买盘
13:13:57	17.95	-0.01	12	21540	卖盘
13:13:51	17.96	0.01	5	8980	买盘
13:13:42	17.95	-0.01	4	7197	卖盘
13:13:39	17.96	0.01	1	1796	买盘
13:13:27	17.95	--	21	37695	卖盘
13:13:18	17.95	--	5	8975	卖盘
13:13:09	17.95	--	1	1795	卖盘
13:13:06	17.95	--	9	16155	卖盘
13:12:57	17.95	--	6	10770	买盘
13:12:51	17.95	--	1	1795	买盘
13:12:48	17.95	--	59	105905	买盘
13:12:42	17.95	--	6	10770	买盘
13:12:39	17.95	--	5	8975	买盘
13:12:36	17.95	--	4	7180	买盘
13:12:33	17.95	--	4	7180	买盘
13:12:30	17.95	--	35	62825	卖盘
13:12:27	17.95	-0.02	3	5385	卖盘
13:12:18	17.97	0.01	41	73677	买盘
13:12:12	17.96	-0.01	1	1796	中性盘
13:12:06	17.97	--	10	17970	买盘
13:12:03	17.97	0.01	10	17970	买盘
13:11:57	17.96	--	2	3592	卖盘
13:11:54	17.96	-0.01	6	10776	卖盘
13:11:45	17.97	0.01	1	1797	买盘
13:11:36	17.96	--	49	88004	买盘
13:11:30	17.96	0.01	100	179600	买盘
13:11:24	17.95	0.01	30	53850	买盘
13:11:21	17.94	-0.01	30	53820	卖盘
13:11:15	17.95	--	4	7180	买盘
13:11:12	17.95	--	2	3590	买盘
13:11:09	17.95	--	59	105905	卖盘
13:11:03	17.95	--	2	3590	卖盘
13:11:00	17.95	-0.01	7	12565	卖盘
13:10:57	17.96	0.01	37	66452	买盘
13:10:54	17.95	--	1	1795	卖盘
13:10:48	17.95	--	27	48465	卖盘
13:10:42	17.95	--	5	8975	卖盘
13:10:33	17.95	-0.01	5	8975	卖盘
13:10:30	17.96	--	32	57472	买盘
13:10:27	17.96	--	2	3592	买盘
13:10:21	17.96	--	6	10776	买盘
13:10:15	17.96	--	3	5388	买盘
13:10:12	17.96	--	5	8980	买盘
13:10:09	17.96	--	1	1796	买盘
13:10:06	17.96	0.01	20	35920	买盘
13:10:03	17.95	-0.01	30	53850	卖盘
13:09:51	17.96	--	1	1796	买盘
13:09:48	17.96	0.01	1	1796	买盘
13:09:45	17.95	-0.01	4	7180	卖盘
13:09:39	17.96	0.01	6	10776	中性盘
13:09:36	17.95	-0.02	10	17950	卖盘
13:09:30	17.97	--	1	1797	买盘
13:09:27	17.97	--	10	17970	买盘
13:09:21	17.97	--	25	44925	买盘
13:09:15	17.97	--	5	8985	买盘
13:09:12	17.97	--	5	8985	买盘
13:09:06	17.97	--	6	10782	买盘
13:09:03	17.97	--	13	23361	买盘
13:08:54	17.97	0.01	8	14376	买盘
13:08:39	17.96	0.01	5	8980	中性盘
13:08:36	17.95	-0.03	3	5385	卖盘
13:08:30	17.98	0.03	6	10788	买盘
13:08:15	17.95	--	19	34105	卖盘
13:08:09	17.95	--	3	5385	买盘
13:08:06	17.95	--	22	39490	买盘
13:08:00	17.95	--	2	3590	买盘
13:07:54	17.95	--	20	35900	买盘
13:07:51	17.95	--	20	35900	买盘
13:07:48	17.95	--	5	8975	买盘
13:07:42	17.95	0.01	1	1795	中性盘
13:07:39	17.94	-0.01	29	52026	卖盘
13:07:36	17.95	--	8	14360	卖盘
13:07:30	17.95	--	5	8975	卖盘
13:07:24	17.95	--	20	35900	卖盘
13:07:15	17.95	0.01	5	8975	买盘
13:07:09	17.94	-0.01	1	1794	卖盘
13:07:06	17.95	--	14	25130	卖盘
13:07:03	17.95	--	25	44875	买盘
13:07:00	17.95	--	2	3590	买盘
13:06:57	17.95	0.01	2	3590	买盘
13:06:54	17.94	--	2	3588	卖盘
13:06:51	17.94	-0.01	5	8970	卖盘
13:06:48	17.95	--	2	3590	买盘
13:06:45	17.95	--	4	7180	买盘
13:06:33	17.95	--	9	16155	买盘
13:06:30	17.95	0.01	10	17950	买盘
13:06:24	17.94	-0.01	25	44850	卖盘
13:06:18	17.95	--	5	8975	买盘
13:06:15	17.95	--	5	8975	买盘
13:06:12	17.95	--	6	10770	买盘
13:06:03	17.95	0.01	10	17950	买盘
13:06:00	17.94	-0.01	14	25116	卖盘
13:05:45	17.95	--	5	8975	买盘
13:05:39	17.95	--	1	1795	买盘
13:05:33	17.95	--	5	8975	买盘
13:05:30	17.95	--	10	17950	买盘
13:05:27	17.95	0.01	10	17950	买盘
13:05:24	17.94	-0.01	6	10764	卖盘
13:05:18	17.95	--	2	3590	卖盘
13:05:12	17.95	--	5	8975	买盘
13:05:09	17.95	--	18	32310	买盘
13:05:03	17.95	--	11	19745	买盘
13:05:00	17.95	--	15	26925	买盘
13:04:57	17.95	--	6	10770	买盘
13:04:48	17.95	-0.02	76	136420	卖盘
13:04:42	17.97	0.02	18	32345	买盘
13:04:36	17.95	--	43	77185	卖盘
13:04:21	17.95	--	10	17950	卖盘
13:04:18	17.95	--	4	7180	卖盘
13:04:06	17.95	--	97	174115	买盘
13:04:00	17.95	--	26	46670	买盘
13:03:42	17.95	--	100	179500	买盘
13:03:39	17.95	--	4	7180	买盘
13:03:36	17.95	0.01	5	8975	买盘
13:03:33	17.94	-0.01	6	10764	卖盘
13:03:30	17.95	--	9	16155	买盘
13:03:24	17.95	0.01	3	5385	买盘
13:03:09	17.94	--	2	3588	卖盘
13:03:06	17.94	--	4	7176	卖盘
13:03:03	17.94	-0.01	20	35880	卖盘
13:03:00	17.95	0.01	5	8975	买盘
13:02:48	17.94	--	38	68172	买盘
13:02:45	17.94	--	1	1794	买盘
13:02:42	17.94	--	7	12558	买盘
13:02:33	17.94	--	2	3588	买盘
13:02:30	17.94	0.01	3	5382	买盘
13:02:27	17.93	--	10	17930	卖盘
13:02:21	17.93	-0.01	24	43032	卖盘
13:02:12	17.94	--	5	8970	买盘
13:02:09	17.94	--	7	12558	买盘
13:01:48	17.94	--	27	48438	买盘
13:01:45	17.94	--	10	17940	买盘
13:01:42	17.94	0.01	1	1794	买盘
13:01:39	17.93	--	56	100408	卖盘
13:01:33	17.93	-0.01	1	1793	卖盘
13:01:27	17.94	--	17	30498	买盘
13:01:18	17.94	--	6	10764	买盘
13:01:09	17.94	--	6	10764	买盘
13:01:06	17.94	0.01	6	10764	买盘
13:01:03	17.93	-0.01	17	30481	卖盘
13:01:00	17.94	--	4	7176	买盘
13:00:51	17.94	-0.01	11	19734	卖盘
13:00:45	17.95	--	5	8975	买盘
13:00:42	17.95	--	5	8975	买盘
13:00:39	17.95	--	5	8975	买盘
13:00:30	17.95	--	111	199245	买盘
13:00:12	17.95	--	1	1795	买盘
13:00:09	17.95	--	33	59235	买盘
13:00:06	17.95	0.02	246	441570	买盘
13:00:03	17.93	--	0	0	卖盘
11:30:03	17.93	--	5	8965	买盘
11:30:00	17.93	--	5	8965	买盘
11:29:57	17.93	--	5	8965	卖盘
11:29:51	17.93	--	9	16137	买盘
11:29:45	17.93	-0.02	26	46618	卖盘
11:29:36	17.95	--	6	10770	买盘
11:29:15	17.95	--	22	39490	买盘
11:29:09	17.95	0.02	16	28720	买盘
11:29:06	17.93	--	7	12551	卖盘
11:29:03	17.93	-0.02	24	43032	卖盘
11:28:54	17.95	--	1	1795	买盘
11:28:51	17.95	--	31	55645	买盘
11:28:45	17.95	0.02	2	3590	买盘
11:28:42	17.93	-0.02	5	8965	卖盘
11:28:39	17.95	0.02	10	17950	买盘
11:28:36	17.93	--	7	12551	卖盘
11:28:24	17.93	--	10	17930	卖盘
11:28:15	17.93	--	66	118338	卖盘
11:28:06	17.93	-0.02	17	30481	卖盘
11:28:03	17.95	0.02	10	17950	买盘
11:27:57	17.93	--	12	21516	卖盘
11:27:54	17.93	--	2	3586	卖盘
11:27:42	17.93	--	10	17930	卖盘
11:27:39	17.93	--	1	1793	卖盘
11:27:33	17.93	--	115	207790	买盘
11:27:27	17.93	0.01	64	114752	买盘
11:27:24	17.92	-0.01	10	17920	卖盘
11:27:09	17.93	0.01	4	7172	买盘
11:27:06	17.92	-0.01	42	75264	卖盘
11:27:03	17.93	-0.02	89	159774	卖盘
11:26:54	17.95	--	10	17950	买盘
11:26:45	17.95	--	98	175910	买盘
11:26:42	17.95	0.02	5	8975	买盘
11:26:36	17.93	-0.02	27	48411	卖盘
11:26:24	17.95	-0.02	218	391310	卖盘
11:26:21	17.97	--	4	7188	卖盘
11:26:15	17.97	--	104	186888	买盘
11:26:12	17.97	0.02	57	102429	买盘
11:26:06	17.95	--	2	3590	卖盘
11:25:57	17.95	0.01	35	62825	买盘
11:25:54	17.94	-0.01	1	1794	中性盘
11:25:48	17.95	0.02	22	39490	买盘
11:25:45	17.93	--	18	32274	卖盘
11:25:42	17.93	--	10	17930	卖盘
11:25:36	17.93	--	2	3586	卖盘
11:25:30	17.93	--	1	1793	卖盘
11:25:27	17.93	--	10	19525	买盘
11:25:24	17.93	--	15	26895	买盘
11:25:21	17.93	0.02	5	8965	买盘
11:25:15	17.91	-0.02	86	154026	卖盘
11:25:12	17.93	0.02	2	3586	买盘
11:25:06	17.91	--	2	3582	卖盘
11:25:03	17.91	-0.01	5	8955	卖盘
11:25:00	17.92	0.01	30	53760	买盘
11:24:57	17.91	-0.01	38	68058	卖盘
11:24:54	17.92	0.01	2	3584	中性盘
11:24:51	17.91	-0.01	25	44775	卖盘
11:24:48	17.92	--	6	10752	买盘
11:24:45	17.92	--	10	17920	买盘
11:24:42	17.92	--	27	48384	买盘
11:24:39	17.92	0.01	7	12544	买盘
11:24:36	17.91	-0.01	4	7164	卖盘
11:24:33	17.92	0.01	6	10752	买盘
11:24:30	17.91	-0.01	30	53730	卖盘
11:24:24	17.92	0.01	9	16128	买盘
11:24:18	17.91	-0.01	64	114624	卖盘
11:24:15	17.92	0.01	3	5376	买盘
11:24:12	17.91	--	23	41193	买盘
11:24:09	17.91	0.01	22	39402	买盘
11:24:06	17.9	-0.01	9	16109	卖盘
11:24:03	17.91	--	40	71640	买盘
11:24:00	17.91	--	17	30447	买盘
11:23:57	17.91	--	25	44775	卖盘
11:23:54	17.91	0.01	9	16119	买盘
11:23:51	17.9	-0.01	63	112769	卖盘
11:23:48	17.91	--	27	48357	卖盘
11:23:42	17.91	--	1	1791	卖盘
11:23:39	17.91	0.01	27	48357	买盘
11:23:36	17.9	--	1	1789	卖盘
11:23:33	17.9	--	59	105609	卖盘
11:23:30	17.9	--	18	32219	卖盘
11:23:27	17.9	-0.01	42	75180	卖盘
11:23:24	17.91	0.01	16	28656	买盘
11:23:21	17.9	--	31	55489	卖盘
11:23:18	17.9	--	32	57279	卖盘
11:23:15	17.9	--	91	162890	卖盘
11:23:12	17.9	--	87	155730	卖盘
11:23:09	17.9	--	193	345470	卖盘
11:23:06	17.9	--	37	66230	卖盘
11:23:03	17.9	--	12	21480	卖盘
11:23:00	17.9	--	39	69810	卖盘
11:22:57	17.9	-0.01	85	152167	卖盘
11:22:54	17.91	0.01	209	374319	买盘
11:22:48	17.9	--	440	787599	卖盘
11:22:45	17.9	--	15	26849	卖盘
11:22:42	17.9	--	11	19690	卖盘
11:22:39	17.9	--	101	180790	卖盘
11:22:36	17.9	--	23	41170	卖盘
11:22:33	17.9	--	2	3579	卖盘
11:22:27	17.9	-0.01	120	214799	卖盘
11:22:24	17.91	0.01	28	50148	买盘
11:22:21	17.9	--	1	1789	卖盘
11:22:18	17.9	--	95	170050	卖盘
11:22:12	17.9	-0.01	35	62649	卖盘
11:22:09	17.91	--	50	89550	卖盘
11:22:06	17.91	--	74	132534	卖盘
11:22:03	17.91	--	140	250740	卖盘
11:22:00	17.91	--	93	166563	卖盘
11:21:57	17.91	--	3	5373	卖盘
11:21:54	17.91	--	287	514017	卖盘
11:21:51	17.91	--	90	161190	卖盘
11:21:48	17.91	--	51	91341	卖盘
11:21:45	17.91	--	64	114624	卖盘
11:21:42	17.91	--	5	8955	卖盘
11:21:39	17.91	--	14	25074	卖盘
11:21:36	17.91	--	5	8955	卖盘
11:21:33	17.91	--	10	17910	卖盘
11:21:30	17.91	--	4	7164	卖盘
11:21:27	17.91	--	9	16119	卖盘
11:21:24	17.91	--	26	46566	卖盘
11:21:21	17.91	-0.01	40	71640	卖盘
11:21:18	17.92	0.01	3	5376	买盘
11:21:15	17.91	--	10	17910	卖盘
11:21:12	17.91	--	4	7164	卖盘
11:21:09	17.91	--	15	26865	卖盘
11:21:06	17.91	--	2	3582	卖盘
11:21:03	17.91	-0.01	5	8955	卖盘
11:20:57	17.92	-0.01	21	39406	卖盘
11:20:51	17.93	0.01	13	23309	买盘
11:20:48	17.92	--	2	3584	卖盘
11:20:45	17.92	-0.01	8	14336	卖盘
11:20:42	17.93	0.01	1	1793	买盘
11:20:39	17.92	--	11	19712	卖盘
11:20:36	17.92	--	3	5376	卖盘
11:20:24	17.92	--	27	48384	卖盘
11:20:18	17.92	--	9	16128	卖盘
11:20:06	17.92	-0.01	2	3584	卖盘
11:19:57	17.93	--	6	10758	卖盘
11:19:45	17.93	0.01	28	50204	买盘
11:19:42	17.92	--	1	1792	卖盘
11:19:39	17.92	--	4	7168	卖盘
11:19:36	17.92	-0.01	2	3584	卖盘
11:19:30	17.93	--	3	5379	买盘
11:19:27	17.93	--	31	55583	卖盘
11:19:21	17.93	--	5	8965	卖盘
11:19:15	17.93	0.01	2	3586	中性盘
11:19:12	17.92	--	4	7168	卖盘
11:19:06	17.92	-0.01	50	89600	卖盘
11:19:00	17.93	0.01	3	5379	买盘
11:18:57	17.92	-0.01	5	8960	卖盘
11:18:54	17.93	0.01	10	17930	买盘
11:18:51	17.92	-0.01	20	35840	卖盘
11:18:48	17.93	0.01	2	3586	买盘
11:18:45	17.92	--	125	224000	卖盘
11:18:42	17.92	--	24	43008	卖盘
11:18:36	17.92	-0.01	2	3584	卖盘
11:18:33	17.93	--	42	75306	买盘
11:18:27	17.93	0.01	5	8965	买盘
11:18:18	17.92	--	10	17920	卖盘
11:18:12	17.92	--	1	1792	卖盘
11:18:09	17.92	-0.01	13	23296	卖盘
11:18:06	17.93	0.01	4	7172	买盘
11:17:57	17.92	--	4	7168	卖盘
11:17:54	17.92	--	5	8960	卖盘
11:17:48	17.92	--	1	1792	卖盘
11:17:36	17.92	--	4	7168	卖盘
11:17:30	17.92	--	2	3601	买盘
11:17:24	17.92	--	15	26880	买盘
11:17:21	17.92	--	20	35840	买盘
11:17:18	17.92	--	6	12526	卖盘
11:17:15	17.92	--	10	17920	卖盘
11:17:12	17.92	--	17	30481	买盘
11:17:09	17.92	0.01	4	7168	买盘
11:17:06	17.91	-0.01	1	1791	卖盘
11:16:57	17.92	--	1	1792	买盘
11:16:54	17.92	--	10	17920	买盘
11:16:51	17.92	--	7	12544	卖盘
11:16:45	17.92	--	13	23296	卖盘
11:16:42	17.92	--	3	5376	卖盘
11:16:39	17.92	--	4	7168	卖盘
11:16:36	17.92	0.01	2	3584	中性盘
11:16:30	17.91	-0.01	20	35820	卖盘
11:16:27	17.92	0.01	21	37703	买盘
11:16:21	17.91	-0.01	9	16119	卖盘
11:16:18	17.92	-0.01	45	82360	卖盘
11:16:15	17.93	--	9	16137	买盘
11:16:12	17.93	--	61	109373	买盘
11:16:06	17.93	0.01	5	8965	买盘
11:16:00	17.92	--	20	35840	卖盘
11:15:57	17.92	--	5	8960	卖盘
11:15:48	17.92	--	11	19783	买盘
11:15:45	17.92	0.01	5	8960	买盘
11:15:42	17.91	--	1	1791	卖盘
11:15:39	17.91	--	43	77013	卖盘
11:15:36	17.91	-0.01	7	12537	卖盘
11:15:33	17.92	0.01	3	5376	买盘
11:15:30	17.91	-0.01	10	17910	卖盘
11:15:24	17.92	--	8	14336	买盘
11:15:21	17.92	0.01	101	180992	买盘
11:15:18	17.91	--	163	291933	卖盘
11:15:12	17.91	-0.01	8	14328	卖盘
11:15:09	17.92	0.01	2	3584	买盘
11:15:06	17.91	-0.01	9	16119	卖盘
11:15:03	17.92	--	2	3584	买盘
11:15:00	17.92	--	62	111104	买盘
11:14:51	17.92	--	4	7168	买盘
11:14:48	17.92	--	22	39424	买盘
11:14:45	17.92	--	15	26880	买盘
11:14:42	17.92	--	29	51968	买盘
11:14:39	17.92	-0.01	315	566200	卖盘
11:14:36	17.93	--	2	3586	卖盘
11:14:33	17.93	--	3	5379	卖盘
11:14:24	17.93	--	45	80685	卖盘
11:14:21	17.93	--	8	14344	卖盘
11:14:15	17.93	--	32	57376	买盘
11:14:12	17.93	0.01	52	93236	买盘
11:14:09	17.92	--	31	55552	卖盘
11:14:06	17.92	-0.01	4	7168	卖盘
11:14:03	17.93	0.01	18	32274	买盘
11:14:00	17.92	--	28	50176	卖盘
11:13:54	17.92	--	43	77056	卖盘
11:13:51	17.92	--	6	10752	卖盘
11:13:42	17.92	--	20	35840	卖盘
11:13:36	17.92	-0.01	1	1792	卖盘
11:13:33	17.93	--	12	21516	买盘
11:13:30	17.93	--	16	28688	买盘
11:13:27	17.93	0.01	7	12551	买盘
11:13:24	17.92	-0.01	6	10752	卖盘
11:13:21	17.93	--	5	8965	买盘
11:13:18	17.93	--	64	114752	买盘
11:13:15	17.93	0.01	30	53790	买盘
11:13:09	17.92	--	20	35840	卖盘
11:13:06	17.92	-0.01	2	3584	卖盘
11:13:03	17.93	0.01	7	12551	中性盘
11:13:00	17.92	-0.01	5	8960	卖盘
11:12:57	17.93	0.01	110	197230	买盘
11:12:54	17.92	--	62	111104	卖盘
11:12:51	17.92	-0.01	22	39424	卖盘
11:12:48	17.93	--	7	12551	买盘
11:12:45	17.93	0.01	129	231297	买盘
11:12:42	17.92	-0.01	58	103936	卖盘
11:12:39	17.93	--	5	8965	买盘
11:12:36	17.93	0.01	8	14344	买盘
11:12:27	17.92	--	1	1792	卖盘
11:12:21	17.92	--	1	1792	卖盘
11:12:15	17.92	-0.01	3	5376	卖盘
11:12:12	17.93	0.01	6	10758	买盘
11:12:09	17.92	--	53	94976	卖盘
11:12:06	17.92	--	2	3584	卖盘
11:12:00	17.92	--	15	26880	卖盘
11:11:51	17.92	--	7	12544	卖盘
11:11:42	17.92	--	27	48384	卖盘
11:11:39	17.92	-0.01	96	172032	卖盘
11:11:36	17.93	0.01	7	12551	买盘
11:11:33	17.92	--	5	8960	卖盘
11:11:30	17.92	--	11	19712	卖盘
11:11:27	17.92	-0.01	19	34048	卖盘
11:11:24	17.93	-0.01	10	17930	卖盘
11:11:21	17.94	0.01	13	23322	买盘
11:11:18	17.93	--	251	450043	卖盘
11:11:06	17.93	-0.01	50	89847	卖盘
11:11:00	17.94	--	2	3588	卖盘
11:10:57	17.94	--	24	43056	卖盘
11:10:54	17.94	--	90	161460	卖盘
11:10:51	17.94	-0.01	27	48438	卖盘
11:10:45	17.95	--	1	1795	买盘
11:10:42	17.95	0.01	18	32310	买盘
11:10:39	17.94	--	39	69966	卖盘
11:10:36	17.94	--	6	10764	卖盘
11:10:30	17.94	--	2	3588	卖盘
11:10:27	17.94	-0.01	1	1794	卖盘
11:10:18	17.95	0.01	100	179500	买盘
11:10:09	17.94	--	110	197340	卖盘
11:10:06	17.94	-0.01	2	3588	卖盘
11:10:03	17.95	--	1	1795	买盘
11:10:00	17.95	--	30	53850	买盘
11:09:51	17.95	0.01	31	55645	买盘
11:09:48	17.94	-0.01	6	10764	卖盘
11:09:45	17.95	0.01	3	5385	买盘
11:09:42	17.94	--	3	5382	卖盘
11:09:39	17.94	--	5	8970	卖盘
11:09:36	17.94	-0.01	4	7176	卖盘
11:09:30	17.95	0.01	10	17950	买盘
11:09:27	17.94	-0.01	27	48438	卖盘
11:09:24	17.95	--	5	8975	买盘
11:09:21	17.95	--	20	35900	买盘
11:09:18	17.95	--	8	14360	买盘
11:09:09	17.95	0.01	4	7180	买盘
11:09:06	17.94	-0.01	2	3588	卖盘
11:09:03	17.95	--	7	12565	买盘
11:09:00	17.95	0.01	6	10770	买盘
11:08:57	17.94	-0.01	5	8970	卖盘
11:08:54	17.95	--	86	154370	买盘
11:08:51	17.95	--	12	21540	买盘
11:08:48	17.95	--	2	3590	买盘
11:08:45	17.95	0.01	2	3590	买盘
11:08:36	17.94	-0.01	2	3588	卖盘
11:08:33	17.95	--	165	296175	卖盘
11:08:27	17.95	-0.01	50	89750	卖盘
11:08:18	17.96	0.01	55	98780	买盘
11:08:06	17.95	--	7	12565	卖盘
11:08:03	17.95	--	1	1795	卖盘
11:07:57	17.95	--	9	16155	卖盘
11:07:54	17.95	--	1	1795	卖盘
11:07:51	17.95	--	12	21540	卖盘
11:07:48	17.95	--	18	32310	卖盘
11:07:45	17.95	--	99	177705	卖盘
11:07:42	17.95	--	161	288995	买盘
11:07:39	17.95	0.01	5	8975	买盘
11:07:36	17.94	-0.01	7	12558	卖盘
11:07:33	17.95	--	1	1795	买盘
11:07:30	17.95	0.01	37	66415	买盘
11:07:27	17.94	-0.01	21	37674	卖盘
11:07:21	17.95	--	15	26925	买盘
11:07:06	17.95	0.01	27	48465	买盘
11:07:03	17.94	-0.01	6	10764	卖盘
11:06:51	17.95	-0.01	29	52055	卖盘
11:06:48	17.96	0.01	15	26940	买盘
11:06:36	17.95	-0.01	2	3590	卖盘
11:06:33	17.96	--	21	37716	卖盘
11:06:24	17.96	-0.01	1	1796	卖盘
11:06:15	17.97	-0.02	79	141963	卖盘
11:06:12	17.99	0.01	3	5396	买盘
11:06:06	17.98	--	2	3596	卖盘
11:06:00	17.98	--	6	10788	卖盘
11:05:57	17.98	--	6	10788	卖盘
11:05:48	17.98	--	5	8990	卖盘
11:05:42	17.98	--	18	32364	买盘
11:05:39	17.98	0.02	20	35960	买盘
11:05:36	17.96	-0.02	2	3592	卖盘
11:05:33	17.98	-0.01	1	1798	中性盘
11:05:24	17.99	0.05	5	8995	买盘
11:05:21	17.94	-0.05	84	150696	卖盘
11:05:15	17.99	--	7	12592	卖盘
11:05:12	17.99	--	10	17990	卖盘
11:05:06	17.99	--	4	7195	卖盘
11:05:03	17.99	--	10	17990	卖盘
11:04:54	17.99	--	5	8995	卖盘
11:04:51	17.99	0.05	14	25185	买盘
11:04:42	17.94	-0.01	6	12360	卖盘
11:04:39	17.95	--	120	215400	卖盘
11:04:36	17.95	-0.01	2	3590	卖盘
11:04:27	17.96	--	13	23348	买盘
11:04:24	17.96	-0.03	86	154653	卖盘
11:04:18	17.99	0.03	15	26984	买盘
11:04:15	17.96	-0.02	24	43104	卖盘
11:04:12	17.98	--	20	35960	卖盘
11:04:06	17.98	0.01	10	19580	买盘
11:04:03	17.97	--	9	16172	买盘
11:03:57	17.97	-0.01	46	82662	卖盘
11:03:42	17.98	0.01	5	8990	买盘
11:03:36	17.97	0.01	1	1797	卖盘
11:03:33	17.96	-0.01	20	35920	卖盘
11:03:21	17.97	0.01	10	17970	买盘
11:03:12	17.96	--	40	71840	买盘
11:03:09	17.96	0.01	20	35920	买盘
11:03:06	17.95	-0.01	37	66415	卖盘
11:03:00	17.96	--	10	17960	买盘
11:02:54	17.96	--	33	59268	买盘
11:02:51	17.96	--	68	122128	卖盘
11:02:48	17.96	-0.01	56	100576	卖盘
11:02:45	17.97	0.01	47	84459	买盘
11:02:36	17.96	-0.01	2	3592	卖盘
11:02:33	17.97	--	20	35940	买盘
11:02:15	17.97	--	10	17970	卖盘
11:02:09	17.97	--	13	23361	卖盘
11:02:06	17.97	--	14	25158	卖盘
11:01:57	17.97	--	3	5391	买盘
11:01:54	17.97	--	4	7188	卖盘
11:01:51	17.97	--	10	17970	卖盘
11:01:48	17.97	--	2	3594	买盘
11:01:45	17.97	--	5	8985	买盘
11:01:39	17.97	--	10	17970	卖盘
11:01:36	17.97	--	2	3594	卖盘
11:01:33	17.97	--	19	34143	卖盘
11:01:27	17.97	-0.01	20	35940	卖盘
11:01:21	17.98	0.01	10	17980	买盘
11:01:15	17.97	--	34	61097	卖盘
11:01:12	17.97	--	5	8985	卖盘
11:01:06	17.97	-0.01	7	12579	卖盘
11:01:00	17.98	0.01	2	3596	买盘
11:00:54	17.97	--	4	7188	卖盘
11:00:51	17.97	-0.01	13	23361	卖盘
11:00:45	17.98	--	18	32364	买盘
11:00:42	17.98	--	1	1798	买盘
11:00:39	17.98	0.01	2	3596	买盘
11:00:36	17.97	-0.01	1	1797	卖盘
11:00:33	17.98	--	55	99087	卖盘
11:00:30	17.98	-0.02	35	62930	卖盘
11:00:27	18.0	--	136	244800	卖盘
11:00:24	18.0	--	50	90000	卖盘
11:00:12	18.0	--	5	9000	卖盘
11:00:09	18.0	--	61	109800	卖盘
11:00:06	18.0	--	2	3600	卖盘
11:00:00	18.0	--	20	36000	卖盘
10:59:57	18.0	--	10	18000	卖盘
10:59:48	18.0	--	9	16200	卖盘
10:59:42	18.0	--	3	5400	卖盘
10:59:39	18.0	--	2	3600	卖盘
10:59:36	18.0	--	2	3600	卖盘
10:59:24	18.0	--	5	9000	卖盘
10:59:18	18.0	--	11	19800	卖盘
10:59:12	18.0	--	3	5400	卖盘
10:59:09	18.0	--	30	54000	卖盘
10:59:06	18.0	--	2	3600	卖盘
10:59:00	18.0	-0.01	9	16200	卖盘
10:58:51	18.01	--	5	9005	买盘
10:58:39	18.01	0.01	10	18010	买盘
10:58:36	18.0	--	2	3600	卖盘
10:58:27	18.0	-0.01	1	1800	卖盘
10:58:15	18.01	0.01	2	3602	中性盘
10:58:06	18.0	-0.01	14	25200	卖盘
10:57:51	18.01	0.02	5	9005	中性盘
10:57:45	17.99	-0.01	39	70161	卖盘
10:57:36	18.0	0.01	2	3600	中性盘
10:57:30	17.99	-0.02	60	107939	卖盘
10:57:27	18.01	--	6	10806	卖盘
10:57:24	18.01	0.02	86	156488	买盘
10:57:21	17.99	--	6	10793	卖盘
10:57:18	17.99	--	1	1798	卖盘
10:57:15	17.99	-0.01	6	10793	卖盘
10:57:12	18.0	0.01	26	46800	买盘
10:57:06	17.99	--	1	1798	卖盘
10:57:03	17.99	--	2	3597	卖盘
10:56:57	17.99	0.01	1	1798	中性盘
10:56:51	17.98	-0.01	40	71920	卖盘
10:56:48	17.99	--	25	44974	买盘
10:56:42	17.99	--	5	8995	买盘
10:56:39	17.99	0.01	5	8995	买盘
10:56:36	17.98	-0.01	2	3596	卖盘
10:56:24	17.99	--	3	5396	买盘
10:56:15	17.99	--	4	7195	买盘
10:56:12	17.99	-0.01	32	57567	卖盘
10:56:06	18.0	--	7	12600	买盘
10:56:03	18.0	--	27	48600	买盘
10:56:00	18.0	--	13	23400	买盘
10:55:57	18.0	--	1	1800	买盘
10:55:54	18.0	--	44	79398	卖盘
10:55:48	18.0	-0.01	20	36000	卖盘
10:55:42	18.01	0.01	6	10806	买盘
10:55:36	18.0	-0.01	3	5400	卖盘
10:55:33	18.01	0.01	13	23413	买盘
10:55:30	18.0	-0.01	184	331200	卖盘
10:55:27	18.01	-0.01	3	5403	卖盘
10:55:24	18.02	0.01	24	43248	买盘
10:55:21	18.01	--	2	3602	卖盘
10:55:18	18.01	-0.01	7	12607	卖盘
10:55:15	18.02	0.01	10	18020	买盘
10:55:06	18.01	--	5	9005	卖盘
10:55:03	18.01	--	7	12607	卖盘
10:54:54	18.01	--	35	63035	买盘
10:54:51	18.01	--	5	9005	买盘
10:54:48	18.01	--	2	3602	买盘
10:54:42	18.01	0.01	63	113463	买盘
10:54:39	18.0	-0.01	2	3600	卖盘
10:54:36	18.01	--	30	54030	买盘
10:54:33	18.01	--	5	9005	买盘
10:54:30	18.01	--	5	9005	买盘
10:54:27	18.01	--	22	39622	卖盘
10:54:21	18.01	--	12	21612	卖盘
10:54:18	18.01	--	2	3602	卖盘
10:54:12	18.01	0.01	74	134876	买盘
10:54:09	18.0	--	3	5400	卖盘
10:54:06	18.0	--	2	3600	卖盘
10:54:03	18.0	-0.01	2	3600	卖盘
10:54:00	18.01	0.01	15	27015	买盘
10:53:54	18.0	--	14	25200	买盘
10:53:51	18.0	0.01	20	36000	买盘
10:53:48	17.99	-0.01	2	3597	卖盘
10:53:45	18.0	--	21	37800	买盘
10:53:42	18.0	--	13	23400	买盘
10:53:39	18.0	0.01	15	27000	买盘
10:53:36	17.99	-0.01	10	17990	卖盘
10:53:33	18.0	--	15	27000	买盘
10:53:27	18.0	--	20	36000	买盘
10:53:24	18.0	--	7	12600	买盘
10:53:21	18.0	0.01	6	10800	买盘
10:53:12	17.99	--	10	17990	卖盘
10:53:06	17.99	0.01	106	190693	买盘
10:52:57	17.98	0.02	3	5394	买盘
10:52:54	17.96	-0.02	2	3592	卖盘
10:52:42	17.98	0.03	3	5394	买盘
10:52:39	17.95	-0.01	36	64620	卖盘
10:52:36	17.96	--	10	17960	买盘
10:52:30	17.96	--	4	7184	买盘
10:52:27	17.96	0.01	10	17960	买盘
10:52:24	17.95	--	3	5385	卖盘
10:52:21	17.95	-0.01	8	14360	卖盘
10:52:18	17.96	0.01	1	1796	买盘
10:52:15	17.95	0.01	1	1795	买盘
10:52:09	17.94	--	5	8970	买盘
10:52:06	17.94	--	23	41262	买盘
10:52:00	17.94	--	10	17940	买盘
10:51:57	17.94	--	1	1794	买盘
10:51:54	17.94	--	10	17940	买盘
10:51:51	17.94	-0.01	79	141726	卖盘
10:51:48	17.95	--	3	5385	卖盘
10:51:45	17.95	--	4	7180	卖盘
10:51:39	17.95	0.01	29	52055	买盘
10:51:36	17.94	--	4	7176	卖盘
10:51:33	17.94	-0.01	20	35880	卖盘
10:51:30	17.95	--	25	44875	买盘
10:51:27	17.95	--	5	8975	买盘
10:51:24	17.95	--	10	17950	买盘
10:51:21	17.95	0.02	20	35900	买盘
10:51:18	17.93	--	5	8965	卖盘
10:51:15	17.93	-0.02	22	39446	卖盘
10:51:09	17.95	0.01	16	28720	买盘
10:51:06	17.94	--	3	5382	买盘
10:51:03	17.94	--	14	25116	买盘
10:50:57	17.94	--	39	69966	卖盘
10:50:48	17.94	-0.01	2	3588	卖盘
10:50:45	17.95	--	15	26925	买盘
10:50:42	17.95	0.01	12	21540	买盘
10:50:36	17.94	-0.01	30	53820	卖盘
10:50:33	17.95	-0.01	30	53850	卖盘
10:50:27	17.96	0.01	3	5388	买盘
10:50:21	17.95	-0.01	35	62825	卖盘
10:50:18	17.96	--	6	10776	买盘
10:50:09	17.96	--	4	7184	卖盘
10:50:06	17.96	-0.01	2	3592	卖盘
10:50:03	17.97	--	1	1797	买盘
10:50:00	17.97	0.02	20	35940	买盘
10:49:57	17.95	-0.02	5	8975	卖盘
10:49:54	17.97	--	5	8985	买盘
10:49:51	17.97	--	30	53910	买盘
10:49:45	17.97	--	80	143760	买盘
10:49:42	17.97	0.01	6	10782	买盘
10:49:39	17.96	--	1	1796	卖盘
10:49:36	17.96	--	46	82616	卖盘
10:49:27	17.96	0.01	11	19756	买盘
10:49:18	17.95	--	10	17950	卖盘
10:49:12	17.95	--	1	1795	卖盘
10:49:09	17.95	--	9	16155	卖盘
10:49:06	17.95	--	2	3590	卖盘
10:49:03	17.95	--	73	131519	买盘
10:48:54	17.95	--	20	35900	买盘
10:48:48	17.95	0.02	25	44875	买盘
10:48:45	17.93	-0.01	78	139854	卖盘
10:48:36	17.94	--	113	202722	买盘
10:48:30	17.94	--	19	34086	买盘
10:48:27	17.94	0.01	30	53820	买盘
10:48:24	17.93	-0.01	10	17930	卖盘
10:48:21	17.94	--	6	10764	买盘
10:48:18	17.94	--	2	3588	买盘
10:48:15	17.94	--	10	17940	买盘
10:48:12	17.94	--	8	14352	买盘
10:48:09	17.94	0.01	6	10764	买盘
10:48:06	17.93	--	2	3586	卖盘
10:48:03	17.93	--	8	14344	卖盘
10:48:00	17.93	--	11	19723	卖盘
10:47:54	17.93	-0.01	114	204402	卖盘
10:47:45	17.94	0.01	25	44850	买盘
10:47:36	17.93	-0.01	12	21516	卖盘
10:47:30	17.94	0.01	61	109434	买盘
10:47:27	17.93	--	5	8965	卖盘
10:47:18	17.93	--	3	5379	卖盘
10:47:15	17.93	--	41	73513	卖盘
10:47:12	17.93	--	71	127303	买盘
10:47:09	17.93	--	40	71720	买盘
10:47:06	17.93	0.01	4	7172	买盘
10:47:03	17.92	-0.01	11	19712	卖盘
10:47:00	17.93	--	33	59169	买盘
10:46:57	17.93	--	6	10758	买盘
10:46:54	17.93	--	8	14344	买盘
10:46:51	17.93	--	5	8965	买盘
10:46:48	17.93	0.01	25	44825	买盘
10:46:45	17.92	-0.02	300	537600	卖盘
10:46:42	17.94	0.01	8	14352	买盘
10:46:36	17.93	-0.01	12	21516	卖盘
10:46:33	17.94	--	4	7176	买盘
10:46:30	17.94	--	1	1794	买盘
10:46:27	17.94	0.01	29	52026	买盘
10:46:24	17.93	-0.01	6	10758	卖盘
10:46:21	17.94	0.01	9	16146	买盘
10:46:18	17.93	-0.01	23	41239	卖盘
10:46:12	17.94	--	6	10764	买盘
10:46:09	17.94	0.01	44	78936	买盘
10:46:06	17.93	-0.01	8	14344	卖盘
10:46:03	17.94	--	15	26910	买盘
10:46:00	17.94	0.01	1	1794	买盘
10:45:54	17.93	-0.01	13	23309	卖盘
10:45:48	17.94	--	5	8970	买盘
10:45:45	17.94	0.01	5	8970	中性盘
10:45:42	17.93	--	7	12551	卖盘
10:45:39	17.93	--	43	77099	卖盘
10:45:36	17.93	--	2	3586	卖盘
10:45:33	17.93	--	52	93236	卖盘
10:45:30	17.93	-0.01	7	12551	卖盘
10:45:27	17.94	0.01	37	66378	买盘
10:45:24	17.93	-0.01	20	35860	卖盘
10:45:18	17.94	--	10	17957	买盘
10:45:12	17.94	0.01	38	68172	买盘
10:45:09	17.93	-0.01	10	17930	卖盘
10:45:06	17.94	0.01	17	30498	买盘
10:45:00	17.93	-0.01	8	14344	卖盘
10:44:57	17.94	--	34	60996	买盘
10:44:51	17.94	0.01	10	17940	买盘
10:44:48	17.93	-0.01	2	3586	卖盘
10:44:45	17.94	--	1	1794	买盘
10:44:42	17.94	--	6	10764	买盘
10:44:39	17.94	--	5	8970	买盘
10:44:36	17.94	--	55	98670	买盘
10:44:33	17.94	--	10	17940	买盘
10:44:30	17.94	--	20	35880	买盘
10:44:27	17.94	--	6	10764	买盘
10:44:21	17.94	0.01	59	105846	买盘
10:44:18	17.93	-0.01	5	8965	卖盘
10:44:15	17.94	--	16	28704	买盘
10:44:12	17.94	0.01	20	35880	买盘
10:44:09	17.93	--	40	71720	卖盘
10:44:06	17.93	-0.01	8	14344	卖盘
10:44:03	17.94	0.01	4	7176	买盘
10:44:00	17.93	--	45	80685	卖盘
10:43:57	17.93	-0.01	68	121924	卖盘
10:43:54	17.94	--	2	3588	买盘
10:43:48	17.94	--	36	64584	买盘
10:43:45	17.94	--	1	1794	买盘
10:43:42	17.94	0.01	57	102258	买盘
10:43:36	17.93	--	6	10758	卖盘
10:43:33	17.93	-0.01	3	5379	卖盘
10:43:27	17.94	--	13	23322	买盘
10:43:24	17.94	0.01	10	17940	买盘
10:43:21	17.93	--	26	46618	卖盘
10:43:12	17.93	--	5	8965	卖盘
10:43:06	17.93	--	12	21516	卖盘
10:43:03	17.93	--	5	8965	卖盘
10:43:00	17.93	--	20	35860	买盘
10:42:57	17.93	--	68	121977	买盘
10:42:54	17.93	0.01	133	238469	买盘
10:42:51	17.92	--	13	23296	卖盘
10:42:48	17.92	-0.01	2	3584	卖盘
10:42:45	17.93	0.01	86	154198	买盘
10:42:42	17.92	--	48	86016	卖盘
10:42:39	17.92	-0.01	1	1792	卖盘
10:42:36	17.93	--	12	21516	买盘
10:42:33	17.93	0.01	46	82478	买盘
10:42:30	17.92	--	3	5376	卖盘
10:42:27	17.92	-0.01	50	89600	卖盘
10:42:24	17.93	--	11	19723	买盘
10:42:21	17.93	--	7	12551	买盘
10:42:18	17.93	--	8	14344	买盘
10:42:15	17.93	--	4	7172	买盘
10:42:12	17.93	--	113	202609	买盘
10:42:09	17.93	--	13	23309	买盘
10:42:06	17.93	-0.01	74	134421	卖盘
10:42:03	17.94	--	66	118404	买盘
10:42:00	17.94	--	76	136344	买盘
10:41:57	17.94	0.01	10	17940	买盘
10:41:54	17.93	-0.01	86	154198	卖盘
10:41:48	17.94	0.01	11	19734	买盘
10:41:45	17.93	-0.01	2	3586	卖盘
10:41:42	17.94	--	12	21581	买盘
10:41:39	17.94	0.01	8	14352	买盘
10:41:36	17.93	-0.01	5	8965	卖盘
10:41:33	17.94	0.01	21	37674	买盘
10:41:30	17.93	-0.01	189	338877	卖盘
10:41:27	17.94	0.01	13	23322	买盘
10:41:24	17.93	--	13	23309	卖盘
10:41:21	17.93	--	12	21516	卖盘
10:41:18	17.93	-0.01	11	19723	卖盘
10:41:15	17.94	0.01	2	3588	买盘
10:41:12	17.93	--	30	53790	卖盘
10:41:09	17.93	-0.01	100	179300	卖盘
10:41:06	17.94	0.01	48	86112	买盘
10:41:03	17.93	-0.01	11	19723	卖盘
10:41:00	17.94	0.01	30	53820	买盘
10:40:54	17.93	--	11	19723	卖盘
10:40:45	17.93	--	86	154198	卖盘
10:40:42	17.93	0.01	20	35860	买盘
10:40:39	17.92	-0.01	64	114688	卖盘
10:40:36	17.93	--	10	17930	买盘
10:40:33	17.93	0.01	18	32274	买盘
10:40:24	17.92	--	35	62720	卖盘
10:40:21	17.92	0.01	81	145152	买盘
10:40:18	17.91	--	48	85968	卖盘
10:40:15	17.91	--	25	44775	卖盘
10:40:12	17.91	-0.01	5	8955	卖盘
10:40:09	17.92	--	32	57344	买盘
10:40:06	17.92	--	56	100352	买盘
10:40:03	17.92	0.01	1	1792	买盘
10:40:00	17.91	--	21	37611	卖盘
10:39:57	17.91	-0.01	20	35820	卖盘
10:39:54	17.92	--	20	35840	卖盘
10:39:51	17.92	--	18	32256	卖盘
10:39:45	17.92	0.01	10	17920	买盘
10:39:42	17.91	--	13	23283	卖盘
10:39:36	17.91	0.01	67	119997	中性盘
10:39:33	17.9	-0.01	83	148570	卖盘
10:39:30	17.91	-0.01	6	10746	卖盘
10:39:27	17.92	0.01	49	87808	买盘
10:39:24	17.91	-0.01	34	60894	卖盘
10:39:21	17.92	--	99	177408	买盘
10:39:15	17.92	-0.01	7	12544	卖盘
10:39:12	17.93	0.02	136	243848	买盘
10:39:09	17.91	--	36	64476	卖盘
10:39:06	17.91	-0.02	186	333126	卖盘
10:39:03	17.93	--	37	66341	买盘
10:39:00	17.93	--	10	17930	买盘
10:38:54	17.93	-0.01	139	249227	卖盘
10:38:48	17.94	-0.01	60	107640	卖盘
10:38:45	17.95	--	13	23335	买盘
10:38:42	17.95	--	8	14360	买盘
10:38:39	17.95	--	506	908880	卖盘
10:38:36	17.95	-0.01	13	23335	卖盘
10:38:30	17.96	0.01	10	17960	买盘
10:38:27	17.95	--	35	62825	卖盘
10:38:24	17.95	--	18	32310	卖盘
10:38:21	17.95	--	19	34105	卖盘
10:38:18	17.95	-0.01	20	35900	卖盘
10:38:15	17.96	0.01	64	114944	买盘
10:38:09	17.95	--	20	35900	卖盘
10:38:06	17.95	-0.01	30	55034	卖盘
10:38:00	17.96	0.01	3	5388	买盘
10:37:57	17.95	--	59	105905	卖盘
10:37:54	17.95	--	100	179500	卖盘
10:37:48	17.95	-0.01	14	25130	卖盘
10:37:42	17.96	-0.01	1	1796	中性盘
10:37:39	17.97	0.02	7	12579	买盘
10:37:36	17.95	-0.01	67	120265	卖盘
10:37:33	17.96	-0.01	9	16164	卖盘
10:37:30	17.97	--	26	46722	买盘
10:37:27	17.97	--	2	3594	买盘
10:37:21	17.97	--	55	98835	买盘
10:37:18	17.97	--	5	8985	买盘
10:37:15	17.97	-0.01	10	17970	买盘
10:37:12	17.98	0.01	68	122264	买盘
10:37:09	17.97	0.01	233	418701	买盘
10:37:06	17.96	-0.01	747	1341809	卖盘
10:37:03	17.97	-0.01	2	3594	卖盘
10:36:48	17.98	-0.01	61	109678	卖盘
10:36:39	17.99	0.01	4	7195	买盘
10:36:36	17.98	--	2	3596	卖盘
10:36:33	17.98	--	7	12586	卖盘
10:36:30	17.98	--	43	77314	卖盘
10:36:27	17.98	-0.01	42	75516	卖盘
10:36:24	17.99	--	2	3597	买盘
10:36:09	17.99	0.01	23	41377	中性盘
10:36:06	17.98	-0.02	41	73718	卖盘
10:35:45	18.0	0.02	12	21600	买盘
10:35:42	17.98	--	1	1798	卖盘
10:35:39	17.98	--	2	3596	卖盘
10:35:36	17.98	-0.02	7	12586	卖盘
10:35:30	18.0	--	5	9000	买盘
10:35:21	18.0	--	5	9000	买盘
10:35:15	18.0	-0.01	32	57600	卖盘
10:35:09	18.01	0.01	5	9005	买盘
10:35:06	18.0	--	12	21600	卖盘
10:35:00	18.0	--	30	54000	卖盘
10:34:57	18.0	--	2	3600	卖盘
10:34:54	18.0	--	5	9000	卖盘
10:34:51	18.0	-0.01	2	3600	卖盘
10:34:48	18.01	--	5	9005	买盘
10:34:42	18.01	--	9	16209	买盘
10:34:36	18.01	--	4	7204	买盘
10:34:30	18.01	--	2	3602	买盘
10:34:27	18.01	--	7	12607	买盘
10:34:24	18.01	0.01	10	18010	买盘
10:34:21	18.0	--	44	79200	卖盘
10:34:12	18.0	-0.01	4	7200	卖盘
10:34:09	18.01	0.01	39	70239	买盘
10:34:06	18.0	--	12	21600	卖盘
10:34:03	18.0	--	10	18000	卖盘
10:33:57	18.0	--	1	1800	卖盘
10:33:54	18.0	--	64	115200	卖盘
10:33:48	18.0	--	6	10800	卖盘
10:33:45	18.0	--	72	129600	买盘
10:33:39	18.0	0.02	36	64800	买盘
10:33:36	17.98	--	6	10788	卖盘
10:33:30	17.98	-0.01	22	39556	卖盘
10:33:24	17.99	0.01	9	16190	中性盘
10:33:21	17.98	--	25	44950	卖盘
10:33:18	17.98	--	2	3596	买盘
10:33:15	17.98	--	95	170810	买盘
10:33:12	17.98	--	9	16182	买盘
10:33:09	17.98	0.01	29	52142	卖盘
10:33:06	17.97	--	15	26955	卖盘
10:33:03	17.97	-0.01	60	107820	卖盘
10:33:00	17.98	--	72	129456	买盘
10:32:51	17.98	0.01	40	71920	买盘
10:32:42	17.97	-0.01	56	102231	卖盘
10:32:39	17.98	--	17	30566	买盘
10:32:36	17.98	--	22	39556	买盘
10:32:33	17.98	0.01	13	23374	买盘
10:32:30	17.97	--	20	35940	卖盘
10:32:24	17.97	-0.01	110	197670	卖盘
10:32:21	17.98	--	1	1798	买盘
10:32:18	17.98	--	15	26970	买盘
10:32:15	17.98	0.01	4	7192	买盘
10:32:12	17.97	--	5	8985	卖盘
10:32:09	17.97	--	2	3594	卖盘
10:32:06	17.97	--	9	16172	卖盘
10:32:03	17.97	-0.01	10	17970	卖盘
10:32:00	17.98	--	232	417136	买盘
10:31:54	17.98	0.01	1	1798	买盘
10:31:51	17.97	--	48	86256	卖盘
10:31:42	17.97	-0.01	14	25158	卖盘
10:31:39	17.98	0.01	17	30566	买盘
10:31:36	17.97	--	2	3594	卖盘
10:31:33	17.97	--	5	8985	卖盘
10:31:27	17.97	--	25	44925	卖盘
10:31:24	17.97	-0.01	21	37737	卖盘
10:31:21	17.98	0.01	10	17980	买盘
10:31:18	17.97	--	3	5391	买盘
10:31:15	17.97	--	5	8985	买盘
10:31:12	17.97	--	6	10782	卖盘
10:31:09	17.97	--	10	17970	中性盘
10:31:06	17.97	--	24	43128	卖盘
10:31:03	17.97	-0.01	7	12579	卖盘
10:31:00	17.98	0.01	4	7192	买盘
10:30:57	17.97	-0.01	86	154542	卖盘
10:30:54	17.98	0.01	30	53940	买盘
10:30:51	17.97	-0.01	12	21564	卖盘
10:30:48	17.98	--	10	17980	买盘
10:30:45	17.98	--	17	30566	买盘
10:30:42	17.98	--	2	3596	买盘
10:30:39	17.98	0.01	10	17980	买盘
10:30:36	17.97	-0.01	1	1797	卖盘
10:30:33	17.98	--	169	303862	买盘
10:30:30	17.98	--	11	19778	买盘
10:30:27	17.98	--	462	830676	卖盘
10:30:18	17.98	-0.01	33	59334	卖盘
10:30:15	17.99	0.01	12	21587	买盘
10:30:09	17.98	-0.01	5	8990	卖盘
10:30:06	17.99	-0.01	10	17990	中性盘
10:30:03	18.0	--	10	18000	买盘
10:29:57	18.0	--	7	12600	买盘
10:29:54	18.0	0.01	62	111600	买盘
10:29:51	17.99	-0.01	41	73759	卖盘
10:29:48	18.0	--	9	16200	买盘
10:29:45	18.0	--	1	1800	买盘
10:29:39	18.0	0.01	5	9000	买盘
10:29:36	17.99	--	225	404774	卖盘
10:29:33	17.99	--	18	32381	卖盘
10:29:27	17.99	--	1	1798	卖盘
10:29:21	17.99	--	15	26984	买盘
10:29:18	17.99	--	4	7195	买盘
10:29:15	17.99	0.01	8	14391	买盘
10:29:12	17.98	-0.01	4	7192	卖盘
10:29:09	17.99	0.01	18	32381	买盘
10:29:06	17.98	-0.01	2	3596	卖盘
10:29:00	17.99	--	169	304031	卖盘
10:28:57	17.99	-0.01	3	5396	卖盘
10:28:54	18.0	--	2	3600	买盘
10:28:51	18.0	--	4	7200	买盘
10:28:48	18.0	--	27	48600	买盘
10:28:45	18.0	--	24	43200	卖盘
10:28:42	18.0	--	82	147600	卖盘
10:28:39	18.0	--	210	378000	卖盘
10:28:36	18.0	-0.01	2	3600	卖盘
10:28:33	18.01	--	52	93652	买盘
10:28:30	18.01	-0.01	104	187304	卖盘
10:28:27	18.02	--	5	9010	买盘
10:28:18	18.02	-0.02	15	27030	卖盘
10:28:12	18.04	0.02	19	34276	买盘
10:28:06	18.02	0.01	7	12614	买盘
10:28:03	18.01	--	5	9005	卖盘
10:28:00	18.01	-0.01	71	127871	卖盘
10:27:54	18.02	--	16	28832	卖盘
10:27:51	18.02	0.01	23	41446	买盘
10:27:48	18.01	-0.01	6	10806	卖盘
10:27:39	18.02	0.01	5	9010	买盘
10:27:36	18.01	--	2	3602	卖盘
10:27:33	18.01	--	10	18010	卖盘
10:27:30	18.01	-0.01	78	140478	卖盘
10:27:24	18.02	--	2	3604	买盘
10:27:15	18.02	--	20	36040	买盘
10:27:12	18.02	--	59	106318	卖盘
10:27:06	18.02	--	1	1802	卖盘
10:27:00	18.02	-0.02	5	9010	卖盘
10:26:54	18.04	0.02	12	21648	买盘
10:26:51	18.02	--	12	21624	卖盘
10:26:48	18.02	--	6	10812	卖盘
10:26:39	18.02	--	31	55862	卖盘
10:26:36	18.02	--	2	3604	卖盘
10:26:30	18.02	-0.02	132	237864	卖盘
10:26:24	18.04	0.02	9	16236	买盘
10:26:18	18.02	-0.02	19	34238	卖盘
10:26:12	18.04	0.01	30	54120	买盘
10:26:09	18.03	--	36	64908	卖盘
10:26:06	18.03	--	2	3606	卖盘
10:25:57	18.03	-0.02	3	5409	卖盘
10:25:51	18.05	0.02	3	5415	买盘
10:25:42	18.03	--	255	459765	卖盘
10:25:36	18.03	--	2	3606	卖盘
10:25:30	18.03	0.01	10	18030	中性盘
10:25:24	18.02	-0.02	24	43248	卖盘
10:25:21	18.04	--	10	18040	买盘
10:25:18	18.04	-0.01	1	1804	中性盘
10:25:15	18.05	0.02	49	88445	买盘
10:25:12	18.03	--	2	3606	买盘
10:25:09	18.03	0.01	1	1803	中性盘
10:25:06	18.02	-0.03	21	37842	卖盘
10:24:54	18.05	0.03	17	30685	买盘
10:24:51	18.02	-0.01	208	374816	卖盘
10:24:48	18.03	0.02	36	64908	买盘
10:24:45	18.01	--	12	21612	卖盘
10:24:39	18.01	--	13	23413	卖盘
10:24:36	18.01	--	2	3602	卖盘
10:24:33	18.01	--	24	43224	卖盘
10:24:30	18.01	--	1	1801	卖盘
10:24:27	18.01	0.01	78	140478	买盘
10:24:24	18.0	-0.01	5	9000	卖盘
10:24:21	18.01	--	32	57632	买盘
10:24:12	18.01	--	60	108060	买盘
10:24:09	18.01	0.01	10	18010	买盘
10:24:06	18.0	--	13	23400	卖盘
10:24:03	18.0	-0.01	7	12600	卖盘
10:24:00	18.01	0.01	3	5403	买盘
10:23:51	18.0	--	1	1800	卖盘
10:23:45	18.0	--	17	30600	买盘
10:23:42	18.0	--	17	30600	买盘
10:23:39	18.0	--	27	48600	买盘
10:23:36	18.0	--	25	45000	买盘
10:23:33	18.0	--	16	28800	买盘
10:23:30	18.0	--	14	25200	买盘
10:23:24	18.0	--	77	138600	买盘
10:23:21	18.0	--	37	66600	买盘
10:23:15	18.0	--	8	14400	买盘
10:23:12	18.0	0.03	100	180000	买盘
10:23:09	17.97	-0.01	55	98835	卖盘
10:23:06	17.98	-0.02	18	32364	中性盘
10:23:00	18.0	0.03	81	145800	买盘
10:22:57	17.97	-0.02	25	44925	卖盘
10:22:54	17.99	0.01	5	8995	买盘
10:22:51	17.98	0.01	11	19778	买盘
10:22:48	17.97	--	35	62894	买盘
10:22:45	17.97	-0.01	145	260564	卖盘
10:22:42	17.98	--	63	113274	买盘
10:22:39	17.98	0.01	6	10788	买盘
10:22:36	17.97	--	7	12579	卖盘
10:22:33	17.97	--	5	8985	卖盘
10:22:30	17.97	0.02	9	16172	中性盘
10:22:27	17.95	-0.02	115	206425	卖盘
10:22:24	17.97	--	122	219234	卖盘
10:22:21	17.97	--	39	70083	买盘
10:22:18	17.97	--	11	19767	买盘
10:22:15	17.97	0.01	16	28752	买盘
10:22:12	17.96	0.01	11	19756	中性盘
10:22:09	17.95	-0.02	47	84365	卖盘
10:22:06	17.97	--	72	129383	买盘
10:22:03	17.97	0.01	49	88053	买盘
10:22:00	17.96	-0.01	145	260420	卖盘
10:21:57	17.97	--	127	228219	卖盘
10:21:54	17.97	--	13	23361	卖盘
10:21:51	17.97	-0.01	14	25158	卖盘
10:21:48	17.98	--	4	7192	买盘
10:21:45	17.98	--	29	52142	买盘
10:21:42	17.98	0.01	68	122264	买盘
10:21:39	17.97	-0.01	130	233609	卖盘
10:21:36	17.98	0.01	6	10788	买盘
10:21:33	17.97	--	6	10782	卖盘
10:21:30	17.97	-0.01	34	61097	卖盘
10:21:27	17.98	--	5	8990	中性盘
10:21:24	17.98	--	12	21576	中性盘
10:21:21	17.98	-0.01	39	70122	卖盘
10:21:18	17.99	0.01	31	55768	买盘
10:21:15	17.98	--	1	1798	卖盘
10:21:12	17.98	-0.01	33	59334	卖盘
10:21:09	17.99	0.01	81	145916	买盘
10:21:06	17.98	--	37	66526	卖盘
10:21:03	17.98	-0.01	42	77116	卖盘
10:21:00	17.99	0.01	20	35980	买盘
10:20:57	17.98	-0.01	115	206770	卖盘
10:20:51	17.99	--	38	68362	卖盘
10:20:48	17.99	--	46	82754	卖盘
10:20:45	17.99	--	15	26984	卖盘
10:20:42	17.99	--	1	1798	卖盘
10:20:39	17.99	-0.01	17	30582	卖盘
10:20:36	18.0	0.01	21	37800	买盘
10:20:33	17.99	-0.01	6	10793	卖盘
10:20:30	18.0	--	11	19800	买盘
10:20:27	18.0	--	5	9000	买盘
10:20:24	18.0	--	12	21600	买盘
10:20:21	18.0	--	139	250200	卖盘
10:20:18	18.0	-0.01	139	250200	卖盘
10:20:15	18.01	0.01	5	9005	买盘
10:20:12	18.0	--	49	88200	卖盘
10:20:09	18.0	--	62	111600	卖盘
10:20:06	18.0	--	5	9000	卖盘
10:20:03	18.0	-0.01	118	212400	卖盘
10:20:00	18.01	--	9	16209	买盘
10:19:57	18.01	0.01	9	16209	买盘
10:19:54	18.0	--	200	360000	卖盘
10:19:51	18.0	-0.01	103	185400	卖盘
10:19:48	18.01	0.01	27	48627	买盘
10:19:45	18.0	--	110	198000	卖盘
10:19:39	18.0	--	2	3600	卖盘
10:19:36	18.0	--	35	63000	卖盘
10:19:33	18.0	--	12	21600	卖盘
10:19:30	18.0	--	14	25200	卖盘
10:19:27	18.0	--	9	16200	卖盘
10:19:24	18.0	-0.01	12	21600	卖盘
10:19:21	18.01	0.01	5	9005	买盘
10:19:18	18.0	--	10	18000	卖盘
10:19:15	18.0	-0.01	61	109800	卖盘
10:19:12	18.01	0.01	2	3602	买盘
10:19:09	18.0	-0.01	7	12600	卖盘
10:19:06	18.01	0.01	9	16209	买盘
10:19:03	18.0	-0.01	20	36000	卖盘
10:19:00	18.01	--	20	36020	卖盘
10:18:57	18.01	0.01	10	18010	买盘
10:18:51	18.0	-0.01	22	39600	卖盘
10:18:48	18.01	--	38	68438	卖盘
10:18:45	18.01	--	1	1801	卖盘
10:18:39	18.01	0.01	10	18010	买盘
10:18:36	18.0	-0.01	24	43200	卖盘
10:18:33	18.01	--	5	9005	买盘
10:18:30	18.01	--	6	10806	卖盘
10:18:27	18.01	-0.01	333	599733	卖盘
10:18:24	18.02	0.02	51	91902	买盘
10:18:18	18.0	--	52	93600	卖盘
10:18:09	18.0	--	66	118800	卖盘
10:18:06	18.0	-0.01	376	676800	卖盘
10:18:00	18.01	0.01	2	3602	买盘
10:17:57	18.0	--	75	135000	卖盘
10:17:54	18.0	-0.01	5	9000	卖盘
10:17:51	18.01	--	1	1801	买盘
10:17:48	18.01	0.01	19	34219	买盘
10:17:45	18.0	-0.01	378	680400	卖盘
10:17:42	18.01	-0.01	62	111662	卖盘
10:17:39	18.02	0.01	1	1802	买盘
10:17:36	18.01	-0.01	11	19811	卖盘
10:17:33	18.02	-0.01	26	46852	卖盘
10:17:27	18.03	0.01	11	19833	买盘
10:17:18	18.02	--	12	21624	卖盘
10:17:12	18.02	--	2	3604	卖盘
10:17:09	18.02	--	3	5406	卖盘
10:17:06	18.02	--	1	1802	卖盘
10:17:03	18.02	--	12	21624	买盘
10:17:00	18.02	--	3	5406	买盘
10:16:57	18.02	0.01	28	50456	买盘
10:16:54	18.01	0.01	25	45025	卖盘
10:16:51	18.0	-0.02	6	10800	卖盘
10:16:48	18.02	0.01	16	28832	买盘
10:16:45	18.01	--	21	37821	买盘
10:16:42	18.01	--	63	113463	买盘
10:16:39	18.01	-0.01	99	178299	卖盘
10:16:36	18.02	--	2	3604	卖盘
10:16:33	18.02	--	5	9010	买盘
10:16:30	18.02	--	6	10812	买盘
10:16:27	18.02	0.01	29	52258	买盘
10:16:24	18.01	--	92	165692	卖盘
10:16:21	18.01	-0.01	92	165692	卖盘
10:16:18	18.02	--	3	5406	买盘
10:16:15	18.02	--	48	86496	买盘
10:16:12	18.02	0.01	194	349588	买盘
10:16:09	18.01	--	28	50428	卖盘
10:16:06	18.01	--	2	3602	卖盘
10:16:03	18.01	-0.01	27	48627	卖盘
10:16:00	18.02	--	16	28832	买盘
10:15:57	18.02	--	2	3604	买盘
10:15:54	18.02	--	4	7208	买盘
10:15:51	18.02	--	16	28832	卖盘
10:15:48	18.02	--	56	100912	卖盘
10:15:39	18.02	--	12	21624	卖盘
10:15:36	18.02	-0.02	2	3604	卖盘
10:15:33	18.04	0.02	5	9020	买盘
10:15:27	18.02	-0.02	191	344182	卖盘
10:15:21	18.04	--	11	19844	买盘
10:15:18	18.04	0.01	4	7216	买盘
10:15:12	18.03	-0.01	8	14424	卖盘
10:15:06	18.04	--	34	61336	买盘
10:15:03	18.04	0.01	2	3608	买盘
10:15:00	18.03	-0.01	17	30651	卖盘
10:14:57	18.04	--	18	32472	卖盘
10:14:54	18.04	-0.01	51	92004	卖盘
10:14:51	18.05	0.01	4	7220	买盘
10:14:42	18.04	--	1	1804	卖盘
10:14:39	18.04	--	9	16236	卖盘
10:14:36	18.04	-0.01	50	90200	卖盘
10:14:33	18.05	0.01	24	43320	买盘
10:14:30	18.04	-0.01	23	41492	卖盘
10:14:27	18.05	0.01	21	37905	买盘
10:14:24	18.04	-0.01	2	3608	卖盘
10:14:15	18.05	--	20	36100	买盘
10:14:09	18.05	0.01	2	3610	买盘
10:14:06	18.04	-0.01	2	3608	卖盘
10:14:03	18.05	-0.01	99	178695	卖盘
10:13:57	18.06	0.01	3	5418	买盘
10:13:54	18.05	--	8	14440	卖盘
10:13:51	18.05	-0.01	4	7220	卖盘
10:13:48	18.06	0.01	28	50568	买盘
10:13:45	18.05	--	3	5415	卖盘
10:13:42	18.05	--	10	18050	卖盘
10:13:39	18.05	-0.01	14	25270	卖盘
10:13:36	18.06	0.01	4	7223	买盘
10:13:33	18.05	--	2	3610	卖盘
10:13:30	18.05	--	3	5415	卖盘
10:13:09	18.05	-0.01	14	25270	卖盘
10:13:06	18.06	0.01	27	48762	买盘
10:12:57	18.05	--	10	18050	卖盘
10:12:54	18.05	--	3	5415	买盘
10:12:51	18.05	--	12	21660	卖盘
10:12:48	18.05	--	17	30685	中性盘
10:12:45	18.05	--	33	59565	买盘
10:12:42	18.05	0.01	3	5415	买盘
10:12:36	18.04	-0.01	2	3608	卖盘
10:12:30	18.05	--	19	34295	卖盘
10:12:27	18.05	--	30	54150	卖盘
10:12:24	18.05	--	13	23465	卖盘
10:12:21	18.05	-0.01	4	7220	卖盘
10:12:18	18.06	--	3	5418	买盘
10:12:12	18.06	--	95	171570	买盘
10:12:09	18.06	--	10	18060	卖盘
10:12:06	18.06	--	12	21672	卖盘
10:12:03	18.06	--	10	18060	卖盘
10:12:00	18.06	-0.01	7	12642	卖盘
10:11:57	18.07	--	3	5421	买盘
10:11:54	18.07	0.01	1	1807	买盘
10:11:51	18.06	-0.01	10	18060	卖盘
10:11:48	18.07	0.02	4	7228	买盘
10:11:45	18.05	-0.02	2	3610	卖盘
10:11:42	18.07	0.01	21	37947	买盘
10:11:39	18.06	--	18	32507	卖盘
10:11:36	18.06	--	20	36120	卖盘
10:11:24	18.06	0.01	1	1805	卖盘
10:11:21	18.05	--	28	50540	卖盘
10:11:18	18.05	--	10	18050	卖盘
10:11:12	18.05	--	5	9025	卖盘
10:11:09	18.05	0.01	33	59565	买盘
10:11:06	18.04	-0.01	3	5412	卖盘
10:11:03	18.05	--	3	5415	买盘
10:11:00	18.05	0.01	5	9025	买盘
10:10:57	18.04	--	5	9020	卖盘
10:10:54	18.04	-0.01	2	3608	卖盘
10:10:51	18.05	--	40	72200	买盘
10:10:48	18.05	0.01	1	1805	买盘
10:10:45	18.04	0.01	5	9020	中性盘
10:10:36	18.03	-0.01	21	37863	卖盘
10:10:30	18.04	-0.01	3	5412	卖盘
10:10:27	18.05	--	42	75810	买盘
10:10:21	18.05	0.02	19	34295	买盘
10:10:15	18.03	-0.01	2	3606	卖盘
10:10:12	18.04	0.01	103	185812	买盘
10:10:09	18.03	--	2	3606	卖盘
10:10:06	18.03	-0.01	2	3606	卖盘
10:10:03	18.04	0.01	2	3608	买盘
10:10:00	18.03	--	6	10818	卖盘
10:09:54	18.03	--	40	72120	卖盘
10:09:51	18.03	--	2	3606	卖盘
10:09:48	18.03	--	16	28848	买盘
10:09:45	18.03	--	8	14424	买盘
10:09:42	18.03	0.01	1	1803	买盘
10:09:39	18.02	-0.01	2	3604	卖盘
10:09:36	18.03	0.01	6	10818	买盘
10:09:33	18.02	-0.01	11	19822	卖盘
10:09:30	18.03	0.01	6	10818	买盘
10:09:27	18.02	--	2	3604	卖盘
10:09:21	18.02	--	10	18020	卖盘
10:09:18	18.02	0.02	6	10812	买盘
10:09:15	18.0	-0.01	247	444600	卖盘
10:09:12	18.01	-0.01	7	12607	中性盘
10:09:09	18.02	--	31	55862	买盘
10:09:06	18.02	--	304	547808	买盘
10:09:03	18.02	--	79	142358	买盘
10:09:00	18.02	--	90	162180	买盘
10:08:57	18.02	0.01	31	55862	买盘
10:08:54	18.01	--	10	18010	卖盘
10:08:51	18.01	-0.01	2	3602	卖盘
10:08:48	18.02	0.01	92	165784	买盘
10:08:45	18.01	-0.01	2	3602	卖盘
10:08:42	18.02	--	10	18020	买盘
10:08:39	18.02	--	3	5406	买盘
10:08:36	18.02	--	3	5406	买盘
10:08:33	18.02	0.01	5	9010	中性盘
10:08:30	18.01	-0.01	56	100856	卖盘
10:08:27	18.02	--	15	27030	卖盘
10:08:24	18.02	-0.01	10	18020	中性盘
10:08:21	18.03	0.01	145	261435	买盘
10:08:18	18.02	--	7	12614	卖盘
10:08:15	18.02	--	30	54060	卖盘
10:08:12	18.02	--	32	57664	买盘
10:08:09	18.02	0.01	19	34238	买盘
10:08:06	18.01	--	2	3602	卖盘
10:08:00	18.01	-0.01	3	5403	卖盘
10:07:57	18.02	0.01	51	91902	买盘
10:07:54	18.01	-0.01	11	19811	卖盘
10:07:51	18.02	0.01	30	54060	买盘
10:07:45	18.01	--	30	54030	卖盘
10:07:42	18.01	-0.01	16	28816	卖盘
10:07:39	18.02	0.01	1	1802	买盘
10:07:36	18.01	-0.01	43	77443	卖盘
10:07:33	18.02	0.01	14	25228	买盘
10:07:24	18.01	-0.01	22	39622	卖盘
10:07:21	18.02	--	42	75684	买盘
10:07:18	18.02	--	3	5406	买盘
10:07:15	18.02	--	12	21624	卖盘
10:07:12	18.02	0.01	10	18020	卖盘
10:07:09	18.01	-0.01	102	183702	卖盘
10:07:06	18.02	--	115	207230	卖盘
10:07:03	18.02	--	21	37842	卖盘
10:07:00	18.02	--	125	225250	卖盘
10:06:57	18.02	-0.01	115	207230	卖盘
10:06:54	18.03	0.01	33	59499	买盘
10:06:51	18.02	-0.01	12	21624	卖盘
10:06:48	18.03	0.01	14	25242	买盘
10:06:45	18.02	-0.01	46	82892	卖盘
10:06:42	18.03	--	10	18030	买盘
10:06:39	18.03	0.01	9	16227	买盘
10:06:36	18.02	-0.01	2	3604	卖盘
10:06:33	18.03	--	50	90150	买盘
10:06:30	18.03	--	81	146043	买盘
10:06:27	18.03	--	20	36060	买盘
10:06:24	18.03	--	24	43272	卖盘
10:06:21	18.03	0.01	16	28848	买盘
10:06:18	18.02	-0.01	1	1802	卖盘
10:06:15	18.03	0.01	11	19833	中性盘
10:06:06	18.02	-0.03	2	3604	卖盘
10:06:03	18.05	0.01	487	879035	买盘
10:06:00	18.04	0.01	1	1804	买盘
10:05:57	18.03	-0.01	2	3606	中性盘
10:05:51	18.04	0.01	20	36080	买盘
10:05:48	18.03	--	6	10818	买盘
10:05:45	18.03	-0.01	255	459765	卖盘
10:05:42	18.04	0.01	30	54120	卖盘
10:05:39	18.03	-0.01	13	23439	卖盘
10:05:36	18.04	--	2	3608	卖盘
10:05:30	18.04	0.01	8	14432	买盘
10:05:21	18.03	-0.01	75	135225	卖盘
10:05:18	18.04	0.01	18	32472	买盘
10:05:15	18.03	-0.01	13	23439	卖盘
10:05:12	18.04	--	5	9020	买盘
10:05:09	18.04	0.01	4	7216	买盘
10:05:06	18.03	-0.01	60	108180	卖盘
10:05:03	18.04	-0.01	10	18040	卖盘
10:05:00	18.05	0.02	1	1805	买盘
10:04:57	18.03	--	20	36060	卖盘
10:04:51	18.03	-0.01	35	63105	卖盘
10:04:45	18.04	--	20	36080	中性盘
10:04:39	18.04	0.01	10	18040	中性盘
10:04:36	18.03	-0.02	108	194724	卖盘
10:04:33	18.05	0.02	125	225625	买盘
10:04:30	18.03	--	30	54090	卖盘
10:04:27	18.03	-0.01	42	75726	卖盘
10:04:24	18.04	--	3	5412	买盘
10:04:21	18.04	--	7	12628	买盘
10:04:18	18.04	-0.02	15	27060	卖盘
10:04:12	18.06	0.02	10	18060	买盘
10:04:09	18.04	-0.02	198	357192	卖盘
10:04:06	18.06	--	12	21672	买盘
10:04:03	18.06	--	9	16253	买盘
10:04:00	18.06	--	100	180600	买盘
10:03:54	18.06	--	76	137256	卖盘
10:03:48	18.06	-0.01	20	36120	卖盘
10:03:42	18.07	--	1	1807	买盘
10:03:39	18.07	--	5	9035	买盘
10:03:36	18.07	-0.01	35	63245	卖盘
10:03:21	18.08	-0.02	16	28927	卖盘
10:03:18	18.1	--	13	23530	买盘
10:03:15	18.1	--	8	14480	买盘
10:03:12	18.1	0.01	17	30770	买盘
10:03:06	18.09	--	2	3618	卖盘
10:03:03	18.09	--	1	1809	卖盘
10:03:00	18.09	--	3	5427	卖盘
10:02:57	18.09	0.02	1	1809	卖盘
10:02:54	18.07	-0.02	2	3614	买盘
10:02:51	18.09	-0.02	4	7236	卖盘
10:02:48	18.11	0.03	105	190155	买盘
10:02:36	18.08	-0.01	2	3615	卖盘
10:02:24	18.09	-0.02	17	30753	卖盘
10:02:18	18.11	--	3	5433	卖盘
10:02:15	18.11	0.02	2	3622	买盘
10:02:12	18.09	0.02	6	10854	中性盘
10:02:06	18.07	-0.04	2	3614	卖盘
10:02:00	18.11	0.03	16	28976	买盘
10:01:57	18.08	-0.03	4	7231	卖盘
10:01:54	18.11	-0.03	33	59763	中性盘
10:01:42	18.14	0.02	102	185028	买盘
10:01:39	18.12	0.01	41	74292	买盘
10:01:36	18.11	--	2	3622	卖盘
10:01:30	18.11	0.01	26	47086	买盘
10:01:27	18.1	--	2	3620	买盘
10:01:24	18.1	--	2	3620	买盘
10:01:15	18.1	--	23	41630	卖盘
10:01:09	18.1	--	3	5430	卖盘
10:01:06	18.1	--	2	3620	卖盘
10:01:00	18.1	--	25	45250	卖盘
10:00:54	18.1	--	38	68780	卖盘
10:00:51	18.1	--	8	14480	卖盘
10:00:45	18.1	0.03	114	206340	买盘
10:00:42	18.07	0.01	33	59631	买盘
10:00:39	18.06	--	10	18060	卖盘
10:00:36	18.06	--	1	1805	卖盘
10:00:33	18.06	-0.01	38	68628	卖盘
10:00:27	18.07	0.01	10	18070	买盘
10:00:24	18.06	--	6	10836	卖盘
10:00:21	18.06	--	10	18060	卖盘
10:00:18	18.06	--	5	9030	卖盘
10:00:15	18.06	--	27	48762	卖盘
10:00:12	18.06	--	2	3611	卖盘
10:00:06	18.06	--	2	3611	卖盘
10:00:00	18.06	--	2	3611	卖盘
09:59:57	18.06	--	30	54179	买盘
09:59:54	18.06	--	5	9030	买盘
09:59:51	18.06	--	2	3611	买盘
09:59:45	18.06	--	2	3611	买盘
09:59:42	18.06	0.01	25	45150	买盘
09:59:39	18.05	--	5	9025	卖盘
09:59:36	18.05	--	2	3610	卖盘
09:59:27	18.05	-0.01	13	23465	卖盘
09:59:24	18.06	0.01	11	19866	买盘
09:59:21	18.05	-0.01	62	111910	卖盘
09:59:18	18.06	--	5	9030	买盘
09:59:15	18.06	--	5	9030	卖盘
09:59:12	18.06	--	15	27089	买盘
09:59:09	18.06	0.01	14	25284	买盘
09:59:06	18.05	--	2	3610	卖盘
09:59:03	18.05	-0.01	1	1805	卖盘
09:59:00	18.06	--	50	90300	买盘
09:58:57	18.06	--	6	10836	买盘
09:58:51	18.06	--	17	30701	买盘
09:58:45	18.06	0.01	8	14447	卖盘
09:58:42	18.05	-0.02	15	27075	卖盘
09:58:39	18.07	0.02	7	12649	买盘
09:58:36	18.05	-0.02	13	23465	卖盘
09:58:33	18.07	0.01	133	240331	买盘
09:58:30	18.06	-0.01	30	54179	卖盘
09:58:27	18.07	-0.01	55	99385	中性盘
09:58:24	18.08	--	10	18080	买盘
09:58:18	18.08	--	12	21695	买盘
09:58:15	18.08	--	2	3615	买盘
09:58:09	18.08	--	50	90399	买盘
09:58:06	18.08	0.02	29	52431	买盘
09:58:03	18.06	-0.02	5	9030	卖盘
09:58:00	18.08	--	35	63279	买盘
09:57:57	18.08	--	11	19887	买盘
09:57:54	18.08	-0.01	16	28927	卖盘
09:57:51	18.09	-0.01	36	65124	卖盘
09:57:48	18.1	0.01	95	171950	买盘
09:57:42	18.09	--	2	3618	买盘
09:57:39	18.09	--	10	18090	卖盘
09:57:36	18.09	--	52	94068	卖盘
09:57:33	18.09	--	10	18090	卖盘
09:57:30	18.09	--	8	14472	卖盘
09:57:27	18.09	--	31	56079	买盘
09:57:24	18.09	0.01	5	9045	买盘
09:57:15	18.08	--	18	32543	卖盘
09:57:09	18.08	0.03	11	19887	中性盘
09:57:06	18.05	--	5	9025	卖盘
09:57:03	18.05	--	58	104690	卖盘
09:57:00	18.05	0.01	7	12635	卖盘
09:56:57	18.04	--	13	25039	卖盘
09:56:54	18.04	--	19	34276	卖盘
09:56:51	18.04	-0.01	8	14432	卖盘
09:56:48	18.05	0.01	9	16245	买盘
09:56:45	18.04	--	3	5412	卖盘
09:56:42	18.04	--	4	7216	卖盘
09:56:36	18.04	--	7	12628	卖盘
09:56:33	18.04	--	4	7216	买盘
09:56:27	18.04	--	5	9020	买盘
09:56:24	18.04	-0.01	82	147928	卖盘
09:56:18	18.05	0.01	17	30685	买盘
09:56:15	18.04	--	11	19844	卖盘
09:56:09	18.04	--	1	1804	卖盘
09:56:06	18.04	--	9	16236	买盘
09:56:03	18.04	0.01	40	72160	买盘
09:55:57	18.03	-0.01	2	3606	卖盘
09:55:54	18.04	--	12	21648	买盘
09:55:48	18.04	--	2	3608	买盘
09:55:45	18.04	0.01	10	18040	买盘
09:55:42	18.03	--	33	59499	卖盘
09:55:39	18.03	-0.01	38	68514	卖盘
09:55:36	18.04	--	2	3608	卖盘
09:55:30	18.04	0.01	3	5412	买盘
09:55:27	18.03	--	102	183906	卖盘
09:55:24	18.03	--	3	5409	卖盘
09:55:21	18.03	--	26	46878	卖盘
09:55:18	18.03	--	29	52287	买盘
09:55:15	18.03	--	10	18030	买盘
09:55:12	18.03	--	3	5409	买盘
09:55:06	18.03	--	43	77529	卖盘
09:55:00	18.03	-0.01	5	9015	卖盘
09:54:57	18.04	--	1	1804	卖盘
09:54:54	18.04	--	22	39688	卖盘
09:54:51	18.04	0.01	7	12628	买盘
09:54:48	18.03	-0.01	15	27045	卖盘
09:54:45	18.04	--	8	14432	买盘
09:54:42	18.04	0.01	15	27060	买盘
09:54:36	18.03	-0.01	2	3606	中性盘
09:54:33	18.04	0.01	5	9020	买盘
09:54:30	18.03	--	84	151452	卖盘
09:54:24	18.03	--	100	180300	卖盘
09:54:18	18.03	-0.02	1	1803	卖盘
09:54:12	18.05	0.02	2	3610	买盘
09:54:09	18.03	--	3	5409	卖盘
09:54:06	18.03	--	6	10818	卖盘
09:54:03	18.03	-0.02	27	48681	卖盘
09:54:00	18.05	0.02	73	131765	买盘
09:53:57	18.03	0.01	5	9015	中性盘
09:53:51	18.02	-0.01	2	3604	卖盘
09:53:48	18.03	0.01	1	1803	买盘
09:53:39	18.02	--	47	84694	买盘
09:53:36	18.02	--	77	138754	买盘
09:53:33	18.02	--	1	1802	买盘
09:53:30	18.02	--	82	147764	买盘
09:53:27	18.02	0.01	18	32436	买盘
09:53:24	18.01	-0.01	158	284558	卖盘
09:53:21	18.02	--	102	183804	买盘
09:53:18	18.02	--	5	9010	买盘
09:53:15	18.02	--	29	52258	买盘
09:53:12	18.02	0.01	13	23426	买盘
09:53:09	18.01	--	1	1801	卖盘
09:53:06	18.01	--	23	41423	卖盘
09:53:03	18.01	-0.01	57	102657	中性盘
09:53:00	18.02	0.01	355	639710	买盘
09:52:57	18.01	-0.01	20	36020	卖盘
09:52:54	18.02	0.01	36	64872	买盘
09:52:51	18.01	--	13	23413	卖盘
09:52:48	18.01	--	11	19811	卖盘
09:52:45	18.01	-0.01	72	129672	卖盘
09:52:42	18.02	0.01	1	1802	买盘
09:52:39	18.01	--	9	16209	买盘
09:52:36	18.01	-0.01	100	180100	买盘
09:52:33	18.02	0.01	47	84694	买盘
09:52:30	18.01	--	5	9005	买盘
09:52:27	18.01	--	53	95453	卖盘
09:52:24	18.01	--	51	91851	卖盘
09:52:21	18.01	--	77	138677	卖盘
09:52:18	18.01	--	3	5403	卖盘
09:52:15	18.01	0.01	15	27015	卖盘
09:52:12	18.0	-0.01	118	212400	卖盘
09:52:09	18.01	--	27	48627	卖盘
09:52:06	18.01	--	12	21612	买盘
09:52:03	18.01	0.01	39	70239	买盘
09:52:00	18.0	-0.01	116	208800	卖盘
09:51:57	18.01	-0.01	35	63035	卖盘
09:51:54	18.02	0.01	77	138754	中性盘
09:51:51	18.01	-0.02	9	16209	中性盘
09:51:48	18.03	--	2	3606	买盘
09:51:42	18.03	-0.01	7	12621	中性盘
09:51:39	18.04	--	1606	2897224	买盘
09:51:36	18.04	0.02	122	220088	买盘
09:51:33	18.02	-0.01	324	583848	卖盘
09:51:30	18.03	--	216	389448	卖盘
09:51:27	18.03	--	107	192921	卖盘
09:51:21	18.03	--	16	28848	卖盘
09:51:18	18.03	--	45	81135	卖盘
09:51:15	18.03	-0.01	20	36060	卖盘
09:51:12	18.04	0.01	8	14432	买盘
09:51:06	18.03	-0.01	2	3606	卖盘
09:51:03	18.04	--	11	19844	买盘
09:51:00	18.04	-0.01	5	9020	中性盘
09:50:57	18.05	0.01	97	175085	买盘
09:50:54	18.04	--	8	14432	卖盘
09:50:51	18.04	-0.01	30	54120	卖盘
09:50:48	18.05	0.01	16	28880	买盘
09:50:45	18.04	--	31	55924	卖盘
09:50:42	18.04	--	10	18040	卖盘
09:50:39	18.04	-0.01	70	126280	卖盘
09:50:36	18.05	--	31	55955	买盘
09:50:33	18.05	--	15	27075	买盘
09:50:30	18.05	--	11	19855	买盘
09:50:27	18.05	--	4	7220	买盘
09:50:24	18.05	-0.01	2	3610	买盘
09:50:21	18.06	0.01	11	19866	卖盘
09:50:18	18.05	-0.01	24	43320	卖盘
09:50:15	18.06	0.01	1	1805	买盘
09:50:12	18.05	-0.01	234	422370	卖盘
09:50:09	18.06	--	25	45150	买盘
09:50:06	18.06	0.01	7	12642	买盘
09:50:00	18.05	-0.02	131	236455	卖盘
09:49:51	18.07	-0.01	10	18070	中性盘
09:49:45	18.08	0.03	2	3615	买盘
09:49:42	18.05	-0.01	279	503595	卖盘
09:49:39	18.06	--	5	9030	卖盘
09:49:36	18.06	--	2	3611	卖盘
09:49:30	18.06	-0.01	29	52373	卖盘
09:49:27	18.07	--	50	90350	卖盘
09:49:24	18.07	-0.01	9	16263	卖盘
09:49:21	18.08	--	17	30735	买盘
09:49:15	18.08	--	17	30735	卖盘
09:49:12	18.08	-0.02	5	9040	卖盘
09:49:09	18.1	0.02	11	19910	买盘
09:49:06	18.08	0.01	21	37968	中性盘
09:49:00	18.07	--	19	34333	卖盘
09:48:57	18.07	-0.03	126	227682	卖盘
09:48:51	18.1	--	22	39820	买盘
09:48:48	18.1	0.03	1	1810	买盘
09:48:36	18.07	-0.03	3	5421	卖盘
09:48:33	18.1	0.03	10	18100	买盘
09:48:27	18.07	-0.01	25	45175	卖盘
09:48:24	18.08	0.01	73	131984	买盘
09:48:21	18.07	--	10	18070	卖盘
09:48:18	18.07	-0.01	3	5421	卖盘
09:48:12	18.08	--	38	68704	买盘
09:48:09	18.08	0.01	83	150064	买盘
09:48:06	18.07	--	8	14456	卖盘
09:48:00	18.07	--	3	5421	卖盘
09:47:57	18.07	--	3	5421	卖盘
09:47:54	18.07	0.01	79	142753	买盘
09:47:51	18.06	--	33	59597	买盘
09:47:48	18.06	-0.01	70	126419	卖盘
09:47:45	18.07	--	34	61438	买盘
09:47:42	18.07	--	6	10842	买盘
09:47:39	18.07	0.01	46	83122	买盘
09:47:36	18.06	--	18	32507	卖盘
09:47:33	18.06	--	5	9030	卖盘
09:47:27	18.06	--	4	7223	卖盘
09:47:24	18.06	--	97	175182	买盘
09:47:21	18.06	0.01	71	128225	买盘
09:47:18	18.05	--	25	45125	卖盘
09:47:15	18.05	--	4	7220	卖盘
09:47:12	18.05	--	26	46930	卖盘
09:47:09	18.05	--	32	57760	卖盘
09:47:06	18.05	--	47	84835	卖盘
09:47:03	18.05	--	5	9025	卖盘
09:47:00	18.05	--	10	18050	卖盘
09:46:57	18.05	--	2	3610	卖盘
09:46:54	18.05	--	60	108300	买盘
09:46:51	18.05	0.01	14	25270	买盘
09:46:48	18.04	-0.01	179	322916	卖盘
09:46:45	18.05	--	28	50540	买盘
09:46:42	18.05	--	43	77615	买盘
09:46:39	18.05	0.01	29	52345	买盘
09:46:36	18.04	-0.01	7	12628	卖盘
09:46:33	18.05	0.01	37	66785	买盘
09:46:30	18.04	--	56	101024	卖盘
09:46:27	18.04	--	109	196636	卖盘
09:46:24	18.04	-0.01	11	19844	卖盘
09:46:21	18.05	--	40	72200	买盘
09:46:18	18.05	0.01	106	191330	买盘
09:46:15	18.04	-0.01	239	431156	卖盘
09:46:12	18.05	--	21	37905	买盘
09:46:09	18.05	0.01	33	59565	买盘
09:46:06	18.04	--	56	101024	卖盘
09:46:03	18.04	--	333	600732	买盘
09:46:00	18.04	--	5	9020	买盘
09:45:57	18.04	-0.01	54	97416	卖盘
09:45:54	18.05	--	65	117325	买盘
09:45:51	18.05	--	272	490960	买盘
09:45:48	18.05	--	83	149815	买盘
09:45:45	18.05	--	268	483740	买盘
09:45:42	18.05	--	55	99275	买盘
09:45:39	18.05	--	10	18050	买盘
09:45:36	18.05	--	32	57760	买盘
09:45:33	18.05	--	18	32490	买盘
09:45:30	18.05	--	127	229235	卖盘
09:45:27	18.05	--	17	30685	卖盘
09:45:24	18.05	-0.02	38	68590	卖盘
09:45:18	18.07	0.02	81	146367	买盘
09:45:15	18.05	--	35	63175	卖盘
09:45:12	18.05	-0.02	10	18050	卖盘
09:45:09	18.07	0.03	12	21684	买盘
09:45:06	18.04	-0.01	63	113652	卖盘
09:45:03	18.05	--	22	39710	中性盘
09:45:00	18.05	-0.02	10	18050	中性盘
09:44:57	18.07	0.02	44	79508	买盘
09:44:54	18.05	0.01	8	14440	中性盘
09:44:45	18.04	--	8	14432	卖盘
09:44:42	18.04	--	50	90200	买盘
09:44:39	18.04	--	8	14432	买盘
09:44:36	18.04	-0.01	39	70356	卖盘
09:44:33	18.05	0.01	49	88445	买盘
09:44:30	18.04	--	244	440176	卖盘
09:44:27	18.04	--	84	151536	卖盘
09:44:24	18.04	-0.01	66	119064	卖盘
09:44:21	18.05	--	64	115520	买盘
09:44:18	18.05	--	72	129960	买盘
09:44:15	18.05	0.01	86	155230	买盘
09:44:12	18.04	-0.01	62	111848	卖盘
09:44:09	18.05	--	169	305045	买盘
09:44:06	18.05	0.01	60	108300	买盘
09:44:03	18.04	-0.01	28	50512	卖盘
09:44:00	18.05	--	7	12635	买盘
09:43:57	18.05	--	112	202160	卖盘
09:43:54	18.05	-0.01	91	164255	卖盘
09:43:51	18.06	--	197	355782	买盘
09:43:48	18.06	-0.01	34	61403	中性盘
09:43:45	18.07	--	65	117455	买盘
09:43:42	18.07	--	489	883623	买盘
09:43:39	18.07	-0.01	71	128297	卖盘
09:43:36	18.08	--	125	225999	卖盘
09:43:30	18.08	--	11	19887	卖盘
09:43:27	18.08	--	12	21695	卖盘
09:43:21	18.08	0.01	1	1807	卖盘
09:43:18	18.07	-0.01	205	370435	卖盘
09:43:15	18.08	--	44	79551	买盘
09:43:12	18.08	--	42	75936	买盘
09:43:09	18.08	0.01	95	171759	买盘
09:43:06	18.07	--	9	16263	卖盘
09:43:03	18.07	--	16	28912	卖盘
09:43:00	18.07	--	39	70473	买盘
09:42:57	18.07	--	52	93964	买盘
09:42:54	18.07	--	3	5421	买盘
09:42:48	18.07	--	8	14456	买盘
09:42:45	18.07	--	45	81315	买盘
09:42:42	18.07	0.01	45	81315	中性盘
09:42:36	18.06	-0.01	22	39732	卖盘
09:42:33	18.07	--	4	7228	卖盘
09:42:30	18.07	-0.03	8	14456	卖盘
09:42:24	18.1	0.02	40	72400	买盘
09:42:21	18.08	--	12	21695	买盘
09:42:18	18.08	-0.02	10	18080	卖盘
09:42:12	18.1	--	3	5430	买盘
09:42:09	18.1	-0.01	332	600920	卖盘
09:42:06	18.11	--	60	108660	买盘
09:42:00	18.11	--	11	19921	买盘
09:41:57	18.11	--	9	16299	卖盘
09:41:51	18.11	-0.01	32	57952	卖盘
09:41:48	18.12	--	10	18120	买盘
09:41:45	18.12	--	10	18120	买盘
09:41:42	18.12	0.01	11	19932	买盘
09:41:39	18.11	--	5	9055	卖盘
09:41:36	18.11	-0.01	63	114093	卖盘
09:41:33	18.12	-0.01	33	59796	卖盘
09:41:30	18.13	--	56	101528	买盘
09:41:21	18.13	0.01	1	1813	买盘
09:41:18	18.12	--	3	5436	卖盘
09:41:15	18.12	-0.01	180	326160	卖盘
09:41:09	18.13	0.01	50	90650	买盘
09:41:06	18.12	-0.01	2	3624	卖盘
09:41:03	18.13	--	41	74333	卖盘
09:40:51	18.13	-0.02	68	123483	卖盘
09:40:48	18.15	0.01	21	38115	买盘
09:40:45	18.14	--	19	34466	卖盘
09:40:42	18.14	-0.01	26	47164	卖盘
09:40:39	18.15	--	10	18150	买盘
09:40:36	18.15	-0.01	46	83834	卖盘
09:40:33	18.16	0.01	18	32688	买盘
09:40:30	18.15	--	34	61709	卖盘
09:40:27	18.15	--	18	32669	卖盘
09:40:24	18.15	-0.01	14	26880	卖盘
09:40:21	18.16	--	3	5448	买盘
09:40:15	18.16	--	80	146732	卖盘
09:40:09	18.16	--	80	145280	卖盘
09:40:06	18.16	--	32	58112	卖盘
09:40:03	18.16	--	24	43584	卖盘
09:40:00	18.16	--	8	14528	卖盘
09:39:54	18.16	--	21	38136	卖盘
09:39:51	18.16	--	2	3632	卖盘
09:39:48	18.16	-0.01	65	118040	卖盘
09:39:45	18.17	0.01	42	76314	买盘
09:39:39	18.16	--	10	18160	卖盘
09:39:36	18.16	-0.01	7	12712	卖盘
09:39:33	18.17	0.01	63	114471	买盘
09:39:30	18.16	--	7	12712	卖盘
09:39:27	18.16	--	8	14528	卖盘
09:39:24	18.16	-0.01	10	18160	卖盘
09:39:21	18.17	--	19	34523	买盘
09:39:18	18.17	0.01	29	52693	买盘
09:39:15	18.16	-0.01	5	9080	卖盘
09:39:09	18.17	0.01	2	3634	买盘
09:39:06	18.16	--	202	366832	卖盘
09:39:03	18.16	-0.01	32	58112	卖盘
09:39:00	18.17	0.01	3	5451	买盘
09:38:57	18.16	--	39	70824	卖盘
09:38:54	18.16	--	3	5448	卖盘
09:38:51	18.16	--	20	36320	卖盘
09:38:48	18.16	--	17	30872	卖盘
09:38:45	18.16	--	26	47216	卖盘
09:38:42	18.16	-0.01	20	36320	卖盘
09:38:39	18.17	0.02	28	51239	买盘
09:38:36	18.15	--	7	12704	卖盘
09:38:33	18.15	-0.01	50	90750	卖盘
09:38:30	18.16	0.01	16	29056	买盘
09:38:27	18.15	-0.01	7	12704	卖盘
09:38:24	18.16	--	33	59928	买盘
09:38:21	18.16	--	18	32688	买盘
09:38:18	18.16	--	30	54480	买盘
09:38:15	18.16	0.01	12	21792	买盘
09:38:12	18.15	-0.02	1	1814	中性盘
09:38:06	18.17	0.01	88	161513	买盘
09:38:03	18.16	--	7	12712	卖盘
09:38:00	18.16	--	24	43584	卖盘
09:37:57	18.16	0.02	69	125304	买盘
09:37:54	18.14	-0.01	2	3628	卖盘
09:37:48	18.15	0.01	20	36300	买盘
09:37:45	18.14	-0.01	43	78002	卖盘
09:37:42	18.15	0.01	5	9075	买盘
09:37:39	18.14	--	50	90700	卖盘
09:37:36	18.14	-0.01	2	3628	卖盘
09:37:33	18.15	--	5	9075	买盘
09:37:30	18.15	-0.01	4	7259	卖盘
09:37:27	18.16	--	77	139832	买盘
09:37:24	18.16	--	15	27240	买盘
09:37:18	18.16	--	6	10896	买盘
09:37:15	18.16	-0.01	30	54480	卖盘
09:37:12	18.17	--	1	1817	买盘
09:37:09	18.17	0.01	1	1817	买盘
09:37:06	18.16	-0.02	1	1816	卖盘
09:37:03	18.18	0.01	11	19998	买盘
09:37:00	18.17	-0.01	20	36340	卖盘
09:36:54	18.18	0.01	5	9090	卖盘
09:36:51	18.17	--	15	27255	买盘
09:36:48	18.17	-0.02	15	27255	卖盘
09:36:45	18.19	0.02	67	121873	买盘
09:36:39	18.17	--	16	29072	买盘
09:36:36	18.17	-0.02	35	65393	卖盘
09:36:33	18.19	0.01	21	38199	中性盘
09:36:24	18.18	--	6	10908	卖盘
09:36:21	18.18	0.01	10	18198	买盘
09:36:18	18.17	0.01	7	12719	买盘
09:36:15	18.16	-0.01	32	58112	卖盘
09:36:12	18.17	--	19	36321	卖盘
09:36:09	18.17	--	7	12719	卖盘
09:36:06	18.17	-0.01	23	41791	卖盘
09:36:03	18.18	0.01	28	50904	买盘
09:36:00	18.17	--	1	1817	卖盘
09:35:57	18.17	--	17	30889	卖盘
09:35:45	18.17	0.01	43	78149	买盘
09:35:42	18.16	-0.01	6	10896	卖盘
09:35:39	18.17	--	10	18170	买盘
09:35:36	18.17	--	5	9085	买盘
09:35:33	18.17	--	22	39974	买盘
09:35:27	18.17	0.05	5	9085	买盘
09:35:18	18.12	-0.05	13	23556	卖盘
09:35:15	18.17	--	12	21804	买盘
09:35:12	18.17	0.04	1	1817	买盘
09:35:06	18.13	--	2	3626	卖盘
09:35:00	18.13	-0.04	1	1813	中性盘
09:34:57	18.17	0.07	10	18170	买盘
09:34:48	18.1	--	7	12670	卖盘
09:34:39	18.1	0.04	588	1064280	买盘
09:34:36	18.06	-0.03	29	52373	卖盘
09:34:33	18.09	0.01	1	1809	买盘
09:34:30	18.08	0.02	3	5423	中性盘
09:34:27	18.06	--	3	5418	卖盘
09:34:21	18.06	-0.02	11	19866	卖盘
09:34:15	18.08	0.02	14	25311	买盘
09:34:09	18.06	--	35	63209	买盘
09:34:06	18.06	--	7	12642	买盘
09:34:03	18.06	--	17	30701	买盘
09:34:00	18.06	--	82	148092	买盘
09:33:57	18.06	--	10	18060	买盘
09:33:54	18.06	0.01	8	14447	买盘
09:33:51	18.05	0.01	21	37905	买盘
09:33:48	18.04	--	10	18040	卖盘
09:33:45	18.04	-0.01	15	27060	卖盘
09:33:42	18.05	--	25	45125	买盘
09:33:39	18.05	-0.01	57	102885	中性盘
09:33:36	18.06	0.02	369	666414	买盘
09:33:30	18.04	-0.02	68	122672	卖盘
09:33:27	18.06	0.03	10	18060	买盘
09:33:24	18.03	-0.02	202	364206	卖盘
09:33:21	18.05	--	20	36100	卖盘
09:33:18	18.05	0.01	35	63175	卖盘
09:33:15	18.04	--	22	39688	买盘
09:33:12	18.04	--	57	102828	买盘
09:33:09	18.04	-0.01	53	95612	卖盘
09:33:06	18.05	--	3	5415	买盘
09:33:03	18.05	--	39	70395	买盘
09:33:00	18.05	0.01	48	86640	买盘
09:32:57	18.04	-0.02	26	46904	卖盘
09:32:54	18.06	0.01	99	178794	买盘
09:32:51	18.05	--	96	173280	买盘
09:32:48	18.05	--	24	43320	买盘
09:32:45	18.05	-0.01	49	88445	卖盘
09:32:42	18.06	0.01	23	41538	买盘
09:32:39	18.05	--	55	99275	卖盘
09:32:36	18.05	--	26	46930	卖盘
09:32:33	18.05	--	30	54150	卖盘
09:32:30	18.05	-0.01	70	126350	卖盘
09:32:24	18.06	-0.03	48	86688	卖盘
09:32:21	18.09	0.04	12	21708	买盘
09:32:18	18.05	-0.01	7	12635	卖盘
09:32:15	18.06	-0.03	38	68628	卖盘
09:32:12	18.09	0.04	27	48843	买盘
09:32:09	18.05	-0.04	39	72181	卖盘
09:32:06	18.09	0.02	84	151956	卖盘
09:32:03	18.07	--	5	9035	卖盘
09:32:00	18.07	-0.03	21	37947	卖盘
09:31:57	18.1	0.01	91	164710	买盘
09:31:54	18.09	--	42	75978	买盘
09:31:51	18.09	--	22	39798	买盘
09:31:48	18.09	-0.01	166	300294	卖盘
09:31:45	18.1	0.01	37	66970	买盘
09:31:42	18.09	-0.01	53	95877	卖盘
09:31:39	18.1	--	24	43440	买盘
09:31:36	18.1	--	4	7240	买盘
09:31:33	18.1	-0.01	171	309510	卖盘
09:31:30	18.11	0.01	51	92361	买盘
09:31:27	18.1	-0.01	24	43440	卖盘
09:31:24	18.11	--	18	32598	买盘
09:31:18	18.11	-0.04	21	38031	卖盘
09:31:15	18.15	0.04	3	5445	买盘
09:31:12	18.11	--	9	16299	卖盘
09:31:06	18.11	--	2	3622	卖盘
09:31:03	18.11	0.01	5	9055	卖盘
09:30:57	18.1	--	75	135750	卖盘
09:30:51	18.1	--	3	5430	卖盘
09:30:48	18.1	--	23	41630	买盘
09:30:45	18.1	--	64	115840	买盘
09:30:42	18.1	--	42	76020	买盘
09:30:39	18.1	--	3	5430	买盘
09:30:36	18.1	--	15	27150	买盘
09:30:33	18.1	--	20	36200	买盘
09:30:30	18.1	0.01	5	9050	买盘
09:30:24	18.09	--	12	21708	卖盘
09:30:21	18.09	-0.04	0	18	卖盘
09:30:18	18.13	--	9	16317	卖盘
09:30:15	18.13	0.04	17	30821	中性盘
09:30:12	18.09	-0.07	11	19899	卖盘
09:30:09	18.16	0.1	22	39952	买盘
09:30:06	18.06	-0.03	445	803670	卖盘
09:30:03	18.09	--	0	0	买盘
09:25:03	18.09	18.09	156	282204	买盘
