成交时间	成交价	价格变动	成交量(手)	成交额(元)	性质
15:00:03	11.16	0.01	325	362700	中性盘
14:57:00	11.15	--	0	0	卖盘
14:56:57	11.15	-0.02	8	8920	卖盘
14:56:54	11.17	0.01	14	15638	买盘
14:56:48	11.16	--	23	25668	卖盘
14:56:45	11.16	-0.01	10	11160	卖盘
14:56:42	11.17	--	121	135157	买盘
14:56:39	11.17	--	63	70371	买盘
14:56:36	11.17	0.01	10	11170	买盘
14:56:30	11.16	--	8	8928	卖盘
14:56:24	11.16	-0.01	58	64728	卖盘
14:56:21	11.17	--	29	32393	买盘
14:56:18	11.17	--	312	348504	买盘
14:56:15	11.17	0.01	3	3351	买盘
14:56:12	11.16	--	668	745488	卖盘
14:56:06	11.16	--	8	8928	卖盘
14:56:03	11.16	--	36	40176	卖盘
14:55:51	11.16	-0.01	17	18972	卖盘
14:55:45	11.17	0.01	12	13404	买盘
14:55:42	11.16	--	80	89280	卖盘
14:55:33	11.16	--	5	5580	卖盘
14:55:30	11.16	--	31	34596	卖盘
14:55:27	11.16	--	26	29016	卖盘
14:55:15	11.16	-0.01	10	11160	卖盘
14:55:09	11.17	0.01	11	12287	买盘
14:55:06	11.16	--	200	223200	卖盘
14:54:57	11.16	--	39	43524	买盘
14:54:54	11.16	0.01	10	11160	买盘
14:54:51	11.15	--	46	51290	卖盘
14:54:48	11.15	-0.01	8	8920	卖盘
14:54:45	11.16	--	31	34596	买盘
14:54:42	11.16	--	30	33480	买盘
14:54:39	11.16	--	39	43524	买盘
14:54:30	11.16	0.01	30	33480	买盘
14:54:27	11.15	--	20	22300	卖盘
14:54:21	11.15	--	5	5575	卖盘
14:54:18	11.15	--	27	30105	卖盘
14:54:12	11.15	--	6	6690	卖盘
14:53:57	11.15	-0.01	6	6690	卖盘
14:53:51	11.16	0.01	20	22320	买盘
14:53:42	11.15	--	22	24530	卖盘
14:53:36	11.15	-0.01	50	55750	卖盘
14:53:27	11.16	--	17	18972	卖盘
14:53:21	11.16	--	2	2232	卖盘
14:53:18	11.16	--	39	43524	中性盘
14:53:12	11.16	--	39	43524	买盘
14:53:09	11.16	--	19	21204	买盘
14:53:00	11.16	0.01	6	6696	买盘
14:52:57	11.15	-0.01	28	31220	卖盘
14:52:51	11.16	--	3	3348	买盘
14:52:45	11.16	--	90	100964	卖盘
14:52:42	11.16	--	27	30132	卖盘
14:52:39	11.16	--	30	33480	卖盘
14:52:30	11.16	--	6	6696	卖盘
14:52:27	11.16	--	8	8928	卖盘
14:52:24	11.16	-0.01	6	6696	卖盘
14:52:09	11.17	0.01	44	49148	买盘
14:52:00	11.16	--	227	253923	买盘
14:51:57	11.16	0.01	22	24552	买盘
14:51:54	11.15	-0.01	19	21185	卖盘
14:51:51	11.16	--	38	42408	买盘
14:51:42	11.16	--	30	33480	买盘
14:51:36	11.16	--	239	266724	买盘
14:51:27	11.16	--	119	133328	卖盘
14:51:21	11.16	-0.01	82	91512	卖盘
14:51:18	11.17	--	12	13404	买盘
14:51:03	11.17	--	40	44680	买盘
14:50:54	11.17	0.01	10	11170	买盘
14:50:48	11.16	-0.01	7	7812	卖盘
14:50:42	11.17	0.01	123	137391	买盘
14:50:39	11.16	--	136	151776	卖盘
14:50:33	11.16	--	20	22320	卖盘
14:50:21	11.16	-0.01	4	4464	卖盘
14:50:15	11.17	0.01	15	16755	买盘
14:50:12	11.16	--	5	5580	卖盘
14:50:00	11.16	--	1	1116	卖盘
14:49:51	11.16	--	4	4464	卖盘
14:49:45	11.16	--	27	30132	卖盘
14:49:42	11.16	--	12	13392	卖盘
14:49:30	11.16	-0.01	4	4464	卖盘
14:49:21	11.17	--	30	33510	买盘
14:49:06	11.17	--	25	27925	买盘
14:48:57	11.17	--	1	1117	买盘
14:48:54	11.17	--	4	4468	买盘
14:48:48	11.17	--	9	10053	买盘
14:48:42	11.17	0.01	55	61435	买盘
14:48:39	11.16	-0.01	5	5580	卖盘
14:48:15	11.17	--	10	11170	买盘
14:48:09	11.17	--	31	34627	买盘
14:48:03	11.17	--	44	49148	买盘
14:47:57	11.17	--	4	4468	买盘
14:47:54	11.17	--	27	30159	买盘
14:47:51	11.17	0.01	23	25691	买盘
14:47:39	11.16	-0.01	4	4464	卖盘
14:47:24	11.17	0.01	28	31276	买盘
14:47:03	11.16	-0.01	20	22320	卖盘
14:46:57	11.17	--	20	22340	买盘
14:46:54	11.17	--	7	7819	买盘
14:46:48	11.17	--	6	6702	买盘
14:46:21	11.17	--	2	2234	买盘
14:46:12	11.17	--	40	44680	买盘
14:45:51	11.17	0.01	10	11170	买盘
14:45:36	11.16	--	1	1116	卖盘
14:45:27	11.16	--	512	571983	买盘
14:45:18	11.16	0.01	10	11160	买盘
14:45:09	11.15	--	3	3345	卖盘
14:44:51	11.15	--	105	117075	卖盘
14:44:36	11.15	-0.01	14	15610	卖盘
14:44:09	11.16	--	66	73656	买盘
14:43:57	11.16	0.01	17	18972	买盘
14:43:54	11.15	--	5	5575	卖盘
14:43:51	11.15	-0.01	10	11150	卖盘
14:43:48	11.16	0.01	38	42408	买盘
14:43:39	11.15	--	67	74705	买盘
14:43:33	11.15	--	36	40140	买盘
14:43:27	11.15	--	87	97005	买盘
14:43:24	11.15	--	5	5575	买盘
14:43:12	11.15	--	30	33450	买盘
14:43:06	11.15	0.01	29	32335	买盘
14:42:57	11.14	-0.01	52	57928	卖盘
14:42:54	11.15	--	100	111500	买盘
14:42:42	11.15	--	100	111500	买盘
14:42:39	11.15	--	2	2230	买盘
14:42:36	11.15	--	115	128225	卖盘
14:42:18	11.15	--	43	47945	卖盘
14:42:15	11.15	--	4	4460	卖盘
14:42:12	11.15	-0.01	2	2230	卖盘
14:42:09	11.16	0.01	54	60264	买盘
14:41:36	11.15	-0.01	36	40140	卖盘
14:41:12	11.16	--	10	11160	买盘
14:41:06	11.16	0.02	2	2232	买盘
14:40:48	11.14	-0.01	157	174898	卖盘
14:40:45	11.15	--	3	3345	卖盘
14:40:42	11.15	--	6	7359	买盘
14:40:39	11.15	--	54	60210	买盘
14:40:36	11.15	--	105	117075	买盘
14:40:33	11.15	0.01	10	11150	买盘
14:40:30	11.14	-0.01	29	32306	卖盘
14:40:24	11.15	--	40	44600	买盘
14:40:21	11.15	--	69	76935	买盘
14:40:12	11.15	--	87	97005	买盘
14:40:09	11.15	0.01	213	237495	买盘
14:40:06	11.14	-0.01	100	111400	卖盘
14:40:00	11.15	--	222	247530	买盘
14:39:57	11.15	0.01	24	26760	买盘
14:39:51	11.14	--	4	4456	卖盘
14:39:39	11.14	-0.01	4	4456	卖盘
14:39:33	11.15	--	444	495729	卖盘
14:39:21	11.15	-0.01	4	4906	卖盘
14:39:18	11.16	0.01	20	22320	买盘
14:39:12	11.15	--	5	5575	卖盘
14:39:09	11.15	--	6	6690	卖盘
14:39:06	11.15	--	5	5575	卖盘
14:39:03	11.15	--	70	78050	卖盘
14:38:57	11.15	--	50	55750	卖盘
14:38:54	11.15	-0.01	18	20070	卖盘
14:38:51	11.16	0.01	1	1116	买盘
14:38:36	11.15	-0.01	5	5575	卖盘
14:38:21	11.16	--	91	102080	卖盘
14:38:18	11.16	--	30	33480	卖盘
14:38:09	11.16	--	55	61380	卖盘
14:38:00	11.16	--	150	167400	卖盘
14:37:54	11.16	--	2	2232	卖盘
14:37:45	11.16	--	130	145080	卖盘
14:37:36	11.16	--	10	11160	卖盘
14:37:24	11.16	--	57	63612	卖盘
14:37:21	11.16	--	10	11160	卖盘
14:37:06	11.16	-0.01	4	4464	卖盘
14:36:54	11.17	-0.01	267	299132	卖盘
14:36:42	11.18	0.01	2	2236	买盘
14:36:39	11.17	--	8	8936	卖盘
14:36:36	11.17	--	32	35744	卖盘
14:36:33	11.17	--	14	15638	卖盘
14:36:27	11.17	--	4	4468	卖盘
14:36:12	11.17	--	60	67020	卖盘
14:36:03	11.17	--	10	11170	卖盘
14:36:00	11.17	--	10	11170	卖盘
14:35:42	11.17	--	20	22340	卖盘
14:35:30	11.17	--	320	357440	卖盘
14:35:24	11.17	--	36	40212	卖盘
14:35:09	11.17	-0.01	2	2234	卖盘
14:34:57	11.18	--	19	21242	买盘
14:34:45	11.18	--	3	3354	买盘
14:34:24	11.18	0.01	10	11180	买盘
14:33:57	11.17	--	5	5585	卖盘
14:33:45	11.17	-0.01	10	11170	卖盘
14:33:30	11.18	0.01	5	5590	买盘
14:33:09	11.17	0.01	120	134263	买盘
14:32:54	11.16	-0.01	12	13392	卖盘
14:32:51	11.17	--	63	71264	卖盘
14:32:42	11.17	--	147	164422	买盘
14:32:39	11.17	--	3	3351	买盘
14:32:33	11.17	--	33	36861	买盘
14:32:21	11.17	--	15	16755	买盘
14:32:15	11.17	--	462	516947	卖盘
14:32:06	11.17	--	45	50265	卖盘
14:31:51	11.17	--	12	13404	卖盘
14:31:48	11.17	-0.01	36	40212	卖盘
14:31:42	11.18	--	30	33540	买盘
14:31:39	11.18	--	79	88322	买盘
14:31:36	11.18	0.01	30	33540	买盘
14:31:18	11.17	-0.01	3	3351	卖盘
14:31:03	11.18	0.01	8	8944	买盘
14:31:00	11.17	--	300	335100	卖盘
14:30:57	11.17	--	1	1117	卖盘
14:30:54	11.17	--	147	164199	卖盘
14:30:45	11.17	--	38	42669	买盘
14:30:39	11.17	--	116	130465	卖盘
14:30:30	11.17	--	10	11170	卖盘
14:30:18	11.17	--	4	4468	卖盘
14:30:12	11.17	-0.01	317	354312	卖盘
14:29:54	11.18	--	9	10062	买盘
14:29:39	11.18	--	11	12968	卖盘
14:29:30	11.18	0.01	188	210631	买盘
14:29:18	11.17	--	10	11170	卖盘
14:29:09	11.17	-0.01	4	4468	卖盘
14:28:45	11.18	--	161	180668	卖盘
14:28:42	11.18	--	4	4472	卖盘
14:28:33	11.18	--	16	17888	卖盘
14:28:15	11.18	-0.01	2	2236	卖盘
14:28:03	11.19	0.01	16	17904	买盘
14:27:57	11.18	--	6	6708	卖盘
14:27:30	11.18	--	4	4472	卖盘
14:27:18	11.18	-0.01	36	40248	卖盘
14:27:06	11.19	--	20	22380	买盘
14:27:03	11.19	0.01	12	13428	买盘
14:26:54	11.18	-0.01	59	65962	卖盘
14:26:51	11.19	0.01	10	11190	买盘
14:26:42	11.18	--	25	27950	卖盘
14:26:18	11.18	-0.01	20	22583	卖盘
14:26:15	11.19	--	10	11190	买盘
14:26:06	11.19	--	89	99591	买盘
14:25:57	11.19	--	47	52593	买盘
14:25:42	11.19	0.01	213	238347	买盘
14:25:36	11.18	--	445	497510	卖盘
14:25:21	11.18	-0.01	4	4472	卖盘
14:25:18	11.19	0.01	24	26856	买盘
14:25:15	11.18	-0.01	28	31304	卖盘
14:25:12	11.19	0.01	100	111900	买盘
14:25:06	11.18	-0.01	4	4472	卖盘
14:25:00	11.19	0.01	57	63783	买盘
14:24:51	11.18	--	5	5590	卖盘
14:24:45	11.18	--	10	11180	卖盘
14:24:42	11.18	--	10	11180	卖盘
14:24:39	11.18	--	8	8944	卖盘
14:24:36	11.18	--	13	14534	卖盘
14:24:33	11.18	--	4	4472	卖盘
14:24:30	11.18	--	7	7826	卖盘
14:24:24	11.18	--	2	2236	卖盘
14:24:21	11.18	-0.01	8	8944	卖盘
14:24:18	11.19	--	57	63783	买盘
14:24:03	11.19	--	8	8952	买盘
14:23:54	11.19	--	13	15442	卖盘
14:23:48	11.19	--	19	21261	卖盘
14:23:45	11.19	--	4	4476	卖盘
14:23:42	11.19	0.01	52	58411	买盘
14:23:36	11.18	--	4	4472	卖盘
14:23:33	11.18	--	12	13416	卖盘
14:23:21	11.18	--	26	29068	卖盘
14:23:18	11.18	--	8	8944	卖盘
14:23:12	11.18	-0.01	14	15652	卖盘
14:23:03	11.19	0.01	85	95115	买盘
14:23:00	11.18	--	8	8944	卖盘
14:22:57	11.18	-0.01	12	13416	卖盘
14:22:51	11.19	0.01	50	55950	买盘
14:22:48	11.18	--	6	6708	卖盘
14:22:42	11.18	-0.01	4	4472	卖盘
14:22:39	11.19	--	2	2238	买盘
14:22:33	11.19	--	50	55950	买盘
14:22:27	11.19	--	56	62664	买盘
14:22:24	11.19	--	50	55950	买盘
14:22:21	11.19	--	200	223800	买盘
14:22:15	11.19	--	22	24618	买盘
14:21:57	11.19	0.01	500	559500	买盘
14:21:51	11.18	--	12	13416	卖盘
14:21:45	11.18	--	2	2236	卖盘
14:21:42	11.18	--	3	4024	卖盘
14:21:27	11.18	--	12	13416	卖盘
14:21:21	11.18	-0.01	12	13416	卖盘
14:21:18	11.19	0.01	2	2238	买盘
14:21:15	11.18	--	12	13416	卖盘
14:21:12	11.18	--	2	2236	卖盘
14:21:09	11.18	--	34	38012	卖盘
14:21:06	11.18	--	3	3354	卖盘
14:21:00	11.18	--	1	1118	卖盘
14:20:54	11.18	--	4	4472	卖盘
14:20:51	11.18	--	4	4472	卖盘
14:20:48	11.18	--	23	25714	卖盘
14:20:36	11.18	--	20	22360	卖盘
14:20:33	11.18	--	9	10062	卖盘
14:20:30	11.18	--	4	4472	卖盘
14:20:27	11.18	-0.01	12	13416	卖盘
14:20:21	11.19	--	10	11190	买盘
14:20:03	11.19	0.01	14	15666	买盘
14:19:51	11.18	-0.01	1	1118	卖盘
14:19:42	11.19	0.01	2	2238	买盘
14:19:33	11.18	--	8	8944	卖盘
14:18:51	11.18	--	15	16770	卖盘
14:18:30	11.18	--	9	10062	卖盘
14:18:18	11.18	--	92	103526	买盘
14:18:09	11.18	--	35	39130	买盘
14:18:06	11.18	--	4	4472	买盘
14:18:03	11.18	0.01	13	14534	买盘
14:18:00	11.17	-0.01	154	172018	卖盘
14:17:54	11.18	--	95	106210	买盘
14:17:45	11.18	0.01	150	167700	买盘
14:17:36	11.17	-0.01	21	23457	卖盘
14:17:21	11.18	--	37	41366	买盘
14:17:09	11.18	--	10	11180	买盘
14:16:57	11.18	--	51	57018	买盘
14:16:54	11.18	--	30	33540	买盘
14:16:51	11.18	--	2	2236	买盘
14:16:48	11.18	--	30	33540	买盘
14:16:45	11.18	--	29	32422	买盘
14:16:42	11.18	--	50	55900	买盘
14:16:21	11.18	--	2	2236	买盘
14:16:09	11.18	0.01	5	5590	买盘
14:15:54	11.17	-0.01	46	51382	卖盘
14:15:51	11.18	--	160	178880	买盘
14:15:48	11.18	--	6	6708	买盘
14:15:27	11.18	--	12	13416	买盘
14:15:00	11.18	0.01	47	52546	买盘
14:14:48	11.17	--	4	4468	卖盘
14:14:24	11.17	-0.01	5	5585	卖盘
14:13:45	11.18	0.01	10	11180	买盘
14:13:27	11.17	-0.01	12	13404	卖盘
14:13:24	11.18	--	10	11180	买盘
14:13:21	11.18	0.01	2	3130	买盘
14:13:03	11.17	--	50	55850	卖盘
14:12:57	11.17	--	4	4468	卖盘
14:12:45	11.17	-0.01	100	111700	卖盘
14:12:39	11.18	0.01	28	31304	买盘
14:12:33	11.17	--	109	121753	卖盘
14:12:30	11.17	--	31	34627	卖盘
14:12:18	11.17	--	4	4468	卖盘
14:11:21	11.17	-0.01	4	4468	卖盘
14:11:12	11.18	--	3	3354	买盘
14:11:06	11.18	0.01	1	1118	买盘
14:10:12	11.17	--	1	1117	卖盘
14:10:00	11.17	--	25	27925	卖盘
14:09:33	11.17	--	13	14521	买盘
14:09:30	11.17	--	23	25691	卖盘
14:09:27	11.17	--	4	4468	卖盘
14:09:24	11.17	--	50	55850	卖盘
14:09:15	11.17	--	14	15638	买盘
14:08:42	11.17	0.01	4	4468	买盘
14:08:12	11.16	--	4	4464	卖盘
14:08:06	11.16	-0.01	11	12276	卖盘
14:08:00	11.17	--	31	34627	买盘
14:07:57	11.17	--	5	5585	买盘
14:06:48	11.17	-0.01	10	11170	中性盘
14:06:24	11.18	0.02	4	4472	买盘
14:06:06	11.16	--	50	55800	卖盘
14:05:42	11.16	-0.01	5	5580	卖盘
14:05:36	11.17	--	29	33208	买盘
14:05:33	11.17	--	1	1117	买盘
14:05:12	11.17	0.01	3	3351	买盘
14:04:51	11.16	-0.01	6	6696	卖盘
14:03:48	11.17	--	23	25992	卖盘
14:03:42	11.17	--	116	129572	卖盘
14:03:21	11.17	--	5	5585	卖盘
14:03:18	11.17	--	11	12287	卖盘
14:03:15	11.17	--	4	4468	卖盘
14:03:12	11.17	--	46	51605	卖盘
14:03:09	11.17	--	8	8936	卖盘
14:03:06	11.17	--	8	8936	卖盘
14:03:03	11.17	-0.01	5	5585	卖盘
14:02:48	11.18	0.01	8	8944	买盘
14:02:42	11.17	--	6	6702	卖盘
14:02:09	11.17	--	5	5585	卖盘
14:01:48	11.17	-0.01	8	9159	卖盘
14:01:24	11.18	--	240	269214	卖盘
14:00:54	11.18	-0.01	20	22360	卖盘
14:00:39	11.19	--	1	1119	买盘
14:00:18	11.19	--	4	4476	买盘
14:00:06	11.19	0.01	10	11190	买盘
14:00:00	11.18	--	10	11180	卖盘
13:59:36	11.18	-0.01	3	3577	卖盘
13:59:15	11.19	--	5	5595	买盘
13:58:48	11.19	0.01	5	5595	买盘
13:58:30	11.18	--	11	12298	卖盘
13:57:36	11.18	--	11	12298	卖盘
13:57:09	11.18	-0.01	32	35776	卖盘
13:57:03	11.19	0.01	26	29094	买盘
13:57:00	11.18	--	10	11180	卖盘
13:56:57	11.18	--	6	6708	卖盘
13:56:54	11.18	--	20	22360	卖盘
13:56:51	11.18	-0.01	12	13416	卖盘
13:56:42	11.19	--	20	22380	买盘
13:56:27	11.19	0.01	26	29094	买盘
13:56:21	11.18	-0.01	47	52546	卖盘
13:56:18	11.19	0.01	3	3357	买盘
13:56:15	11.18	-0.01	3	3354	卖盘
13:55:54	11.19	0.01	14	15666	买盘
13:55:45	11.18	-0.01	9	10062	卖盘
13:55:33	11.19	0.01	700	783300	买盘
13:55:15	11.18	--	1	1118	卖盘
13:55:12	11.18	--	29	32422	卖盘
13:54:54	11.18	0.01	38	42484	中性盘
13:54:33	11.17	-0.02	126	140742	卖盘
13:54:12	11.19	0.01	20	22380	买盘
13:54:09	11.18	-0.01	70	78260	卖盘
13:54:00	11.19	--	9	10071	买盘
13:53:57	11.19	0.01	100	111900	买盘
13:53:51	11.18	-0.01	13	14534	卖盘
13:53:27	11.19	0.01	4	4476	买盘
13:53:15	11.18	-0.01	10	11180	卖盘
13:53:06	11.19	0.01	10	11190	买盘
13:53:00	11.18	--	10	11180	卖盘
13:52:45	11.18	--	20	22360	卖盘
13:52:21	11.18	0.01	56	62753	买盘
13:52:18	11.17	-0.01	5	5808	卖盘
13:52:12	11.18	0.01	122	136396	买盘
13:51:54	11.17	--	12	13404	卖盘
13:51:39	11.17	--	43	48031	买盘
13:51:33	11.17	--	5	5585	买盘
13:50:57	11.17	--	4	4468	买盘
13:50:48	11.17	--	50	55850	买盘
13:50:27	11.17	0.01	282	314994	买盘
13:49:54	11.16	--	4	5356	卖盘
13:49:27	11.16	--	200	223200	卖盘
13:49:09	11.16	--	20	22320	卖盘
13:47:33	11.16	--	5	5580	卖盘
13:47:15	11.16	-0.01	50	55800	卖盘
13:46:30	11.17	0.01	2	2234	买盘
13:45:51	11.16	-0.01	29	32364	卖盘
13:45:39	11.17	0.01	20	22340	买盘
13:45:27	11.16	-0.01	18	20088	卖盘
13:45:24	11.17	--	1	1117	买盘
13:44:54	11.17	--	19	21223	卖盘
13:44:51	11.17	--	21	23457	买盘
13:44:42	11.17	--	4	4468	卖盘
13:44:27	11.17	-0.01	96	107232	中性盘
13:43:33	11.18	0.01	29	32422	买盘
13:43:27	11.17	--	10	11170	卖盘
13:43:15	11.17	0.01	20	22340	买盘
13:43:09	11.16	-0.01	20	22320	卖盘
13:42:48	11.17	0.01	50	55850	买盘
13:42:39	11.16	--	17	18972	卖盘
13:42:30	11.16	--	17	18972	卖盘
13:42:06	11.16	--	50	55800	卖盘
13:41:27	11.16	--	13	14508	卖盘
13:41:21	11.16	--	77	85932	卖盘
13:41:18	11.16	-0.01	11	12276	卖盘
13:40:54	11.17	--	30	33510	卖盘
13:40:51	11.17	--	20	22340	卖盘
13:40:06	11.17	--	1	1117	卖盘
13:40:00	11.17	-0.01	1	1117	卖盘
13:39:21	11.18	--	10	11180	买盘
13:38:51	11.18	0.01	8	8944	买盘
13:38:45	11.17	-0.01	198	221166	卖盘
13:38:36	11.18	--	6	6708	买盘
13:38:15	11.18	--	23	25714	买盘
13:37:48	11.18	0.01	10	11180	买盘
13:37:45	11.17	-0.01	1	1117	卖盘
13:37:39	11.18	0.01	2	2236	买盘
13:37:36	11.17	--	7	7819	卖盘
13:37:12	11.17	--	1	1117	卖盘
13:37:06	11.17	--	3	3351	卖盘
13:36:57	11.17	-0.01	1	1117	卖盘
13:36:54	11.18	0.01	10	11180	买盘
13:36:48	11.17	--	3	3351	卖盘
13:36:45	11.17	-0.01	10	11170	卖盘
13:36:24	11.18	--	6	6708	买盘
13:36:18	11.18	--	22	25568	卖盘
13:36:15	11.18	-0.01	5	5590	卖盘
13:36:06	11.19	0.01	12	13428	买盘
13:35:54	11.18	-0.01	30	33540	卖盘
13:35:51	11.19	0.01	30	33570	买盘
13:35:39	11.18	--	90	100620	卖盘
13:35:21	11.18	--	2	2236	卖盘
13:35:15	11.18	--	10	11180	卖盘
13:35:00	11.18	-0.01	8	8944	卖盘
13:34:03	11.19	--	2	3133	卖盘
13:33:33	11.19	--	15	16785	卖盘
13:33:24	11.19	--	10	11190	卖盘
13:33:15	11.19	--	122	136741	买盘
13:33:00	11.19	--	47	53488	卖盘
13:32:51	11.19	--	2	2461	买盘
13:32:42	11.19	--	12	14323	卖盘
13:32:39	11.19	--	2	2238	卖盘
13:32:33	11.19	--	100	111900	卖盘
13:32:30	11.19	0.01	35	39388	买盘
13:32:24	11.18	-0.01	8	8944	卖盘
13:32:18	11.19	--	50	55950	买盘
13:31:48	11.19	--	5	5595	买盘
13:31:39	11.19	0.01	20	22380	买盘
13:31:30	11.18	-0.01	6	6708	卖盘
13:30:57	11.19	0.01	20	22380	买盘
13:30:48	11.18	-0.01	46	51707	卖盘
13:30:39	11.19	--	5	5595	买盘
13:30:15	11.19	--	0	223	卖盘
13:30:03	11.19	--	2	2238	卖盘
13:29:54	11.19	0.01	3	4252	买盘
13:29:51	11.18	-0.01	3	3354	卖盘
13:29:48	11.19	--	64	71616	买盘
13:29:39	11.19	0.01	11	12309	买盘
13:29:06	11.18	-0.01	8	8944	卖盘
13:29:03	11.19	0.01	2	2238	买盘
13:28:45	11.18	-0.01	4	4472	卖盘
13:28:30	11.19	--	5	5818	卖盘
13:28:27	11.19	--	2	2238	卖盘
13:28:18	11.19	--	60	67140	卖盘
13:28:03	11.19	0.01	26	29989	买盘
13:28:00	11.18	-0.01	8	8944	卖盘
13:27:57	11.19	--	10	11190	买盘
13:27:36	11.19	--	40	44760	买盘
13:27:27	11.19	--	47	52593	买盘
13:27:15	11.19	--	100	111900	买盘
13:27:03	11.19	--	26	29094	买盘
13:26:57	11.19	0.01	8	8952	买盘
13:26:54	11.18	-0.01	44	49192	卖盘
13:26:33	11.19	--	143	160017	买盘
13:26:27	11.19	--	361	403959	买盘
13:26:18	11.19	0.01	6	6714	买盘
13:26:12	11.18	-0.01	2	2236	卖盘
13:26:06	11.19	--	50	55950	买盘
13:26:00	11.19	0.01	50	55950	买盘
13:25:48	11.18	0.01	200	224583	买盘
13:24:54	11.17	-0.01	15	17559	卖盘
13:24:42	11.18	0.01	13	14534	买盘
13:24:33	11.17	-0.01	100	111700	卖盘
13:23:45	11.18	0.01	4	4472	中性盘
13:22:06	11.17	-0.02	10	11840	卖盘
13:22:03	11.19	0.02	20	22380	买盘
13:21:57	11.17	-0.01	288	321696	卖盘
13:21:54	11.18	--	20	22360	卖盘
13:21:33	11.18	--	10	11627	买盘
13:21:27	11.18	--	13	14534	买盘
13:21:03	11.18	--	6	7378	卖盘
13:20:54	11.18	-0.01	5	5590	卖盘
13:20:33	11.19	0.01	1	1119	买盘
13:20:30	11.18	-0.01	5	5590	卖盘
13:20:27	11.19	0.01	10	11190	买盘
13:20:24	11.18	-0.01	29	32422	卖盘
13:20:15	11.19	0.01	10	11190	买盘
13:20:03	11.18	-0.01	50	55900	卖盘
13:20:00	11.19	0.01	9	10071	买盘
13:19:57	11.18	--	100	111800	卖盘
13:19:51	11.18	--	5	5590	卖盘
13:19:48	11.18	--	81	90558	卖盘
13:19:42	11.18	--	35	39130	卖盘
13:19:15	11.18	-0.01	20	22360	卖盘
13:19:12	11.19	--	8	8952	买盘
13:19:09	11.19	--	20	22380	买盘
13:18:45	11.19	--	40	44760	买盘
13:18:42	11.19	0.01	26	29094	买盘
13:18:39	11.18	-0.01	33	36894	卖盘
13:18:36	11.19	--	20	22380	买盘
13:18:15	11.19	--	4	4476	买盘
13:18:09	11.19	--	17	19023	买盘
13:17:54	11.19	0.01	16	17904	买盘
13:17:27	11.18	--	5	6037	买盘
13:17:21	11.18	--	9	10062	买盘
13:17:18	11.18	--	100	111800	买盘
13:17:06	11.18	--	30	33540	买盘
13:17:00	11.18	--	5	5590	买盘
13:16:57	11.18	-0.01	50	56570	卖盘
13:16:51	11.19	0.01	53	59307	买盘
13:16:48	11.18	--	5	6037	买盘
13:16:39	11.18	--	111	124992	卖盘
13:16:33	11.18	-0.01	4	4472	卖盘
13:16:30	11.19	0.01	39	43641	买盘
13:16:18	11.18	--	33	37117	买盘
13:16:09	11.18	--	10	11180	买盘
13:15:48	11.18	--	37	41366	买盘
13:15:39	11.18	--	20	22360	买盘
13:15:27	11.18	--	1	1118	买盘
13:15:24	11.18	--	48	53664	买盘
13:15:15	11.18	--	5	5590	买盘
13:15:12	11.18	--	20	22360	买盘
13:15:09	11.18	--	50	55900	买盘
13:15:00	11.18	0.01	150	167700	买盘
13:14:45	11.17	--	137	153341	买盘
13:14:39	11.17	--	145	161965	买盘
13:14:33	11.17	--	53	59201	买盘
13:14:27	11.17	--	1	1117	买盘
13:14:24	11.17	--	22	24574	买盘
13:13:57	11.17	--	1	1117	买盘
13:13:54	11.17	--	20	22340	买盘
13:13:51	11.17	0.01	5	5585	买盘
13:13:33	11.16	--	21	24105	买盘
13:13:30	11.16	--	186	207576	买盘
13:13:27	11.16	--	1	1116	买盘
13:13:15	11.16	0.01	150	167400	买盘
13:12:42	11.15	--	27	30105	买盘
13:12:27	11.15	--	1	1115	买盘
13:12:09	11.15	--	42	46830	买盘
13:11:57	11.15	--	1	1115	买盘
13:11:54	11.15	--	10	11150	买盘
13:11:48	11.15	--	8	8920	卖盘
13:11:39	11.15	--	20	22300	卖盘
13:11:33	11.15	--	70	78050	卖盘
13:11:12	11.15	--	5	5575	卖盘
13:10:30	11.15	-0.01	30	33450	卖盘
13:10:27	11.16	--	1	1116	买盘
13:09:57	11.16	--	28	31248	买盘
13:09:45	11.16	0.01	2	2232	买盘
13:09:27	11.15	-0.01	7	7805	卖盘
13:09:15	11.16	--	100	111600	买盘
13:09:03	11.16	0.01	10	11160	买盘
13:08:57	11.15	-0.01	5	5575	卖盘
13:08:51	11.16	--	37	41292	买盘
13:08:39	11.16	0.01	26	29016	买盘
13:08:36	11.15	-0.01	30	33450	卖盘
13:08:27	11.16	--	26	29016	买盘
13:08:18	11.16	--	24	26784	买盘
13:08:15	11.16	--	26	29016	买盘
13:08:03	11.16	--	42	47095	卖盘
13:07:36	11.16	--	2	2678	卖盘
13:07:24	11.16	-0.01	13	14508	卖盘
13:06:57	11.17	--	1	1117	买盘
13:06:48	11.17	--	1	1117	买盘
13:06:27	11.17	--	1	1117	买盘
13:06:12	11.17	--	80	89360	买盘
13:06:00	11.17	--	125	139625	买盘
13:05:57	11.17	--	1	1117	买盘
13:05:27	11.17	--	1	1117	买盘
13:05:06	11.17	0.01	5	5585	买盘
13:04:33	11.16	--	11	12722	买盘
13:04:27	11.16	--	2	2901	卖盘
13:04:15	11.16	--	21	23882	买盘
13:04:09	11.16	--	74	83253	卖盘
13:03:48	11.16	--	210	234806	买盘
13:03:27	11.16	--	1	1116	买盘
13:03:12	11.16	0.01	3	3348	买盘
13:03:06	11.15	--	1	1115	卖盘
13:02:57	11.15	0.01	10	11150	中性盘
13:02:27	11.14	--	4	4456	卖盘
13:02:21	11.14	-0.01	29	32306	卖盘
13:02:00	11.15	0.01	11	12265	卖盘
13:01:48	11.14	-0.01	8	8912	卖盘
13:01:42	11.15	--	10	11150	卖盘
13:01:33	11.15	--	4	4460	卖盘
13:01:15	11.15	--	18	20516	卖盘
13:00:30	11.15	--	14	15610	买盘
13:00:09	11.15	-0.01	6	6690	卖盘
13:00:06	11.16	--	25	27900	买盘
13:00:03	11.16	--	119	132804	买盘
13:00:00	11.16	--	0	0	买盘
11:30:00	11.16	--	0	0	买盘
11:29:57	11.16	--	10	11160	买盘
11:29:42	11.16	--	23	25668	买盘
11:29:36	11.16	--	10	11160	买盘
11:29:33	11.16	0.01	2	2232	买盘
11:29:30	11.15	--	36	40140	卖盘
11:29:24	11.15	--	1	1115	卖盘
11:29:12	11.15	-0.01	30	33450	卖盘
11:29:06	11.16	--	1	1116	买盘
11:29:03	11.16	--	31	34596	买盘
11:28:33	11.16	0.01	300	334800	买盘
11:28:30	11.15	--	25	27875	买盘
11:28:27	11.15	--	1	1115	买盘
11:28:24	11.15	--	88	98120	买盘
11:28:15	11.15	--	2	2230	买盘
11:28:06	11.15	--	1	1115	买盘
11:27:57	11.15	--	55	61548	卖盘
11:27:39	11.15	-0.01	13	15387	卖盘
11:27:24	11.16	0.01	2	2232	买盘
11:27:21	11.15	--	39	43485	买盘
11:27:06	11.15	--	201	224115	买盘
11:26:24	11.15	0.02	2	2230	买盘
11:26:15	11.13	-0.02	188	209244	卖盘
11:26:09	11.15	--	6	6690	买盘
11:26:06	11.15	--	6	6690	买盘
11:26:03	11.15	--	1	1115	买盘
11:25:57	11.15	-0.01	175	195125	卖盘
11:25:54	11.16	--	3	3348	卖盘
11:25:42	11.16	--	14	15624	买盘
11:25:36	11.16	--	1	1116	卖盘
11:25:09	11.16	0.01	14	15624	买盘
11:25:06	11.15	-0.01	3	3345	卖盘
11:24:30	11.16	--	1	1116	买盘
11:24:27	11.16	--	1	1116	买盘
11:24:21	11.16	--	2	2232	买盘
11:24:15	11.16	--	1	1116	买盘
11:24:00	11.16	-0.01	1	1116	中性盘
11:23:54	11.17	--	7	7819	买盘
11:23:36	11.17	--	3	3351	买盘
11:23:18	11.17	0.01	2	2234	买盘
11:23:12	11.16	--	1	1116	买盘
11:23:09	11.16	-0.01	1	1116	卖盘
11:22:42	11.17	--	2	2234	买盘
11:22:39	11.17	--	2	2234	买盘
11:22:03	11.17	--	2	2234	买盘
11:21:54	11.17	0.01	172	192124	买盘
11:21:51	11.16	--	2	2232	买盘
11:21:36	11.16	0.01	1	1116	买盘
11:21:33	11.15	-0.01	1	1115	卖盘
11:21:00	11.16	0.01	2	2232	买盘
11:20:51	11.15	--	3	3345	卖盘
11:20:30	11.15	-0.01	5	5575	卖盘
11:20:18	11.16	--	2	2232	买盘
11:20:15	11.16	-0.01	10	11160	卖盘
11:20:03	11.17	--	2	2234	买盘
11:20:00	11.17	--	10	11170	买盘
11:19:57	11.17	--	2	2234	买盘
11:19:15	11.17	0.02	2	2234	买盘
11:19:12	11.15	--	1	1115	卖盘
11:19:09	11.15	--	16	17840	卖盘
11:19:06	11.15	-0.02	5	5575	中性盘
11:18:33	11.17	0.02	344	384248	买盘
11:18:27	11.15	--	2	2230	买盘
11:18:24	11.15	0.01	5	5575	买盘
11:18:18	11.14	-0.01	3	3342	卖盘
11:18:15	11.15	--	2	2230	买盘
11:18:09	11.15	0.01	1	1115	买盘
11:18:06	11.14	-0.01	5	5570	卖盘
11:17:36	11.15	--	7	7805	买盘
11:17:30	11.15	--	28	32245	卖盘
11:17:27	11.15	-0.01	10	12042	卖盘
11:17:24	11.16	--	2	2232	买盘
11:17:09	11.16	0.01	1	1116	买盘
11:17:06	11.15	-0.01	29	32335	卖盘
11:17:00	11.16	--	2	2232	买盘
11:16:48	11.16	--	1	1116	买盘
11:16:45	11.16	--	1	1116	买盘
11:16:27	11.16	--	2	2232	买盘
11:16:06	11.16	0.01	1	1116	买盘
11:16:03	11.15	--	20	22300	卖盘
11:15:57	11.15	0.02	660	736212	买盘
11:15:51	11.13	--	100	111300	卖盘
11:15:45	11.13	--	25	27825	卖盘
11:15:30	11.13	0.01	4	4452	买盘
11:15:27	11.12	-0.01	38	42256	卖盘
11:15:24	11.13	--	2	2226	买盘
11:15:21	11.13	0.01	20	22260	买盘
11:15:18	11.12	-0.01	83	92296	卖盘
11:15:15	11.13	--	20	22260	买盘
11:15:12	11.13	0.01	6	6678	买盘
11:15:09	11.12	-0.01	2	2224	卖盘
11:15:06	11.13	--	2	2226	买盘
11:15:00	11.13	--	10	11130	买盘
11:14:57	11.13	--	2	2226	买盘
11:14:48	11.13	--	26	28938	买盘
11:14:42	11.13	--	1	1113	买盘
11:14:39	11.13	--	5	5565	买盘
11:14:33	11.13	--	2	2226	买盘
11:14:27	11.13	--	1	1113	买盘
11:14:24	11.13	--	2	2226	买盘
11:14:21	11.13	--	152	169176	买盘
11:14:18	11.13	--	21	23373	买盘
11:14:03	11.13	--	1	1113	买盘
11:14:00	11.13	0.01	13	14469	买盘
11:13:54	11.12	-0.01	31	34472	卖盘
11:13:48	11.13	--	182	202566	买盘
11:13:24	11.13	--	1	1113	买盘
11:13:21	11.13	0.01	3	3339	买盘
11:13:09	11.12	-0.01	3	3335	卖盘
11:12:54	11.13	--	1	1113	买盘
11:12:45	11.13	0.01	117	130221	买盘
11:12:42	11.12	-0.01	39	43368	卖盘
11:12:39	11.13	--	1	1113	买盘
11:12:36	11.13	--	30	33390	买盘
11:12:15	11.13	--	2	2226	买盘
11:12:09	11.13	0.01	10	11130	买盘
11:12:03	11.12	-0.01	20	22240	卖盘
11:12:00	11.13	0.01	1	1113	买盘
11:11:57	11.12	--	5	5560	卖盘
11:11:36	11.12	-0.01	1	1112	卖盘
11:11:33	11.13	0.01	1	1113	买盘
11:11:21	11.12	-0.01	30	33360	卖盘
11:11:18	11.13	0.02	2	2226	买盘
11:11:12	11.11	--	20	22220	卖盘
11:11:09	11.11	--	31	34441	卖盘
11:10:45	11.11	-0.02	82	91102	卖盘
11:10:42	11.13	0.01	7	7791	买盘
11:10:39	11.12	--	4	5115	买盘
11:10:30	11.12	--	9	10008	买盘
11:10:27	11.12	--	23	25576	买盘
11:10:21	11.12	--	102	113423	买盘
11:10:09	11.12	0.01	5	5560	买盘
11:10:00	11.11	-0.01	3	3333	卖盘
11:09:57	11.12	0.01	28	31135	买盘
11:09:48	11.11	--	10	11110	卖盘
11:09:45	11.11	-0.01	268	297748	卖盘
11:09:42	11.12	--	5	5560	买盘
11:09:39	11.12	--	53	58935	买盘
11:09:36	11.12	--	2	2224	买盘
11:09:33	11.12	0.01	2	2224	买盘
11:09:30	11.11	--	62	68882	卖盘
11:09:27	11.11	-0.01	3	3333	卖盘
11:09:21	11.12	--	12	13343	买盘
11:09:18	11.12	-0.01	20	22240	中性盘
11:09:03	11.13	0.02	27	30051	买盘
11:09:00	11.11	-0.02	91	101101	卖盘
11:08:57	11.13	0.01	15	16695	买盘
11:08:54	11.12	--	240	266880	卖盘
11:08:51	11.12	-0.01	26	28911	卖盘
11:08:45	11.13	--	15	16695	买盘
11:08:30	11.13	0.01	1	1113	买盘
11:08:27	11.12	-0.01	617	686104	卖盘
11:08:18	11.13	--	40	45187	卖盘
11:08:15	11.13	-0.01	21	23373	卖盘
11:08:12	11.14	0.01	12	13368	买盘
11:08:06	11.13	--	200	222600	卖盘
11:08:03	11.13	--	10	11130	卖盘
11:07:57	11.13	--	24	26712	卖盘
11:07:48	11.13	-0.01	5	5565	卖盘
11:07:45	11.14	0.01	11	12254	买盘
11:07:42	11.13	--	11	12243	卖盘
11:07:30	11.13	--	26	28938	卖盘
11:07:24	11.13	--	10	11130	卖盘
11:07:15	11.13	-0.01	15	16695	卖盘
11:07:09	11.14	0.01	3	3342	买盘
11:06:57	11.13	--	20	22260	卖盘
11:06:48	11.13	--	12	13356	卖盘
11:06:45	11.13	--	40	44520	卖盘
11:06:36	11.13	--	4	4452	卖盘
11:06:30	11.13	--	2	2226	卖盘
11:06:21	11.13	--	8	8904	卖盘
11:06:15	11.13	--	100	111300	卖盘
11:06:12	11.13	-0.01	6	6678	卖盘
11:06:00	11.14	--	12	13368	买盘
11:05:57	11.14	0.01	2	2228	买盘
11:05:54	11.13	--	1	1113	卖盘
11:05:36	11.13	--	40	44520	卖盘
11:05:21	11.13	-0.01	13	14469	卖盘
11:05:06	11.14	--	1	1114	买盘
11:05:03	11.14	--	5	5570	买盘
11:04:21	11.14	0.01	2	2228	买盘
11:04:06	11.13	-0.01	2	2226	卖盘
11:04:03	11.14	0.01	41	45674	买盘
11:03:54	11.13	-0.01	3	3339	卖盘
11:03:45	11.14	0.01	2	2228	买盘
11:03:42	11.13	-0.01	1	1113	卖盘
11:03:18	11.14	--	2	2228	买盘
11:02:57	11.14	0.01	1	1114	买盘
11:02:54	11.13	--	10	11130	卖盘
11:02:45	11.13	-0.01	4	4452	卖盘
11:02:42	11.14	--	6	6684	买盘
11:02:36	11.14	0.01	50	55700	买盘
11:02:21	11.13	-0.01	2	2226	卖盘
11:02:15	11.14	--	1	1114	买盘
11:02:12	11.14	--	2	2228	买盘
11:02:09	11.14	--	17	18938	买盘
11:02:03	11.14	0.01	30	33420	中性盘
11:01:57	11.13	-0.01	85	94605	卖盘
11:01:51	11.14	--	176	196064	买盘
11:01:48	11.14	--	80	89120	买盘
11:01:33	11.14	--	54	60156	买盘
11:01:30	11.14	--	3	3342	买盘
11:01:15	11.14	--	50	55700	买盘
11:01:09	11.14	0.01	2	2228	买盘
11:01:06	11.13	--	50	55650	卖盘
11:01:03	11.13	0.01	38	42739	买盘
11:01:00	11.12	--	8	8896	卖盘
11:00:45	11.12	-0.01	14	15567	卖盘
11:00:39	11.13	--	56	62328	买盘
11:00:36	11.13	--	20	22260	买盘
11:00:33	11.13	0.01	1	1113	买盘
11:00:27	11.12	-0.01	30	33360	卖盘
11:00:24	11.13	--	15	16695	买盘
11:00:18	11.13	--	2	2226	买盘
11:00:15	11.13	--	1	1113	买盘
11:00:12	11.13	--	5	5565	买盘
11:00:03	11.13	-0.01	128	143131	卖盘
10:59:48	11.14	0.01	2	2228	买盘
10:59:42	11.13	--	8	8904	卖盘
10:59:33	11.13	--	17	19366	买盘
10:59:30	11.13	--	1	1113	买盘
10:59:27	11.13	0.02	6	6678	买盘
10:59:24	11.11	-0.02	381	423291	卖盘
10:59:15	11.13	--	2	2226	买盘
10:59:12	11.13	--	57	63441	卖盘
10:58:57	11.13	-0.01	160	178080	卖盘
10:58:54	11.14	--	5	5570	买盘
10:58:45	11.14	--	1	1114	买盘
10:58:27	11.14	-0.01	30	33420	卖盘
10:58:24	11.15	--	5	5575	买盘
10:57:57	11.15	0.01	200	223000	买盘
10:57:54	11.14	0.01	12	13368	买盘
10:57:51	11.13	-0.01	2	2226	卖盘
10:57:48	11.14	--	49	55254	卖盘
10:57:39	11.14	-0.01	12	13368	卖盘
10:57:33	11.15	0.01	51	56865	买盘
10:57:30	11.14	--	2	2228	卖盘
10:57:09	11.14	-0.01	300	334200	卖盘
10:57:03	11.15	--	10	11150	买盘
10:56:57	11.15	0.01	2	2230	买盘
10:56:51	11.14	--	20	22280	卖盘
10:56:45	11.14	-0.01	64	71296	卖盘
10:56:42	11.15	0.01	31	34565	买盘
10:56:39	11.14	--	3	3342	卖盘
10:56:30	11.14	--	56	62384	卖盘
10:56:18	11.14	--	5	5570	卖盘
10:56:12	11.14	--	40	44560	卖盘
10:56:09	11.14	-0.01	37	41218	卖盘
10:56:00	11.15	--	1	1115	买盘
10:55:42	11.15	--	250	278750	买盘
10:55:39	11.15	0.01	24	26760	买盘
10:55:33	11.14	--	3	3342	卖盘
10:55:18	11.14	-0.01	16	17824	卖盘
10:55:12	11.15	-0.01	307	342305	卖盘
10:55:09	11.16	0.01	10	11160	买盘
10:55:06	11.15	--	10	11150	卖盘
10:55:00	11.15	-0.01	56	62440	卖盘
10:54:48	11.16	--	2	2232	买盘
10:54:45	11.16	-0.01	520	580320	卖盘
10:54:15	11.17	--	2	2234	买盘
10:54:12	11.17	--	11	12510	卖盘
10:54:09	11.17	--	15	16755	卖盘
10:54:00	11.17	-0.01	11	12287	卖盘
10:53:57	11.18	0.01	11	12298	买盘
10:53:54	11.17	--	10	11170	卖盘
10:53:33	11.17	--	4	4468	卖盘
10:53:30	11.17	--	30	33510	卖盘
10:53:21	11.17	--	68	76849	买盘
10:53:18	11.17	--	1	1117	买盘
10:53:15	11.17	--	52	58084	买盘
10:52:54	11.17	--	33	37084	卖盘
10:52:48	11.17	--	1	1117	卖盘
10:52:21	11.17	--	333	372854	买盘
10:52:15	11.17	--	2	2234	买盘
10:52:12	11.17	--	2	2234	买盘
10:51:12	11.17	--	1	1117	买盘
10:51:09	11.17	--	20	22340	买盘
10:50:57	11.17	0.01	2	2234	买盘
10:50:27	11.16	0.01	34	37944	买盘
10:50:24	11.15	-0.01	13	14495	卖盘
10:50:18	11.16	--	31	34596	卖盘
10:50:12	11.16	--	19	21204	买盘
10:50:09	11.16	--	2	2232	买盘
10:50:06	11.16	0.01	61	68076	买盘
10:50:03	11.15	-0.01	59	65785	卖盘
10:49:36	11.16	0.01	70	78120	买盘
10:49:12	11.15	--	50	56419	买盘
10:49:09	11.15	--	16	17840	买盘
10:49:00	11.15	--	2	2230	买盘
10:48:57	11.15	--	31	35011	卖盘
10:48:45	11.15	-0.01	60	66900	卖盘
10:48:42	11.16	0.01	4	4464	买盘
10:48:39	11.15	-0.01	100	111500	卖盘
10:48:36	11.16	0.01	10	11160	买盘
10:48:27	11.15	-0.01	1	1115	卖盘
10:48:24	11.16	--	33	36828	买盘
10:48:21	11.16	0.01	19	21204	买盘
10:48:18	11.15	--	102	113730	卖盘
10:48:15	11.15	--	3	3345	卖盘
10:48:06	11.15	--	25	27875	卖盘
10:48:03	11.15	--	185	206275	卖盘
10:47:57	11.15	0.01	2	2899	中性盘
10:47:54	11.14	-0.02	2073	2309767	卖盘
10:47:51	11.16	0.01	20	22320	买盘
10:47:45	11.15	-0.01	1	1115	卖盘
10:47:42	11.16	--	1	1116	买盘
10:47:39	11.16	0.01	60	66960	买盘
10:47:30	11.15	-0.01	20	22300	卖盘
10:47:27	11.16	0.01	20	22320	买盘
10:47:15	11.15	-0.01	200	223000	卖盘
10:47:09	11.16	--	2	2232	买盘
10:47:00	11.16	--	9	10044	买盘
10:46:57	11.16	--	11	12276	买盘
10:46:30	11.16	0.01	20	22320	买盘
10:46:15	11.15	-0.01	4	4460	卖盘
10:46:12	11.16	0.01	7	7812	买盘
10:46:03	11.15	--	8	8920	卖盘
10:45:45	11.15	-0.01	51	56865	卖盘
10:45:42	11.16	--	2	2232	买盘
10:45:39	11.16	0.01	10	11160	买盘
10:45:30	11.15	--	3	3345	卖盘
10:45:24	11.15	--	4	4460	卖盘
10:45:15	11.15	--	11	12265	卖盘
10:45:12	11.15	-0.01	25	27875	卖盘
10:45:03	11.16	--	2	2232	买盘
10:44:54	11.16	0.01	1	1116	买盘
10:44:51	11.15	-0.01	22	24530	卖盘
10:44:27	11.16	--	10	11160	买盘
10:44:21	11.16	--	10	11160	买盘
10:44:15	11.16	0.01	1	1116	买盘
10:44:12	11.15	--	6	6690	卖盘
10:44:09	11.15	--	30	33450	卖盘
10:44:06	11.15	-0.01	4	4460	卖盘
10:44:00	11.16	--	10	11160	买盘
10:43:57	11.16	--	20	22320	买盘
10:43:42	11.16	-0.01	113	126554	卖盘
10:43:33	11.17	0.01	2	2234	买盘
10:43:30	11.16	--	54	60264	卖盘
10:43:27	11.16	--	27	30132	卖盘
10:43:21	11.16	--	6	6696	卖盘
10:43:18	11.16	-0.01	14	15624	卖盘
10:43:12	11.17	0.01	10	11170	买盘
10:43:09	11.16	--	11	12276	卖盘
10:43:06	11.16	--	10	11160	卖盘
10:43:03	11.16	-0.02	72	80575	卖盘
10:42:54	11.18	0.01	2	2236	买盘
10:42:51	11.17	--	17	18989	卖盘
10:42:30	11.17	-0.01	1	1117	卖盘
10:42:21	11.18	0.01	28	31304	买盘
10:42:03	11.17	-0.01	46	51382	卖盘
10:41:57	11.18	0.01	2	2236	买盘
10:41:51	11.17	--	10	11170	卖盘
10:41:42	11.17	--	31	35520	买盘
10:41:39	11.17	0.01	3	3351	买盘
10:41:36	11.16	-0.01	3	3348	卖盘
10:41:15	11.17	--	45	50265	买盘
10:41:09	11.17	--	2	2234	买盘
10:41:00	11.17	--	1	1117	买盘
10:40:48	11.17	-0.01	355	396981	卖盘
10:40:42	11.18	0.01	108	120744	买盘
10:40:39	11.17	--	20	22340	卖盘
10:40:33	11.17	-0.01	1	1117	卖盘
10:40:15	11.18	--	20	22360	买盘
10:40:12	11.18	0.01	2	2236	买盘
10:40:09	11.17	--	691	772517	买盘
10:39:54	11.17	--	14	15638	买盘
10:39:51	11.17	0.01	2	2234	买盘
10:39:36	11.16	--	62	69192	卖盘
10:39:12	11.16	-0.01	35	39060	卖盘
10:39:00	11.17	--	2	2234	买盘
10:38:57	11.17	0.01	2	2234	买盘
10:38:09	11.16	-0.01	5	5580	卖盘
10:38:06	11.17	--	2	2234	买盘
10:38:03	11.17	0.01	1	1117	买盘
10:38:00	11.16	--	4	4464	卖盘
10:37:30	11.16	-0.01	4	4464	卖盘
10:37:18	11.17	0.01	1	1117	买盘
10:37:15	11.16	--	8	8928	卖盘
10:37:12	11.16	-0.01	5	5580	卖盘
10:37:06	11.17	0.01	2	2234	买盘
10:36:45	11.16	--	8	8928	卖盘
10:36:42	11.16	--	33	36828	卖盘
10:36:39	11.16	--	11	12276	卖盘
10:36:27	11.16	--	5	5580	卖盘
10:36:03	11.16	-0.01	51	57585	卖盘
10:35:57	11.17	--	2	2234	买盘
10:35:54	11.17	0.01	1	1117	买盘
10:35:21	11.16	-0.01	200	223200	卖盘
10:35:18	11.17	0.01	5	5585	买盘
10:35:15	11.16	--	8	8928	卖盘
10:35:09	11.16	-0.01	30	33480	卖盘
10:35:06	11.17	0.01	2	2234	买盘
10:34:54	11.16	--	50	55800	买盘
10:34:45	11.16	--	5	5580	买盘
10:34:42	11.16	--	2	2232	买盘
10:34:39	11.16	--	6	6696	买盘
10:34:27	11.16	0.01	50	55800	买盘
10:34:24	11.15	-0.01	5	5575	卖盘
10:34:15	11.16	0.01	30	33480	买盘
10:34:06	11.15	--	121	134915	买盘
10:34:03	11.15	--	20	22300	买盘
10:33:57	11.15	--	2	2230	买盘
10:33:54	11.15	--	10	11150	买盘
10:33:51	11.15	--	32	35680	买盘
10:33:48	11.15	--	22	24530	买盘
10:33:45	11.15	--	20	22300	买盘
10:33:42	11.15	0.01	50	55750	买盘
10:33:39	11.14	-0.01	52	57928	卖盘
10:33:33	11.15	--	71	79165	买盘
10:33:27	11.15	--	4	4460	买盘
10:33:21	11.15	--	10	11150	买盘
10:33:18	11.15	--	100	111500	买盘
10:33:15	11.15	0.01	2	2230	买盘
10:33:12	11.14	-0.01	3	3342	卖盘
10:33:03	11.15	-0.01	728	811720	卖盘
10:32:54	11.16	--	2	2232	买盘
10:32:45	11.16	--	205	228780	买盘
10:32:33	11.16	0.01	1	1116	买盘
10:32:30	11.15	--	10	11150	卖盘
10:32:06	11.15	-0.01	350	390250	卖盘
10:32:03	11.16	0.01	2	2232	买盘
10:31:57	11.15	--	250	278750	卖盘
10:31:54	11.15	-0.01	1	1115	卖盘
10:31:48	11.16	0.01	11	12276	买盘
10:31:45	11.15	-0.01	5	5575	卖盘
10:31:36	11.16	0.01	3	3348	买盘
10:31:24	11.15	-0.01	71	79165	卖盘
10:31:18	11.16	--	3	3348	买盘
10:31:12	11.16	--	9	10155	卖盘
10:30:57	11.16	--	3	4352	买盘
10:30:54	11.16	--	28	31248	买盘
10:30:51	11.16	--	2	2232	买盘
10:30:48	11.16	--	70	78120	买盘
10:30:36	11.16	--	22	24552	买盘
10:30:30	11.16	--	2	2232	买盘
10:30:27	11.16	--	893	996699	卖盘
10:30:18	11.16	-0.01	14	15624	卖盘
10:30:09	11.17	0.01	20	22340	买盘
10:29:57	11.16	--	14	15624	卖盘
10:29:54	11.16	-0.01	11	12276	卖盘
10:29:42	11.17	0.01	1	1117	买盘
10:29:39	11.16	-0.01	19	21204	卖盘
10:29:18	11.17	0.01	3	3351	买盘
10:29:15	11.16	-0.01	40	44640	卖盘
10:29:09	11.17	--	3	3351	买盘
10:29:00	11.17	-0.01	54	60764	卖盘
10:28:57	11.18	0.01	6	6708	买盘
10:28:54	11.17	0.01	141	158167	买盘
10:28:51	11.16	-0.01	4	4464	卖盘
10:28:48	11.17	--	1	1117	买盘
10:28:27	11.17	0.01	2	2234	买盘
10:28:24	11.16	--	4	4464	卖盘
10:28:06	11.16	--	2	2232	卖盘
10:28:03	11.16	--	16	17856	卖盘
10:27:45	11.16	-0.01	3	3348	卖盘
10:27:42	11.17	0.01	1	1117	买盘
10:27:39	11.16	--	27	30132	卖盘
10:27:27	11.16	--	103	114948	卖盘
10:27:12	11.16	--	15	16740	卖盘
10:27:06	11.16	-0.01	45	50220	卖盘
10:26:57	11.17	0.01	2	2234	买盘
10:26:42	11.16	-0.01	6	6696	卖盘
10:26:39	11.17	0.01	2	2234	买盘
10:26:36	11.16	-0.01	100	111600	卖盘
10:25:54	11.17	0.01	2	2234	买盘
10:25:48	11.16	-0.01	10	11160	卖盘
10:25:39	11.17	0.01	20	22340	买盘
10:25:36	11.16	--	1	1116	卖盘
10:25:27	11.16	-0.01	91	101556	卖盘
10:25:21	11.17	--	6	6702	买盘
10:25:15	11.17	--	1	1117	买盘
10:25:06	11.17	--	25	27925	买盘
10:25:00	11.17	--	2	2234	买盘
10:24:57	11.17	0.01	150	167773	买盘
10:24:42	11.16	--	20	22320	卖盘
10:24:39	11.16	--	200	223200	卖盘
10:24:36	11.16	--	10	11160	卖盘
10:24:30	11.16	--	4	4464	卖盘
10:24:21	11.16	--	20	22320	卖盘
10:24:06	11.16	-0.01	24	26784	卖盘
10:23:54	11.17	--	22	24574	买盘
10:23:51	11.17	--	2	2234	买盘
10:23:48	11.17	0.01	7	7819	买盘
10:23:24	11.16	-0.01	14	15624	卖盘
10:23:00	11.17	--	64	71488	买盘
10:22:54	11.17	--	2	2234	买盘
10:22:48	11.17	0.01	41	45797	买盘
10:22:42	11.16	--	19	21204	卖盘
10:22:39	11.16	-0.01	2	2232	卖盘
10:22:27	11.17	--	20	22340	买盘
10:22:21	11.17	--	36	40212	买盘
10:22:18	11.17	0.01	10	11170	买盘
10:22:09	11.16	--	3	3348	卖盘
10:22:06	11.16	-0.01	12	13392	卖盘
10:21:54	11.17	--	8	8936	买盘
10:21:48	11.17	0.01	67	74839	买盘
10:21:42	11.16	-0.01	3	3348	卖盘
10:21:30	11.17	-0.01	65	73051	卖盘
10:21:24	11.18	0.01	1	1118	买盘
10:21:21	11.17	--	8	8936	卖盘
10:21:18	11.17	--	3	3351	卖盘
10:21:15	11.17	--	24	26808	卖盘
10:21:06	11.17	-0.01	11	12287	卖盘
10:21:00	11.18	0.01	2	2236	买盘
10:20:57	11.17	--	5	5585	卖盘
10:20:48	11.17	--	5	5585	卖盘
10:20:45	11.17	--	5	5585	卖盘
10:20:42	11.17	--	5	5585	卖盘
10:20:36	11.17	--	5	5585	卖盘
10:20:33	11.17	--	5	5585	卖盘
10:20:30	11.17	--	5	5585	卖盘
10:20:21	11.17	--	2	2680	卖盘
10:20:18	11.17	--	10	11170	卖盘
10:20:15	11.17	--	8	8936	卖盘
10:20:12	11.17	0.01	20	22563	买盘
10:20:06	11.16	-0.01	435	485460	卖盘
10:20:03	11.17	--	61	68137	买盘
10:20:00	11.17	--	100	111700	买盘
10:19:54	11.17	--	2	2234	买盘
10:19:48	11.17	0.01	32	35967	买盘
10:19:45	11.16	--	5	5580	卖盘
10:19:39	11.16	-0.01	6	6696	卖盘
10:19:30	11.17	--	64	71488	买盘
10:19:24	11.17	--	2	2234	买盘
10:19:21	11.17	--	20	22340	买盘
10:19:03	11.17	--	50	55850	买盘
10:18:57	11.17	0.01	2	2234	买盘
10:18:54	11.16	--	2	2232	卖盘
10:18:48	11.16	-0.01	5	5580	卖盘
10:18:39	11.17	--	1	1117	买盘
10:18:36	11.17	--	16	17872	买盘
10:18:24	11.17	0.01	20	22340	买盘
10:18:00	11.16	-0.01	30	33480	卖盘
10:17:57	11.17	--	1	1117	买盘
10:17:54	11.17	0.01	2	2234	买盘
10:17:42	11.16	--	12	13392	卖盘
10:17:39	11.16	0.01	39	44082	买盘
10:17:27	11.15	-0.01	123	137145	卖盘
10:17:24	11.16	--	30	33480	买盘
10:17:15	11.16	--	1	1116	买盘
10:17:12	11.16	--	2	2232	买盘
10:16:57	11.16	--	969	1081962	卖盘
10:16:51	11.16	-0.01	302	337032	卖盘
10:16:33	11.17	--	20	22340	买盘
10:16:30	11.17	0.01	50	55850	买盘
10:16:27	11.16	--	6	6696	卖盘
10:16:24	11.16	-0.01	1	1339	卖盘
10:16:18	11.17	--	50	55850	买盘
10:15:57	11.17	0.01	2	2234	买盘
10:15:54	11.16	--	9	10044	卖盘
10:15:30	11.16	--	1	1116	卖盘
10:15:27	11.16	-0.01	10	11160	卖盘
10:15:09	11.17	0.01	1	1117	买盘
10:15:06	11.16	-0.01	2	2232	卖盘
10:15:03	11.17	--	7	7819	买盘
10:14:48	11.17	--	2	2234	买盘
10:14:42	11.17	0.01	4	4468	买盘
10:14:33	11.16	-0.01	4	4464	卖盘
10:14:30	11.17	0.01	6	6702	买盘
10:14:27	11.16	-0.01	1	1116	卖盘
10:14:00	11.17	0.01	7	7819	买盘
10:13:57	11.16	-0.01	78	87940	卖盘
10:13:54	11.17	--	95	106115	卖盘
10:13:51	11.17	--	1	1117	卖盘
10:13:48	11.17	--	4	4468	卖盘
10:13:45	11.17	--	6	6702	卖盘
10:13:42	11.17	--	12	13404	卖盘
10:13:30	11.17	--	11	12287	卖盘
10:13:27	11.17	-0.01	16	17872	卖盘
10:13:24	11.18	0.01	23	25714	买盘
10:12:57	11.17	--	6	6702	卖盘
10:12:54	11.17	--	14	15638	卖盘
10:12:45	11.17	--	5	5585	卖盘
10:12:42	11.17	-0.01	6	6702	卖盘
10:12:27	11.18	--	2	2236	买盘
10:12:24	11.18	0.01	1	1118	买盘
10:12:21	11.17	--	14	15638	卖盘
10:12:18	11.17	--	30	33510	卖盘
10:12:09	11.17	--	13	14521	卖盘
10:12:06	11.17	0.01	30	33733	买盘
10:12:03	11.16	-0.01	4	4464	卖盘
10:11:54	11.17	--	42	46914	买盘
10:11:48	11.17	--	10	11170	买盘
10:11:42	11.17	--	1	1117	买盘
10:11:39	11.17	--	11	12287	买盘
10:11:36	11.17	--	20	22340	买盘
10:11:21	11.17	--	5	5585	买盘
10:11:09	11.17	--	14	15638	买盘
10:11:06	11.17	--	30	33510	买盘
10:11:00	11.17	--	5	5585	买盘
10:10:57	11.17	--	10	11170	买盘
10:10:51	11.17	--	11	12287	买盘
10:10:48	11.17	--	2	2234	买盘
10:10:45	11.17	--	100	111700	买盘
10:10:42	11.17	--	11	12287	买盘
10:10:21	11.17	--	1	1117	买盘
10:10:18	11.17	--	11	12287	买盘
10:10:15	11.17	--	5	5585	买盘
10:10:12	11.17	--	2	2234	买盘
10:10:06	11.17	--	51	56967	买盘
10:10:03	11.17	--	33	36861	卖盘
10:09:57	11.17	--	10	11170	卖盘
10:09:51	11.17	--	18	20106	买盘
10:09:48	11.17	--	3	3351	买盘
10:09:39	11.17	--	1	1117	买盘
10:09:36	11.17	--	28	31276	卖盘
10:09:33	11.17	0.01	19	21223	买盘
10:09:24	11.16	--	248	276768	卖盘
10:09:21	11.16	--	100	111600	卖盘
10:09:18	11.16	--	2	2232	卖盘
10:09:15	11.16	--	10	11160	卖盘
10:08:57	11.16	-0.01	4	4464	卖盘
10:08:54	11.17	--	3	3351	买盘
10:08:45	11.17	--	2	2234	买盘
10:08:33	11.17	--	190	212453	卖盘
10:08:27	11.17	--	1	1117	卖盘
10:08:24	11.17	--	111	123987	卖盘
10:08:18	11.17	-0.01	6	6702	卖盘
10:08:15	11.18	0.01	1	1118	买盘
10:08:12	11.17	--	173	193687	卖盘
10:08:06	11.17	--	18	20106	卖盘
10:07:57	11.17	--	80	89360	卖盘
10:07:54	11.17	-0.01	23	25691	卖盘
10:07:42	11.18	0.01	7	7826	买盘
10:07:39	11.17	-0.01	100	111700	卖盘
10:07:36	11.18	0.01	1	1118	买盘
10:07:33	11.17	--	62	69254	卖盘
10:07:27	11.17	--	57	63669	卖盘
10:07:15	11.17	--	4	4468	卖盘
10:07:12	11.17	--	9	10053	卖盘
10:07:03	11.17	--	8	9829	卖盘
10:07:00	11.17	--	20	22340	卖盘
10:06:54	11.17	-0.01	1	1117	卖盘
10:06:51	11.18	--	1	1118	买盘
10:06:48	11.18	0.01	2	2236	买盘
10:06:21	11.17	-0.01	5	5808	卖盘
10:06:12	11.18	0.01	1	1118	买盘
10:06:09	11.17	-0.01	6	6702	卖盘
10:06:06	11.18	--	5	5590	买盘
10:06:03	11.18	-0.01	18	20124	卖盘
10:06:00	11.19	0.01	20	22380	买盘
10:05:57	11.18	0.01	2	2236	买盘
10:05:54	11.17	-0.01	24	26808	卖盘
10:05:42	11.18	--	24	27726	卖盘
10:05:39	11.18	--	262	292916	卖盘
10:05:33	11.18	--	26	29068	卖盘
10:05:30	11.18	--	98	109564	卖盘
10:05:18	11.18	0.01	174	194755	买盘
10:05:12	11.17	--	26	29042	卖盘
10:05:09	11.17	--	26	29042	卖盘
10:05:06	11.17	--	268	299356	卖盘
10:05:03	11.17	--	14	15638	卖盘
10:04:57	11.17	-0.01	16	17872	卖盘
10:04:54	11.18	--	2	2236	买盘
10:04:48	11.18	0.01	1	1118	买盘
10:04:45	11.17	--	22	24574	卖盘
10:04:42	11.17	--	2	2234	卖盘
10:04:39	11.17	-0.01	9	10053	卖盘
10:04:24	11.18	--	100	111800	买盘
10:04:12	11.18	0.01	3	3354	买盘
10:04:09	11.17	--	26	29042	卖盘
10:04:06	11.17	-0.01	22	24574	卖盘
10:04:00	11.18	--	37	41589	卖盘
10:03:48	11.18	-0.01	5	5590	卖盘
10:03:45	11.19	0.01	2	2238	买盘
10:03:42	11.18	--	205	229190	卖盘
10:03:33	11.18	--	6	6708	卖盘
10:03:27	11.18	--	36	41142	卖盘
10:03:24	11.18	--	14	15652	卖盘
10:03:18	11.18	--	9	10062	卖盘
10:03:15	11.18	--	6	6708	卖盘
10:03:12	11.18	--	8	8944	卖盘
10:03:09	11.18	--	4	4472	卖盘
10:03:06	11.18	--	8	8944	卖盘
10:03:03	11.18	--	8	8944	卖盘
10:02:51	11.18	-0.01	6	6708	卖盘
10:02:48	11.19	--	2	2238	买盘
10:02:42	11.19	0.01	40	44760	买盘
10:02:30	11.18	--	1	1118	卖盘
10:02:18	11.18	-0.01	6	6708	卖盘
10:02:09	11.19	--	7	7833	买盘
10:02:06	11.19	0.01	10	11190	买盘
10:01:51	11.18	--	10	11180	卖盘
10:01:45	11.18	--	100	111800	卖盘
10:01:42	11.18	0.01	153	171054	买盘
10:01:12	11.17	--	10	11170	卖盘
10:01:03	11.17	-0.01	10	11170	卖盘
10:00:45	11.18	--	2	2236	买盘
10:00:42	11.18	--	2	2236	买盘
10:00:00	11.18	0.01	52	58136	买盘
09:59:57	11.17	-0.01	9	10053	卖盘
09:59:42	11.18	0.01	2	2236	买盘
09:59:18	11.17	-0.01	83	92934	卖盘
09:59:15	11.18	0.01	4	4472	买盘
09:59:09	11.17	--	4	4468	卖盘
09:59:00	11.17	--	1	1117	卖盘
09:58:57	11.17	--	5	5585	卖盘
09:58:42	11.17	-0.01	22	24574	卖盘
09:58:39	11.18	--	2	2236	买盘
09:58:33	11.18	0.01	68	76024	买盘
09:58:30	11.17	-0.01	10	11170	卖盘
09:58:24	11.18	0.01	1	1118	买盘
09:58:21	11.17	--	3	3351	卖盘
09:58:15	11.17	--	12	13404	卖盘
09:58:09	11.17	--	1	1117	卖盘
09:58:06	11.17	-0.01	30	33510	卖盘
09:58:00	11.18	--	2	2236	买盘
09:57:57	11.18	--	7	7826	买盘
09:57:48	11.18	0.01	2	2236	买盘
09:57:39	11.17	-0.01	1	1117	卖盘
09:57:36	11.18	0.01	5	5590	买盘
09:57:33	11.17	--	2	2234	卖盘
09:57:30	11.17	-0.01	4	4468	卖盘
09:57:27	11.18	0.01	3	3354	买盘
09:57:24	11.17	--	17	18989	卖盘
09:57:18	11.17	-0.01	5	5585	卖盘
09:57:12	11.18	0.01	3	3354	买盘
09:57:09	11.17	--	21	24127	卖盘
09:57:06	11.17	--	20	22340	卖盘
09:56:54	11.17	--	100	111700	卖盘
09:56:51	11.17	--	4	4468	卖盘
09:56:48	11.17	-0.01	2	2234	卖盘
09:56:45	11.18	--	2	2236	买盘
09:56:30	11.18	--	31	34658	买盘
09:56:27	11.18	0.01	3	3354	买盘
09:56:12	11.17	--	37	41329	卖盘
09:56:03	11.17	--	10	11170	卖盘
09:55:54	11.17	-0.01	10	11170	卖盘
09:55:51	11.18	--	2	2236	买盘
09:55:48	11.18	--	1	1118	买盘
09:55:45	11.18	--	2	2236	买盘
09:55:39	11.18	0.01	10	11180	买盘
09:55:27	11.17	--	20	22340	卖盘
09:55:18	11.17	-0.01	1	1117	卖盘
09:55:09	11.18	0.01	1	1118	买盘
09:55:06	11.17	-0.01	19	21223	卖盘
09:55:00	11.18	--	3	3354	买盘
09:54:45	11.18	--	2	2236	买盘
09:54:42	11.18	--	7	7826	买盘
09:54:24	11.18	--	11	12298	买盘
09:54:21	11.18	0.01	83	92794	买盘
09:54:12	11.17	-0.01	426	475842	卖盘
09:54:09	11.18	0.01	7	7826	买盘
09:54:06	11.17	--	134	150124	卖盘
09:54:03	11.17	--	4	4468	卖盘
09:54:00	11.17	--	22	24574	卖盘
09:53:57	11.17	--	18	20106	卖盘
09:53:54	11.17	-0.01	12	13404	卖盘
09:53:48	11.18	0.01	4	4472	买盘
09:53:45	11.17	--	6	6702	卖盘
09:53:42	11.17	--	3	3351	卖盘
09:53:39	11.17	-0.01	2	2234	卖盘
09:53:36	11.18	--	5	6260	卖盘
09:53:33	11.18	--	3	3801	买盘
09:53:30	11.18	0.01	1	1118	买盘
09:53:24	11.17	--	101	113040	卖盘
09:53:12	11.17	-0.01	10	11170	卖盘
09:52:57	11.18	--	7	8496	卖盘
09:52:51	11.18	--	3	3354	卖盘
09:52:42	11.18	0.01	91	102185	买盘
09:52:39	11.17	-0.01	103	115051	卖盘
09:52:33	11.18	--	85	95030	买盘
09:52:30	11.18	--	2	2236	买盘
09:52:27	11.18	--	50	55900	买盘
09:52:15	11.18	--	10	11180	买盘
09:52:12	11.18	--	20	22360	买盘
09:52:06	11.18	--	83	93464	卖盘
09:52:03	11.18	-0.01	24	26832	卖盘
09:51:51	11.19	0.01	6	6714	买盘
09:51:48	11.18	-0.01	22	24596	卖盘
09:51:39	11.19	0.01	32	35808	买盘
09:51:36	11.18	--	1	1118	卖盘
09:51:24	11.18	--	80	89887	买盘
09:51:12	11.18	0.01	11	12298	买盘
09:51:06	11.17	-0.01	2	2234	卖盘
09:51:03	11.18	-0.01	0	670	卖盘
09:51:00	11.19	0.01	3	3357	买盘
09:50:57	11.18	-0.01	61	68198	卖盘
09:50:54	11.19	--	18	20142	买盘
09:50:48	11.19	0.01	22	24618	买盘
09:50:42	11.18	--	5	5590	卖盘
09:50:36	11.18	-0.01	14	15652	卖盘
09:50:33	11.19	0.01	18	20142	买盘
09:50:30	11.18	--	10	11180	卖盘
09:50:27	11.18	--	15	16770	卖盘
09:50:15	11.18	--	58	64844	卖盘
09:50:12	11.18	--	3	3354	卖盘
09:50:03	11.18	--	12	13416	卖盘
09:50:00	11.18	--	41	45838	卖盘
09:49:57	11.18	-0.01	50	55900	卖盘
09:49:51	11.19	--	20	22380	买盘
09:49:48	11.19	--	56	62664	买盘
09:49:45	11.19	--	30	33570	买盘
09:49:42	11.19	--	2	2238	买盘
09:49:39	11.19	-0.01	142	158898	卖盘
09:49:21	11.2	--	1	1120	买盘
09:49:18	11.2	0.01	3	3360	买盘
09:49:12	11.19	--	10	11190	卖盘
09:49:09	11.19	-0.01	87	97353	卖盘
09:48:57	11.2	0.01	12	13440	中性盘
09:48:54	11.19	--	6	6714	卖盘
09:48:48	11.19	--	7	7833	卖盘
09:48:45	11.19	-0.02	4	4476	卖盘
09:48:33	11.21	0.02	32	35872	买盘
09:48:18	11.19	0.01	11	12309	中性盘
09:47:51	11.18	-0.03	91	101738	卖盘
09:47:48	11.21	--	33	37665	卖盘
09:47:45	11.21	0.03	260	291908	买盘
09:47:42	11.18	-0.01	70	78260	卖盘
09:47:39	11.19	--	10	11190	买盘
09:47:36	11.19	-0.01	391	438200	卖盘
09:47:33	11.2	-0.01	11	12320	卖盘
09:47:24	11.21	-0.01	18	20178	中性盘
09:47:15	11.22	0.03	71	79662	买盘
09:47:09	11.19	-0.02	427	477813	卖盘
09:47:06	11.21	0.02	451	506019	买盘
09:47:03	11.19	-0.01	9	10071	卖盘
09:47:00	11.2	--	12	13440	买盘
09:46:57	11.2	--	22	24640	卖盘
09:46:51	11.2	-0.01	5	5600	卖盘
09:46:48	11.21	--	6	6726	买盘
09:46:45	11.21	0.01	3	3363	买盘
09:46:42	11.2	--	22	24640	卖盘
09:46:39	11.2	-0.01	15	16800	卖盘
09:46:33	11.21	--	150	168150	买盘
09:46:18	11.21	--	39	43719	买盘
09:46:15	11.21	0.01	10	11210	买盘
09:46:06	11.2	--	47	52640	买盘
09:46:03	11.2	--	7	7839	买盘
09:46:00	11.2	--	50	56000	买盘
09:45:57	11.2	--	50	56000	买盘
09:45:51	11.2	--	30	33600	买盘
09:45:48	11.2	--	110	123199	买盘
09:45:45	11.2	--	15	16800	买盘
09:45:42	11.2	--	2	2240	买盘
09:45:36	11.2	--	2	2240	买盘
09:45:33	11.2	--	7	7839	买盘
09:45:06	11.2	--	5	5600	买盘
09:44:54	11.2	--	20	22400	买盘
09:44:51	11.2	0.01	13	14559	买盘
09:44:48	11.19	--	11	12309	卖盘
09:44:45	11.19	-0.01	22	24618	卖盘
09:44:42	11.2	0.01	2	2240	买盘
09:44:39	11.19	-0.01	32	35808	卖盘
09:44:36	11.2	--	2	2240	买盘
09:44:30	11.2	--	5	5600	买盘
09:44:24	11.2	-0.01	20	22400	卖盘
09:44:15	11.21	0.01	5	5605	买盘
09:44:09	11.2	0.01	506	566720	买盘
09:44:06	11.19	--	15	16785	卖盘
09:43:45	11.19	--	48	53712	买盘
09:43:39	11.19	--	2	2238	买盘
09:43:30	11.19	--	30	33570	买盘
09:43:27	11.19	--	9	10071	买盘
09:43:24	11.19	0.01	21	23499	卖盘
09:43:21	11.18	-0.01	6	6708	卖盘
09:43:09	11.19	-0.01	60	67140	卖盘
09:43:00	11.2	0.01	18	20160	买盘
09:42:54	11.19	--	8	8952	卖盘
09:42:48	11.19	--	135	151736	买盘
09:42:39	11.19	0.01	6	6714	买盘
09:42:36	11.18	-0.01	2	2236	卖盘
09:42:21	11.19	0.01	64	71616	买盘
09:42:15	11.18	--	19	21242	卖盘
09:42:06	11.18	--	10	12074	卖盘
09:41:57	11.18	-0.01	51	57018	卖盘
09:41:51	11.19	0.01	20	22380	买盘
09:41:48	11.18	-0.01	9	10062	卖盘
09:41:39	11.19	--	2	2238	买盘
09:41:36	11.19	0.01	43	48117	买盘
09:41:27	11.18	-0.01	5	5590	卖盘
09:41:21	11.19	0.01	2	2238	买盘
09:40:48	11.18	0.01	134	149812	买盘
09:40:45	11.17	-0.01	6	6702	卖盘
09:40:42	11.18	--	50	55900	买盘
09:40:36	11.18	--	2	2236	买盘
09:40:33	11.18	--	1	1118	买盘
09:40:27	11.18	--	50	55900	买盘
09:40:21	11.18	--	15	16770	买盘
09:40:15	11.18	0.01	10	11180	买盘
09:40:09	11.17	--	9	10053	卖盘
09:40:06	11.17	-0.01	9	10053	卖盘
09:40:03	11.18	0.01	69	77142	买盘
09:39:42	11.17	-0.01	5	5585	卖盘
09:39:39	11.18	--	3	3354	买盘
09:39:12	11.18	0.01	1	1118	买盘
09:39:09	11.17	--	41	45797	中性盘
09:39:00	11.17	0.01	47	52499	买盘
09:38:57	11.16	-0.01	100	111600	卖盘
09:38:54	11.17	0.01	50	55850	买盘
09:38:51	11.16	-0.01	10	11160	卖盘
09:38:42	11.17	--	2	2234	买盘
09:38:36	11.17	0.01	123	137614	买盘
09:38:27	11.16	--	10	11160	卖盘
09:38:18	11.16	--	7	7812	卖盘
09:38:09	11.16	-0.01	90	100440	卖盘
09:38:06	11.17	0.01	10	11170	买盘
09:38:00	11.16	--	123	137268	卖盘
09:37:57	11.16	-0.01	15	16740	卖盘
09:37:54	11.17	0.01	2	2234	买盘
09:37:51	11.16	--	12	13392	卖盘
09:37:36	11.16	-0.01	102	113832	卖盘
09:37:33	11.17	--	49	54733	卖盘
09:37:24	11.17	0.01	24	26808	买盘
09:37:18	11.16	-0.01	6	6696	卖盘
09:37:12	11.17	--	7	7819	买盘
09:37:06	11.17	--	1	1117	买盘
09:37:03	11.17	--	11	12287	买盘
09:36:51	11.17	--	11	12287	卖盘
09:36:48	11.17	-0.01	9	10053	卖盘
09:36:39	11.18	0.01	2	2236	买盘
09:36:36	11.17	0.01	15	16755	买盘
09:36:30	11.16	--	153	170748	卖盘
09:36:24	11.16	--	175	195300	卖盘
09:36:21	11.16	-0.01	18	20088	卖盘
09:36:15	11.17	0.01	7	7819	买盘
09:36:06	11.16	-0.01	7	7812	卖盘
09:36:00	11.17	0.01	10	11170	买盘
09:35:42	11.16	--	10	11160	卖盘
09:35:39	11.16	--	39	43524	卖盘
09:35:30	11.16	-0.01	53	59259	卖盘
09:35:27	11.17	0.01	47	52499	买盘
09:35:18	11.16	-0.01	113	126108	卖盘
09:35:12	11.17	--	2	2234	买盘
09:35:09	11.17	--	5	5585	买盘
09:34:48	11.17	--	3	3351	买盘
09:34:42	11.17	-0.02	208	232336	卖盘
09:34:39	11.19	--	1	1119	买盘
09:34:27	11.19	0.01	10	11190	买盘
09:34:24	11.18	-0.01	10	11180	卖盘
09:34:21	11.19	0.01	1	1119	买盘
09:34:18	11.18	-0.01	15	16770	卖盘
09:34:12	11.19	--	4	4476	买盘
09:34:03	11.19	0.01	3	3357	买盘
09:33:51	11.18	-0.01	35	39130	中性盘
09:33:42	11.19	--	27	30213	买盘
09:33:39	11.19	--	1	1119	买盘
09:33:36	11.19	--	64	72063	卖盘
09:33:33	11.19	--	103	115928	卖盘
09:33:30	11.19	--	20	22380	卖盘
09:33:21	11.19	-0.02	74	82806	卖盘
09:33:15	11.21	0.01	10	11210	买盘
09:33:12	11.2	-0.01	10	11200	卖盘
09:33:06	11.21	--	10	11210	买盘
09:33:03	11.21	0.02	3	3363	买盘
09:32:39	11.19	-0.01	130	145470	卖盘
09:32:33	11.2	--	19	21280	买盘
09:32:30	11.2	--	2	2240	买盘
09:32:27	11.2	0.01	20	22400	买盘
09:32:12	11.19	-0.01	5	5595	卖盘
09:32:09	11.2	--	5	5600	买盘
09:32:06	11.2	0.01	5	5600	买盘
09:32:03	11.19	-0.01	2	2238	卖盘
09:31:51	11.2	--	8	8960	买盘
09:31:48	11.2	--	9	10080	买盘
09:31:45	11.2	0.01	50	56000	中性盘
09:31:39	11.19	-0.01	2	2238	卖盘
09:31:36	11.2	--	99	110880	买盘
09:31:30	11.2	--	10	11200	买盘
09:31:15	11.2	--	10	11200	买盘
09:31:06	11.2	--	5	5600	买盘
09:31:03	11.2	--	4	4480	买盘
09:31:00	11.2	--	32	35840	买盘
09:30:57	11.2	--	10	11200	买盘
09:30:45	11.2	--	13	14559	买盘
09:30:42	11.2	--	1	1120	买盘
09:30:36	11.2	--	15	16800	买盘
09:30:27	11.2	-0.02	20	22400	买盘
09:30:21	11.22	0.02	132	148104	买盘
09:30:18	11.2	--	40	44800	买盘
09:30:15	11.2	-0.01	117	131039	卖盘
09:30:09	11.21	--	18	20178	买盘
09:30:06	11.21	0.01	192	215232	买盘
09:30:03	11.2	-0.01	532	595840	卖盘
09:30:00	11.21	--	0	0	买盘
09:25:03	11.21	11.21	345	386745	买盘
