成交时间	成交价	价格变动	成交量(手)	成交额(元)	性质
15:00:03	6.79	-0.01	1344	912576	卖盘
14:57:00	6.8	--	0	0	买盘
14:56:54	6.8	--	6	4080	买盘
14:56:36	6.8	--	245	166600	买盘
14:56:27	6.8	--	38	25840	买盘
14:56:24	6.8	-0.01	333	226440	卖盘
14:56:21	6.81	--	569	387563	买盘
14:56:18	6.81	--	272	185232	买盘
14:56:12	6.81	--	224	152544	买盘
14:56:09	6.81	0.01	193	131433	买盘
14:56:06	6.8	-0.01	41	27880	卖盘
14:56:03	6.81	--	235	160035	买盘
14:56:00	6.81	0.01	110	74910	买盘
14:55:54	6.8	--	18	12240	卖盘
14:55:51	6.8	-0.01	52	35360	卖盘
14:55:48	6.81	0.01	20	13620	买盘
14:55:45	6.8	--	277	188360	卖盘
14:55:42	6.8	--	19	12920	卖盘
14:55:36	6.8	--	8	5440	卖盘
14:55:33	6.8	0.02	940	639805	买盘
14:55:24	6.78	-0.01	2	1356	卖盘
14:55:21	6.79	-0.01	152	103208	买盘
14:55:15	6.8	0.01	400	272000	买盘
14:55:06	6.79	--	59	40169	卖盘
14:55:03	6.79	--	94	64396	买盘
14:54:54	6.79	-0.01	105	71403	卖盘
14:54:48	6.8	0.01	650	442000	买盘
14:54:42	6.79	-0.01	79	53641	卖盘
14:54:39	6.8	0.01	10	6800	买盘
14:54:36	6.79	-0.01	15	10185	卖盘
14:54:33	6.8	--	10	6800	买盘
14:54:30	6.8	0.01	419	284920	买盘
14:54:27	6.79	--	30	20370	卖盘
14:54:18	6.79	--	40	27160	卖盘
14:54:15	6.79	--	20	13580	卖盘
14:54:06	6.79	--	50	33950	卖盘
14:54:03	6.79	--	7	4753	卖盘
14:53:57	6.79	--	115	78085	卖盘
14:53:54	6.79	--	30	20370	卖盘
14:53:48	6.79	--	98	66542	卖盘
14:53:42	6.79	--	20	13580	卖盘
14:53:39	6.79	--	50	33950	卖盘
14:53:36	6.79	--	5	3395	卖盘
14:53:33	6.79	--	66	44814	卖盘
14:53:30	6.79	--	40	27160	卖盘
14:53:18	6.79	--	59	40061	卖盘
14:53:12	6.79	--	14	9506	卖盘
14:53:06	6.79	-0.01	48	32592	卖盘
14:52:48	6.8	--	1	680	买盘
14:52:45	6.8	--	32	21760	买盘
14:52:24	6.8	--	10	6800	买盘
14:52:18	6.8	0.01	184	125120	买盘
14:52:15	6.79	-0.01	12	8148	卖盘
14:52:03	6.8	--	4	2720	买盘
14:52:00	6.8	--	20	13600	买盘
14:51:57	6.8	--	210	142800	买盘
14:51:54	6.8	--	110	74800	买盘
14:51:51	6.8	--	4	2720	买盘
14:51:48	6.8	--	5	4012	卖盘
14:51:30	6.8	--	53	36108	卖盘
14:51:18	6.8	--	44	29920	买盘
14:51:12	6.8	--	160	108800	卖盘
14:51:00	6.8	--	31	21080	卖盘
14:50:57	6.8	--	22	14960	卖盘
14:50:51	6.8	--	20	13600	卖盘
14:50:42	6.8	--	5	3400	卖盘
14:50:36	6.8	--	5	3400	卖盘
14:50:33	6.8	--	9	6120	卖盘
14:50:27	6.8	--	8	5440	卖盘
14:50:24	6.8	--	5	3400	卖盘
14:50:21	6.8	--	30	20400	卖盘
14:50:06	6.8	--	93	63852	买盘
14:50:03	6.8	--	75	51068	卖盘
14:50:00	6.8	--	294	200532	买盘
14:49:54	6.8	--	30	20400	买盘
14:49:51	6.8	--	39	26520	买盘
14:49:45	6.8	0.01	40	27200	买盘
14:49:42	6.79	-0.01	54	36666	卖盘
14:49:21	6.8	0.01	16	10880	买盘
14:48:51	6.79	--	20	13580	卖盘
14:48:42	6.79	--	86	58964	买盘
14:48:39	6.79	--	364	247156	买盘
14:48:36	6.79	--	99	67221	买盘
14:48:30	6.79	--	100	67900	买盘
14:48:27	6.79	--	42	28518	买盘
14:48:21	6.79	--	500	339500	买盘
14:48:09	6.79	--	652	442708	买盘
14:47:57	6.79	--	100	67900	买盘
14:47:45	6.79	--	10	6790	买盘
14:47:24	6.79	0.01	2	1358	买盘
14:47:06	6.78	-0.01	113	77122	卖盘
14:47:00	6.79	0.01	10	6790	买盘
14:46:57	6.78	--	3	2034	卖盘
14:46:27	6.78	--	12	8136	卖盘
14:46:12	6.78	--	42	28476	卖盘
14:46:03	6.78	--	39	26442	卖盘
14:46:00	6.78	--	96	65569	买盘
14:45:57	6.78	--	2	1356	买盘
14:45:48	6.78	-0.01	558	378520	卖盘
14:45:45	6.79	0.01	2	1358	买盘
14:45:42	6.78	--	100	67800	卖盘
14:45:39	6.78	--	2	1356	卖盘
14:45:36	6.78	--	55	37290	卖盘
14:45:12	6.78	--	43	29154	卖盘
14:45:00	6.78	--	227	153906	卖盘
14:44:45	6.78	--	236	160008	卖盘
14:44:42	6.78	--	47	31866	卖盘
14:44:21	6.78	--	20	13560	卖盘
14:44:15	6.78	--	2	1356	卖盘
14:44:09	6.78	--	30	20340	卖盘
14:44:03	6.78	--	1	678	卖盘
14:43:42	6.78	--	4	2712	卖盘
14:43:24	6.78	--	42	29086	卖盘
14:43:00	6.78	--	132	90045	买盘
14:42:51	6.78	--	40	27120	买盘
14:42:48	6.78	0.01	22	14916	买盘
14:42:42	6.77	--	8	5416	卖盘
14:42:24	6.77	-0.01	42	29083	卖盘
14:42:21	6.78	--	14	9492	买盘
14:42:03	6.78	--	10	6780	买盘
14:41:42	6.78	--	220	149288	卖盘
14:41:24	6.78	--	542	368092	卖盘
14:41:18	6.78	--	10	6780	卖盘
14:40:51	6.78	--	40	27120	卖盘
14:40:42	6.78	--	2	1356	卖盘
14:40:33	6.78	--	5	3390	卖盘
14:40:30	6.78	--	1	678	卖盘
14:40:27	6.78	--	57	39256	卖盘
14:40:24	6.78	--	10	6780	卖盘
14:40:21	6.78	-0.01	8	5424	卖盘
14:40:09	6.79	--	10	6790	买盘
14:39:51	6.79	--	31	21049	买盘
14:39:45	6.79	--	1	679	买盘
14:39:36	6.79	--	282	191586	卖盘
14:39:33	6.79	--	50	33950	卖盘
14:39:27	6.79	--	52	35878	卖盘
14:39:21	6.79	--	1	679	卖盘
14:39:12	6.79	--	15	10185	卖盘
14:39:00	6.79	--	5	3395	卖盘
14:38:54	6.79	--	1	679	卖盘
14:38:39	6.79	--	1	679	卖盘
14:38:36	6.79	--	10	6790	卖盘
14:38:06	6.79	--	1	679	卖盘
14:38:03	6.79	--	5	3395	卖盘
14:37:48	6.79	--	6	4074	卖盘
14:37:39	6.79	-0.01	20	13580	卖盘
14:37:36	6.8	--	50	34000	买盘
14:37:30	6.8	0.01	8	5440	买盘
14:37:15	6.79	--	8	5432	卖盘
14:37:09	6.79	-0.01	5	3395	卖盘
14:36:42	6.8	0.01	96	65280	买盘
14:36:39	6.79	-0.01	5	3395	卖盘
14:36:12	6.8	0.01	30	20400	买盘
14:35:57	6.79	-0.01	1	679	卖盘
14:35:54	6.8	--	4	2720	买盘
14:35:36	6.8	--	138	93840	买盘
14:35:33	6.8	--	27	18360	买盘
14:35:09	6.8	0.01	1	680	买盘
14:34:57	6.79	--	5	3395	卖盘
14:34:48	6.79	--	81	54999	卖盘
14:34:45	6.79	-0.01	3	2037	卖盘
14:34:33	6.8	0.02	1	680	买盘
14:34:30	6.78	-0.02	18	12204	卖盘
14:34:24	6.8	0.01	74	50320	买盘
14:34:21	6.79	--	72	48888	卖盘
14:34:12	6.79	0.01	28	19012	买盘
14:34:09	6.78	--	10	6780	卖盘
14:33:57	6.78	-0.01	30	20340	卖盘
14:33:42	6.79	--	11	7469	买盘
14:33:30	6.79	--	9	6111	卖盘
14:33:21	6.79	0.01	46	31234	买盘
14:33:18	6.78	--	5	3390	卖盘
14:33:03	6.78	-0.01	3	2034	卖盘
14:32:51	6.79	--	50	33950	买盘
14:32:33	6.79	0.01	2	1358	买盘
14:32:15	6.78	--	2	1356	卖盘
14:31:48	6.78	-0.01	3	2034	卖盘
14:31:42	6.79	0.02	10	6790	中性盘
14:31:21	6.77	-0.02	1368	926474	卖盘
14:31:12	6.79	--	57	38703	卖盘
14:31:09	6.79	-0.01	5	3395	卖盘
14:30:57	6.8	0.02	29	19720	买盘
14:30:45	6.78	-0.02	1000	678000	卖盘
14:30:36	6.8	--	3	2040	买盘
14:30:27	6.8	0.01	20	13600	买盘
14:30:21	6.79	-0.01	65	44135	卖盘
14:30:15	6.8	0.01	8	5440	买盘
14:30:09	6.79	-0.01	11	7469	卖盘
14:29:30	6.8	--	20	13600	买盘
14:29:21	6.8	--	6	4080	买盘
14:28:36	6.8	0.01	5	3400	买盘
14:28:24	6.79	0.01	2	1358	买盘
14:28:18	6.78	-0.01	506	343068	卖盘
14:28:12	6.79	-0.01	2	1358	卖盘
14:28:00	6.8	0.01	11	7480	买盘
14:27:57	6.79	0.01	42	28748	中性盘
14:27:51	6.78	-0.01	102	69156	卖盘
14:27:45	6.79	--	973	660667	买盘
14:27:30	6.79	0.01	5	3395	买盘
14:27:24	6.78	--	20	13560	卖盘
14:27:00	6.78	--	10	6780	卖盘
14:26:57	6.78	--	42	28753	卖盘
14:26:39	6.78	-0.01	3	2034	卖盘
14:26:18	6.79	--	5	3395	买盘
14:26:00	6.79	0.01	2	1358	买盘
14:25:57	6.78	--	42	28753	卖盘
14:25:54	6.78	--	10	6780	卖盘
14:25:48	6.78	0.01	14	9492	买盘
14:25:45	6.77	--	18	12186	卖盘
14:25:30	6.77	--	5	3385	卖盘
14:25:27	6.77	--	171	115766	卖盘
14:25:24	6.77	--	10	6770	卖盘
14:25:18	6.77	--	1	677	卖盘
14:25:00	6.77	--	10	6770	卖盘
14:24:57	6.77	--	42	28752	卖盘
14:24:54	6.77	--	51	34527	卖盘
14:24:42	6.77	--	15	10155	卖盘
14:24:33	6.77	--	1	677	卖盘
14:24:09	6.77	--	11	7446	卖盘
14:24:03	6.77	--	10	6770	卖盘
14:23:57	6.77	--	42	28752	卖盘
14:23:54	6.77	--	120	81240	卖盘
14:23:48	6.77	-0.03	71	48067	卖盘
14:23:42	6.8	0.03	20	13600	买盘
14:23:30	6.77	-0.03	1000	677000	卖盘
14:23:21	6.8	--	19	12920	卖盘
14:23:18	6.8	-0.02	20	13600	卖盘
14:23:00	6.82	--	212	144618	卖盘
14:22:57	6.82	--	40	27280	卖盘
14:22:51	6.82	--	10	6820	卖盘
14:22:48	6.82	--	10	6820	卖盘
14:22:36	6.82	0.02	175	119997	买盘
14:22:33	6.8	--	6	4080	卖盘
14:22:06	6.8	0.01	2	1360	买盘
14:22:03	6.79	--	18	12222	卖盘
14:22:00	6.79	--	10	6790	卖盘
14:21:51	6.79	--	17	11543	卖盘
14:21:45	6.79	-0.01	98	66881	卖盘
14:21:42	6.8	--	10	6800	卖盘
14:21:39	6.8	--	29	19720	买盘
14:21:33	6.8	0.01	3	2040	买盘
14:21:27	6.79	-0.01	9	6111	卖盘
14:21:15	6.8	--	10	6800	买盘
14:21:00	6.8	-0.02	8	5780	卖盘
14:20:57	6.82	0.02	100	68200	买盘
14:20:51	6.8	--	11	7820	买盘
14:20:48	6.8	--	16	11220	卖盘
14:20:39	6.8	--	1	680	卖盘
14:20:33	6.8	--	5	3400	卖盘
14:20:27	6.8	0.01	43	29580	买盘
14:20:24	6.79	-0.01	222	150738	卖盘
14:20:21	6.8	--	40	27200	买盘
14:20:15	6.8	0.01	10	6800	买盘
14:20:06	6.79	-0.01	2	1358	卖盘
14:20:03	6.8	0.01	15	10200	中性盘
14:19:42	6.79	--	80	54320	卖盘
14:19:24	6.79	-0.03	36	24444	卖盘
14:19:03	6.82	--	118	80476	买盘
14:18:48	6.82	--	2	1364	买盘
14:18:39	6.82	--	54	36828	卖盘
14:18:33	6.82	--	62	42284	卖盘
14:18:27	6.82	0.04	1814	1237148	买盘
14:18:24	6.78	--	15	10170	买盘
14:18:18	6.78	--	20	13560	买盘
14:18:12	6.78	--	15	10170	买盘
14:17:57	6.78	--	15	10170	买盘
14:17:51	6.78	--	4	2712	买盘
14:17:48	6.78	--	141	95598	卖盘
14:17:33	6.78	--	14	9492	卖盘
14:17:27	6.78	--	3	2034	卖盘
14:17:18	6.78	--	23	15594	卖盘
14:17:12	6.78	-0.01	40	27120	卖盘
14:17:09	6.79	--	54	36666	买盘
14:16:54	6.79	--	792	537768	卖盘
14:16:51	6.79	--	78	52962	卖盘
14:16:42	6.79	-0.01	500	339500	卖盘
14:16:39	6.8	0.01	147	99960	买盘
14:16:36	6.79	--	40	27160	卖盘
14:16:30	6.79	--	60	40740	卖盘
14:16:27	6.79	-0.01	20	13580	卖盘
14:16:24	6.8	0.01	14	9520	买盘
14:16:21	6.79	--	60	40740	卖盘
14:16:12	6.79	--	13	8827	卖盘
14:16:09	6.79	--	25	16975	卖盘
14:16:06	6.79	--	22	14938	卖盘
14:16:03	6.79	--	171	116109	卖盘
14:16:00	6.79	--	1	679	卖盘
14:15:54	6.79	--	30	20370	卖盘
14:15:42	6.79	-0.01	45	30555	卖盘
14:15:39	6.8	--	5	3400	卖盘
14:15:21	6.8	--	2	1360	卖盘
14:15:03	6.8	--	206	140080	卖盘
14:15:00	6.8	--	1	680	卖盘
14:14:57	6.8	--	80	54400	卖盘
14:14:42	6.8	--	20	13600	卖盘
14:14:39	6.8	-0.01	6	4080	卖盘
14:14:33	6.81	0.01	2	1362	买盘
14:14:30	6.8	--	20	13600	卖盘
14:14:27	6.8	--	14	9520	卖盘
14:14:24	6.8	--	5	3400	卖盘
14:14:00	6.8	-0.01	10	6800	卖盘
14:13:36	6.81	0.01	30	20430	中性盘
14:13:21	6.8	-0.01	150	102000	卖盘
14:12:54	6.81	-0.01	8	5448	卖盘
14:12:42	6.82	--	29	19778	买盘
14:12:39	6.82	--	80	54730	卖盘
14:12:33	6.82	--	1	682	卖盘
14:12:30	6.82	--	118	80987	买盘
14:12:12	6.82	--	881	601012	卖盘
14:12:09	6.82	--	19	12958	卖盘
14:12:00	6.82	0.01	303	207157	买盘
14:11:45	6.81	-0.01	20	13620	中性盘
14:11:42	6.82	0.03	200	136400	买盘
14:11:00	6.79	0.02	2	1358	中性盘
14:10:48	6.77	-0.01	1000	677000	卖盘
14:10:33	6.78	-0.04	1500	1017000	卖盘
14:10:30	6.82	0.01	52	35464	买盘
14:10:21	6.81	-0.01	30	20430	卖盘
14:10:15	6.82	--	68	46376	买盘
14:10:03	6.82	0.01	2	1364	买盘
14:10:00	6.81	-0.01	20	13620	卖盘
14:09:48	6.82	--	20	13640	买盘
14:09:42	6.82	--	19	12958	买盘
14:09:33	6.82	--	62	42284	卖盘
14:09:15	6.82	--	16	10912	卖盘
14:09:06	6.82	-0.01	50	34100	卖盘
14:09:00	6.83	--	5	3415	买盘
14:08:54	6.83	-0.01	32	21856	卖盘
14:08:27	6.84	-0.01	5	3898	卖盘
14:08:21	6.85	0.01	30	20550	买盘
14:08:15	6.84	--	17	11628	卖盘
14:08:03	6.84	--	30	20520	卖盘
14:08:00	6.84	-0.01	77	52668	卖盘
14:07:54	6.85	0.01	39	26715	买盘
14:07:42	6.84	--	10	6840	卖盘
14:07:36	6.84	--	77	52668	卖盘
14:07:30	6.84	--	10	6840	卖盘
14:07:21	6.84	-0.01	3	2052	卖盘
14:07:18	6.85	0.01	5	3425	买盘
14:06:42	6.84	-0.01	5	3420	卖盘
14:06:06	6.85	0.01	53	36305	买盘
14:06:00	6.84	--	1	684	卖盘
14:05:39	6.84	--	22	15253	买盘
14:05:36	6.84	--	14	9576	买盘
14:05:33	6.84	0.01	1	684	买盘
14:05:30	6.83	--	3	2049	卖盘
14:05:06	6.83	-0.01	10	6830	买盘
14:05:03	6.84	0.01	200	136800	买盘
14:04:51	6.83	--	41	28003	卖盘
14:04:42	6.83	--	7	4781	卖盘
14:04:36	6.83	--	13	8879	卖盘
14:04:33	6.83	-0.01	158	107914	卖盘
14:04:03	6.84	0.01	1	684	买盘
14:03:57	6.83	--	10	6830	卖盘
14:03:39	6.83	-0.01	30	20490	卖盘
14:03:30	6.84	--	25	17100	卖盘
14:03:21	6.84	--	267	182628	卖盘
14:03:18	6.84	--	5	3420	卖盘
14:03:12	6.84	-0.01	90	61560	卖盘
14:02:42	6.85	0.01	28	19180	买盘
14:02:33	6.84	-0.01	50	34200	卖盘
14:02:03	6.85	--	89	60965	卖盘
14:01:54	6.85	--	137	93845	买盘
14:01:48	6.85	0.01	50	34250	买盘
14:01:42	6.84	--	5	3420	买盘
14:01:36	6.84	-0.01	10	6840	买盘
14:01:33	6.85	0.01	325	222625	买盘
14:01:03	6.84	0.01	200	136800	买盘
14:00:51	6.83	--	170	116110	买盘
14:00:48	6.83	--	10	6830	买盘
14:00:42	6.83	--	40	27320	买盘
14:00:18	6.83	--	40	27320	买盘
14:00:15	6.83	0.01	26	17758	买盘
14:00:03	6.82	--	3	2046	卖盘
13:59:36	6.82	--	2	1364	卖盘
13:59:27	6.82	--	1	682	卖盘
13:59:24	6.82	--	205	139810	买盘
13:59:18	6.82	--	20	13640	买盘
13:59:12	6.82	0.01	4	2728	买盘
13:58:36	6.81	--	13	8853	卖盘
13:58:09	6.81	--	2	1362	卖盘
13:57:39	6.81	-0.01	11	7491	卖盘
13:57:33	6.82	--	1	682	买盘
13:57:24	6.82	0.02	20	13640	中性盘
13:57:12	6.8	-0.02	500	340000	卖盘
13:57:00	6.82	--	12	8184	买盘
13:56:48	6.82	--	10	6820	买盘
13:56:45	6.82	0.01	27	18414	买盘
13:56:27	6.81	--	1	681	买盘
13:55:39	6.81	-0.01	29	19749	卖盘
13:55:21	6.82	-0.01	1	682	中性盘
13:54:39	6.83	0.03	10	6830	买盘
13:54:21	6.8	--	63	42840	卖盘
13:54:18	6.8	--	20	13600	卖盘
13:54:00	6.8	--	1	958	买盘
13:53:57	6.8	--	10	6800	买盘
13:53:54	6.8	--	30	20400	买盘
13:53:51	6.8	--	60	40800	买盘
13:53:36	6.8	--	16	10880	买盘
13:53:33	6.8	--	3	2040	买盘
13:53:24	6.8	-0.03	79	54121	卖盘
13:53:21	6.83	0.03	300	204900	买盘
13:52:57	6.8	-0.01	800	544000	卖盘
13:52:30	6.81	-0.02	136	92616	卖盘
13:52:18	6.83	--	133	90839	卖盘
13:52:09	6.83	--	20	13660	卖盘
13:52:06	6.83	--	93	63519	卖盘
13:51:57	6.83	--	40	27320	卖盘
13:51:48	6.83	--	2	1366	卖盘
13:51:42	6.83	--	18	12294	卖盘
13:51:36	6.83	0.01	241	164603	买盘
13:51:33	6.82	-0.01	30	20460	中性盘
13:51:18	6.83	0.02	3	2049	买盘
13:51:15	6.81	-0.02	500	340500	卖盘
13:51:12	6.83	--	3	2049	卖盘
13:51:09	6.83	--	6	4098	卖盘
13:51:06	6.83	0.02	8	5464	中性盘
13:50:57	6.81	-0.02	1653	1125693	卖盘
13:50:39	6.83	0.01	10	6830	买盘
13:50:36	6.82	--	15	10230	卖盘
13:50:12	6.82	-0.01	2	1364	卖盘
13:50:00	6.83	--	20	13660	买盘
13:49:57	6.83	--	17	11611	买盘
13:49:54	6.83	0.01	30	20490	买盘
13:49:51	6.82	-0.01	100	68200	卖盘
13:49:48	6.83	0.01	1000	683000	买盘
13:49:24	6.82	-0.01	78	53196	卖盘
13:49:21	6.83	--	100	68300	买盘
13:49:18	6.83	--	10	6830	买盘
13:49:09	6.83	--	20	13660	买盘
13:49:03	6.83	0.01	30	20490	买盘
13:49:00	6.82	-0.01	1	682	卖盘
13:48:54	6.83	0.01	215	146845	买盘
13:48:45	6.82	-0.01	4	2728	卖盘
13:48:42	6.83	0.01	12	8196	买盘
13:48:39	6.82	--	20	13640	卖盘
13:48:33	6.82	-0.01	3	2046	卖盘
13:48:24	6.83	0.01	5	3415	买盘
13:48:21	6.82	-0.01	5	3410	卖盘
13:48:06	6.83	--	5	3415	买盘
13:47:48	6.83	--	10	6830	买盘
13:47:45	6.83	0.01	10	6830	买盘
13:47:36	6.82	--	3	2046	卖盘
13:47:27	6.82	--	57	39153	买盘
13:47:21	6.82	--	203	138446	买盘
13:47:12	6.82	--	400	272800	买盘
13:47:03	6.82	--	15	10230	买盘
13:47:00	6.82	--	10	6820	买盘
13:46:57	6.82	--	30	20460	买盘
13:46:51	6.82	--	10	6820	买盘
13:46:48	6.82	--	15	10230	买盘
13:46:36	6.82	--	90	61380	买盘
13:46:30	6.82	--	32	21824	买盘
13:46:15	6.82	--	107	72974	买盘
13:46:09	6.82	0.01	13	8866	买盘
13:46:03	6.81	--	238	162078	买盘
13:45:57	6.81	--	10	6810	买盘
13:45:54	6.81	--	2	1362	买盘
13:45:48	6.81	--	75	51075	买盘
13:45:42	6.81	--	57	38817	买盘
13:45:33	6.81	--	60	40860	买盘
13:45:21	6.81	0.01	100	68100	买盘
13:45:15	6.8	--	79	53720	卖盘
13:45:06	6.8	--	95	64600	买盘
13:45:03	6.8	--	10	6800	买盘
13:44:57	6.8	--	200	136000	买盘
13:44:51	6.8	0.01	99	67320	买盘
13:44:42	6.79	--	45	30555	买盘
13:44:39	6.79	-0.01	413	280427	卖盘
13:44:33	6.8	0.01	237	161160	买盘
13:44:30	6.79	--	5	3395	卖盘
13:44:27	6.79	-0.01	139	94381	卖盘
13:44:21	6.8	0.01	150	102000	买盘
13:44:18	6.79	--	6	4074	卖盘
13:44:12	6.79	--	50	33950	卖盘
13:44:00	6.79	--	69	46851	卖盘
13:43:57	6.79	--	70	47530	卖盘
13:43:54	6.79	--	48	32592	卖盘
13:43:51	6.79	--	1	679	卖盘
13:43:42	6.79	--	253	171787	卖盘
13:43:33	6.79	-0.01	10	6790	卖盘
13:43:27	6.8	0.01	10	6800	买盘
13:43:21	6.79	--	27	18333	卖盘
13:43:18	6.79	--	4	2716	卖盘
13:43:15	6.79	-0.01	914	620606	卖盘
13:43:12	6.8	--	130	88400	卖盘
13:43:09	6.8	-0.01	30	20400	卖盘
13:43:00	6.81	--	978	666018	卖盘
13:42:48	6.81	--	10	6810	卖盘
13:42:45	6.81	--	220	149820	卖盘
13:42:42	6.81	--	25	17025	卖盘
13:42:24	6.81	-0.01	100	68100	卖盘
13:42:15	6.82	0.01	2	1364	买盘
13:42:12	6.81	-0.01	15	10215	卖盘
13:42:09	6.82	--	20	14042	卖盘
13:42:03	6.82	--	41	27962	卖盘
13:42:00	6.82	--	100	68200	卖盘
13:41:48	6.82	--	28	19375	买盘
13:41:45	6.82	--	19	12958	买盘
13:41:33	6.82	--	40	27280	买盘
13:41:15	6.82	0.01	1	682	买盘
13:41:12	6.81	-0.01	19	12939	卖盘
13:41:06	6.82	--	100	68200	买盘
13:40:57	6.82	--	59	40640	卖盘
13:40:42	6.82	--	34	23188	卖盘
13:40:33	6.82	--	3	2046	卖盘
13:40:30	6.82	--	30	20460	卖盘
13:40:27	6.82	--	139	94798	卖盘
13:40:15	6.82	--	144	98487	买盘
13:40:06	6.82	-0.01	416	284114	卖盘
13:40:00	6.83	--	100	68300	买盘
13:39:57	6.83	--	1	683	买盘
13:39:33	6.83	--	20	13660	买盘
13:39:21	6.83	0.01	7	4781	买盘
13:39:18	6.82	-0.01	33	22506	卖盘
13:39:15	6.83	--	12	8196	买盘
13:39:12	6.83	--	10	6830	买盘
13:39:06	6.83	--	10	6830	买盘
13:39:00	6.83	--	985	672755	卖盘
13:38:51	6.83	-0.01	20	13660	卖盘
13:38:45	6.84	0.01	5	3420	买盘
13:38:36	6.83	-0.01	9	6147	卖盘
13:38:33	6.84	0.02	103	70452	买盘
13:38:27	6.82	-0.02	1500	1023000	卖盘
13:38:21	6.84	--	25	17100	买盘
13:38:18	6.84	--	100	68400	买盘
13:38:15	6.84	--	5	3420	买盘
13:38:12	6.84	0.01	97	66348	买盘
13:37:48	6.83	--	50	34150	卖盘
13:37:45	6.83	0.01	394	269102	买盘
13:37:42	6.82	-0.01	5	3410	卖盘
13:37:36	6.83	--	63	43029	买盘
13:37:30	6.83	--	2	1366	买盘
13:37:27	6.83	--	10	6830	买盘
13:37:24	6.83	--	15	10245	买盘
13:37:15	6.83	--	10	6830	买盘
13:37:06	6.83	--	6	4098	卖盘
13:37:03	6.83	--	19	12977	卖盘
13:36:51	6.83	--	2	1366	卖盘
13:36:45	6.83	--	80	54640	买盘
13:36:42	6.83	0.01	20	13660	中性盘
13:36:30	6.82	-0.02	172	117904	卖盘
13:36:27	6.84	0.01	223	152532	买盘
13:36:24	6.83	--	5	3415	卖盘
13:36:18	6.83	--	8	5723	买盘
13:36:15	6.83	0.01	21	14343	买盘
13:36:03	6.82	--	38	25916	卖盘
13:35:57	6.82	-0.01	20	13640	卖盘
13:35:48	6.83	--	50	34150	买盘
13:35:42	6.83	--	50	34150	买盘
13:35:39	6.83	--	10	6830	买盘
13:35:33	6.83	--	233	159562	卖盘
13:35:30	6.83	--	40	27320	卖盘
13:35:24	6.83	--	73	49859	卖盘
13:35:21	6.83	--	20	13660	卖盘
13:35:18	6.83	--	25	17075	卖盘
13:35:09	6.83	--	175	119525	卖盘
13:35:06	6.83	--	2	1366	卖盘
13:34:57	6.83	--	3	2049	卖盘
13:34:54	6.83	--	5	3415	卖盘
13:34:48	6.83	-0.01	50	34150	卖盘
13:34:39	6.84	--	5	3420	卖盘
13:34:36	6.84	--	10	6840	卖盘
13:34:33	6.84	--	22	15048	卖盘
13:34:30	6.84	--	349	238716	卖盘
13:34:27	6.84	--	50	34200	卖盘
13:34:24	6.84	-0.01	4	2736	卖盘
13:34:09	6.85	--	204	140082	卖盘
13:34:06	6.85	--	40	27400	卖盘
13:34:03	6.85	--	3	2055	卖盘
13:34:00	6.85	--	9	6165	卖盘
13:33:57	6.85	--	658	450730	卖盘
13:33:48	6.85	--	31	21235	卖盘
13:33:42	6.85	--	4	2740	卖盘
13:33:36	6.85	--	50	34250	卖盘
13:33:12	6.85	--	30	20550	卖盘
13:33:00	6.85	-0.01	194	133232	卖盘
13:32:45	6.86	0.01	100	68600	买盘
13:32:33	6.85	--	3	2055	卖盘
13:32:27	6.85	-0.01	15	10275	卖盘
13:32:18	6.86	--	77	53165	卖盘
13:32:06	6.86	--	500	343000	卖盘
13:32:03	6.86	--	1	686	卖盘
13:31:42	6.86	--	5	3430	卖盘
13:31:36	6.86	--	10	6860	卖盘
13:31:30	6.86	-0.01	50	34300	卖盘
13:31:27	6.87	--	60	41220	买盘
13:31:18	6.87	--	30	20610	买盘
13:31:06	6.87	--	74	50838	买盘
13:31:03	6.87	0.01	2	1374	买盘
13:30:57	6.86	--	10	6860	卖盘
13:30:45	6.86	--	14	9604	卖盘
13:30:42	6.86	-0.02	50	34300	卖盘
13:30:12	6.88	0.02	20	13760	买盘
13:30:03	6.86	-0.02	700	480200	卖盘
13:30:00	6.88	--	30	20640	卖盘
13:29:42	6.88	--	3	2064	卖盘
13:29:36	6.88	--	65	44720	卖盘
13:29:30	6.88	--	1	688	买盘
13:29:27	6.88	--	25	17200	买盘
13:29:21	6.88	--	120	82560	买盘
13:29:18	6.88	--	2	1376	买盘
13:29:09	6.88	--	1	688	买盘
13:29:06	6.88	--	57	39216	卖盘
13:29:03	6.88	--	39	26832	卖盘
13:29:00	6.88	--	15	10320	卖盘
13:28:57	6.88	--	174	119712	买盘
13:28:51	6.88	--	180	123840	买盘
13:28:45	6.88	--	224	154112	买盘
13:28:42	6.88	--	30	20640	买盘
13:28:39	6.88	--	47	32336	买盘
13:28:33	6.88	0.01	31	21328	买盘
13:28:21	6.87	-0.01	6	4122	卖盘
13:28:15	6.88	--	249	171312	买盘
13:28:09	6.88	0.01	4	2752	买盘
13:27:57	6.87	-0.01	2	1374	卖盘
13:27:39	6.88	--	138	94944	卖盘
13:27:36	6.88	-0.01	1	688	卖盘
13:27:30	6.89	0.01	1	689	买盘
13:27:21	6.88	--	20	13760	卖盘
13:27:12	6.88	--	15	10320	卖盘
13:27:09	6.88	--	18	12384	买盘
13:27:06	6.88	0.01	2	1376	买盘
13:27:03	6.87	-0.01	86	59082	卖盘
13:27:00	6.88	--	179	123496	买盘
13:26:57	6.88	--	11	7568	买盘
13:26:54	6.88	--	10	6880	买盘
13:26:42	6.88	0.01	10	6880	买盘
13:26:36	6.87	--	8	5496	卖盘
13:26:24	6.87	-0.01	177	121599	卖盘
13:26:21	6.88	--	93	63984	买盘
13:26:18	6.88	--	15	10320	买盘
13:26:12	6.88	0.01	15	10320	买盘
13:26:06	6.87	--	3	2061	卖盘
13:25:57	6.87	0.01	1461	1003707	买盘
13:25:54	6.86	--	125	85750	买盘
13:25:51	6.86	--	10	6860	买盘
13:25:45	6.86	-0.01	75	51450	卖盘
13:25:42	6.87	0.01	282	193734	买盘
13:25:36	6.86	-0.01	7	4802	卖盘
13:25:33	6.87	0.01	6	4122	买盘
13:25:27	6.86	--	4	2744	卖盘
13:25:21	6.86	0.01	118	80948	买盘
13:25:18	6.85	--	48	32880	卖盘
13:25:15	6.85	-0.01	29	19865	卖盘
13:25:03	6.86	--	305	209230	卖盘
13:24:57	6.86	--	42	28812	卖盘
13:24:51	6.86	-0.01	5	3430	卖盘
13:24:48	6.87	0.01	10	6870	买盘
13:24:45	6.86	--	158	108388	买盘
13:24:42	6.86	--	50	34300	买盘
13:24:33	6.86	--	103	70658	卖盘
13:24:30	6.86	--	210	144060	卖盘
13:24:24	6.86	--	140	96040	卖盘
13:24:18	6.86	--	139	95354	卖盘
13:24:15	6.86	--	38	26068	卖盘
13:24:09	6.86	-0.01	50	34300	卖盘
13:24:03	6.87	--	5	3435	买盘
13:23:57	6.87	--	322	221214	卖盘
13:23:51	6.87	--	45	30915	卖盘
13:23:48	6.87	--	1	687	卖盘
13:23:45	6.87	--	10	6870	卖盘
13:23:42	6.87	--	7	4809	卖盘
13:23:39	6.87	--	1	687	卖盘
13:23:36	6.87	-0.01	1	687	卖盘
13:23:15	6.88	--	90	62264	卖盘
13:23:12	6.88	-0.01	37	25456	卖盘
13:23:09	6.89	0.01	45	31005	买盘
13:23:06	6.88	--	50	34400	卖盘
13:23:03	6.88	--	10	6880	卖盘
13:23:00	6.88	--	121	83248	卖盘
13:22:54	6.88	-0.01	32	22016	卖盘
13:22:42	6.89	0.01	10	6890	买盘
13:22:39	6.88	-0.01	362	249056	卖盘
13:22:36	6.89	--	249	171561	卖盘
13:22:33	6.89	--	62	42718	卖盘
13:22:30	6.89	--	119	81991	卖盘
13:22:27	6.89	--	40	27560	卖盘
13:22:24	6.89	--	456	314184	卖盘
13:22:21	6.89	-0.01	26	17914	卖盘
13:22:15	6.9	--	8	5520	买盘
13:22:06	6.9	--	15	10350	买盘
13:22:03	6.9	--	17	11730	买盘
13:21:57	6.9	--	62	43125	卖盘
13:21:51	6.9	--	210	144900	卖盘
13:21:48	6.9	--	9	6210	卖盘
13:21:45	6.9	--	18	12420	卖盘
13:21:42	6.9	--	23	15870	卖盘
13:21:39	6.9	--	47	32430	卖盘
13:21:33	6.9	-0.01	1002	691380	卖盘
13:21:30	6.91	--	50	34550	买盘
13:21:24	6.91	--	308	212828	买盘
13:21:21	6.91	--	105	72555	卖盘
13:21:18	6.91	--	54	37314	卖盘
13:21:15	6.91	--	83	57353	卖盘
13:21:03	6.91	--	33	22803	卖盘
13:21:00	6.91	-0.01	10	6910	卖盘
13:20:57	6.92	--	6	4152	买盘
13:20:51	6.92	--	18	12456	买盘
13:20:39	6.92	--	15	10380	买盘
13:20:30	6.92	--	30	20760	买盘
13:20:27	6.92	0.01	6	4152	买盘
13:20:24	6.91	--	151	104341	卖盘
13:20:18	6.91	-0.01	53	36623	卖盘
13:20:15	6.92	0.01	10	6920	买盘
13:20:09	6.91	--	6	4146	买盘
13:20:06	6.91	--	54	37314	卖盘
13:19:57	6.91	--	44	30404	卖盘
13:19:45	6.91	--	46	31786	卖盘
13:19:42	6.91	--	914	631574	买盘
13:19:39	6.91	0.01	58	40078	买盘
13:19:36	6.9	-0.01	40	27600	卖盘
13:19:33	6.91	--	67	46297	买盘
13:19:30	6.91	0.01	153	105723	买盘
13:19:24	6.9	--	5	3450	卖盘
13:19:21	6.9	--	2	2042	卖盘
13:19:15	6.9	--	2	1380	卖盘
13:19:12	6.9	--	120	82800	卖盘
13:19:06	6.9	--	5	3463	卖盘
13:18:57	6.9	--	2	1380	卖盘
13:18:54	6.9	--	204	140760	卖盘
13:18:51	6.9	--	40	27600	卖盘
13:18:48	6.9	--	7	4830	卖盘
13:18:42	6.9	--	51	35190	卖盘
13:18:39	6.9	--	32	22080	卖盘
13:18:36	6.9	--	42	28980	卖盘
13:18:33	6.9	--	11	7948	卖盘
13:18:30	6.9	--	38	26220	卖盘
13:18:27	6.9	0.01	1185	817650	买盘
13:18:24	6.89	-0.01	5	3445	卖盘
13:18:21	6.9	0.01	3	2070	买盘
13:18:15	6.89	--	100	69244	买盘
13:18:12	6.89	--	63	43407	买盘
13:18:09	6.89	0.01	56	38584	买盘
13:18:03	6.88	-0.01	9	6192	卖盘
13:17:57	6.89	--	30	20670	买盘
13:17:54	6.89	--	18	12402	卖盘
13:17:45	6.89	--	5	3445	卖盘
13:17:42	6.89	--	10	6890	卖盘
13:17:39	6.89	-0.01	87	59943	卖盘
13:17:36	6.9	0.01	141	97290	买盘
13:17:33	6.89	--	120	82680	卖盘
13:17:30	6.89	--	173	119197	卖盘
13:17:27	6.89	--	10	6890	卖盘
13:17:24	6.89	--	30	20670	卖盘
13:17:21	6.89	--	60	41340	买盘
13:17:18	6.89	--	103	70967	买盘
13:17:12	6.89	--	136	93704	买盘
13:17:09	6.89	--	20	13780	买盘
13:17:06	6.89	--	15	10335	买盘
13:17:03	6.89	-0.01	105	72345	卖盘
13:16:54	6.9	-0.01	255	175950	卖盘
13:16:51	6.91	0.01	14	9674	买盘
13:16:39	6.9	--	10	6900	卖盘
13:16:36	6.9	--	242	166980	买盘
13:16:33	6.9	--	110	75900	卖盘
13:16:30	6.9	--	15	10350	卖盘
13:16:27	6.9	--	70	48300	卖盘
13:16:24	6.9	-0.01	271	186990	卖盘
13:16:21	6.91	0.01	160	110560	买盘
13:16:18	6.9	--	25	17250	卖盘
13:16:15	6.9	--	62	42780	卖盘
13:16:12	6.9	--	90	62100	卖盘
13:15:57	6.9	--	17	11730	买盘
13:15:54	6.9	--	83	57270	买盘
13:15:51	6.9	--	100	69000	买盘
13:15:48	6.9	--	1	690	买盘
13:15:42	6.9	--	355	244950	卖盘
13:15:39	6.9	--	5	3450	卖盘
13:15:36	6.9	-0.01	223	153870	卖盘
13:15:33	6.91	0.01	196	135436	买盘
13:15:27	6.9	--	135	93150	卖盘
13:15:24	6.9	-0.01	1	690	卖盘
13:15:18	6.91	--	20	13820	买盘
13:15:15	6.91	0.01	22	15202	买盘
13:15:06	6.9	--	29	20010	卖盘
13:15:03	6.9	0.01	131	90390	买盘
13:14:51	6.89	-0.01	305	210145	卖盘
13:14:48	6.9	--	2	1380	买盘
13:14:45	6.9	--	5	3450	买盘
13:14:42	6.9	-0.01	222	153180	卖盘
13:14:39	6.91	--	11	7601	买盘
13:14:36	6.91	--	256	176896	卖盘
13:14:30	6.91	-0.01	306	211446	卖盘
13:14:27	6.92	--	59	40828	买盘
13:14:24	6.92	--	53	36676	买盘
13:14:21	6.92	--	350	242200	买盘
13:14:18	6.92	--	539	372988	买盘
13:14:15	6.92	--	8	5536	买盘
13:14:09	6.92	--	43	30295	卖盘
13:14:06	6.92	--	10	6920	卖盘
13:14:03	6.92	--	122	84424	卖盘
13:14:00	6.92	--	10	6920	卖盘
13:13:57	6.92	--	155	107412	买盘
13:13:54	6.92	--	132	91883	卖盘
13:13:51	6.92	--	98	67968	买盘
13:13:48	6.92	--	38	26296	买盘
13:13:45	6.92	0.01	12	8304	买盘
13:13:42	6.91	-0.01	10	6910	卖盘
13:13:36	6.92	0.01	150	103800	买盘
13:13:33	6.91	-0.01	20	13820	卖盘
13:13:30	6.92	0.01	250	173000	买盘
13:13:27	6.91	--	20	13820	卖盘
13:13:18	6.91	-0.01	163	112633	卖盘
13:13:15	6.92	0.01	145	100340	买盘
13:13:12	6.91	-0.01	71	49061	买盘
13:13:09	6.92	0.01	63	43596	买盘
13:13:06	6.91	-0.01	91	63419	卖盘
13:13:03	6.92	--	559	386828	卖盘
13:13:00	6.92	--	396	274184	买盘
13:12:57	6.92	--	14	9688	买盘
13:12:54	6.92	--	336	232512	买盘
13:12:51	6.92	--	44	30448	买盘
13:12:48	6.92	--	96	66432	买盘
13:12:45	6.92	--	13	8996	买盘
13:12:39	6.92	-0.01	74	51208	卖盘
13:12:33	6.93	0.01	61	42273	买盘
13:12:30	6.92	-0.01	113	78196	卖盘
13:12:27	6.93	-0.01	131	90783	卖盘
13:12:18	6.94	--	13	9022	买盘
13:12:15	6.94	--	236	163784	卖盘
13:12:09	6.94	--	315	218610	卖盘
13:12:06	6.94	-0.01	177	122838	卖盘
13:12:03	6.95	0.01	314	218230	买盘
13:12:00	6.94	0.01	302	209588	买盘
13:11:57	6.93	0.01	36	24948	买盘
13:11:54	6.92	-0.01	30	20760	卖盘
13:11:51	6.93	0.01	213	147609	买盘
13:11:48	6.92	0.01	188	130096	买盘
13:11:45	6.91	--	28	19348	买盘
13:11:42	6.91	0.01	143	98813	买盘
13:11:39	6.9	--	8	5520	卖盘
13:11:36	6.9	-0.02	87	60030	中性盘
13:11:33	6.92	0.02	250	173000	买盘
13:11:30	6.9	-0.01	13	8970	中性盘
13:11:27	6.91	0.05	13	8983	买盘
13:11:15	6.86	-0.04	28	19208	卖盘
13:11:12	6.9	--	50	34500	卖盘
13:11:09	6.9	0.03	3589	2476410	买盘
13:11:03	6.87	0.01	1112	763944	买盘
13:10:54	6.86	--	12	8232	卖盘
13:10:51	6.86	-0.01	127	87122	卖盘
13:10:48	6.87	--	10	6870	买盘
13:10:45	6.87	0.01	5	3435	买盘
13:10:42	6.86	--	31	21266	卖盘
13:10:39	6.86	--	122	83692	卖盘
13:10:36	6.86	--	100	68600	卖盘
13:10:33	6.86	--	102	69972	卖盘
13:10:30	6.86	--	10	6860	卖盘
13:10:24	6.86	--	1	686	卖盘
13:10:18	6.86	--	150	102900	卖盘
13:10:12	6.86	--	6	4116	卖盘
13:10:09	6.86	-0.01	6	4116	卖盘
13:10:03	6.87	0.01	10	6870	买盘
13:09:51	6.86	-0.01	5	3430	卖盘
13:09:45	6.87	0.01	7	4809	买盘
13:09:39	6.86	--	168	115248	卖盘
13:09:36	6.86	-0.01	10	6860	卖盘
13:09:33	6.87	0.01	9	6183	买盘
13:09:18	6.86	--	12	8232	卖盘
13:09:12	6.86	-0.01	89	61054	买盘
13:09:09	6.87	0.01	28	19236	买盘
13:09:06	6.86	--	14	9604	卖盘
13:09:03	6.86	--	14	9604	卖盘
13:09:00	6.86	--	27	18522	买盘
13:08:42	6.86	-0.01	7	4802	买盘
13:08:39	6.87	0.03	93	63891	买盘
13:08:36	6.84	-0.02	1186	811224	卖盘
13:08:30	6.86	-0.01	1	686	卖盘
13:08:27	6.87	--	95	65265	买盘
13:08:24	6.87	0.01	200	137400	买盘
13:08:21	6.86	-0.01	173	118678	卖盘
13:08:18	6.87	--	15	10305	买盘
13:08:09	6.87	--	10	6870	买盘
13:08:06	6.87	--	3	2061	买盘
13:08:03	6.87	--	300	206100	买盘
13:07:54	6.87	--	191	131217	买盘
13:07:51	6.87	--	4	2748	买盘
13:07:42	6.87	--	10	6870	买盘
13:07:36	6.87	--	39	26793	买盘
13:07:24	6.87	0.01	44	30228	买盘
13:07:21	6.86	-0.01	1100	754600	卖盘
13:07:18	6.87	--	10	6870	买盘
13:07:15	6.87	0.01	188	129156	买盘
13:07:09	6.86	--	16	10976	卖盘
13:07:00	6.86	-0.01	6	4116	卖盘
13:06:51	6.87	0.01	20	13740	买盘
13:06:45	6.86	-0.01	37	25382	卖盘
13:06:39	6.87	0.01	36	24732	买盘
13:06:33	6.86	--	8	5488	卖盘
13:06:30	6.86	-0.01	25	17150	卖盘
13:06:18	6.87	0.01	404	277912	买盘
13:06:09	6.86	0.01	1	686	买盘
13:06:06	6.85	--	45	30825	卖盘
13:06:03	6.85	-0.01	140	95900	卖盘
13:05:54	6.86	--	100	68600	买盘
13:05:51	6.86	--	10	6860	买盘
13:05:45	6.86	0.01	79	54194	买盘
13:05:42	6.85	-0.01	3	2055	卖盘
13:05:39	6.86	--	34	23324	买盘
13:05:27	6.86	--	7	4802	买盘
13:05:24	6.86	--	52	35672	买盘
13:05:21	6.86	--	10	6860	买盘
13:05:12	6.86	--	382	262374	卖盘
13:05:09	6.86	--	50	34300	卖盘
13:04:57	6.86	-0.01	63	43218	卖盘
13:04:54	6.87	0.01	169	116103	买盘
13:04:51	6.86	--	17	11662	卖盘
13:04:42	6.86	-0.01	90	61740	卖盘
13:04:39	6.87	--	50	34350	买盘
13:04:36	6.87	0.01	8	5496	买盘
13:04:33	6.86	-0.01	39	26754	卖盘
13:04:27	6.87	0.01	54	37098	买盘
13:04:24	6.86	--	3	2058	卖盘
13:04:15	6.86	-0.01	33	22638	卖盘
13:04:09	6.87	--	310	212970	买盘
13:04:06	6.87	0.01	37	25419	买盘
13:04:03	6.86	-0.01	22	15092	卖盘
13:04:00	6.87	--	45	30915	买盘
13:03:57	6.87	--	63	43281	买盘
13:03:54	6.87	0.01	46	31602	买盘
13:03:51	6.86	-0.01	53	36358	卖盘
13:03:45	6.87	--	5	3435	买盘
13:03:36	6.87	--	26	17862	买盘
13:03:33	6.87	0.01	80	54960	买盘
13:03:27	6.86	-0.01	77	52822	卖盘
13:03:24	6.87	--	10	6870	买盘
13:03:21	6.87	--	5	3435	买盘
13:03:15	6.87	--	10	6870	买盘
13:03:12	6.87	--	10	6870	买盘
13:03:03	6.87	0.01	2	1374	买盘
13:03:00	6.86	-0.01	10	6860	卖盘
13:02:54	6.87	0.01	66	45342	买盘
13:02:51	6.86	--	89	61054	卖盘
13:02:45	6.86	--	43	29498	卖盘
13:02:39	6.86	--	48	32928	卖盘
13:02:33	6.86	--	10	6860	卖盘
13:02:30	6.86	-0.01	2	1372	卖盘
13:02:27	6.87	0.01	19	13053	买盘
13:02:24	6.86	-0.01	26	17836	卖盘
13:02:21	6.87	--	23	15801	买盘
13:02:15	6.87	0.01	49	33663	买盘
13:02:03	6.86	-0.01	113	77518	卖盘
13:02:00	6.87	--	1	687	卖盘
13:01:57	6.87	-0.01	10	6870	卖盘
13:01:54	6.88	0.01	18	12384	买盘
13:01:51	6.87	-0.01	45	30915	卖盘
13:01:48	6.88	--	21	14448	买盘
13:01:45	6.88	0.01	158	108704	买盘
13:01:33	6.87	-0.01	385	264495	卖盘
13:01:30	6.88	--	20	13760	卖盘
13:01:24	6.88	--	1021	702448	买盘
13:01:21	6.88	--	72	49536	买盘
13:01:18	6.88	0.01	30	20640	买盘
13:01:15	6.87	-0.01	7	4809	卖盘
13:01:12	6.88	--	39	26832	买盘
13:01:09	6.88	--	11	7568	买盘
13:01:06	6.88	0.01	10	6880	买盘
13:01:03	6.87	-0.01	122	83814	卖盘
13:00:57	6.88	0.01	41	28208	买盘
13:00:48	6.87	-0.01	52	35724	卖盘
13:00:45	6.88	--	178	122464	买盘
13:00:39	6.88	--	411	283132	买盘
13:00:36	6.88	--	200	137600	买盘
13:00:33	6.88	0.01	219	150672	买盘
13:00:30	6.87	--	6	4122	买盘
13:00:27	6.87	0.01	51	35037	买盘
13:00:24	6.86	-0.01	117	80262	卖盘
13:00:21	6.87	0.01	25	17175	买盘
13:00:15	6.86	-0.01	3	2058	卖盘
13:00:09	6.87	0.01	241	165567	买盘
13:00:06	6.86	0.01	623	427378	买盘
13:00:03	6.85	0.01	3062	2097470	买盘
13:00:00	6.84	--	436	298224	买盘
11:30:00	6.84	--	0	0	买盘
11:29:57	6.84	0.01	5	3420	买盘
11:29:54	6.83	-0.01	29	19807	卖盘
11:29:45	6.84	--	70	47880	买盘
11:29:42	6.84	0.01	116	79344	买盘
11:29:39	6.83	--	100	68300	卖盘
11:29:30	6.83	--	20	13660	卖盘
11:29:24	6.83	--	20	13660	卖盘
11:29:18	6.83	0.01	1162	793905	买盘
11:29:12	6.82	--	16	10912	卖盘
11:29:03	6.82	0.01	145	98992	买盘
11:28:57	6.81	-0.01	37	25197	卖盘
11:28:54	6.82	0.01	106	72292	买盘
11:28:42	6.81	--	5	3405	卖盘
11:28:39	6.81	--	41	27921	卖盘
11:28:27	6.81	-0.01	21	14301	卖盘
11:28:15	6.82	--	5	3410	买盘
11:28:12	6.82	--	66	45591	卖盘
11:28:06	6.82	--	40	27280	卖盘
11:27:57	6.82	--	8	5456	卖盘
11:27:54	6.82	--	100	68200	卖盘
11:27:48	6.82	--	22	15004	卖盘
11:27:45	6.82	--	10	6820	卖盘
11:27:33	6.82	--	40	27280	卖盘
11:27:30	6.82	--	280	190960	卖盘
11:27:24	6.82	--	9	6138	卖盘
11:27:21	6.82	--	95	64790	卖盘
11:27:15	6.82	--	6	4092	卖盘
11:27:09	6.82	--	10	6820	卖盘
11:27:03	6.82	--	158	107756	卖盘
11:27:00	6.82	--	175	119452	买盘
11:26:48	6.82	--	73	50365	卖盘
11:26:45	6.82	--	141	96162	卖盘
11:26:42	6.82	--	37	25234	卖盘
11:26:39	6.82	--	67	45694	卖盘
11:26:33	6.82	--	50	34100	卖盘
11:26:30	6.82	--	5	3410	卖盘
11:26:27	6.82	--	80	54560	卖盘
11:26:21	6.82	-0.01	6	4092	卖盘
11:26:18	6.83	0.01	30	20490	买盘
11:26:15	6.82	-0.01	20	13640	卖盘
11:26:06	6.83	--	100	68300	买盘
11:25:51	6.83	0.01	72	49176	买盘
11:25:48	6.82	--	5	3410	卖盘
11:25:39	6.82	-0.01	50	34100	卖盘
11:25:36	6.83	--	14	9562	买盘
11:25:30	6.83	--	43	29369	买盘
11:25:21	6.83	--	17	11611	买盘
11:25:18	6.83	--	109	74870	卖盘
11:25:12	6.83	--	12	8196	卖盘
11:25:06	6.83	--	20	13660	卖盘
11:25:03	6.83	--	50	34150	卖盘
11:25:00	6.83	--	20	13660	卖盘
11:24:57	6.83	--	492	336295	买盘
11:24:54	6.83	0.01	17	11611	买盘
11:24:51	6.82	-0.01	103	70246	卖盘
11:24:45	6.83	--	224	152992	买盘
11:24:39	6.83	0.01	100	68300	买盘
11:24:36	6.82	--	10	6820	卖盘
11:24:33	6.82	-0.01	300	204600	卖盘
11:24:21	6.83	--	26	17758	买盘
11:24:18	6.83	--	100	68300	买盘
11:24:15	6.83	--	13	8879	买盘
11:24:12	6.83	0.01	20	13660	买盘
11:24:09	6.82	--	13	8866	卖盘
11:24:06	6.82	-0.01	0	102	卖盘
11:24:03	6.83	0.01	6	4098	买盘
11:23:57	6.82	-0.01	200	136400	卖盘
11:23:45	6.83	--	667	455561	买盘
11:23:39	6.83	--	80	54640	买盘
11:23:33	6.83	0.01	151	103133	买盘
11:23:27	6.82	--	90	61380	卖盘
11:23:21	6.82	--	37	25234	卖盘
11:23:15	6.82	--	70	47740	卖盘
11:23:12	6.82	-0.01	13	8866	卖盘
11:23:09	6.83	0.01	104	71032	买盘
11:23:06	6.82	-0.01	67	45694	卖盘
11:23:03	6.83	0.01	327	223341	买盘
11:23:00	6.82	--	21	14322	卖盘
11:22:54	6.82	--	245	167090	卖盘
11:22:51	6.82	0.01	1135	774070	买盘
11:22:45	6.81	--	42	28602	卖盘
11:22:42	6.81	-0.01	8	5448	卖盘
11:22:39	6.82	--	50	34100	买盘
11:22:36	6.82	--	29	19778	买盘
11:22:33	6.82	0.01	20	13640	买盘
11:22:27	6.81	-0.01	2	1362	卖盘
11:22:24	6.82	--	88	60016	卖盘
11:22:21	6.82	-0.01	8	5456	卖盘
11:22:18	6.83	0.02	57	38931	买盘
11:22:12	6.81	-0.01	13	8853	卖盘
11:22:09	6.82	--	12	8184	买盘
11:22:06	6.82	-0.01	18	12276	卖盘
11:22:03	6.83	--	37	25271	买盘
11:21:57	6.83	--	120	81960	买盘
11:21:48	6.83	--	50	34150	买盘
11:21:45	6.83	0.01	139	94937	买盘
11:21:42	6.82	-0.01	181	123783	卖盘
11:21:39	6.83	--	37	25271	买盘
11:21:36	6.83	--	10	6830	买盘
11:21:33	6.83	--	4	2732	买盘
11:21:30	6.83	--	3	2049	买盘
11:21:24	6.83	0.01	13	8879	买盘
11:21:21	6.82	--	132	90024	卖盘
11:21:18	6.82	--	131	89342	卖盘
11:21:12	6.82	--	20	13640	卖盘
11:21:09	6.82	--	3	2046	卖盘
11:21:06	6.82	--	276	188573	买盘
11:21:03	6.82	--	1	682	买盘
11:20:51	6.82	--	54	37169	卖盘
11:20:48	6.82	--	437	298034	卖盘
11:20:45	6.82	-0.01	42	28644	卖盘
11:20:42	6.83	--	368	251344	买盘
11:20:39	6.83	0.01	220	150260	买盘
11:20:36	6.82	-0.01	176	120032	卖盘
11:20:33	6.83	--	38	25954	买盘
11:20:30	6.83	--	138	94254	买盘
11:20:27	6.83	--	35	23905	买盘
11:20:24	6.83	0.01	52	35516	买盘
11:20:21	6.82	-0.01	46	31372	卖盘
11:20:18	6.83	0.01	39	26637	买盘
11:20:15	6.82	-0.01	55	37510	卖盘
11:20:12	6.83	--	84	57372	买盘
11:20:09	6.83	0.01	177	121232	买盘
11:20:06	6.82	-0.01	473	322586	卖盘
11:20:03	6.83	0.01	352	240416	买盘
11:20:00	6.82	--	5	3410	卖盘
11:19:57	6.82	--	33	22506	卖盘
11:19:54	6.82	-0.01	45	30690	卖盘
11:19:51	6.83	--	56	38248	买盘
11:19:48	6.83	0.01	19	12977	买盘
11:19:45	6.82	--	12	8184	买盘
11:19:42	6.82	-0.01	95	65212	卖盘
11:19:39	6.83	--	18	12294	卖盘
11:19:36	6.83	--	39	26637	卖盘
11:19:33	6.83	--	113	77179	卖盘
11:19:30	6.83	0.01	758	517973	买盘
11:19:27	6.82	--	196	134094	卖盘
11:19:24	6.82	--	11	7502	卖盘
11:19:21	6.82	--	98	67095	买盘
11:19:18	6.82	--	108	73656	买盘
11:19:15	6.82	-0.01	166	113212	卖盘
11:19:12	6.83	--	10	6830	买盘
11:19:09	6.83	0.01	48	32784	买盘
11:19:06	6.82	--	20	13640	卖盘
11:19:00	6.82	0.01	5	3410	中性盘
11:18:57	6.81	-0.01	210	143010	卖盘
11:18:51	6.82	0.01	952	649264	买盘
11:18:48	6.81	--	151	102831	买盘
11:18:45	6.81	--	7	4767	买盘
11:18:42	6.81	--	49	33369	卖盘
11:18:39	6.81	--	50	34050	卖盘
11:18:36	6.81	--	5	3405	卖盘
11:18:33	6.81	0.01	40	27240	买盘
11:18:30	6.8	-0.01	95	64600	卖盘
11:18:24	6.81	0.01	910	619710	买盘
11:18:21	6.8	--	20	13600	卖盘
11:18:18	6.8	--	10	6800	卖盘
11:18:15	6.8	--	184	125120	卖盘
11:18:12	6.8	--	10	6800	卖盘
11:18:09	6.8	--	19	12920	卖盘
11:18:06	6.8	--	1	680	卖盘
11:18:03	6.8	--	9	6120	卖盘
11:18:00	6.8	--	10	6800	卖盘
11:17:57	6.8	--	267	181886	买盘
11:17:54	6.8	--	9	6120	买盘
11:17:51	6.8	--	97	65960	买盘
11:17:45	6.8	--	72	48960	买盘
11:17:42	6.8	--	78	53128	卖盘
11:17:39	6.8	--	401	273271	买盘
11:17:36	6.8	0.01	20	13600	买盘
11:17:30	6.79	-0.01	40	27160	卖盘
11:17:27	6.8	--	70	47600	买盘
11:17:24	6.8	--	83	56440	买盘
11:17:21	6.8	0.01	216	146880	买盘
11:17:18	6.79	-0.01	10	6790	卖盘
11:17:15	6.8	0.01	112	76160	买盘
11:17:12	6.79	--	52	35308	卖盘
11:17:09	6.79	-0.01	29	19779	卖盘
11:17:06	6.8	0.01	996	677871	买盘
11:17:03	6.79	-0.01	2	1358	卖盘
11:16:57	6.8	0.02	66	44880	买盘
11:16:51	6.78	-0.02	20	13560	卖盘
11:16:48	6.8	0.02	147	99960	买盘
11:16:45	6.78	-0.02	50	33900	卖盘
11:16:42	6.8	0.01	17	11560	买盘
11:16:39	6.79	--	56	38024	买盘
11:16:36	6.79	--	89	60431	卖盘
11:16:33	6.79	--	112	76048	卖盘
11:16:30	6.79	--	31	21049	卖盘
11:16:27	6.79	-0.01	50	33950	卖盘
11:16:24	6.8	--	30	20400	买盘
11:16:21	6.8	0.01	175	119000	买盘
11:16:18	6.79	-0.01	106	71974	卖盘
11:16:15	6.8	--	100	68000	买盘
11:16:12	6.8	--	160	108800	买盘
11:16:06	6.8	0.02	1918	1304240	买盘
11:16:03	6.78	-0.01	27	18306	卖盘
11:16:00	6.79	--	50	33950	买盘
11:15:54	6.79	--	10	6790	买盘
11:15:48	6.79	--	20	13580	买盘
11:15:45	6.79	-0.01	27	18333	买盘
11:15:42	6.8	0.02	59	40120	买盘
11:15:39	6.78	-0.02	50	33900	中性盘
11:15:24	6.8	--	13	8840	买盘
11:15:21	6.8	0.04	3700	2516000	买盘
11:15:12	6.76	0.01	133	89908	买盘
11:14:57	6.75	--	10	6750	卖盘
11:14:45	6.75	-0.01	22	14850	卖盘
11:14:36	6.76	--	28	18928	卖盘
11:14:33	6.76	--	2	1352	卖盘
11:14:21	6.76	-0.01	75	50700	卖盘
11:14:18	6.77	0.01	9	6093	买盘
11:14:09	6.76	--	100	67600	卖盘
11:14:03	6.76	--	100	67600	卖盘
11:13:54	6.76	-0.01	18	12168	卖盘
11:13:45	6.77	0.01	42	28434	买盘
11:13:42	6.76	-0.01	100	67600	卖盘
11:13:39	6.77	--	8	5416	买盘
11:13:36	6.77	--	10	6770	买盘
11:13:30	6.77	0.01	920	622840	买盘
11:13:24	6.76	--	43	29068	买盘
11:13:21	6.76	--	30	20280	买盘
11:13:18	6.76	--	69	46644	卖盘
11:13:12	6.76	--	506	342056	买盘
11:13:06	6.76	--	9	6084	买盘
11:12:51	6.76	0.01	500	338000	买盘
11:12:15	6.75	--	2	1350	买盘
11:12:12	6.75	0.01	48	32400	买盘
11:12:00	6.74	-0.01	2	1348	卖盘
11:11:54	6.75	0.01	9	6075	买盘
11:11:39	6.74	-0.01	10	6740	卖盘
11:11:30	6.75	0.01	60	40500	买盘
11:11:27	6.74	-0.01	22	14828	卖盘
11:11:21	6.75	--	30	20250	买盘
11:11:18	6.75	--	5	3375	买盘
11:11:12	6.75	--	1	675	买盘
11:11:09	6.75	--	10	6750	中性盘
11:10:54	6.75	--	20	13500	买盘
11:10:42	6.75	--	9	6075	买盘
11:10:33	6.75	--	87	58725	买盘
11:10:30	6.75	0.01	3	2025	买盘
11:10:27	6.74	--	118	79532	卖盘
11:10:24	6.74	-0.01	20	13480	卖盘
11:10:21	6.75	--	42	28350	买盘
11:10:00	6.75	--	161	108675	买盘
11:09:54	6.75	--	3	2025	买盘
11:09:45	6.75	0.01	1	675	买盘
11:09:39	6.74	-0.01	30	20220	卖盘
11:09:30	6.75	0.01	173	116775	买盘
11:09:27	6.74	-0.01	22	14828	中性盘
11:08:51	6.75	0.01	18	12150	买盘
11:08:48	6.74	-0.01	4	2696	卖盘
11:08:45	6.75	0.01	116	78300	买盘
11:08:33	6.74	-0.01	160	107840	卖盘
11:08:27	6.75	--	42	28350	买盘
11:08:18	6.75	0.01	9	6075	买盘
11:07:54	6.74	--	20	13480	买盘
11:07:48	6.74	0.01	300	202200	买盘
11:07:30	6.73	--	6	4038	卖盘
11:07:27	6.73	-0.01	22	14806	卖盘
11:07:06	6.74	0.01	9	6066	买盘
11:07:03	6.73	--	10	6730	卖盘
11:06:36	6.73	-0.01	28	19220	卖盘
11:06:33	6.74	0.01	109	73466	买盘
11:06:27	6.73	--	32	21536	卖盘
11:06:06	6.73	-0.01	30	20190	卖盘
11:06:03	6.74	--	1	674	买盘
11:05:57	6.74	--	2	1348	买盘
11:05:54	6.74	--	9	6066	买盘
11:05:33	6.74	--	2	1348	买盘
11:05:30	6.74	0.01	148	99752	买盘
11:05:27	6.73	-0.01	22	14806	卖盘
11:05:24	6.74	0.01	3	2022	买盘
11:05:21	6.73	--	2	1346	卖盘
11:05:12	6.73	-0.01	10	7228	卖盘
11:05:03	6.74	0.02	9	6066	买盘
11:04:27	6.72	-0.02	22	14784	中性盘
11:04:21	6.74	--	12	8088	买盘
11:04:00	6.74	0.02	700	471800	买盘
11:03:54	6.72	0.01	3	2016	中性盘
11:03:39	6.71	--	200	134200	卖盘
11:03:36	6.71	--	17	11735	买盘
11:03:30	6.71	0.01	9	6039	买盘
11:03:27	6.7	-0.01	22	14740	卖盘
11:03:24	6.71	--	35	23485	买盘
11:03:18	6.71	--	210	140910	买盘
11:03:15	6.71	--	4	2684	买盘
11:03:03	6.71	-0.01	1264	848486	卖盘
11:02:48	6.72	--	125	84013	卖盘
11:02:36	6.72	--	5	3360	卖盘
11:02:27	6.72	--	22	14784	卖盘
11:02:24	6.72	-0.01	1	672	卖盘
11:02:21	6.73	0.01	9	6057	买盘
11:02:18	6.72	-0.01	57	38304	卖盘
11:01:48	6.73	--	2	1346	买盘
11:01:33	6.73	0.01	2	1346	买盘
11:01:15	6.72	--	200	134500	买盘
11:01:09	6.72	--	9	6048	买盘
11:01:06	6.72	--	50	33600	买盘
11:01:03	6.72	0.01	432	290304	买盘
11:00:27	6.71	-0.01	10	6710	卖盘
11:00:03	6.72	--	100	67200	买盘
11:00:00	6.72	--	10	6720	买盘
10:59:57	6.72	--	9	6048	买盘
10:59:54	6.72	0.01	20	13440	买盘
10:59:39	6.71	--	5	3435	卖盘
10:59:33	6.71	-0.01	100	67100	卖盘
10:59:21	6.72	--	49	32928	买盘
10:59:00	6.72	--	53	36187	卖盘
10:58:48	6.72	--	5	3460	卖盘
10:58:45	6.72	--	31	20832	卖盘
10:58:42	6.72	-0.01	60	40320	卖盘
10:58:36	6.73	0.01	7	4711	买盘
10:58:33	6.72	--	36	24783	卖盘
10:58:18	6.72	--	0	6	卖盘
10:58:15	6.72	--	22	15200	卖盘
10:58:12	6.72	--	2	1807	卖盘
10:58:09	6.72	--	18	12720	卖盘
10:58:00	6.72	--	3	2546	卖盘
10:57:45	6.72	-0.01	32	21504	卖盘
10:57:33	6.73	0.01	9	6057	买盘
10:57:24	6.72	--	5	3648	卖盘
10:57:18	6.72	--	8	5443	卖盘
10:57:00	6.72	-0.01	27	18560	卖盘
10:56:57	6.73	--	13	8749	买盘
10:56:45	6.73	0.01	9	6057	中性盘
10:56:09	6.72	-0.02	49	32928	卖盘
10:55:48	6.74	0.02	511	344414	买盘
10:55:45	6.72	--	22	14784	卖盘
10:55:39	6.72	--	10	7002	卖盘
10:55:27	6.72	-0.01	100	67200	卖盘
10:55:18	6.73	--	9	6057	买盘
10:55:06	6.73	0.01	195	131235	买盘
10:55:00	6.72	--	17	11424	买盘
10:54:45	6.72	-0.01	4	2688	中性盘
10:54:18	6.73	0.02	1	673	买盘
10:54:15	6.71	-0.02	100	67100	卖盘
10:53:57	6.73	0.01	9	6057	买盘
10:53:45	6.72	--	22	14784	卖盘
10:53:33	6.72	--	65	43720	买盘
10:53:27	6.72	--	10	6720	买盘
10:53:21	6.72	--	3	2016	买盘
10:53:09	6.72	--	21	14743	卖盘
10:52:54	6.72	--	15	10080	卖盘
10:52:51	6.72	--	41	27552	卖盘
10:52:45	6.72	--	31	20832	卖盘
10:52:42	6.72	--	100	67200	卖盘
10:52:30	6.72	--	0	161	卖盘
10:52:12	6.72	--	139	93959	买盘
10:52:06	6.72	0.01	103	69216	买盘
10:52:03	6.71	--	30	20130	卖盘
10:52:00	6.71	--	4	2684	卖盘
10:51:54	6.71	--	400	268400	卖盘
10:51:51	6.71	-0.01	100	67100	卖盘
10:51:48	6.72	0.01	5	3360	买盘
10:51:45	6.71	-0.01	22	14762	卖盘
10:51:42	6.72	0.01	9	6048	买盘
10:51:27	6.71	-0.01	20	13420	卖盘
10:51:18	6.72	-0.01	69	46488	卖盘
10:51:09	6.73	0.01	6	4038	买盘
10:51:06	6.72	--	115	77280	卖盘
10:50:57	6.72	--	15	10631	买盘
10:50:45	6.72	--	13	8736	买盘
10:50:42	6.72	-0.01	43	29016	卖盘
10:50:27	6.73	0.01	9	6057	买盘
10:50:24	6.72	-0.01	51	34272	卖盘
10:50:15	6.73	0.01	62	41726	买盘
10:50:03	6.72	--	12	8615	卖盘
10:49:45	6.72	-0.01	93	62496	卖盘
10:49:12	6.73	0.01	9	6057	买盘
10:48:33	6.72	--	9	6048	买盘
10:48:27	6.72	--	1	672	卖盘
10:48:00	6.72	--	8	5376	买盘
10:47:57	6.72	0.01	10	6720	买盘
10:47:51	6.71	-0.01	6	4026	卖盘
10:47:45	6.72	--	82	55104	卖盘
10:47:30	6.72	--	22	14784	卖盘
10:47:27	6.72	--	10	6720	卖盘
10:47:21	6.72	--	28	18816	买盘
10:47:12	6.72	--	5	3360	买盘
10:47:09	6.72	0.01	100	67200	买盘
10:47:03	6.71	-0.01	11	7381	卖盘
10:47:00	6.72	--	5	3360	买盘
10:46:45	6.72	0.01	9	6048	买盘
10:46:42	6.71	-0.01	20	13420	卖盘
10:46:39	6.72	0.01	1	672	买盘
10:46:30	6.71	-0.01	22	14762	卖盘
10:46:27	6.72	--	10	6720	买盘
10:46:18	6.72	--	10	6720	买盘
10:46:09	6.72	--	2	1344	买盘
10:46:00	6.72	--	100	67200	买盘
10:45:42	6.72	--	80	53760	卖盘
10:45:39	6.72	--	5	3360	买盘
10:45:33	6.72	--	9	6048	买盘
10:45:30	6.72	--	8	5376	卖盘
10:45:15	6.72	0.01	197	132384	买盘
10:44:54	6.71	-0.01	3	2013	卖盘
10:44:51	6.72	0.01	13	8736	中性盘
10:44:39	6.71	-0.01	290	194590	卖盘
10:44:30	6.72	0.01	64	43008	买盘
10:44:24	6.71	--	15	10065	卖盘
10:44:21	6.71	--	9	6039	卖盘
10:44:03	6.71	--	76	50996	卖盘
10:43:57	6.71	--	266	178875	卖盘
10:43:51	6.71	--	220	147620	卖盘
10:43:30	6.71	-0.01	22	14762	卖盘
10:43:24	6.72	--	3	2016	买盘
10:43:12	6.72	-0.01	198	133338	卖盘
10:43:03	6.73	0.01	28	18844	买盘
10:42:48	6.72	0.01	179	120677	买盘
10:42:30	6.71	-0.01	22	14762	卖盘
10:42:27	6.72	--	571	383712	买盘
10:42:24	6.72	0.01	56	37632	买盘
10:42:09	6.71	-0.01	203	136588	卖盘
10:42:00	6.72	--	9	6048	买盘
10:41:57	6.72	0.01	104	69888	买盘
10:41:51	6.71	-0.01	20	13420	卖盘
10:41:48	6.72	0.01	5	3360	买盘
10:41:45	6.71	--	13	8723	卖盘
10:41:39	6.71	--	16	10736	卖盘
10:41:30	6.71	-0.01	22	14762	卖盘
10:40:54	6.72	--	9	6048	买盘
10:40:42	6.72	0.01	20	13440	买盘
10:40:30	6.71	--	22	14762	卖盘
10:40:21	6.71	-0.01	2	1342	卖盘
10:40:09	6.72	--	2	1344	买盘
10:39:57	6.72	--	16	10752	买盘
10:39:54	6.72	--	240	161280	买盘
10:39:39	6.72	0.01	9	6048	买盘
10:39:30	6.71	--	22	14762	卖盘
10:39:18	6.71	--	72	48312	卖盘
10:39:15	6.71	--	509	341539	卖盘
10:39:06	6.71	-0.01	48	32208	卖盘
10:39:03	6.72	--	5	3360	买盘
10:38:54	6.72	0.01	1	672	买盘
10:38:45	6.71	--	4	2684	卖盘
10:38:39	6.71	0.01	1	671	卖盘
10:38:30	6.7	-0.01	22	14740	卖盘
10:38:27	6.71	--	54	36234	买盘
10:38:24	6.71	--	100	67100	买盘
10:38:15	6.71	--	6	4026	买盘
10:38:12	6.71	--	15	10065	买盘
10:38:06	6.71	--	6	4026	买盘
10:38:03	6.71	0.01	19	12749	买盘
10:37:48	6.7	-0.01	100	67000	卖盘
10:37:45	6.71	--	68	45628	买盘
10:37:39	6.71	0.01	31	20801	买盘
10:37:33	6.7	-0.01	200	134000	卖盘
10:37:27	6.71	--	2	1342	买盘
10:37:24	6.71	--	39	26169	买盘
10:37:15	6.71	--	33	22143	买盘
10:37:12	6.71	--	20	13420	买盘
10:37:06	6.71	--	34	23095	卖盘
10:36:54	6.71	--	5	3355	卖盘
10:36:42	6.71	--	20	13420	卖盘
10:36:24	6.71	--	76	50996	卖盘
10:36:18	6.71	--	200	134200	卖盘
10:36:15	6.71	--	174	117310	卖盘
10:36:12	6.71	-0.01	72	48312	卖盘
10:36:03	6.72	--	9	6048	买盘
10:36:00	6.72	0.01	6	4032	买盘
10:35:54	6.71	--	5	3355	卖盘
10:35:39	6.71	--	22	14762	卖盘
10:35:21	6.71	--	40	26840	卖盘
10:35:12	6.71	--	40	26840	卖盘
10:34:54	6.71	-0.01	2	1342	卖盘
10:34:51	6.72	0.01	9	6048	买盘
10:34:48	6.71	--	131	87901	卖盘
10:34:42	6.71	--	75	50325	卖盘
10:34:39	6.71	--	29	19459	卖盘
10:34:21	6.71	-0.01	40	26840	卖盘
10:34:00	6.72	--	65	43680	卖盘
10:33:57	6.72	--	135	90720	买盘
10:33:45	6.72	0.01	84	56448	买盘
10:33:39	6.71	--	31	20801	卖盘
10:33:30	6.71	-0.01	5	3355	卖盘
10:33:27	6.72	0.01	54	36288	买盘
10:33:18	6.71	--	125	83875	卖盘
10:33:09	6.71	--	45	30195	卖盘
10:33:06	6.71	--	50	33550	卖盘
10:33:03	6.71	-0.02	10	6710	卖盘
10:32:54	6.73	0.02	30	20190	买盘
10:32:45	6.71	-0.01	1475	989725	卖盘
10:32:42	6.72	--	16	10752	卖盘
10:32:39	6.72	--	24	16128	卖盘
10:32:27	6.72	-0.01	39	26208	卖盘
10:32:18	6.73	0.01	130	87490	买盘
10:31:54	6.72	-0.01	101	67872	卖盘
10:31:48	6.73	0.01	210	141330	买盘
10:31:39	6.72	-0.01	22	14784	卖盘
10:31:12	6.73	0.01	109	73357	买盘
10:31:00	6.72	-0.01	13	8736	卖盘
10:30:51	6.73	0.01	100	67300	买盘
10:30:39	6.72	--	22	14784	卖盘
10:30:24	6.72	--	100	67200	卖盘
10:30:18	6.72	--	50	33600	卖盘
10:30:06	6.72	--	100	67200	卖盘
10:30:03	6.72	-0.01	10	6720	卖盘
10:30:00	6.73	--	9	6057	买盘
10:29:57	6.73	0.01	3	2019	买盘
10:29:42	6.72	--	100	67200	卖盘
10:29:39	6.72	-0.01	22	14784	卖盘
10:29:00	6.73	--	260	174980	买盘
10:28:51	6.73	--	9	6057	买盘
10:28:42	6.73	0.01	65	43745	买盘
10:28:39	6.72	--	22	14784	卖盘
10:28:33	6.72	--	127	85344	卖盘
10:28:15	6.72	--	194	130368	卖盘
10:28:12	6.72	--	1316	884352	卖盘
10:28:09	6.72	--	290	194880	卖盘
10:27:39	6.72	--	31	20832	卖盘
10:27:06	6.72	-0.01	10	6720	卖盘
10:26:57	6.73	--	30	20190	卖盘
10:26:39	6.73	--	22	14806	卖盘
10:26:36	6.73	-0.01	300	201900	卖盘
10:26:27	6.74	0.01	9	6066	买盘
10:26:18	6.73	--	5	3365	卖盘
10:25:57	6.73	-0.01	20	13460	卖盘
10:25:51	6.74	0.01	130	87620	买盘
10:25:33	6.73	-0.01	200	134600	卖盘
10:25:30	6.74	--	5	3370	买盘
10:25:12	6.74	0.01	35	23590	买盘
10:24:42	6.73	--	2	1346	卖盘
10:24:24	6.73	-0.01	29	19517	卖盘
10:24:00	6.74	--	9	6066	买盘
10:23:57	6.74	--	80	53920	买盘
10:23:42	6.74	0.01	170	114580	买盘
10:23:36	6.73	--	1	673	卖盘
10:23:30	6.73	--	22	14806	卖盘
10:23:06	6.73	--	17	11441	卖盘
10:22:57	6.73	-0.01	20	13460	卖盘
10:22:51	6.74	0.01	9	6066	买盘
10:22:48	6.73	--	20	13460	卖盘
10:22:36	6.73	--	2	1346	卖盘
10:22:30	6.73	-0.01	22	14806	中性盘
10:22:21	6.74	0.01	17	11458	买盘
10:22:12	6.73	--	20	13460	买盘
10:22:03	6.73	0.01	5	3365	买盘
10:21:54	6.72	-0.01	1	672	卖盘
10:21:45	6.73	--	9	6057	买盘
10:21:42	6.73	--	9	6057	卖盘
10:21:30	6.73	--	22	14806	卖盘
10:21:24	6.73	--	330	222224	买盘
10:20:54	6.73	0.01	41	27593	买盘
10:20:48	6.72	--	10	6720	卖盘
10:20:45	6.72	-0.01	18	12096	卖盘
10:20:39	6.73	0.01	1	673	买盘
10:20:30	6.72	-0.01	22	14784	卖盘
10:20:27	6.73	0.01	9	6057	买盘
10:20:24	6.72	--	2	1344	卖盘
10:20:03	6.72	--	300	201600	卖盘
10:19:51	6.72	--	1	672	卖盘
10:19:45	6.72	-0.01	1	672	卖盘
10:19:42	6.73	0.01	12	8076	买盘
10:19:33	6.72	--	15	10080	卖盘
10:19:30	6.72	--	22	14784	卖盘
10:19:18	6.72	--	50	33600	卖盘
10:19:15	6.72	-0.01	200	134400	卖盘
10:19:09	6.73	0.01	10	6730	买盘
10:18:57	6.72	-0.01	2	1344	卖盘
10:18:39	6.73	0.01	6	4038	买盘
10:18:30	6.72	-0.01	117	78624	卖盘
10:18:21	6.73	--	116	78068	买盘
10:18:06	6.73	--	155	104315	买盘
10:18:00	6.73	--	149	100277	买盘
10:17:54	6.73	--	9	6057	买盘
10:17:48	6.73	--	10	6730	买盘
10:17:42	6.73	0.01	105	70665	买盘
10:17:30	6.72	--	25	16800	卖盘
10:17:09	6.72	--	700	470400	卖盘
10:17:03	6.72	-0.01	12	8064	卖盘
10:16:57	6.73	--	10	6730	买盘
10:16:42	6.73	--	14	9422	买盘
10:16:39	6.73	--	33	22209	买盘
10:16:36	6.73	0.01	50	33650	买盘
10:16:30	6.72	-0.01	22	14784	卖盘
10:16:24	6.73	--	20	13460	买盘
10:16:18	6.73	0.01	16	10768	买盘
10:16:15	6.72	-0.01	2	1344	卖盘
10:15:54	6.73	--	20	13460	买盘
10:15:42	6.73	--	20	13460	买盘
10:15:30	6.73	--	31	20863	买盘
10:15:21	6.73	--	100	67300	买盘
10:15:18	6.73	--	18	12114	买盘
10:15:15	6.73	--	73	49129	买盘
10:15:12	6.73	0.01	10	6730	买盘
10:14:42	6.72	--	30	20160	卖盘
10:14:30	6.72	--	22	14784	卖盘
10:14:21	6.72	-0.01	4	2688	卖盘
10:14:18	6.73	0.01	9	6057	买盘
10:14:15	6.72	-0.01	10	6720	卖盘
10:14:06	6.73	--	6	4038	买盘
10:13:42	6.73	--	203	136619	买盘
10:13:39	6.73	--	50	33650	买盘
10:13:36	6.73	--	20	13460	买盘
10:13:33	6.73	--	30	20190	买盘
10:13:27	6.73	0.01	30	20190	买盘
10:13:18	6.72	-0.01	10	6720	卖盘
10:13:12	6.73	0.01	781	525613	买盘
10:13:09	6.72	--	128	86016	卖盘
10:13:06	6.72	--	72	48384	卖盘
10:13:03	6.72	-0.01	50	33600	卖盘
10:13:00	6.73	0.01	1366	919318	买盘
10:12:54	6.72	-0.01	50	33600	卖盘
10:12:51	6.73	0.01	4	2692	买盘
10:12:48	6.72	--	48	32256	卖盘
10:12:36	6.72	-0.01	167	112224	卖盘
10:12:33	6.73	0.01	3	2019	买盘
10:12:12	6.72	--	7	4704	卖盘
10:12:06	6.72	--	29	19488	卖盘
10:12:03	6.72	-0.01	40	26880	卖盘
10:11:54	6.73	--	28	18844	买盘
10:11:51	6.73	--	20	13460	买盘
10:11:48	6.73	--	9	6057	买盘
10:11:45	6.73	0.01	10	6730	买盘
10:11:39	6.72	-0.01	20	13440	卖盘
10:11:24	6.73	--	1	673	买盘
10:11:18	6.73	--	20	13460	买盘
10:11:15	6.73	--	4	2692	买盘
10:11:06	6.73	--	12	8076	买盘
10:10:48	6.73	--	12	8076	买盘
10:10:45	6.73	--	92	61916	买盘
10:09:57	6.73	0.01	5	3365	买盘
10:09:51	6.72	--	5	3360	卖盘
10:09:45	6.72	--	240	161784	买盘
10:09:39	6.72	--	40	26880	买盘
10:09:36	6.72	--	17	11424	买盘
10:09:33	6.72	--	100	67200	买盘
10:09:30	6.72	--	10	6720	买盘
10:09:27	6.72	--	10	6720	买盘
10:09:15	6.72	-0.01	1488	1000104	卖盘
10:09:12	6.73	--	1	673	买盘
10:09:09	6.73	--	10	6730	买盘
10:08:54	6.73	--	30	20190	买盘
10:08:30	6.73	0.01	25	16825	买盘
10:08:24	6.72	--	3	2016	卖盘
10:08:15	6.72	-0.01	16	10752	卖盘
10:08:12	6.73	0.01	10	6730	买盘
10:08:09	6.72	--	5	3360	卖盘
10:08:06	6.72	--	400	268800	卖盘
10:07:57	6.72	--	328	220416	卖盘
10:07:54	6.72	--	1	672	卖盘
10:07:48	6.72	--	100	67200	卖盘
10:07:36	6.72	-0.01	14	9408	卖盘
10:07:15	6.73	-0.01	21	14133	中性盘
10:07:00	6.74	0.02	6	4044	买盘
10:06:42	6.72	--	500	336000	卖盘
10:06:39	6.72	-0.02	1562	1049664	卖盘
10:06:36	6.74	--	248	167152	卖盘
10:06:30	6.74	--	200	134800	卖盘
10:06:24	6.74	--	306	206244	买盘
10:06:18	6.74	--	21	14154	买盘
10:06:06	6.74	--	20	13480	买盘
10:05:54	6.74	--	191	128734	卖盘
10:05:45	6.74	--	80	53920	卖盘
10:05:33	6.74	--	449	302626	买盘
10:05:30	6.74	--	4	2696	买盘
10:05:18	6.74	--	10	6740	买盘
10:05:12	6.74	--	300	202200	买盘
10:05:06	6.74	0.01	10	6740	买盘
10:05:00	6.73	--	20	13460	卖盘
10:04:42	6.73	-0.01	4	2692	卖盘
10:04:39	6.74	--	2	1348	买盘
10:04:33	6.74	--	5	3370	买盘
10:04:30	6.74	0.01	65	43810	买盘
10:04:27	6.73	-0.01	80	53840	卖盘
10:04:24	6.74	--	53	35722	买盘
10:04:21	6.74	--	132	88968	卖盘
10:04:15	6.74	--	27	18198	买盘
10:04:06	6.74	0.01	40	26960	买盘
10:04:03	6.73	-0.01	13	8749	卖盘
10:03:51	6.74	--	500	337000	买盘
10:03:45	6.74	0.01	50	33700	买盘
10:03:36	6.73	-0.01	80	53840	卖盘
10:03:24	6.74	0.01	10	6740	买盘
10:03:21	6.73	--	100	67300	卖盘
10:03:18	6.73	--	20	13460	卖盘
10:03:12	6.73	--	20	13460	卖盘
10:03:09	6.73	--	5	3365	卖盘
10:02:42	6.73	-0.01	100	67300	卖盘
10:02:39	6.74	0.01	10	6740	买盘
10:02:36	6.73	-0.01	1	673	卖盘
10:02:30	6.74	0.01	7	4718	买盘
10:02:18	6.73	-0.01	7	4711	卖盘
10:02:09	6.74	--	30	20220	买盘
10:02:00	6.74	--	5	3370	买盘
10:01:48	6.74	0.01	10	6740	买盘
10:01:33	6.73	-0.01	212	142676	卖盘
10:01:24	6.74	--	34	22916	买盘
10:01:21	6.74	--	8	5392	买盘
10:01:18	6.74	--	10	6740	买盘
10:01:09	6.74	--	59	39766	买盘
10:00:57	6.74	0.01	10	6740	买盘
10:00:54	6.73	-0.01	31	20863	卖盘
10:00:48	6.74	--	2	1348	买盘
10:00:45	6.74	--	20	13480	买盘
10:00:36	6.74	--	8	5392	买盘
10:00:33	6.74	--	30	20220	买盘
10:00:24	6.74	--	5	3370	买盘
10:00:21	6.74	--	2	1348	买盘
10:00:15	6.74	0.01	5	3370	买盘
10:00:12	6.73	--	7	4711	卖盘
10:00:09	6.73	-0.01	259	174307	卖盘
10:00:06	6.74	--	22	14828	卖盘
10:00:03	6.74	--	21	14154	卖盘
10:00:00	6.74	--	100	67400	卖盘
09:59:57	6.74	--	107	72118	卖盘
09:59:48	6.74	--	5	3370	卖盘
09:59:39	6.74	--	60	40440	卖盘
09:59:36	6.74	--	75	50550	卖盘
09:59:33	6.74	--	20	13480	卖盘
09:59:30	6.74	-0.01	107	72118	卖盘
09:59:27	6.75	0.01	175	118631	买盘
09:59:24	6.74	-0.01	40	26960	卖盘
09:59:21	6.75	--	2	1350	买盘
09:59:18	6.75	--	4	2700	买盘
09:59:12	6.75	--	2567	1732725	卖盘
09:59:06	6.75	--	35	23625	卖盘
09:59:03	6.75	-0.01	59	39825	卖盘
09:58:54	6.76	--	9	6084	买盘
09:58:42	6.76	--	215	145509	卖盘
09:58:36	6.76	--	10	6760	卖盘
09:58:27	6.76	--	28	18928	卖盘
09:58:24	6.76	--	10	6760	卖盘
09:58:03	6.76	--	236	160043	买盘
09:58:00	6.76	--	20	13520	买盘
09:57:54	6.76	--	30	20280	买盘
09:57:51	6.76	--	30	20280	买盘
09:57:45	6.76	--	176	118976	买盘
09:57:42	6.76	--	9	6084	买盘
09:57:39	6.76	0.01	21	14196	买盘
09:57:33	6.75	-0.01	1	675	卖盘
09:57:30	6.76	--	500	338000	买盘
09:57:24	6.76	--	7	4732	买盘
09:57:18	6.76	0.01	32	21632	买盘
09:57:15	6.75	-0.01	30	20250	卖盘
09:57:12	6.76	0.01	100	67600	买盘
09:57:03	6.75	-0.01	36	24300	卖盘
09:56:48	6.76	--	10	6760	买盘
09:56:39	6.76	--	10	6760	买盘
09:56:36	6.76	--	100	67600	买盘
09:55:54	6.76	0.01	50	33800	买盘
09:55:33	6.75	-0.01	10	6750	卖盘
09:55:30	6.76	--	50	33800	买盘
09:55:27	6.76	--	1	676	买盘
09:55:24	6.76	--	10	6760	买盘
09:55:12	6.76	--	300	202800	买盘
09:55:03	6.76	--	10	6760	买盘
09:55:00	6.76	--	6	4056	买盘
09:54:54	6.76	--	104	70304	买盘
09:54:45	6.76	--	50	33800	买盘
09:54:36	6.76	--	99	66924	买盘
09:54:21	6.76	--	15	10140	买盘
09:54:00	6.76	--	70	47320	买盘
09:53:51	6.76	--	9	6084	买盘
09:53:39	6.76	0.01	2	1352	买盘
09:53:24	6.75	-0.01	10	6750	卖盘
09:53:21	6.76	0.01	47	31772	买盘
09:53:15	6.75	--	27	18225	卖盘
09:53:09	6.75	-0.01	6	4050	卖盘
09:53:00	6.76	--	7	4732	买盘
09:52:51	6.76	0.01	30	20280	买盘
09:52:45	6.75	-0.01	4	2700	卖盘
09:52:39	6.76	--	9	6084	买盘
09:52:36	6.76	--	18	12168	买盘
09:52:30	6.76	--	1050	710110	卖盘
09:52:27	6.76	--	200	135200	卖盘
09:52:09	6.76	-0.01	100	67600	卖盘
09:52:06	6.77	--	2	1354	买盘
09:51:45	6.77	--	237	160449	买盘
09:51:39	6.77	--	5	3385	买盘
09:51:24	6.77	--	1	677	买盘
09:51:21	6.77	--	10	7135	买盘
09:51:18	6.77	--	30	20310	买盘
09:51:03	6.77	0.01	43	29110	买盘
09:51:00	6.76	--	24	16224	卖盘
09:50:48	6.76	--	25	16900	卖盘
09:50:21	6.76	-0.01	12	8112	卖盘
09:50:06	6.77	--	9	6093	买盘
09:50:03	6.77	--	36	24372	卖盘
09:50:00	6.77	--	24	16247	买盘
09:49:57	6.77	--	6	4061	卖盘
09:49:51	6.77	--	20	13540	卖盘
09:49:33	6.77	0.01	39	26403	买盘
09:49:30	6.76	-0.01	26	17576	卖盘
09:49:27	6.77	0.01	4	2708	买盘
09:49:24	6.76	--	4	2704	卖盘
09:49:21	6.76	-0.01	31	20956	卖盘
09:49:12	6.77	--	18	12186	买盘
09:48:54	6.77	--	50	33850	买盘
09:48:51	6.77	-0.01	161	108997	卖盘
09:48:48	6.78	0.01	500	339000	买盘
09:48:30	6.77	-0.01	10	6770	卖盘
09:48:12	6.78	0.01	5	3390	买盘
09:48:09	6.77	--	41	27757	卖盘
09:48:06	6.77	--	205	138785	卖盘
09:48:00	6.77	--	83	56191	买盘
09:47:57	6.77	--	232	157064	买盘
09:47:51	6.77	--	2	1354	买盘
09:47:48	6.77	--	1	677	买盘
09:47:30	6.77	--	10	6770	买盘
09:47:27	6.77	--	16	10832	买盘
09:47:21	6.77	-0.01	658	445466	卖盘
09:47:15	6.78	0.01	17	11526	买盘
09:47:09	6.77	--	1	677	卖盘
09:47:00	6.77	--	38	25726	卖盘
09:46:57	6.77	--	3	2030	卖盘
09:46:36	6.77	-0.01	23	15570	卖盘
09:46:30	6.78	0.01	35	23730	买盘
09:46:27	6.77	-0.01	2	1354	卖盘
09:46:21	6.78	--	4	2712	买盘
09:46:15	6.78	0.01	9	6102	买盘
09:46:12	6.77	-0.01	28	18956	卖盘
09:46:09	6.78	--	18	12204	买盘
09:46:03	6.78	0.01	2	1356	买盘
09:45:57	6.77	--	48	32495	卖盘
09:45:51	6.77	-0.01	40	27080	卖盘
09:45:45	6.78	--	11	7458	买盘
09:45:39	6.78	--	50	33900	买盘
09:45:36	6.78	--	30	20340	买盘
09:45:24	6.78	--	307	208146	卖盘
09:45:18	6.78	--	104	70512	卖盘
09:45:12	6.78	--	147	99666	卖盘
09:45:09	6.78	--	18	12204	买盘
09:45:00	6.78	--	98	66444	买盘
09:44:57	6.78	--	189	128142	卖盘
09:44:54	6.78	--	198	134244	卖盘
09:44:48	6.78	--	14	9492	卖盘
09:44:42	6.78	--	8	5424	卖盘
09:44:39	6.78	--	9	6102	卖盘
09:44:33	6.78	-0.01	2	1356	卖盘
09:44:30	6.79	--	85	57715	买盘
09:44:27	6.79	--	11	7469	买盘
09:44:18	6.79	0.01	535	363265	买盘
09:44:15	6.78	--	5	3390	卖盘
09:44:06	6.78	--	189	128142	卖盘
09:44:03	6.78	--	278	188484	买盘
09:44:00	6.78	--	20	13560	买盘
09:43:57	6.78	--	133	90174	买盘
09:43:54	6.78	--	500	339000	买盘
09:43:39	6.78	--	10	6780	买盘
09:43:30	6.78	0.01	30	20340	买盘
09:42:57	6.77	--	316	213932	买盘
09:42:45	6.77	0.01	20	13540	买盘
09:42:30	6.76	--	14	9464	卖盘
09:42:27	6.76	-0.01	50	33800	卖盘
09:42:24	6.77	0.01	9	6093	买盘
09:42:21	6.76	--	41	27716	卖盘
09:42:15	6.76	--	263	177788	卖盘
09:42:09	6.76	--	38	25688	卖盘
09:42:00	6.76	--	16	10816	卖盘
09:41:45	6.76	--	96	64896	卖盘
09:41:42	6.76	--	10	6760	卖盘
09:41:36	6.76	-0.01	148	100048	卖盘
09:41:24	6.77	--	30	20310	卖盘
09:41:18	6.77	--	35	23695	卖盘
09:41:09	6.77	-0.01	38	25726	卖盘
09:41:06	6.78	--	274	185772	买盘
09:41:03	6.78	--	50	33900	买盘
09:40:48	6.78	--	125	84750	卖盘
09:40:45	6.78	--	10	6780	卖盘
09:40:42	6.78	--	7	4746	卖盘
09:40:39	6.78	--	30	20340	卖盘
09:40:36	6.78	-0.01	28	18984	中性盘
09:40:24	6.79	0.03	325	220675	买盘
09:40:18	6.76	-0.02	100	67600	卖盘
09:40:15	6.78	--	201	136278	卖盘
09:40:12	6.78	--	565	383070	买盘
09:40:06	6.78	--	68	46104	买盘
09:40:00	6.78	--	252	170856	买盘
09:39:54	6.78	0.01	9	6102	买盘
09:39:51	6.77	-0.01	1	677	卖盘
09:39:48	6.78	0.02	61	41358	买盘
09:39:45	6.76	-0.02	208	140608	卖盘
09:39:39	6.78	--	10	6780	买盘
09:39:36	6.78	0.02	25	16950	买盘
09:39:30	6.76	-0.02	16	10816	卖盘
09:39:27	6.78	0.03	35	23730	买盘
09:39:18	6.75	-0.03	220	148500	卖盘
09:39:15	6.78	--	105	71190	卖盘
09:39:12	6.78	0.01	348	235944	买盘
09:39:03	6.77	--	108	73116	卖盘
09:39:00	6.77	0.02	15	10155	买盘
09:38:57	6.75	-0.03	14	9450	卖盘
09:38:51	6.78	-0.01	10	6780	卖盘
09:38:48	6.79	--	6	4074	买盘
09:38:45	6.79	0.01	289	196231	买盘
09:38:39	6.78	--	200	135600	买盘
09:38:36	6.78	--	42	28476	买盘
09:38:33	6.78	-0.01	3	2034	中性盘
09:38:30	6.79	0.02	108	73332	买盘
09:38:27	6.77	--	10	6770	卖盘
09:38:24	6.77	-0.01	70	47390	卖盘
09:38:21	6.78	0.01	509	345102	买盘
09:38:18	6.77	-0.01	160	108320	卖盘
09:38:15	6.78	0.01	34	23052	买盘
09:38:12	6.77	--	8	5416	卖盘
09:38:09	6.77	0.01	134	90718	买盘
09:38:03	6.76	--	46	31096	卖盘
09:37:57	6.76	--	80	54080	买盘
09:37:54	6.76	0.01	71	47996	买盘
09:37:45	6.75	--	97	65475	买盘
09:37:39	6.75	--	20	13500	买盘
09:37:33	6.75	--	100	67500	买盘
09:37:21	6.75	0.01	9	6075	买盘
09:37:18	6.74	--	100	67400	卖盘
09:37:15	6.74	0.01	370	249380	买盘
09:37:12	6.73	--	86	57878	卖盘
09:37:09	6.73	-0.01	286	192478	卖盘
09:37:06	6.74	--	20	13480	买盘
09:37:03	6.74	0.01	40	26960	买盘
09:36:57	6.73	-0.01	29	19517	卖盘
09:36:45	6.74	--	34	22916	买盘
09:36:30	6.74	--	30	20220	买盘
09:36:27	6.74	--	10	6740	买盘
09:36:21	6.74	0.01	300	202200	买盘
09:36:12	6.73	-0.01	157	105661	卖盘
09:36:09	6.74	--	20	13480	买盘
09:36:03	6.74	0.01	10	6740	买盘
09:35:54	6.73	--	29	19517	卖盘
09:35:48	6.73	-0.01	18	12114	卖盘
09:35:45	6.74	--	50	33700	买盘
09:35:39	6.74	--	10	6740	买盘
09:35:36	6.74	--	13	8762	买盘
09:35:30	6.74	--	22	14828	买盘
09:35:27	6.74	--	15	10110	买盘
09:35:18	6.74	--	16	10784	买盘
09:35:15	6.74	0.01	39	26286	买盘
09:35:12	6.73	-0.01	178	119794	卖盘
09:34:54	6.74	--	5	3370	买盘
09:34:48	6.74	--	9	6066	买盘
09:34:45	6.74	--	92	62008	买盘
09:34:39	6.74	--	210	141540	买盘
09:34:36	6.74	--	20	13480	买盘
09:34:33	6.74	0.01	10	6740	买盘
09:34:12	6.73	--	162	109026	卖盘
09:34:06	6.73	--	170	114410	卖盘
09:33:51	6.73	-0.01	100	67300	卖盘
09:33:48	6.74	--	10	6740	买盘
09:33:33	6.74	0.01	10	6740	买盘
09:33:30	6.73	--	20	13460	卖盘
09:33:21	6.73	--	1	673	卖盘
09:33:12	6.73	-0.01	60	40380	卖盘
09:33:03	6.74	--	10	6740	买盘
09:33:00	6.74	--	11	7414	买盘
09:32:54	6.74	--	15	10110	买盘
09:32:48	6.74	--	20	13480	买盘
09:32:45	6.74	--	46	31004	买盘
09:32:42	6.74	--	50	33700	买盘
09:32:21	6.74	-0.01	117	78858	卖盘
09:32:15	6.75	--	176	118800	买盘
09:32:12	6.75	0.01	21	14175	买盘
09:31:57	6.74	0.01	249	167826	买盘
09:31:48	6.73	--	6	4038	卖盘
09:31:42	6.73	--	50	33650	卖盘
09:31:36	6.73	--	87	58551	卖盘
09:31:30	6.73	--	15	10095	卖盘
09:31:18	6.73	-0.01	50	33650	卖盘
09:31:06	6.74	--	1	674	买盘
09:31:03	6.74	--	20	13480	买盘
09:31:00	6.74	-0.01	152	102448	卖盘
09:30:54	6.75	--	15	10125	买盘
09:30:51	6.75	--	3	2025	买盘
09:30:45	6.75	--	100	67500	买盘
09:30:03	6.75	0.01	118	79650	卖盘
09:30:00	6.74	--	0	0	卖盘
09:25:03	6.74	6.74	91	61334	买盘
