成交时间	成交价	价格变动	成交量(手)	成交额(元)	性质
15:00:03	27.15	--	1371	3722265	卖盘
14:57:03	27.15	-0.01	47	127605	卖盘
14:57:00	27.16	0.01	22	59752	买盘
14:56:57	27.15	--	18	48870	卖盘
14:56:54	27.15	-0.01	97	263355	卖盘
14:56:51	27.16	0.01	68	184688	买盘
14:56:48	27.15	--	54	146610	卖盘
14:56:45	27.15	--	43	116745	买盘
14:56:42	27.15	--	40	108600	买盘
14:56:39	27.15	--	229	621735	买盘
14:56:36	27.15	0.01	57	154755	买盘
14:56:33	27.14	--	30	81420	卖盘
14:56:30	27.14	--	107	290398	卖盘
14:56:27	27.14	-0.01	85	230690	卖盘
14:56:24	27.15	--	10	27150	买盘
14:56:21	27.15	0.01	29	78735	买盘
14:56:18	27.14	-0.01	92	249688	中性盘
14:56:15	27.15	0.01	42	114030	买盘
14:56:12	27.14	0.01	44	119416	买盘
14:56:09	27.13	-0.01	24	65112	卖盘
14:56:06	27.14	--	15	40710	卖盘
14:56:03	27.14	--	49	132986	买盘
14:56:00	27.14	-0.01	51	138414	卖盘
14:55:57	27.15	--	10	27150	买盘
14:55:54	27.15	0.01	113	306795	买盘
14:55:51	27.14	0.01	36	97704	买盘
14:55:48	27.13	-0.01	30	81390	卖盘
14:55:45	27.14	-0.01	188	510232	卖盘
14:55:42	27.15	0.01	24	65160	中性盘
14:55:39	27.14	-0.01	172	466808	卖盘
14:55:36	27.15	--	41	111315	买盘
14:55:33	27.15	--	128	347520	买盘
14:55:30	27.15	--	20	54300	买盘
14:55:27	27.15	--	33	89595	买盘
14:55:24	27.15	--	39	105885	买盘
14:55:21	27.15	0.01	80	217200	买盘
14:55:18	27.14	-0.01	96	260544	卖盘
14:55:15	27.15	--	111	301365	买盘
14:55:12	27.15	--	135	366525	买盘
14:55:09	27.15	--	22	59730	买盘
14:55:06	27.15	--	41	111315	买盘
14:55:03	27.15	--	96	260640	卖盘
14:55:00	27.15	-0.01	97	263355	卖盘
14:54:57	27.16	--	130	353080	买盘
14:54:54	27.16	0.01	63	171108	买盘
14:54:51	27.15	-0.01	71	192765	卖盘
14:54:48	27.16	--	131	355796	买盘
14:54:45	27.16	-0.01	53	143948	卖盘
14:54:42	27.17	0.01	24	65208	买盘
14:54:39	27.16	-0.01	2	5432	卖盘
14:54:36	27.17	0.01	86	233662	买盘
14:54:33	27.16	0.01	53	143948	卖盘
14:54:30	27.15	-0.01	53	143895	卖盘
14:54:27	27.16	--	56	152096	买盘
14:54:24	27.16	0.01	114	309624	买盘
14:54:18	27.15	--	1	2715	卖盘
14:54:15	27.15	--	136	369240	买盘
14:54:12	27.15	--	81	219915	买盘
14:54:09	27.15	--	111	301365	买盘
14:54:06	27.15	--	84	228060	买盘
14:54:03	27.15	--	342	928530	买盘
14:54:00	27.15	0.01	29	78735	买盘
14:53:57	27.14	--	243	659502	卖盘
14:53:54	27.14	--	2	5428	卖盘
14:53:51	27.14	-0.01	20	54280	卖盘
14:53:48	27.15	0.01	64	173760	买盘
14:53:45	27.14	--	46	124844	卖盘
14:53:42	27.14	--	13	35282	卖盘
14:53:39	27.14	--	19	51566	卖盘
14:53:36	27.14	--	59	160126	买盘
14:53:33	27.14	--	56	151984	买盘
14:53:30	27.14	--	56	151984	买盘
14:53:27	27.14	--	28	75992	买盘
14:53:24	27.14	--	77	208978	买盘
14:53:21	27.14	0.01	22	59708	买盘
14:53:18	27.13	-0.01	190	515470	卖盘
14:53:15	27.14	--	28	75992	买盘
14:53:12	27.14	0.01	18	48852	买盘
14:53:09	27.13	--	4	10852	卖盘
14:53:06	27.13	--	103	279439	卖盘
14:53:03	27.13	0.01	81	219753	买盘
14:53:00	27.12	--	43	116616	卖盘
14:52:57	27.12	-0.01	8	21696	卖盘
14:52:54	27.13	0.01	8	21704	买盘
14:52:51	27.12	--	23	62376	卖盘
14:52:48	27.12	--	28	75936	卖盘
14:52:45	27.12	--	444	1204128	卖盘
14:52:42	27.12	--	3	8136	卖盘
14:52:39	27.12	-0.01	34	92208	卖盘
14:52:36	27.13	0.01	9	24417	买盘
14:52:33	27.12	--	55	149160	卖盘
14:52:30	27.12	--	13	35256	卖盘
14:52:27	27.12	-0.01	12	32544	卖盘
14:52:24	27.13	0.01	49	132937	买盘
14:52:21	27.12	--	34	92208	卖盘
14:52:18	27.12	--	44	119328	买盘
14:52:15	27.12	--	17	46104	买盘
14:52:12	27.12	--	189	512568	买盘
14:52:09	27.12	--	13	35256	买盘
14:52:06	27.12	--	16	43392	买盘
14:52:03	27.12	--	6	16272	买盘
14:52:00	27.12	--	9	24408	买盘
14:51:57	27.12	-0.01	66	178992	卖盘
14:51:54	27.13	0.01	6	16278	买盘
14:51:51	27.12	--	2	5424	卖盘
14:51:48	27.12	-0.01	22	59664	卖盘
14:51:45	27.13	--	44	119372	买盘
14:51:42	27.13	0.01	13	35269	买盘
14:51:39	27.12	-0.01	26	70512	卖盘
14:51:36	27.13	--	11	29843	买盘
14:51:33	27.13	--	106	287578	买盘
14:51:30	27.13	--	10	27130	买盘
14:51:27	27.13	--	2	5426	买盘
14:51:24	27.13	--	20	54260	买盘
14:51:21	27.13	-0.01	6	16278	中性盘
14:51:18	27.14	0.01	64	173696	买盘
14:51:15	27.13	--	3	8139	卖盘
14:51:12	27.13	--	168	455784	卖盘
14:51:09	27.13	--	26	70538	卖盘
14:51:06	27.13	--	5	13565	卖盘
14:51:03	27.13	--	2	5426	卖盘
14:51:00	27.13	--	21	56973	卖盘
14:50:57	27.13	--	64	173632	卖盘
14:50:54	27.13	--	156	423228	买盘
14:50:51	27.13	--	47	127511	买盘
14:50:48	27.13	0.01	52	141076	买盘
14:50:45	27.12	-0.01	52	141024	卖盘
14:50:42	27.13	--	20	54260	买盘
14:50:39	27.13	--	5	13565	买盘
14:50:36	27.13	--	248	672824	买盘
14:50:33	27.13	--	3	8139	买盘
14:50:30	27.13	--	48	130224	买盘
14:50:27	27.13	--	44	119372	卖盘
14:50:24	27.13	--	153	415089	卖盘
14:50:21	27.13	--	38	103094	卖盘
14:50:18	27.13	--	199	539887	买盘
14:50:15	27.13	--	8	21704	买盘
14:50:12	27.13	--	21	56973	买盘
14:50:09	27.13	--	5	13565	买盘
14:50:06	27.13	0.01	9	24417	买盘
14:50:03	27.12	-0.01	32	86784	卖盘
14:50:00	27.13	--	7	18991	卖盘
14:49:57	27.13	-0.01	6	16278	卖盘
14:49:54	27.14	--	12	32568	买盘
14:49:51	27.14	0.01	22	59708	买盘
14:49:48	27.13	--	209	567017	买盘
14:49:45	27.13	--	38	103094	卖盘
14:49:42	27.13	-0.01	22	59686	卖盘
14:49:39	27.14	--	76	206264	买盘
14:49:36	27.14	0.01	20	54280	买盘
14:49:33	27.13	-0.01	9	24417	卖盘
14:49:30	27.14	0.01	14	37996	买盘
14:49:27	27.13	-0.01	36	97668	中性盘
14:49:24	27.14	--	65	176410	买盘
14:49:21	27.14	0.01	10	27140	买盘
14:49:18	27.13	-0.01	19	51547	卖盘
14:49:15	27.14	--	31	84134	买盘
14:49:12	27.14	--	25	67850	买盘
14:49:09	27.14	--	23	62422	买盘
14:49:06	27.14	--	15	40710	卖盘
14:49:03	27.14	-0.01	14	37996	卖盘
14:49:00	27.15	0.01	9	24435	买盘
14:48:57	27.14	--	29	78706	买盘
14:48:54	27.14	-0.01	56	151984	卖盘
14:48:51	27.15	--	24	65160	买盘
14:48:48	27.15	--	34	92310	买盘
14:48:45	27.15	--	21	57015	买盘
14:48:42	27.15	0.01	19	51585	买盘
14:48:39	27.14	--	2	5428	卖盘
14:48:36	27.14	-0.01	23	62422	卖盘
14:48:33	27.15	--	3	8145	买盘
14:48:30	27.15	0.01	33	89595	买盘
14:48:27	27.14	-0.01	20	54280	卖盘
14:48:24	27.15	0.01	10	27150	买盘
14:48:18	27.14	--	3	8142	卖盘
14:48:15	27.14	--	17	46138	卖盘
14:48:12	27.14	--	178	483092	买盘
14:48:09	27.14	0.02	10	27140	买盘
14:48:03	27.12	-0.02	2	5424	卖盘
14:48:00	27.14	--	11	29854	买盘
14:47:57	27.14	0.02	6	16284	买盘
14:47:51	27.12	--	2	5424	中性盘
14:47:48	27.12	--	9	24408	卖盘
14:47:45	27.12	-0.02	4	10848	卖盘
14:47:42	27.14	0.02	16	43424	买盘
14:47:39	27.12	0.01	583	1581096	买盘
14:47:36	27.11	0.01	9	24399	中性盘
14:47:33	27.1	-0.01	17	46070	卖盘
14:47:30	27.11	-0.01	16	43376	卖盘
14:47:27	27.12	0.02	5	13560	买盘
14:47:24	27.1	-0.01	23	62330	卖盘
14:47:21	27.11	0.01	9	24399	买盘
14:47:18	27.1	-0.01	47	127370	卖盘
14:47:15	27.11	0.01	9	24399	买盘
14:47:12	27.1	--	10	27100	卖盘
14:47:09	27.1	--	29	78590	卖盘
14:47:06	27.1	--	5	13550	卖盘
14:47:03	27.1	-0.01	8	21680	卖盘
14:47:00	27.11	--	23	62353	买盘
14:46:57	27.11	0.01	1	2711	买盘
14:46:54	27.1	--	105	284550	卖盘
14:46:51	27.1	--	3	8130	卖盘
14:46:45	27.1	--	3	8130	卖盘
14:46:42	27.1	0.01	134	363140	买盘
14:46:39	27.09	-0.01	32	86688	卖盘
14:46:36	27.1	0.01	55	149050	买盘
14:46:33	27.09	--	42	113778	卖盘
14:46:30	27.09	-0.01	63	170667	卖盘
14:46:27	27.1	0.01	4	10840	买盘
14:46:24	27.09	-0.01	15	40635	卖盘
14:46:21	27.1	0.01	53	143630	买盘
14:46:18	27.09	-0.01	9	24381	卖盘
14:46:15	27.1	0.01	47	127370	买盘
14:46:12	27.09	-0.01	4	10836	卖盘
14:46:09	27.1	--	10	27100	买盘
14:46:06	27.1	0.01	47	127370	买盘
14:46:03	27.09	--	11	29799	卖盘
14:46:00	27.09	-0.01	6	16254	卖盘
14:45:57	27.1	--	43	116530	买盘
14:45:54	27.1	--	27	73170	买盘
14:45:51	27.1	0.01	11	29810	买盘
14:45:48	27.09	-0.01	11	29799	卖盘
14:45:45	27.1	0.01	5	13550	买盘
14:45:42	27.09	--	8	21672	卖盘
14:45:39	27.09	-0.01	79	214011	卖盘
14:45:36	27.1	--	17	46070	买盘
14:45:33	27.1	--	7	18970	买盘
14:45:30	27.1	0.01	11	29810	买盘
14:45:27	27.09	-0.01	5	13545	卖盘
14:45:24	27.1	--	28	75880	买盘
14:45:21	27.1	--	13	35230	买盘
14:45:18	27.1	0.01	25	67750	买盘
14:45:15	27.09	--	16	43344	卖盘
14:45:12	27.09	-0.01	43	116487	卖盘
14:45:09	27.1	--	10	27100	买盘
14:45:03	27.1	0.01	42	113820	买盘
14:45:00	27.09	-0.01	16	43344	卖盘
14:44:57	27.1	0.01	132	357720	买盘
14:44:54	27.09	--	13	35217	卖盘
14:44:51	27.09	--	5	13545	卖盘
14:44:48	27.09	0.01	59	159831	买盘
14:44:45	27.08	--	1	2708	卖盘
14:44:42	27.08	0.01	12	32495	中性盘
14:44:39	27.07	-0.01	18	48726	卖盘
14:44:36	27.08	--	15	40620	买盘
14:44:33	27.08	-0.01	94	254551	卖盘
14:44:30	27.09	0.01	4	10836	买盘
14:44:27	27.08	--	23	62283	买盘
14:44:24	27.08	--	32	86656	卖盘
14:44:21	27.08	--	2	5416	卖盘
14:44:18	27.08	-0.01	10	27080	卖盘
14:44:15	27.09	--	20	54180	买盘
14:44:12	27.09	0.01	21	56889	买盘
14:44:09	27.08	--	5	13540	卖盘
14:44:06	27.08	--	10	27080	卖盘
14:44:03	27.08	0.01	21	56868	买盘
14:44:00	27.07	-0.01	4	10828	卖盘
14:43:57	27.08	--	12	32495	买盘
14:43:54	27.08	--	21	56868	卖盘
14:43:51	27.08	-0.01	13	35204	卖盘
14:43:48	27.09	0.01	7	18963	买盘
14:43:45	27.08	--	22	59575	买盘
14:43:42	27.08	--	9	24372	卖盘
14:43:39	27.08	--	5	13540	卖盘
14:43:36	27.08	-0.01	48	129983	卖盘
14:43:33	27.09	0.01	75	203175	买盘
14:43:30	27.08	--	10	27080	卖盘
14:43:27	27.08	-0.01	13	35204	卖盘
14:43:24	27.09	--	16	43344	买盘
14:43:21	27.09	--	30	81270	买盘
14:43:18	27.09	0.01	56	151704	买盘
14:43:15	27.08	-0.01	27	73116	卖盘
14:43:12	27.09	0.01	29	78561	买盘
14:43:09	27.08	-0.01	23	62283	卖盘
14:43:06	27.09	--	13	35217	买盘
14:43:03	27.09	--	24	65016	买盘
14:43:00	27.09	--	1	2709	买盘
14:42:57	27.09	--	1	2709	买盘
14:42:54	27.09	-0.01	2	5418	卖盘
14:42:51	27.1	--	43	116530	买盘
14:42:48	27.1	0.01	20	54200	买盘
14:42:42	27.09	--	28	75852	卖盘
14:42:39	27.09	-0.01	3	8127	卖盘
14:42:36	27.1	0.01	48	130080	买盘
14:42:33	27.09	-0.04	23	62307	卖盘
14:42:30	27.13	0.03	47	127511	买盘
14:42:27	27.1	--	1	2710	买盘
14:42:24	27.1	--	6	16260	买盘
14:42:21	27.1	-0.03	122	330620	卖盘
14:42:18	27.13	--	33	89529	买盘
14:42:15	27.13	0.02	1	2713	买盘
14:42:09	27.11	-0.03	78	211458	卖盘
14:42:06	27.14	0.01	57	154698	买盘
14:42:03	27.13	-0.02	50	135650	卖盘
14:42:00	27.15	0.01	25	67875	买盘
14:41:57	27.14	--	33	89562	卖盘
14:41:54	27.14	--	38	103132	卖盘
14:41:51	27.14	--	39	105846	卖盘
14:41:48	27.14	--	2	5428	卖盘
14:41:42	27.14	--	2	5428	卖盘
14:41:39	27.14	--	1	2714	卖盘
14:41:33	27.14	0.02	62	168268	买盘
14:41:30	27.12	-0.01	2	5424	卖盘
14:41:27	27.13	--	44	119372	卖盘
14:41:24	27.13	-0.02	2	5426	卖盘
14:41:21	27.15	0.02	1	2715	买盘
14:41:15	27.13	--	41	111233	卖盘
14:41:12	27.13	--	12	32556	买盘
14:41:06	27.13	0.03	5	13565	中性盘
14:41:03	27.1	-0.03	395	1070450	卖盘
14:41:00	27.13	-0.02	44	119372	卖盘
14:40:57	27.15	0.01	20	54300	买盘
14:40:54	27.14	-0.01	5	13570	中性盘
14:40:51	27.15	--	26	70590	买盘
14:40:48	27.15	--	11	29865	买盘
14:40:45	27.15	0.02	1	2715	买盘
14:40:42	27.13	-0.02	20	54260	卖盘
14:40:39	27.15	--	33	89595	卖盘
14:40:36	27.15	--	14	38010	卖盘
14:40:30	27.15	--	20	54300	卖盘
14:40:27	27.15	0.03	88	238920	买盘
14:40:24	27.12	-0.02	36	97632	卖盘
14:40:21	27.14	0.01	30	81420	买盘
14:40:18	27.13	-0.01	46	124798	卖盘
14:40:15	27.14	-0.01	14	37996	买盘
14:40:12	27.15	--	74	200910	买盘
14:40:03	27.15	--	22	59730	买盘
14:40:00	27.15	0.01	19	51585	买盘
14:39:57	27.14	--	10	27140	卖盘
14:39:54	27.14	--	22	59708	卖盘
14:39:51	27.14	0.01	274	743636	买盘
14:39:48	27.13	--	72	195336	买盘
14:39:45	27.13	0.01	21	56973	买盘
14:39:42	27.12	-0.01	5	13560	卖盘
14:39:39	27.13	0.01	11	29843	买盘
14:39:36	27.12	--	12	32544	卖盘
14:39:33	27.12	-0.01	2	5424	卖盘
14:39:30	27.13	0.01	5	13565	买盘
14:39:27	27.12	--	3	8136	卖盘
14:39:24	27.12	--	1	2712	卖盘
14:39:21	27.12	--	19	51528	卖盘
14:39:18	27.12	-0.02	50	135600	卖盘
14:39:15	27.14	0.02	164	445096	买盘
14:39:12	27.12	--	14	37968	卖盘
14:39:09	27.12	-0.01	3	8136	卖盘
14:39:06	27.13	--	6	16278	买盘
14:39:03	27.13	--	4	10852	买盘
14:39:00	27.13	--	11	29843	买盘
14:38:57	27.13	--	1	2713	买盘
14:38:54	27.13	--	3	8139	中性盘
14:38:51	27.13	-0.01	34	92242	卖盘
14:38:48	27.14	0.01	11	29854	买盘
14:38:45	27.13	--	17	46121	卖盘
14:38:42	27.13	--	156	423228	卖盘
14:38:39	27.13	-0.01	3	8139	卖盘
14:38:36	27.14	--	33	89562	买盘
14:38:33	27.14	--	3	8142	买盘
14:38:30	27.14	--	9	24426	买盘
14:38:24	27.14	--	39	105846	卖盘
14:38:18	27.14	--	5	13570	卖盘
14:38:15	27.14	--	20	54280	卖盘
14:38:12	27.14	--	6	16284	卖盘
14:38:06	27.14	-0.01	13	35282	卖盘
14:38:03	27.15	0.01	2	5430	买盘
14:38:00	27.14	--	15	40710	卖盘
14:37:57	27.14	-0.01	10	27140	卖盘
14:37:54	27.15	--	18	48870	买盘
14:37:51	27.15	--	3	8145	买盘
14:37:45	27.15	0.01	6	16290	买盘
14:37:42	27.14	-0.01	2	5428	卖盘
14:37:39	27.15	--	10	27150	买盘
14:37:36	27.15	--	21	57015	买盘
14:37:33	27.15	-0.01	8	21720	中性盘
14:37:30	27.16	--	20	54320	卖盘
14:37:27	27.16	0.01	126	342216	买盘
14:37:24	27.15	0.01	2	5430	卖盘
14:37:21	27.14	-0.01	125	339250	卖盘
14:37:18	27.15	-0.01	10	27150	卖盘
14:37:12	27.16	0.01	74	200984	买盘
14:37:09	27.15	-0.01	3	8145	卖盘
14:37:06	27.16	0.01	1	2716	买盘
14:37:03	27.15	-0.01	3	8145	卖盘
14:36:57	27.16	0.01	7	19012	买盘
14:36:54	27.15	-0.01	16	43440	卖盘
14:36:51	27.16	0.01	29	78764	买盘
14:36:45	27.15	--	49	133035	买盘
14:36:42	27.15	--	8	21720	卖盘
14:36:39	27.15	--	3	8145	买盘
14:36:33	27.15	--	13	35295	买盘
14:36:30	27.15	--	10	27150	买盘
14:36:27	27.15	-0.01	14	38010	卖盘
14:36:24	27.16	0.01	11	29876	买盘
14:36:21	27.15	--	20	54300	卖盘
14:36:18	27.15	-0.01	10	27150	卖盘
14:36:15	27.16	0.01	24	65184	买盘
14:36:12	27.15	--	127	344805	买盘
14:36:09	27.15	--	3	8145	买盘
14:36:06	27.15	--	3	8145	买盘
14:36:03	27.15	--	10	27150	买盘
14:36:00	27.15	--	10	27150	买盘
14:35:57	27.15	--	5	13575	买盘
14:35:51	27.15	-0.01	60	162900	卖盘
14:35:48	27.16	--	15	40740	买盘
14:35:45	27.16	0.01	54	146664	买盘
14:35:42	27.15	--	37	100455	卖盘
14:35:39	27.15	--	32	86880	卖盘
14:35:36	27.15	--	2	5430	卖盘
14:35:30	27.15	--	115	312225	买盘
14:35:15	27.15	0.03	37	100455	买盘
14:35:12	27.12	-0.03	83	225096	卖盘
14:35:09	27.15	--	9	24435	买盘
14:35:06	27.15	0.02	11	29865	买盘
14:35:03	27.13	--	24	65112	卖盘
14:35:00	27.13	--	7	18991	卖盘
14:34:57	27.13	-0.02	1	2713	中性盘
14:34:54	27.15	--	68	184620	买盘
14:34:51	27.15	0.03	38	103170	买盘
14:34:48	27.12	--	7	18984	卖盘
14:34:39	27.12	--	5	13560	卖盘
14:34:36	27.12	--	5	13560	卖盘
14:34:33	27.12	-0.03	43	116616	卖盘
14:34:30	27.15	0.03	156	423540	买盘
14:34:27	27.12	--	22	59664	卖盘
14:34:24	27.12	--	18	48816	卖盘
14:34:21	27.12	--	8	21696	卖盘
14:34:15	27.12	--	26	70512	卖盘
14:34:12	27.12	-0.02	1	2712	卖盘
14:34:09	27.14	0.02	315	854910	买盘
14:34:06	27.12	0.01	82	222384	买盘
14:34:03	27.11	-0.01	14	37954	卖盘
14:34:00	27.12	--	17	46104	买盘
14:33:57	27.12	--	11	29832	卖盘
14:33:54	27.12	-0.01	54	146448	卖盘
14:33:51	27.13	0.01	16	43408	买盘
14:33:45	27.12	--	5	13560	卖盘
14:33:42	27.12	-0.01	4	10848	卖盘
14:33:39	27.13	0.01	15	40695	买盘
14:33:33	27.12	--	5	13560	卖盘
14:33:30	27.12	--	10	27120	卖盘
14:33:27	27.12	--	6	16272	卖盘
14:33:24	27.12	--	5	13560	卖盘
14:33:21	27.12	--	25	67800	卖盘
14:33:18	27.12	-0.01	24	65088	卖盘
14:33:15	27.13	0.01	19	51547	买盘
14:33:09	27.12	0.01	1	2712	中性盘
14:33:03	27.11	-0.01	93	252123	卖盘
14:33:00	27.12	-0.01	1	2712	卖盘
14:32:57	27.13	0.01	60	162780	买盘
14:32:54	27.12	--	25	67800	卖盘
14:32:51	27.12	--	67	181704	卖盘
14:32:48	27.12	--	17	46104	卖盘
14:32:45	27.12	-0.01	3	8136	卖盘
14:32:42	27.13	0.01	2	5426	买盘
14:32:39	27.12	-0.01	23	62376	卖盘
14:32:36	27.13	--	13	35269	买盘
14:32:30	27.13	-0.01	29	78677	卖盘
14:32:27	27.14	0.01	6	16284	买盘
14:32:24	27.13	--	8	21704	卖盘
14:32:21	27.13	--	20	54260	买盘
14:32:15	27.13	-0.01	7	18991	卖盘
14:32:12	27.14	0.01	5	13570	买盘
14:32:09	27.13	-0.01	20	54260	卖盘
14:32:06	27.14	0.01	5	13570	买盘
14:32:03	27.13	-0.01	8	21704	卖盘
14:32:00	27.14	--	2	5428	买盘
14:31:57	27.14	-0.01	7	18998	买盘
14:31:54	27.15	0.01	5	13575	买盘
14:31:51	27.14	--	20	54280	买盘
14:31:48	27.14	-0.01	42	113988	卖盘
14:31:39	27.15	0.01	5	13575	买盘
14:31:33	27.14	--	83	225262	卖盘
14:31:30	27.14	-0.01	6	16284	卖盘
14:31:27	27.15	0.01	7	19005	买盘
14:31:18	27.14	--	10	27140	卖盘
14:31:15	27.14	-0.01	6	16284	卖盘
14:31:12	27.15	0.01	1	2715	买盘
14:31:09	27.14	-0.01	3	8142	卖盘
14:31:06	27.15	--	50	135750	买盘
14:31:03	27.15	--	10	27150	买盘
14:31:00	27.15	--	31	84165	买盘
14:30:57	27.15	0.01	7	19005	买盘
14:30:54	27.14	-0.01	8	21712	卖盘
14:30:51	27.15	--	17	46155	买盘
14:30:48	27.15	--	23	62445	买盘
14:30:45	27.15	0.01	6	16290	买盘
14:30:42	27.14	-0.01	14	37996	卖盘
14:30:39	27.15	--	11	29865	卖盘
14:30:36	27.15	--	3	8145	卖盘
14:30:30	27.15	--	25	67875	卖盘
14:30:24	27.15	0.01	125	339375	买盘
14:30:18	27.14	-0.01	22	59708	卖盘
14:30:15	27.15	--	57	154755	买盘
14:30:12	27.15	--	26	70590	买盘
14:30:09	27.15	0.01	7	19005	买盘
14:30:06	27.14	-0.01	12	32568	卖盘
14:30:03	27.15	0.01	61	165615	买盘
14:30:00	27.14	-0.01	126	341964	卖盘
14:29:54	27.15	0.01	5	13575	买盘
14:29:51	27.14	-0.01	9	24426	卖盘
14:29:48	27.15	0.01	35	95025	买盘
14:29:42	27.14	--	1	2714	买盘
14:29:39	27.14	--	40	108560	卖盘
14:29:36	27.14	-0.01	20	54280	卖盘
14:29:33	27.15	0.01	3	8145	买盘
14:29:30	27.14	--	12	32568	买盘
14:29:27	27.14	0.01	89	241546	买盘
14:29:24	27.13	-0.01	8	21704	卖盘
14:29:21	27.14	0.01	16	43424	买盘
14:29:18	27.13	--	5	13565	卖盘
14:29:12	27.13	--	33	89529	买盘
14:29:09	27.13	--	1	2713	买盘
14:29:06	27.13	--	6	16278	买盘
14:29:03	27.13	-0.01	16	43408	卖盘
14:29:00	27.14	0.01	9	24426	买盘
14:28:57	27.13	--	1	2713	买盘
14:28:54	27.13	-0.01	5	13565	中性盘
14:28:51	27.14	0.02	3	8142	买盘
14:28:48	27.12	-0.02	8	21696	卖盘
14:28:39	27.14	0.02	2	5428	买盘
14:28:36	27.12	0.02	1	2712	中性盘
14:28:27	27.1	-0.01	2	5420	卖盘
14:28:24	27.11	--	49	132839	买盘
14:28:21	27.11	0.01	3	8133	买盘
14:28:15	27.1	--	22	59620	买盘
14:28:12	27.1	--	17	46070	买盘
14:28:09	27.1	0.01	17	46070	买盘
14:28:06	27.09	--	15	40635	卖盘
14:28:03	27.09	-0.01	59	159831	卖盘
14:28:00	27.1	--	2	5420	买盘
14:27:57	27.1	0.01	17	46070	买盘
14:27:54	27.09	--	28	75852	卖盘
14:27:51	27.09	--	24	65016	卖盘
14:27:45	27.09	--	7	18963	买盘
14:27:42	27.09	--	17	46053	买盘
14:27:39	27.09	0.02	8	21672	买盘
14:27:30	27.07	-0.01	32	86624	卖盘
14:27:27	27.08	0.01	30	81240	买盘
14:27:24	27.07	--	8	21656	买盘
14:27:18	27.07	--	4	10828	买盘
14:27:15	27.07	0.02	12	32484	买盘
14:27:12	27.05	-0.01	10	27050	卖盘
14:27:09	27.06	--	3	8118	卖盘
14:27:06	27.06	--	2	5412	买盘
14:27:03	27.06	0.01	12	32472	买盘
14:27:00	27.05	--	50	135250	卖盘
14:26:57	27.05	--	8	21640	卖盘
14:26:54	27.05	--	10	27050	卖盘
14:26:51	27.05	--	10	27050	卖盘
14:26:48	27.05	--	1	2705	卖盘
14:26:45	27.05	0.02	120	325952	买盘
14:26:42	27.03	--	10	27030	卖盘
14:26:39	27.03	--	12	32436	卖盘
14:26:36	27.03	--	10	27030	卖盘
14:26:33	27.03	--	2	5406	卖盘
14:26:30	27.03	-0.01	53	143259	卖盘
14:26:27	27.04	-0.01	21	56784	中性盘
14:26:24	27.05	0.03	10	27050	买盘
14:26:21	27.02	-0.01	164	443128	卖盘
14:26:15	27.03	--	5	13515	买盘
14:26:09	27.03	-0.02	1	2703	中性盘
14:26:06	27.05	0.02	27	73035	买盘
14:26:03	27.03	-0.01	82	221646	卖盘
14:26:00	27.04	--	31	83824	卖盘
14:25:57	27.04	--	13	35152	卖盘
14:25:54	27.04	0.01	40	108160	买盘
14:25:51	27.03	-0.01	7	18921	卖盘
14:25:48	27.04	--	33	89232	买盘
14:25:45	27.04	--	3	8112	买盘
14:25:42	27.04	-0.01	26	70304	卖盘
14:25:39	27.05	--	15	40575	买盘
14:25:33	27.05	--	21	56805	买盘
14:25:30	27.05	--	16	43280	买盘
14:25:27	27.05	--	20	54100	卖盘
14:25:24	27.05	-0.01	48	129840	卖盘
14:25:21	27.06	0.01	17	46002	买盘
14:25:18	27.05	--	5	13525	卖盘
14:25:15	27.05	-0.01	5	13525	卖盘
14:25:09	27.06	0.01	1	2706	买盘
14:25:06	27.05	-0.01	2	5410	卖盘
14:25:03	27.06	--	22	59532	买盘
14:24:57	27.06	--	7	18942	买盘
14:24:54	27.06	-0.01	22	59532	卖盘
14:24:51	27.07	--	7	18949	买盘
14:24:48	27.07	0.01	26	70382	买盘
14:24:45	27.06	--	3	8118	卖盘
14:24:42	27.06	--	23	62238	卖盘
14:24:39	27.06	--	12	32472	卖盘
14:24:36	27.06	--	28	75768	卖盘
14:24:33	27.06	-0.01	12	32472	卖盘
14:24:30	27.07	--	1	2707	买盘
14:24:27	27.07	--	2	5414	买盘
14:24:24	27.07	--	2	5414	卖盘
14:24:21	27.07	--	10	27070	卖盘
14:24:18	27.07	-0.01	1	2707	卖盘
14:24:15	27.08	0.01	32	86656	买盘
14:24:12	27.07	-0.01	2	5414	卖盘
14:24:09	27.08	--	2	5416	买盘
14:24:06	27.08	--	1	2708	买盘
14:24:03	27.08	--	65	176020	卖盘
14:24:00	27.08	-0.01	8	21664	卖盘
14:23:57	27.09	-0.01	29	78561	买盘
14:23:54	27.1	0.01	33	89430	买盘
14:23:48	27.09	-0.01	18	48762	卖盘
14:23:45	27.1	--	64	173440	买盘
14:23:42	27.1	--	30	81300	买盘
14:23:39	27.1	--	81	219510	卖盘
14:23:36	27.1	-0.01	2	5420	卖盘
14:23:33	27.11	0.01	21	56931	买盘
14:23:27	27.1	--	8	21680	卖盘
14:23:24	27.1	-0.01	13	35230	卖盘
14:23:21	27.11	-0.03	63	170793	卖盘
14:23:18	27.14	--	45	122130	买盘
14:23:15	27.14	-0.02	110	298540	卖盘
14:23:12	27.16	0.01	49	133084	买盘
14:23:09	27.15	--	51	138465	卖盘
14:23:06	27.15	-0.02	4	10860	卖盘
14:23:03	27.17	0.02	35	95095	买盘
14:23:00	27.15	-0.01	14	38010	卖盘
14:22:57	27.16	-0.01	1	2716	中性盘
14:22:54	27.17	0.02	7	19019	买盘
14:22:51	27.15	--	12	32580	卖盘
14:22:48	27.15	--	7	19005	卖盘
14:22:45	27.15	--	12	32580	卖盘
14:22:42	27.15	--	13	35295	卖盘
14:22:39	27.15	-0.01	15	40725	卖盘
14:22:36	27.16	--	2	5432	卖盘
14:22:30	27.16	--	7	19012	买盘
14:22:27	27.16	0.01	7	19012	买盘
14:22:24	27.15	--	7	19005	卖盘
14:22:21	27.15	--	27	73305	卖盘
14:22:15	27.15	--	1	2715	卖盘
14:22:12	27.15	0.01	54	146610	买盘
14:22:09	27.14	-0.01	53	143842	卖盘
14:22:06	27.15	--	17	46155	买盘
14:22:03	27.15	--	6	16290	买盘
14:22:00	27.15	--	10	27150	买盘
14:21:57	27.15	0.01	7	19005	买盘
14:21:54	27.14	--	4	10856	卖盘
14:21:51	27.14	-0.01	29	78706	卖盘
14:21:48	27.15	0.01	7	19005	买盘
14:21:42	27.14	--	15	40710	买盘
14:21:39	27.14	--	9	24426	买盘
14:21:36	27.14	0.01	54	146556	买盘
14:21:33	27.13	-0.01	39	105807	卖盘
14:21:30	27.14	0.01	22	59708	买盘
14:21:27	27.13	-0.01	6	16278	卖盘
14:21:24	27.14	0.01	31	84134	买盘
14:21:18	27.13	--	8	21704	卖盘
14:21:15	27.13	--	2	5426	卖盘
14:21:12	27.13	0.01	43	116659	买盘
14:21:06	27.12	--	1	2712	卖盘
14:21:03	27.12	--	3	8136	卖盘
14:21:00	27.12	--	30	81360	买盘
14:20:57	27.12	0.02	1	2712	买盘
14:20:54	27.1	-0.02	26	70460	卖盘
14:20:48	27.12	0.02	9	24408	买盘
14:20:45	27.1	-0.02	40	108400	卖盘
14:20:36	27.12	0.01	9	24408	买盘
14:20:33	27.11	--	41	111151	买盘
14:20:30	27.11	0.01	9	24399	中性盘
14:20:24	27.1	--	6	16260	卖盘
14:20:21	27.1	-0.01	11	29810	卖盘
14:20:18	27.11	--	9	24399	买盘
14:20:15	27.11	--	14	37954	买盘
14:20:09	27.11	0.01	2	5422	买盘
14:20:03	27.1	--	4	10840	卖盘
14:20:00	27.1	--	100	271731	买盘
14:19:57	27.1	--	3	8130	买盘
14:19:54	27.1	--	11	29810	买盘
14:19:51	27.1	--	14	37940	买盘
14:19:48	27.1	--	45	121950	买盘
14:19:45	27.1	0.01	35	94850	买盘
14:19:39	27.09	-0.01	18	48762	卖盘
14:19:36	27.1	0.01	18	48780	买盘
14:19:33	27.09	-0.01	1	2709	卖盘
14:19:30	27.1	--	6	16260	买盘
14:19:27	27.1	0.01	9	24390	买盘
14:19:24	27.09	--	5	13545	卖盘
14:19:18	27.09	0.01	57	154413	买盘
14:19:12	27.08	--	2	5416	卖盘
14:19:06	27.08	-0.01	5	13540	卖盘
14:19:03	27.09	0.01	2	5418	买盘
14:19:00	27.08	--	28	75824	卖盘
14:18:54	27.08	--	17	46036	卖盘
14:18:51	27.08	-0.01	7	18956	卖盘
14:18:48	27.09	0.01	9	24381	买盘
14:18:42	27.08	--	60	162480	卖盘
14:18:39	27.08	-0.01	7	18956	卖盘
14:18:36	27.09	--	8	21672	买盘
14:18:33	27.09	0.01	6	16254	买盘
14:18:30	27.08	--	31	83948	卖盘
14:18:27	27.08	--	5	13540	卖盘
14:18:24	27.08	--	20	54160	卖盘
14:18:21	27.08	0.01	38	102904	中性盘
14:18:12	27.07	-0.01	140	378980	卖盘
14:18:09	27.08	--	4	10832	卖盘
14:18:06	27.08	--	5	13540	卖盘
14:18:03	27.08	0.01	22	59575	买盘
14:18:00	27.07	-0.01	2	5414	卖盘
14:17:57	27.08	--	43	116443	买盘
14:17:54	27.08	--	20	54160	买盘
14:17:51	27.08	0.01	20	54160	买盘
14:17:48	27.07	-0.01	2	5414	卖盘
14:17:45	27.08	--	8	21664	买盘
14:17:42	27.08	--	1	2708	买盘
14:17:39	27.08	0.01	8	21664	买盘
14:17:36	27.07	--	22	59554	卖盘
14:17:33	27.07	--	6	16242	卖盘
14:17:30	27.07	-0.01	25	67675	卖盘
14:17:27	27.08	0.01	3	8123	买盘
14:17:24	27.07	--	22	59554	卖盘
14:17:18	27.07	-0.01	1	2707	卖盘
14:17:15	27.08	--	11	29787	买盘
14:17:12	27.08	--	2	5416	买盘
14:17:09	27.08	--	5	13540	买盘
14:17:06	27.08	-0.01	51	138108	卖盘
14:17:03	27.09	-0.01	12	32508	卖盘
14:17:00	27.1	--	21	56910	买盘
14:16:57	27.1	--	12	32520	买盘
14:16:48	27.1	0.01	4	10840	买盘
14:16:45	27.09	-0.02	132	357588	卖盘
14:16:42	27.11	0.01	5	13555	中性盘
14:16:39	27.1	--	8	21680	卖盘
14:16:33	27.1	--	2	5420	卖盘
14:16:30	27.1	0.03	7	18970	中性盘
14:16:24	27.07	-0.03	41	110987	卖盘
14:16:21	27.1	--	6	16260	卖盘
14:16:18	27.1	0.01	7	18970	买盘
14:16:15	27.09	0.01	2	5418	买盘
14:16:12	27.08	-0.02	132	357456	卖盘
14:16:09	27.1	--	5	13550	卖盘
14:16:06	27.1	--	28	75880	卖盘
14:16:03	27.1	0.01	68	184280	买盘
14:16:00	27.09	--	1	2709	卖盘
14:15:57	27.09	-0.01	2	5418	卖盘
14:15:51	27.1	--	1	2710	买盘
14:15:48	27.1	-0.04	107	289970	卖盘
14:15:45	27.14	0.04	130	352820	买盘
14:15:42	27.1	-0.03	18	48780	卖盘
14:15:39	27.13	--	26	70538	买盘
14:15:36	27.13	--	5	13565	买盘
14:15:33	27.13	-0.01	13	35269	卖盘
14:15:30	27.14	0.01	10	27140	买盘
14:15:27	27.13	0.02	5	13565	买盘
14:15:24	27.11	-0.02	5	13555	中性盘
14:15:18	27.13	-0.02	9	24417	卖盘
14:15:15	27.15	0.02	2	5430	买盘
14:15:09	27.13	-0.01	14	37982	中性盘
14:15:03	27.14	--	8	21712	卖盘
14:15:00	27.14	0.02	45	122130	买盘
14:14:57	27.12	-0.01	7	18984	卖盘
14:14:51	27.13	0.03	2	5426	中性盘
14:14:39	27.1	--	5	13550	卖盘
14:14:36	27.1	-0.02	10	27100	卖盘
14:14:33	27.12	0.02	22	59664	买盘
14:14:30	27.1	-0.02	7	18970	卖盘
14:14:27	27.12	0.02	2	5424	买盘
14:14:24	27.1	--	4	10840	卖盘
14:14:18	27.1	--	3	8130	卖盘
14:14:15	27.1	--	29	78590	买盘
14:14:09	27.1	--	25	67750	买盘
14:14:06	27.1	--	3	8130	买盘
14:14:03	27.1	--	25	67750	买盘
14:13:54	27.1	--	36	97560	买盘
14:13:51	27.1	--	1	2710	买盘
14:13:48	27.1	--	5	13550	买盘
14:13:45	27.1	0.01	3	8130	买盘
14:13:42	27.09	--	1	2709	卖盘
14:13:36	27.09	--	3	8127	卖盘
14:13:33	27.09	0.01	27	73143	买盘
14:13:30	27.08	0.01	15	40620	买盘
14:13:24	27.07	-0.01	16	43312	卖盘
14:13:21	27.08	--	4	10832	买盘
14:13:18	27.08	--	3	8123	买盘
14:13:15	27.08	--	173	468483	买盘
14:13:12	27.08	0.01	1	2708	买盘
14:13:06	27.07	-0.01	12	32484	卖盘
14:13:00	27.08	--	20	54160	买盘
14:12:57	27.08	0.01	4	10832	买盘
14:12:54	27.07	--	20	54140	卖盘
14:12:51	27.07	--	5	13535	卖盘
14:12:48	27.07	-0.01	8	21656	卖盘
14:12:45	27.08	0.01	9	24372	买盘
14:12:42	27.07	--	8	21656	买盘
14:12:39	27.07	--	3	8121	买盘
14:12:36	27.07	--	22	59554	卖盘
14:12:33	27.07	--	6	16242	卖盘
14:12:30	27.07	--	7	18949	买盘
14:12:27	27.07	--	1	2707	买盘
14:12:24	27.07	--	10	27070	买盘
14:12:21	27.07	--	7	18949	买盘
14:12:18	27.07	--	4	10828	买盘
14:12:15	27.07	0.01	10	27070	买盘
14:12:12	27.06	-0.01	10	27060	卖盘
14:12:09	27.07	0.01	6	16242	买盘
14:12:06	27.06	--	6	16236	买盘
14:12:00	27.06	-0.01	14	37884	卖盘
14:11:57	27.07	0.01	12	32484	买盘
14:11:54	27.06	--	12	32472	卖盘
14:11:51	27.06	--	9	24354	卖盘
14:11:45	27.06	--	3	8118	卖盘
14:11:42	27.06	--	18	48708	卖盘
14:11:39	27.06	--	6	16236	卖盘
14:11:36	27.06	--	27	73062	买盘
14:11:33	27.06	0.01	3	8118	买盘
14:11:30	27.05	--	9	24345	卖盘
14:11:21	27.05	--	62	167710	卖盘
14:11:18	27.05	--	25	67625	卖盘
14:11:15	27.05	-0.01	2	5410	卖盘
14:11:12	27.06	--	1	2706	买盘
14:11:09	27.06	--	7	18942	买盘
14:11:06	27.06	--	4	10824	买盘
14:11:00	27.06	--	1	2706	买盘
14:10:57	27.06	--	6	16236	卖盘
14:10:54	27.06	-0.01	20	54120	卖盘
14:10:51	27.07	0.01	5	13535	买盘
14:10:48	27.06	--	7	18942	卖盘
14:10:45	27.06	--	17	46002	卖盘
14:10:42	27.06	--	8	21648	卖盘
14:10:36	27.06	--	3	8118	卖盘
14:10:33	27.06	-0.01	17	46002	卖盘
14:10:27	27.07	0.01	10	27070	买盘
14:10:24	27.06	--	8	21648	卖盘
14:10:21	27.06	-0.01	3	8118	卖盘
14:10:18	27.07	-0.01	2	5414	卖盘
14:10:09	27.08	--	23	62283	买盘
14:10:06	27.08	--	20	54160	买盘
14:10:03	27.08	--	36	97488	买盘
14:10:00	27.08	-0.01	101	273508	卖盘
14:09:57	27.09	-0.01	7	18963	卖盘
14:09:45	27.1	--	80	216800	卖盘
14:09:42	27.1	-0.02	15	40650	卖盘
14:09:39	27.12	0.02	1	2712	买盘
14:09:36	27.1	--	9	24390	卖盘
14:09:27	27.1	-0.02	36	97560	卖盘
14:09:21	27.12	0.01	6	16272	卖盘
14:09:18	27.11	--	2	5422	买盘
14:09:15	27.11	0.01	1	2711	卖盘
14:09:12	27.1	-0.05	100	271000	卖盘
14:09:09	27.15	0.05	11	29865	买盘
14:09:03	27.1	-0.01	72	195120	卖盘
14:09:00	27.11	-0.01	20	54220	卖盘
14:08:54	27.12	0.01	9	24408	买盘
14:08:51	27.11	-0.01	2	5422	卖盘
14:08:48	27.12	0.01	12	32544	买盘
14:08:42	27.11	-0.01	20	54220	卖盘
14:08:39	27.12	0.01	4	10848	买盘
14:08:36	27.11	--	4	10844	买盘
14:08:33	27.11	--	3	8133	买盘
14:08:30	27.11	-0.01	3	8133	买盘
14:08:27	27.12	--	24	65088	买盘
14:08:21	27.12	0.01	5	13560	买盘
14:08:15	27.11	-0.06	7	18977	中性盘
14:08:12	27.17	--	88	239096	买盘
14:08:06	27.17	--	15	40755	买盘
14:08:03	27.17	0.05	1	2717	买盘
14:08:00	27.12	--	1	2712	卖盘
14:07:57	27.12	-0.05	20	54240	卖盘
14:07:54	27.17	-0.01	1	2717	中性盘
14:07:42	27.18	0.06	13	35334	买盘
14:07:39	27.12	0.02	8	21696	中性盘
14:07:33	27.1	-0.01	71	192410	卖盘
14:07:30	27.11	--	30	81330	卖盘
14:07:27	27.11	0.01	1	2711	卖盘
14:07:21	27.1	-0.01	74	200540	卖盘
14:07:15	27.11	0.01	11	29821	买盘
14:07:12	27.1	-0.01	7	18970	卖盘
14:07:09	27.11	--	5	13555	买盘
14:07:06	27.11	0.01	10	27110	买盘
14:07:00	27.1	-0.01	95	257450	卖盘
14:06:57	27.11	-0.07	5	13555	卖盘
14:06:51	27.18	0.08	1	2718	中性盘
14:06:45	27.1	--	6	16260	卖盘
14:06:42	27.1	-0.01	95	257450	卖盘
14:06:36	27.11	-0.04	118	319898	卖盘
14:06:30	27.15	0.01	4	10860	买盘
14:06:27	27.14	--	10	27140	卖盘
14:06:24	27.14	--	1	2714	卖盘
14:06:03	27.14	-0.04	7	18998	中性盘
14:05:54	27.18	--	3	8154	买盘
14:05:51	27.18	0.06	20	54360	买盘
14:05:48	27.12	--	5	13560	买盘
14:05:42	27.12	-0.08	177	480024	卖盘
14:05:36	27.2	0.06	8	21760	买盘
14:05:30	27.14	-0.05	11	29854	卖盘
14:05:27	27.19	0.04	8	21752	买盘
14:05:24	27.15	-0.05	19	51585	卖盘
14:05:21	27.2	--	30	81600	买盘
14:05:15	27.2	--	11	29920	买盘
14:05:12	27.2	0.01	5	13600	买盘
14:05:09	27.19	--	151	410569	买盘
14:05:06	27.19	-0.01	23	62537	中性盘
14:04:57	27.2	0.01	2	5440	买盘
14:04:51	27.19	-0.01	2	5438	中性盘
14:04:48	27.2	0.05	5	13600	买盘
14:04:45	27.15	-0.06	8	21720	买盘
14:04:42	27.21	-0.01	23	62583	中性盘
14:04:39	27.22	--	260	707720	买盘
14:04:33	27.22	--	12	32664	买盘
14:04:30	27.22	--	37	100714	买盘
14:04:27	27.22	--	10	27220	买盘
14:04:24	27.22	--	50	136100	买盘
14:04:21	27.22	--	13	35386	买盘
14:04:18	27.22	-0.07	137	372914	卖盘
14:04:09	27.29	0.02	14	38206	卖盘
14:04:06	27.27	-0.03	10	27270	卖盘
14:04:03	27.3	0.02	137	374010	买盘
14:03:54	27.28	--	9	24552	卖盘
14:03:51	27.28	--	5	13640	卖盘
14:03:48	27.28	0.06	30	81840	买盘
14:03:45	27.22	--	3	8166	买盘
14:03:42	27.22	-0.01	21	57162	买盘
14:03:39	27.23	0.07	2	5446	卖盘
14:03:36	27.16	-0.09	400	1086400	卖盘
14:03:33	27.25	0.02	39	106275	买盘
14:03:30	27.23	0.03	14	38122	买盘
14:03:27	27.2	0.02	21	57120	买盘
14:03:24	27.18	-0.02	10	27180	卖盘
14:03:21	27.2	-0.02	83	225760	卖盘
14:03:18	27.22	0.02	20	54440	买盘
14:03:12	27.2	--	11	29920	卖盘
14:03:09	27.2	--	5	13600	买盘
14:03:06	27.2	--	25	68000	买盘
14:03:03	27.2	--	7	19040	买盘
14:03:00	27.2	--	16	43520	买盘
14:02:54	27.2	0.02	91	247520	买盘
14:02:48	27.18	--	2	5436	买盘
14:02:45	27.18	--	1	2718	买盘
14:02:39	27.18	0.03	81	220158	买盘
14:02:33	27.15	-0.01	10	27150	中性盘
14:02:27	27.16	0.01	35	95060	买盘
14:02:24	27.15	--	4	10860	买盘
14:02:21	27.15	0.01	5	13575	买盘
14:02:18	27.14	0.01	10	27140	买盘
14:02:15	27.13	--	5	13565	买盘
14:02:06	27.13	0.03	1	2713	买盘
14:02:00	27.1	-0.01	169	457990	卖盘
14:01:57	27.11	-0.01	8	21688	卖盘
14:01:54	27.12	0.01	5	13560	买盘
14:01:45	27.11	--	31	84041	卖盘
14:01:42	27.11	--	28	75908	买盘
14:01:39	27.11	--	17	46087	买盘
14:01:33	27.11	--	19	51509	买盘
14:01:30	27.11	--	5	13555	买盘
14:01:27	27.11	--	14	37954	买盘
14:01:24	27.11	-0.01	13	35243	买盘
14:01:21	27.12	--	26	70512	买盘
14:01:18	27.12	0.01	3	8136	买盘
14:01:15	27.11	--	11	29821	卖盘
14:01:09	27.11	--	39	105729	买盘
14:01:06	27.11	0.02	2	5422	中性盘
14:01:03	27.09	-0.01	13	36083	卖盘
14:01:00	27.1	-0.01	152	411920	卖盘
14:00:57	27.11	0.01	28	75908	买盘
14:00:51	27.1	-0.01	1	2710	卖盘
14:00:48	27.11	0.01	18	48798	买盘
14:00:45	27.1	-0.01	3	8130	卖盘
14:00:39	27.11	--	8	21688	买盘
14:00:36	27.11	0.01	5	13555	买盘
14:00:33	27.1	0.01	1	2710	卖盘
14:00:30	27.09	--	40	108360	卖盘
14:00:27	27.09	--	18	48762	卖盘
14:00:24	27.09	-0.01	32	86688	卖盘
14:00:21	27.1	--	49	132790	买盘
14:00:18	27.1	0.01	19	51490	买盘
14:00:15	27.09	-0.01	40	108360	卖盘
14:00:12	27.1	0.01	70	189700	买盘
14:00:09	27.09	-0.01	21	56889	卖盘
14:00:06	27.1	--	17	46070	买盘
14:00:03	27.1	--	1	2710	买盘
14:00:00	27.1	--	5	13550	买盘
13:59:57	27.1	--	10	27100	买盘
13:59:54	27.1	0.01	58	157180	买盘
13:59:51	27.09	-0.01	220	595980	卖盘
13:59:48	27.1	--	6	16260	买盘
13:59:45	27.1	--	16	43360	买盘
13:59:42	27.1	--	4	10840	买盘
13:59:39	27.1	--	49	132790	买盘
13:59:36	27.1	--	7	18970	买盘
13:59:30	27.1	--	15	40650	买盘
13:59:27	27.1	--	7	18970	买盘
13:59:24	27.1	0.01	10	27100	买盘
13:59:21	27.09	-0.01	34	92106	卖盘
13:59:18	27.1	--	6	16260	买盘
13:59:12	27.1	-0.01	24	65040	卖盘
13:59:09	27.11	0.01	6	16266	买盘
13:59:06	27.1	-0.01	3	8130	卖盘
13:59:00	27.11	0.01	72	195192	买盘
13:58:57	27.1	-0.01	8	21680	卖盘
13:58:54	27.11	0.01	9	24399	买盘
13:58:51	27.1	--	9	24390	卖盘
13:58:48	27.1	--	8	21680	买盘
13:58:45	27.1	--	5	13550	买盘
13:58:42	27.1	--	10	27100	买盘
13:58:39	27.1	--	19	51490	买盘
13:58:36	27.1	-0.01	9	24390	卖盘
13:58:33	27.11	0.01	53	143683	买盘
13:58:30	27.1	-0.01	52	140920	卖盘
13:58:27	27.11	--	38	103018	买盘
13:58:24	27.11	--	13	35243	买盘
13:58:21	27.11	0.01	1	2711	买盘
13:58:18	27.1	-0.01	1	2710	卖盘
13:58:15	27.11	--	4	10844	买盘
13:58:12	27.11	--	9	24399	买盘
13:58:09	27.11	--	12	32532	买盘
13:58:06	27.11	--	6	16266	买盘
13:58:03	27.11	--	39	105729	买盘
13:58:00	27.11	--	52	140972	买盘
13:57:57	27.11	--	14	37954	买盘
13:57:54	27.11	--	54	146394	买盘
13:57:51	27.11	--	82	224145	卖盘
13:57:48	27.11	-0.03	148	401228	卖盘
13:57:45	27.14	--	3	8142	卖盘
13:57:42	27.14	0.01	116	315692	买盘
13:57:39	27.13	--	17	46121	买盘
13:57:36	27.13	--	33	89529	买盘
13:57:33	27.13	--	25	67825	买盘
13:57:30	27.13	-0.01	145	393385	卖盘
13:57:27	27.14	--	15	40710	买盘
13:57:24	27.14	--	11	29854	买盘
13:57:21	27.14	--	13	35282	买盘
13:57:18	27.14	-0.01	34	94121	卖盘
13:57:15	27.15	0.01	15	40725	买盘
13:57:12	27.14	-0.01	152	412528	卖盘
13:57:09	27.15	0.01	25	67875	买盘
13:57:06	27.14	0.03	52	141996	买盘
13:57:00	27.11	--	10	27110	买盘
13:56:57	27.11	--	29	78619	买盘
13:56:54	27.11	--	21	56931	买盘
13:56:51	27.11	--	7	18977	买盘
13:56:48	27.11	--	32	86752	买盘
13:56:45	27.11	--	15	40665	买盘
13:56:42	27.11	--	16	43376	买盘
13:56:39	27.11	--	3	8133	买盘
13:56:36	27.11	--	6	16266	买盘
13:56:33	27.11	--	7	18977	买盘
13:56:30	27.11	0.01	2	5422	买盘
13:56:27	27.1	0.01	15	40650	卖盘
13:56:21	27.09	-0.02	5	13545	卖盘
13:56:18	27.11	0.02	24	65064	买盘
13:56:15	27.09	--	22	59598	卖盘
13:56:12	27.09	-0.01	24	65016	卖盘
13:56:09	27.1	--	32	86720	买盘
13:56:06	27.1	--	81	219510	买盘
13:56:03	27.1	--	8	21680	买盘
13:56:00	27.1	--	3	8130	买盘
13:55:54	27.1	--	2	5420	买盘
13:55:51	27.1	--	15	40650	买盘
13:55:48	27.1	--	4	10840	买盘
13:55:45	27.1	--	20	54200	买盘
13:55:39	27.1	0.01	17	46070	买盘
13:55:36	27.09	-0.01	10	27090	卖盘
13:55:33	27.1	--	5	13550	买盘
13:55:30	27.1	0.01	33	89430	买盘
13:55:21	27.09	-0.01	8	21672	卖盘
13:55:18	27.1	0.01	11	29810	买盘
13:55:15	27.09	-0.01	34	92106	卖盘
13:55:12	27.1	--	42	113820	买盘
13:55:09	27.1	0.01	66	178860	买盘
13:55:06	27.09	-0.01	5	13545	卖盘
13:55:03	27.1	--	18	48780	买盘
13:55:00	27.1	--	88	238480	买盘
13:54:57	27.1	0.01	6	16260	买盘
13:54:54	27.09	-0.01	2	5418	卖盘
13:54:51	27.1	0.01	4	10840	买盘
13:54:39	27.09	--	2	5418	中性盘
13:54:36	27.09	--	1	2709	买盘
13:54:33	27.09	0.01	13	35217	买盘
13:54:30	27.08	-0.01	17	46036	卖盘
13:54:27	27.09	--	10	27090	买盘
13:54:24	27.09	--	47	127323	买盘
13:54:21	27.09	--	15	40635	买盘
13:54:18	27.09	--	10	27090	买盘
13:54:15	27.09	--	1	2709	买盘
13:54:12	27.09	--	10	27090	买盘
13:54:09	27.09	--	44	119196	买盘
13:54:06	27.09	--	8	21672	买盘
13:54:03	27.09	--	8	21672	买盘
13:54:00	27.09	--	1	2709	买盘
13:53:57	27.09	--	8	21672	买盘
13:53:54	27.09	0.01	5	13545	买盘
13:53:51	27.08	--	1	2708	卖盘
13:53:48	27.08	0.01	2	5416	卖盘
13:53:45	27.07	-0.02	52	140764	卖盘
13:53:42	27.09	--	6	16254	买盘
13:53:39	27.09	0.02	55	148995	买盘
13:53:36	27.07	--	53	143471	卖盘
13:53:27	27.07	--	14	37898	卖盘
13:53:24	27.07	0.01	62	167834	买盘
13:53:18	27.06	0.01	24	64944	买盘
13:53:15	27.05	--	70	189350	卖盘
13:53:09	27.05	-0.01	3	8115	卖盘
13:53:06	27.06	0.01	2	5412	买盘
13:53:03	27.05	--	4	10820	卖盘
13:53:00	27.05	--	3	8115	卖盘
13:52:57	27.05	-0.01	12	32460	卖盘
13:52:54	27.06	0.01	2	5412	买盘
13:52:51	27.05	-0.01	2	5410	卖盘
13:52:48	27.06	--	14	37884	买盘
13:52:42	27.06	--	3	8118	买盘
13:52:39	27.06	--	12	32472	买盘
13:52:36	27.06	--	8	21648	买盘
13:52:33	27.06	-0.01	13	35178	卖盘
13:52:30	27.07	0.01	5	13535	买盘
13:52:27	27.06	--	18	48708	卖盘
13:52:24	27.06	-0.01	18	48708	卖盘
13:52:21	27.07	0.01	43	116401	买盘
13:52:15	27.06	--	45	121770	卖盘
13:52:12	27.06	--	3	8118	卖盘
13:52:09	27.06	--	55	148830	卖盘
13:52:06	27.06	--	21	56826	卖盘
13:52:00	27.06	-0.01	17	46002	卖盘
13:51:57	27.07	0.01	81	219267	买盘
13:51:54	27.06	0.01	1	2706	买盘
13:51:51	27.05	-0.01	3	8115	卖盘
13:51:48	27.06	--	11	29766	买盘
13:51:45	27.06	--	26	70356	买盘
13:51:42	27.06	0.01	1	2706	买盘
13:51:39	27.05	-0.01	23	62215	卖盘
13:51:36	27.06	--	14	37884	买盘
13:51:33	27.06	--	10	27060	买盘
13:51:30	27.06	-0.01	18	48708	卖盘
13:51:27	27.07	0.01	1	2707	买盘
13:51:24	27.06	--	18	48708	卖盘
13:51:21	27.06	--	4	10824	卖盘
13:51:18	27.06	-0.01	102	276012	卖盘
13:51:15	27.07	--	1	2707	买盘
13:51:12	27.07	--	10	27070	买盘
13:51:09	27.07	--	2	5414	买盘
13:51:03	27.07	-0.01	14	37898	卖盘
13:51:00	27.08	--	2	5416	买盘
13:50:54	27.08	0.01	97	262676	买盘
13:50:51	27.07	-0.01	3	8121	卖盘
13:50:48	27.08	--	3	8123	买盘
13:50:45	27.08	--	27	73116	买盘
13:50:42	27.08	--	13	35204	买盘
13:50:39	27.08	--	64	173312	买盘
13:50:36	27.08	--	2	5416	买盘
13:50:33	27.08	-0.01	33	89364	卖盘
13:50:30	27.09	--	1	2709	买盘
13:50:27	27.09	0.01	1	2709	买盘
13:50:24	27.08	--	12	32495	卖盘
13:50:18	27.08	--	19	51452	买盘
13:50:15	27.08	--	5	13540	买盘
13:50:12	27.08	--	44	119151	卖盘
13:50:09	27.08	--	60	162480	卖盘
13:50:06	27.08	--	1	2708	卖盘
13:50:03	27.08	--	120	324960	买盘
13:50:00	27.08	--	44	119151	买盘
13:49:57	27.08	--	1	2708	买盘
13:49:54	27.08	--	5	13540	买盘
13:49:51	27.08	--	8	21664	买盘
13:49:48	27.08	-0.01	32	86656	卖盘
13:49:45	27.09	0.01	20	54180	买盘
13:49:42	27.08	--	15	40620	卖盘
13:49:39	27.08	--	1	2708	卖盘
13:49:36	27.08	--	11	29787	卖盘
13:49:33	27.08	--	7	18956	买盘
13:49:30	27.08	--	5	13540	买盘
13:49:27	27.08	--	1	2708	买盘
13:49:24	27.08	--	12	32495	买盘
13:49:21	27.08	--	24	64991	卖盘
13:49:15	27.08	-0.01	45	121859	卖盘
13:49:12	27.09	-0.01	2	5418	中性盘
13:49:09	27.1	0.02	132	357720	买盘
13:49:06	27.08	--	18	48744	买盘
13:49:03	27.08	--	10	27080	买盘
13:49:00	27.08	-0.02	169	457652	卖盘
13:48:54	27.1	--	10	27100	买盘
13:48:51	27.1	--	30	81300	买盘
13:48:48	27.1	0.01	36	97560	买盘
13:48:45	27.09	--	40	110554	卖盘
13:48:42	27.09	-0.01	28	75852	卖盘
13:48:36	27.1	--	7	18970	买盘
13:48:33	27.1	--	66	178860	买盘
13:48:27	27.1	--	9	24390	买盘
13:48:24	27.1	--	28	75880	买盘
13:48:21	27.1	-0.04	63	170730	卖盘
13:48:18	27.14	--	7	18998	买盘
13:48:15	27.14	0.04	36	97704	买盘
13:48:12	27.1	--	39	105690	卖盘
13:48:09	27.1	-0.03	53	143630	卖盘
13:48:03	27.13	0.03	35	94955	买盘
13:48:00	27.1	-0.01	54	146340	卖盘
13:47:57	27.11	0.01	19	51509	买盘
13:47:48	27.1	--	2	5420	卖盘
13:47:45	27.1	--	33	89430	买盘
13:47:42	27.1	--	33	89430	买盘
13:47:39	27.1	--	111	300810	买盘
13:47:36	27.1	--	10	27100	买盘
13:47:33	27.1	0.01	97	262870	买盘
13:47:30	27.09	--	30	81784	卖盘
13:47:27	27.09	-0.01	5	13545	卖盘
13:47:24	27.1	0.01	26	70460	买盘
13:47:21	27.09	0.01	14	37926	卖盘
13:47:18	27.08	-0.01	21	56868	卖盘
13:47:15	27.09	--	21	56889	买盘
13:47:12	27.09	--	11	29799	买盘
13:47:09	27.09	0.01	12	32508	买盘
13:47:06	27.08	--	20	54160	卖盘
13:47:00	27.08	--	6	16247	卖盘
13:46:57	27.08	0.03	2	5416	买盘
13:46:54	27.05	--	17	45985	卖盘
13:46:51	27.05	--	54	146070	卖盘
13:46:48	27.05	--	5	13525	买盘
13:46:45	27.05	--	14	37870	买盘
13:46:42	27.05	-0.03	15	40575	卖盘
13:46:30	27.08	0.04	6	16247	买盘
13:46:27	27.04	0.03	24	64896	买盘
13:46:18	27.01	--	3	8103	卖盘
13:46:15	27.01	0.01	18	48618	买盘
13:46:06	27.0	0.01	272	734400	买盘
13:46:03	26.99	--	11	29689	卖盘
13:46:00	26.99	--	62	167338	买盘
13:45:57	26.99	--	29	78271	买盘
13:45:54	26.99	--	13	35087	买盘
13:45:51	26.99	0.01	8	21592	买盘
13:45:42	26.98	--	12	32376	买盘
13:45:39	26.98	0.01	24	64752	买盘
13:45:33	26.97	-0.01	8	21576	卖盘
13:45:30	26.98	0.03	13	35074	买盘
13:45:27	26.95	--	15	40425	卖盘
13:45:21	26.95	-0.02	26	70070	卖盘
13:45:18	26.97	--	25	67425	买盘
13:45:15	26.97	0.02	3	8091	中性盘
13:45:12	26.95	--	30	80850	卖盘
13:45:09	26.95	--	18	48510	卖盘
13:45:06	26.95	--	52	140140	买盘
13:45:00	26.95	--	41	110495	买盘
13:44:57	26.95	--	77	207515	卖盘
13:44:54	26.95	-0.03	15	40425	卖盘
13:44:51	26.98	0.04	32	86336	买盘
13:44:48	26.94	-0.01	178	479532	卖盘
13:44:45	26.95	--	13	35035	买盘
13:44:42	26.95	-0.03	89	239855	卖盘
13:44:36	26.98	0.03	5	13490	买盘
13:44:30	26.95	--	9	24255	卖盘
13:44:27	26.95	--	148	398860	买盘
13:44:24	26.95	--	22	59290	卖盘
13:44:21	26.95	0.02	137	369215	买盘
13:44:18	26.93	--	7	18851	卖盘
13:44:15	26.93	--	38	102334	卖盘
13:44:12	26.93	-0.02	15	40395	卖盘
13:44:09	26.95	0.02	12	32340	买盘
13:44:06	26.93	-0.04	71	191203	卖盘
13:44:00	26.97	0.02	10	26970	买盘
13:43:57	26.95	--	10	26950	买盘
13:43:54	26.95	-0.03	36	97020	卖盘
13:43:51	26.98	-0.01	13	35074	买盘
13:43:48	26.99	0.02	35	94465	买盘
13:43:45	26.97	-0.01	19	51243	卖盘
13:43:42	26.98	--	9	24282	买盘
13:43:39	26.98	-0.02	6	16188	中性盘
13:43:30	27.0	0.01	79	213300	买盘
13:43:27	26.99	-0.01	6	16193	中性盘
13:43:24	27.0	--	17	45900	买盘
13:43:21	27.0	--	16	43200	买盘
13:43:18	27.0	--	58	156600	买盘
13:43:15	27.0	--	46	124200	买盘
13:43:12	27.0	--	6	16200	买盘
13:43:09	27.0	--	68	183600	卖盘
13:43:06	27.0	-0.01	41	110700	卖盘
13:43:03	27.01	--	79	213379	买盘
13:43:00	27.01	0.01	1	2701	买盘
13:42:57	27.0	-0.01	63	170100	卖盘
13:42:54	27.01	--	2	5402	买盘
13:42:51	27.01	-0.02	22	59422	卖盘
13:42:48	27.03	0.02	1	2703	买盘
13:42:45	27.01	-0.04	14	37814	卖盘
13:42:42	27.05	0.02	29	78445	买盘
13:42:39	27.03	-0.01	10	27030	卖盘
13:42:30	27.04	-0.01	30	81120	卖盘
13:42:27	27.05	-0.02	11	29755	卖盘
13:42:24	27.07	--	2	5414	买盘
13:42:18	27.07	-0.03	32	86624	中性盘
13:42:12	27.1	--	74	200540	买盘
13:42:09	27.1	--	35	94850	买盘
13:42:06	27.1	-0.01	67	181570	卖盘
13:42:03	27.11	--	2	5422	买盘
13:41:57	27.11	-0.04	388	1053711	卖盘
13:41:54	27.15	--	17	46155	买盘
13:41:51	27.15	0.01	6	16290	买盘
13:41:45	27.14	-0.01	2	5428	卖盘
13:41:42	27.15	--	11	29865	卖盘
13:41:39	27.15	0.02	18	48870	买盘
13:41:36	27.13	-0.02	39	105807	卖盘
13:41:33	27.15	-0.01	15	40725	卖盘
13:41:30	27.16	0.01	53	143948	买盘
13:41:27	27.15	--	26	71458	买盘
13:41:24	27.15	--	53	143895	买盘
13:41:21	27.15	--	50	135750	买盘
13:41:18	27.15	--	52	141180	卖盘
13:41:15	27.15	--	1	2715	卖盘
13:41:12	27.15	-0.02	4	10860	卖盘
13:41:09	27.17	0.02	102	277134	买盘
13:41:03	27.15	--	36	97740	卖盘
13:41:00	27.15	0.01	30	81450	买盘
13:40:57	27.14	-0.01	1	2714	卖盘
13:40:54	27.15	--	16	43440	买盘
13:40:51	27.15	0.01	34	92310	中性盘
13:40:45	27.14	-0.01	50	135700	卖盘
13:40:39	27.15	--	24	65160	卖盘
13:40:36	27.15	0.01	79	214485	买盘
13:40:33	27.14	--	39	105846	买盘
13:40:30	27.14	-0.01	8	21712	买盘
13:40:27	27.15	--	105	285075	买盘
13:40:24	27.15	--	25	67875	买盘
13:40:21	27.15	--	1	2715	买盘
13:40:18	27.15	-0.01	8	21720	中性盘
13:40:15	27.16	0.04	2	5432	买盘
13:40:12	27.12	-0.03	29	78648	卖盘
13:40:09	27.15	--	9	24435	卖盘
13:40:06	27.15	--	30	81450	卖盘
13:40:03	27.15	0.03	40	108600	买盘
13:39:57	27.12	0.01	24	65088	买盘
13:39:54	27.11	-0.01	12	32532	卖盘
13:39:51	27.12	--	17	46104	买盘
13:39:45	27.12	0.02	20	54240	买盘
13:39:42	27.1	--	19	51490	卖盘
13:39:36	27.1	0.01	40	108400	买盘
13:39:30	27.09	--	10	27090	买盘
13:39:27	27.09	--	18	48762	买盘
13:39:24	27.09	--	3	8127	买盘
13:39:21	27.09	0.01	12	32508	买盘
13:39:12	27.08	0.02	5	13540	买盘
13:39:09	27.06	--	1	2706	卖盘
13:39:03	27.06	--	23	62238	卖盘
13:39:00	27.06	0.03	5	13530	买盘
13:38:57	27.03	0.02	20	54060	卖盘
13:38:51	27.01	-0.01	18	48618	卖盘
13:38:48	27.02	--	7	18914	卖盘
13:38:45	27.02	-0.01	61	164822	卖盘
13:38:39	27.03	0.03	8	21624	买盘
13:38:36	27.0	--	34	91800	卖盘
13:38:33	27.0	--	2	5400	卖盘
13:38:30	27.0	0.01	60	162000	卖盘
13:38:27	26.99	-0.01	29	78271	卖盘
13:38:24	27.0	--	82	221400	买盘
13:38:21	27.0	0.01	58	156600	买盘
13:38:18	26.99	-0.01	73	197027	卖盘
13:38:15	27.0	0.01	15	40500	买盘
13:38:12	26.99	--	21	56679	卖盘
13:38:09	26.99	--	14	37786	卖盘
13:38:06	26.99	-0.01	45	121455	卖盘
13:38:03	27.0	--	25	67500	卖盘
13:38:00	27.0	0.01	24	64800	买盘
13:37:57	26.99	--	22	59378	买盘
13:37:54	26.99	--	73	197027	买盘
13:37:51	26.99	--	228	615372	卖盘
13:37:48	26.99	--	25	67475	卖盘
13:37:45	26.99	-0.01	51	137649	卖盘
13:37:42	27.0	--	119	321300	买盘
13:37:39	27.0	0.01	104	280800	买盘
13:37:36	26.99	0.01	91	245609	买盘
13:37:33	26.98	-0.01	5	13490	卖盘
13:37:30	26.99	--	119	321181	卖盘
13:37:27	26.99	--	11	29689	卖盘
13:37:24	26.99	0.01	83	224017	买盘
13:37:21	26.98	0.01	25	67450	买盘
13:37:18	26.97	-0.02	36	97092	卖盘
13:37:15	26.99	--	147	396753	买盘
13:37:12	26.99	--	2	5398	买盘
13:37:09	26.99	-0.01	34	91766	中性盘
13:37:06	27.0	--	54	145800	买盘
13:37:03	27.0	--	18	48600	买盘
13:37:00	27.0	--	28	75600	买盘
13:36:57	27.0	--	59	159300	买盘
13:36:54	27.0	--	175	472500	卖盘
13:36:51	27.0	--	27	72900	卖盘
13:36:48	27.0	-0.01	55	148500	卖盘
13:36:45	27.01	0.01	62	167462	买盘
13:36:42	27.0	--	174	469800	卖盘
13:36:39	27.0	-0.01	78	210600	卖盘
13:36:36	27.01	--	40	108040	买盘
13:36:33	27.01	--	47	126947	买盘
13:36:30	27.01	0.01	61	164761	卖盘
13:36:27	27.0	-0.01	198	534600	卖盘
13:36:24	27.01	-0.01	84	226884	卖盘
13:36:21	27.02	-0.01	64	172928	卖盘
13:36:18	27.03	-0.02	3	8109	卖盘
13:36:15	27.05	0.01	4	10820	买盘
13:36:12	27.04	-0.02	4	10816	卖盘
13:36:09	27.06	--	27	73062	买盘
13:36:06	27.06	0.01	9	24354	中性盘
13:36:03	27.05	-0.02	14	37870	卖盘
13:36:00	27.07	-0.01	20	54140	买盘
13:35:57	27.08	0.02	82	222056	中性盘
13:35:54	27.06	-0.04	21	56826	卖盘
13:35:51	27.1	0.01	14	37940	买盘
13:35:48	27.09	-0.01	2	5418	中性盘
13:35:45	27.1	0.01	83	224930	买盘
13:35:42	27.09	-0.02	37	100233	卖盘
13:35:39	27.11	0.01	29	78619	中性盘
13:35:33	27.1	--	50	135500	卖盘
13:35:30	27.1	-0.06	105	284550	卖盘
13:35:24	27.16	0.02	110	298760	买盘
13:35:21	27.14	--	2	5428	买盘
13:35:18	27.14	-0.01	30	81420	卖盘
13:35:15	27.15	-0.01	42	114030	卖盘
13:35:12	27.16	--	56	152096	卖盘
13:35:09	27.16	-0.01	26	70616	卖盘
13:35:06	27.17	--	1	2717	买盘
13:35:03	27.17	--	15	40755	卖盘
13:35:00	27.17	-0.02	10	27170	卖盘
13:34:57	27.19	0.01	65	176735	买盘
13:34:54	27.18	--	2	5436	卖盘
13:34:51	27.18	-0.01	34	92412	卖盘
13:34:48	27.19	--	10	27190	卖盘
13:34:45	27.19	-0.01	3	8157	卖盘
13:34:42	27.2	--	4	10880	买盘
13:34:39	27.2	--	79	214880	买盘
13:34:36	27.2	-0.01	739	2010080	卖盘
13:34:33	27.21	--	10	27210	卖盘
13:34:30	27.21	-0.01	11	29931	卖盘
13:34:27	27.22	-0.01	31	84382	买盘
13:34:24	27.23	--	8	21784	卖盘
13:34:21	27.23	0.01	64	174272	中性盘
13:34:18	27.22	--	1	2722	卖盘
13:34:15	27.22	--	64	174208	卖盘
13:34:12	27.22	--	1	2722	卖盘
13:34:09	27.22	-0.01	15	41809	卖盘
13:34:06	27.23	--	5	13615	买盘
13:34:03	27.23	-0.01	30	81690	卖盘
13:34:00	27.24	--	50	136200	卖盘
13:33:57	27.24	-0.01	6	16343	卖盘
13:33:51	27.25	--	31	84475	买盘
13:33:45	27.25	-0.02	63	171675	卖盘
13:33:42	27.27	-0.02	36	98172	卖盘
13:33:36	27.29	0.01	66	180114	买盘
13:33:30	27.28	-0.02	32	87296	卖盘
13:33:24	27.3	--	3	8190	买盘
13:33:21	27.3	--	25	68250	买盘
13:33:18	27.3	--	5	13650	买盘
13:33:15	27.3	-0.05	264	720720	卖盘
13:33:09	27.35	--	15	41025	卖盘
13:33:06	27.35	0.03	60	164100	买盘
13:32:57	27.32	-0.02	1	2732	卖盘
13:32:54	27.34	0.02	35	95690	买盘
13:32:51	27.32	-0.01	13	35516	卖盘
13:32:48	27.33	-0.01	10	27330	中性盘
13:32:45	27.34	0.01	13	35542	买盘
13:32:42	27.33	-0.02	1	2733	卖盘
13:32:36	27.35	0.01	32	87520	买盘
13:32:33	27.34	-0.01	8	21872	买盘
13:32:30	27.35	--	34	92990	买盘
13:32:27	27.35	0.02	4	10940	买盘
13:32:24	27.33	-0.02	7	19131	卖盘
13:32:21	27.35	--	8	21880	买盘
13:32:15	27.35	0.03	3	8205	买盘
13:32:09	27.32	--	3	8196	卖盘
13:32:06	27.32	--	10	27320	卖盘
13:32:03	27.32	--	33	90156	卖盘
13:32:00	27.32	--	16	43712	买盘
13:31:48	27.32	0.02	4	10928	买盘
13:31:42	27.3	-0.02	95	259350	卖盘
13:31:39	27.32	0.02	1	2732	中性盘
13:31:36	27.3	--	20	54600	卖盘
13:31:33	27.3	--	30	81900	卖盘
13:31:30	27.3	-0.02	7	19110	卖盘
13:31:27	27.32	--	34	92888	买盘
13:31:21	27.32	--	6	16392	买盘
13:31:15	27.32	0.02	50	136600	买盘
13:31:03	27.3	0.01	1	2730	卖盘
13:31:00	27.29	-0.01	40	109160	卖盘
13:30:57	27.3	--	17	46410	买盘
13:30:54	27.3	--	12	32760	买盘
13:30:51	27.3	--	32	87360	买盘
13:30:48	27.3	--	2	5460	买盘
13:30:42	27.3	--	20	54600	买盘
13:30:39	27.3	0.01	5	13650	买盘
13:30:33	27.29	-0.01	5	13645	中性盘
13:30:24	27.3	0.03	7	19110	买盘
13:30:18	27.27	-0.01	26	70902	卖盘
13:30:15	27.28	--	75	204600	买盘
13:30:12	27.28	--	1	2728	买盘
13:30:09	27.28	0.01	3	8184	买盘
13:30:06	27.27	-0.01	63	171801	卖盘
13:30:03	27.28	0.01	5	13640	买盘
13:29:57	27.27	--	29	80146	买盘
13:29:54	27.27	0.01	13	35451	买盘
13:29:51	27.26	-0.01	12	32712	卖盘
13:29:48	27.27	0.01	5	13635	买盘
13:29:45	27.26	-0.01	1	2726	卖盘
13:29:39	27.27	0.01	5	13635	买盘
13:29:36	27.26	--	1	2726	买盘
13:29:33	27.26	--	10	27260	买盘
13:29:27	27.26	0.02	10	27260	买盘
13:29:21	27.24	-0.01	15	40860	卖盘
13:29:18	27.25	0.01	2	5450	买盘
13:29:15	27.24	-0.01	4	10896	卖盘
13:29:09	27.25	0.02	16	43600	买盘
13:29:06	27.23	--	4	10892	卖盘
13:28:57	27.23	0.01	16	43568	买盘
13:28:54	27.22	--	52	141544	买盘
13:28:51	27.22	-0.01	162	440964	卖盘
13:28:48	27.23	--	32	87136	买盘
13:28:45	27.23	--	69	187887	买盘
13:28:42	27.23	--	5	13615	买盘
13:28:39	27.23	--	32	87136	买盘
13:28:36	27.23	--	6	16338	买盘
13:28:33	27.23	--	1	2723	买盘
13:28:30	27.23	0.01	7	19061	买盘
13:28:27	27.22	-0.01	25	68050	卖盘
13:28:24	27.23	0.01	10	27230	买盘
13:28:21	27.22	--	1	2722	卖盘
13:28:18	27.22	-0.01	3	8166	卖盘
13:28:15	27.23	0.01	56	152488	买盘
13:28:12	27.22	--	19	51718	卖盘
13:28:09	27.22	--	60	163320	卖盘
13:28:06	27.22	--	51	138822	卖盘
13:28:03	27.22	--	13	35386	卖盘
13:28:00	27.22	--	1	2722	卖盘
13:27:57	27.22	--	13	35386	买盘
13:27:54	27.22	--	33	89826	买盘
13:27:51	27.22	--	126	342972	买盘
13:27:48	27.22	--	5	13610	买盘
13:27:45	27.22	--	41	111602	买盘
13:27:42	27.22	0.01	32	87104	买盘
13:27:39	27.21	--	9	24489	卖盘
13:27:36	27.21	--	13	35373	卖盘
13:27:33	27.21	-0.01	11	29931	卖盘
13:27:30	27.22	--	6	16332	买盘
13:27:27	27.22	--	10	27220	买盘
13:27:21	27.22	--	9	24498	买盘
13:27:18	27.22	0.01	75	204150	买盘
13:27:15	27.21	--	8	21768	卖盘
13:27:12	27.21	-0.01	5	13605	卖盘
13:27:06	27.22	--	7	19054	买盘
13:27:03	27.22	--	9	24498	买盘
13:26:57	27.22	--	4	10888	卖盘
13:26:54	27.22	--	25	68050	卖盘
13:26:51	27.22	--	30	81660	卖盘
13:26:48	27.22	-0.01	4	10888	卖盘
13:26:45	27.23	--	81	220563	买盘
13:26:42	27.23	--	6	16338	买盘
13:26:39	27.23	--	28	76244	卖盘
13:26:36	27.23	-0.01	5	13615	卖盘
13:26:33	27.24	--	9	24516	买盘
13:26:30	27.24	--	8	21792	买盘
13:26:27	27.24	--	9	24516	买盘
13:26:24	27.24	-0.01	2	5448	中性盘
13:26:21	27.25	0.01	19	51775	买盘
13:26:15	27.24	--	27	73548	卖盘
13:26:09	27.24	--	17	46308	卖盘
13:26:06	27.24	-0.01	14	38136	卖盘
13:26:03	27.25	--	1	2725	买盘
13:26:00	27.25	--	36	98100	卖盘
13:25:57	27.25	--	200	545000	卖盘
13:25:54	27.25	-0.01	30	81750	卖盘
13:25:51	27.26	0.01	43	117218	买盘
13:25:48	27.25	--	38	103550	卖盘
13:25:45	27.25	-0.01	3	8175	卖盘
13:25:42	27.26	--	29	79054	买盘
13:25:39	27.26	--	4	10904	买盘
13:25:36	27.26	--	1	2726	买盘
13:25:33	27.26	-0.01	35	95410	卖盘
13:25:30	27.27	0.01	7	19089	买盘
13:25:27	27.26	--	62	169012	卖盘
13:25:24	27.26	--	8	21808	卖盘
13:25:21	27.26	--	28	76328	卖盘
13:25:18	27.26	--	7	19082	卖盘
13:25:15	27.26	-0.01	7	19082	卖盘
13:25:12	27.27	--	65	177255	买盘
13:25:09	27.27	--	19	51813	买盘
13:25:06	27.27	0.01	7	19089	买盘
13:25:03	27.26	--	5	13630	卖盘
13:25:00	27.26	-0.01	5	13630	卖盘
13:24:57	27.27	--	17	46359	买盘
13:24:54	27.27	0.01	8	21816	买盘
13:24:51	27.26	--	36	98136	卖盘
13:24:48	27.26	-0.01	1	2726	卖盘
13:24:45	27.27	--	1	2727	买盘
13:24:42	27.27	--	72	198007	卖盘
13:24:39	27.27	--	38	103626	卖盘
13:24:36	27.27	-0.01	5	13635	卖盘
13:24:33	27.28	0.01	6	16368	买盘
13:24:30	27.27	--	7	19089	卖盘
13:24:27	27.27	-0.01	9	24543	卖盘
13:24:24	27.28	--	1	2728	买盘
13:24:21	27.28	0.01	17	46376	买盘
13:24:18	27.27	--	21	57267	卖盘
13:24:15	27.27	--	27	73629	卖盘
13:24:09	27.27	--	285	778258	买盘
13:24:06	27.27	--	34	92718	买盘
13:24:00	27.27	-0.01	19	51813	卖盘
13:23:57	27.28	--	6	16368	买盘
13:23:54	27.28	--	2	5456	买盘
13:23:51	27.28	--	7	19096	买盘
13:23:48	27.28	0.01	52	141856	买盘
13:23:45	27.27	-0.01	7	19089	卖盘
13:23:39	27.28	0.01	30	81840	买盘
13:23:36	27.27	--	4	10908	卖盘
13:23:33	27.27	-0.01	4	10908	卖盘
13:23:30	27.28	--	12	32736	买盘
13:23:27	27.28	-0.02	89	242792	卖盘
13:23:24	27.3	0.01	6	16380	买盘
13:23:21	27.29	--	4	10916	卖盘
13:23:18	27.29	0.01	23	62767	中性盘
13:23:15	27.28	-0.02	119	324632	卖盘
13:23:12	27.3	0.02	68	185640	买盘
13:23:09	27.28	--	2	5456	卖盘
13:23:06	27.28	-0.02	5	13640	卖盘
13:23:03	27.3	--	1	2730	中性盘
13:23:00	27.3	0.01	104	283920	买盘
13:22:57	27.29	--	33	90057	买盘
13:22:54	27.29	--	17	46393	买盘
13:22:51	27.29	--	20	54580	卖盘
13:22:48	27.29	-0.01	1	2729	卖盘
13:22:45	27.3	--	56	152880	买盘
13:22:42	27.3	--	4	10920	买盘
13:22:39	27.3	--	1	2730	买盘
13:22:36	27.3	--	44	120120	买盘
13:22:33	27.3	-0.01	90	245700	卖盘
13:22:30	27.31	-0.01	1	2731	买盘
13:22:18	27.32	--	7	19124	买盘
13:22:15	27.32	--	15	40980	买盘
13:22:12	27.32	0.01	36	98352	买盘
13:22:09	27.31	-0.01	5	13655	中性盘
13:22:03	27.32	0.02	15	40980	买盘
13:22:00	27.3	-0.01	26	70980	卖盘
13:21:57	27.31	--	7	19117	买盘
13:21:54	27.31	0.01	6	16386	中性盘
13:21:51	27.3	-0.01	104	283920	卖盘
13:21:48	27.31	-0.01	3	8193	卖盘
13:21:45	27.32	0.02	32	87424	买盘
13:21:42	27.3	--	8	21840	卖盘
13:21:33	27.3	--	28	76440	卖盘
13:21:30	27.3	--	10	27300	卖盘
13:21:27	27.3	-0.01	24	65520	卖盘
13:21:24	27.31	--	47	128357	卖盘
13:21:21	27.31	--	26	71006	买盘
13:21:18	27.31	--	10	27310	买盘
13:21:15	27.31	0.01	16	43696	买盘
13:21:09	27.3	--	19	51870	卖盘
13:21:06	27.3	-0.01	6	16380	卖盘
13:21:03	27.31	0.01	249	680019	买盘
13:21:00	27.3	0.01	16	43680	买盘
13:20:57	27.29	-0.01	46	125534	卖盘
13:20:54	27.3	--	28	76440	买盘
13:20:51	27.3	--	20	54600	买盘
13:20:48	27.3	--	1	2730	买盘
13:20:45	27.3	--	13	35490	买盘
13:20:42	27.3	--	20	54600	买盘
13:20:39	27.3	--	3	8190	卖盘
13:20:36	27.3	--	21	57330	卖盘
13:20:33	27.3	-0.01	28	76440	卖盘
13:20:30	27.31	0.01	29	79199	买盘
13:20:27	27.3	-0.01	1	2730	卖盘
13:20:24	27.31	0.01	8	21848	买盘
13:20:18	27.3	--	39	106470	买盘
13:20:15	27.3	--	1	2730	买盘
13:20:12	27.3	--	10	27300	卖盘
13:20:09	27.3	-0.01	3	8190	卖盘
13:20:06	27.31	0.01	2	5462	买盘
13:20:03	27.3	--	30	81900	卖盘
13:20:00	27.3	-0.01	10	27300	卖盘
13:19:57	27.31	--	7	19117	买盘
13:19:54	27.31	0.01	3	8193	买盘
13:19:51	27.3	--	12	32760	卖盘
13:19:48	27.3	--	16	43680	卖盘
13:19:45	27.3	--	11	30030	卖盘
13:19:42	27.3	--	4	10920	卖盘
13:19:39	27.3	--	21	57330	卖盘
13:19:36	27.3	-0.01	4	10920	卖盘
13:19:33	27.31	--	1	2731	卖盘
13:19:30	27.31	--	25	68275	买盘
13:19:27	27.31	0.01	4	10924	买盘
13:19:24	27.3	--	69	188370	卖盘
13:19:21	27.3	-0.01	2	5460	卖盘
13:19:15	27.31	--	2	5462	买盘
13:19:12	27.31	--	12	32772	买盘
13:19:09	27.31	-0.01	33	90123	卖盘
13:19:06	27.32	0.01	14	38248	买盘
13:19:03	27.31	-0.01	6	16386	卖盘
13:19:00	27.32	--	23	62836	买盘
13:18:57	27.32	--	2	5464	买盘
13:18:51	27.32	-0.03	59	161188	卖盘
13:18:48	27.35	0.02	9	24615	买盘
13:18:45	27.33	-0.02	1	2733	中性盘
13:18:42	27.35	0.02	33	90255	买盘
13:18:39	27.33	-0.02	16	43728	卖盘
13:18:36	27.35	--	5	13675	买盘
13:18:27	27.35	0.02	2	5470	买盘
13:18:24	27.33	-0.02	12	32796	卖盘
13:18:21	27.35	--	30	82050	卖盘
13:18:18	27.35	--	12	32820	卖盘
13:18:09	27.35	-0.02	3	8205	卖盘
13:18:00	27.37	-0.01	4	10948	买盘
13:17:57	27.38	--	4	10952	买盘
13:17:54	27.38	-0.01	177	484626	卖盘
13:17:48	27.39	--	7	19173	卖盘
13:17:45	27.39	--	2	5478	卖盘
13:17:39	27.39	-0.01	13	35607	卖盘
13:17:36	27.4	0.01	6	16440	买盘
13:17:33	27.39	--	3	8217	卖盘
13:17:24	27.39	--	3	8217	卖盘
13:17:15	27.39	0.01	17	46563	买盘
13:17:12	27.38	-0.01	10	27380	买盘
13:17:09	27.39	--	8	21912	买盘
13:17:06	27.39	--	15	41085	买盘
13:17:03	27.39	--	78	213642	买盘
13:17:00	27.39	--	13	35607	买盘
13:16:57	27.39	--	16	43824	买盘
13:16:54	27.39	--	24	65736	买盘
13:16:51	27.39	0.01	7	19173	买盘
13:16:48	27.38	--	22	60236	卖盘
13:16:39	27.38	--	7	19166	买盘
13:16:36	27.38	--	32	87616	卖盘
13:16:33	27.38	--	27	73926	买盘
13:16:30	27.38	--	18	49284	买盘
13:16:27	27.38	--	3	8214	买盘
13:16:24	27.38	0.01	11	30118	买盘
13:16:21	27.37	--	3	8211	卖盘
13:16:18	27.37	-0.01	5	13685	卖盘
13:16:15	27.38	0.01	4	10952	买盘
13:16:12	27.37	-0.01	1	2737	中性盘
13:16:06	27.38	0.01	58	158804	买盘
13:16:00	27.37	0.01	1	2737	买盘
13:15:57	27.36	--	3	8208	中性盘
13:15:54	27.36	--	28	76608	买盘
13:15:48	27.36	0.01	2	5472	买盘
13:15:45	27.35	--	11	30085	卖盘
13:15:42	27.35	--	18	49230	卖盘
13:15:39	27.35	-0.01	26	71110	卖盘
13:15:33	27.36	--	25	68400	买盘
13:15:30	27.36	0.01	34	93024	买盘
13:15:27	27.35	--	26	71110	买盘
13:15:24	27.35	--	22	60170	买盘
13:15:21	27.35	--	7	19145	买盘
13:15:18	27.35	0.01	13	35555	买盘
13:15:15	27.34	-0.01	21	57414	中性盘
13:15:12	27.35	--	15	41025	买盘
13:15:09	27.35	--	9	24615	买盘
13:15:06	27.35	0.03	138	377430	买盘
13:15:00	27.32	-0.03	21	57372	卖盘
13:14:57	27.35	--	27	73845	买盘
13:14:54	27.35	0.01	6	16410	买盘
13:14:42	27.34	0.04	2	5468	买盘
13:14:39	27.3	-0.02	51	139230	卖盘
13:14:33	27.32	0.02	10	27320	买盘
13:14:27	27.3	0.01	68	185640	买盘
13:14:24	27.29	--	37	100973	买盘
13:14:21	27.29	--	10	27290	买盘
13:14:18	27.29	-0.01	28	76412	卖盘
13:14:15	27.3	0.01	42	114660	买盘
13:14:12	27.29	--	2	5458	卖盘
13:14:09	27.29	0.01	1	2729	中性盘
13:14:06	27.28	-0.01	46	125488	卖盘
13:14:03	27.29	--	16	43664	买盘
13:14:00	27.29	0.01	10	27290	买盘
13:13:57	27.28	--	10	27280	卖盘
13:13:54	27.28	--	11	30008	卖盘
13:13:48	27.28	--	4	10912	卖盘
13:13:42	27.28	--	16	43648	买盘
13:13:39	27.28	--	23	62744	买盘
13:13:33	27.28	0.01	9	24552	买盘
13:13:30	27.27	--	2	5454	卖盘
13:13:27	27.27	-0.01	18	49086	中性盘
13:13:24	27.28	0.01	15	40920	买盘
13:13:21	27.27	--	26	70902	中性盘
13:13:18	27.27	--	14	38178	买盘
13:13:15	27.27	--	46	125442	买盘
13:13:12	27.27	-0.01	31	84537	卖盘
13:13:09	27.28	--	32	87296	买盘
13:13:06	27.28	--	20	54560	买盘
13:13:03	27.28	--	6	16368	买盘
13:13:00	27.28	0.01	3	8184	买盘
13:12:54	27.27	-0.01	9	24543	卖盘
13:12:51	27.28	0.01	6	16368	买盘
13:12:48	27.27	--	11	29997	买盘
13:12:45	27.27	--	9	24543	买盘
13:12:42	27.27	-0.01	20	54540	卖盘
13:12:39	27.28	0.01	21	57288	中性盘
13:12:36	27.27	-0.01	23	62721	卖盘
13:12:33	27.28	--	2	5456	卖盘
13:12:30	27.28	0.02	8	21824	买盘
13:12:27	27.26	-0.01	5	13630	卖盘
13:12:24	27.27	0.01	10	27270	买盘
13:12:21	27.26	-0.01	35	95410	卖盘
13:12:18	27.27	0.01	25	68175	中性盘
13:12:12	27.26	-0.01	29	79054	卖盘
13:12:09	27.27	0.01	29	79083	买盘
13:12:06	27.26	-0.01	55	149930	卖盘
13:12:03	27.27	--	11	29997	买盘
13:11:57	27.27	-0.01	4	10908	中性盘
13:11:54	27.28	0.02	8	21824	买盘
13:11:51	27.26	--	16	43616	卖盘
13:11:48	27.26	-0.01	21	57246	卖盘
13:11:45	27.27	--	3	8181	卖盘
13:11:42	27.27	--	0	136	买盘
13:11:39	27.27	--	6	16362	买盘
13:11:36	27.27	--	47	128169	卖盘
13:11:33	27.27	--	1	2727	卖盘
13:11:30	27.27	--	38	103626	卖盘
13:11:27	27.27	--	120	327240	卖盘
13:11:24	27.27	--	11	29997	买盘
13:11:21	27.27	--	4	10908	买盘
13:11:15	27.27	-0.02	11	29997	卖盘
13:11:12	27.29	--	7	19103	买盘
13:11:09	27.29	0.01	58	158282	买盘
13:11:06	27.28	-0.01	76	207328	卖盘
13:11:03	27.29	0.01	19	51851	买盘
13:11:00	27.28	--	29	79112	卖盘
13:10:57	27.28	--	4	10912	卖盘
13:10:54	27.28	-0.01	16	43648	卖盘
13:10:51	27.29	0.01	23	62767	买盘
13:10:48	27.28	0.02	55	150040	买盘
13:10:45	27.26	-0.02	25	68150	卖盘
13:10:42	27.28	--	4	10912	买盘
13:10:39	27.28	-0.01	38	103664	卖盘
13:10:36	27.29	--	16	43664	买盘
13:10:33	27.29	--	7	19103	买盘
13:10:30	27.29	--	2	5458	买盘
13:10:24	27.29	--	24	65496	卖盘
13:10:21	27.29	--	4	10916	卖盘
13:10:18	27.29	-0.01	13	35477	卖盘
13:10:15	27.3	--	9	24570	买盘
13:10:12	27.3	--	10	27300	买盘
13:10:06	27.3	-0.01	13	35490	卖盘
13:10:03	27.31	0.01	33	90123	买盘
13:10:00	27.3	-0.02	50	136500	卖盘
13:09:57	27.32	-0.02	1	2732	中性盘
13:09:54	27.34	0.02	25	68350	买盘
13:09:51	27.32	0.02	2	5464	中性盘
13:09:48	27.3	-0.04	100	273000	卖盘
13:09:45	27.34	--	30	82020	买盘
13:09:42	27.34	--	2	5468	卖盘
13:09:39	27.34	--	5	13670	卖盘
13:09:36	27.34	-0.01	12	32808	卖盘
13:09:33	27.35	--	2	5470	买盘
13:09:30	27.35	--	26	71110	买盘
13:09:24	27.35	-0.01	48	131280	卖盘
13:09:18	27.36	0.01	5	13680	买盘
13:09:15	27.35	-0.01	3	8205	卖盘
13:09:09	27.36	--	1	2736	卖盘
13:09:06	27.36	--	16	43776	卖盘
13:09:03	27.36	--	21	57456	卖盘
13:09:00	27.36	--	5	13680	卖盘
13:08:54	27.36	-0.01	15	41040	卖盘
13:08:51	27.37	--	1	2737	卖盘
13:08:48	27.37	-0.01	12	32844	卖盘
13:08:45	27.38	--	30	82140	买盘
13:08:42	27.38	--	2	5476	买盘
13:08:39	27.38	--	6	16428	买盘
13:08:36	27.38	--	19	52022	卖盘
13:08:30	27.38	--	17	46546	卖盘
13:08:24	27.38	--	86	235468	卖盘
13:08:21	27.38	-0.01	9	24642	卖盘
13:08:18	27.39	0.01	41	112299	买盘
13:08:15	27.38	--	13	35594	卖盘
13:08:12	27.38	--	53	145114	卖盘
13:08:09	27.38	--	6	16428	卖盘
13:08:06	27.38	--	21	57498	卖盘
13:08:03	27.38	-0.01	14	38332	卖盘
13:08:00	27.39	--	6	16434	买盘
13:07:57	27.39	--	3	8217	买盘
13:07:54	27.39	--	30	82170	买盘
13:07:51	27.39	-0.01	20	54780	卖盘
13:07:48	27.4	--	1	2740	买盘
13:07:42	27.4	--	15	41100	买盘
13:07:36	27.4	-0.01	1	2740	中性盘
13:07:33	27.41	--	5	13705	买盘
13:07:30	27.41	0.02	17	46597	买盘
13:07:27	27.39	-0.02	129	353331	卖盘
13:07:24	27.41	-0.01	7	19187	卖盘
13:07:21	27.42	--	5	13710	买盘
13:07:12	27.42	0.02	16	43872	买盘
13:07:09	27.4	--	8	21920	卖盘
13:07:03	27.4	-0.02	3	8220	卖盘
13:07:00	27.42	--	10	27420	买盘
13:06:57	27.42	0.02	3	8226	买盘
13:06:54	27.4	-0.02	1	2740	卖盘
13:06:48	27.42	0.02	31	85002	买盘
13:06:45	27.4	-0.01	14	38360	卖盘
13:06:39	27.41	-0.01	4	10964	卖盘
13:06:36	27.42	--	6	16452	买盘
13:06:30	27.42	0.02	3	8226	买盘
13:06:27	27.4	--	5	13700	卖盘
13:06:24	27.4	-0.02	10	27400	卖盘
13:06:21	27.42	--	20	54840	买盘
13:06:09	27.42	0.02	20	54840	买盘
13:06:03	27.4	-0.01	31	84940	卖盘
13:05:57	27.41	--	11	30151	卖盘
13:05:51	27.41	-0.01	18	49338	卖盘
13:05:48	27.42	--	6	16452	买盘
13:05:45	27.42	--	10	27420	买盘
13:05:42	27.42	--	10	27420	买盘
13:05:39	27.42	-0.01	11	30162	中性盘
13:05:24	27.43	0.01	7	19201	买盘
13:05:21	27.42	--	6	16452	买盘
13:05:18	27.42	--	19	52098	买盘
13:05:12	27.42	-0.01	8	21936	卖盘
13:05:06	27.43	0.02	1	2743	买盘
13:05:03	27.41	-0.02	23	63043	卖盘
13:04:57	27.43	--	22	60346	买盘
13:04:51	27.43	0.02	10	27430	买盘
13:04:48	27.41	-0.01	11	30151	买盘
13:04:45	27.42	-0.01	1	2742	中性盘
13:04:42	27.43	0.01	10	27430	买盘
13:04:39	27.42	--	2	5484	买盘
13:04:36	27.42	0.01	12	32904	买盘
13:04:33	27.41	-0.02	40	109640	卖盘
13:04:24	27.43	--	3	8229	买盘
13:04:21	27.43	--	15	41145	买盘
13:04:15	27.43	0.02	9	24687	买盘
13:04:12	27.41	-0.02	3	8223	中性盘
13:04:06	27.43	--	13	35659	买盘
13:04:03	27.43	--	17	46631	买盘
13:04:00	27.43	--	3	8229	买盘
13:03:57	27.43	0.02	12	32916	买盘
13:03:54	27.41	-0.02	1	2741	中性盘
13:03:51	27.43	0.01	12	32916	中性盘
13:03:45	27.42	-0.01	8	21936	中性盘
13:03:42	27.43	-0.01	8	21944	中性盘
13:03:39	27.44	0.02	20	54880	买盘
13:03:36	27.42	-0.01	16	43872	卖盘
13:03:33	27.43	--	6	16458	卖盘
13:03:30	27.43	--	7	19201	卖盘
13:03:27	27.43	0.01	37	101491	买盘
13:03:24	27.42	0.02	2	5484	卖盘
13:03:18	27.4	-0.03	1	2740	卖盘
13:03:15	27.43	0.01	51	139893	买盘
13:03:12	27.42	--	5	13710	买盘
13:03:09	27.42	--	32	87744	买盘
13:03:06	27.42	--	15	41130	买盘
13:02:57	27.42	0.02	2	5484	买盘
13:02:54	27.4	-0.02	15	41100	卖盘
13:02:48	27.42	--	3	8226	卖盘
13:02:45	27.42	--	40	109680	卖盘
13:02:42	27.42	-0.01	5	13710	卖盘
13:02:39	27.43	0.01	2	5486	买盘
13:02:36	27.42	-0.01	2	5484	卖盘
13:02:33	27.43	0.03	31	85033	买盘
13:02:30	27.4	--	10	27400	卖盘
13:02:27	27.4	-0.02	10	27400	卖盘
13:02:24	27.42	-0.01	2	5484	中性盘
13:02:21	27.43	0.01	25	68575	买盘
13:02:15	27.42	0.02	32	87744	买盘
13:02:12	27.4	-0.03	1	2740	卖盘
13:02:09	27.43	0.01	3	8229	买盘
13:02:06	27.42	0.02	5	13710	买盘
13:02:03	27.4	-0.02	2	5480	卖盘
13:02:00	27.42	-0.01	5	13710	中性盘
13:01:54	27.43	--	10	27430	买盘
13:01:51	27.43	--	26	71318	买盘
13:01:48	27.43	--	21	57603	买盘
13:01:45	27.43	--	6	16458	买盘
13:01:42	27.43	-0.02	4	10972	买盘
13:01:36	27.45	0.01	30	82350	买盘
13:01:33	27.44	0.02	12	32928	买盘
13:01:30	27.42	-0.02	97	265974	卖盘
13:01:27	27.44	--	1	2744	买盘
13:01:24	27.44	0.01	14	38416	买盘
13:01:21	27.43	--	14	38402	卖盘
13:01:18	27.43	0.01	16	43888	中性盘
13:01:09	27.42	-0.02	1	2742	中性盘
13:01:06	27.44	0.04	54	148176	买盘
13:01:03	27.4	--	2	5480	买盘
13:01:00	27.4	--	20	54800	买盘
13:00:57	27.4	-0.03	129	356145	卖盘
13:00:54	27.43	--	7	19201	卖盘
13:00:51	27.43	0.02	3	8229	买盘
13:00:45	27.41	-0.01	30	82230	卖盘
13:00:39	27.42	0.01	1	2742	买盘
13:00:36	27.41	--	0	54	买盘
13:00:33	27.41	0.01	9	24669	买盘
13:00:30	27.4	--	38	104120	卖盘
13:00:21	27.4	--	10	27400	买盘
13:00:18	27.4	0.02	1	2740	买盘
13:00:15	27.38	-0.02	1	2738	卖盘
13:00:12	27.4	0.02	35	95900	买盘
13:00:09	27.38	--	81	221778	卖盘
13:00:06	27.38	--	470	1286860	买盘
13:00:03	27.38	--	0	0	买盘
11:30:03	27.38	-0.02	56	153328	卖盘
11:30:00	27.4	0.02	10	27400	买盘
11:29:57	27.38	--	27	73926	卖盘
11:29:54	27.38	-0.02	5	13690	卖盘
11:29:51	27.4	--	3	8220	买盘
11:29:48	27.4	--	43	117820	卖盘
11:29:45	27.4	--	3	8220	卖盘
11:29:42	27.4	-0.01	13	35620	卖盘
11:29:39	27.41	--	12	32892	买盘
11:29:36	27.41	--	48	131568	卖盘
11:29:33	27.41	-0.04	12	32892	卖盘
11:29:30	27.45	0.03	70	192150	买盘
11:29:27	27.42	--	13	35646	买盘
11:29:24	27.42	-0.03	23	63066	中性盘
11:29:21	27.45	0.04	21	57645	买盘
11:29:18	27.41	-0.04	4	10964	卖盘
11:29:15	27.45	--	4	10980	买盘
11:29:12	27.45	--	16	43920	买盘
11:29:09	27.45	0.04	44	120780	买盘
11:29:06	27.41	-0.04	26	73321	卖盘
11:29:03	27.45	--	8	21960	卖盘
11:29:00	27.45	-0.03	21	58331	卖盘
11:28:57	27.48	0.03	15	41220	买盘
11:28:54	27.45	-0.01	3	8235	卖盘
11:28:51	27.46	--	34	93364	买盘
11:28:48	27.46	-0.03	128	351488	卖盘
11:28:45	27.49	0.02	57	156693	买盘
11:28:42	27.47	--	51	140097	买盘
11:28:39	27.47	0.02	34	93398	买盘
11:28:36	27.45	-0.02	17	46665	卖盘
11:28:33	27.47	--	1	2747	卖盘
11:28:30	27.47	-0.01	33	90651	卖盘
11:28:27	27.48	--	39	107172	买盘
11:28:24	27.48	--	25	68700	买盘
11:28:21	27.48	0.01	7	19236	买盘
11:28:18	27.47	--	27	74169	买盘
11:28:15	27.47	0.06	2	5494	买盘
11:28:12	27.41	-0.04	13	35633	卖盘
11:28:03	27.45	0.04	92	252540	买盘
11:28:00	27.41	0.02	38	104158	买盘
11:27:57	27.39	-0.01	5	13695	卖盘
11:27:54	27.4	--	6	16440	卖盘
11:27:51	27.4	0.03	58	158920	买盘
11:27:42	27.37	--	14	38318	卖盘
11:27:39	27.37	-0.01	36	98532	卖盘
11:27:36	27.38	--	3	8214	买盘
11:27:33	27.38	0.01	52	142376	买盘
11:27:30	27.37	--	13	35581	买盘
11:27:27	27.37	0.01	1	2737	买盘
11:27:24	27.36	0.01	13	35568	买盘
11:27:21	27.35	--	13	35555	买盘
11:27:18	27.35	--	42	114870	卖盘
11:27:12	27.35	--	27	73845	卖盘
11:27:06	27.35	0.03	22	60170	买盘
11:27:00	27.32	-0.02	6	16392	卖盘
11:26:57	27.34	0.05	142	388228	买盘
11:26:54	27.29	--	21	57309	买盘
11:26:51	27.29	--	4	10916	买盘
11:26:48	27.29	-0.01	48	130992	卖盘
11:26:45	27.3	--	15	40950	卖盘
11:26:42	27.3	0.05	75	204750	买盘
11:26:39	27.25	-0.01	31	84475	卖盘
11:26:36	27.26	0.01	22	59972	中性盘
11:26:33	27.25	0.01	8	21800	中性盘
11:26:30	27.24	-0.05	128	348672	卖盘
11:26:27	27.29	0.04	52	141908	买盘
11:26:24	27.25	--	12	32700	买盘
11:26:21	27.25	0.01	31	84475	中性盘
11:26:18	27.24	--	5	13620	卖盘
11:26:15	27.24	-0.01	23	62652	卖盘
11:26:12	27.25	--	13	35425	卖盘
11:26:09	27.25	0.01	47	128075	买盘
11:26:06	27.24	-0.01	122	332328	中性盘
11:26:03	27.25	--	34	92650	买盘
11:26:00	27.25	--	84	228900	买盘
11:25:57	27.25	--	27	73575	买盘
11:25:54	27.25	--	34	92650	买盘
11:25:51	27.25	--	13	35425	买盘
11:25:48	27.25	--	20	54500	买盘
11:25:45	27.25	--	80	218000	买盘
11:25:42	27.25	-0.07	211	574975	卖盘
11:25:39	27.32	-0.03	3	8196	中性盘
11:25:36	27.35	0.05	61	166835	买盘
11:25:33	27.3	--	50	136500	买盘
11:25:30	27.3	--	27	73710	买盘
11:25:27	27.3	-0.05	126	343980	卖盘
11:25:24	27.35	--	16	43760	卖盘
11:25:21	27.35	0.03	41	112135	买盘
11:25:18	27.32	0.02	24	65568	买盘
11:25:15	27.3	-0.02	55	150150	卖盘
11:25:12	27.32	-0.01	67	183044	中性盘
11:25:09	27.33	0.03	93	254168	卖盘
11:25:06	27.3	-0.04	220	600600	卖盘
11:25:03	27.34	--	134	366356	买盘
11:25:00	27.34	0.01	11	30074	买盘
11:24:57	27.33	-0.01	24	65592	卖盘
11:24:54	27.34	-0.05	32	87488	卖盘
11:24:51	27.39	--	15	41085	买盘
11:24:48	27.39	--	32	87648	买盘
11:24:45	27.39	0.04	57	156123	买盘
11:24:42	27.35	-0.06	106	289910	卖盘
11:24:39	27.41	--	18	49338	买盘
11:24:36	27.41	0.01	3	8223	中性盘
11:24:33	27.4	-0.02	65	178100	卖盘
11:24:30	27.42	--	50	137100	买盘
11:24:27	27.42	-0.03	175	482537	卖盘
11:24:24	27.45	--	32	87840	卖盘
11:24:21	27.45	--	10	27450	卖盘
11:24:18	27.45	--	21	57645	卖盘
11:24:15	27.45	--	19	52155	卖盘
11:24:12	27.45	--	18	49410	卖盘
11:24:09	27.45	--	60	164700	卖盘
11:24:03	27.45	--	23	63135	卖盘
11:23:57	27.45	--	50	137250	卖盘
11:23:54	27.45	-0.01	38	104310	卖盘
11:23:45	27.46	-0.01	31	85126	中性盘
11:23:42	27.47	0.02	12	32964	买盘
11:23:39	27.45	-0.02	28	77958	卖盘
11:23:36	27.47	--	1	2747	买盘
11:23:33	27.47	--	12	32964	卖盘
11:23:27	27.47	-0.01	2	5494	卖盘
11:23:24	27.48	--	2	5496	买盘
11:23:21	27.48	0.01	2	5496	买盘
11:23:18	27.47	-0.01	1	2747	卖盘
11:23:15	27.48	-0.02	47	129156	卖盘
11:23:12	27.5	0.02	11	30250	买盘
11:23:09	27.48	-0.02	4	10992	卖盘
11:23:06	27.5	0.01	12	33000	买盘
11:23:03	27.49	--	27	74223	买盘
11:23:00	27.49	-0.01	3	8247	中性盘
11:22:57	27.5	--	2	5500	买盘
11:22:54	27.5	--	45	123750	买盘
11:22:51	27.5	--	3	8250	买盘
11:22:48	27.5	--	21	57750	卖盘
11:22:45	27.5	--	9	24750	卖盘
11:22:42	27.5	-0.04	2	5500	卖盘
11:22:39	27.54	--	1	2754	买盘
11:22:36	27.54	0.04	5	13770	买盘
11:22:33	27.5	-0.04	130	357500	卖盘
11:22:30	27.54	0.02	5	13770	中性盘
11:22:27	27.52	-0.03	13	35776	卖盘
11:22:24	27.55	0.01	42	115710	买盘
11:22:21	27.54	-0.01	5	13770	卖盘
11:22:18	27.55	--	27	74385	买盘
11:22:15	27.55	--	3	8265	买盘
11:22:09	27.55	--	15	43391	卖盘
11:22:06	27.55	--	4	11020	卖盘
11:22:03	27.55	-0.01	7	19285	卖盘
11:21:57	27.56	--	6	16536	买盘
11:21:54	27.56	-0.01	34	93704	卖盘
11:21:45	27.57	0.01	21	57897	卖盘
11:21:42	27.56	-0.01	27	74412	卖盘
11:21:39	27.57	0.01	3	8271	中性盘
11:21:36	27.56	--	38	104728	卖盘
11:21:33	27.56	--	3	8268	卖盘
11:21:27	27.56	-0.02	1	2756	卖盘
11:21:24	27.58	0.01	31	85498	买盘
11:21:21	27.57	--	2	5514	买盘
11:21:18	27.57	--	32	88224	买盘
11:21:15	27.57	--	5	13785	买盘
11:21:12	27.57	--	9	24813	买盘
11:21:09	27.57	-0.01	12	33084	卖盘
11:21:06	27.58	--	12	33096	买盘
11:21:03	27.58	--	11	30337	中性盘
11:21:00	27.58	--	27	74466	买盘
11:20:54	27.58	--	7	19306	买盘
11:20:51	27.58	--	24	66192	买盘
11:20:39	27.58	-0.01	56	154448	卖盘
11:20:36	27.59	0.01	124	342116	买盘
11:20:33	27.58	--	13	35854	卖盘
11:20:21	27.58	--	9	24822	卖盘
11:20:18	27.58	0.02	32	88256	买盘
11:20:15	27.56	-0.01	22	60632	卖盘
11:20:12	27.57	--	13	35841	买盘
11:20:09	27.57	-0.01	16	44112	卖盘
11:20:06	27.58	--	11	30337	卖盘
11:20:03	27.58	-0.01	10	27580	卖盘
11:20:00	27.59	0.01	5	13795	买盘
11:19:54	27.58	0.03	1	2758	中性盘
11:19:51	27.55	-0.03	60	165300	卖盘
11:19:45	27.58	-0.01	7	19306	卖盘
11:19:42	27.59	--	21	57939	买盘
11:19:36	27.59	0.01	51	140709	中性盘
11:19:33	27.58	-0.02	2	5516	卖盘
11:19:30	27.6	0.02	4	11040	买盘
11:19:27	27.58	--	1	2758	买盘
11:19:24	27.58	0.01	3	8274	中性盘
11:19:18	27.57	--	5	13785	卖盘
11:19:15	27.57	-0.03	4	11028	卖盘
11:19:12	27.6	0.03	3	8280	买盘
11:19:09	27.57	-0.05	51	140607	卖盘
11:19:03	27.62	0.02	1	2762	买盘
11:19:00	27.6	--	3	8280	买盘
11:18:57	27.6	-0.02	35	96600	卖盘
11:18:54	27.62	0.02	22	60764	买盘
11:18:51	27.6	-0.02	20	55200	卖盘
11:18:48	27.62	--	7	19334	买盘
11:18:45	27.62	--	20	55240	买盘
11:18:42	27.62	0.01	6	16572	买盘
11:18:39	27.61	--	3	8283	卖盘
11:18:36	27.61	--	1	2761	卖盘
11:18:33	27.61	-0.01	31	85591	卖盘
11:18:30	27.62	0.02	38	104956	买盘
11:18:27	27.6	-0.01	17	46920	卖盘
11:18:24	27.61	--	1	2761	买盘
11:18:21	27.61	--	3	8283	卖盘
11:18:18	27.61	0.01	6	16566	中性盘
11:18:15	27.6	--	8	22080	卖盘
11:18:12	27.6	-0.02	44	121440	卖盘
11:18:09	27.62	0.02	12	33144	买盘
11:18:06	27.6	--	17	46920	卖盘
11:17:57	27.6	--	2	5520	买盘
11:17:54	27.6	0.03	10	27600	买盘
11:17:51	27.57	-0.01	6	16542	卖盘
11:17:48	27.58	-0.02	5	13790	卖盘
11:17:45	27.6	--	3	8280	买盘
11:17:39	27.6	0.03	88	242880	买盘
11:17:36	27.57	-0.03	10	27570	卖盘
11:17:33	27.6	0.03	1	2760	买盘
11:17:30	27.57	--	1	2757	卖盘
11:17:27	27.57	-0.03	1	2757	卖盘
11:17:18	27.6	0.03	3	8280	中性盘
11:17:15	27.57	--	11	30327	卖盘
11:17:09	27.57	-0.06	1	2757	卖盘
11:17:06	27.63	0.06	1	2763	中性盘
11:17:03	27.57	0.01	6	17231	买盘
11:17:00	27.56	-0.01	9	24804	卖盘
11:16:57	27.57	-0.08	9	26880	卖盘
11:16:54	27.65	-0.01	30	82950	买盘
11:16:45	27.66	--	106	293196	买盘
11:16:39	27.66	0.01	19	52554	卖盘
11:16:36	27.65	-0.01	10	27650	卖盘
11:16:33	27.66	0.01	1	2766	卖盘
11:16:30	27.65	-0.01	139	384335	卖盘
11:16:27	27.66	0.01	102	282132	买盘
11:16:24	27.65	--	16	45899	卖盘
11:16:21	27.65	--	6	17696	卖盘
11:16:15	27.65	--	6	16590	卖盘
11:16:09	27.65	0.03	75	207375	买盘
11:16:03	27.62	--	10	27620	卖盘
11:16:00	27.62	--	6	16572	卖盘
11:15:57	27.62	--	3	8286	卖盘
11:15:54	27.62	--	67	185054	卖盘
11:15:51	27.62	0.01	4	11738	买盘
11:15:48	27.61	-0.01	14	38654	卖盘
11:15:45	27.62	--	5	13810	买盘
11:15:36	27.62	0.01	1	2762	买盘
11:15:30	27.61	--	6	16566	买盘
11:15:27	27.61	--	1	2761	买盘
11:15:24	27.61	--	12	33132	买盘
11:15:21	27.61	0.01	14	38654	买盘
11:15:15	27.6	--	91	251160	卖盘
11:15:09	27.6	0.02	43	118680	买盘
11:15:06	27.58	0.01	1	2758	中性盘
11:14:57	27.57	--	5	13785	卖盘
11:14:54	27.57	0.02	83	228831	中性盘
11:14:48	27.55	--	37	101935	卖盘
11:14:45	27.55	0.01	5	13775	买盘
11:14:42	27.54	-0.01	12	33048	卖盘
11:14:39	27.55	0.01	3	8265	买盘
11:14:36	27.54	--	3	8262	卖盘
11:14:33	27.54	-0.01	1	2754	卖盘
11:14:30	27.55	0.01	10	27550	买盘
11:14:27	27.54	0.01	42	115668	买盘
11:14:24	27.53	--	33	90849	卖盘
11:14:21	27.53	--	22	60566	卖盘
11:14:09	27.53	0.03	33	90849	买盘
11:14:03	27.5	-0.02	10	27500	卖盘
11:14:00	27.52	0.03	1	2752	买盘
11:13:57	27.49	0.01	1	2749	买盘
11:13:54	27.48	-0.01	13	35724	卖盘
11:13:51	27.49	-0.01	67	184183	卖盘
11:13:48	27.5	--	8	22000	买盘
11:13:45	27.5	0.01	25	68750	买盘
11:13:36	27.49	0.02	20	54980	中性盘
11:13:33	27.47	-0.02	5	13735	卖盘
11:13:30	27.49	0.01	17	46733	买盘
11:13:24	27.48	0.01	17	46716	买盘
11:13:18	27.47	--	10	27470	买盘
11:13:12	27.47	0.03	30	82410	买盘
11:13:09	27.44	--	99	273357	卖盘
11:13:06	27.44	-0.01	19	52136	卖盘
11:13:03	27.45	--	25	68625	买盘
11:13:00	27.45	--	71	194895	买盘
11:12:57	27.45	--	28	76860	买盘
11:12:54	27.45	--	43	118035	卖盘
11:12:51	27.45	--	6	16470	卖盘
11:12:45	27.45	--	24	65880	卖盘
11:12:42	27.45	-0.02	89	244305	卖盘
11:12:39	27.47	0.03	70	192290	买盘
11:12:36	27.44	-0.01	335	919240	卖盘
11:12:33	27.45	0.01	18	49410	卖盘
11:12:27	27.44	-0.02	25	68600	卖盘
11:12:24	27.46	--	27	74142	买盘
11:12:21	27.46	0.04	8	21968	买盘
11:12:18	27.42	-0.01	19	52098	卖盘
11:12:15	27.43	-0.03	20	54860	卖盘
11:12:12	27.46	--	14	38444	卖盘
11:12:09	27.46	0.04	39	107094	买盘
11:12:06	27.42	-0.02	16	43872	卖盘
11:12:03	27.44	0.01	9	24696	中性盘
11:12:00	27.43	-0.02	5	13715	中性盘
11:11:57	27.45	--	12	32940	买盘
11:11:54	27.45	0.03	11	30195	买盘
11:11:51	27.42	-0.04	40	109680	卖盘
11:11:48	27.46	-0.01	14	38444	卖盘
11:11:45	27.47	0.02	23	63181	买盘
11:11:42	27.45	-0.01	6	16470	卖盘
11:11:39	27.46	--	12	32952	买盘
11:11:36	27.46	0.02	25	68650	买盘
11:11:33	27.44	-0.02	85	233240	卖盘
11:11:30	27.46	--	18	49428	买盘
11:11:27	27.46	-0.01	17	46682	中性盘
11:11:21	27.47	-0.01	49	134603	中性盘
11:11:18	27.48	0.02	16	43968	买盘
11:11:15	27.46	-0.02	18	49428	卖盘
11:11:12	27.48	--	13	35724	买盘
11:11:06	27.48	--	22	60456	卖盘
11:11:03	27.48	--	26	71448	卖盘
11:11:00	27.48	--	9	24732	卖盘
11:10:57	27.48	-0.01	48	131904	卖盘
11:10:54	27.49	--	3	8247	买盘
11:10:51	27.49	--	1	2749	买盘
11:10:48	27.49	-0.01	28	76972	卖盘
11:10:45	27.5	--	8	22000	买盘
11:10:42	27.5	--	5	13750	买盘
11:10:36	27.5	-0.02	64	176000	卖盘
11:10:33	27.52	0.01	94	258688	买盘
11:10:30	27.51	--	23	63273	卖盘
11:10:27	27.51	--	18	49518	卖盘
11:10:24	27.51	--	9	24759	卖盘
11:10:21	27.51	-0.01	37	101787	卖盘
11:10:18	27.52	--	23	63296	买盘
11:10:15	27.52	--	22	60544	买盘
11:10:12	27.52	-0.03	22	60544	卖盘
11:10:06	27.55	-0.01	9	24795	卖盘
11:10:03	27.56	0.01	12	33072	买盘
11:10:00	27.55	--	2	5510	卖盘
11:09:57	27.55	-0.01	6	16530	卖盘
11:09:54	27.56	0.01	40	110240	买盘
11:09:48	27.55	-0.01	6	16530	卖盘
11:09:45	27.56	-0.02	8	22048	卖盘
11:09:42	27.58	--	17	46886	买盘
11:09:39	27.58	0.01	14	38612	买盘
11:09:36	27.57	--	19	52383	卖盘
11:09:30	27.57	-0.01	97	267429	卖盘
11:09:24	27.58	-0.01	55	151690	卖盘
11:09:21	27.59	--	5	13795	买盘
11:09:18	27.59	--	3	8277	买盘
11:09:15	27.59	-0.02	113	311767	卖盘
11:09:12	27.61	--	55	151855	买盘
11:09:09	27.61	-0.01	56	154616	卖盘
11:09:06	27.62	--	19	52478	买盘
11:08:54	27.62	-0.04	14	38668	卖盘
11:08:51	27.66	0.03	168	464688	买盘
11:08:48	27.63	--	2	5526	买盘
11:08:45	27.63	-0.02	29	80127	卖盘
11:08:42	27.65	0.01	30	82950	买盘
11:08:39	27.64	--	9	24876	买盘
11:08:36	27.64	-0.02	15	41460	卖盘
11:08:33	27.66	--	13	35958	买盘
11:08:27	27.66	--	10	27660	买盘
11:08:24	27.66	--	12	33192	买盘
11:08:21	27.66	--	5	13830	卖盘
11:08:18	27.66	-0.01	7	19362	卖盘
11:08:12	27.67	--	4	11068	买盘
11:08:09	27.67	-0.02	6	16602	卖盘
11:08:06	27.69	0.02	5	13845	买盘
11:08:03	27.67	--	10	27670	卖盘
11:08:00	27.67	-0.02	2	5534	卖盘
11:07:57	27.69	--	5	13845	买盘
11:07:51	27.69	--	3	8307	买盘
11:07:48	27.69	--	19	52611	卖盘
11:07:45	27.69	--	59	163371	卖盘
11:07:36	27.69	--	24	66456	卖盘
11:07:30	27.69	--	4	11076	卖盘
11:07:27	27.69	0.03	13	35997	买盘
11:07:24	27.66	-0.03	145	401070	卖盘
11:07:18	27.69	0.02	30	83070	买盘
11:07:15	27.67	0.01	131	362477	买盘
11:07:09	27.66	-0.01	6	16596	卖盘
11:07:06	27.67	0.01	6	16602	买盘
11:07:03	27.66	-0.03	10	27660	卖盘
11:06:57	27.69	--	20	55380	买盘
11:06:54	27.69	0.03	24	66456	买盘
11:06:48	27.66	--	49	135534	买盘
11:06:45	27.66	-0.01	39	107874	买盘
11:06:42	27.67	-0.01	81	224127	卖盘
11:06:39	27.68	--	4	11072	卖盘
11:06:36	27.68	--	7	19376	买盘
11:06:30	27.68	-0.02	17	47056	中性盘
11:06:27	27.7	0.02	12	33240	买盘
11:06:24	27.68	-0.01	9	24912	卖盘
11:06:21	27.69	--	5	13845	卖盘
11:06:15	27.69	0.02	22	60918	中性盘
11:06:12	27.67	-0.01	58	160486	卖盘
11:06:09	27.68	0.02	5	13840	买盘
11:06:06	27.66	-0.02	41	113406	卖盘
11:06:03	27.68	0.04	57	157776	买盘
11:05:54	27.64	-0.04	26	71864	卖盘
11:05:48	27.68	0.04	70	193760	买盘
11:05:45	27.64	--	10	27640	卖盘
11:05:42	27.64	--	2	5528	卖盘
11:05:39	27.64	-0.02	5	13820	中性盘
11:05:33	27.66	0.05	20	55320	买盘
11:05:27	27.61	0.01	5	13805	卖盘
11:05:24	27.6	-0.06	7	19320	卖盘
11:05:21	27.66	--	10	27660	买盘
11:05:18	27.66	0.05	22	60852	买盘
11:05:15	27.61	0.01	6	16566	卖盘
11:05:12	27.6	-0.01	131	361560	卖盘
11:05:09	27.61	0.01	9	24849	买盘
11:05:06	27.6	-0.01	38	104880	卖盘
11:05:03	27.61	0.01	5	13805	中性盘
11:05:00	27.6	--	5	13800	卖盘
11:04:57	27.6	-0.02	51	140760	卖盘
11:04:54	27.62	0.02	32	88384	买盘
11:04:51	27.6	--	3	8280	卖盘
11:04:48	27.6	-0.01	53	146280	卖盘
11:04:45	27.61	0.01	12	33132	买盘
11:04:42	27.6	--	8	22080	卖盘
11:04:39	27.6	--	23	63480	卖盘
11:04:36	27.6	--	30	82800	卖盘
11:04:33	27.6	-0.01	5	13800	卖盘
11:04:30	27.61	--	2	5522	卖盘
11:04:27	27.61	-0.06	5	13805	中性盘
11:04:18	27.67	0.07	2	5534	中性盘
11:04:09	27.6	-0.07	146	402960	卖盘
11:04:06	27.67	--	32	88544	卖盘
11:04:03	27.67	-0.01	5	13835	卖盘
11:04:00	27.68	0.01	9	24912	买盘
11:03:57	27.67	-0.01	1	2767	卖盘
11:03:54	27.68	--	7	19376	卖盘
11:03:51	27.68	-0.01	16	44288	卖盘
11:03:45	27.69	--	12	33228	卖盘
11:03:42	27.69	-0.01	52	143988	卖盘
11:03:39	27.7	--	35	96950	卖盘
11:03:36	27.7	--	20	55400	卖盘
11:03:33	27.7	--	13	36010	卖盘
11:03:30	27.7	--	17	47090	卖盘
11:03:27	27.7	-0.01	10	27700	卖盘
11:03:24	27.71	0.01	184	509864	买盘
11:03:21	27.7	--	4	11080	卖盘
11:03:15	27.7	-0.01	103	285310	卖盘
11:03:12	27.71	-0.01	1	2771	卖盘
11:03:09	27.72	--	7	19404	买盘
11:03:06	27.72	0.01	7	19404	买盘
11:03:03	27.71	-0.01	56	155176	卖盘
11:02:57	27.72	--	87	241164	卖盘
11:02:54	27.72	-0.01	59	163548	卖盘
11:02:51	27.73	0.01	30	83190	买盘
11:02:48	27.72	--	6	16632	卖盘
11:02:45	27.72	0.01	3	8316	中性盘
11:02:42	27.71	-0.01	59	163489	卖盘
11:02:36	27.72	--	9	24948	买盘
11:02:33	27.72	0.01	127	352044	买盘
11:02:30	27.71	-0.01	30	83130	卖盘
11:02:27	27.72	--	4	11088	买盘
11:02:24	27.72	-0.01	12	33264	卖盘
11:02:21	27.73	0.01	6	16638	买盘
11:02:18	27.72	--	45	124740	卖盘
11:02:15	27.72	--	7	19404	卖盘
11:02:12	27.72	-0.01	48	133056	卖盘
11:02:09	27.73	--	8	22184	买盘
11:02:06	27.73	--	1	2773	买盘
11:02:03	27.73	--	30	83190	买盘
11:02:00	27.73	0.01	34	94282	买盘
11:01:57	27.72	-0.01	14	38808	卖盘
11:01:54	27.73	--	34	94282	卖盘
11:01:51	27.73	--	62	171926	卖盘
11:01:48	27.73	0.01	5	13865	中性盘
11:01:45	27.72	-0.01	53	146916	卖盘
11:01:42	27.73	--	23	63779	卖盘
11:01:39	27.73	0.01	24	66552	买盘
11:01:36	27.72	-0.01	34	94248	买盘
11:01:33	27.73	0.02	20	55460	买盘
11:01:30	27.71	-0.02	19	52649	卖盘
11:01:27	27.73	--	21	58233	买盘
11:01:24	27.73	-0.01	1	2773	买盘
11:01:21	27.74	0.03	21	58254	买盘
11:01:18	27.71	-0.02	40	110840	卖盘
11:01:15	27.73	0.01	31	85963	卖盘
11:01:12	27.72	-0.01	45	124740	卖盘
11:01:09	27.73	0.01	3	8319	卖盘
11:01:06	27.72	--	28	77616	卖盘
11:01:03	27.72	-0.01	30	83160	卖盘
11:01:00	27.73	0.01	4	11092	买盘
11:00:57	27.72	0.01	13	36036	中性盘
11:00:54	27.71	-0.01	80	221680	卖盘
11:00:51	27.72	0.01	12	33264	中性盘
11:00:48	27.71	-0.01	119	329749	卖盘
11:00:45	27.72	0.01	13	36036	买盘
11:00:42	27.71	-0.02	20	55420	卖盘
11:00:39	27.73	0.01	27	74871	买盘
11:00:36	27.72	0.01	8	22176	卖盘
11:00:33	27.71	-0.01	101	279871	卖盘
11:00:30	27.72	-0.01	10	27720	卖盘
11:00:27	27.73	--	8	22184	买盘
11:00:24	27.73	0.01	2	5546	买盘
11:00:21	27.72	-0.01	20	55440	卖盘
11:00:18	27.73	-0.01	3	8319	卖盘
11:00:12	27.74	0.02	43	119282	买盘
11:00:09	27.72	-0.01	9	24948	卖盘
11:00:06	27.73	0.01	38	105374	买盘
11:00:03	27.72	-0.01	16	44352	卖盘
11:00:00	27.73	-0.03	20	55460	卖盘
10:59:57	27.76	--	9	24984	买盘
10:59:54	27.76	--	18	49968	卖盘
10:59:51	27.76	-0.02	9	24984	卖盘
10:59:48	27.78	-0.02	4	11112	中性盘
10:59:45	27.8	--	13	36140	买盘
10:59:42	27.8	0.02	22	61160	买盘
10:59:39	27.78	-0.02	52	144456	卖盘
10:59:36	27.8	--	55	152900	买盘
10:59:33	27.8	0.02	3	8340	买盘
10:59:30	27.78	-0.08	350	972300	卖盘
10:59:27	27.86	0.02	41	114226	买盘
10:59:24	27.84	-0.01	18	50112	卖盘
10:59:21	27.85	--	59	164315	买盘
10:59:18	27.85	--	21	58485	买盘
10:59:15	27.85	-0.01	105	292425	卖盘
10:59:12	27.86	-0.01	71	197806	卖盘
10:59:09	27.87	--	19	52953	买盘
10:59:06	27.87	--	24	66888	买盘
10:59:03	27.87	0.01	69	192303	买盘
10:59:00	27.86	-0.01	25	69650	卖盘
10:58:57	27.87	--	45	125415	买盘
10:58:54	27.87	0.01	51	142137	买盘
10:58:51	27.86	--	51	142086	卖盘
10:58:48	27.86	-0.01	45	125370	卖盘
10:58:45	27.87	0.01	38	105906	买盘
10:58:42	27.86	--	7	19502	卖盘
10:58:39	27.86	-0.01	1	2786	卖盘
10:58:36	27.87	0.01	17	47379	买盘
10:58:33	27.86	--	20	55720	买盘
10:58:30	27.86	0.01	54	150444	买盘
10:58:27	27.85	--	22	61270	卖盘
10:58:21	27.85	--	14	38990	卖盘
10:58:18	27.85	--	11	30635	卖盘
10:58:15	27.85	0.01	93	259005	买盘
10:58:12	27.84	0.01	9	25056	中性盘
10:58:09	27.83	--	17	47311	卖盘
10:58:06	27.83	--	1	2783	卖盘
10:58:03	27.83	--	10	27830	卖盘
10:58:00	27.83	0.01	51	141933	买盘
10:57:51	27.82	--	76	211432	卖盘
10:57:48	27.82	--	21	58422	卖盘
10:57:45	27.82	0.02	21	58422	买盘
10:57:42	27.8	--	5	13900	卖盘
10:57:39	27.8	--	4	11120	卖盘
10:57:36	27.8	--	10	27800	卖盘
10:57:33	27.8	--	70	194600	卖盘
10:57:30	27.8	--	63	175140	买盘
10:57:27	27.8	0.01	12	33360	买盘
10:57:24	27.79	--	49	136171	卖盘
10:57:21	27.79	-0.01	63	175077	卖盘
10:57:18	27.8	0.01	36	100080	买盘
10:57:15	27.79	--	16	44464	卖盘
10:57:12	27.79	--	2	5558	卖盘
10:57:09	27.79	-0.01	20	55580	卖盘
10:57:06	27.8	0.01	9	25020	买盘
10:57:03	27.79	--	37	102823	卖盘
10:57:00	27.79	--	1	2779	卖盘
10:56:57	27.79	0.03	137	380723	买盘
10:56:54	27.76	--	3	8328	卖盘
10:56:51	27.76	-0.03	61	169336	卖盘
10:56:48	27.79	--	2	5558	买盘
10:56:45	27.79	--	5	13895	买盘
10:56:42	27.79	0.03	4	11116	买盘
10:56:39	27.76	-0.03	6	16656	卖盘
10:56:36	27.79	--	3	8337	买盘
10:56:33	27.79	0.04	21	58359	买盘
10:56:27	27.75	-0.04	45	124875	卖盘
10:56:24	27.79	0.05	9	25011	买盘
10:56:21	27.74	-0.01	40	110960	卖盘
10:56:18	27.75	0.03	27	74925	买盘
10:56:15	27.72	--	12	33264	卖盘
10:56:12	27.72	-0.05	138	382536	卖盘
10:56:09	27.77	0.05	50	138850	买盘
10:56:06	27.72	--	26	72072	卖盘
10:56:03	27.72	-0.02	1	2772	卖盘
10:56:00	27.74	0.02	10	27740	买盘
10:55:57	27.72	0.01	4	11088	卖盘
10:55:54	27.71	-0.01	17	47107	卖盘
10:55:51	27.72	--	8	22176	卖盘
10:55:48	27.72	--	9	24948	卖盘
10:55:45	27.72	0.01	48	133056	买盘
10:55:42	27.71	0.01	2	5542	中性盘
10:55:39	27.7	-0.01	40	110800	卖盘
10:55:36	27.71	--	19	52649	买盘
10:55:33	27.71	--	5	13855	买盘
10:55:30	27.71	--	8	22168	买盘
10:55:27	27.71	-0.01	101	279871	卖盘
10:55:24	27.72	-0.02	15	41580	卖盘
10:55:21	27.74	--	40	110960	买盘
10:55:18	27.74	0.02	51	141474	买盘
10:55:12	27.72	--	24	66528	卖盘
10:55:09	27.72	--	26	72072	卖盘
10:55:06	27.72	--	13	36036	卖盘
10:55:03	27.72	--	17	47124	卖盘
10:55:00	27.72	-0.02	14	38808	卖盘
10:54:57	27.74	0.02	21	58254	买盘
10:54:54	27.72	--	8	22176	买盘
10:54:51	27.72	--	111	307692	买盘
10:54:48	27.72	--	16	44352	买盘
10:54:45	27.72	0.01	10	27720	买盘
10:54:42	27.71	-0.01	28	77588	中性盘
10:54:39	27.72	-0.03	32	88704	卖盘
10:54:36	27.75	0.03	68	188700	买盘
10:54:33	27.72	--	59	163548	买盘
10:54:30	27.72	-0.03	28	77616	卖盘
10:54:27	27.75	0.03	41	113775	买盘
10:54:24	27.72	--	90	249480	卖盘
10:54:21	27.72	-0.03	31	85932	卖盘
10:54:18	27.75	0.03	1	2775	买盘
10:54:15	27.72	-0.03	33	91476	卖盘
10:54:12	27.75	--	1	2775	买盘
10:54:09	27.75	-0.03	26	72150	卖盘
10:54:06	27.78	-0.01	15	41670	中性盘
10:54:03	27.79	--	28	77812	买盘
10:54:00	27.79	--	42	116718	买盘
10:53:57	27.79	-0.01	14	38906	卖盘
10:53:54	27.8	--	11	30580	买盘
10:53:51	27.8	--	31	86180	买盘
10:53:48	27.8	--	160	444800	卖盘
10:53:45	27.8	--	11	30580	卖盘
10:53:42	27.8	-0.02	109	303020	卖盘
10:53:39	27.82	-0.03	45	125190	卖盘
10:53:36	27.85	0.02	65	181025	买盘
10:53:33	27.83	0.01	10	27830	买盘
10:53:30	27.82	-0.03	7	19474	卖盘
10:53:27	27.85	--	1	2785	买盘
10:53:24	27.85	--	34	94690	卖盘
10:53:21	27.85	-0.04	82	228370	卖盘
10:53:18	27.89	0.01	30	83670	买盘
10:53:15	27.88	0.01	46	128248	买盘
10:53:12	27.87	-0.02	15	41805	卖盘
10:53:09	27.89	--	31	86459	买盘
10:53:06	27.89	-0.01	234	652626	卖盘
10:53:03	27.9	--	66	184140	买盘
10:53:00	27.9	--	55	153450	买盘
10:52:57	27.9	--	62	172980	买盘
10:52:54	27.9	0.01	259	722610	买盘
10:52:51	27.89	0.01	23	64147	买盘
10:52:48	27.88	-0.01	67	186796	卖盘
10:52:45	27.89	-0.01	28	78092	买盘
10:52:42	27.9	--	87	242730	买盘
10:52:39	27.9	0.02	82	228780	买盘
10:52:36	27.88	-0.01	44	122672	卖盘
10:52:33	27.89	-0.01	39	108771	卖盘
10:52:30	27.9	0.02	114	318060	买盘
10:52:27	27.88	--	102	284376	卖盘
10:52:24	27.88	--	98	273224	卖盘
10:52:21	27.88	0.01	92	256496	买盘
10:52:18	27.87	--	107	298209	卖盘
10:52:15	27.87	-0.01	39	108693	卖盘
10:52:12	27.88	0.01	129	359652	买盘
10:52:09	27.87	--	36	100332	买盘
10:52:06	27.87	0.01	16	44592	买盘
10:52:03	27.86	--	27	75222	卖盘
10:52:00	27.86	--	38	105868	卖盘
10:51:57	27.86	--	39	108654	卖盘
10:51:54	27.86	--	86	239596	买盘
10:51:51	27.86	0.01	82	228452	买盘
10:51:48	27.85	--	72	200520	卖盘
10:51:45	27.85	--	2	5570	卖盘
10:51:42	27.85	0.02	12	33420	中性盘
10:51:39	27.83	-0.02	11	30612	中性盘
10:51:36	27.85	--	10	27850	买盘
10:51:33	27.85	--	3	8355	买盘
10:51:30	27.85	0.04	29	80765	买盘
10:51:27	27.81	-0.04	51	141831	卖盘
10:51:24	27.85	0.04	61	169885	买盘
10:51:21	27.81	--	4	11124	卖盘
10:51:18	27.81	--	31	86211	卖盘
10:51:15	27.81	--	265	736965	买盘
10:51:12	27.81	0.01	55	152955	买盘
10:51:09	27.8	--	21	58380	卖盘
10:51:06	27.8	--	13	36140	买盘
10:51:03	27.8	--	154	428120	买盘
10:51:00	27.8	--	31	86180	买盘
10:50:57	27.8	--	26	72280	买盘
10:50:54	27.8	0.01	38	105640	买盘
10:50:51	27.79	--	1	2779	卖盘
10:50:48	27.79	--	30	83370	买盘
10:50:45	27.79	0.01	155	430745	买盘
10:50:42	27.78	--	33	91674	卖盘
10:50:39	27.78	--	17	47226	卖盘
10:50:36	27.78	--	23	63894	卖盘
10:50:33	27.78	0.03	58	161124	买盘
10:50:30	27.75	-0.03	83	230325	卖盘
10:50:27	27.78	0.03	73	202794	买盘
10:50:24	27.75	-0.02	10	27750	卖盘
10:50:21	27.77	--	13	36101	买盘
10:50:18	27.77	0.05	22	61094	买盘
10:50:12	27.72	0.02	15	41580	买盘
10:50:09	27.7	--	50	138500	卖盘
10:50:06	27.7	--	87	240990	卖盘
10:50:03	27.7	--	4	11080	卖盘
10:50:00	27.7	0.02	227	628790	买盘
10:49:54	27.68	--	8	22144	卖盘
10:49:51	27.68	--	213	589584	买盘
10:49:48	27.68	0.01	105	290640	买盘
10:49:45	27.67	-0.01	41	113447	卖盘
10:49:42	27.68	--	24	66432	买盘
10:49:39	27.68	0.01	5	13840	买盘
10:49:36	27.67	0.02	31	85777	中性盘
10:49:33	27.65	-0.02	5	13825	卖盘
10:49:30	27.67	0.02	115	318205	买盘
10:49:24	27.65	0.03	20	55300	买盘
10:49:21	27.62	-0.03	32	88384	卖盘
10:49:18	27.65	--	6	16590	买盘
10:49:12	27.65	0.04	11	30415	买盘
10:49:06	27.61	--	125	345125	卖盘
10:49:03	27.61	0.01	52	143572	买盘
10:49:00	27.6	--	7	19320	卖盘
10:48:54	27.6	0.01	1	2760	卖盘
10:48:48	27.59	-0.01	41	113119	卖盘
10:48:45	27.6	--	13	35880	买盘
10:48:42	27.6	0.01	93	256680	买盘
10:48:39	27.59	--	106	292454	卖盘
10:48:36	27.59	--	51	140709	卖盘
10:48:33	27.59	--	25	68975	卖盘
10:48:30	27.59	--	79	217961	卖盘
10:48:27	27.59	--	55	151745	卖盘
10:48:24	27.59	--	31	85529	买盘
10:48:21	27.59	--	48	132432	买盘
10:48:18	27.59	-0.01	17	46903	中性盘
10:48:15	27.6	0.01	100	276000	买盘
10:48:12	27.59	--	32	88288	买盘
10:48:09	27.59	--	10	27590	买盘
10:48:06	27.59	--	26	71734	卖盘
10:48:03	27.59	-0.01	18	49662	卖盘
10:48:00	27.6	0.01	30	82800	买盘
10:47:57	27.59	-0.01	77	212443	卖盘
10:47:54	27.6	--	15	41400	买盘
10:47:51	27.6	--	32	88320	买盘
10:47:48	27.6	--	14	38640	买盘
10:47:45	27.6	0.01	11	30360	买盘
10:47:42	27.59	-0.01	20	55180	卖盘
10:47:39	27.6	--	2	5520	买盘
10:47:36	27.6	0.01	20	55200	买盘
10:47:30	27.59	--	1	2759	买盘
10:47:27	27.59	-0.01	4	11036	买盘
10:47:24	27.6	--	17	46920	买盘
10:47:21	27.6	0.01	50	138000	买盘
10:47:18	27.59	-0.01	17	46903	卖盘
10:47:15	27.6	--	30	82800	买盘
10:47:12	27.6	0.01	7	19320	买盘
10:47:09	27.59	-0.01	3	8277	卖盘
10:47:06	27.6	--	29	80040	买盘
10:47:03	27.6	0.01	17	46920	买盘
10:47:00	27.59	--	13	35867	卖盘
10:46:57	27.59	-0.01	53	146227	卖盘
10:46:54	27.6	--	28	77280	买盘
10:46:51	27.6	0.01	6	16560	买盘
10:46:48	27.59	0.01	10	27590	买盘
10:46:45	27.58	-0.01	6	16548	卖盘
10:46:42	27.59	-0.01	2	5518	买盘
10:46:39	27.6	0.02	110	303600	买盘
10:46:36	27.58	--	2	5516	买盘
10:46:33	27.58	--	8	22064	卖盘
10:46:30	27.58	--	16	44128	买盘
10:46:27	27.58	--	161	444038	卖盘
10:46:24	27.58	--	10	27580	卖盘
10:46:21	27.58	--	18	49644	卖盘
10:46:18	27.58	--	7	19306	卖盘
10:46:15	27.58	0.01	16	44128	买盘
10:46:12	27.57	--	82	226074	卖盘
10:46:09	27.57	--	68	187476	卖盘
10:46:06	27.57	--	126	347382	卖盘
10:46:03	27.57	--	12	33084	卖盘
10:46:00	27.57	--	4	11028	卖盘
10:45:57	27.57	--	9	24813	卖盘
10:45:54	27.57	--	38	104766	买盘
10:45:51	27.57	--	6	16542	买盘
10:45:48	27.57	--	10	27570	买盘
10:45:45	27.57	--	19	52383	买盘
10:45:42	27.57	--	13	35841	买盘
10:45:39	27.57	0.01	102	281214	买盘
10:45:36	27.56	-0.01	9	24804	卖盘
10:45:33	27.57	--	30	82710	卖盘
10:45:30	27.57	--	31	85467	卖盘
10:45:27	27.57	-0.01	10	27570	卖盘
10:45:24	27.58	0.03	66	182028	买盘
10:45:21	27.55	-0.01	55	151525	卖盘
10:45:18	27.56	-0.02	6	16536	卖盘
10:45:15	27.58	--	4	11032	买盘
10:45:12	27.58	0.01	16	44128	买盘
10:45:09	27.57	-0.01	3	8271	中性盘
10:45:06	27.58	0.02	55	151690	买盘
10:45:03	27.56	-0.01	68	187408	卖盘
10:45:00	27.57	-0.02	15	41355	中性盘
10:44:57	27.59	0.02	166	457994	买盘
10:44:54	27.57	--	6	16542	卖盘
10:44:51	27.57	0.01	3	8271	中性盘
10:44:48	27.56	0.01	22	60632	卖盘
10:44:42	27.55	--	2	5510	买盘
10:44:39	27.55	--	47	129485	买盘
10:44:36	27.55	-0.04	17	46835	卖盘
10:44:33	27.59	0.02	16	44144	买盘
10:44:30	27.57	0.02	445	1226865	买盘
10:44:27	27.55	-0.03	8	22040	卖盘
10:44:24	27.58	-0.02	7	19306	卖盘
10:44:21	27.6	0.01	10	27600	买盘
10:44:12	27.59	-0.01	20	55180	卖盘
10:44:09	27.6	-0.04	103	284280	卖盘
10:44:03	27.64	--	19	52516	买盘
10:44:00	27.64	0.02	22	60808	中性盘
10:43:57	27.62	0.02	15	41430	买盘
10:43:54	27.6	-0.04	61	168360	卖盘
10:43:51	27.64	--	39	107796	卖盘
10:43:48	27.64	-0.01	29	80156	买盘
10:43:45	27.65	0.03	42	116130	买盘
10:43:42	27.62	--	5	13810	卖盘
10:43:36	27.62	0.03	4	11048	卖盘
10:43:33	27.59	-0.03	27	74493	卖盘
10:43:30	27.62	0.03	12	33144	买盘
10:43:27	27.59	-0.01	28	77252	卖盘
10:43:24	27.6	--	67	184920	卖盘
10:43:21	27.6	--	14	38640	卖盘
10:43:18	27.6	--	12	33120	卖盘
10:43:15	27.6	--	67	184920	买盘
10:43:12	27.6	0.01	44	121440	买盘
10:43:09	27.59	--	8	22072	买盘
10:43:06	27.59	-0.01	132	364188	卖盘
10:43:03	27.6	0.01	35	96600	买盘
10:43:00	27.59	-0.01	10	27590	卖盘
10:42:57	27.6	--	271	747960	买盘
10:42:54	27.6	0.01	39	107640	买盘
10:42:51	27.59	--	77	212443	卖盘
10:42:48	27.59	--	4	11036	卖盘
10:42:45	27.59	--	17	46903	卖盘
10:42:42	27.59	--	6	16554	卖盘
10:42:39	27.59	0.09	361	995999	买盘
10:42:36	27.5	--	63	173250	买盘
10:42:33	27.5	--	3	8250	买盘
10:42:30	27.5	--	11	30250	买盘
10:42:27	27.5	0.01	75	206250	买盘
10:42:24	27.49	0.03	1	2749	卖盘
10:42:21	27.46	-0.03	52	142792	卖盘
10:42:18	27.49	-0.01	20	54980	卖盘
10:42:15	27.5	0.01	13	35750	买盘
10:42:12	27.49	--	24	65976	买盘
10:42:09	27.49	0.03	11	30239	买盘
10:42:06	27.46	-0.03	160	439360	卖盘
10:42:03	27.49	--	53	145697	买盘
10:42:00	27.49	--	4	10996	买盘
10:41:57	27.49	0.03	11	30239	买盘
10:41:54	27.46	--	7	19222	卖盘
10:41:48	27.46	--	10	27460	卖盘
10:41:45	27.46	--	23	63158	买盘
10:41:42	27.46	0.01	22	60412	买盘
10:41:39	27.45	-0.01	20	54900	卖盘
10:41:36	27.46	0.01	32	87872	买盘
10:41:30	27.45	--	8	21960	卖盘
10:41:27	27.45	0.01	13	35685	中性盘
10:41:24	27.44	--	10	27440	卖盘
10:41:21	27.44	--	63	172872	卖盘
10:41:18	27.44	-0.01	13	35672	卖盘
10:41:15	27.45	0.01	24	65880	买盘
10:41:12	27.44	-0.01	74	203056	买盘
10:41:09	27.45	0.02	18	49410	买盘
10:41:06	27.43	-0.01	27	74061	中性盘
10:40:57	27.44	0.01	42	115248	买盘
10:40:54	27.43	--	2	5486	买盘
10:40:51	27.43	--	9	24687	买盘
10:40:48	27.43	--	40	109720	卖盘
10:40:45	27.43	--	14	38402	卖盘
10:40:42	27.43	0.01	18	49374	买盘
10:40:39	27.42	0.01	23	63066	买盘
10:40:36	27.41	-0.02	11	30151	卖盘
10:40:30	27.43	0.01	295	809185	买盘
10:40:27	27.42	--	15	41130	买盘
10:40:24	27.42	0.01	8	21936	买盘
10:40:18	27.41	0.01	7	19187	中性盘
10:40:15	27.4	-0.03	14	38360	卖盘
10:40:12	27.43	0.03	127	348361	买盘
10:40:09	27.4	--	58	158920	买盘
10:40:06	27.4	--	35	95900	买盘
10:40:03	27.4	--	31	84940	买盘
10:40:00	27.4	-0.02	87	238380	卖盘
10:39:57	27.42	--	61	167262	买盘
10:39:54	27.42	0.01	85	233070	买盘
10:39:51	27.41	--	10	27410	买盘
10:39:48	27.41	0.01	67	183647	卖盘
10:39:45	27.4	-0.01	22	60280	卖盘
10:39:39	27.41	0.01	1	2741	买盘
10:39:36	27.4	--	5	13700	卖盘
10:39:33	27.4	0.02	91	249340	买盘
10:39:30	27.38	0.02	54	147852	买盘
10:39:27	27.36	-0.01	9	24624	卖盘
10:39:24	27.37	0.01	2	5474	买盘
10:39:21	27.36	--	20	54720	买盘
10:39:18	27.36	0.01	6	16416	买盘
10:39:15	27.35	--	2	5470	卖盘
10:39:12	27.35	0.01	34	92990	买盘
10:39:09	27.34	0.01	105	287070	中性盘
10:39:03	27.33	--	69	188577	卖盘
10:39:00	27.33	--	25	68325	卖盘
10:38:57	27.33	--	16	43728	卖盘
10:38:54	27.33	-0.01	20	54660	卖盘
10:38:51	27.34	0.03	51	139434	买盘
10:38:48	27.31	-0.01	69	188439	卖盘
10:38:45	27.32	--	80	218560	卖盘
10:38:42	27.32	0.01	73	199436	买盘
10:38:39	27.31	--	56	152936	卖盘
10:38:36	27.31	0.01	90	245790	买盘
10:38:33	27.3	--	3	8190	卖盘
10:38:30	27.3	-0.02	78	212940	卖盘
10:38:27	27.32	0.02	35	95620	买盘
10:38:24	27.3	--	78	212940	卖盘
10:38:21	27.3	--	82	223860	卖盘
10:38:18	27.3	--	59	161070	卖盘
10:38:15	27.3	--	44	120120	卖盘
10:38:12	27.3	-0.02	31	84630	中性盘
10:38:09	27.32	0.02	119	325108	买盘
10:38:06	27.3	--	76	207480	买盘
10:38:03	27.3	--	13	35490	卖盘
10:38:00	27.3	--	72	196560	卖盘
10:37:57	27.3	-0.02	26	70980	卖盘
10:37:54	27.32	0.02	27	73764	买盘
10:37:51	27.3	-0.02	63	171990	卖盘
10:37:48	27.32	-0.02	25	68300	卖盘
10:37:45	27.34	0.04	19	51946	买盘
10:37:42	27.3	-0.04	272	742560	卖盘
10:37:39	27.34	0.01	14	38276	买盘
10:37:36	27.33	-0.03	14	38262	卖盘
10:37:33	27.36	--	20	54720	卖盘
10:37:30	27.36	0.02	1	2736	中性盘
10:37:24	27.34	-0.05	50	136700	卖盘
10:37:21	27.39	--	25	68475	买盘
10:37:18	27.39	0.01	29	79431	买盘
10:37:15	27.38	-0.01	20	54760	卖盘
10:37:12	27.39	-0.01	67	183513	卖盘
10:37:09	27.4	--	36	98640	买盘
10:37:06	27.4	--	114	312360	买盘
10:37:03	27.4	--	33	90420	卖盘
10:37:00	27.4	--	39	106860	卖盘
10:36:57	27.4	-0.01	72	197280	卖盘
10:36:54	27.41	0.01	8	21928	中性盘
10:36:51	27.4	-0.02	45	123300	卖盘
10:36:48	27.42	--	149	408558	买盘
10:36:45	27.42	-0.01	78	213876	卖盘
10:36:42	27.43	--	40	109720	买盘
10:36:39	27.43	0.01	1	2743	买盘
10:36:36	27.42	-0.01	20	54840	卖盘
10:36:33	27.43	--	14	38402	卖盘
10:36:30	27.43	-0.02	5	13715	卖盘
10:36:27	27.45	0.02	40	109800	买盘
10:36:24	27.43	-0.02	47	128921	卖盘
10:36:21	27.45	--	48	131760	卖盘
10:36:18	27.45	-0.01	28	76860	卖盘
10:36:15	27.46	--	93	255378	买盘
10:36:12	27.46	0.01	21	57666	买盘
10:36:09	27.45	-0.01	126	345870	卖盘
10:36:06	27.46	--	25	68650	卖盘
10:36:03	27.46	--	26	71396	卖盘
10:35:57	27.46	--	7	19222	卖盘
10:35:54	27.46	-0.02	46	126316	卖盘
10:35:51	27.48	-0.01	96	263808	卖盘
10:35:48	27.49	-0.02	69	189681	卖盘
10:35:45	27.51	0.01	64	176064	买盘
10:35:42	27.5	--	173	475750	卖盘
10:35:39	27.5	-0.02	8	22000	卖盘
10:35:36	27.52	0.02	15	41280	买盘
10:35:33	27.5	-0.02	8	22000	卖盘
10:35:30	27.52	--	393	1081536	买盘
10:35:27	27.52	-0.02	19	52288	中性盘
10:35:24	27.54	0.02	101	278154	买盘
10:35:21	27.52	-0.01	85	236149	卖盘
10:35:18	27.53	--	22	60566	买盘
10:35:15	27.53	--	1	2753	买盘
10:35:12	27.53	--	34	93602	卖盘
10:35:09	27.53	--	10	27530	卖盘
10:35:06	27.53	--	34	93602	卖盘
10:35:03	27.53	-0.01	40	110120	中性盘
10:35:00	27.54	0.02	11	30294	买盘
10:34:57	27.52	-0.01	25	68800	卖盘
10:34:54	27.53	-0.01	18	49554	卖盘
10:34:51	27.54	0.01	16	44064	买盘
10:34:48	27.53	-0.01	2	5506	卖盘
10:34:45	27.54	-0.01	16	44064	中性盘
10:34:42	27.55	0.03	44	121220	买盘
10:34:39	27.52	-0.01	1	2752	卖盘
10:34:36	27.53	-0.01	4	11012	卖盘
10:34:33	27.54	--	6	16524	卖盘
10:34:30	27.54	-0.01	23	63342	卖盘
10:34:27	27.55	--	12	33060	买盘
10:34:24	27.55	0.02	13	35815	买盘
10:34:21	27.53	-0.01	24	66072	卖盘
10:34:18	27.54	0.01	114	313956	买盘
10:34:15	27.53	--	23	63319	卖盘
10:34:12	27.53	--	47	129391	卖盘
10:34:09	27.53	-0.01	45	123885	卖盘
10:34:06	27.54	0.01	9	24786	买盘
10:34:03	27.53	--	3	8259	卖盘
10:34:00	27.53	0.01	27	74331	卖盘
10:33:57	27.52	-0.01	8	22016	卖盘
10:33:54	27.53	0.01	1	2753	中性盘
10:33:51	27.52	-0.01	157	432064	卖盘
10:33:48	27.53	--	4	11012	卖盘
10:33:45	27.53	0.01	21	58336	买盘
10:33:42	27.52	-0.01	55	151360	卖盘
10:33:39	27.53	--	28	77084	买盘
10:33:36	27.53	--	59	162427	买盘
10:33:33	27.53	--	10	29759	卖盘
10:33:30	27.53	--	12	33036	卖盘
10:33:27	27.53	--	10	28053	买盘
10:33:24	27.53	--	88	242264	买盘
10:33:21	27.53	0.01	24	66072	中性盘
10:33:18	27.52	-0.03	105	288960	卖盘
10:33:15	27.55	0.02	28	77140	买盘
10:33:12	27.53	0.01	22	60566	买盘
10:33:09	27.52	-0.01	31	85312	卖盘
10:33:06	27.53	--	4	11012	卖盘
10:33:03	27.53	--	44	121132	买盘
10:33:00	27.53	0.01	38	104614	买盘
10:32:57	27.52	--	33	90816	卖盘
10:32:54	27.52	--	81	222912	卖盘
10:32:51	27.52	--	7	19264	卖盘
10:32:48	27.52	--	31	85312	卖盘
10:32:45	27.52	0.01	27	74304	买盘
10:32:42	27.51	--	120	330120	卖盘
10:32:39	27.51	-0.01	47	129297	卖盘
10:32:36	27.52	0.01	46	126592	买盘
10:32:33	27.51	-0.01	3	8253	卖盘
10:32:30	27.52	--	20	55040	买盘
10:32:27	27.52	--	19	52288	买盘
10:32:24	27.52	0.01	59	162368	买盘
10:32:21	27.51	0.01	10	27510	买盘
10:32:18	27.5	-0.01	14	38500	卖盘
10:32:15	27.51	--	28	77028	买盘
10:32:12	27.51	0.01	10	27510	买盘
10:32:09	27.5	-0.02	62	170500	卖盘
10:32:06	27.52	--	18	49536	买盘
10:32:03	27.52	0.01	137	377024	买盘
10:32:00	27.51	--	31	85281	卖盘
10:31:57	27.51	-0.01	28	77028	卖盘
10:31:54	27.52	--	28	77056	买盘
10:31:51	27.52	--	30	82560	买盘
10:31:48	27.52	-0.01	4	11008	卖盘
10:31:45	27.53	0.01	38	104614	买盘
10:31:42	27.52	--	58	159616	卖盘
10:31:39	27.52	--	18	49536	卖盘
10:31:36	27.52	--	72	198144	卖盘
10:31:33	27.52	--	17	46784	卖盘
10:31:30	27.52	-0.01	5	13760	卖盘
10:31:27	27.53	0.01	5	13765	买盘
10:31:24	27.52	--	66	181632	买盘
10:31:21	27.52	--	12	33024	买盘
10:31:18	27.52	--	5	13760	买盘
10:31:15	27.52	--	100	275200	买盘
10:31:12	27.52	--	36	99072	卖盘
10:31:09	27.52	--	34	93568	卖盘
10:31:06	27.52	0.01	59	162368	买盘
10:31:03	27.51	-0.01	3	8253	中性盘
10:31:00	27.52	--	9	24768	买盘
10:30:57	27.52	--	30	82560	卖盘
10:30:54	27.52	--	73	200896	买盘
10:30:51	27.52	-0.01	44	121088	卖盘
10:30:48	27.53	0.01	1	2753	买盘
10:30:45	27.52	0.02	8	22016	买盘
10:30:42	27.5	-0.04	16	44000	卖盘
10:30:39	27.54	0.04	24	66096	买盘
10:30:36	27.5	-0.02	327	899250	卖盘
10:30:33	27.52	0.01	89	244928	买盘
10:30:30	27.51	0.01	22	60522	卖盘
10:30:27	27.5	-0.02	141	387750	卖盘
10:30:24	27.52	--	2	5504	中性盘
10:30:21	27.52	0.01	18	49536	买盘
10:30:18	27.51	0.01	28	77028	买盘
10:30:15	27.5	-0.01	364	1001000	卖盘
10:30:12	27.51	--	96	264096	卖盘
10:30:09	27.51	-0.01	13	35763	中性盘
10:30:06	27.52	0.01	11	30272	买盘
10:30:03	27.51	--	7	19257	卖盘
10:30:00	27.51	-0.07	41	112791	卖盘
10:29:57	27.58	0.07	80	220640	买盘
10:29:54	27.51	-0.06	10	27510	卖盘
10:29:51	27.57	-0.01	49	135093	中性盘
10:29:48	27.58	-0.02	58	159964	卖盘
10:29:45	27.6	0.02	68	187680	买盘
10:29:42	27.58	-0.02	80	220640	卖盘
10:29:39	27.6	-0.07	409	1128840	卖盘
10:29:36	27.67	--	28	77476	买盘
10:29:33	27.67	--	21	58107	买盘
10:29:30	27.67	-0.02	80	221360	卖盘
10:29:27	27.69	--	74	204906	买盘
10:29:24	27.69	--	121	335049	卖盘
10:29:21	27.69	-0.01	235	650715	卖盘
10:29:18	27.7	--	72	199440	买盘
10:29:15	27.7	--	35	96950	卖盘
10:29:12	27.7	--	5	13850	卖盘
10:29:09	27.7	--	11	30470	卖盘
10:29:06	27.7	0.03	47	130190	买盘
10:29:03	27.67	-0.02	102	282234	卖盘
10:29:00	27.69	0.01	8	22152	买盘
10:28:57	27.68	-0.01	19	52592	中性盘
10:28:54	27.69	--	82	227058	买盘
10:28:51	27.69	0.03	8	22152	买盘
10:28:48	27.66	--	3	8298	卖盘
10:28:45	27.66	--	11	30426	卖盘
10:28:42	27.66	-0.02	16	44256	卖盘
10:28:39	27.68	0.08	172	476096	买盘
10:28:36	27.6	-0.03	3	8280	卖盘
10:28:33	27.63	--	2	5526	买盘
10:28:30	27.63	0.11	40	110520	买盘
10:28:27	27.52	0.02	11	30272	中性盘
10:28:24	27.5	--	31	85250	卖盘
10:28:21	27.5	--	31	85250	卖盘
10:28:18	27.5	--	5	13750	卖盘
10:28:15	27.5	--	71	195250	卖盘
10:28:12	27.5	--	37	101750	买盘
10:28:09	27.5	--	129	354750	买盘
10:28:06	27.5	0.01	76	209000	买盘
10:28:03	27.49	-0.01	84	230916	卖盘
10:28:00	27.5	--	225	618750	买盘
10:27:57	27.5	--	105	288750	买盘
10:27:54	27.5	--	160	440000	买盘
10:27:51	27.5	--	84	231000	买盘
10:27:48	27.5	--	197	541750	买盘
10:27:45	27.5	--	322	885500	买盘
10:27:42	27.5	0.01	45	123750	买盘
10:27:39	27.49	-0.01	156	428844	卖盘
10:27:36	27.5	--	123	338250	买盘
10:27:33	27.5	0.01	41	112750	买盘
10:27:30	27.49	-0.01	31	85219	卖盘
10:27:27	27.5	--	116	319000	买盘
10:27:24	27.5	0.01	16	44000	买盘
10:27:21	27.49	--	69	189681	卖盘
10:27:18	27.49	--	32	87968	卖盘
10:27:15	27.49	--	15	41235	买盘
10:27:12	27.49	--	141	387609	买盘
10:27:09	27.49	--	31	85219	买盘
10:27:06	27.49	0.01	9	24741	买盘
10:27:03	27.48	0.01	11	30228	中性盘
10:27:00	27.47	-0.02	29	79663	中性盘
10:26:57	27.49	0.03	75	206175	买盘
10:26:54	27.46	0.01	42	115332	买盘
10:26:51	27.45	-0.01	14	38430	卖盘
10:26:48	27.46	0.01	48	131808	买盘
10:26:45	27.45	-0.01	23	63135	卖盘
10:26:42	27.46	0.01	265	727690	买盘
10:26:39	27.45	--	52	142740	买盘
10:26:36	27.45	0.03	112	307440	买盘
10:26:33	27.42	-0.01	18	49356	卖盘
10:26:30	27.43	0.01	9	24687	中性盘
10:26:27	27.42	--	16	43872	卖盘
10:26:24	27.42	--	62	170004	卖盘
10:26:21	27.42	--	46	126132	买盘
10:26:18	27.42	0.02	171	468882	买盘
10:26:15	27.4	-0.02	86	235640	卖盘
10:26:12	27.42	--	139	381138	买盘
10:26:09	27.42	0.01	265	726630	买盘
10:26:06	27.41	-0.01	85	232985	卖盘
10:26:03	27.42	--	35	95970	买盘
10:26:00	27.42	--	69	189198	买盘
10:25:57	27.42	--	52	142584	买盘
10:25:54	27.42	-0.06	133	364686	卖盘
10:25:51	27.48	--	17	46716	买盘
10:25:48	27.48	--	79	217092	买盘
10:25:45	27.48	0.01	61	167628	中性盘
10:25:42	27.47	-0.03	37	101639	卖盘
10:25:39	27.5	0.02	68	187000	买盘
10:25:36	27.48	-0.02	31	85188	卖盘
10:25:33	27.5	--	13	35750	买盘
10:25:30	27.5	--	14	38500	买盘
10:25:27	27.5	--	14	38500	买盘
10:25:24	27.5	-0.16	699	1922250	卖盘
10:25:21	27.66	0.03	178	492348	买盘
10:25:18	27.63	--	9	24867	卖盘
10:25:15	27.63	-0.06	444	1226772	卖盘
10:25:12	27.69	--	75	207675	买盘
10:25:09	27.69	--	97	268593	买盘
10:25:06	27.69	-0.01	118	326742	卖盘
10:25:03	27.7	--	106	293620	买盘
10:25:00	27.7	-0.04	562	1556740	卖盘
10:24:57	27.74	--	77	213598	买盘
10:24:54	27.74	-0.04	248	687952	卖盘
10:24:51	27.78	0.02	318	883404	买盘
10:24:48	27.76	-0.04	148	410848	卖盘
10:24:45	27.8	0.01	170	472600	买盘
10:24:42	27.79	--	146	405734	买盘
10:24:39	27.79	-0.01	97	269563	中性盘
10:24:36	27.8	--	179	497620	买盘
10:24:33	27.8	--	259	720020	买盘
10:24:30	27.8	--	197	547660	买盘
10:24:27	27.8	--	135	375300	买盘
10:24:24	27.8	--	128	355840	买盘
10:24:21	27.8	-0.07	1504	4181120	卖盘
10:24:18	27.87	0.01	40	111480	买盘
10:24:15	27.86	0.04	68	189448	买盘
10:24:12	27.82	-0.01	107	297674	卖盘
10:24:09	27.83	-0.02	28	77924	卖盘
10:24:06	27.85	0.03	137	381545	买盘
10:24:03	27.82	0.01	13	36166	买盘
10:24:00	27.81	--	57	158517	买盘
10:23:57	27.81	0.01	112	313335	买盘
10:23:54	27.8	--	145	403100	买盘
10:23:51	27.8	0.01	231	642180	买盘
10:23:48	27.79	-0.01	222	616938	卖盘
10:23:45	27.8	0.02	209	581020	买盘
10:23:42	27.78	--	100	277800	买盘
10:23:39	27.78	0.01	9	25002	买盘
10:23:36	27.77	--	112	311024	卖盘
10:23:33	27.77	0.01	429	1192721	买盘
10:23:30	27.76	-0.01	70	194320	卖盘
10:23:27	27.77	0.03	29	80533	买盘
10:23:24	27.74	-0.02	61	169214	卖盘
10:23:21	27.76	-0.01	15	41640	中性盘
10:23:18	27.77	0.01	57	158289	买盘
10:23:15	27.76	0.02	36	99936	买盘
10:23:12	27.74	--	15	41610	中性盘
10:23:09	27.74	-0.02	146	405004	卖盘
10:23:06	27.76	0.02	66	183216	买盘
10:23:03	27.74	0.03	48	133152	买盘
10:23:00	27.71	-0.03	152	421192	卖盘
10:22:57	27.74	--	162	449388	卖盘
10:22:54	27.74	--	23	63802	中性盘
10:22:51	27.74	--	50	138700	买盘
10:22:48	27.74	0.02	18	49932	买盘
10:22:45	27.72	--	20	55440	卖盘
10:22:42	27.72	0.01	37	102564	中性盘
10:22:39	27.71	0.01	20	55420	中性盘
10:22:36	27.7	--	70	193900	卖盘
10:22:33	27.7	-0.05	22	60940	卖盘
10:22:30	27.75	0.06	167	463425	买盘
10:22:27	27.69	--	42	116298	买盘
10:22:24	27.69	-0.01	100	276900	卖盘
10:22:21	27.7	--	130	360100	买盘
10:22:18	27.7	0.01	141	390570	买盘
10:22:15	27.69	-0.01	68	188292	卖盘
10:22:12	27.7	-0.06	198	548460	中性盘
10:22:09	27.76	0.06	38	105488	买盘
10:22:06	27.7	-0.06	56	155120	中性盘
10:22:03	27.76	-0.01	20	55520	买盘
10:22:00	27.77	-0.01	192	533184	中性盘
10:21:57	27.78	0.01	74	205572	买盘
10:21:54	27.77	--	350	971950	买盘
10:21:51	27.77	-0.02	147	408219	卖盘
