成交时间	成交价	价格变动	成交量(手)	成交额(元)	性质
15:00:03	15.89	-0.01	1078	1713037	卖盘
14:57:00	15.9	--	2	3180	买盘
14:56:54	15.9	--	25	39750	买盘
14:56:51	15.9	--	9	14310	买盘
14:56:48	15.9	--	4	6360	买盘
14:56:42	15.9	0.01	16	25440	买盘
14:56:39	15.89	-0.01	55	87395	卖盘
14:56:36	15.9	0.01	25	39750	买盘
14:56:33	15.89	--	12	19068	卖盘
14:56:27	15.89	--	12	19068	卖盘
14:56:24	15.89	-0.01	10	15890	卖盘
14:56:21	15.9	0.01	6	9540	买盘
14:56:18	15.89	-0.01	10	15890	卖盘
14:56:15	15.9	0.01	4	6360	买盘
14:56:09	15.89	--	3	4767	卖盘
14:56:03	15.89	--	153	244261	卖盘
14:56:00	15.89	--	2	3178	卖盘
14:55:48	15.89	--	1	1589	卖盘
14:55:45	15.89	--	22	34958	卖盘
14:55:39	15.89	--	42	66738	卖盘
14:55:33	15.89	--	60	95340	卖盘
14:55:24	15.89	-0.01	0	349	卖盘
14:55:15	15.9	0.01	10	15900	买盘
14:55:12	15.89	--	22	34958	卖盘
14:55:09	15.89	-0.01	30	47670	卖盘
14:55:06	15.9	0.01	6	9540	买盘
14:55:00	15.89	-0.01	5	7945	卖盘
14:54:57	15.9	0.01	15	23850	买盘
14:54:51	15.89	-0.01	14	22246	卖盘
14:54:48	15.9	0.01	10	15900	买盘
14:54:42	15.89	--	11	17479	卖盘
14:54:39	15.89	-0.01	5	7945	卖盘
14:54:36	15.9	0.01	8	12720	买盘
14:54:33	15.89	--	10	15890	卖盘
14:54:24	15.89	--	6	9534	卖盘
14:54:21	15.89	--	40	63560	卖盘
14:54:15	15.89	-0.01	6	9534	卖盘
14:54:09	15.9	0.01	5	7950	买盘
14:54:06	15.89	-0.01	10	15890	卖盘
14:54:03	15.9	--	15	23850	买盘
14:53:57	15.9	0.01	6	9540	买盘
14:53:54	15.89	--	13	20657	买盘
14:53:42	15.89	-0.01	308	489412	卖盘
14:53:39	15.9	--	15	23850	卖盘
14:53:30	15.9	--	103	163770	卖盘
14:53:27	15.9	--	31	49290	买盘
14:53:24	15.9	--	5	7950	买盘
14:53:12	15.9	--	70	111300	卖盘
14:53:06	15.9	--	67	106530	买盘
14:53:03	15.9	--	40	63600	买盘
14:53:00	15.9	--	1	1590	卖盘
14:52:57	15.9	-0.01	13	20670	卖盘
14:52:54	15.91	0.01	4	6364	买盘
14:52:51	15.9	--	80	127200	卖盘
14:52:45	15.9	--	40	63600	买盘
14:52:39	15.9	-0.01	110	174900	卖盘
14:52:30	15.91	0.01	5	7955	买盘
14:52:27	15.9	--	207	329130	卖盘
14:52:24	15.9	-0.01	10	15900	卖盘
14:52:21	15.91	--	25	39775	买盘
14:52:15	15.91	0.01	6	9546	买盘
14:52:12	15.9	-0.01	5	7950	卖盘
14:52:09	15.91	0.01	6	9546	买盘
14:52:06	15.9	-0.01	1	1590	卖盘
14:52:00	15.91	--	70	111370	买盘
14:51:51	15.91	--	17	27047	买盘
14:51:48	15.91	0.01	5	7955	买盘
14:51:45	15.9	--	9	14310	卖盘
14:51:39	15.9	--	4	6360	卖盘
14:51:36	15.9	--	77	122430	买盘
14:51:30	15.9	--	17	27030	买盘
14:51:27	15.9	--	35	55650	买盘
14:51:24	15.9	--	1	1590	买盘
14:51:21	15.9	--	35	55650	卖盘
14:51:18	15.9	-0.01	37	58830	卖盘
14:51:12	15.91	0.01	17	27047	买盘
14:51:09	15.9	-0.01	10	15900	卖盘
14:51:06	15.91	0.01	12	19092	买盘
14:51:03	15.9	-0.01	6	9540	卖盘
14:51:00	15.91	0.01	11	17501	买盘
14:50:48	15.9	0.01	14	22260	买盘
14:50:42	15.89	-0.01	9	14301	卖盘
14:50:39	15.9	--	12	19080	买盘
14:50:36	15.9	0.01	66	104940	买盘
14:50:27	15.89	-0.01	28	44492	卖盘
14:50:24	15.9	--	14	22260	买盘
14:50:18	15.9	--	38	60420	买盘
14:50:15	15.9	--	10	15900	买盘
14:50:09	15.9	--	25	39750	卖盘
14:50:03	15.9	-0.01	5	7950	卖盘
14:50:00	15.91	0.01	21	33411	买盘
14:49:54	15.9	--	200	318000	卖盘
14:49:51	15.9	--	43	68370	卖盘
14:49:48	15.9	--	79	125610	买盘
14:49:45	15.9	--	12	19080	买盘
14:49:42	15.9	--	100	159000	买盘
14:49:39	15.9	-0.01	11	17490	卖盘
14:49:33	15.91	0.01	5	7955	买盘
14:49:27	15.9	--	5	7950	卖盘
14:49:24	15.9	-0.01	4	6360	卖盘
14:49:21	15.91	0.01	5	7955	买盘
14:49:18	15.9	-0.01	2	3180	中性盘
14:49:00	15.91	--	5	7955	买盘
14:48:57	15.91	0.01	10	15910	买盘
14:48:51	15.9	--	10	15900	卖盘
14:48:42	15.9	--	10	15900	买盘
14:48:33	15.9	--	1	1590	买盘
14:48:21	15.9	--	16	25440	买盘
14:48:18	15.9	--	2	3180	买盘
14:48:06	15.9	-0.01	203	322770	卖盘
14:47:51	15.91	--	20	31820	买盘
14:47:48	15.91	--	50	79550	买盘
14:47:42	15.91	--	3	4773	买盘
14:47:33	15.91	--	2	3182	买盘
14:47:18	15.91	--	29	46139	卖盘
14:47:15	15.91	--	10	15910	卖盘
14:46:57	15.91	--	1	1591	卖盘
14:46:48	15.91	--	10	15910	卖盘
14:46:45	15.91	--	3	4773	卖盘
14:46:33	15.91	0.02	272	432752	买盘
14:46:24	15.89	-0.01	22	34958	卖盘
14:46:21	15.9	--	3	4770	买盘
14:46:15	15.9	--	2	3180	买盘
14:46:03	15.9	--	21	33390	卖盘
14:46:00	15.9	--	30	47700	卖盘
14:45:57	15.9	--	50	79500	卖盘
14:45:51	15.9	--	118	187620	买盘
14:45:39	15.9	-0.01	35	55650	卖盘
14:45:36	15.91	--	7	11137	买盘
14:45:27	15.91	0.01	53	84323	买盘
14:45:18	15.9	--	10	15900	卖盘
14:45:15	15.9	--	1	1590	卖盘
14:45:03	15.9	--	16	25440	卖盘
14:44:57	15.9	--	10	15900	卖盘
14:44:54	15.9	--	36	57240	卖盘
14:44:51	15.9	-0.01	13	20670	卖盘
14:44:48	15.91	--	6	9546	买盘
14:44:45	15.91	0.01	18	28638	买盘
14:44:36	15.9	--	48	76320	卖盘
14:44:33	15.9	-0.01	11	17490	卖盘
14:44:30	15.91	--	20	31820	买盘
14:44:12	15.91	0.01	100	159100	买盘
14:44:00	15.9	--	2	3180	卖盘
14:43:51	15.9	--	10	15900	卖盘
14:43:48	15.9	--	3	4770	卖盘
14:43:42	15.9	--	5	7950	卖盘
14:43:39	15.9	--	11	17490	卖盘
14:43:36	15.9	0.01	27	42930	买盘
14:43:30	15.89	--	4	6356	卖盘
14:43:27	15.89	-0.01	40	63560	卖盘
14:43:24	15.9	--	22	34980	卖盘
14:43:18	15.9	--	28	44520	买盘
14:43:15	15.9	0.01	47	74730	买盘
14:43:06	15.89	-0.01	20	31780	卖盘
14:43:03	15.9	--	29	46110	买盘
14:42:57	15.9	0.01	50	79500	买盘
14:42:45	15.89	-0.01	10	15890	卖盘
14:42:42	15.9	--	24	38160	买盘
14:42:39	15.9	0.01	7	11130	买盘
14:42:33	15.89	--	3	4767	卖盘
14:42:30	15.89	--	1	1589	卖盘
14:42:27	15.89	--	5	7945	卖盘
14:42:21	15.89	-0.01	99	157311	卖盘
14:42:18	15.9	0.01	11	17490	买盘
14:42:09	15.89	-0.01	10	15890	卖盘
14:42:00	15.9	--	2	3180	买盘
14:41:57	15.9	0.01	6	9540	买盘
14:41:51	15.89	-0.01	16	25424	卖盘
14:41:42	15.9	0.01	8	12720	买盘
14:41:33	15.89	-0.01	2	3178	卖盘
14:41:06	15.9	0.01	20	31800	买盘
14:41:03	15.89	-0.01	20	31780	卖盘
14:41:00	15.9	--	6	9540	买盘
14:40:57	15.9	0.01	46	73140	买盘
14:40:54	15.89	--	1	1589	卖盘
14:40:33	15.89	--	9	14301	卖盘
14:40:30	15.89	--	10	15890	卖盘
14:40:24	15.89	-0.01	5	7945	卖盘
14:40:15	15.9	0.01	20	31800	买盘
14:40:06	15.89	--	2	3178	买盘
14:40:00	15.89	--	9	14301	买盘
14:39:39	15.89	0.01	6	9534	买盘
14:39:33	15.88	-0.01	11	17468	卖盘
14:39:06	15.89	--	18	28602	买盘
14:39:03	15.89	0.01	3	4767	中性盘
14:38:54	15.88	-0.02	43	69078	卖盘
14:38:48	15.9	0.02	30	47700	买盘
14:38:27	15.88	--	10	15880	卖盘
14:37:45	15.88	-0.01	10	15880	卖盘
14:37:36	15.89	0.01	3	4767	买盘
14:37:24	15.88	--	62	98456	卖盘
14:37:15	15.88	-0.01	2	3176	卖盘
14:37:03	15.89	--	1	1589	买盘
14:36:54	15.89	--	1	1589	买盘
14:36:39	15.89	--	2	3178	卖盘
14:36:36	15.89	--	3	4767	买盘
14:36:27	15.89	--	4	6356	买盘
14:36:15	15.89	--	3	4767	买盘
14:36:09	15.89	--	3	4767	买盘
14:35:54	15.89	--	4	6356	买盘
14:35:51	15.89	--	62	98518	买盘
14:35:48	15.89	--	2	3178	买盘
14:35:39	15.89	0.01	5	7945	买盘
14:35:24	15.88	0.01	294	466872	买盘
14:35:15	15.87	0.01	2	3174	买盘
14:35:12	15.86	-0.01	21	33306	卖盘
14:34:45	15.87	0.01	2	3174	买盘
14:34:27	15.86	--	20	31720	卖盘
14:34:21	15.86	--	29	45994	卖盘
14:34:18	15.86	--	13	20618	卖盘
14:34:09	15.86	0.01	45	71370	中性盘
14:34:03	15.85	-0.01	5	7925	卖盘
14:34:00	15.86	--	47	74542	买盘
14:33:57	15.86	0.01	2	3172	买盘
14:33:48	15.85	-0.01	12	19020	卖盘
14:33:42	15.86	0.01	26	41236	买盘
14:33:33	15.85	-0.01	2	3170	卖盘
14:33:30	15.86	--	7	11102	买盘
14:33:18	15.86	-0.01	88	139568	卖盘
14:33:09	15.87	-0.01	10	15870	卖盘
14:33:03	15.88	0.01	10	15880	买盘
14:33:00	15.87	-0.01	30	47610	卖盘
14:32:42	15.88	--	32	50816	卖盘
14:32:33	15.88	--	4	6352	卖盘
14:32:21	15.88	--	9	14292	卖盘
14:32:18	15.88	-0.01	7	11116	买盘
14:32:12	15.89	0.01	50	79450	买盘
14:32:09	15.88	--	11	17468	卖盘
14:32:06	15.88	--	46	73048	卖盘
14:32:03	15.88	--	10	15880	卖盘
14:31:57	15.88	--	13	20644	卖盘
14:31:51	15.88	--	2	3176	卖盘
14:31:39	15.88	--	10	15880	卖盘
14:31:33	15.88	-0.01	100	158800	卖盘
14:31:30	15.89	--	6	9534	买盘
14:31:21	15.89	-0.01	123	195447	卖盘
14:31:12	15.9	0.01	5	7950	买盘
14:31:06	15.89	-0.01	160	254240	卖盘
14:31:03	15.9	--	25	39750	卖盘
14:30:54	15.9	--	3	4770	卖盘
14:30:51	15.9	--	55	87450	卖盘
14:30:24	15.9	--	20	31800	卖盘
14:30:21	15.9	--	5	7950	卖盘
14:30:15	15.9	--	5	7950	卖盘
14:29:57	15.9	--	51	81090	卖盘
14:29:48	15.9	--	4	6360	卖盘
14:29:42	15.9	--	59	93810	卖盘
14:29:18	15.9	--	16	25440	卖盘
14:29:12	15.9	-0.01	3	4770	卖盘
14:28:57	15.91	0.01	8	12728	买盘
14:28:51	15.9	--	2	3180	卖盘
14:28:48	15.9	-0.01	17	27030	卖盘
14:28:36	15.91	--	2	3182	买盘
14:28:30	15.91	--	11	17501	买盘
14:28:27	15.91	--	6	9546	买盘
14:28:24	15.91	--	4	6364	买盘
14:28:21	15.91	--	30	47730	买盘
14:28:09	15.91	--	7	11137	买盘
14:28:06	15.91	--	1	1591	买盘
14:28:00	15.91	--	154	245014	卖盘
14:27:39	15.91	--	78	124098	买盘
14:27:18	15.91	--	20	31820	买盘
14:26:54	15.91	--	10	15910	买盘
14:26:39	15.91	--	10	15910	买盘
14:26:33	15.91	0.01	5	7955	买盘
14:26:27	15.9	-0.01	5	7950	卖盘
14:26:24	15.91	0.01	2	3182	买盘
14:26:18	15.9	--	2	3180	卖盘
14:25:54	15.9	--	5	7950	卖盘
14:25:51	15.9	--	2	3180	卖盘
14:25:36	15.9	--	60	95400	买盘
14:25:24	15.9	--	10	15900	买盘
14:25:21	15.9	--	2	3180	买盘
14:25:18	15.9	--	2	3180	买盘
14:25:12	15.9	--	15	23850	买盘
14:25:06	15.9	--	12	19080	买盘
14:24:54	15.9	--	7	11130	买盘
14:24:48	15.9	--	25	39750	买盘
14:24:39	15.9	--	3	4770	买盘
14:24:36	15.9	--	11	17490	买盘
14:24:24	15.9	-0.01	76	120840	卖盘
14:24:15	15.91	0.01	189	300699	买盘
14:24:00	15.9	--	7	11130	卖盘
14:23:54	15.9	--	16	25440	卖盘
14:23:33	15.9	-0.01	400	636000	卖盘
14:23:21	15.91	--	20	31820	买盘
14:23:12	15.91	--	4	6364	买盘
14:23:06	15.91	--	9	14319	买盘
14:23:00	15.91	--	9	14319	买盘
14:22:51	15.91	--	1	1591	中性盘
14:22:45	15.91	-0.01	300	477300	卖盘
14:22:39	15.92	--	2	3184	买盘
14:22:36	15.92	0.01	20	31840	买盘
14:22:24	15.91	-0.01	42	66822	卖盘
14:22:18	15.92	0.01	5	7960	买盘
14:22:09	15.91	-0.01	3	4773	卖盘
14:22:00	15.92	0.01	6	9552	买盘
14:21:57	15.91	-0.01	1	1591	卖盘
14:21:54	15.92	0.01	11	17512	买盘
14:21:24	15.91	--	9	14319	卖盘
14:21:06	15.91	-0.01	3	4773	卖盘
14:20:51	15.92	--	2	3184	买盘
14:20:48	15.92	--	13	20696	买盘
14:20:36	15.92	--	8	12736	买盘
14:20:33	15.92	-0.01	123	195816	卖盘
14:20:27	15.93	--	1	1593	买盘
14:20:24	15.93	0.01	30	47790	买盘
14:20:21	15.92	-0.01	5	7960	卖盘
14:20:12	15.93	0.01	3	4779	买盘
14:19:51	15.92	--	43	68456	买盘
14:19:45	15.92	--	53	84376	买盘
14:19:42	15.92	--	1	1592	买盘
14:19:39	15.92	--	30	47760	买盘
14:19:36	15.92	--	5	7960	买盘
14:19:30	15.92	--	227	361384	买盘
14:19:27	15.92	--	63	100296	买盘
14:19:15	15.92	--	7	11144	买盘
14:19:12	15.92	--	24	38208	买盘
14:19:03	15.92	--	28	44576	买盘
14:18:48	15.92	--	25	39800	买盘
14:18:33	15.92	--	3	4776	买盘
14:18:30	15.92	0.01	8	12736	买盘
14:18:27	15.91	-0.01	2	3182	卖盘
14:18:21	15.92	--	60	95520	买盘
14:18:06	15.92	-0.01	110	175120	中性盘
14:17:42	15.93	0.01	322	512946	买盘
14:17:33	15.92	--	14	22288	买盘
14:16:24	15.92	--	50	79600	买盘
14:16:15	15.92	-0.01	137	218104	卖盘
14:16:12	15.93	--	30	47790	买盘
14:16:03	15.93	--	8	12744	买盘
14:15:54	15.93	0.01	10	15930	买盘
14:15:45	15.92	--	1	1592	卖盘
14:15:39	15.92	-0.01	6	9552	卖盘
14:15:33	15.93	0.01	3	4779	买盘
14:15:06	15.92	--	138	219696	买盘
14:15:00	15.92	--	326	518992	买盘
14:14:42	15.92	--	81	128952	买盘
14:14:36	15.92	--	95	151240	买盘
14:14:33	15.92	--	32	50944	买盘
14:14:03	15.92	0.01	16	25472	买盘
14:13:39	15.91	0.01	100	159100	中性盘
14:13:09	15.9	--	9	14310	卖盘
14:13:06	15.9	--	34	54060	卖盘
14:12:57	15.9	-0.02	100	159000	卖盘
14:12:33	15.92	0.02	2	3184	买盘
14:12:27	15.9	--	19	30210	卖盘
14:12:24	15.9	--	100	159000	卖盘
14:11:30	15.9	--	24	38160	卖盘
14:11:00	15.9	--	10	15900	卖盘
14:10:45	15.9	-0.02	100	159000	卖盘
14:10:39	15.92	0.02	26	41392	买盘
14:10:30	15.9	--	1	1590	卖盘
14:10:06	15.9	--	10	15900	卖盘
14:10:00	15.9	--	8	12720	卖盘
14:09:24	15.9	--	2	3180	卖盘
14:09:12	15.9	--	6	9540	卖盘
14:09:03	15.9	--	16	25440	卖盘
14:08:48	15.9	--	61	96990	卖盘
14:08:33	15.9	--	1	1590	卖盘
14:08:27	15.9	--	6	9540	卖盘
14:08:21	15.9	--	5	7950	卖盘
14:07:39	15.9	--	2	3180	买盘
14:07:21	15.9	--	51	81090	买盘
14:07:15	15.9	--	448	712320	卖盘
14:07:00	15.9	-0.02	10	15900	卖盘
14:06:48	15.92	--	3	4776	买盘
14:06:36	15.92	--	31	49352	卖盘
14:06:27	15.92	--	73	116216	卖盘
14:06:18	15.92	-0.01	200	318400	卖盘
14:06:03	15.93	0.01	1	1593	买盘
14:05:54	15.92	0.02	392	624064	买盘
14:05:48	15.9	-0.01	300	477000	卖盘
14:05:45	15.91	--	10	15910	卖盘
14:05:42	15.91	--	20	31820	卖盘
14:05:30	15.91	--	32	50912	买盘
14:05:27	15.91	--	30	47730	买盘
14:05:09	15.91	--	46	73186	卖盘
14:04:30	15.91	--	11	17501	买盘
14:04:21	15.91	--	20	31820	买盘
14:04:06	15.91	--	12	19092	买盘
14:04:03	15.91	--	6	9546	买盘
14:04:00	15.91	--	8	12728	买盘
14:03:54	15.91	--	2	3182	买盘
14:03:48	15.91	--	56	89096	买盘
14:03:42	15.91	0.01	5	7955	中性盘
14:03:27	15.9	--	30	47700	卖盘
14:03:21	15.9	--	13	20670	买盘
14:03:18	15.9	--	7	11130	买盘
14:03:15	15.9	--	29	46110	卖盘
14:03:06	15.9	--	10	15900	卖盘
14:03:03	15.9	--	10	15900	买盘
14:03:00	15.9	0.01	2	3180	中性盘
14:02:54	15.89	-0.01	3	4767	卖盘
14:02:42	15.9	--	10	15900	买盘
14:02:39	15.9	0.01	67	106530	买盘
14:02:33	15.89	-0.01	5	7945	卖盘
14:02:18	15.9	--	31	49290	买盘
14:02:09	15.9	--	24	38160	卖盘
14:02:06	15.9	-0.01	12	19080	卖盘
14:02:00	15.91	0.01	2	3182	买盘
14:01:54	15.9	--	3	4770	卖盘
14:01:45	15.9	-0.01	3	4770	卖盘
14:01:42	15.91	0.01	2	3182	中性盘
14:01:15	15.9	--	20	31800	卖盘
14:01:00	15.9	--	30	47700	卖盘
14:00:51	15.9	-0.02	5	7950	卖盘
14:00:24	15.92	--	2	3184	买盘
13:59:45	15.92	--	20	31840	买盘
13:59:42	15.92	--	1	1592	买盘
13:59:27	15.92	--	3	4776	买盘
13:59:24	15.92	0.02	18	28656	买盘
13:59:03	15.9	--	82	130380	卖盘
13:59:00	15.9	--	1	1590	卖盘
13:58:51	15.9	--	5	7950	卖盘
13:58:33	15.9	--	5	7950	卖盘
13:58:24	15.9	--	5	7950	卖盘
13:58:09	15.9	--	34	54060	买盘
13:57:54	15.9	--	4	6360	买盘
13:57:48	15.9	--	3	4770	买盘
13:57:39	15.9	0.01	20	31800	买盘
13:57:36	15.89	-0.01	101	160489	卖盘
13:57:33	15.9	--	30	47700	买盘
13:57:30	15.9	0.01	3	4770	买盘
13:57:21	15.89	-0.01	22	34958	卖盘
13:57:09	15.9	--	11	17490	买盘
13:57:03	15.9	--	1	1590	买盘
13:56:57	15.9	--	112	178080	卖盘
13:56:51	15.9	-0.01	30	47700	卖盘
13:56:39	15.91	-0.01	5	7955	中性盘
13:56:12	15.92	--	23	36616	买盘
13:56:09	15.92	--	3	4776	买盘
13:55:51	15.92	--	2	3184	买盘
13:55:42	15.92	0.01	6	9552	买盘
13:55:39	15.91	-0.01	54	85914	卖盘
13:55:24	15.92	--	10	15920	买盘
13:54:51	15.92	--	20	31840	买盘
13:54:45	15.92	--	4	6368	买盘
13:54:39	15.92	--	6	9552	买盘
13:54:36	15.92	--	2	3184	买盘
13:54:33	15.92	--	100	159200	买盘
13:54:27	15.92	-0.01	175	278600	卖盘
13:54:12	15.93	--	3	4779	买盘
13:54:09	15.93	0.01	7	11151	买盘
13:54:00	15.92	-0.01	5	7960	卖盘
13:53:36	15.93	0.01	10	15930	买盘
13:53:03	15.92	-0.01	3	4776	卖盘
13:52:57	15.93	--	5	7965	买盘
13:52:48	15.93	0.01	8	12744	买盘
13:52:45	15.92	-0.01	5	7960	卖盘
13:52:42	15.93	0.02	18	28674	买盘
13:52:18	15.91	--	2	3182	卖盘
13:51:51	15.91	-0.02	62	98642	卖盘
13:51:36	15.93	--	1	1593	买盘
13:51:30	15.93	--	2	3186	买盘
13:51:24	15.93	--	1	1593	买盘
13:51:03	15.93	--	346	551178	卖盘
13:50:51	15.93	-0.01	10	15930	卖盘
13:50:48	15.94	--	60	95640	买盘
13:50:36	15.94	0.01	13	20722	买盘
13:50:24	15.93	--	20	31860	卖盘
13:50:18	15.93	--	76	121068	卖盘
13:50:06	15.93	0.03	23	36639	买盘
13:50:00	15.9	--	18	28620	买盘
13:49:48	15.9	-0.03	19	30210	卖盘
13:49:33	15.93	0.02	14	22302	买盘
13:49:30	15.91	--	5	7955	买盘
13:49:21	15.91	-0.03	25	39775	卖盘
13:49:18	15.94	--	1	1594	买盘
13:49:12	15.94	0.01	10	15940	买盘
13:49:06	15.93	-0.01	1	1593	中性盘
13:48:51	15.94	0.03	16	25504	买盘
13:48:45	15.91	-0.03	7	11137	卖盘
13:48:36	15.94	--	20	31880	买盘
13:48:27	15.94	--	70	111580	买盘
13:48:00	15.94	--	10	15940	买盘
13:47:57	15.94	0.04	27	43038	买盘
13:47:51	15.9	--	2	3180	买盘
13:47:48	15.9	-0.01	111	176490	卖盘
13:47:30	15.91	-0.03	11	17501	卖盘
13:47:18	15.94	--	1	1594	买盘
13:47:06	15.94	0.04	4	6376	中性盘
13:46:30	15.9	-0.04	500	795000	卖盘
13:46:24	15.94	--	5	7970	卖盘
13:46:18	15.94	-0.01	30	47820	卖盘
13:45:51	15.95	--	8	12760	买盘
13:45:42	15.95	--	7	11165	买盘
13:45:30	15.95	0.01	20	31900	买盘
13:45:18	15.94	-0.01	10	15940	卖盘
13:45:12	15.95	--	11	17545	卖盘
13:45:00	15.95	--	28	44660	卖盘
13:44:57	15.95	--	271	432245	买盘
13:44:54	15.95	0.01	5	7975	买盘
13:44:45	15.94	--	30	47820	买盘
13:44:42	15.94	--	11	17534	买盘
13:44:30	15.94	--	1	1594	买盘
13:44:03	15.94	0.01	5	7970	买盘
13:43:57	15.93	--	6	9558	卖盘
13:43:54	15.93	--	7	11151	买盘
13:43:48	15.93	--	21	33453	卖盘
13:43:42	15.93	--	5	7965	卖盘
13:43:27	15.93	0.01	31	49383	买盘
13:43:21	15.92	--	41	65272	卖盘
13:43:18	15.92	--	9	14328	卖盘
13:42:39	15.92	--	2	3184	卖盘
13:42:36	15.92	-0.02	5	7960	卖盘
13:42:12	15.94	--	2	3188	买盘
13:41:51	15.94	0.02	6	9564	买盘
13:41:27	15.92	--	2	3184	卖盘
13:41:24	15.92	--	1	1592	卖盘
13:41:12	15.92	-0.01	105	167160	卖盘
13:41:09	15.93	--	1	1593	买盘
13:40:57	15.93	0.01	12	19116	中性盘
13:40:42	15.92	-0.01	100	159200	卖盘
13:40:33	15.93	-0.01	10	15930	卖盘
13:40:30	15.94	0.01	1	1594	买盘
13:40:27	15.93	--	29	46197	卖盘
13:40:24	15.93	--	9	14337	卖盘
13:39:57	15.93	--	15	23895	买盘
13:39:51	15.93	0.01	5	7965	中性盘
13:39:24	15.92	--	15	23880	卖盘
13:39:21	15.92	-0.02	10	15920	卖盘
13:39:15	15.94	0.01	31	49414	买盘
13:39:09	15.93	--	14	22302	买盘
13:39:06	15.93	0.01	5	7965	买盘
13:39:03	15.92	-0.01	23	36616	卖盘
13:38:39	15.93	--	3	4779	卖盘
13:38:36	15.93	--	2	3186	买盘
13:38:30	15.93	--	1	1593	买盘
13:38:21	15.93	0.01	21	33453	买盘
13:38:15	15.92	--	5	7960	卖盘
13:38:06	15.92	0.01	2	3184	买盘
13:37:42	15.91	-0.01	50	79550	卖盘
13:37:39	15.92	0.01	1	1592	中性盘
13:37:15	15.91	--	8	12728	卖盘
13:37:00	15.91	--	2	3182	卖盘
13:36:54	15.91	--	10	15910	卖盘
13:36:30	15.91	--	30	47730	卖盘
13:36:27	15.91	-0.01	40	63640	卖盘
13:36:24	15.92	0.01	6	9552	买盘
13:36:15	15.91	--	29	46139	买盘
13:35:57	15.91	--	75	119325	卖盘
13:35:54	15.91	-0.01	10	15910	卖盘
13:35:51	15.92	0.01	12	19104	买盘
13:35:48	15.91	-0.01	2	3182	卖盘
13:35:30	15.92	--	7	11144	买盘
13:35:27	15.92	--	20	31840	买盘
13:35:24	15.92	--	5	7960	卖盘
13:35:12	15.92	-0.01	22	35024	卖盘
13:35:03	15.93	0.01	10	15930	买盘
13:35:00	15.92	--	58	92336	中性盘
13:34:48	15.92	--	3	4776	买盘
13:34:45	15.92	--	37	58904	买盘
13:34:33	15.92	--	3	4776	买盘
13:34:30	15.92	--	127	202184	卖盘
13:34:15	15.92	--	10	15920	卖盘
13:34:00	15.92	--	10	15920	卖盘
13:33:57	15.92	--	4	6368	买盘
13:33:54	15.92	-0.02	30	47760	卖盘
13:33:51	15.94	0.02	28	44632	买盘
13:33:45	15.92	-0.01	100	159200	卖盘
13:33:39	15.93	-0.01	39	62127	卖盘
13:33:33	15.94	--	108	172152	买盘
13:33:30	15.94	-0.01	224	357056	卖盘
13:33:27	15.95	--	60	95700	买盘
13:33:24	15.95	--	224	357280	卖盘
13:33:21	15.95	-0.01	5	7975	卖盘
13:33:18	15.96	--	4	6384	买盘
13:33:00	15.96	0.01	5	7980	买盘
13:32:54	15.95	-0.01	11	17545	卖盘
13:32:42	15.96	--	1	1596	买盘
13:32:33	15.96	-0.01	113	180348	卖盘
13:32:27	15.97	--	5	7985	买盘
13:32:24	15.97	0.01	2	3194	买盘
13:32:12	15.96	--	266	424536	买盘
13:32:09	15.96	--	100	159600	买盘
13:31:57	15.96	0.01	2	3192	买盘
13:31:54	15.95	--	10	15950	卖盘
13:31:48	15.95	--	3	4785	买盘
13:31:45	15.95	--	24	38280	买盘
13:31:27	15.95	--	45	71775	卖盘
13:31:24	15.95	--	32	51040	卖盘
13:31:21	15.95	--	141	224895	买盘
13:31:12	15.95	--	17	27115	卖盘
13:31:03	15.95	-0.01	5	7975	卖盘
13:30:48	15.96	--	3	4788	买盘
13:30:45	15.96	0.02	50	79800	买盘
13:30:36	15.94	-0.01	37	58978	卖盘
13:30:33	15.95	--	16	25520	卖盘
13:30:30	15.95	-0.01	12	19140	中性盘
13:30:21	15.96	--	6	9576	买盘
13:30:15	15.96	0.01	10	15960	买盘
13:30:12	15.95	-0.01	95	151525	卖盘
13:30:09	15.96	--	20	31920	买盘
13:30:06	15.96	--	15	23940	买盘
13:30:03	15.96	0.01	30	47880	买盘
13:29:57	15.95	-0.01	10	15950	卖盘
13:29:51	15.96	-0.01	10	15960	中性盘
13:29:48	15.97	0.02	50	79850	买盘
13:29:42	15.95	-0.01	87	138765	中性盘
13:29:30	15.96	0.01	3	4788	买盘
13:29:21	15.95	--	9	14355	卖盘
13:29:18	15.95	-0.01	30	47850	卖盘
13:29:15	15.96	--	10	15960	买盘
13:29:12	15.96	--	3	4788	买盘
13:29:09	15.96	--	18	28728	卖盘
13:29:03	15.96	--	12	19152	卖盘
13:29:00	15.96	--	34	54264	卖盘
13:28:57	15.96	-0.01	50	79800	卖盘
13:28:54	15.97	0.01	29	46313	买盘
13:28:51	15.96	-0.01	40	63840	卖盘
13:28:48	15.97	--	22	35134	买盘
13:28:45	15.97	-0.02	296	472712	卖盘
13:28:42	15.99	--	114	182286	卖盘
13:28:39	15.99	--	20	31980	卖盘
13:28:36	15.99	0.01	454	725946	买盘
13:28:30	15.98	--	62	99076	卖盘
13:28:24	15.98	-0.01	89	142222	卖盘
13:28:21	15.99	0.01	3	4797	中性盘
13:28:18	15.98	-0.02	28	44744	卖盘
13:28:15	16.0	0.01	47	75200	买盘
13:28:12	15.99	0.01	56	89544	买盘
13:28:09	15.98	-0.01	6	9588	卖盘
13:28:03	15.99	--	14	22386	中性盘
13:27:54	15.99	--	34	54366	卖盘
13:27:48	15.99	--	65	103935	卖盘
13:27:45	15.99	-0.02	2	3198	卖盘
13:27:39	16.01	0.02	108	172908	买盘
13:27:33	15.99	--	7	11193	买盘
13:27:30	15.99	0.01	7	11193	买盘
13:27:27	15.98	--	243	388314	买盘
13:27:24	15.98	--	6	9588	买盘
13:27:21	15.98	0.01	100	159800	买盘
13:27:18	15.97	-0.01	342	546174	卖盘
13:27:15	15.98	0.01	144	230112	买盘
13:27:12	15.97	-0.01	314	501458	卖盘
13:27:09	15.98	-0.02	233	372334	卖盘
13:27:06	16.0	-0.01	5	8000	卖盘
13:27:03	16.01	0.01	10	16010	买盘
13:27:00	16.0	0.03	3	4800	买盘
13:26:51	15.97	0.01	4	6388	买盘
13:26:36	15.96	0.01	30	47880	买盘
13:26:33	15.95	--	16	25520	买盘
13:26:30	15.95	--	63	100485	买盘
13:26:27	15.95	--	28	44660	买盘
13:26:24	15.95	--	49	78155	买盘
13:26:21	15.95	--	119	189805	买盘
13:26:15	15.95	0.01	8	12760	买盘
13:26:03	15.94	--	20	31880	卖盘
13:26:00	15.94	0.01	42	66948	买盘
13:25:54	15.93	-0.01	2	3186	买盘
13:25:48	15.94	0.03	1	1594	中性盘
13:25:21	15.91	--	5	7955	买盘
13:25:18	15.91	--	5	7955	买盘
13:25:09	15.91	-0.05	11	17501	卖盘
13:25:03	15.96	-0.01	35	55860	中性盘
13:25:00	15.97	--	10	15970	买盘
13:24:57	15.97	0.06	40	63880	中性盘
13:24:54	15.91	-0.07	44	70004	中性盘
13:24:51	15.98	--	6	9588	买盘
13:24:48	15.98	-0.02	40	63920	买盘
13:24:45	16.0	-0.02	258	412800	卖盘
13:24:42	16.02	--	80	128160	买盘
13:24:39	16.02	--	114	182628	买盘
13:24:36	16.02	--	521	834642	买盘
13:24:33	16.02	--	259	414918	买盘
13:24:30	16.02	--	1666	2668932	买盘
13:24:27	16.02	--	46	73692	买盘
13:24:24	16.02	--	139	222678	买盘
13:24:21	16.02	--	328	525456	买盘
13:24:18	16.02	0.01	392	627984	买盘
13:24:15	16.01	--	99	158499	卖盘
13:24:12	16.01	--	460	736460	卖盘
13:24:09	16.01	--	224	358624	卖盘
13:24:06	16.01	--	2051	3283651	卖盘
13:24:03	16.01	--	215	344215	买盘
13:24:00	16.01	--	29	46429	买盘
13:23:57	16.01	--	12	19212	买盘
13:23:54	16.01	--	12	19212	买盘
13:23:51	16.01	--	286	457886	买盘
13:23:48	16.01	0.01	1268	2030068	买盘
13:23:45	16.0	--	279	446400	卖盘
13:23:42	16.0	0.03	2209	3534400	买盘
13:23:39	15.97	-0.01	16	25552	中性盘
13:23:24	15.98	0.06	1000	1598000	买盘
13:23:12	15.92	0.08	1000	1592000	买盘
13:23:09	15.84	--	11	17424	卖盘
13:23:03	15.84	0.01	60	95040	买盘
13:23:00	15.83	--	11	17413	卖盘
13:22:33	15.83	--	1	1583	买盘
13:22:27	15.83	0.01	3	4749	买盘
13:22:12	15.82	-0.01	2	3164	卖盘
13:21:54	15.83	0.01	23	36409	买盘
13:21:45	15.82	--	22	34804	买盘
13:21:06	15.82	-0.02	105	166110	卖盘
13:20:45	15.84	--	10	15840	买盘
13:20:42	15.84	0.02	13	20592	买盘
13:20:39	15.82	--	10	15820	卖盘
13:20:27	15.82	0.01	10	15820	中性盘
13:20:18	15.81	0.01	4	6324	中性盘
13:20:00	15.8	--	143	225940	买盘
13:19:57	15.8	--	23	36340	买盘
13:19:54	15.8	--	29	45820	买盘
13:19:36	15.8	--	27	42660	买盘
13:19:33	15.8	--	75	118500	买盘
13:19:30	15.8	--	110	173800	买盘
13:19:27	15.8	--	25	39500	买盘
13:19:24	15.8	--	60	94800	买盘
13:19:15	15.8	--	8	12640	买盘
13:19:12	15.8	0.01	30	47400	买盘
13:19:09	15.79	-0.01	20	31580	卖盘
13:19:00	15.8	--	25	39500	买盘
13:18:57	15.8	--	30	47400	买盘
13:18:48	15.8	--	4	6320	买盘
13:18:36	15.8	--	30	47400	买盘
13:18:33	15.8	--	10	15800	买盘
13:18:30	15.8	--	199	314420	买盘
13:18:27	15.8	--	20	31600	买盘
13:18:12	15.8	--	20	31600	买盘
13:17:54	15.8	--	5	7900	买盘
13:17:48	15.8	-0.05	1142	1804360	卖盘
13:17:39	15.85	--	19	30115	卖盘
13:17:27	15.85	-0.01	4	6340	卖盘
13:17:09	15.86	--	2	3172	买盘
13:16:39	15.86	--	10	15860	买盘
13:16:33	15.86	--	7	11102	卖盘
13:16:30	15.86	0.01	16	25376	买盘
13:16:21	15.85	-0.01	7	11095	卖盘
13:16:12	15.86	0.01	13	20618	买盘
13:16:03	15.85	-0.01	7	11095	中性盘
13:15:33	15.86	--	1	1586	卖盘
13:15:24	15.86	0.06	1	1586	中性盘
13:14:57	15.8	--	119	188020	买盘
13:14:51	15.8	--	143	225940	买盘
13:14:48	15.8	0.01	25	39500	买盘
13:14:45	15.79	-0.01	1696	2677984	卖盘
13:14:42	15.8	--	114	180120	买盘
13:14:39	15.8	--	10	15800	买盘
13:14:30	15.8	--	1	1580	买盘
13:14:24	15.8	--	2	3160	买盘
13:14:06	15.8	--	4	6320	买盘
13:13:51	15.8	--	30	47400	买盘
13:13:48	15.8	--	4	6320	买盘
13:13:45	15.8	--	5	7900	买盘
13:13:42	15.8	--	104	164320	买盘
13:13:36	15.8	--	214	338120	买盘
13:13:33	15.8	--	130	205400	买盘
13:13:21	15.8	--	5	7900	买盘
13:13:15	15.8	--	8	12640	买盘
13:13:12	15.8	--	49	77420	买盘
13:13:06	15.8	--	18	28440	买盘
13:13:00	15.8	--	31	48980	买盘
13:12:57	15.8	--	103	162740	买盘
13:12:51	15.8	--	54	85320	买盘
13:12:42	15.8	--	1	1580	买盘
13:12:36	15.8	-0.09	1549	2447420	卖盘
13:12:30	15.89	--	16	25424	买盘
13:12:00	15.89	0.01	1	1589	买盘
13:11:48	15.88	--	7	11116	买盘
13:11:45	15.88	--	1	1588	买盘
13:11:42	15.88	--	33	52404	买盘
13:11:36	15.88	0.01	30	47640	买盘
13:10:51	15.87	--	1	1587	买盘
13:10:45	15.87	--	1	1587	卖盘
13:10:36	15.87	--	13	20631	卖盘
13:10:30	15.87	-0.01	23	36501	卖盘
13:10:24	15.88	--	1	1588	买盘
13:10:21	15.88	--	100	158800	买盘
13:10:03	15.88	--	2	3176	买盘
13:09:57	15.88	--	41	65108	卖盘
13:09:36	15.88	--	10	15880	卖盘
13:09:30	15.88	-0.01	10	15880	卖盘
13:09:24	15.89	0.01	2	3178	买盘
13:09:18	15.88	-0.01	3	4764	卖盘
13:09:00	15.89	--	1	1589	买盘
13:08:51	15.89	--	27	42903	卖盘
13:08:30	15.89	--	36	57204	买盘
13:08:18	15.89	--	14	22246	卖盘
13:08:12	15.89	--	16	25424	买盘
13:07:48	15.89	--	40	63560	买盘
13:07:39	15.89	0.01	2	3178	买盘
13:07:33	15.88	-0.01	13	20644	卖盘
13:07:12	15.89	0.01	6	9534	买盘
13:07:09	15.88	-0.01	3	4764	卖盘
13:07:00	15.89	--	7	11123	买盘
13:06:57	15.89	--	5	7945	买盘
13:06:36	15.89	-0.01	9	14301	中性盘
13:06:21	15.9	--	5	7950	买盘
13:06:18	15.9	--	69	109710	买盘
13:06:12	15.9	--	156	248246	卖盘
13:06:03	15.9	0.02	43	69753	买盘
13:05:51	15.88	-0.02	12	19056	卖盘
13:05:30	15.9	--	3	4976	卖盘
13:05:06	15.9	0.02	244	389343	买盘
13:04:57	15.88	-0.02	58	92104	卖盘
13:04:39	15.9	--	82	130586	卖盘
13:04:33	15.9	-0.01	340	540600	卖盘
13:04:27	15.91	0.01	7	11137	买盘
13:04:21	15.9	-0.01	5	7950	卖盘
13:04:09	15.91	--	8	12728	卖盘
13:04:00	15.91	-0.01	2	3182	中性盘
13:03:54	15.92	0.02	19	30248	买盘
13:03:45	15.9	-0.02	508	807720	卖盘
13:03:27	15.92	0.02	2	3184	买盘
13:03:21	15.9	-0.02	34	54060	卖盘
13:03:15	15.92	0.02	1	1592	买盘
13:03:12	15.9	-0.02	49	77910	卖盘
13:03:03	15.92	0.01	114	181488	买盘
13:03:00	15.91	--	11	17501	买盘
13:02:57	15.91	0.01	2	3182	中性盘
13:02:54	15.9	-0.01	100	159000	卖盘
13:02:51	15.91	--	974	1551018	买盘
13:02:30	15.91	0.01	16	25456	买盘
13:02:24	15.9	--	10	15900	卖盘
13:02:18	15.9	--	21	33390	卖盘
13:02:15	15.9	0.02	248	394320	买盘
13:02:12	15.88	--	23	36524	买盘
13:01:48	15.88	--	70	111160	买盘
13:01:33	15.88	0.01	10	15880	买盘
13:01:30	15.87	--	5	7935	卖盘
13:01:21	15.87	--	234	372230	买盘
13:01:00	15.87	0.04	300	476100	买盘
13:00:06	15.83	--	41	64903	卖盘
13:00:03	15.83	0.04	488	772504	买盘
13:00:00	15.79	--	0	0	买盘
11:30:00	15.79	--	0	0	买盘
11:29:54	15.79	--	2	3158	买盘
11:29:33	15.79	--	33	52107	买盘
11:29:24	15.79	--	24	37896	买盘
11:29:18	15.79	--	5	7895	卖盘
11:29:00	15.79	--	5	7895	买盘
11:28:39	15.79	--	72	113688	买盘
11:28:33	15.79	0.01	1	1579	买盘
11:28:15	15.78	0.02	2	3156	买盘
11:28:09	15.76	-0.01	18	28368	卖盘
11:28:06	15.77	--	8	12616	卖盘
11:28:03	15.77	0.02	20	31540	买盘
11:28:00	15.75	-0.01	6	9450	卖盘
11:27:48	15.76	0.01	48	75648	买盘
11:27:33	15.75	-0.01	23	36225	卖盘
11:27:30	15.76	--	3	4728	买盘
11:26:57	15.76	--	7	11032	买盘
11:26:51	15.76	0.01	14	22064	中性盘
11:26:39	15.75	--	20	31500	卖盘
11:26:27	15.75	-0.01	6	9450	买盘
11:26:12	15.76	0.01	2	3152	卖盘
11:26:09	15.75	--	3	4725	买盘
11:25:57	15.75	-0.01	31	48825	中性盘
11:25:24	15.76	--	7	11032	买盘
11:25:15	15.76	--	57	89832	卖盘
11:25:06	15.76	-0.01	1	1576	卖盘
11:24:57	15.77	--	1	1577	买盘
11:24:54	15.77	0.01	14	22078	买盘
11:24:48	15.76	-0.01	27	42552	卖盘
11:24:45	15.77	--	9	14193	买盘
11:24:33	15.77	--	5	7885	买盘
11:24:27	15.77	0.01	1	1577	买盘
11:24:18	15.76	-0.01	2	3152	卖盘
11:24:09	15.77	--	40	63080	买盘
11:24:03	15.77	0.01	5	7885	买盘
11:23:42	15.76	--	1	1576	卖盘
11:23:18	15.76	--	20	31520	卖盘
11:23:06	15.76	-0.01	10	15760	卖盘
11:23:03	15.77	0.01	3	4731	买盘
11:22:39	15.76	--	3	4728	卖盘
11:22:27	15.76	--	2	3152	买盘
11:22:15	15.76	0.03	1	1576	买盘
11:22:12	15.73	-0.04	6	9438	卖盘
11:22:03	15.77	0.05	2	3154	买盘
11:21:54	15.72	-0.05	139	219231	卖盘
11:21:39	15.77	0.04	5	7885	买盘
11:21:33	15.73	-0.03	3	4719	卖盘
11:21:27	15.76	-0.01	2	3152	中性盘
11:21:09	15.77	0.04	3	4731	中性盘
11:20:45	15.73	-0.06	972	1528956	卖盘
11:20:42	15.79	--	2	3158	卖盘
11:20:36	15.79	--	4	6316	卖盘
11:20:21	15.79	--	10	15790	卖盘
11:20:15	15.79	--	4	6316	买盘
11:20:06	15.79	-0.01	4	6316	卖盘
11:19:54	15.8	0.01	1	1580	买盘
11:19:51	15.79	-0.01	5	7895	中性盘
11:19:42	15.8	--	3	4740	买盘
11:19:24	15.8	--	90	142200	买盘
11:19:18	15.8	0.01	39	61620	买盘
11:19:15	15.79	-0.01	1	1579	卖盘
11:19:12	15.8	--	29	45820	买盘
11:19:03	15.8	--	9	14220	买盘
11:19:00	15.8	--	8	12640	买盘
11:18:15	15.8	0.01	3	4740	买盘
11:17:54	15.79	--	2	3158	买盘
11:17:06	15.79	--	1	1579	买盘
11:17:03	15.79	--	7	11053	买盘
11:16:51	15.79	--	17	26843	买盘
11:16:48	15.79	0.01	5	7895	买盘
11:16:42	15.78	-0.01	22	34716	卖盘
11:16:39	15.79	--	30	47370	买盘
11:16:30	15.79	--	3	4737	买盘
11:16:27	15.79	--	20	31580	买盘
11:16:18	15.79	-0.01	2	3158	中性盘
11:15:57	15.8	0.02	4	6320	买盘
11:15:45	15.78	0.01	21	33138	中性盘
11:15:18	15.77	--	5	7885	买盘
11:15:03	15.77	-0.01	63	99351	卖盘
11:14:48	15.78	--	26	41028	卖盘
11:14:30	15.78	--	2	3156	卖盘
11:14:27	15.78	-0.02	19	29982	卖盘
11:14:03	15.8	0.02	1	1580	买盘
11:14:00	15.78	0.01	13	20514	中性盘
11:13:36	15.77	-0.01	63	99351	卖盘
11:13:27	15.78	-0.02	5	7890	卖盘
11:13:24	15.8	--	5	7900	买盘
11:13:15	15.8	--	2	3160	卖盘
11:13:12	15.8	--	15	23700	中性盘
11:13:03	15.8	--	18	28440	卖盘
11:13:00	15.8	--	17	26860	买盘
11:12:51	15.8	--	5	7900	买盘
11:12:24	15.8	--	3	4740	买盘
11:12:21	15.8	--	1	1580	买盘
11:12:09	15.8	--	12	18960	买盘
11:11:57	15.8	--	10	15800	买盘
11:11:54	15.8	--	2	3160	买盘
11:11:48	15.8	--	10	15800	买盘
11:11:39	15.8	--	4	6320	买盘
11:11:36	15.8	0.03	2	3160	买盘
11:11:00	15.77	--	10	15770	卖盘
11:10:51	15.77	-0.04	2	3154	卖盘
11:10:39	15.81	--	5	7905	买盘
11:10:33	15.81	0.06	6	9486	中性盘
11:10:09	15.75	-0.08	4	6300	卖盘
11:10:03	15.83	0.01	10	15830	买盘
11:10:00	15.82	--	5	7910	买盘
11:09:57	15.82	0.07	4	6328	买盘
11:09:45	15.75	--	79	124425	买盘
11:09:39	15.75	--	10	15750	买盘
11:09:36	15.75	0.01	64	100800	买盘
11:09:33	15.74	--	52	81848	卖盘
11:09:30	15.74	--	30	47220	卖盘
11:09:24	15.74	--	4	6296	买盘
11:09:18	15.74	0.01	30	47220	买盘
11:09:03	15.73	--	10	15730	卖盘
11:09:00	15.73	--	31	48763	卖盘
11:08:48	15.73	0.01	7	11011	卖盘
11:08:30	15.72	-0.03	20	31440	卖盘
11:08:15	15.75	0.02	46	72450	买盘
11:08:09	15.73	-0.02	23	36179	卖盘
11:08:06	15.75	--	12	18900	买盘
11:07:54	15.75	-0.02	418	658507	卖盘
11:07:48	15.77	-0.02	20	31540	卖盘
11:07:45	15.79	--	33	52107	买盘
11:07:36	15.79	0.02	1	1579	买盘
11:07:33	15.77	-0.02	93	146661	卖盘
11:07:30	15.79	--	114	180006	卖盘
11:07:24	15.79	--	20	31580	卖盘
11:07:00	15.79	--	5	7895	卖盘
11:06:54	15.79	-0.03	42	66318	卖盘
11:06:51	15.82	0.04	27	42714	买盘
11:06:48	15.78	-0.01	15	23670	卖盘
11:06:45	15.79	--	5	7895	买盘
11:06:39	15.79	-0.01	58	91582	卖盘
11:06:09	15.8	--	17	26860	买盘
11:06:03	15.8	--	13	20540	卖盘
11:05:57	15.8	--	23	36340	卖盘
11:05:54	15.8	-0.02	200	316000	卖盘
11:05:36	15.82	--	6	9492	卖盘
11:05:30	15.82	--	20	31640	卖盘
11:05:24	15.82	-0.01	2	3164	卖盘
11:05:18	15.83	0.01	6	9498	买盘
11:05:09	15.82	-0.01	72	113904	卖盘
11:05:06	15.83	--	6	9498	买盘
11:04:54	15.83	--	40	63320	卖盘
11:04:42	15.83	--	4	6332	卖盘
11:04:39	15.83	--	17	26911	卖盘
11:04:21	15.83	--	30	47490	卖盘
11:03:54	15.83	--	1	1583	卖盘
11:03:51	15.83	--	18	28494	卖盘
11:03:39	15.83	--	4	6332	买盘
11:03:36	15.83	--	2	3166	买盘
11:03:27	15.83	--	1	1583	买盘
11:03:24	15.83	--	13	20579	卖盘
11:03:00	15.83	-0.03	282	446406	卖盘
11:02:51	15.86	--	2	3172	买盘
11:02:24	15.86	0.03	2	3172	买盘
11:02:21	15.83	--	200	316600	卖盘
11:02:18	15.83	-0.03	3	4749	卖盘
11:02:06	15.86	--	35	55510	买盘
11:01:57	15.86	0.03	4	6344	买盘
11:01:54	15.83	-0.01	556	880148	卖盘
11:01:48	15.84	-0.02	5	7920	卖盘
11:01:36	15.86	0.02	2	3172	买盘
11:01:33	15.84	-0.02	50	79200	卖盘
11:01:18	15.86	--	3	4758	买盘
11:01:12	15.86	0.01	2	3172	买盘
11:00:54	15.85	-0.01	710	1125350	卖盘
11:00:48	15.86	--	20	31720	买盘
11:00:42	15.86	--	2	3172	买盘
11:00:39	15.86	0.01	8	12688	买盘
11:00:33	15.85	--	3	4755	卖盘
11:00:12	15.85	-0.01	8	12680	卖盘
11:00:03	15.86	--	10	15860	买盘
11:00:00	15.86	--	4	6344	买盘
10:59:24	15.86	--	10	15860	买盘
10:59:18	15.86	--	50	79300	买盘
10:59:00	15.86	--	10	15860	买盘
10:58:36	15.86	--	6	9516	买盘
10:58:30	15.86	0.01	81	128466	买盘
10:58:24	15.85	-0.01	1	1585	卖盘
10:58:12	15.86	--	1	1586	买盘
10:58:09	15.86	-0.01	55	87230	卖盘
10:58:06	15.87	--	5	7935	买盘
10:58:00	15.87	--	5	7935	买盘
10:57:57	15.87	0.01	10	15870	买盘
10:57:30	15.86	-0.01	1	1586	中性盘
10:57:18	15.87	0.01	500	793500	买盘
10:57:12	15.86	--	1	1586	买盘
10:56:57	15.86	0.01	1	1586	买盘
10:56:54	15.85	--	10	15850	卖盘
10:56:51	15.85	--	1	1585	卖盘
10:56:48	15.85	--	17	26945	卖盘
10:56:27	15.85	-0.01	100	158500	卖盘
10:56:24	15.86	--	10	15860	买盘
10:56:09	15.86	--	15	23790	买盘
10:55:54	15.86	0.01	30	47580	买盘
10:55:48	15.85	-0.01	30	47550	卖盘
10:55:39	15.86	--	5	7930	买盘
10:55:24	15.86	0.01	5	7930	买盘
10:55:18	15.85	--	3	4755	卖盘
10:55:12	15.85	-0.01	3	4755	卖盘
10:55:09	15.86	--	3	4758	买盘
10:54:30	15.86	0.01	20	31720	买盘
10:54:24	15.85	--	5	7925	中性盘
10:54:18	15.85	--	56	88760	卖盘
10:54:09	15.85	--	18	28530	买盘
10:54:03	15.85	0.02	3	4755	买盘
10:53:51	15.83	0.01	67	106061	买盘
10:53:48	15.82	--	9	14238	卖盘
10:53:39	15.82	--	7	11074	卖盘
10:53:33	15.82	0.01	72	113904	买盘
10:52:54	15.81	--	50	79050	卖盘
10:52:45	15.81	-0.01	50	79050	卖盘
10:52:39	15.82	--	30	47460	买盘
10:52:36	15.82	--	8	12656	买盘
10:52:33	15.82	-0.01	45	71190	卖盘
10:52:30	15.83	--	1	1583	买盘
10:52:27	15.83	0.01	1	1583	买盘
10:52:15	15.82	--	11	17402	买盘
10:52:03	15.82	--	5	7910	买盘
10:51:48	15.82	0.03	1	1582	买盘
10:50:57	15.79	-0.01	50	78950	卖盘
10:50:54	15.8	--	3	4740	买盘
10:50:39	15.8	--	260	410800	买盘
10:50:15	15.8	0.01	1	1580	买盘
10:49:48	15.79	--	3	4737	卖盘
10:49:45	15.79	--	4	6316	卖盘
10:49:33	15.79	-0.01	12	18948	卖盘
10:49:30	15.8	0.01	58	91640	买盘
10:49:27	15.79	0.01	1	1579	买盘
10:49:24	15.78	--	39	61542	卖盘
10:49:21	15.78	--	2	3156	卖盘
10:49:03	15.78	-0.02	150	236700	卖盘
10:48:48	15.8	0.02	12	18960	买盘
10:48:45	15.78	-0.01	100	157800	卖盘
10:48:36	15.79	--	24	37896	买盘
10:48:33	15.79	0.01	5	7895	买盘
10:48:27	15.78	-0.01	4	6312	卖盘
10:48:24	15.79	--	5	7895	买盘
10:48:15	15.79	-0.01	22	34738	卖盘
10:48:12	15.8	0.02	5	7900	买盘
10:48:00	15.78	-0.02	70	111722	卖盘
10:47:33	15.8	--	1	1580	买盘
10:47:30	15.8	--	10	15800	买盘
10:47:18	15.8	--	13	20540	买盘
10:47:09	15.8	--	10	15800	买盘
10:46:57	15.8	0.01	400	632000	买盘
10:46:54	15.79	--	2	3158	买盘
10:46:51	15.79	-0.01	120	189480	卖盘
10:46:45	15.8	0.01	8	12640	买盘
10:46:42	15.79	--	16	25264	卖盘
10:46:33	15.79	-0.01	64	101056	卖盘
10:46:24	15.8	-0.01	373	589340	卖盘
10:46:15	15.81	-0.01	101	159681	卖盘
10:46:09	15.82	-0.01	6	9492	卖盘
10:45:36	15.83	-0.02	28	44640	卖盘
10:44:45	15.85	--	3	4755	买盘
10:44:42	15.85	--	5	7925	买盘
10:44:33	15.85	--	108	171180	卖盘
10:44:24	15.85	--	5	7925	卖盘
10:44:12	15.85	--	30	47550	卖盘
10:44:03	15.85	--	10	15850	卖盘
10:43:45	15.85	--	71	112535	买盘
10:43:39	15.85	--	10	15850	买盘
10:43:33	15.85	--	2	3170	买盘
10:43:30	15.85	--	13	20605	买盘
10:42:54	15.85	--	24	38040	卖盘
10:42:48	15.85	0.02	6	9510	中性盘
10:42:42	15.83	-0.02	160	253280	卖盘
10:42:39	15.85	--	17	26945	卖盘
10:42:27	15.85	-0.01	3	4755	卖盘
10:42:18	15.86	0.01	1	1586	买盘
10:42:09	15.85	--	9	14265	卖盘
10:42:00	15.85	--	5	7925	卖盘
10:41:57	15.85	--	1	1585	卖盘
10:41:54	15.85	--	2	3170	卖盘
10:41:39	15.85	-0.01	40	63400	卖盘
10:41:33	15.86	--	20	31720	卖盘
10:41:30	15.86	--	4	6344	卖盘
10:41:27	15.86	-0.01	5	7930	卖盘
10:41:21	15.87	--	39	61893	买盘
10:41:18	15.87	0.01	7	11109	买盘
10:40:48	15.86	--	4	6344	卖盘
10:40:36	15.86	0.01	10	15860	买盘
10:40:33	15.85	--	15	23775	卖盘
10:40:12	15.85	-0.01	1	1585	卖盘
10:39:48	15.86	--	12	19032	买盘
10:39:45	15.86	--	1	1586	买盘
10:39:30	15.86	0.02	14	22204	买盘
10:39:27	15.84	-0.01	6	9504	卖盘
10:39:09	15.85	--	3	4755	卖盘
10:39:00	15.85	--	9	14265	买盘
10:38:54	15.85	0.01	6	9510	买盘
10:38:39	15.84	--	20	31680	买盘
10:38:36	15.84	--	4	6336	买盘
10:38:27	15.84	0.01	7	11088	买盘
10:38:12	15.83	--	163	259295	买盘
10:38:06	15.83	--	1	1583	买盘
10:38:03	15.83	0.01	11	17413	买盘
10:37:57	15.82	--	21	33222	卖盘
10:37:48	15.82	--	3	4746	卖盘
10:37:45	15.82	0.01	25	39550	买盘
10:37:42	15.81	-0.01	1	1581	卖盘
10:37:36	15.82	0.02	55	87010	买盘
10:37:27	15.8	--	1	1580	卖盘
10:37:21	15.8	-0.02	1	1580	卖盘
10:37:18	15.82	0.02	7	11074	买盘
10:37:12	15.8	-0.02	6	9480	卖盘
10:37:09	15.82	0.02	1	1582	买盘
10:37:06	15.8	--	9	14220	卖盘
10:37:00	15.8	--	2	3160	卖盘
10:36:57	15.8	0.02	40	63200	买盘
10:36:54	15.78	-0.01	1	1578	卖盘
10:36:51	15.79	--	65	102635	卖盘
10:36:45	15.79	-0.01	69	108951	卖盘
10:36:42	15.8	--	5	7900	买盘
10:36:36	15.8	--	30	47400	买盘
10:36:30	15.8	--	2	3160	买盘
10:36:27	15.8	--	13	20540	买盘
10:36:24	15.8	--	92	145360	买盘
10:36:21	15.8	--	5	7900	买盘
10:36:12	15.8	--	10	15800	买盘
10:35:57	15.8	--	69	109020	买盘
10:35:48	15.8	--	1	1580	买盘
10:35:45	15.8	0.03	6	9480	买盘
10:35:36	15.77	-0.02	13	20501	卖盘
10:35:33	15.79	--	5	9316	卖盘
10:35:27	15.79	--	40	63160	买盘
10:35:18	15.79	0.01	330	521070	买盘
10:35:15	15.78	--	8	12624	卖盘
10:35:12	15.78	0.01	10	15780	卖盘
10:35:09	15.77	-0.01	2	3154	买盘
10:35:06	15.78	0.02	17	26826	买盘
10:35:03	15.76	-0.02	365	575240	卖盘
10:35:00	15.78	--	12	18936	买盘
10:34:57	15.78	--	9	14202	买盘
10:34:54	15.78	-0.01	10	15780	卖盘
10:34:51	15.79	0.01	20	31580	买盘
10:34:45	15.78	--	68	107304	卖盘
10:34:39	15.78	--	2	3156	卖盘
10:34:33	15.78	-0.01	17	26826	卖盘
10:34:30	15.79	--	16	25264	卖盘
10:34:27	15.79	--	1	1579	卖盘
10:34:24	15.79	--	13	20527	卖盘
10:34:21	15.79	-0.01	30	47370	卖盘
10:34:18	15.8	--	5	7900	买盘
10:34:12	15.8	--	2	3160	买盘
10:34:09	15.8	-0.01	486	767880	卖盘
10:34:06	15.81	--	151	238731	卖盘
10:34:03	15.81	-0.01	1	1581	卖盘
10:33:54	15.82	--	14	22148	卖盘
10:33:51	15.82	-0.01	90	142380	卖盘
10:33:39	15.83	--	0	316	卖盘
10:33:36	15.83	--	70	110810	卖盘
10:33:27	15.83	-0.01	61	96563	卖盘
10:33:24	15.84	--	5	7920	卖盘
10:33:18	15.84	-0.01	60	95040	卖盘
10:33:09	15.85	--	10	15850	卖盘
10:33:06	15.85	-0.01	460	729100	卖盘
10:33:00	15.86	--	5	7930	买盘
10:32:57	15.86	0.01	6	9516	买盘
10:32:54	15.85	-0.01	6	9510	卖盘
10:32:39	15.86	--	4	6344	卖盘
10:32:36	15.86	--	10	15860	卖盘
10:32:30	15.86	--	11	17446	卖盘
10:32:24	15.86	--	102	161772	卖盘
10:32:21	15.86	-0.01	5	7930	卖盘
10:32:15	15.87	-0.01	136	216546	卖盘
10:32:12	15.88	--	7	11116	卖盘
10:32:06	15.88	--	10	15880	卖盘
10:31:48	15.88	--	388	617017	买盘
10:31:45	15.88	0.01	10	15880	买盘
10:31:42	15.87	-0.01	59	93633	卖盘
10:31:33	15.88	--	117	185796	卖盘
10:31:27	15.88	--	21	33348	卖盘
10:31:18	15.88	0.01	17	26996	买盘
10:31:15	15.87	--	2	3174	卖盘
10:31:09	15.87	--	16	25392	卖盘
10:31:03	15.87	--	14	22218	卖盘
10:31:00	15.87	-0.01	29	46023	卖盘
10:30:57	15.88	--	1	1588	卖盘
10:30:54	15.88	--	50	79400	卖盘
10:30:51	15.88	-0.01	1	1588	卖盘
10:30:33	15.89	-0.01	80	127914	卖盘
10:30:09	15.9	--	8	12720	买盘
10:29:57	15.9	--	10	15900	买盘
10:29:54	15.9	--	1	1590	买盘
10:29:51	15.9	--	11	17490	买盘
10:29:48	15.9	--	11	17490	买盘
10:29:36	15.9	0.01	10	15900	买盘
10:29:27	15.89	-0.01	10	15890	卖盘
10:29:21	15.9	0.01	5	7950	买盘
10:29:03	15.89	-0.01	10	15890	卖盘
10:28:51	15.9	0.01	10	15900	买盘
10:28:48	15.89	--	2	3178	卖盘
10:28:33	15.89	0.01	50	80244	买盘
10:28:24	15.88	-0.01	2	3176	卖盘
10:27:54	15.89	0.01	83	131887	买盘
10:27:48	15.88	--	89	141332	卖盘
10:27:45	15.88	--	309	490692	卖盘
10:27:30	15.88	-0.01	1	1588	卖盘
10:27:24	15.89	--	9	14301	买盘
10:27:21	15.89	--	223	354347	卖盘
10:27:06	15.89	0.01	28	44492	买盘
10:27:00	15.88	-0.01	35	55580	卖盘
10:26:48	15.89	0.01	1	1589	买盘
10:26:39	15.88	--	2	3176	卖盘
10:26:06	15.88	--	31	49228	买盘
10:26:00	15.88	0.01	320	508160	买盘
10:25:54	15.87	--	2	3174	卖盘
10:25:51	15.87	0.02	93	147591	买盘
10:25:45	15.85	-0.01	2	3170	卖盘
10:25:42	15.86	--	15	23790	买盘
10:25:36	15.86	0.01	10	15860	买盘
10:25:33	15.85	--	100	158500	卖盘
10:25:30	15.85	--	2	3170	卖盘
10:25:21	15.85	-0.01	100	158500	卖盘
10:25:18	15.86	--	5	7930	买盘
10:25:12	15.86	--	58	91988	卖盘
10:25:03	15.86	-0.01	17	26962	卖盘
10:25:00	15.87	--	14	22218	买盘
10:24:57	15.87	--	8	12696	买盘
10:24:48	15.87	-0.01	6	9522	卖盘
10:24:45	15.88	0.01	1	1588	买盘
10:24:42	15.87	-0.01	19	30153	卖盘
10:24:33	15.88	--	2	3176	买盘
10:24:30	15.88	--	2	3176	卖盘
10:24:27	15.88	-0.02	10	15880	卖盘
10:24:18	15.9	0.02	15	23850	买盘
10:24:15	15.88	-0.02	22	34936	卖盘
10:24:09	15.9	--	30	47700	买盘
10:24:06	15.9	-0.01	2	3180	中性盘
10:24:00	15.91	0.01	9	14319	买盘
10:23:57	15.9	--	25	39750	买盘
10:23:54	15.9	--	2	3180	买盘
10:23:45	15.9	-0.01	25	39956	卖盘
10:23:42	15.91	0.01	15	23865	买盘
10:23:39	15.9	-0.01	10	15900	卖盘
10:23:30	15.91	0.01	5	7955	买盘
10:23:27	15.9	--	32	50880	卖盘
10:23:24	15.9	--	70	112683	买盘
10:23:21	15.9	--	10	15900	买盘
10:23:00	15.9	0.03	25	39750	买盘
10:22:54	15.87	--	2	3174	买盘
10:22:51	15.87	--	4	6348	买盘
10:22:42	15.87	--	200	317400	买盘
10:22:39	15.87	--	5	7935	买盘
10:22:33	15.87	--	17	26979	买盘
10:22:30	15.87	--	17	26979	买盘
10:22:27	15.87	--	5	7935	买盘
10:22:18	15.87	--	23	36501	买盘
10:22:12	15.87	--	62	98394	买盘
10:22:06	15.87	--	3	4761	买盘
10:22:00	15.87	0.02	4	6348	买盘
10:21:51	15.85	--	54	85590	买盘
10:21:45	15.85	--	30	47550	买盘
10:21:39	15.85	--	25	39625	买盘
10:21:30	15.85	--	19	30115	买盘
10:21:24	15.85	--	10	15850	买盘
10:21:18	15.85	--	20	31700	买盘
10:21:15	15.85	--	20	31700	买盘
10:21:12	15.85	--	24	38040	买盘
10:21:09	15.85	--	15	23775	买盘
10:21:03	15.85	--	20	31700	买盘
10:21:00	15.85	--	39	61815	买盘
10:20:57	15.85	--	21	33285	买盘
10:20:54	15.85	0.01	80	126800	买盘
10:20:51	15.84	--	5	7920	买盘
10:20:45	15.84	--	2	3168	买盘
10:20:39	15.84	--	3	4752	买盘
10:20:33	15.84	--	6	9504	买盘
10:20:27	15.84	-0.01	6	9504	卖盘
10:20:21	15.85	0.02	7	11095	买盘
10:20:12	15.83	-0.02	6	10764	卖盘
10:20:06	15.85	0.02	100	158500	买盘
10:19:48	15.83	-0.01	3	4749	卖盘
10:19:42	15.84	0.01	5	7920	买盘
10:19:18	15.83	-0.01	3	4749	卖盘
10:19:06	15.84	0.01	7	11088	买盘
10:19:03	15.83	-0.01	22	34826	卖盘
10:18:57	15.84	--	113	178992	买盘
10:18:54	15.84	--	21	33264	买盘
10:18:51	15.84	--	31	49104	买盘
10:18:48	15.84	--	29	45936	买盘
10:18:36	15.84	--	20	31680	买盘
10:18:33	15.84	0.01	2	3168	买盘
10:18:21	15.83	-0.01	6	9498	卖盘
10:18:18	15.84	--	10	15840	买盘
10:18:15	15.84	--	13	20592	买盘
10:18:12	15.84	--	46	72864	买盘
10:18:09	15.84	--	10	15840	买盘
10:18:03	15.84	--	46	72864	买盘
10:18:00	15.84	--	10	15840	买盘
10:17:54	15.84	--	4	6336	买盘
10:17:51	15.84	0.01	50	79200	买盘
10:17:45	15.83	-0.01	10	15830	卖盘
10:17:39	15.84	0.01	5	7920	买盘
10:17:33	15.83	-0.01	11	17413	卖盘
10:17:30	15.84	--	9	14256	买盘
10:17:27	15.84	--	20	31680	买盘
10:17:24	15.84	--	6	9504	买盘
10:17:21	15.84	--	50	79200	买盘
10:17:18	15.84	--	52	82368	买盘
10:17:15	15.84	--	6	9504	买盘
10:17:12	15.84	0.01	31	49104	买盘
10:17:09	15.83	-0.01	50	79150	卖盘
10:17:00	15.84	0.01	10	15840	买盘
10:16:57	15.83	--	35	55405	买盘
10:16:54	15.83	--	31	49073	买盘
10:16:51	15.83	-0.01	5	7915	中性盘
10:16:42	15.84	0.01	410	649440	买盘
10:16:36	15.83	--	3	4749	卖盘
10:16:30	15.83	--	22	34826	买盘
10:16:24	15.83	--	150	237450	买盘
10:16:18	15.83	--	60	94980	买盘
10:16:12	15.83	0.01	30	47490	买盘
10:16:09	15.82	-0.01	32	50624	卖盘
10:16:00	15.83	--	32	50656	买盘
10:15:57	15.83	--	107	169381	买盘
10:15:54	15.83	0.01	102	161466	买盘
10:15:51	15.82	-0.02	83	131306	卖盘
10:15:45	15.84	0.02	59	93456	买盘
10:15:42	15.82	-0.02	28	44296	卖盘
10:15:36	15.84	--	19	30096	买盘
10:15:30	15.84	--	5	7920	买盘
10:15:27	15.84	--	6	9504	买盘
10:15:24	15.84	--	156	247104	买盘
10:15:18	15.84	0.02	90	142560	买盘
10:15:15	15.82	-0.02	7	11074	卖盘
10:15:12	15.84	0.02	7	11088	买盘
10:15:09	15.82	-0.01	54	85428	卖盘
10:15:06	15.83	0.01	3	4749	买盘
10:14:54	15.82	-0.01	116	183512	卖盘
10:14:51	15.83	--	5	7915	买盘
10:14:45	15.83	--	20	31660	买盘
10:14:39	15.83	--	21	33243	买盘
10:14:36	15.83	-0.01	126	199458	卖盘
10:14:33	15.84	--	16	25344	买盘
10:14:30	15.84	--	8	12672	买盘
10:14:27	15.84	-0.01	69	109296	卖盘
10:14:24	15.85	0.01	61	96685	买盘
10:14:21	15.84	-0.01	56	88704	卖盘
10:14:18	15.85	0.01	50	79250	买盘
10:14:15	15.84	--	39	61776	卖盘
10:14:12	15.84	-0.01	1	1584	卖盘
10:14:09	15.85	--	18	28530	买盘
10:14:00	15.85	--	170	269450	买盘
10:13:57	15.85	-0.01	141	223485	卖盘
10:13:54	15.86	-0.01	4	6502	卖盘
10:13:51	15.87	0.01	30	47610	买盘
10:13:48	15.86	--	43	68198	卖盘
10:13:45	15.86	--	27	44249	卖盘
10:13:42	15.86	--	12	19032	卖盘
10:13:39	15.86	--	10	15860	卖盘
10:13:33	15.86	--	50	79300	卖盘
10:13:30	15.86	-0.01	1	1586	卖盘
10:13:24	15.87	--	9	14283	买盘
10:13:21	15.87	-0.01	623	988701	卖盘
10:13:18	15.88	--	51	80988	卖盘
10:13:12	15.88	--	50	79400	卖盘
10:13:06	15.88	-0.01	7	11116	卖盘
10:13:00	15.89	--	5	7945	买盘
10:12:57	15.89	-0.01	4	6356	买盘
10:12:54	15.9	--	39	62216	买盘
10:12:48	15.9	0.01	1	1590	买盘
10:12:45	15.89	-0.01	115	182735	卖盘
10:12:42	15.9	0.01	56	89040	买盘
10:12:39	15.89	-0.01	56	88984	卖盘
10:12:30	15.9	0.01	4	6360	买盘
10:12:27	15.89	--	3	4767	卖盘
10:12:24	15.89	--	30	47670	卖盘
10:12:18	15.89	-0.01	11	17479	卖盘
10:12:15	15.9	--	41	65190	买盘
10:12:12	15.9	0.01	4	6360	买盘
10:12:09	15.89	--	45	72887	卖盘
10:12:06	15.89	-0.01	8	12712	卖盘
10:11:54	15.9	--	104	165360	买盘
10:11:51	15.9	0.01	10	15900	买盘
10:11:48	15.89	-0.01	17	27013	卖盘
10:11:42	15.9	--	19	30210	买盘
10:11:39	15.9	--	109	173310	买盘
10:11:33	15.9	--	10	15900	买盘
10:11:30	15.9	--	300	477000	卖盘
10:11:27	15.9	-0.01	63	100170	卖盘
10:11:15	15.91	-0.01	2	3182	卖盘
10:11:12	15.92	0.01	3	4776	买盘
10:11:06	15.91	-0.01	14	22274	卖盘
10:11:00	15.92	0.01	12	19104	买盘
10:10:54	15.91	--	31	49321	买盘
10:10:51	15.91	-0.01	10	15910	卖盘
10:10:48	15.92	0.01	28	44576	买盘
10:10:45	15.91	0.01	10	15910	中性盘
10:10:36	15.9	-0.02	107	170130	卖盘
10:10:21	15.92	--	6	9552	买盘
10:10:18	15.92	0.01	44	70048	买盘
10:10:09	15.91	0.01	8	12728	买盘
10:10:06	15.9	--	25	39750	卖盘
10:10:00	15.9	-0.01	11	17490	卖盘
10:09:57	15.91	--	1	1591	买盘
10:09:51	15.91	--	22	35002	买盘
10:09:42	15.91	0.01	111	176601	买盘
10:09:39	15.9	-0.01	75	119250	卖盘
10:09:36	15.91	--	4	6364	买盘
10:09:30	15.91	0.01	14	22274	买盘
10:09:27	15.9	-0.01	1	1590	卖盘
10:09:24	15.91	--	6	9546	买盘
10:09:21	15.91	--	10	15910	买盘
10:09:18	15.91	-0.01	78	124098	卖盘
10:09:15	15.92	0.01	62	98704	买盘
10:09:12	15.91	-0.01	20	31820	卖盘
10:09:09	15.92	0.01	1	1592	买盘
10:09:06	15.91	-0.01	3	4773	卖盘
10:09:03	15.92	--	55	87560	买盘
10:09:00	15.92	--	98	156016	买盘
10:08:48	15.92	--	7	11144	买盘
10:08:45	15.92	--	32	50944	买盘
10:08:42	15.92	-0.01	64	102843	卖盘
10:08:36	15.93	--	7	11788	买盘
10:08:33	15.93	--	3	4779	买盘
10:08:24	15.93	--	3	4779	买盘
10:08:21	15.93	--	20	31860	买盘
10:08:18	15.93	--	49	78057	买盘
10:08:15	15.93	--	16	25488	买盘
10:08:12	15.93	--	16	25488	买盘
10:07:54	15.93	--	3	4779	买盘
10:07:36	15.93	--	18	28674	买盘
10:07:33	15.93	--	50	79650	买盘
10:07:24	15.93	0.02	211	336123	买盘
10:07:15	15.91	--	10	15910	买盘
10:07:12	15.91	0.01	13	20683	买盘
10:07:06	15.9	-0.01	8	12720	卖盘
10:07:03	15.91	-0.01	25	39775	卖盘
10:06:51	15.92	--	124	197408	买盘
10:06:39	15.92	--	22	35024	卖盘
10:06:33	15.92	-0.01	3	4776	卖盘
10:06:30	15.93	0.01	6	9558	买盘
10:06:24	15.92	--	46	73232	买盘
10:06:21	15.92	--	4	6368	卖盘
10:06:12	15.92	--	37	58904	卖盘
10:06:09	15.92	-0.01	90	143280	卖盘
10:06:06	15.93	0.01	1	1593	买盘
10:06:03	15.92	-0.01	50	79600	卖盘
10:05:57	15.93	0.01	97	154521	买盘
10:05:42	15.92	0.01	66	105072	买盘
10:05:33	15.91	-0.01	50	79550	卖盘
10:05:30	15.92	0.01	13	20696	买盘
10:05:24	15.91	-0.01	7	11137	卖盘
10:05:21	15.92	-0.01	5	7960	买盘
10:05:15	15.93	0.01	209	332937	买盘
10:05:12	15.92	-0.01	65	103480	卖盘
10:05:09	15.93	0.01	2	3186	买盘
10:05:06	15.92	--	10	15920	卖盘
10:05:03	15.92	--	65	103480	卖盘
10:04:54	15.92	-0.01	41	65272	卖盘
10:04:51	15.93	0.01	75	119475	买盘
10:04:39	15.92	--	60	95520	卖盘
10:04:36	15.92	--	50	79600	卖盘
10:04:24	15.92	--	8	12736	卖盘
10:04:21	15.92	--	10	15920	卖盘
10:04:12	15.92	--	83	132136	卖盘
10:04:09	15.92	--	10	15920	卖盘
10:03:57	15.92	0.02	43	68456	买盘
10:03:51	15.9	-0.02	89	141510	卖盘
10:03:45	15.92	0.02	13	20696	买盘
10:03:42	15.9	-0.02	86	136740	卖盘
10:03:36	15.92	0.01	220	350240	买盘
10:03:33	15.91	--	123	195693	卖盘
10:03:30	15.91	-0.01	14	22274	卖盘
10:03:24	15.92	--	5	7960	买盘
10:03:21	15.92	0.01	14	22288	买盘
10:03:15	15.91	--	8	12728	卖盘
10:03:12	15.91	--	2	3182	卖盘
10:03:06	15.91	--	10	15910	卖盘
10:03:03	15.91	-0.01	2	3182	中性盘
10:03:00	15.92	--	3	4776	买盘
10:02:57	15.92	0.02	136	216512	买盘
10:02:54	15.9	-0.01	8	12720	卖盘
10:02:51	15.91	0.01	23	36593	卖盘
10:02:42	15.9	-0.02	10	15900	卖盘
10:02:39	15.92	0.01	56	89152	买盘
10:02:27	15.91	--	18	28638	买盘
10:02:24	15.91	--	57	90687	卖盘
10:02:21	15.91	--	10	15910	卖盘
10:02:18	15.91	--	11	17501	卖盘
10:02:09	15.91	-0.01	11	17501	卖盘
10:02:00	15.92	0.01	14	22288	买盘
10:01:57	15.91	-0.01	58	92278	卖盘
10:01:54	15.92	--	25	39800	买盘
10:01:45	15.92	0.01	2	3184	买盘
10:01:42	15.91	-0.01	40	63640	卖盘
10:01:36	15.92	--	10	15920	买盘
10:01:30	15.92	--	8	12736	买盘
10:01:27	15.92	-0.01	12	19104	卖盘
10:01:18	15.93	0.01	13	20709	买盘
10:01:15	15.92	--	1	1592	卖盘
10:01:03	15.92	-0.01	3	4776	卖盘
10:01:00	15.93	0.01	50	79650	买盘
10:00:54	15.92	--	23	37571	卖盘
10:00:51	15.92	-0.01	39	62088	卖盘
10:00:48	15.93	--	8	12744	买盘
10:00:45	15.93	--	2	3186	买盘
10:00:36	15.93	--	358	570294	卖盘
10:00:33	15.93	--	11	17523	卖盘
10:00:30	15.93	--	1	1593	卖盘
10:00:27	15.93	--	7	11151	卖盘
10:00:06	15.93	--	2	3186	卖盘
10:00:03	15.93	-0.01	6	9558	中性盘
09:59:54	15.94	--	1	1594	买盘
09:59:48	15.94	0.01	41	65354	买盘
09:59:45	15.93	-0.01	2	3966	卖盘
09:59:42	15.94	0.01	4	6376	买盘
09:59:39	15.93	--	20	31860	卖盘
09:59:33	15.93	-0.01	5	7965	卖盘
09:59:30	15.94	0.01	1	1594	买盘
09:59:27	15.93	-0.01	31	49383	卖盘
09:59:21	15.94	0.01	1	1594	买盘
09:59:18	15.93	-0.01	50	79650	卖盘
09:59:15	15.94	0.01	15	23910	买盘
09:59:03	15.93	--	3	4779	卖盘
09:58:57	15.93	-0.01	100	159300	卖盘
09:58:51	15.94	0.01	5	7970	买盘
09:58:48	15.93	--	7	11151	卖盘
09:58:39	15.93	--	6	9558	卖盘
09:58:33	15.93	-0.01	29	46197	卖盘
09:58:30	15.94	0.01	19	30286	买盘
09:58:27	15.93	-0.01	1	1593	卖盘
09:58:24	15.94	--	11	17534	买盘
09:58:09	15.94	-0.01	10	17135	卖盘
09:58:00	15.95	0.01	3	4785	买盘
09:57:57	15.94	--	50	80098	卖盘
09:57:51	15.94	--	4	6376	卖盘
09:57:45	15.94	0.01	26	41444	买盘
09:57:39	15.93	-0.01	4	6372	卖盘
09:57:30	15.94	--	59	94046	卖盘
09:57:27	15.94	-0.01	2	3188	卖盘
09:57:24	15.95	0.01	15	23925	买盘
09:57:21	15.94	-0.01	32	51008	卖盘
09:57:15	15.95	--	4	6380	买盘
09:57:12	15.95	--	11	17545	买盘
09:57:09	15.95	--	20	31900	买盘
09:57:06	15.95	--	39	62205	卖盘
09:56:54	15.95	--	2	3190	卖盘
09:56:51	15.95	--	1	1595	卖盘
09:56:48	15.95	0.02	2	3190	买盘
09:56:45	15.93	--	6	9558	卖盘
09:56:39	15.93	-0.02	1	1593	卖盘
09:56:36	15.95	0.02	50	79750	买盘
09:56:33	15.93	-0.02	15	23895	卖盘
09:56:24	15.95	0.02	11	17545	买盘
09:56:18	15.93	-0.02	30	47790	卖盘
09:56:15	15.95	0.02	6	9570	买盘
09:56:09	15.93	--	5	7965	卖盘
09:56:06	15.93	--	1	1593	卖盘
09:56:03	15.93	--	33	52569	卖盘
09:56:00	15.93	--	37	59753	买盘
09:55:54	15.93	--	8	13524	卖盘
09:55:48	15.93	-0.02	33	52569	卖盘
09:55:45	15.95	0.02	1	1595	中性盘
09:55:42	15.93	--	12	19928	买盘
09:55:39	15.93	--	58	93174	卖盘
09:55:33	15.93	-0.03	1	1593	卖盘
09:55:30	15.96	--	20	31920	买盘
09:55:24	15.96	0.03	10	15960	买盘
09:55:21	15.93	-0.04	347	552771	卖盘
09:55:15	15.97	0.02	4	6388	买盘
09:55:12	15.95	-0.01	70	111650	卖盘
09:55:06	15.96	-0.01	4	6384	中性盘
09:55:03	15.97	0.01	164	261908	买盘
09:55:00	15.96	--	5	7980	卖盘
09:54:57	15.96	-0.01	59	94164	卖盘
09:54:51	15.97	0.01	1	1597	买盘
09:54:48	15.96	-0.01	13	20748	卖盘
09:54:45	15.97	0.01	15	23955	买盘
09:54:42	15.96	--	20	31920	卖盘
09:54:39	15.96	--	5	7980	卖盘
09:54:36	15.96	--	15	23940	卖盘
09:54:27	15.96	-0.01	38	60648	卖盘
09:54:24	15.97	0.01	11	17567	买盘
09:54:21	15.96	--	1052	1678992	卖盘
09:54:15	15.96	-0.01	1	1596	卖盘
09:54:12	15.97	-0.01	3	4791	中性盘
09:54:06	15.98	--	114	182172	买盘
09:54:03	15.98	0.01	21	33558	买盘
09:54:00	15.97	--	1	1597	卖盘
09:53:57	15.97	-0.01	2	3194	卖盘
09:53:54	15.98	--	30	47940	买盘
09:53:48	15.98	--	71	113458	卖盘
09:53:45	15.98	--	30	47940	卖盘
09:53:42	15.98	-0.02	8	12784	卖盘
09:53:36	16.0	--	165	264000	买盘
09:53:33	16.0	--	2	3200	买盘
09:53:30	16.0	--	4	6400	买盘
09:53:24	16.0	--	11	17600	买盘
09:53:21	16.0	0.01	10	16000	买盘
09:53:18	15.99	-0.01	6	9594	卖盘
09:53:15	16.0	--	1	1600	买盘
09:53:12	16.0	--	177	284752	卖盘
09:53:09	16.0	-0.01	77	123200	卖盘
09:53:06	16.01	0.01	16	25616	买盘
09:53:03	16.0	--	50	80000	卖盘
09:53:00	16.0	--	26	41600	卖盘
09:52:57	16.0	--	9	14400	卖盘
09:52:54	16.0	--	203	324848	买盘
09:52:42	16.0	--	18	28800	买盘
09:52:39	16.0	--	7	11200	买盘
09:52:36	16.0	0.02	80	128000	买盘
09:52:30	15.98	-0.02	26	41548	卖盘
09:52:24	16.0	--	72	115200	卖盘
09:52:21	16.0	--	10	16000	卖盘
09:52:15	16.0	--	157	251200	卖盘
09:52:12	16.0	0.01	339	542400	买盘
09:52:09	15.99	0.01	13	20787	买盘
09:52:06	15.98	-0.01	8	12784	卖盘
09:51:48	15.99	--	8	12792	买盘
09:51:45	15.99	-0.01	71	113529	卖盘
09:51:42	16.0	--	4	6400	买盘
09:51:36	16.0	0.01	12	19200	买盘
09:51:33	15.99	--	5	7995	卖盘
09:51:30	15.99	-0.01	45	71955	卖盘
09:51:27	16.0	--	31	49600	买盘
09:51:24	16.0	--	21	33600	买盘
09:51:21	16.0	--	29	46400	买盘
09:51:18	16.0	--	6	9600	买盘
09:51:15	16.0	-0.03	15	24000	卖盘
09:51:12	16.03	0.03	146	234038	买盘
09:51:09	16.0	--	18	28800	买盘
09:51:06	16.0	--	13	20800	买盘
09:51:03	16.0	-0.01	11	17600	卖盘
09:51:00	16.01	--	155	248155	买盘
09:50:54	16.01	-0.01	5	8005	买盘
09:50:51	16.02	--	22	35244	买盘
09:50:48	16.02	--	68	108936	买盘
09:50:42	16.02	--	52	83304	买盘
09:50:39	16.02	--	2	3204	买盘
09:50:33	16.02	0.01	5	8010	买盘
09:50:30	16.01	-0.01	5	8005	卖盘
09:50:27	16.02	0.01	10	16020	买盘
09:50:24	16.01	0.01	51	81651	买盘
09:50:18	16.0	-0.01	370	592000	卖盘
09:50:15	16.01	0.01	20	32020	买盘
09:50:12	16.0	-0.01	402	643200	卖盘
09:50:09	16.01	--	139	222539	买盘
09:50:06	16.01	--	30	48030	买盘
09:50:00	16.01	0.01	11	17611	买盘
09:49:57	16.0	0.01	250	400000	买盘
09:49:54	15.99	--	106	169494	买盘
09:49:51	15.99	--	57	91143	买盘
09:49:48	15.99	--	68	108732	买盘
09:49:45	15.99	0.01	3	4797	买盘
09:49:42	15.98	--	90	143820	卖盘
09:49:36	15.98	--	3	4794	卖盘
09:49:27	15.98	--	81	129438	买盘
09:49:24	15.98	--	36	57528	买盘
09:49:21	15.98	--	74	118252	买盘
09:49:18	15.98	--	2	3196	买盘
09:49:15	15.98	--	41	65518	买盘
09:49:12	15.98	--	33	52734	买盘
09:49:09	15.98	-0.01	5	7990	买盘
09:49:03	15.99	--	209	334191	买盘
09:49:00	15.99	0.01	3	4797	买盘
09:48:57	15.98	-0.02	139	222122	卖盘
09:48:54	16.0	--	8	12800	买盘
09:48:51	16.0	--	14	22400	买盘
09:48:48	16.0	--	16	25600	买盘
09:48:42	16.0	--	1	1600	买盘
09:48:39	16.0	-0.01	339	542400	卖盘
09:48:36	16.01	-0.01	9	14409	买盘
09:48:33	16.02	--	111	177822	买盘
09:48:30	16.02	--	256	410112	买盘
09:48:24	16.02	--	101	161802	卖盘
09:48:21	16.02	-0.01	10	16020	卖盘
09:48:18	16.03	--	2	3206	买盘
09:48:15	16.03	--	33	52899	买盘
09:48:12	16.03	-0.03	293	469679	卖盘
09:48:09	16.06	0.01	70	112419	买盘
09:48:06	16.05	-0.01	7	11235	中性盘
09:47:57	16.06	--	3	4818	买盘
09:47:54	16.06	-0.01	59	94753	卖盘
09:47:51	16.07	--	156	250692	买盘
09:47:48	16.07	--	102	163914	买盘
09:47:45	16.07	--	4	6428	买盘
09:47:42	16.07	--	84	134988	买盘
09:47:39	16.07	--	21	33747	买盘
09:47:36	16.07	--	11	17677	买盘
09:47:33	16.07	0.05	3	4821	中性盘
09:47:24	16.02	-0.01	119	190638	卖盘
09:47:21	16.03	--	53	84959	买盘
09:47:18	16.03	-0.06	279	447237	卖盘
09:47:15	16.09	0.01	51	82059	买盘
09:47:12	16.08	0.02	115	184919	买盘
09:47:09	16.06	-0.02	50	80300	卖盘
09:47:06	16.08	--	9	14471	卖盘
09:47:03	16.08	--	50	80399	买盘
09:47:00	16.08	0.02	51	82007	中性盘
09:46:57	16.06	-0.02	132	211991	卖盘
09:46:54	16.08	-0.01	17	27335	卖盘
09:46:51	16.09	0.02	439	706351	买盘
09:46:48	16.07	-0.01	54	86778	卖盘
09:46:45	16.08	0.01	40	64319	买盘
09:46:42	16.07	-0.01	175	281225	卖盘
09:46:39	16.08	0.01	8	12863	买盘
09:46:36	16.07	--	37	59459	卖盘
09:46:33	16.07	0.01	166	266762	买盘
09:46:30	16.06	--	68	109207	买盘
09:46:27	16.06	--	20	32119	买盘
09:46:24	16.06	0.01	23	36938	买盘
09:46:21	16.05	--	110	176550	卖盘
09:46:18	16.05	--	222	356310	买盘
09:46:15	16.05	0.01	10	16050	买盘
09:46:12	16.04	--	19	30476	买盘
09:46:09	16.04	--	81	129924	买盘
09:46:06	16.04	--	19	30476	买盘
09:46:00	16.04	0.01	8	12832	买盘
09:45:57	16.03	--	37	59311	买盘
09:45:54	16.03	0.01	5	8015	买盘
09:45:51	16.02	0.01	15	24030	卖盘
09:45:48	16.01	0.01	460	736460	买盘
09:45:45	16.0	--	53	84800	卖盘
09:45:42	16.0	--	1032	1651200	买盘
09:45:39	16.0	0.01	3	4800	买盘
09:45:36	15.99	--	2	3198	卖盘
09:45:30	15.99	--	100	159900	买盘
09:45:27	15.99	--	81	129519	买盘
09:45:24	15.99	--	18	28782	买盘
09:45:21	15.99	--	8	12792	买盘
09:45:18	15.99	--	87	139113	买盘
09:45:15	15.99	--	16	25584	买盘
09:45:12	15.99	--	149	238251	买盘
09:45:09	15.99	--	138	220662	买盘
09:45:06	15.99	--	9	14391	买盘
09:45:03	15.99	--	50	79950	买盘
09:45:00	15.99	0.01	66	105534	买盘
09:44:57	15.98	--	97	155006	卖盘
09:44:54	15.98	--	9	14382	卖盘
09:44:51	15.98	0.01	530	846940	买盘
09:44:48	15.97	--	13	20761	买盘
09:44:45	15.97	0.01	7	11179	买盘
09:44:42	15.96	--	217	346332	卖盘
09:44:39	15.96	-0.01	89	142044	卖盘
09:44:33	15.97	--	16	25552	买盘
09:44:30	15.97	--	24	38328	买盘
09:44:27	15.97	0.02	31	49507	买盘
09:44:24	15.95	-0.02	46	73370	卖盘
09:44:21	15.97	--	14	22358	买盘
09:44:12	15.97	--	228	364116	买盘
09:44:09	15.97	0.01	12	19164	买盘
09:44:06	15.96	--	69	110124	卖盘
09:44:03	15.96	-0.01	3	4788	卖盘
09:44:00	15.97	0.01	14	22358	买盘
09:43:57	15.96	-0.01	79	126084	卖盘
09:43:51	15.97	--	210	335370	买盘
09:43:48	15.97	--	12	19164	买盘
09:43:45	15.97	--	1	1597	买盘
09:43:42	15.97	0.01	3	4791	买盘
09:43:39	15.96	--	10	15960	卖盘
09:43:36	15.96	--	9	14364	卖盘
09:43:33	15.96	--	94	150024	卖盘
09:43:30	15.96	--	2	3192	卖盘
09:43:27	15.96	--	0	813	卖盘
09:43:24	15.96	0.01	30	47880	买盘
09:43:21	15.95	--	42	66990	买盘
09:43:18	15.95	0.01	6	9570	买盘
09:43:15	15.94	-0.01	54	86076	卖盘
09:43:09	15.95	--	20	31900	买盘
09:43:06	15.95	--	12	19140	买盘
09:43:00	15.95	--	2	3190	买盘
09:42:54	15.95	--	22	35090	买盘
09:42:48	15.95	--	36	57420	卖盘
09:42:45	15.95	--	5	7975	卖盘
09:42:36	15.95	0.01	8	12760	卖盘
09:42:30	15.94	-0.01	17	27098	卖盘
09:42:27	15.95	0.01	138	220110	买盘
09:42:24	15.94	-0.01	53	84482	卖盘
09:42:21	15.95	--	160	255200	买盘
09:42:18	15.95	0.01	13	20735	买盘
09:42:15	15.94	-0.01	2	3188	卖盘
09:42:12	15.95	0.01	11	17545	买盘
09:42:09	15.94	--	11	17534	买盘
09:42:06	15.94	--	26	41444	买盘
09:42:00	15.94	-0.02	5	7970	中性盘
09:41:57	15.96	0.02	1000	1596000	买盘
09:41:54	15.94	--	6	9564	买盘
09:41:48	15.94	--	11	17534	买盘
09:41:42	15.94	-0.01	66	105204	卖盘
09:41:39	15.95	--	8	12760	买盘
09:41:36	15.95	--	40	63800	买盘
09:41:33	15.95	0.01	100	159500	买盘
09:41:30	15.94	-0.01	55	87670	卖盘
09:41:21	15.95	--	238	379610	卖盘
09:41:18	15.95	--	3	4785	卖盘
09:41:15	15.95	--	20	31900	卖盘
09:41:12	15.95	--	33	52635	卖盘
09:41:09	15.95	--	3	4785	卖盘
09:41:06	15.95	--	31	49445	卖盘
09:41:03	15.95	0.01	175	279125	买盘
09:40:51	15.94	--	11	17534	买盘
09:40:48	15.94	0.01	11	17534	买盘
09:40:45	15.93	-0.01	7	11151	卖盘
09:40:42	15.94	0.01	35	55790	买盘
09:40:39	15.93	-0.01	8	12744	卖盘
09:40:36	15.94	0.01	12	19128	买盘
09:40:30	15.93	-0.01	21	33453	卖盘
09:40:27	15.94	0.01	10	15940	买盘
09:40:24	15.93	-0.01	12	19116	卖盘
09:40:21	15.94	--	4	6376	买盘
09:40:15	15.94	0.01	5	7970	买盘
09:40:12	15.93	-0.01	8	12744	卖盘
09:40:06	15.94	--	6	9564	买盘
09:40:03	15.94	-0.01	1	1594	中性盘
09:39:57	15.95	--	1	1595	买盘
09:39:54	15.95	--	8	12760	买盘
09:39:51	15.95	--	5	7975	买盘
09:39:48	15.95	-0.01	71	113245	买盘
09:39:39	15.96	0.01	180	287280	买盘
09:39:33	15.95	--	50	79750	卖盘
09:39:27	15.95	--	20	31900	卖盘
09:39:24	15.95	--	29	46255	卖盘
09:39:21	15.95	--	42	66990	卖盘
09:39:18	15.95	-0.01	11	17545	卖盘
09:39:15	15.96	0.01	68	108528	买盘
09:39:12	15.95	--	94	149930	卖盘
09:39:06	15.95	--	100	159500	卖盘
09:39:03	15.95	-0.01	376	599720	卖盘
09:39:00	15.96	--	52	82992	买盘
09:38:57	15.96	0.04	4	6384	买盘
09:38:54	15.92	-0.03	29	46168	卖盘
09:38:51	15.95	--	266	424908	买盘
09:38:48	15.95	0.03	11	17545	买盘
09:38:42	15.92	-0.03	1	1592	卖盘
09:38:39	15.95	--	1	1595	买盘
09:38:36	15.95	0.01	62	98890	买盘
09:38:33	15.94	-0.01	148	235912	卖盘
09:38:30	15.95	0.01	45	71775	买盘
09:38:27	15.94	--	32	51008	卖盘
09:38:24	15.94	0.03	128	204032	买盘
09:38:21	15.91	-0.03	35	55685	卖盘
09:38:18	15.94	--	41	65354	买盘
09:38:15	15.94	0.01	22	35068	买盘
09:38:12	15.93	--	53	84429	买盘
09:38:09	15.93	--	88	140184	卖盘
09:38:03	15.93	--	95	151335	买盘
09:38:00	15.93	--	1	1593	买盘
09:37:57	15.93	--	8	12744	买盘
09:37:54	15.93	--	15	23895	买盘
09:37:51	15.93	--	8	12744	卖盘
09:37:45	15.93	-0.02	10	15930	卖盘
09:37:42	15.95	--	11	17545	买盘
09:37:39	15.95	0.02	3	4785	买盘
09:37:36	15.93	-0.02	7	11151	卖盘
09:37:33	15.95	--	69	111012	卖盘
09:37:24	15.95	0.02	436	696058	买盘
09:37:21	15.93	--	20	31860	买盘
09:37:18	15.93	--	4	7327	卖盘
09:37:15	15.93	--	11	17523	卖盘
09:37:12	15.93	--	3	4779	卖盘
09:37:06	15.93	-0.02	25	39825	卖盘
09:37:03	15.95	--	100	159500	卖盘
09:37:00	15.95	--	108	172260	卖盘
09:36:57	15.95	--	131	208945	卖盘
09:36:54	15.95	--	16	25520	卖盘
09:36:51	15.95	--	153	244673	买盘
09:36:45	15.95	--	11	18502	卖盘
09:36:42	15.95	--	10	15950	卖盘
09:36:39	15.95	--	25	39875	卖盘
09:36:36	15.95	--	139	221705	卖盘
09:36:33	15.95	--	22	35090	卖盘
09:36:30	15.95	--	20	31900	卖盘
09:36:27	15.95	--	20	31900	卖盘
09:36:24	15.95	0.02	261	416933	买盘
09:36:21	15.93	-0.02	5	7965	中性盘
09:36:18	15.95	0.02	140	223300	买盘
09:36:15	15.93	-0.02	3	4779	买盘
09:36:12	15.95	--	35	55825	买盘
09:36:09	15.95	-0.01	19	31262	卖盘
09:36:06	15.96	0.01	90	144278	买盘
09:36:00	15.95	--	187	299222	卖盘
09:35:57	15.95	--	57	90915	卖盘
09:35:54	15.95	--	173	275935	卖盘
09:35:51	15.95	--	63	100485	卖盘
09:35:48	15.95	--	34	54868	买盘
09:35:45	15.95	--	11	17545	买盘
09:35:42	15.95	0.02	53	84535	买盘
09:35:39	15.93	--	22	35046	买盘
09:35:36	15.93	-0.02	324	517087	卖盘
09:35:33	15.95	--	88	140360	卖盘
09:35:30	15.95	--	12	19140	卖盘
09:35:27	15.95	--	367	586003	买盘
09:35:24	15.95	--	7	11165	买盘
09:35:21	15.95	0.01	26	41470	买盘
09:35:18	15.94	-0.01	92	146648	卖盘
09:35:15	15.95	0.01	59	94105	买盘
09:35:12	15.94	-0.01	131	208814	卖盘
09:35:09	15.95	--	6	9570	买盘
09:35:06	15.95	-0.01	55	87725	卖盘
09:35:03	15.96	-0.01	39	62244	卖盘
09:35:00	15.97	0.01	29	46313	买盘
09:34:57	15.96	--	47	75012	买盘
09:34:54	15.96	0.01	24	38304	买盘
09:34:51	15.95	-0.01	55	87725	卖盘
09:34:48	15.96	--	4	6384	买盘
09:34:45	15.96	-0.01	35	55860	中性盘
09:34:42	15.97	0.01	69	110193	买盘
09:34:39	15.96	--	3	4788	买盘
09:34:36	15.96	--	46	73416	卖盘
09:34:33	15.96	-0.01	24	38304	卖盘
09:34:30	15.97	--	85	135745	买盘
09:34:27	15.97	0.01	83	132551	买盘
09:34:24	15.96	--	60	95760	卖盘
09:34:21	15.96	--	82	130872	买盘
09:34:18	15.96	--	37	59052	买盘
09:34:15	15.96	--	33	52668	卖盘
09:34:12	15.96	-0.01	55	87780	卖盘
09:34:09	15.97	0.01	10	15970	买盘
09:34:06	15.96	--	24	38304	卖盘
09:34:03	15.96	--	159	253764	买盘
09:34:00	15.96	--	28	44688	买盘
09:33:57	15.96	0.01	41	65436	买盘
09:33:54	15.95	-0.01	19	30305	卖盘
09:33:51	15.96	0.01	2	3192	买盘
09:33:48	15.95	-0.01	41	65395	卖盘
09:33:45	15.96	0.01	15	23940	中性盘
09:33:42	15.95	-0.01	66	105270	卖盘
09:33:39	15.96	--	97	154812	买盘
09:33:36	15.96	0.01	76	121296	买盘
09:33:33	15.95	-0.01	5	7975	卖盘
09:33:30	15.96	0.01	54	86184	买盘
09:33:27	15.95	--	101	161095	卖盘
09:33:24	15.95	--	10	15950	卖盘
09:33:18	15.95	0.01	3	4785	买盘
09:33:15	15.94	-0.01	80	127520	中性盘
09:33:12	15.95	0.02	66	105270	中性盘
09:33:09	15.93	-0.03	91	144963	卖盘
09:33:06	15.96	0.03	111	177156	买盘
09:33:03	15.93	--	10	15930	卖盘
09:33:00	15.93	--	136	216648	卖盘
09:32:57	15.93	-0.02	25	39825	买盘
09:32:54	15.95	0.05	660	1052700	买盘
09:32:51	15.9	-0.02	109	173310	卖盘
09:32:48	15.92	0.01	183	291336	买盘
09:32:45	15.91	-0.01	77	122507	卖盘
09:32:42	15.92	--	8	12736	买盘
09:32:39	15.92	--	4	6368	买盘
09:32:36	15.92	-0.01	518	824656	中性盘
09:32:33	15.93	0.01	121	192753	买盘
09:32:30	15.92	-0.01	9	14328	买盘
09:32:27	15.93	--	102	162486	买盘
09:32:21	15.93	0.01	114	181602	买盘
09:32:18	15.92	0.02	128	203776	买盘
09:32:15	15.9	-0.01	41	65190	卖盘
09:32:12	15.91	--	52	82732	买盘
09:32:09	15.91	--	36	57276	买盘
09:32:06	15.91	--	14	22274	买盘
09:32:00	15.91	0.01	159	252969	买盘
09:31:57	15.9	0.01	12	19080	买盘
09:31:54	15.89	0.01	122	194207	买盘
09:31:51	15.88	0.01	1	1588	中性盘
09:31:48	15.87	-0.01	280	444360	卖盘
09:31:45	15.88	--	8	12704	买盘
09:31:42	15.88	-0.02	89	142570	卖盘
09:31:39	15.9	0.01	49	77910	买盘
09:31:36	15.89	-0.03	188	299081	卖盘
09:31:33	15.92	0.02	171	272232	买盘
09:31:30	15.9	-0.01	72	114480	卖盘
09:31:27	15.91	0.01	100	159100	买盘
09:31:24	15.9	--	10	15900	买盘
09:31:21	15.9	--	79	125610	卖盘
09:31:18	15.9	--	19	30210	卖盘
09:31:15	15.9	-0.01	35	55650	卖盘
09:31:09	15.91	--	9	14319	买盘
09:31:06	15.91	0.01	7	11137	买盘
09:31:03	15.9	-0.02	8	12720	中性盘
09:31:00	15.92	0.03	344	547648	买盘
09:30:57	15.89	--	14	22246	卖盘
09:30:54	15.89	--	26	41314	卖盘
09:30:51	15.89	--	108	171612	卖盘
09:30:48	15.89	--	124	197036	买盘
09:30:45	15.89	--	49	77861	买盘
09:30:42	15.89	--	240	381360	买盘
09:30:36	15.89	--	75	119175	买盘
09:30:33	15.89	0.01	150	238350	买盘
09:30:30	15.88	-0.01	32	50816	买盘
09:30:27	15.89	0.01	354	562506	买盘
09:30:24	15.88	-0.01	40	63520	卖盘
09:30:21	15.89	0.01	173	274897	买盘
09:30:18	15.88	-0.04	22	34936	卖盘
09:30:15	15.92	0.02	30	47760	买盘
09:30:12	15.9	0.01	124	197160	买盘
09:30:09	15.89	0.02	9	14301	卖盘
09:30:06	15.87	-0.01	500	793500	卖盘
09:30:03	15.88	0.02	520	825760	买盘
09:30:00	15.86	--	0	0	卖盘
09:25:03	15.86	15.86	1032	1636752	买盘
