成交时间	成交价	价格变动	成交量(手)	成交额(元)	性质
15:00:03	21.58	0.01	105	226589	买盘
14:57:00	21.57	--	0	0	卖盘
14:56:42	21.57	-0.01	2	4314	卖盘
14:56:15	21.58	0.01	6	12947	买盘
14:56:03	21.57	--	2	4314	卖盘
14:55:57	21.57	--	10	21570	卖盘
14:55:48	21.57	--	27	58239	卖盘
14:55:33	21.57	--	4	8628	卖盘
14:55:27	21.57	--	13	28041	买盘
14:55:24	21.57	--	4	8628	买盘
14:55:21	21.57	--	1	2157	买盘
14:55:12	21.57	-0.01	105	226485	卖盘
14:55:06	21.58	--	10	21580	买盘
14:54:36	21.58	0.01	2	4316	买盘
14:54:30	21.57	--	1	2157	卖盘
14:54:00	21.57	-0.01	50	107850	卖盘
14:53:54	21.58	0.02	38	82004	买盘
14:53:12	21.56	-0.01	32	68992	卖盘
14:53:06	21.57	-0.01	20	43140	卖盘
14:53:03	21.58	0.01	2	4316	买盘
14:52:54	21.57	--	2	4314	卖盘
14:52:48	21.57	--	3	6471	卖盘
14:52:36	21.57	--	3	6471	卖盘
14:52:24	21.57	-0.01	15	32355	卖盘
14:52:18	21.58	--	5	10790	买盘
14:52:12	21.58	0.01	4	8632	买盘
14:52:00	21.57	-0.01	14	30198	卖盘
14:51:39	21.58	--	1	2158	买盘
14:51:30	21.58	--	48	103583	买盘
14:51:15	21.58	--	16	34528	买盘
14:51:03	21.58	--	25	53949	买盘
14:50:48	21.58	--	13	28053	买盘
14:50:24	21.58	--	50	107899	买盘
14:49:57	21.58	-0.01	45	97109	卖盘
14:49:51	21.59	--	1	2159	卖盘
14:49:45	21.59	--	5	10795	卖盘
14:49:39	21.59	--	8	17272	卖盘
14:49:30	21.59	--	6	12954	卖盘
14:49:24	21.59	-0.01	10	21590	卖盘
14:49:12	21.6	--	50	108000	买盘
14:48:54	21.6	--	10	21600	买盘
14:48:42	21.6	--	2	4320	买盘
14:48:39	21.6	-0.03	70	151200	卖盘
14:48:36	21.63	--	20	43260	买盘
14:48:09	21.63	--	1	2163	卖盘
14:48:00	21.63	-0.01	7	15141	卖盘
14:47:57	21.64	0.01	19	41116	买盘
14:47:24	21.63	-0.01	2	4326	卖盘
14:47:06	21.64	--	12	25968	买盘
14:46:51	21.64	--	5	10820	买盘
14:46:27	21.64	--	30	64920	买盘
14:46:00	21.64	--	5	10820	买盘
14:45:30	21.64	-0.01	27	58428	中性盘
14:45:15	21.65	-0.01	1	2165	中性盘
14:44:18	21.66	--	10	21660	买盘
14:44:06	21.66	0.06	1	2166	中性盘
14:43:54	21.6	0.01	2	4320	买盘
14:43:03	21.59	--	6	12954	买盘
14:43:00	21.59	--	10	21590	买盘
14:42:03	21.59	-0.01	9	19431	卖盘
14:41:57	21.6	--	5	10800	买盘
14:41:45	21.6	--	2	4320	买盘
14:41:42	21.6	--	11	23760	买盘
14:41:39	21.6	--	20	43200	买盘
14:41:33	21.6	--	13	28080	买盘
14:41:24	21.6	--	7	15120	买盘
14:41:21	21.6	--	116	250560	买盘
14:41:06	21.6	--	59	127440	买盘
14:40:54	21.6	--	20	43200	买盘
14:40:27	21.6	-0.09	96	207360	卖盘
14:38:24	21.69	--	1	2169	买盘
14:38:15	21.69	--	19	41211	买盘
14:37:27	21.69	--	4	8676	买盘
14:37:00	21.69	-0.01	4	8676	买盘
14:35:12	21.7	--	18	39060	买盘
14:34:57	21.7	0.01	5	10850	买盘
14:34:27	21.69	-0.01	3	6507	中性盘
14:34:03	21.7	0.04	10	21700	买盘
14:33:48	21.66	-0.04	50	108300	卖盘
14:33:24	21.7	0.01	18	39060	买盘
14:33:18	21.69	-0.01	10	21690	中性盘
14:32:36	21.7	--	3	6510	买盘
14:32:15	21.7	0.05	7	15190	买盘
14:31:27	21.65	--	19	41135	卖盘
14:31:00	21.65	--	26	56289	卖盘
14:30:48	21.65	--	1	2165	卖盘
14:30:12	21.65	-0.01	9	19485	卖盘
14:29:15	21.66	-0.04	3	6498	中性盘
14:29:03	21.7	0.04	20	43400	买盘
14:28:57	21.66	-0.04	153	331398	卖盘
14:28:42	21.7	--	17	36890	买盘
14:28:03	21.7	--	15	32550	买盘
14:28:00	21.7	-0.03	44	95480	卖盘
14:27:57	21.73	--	19	41765	卖盘
14:27:51	21.73	--	0	1694	卖盘
14:27:45	21.73	--	8	17384	卖盘
14:27:15	21.73	--	3	6519	卖盘
14:26:36	21.73	--	80	173840	卖盘
14:26:12	21.73	0.01	5	10865	买盘
14:24:51	21.72	-0.02	3	6516	中性盘
14:24:27	21.74	0.01	6	13043	买盘
14:24:06	21.73	0.03	5	10865	买盘
14:24:03	21.7	0.01	2	4340	中性盘
14:23:42	21.69	0.03	7	15183	买盘
14:23:30	21.66	-0.03	3	6498	卖盘
14:23:27	21.69	--	3	6507	买盘
14:23:18	21.69	0.02	14	30366	买盘
14:23:03	21.67	--	3	6501	中性盘
14:22:21	21.67	--	5	10835	买盘
14:22:00	21.67	-0.02	1	2167	卖盘
14:21:48	21.69	0.02	1	2169	买盘
14:21:33	21.67	-0.01	13	28171	卖盘
14:20:54	21.68	--	6	13008	买盘
14:20:42	21.68	-0.01	20	43360	卖盘
14:20:30	21.69	--	5	10845	买盘
14:20:24	21.69	-0.01	36	78084	卖盘
14:20:15	21.7	--	6	13020	买盘
14:19:42	21.7	-0.04	1	2170	卖盘
14:19:39	21.74	--	40	86960	买盘
14:19:27	21.74	-0.02	10	21740	买盘
14:19:21	21.76	--	15	32640	卖盘
14:19:12	21.76	--	25	54400	卖盘
14:19:09	21.76	-0.01	10	21760	中性盘
14:19:03	21.77	--	5	10885	买盘
14:18:39	21.77	--	19	41363	买盘
14:18:18	21.77	-0.01	7	15239	中性盘
14:17:42	21.78	0.06	200	435600	买盘
14:17:21	21.72	--	6	13032	买盘
14:16:54	21.72	--	5	10860	买盘
14:16:03	21.72	--	23	49956	买盘
14:16:00	21.72	--	8	17376	买盘
14:15:51	21.72	--	3	6516	买盘
14:15:36	21.72	--	25	54300	买盘
14:15:30	21.72	--	5	10860	买盘
14:15:21	21.72	--	6	13032	买盘
14:15:18	21.72	--	50	108600	买盘
14:15:15	21.72	0.01	3	6516	买盘
14:15:03	21.71	--	10	21710	卖盘
14:14:51	21.71	-0.01	2	4342	卖盘
14:14:45	21.72	0.01	40	86880	买盘
14:14:30	21.71	--	0	2127	买盘
14:14:27	21.71	--	10	21710	买盘
14:14:21	21.71	--	11	23881	买盘
14:14:18	21.71	--	2	4342	买盘
14:14:12	21.71	--	25	54275	买盘
14:14:09	21.71	--	12	26052	买盘
14:13:54	21.71	--	4	8684	买盘
14:13:45	21.71	--	6	13026	买盘
14:13:27	21.71	0.01	19	41249	买盘
14:13:15	21.7	--	73	158410	买盘
14:13:03	21.7	0.01	10	21700	买盘
14:12:39	21.69	-0.01	20	43380	卖盘
14:12:24	21.7	--	1	2170	买盘
14:11:00	21.7	--	3	6510	买盘
14:10:39	21.7	--	13	28210	买盘
14:10:18	21.7	0.01	7	15190	买盘
14:09:51	21.69	-0.01	5	10845	中性盘
14:08:48	21.7	--	20	43400	买盘
14:08:00	21.7	--	2	4340	买盘
14:07:33	21.7	--	48	104160	买盘
14:06:42	21.7	-0.01	5	10850	中性盘
14:04:36	21.71	--	3	6513	买盘
14:04:18	21.71	-0.01	4	8727	卖盘
14:03:54	21.72	0.01	40	86880	买盘
14:03:45	21.71	--	10	21710	卖盘
14:03:24	21.71	--	6	15153	买盘
14:03:15	21.71	--	5	10855	买盘
14:03:12	21.71	--	2	4342	买盘
14:03:06	21.71	0.01	19	41249	买盘
14:02:33	21.7	--	18	39060	买盘
14:02:27	21.7	--	2	4340	买盘
14:02:24	21.7	--	5	10850	买盘
14:02:21	21.7	--	34	73780	卖盘
14:01:51	21.7	--	5	10850	卖盘
14:01:30	21.7	-0.01	2	4340	卖盘
14:01:15	21.71	0.01	4	8684	买盘
14:01:06	21.7	--	10	21700	卖盘
14:00:51	21.7	--	20	43400	卖盘
14:00:45	21.7	0.02	192	416640	买盘
13:59:39	21.68	--	2	4336	卖盘
13:59:15	21.68	--	2	4336	卖盘
13:59:06	21.68	--	11	23848	卖盘
13:58:45	21.68	--	3	6504	卖盘
13:58:39	21.68	--	12	26016	买盘
13:58:24	21.68	--	2	4336	买盘
13:58:12	21.68	0.03	21	45528	买盘
13:57:33	21.65	0.02	45	97425	买盘
13:56:24	21.63	-0.01	1	2163	中性盘
13:55:45	21.64	--	4	8656	卖盘
13:55:27	21.64	--	6	12984	买盘
13:55:06	21.64	--	3	6492	买盘
13:54:54	21.64	--	26	56264	买盘
13:54:51	21.64	--	1	2164	买盘
13:54:36	21.64	0.01	20	43280	买盘
13:54:27	21.63	--	5	10815	卖盘
13:54:24	21.63	-0.01	1	2163	卖盘
13:54:18	21.64	0.01	22	47608	买盘
13:54:00	21.63	--	2	4326	买盘
13:53:48	21.63	--	8	17304	中性盘
13:52:12	21.63	--	3	6489	买盘
13:52:06	21.63	--	7	15141	买盘
13:51:36	21.63	--	10	21630	买盘
13:51:27	21.63	--	11	23793	买盘
13:51:00	21.63	0.01	14	30282	买盘
13:50:30	21.62	--	28	60536	买盘
13:48:45	21.62	--	1	2162	买盘
13:48:36	21.62	--	10	21620	买盘
13:48:18	21.62	0.05	24	51888	买盘
13:46:24	21.57	--	10	21570	卖盘
13:45:18	21.57	--	12	25884	买盘
13:44:54	21.57	--	3	6471	买盘
13:44:21	21.57	--	6	12942	买盘
13:43:48	21.57	-0.03	1	2157	卖盘
13:43:39	21.6	--	45	97200	卖盘
13:43:24	21.6	0.04	5	10800	买盘
13:42:39	21.56	-0.01	68	146608	卖盘
13:41:57	21.57	--	11	23727	卖盘
13:41:51	21.57	-0.01	3	6471	卖盘
13:41:36	21.58	--	21	45318	卖盘
13:41:27	21.58	-0.01	10	21580	卖盘
13:40:45	21.59	-0.01	3	6477	中性盘
13:40:18	21.6	-0.03	3	6480	中性盘
13:38:03	21.63	--	2	4326	买盘
13:36:33	21.63	--	2	4326	买盘
13:35:06	21.63	--	45	97335	卖盘
13:34:27	21.63	--	10	21630	卖盘
13:34:12	21.63	--	1	2163	卖盘
13:34:03	21.63	--	44	95172	买盘
13:33:51	21.63	--	3	6489	买盘
13:33:33	21.63	-0.01	3	6489	卖盘
13:33:24	21.64	0.01	19	41116	买盘
13:32:54	21.63	--	7	15141	买盘
13:32:21	21.63	0.07	28	60564	买盘
13:28:36	21.56	-0.03	3	6468	卖盘
13:28:27	21.59	0.02	5	10795	买盘
13:27:54	21.57	-0.02	72	155304	卖盘
13:27:21	21.59	--	5	10795	买盘
13:27:06	21.59	--	1	2159	买盘
13:27:00	21.59	--	17	36703	卖盘
13:26:33	21.59	--	24	51816	卖盘
13:26:18	21.59	-0.04	13	28067	卖盘
13:26:12	21.63	--	1	2163	买盘
13:25:48	21.63	0.03	40	86520	买盘
13:25:45	21.6	-0.02	6	12960	卖盘
13:25:36	21.62	--	8	17296	卖盘
13:25:06	21.62	--	10	21620	卖盘
13:24:33	21.62	--	3	6486	买盘
13:24:06	21.62	--	7	15134	卖盘
13:24:03	21.62	--	10	21620	卖盘
13:23:39	21.62	--	15	32430	买盘
13:21:54	21.62	--	1	2162	买盘
13:20:06	21.62	-0.01	7	15134	中性盘
13:19:36	21.63	0.03	9	19467	买盘
13:19:33	21.6	--	8	17280	卖盘
13:18:48	21.6	--	4	8640	卖盘
13:17:51	21.6	--	6	12960	卖盘
13:17:39	21.6	-0.03	3	6480	卖盘
13:16:45	21.63	--	6	12978	买盘
13:14:57	21.63	--	3	6489	买盘
13:13:33	21.63	--	3	6489	买盘
13:13:15	21.63	0.06	40	86520	买盘
13:13:09	21.57	0.01	10	21570	中性盘
13:12:33	21.56	--	12	25872	卖盘
13:11:57	21.56	--	4	8624	卖盘
13:11:15	21.56	--	2	4312	卖盘
13:10:54	21.56	-0.06	6	12936	卖盘
13:10:51	21.62	-0.01	4	8648	中性盘
13:10:21	21.63	--	15	32445	买盘
13:09:42	21.63	--	41	88683	买盘
13:09:18	21.63	--	3	6489	买盘
13:09:15	21.63	--	12	25956	买盘
13:07:39	21.63	--	4	8652	买盘
13:07:36	21.63	--	16	34608	买盘
13:07:33	21.63	--	2	4326	卖盘
13:07:06	21.63	--	6	12978	卖盘
13:06:27	21.63	--	6	12978	卖盘
13:05:54	21.63	--	3	6489	买盘
13:05:36	21.63	--	1	2163	买盘
13:05:15	21.63	--	2	4326	买盘
13:04:48	21.63	--	3	6489	买盘
13:04:45	21.63	0.01	40	86520	买盘
13:03:21	21.62	-0.01	3	6486	中性盘
13:00:09	21.63	--	11	23793	买盘
13:00:03	21.63	--	10	21630	买盘
13:00:00	21.63	--	0	0	买盘
11:30:00	21.63	--	0	0	买盘
11:29:57	21.63	--	6	12978	买盘
11:29:30	21.63	--	1	2163	买盘
11:29:03	21.63	--	2	4326	买盘
11:28:42	21.63	--	4	8652	买盘
11:28:27	21.63	0.02	22	47586	买盘
11:28:24	21.61	--	7	15127	卖盘
11:27:15	21.61	--	11	23771	买盘
11:26:54	21.61	--	5	10805	买盘
11:26:33	21.61	-0.03	34	73474	卖盘
11:26:30	21.64	0.01	8	17312	买盘
11:26:24	21.63	0.02	5	10815	买盘
11:26:09	21.61	--	18	38898	买盘
11:26:03	21.61	--	2	4322	买盘
11:26:00	21.61	--	1	2161	买盘
11:25:24	21.61	--	7	15127	买盘
11:24:54	21.61	--	18	38898	买盘
11:24:48	21.61	0.01	5	10805	买盘
11:24:39	21.6	--	2	4492	买盘
11:24:18	21.6	--	11	23760	买盘
11:24:06	21.6	--	7	15120	买盘
11:24:03	21.6	0.06	24	51840	买盘
11:23:39	21.54	--	12	25848	买盘
11:22:30	21.54	-0.01	3	6462	中性盘
11:22:24	21.55	--	41	88355	买盘
11:22:21	21.55	0.01	12	25860	买盘
11:22:18	21.54	--	2	4308	买盘
11:22:09	21.54	--	1	2154	买盘
11:22:06	21.54	0.02	1	2154	买盘
11:22:00	21.52	--	5	10760	买盘
11:21:54	21.52	--	2	4304	买盘
11:21:51	21.52	-0.02	43	92536	卖盘
11:21:42	21.54	--	2	4308	买盘
11:21:33	21.54	-0.01	10	21540	卖盘
11:21:09	21.55	--	9	19395	买盘
11:21:03	21.55	-0.02	28	60340	卖盘
11:20:54	21.57	--	6	12942	买盘
11:20:51	21.57	--	13	28041	卖盘
11:19:57	21.57	-0.05	3	6471	卖盘
11:17:36	21.62	--	5	10810	买盘
11:17:15	21.62	-0.01	6	12972	中性盘
11:16:51	21.63	--	14	30282	买盘
11:16:33	21.63	--	19	41097	买盘
11:16:12	21.63	0.01	6	12978	买盘
11:16:03	21.62	-0.01	2	4324	中性盘
11:15:51	21.63	--	24	51912	买盘
11:15:42	21.63	--	7	15141	买盘
11:15:18	21.63	--	7	15141	买盘
11:13:21	21.63	0.01	11	23793	买盘
11:13:18	21.62	0.05	5	10810	买盘
11:13:15	21.57	-0.06	19	40983	中性盘
11:11:27	21.63	0.07	11	23793	买盘
11:11:21	21.56	-0.09	4	8624	卖盘
11:11:03	21.65	0.1	13	28144	买盘
11:10:48	21.55	-0.1	6	12930	卖盘
11:10:42	21.65	--	10	21650	买盘
11:10:39	21.65	0.1	8	17320	买盘
11:10:36	21.55	--	6	12930	卖盘
11:10:33	21.55	--	3	6465	卖盘
11:10:30	21.55	--	6	12930	卖盘
11:10:24	21.55	--	6	12930	卖盘
11:10:15	21.55	-0.1	6	12930	卖盘
11:10:09	21.65	0.09	69	149385	买盘
11:10:03	21.56	0.01	12	25872	中性盘
11:09:48	21.55	--	6	12930	卖盘
11:09:36	21.55	-0.01	6	12930	卖盘
11:09:27	21.56	-0.04	6	12936	卖盘
11:09:18	21.6	-0.01	3	7452	卖盘
11:09:12	21.61	-0.01	12	25932	卖盘
11:09:03	21.62	--	9	19458	卖盘
11:08:45	21.62	0.01	13	28106	买盘
11:08:36	21.61	-0.01	10	21610	中性盘
11:06:48	21.62	0.01	2	4324	买盘
11:06:42	21.61	--	16	34576	卖盘
11:06:39	21.61	--	6	12966	卖盘
11:06:33	21.61	-0.01	6	12966	卖盘
11:06:15	21.62	--	24	51888	买盘
11:06:06	21.62	--	32	69184	卖盘
11:05:51	21.62	-0.01	6	12972	卖盘
11:05:45	21.63	-0.02	9	19467	卖盘
11:05:42	21.65	0.02	18	38970	买盘
11:05:39	21.63	--	6	12978	卖盘
11:05:33	21.63	--	6	12978	卖盘
11:05:27	21.63	--	6	12978	卖盘
11:05:12	21.63	--	5	10815	买盘
11:05:03	21.63	0.01	18	38934	买盘
11:04:36	21.62	--	1	2162	卖盘
11:03:54	21.62	-0.01	17	36754	卖盘
11:03:39	21.63	0.01	37	80031	买盘
11:02:57	21.62	--	4	8648	买盘
11:02:12	21.62	0.02	9	19458	买盘
11:01:24	21.6	--	0	1188	买盘
11:01:03	21.6	--	9	19440	买盘
11:00:39	21.6	--	15	32400	买盘
11:00:18	21.6	0.04	5	10800	买盘
10:59:33	21.56	--	5	10780	买盘
10:58:57	21.56	--	5	10780	卖盘
10:58:09	21.56	-0.04	5	10780	卖盘
10:56:21	21.6	--	20	43200	买盘
10:56:03	21.6	0.06	1	2160	买盘
10:53:09	21.54	-0.06	2	4308	卖盘
10:52:06	21.6	--	18	38880	买盘
10:51:51	21.6	--	17	36720	买盘
10:51:33	21.6	--	1	2160	买盘
10:51:03	21.6	--	1	2160	买盘
10:50:33	21.6	-0.01	2	4320	买盘
10:50:09	21.61	-0.01	10	22582	卖盘
10:50:03	21.62	--	2	4324	买盘
10:49:15	21.62	0.01	3	6486	买盘
10:49:12	21.61	-0.01	4	9832	卖盘
10:49:03	21.62	--	5	10810	买盘
10:48:03	21.62	0.02	5	10810	买盘
10:47:51	21.6	-0.01	7	15120	中性盘
10:47:03	21.61	-0.01	5	10805	中性盘
10:46:03	21.62	--	5	10810	买盘
10:45:03	21.62	0.04	6	12972	买盘
10:44:42	21.58	--	1	2158	买盘
10:44:15	21.58	--	11	23737	买盘
10:44:03	21.58	0.05	6	12947	买盘
10:43:09	21.53	--	4	8612	买盘
10:43:03	21.53	--	6	12918	买盘
10:43:00	21.53	0.01	22	47366	买盘
10:42:48	21.52	0.01	2	4304	买盘
10:42:27	21.51	-0.01	0	709	卖盘
10:42:03	21.52	--	6	12912	买盘
10:41:42	21.52	0.01	24	51648	买盘
10:41:33	21.51	--	5	10755	卖盘
10:40:33	21.51	--	2	4302	卖盘
10:40:27	21.51	--	2	4302	卖盘
10:40:12	21.51	0.01	7	15057	买盘
10:39:51	21.5	-0.01	24	51600	卖盘
10:39:30	21.51	-0.01	2	4302	中性盘
10:38:54	21.52	0.02	2	4304	买盘
10:38:30	21.5	--	18	38700	卖盘
10:38:24	21.5	--	58	124700	买盘
10:38:18	21.5	--	12	25800	买盘
10:37:39	21.5	--	26	55900	卖盘
10:37:33	21.5	--	20	43000	卖盘
10:37:24	21.5	--	10	21500	卖盘
10:37:09	21.5	--	38	81700	卖盘
10:37:00	21.5	--	6	12900	卖盘
10:36:48	21.5	--	3	6450	卖盘
10:36:24	21.5	--	27	58050	买盘
10:35:57	21.5	-0.01	73	156950	卖盘
10:35:48	21.51	-0.02	113	243063	卖盘
10:35:30	21.53	--	2	4306	买盘
10:35:00	21.53	--	41	88273	卖盘
10:33:48	21.53	--	3	6459	卖盘
10:32:42	21.53	--	17	36601	买盘
10:32:15	21.53	--	4	8612	买盘
10:31:45	21.53	--	7	15071	卖盘
10:31:00	21.53	-0.05	24	51672	卖盘
10:30:27	21.58	-0.04	10	21580	卖盘
10:27:03	21.62	--	9	19458	中性盘
10:26:39	21.62	-0.01	2	4324	中性盘
10:25:24	21.63	--	3	6489	卖盘
10:25:06	21.63	--	1	2163	卖盘
10:24:09	21.63	0.01	12	25956	买盘
10:23:30	21.62	--	18	38916	卖盘
10:23:24	21.62	--	1	2162	买盘
10:22:48	21.62	--	3	6486	买盘
10:22:39	21.62	--	18	38916	买盘
10:22:18	21.62	--	2	4324	买盘
10:20:48	21.62	0.06	24	51888	买盘
10:20:39	21.56	-0.01	1	2156	中性盘
10:20:24	21.57	--	1	2157	买盘
10:19:36	21.57	--	5	10785	买盘
10:19:24	21.57	--	5	10785	买盘
10:18:54	21.57	--	16	34512	买盘
10:16:00	21.57	0.06	5	10785	买盘
10:15:12	21.51	0.01	6	12906	买盘
10:15:06	21.5	-0.01	38	81700	卖盘
10:14:54	21.51	--	4	8604	卖盘
10:14:09	21.51	--	3	6453	买盘
10:13:54	21.51	--	11	23661	卖盘
10:13:12	21.51	-0.06	13	27963	卖盘
10:13:00	21.57	0.05	2	4314	买盘
10:12:45	21.52	--	7	15064	卖盘
10:12:18	21.52	-0.05	60	129120	卖盘
10:10:54	21.57	0.05	6	12942	买盘
10:10:21	21.52	-0.08	19	40888	卖盘
10:10:06	21.6	0.08	12	25920	中性盘
10:08:54	21.52	-0.1	76	163552	卖盘
10:08:42	21.62	0.09	49	105938	买盘
10:08:36	21.53	-0.02	20	43060	卖盘
10:08:18	21.55	--	6	12930	买盘
10:08:09	21.55	--	6	12930	卖盘
10:08:00	21.55	-0.01	33	71115	卖盘
10:07:48	21.56	--	3	6468	卖盘
10:07:45	21.56	--	3	6468	卖盘
10:07:36	21.56	--	1	2156	中性盘
10:07:33	21.56	0.01	8	17248	买盘
10:07:09	21.55	-0.01	3	6465	卖盘
10:06:54	21.56	-0.01	88	189728	卖盘
10:06:30	21.57	-0.01	30	64710	卖盘
10:06:15	21.58	--	3	6473	买盘
10:06:12	21.58	--	9	19422	卖盘
10:05:45	21.58	--	4	8632	卖盘
10:05:15	21.58	--	3	6473	卖盘
10:04:12	21.58	--	5	10790	卖盘
10:04:03	21.58	--	4	8632	卖盘
10:03:54	21.58	--	1	2158	卖盘
10:03:21	21.58	--	10	21580	买盘
10:03:18	21.58	--	8	17264	买盘
10:03:03	21.58	-0.05	14	30211	卖盘
10:02:06	21.63	0.07	14	30282	中性盘
10:01:06	21.56	0.01	6	12936	中性盘
10:00:36	21.55	--	1	2155	卖盘
10:00:33	21.55	--	1	2155	卖盘
09:59:36	21.55	-0.01	50	107750	卖盘
09:59:12	21.56	--	29	62523	卖盘
09:59:09	21.56	-0.09	10	21560	卖盘
09:58:09	21.65	--	2	4330	买盘
09:57:36	21.65	--	19	41135	买盘
09:57:00	21.65	-0.02	2	4330	中性盘
09:56:30	21.67	--	24	52008	买盘
09:56:18	21.67	0.02	8	17336	中性盘
09:55:21	21.65	0.05	53	114744	买盘
09:54:39	21.6	-0.05	1	2160	卖盘
09:54:21	21.65	--	22	47630	买盘
09:54:18	21.65	--	18	38970	买盘
09:54:15	21.65	0.01	17	36805	买盘
09:53:57	21.64	0.01	65	140660	买盘
09:53:54	21.63	--	20	43260	买盘
09:53:51	21.63	--	3	6489	买盘
09:53:48	21.63	0.03	2	4326	买盘
09:53:45	21.6	0.05	2	4320	买盘
09:53:30	21.55	0.01	13	28015	中性盘
09:52:51	21.54	--	2	4308	买盘
09:52:45	21.54	--	10	21540	买盘
09:52:42	21.54	--	5	10770	买盘
09:52:36	21.54	--	2	4308	买盘
09:52:33	21.54	-0.09	17	36618	卖盘
09:52:21	21.63	0.1	23	49749	买盘
09:52:18	21.53	-0.11	5	10765	卖盘
09:52:06	21.64	0.09	1	2164	卖盘
09:52:03	21.55	-0.08	4	8620	卖盘
09:52:00	21.63	0.11	3	6489	中性盘
09:51:00	21.52	-0.08	58	124816	卖盘
09:50:24	21.6	-0.01	12	25920	卖盘
09:50:06	21.61	--	11	23771	卖盘
09:50:03	21.61	--	4	8644	卖盘
09:49:54	21.61	--	8	17288	卖盘
09:49:45	21.61	-0.01	6	12966	卖盘
09:49:42	21.62	--	1	2162	买盘
09:49:36	21.62	0.01	5	10810	买盘
09:49:33	21.61	-0.01	6	12966	卖盘
09:49:27	21.62	--	3	6486	买盘
09:49:18	21.62	-0.06	23	49726	卖盘
09:48:57	21.68	--	16	34688	卖盘
09:48:54	21.68	--	2	4336	卖盘
09:48:33	21.68	--	27	58536	买盘
09:48:24	21.68	0.07	5	10840	买盘
09:48:00	21.61	-0.02	40	86440	卖盘
09:47:24	21.63	--	6	12978	卖盘
09:47:15	21.63	-0.01	6	12978	卖盘
09:46:57	21.64	-0.06	6	12984	卖盘
09:46:45	21.7	--	81	175770	买盘
09:46:33	21.7	--	46	99820	卖盘
09:46:30	21.7	-0.01	11	23870	卖盘
09:46:18	21.71	0.01	1	2171	买盘
09:46:03	21.7	--	6	13020	卖盘
09:45:54	21.7	0.02	6	13020	买盘
09:45:51	21.68	-0.02	54	117072	卖盘
09:45:12	21.7	0.01	48	104160	买盘
09:45:06	21.69	0.01	2	4338	中性盘
09:45:00	21.68	--	9	19512	买盘
09:44:33	21.68	--	1	2168	买盘
09:44:27	21.68	-0.03	39	84552	卖盘
09:44:21	21.71	--	40	86840	买盘
09:44:09	21.71	0.03	24	52104	买盘
09:43:57	21.68	--	1	2168	卖盘
09:43:54	21.68	--	1	2168	卖盘
09:43:15	21.68	-0.02	1	2168	卖盘
09:43:00	21.7	0.02	7	15190	买盘
09:42:57	21.68	--	1	2168	卖盘
09:42:39	21.68	--	15	32520	卖盘
09:42:30	21.68	-0.03	1	2168	卖盘
09:41:27	21.71	0.03	1	2171	买盘
09:41:18	21.68	--	2	4336	卖盘
09:41:15	21.68	--	3	6504	卖盘
09:40:33	21.68	--	26	56368	买盘
09:39:54	21.68	--	6	13008	卖盘
09:39:51	21.68	--	6	13008	卖盘
09:39:48	21.68	-0.03	6	13008	卖盘
09:39:45	21.71	0.03	9	19539	买盘
09:39:18	21.68	--	1	2168	卖盘
09:39:06	21.68	--	6	13008	卖盘
09:38:57	21.68	--	6	13008	卖盘
09:38:21	21.68	--	5	10840	卖盘
09:38:18	21.68	--	2	4336	卖盘
09:38:15	21.68	--	3	6504	卖盘
09:38:09	21.68	--	9	19512	买盘
09:37:51	21.68	--	35	75880	买盘
09:37:36	21.68	-0.03	7	15176	卖盘
09:37:24	21.71	--	3	6513	买盘
09:36:21	21.71	--	1	2171	卖盘
09:36:18	21.71	--	1	2171	卖盘
09:36:12	21.71	-0.01	8	17368	卖盘
09:36:00	21.72	--	3	6516	卖盘
09:35:54	21.72	--	5	10860	卖盘
09:35:45	21.72	--	6	13032	买盘
09:35:36	21.72	0.01	4	8688	买盘
09:35:24	21.71	0.03	3	6513	买盘
09:34:54	21.68	--	1	2168	买盘
09:34:27	21.68	--	12	26016	卖盘
09:34:12	21.68	0.07	11	23848	买盘
09:34:09	21.61	-0.07	3	6483	买盘
09:34:06	21.68	0.07	5	10840	买盘
09:33:36	21.61	-0.01	1	2161	中性盘
09:33:30	21.62	--	1	2162	买盘
09:33:15	21.62	--	1	2162	买盘
09:33:09	21.62	--	5	10810	买盘
09:32:57	21.62	--	10	21620	买盘
09:32:54	21.62	-0.06	30	64860	卖盘
09:32:48	21.68	--	1	2168	买盘
09:32:27	21.68	0.01	10	21680	中性盘
09:32:21	21.67	-0.01	20	43340	卖盘
09:32:18	21.68	--	15	32520	买盘
09:32:15	21.68	--	8	17344	买盘
09:32:03	21.68	--	2	4336	买盘
09:32:00	21.68	--	4	8672	买盘
09:31:57	21.68	0.01	6	13008	买盘
09:31:48	21.67	0.02	4	8668	买盘
09:31:21	21.65	0.01	7	15154	买盘
09:30:57	21.64	0.02	2	4328	买盘
09:30:36	21.62	0.02	1	2162	买盘
09:30:30	21.6	--	7	15120	卖盘
09:30:09	21.6	-0.02	15	32400	中性盘
09:30:06	21.62	0.12	6	12972	买盘
09:30:03	21.5	0.03	58	124700	买盘
09:30:00	21.47	--	0	0	卖盘
09:25:03	21.47	21.47	32	68704	买盘
