成交时间	成交价	价格变动	成交量(手)	成交额(元)	性质
15:00:03	11.38	0.01	1276	1452088	卖盘
14:57:00	11.37	--	0	0	卖盘
14:56:54	11.37	-0.01	12	13643	卖盘
14:56:51	11.38	-0.01	4	4552	卖盘
14:56:48	11.39	0.02	23	26197	买盘
14:56:45	11.37	-0.01	7	7958	卖盘
14:56:42	11.38	0.01	50	56900	买盘
14:56:39	11.37	-0.04	78	88686	卖盘
14:56:33	11.41	0.03	331	377671	买盘
14:56:30	11.38	--	5	5690	中性盘
14:56:24	11.38	-0.02	10	11380	中性盘
14:56:21	11.4	0.03	300	342000	买盘
14:56:18	11.37	0.01	226	256961	买盘
14:56:15	11.36	--	22	24992	卖盘
14:56:12	11.36	--	25	28400	卖盘
14:56:09	11.36	-0.01	111	126096	卖盘
14:56:06	11.37	0.01	3	3410	买盘
14:56:03	11.36	-0.01	35	39760	卖盘
14:56:00	11.37	--	16	18192	买盘
14:55:57	11.37	--	27	30698	卖盘
14:55:54	11.37	--	59	67083	买盘
14:55:51	11.37	--	47	53438	买盘
14:55:48	11.37	--	20	22740	买盘
14:55:45	11.37	0.01	15	17055	买盘
14:55:42	11.36	-0.01	1	1136	卖盘
14:55:36	11.37	0.01	118	134166	买盘
14:55:33	11.36	-0.01	6	6816	卖盘
14:55:30	11.37	--	49	55712	买盘
14:55:27	11.37	--	59	67083	买盘
14:55:24	11.37	--	37	42069	买盘
14:55:21	11.37	--	21	23877	买盘
14:55:18	11.37	--	9	10233	买盘
14:55:15	11.37	-0.01	35	39795	卖盘
14:55:12	11.38	--	2	2276	买盘
14:55:09	11.38	0.01	28	31864	买盘
14:55:06	11.37	-0.02	3	3410	卖盘
14:55:00	11.39	0.01	18	20502	买盘
14:54:57	11.38	--	20	22760	买盘
14:54:54	11.38	--	7	7966	卖盘
14:54:48	11.38	0.02	13	14794	买盘
14:54:39	11.36	-0.02	20	22720	卖盘
14:54:36	11.38	0.02	14	15932	买盘
14:54:33	11.36	--	5	5680	卖盘
14:54:27	11.36	-0.02	14	15904	卖盘
14:54:24	11.38	0.02	15	17070	买盘
14:54:18	11.36	--	10	11360	卖盘
14:54:12	11.36	--	2	2272	卖盘
14:54:09	11.36	--	5	5680	卖盘
14:54:06	11.36	--	46	52256	卖盘
14:54:00	11.36	--	62	71397	买盘
14:53:57	11.36	--	20	22720	买盘
14:53:54	11.36	--	80	90880	买盘
14:53:48	11.36	0.01	5	5680	买盘
14:53:45	11.35	--	2	2270	卖盘
14:53:42	11.35	-0.01	19	21565	卖盘
14:53:39	11.36	--	67	76112	买盘
14:53:36	11.36	0.01	10	11360	买盘
14:53:33	11.35	-0.06	32	36320	卖盘
14:53:30	11.41	0.06	1875	2139375	买盘
14:53:27	11.35	--	11	12485	卖盘
14:53:24	11.35	--	4	4540	卖盘
14:53:21	11.35	-0.01	14	15890	卖盘
14:53:18	11.36	0.01	11	12496	买盘
14:53:15	11.35	--	60	68100	卖盘
14:53:09	11.35	--	49	55615	卖盘
14:53:06	11.35	--	20	22700	卖盘
14:53:03	11.35	-0.01	3	3405	卖盘
14:53:00	11.36	--	0	397	卖盘
14:52:57	11.36	--	14	15904	卖盘
14:52:54	11.36	--	42	47712	卖盘
14:52:48	11.36	--	5	5680	卖盘
14:52:45	11.36	--	47	53392	卖盘
14:52:42	11.36	--	55	62480	卖盘
14:52:39	11.36	0.01	43	49586	买盘
14:52:36	11.35	--	107	122171	卖盘
14:52:27	11.35	--	16	18160	卖盘
14:52:24	11.35	--	2	2270	卖盘
14:52:21	11.35	-0.01	15	17025	卖盘
14:52:18	11.36	0.01	2	2272	买盘
14:52:12	11.35	--	30	34050	卖盘
14:52:09	11.35	-0.01	3	3405	卖盘
14:52:06	11.36	--	13	14768	买盘
14:51:57	11.36	--	16	18176	买盘
14:51:45	11.36	--	60	68966	卖盘
14:51:42	11.36	-0.01	3	3408	卖盘
14:51:33	11.37	0.01	14	15917	买盘
14:51:27	11.36	--	32	36681	卖盘
14:51:21	11.36	--	25	28400	卖盘
14:51:15	11.36	--	6	6816	卖盘
14:51:09	11.36	-0.01	26	29536	卖盘
14:51:06	11.37	--	8	9096	买盘
14:51:03	11.37	--	76	86412	卖盘
14:51:00	11.37	--	8	9096	卖盘
14:50:57	11.37	--	56	63671	卖盘
14:50:54	11.37	--	10	11370	卖盘
14:50:51	11.37	--	31	35247	卖盘
14:50:45	11.37	--	27	30698	卖盘
14:50:39	11.37	--	70	79590	卖盘
14:50:33	11.37	--	8	9096	卖盘
14:50:30	11.37	--	30	34110	卖盘
14:50:27	11.37	--	91	103467	买盘
14:50:24	11.37	--	6	6821	买盘
14:50:21	11.37	--	78	88686	卖盘
14:50:18	11.37	-0.01	183	208071	卖盘
14:50:06	11.38	0.01	4	4552	买盘
14:50:03	11.37	-0.01	29	32973	卖盘
14:49:57	11.38	--	100	113800	卖盘
14:49:54	11.38	-0.01	5	5690	卖盘
14:49:51	11.39	--	18	20502	买盘
14:49:48	11.39	--	15	17085	买盘
14:49:42	11.39	--	12	13668	买盘
14:49:30	11.39	--	8	9112	买盘
14:49:27	11.39	--	6	6834	卖盘
14:49:12	11.39	-0.01	5	5695	卖盘
14:49:09	11.4	0.01	200	228000	买盘
14:49:06	11.39	--	9	10251	卖盘
14:49:03	11.39	--	20	22780	卖盘
14:48:48	11.39	--	30	34170	卖盘
14:48:36	11.39	-0.01	3	3417	卖盘
14:48:24	11.4	0.01	10	11400	买盘
14:48:12	11.39	--	12	13668	卖盘
14:48:06	11.39	--	12	13668	卖盘
14:48:03	11.39	--	50	56950	卖盘
14:47:54	11.39	0.01	105	119595	买盘
14:47:42	11.38	-0.01	3	3414	卖盘
14:47:36	11.39	--	5	5695	买盘
14:47:33	11.39	0.01	3	3417	买盘
14:47:27	11.38	--	60	68280	卖盘
14:47:24	11.38	-0.01	24	27312	卖盘
14:47:15	11.39	--	19	21641	买盘
14:47:09	11.39	0.01	10	11390	买盘
14:46:57	11.38	--	15	17070	卖盘
14:46:51	11.38	--	20	22760	卖盘
14:46:45	11.38	-0.01	51	58038	卖盘
14:46:39	11.39	--	2	2278	卖盘
14:46:36	11.39	--	7	7973	买盘
14:46:21	11.39	-0.01	11	12529	买盘
14:46:18	11.4	0.01	507	577980	买盘
14:46:06	11.39	0.01	15	17085	买盘
14:46:03	11.38	--	9	10242	卖盘
14:46:00	11.38	0.01	29	33002	买盘
14:45:57	11.37	-0.01	10	11370	卖盘
14:45:51	11.38	--	8	9104	买盘
14:45:45	11.38	--	44	50072	买盘
14:45:42	11.38	--	1	1138	买盘
14:45:33	11.38	--	20	22760	买盘
14:45:30	11.38	0.01	30	34140	买盘
14:45:27	11.37	-0.01	28	31835	卖盘
14:45:18	11.38	0.01	15	17070	买盘
14:45:15	11.37	--	12	13643	卖盘
14:45:12	11.37	--	20	22740	卖盘
14:44:57	11.37	--	30	34110	买盘
14:44:54	11.37	--	40	45480	买盘
14:44:51	11.37	--	100	113699	买盘
14:44:48	11.37	--	54	61397	买盘
14:44:42	11.37	--	35	39795	买盘
14:44:36	11.37	--	1	1137	买盘
14:44:33	11.37	0.01	7	7958	买盘
14:44:30	11.36	--	19	21584	买盘
14:44:27	11.36	0.01	1	1136	买盘
14:44:24	11.35	--	47	53345	卖盘
14:44:18	11.35	--	6	6810	卖盘
14:44:12	11.35	-0.02	17	19692	卖盘
14:44:06	11.37	0.02	30	34110	中性盘
14:44:00	11.35	-0.02	213	241766	卖盘
14:43:57	11.37	--	20	22740	卖盘
14:43:54	11.37	--	30	34110	卖盘
14:43:48	11.37	-0.01	1	1137	卖盘
14:43:45	11.38	0.01	2	2276	买盘
14:43:42	11.37	--	8	9096	卖盘
14:43:39	11.37	--	2	2274	卖盘
14:43:36	11.37	-0.01	16	18192	卖盘
14:43:30	11.38	--	14	15932	买盘
14:43:24	11.38	--	15	17070	中性盘
14:43:12	11.38	-0.01	100	113800	中性盘
14:43:09	11.39	0.01	10	11390	买盘
14:43:06	11.38	-0.01	18	20484	卖盘
14:43:00	11.39	--	2	2278	买盘
14:42:57	11.39	0.01	11	12529	买盘
14:42:51	11.38	-0.01	38	43244	卖盘
14:42:42	11.39	--	1	1139	买盘
14:42:39	11.39	--	66	75344	卖盘
14:42:33	11.39	--	23	26197	卖盘
14:42:30	11.39	--	125	142375	卖盘
14:42:27	11.39	--	1	1139	卖盘
14:42:18	11.39	--	321	365619	卖盘
14:42:12	11.39	--	8	9112	卖盘
14:42:09	11.39	--	17	19363	卖盘
14:42:06	11.39	--	9	10251	卖盘
14:42:03	11.39	-0.01	8	9112	卖盘
14:42:00	11.4	0.01	55	62700	买盘
14:41:54	11.39	-0.01	20	22780	卖盘
14:41:51	11.4	--	32	37221	卖盘
14:41:45	11.4	--	6	6840	卖盘
14:41:39	11.4	--	5	5700	卖盘
14:41:30	11.4	-0.02	65	74100	卖盘
14:41:24	11.42	0.02	15	17130	买盘
14:41:18	11.4	--	19	22059	卖盘
14:41:15	11.4	-0.02	9	10260	卖盘
14:41:12	11.42	--	6	6852	买盘
14:41:09	11.42	--	5	5710	买盘
14:41:06	11.42	-0.01	310	354020	卖盘
14:41:03	11.43	0.01	51	58293	买盘
14:40:57	11.42	--	32	36544	卖盘
14:40:54	11.42	--	12	13704	卖盘
14:40:48	11.42	--	10	11420	卖盘
14:40:45	11.42	--	50	57100	卖盘
14:40:39	11.42	-0.01	36	41112	卖盘
14:40:36	11.43	--	10	11430	买盘
14:40:33	11.43	0.01	10	11430	买盘
14:40:30	11.42	-0.01	8	9136	卖盘
14:40:24	11.43	0.01	27	30861	买盘
14:40:18	11.42	-0.01	27	30834	卖盘
14:40:12	11.43	--	20	22860	买盘
14:40:03	11.43	0.01	2	2286	买盘
14:39:57	11.42	-0.01	4	4568	卖盘
14:39:54	11.43	0.01	1	1143	买盘
14:39:48	11.42	-0.01	10	11420	卖盘
14:39:42	11.43	0.01	20	22860	买盘
14:39:39	11.42	--	3	3426	卖盘
14:39:36	11.42	--	7	7994	卖盘
14:39:33	11.42	--	4	4568	卖盘
14:39:24	11.42	-0.01	35	39970	卖盘
14:39:21	11.43	0.01	1	1143	买盘
14:39:18	11.42	--	35	39970	卖盘
14:38:45	11.42	--	6	6852	卖盘
14:38:24	11.42	--	10	11420	卖盘
14:38:21	11.42	--	105	119910	买盘
14:38:15	11.42	0.01	30	34260	买盘
14:38:12	11.41	--	5	5705	卖盘
14:37:48	11.41	--	10	11410	卖盘
14:37:36	11.41	--	1	1141	卖盘
14:37:33	11.41	-0.01	35	39935	卖盘
14:37:30	11.42	--	56	63952	买盘
14:37:18	11.42	0.01	21	23982	买盘
14:37:12	11.41	--	5	5705	卖盘
14:36:57	11.41	0.01	16	18256	中性盘
14:36:51	11.4	--	13	14820	卖盘
14:36:48	11.4	--	2	2280	卖盘
14:36:30	11.4	--	7	7980	卖盘
14:36:27	11.4	--	140	159600	买盘
14:36:24	11.4	--	2	2280	买盘
14:36:21	11.4	0.01	6	6840	买盘
14:36:18	11.39	--	1	1139	卖盘
14:36:15	11.39	-0.01	54	61506	卖盘
14:36:12	11.4	--	320	364800	买盘
14:36:03	11.4	0.01	15	17100	买盘
14:35:48	11.39	--	21	23919	卖盘
14:35:36	11.39	--	5	5695	卖盘
14:35:30	11.39	--	5	5695	卖盘
14:34:45	11.39	-0.01	39	44421	卖盘
14:34:42	11.4	0.01	301	343140	买盘
14:34:39	11.39	-0.01	10	11390	卖盘
14:34:36	11.4	0.01	20	22800	买盘
14:34:30	11.39	--	20	22780	卖盘
14:34:24	11.39	--	35	39865	卖盘
14:34:18	11.39	--	5	5695	卖盘
14:34:15	11.39	-0.01	3	3417	卖盘
14:34:12	11.4	--	54	61560	买盘
14:34:06	11.4	0.01	10	11400	买盘
14:34:03	11.39	-0.01	2	2278	卖盘
14:34:00	11.4	0.01	10	11400	买盘
14:33:36	11.39	--	56	64752	买盘
14:33:30	11.39	0.02	18	20502	买盘
14:33:27	11.37	-0.02	10	11370	卖盘
14:33:24	11.39	--	5	5695	买盘
14:33:21	11.39	--	7	7973	买盘
14:33:12	11.39	-0.01	5	5865	卖盘
14:33:09	11.4	0.01	21	23940	买盘
14:33:06	11.39	--	25	29215	卖盘
14:33:03	11.39	-0.01	12	13668	卖盘
14:32:48	11.4	--	1	1140	卖盘
14:32:42	11.4	--	1	1140	卖盘
14:32:39	11.4	0.01	58	66120	买盘
14:32:36	11.39	--	1	1139	卖盘
14:32:27	11.39	--	3	3417	卖盘
14:32:21	11.39	--	2	2278	卖盘
14:32:09	11.39	--	20	22780	卖盘
14:31:48	11.39	--	10	11390	卖盘
14:31:45	11.39	0.02	93	106154	买盘
14:31:36	11.37	-0.01	467	530979	卖盘
14:31:12	11.38	-0.01	9	10242	卖盘
14:31:06	11.39	--	6	6834	买盘
14:31:00	11.39	--	3	3417	买盘
14:30:57	11.39	--	26	30525	卖盘
14:30:54	11.39	--	4	4556	卖盘
14:30:48	11.39	--	5	5695	卖盘
14:30:39	11.39	-0.01	2	2278	卖盘
14:30:30	11.4	--	5	5700	买盘
14:30:27	11.4	0.01	5	5700	买盘
14:30:24	11.39	--	3	3417	卖盘
14:30:21	11.39	--	5	5695	卖盘
14:30:18	11.39	--	11	12529	卖盘
14:30:09	11.39	--	1	1139	卖盘
14:30:03	11.39	--	7	7973	卖盘
14:29:51	11.39	-0.01	2	2278	卖盘
14:29:45	11.4	--	10	11400	买盘
14:29:36	11.4	0.01	10	11400	中性盘
14:29:24	11.39	--	10	11390	卖盘
14:29:15	11.39	--	5	5695	卖盘
14:29:03	11.39	-0.03	10	11390	卖盘
14:28:18	11.42	0.03	33	37686	买盘
14:28:09	11.39	--	5	5695	卖盘
14:27:45	11.39	-0.01	69	78818	卖盘
14:27:39	11.4	-0.02	394	449160	卖盘
14:27:30	11.42	0.01	10	11420	买盘
14:27:27	11.41	-0.01	9	10269	卖盘
14:27:18	11.42	0.01	3	3426	买盘
14:27:15	11.41	--	2	2282	卖盘
14:27:12	11.41	-0.01	10	11410	卖盘
14:27:03	11.42	--	55	62810	卖盘
14:26:57	11.42	--	2	2284	卖盘
14:26:51	11.42	--	13	14846	买盘
14:26:48	11.42	--	5	5710	买盘
14:26:42	11.42	--	34	38828	卖盘
14:26:39	11.42	--	97	110774	卖盘
14:26:30	11.42	-0.01	17	19414	卖盘
14:26:03	11.43	--	8	9144	卖盘
14:25:57	11.43	--	10	11430	卖盘
14:25:51	11.43	-0.01	20	22860	卖盘
14:25:45	11.44	--	14	16016	买盘
14:25:42	11.44	0.01	50	57200	买盘
14:25:33	11.43	--	6	6858	卖盘
14:25:15	11.43	--	2	2286	卖盘
14:25:12	11.43	-0.01	2	2286	卖盘
14:25:03	11.44	0.01	7	8008	买盘
14:25:00	11.43	0.01	3	3429	买盘
14:24:57	11.42	-0.01	50	57100	卖盘
14:24:54	11.43	0.01	20	22860	买盘
14:24:45	11.42	--	2	2284	卖盘
14:24:42	11.42	-0.01	511	583562	卖盘
14:24:33	11.43	--	4	4572	卖盘
14:24:30	11.43	0.01	172	196596	买盘
14:24:24	11.42	--	77	87934	卖盘
14:24:21	11.42	-0.01	2	2284	卖盘
14:24:15	11.43	0.01	17	19431	中性盘
14:24:06	11.42	-0.03	20	22840	卖盘
14:23:54	11.45	--	10	11450	卖盘
14:23:51	11.45	--	7	8014	卖盘
14:23:48	11.45	--	22	25190	卖盘
14:23:45	11.45	--	4	4580	卖盘
14:23:42	11.45	--	15	17175	卖盘
14:23:39	11.45	-0.01	10	11450	卖盘
14:23:36	11.46	--	25	28650	卖盘
14:23:33	11.46	--	1	1146	卖盘
14:23:30	11.46	0.01	174	199404	买盘
14:23:24	11.45	--	16	18320	卖盘
14:23:21	11.45	0.02	264	302280	买盘
14:23:15	11.43	0.01	10	11430	买盘
14:23:09	11.42	-0.01	3	3426	卖盘
14:22:54	11.43	--	8	9144	买盘
14:22:51	11.43	--	82	93726	卖盘
14:22:45	11.43	--	3	3429	卖盘
14:22:39	11.43	--	3	3429	卖盘
14:22:33	11.43	-0.01	18	20574	卖盘
14:22:30	11.44	0.01	50	57200	买盘
14:22:24	11.43	-0.01	60	68580	卖盘
14:22:21	11.44	-0.01	58	66352	卖盘
14:22:06	11.45	--	25	28625	买盘
14:22:03	11.45	--	110	125949	买盘
14:21:57	11.45	--	8	9160	买盘
14:21:54	11.45	0.01	21	24045	买盘
14:21:33	11.44	-0.02	5	5720	卖盘
14:21:18	11.46	0.02	20	22920	买盘
14:21:15	11.44	-0.01	6	6864	卖盘
14:21:12	11.45	-0.01	6	6870	中性盘
14:20:54	11.46	0.01	5	5730	买盘
14:20:42	11.45	--	10	11450	卖盘
14:20:39	11.45	--	4	4580	卖盘
14:20:33	11.45	--	106	121369	买盘
14:20:24	11.45	0.01	5	5725	买盘
14:20:09	11.44	--	33	37752	买盘
14:19:57	11.44	-0.01	59	67496	卖盘
14:19:54	11.45	0.01	10	11450	买盘
14:19:48	11.44	-0.01	8	9152	卖盘
14:19:42	11.45	0.01	1	1145	买盘
14:19:39	11.44	-0.01	73	83512	卖盘
14:19:21	11.45	--	53	60684	卖盘
14:19:18	11.45	-0.01	2	2290	卖盘
14:19:06	11.46	-0.01	54	61884	卖盘
14:18:54	11.47	--	36	41292	卖盘
14:18:51	11.47	--	66	75702	卖盘
14:18:48	11.47	-0.01	63	72261	卖盘
14:18:42	11.48	--	1	1148	买盘
14:18:39	11.48	--	22	25256	卖盘
14:18:36	11.48	-0.02	59	67732	卖盘
14:18:33	11.5	0.02	39	44850	买盘
14:18:30	11.48	--	65	74620	卖盘
14:18:27	11.48	--	43	49364	卖盘
14:18:24	11.48	--	65	74620	卖盘
14:18:18	11.48	--	11	12628	卖盘
14:18:15	11.48	--	206	236488	卖盘
14:18:12	11.48	--	36	41328	卖盘
14:18:09	11.48	--	6	6888	卖盘
14:18:03	11.48	--	21	24108	卖盘
14:18:00	11.48	--	4	4592	卖盘
14:17:57	11.48	0.01	47	53956	买盘
14:17:54	11.47	-0.01	40	45880	卖盘
14:17:45	11.48	0.01	504	578592	买盘
14:17:39	11.47	--	2	2294	卖盘
14:17:33	11.47	--	110	126170	买盘
14:17:18	11.47	--	5	5735	买盘
14:17:09	11.47	0.01	2	2294	买盘
14:17:03	11.46	--	6	6876	卖盘
14:17:00	11.46	-0.01	106	121476	卖盘
14:16:54	11.47	--	29	33263	买盘
14:16:51	11.47	--	20	22940	买盘
14:16:42	11.47	--	20	22940	卖盘
14:16:39	11.47	--	34	38998	买盘
14:16:36	11.47	--	49	56203	买盘
14:16:30	11.47	0.01	155	177785	买盘
14:16:24	11.46	--	9	10314	卖盘
14:16:15	11.46	--	4	4584	卖盘
14:16:12	11.46	--	35	40110	卖盘
14:15:51	11.46	--	2	2292	卖盘
14:15:33	11.46	--	21	24066	买盘
14:15:30	11.46	0.01	4	4584	买盘
14:15:24	11.45	-0.01	12	13740	卖盘
14:15:21	11.46	-0.02	26	29796	卖盘
14:15:15	11.48	0.02	298	342104	买盘
14:15:12	11.46	-0.01	10	11460	中性盘
14:15:00	11.47	0.01	31	35557	买盘
14:14:54	11.46	0.01	5	5730	卖盘
14:14:51	11.45	-0.03	5	5725	卖盘
14:14:45	11.48	--	30	34440	买盘
14:14:42	11.48	-0.01	1	1148	中性盘
14:14:36	11.49	-0.01	5	5745	买盘
14:14:33	11.5	0.02	130	149500	买盘
14:14:30	11.48	-0.01	10	11480	卖盘
14:14:27	11.49	-0.01	37	42742	卖盘
14:14:24	11.5	--	4	4600	买盘
14:14:18	11.5	--	71	81650	买盘
14:14:15	11.5	--	3	3450	买盘
14:14:09	11.5	--	16	18400	卖盘
14:14:06	11.5	0.01	38	43700	买盘
14:14:03	11.49	-0.01	80	91920	卖盘
14:14:00	11.5	--	194	223100	卖盘
14:13:57	11.5	--	1	1150	卖盘
14:13:54	11.5	--	58	66700	买盘
14:13:51	11.5	--	138	158700	买盘
14:13:48	11.5	0.01	309	355350	买盘
14:13:45	11.49	--	20	22980	卖盘
14:13:42	11.49	-0.01	43	49407	卖盘
14:13:39	11.5	--	363	417450	买盘
14:13:36	11.5	0.01	210	241500	买盘
14:13:33	11.49	0.01	202	233017	买盘
14:13:27	11.48	0.01	256	293888	买盘
14:13:24	11.47	--	15	17205	卖盘
14:13:21	11.47	0.01	37	42439	买盘
14:13:12	11.46	--	63	72198	买盘
14:13:09	11.46	0.01	2	2292	买盘
14:13:06	11.45	0.01	153	175185	买盘
14:12:57	11.44	-0.01	9	10296	中性盘
14:12:48	11.45	0.02	28	32059	买盘
14:12:39	11.43	--	393	449199	卖盘
14:12:33	11.43	--	12	13716	卖盘
14:12:30	11.43	--	1	1143	卖盘
14:12:27	11.43	0.01	770	880110	买盘
14:12:21	11.42	--	25	28550	卖盘
14:12:03	11.42	0.01	49	55958	买盘
14:12:00	11.41	-0.01	106	120946	卖盘
14:11:54	11.42	--	32	36544	卖盘
14:11:51	11.42	--	36	41112	卖盘
14:11:45	11.42	--	37	42254	卖盘
14:11:42	11.42	--	9	10278	卖盘
14:11:39	11.42	--	8	9136	卖盘
14:11:36	11.42	--	8	9136	卖盘
14:11:33	11.42	-0.01	2	2284	卖盘
14:11:21	11.43	--	31	35433	买盘
14:11:03	11.43	0.01	8	9144	买盘
14:10:57	11.42	--	24	27408	卖盘
14:10:54	11.42	--	4	4568	卖盘
14:10:51	11.42	-0.01	10	11420	卖盘
14:10:36	11.43	0.01	65	74295	买盘
14:10:33	11.42	-0.01	10	11420	卖盘
14:10:30	11.43	0.01	1	1143	买盘
14:10:27	11.42	-0.01	12	13704	卖盘
14:10:18	11.43	0.01	2	2286	买盘
14:10:03	11.42	--	6	6852	卖盘
14:10:00	11.42	--	10	11420	卖盘
14:09:54	11.42	--	25	28550	卖盘
14:09:45	11.42	--	6	6852	卖盘
14:09:42	11.42	--	5	5710	卖盘
14:09:36	11.42	--	57	65094	买盘
14:09:33	11.42	0.01	450	513900	买盘
14:09:24	11.41	--	17	19397	卖盘
14:09:21	11.41	-0.01	10	11410	卖盘
14:09:18	11.42	0.01	6	6852	买盘
14:09:09	11.41	--	17	19397	卖盘
14:09:06	11.41	--	10	11410	卖盘
14:09:03	11.41	--	100	114100	卖盘
14:09:00	11.41	--	200	228200	卖盘
14:08:54	11.41	-0.01	9	10269	卖盘
14:08:48	11.42	--	50	57100	买盘
14:08:45	11.42	0.01	150	171300	买盘
14:08:33	11.41	--	80	91280	卖盘
14:08:30	11.41	--	4	4564	卖盘
14:08:18	11.41	-0.01	5	5705	卖盘
14:08:15	11.42	0.01	70	79940	买盘
14:08:06	11.41	--	43	49063	卖盘
14:08:03	11.41	-0.01	31	35371	卖盘
14:08:00	11.42	0.01	23	26266	买盘
14:07:51	11.41	--	5	5705	卖盘
14:07:45	11.41	-0.01	26	29666	卖盘
14:07:42	11.42	--	130	148460	买盘
14:07:39	11.42	--	11	12562	买盘
14:07:36	11.42	--	12	13704	买盘
14:07:33	11.42	--	1	1142	买盘
14:07:30	11.42	--	90	102780	卖盘
14:07:15	11.42	-0.01	50	57100	中性盘
14:07:06	11.43	--	6	6858	卖盘
14:07:03	11.43	0.01	61	69723	买盘
14:07:00	11.42	-0.02	106	121052	卖盘
14:06:48	11.44	0.02	61	69784	买盘
14:06:45	11.42	-0.01	10	11420	卖盘
14:06:30	11.43	-0.01	5	5715	中性盘
14:06:18	11.44	0.02	1	1144	买盘
14:06:12	11.42	--	8	9136	卖盘
14:06:03	11.42	-0.02	22	25124	卖盘
14:05:48	11.44	0.01	132	151008	买盘
14:05:45	11.43	--	18	20574	卖盘
14:05:42	11.43	--	2	2286	买盘
14:05:39	11.43	--	18	20574	卖盘
14:05:36	11.43	--	8	9144	卖盘
14:05:33	11.43	--	10	11430	卖盘
14:05:24	11.43	--	15	17145	卖盘
14:05:21	11.43	--	99	113157	买盘
14:05:15	11.43	--	100	114300	买盘
14:05:12	11.43	0.02	1	1143	买盘
14:05:06	11.41	0.01	498	568218	买盘
14:04:57	11.4	-0.01	20	22800	卖盘
14:04:54	11.41	0.01	200	228200	买盘
14:04:48	11.4	-0.01	2	2280	卖盘
14:04:45	11.41	-0.01	511	583051	卖盘
14:04:39	11.42	--	5	5710	卖盘
14:04:30	11.42	0.02	39	44538	买盘
14:04:12	11.4	--	22	25080	卖盘
14:03:42	11.4	--	5	5700	卖盘
14:03:33	11.4	--	41	46740	买盘
14:03:30	11.4	0.01	10	11400	买盘
14:03:18	11.39	0.01	10	11390	中性盘
14:03:09	11.38	-0.02	22	25036	卖盘
14:03:00	11.4	0.01	802	914280	买盘
14:02:48	11.39	--	34	38726	卖盘
14:02:45	11.39	--	10	11390	卖盘
14:02:42	11.39	--	47	53533	买盘
14:02:36	11.39	--	10	11390	买盘
14:02:30	11.39	--	29	33031	买盘
14:02:21	11.39	0.01	30	34170	买盘
14:02:18	11.38	--	22	25036	卖盘
14:02:06	11.38	--	9	10811	买盘
14:02:03	11.38	--	10	11380	买盘
14:02:00	11.38	--	1	1138	买盘
14:01:42	11.38	0.01	1	1138	买盘
14:01:30	11.37	--	15	17055	卖盘
14:01:18	11.37	-0.01	24	27287	卖盘
14:01:06	11.38	--	30	34140	买盘
14:01:00	11.38	0.01	76	86488	买盘
14:00:54	11.37	-0.01	9	10233	卖盘
14:00:51	11.38	0.01	30	34140	买盘
14:00:39	11.37	-0.01	1	1137	卖盘
14:00:30	11.38	0.01	10	11380	买盘
14:00:27	11.37	--	19	21603	卖盘
14:00:03	11.37	-0.01	22	25014	卖盘
14:00:00	11.38	0.01	2	2276	买盘
13:59:54	11.37	-0.01	2	2274	卖盘
13:59:51	11.38	--	7	7966	买盘
13:59:03	11.38	0.01	13	14794	买盘
13:59:00	11.37	--	20	22740	卖盘
13:58:51	11.37	-0.01	200	227399	卖盘
13:58:48	11.38	--	16	18208	买盘
13:58:36	11.38	0.01	5	5690	买盘
13:58:30	11.37	-0.01	30	34110	卖盘
13:58:27	11.38	--	8	9104	买盘
13:58:24	11.38	--	2	2276	买盘
13:58:21	11.38	--	1	1138	买盘
13:58:12	11.38	0.01	23	26174	买盘
13:57:54	11.37	--	17	19329	买盘
13:57:45	11.37	--	11	12507	买盘
13:57:42	11.37	0.01	32	36384	买盘
13:57:36	11.36	0.01	2	2272	中性盘
13:57:18	11.35	-0.01	45	51075	卖盘
13:57:12	11.36	0.01	2	2272	买盘
13:57:09	11.35	-0.01	42	47670	卖盘
13:56:57	11.36	--	3	3408	买盘
13:56:54	11.36	--	7	7952	买盘
13:56:48	11.36	--	2	2272	买盘
13:56:45	11.36	0.01	1	1136	买盘
13:56:36	11.35	--	19	21565	卖盘
13:56:33	11.35	0.01	175	198625	买盘
13:56:30	11.34	--	1	1134	卖盘
13:56:21	11.34	--	30	34020	卖盘
13:56:18	11.34	--	29	32886	卖盘
13:55:24	11.34	0.01	89	100926	买盘
13:55:21	11.33	--	103	116699	卖盘
13:55:09	11.33	-0.01	23	26059	卖盘
13:55:03	11.34	--	4	4536	买盘
13:54:54	11.34	--	500	567000	买盘
13:54:48	11.34	--	1	1134	买盘
13:54:15	11.34	--	186	210924	卖盘
13:54:12	11.34	-0.01	2	2268	卖盘
13:54:09	11.35	--	15	17025	买盘
13:53:45	11.35	--	21	23835	买盘
13:53:30	11.35	0.01	5	5675	买盘
13:52:39	11.34	--	28	31752	买盘
13:52:30	11.34	--	3	3402	买盘
13:52:15	11.34	0.01	22	24948	买盘
13:52:12	11.33	--	1	1133	卖盘
13:52:06	11.33	-0.01	30	33990	卖盘
13:52:00	11.34	--	1	1134	买盘
13:51:54	11.34	0.01	15	17010	买盘
13:51:51	11.33	-0.01	2	2266	卖盘
13:51:48	11.34	--	20	22680	买盘
13:51:39	11.34	0.01	35	39690	买盘
13:51:36	11.33	-0.01	10	11330	卖盘
13:51:24	11.34	--	1	1134	中性盘
13:51:21	11.34	--	10	11340	卖盘
13:51:09	11.34	-0.01	5	5670	卖盘
13:50:30	11.35	0.01	7	7945	买盘
13:50:12	11.34	--	2	2268	卖盘
13:50:06	11.34	--	71	80514	卖盘
13:49:54	11.34	--	21	23814	卖盘
13:49:33	11.34	--	12	13608	卖盘
13:49:27	11.34	--	1	1134	卖盘
13:49:21	11.34	--	5	5670	卖盘
13:49:12	11.34	-0.01	50	56700	卖盘
13:49:09	11.35	0.01	3	3405	买盘
13:49:06	11.34	-0.01	6	6804	卖盘
13:49:03	11.35	--	176	199760	卖盘
13:48:51	11.35	--	6	6810	卖盘
13:48:45	11.35	--	8	9080	卖盘
13:48:30	11.35	--	20	22700	卖盘
13:48:15	11.35	-0.01	3	3405	卖盘
13:48:09	11.36	--	2	2272	买盘
13:48:06	11.36	--	13	14768	买盘
13:47:39	11.36	--	1	1136	买盘
13:47:27	11.36	--	1	1136	卖盘
13:47:00	11.36	-0.01	4	4544	卖盘
13:46:57	11.37	--	9	10233	买盘
13:46:45	11.37	0.01	9	10233	买盘
13:46:42	11.36	--	10	11360	买盘
13:46:39	11.36	--	3	3408	买盘
13:46:30	11.36	0.01	11	12496	买盘
13:46:24	11.35	-0.01	5	5675	卖盘
13:46:09	11.36	--	11	12496	买盘
13:46:06	11.36	0.01	5	5680	买盘
13:46:00	11.35	--	115	130525	卖盘
13:45:30	11.35	-0.01	6	6810	卖盘
13:45:27	11.36	--	5	5680	卖盘
13:45:03	11.36	--	50	56800	卖盘
13:44:57	11.36	--	10	11360	卖盘
13:44:27	11.36	--	7	7952	卖盘
13:44:18	11.36	--	5	5680	卖盘
13:44:12	11.36	--	30	34080	卖盘
13:44:03	11.36	--	10	11360	卖盘
13:44:00	11.36	--	1	1136	卖盘
13:43:33	11.36	--	20	22720	卖盘
13:43:30	11.36	0.01	10	11360	中性盘
13:43:00	11.35	--	49	55615	卖盘
13:42:57	11.35	--	11	12485	卖盘
13:42:42	11.35	--	2	2270	卖盘
13:42:33	11.35	--	6	6810	卖盘
13:42:06	11.35	--	32	36320	卖盘
13:42:03	11.35	--	25	28375	卖盘
13:41:51	11.35	--	8	9080	卖盘
13:41:33	11.35	-0.02	73	82855	卖盘
13:41:27	11.37	--	79	89823	卖盘
13:41:09	11.37	--	53	60260	卖盘
13:41:06	11.37	-0.01	3	3410	卖盘
13:41:00	11.38	0.01	5	5690	买盘
13:40:57	11.37	--	30	34110	卖盘
13:40:45	11.37	-0.01	46	52302	卖盘
13:40:39	11.38	0.01	10	11380	买盘
13:40:33	11.37	--	59	67083	卖盘
13:40:30	11.37	-0.01	121	137577	卖盘
13:40:24	11.38	--	36	40968	卖盘
13:40:21	11.38	--	71	80798	卖盘
13:40:00	11.38	--	1	1138	卖盘
13:39:54	11.38	--	89	101282	卖盘
13:39:51	11.38	--	10	11380	卖盘
13:39:48	11.38	--	5	5690	卖盘
13:39:24	11.38	--	32	36416	卖盘
13:39:18	11.38	--	1	1138	卖盘
13:38:39	11.38	-0.01	11	12518	卖盘
13:38:30	11.39	0.01	9	10251	买盘
13:38:12	11.38	-0.01	42	47796	卖盘
13:38:03	11.39	0.01	16	18224	买盘
13:37:54	11.38	-0.01	3	3414	卖盘
13:37:48	11.39	--	39	44421	买盘
13:37:27	11.39	0.01	10	11390	买盘
13:37:18	11.38	--	6	6828	卖盘
13:37:12	11.38	--	60	68280	卖盘
13:36:45	11.38	--	1	1138	卖盘
13:36:21	11.38	--	1	1138	卖盘
13:36:15	11.38	-0.01	2	2276	卖盘
13:35:54	11.39	--	10	11390	买盘
13:35:48	11.39	--	86	97954	买盘
13:35:21	11.39	--	2	2278	买盘
13:35:18	11.39	--	20	22780	买盘
13:35:15	11.39	--	4	4556	买盘
13:35:00	11.39	--	115	130985	卖盘
13:34:33	11.39	--	5	5695	卖盘
13:34:30	11.39	--	20	22780	买盘
13:34:12	11.39	--	80	91120	卖盘
13:34:09	11.39	-0.01	20	22780	卖盘
13:34:00	11.4	0.01	13	14820	买盘
13:33:45	11.39	--	17	19363	买盘
13:33:42	11.39	--	17	19363	买盘
13:33:33	11.39	--	1	1139	买盘
13:33:15	11.39	-0.01	13	14807	卖盘
13:33:09	11.4	0.01	18	20520	买盘
13:32:48	11.39	-0.01	5	5695	卖盘
13:32:42	11.4	0.01	2	2280	买盘
13:32:30	11.39	--	5	5695	卖盘
13:32:27	11.39	--	14	15946	卖盘
13:32:21	11.39	--	13	14807	卖盘
13:32:09	11.39	--	1	1139	卖盘
13:31:54	11.39	-0.01	3	3417	卖盘
13:31:33	11.4	-0.02	378	430920	卖盘
13:31:27	11.42	--	16	18272	卖盘
13:31:24	11.42	--	6	6852	卖盘
13:31:21	11.42	--	4	4568	卖盘
13:30:54	11.42	--	8	9136	卖盘
13:30:39	11.42	--	11	12562	卖盘
13:30:18	11.42	--	2	2284	买盘
13:30:12	11.42	--	3	3426	买盘
13:30:03	11.42	--	9	10278	卖盘
13:30:00	11.42	--	8	9136	卖盘
13:29:42	11.42	-0.01	30	34260	卖盘
13:29:27	11.43	--	27	30861	买盘
13:29:18	11.43	--	7	8001	买盘
13:29:15	11.43	--	28	32004	买盘
13:29:03	11.43	--	2	2286	买盘
13:28:36	11.43	--	10	11430	买盘
13:28:27	11.43	0.01	41	46863	买盘
13:28:09	11.42	--	7	7994	卖盘
13:28:03	11.42	--	10	11420	卖盘
13:28:00	11.42	--	55	62810	卖盘
13:27:57	11.42	--	99	113058	买盘
13:27:39	11.42	--	15	17130	买盘
13:27:33	11.42	--	6	6852	买盘
13:27:24	11.42	--	20	22840	买盘
13:27:03	11.42	--	18	20556	买盘
13:26:51	11.42	--	3	3426	卖盘
13:26:45	11.42	--	5	5710	卖盘
13:26:39	11.42	--	10	11420	卖盘
13:26:15	11.42	--	14	15988	卖盘
13:25:39	11.42	-0.01	3	3426	卖盘
13:25:36	11.43	0.01	10	11430	买盘
13:25:30	11.42	--	1	1142	卖盘
13:25:15	11.42	--	1	1142	卖盘
13:25:12	11.42	--	52	59384	卖盘
13:24:51	11.42	--	2	2284	卖盘
13:24:48	11.42	--	1	1142	卖盘
13:24:45	11.42	--	10	11420	卖盘
13:24:42	11.42	--	17	19414	买盘
13:24:39	11.42	0.02	3	3426	买盘
13:24:15	11.4	-0.02	12	13680	卖盘
13:24:12	11.42	--	10	11420	买盘
13:23:45	11.42	--	47	53674	卖盘
13:23:36	11.42	0.04	53	60526	买盘
13:23:27	11.38	--	5	5690	卖盘
13:23:24	11.38	--	5	5690	卖盘
13:23:18	11.38	--	70	79660	卖盘
13:23:15	11.38	-0.02	78	88764	卖盘
13:23:12	11.4	--	78	88920	卖盘
13:23:06	11.4	--	124	141360	卖盘
13:23:03	11.4	-0.01	30	34200	卖盘
13:22:57	11.41	-0.02	59	67319	卖盘
13:22:36	11.43	0.02	23	26289	买盘
13:22:33	11.41	-0.02	22	25102	卖盘
13:22:27	11.43	--	26	29718	买盘
13:22:21	11.43	0.02	20	22860	买盘
13:22:18	11.41	-0.02	10	11410	卖盘
13:22:09	11.43	--	18	20574	买盘
13:22:03	11.43	-0.01	4	4572	卖盘
13:21:57	11.44	0.01	10	11440	买盘
13:21:54	11.43	--	20	22860	卖盘
13:21:51	11.43	--	17	19431	卖盘
13:21:48	11.43	--	4	4572	卖盘
13:21:42	11.43	-0.01	10	11430	卖盘
13:21:36	11.44	--	46	52624	买盘
13:21:30	11.44	--	6	6864	买盘
13:21:24	11.44	--	12	13728	卖盘
13:21:21	11.44	-0.01	10	11440	卖盘
13:21:18	11.45	0.01	20	22900	买盘
13:21:15	11.44	--	40	45760	卖盘
13:21:12	11.44	-0.01	20	22880	卖盘
13:21:09	11.45	0.01	8	9160	买盘
13:21:00	11.44	0.01	110	125840	买盘
13:20:54	11.43	--	5	5715	卖盘
13:20:51	11.43	-0.01	6	6858	卖盘
13:20:45	11.44	0.01	30	34320	买盘
13:20:42	11.43	--	20	22860	卖盘
13:20:39	11.43	--	24	27432	卖盘
13:20:33	11.43	0.01	193	220599	买盘
13:20:21	11.42	--	10	11420	买盘
13:20:18	11.42	0.01	7	7994	买盘
13:20:12	11.41	--	23	26243	卖盘
13:20:00	11.41	--	20	22820	买盘
13:19:48	11.41	0.01	10	11410	买盘
13:19:45	11.4	--	7	7980	卖盘
13:19:42	11.4	-0.01	1	1140	卖盘
13:19:30	11.41	0.02	1	1141	买盘
13:19:21	11.39	-0.01	108	123012	卖盘
13:19:18	11.4	--	40	45600	买盘
13:19:09	11.4	0.01	3	3420	买盘
13:19:00	11.39	--	21	23919	买盘
13:18:51	11.39	0.02	2	2278	买盘
13:18:36	11.37	--	4	4548	买盘
13:18:30	11.37	--	331	376347	买盘
13:18:21	11.37	--	3	3410	买盘
13:18:18	11.37	--	30	34110	买盘
13:18:00	11.37	--	10	11370	买盘
13:17:48	11.37	0.01	2	2274	买盘
13:17:39	11.36	--	15	17040	卖盘
13:17:33	11.36	-0.01	5	5680	中性盘
13:17:24	11.37	0.01	300	341100	买盘
13:17:18	11.36	0.01	10	11360	买盘
13:17:09	11.35	--	1	1135	卖盘
13:16:54	11.35	--	11	12485	买盘
13:16:48	11.35	-0.01	19	21565	卖盘
13:16:42	11.36	--	8	9088	买盘
13:16:39	11.36	0.01	10	11360	买盘
13:16:06	11.35	0.01	20	22700	买盘
13:15:51	11.34	-0.01	100	113400	卖盘
13:15:45	11.35	--	6	6810	买盘
13:15:39	11.35	--	29	32915	买盘
13:15:24	11.35	--	23	26105	买盘
13:15:15	11.35	-0.03	32	36320	卖盘
13:14:51	11.38	--	20	22760	买盘
13:14:12	11.38	0.04	10	11380	买盘
13:14:03	11.34	0.01	11	12474	中性盘
13:13:33	11.33	-0.01	180	203940	卖盘
13:13:27	11.34	-0.05	124	140616	卖盘
13:13:24	11.39	--	37	42143	卖盘
13:13:21	11.39	--	24	27336	卖盘
13:13:00	11.39	--	7	7973	卖盘
13:12:51	11.39	--	2	2278	卖盘
13:12:42	11.39	--	90	102510	卖盘
13:12:36	11.39	-0.01	35	39865	卖盘
13:12:33	11.4	--	19	21660	买盘
13:12:27	11.4	--	45	51300	卖盘
13:12:24	11.4	-0.01	1	1140	卖盘
13:12:06	11.41	0.01	30	34230	买盘
13:12:00	11.4	--	57	64980	卖盘
13:11:54	11.4	--	10	11400	卖盘
13:11:42	11.4	--	6	6840	买盘
13:11:24	11.4	--	34	38760	卖盘
13:11:09	11.4	--	5	5700	卖盘
13:11:06	11.4	--	15	17100	买盘
13:11:03	11.4	--	4	4560	买盘
13:10:57	11.4	0.01	3	3420	买盘
13:10:27	11.39	--	1	1139	卖盘
13:10:21	11.39	-0.01	11	12529	中性盘
13:10:09	11.4	--	3	3420	买盘
13:09:57	11.4	0.01	10	11400	买盘
13:09:54	11.39	0.01	7	7973	买盘
13:09:45	11.38	-0.01	5	5690	卖盘
13:09:30	11.39	--	5	5695	买盘
13:08:57	11.39	0.01	22	25058	买盘
13:08:27	11.38	--	20	22760	卖盘
13:08:18	11.38	--	8	9104	卖盘
13:08:12	11.38	0.01	34	38692	买盘
13:07:57	11.37	0.01	13	14780	买盘
13:07:45	11.36	-0.01	28	31808	卖盘
13:07:39	11.37	--	6	6821	买盘
13:07:30	11.37	-0.01	14	15917	卖盘
13:07:15	11.38	--	33	37554	卖盘
13:06:51	11.38	0.01	9	10242	买盘
13:06:27	11.37	--	7	7958	卖盘
13:06:00	11.37	--	16	18192	买盘
13:05:57	11.37	--	2	2274	买盘
13:05:51	11.37	--	7	7958	买盘
13:05:30	11.37	--	19	21603	买盘
13:05:21	11.37	0.01	10	11370	买盘
13:05:03	11.36	0.01	15	17040	买盘
13:04:57	11.35	--	1	1135	卖盘
13:04:48	11.35	0.02	19	21565	买盘
13:04:15	11.33	-0.02	5	5665	卖盘
13:04:06	11.35	--	1	1135	买盘
13:04:00	11.35	--	5	5675	买盘
13:03:21	11.35	0.02	10	11350	买盘
13:03:15	11.33	-0.02	3	3399	卖盘
13:03:09	11.35	0.01	1	1135	买盘
13:02:48	11.34	--	3	3402	买盘
13:02:45	11.34	0.01	35	39690	买盘
13:02:36	11.33	--	10	11330	卖盘
13:02:12	11.33	--	1	1133	卖盘
13:01:42	11.33	--	10	11330	卖盘
13:01:36	11.33	--	89	100837	卖盘
13:01:30	11.33	-0.01	115	130295	卖盘
13:01:18	11.34	0.01	6	6804	买盘
13:01:15	11.33	-0.01	10	11330	卖盘
13:01:06	11.34	-0.01	42	47628	卖盘
13:00:03	11.35	-0.01	95	107825	卖盘
13:00:00	11.36	--	0	0	买盘
11:30:00	11.36	--	0	0	买盘
11:29:57	11.36	-0.01	4	4544	卖盘
11:29:36	11.37	--	3	3410	卖盘
11:29:33	11.37	--	15	17055	卖盘
11:29:18	11.37	-0.01	2	2274	卖盘
11:29:09	11.38	--	11	12518	买盘
11:29:06	11.38	--	33	37554	卖盘
11:29:00	11.38	-0.01	1	1138	卖盘
11:28:57	11.39	--	2	2278	买盘
11:28:51	11.39	--	12	13668	买盘
11:28:48	11.39	--	3	3417	买盘
11:28:45	11.39	--	6	6834	买盘
11:28:42	11.39	--	4	4556	卖盘
11:28:36	11.39	-0.01	36	41004	卖盘
11:28:30	11.4	--	3	3420	买盘
11:28:27	11.4	0.01	30	34200	买盘
11:28:24	11.39	--	3	3417	卖盘
11:28:09	11.39	--	53	60367	买盘
11:28:03	11.39	--	1	1139	买盘
11:27:57	11.39	--	32	36448	卖盘
11:27:48	11.39	0.01	13	14807	买盘
11:27:33	11.38	--	4	4552	卖盘
11:27:30	11.38	--	1	1138	买盘
11:27:27	11.38	--	11	12518	买盘
11:27:24	11.38	--	5	5690	买盘
11:27:21	11.38	--	4	4552	买盘
11:27:09	11.38	0.01	20	22760	买盘
11:27:00	11.37	--	18	20466	买盘
11:26:51	11.37	--	12	13643	买盘
11:26:48	11.37	0.01	7	7958	买盘
11:26:39	11.36	--	6	6816	买盘
11:26:30	11.36	0.01	19	21584	买盘
11:26:21	11.35	--	3	3405	卖盘
11:26:12	11.35	--	38	43130	买盘
11:26:09	11.35	--	20	22700	买盘
11:26:06	11.35	--	8	9080	买盘
11:26:03	11.35	--	3	3405	买盘
11:26:00	11.35	--	1	1135	买盘
11:25:57	11.35	--	48	54480	买盘
11:25:51	11.35	--	12	13620	买盘
11:25:48	11.35	0.01	7	7945	买盘
11:25:45	11.34	-0.01	46	52164	卖盘
11:25:36	11.35	0.01	10	11350	买盘
11:25:33	11.34	-0.01	5	5670	卖盘
11:25:30	11.35	--	13	14755	买盘
11:25:27	11.35	0.01	8	9080	买盘
11:25:18	11.34	--	84	95256	买盘
11:25:09	11.34	0.01	20	22680	买盘
11:25:00	11.33	0.01	17	19261	买盘
11:24:54	11.32	--	4	4528	卖盘
11:24:45	11.32	--	68	76976	买盘
11:24:39	11.32	--	2	2264	买盘
11:24:36	11.32	--	11	12452	买盘
11:24:30	11.32	--	14	15848	买盘
11:24:27	11.32	--	7	7924	买盘
11:24:21	11.32	--	7	7924	买盘
11:24:18	11.32	--	8	9056	买盘
11:24:09	11.32	0.02	20	22640	买盘
11:24:00	11.3	--	44	49720	卖盘
11:23:57	11.3	--	10	11300	卖盘
11:23:54	11.3	--	30	33900	买盘
11:23:51	11.3	--	14	15820	买盘
11:23:48	11.3	0.01	28	31640	买盘
11:23:45	11.29	--	10	11290	卖盘
11:23:36	11.29	0.02	21	23709	买盘
11:23:33	11.27	-0.02	100	112700	卖盘
11:23:30	11.29	--	27	30482	卖盘
11:23:21	11.29	--	63	71127	卖盘
11:23:18	11.29	--	10	11290	卖盘
11:23:12	11.29	-0.01	30	33870	卖盘
11:23:09	11.3	0.01	21	23730	买盘
11:23:03	11.29	0.01	5	5645	买盘
11:23:00	11.28	-0.02	80	90240	卖盘
11:22:54	11.3	--	5	5650	买盘
11:22:51	11.3	--	12	13560	买盘
11:22:48	11.3	0.01	19	21470	买盘
11:22:45	11.29	-0.01	3	3386	卖盘
11:22:42	11.3	0.01	50	56500	买盘
11:22:39	11.29	--	126	142254	卖盘
11:22:30	11.29	-0.01	29	32740	卖盘
11:22:27	11.3	--	107	120910	买盘
11:22:21	11.3	--	12	13560	买盘
11:22:18	11.3	0.01	20	22600	买盘
11:22:15	11.29	-0.01	65	73385	卖盘
11:22:09	11.3	--	21	23730	买盘
11:22:06	11.3	--	10	11300	买盘
11:22:03	11.3	--	245	276850	卖盘
11:22:00	11.3	-0.01	20	22600	卖盘
11:21:54	11.31	0.01	10	11310	卖盘
11:21:48	11.3	-0.01	18	20340	卖盘
11:21:39	11.31	-0.01	5	5655	卖盘
11:21:33	11.32	--	515	582980	买盘
11:21:30	11.32	--	12	13584	买盘
11:21:27	11.32	0.01	8	9056	买盘
11:21:24	11.31	-0.01	1	1131	卖盘
11:21:21	11.32	--	85	96220	卖盘
11:21:12	11.32	-0.02	13	14716	卖盘
11:21:09	11.34	--	21	23814	买盘
11:20:48	11.34	0.03	18	20412	买盘
11:20:36	11.31	-0.03	20	22620	卖盘
11:20:30	11.34	0.03	20	22680	买盘
11:20:24	11.31	--	12	13572	卖盘
11:20:18	11.31	-0.03	100	113100	卖盘
11:20:12	11.34	0.03	5	5670	买盘
11:20:09	11.31	--	42	47502	卖盘
11:20:06	11.31	--	19	21489	卖盘
11:20:03	11.31	--	21	23751	卖盘
11:20:00	11.31	--	35	39585	卖盘
11:19:57	11.31	-0.01	35	39585	卖盘
11:19:54	11.32	--	3	3396	买盘
11:19:51	11.32	--	11	12452	买盘
11:19:48	11.32	--	15	16980	买盘
11:19:45	11.32	--	1	1132	买盘
11:19:42	11.32	--	2	2264	买盘
11:19:33	11.32	--	24	27168	卖盘
11:19:30	11.32	-0.01	49	55468	卖盘
11:19:27	11.33	0.01	8	9064	买盘
11:19:21	11.32	-0.01	20	22640	卖盘
11:19:15	11.33	-0.01	101	114433	卖盘
11:19:09	11.34	0.01	1	1134	买盘
11:19:00	11.33	-0.02	8	9064	卖盘
11:18:48	11.35	--	70	79450	买盘
11:18:45	11.35	--	1405	1594675	卖盘
11:18:36	11.35	-0.01	322	365470	卖盘
11:18:33	11.36	-0.01	5	5680	卖盘
11:18:30	11.37	--	12	13643	买盘
11:18:27	11.37	0.01	7	7958	中性盘
11:18:21	11.36	-0.01	20	22720	卖盘
11:18:15	11.37	--	3	3410	卖盘
11:18:12	11.37	--	1	1137	卖盘
11:18:09	11.37	--	12	13643	买盘
11:17:48	11.37	0.02	20	22740	买盘
11:17:45	11.35	-0.02	15	17025	卖盘
11:17:33	11.37	0.01	2	2274	卖盘
11:17:30	11.36	-0.02	34	38624	卖盘
11:17:24	11.38	--	6	6828	买盘
11:17:09	11.38	0.01	19	21622	买盘
11:17:03	11.37	--	6	6821	买盘
11:16:51	11.37	0.02	30	34110	买盘
11:16:48	11.35	-0.02	88	99880	卖盘
11:16:42	11.37	0.01	5	5685	买盘
11:16:39	11.36	--	78	88608	卖盘
11:16:36	11.36	-0.01	71	80656	卖盘
11:16:30	11.37	--	12	13643	买盘
11:16:27	11.37	--	12	13643	买盘
11:16:21	11.37	--	66	75042	买盘
11:16:09	11.37	0.01	19	21603	买盘
11:16:06	11.36	-0.01	1	1136	卖盘
11:16:00	11.37	--	3	3410	买盘
11:15:57	11.37	--	20	22740	买盘
11:15:48	11.37	--	20	22740	买盘
11:15:45	11.37	--	18	20466	买盘
11:15:39	11.37	--	6	6821	买盘
11:15:33	11.37	--	100	113699	买盘
11:15:30	11.37	0.01	19	21603	买盘
11:15:27	11.36	-0.01	89	101104	卖盘
11:15:24	11.37	--	25	28424	买盘
11:15:12	11.37	--	10	11370	买盘
11:15:09	11.37	--	23	26151	买盘
11:15:03	11.37	--	10	11370	买盘
11:14:48	11.37	--	21	23877	买盘
11:14:30	11.37	0.01	19	21603	买盘
11:14:27	11.36	-0.01	21	23856	中性盘
11:14:09	11.37	0.02	20	22740	买盘
11:14:03	11.35	-0.02	200	227000	卖盘
11:14:00	11.37	0.02	22	25014	买盘
11:13:57	11.35	--	500	567500	卖盘
11:13:51	11.35	-0.01	13	14755	卖盘
11:13:48	11.36	--	25	28400	买盘
11:13:45	11.36	--	22	24992	卖盘
11:13:42	11.36	-0.01	20	22720	卖盘
11:13:39	11.37	--	50	56849	买盘
11:13:33	11.37	--	15	17055	买盘
11:13:30	11.37	--	12	13643	买盘
11:13:27	11.37	--	7	7958	买盘
11:13:15	11.37	--	10	11370	买盘
11:13:09	11.37	--	21	23877	买盘
11:13:06	11.37	0.02	5	5685	买盘
11:12:51	11.35	-0.01	30	34050	卖盘
11:12:48	11.36	--	2	2272	买盘
11:12:45	11.36	--	7	7952	买盘
11:12:42	11.36	--	2	2272	买盘
11:12:39	11.36	--	4	4544	买盘
11:12:36	11.36	--	100	113600	买盘
11:12:33	11.36	--	70	79520	买盘
11:12:30	11.36	--	19	21584	买盘
11:12:27	11.36	0.01	28	31808	买盘
11:12:24	11.35	-0.01	2	2270	卖盘
11:12:21	11.36	0.01	50	56800	买盘
11:12:18	11.35	-0.01	4	4540	卖盘
11:12:15	11.36	0.01	11	12496	买盘
11:12:12	11.35	-0.01	6	6810	卖盘
11:12:09	11.36	0.01	19	21584	买盘
11:12:06	11.35	--	20	22700	卖盘
11:11:54	11.35	-0.01	3	3405	卖盘
11:11:51	11.36	--	18	20448	买盘
11:11:48	11.36	--	17	19312	买盘
11:11:45	11.36	--	1	1136	买盘
11:11:42	11.36	0.01	142	161312	买盘
11:11:36	11.35	-0.01	50	56750	卖盘
11:11:30	11.36	--	20	22720	买盘
11:11:27	11.36	--	13	14768	卖盘
11:11:18	11.36	0.01	2	2272	中性盘
11:11:12	11.35	-0.01	10	11350	卖盘
11:11:09	11.36	-0.01	20	22720	中性盘
11:10:57	11.37	--	35	39795	买盘
11:10:51	11.37	0.01	19	21603	买盘
11:10:45	11.36	--	30	34080	卖盘
11:10:39	11.36	-0.01	44	49984	卖盘
11:10:30	11.37	-0.01	169	192153	卖盘
11:10:27	11.38	0.01	7	7966	买盘
11:10:18	11.37	--	10	11370	卖盘
11:10:15	11.37	-0.01	50	56849	卖盘
11:10:12	11.38	--	15	17070	买盘
11:10:09	11.38	0.01	19	21622	买盘
11:10:06	11.37	-0.01	2	2274	卖盘
11:10:03	11.38	0.01	10	11380	买盘
11:09:54	11.37	-0.01	60	68220	卖盘
11:09:51	11.38	-0.01	4	4552	卖盘
11:09:48	11.39	0.01	22	25058	买盘
11:09:45	11.38	--	46	52348	卖盘
11:09:42	11.38	-0.01	9	10242	卖盘
11:09:30	11.39	--	12	13668	买盘
11:09:27	11.39	0.01	7	7973	买盘
11:09:24	11.38	-0.01	2	2276	卖盘
11:09:15	11.39	--	1	1139	买盘
11:09:09	11.39	--	21	23919	买盘
11:08:51	11.39	--	15	17085	买盘
11:08:48	11.39	0.01	29	33031	买盘
11:08:36	11.38	-0.01	7	7966	卖盘
11:08:30	11.39	0.01	19	21641	买盘
11:08:09	11.38	--	10	11380	买盘
11:08:06	11.38	-0.01	5	5690	买盘
11:07:51	11.39	--	16	18224	买盘
11:07:48	11.39	--	18	20502	买盘
11:07:45	11.39	0.01	27	30753	买盘
11:07:27	11.38	0.02	8	9104	买盘
11:07:24	11.36	-0.02	10	11360	买盘
11:07:15	11.38	0.03	55	62590	买盘
11:07:12	11.35	-0.03	55	62425	卖盘
11:07:09	11.38	0.03	19	21622	买盘
11:07:06	11.35	--	80	90800	卖盘
11:06:54	11.35	-0.04	500	567500	卖盘
11:06:48	11.39	0.03	20	22780	买盘
11:06:39	11.36	-0.01	60	68160	卖盘
11:06:36	11.37	0.01	64	72768	中性盘
11:06:33	11.36	-0.03	7	7952	卖盘
11:06:30	11.39	0.01	12	13668	买盘
11:06:27	11.38	0.02	7	7966	中性盘
11:06:24	11.36	--	30	34080	卖盘
11:06:21	11.36	--	243	276048	卖盘
11:06:15	11.36	-0.03	59	67024	卖盘
11:06:09	11.39	0.02	21	23919	买盘
11:06:06	11.37	-0.01	60	68220	卖盘
11:05:54	11.38	--	61	69418	卖盘
11:05:51	11.38	-0.01	17	19346	卖盘
11:05:48	11.39	0.01	7	7973	买盘
11:05:45	11.38	-0.01	61	69418	卖盘
11:05:39	11.39	--	35	39865	卖盘
11:05:36	11.39	-0.01	11	12529	卖盘
11:05:30	11.4	0.01	21	23940	买盘
11:05:12	11.39	-0.01	32	36448	卖盘
11:05:09	11.4	--	25	28500	买盘
11:05:03	11.4	0.01	4	4560	买盘
11:04:48	11.39	--	3	3417	买盘
11:04:45	11.39	0.01	6	6834	买盘
11:04:42	11.38	-0.01	8	9104	卖盘
11:04:36	11.39	--	15	17085	买盘
11:04:27	11.39	--	19	21641	买盘
11:04:24	11.39	-0.01	18	20502	中性盘
11:04:12	11.4	--	8	9120	买盘
11:04:09	11.4	0.01	20	22800	买盘
11:04:03	11.39	--	7	7973	卖盘
11:03:54	11.39	--	186	211854	卖盘
11:03:48	11.39	--	7	7973	买盘
11:03:30	11.39	0.01	13	14807	买盘
11:03:27	11.38	-0.01	28	31864	卖盘
11:03:21	11.39	--	4	4556	买盘
11:03:18	11.39	--	35	39865	卖盘
11:03:12	11.39	-0.01	20	22780	卖盘
11:03:09	11.4	0.01	19	21660	买盘
11:02:51	11.39	--	2	2278	卖盘
11:02:48	11.39	0.01	12	13668	买盘
11:02:36	11.38	--	20	22760	卖盘
11:02:33	11.38	-0.01	12	13656	卖盘
11:02:30	11.39	--	13	14807	买盘
11:02:27	11.39	--	7	7973	买盘
11:02:18	11.39	--	10	11390	买盘
11:02:09	11.39	--	20	22780	买盘
11:02:03	11.39	--	1	1139	买盘
11:01:54	11.39	--	30	34170	卖盘
11:01:51	11.39	-0.01	50	56950	卖盘
11:01:48	11.4	--	7	7980	买盘
11:01:42	11.4	--	13	14820	买盘
11:01:39	11.4	--	54	61560	卖盘
11:01:30	11.4	-0.02	55	62700	卖盘
11:01:27	11.42	--	8	9136	买盘
11:01:09	11.42	--	19	21698	买盘
11:00:57	11.42	-0.01	9	10278	卖盘
11:00:48	11.43	0.01	20	22860	买盘
11:00:36	11.42	-0.01	10	11420	卖盘
11:00:30	11.43	--	12	13716	买盘
11:00:27	11.43	--	7	8001	买盘
11:00:24	11.43	--	3	3429	买盘
11:00:18	11.43	--	4	4572	卖盘
11:00:09	11.43	--	13	14859	买盘
11:00:06	11.43	--	20	22860	买盘
10:59:51	11.43	--	13	14859	买盘
10:59:48	11.43	0.01	35	40005	买盘
10:59:45	11.42	--	5	5710	卖盘
10:59:30	11.42	--	20	22840	卖盘
10:59:24	11.42	--	10	11420	卖盘
10:59:21	11.42	--	6	6852	买盘
10:59:18	11.42	--	5	5710	卖盘
10:59:09	11.42	0.03	15	17130	买盘
10:59:00	11.39	-0.03	50	56950	卖盘
10:58:51	11.42	--	11	12562	买盘
10:58:48	11.42	0.03	8	9136	买盘
10:58:39	11.39	-0.03	20	22780	卖盘
10:58:30	11.42	--	12	13704	买盘
10:58:27	11.42	--	7	7994	买盘
10:58:09	11.42	--	19	21698	买盘
10:58:03	11.42	--	8	9136	中性盘
10:58:00	11.42	--	5	5710	买盘
10:57:54	11.42	--	24	27408	买盘
10:57:48	11.42	0.04	21	23982	买盘
10:57:33	11.38	--	71	80798	卖盘
10:57:30	11.38	-0.05	24	27312	中性盘
10:57:27	11.43	0.05	85	97155	中性盘
10:57:18	11.38	-0.01	78	88764	卖盘
10:57:12	11.39	-0.01	70	79730	卖盘
10:57:09	11.4	--	3	3420	买盘
10:57:06	11.4	--	3	3420	买盘
10:57:00	11.4	--	2	2280	买盘
10:56:48	11.4	--	19	21660	买盘
10:56:42	11.4	-0.02	13	14820	卖盘
10:56:39	11.42	--	8	9136	买盘
10:56:36	11.42	--	6	6852	卖盘
10:56:33	11.42	--	10	11420	卖盘
10:56:27	11.42	-0.03	5	5710	买盘
10:56:12	11.45	0.01	37	42365	买盘
10:56:09	11.44	0.05	18	20592	买盘
10:55:54	11.39	-0.02	20	22780	卖盘
10:55:51	11.41	-0.04	88	100408	卖盘
10:55:48	11.45	--	8	9160	买盘
10:55:42	11.45	--	100	114500	买盘
10:55:39	11.45	0.02	300	343500	买盘
10:55:36	11.43	-0.02	94	107442	卖盘
10:55:33	11.45	--	8	9160	买盘
10:55:30	11.45	--	11	12595	买盘
10:55:27	11.45	0.01	7	8014	买盘
10:55:21	11.44	0.01	21	24024	卖盘
10:55:09	11.43	--	8	9144	卖盘
10:54:48	11.43	-0.02	10	11430	中性盘
10:54:30	11.45	--	13	14884	买盘
10:54:27	11.45	--	7	8014	买盘
10:54:09	11.45	--	51	58395	买盘
10:54:00	11.45	-0.03	123	140835	卖盘
10:53:54	11.48	0.02	9	10332	买盘
10:53:51	11.46	--	42	48132	卖盘
10:53:45	11.46	--	43	49278	买盘
10:53:36	11.46	0.03	302	346092	买盘
10:53:33	11.43	--	5	5715	买盘
10:53:30	11.43	-0.02	34	38862	卖盘
10:53:18	11.45	--	11	12595	买盘
10:53:15	11.45	--	5	5725	买盘
10:53:09	11.45	--	19	21755	买盘
10:53:06	11.45	0.02	3	3435	买盘
10:52:57	11.43	--	4	4572	卖盘
10:52:48	11.43	0.03	11	12573	买盘
10:52:39	11.4	0.01	8	9348	买盘
10:52:30	11.39	--	2	2278	买盘
10:52:27	11.39	0.01	7	7973	买盘
10:52:24	11.38	-0.01	3	3414	卖盘
10:52:15	11.39	0.02	49	55811	买盘
10:52:12	11.37	--	194	220577	买盘
10:52:09	11.37	--	19	21603	买盘
10:52:00	11.37	--	30	34110	买盘
10:51:57	11.37	0.01	9	10233	买盘
10:51:54	11.36	--	9	10224	买盘
10:51:51	11.36	--	23	26128	中性盘
10:51:48	11.36	-0.01	63	71568	卖盘
10:51:45	11.37	0.01	6	6821	买盘
10:51:42	11.36	--	10	11360	卖盘
10:51:39	11.36	--	8	9088	卖盘
10:51:36	11.36	--	6	6816	卖盘
10:51:33	11.36	-0.01	250	284000	卖盘
10:51:30	11.37	--	17	19329	买盘
10:51:27	11.37	--	31	35247	买盘
10:51:24	11.37	--	3	3410	买盘
10:51:15	11.37	--	83	94371	卖盘
10:51:12	11.37	--	27	30698	卖盘
10:51:09	11.37	--	2	2274	卖盘
10:51:06	11.37	0.01	5	5685	中性盘
10:51:00	11.36	-0.02	68	77248	卖盘
10:50:57	11.38	--	10	11380	买盘
10:50:48	11.38	--	22	25036	买盘
10:50:45	11.38	0.01	52	59176	买盘
10:50:39	11.37	--	30	34110	卖盘
10:50:36	11.37	-0.01	82	93234	卖盘
10:50:33	11.38	--	1	1138	买盘
10:50:30	11.38	--	20	22760	买盘
10:50:27	11.38	-0.01	23	26174	卖盘
10:50:24	11.39	0.01	2	2278	中性盘
10:50:15	11.38	-0.01	124	141112	卖盘
10:50:09	11.39	--	1	1139	买盘
10:50:06	11.39	--	5	5695	买盘
10:49:57	11.39	-0.04	13	14807	卖盘
10:49:51	11.43	--	10	12344	卖盘
10:49:48	11.43	0.03	21	24003	买盘
10:49:33	11.4	--	12	13680	卖盘
10:49:30	11.4	--	4	4788	买盘
10:49:27	11.4	--	81	92340	买盘
10:49:24	11.4	--	10	11400	买盘
10:49:18	11.4	--	83	94620	买盘
10:49:09	11.4	-0.02	878	1001832	卖盘
10:49:00	11.42	--	1	1142	买盘
10:48:54	11.42	--	3	3426	卖盘
10:48:48	11.42	--	21	23982	卖盘
10:48:42	11.42	--	12	13704	卖盘
10:48:36	11.42	--	4	4568	买盘
10:48:30	11.42	--	13	14846	买盘
10:48:27	11.42	-0.01	12	13704	卖盘
10:48:09	11.43	0.02	20	22860	买盘
10:47:51	11.41	-0.01	50	57050	卖盘
10:47:48	11.42	--	18	20556	买盘
10:47:30	11.42	0.01	39	44538	买盘
10:47:24	11.41	-0.01	32	36512	卖盘
10:47:12	11.42	-0.01	15	17130	中性盘
10:47:09	11.43	0.01	20	22860	买盘
10:47:06	11.42	-0.01	269	307198	卖盘
10:46:57	11.43	--	9	10287	买盘
10:46:54	11.43	0.01	223	254889	买盘
10:46:51	11.42	-0.01	19	21698	卖盘
10:46:48	11.43	--	16	18288	买盘
10:46:45	11.43	--	15	17145	买盘
10:46:30	11.43	--	13	14859	买盘
10:46:27	11.43	--	18	20574	买盘
10:46:24	11.43	-0.02	65	74295	卖盘
10:46:09	11.45	--	19	21755	买盘
10:45:57	11.45	--	39	44655	卖盘
10:45:51	11.45	-0.01	100	114500	卖盘
10:45:48	11.46	0.01	19	21774	买盘
10:45:36	11.45	--	7	8014	卖盘
10:45:27	11.45	0.01	18	20610	买盘
10:45:12	11.44	-0.01	9	10296	卖盘
10:45:09	11.45	--	11	12595	买盘
10:45:06	11.45	--	7	8014	买盘
10:45:00	11.45	0.01	8	9160	买盘
10:44:54	11.44	-0.01	7	8008	卖盘
10:44:51	11.45	-0.01	71	81295	卖盘
10:44:48	11.46	0.01	20	22920	买盘
10:44:45	11.45	-0.01	3	3435	卖盘
10:44:36	11.46	-0.01	1	1146	中性盘
10:44:30	11.47	--	12	13764	买盘
10:44:27	11.47	0.02	8	9176	买盘
10:44:21	11.45	-0.02	20	22900	卖盘
10:44:12	11.47	--	5	5735	买盘
10:44:09	11.47	--	20	22940	买盘
10:44:03	11.47	-0.01	23	26381	卖盘
10:43:57	11.48	--	3	3444	买盘
10:43:51	11.48	0.01	12	13776	买盘
10:43:48	11.47	--	57	65379	买盘
10:43:45	11.47	--	137	157139	卖盘
10:43:39	11.47	--	5	5735	卖盘
10:43:30	11.47	-0.01	10	11470	卖盘
10:43:27	11.48	0.01	20	22960	买盘
10:43:24	11.47	0.02	48	55056	买盘
10:43:12	11.45	--	29	33205	买盘
10:43:09	11.45	--	20	22900	买盘
10:42:48	11.45	--	19	21755	买盘
10:42:36	11.45	0.01	4	4580	买盘
10:42:33	11.44	-0.01	2	2288	卖盘
10:42:30	11.45	--	13	14884	买盘
10:42:27	11.45	0.01	17	19465	买盘
10:42:21	11.44	0.01	2	2288	卖盘
10:42:18	11.43	-0.01	50	57150	卖盘
10:42:09	11.44	0.01	18	20592	买盘
10:41:42	11.43	--	11	12573	买盘
10:41:36	11.43	--	25	28575	买盘
10:41:30	11.43	0.01	25	28575	买盘
10:41:27	11.42	-0.01	8	9136	卖盘
10:41:24	11.43	0.01	3	3429	买盘
10:41:21	11.42	--	23	26266	卖盘
10:41:18	11.42	--	9	10278	卖盘
10:41:12	11.42	0.01	16	18272	买盘
10:41:09	11.41	--	24	27384	卖盘
10:40:51	11.41	-0.01	20	22820	卖盘
10:40:48	11.42	0.01	6	6852	买盘
10:40:45	11.41	--	1	1369	买盘
10:40:42	11.41	--	5	5705	买盘
10:40:39	11.41	--	1	1141	买盘
10:40:30	11.41	--	14	15974	买盘
10:40:27	11.41	--	29	33545	卖盘
10:40:18	11.41	--	10	11410	卖盘
10:40:15	11.41	--	6	6846	卖盘
10:40:12	11.41	-0.01	12	13692	卖盘
10:40:09	11.42	0.01	21	23982	买盘
10:40:06	11.41	--	50	57734	卖盘
10:40:00	11.41	-0.01	2	2282	卖盘
10:39:48	11.42	--	20	22840	买盘
10:39:45	11.42	--	7	7994	卖盘
10:39:42	11.42	-0.01	2	2284	卖盘
10:39:36	11.43	0.01	1	1143	买盘
10:39:33	11.42	-0.01	190	216980	卖盘
10:39:30	11.43	--	13	14859	买盘
10:39:27	11.43	0.01	7	8001	买盘
10:39:21	11.42	--	1	1142	卖盘
10:39:18	11.42	-0.01	25	28550	卖盘
10:39:09	11.43	0.03	6	6858	买盘
10:39:06	11.4	-0.01	145	165300	卖盘
10:39:00	11.41	-0.02	41	46781	卖盘
10:38:54	11.43	0.02	5	5715	卖盘
10:38:51	11.41	--	17	19397	卖盘
10:38:48	11.41	-0.03	90	102690	卖盘
10:38:36	11.44	--	159	181896	买盘
10:38:30	11.44	0.01	20	22880	买盘
10:38:24	11.43	-0.01	5	5715	卖盘
10:38:09	11.44	--	47	53768	卖盘
10:38:03	11.44	-0.01	84	96096	卖盘
10:37:57	11.45	--	70	80150	买盘
10:37:54	11.45	--	17	19465	买盘
10:37:51	11.45	--	37	42365	卖盘
10:37:42	11.45	0.01	32	36640	买盘
10:37:39	11.44	--	5	5720	卖盘
10:37:30	11.44	-0.02	86	98384	卖盘
10:37:27	11.46	0.01	20	22920	买盘
10:37:21	11.45	-0.01	129	147705	卖盘
10:37:12	11.46	--	10	11460	买盘
10:37:09	11.46	--	19	21774	买盘
10:37:06	11.46	--	1	1146	买盘
10:36:48	11.46	--	19	21774	买盘
10:36:45	11.46	--	1	1146	卖盘
10:36:36	11.46	--	14	16044	卖盘
10:36:30	11.46	-0.01	15	17190	卖盘
10:36:27	11.47	0.01	43	49321	买盘
10:36:21	11.46	--	25	28650	卖盘
10:36:18	11.46	--	34	38964	卖盘
10:36:12	11.46	-0.01	22	25212	卖盘
10:36:09	11.47	--	18	20646	买盘
10:36:06	11.47	0.01	5	5735	买盘
10:35:57	11.46	-0.01	21	24066	卖盘
10:35:48	11.47	--	20	22940	中性盘
10:35:45	11.47	--	6	6882	卖盘
10:35:39	11.47	-0.01	6	6882	卖盘
10:35:30	11.48	--	12	13776	买盘
10:35:27	11.48	--	8	9184	买盘
10:35:24	11.48	--	7	8036	卖盘
10:35:21	11.48	--	26	29848	卖盘
10:35:15	11.48	-0.01	10	11480	卖盘
10:35:09	11.49	--	26	29874	卖盘
10:35:06	11.49	--	13	14937	卖盘
10:35:03	11.49	--	41	47109	卖盘
10:35:00	11.49	-0.01	20	22980	卖盘
10:34:51	11.5	--	12	13800	买盘
10:34:48	11.5	0.01	7	8050	买盘
10:34:39	11.49	-0.01	30	34470	卖盘
10:34:30	11.5	--	17	19550	卖盘
10:34:27	11.5	0.01	3	3450	买盘
10:34:24	11.49	-0.01	9	10341	卖盘
10:34:18	11.5	--	1	1150	买盘
10:34:12	11.5	0.01	20	23000	买盘
10:34:09	11.49	--	12	13788	买盘
10:34:06	11.49	-0.01	30	34470	卖盘
10:34:03	11.5	--	10	11500	买盘
10:34:00	11.5	-0.01	10	11500	卖盘
10:33:57	11.51	--	11	12661	买盘
10:33:54	11.51	0.02	23	26473	买盘
10:33:51	11.49	-0.02	48	55152	卖盘
10:33:48	11.51	0.02	12	13812	买盘
10:33:45	11.49	-0.02	41	47109	卖盘
10:33:42	11.51	0.01	22	25322	买盘
10:33:36	11.5	--	32	36800	买盘
10:33:33	11.5	--	21	24150	买盘
10:33:27	11.5	--	13	14950	买盘
10:33:24	11.5	0.01	24	27600	买盘
10:33:21	11.49	--	15	17235	卖盘
10:33:18	11.49	--	42	48258	买盘
10:33:15	11.49	--	11	12639	买盘
10:33:09	11.49	--	8	9192	买盘
10:32:51	11.49	--	15	17235	买盘
10:32:48	11.49	-0.01	21	24129	卖盘
10:32:45	11.5	--	54	62100	买盘
10:32:39	11.5	0.01	42	48300	买盘
10:32:33	11.49	-0.01	30	34470	卖盘
10:32:27	11.5	--	11	12650	买盘
10:32:21	11.5	--	5	5750	买盘
10:32:18	11.5	-0.01	1	1150	买盘
10:32:06	11.51	--	9	10359	买盘
10:32:03	11.51	--	10	11510	买盘
10:31:57	11.51	--	2	2302	买盘
10:31:54	11.51	--	12	13812	买盘
10:31:48	11.51	--	18	21443	卖盘
10:31:45	11.51	--	24	27624	卖盘
10:31:42	11.51	--	7	8482	买盘
10:31:36	11.51	0.01	47	54097	买盘
10:31:33	11.5	-0.01	11	12650	卖盘
10:31:30	11.51	0.01	82	94382	买盘
10:31:27	11.5	--	1	1150	卖盘
10:31:24	11.5	-0.01	84	96600	卖盘
10:31:18	11.51	--	10	11510	买盘
10:31:15	11.51	--	35	41010	卖盘
10:31:12	11.51	--	26	29926	卖盘
10:31:09	11.51	--	31	35681	卖盘
10:31:03	11.51	--	20	23020	卖盘
10:30:57	11.51	0.01	127	146602	买盘
10:30:51	11.5	0.02	531	610650	买盘
10:30:48	11.48	-0.01	17	19516	中性盘
10:30:42	11.49	0.02	37	42513	买盘
10:30:39	11.47	-0.01	14	16058	中性盘
10:30:36	11.48	0.01	47	53956	买盘
10:30:33	11.47	--	63	72261	买盘
10:30:30	11.47	-0.01	50	57350	卖盘
10:30:24	11.48	--	12	13776	买盘
10:30:18	11.48	0.01	40	45920	买盘
10:30:15	11.47	-0.01	7	8029	卖盘
10:30:12	11.48	0.01	54	61992	买盘
10:30:06	11.47	--	31	35557	卖盘
10:30:00	11.47	--	22	25234	买盘
10:29:57	11.47	-0.01	14	16058	中性盘
10:29:51	11.48	0.01	45	51660	买盘
10:29:45	11.47	-0.01	31	35557	卖盘
10:29:42	11.48	--	3	3444	买盘
10:29:33	11.48	--	12	13776	买盘
10:29:30	11.48	--	6	6888	卖盘
10:29:27	11.48	0.01	45	51660	卖盘
10:29:18	11.47	-0.02	20	22940	卖盘
10:29:15	11.49	--	13	14937	买盘
10:29:12	11.49	-0.01	10	11490	中性盘
10:29:09	11.5	0.03	41	47150	买盘
10:29:06	11.47	-0.01	37	42439	卖盘
10:29:03	11.48	--	65	74620	买盘
10:28:57	11.48	--	10	11480	买盘
10:28:54	11.48	--	10	11480	买盘
10:28:48	11.48	--	23	26404	中性盘
10:28:45	11.48	-0.02	10	11480	卖盘
10:28:42	11.5	0.02	58	66700	买盘
10:28:36	11.48	--	51	58548	卖盘
10:28:33	11.48	-0.02	4	4592	卖盘
10:28:30	11.5	0.02	10	11500	买盘
10:28:09	11.48	-0.02	4	4592	卖盘
10:28:03	11.5	0.01	15	17250	买盘
10:27:57	11.49	--	40	45960	买盘
10:27:54	11.49	--	14	16086	买盘
10:27:51	11.49	--	10	11490	买盘
10:27:48	11.49	0.01	14	16086	买盘
10:27:45	11.48	--	10	11480	买盘
10:27:42	11.48	--	32	36736	买盘
10:27:36	11.48	-0.01	6	6888	卖盘
10:27:30	11.49	--	11	12639	买盘
10:27:24	11.49	-0.02	17	19533	卖盘
10:27:09	11.51	0.01	32	36832	买盘
10:27:03	11.5	0.01	56	64400	买盘
10:27:00	11.49	-0.01	15	17235	中性盘
10:26:54	11.5	--	20	23000	买盘
10:26:51	11.5	0.02	115	132250	买盘
10:26:48	11.48	--	10	11480	买盘
10:26:45	11.48	-0.02	274	314552	卖盘
10:26:27	11.5	0.01	61	70150	买盘
10:26:18	11.49	-0.01	12	13788	中性盘
10:26:12	11.5	0.01	123	141450	买盘
10:26:06	11.49	--	248	284952	买盘
10:26:03	11.49	--	11	12639	买盘
10:25:57	11.49	--	34	39066	买盘
10:25:48	11.49	--	15	17235	买盘
10:25:42	11.49	-0.02	11	12639	中性盘
10:25:39	11.51	--	28	32228	买盘
10:25:36	11.51	--	25	28775	买盘
10:25:33	11.51	0.03	98	112798	买盘
10:25:30	11.48	-0.03	79	90692	卖盘
10:25:27	11.51	0.01	281	323431	买盘
10:25:24	11.5	--	159	182850	买盘
10:25:15	11.5	--	310	356500	卖盘
10:25:12	11.5	--	5	5750	卖盘
10:25:09	11.5	-0.01	6	6900	卖盘
10:25:06	11.51	0.01	5	5755	买盘
10:25:00	11.5	-0.01	20	23000	卖盘
10:24:54	11.51	0.01	19	21869	买盘
10:24:48	11.5	-0.01	37	42550	中性盘
10:24:27	11.51	0.05	40	46040	买盘
10:24:24	11.46	-0.04	4	4584	卖盘
10:24:21	11.5	--	74	85100	买盘
10:24:15	11.5	0.04	58	66700	买盘
10:24:12	11.46	--	6	6876	买盘
10:24:09	11.46	--	23	26358	买盘
10:24:03	11.46	-0.05	26	29796	卖盘
10:24:00	11.51	0.06	12	13812	买盘
10:23:57	11.45	-0.06	56	64119	卖盘
10:23:54	11.51	0.06	47	54097	买盘
10:23:51	11.45	-0.06	15	17175	卖盘
10:23:48	11.51	0.01	91	104741	买盘
10:23:45	11.5	0.05	13	14950	买盘
10:23:42	11.45	-0.05	92	105340	卖盘
10:23:39	11.5	--	11	12650	买盘
10:23:33	11.5	0.05	28	32200	买盘
10:23:30	11.45	--	42	48090	买盘
10:23:27	11.45	-0.05	25	28625	卖盘
10:23:21	11.5	--	13	14950	买盘
10:23:18	11.5	--	20	23000	买盘
10:23:15	11.5	0.05	78	89700	买盘
10:23:09	11.45	-0.05	48	54960	卖盘
10:23:03	11.5	0.06	22	25300	买盘
10:23:00	11.44	--	34	38896	卖盘
10:22:57	11.44	-0.06	75	85800	卖盘
10:22:54	11.5	0.05	23	26450	买盘
10:22:48	11.45	-0.05	32	36640	卖盘
10:22:42	11.5	0.05	20	23000	买盘
10:22:39	11.45	-0.05	33	37785	卖盘
10:22:36	11.5	--	42	48300	买盘
10:22:33	11.5	0.06	30	34500	买盘
10:22:30	11.44	-0.06	56	64064	卖盘
10:22:27	11.5	--	58	66700	买盘
10:22:24	11.5	0.06	94	108100	买盘
10:22:21	11.44	-0.06	72	82368	卖盘
10:22:18	11.5	0.06	59	67850	买盘
10:22:15	11.44	--	2	2288	卖盘
10:22:12	11.44	-0.05	120	137280	卖盘
10:22:06	11.49	0.04	23	26427	买盘
10:22:03	11.45	--	33	37785	买盘
10:22:00	11.45	--	46	52670	买盘
10:21:57	11.45	--	4	4580	卖盘
10:21:54	11.45	-0.04	10	11450	卖盘
10:21:48	11.49	-0.01	15	17235	中性盘
10:21:36	11.5	0.07	85	97750	买盘
10:21:33	11.43	--	20	22860	卖盘
10:21:30	11.43	-0.05	141	161163	卖盘
10:21:24	11.48	0.05	21	24108	买盘
10:21:21	11.43	--	5	5715	卖盘
10:21:18	11.43	-0.05	57	65151	卖盘
10:21:12	11.48	0.05	10	11480	买盘
10:21:09	11.43	-0.02	7	8001	卖盘
10:21:06	11.45	0.02	22	25190	买盘
10:21:00	11.43	-0.02	66	75438	卖盘
10:20:48	11.45	--	17	19465	买盘
10:20:42	11.45	-0.03	12	13740	卖盘
10:20:39	11.48	0.03	41	47068	买盘
10:20:36	11.45	-0.01	12	13740	卖盘
10:20:33	11.46	--	72	82512	买盘
10:20:27	11.46	--	38	43548	买盘
10:20:24	11.46	--	5	5730	买盘
10:20:18	11.46	-0.02	1	1146	卖盘
10:20:15	11.48	0.02	11	12628	中性盘
10:20:09	11.46	-0.04	18	20628	卖盘
10:20:06	11.5	--	14	16100	买盘
10:20:03	11.5	--	10	11500	买盘
10:20:00	11.5	--	20	23000	买盘
10:19:57	11.5	--	5	5750	买盘
10:19:54	11.5	0.04	36	41400	买盘
10:19:48	11.46	-0.04	130	148980	卖盘
10:19:42	11.5	-0.01	136	156400	中性盘
10:19:36	11.51	--	100	115100	买盘
10:19:27	11.51	--	32	36832	买盘
10:19:21	11.51	--	47	54097	卖盘
10:19:18	11.51	--	61	70211	卖盘
10:19:15	11.51	0.01	108	124308	买盘
10:19:12	11.5	-0.01	11	12650	中性盘
10:19:09	11.51	0.08	500	575500	买盘
10:19:06	11.43	-0.05	9	10287	卖盘
10:19:03	11.48	--	18	20664	买盘
10:18:54	11.48	0.05	35	40180	买盘
10:18:48	11.43	-0.05	32	36576	卖盘
10:18:45	11.48	--	41	47068	买盘
10:18:39	11.48	--	67	76916	买盘
10:18:36	11.48	--	10	11480	买盘
10:18:30	11.48	0.05	33	37884	买盘
10:18:27	11.43	--	5	5715	卖盘
10:18:24	11.43	-0.05	92	105156	卖盘
10:18:21	11.48	0.01	24	27552	买盘
10:18:18	11.47	--	1	1147	买盘
10:18:15	11.47	--	46	52762	买盘
10:18:12	11.47	0.02	34	38998	买盘
10:18:09	11.45	0.03	121	138545	买盘
10:18:06	11.42	-0.03	26	29692	卖盘
10:17:57	11.45	-0.02	8	9160	卖盘
10:17:54	11.47	0.02	13	14911	买盘
10:17:48	11.45	-0.02	17	19465	卖盘
10:17:42	11.47	--	37	42439	买盘
10:17:36	11.47	0.05	85	97495	买盘
10:17:30	11.42	-0.04	90	102780	卖盘
10:17:27	11.46	0.01	46	52716	买盘
10:17:24	11.45	0.03	12	13740	买盘
10:17:21	11.42	--	120	137040	卖盘
10:17:18	11.42	-0.03	13	14846	卖盘
10:17:15	11.45	0.02	10	11450	买盘
10:17:12	11.43	--	5	5715	买盘
10:17:06	11.43	--	6	6858	买盘
10:17:03	11.43	-0.02	6	6858	中性盘
10:16:48	11.45	0.02	14	16029	买盘
10:16:42	11.43	--	22	25146	买盘
10:16:39	11.43	-0.02	26	29718	卖盘
10:16:36	11.45	--	30	34350	买盘
10:16:33	11.45	--	13	14884	买盘
10:16:27	11.45	--	9	10305	卖盘
10:16:24	11.45	-0.03	33	37785	卖盘
10:16:18	11.48	0.01	43	49364	买盘
10:16:12	11.47	0.02	62	71114	买盘
10:16:06	11.45	--	63	72135	买盘
10:15:57	11.45	--	11	12595	买盘
10:15:51	11.45	--	31	35495	买盘
10:15:45	11.45	--	43	49235	买盘
10:15:42	11.45	0.01	39	44655	买盘
10:15:39	11.44	-0.01	11	12584	卖盘
10:15:36	11.45	--	100	114500	买盘
10:15:33	11.45	--	10	11450	买盘
10:15:27	11.45	0.01	19	21755	买盘
10:15:24	11.44	--	1	1144	买盘
10:15:21	11.44	--	11	12584	买盘
10:15:15	11.44	-0.03	12	13728	中性盘
10:15:12	11.47	0.01	13	14911	买盘
10:15:09	11.46	0.01	48	55008	买盘
10:15:06	11.45	0.04	52	59539	买盘
10:15:03	11.41	-0.05	9	10269	卖盘
10:15:00	11.46	--	94	107724	买盘
10:14:54	11.46	--	107	122622	买盘
10:14:51	11.46	0.02	33	37818	买盘
10:14:48	11.44	-0.01	230	263120	卖盘
10:14:45	11.45	--	94	107630	买盘
10:14:39	11.45	--	7	8014	买盘
10:14:36	11.45	--	27	30914	买盘
10:14:33	11.45	--	1	1145	买盘
10:14:30	11.45	--	68	77860	卖盘
10:14:27	11.45	--	31	35495	卖盘
10:14:24	11.45	-0.01	79	90455	卖盘
10:14:15	11.46	--	29	33234	买盘
10:14:12	11.46	-0.02	19	21774	卖盘
10:14:09	11.48	0.02	54	61992	买盘
10:14:06	11.46	-0.02	31	35526	卖盘
10:14:03	11.48	0.02	145	166460	买盘
10:13:57	11.46	-0.01	174	199404	卖盘
10:13:54	11.47	--	10	11470	买盘
10:13:48	11.47	-0.01	15	17205	卖盘
10:13:45	11.48	0.01	11	12628	买盘
10:13:42	11.47	--	18	20646	卖盘
10:13:39	11.47	-0.02	20	22940	卖盘
10:13:36	11.49	0.01	23	26427	买盘
10:13:30	11.48	--	39	44772	中性盘
10:13:24	11.48	--	23	26404	买盘
10:13:21	11.48	-0.02	2	2296	卖盘
10:13:15	11.5	--	12	13800	买盘
10:13:12	11.5	-0.01	10	11500	买盘
10:13:09	11.51	0.01	15	17265	买盘
10:13:06	11.5	-0.01	30	34500	卖盘
10:13:03	11.51	--	20	23020	买盘
10:13:00	11.51	--	51	58701	买盘
10:12:54	11.51	-0.01	25	28775	卖盘
10:12:51	11.52	0.01	95	109440	买盘
10:12:48	11.51	-0.01	83	95533	卖盘
10:12:45	11.52	0.01	323	372096	买盘
10:12:42	11.51	-0.01	40	46040	卖盘
10:12:39	11.52	0.01	460	529920	买盘
10:12:36	11.51	--	43	49493	卖盘
10:12:33	11.51	--	10	11510	卖盘
10:12:30	11.51	--	74	85174	卖盘
10:12:27	11.51	0.03	1	1151	卖盘
10:12:24	11.48	-0.03	122	140056	卖盘
10:12:21	11.51	0.01	28	32228	买盘
10:12:18	11.5	0.01	949	1091603	买盘
10:12:15	11.49	0.01	18	20682	买盘
10:12:12	11.48	-0.02	26	29848	卖盘
10:12:09	11.5	--	85	97750	买盘
10:12:06	11.5	--	27	31050	买盘
10:12:03	11.5	-0.01	205	236647	卖盘
10:12:00	11.51	0.01	21	24171	买盘
10:11:57	11.5	0.01	162	186553	买盘
10:11:54	11.49	--	3	3447	买盘
10:11:51	11.49	-0.01	7	8043	中性盘
10:11:48	11.5	--	42	48300	买盘
10:11:42	11.5	0.01	86	98900	买盘
10:11:36	11.49	--	49	56301	买盘
10:11:33	11.49	-0.01	16	19280	卖盘
10:11:30	11.5	--	206	236900	买盘
10:11:27	11.5	0.02	31	35650	买盘
10:11:24	11.48	-0.01	416	477820	中性盘
10:11:21	11.49	0.02	65	74685	买盘
10:11:18	11.47	-0.02	15	17205	卖盘
10:11:15	11.49	0.01	41	47109	买盘
10:11:12	11.48	-0.01	46	52808	中性盘
10:11:06	11.49	--	91	104559	买盘
10:11:00	11.49	0.02	92	105708	买盘
10:10:57	11.47	--	23	26381	买盘
10:10:54	11.47	--	52	59644	卖盘
10:10:51	11.47	-0.02	35	40145	卖盘
10:10:48	11.49	0.02	33	37917	买盘
10:10:45	11.47	--	100	114700	卖盘
10:10:42	11.47	-0.01	39	44733	卖盘
10:10:39	11.48	--	22	25256	买盘
10:10:36	11.48	--	20	22960	买盘
10:10:33	11.48	--	49	56252	买盘
10:10:30	11.48	-0.01	26	29848	中性盘
10:10:27	11.49	0.02	27	31023	买盘
10:10:24	11.47	-0.01	36	41292	卖盘
10:10:21	11.48	--	50	57400	买盘
10:10:18	11.48	--	9	10332	买盘
10:10:12	11.48	-0.01	15	17220	中性盘
10:10:06	11.49	0.02	73	83877	买盘
10:10:03	11.47	--	9	10323	买盘
10:10:00	11.47	--	118	135346	买盘
10:09:54	11.47	--	40	45880	卖盘
10:09:48	11.47	-0.01	44	50468	中性盘
10:09:42	11.48	--	72	82656	买盘
10:09:39	11.48	--	34	39032	买盘
10:09:36	11.48	0.01	55	63140	买盘
10:09:33	11.47	--	30	34410	买盘
10:09:30	11.47	--	10	11470	买盘
10:09:21	11.47	--	17	19499	买盘
10:09:15	11.47	0.01	43	49321	买盘
10:09:09	11.46	-0.01	10	11460	卖盘
10:09:06	11.47	0.01	5	5735	买盘
10:08:54	11.46	-0.01	7	8022	中性盘
10:08:48	11.47	0.02	3	3441	买盘
10:08:45	11.45	-0.02	1	1145	卖盘
10:08:39	11.47	0.01	16	18352	买盘
10:08:36	11.46	0.01	14	16044	买盘
10:08:33	11.45	--	22	25190	卖盘
10:08:30	11.45	--	28	32059	买盘
10:08:27	11.45	--	14	16029	买盘
10:08:24	11.45	--	35	40075	买盘
10:08:21	11.45	0.02	22	25190	买盘
10:08:15	11.43	-0.02	40	45720	卖盘
10:08:12	11.45	0.01	39	44655	买盘
10:08:09	11.44	--	2	2288	卖盘
10:08:06	11.44	-0.01	31	35464	卖盘
10:08:03	11.45	0.01	39	44655	买盘
10:08:00	11.44	0.01	104	118976	买盘
10:07:57	11.43	--	30	34290	买盘
10:07:51	11.43	--	1	1143	卖盘
10:07:48	11.43	-0.02	5	5715	中性盘
10:07:45	11.45	0.04	28	32059	买盘
10:07:39	11.41	-0.02	47	53627	卖盘
10:07:36	11.43	0.01	87	99441	买盘
10:07:33	11.42	--	3	3426	买盘
10:07:30	11.42	-0.02	237	270654	卖盘
10:07:27	11.44	0.01	2	2288	买盘
10:07:21	11.43	--	7	8001	卖盘
10:07:18	11.43	-0.01	1	1143	卖盘
10:07:15	11.44	--	18	20592	买盘
10:07:09	11.44	--	11	12584	买盘
10:07:06	11.44	0.01	20	22880	买盘
10:07:03	11.43	--	22	25146	买盘
10:07:00	11.43	0.01	70	80010	买盘
10:06:57	11.42	0.02	5	5710	中性盘
10:06:54	11.4	-0.03	74	84360	卖盘
10:06:51	11.43	--	60	68580	买盘
10:06:48	11.43	--	5	5715	买盘
10:06:45	11.43	--	17	19431	买盘
10:06:42	11.43	0.03	10	11430	买盘
10:06:39	11.4	-0.03	20	22800	卖盘
10:06:36	11.43	0.01	40	45720	买盘
10:06:33	11.42	0.02	15	17130	买盘
10:06:30	11.4	--	15	17100	卖盘
10:06:27	11.4	--	15	17100	卖盘
10:06:24	11.4	--	20	22800	卖盘
10:06:21	11.4	-0.03	10	11400	卖盘
10:06:15	11.43	0.03	46	52578	买盘
10:06:09	11.4	-0.02	77	87780	卖盘
10:06:06	11.42	--	64	73088	买盘
10:06:03	11.42	0.02	15	17130	买盘
10:06:00	11.4	-0.02	130	148200	卖盘
10:05:57	11.42	-0.01	8	9136	中性盘
10:05:54	11.43	0.03	10	11430	买盘
10:05:51	11.4	-0.02	26	29640	卖盘
10:05:48	11.42	--	35	39970	买盘
10:05:45	11.42	--	13	14846	买盘
10:05:42	11.42	--	24	27408	买盘
10:05:36	11.42	-0.01	26	29692	中性盘
10:05:30	11.43	--	61	69723	买盘
10:05:27	11.43	0.02	10	11430	买盘
10:05:24	11.41	-0.01	34	38794	卖盘
10:05:21	11.42	-0.01	6	6852	中性盘
10:05:18	11.43	--	35	40005	买盘
10:05:15	11.43	-0.02	3	3429	中性盘
10:05:12	11.45	0.02	151	172895	买盘
10:05:09	11.43	-0.01	39	44577	卖盘
10:05:06	11.44	0.01	427	488488	买盘
10:05:00	11.43	--	15	17145	买盘
10:04:57	11.43	-0.01	215	245745	卖盘
10:04:54	11.44	--	28	32032	买盘
10:04:51	11.44	-0.01	1	1144	中性盘
10:04:48	11.45	0.01	142	162590	买盘
10:04:45	11.44	--	10	11440	卖盘
10:04:42	11.44	--	231	264264	卖盘
10:04:39	11.44	--	4	4576	卖盘
10:04:36	11.44	-0.01	5	5720	卖盘
10:04:33	11.45	--	18	20610	买盘
10:04:30	11.45	--	10	11450	买盘
10:04:27	11.45	-0.01	48	54960	卖盘
10:04:24	11.46	0.01	12	13752	中性盘
10:04:15	11.45	-0.01	40	45800	卖盘
10:04:12	11.46	--	25	28650	买盘
10:04:06	11.46	-0.01	66	75636	中性盘
10:04:03	11.47	0.01	29	33263	买盘
10:03:57	11.46	-0.01	50	57300	卖盘
10:03:54	11.47	--	36	41292	买盘
10:03:48	11.47	--	30	34410	买盘
10:03:42	11.47	0.01	63	72261	买盘
10:03:39	11.46	-0.01	1	1146	中性盘
10:03:33	11.47	-0.02	118	135346	卖盘
10:03:30	11.49	--	29	33321	买盘
10:03:27	11.49	--	59	67791	买盘
10:03:24	11.49	--	74	85026	买盘
10:03:21	11.49	--	110	126390	买盘
10:03:18	11.49	0.01	200	229800	买盘
10:03:15	11.48	-0.01	197	226156	卖盘
10:03:12	11.49	--	34	39066	买盘
10:03:09	11.49	--	78	89622	买盘
10:03:06	11.49	-0.02	112	128688	卖盘
10:03:03	11.51	--	24	27624	买盘
10:03:00	11.51	0.01	30	34530	买盘
10:02:57	11.5	0.01	50	57500	买盘
10:02:54	11.49	-0.01	55	63195	卖盘
10:02:51	11.5	--	5	5750	买盘
10:02:48	11.5	--	4	4600	买盘
10:02:45	11.5	-0.01	14	16100	卖盘
10:02:42	11.51	0.01	66	75966	买盘
10:02:36	11.5	--	153	175950	买盘
10:02:30	11.5	-0.01	2	2300	卖盘
10:02:27	11.51	0.01	66	75966	买盘
10:02:24	11.5	--	20	23000	买盘
10:02:21	11.5	--	125	143750	买盘
10:02:18	11.5	--	10	11500	买盘
10:02:15	11.5	--	5	5750	买盘
10:02:12	11.5	--	75	86250	买盘
10:02:06	11.5	--	114	131100	买盘
10:02:03	11.5	--	1	1150	买盘
10:02:00	11.5	--	40	46000	买盘
10:01:54	11.5	--	50	57500	买盘
10:01:51	11.5	0.02	36	41400	买盘
10:01:48	11.48	-0.02	126	144648	卖盘
10:01:45	11.5	--	10	11500	买盘
10:01:42	11.5	0.02	78	89700	买盘
10:01:39	11.48	--	21	24108	买盘
10:01:36	11.48	--	173	198604	买盘
10:01:33	11.48	--	34	39032	买盘
10:01:30	11.48	--	48	55104	买盘
10:01:27	11.48	--	59	67732	买盘
10:01:24	11.48	--	62	71176	买盘
10:01:21	11.48	0.01	99	113652	买盘
10:01:15	11.47	0.01	87	99789	买盘
10:01:12	11.46	--	13	14898	卖盘
10:01:09	11.46	--	21	24066	卖盘
10:01:06	11.46	-0.01	36	41256	卖盘
10:01:00	11.47	--	5	5735	买盘
10:00:57	11.47	--	36	41292	买盘
10:00:54	11.47	--	9	10323	买盘
10:00:51	11.47	--	20	22940	买盘
10:00:48	11.47	--	10	11470	买盘
10:00:45	11.47	--	32	36704	买盘
10:00:39	11.47	0.01	30	34410	买盘
10:00:36	11.46	-0.02	40	45840	卖盘
10:00:33	11.48	--	233	267484	买盘
10:00:27	11.48	0.02	541	621068	买盘
10:00:24	11.46	--	16	18336	买盘
10:00:21	11.46	--	54	61884	买盘
10:00:18	11.46	--	33	37818	买盘
10:00:15	11.46	--	56	64176	买盘
10:00:12	11.46	--	37	42402	买盘
10:00:09	11.46	--	43	49278	买盘
10:00:06	11.46	--	20	22920	买盘
10:00:03	11.46	--	195	223470	买盘
10:00:00	11.46	--	10	11460	买盘
09:59:57	11.46	--	315	360990	卖盘
09:59:54	11.46	-0.01	58	66468	卖盘
09:59:48	11.47	--	12	13764	买盘
09:59:45	11.47	-0.01	97	111259	卖盘
09:59:42	11.48	--	23	26404	买盘
09:59:39	11.48	--	27	30996	买盘
09:59:36	11.48	--	69	79212	卖盘
09:59:33	11.48	--	10	11480	卖盘
09:59:30	11.48	-0.01	20	22960	卖盘
09:59:27	11.49	0.01	52	59748	买盘
09:59:24	11.48	0.01	2	2296	买盘
09:59:18	11.47	-0.02	100	114700	卖盘
09:59:15	11.49	0.01	15	17235	买盘
09:59:12	11.48	0.01	14	16072	买盘
09:59:09	11.47	-0.01	53	60791	卖盘
09:59:06	11.48	--	4	4592	卖盘
09:59:03	11.48	-0.01	5	5740	卖盘
09:59:00	11.49	0.02	12	13788	买盘
09:58:57	11.47	-0.02	33	37851	卖盘
09:58:54	11.49	0.01	14	16086	买盘
09:58:51	11.48	--	16	18368	买盘
09:58:48	11.48	--	20	22960	买盘
09:58:45	11.48	--	17	19516	买盘
09:58:42	11.48	-0.01	30	34440	买盘
09:58:36	11.49	--	66	75834	买盘
09:58:33	11.49	--	10	11490	买盘
09:58:30	11.49	--	11	12639	买盘
09:58:27	11.49	--	156	179244	买盘
09:58:24	11.49	0.01	44	50556	买盘
09:58:21	11.48	-0.01	8	9184	卖盘
09:58:18	11.49	0.01	69	79281	买盘
09:58:15	11.48	-0.01	8	9184	卖盘
09:58:12	11.49	--	166	190734	买盘
09:58:06	11.49	--	40	45960	买盘
09:58:03	11.49	--	11	12639	买盘
09:58:00	11.49	--	10	11490	买盘
09:57:57	11.49	--	38	43662	买盘
09:57:54	11.49	--	26	29874	中性盘
09:57:51	11.49	--	60	68940	卖盘
09:57:48	11.49	-0.01	27	31023	卖盘
09:57:45	11.5	0.01	10	11500	买盘
09:57:42	11.49	-0.01	12	13788	卖盘
09:57:36	11.5	--	18	20700	买盘
09:57:30	11.5	--	31	35650	买盘
09:57:27	11.5	--	48	55200	买盘
09:57:21	11.5	0.01	58	66700	买盘
09:57:18	11.49	-0.01	45	51705	卖盘
09:57:15	11.5	--	78	89700	买盘
09:57:12	11.5	--	11	12650	买盘
09:57:09	11.5	0.02	12	13800	买盘
09:57:06	11.48	-0.01	30	34440	卖盘
09:57:03	11.49	--	33	37917	买盘
09:57:00	11.49	-0.01	13	14937	中性盘
09:56:54	11.5	0.01	13	14950	买盘
09:56:51	11.49	--	40	45960	买盘
09:56:48	11.49	--	64	73536	买盘
09:56:45	11.49	--	96	110304	买盘
09:56:42	11.49	--	76	87324	买盘
09:56:39	11.49	--	56	64344	买盘
09:56:36	11.49	-0.01	230	264270	卖盘
09:56:33	11.5	--	117	134550	买盘
09:56:30	11.5	--	16	18400	买盘
09:56:27	11.5	--	28	32200	买盘
09:56:24	11.5	-0.01	99	113850	卖盘
09:56:21	11.51	0.01	29	33379	买盘
09:56:18	11.5	-0.01	30	34500	卖盘
09:56:15	11.51	--	55	63305	买盘
09:56:12	11.51	--	6	6906	买盘
09:56:09	11.51	--	40	46040	买盘
09:56:06	11.51	--	10	11510	买盘
09:56:03	11.51	--	27	31077	买盘
09:56:00	11.51	0.01	40	46040	买盘
09:55:57	11.5	-0.01	40	46000	卖盘
09:55:54	11.51	--	45	51795	卖盘
09:55:51	11.51	0.01	59	67909	买盘
09:55:48	11.5	-0.01	20	23000	卖盘
09:55:45	11.51	--	17	19567	买盘
09:55:42	11.51	--	34	39134	买盘
09:55:39	11.51	--	50	57550	买盘
09:55:36	11.51	0.01	85	97835	买盘
09:55:33	11.5	--	49	56350	买盘
09:55:30	11.5	--	7	8050	买盘
09:55:27	11.5	--	15	17250	买盘
09:55:24	11.5	--	7	8050	买盘
09:55:21	11.5	--	36	41400	买盘
09:55:18	11.5	--	23	26450	买盘
09:55:15	11.5	-0.01	78	89700	卖盘
09:55:12	11.51	-0.01	21	24171	卖盘
09:55:09	11.52	--	23	26496	卖盘
09:55:06	11.52	--	40	46080	卖盘
09:55:03	11.52	--	11	12672	卖盘
09:55:00	11.52	--	17	19584	买盘
09:54:57	11.52	0.01	36	41472	买盘
09:54:54	11.51	--	10	11510	卖盘
09:54:51	11.51	--	15	17265	卖盘
09:54:48	11.51	--	22	25322	卖盘
09:54:42	11.51	--	55	63305	卖盘
09:54:39	11.51	--	204	234804	卖盘
09:54:33	11.51	--	175	201425	卖盘
09:54:30	11.51	--	13	14963	卖盘
09:54:27	11.51	0.01	49	56399	卖盘
09:54:12	11.5	-0.02	696	800515	卖盘
09:54:06	11.52	--	3	3456	买盘
09:54:00	11.52	--	6	6912	卖盘
09:53:57	11.52	-0.01	55	63360	卖盘
09:53:54	11.53	0.01	3	3459	买盘
09:53:51	11.52	--	27	31104	卖盘
09:53:48	11.52	--	21	24192	卖盘
09:53:45	11.52	--	23	26496	卖盘
09:53:42	11.52	--	79	91008	卖盘
09:53:39	11.52	-0.01	56	64512	卖盘
09:53:30	11.53	--	8	9224	买盘
09:53:27	11.53	--	30	34590	买盘
09:53:24	11.53	--	61	70333	买盘
09:53:21	11.53	--	170	196010	卖盘
09:53:18	11.53	-0.01	5	5765	卖盘
09:53:15	11.54	0.01	10	11540	买盘
09:53:12	11.53	--	19	21907	卖盘
09:53:06	11.53	-0.01	15	17295	中性盘
09:53:03	11.54	0.01	22	25387	买盘
09:53:00	11.53	-0.01	39	44967	卖盘
09:52:54	11.54	--	50	57699	买盘
09:52:51	11.54	--	1	1154	买盘
09:52:48	11.54	--	54	62315	买盘
09:52:45	11.54	--	78	90012	买盘
09:52:42	11.54	0.01	5	5770	买盘
09:52:33	11.53	--	7	8071	卖盘
09:52:27	11.53	--	4	4612	买盘
09:52:24	11.53	--	101	116453	买盘
09:52:18	11.53	--	30	34590	买盘
09:52:15	11.53	0.01	54	62262	买盘
09:52:12	11.52	--	26	29952	卖盘
09:52:09	11.52	-0.01	15	17280	中性盘
09:52:06	11.53	0.02	24	27672	买盘
09:52:00	11.51	-0.01	3	3453	卖盘
09:51:57	11.52	--	5	5760	卖盘
09:51:54	11.52	--	32	36864	卖盘
09:51:48	11.52	--	67	77184	卖盘
09:51:45	11.52	--	13	14976	买盘
09:51:42	11.52	--	66	76032	买盘
09:51:39	11.52	0.01	63	72576	买盘
09:51:33	11.51	-0.01	57	65607	卖盘
09:51:30	11.52	0.01	17	19584	买盘
09:51:27	11.51	--	3	3453	卖盘
09:51:24	11.51	--	8	9208	卖盘
09:51:21	11.51	-0.01	4	4604	卖盘
09:51:18	11.52	0.01	105	120960	买盘
09:51:15	11.51	--	2	2302	卖盘
09:51:12	11.51	-0.01	93	107043	卖盘
09:51:09	11.52	0.01	25	28800	买盘
09:51:06	11.51	-0.01	5	5755	卖盘
09:51:03	11.52	0.01	23	26496	买盘
09:51:00	11.51	-0.01	146	168046	卖盘
09:50:57	11.52	--	57	65664	买盘
09:50:54	11.52	--	93	107136	买盘
09:50:51	11.52	0.01	7	8064	买盘
09:50:48	11.51	--	20	23020	卖盘
09:50:45	11.51	-0.01	203	233653	卖盘
09:50:42	11.52	--	66	76032	买盘
09:50:39	11.52	--	8	9216	买盘
09:50:36	11.52	-0.01	92	105984	卖盘
09:50:33	11.53	0.01	52	59956	中性盘
09:50:30	11.52	--	20	23040	卖盘
09:50:24	11.52	-0.01	113	130176	卖盘
09:50:21	11.53	--	119	137207	卖盘
09:50:18	11.53	--	215	247895	卖盘
09:50:15	11.53	--	87	100311	卖盘
09:50:12	11.53	-0.01	45	51885	卖盘
09:50:06	11.54	--	52	60007	卖盘
09:50:03	11.54	-0.01	9	10386	卖盘
09:50:00	11.55	--	147	169785	买盘
09:49:54	11.55	--	108	124740	买盘
09:49:51	11.55	--	1	1155	买盘
09:49:48	11.55	--	106	122430	卖盘
09:49:45	11.55	-0.01	316	364980	卖盘
09:49:42	11.56	--	150	173400	买盘
09:49:39	11.56	0.01	7	8092	买盘
09:49:36	11.55	--	21	24255	卖盘
09:49:33	11.55	-0.01	10	11550	卖盘
09:49:30	11.56	--	6	6936	买盘
09:49:27	11.56	-0.01	45	52020	卖盘
09:49:24	11.57	0.01	47	54379	买盘
09:49:18	11.56	--	80	92480	卖盘
09:49:12	11.56	--	45	52020	卖盘
09:49:09	11.56	-0.01	116	134096	卖盘
09:49:06	11.57	--	17	19669	买盘
09:49:03	11.57	0.01	2	2314	买盘
09:48:57	11.56	--	5	5780	卖盘
09:48:54	11.56	-0.01	67	77452	卖盘
09:48:51	11.57	-0.01	5	5785	中性盘
09:48:48	11.58	--	1	1158	买盘
09:48:45	11.58	0.01	89	103062	买盘
09:48:42	11.57	-0.01	24	27768	卖盘
09:48:36	11.58	--	9	10422	买盘
09:48:30	11.58	-0.01	104	120432	卖盘
09:48:27	11.59	-0.01	234	271206	卖盘
09:48:24	11.6	0.01	26	30160	买盘
09:48:21	11.59	--	133	154147	卖盘
09:48:18	11.59	-0.01	131	151829	卖盘
09:48:15	11.6	0.01	10	11600	买盘
09:48:09	11.59	0.01	307	355813	买盘
09:48:06	11.58	-0.01	200	231600	卖盘
09:48:03	11.59	--	13	15067	买盘
09:47:57	11.59	-0.01	2	2318	中性盘
09:47:54	11.6	--	17	19720	买盘
09:47:48	11.6	0.02	200	232000	买盘
09:47:45	11.58	--	3	3474	买盘
09:47:42	11.58	0.01	119	137802	买盘
09:47:39	11.57	-0.01	10	11570	卖盘
09:47:36	11.58	0.02	13	15054	买盘
09:47:33	11.56	-0.02	19	21964	卖盘
09:47:30	11.58	0.02	175	202650	买盘
09:47:24	11.56	-0.01	3	3468	卖盘
09:47:21	11.57	0.01	13	15041	买盘
09:47:15	11.56	0.03	165	190740	买盘
09:47:12	11.53	--	12	13836	卖盘
09:47:09	11.53	-0.01	113	130289	卖盘
09:47:06	11.54	--	10	11540	买盘
09:47:03	11.54	--	44	50775	买盘
09:47:00	11.54	0.01	11	12693	中性盘
09:46:57	11.53	-0.03	60	69180	卖盘
09:46:54	11.56	0.01	98	113288	中性盘
09:46:48	11.55	--	108	124740	卖盘
09:46:45	11.55	--	42	48510	卖盘
09:46:42	11.55	--	35	40425	卖盘
09:46:39	11.55	--	53	61215	卖盘
09:46:36	11.55	0.02	131	151305	买盘
09:46:33	11.53	-0.02	100	115300	卖盘
09:46:27	11.55	--	25	28875	买盘
09:46:24	11.55	-0.03	326	376530	卖盘
09:46:21	11.58	0.01	23	26634	买盘
09:46:18	11.57	--	23	26611	卖盘
09:46:15	11.57	--	230	266110	卖盘
09:46:12	11.57	-0.01	67	77519	卖盘
09:46:09	11.58	--	22	25476	卖盘
09:46:06	11.58	--	49	56742	卖盘
09:46:03	11.58	-0.01	13	15054	卖盘
09:45:54	11.59	--	132	152988	卖盘
09:45:51	11.59	-0.01	17	19703	卖盘
09:45:45	11.6	-0.02	257	298120	卖盘
09:45:42	11.62	0.01	384	446207	买盘
09:45:39	11.61	-0.01	56	65016	卖盘
09:45:36	11.62	--	28	32535	买盘
09:45:33	11.62	--	152	176624	卖盘
09:45:30	11.62	--	109	126657	卖盘
09:45:27	11.62	-0.01	185	214970	卖盘
09:45:21	11.63	-0.02	5	5815	中性盘
09:45:15	11.65	--	231	269115	买盘
09:45:09	11.65	--	16	18640	买盘
09:45:06	11.65	--	1	1165	买盘
09:45:03	11.65	0.01	81	94365	买盘
09:45:00	11.64	-0.01	62	72168	卖盘
09:44:57	11.65	--	39	45435	买盘
09:44:54	11.65	--	2	2330	买盘
09:44:51	11.65	--	47	54755	买盘
09:44:48	11.65	-0.02	454	528910	卖盘
09:44:45	11.67	0.01	83	96861	买盘
09:44:42	11.66	0.01	481	560846	买盘
09:44:39	11.65	--	2	2330	卖盘
09:44:36	11.65	-0.01	85	99025	卖盘
09:44:33	11.66	0.01	3	3498	买盘
09:44:30	11.65	-0.01	27	31455	卖盘
09:44:27	11.66	-0.02	63	73458	卖盘
09:44:24	11.68	--	248	289664	卖盘
09:44:21	11.68	--	50	58400	卖盘
09:44:18	11.68	0.01	178	207904	买盘
09:44:15	11.67	--	50	58350	买盘
09:44:12	11.67	--	32	37344	买盘
09:44:09	11.67	--	344	401448	买盘
09:44:06	11.67	-0.01	36	42012	卖盘
09:44:03	11.68	--	40	46720	买盘
09:44:00	11.68	0.02	453	529104	买盘
09:43:57	11.66	--	98	114268	卖盘
09:43:54	11.66	--	223	260018	卖盘
09:43:51	11.66	--	456	531696	卖盘
09:43:48	11.66	0.02	371	432586	买盘
09:43:45	11.64	-0.01	11	12804	卖盘
09:43:42	11.65	0.01	477	555705	买盘
09:43:39	11.64	--	98	114072	买盘
09:43:36	11.64	0.01	2	2328	中性盘
09:43:30	11.63	-0.01	206	239578	卖盘
09:43:27	11.64	0.02	79	91956	买盘
09:43:24	11.62	--	11	12782	卖盘
09:43:21	11.62	-0.01	64	74368	卖盘
09:43:18	11.63	0.01	3	3489	中性盘
09:43:15	11.62	--	558	648396	卖盘
09:43:12	11.62	-0.01	31	36022	卖盘
09:43:09	11.63	0.01	98	113974	中性盘
09:43:00	11.62	--	184	213808	卖盘
09:42:57	11.62	0.01	6	6971	买盘
09:42:54	11.61	-0.01	81	94041	卖盘
09:42:51	11.62	0.01	197	228913	中性盘
09:42:48	11.61	--	16	18576	卖盘
09:42:45	11.61	--	132	153252	卖盘
09:42:42	11.61	-0.03	21	24381	卖盘
09:42:39	11.64	0.03	602	700728	买盘
09:42:36	11.61	--	45	52245	卖盘
09:42:33	11.61	--	2	2322	卖盘
09:42:30	11.61	--	134	155574	卖盘
09:42:27	11.61	--	113	131193	卖盘
09:42:24	11.61	--	10	11610	卖盘
09:42:21	11.61	0.01	46	53406	买盘
09:42:18	11.6	--	5	5800	卖盘
09:42:15	11.6	--	66	76560	卖盘
09:42:12	11.6	-0.04	326	378160	卖盘
09:42:09	11.64	0.04	109	126876	买盘
09:42:06	11.6	-0.01	18	20880	卖盘
09:42:03	11.61	--	32	37152	买盘
09:42:00	11.61	-0.04	46	53406	买盘
09:41:57	11.65	0.05	804	936660	买盘
09:41:54	11.6	--	153	177480	卖盘
09:41:51	11.6	-0.03	8	9280	卖盘
09:41:48	11.63	0.02	33	38379	买盘
09:41:45	11.61	0.01	33	38313	中性盘
09:41:42	11.6	-0.01	56	64960	卖盘
09:41:39	11.61	--	52	60372	买盘
09:41:36	11.61	-0.02	17	19737	卖盘
09:41:33	11.63	--	3	3489	买盘
09:41:30	11.63	--	73	84899	买盘
09:41:27	11.63	0.02	5	5815	中性盘
09:41:24	11.61	--	16	18576	卖盘
09:41:21	11.61	-0.05	3	3483	卖盘
09:41:18	11.66	0.01	243	283338	买盘
09:41:15	11.65	0.03	549	639585	买盘
09:41:12	11.62	-0.01	5	5810	中性盘
09:41:09	11.63	--	132	153516	买盘
09:41:06	11.63	0.02	51	59313	买盘
09:41:03	11.61	0.01	54	62694	买盘
09:41:00	11.6	-0.01	297	344520	卖盘
09:40:54	11.61	-0.02	67	77787	卖盘
09:40:51	11.63	--	4	4652	买盘
09:40:48	11.63	--	224	260512	买盘
09:40:45	11.63	-0.01	57	66291	买盘
09:40:42	11.64	--	19	22116	买盘
09:40:39	11.64	0.02	82	95448	买盘
09:40:36	11.62	0.01	86	99932	中性盘
09:40:33	11.61	-0.01	32	37152	卖盘
09:40:30	11.62	--	191	221941	卖盘
09:40:27	11.62	0.01	15	17430	卖盘
09:40:24	11.61	--	80	92880	卖盘
09:40:21	11.61	-0.02	47	54567	卖盘
09:40:18	11.63	0.02	30	34890	买盘
09:40:15	11.61	0.01	241	279801	买盘
09:40:12	11.6	--	8	9280	卖盘
09:40:09	11.6	--	15	17400	卖盘
09:40:06	11.6	--	185	214600	卖盘
09:40:03	11.6	--	8	9280	卖盘
09:40:00	11.6	-0.01	14	16240	卖盘
09:39:57	11.61	-0.01	444	515484	卖盘
09:39:54	11.62	-0.01	165	191730	卖盘
09:39:51	11.63	--	341	396583	卖盘
09:39:48	11.63	--	36	41868	卖盘
09:39:45	11.63	--	32	37216	卖盘
09:39:42	11.63	-0.02	141	163983	卖盘
09:39:39	11.65	--	648	754920	买盘
09:39:36	11.65	0.03	11	12815	买盘
09:39:33	11.62	--	522	606564	卖盘
09:39:30	11.62	-0.03	306	355572	卖盘
09:39:27	11.65	0.03	122	142130	买盘
09:39:24	11.62	-0.06	117	135954	卖盘
09:39:21	11.68	0.03	291	339888	买盘
09:39:18	11.65	0.03	33	38445	买盘
09:39:15	11.62	--	29	33698	卖盘
09:39:12	11.62	-0.07	615	714630	卖盘
09:39:09	11.69	0.04	253	295757	买盘
09:39:06	11.65	-0.01	54	62910	买盘
09:39:03	11.66	-0.04	138	160908	中性盘
09:39:00	11.7	0.04	318	372060	买盘
09:38:57	11.66	-0.06	489	571328	卖盘
09:38:54	11.72	0.02	295	345751	买盘
09:38:51	11.7	0.02	244	285480	买盘
09:38:48	11.68	0.03	247	288496	买盘
09:38:45	11.65	-0.05	342	398430	卖盘
09:38:42	11.7	0.01	425	497249	买盘
09:38:39	11.69	0.04	568	663992	买盘
09:38:36	11.65	-0.03	183	213195	卖盘
09:38:33	11.68	-0.02	245	286160	卖盘
09:38:30	11.7	0.07	371	434070	买盘
09:38:27	11.63	-0.03	335	389605	卖盘
09:38:24	11.66	-0.02	58	67628	中性盘
09:38:21	11.68	0.03	491	573488	买盘
09:38:18	11.65	--	76	88540	买盘
09:38:15	11.65	-0.01	153	178245	卖盘
09:38:12	11.66	--	401	467566	卖盘
09:38:09	11.66	0.04	513	598158	买盘
09:38:06	11.62	-0.03	19	22078	卖盘
09:38:03	11.65	0.02	307	357655	买盘
09:38:00	11.63	0.02	261	303543	买盘
09:37:57	11.61	0.01	413	479493	买盘
09:37:54	11.6	--	255	295800	卖盘
09:37:51	11.6	0.01	787	912920	买盘
09:37:48	11.59	0.01	215	249185	买盘
09:37:45	11.58	0.03	178	206124	买盘
09:37:42	11.55	-0.02	101	116655	卖盘
09:37:39	11.57	0.02	280	323960	买盘
09:37:36	11.55	0.01	214	247170	买盘
09:37:33	11.54	-0.01	73	84242	卖盘
09:37:30	11.55	0.04	154	177870	买盘
09:37:27	11.51	--	75	86325	卖盘
09:37:24	11.51	0.02	994	1144634	买盘
09:37:21	11.49	--	360	413640	卖盘
09:37:18	11.49	--	271	311379	买盘
09:37:15	11.49	--	91	104559	买盘
09:37:12	11.49	0.01	74	85026	买盘
09:37:09	11.48	0.01	648	743904	买盘
09:37:06	11.47	--	144	165179	买盘
09:37:03	11.47	-0.01	162	185814	中性盘
09:37:00	11.48	0.01	331	379988	买盘
09:36:54	11.47	--	213	244311	买盘
09:36:51	11.47	--	71	81437	买盘
09:36:48	11.47	0.02	491	563177	买盘
09:36:45	11.45	--	159	182055	买盘
09:36:42	11.45	--	63	72135	买盘
09:36:39	11.45	--	378	432810	买盘
09:36:36	11.45	--	128	146560	买盘
09:36:33	11.45	--	106	121369	买盘
09:36:30	11.45	0.01	303	346935	买盘
09:36:27	11.44	-0.01	33	37752	卖盘
09:36:24	11.45	0.01	333	381285	买盘
09:36:21	11.44	0.01	31	35464	买盘
09:36:18	11.43	--	30	34290	卖盘
09:36:15	11.43	--	75	85725	卖盘
09:36:12	11.43	-0.01	5	5715	卖盘
09:36:09	11.44	--	29	33176	买盘
09:36:06	11.44	0.02	94	107536	买盘
09:36:03	11.42	-0.01	30	34260	卖盘
09:36:00	11.43	-0.01	25	28575	中性盘
09:35:57	11.44	--	20	22880	买盘
09:35:54	11.44	0.03	68	77792	买盘
09:35:51	11.41	-0.01	23	26243	中性盘
09:35:48	11.42	--	165	188430	买盘
09:35:45	11.42	--	56	63952	买盘
09:35:42	11.42	--	370	422540	买盘
09:35:39	11.42	--	94	107348	买盘
09:35:36	11.42	-0.02	17	19414	卖盘
09:35:33	11.44	0.02	324	370656	买盘
09:35:27	11.42	-0.01	234	267228	中性盘
09:35:24	11.43	0.01	220	251460	买盘
09:35:21	11.42	-0.01	256	292352	卖盘
09:35:15	11.43	--	115	131445	买盘
09:35:12	11.43	0.02	60	68580	买盘
09:35:09	11.41	-0.03	10	11410	卖盘
09:35:06	11.44	0.01	142	162448	买盘
09:35:03	11.43	0.02	24	27432	中性盘
09:35:00	11.41	-0.03	254	289814	卖盘
09:34:57	11.44	--	71	81224	卖盘
09:34:54	11.44	--	598	684112	中性盘
09:34:51	11.44	-0.01	73	83512	买盘
09:34:48	11.45	0.01	105	120224	买盘
09:34:45	11.44	-0.03	72	82368	买盘
09:34:42	11.47	0.01	259	297073	买盘
09:34:39	11.46	--	169	193674	买盘
09:34:36	11.46	0.02	787	901902	买盘
09:34:33	11.44	-0.02	309	353496	中性盘
09:34:30	11.46	0.01	1623	1859958	买盘
09:34:27	11.45	--	160	183200	买盘
09:34:24	11.45	0.02	775	887375	买盘
09:34:21	11.43	-0.01	335	382905	中性盘
09:34:18	11.44	-0.01	606	693264	中性盘
09:34:15	11.45	--	972	1112940	买盘
09:34:12	11.45	--	5	5725	买盘
09:34:09	11.45	--	175	200375	卖盘
09:34:06	11.45	-0.02	54	61829	卖盘
09:34:03	11.47	--	65	74555	买盘
09:34:00	11.47	--	113	129611	买盘
09:33:57	11.47	-0.01	106	121582	中性盘
09:33:54	11.48	0.02	102	117096	买盘
09:33:51	11.46	-0.01	204	233784	中性盘
09:33:48	11.47	0.02	151	173197	买盘
09:33:45	11.45	0.01	19	21755	中性盘
09:33:42	11.44	--	308	352352	买盘
09:33:39	11.44	0.04	53	60632	中性盘
09:33:36	11.4	-0.04	700	798000	卖盘
09:33:33	11.44	0.01	166	189904	买盘
09:33:30	11.43	0.03	297	339471	买盘
09:33:27	11.4	-0.03	222	253080	卖盘
09:33:24	11.43	0.03	226	258318	买盘
09:33:18	11.4	--	143	163020	买盘
09:33:15	11.4	--	30	34200	买盘
09:33:12	11.4	0.05	363	413820	买盘
09:33:09	11.35	--	75	85125	买盘
09:33:06	11.35	-0.01	1052	1194020	卖盘
09:33:00	11.36	-0.02	55	62480	卖盘
09:32:57	11.38	--	42	47796	买盘
09:32:54	11.38	--	211	240118	买盘
09:32:51	11.38	0.02	69	78522	买盘
09:32:48	11.36	-0.02	208	236288	卖盘
09:32:45	11.38	--	63	71694	卖盘
09:32:42	11.38	-0.01	45	51210	卖盘
09:32:39	11.39	0.01	58	66062	买盘
09:32:36	11.38	-0.01	67	76246	买盘
09:32:33	11.39	0.05	111	126429	买盘
09:32:30	11.34	-0.06	110	124740	卖盘
09:32:27	11.4	0.02	256	291840	买盘
09:32:24	11.38	-0.02	81	92178	中性盘
09:32:21	11.4	0.02	667	760380	买盘
09:32:18	11.38	--	172	195736	卖盘
09:32:15	11.38	-0.02	114	129732	中性盘
09:32:12	11.4	-0.01	224	255360	买盘
09:32:09	11.41	-0.02	123	140343	买盘
09:32:06	11.43	0.03	496	566928	买盘
09:32:03	11.4	-0.01	112	127680	中性盘
09:32:00	11.41	-0.01	236	269276	中性盘
09:31:57	11.42	--	158	180436	买盘
09:31:54	11.42	--	39	44538	买盘
09:31:51	11.42	0.02	346	395132	买盘
09:31:45	11.4	-0.02	163	185820	买盘
09:31:42	11.42	-0.01	46	52532	中性盘
09:31:39	11.43	0.01	88	100584	买盘
09:31:36	11.42	--	133	151886	买盘
09:31:33	11.42	-0.01	277	316334	中性盘
09:31:30	11.43	0.01	314	358902	买盘
09:31:27	11.42	0.06	300	342600	买盘
09:31:24	11.36	--	41	46576	卖盘
09:31:21	11.36	0.04	866	983776	买盘
09:31:18	11.32	-0.01	125	141500	卖盘
09:31:15	11.33	--	10	11330	卖盘
09:31:12	11.33	-0.01	5	5665	卖盘
09:31:09	11.34	0.02	242	274428	买盘
09:31:06	11.32	-0.03	2	2264	卖盘
09:31:03	11.35	0.01	218	247430	买盘
09:31:00	11.34	0.02	11	12474	中性盘
09:30:57	11.32	-0.02	275	311300	卖盘
09:30:54	11.34	-0.01	12	13608	卖盘
09:30:51	11.35	0.01	33	37455	卖盘
09:30:48	11.34	-0.02	41	46494	中性盘
09:30:45	11.36	0.02	84	95424	买盘
09:30:42	11.34	--	8	9072	买盘
09:30:39	11.34	-0.01	192	217728	买盘
09:30:36	11.35	--	7	7945	买盘
09:30:33	11.35	--	84	95340	买盘
09:30:27	11.35	0.05	275	312125	买盘
09:30:24	11.3	-0.01	201	227130	卖盘
09:30:21	11.31	--	6	6786	买盘
09:30:18	11.31	0.01	3	3393	买盘
09:30:15	11.3	--	15	16950	卖盘
09:30:12	11.3	-0.05	10	11300	卖盘
09:30:09	11.35	0.04	19	21565	买盘
09:30:06	11.31	-0.01	238	269178	中性盘
09:30:03	11.32	0.02	1184	1340288	买盘
09:30:00	11.3	0.01	200	226000	买盘
09:25:03	11.29	11.29	489	552081	买盘
