成交时间	成交价	价格变动	成交量(手)	成交额(元)	性质
15:00:03	18.02	--	485	874150	卖盘
14:57:00	18.02	-0.01	15	28651	卖盘
14:56:57	18.03	--	1	1803	买盘
14:56:48	18.03	0.01	2	3606	买盘
14:56:45	18.02	--	76	136952	卖盘
14:56:42	18.02	-0.01	36	64872	卖盘
14:56:39	18.03	--	6	10818	卖盘
14:56:36	18.03	-0.01	10	18030	卖盘
14:56:33	18.04	0.01	18	32472	中性盘
14:56:21	18.03	-0.01	20	36060	卖盘
14:56:15	18.04	--	29	52316	卖盘
14:56:09	18.04	0.01	53	95612	买盘
14:56:06	18.03	-0.01	20	36060	卖盘
14:56:00	18.04	--	1	1804	买盘
14:55:57	18.04	0.01	36	64944	买盘
14:55:51	18.03	-0.01	53	95559	卖盘
14:55:48	18.04	-0.01	5	9020	中性盘
14:55:36	18.05	0.01	20	36100	买盘
14:55:33	18.04	--	10	18040	买盘
14:55:24	18.04	-0.01	48	86592	卖盘
14:55:15	18.05	--	28	50540	买盘
14:55:00	18.05	0.01	19	34295	买盘
14:54:48	18.04	--	13	23452	卖盘
14:54:45	18.04	--	10	18040	卖盘
14:54:30	18.04	--	7	12628	买盘
14:54:24	18.04	--	6	10824	买盘
14:54:21	18.04	-0.01	63	113652	卖盘
14:54:18	18.05	--	50	90250	买盘
14:54:15	18.05	--	4	7220	买盘
14:54:09	18.05	0.01	8	14440	买盘
14:54:06	18.04	-0.01	1	1804	卖盘
14:54:03	18.05	--	7	12635	买盘
14:53:51	18.05	0.02	2	3610	买盘
14:53:48	18.03	-0.02	10	18030	卖盘
14:53:45	18.05	0.02	16	28880	买盘
14:53:42	18.03	-0.02	28	50628	卖盘
14:53:39	18.05	0.02	30	54150	买盘
14:53:27	18.03	--	20	36060	卖盘
14:53:18	18.03	--	5	9015	卖盘
14:53:15	18.03	--	1	1803	卖盘
14:53:03	18.03	-0.02	4	7212	卖盘
14:52:54	18.05	0.02	20	36100	买盘
14:52:51	18.03	--	17	30651	卖盘
14:52:48	18.03	-0.02	45	81171	卖盘
14:52:42	18.05	--	20	36100	买盘
14:52:39	18.05	0.01	1	1805	买盘
14:52:36	18.04	--	5	9020	买盘
14:52:33	18.04	-0.01	14	25256	卖盘
14:52:24	18.05	0.01	7	12635	买盘
14:52:21	18.04	--	21	37884	买盘
14:52:15	18.04	--	4	7216	买盘
14:52:12	18.04	0.01	55	99220	买盘
14:52:09	18.03	0.01	2	3606	中性盘
14:51:30	18.02	--	4	7208	卖盘
14:51:24	18.02	-0.03	25	45050	卖盘
14:51:21	18.05	--	50	90250	买盘
14:51:15	18.05	0.03	6	10830	买盘
14:51:09	18.02	--	8	14416	卖盘
14:51:03	18.02	--	2	3604	卖盘
14:51:00	18.02	--	60	108120	卖盘
14:50:54	18.02	--	28	50456	买盘
14:50:39	18.02	--	10	18020	买盘
14:50:36	18.02	-0.03	13	23426	卖盘
14:50:33	18.05	--	36	64980	买盘
14:50:24	18.05	0.02	23	41515	买盘
14:50:21	18.03	-0.02	12	21636	卖盘
14:50:18	18.05	--	1	1805	买盘
14:50:15	18.05	--	2	3610	买盘
14:49:48	18.05	--	28	50540	卖盘
14:49:36	18.05	-0.01	14	25270	卖盘
14:49:27	18.06	-0.01	5	9030	卖盘
14:49:18	18.07	--	24	43368	买盘
14:49:06	18.07	--	4	7228	买盘
14:49:00	18.07	-0.01	7	12649	卖盘
14:48:57	18.08	--	6	10847	买盘
14:48:54	18.08	--	8	14463	买盘
14:48:42	18.08	--	50	90399	买盘
14:48:39	18.08	--	3	5423	买盘
14:48:27	18.08	--	40	72320	买盘
14:48:24	18.08	--	5	9040	买盘
14:48:15	18.08	--	42	75936	卖盘
14:48:12	18.08	--	1	1807	卖盘
14:48:00	18.08	-0.01	14	25311	卖盘
14:47:57	18.09	--	1	1809	买盘
14:47:51	18.09	-0.01	12	21708	卖盘
14:47:42	18.1	0.01	34	61540	买盘
14:47:24	18.09	--	14	25326	卖盘
14:47:09	18.09	0.01	50	90450	买盘
14:47:03	18.08	-0.01	1	1807	卖盘
14:46:57	18.09	--	67	121203	买盘
14:46:48	18.09	--	23	41607	买盘
14:46:39	18.09	0.01	5	9045	中性盘
14:46:24	18.08	-0.02	30	54239	卖盘
14:46:21	18.1	--	1	1810	买盘
14:46:15	18.1	--	9	16290	买盘
14:46:12	18.1	--	83	150230	买盘
14:46:09	18.1	0.01	5	9050	买盘
14:46:06	18.09	-0.01	18	32562	卖盘
14:46:00	18.1	0.01	15	27150	买盘
14:45:30	18.09	--	12	21708	买盘
14:45:24	18.09	--	38	68742	买盘
14:45:12	18.09	0.01	8	14472	买盘
14:45:03	18.08	--	30	54239	卖盘
14:45:00	18.08	-0.01	29	52431	卖盘
14:44:54	18.09	0.01	5	9045	买盘
14:44:45	18.08	--	3	5423	卖盘
14:44:33	18.08	--	10	18080	卖盘
14:44:30	18.08	-0.01	5	9040	卖盘
14:44:27	18.09	0.01	19	34371	买盘
14:44:21	18.08	--	25	45199	卖盘
14:44:06	18.08	--	19	34352	买盘
14:44:03	18.08	--	5	9040	买盘
14:43:51	18.08	--	8	14463	卖盘
14:43:48	18.08	--	20	36160	卖盘
14:43:39	18.08	--	2	3615	卖盘
14:43:24	18.08	--	32	57855	卖盘
14:43:21	18.08	--	16	28927	卖盘
14:43:12	18.08	--	6	10847	卖盘
14:42:51	18.08	-0.01	2	3615	卖盘
14:42:45	18.09	0.01	17	30753	中性盘
14:42:39	18.08	-0.02	1	1807	卖盘
14:42:33	18.1	0.02	50	90500	买盘
14:42:24	18.08	--	5	9040	卖盘
14:42:09	18.08	-0.02	5	9040	卖盘
14:42:06	18.1	--	40	72400	买盘
14:42:00	18.1	--	13	23530	买盘
14:41:57	18.1	0.01	115	208150	买盘
14:41:48	18.09	--	17	30753	卖盘
14:41:42	18.09	-0.01	3	5427	卖盘
14:41:36	18.1	0.01	20	36200	买盘
14:41:33	18.09	-0.01	2	3618	卖盘
14:41:24	18.1	--	1	1810	卖盘
14:41:21	18.1	--	2	3620	卖盘
14:41:18	18.1	-0.01	5	9050	卖盘
14:41:15	18.11	0.01	1	1811	买盘
14:41:12	18.1	-0.01	12	21720	中性盘
14:41:00	18.11	0.01	19	34409	买盘
14:40:54	18.1	-0.01	3	5430	中性盘
14:40:51	18.11	0.01	26	47086	买盘
14:40:42	18.1	--	1	1810	卖盘
14:40:33	18.1	0.01	48	86880	买盘
14:40:30	18.09	--	8	14472	买盘
14:40:21	18.09	0.01	2	3618	买盘
14:40:09	18.08	0.01	6	10847	买盘
14:40:03	18.07	0.01	30	54210	中性盘
14:39:45	18.06	-0.04	16	28895	卖盘
14:39:33	18.1	0.04	5	9050	买盘
14:39:27	18.06	--	4	7223	卖盘
14:39:12	18.06	--	2	3611	卖盘
14:39:03	18.06	--	9	16253	买盘
14:39:00	18.06	--	10	18060	买盘
14:38:51	18.06	-0.06	7	12642	卖盘
14:38:45	18.12	--	2	3624	卖盘
14:38:42	18.12	0.01	8	14496	买盘
14:38:36	18.11	-0.02	2	3622	卖盘
14:38:24	18.13	--	2	3626	卖盘
14:38:15	18.13	--	30	54390	卖盘
14:38:09	18.13	--	71	128723	卖盘
14:38:06	18.13	--	1	1813	卖盘
14:38:03	18.13	0.01	67	121471	买盘
14:38:00	18.12	--	8	14496	卖盘
14:37:57	18.12	--	12	21744	卖盘
14:37:51	18.12	-0.01	16	28992	中性盘
14:37:45	18.13	0.02	10	18130	买盘
14:37:39	18.11	-0.01	4	7244	卖盘
14:37:36	18.12	-0.01	1	1812	卖盘
14:37:24	18.13	--	3	5439	卖盘
14:37:18	18.13	0.02	67	121471	买盘
14:37:15	18.11	-0.01	129	233619	卖盘
14:37:12	18.12	--	9	16308	卖盘
14:37:06	18.12	0.01	103	186636	买盘
14:36:48	18.11	--	21	38031	卖盘
14:36:42	18.11	--	74	134014	卖盘
14:36:39	18.11	--	32	57952	卖盘
14:36:36	18.11	--	10	18110	卖盘
14:36:33	18.11	--	81	146691	卖盘
14:36:27	18.11	0.01	73	132203	买盘
14:36:12	18.1	--	38	68780	卖盘
14:36:09	18.1	--	20	36200	卖盘
14:35:54	18.1	0.02	194	351140	买盘
14:35:48	18.08	-0.01	16	28927	卖盘
14:35:36	18.09	--	25	45225	买盘
14:35:27	18.09	0.02	2	3618	买盘
14:35:09	18.07	0.02	15	27105	买盘
14:35:00	18.05	--	5	9025	卖盘
14:34:57	18.05	0.05	141	254505	买盘
14:34:54	18.0	-0.05	5	9000	卖盘
14:34:48	18.05	--	30	54150	买盘
14:34:33	18.05	--	29	52345	买盘
14:34:24	18.05	--	3	5415	买盘
14:34:18	18.05	0.02	4	7220	买盘
14:34:15	18.03	--	24	43272	卖盘
14:34:12	18.03	0.01	54	97362	买盘
14:34:06	18.02	--	120	216240	卖盘
14:34:00	18.02	0.02	98	176596	买盘
14:33:51	18.0	-0.01	30	54000	卖盘
14:33:48	18.01	--	7	12607	卖盘
14:33:45	18.01	-0.01	4	7204	卖盘
14:33:42	18.02	0.01	39	70278	买盘
14:33:36	18.01	0.01	29	52229	买盘
14:33:24	18.0	-0.01	18	32400	卖盘
14:33:06	18.01	--	7	12607	买盘
14:33:00	18.01	--	106	190906	买盘
14:32:57	18.01	--	8	14408	买盘
14:32:48	18.01	0.01	30	54030	买盘
14:32:45	18.0	--	270	486000	买盘
14:32:42	18.0	--	5	9000	买盘
14:32:33	18.0	--	33	59400	买盘
14:32:30	18.0	--	10	18000	买盘
14:32:15	18.0	0.01	2	3600	买盘
14:32:09	17.99	--	20	35980	卖盘
14:32:03	17.99	--	10	17990	卖盘
14:31:51	17.99	-0.01	11	19789	卖盘
14:31:39	18.0	-0.01	20	36000	卖盘
14:31:36	18.01	0.01	153	275553	买盘
14:31:21	18.0	-0.01	10	18000	卖盘
14:31:12	18.01	--	33	59433	买盘
14:31:03	18.01	-0.01	115	207115	卖盘
14:30:48	18.02	--	3	5406	卖盘
14:30:39	18.02	-0.01	7	12614	卖盘
14:30:21	18.03	-0.02	68	122604	卖盘
14:30:15	18.05	--	7	12635	买盘
14:30:09	18.05	--	121	218405	卖盘
14:30:06	18.05	--	16	28880	卖盘
14:30:00	18.05	--	13	23465	卖盘
14:29:57	18.05	--	43	77615	卖盘
14:29:51	18.05	--	10	18050	卖盘
14:29:45	18.05	--	150	270750	卖盘
14:29:39	18.05	--	45	81225	卖盘
14:29:36	18.05	--	4	7220	卖盘
14:29:33	18.05	-0.02	10	18050	卖盘
14:29:12	18.07	0.02	4	7228	买盘
14:29:09	18.05	-0.02	1	1805	卖盘
14:29:06	18.07	--	4	7228	买盘
14:28:57	18.07	--	13	23491	卖盘
14:28:33	18.07	0.02	2	3614	买盘
14:28:27	18.05	-0.02	20	36100	卖盘
14:28:21	18.07	--	10	18070	买盘
14:27:30	18.07	0.02	10	18070	买盘
14:27:24	18.05	-0.02	16	28880	卖盘
14:27:12	18.07	--	8	14456	卖盘
14:27:03	18.07	-0.02	12	21684	卖盘
14:27:00	18.09	0.03	127	229743	买盘
14:26:57	18.06	-0.01	14	25284	卖盘
14:26:54	18.07	--	13	23491	卖盘
14:26:51	18.07	--	2	3614	买盘
14:26:39	18.07	--	1	1807	卖盘
14:26:18	18.07	0.01	3	5421	买盘
14:26:09	18.06	-0.01	6	10836	卖盘
14:26:00	18.07	0.01	6	10842	买盘
14:25:48	18.06	-0.01	16	28895	卖盘
14:25:39	18.07	--	1	1807	卖盘
14:25:21	18.07	-0.03	16	28912	卖盘
14:25:15	18.1	--	1	1810	买盘
14:25:06	18.1	--	5	9050	买盘
14:24:15	18.1	--	19	34390	买盘
14:23:54	18.1	--	5	9050	卖盘
14:23:51	18.1	--	1	1810	买盘
14:23:45	18.1	0.04	50	90500	买盘
14:23:36	18.06	-0.04	1	1805	卖盘
14:23:15	18.1	--	3	5430	卖盘
14:23:12	18.1	--	7	12670	买盘
14:23:00	18.1	-0.02	11	19910	中性盘
14:22:45	18.12	0.02	42	76104	买盘
14:22:33	18.1	0.04	8	14480	买盘
14:22:21	18.06	--	2	3611	卖盘
14:22:09	18.06	--	28	50568	卖盘
14:22:06	18.06	-0.03	3	5418	卖盘
14:21:45	18.09	-0.01	14	25326	卖盘
14:21:36	18.1	--	22	39820	卖盘
14:21:30	18.1	--	26	47060	买盘
14:21:24	18.1	--	18	32580	卖盘
14:21:09	18.1	-0.01	2	3620	卖盘
14:21:00	18.11	0.01	1	1811	中性盘
14:20:54	18.1	--	1	1810	卖盘
14:20:42	18.1	--	13	23530	买盘
14:20:39	18.1	--	9	16290	买盘
14:20:21	18.1	-0.02	4	7240	卖盘
14:20:03	18.12	0.02	50	90600	买盘
14:20:00	18.1	--	3	5430	买盘
14:19:57	18.1	--	20	36200	买盘
14:19:42	18.1	0.01	4	7240	买盘
14:19:33	18.09	0.01	3	5427	卖盘
14:19:30	18.08	--	6	10847	卖盘
14:19:27	18.08	-0.01	74	133792	中性盘
14:19:03	18.09	0.01	7	12663	买盘
14:18:54	18.08	0.01	11	19887	买盘
14:18:51	18.07	--	1	1807	买盘
14:18:45	18.07	--	2	3614	卖盘
14:18:33	18.07	-0.01	15	27105	卖盘
14:18:27	18.08	0.01	6	10847	买盘
14:18:09	18.07	--	18	32526	买盘
14:18:03	18.07	0.01	1	1807	买盘
14:18:00	18.06	-0.01	3	5418	卖盘
14:17:51	18.07	0.01	4	7228	买盘
14:17:42	18.06	0.01	17	30990	买盘
14:17:39	18.05	-0.01	2	3610	卖盘
14:17:24	18.06	--	5	9030	买盘
14:17:12	18.06	0.01	2	3611	买盘
14:16:51	18.05	--	29	52345	买盘
14:16:06	18.05	-0.01	15	27075	卖盘
14:15:39	18.06	-0.01	34	62921	卖盘
14:15:36	18.07	--	5	9035	买盘
14:15:12	18.07	--	2	3614	买盘
14:14:57	18.07	0.01	1	1807	买盘
14:14:48	18.06	--	3	5418	卖盘
14:14:45	18.06	--	10	18060	卖盘
14:14:42	18.06	0.01	65	117678	买盘
14:14:39	18.05	0.02	50	90250	买盘
14:14:33	18.03	-0.01	2	3606	中性盘
14:14:24	18.04	-0.01	1	1804	中性盘
14:14:18	18.05	0.02	13	23465	买盘
14:13:48	18.03	--	3	5409	卖盘
14:13:39	18.03	-0.02	10	18030	卖盘
14:13:33	18.05	0.02	1	1805	买盘
14:13:27	18.03	-0.02	10	18030	卖盘
14:13:24	18.05	0.02	20	36100	买盘
14:13:12	18.03	--	30	54090	买盘
14:13:03	18.03	-0.02	10	18030	卖盘
14:12:54	18.05	0.02	5	9025	买盘
14:12:45	18.03	--	70	126210	卖盘
14:12:36	18.03	--	2	3606	卖盘
14:12:33	18.03	-0.02	10	18030	卖盘
14:12:30	18.05	0.03	10	18050	买盘
14:12:21	18.02	--	30	54060	卖盘
14:12:12	18.02	--	27	48654	卖盘
14:12:03	18.02	--	4	7208	买盘
14:12:00	18.02	--	4	7208	卖盘
14:11:48	18.02	--	6	10812	买盘
14:11:39	18.02	--	22	39644	卖盘
14:11:33	18.02	--	7	12614	买盘
14:11:27	18.02	0.02	8	14416	买盘
14:11:24	18.0	-0.02	170	306000	卖盘
14:11:18	18.02	--	12	21624	买盘
14:11:15	18.02	0.01	5	9010	买盘
14:11:12	18.01	--	25	45025	卖盘
14:11:09	18.01	-0.01	5	9005	卖盘
14:11:03	18.02	-0.01	83	149566	卖盘
14:10:57	18.03	--	22	39666	买盘
14:10:54	18.03	--	2	3606	买盘
14:10:51	18.03	-0.02	22	39666	卖盘
14:10:33	18.05	--	2	3610	买盘
14:10:24	18.05	-0.01	1698	3064890	卖盘
14:10:18	18.06	-0.01	15	27089	卖盘
14:10:15	18.07	0.01	2	3614	买盘
14:10:09	18.06	-0.01	6	10836	卖盘
14:09:42	18.07	--	7	12649	买盘
14:09:33	18.07	--	15	27105	买盘
14:09:30	18.07	-0.01	16	28912	卖盘
14:09:21	18.08	--	10	18080	买盘
14:09:03	18.08	--	5	9040	买盘
14:09:00	18.08	--	4	7231	买盘
14:08:42	18.08	--	10	18080	买盘
14:08:39	18.08	--	23	41583	卖盘
14:08:36	18.08	--	7	12655	卖盘
14:08:30	18.08	--	15	27119	卖盘
14:08:21	18.08	--	20	36160	买盘
14:08:18	18.08	0.02	7	12655	买盘
14:08:15	18.06	-0.02	50	90300	卖盘
14:08:03	18.08	0.02	1	1807	买盘
14:08:00	18.06	--	5	9030	买盘
14:07:57	18.06	--	6	10836	买盘
14:07:51	18.06	--	5	9030	买盘
14:07:45	18.06	--	30	54179	买盘
14:07:24	18.06	--	11	19866	买盘
14:07:21	18.06	--	16	28895	买盘
14:07:15	18.06	--	20	36120	买盘
14:07:03	18.06	--	9	16253	买盘
14:07:00	18.06	--	10	18060	买盘
14:06:57	18.06	--	15	27089	买盘
14:06:54	18.06	--	18	32507	买盘
14:06:48	18.06	--	2	3611	买盘
14:06:45	18.06	--	18	32507	买盘
14:06:42	18.06	--	10	18060	买盘
14:06:36	18.06	--	6	10836	买盘
14:06:33	18.06	--	5	9030	买盘
14:06:30	18.06	--	62	111971	买盘
14:06:21	18.06	--	11	19866	买盘
14:06:18	18.06	--	2	3611	买盘
14:06:06	18.06	--	20	36120	买盘
14:06:03	18.06	0.01	5	9030	买盘
14:06:00	18.05	-0.01	1	1805	卖盘
14:05:48	18.06	--	10	18060	买盘
14:05:45	18.06	0.01	10	18060	买盘
14:05:42	18.05	--	6	10830	卖盘
14:05:30	18.05	-0.01	35	63175	卖盘
14:05:24	18.06	0.01	5	9030	买盘
14:05:15	18.05	-0.01	1	1805	卖盘
14:04:54	18.06	--	3	5418	买盘
14:04:51	18.06	--	3	5418	买盘
14:04:45	18.06	-0.01	677	1222662	卖盘
14:04:39	18.07	-0.01	2	3614	卖盘
14:04:15	18.08	--	5	9040	买盘
14:04:03	18.08	0.01	2	3615	中性盘
14:03:57	18.07	-0.01	100	180700	卖盘
14:03:45	18.08	--	17	30735	卖盘
14:03:33	18.08	--	2	3615	卖盘
14:03:21	18.08	-0.01	5	9040	卖盘
14:03:12	18.09	--	5	9045	买盘
14:03:03	18.09	--	7	12663	买盘
14:02:54	18.09	--	3	5427	买盘
14:02:45	18.09	--	53	95877	卖盘
14:02:27	18.09	-0.01	10	18090	卖盘
14:02:24	18.1	--	23	41630	买盘
14:02:21	18.1	--	49	88690	卖盘
14:02:18	18.1	--	10	18100	卖盘
14:01:57	18.1	-0.02	30	54300	卖盘
14:01:51	18.12	0.02	8	14496	买盘
14:01:48	18.1	-0.02	22	39820	卖盘
14:01:45	18.12	--	5	9060	买盘
14:01:33	18.12	--	2	3624	卖盘
14:01:21	18.12	--	2	3624	卖盘
14:01:18	18.12	0.01	15	27180	买盘
14:01:12	18.11	-0.01	16	28976	卖盘
14:01:09	18.12	--	5	9060	买盘
14:01:00	18.12	0.01	6	10872	买盘
14:00:51	18.11	-0.01	38	68818	卖盘
14:00:42	18.12	--	45	81540	买盘
14:00:36	18.12	--	10	18120	买盘
14:00:30	18.12	0.01	1	1812	买盘
14:00:09	18.11	-0.01	22	39842	中性盘
13:59:39	18.12	--	6	10872	买盘
13:59:33	18.12	--	5	9060	买盘
13:59:21	18.12	0.02	3	5436	买盘
13:59:09	18.1	0.01	8	14480	中性盘
13:58:57	18.09	-0.01	30	54270	卖盘
13:58:54	18.1	--	61	110410	买盘
13:58:51	18.1	0.01	47	85070	买盘
13:58:45	18.09	-0.01	20	36180	卖盘
13:58:39	18.1	0.01	4	7240	买盘
13:58:33	18.09	-0.01	1	1809	卖盘
13:58:21	18.1	--	40	72400	买盘
13:58:18	18.1	--	52	94120	买盘
13:58:09	18.1	--	2	3620	买盘
13:58:00	18.1	--	63	114030	买盘
13:57:54	18.1	--	1	1810	买盘
13:57:39	18.1	0.01	23	41630	买盘
13:57:21	18.09	--	2	3618	买盘
13:57:18	18.09	-0.01	3	5427	卖盘
13:57:15	18.1	0.01	9	16290	买盘
13:57:09	18.09	-0.01	1	1809	卖盘
13:57:03	18.1	--	10	18100	买盘
13:56:48	18.1	--	4	7240	买盘
13:56:45	18.1	0.01	7	12670	买盘
13:56:33	18.09	-0.01	16	28944	卖盘
13:56:27	18.1	0.02	1	1810	买盘
13:55:57	18.08	-0.01	3	5423	卖盘
13:55:51	18.09	--	6	10854	买盘
13:55:33	18.09	--	10	18090	中性盘
13:54:54	18.09	--	1	1809	卖盘
13:54:48	18.09	--	4	7236	买盘
13:54:33	18.09	--	6	10854	买盘
13:54:21	18.09	--	5	9045	卖盘
13:54:12	18.09	--	4	7236	卖盘
13:54:06	18.09	-0.01	11	19899	卖盘
13:53:51	18.1	--	21	38010	卖盘
13:53:42	18.1	--	20	36200	买盘
13:53:30	18.1	--	2	3620	买盘
13:53:18	18.1	--	5	9050	买盘
13:53:09	18.1	0.02	10	18100	买盘
13:52:57	18.08	-0.01	16	28927	卖盘
13:52:48	18.09	--	2	3618	买盘
13:52:45	18.09	--	1	1809	卖盘
13:52:27	18.09	0.01	30	54270	中性盘
13:51:30	18.08	-0.01	20	36160	卖盘
13:51:21	18.09	0.01	19	34371	买盘
13:51:18	18.08	--	31	56047	卖盘
13:50:57	18.08	-0.01	5	9040	卖盘
13:50:51	18.09	--	2	3618	买盘
13:50:45	18.09	--	65	117585	买盘
13:50:33	18.09	--	2	3618	卖盘
13:50:09	18.09	--	7	12663	卖盘
13:50:06	18.09	--	2	3618	卖盘
13:50:03	18.09	-0.01	6	10854	卖盘
13:49:48	18.1	--	36	65160	买盘
13:49:36	18.1	--	56	102084	卖盘
13:49:30	18.1	--	8	15294	卖盘
13:49:21	18.1	-0.01	45	81450	卖盘
13:49:12	18.11	--	1	1811	买盘
13:49:00	18.11	--	6	10866	买盘
13:48:39	18.11	--	4	7244	买盘
13:48:36	18.11	--	24	44550	卖盘
13:48:27	18.11	--	1	1811	卖盘
13:48:24	18.11	--	1	1811	卖盘
13:48:12	18.11	--	12	22456	买盘
13:47:54	18.11	--	7	12677	买盘
13:47:33	18.11	0.01	8	14488	买盘
13:47:30	18.1	-0.01	12	21720	卖盘
13:47:15	18.11	--	5	10141	卖盘
13:47:12	18.11	--	29	53243	买盘
13:47:09	18.11	--	50	90550	买盘
13:47:06	18.11	--	6	10866	买盘
13:47:03	18.11	--	30	55489	卖盘
13:47:00	18.11	--	0	235	卖盘
13:46:57	18.11	--	1	2897	卖盘
13:46:54	18.11	0.01	14	26494	买盘
13:46:48	18.1	--	0	18	卖盘
13:46:45	18.1	--	0	72	卖盘
13:46:42	18.1	--	0	796	卖盘
13:46:39	18.1	--	1	1810	卖盘
13:46:30	18.1	--	0	36	卖盘
13:46:27	18.1	--	0	90	卖盘
13:46:24	18.1	--	0	1067	卖盘
13:46:21	18.1	-0.01	1	1810	卖盘
13:46:18	18.11	--	2	3622	卖盘
13:46:06	18.11	--	1	1811	卖盘
13:46:03	18.11	--	3	5433	卖盘
13:45:54	18.11	--	1	1811	卖盘
13:45:48	18.11	--	11	19921	卖盘
13:45:45	18.11	--	16	28976	卖盘
13:45:42	18.11	-0.01	2	3622	卖盘
13:45:27	18.12	0.01	10	18120	买盘
13:45:24	18.11	--	10	18110	卖盘
13:45:12	18.11	--	5	9055	买盘
13:45:09	18.11	--	11	19921	买盘
13:45:06	18.11	-0.01	8	14488	卖盘
13:44:57	18.12	0.01	11	19932	买盘
13:44:45	18.11	-0.01	10	18110	卖盘
13:44:39	18.12	0.01	20	36240	买盘
13:44:27	18.11	0.02	6	10866	中性盘
13:43:54	18.09	-0.03	20	36180	卖盘
13:43:51	18.12	0.03	1	1812	买盘
13:43:30	18.09	-0.03	6	10854	卖盘
13:43:21	18.12	--	10	18120	买盘
13:42:48	18.12	0.04	7	12684	买盘
13:42:24	18.08	-0.01	17	30735	卖盘
13:42:09	18.09	-0.03	14	25326	卖盘
13:42:03	18.12	0.02	2	3624	中性盘
13:41:45	18.1	-0.02	6	10860	卖盘
13:41:06	18.12	--	2	3624	卖盘
13:41:03	18.12	--	11	19932	买盘
13:40:36	18.12	0.02	10	18120	买盘
13:40:30	18.1	-0.02	6	10860	卖盘
13:40:21	18.12	0.01	33	59796	买盘
13:40:18	18.11	-0.01	10	18110	卖盘
13:40:12	18.12	0.01	19	34428	买盘
13:40:03	18.11	--	29	52519	卖盘
13:40:00	18.11	--	16	28976	卖盘
13:39:36	18.11	--	5	9055	卖盘
13:39:30	18.11	--	1	1811	卖盘
13:39:24	18.11	-0.01	20	36220	卖盘
13:39:15	18.12	--	9	16308	买盘
13:39:00	18.12	0.01	20	36240	买盘
13:38:36	18.11	0.01	24	43464	买盘
13:38:33	18.1	--	16	28960	卖盘
13:38:15	18.1	0.03	48	86880	买盘
13:38:00	18.07	--	2	3614	卖盘
13:37:57	18.07	0.02	7	13371	买盘
13:37:54	18.05	-0.02	6	10830	卖盘
13:37:51	18.07	0.04	8	14456	买盘
13:37:42	18.03	0.01	19	34257	中性盘
13:37:33	18.02	-0.02	200	360400	卖盘
13:37:27	18.04	-0.01	31	55924	卖盘
13:37:24	18.05	--	4	7220	买盘
13:37:21	18.05	--	23	41515	买盘
13:37:15	18.05	-0.05	100	180500	卖盘
13:37:09	18.1	0.03	1	1810	买盘
13:37:03	18.07	--	4	7228	卖盘
13:37:00	18.07	--	20	36140	卖盘
13:36:57	18.07	--	1	1807	卖盘
13:36:51	18.07	--	20	36140	卖盘
13:36:42	18.07	--	2	3614	卖盘
13:36:33	18.07	-0.03	36	65052	卖盘
13:36:21	18.1	--	1	1810	卖盘
13:36:15	18.1	--	50	90500	卖盘
13:36:09	18.1	--	27	48870	卖盘
13:36:03	18.1	--	7	12670	卖盘
13:35:48	18.1	--	10	18100	卖盘
13:35:45	18.1	--	11	19910	卖盘
13:35:18	18.1	--	10	18100	卖盘
13:35:15	18.1	-0.01	11	19910	卖盘
13:35:03	18.11	--	4	7244	卖盘
13:35:00	18.11	--	3	5433	卖盘
13:34:57	18.11	--	16	28976	卖盘
13:34:48	18.11	0.01	1	1811	中性盘
13:34:45	18.1	--	5	9050	卖盘
13:34:36	18.1	--	30	54300	卖盘
13:34:27	18.1	--	5	9050	卖盘
13:34:24	18.1	-0.02	50	90500	卖盘
13:34:21	18.12	0.01	20	36240	买盘
13:34:09	18.11	-0.01	16	30062	卖盘
13:34:00	18.12	0.01	10	18120	买盘
13:33:57	18.11	-0.01	1	1811	卖盘
13:33:42	18.12	0.01	5	9060	买盘
13:33:36	18.11	-0.01	1	1811	卖盘
13:33:21	18.12	--	1	1812	买盘
13:33:15	18.12	0.01	4	7248	买盘
13:33:06	18.11	--	21	38031	卖盘
13:33:03	18.11	--	2	3622	卖盘
13:32:45	18.11	--	10	18110	卖盘
13:32:42	18.11	--	5	9779	卖盘
13:32:33	18.11	--	13	23543	卖盘
13:32:30	18.11	-0.01	8	14488	卖盘
13:32:12	18.12	--	8	14496	买盘
13:32:03	18.12	--	3	5436	买盘
13:31:21	18.12	-0.01	5	9331	卖盘
13:31:03	18.13	--	1	1813	买盘
13:30:48	18.13	--	5	9065	卖盘
13:30:39	18.13	0.01	15	27195	卖盘
13:30:33	18.12	-0.01	56	101472	卖盘
13:30:21	18.13	--	6	10878	卖盘
13:29:54	18.13	--	40	72520	卖盘
13:29:39	18.13	--	1	1813	卖盘
13:29:33	18.13	--	20	36260	卖盘
13:29:27	18.13	--	64	116032	卖盘
13:29:21	18.13	--	2	3626	卖盘
13:29:18	18.13	--	60	108780	卖盘
13:29:06	18.13	--	18	32634	卖盘
13:28:51	18.13	-0.01	7	14232	卖盘
13:28:48	18.14	0.01	1	1814	买盘
13:28:45	18.13	-0.01	5	9065	卖盘
13:28:39	18.14	--	3	5442	买盘
13:28:24	18.14	0.01	66	119724	买盘
13:28:21	18.13	--	1	1813	卖盘
13:28:09	18.13	--	4	7252	卖盘
13:28:03	18.13	--	37	67081	卖盘
13:27:45	18.13	--	25	45325	卖盘
13:27:21	18.13	--	18	32634	卖盘
13:27:12	18.13	--	5	9065	卖盘
13:26:57	18.13	--	30	54390	卖盘
13:26:54	18.13	-0.01	17	30821	卖盘
13:26:42	18.14	--	5	9070	卖盘
13:26:39	18.14	-0.01	60	108840	卖盘
13:26:30	18.15	--	21	38115	卖盘
13:26:27	18.15	--	5	9075	卖盘
13:26:21	18.15	-0.01	59	107084	卖盘
13:26:15	18.16	-0.01	140	254240	卖盘
13:26:12	18.17	--	20	36340	买盘
13:26:09	18.17	--	2	3634	买盘
13:26:03	18.17	--	52	94484	卖盘
13:26:00	18.17	-0.01	30	54510	卖盘
13:25:57	18.18	0.01	8	14544	买盘
13:25:54	18.17	-0.01	10	18170	卖盘
13:25:39	18.18	--	14	25452	买盘
13:25:30	18.18	--	5	9090	买盘
13:25:27	18.18	--	2	3636	买盘
13:25:24	18.18	0.01	3	5454	买盘
13:25:18	18.17	--	10	18170	卖盘
13:25:12	18.17	--	134	243478	买盘
13:25:03	18.17	--	4	7268	买盘
13:25:00	18.17	0.01	6	10902	买盘
13:24:57	18.16	-0.01	15	27240	卖盘
13:24:54	18.17	0.01	5	9085	买盘
13:24:27	18.16	-0.01	15	27240	卖盘
13:24:15	18.17	0.01	12	21804	买盘
13:24:09	18.16	--	17	30872	卖盘
13:24:06	18.16	--	23	41768	买盘
13:23:54	18.16	0.01	50	90800	买盘
13:23:51	18.15	--	5	9075	卖盘
13:23:48	18.15	--	10	18150	卖盘
13:23:39	18.15	--	8	14519	卖盘
13:23:18	18.15	--	1	1814	中性盘
13:23:09	18.15	--	20	36300	买盘
13:23:06	18.15	--	4	7259	买盘
13:23:00	18.15	--	38	68970	卖盘
13:22:45	18.15	--	5	9075	卖盘
13:22:33	18.15	--	8	14519	卖盘
13:22:24	18.15	--	3	5445	卖盘
13:21:45	18.15	--	10	18150	卖盘
13:21:36	18.15	-0.01	43	78045	卖盘
13:21:33	18.16	0.01	30	54480	买盘
13:21:15	18.15	--	45	81675	买盘
13:21:12	18.15	--	5	9075	卖盘
13:20:57	18.15	--	17	30854	卖盘
13:20:51	18.15	--	24	43560	买盘
13:20:36	18.15	0.01	4	7259	买盘
13:20:33	18.14	-0.02	14	25396	卖盘
13:20:30	18.16	--	31	56296	买盘
13:20:27	18.16	0.01	14	25424	买盘
13:20:21	18.15	--	15	27224	卖盘
13:20:15	18.15	--	5	9075	卖盘
13:20:09	18.15	--	20	36300	卖盘
13:19:39	18.15	--	30	54449	买盘
13:19:36	18.15	--	1	1814	买盘
13:19:24	18.15	--	1	1814	买盘
13:19:21	18.15	--	1	1814	买盘
13:19:06	18.15	0.01	3	5445	买盘
13:18:36	18.14	0.01	2	3628	买盘
13:18:27	18.13	-0.01	17	30821	卖盘
13:18:15	18.14	--	12	21768	买盘
13:18:12	18.14	--	3	5442	买盘
13:18:06	18.14	--	15	27210	买盘
13:17:57	18.14	--	2	3628	买盘
13:17:48	18.14	--	5	9070	买盘
13:17:45	18.14	--	9	16326	卖盘
13:17:06	18.14	--	2	3628	买盘
13:17:03	18.14	--	3	5442	买盘
13:17:00	18.14	--	10	18140	买盘
13:16:57	18.14	-0.01	2	3628	卖盘
13:16:45	18.15	0.02	20	36300	买盘
13:16:15	18.13	--	10	18130	卖盘
13:16:12	18.13	--	6	10878	卖盘
13:15:57	18.13	--	10	18130	卖盘
13:15:45	18.13	-0.02	2	3626	卖盘
13:15:39	18.15	0.02	1	1814	买盘
13:15:27	18.13	-0.02	10	18130	卖盘
13:15:12	18.15	--	2	3629	买盘
13:15:00	18.15	--	6	10890	买盘
13:14:42	18.15	--	19	34485	买盘
13:14:30	18.15	--	18	32669	买盘
13:14:27	18.15	--	1	1814	买盘
13:14:06	18.15	-0.01	10	18150	买盘
13:13:54	18.16	0.01	52	94432	买盘
13:13:45	18.15	-0.01	2	3629	卖盘
13:13:42	18.16	--	2	3632	买盘
13:13:39	18.16	--	12	21792	卖盘
13:13:21	18.16	--	70	127120	买盘
13:13:06	18.16	0.01	6	10896	买盘
13:12:54	18.15	-0.01	6	10890	卖盘
13:12:45	18.16	--	6	10896	买盘
13:12:39	18.16	0.01	10	18160	买盘
13:12:30	18.15	--	49	88935	买盘
13:12:12	18.15	-0.01	1	1814	卖盘
13:12:06	18.16	--	10	18160	买盘
13:12:03	18.16	--	35	63560	卖盘
13:11:51	18.16	--	17	30872	买盘
13:11:45	18.16	--	10	18160	买盘
13:11:42	18.16	0.01	6	10896	买盘
13:11:27	18.15	--	1	1814	卖盘
13:11:24	18.15	0.04	276	500939	买盘
13:11:21	18.11	--	12	21732	买盘
13:11:15	18.11	0.01	44	79684	买盘
13:10:51	18.1	--	54	97740	买盘
13:10:48	18.1	0.01	10	18100	买盘
13:10:45	18.09	-0.01	7	12663	卖盘
13:10:36	18.1	--	10	18100	买盘
13:10:18	18.1	-0.01	45	81450	卖盘
13:10:09	18.11	0.01	3	5433	买盘
13:09:51	18.1	-0.01	5	9050	卖盘
13:09:45	18.11	-0.02	9	16299	卖盘
13:09:39	18.13	-0.01	35	63455	卖盘
13:09:33	18.14	--	3	5442	买盘
13:09:30	18.14	-0.01	5	9070	卖盘
13:09:15	18.15	-0.01	8	14519	卖盘
13:09:00	18.16	--	12	21792	卖盘
13:08:57	18.16	-0.01	4	7264	卖盘
13:08:51	18.17	--	6	10902	买盘
13:08:48	18.17	0.01	8	14536	买盘
13:08:42	18.16	-0.02	5	9080	卖盘
13:08:21	18.18	--	5	9090	买盘
13:08:18	18.18	0.01	20	36360	买盘
13:08:15	18.17	-0.01	5	9085	卖盘
13:08:00	18.18	--	5	9090	卖盘
13:07:57	18.18	--	37	67266	卖盘
13:07:51	18.18	--	2	3636	卖盘
13:07:45	18.18	--	2	3636	卖盘
13:07:39	18.18	-0.01	1	1818	卖盘
13:07:30	18.19	--	4	7276	买盘
13:07:24	18.19	--	20	36380	买盘
13:07:18	18.19	--	3	5457	买盘
13:07:09	18.19	--	1	1819	买盘
13:06:54	18.19	-0.01	94	170986	卖盘
13:06:51	18.2	0.01	20	36400	买盘
13:06:42	18.19	--	40	72760	卖盘
13:06:39	18.19	0.01	18	32742	买盘
13:06:27	18.18	-0.01	8	14544	卖盘
13:06:24	18.19	--	82	149158	卖盘
13:06:21	18.19	-0.01	17	30923	卖盘
13:06:18	18.2	--	26	47320	买盘
13:06:12	18.2	--	18	32760	买盘
13:06:09	18.2	0.01	22	40040	买盘
13:06:06	18.19	-0.01	21	38199	卖盘
13:06:03	18.2	--	5	9100	买盘
13:05:51	18.2	--	4	7280	买盘
13:05:48	18.2	--	109	198380	卖盘
13:05:45	18.2	--	18	32760	卖盘
13:05:39	18.2	--	6	10920	卖盘
13:05:36	18.2	0.01	304	553280	买盘
13:05:27	18.19	--	100	181900	卖盘
13:05:24	18.19	--	17	30923	卖盘
13:05:18	18.19	--	1	1819	卖盘
13:05:15	18.19	0.01	142	258298	买盘
13:05:12	18.18	-0.01	2	3636	卖盘
13:05:03	18.19	--	6	10914	买盘
13:05:00	18.19	--	23	41837	卖盘
13:04:57	18.19	--	2	3638	中性盘
13:04:54	18.19	--	1	1819	卖盘
13:04:51	18.19	--	9	16371	买盘
13:04:48	18.19	--	5	9095	买盘
13:04:36	18.19	0.02	36	65484	买盘
13:04:30	18.17	--	1	1817	买盘
13:04:27	18.17	--	4	7268	卖盘
13:04:24	18.17	0.01	69	125373	买盘
13:04:21	18.16	--	5	9080	卖盘
13:04:06	18.16	-0.01	7	12712	卖盘
13:04:03	18.17	0.01	1	1817	买盘
13:03:57	18.16	--	10	18160	卖盘
13:03:48	18.16	--	1	1816	卖盘
13:03:45	18.16	0.01	1	1816	中性盘
13:03:39	18.15	-0.01	100	181500	卖盘
13:03:36	18.16	--	20	36320	买盘
13:03:33	18.16	--	15	27240	买盘
13:03:30	18.16	--	1	1816	买盘
13:03:27	18.16	-0.01	6	10896	卖盘
13:03:24	18.17	--	3	5451	买盘
13:03:15	18.17	--	2	3634	买盘
13:03:12	18.17	0.02	11	19987	买盘
13:02:45	18.15	--	1	1814	卖盘
13:02:36	18.15	0.01	31	56264	买盘
13:02:33	18.14	--	10	18140	卖盘
13:02:21	18.14	--	121	219494	买盘
13:02:03	18.14	--	70	126980	卖盘
13:02:00	18.14	-0.01	1	1814	卖盘
13:01:48	18.15	--	50	90750	卖盘
13:01:39	18.15	--	32	58079	卖盘
13:01:36	18.15	-0.02	4	7259	卖盘
13:01:30	18.17	--	47	85399	买盘
13:01:24	18.17	--	5	9085	买盘
13:01:15	18.17	0.02	3	5451	买盘
13:01:09	18.15	-0.02	5	9075	卖盘
13:01:00	18.17	--	1	1817	买盘
13:00:54	18.17	0.03	24	43608	中性盘
13:00:42	18.14	--	4	7256	卖盘
13:00:39	18.14	-0.04	23	41722	卖盘
13:00:21	18.18	-0.01	5	9090	中性盘
13:00:12	18.19	--	72	130968	买盘
13:00:09	18.19	--	50	90950	买盘
13:00:06	18.19	--	81	147339	买盘
13:00:03	18.19	-0.01	638	1160522	中性盘
13:00:00	18.2	--	0	0	买盘
11:30:00	18.2	--	0	0	买盘
11:29:51	18.2	0.18	1901	3459820	买盘
11:29:39	18.02	--	2	3604	买盘
11:29:12	18.02	0.02	20	36040	买盘
11:29:09	18.0	--	66	118800	卖盘
11:28:57	18.0	-0.01	18	32400	卖盘
11:28:33	18.01	--	1	1801	卖盘
11:27:57	18.01	-0.01	2	3602	卖盘
11:27:36	18.02	--	3	5406	买盘
11:27:24	18.02	--	14	25228	买盘
11:26:57	18.02	--	5	9010	卖盘
11:26:30	18.02	0.02	10	18020	买盘
11:26:03	18.0	--	1	1800	卖盘
11:26:00	18.0	--	15	27000	买盘
11:25:27	18.0	--	2	3600	买盘
11:25:24	18.0	--	1	1800	买盘
11:25:21	18.0	--	54	97200	卖盘
11:24:48	18.0	0.01	31	55800	买盘
11:24:03	17.99	--	2	3597	卖盘
11:24:00	17.99	--	5	8995	卖盘
11:23:45	17.99	0.02	19	34181	买盘
11:23:21	17.97	--	19	34143	中性盘
11:23:00	17.97	-0.02	20	35940	中性盘
11:22:45	17.99	0.03	30	53969	买盘
11:22:39	17.96	-0.03	94	168824	卖盘
11:22:24	17.99	0.03	6	10793	买盘
11:22:06	17.96	-0.03	3	5388	卖盘
11:22:03	17.99	0.03	4	7195	买盘
11:21:48	17.96	-0.01	35	62860	卖盘
11:21:45	17.97	--	17	30548	卖盘
11:21:39	17.97	-0.03	5	8985	卖盘
11:21:03	18.0	--	9	16200	买盘
11:21:00	18.0	--	12	21600	卖盘
11:20:57	18.0	-0.01	2	3600	卖盘
11:20:45	18.01	--	53	95453	买盘
11:20:39	18.01	--	50	90050	买盘
11:20:30	18.01	-0.02	64	116218	卖盘
11:20:27	18.03	--	96	173935	卖盘
11:20:21	18.03	--	5	9015	卖盘
11:20:15	18.03	--	5	9015	卖盘
11:20:03	18.03	--	4	7212	卖盘
11:20:00	18.03	0.02	27	48681	买盘
11:19:57	18.01	--	5	9005	卖盘
11:19:51	18.01	--	10	18010	卖盘
11:19:48	18.01	--	10	18010	卖盘
11:19:42	18.01	0.01	11	19811	买盘
11:19:36	18.0	--	50	90000	卖盘
11:19:21	18.0	-0.01	10	18000	卖盘
11:18:57	18.01	-0.02	10	18010	卖盘
11:18:54	18.03	--	10	18030	买盘
11:18:42	18.03	--	1	1803	卖盘
11:18:30	18.03	--	9	16227	卖盘
11:18:24	18.03	--	5	9015	买盘
11:18:12	18.03	0.01	5	9015	买盘
11:18:09	18.02	-0.01	13	23426	卖盘
11:18:06	18.03	0.01	6	10818	买盘
11:18:03	18.02	-0.02	20	36040	卖盘
11:17:36	18.04	0.02	22	39688	买盘
11:17:30	18.02	--	5	9010	卖盘
11:17:09	18.02	-0.03	1	1802	卖盘
11:16:45	18.05	-0.01	1	1805	中性盘
11:16:06	18.06	--	10	18060	买盘
11:15:51	18.06	0.01	16	28895	买盘
11:15:42	18.05	--	15	27075	买盘
11:15:36	18.05	0.03	3	5415	买盘
11:15:30	18.02	--	1	1802	卖盘
11:15:15	18.02	0.02	2	3604	买盘
11:14:54	18.0	0.01	50	90000	买盘
11:14:33	17.99	-0.01	15	26984	卖盘
11:14:18	18.0	--	10	18000	买盘
11:14:15	18.0	--	5	9000	买盘
11:14:09	18.0	0.01	7	12600	买盘
11:13:48	17.99	--	6	10793	买盘
11:13:06	17.99	--	18	32381	买盘
11:12:57	17.99	0.01	1	1798	买盘
11:12:48	17.98	--	1	1798	卖盘
11:12:33	17.98	--	9	16182	买盘
11:12:18	17.98	0.01	1	1798	买盘
11:12:09	17.97	0.01	53	95241	买盘
11:11:48	17.96	0.01	17	30532	买盘
11:11:45	17.95	-0.01	20	35900	卖盘
11:11:42	17.96	--	1	1796	买盘
11:11:36	17.96	0.01	3	5388	买盘
11:11:18	17.95	0.01	31	55645	买盘
11:11:06	17.94	--	6	10764	买盘
11:11:03	17.94	--	4	7176	买盘
11:10:57	17.94	-0.01	5	8970	中性盘
11:10:30	17.95	0.01	10	17950	买盘
11:10:24	17.94	--	4	7176	卖盘
11:10:18	17.94	--	2	3588	卖盘
11:10:15	17.94	--	10	17940	卖盘
11:10:12	17.94	0.01	24	43056	买盘
11:10:06	17.93	-0.01	6	10758	卖盘
11:10:03	17.94	--	8	14352	买盘
11:10:00	17.94	-0.01	20	35880	中性盘
11:09:30	17.95	-0.01	5	8975	卖盘
11:09:24	17.96	--	14	25144	买盘
11:09:21	17.96	--	5	8980	买盘
11:08:48	17.96	--	13	23348	卖盘
11:08:42	17.96	--	1	1796	卖盘
11:08:39	17.96	0.01	6	10776	买盘
11:08:36	17.95	-0.01	3	5385	卖盘
11:08:30	17.96	--	2	3592	卖盘
11:08:27	17.96	0.01	6	10776	买盘
11:08:24	17.95	--	3	5385	卖盘
11:08:21	17.95	-0.01	20	35900	卖盘
11:08:15	17.96	0.01	8	14368	买盘
11:07:39	17.95	-0.01	9	16155	卖盘
11:07:36	17.96	--	1	1796	买盘
11:07:33	17.96	0.01	1	1796	买盘
11:07:30	17.95	--	22	39490	卖盘
11:07:21	17.95	--	15	26925	卖盘
11:07:18	17.95	-0.01	5	8975	卖盘
11:07:09	17.96	--	10	17960	买盘
11:07:06	17.96	0.01	2	3592	买盘
11:06:57	17.95	--	10	17950	卖盘
11:06:45	17.95	--	2	3590	卖盘
11:06:39	17.95	--	4	7180	卖盘
11:06:21	17.95	--	2	3590	买盘
11:06:12	17.95	--	22	39490	卖盘
11:05:54	17.95	--	24	43080	卖盘
11:05:45	17.95	--	15	26925	卖盘
11:05:42	17.95	-0.01	28	50260	卖盘
11:05:36	17.96	0.01	1	1796	买盘
11:05:33	17.95	--	22	39490	卖盘
11:05:27	17.95	-0.01	46	82570	卖盘
11:05:18	17.96	--	2	3592	买盘
11:05:15	17.96	--	43	77228	卖盘
11:05:09	17.96	0.01	2	3592	中性盘
11:05:06	17.95	-0.02	100	179500	卖盘
11:05:03	17.97	0.01	45	80865	买盘
11:04:51	17.96	--	8	14368	卖盘
11:04:48	17.96	-0.01	3	5388	卖盘
11:04:42	17.97	0.02	9	16172	买盘
11:04:27	17.95	--	1	1795	卖盘
11:04:06	17.95	-0.02	5	8975	卖盘
11:03:45	17.97	0.02	4	7188	买盘
11:03:18	17.95	0.01	10	17950	卖盘
11:03:12	17.94	--	4	7176	买盘
11:02:57	17.94	0.01	90	161460	买盘
11:02:48	17.93	-0.05	22	39446	卖盘
11:02:18	17.98	--	43	77314	卖盘
11:01:54	17.98	-0.01	4	7192	卖盘
11:01:48	17.99	-0.01	28	50371	卖盘
11:01:21	18.0	0.01	55	99000	买盘
11:01:06	17.99	--	18	32381	卖盘
11:01:00	17.99	--	10	17990	卖盘
11:00:54	17.99	--	35	62964	卖盘
11:00:36	17.99	--	22	39578	卖盘
11:00:24	17.99	-0.01	5	8995	卖盘
11:00:21	18.0	0.01	6	10800	买盘
11:00:06	17.99	-0.01	20	35980	卖盘
11:00:03	18.0	--	10	18000	买盘
10:59:57	18.0	--	10	18000	买盘
10:59:48	18.0	--	1	1800	买盘
10:59:30	18.0	--	5	9000	买盘
10:59:15	18.0	--	1	1800	买盘
10:59:06	18.0	--	19	34200	买盘
10:58:42	18.0	--	5	9000	买盘
10:58:33	18.0	--	40	72000	买盘
10:58:18	18.0	--	10	18000	买盘
10:57:57	18.0	0.01	1	1800	买盘
10:57:36	17.99	-0.01	2	3597	卖盘
10:57:27	18.0	0.01	20	36000	买盘
10:57:18	17.99	--	3	5396	买盘
10:57:12	17.99	-0.01	15	26984	卖盘
10:57:09	18.0	--	1	1800	买盘
10:57:03	18.0	--	5	9000	买盘
10:56:57	18.0	0.01	10	18000	买盘
10:56:39	17.99	--	65	116934	卖盘
10:56:33	17.99	--	6	10793	卖盘
10:56:30	17.99	0.01	17	30582	买盘
10:55:51	17.98	-0.01	23	41354	卖盘
10:55:09	17.99	-0.01	5	8995	卖盘
10:54:48	18.0	--	10	18000	买盘
10:54:33	18.0	--	1	1800	买盘
10:53:48	18.0	--	2	3600	买盘
10:53:33	18.0	--	11	19800	买盘
10:53:24	18.0	--	1	1800	买盘
10:53:12	18.0	--	33	59400	卖盘
10:53:09	18.0	-0.01	9	16200	卖盘
10:53:03	18.01	0.01	6	10806	买盘
10:52:54	18.0	0.01	64	115200	买盘
10:52:51	17.99	0.01	5	8995	买盘
10:52:27	17.98	--	3	5394	买盘
10:52:24	17.98	--	3	5394	买盘
10:52:18	17.98	0.01	5	8990	买盘
10:52:03	17.97	0.02	2	3594	买盘
10:51:51	17.95	--	24	43080	卖盘
10:51:42	17.95	0.02	21	37695	买盘
10:51:36	17.93	--	2	3586	买盘
10:51:30	17.93	--	4	7172	买盘
10:51:21	17.93	-0.02	8	14344	卖盘
10:51:18	17.95	0.01	20	35900	买盘
10:51:09	17.94	0.01	5	8970	买盘
10:51:03	17.93	--	7	12551	买盘
10:50:45	17.93	--	1	1793	卖盘
10:50:42	17.93	--	9	16137	买盘
10:50:33	17.93	0.01	10	17930	买盘
10:50:30	17.92	-0.01	1	1792	卖盘
10:50:15	17.93	-0.01	6	10758	卖盘
10:50:03	17.94	0.01	1	1794	买盘
10:50:00	17.93	-0.01	10	17930	卖盘
10:49:54	17.94	--	5	8970	买盘
10:49:51	17.94	--	1	1794	中性盘
10:49:42	17.94	--	1	1794	买盘
10:49:36	17.94	-0.01	61	109434	卖盘
10:49:30	17.95	0.01	24	43080	买盘
10:49:27	17.94	-0.01	24	43056	卖盘
10:49:18	17.95	--	9	16155	卖盘
10:49:00	17.95	--	2	3590	卖盘
10:48:51	17.95	-0.01	9	16155	买盘
10:48:36	17.96	0.01	11	19756	卖盘
10:48:33	17.95	0.01	40	71800	中性盘
10:48:15	17.94	--	1	1794	卖盘
10:47:48	17.94	-0.04	17	30498	卖盘
10:47:45	17.98	0.04	2	3596	买盘
10:47:36	17.94	-0.04	2	3588	卖盘
10:47:30	17.98	0.04	28	50344	买盘
10:47:21	17.94	-0.04	20	35880	卖盘
10:47:06	17.98	--	43	77314	卖盘
10:46:57	17.98	--	2	3596	卖盘
10:46:45	17.98	-0.01	34	61132	卖盘
10:46:33	17.99	--	24	43175	卖盘
10:46:30	17.99	--	7	12592	卖盘
10:46:27	17.99	--	2	3597	卖盘
10:46:21	17.99	-0.01	9	16190	卖盘
10:46:18	18.0	0.01	36	64800	买盘
10:46:03	17.99	--	8	14391	卖盘
10:46:00	17.99	-0.01	20	35980	卖盘
10:45:48	18.0	--	22	39600	买盘
10:45:42	18.0	-0.01	93	167400	卖盘
10:45:33	18.01	--	31	56137	卖盘
10:45:09	18.01	0.01	4	8698	买盘
10:45:06	18.0	-0.01	1	1800	卖盘
10:45:00	18.01	0.01	7	12607	买盘
10:44:36	18.0	0.01	10	18000	中性盘
10:44:24	17.99	--	3	5396	卖盘
10:44:06	17.99	--	20	35980	卖盘
10:44:03	17.99	-0.01	3	5396	卖盘
10:44:00	18.0	--	8	14400	买盘
10:43:57	18.0	0.01	16	28800	买盘
10:43:42	17.99	--	17	30582	卖盘
10:43:36	17.99	--	7	12592	买盘
10:43:27	17.99	--	20	35980	买盘
10:43:06	17.99	--	4	7195	买盘
10:42:36	17.99	--	10	17990	买盘
10:42:33	17.99	0.01	10	17990	买盘
10:42:30	17.98	--	5	8990	卖盘
10:42:27	17.98	-0.01	20	35960	卖盘
10:42:18	17.99	--	2	3597	买盘
10:42:12	17.99	-0.01	2	3597	中性盘
10:42:09	18.0	0.01	10	18000	买盘
10:42:06	17.99	--	8	14391	卖盘
10:41:42	17.99	-0.02	10	17990	卖盘
10:41:33	18.01	0.02	4	7204	买盘
10:41:30	17.99	-0.02	20	35980	卖盘
10:41:18	18.01	0.01	4	7204	买盘
10:41:09	18.0	--	3	6786	卖盘
10:41:06	18.0	0.01	96	173214	买盘
10:40:57	17.99	-0.01	10	17990	中性盘
10:40:45	18.0	0.02	100	180000	买盘
10:40:36	17.98	-0.01	10	17980	卖盘
10:40:33	17.99	--	7	12592	买盘
10:40:27	17.99	0.01	13	23386	卖盘
10:40:21	17.98	--	3	5394	卖盘
10:40:03	17.98	-0.01	17	30566	卖盘
10:40:00	17.99	--	20	35980	买盘
10:39:57	17.99	0.01	3	5396	买盘
10:39:54	17.98	-0.01	3	5394	卖盘
10:39:39	17.99	--	14	25185	买盘
10:39:36	17.99	--	7	12592	买盘
10:39:24	17.99	0.01	5	8995	买盘
10:38:54	17.98	--	9	16182	买盘
10:38:48	17.98	0.05	5	8990	买盘
10:38:45	17.93	-0.05	17	30481	卖盘
10:38:42	17.98	0.05	5	8990	买盘
10:38:33	17.93	--	3	5379	卖盘
10:38:30	17.93	-0.06	15	26895	卖盘
10:38:27	17.99	0.09	6	10793	买盘
10:38:15	17.9	-0.1	100	179000	卖盘
10:38:00	18.0	0.09	1	1800	买盘
10:37:57	17.91	-0.09	100	179100	卖盘
10:37:51	18.0	-0.01	27	48600	卖盘
10:37:36	18.01	0.02	2	3602	买盘
10:37:33	17.99	--	20	35980	卖盘
10:37:09	17.99	-0.02	171	307629	卖盘
10:37:03	18.01	--	2	3602	卖盘
10:36:57	18.01	0.13	65	117065	买盘
10:36:51	17.88	-0.12	100	178800	卖盘
10:36:45	18.0	0.01	7	12600	买盘
10:36:39	17.99	--	2	3597	卖盘
10:36:36	17.99	0.09	40	71960	买盘
10:36:33	17.9	--	50	89500	卖盘
10:36:27	17.9	-0.05	97	173630	卖盘
10:36:18	17.95	--	3	5385	买盘
10:36:12	17.95	0.05	110	197450	买盘
10:36:06	17.9	--	58	103819	买盘
10:36:03	17.9	--	20	35800	买盘
10:36:00	17.9	0.04	3	5370	买盘
10:35:57	17.86	-0.04	110	196460	卖盘
10:35:54	17.9	--	13	23269	买盘
10:35:51	17.9	-0.05	16	28639	卖盘
10:35:48	17.95	0.02	176	315920	买盘
10:35:45	17.93	--	3	5379	卖盘
10:35:42	17.93	--	13	23309	买盘
10:35:36	17.93	--	9	16137	买盘
10:35:33	17.93	--	10	17930	买盘
10:35:27	17.93	--	10	17930	买盘
10:35:21	17.93	--	7	12551	买盘
10:35:18	17.93	0.03	34	60962	买盘
10:35:15	17.9	-0.05	159	284610	卖盘
10:35:12	17.95	--	66	118470	买盘
10:35:03	17.95	--	5	8975	买盘
10:35:00	17.95	--	2	3590	买盘
10:34:54	17.95	-0.05	44	78980	卖盘
10:34:51	18.0	-0.01	4	7200	卖盘
10:34:48	18.01	0.01	10	18010	买盘
10:34:45	18.0	--	63	113400	卖盘
10:34:39	18.0	-0.01	308	554400	卖盘
10:34:30	18.01	--	29	52229	卖盘
10:34:21	18.01	0.01	6	10806	中性盘
10:34:06	18.0	-0.01	302	543600	卖盘
10:34:03	18.01	-0.06	120	216120	卖盘
10:34:00	18.07	--	50	90350	卖盘
10:33:57	18.07	--	21	37947	卖盘
10:33:51	18.07	--	63	113841	卖盘
10:33:45	18.07	0.06	36	65052	买盘
10:33:33	18.01	-0.03	100	180100	卖盘
10:33:27	18.04	--	32	57728	卖盘
10:33:24	18.04	--	20	36080	卖盘
10:33:18	18.04	0.01	5	9020	中性盘
10:33:09	18.03	-0.05	100	180300	卖盘
10:33:06	18.08	--	20	36160	买盘
10:33:03	18.08	--	15	28837	卖盘
10:32:54	18.08	--	5	9040	卖盘
10:32:51	18.08	-0.01	23	41583	卖盘
10:32:48	18.09	-0.03	20	36180	中性盘
10:32:45	18.12	0.04	30	54360	买盘
10:32:36	18.08	--	3	5423	卖盘
10:32:27	18.08	--	19	34442	买盘
10:32:21	18.08	--	175	316399	卖盘
10:32:18	18.08	--	10	18080	卖盘
10:32:09	18.08	--	25	45199	买盘
10:31:54	18.08	--	3	5423	买盘
10:31:39	18.08	0.05	2	3615	买盘
10:31:36	18.03	-0.03	100	180300	卖盘
10:31:33	18.06	-0.02	1	1805	卖盘
10:31:18	18.08	--	15	27119	卖盘
10:31:15	18.08	0.05	4	7231	买盘
10:31:00	18.03	-0.05	400	721200	卖盘
10:30:57	18.08	--	1	1807	买盘
10:30:54	18.08	--	5	9040	中性盘
10:30:42	18.08	-0.06	20	36160	卖盘
10:30:39	18.14	0.08	1	1814	买盘
10:30:36	18.06	-0.08	100	180600	卖盘
10:30:30	18.14	0.06	5	9070	买盘
10:30:21	18.08	-0.07	16	28927	卖盘
10:30:09	18.15	--	15	27224	买盘
10:29:57	18.15	--	5	10472	卖盘
10:29:54	18.15	--	200	363000	卖盘
10:29:51	18.15	--	35	63524	卖盘
10:29:48	18.15	0.12	782	1419747	买盘
10:29:42	18.03	-0.01	233	420099	卖盘
10:29:39	18.04	-0.01	157	283228	卖盘
10:29:30	18.05	-0.05	11	19855	卖盘
10:29:27	18.1	0.02	42	76020	买盘
10:29:21	18.08	0.03	4	7231	中性盘
10:29:15	18.05	-0.03	190	342950	卖盘
10:29:03	18.08	--	5	9040	卖盘
10:28:57	18.08	-0.02	17	30735	卖盘
10:28:54	18.1	0.02	10	18100	买盘
10:28:51	18.08	--	5	9040	中性盘
10:28:33	18.08	-0.05	4	7231	卖盘
10:28:24	18.13	-0.02	5	9065	中性盘
10:28:06	18.15	0.01	110	199649	买盘
10:28:00	18.14	-0.01	19	34466	中性盘
10:27:54	18.15	--	141	255914	卖盘
10:27:51	18.15	--	1	1814	卖盘
10:27:45	18.15	--	5	9075	卖盘
10:27:42	18.15	-0.01	10	18150	卖盘
10:27:39	18.16	0.01	10	18160	买盘
10:27:33	18.15	--	10	18150	卖盘
10:27:30	18.15	--	20	36300	卖盘
10:27:27	18.15	--	11	19965	卖盘
10:27:24	18.15	0.07	797	1446555	买盘
10:27:21	18.08	--	70	126559	买盘
10:27:18	18.08	0.02	23	41583	买盘
10:27:15	18.06	-0.02	5	9030	卖盘
10:27:00	18.08	-0.03	175	316399	卖盘
10:26:57	18.11	--	10	18110	买盘
10:26:48	18.11	-0.04	6	10866	中性盘
10:26:21	18.15	0.04	251	455564	买盘
10:26:18	18.11	-0.04	3	5433	中性盘
10:26:12	18.15	--	147	266805	买盘
10:26:09	18.15	--	20	36300	买盘
10:25:57	18.15	0.07	280	508199	买盘
10:25:51	18.08	-0.03	4	7231	卖盘
10:25:45	18.11	--	16	28976	买盘
10:25:30	18.11	--	2	3622	买盘
10:25:27	18.11	--	24	43464	买盘
10:25:24	18.11	--	13	23543	买盘
10:25:21	18.11	-0.04	149	269839	卖盘
10:25:18	18.15	-0.01	8	14519	卖盘
10:25:15	18.16	0.01	2	3632	买盘
10:25:12	18.15	--	5	9075	卖盘
10:25:09	18.15	--	5	9075	卖盘
10:25:03	18.15	--	13	23594	卖盘
10:25:00	18.15	--	19	34485	卖盘
10:24:54	18.15	0.02	74	134310	买盘
10:24:51	18.13	0.07	96	174048	买盘
10:24:48	18.06	-0.04	20	36120	卖盘
10:24:45	18.1	--	11	19910	卖盘
10:24:42	18.1	0.02	114	206340	买盘
10:24:36	18.08	0.02	3	5423	中性盘
10:24:27	18.06	-0.02	105	189630	卖盘
10:24:24	18.08	--	15	27119	卖盘
10:24:18	18.08	--	15	27119	卖盘
10:24:12	18.08	--	17	30735	卖盘
10:24:06	18.08	--	10	18080	卖盘
10:24:03	18.08	0.01	35	63279	买盘
10:24:00	18.07	-0.01	16	28912	卖盘
10:23:57	18.08	--	3	5423	买盘
10:23:45	18.08	-0.03	77	139216	卖盘
10:23:42	18.11	-0.01	8	14488	中性盘
10:23:36	18.12	--	34	61608	买盘
10:23:33	18.12	0.02	50	90600	买盘
10:23:30	18.1	-0.01	30	54300	卖盘
10:23:27	18.11	0.01	2	3622	中性盘
10:23:21	18.1	-0.03	43	77830	卖盘
10:23:18	18.13	0.01	26	47138	买盘
10:23:12	18.12	-0.01	2	3624	卖盘
10:23:09	18.13	0.01	65	117845	买盘
10:23:06	18.12	--	20	36240	买盘
10:23:00	18.12	-0.01	141	255492	卖盘
10:22:57	18.13	-0.01	13	23569	卖盘
10:22:54	18.14	0.01	14	25396	买盘
10:22:51	18.13	--	15	27195	卖盘
10:22:48	18.13	--	3	5439	卖盘
10:22:45	18.13	--	5	9065	卖盘
10:22:42	18.13	-0.01	4	7252	卖盘
10:22:39	18.14	-0.01	30	54420	中性盘
10:22:36	18.15	0.02	112	203279	买盘
10:22:30	18.13	-0.02	79	143227	卖盘
10:22:27	18.15	-0.01	89	161535	买盘
10:22:24	18.16	--	86	156176	买盘
10:22:21	18.16	0.01	16	29056	买盘
10:22:18	18.15	-0.01	11	19965	卖盘
10:22:15	18.16	0.01	2	3632	中性盘
10:22:12	18.15	--	20	36300	卖盘
10:22:09	18.15	-0.03	410	744149	卖盘
10:22:06	18.18	0.01	177	321786	买盘
10:22:03	18.17	--	16	29072	买盘
10:22:00	18.17	-0.01	60	109020	卖盘
10:21:57	18.18	--	12	21816	买盘
10:21:54	18.18	0.01	11	19998	买盘
10:21:51	18.17	0.01	27	49059	卖盘
10:21:48	18.16	0.01	38	69008	买盘
10:21:45	18.15	--	29	52634	买盘
10:21:42	18.15	0.01	25	45375	买盘
10:21:39	18.14	--	23	41722	买盘
10:21:36	18.14	--	6	10884	买盘
10:21:33	18.14	-0.01	1	1814	买盘
10:21:30	18.15	0.01	52	94379	买盘
10:21:27	18.14	0.02	26	47164	买盘
10:21:24	18.12	--	2	3624	卖盘
10:21:21	18.12	--	58	105096	买盘
10:21:18	18.12	--	10	18120	买盘
10:21:15	18.12	--	22	39864	买盘
10:21:09	18.12	--	1	1812	卖盘
10:21:06	18.12	-0.03	15	27180	卖盘
10:21:03	18.15	--	20	36300	买盘
10:21:00	18.15	0.03	25	45375	买盘
10:20:54	18.12	--	13	23556	买盘
10:20:51	18.12	--	1	1812	买盘
10:20:48	18.12	--	14	25368	买盘
10:20:45	18.12	0.01	52	94224	买盘
10:20:42	18.11	-0.01	13	23543	中性盘
10:20:39	18.12	--	12	21744	买盘
10:20:36	18.12	--	31	56172	卖盘
10:20:33	18.12	--	16	28992	卖盘
10:20:27	18.12	--	2	3624	卖盘
10:20:24	18.12	--	4	7248	卖盘
10:20:21	18.12	0.06	98	177576	买盘
10:20:18	18.06	--	5	9030	卖盘
10:20:15	18.06	-0.04	35	63209	中性盘
10:20:12	18.1	0.06	558	1009980	买盘
10:20:03	18.04	-0.02	30	54120	买盘
10:19:57	18.06	0.02	100	180600	买盘
10:19:48	18.04	--	5	9020	中性盘
10:19:45	18.04	--	45	81180	卖盘
10:19:42	18.04	-0.02	3	5412	卖盘
10:19:36	18.06	0.02	8	14447	买盘
10:19:30	18.04	--	3	5412	卖盘
10:19:24	18.04	-0.01	56	101024	卖盘
10:19:21	18.05	0.01	33	59565	买盘
10:19:18	18.04	--	37	66748	卖盘
10:19:12	18.04	0.01	49	88396	买盘
10:19:09	18.03	--	10	18030	买盘
10:19:06	18.03	--	3	5409	买盘
10:19:03	18.03	--	18	32454	买盘
10:19:00	18.03	0.01	11	19833	买盘
10:18:57	18.02	--	10	18020	卖盘
10:18:51	18.02	--	5	9010	卖盘
10:18:48	18.02	--	10	18020	卖盘
10:18:42	18.02	--	10	18020	卖盘
10:18:36	18.02	--	30	54060	卖盘
10:18:33	18.02	--	10	18020	卖盘
10:18:30	18.02	--	471	848742	买盘
10:18:27	18.02	0.01	2	3604	买盘
10:18:24	18.01	-0.01	90	162090	卖盘
10:18:21	18.02	--	23	41446	买盘
10:18:18	18.02	--	24	43248	买盘
10:18:15	18.02	--	58	104516	买盘
10:18:12	18.02	--	2	3604	买盘
10:18:09	18.02	--	2	3604	买盘
10:18:03	18.02	--	213	383826	卖盘
10:17:57	18.02	--	11	19822	卖盘
10:17:54	18.02	--	9	16218	卖盘
10:17:45	18.02	-0.01	22	39644	卖盘
10:17:42	18.03	0.01	23	41469	买盘
10:17:39	18.02	--	2	3604	卖盘
10:17:36	18.02	--	17	30634	卖盘
10:17:27	18.02	-0.01	55	99110	卖盘
10:17:24	18.03	0.01	15	27045	买盘
10:17:21	18.02	-0.01	28	50456	卖盘
10:17:18	18.03	0.01	20	36060	中性盘
10:17:12	18.02	-0.01	20	36040	卖盘
10:17:09	18.03	0.01	15	27045	买盘
10:17:06	18.02	-0.01	3	5406	卖盘
10:17:03	18.03	--	12	21636	买盘
10:17:00	18.03	--	39	70317	买盘
10:16:57	18.03	--	27	48681	买盘
10:16:51	18.03	--	10	18030	买盘
10:16:48	18.03	-0.01	23	41469	中性盘
10:16:45	18.04	--	36	64944	买盘
10:16:42	18.04	0.01	34	61336	买盘
10:16:39	18.03	-0.01	8	14424	卖盘
10:16:36	18.04	--	13	23452	买盘
10:16:33	18.04	0.01	11	19844	买盘
10:16:30	18.03	--	31	55893	卖盘
10:16:27	18.03	-0.01	26	46878	卖盘
10:16:24	18.04	--	11	19844	买盘
10:16:21	18.04	0.01	30	54120	买盘
10:16:15	18.03	-0.02	10	18030	卖盘
10:16:12	18.05	-0.01	40	72200	买盘
10:16:09	18.06	0.01	4	7223	买盘
10:16:06	18.05	0.03	29	52345	中性盘
10:16:03	18.02	-0.04	6	10812	卖盘
10:16:00	18.06	0.04	20	36120	买盘
10:15:57	18.02	-0.04	7	12614	卖盘
10:15:54	18.06	--	3	5418	买盘
10:15:51	18.06	--	28	50568	买盘
10:15:48	18.06	0.01	48	86688	买盘
10:15:45	18.05	-0.01	15	27075	买盘
10:15:36	18.06	--	30	54179	买盘
10:15:33	18.06	--	12	21672	买盘
10:15:30	18.06	0.01	56	101136	买盘
10:15:27	18.05	-0.01	3	5415	中性盘
10:15:18	18.06	0.06	321	579726	买盘
10:15:06	18.0	0.05	654	1177200	买盘
10:15:03	17.95	--	27	48465	卖盘
10:15:00	17.95	--	10	17950	卖盘
10:14:57	17.95	0.01	140	252143	买盘
10:14:54	17.94	--	2	3588	卖盘
10:14:51	17.94	-0.01	10	17940	中性盘
10:14:45	17.95	0.02	24	43080	买盘
10:14:42	17.93	--	231	414183	买盘
10:14:39	17.93	-0.01	28	50204	卖盘
10:14:36	17.94	--	25	44850	卖盘
10:14:33	17.94	--	17	30498	卖盘
10:14:30	17.94	--	3	5382	卖盘
10:14:24	17.94	--	5	8970	卖盘
10:14:21	17.94	0.01	92	165048	买盘
10:14:15	17.93	--	6	10758	卖盘
10:14:12	17.93	0.03	141	252813	买盘
10:14:06	17.9	0.01	143	255969	买盘
10:14:00	17.89	--	2	3578	买盘
10:13:54	17.89	-0.01	8	14312	卖盘
10:13:51	17.9	0.01	2	3579	买盘
10:13:48	17.89	-0.01	11	19679	卖盘
10:13:45	17.9	--	8	14319	买盘
10:13:42	17.9	--	6	10740	买盘
10:13:36	17.9	-0.05	67	119929	卖盘
10:13:33	17.95	0.01	86	154370	买盘
10:13:30	17.94	--	10	17940	卖盘
10:13:27	17.94	-0.01	41	73554	卖盘
10:13:24	17.95	--	21	37695	买盘
10:13:21	17.95	--	25	44875	卖盘
10:13:18	17.95	0.01	12	21540	买盘
10:13:15	17.94	--	21	37674	卖盘
10:13:12	17.94	-0.01	30	53820	卖盘
10:13:09	17.95	0.01	2	3590	买盘
10:13:03	17.94	-0.01	110	197340	卖盘
10:13:00	17.95	--	7	12565	买盘
10:12:57	17.95	0.01	40	71800	中性盘
10:12:48	17.94	-0.01	259	464646	卖盘
10:12:45	17.95	--	2	3590	卖盘
10:12:42	17.95	0.01	12	21540	买盘
10:12:39	17.94	-0.01	134	240396	卖盘
10:12:36	17.95	--	8	14360	买盘
10:12:33	17.95	--	1	1795	买盘
10:12:30	17.95	--	3	5385	买盘
10:12:27	17.95	-0.05	21	37695	卖盘
10:12:21	18.0	--	6	10800	买盘
10:12:18	18.0	0.11	32	57600	买盘
10:12:15	17.89	-0.11	114	203946	卖盘
10:12:12	18.0	0.08	1010	1818000	买盘
10:12:09	17.92	0.02	5	8960	买盘
10:12:06	17.9	-0.04	33	59069	卖盘
10:12:03	17.94	--	16	28704	卖盘
10:12:00	17.94	--	16	28704	卖盘
10:11:57	17.94	--	117	209898	买盘
10:11:54	17.94	0.04	30	53820	买盘
10:11:51	17.9	-0.04	137	245229	卖盘
10:11:48	17.94	--	7	12558	买盘
10:11:45	17.94	0.02	10	17940	买盘
10:11:42	17.92	-0.02	6	10752	卖盘
10:11:39	17.94	0.04	49	87906	买盘
10:11:36	17.9	-0.03	100	179000	卖盘
10:11:33	17.93	0.03	23	41239	买盘
10:11:24	17.9	--	5	8950	卖盘
10:11:21	17.9	0.01	32	57279	买盘
10:11:18	17.89	-0.01	5	8945	卖盘
10:11:12	17.9	--	50	89500	买盘
10:11:09	17.9	0.01	3	5370	买盘
10:11:06	17.89	--	11	19679	卖盘
10:11:00	17.89	0.01	33	59037	买盘
10:10:51	17.88	--	31	55428	买盘
10:10:48	17.88	--	6	10728	买盘
10:10:45	17.88	0.01	3	5364	买盘
10:10:42	17.87	-0.01	13	23231	卖盘
10:10:39	17.88	0.01	32	57216	买盘
10:10:33	17.87	--	15	26805	买盘
10:10:30	17.87	--	2	3574	买盘
10:10:21	17.87	0.01	5	8935	买盘
10:10:09	17.86	--	18	32148	买盘
10:10:06	17.86	--	3	5358	买盘
10:10:00	17.86	--	23	41078	买盘
10:09:57	17.86	0.01	21	37506	买盘
10:09:45	17.85	0.06	464	828240	买盘
10:09:39	17.79	-0.05	1	1779	卖盘
10:09:27	17.84	0.01	200	356800	买盘
10:09:24	17.83	-0.01	3	5348	卖盘
10:09:21	17.84	0.01	9	16056	买盘
10:09:18	17.83	--	3	5348	买盘
10:09:12	17.83	-0.01	13	23178	买盘
10:09:09	17.84	0.01	9	16056	买盘
10:09:06	17.83	--	23	41008	卖盘
10:09:03	17.83	-0.01	55	98064	卖盘
10:09:00	17.84	--	5	8920	买盘
10:08:57	17.84	0.01	3	5352	买盘
10:08:39	17.83	0.03	225	401174	买盘
10:08:36	17.8	-0.01	10	17800	卖盘
10:08:33	17.81	--	5	8905	买盘
10:08:30	17.81	--	6	10686	买盘
10:08:24	17.81	--	31	55210	买盘
10:08:18	17.81	-0.02	7	12467	中性盘
10:08:09	17.83	0.03	98	174733	买盘
10:08:06	17.8	--	16	28480	买盘
10:08:00	17.8	--	27	48060	买盘
10:07:45	17.8	-0.03	10	17800	中性盘
10:07:36	17.83	--	235	419004	买盘
10:07:30	17.83	--	20	35660	买盘
10:07:27	17.83	--	6	10697	买盘
10:07:24	17.83	--	10	17830	买盘
10:07:21	17.83	-0.02	175	312024	卖盘
10:07:18	17.85	--	75	133875	买盘
10:07:15	17.85	0.01	6	10710	买盘
10:07:09	17.84	--	25	44600	卖盘
10:07:03	17.84	0.01	30	53520	买盘
10:07:00	17.83	--	20	35660	卖盘
10:06:54	17.83	--	25	44574	买盘
10:06:51	17.83	0.03	5	8915	买盘
10:06:39	17.8	0.01	197	350660	买盘
10:06:36	17.79	-0.01	49	88291	卖盘
10:06:33	17.8	0.01	50	89000	买盘
10:06:27	17.79	0.01	3	5337	买盘
10:06:21	17.78	-0.01	8	14224	卖盘
10:06:18	17.79	0.01	50	88950	买盘
10:06:15	17.78	--	33	58674	卖盘
10:06:12	17.78	--	7	12446	买盘
10:06:09	17.78	--	10	17780	买盘
10:06:03	17.78	--	30	53340	买盘
10:06:00	17.78	0.01	1	1778	买盘
10:05:51	17.77	--	6	10662	卖盘
10:05:42	17.77	--	13	23101	买盘
10:05:33	17.77	0.01	6	10662	买盘
10:05:24	17.76	0.01	8	14208	买盘
10:05:21	17.75	--	1	1775	卖盘
10:05:03	17.75	-0.01	5	8875	卖盘
10:04:51	17.76	--	33	58608	卖盘
10:04:42	17.76	--	15	26640	卖盘
10:04:30	17.76	-0.01	50	88800	卖盘
10:04:18	17.77	--	15	26655	买盘
10:04:12	17.77	-0.01	26	46202	买盘
10:04:03	17.78	-0.01	40	71120	卖盘
10:04:00	17.79	0.01	95	169005	买盘
10:03:57	17.78	--	59	104902	买盘
10:03:48	17.78	-0.01	25	44450	卖盘
10:03:42	17.79	0.03	2	3558	中性盘
10:03:33	17.76	-0.04	37	65712	卖盘
10:03:30	17.8	0.04	46	81880	买盘
10:03:18	17.76	0.01	11	19536	买盘
10:03:15	17.75	--	15	26625	卖盘
10:03:09	17.75	--	1	1775	卖盘
10:03:03	17.75	--	134	237850	买盘
10:03:00	17.75	0.01	10	17750	买盘
10:02:51	17.74	0.01	47	83377	买盘
10:02:45	17.73	0.01	33	58509	买盘
10:02:30	17.72	--	1	1772	买盘
10:02:21	17.72	0.01	17	30123	买盘
10:02:12	17.71	0.01	58	102718	买盘
10:01:54	17.7	--	12	21240	卖盘
10:01:48	17.7	--	2	3540	卖盘
10:01:39	17.7	0.02	29	51330	买盘
10:01:36	17.68	--	10	17680	卖盘
10:01:27	17.68	-0.01	10	17680	卖盘
10:01:09	17.69	--	10	17690	卖盘
10:01:06	17.69	--	50	88450	卖盘
10:01:00	17.69	-0.01	5	8845	卖盘
10:00:57	17.7	0.01	17	30090	买盘
10:00:42	17.69	0.01	41	72529	买盘
10:00:39	17.68	--	15	26520	卖盘
10:00:33	17.68	--	9	15912	卖盘
10:00:15	17.68	--	37	65416	买盘
10:00:03	17.68	--	20	35360	买盘
10:00:00	17.68	-0.01	10	17680	中性盘
09:59:45	17.69	--	3	5307	卖盘
09:59:42	17.69	-0.01	4	7076	卖盘
09:59:30	17.7	--	10	17700	买盘
09:59:27	17.7	-0.01	32	56640	卖盘
09:59:15	17.71	--	69	122199	卖盘
09:59:12	17.71	--	44	77924	卖盘
09:59:03	17.71	-0.01	2	3542	卖盘
09:58:48	17.72	0.01	10	17720	买盘
09:58:45	17.71	-0.01	20	35420	卖盘
09:58:24	17.72	--	2	3544	买盘
09:58:21	17.72	--	37	65564	卖盘
09:58:09	17.72	--	28	49616	买盘
09:58:06	17.72	0.01	10	17720	买盘
09:57:42	17.71	0.01	1	1771	买盘
09:57:39	17.7	--	3	5310	卖盘
09:57:24	17.7	--	14	24780	卖盘
09:57:18	17.7	--	21	37170	买盘
09:57:15	17.7	0.01	20	35400	买盘
09:57:09	17.69	--	10	17690	中性盘
09:56:57	17.69	0.01	62	109678	买盘
09:56:51	17.68	0.01	1	1768	买盘
09:56:48	17.67	--	8	14136	卖盘
09:56:33	17.67	--	9	15903	买盘
09:56:27	17.67	-0.03	1	1767	中性盘
09:56:03	17.7	0.05	4	7080	买盘
09:56:00	17.65	-0.03	167	294755	卖盘
09:55:57	17.68	0.01	54	95472	买盘
09:55:42	17.67	0.02	352	621984	买盘
09:55:24	17.65	0.01	15	26474	买盘
09:55:12	17.64	--	10	17640	卖盘
09:55:00	17.64	--	67	118188	卖盘
09:54:57	17.64	--	15	26460	买盘
09:54:54	17.64	--	15	26460	买盘
09:54:51	17.64	--	23	40572	卖盘
09:54:48	17.64	--	8	14112	卖盘
09:54:39	17.64	--	48	84672	卖盘
09:54:36	17.64	--	10	17640	卖盘
09:54:27	17.64	--	30	52920	卖盘
09:54:24	17.64	--	1	1764	卖盘
09:54:18	17.64	--	38	67032	卖盘
09:54:15	17.64	--	4	7056	卖盘
09:54:12	17.64	-0.01	10	17640	卖盘
09:54:09	17.65	0.01	5	8825	买盘
09:54:06	17.64	--	10	17640	卖盘
09:53:48	17.64	-0.01	13	22932	卖盘
09:53:42	17.65	0.01	1	1764	买盘
09:53:39	17.64	--	11	19404	卖盘
09:53:36	17.64	-0.02	20	35280	卖盘
09:53:33	17.66	0.01	30	52980	买盘
09:53:27	17.65	0.01	2	3529	买盘
09:53:21	17.64	--	10	17640	卖盘
09:53:18	17.64	--	55	97020	卖盘
09:53:12	17.64	-0.02	4	7056	卖盘
09:53:09	17.66	0.02	12	21192	买盘
09:53:06	17.64	--	50	88200	卖盘
09:53:03	17.64	--	1	1764	卖盘
09:52:54	17.64	--	50	88200	卖盘
09:52:48	17.64	--	19	33516	卖盘
09:52:39	17.64	-0.01	29	51156	卖盘
09:52:27	17.65	--	59	104134	买盘
09:52:18	17.65	-0.01	238	420069	卖盘
09:52:12	17.66	0.01	11	19426	买盘
09:52:09	17.65	--	2	3529	卖盘
09:52:06	17.65	-0.01	31	54714	卖盘
09:51:54	17.66	--	14	24724	买盘
09:51:21	17.66	-0.01	121	213686	卖盘
09:51:18	17.67	0.01	155	273885	买盘
09:51:15	17.66	-0.01	20	35320	卖盘
09:51:12	17.67	--	20	35340	买盘
09:51:00	17.67	-0.01	52	91884	中性盘
09:50:51	17.68	0.02	9	15912	买盘
09:50:36	17.66	-0.01	41	72406	卖盘
09:50:33	17.67	--	22	38874	买盘
09:50:30	17.67	0.01	2	3534	买盘
09:50:24	17.66	-0.01	20	35320	卖盘
09:50:18	17.67	--	4	7068	卖盘
09:50:15	17.67	--	8	14136	买盘
09:50:12	17.67	--	35	61845	买盘
09:50:00	17.67	--	5	8835	卖盘
09:49:42	17.67	--	2	3534	卖盘
09:49:39	17.67	0.01	6	10602	卖盘
09:49:30	17.66	--	2	3532	卖盘
09:49:24	17.66	--	7	12362	卖盘
09:49:21	17.66	--	12	21192	卖盘
09:49:15	17.66	-0.02	17	30022	卖盘
09:49:12	17.68	--	1	1768	买盘
09:49:00	17.68	--	2	3536	卖盘
09:48:57	17.68	-0.01	7	12376	卖盘
09:48:48	17.69	-0.01	12	21228	卖盘
09:48:33	17.7	--	16	28320	卖盘
09:48:30	17.7	-0.01	24	42480	卖盘
09:48:09	17.71	-0.01	33	58443	卖盘
09:47:57	17.72	0.01	1	1772	买盘
09:47:54	17.71	--	1	1771	卖盘
09:47:45	17.71	-0.03	15	26565	卖盘
09:47:42	17.74	0.04	11	19514	买盘
09:47:33	17.7	--	6	10620	卖盘
09:47:30	17.7	--	13	23010	卖盘
09:47:27	17.7	-0.01	30	53100	卖盘
09:47:21	17.71	--	2	3542	买盘
09:47:18	17.71	--	17	30107	买盘
09:47:15	17.71	--	12	21252	买盘
09:47:12	17.71	0.01	1	1771	卖盘
09:47:09	17.7	-0.01	29	51330	卖盘
09:47:06	17.71	0.01	11	19481	买盘
09:47:03	17.7	-0.01	30	53100	卖盘
09:47:00	17.71	--	4	7084	买盘
09:46:54	17.71	-0.01	69	122199	卖盘
09:46:48	17.72	0.01	1	1772	买盘
09:46:42	17.71	0.01	11	19481	买盘
09:46:39	17.7	--	5	8850	买盘
09:46:33	17.7	0.01	6	10620	买盘
09:46:30	17.69	--	7	12383	卖盘
09:46:24	17.69	--	26	45994	买盘
09:46:18	17.69	0.01	9	15921	买盘
09:46:15	17.68	-0.01	28	49504	卖盘
09:46:12	17.69	0.01	12	21228	买盘
09:46:03	17.68	--	1	1768	卖盘
09:46:00	17.68	--	30	53040	买盘
09:45:57	17.68	--	13	22984	买盘
09:45:54	17.68	--	12	21216	买盘
09:45:45	17.68	--	10	17680	买盘
09:45:36	17.68	0.02	22	38896	买盘
09:45:33	17.66	-0.01	5	8830	卖盘
09:45:30	17.67	-0.01	51	90117	卖盘
09:45:27	17.68	0.01	18	31824	买盘
09:45:21	17.67	--	15	26505	卖盘
09:45:09	17.67	0.01	3	5301	中性盘
09:45:06	17.66	-0.01	10	17660	卖盘
09:45:00	17.67	0.01	4	7068	买盘
09:44:51	17.66	-0.01	5	8830	卖盘
09:44:42	17.67	0.01	10	17670	买盘
09:44:39	17.66	-0.02	25	44150	卖盘
09:44:30	17.68	0.01	9	15912	买盘
09:44:12	17.67	0.01	20	35340	买盘
09:44:09	17.66	--	7	12362	卖盘
09:44:00	17.66	--	2	3532	买盘
09:43:57	17.66	0.02	2	3532	中性盘
09:43:48	17.64	0.02	5	8820	中性盘
09:43:39	17.62	-0.01	227	399974	卖盘
09:43:36	17.63	--	1	1763	买盘
09:43:33	17.63	--	3	5289	中性盘
09:43:30	17.63	0.01	5	8815	中性盘
09:43:27	17.62	-0.01	21	37002	卖盘
09:43:24	17.63	--	11	19393	买盘
09:43:21	17.63	--	14	24682	卖盘
09:43:15	17.63	0.01	30	52890	买盘
09:43:12	17.62	-0.01	1	1762	卖盘
09:43:06	17.63	-0.01	3	5289	卖盘
09:43:03	17.64	0.01	5	8820	买盘
09:43:00	17.63	-0.01	1	1763	卖盘
09:42:54	17.64	-0.01	15	26460	买盘
09:42:51	17.65	0.04	20	35300	中性盘
09:42:45	17.61	-0.07	991	1746189	卖盘
09:42:42	17.68	0.02	19	33592	买盘
09:42:30	17.66	0.01	2	3532	中性盘
09:42:27	17.65	-0.03	39	68835	卖盘
09:42:21	17.68	0.03	3	5304	买盘
09:42:12	17.65	--	24	42360	卖盘
09:42:09	17.65	-0.01	3	5295	卖盘
09:42:06	17.66	--	20	35320	买盘
09:42:03	17.66	-0.02	2	3532	中性盘
09:41:57	17.68	--	10	17680	买盘
09:41:54	17.68	0.02	217	383656	买盘
09:41:51	17.66	--	2	3532	买盘
09:41:48	17.66	-0.01	14	24724	卖盘
09:41:45	17.67	--	17	30039	卖盘
09:41:42	17.67	--	31	54777	卖盘
09:41:33	17.67	--	2	3534	卖盘
09:41:30	17.67	0.02	35	61845	买盘
09:41:27	17.65	-0.02	3	5295	卖盘
09:41:21	17.67	0.01	60	106020	买盘
09:41:18	17.66	-0.01	10	17660	卖盘
09:41:06	17.67	--	29	51243	卖盘
09:40:57	17.67	--	9	15903	卖盘
09:40:51	17.67	--	20	35340	买盘
09:40:39	17.67	--	10	17670	买盘
09:40:36	17.67	-0.02	20	35340	中性盘
09:40:27	17.69	0.03	36	63684	买盘
09:40:24	17.66	-0.03	3	5298	卖盘
09:40:21	17.69	0.01	4	7076	买盘
09:40:18	17.68	0.01	1	1768	卖盘
09:40:15	17.67	0.02	12	21204	买盘
09:40:12	17.65	-0.02	12	21180	卖盘
09:40:09	17.67	0.04	25	44175	买盘
09:40:06	17.63	-0.01	90	158670	卖盘
09:39:57	17.64	0.01	13	22932	中性盘
09:39:51	17.63	-0.01	95	167485	卖盘
09:39:48	17.64	--	1	1764	卖盘
09:39:45	17.64	0.01	6	10584	中性盘
09:39:33	17.63	-0.04	63	111069	卖盘
09:39:30	17.67	0.04	10	17670	买盘
09:39:24	17.63	--	11	19393	卖盘
09:39:18	17.63	--	30	52890	卖盘
09:39:15	17.63	0.01	24	42312	卖盘
09:39:12	17.62	-0.01	97	170914	卖盘
09:39:09	17.63	--	52	91676	买盘
09:39:06	17.63	0.01	20	35260	买盘
09:39:00	17.62	-0.01	20	35240	卖盘
09:38:54	17.63	--	6	10578	买盘
09:38:51	17.63	--	44	77572	买盘
09:38:48	17.63	--	132	232716	买盘
09:38:45	17.63	-0.04	21	37023	卖盘
09:38:42	17.67	0.03	10	17670	买盘
09:38:39	17.64	-0.03	22	38808	卖盘
09:38:30	17.67	0.03	30	53010	买盘
09:38:27	17.64	-0.03	12	21168	卖盘
09:38:21	17.67	0.04	25	44175	买盘
09:38:18	17.63	--	1	1763	卖盘
09:38:09	17.63	--	50	88150	卖盘
09:38:00	17.63	0.01	5	8815	卖盘
09:37:57	17.62	--	23	40526	买盘
09:37:54	17.62	0.01	39	68718	买盘
09:37:51	17.61	-0.01	58	102138	卖盘
09:37:45	17.62	--	10	17620	买盘
09:37:42	17.62	--	93	163866	卖盘
09:37:36	17.62	-0.05	1	1762	卖盘
09:37:30	17.67	0.06	5	8835	买盘
09:37:27	17.61	--	47	82784	卖盘
09:37:21	17.61	-0.06	58	102138	卖盘
09:37:18	17.67	0.06	14	24738	买盘
09:37:12	17.61	--	1	1761	卖盘
09:37:09	17.61	-0.05	150	264150	卖盘
09:37:06	17.66	0.04	23	40618	买盘
09:37:03	17.62	0.01	1	1762	买盘
09:37:00	17.61	--	5	8805	卖盘
09:36:57	17.61	--	16	28176	卖盘
09:36:54	17.61	0.01	25	44025	买盘
09:36:51	17.6	--	2	3520	卖盘
09:36:48	17.6	-0.01	41	72160	卖盘
09:36:45	17.61	0.01	23	40503	买盘
09:36:42	17.6	-0.01	15	26400	卖盘
09:36:39	17.61	--	19	33459	买盘
09:36:36	17.61	--	29	51069	买盘
09:36:33	17.61	--	24	42264	卖盘
09:36:30	17.61	-0.01	63	110943	卖盘
09:36:27	17.62	-0.03	7	12334	买盘
09:36:24	17.65	0.03	50	88250	买盘
09:36:21	17.62	--	49	86338	卖盘
09:36:18	17.62	--	3	5286	卖盘
09:36:12	17.62	0.01	42	74004	中性盘
09:36:09	17.61	-0.04	55	96855	卖盘
09:36:00	17.65	-0.01	16	29987	卖盘
09:35:57	17.66	0.01	46	81253	中性盘
09:35:51	17.65	-0.03	11	19415	卖盘
09:35:39	17.68	--	26	45968	卖盘
09:35:36	17.68	-0.01	21	37128	卖盘
09:35:33	17.69	--	9	15921	卖盘
09:35:27	17.69	-0.01	15	26535	卖盘
09:35:21	17.7	--	3	5310	卖盘
09:35:18	17.7	--	8	14160	卖盘
09:35:15	17.7	-0.01	53	93810	卖盘
09:35:03	17.71	--	2	3542	买盘
09:34:57	17.71	--	5	8855	买盘
09:34:54	17.71	-0.02	90	159390	卖盘
09:34:51	17.73	0.01	21	37233	买盘
09:34:42	17.72	0.01	1	1772	卖盘
09:34:39	17.71	-0.01	155	274505	卖盘
09:34:36	17.72	--	17	30123	卖盘
09:34:33	17.72	--	2	3544	卖盘
09:34:30	17.72	-0.01	6	10632	卖盘
09:34:24	17.73	0.01	5	8865	买盘
09:34:18	17.72	--	2	3544	中性盘
09:34:12	17.72	--	15	26580	买盘
09:34:09	17.72	--	23	40756	买盘
09:34:06	17.72	0.01	24	42528	买盘
09:34:03	17.71	--	22	38962	卖盘
09:34:00	17.71	-0.01	3	5313	卖盘
09:33:57	17.72	0.01	2	3544	买盘
09:33:54	17.71	-0.01	20	35420	卖盘
09:33:48	17.72	0.01	6	10632	买盘
09:33:45	17.71	-0.02	8	14168	卖盘
09:33:36	17.73	--	5	8865	买盘
09:33:30	17.73	--	2	3546	买盘
09:33:12	17.73	0.02	3	5319	买盘
09:33:06	17.71	-0.03	39	69069	卖盘
09:32:51	17.74	0.03	10	17740	买盘
09:32:48	17.71	-0.02	4	7084	卖盘
09:32:45	17.73	--	2	3546	买盘
09:32:42	17.73	-0.02	7	12411	卖盘
09:32:36	17.75	0.02	10	17750	买盘
09:32:33	17.73	-0.02	3	5319	卖盘
09:32:30	17.75	--	10	17750	卖盘
09:32:27	17.75	--	20	35500	卖盘
09:32:21	17.75	--	21	37275	卖盘
09:32:12	17.75	--	2	3550	卖盘
09:32:09	17.75	0.02	17	30175	买盘
09:32:03	17.73	--	17	30141	卖盘
09:32:00	17.73	--	12	21276	卖盘
09:31:57	17.73	--	1	1773	卖盘
09:31:54	17.73	0.02	8	14184	买盘
09:31:48	17.71	-0.02	82	145222	卖盘
09:31:42	17.73	0.02	1	1773	买盘
09:31:39	17.71	-0.06	18	31878	卖盘
09:31:36	17.77	--	15	26655	买盘
09:31:24	17.77	0.07	5	8885	买盘
09:31:15	17.7	--	60	106200	卖盘
09:31:06	17.7	--	28	49560	买盘
09:31:03	17.7	-0.01	12	21240	卖盘
09:31:00	17.71	0.01	5	8855	买盘
09:30:57	17.7	-0.01	10	17700	卖盘
09:30:45	17.71	0.01	11	19481	中性盘
09:30:30	17.7	-0.09	19	33630	卖盘
09:30:27	17.79	0.01	50	88950	买盘
09:30:21	17.78	--	7	12446	卖盘
09:30:18	17.78	--	12	21336	卖盘
09:30:15	17.78	-0.01	48	85344	卖盘
09:30:12	17.79	0.01	2	3558	买盘
09:30:09	17.78	-0.01	118	209804	卖盘
09:30:06	17.79	--	22	39138	买盘
09:30:03	17.79	--	348	619092	卖盘
09:30:00	17.79	--	0	0	卖盘
09:25:03	17.79	17.79	169	300651	买盘
