成交时间	成交价	价格变动	成交量(手)	成交额(元)	性质
15:00:03	15.22	0.01	1432	2179504	买盘
14:57:00	15.21	-0.01	118	179478	卖盘
14:56:57	15.22	0.01	80	121760	买盘
14:56:54	15.21	-0.01	50	76050	卖盘
14:56:51	15.22	0.01	27	41094	买盘
14:56:48	15.21	-0.01	8	12168	卖盘
14:56:42	15.22	0.01	17	25874	买盘
14:56:39	15.21	-0.01	70	106470	卖盘
14:56:36	15.22	0.01	17	25874	买盘
14:56:33	15.21	--	25	38025	卖盘
14:56:30	15.21	--	15	22815	卖盘
14:56:27	15.21	-0.01	56	85176	卖盘
14:56:24	15.22	--	20	30440	买盘
14:56:21	15.22	0.01	3	4566	买盘
14:56:18	15.21	--	38	57798	卖盘
14:56:15	15.21	0.01	31	47151	买盘
14:56:12	15.2	--	37	56240	卖盘
14:56:09	15.2	-0.01	20	30400	卖盘
14:56:06	15.21	--	40	60840	买盘
14:56:03	15.21	--	168	255528	卖盘
14:56:00	15.21	-0.01	71	107991	卖盘
14:55:57	15.22	0.01	4	6088	买盘
14:55:54	15.21	--	36	54756	卖盘
14:55:51	15.21	--	18	27378	卖盘
14:55:48	15.21	--	20	30420	卖盘
14:55:45	15.21	--	15	22815	卖盘
14:55:39	15.21	--	31	47151	买盘
14:55:36	15.21	0.01	12	18252	买盘
14:55:30	15.2	-0.01	1	1520	卖盘
14:55:27	15.21	0.01	28	42588	买盘
14:55:24	15.2	-0.01	67	101840	卖盘
14:55:21	15.21	0.01	9	13689	买盘
14:55:18	15.2	--	5	7600	买盘
14:55:15	15.2	-0.02	47	71440	卖盘
14:55:12	15.22	--	286	435292	买盘
14:55:09	15.22	--	8	12176	买盘
14:55:06	15.22	0.02	3011	4582742	买盘
14:55:03	15.2	--	9	13680	买盘
14:55:00	15.2	--	30	45600	买盘
14:54:57	15.2	0.01	65	98800	买盘
14:54:54	15.19	-0.01	25	37975	卖盘
14:54:51	15.2	--	18	27360	买盘
14:54:48	15.2	0.01	9	13680	买盘
14:54:45	15.19	--	28	42532	买盘
14:54:42	15.19	--	50	75950	买盘
14:54:39	15.19	0.01	5	7595	买盘
14:54:36	15.18	-0.01	8	12144	卖盘
14:54:33	15.19	--	5	7595	买盘
14:54:30	15.19	--	20	30380	卖盘
14:54:27	15.19	--	3	4557	卖盘
14:54:24	15.19	--	19	28861	买盘
14:54:21	15.19	--	65	98735	卖盘
14:54:18	15.19	--	2	3038	卖盘
14:54:15	15.19	0.01	1009	1532671	买盘
14:54:09	15.18	-0.01	6	9108	卖盘
14:54:06	15.19	--	32	48608	买盘
14:54:03	15.19	--	43	65317	买盘
14:54:00	15.19	--	4	6076	买盘
14:53:57	15.19	--	4	6076	买盘
14:53:54	15.19	0.01	11	16709	买盘
14:53:51	15.18	-0.01	2	3036	卖盘
14:53:48	15.19	--	48	72912	买盘
14:53:42	15.19	--	50	75950	买盘
14:53:39	15.19	--	20	30380	买盘
14:53:36	15.19	--	8	12152	买盘
14:53:33	15.19	--	15	22785	买盘
14:53:30	15.19	--	75	113925	买盘
14:53:27	15.19	--	65	98735	买盘
14:53:24	15.19	0.01	7	10633	买盘
14:53:21	15.18	-0.01	4	6072	卖盘
14:53:18	15.19	0.01	11	16709	买盘
14:53:15	15.18	-0.01	30	45540	卖盘
14:53:12	15.19	--	41	62279	买盘
14:53:09	15.19	0.01	4	6076	买盘
14:53:06	15.18	--	20	30360	卖盘
14:53:03	15.18	--	15	22770	卖盘
14:53:00	15.18	--	6	9108	卖盘
14:52:51	15.18	-0.01	104	157872	卖盘
14:52:48	15.19	0.01	7	10633	买盘
14:52:45	15.18	-0.01	10	15180	卖盘
14:52:42	15.19	0.01	77	116963	买盘
14:52:39	15.18	--	54	81972	卖盘
14:52:36	15.18	-0.01	10	15180	卖盘
14:52:33	15.19	--	27	41013	买盘
14:52:30	15.19	--	173	262787	买盘
14:52:27	15.19	0.01	5	7595	买盘
14:52:24	15.18	-0.01	60	91080	卖盘
14:52:21	15.19	--	42	63798	买盘
14:52:18	15.19	--	34	51646	买盘
14:52:12	15.19	--	34	51646	买盘
14:52:06	15.19	--	4	6076	买盘
14:52:00	15.19	0.01	53	80507	买盘
14:51:57	15.18	-0.01	10	15180	卖盘
14:51:54	15.19	--	4	6076	买盘
14:51:51	15.19	--	42	63798	买盘
14:51:48	15.19	--	8	12152	买盘
14:51:45	15.19	0.01	36	54684	买盘
14:51:42	15.18	-0.01	11	16698	卖盘
14:51:39	15.19	0.01	49	74431	买盘
14:51:36	15.18	-0.01	12	18216	卖盘
14:51:33	15.19	0.01	8	12152	买盘
14:51:30	15.18	--	13	19734	卖盘
14:51:27	15.18	--	13	19734	卖盘
14:51:24	15.18	-0.01	3	4554	卖盘
14:51:21	15.19	0.01	14	21266	买盘
14:51:18	15.18	-0.01	2	3036	卖盘
14:51:15	15.19	0.01	11	16709	买盘
14:51:12	15.18	-0.01	30	45540	卖盘
14:51:09	15.19	0.01	45	68355	买盘
14:51:06	15.18	--	67	101706	卖盘
14:51:03	15.18	--	1	1518	卖盘
14:51:00	15.18	--	20	30360	卖盘
14:50:57	15.18	--	17	25806	卖盘
14:50:54	15.18	--	15	22770	卖盘
14:50:48	15.18	-0.01	40	60720	卖盘
14:50:45	15.19	--	270	410130	卖盘
14:50:39	15.19	-0.01	110	167090	卖盘
14:50:36	15.2	--	14	21280	买盘
14:50:33	15.2	0.01	20	30400	买盘
14:50:30	15.19	-0.01	22	33418	卖盘
14:50:27	15.2	0.01	4	6080	买盘
14:50:24	15.19	--	19	28861	卖盘
14:50:21	15.19	-0.01	44	66836	卖盘
14:50:18	15.2	0.01	8	12160	买盘
14:50:15	15.19	--	17	25823	买盘
14:50:12	15.19	0.01	7	10633	买盘
14:50:09	15.18	-0.01	4	6072	卖盘
14:50:03	15.19	--	4	6076	买盘
14:50:00	15.19	-0.01	11	16709	卖盘
14:49:57	15.2	0.01	13	19760	买盘
14:49:54	15.19	0.01	2	3038	中性盘
14:49:51	15.18	-0.02	304	461472	卖盘
14:49:48	15.2	0.01	86	130720	买盘
14:49:45	15.19	-0.01	59	89621	卖盘
14:49:42	15.2	0.01	18	27360	买盘
14:49:39	15.19	--	3	4557	卖盘
14:49:33	15.19	--	2	3038	卖盘
14:49:30	15.19	-0.01	472	716968	卖盘
14:49:27	15.2	--	7	10640	买盘
14:49:21	15.2	--	9	13680	买盘
14:49:18	15.2	--	98	150130	卖盘
14:49:15	15.2	-0.01	5	7600	卖盘
14:49:12	15.21	0.01	90	136890	买盘
14:49:09	15.2	--	15	22800	卖盘
14:49:06	15.2	--	340	516800	卖盘
14:49:03	15.2	-0.01	191	290320	卖盘
14:49:00	15.21	0.01	6	9126	买盘
14:48:57	15.2	-0.01	225	342000	卖盘
14:48:54	15.21	--	8	12168	买盘
14:48:45	15.21	0.01	10	15210	买盘
14:48:42	15.2	--	9	13680	卖盘
14:48:39	15.2	--	93	141360	卖盘
14:48:36	15.2	--	121	183920	卖盘
14:48:33	15.2	-0.01	114	173280	卖盘
14:48:27	15.21	--	4	6084	买盘
14:48:24	15.21	0.01	13	19773	买盘
14:48:21	15.2	-0.01	13	19760	卖盘
14:48:18	15.21	0.01	4	6084	买盘
14:48:12	15.2	-0.01	21	31920	卖盘
14:48:09	15.21	0.01	13	19773	买盘
14:48:06	15.2	-0.01	94	142880	卖盘
14:48:03	15.21	0.01	94	142974	买盘
14:48:00	15.2	-0.01	14	21280	卖盘
14:47:54	15.21	--	59	89739	买盘
14:47:51	15.21	0.01	100	152100	买盘
14:47:48	15.2	-0.01	36	54720	卖盘
14:47:45	15.21	0.01	49	74529	买盘
14:47:42	15.2	-0.01	67	101840	卖盘
14:47:39	15.21	--	7	10647	买盘
14:47:36	15.21	--	4	6084	买盘
14:47:33	15.21	--	24	36504	买盘
14:47:30	15.21	--	126	191646	卖盘
14:47:24	15.21	--	17	25857	卖盘
14:47:18	15.21	-0.01	58	88218	卖盘
14:47:15	15.22	0.01	4	6088	买盘
14:47:12	15.21	--	20	30420	卖盘
14:47:09	15.21	--	1	1521	买盘
14:47:06	15.21	0.01	4	6084	买盘
14:47:00	15.2	-0.01	44	66880	卖盘
14:46:57	15.21	--	20	30420	买盘
14:46:54	15.21	--	15	22815	买盘
14:46:51	15.21	--	6	9126	买盘
14:46:48	15.21	--	69	104949	卖盘
14:46:39	15.21	-0.01	70	106470	卖盘
14:46:36	15.22	-0.01	11	16742	买盘
14:46:33	15.23	0.01	86	130978	买盘
14:46:30	15.22	--	13	19786	买盘
14:46:27	15.22	--	3	4566	卖盘
14:46:24	15.22	--	6	9132	卖盘
14:46:21	15.22	0.02	2	3044	买盘
14:46:12	15.2	-0.03	110	167200	卖盘
14:46:03	15.23	--	26	39598	买盘
14:46:00	15.23	0.03	84	127932	买盘
14:45:57	15.2	--	2	3040	卖盘
14:45:54	15.2	--	14	21280	卖盘
14:45:51	15.2	--	15	22800	卖盘
14:45:48	15.2	--	62	94240	卖盘
14:45:42	15.2	--	107	163141	卖盘
14:45:39	15.2	-0.02	134	203680	卖盘
14:45:36	15.22	0.02	135	205470	买盘
14:45:33	15.2	-0.02	1	1520	卖盘
14:45:24	15.22	0.01	247	375934	买盘
14:45:21	15.21	--	105	159705	卖盘
14:45:18	15.21	-0.02	10	15210	卖盘
14:45:15	15.23	0.02	200	304600	买盘
14:45:09	15.21	--	290	441090	卖盘
14:45:00	15.21	-0.01	13	19773	卖盘
14:44:57	15.22	--	1	1522	买盘
14:44:54	15.22	--	166	252652	买盘
14:44:51	15.22	--	13	19786	买盘
14:44:48	15.22	--	14	21308	买盘
14:44:45	15.22	0.01	9	13698	买盘
14:44:42	15.21	0.01	13	19773	买盘
14:44:39	15.2	-0.02	14	21280	卖盘
14:44:36	15.22	0.01	164	249608	买盘
14:44:33	15.21	0.01	7	10647	买盘
14:44:30	15.2	--	10	15200	卖盘
14:44:27	15.2	-0.01	20	30400	卖盘
14:44:24	15.21	0.01	44	66924	买盘
14:44:21	15.2	-0.01	100	152000	卖盘
14:44:18	15.21	-0.01	5	7605	买盘
14:44:15	15.22	0.02	6	9132	买盘
14:44:12	15.2	-0.02	67	101840	卖盘
14:44:09	15.22	0.02	1	1522	买盘
14:44:06	15.2	-0.02	8	12160	卖盘
14:44:03	15.22	0.01	11	16742	买盘
14:44:00	15.21	--	9	13689	买盘
14:43:57	15.21	-0.01	29	44109	卖盘
14:43:54	15.22	--	22	33484	买盘
14:43:51	15.22	0.01	5	7610	买盘
14:43:48	15.21	-0.01	10	15210	卖盘
14:43:42	15.22	0.01	511	777742	买盘
14:43:39	15.21	--	14	21294	卖盘
14:43:33	15.21	-0.01	1	1521	卖盘
14:43:27	15.22	--	202	307444	买盘
14:43:24	15.22	--	19	28918	买盘
14:43:21	15.22	--	1	1522	买盘
14:43:18	15.22	0.01	4	6088	买盘
14:43:12	15.21	-0.01	10	15210	卖盘
14:43:09	15.22	--	11	16742	买盘
14:43:06	15.22	--	3	4566	买盘
14:42:57	15.22	--	39	59358	买盘
14:42:54	15.22	--	6	9132	买盘
14:42:48	15.22	0.01	15	22830	买盘
14:42:45	15.21	-0.01	35	53235	卖盘
14:42:42	15.22	--	2	3044	买盘
14:42:39	15.22	0.01	210	319620	买盘
14:42:36	15.21	-0.01	45	68445	卖盘
14:42:33	15.22	--	4	6088	买盘
14:42:30	15.22	0.01	6	9132	买盘
14:42:27	15.21	--	20	30420	卖盘
14:42:24	15.21	--	30	45630	卖盘
14:42:18	15.21	-0.01	20	30420	卖盘
14:42:15	15.22	0.01	5	7610	买盘
14:42:12	15.21	--	10	15210	卖盘
14:42:06	15.21	-0.01	21	31941	卖盘
14:42:03	15.22	0.01	14	21308	买盘
14:41:57	15.21	--	19	28899	卖盘
14:41:51	15.21	-0.01	14	21294	卖盘
14:41:48	15.22	--	11	16742	买盘
14:41:45	15.22	0.01	4	6088	买盘
14:41:42	15.21	--	8	12168	卖盘
14:41:39	15.21	-0.01	3	4563	卖盘
14:41:36	15.22	0.01	5	7610	买盘
14:41:33	15.21	--	86	130806	卖盘
14:41:30	15.21	--	21	31941	卖盘
14:41:27	15.21	-0.01	34	51714	卖盘
14:41:24	15.22	--	13	19786	买盘
14:41:21	15.22	0.01	45	68490	买盘
14:41:18	15.21	--	5	7605	卖盘
14:41:15	15.21	-0.01	4	6084	卖盘
14:41:12	15.22	0.01	6	9132	买盘
14:41:09	15.21	--	7	10647	卖盘
14:41:06	15.21	-0.01	12	18252	卖盘
14:41:03	15.22	--	104	158288	买盘
14:40:57	15.22	--	10	15220	买盘
14:40:54	15.22	--	7	10654	买盘
14:40:51	15.22	--	1	1522	买盘
14:40:48	15.22	--	44	66968	买盘
14:40:45	15.22	0.01	12	18264	买盘
14:40:42	15.21	-0.01	19	28899	卖盘
14:40:39	15.22	0.01	9	13698	买盘
14:40:36	15.21	--	29	44109	卖盘
14:40:30	15.21	-0.01	13	19773	卖盘
14:40:27	15.22	--	11	16742	买盘
14:40:24	15.22	-0.01	135	205470	卖盘
14:40:21	15.23	--	4	6092	买盘
14:40:15	15.23	--	3	4569	卖盘
14:40:12	15.23	0.01	37	56351	买盘
14:40:09	15.22	-0.01	18	27396	卖盘
14:40:03	15.23	--	3	4569	买盘
14:40:00	15.23	--	5	7615	买盘
14:39:57	15.23	-0.01	49	74627	卖盘
14:39:54	15.24	0.01	6	9144	买盘
14:39:48	15.23	--	100	152300	卖盘
14:39:45	15.23	--	7	10661	卖盘
14:39:39	15.23	0.01	20	30460	买盘
14:39:36	15.22	-0.02	44	66968	卖盘
14:39:33	15.24	0.01	5	7620	买盘
14:39:27	15.23	-0.01	5	7615	卖盘
14:39:24	15.24	--	3	4572	买盘
14:39:21	15.24	--	10	15240	买盘
14:39:18	15.24	--	5	7620	买盘
14:39:15	15.24	--	5	7620	买盘
14:39:12	15.24	--	4	6096	买盘
14:39:09	15.24	--	422	643128	买盘
14:39:06	15.24	--	15	22860	买盘
14:39:03	15.24	--	7	10668	买盘
14:39:00	15.24	--	14	21336	买盘
14:38:57	15.24	--	10	15240	买盘
14:38:54	15.24	-0.01	227	345948	卖盘
14:38:51	15.25	0.01	5	7625	买盘
14:38:48	15.24	-0.01	36	54864	卖盘
14:38:42	15.25	0.01	6	9150	买盘
14:38:39	15.24	-0.01	85	129540	卖盘
14:38:33	15.25	--	37	56425	买盘
14:38:30	15.25	0.01	7	10675	买盘
14:38:27	15.24	-0.01	32	48768	卖盘
14:38:24	15.25	0.01	156	237900	买盘
14:38:21	15.24	--	80	121920	卖盘
14:38:18	15.24	-0.01	139	211836	卖盘
14:38:15	15.25	--	11	16775	买盘
14:38:12	15.25	0.01	10	15250	买盘
14:38:09	15.24	-0.01	10	15240	卖盘
14:38:06	15.25	0.01	12	18300	买盘
14:38:03	15.24	--	88	134112	卖盘
14:38:00	15.24	-0.01	16	24384	卖盘
14:37:57	15.25	--	552	841800	买盘
14:37:54	15.25	--	7	10675	买盘
14:37:51	15.25	0.01	24	36600	买盘
14:37:48	15.24	--	84	128016	卖盘
14:37:45	15.24	--	20	30480	卖盘
14:37:42	15.24	--	42	64008	买盘
14:37:39	15.24	0.01	34	51816	买盘
14:37:36	15.23	--	148	225404	买盘
14:37:30	15.23	-0.01	72	109656	卖盘
14:37:27	15.24	--	756	1152144	买盘
14:37:24	15.24	--	69	105156	买盘
14:37:21	15.24	--	20	30480	买盘
14:37:15	15.24	--	210	320040	买盘
14:37:12	15.24	0.01	5	7620	买盘
14:37:09	15.23	--	67	102041	买盘
14:37:06	15.23	--	6	9138	买盘
14:37:03	15.23	--	273	415779	买盘
14:37:00	15.23	--	5	7615	买盘
14:36:57	15.23	--	224	341152	卖盘
14:36:54	15.23	--	12	18276	卖盘
14:36:51	15.23	--	24	36552	卖盘
14:36:48	15.23	-0.01	10	15230	卖盘
14:36:45	15.24	--	5	7620	买盘
14:36:42	15.24	0.01	9	13716	买盘
14:36:39	15.23	-0.01	7	10661	卖盘
14:36:36	15.24	0.01	33	50292	买盘
14:36:33	15.23	0.01	136	207128	买盘
14:36:30	15.22	-0.01	72	109584	卖盘
14:36:24	15.23	--	10	15230	买盘
14:36:21	15.23	--	96	146208	买盘
14:36:18	15.23	--	24	36552	买盘
14:36:15	15.23	--	11	16753	买盘
14:36:09	15.23	--	36	54828	买盘
14:36:06	15.23	--	68	103564	卖盘
14:36:03	15.23	--	7	10661	卖盘
14:36:00	15.23	-0.01	11	16753	卖盘
14:35:57	15.24	0.01	4	6096	买盘
14:35:54	15.23	--	61	92903	卖盘
14:35:51	15.23	--	8	12184	买盘
14:35:48	15.23	--	20	30460	买盘
14:35:45	15.23	--	4	6092	买盘
14:35:42	15.23	--	68	103564	卖盘
14:35:39	15.23	-0.01	47	71581	卖盘
14:35:36	15.24	--	22	33528	买盘
14:35:33	15.24	0.01	10	15240	买盘
14:35:24	15.23	-0.01	1	1523	卖盘
14:35:21	15.24	0.01	93	141732	买盘
14:35:18	15.23	--	9	13707	卖盘
14:35:09	15.23	--	286	435578	买盘
14:35:06	15.23	--	5	7615	买盘
14:35:03	15.23	--	6	9138	买盘
14:34:57	15.23	--	5	7615	买盘
14:34:54	15.23	--	5	7615	买盘
14:34:51	15.23	--	16	24368	买盘
14:34:48	15.23	0.01	8	12184	买盘
14:34:45	15.22	-0.01	41	62402	卖盘
14:34:42	15.23	0.01	3	4569	买盘
14:34:39	15.22	-0.01	23	35006	卖盘
14:34:36	15.23	--	3	4569	买盘
14:34:30	15.23	--	7	10661	买盘
14:34:27	15.23	--	65	98995	买盘
14:34:24	15.23	--	4	6092	买盘
14:34:21	15.23	--	26	39598	买盘
14:34:18	15.23	--	20	30460	买盘
14:34:15	15.23	--	10	15230	买盘
14:34:12	15.23	0.01	47	71581	买盘
14:34:09	15.22	-0.01	163	248086	卖盘
14:34:06	15.23	--	143	217789	买盘
14:34:03	15.23	0.01	5	7615	买盘
14:34:00	15.22	--	10	15220	卖盘
14:33:54	15.22	-0.01	5	7610	卖盘
14:33:51	15.23	0.01	5	7615	买盘
14:33:48	15.22	0.01	486	739692	买盘
14:33:45	15.21	--	20	30420	卖盘
14:33:42	15.21	--	16	24336	卖盘
14:33:36	15.21	-0.01	6	9126	卖盘
14:33:33	15.22	0.01	11	16742	买盘
14:33:30	15.21	--	1	1521	卖盘
14:33:27	15.21	--	13	19773	卖盘
14:33:24	15.21	0.01	29	44109	买盘
14:33:21	15.2	-0.01	7	10640	卖盘
14:33:18	15.21	0.01	27	41067	买盘
14:33:15	15.2	-0.01	20	31768	卖盘
14:33:12	15.21	--	11	16731	买盘
14:33:06	15.21	--	15	22815	买盘
14:33:03	15.21	0.01	7	10647	买盘
14:33:00	15.2	-0.01	120	182400	卖盘
14:32:57	15.21	--	9	13689	买盘
14:32:51	15.21	--	90	136890	买盘
14:32:45	15.21	0.01	26	39546	买盘
14:32:42	15.2	--	64	97280	卖盘
14:32:39	15.2	-0.01	3	4560	卖盘
14:32:36	15.21	0.01	39	59319	买盘
14:32:33	15.2	--	5	7600	卖盘
14:32:30	15.2	-0.01	79	120080	卖盘
14:32:27	15.21	0.01	6	9126	买盘
14:32:24	15.2	--	28	42560	卖盘
14:32:21	15.2	-0.01	7	10640	卖盘
14:32:18	15.21	0.01	1	1521	买盘
14:32:15	15.2	--	12	18240	买盘
14:32:12	15.2	--	9	13680	买盘
14:32:09	15.2	--	29	44080	买盘
14:32:06	15.2	--	14	21280	买盘
14:32:00	15.2	--	1	1520	买盘
14:31:57	15.2	0.02	24	36480	买盘
14:31:54	15.18	-0.02	19	28842	卖盘
14:31:51	15.2	0.02	4	6080	买盘
14:31:48	15.18	--	6	9108	卖盘
14:31:45	15.18	-0.02	2	3036	卖盘
14:31:42	15.2	0.03	116	177688	买盘
14:31:39	15.17	--	172	260924	卖盘
14:31:33	15.17	--	4	6068	卖盘
14:31:30	15.17	-0.01	60	91020	卖盘
14:31:27	15.18	--	760	1153680	买盘
14:31:24	15.18	--	17	25806	买盘
14:31:21	15.18	--	206	312708	买盘
14:31:15	15.18	--	25	37950	买盘
14:31:12	15.18	-0.03	1344	2040495	卖盘
14:31:09	15.21	0.02	10	15210	买盘
14:31:00	15.19	-0.02	6	9114	卖盘
14:30:57	15.21	0.01	64	97344	买盘
14:30:45	15.2	--	12	18240	买盘
14:30:36	15.2	--	5	7600	买盘
14:30:27	15.2	-0.01	50	76000	卖盘
14:30:24	15.21	--	30	45630	买盘
14:30:21	15.21	--	48	73008	卖盘
14:30:15	15.21	--	2	3042	卖盘
14:30:12	15.21	--	19	28899	卖盘
14:30:09	15.21	--	2	3042	卖盘
14:30:06	15.21	--	9	13689	卖盘
14:30:03	15.21	0.01	24	36504	买盘
14:29:36	15.2	-0.01	9	13680	卖盘
14:29:33	15.21	--	6	9126	卖盘
14:29:30	15.21	--	5	7605	卖盘
14:29:27	15.21	0.02	10	15210	中性盘
14:29:21	15.19	-0.03	67	101773	卖盘
14:29:18	15.22	0.01	800	1217600	买盘
14:29:12	15.21	0.01	100	152100	买盘
14:29:09	15.2	--	11	16720	卖盘
14:29:06	15.2	--	6	9120	卖盘
14:29:00	15.2	-0.01	20	30400	卖盘
14:28:57	15.21	0.01	20	30420	买盘
14:28:54	15.2	--	7	10640	卖盘
14:28:51	15.2	--	6	9120	卖盘
14:28:45	15.2	--	7	10640	卖盘
14:28:42	15.2	--	3	4560	卖盘
14:28:39	15.2	-0.01	57	86640	卖盘
14:28:36	15.21	0.01	24	36504	买盘
14:28:33	15.2	--	14	21280	卖盘
14:28:30	15.2	--	9	13680	卖盘
14:28:27	15.2	--	3	4560	卖盘
14:28:24	15.2	-0.01	28	42560	卖盘
14:28:18	15.21	0.01	2	3042	买盘
14:28:12	15.2	--	34	51680	卖盘
14:27:57	15.2	-0.01	29	44080	卖盘
14:27:54	15.21	0.01	6	9126	买盘
14:27:51	15.2	--	2	3040	卖盘
14:27:48	15.2	--	50	76000	卖盘
14:27:45	15.2	--	16	24320	卖盘
14:27:30	15.2	--	6	9120	卖盘
14:27:24	15.2	--	20	30400	卖盘
14:27:21	15.2	-0.01	5	7600	卖盘
14:27:15	15.21	0.01	50	76050	买盘
14:27:12	15.2	--	20	30400	卖盘
14:27:09	15.2	--	5	7600	卖盘
14:27:03	15.2	-0.01	12	18240	卖盘
14:26:57	15.21	0.01	1	1521	买盘
14:26:54	15.2	--	3	4560	卖盘
14:26:45	15.2	--	2	3040	卖盘
14:26:39	15.2	--	10	15200	卖盘
14:26:36	15.2	--	15	24031	买盘
14:26:33	15.2	--	5	7600	买盘
14:26:30	15.2	--	10	15200	买盘
14:26:09	15.2	--	10	15200	买盘
14:25:54	15.2	--	4	6080	买盘
14:25:51	15.2	--	4	6080	买盘
14:25:42	15.2	--	10	15200	买盘
14:25:33	15.2	-0.02	317	482128	卖盘
14:25:30	15.22	0.01	4	6088	买盘
14:25:27	15.21	-0.01	5	7605	买盘
14:25:21	15.22	0.02	1	1522	买盘
14:25:09	15.2	-0.01	203	308560	卖盘
14:25:06	15.21	--	4	6084	卖盘
14:25:03	15.21	--	10	15210	卖盘
14:25:00	15.21	--	43	65403	买盘
14:24:54	15.21	--	2	3042	买盘
14:24:48	15.21	--	2	3042	买盘
14:24:45	15.21	--	32	48672	买盘
14:24:42	15.21	-0.01	167	254007	卖盘
14:24:36	15.22	0.01	86	130892	买盘
14:24:33	15.21	--	2	3042	卖盘
14:24:30	15.21	--	4	6084	卖盘
14:24:24	15.21	--	12	18252	卖盘
14:24:21	15.21	-0.01	1	1521	卖盘
14:24:18	15.22	0.01	12	18264	买盘
14:24:15	15.21	--	50	76050	卖盘
14:24:12	15.21	--	13	19773	卖盘
14:24:09	15.21	--	10	15210	卖盘
14:24:06	15.21	--	30	45630	卖盘
14:24:03	15.21	-0.01	20	30420	卖盘
14:24:00	15.22	--	19	28918	买盘
14:23:51	15.22	0.01	10	15220	买盘
14:23:48	15.21	-0.01	43	65403	卖盘
14:23:39	15.22	--	23	35006	买盘
14:23:33	15.22	0.01	139	211558	买盘
14:23:27	15.21	-0.01	6	9126	卖盘
14:23:15	15.22	--	262	398764	买盘
14:23:09	15.22	0.01	12	18264	买盘
14:23:06	15.21	-0.01	23	34983	卖盘
14:22:57	15.22	0.01	2	3044	买盘
14:22:51	15.21	--	13	19773	卖盘
14:22:48	15.21	--	15	22815	卖盘
14:22:45	15.21	--	30	45630	卖盘
14:22:42	15.21	--	150	228150	卖盘
14:22:33	15.21	--	25	38025	卖盘
14:22:30	15.21	--	81	123201	卖盘
14:22:24	15.21	-0.01	10	15210	卖盘
14:22:21	15.22	0.01	2	3044	买盘
14:22:18	15.21	-0.01	1	1521	卖盘
14:22:15	15.22	0.01	14	21308	买盘
14:22:12	15.21	--	320	486720	卖盘
14:22:09	15.21	--	53	80613	卖盘
14:22:03	15.21	--	165	250965	卖盘
14:22:00	15.21	--	1	1521	卖盘
14:21:57	15.21	--	100	152100	卖盘
14:21:54	15.21	--	161	244881	买盘
14:21:51	15.21	--	5	7605	买盘
14:21:48	15.21	--	6	9126	买盘
14:21:42	15.21	0.01	30	45630	买盘
14:21:39	15.2	--	30	45600	卖盘
14:21:36	15.2	-0.01	48	72960	卖盘
14:21:30	15.21	--	78	118638	买盘
14:21:24	15.21	0.01	10	15210	买盘
14:21:18	15.2	--	10	15200	卖盘
14:21:12	15.2	--	10	15200	卖盘
14:21:09	15.2	0.01	487	741471	买盘
14:20:51	15.19	--	27	42516	卖盘
14:20:48	15.19	--	13	19747	卖盘
14:20:45	15.19	0.01	29	44051	买盘
14:20:42	15.18	--	35	53130	卖盘
14:20:21	15.18	--	13	21100	买盘
14:20:18	15.18	--	10	15180	买盘
14:20:15	15.18	--	7	10626	买盘
14:20:12	15.18	-0.02	69	104893	卖盘
14:20:09	15.2	0.01	4	6080	买盘
14:20:06	15.19	--	35	53165	卖盘
14:20:03	15.19	-0.01	10	15190	卖盘
14:20:00	15.2	0.01	192	293208	买盘
14:19:57	15.19	0.01	12	18228	买盘
14:19:54	15.18	--	3	4554	卖盘
14:19:51	15.18	--	25	37950	卖盘
14:19:48	15.18	--	22	33396	卖盘
14:19:42	15.18	0.01	26	39468	买盘
14:19:39	15.17	-0.01	42	63714	卖盘
14:19:36	15.18	--	10	15180	买盘
14:19:33	15.18	--	170	258060	买盘
14:19:24	15.18	0.01	18	27324	买盘
14:19:21	15.17	-0.01	30	45510	卖盘
14:19:18	15.18	0.01	28	42504	买盘
14:19:09	15.17	--	8	12136	卖盘
14:19:06	15.17	--	2	3034	卖盘
14:19:00	15.17	--	10	15170	卖盘
14:18:57	15.17	-0.01	7	10619	卖盘
14:18:54	15.18	0.01	30	45540	买盘
14:18:51	15.17	--	13	19721	卖盘
14:18:45	15.17	--	20	30340	卖盘
14:18:36	15.17	-0.01	4	6068	卖盘
14:18:33	15.18	--	13	19734	买盘
14:18:30	15.18	--	10	15180	买盘
14:18:21	15.18	0.01	33	50094	买盘
14:18:15	15.17	--	20	30340	卖盘
14:18:09	15.17	--	6	9102	卖盘
14:18:06	15.17	-0.01	10	15170	卖盘
14:18:03	15.18	--	235	356730	卖盘
14:17:57	15.18	--	1	1518	卖盘
14:17:54	15.18	--	13	19734	卖盘
14:17:51	15.18	--	20	30360	卖盘
14:17:48	15.18	--	110	166980	卖盘
14:17:45	15.18	--	1	1518	卖盘
14:17:42	15.18	--	82	124476	卖盘
14:17:36	15.18	--	5	7590	卖盘
14:17:30	15.18	-0.01	10	15180	卖盘
14:17:21	15.19	--	137	208254	卖盘
14:17:18	15.19	--	12	18228	卖盘
14:17:12	15.19	--	2	3038	卖盘
14:17:09	15.19	--	18	27342	卖盘
14:17:06	15.19	--	20	30380	卖盘
14:17:03	15.19	--	30	45570	卖盘
14:17:00	15.19	-0.01	5	7595	卖盘
14:16:57	15.2	--	7	10640	买盘
14:16:54	15.2	--	50	76000	买盘
14:16:45	15.2	0.01	2	3040	买盘
14:16:42	15.19	-0.01	56	85064	卖盘
14:16:33	15.2	--	87	132240	卖盘
14:16:30	15.2	-0.01	47	71440	卖盘
14:16:27	15.21	0.01	79	120159	买盘
14:16:24	15.2	--	32	48640	卖盘
14:16:21	15.2	--	5	7600	卖盘
14:16:18	15.2	--	4	6080	卖盘
14:16:15	15.2	--	41	62320	卖盘
14:16:12	15.2	-0.01	48	72960	卖盘
14:16:06	15.21	--	20	30420	买盘
14:16:03	15.21	--	415	631884	卖盘
14:15:57	15.21	--	5	7605	卖盘
14:15:51	15.21	--	167	254007	卖盘
14:15:48	15.21	--	55	83655	卖盘
14:15:45	15.21	-0.01	335	509535	卖盘
14:15:39	15.22	0.01	18	27396	买盘
14:15:36	15.21	--	406	617526	卖盘
14:15:33	15.21	--	14	22145	卖盘
14:15:30	15.21	--	5	7605	卖盘
14:15:27	15.21	--	105	159705	卖盘
14:15:21	15.21	-0.01	56	85176	卖盘
14:15:12	15.22	0.01	46	70012	买盘
14:15:09	15.21	--	100	152100	卖盘
14:15:03	15.21	-0.01	15	22815	卖盘
14:14:54	15.22	--	1	1522	买盘
14:14:51	15.22	0.01	1	1522	买盘
14:14:48	15.21	-0.01	19	28899	卖盘
14:14:45	15.22	0.01	64	97408	买盘
14:14:39	15.21	--	9	13689	卖盘
14:14:36	15.21	--	100	152100	卖盘
14:14:33	15.21	--	15	22815	卖盘
14:14:30	15.21	-0.01	40	60840	卖盘
14:14:27	15.22	--	8	12176	买盘
14:14:24	15.22	--	2	3044	买盘
14:14:21	15.22	0.01	26	39572	买盘
14:14:12	15.21	--	4	6084	卖盘
14:14:09	15.21	--	13	19773	卖盘
14:14:03	15.21	--	20	30420	卖盘
14:14:00	15.21	-0.01	100	152100	卖盘
14:13:57	15.22	--	2	3044	买盘
14:13:54	15.22	0.01	57	86754	买盘
14:13:51	15.21	-0.01	3	4563	卖盘
14:13:48	15.22	0.01	3	4566	买盘
14:13:45	15.21	--	19	28899	卖盘
14:13:42	15.21	--	11	16731	卖盘
14:13:39	15.21	--	4	6084	卖盘
14:13:33	15.21	-0.01	10	15210	卖盘
14:13:30	15.22	--	64	97408	买盘
14:13:24	15.22	--	3	4566	买盘
14:13:18	15.22	0.01	17	25874	买盘
14:13:15	15.21	-0.01	4	6084	卖盘
14:13:06	15.22	0.01	4	6088	买盘
14:13:00	15.21	--	6	9126	卖盘
14:12:48	15.21	-0.01	7	10647	卖盘
14:12:39	15.22	--	17	25874	买盘
14:12:27	15.22	--	14	21308	买盘
14:12:24	15.22	--	41	62402	买盘
14:12:15	15.22	--	4	6088	买盘
14:12:06	15.22	--	8	12176	买盘
14:12:03	15.22	--	12	18264	买盘
14:12:00	15.22	--	64	97408	买盘
14:11:54	15.22	0.01	1	1522	买盘
14:11:51	15.21	-0.01	93	141453	卖盘
14:11:45	15.22	--	1	1522	买盘
14:11:39	15.22	0.01	110	167420	买盘
14:11:36	15.21	-0.01	5	7605	卖盘
14:11:24	15.22	--	41	62402	买盘
14:11:21	15.22	--	99	150678	买盘
14:11:15	15.22	0.01	1	1522	买盘
14:11:12	15.21	--	3	4563	卖盘
14:11:09	15.21	-0.01	50	76050	卖盘
14:11:00	15.22	--	55	83710	买盘
14:10:57	15.22	0.01	6	9132	买盘
14:10:51	15.21	--	2	3042	卖盘
14:10:45	15.21	0.01	491	746811	买盘
14:10:42	15.2	--	30	45600	卖盘
14:10:39	15.2	--	12	18240	卖盘
14:10:36	15.2	-0.01	6	9120	卖盘
14:10:33	15.21	0.01	4	6084	买盘
14:10:30	15.2	--	3	4560	卖盘
14:10:27	15.2	-0.01	20	30400	卖盘
14:10:24	15.21	--	1	1521	买盘
14:10:15	15.21	--	26	39546	买盘
14:10:09	15.21	0.01	19	28899	买盘
14:10:03	15.2	-0.01	1	1520	卖盘
14:10:00	15.21	0.01	1	1521	买盘
14:09:57	15.2	-0.01	15	22800	卖盘
14:09:54	15.21	--	1	1521	买盘
14:09:51	15.21	--	8	12168	买盘
14:09:48	15.21	--	22	33462	买盘
14:09:45	15.21	--	4	6084	买盘
14:09:39	15.21	--	12	18252	买盘
14:09:36	15.21	0.01	4	6084	买盘
14:09:33	15.2	-0.02	26	39520	卖盘
14:09:30	15.22	--	10	15220	买盘
14:09:24	15.22	--	1	1522	买盘
14:09:18	15.22	0.01	14	21308	买盘
14:09:15	15.21	--	11	16731	卖盘
14:09:09	15.21	0.01	353	536913	买盘
14:09:00	15.2	-0.01	109	165680	卖盘
14:08:57	15.21	--	51	77571	买盘
14:08:54	15.21	0.01	4	6084	买盘
14:08:45	15.2	-0.01	1	1520	卖盘
14:08:30	15.21	--	14	21294	买盘
14:08:24	15.21	--	5	7605	买盘
14:08:09	15.21	--	9	13689	卖盘
14:08:03	15.21	--	11	16731	买盘
14:07:57	15.21	--	65	98865	买盘
14:07:54	15.21	--	11	16731	买盘
14:07:51	15.21	0.01	6	9126	买盘
14:07:48	15.2	--	5	7600	卖盘
14:07:42	15.2	--	29	44080	卖盘
14:07:39	15.2	--	54	82080	卖盘
14:07:36	15.2	--	20	30400	卖盘
14:07:33	15.2	--	52	79040	买盘
14:07:24	15.2	--	2	3040	买盘
14:07:15	15.2	--	1	1520	买盘
14:07:12	15.2	0.01	16	24320	买盘
14:07:09	15.19	--	5	7595	卖盘
14:07:06	15.19	-0.01	33	50127	卖盘
14:07:03	15.2	--	5	7600	买盘
14:06:57	15.2	--	13	19760	买盘
14:06:54	15.2	--	2	3040	买盘
14:06:48	15.2	--	22	33440	买盘
14:06:45	15.2	--	6	9120	买盘
14:06:39	15.2	-0.01	85	129200	卖盘
14:06:33	15.21	0.01	20	30420	买盘
14:06:30	15.2	--	4	6080	卖盘
14:06:27	15.2	-0.01	5	7600	卖盘
14:06:24	15.21	--	31	47151	买盘
14:06:18	15.21	0.01	13	19773	买盘
14:06:09	15.2	-0.01	10	15200	卖盘
14:06:06	15.21	--	6	9126	买盘
14:06:03	15.21	--	10	15210	买盘
14:06:00	15.21	0.01	2	3042	中性盘
14:05:57	15.2	-0.01	246	373920	卖盘
14:05:54	15.21	--	12	18252	买盘
14:05:51	15.21	--	3	4563	卖盘
14:05:42	15.21	-0.01	30	45630	卖盘
14:05:39	15.22	0.01	10	15220	买盘
14:05:36	15.21	-0.01	20	30420	卖盘
14:05:33	15.22	0.01	4	6088	买盘
14:05:30	15.21	--	10	15210	卖盘
14:05:24	15.21	-0.01	7	10647	卖盘
14:05:09	15.22	--	6	9132	买盘
14:05:06	15.22	--	8	12176	买盘
14:05:03	15.22	-0.01	29	44807	卖盘
14:05:00	15.23	0.01	1	1523	买盘
14:04:57	15.22	--	35	53270	卖盘
14:04:54	15.22	--	9	13895	卖盘
14:04:51	15.22	--	4	6088	卖盘
14:04:48	15.22	--	1	1522	卖盘
14:04:45	15.22	0.01	123	187860	买盘
14:04:42	15.21	--	359	546039	卖盘
14:04:39	15.21	-0.01	9	13689	卖盘
14:04:36	15.22	0.02	2	3044	买盘
14:04:33	15.2	--	5	7600	卖盘
14:04:27	15.2	-0.01	320	486400	卖盘
14:04:24	15.21	--	8	12168	买盘
14:04:21	15.21	--	8	12168	买盘
14:04:18	15.21	--	39	59319	买盘
14:04:06	15.21	--	5	7605	买盘
14:04:03	15.21	-0.01	30	46496	卖盘
14:03:57	15.22	0.01	30	45660	买盘
14:03:54	15.21	-0.01	26	39546	卖盘
14:03:51	15.22	0.01	8	12176	买盘
14:03:42	15.21	--	1	1521	卖盘
14:03:39	15.21	0.02	34	52368	买盘
14:03:33	15.19	-0.01	450	683550	卖盘
14:03:30	15.2	-0.01	50	76000	卖盘
14:03:27	15.21	0.01	374	568854	买盘
14:03:24	15.2	--	27	41040	买盘
14:03:21	15.2	--	61	92720	买盘
14:03:18	15.2	0.01	289	439280	买盘
14:03:15	15.19	-0.01	1	1519	卖盘
14:03:12	15.2	--	265	402800	买盘
14:03:09	15.2	0.01	105	159600	买盘
14:03:06	15.19	--	32	48608	卖盘
14:03:03	15.19	-0.01	14	21266	卖盘
14:03:00	15.2	--	1	1520	买盘
14:02:57	15.2	--	125	190000	买盘
14:02:54	15.2	--	2	3040	买盘
14:02:48	15.2	--	51	77520	买盘
14:02:45	15.2	--	8	12160	买盘
14:02:42	15.2	--	13	19760	买盘
14:02:36	15.2	--	18	27360	买盘
14:02:33	15.2	--	17	25840	买盘
14:02:30	15.2	--	7	10640	买盘
14:02:27	15.2	0.01	77	117040	买盘
14:02:15	15.19	-0.01	5	7595	卖盘
14:02:12	15.2	0.01	4	6080	买盘
14:02:09	15.19	-0.01	10	15190	卖盘
14:02:06	15.2	0.01	129	196080	买盘
14:01:57	15.19	--	10	15190	卖盘
14:01:54	15.19	-0.01	26	39494	卖盘
14:01:48	15.2	0.01	4	6080	买盘
14:01:45	15.19	0.01	279	425168	买盘
14:01:42	15.18	-0.01	10	15180	卖盘
14:01:39	15.19	--	4	6076	买盘
14:01:36	15.19	--	25	37975	买盘
14:01:33	15.19	--	105	159646	卖盘
14:01:27	15.19	-0.01	10	15190	卖盘
14:01:24	15.2	--	2	3040	买盘
14:01:21	15.2	0.01	17	25840	买盘
14:01:15	15.19	--	2	3038	卖盘
14:01:09	15.19	--	5	7595	卖盘
14:01:06	15.19	--	1	1519	卖盘
14:01:03	15.19	--	3	4557	卖盘
14:01:00	15.19	--	17	25823	卖盘
14:00:57	15.19	--	29	44051	卖盘
14:00:51	15.19	--	8	12152	卖盘
14:00:45	15.19	--	204	309876	卖盘
14:00:42	15.19	--	19	28861	卖盘
14:00:39	15.19	--	100	151900	卖盘
14:00:36	15.19	--	61	92659	卖盘
14:00:33	15.19	--	1	1519	卖盘
14:00:27	15.19	--	1	1519	卖盘
14:00:24	15.19	--	15	22785	卖盘
14:00:21	15.19	--	75	113925	卖盘
14:00:18	15.19	--	74	112406	卖盘
14:00:15	15.19	--	115	174685	卖盘
14:00:12	15.19	--	8	12152	卖盘
14:00:09	15.19	--	22	33418	卖盘
13:59:57	15.19	-0.01	2	3038	卖盘
13:59:54	15.2	0.01	42	63840	买盘
13:59:51	15.19	-0.01	20	30380	卖盘
13:59:48	15.2	0.01	2	3040	买盘
13:59:45	15.19	--	1	1519	卖盘
13:59:39	15.19	--	6	9114	卖盘
13:59:33	15.19	-0.01	3	4557	卖盘
13:59:27	15.2	--	11	16720	买盘
13:59:21	15.2	--	1	1520	买盘
13:59:18	15.2	--	10	15200	买盘
13:59:15	15.2	-0.01	2	3040	中性盘
13:59:12	15.21	0.01	17	25857	买盘
13:59:06	15.2	--	111	168720	卖盘
13:58:57	15.2	--	45	68400	卖盘
13:58:54	15.2	--	30	45600	卖盘
13:58:45	15.2	--	4	6080	卖盘
13:58:39	15.2	--	20	30400	卖盘
13:58:36	15.2	--	7	10640	卖盘
13:58:33	15.2	--	10	15200	卖盘
13:58:30	15.2	--	2	3040	卖盘
13:58:27	15.2	--	2	3040	卖盘
13:58:21	15.2	--	5	7600	卖盘
13:58:18	15.2	--	52	79040	卖盘
13:58:15	15.2	--	28	42560	卖盘
13:58:12	15.2	--	8	12160	卖盘
13:58:09	15.2	--	40	60800	卖盘
13:58:06	15.2	--	36	54720	卖盘
13:58:03	15.2	-0.01	2	3040	卖盘
13:58:00	15.21	0.01	10	15210	买盘
13:57:57	15.2	-0.01	7	10640	卖盘
13:57:51	15.21	--	20	30420	买盘
13:57:42	15.21	--	2	3042	买盘
13:57:39	15.21	--	10	15210	买盘
13:57:36	15.21	--	5	7605	买盘
13:57:30	15.21	--	2	4532	卖盘
13:57:27	15.21	-0.01	11	16731	卖盘
13:57:21	15.22	0.01	1	1522	买盘
13:57:15	15.21	--	5	7635	买盘
13:57:06	15.21	--	10	15210	买盘
13:57:00	15.21	--	33	50193	卖盘
13:56:57	15.21	--	60	91260	卖盘
13:56:51	15.21	--	10	15210	卖盘
13:56:48	15.21	-0.01	12	18252	卖盘
13:56:33	15.22	--	7	10654	卖盘
13:56:24	15.22	--	12	18264	卖盘
13:56:21	15.22	--	25	38050	卖盘
13:56:15	15.22	-0.01	47	71534	卖盘
13:56:12	15.23	0.01	20	30460	买盘
13:56:09	15.22	--	103	156766	卖盘
13:56:03	15.22	--	10	15220	卖盘
13:55:57	15.22	-0.01	14	21308	卖盘
13:55:54	15.23	--	22	33506	买盘
13:55:42	15.23	0.01	40	60920	买盘
13:55:36	15.22	--	20	30440	卖盘
13:55:30	15.22	--	10	15220	卖盘
13:55:21	15.22	--	2	3044	卖盘
13:55:18	15.22	0.01	340	517480	买盘
13:55:15	15.21	-0.01	5	7605	卖盘
13:55:09	15.22	0.01	1	1522	买盘
13:55:06	15.21	--	10	15210	卖盘
13:55:03	15.21	--	6	9126	卖盘
13:55:00	15.21	--	1	1521	卖盘
13:54:57	15.21	0.01	119	180999	买盘
13:54:54	15.2	--	1	1520	卖盘
13:54:51	15.2	--	4	6080	卖盘
13:54:45	15.2	--	10	15200	卖盘
13:54:42	15.2	0.01	22	33440	买盘
13:54:39	15.19	-0.01	121	183799	卖盘
13:54:36	15.2	--	30	45600	卖盘
13:54:33	15.2	--	5	7600	卖盘
13:54:30	15.2	--	3	4560	卖盘
13:54:24	15.2	--	47	71440	卖盘
13:54:21	15.2	--	22	33440	卖盘
13:54:18	15.2	--	2	3040	卖盘
13:54:09	15.2	--	6	9120	卖盘
13:54:03	15.2	--	3	4560	卖盘
13:54:00	15.2	--	5	7600	卖盘
13:53:57	15.2	--	18	27360	卖盘
13:53:54	15.2	--	4	6080	卖盘
13:53:48	15.2	--	27	41040	卖盘
13:53:45	15.2	--	17	25840	卖盘
13:53:42	15.2	--	35	53200	卖盘
13:53:39	15.2	--	22	33440	卖盘
13:53:33	15.2	--	20	30400	卖盘
13:53:30	15.2	--	21	31920	卖盘
13:53:27	15.2	-0.01	2	3040	卖盘
13:53:18	15.21	0.01	30	45630	买盘
13:53:15	15.2	-0.01	20	30400	卖盘
13:53:06	15.21	--	28	42588	买盘
13:53:03	15.21	--	210	319410	卖盘
13:53:00	15.21	--	2	3042	卖盘
13:52:57	15.21	--	32	48672	卖盘
13:52:51	15.21	-0.01	5	7605	卖盘
13:52:48	15.22	0.01	1	1522	买盘
13:52:45	15.21	--	15	22815	卖盘
13:52:42	15.21	0.01	2	3042	卖盘
13:52:33	15.2	--	20	30400	卖盘
13:52:30	15.2	-0.02	20	30400	卖盘
13:52:27	15.22	0.02	17	25874	买盘
13:52:24	15.2	-0.01	10	15200	卖盘
13:52:12	15.21	-0.01	25	38025	卖盘
13:52:06	15.22	--	10	15220	卖盘
13:51:57	15.22	-0.02	1	1522	卖盘
13:51:51	15.24	0.02	2	3048	买盘
13:51:45	15.22	--	10	15220	卖盘
13:51:42	15.22	--	20	30440	买盘
13:51:36	15.22	0.02	5	7610	中性盘
13:51:24	15.2	-0.02	5	7600	卖盘
13:51:18	15.22	-0.02	5	7610	卖盘
13:51:09	15.24	--	1	1524	买盘
13:51:06	15.24	--	22	33528	卖盘
13:51:03	15.24	--	6	9144	卖盘
13:50:57	15.24	--	9	13716	卖盘
13:50:51	15.24	0.03	196	298704	买盘
13:50:48	15.21	0.01	2	3042	中性盘
13:50:30	15.2	-0.02	6	9120	卖盘
13:50:27	15.22	0.02	28	42616	买盘
13:50:21	15.2	--	4	6080	买盘
13:50:18	15.2	-0.04	1137	1728240	卖盘
13:50:15	15.24	--	13	19812	卖盘
13:50:12	15.24	--	51	77724	卖盘
13:50:03	15.24	--	186	283464	卖盘
13:50:00	15.24	--	16	24384	卖盘
13:49:57	15.24	--	9	13716	卖盘
13:49:54	15.24	--	3	4572	卖盘
13:49:51	15.24	0.01	1056	1609344	买盘
13:49:48	15.23	--	6	9138	卖盘
13:49:42	15.23	-0.01	7	10661	卖盘
13:49:39	15.24	--	53	80772	卖盘
13:49:36	15.24	--	49	74676	卖盘
13:49:33	15.24	--	57	86868	卖盘
13:49:30	15.24	--	18	27432	卖盘
13:49:24	15.24	--	10	15240	卖盘
13:49:15	15.24	--	15	22860	卖盘
13:49:12	15.24	-0.01	27	41148	卖盘
13:49:09	15.25	0.01	10	15250	买盘
13:49:06	15.24	--	6	9144	卖盘
13:49:03	15.24	--	46	70104	卖盘
13:49:00	15.24	-0.01	13	19812	卖盘
13:48:57	15.25	0.01	6	9150	买盘
13:48:54	15.24	--	10	15240	卖盘
13:48:51	15.24	--	5	7620	卖盘
13:48:48	15.24	--	8	12192	卖盘
13:48:42	15.24	--	1	1524	卖盘
13:48:39	15.24	--	45	68580	买盘
13:48:30	15.24	0.03	25	38100	中性盘
13:48:15	15.21	-0.04	1000	1521000	卖盘
13:48:12	15.25	--	3	4575	卖盘
13:48:09	15.25	--	176	268400	买盘
13:48:03	15.25	--	15	22875	买盘
13:48:00	15.25	0.01	11	16775	买盘
13:47:57	15.24	--	1	1524	卖盘
13:47:54	15.24	--	3	4572	卖盘
13:47:51	15.24	--	31	47244	卖盘
13:47:48	15.24	--	10	15240	卖盘
13:47:45	15.24	-0.01	50	76200	卖盘
13:47:42	15.25	0.01	11	16775	买盘
13:47:39	15.24	-0.01	13	19812	卖盘
13:47:36	15.25	0.01	20	30500	买盘
13:47:33	15.24	--	10	15240	卖盘
13:47:18	15.24	-0.01	9	13716	卖盘
13:47:15	15.25	0.01	22	33550	买盘
13:47:09	15.24	--	1	1524	卖盘
13:47:06	15.24	-0.01	1	1524	卖盘
13:47:03	15.25	--	1	1525	买盘
13:46:57	15.25	--	20	30500	买盘
13:46:54	15.25	--	18	27450	买盘
13:46:51	15.25	0.01	9	13725	买盘
13:46:48	15.24	--	50	76200	卖盘
13:46:45	15.24	-0.01	16	24384	卖盘
13:46:33	15.25	0.01	10	15250	买盘
13:46:27	15.24	-0.02	20	30480	卖盘
13:46:21	15.26	0.02	5	7630	买盘
13:46:18	15.24	-0.01	207	315468	卖盘
13:46:15	15.25	--	137	208925	买盘
13:46:12	15.25	0.01	1	1525	买盘
13:46:09	15.24	-0.01	12	18288	卖盘
13:46:03	15.25	0.01	3	4575	买盘
13:46:00	15.24	-0.01	5	7620	卖盘
13:45:54	15.25	--	12	18300	买盘
13:45:51	15.25	--	10	15250	买盘
13:45:48	15.25	-0.01	5	7625	卖盘
13:45:45	15.26	--	5	7630	买盘
13:45:42	15.26	--	4	6104	买盘
13:45:39	15.26	--	1	1526	买盘
13:45:30	15.26	--	2	3052	买盘
13:45:21	15.26	--	15	22890	买盘
13:45:18	15.26	--	3	4578	买盘
13:45:12	15.26	--	8	12208	卖盘
13:45:09	15.26	--	10	15260	卖盘
13:45:06	15.26	-0.01	4	6104	中性盘
13:45:03	15.27	0.02	16	24432	买盘
13:45:00	15.25	-0.01	213	324825	卖盘
13:44:57	15.26	0.01	112	170912	买盘
13:44:54	15.25	-0.01	2	3050	卖盘
13:44:51	15.26	--	16	24416	买盘
13:44:48	15.26	0.01	1	1526	买盘
13:44:42	15.25	--	54	82350	卖盘
13:44:39	15.25	--	244	372100	卖盘
13:44:36	15.25	--	10	15250	卖盘
13:44:33	15.25	--	5	7625	卖盘
13:44:30	15.25	-0.01	4	6100	卖盘
13:44:27	15.26	0.01	3	4578	买盘
13:44:21	15.25	-0.01	12	18300	卖盘
13:44:15	15.26	--	38	57988	买盘
13:44:12	15.26	--	17	25942	买盘
13:44:09	15.26	0.01	7	10682	买盘
13:44:06	15.25	-0.01	9	13725	卖盘
13:43:54	15.26	--	18	27468	买盘
13:43:51	15.26	--	2	3052	买盘
13:43:39	15.26	0.01	40	61040	买盘
13:43:30	15.25	--	3	4575	卖盘
13:43:24	15.25	--	25	38125	卖盘
13:43:21	15.25	--	20	30500	卖盘
13:43:18	15.25	--	4	6100	卖盘
13:43:15	15.25	--	37	56425	卖盘
13:43:12	15.25	--	13	19825	卖盘
13:43:06	15.25	-0.01	3	4575	卖盘
13:43:03	15.26	0.01	2	3052	买盘
13:43:00	15.25	--	100	152500	买盘
13:42:57	15.25	0.01	26	39650	买盘
13:42:54	15.24	--	10	15240	卖盘
13:42:48	15.24	-0.01	1	1524	卖盘
13:42:45	15.25	--	26	39650	买盘
13:42:42	15.25	--	3	4575	卖盘
13:42:39	15.25	--	30	45750	卖盘
13:42:36	15.25	0.01	1	1525	中性盘
13:42:33	15.24	--	7	10668	卖盘
13:42:27	15.24	-0.01	244	371856	卖盘
13:42:24	15.25	0.01	547	834175	买盘
13:42:21	15.24	--	13	19812	卖盘
13:42:18	15.24	--	36	54864	卖盘
13:42:15	15.24	--	10	15240	卖盘
13:42:12	15.24	--	36	54864	卖盘
13:42:06	15.24	--	6	9144	卖盘
13:42:03	15.24	--	7	10668	卖盘
13:42:00	15.24	--	157	239268	买盘
13:41:51	15.24	--	2	3048	买盘
13:41:48	15.24	0.01	5	7620	买盘
13:41:45	15.23	--	11	16753	卖盘
13:41:42	15.23	--	15	22845	卖盘
13:41:36	15.23	0.02	524	798052	买盘
13:41:27	15.21	--	10	15210	买盘
13:41:15	15.21	0.01	5	7605	买盘
13:41:12	15.2	--	22	33440	卖盘
13:41:09	15.2	--	3	4560	卖盘
13:41:03	15.2	-0.01	9	13680	卖盘
13:41:00	15.21	0.01	6	9126	买盘
13:40:54	15.2	-0.01	7	10640	卖盘
13:40:51	15.21	0.01	6	9126	买盘
13:40:42	15.2	--	45	68400	卖盘
13:40:39	15.2	--	6	9120	卖盘
13:40:33	15.2	0.01	22	33440	买盘
13:40:27	15.19	-0.01	10	15190	卖盘
13:40:24	15.2	0.01	5	7600	买盘
13:40:18	15.19	-0.01	3	4557	卖盘
13:40:15	15.2	--	78	118560	卖盘
13:40:12	15.2	--	65	98800	卖盘
13:40:09	15.2	--	12	18240	卖盘
13:40:06	15.2	0.01	76	116888	买盘
13:40:00	15.19	--	1	1519	卖盘
13:39:54	15.19	--	20	30380	卖盘
13:39:48	15.19	-0.01	26	39494	卖盘
13:39:45	15.2	0.01	5	7600	买盘
13:39:42	15.19	-0.01	40	60760	卖盘
13:39:39	15.2	--	174	264480	买盘
13:39:36	15.2	0.01	9	13680	买盘
13:39:33	15.19	--	10	15190	卖盘
13:39:30	15.19	--	5	7595	卖盘
13:39:27	15.19	--	2	3038	卖盘
13:39:18	15.19	-0.01	3	4557	卖盘
13:39:15	15.2	0.01	8	12160	买盘
13:39:12	15.19	--	8	12152	卖盘
13:39:06	15.19	--	15	22785	卖盘
13:39:03	15.19	--	35	53165	买盘
13:39:00	15.19	-0.01	30	45570	中性盘
13:38:57	15.2	0.01	100	152000	买盘
13:38:54	15.19	0.01	73	110887	买盘
13:38:51	15.18	--	4	6072	买盘
13:38:48	15.18	0.01	2	3036	中性盘
13:38:42	15.17	-0.02	130	197210	卖盘
13:38:36	15.19	-0.01	17	25823	买盘
13:38:27	15.2	0.02	210	319200	买盘
13:38:21	15.18	-0.01	18	27324	卖盘
13:38:18	15.19	-0.01	51	77469	卖盘
13:38:12	15.2	0.01	90	136800	买盘
13:38:06	15.19	-0.01	35	53165	卖盘
13:38:03	15.2	--	20	30400	买盘
13:38:00	15.2	0.01	6	9120	买盘
13:37:57	15.19	--	65	98735	卖盘
13:37:51	15.19	--	4	6076	卖盘
13:37:42	15.19	-0.01	11	16709	卖盘
13:37:39	15.2	--	3	4712	卖盘
13:37:36	15.2	--	35	53200	卖盘
13:37:33	15.2	--	23	34960	卖盘
13:37:27	15.2	--	90	138168	买盘
13:37:21	15.2	--	21	32072	卖盘
13:37:18	15.2	--	100	152000	卖盘
13:37:15	15.2	-0.01	5	7600	卖盘
13:37:12	15.21	0.01	1	1521	买盘
13:37:09	15.2	--	260	395200	卖盘
13:37:06	15.2	--	251	381520	卖盘
13:37:03	15.2	-0.01	407	618640	卖盘
13:37:00	15.21	0.01	12	19620	买盘
13:36:57	15.2	--	15	22800	卖盘
13:36:54	15.2	--	55	83600	卖盘
13:36:51	15.2	-0.01	402	611040	卖盘
13:36:48	15.21	--	81	123201	买盘
13:36:42	15.21	0.01	26	39546	买盘
13:36:39	15.2	--	2	3040	卖盘
13:36:36	15.2	--	80	121600	卖盘
13:36:33	15.2	--	23	34960	卖盘
13:36:30	15.2	-0.01	7	10640	卖盘
13:36:27	15.21	--	57	86697	买盘
13:36:18	15.21	--	25	38177	卖盘
13:36:15	15.21	-0.01	104	158184	卖盘
13:36:12	15.22	0.01	5	7610	买盘
13:36:03	15.21	-0.02	500	760500	卖盘
13:35:57	15.23	0.01	1	1523	买盘
13:35:48	15.22	--	6	9132	卖盘
13:35:45	15.22	-0.01	5	7610	卖盘
13:35:36	15.23	--	20	30460	买盘
13:35:33	15.23	--	114	173622	卖盘
13:35:27	15.23	--	3	4569	卖盘
13:35:24	15.23	--	13	19799	卖盘
13:35:18	15.23	-0.01	405	616815	卖盘
13:35:09	15.24	0.01	116	176784	买盘
13:35:00	15.23	-0.01	1	1523	卖盘
13:34:57	15.24	0.01	17	25908	买盘
13:34:54	15.23	--	1	1523	卖盘
13:34:51	15.23	--	17	25891	卖盘
13:34:48	15.23	--	3	4569	卖盘
13:34:42	15.23	--	1	1523	卖盘
13:34:39	15.23	--	2	3046	卖盘
13:34:36	15.23	--	73	111179	卖盘
13:34:33	15.23	--	47	71581	卖盘
13:34:30	15.23	-0.01	8	12184	卖盘
13:34:27	15.24	--	35	53340	买盘
13:34:21	15.24	--	49	74676	买盘
13:34:09	15.24	--	1	1524	买盘
13:34:03	15.24	--	17	26197	卖盘
13:34:00	15.24	-0.01	8	12192	卖盘
13:33:57	15.25	--	23	35075	买盘
13:33:54	15.25	0.01	42	64050	买盘
13:33:51	15.24	--	22	33528	卖盘
13:33:48	15.24	--	26	39624	卖盘
13:33:45	15.24	--	17	25908	卖盘
13:33:42	15.24	--	1	1524	卖盘
13:33:39	15.24	--	51	77724	卖盘
13:33:36	15.24	--	10	15240	卖盘
13:33:30	15.24	--	376	574258	买盘
13:33:27	15.24	--	4	6096	买盘
13:33:24	15.24	--	20	30480	买盘
13:33:18	15.24	--	134	204505	卖盘
13:33:15	15.24	-0.01	2	3048	卖盘
13:33:06	15.25	0.01	10	15250	买盘
13:33:00	15.24	-0.01	14	21336	卖盘
13:32:54	15.25	0.01	35	53375	买盘
13:32:51	15.24	--	8	12192	卖盘
13:32:42	15.24	-0.01	5	7620	卖盘
13:32:39	15.25	--	2	3050	买盘
13:32:36	15.25	--	10	15250	买盘
13:32:27	15.25	-0.01	21	32025	中性盘
13:32:21	15.26	0.01	110	167860	买盘
13:32:18	15.25	--	67	102175	卖盘
13:32:09	15.25	--	10	15250	卖盘
13:32:06	15.25	-0.01	30	45750	卖盘
13:32:03	15.26	0.01	5	7630	买盘
13:31:57	15.25	--	5	7625	卖盘
13:31:54	15.25	-0.01	15	22875	卖盘
13:31:51	15.26	0.01	53	80878	买盘
13:31:45	15.25	--	11	16775	卖盘
13:31:42	15.25	--	2	3050	卖盘
13:31:39	15.25	--	3	4575	卖盘
13:31:33	15.25	--	2	3050	卖盘
13:31:30	15.25	--	92	140300	买盘
13:31:27	15.25	0.01	22	33550	买盘
13:31:24	15.24	-0.01	6	9144	卖盘
13:31:21	15.25	--	10	15250	买盘
13:31:15	15.25	0.01	1	1525	买盘
13:31:12	15.24	--	10	15240	卖盘
13:31:06	15.24	--	17	25908	卖盘
13:31:03	15.24	-0.01	5	7620	卖盘
13:31:00	15.25	0.01	5	7625	买盘
13:30:54	15.24	--	100	152400	卖盘
13:30:48	15.24	--	26	39624	卖盘
13:30:45	15.24	-0.01	15	22860	卖盘
13:30:42	15.25	0.01	1	1525	买盘
13:30:39	15.24	-0.01	30	45720	卖盘
13:30:36	15.25	--	16	24400	买盘
13:30:33	15.25	0.01	11	16775	买盘
13:30:30	15.24	-0.01	2	3048	卖盘
13:30:21	15.25	0.01	25	38125	买盘
13:30:15	15.24	--	50	76200	卖盘
13:30:12	15.24	-0.01	10	15240	卖盘
13:30:06	15.25	0.01	40	61000	买盘
13:30:03	15.24	--	5	7620	卖盘
13:30:00	15.24	--	1	1524	卖盘
13:29:51	15.24	--	3	4572	卖盘
13:29:48	15.24	0.01	27	42382	买盘
13:29:45	15.23	-0.01	153	233019	卖盘
13:29:42	15.24	0.01	25	38100	买盘
13:29:39	15.23	--	50	76150	卖盘
13:29:30	15.23	-0.01	11	16753	卖盘
13:29:27	15.24	0.01	25	38100	买盘
13:29:21	15.23	--	40	60920	卖盘
13:29:18	15.23	-0.01	80	121840	卖盘
13:29:15	15.24	--	3	4572	买盘
13:29:12	15.24	0.01	58	88392	买盘
13:29:09	15.23	--	50	76150	卖盘
13:29:06	15.23	--	32	48736	卖盘
13:29:03	15.23	-0.01	7	10661	卖盘
13:29:00	15.24	--	1	1524	买盘
13:28:57	15.24	--	6	9144	买盘
13:28:54	15.24	--	9	13716	买盘
13:28:48	15.24	--	28	42672	买盘
13:28:42	15.24	--	10	15240	买盘
13:28:36	15.24	--	60	91440	买盘
13:28:30	15.24	--	106	161833	卖盘
13:28:21	15.24	--	30	45720	卖盘
13:28:18	15.24	--	2	3048	卖盘
13:28:09	15.24	--	6	9144	卖盘
13:28:06	15.24	--	16	24384	卖盘
13:28:03	15.24	--	48	73152	卖盘
13:28:00	15.24	--	37	56388	卖盘
13:27:57	15.24	--	2	3048	卖盘
13:27:54	15.24	--	80	121920	卖盘
13:27:51	15.24	-0.01	23	35052	卖盘
13:27:48	15.25	--	5	7625	买盘
13:27:45	15.25	0.01	22	33550	买盘
13:27:42	15.24	--	33	50292	卖盘
13:27:39	15.24	-0.01	100	152400	卖盘
13:27:36	15.25	--	2	3050	买盘
13:27:33	15.25	--	17	25925	买盘
13:27:30	15.25	0.01	55	83875	买盘
13:27:27	15.24	--	5	7620	卖盘
13:27:24	15.24	-0.01	37	56388	卖盘
13:27:21	15.25	0.01	102	155550	买盘
13:27:18	15.24	--	162	248122	买盘
13:27:15	15.24	--	10	15240	买盘
13:27:12	15.24	--	2	3048	买盘
13:27:09	15.24	0.01	45	68580	买盘
13:27:06	15.23	-0.01	145	220835	卖盘
13:27:03	15.24	--	32	48768	买盘
13:27:00	15.24	0.01	74	112776	买盘
13:26:54	15.23	--	38	57874	卖盘
13:26:51	15.23	-0.01	31	47213	卖盘
13:26:48	15.24	0.01	11	16764	买盘
13:26:42	15.23	-0.01	4	6092	卖盘
13:26:39	15.24	--	8	12192	买盘
13:26:33	15.24	--	15	22860	买盘
13:26:30	15.24	0.01	34	51816	买盘
13:26:27	15.23	-0.01	40	60920	卖盘
13:26:24	15.24	0.01	4	6096	买盘
13:26:21	15.23	-0.01	15	22845	卖盘
13:26:18	15.24	--	6	9144	买盘
13:26:15	15.24	--	11	16764	买盘
13:26:12	15.24	--	38	57912	买盘
13:26:09	15.24	--	33	50292	买盘
13:26:06	15.24	--	11	16764	买盘
13:26:03	15.24	--	37	56388	买盘
13:26:00	15.24	0.01	25	38100	买盘
13:25:57	15.23	--	5	7615	卖盘
13:25:54	15.23	-0.01	26	39598	卖盘
13:25:51	15.24	--	29	44196	买盘
13:25:48	15.24	0.01	93	141732	买盘
13:25:45	15.23	-0.01	7	10661	卖盘
13:25:42	15.24	--	42	64008	买盘
13:25:39	15.24	--	54	82296	买盘
13:25:36	15.24	--	7	10668	买盘
13:25:33	15.24	--	10	15240	买盘
13:25:30	15.24	0.02	2	3048	买盘
13:25:27	15.22	--	19	28918	卖盘
13:25:24	15.22	-0.01	500	761000	卖盘
13:25:21	15.23	-0.01	51	77673	卖盘
13:25:18	15.24	0.02	180	274320	买盘
13:25:15	15.22	-0.01	41	62402	卖盘
13:25:12	15.23	0.01	19	28937	买盘
13:25:09	15.22	0.01	42	63924	买盘
13:25:06	15.21	-0.01	15	22815	卖盘
13:25:03	15.22	--	16	24352	卖盘
13:25:00	15.22	--	6	9132	买盘
13:24:57	15.22	--	104	158288	卖盘
13:24:54	15.22	--	358	546245	买盘
13:24:51	15.22	--	11	16742	买盘
13:24:48	15.22	--	80	121760	买盘
13:24:45	15.22	--	20	30440	买盘
13:24:39	15.22	--	1	1522	买盘
13:24:36	15.22	--	182	277004	卖盘
13:24:33	15.22	--	33	50226	卖盘
13:24:30	15.22	--	51	77622	卖盘
13:24:27	15.22	--	80	121760	卖盘
13:24:24	15.22	-0.01	22	33484	卖盘
13:24:21	15.23	--	10	15230	买盘
13:24:18	15.23	0.01	129	196467	买盘
13:24:15	15.22	-0.01	55	83710	卖盘
13:24:09	15.23	0.01	10	15230	买盘
13:24:06	15.22	-0.01	118	179596	卖盘
13:24:00	15.23	0.01	1	1523	买盘
13:23:57	15.22	-0.01	10	15220	卖盘
13:23:54	15.23	--	142	216266	卖盘
13:23:51	15.23	--	10	15230	卖盘
13:23:48	15.23	--	41	62443	卖盘
13:23:45	15.23	--	35	53305	卖盘
13:23:42	15.23	--	40	60920	卖盘
13:23:39	15.23	-0.01	8	12184	卖盘
13:23:36	15.24	0.01	2	3048	买盘
13:23:33	15.23	--	58	88334	卖盘
13:23:30	15.23	-0.01	3	4569	卖盘
13:23:24	15.24	--	1	1524	买盘
13:23:18	15.24	--	321	489356	卖盘
13:23:15	15.24	-0.01	18	27432	卖盘
13:23:12	15.25	0.01	35	53375	买盘
13:23:09	15.24	--	10	15240	卖盘
13:23:06	15.24	-0.01	8	12192	卖盘
13:23:00	15.25	--	10	15250	买盘
13:22:57	15.25	--	20	30500	买盘
13:22:54	15.25	--	43	65575	卖盘
13:22:48	15.25	--	3	4575	卖盘
13:22:45	15.25	-0.01	1	1525	卖盘
13:22:42	15.26	--	7	10682	买盘
13:22:39	15.26	0.01	4	6104	买盘
13:22:36	15.25	--	1	1525	卖盘
13:22:33	15.25	--	3	4575	卖盘
13:22:30	15.25	--	15	22875	卖盘
13:22:27	15.25	--	20	30500	卖盘
13:22:24	15.25	-0.01	100	152500	卖盘
13:22:18	15.26	--	10	15260	卖盘
13:22:09	15.26	-0.01	7	10682	卖盘
13:22:06	15.27	0.01	71	108417	买盘
13:22:03	15.26	--	18	27468	卖盘
13:22:00	15.26	--	23	35098	卖盘
13:21:57	15.26	-0.01	27	41202	卖盘
13:21:54	15.27	0.01	40	61080	买盘
13:21:51	15.26	--	45	68670	卖盘
13:21:48	15.26	--	5	7630	卖盘
13:21:45	15.26	--	9	13734	卖盘
13:21:42	15.26	-0.01	7	10682	卖盘
13:21:39	15.27	0.01	1	1527	买盘
13:21:36	15.26	--	12	18312	卖盘
13:21:33	15.26	--	3	4578	卖盘
13:21:27	15.26	--	3	4578	卖盘
13:21:24	15.26	--	15	22890	卖盘
13:21:21	15.26	--	50	76300	卖盘
13:21:18	15.26	-0.02	24	36624	卖盘
13:21:12	15.28	0.01	13	19864	买盘
13:21:09	15.27	--	55	84000	卖盘
13:21:06	15.27	--	28	42756	卖盘
13:21:03	15.27	--	118	180186	卖盘
13:21:00	15.27	--	8	12216	卖盘
13:20:57	15.27	--	22	33594	卖盘
13:20:54	15.27	--	71	108417	卖盘
13:20:51	15.27	--	16	24432	卖盘
13:20:48	15.27	--	10	15270	卖盘
13:20:45	15.27	--	32	48864	卖盘
13:20:42	15.27	--	5	7635	卖盘
13:20:39	15.27	--	45	68715	卖盘
13:20:36	15.27	--	30	45810	卖盘
13:20:33	15.27	--	6	9162	卖盘
13:20:30	15.27	--	20	30540	卖盘
13:20:27	15.27	-0.01	11	16797	卖盘
13:20:24	15.28	0.01	2	3056	买盘
13:20:18	15.27	--	140	213780	卖盘
13:20:12	15.27	--	2	3054	卖盘
13:20:09	15.27	--	200	305400	卖盘
13:20:06	15.27	-0.01	5	7635	卖盘
13:20:03	15.28	0.01	50	76400	买盘
13:20:00	15.27	--	42	64134	卖盘
13:19:54	15.27	-0.01	20	30540	卖盘
13:19:51	15.28	--	140	213920	买盘
13:19:48	15.28	--	1	1528	买盘
13:19:45	15.28	--	139	212392	买盘
13:19:39	15.28	0.01	73	111544	买盘
13:19:36	15.27	--	66	100782	卖盘
13:19:33	15.27	-0.01	19	29013	卖盘
13:19:30	15.28	--	50	76400	买盘
13:19:27	15.28	0.01	8	12224	买盘
13:19:24	15.27	--	20	30540	卖盘
13:19:21	15.27	--	29	44283	卖盘
13:19:15	15.27	--	30	45810	卖盘
13:19:12	15.27	0.01	397	607730	买盘
13:19:09	15.26	--	60	91560	卖盘
13:19:06	15.26	--	318	485268	卖盘
13:19:03	15.26	--	19	28994	卖盘
13:19:00	15.26	--	42	64092	买盘
13:18:57	15.26	--	9	13734	买盘
13:18:54	15.26	0.01	23	35098	买盘
13:18:51	15.25	-0.01	3	4575	卖盘
13:18:48	15.26	--	108	164808	买盘
13:18:45	15.26	--	107	163282	买盘
13:18:42	15.26	--	15	22890	买盘
13:18:39	15.26	--	53	80878	买盘
13:18:36	15.26	--	40	61040	买盘
13:18:33	15.26	--	51	77826	买盘
13:18:27	15.26	--	164	250264	卖盘
13:18:24	15.26	--	179	273154	卖盘
13:18:18	15.26	0.01	43	65618	买盘
13:18:15	15.25	--	10	15250	卖盘
13:18:12	15.25	--	7	10675	卖盘
13:18:09	15.25	--	25	38125	买盘
13:18:03	15.25	--	25	38125	买盘
13:18:00	15.25	0.01	20	30500	买盘
13:17:57	15.24	--	2	3048	卖盘
13:17:54	15.24	--	45	68580	卖盘
13:17:51	15.24	--	228	347472	卖盘
13:17:39	15.24	-0.01	57	86868	卖盘
13:17:36	15.25	--	47	71675	卖盘
13:17:33	15.25	--	11	16775	卖盘
13:17:30	15.25	0.01	441	673897	买盘
13:17:27	15.24	--	10	15240	卖盘
13:17:24	15.24	--	40	60960	卖盘
13:17:21	15.24	--	8	12192	卖盘
13:17:18	15.24	--	52	79248	卖盘
13:17:15	15.24	--	39	59436	买盘
13:17:12	15.24	--	110	167640	买盘
13:17:09	15.24	-0.01	130	198120	买盘
13:17:00	15.25	0.01	52	79300	买盘
13:16:57	15.24	--	109	166116	卖盘
13:16:54	15.24	--	3	4572	卖盘
13:16:51	15.24	--	12	18288	卖盘
13:16:42	15.24	--	205	312420	卖盘
13:16:39	15.24	-0.01	21	32004	卖盘
13:16:36	15.25	--	3	4575	买盘
13:16:33	15.25	--	23	35075	买盘
13:16:27	15.25	--	94	143350	卖盘
13:16:24	15.25	-0.01	6	9150	卖盘
13:16:21	15.26	0.01	77	117502	买盘
13:16:18	15.25	--	9	13725	卖盘
13:16:15	15.25	--	196	298900	卖盘
13:16:12	15.25	--	18	27450	卖盘
13:16:09	15.25	--	68	103700	卖盘
13:16:06	15.25	-0.01	16	24400	卖盘
13:16:03	15.26	0.01	136	207536	买盘
13:16:00	15.25	--	2	3050	卖盘
13:15:57	15.25	--	68	103700	卖盘
13:15:54	15.25	-0.01	3	4575	卖盘
13:15:51	15.26	--	37	56462	买盘
13:15:48	15.26	0.01	9	13734	买盘
13:15:45	15.25	-0.01	12	18300	卖盘
13:15:42	15.26	--	15	22890	买盘
13:15:39	15.26	0.01	84	128184	买盘
13:15:36	15.25	--	12	18300	卖盘
13:15:33	15.25	-0.01	164	250100	卖盘
13:15:30	15.26	0.01	25	38150	买盘
13:15:27	15.25	--	19	28975	卖盘
13:15:24	15.25	--	5	7625	卖盘
13:15:21	15.25	--	268	408700	卖盘
13:15:18	15.25	-0.01	183	279075	卖盘
13:15:12	15.26	--	2	3052	买盘
13:15:09	15.26	-0.01	765	1167542	卖盘
13:15:06	15.27	--	2	3054	卖盘
13:15:03	15.27	--	641	978807	卖盘
13:15:00	15.27	--	218	332886	卖盘
13:14:57	15.27	--	186	284327	买盘
13:14:54	15.27	--	28	42756	买盘
13:14:51	15.27	0.01	68	103836	买盘
13:14:48	15.26	-0.01	220	336788	卖盘
13:14:45	15.27	0.01	64	97728	买盘
13:14:42	15.26	-0.01	44	67144	卖盘
13:14:39	15.27	--	54	82458	买盘
13:14:36	15.27	--	46	70242	买盘
13:14:24	15.27	--	1450	2215371	卖盘
13:14:21	15.27	--	68	103836	卖盘
13:14:18	15.27	--	58	88566	卖盘
13:14:15	15.27	--	30	45810	卖盘
13:14:12	15.27	--	5	7635	卖盘
13:14:06	15.27	--	122	186294	卖盘
13:14:03	15.27	-0.01	473	722271	卖盘
13:14:00	15.28	0.01	35	53480	买盘
13:13:57	15.27	-0.01	4	6108	卖盘
13:13:45	15.28	0.01	3	4584	买盘
13:13:42	15.27	--	10	15270	卖盘
13:13:36	15.27	-0.01	11	16797	卖盘
13:13:33	15.28	0.01	70	106960	买盘
13:13:30	15.27	-0.01	10	15270	卖盘
13:13:27	15.28	--	9	13752	买盘
13:13:24	15.28	--	14	21392	买盘
13:13:21	15.28	0.01	10	15280	买盘
13:13:18	15.27	--	100	152700	卖盘
13:13:15	15.27	--	12	18324	卖盘
13:13:12	15.27	-0.01	50	76350	卖盘
13:13:09	15.28	0.01	15	22920	买盘
13:13:06	15.27	-0.01	66	100782	卖盘
13:13:00	15.28	0.01	75	114600	买盘
13:12:57	15.27	--	58	88566	卖盘
13:12:54	15.27	-0.01	7	10689	卖盘
13:12:48	15.28	--	20	30560	卖盘
13:12:45	15.28	--	163	249064	卖盘
13:12:42	15.28	--	115	175720	卖盘
13:12:39	15.28	--	9	13752	卖盘
13:12:36	15.28	-0.01	1	1528	卖盘
13:12:33	15.29	0.01	20	30580	买盘
13:12:27	15.28	--	5	7640	卖盘
13:12:24	15.28	--	43	65704	卖盘
13:12:21	15.28	--	2	3056	卖盘
13:12:18	15.28	--	6	9168	卖盘
13:12:15	15.28	--	52	79456	卖盘
13:12:12	15.28	-0.01	22	33616	卖盘
13:12:09	15.29	0.01	1	1529	买盘
13:12:03	15.28	--	7	10696	卖盘
13:12:00	15.28	-0.01	247	377416	卖盘
13:11:57	15.29	0.01	9	13761	买盘
13:11:54	15.28	--	15	22920	卖盘
13:11:48	15.28	--	34	51952	卖盘
13:11:45	15.28	--	95	145160	买盘
13:11:42	15.28	-0.01	35	53480	买盘
13:11:33	15.29	0.01	236	360844	买盘
13:11:30	15.28	--	168	256704	卖盘
13:11:27	15.28	--	56	85568	卖盘
13:11:15	15.28	--	69	105432	卖盘
13:11:12	15.28	--	183	279624	买盘
13:11:09	15.28	--	10	15280	买盘
13:11:06	15.28	--	4	6112	买盘
13:11:03	15.28	--	10	15280	买盘
13:11:00	15.28	--	33	50424	卖盘
13:10:57	15.28	--	15	22920	卖盘
13:10:54	15.28	--	6	9168	卖盘
13:10:51	15.28	--	125	191000	买盘
13:10:45	15.28	--	10	15280	卖盘
13:10:42	15.28	--	314	479792	卖盘
13:10:39	15.28	--	10	15280	卖盘
13:10:36	15.28	-0.01	40	61120	卖盘
13:10:33	15.29	0.01	10	15290	买盘
13:10:30	15.28	--	14	21392	卖盘
13:10:27	15.28	--	14	21392	卖盘
13:10:24	15.28	-0.01	32	48896	卖盘
13:10:21	15.29	--	9	13761	买盘
13:10:18	15.29	0.01	24	36696	买盘
13:10:15	15.28	--	33	50424	卖盘
13:10:06	15.28	-0.01	19	29032	卖盘
13:10:03	15.29	--	52	79508	卖盘
13:10:00	15.29	--	53	81037	买盘
13:09:57	15.29	0.01	20	30580	买盘
13:09:54	15.28	--	6	9168	卖盘
13:09:51	15.28	-0.01	6	9168	卖盘
13:09:48	15.29	--	15	22935	买盘
13:09:45	15.29	0.01	5	7645	买盘
13:09:42	15.28	-0.01	6	9168	卖盘
13:09:39	15.29	--	96	146784	买盘
13:09:36	15.29	--	33	50457	买盘
13:09:33	15.29	--	12	18348	买盘
13:09:30	15.29	--	6	9174	买盘
13:09:27	15.29	--	18	27522	买盘
13:09:24	15.29	--	30	45870	买盘
13:09:21	15.29	0.01	3	4587	买盘
13:09:15	15.28	-0.01	10	15280	卖盘
13:09:12	15.29	--	40	61160	买盘
13:09:09	15.29	--	83	126907	卖盘
13:09:03	15.29	--	4	6116	卖盘
13:09:00	15.29	--	95	145255	买盘
13:08:54	15.29	0.01	7	10703	买盘
13:08:51	15.28	-0.01	30	45840	卖盘
13:08:48	15.29	--	26	39754	买盘
13:08:45	15.29	--	11	16819	买盘
13:08:42	15.29	0.01	4	6116	买盘
13:08:39	15.28	-0.01	11	16808	卖盘
13:08:33	15.29	--	3	4587	买盘
13:08:30	15.29	0.01	3	4587	买盘
13:08:21	15.28	--	54	82512	买盘
13:08:18	15.28	0.01	123	187944	买盘
13:08:15	15.27	-0.01	22	33594	卖盘
13:08:12	15.28	--	30	45840	买盘
13:08:09	15.28	--	20	30560	买盘
13:08:06	15.28	0.01	9	13752	买盘
13:08:03	15.27	-0.01	22	33594	卖盘
13:08:00	15.28	0.01	9	13752	买盘
13:07:57	15.27	--	40	61385	买盘
13:07:54	15.27	--	1	1527	买盘
13:07:51	15.27	0.01	72	109944	买盘
13:07:48	15.26	-0.01	114	173964	卖盘
13:07:42	15.27	0.01	65	99255	买盘
13:07:39	15.26	-0.01	1	1526	卖盘
13:07:36	15.27	--	20	30540	买盘
13:07:33	15.27	0.01	42	64134	买盘
13:07:30	15.26	--	22	33572	卖盘
13:07:27	15.26	-0.01	55	83930	卖盘
13:07:24	15.27	--	41	62607	买盘
13:07:21	15.27	--	17	25959	买盘
13:07:18	15.27	0.01	11	16797	买盘
13:07:15	15.26	-0.01	50	76300	卖盘
13:07:03	15.27	0.01	15	22905	买盘
13:07:00	15.26	-0.01	106	161756	卖盘
13:06:57	15.27	-0.01	7	10689	卖盘
13:06:54	15.28	0.01	19	29032	买盘
13:06:51	15.27	-0.01	4	6108	中性盘
13:06:45	15.28	0.01	92	140576	买盘
13:06:42	15.27	-0.01	25	38175	卖盘
13:06:39	15.28	0.01	6	9168	买盘
13:06:36	15.27	-0.01	11	16797	卖盘
13:06:33	15.28	--	32	48896	买盘
13:06:30	15.28	0.01	6	9168	买盘
13:06:24	15.27	--	42	64134	卖盘
13:06:21	15.27	--	50	76350	卖盘
13:06:18	15.27	--	14	21378	卖盘
13:06:15	15.27	-0.01	10	15270	卖盘
13:06:03	15.28	0.01	5	7640	买盘
13:06:00	15.27	-0.01	678	1035306	卖盘
13:05:57	15.28	--	21	32088	卖盘
13:05:54	15.28	--	1	1528	卖盘
13:05:51	15.28	-0.01	20	30560	卖盘
13:05:48	15.29	0.01	19	29051	买盘
13:05:45	15.28	--	42	64176	卖盘
13:05:42	15.28	-0.01	43	65704	卖盘
13:05:30	15.29	--	35	53515	卖盘
13:05:27	15.29	-0.01	15	22935	卖盘
13:05:24	15.3	0.01	10	15300	买盘
13:05:21	15.29	--	3	4587	卖盘
13:05:18	15.29	-0.01	20	30580	买盘
13:05:15	15.3	0.01	23	35190	买盘
13:05:12	15.29	--	3	4587	买盘
13:05:06	15.29	-0.01	22	33638	卖盘
13:05:03	15.3	--	57	87210	买盘
13:04:57	15.3	-0.01	1589	2431170	卖盘
13:04:54	15.31	--	115	176065	买盘
13:04:51	15.31	--	4	6124	买盘
13:04:48	15.31	--	30	45930	买盘
13:04:45	15.31	--	25	38275	买盘
13:04:42	15.31	0.01	6	9186	买盘
13:04:36	15.3	--	5	7650	卖盘
13:04:30	15.3	--	34	52020	卖盘
13:04:27	15.3	--	45	68850	卖盘
13:04:24	15.3	--	20	30600	卖盘
13:04:21	15.3	--	36	55080	卖盘
13:04:18	15.3	--	71	108630	卖盘
13:04:15	15.3	0.01	145	221850	买盘
13:04:12	15.29	--	18	27522	买盘
13:04:09	15.29	--	91	139139	买盘
13:03:57	15.29	-0.01	38	58102	卖盘
13:03:54	15.3	0.01	41	62730	买盘
13:03:51	15.29	-0.01	53	81037	卖盘
13:03:48	15.3	--	35	53550	买盘
13:03:42	15.3	-0.01	30	45900	买盘
13:03:39	15.31	--	201	307731	买盘
13:03:36	15.31	--	10	15310	买盘
13:03:27	15.31	0.01	200	306200	买盘
13:03:24	15.3	-0.01	18	27540	卖盘
13:03:21	15.31	--	56	85736	卖盘
13:03:18	15.31	--	19	29089	卖盘
13:03:15	15.31	--	70	107170	卖盘
13:03:12	15.31	--	124	189844	卖盘
13:03:09	15.31	-0.01	29	44399	卖盘
13:03:06	15.32	0.01	18	27576	买盘
13:03:03	15.31	--	34	52054	卖盘
13:03:00	15.31	--	2	3062	卖盘
13:02:57	15.31	-0.01	140	214340	卖盘
13:02:54	15.32	--	22	33704	买盘
13:02:51	15.32	0.01	6	9192	买盘
13:02:48	15.31	--	10	15310	卖盘
13:02:42	15.31	--	210	321510	卖盘
13:02:39	15.31	--	12	18372	卖盘
13:02:36	15.31	0.01	353	540443	买盘
13:02:33	15.3	-0.01	41	62730	中性盘
13:02:27	15.31	0.01	3	4593	买盘
13:02:24	15.3	--	7	10710	买盘
13:02:21	15.3	--	94	143820	卖盘
13:02:18	15.3	-0.01	123	188190	卖盘
13:02:15	15.31	0.01	3	4593	买盘
13:02:12	15.3	--	63	96390	卖盘
13:02:09	15.3	--	47	71910	卖盘
13:02:06	15.3	-0.01	8	12240	卖盘
13:02:03	15.31	0.01	43	65833	买盘
13:02:00	15.3	--	50	76500	卖盘
13:01:57	15.3	0.02	241	368730	买盘
13:01:54	15.28	-0.01	3	4584	卖盘
13:01:51	15.29	--	14	21406	买盘
13:01:48	15.29	-0.01	13	19877	中性盘
13:01:45	15.3	--	112	171360	买盘
13:01:42	15.3	--	1	1530	买盘
13:01:39	15.3	--	7	10710	买盘
13:01:36	15.3	--	9	13770	买盘
13:01:33	15.3	--	30	45900	买盘
13:01:30	15.3	--	28	42840	买盘
13:01:24	15.3	--	20	30600	买盘
13:01:21	15.3	--	2	3060	买盘
13:01:18	15.3	-0.01	93	142290	卖盘
13:01:15	15.31	--	88	134728	卖盘
13:01:09	15.31	--	27	41337	买盘
13:01:06	15.31	-0.01	43	65833	卖盘
13:01:03	15.32	0.01	5	7660	买盘
13:01:00	15.31	--	2	3062	买盘
13:00:57	15.31	0.01	499	763969	买盘
13:00:54	15.3	-0.01	10	15300	卖盘
13:00:51	15.31	--	5	7655	买盘
13:00:48	15.31	--	19	29089	买盘
13:00:45	15.31	--	82	125542	买盘
13:00:42	15.31	--	163	249553	买盘
13:00:39	15.31	--	15	22965	买盘
13:00:36	15.31	0.01	2	3062	买盘
13:00:33	15.3	-0.01	12	18360	卖盘
13:00:30	15.31	0.01	7	10717	买盘
13:00:24	15.3	0.01	102	156060	买盘
13:00:15	15.29	--	14	21406	买盘
13:00:12	15.29	-0.02	19	29051	卖盘
13:00:09	15.31	0.02	801	1226331	买盘
13:00:06	15.29	0.01	51	77979	买盘
13:00:03	15.28	0.02	660	1008480	买盘
13:00:00	15.26	--	0	0	买盘
11:30:00	15.26	--	0	0	买盘
11:29:57	15.26	0.01	20	30520	买盘
11:29:54	15.25	-0.02	11	16775	卖盘
11:29:51	15.27	0.01	2	3054	买盘
11:29:48	15.26	--	1469	2241694	卖盘
11:29:45	15.26	--	45	68670	卖盘
11:29:42	15.26	--	10	15260	卖盘
11:29:39	15.26	-0.01	27	41202	卖盘
11:29:36	15.27	0.01	9	13743	买盘
11:29:33	15.26	-0.01	23	35098	卖盘
11:29:30	15.27	0.01	54	82458	买盘
11:29:27	15.26	--	10	15260	卖盘
11:29:24	15.26	--	108	164808	卖盘
11:29:21	15.26	--	1	1526	卖盘
11:29:18	15.26	--	1	1526	卖盘
11:29:15	15.26	0.01	50	76300	卖盘
11:29:12	15.25	-0.01	75	114375	卖盘
11:29:09	15.26	--	80	122080	买盘
11:29:06	15.26	0.01	210	320460	买盘
11:29:03	15.25	-0.01	31	47275	卖盘
11:29:00	15.26	0.01	3	4578	买盘
11:28:57	15.25	-0.01	15	22875	卖盘
11:28:54	15.26	0.01	1815	2769690	买盘
11:28:51	15.25	0.01	140	213500	买盘
11:28:48	15.24	--	8	12192	买盘
11:28:39	15.24	-0.01	42	64008	买盘
11:28:36	15.25	0.01	146	222650	买盘
11:28:33	15.24	-0.01	22	33528	中性盘
11:28:30	15.25	0.01	126	192150	买盘
11:28:27	15.24	--	62	94488	卖盘
11:28:24	15.24	--	5	7620	卖盘
11:28:21	15.24	0.01	270	411480	买盘
11:28:18	15.23	--	10	15230	买盘
11:28:15	15.23	--	10	15230	买盘
11:28:12	15.23	--	1	1523	买盘
11:28:09	15.23	0.02	25	38075	买盘
11:28:00	15.21	--	14	21294	卖盘
11:27:57	15.21	--	3	4563	卖盘
11:27:54	15.21	-0.01	10	15210	卖盘
11:27:48	15.22	--	1	1522	买盘
11:27:45	15.22	0.01	2	3044	买盘
11:27:42	15.21	--	60	91260	卖盘
11:27:39	15.21	-0.03	2	3042	卖盘
11:27:30	15.24	0.03	939	1431036	买盘
11:27:27	15.21	--	76	115596	卖盘
11:27:24	15.21	--	6	9126	卖盘
11:27:21	15.21	--	13	19773	卖盘
11:27:18	15.21	--	40	60840	卖盘
11:27:15	15.21	--	6	9126	卖盘
11:27:12	15.21	0.01	62	94302	中性盘
11:27:06	15.2	--	37	56240	卖盘
11:27:00	15.2	-0.01	58	88160	卖盘
11:26:57	15.21	--	5	7605	买盘
11:26:54	15.21	--	42	63882	买盘
11:26:51	15.21	--	8	12168	买盘
11:26:48	15.21	0.01	6	9126	买盘
11:26:45	15.2	-0.01	3	4560	卖盘
11:26:39	15.21	0.01	1	1521	买盘
11:26:36	15.2	-0.01	28	42560	卖盘
11:26:33	15.21	--	178	270738	买盘
11:26:30	15.21	--	2	3042	买盘
11:26:24	15.21	0.01	114	173394	买盘
11:26:21	15.2	-0.01	15	22800	卖盘
11:26:18	15.21	-0.01	107	162747	卖盘
11:26:15	15.22	0.03	2	3044	中性盘
11:26:12	15.19	-0.02	430	653170	卖盘
11:26:09	15.21	-0.01	100	152100	卖盘
11:26:06	15.22	0.01	14	21308	买盘
11:26:03	15.21	--	7	10647	卖盘
11:26:00	15.21	-0.01	39	59319	卖盘
11:25:57	15.22	--	153	232866	买盘
11:25:51	15.22	--	6	9132	买盘
11:25:48	15.22	0.01	42	63924	买盘
11:25:45	15.21	--	208	316368	卖盘
11:25:42	15.21	--	5	7605	卖盘
11:25:39	15.21	-0.01	15	22815	卖盘
11:25:36	15.22	0.01	20	30440	买盘
11:25:30	15.21	--	664	1009989	买盘
11:25:27	15.21	0.01	100	152100	买盘
11:25:24	15.2	--	4	6080	卖盘
11:25:18	15.2	--	27	41040	卖盘
11:25:15	15.2	--	10	15200	卖盘
11:25:12	15.2	--	13	19760	卖盘
11:25:09	15.2	--	27	41040	卖盘
11:25:06	15.2	--	54	82080	卖盘
11:25:03	15.2	--	23	34960	卖盘
11:24:57	15.2	-0.01	3	4560	卖盘
11:24:54	15.21	0.01	30	45630	买盘
11:24:51	15.2	--	12	18240	卖盘
11:24:48	15.2	--	2	3040	卖盘
11:24:42	15.2	--	65	98800	卖盘
11:24:39	15.2	--	411	624720	买盘
11:24:36	15.2	--	3	4560	买盘
11:24:33	15.2	--	20	30400	买盘
11:24:30	15.2	--	21	31920	买盘
11:24:27	15.2	0.01	3	4560	买盘
11:24:24	15.19	-0.01	220	334180	卖盘
11:24:21	15.2	--	10	15200	买盘
11:24:15	15.2	0.01	2	3040	买盘
11:24:09	15.19	-0.01	5	7595	卖盘
11:24:00	15.2	--	20	30400	买盘
11:23:57	15.2	--	12	18240	买盘
11:23:51	15.2	--	150	228000	卖盘
11:23:48	15.2	--	47	71440	卖盘
11:23:45	15.2	-0.01	15	22800	卖盘
11:23:42	15.21	0.01	24	36504	买盘
11:23:39	15.2	--	30	45600	卖盘
11:23:36	15.2	--	56	85120	卖盘
11:23:33	15.2	--	49	74480	卖盘
11:23:30	15.2	--	31	47120	卖盘
11:23:27	15.2	--	17	25840	卖盘
11:23:24	15.2	--	4	6080	卖盘
11:23:21	15.2	--	101	153520	卖盘
11:23:18	15.2	--	35	53200	买盘
11:23:12	15.2	--	56	85120	买盘
11:23:09	15.2	0.01	19	28880	买盘
11:23:06	15.19	-0.01	10	15190	卖盘
11:23:00	15.2	-0.01	20	30400	中性盘
11:22:57	15.21	0.01	207	316322	买盘
11:22:54	15.2	--	35	53200	卖盘
11:22:51	15.2	--	14	21280	卖盘
11:22:48	15.2	--	15	22800	卖盘
11:22:45	15.2	0.01	170	258400	买盘
11:22:42	15.19	--	0	45	买盘
11:22:39	15.19	-0.01	60	92613	卖盘
11:22:36	15.2	0.01	300	456000	买盘
11:22:33	15.19	--	114	173166	卖盘
11:22:30	15.19	--	16	24304	卖盘
11:22:27	15.19	--	20	30380	卖盘
11:22:24	15.19	--	238	361522	卖盘
11:22:21	15.19	-0.01	162	246078	卖盘
11:22:18	15.2	0.01	7	10640	买盘
11:22:15	15.19	-0.01	13	19747	卖盘
11:22:12	15.2	0.02	60	91245	买盘
11:22:09	15.18	--	9	13662	卖盘
11:22:06	15.18	-0.01	11	16698	卖盘
11:22:03	15.19	--	5	7595	买盘
11:22:00	15.19	--	16	25777	卖盘
11:21:57	15.19	0.01	38	57767	买盘
11:21:54	15.18	-0.01	13	19734	卖盘
11:21:51	15.19	--	20	30380	买盘
11:21:48	15.19	0.01	67	101773	买盘
11:21:45	15.18	-0.01	6	9108	卖盘
11:21:42	15.19	0.01	77	116963	买盘
11:21:39	15.18	-0.01	15	22770	卖盘
11:21:36	15.19	--	23	34937	买盘
11:21:30	15.19	--	20	30380	买盘
11:21:24	15.19	--	253	384307	买盘
11:21:21	15.19	-0.01	10	15190	买盘
11:21:15	15.2	--	6	9120	买盘
11:21:12	15.2	--	10	15200	买盘
11:21:09	15.2	--	218	331360	买盘
11:21:06	15.2	--	64	97280	卖盘
11:21:03	15.2	--	64	97280	卖盘
11:21:00	15.2	--	100	152000	卖盘
11:20:57	15.2	-0.01	425	646000	卖盘
11:20:54	15.21	--	341	518661	卖盘
11:20:51	15.21	--	56	85176	卖盘
11:20:48	15.21	--	128	194688	买盘
11:20:45	15.21	0.01	65	98865	买盘
11:20:42	15.2	-0.01	18	27360	卖盘
11:20:39	15.21	0.01	8	12168	买盘
11:20:36	15.2	--	28	42560	卖盘
11:20:33	15.2	0.01	360	547200	买盘
11:20:30	15.19	-0.01	5	7595	中性盘
11:20:27	15.2	--	3	4560	买盘
11:20:24	15.2	--	231	351120	买盘
11:20:21	15.2	--	106	161120	买盘
11:20:18	15.2	--	879	1336080	买盘
11:20:12	15.2	0.02	260	395200	买盘
11:20:09	15.18	-0.01	23	34914	卖盘
11:20:06	15.19	0.01	37	56203	买盘
11:20:03	15.18	0.03	324	491832	买盘
11:19:57	15.15	-0.03	53	80295	卖盘
11:19:51	15.18	0.03	300	455400	买盘
11:19:48	15.15	-0.01	141	213615	卖盘
11:19:45	15.16	0.01	43	65188	买盘
11:19:42	15.15	0.02	1668	2527020	买盘
11:19:39	15.13	-0.01	33	49929	卖盘
11:19:36	15.14	0.01	623	943222	买盘
11:19:30	15.13	--	2	3026	卖盘
11:19:27	15.13	--	3	4539	卖盘
11:19:21	15.13	0.01	4	6052	买盘
11:19:18	15.12	-0.01	6	9072	卖盘
11:19:15	15.13	--	313	473569	买盘
11:19:09	15.13	0.01	11	16643	买盘
11:19:06	15.12	--	17	25704	卖盘
11:19:03	15.12	-0.01	11	16632	卖盘
11:19:00	15.13	0.01	1	1513	买盘
11:18:57	15.12	0.01	37	55944	买盘
11:18:48	15.11	-0.01	239	361129	卖盘
11:18:45	15.12	0.01	11	16632	买盘
11:18:42	15.11	-0.01	18	27198	卖盘
11:18:39	15.12	--	25	37800	买盘
11:18:36	15.12	--	10	15120	买盘
11:18:30	15.12	--	40	60480	买盘
11:18:24	15.12	0.01	13	19656	买盘
11:18:21	15.11	--	10	15110	卖盘
11:18:18	15.11	-0.01	4	6044	卖盘
11:18:15	15.12	--	20	30240	买盘
11:18:12	15.12	--	4	6048	买盘
11:18:09	15.12	--	6	9072	买盘
11:18:03	15.12	0.01	20	30240	买盘
11:18:00	15.11	--	0	831	卖盘
11:17:57	15.11	-0.01	1	1511	卖盘
11:17:54	15.12	0.01	100	151200	买盘
11:17:51	15.11	-0.01	4	6044	卖盘
11:17:48	15.12	--	11	16632	买盘
11:17:45	15.12	0.01	26	39312	买盘
11:17:39	15.11	-0.01	14	21154	卖盘
11:17:36	15.12	--	10	15120	买盘
11:17:33	15.12	--	10	15120	买盘
11:17:30	15.12	0.01	14	21168	买盘
11:17:24	15.11	-0.01	5	7555	卖盘
11:17:21	15.12	0.01	9	13608	买盘
11:17:18	15.11	--	15	22665	卖盘
11:17:15	15.11	-0.01	30	45330	卖盘
11:17:12	15.12	--	3	4536	买盘
11:17:06	15.12	0.01	100	151200	买盘
11:16:57	15.11	-0.01	12	18132	卖盘
11:16:48	15.12	--	1	1512	买盘
11:16:45	15.12	--	4	6048	买盘
11:16:42	15.12	0.01	6	9072	买盘
11:16:39	15.11	-0.01	3	4533	卖盘
11:16:36	15.12	--	2	3024	买盘
11:16:27	15.12	0.01	6	9072	买盘
11:16:24	15.11	-0.01	5	7555	卖盘
11:16:18	15.12	0.01	25	37800	买盘
11:16:12	15.11	--	18	27198	卖盘
11:16:06	15.11	0.01	882	1332702	买盘
11:16:00	15.1	--	42	63420	买盘
11:15:57	15.1	--	4	6040	买盘
11:15:54	15.1	--	29	43790	买盘
11:15:51	15.1	--	25	37750	买盘
11:15:48	15.1	--	5	7550	买盘
11:15:39	15.1	0.01	12	18120	买盘
11:15:27	15.09	--	5	7545	买盘
11:15:24	15.09	-0.01	15	22635	卖盘
11:15:21	15.1	--	1	1510	买盘
11:15:18	15.1	0.01	5	7550	买盘
11:15:15	15.09	-0.01	5	7545	卖盘
11:15:12	15.1	0.01	73	110230	买盘
11:15:06	15.09	--	3	4527	卖盘
11:15:03	15.09	-0.01	14	21126	卖盘
11:15:00	15.1	0.01	6	9060	买盘
11:14:54	15.09	--	12	18108	买盘
11:14:51	15.09	--	17	25653	买盘
11:14:48	15.09	--	11	16599	买盘
11:14:45	15.09	--	9	13581	买盘
11:14:42	15.09	--	15	22635	买盘
11:14:36	15.09	-0.01	17	25653	卖盘
11:14:30	15.1	--	28	42280	买盘
11:14:24	15.1	0.01	103	155530	买盘
11:14:21	15.09	--	14	21126	买盘
11:14:18	15.09	-0.01	28	42252	卖盘
11:14:15	15.1	0.01	5	7550	买盘
11:14:12	15.09	--	11	16599	卖盘
11:14:09	15.09	--	11	16599	卖盘
11:14:06	15.09	--	12	18108	卖盘
11:13:57	15.09	--	8	12072	卖盘
11:13:51	15.09	--	5	7545	卖盘
11:13:45	15.09	-0.01	1	1509	卖盘
11:13:42	15.1	0.02	20	30200	买盘
11:13:39	15.08	-0.02	443	668044	卖盘
11:13:36	15.1	--	10	15100	买盘
11:13:33	15.1	0.01	30	45300	买盘
11:13:30	15.09	--	20	30180	卖盘
11:13:27	15.09	-0.01	4	6036	中性盘
11:13:18	15.1	--	38	57380	买盘
11:13:15	15.1	0.01	35	52850	买盘
11:13:12	15.09	--	109	164481	卖盘
11:13:09	15.09	--	8	12072	卖盘
11:13:06	15.09	--	15	22635	卖盘
11:13:03	15.09	--	10	15090	卖盘
11:13:00	15.09	0.01	13	19617	买盘
11:12:57	15.08	--	60	90480	卖盘
11:12:48	15.08	-0.01	4	6032	卖盘
11:12:45	15.09	0.01	13	19617	买盘
11:12:42	15.08	--	47	70876	卖盘
11:12:39	15.08	--	53	79924	卖盘
11:12:36	15.08	--	191	288028	卖盘
11:12:27	15.08	-0.01	2	3016	卖盘
11:12:24	15.09	--	39	58851	买盘
11:12:18	15.09	0.01	12	18108	买盘
11:12:15	15.08	--	18	27144	卖盘
11:12:12	15.08	--	22	33176	卖盘
11:12:09	15.08	--	85	128964	买盘
11:12:06	15.08	--	25	37700	买盘
11:11:57	15.08	--	2	3016	买盘
11:11:54	15.08	0.01	71	107068	买盘
11:11:51	15.07	-0.01	7	10549	卖盘
11:11:42	15.08	0.01	14	21112	买盘
11:11:39	15.07	-0.01	5	7535	卖盘
11:11:36	15.08	0.01	10	15080	买盘
11:11:33	15.07	-0.01	5	7535	卖盘
11:11:30	15.08	0.01	5	7540	买盘
11:11:27	15.07	--	21	31647	卖盘
11:11:24	15.07	--	8	12056	卖盘
11:11:21	15.07	--	1	1507	卖盘
11:11:18	15.07	--	50	75350	卖盘
11:11:09	15.07	--	1	1507	卖盘
11:11:06	15.07	-0.01	1	1507	卖盘
11:11:00	15.08	0.01	2	3016	买盘
11:10:57	15.07	--	89	134123	卖盘
11:10:54	15.07	-0.01	10	15070	卖盘
11:10:51	15.08	--	5	7540	买盘
11:10:45	15.08	0.01	4	6032	买盘
11:10:39	15.07	-0.01	20	30140	卖盘
11:10:33	15.08	0.01	8	12064	买盘
11:10:30	15.07	--	19	28633	卖盘
11:10:24	15.07	--	12	18084	卖盘
11:10:21	15.07	--	71	106997	卖盘
11:10:18	15.07	-0.01	30	45210	卖盘
11:10:12	15.08	--	12	18096	买盘
11:10:09	15.08	--	31	46748	买盘
11:10:06	15.08	0.01	20	30160	买盘
11:10:03	15.07	--	53	79871	卖盘
11:10:00	15.07	--	12	18084	卖盘
11:09:57	15.07	-0.01	1	1507	卖盘
11:09:54	15.08	0.01	7	10556	买盘
11:09:51	15.07	-0.01	12	18084	卖盘
11:09:48	15.08	--	6	9771	卖盘
11:09:45	15.08	--	16	24128	卖盘
11:09:39	15.08	--	15	22620	卖盘
11:09:36	15.08	-0.01	25	37700	卖盘
11:09:30	15.09	--	108	162972	买盘
11:09:27	15.09	0.01	27	40743	买盘
11:09:24	15.08	-0.01	10	15080	卖盘
11:09:18	15.09	--	52	78468	买盘
11:09:15	15.09	0.01	8	12072	买盘
11:09:12	15.08	-0.01	2	3016	卖盘
11:09:09	15.09	0.01	10	15090	买盘
11:09:06	15.08	-0.01	2	3016	卖盘
11:09:03	15.09	--	9	13581	买盘
11:09:00	15.09	--	20	30180	买盘
11:08:57	15.09	0.01	11	16599	买盘
11:08:54	15.08	--	18	27144	卖盘
11:08:51	15.08	--	15	22620	卖盘
11:08:48	15.08	-0.01	49	73892	卖盘
11:08:45	15.09	0.01	109	164481	买盘
11:08:42	15.08	--	17	25636	卖盘
11:08:39	15.08	--	137	206596	卖盘
11:08:30	15.08	-0.01	26	39208	卖盘
11:08:27	15.09	--	4	6036	买盘
11:08:24	15.09	--	31	46779	买盘
11:08:21	15.09	--	75	113175	买盘
11:08:18	15.09	--	675	1018575	买盘
11:08:15	15.09	--	2	3018	买盘
11:08:12	15.09	0.01	34	51306	买盘
11:08:00	15.08	-0.01	50	75400	卖盘
11:07:57	15.09	0.01	21	31689	买盘
11:07:54	15.08	0.01	172	260160	买盘
11:07:51	15.07	-0.01	51	76857	卖盘
11:07:39	15.08	--	10	15080	买盘
11:07:36	15.08	--	5	7540	买盘
11:07:33	15.08	--	3	4524	买盘
11:07:27	15.08	--	80	121363	卖盘
11:07:24	15.08	-0.01	11	16588	卖盘
11:07:21	15.09	0.01	24	36216	买盘
11:07:18	15.08	--	60	90480	卖盘
11:07:15	15.08	--	121	182468	卖盘
11:07:12	15.08	--	85	128180	卖盘
11:07:09	15.08	--	295	445644	卖盘
11:07:06	15.08	--	683	1029964	卖盘
11:07:03	15.08	-0.01	10	15080	卖盘
11:07:00	15.09	--	2	3018	买盘
11:06:57	15.09	0.01	29	43761	买盘
11:06:51	15.08	--	25	37700	卖盘
11:06:45	15.08	--	90	135720	卖盘
11:06:42	15.08	-0.01	21	31668	卖盘
11:06:39	15.09	0.01	55	82995	买盘
11:06:33	15.08	-0.01	290	437320	卖盘
11:06:27	15.09	--	1	1509	买盘
11:06:24	15.09	0.01	20	30180	买盘
11:06:21	15.08	--	20	30160	卖盘
11:06:18	15.08	-0.01	63	95004	卖盘
11:06:15	15.09	--	900	1358100	卖盘
11:06:12	15.09	-0.01	13	19617	卖盘
11:06:09	15.1	--	5	7550	买盘
11:06:06	15.1	--	2	3020	买盘
11:06:03	15.1	--	175	264250	卖盘
11:06:00	15.1	--	32	48320	卖盘
11:05:57	15.1	-0.01	34	51340	卖盘
11:05:54	15.11	--	43	64973	买盘
11:05:51	15.11	--	53	80083	买盘
11:05:48	15.11	0.01	3	4533	买盘
11:05:45	15.1	-0.01	10	15100	卖盘
11:05:42	15.11	--	10	15110	买盘
11:05:36	15.11	--	1	1511	买盘
11:05:30	15.11	--	61	92171	卖盘
11:05:27	15.11	--	2	3022	卖盘
11:05:21	15.11	--	5	7555	卖盘
11:05:18	15.11	0.01	19	28709	买盘
11:05:15	15.1	--	2	3020	卖盘
11:05:09	15.1	--	21	31710	卖盘
11:04:57	15.1	-0.02	53	80030	卖盘
11:04:54	15.12	0.02	21	31752	中性盘
11:04:51	15.1	--	154	232540	卖盘
11:04:48	15.1	-0.02	100	151000	卖盘
11:04:42	15.12	0.01	251	379512	买盘
11:04:39	15.11	--	3	4533	买盘
11:04:36	15.11	-0.01	58	87638	卖盘
11:04:30	15.12	0.01	58	87696	买盘
11:04:27	15.11	-0.01	3	4533	卖盘
11:04:21	15.12	--	50	75600	买盘
11:04:18	15.12	-0.01	497	751464	卖盘
11:04:15	15.13	--	40	60520	买盘
11:04:12	15.13	--	71	107423	买盘
11:04:09	15.13	--	92	139196	卖盘
11:04:06	15.13	--	93	140709	卖盘
11:04:03	15.13	--	266	402458	卖盘
11:04:00	15.13	--	23	34799	卖盘
11:03:57	15.13	--	71	107423	卖盘
11:03:54	15.13	--	51	77163	卖盘
11:03:51	15.13	-0.01	1	1513	卖盘
11:03:48	15.14	0.01	28	42392	买盘
11:03:45	15.13	--	2	3026	卖盘
11:03:42	15.13	--	90	136170	卖盘
11:03:39	15.13	--	2	3026	卖盘
11:03:36	15.13	--	3	4539	卖盘
11:03:33	15.13	-0.02	30	45390	卖盘
11:03:30	15.15	0.01	87	131805	买盘
11:03:27	15.14	--	123	186222	卖盘
11:03:24	15.14	--	4	6056	卖盘
11:03:21	15.14	--	63	95382	买盘
11:03:18	15.14	--	108	163512	卖盘
11:03:15	15.14	--	100	151400	买盘
11:03:12	15.14	--	43	65102	卖盘
11:03:09	15.14	--	13	19682	卖盘
11:03:06	15.14	-0.01	122	184708	卖盘
11:03:03	15.15	0.01	5	7575	买盘
11:03:00	15.14	--	16	24224	卖盘
11:02:57	15.14	--	17	25738	买盘
11:02:54	15.14	-0.01	37	56018	中性盘
11:02:51	15.15	0.01	206	312090	买盘
11:02:45	15.14	--	48	72672	买盘
11:02:42	15.14	--	36	54504	买盘
11:02:39	15.14	--	30	45420	买盘
11:02:36	15.14	--	10	15140	买盘
11:02:33	15.14	0.01	3	4542	买盘
11:02:30	15.13	-0.01	20	30260	卖盘
11:02:27	15.14	0.01	27	40878	买盘
11:02:24	15.13	--	10	15130	买盘
11:02:21	15.13	--	16	24208	买盘
11:02:18	15.13	--	3	4539	买盘
11:02:15	15.13	0.01	9	13617	买盘
11:02:12	15.12	0.01	228	344736	买盘
11:02:09	15.11	-0.01	10	15110	卖盘
11:02:06	15.12	0.01	133	201096	买盘
11:02:03	15.11	--	35	52885	买盘
11:02:00	15.11	--	9	13599	买盘
11:01:57	15.11	0.01	1	1511	买盘
11:01:54	15.1	--	39	58890	卖盘
11:01:51	15.1	--	10	15100	卖盘
11:01:48	15.1	0.01	1868	2820680	买盘
11:01:45	15.09	0.01	37	55833	买盘
11:01:42	15.08	--	1	1508	卖盘
11:01:39	15.08	--	109	164372	买盘
11:01:36	15.08	--	25	37700	买盘
11:01:33	15.08	0.01	12	18096	买盘
11:01:30	15.07	--	20	30140	卖盘
11:01:27	15.07	--	76	114532	卖盘
11:01:24	15.07	--	20	30140	买盘
11:01:18	15.07	0.01	65	97955	买盘
11:01:12	15.06	-0.02	2	3012	卖盘
11:01:09	15.08	0.01	246	370968	买盘
11:01:06	15.07	--	7	10549	卖盘
11:01:03	15.07	0.01	20	30140	买盘
11:01:00	15.06	-0.01	121	182226	卖盘
11:00:54	15.07	--	176	265232	买盘
11:00:51	15.07	--	22	33154	买盘
11:00:48	15.07	--	2	3014	买盘
11:00:45	15.07	--	6	9042	买盘
11:00:42	15.07	-0.01	292	440044	卖盘
11:00:39	15.08	--	6	9048	买盘
11:00:36	15.08	0.01	35	52780	买盘
11:00:33	15.07	--	2	3014	卖盘
11:00:30	15.07	--	40	60280	卖盘
11:00:27	15.07	0.02	95	143165	买盘
11:00:24	15.05	-0.02	65	97825	卖盘
11:00:18	15.07	-0.01	31	46717	卖盘
11:00:15	15.08	--	19	28652	买盘
11:00:12	15.08	0.01	27	40716	买盘
11:00:09	15.07	0.01	113	170291	买盘
11:00:06	15.06	-0.01	1	1506	中性盘
11:00:03	15.07	0.02	49	73843	买盘
10:59:57	15.05	--	13	19565	卖盘
10:59:54	15.05	0.01	576	866880	买盘
10:59:51	15.04	-0.01	13	19552	卖盘
10:59:48	15.05	--	38	57190	买盘
10:59:42	15.05	--	342	514710	买盘
10:59:39	15.05	0.01	54	81270	买盘
10:59:36	15.04	--	87	130847	买盘
10:59:33	15.04	--	10	15040	买盘
10:59:30	15.04	0.01	19	28576	买盘
10:59:27	15.03	--	4	6012	卖盘
10:59:24	15.03	--	1	1503	卖盘
10:59:21	15.03	0.01	200	301141	买盘
10:59:18	15.02	--	25	37550	买盘
10:59:15	15.02	--	20	30040	买盘
10:59:12	15.02	--	9	13518	买盘
10:59:09	15.02	--	50	75100	买盘
10:59:03	15.02	--	42	63084	买盘
10:59:00	15.02	--	16	24032	买盘
10:58:51	15.02	0.01	108	162216	买盘
10:58:48	15.01	--	1	1501	卖盘
10:58:45	15.01	-0.01	10	15010	卖盘
10:58:42	15.02	0.01	10	15020	买盘
10:58:33	15.01	0.01	11	16511	买盘
10:58:30	15.0	-0.01	208	312000	卖盘
10:58:27	15.01	0.01	4	6004	买盘
10:58:24	15.0	-0.01	4	6000	卖盘
10:58:21	15.01	0.01	70	105070	买盘
10:58:18	15.0	-0.01	208	312000	卖盘
10:58:15	15.01	0.01	13	19513	买盘
10:58:09	15.0	-0.01	2	3000	卖盘
10:58:06	15.01	0.01	31	46531	买盘
10:58:03	15.0	-0.01	50	75000	卖盘
10:57:57	15.01	0.01	33	49533	买盘
10:57:51	15.0	0.01	13	19500	买盘
10:57:48	14.99	--	57	85443	卖盘
10:57:42	14.99	--	18	26996	买盘
10:57:39	14.99	0.01	9	13491	买盘
10:57:36	14.98	-0.01	13	19474	卖盘
10:57:33	14.99	--	80	119920	买盘
10:57:30	14.99	--	100	149900	买盘
10:57:21	14.99	--	24	35976	买盘
10:57:18	14.99	-0.02	461	691039	卖盘
10:57:15	15.01	--	50	75050	买盘
10:57:12	15.01	0.01	4	6004	买盘
10:57:09	15.0	-0.01	3	4500	卖盘
10:57:06	15.01	--	5	7505	买盘
10:57:03	15.01	--	131	196631	买盘
10:57:00	15.01	--	119	178619	买盘
10:56:57	15.01	--	43	64543	买盘
10:56:51	15.01	--	11	16511	买盘
10:56:45	15.01	--	326	489326	卖盘
10:56:42	15.01	-0.01	144	216144	卖盘
10:56:36	15.02	--	53	79606	买盘
10:56:33	15.02	--	16	24032	买盘
10:56:27	15.02	--	1	1502	买盘
10:56:24	15.02	--	41	62543	卖盘
10:56:21	15.02	-0.01	117	176274	卖盘
10:56:15	15.03	0.01	36	54108	中性盘
10:56:06	15.02	--	59	88618	卖盘
10:56:03	15.02	-0.01	7	10514	卖盘
10:56:00	15.03	--	9	13527	买盘
10:55:51	15.03	-0.01	45	67635	卖盘
10:55:48	15.04	--	16	24064	买盘
10:55:45	15.04	--	26	39104	买盘
10:55:42	15.04	0.01	100	150400	买盘
10:55:39	15.03	--	78	117234	卖盘
10:55:36	15.03	--	12	18036	卖盘
10:55:33	15.03	--	52	78156	卖盘
10:55:30	15.03	--	20	30060	卖盘
10:55:27	15.03	--	16	24048	卖盘
10:55:24	15.03	--	22	33066	卖盘
10:55:21	15.03	--	10	15030	卖盘
10:55:18	15.03	0.02	268	402804	买盘
10:55:15	15.01	-0.02	18	27018	卖盘
10:55:12	15.03	0.01	129	193887	买盘
10:55:09	15.02	--	3	4506	卖盘
10:55:06	15.02	-0.01	20	30040	卖盘
10:55:03	15.03	--	1	1503	买盘
10:55:00	15.03	--	17	25551	买盘
10:54:57	15.03	0.01	16	24048	买盘
10:54:54	15.02	--	200	300400	卖盘
10:54:51	15.02	-0.02	21	31542	卖盘
10:54:48	15.04	--	1	1504	买盘
10:54:45	15.04	0.01	48	72192	买盘
10:54:42	15.03	--	5	7515	卖盘
10:54:39	15.03	--	7	10521	卖盘
10:54:36	15.03	-0.01	10	15030	卖盘
10:54:33	15.04	0.01	6	9024	买盘
10:54:30	15.03	--	2	3006	卖盘
10:54:21	15.03	--	10	15030	卖盘
10:54:18	15.03	--	25	37575	买盘
10:54:15	15.03	--	56	84168	买盘
10:54:12	15.03	--	18	27054	买盘
10:54:09	15.03	--	25	37575	买盘
10:54:06	15.03	--	15	22545	买盘
10:54:03	15.03	--	27	40581	买盘
10:53:57	15.03	0.01	7	10521	买盘
10:53:54	15.02	-0.01	2	3004	卖盘
10:53:51	15.03	--	24	36072	买盘
10:53:48	15.03	--	12	18036	买盘
10:53:45	15.03	--	12	18036	买盘
10:53:36	15.03	0.01	24	36072	买盘
10:53:33	15.02	0.01	5	7510	买盘
10:53:30	15.01	-0.01	2	3002	中性盘
10:53:18	15.02	0.04	16	24032	买盘
10:53:15	14.98	-0.02	110	164780	卖盘
10:53:09	15.0	-0.04	5	7500	中性盘
10:53:00	15.04	0.04	34	51136	买盘
10:52:54	15.0	-0.04	1	1500	卖盘
10:52:48	15.04	--	3	4512	卖盘
10:52:45	15.04	--	18	27072	买盘
10:52:42	15.04	-0.01	309	464736	卖盘
10:52:39	15.05	-0.01	54	81270	卖盘
10:52:36	15.06	--	72	108432	买盘
10:52:33	15.06	--	59	88854	买盘
10:52:30	15.06	-0.01	25	37650	卖盘
10:52:27	15.07	0.01	40	60280	买盘
10:52:24	15.06	--	41	61746	卖盘
10:52:21	15.06	--	91	137046	卖盘
10:52:18	15.06	--	171	257526	卖盘
10:52:15	15.06	--	55	82830	卖盘
10:52:12	15.06	--	1	1506	卖盘
10:52:09	15.06	-0.01	5	7530	卖盘
10:52:06	15.07	--	22	33154	买盘
10:52:03	15.07	0.01	49	73843	买盘
10:52:00	15.06	-0.01	160	240960	卖盘
10:51:57	15.07	--	47	70829	买盘
10:51:54	15.07	--	14	21098	买盘
10:51:51	15.07	-0.01	213	320991	卖盘
10:51:48	15.08	0.01	29	43732	买盘
10:51:45	15.07	0.01	10	15070	中性盘
10:51:42	15.06	-0.02	20	30120	卖盘
10:51:39	15.08	0.02	61	91988	买盘
10:51:36	15.06	-0.01	14	21084	卖盘
10:51:33	15.07	--	91	137137	买盘
10:51:27	15.07	0.02	219	330033	买盘
10:51:24	15.05	--	23	34615	卖盘
10:51:21	15.05	0.01	124	186635	买盘
10:51:18	15.04	-0.01	153	230112	卖盘
10:51:15	15.05	0.01	51	76755	买盘
10:51:09	15.04	0.03	5	7520	买盘
10:51:06	15.01	-0.02	9	13509	卖盘
10:51:03	15.03	0.03	257	386271	买盘
10:51:00	15.0	0.01	1535	2302500	买盘
10:50:57	14.99	--	24	35976	买盘
10:50:54	14.99	--	111	166389	买盘
10:50:51	14.99	--	220	329780	买盘
10:50:48	14.99	--	21	31479	买盘
10:50:45	14.99	--	3	4497	买盘
10:50:42	14.99	--	100	149900	买盘
10:50:39	14.99	0.01	4	5996	买盘
10:50:36	14.98	0.01	549	822402	买盘
10:50:30	14.97	--	1	1497	买盘
10:50:27	14.97	--	68	101796	买盘
10:50:24	14.97	--	12	17964	买盘
10:50:21	14.97	--	10	14970	买盘
10:50:18	14.97	--	134	200598	买盘
10:50:15	14.97	--	5	7485	买盘
10:50:12	14.97	--	32	47904	买盘
10:50:06	14.97	--	11	16467	买盘
10:50:03	14.97	--	2	2994	买盘
10:50:00	14.97	--	91	136227	买盘
10:49:57	14.97	--	26	38922	买盘
10:49:54	14.97	0.01	17	25449	买盘
10:49:48	14.96	--	5	7480	卖盘
10:49:45	14.96	-0.01	13	19448	买盘
10:49:33	14.97	0.01	4	5988	买盘
10:49:30	14.96	-0.01	3	4488	卖盘
10:49:24	14.97	--	4	5988	买盘
10:49:18	14.97	0.02	3	4491	买盘
10:49:15	14.95	-0.01	30	44850	卖盘
10:49:12	14.96	0.01	6	8976	买盘
10:49:06	14.95	--	10	14950	卖盘
10:49:03	14.95	-0.02	20	29900	买盘
10:49:00	14.97	0.02	227	339819	买盘
10:48:57	14.95	-0.01	6	8970	卖盘
10:48:54	14.96	0.02	36	53856	买盘
10:48:51	14.94	-0.01	50	74700	卖盘
10:48:48	14.95	--	3	4485	卖盘
10:48:45	14.95	0.01	60	89700	买盘
10:48:42	14.94	--	10	14940	卖盘
10:48:39	14.94	-0.01	31	46314	卖盘
10:48:33	14.95	0.01	5	7475	买盘
10:48:30	14.94	-0.01	41	61254	卖盘
10:48:24	14.95	--	26	38870	买盘
10:48:12	14.95	--	4	5980	卖盘
10:48:09	14.95	--	54	80730	卖盘
10:47:57	14.95	--	30	44850	卖盘
10:47:54	14.95	-0.01	15	22425	卖盘
10:47:51	14.96	0.01	3	4488	买盘
10:47:48	14.95	-0.01	65	97175	卖盘
10:47:45	14.96	0.01	7	10472	买盘
10:47:42	14.95	--	3	4485	卖盘
10:47:39	14.95	--	22	32890	卖盘
10:47:36	14.95	-0.01	47	70265	卖盘
10:47:33	14.96	0.01	55	82280	买盘
10:47:30	14.95	--	97	145015	卖盘
10:47:24	14.95	--	8	11960	卖盘
10:47:21	14.95	--	4	5980	卖盘
10:47:18	14.95	--	5	7475	卖盘
10:47:15	14.95	--	20	29900	卖盘
10:47:12	14.95	--	17	25415	卖盘
10:47:09	14.95	--	5	7475	卖盘
10:47:06	14.95	--	95	142025	卖盘
10:47:03	14.95	--	5	7475	卖盘
10:46:51	14.95	-0.01	11	16445	卖盘
10:46:48	14.96	0.01	1	1496	买盘
10:46:45	14.95	--	30	44850	卖盘
10:46:42	14.95	--	10	14950	卖盘
10:46:36	14.95	--	10	14950	卖盘
10:46:33	14.95	-0.01	4	5980	卖盘
10:46:24	14.96	--	20	29920	买盘
10:46:21	14.96	--	22	32912	买盘
10:46:15	14.96	0.01	30	44880	买盘
10:46:12	14.95	--	1	1495	卖盘
10:46:09	14.95	-0.01	15	22425	卖盘
10:46:06	14.96	--	35	52360	买盘
10:45:54	14.96	--	39	58344	买盘
10:45:51	14.96	--	3	4488	买盘
10:45:48	14.96	-0.01	42	62832	卖盘
10:45:45	14.97	0.01	25	37425	买盘
10:45:39	14.96	-0.01	100	149600	卖盘
10:45:36	14.97	0.01	1	1497	买盘
10:45:33	14.96	--	65	97240	卖盘
10:45:30	14.96	--	41	61336	卖盘
10:45:27	14.96	-0.01	5	7480	卖盘
10:45:24	14.97	0.01	25	37425	买盘
10:45:21	14.96	--	36	53856	卖盘
10:45:18	14.96	-0.01	25	37400	卖盘
10:45:12	14.97	0.01	10	14970	买盘
10:45:09	14.96	-0.01	21	31416	卖盘
10:45:06	14.97	0.01	44	65868	买盘
10:45:03	14.96	-0.01	67	100232	卖盘
10:44:54	14.97	0.01	10	14970	买盘
10:44:51	14.96	--	30	44880	卖盘
10:44:45	14.96	--	4	5984	卖盘
10:44:42	14.96	--	2	2992	卖盘
10:44:36	14.96	--	12	17952	卖盘
10:44:33	14.96	--	7	10472	卖盘
10:44:30	14.96	--	30	44880	卖盘
10:44:27	14.96	--	5	7480	卖盘
10:44:24	14.96	--	20	29920	卖盘
10:44:18	14.96	--	11	16456	买盘
10:44:15	14.96	--	14	20944	卖盘
10:44:12	14.96	--	46	68816	买盘
10:44:09	14.96	--	10	14960	买盘
10:44:03	14.96	0.01	5	7480	买盘
10:44:00	14.95	--	205	306475	卖盘
10:43:57	14.95	-0.01	117	174915	卖盘
10:43:54	14.96	--	46	68816	买盘
10:43:51	14.96	--	1	1496	买盘
10:43:45	14.96	0.01	3	4488	买盘
10:43:39	14.95	-0.01	2	2990	卖盘
10:43:36	14.96	--	12	17952	买盘
10:43:33	14.96	--	60	89760	买盘
10:43:30	14.96	0.01	20	29920	买盘
10:43:24	14.95	-0.01	8	11960	卖盘
10:43:18	14.96	0.01	24	35904	买盘
10:43:03	14.95	--	3	4485	买盘
10:43:00	14.95	--	12	17940	买盘
10:42:57	14.95	--	17	25415	买盘
10:42:48	14.95	-0.01	39	58305	卖盘
10:42:36	14.96	0.01	8	11968	买盘
10:42:33	14.95	-0.01	115	171925	卖盘
10:42:30	14.96	0.01	14	20944	买盘
10:42:27	14.95	-0.01	8	11960	卖盘
10:42:24	14.96	0.01	10	14960	买盘
10:42:21	14.95	--	45	67275	卖盘
10:42:18	14.95	-0.01	7	10465	卖盘
10:42:15	14.96	--	32	47872	买盘
10:42:12	14.96	--	5	7480	买盘
10:42:09	14.96	0.01	15	22440	买盘
10:42:06	14.95	-0.01	9	13455	卖盘
10:42:00	14.96	--	19	28424	买盘
10:41:57	14.96	--	88	131648	卖盘
10:41:54	14.96	--	2	2992	卖盘
10:41:48	14.96	--	3	4488	卖盘
10:41:45	14.96	--	56	83776	卖盘
10:41:42	14.96	--	16	23936	卖盘
10:41:39	14.96	-0.01	10	14960	卖盘
10:41:33	14.97	0.01	28	41916	买盘
10:41:30	14.96	-0.01	3	4488	卖盘
10:41:27	14.97	0.01	179	267963	买盘
10:41:24	14.96	--	21	31416	卖盘
10:41:21	14.96	--	40	59840	卖盘
10:41:18	14.96	-0.01	1	1496	卖盘
10:41:15	14.97	0.01	105	157185	买盘
10:41:09	14.96	0.01	3	4488	中性盘
10:41:06	14.95	-0.02	2	2990	卖盘
10:41:03	14.97	--	5	7485	买盘
10:41:00	14.97	0.01	200	299400	买盘
10:40:57	14.96	--	4	5984	买盘
10:40:51	14.96	-0.01	24	35904	卖盘
10:40:48	14.97	0.01	7	10479	买盘
10:40:45	14.96	-0.01	30	44880	卖盘
10:40:42	14.97	0.01	2	2994	买盘
10:40:39	14.96	-0.01	31	46376	卖盘
10:40:36	14.97	0.01	36	53892	买盘
10:40:30	14.96	-0.01	6	8976	卖盘
10:40:21	14.97	--	29	43413	卖盘
10:40:18	14.97	--	65	97305	卖盘
10:40:15	14.97	--	40	59880	卖盘
10:40:12	14.97	--	4	5988	卖盘
10:40:09	14.97	-0.01	37	55389	卖盘
10:40:06	14.98	0.01	28	41944	买盘
10:40:03	14.97	--	58	86826	买盘
10:39:57	14.97	--	19	28443	买盘
10:39:54	14.97	--	20	29940	买盘
10:39:51	14.97	--	30	44910	买盘
10:39:48	14.97	--	25	37425	买盘
10:39:42	14.97	0.01	8	11976	买盘
10:39:39	14.96	--	5	7480	买盘
10:39:36	14.96	--	1	1496	买盘
10:39:33	14.96	--	11	16456	卖盘
10:39:30	14.96	-0.01	5	7480	卖盘
10:39:21	14.97	0.02	5	7485	买盘
10:39:18	14.95	--	270	403650	卖盘
10:39:15	14.95	-0.01	10	14950	卖盘
10:39:03	14.96	0.01	14	20944	买盘
10:39:00	14.95	--	50	74750	买盘
10:38:57	14.95	--	400	598000	买盘
10:38:54	14.95	--	1	1495	买盘
10:38:51	14.95	0.01	4	5980	买盘
10:38:48	14.94	-0.01	9	13446	卖盘
10:38:42	14.95	--	40	59800	买盘
10:38:39	14.95	0.01	65	97175	买盘
10:38:36	14.94	--	11	16434	卖盘
10:38:24	14.94	--	99	147906	卖盘
10:38:18	14.94	0.01	325	485550	买盘
10:38:15	14.93	--	27	40311	卖盘
10:37:57	14.93	--	23	34637	买盘
10:37:54	14.93	0.01	86	128398	买盘
10:37:51	14.92	-0.01	47	70124	卖盘
10:37:48	14.93	--	117	174681	买盘
10:37:45	14.93	0.01	37	55241	买盘
10:37:42	14.92	-0.01	1	1492	卖盘
10:37:36	14.93	--	3	4479	买盘
10:37:27	14.93	--	20	29860	买盘
10:37:18	14.93	--	31	46283	买盘
10:37:15	14.93	--	3	4479	买盘
10:37:09	14.93	--	13	19409	买盘
10:37:06	14.93	0.01	8	11944	买盘
10:37:03	14.92	-0.01	10	14920	中性盘
10:36:57	14.93	--	35	52255	买盘
10:36:54	14.93	0.01	252	376236	买盘
10:36:51	14.92	0.01	42	62664	买盘
10:36:48	14.91	-0.01	5	7455	卖盘
10:36:42	14.92	0.01	1	1492	买盘
10:36:39	14.91	0.01	2	2982	中性盘
10:36:33	14.9	-0.02	48	71520	卖盘
10:36:30	14.92	0.01	89	132788	买盘
10:36:24	14.91	--	10	14910	卖盘
10:36:21	14.91	--	2	2982	卖盘
10:36:15	14.91	-0.01	2	2982	卖盘
10:36:12	14.92	0.01	26	38792	买盘
10:36:09	14.91	--	100	149100	卖盘
10:36:06	14.91	-0.01	10	14910	卖盘
10:35:54	14.92	0.01	16	23872	买盘
10:35:51	14.91	-0.01	3	4473	卖盘
10:35:48	14.92	--	64	95488	买盘
10:35:45	14.92	--	6	8952	买盘
10:35:42	14.92	-0.01	20	29840	中性盘
10:35:27	14.93	--	10	14930	买盘
10:35:21	14.93	0.02	10	14930	买盘
10:35:09	14.91	-0.02	300	447300	卖盘
10:34:57	14.93	--	10	14930	买盘
10:34:54	14.93	0.01	60	90774	买盘
10:34:51	14.92	--	7	10444	卖盘
10:34:48	14.92	--	18	26856	卖盘
10:34:39	14.92	--	34	50728	卖盘
10:34:36	14.92	--	26	38792	卖盘
10:34:30	14.92	-0.01	10	14920	卖盘
10:34:27	14.93	0.01	10	14930	买盘
10:34:24	14.92	--	8	11936	卖盘
10:34:21	14.92	-0.01	33	49236	卖盘
10:34:18	14.93	0.01	11	16423	买盘
10:34:15	14.92	-0.01	9	13428	卖盘
10:34:12	14.93	0.01	2	2986	买盘
10:34:09	14.92	--	52	77584	卖盘
10:34:06	14.92	-0.01	8	11936	卖盘
10:34:03	14.93	0.01	11	16423	买盘
10:34:00	14.92	-0.01	29	43268	卖盘
10:33:54	14.93	0.01	1	1493	买盘
10:33:48	14.92	-0.01	13	19396	卖盘
10:33:45	14.93	0.01	41	61213	买盘
10:33:42	14.92	--	2	2984	卖盘
10:33:39	14.92	-0.01	132	197242	卖盘
10:33:36	14.93	0.01	15	22395	买盘
10:33:30	14.92	--	10	14920	卖盘
10:33:21	14.92	-0.01	20	29840	卖盘
10:33:18	14.93	0.01	4	5972	买盘
10:33:15	14.92	--	10	14920	卖盘
10:33:03	14.92	--	12	17904	买盘
10:32:51	14.92	--	5	7460	买盘
10:32:48	14.92	--	18	26856	卖盘
10:32:45	14.92	--	4	5968	买盘
10:32:42	14.92	0.01	2	2984	买盘
10:32:39	14.91	-0.01	18	26838	卖盘
10:32:36	14.92	--	1	1492	买盘
10:32:30	14.92	-0.01	23	34316	卖盘
10:32:27	14.93	0.02	22	32846	买盘
10:32:21	14.91	-0.04	20	29820	卖盘
10:32:18	14.95	--	11	16445	买盘
10:32:15	14.95	0.03	545	814775	买盘
10:32:12	14.92	-0.01	188	280496	卖盘
10:32:06	14.93	0.01	26	38818	买盘
10:32:00	14.92	-0.01	1	1492	卖盘
10:31:57	14.93	0.01	105	156765	买盘
10:31:54	14.92	--	10	14920	卖盘
10:31:51	14.92	--	4	5968	卖盘
10:31:48	14.92	-0.01	2	2984	卖盘
10:31:45	14.93	0.01	18	26874	买盘
10:31:42	14.92	--	5	7460	卖盘
10:31:39	14.92	-0.01	229	341668	卖盘
10:31:36	14.93	0.01	19	28367	买盘
10:31:30	14.92	--	25	37300	卖盘
10:31:27	14.92	-0.01	70	104440	卖盘
10:31:15	14.93	0.01	10	14930	买盘
10:31:09	14.92	-0.01	3	4476	卖盘
10:31:06	14.93	--	50	74650	买盘
10:31:03	14.93	--	12	17916	买盘
10:31:00	14.93	--	16	23888	买盘
10:30:57	14.93	0.01	91	135863	买盘
10:30:54	14.92	--	84	125328	买盘
10:30:51	14.92	--	6	8952	买盘
10:30:48	14.92	--	150	223800	买盘
10:30:45	14.92	0.01	38	56696	买盘
10:30:42	14.91	--	101	150591	卖盘
10:30:39	14.91	--	10	14910	卖盘
10:30:33	14.91	--	73	108843	买盘
10:30:27	14.91	--	6	8946	买盘
10:30:21	14.91	0.01	10	14910	买盘
10:30:12	14.9	0.01	1	1490	中性盘
10:30:09	14.89	--	5	7445	卖盘
10:30:06	14.89	-0.01	20	29780	卖盘
10:30:03	14.9	0.01	432	643680	买盘
10:29:51	14.89	-0.01	3	4467	卖盘
10:29:48	14.9	0.01	1	1490	买盘
10:29:45	14.89	-0.01	180	268020	卖盘
10:29:42	14.9	0.01	5	7450	买盘
10:29:39	14.89	--	71	105719	卖盘
10:29:27	14.89	--	8	11912	卖盘
10:29:24	14.89	--	5	7445	买盘
10:29:21	14.89	--	41	61049	买盘
10:29:12	14.89	0.01	7	10423	买盘
10:29:09	14.88	-0.01	35	52080	卖盘
10:29:06	14.89	0.01	10	14890	买盘
10:29:00	14.88	--	17	25296	卖盘
10:28:54	14.88	-0.01	7	10416	卖盘
10:28:48	14.89	--	10	14890	买盘
10:28:42	14.89	--	50	74450	买盘
10:28:39	14.89	--	9	13401	卖盘
10:28:33	14.89	--	40	59560	卖盘
10:28:30	14.89	-0.01	16	23824	卖盘
10:28:21	14.9	--	179	266710	卖盘
10:28:18	14.9	--	36	53640	卖盘
10:28:12	14.9	-0.01	17	25330	卖盘
10:28:09	14.91	--	108	161028	买盘
10:28:03	14.91	--	4	5964	买盘
10:27:57	14.91	--	80	119280	卖盘
10:27:54	14.91	--	17	25347	卖盘
10:27:48	14.91	--	10	14910	卖盘
10:27:42	14.91	-0.01	11	16401	卖盘
10:27:39	14.92	--	11	16412	买盘
10:27:36	14.92	--	138	205896	买盘
10:27:21	14.92	--	36	53712	买盘
10:27:18	14.92	0.01	16	23872	买盘
10:27:15	14.91	-0.01	10	14910	中性盘
10:27:12	14.92	--	27	40284	买盘
10:27:09	14.92	0.01	15	22380	买盘
10:27:06	14.91	--	2	2982	卖盘
10:26:57	14.91	--	44	65604	卖盘
10:26:54	14.91	-0.01	4	5964	卖盘
10:26:48	14.92	0.01	50	74600	买盘
10:26:42	14.91	--	29	43239	买盘
10:26:39	14.91	-0.01	45	67095	中性盘
10:26:36	14.92	--	131	195452	买盘
10:26:33	14.92	0.01	19	28348	买盘
10:26:27	14.91	-0.01	248	369768	卖盘
10:26:24	14.92	0.02	225	335700	买盘
10:26:18	14.9	-0.01	30	44700	卖盘
10:26:15	14.91	--	20	29820	买盘
10:26:09	14.91	0.01	10	14910	买盘
10:26:06	14.9	-0.01	4	5960	卖盘
10:26:03	14.91	-0.02	296	441336	卖盘
10:25:57	14.93	0.01	40	59720	买盘
10:25:54	14.92	--	32	47744	卖盘
10:25:48	14.92	0.01	17	25364	买盘
10:25:45	14.91	--	100	149100	卖盘
10:25:42	14.91	-0.01	618	921438	卖盘
10:25:39	14.92	--	69	102948	买盘
10:25:36	14.92	--	200	298400	买盘
10:25:30	14.92	--	50	74600	买盘
10:25:27	14.92	--	2	2984	买盘
10:25:24	14.92	--	7	10444	买盘
10:25:18	14.92	--	116	173072	买盘
10:25:15	14.92	0.01	5	7460	买盘
10:25:12	14.91	-0.01	6	8946	卖盘
10:25:06	14.92	--	5	7460	买盘
10:25:03	14.92	0.01	4	5968	买盘
10:25:00	14.91	-0.01	4	5964	卖盘
10:24:54	14.92	0.01	14	20888	买盘
10:24:48	14.91	--	14	20874	买盘
10:24:45	14.91	--	1	1491	买盘
10:24:42	14.91	--	30	44730	买盘
10:24:39	14.91	--	13	19383	买盘
10:24:36	14.91	--	6	8946	买盘
10:24:27	14.91	--	3	4473	买盘
10:24:24	14.91	--	134	199794	卖盘
10:24:21	14.91	--	23	34293	卖盘
10:24:18	14.91	-0.01	116	172956	卖盘
10:24:06	14.92	--	5	7460	买盘
10:24:03	14.92	0.01	3	4476	买盘
10:23:57	14.91	-0.01	6	8946	卖盘
10:23:54	14.92	0.02	68	101456	买盘
10:23:51	14.9	-0.01	40	59600	卖盘
10:23:48	14.91	--	38	56658	买盘
10:23:45	14.91	--	7	10437	买盘
10:23:42	14.91	--	22	32802	买盘
10:23:39	14.91	--	4	5964	买盘
10:23:36	14.91	--	2	2982	买盘
10:23:33	14.91	--	20	29820	买盘
10:23:30	14.91	--	7	10437	买盘
10:23:27	14.91	-0.01	10	14910	中性盘
10:23:24	14.92	--	7	10444	买盘
10:23:21	14.92	0.01	91	135772	买盘
10:23:18	14.91	-0.01	5	7455	卖盘
10:23:15	14.92	--	29	43268	买盘
10:23:12	14.92	0.01	2	2984	买盘
10:23:09	14.91	--	15	22365	卖盘
10:23:06	14.91	--	8	11928	卖盘
10:23:03	14.91	--	1	1491	卖盘
10:22:57	14.91	--	23	34293	买盘
10:22:54	14.91	-0.01	23	34293	买盘
10:22:51	14.92	0.01	59	88028	买盘
10:22:48	14.91	--	20	29820	买盘
10:22:42	14.91	--	24	35784	买盘
10:22:39	14.91	--	2	2982	买盘
10:22:36	14.91	0.01	5	7455	买盘
10:22:33	14.9	-0.01	3	4470	卖盘
10:22:30	14.91	0.01	3	4473	买盘
10:22:24	14.9	--	19	28310	卖盘
10:22:18	14.9	-0.01	29	43210	卖盘
10:22:15	14.91	--	28	41748	买盘
10:22:12	14.91	-0.01	11	16401	中性盘
10:22:03	14.92	0.02	10	14920	买盘
10:22:00	14.9	--	4	5960	买盘
10:21:57	14.9	--	2	2980	买盘
10:21:54	14.9	-0.01	36	53640	卖盘
10:21:51	14.91	-0.01	3	4473	卖盘
10:21:48	14.92	0.01	92	137264	买盘
10:21:39	14.91	0.01	128	190848	买盘
10:21:36	14.9	-0.01	55	81950	中性盘
10:21:30	14.91	0.01	5	7455	买盘
10:21:27	14.9	--	2	2980	卖盘
10:21:24	14.9	-0.01	12	17880	买盘
10:21:21	14.91	0.01	16	23856	买盘
10:21:03	14.9	0.02	258	384420	买盘
10:21:00	14.88	--	52	77376	卖盘
10:20:54	14.88	-0.02	17	25296	卖盘
10:20:51	14.9	0.01	18	26820	买盘
10:20:48	14.89	--	2	2978	买盘
10:20:45	14.89	-0.01	7	10423	卖盘
10:20:42	14.9	0.02	51	75990	买盘
10:20:39	14.88	--	4	5952	卖盘
10:20:36	14.88	--	14	20832	卖盘
10:20:33	14.88	-0.01	155	230640	卖盘
10:20:30	14.89	--	50	74450	买盘
10:20:27	14.89	0.01	10	14890	买盘
10:20:24	14.88	-0.01	73	108624	卖盘
10:20:21	14.89	--	6	8934	买盘
10:20:18	14.89	--	75	111675	买盘
10:20:12	14.89	--	11	16379	买盘
10:20:09	14.89	0.01	2	2978	买盘
10:20:06	14.88	-0.01	9	13392	卖盘
10:20:00	14.89	--	2	2978	买盘
10:19:57	14.89	-0.01	1	1489	买盘
10:19:54	14.9	0.01	61	90890	买盘
10:19:51	14.89	-0.01	55	81895	卖盘
10:19:42	14.9	--	21	31290	买盘
10:19:36	14.9	--	4	5960	买盘
10:19:33	14.9	--	1	1490	买盘
10:19:27	14.9	--	79	117710	卖盘
10:19:24	14.9	--	2	2980	卖盘
10:19:15	14.9	--	122	181780	卖盘
10:19:09	14.9	--	21	31290	卖盘
10:19:06	14.9	--	57	84930	卖盘
10:19:00	14.9	0.01	70	104300	买盘
10:18:57	14.89	-0.01	10	14890	卖盘
10:18:54	14.9	--	13	19370	卖盘
10:18:51	14.9	--	65	96850	买盘
10:18:48	14.9	--	27	40230	买盘
10:18:45	14.9	--	3	4470	买盘
10:18:42	14.9	--	37	55130	卖盘
10:18:39	14.9	--	21	31290	卖盘
10:18:36	14.9	--	12	17880	卖盘
10:18:33	14.9	-0.01	11	16390	卖盘
10:18:30	14.91	--	1	1491	买盘
10:18:21	14.91	0.01	131	195321	买盘
10:18:18	14.9	-0.01	12	17880	卖盘
10:18:15	14.91	--	11	16401	买盘
10:18:12	14.91	--	48	71568	买盘
10:18:09	14.91	--	2	2982	买盘
10:18:06	14.91	0.01	61	90951	买盘
10:18:03	14.9	--	15	22350	卖盘
10:18:00	14.9	-0.02	7	10430	卖盘
10:17:57	14.92	--	3	4476	买盘
10:17:54	14.92	--	35	52220	买盘
10:17:51	14.92	--	6	8952	买盘
10:17:45	14.92	0.02	4	5968	买盘
10:17:42	14.9	--	2	2980	卖盘
10:17:36	14.9	-0.03	149	222010	卖盘
10:17:33	14.93	0.01	1	1493	买盘
10:17:30	14.92	--	30	44760	卖盘
10:17:27	14.92	0.02	195	290940	买盘
10:17:24	14.9	-0.02	1	1490	卖盘
10:17:21	14.92	0.02	27	40284	买盘
10:17:18	14.9	--	86	128140	买盘
10:17:15	14.9	--	30	44700	买盘
10:17:12	14.9	--	79	117710	卖盘
10:17:06	14.9	-0.03	37	55130	卖盘
10:17:03	14.93	0.01	100	149300	买盘
10:17:00	14.92	0.02	80	119360	买盘
10:16:57	14.9	--	22	32780	卖盘
10:16:54	14.9	-0.02	8	11920	中性盘
10:16:51	14.92	0.03	324	483408	买盘
10:16:48	14.89	-0.01	15	22335	卖盘
10:16:45	14.9	--	61	90890	买盘
10:16:42	14.9	--	14	20860	买盘
10:16:39	14.9	0.01	53	78970	买盘
10:16:36	14.89	0.01	5	7445	中性盘
10:16:30	14.88	-0.01	82	122417	卖盘
10:16:27	14.89	--	11	16379	买盘
10:16:24	14.89	--	40	59560	买盘
10:16:21	14.89	--	41	61049	买盘
10:16:18	14.89	0.01	19	28291	买盘
10:16:15	14.88	-0.01	12	17856	卖盘
10:16:12	14.89	--	6	8934	买盘
10:16:09	14.89	--	4	5956	买盘
10:16:06	14.89	0.02	115	171235	买盘
10:16:03	14.87	0.01	15	22305	买盘
10:16:00	14.86	-0.01	15	22290	卖盘
10:15:57	14.87	--	64	95168	买盘
10:15:54	14.87	--	8	11896	买盘
10:15:51	14.87	--	14	20818	买盘
10:15:48	14.87	0.01	2	2974	买盘
10:15:45	14.86	--	10	14860	买盘
10:15:42	14.86	--	10	14860	买盘
10:15:39	14.86	--	11	16346	买盘
10:15:36	14.86	--	169	251134	卖盘
10:15:24	14.86	--	10	14860	卖盘
10:15:18	14.86	--	11	16346	卖盘
10:15:15	14.86	-0.01	1	1486	卖盘
10:15:12	14.87	--	16	23792	买盘
10:15:06	14.87	0.01	56	83272	买盘
10:15:00	14.86	-0.01	5	7430	卖盘
10:14:51	14.87	-0.01	19	28253	卖盘
10:14:45	14.88	--	4	5952	买盘
10:14:42	14.88	--	6	8928	买盘
10:14:39	14.88	--	40	59520	买盘
10:14:36	14.88	--	3	4464	买盘
10:14:33	14.88	-0.01	44	65472	卖盘
10:14:30	14.89	--	10	14890	买盘
10:14:24	14.89	--	26	38714	买盘
10:14:18	14.89	--	1	1489	买盘
10:14:15	14.89	--	16	23824	买盘
10:14:12	14.89	--	84	125076	卖盘
10:14:09	14.89	-0.01	11	16379	卖盘
10:14:06	14.9	--	16	23840	买盘
10:14:03	14.9	0.01	43	64070	买盘
10:14:00	14.89	-0.01	11	16379	卖盘
10:13:57	14.9	--	27	40230	买盘
10:13:54	14.9	--	41	61090	买盘
10:13:51	14.9	--	1	1490	买盘
10:13:48	14.9	--	11	16390	买盘
10:13:42	14.9	-0.01	26	38740	买盘
10:13:39	14.91	0.01	25	37275	买盘
10:13:33	14.9	--	23	34270	卖盘
10:13:27	14.9	--	18	26820	买盘
10:13:24	14.9	--	33	49170	买盘
10:13:21	14.9	--	22	32780	买盘
10:13:18	14.9	-0.02	17	25330	买盘
10:13:15	14.92	0.03	28	41776	买盘
10:13:09	14.89	-0.03	55	81895	卖盘
10:13:00	14.92	0.03	45	67140	买盘
10:12:54	14.89	-0.01	52	77428	卖盘
10:12:51	14.9	--	39	58110	卖盘
10:12:48	14.9	0.01	239	356110	买盘
10:12:45	14.89	0.01	40	59560	买盘
10:12:42	14.88	-0.02	69	102672	卖盘
10:12:39	14.9	0.02	42	62580	买盘
10:12:36	14.88	-0.01	104	154752	卖盘
10:12:33	14.89	0.01	153	227817	买盘
10:12:30	14.88	--	32	47616	买盘
10:12:27	14.88	-0.01	22	32736	买盘
10:12:24	14.89	--	11	16379	买盘
10:12:21	14.89	--	10	14890	买盘
10:12:18	14.89	--	76	113164	买盘
10:12:15	14.89	--	72	107208	买盘
10:12:12	14.89	-0.02	10	14890	买盘
10:12:09	14.91	--	9	13419	买盘
10:12:06	14.91	0.01	23	34293	买盘
10:12:03	14.9	--	9	13410	买盘
10:12:00	14.9	0.05	299	446985	买盘
10:11:54	14.85	--	44	65340	买盘
10:11:51	14.85	0.02	8	11880	买盘
10:11:45	14.83	-0.02	10	14830	卖盘
10:11:42	14.85	--	8	11880	买盘
10:11:39	14.85	--	13	19305	买盘
10:11:33	14.85	--	4	5940	买盘
10:11:30	14.85	0.02	24	35640	买盘
10:11:27	14.83	--	27	40041	买盘
10:11:21	14.83	--	1	1483	买盘
10:11:18	14.83	0.01	5	7415	买盘
10:11:15	14.82	--	11	16302	买盘
10:11:12	14.82	--	6	8892	买盘
10:11:09	14.82	-0.01	8	11856	中性盘
10:11:06	14.83	0.01	28	41524	买盘
10:11:03	14.82	--	2	2964	买盘
10:11:00	14.82	0.02	2	2964	买盘
10:10:57	14.8	--	50	74000	买盘
10:10:54	14.8	-0.02	14	20720	卖盘
10:10:51	14.82	0.02	20	29640	买盘
10:10:48	14.8	--	16	23680	卖盘
10:10:45	14.8	0.01	4	5920	买盘
10:10:42	14.79	-0.01	8	11832	卖盘
10:10:36	14.8	--	42	62160	买盘
10:10:33	14.8	0.01	33	48840	买盘
10:10:30	14.79	--	3	4437	卖盘
10:10:27	14.79	--	60	88740	买盘
10:10:21	14.79	0.03	10	14790	买盘
10:10:18	14.76	-0.03	4	5904	卖盘
10:10:09	14.79	--	3	4437	买盘
10:09:48	14.79	0.01	41	60639	买盘
10:09:45	14.78	--	18	27682	卖盘
10:09:42	14.78	-0.01	17	25126	卖盘
10:09:36	14.79	0.01	1	1479	买盘
10:09:30	14.78	0.03	27	40305	买盘
10:09:24	14.75	-0.03	5	7375	卖盘
10:09:21	14.78	0.03	43	63554	买盘
10:09:12	14.75	-0.03	30	44250	卖盘
10:09:09	14.78	--	10	14780	买盘
10:09:06	14.78	0.03	51	75378	买盘
10:09:00	14.75	--	1	1475	卖盘
10:08:48	14.75	--	24	35400	买盘
10:08:45	14.75	--	8	11800	买盘
10:08:42	14.75	--	13	19175	买盘
10:08:39	14.75	--	5	7375	买盘
10:08:36	14.75	--	10	14750	买盘
10:08:33	14.75	0.01	32	47200	买盘
10:08:27	14.74	--	10	14740	卖盘
10:08:24	14.74	--	16	23584	卖盘
10:08:21	14.74	--	2	2948	卖盘
10:08:18	14.74	-0.01	60	88440	卖盘
10:08:15	14.75	--	14	20650	买盘
10:08:12	14.75	--	1	1475	买盘
10:08:09	14.75	--	7	10325	买盘
10:08:06	14.75	0.02	3	4425	买盘
10:08:03	14.73	--	86	126678	卖盘
10:07:57	14.73	-0.01	6	8838	卖盘
10:07:54	14.74	0.01	11	16214	买盘
10:07:51	14.73	-0.01	1	1473	卖盘
10:07:48	14.74	--	7	10318	买盘
10:07:42	14.74	--	12	17688	买盘
10:07:36	14.74	--	5	7370	买盘
10:07:33	14.74	0.01	7	10318	买盘
10:07:30	14.73	-0.01	24	35352	卖盘
10:07:27	14.74	--	4	5896	买盘
10:07:24	14.74	--	61	89914	买盘
10:07:21	14.74	--	22	32428	买盘
10:07:18	14.74	--	12	17688	买盘
10:07:15	14.74	--	30	44220	买盘
10:07:12	14.74	0.01	29	42746	买盘
10:07:09	14.73	--	12	17676	卖盘
10:07:06	14.73	-0.01	33	48609	卖盘
10:07:03	14.74	0.01	10	14740	买盘
10:07:00	14.73	--	21	32111	买盘
10:06:57	14.73	--	48	70704	买盘
10:06:54	14.73	--	14	20622	买盘
10:06:51	14.73	--	7	10311	买盘
10:06:48	14.73	--	50	73650	买盘
10:06:45	14.73	0.01	10	14730	买盘
10:06:42	14.72	--	32	47104	卖盘
10:06:39	14.72	--	3	4416	卖盘
10:06:36	14.72	--	87	128064	卖盘
10:06:33	14.72	--	485	713920	买盘
10:06:30	14.72	--	2	2944	买盘
10:06:27	14.72	--	19	27968	买盘
10:06:21	14.72	--	10	14720	买盘
10:06:18	14.72	0.01	43	63296	买盘
10:06:15	14.71	--	31	45601	卖盘
10:06:12	14.71	-0.01	14	20594	卖盘
10:06:06	14.72	--	22	32384	买盘
10:06:03	14.72	--	217	319424	卖盘
10:06:00	14.72	--	32	47104	卖盘
10:05:54	14.72	--	11	16192	卖盘
10:05:51	14.72	--	22	32384	卖盘
10:05:48	14.72	0.01	79	116288	买盘
10:05:45	14.71	--	36	52956	卖盘
10:05:42	14.71	-0.01	34	50014	卖盘
10:05:39	14.72	--	21	30912	买盘
10:05:36	14.72	--	11	16192	买盘
10:05:33	14.72	--	10	14720	买盘
10:05:30	14.72	--	58	85376	卖盘
10:05:27	14.72	--	47	69184	卖盘
10:05:24	14.72	--	19	27968	卖盘
10:05:21	14.72	--	4	5888	卖盘
10:05:18	14.72	-0.01	6	8832	卖盘
10:05:06	14.73	0.02	16	23568	买盘
10:05:03	14.71	-0.01	5	7355	卖盘
10:05:00	14.72	--	11	16192	卖盘
10:04:54	14.72	-0.01	39	57408	卖盘
10:04:51	14.73	0.01	32	47136	买盘
10:04:48	14.72	--	5	7360	买盘
10:04:45	14.72	--	39	57408	卖盘
10:04:42	14.72	--	49	72128	卖盘
10:04:39	14.72	-0.01	4	5888	卖盘
10:04:36	14.73	0.01	60	88380	买盘
10:04:33	14.72	--	300	441600	卖盘
10:04:27	14.72	-0.01	12	17664	卖盘
10:04:21	14.73	--	20	29460	买盘
10:04:18	14.73	--	3	4419	买盘
10:04:12	14.73	--	21	30933	卖盘
10:04:06	14.73	-0.01	89	131097	卖盘
10:04:03	14.74	--	11	16214	买盘
10:03:57	14.74	0.01	58	85492	买盘
10:03:54	14.73	--	10	14730	卖盘
10:03:51	14.73	--	22	32406	卖盘
10:03:48	14.73	-0.01	7	10311	卖盘
10:03:36	14.74	--	55	81070	卖盘
10:03:33	14.74	--	63	92862	卖盘
10:03:30	14.74	--	10	14740	卖盘
10:03:27	14.74	-0.01	27	39798	卖盘
10:03:24	14.75	0.01	10	14750	买盘
10:03:21	14.74	-0.01	20	29480	卖盘
10:03:18	14.75	0.01	42	61950	买盘
10:03:15	14.74	--	8	11792	卖盘
10:03:09	14.74	0.01	2	2948	卖盘
10:03:06	14.73	--	178	262194	买盘
10:03:03	14.73	-0.02	343	505239	卖盘
10:03:00	14.75	0.01	26	38350	中性盘
10:02:57	14.74	-0.01	22	32428	卖盘
10:02:54	14.75	0.01	6	8850	卖盘
10:02:51	14.74	-0.03	10	14740	卖盘
10:02:48	14.77	0.03	163	240751	买盘
10:02:42	14.74	--	311	458414	卖盘
10:02:39	14.74	-0.01	20	29480	卖盘
10:02:36	14.75	--	2	2950	买盘
10:02:33	14.75	--	36	53100	卖盘
10:02:30	14.75	--	21	30975	买盘
10:02:27	14.75	0.01	14	20650	中性盘
10:02:21	14.74	-0.02	218	321332	卖盘
10:02:12	14.76	--	60	88560	买盘
10:02:09	14.76	--	50	73800	卖盘
10:02:06	14.76	0.01	1	1476	卖盘
10:02:03	14.75	--	32	47200	卖盘
10:02:00	14.75	--	3	4425	卖盘
10:01:57	14.75	-0.01	40	59000	卖盘
10:01:54	14.76	0.01	8	11808	卖盘
10:01:45	14.75	--	120	177000	卖盘
10:01:36	14.75	-0.02	1	1475	卖盘
10:01:33	14.77	0.02	43	63511	买盘
10:01:30	14.75	-0.01	139	205025	卖盘
10:01:27	14.76	--	32	47232	买盘
10:01:24	14.76	--	29	42804	卖盘
10:01:21	14.76	-0.01	201	296676	卖盘
10:01:18	14.77	--	60	88620	买盘
10:01:15	14.77	--	2	2954	买盘
10:01:03	14.77	--	9	13293	买盘
10:01:00	14.77	--	34	50218	卖盘
10:00:57	14.77	-0.01	4	5908	卖盘
10:00:54	14.78	0.01	15	22170	买盘
10:00:48	14.77	--	3	4431	买盘
10:00:42	14.77	--	3	4431	买盘
10:00:39	14.77	-0.01	101	149177	卖盘
10:00:21	14.78	0.01	5	7390	买盘
10:00:18	14.77	-0.01	19	28063	卖盘
10:00:15	14.78	--	27	40984	卖盘
10:00:12	14.78	--	3	4434	卖盘
10:00:06	14.78	--	15	22170	卖盘
10:00:00	14.78	--	2	3355	卖盘
09:59:57	14.78	--	47	69466	买盘
09:59:54	14.78	--	9	13302	买盘
09:59:51	14.78	--	25	36950	买盘
09:59:48	14.78	--	2	2956	买盘
09:59:45	14.78	--	94	138932	买盘
09:59:42	14.78	--	5	7390	买盘
09:59:39	14.78	--	2	2956	买盘
09:59:33	14.78	--	95	140410	卖盘
09:59:30	14.78	--	10	14780	卖盘
09:59:24	14.78	--	7	10346	卖盘
09:59:21	14.78	--	11	16258	卖盘
09:59:18	14.78	-0.01	9	13302	卖盘
09:59:15	14.79	--	24	35496	买盘
09:59:09	14.79	--	101	149379	买盘
09:59:03	14.79	--	1	1479	买盘
09:59:00	14.79	--	3	4437	买盘
09:58:57	14.79	-0.01	22	33617	卖盘
09:58:54	14.8	--	28	41839	买盘
09:58:45	14.8	--	5	7400	买盘
09:58:39	14.8	-0.01	19	29200	卖盘
09:58:36	14.81	0.01	2	2962	买盘
09:58:33	14.8	--	25	37000	卖盘
09:58:30	14.8	-0.01	2	2960	卖盘
09:58:27	14.81	0.01	1	1481	买盘
09:58:24	14.8	--	2	2960	卖盘
09:58:18	14.8	--	3	4440	卖盘
09:58:15	14.8	--	77	113960	卖盘
09:58:12	14.8	0.02	38	56639	买盘
09:58:09	14.78	-0.02	78	115284	卖盘
09:58:06	14.8	--	3	4440	买盘
09:58:03	14.8	0.01	3	4440	买盘
09:57:54	14.79	0.01	24	35496	买盘
09:57:51	14.78	--	5	7390	卖盘
09:57:48	14.78	--	2	2956	卖盘
09:57:45	14.78	-0.01	5	7390	卖盘
09:57:36	14.79	0.01	47	69513	买盘
09:57:33	14.78	0.01	3	4434	买盘
09:57:30	14.77	-0.01	46	67942	卖盘
09:57:27	14.78	--	1	1478	买盘
09:57:21	14.78	--	14	20692	买盘
09:57:18	14.78	0.01	14	20692	买盘
09:57:09	14.77	-0.01	3	4431	卖盘
09:57:06	14.78	--	3	4434	买盘
09:57:03	14.78	--	4	5912	买盘
09:57:00	14.78	--	4	5912	买盘
09:56:51	14.78	--	42	62076	卖盘
09:56:48	14.78	--	12	17736	卖盘
09:56:42	14.78	-0.01	2	2956	卖盘
09:56:39	14.79	--	4	5916	买盘
09:56:36	14.79	--	20	29580	买盘
09:56:33	14.79	0.02	12	17748	买盘
09:56:30	14.77	-0.01	77	113729	卖盘
09:56:27	14.78	-0.01	53	78334	卖盘
09:56:24	14.79	--	10	14790	买盘
09:56:18	14.79	-0.01	15	22185	卖盘
09:56:15	14.8	--	3	4440	买盘
09:56:12	14.8	--	3	4440	买盘
09:56:06	14.8	-0.02	71	106160	卖盘
09:55:54	14.82	0.01	3	4446	买盘
09:55:51	14.81	0.01	9	13329	买盘
09:55:45	14.8	-0.01	2	2960	卖盘
09:55:42	14.81	--	12	17772	买盘
09:55:39	14.81	--	3	4443	买盘
09:55:33	14.81	0.01	1	1481	买盘
09:55:30	14.8	--	12	17760	卖盘
09:55:27	14.8	0.02	40	59599	买盘
09:55:24	14.78	-0.02	40	59120	卖盘
09:55:21	14.8	--	1	1480	买盘
09:55:18	14.8	--	9	13320	买盘
09:55:09	14.8	0.02	11	16280	买盘
09:55:06	14.78	-0.02	23	33994	卖盘
09:55:00	14.8	0.02	156	230880	买盘
09:54:57	14.78	-0.02	11	16258	卖盘
09:54:51	14.8	--	20	29600	买盘
09:54:39	14.8	0.03	4	5920	买盘
09:54:33	14.77	--	70	103390	买盘
09:54:21	14.77	0.01	9	13293	卖盘
09:54:15	14.76	--	26	38376	买盘
09:54:12	14.76	--	37	54612	买盘
09:54:09	14.76	-0.01	200	295200	卖盘
09:54:06	14.77	--	52	76804	买盘
09:54:03	14.77	0.01	32	47264	买盘
09:54:00	14.76	-0.01	20	29520	卖盘
09:53:57	14.77	--	9	13293	买盘
09:53:54	14.77	--	5	7385	买盘
09:53:51	14.77	--	6	8862	买盘
09:53:48	14.77	--	75	110775	卖盘
09:53:45	14.77	--	9	13293	卖盘
09:53:36	14.77	--	9	13293	卖盘
09:53:30	14.77	--	10	14770	卖盘
09:53:27	14.77	--	50	73850	卖盘
09:53:21	14.77	--	1	1477	卖盘
09:53:15	14.77	--	260	384020	买盘
09:53:12	14.77	0.01	10	14770	买盘
09:53:09	14.76	--	20	29520	卖盘
09:53:06	14.76	--	4	5904	卖盘
09:53:03	14.76	--	42	61992	卖盘
09:53:00	14.76	--	25	36900	卖盘
09:52:51	14.76	--	10	14760	卖盘
09:52:48	14.76	0.01	11	16236	买盘
09:52:45	14.75	-0.01	14	20650	卖盘
09:52:42	14.76	--	2	2952	买盘
09:52:39	14.76	--	2	2952	买盘
09:52:36	14.76	--	3	4428	买盘
09:52:33	14.76	0.01	6	8856	买盘
09:52:30	14.75	--	52	76700	买盘
09:52:27	14.75	-0.01	164	241900	卖盘
09:52:24	14.76	--	13	19188	买盘
09:52:21	14.76	--	12	17712	买盘
09:52:18	14.76	0.01	29	42804	买盘
09:52:15	14.75	--	1	1475	买盘
09:52:12	14.75	--	174	256650	卖盘
09:52:09	14.75	--	154	227150	卖盘
09:52:06	14.75	--	11	16225	卖盘
09:52:03	14.75	--	43	63425	卖盘
09:52:00	14.75	--	98	144550	买盘
09:51:57	14.75	--	30	44250	买盘
09:51:54	14.75	--	50	73750	买盘
09:51:51	14.75	--	9	13275	买盘
09:51:45	14.75	0.01	45	66375	买盘
09:51:42	14.74	--	18	26532	卖盘
09:51:39	14.74	--	29	42746	卖盘
09:51:36	14.74	-0.01	41	60434	卖盘
09:51:33	14.75	--	12	17700	买盘
09:51:30	14.75	--	22	32450	买盘
09:51:27	14.75	--	13	19175	买盘
09:51:24	14.75	--	15	22125	买盘
09:51:21	14.75	--	40	59000	卖盘
09:51:18	14.75	-0.01	15	22125	卖盘
09:51:15	14.76	0.01	10	14760	买盘
09:51:12	14.75	--	5	7375	买盘
09:51:09	14.75	--	79	116525	卖盘
09:51:06	14.75	--	13	19175	卖盘
09:51:03	14.75	--	112	165200	卖盘
09:51:00	14.75	-0.01	53	78175	卖盘
09:50:57	14.76	--	25	36900	买盘
09:50:54	14.76	-0.01	16	23616	卖盘
09:50:51	14.77	--	137	202349	买盘
09:50:48	14.77	--	67	98959	买盘
09:50:45	14.77	--	145	214165	卖盘
09:50:42	14.77	--	30	44310	卖盘
09:50:39	14.77	-0.01	14	20678	卖盘
09:50:36	14.78	--	8	11824	买盘
09:50:33	14.78	--	122	180316	卖盘
09:50:30	14.78	-0.01	56	82768	卖盘
09:50:27	14.79	--	36	53244	买盘
09:50:24	14.79	--	181	268408	卖盘
09:50:21	14.79	-0.01	52	76908	卖盘
09:50:18	14.8	0.01	14	20720	买盘
09:50:15	14.79	--	7	10353	卖盘
